code,internal_code,name,manufacturer_name,manufacture_country,manufacturer_item_description,unit_qty,quantity,unit_of_measure,weighted,qty_in_package,price,unit_of_measure_price,allow_discount,status,item_id
161,true,קישוא עגול,,,קישוא עגול,קילוגרמים,1.00,"ק""ג",true,,12.90,12.9000,true,1,50675
163,true,פטריות שמפיניון תפזו,,,פטריות שמפיניון תפזו,קילוגרמים,1.00,"ק""ג",true,,39.90,39.9000,true,1,50676
301,true,בקבוק ריק חוזר בירה,,,בקבוק ריק חוזר בירה,יחידה,0.00,יחידה,false,,1.20,0.0000,true,1,6851
374,true,פטריות שמפניון,,,פטריות שמפניון,יח',1.00,יח',false,,8.90,8.9000,true,1,50679
791,true,בונז'ור לחמניה המבור,,,בונז'ור לחמניה המבור,יח',1.00,יח',false,,2.20,2.2000,true,1,33949
998,true,חלה מתוקה קלועה,,,חלה מתוקה קלועה,יח',1.00,יח',false,,11.90,11.9000,true,1,2414
1058,true,חלה רגילה/חלה ציפורי,,,חלה רגילה/חלה ציפורי,גרמים,500.00,100 גרם,false,,5.17,0.0103,true,1,4429
1059,true,חלה מתוקה 500 גרם,,,חלה מתוקה 500 גרם,גרמים,500.00,100 גרם,false,,11.90,0.0238,true,1,4430
1128,true,אגס חום,,,אגס חום,קילוגרמים,1.00,"ק""ג",true,,15.90,15.9000,true,1,50686
1486,true,פומלה אדומה,,,פומלה אדומה,קילוגרמים,1.00,"ק""ג",true,,8.90,8.9000,true,1,50694
1494,true,תפו`א לבן תפזורת,,,תפו`א לבן תפזורת,קילוגרמים,1.00,"ק""ג",true,,5.90,5.9000,true,1,50700
1495,true,תפו`א אדום תפזורת,,,תפו`א אדום תפזורת,קילוגרמים,1.00,"ק""ג",true,,5.90,5.9000,true,1,50701
1500,true,פלפל כתום,,,פלפל כתום,קילוגרמים,1.00,"ק""ג",true,,9.90,9.9000,true,1,50704
1501,true,עגבניות,,,עגבניות,קילוגרמים,1.00,"ק""ג",true,,6.90,6.9000,true,1,50705
1502,true,מלפפונים,,,מלפפונים,קילוגרמים,1.00,"ק""ג",true,,6.90,6.9000,true,1,50706
1503,true,גזר ארוז,,,גזר ארוז,קילוגרמים,1.00,"ק""ג",true,,4.90,4.9000,true,1,50707
1504,true,סלק,,,סלק,קילוגרמים,1.00,"ק""ג",true,,6.90,6.9000,true,1,50708
1505,true,כרוב לבן,,,כרוב לבן,קילוגרמים,1.00,"ק""ג",true,,4.90,4.9000,true,1,50709
1506,true,כרוב אדום,,,כרוב אדום,קילוגרמים,1.00,"ק""ג",true,,6.90,6.9000,true,1,50710
1510,true,קישואים,,,קישואים,קילוגרמים,1.00,"ק""ג",true,,7.90,7.9000,true,1,50712
1511,true,חצילים,,,חצילים,קילוגרמים,1.00,"ק""ג",true,,7.90,7.9000,true,1,50713
1513,true,פלפל ירוק,,,פלפל ירוק,קילוגרמים,1.00,"ק""ג",true,,9.90,9.9000,true,1,50714
1515,true,פלפל חריף,,,פלפל חריף,קילוגרמים,1.00,"ק""ג",true,,9.90,9.9000,true,1,50716
1516,true,פלפל אדום,,,פלפל אדום,קילוגרמים,1.00,"ק""ג",true,,9.90,9.9000,true,1,50717
1519,true,בצל יבש,,,בצל יבש,קילוגרמים,1.00,"ק""ג",true,,4.90,4.9000,true,1,50720
1521,true,קולורבי,,,קולורבי,קילוגרמים,1.00,"ק""ג",true,,9.90,9.9000,true,1,50721
1535,true,תפו`א אדום ארוז,,,תפו`א אדום ארוז,קילוגרמים,1.00,"ק""ג",true,,4.90,4.9000,true,1,50728
1540,true,חזרת,,,חזרת,קילוגרמים,1.00,"ק""ג",false,,39.90,39.9000,true,1,50731
1545,true,שום ארוז ייבוא יח',,,שום ארוז ייבוא יח',יח',1.00,יח',false,,5.90,5.9000,true,1,50736
1547,true,שומר,,,שומר,קילוגרמים,1.00,"ק""ג",true,,6.90,6.9000,true,1,50738
1550,true,תפו`א לבן ארוז,,,תפו`א לבן ארוז,קילוגרמים,1.00,"ק""ג",true,,4.90,4.9000,true,1,50739
1551,true,לימון,,,לימון,קילוגרמים,1.00,"ק""ג",true,,8.90,8.9000,true,1,50740
1552,true,תפוז,,,תפוז,קילוגרמים,1.00,"ק""ג",true,,6.90,6.9000,true,1,50741
1556,true,בננה מובחרת,,,בננה מובחרת,קילוגרמים,1.00,"ק""ג",true,,6.90,6.9000,true,1,50745
1558,true,אשכולית צהובה,,,אשכולית צהובה,קילוגרמים,1.00,"ק""ג",true,,7.90,7.9000,true,1,50747
1560,true,דלעת ארוזה,,,דלעת ארוזה,קילוגרמים,1.00,"ק""ג",true,,9.90,9.9000,true,1,50749
1561,true,תפוח עץ זהוב,,,תפוח עץ זהוב,קילוגרמים,1.00,"ק""ג",true,,9.90,9.9000,true,1,50750
1562,true,תפוח עץ יונתן,,,תפוח עץ יונתן,קילוגרמים,1.00,"ק""ג",true,,9.90,9.9000,true,1,50751
1563,true,תפוח עץ חרמון,,,תפוח עץ חרמון,קילוגרמים,1.00,"ק""ג",true,,9.90,9.9000,true,1,50752
1564,true,תפוח עץ סמיט,,,תפוח עץ סמיט,קילוגרמים,1.00,"ק""ג",true,,9.90,9.9000,true,1,50753
1568,true,רימון,,,רימון,קילוגרמים,1.00,"ק""ג",true,,13.90,13.9000,true,1,50756
1570,true,קלמנטינה,,,קלמנטינה,קילוגרמים,1.00,"ק""ג",true,,6.90,6.9000,true,1,50757
1572,true,אבוקדו מובחר,,,אבוקדו מובחר,קילוגרמים,1.00,"ק""ג",true,,14.90,14.9000,true,1,50759
1576,true,אגס,,,אגס,קילוגרמים,1.00,"ק""ג",true,,13.90,13.9000,true,1,50762
1581,true,פלפל צהוב,,,פלפל צהוב,קילוגרמים,1.00,"ק""ג",true,,9.90,9.9000,true,1,50764
1590,true,משורית סרט 1590 ממ,,,פומלה,קילוגרמים,1.00,"ק""ג",true,,7.90,7.9000,true,1,50769
1595,true,חציל בלדי,,,חציל בלדי,קילוגרמים,1.00,"ק""ג",true,,9.90,9.9000,true,1,50773
1602,true,תפוח עץ חרמון ברשת,,,תפוח עץ חרמון ברשת,קילוגרמים,1.00,"ק""ג",true,,5.90,5.9000,true,1,348058
1603,true,אבוקדו ברשת,,,אבוקדו ברשת,קילוגרמים,1.00,"ק""ג",true,,16.90,16.9000,true,1,50775
1610,true,שרי אשכולות לקג,,,שרי אשכולות לקג,קילוגרמים,1.00,"ק""ג",true,,17.90,17.9000,true,1,50781
1611,true,תפוח עץ זהוב ברשת,,,תפוח עץ זהוב ברשת,קילוגרמים,1.00,"ק""ג",true,,5.90,5.9000,true,1,52884
1613,true,דלורית,,,דלורית,קילוגרמים,1.00,"ק""ג",true,,6.90,6.9000,true,1,50783
1615,true,בצל אדום,,,בצל אדום,קילוגרמים,1.00,"ק""ג",true,,6.90,6.9000,true,1,50785
1617,true,אננס,,,אננס,יח',1.00,יח',false,,36.90,36.9000,true,1,50786
1619,true,פומלית,,,פומלית,קילוגרמים,1.00,"ק""ג",true,,7.90,7.9000,true,1,50788
1632,true,קישוא זוקיני ירוק,,,קישוא זוקיני ירוק,קילוגרמים,1.00,"ק""ג",true,,11.90,11.9000,true,1,50791
1635,true,אגס אדום,,,אגס אדום,קילוגרמים,1.00,"ק""ג",true,,15.90,15.9000,true,1,50793
1645,true,תפוח עץ גלה,,,תפוח עץ גלה,קילוגרמים,1.00,"ק""ג",true,,9.90,9.9000,true,1,50797
1683,true,תפוח עץ פינק קריפס,,,תפוח עץ פינק קריפס,קילוגרמים,1.00,"ק""ג",true,,11.90,11.9000,true,1,50809
1708,true,גזר תפזורת,,,גזר תפזורת,קילוגרמים,1.00,"ק""ג",true,,4.90,4.9000,true,1,50820
1854,true,שרי מיניאפלם,,,שרי מיניאפלם,יח',1.00,יח',false,,8.90,8.9000,true,1,46513
5973,true,קופון אונליין סבון מ,,,קופון אונליין סבון מ,יחידה,0.00,יחידה,false,,0.01,0.0000,true,1,171430
7664,true,שרי תמר תפזורת לובלו,,,שרי תמר תפזורת לובלו,קילוגרמים,1.00,"ק""ג",true,,19.90,19.9000,true,1,50871
8888,true,פיקדון זיכוי לקוח,,,פיקדון זיכוי לקוח,יחידה,0.00,יחידה,false,,0.30,0.0000,true,1,34533
9999,true,פיקדון בקבוקים,,,פיקדון בקבוקים,יחידה,0.00,יחידה,false,,0.30,0.0000,true,1,70
72940754,false,"מילקי מעדן וניל עם קצפת שטראוס 133 מ""ל","שטראוס גרופ בע""\מ",,"מילקי וניל 170 מ""ל",מיליליטרים,170.00,"100 מ""ל",false,,2.90,0.0171,true,1,23190
72940761,false,"מילקי מעדן שוקולד עם קצפת שטראוס 133 מ""ל",מיוצר עי קונדיטוריית,,מילקי שוקולד מהדרין,מיליליטרים,170.00,"100 מ""ל",false,,2.90,0.0171,true,1,23191
72940952,false,מעדן מילקי בטעם שוקולד עם אקסטרה קצפת,"שטראוס גרופ בע""\מ",,מילקי אקסטראה קצפת מ,מיליליטרים,110.00,"100 מ""ל",false,,3.50,0.0318,true,1,23192
72940976,false,סלט כרוב אדום אחלה 250 גרם,מיוצר עי קונדיטוריית,,אחלה סלט כרוב אדום,גרמים,250.00,100 גרם,false,,9.50,0.0380,true,1,23193
72940983,false,סלט חומוס 250 גר אחל,מיוצר עי קונדיטוריית,,אחלה חומוס 250ג,גרמים,250.00,100 גרם,false,,6.90,0.0276,true,1,23194
72945308,false,קוביות שמרים לאפיה שמרית 2*25 ג',"פאקא תעשיות בע""\מ",,שמרית קוביות שמרים ל,גרמים,50.00,100 גרם,false,,3.50,0.0700,true,1,23196
72961209,false,"שמנת חמוצה 15% 200מל בד""צ תנובה",תנובה מרכז שיתופי לש,,"שמנת חמוצהבד""צ תנובה",מיליליטרים,200.00,"100 מ""ל",false,,2.40,0.0120,true,1,25670
72961223,false,"גילה 3% תנובה 200 מ""ל",תנובה מרכז שיתופי לש,,"גיל 3% בד""צ 200 מ""ל",מיליליטרים,200.00,"100 מ""ל",false,,1.51,0.0076,true,1,25672
72961506,false,יוגורט עם תות 1.5% שומן 125 ג' פרילי,מיוצר עי קונדיטוריית,,פרילי תות 1.5% 125מל,מיליליטרים,125.00,"100 מ""ל",false,,3.50,0.0280,true,1,25673
72961544,false,"באדי יוגורט בטעם תות שדה 3% תנובה 125 מ""ל",מחלבת אלון תבור,,באדי תות 125מל,מיליליטרים,125.00,"100 מ""ל",false,,2.90,0.0232,true,1,25676
72964132,false,פרילי טבע יוגורט עם גרנולה 200 גרם,מיוצר עי קונדיטוריית,,פרילי טבע עם גרנולה,מיליליטרים,200.00,"100 מ""ל",false,,4.90,0.0245,true,1,25683
72986233,false,באדי מעדן וניל גביע 1.5%שומן 125 גרם בדצ,מחלבת אלון תבור,,באדי וניל בדץ 125מל,מיליליטרים,125.00,"100 מ""ל",false,,2.90,0.0232,true,1,25685
72986240,false,באדי מעדן חלב בטעם שוקולד תנובה 125 גרם,מחלבת אלון תבור,,באדי שוקו בדץ 125מל,מיליליטרים,125.00,"100 מ""ל",false,,2.90,0.0232,true,1,25686
80773429,false,מנטוס בקבוק מעוגל - מסטיק ללא סוכר בטעם תות 60 גרם,"פרפטי ואן מלה ג'\ידה,סאן",,מסטיק מנטוס בקבוק בט,גרמים,60.00,100 גרם,false,,10.90,0.1817,true,1,12536
80773443,false,מנטוס בקבוק מעוגל - מסטיק ללא סוכר בטעם מנטה 60 גרם,"פרפטי ואן מלה ג'\ידה,סאן",,מסטיק מנטוס בקבוק בט,גרמים,60.00,100 גרם,false,,10.90,0.1817,true,1,12537
80780595,false,מסטיק מנטוס ביג בבקבוק מעוגל טעם מנטה-עדינה 90 ג',פרפטי ואן מלה הולנד,,מסטיק מנטוס ביג בבקב,גרמים,90.00,100 גרם,false,,17.90,0.1989,true,1,12539
80790990,false,מסטיק מנטוס בבקבוק מעוגל בטעם פירות -מנטה 60 ג',"פרפטי ואן מלה ג'\ידה,סאן",,מסטיק מנטוס בקבוק בט,גרמים,60.00,100 גרם,false,,10.90,0.1817,true,1,12541
80794233,false,מסטיק מנטוס ביג בבקבוק מעוגל טעם מנטה 90 ג',פרפטי ואן מלה הולנד,,מסטיק מנטוס ביג בבקב,גרמים,90.00,100 גרם,false,,17.90,0.1989,true,1,12543
80828174,false,מנטוס וויט בטעם מנטה מתוקה 40 יח,"פרפטי ואן מלה ג'ידה,סאן",,מסטיק מנטוס ויט טעם,גרמים,60.00,100 גרם,false,,9.90,0.1650,true,1,12552
80862130,false,"מנטוס מסטיק פיור פרש - אבטיח 28 גרם (14 יח') חת""ס",פרפטי ואן מלה ברדה,,מסטיק מנטוס פיור פרש,גרמים,28.00,100 גרם,false,,4.50,0.1607,true,1,122020
80864295,false,סוכריות פיור וויט טעם מנטה עדינה 60 ג' מנטוס,"פרפטי ואן מלה ג'ידה,סאן",,מנטוס פיור וויט ללא,גרמים,60.00,100 גרם,false,,10.90,0.1817,true,1,212074
80896081,false,מנטוס בקבוק מעוגל - מסטיק ללא סוכר בטעם אבטיח 60 גרם,"פרפטי ואן מלה ג'\ידה,סאן",,מסטיק מנטוס בקבוק בט,גרמים,60.00,100 גרם,false,,10.90,0.1817,true,1,12560
80913467,false,מנטוס בקבוק מעוגל - מסטיק ללא סוכר בטעם מנטה,פרפטי ואן מלה הולנד,,מסטיק מנטוס בקבוק בט,גרמים,60.00,100 גרם,false,,10.90,0.1817,true,1,12562
80945468,false,סוכריות פיור וויט טעם מנטה מתוקה 60 ג' מנטוס,"פרפטי ואן מלה ג'ידה,סאן",,מנטוס פיור וויט ללא,גרמים,60.00,100 גרם,false,,10.90,0.1817,true,1,212075
80954521,false,"מנטוס מסטיק פיור פרש - תות 28 גרם (14 יח') חת""ס",פרפטי ואן מלה ברדה,,מסטיק מנטוס פיור פרש,גרמים,28.00,100 גרם,false,,4.50,0.1607,true,1,122021
80986348,false,סוכריות פיור וויט טעם מנטה 60 ג' מנטוס,"פרפטי ואן מלה ג'ידה,סאן",,מנטוס פיור וויט ללא,גרמים,60.00,100 גרם,false,,10.90,0.1817,true,1,212076
80995128,false,מנטוס בקבוק עגול בטעם הדרים בתוספת ויטמינים 60 גרם,פרפטי ואן מלה הולנד,,מסטיק מנטוס ויטמין ל,גרמים,60.00,100 גרם,false,,10.90,0.1817,true,1,339615
87108651,false,סוכריות בטעם מנטה מנטוס 4*37.5 גרם,הדקלאים אגודת שיתופי,,סוכריות מנטוס מנטה 1,גרמים,150.00,100 גרם,false,,10.90,0.0727,true,1,12576
87108712,false,סוכריות בטעם פירות מנטוס 4*37.5 גרם,פרפטי ואן מלה ברדה,,סוכריות מנטוס פירות,גרמים,150.00,100 גרם,false,,10.90,0.0727,true,1,12577
90087974,false,חומץ טבעי מתפוחים 750 מל,ראוך פרוכטסאפה,,חומץ תפוחים 5% תומר,מיליליטרים,750.00,"100 מ""ל",false,,13.90,0.0185,true,1,24884
90162602,false,רד בול משקה אנרגיה פקדון 30 אג,רד בול ג'י.אם.בי. אץ,,משקה אנרגיה RED BULL,מיליליטרים,250.00,"100 מ""ל",false,,5.90,0.0236,true,1,5209
198888886,false,עיגול אגורות,,,עיגול אגורות,יחידה,0.00,יחידה,false,,1.00,0.0000,true,1,47074
8100000531,false,אמונה לנוער ולתלמידי,,,אמונה לנוער ולתלמידי,יחידה,0.00,יחידה,false,,49.90,0.0000,true,1,41691
11210000094,false,"רוטב ""טבסקו"" על בסיס פלפל אדום 60 מ""ל",מקאילהייני אייבורי,,טבסקו,מיליליטרים,60.00,"100 מ""ל",false,,12.00,0.2000,true,1,37888
16000185517,false,דגני בוקר פייבר וואן עתירי סובין FIBRE1,בטר אנד דיפרנט,,פייבר1- דגני בוקר עת,גרמים,555.00,100 גרם,false,,24.90,0.0449,true,1,206891
16000281684,false,חטיפי גרנולה קראנצ'י עם פקאן נייצ'ר ואלי 5*42 גרם,ליימן מותגים,,חטיף שיבולת שועל מלא,גרמים,210.00,100 גרם,false,,19.50,0.0929,true,1,12586
16000423534,false,חטיפי גרנולה קראנצ'י עם שיבולת שועל ושוקולד מריר נייצ'ר ואלי 5*42 גרם,ג'נרל מילס סאן אדריאן,,חטיף קראנצי שיבולת ש,גרמים,210.00,100 גרם,false,,19.50,0.0929,true,1,12587
16000548503,false,חטיפי גרנולה קראנצ'י עם מייפל וסוכר חום נייצ'ר ואלי 5*42 גרם,ג'נרל מילס סאן אדריאן,,חטיף קראנצי גרנולה מ,גרמים,210.00,100 גרם,false,,19.50,0.0929,true,1,12593
16000548602,false,חטיפי גרנולה קראנצ'י קינמון נייצ'ר ואלי 5*24 גרם,ג'נרל מילס סאן אדריאן,,חטיף שיבולת שועל מלא,גרמים,210.00,100 גרם,false,,19.50,0.0929,true,1,12594
16000548909,false,חטיפי גרנולה קראנצ'י במגוון טעמים נייצ'ר ואלי 5*42 גרם,ג'נרל מילס סאן אדריאן,,חטיף קראנצי גרנולה מ,גרמים,210.00,100 גרם,false,,19.50,0.0929,true,1,12596
16229924263,false,"ארוי-די קרם קוקוס 250 מ""ל",תאי אגרי פוד פובליק קו'\,,"קרם קוקוס 250 מ""ל.",מיליליטרים,250.00,"100 מ""ל",false,,9.90,0.0396,true,1,3339
25675120006,false,חמצוצים 4 צבעים טעמים טבעי 100 גרם,פאסין ב.ו,,חמצוצים חמצוצים טבעי,גרמים,100.00,100 גרם,false,,8.90,0.0890,true,1,3748
25675120044,false,מקלות חמצוצים תפוח עץ פשקז 100 גרם,פשקס קנדי,,חמצוצים מקלות תפוח ע,גרמים,100.00,100 גרם,false,,8.90,0.0890,true,1,3751
25675120068,false,מקלות חמצוצים בטעם קולה פשקז 100 גרם,פשקז Paskesz,,חמצוצים מקלות קולה 1,גרמים,100.00,100 גרם,false,,8.90,0.0890,true,1,3752
25675950313,false,אודלס בטעם תות 224 גרם לירון קרביץ,ג'ודילינג פודס קומפנ,,פשקס סוכריות אודלס ת,גרמים,244.00,100 גרם,false,,13.90,0.0570,true,1,12958
25675950337,false,אודלס בטעם ענבים מאגדת שקית 224 גר,,,אודלס מאגדת בטעם ענב,גרמים,224.00,100 גרם,false,,15.90,0.0710,true,1,244028
25675950382,false,אודלס בטעם פטל 224 גרם לירון קרביץ,ג'ודילינג פודס קומפנ,,פשקס סוכריות אודלס פ,גרמים,224.00,100 גרם,false,,13.90,0.0621,true,1,12959
36000516890,false,קלינקס לושן שלוש שכבות 120 יחידות,חוגלה קימברלי,,קלינקס לושן תלת שכבת,יחידה,0.00,יחידה,false,,18.90,0.0000,true,1,8775
37600207188,false,חמאת בוטנים סקיפי קלאסי 462 גרם,חברת המזון אלגוד,,סקיפי חמאת בוטנים קל,גרמים,462.00,100 גרם,false,,17.90,0.0387,true,1,5213
37600207256,false,חמאת בוטנים עם שברי בוטנים סקיפי 462 גרם,חברת המזון אלגוד,,סקיפי חמאת בוטנים עם,גרמים,462.00,100 גרם,false,,17.90,0.0387,true,1,5214
38000232183,false,פרינגלס ביג אורגינל 149 גרם,פרינגלס מנופקצ'ורינג קונ,,פרינגלס ביג אורגינל,גרמים,158.00,100 גרם,false,,8.90,0.0563,true,1,52441
51500255162,false,"חמאת בוטנים לל""ג JIF אריזת 454ג'",ג'י.אס.קיי קונסיומר,,חמאת בוטנים קלאסית 4,גרמים,454.00,100 גרם,false,,17.90,0.0394,true,1,5438
64144090020,false,"ספריי שמן PAM בטעם שמן זית 141 מ""ל",קונאגרה פודס,,תרסיס שמן זית פאם 14,גרמים,148.00,100 גרם,false,,17.90,0.1209,true,1,12629
77245110610,false,סוכריות מאסט ללא סוכר בטעם מנטה 80 ג'עלית,MIESZKO S.A - MS. JO,,סוכריות מאסט ללא סוכ,גרמים,80.00,100 גרם,false,,7.90,0.0988,true,1,22139
80002760287,false,נפלאות התודה,,,ספר נפלאות,יחידה,0.00,יחידה,false,,39.90,0.0000,true,1,41697
611745285432,false,שלישיית מגבות מטבח,,,סט 3 מגבות מטבח,יחידה,0.00,יחידה,false,,14.90,0.0000,true,1,69279
634065859329,false,אוזניות שחור IMX,,,אוזנייה שחורה,יחידה,0.00,יחידה,false,,29.90,0.0000,true,1,264674
645173911038,false,קורנישון מלפפוןן מיני 720 גרם - תומר,קלמן אינדיה פי וי סי,,מלפפונים קורנישון מי,גרמים,720.00,100 גרם,false,,10.90,0.0151,true,1,24888
693493057820,false,חלת קונדיטור מאפיית הלמנס,ספיישל בייקרי,,חלה גדולה ארוזה בייק,גרמים,500.00,100 גרם,false,,13.90,0.0278,true,1,197851
693493126281,false,מארז שלישיית קפה טורקי טחון 100ג' קסטל,,,קפה טורקי קלוי וטחון,גרמים,300.00,100 גרם,false,,14.90,0.0497,true,1,206272
750536585853,false,אצות נורי כסף קלויות 10 דפים 28 גרם,האיאן לנבו סי.או ל.ט.ד,,אצות נורי כסף קלויות,גרמים,28.00,100 גרם,false,,12.90,0.4607,true,1,12977
769904000997,false,שקדי מרק ללא גלוטן200גרם,משובח תעשיות מזון,,דגש שקדי מרק ללא גלו,גרמים,200.00,100 גרם,false,,13.90,0.0695,true,1,106303
786150000274,false,"בירה לף בראון בקבוק 330 מ""ל","אינבב, ברוורייפליין",,בירה חזקה לף בראון 3,מיליליטרים,330.00,"100 מ""ל",false,,9.90,0.0300,true,1,248534
811146030178,false,טינגלרס פטל בשקית דיספליי 288 גרם,גוגרנולא פוד אינדסטר,,טינגלרס פטל בשקית 28,גרמים,288.00,100 גרם,false,,12.90,0.0448,true,1,12982
811146030185,false,טינגלרס דובדבן בשקית דיספליי 288 גרם,גוגרנולא פוד אינדסטר,,טינגרלס דובדבן בשקית,גרמים,288.00,100 גרם,false,,12.90,0.0448,true,1,244012
811146030192,false,טינגלרס תפוח עץ בשקית דיספליי 288 גרם,,,טינגרלס תפוח עץ בשקי,גרמים,288.00,100 גרם,false,,12.90,0.0448,true,1,244013
811146030390,false,סוכריות קשות לקקן בצורת שבשבת 12 יחי',קיומי שנגיואנג פודס,,סוכריות קשות שבשבת מ,גרמים,144.00,100 גרם,false,,12.90,0.0896,true,1,243984
811146030758,false,סוכריות פרו זיפס פירות בשקית 255 גרם,גוגרנולא פוד אינדסטר,,פרו-זיפס פירות בשקית,גרמים,255.00,100 גרם,false,,12.90,0.0506,true,1,243953
811146030765,false,פרו זיפס כפול פירות בשקית 255 גרם,גוגרנולא פוד אינדסטר,,פרו-זיפס כפול פירות,גרמים,255.00,100 גרם,false,,12.90,0.0506,true,1,243954
811146030772,false,סוכריות פרו זיפס ארוכות בשקית 255 גרם,גוגרנולא פוד אינדסטר,,פרו-זיפס ארוכות בשקי,גרמים,240.00,100 גרם,false,,12.90,0.0538,true,1,243955
835811000372,false,שקיות הקפאה למזון נשלף 100 יח',זמזמ תעשיות פלסטיק,,שקיות הקפאה למזון נש,יחידה,0.00,יחידה,false,,9.90,0.0000,true,1,7416
835811001713,false,"נילון נצמד 150 מ' רוחב 30 ס""מ",ווינפאק סחר בעמ,,נילון ניצמד 150 מ' ר,מטרים,150.00,מטר,false,,19.90,0.1327,true,1,7438
835811003588,false,צלחות קלאסי גדול לבן 65 יח' הנמל,,,צלחות קלאסי לבן גדול,יחידה,0.00,יחידה,false,,34.90,0.0000,true,1,246572
835811004202,false,מפות ניילון עבות הנמ,זמזמ תעשיות פלסטיק,,מפות שולחן 6 מטר עבה,יחידה,0.00,יחידה,false,,17.50,0.0000,true,1,7498
835811004219,false,מפות שולחן ניילון עבה הנמל 8 יח',זמזמ תעשיות פלסטיק,,מפות שולחן 8 מטר עבה,מטרים,8.00,מטר,false,,17.50,2.1875,true,1,7499
835811004523,false,קשים מיוחדים לשייק הנמל 75 יחידות,,,הנמל קשים מיוחדים לש,יח',75.00,יח',false,,9.90,0.1320,true,1,7506
835811005803,false,שקיות אשפה עם ידיות 25 יח' X90-מרכז,תעשיות והשקעה אל רסא,,הנמל שקיות אשפה עם י,יחידה,0.00,יחידה,false,,12.90,0.0000,true,1,7553
835811005940,false,מגש הכסף תבנית אלומ` גדולה + מכסה 8 יח`,,,תבנית גדולה עם מכסה,יחידה,0.00,יחידה,false,,11.90,0.0000,true,1,7557
835811006497,false,אבקת סוכר 500 גרם הנמל,ר.ס. חברה ליבוא ויצו,,אבקת סוכר 500 גר,גרמים,500.00,100 גרם,false,,8.90,0.0178,true,1,7592
835811006770,false,תבנית אולמניום עגול 5 יח',הנמל,,תבנית אלומניום עגולה,יחידה,0.00,יחידה,false,,11.90,0.0000,true,1,7613
835811007166,false,כוסות חד פעמיות מקרטון עם מכסה פלסטיק,"צח ייבוא ושיווק בע""מ",,'כוסות לקפה לדרך+מכס,יחידה,0.00,יחידה,false,,12.90,0.0000,true,1,7623
835811007357,false,סלטינות אובלי 25 יח הנמל,הנמל,,סלטינות 25 יחידות,יחידה,0.00,יחידה,false,,7.90,0.0000,true,1,7631
844510013101,false,"יין ירושלים הילז קברנה סוביניון 750 מ""ל",אגדת,,ג'רוזלם הילז קברנה ס,מיליליטרים,750.00,"100 מ""ל",false,,41.90,0.0559,true,1,84446
844510013125,false,"יין ירושלים הילז מרלו 750 מ""ל",אגדת,,ג'רוזלם הילז מרלו 75,מיליליטרים,750.00,"100 מ""ל",false,,41.90,0.0559,true,1,62
859547004084,false,ספוג ניקוי לימון פרש סקראב דדי,סקראב דאבי,,ספוג ניקוי בניחוח לי,גרמים,34.00,100 גרם,false,,17.90,0.5265,true,1,241845
859547004466,false,קירצוף וספוג ניקוי SCRUB DADDY,סקראב דאבי,,ספוג ניקוי דו צדדי ס,גרמים,34.00,100 גרם,false,,17.90,0.5265,true,1,241817
884912359421,false,דגני בוקר האני באנצ'ס מייפל ופקאן פוסט 340 גרם,פוסט ארצות הברית,,דגני בוקר שיבולת שוע,גרמים,340.00,100 גרם,false,,22.90,0.0674,true,1,248659
2020222000001,false,אנטיגן 20 יח' COVID19 GENSURE ביתי-,,,ערכת בדיקה אנטיגן 20,יחידה,0.00,יחידה,false,,239.00,0.0000,true,1,233168
3014260201753,false,סכיני גילוח ג'ילט בלו 2 להבים - מארז 5 יח',פרוקטר אנד גמבל,,סכיני גילוח חד פעמיי,יחידה,0.00,יחידה,false,,12.90,0.0000,true,1,26739
3045206360609,false,"דזיטול נוזל מחטא בגדים בכביסה, 1 ליטר",רלוי,,דזיטול נוזל מחטא בגד,מיליליטרים,1.00,"100 מ""ל",false,,23.90,23.9000,true,1,254634
3059943015104,false,"אירוויק מבשם אויר נטול גז בניחוח פריסיה ויסמין 345 מ""ל",איירוויק Air Wick,,איירוויק ספריי נטול,מיליליטרים,345.00,"100 מ""ל",false,,14.90,0.0432,true,1,20766
3059943015128,false,מבשם אוויר נטול גז אקווה מיסט בניחוח לבנדר פראי ואוויר הרים,הדקלאים אגודת שיתופי,,איירוויק ספריי נטול,מיליליטרים,345.00,"100 מ""ל",false,,14.90,0.0432,true,1,20767
3059943016507,false,"אירוויק ספריי בניחוח לבנדר וקמומיל 240 מ""ל",איירוויק Air Wick,,איירויק ספריי לבנדר,מיליליטרים,240.00,"100 מ""ל",false,,9.90,0.0413,true,1,20768
3059943016569,false,"מבשם אוויר אירוויק ספריי פרסיה ויסמין 240 מ""ל",איירוויק Air Wick,,אירוויק ספריי פרסיה,מיליליטרים,240.00,"100 מ""ל",false,,9.90,0.0413,true,1,20770
3162330060479,false,בירה SAER BRAU 6*250,,,בירה SAER BRAU 6*250,ליטרים,1.50,ליטר,false,,14.90,9.9333,true,1,340926
3387390320244,false,פיטנס דגני בוקר מחיטה מלאה עם פירות נסטלה 375 גרם,נסטלה צרפת איטנקורט,,פיטנס פירות דגני עם,גרמים,375.00,100 גרם,false,,21.90,0.0584,true,1,18372
3387390525960,false,קראנץ' דגני בוקר עם שוקולד חלב נסטלה 500 גרם,הנסיך- מפעל לייצור ט,,דגני קראנץ' נסטלה 50,גרמים,500.00,100 גרם,false,,25.50,0.0510,true,1,18373
3387390730852,false,פיטנס דגנים מחיטה מלאה ואורז נסטלה 375 גרם,נסטלה צרפת איטנקורט,,דגני פיטנס נסטלה 375,גרמים,375.00,100 גרם,false,,21.90,0.0584,true,1,18374
3560070230778,false,קרפור-תה אנגלי שחור,,,קרפור-תה אנגלי שחור,גרמים,50.00,100 גרם,false,,6.90,0.1380,true,1,341209
3560070232963,false,קרפור-חליטת פירות יע,,,קרפור-חליטת פירות יע,גרמים,40.00,100 גרם,false,,6.90,0.1725,true,1,341119
3560070852086,false,קרפור-תה ירוק בטעם נ,,,קרפור-תה ירוק בטעם נ,גרמים,40.00,100 גרם,false,,6.90,0.1725,true,1,341149
3560070852116,false,קרפור-תה ירוק נענע 5,,,קרפור-תה ירוק נענע 5,גרמים,80.00,100 גרם,false,,8.90,0.1113,true,1,341134
3560070888108,false,קרפור-תה שחור בטעם ל,,,קרפור-תה שחור בטעם ל,גרמים,40.00,100 גרם,false,,6.90,0.1725,true,1,341179
3560070888115,false,קרפור-חליטת טיליה 25,,,קרפור-חליטת טיליה 25,גרמים,42.50,100 גרם,false,,6.90,0.1624,true,1,341075
3560070888122,false,קרפור-חליטת קמומיל 2,,,קרפור-חליטת קמומיל 2,גרמים,30.00,100 גרם,false,,6.90,0.2300,true,1,341045
3560070888139,false,קרפור-תה שחור בטעם פ,,,קרפור-תה שחור בטעם פ,גרמים,42.50,100 גרם,false,,6.90,0.1624,true,1,341164
3560070888153,false,קרפור-תה ירוק בטעם ל,,,קרפור-תה ירוק בטעם ל,גרמים,40.00,100 גרם,false,,6.90,0.1725,true,1,341194
3560070928194,false,קרפור-חליטת לואיזה 2,,,קרפור-חליטת לואיזה 2,גרמים,32.50,100 גרם,false,,6.90,0.2123,true,1,341060
3560070928347,false,קרפור-חליטת רויבוש ו,,,קרפור-חליטת רויבוש ו,גרמים,40.00,100 גרם,false,,6.90,0.1725,true,1,341104
3560071188689,false,בירה Walberg 6*250 מ,,,בירה Walberg 6*250 מ,ליטרים,1.50,ליטר,false,,17.90,11.9333,true,1,340897
3560071341947,false,שמן זית כתית מעולה ב,,FR,שמן זית כתית מעולה ב,מיליליטרים,750.00,"100 מ""ל",false,,11.50,0.0153,true,1,320174
3560071431914,false,קפסולות קפה קרפור עו,,FR,קפסולות קפה קרפור עו,גרמים,52.00,100 גרם,false,,6.90,0.1327,true,1,322186
3560071431945,false,קפסולות קפה קרפור עו,,FR,קפסולות קפה קרפור עו,גרמים,52.00,100 גרם,false,,6.90,0.1327,true,1,322230
3560071432003,false,קפסולות קפה קרפור עו,,FR,קפסולות קפה קרפור עו,גרמים,52.00,100 גרם,false,,6.90,0.1327,true,1,322231
3560071432034,false,קפסולות קפה נטול קרפ,,FR,קפסולות קפה נטול קרפ,גרמים,52.00,100 גרם,false,,6.90,0.1327,true,1,322232
3560071432065,false,קפסולות קפה קרפור עו,,FR,קפסולות קפה קרפור עו,גרמים,52.00,100 גרם,false,,6.90,0.1327,true,1,322233
3560071432096,false,קפסולות קפה קרפור עו,,FR,קפסולות קפה קרפור עו,גרמים,52.00,100 גרם,false,,6.90,0.1327,true,1,322234
3560071432157,false,קפסולות קפה וניל קרפ,,FR,קפסולות קפה וניל קרפ,גרמים,52.00,100 גרם,false,,6.90,0.1327,true,1,322235
3560071432188,false,קפסולות קפה קרמל קרפ,,FR,קפסולות קפה קרמל קרפ,גרמים,52.00,100 גרם,false,,6.90,0.1327,true,1,322236
3560071432218,false,קפסולות קפה אגוז קרפ,,FR,קפסולות קפה אגוז קרפ,גרמים,52.00,100 גרם,false,,6.90,0.1327,true,1,322237
3560071432249,false,קפסולות קפה ברזיל קר,,FR,קפסולות קפה ברזיל קר,גרמים,52.00,100 גרם,false,,6.90,0.1327,true,1,322238
3560071432270,false,קפסולות קפה קולומביה,,FR,קפסולות קפה קולומביה,גרמים,52.00,100 גרם,false,,6.90,0.1327,true,1,322239
3560071432300,false,קפסולות קפה אתיופיה,,FR,קפסולות קפה אתיופיה,גרמים,52.00,100 גרם,false,,6.90,0.1327,true,1,322240
3560071432362,false,קפסולות קפה קניה קרפ,,FR,קפסולות קפה קניה קרפ,גרמים,52.00,100 גרם,false,,6.90,0.1327,true,1,322242
3560071432393,false,קפסולות קפה קוסטה רי,,FR,קפסולות קפה קוסטה רי,גרמים,52.00,100 גרם,false,,6.90,0.1327,true,1,322243
3560071432515,false,קפסולות קפה קרפור עו,,FR,קפסולות קפה קרפור עו,גרמים,52.00,100 גרם,false,,6.90,0.1327,true,1,322244
3574660089547,false,טמפונים נורמל קלאסי אובה 32 יחידות,ג'\ונסון אנד ג'\ונסון,,טמפון קלאסי נורמל או,יחידה,0.00,יחידה,false,,21.90,0.0000,true,1,21198
3574661003924,false,שטיפת פה טוטאל קר בטעם מנטה צלול,ג'\ונסון אנד ג'\ונסון,,מי פה טוטאל קאר ליסט,מיליליטרים,500.00,"100 מ""ל",false,,19.90,0.0398,true,1,29380
3574661114637,false,ליסטרין שטיפת פה קול מינט טעם מעודן 500,ג'\ונסון אנד ג'\ונסון,,מי פה זירו ליסטרין 5,מיליליטרים,500.00,"100 מ""ל",false,,22.90,0.0458,true,1,29385
3574661363998,false,"מי פה ליסטרין תה ירוק 500 מ""ל",ג'\ונסון אנד ג'\ונסון,,מי פה תה ירוק ליסטרי,מיליליטרים,500.00,"100 מ""ל",false,,19.90,0.0398,true,1,29397
3574661491806,false,מי פה אדבנס וויט מנטה מסירה כתמים קשים,ג'\ונסון אנד ג'\ונסון,,מי פה אדוונס וויאט מ,מיליליטרים,500.00,"100 מ""ל",false,,19.90,0.0398,true,1,122682
3574661552804,false,מגן תחתון קרפרי אלוורה 56 יחידות,הדקלאים אגודת שיתופי,,קרפרי מגן תחתן אלוור,יחידה,0.00,יחידה,false,,14.90,0.0000,true,1,64894
3574661552811,false,מגן תחתון קרפרי כותון אוורירי 56 יחידות,הדקלאים אגודת שיתופי,,קרפרי כותון אוורירי,יחידה,0.00,יחידה,false,,14.90,0.0000,true,1,64984
3600523651870,false,שמפו לחיזוק סיב השערה לכל סוגי השיער,לוריאל - אלביב Elvive,,שמפו ארגנין אלביב 55,מיליליטרים,550.00,"100 מ""ל",false,,14.90,0.0271,true,1,12273
3600523651900,false,מרכך לחיזוק סיב השערה לכל סוגי השיער,לוריאל - אלביב Elvive,,מרכך ארגנין אלביב 55,מיליליטרים,550.00,"100 מ""ל",false,,14.90,0.0271,true,1,12275
3600523652297,false,"מרכך לשיער אלביב זהב 6 שמנים , 550 מ""ל",לוריאל - אלביב Elvive,,מרכך 6 שמנים אלביב 5,מיליליטרים,550.00,"100 מ""ל",false,,14.90,0.0271,true,1,12283
3600523782574,false,מסכה לשיער לוריאל אלביב דרים לונג 300 מל,לוריאל - אלביב Elvive,,מסכה דרים לונג אלביב,מיליליטרים,300.00,"100 מ""ל",false,,24.90,0.0830,true,1,12288
3600523782581,false,מרכך מתיר קשרים לשיער ארוך ופגום Dream Long,לוריאל - אלביב Elvive,,מרכך דרים לונג אלביב,מיליליטרים,500.00,"100 מ""ל",false,,14.90,0.0298,true,1,12289
3600524051334,false,אלביב מרכך חומצה היאלורונית 400 מל,לוריאל,,אלביב מרכך היאלורוני,מיליליטרים,400.00,"100 מ""ל",false,,13.90,0.0348,true,1,291913
3600524055400,false,לוריאל - אלביב שמפו היאלורונית 500 מ''ל,לוריאל,,אלביב שמפו היאלורוני,מיליליטרים,400.00,"100 מ""ל",false,,14.90,0.0373,true,1,291927
4002448019480,false,"סיליט באנג מסיר שומנים רב שימושי 750 מ""ל",סיליט באנג Cillit Bang,,סיליט באנג ספריי מסי,מיליליטרים,750.00,"100 מ""ל",false,,14.90,0.0199,true,1,20789
4008287762020,false,בירה קרומבאכר חיטה 0.50 ליטר בקבוק,מבשלת קרומבאכר,,בירה קרומבאכר חיטה 5,מיליליטרים,500.00,"100 מ""ל",false,,10.20,0.0204,true,1,261526
4009309740422,false,רסק תפוחים אורגני – נטורפוד 700 גרם,נטורפוד,,רסק תפוחים אורגני 70,גרמים,700.00,100 גרם,false,,15.90,0.0227,true,1,106749
4009900402965,false,אורביט וויט בטעם פירות בקבוקון 46מלבניות,ריגלי פולין,,אורביט וויט פירות בק,גרמים,64.00,100 גרם,false,,10.90,0.1703,true,1,20654
4009900403023,false,אורביט וויט בטעם מנטה בקבוקון 46 מלבניות,"ב.א מזון בע""מ",,אורביט וויט מנטה בקב,גרמים,64.00,100 גרם,false,,10.90,0.1703,true,1,20655
4009900420129,false,מסטיק אורביט פרופשנל פפרמינט בקבוקון 64 גר',מרס נדרלנד,,אורביט פרופשייונל פפ,גרמים,64.00,100 גרם,false,,10.90,0.1703,true,1,20662
4009900426039,false,מסטיק מנטה אקליפטוס בקבוקון איירווייבס 64 גרם,איירוויבס Airwaves,,בקבוקון בקבוקון מסטי,גרמים,64.00,100 גרם,false,,10.90,0.1703,true,1,20664
4009900426121,false,מסטיק אורביט איירוויז בקבוקון אוכמניות 64ג',איירוויבס Airwaves,,בקבוקון בקבוקון מסטי,גרמים,64.00,100 גרם,false,,10.90,0.1703,true,1,20665
4009900484060,false,מסטיק אורביט פרופשיונל בטעם מנטה ללא סוכר,ריגלי פולין,,אורביט פרופשיונל מנט,יחידה,0.00,יחידה,false,,12.90,0.0000,true,1,20680
4009900491044,false,מסטיק איירובס אוכמניות בקבוקון 60יח',איירוויבס Airwaves,,אירוויבז בקבוק M מנט,גרמים,84.00,100 גרם,false,,12.90,0.1536,true,1,20692
4009900535540,false,מסטיק אורביט רפרשרס פפרמינט ללא סוכר 15.6גר',אורביט,,אורביט רפרשרס פפרמינ,גרמים,15.00,100 גרם,false,,3.90,0.2600,true,1,117982
4009900536288,false,מסטיק אורביט רפרשרס פפרמינט בקבוקון ללא סוכר 67 גר',מרס ריגלי קונפקשונרי,,מסטיק אורביט רפרשרס,גרמים,67.00,100 גרם,false,,11.90,0.1776,true,1,142414
4015000031394,false,"ספטיל - משחה להסרת כתמים 200 מ""ל",ספטיל saptil,,מסיר כתמים ספטיל 200,גרמים,200.00,100 גרם,false,,15.90,0.0795,true,1,34840
4015000615884,false,"פה - דאודורנט ספריי לאישה קריביין לימון 200 מ""ל",שוורצקופף והנקל,,דאו ספריי קריביין לי,מיליליטרים,200.00,"100 מ""ל",false,,9.90,0.0495,true,1,7958
4015000615921,false,"פה - דאודורנט ספריי לגבר ספורט 200 מ""ל",שוורצקופף והנקל,,דאו' ספריי פה לגבר 2,מיליליטרים,200.00,"100 מ""ל",false,,9.90,0.0495,true,1,7960
4015400564034,false,מגן תחתון אולוויז מגה פק לונג פלוס 58 יחידות,פרוקטר אנד גמבל,,מגן תחתון לונג פלוס,יחידה,0.00,יחידה,false,,18.90,0.0000,true,1,26848
4015400564454,false,מגני תחתון אולוויז לארג' עם ניחוח מגה פק,פרוקטר אנד גמבל,,מגן תחתון לארג מגה פ,יחידה,0.00,יחידה,false,,18.90,0.0000,true,1,26852
4015400598329,false,תחבושות אולוויז קוואטרו נורמל פלוס 56 יחידות,פרוקטר אנד גמבל,,קוואטרו נורמל פלוס א,יחידה,0.00,יחידה,false,,42.00,0.0000,true,1,26860
4015400690313,false,טמפונים פרל רגולר טמפקס קומפאק 18 יח,פרוקטר אנד גמבל,,טמפון פרל רגולר טמפק,יחידה,0.00,יחידה,false,,19.90,0.0000,true,1,26888
4015400690405,false,טמפונים פרל סופר טמפקס קומפאק 18 יח,פרוקטר אנד גמבל,,טמפון פרל סופר טמפקס,יחידה,0.00,יחידה,false,,19.90,0.0000,true,1,26889
4015400746812,false,מגני תחתון אולוויז נורמל עם ניחוח מגה פק,פרוקטר אנד גמבל,,מגן תחתון מגה פק נור,יחידה,0.00,יחידה,false,,18.90,0.0000,true,1,26914
4015400759263,false,אולוויז ירוק נורמאל בלאס אלתרא ירוק 28 יחידה,,,תחבושות כפול נורמל א,יח',28.00,יח',false,,17.90,0.6393,true,1,18049
4015600762742,false,שמפו יומיומי למניעת קשקשים הנוסחה הקלאסית,הד אנד שולדרס H&S,,שמפו קלאסי הד&שולדרס,מיליליטרים,500.00,"100 מ""ל",false,,18.90,0.0378,true,1,26953
4015600762780,false,שמפו וקונדישינר יומיומי למניעת קשקשים הנוסחה הקלאסית 2in1,פרוקטר אנד גמבל,,שמפו 2-ב1הד&שולדרס 5,מיליליטרים,500.00,"100 מ""ל",false,,18.90,0.0378,true,1,26954
4015600762902,false,"האד אנד שולדרס שמפו מנטול 500 מ""ל",הד אנד שולדרס H&S,,שמפו מנטול הד&שולדרס,מיליליטרים,500.00,"100 מ""ל",false,,18.90,0.0378,true,1,26957
4015600763022,false,שמפו יומיומי למניעת קשקשים לשיער יבש/פגום לשיער רך כמשי,הד אנד שולדרס H&S,,שמפו מגע המשי הד&שול,מיליליטרים,500.00,"100 מ""ל",false,,18.90,0.0378,true,1,26960
4022025001929,false,"בלו ווין מבעבע כחול 750 מ""ל",היי סישל סוהן טראבן,,בלו וויין מבעבע כחול,מיליליטרים,750.00,"100 מ""ל",false,,55.90,0.0745,true,1,41576
4022025002100,false,יין בלו ווין מבעבע רוזה כשר 750 מל,היי סישל סוהן טראבן,,בלו וויין מבעבע רוזה,מיליליטרים,750.00,"100 מ""ל",false,,55.90,0.0745,true,1,41580
4033100024146,false,סיגריות וינסטון CODE בודד,Unknown,,וינסטון קופסא בודדת,יחידה,0.00,יחידה,false,,32.00,0.0000,false,1,4121
4052197000017,false,"בירה בנדיקטינר חיטה לא מסוננת 500 מ""ל",בנדיקטינר וויצבראו,,בירה בנדיקטינר 500 מ,מיליליטרים,500.00,"100 מ""ל",false,,9.90,0.0198,true,1,86
4052197000925,false,"בירה בנדקטינר כהה בקבוק 500 מ""ל",בנדיקטינר וויצבראו,,בירה בנדקטינר כהה דו,מיליליטרים,500.00,"100 מ""ל",false,,9.90,0.0198,true,1,89
4079400330129,false,"בירה פילסנר וולטרס 4.9% 500 מ""ל בפחית",,,בירה וולטרס פחית 4.9,מיליליטרים,500.00,"100 מ""ל",false,,6.90,0.0138,true,1,48845
4084500065536,false,פנטן קרם לחות מוגברת לעיצוב שיער 300 מל,פרוקטר אנד גמבל,,קרם לחות מוגברת פנטן,מיליליטרים,300.00,"100 מ""ל",false,,19.90,0.0663,true,1,27055
4084500065598,false,"קרם לחות פנטן לתלתלים מושלמים 300 מ""ל",פרוקטר אנד גמבל,,קרם לחות לתלתלים פנט,מיליליטרים,300.00,"100 מ""ל",false,,19.90,0.0663,true,1,27056
4602486002071,false,"וודקה בלנקאיה גולד 700 מ""ל",מזקקת גאורגייבסקי קר,,וודקה בלנקאיה גולד 7,מיליליטרים,700.00,"100 מ""ל",false,,60.90,0.0870,true,1,102
4800888150080,false,"דאב - דאודורנט רול און לאישה פרש טאצ' מלפפונים 50 מ""ל",יוניליוור פיליפינים,,דאו' רולאון מלפפונים,מיליליטרים,50.00,"100 מ""ל",false,,16.90,0.3380,true,1,10059
4800888209368,false,רקסונה - דאודורנט סטיק לגבר אקסטרא קול 50 גרם,רקסונה Rexona,,רקסונה סטיק גבר אקסט,מיליליטרים,50.00,"100 מ""ל",false,,17.90,0.3580,true,1,63382
4800888209429,false,רקסונה - דאודורנט סטיק לאישה כותנה נשים 50 גרם,רקסונה Rexona,,דאו' סטיק כותנה רקסו,גרמים,50.00,100 גרם,false,,17.90,0.3580,true,1,70849
4800888219534,false,דאב - דאודורנט סטיק לאישה אנטי פרספירמט 50 גרם,יוניליוור פיליפינים,,דאורדורנט סטיק אוריג,גרמים,50.00,100 גרם,false,,16.90,0.3380,true,1,156441
4891228430061,false,סכיני גילוח שיק אקזקטה 2 לנשים ורוד 10 יח',הנסיך- מפעל לייצור ט,,סכיני גילוח לאישה שי,יחידה,0.00,יחידה,false,,28.90,0.0000,true,1,21324
4891228430092,false,סכיני גילוח שיק אקסטרים קומפורט לנשים 3 להבים 4 יחידות,אנרג'יזר Energizer,,שיק אקסטרים3 ס.גילוח,יחידה,0.00,יחידה,false,,16.90,0.0000,true,1,21326
4895060582292,false,סוכריות נטיורל פלורידה מיקס טעמים 136ג',קנדי נובלטי,,פלורידה סוכריות 8יח,גרמים,136.00,100 גרם,false,,18.90,0.1390,true,1,13014
4895060585651,false,ממתק פלורידה נטורל מיקס סטיק 8 יח' תות+אוכמני,,,מיקס סטיק תות ואוכמנ,גרמים,136.00,100 גרם,false,,16.90,0.1243,true,1,243907
4895060585668,false,מיקס סטיק תפוח אוכמניות 136 גרם,,,מיקס סטיק תפוח ואוכמ,גרמים,136.00,100 גרם,false,,16.90,0.1243,true,1,243908
4895060586122,false,סוכריות פרוט בייטס פלורידה ג'לי מארז 120 ג',.,,אריזה משפחתית פרוט ב,גרמים,120.00,100 גרם,false,,16.90,0.1408,true,1,243909
4895060586160,false,סוכריות פרוט בייטס פלורידה ג'לי חמוץ מארז 120 ג',.,,אריזה משפחתית חמוץ 1,גרמים,120.00,100 גרם,false,,16.90,0.1408,true,1,243910
4895060586382,false,משפחתית  NUGGEST כתום מנגו תפוז בוטובסקי,,,אריזה משפחתית טרופי,גרמים,136.00,100 גרם,false,,16.90,0.1243,true,1,243911
4895060592307,false,סוכריות נטורל בטעמים בקבוק NUGGELS,איתן-מזון,,פלורידה סוכריות נאגט,גרמים,43.00,100 גרם,false,,6.90,0.1605,true,1,13017
4903001904192,false,"רוטב סויה יאמסה פרימיום 500 מ""ל",הדקלאים אגודת שיתופי,,רוטב סויה יאמאסה פרמ,מיליליטרים,500.00,"100 מ""ל",false,,18.90,0.0378,true,1,12710
5000146980322,false,קרם להסרת שיער לעור רגיל מועשר בחלב לוטוס ויסמין,רקיט בנקיזר צרפת,,קרם להסרת שיער ניחוח,מיליליטרים,100.00,"100 מ""ל",false,,30.90,0.3090,true,1,20803
5000157143365,false,מתבל בטעם מיונז וקטשופ היינץ 425 גרם,"פודליצקי ספ.ז.או.או,",,מתבל בטעם מיונז וקטש,מיליליטרים,425.00,"100 מ""ל",false,,14.90,0.0351,true,1,5237
5000204171587,false,סבון אסלה דאק דיסק ג,טואלט דאק (ג'ונסון),,דאק פרש דיסק ג'ל לאס,גרמים,36.00,100 גרם,false,,12.90,0.3583,true,1,156745
5000267024233,false,"וויסקי ג'וני בלאק לייבל עם פורר 700מ""ל",ג'וני ווקר Johnnie walker,,ג'וני ווקר בלאק לייב,מיליליטרים,700.00,"100 מ""ל",false,,125.90,0.1799,true,1,51332
5010026519368,false,מורנפלייק שיבולת שועל בשקית 500 גר,,,פתיתי שיבולת שועל -,גרמים,500.00,100 גרם,false,,7.90,0.0158,true,1,145136
5010677554398,false,"בקרדי בריזר אבטיח 275 מ""ל בקבוק",בקרדי בריזר Bacardi Breezer,,בקרדי בריזר אבטיח,מיליליטרים,275.00,"100 מ""ל",false,,13.90,0.0505,true,1,9268
5011157671222,false,"אורז בסמטי חום מלא טילדה 1 ק""ג",טילדה Tilda,,אורז בסמטי חום מלא,קילוגרמים,1.00,"ק""ג",false,,24.90,24.9000,true,1,254905
5014271310428,false,מעדן בטעם דובדבנים שחורים סאן דלפור 284 גרם,סאן דלפור - שמבור,,סאן דלפור מעדן דובדב,גרמים,284.00,100 גרם,false,,20.90,0.0736,true,1,16754
5014271350424,false,מעדן ארבעה פירות ללא תוספת סוכר 284 גרם,סאן דלפור - שמבור,,סאן דלפור מעדן ארבע,גרמים,284.00,100 גרם,false,,20.90,0.0736,true,1,16756
5014271400426,false,"מעדן בטעם תות שדה לל""ס סאן דלפור 284 גרם",סאן דלפור - שמבור,,סאן דלפור מעדן תות ש,גרמים,284.00,100 גרם,false,,20.90,0.0736,true,1,16761
5029053002408,false,קלינקס - נייר טואולט קליניקס לבן 9 גלילים,קימברלי קלארק ישראל,,נייר טואלט קליניקס ל,מטרים,275.00,מטר,false,,33.90,0.1233,true,1,8782
5029053510811,false,תחבושות נורמל פלוס עם כנפיים קוטקס 28 יחידות,קימברלי קלארק,,תחבושות אולטרה נורמל,יחידה,0.00,יחידה,false,,19.90,0.0000,true,1,8791
5029053535227,false,טמפון עם מוליך נורמל קוטקס 16 יחידות,חוגלה קימברלי,,טמפון עם מוליך נורמל,יחידה,0.00,יחידה,false,,22.90,0.0000,true,1,8807
5029053535234,false,טמפון קוטקס עם מוליך סופר 16 יח,חוגלה קימברלי,,טמפון עם מוליך סופר,יחידה,0.00,יחידה,false,,22.90,0.0000,true,1,8808
5029053578309,false,קופסת ממחטות אולטרה סופט 48 דף קלינקס,קימברלי קלארק,,טישו אולטרה סופט קוב,יחידה,0.00,יחידה,false,,6.90,0.0000,true,1,192029
5029054220085,false,האגיס - מגבוני האגיס אקסטרה קר לא מבושם 56 יח' * 4,חוגלה קימברלי,,האגיס אקסטרה קר מגבו,יחידה,0.00,יחידה,false,,28.90,0.0000,true,1,8812
5053827215862,false,קלוגס קוקו פופס שוקו 500ג',קלוגס מניופקטורינג אספנה,,דגני בוקר קוקו פופס,גרמים,500.00,100 גרם,false,,15.90,0.0318,true,1,82553
5201261201532,false,"רביעית פחית בירה היינקן 500 מ""ל",מבשלת אתונה S.A.\n,,"היינקן פחית 500 מ""ל",ליטרים,2.00,ליטר,false,,45.90,22.9500,true,1,201383
5201340003385,false,TRATA טונה מעושנת שמן סויה 160 גרם,נורט אגיאוסי קנריס,,טונה מעושנת בשמן צמח,גרמים,160.00,100 גרם,false,,15.90,0.0994,true,1,198934
5201347160524,false,טבליות קלגון 2in1 - 15 יחידות,,,קלגון מסיר אבנית טבל,יח',15.00,יח',false,,30.90,2.0600,true,1,20835
5202300014496,false,ספריי לשיער חזק במיוחד וולה פלקס Wella flex,פרוקטר אנד גמבל,,אקסטרה סטרונג וולה פ,מיליליטרים,250.00,"100 מ""ל",false,,30.00,0.1200,true,1,27139
5203819014205,false,"אוזו מלטמי 38% 0.700 מ""ל",אגדת,,אוזו מלטמי 38%,מיליליטרים,700.00,"100 מ""ל",false,,75.20,0.1074,true,1,291886
5410076933129,false,אריאל אבקת כביסה שושן צחור 3 קג,פרוקטר אנד גמבל,,אריאל שושן צחור שקית,קילוגרמים,3.00,"ק""ג",false,,34.90,11.6333,true,1,27212
5410103161617,false,קרם יום עם פעולה משולשת Triple active לעור יבש ועדין,"לוריאל ישראל בע""מ",,דרמו פעולה משולשת יב,מיליליטרים,50.00,"100 מ""ל",false,,45.90,0.9180,true,1,12474
5410126006087,false,עוגיות לוטוס ארוזות בתפזורת 700 גרם,לוטוס ביקרי נ.וי.,,לוטוס עוגיות קרמל 70,גרמים,700.00,100 גרם,false,,28.90,0.0413,true,1,5252
5410126106183,false,עוגיות לוטוס 50 יחידות ארוזות בנפרד 312 גרם,כלורוקס אוקלנד,,ביסקוויט קרמל 312גרם,גרמים,312.00,100 גרם,false,,17.90,0.0574,true,1,5257
5410126116953,false,ממרח ביסקוויט קרמל לוטוס 400 גרם,לוטוס בייקרי בלגיה נ,,לוטוס ממרח ביסקוויט,גרמים,400.00,100 גרם,false,,22.90,0.0572,true,1,5259
5410126666038,false,"ביסקוויט קרמל לוטוס 279 גרם בד""צ",לוטוס ביקרי נ.וי,,עוגיות לוטוס 279 גרם,גרמים,279.00,100 גרם,false,,14.90,0.0534,true,1,5260
5410126716016,false,"עוגיות לוטוס ביסקויט קרמל בד""צ 250 גרם",לוטוס ביקרי בלגיה,,ביסקוויט בטעם קרמל ל,גרמים,250.00,100 גרם,false,,11.90,0.0476,true,1,5261
5410316983693,false,"סמירנוף אייס בקבוק 275 מ""ל",סמירנוף אייס Smirnoff ice,,סמירנוף אייס בודד,מיליליטרים,275.00,"100 מ""ל",false,,12.90,0.0469,true,1,6799
5411188094159,false,רביעיית מעדן סויה שוקו מריר אלפרו 125 גרם,הנסיך- מפעל לייצור ט,,אלפרו מעדן סויה שוק.,מיליליטרים,500.00,"100 מ""ל",false,,16.90,0.0338,true,1,21346
5411188110835,false,אלפרו חלב סויה שקדים וניל 1ל',הנסיך- מפעל לייצור ט,,אלפרו משקה שקדים 1 ל,ליטרים,1.00,ליטר,false,,13.90,13.9000,true,1,21351
5411188112709,false,"משקה קוקוס אלפרו 1 ליטר משקה שקדים לל""ס",הנסיך- מפעל לייצור ט,,אלפרו משקה שקדים ללא,יחידה,0.00,יחידה,false,,13.90,0.0000,true,1,21355
5411188115366,false,משקה קוקוס אלפרו 1 ליטר משקה שיבולת שועל 1 ליטר,הנסיך- מפעל לייצור ט,,אלפרו משקה שיבולת שו,יחידה,0.00,יחידה,false,,13.90,0.0000,true,1,21357
5411188115472,false,אלפרו משקה סויה 1 ליטר,הנסיך- מפעל לייצור ט,,אלפרו משקה סויה 1 לי,ליטרים,1.00,ליטר,false,,12.90,12.9000,true,1,91229
5411188121923,false,"משקה סויה מועשר סידן אלפרו 3*250 מ""ל",הנסיך- מפעל לייצור ט,,אלפרו סויה סידן שלש,מיליליטרים,750.00,"100 מ""ל",false,,13.90,0.0185,true,1,21366
5411188124689,false,משקה אלפרו שיבולת שועל ללא סוכר 1 ליטר,אלפרו C.V.A,,אלפרו משקה שיבולת שו,יחידה,0.00,יחידה,false,,13.90,0.0000,true,1,114664
5411188134985,false,אלפרו 3.5% NOT M*LK שיבולת שועל 1 ליטר בית יוסף,הנסיך- מפעל לייצור ט,,אלפרו 3.5% שומן NOT,ליטרים,1.00,ליטר,false,,13.90,13.9000,true,1,170989
5411188135005,false,אלפרו 1.8% NOT M*LK שיבולת שועל 1 ליטר בית יוסף,הנסיך- מפעל לייצור ט,,אלפרו 1.8% שומן NOT,ליטרים,1.00,ליטר,false,,13.90,13.9000,true,1,174211
5411188543398,false,משקה סויה ללא סוכר אלפרו 1 ליטר,הנסיך- מפעל לייצור ט,,אלפרו משקה סויה ללא,ליטרים,1.00,ליטר,false,,12.90,12.9000,true,1,95104
5413149922907,false,"אבקת כביסה קולור וסטייל 5 ק""ג אריאל",פרוקטר אנד גמבל,,אריאל אבקת כביסה קול,קילוגרמים,5.00,"ק""ג",false,,45.90,9.1800,true,1,27231
5413149922938,false,"אריאל אבקת כביסה שושן צחור, 5 ק""ג",פרוקטר אנד גמבל,,אריאל אבקת כביסה שוש,קילוגרמים,5.00,"ק""ג",false,,45.90,9.1800,true,1,27232
5604912415058,false,סרדינים פורטוס בשמן חמניות חריף 125 גרם,פורטוס Porthos,,סרדינים בשמן חמניה ח,גרמים,125.00,100 גרם,false,,6.90,0.0552,true,1,5265
5701932026964,false,"הוטפופ גרעיני תירס להכנת פופקורן במיקרוגל בטעם טבעי, בתוספת מלח, 600 גרם",ליימן מותגים,,הוט פופ .פופקורן עם,גרמים,600.00,100 גרם,false,,14.90,0.0248,true,1,12718
5701932026995,false,"הוטפופ גרעיני תירס להכנת פופקורן במיקרוגל בטעם טבעי מופחת שומן, 510 גרם",קריניציה ויטמינה אס,,הוט פופ פופקורן לייט,גרמים,510.00,100 גרם,false,,14.90,0.0292,true,1,12720
5765220150618,false,קוצץ איכותי,,,קוצץ איכותי,יחידה,0.00,יחידה,false,,6.90,0.0000,true,1,165405
5765220190164,false,עטרות נייר אפיה 3- 130 יחידות,,,עטרות נייר לאפייה 3,יח',130.00,יח',false,,4.90,0.0377,true,1,115264
5765220190171,false,עטרות נייר אפיה 5 -130 יחידות,,,עטרות נייר לאפייה 4,יח',130.00,יח',false,,5.50,0.0423,true,1,115277
5765220190188,false,עטרות נייר אפיה 5 -130 יחידות,,,עטרות נייר לאפייה 5,יח',130.00,יח',false,,5.90,0.0454,true,1,115278
5765571206613,false,נר נשמה 9 ימים בפלסטיק,,,נר נשמה 9 ימים בפלסט,יחידה,0.00,יחידה,false,,9.90,0.0000,true,1,337328
5900020026552,false,דגני בוקר האני נאט צ'יריוס בטעם דבש ושקדים,נסטלה צרפת איטנקורט,,האני נאט ציריוס נסטל,גרמים,625.00,100 גרם,false,,27.90,0.0446,true,1,18392
5900627066715,false,טבליות למדיח פיניש הכל ב-1 100 יח,רקיט בנקיזר,,פיניש 100 טבליות AIO,יחידה,0.00,יחידה,false,,59.90,0.0000,true,1,20855
5904941750312,false,"משקה אנרגיה BLU מוחיטו בודד 250 מ""ל",אקו - ביט,,בלו בודד מוחיטו 250,מיליליטרים,250.00,"100 מ""ל",false,,4.50,0.0180,true,1,1806
5904941751715,false,"משקה אנרגיה בלו קרנברי 250 מ""ל -בודד",אקו - ביט,,בלו משקה אנרגיה קרנב,מיליליטרים,250.00,"100 מ""ל",false,,4.50,0.0180,true,1,1809
5906485301012,false,"משקה אנרגיה XL פחית 250 מ""ל","טמפו משקאות בע""מ",,אקס אל משקה אנרגיה 2,מיליליטרים,250.00,"100 מ""ל",false,,4.50,0.0180,true,1,9276
6111094000013,false,"קוסקוס דארי בינוני תומר 1 ק""ג",דארי קוספאט אס. איי. או,,קוסקוס בינוני דארי 1,קילוגרמים,1.00,"ק""ג",false,,17.90,17.9000,true,1,24908
6111094000228,false,"קוסקוס דארי דק תומר 1 ק""ג",קריות זול,,"קוסקוס דק דארי 1 ק""ג",קילוגרמים,1.00,"ק""ג",false,,17.90,17.9000,true,1,24910
6111094000808,false,"קוסקוס דארי בינוני תומר 1 ק""ג + 10% תוספת",דארי קוספטה אל-זהרה,,קוסקוס בינוני דארי 1,קילוגרמים,1.10,"ק""ג",false,,17.90,16.2727,true,1,24913
6224009175192,false,"תות שדה 1 ק""ג קפוא ב",O.K FRUIT,,"תות שדה 1 ק""ג קפוא ב",קילוגרמים,1.00,"ק""ג",false,,16.90,16.9000,true,1,51462
6902019042016,false,אטבי כביסה כחול לבן 10 יחידות,,,אטבי כביסה 10 יחידות,יחידה,0.00,יחידה,false,,5.50,0.0000,true,1,13084
6902019042061,false,מארז בלונים 50 יח קרביץ,,,מארז בלונים 50 יח,יחידה,0.00,יחידה,false,,10.90,0.0000,true,1,13087
6920190014417,false,מפיות שולחן מקושטות,,,מפיות שולחן מקושטות,יח',20.00,יח',false,,3.90,0.1950,true,1,13095
6920190410011,false,כוסות נייר לאפיה מאפינס גדול 50 יח',,,נייר מאפינס לאפייה ו,יחידה,0.00,יחידה,false,,11.90,0.0000,true,1,13096
6920190410059,false,כוסות נייר אפיה קטן (קאפקייקס) 50יח,,,נייר מאפינס קטנים לא,יחידה,0.00,יחידה,false,,11.90,0.0000,true,1,13099
6928054201423,false,כפפות ניילון 100 יחידות,,,כפפות ניילון good li,יחידה,0.00,יחידה,false,,4.50,0.0000,true,1,270799
6951097101672,false,מאג נבאדה(6 סט),,,מאג נבאדה(6 סט),יחידה,0.00,יחידה,false,,29.90,0.0000,true,1,27994
6989198335078,false,שיפודים 15 סמ 100 יח',,,"שיפודים 15 ס""מ 100 י",יחידה,0.00,יחידה,false,,8.90,0.0000,true,1,303881
7262626088289,false,מטריה סיליקון נקודות,,,מטריה סיליקון נקודות,יחידה,0.00,יחידה,false,,39.90,0.0000,true,1,221948
7262626111222,false,דובי פרווה,,,בובה דובי,יחידה,0.00,יחידה,false,,19.90,0.0000,true,1,154009
7290000003589,false,פרגית עוף ארוז קפוא,,,פרגית עוף ארוז קפוא,קילוגרמים,1.00,"ק""ג",true,,74.90,74.9000,true,1,46692
7290000003886,false,כרעיים עוף ארוז קפוא,,,כרעיים עוף ארוז קפוא,קילוגרמים,1.00,"ק""ג",true,,36.90,36.9000,true,1,46703
7290000003916,false,חזה עוף ארוז קפוא בי,,,חזה עוף ארוז קפוא בי,קילוגרמים,1.00,"ק""ג",true,,36.90,36.9000,true,1,46704
7290000003954,false,שניצל עוף ארוז קפוא,,,שניצל עוף ארוז קפוא,קילוגרמים,1.00,"ק""ג",true,,37.90,37.9000,true,1,46707
7290000004444,false,שקיות גופיה 20 מקרו,,,שקיות גופיה 20 מקרו,יחידה,0.00,יחידה,false,,0.10,0.0000,true,1,294508
7290000009351,false,בשר טחון חלק טרי,,,בשר טחון חלק טרי,קילוגרמים,1.00,"ק""ג",true,,49.90,49.9000,true,1,307519
7290000009390,false,אסאדו חלק טרי,,,אסאדו חלק טרי,קילוגרמים,1.00,"ק""ג",true,,69.90,69.9000,true,1,308643
7290000009396,false,אסאדו ע.ע חלק טרי,,,אסאדו ע.ע חלק טרי,קילוגרמים,1.00,"ק""ג",true,,69.90,69.9000,true,1,308698
7290000009398,false,אוסובוקו חלק טרי,,,אוסובוקו חלק טרי,קילוגרמים,1.00,"ק""ג",true,,64.90,64.9000,true,1,308505
7290000009406,false,סינטה חלק טרי,,,סינטה חלק טרי,קילוגרמים,1.00,"ק""ג",true,,129.90,129.9000,true,1,310817
7290000009421,false,עצמות בקר טרי,,,עצמות בקר טרי,קילוגרמים,1.00,"ק""ג",true,,39.90,39.9000,true,1,312317
7290000009431,false,רבע כבש טרי,,,רבע כבש טרי,קילוגרמים,1.00,"ק""ג",true,,119.90,119.9000,true,1,309046
7290000009433,false,צלעות טלה טרי,,,צלעות טלה טרי,קילוגרמים,1.00,"ק""ג",true,,189.90,189.9000,true,1,309091
7290000009435,false,צוואר טלה טרי,,,צוואר טלה טרי,קילוגרמים,1.00,"ק""ג",true,,74.90,74.9000,true,1,309128
7290000009437,false,בשר טחון מחפוד טרי,,,בשר טחון מחפוד טרי,קילוגרמים,1.00,"ק""ג",true,,64.90,64.9000,true,1,309435
7290000009438,false,צלעות מחפוד טרי,,,צלעות מחפוד טרי,קילוגרמים,1.00,"ק""ג",true,,79.90,79.9000,true,1,309454
7290000009439,false,כתף מחפוד טרי,,,כתף מחפוד טרי,קילוגרמים,1.00,"ק""ג",true,,64.90,64.9000,true,1,309471
7290000009440,false,צלי כתף מחפוד טרי,,,צלי כתף מחפוד טרי,קילוגרמים,1.00,"ק""ג",true,,104.90,104.9000,true,1,309491
7290000009441,false,פילה מדומה מחפוד טרי,,,פילה מדומה מחפוד טרי,קילוגרמים,1.00,"ק""ג",true,,84.90,84.9000,true,1,309509
7290000009443,false,אוסובוקו מחפוד טרי,,,אוסובוקו מחפוד טרי,קילוגרמים,1.00,"ק""ג",true,,64.90,64.9000,true,1,309528
7290000009444,false,אנטריקוט מחפוד טרי,,,אנטריקוט מחפוד טרי,קילוגרמים,1.00,"ק""ג",true,,149.90,149.9000,true,1,309548
7290000009446,false,אסאדו ע.ע מחפוד טרי,,,אסאדו ע.ע מחפוד טרי,קילוגרמים,1.00,"ק""ג",true,,69.90,69.9000,true,1,309645
7290000009447,false,סינטה מחפוד טרי,,,סינטה מחפוד טרי,קילוגרמים,1.00,"ק""ג",true,,124.90,124.9000,true,1,309661
7290000009455,false,צוואר בקר מחפוד טרי,,,צוואר בקר מחפוד טרי,קילוגרמים,1.00,"ק""ג",true,,69.90,69.9000,true,1,319654
7290000009458,false,צוואר ע.ע מחפוד,,,צוואר ע.ע מחפוד,קילוגרמים,1.00,"ק""ג",true,,59.90,59.9000,true,1,318805
7290000009459,false,חזה ע.ע מחפוד,,,חזה ע.ע מחפוד,קילוגרמים,1.00,"ק""ג",true,,59.90,59.9000,true,1,318852
7290000009460,false,כתף ע.ע מחפוד,,,כתף ע.ע מחפוד,קילוגרמים,1.00,"ק""ג",true,,59.90,59.9000,true,1,318887
7290000009464,false,אנטריקוט ע.ע טרי,,,אנטריקוט ע.ע טרי,קילוגרמים,1.00,"ק""ג",true,,94.90,94.9000,true,1,319099
7290000009465,false,אנטריקוט ע.ע מחפוד ט,,,אנטריקוט ע.ע מחפוד ט,קילוגרמים,1.00,"ק""ג",true,,104.90,104.9000,true,1,319129
7290000009467,false,בריסקט טרי,,,בריסקט טרי,קילוגרמים,1.00,"ק""ג",true,,64.90,64.9000,true,1,319160
7290000009479,false,שומן כבש טרי,,,שומן כבש טרי,קילוגרמים,1.00,"ק""ג",true,,99.90,99.9000,true,1,319718
7290000009480,false,עצמות מח חלק טרי,,,עצמות מח חלק טרי,קילוגרמים,1.00,"ק""ג",true,,24.90,24.9000,true,1,319734
7290000009485,false,לשון בקר מחפוד טרי,,,לשון בקר מחפוד טרי,קילוגרמים,1.00,"ק""ג",true,,69.90,69.9000,true,1,320036
7290000009487,false,בשר ראש בקר מחפוד טר,,,בשר ראש בקר מחפוד טר,קילוגרמים,1.00,"ק""ג",true,,54.90,54.9000,true,1,320081
7290000009498,false,נתח קצבים בקר מחפוד,,,נתח קצבים בקר מחפוד,קילוגרמים,1.00,"ק""ג",true,,110.90,110.9000,true,1,320371
7290000014510,false,חסה עגולה,,,חסה עגולה,יח',1.00,יח',false,,6.90,6.9000,true,1,50873
7290000022522,false,עוף טרי ארוז רובין -,,,עוף טרי ארוז רובין -,קילוגרמים,1.00,"ק""ג",true,,25.90,25.9000,true,1,46723
7290000022539,false,חזה עוף טרי ארוז רוב,,,חזה עוף טרי ארוז רוב,קילוגרמים,1.00,"ק""ג",true,,39.90,39.9000,true,1,46724
7290000022546,false,כרעיים עוף טרי ארוז,,,כרעיים עוף טרי ארוז,קילוגרמים,1.00,"ק""ג",true,,34.90,34.9000,true,1,46725
7290000022553,false,כנפיים עוף טרי ארוז,,,כנפיים עוף טרי ארוז,קילוגרמים,1.00,"ק""ג",true,,17.90,17.9000,true,1,46726
7290000022577,false,שוקיים עוף טרי ארוז,,,שוקיים עוף טרי ארוז,קילוגרמים,1.00,"ק""ג",true,,40.90,40.9000,true,1,46728
7290000022638,false,שניצל עוף טרי ארוז ר,,,שניצל עוף טרי ארוז ר,קילוגרמים,1.00,"ק""ג",true,,41.90,41.9000,true,1,46730
7290000023083,false,ערק אשקלון בקבוק 700,"יקבי ברקן בע""\מ",,"ערק אשקלון 700 מ""ל כ",מיליליטרים,700.00,"100 מ""ל",false,,50.90,0.0727,true,1,9284
7290000023809,false,"יין קלאסיק קברנה סוביניון ברקן 750 מ""ל",יקבי ברקן שיווק והפצה בע,,קלאסיק קברנה סובניון,מיליליטרים,750.00,"100 מ""ל",false,,32.90,0.0439,true,1,9297
7290000023816,false,"יין קלאסיק אמרלד ריזלינג ברקן 750 מ""ל",יקבי ברקן שיווק והפצה בע,,קלאסיק אמרלד ריזלינג,מיליליטרים,750.00,"100 מ""ל",false,,32.90,0.0439,true,1,9298
7290000024523,false,"תירוש של סגל ,מיץ ענבים , 1 ליטר",כרמי צבי - האחים סגל,,תירוש של סגל 1 ליטר,ליטרים,1.00,ליטר,false,,13.90,13.9000,true,1,9315
7290000024905,false,"וודקה קגלביץ' קלאסיקה 700 מ""ל","יקבי ברקן בע""\מ",,קגלביץ קלאסיקה 700 מ,מיליליטרים,700.00,"100 מ""ל",false,,50.90,0.0727,true,1,9321
7290000029175,false,עוף קפוא מס`1 גלאט י,,,עוף קפוא מס`1 גלאט י,קילוגרמים,1.00,"ק""ג",true,,26.90,26.9000,true,1,46733
7290000029205,false,כרעיים עוף קפוא גלאט,,,כרעיים עוף קפוא גלאט,קילוגרמים,1.00,"ק""ג",true,,36.90,36.9000,true,1,46735
7290000029236,false,חזה עוף קפוא גלאט יר,,,חזה עוף קפוא גלאט יר,קילוגרמים,1.00,"ק""ג",true,,46.90,46.9000,true,1,46736
7290000029250,false,כנפיים עוף קפוא גלאט,,,כנפיים עוף קפוא גלאט,קילוגרמים,1.00,"ק""ג",true,,19.90,19.9000,true,1,46737
7290000029342,false,שניצל עוף קפוא גלאט,,,שניצל עוף קפוא גלאט,קילוגרמים,1.00,"ק""ג",true,,49.90,49.9000,true,1,46741
7290000029526,false,עוף טרי ארוז גלאט יר,,,עוף טרי ארוז גלאט יר,קילוגרמים,1.00,"ק""ג",true,,26.90,26.9000,true,1,46744
7290000029533,false,חזה עוף טרי ארוז גלא,,,חזה עוף טרי ארוז גלא,קילוגרמים,1.00,"ק""ג",true,,46.90,46.9000,true,1,46745
7290000029540,false,כרעיים עוף טרי ארוז,,,כרעיים עוף טרי ארוז,קילוגרמים,1.00,"ק""ג",true,,35.90,35.9000,true,1,46746
7290000029632,false,שניצל עוף פרוס שארית,,,שניצל עוף פרוס שארית,קילוגרמים,1.00,"ק""ג",true,,49.90,49.9000,true,1,46752
7290000029649,false,גרון עוף טרי ארוז ג,,,גרון עוף טרי ארוז ג,קילוגרמים,1.00,"ק""ג",true,,7.90,7.9000,true,1,46753
7290000039235,false,פילה מיניון עגל טרי,,,פילה מיניון עגל טרי,קילוגרמים,1.00,"ק""ג",true,,219.00,219.0000,true,1,1715
7290000040042,false,יופלה יוגורט תות %3 גביע 150 גרם,קריות זול,,יופלה תות שובב 3% 15,מיליליטרים,150.00,"100 מ""ל",false,,4.90,0.0327,true,1,25688
7290000040066,false,יוגורט יופלה דובדבן 3% שומן 150 גרם,תנובה מרכז שיתופי לש,,יופלה דובדבן פראי 3%,מיליליטרים,150.00,"100 מ""ל",false,,4.90,0.0327,true,1,25689
7290000040301,false,תנובה עין גדי קממבר מחלב בקר 24% שומן,תנובה מרכז שיתופי לש,,תנובה גבינת קממבר עי,גרמים,125.00,100 גרם,false,,17.90,0.1432,true,1,25691
7290000040318,false,גבינת ברי 24% קולאז עדי תנובה 125 ג',תנובה מרכז שיתופי לש,,תנובה גבינת ברי 24%,גרמים,125.00,100 גרם,false,,17.90,0.1432,true,1,25692
7290000040974,false,חלב דל לקטוז 2% תנובה קרטון 1 ליטר,תנובה מרכז שיתופי לש,,חלב תנובה קרטון דל ל,ליטרים,1.00,ליטר,false,,7.10,7.1000,true,1,25695
7290000041407,false,"גיל קטן 3% תנובה 125 מ""ל בד""ץ",תנובה מרכז שיתופי לש,,"גיל 3% בד""צ 125 מ""ל",מיליליטרים,125.00,"100 מ""ל",false,,0.90,0.0072,true,1,25696
7290000041445,false,קוטג תנובה גביע 250 גרם 5% בדצ,מיוצר עי קונדיטוריית,,"קוטג' 5% תנובה בד""צ",גרמים,250.00,100 גרם,false,,5.50,0.0220,true,1,25697
7290000041452,false,קוטג תנובה גביע 250 גרם 9% בדצ,תנובה מרכז שיתופי לש,,"קוטג' תנובה בד""צ 9%",גרמים,250.00,100 גרם,false,,5.50,0.0220,true,1,25698
7290000042008,false,חלב תנובה טרי 3% שקית 1 ל',"תנובה, מחלבת רחובות",,חלב תנובה רבנות 3% ב,ליטרים,1.00,ליטר,false,,5.43,5.4300,true,1,25699
7290000042015,false,"חלב שתייה תנובה בד""צ בשקית 1 ליטר",תנובה מרכז שיתופי לש,,חלב תנובה טרי שקית,יחידה,0.00,יחידה,false,,5.43,0.0000,true,1,25700
7290000042855,false,"שוקו בשקית 250 מ""ל ""יטבתה""",שטראוס גרופ,,יטבתה שוקו שקית 225,מיליליטרים,225.00,"100 מ""ל",false,,2.90,0.0129,true,1,23223
7290000043012,false,"שוקו עמיד 2% בקרטון 250 מ""ל תנובה",תנובה מרכז שיתופי לש,,שוק שוקו עמיד 2% בקר,מיליליטרים,250.00,"100 מ""ל",false,,4.90,0.0196,true,1,25713
7290000043814,false,השף הלבן שמנת להקצפה 38% שומן 250 מל - מוצר בפיקוח,תנובה מרכז שיתופי לש,,שף לבן שמנת לקצפת עמ,מיליליטרים,250.00,"100 מ""ל",false,,6.47,0.0259,true,1,25716
7290000043890,false,תנובה רויון לבן מחלב מפסוטר 1.5%,תנובה מרכז שיתופי לש,,ריויון 1.5% 1ל,ליטרים,1.00,ליטר,false,,10.90,10.9000,true,1,25717
7290000044712,false,יוגורט עם תות 1.5% שומן 500 ג' פרילי,מיוצר עי קונדיטוריית,,פרילי תות 1.5% 500מל,מיליליטרים,500.00,"100 מ""ל",false,,10.90,0.0218,true,1,25722
7290000047621,false,גבינה לבנה רכה 5% תנובה 250ג' מהדרין,תנובה מרכז שיתופי לש,,"גבינה לבנה רכה בד""צ",גרמים,250.00,100 גרם,false,,4.98,0.0199,true,1,25732
7290000047942,false,**תנובה גבינה לבנה מהדרין 9% 250ג,תנובה מרכז שיתופי לש,,תנובה גבינה לבנה 9%,גרמים,250.00,100 גרם,false,,4.75,0.0190,true,1,25733
7290000048413,false,פיראוס חמד גבינה מלוחה 16% שומן,תנובה מרכז שיתופי לש,,פיראוס חמד 16% 250ג,גרמים,250.00,100 גרם,false,,17.90,0.0716,true,1,25737
7290000048437,false,פיראוס צפתית 5% שומן 200 גרם,פארייפאבה אגרואינדוס,,פיראוס צפתית 5% 200,גרמים,200.00,100 גרם,false,,13.90,0.0695,true,1,25738
7290000048451,false,פיראוס חרמון מלוחה 16% 250גר,תנובה מרכז שיתופי לש,,פיראוס חרמון מלוחה 1,גרמים,250.00,100 גרם,false,,16.90,0.0676,true,1,25740
7290000050447,false,"יוגורט ביו בטעם תות YYY יופלה 500 מ""ל",מיוצר עי קונדיטוריית,,יופלהYYY תות 3% 500מ,מיליליטרים,500.00,"100 מ""ל",false,,12.60,0.0252,true,1,25745
7290000050454,false,יוגורט יופלה אפרסק 3% שומן 500 גרם,מיוצר עי קונדיטוריית,,יופלהYYY אפרסק 3% 50,מיליליטרים,500.00,"100 מ""ל",false,,12.60,0.0252,true,1,25746
7290000051376,false,יוגורט יופלה דיאט אננס 0% שומן 150 גרם,תנובה מרכז שיתופי לש,,יופלה דיאט אננס ספור,מיליליטרים,150.00,"100 מ""ל",false,,4.90,0.0327,true,1,25753
7290000052311,false,גבינה צהובה עמק לייט 15% שומן 200 גרם,תנובה מרכז שיתופי לש,,עמק מהדרין 15% 200 ג,גרמים,200.00,100 גרם,false,,15.90,0.0795,true,1,25760
7290000052649,false,גבינת לאבנה 5% שומן 500 ג' פיראוס,תנובה מרכז שיתופי לש,,פיראוס לאבנה 5% 500ג,גרמים,500.00,100 גרם,false,,19.90,0.0398,true,1,25762
7290000052946,false,מארז יוגורט יופלה לבן מעודן בדצ 8*150,תנובה מרכז שיתופי לש,,יופלה בדץ מעודן 8*15,ליטרים,1.20,ליטר,false,,19.90,16.5833,true,1,25765
7290000053981,false,מאגדת יופלה 4*תות 150ג 4*אפרסק 150ג בדצ,תנובה מרכז שיתופי לש,,מאגדת יופלה תות ואפר,קילוגרמים,1.20,"ק""ג",false,,24.90,20.7500,true,1,25768
7290000056000,false,קדמי כבש טרי,,,קדמי כבש טרי,קילוגרמים,1.00,"ק""ג",true,,109.90,109.9000,true,1,1726
7290000056753,false,עמק קלאסית 28% שומן 200 גרם פרוס בדצ בקופסא,תנובה,,"עמק פרוס 28% בד""צ 20",גרמים,200.00,100 גרם,false,,14.90,0.0745,true,1,25789
7290000056760,false,גבינת עמק פרוס 28% בקופסא 400 גרם,תנובה מרכז שיתופי לש,,"עמק פרוס 28% בד""צ 40",גרמים,400.00,100 גרם,false,,26.90,0.0672,true,1,25790
7290000056890,false,שמיניית דיאט יופלה 0% טעמים שונים 150 גרם,מיוצר עי קונדיטוריית,,יופלה דיאט טעמים שונ,קילוגרמים,1.20,"ק""ג",false,,29.90,24.9167,true,1,25794
7290000057088,false,עמק גבינה צהובה פרוסה דק דק 28% תנובה 200 גרם,תנובה מרכז שיתופי לש,,עמק דק דק 28% 200גר,גרמים,200.00,100 גרם,false,,14.90,0.0745,true,1,25800
7290000057118,false,גבינה צהובה עמק 28% שומן ואקום 400 גרם,תנובה מרכז שיתופי לש,,עמק סמי 28% 400 גר,גרמים,400.00,100 גרם,false,,20.90,0.0522,true,1,25801
7290000057149,false,יוגורט תנובה טבעי 3% גביע 200 גרם,מיוצר עי קונדיטוריית,,תנובה יוגורט טבעי 3%,גרמים,200.00,100 גרם,false,,3.50,0.0175,true,1,25803
7290000058002,false,צוואר עגל חלק טרי,,,צוואר עגל חלק טרי,קילוגרמים,1.00,"ק""ג",true,,79.90,79.9000,true,1,1732
7290000058003,false,צלעות עגל חלק טרי,,,צלעות עגל חלק טרי,קילוגרמים,1.00,"ק""ג",true,,79.90,79.9000,true,1,1733
7290000058004,false,סטייק ע.ע עגל חלק טר,,,סטייק ע.ע עגל חלק טר,קילוגרמים,1.00,"ק""ג",true,,109.90,109.9000,true,1,1734
7290000058006,false,אסדו על עצם עגל חלק,,,אסדו על עצם עגל חלק,קילוגרמים,1.00,"ק""ג",true,,69.90,69.9000,true,1,1736
7290000058007,false,צלי כתף עגל חלק טרי,,,צלי כתף עגל חלק טרי,קילוגרמים,1.00,"ק""ג",true,,89.90,89.9000,true,1,1737
7290000058011,false,ראות עגל טרי,,,ראות עגל טרי,קילוגרמים,1.00,"ק""ג",true,,29.90,29.9000,true,1,1741
7290000058014,false,לשון עגל טרי,,,לשון עגל טרי,קילוגרמים,1.00,"ק""ג",true,,69.90,69.9000,true,1,1744
7290000058015,false,זנב עגל טרי,,,זנב עגל טרי,קילוגרמים,1.00,"ק""ג",true,,69.90,69.9000,true,1,1745
7290000058019,false,יעקבס קממברט עיזים ב,,,רגל עגל טרי,קילוגרמים,1.00,"ק""ג",true,,34.90,34.9000,true,1,1747
7290000058022,false,אוסובוקו עגל חלק טרי,,,אוסובוקו עגל חלק טרי,קילוגרמים,1.00,"ק""ג",true,,74.90,74.9000,true,1,1749
7290000058030,false,"שמיניית יופלה שטוזים משקה יוגורט תות 100 מ""ל",מיוצר עי קונדיטוריית,,יופלה שטוזים משקה יו,מיליליטרים,800.00,"100 מ""ל",false,,20.90,0.0261,true,1,25808
7290000058032,false,צלעות ע.ע עגל חלק טר,,,צלעות ע.ע עגל חלק טר,קילוגרמים,1.00,"ק""ג",true,,69.90,69.9000,true,1,1754
7290000058040,false,אנטריקוט עגל חלק טרי,,,אנטריקוט עגל חלק טרי,קילוגרמים,1.00,"ק""ג",true,,149.90,149.9000,true,1,1757
7290000058047,false,שמנת להקצפה 38% 500מל מהדרין עמיד השף הלבן,תנובה מרכז שיתופי לש,,שף לבן שמנת מתוקה מה,מיליליטרים,500.00,"100 מ""ל",false,,12.94,0.0259,true,1,25809
7290000058979,false,גיל בטעם תות 3% שומן 125 ג' תנובה,תנובה מרכז שיתופי לש,,"גיל בטעם תות בד""צ 3%",גרמים,125.00,100 גרם,false,,1.50,0.0120,true,1,25815
7290000059501,false,כתף כבש טרי,,,כתף כבש טרי,קילוגרמים,1.00,"ק""ג",true,,109.90,109.9000,true,1,1763
7290000059504,false,צלעות כבש טרי,,,צלעות כבש טרי,קילוגרמים,1.00,"ק""ג",true,,169.90,169.9000,true,1,1766
7290000060071,false,אוסם - חטיפי פריכונים מאורז מלא קלוי 80גר,"פרח תעשיות מזון בע""מ.",,חטיפי פריכונים מאורז,גרמים,80.00,100 גרם,false,,7.90,0.0988,true,1,18405
7290000060088,false,בייגלה אסם מקלות מלוחים 400 גרם,מיוצר עי קונדיטוריית,,בייגלה אסם מקלות מלו,גרמים,400.00,100 גרם,false,,10.90,0.0273,true,1,18406
7290000060163,false,פסטה אסם אטריות דקות 400גר,"אסם תעשיות בע""מ",,אטריות דקות אסם 400,גרמים,400.00,100 גרם,false,,6.90,0.0173,true,1,18409
7290000060200,false,פסטה אסם פתיתים אפויים קוסקוס 500גר,"אסם תעשיות בע""מ",,פתיתים אפויים קוסקוס,גרמים,500.00,100 גרם,false,,6.90,0.0138,true,1,18410
7290000060217,false,פסטה מקרוני מספר 7 אסם 500 גרם,פסטה זארה,,פסטה מקרוני אסם 500,גרמים,500.00,100 גרם,false,,5.90,0.0118,true,1,18411
7290000060248,false,פסטה אסם פתיתים תלתלים 500 גר',פסטה זארה,,פסטה תלתלים אסם 500,גרמים,500.00,100 גרם,false,,5.90,0.0118,true,1,18412
7290000060330,false,פרפקטו פרפקטו ספיראלי גירף 500 גר,אסם פרפקטו,,פסטה ספירלי פרפקטו 5,גרמים,500.00,100 גרם,false,,6.90,0.0138,true,1,18416
7290000060408,false,פסטה אסם פתיתים אפויים טבעות 500 גר,"אסם השקעות בע""\מ",,פתיתים אפויים טבעות,גרמים,500.00,100 גרם,false,,6.90,0.0138,true,1,18418
7290000060415,false,"פסטה פרפקטו לאזניה 500 ג' ""אסם""",אסם פרפקטו,,לזאניה פרפקטו 500 ג,גרמים,500.00,100 גרם,false,,12.90,0.0258,true,1,18419
7290000060576,false,פתיתים אפויים כוכבים אסם 500 גרם,"אסם השקעות בע""\מ",,פתיתים אפויים כוכבים,גרמים,500.00,100 גרם,false,,6.90,0.0138,true,1,18425
7290000060781,false,פסטה אסם פתיתים מסולסלים 500גר,קריות זול,,פסטה מסולסלים אסם 50,גרמים,500.00,100 גרם,false,,5.90,0.0118,true,1,18426
7290000060828,false,פסטה קרניים בינוניות אסם 500 גרם,קריות זול,,פסטה קרניים בינוניות,גרמים,500.00,100 גרם,false,,5.90,0.0118,true,1,18427
7290000060842,false,פסטה אסם פתיתים צדפים גדולים 500גר,קריות זול,,פסטה צדפים גדולים אס,גרמים,500.00,100 גרם,false,,5.90,0.0118,true,1,18428
7290000060880,false,פסטה ספגטי מספר 8 אסם 500 גרם,קריות זול,,ספגטי אסם 500 גרם,גרמים,500.00,100 גרם,false,,5.90,0.0118,true,1,18431
7290000060903,false,פסטה אסם פתיתים אפויים אורז 500גר,"אסם השקעות בע""\מ",,פתיתים אפויים אורז א,גרמים,500.00,100 גרם,false,,6.90,0.0138,true,1,18432
7290000060958,false,פסטה אסם אטריות בינוניות 400 גרם,"אסם השקעות בע""\מ",,אטריות בינוניות אסם,גרמים,400.00,100 גרם,false,,6.90,0.0173,true,1,18434
7290000060965,false,פסטה אסם אטריות רחבות 400גר,"אסם השקעות בע""\מ",,אטריות רחבות אסם 400,גרמים,400.00,100 גרם,false,,6.90,0.0173,true,1,18435
7290000061061,false,קרקר חיטה עם בצל אסם,"אסם השקעות בע""\מ",,אסם קרקר בצל 250גרם,גרמים,250.00,100 גרם,false,,8.90,0.0356,true,1,18437
7290000061085,false,"רוטב צילי מתוק 290 מ""ל-בקבוק","אסם השקעות בע""\מ",,אסם רוטב צ'ילי מתוק,מיליליטרים,290.00,"100 מ""ל",false,,11.90,0.0410,true,1,18438
7290000061108,false,"רוטב טריאקי 290 מ""ל-בקבוק","אסם השקעות בע""\מ",,רוטב טריאקי אסם 290,מיליליטרים,290.00,"100 מ""ל",false,,11.90,0.0410,true,1,18439
7290000061214,false,פתיתים אפויים קוסקוס עם בצל אסם 500 גרם,"אסם השקעות בע""\מ",,פתיתים קוסקוס בצל אס,גרמים,500.00,100 גרם,false,,6.90,0.0138,true,1,18440
7290000061450,false,פתיתים אפויים קוסקוס 3 צבעים אסם 500 גרם,"אסם השקעות בע""\מ",,פתיתים קוסקוס 3 צבעי,גרמים,500.00,100 גרם,false,,6.90,0.0138,true,1,18443
7290000061764,false,קפה נמס מגורען רד מאג 200 גרם,נסטלה ספרד קפה,,נס קפה רד מאג טעם חד,גרמים,200.00,100 גרם,false,,21.90,0.1095,true,1,18444
7290000062952,false,אוסם - מיני קרוטונים למרק ולסלט 250 גרם,עינת תעשיות מזון אגו,,מיני קרוטונים למרק ו,גרמים,250.00,100 גרם,false,,15.50,0.0620,true,1,18450
7290000063133,false,אסם שקדי מרק רכיבים טבעיים 24*100גרם,"אסם השקעות בע""מ",,שקדי מרק רכיבים טבעי,גרמים,100.00,100 גרם,false,,5.90,0.0590,true,1,18454
7290000063140,false,שקדי מרק רכיבים טבעיים בשקית 400 ג' אסם,"אסם תעשיות בע""מ",,שקדי מרק רכיבים טבעי,גרמים,400.00,100 גרם,false,,12.90,0.0323,true,1,18455
7290000063157,false,"קמח עוגה תופח מאליו אסם 1 ק""ג","אסם השקעות בע""\מ",,קמח עוגה תופח מאליו,קילוגרמים,1.00,"ק""ג",false,,9.90,9.9000,true,1,18456
7290000064758,false,קוסקוס בינוני אמיתי אסם 350 ג',"מיוצר ע""י קוד יצרן K",,קוסקוס אמיתי אסם 350,גרמים,350.00,100 גרם,false,,8.90,0.0254,true,1,18466
7290000064871,false,"אוסם - מנה חמה פירה תפו""א עם בצל 56 גרם","אסם תעשיות בע""מ",,"מנה חמה פירה תפו""א ו",גרמים,56.00,100 גרם,false,,5.90,0.1054,true,1,18467
7290000065063,false,פילה סלמון נורווגי,,,פילה סלמון 1400-100,קילוגרמים,1.00,"ק""ג",true,,64.90,64.9000,true,1,51395
7290000065070,false,נתחי סלמון קמעונאי 4,,,נתחי סלמון קמעונאי 4,קילוגרמים,1.00,"ק""ג",true,,86.90,86.9000,true,1,51396
7290000065090,false,מיני קרוטונים מתובלים למרק ולסלט אסם 400 גרם,עינת תעשיות מזון אגו,,מיני קרוטונים למרק ו,גרמים,400.00,100 גרם,false,,20.90,0.0522,true,1,18468
7290000065335,false,אוסם - מנה חמה פירה עם ירקות 55 גרם,"אסם השקעות בע""מ",,מנה חמה פירה וירקות,גרמים,55.00,100 גרם,false,,5.90,0.1073,true,1,18470
7290000065540,false,אוסם - מנה חמה פסטה מוקרמת בטעם עוף 55 גרם,"אסם תעשיות בע""מ",,מנה חמה פסטה מוקרמת,גרמים,55.00,100 גרם,false,,5.90,0.1073,true,1,18471
7290000065557,false,אוסם - מנה חמה קוסקוס עם ירקות 84 גרם,"אסם תעשיות מזון בע""מ",,מנה חמה קוסקוס וירקו,גרמים,84.00,100 גרם,false,,5.90,0.0702,true,1,18472
7290000066141,false,ביסלי חטיף בטעם גריל אסם 70 גרם,"אסם השקעות בע""\מ",,ביסלי גריל 70 גר'.,גרמים,70.00,100 גרם,false,,3.90,0.0557,true,1,18480
7290000066189,false,ביסלי חטיף בטעם פלאפל אסם 200 גרם,"אסם השקעות בע""\מ",,ביסלי גדול פלאפל 200,גרמים,200.00,100 גרם,false,,6.90,0.0345,true,1,18484
7290000066196,false,ביסלי חטיף בטעם גריל אסם 200 גרם,מיוצר עי קונדיטוריית,,ביסלי גריל 200גרם,גרמים,200.00,100 גרם,false,,6.90,0.0345,true,1,18485
7290000066226,false,ביסלי חטיף בטעם פיצה אסם 200 גרם,מיוצר עי קונדיטוריית,,ביסלי טעם פיצה 200גר,גרמים,200.00,100 גרם,false,,6.90,0.0345,true,1,18488
7290000066264,false,דובונים חטיף תפוחי אדמה אסם 40 גרם,"אסם השקעות בע""\מ",,דובונים 40גרם,גרמים,40.00,100 גרם,false,,5.00,0.1250,true,1,18489
7290000066295,false,במבה מתוקה מחומרים טבעיים 30 גרם,מיוצר עי קונדיטוריית,,במבה מתוקה מחומרים ט,גרמים,30.00,100 גרם,false,,2.90,0.0967,true,1,18490
7290000066318,false,במבה חטיף בוטנים אסם 80 גרם,"אסם השקעות בע""\מ",,במבה קלאסי 80 גרם,גרמים,80.00,100 גרם,false,,4.50,0.0563,true,1,18492
7290000066349,false,אפרופו חטיף תירס אסם 100 גרם,מיוצר עי קונדיטוריית,,אפרופו 100גרם,גרמים,100.00,100 גרם,false,,8.90,0.0890,true,1,18494
7290000066431,false,פופקו חטיף פופקורן בטעם חמאה ודבש אסם 80 גרם,מיוצר עי קונדיטוריית,,פופקו חמאה ודבש 80גר,גרמים,80.00,100 גרם,false,,5.90,0.0738,true,1,18495
7290000067544,false,פירורית זהב פירורי לחם אסם 200 גרם,עינת תעשיות מזון אגו,,אסם פירורית פירורי ל,גרמים,200.00,100 גרם,false,,6.50,0.0325,true,1,18504
7290000067599,false,אוסם - מנה חמה ספגטי רוטב בולנז 65 גרם,"אסם השקעות בע""\מ",,מנה חמה ספגטי בולונז,גרמים,65.00,100 גרם,false,,5.90,0.0908,true,1,18508
7290000068138,false,אינסטנט פודינג בטעם וניל אסם 80 גרם,מיוצר עי קונדיטוריית,,אסם פודינג אינסטנט ו,גרמים,80.00,100 גרם,false,,5.90,0.0738,true,1,18514
7290000068190,false,אסם ג'לי תות שדה צבעים טבעיים 90 גרם,מיוצר עי קונדיטוריית,,אסם ג'לי תות שדה צבע,גרמים,90.00,100 גרם,false,,6.90,0.0767,true,1,18518
7290000068206,false,אסם ג'לי משמש צבעים טבעיים 85 גרם,מיוצר עי קונדיטוריית,,אסם ג'לי משמש צבעים,גרמים,85.00,100 גרם,false,,6.90,0.0812,true,1,18519
7290000068237,false,אבקה להכנת ג'לי בטעם פטל אסם 85 גרם,מיוצר עי קונדיטוריית,,אסם ג'לי פטל צבעים ט,גרמים,85.00,100 גרם,false,,6.90,0.0812,true,1,18520
7290000068251,false,אבקה להכנת ג'לי בטעם אננס אסם 85 גרם,מיוצר עי קונדיטוריית,,אסם ג'לי אננס צבעים,גרמים,85.00,100 גרם,false,,6.90,0.0812,true,1,18521
7290000068343,false,אסם פריכונים פרוסות קלויות מלא,"פרח תעשיות מזון בע""מ.",,פריכונים מאורז מלא א,גרמים,140.00,100 גרם,false,,6.90,0.0493,true,1,18524
7290000068701,false,אסם שקדי מרק רכיבים טבע.מיכל 400 גרם,"אסם השקעות בע""מ",,שקדי מרק במיכל אסם 4,גרמים,400.00,100 גרם,false,,16.90,0.0422,true,1,18525
7290000068770,false,במבה יום הולדת חטיף בוטנים אסם 80 גרם,"אסם השקעות בע""\מ",,במבה יום הולדת 80גרם,גרמים,80.00,100 גרם,false,,4.50,0.0563,true,1,18526
7290000068787,false,במבה יום הולדת חטיף בוטנים אסם 25 גרם,מיוצר עי קונדיטוריית,,במבה יום הולדת 25גרם,גרמים,25.00,100 גרם,false,,2.50,0.1000,true,1,18527
7290000069364,false,פריכונים מאורז מלא ללא תוספת סוכר אסם 140 גרם,"פרח תעשיות מזון בע""מ.",,פריכונים מאורז מלא ל,גרמים,140.00,100 גרם,false,,6.90,0.0493,true,1,18532
7290000069609,false,חטיפי קרקר בטעם זעתר אסם 300 גרם,"אסם תעשיות בע""מ",,אסם חטיפי קרקר זעתר,גרמים,300.00,100 גרם,false,,11.90,0.0397,true,1,18535
7290000070308,false,אבקת מרק עוף אמיתי בשרי אסם 400 גרם,"אסם השקעות בע""\מ",,מרק עוף אמיתי אסם 40,גרמים,400.00,100 גרם,false,,23.90,0.0597,true,1,18542
7290000070322,false,אבקת מרק פטריות רכיבים טבעיים אסם 400 גרם,"אסם השקעות בע""\מ",,אבקת מרק פטריות רכיב,גרמים,400.00,100 גרם,false,,28.00,0.0700,true,1,18543
7290000070919,false,בייגלה אסם רשתות עם מלח 400 ג',מיוצר עי קונדיטוריית,,בייגלה אסם רשתות מלח,גרמים,400.00,100 גרם,false,,14.50,0.0363,true,1,18552
7290000072241,false,"רוטב פיצה 290 מ""ל-בקבוק","אסם השקעות בע""\מ",,אסם רוטב פיצה 290מל,מיליליטרים,290.00,"100 מ""ל",false,,11.90,0.0410,true,1,18558
7290000072623,false,קטשופ אסם בקבוק לחיץ 750 גרם,"אסם השקעות בע""מ",,אסם קטשופ בקבוק לחיץ,גרמים,750.00,100 גרם,false,,11.90,0.0159,true,1,18560
7290000072630,false,קטשופ אסם חריף 750 גרם-בקבוק,"אסם תעשיות בע""מ",,אסם קטשופ חריף 750 ג,גרמים,750.00,100 גרם,false,,11.90,0.0159,true,1,18561
7290000072753,false,קפה נמס מגורען טסטרס צ'ויס 200 גרם-,לוטה נסטלה קוריאה,,נס קפה טייסטרס צ'ויס,גרמים,200.00,100 גרם,false,,29.90,0.1495,true,1,18563
7290000072760,false,נסקפה טייסטרס צויס 100 גר אוריגנל,נסטלה קוריאה - קפה,,טייסטרס צ'וייס 100גר,גרמים,100.00,100 גרם,false,,28.90,0.2890,true,1,18564
7290000072777,false,קפה נמס מגורען נטול קפאין טסטרס צ'ויס 200 גרם,לוטה נסטלה קוריאה,,טייסטרס צוייס נטול ק,גרמים,200.00,100 גרם,false,,36.90,0.1845,true,1,18565
7290000073125,false,מנה חמה פסטה ברוטב עגבניות אסם 62 גרם,"אסם השקעות בע""\מ",,מנה חמה פסטה עם עגבנ,גרמים,62.00,100 גרם,false,,5.90,0.0952,true,1,18572
7290000073415,false,אוסם - מנה חמה פסטה ברוטב פיצה 61 גרם,"אסם השקעות בע""\מ",,מנה חמה פסטה ברוטב פ,גרמים,61.00,100 גרם,false,,5.90,0.0967,true,1,18573
7290000073699,false,סלט חומוס סלטי צבר 1,סלטי צבר,,צבר חומוס חלק 150ג,גרמים,150.00,100 גרם,false,,5.50,0.0367,true,1,19626
7290000073750,false,מנה חמה נודלס אטר+ירקות טעם עוף 70 גרם,PUB FOODS PRESIDENT THAI,,מנה חמה נודלס בטעם ע,גרמים,70.00,100 גרם,false,,6.90,0.0986,true,1,18575
7290000073767,false,מנה חמה נודלס אטר.+ירקות טעם בקר 70 גרם,PUB FOODS PRESIDENT THAI,,מנה חמה נודלס בטעם ב,גרמים,70.00,100 גרם,false,,6.90,0.0986,true,1,18576
7290000073774,false,מנה חמה נודלס אטר+ירקות טעם צילי 70 גרם,טאי רזידנט,,מנה חמה נודלס בטעם פ,גרמים,70.00,100 גרם,false,,6.90,0.0986,true,1,18577
7290000074153,false,ביסקוויט פתי בר שוקולד אסם 500 גרם,מיוצר עי קונדיטוריית,,אסם פתי בר שוקו 500ג,גרמים,500.00,100 גרם,false,,13.90,0.0278,true,1,18581
7290000074184,false,אוסם - פתי בר בינוני 500 גרם,"אסם השקעות בע""\מ",,אסם פתי בר 500גרם.,גרמים,500.00,100 גרם,false,,10.90,0.0218,true,1,18583
7290000074245,false,אוסם - קרם קרקר אסם 250 גרם,"אסם השקעות בע""\מ",,אסם קרם קרקר 250גרם,גרמים,250.00,100 גרם,false,,8.90,0.0356,true,1,18584
7290000074252,false,קרקר שומשום אסם 250 גרם,"אסם השקעות בע""\מ",,אסם קרקר שומשום 250ג,גרמים,250.00,100 גרם,false,,8.90,0.0356,true,1,18585
7290000074276,false,קרקר פיקנטי טבעון 250 ג' אסם,"אסם השקעות בע""\מ",,טבעון קרקר פיקנטי 25,גרמים,250.00,100 גרם,false,,9.90,0.0396,true,1,18586
7290000074375,false,אוסם - קרקר זהב 150 גרם,"אסם השקעות בע""\מ",,אסם קרקר זהב 150גרם,גרמים,150.00,100 גרם,false,,7.50,0.0500,true,1,18589
7290000074764,false,קרקר הזהב אסם 900 גרם,"אסם השקעות בע""\מ",,קרקר זהב אסם 900 גרם,גרמים,900.00,100 גרם,false,,19.90,0.0221,true,1,18597
7290000075204,false,אוסם - לחמית חיטה מלאה 250 גרם,"אסם השקעות בע""\מ",,לחמית חיטה מלאה 250ג,גרמים,250.00,100 גרם,false,,8.70,0.0348,true,1,18601
7290000075693,false,עוגת הבית שמרים בריוש שוקולד אסם 360 גרם,מיוצר עי קונדיטוריית,,עוגת שמרים בריוש שוק,גרמים,360.00,100 גרם,false,,14.90,0.0414,true,1,18602
7290000076126,false,אוסם - בייגלה שמיניות קטנות 80 גרם,"אסם השקעות בע""\מ",,אסם בייגלה שמיניות ק,גרמים,80.00,100 גרם,false,,3.50,0.0438,true,1,18603
7290000076133,false,בייגלה שמיניות קטנות עם מלח אסם 400 גרם,"אסם השקעות בע""\מ",,בייגלה אסם שמיניות ק,גרמים,400.00,100 גרם,false,,10.90,0.0273,true,1,18604
7290000076645,false,טוסטעים פת קלויה חיטה מלאה אסם 100 גרם,ון דר מולן האלום,,טוסטעים חיטה מלאה אס,גרמים,100.00,100 גרם,false,,9.90,0.0990,true,1,18606
7290000077253,false,אוסם - לחמית כפרית עם דגנים מלאים 190 גרם,"אסם השקעות בע""\מ",,לחמית כפרית 190גרם,גרמים,190.00,100 גרם,false,,10.90,0.0574,true,1,18609
7290000078212,false,קרוטונים מתובלים למרק אסם 250 גרם,עינת תעשיות מזון אגו,,קרוטונים מתובלים אסם,גרמים,250.00,100 גרם,false,,15.00,0.0600,true,1,18612
7290000078762,false,אוסם - חטיפי פריכונים מאורז מלא בטעם דבש 80גר,סנורייס בלגיום אן. ו,,חטיפי פריכונים אורז,גרמים,80.00,100 גרם,false,,7.90,0.0988,true,1,18614
7290000079233,false,קרם קרקר דיאטטי דל נתרן 250 גרם,"אסם תעשיות בע""מ",,אסם קרם קרקר דל נתרן,גרמים,250.00,100 גרם,false,,9.90,0.0396,true,1,18615
7290000080765,false,טוסטעים פת קלויה עם שומשום אסם 100 גרם,ון דר מולן האלום,,טוסטעים פת קלויה עם,גרמים,100.00,100 גרם,false,,9.90,0.0990,true,1,18618
7290000081663,false,"בייגלה טבעות שומשום אסם 300 גרם בד""ץ",מיוצר עי קונדיטוריית,,בייגלה אסם טבעות שומ,גרמים,300.00,100 גרם,false,,10.90,0.0363,true,1,18620
7290000085159,false,פרורי ביסקוויט בטעם וניל הדר 250 גרם,גטניו אם החיטה,,פרורי ביסקוויט וניל,גרמים,300.00,100 גרם,false,,5.90,0.0197,true,1,146927
7290000085180,false,גטניו פתי בר וניל 470 גרם,"אחים גטניו בע""מ",,גטניו - פתיבר וניל 4,גרמים,470.00,100 גרם,false,,9.90,0.0211,true,1,41191
7290000103525,false,גזר גמדי -שמיטה 700 גרם סנפרוסט,"סנפרוסט בע""\מ",,"סנפרוסט גזר גמדי בד""",גרמים,700.00,100 גרם,false,,12.90,0.0184,true,1,25464
7290000103532,false,"סנפרוסט גרעיני תירס בד""ץ 700גר","סנפרוסט בע""\מ",,סנפרוסט גרעיני תירס,גרמים,700.00,100 גרם,false,,12.90,0.0184,true,1,25465
7290000103556,false,גרגירי חומוס מבושל סנפרוסט 700ג' בדצ,"סנפרוסט בע""\מ",,סנפרוסט גרגירי חומוס,גרמים,700.00,100 גרם,false,,14.90,0.0213,true,1,25467
7290000104218,false,סנפרוסט במיה 600 גרם,"איי, בי, אינבוו",,סנפרוסט במיה 600גר,גרמים,600.00,100 גרם,false,,15.90,0.0265,true,1,25490
7290000104713,false,פול ירוק סנפרוסט 800 גרם,"איי, בי, אינבוו",,פול ירוק 800גר,גרמים,800.00,100 גרם,false,,20.90,0.0261,true,1,25497
7290000104799,false,שעועית לבנה מבושלת סנפרוסט 800 גרם,"איי, בי, אינבוו",,שעועית לבנה מבושלת 8,גרמים,800.00,100 גרם,false,,18.90,0.0236,true,1,25504
7290000105145,false,צלעות מחפוד קפוא מס`,,,צלעות מחפוד קפוא מס`,קילוגרמים,1.00,"ק""ג",true,,49.90,49.9000,true,1,46776
7290000105176,false,כתף מס' 4 קפוא מחפו,,,כתף מס' 4 קפוא מחפו,קילוגרמים,1.00,"ק""ג",true,,54.90,54.9000,true,1,46778
7290000105183,false,צלי כתף מס' 5 חלק,,,צלי כתף מס' 5 חלק,קילוגרמים,1.00,"ק""ג",true,,99.90,99.9000,true,1,46779
7290000105190,false,פילה מדומה מחפוד קפו,,,פילה מדומה מחפוד קפו,קילוגרמים,1.00,"ק""ג",true,,63.90,63.9000,true,1,46780
7290000105220,false,שריר בשר מס' 8 מחפוד,,,שריר בשר מס' 8 מחפוד,קילוגרמים,1.00,"ק""ג",true,,63.90,63.9000,true,1,46783
7290000105299,false,חזה בקר מס' 3 קפוא מ,,,חזה בקר מס' 3 קפוא מ,קילוגרמים,1.00,"ק""ג",true,,43.90,43.9000,true,1,46786
7290000105442,false,בשר ראש קפוא מחפוד ב,,,בשר ראש קפוא מחפוד ב,קילוגרמים,1.00,"ק""ג",true,,111.90,111.9000,true,1,46790
7290000105466,false,לשון בקר קפוא מחפוד,,,לשון בקר קפוא מחפוד,קילוגרמים,1.00,"ק""ג",true,,64.90,64.9000,true,1,46791
7290000105572,false,צלי כתף קפוא ארוז מח,,,צלי כתף קפוא ארוז מח,קילוגרמים,1.00,"ק""ג",true,,49.90,49.9000,true,1,46793
7290000107165,false,חטיף סויה אדממה סנפרוסט 400 גרם,"איי, בי, אינבוו",,פולי סויה אדממה קפוא,גרמים,400.00,100 גרם,false,,13.90,0.0348,true,1,25519
7290000107189,false,תחתיות ארטישוק סנפרוסט 400 גרם,"איי, בי, אינבוו",,תחתיות ארטישוק 400גר,גרמים,400.00,100 גרם,false,,19.90,0.0497,true,1,25520
7290000107295,false,תפרחות ברוקולי סנפרוסט 800 גרם,"איי, בי, אינבוו",,תפרחות ברוקולי 800ג,גרמים,800.00,100 גרם,false,,24.90,0.0311,true,1,25521
7290000111063,false,מיונז תלמה אמיתי250 גרם,יוניליוור ישראל מזון בע\,,מיונז אמיתי 250 ג צנ,גרמים,250.00,100 גרם,false,,7.90,0.0316,true,1,10080
7290000111186,false,"מיונז אמיתי תלמה 500 גרם בד""צ",יוניליוור ישראל מזון בע\,,מיונז אמיתי תלמה 500,גרמים,500.00,100 גרם,false,,9.90,0.0198,true,1,10083
7290000111353,false,"מיונז אמיתי 1 ק""ג תלמה",יוניליוור ישראל מזון בע\,,מיונז 1 קג,קילוגרמים,1.00,"ק""ג",false,,16.90,16.9000,true,1,10085
7290000111384,false,חרדל אמיתי בצנצנת 550 ג' תלמה,יוניליוור ישראל מזו,,חרדל אמיתי תלמה 550,גרמים,550.00,100 גרם,false,,8.40,0.0153,true,1,10087
7290000112220,false,טחינה גולמית שומשום טהור בארכה 500 גרם,"רושדי תעשיות מזון בע""\מ",,בארכה טחינה 100% שומ,גרמים,500.00,100 גרם,false,,14.90,0.0298,true,1,18621
7290000112237,false,"טחינה גולמית שומשום טהור בארכה 1 ק""ג","רושדי תעשיות מזון בע""\מ",,בארכה טחינה 100% שומ,קילוגרמים,1.00,"ק""ג",false,,28.90,28.9000,true,1,18622
7290000116204,false,"אבקת מרק דגש בטעם עוף 1ק""ג קנור",יוניליוור ישראל מזון בע\,,מרק דגש עוף קנור 1 ק,קילוגרמים,1.00,"ק""ג",false,,14.90,14.9000,true,1,10104
7290000117720,false,נמס בכוס פטריות קנור 21.5 גרם מארז זוגי,יוניליוור ישראל מזון בע\,,מרק נמס בכוס פטריות,גרמים,43.00,100 גרם,false,,6.90,0.1605,true,1,10113
7290000118277,false,כופתאות מצה להכנת מהירה 65 ג' קנור,יוניליוור ישראל מזון בע\,,קנור קניידלך 2* 65 ג,גרמים,130.00,100 גרם,false,,12.90,0.0992,true,1,10117
7290000120836,false,"מיונז אמיתי 394 גרם ""הלמנס""",קונפקו אינק' די.בי.א,,מיונז הלמנס 394 גרם,גרמים,394.00,100 גרם,false,,12.90,0.0327,true,1,10124
7290000120874,false,מיונז הלמנס לייט מופחת קלוריות 424ג,"יונילוור ארה""ב - HPC",,מיונז הלמנס לייט 424,גרמים,424.00,100 גרם,false,,12.90,0.0304,true,1,10125
7290000121017,false,שומרון גבינה מותכת 7% 120 גרם,שלושת האופים,,מון בלאן שומרון 7% 1,גרמים,120.00,100 גרם,false,,11.90,0.0992,true,1,16769
7290000121031,false,החתול המחייך גבינה מותכת 14% מון בלאן 120 גרם,החתול המחייך,,מון בלאן גבינת חתול,גרמים,120.00,100 גרם,false,,9.90,0.0825,true,1,16770
7290000121079,false,גבינה מותכת למריחה עם שום שמיר 9% מון בלאן 120 גרם,שלושת האופים,,מון בלאן שמיר 7% 120,גרמים,120.00,100 גרם,false,,11.90,0.0992,true,1,16772
7290000121093,false,גבינה מותכת לייט בטעם שוויצרי 7% מון בלאן 120 גר',האי נאם סי או אל.טי.,,מון בלאן שויצרית 7%,גרמים,120.00,100 גרם,false,,11.90,0.0992,true,1,16773
7290000121109,false,גבינה מותכת לייט עם זיתים 7% מון בלאן 120 גרם,האי נאם סי או אל.טי.,,מון בלאן זיתים 7% 12,גרמים,120.00,100 גרם,false,,11.90,0.0992,true,1,16774
7290000121147,false,גבינה מותכת לייט בטעם פיקנטי 7% מון בלאן 120 גרם,"שלושת האופים בע""מ",,מון בלאן פיקנטי 7% 1,גרמים,120.00,100 גרם,false,,11.90,0.0992,true,1,16775
7290000129457,false,אבקת רוטב פטריות קנור 28 ג' שקית,יוניליוור ישראל מזון בע\,,רוטב פטריות 28גר,גרמים,28.00,100 גרם,false,,4.90,0.1750,true,1,10151
7290000133645,false,שלישיית משחת שיניים סודה אורביטול 145 גרם,טרופיקל דגיל תעשיות קוסמ,,משחת שיניים אורביטול,גרמים,435.00,100 גרם,false,,16.90,0.0389,true,1,29648
7290000135113,false,"משקה אנרגיה XL פחית ten נענע ליים 250 מ""ל","טמפו משקאות בע""\מ",,פחית XL TEN נענע ליי,מיליליטרים,250.00,"100 מ""ל",false,,4.50,0.0180,true,1,9341
7290000135311,false,פפסי מקס ליים 1.5 ליטר בודד,"טמפו משקאות בע""\מ",,פפסי מקס ליים 1.5 ל',ליטרים,1.50,ליטר,false,,7.90,5.2667,true,1,76364
7290000135465,false,"מי סודה 500 מ""ל - מארז 12 בקבוקים","טמפו משקאות בע""\מ",,מארז תריסר סודה טמפו,ליטרים,6.00,100 ליטר,false,,30.90,5.1500,true,1,158719
7290000135625,false,"רביעיית פחיות בירה גולדסטאר 500 מ""ל","טמפו משקות בע""\מ",,גולדסטאר פחיות 4*500,ליטרים,2.00,ליטר,false,,27.90,13.9500,true,1,158468
7290000136141,false,משקה בטעם קולה 1.5ל' פפסי,"טמפו משקאות בע""\מ",,פפסי קולה 1.5 ליטר,ליטרים,1.50,ליטר,false,,7.90,5.2667,true,1,203044
7290000136158,false,פפסי מקס משקה מוגז דל קלוריות בטעם קולה,"טמפו משקאות בע""\מ",,פפסי מקס 1.5 ליטר,ליטרים,1.50,ליטר,false,,7.90,5.2667,true,1,203059
7290000136165,false,משקה מירינדה 1.5ליטר,"טמפו משקאות בע""\מ",,מירינדה 1.5 ליטר,ליטרים,1.50,ליטר,false,,7.90,5.2667,true,1,202985
7290000136172,false,סבן אפ 1.5 ליטר בודד,"טמפו משקאות בע""\מ",,סבן אפ 1.5 ליטר,ליטרים,1.50,ליטר,false,,7.90,5.2667,true,1,203001
7290000136189,false,סבן אף דיאט 1.5 ליטר בודד,"טמפו משקאות בע""\ם.",,סבן אפ דיאט 1.5 ליטר,ליטרים,1.50,ליטר,false,,7.90,5.2667,true,1,202969
7290000136288,false,"סירופ בטעם תפוחים ג'ויסר סיידר הגליל 330 מ""ל","טמפו משקאות בע""\מ",,סיידר הגליל JUICER ס,מיליליטרים,330.00,"100 מ""ל",false,,13.30,0.0403,true,1,284625
7290000136455,false,משקה בטעם אשכוליות תריסר 1.5 ל' ג'אמפ,"טמפו משקאות בע""\ם.",,ג`אמפ אשכול 1.5 ליטר,ליטרים,1.50,ליטר,false,,7.90,5.2667,true,1,202763
7290000136486,false,ג'אמפ משקה קל דיאט אשכוליות 1.5 ליטר,"טמפו משקאות בע""\ם.",,ג`אמפ דיאט אשכוליות,ליטרים,1.50,ליטר,false,,7.90,5.2667,true,1,202780
7290000136516,false,משקה בטעם מנגו פסיפלורה תריסר 1.5 ל' ג'אמפ,טמפו משקאות בעמ,,ג`אמפ פסיפלורה 1.5 ל,ליטרים,1.50,ליטר,false,,7.90,5.2667,true,1,202764
7290000136523,false,משקה בטעם ענבים תריסר 1.5 ל' ג'אמפ,"טמפו משקאות בע""\ם.",,ג`אמפ ענבים 1.5 ליטר,ליטרים,1.50,ליטר,false,,7.90,5.2667,true,1,202781
7290000136561,false,משקה בטעם תות בננה תריסר 1.5 ל' ג'אמפ,"טמפו משקאות בע""\מ",,ג`אמפ תות בננה 1.5 ל,ליטרים,1.50,ליטר,false,,7.90,5.2667,true,1,202782
7290000136585,false,משקה בטעם תפוזים תריסר 1.5 ל' ג'אמפ,"טמפו משקאות בע""\ם.",,ג`אמפ תפוז 1.5 ליטר,ליטרים,1.50,ליטר,false,,7.90,5.2667,true,1,202765
7290000136646,false,בירה נשר מאלט ללא אלכוהול 1.5 ליטר,"טמפו משקאות בע""\מ",,נשר מאלט 1.5 ליטר,ליטרים,1.50,ליטר,false,,8.90,5.9333,true,1,202621
7290000136653,false,דיאט נשר מאלט ללא אלכוהול 1.5 ליטר,"טמפו משקאות בע""\מ",,נשר מאלט דיאט 1.5 לי,ליטרים,1.50,ליטר,false,,8.90,5.9333,true,1,202636
7290000136660,false,סודה טמפו ליטר וחצי,טמפו,,טמפו סודה 1.5 ליטר,ליטרים,1.50,ליטר,false,,3.90,2.6000,true,1,202899
7290000136677,false,פפסי קולה פיקדון 1.5 ליטר,טמפו,,פפסי קולה 1.5 ליטר,ליטרים,1.50,ליטר,false,,7.90,5.2667,true,1,203045
7290000136684,false,פפסי מקס משקה מוגז דל קלוריות בטעם קולה,טמפו,,פפסי מקס 1.5 ליטר,ליטרים,1.50,ליטר,false,,7.90,5.2667,true,1,203060
7290000136790,false,שישיית מי סודה טמפו 1.5 ליטר,"טמפו משקאות בע""\מ",,טמפו סודה 6*1.5 ליטר,ליטרים,9.00,ליטר,false,,17.90,1.9889,true,1,202810
7290000136813,false,סודה בטעם אננס מארז רביעייה 1.5 ל' טמפו,טמפו משקאות בע''מn\,,טמפו סודה אננס 1.5 ל,ליטרים,6.00,ליטר,false,,12.50,2.0833,true,1,202827
7290000136820,false,סודה בטעם פירות יער מארז ריבעיה * 1.5 ל' טמפו,טמפו משקאות בע''מn\,,טמפו סודה פירות יער,ליטרים,6.00,ליטר,false,,12.50,2.0833,true,1,202859
7290000136844,false,מארז מים מזוככים אקווה נובה שישיית 2 ליטר,"טמפו משקאות בע""\מ",,אקווה נובה 6*2 ליטר,ליטרים,12.00,ליטר,false,,12.90,1.0750,true,1,202677
7290000136851,false,סבן אפ פיקדון 1.5 ליטר,טמפו,,סבן אפ 1.5 ליטר,ליטרים,1.50,ליטר,false,,7.90,5.2667,true,1,203016
7290000136868,false,סאן בנדטו - מים מינרלים - מארז שישיית 1.5 ליטר,אקווה מינרלה סאן בנדטו ב,,מים סאן בנדטו 6* 1.5,ליטרים,9.00,ליטר,false,,18.90,2.1000,true,1,202691
7290000136875,false,שישיית מים מינרליים מוגזים סן בנדטו 1.5 ליטר,סאן בנדטו San Benedetto,,סאן בנדטו מים מינרלי,ליטרים,9.00,ליטר,false,,19.90,2.2111,true,1,202796
7290000136936,false,סבן אפ דיאט בקבוק 1.,טמפו,,סבן אפ דיאט 1.5 ליטר,ליטרים,1.50,ליטר,false,,7.60,5.0667,true,1,202971
7290000137513,false,גלידונית גלידה וניל בציפוי שוקולד 60 יח' קרמיסימו,"גלידת שטראוס בע""\מ, רחוב",,קרמיסימו גלידונית ש.,גרמים,700.00,100 גרם,false,,49.90,0.0713,true,1,4214
7290000144160,false,"שמן זית כתית מעולה ארומתי עץ הזית 750 מ""ל","מרקאולאו, ספרד.אבסה,",,שמן זית כתית מעולה א,מיליליטרים,750.00,"100 מ""ל",false,,33.90,0.0452,true,1,29317
7290000144467,false,שמן חמניות מועשר בנוגדי חמצון 1 ל' עץ הזית,"נארז ע""י : א.ג. גילר",,שמן חמניות בריאות מה,ליטרים,1.00,ליטר,false,,15.90,15.9000,true,1,29320
7290000144474,false,שמן עץ הזית קנולה 1 ליטר בריאות מהטבע,שמן תעשיות בעמ,,שמן קנולה בריאות עץ,ליטרים,1.00,ליטר,false,,15.90,15.9000,true,1,29321
7290000146645,false,הוואי - סבון מוצק שחור מסתורי 100 גרם רביעייה,טרופיקל דגיל קוסמטיק,,סבון מוצק שחור מסתור,גרמים,400.00,100 גרם,false,,11.90,0.0298,true,1,8064
7290000146676,false,הוואי - סבון מוצק לגבר 100 גרם רביעייה,טרופיקל דגיל קוסמטיק,,סבון מוצק לגבר הוואי,גרמים,400.00,100 גרם,false,,11.90,0.0298,true,1,8067
7290000146683,false,הוואי - סבון מוצק אפקט דאודורנט 100 גרם רביעייה,טרופיקל דגיל קוסמטיק,,סבון מוצק אפקט דאודו,גרמים,400.00,100 גרם,false,,11.90,0.0298,true,1,8068
7290000146928,false,"משחת שיניים לילדים בטעם ענבים טום וג'רי 50 מ""ל",טרופיקל דגיל קוסמטיק,,משחת שיניים טעם ענבי,מיליליטרים,50.00,"100 מ""ל",false,,6.90,0.1380,true,1,8072
7290000146997,false,משחת שיניים לילדים מסטיק טום וג'רי 50 מל,טרופיקל דגיל קוסמטיק,,משחת שיניים טום וגרי,מיליליטרים,50.00,"100 מ""ל",false,,6.90,0.1380,true,1,8073
7290000148618,false,קשיו מטוגן שקית קליית גת 200 גרם,"ג'י אנד ג'י בע""מ",,אגוז קשיו מטוגן 200,גרמים,200.00,100 גרם,false,,18.00,0.0900,true,1,12724
7290000149615,false,רביעיית סבון מוצק קלאסי לתינוק נקה 7 4*100 גרם,גליל כימיקלים בעממשו,,אלסבון מוצק לתינוק נ,גרמים,400.00,100 גרם,false,,10.90,0.0273,true,1,29655
7290000149851,false,סבון לניקוי והסרת כתמים סינטבון 460 גרם,יבואן ומשווק: ש. שסט,,סינטבון כפול 460גר,גרמים,460.00,100 גרם,false,,10.90,0.0237,true,1,29658
7290000151885,false,נקניק הודו יחידה עוף טוב 700ג',עוף טוב,,נקניק הודו יחידה 700,גרמים,700.00,100 גרם,false,,19.00,0.0271,true,1,19648
7290000152288,false,עוף טוב נקניקיות עוף מיס לוסי 400 גרם,מוצרי עוף טוב (2001) בע\,,עוף טוב נקניקיות עוף,גרמים,400.00,100 גרם,false,,14.90,0.0373,true,1,19650
7290000152943,false,מארז פסטרמה כפרית וסלמי כפרי עוף טוב 2*350 גרם,מוצרי עוף טוב (2001) בע\,,עוף טוב סלמי פסטרמה,גרמים,700.00,100 גרם,false,,30.90,0.0441,true,1,19653
7290000153469,false,קציצות עוף קלאסיות 100% רכיבים טבעיים,"מוצרי עוף טוב (2001) בע""",,עוף טוב קציצות עוף ק,גרמים,600.00,100 גרם,false,,30.90,0.0515,true,1,19658
7290000161358,false,תלמה מיונז אמיתי משמן קנולה 500 גרם,יוניליוור ישראל מזון בע\,,מיונז אמיתי משמן קנו,גרמים,500.00,100 גרם,false,,13.90,0.0278,true,1,10169
7290000169538,false,"נמס בכוס עגבניות וקרוטונים מרק כשרות בד""ץ 62 ג' קנור",יוניליוור ישראל מזון בע\,,נמס בכוס עגבניות וקר,גרמים,62.00,100 גרם,false,,6.90,0.1113,true,1,10259
7290000174723,false,שוקולית אבקה להכנת משקה שוקו 500 גרם,הנסיך- מפעל לייצור ט,,שוקולית 500 גרם,גרמים,500.00,100 גרם,false,,13.90,0.0278,true,1,22157
7290000176079,false,קפה עלית טורקי עם הל 100 גרם,הנסיך- מפעל לייצור ט,,טורקי עלית קפה עם הל,גרמים,100.00,100 גרם,false,,9.50,0.0950,true,1,22160
7290000176116,false,"קפה טורקי עלית וואקום 1 ק""ג",הנסיך- מפעל לייצור ט,,טורקי עלית 1קג,קילוגרמים,1.00,"ק""ג",false,,80.90,80.9000,true,1,22162
7290000176413,false,קפה נמס אבקתי 50 ג' עלית,הנסיך- מפעל לייצור ט,,עלית נמס 50 גר',גרמים,50.00,100 גרם,false,,9.90,0.1980,true,1,22165
7290000176420,false,קפה נמס פחית עלית 200 גרם,שטראוס קפה בי.וי,,קפה נמס עלית פחית 20,גרמים,200.00,100 גרם,false,,20.90,0.1045,true,1,22166
7290000178707,false,תפוצ'יפס בטעם טבעי 50 גרם,"שטראוס פריטו ליי בע""\מ )",,תפוציפס טבעי 50 גרם,גרמים,50.00,100 גרם,false,,3.90,0.0780,true,1,24137
7290000178721,false,תפוצ'יפס בטעם טבעי 200 גרם,"שטראוס פריטו ליי בע""\מ )",,תפוציפס טבעי 200 גרם,גרמים,200.00,100 גרם,false,,9.90,0.0495,true,1,24139
7290000186535,false,נייר טואלט תלת שכבתי לבן לילי 32 יחידות,לילי נייר טואלט חוגלה,,לילי נייר טואלט טריו,מטרים,537.00,מטר,false,,44.90,0.0836,true,1,8822
7290000187860,false,מגבוני טואלט לחים לילי דיספנסר 40יח',עלבד משואות יצחק בעמ,,לילי נייר טואלט לח ד,יחידה,0.00,יחידה,false,,7.90,0.0000,true,1,8834
7290000187921,false,נייר טואלט דו שכבתי לבן לילי 32 יחידות,לילי נייר טואלט חוגלה,,"נייר טואלט ""לילי"" לב",מטרים,588.00,מטר,false,,39.90,0.0679,true,1,8837
7290000187938,false,לילי - נייר טואולט נייר טואלט פסטל 32 יח',לילי נייר טואלט חוגלה,,"נייר טואלט ""לילי"" פס",מטרים,588.00,מטר,false,,39.90,0.0679,true,1,8838
7290000187952,false,נייר טואלט תלת שכבתי ורוד לילי 32 יחידות,לילי נייר טואלט חוגלה,,נייר טאולט לילי טריו,מטרים,537.00,מטר,false,,44.90,0.0836,true,1,8839
7290000188270,false,ממחטות אף אולטרה סופט קלינקס 2*80 יחידות,חוגלה קימברלי,,קליניקס ממחטות אף או,יחידה,0.00,יחידה,false,,15.90,0.0000,true,1,8844
7290000188355,false,מגבות מטבח ניקול לבנה שישייה,קימברלי-קלארק,,מגבות מטבח ניקול לבנ,מטרים,64.80,מטר,false,,12.90,0.1991,true,1,8845
7290000188591,false,קוטקס מגן תחתון יאנג ביג 60 יחידות,קימברלי קלארק,,מגן תחתון סילק יאנג,יחידה,0.00,יחידה,false,,16.90,0.0000,true,1,8852
7290000189079,false,תבניות אינגליש קייק עבות ניקול 6 יחידות,ניקול,,ניקול תבניות אינגליש,יחידה,0.00,יחידה,false,,11.90,0.0000,true,1,8857
7290000189116,false,תבניות עגולות חזקות ועבות ניקול 5 יחידות,בראבו,,ניקול תבניות עגולות,יחידה,0.00,יחידה,false,,11.90,0.0000,true,1,8858
7290000189192,false,סופר מטלית מטליות נייר רב פעמיות ניקול 64 יחידות,חוגלה קימברלי,,ניקול מטלית חכמה יומ,יח',64.00,יח',false,,16.90,0.2641,true,1,8859
7290000189260,false,תבניות מלבניות עבות וחזקות ניקול 5 יחידות,ניקול,,ניקול תבניות מלבניות,יחידה,0.00,יחידה,false,,11.90,0.0000,true,1,8864
7290000189277,false,תבניות מלבניות עבות וחזקות ניקול 3 יחידות,ניקול,,ניקול תבניות מלבניות,יחידה,0.00,יחידה,false,,11.90,0.0000,true,1,8865
7290000189598,false,מטליות לחות חד פעמיות לניקוי כללי 50 יח' ניקול,עלבד משואות יצחק בעמ,,מטליות לחות חד פעמיו,יחידה,0.00,יחידה,false,,11.90,0.0000,true,1,8873
7290000189659,false,מטליות לחות לרצפה ניקול 10 יח'-מרכז,עלבד משואות יצחק בעמ,,ניקול מטליות לחות לר,יחידה,0.00,יחידה,false,,10.90,0.0000,true,1,8875
7290000190068,false,מפיות אירוח לבן 100 יחי' ניקול,חוגלה קימברלי,,מפיות לבן ניקול 100,יחידה,0.00,יחידה,false,,7.90,0.0000,true,1,8884
7290000190150,false,מפיות מודפסות תלת שכבתיות ניקול 20 יחידות,חוגלה קימברלי,,מפיות תלת שכבתיות ני,יחידה,0.00,יחידה,false,,7.90,0.0000,true,1,8885
7290000191225,false,חיתולים ליטל בייביז מידה 2 האגיס 46 יחידות,קימברלי קלארק שיווק,,האגיס רך נולד מידה 2,יחידה,0.00,יחידה,false,,29.90,0.0000,true,1,8900
7290000191393,false,מגבוני טישיו רכים שביעייה מולט 100X7יח',מולט,,מגבוני מולט לב אדום,יחידה,0.00,יחידה,false,,19.90,0.0000,true,1,8901
7290000191539,false,חמישיית ממחטות טישו צבועני לילי 100 יחידות,חוגלה קימברלי,,לילי צבעוני חמישיה-9,יחידה,0.00,יחידה,false,,14.90,0.0000,true,1,8903
7290000191645,false,"חיתולים האגיס ליטל בייביס ניו בורן שלב 1 עד 4 ק""ג",קימברלי קלארק ארהב,,האגיס רך נולד NB יח',יחידה,0.00,יחידה,false,,29.90,0.0000,true,1,8907
7290000192581,false,מגבת נייר גליל כפול ניקול 12=6 גליל,קימברלי-קלארק,,מגבת כפולה ניקול 6=1,מטרים,129.70,מטר,false,,19.90,0.1534,true,1,8913
7290000193014,false,מגן תחתון פדיות אינטרלוד לילי 50 יחידות,חוגלה קימברלי,,מגן תחתון אינטרלוד ל,יחידה,0.00,יחידה,false,,10.90,0.0000,true,1,8914
7290000193083,false,נובה-לי תחבושות היגייניות לילי 28 יחידות,חוגלה קימברלי,,תחבושות נובה לי לילי,יחידה,0.00,יחידה,false,,10.90,0.0000,true,1,8916
7290000193205,false,תחבושות עם כנפיים ללילה נטורל לילי 20 יחידות,חוגלה קימברלי,,תחבושות אולטרה לילה,יחידה,0.00,יחידה,false,,15.90,0.0000,true,1,8919
7290000193540,false,מגן תחתון לונג נטורל לילי 52 יחידות,חוגלה קימברלי,,מגן תחתון נטורל לונג,יחידה,0.00,יחידה,false,,15.90,0.0000,true,1,8923
7290000193649,false,תחבושות עם כנפיים נורמל פלוס לילי 24 יחידות,חוגלה קימברלי,,תחבושות נטורל אולטרה,יחידה,0.00,יחידה,false,,15.90,0.0000,true,1,8925
7290000193656,false,תחבושות עם כנפיים סופר פלוס לילי 24 יחידות,חוגלה קימברלי,,תחבושות נטורל אולטרה,יחידה,0.00,יחידה,false,,15.90,0.0000,true,1,8926
7290000193793,false,לילי תחבושות אינטימי נורמל אולט' 24 יח',חוגלה קימברלי,,תחבושות נטורל אולטרה,יחידה,0.00,יחידה,false,,15.90,0.0000,true,1,8931
7290000194178,false,עוף מס' 1 קפוא מחפוד,,,עוף מס' 1 קפוא מחפוד,קילוגרמים,1.00,"ק""ג",true,,27.90,27.9000,true,1,46803
7290000194185,false,עוף מספר 2 קפוא חלק,,,עוף מספר 2 קפוא חלק,קילוגרמים,1.00,"ק""ג",true,,27.90,27.9000,true,1,46804
7290000194208,false,כרעיים עוף חלק רב מח,,,כרעיים עוף חלק רב מח,קילוגרמים,1.00,"ק""ג",true,,33.90,33.9000,true,1,46805
7290000194239,false,מחפוד-חזה עוף קפוא מ,,,מחפוד-חזה עוף קפוא מ,קילוגרמים,1.00,"ק""ג",true,,33.90,33.9000,true,1,46806
7290000194253,false,כנפיים עוף קפוא ארוז,,,כנפיים עוף קפוא ארוז,קילוגרמים,1.00,"ק""ג",true,,13.90,13.9000,true,1,46807
7290000194260,false,מחפוד-שוקיים עוף קפו,,,מחפוד-שוקיים עוף קפו,קילוגרמים,1.00,"ק""ג",true,,35.90,35.9000,true,1,46808
7290000194284,false,מחפוד - פרגיות עוף ק,,,מחפוד - פרגיות עוף ק,קילוגרמים,1.00,"ק""ג",true,,74.90,74.9000,true,1,46810
7290000194307,false,מחפוד-כבד עוף קפוא מ,,,מחפוד-כבד עוף קפוא מ,קילוגרמים,1.00,"ק""ג",true,,32.90,32.9000,true,1,46811
7290000194314,false,עוף ירושלים לבבות עו,,,עוף ירושלים לבבות עו,קילוגרמים,1.00,"ק""ג",true,,32.90,32.9000,true,1,46812
7290000194345,false,שניצל עוף ארוז מחפוד,,,שניצל עוף ארוז מחפוד,קילוגרמים,1.00,"ק""ג",true,,34.90,34.9000,true,1,46813
7290000194529,false,עוף טרי מחפוד ארוז,,,עוף טרי מחפוד ארוז,קילוגרמים,1.00,"ק""ג",true,,27.90,27.9000,true,1,46814
7290000194543,false,כרעיים עוף טרי מחפוד,,,כרעיים עוף טרי מחפוד,קילוגרמים,1.00,"ק""ג",true,,34.90,34.9000,true,1,46816
7290000194567,false,ירכיים עוף טרי מחפוד,,,ירכיים עוף טרי מחפוד,קילוגרמים,1.00,"ק""ג",true,,34.90,34.9000,true,1,46818
7290000194635,false,שניצל עוף טרי מחפוד,,,שניצל עוף טרי מחפוד,קילוגרמים,1.00,"ק""ג",true,,36.90,36.9000,true,1,46823
7290000194837,false,ניקול - שקיות מזון + ידיות קשירה אקסטרה לארג' 200 יח',לחמנו,,ניקול שקיות מזון עם,יחידה,0.00,יחידה,false,,12.90,0.0000,true,1,8938
7290000195216,false,נייר אפייה בשקית ניקול 50 יחידות,ניקול,,ניקול נייר אפייה בשק,יחידה,0.00,יחידה,false,,10.90,0.0000,true,1,8945
7290000195537,false,האגיס - מגבוני האגיס דיילי קר לא מבושם 64 יח' * 4,חוגלה קימברלי,,מגבוני האגיס דיילי ק,יחידה,0.00,יחידה,false,,18.90,0.0000,true,1,8951
7290000196039,false,"מפות שולחן איריס ח""פ ניקול 2 יח'",חוגלה קימברלי,,ניקול מפות שולחן זוג,יחידה,0.00,יחידה,false,,12.90,0.0000,true,1,8957
7290000196763,false,"שקיות אשפה חזקות במיוחד עם שרוך 52 * 65 ס""מ ניקול 40 יחידות","אשפלסט תעשיות בע""מ",,ניקול השקית החזקה,יחידה,0.00,יחידה,false,,24.90,0.0000,true,1,8961
7290000197029,false,שקיות ריצ'רץ' רב תכליתיות ניקול 12 יחידות,קריות זול,,ניקול שקיות ניילון ר,יחידה,0.00,יחידה,false,,16.00,0.0000,true,1,8965
7290000197081,false,ניקול ניילון נצמד 150 מטר+מתקן לחיתוך קל,חוגלה קימברלי,,ניילונית נצמד ניקול,מטרים,150.00,מטר,false,,30.90,0.2060,true,1,8966
7290000197326,false,רדיד אלומניום ניקול זוגי 30X7.5מ',חוגלה קימברלי,,ניקול רדיד אלומיניום,מטרים,15.00,מטר,false,,11.90,0.7933,true,1,8975
7290000197425,false,חיתולים פרידום דריי שלב 3 האגיס 52 יחידות,קימברלי קלארק ישראל,,האגיס פרידום דריי של,יחידה,0.00,יחידה,false,,42.90,0.0000,true,1,8979
7290000197432,false,שקיות אוכל סנדביצ'ון ניקול מארז 150X2יח',"אשפלסט תעשיות בע""מ",,ניקול שקיות אוכל זוג,יחידה,0.00,יחידה,false,,13.50,0.0000,true,1,8980
7290000197456,false,חיתולים פרידום דריי שלב 4 האגיס 44 יחידות,קימברלי קלארק ישראל,,האגיס פרידום דריי של,יחידה,0.00,יחידה,false,,42.90,0.0000,true,1,8981
7290000197463,false,חיתולים פרידום דריי שלב +4 האגיס 40 יחידות,קימברלי קלארק ישראל,,האגיס פרידום דריי של,יחידה,0.00,יחידה,false,,42.90,0.0000,true,1,8982
7290000197470,false,שקיות רב שימושיות מתכלות ניקול 250 יחידות,"אשפלסט תעשיות בע""מ",,"ניקול שקיות רב""ש 250",יחידה,0.00,יחידה,false,,13.90,0.0000,true,1,8983
7290000197548,false,חיתולים פרידום דריי שלב 5 האגיס 36 יחידות,קימברלי קלארק ישראל,,האגיס פרידום דריי של,יחידה,0.00,יחידה,false,,42.90,0.0000,true,1,8986
7290000197654,false,שקיות אשפה ענקיות נשלפות 75*90 ניקול 50 יחידות,"אשפלסט תעשיות בע""מ",,אשפתון שקיות אשפה ענ,יחידה,0.00,יחידה,false,,19.90,0.0000,true,1,8987
7290000197678,false,חיתולי האגיס פרידום דריי שלב 6 30 יחידות,קימברלי קלארק ישראל,,האגיס פרידום דריי ש,יחידה,0.00,יחידה,false,,42.90,0.0000,true,1,8988
7290000197753,false,ניילון נצמד אנטי בטקריאלי ניקול 30X2מ',חוגלה קימברלי,,ניקול ניילונית זוג,מטרים,60.00,מטר,false,,12.50,0.2083,true,1,8990
7290000197876,false,תבניות אלומיניום קטנות עם מכסה ניקול 4 יחידות,חוגלה קימברלי,,ניקול תבנית אלומיניו,יחידה,0.00,יחידה,false,,10.00,0.0000,true,1,8992
7290000197883,false,תבנית אלומיניום 100 גדולה ניקול 4 יחידות,חוגלה קימברלי,,ניקול תבניות אלומיני,יחידה,0.00,יחידה,false,,10.00,0.0000,true,1,8993
7290000197951,false,תבניות אלומיניום ענקיות ניקול 3 יחידות,חוגלה קימברלי,,ניקול תבנית אלומיניו,יחידה,0.00,יחידה,false,,10.00,0.0000,true,1,8994
7290000197982,false,"רדיד אלומיניום עבה 45 ס""מ רוחב ניקול 2 יח' 7.5 מטר",ניקול,,ניקול רדיד אלומיניום,מטרים,15.00,מטר,false,,19.90,1.3267,true,1,8995
7290000197999,false,רדיד אלומיניום עבה ניקול זוגי 30X7.5מ',קריות זול,,ניקול רדיד אלומיניום,מטרים,15.00,מטר,false,,16.00,1.0667,true,1,8996
7290000201818,false,טיטולים פרימיום שלב 2 64 יחידות,חוגלה קימברלי,,טיטולים פרימיום שלב,יחידה,0.00,יחידה,false,,30.90,0.0000,true,1,9005
7290000201832,false,טיטולים פרימיום שלב 3 50 יחידות,חוגלה קימברלי,,טיטולים פרימיום שלב,יחידה,0.00,יחידה,false,,30.90,0.0000,true,1,9006
7290000201849,false,טיטולים פרימיום שלב 4 42 יח' (8-14),חוגלה קימברלי,,טיטולים פרימיום שלב,יחידה,0.00,יחידה,false,,30.90,0.0000,true,1,9007
7290000201856,false,טיטולים פרימיום שלב4+ 38 יחידות .,חוגלה קימברלי,,טיטולים פרימיום שלב,יחידה,0.00,יחידה,false,,30.90,0.0000,true,1,9008
7290000201863,false,טיטולים פרימיום שלב 5 34 יחידות,חוגלה קימברלי,,טיטולים פרימיום שלב,יחידה,0.00,יחידה,false,,30.90,0.0000,true,1,9009
7290000201870,false,טיטולים פרימיום שלב 6 30 יחידות,חוגלה קימברלי,,טיטולים פרימיום שלב,יחידה,0.00,יחידה,false,,30.90,0.0000,true,1,9010
7290000201979,false,האגיס מגבונים ללא בישום רביעייה מהדורה,חוגלה קימברלי,,מגבוני האגיס מהדורה,יח',288.00,יח',false,,18.90,0.0656,true,1,9011
7290000204086,false,ניקול כרית קרצוף מארז שלישייה,חוגלה קימברלי,,ניקול כרית קרצוף,יחידה,0.00,יחידה,false,,10.90,0.0000,true,1,9027
7290000204147,false,רביעיית כרית יפנית עבה ניקול 4 יחידות,חוגלה קימברלי,,כריות יפניות 2 ב 1 ר,יחידה,0.00,יחידה,false,,12.90,0.0000,true,1,9028
7290000204215,false,שישיית כרית יפנית ניקול 6 יחידות,חוגלה קימברלי,,ניקול כריות יפניות 6,יחידה,0.00,יחידה,false,,10.90,0.0000,true,1,9029
7290000204253,false,מטליות רב שימושיות לניקיון ניקול 9 יחידות,נועם אורים-קיבוץ אור,,מטלית רב שימושית תשע,יחידה,0.00,יחידה,false,,10.90,0.0000,true,1,9031
7290000204512,false,מטליות לחות לניקוי רצפה בריח לימון ניקול 10 יחידות,עלבד משואות יצחק בעמ,,מטליות לחות לרצפה בר,יחידה,0.00,יחידה,false,,10.90,0.0000,true,1,9033
7290000204611,false,שישיית ספוגית הקסם ניקול 6 יחידות,חוגלה קימברלי,,ניקול ספוגית הקסם*6,יחידה,0.00,יחידה,false,,11.90,0.0000,true,1,9034
7290000205526,false,פיסגה נוזל ריחני לשטיפת רצפות סנו 2 ליטר,"סנו מפעלי ברונוס בע""",,פיסגה שטיפת רצפות 2,ליטרים,2.00,ליטר,false,,12.90,6.4500,true,1,29662
7290000205762,false,חיתולי האגיס אקסטרה קר מידה 3 48 יחידות,חוגלה קימברלי,,האגיס אקסטרה קייר מי,יחידה,0.00,יחידה,false,,55.90,0.0000,true,1,9035
7290000205915,false,חיתולי האגיס אקסטרה קייר מידה 4 40 יחידות,חוגלה קימברלי,,האגיס אקסטרה קייר מי,יחידה,0.00,יחידה,false,,55.90,0.0000,true,1,9036
7290000208077,false,אפונת גינה רגילה 550 גרם יכין,"זנלכל בע""\מ",,אפונת גינה גדולה L י,גרמים,335.00,100 גרם,false,,8.90,0.0266,true,1,8612
7290000208138,false,סירופ דיאט בטעם ענבים יכין 1 ליטר,"זנלכל בע""\מ",,סירופ דייאט ענבים יכ,ליטרים,1.00,ליטר,false,,16.90,16.9000,true,1,8617
7290000208220,false,"שעועית צ'לי יכין פ""ק A2 בית יוסף",היינץ צפון אמריקה מק,,שעועית צילי חריף יכי,גרמים,355.00,100 גרם,false,,9.90,0.0279,true,1,8621
7290000209012,false,חומץ 1ליטר יכין הדרים,"זנלכל בע""\מ",,חומץ הדרים 5% יכין 1,ליטרים,1.00,ליטר,false,,5.90,5.9000,true,1,8646
7290000209043,false,מיץ לימון לתיבול יכין 1 ליטר,היינץ צפון אמריקה מק,,מיץ לימון משומר יכין,ליטרים,1.00,ליטר,false,,4.90,4.9000,true,1,8647
7290000209524,false,סירופ דיאט בטעם פטל יכין 1 ליטר,"זנלכל בע""\מ",,סירופ דייאט פטל יכין,ליטרים,1.00,ליטר,false,,16.90,16.9000,true,1,8660
7290000211169,false,"אורז תאילנדי אחד אחד סוגת 1 ק""ג",האי נאם סי או אל.טי.,,אורז תאילנדי 1 ק'ג,קילוגרמים,1.00,"ק""ג",false,,6.90,6.9000,true,1,17290
7290000211312,false,סוגת אורז מלא פרסי אחד אחד 1 קג,האי נאם סי או אל.טי.,,אורז מלא אחד אחד 1קג,קילוגרמים,1.00,"ק""ג",false,,7.90,7.9000,true,1,17291
7290000211442,false,"סוגת אורז פרסי קלאסי שקית 1 ק""ג",האי נאם סי או אל.טי.,,סוגת אורז פרסי קלאסי,קילוגרמים,1.00,"ק""ג",false,,10.90,10.9000,true,1,17294
7290000211503,false,סוכר לבן ארוז בשקית,"סוגת תעשיות בע""\מ",,"סוכר סוגת לבן 1 ק""ג",קילוגרמים,1.00,"ק""ג",false,,4.50,4.5000,true,1,17295
7290000211985,false,"אורז ריזוטו עגול סוגת 1 ק""ג","סוגת תעשיות בע""\מ",,סוגת אורז עגול 1קג,קילוגרמים,1.00,"ק""ג",false,,9.90,9.9000,true,1,17298
7290000212401,false,וופלים מצופית מנעמים 400 גרם,"מנעמים תעשיות מזון בע""\מ",,ופל מצופית מנעמים 40,גרמים,400.00,100 גרם,false,,9.90,0.0248,true,1,36029
7290000212579,false,וופלים מצופים מנעמים 800 גרם מארז 40 יחידות,מנעמים,,ופל מצופה שוקולד מנע,גרמים,800.00,100 גרם,false,,16.90,0.0211,true,1,36030
7290000212975,false,"ופל שוקו מנעמים 1 ק""",מנעמים,,"ופל שוקו מנעמים 1 ק""",קילוגרמים,1.00,"ק""ג",false,,16.90,16.9000,true,1,36032
7290000238029,false,"בצק עלים צרפתי מרודד מעדנות 1 ק""ג",מיוצר עי קונדיטוריית,,"בצק עלים 1ק""ג",קילוגרמים,1.00,"ק""ג",false,,20.90,20.9000,true,1,35591
7290000238036,false,מלאווח בקופסא מעדנות 700 גרם,מיוצר עי קונדיטוריית,,מעדנות מלווח 700גר,גרמים,700.00,100 גרם,false,,16.90,0.0241,true,1,35592
7290000238173,false,בורקס גבינה מעדנות 800 גרם,מיוצר עי קונדיטוריית,,בורקס גבינה מעדנות 8,גרמים,800.00,100 גרם,false,,20.90,0.0261,true,1,35593
7290000238180,false,בורקס תפוחי אדמה מעדנות 800 גרם,מיוצר עי קונדיטוריית,,"בורקס תפו""א 800גר",גרמים,800.00,100 גרם,false,,16.90,0.0211,true,1,35594
7290000243566,false,"שמן קנולה בריאות 750 מ""ל",שמן תעשיות,,שמן קנולה בריאות עץ,מיליליטרים,750.00,"100 מ""ל",false,,11.90,0.0159,true,1,29327
7290000244051,false,"הוואי שלישיית סבון נוזלי משב טרופי 500 מ""ל",טרופיקל דגיל,,סבון נוזלי טרופי הוו,ליטרים,1.50,ליטר,false,,17.90,11.9333,true,1,8074
7290000244082,false,"הוואי שלישיית סבון נוזלי שמיים כחולים 500 מ""ל",טרופיקל דגיל,,סבון נוזלי כחול עמוק,ליטרים,1.50,ליטר,false,,17.90,11.9333,true,1,8075
7290000245157,false,סוד סופט מרכך כביסה סנסיישן 4 ליטר,"הנקל סוד בע""\מ",,מרכך כביסה סוד סנסיי,ליטרים,4.00,ליטר,false,,17.90,4.4750,true,1,34859
7290000245294,false,"א.כ. פרסיל סופרא שקית 2.5 ק""ג","הנקל סוד בע""\מ",,אבקת כביסה פרסיל 2.5,קילוגרמים,2.50,"ק""ג",false,,26.90,10.7600,true,1,34863
7290000245799,false,סוד סופט מרכך כביסה כחול 4 ליטר,"הנקל סוד בע""\מ",,מרכך כביסה סוד כחול,ליטרים,4.00,ליטר,false,,17.90,4.4750,true,1,34874
7290000253220,false,שוקולד צ'יפס חום אופנהיימר 260 גר',אופנהיימר,,שוקולד צ'יפס אופנהיי,גרמים,260.00,100 גרם,false,,12.90,0.0496,true,1,24571
7290000253251,false,שוקולד צ'יפס לבן אופנהיימר 250 גרם,אופנהיימר,,שוקולד צ'יפס לבן אופ,גרמים,250.00,100 גרם,false,,12.90,0.0516,true,1,24572
7290000254066,false,פילה אמנון 5-7 קפוא,,,פילה אמנון 5-7 קפוא,קילוגרמים,1.00,"ק""ג",true,,27.90,27.9000,true,1,339235
7290000262031,false,נייר טואלט מולט לב 32 גלילים,חוגלה קימברלי,,נייר טואלט מולט לב 3,מטרים,563.00,מטר,false,,30.90,0.0549,true,1,9037
7290000263359,false,חיתולים ליטל בייביז מידה 1 האגיס 40 יחידות,קימברלי קלארק שיווק,,האגיס אקסטרא קייר של,יחידה,0.00,יחידה,false,,29.90,0.0000,true,1,9053
7290000264752,false,רדיד אלומיניום זוג עם הטבעה ניקול,חוגלה קימברלי,,ניקול רדיד אלומיניום,מטרים,15.00,מטר,false,,12.80,0.8533,true,1,9062
7290000272443,false,סירופ דיאט בטעם תפוזים עסיס 1 ליטר,בית-השיטה עסיס תעשיות מז,,סירופ דיאט תפוז עסיס,יחידה,0.00,יחידה,false,,16.90,0.0000,true,1,18626
7290000272696,false,עסיס מיץ לימון טבעי משומר 1 ל' אסם,בית-השיטה עסיס תעשיות מז,,מיץ לימון משומר עסיס,ליטרים,1.00,ליטר,false,,10.90,10.9000,true,1,18628
7290000272726,false,חומץ רכיבים רכיבים טבעיים 5% עסיס 1 ליטר,בית-השיטה עסיס תעשיות מז,,חומץ טבעי 5% עסיס 1,ליטרים,1.00,ליטר,false,,7.50,7.5000,true,1,18629
7290000284316,false,קוקה -קולה בקבוק 1.5 ליטר,החברה המרכזית לייצור משקאות,,קוקה קולה 1.5 ליטר,ליטרים,1.50,ליטר,false,,8.30,5.5333,true,1,6805
7290000285849,false,שוופס מי סודה 1.5 ליטר,יפאורה שותפות מובגלת לשיווק,,שוופס סודה 1.5 ליטר,ליטרים,1.50,ליטר,false,,3.90,2.6000,true,1,11447
7290000286228,false,ספוגיות לניקוי כללי סנו סושי 6 יחידות,סנו מפעלי ברונו בעמ,,סנו סושי שישיות כריו,יחידה,0.00,יחידה,false,,11.90,0.0000,true,1,29663
7290000286549,false,מטליות לניקוי כללי סנו סושי 9 יחידות,נועם אורים תעשיות בע,,סנו סושי מטליות לכל,יחידה,0.00,יחידה,false,,11.90,0.0000,true,1,29672
7290000286921,false,"ספריי להסרת כתמים סנו קל 750 מ""ל",סנו מפעלי ברונוס בעמ,,סנוקל רסס כבס,מיליליטרים,750.00,"100 מ""ל",false,,12.90,0.0172,true,1,29681
7290000287195,false,"סנו רהיט לניקוי ושמירה על רהיטים 300 מ""ל",מיוצר עי קונדיטוריית,,סנו רהיט ספריי עשיר,מיליליטרים,305.00,"100 מ""ל",false,,14.90,0.0489,true,1,29685
7290000287430,false,סנובון צבעוני לאסלה בריח לימון שלישייה,סנו מפעלי ברונו בעמ,,סנובון שלישיה צבעוני,גרמים,165.00,100 גרם,false,,11.90,0.0721,true,1,29689
7290000287492,false,"סנובון נוזל לניקוי אסלות בריח לימון סנו 750 מ""ל","סנו מפעלי ברונוס בע""מ",,סנובון נוזלי בניחוח,מיליליטרים,750.00,"100 מ""ל",false,,10.90,0.0145,true,1,29691
7290000288017,false,אקונומיקה בריח לימון סנו ז'אוול 1 ליטר,"סנו מפעלי ברונוס בע""",,סנו זאוול 1ליטר לימו,ליטרים,1.00,ליטר,false,,8.90,8.9000,true,1,29698
7290000288024,false,סנו - ז'אוול אקונומיקה בריח לימון 4 ליטר,"סנו מפעלי ברונוס בע""מ",,סנו ז'אוול בריח לימו,ליטרים,4.00,ליטר,false,,16.90,4.2250,true,1,29699
7290000288031,false,"אקונומיקה תו תקן 4 ליטר ""סנו""","סנו מפעלי ברונוס בע""\מ",,סנו אקנומיקה 4 ל,ליטרים,4.00,ליטר,false,,12.90,3.2250,true,1,29700
7290000288109,false,"אבקת כביסה מקסימה אפקט ג''אוול 1.25 ק""ג סנו",סנו מפעלי ברונוס בעמ,,סנו מקסימה אפקט ג'או,קילוגרמים,1.25,"ק""ג",false,,14.90,11.9200,true,1,29704
7290000288291,false,סנומט דוחה יתושים לוחיות אידוי 30 יחידות,טרופיקל דגיל תעשיות,,סנומט 30 טבליות,יחידה,0.00,יחידה,false,,12.90,0.0000,true,1,29706
7290000288352,false,"קוטל חרקים וזוחלים K-300 סנו 630 מ""ל","סנו מפעלי ברונוס בע""מ",,K - 300,מיליליטרים,630.00,"100 מ""ל",false,,20.90,0.0332,true,1,29708
7290000288642,false,מקסימה מרכך כביסה סנסיטיב בייבי סנו 4 ליטר,"סנו מפעלי ברונוס בע""\מ",,מרכך כביסה סנו מקסימ,ליטרים,4.00,ליטר,false,,22.90,5.7250,true,1,29714
7290000288727,false,סנו מקסימה אבקת כביסה מאסק מילוי 1.25,קריות זול,,סנו מקסימה מאסק 1.25,קילוגרמים,1.25,"ק""ג",false,,14.90,11.9200,true,1,29717
7290000288840,false,סנו - מים מזוקקים 2 ליטר,החברה הדרומית,,מים מזוקקים 2 ליטר,ליטרים,2.00,ליטר,false,,12.90,6.4500,true,1,29718
7290000289472,false,סנו סושי שקיות אשפה - 50 יחידות,מיוצר עי קונדיטוריית,,סנו סושי שקיות HD 76,יחידה,0.00,יחידה,false,,20.90,0.0000,true,1,29724
7290000289496,false,"סנו - ז'אוול ג'ל קרם לניקוי כללי לימון 750 מ""ל","סנו מפעלי ברונוס בע""\מ",,סנו ג'אוול ג'ל קרם ל,מיליליטרים,750.00,"100 מ""ל",false,,11.90,0.0159,true,1,29725
7290000289595,false,"אורביטול משחת שיניים לילדים בטעם תות שדה 145 מ""ל",טרופיקל דגיל תעשיות קוסמ,,משחה לילדים טעם תות,מיליליטרים,145.00,"100 מ""ל",false,,7.90,0.0545,true,1,29727
7290000291932,false,"סנובון נוזל לניקוי אסלה בניחוח לבנדר סנו 750 מ""ל","סנו מפעלי ברונוס בע""מ",,סנובון נוזלי בניחוח,מיליליטרים,750.00,"100 מ""ל",false,,10.90,0.0145,true,1,29735
7290000292311,false,פוליויקס נוזל רצפות בניחוח סחלבים סנו 2 ליטר,"סנו מפעלי ברונוס בע""\מ",,סנו פוליווקס סחלבים,ליטרים,2.00,ליטר,false,,20.90,10.4500,true,1,29740
7290000292687,false,סנובון מוצק לניקוי אסלה קלאסיק כחול סנו 3 יחידות,מיוצר עי קונדיטוריית,,סנובון כחול שלישיה,גרמים,165.00,100 גרם,false,,17.90,0.1085,true,1,29747
7290000292915,false,"תרסיס לניקוי כללי רסס ונגב סנו 750 מ""ל","סנו מפעלי ברונוס בע""\מ",,סנו רסס ונגב אקדח 75,מיליליטרים,750.00,"100 מ""ל",false,,12.90,0.0172,true,1,29749
7290000293073,false,מקסימה מרכך כביסה ביו לבן סנו 4 ליטר,"סנו מפעלי ברונוס בע""\מ",,מרכך כביסה סנו מקסימ,ליטרים,4.00,ליטר,false,,22.90,5.7250,true,1,29751
7290000293820,false,"קרמה מן שמפו וג'ל גל רחצה אקטיב בלוק 700מ""ל",גוד פוד פרודקטס S.p,,שמפו וג'ל רחצה קרבון,מיליליטרים,700.00,"100 מ""ל",false,,18.90,0.0270,true,1,29756
7290000294780,false,אקונומיקה סמיכה בריח לימון סנו ז'אוול 4 ליטר,"סנו מפעלי ברונוס בע""מ",,סנו ז'אוול סמיכה 4 ל,ליטרים,4.00,ליטר,false,,16.90,4.2250,true,1,29765
7290000295121,false,מטליות זיגזג סנו סושי לניקוי רצפות 3יח',קריות זול,,מטלית זיגזג 3יח,יחידה,0.00,יחידה,false,,11.90,0.0000,true,1,29766
7290000295299,false,סנו סושי כריות הפלא רב תכלתיות רביעייה,סנו מפעלי ברונו בעמ,,כריות יפניות סנו סוש,יחידה,0.00,יחידה,false,,11.90,0.0000,true,1,29767
7290000295336,false,סנו מקסימה אבקת כביסה סנסטיב מילוי1.25,סנו מפעלי ברונוס בעמ,,סנו מקסימה סנסיטיב 1,קילוגרמים,1.25,"ק""ג",false,,14.90,11.9200,true,1,29769
7290000295343,false,"אבקת כביסה מקסימה ביו 1.25 ק""ג סנו",סנו מקסימה,,סנו מקסימה ביו 1.25,קילוגרמים,1.25,"ק""ג",false,,14.90,11.9200,true,1,29770
7290000295367,false,"מקסימה אבקת כביסה אפקט ז'אוול סנו 2.5 ק""ג",הורביץ סחר,,אבקת כביסה סנו מקסימ,קילוגרמים,2.50,"ק""ג",false,,26.90,10.7600,true,1,29771
7290000295404,false,שקיות אשפה עם שרוך 54 * 65 סנו סושי 60 יחידות,מיוצר עי קונדיטוריית,,שקיות אשפה נשלפות סנ,יחידה,0.00,יחידה,false,,22.90,0.0000,true,1,29772
7290000295503,false,זוג שקיות מזון טבע 19*25 סנו סושי 150 יחידות,"אשפלסט תעשיות בע""מ",,סנו סושי צמד שקיות א,יחידה,0.00,יחידה,false,,14.90,0.0000,true,1,29773
7290000295541,false,רב מגבת ג'מבו סנו סושי 75 יחידות,מיוצר עי קונדיטוריית,,סנו רב מגבת גמבו,יחידה,0.00,יחידה,false,,18.90,0.0000,true,1,29774
7290000295558,false,"רדיד אלומיניום רוחב 30 ס""מ סנו סושי 2 יח' 7.5 מטר",מולינו ניקולי s.p.a,,צמד רדיד אלומיניום ק,מטרים,15.00,מטר,false,,11.90,0.7933,true,1,29775
7290000295749,false,ספוג סאקי מסאז' כיף 1 יחידה,גוד פוד פרודקטס S.p,,סנו ספוג סאקי כיף 26,יחידה,0.00,יחידה,false,,11.90,0.0000,true,1,29779
7290000295824,false,"רדיד אלומיניום 30 ס""מ רוחב סנו סושי 100 מטר",מולינו ניקולי s.p.a,,סנו סושי רדיד אלומינ,מטרים,100.00,מטר,false,,56.90,0.5690,true,1,29781
7290000300900,false,שניצל תירס מרכיבים טבעיים טבעול 750 גרם,עיצובים 2020 (4.8),,שניצל תירס טבעול רכי,גרמים,750.00,100 גרם,false,,24.90,0.0332,true,1,19691
7290000305882,false,אס הרינג עם ירקות ברוטב עגבניות 120 גרם,"סטארקיסט פודור בע""מ",,אס דגים עם ירקות ברו,גרמים,120.00,100 גרם,false,,4.90,0.0408,true,1,26622
7290000311067,false,מן-וופלים קוביות מינימן לא מצופה 200גר,רוקחמן,,עוגיות מינימן 250 גר,גרמים,250.00,100 גרם,false,,6.90,0.0276,true,1,20484
7290000311128,false,מן עוגיות בטעם חמאה 300 גרם*נ.ל.פ,תות ממתקי איכות,,עוגיות בטעם חמאה 300,גרמים,300.00,100 גרם,false,,6.90,0.0230,true,1,20488
7290000311180,false,ופל ופליתעשיריות מן 250 גרם מארז 10 יחידות,"רוקחמן בע""מ",,מאגדת ופלית צבעונית,גרמים,250.00,100 גרם,false,,6.90,0.0276,true,1,20493
7290000311203,false,"וופלים בטעם שוקולד ""מן"" 200 גרם",תות ממתקי איכות,,ופלים בטעם שוקולד מן,גרמים,200.00,100 גרם,false,,4.50,0.0225,true,1,20495
7290000311210,false,"וופלים בטעם לימון ""מן"" 200 גרם","רוקחמן בע""מ",,ופלים בטעם לימון מן,גרמים,200.00,100 גרם,false,,4.50,0.0225,true,1,20496
7290000311227,false,"וופלים במילוי קרם קפה ""מן"" 200 גרם","רוקחמן בע""מ",,ופלים בטעם קפה מן 20,גרמים,200.00,100 גרם,false,,4.50,0.0225,true,1,20497
7290000311258,false,מן וופל מצופה שוקולד 250 גרם,"רוקחמן בע""מ",,ופל מצופה מן 250 גרם,גרמים,250.00,100 גרם,false,,6.90,0.0276,true,1,20500
7290000311319,false,"מן וופלים מצופים 10 יח' 1 ק""ג",מן עוגיות,,ופל מצופה בקופסא מן,קילוגרמים,1.00,"ק""ג",false,,24.00,24.0000,true,1,20503
7290000311364,false,מן וופלים שוקולד טייק 1 מן 10*21 גרם,מן עוגיות,,מאגדת ופל TAKE1 עשיר,גרמים,210.00,100 גרם,false,,6.90,0.0329,true,1,20506
7290000311425,false,ופל מצופה עשיריות מן 220 גרם מארז 10 יחידות,תות ממתקי איכות,,ופל מצופה כחול עשירי,גרמים,200.00,100 גרם,false,,6.90,0.0345,true,1,20507
7290000311432,false,עוגיות גרנולה קינמון ללא תוספת סוכר 200ג,"רוקחמן בע""מ",,עוגיות גרנולה קינמון,גרמים,200.00,100 גרם,false,,8.90,0.0445,true,1,246020
7290000311463,false,מן עוגיות חיטה מלאה חמאה ללא סוכר 200 גרם,"רוקחמן בע""מ",,עוגיות חיטה מלאה בטע,גרמים,200.00,100 גרם,false,,8.90,0.0445,true,1,181903
7290000311500,false,מן וופלים בטעם שוקולד 500 ג-נ.ל.פ,"רוקחמן בע""מ",,ופלים בטעם שוקולד מן,גרמים,500.00,100 גרם,false,,8.90,0.0178,true,1,20508
7290000311708,false,מן עוגיות מחיטה מלאה 300 גרם*נ.ל.פ,תות ממתקי איכות,,עוגיות חיטה מלאה 300,גרמים,300.00,100 גרם,false,,6.90,0.0230,true,1,20513
7290000311715,false,מן עוגיות כוכבים בטעם שוקולד 300 גרם*נ.ל.פ,תות ממתקי איכות,,עוגיות כוכבים שוקולד,גרמים,300.00,100 גרם,false,,6.90,0.0230,true,1,20514
7290000311722,false,מן עוגיות כוכבים וניל 300 גרם,תות ממתקי איכות,,עוגיות כוכבים וניל,גרמים,300.00,100 גרם,false,,6.90,0.0230,true,1,20515
7290000311753,false,עוגיות חיטה מלאה בטעם חלווה 250 גר' מן,"רוקחמן בע""מ",,עוגיות חיטה בטעם חלו,גרמים,250.00,100 גרם,false,,6.90,0.0276,true,1,179348
7290000311845,false,מן עוגיות חיטה מלאה ללא תוספת סוכר 200 ג,"רוקחמן בע""מ",,עוגיות חיטה מלאה ללא,גרמים,200.00,100 גרם,false,,8.90,0.0445,true,1,166483
7290000311869,false,מן וופלים שוקולד ללא תוספת סוכר 180 גר,תות ממתקי איכות,,ופלים בטעם שוקולד לל,גרמים,180.00,100 גרם,false,,7.90,0.0439,true,1,41192
7290000311883,false,עוגיות גרנולה ללא תוספת סוכר מן 200 גרם,"רוקחמן בע""מ",,עוגיות גרנולה עם סיב,גרמים,200.00,100 גרם,false,,8.90,0.0445,true,1,246021
7290000312750,false,מלך הבייגלה טבעות שומשום 200 גר',,,ביגלה שומשום 200 גרם,גרמים,200.00,100 גרם,false,,5.90,0.0295,true,1,57440
7290000313160,false,זהבה ושלושת הדובים עוגיות בטעם שוקולד אסם 350 גרם,"הגביע מוצרי וופלים בע""\מ",,חברים זהבה ושלושת הד,גרמים,250.00,100 גרם,false,,8.50,0.0340,true,1,18630
7290000313184,false,עוגיות חברים ביסקויט גן חיות 250 גרם,"הגביע מוצרי וופלים בע""\מ",,חברים ביסקויט גן חיו,גרמים,250.00,100 גרם,false,,8.50,0.0340,true,1,18631
7290000321750,false,"פילה אמנון 5-7 בד""צ",,,"פילה אמנון 5-7 בד""צ",קילוגרמים,1.00,"ק""ג",true,,24.90,24.9000,true,1,54884
7290000322727,false,צלי כתף מס' 5 הרב בע,,,צלי כתף מס' 5 הרב בע,קילוגרמים,1.00,"ק""ג",true,,89.90,89.9000,true,1,124270
7290000334684,false,טבעות בצל 700 גרם תפוגן,"תעשיות תפוגן בע""\מ",,טבעות בצל 700 גרם,גרמים,700.00,100 גרם,false,,17.90,0.0256,true,1,19705
7290000339191,false,אבקת הלבנה רן ללא כל,יוניליוור ניקיון,,אבקת הלבנה רן 350 גר,גרמים,350.00,100 גרם,false,,22.90,0.0654,true,1,10284
7290000341071,false,בדין - מרכך כביסה בייבי לבן 2 ליטר,יוניליור ישראל טיפוח איש,,בייבי בדין לבן 2 ליט,ליטרים,2.00,ליטר,false,,19.90,9.9500,true,1,10290
7290000345215,false,תה כחול קלאסיק ויסוצקי 100 יחידות,מולינו ניקולי s.p.a,,תה ויסוצקי קלאסיק 10,גרמים,100.00,100 גרם,false,,18.90,0.1890,true,1,24578
7290000345284,false,תה ויסוצקי קלאסי אריזה ירוקה מרובעת (100 שקיקים),מולינו ניקולי s.p.a,,תה ויסוצקי 1.5 קלאסי,גרמים,150.00,100 גרם,false,,19.90,0.1327,true,1,24581
7290000345291,false,תה ארל גריי 25 שקיקים ויסוצקי,תה ויסוצקי,,תה ארל גריי 1.5/25,גרמים,37.50,100 גרם,false,,15.90,0.4240,true,1,24582
7290000345307,false,תה ארל גריי ויסוצקי 50 יחידות,מולינו ניקולי s.p.a,,תה ארל גריי 1.5/50,גרמים,75.00,100 גרם,false,,30.00,0.4000,true,1,24583
7290000345536,false,תה נענע ויסוצקי 25 יחידות,מולינו ניקולי s.p.a,,תה נענע 25 שקיות 1.5,גרמים,37.50,100 גרם,false,,18.90,0.5040,true,1,24584
7290000346137,false,חליטת הילולי פירות הגן הקסום ויסוצקי 25 יחידות,תה ויסוצקי,,תה הילולי פירות 25 ש,גרמים,62.50,100 גרם,false,,17.90,0.2864,true,1,24591
7290000346168,false,חליטת שומר הגן הקסום ויסוצקי 25 יחידות,תה ויסוצקי,,תה חליטת שומר גן קסו,גרמים,37.50,100 גרם,false,,17.90,0.4773,true,1,24594
7290000346199,false,חליטת פירות יער הגן הקסום ויסוצקי 25 יחידות,תה ויסוצקי,,תה פירות יער 25 שקיק,גרמים,67.50,100 גרם,false,,17.90,0.2652,true,1,24595
7290000346205,false,חליטת קמומיל הגן הקסום ויסוצקי 25 יחידות,תה ויסוצקי,,תה קמומיל 25 שקיקים,גרמים,37.50,100 גרם,false,,17.90,0.4773,true,1,24596
7290000346212,false,חליטת מנטה הגן הקסום ויסוצקי 25 יחידות,תה ויסוצקי,,תה מנטה 25 שקיקים,גרמים,50.00,100 גרם,false,,17.90,0.3580,true,1,24597
7290000347738,false,תה ירוק נענע ויסוצקי 25 יחידות,תה ויסוצקי,,תה ירוק נענע 25 שקיק,גרמים,37.50,100 גרם,false,,23.90,0.6373,true,1,24602
7290000347752,false,תה ירוק לימונית ולואיזה 25 שקיקים *1.5 ג'' ויסוצקי,תה ויסוצקי,,תה ירוק לימונית ולוא,גרמים,37.50,100 גרם,false,,23.90,0.6373,true,1,24603
7290000379142,false,לחם עינן מחיטה מלאה פרוס 750 גרם(מרובע),מאפיית שלמה א. אנג'\ל בע,,לחם עינן אנגל 750 גר,גרמים,750.00,100 גרם,false,,15.90,0.0212,true,1,35363
7290000382210,false,שקיות גופיה ינות בית,,,שקיות גופיה ינות בית,יחידה,0.00,יחידה,false,,0.10,0.0000,true,1,43
7290000382227,false,שקיות גופיה מגה בעיר,,,שקיות גופיה מגה בעיר,יחידה,0.00,יחידה,false,,0.10,0.0000,true,1,44
7290000382234,false,שקיות גופיה מהדרין,,,שקיות גופיה מהדרין,יחידה,0.00,יחידה,false,,0.10,0.0000,true,1,45
7290000408316,false,יוגורט דנונה דל לקטוז 200 גרם,מיוצר עי קונדיטוריית,,דנונה טבעי 3% 200מל,מיליליטרים,200.00,"100 מ""ל",false,,3.70,0.0185,true,1,23226
7290000408354,false,יוגורט עם אורז מצופה שוקולד קקאו 175 ג' דנונה,"שטראוס בריאות בע""\מ",,דנונה קראנצ' פצפוצים,מיליליטרים,175.00,"100 מ""ל",false,,4.60,0.0263,true,1,23227
7290000412481,false,נוזל לניקוי אסלות 00 סנו 1 ליטר,מיוצר עי קונדיטוריית,,מנקה אסלות 1 ליטר 00,ליטרים,1.00,ליטר,false,,7.90,7.9000,true,1,29784
7290000416076,false,"צימקאו לאפייה וציפוי השחר 400 גרם כשל""פ",השחר העולה תעשייות מ,,צימקאו לאפיה 400 גר',גרמים,400.00,100 גרם,false,,12.90,0.0323,true,1,28841
7290000416618,false,"ממרח שוקולד פרווה השחר 400 גרם כשל""פ",השחר העולה תעשייות מ,,ממרח שוקולד פרווה הש,גרמים,400.00,100 גרם,false,,11.90,0.0298,true,1,28848
7290000416632,false,"ממרח שוקולד פרווה השחר 1 ק""ג כשל""פ",השחר העולה תעשייות מ,,ממרח שוקולד פרווה הש,קילוגרמים,1.00,"ק""ג",false,,26.90,26.9000,true,1,28849
7290000416861,false,"ממרח שוקולד חלבי השחר בד""צ 750 גרם",השחר העולה תעשית ממת,,ממרח חלבי השחר 750 ג,קילוגרמים,1.00,"ק""ג",false,,19.90,19.9000,true,1,200011
7290000420325,false,"פופסטאר פופקורן למקירוגל בטעם טבעי 5 שקיות,500 גרם",פרסטון פארמס,,פופסטאר פופקורן טבעי,גרמים,500.00,100 גרם,false,,15.50,0.0310,true,1,5717
7290000420417,false,גלילונית שקיות אשפה 52X65 עם שרוך 60 יחידות,"איטיליאן פוד, אס.פי.",,גלילונית שקיות אשפה,יחידה,0.00,יחידה,false,,22.90,0.0000,true,1,5719
7290000435251,false,סוכריות מיני משמחים עלה 500ג',הנמל,,מיני משמחים 500 גרם,גרמים,500.00,100 גרם,false,,18.70,0.0374,true,1,214792
7290000436616,false,דובשניות בשקית 180 גר',קריות זול,,דובשניות ברמן 180 גר,גרמים,180.00,100 גרם,false,,5.90,0.0328,true,1,41197
7290000436752,false,עצמות צוואר בקר העדה,,,עצמות צוואר בקר העדה,קילוגרמים,1.00,"ק""ג",true,,19.90,19.9000,true,1,35146
7290000450209,false,פוסידון טונה בהירה בשמן 77 גרם,"מיוצר עי וליגר בעמ,",,טונה בשמן פוסידון 1,גרמים,108.00,100 גרם,false,,5.90,0.0546,true,1,16779
7290000453019,false,שמרים טריים לאפייה שקית שמרית 50 ג',"פאקא תעשיות בע""\מ",,שמרית שמרים טריים לא,גרמים,50.00,100 גרם,false,,4.50,0.0900,true,1,23228
7290000453125,false,שמרית שמרים טריים לאפיה +משפר אפיה 100ג,"פאקא תעשיות בע""\מ",,שמרית שמרים טריים לא,גרמים,100.00,100 גרם,false,,7.70,0.0770,true,1,23229
7290000453408,false,בצק פיצה דק מצונן ומוכן לאפייה שמרית 415 גרם,"פאקא תעשיות בע""מ",,שמרית בצק פיצה דק מצ,גרמים,415.00,100 גרם,false,,17.50,0.0422,true,1,23230
7290000453415,false,בצק עלים מצונן ומוכן לאפייה שמרית 300 גרם,"פאקא תעשיות בע""מ",,שמרית בצק עלים מצונן,גרמים,300.00,100 גרם,false,,15.90,0.0530,true,1,23231
7290000453798,false,שמרים יבשים אקטיביים שימרית 500 ג',"גי' בי' רכיבים בע""מ",,שמרים יבשים אקטיביים,גרמים,500.00,100 גרם,false,,12.90,0.0258,true,1,22183
7290000453866,false,נטורינה תחליף מרגרינה לבישול ואפיה קוקוס שמרית 200 גרם,גרונבאנג- גרונדנסק א,,נטורינה קוקוס שטראוס,גרמים,200.00,100 גרם,false,,7.70,0.0385,true,1,23233
7290000453897,false,מרגרינה בטעם חמאה שמרית 200 גרם,גרונבאנג- גרונדנסק א,,מרגרינה בטעם חמאה 20,גרמים,200.00,100 גרם,false,,4.90,0.0245,true,1,23236
7290000456566,false,צלעות בקר קפוא אשפר,,,צלעות בקר קפוא אשפר,קילוגרמים,1.00,"ק""ג",true,,39.90,39.9000,true,1,224758
7290000461625,false,בייגלה שמיניות מלח בייגל בייגל 400 ג',בייגל את בייגל מזון 198),,ביגלה 8 8 400גר,גרמים,400.00,100 גרם,false,,10.90,0.0273,true,1,10295
7290000462103,false,סחוג תימני אדום חריף עדין זהבי הכרם 150 גרם,קריניסה ויטמין אס אי,,סחוג אדום חריף עדין,גרמים,150.00,100 גרם,false,,8.50,0.0567,true,1,23237
7290000462141,false,סחוג אדום תימני מקורי חריף מאוד זהבי 150 גרם,קריניסה ויטמין אס אי,,סחוג אדום חריף מאוד,גרמים,150.00,100 גרם,false,,8.50,0.0567,true,1,23238
7290000462172,false,סחוג תימני ירוק חריף זהבי הכרם 150 גרם,קריניסה ויטמין אס אי,,סחוג ירוק חריף מאוד,גרמים,150.00,100 גרם,false,,8.50,0.0567,true,1,23240
7290000467153,false,מלך החומוס סמיר הגדול 400 גרם צבר,סלטי צבר,,צבר חומוס סמיר הגדול,גרמים,400.00,100 גרם,false,,13.90,0.0348,true,1,19717
7290000467320,false,מלך החומוס אבו מרוואן 400 גרם,סלטי צבר,,צבר חומוס אבו מרוואן,גרמים,400.00,100 גרם,false,,13.90,0.0348,true,1,19718
7290000474076,false,"חלב קרטון 3%-1 ליטר ""טרה""-מוצר בפיקוח",הפריט בפיקוח,,טרה חלב בקרטון 3% 1,ליטרים,1.00,ליטר,false,,6.23,6.2300,true,1,6331
7290000474090,false,"חלב בקרטון 1%- 1 ליטר בד""צ - מוצר בפיקוח",מילקו תעשיות בעמ,,טרה חלב בקרטון 1% 1ל,ליטרים,1.00,ליטר,false,,5.86,5.8600,true,1,6332
7290000474373,false,"שמנת חמוצה 15% שומן 200 מ""ל טרה",קריות זול,,טרה שמנת חמוצה 15% 2,מיליליטרים,200.00,"100 מ""ל",false,,2.40,0.0120,true,1,6338
7290000474502,false,גבינה לבנה טרה 5% מרכיבים טבעיים,הפריט בפיקוח,,טרה גבינה לבנה 5% 25,גרמים,250.00,100 גרם,false,,4.98,0.0199,true,1,6341
7290000474540,false,טוב טעם גבינה לבנה 3% טרה 250 גרם,קריות זול,,טוב טעם גבינה 3% 250,גרמים,250.00,100 גרם,false,,10.90,0.0436,true,1,6342
7290000474830,false,נעם גבינה צהובה מגורדת 28% טרה 500 גרם,מילקו תעשיות בעמ,,נעם גבינה צהובה מגור,גרמים,500.00,100 גרם,false,,29.90,0.0598,true,1,6343
7290000480107,false,קוואקר שיבולת שועל פחית 500 גרם,וולקרס סנקס לימיטד,,"קוואקר מהיר אטוס לל""",גרמים,500.00,100 גרם,false,,12.90,0.0258,true,1,24140
7290000480442,false,קוואקר שיבולת שועל בשקית 500 גרם,פריטו ליי FRITO-LAY,,שיבולת שועל בשקית קו,גרמים,500.00,100 גרם,false,,13.50,0.0270,true,1,24141
7290000481029,false,פיתות בטעם ביתי 10 יחידו,דגנית עין בר תעשיות מזון,,פיתות 10 יחידות בטעם,קילוגרמים,1.00,"ק""ג",false,,10.90,10.9000,true,1,56893
7290000481074,false,לחם משלושה קמחים מלאים 750 גר,דגנית עין בר תעשיות מזון,,לחם טריו מלא דגנית 7,גרמים,750.00,100 גרם,false,,19.90,0.0265,true,1,292979
7290000481531,false,דגנית עין בר לחמניות אצבע מחיטה מלאה בשקית 750 ג',דגנית עין בר תעשיות מזון,,לחמניות 10 יחידות חי,גרמים,750.00,100 גרם,false,,13.90,0.0185,true,1,4451
7290000481883,false,דגנית עין בר מארז לחמניות 10 יח'*75 ג',דגנית עין בר תעשיות מזון,,10 לחמניות דגנית,גרמים,750.00,100 גרם,false,,13.90,0.0185,true,1,4455
7290000484747,false,עראק עלית 700 מל 40% כהל,יקב הגליל יוסף גולד ובניו,,"עלית הארק 40% 700 מ""",מיליליטרים,700.00,"100 מ""ל",false,,59.90,0.0856,true,1,28873
7290000486794,false,בשר לטשלונט קפוא רו,,,בשר לטשלונט קפוא רו,קילוגרמים,1.00,"ק""ג",true,,84.90,84.9000,true,1,328024
7290000490625,false,שלגונים ציפוי שוקו מאגדת שמינייה 560 ג',גלידות פלדמן,,מאגדת שלגונים ציפוי,גרמים,560.00,100 גרם,false,,23.90,0.0427,true,1,71777
7290000490762,false,גלידל שוקו פלדמן מארז שמינייה,הגלידות של פלדמן,,גלידל מאגדת בטעם שוק,גרמים,400.00,100 גרם,false,,31.90,0.0797,true,1,36044
7290000493176,false,אסם אבקת רוטב צלי לבשר 22 ג',"אסם השקעות בע""\מ",,אסם אבקת רוטב צלי לב,גרמים,22.00,100 גרם,false,,3.90,0.1773,true,1,18670
7290000493183,false,אבקת רוטב פטריות לבשר-30 גרם,"אסם השקעות בע""\מ",,אסם אבקת רוטב פטריות,גרמים,30.00,100 גרם,false,,3.90,0.1300,true,1,18671
7290000496360,false,פילה בקלה דרום אפרי,,,פילה בקלה דרום אפרי,קילוגרמים,1.00,"ק""ג",true,,43.90,43.9000,true,1,182477
7290000504278,false,ממתיק סוכרזית אריזת פטנט 700 טבליות,אף.סי תבליני בגליל ב,,סוכרזית פטנט 700 טבל,גרמים,574.00,100 גרם,false,,13.90,0.0242,true,1,22194
7290000521008,false,יין אדום יבש של סגל750מל,"כרמי צבי - אחים סגל בע""\",,אדום יבש סגל.,מיליליטרים,750.00,"100 מ""ל",false,,21.90,0.0292,true,1,9367
7290000521022,false,"של סגל, יין לבן חצי יבש 750 מ""ל",פארייפאבה אגרואינדוס,,סגל לבן חצי יבש 750,מיליליטרים,750.00,"100 מ""ל",false,,21.90,0.0292,true,1,9369
7290000522188,false,עוף מס' 2 קפוא רובין,,,עוף מס' 2 קפוא רובין,קילוגרמים,1.00,"ק""ג",true,,26.90,26.9000,true,1,46867
7290000522201,false,כרעיים עוף ארוז קפוא,,,כרעיים עוף ארוז קפוא,קילוגרמים,1.00,"ק""ג",true,,36.90,36.9000,true,1,46869
7290000522232,false,חזה עוף ארוז קפוא רו,,,חזה עוף ארוז קפוא רו,קילוגרמים,1.00,"ק""ג",true,,46.90,46.9000,true,1,46870
7290000522256,false,כנפיים עוף ארוז קפוא,,,כנפיים עוף ארוז קפוא,קילוגרמים,1.00,"ק""ג",true,,19.90,19.9000,true,1,46871
7290000522263,false,שוקיים עוף ארוז קפוא,,,שוקיים עוף ארוז קפוא,קילוגרמים,1.00,"ק""ג",true,,49.90,49.9000,true,1,46872
7290000522348,false,שניצל עוף פרוס ארוז,,,שניצל עוף פרוס ארוז,קילוגרמים,1.00,"ק""ג",true,,49.90,49.9000,true,1,46874
7290000522492,false,פרגיות קפוא ארוז הרב,,,פרגיות קפוא ארוז הרב,קילוגרמים,1.00,"ק""ג",true,,84.90,84.9000,true,1,46875
7290000523125,false,מלח הארץ הים האדום 250 ג' עדין,"חברת מלח הארץ אילת בע""\מ",,מלח ים יבש הארץ 250,גרמים,250.00,100 גרם,false,,5.90,0.0236,true,1,24605
7290000523224,false,מלח הארץ הים האדום 500 ג' עדין,"חברת מלח הארץ אילת בע""\מ",,מלח ים יבש הארץ 500,גרמים,500.00,100 גרם,false,,7.90,0.0158,true,1,15447
7290000523514,false,מלח ים יבש מלח הארץ 250 גרם מופחת נתרן,"חברת מלח הארץ אילת בע""\מ",,מלח 50% פחות נתרן הא,גרמים,250.00,100 גרם,false,,10.30,0.0412,true,1,15448
7290000523521,false,מלח ים מלח הארץ 250 גרם מועשר ביוד,חברת מלח הארץ אילת ב,,מלח מעושר ביוד הארץ,גרמים,250.00,100 גרם,false,,6.90,0.0276,true,1,24606
7290000523804,false,"מלח עדין צנצנת 1 ק""ג מלח הארץ","חברת מלח הארץ אילת בע""\מ",,מלח עדין בצנצנת הארץ,קילוגרמים,1.00,"ק""ג",false,,7.50,7.5000,true,1,24607
7290000523811,false,"צנצנת מלח גס 1 ק""ג מלח הארץ","חברת מלח הארץ אילת בע""\מ",,מלח גס בצנצנת הארץ 1,קילוגרמים,1.00,"ק""ג",false,,7.50,7.5000,true,1,24608
7290000525969,false,מיץ תפוזים סחוט רכיבים טבעיים פרימור 1 ליטר,"גניר (1992) בע""מ",,פרימור מיץ תפוזים 1ל,ליטרים,1.00,ליטר,false,,15.90,15.9000,true,1,23244
7290000533353,false,"בצק עלים צרפתי 1 ק""ג זוגלובק",מאפיית אריאל וגידרון,,זוגלובק בצק עלים 1קג,קילוגרמים,1.00,"ק""ג",false,,14.90,14.9000,true,1,38910
7290000536774,false,"נקניקיות מן הצומח זוגלובק 1ק""ג בד""צ",זוגלובק טבע,,"נקניקיה 1 ק""ג בד""ץ.",קילוגרמים,1.00,"ק""ג",false,,30.90,30.9000,true,1,38917
7290000554615,false,פילה מדומה קפוא מס`6,,,פילה מדומה קפוא מס`6,קילוגרמים,1.00,"ק""ג",true,,89.90,89.9000,true,1,46907
7290000560540,false,אדג' ג'ל כתום לעור רגיש 198גרם,המאפיה של הרמן,,ג'ל גילוח כתום לעור,מיליליטרים,200.00,"100 מ""ל",false,,19.90,0.0995,true,1,5728
7290000561202,false,גרעינים חמניה 200 גרם פיצוחי חממה,,,גרעין חמניה קלוי 200,גרמים,200.00,100 גרם,false,,6.90,0.0345,true,1,1422
7290000574028,false,לחם שחור מועשר בחומצה פולית וויטמינים דגנים 750 גרם,יוניליוור גרמניה Gm,,לחם אחיד פרוס מועשר,גרמים,750.00,100 גרם,false,,8.90,0.0119,true,1,4460
7290000574035,false,לחם אחיד פרוס 750גרם דגנית עין בר,יוניליוור גרמניה Gm,,לחם אחיד פרוס דגנית,גרמים,750.00,100 גרם,false,,7.11,0.0095,true,1,4461
7290000574141,false,לחם חיטה מלא 750ג' דגנית עין בר,דגנית עין בר תעשיות מזון,,לחם חיטה מלאה דגנית,גרמים,750.00,100 גרם,false,,15.90,0.0212,true,1,4467
7290000574172,false,לחם קל מחיטה מלאה 750 ג' דגנית עין בר,דגנית עין בר תעשיות מזון,,לחם קל חיטה מלאה דגנ,גרמים,750.00,100 גרם,false,,14.90,0.0199,true,1,4469
7290000574455,false,לחם חיטה מלא פלוס כוסמין 750 ג' דגנית עין בר,פריט ללא פיקוח,,לחם חיטה מלא+כוסמין,גרמים,750.00,100 גרם,false,,14.90,0.0199,true,1,4481
7290000574509,false,מארז 6 לחמניות אצבע דגנית,מאפ. דגנית עין-בר,,6 לחמניות חצויות דגנ,גרמים,450.00,100 גרם,false,,9.90,0.0220,true,1,4482
7290000599946,false,ספוג הפלא שייני 6 יחידות,מ.א ייצור ושיווק מטל,,6 ספוגי הפלא SHINY,יחידה,0.00,יחידה,false,,5.90,0.0000,true,1,13457
7290000599953,false,מגב פלסטיק 60 ס',,,מגב-K+מקל מתכת,יחידה,0.00,יחידה,false,,15.00,0.0000,true,1,13458
7290000644783,false,נתחי פילה סלמון קפוא קג,דגי תנובה,,דגי תנובה נתחי פילה,קילוגרמים,1.00,"ק""ג",true,,89.90,89.9000,true,1,26466
7290000646299,false,פילה נסיכת הנילוס 100% דג קפוא תנובה,MORE,,פילה נסיכה 100% דגי,קילוגרמים,1.00,"ק""ג",true,,54.90,54.9000,true,1,153464
7290000652177,false,נתחי פילה נסיכה 100% דג קפוא תנובה,דגי תנובה,,נתחי פילה נסיכה 100%,קילוגרמים,1.00,"ק""ג",true,,69.90,69.9000,true,1,90339
7290000652542,false,פילה אמנון קפוא 5-7 קג,דגי תנובה,,פילה אמנון 5-7 100%,קילוגרמים,1.00,"ק""ג",true,,38.90,38.9000,true,1,90299
7290000652894,false,סטייק דג טונה קפוא 100% תנובה,דגי תנובה,,סטייק דג טונה 100% ד,קילוגרמים,1.00,"ק""ג",true,,44.90,44.9000,true,1,90326
7290000655376,false,פילה דניס קפוא תנובה,דגי תנובה,,פילה דניס קפוא,קילוגרמים,1.00,"ק""ג",true,,89.90,89.9000,true,1,26472
7290000658926,false,"פילה מרלוזה קפוא 100% ""תנובה""",דגי תנובה,,פילה מרלוזה קפוא 100,קילוגרמים,1.00,"ק""ג",true,,32.90,32.9000,true,1,26475
7290000659312,false,דגי תנובה פילה סלומון קפוא בוואקום,דגי תנובה,,דגי תנובה פילה סלמון,קילוגרמים,1.00,"ק""ג",true,,79.90,79.9000,true,1,26476
7290000662213,false,נתח פילה סלמון קפוא תנובה,תנובה,,נתח פילה סלמון קפוא,קילוגרמים,1.00,"ק""ג",true,,89.90,89.9000,true,1,26478
7290000662817,false,סלמון מעושן 100 גרם נורבגי מדג טרי,דגיים קפואים,,סלמון מעושן פרוס 100,גרמים,100.00,100 גרם,false,,18.90,0.1890,true,1,128798
7290000663036,false,פילה אמנון קפוא ללא עור 100% דג תנובה,דגי תנובה,,פילה אמנון ללא עור 1,קילוגרמים,1.00,"ק""ג",true,,44.90,44.9000,true,1,153450
7290000663166,false,דג פילה הייק דרום אפריקאי,תנובה,,פילה הייק דרום אפריק,קילוגרמים,1.00,"ק""ג",true,,44.90,44.9000,true,1,175203
7290000679440,false,"קמיל בלו משחת החתלה לתינוק ד""ר פישר 100 גרם",פישר מעבדות פרמצבטיות בע,,משחה לתינוק קמיל בלו,גרמים,100.00,100 גרם,false,,16.90,0.1690,true,1,29029
7290000679455,false,בשר הודו אדום טרי אר,,,בשר הודו אדום טרי אר,קילוגרמים,1.00,"ק""ג",true,,39.90,39.9000,true,1,49857
7290000679462,false,חזה הודו נקבה מחפוד,,,חזה הודו נקבה מחפוד,קילוגרמים,1.00,"ק""ג",true,,34.90,34.9000,true,1,49858
7290000679479,false,שווארמה הודו מחפוד ט,,,שווארמה הודו מחפוד ט,קילוגרמים,1.00,"ק""ג",true,,69.90,69.9000,true,1,49859
7290000679493,false,שוק הודו נקבה מחפוד,,,שוק הודו נקבה מחפוד,קילוגרמים,1.00,"ק""ג",true,,26.90,26.9000,true,1,49861
7290000679509,false,גרונות הודו מחפוד טר,,,גרונות הודו מחפוד טר,קילוגרמים,1.00,"ק""ג",true,,29.90,29.9000,true,1,49862
7290000679516,false,כנף הודו נקבה מחפוד,,,כנף הודו נקבה מחפוד,קילוגרמים,1.00,"ק""ג",true,,16.90,16.9000,true,1,49863
7290000681281,false,עוף טרי מחפוד ארוז-ק,,,עוף טרי מחפוד ארוז-ק,קילוגרמים,1.00,"ק""ג",true,,27.90,27.9000,true,1,49881
7290000681298,false,חזה עוף טרי מחפוד אר,,,חזה עוף טרי מחפוד אר,קילוגרמים,1.00,"ק""ג",true,,34.90,34.9000,true,1,49882
7290000681304,false,כרעיים עוף טרי מחפוד,,,כרעיים עוף טרי מחפוד,קילוגרמים,1.00,"ק""ג",true,,32.90,32.9000,true,1,49883
7290000681311,false,ירכיים עוף טרי מחפוד,,,ירכיים עוף טרי מחפוד,קילוגרמים,1.00,"ק""ג",true,,32.90,32.9000,true,1,49884
7290000681328,false,מחפוד שוקיים עוף טרי,,,מחפוד שוקיים עוף טרי,קילוגרמים,1.00,"ק""ג",true,,36.90,36.9000,true,1,49885
7290000681335,false,פרגיות עוף טרי מחפוד,,,פרגיות עוף טרי מחפוד,קילוגרמים,1.00,"ק""ג",true,,74.90,74.9000,true,1,49886
7290000681342,false,לבבות עוף טרי מחפוד,,,לבבות עוף טרי מחפוד,קילוגרמים,1.00,"ק""ג",true,,34.90,34.9000,true,1,49887
7290000681359,false,כבד עוף טרי ארוז מחפ,,,כבד עוף טרי ארוז מחפ,קילוגרמים,1.00,"ק""ג",true,,32.90,32.9000,true,1,49888
7290000681366,false,כנפיים עוף מחפוד ב-ק,,,כנפיים עוף מחפוד ב-ק,קילוגרמים,1.00,"ק""ג",true,,14.90,14.9000,true,1,49889
7290000681373,false,גרון עוף טרי מחפוד א,,,גרון עוף טרי מחפוד א,קילוגרמים,1.00,"ק""ג",true,,9.90,9.9000,true,1,49890
7290000681380,false,שניצל עוף טרי מחפוד,,,שניצל עוף טרי מחפוד,קילוגרמים,1.00,"ק""ג",true,,34.90,34.9000,true,1,49891
7290000688084,false,מי עדן פקק ספורטאים500מל,"מופק ממקור בזלתי עדן ,1",,מי עדן 1/2 ליטר ספור,מיליליטרים,500.00,"100 מ""ל",false,,2.90,0.0058,true,1,11449
7290000688381,false,שישיית מי עדן פקק ספורט 0.5 ליטר,"מופק ממקור בזלתי עדן ,1",,מי עדן פקק ספורט 6*5,ליטרים,3.00,ליטר,false,,13.90,4.6333,true,1,11453
7290000689024,false,כתף כבש שלם מחפוד.,,,כתף כבש שלם מחפוד.,קילוגרמים,1.00,"ק""ג",true,,109.90,109.9000,true,1,53997
7290000692210,false,נוזל לניקוי כללי ורצפות בניחוח לבנדר אג'קס 2 ליטר,הנסיך- מפעל לייצור ט,,אג'קס ניקוי כללי ורצ,ליטרים,2.00,ליטר,false,,22.90,11.4500,true,1,21400
7290000707345,false,חזה עוף שלם טרי ארוז,,,חזה עוף שלם טרי ארוז,קילוגרמים,1.00,"ק""ג",true,,31.90,31.9000,true,1,17974
7290000707352,false,שניצל עוף טרי ארוז,,,שניצל עוף טרי ארוז,קילוגרמים,1.00,"ק""ג",true,,37.90,37.9000,true,1,17975
7290000707369,false,כרעיים עוף טרי ארוז,,,כרעיים עוף טרי ארוז,קילוגרמים,1.00,"ק""ג",true,,26.90,26.9000,true,1,17976
7290000707376,false,ירכיים עוף טרי ארוז,,,ירכיים עוף טרי ארוז,קילוגרמים,1.00,"ק""ג",true,,26.90,26.9000,true,1,17977
7290000707383,false,שוקיים עוף טרי ארוז,,,שוקיים עוף טרי ארוז,קילוגרמים,1.00,"ק""ג",true,,28.90,28.9000,true,1,17978
7290000707390,false,פרגית עוף טרי ארוז ש,,,פרגית עוף טרי ארוז ש,קילוגרמים,1.00,"ק""ג",true,,54.90,54.9000,true,1,17979
7290000707420,false,עוף שלם טרי ארוז,,,עוף שלם טרי ארוז,קילוגרמים,1.00,"ק""ג",true,,19.90,19.9000,true,1,17980
7290000707437,false,כנפיים עוף טרי ארוז,,,כנפיים עוף טרי ארוז,קילוגרמים,1.00,"ק""ג",true,,10.90,10.9000,true,1,17981
7290000707444,false,קורקבן עוף טרי ארוז,,,קורקבן עוף טרי ארוז,קילוגרמים,1.00,"ק""ג",true,,9.90,9.9000,true,1,17982
7290000707468,false,כבד עוף טרי ארוז,,,כבד עוף טרי ארוז,קילוגרמים,1.00,"ק""ג",true,,19.90,19.9000,true,1,17984
7290000707543,false,פילה עוף טרי ארוז,,,פילה עוף טרי ארוז,קילוגרמים,1.00,"ק""ג",true,,37.90,37.9000,true,1,17986
7290000708069,false,גרון הודו נקבה ארוז,,,גרון הודו נקבה ארוז,קילוגרמים,1.00,"ק""ג",true,,29.90,29.9000,true,1,17994
7290000708151,false,שניצל עוף טרי ארוז,,,שניצל עוף טרי ארוז,קילוגרמים,1.00,"ק""ג",true,,37.90,37.9000,true,1,18000
7290000708502,false,סטייק פרגית טרי כרע,,,סטייק פרגית טרי כרע,קילוגרמים,1.00,"ק""ג",true,,49.90,49.9000,true,1,18002
7290000803067,false,"משחת שיניים לילדים גילאים 6-2 אלמקס 75 מ""ל",הנסיך- מפעל לייצור ט,,משחת שיניים לילדים א,מיליליטרים,75.00,"100 מ""ל",false,,15.90,0.2120,true,1,21408
7290000803180,false,"מרידול-שטיפת פה דנטלית 400 מ""ל",קולגייט פלמוליב,,מי פה דנטלית מרידול,מיליליטרים,400.00,"100 מ""ל",false,,30.90,0.0772,true,1,21409
7290000827634,false,צלעות כבש פרוס קפוא,,,צלעות כבש פרוס קפוא,קילוגרמים,1.00,"ק""ג",true,,199.90,199.9000,true,1,52425
7290000827740,false,כתף כבש פרוס קפוא מח,,,כתף כבש פרוס קפוא מ,קילוגרמים,1.00,"ק""ג",true,,119.90,119.9000,true,1,46954
7290000835954,false,פילה אמנון 5-7 בוואק,,,פילה אמנון 5-7 בוואק,קילוגרמים,1.00,"ק""ג",true,,26.90,26.9000,true,1,70031
7290000910291,false,פלפל צ`ילי,,,פלפל צ`ילי,גרמים,100.00,100 גרם,false,,8.90,0.0890,true,1,46540
7290000920426,false,צלעות מספר 2 קפוא רו,,,צלעות מספר 2 קפוא רו,קילוגרמים,1.00,"ק""ג",true,,76.90,76.9000,true,1,327950
7290000920440,false,שריר הזרוע 8 צרכני פ,,,שריר הזרוע 8 צרכני פ,קילוגרמים,1.00,"ק""ג",true,,99.90,99.9000,true,1,46956
7290000920464,false,פילה מדומה קפוא מס`6,,,פילה מדומה קפוא מס`6,קילוגרמים,1.00,"ק""ג",true,,96.90,96.9000,true,1,327995
7290001041017,false,חוואיג' תימני בצנצנת מיה 50 גרם,מיה תעשיות מזון מ.ת.מ. ב,,מיה חוואיג תימני 50ג,גרמים,50.00,100 גרם,false,,5.90,0.1180,true,1,14830
7290001041123,false,שקדים מולבנים פרוסים מיה 100 גרם,מיה תעשיות מזון מ.ת.מ. ב,,מיה שקד מולבן פרוס 1,גרמים,100.00,100 גרם,false,,11.90,0.1190,true,1,14836
7290001041161,false,"שעועית לבנה יבשה מיה 1 ק""ג",מיה תעשיות מזון מ.ת.מ. ב,,שעועית 1 ק'ג,קילוגרמים,1.00,"ק""ג",false,,14.90,14.9000,true,1,14840
7290001041178,false,"אפונה ירוקה 1 ק""ג מיה",מיה תעשיות מזון מ.ת.מ. ב,,"אפונה 1 ק""ג",קילוגרמים,1.00,"ק""ג",false,,8.90,8.9000,true,1,14841
7290001041185,false,"פופקורן גרעינים מיה 1 ק""ג",מיה תעשיות מזון מ.ת.מ. ב,,פופקורן 1 ק'ג,קילוגרמים,1.00,"ק""ג",false,,9.90,9.9000,true,1,14842
7290001041192,false,"עדשים אדומים יבשים מיה 1 ק""ג",מיה תעשיות מזון מ.ת.מ. ב,,עדשים אדומות 1 ק'ג,קילוגרמים,1.00,"ק""ג",false,,11.90,11.9000,true,1,14843
7290001041215,false,"מיה חיטה 1 ק""ג",מיה תעשיות מזון מ.ת.מ. ב,,חיטה 1 ק'ג,קילוגרמים,1.00,"ק""ג",false,,8.90,8.9000,true,1,14845
7290001041222,false,"חומוס לבן ענק ק''ג מיה 1 ק""ג",מיה תעשיות מזון מ.ת.מ. ב,,חומוס לבן ענק 1 ק'ג,קילוגרמים,1.00,"ק""ג",false,,17.90,17.9000,true,1,14846
7290001041260,false,שומשום מיה 400 גרם,מיה תעשיות מזון מ.ת.מ. ב,,שומשום מיה 400 גרם,גרמים,400.00,100 גרם,false,,11.90,0.0298,true,1,14847
7290001041277,false,פירורי לחם רגיל מיה 400ג ',מיה תעשיות מזון מ.ת.מ. ב,,פרורי לחם 400 גרם,גרמים,400.00,100 גרם,false,,5.90,0.0148,true,1,14848
7290001041284,false,לקקן סוכריה תות על מקל 20 יח',מיה תעשיות מזון מ.ת.מ. ב,,לקקנים סוכריה על מקל,גרמים,220.00,100 גרם,false,,9.90,0.0450,true,1,14849
7290001041291,false,לקקן סוכריה על מקל 70יח',מיה תעשיות מזון מ.ת.מ. ב,,לקקנים סוכריות על מק,גרמים,70.00,100 גרם,false,,16.90,0.2414,true,1,14850
7290001041888,false,פפריקה מתוקה בצנצנת מיה 300 גרם,מיה תעשיות מזון מ.ת.מ. ב,,פפריקה מתוקה 300גרם,גרמים,300.00,100 גרם,false,,16.90,0.0563,true,1,14866
7290001045688,false,"מיץ תפוזים סחוט פרימור 400 מ""ל",פרימור,,פרימור מיץ תפוזים 40,מיליליטרים,400.00,"100 מ""ל",false,,7.90,0.0197,true,1,23250
7290001136294,false,"שמפו לשיער יבש בבישום פרחים נקה 7 750 מ""ל","אמיליה קוסמטיקס בע""מ",,שמפו יבש אדום נקה 7,מיליליטרים,750.00,"100 מ""ל",false,,11.90,0.0159,true,1,29787
7290001136362,false,נקה 7 תחליב רחצה אלוורה ארומה ירוק 1 ל',מיוצר בסין.יבוא ושיו,,תחליב רחצה אלוורה ות,יחידה,0.00,יחידה,false,,14.90,0.0000,true,1,29789
7290001136683,false,"מרכך לשיער רגיל בבושם פרחים נקה 7 750 מ""ל","אמיליה קוסמטיקס בע""מ",,מרכך רגיל ירוק נקה 7,מיליליטרים,750.00,"100 מ""ל",false,,11.90,0.0159,true,1,29791
7290001136799,false,נקה 7 תחליב רחצה ארומה ורוד יסמין 1 ל',מיוצר בסין.יבוא ושיו,,תחליב רחצה ורד ויסמי,יחידה,0.00,יחידה,false,,14.90,0.0000,true,1,29792
7290001136973,false,נקה 7 תחליב רחצה ארומה קמומיל לבן 1 ל',טרופיקל דגיל תעשיות,,תחליב רחצה קמומיל נק,יחידה,0.00,יחידה,false,,14.90,0.0000,true,1,29793
7290001193907,false,נר נשמה בזכוכית שבוע,,,נר נשמה שבועי,יחידה,0.00,יחידה,false,,10.90,0.0000,true,1,214853
7290001201510,false,תבנית ביצים מדיום 30 יח',לסר,,30 ביצים M מ.לסר,יחידה,0.00,יחידה,false,,27.87,0.0000,true,1,13612
7290001201596,false,ביצים ארוזות M 12 יחידות,שופרסל,,12 ביצים M מ.לסר,יחידה,0.00,יחידה,false,,11.15,0.0000,true,1,13616
7290001201602,false,ביצים 18 יח גדול לסר,לסר,,18ביצים L מ.לסר,יחידה,0.00,יחידה,false,,18.07,0.0000,true,1,214849
7290001201824,false,תבנית ביצים 12 יח' לארג' אורגני,מ.לסר,,12 ביצים L אורגני מ,יחידה,0.00,יחידה,false,,21.90,0.0000,true,1,13624
7290001201855,false,ביצים אומגה L/12 גדול ארוז,מ.לסר,,12ביצים L אומגה 3 מ,יחידה,0.00,יחידה,false,,17.90,0.0000,true,1,13626
7290001201862,false,ביצי חופש לארג' 12 יחידות,מ.לסר,,12 ביצים חופש L מ. ל,יחידה,0.00,יחידה,false,,18.90,0.0000,true,1,13627
7290001201893,false,ביצים אומגה M 12 יח,,,12 ביצים M אומגה 3,יחידה,0.00,יחידה,false,,16.90,0.0000,true,1,13629
7290001216040,false,טחינה גולמית שומשום טהור אל ארז 500 גרם,אגס ירוק מסחר ושירותים,,טחינה אל ארז 100% שו,גרמים,500.00,100 גרם,false,,15.90,0.0318,true,1,34833
7290001216057,false,"טחינה שומשום טהור אל ארז 1 ק""ג",אגס ירוק מסחר ושירותים,,טחינה אל ארז 100% שו,קילוגרמים,1.00,"ק""ג",false,,29.90,29.9000,true,1,34834
7290001216231,false,טחינה גולמית שומשום מלא אל ארז 500 גרם,אגס ירוק מסחר ושירותים,,טחינה מלאה 100% שומש,גרמים,500.00,100 גרם,false,,16.90,0.0338,true,1,34838
7290001230331,false,כאמל בוקס קופסא בודד,Unknown,,כאמל בוקס קופסא בודד,יחידה,0.00,יחידה,false,,32.00,0.0000,false,1,4067
7290001231932,false,ווינסטון כחול בוקס חפיסה,Unknown,,וינסטון קופסא בודדת,יחידה,0.00,יחידה,false,,32.00,0.0000,false,1,4072
7290001245699,false,אקונומיקה סמיכה בניחוח לימון 4 ל' טאצ',,,ג'ל אקונומיקה סמיכה,ליטרים,4.00,ליטר,false,,12.90,3.2250,true,1,37956
7290001245705,false,אקונומיקה מבושמת טאצ' 4 ליטר,סאסאטק,,אקונומיקה מבושמת 4 ל,ליטרים,4.00,ליטר,false,,10.90,2.7250,true,1,37957
7290001245729,false,ג'ל כביסה ירוקה טאצ 3 ליטר סלקט,,,ג'ל כביסה ירוק 3 ליט,ליטרים,1.00,ליטר,false,,17.90,17.9000,true,1,37959
7290001245736,false,ג'ל כביסה כחול טאצ' 3 ליטר סלקט,,,ג'ל כביסה כחול 3 ליט,ליטרים,1.00,ליטר,false,,17.90,17.9000,true,1,37960
7290001245798,false,נוזל כלים לימון 18% 1.6 ליטר טאצ',,,נוזל כלים לימון 18%,ליטרים,1.60,ליטר,false,,10.90,6.8125,true,1,37962
7290001245828,false,נוזל כלים קלאסי טאצ' 18% 1.6 ליטר,,,נוזל כלים קלאסי 18%,ליטרים,1.60,ליטר,false,,10.90,6.8125,true,1,37964
7290001245842,false,נוזל רצפות מאסק 4 לי' טאצ',,,נוזל רצפות מאסק 4 לי,ליטרים,4.00,ליטר,false,,12.90,3.2250,true,1,37966
7290001245897,false,נוזל רצפות יסמין 4 לי' טאצ',,,נוזל רצפות יסמין 4 ל,ליטרים,4.00,ליטר,false,,12.90,3.2250,true,1,37971
7290001245958,false,מרכך כביסה ורוד טאצ' 4 ליטר,,,מרכך כביסה טאצ' ורוד,ליטרים,4.00,ליטר,false,,13.90,3.4750,true,1,37976
7290001245972,false,מרכך כביסה לבן טאצ' 4 ליטר,,,מרכך כביסה טאצ' לבן,ליטרים,4.00,ליטר,false,,13.90,3.4750,true,1,37978
7290001245989,false,מרכך כביסה סגול 4 ליטר טאצ',,,מרכך כביסה טאצ' סגול,ליטרים,4.00,ליטר,false,,13.90,3.4750,true,1,37979
7290001246061,false,מרכך מרוכז פרפיום פנטזי טאצ 1ל',סאסאטק,,מרכך פרימיום פנטזי 1,ליטרים,1.00,ליטר,false,,12.90,12.9000,true,1,37981
7290001246078,false,מרכך מרוכז פרפיום סנשואל טאצ' 1 ל',סאסאטק,,מרכך פרימיום סנשואל,ליטרים,1.00,ליטר,false,,12.90,12.9000,true,1,37982
7290001246085,false,טאצ' מרסס ניקוי חלונות 1 ליטר,,,תרסיס מנקה חלונות 1,ליטרים,1.00,ליטר,false,,5.90,5.9000,true,1,37983
7290001246320,false,"ג'ל אסלות לימון טאצ' 750 מ""ל",,,ג'ל אסלות לימון טאצ',מיליליטרים,750.00,"100 מ""ל",false,,9.90,0.0132,true,1,37992
7290001246528,false,מרכך כביסה מרוכז פרפיום מיסטרי טאצ' 1 ל',סאסאטק,,מרכך כביסה מרוכז פרפ,ליטרים,1.00,ליטר,false,,12.90,12.9000,true,1,37998
7290001246801,false,נוזל רצפות פרקט טאצ' 2 ליטר,,,נוזל רצפות פרקט טאצ',ליטרים,2.00,ליטר,false,,17.90,8.9500,true,1,38002
7290001246825,false,ג'ל כביסה ירוק 5 ליטר שנ,,,ג'ל כביסה ירוק טאצ',ליטרים,5.00,ליטר,false,,29.90,5.9800,true,1,227261
7290001246832,false,ג'ל כביסה כחול 5 ליטר שנ,,,ג'ל כביסה כחול טאצ',ליטרים,5.00,ליטר,false,,29.90,5.9800,true,1,227262
7290001247068,false,קרטונית נקטר ספרינג תות בננה 1 ליטר,יפאורה שותפות מובגלת לשיווק,,ספרינג תות בננה קרטו,ליטרים,1.00,ליטר,false,,6.90,6.9000,true,1,11470
7290001247082,false,מיץ עגבניות רכיבים טבעיים ספרינג 1 ליטר,יפאורה שותפות מובגלת לשיווק,,ספרינג עגבניות קרטונ,ליטרים,1.00,ליטר,false,,6.50,6.5000,true,1,11471
7290001247099,false,קרטונית נקטר ספרינג מנגו 1 ליטר,יפאורה שותפות מובגלת לשיווק,,ספרינג מנגו קרטונית,ליטרים,1.00,ליטר,false,,6.90,6.9000,true,1,11472
7290001247105,false,קרטונית נקטר ספרינג אפרסק 1 ליטר,יפאורה שותפות מובגלת לשיווק,,ספרינג נקטר אפרסק 1ל,ליטרים,1.00,ליטר,false,,6.90,6.9000,true,1,11473
7290001247112,false,קרטונית נקטר ספרינג לימונענע 1 ליטר,יפאורה שותפות מובגלת לשיווק,,ספרינג לימונענע קרטו,ליטרים,1.00,ליטר,false,,6.90,6.9000,true,1,11474
7290001247129,false,נקטר ספרינג תפוזים קרטונית 1 ל',יפאורה שותפות מובגלת לשיווק,,ספרינג תפוז קרטונית,ליטרים,1.00,ליטר,false,,6.90,6.9000,true,1,11475
7290001274422,false,שלגונים ציפוי בננה מאגדת שמינייה 560 ג',גלידות פלדמן,,מאגדת שלגונים ציפוי,גרמים,560.00,100 גרם,false,,23.90,0.0427,true,1,36046
7290001305058,false,"פלמוליב - נטורלס תחליב רחצה חלב ודבש 500 מ""ל",הנסיך- מפעל לייצור ט,,סבון נוזלי חלב ודבש,מיליליטרים,500.00,"100 מ""ל",false,,15.90,0.0318,true,1,21412
7290001305188,false,"נוזל לניקוי כלים בריח לימון פלמוליב 750 מ""ל",יבואן ומשווק: ש. שסט,,פלמוליב לכלים פריחת,מיליליטרים,750.00,"100 מ""ל",false,,11.90,0.0159,true,1,21413
7290001327180,false,שטראוס קרמיסימו וניל ציפ 1.33 ליטר,"גלידת שטראוס בע""\מ, רחוב",,קרמיסימו וניל ציפ 1.,ליטרים,1.33,ליטר,false,,20.90,15.7143,true,1,4217
7290001407134,false,בארכה פרוסות חלווה שוקו וניל+פ.קקאו 400גר,רושדי תעשיות מזון בע,,פרוסות חלבה שוקו וני,גרמים,350.00,100 גרם,false,,14.90,0.0426,true,1,18679
7290001407547,false,טחינה גולמית משומשום מלא פי 6 בארכה 500ג',"רושדי תעשיות מזון בע""\מ",,בארכה טחינה שומשום מ,גרמים,500.00,100 גרם,false,,15.90,0.0318,true,1,18682
7290001407769,false,טחינה גולמית שומשום מלא בארכה 500 גרם,"רושדי תעשיות מזון בע""\מ",,בארכה טחינה עם שומשו,גרמים,500.00,100 גרם,false,,15.90,0.0318,true,1,18685
7290001407813,false,חלבה שאמית פיסטוק בקטנה בארכה 350ג',"רושדי תעשיות מזון בע""\מ",,חלבה שאמית וניל עם פ,גרמים,350.00,100 גרם,false,,14.90,0.0426,true,1,18686
7290001407820,false,חלווה שאמית וניל קלאסית בארכה 350ג',רושדי תעשיות מזון בע,,חלבה שאמית וניל בארכ,גרמים,350.00,100 גרם,false,,14.90,0.0426,true,1,18687
7290001407837,false,חלבה שאמית עם פולי קקאו בארכה 350 גרם,רושדי תעשיות מזון בע,,חלבה שאמית קקאו בארכ,גרמים,350.00,100 גרם,false,,14.90,0.0426,true,1,18688
7290001407936,false,בארכה-טחינה גולמית מעודנת בקבוק לחיץ 310 ג',"רושדי תעשיות מזון בע""\מ",,בארכה טחינה מעודנת 3,גרמים,310.00,100 גרם,false,,12.90,0.0416,true,1,18690
7290001419618,false,וופל בלגי עלמה שחור לבן וניל 200ג',"גילרו בע""מ",,וופל עלמה בלגי שוקו,גרמים,200.00,100 גרם,false,,2.90,0.0145,true,1,41214
7290001419779,false,"וופל קלאסי בטעם שוקולד ""עלמה"" 200 גרם","גילרו בע""מ",,וופל עלמה קלאסי 200,גרמים,200.00,100 גרם,false,,2.90,0.0145,true,1,41215
7290001419793,false,גביעי גלידה מגולגל עלמה גילרו 30 יח',"גילרו בע""מ",,גביעים מגולגלים עלמה,גרמים,120.00,100 גרם,false,,11.90,0.0992,true,1,41216
7290001459935,false,"אפונה 800 גרם בד""ץ עדה חרדית",פספרוסט,,אפונה בלדי 800 גרם,גרמים,800.00,100 גרם,false,,11.90,0.0149,true,1,317259
7290001485019,false,גבינת קרם שמנת טבעי 5% טרה 200 גרם,קריות זול,,טרה גבינת שמנת טבעי,גרמים,200.00,100 גרם,false,,10.90,0.0545,true,1,6353
7290001491010,false,תה ירוק יסמין ויסוצקי 25 יחידות,תה ויסוצקי,,תה ירוק עם יסמין T.T,גרמים,37.50,100 גרם,false,,23.90,0.6373,true,1,24610
7290001491096,false,תה ירוק בתוספת לימונית ולואיזה 50 שקיקים ויסוצקי,תה ויסוצקי,,תה ירוק בתוספת לימונ,גרמים,75.00,100 גרם,false,,46.90,0.6253,true,1,24611
7290001594025,false,"קוקה קולה זכוכית 350 מ""ל",החברה המרכזית לייצור,,קוקה קולה קלאסי 350,מיליליטרים,350.00,"100 מ""ל",false,,6.90,0.0197,true,1,6815
7290001594155,false,"קוקה-קולה בבקבוק אישי 500 מ""ל",החברה המרכזית לייצור משקאות,,קוקה קולה 500מל,מיליליטרים,500.00,"100 מ""ל",false,,6.90,0.0138,true,1,6823
7290001594179,false,"פאנטה אורנג' בבקבוק אישי 500 מ""ל",החברה המרכזית לייצור משקאות,,פאנטה אורנג' 500 בקב,מיליליטרים,500.00,"100 מ""ל",false,,6.90,0.0138,true,1,6825
7290001594377,false,פריגת תפוזים 0.5 ליטר חייב בפקדון,מבשלות בירה בינלאומיות ב,,פריגת משקה תפוזים 50,מיליליטרים,500.00,"100 מ""ל",false,,6.50,0.0130,true,1,6833
7290001594520,false,"בירה טובורג רד בקבוק 330 מ""ל",מבשלות בירה בינלאומיות ב,,טובורג רד בקבוק פקדו,מיליליטרים,330.00,"100 מ""ל",false,,6.90,0.0209,true,1,6836
7290001594858,false,"שישייה בירה טובורג רד בקבוק 330 מ""ל",מבשלות בירה בינלאומיות ב,,טובורג רד בקבוק פקדו,ליטרים,1.98,ליטר,false,,43.90,22.1717,true,1,6846
7290001594865,false,"שישייה בירה קרלסברג בקבוק 330 מ""ל",מבשלות בירה בינלאומיות ב,,קרלסברג בירה בקבוק 6,ליטרים,1.98,ליטר,false,,39.90,20.1515,true,1,6847
7290001670057,false,כפיות לבן 100 יחידות,הנמל אריזות ושיווק ב,,.סכום ח.פ.כפיות 100י,יחידה,0.00,יחידה,false,,12.90,0.0000,true,1,7710
7290001670064,false,סכינים חד פעמי לבן 100 יח',קריות זול,,סכינים 100יח,יחידה,0.00,יחידה,false,,12.90,0.0000,true,1,7711
7290001670071,false,כפות חד פעמי לבן 100 יח',הנמל אריזות ושיווק ב,,.סכום ח.פ.כפות 100יח,יחידה,0.00,יחידה,false,,12.90,0.0000,true,1,7712
7290001713150,false,סנט מוריץ מתז אקונומיקה Bleach קצף לימון 1 ליטר,קומפלקס כימיקלים בעמ,,אקונומיקה קצף ניקוי,ליטרים,1.00,ליטר,false,,12.90,12.9000,true,1,20078
7290001791349,false,אקונומיקה ריחנית סנו פיסגה 4 ליטר,"סנו מפעלי ברונוס בע""מ",,אקונומיקה ריחנית פסג,ליטרים,4.00,ליטר,false,,11.90,2.9750,true,1,29815
7290001813454,false,"עוגיות חיוכים שוקולד עלית 900 גרם מארז 6 יחידות בד""צ",אפיפית נצרת תעשיות ב,,חיוכים חגיגה שוק 900,גרמים,900.00,100 גרם,false,,19.90,0.0221,true,1,22200
7290001813478,false,"עוגיות חיוכים וניל עלית 900 גרם מארז 6 יחידות בד""צ","אפיפית נצרת (1971) בע""\מ",,חיוכים חגיגה וניל 90,גרמים,900.00,100 גרם,false,,19.90,0.0221,true,1,22201
7290001990117,false,שומשום סוגת 100 גרם,האי נאם סי או אל.טי.,,שומשום 100 גרם,גרמים,100.00,100 גרם,false,,3.90,0.0390,true,1,17302
7290001990148,false,"סוכר גולדן קלאסי בצנצנת סוגת 1 ק""ג",האי נאם סי או אל.טי.,,סוכר גולדן קלאסי בצנ,קילוגרמים,1.00,"ק""ג",false,,12.90,12.9000,true,1,17303
7290001990261,false,"סוגת חומוס 1 ק""ג","סוגת תעשיות בע""\מ",,"סוגת חומוס 1 ק""ג",קילוגרמים,1.00,"ק""ג",false,,14.90,14.9000,true,1,17304
7290001990278,false,"שעועית לבנה סוגת 1 ק""ג","סוגת תעשיות בע""\מ",,סוגת שעועית לבנה 1 ק,קילוגרמים,1.00,"ק""ג",false,,18.90,18.9000,true,1,17305
7290001990391,false,אפונה יבשה 1קג סוגת,"סוגת תעשיות בע""\מ",,"אפונה 1 ק""ג",קילוגרמים,1.00,"ק""ג",false,,11.90,11.9000,true,1,17307
7290001990407,false,"עדשים ירוקים 1 ק""ג סוגת","סוגת תעשיות בע""\מ",,עדשים ירוקים 1 קג,קילוגרמים,1.00,"ק""ג",false,,14.90,14.9000,true,1,17308
7290001990414,false,"עדשים אדומים 1 ק""ג סוגת","סוגת תעשיות בע""\מ",,סוגת עדשים אדומים 1,קילוגרמים,1.00,"ק""ג",false,,14.90,14.9000,true,1,17309
7290001990421,false,"פופקורן גרעינים סוגת 1 ק""ג","סוגת תעשיות בע""\מ",,"סוגת פופקורן 1 ק""ג",קילוגרמים,1.00,"ק""ג",false,,9.90,9.9000,true,1,17310
7290002007234,false,אבקת סוכר הנמל 100 גרם,"מיוצר וארוז ע""י: ר.ס",,אבקת סוכר 100ג,גרמים,100.00,100 גרם,false,,1.90,0.0190,true,1,7739
7290002007357,false,שקיות צליה דליקטס מיקרוגל הנמל 10 יח',הנמל,,שקיות לצליה דליקטס מ,יחידה,0.00,יחידה,false,,4.50,0.0000,true,1,7743
7290002007487,false,צמר פלדה הנמל 100 גרם,"איטיליאן פוד, אס.פי.",,צמר פלדה 100 גר',גרמים,100.00,100 גרם,false,,3.90,0.0390,true,1,7749
7290002007890,false,כוסות שתייה קרה 100 יח` 200 PP מל`,אריזות מדף - פלזית,,כוס שתיה קרה 100 יח,יחידה,0.00,יחידה,false,,12.90,0.0000,true,1,7759
7290002007975,false,"צלחות קטנות ח""פ הנמל 50 יח'",אריזות מדף - פלזית,,צלחות קטן 50יח,יחידה,0.00,יחידה,false,,12.90,0.0000,true,1,7761
7290002007982,false,מזלגות חד פעמי 100 יח',הנמל אריזות ושיווק ב,,מזלגות חד פעמי 100 י,יחידה,0.00,יחידה,false,,12.90,0.0000,true,1,7762
7290002007999,false,"צלחות גדולות ח""פ הנמל 50 יח'",אריזות מדף - פלזית,,צלחות גדול 50יח הנמל,יחידה,0.00,יחידה,false,,15.90,0.0000,true,1,7763
7290002008040,false,שיפודי במבוק הנמל 100 יחידות,"הנמל אריזות ושיווק בע""\מ",,שיפודים עץ 30סמ,יחידה,0.00,יחידה,false,,2.90,0.0000,true,1,7766
7290002008149,false,מדליק פחם מוצק הנמל אריזת 40יח',מ.א.יצור ויבוא מטליו,,מדליק פחם מוצק 40 קו,גרמים,300.00,100 גרם,false,,6.50,0.0217,true,1,7771
7290002008187,false,קשים מתקפלים לשתיה הנמל 40 יחידות,יבוא ושיווק: הנמל אריזות,,קש לשתיה מתקפל 40יח,יחידה,0.00,יחידה,false,,1.90,0.0000,true,1,7775
7290002008224,false,סוכריות לקישוט צבעונית הנמל 100 ג',ממתקי עלה בעמ,,קישוט לעוגה גליד.,גרמים,60.00,100 גרם,false,,5.90,0.0983,true,1,7776
7290002008347,false,קורנפלור 500 גרם הנמל,הנמל,,קורנפלור 500 גרם,גרמים,500.00,100 גרם,false,,6.90,0.0138,true,1,7781
7290002008507,false,נייר אפיה הנמל 50 יחידות,הנמל אריזות ושיווק ב,,נייר אפיה 50יח,יחידה,0.00,יחידה,false,,9.90,0.0000,true,1,7786
7290002008743,false,סוכר וניל עשירייה הנמל 100 גרם,"מיוצר וארוז ע""י: ר.ס",,סוכר וניל 10*10 גרם,גרמים,100.00,100 גרם,false,,2.90,0.0290,true,1,7791
7290002008750,false,אבקת אפיה עשירייה הנמל 100 גרם,"מיוצר ע""י:ר.ס. חברה",,אבקת אפיה 10*10 גרם,גרמים,100.00,100 גרם,false,,2.90,0.0290,true,1,7792
7290002008989,false,קישקשים קשים לשתיה 225יח הנמל,שיווק: הנמל אריזות ושיוו,,קישקשים 225 יח,יחידה,0.00,יחידה,false,,9.90,0.0000,true,1,7801
7290002029991,false,נקניקיות עוף 400 גרם שארית,,,נקניקיות הודו 400 גר,גרמים,400.00,100 גרם,false,,11.90,0.0298,true,1,46992
7290002043188,false,אקסטרה צ'יפס אורז חום מלא צ'ילי חריף 60 גרם,נוהלס ג'\י אס סי.,,אקסטרא צ'יפס אורז חו,גרמים,60.00,100 גרם,false,,8.50,0.1417,true,1,134353
7290002043218,false,אקסטרה צ'יפס אורז חום מלא מלח 60 גרם,נוהלס ג'\י אס סי.,,אקסטרא צ'יפס מלח ואו,גרמים,60.00,100 גרם,false,,8.50,0.1417,true,1,134564
7290002043225,false,אקסטרה צ'יפס אורז חום מלא פפריקה 60 גרם,נוהלס ג'\י אס סי.,,צ'יפס פפריקה אקסטרה,גרמים,60.00,100 גרם,false,,8.50,0.1417,true,1,96567
7290002043331,false,אקסטרה צ'יפס אורז חום מלא כוסמת 60 גרם,,,צ'יפס כוסמת אקסטרה 6,גרמים,60.00,100 גרם,false,,8.50,0.1417,true,1,120326
7290002043591,false,אקסטרה צ'יפס אורז חום מלא פפריקה 120 גרם,נוהלס ג'\י אס סי.,,חטיף צ'יפס משפחתי בט,גרמים,120.00,100 גרם,false,,12.50,0.1042,true,1,249587
7290002043782,false,אקסטרה צ'יפס אורז חום מלא טקסס ברביקיו 60 גרם,נוהלס ג'\י אס סי.,,צ'יפס טקסס ברבקיו אק,גרמים,60.00,100 גרם,false,,8.50,0.1417,true,1,96568
7290002053088,false,אטריות ביצים דקיקים מספר 8 אוריינט 200 גרם,פ.פ.ח טאביט,,אטריות ביצים מס' 8 א,גרמים,210.00,100 גרם,false,,7.90,0.0376,true,1,3427
7290002057017,false,זיתים נובו ענק A2 יבנה 330ג',שיוך למחסן 17,,זיתים נובו ענק קבוצת,גרמים,560.00,100 גרם,false,,8.90,0.0159,true,1,44678
7290002057048,false,זית סורי מתובל בשמן קבוצת יבנה 560 גרם,קבוצת יבנה,,זית סורי מבוקע יבנה,גרמים,540.00,100 גרם,false,,10.90,0.0202,true,1,44680
7290002057123,false,זיתים ירוקים מנזנילו קבוצת יבנה 560 גרם,קבוצת יבנה,,זיתים חרוזית ירוק קב,גרמים,275.00,100 גרם,false,,9.90,0.0360,true,1,44687
7290002057185,false,טבעות זיתים ירוקים קבוצת יבנה 275 גרם,קבוצת יבנה,,טבעות זיתים ירוקים ק,גרמים,540.00,100 גרם,false,,9.50,0.0176,true,1,44693
7290002057352,false,מלפפונים במלח ‏9‏-‏7‏ קבוצת יבנה 320 גרם,קבוצת יבנה מוצרי מזון,,מלפפונים במלח 7-9 ק,גרמים,560.00,100 גרם,false,,6.90,0.0123,true,1,44701
7290002057376,false,מלפפונים במלח ‏17‏-‏13‏ קבוצת יבנה 320 גרם,קבוצת יבנה,,מלפפון במלח 13-17 קב,גרמים,560.00,100 גרם,false,,9.90,0.0177,true,1,44703
7290002057383,false,מלפפון יבנה במלח קטנים מאוד 18-25 320 גר יבנה,קבוצת יבנה,,מלפפון 18-25במלח קבו,גרמים,560.00,100 גרם,false,,11.90,0.0213,true,1,44704
7290002057437,false,פלפל שיפקונית קבוצת יבנה 225 גרם,קבוצת יבנה,,שיפקונית קבוצת יבנה,גרמים,560.00,100 גרם,false,,9.90,0.0177,true,1,112776
7290002057475,false,מלפפונים בחומץ ‏17‏-‏13 קבוצת יבנה 290 גרם,קבוצת יבנה,,מלפפון בחומץ 13-17 ק,גרמים,560.00,100 גרם,false,,9.90,0.0177,true,1,28059
7290002057604,false,פלפל חריף שיפקה קבוצת יבנה 225 גרם.,קבוצת יבנה,,פלפל חריף שיפקה קבוצ,גרמים,560.00,100 גרם,false,,5.90,0.0105,true,1,44709
7290002065555,false,שישיית לחמנייה הכי רכה בהפסקה אנג'ל 450 גרם,מאפיית שלמה א. אנג'\ל בע,,6 לחמניות רכות אנגל,גרמים,450.00,100 גרם,false,,11.50,0.0256,true,1,35409
7290002105503,false,בורגר מזרחי קפוא גלאט 500ג' מחפוד,עוף ירושלים,,המבורגר טחון 500 גר,גרמים,500.00,100 גרם,false,,19.90,0.0398,true,1,46994
7290002105510,false,קבב מזרחי מתובל וקפוא גלאט הדר בשר 500ג',עוף ירושלים,,קבב מזרחי 500-מחפוד,גרמים,500.00,100 גרם,false,,20.90,0.0418,true,1,46995
7290002105527,false,גולש עגל 800 גר' מחפוד קפוא,עוף ירושלים,,גולש בקר 800 גרם מחפ,גרמים,800.00,100 גרם,false,,49.90,0.0624,true,1,46996
7290002105541,false,סטייק אנטריקוט מעובד קפוא ה.הבשר 800ג',עוף ירושלים,,סטייק אנטריקוט 800 ג,גרמים,800.00,100 גרם,false,,49.90,0.0624,true,1,46998
7290002105565,false,טחון הודו 500 גרם מחפוד מהדרין,עוף ירושלים,,טחון הודו 500 גרם מח,גרמים,500.00,100 גרם,false,,13.90,0.0278,true,1,47000
7290002105671,false,טחון עוף 500 גר' קפוא מחפוד,עוף ירושלים,,טחון עוף 500 גר מחפו,גרמים,500.00,100 גרם,false,,13.90,0.0278,true,1,47001
7290002105749,false,"טחון בקר 100% קפוא 1 ק""ג גאלט מחפוד",עוף ירושלים,,טחון בקר 100% בשר 1,קילוגרמים,1.00,"ק""ג",false,,49.90,49.9000,true,1,47004
7290002105756,false,טחון בקר בתוספת חלבון מן הצומח מחפוד,עוף ירושלים,,"טחון בקר 1 ק""ג מחפוד",קילוגרמים,1.00,"ק""ג",false,,39.90,39.9000,true,1,47005
7290002107385,false,גליל גבינת עיזים מה עז משק צוריאל 180 גרם,מחלבת משק צוריאל,,צוריאל גליל גבינת עי,גרמים,180.00,100 גרם,false,,20.90,0.1161,true,1,6362
7290002107491,false,גבינה לבנה מחלב עיזים למריחה 5% משק צוריאל 250 גרם,מחלבת משק צוריאל,,צוריאל גבינת עזים למ,גרמים,250.00,100 גרם,false,,13.90,0.0556,true,1,6363
7290002107798,false,גבינה בולגרית מעודנת 5% משק צוריאל 250 גרם,מחלבת משק צוריאל,,צוריאל בולגרית מעודנ,גרמים,250.00,100 גרם,false,,19.90,0.0796,true,1,6364
7290002109372,false,בורקס פילו אצבעות בולגרי 700 ג' שלושת האופים,שלושת האופים שגמור,,בורקס פילו אצבעות בו,גרמים,700.00,100 גרם,false,,19.90,0.0284,true,1,16815
7290002111085,false,"רוטב עגבניות 22% ""פרי מבורך"" 100 גרם","זנלכל בע""\מ",,רוטב עגבניות 22% פרי,גרמים,100.00,100 גרם,false,,2.20,0.0220,true,1,8678
7290002111139,false,רסק תפוחי עץ טבעי בלי תוספת סוכר פרי מבו,"זנלכל בע""\מ",,"רסק תפו""ע דיאט פרי מ",גרמים,560.00,100 גרם,false,,8.90,0.0159,true,1,8680
7290002111214,false,גרעיני תירס לייט A2 פרי מבורך 550 גר',"זנלכל בע""\מ",,A2 גרעיני תירס לייט,גרמים,550.00,100 גרם,false,,8.90,0.0162,true,1,8681
7290002111313,false,עגבניות קוביות A2.5 פרי מבורך 800ג' בדצ,פרי מבורך,,עגבניות קוביות פרי מ,גרמים,800.00,100 גרם,false,,9.90,0.0124,true,1,8682
7290002111337,false,"רוטב עגבניות 22% ""פרי מבורך"" 240 גרם","זנלכל בע""\מ",,רוטב עגבניות 22% פרי,גרמים,240.00,100 גרם,false,,4.50,0.0188,true,1,8683
7290002111474,false,אפונה גדולה A2 פרי מבורך 600ג',"זנלכל בע""\מ",,אפונת גדולה פרי מבור,גרמים,335.00,100 גרם,false,,7.90,0.0236,true,1,8684
7290002111511,false,אפונת גינה וגזר פרי מבורך 550 גרם,"זנלכל בע""\מ",,אפונה וגזר פרי מבורך,גרמים,550.00,100 גרם,false,,7.90,0.0144,true,1,8686
7290002111634,false,חומוס שלם פרי מבורך 290 גרם,"זנלכל בע""\מ",,חומוס שלם פרי מבורך,גרמים,550.00,100 גרם,false,,8.90,0.0162,true,1,8687
7290002111696,false,עגבניות מרוסקות פרי מבורך 800 גרם,פרי מבורך,,עגבניות מרוסקות פרי,גרמים,800.00,100 גרם,false,,9.90,0.0124,true,1,8690
7290002111764,false,שעועית לבנה ברוטב עגבניות פרי מבורך 580,"זנלכל בע""\מ",,שעועית לבנה ברוטב עג,גרמים,580.00,100 גרם,false,,8.90,0.0153,true,1,8691
7290002111818,false,גרעיני תירס מתוק ואקום פרי מבורך 400ג',"זנלכל בע""\מ",,גרעיני תירס מתוק פרי,גרמים,246.00,100 גרם,false,,5.90,0.0240,true,1,8692
7290002111825,false,גרעיני תירס מתוק 550 גרם פרי מבורך,"זנלכל בע""\מ",,גרעיני תירס מתוק פרי,גרמים,335.00,100 גרם,false,,7.90,0.0236,true,1,8693
7290002130567,false,דבש דבורים טהור פרחי בר יד מרדכי 350 גרם,מכוורת יד מרדכי שטראוס ב,,דבש טהור מפרחי בר בצ,גרמים,350.00,100 גרם,false,,20.90,0.0597,true,1,22211
7290002130574,false,דבש טהור מפרחי בר בזכוכית 500 ג' יד מרדכי,מכוורת יד מרדכי שטראוס ב,,דבש טהור מפרחי בר בצ,גרמים,500.00,100 גרם,false,,24.90,0.0498,true,1,22212
7290002130581,false,דבש בצנצנת יד מרדכי 1ק,מכוורת יד מרדכי שטראוס ב,,דבש טהור מפרחי בר בצ,קילוגרמים,1.00,"ק""ג",false,,45.90,45.9000,true,1,22213
7290002135760,false,"עוף טחון טהור 500 כשל""פ רובין",,,"טחון עוף טהור כשל""פ",גרמים,500.00,100 גרם,false,,18.90,0.0378,true,1,47012
7290002157953,false,מארז נתחי טונה בהירה בשמן קנולה - 4 יחידות,דיאמנט פוד פרודקט,,טונה בשמן קנולה וילי,גרמים,560.00,100 גרם,false,,19.90,0.0355,true,1,16823
7290002232964,false,ציפוי לשניצל פז טחון דק 500 גרם דגש,פ.פ.ח. שאביט,,דגש ציפוי פז טחון דק,גרמים,500.00,100 גרם,false,,26.90,0.0538,true,1,106559
7290002232995,false,ציפוי לשניצל פז 500 גרם דגש,פ.פ.ח. שאביט,,דגש ציפוי פז 500 גרם,גרמים,500.00,100 גרם,false,,26.90,0.0538,true,1,106934
7290002253006,false,שום כתוש דורות בצנצנת 200 גרם,עיצובים 2020 (3.8),,דורות שום כתוש טרי 2,גרמים,200.00,100 גרם,false,,12.90,0.0645,true,1,19722
7290002253105,false,קוביות שום כתוש טרי דורות 80 גרם,עיצובים 2020 (3.8),,דורות מגשית קוביות ש,גרמים,80.00,100 גרם,false,,9.90,0.1238,true,1,19725
7290002253150,false,קוביות בזיליקום קצוץ דורות 70 גרם,עיצובים 2020 (3.8),,בזיליקום טרי קצוץ 70,גרמים,70.00,100 גרם,false,,10.50,0.1500,true,1,19726
7290002253167,false,פטרוזיליה קצוצה דורות 70 גרם,עיצובים 2020 (3.8),,פטרוזליה טרייה קצוצה,גרמים,70.00,100 גרם,false,,10.50,0.1500,true,1,19727
7290002253181,false,קוביות כוסברה קצוצה דורות 70 גרם,עיצובים 2020 (3.8),,כוסברה טריה קצוצה 70,גרמים,70.00,100 גרם,false,,10.00,0.1429,true,1,19729
7290002255024,false,אגרול סיני בתוספת רו,,,אגרול סיני בתוספת רו,גרמים,800.00,100 גרם,false,,22.90,0.0286,true,1,51466
7290002255031,false,סיגרים במילוי בשר אל,חטיפי אלקיים בעמ,,סיגרים במילוי בשר חט,גרמים,800.00,100 גרם,false,,22.90,0.0286,true,1,51467
7290002255048,false,קובה למרק במילוי בשר,חטיפי אלקיים בעמ,,קובה למרק במילוי בשר,גרמים,800.00,100 גרם,false,,22.90,0.0286,true,1,51468
7290002255055,false,פלאפל חטיפי אלקיים 7,חטיפי אלקיים בעמ,,פלאפל חטיפי אלקיים 7,גרמים,700.00,100 גרם,false,,13.90,0.0199,true,1,51469
7290002255086,false,קובה ביתי במילוי בשר,חטיפי אלקיים בעמ,,קובה ביתי במילוי בשר,גרמים,700.00,100 גרם,false,,22.90,0.0327,true,1,51470
7290002255116,false,קרפלך במילוי בשר חטי,חטיפי אלקיים בעמ,,קרפלך במילוי בשר חטי,גרמים,800.00,100 גרם,false,,22.90,0.0286,true,1,51471
7290002255130,false,"סיגרים במילוי תפו""א",,,"סיגרים במילוי תפו""א",גרמים,800.00,100 גרם,false,,22.90,0.0286,true,1,51472
7290002255215,false,"עלי סיגר מרובע בד""צ",חטיפי אלקיים בעמ,,עלים לסיגר 500ג,גרמים,500.00,100 גרם,false,,9.90,0.0198,true,1,51475
7290002255222,false,"פסטל במילוי תפו""א חט",,,"פסטל במילוי תפו""א חט",גרמים,800.00,100 גרם,false,,22.90,0.0286,true,1,51476
7290002255284,false,קובה חמוסטה אלקיים 8,חטיפי אלקיים בעמ,,"קובה חמוסטה בד""צ חטי",גרמים,800.00,100 גרם,false,,22.90,0.0286,true,1,51477
7290002259640,false,דיימונד רדיד אלומיניום צר 30 ס''מ 7.5 מ'-,ריינולדס מוצרי צריכה,,רדיד אלומיניום דאיימ,מטרים,7.60,מטר,false,,12.90,1.6974,true,1,3796
7290002263562,false,"מיץ לימוןLEMON TREE משומר 200 מ""ל",,,מיץ לימון משומר תבלי,מיליליטרים,200.00,"100 מ""ל",false,,6.90,0.0345,true,1,66357
7290002277248,false,גבינת מון בלאן עם זעתר 120ג',שלושת האופים,,גבינת מון בלאן זעתר,גרמים,120.00,100 גרם,false,,11.90,0.0992,true,1,16650
7290002278528,false,כריות ניקוי שבתכלין ביאנקו שייני 2 יחידות,מ.א ייצור ושיווק מטל,,כריות ניקוי כלים לשב,יחידה,0.00,יחידה,false,,7.90,0.0000,true,1,13464
7290002281474,false,חמישיית פיצות שלושת האופים,שלושת האופים,,מארז פיצה 5 יח',יחידה,0.00,יחידה,false,,50.90,0.0000,true,1,16837
7290002317005,false,זיתים טבעות מושחר 560ג A2 מטולה,שימורי מוטולה בעמ,,טבעות זיתים מושחרים,גרמים,560.00,100 גרם,false,,10.90,0.0195,true,1,24390
7290002317081,false,זיתים נטולי גלעין +20% 670ג A2 מטולה,שימורי מוטולה בעמ,,זיתים נטולי גלעין 20,גרמים,670.00,100 גרם,false,,10.90,0.0163,true,1,24392
7290002317128,false,מלפפון 560ג במלח 10-12 A2 מטולה,שימורי מוטולה בעמ,,מלפפון במלח 10-12 מו,גרמים,560.00,100 גרם,false,,10.90,0.0195,true,1,24393
7290002317135,false,מלפפון 560ג במלח 13-17 A2 מטולה,שימורי מוטולה בעמ,,מלפפון במלח 13-17 מו,גרמים,560.00,100 גרם,false,,10.90,0.0195,true,1,24394
7290002317265,false,מלפפון 650ג במלח +20% 7-9 A2 מטולה,שימורי מוטולה בעמ,,מלפפון במלח 20% 7-9,גרמים,670.00,100 גרם,false,,9.90,0.0148,true,1,24403
7290002317289,false,חצילים מוחמצים 560 גרם,שימורי מוטולה בעמ,,חצילים מוטולה 560 גר,גרמים,560.00,100 גרם,false,,9.90,0.0177,true,1,24404
7290002317296,false,פלפל חריף שיפקה 670ג 20%+A2 מטולה,שימורי מוטולה בעמ,,פלפל שיפקה + 20% מוט,גרמים,550.00,100 גרם,false,,9.90,0.0180,true,1,24405
7290002317319,false,מלפפון 650ג בחומץ +20% 7-9 A2 מטולה,שימורי מוטולה בעמ,,מלפפון בחומץ 7-9 20%,גרמים,670.00,100 גרם,false,,9.90,0.0148,true,1,24407
7290002317326,false,זיתים מנזולינו 12-15 +20% 670ג A2 מטולה,שימורי מוטולה בעמ,,זיתים מנזלינו 20% 12,גרמים,670.00,100 גרם,false,,9.90,0.0148,true,1,24408
7290002317357,false,מוטולה פלפל שיפקה צנצ',שימורי מוטולה,,פילפל שיפקה בצנצנת מ,גרמים,630.00,100 גרם,false,,9.90,0.0157,true,1,24410
7290002317371,false,זיתים מושחר נטול גלעין 560ג A2 מטולה,שימורי מוטולה בעמ,,זיתים מושחרים נטולי,גרמים,560.00,100 גרם,false,,10.90,0.0195,true,1,24411
7290002317579,false,זיתים טבעות ירוק 560ג A2 מטולה,שימורי מוטולה בעמ,,טבעות זיתים ירוקים מ,גרמים,560.00,100 גרם,false,,10.90,0.0195,true,1,24421
7290002317609,false,כרוב כבוש 560ג A2 מטולה,שימורי מוטולה בעמ,,כרוב כבוש מוטולה 560,גרמים,560.00,100 גרם,false,,6.90,0.0123,true,1,24422
7290002317616,false,זיתים מרינט 17-19 560ג A2 מטולה,שימורי מוטולה בעמ,,זיתים חתוכים מרינט 1,גרמים,560.00,100 גרם,false,,10.90,0.0195,true,1,24423
7290002317661,false,מנז צנצנת גדולה מוטולה,שימורי מוטולה בעמ,,זיתים מנזלינו גדול מ,גרמים,560.00,100 גרם,false,,10.90,0.0195,true,1,24425
7290002317678,false,חרוזית צנצנת זיתים 560 ג' מוטולה,שימורי מוטולה בעמ,,זיתים נטולי גלעין צנ,גרמים,560.00,100 גרם,false,,10.90,0.0195,true,1,24426
7290002317753,false,טבעות זיתים ירוקים ב,שימורי מוטולה,,טבעות זיתים ירוקים ב,גרמים,560.00,100 גרם,false,,10.90,0.0195,true,1,24428
7290002319016,false,אבקת אפיה עשיריות מיה 100 גרם,מיה תעשיות מזון מ.ת.מ. ב,,אבקת אפיה 10 יח' מיה,גרמים,100.00,100 גרם,false,,2.90,0.0290,true,1,14875
7290002319023,false,סוכר וניל עשיריות מיה 100 גרם,מיה תעשיות מזון מ.ת.מ. ב,,1/10 סוכר וניל,גרמים,100.00,100 גרם,false,,1.90,0.0190,true,1,14876
7290002319030,false,תבלין אבקת בצל מיכל 80 ג' מיה,מיה תעשיות מזון מ.ת.מ. ב,,מיה אבקת בצל 80ג,גרמים,80.00,100 גרם,false,,5.90,0.0738,true,1,14877
7290002319047,false,אגוזי המלך 100 גר' מיה,מיה תעשיות מזון מ.ת.מ. ב,,אגוזי מלך מיה 100 גר,גרמים,100.00,100 גרם,false,,11.90,0.1190,true,1,14878
7290002319054,false,פרג טחון 100 גרם מיה,מיה תעשיות מזון מ.ת.מ. ב,,פרג טחון 100ג,גרמים,100.00,100 גרם,false,,4.90,0.0490,true,1,14879
7290002319061,false,קוקוס טחון מיה 100 גרם,מיה תעשיות מזון מ.ת.מ. ב,,.קוקוס טחון 100 גר.,גרמים,100.00,100 גרם,false,,3.90,0.0390,true,1,14880
7290002319078,false,שומשום 100 גרם מיה,"מיה תעשיות מזון בע""מ",,שומשום 100ג,גרמים,100.00,100 גרם,false,,3.90,0.0390,true,1,14881
7290002319092,false,קמח תפוחי אדמה מיה 500 גרם,מיה תעשיות מזון מ.ת.מ. ב,,קמח תפוחי אדמה מיה 5,גרמים,500.00,100 גרם,false,,4.90,0.0098,true,1,14883
7290002319160,false,אפונה ירוקה יבשה מיה 500 ג',מיה תעשיות מזון מ.ת.מ. ב,,אפונה יבשה מיה 500 ג,גרמים,500.00,100 גרם,false,,4.90,0.0098,true,1,14888
7290002319405,false,תבלין קינמון בקופסא 80 גר' מיה,מיה תעשיות מזון מ.ת.מ. ב,,.קינמון 80 גר. בדצ,גרמים,80.00,100 גרם,false,,5.90,0.0738,true,1,14900
7290002319429,false,פפריקה מתוקה בצנצנת מיה 80 גרם,מיה תעשיות מזון מ.ת.מ. ב,,.פפריקה מתוקה 80 גר.,גרמים,80.00,100 גרם,false,,5.90,0.0738,true,1,14902
7290002319436,false,פלפל שחור טחון בצנצנת מיה 70 גרם,מיה תעשיות מזון מ.ת.מ. ב,,פלפל שחור 70 גר' בדצ,גרמים,70.00,100 גרם,false,,10.90,0.1557,true,1,14903
7290002319443,false,כמון בצנצנת מיה 80 גרם,מיה תעשיות מזון מ.ת.מ. ב,,.כמון 80גר,גרמים,80.00,100 גרם,false,,5.90,0.0738,true,1,14904
7290002319450,false,תבלין כרכום צנצנת 80 גר' מיה,מיה תעשיות מזון מ.ת.מ. ב,,.כרכום 80גר,גרמים,80.00,100 גרם,false,,5.90,0.0738,true,1,14905
7290002319467,false,אורגנו בצנצנת מיה 35 גרם,מיה תעשיות מזון מ.ת.מ. ב,,.אורגנו 35גר,גרמים,35.00,100 גרם,false,,5.90,0.1686,true,1,14906
7290002319474,false,תבלין אבקת שום מיכל 80 ג' מיה,מיה תעשיות מזון מ.ת.מ. ב,,מיה אבקת שום 80ג,גרמים,80.00,100 גרם,false,,7.90,0.0988,true,1,14907
7290002319580,false,מלח לימון בצנצנת מיה 150 גרם,מיה תעשיות מזון מ.ת.מ. ב,,מיה מלח לימון 150ג,גרמים,150.00,100 גרם,false,,5.90,0.0393,true,1,14909
7290002319597,false,תבלין כוסברה ירוקה בשקית 80 גר' מיה,מיה תעשיות מזון מ.ת.מ. ב,,.כוזברה 80גר,גרמים,80.00,100 גרם,false,,5.90,0.0738,true,1,14910
7290002319610,false,שקדים טחונים מיה 100 גרם,מיה תעשיות מזון מ.ת.מ. ב,,שקדים טחונים 100 גרם,גרמים,100.00,100 גרם,false,,11.90,0.1190,true,1,14912
7290002319658,false,תבלין לסטייק בצנצנת מיה 80 גרם,מיה תעשיות מזון מ.ת.מ. ב,,מיה תבלין לסטייק 80ג,גרמים,80.00,100 גרם,false,,5.90,0.0738,true,1,14916
7290002319689,false,סודה לשתייה בקופסא 150 גר' מיה,מיה תעשיות מזון מ.ת.מ. ב,,סודה לשתיה 150 ג,גרמים,150.00,100 גרם,false,,5.90,0.0393,true,1,14917
7290002319702,false,ציפורן שלם בצנצנת מיה 40 גרם,מיה תעשיות מזון מ.ת.מ. ב,,מיה ציפורן שלם 40ג,גרמים,40.00,100 גרם,false,,10.90,0.2725,true,1,14919
7290002319733,false,אגוזי פקאן מקולף 100 גר' מיה,מיה תעשיות מזון מ.ת.מ. ב,,מיה אגוזי פקאן 100 ג,גרמים,100.00,100 גרם,false,,18.10,0.1810,true,1,14920
7290002319740,false,אגוזי מלך טחונים מיה 100 גרם,מיה תעשיות מזון מ.ת.מ. ב,,אגוז טחון 100 גרם,גרמים,100.00,100 גרם,false,,11.90,0.1190,true,1,14921
7290002319771,false,"תמצית אפיה בטעם וניל מיה 50 מ""ל",מיה תעשיות מזון מ.ת.מ. ב,,תמצית אפיה וניל,מיליליטרים,50.00,"100 מ""ל",false,,2.90,0.0580,true,1,14923
7290002319788,false,"תמצית אפיה רום 50 מ""ל מיה",מיה תעשיות מזון מ.ת.מ. ב,,תמצית אפיה רום,מיליליטרים,60.00,"100 מ""ל",false,,2.90,0.0483,true,1,14924
7290002327042,false,"בורקס תפו""א 800 גר' שלושת האופים קהילות",שלושת האופים,,"בורקס תפו""א 800 ג",גרמים,800.00,100 גרם,false,,19.90,0.0249,true,1,16841
7290002327059,false,"בצק עלים 1 ק""ג שלושת האופים קהילות",שלושת האופים,,בצק עלים 1 ק`ג,קילוגרמים,1.00,"ק""ג",false,,19.90,19.9000,true,1,16842
7290002327073,false,בורקס גבינה 800 גר' שלושת האופים קהילות,שלושת האופים,,בורקס גבינה 800 גרם,גרמים,800.00,100 גרם,false,,19.90,0.0249,true,1,16844
7290002331025,false,"מים מינרלים נביעות ספורט 500 מ""ל פקדון",נביעות טבע הגליל בעמ,,נביעות 1/2 ליטר ספור,מיליליטרים,500.00,"100 מ""ל",false,,3.90,0.0078,true,1,6859
7290002331360,false,"נביעות מים מינרליים טו גו מארז 500X6מ""ל",נביעות טבע,,נביעות TO GO שישייה,ליטרים,3.00,ליטר,false,,12.90,4.3000,true,1,6870
7290002331421,false,"שישיית מים מינרליים GO TO נביעות 755 מ""ל",נביעות טבע הגליל בעמ,,נביעות 6*755מל,ליטרים,4.53,ליטר,false,,15.80,3.4879,true,1,6871
7290002344032,false,סחבות מיקרופייבר מא,,,סחבות מיקרופייבר מא,יחידה,0.00,יחידה,false,,12.90,0.0000,true,1,289390
7290002344056,false,מטליות מיקרופייבר 10 יח JUCKY,,,מטליות מיקרופייבר מ,יחידה,0.00,יחידה,false,,12.90,0.0000,true,1,289391
7290002374312,false,"שמן קנולה מילומור 1 ל' עד""ח","נארז ע""י : א.ג. גילר",,שמן קנולה מילומור 1,ליטרים,1.00,ליטר,false,,11.90,11.9000,true,1,29332
7290002374640,false,שמן בריאות קנולה פלוס אומגה 3 עץ הזית 1 ליטר,שמן תעשיות,,שמן קנולה פלוס אומגה,ליטרים,1.00,ליטר,false,,16.90,16.9000,true,1,29334
7290002402855,false,נקניקיות קוקטייל 400 גר' מחפוד,עוף ירושלים מהדרין,,נקניקיות קוקטייל 400,גרמים,400.00,100 גרם,false,,10.90,0.0273,true,1,47018
7290002404576,false,"מוריה- יין מתוק לייט 750 מ""ל",יקבי ארזה,,"מוריה לייט 750 מ""ל",מיליליטרים,750.00,"100 מ""ל",false,,16.90,0.0225,true,1,11857
7290002404606,false,"יין היוצר בראשית שיראז 750 מ""ל",יקבי ארזה,,יין היוצר בראשית שיר,מיליליטרים,750.00,"100 מ""ל",false,,37.90,0.0505,true,1,11860
7290002404613,false,"יין וירטואוז קברנה 750 מ""ל היוצר",יקבי ארזה,,יין וירטואוז קברנה 7,מיליליטרים,750.00,"100 מ""ל",false,,45.90,0.0612,true,1,11861
7290002404828,false,מיץ ענבים תירוש יקב ארזה 1 ליטר,יקבי ארזה,,תירוש ארזה 1 ליטר,ליטרים,1.00,ליטר,false,,15.90,15.9000,true,1,11867
7290002507277,false,קציצות דג דלידג 700 גרם,אף.סי תבליני בגליל ב,,קציצות דג 700גר,גרמים,700.00,100 גרם,false,,24.90,0.0356,true,1,16888
7290002512035,false,"בצק עלים 1ק""ג צנעני.",צנעני מוצרי בצק,,בצק עלים 1קג צנעני,קילוגרמים,1.00,"ק""ג",false,,17.90,17.9000,true,1,51488
7290002512257,false,מלווח מפחת שומן 700 גרם צנעני,צנעני,,מלווח מופחת שומן 700,גרמים,700.00,100 גרם,false,,17.90,0.0256,true,1,51489
7290002522973,false,ירושלים מהדרין נקניקיות עוף 400 גר רובין,עוף ירושלים מהדרין,,נקניקיות עוף 400 גרם,גרמים,400.00,100 גרם,false,,9.90,0.0248,true,1,47022
7290002542780,false,"שישייה בירה סטלה ארטואה בקבוק 330X6 מ""ל","אינבב, ברוורייפליין",,סטלה ארטואה בקבוק 6*,ליטרים,1.98,ליטר,false,,35.90,18.1313,true,1,155103
7290002542810,false,"בירה הוגרדן בקבוק 330 מ""ל","אינבב, ברוורייפליין",,בירה הוגרדן - בק' 33,מיליליטרים,330.00,"100 מ""ל",false,,9.90,0.0300,true,1,176331
7290002542841,false,"שישייה בירה לף בלונד בקבוק 330X6 מ""ל","אינבב, ברוורייפליין",,בירה לף בלונד -שישיה,ליטרים,1.98,ליטר,false,,49.90,25.2020,true,1,176346
7290002542865,false,"שישייה בירה הוגרדן בקבוק 330X6 מ""ל","אינבב, ברוורייפליין",,בירה הוגרדן -שישיה *,ליטרים,1.98,ליטר,false,,49.90,25.2020,true,1,176347
7290002543046,false,קלוגס פרוסטיס דגנים וסוכר 750ג',קלוג מנייופרטורינג א,,פרוסטיס דגני קלוגס 7,גרמים,750.00,100 גרם,false,,15.90,0.0212,true,1,5272
7290002543237,false,דגני בוקר קלוגס קורנפלקס 750 גרם,קלוגס קומפני אוף גרייט ב,,קורנפלקס קלוגס 750 ג,גרמים,750.00,100 גרם,false,,14.90,0.0199,true,1,5276
7290002551010,false,סטארקיסט טונה במים 160גרם-בי,"סטארקיסט פודור בע""מ",,טונה סטארקיסט במים 1,גרמים,160.00,100 גרם,false,,6.50,0.0406,true,1,26628
7290002552406,false,טילון שוקו קרמל ריאו 60ג',ריאו,,טילון שוקו 70 גרם רי,גרמים,70.00,100 גרם,false,,3.90,0.0557,true,1,20525
7290002552468,false,שלגון גלי גל חלבי בודד ריאו,ריאו,,שלגון גליגלחלבי ריאו,גרמים,75.00,100 גרם,false,,1.90,0.0253,true,1,20530
7290002552499,false,מאגדת שלגוני שרבט פרווה תות מנגו 8 יח' ריאו,"גלידות ריאו ביח""ר לג",,מאגדת שמיניות שלגוני,גרמים,720.00,100 גרם,false,,17.00,0.0236,true,1,20533
7290002581536,false,הדר וופל נפוליטנה ללא סוכר 250 גרם,אפיפית נצרת,,ופל נפוליטנה ללא סוכ,גרמים,250.00,100 גרם,false,,7.90,0.0316,true,1,41233
7290002627210,false,גפילטע פיש קציצות מדגי קרפיון וכסיף בצנצנת 560 גרם,האי נאם סי או אל.טי.,,גפילטע פיש בצנצנת דל,גרמים,560.00,100 גרם,false,,12.90,0.0230,true,1,16896
7290002651116,false,גחנון חמסי ארוז 1 קג,מאפיית אריאל,,"גחנון חמסי 1 ק""ג",קילוגרמים,1.00,"ק""ג",false,,19.90,19.9000,true,1,16897
7290002651123,false,מלאווח חמסי ארוז 1 ק,מאפיית אריאל,,"מלווח חמסי 1 ק""ג",קילוגרמים,1.00,"ק""ג",false,,19.90,19.9000,true,1,16898
7290002657408,false,נתחי טונה בשמן 960 ג' פוסידון,פוסידון,,טונה בשמן פוסידון 96,גרמים,700.00,100 גרם,false,,30.90,0.0441,true,1,16904
7290002692393,false,שמן קנולה מזוכך מועשר עץ הזית 1 ליטר,שמן תעשיות בעמ,,שמן קנולה מועשר עץ ה,ליטרים,1.00,ליטר,false,,15.90,15.9000,true,1,29336
7290002692782,false,"תרסיס שמן זית כתית מעולה ללא תוספת גז עץ הזית 150 מ""ל",י.ב טכנולוגיות אריזה,,תרסיס שמן זית עץ הזי,מיליליטרים,200.00,"100 מ""ל",false,,17.90,0.0895,true,1,29343
7290002703068,false,צנצנת דבש עין חרוד 1,עין חרוד,,צנצנת דבש עין חרוד 1,קילוגרמים,1.00,"ק""ג",false,,40.90,40.9000,true,1,47349
7290002703310,false,צנצנת דבש עין חרוד 5,,,צנצנת דבש עין חרוד 5,גרמים,500.00,100 גרם,false,,21.90,0.0438,true,1,47354
7290002703358,false,צנצנת דבש זכוכית 350 גרם,עין חרוד,,צנצנת דבש עין חרוד 3,גרמים,350.00,100 גרם,false,,15.90,0.0454,true,1,47355
7290002703402,false,דבש לחיץ עין חרוד 400 גרם,,,דבש עין חרוד 400 גרם,גרמים,400.00,100 גרם,false,,19.90,0.0497,true,1,47356
7290002703655,false,סילאן 100% טבעי עין,,,סילאן 100% טבעי עין,גרמים,385.00,100 גרם,false,,12.90,0.0335,true,1,47359
7290002703662,false,סילאן 100% טבעי צנצנ,,,סילאן 100% טבעי צנצנ,גרמים,900.00,100 גרם,false,,19.90,0.0221,true,1,47360
7290002703679,false,סילאן 100% טבעי עין,,,סילאן 100% טבעי עין,גרמים,900.00,100 גרם,false,,18.90,0.0210,true,1,47361
7290002730675,false,"קולגייט משחת שיניים אדומה משפחתי 100 מ""ל",קולגייט פלמוליב,,משחת שיניים משפחתי ק,מיליליטרים,100.00,"100 מ""ל",false,,10.90,0.1090,true,1,21429
7290002730811,false,"משחת שיניים ג'ל פסים מרעננים קולגייט 100 מ""ל",הנסיך- מפעל לייצור ט,,משחת שיניים גל משפחת,מיליליטרים,100.00,"100 מ""ל",false,,13.10,0.1310,true,1,21430
7290002730941,false,כדורי צמר גפן בלונס 100 יחידות,הנסיך- מפעל לייצור ט,,צמר גפן פרוס בלונס 1,גרמים,100.00,100 גרם,false,,6.90,0.0690,true,1,21434
7290002730958,false,סבון מוצק בניחוח זיתים ואלוורה פלמוליב 4*100 גרם,הנסיך- מפעל לייצור ט,,סבון מוצק ירוק זית פ,גרמים,400.00,100 גרם,false,,16.90,0.0422,true,1,21435
7290002735007,false,"בצק עלים מרודד ינון 1 ק""ג",קפוא-זן,,"בצק עלים 1 ק""ג",קילוגרמים,1.00,"ק""ג",false,,13.90,13.9000,true,1,20408
7290002735014,false,מלווח ארוז ינון 800 גר',ג'נרל מילס סאן אדריא,,ינון מלווח ארוז 800,גרמים,800.00,100 גרם,false,,13.90,0.0174,true,1,20409
7290002735021,false,ג'חנון קפוא ינון 750 גרם,ג'נרל מילס סאן אדריא,,ינון גחנון ארוז 750,גרמים,750.00,100 גרם,false,,13.90,0.0185,true,1,20410
7290002735120,false,"בורקס תפו""א ינון 800 גר",,,"בורקס תפו""א ינון 800",גרמים,800.00,100 גרם,false,,13.90,0.0174,true,1,20412
7290002752332,false,"סוכריות מנטוס פירות בגליל, 37.5 גרם",הדקלאים אגודת שיתופי,,מנטוס .סוכריות פירות,גרמים,37.50,100 גרם,false,,2.90,0.0773,true,1,12734
7290002757139,false,מלאווח תימני מקורי 3 האופים 700 גר',שלושת האופים,,שלושת האופים מלוואח,גרמים,700.00,100 גרם,false,,12.90,0.0184,true,1,16917
7290002757511,false,דלידג קציצות דג לבישול 750 גר קהילות,האי נאם סי או אל.טי.,,דלידג קציצות דג לביש,גרמים,750.00,100 גרם,false,,32.90,0.0439,true,1,16920
7290002757535,false,בורקס פילו אצבעות גבינה שלושת האופים 700 גרם,שלושת האופים שגמור,,בורקס פילו אצבעות גב,גרמים,700.00,100 גרם,false,,19.90,0.0284,true,1,16922
7290002768036,false,"מי פה תיאדנט ענק מונע עששת 150מ""ל",אמיליה קוסמטיקס,,"מי פה תיאדנט 150 מ""ל",מיליליטרים,150.00,"100 מ""ל",false,,15.90,0.1060,true,1,29828
7290002768043,false,"תיאדנט מי-פה ענק פלאוריד 150 מ""ל",אמיליה קוסמטיקס בע'\'\מ,,מי פה ענק תיאדנט 150,מיליליטרים,150.00,"100 מ""ל",false,,15.90,0.1060,true,1,29829
7290002768159,false,"קצף אמבט בת אורן קרליין 500 מ""ל",פארק תעשיות עמק חפרמ,,קצף אמבט בת אורן 500,מיליליטרים,500.00,"100 מ""ל",false,,16.90,0.0338,true,1,29831
7290002775010,false,מיני בורקס פילו גבינה שלושת האופים מהדרין 650 ג',שלושת האופים שגמור,,מיני בורקס פילו גבינ,גרמים,650.00,100 גרם,false,,19.90,0.0306,true,1,16931
7290002807841,false,גולש 800 מעובד שארית ישראל,,,בשר לחמין 800 ג,גרמים,800.00,100 גרם,false,,59.90,0.0749,true,1,47025
7290002807872,false,"טחון בקר טהור 500 כשל""פ שארית",,,טחון בקר טהור 500 גר,גרמים,500.00,100 גרם,false,,32.90,0.0658,true,1,47026
7290002814054,false,סנט מוריץ מתז אנטרטיק מתז 1 ליטר,קומפלקס כימיקלים בעמ,,אנטרקטיק במתז 1 ליטר,ליטרים,1.00,ליטר,false,,12.90,12.9000,true,1,20091
7290002814160,false,מסיר שומנים סנט מוריץ 1ל,קומפלקס כימיקלים בעמ,,מסיר שומנים קר סנט מ,יחידה,0.00,יחידה,false,,18.90,0.0000,true,1,20095
7290002814870,false,"סנט מוריץ - מרסס מסיר שומנים קר מבושם לוונדר\פרחים 750 מ""ל",קומפלקס כימיקלים בעמ,,מסיר שומנים קר מבושם,מיליליטרים,750.00,"100 מ""ל",false,,14.90,0.0199,true,1,20108
7290002824183,false,"גבינה לבנה סקי 500 גרם 5% ""שטראוס"" -מוצר בפיקוח",מיוצר עי קונדיטוריית,,גבינה לבנה 5% סקי 50,גרמים,500.00,100 גרם,false,,9.50,0.0190,true,1,23252
7290002824466,false,יוגורט דנונה ביו לבן 0% שומן 200 גרם,"שטראוס בריאות בע""\מ",,דנונה יוגורט ביו 0%,מיליליטרים,200.00,"100 מ""ל",false,,3.70,0.0185,true,1,23253
7290002824640,false,"גבינת סקי 250 גרם 5% ""שטראוס"" -מוצר בפיקוח",מיוצר עי קונדיטוריית,,גבינה 5% סקי 250 גרם,גרמים,250.00,100 גרם,false,,4.98,0.0199,true,1,23254
7290002825722,false,סלט כרוב אדום אחלה 500 גרם,מיוצר עי קונדיטוריית,,אחלה כרוב אדום 500ג,גרמים,500.00,100 גרם,false,,13.90,0.0278,true,1,23256
7290002827306,false,נקניקיות עוף ירושלים מחפוד 400 ג',עוף ירושלים,,עוף ירושלים נקניקיות,גרמים,400.00,100 גרם,false,,10.90,0.0273,true,1,47028
7290002827337,false,נקניקיות עוף פיקנטי חריף 400 מחפוד,עוף ירושלים,,עוף ירושלים נקניקיות,גרמים,400.00,100 גרם,false,,10.90,0.0273,true,1,47031
7290002868996,false,"קוטג' 5% שומן, רכיבים טבעיים, 250 גרם",קריות זול,,טרה קוטג מועשר 5% 25,גרמים,250.00,100 גרם,false,,5.50,0.0220,true,1,6369
7290002871248,false,"בירה טובורג רד בקבוק 500 מ""ל חוזר",מבשלות בירה בינלאומיות ב,,בירה טובורג רד בקבוק,מיליליטרים,500.00,"100 מ""ל",false,,7.90,0.0158,true,1,6893
7290002871361,false,"בירה קרלסברג בקבוק 500 מ""ל חוזר",מבשלות בירה בינלאומיות ב,,קרלסברג בירה בק.חוזר,מיליליטרים,500.00,"100 מ""ל",false,,7.90,0.0158,true,1,6894
7290002881216,false,רסק תפוחי עץ לא ממותק תומר 700 גרם,KONSERVENFABRIEK BALTUSSEN,,"רסק תפו""ע דיאט תפוחי",גרמים,700.00,100 גרם,false,,11.90,0.0170,true,1,24933
7290002881230,false,חתיכות אננס בסירופ קל תומר 850 גרם,"אניס פארם בע""מ",,אננס חתוך תומר 850 ג,גרמים,850.00,100 גרם,false,,9.90,0.0116,true,1,24934
7290002881247,false,פרוסות אננס בסירופ קל תומר 850 גרם,"אניס פארם בע""מ",,אננס שלם פרוסות תומר,גרמים,850.00,100 גרם,false,,9.90,0.0116,true,1,24935
7290002881278,false,לפתן אפרסק חצאים תומ,אלבס אס.א.גריק,,אפרסק חצאים תומר 820,גרמים,820.00,100 גרם,false,,9.90,0.0121,true,1,24938
7290002881407,false,נודלס אטריות ביצים דק תומר 400ג',קריות זול,,נודלס דק תומר 400 גר,גרמים,400.00,100 גרם,false,,7.90,0.0198,true,1,24943
7290002881414,false,תומר-אטריות ביציםעבו,אופאל,,נודלס עבה תומר 400 ג,גרמים,400.00,100 גרם,false,,7.90,0.0198,true,1,24944
7290002881742,false,לבבות דקל פרוסות תומר 400 גרם,Inaexpo,,לבבות דקל פרוסות תומ,גרמים,400.00,100 גרם,false,,7.90,0.0198,true,1,24958
7290002881940,false,סרדינים מרוקאי בשמן חמניות 125ג' תומר,Union des pecheries,,סרדין מרוקאי בשמן תו,גרמים,125.00,100 גרם,false,,5.90,0.0472,true,1,24966
7290002881957,false,סרדינים מרוקאי חריף בשמן חמניות 125ג' תומר,Union des pecheries,,סרדין מרוקאי חריף תו,גרמים,125.00,100 גרם,false,,5.90,0.0472,true,1,24967
7290002904694,false,"טיטניום דאודורנט ספריי לגברים 150 מ""ל","אמיליה קוסמטיקס בע""מ",,דאודורנט ספריי קלאסי,מיליליטרים,180.00,"100 מ""ל",false,,15.90,0.0883,true,1,29832
7290002909972,false,"שעועית ירוקה שלמה 800 גר' בד""ץ (ממותג)",פספרוסט,,שעועית ירוקה שלמה מו,גרמים,800.00,100 גרם,false,,11.90,0.0149,true,1,317391
7290002921240,false,"קרבונה שמפוזר לניקוי שטיחים וריפוד יעקבי 650 מ""ל",קרבונה Carbona,,שמפוזר מסיר כתים משט,מיליליטרים,650.00,"100 מ""ל",false,,34.00,0.0523,true,1,11283
7290002929635,false,טונה ויליגר במים 140 גרם,"ויליגר תעשיות בע""מ",,טונה בשמן ויליגר 140,גרמים,140.00,100 גרם,false,,6.90,0.0493,true,1,215071
7290002929642,false,רביעיית טונה בשמן ויליגר 140 גרם,דיאמנט פוד פרודקט קו,,טונה בשמן ויליגר רבי,גרמים,560.00,100 גרם,false,,19.90,0.0355,true,1,16969
7290002946700,false,"מדליק פחמים נוזלי הנמל 200מ""ל","ויק ליין תעשיות בע""מ",,מצית פחם נוזלי מהדרי,מיליליטרים,200.00,"100 מ""ל",false,,8.90,0.0445,true,1,7810
7290002971993,false,"קמח כוסמין מס 14 ללא ניפוי 1 ק""ג",טחנת קמח דגן-שטיבל,,קמח כוסמין מלא ללא צ,קילוגרמים,1.00,"ק""ג",false,,15.90,15.9000,true,1,9213
7290002972365,false,קמח תופח שטיבל 13 ללא צורך בניפוי 1 קג,טחנת קמח דגן-שטיבל,,קמח תופח ללא צורך בנ,קילוגרמים,1.00,"ק""ג",false,,8.90,8.9000,true,1,9215
7290002972426,false,קמח שטיבל 80% ללא צורך בניפוי,טחנת קמח דגן-שטיבל,,קמח מלא 80% ללא צורך,קילוגרמים,1.00,"ק""ג",false,,8.90,8.9000,true,1,9216
7290002973812,false,קמח כוסמין 80% ללא צ,"שטיבל בע""\מ",,קמח כוסמין 80% ללא צ,קילוגרמים,1.00,"ק""ג",false,,15.90,15.9000,true,1,102234
7290002973829,false,קמח כוסמין לבן שטיבל 1 ק,"שטיבל בע""מ",,קמח כוסמין לבן ללא צ,קילוגרמים,1.00,"ק""ג",false,,15.90,15.9000,true,1,102235
7290002974314,false,"קמח פיצה שטיבל 1 ק""ג",טחנת קמח דגן-שטיבל,,"קמח פיצה שטיבל 1 ק""ג",קילוגרמים,1.00,"ק""ג",false,,11.90,11.9000,true,1,307789
7290002974338,false,"קמח מניטובה מנופה ""0",טחנת קמח דגן-שטיבל,,"קמח מניטובה מנופה ""0",קילוגרמים,1.00,"ק""ג",false,,12.90,12.9000,true,1,183515
7290002986652,false,גטניו פתי בר שוקו 470 גרם,"אחים גטניו בע""מ",,גטניו - פתיבר שוקו 4,גרמים,470.00,100 גרם,false,,9.90,0.0211,true,1,41238
7290003009640,false,מיץ תפוזים סחוט רכיבים טבעיים פריגת 1 ליטר,פריגת מצוננים,,פריגת סחוט מיץ תפוזי,ליטרים,1.00,ליטר,false,,15.90,15.9000,true,1,6371
7290003013005,false,פתיליות עגולות לשמן,שלהבת,,פתיל צף עגול קטן,יחידה,0.00,יחידה,false,,3.50,0.0000,true,1,46465
7290003013128,false,פתיל צף מתומן כ-50 יחידות שלהבת,שלהבת,,פתיל צף משושה 48 יח,יחידה,0.00,יחידה,false,,3.90,0.0000,true,1,46466
7290003015627,false,"נוזל רצפות אפרסק 2 ליטר ""ריצפז פרש""","סנו מפעלי ברונוס בע""",,ריצפז פרש אפרסק 2 לי,ליטרים,2.00,ליטר,false,,18.90,9.4500,true,1,29841
7290003015641,false,"נוזל רצפות יסמין 2 ליטר ""ריצפז פרש""",קריות זול,,ריצפז פרש יסמין 2 לי,ליטרים,2.00,ליטר,false,,18.90,9.4500,true,1,29843
7290003026036,false,"ד""ר פישר - קמיל בלו סנסיטיב אל סבון עדין לתינוק 1 ליטר",פישר מעבדות פרמצבטיות בע,,קמיל בלו סנסיטיב מוע,יחידה,0.00,יחידה,false,,33.90,0.0000,true,1,29053
7290003026227,false,"קמיל בלו שמפו לתינוק סנסיטיב אל דמע ד""ר פישר 1 ליטר",פישר מעבדות פרמצבטיות בע,,קמיל בלו סנסיטיב שמפ,יחידה,0.00,יחידה,false,,33.90,0.0000,true,1,29055
7290003026234,false,"ד""ר פישר - קמיל בלו תחליב לתינוק 500 מ""ל",פישר מעבדות פרמצבטיות בע,,קמיל בלו תחליב לתינו,גרמים,500.00,100 גרם,false,,30.90,0.0618,true,1,29056
7290003026319,false,"קמיל בלו משחת החתלה לתינוק ד""ר פישר 120 גרם",פישר מעבדות פרמצבטיות בע,,קמיל משחה לתינוק 120,גרמים,120.00,100 גרם,false,,18.90,0.1575,true,1,29057
7290003029181,false,משקה יטבתה שוקו' בקבוק 1ל מהדרין,שטראוס גרופ,,יטבתה שוקו בקבוק 1ל,ליטרים,1.00,ליטר,false,,11.90,11.9000,true,1,23261
7290003029372,false,משקה חלב בטעם בננה יטבתה 1 ליטר,מחלבת יטבתה,,יטבתה משקה חלב בננה,ליטרים,1.00,ליטר,false,,11.90,11.9000,true,1,23264
7290003029389,false,"משקה חלב בננה פקק ספורט 250 מ""ל יוטבתה",שטראוס גרופ,,יטבתה משקה חלב בננה+,מיליליטרים,250.00,"100 מ""ל",false,,5.90,0.0236,true,1,23265
7290003029433,false,"משקה יטבתה שוקו פקק 250 מ""ל מהדרין",שטראוס גרופ,,יטבתה שוקו +פקק 250,מיליליטרים,250.00,"100 מ""ל",false,,5.90,0.0236,true,1,23266
7290003029532,false,מוקה בבקבוק יטבתה 1 ליטר מהדרין,מחלבת יטבתה,,יטבתה מוקה 1ל,ליטרים,1.00,ליטר,false,,11.90,11.9000,true,1,23268
7290003029792,false,"משקה יטבתה שוקו שקיות מהדרין מארז 225X8מ""ל",שטראוס גרופ,,יטבתה מהדרין שוקו שק,ליטרים,1.80,ליטר,false,,18.90,10.5000,true,1,23270
7290003029907,false,אייס קפה יטבתה 1 ליטר מהדרין,שטראוס גרופ,,יטבתה אייס קפה 1ל,ליטרים,1.00,ליטר,false,,11.90,11.9000,true,1,23273
7290003031702,false,"נקניקיות הודו מחפוד וואקום 1 ק""ג טירת צבי",טיב טירת צבי 2000,,טירת צבי נקניקיות הו,קילוגרמים,1.00,"ק""ג",false,,24.90,24.9000,true,1,25336
7290003031733,false,טירת צבי פסטרמה על גחלים קופ. מחפוד 400ג,טיב טירת צבי 2000,,טירת צבי פסטרמה על ג,גרמים,400.00,100 גרם,false,,30.90,0.0772,true,1,25337
7290003031740,false,טירתצבי פסטרמה בדבש קופ. מחפוד 400ג,טיב טירת צבי 2000,,טירתצבי פסטרמה בדבש,גרמים,400.00,100 גרם,false,,30.90,0.0772,true,1,25338
7290003031757,false,פסטרמה הודו בפפריקה מחפוד טירת צבי 400 גרם,טיב טירת צבי 2000,,טירת צבי פסטרמה בפפר,גרמים,400.00,100 גרם,false,,27.90,0.0697,true,1,25339
7290003031788,false,צמד כפרי סלמי+פסטרמה טירת צבי 400X2ג' מחפוד,טיב טירת צבי 2000,,צמד כפרי מחפוד נק.סל,גרמים,800.00,100 גרם,false,,29.90,0.0374,true,1,25340
7290003031849,false,"פסטרמה כפרית דבש וברביקיו צמד ט.צבי 300X2ג' בד""ץ",טיב טירת צבי 2000,,טירת צבי צמד מהדרין,גרמים,600.00,100 גרם,false,,28.90,0.0482,true,1,25341
7290003047642,false,תה שחור יילו לייבל 100*1.5 ג' שקיק ליפטון,"יונילוור רוסייה בע""מ",,תה ליפטון יילו לייבל,גרמים,150.00,100 גרם,false,,14.90,0.0993,true,1,10312
7290003054657,false,חרדל ריין דיז'ון אקסטרה פורטה 370 גרם,מרום את קונפינו,,חרדל דיג'ון אקסטרא פ,גרמים,370.00,100 גרם,false,,11.90,0.0322,true,1,5285
7290003069705,false,"פיצה אישית גבינה דק 80 ג' תפזורת בד""צ",שלושת האופים,,פיצה גבינה תפזורת 80,גרמים,80.00,100 גרם,false,,2.50,0.0313,true,1,16978
7290003072521,false,כתף בקר מעושן מחפוד טירת צבי 300 גרם,טיב טירת צבי 2000,,פסטרמה כתף בקר מעושנ,גרמים,300.00,100 גרם,false,,26.90,0.0897,true,1,25343
7290003102136,false,צמר גפן COTTON SOFT רפואי 100 גר' 3102136,הדקלאים אגודת שיתופי,,צמר גפן כוטון סופט 1,גרמים,100.00,100 גרם,false,,4.90,0.0490,true,1,863
7290003102891,false,שקיות צליה הוסטס בקופסה 10יח',הוסטס,,שקיות צליה הוסטס 10י,יחידה,0.00,יחידה,false,,4.90,0.0000,true,1,871
7290003102976,false,צימרוני אוזניים פלסטיק בקופסה 200 יחידות,הדקלאים אגודת שיתופי,,קיסמי אוזניים פלסטיק,יחידה,0.00,יחידה,false,,4.40,0.0000,true,1,873
7290003107223,false,טחנת קמח דגן סולת 1קג,טחנת קמח דגן לישראל,,"סולת חיטה דגן 1 ק""ג",קילוגרמים,1.00,"ק""ג",false,,6.50,6.5000,true,1,9222
7290003107315,false,"סולת בד""צ ארוז 1 ק""ג",טחנת קמח דגן לישראל,,"סולת דגן 1 ק""ג",קילוגרמים,1.00,"ק""ג",false,,4.50,4.5000,true,1,9225
7290003107346,false,טחנת קמח דגן קמח 1 קג,טחנת קמח דגן לישראל,,קמח חיטה לבן דגן 1 ק,קילוגרמים,1.00,"ק""ג",false,,4.50,4.5000,true,1,9227
7290003126712,false,יוגורט עיזים מחלב מלא 3.7% משק צוריאל 150 גרם,מחלבת משק צוריאל,,צוריאל יוגורט עיזים,מיליליטרים,150.00,"100 מ""ל",false,,5.90,0.0393,true,1,6375
7290003126958,false,טופו גבינה גוש בואקום צוריאל 300 ג',א.י.ן תעשיות מזון בע,,צוריאל גבינה גוש טופ,גרמים,300.00,100 גרם,false,,12.50,0.0417,true,1,6376
7290003144419,false,סילאן טבעי קליית גת 710 גרם,"טעמי הגליל בע""\מ",,סילאן טבעי קלית גת 7,גרמים,710.00,100 גרם,false,,28.90,0.0407,true,1,12767
7290003220403,false,מעדני המלך- קרקר מלוח 110 גרם,מגדנית הדר,,מעדני המלך קרקר עם מ,גרמים,110.00,100 גרם,false,,2.90,0.0264,true,1,41245
7290003220410,false,"קרקר עם שומשום ""מעדני המלך"" 110 גרם",מגדנית הדר,,מעדני המלך קרקר שומש,גרמים,110.00,100 גרם,false,,2.90,0.0264,true,1,41246
7290003220526,false,"WOK רוטב צ'ילי חריף 700 מ""ל",תאי פרידה אינדסטרי,,רוטב צ'ילי חריף 700,מיליליטרים,700.00,"100 מ""ל",false,,11.90,0.0170,true,1,41254
7290003220595,false,"ווק אורז לסושי 1 ק""ג WOK","מיה תעשיות מזון בע""מ",,אורז לסושי 1 ק'ג WOK,קילוגרמים,1.00,"ק""ג",false,,13.90,13.9000,true,1,215001
7290003220717,false,WOK אצות נורי סילבר 10 יחידות,ג'י וואן גלובול נאט,,אצות נורי סילוור 10,גרמים,22.00,100 גרם,false,,11.40,0.5182,true,1,215006
7290003220755,false,"WOK רוטב סויה כהה 640 מ""ל",ליאנג סאנג האנד הואד,,ווק רוטב סויה כהה 64,מיליליטרים,640.00,"100 מ""ל",false,,14.90,0.0233,true,1,215009
7290003220830,false,"WOK חומץ אורז יסמין 500 מ""ל",דיאמונד פריזרוד פודס,,חומץ אורז לסושי 500,מיליליטרים,500.00,"100 מ""ל",false,,18.70,0.0374,true,1,215010
7290003220977,false,עוגיות חצי ירח מצופה 175 נאפה מעדני מלך,מגדנית הדר,,מעדני מלך ירח חצי מצ,גרמים,175.00,100 גרם,false,,6.90,0.0394,true,1,135521
7290003251308,false,"אציטון משובח 100 מ""",שוורץ,,"אציטון משובח 100 מ""",מיליליטרים,100.00,"100 מ""ל",false,,3.90,0.0390,true,1,21164
7290003268252,false,לחם חיטה מלא לילדים 750 ג' דגנית עין בר,דגנית עין בר תעשיות מזון,,לחם חיטה מלא ללא גרע,גרמים,750.00,100 גרם,false,,13.90,0.0185,true,1,4496
7290003318100,false,וופל בטעם שוקולד מנעמים 200 ג',מנעמים תעשיות מזון,,ופל שוקו מנעמים 200,גרמים,200.00,100 גרם,false,,4.30,0.0215,true,1,36033
7290003321155,false,יוגורט בר עם פקאן מצופה שוקולד 183 ג' דנונה,"שטראוס בריאות בע""\מ",,דנונה קראנצ' ששבי פק,מיליליטרים,183.00,"100 מ""ל",false,,4.60,0.0251,true,1,23274
7290003401369,false,"קרם לחות לשיער חוחובה נטורל פורמולה 400 מ""ל","אמיליה קוסמטיקס בע""מ",,קרם לחות ועיצוב לשיע,מיליליטרים,400.00,"100 מ""ל",false,,19.90,0.0497,true,1,29847
7290003401376,false,"קרם לחות ועיצוב לשיער אלוורה נטורל 400 מ""ל",מיוצר עי אמיליה קוסמ,,קרם לחות ועיצוב לשיע,מיליליטרים,400.00,"100 מ""ל",false,,19.90,0.0497,true,1,29848
7290003401642,false,"קרם לחות לתלתלים טבעיים נטורל פורמולה 400 מ""ל",מיוצר עי אמיליה קוסמ,,לחות לתלתול טבעי נטו,מיליליטרים,400.00,"100 מ""ל",false,,22.90,0.0572,true,1,29851
7290003411238,false,שמרים יבשים נמסים הנ,ברוגמאן גנט,,ברוגמן שמרים יבשים נ,גרמים,500.00,100 גרם,false,,14.90,0.0298,true,1,7826
7290003411276,false,עמבה הודית מובחרת הנמל 600ג',טרופיקל דגיל תעשיות,,עמבה מובחרת 500 גרם,גרמים,500.00,100 גרם,false,,10.90,0.0218,true,1,7827
7290003411689,false,ליפתניות לבן 25 יחידות,הנמל אריזות ושיווק ב,,לפתניות 25 יח,יחידה,0.00,יחידה,false,,4.90,0.0000,true,1,7838
7290003411696,false,"מרקיות לבן ח""פ הנמל 25 יח'",פלסטכים תורכיה,,מרקיות חד פעמי 25 יח,יחידה,0.00,יחידה,false,,9.90,0.0000,true,1,7839
7290003427154,false,"שמן זית כתית מעולה טעם מעודן זיתא 750 מ""ל",זיתא תעשיות שמן זיתt\,,שמן זית כתית מעולה ז,מיליליטרים,750.00,"100 מ""ל",false,,35.90,0.0479,true,1,24615
7290003514007,false,מנה שקדי מרק מנה 400 גרם,מנה Mana,,שקדי מרק מנה 400 גרם,גרמים,400.00,100 גרם,false,,8.90,0.0223,true,1,21440
7290003525898,false,שלישיית סלט טונה ויליגר 160 גרם,נטו מלינדה,,סלט טונה ויליגר שליש,גרמים,480.00,100 גרם,false,,14.90,0.0310,true,1,16997
7290003525904,false,שלישיית סלט טונה פיקנטי ויליגר 160 גרם,ויליגר,,סלט טונה פיקנטי וילי,גרמים,480.00,100 גרם,false,,14.90,0.0310,true,1,16998
7290003550753,false,רביעיית טונה בשמן פוסידון 108 גרם,"מיוצר עי וליגר בעמ,",,טונה בהירה בשמן פוסי,גרמים,308.00,100 גרם,false,,19.90,0.0646,true,1,17012
7290003578313,false,דובדבנים ללא חרצנים ויליפוד 680 גרם,דל מונטה היילס אס.אי,,דובדבנים חמוצים ללא,גרמים,350.00,100 גרם,false,,9.90,0.0283,true,1,2865
7290003578672,false,ויליפוד שמן חמניות 1 ליטר{בית יוסף},וילי פוד,,שמן חמניות 1 ליטר,ליטרים,1.00,ליטר,false,,12.90,12.9000,true,1,2868
7290003643004,false,"סוגת אורז בסמטי קלאסי 1 ק""ג",האי נאם סי או אל.טי.,,"סוגת אורז בסמטי 1 ק""",קילוגרמים,1.00,"ק""ג",false,,13.90,13.9000,true,1,17311
7290003643127,false,עשיריה אבקת אפיה 10*10 גרם סוגת,גוד פוד פרודקטס S.p,,אבקת אפיה 10 יח' במא,גרמים,100.00,100 גרם,false,,1.90,0.0190,true,1,17312
7290003643172,false,אבקת סוכר סוגת 100 גרם,א.ל ייצור ושיווק תבל,,סוגת אבקת סוכר 100 ג,גרמים,100.00,100 גרם,false,,1.90,0.0190,true,1,17317
7290003643325,false,קוסקוס בינוני 350 גרם סוגת,"אסיף תעשיות מזון בע""\מ",,קוסקוס בינוני סוגת 3,גרמים,350.00,100 גרם,false,,4.90,0.0140,true,1,17319
7290003643387,false,"סוכר לבן בצנצנת 1 ק""ג סוגת",האי נאם סי או אל.טי.,,סוכר לבן בצנצנת סוגת,קילוגרמים,1.00,"ק""ג",false,,8.90,8.9000,true,1,17322
7290003643646,false,"סוכר דמררה קלאסי בצנצנת סוגת 1 ק""ג",האי נאם סי או אל.טי.,,סוכר דמררה בצנצנת חו,קילוגרמים,1.00,"ק""ג",false,,12.90,12.9000,true,1,17323
7290003643684,false,אפונה יבשה סוגת 500 גר',האי נאם סי או אל.טי.,,אפונה יבשה 500 גרם,גרמים,500.00,100 גרם,false,,5.90,0.0118,true,1,17324
7290003643707,false,גריסים סוגת 500 גרם,"סוגת תעשיות בע""מ",,סוגת גריסים 500גר,גרמים,500.00,100 גרם,false,,5.90,0.0118,true,1,17325
7290003643714,false,חומוס גרגירים 500 גרם סוגת,האי נאם סי או אל.טי.,,חומוס 500 גרם,גרמים,500.00,100 גרם,false,,7.90,0.0158,true,1,17326
7290003643738,false,חיטה 500 גרם סוגת,האי נאם סי או אל.טי.,,סוגת חיטה 500 גר,גרמים,500.00,100 גרם,false,,5.90,0.0118,true,1,17327
7290003643745,false,כוסמת 500 גרם סוגת,האי נאם סי או אל.טי.,,כוסמת 500 גרם,גרמים,500.00,100 גרם,false,,7.90,0.0158,true,1,17328
7290003643752,false,עדשים ירוקים יבש סוגת 500 גר',האי נאם סי או אל.טי.,,עדשים ירוקות 500 גרם,גרמים,500.00,100 גרם,false,,7.90,0.0158,true,1,17329
7290003643776,false,"פופקורן גרעינים סוגת 500 ג' כשל""פ",האי נאם סי או אל.טי.,,סוגת פופקורן 500 גרם,גרמים,500.00,100 גרם,false,,5.90,0.0118,true,1,17331
7290003643783,false,קוקוס טחון סוגת 100 גרם,האי נאם סי או אל.טי.,,קוקוס 100 גר,גרמים,100.00,100 גרם,false,,3.90,0.0390,true,1,17332
7290003643806,false,שעועית לבנה יבשה סוגת 500 ג',האי נאם סי או אל.טי.,,שעועית לבנה 500 גרם,גרמים,500.00,100 גרם,false,,10.90,0.0218,true,1,17333
7290003643813,false,שעועית אדומה יבשה סוגת 500 גר',האי נאם סי או אל.טי.,,שעועית אדומה 500 גרם,גרמים,500.00,100 גרם,false,,10.90,0.0218,true,1,17334
7290003681051,false,אגוזי פאקן סיני מסוכר 100 גר' מיה,מיה תעשיות מזון מ.ת.מ. ב,,אגוז פקאן סיני מסוכר,גרמים,100.00,100 גרם,false,,13.90,0.1390,true,1,14942
7290003681211,false,צנובר מיה 100 גרם,מיה תעשיות מזון מ.ת.מ. ב,,צנובר מיה 80 גרם,גרמים,80.00,100 גרם,false,,26.70,0.3337,true,1,14945
7290003681228,false,תבלין עלי דפנה 10 גר' מיה,מיה תעשיות מזון מ.ת.מ. ב,,מיה עלי דפנה 10ג,גרמים,10.00,100 גרם,false,,5.90,0.5900,true,1,14946
7290003681242,false,זעתר בצנצנת מיה 50 גרם,מיה תעשיות מזון מ.ת.מ. ב,,מיה זעתר 50ג,גרמים,50.00,100 גרם,false,,5.90,0.1180,true,1,14948
7290003681365,false,קישוט לעוגה צבעוני בבצנצנת מיה 80 גרם,מיה תעשיות מזון מ.ת.מ. ב,,70 סוכריות קישוט לעו,גרמים,70.00,100 גרם,false,,4.90,0.0700,true,1,14954
7290003681532,false,דובדבנים מסוכרים 80 גרם מיה,מיה תעשיות מזון מ.ת.מ. ב,,דובדבן מסוכר 80 גרם,גרמים,80.00,100 גרם,false,,6.90,0.0863,true,1,14959
7290003681723,false,תבלין לפיצה בצנצנת מיה 80 גרם,מיה תעשיות מזון מ.ת.מ. ב,,מיה תבלין לפיצה 80ג,גרמים,80.00,100 גרם,false,,5.90,0.0738,true,1,14970
7290003681747,false,תבלין גריל בשר בשקית 80 גר' מיה,מיה תעשיות מזון מ.ת.מ. ב,,מיה תבלין לגריל בשר,גרמים,80.00,100 גרם,false,,5.90,0.0738,true,1,14972
7290003681754,false,אבקת קארי בצנצנת מיה 80 גרם,מיה תעשיות מזון מ.ת.מ. ב,,קרי 80 גרם,גרמים,100.00,100 גרם,false,,5.90,0.0590,true,1,14973
7290003681761,false,גבישי שום בצנצנת מיה 80 גרם,מיה תעשיות מזון מ.ת.מ. ב,,מיה גבישי שום 80ג,גרמים,80.00,100 גרם,false,,7.90,0.0988,true,1,14974
7290003681921,false,"סוכריות טופי פירות מיה 200 ג' בד""ץ'",מיה תעשיות מזון מ.ת.מ. ב,,טופי מתוק מיה 200 גר,גרמים,200.00,100 גרם,false,,5.80,0.0290,true,1,14980
7290003681945,false,"מיץ לימון סחוט רכיבים טבעיים מיה 500 מ""ל",מיה,,מיץ לימון סחוט טבעי,מיליליטרים,500.00,"100 מ""ל",false,,8.90,0.0178,true,1,14981
7290003706167,false,בצל ירוק ארוז,,,בצל ירוק ארוז,יח',1.00,יח',false,,5.90,5.9000,true,1,35534
7290003726776,false,שניצל טופו טעם עוף 420 גר,"פרה מזון בע""\מ",,שניצל טופו בטעם עוף,גרמים,420.00,100 גרם,false,,27.90,0.0664,true,1,313471
7290003726790,false,שניצל טופו טעם פיקנטי 420 גר,"פרה מזון בע""\מ",,שניצל טופו בטעם עוף,גרמים,420.00,100 גרם,false,,27.90,0.0664,true,1,313487
7290003864492,false,סרדין בשמן צמחי חריף פתח קל ויליפוד 110 גרם,גולדן פרייז קאנינג א,,סרדין בשמן צמחי חריף,גרמים,120.00,100 גרם,false,,5.30,0.0442,true,1,2876
7290003882922,false,עלי גפן ממולאים באורז וילי פוד 360 גרם,אף.סי תבליני בגליל ב,,עלי גפן ממולאים באור,גרמים,360.00,100 גרם,false,,8.90,0.0247,true,1,2879
7290003920716,false,קבב מזרחי 500 גרם רו,עוף ירושלים מהדרין,,קבב מזרחי 500 גרם רו,גרמים,500.00,100 גרם,false,,29.90,0.0598,true,1,214975
7290003920723,false,המבורגר מזרחי - רובין 50,עוף ירושלים מהדרין,,המבורגר 500 גרם רובי,גרמים,500.00,100 גרם,false,,29.90,0.0598,true,1,214976
7290003920730,false,בשר לחמין - רובין 800 גר,עוף ירושלים מהדרין,,בשר לחמין 800 גרם קפ,גרמים,800.00,100 גרם,false,,59.90,0.0749,true,1,47040
7290003920747,false,גולש עגל מעובד 800 גר',עוף ירושלים מהדרין,,גולש בקר 800 גרם רוב,גרמים,800.00,100 גרם,false,,59.90,0.0749,true,1,47041
7290003920761,false,בקר טחון רובין 500 ג' קפוא,עוף ירושלים מהדרין,,בקר טחון קפוא 500 ג,גרמים,500.00,100 גרם,false,,29.90,0.0598,true,1,47042
7290003989096,false,סלט חצילים פיקנטי אחלה 500 גרם,מיוצר עי קונדיטוריית,,אחלה חציל פיקנטי 500,גרמים,500.00,100 גרם,false,,15.50,0.0310,true,1,23280
7290003989539,false,לורנצו רביולי במילוי גבינה,מיוצר עי קונדיטוריית,,EAT GOOD רביולי גבינ,גרמים,400.00,100 גרם,false,,19.90,0.0497,true,1,23281
7290003989553,false,פסטה טורטליני גבינה ופטריות 400 גרם,מיוצר עי קונדיטוריית,,שטראוס טורטליני פטרי,גרמים,400.00,100 גרם,false,,19.90,0.0497,true,1,23282
7290004011260,false,"ריצ' להעשרת קפה 427 מ""ל",ריץ',,קפה עם תחליף חלב על,מיליליטרים,426.00,"100 מ""ל",false,,9.90,0.0232,true,1,17014
7290004011277,false,"בסיס לבישול והקרמה צמחי ריצ' 220 מ""ל","אינסטנטה בע""מ",,שמנת לבישול על בסיס,מיליליטרים,220.00,"100 מ""ל",false,,8.90,0.0405,true,1,17015
7290004011284,false,ריצ בסיס להכנת קצפת 25% 212מל,ריצ' פרודקטס קורפריי,,ריצ בסיס להכנת קצפת,מיליליטרים,212.00,"100 מ""ל",false,,6.90,0.0325,true,1,17016
7290004011345,false,"ספריי קצפת מתוקה מוכנה פרווה ריץ' 238 מ""ל",האי נאם סי או אל.טי.,,קצפת ריץ במיכל פרווה,מיליליטרים,238.00,"100 מ""ל",false,,9.90,0.0416,true,1,17019
7290004023041,false,"לחם שיפון ללא שמרים ד""ר מרק 750 גר'",המאפה של דר מרק בריא,,לחם שיפון מחמצת 750,גרמים,750.00,100 גרם,false,,13.90,0.0185,true,1,188820
7290004030445,false,מיץ תפוזים סחוט רכיבים טבעיים 1 ליטר פרי ניב,הנסיך- מפעל לייצור ט,,פרי ניב תפוז סחוט 1ל,ליטרים,1.00,ליטר,false,,13.90,13.9000,true,1,49387
7290004030544,false,משקה בטעם לימונדה לואיזה ולימון 1 ליטר פריניב,פריניב בעמ,,לימונדה לואיזה ולמון,יחידה,0.00,יחידה,false,,13.90,0.0000,true,1,49390
7290004030612,false,"מיץ תפוח, קיווי אגס ללא תוספת סוכר 1 ליטר פרי ניב",הנסיך- מפעל לייצור ט,,פרי ניב מיץ קיוי אגס,ליטרים,1.00,ליטר,false,,14.90,14.9000,true,1,49393
7290004063016,false,"מלח שולחן דק סלית 1 ק""ג בדץ",האי נאם סי או אל.טי.,,"מלח שולחן סלית 1 ק""ג",קילוגרמים,1.00,"ק""ג",false,,1.70,1.7000,true,1,15449
7290004063115,false,"מלח מטבח עבה להמלחת בשר ובישול 1 ק""ג 1ק""ג",האי נאם סי או אל.טי.,,מלח מטבח גס לבישול כ,קילוגרמים,1.00,"ק""ג",false,,1.70,1.7000,true,1,15450
7290004064174,false,"תבלין מלח ההימלאיה דק בצנצנת 1 ק""ג","חברת מלח הארץ אילת בע""\מ",,מלח ההימלאיה דק בצנצ,קילוגרמים,1.00,"ק""ג",false,,16.90,16.9000,true,1,15452
7290004064303,false,מלח אטלנטי בצנצנת מלח הארץ 800 גרם,"חברת מלח הארץ אילת בע""\מ",,מלח אטלנטי בצנצנת הא,גרמים,800.00,100 גרם,false,,19.90,0.0249,true,1,15455
7290004064358,false,"מלח דק זורם בקלות מלח הארץ קרטון 1 ק""ג","חברת מלח הארץ אילת בע""\מ",,מלח דק זורם בקלות בק,קילוגרמים,1.00,"ק""ג",false,,4.90,4.9000,true,1,15456
7290004064365,false,"מלח דק מועשר ביוד מלח הארץ קרטון 1 ק""ג","חברת מלח הארץ אילת בע""\מ",,מלח דק מועשר ביוד קר,קילוגרמים,1.00,"ק""ג",false,,5.90,5.9000,true,1,15457
7290004064389,false,מלח הימלאייה דק מלחייה 250 גרם,"חברת מלח הארץ אילת בע""\מ",,מלח הימלאיה דק מלחיי,גרמים,250.00,100 גרם,false,,9.90,0.0396,true,1,123572
7290004078942,false,ליידי ספיד סטיק - דאודורנט ג'ל לאישה 65 גרם,קולגייט פלמוליב,,דיאודורנט ג'ל מרענן,גרמים,65.00,100 גרם,false,,17.90,0.2754,true,1,21464
7290004119225,false,יוגורט יופלה אננס 3% שומן 150 גרם,תנובה מרכז שיתופי לש,,יופלה אננס 3% 150מל,גרמים,150.00,100 גרם,false,,4.90,0.0327,true,1,25849
7290004119928,false,מעדן חלב בטעם וניל 2% קרלו תנובה 125 גרם,מחלבת אלון תבור,,קרלו וניל 3% 125מל,מיליליטרים,125.00,"100 מ""ל",false,,2.90,0.0232,true,1,25851
7290004119973,false,קרלו מעדן שוקו רביעיה גביע 1.5% 125 גרם,תנובה מרכז שיתופי לש,,קרלו שוקולדה 3% 125מ,מיליליטרים,125.00,"100 מ""ל",false,,2.90,0.0232,true,1,25852
7290004120061,false,מעדן חלב בטעם שוקו וניל שוניל 2% קרלו 125 גרם,תנובה מרכז שיתופי לש,,קרלו שוניל 3% 125מל,מיליליטרים,125.00,"100 מ""ל",false,,2.90,0.0232,true,1,25853
7290004120108,false,יוגורט יופלה דיאט דובדבן 0% שומן 150גרם,תנובה מרכז שיתופי לש,,יופלה דיאט דובדבן 0%,מיליליטרים,150.00,"100 מ""ל",false,,4.90,0.0327,true,1,25854
7290004120283,false,"שוקו בשקית תנובה 225 מ""ל בד""ץ",קריות זול,,"שוקו תנובה בד""ץ שקית",מיליליטרים,225.00,"100 מ""ל",false,,2.90,0.0129,true,1,25858
7290004120566,false,פיראוס 24% גבינה בולגרית 250 גרם,קריות זול,,פיראוס בולגרית 24% 2,גרמים,250.00,100 גרם,false,,20.90,0.0836,true,1,25861
7290004120573,false,גבינה בולגרית פיראוס 16% 250 גרם,תנובה מרכז שיתופי לש,,פיראוס בולגרית בקר 1,גרמים,250.00,100 גרם,false,,20.90,0.0836,true,1,25862
7290004120634,false,גבינה בולגרית 5% פיראוס 250 גרם,תנובה מרכז שיתופי לש,,פיראוס בולגרית 5% 25,גרמים,250.00,100 גרם,false,,20.90,0.0836,true,1,25863
7290004121525,false,יופלה מאגדת פרי 4 תות 4 אפרסק 3% 8 יח'*150 ג',תנובה מרכז שיתופי לש,,יופלה אפרסק תות 3% 8,קילוגרמים,1.20,"ק""ג",false,,29.90,24.9167,true,1,25867
7290004121839,false,גבינת פטה כבשים 20% פיראוס 250 גרם,תנובה מרכז שיתופי לש,,פיראוס פטה כבשים 20%,גרמים,250.00,100 גרם,false,,26.90,0.1076,true,1,25869
7290004121853,false,גבינה בולגרית 5% קוביות פיראוס 200 גרם,תנובה מרכז שיתופי לש,,פיראוס בולגרית בקובי,גרמים,200.00,100 גרם,false,,19.90,0.0995,true,1,25870
7290004122195,false,גוש חלב גבינה צהובה פרוסה 28% תנובה 200 גרם,תנובה חלב,,גוש חלב פרוס 28% 200,גרמים,200.00,100 גרם,false,,12.90,0.0645,true,1,25873
7290004122348,false,גבינת עמק לייט פרוס בקופסא 200 גרם,תנובה מרכז שיתופי לש,,עמק לייט 9% 200ג,גרמים,200.00,100 גרם,false,,16.80,0.0840,true,1,25875
7290004122676,false,גבינת חמד לייט 5% פיראוס 250 ג',תנובה מרכז שיתופי לש,,פיראוס חמד לייט 5% 2,גרמים,250.00,100 גרם,false,,17.90,0.0716,true,1,25877
7290004124205,false,יופלה דיאט יוגורט תות %0 גביע 150 גרם,תנובה מרכז שיתופי לש,,יופלה דיאט תות 0% 15,מיליליטרים,150.00,"100 מ""ל",false,,4.90,0.0327,true,1,25886
7290004124847,false,"קצפת צמחית השף הלבן 500 מ""ל תנובה",תנובה מרכז שיתופי לש,,שף לבן קצפת צמחית 24,מיליליטרים,500.00,"100 מ""ל",false,,14.90,0.0298,true,1,25888
7290004125370,false,"שמנת חמוצה 9% מופחתת שומן תנובה 200 מ""ל מהדרין",תנובה מרכז שיתופי לש,,תנובה שמנת מופחתת 9%,מיליליטרים,200.00,"100 מ""ל",false,,3.90,0.0195,true,1,25890
7290004125400,false,"אשל שלי מהדרין 200 מ""ל 4.5% ""תנובה""- מוצר בפיקוח",פארייפאבה אגרואינדוס,,"אשל 4.5% בד""צ מהדרין",מיליליטרים,200.00,"100 מ""ל",false,,1.69,0.0084,true,1,25891
7290004125417,false,"גיל 3% שלי 200 מ""ל ""תנובה"" -מוצר בפיקוח",תנובה מרכז שיתופי לש,,"גיל 3% בד""צ מהדרין",מיליליטרים,200.00,"100 מ""ל",false,,1.51,0.0076,true,1,25892
7290004125455,false,"שמנת חמוצה 200 מ""ל 15% ""תנובה"" -מוצר בפיקוח",תנובה מרכז שיתופי לש,,תנובה שמנת אורגינל מ,מיליליטרים,200.00,"100 מ""ל",false,,2.40,0.0120,true,1,25893
7290004125509,false,"שמנת חמוצה 15% מועשרת תנובה 100 מ""ל",תנובה מרכז שיתופי לש,,תנובה שמנת חצי מנה 1,מיליליטרים,100.00,"100 מ""ל",false,,1.60,0.0160,true,1,25895
7290004125578,false,משקה סויה מעושר בסידן תנובה 1ל',תנובה מרכז שיתופי לש,,משקה סויה תנובה מועש,ליטרים,1.00,ליטר,false,,9.90,9.9000,true,1,25896
7290004125585,false,משקה סויה בטעם וניל תנובה 1 ליטר,תנובה מרכז שיתופי לש,,סויה תנובה משקה סויה,ליטרים,1.00,ליטר,false,,9.90,9.9000,true,1,25897
7290004125738,false,שמנת מתוקה להקצפה32% 250מל עמיד השף הלבן,תנובה מרכז שיתופי לש,,שף לבן שמנת להקצפה 3,מיליליטרים,250.00,"100 מ""ל",false,,6.50,0.0260,true,1,25900
7290004126759,false,יוגורט דיאט יופלה פירות יער 150 גרם,תנובה חלב,,יופלה דיאט פירות יער,מיליליטרים,150.00,"100 מ""ל",false,,4.90,0.0327,true,1,25905
7290004127800,false,"גבינה לבנה 500 גרם 5% ""תנובה"" -מוצר בפיקוח",מיוצר עי קונדיטוריית,,תנובה גבינה לבנה 5%,גרמים,500.00,100 גרם,false,,9.96,0.0199,true,1,25911
7290004127817,false,גבינה לבנה 9% שומן 500 ג' תנובה,מיוצר עי קונדיטוריית,,תנובה גבינה לבנה 9%,גרמים,500.00,100 גרם,false,,8.90,0.0178,true,1,25912
7290004127862,false,"גבינה לבנה 750 גרם 5% ""תנובה"" - מוצר בפיקוח",תנובה מרכז שיתופי לש,,תנובה גבינה למריחה מ,גרמים,750.00,100 גרם,false,,14.90,0.0199,true,1,25913
7290004127916,false,גבינה לבנה 0.5% שומן 500 ג' תנובה,תנובה מרכז שיתופי לש,,תנובה גבינת %1/2 500,גרמים,500.00,100 גרם,false,,8.90,0.0178,true,1,25914
7290004128333,false,לאבנה על בסיס יוגורט %9 שומן 500 ג' פיראוס,תנובה חלב,,פיראוס לאבנה גביע %9,גרמים,500.00,100 גרם,false,,19.90,0.0398,true,1,25916
7290004129101,false,גבינת שמנת 25% בטעם טבעי 225 ג' נפוליאון,תנובה מרכז שיתופי לש,,נפוליאון בטעם טבעי 2,גרמים,225.00,100 גרם,false,,13.90,0.0618,true,1,25920
7290004130695,false,משקאות חלב תנובה אייס קפה בבקבוק 1ל,תנובה מרכז שיתופי לש,,משקאות חלב תנובה איי,ליטרים,1.00,ליטר,false,,12.90,12.9000,true,1,25928
7290004130794,false,משקה סויה במתיקות מופחתת תנובה 1 ליטר,תנובה מרכז שיתופי לש,,סויה תנובה טבעי במתי,ליטרים,1.00,ליטר,false,,9.90,9.9000,true,1,25929
7290004131074,false,"חלב 1 ליטר 3% קרטון ""תנובה""- מוצר בפיקוח",תנובה מרכז שיתופי לש,,חלב תנובה הומוגני מה,ליטרים,1.00,ליטר,false,,6.23,6.2300,true,1,25932
7290004131814,false,גבינה צפתית 5% מעודנת 200 ג' פיראוס,פארייפאבה אגרואינדוס,,פיראוס צפתית מעודנת,גרמים,200.00,100 גרם,false,,13.90,0.0695,true,1,25940
7290004132552,false,משקה סויה בטעם טבעי לייט תנובה 1 ליטר,תנובה מרכז שיתופי לש,,סויה תנובה לייט בטעם,ליטרים,1.00,ליטר,false,,9.90,9.9000,true,1,25947
7290004132712,false,חטיף אצבעות גבינת מוצרלה 20% 172 ג' עמק,תנובה מרכז שיתופי לש,,עמק אצבעות מוצרלה 20,גרמים,174.00,100 גרם,false,,14.90,0.0856,true,1,25949
7290004134945,false,יוגורט מוקה 3% שומן 150 ג' יופלה,תנובה מרכז שיתופי לש,,יופלה מוקה 3% 150מל,גרמים,150.00,100 גרם,false,,4.90,0.0327,true,1,25959
7290004135058,false,שמיניית קרלו מיני שוקולד 100 גרם מהדרין,תנובה מרכז שיתופי לש,,קרלו מהדרין מיני שוק,מיליליטרים,800.00,"100 מ""ל",false,,13.90,0.0174,true,1,25961
7290004135072,false,"מעדן חלב מיני שוקולדה 1.5% מהדרין קרלו 8*100 מ""ל",תנובה מרכז שיתופי לש,,קרלו מיני שוקולד בדץ,מיליליטרים,800.00,"100 מ""ל",false,,13.90,0.0174,true,1,25962
7290004135119,false,"מאגדת שמינייה קרלו מיני וניל בד""צ",תנובה מרכז שיתופי לש,,קרלו מיני וניל בדץ 8,מיליליטרים,800.00,"100 מ""ל",false,,13.90,0.0174,true,1,25963
7290004135225,false,מעדן חלב דל קלוריות בטעם שוקולד 0.2שומ,תנובה מרכז שיתופי לש,,מעדן תנובה דיאט שוקו,מיליליטרים,150.00,"100 מ""ל",false,,3.90,0.0260,true,1,25964
7290004136154,false,"משקה חלב אייס קפה תנובה בבקבוק 340 מ""ל",גוד פוד פרודקטס S.p,,משקאות חלב תנובה איי,מיליליטרים,340.00,"100 מ""ל",false,,6.90,0.0203,true,1,25969
7290004136598,false,מארז הפסקת אוכל עם קורנפלקס ומשקה חלב עמיד בטעם וניל,פארייפאבה אגרואינדוס,,מארז הפסקת אוכל חלב,גרמים,150.00,100 גרם,false,,9.50,0.0633,true,1,25973
7290004136857,false,מעדן גלי פטל תנובה 125 גרם,תנובה מרכז שיתופי לש,,ג'לי תנובה פטל 125מל,מיליליטרים,125.00,"100 מ""ל",false,,2.50,0.0200,true,1,25974
7290004136864,false,מעדן ג'לי בטעם אננס עם חתיכות תנובה 125 גרם,קריות זול,,ג'לי תנובה אננס עם ח,מיליליטרים,125.00,"100 מ""ל",false,,2.90,0.0232,true,1,25975
7290004136871,false,מעדן ג'לי בטעם אפרסק עם חתיכות תנובה 125 גרם,תנובה מרכז שיתופי לש,,ג'לי תנובה אפרסק עם,מיליליטרים,125.00,"100 מ""ל",false,,2.90,0.0232,true,1,25976
7290004137021,false,"שמנת עמידה לבישול מופחת שומן 10% השף הלבן 250 מ""ל",תנובה מרכז שיתופי לש,,שף לבן שמנת לבישול 1,מיליליטרים,250.00,"100 מ""ל",false,,7.90,0.0316,true,1,25978
7290004194703,false,כבד צלוי מחפוד 250 גרם טרי,,,כבד צלוי טרי 200 גרם,גרמים,200.00,100 גרם,false,,30.90,0.1545,true,1,214979
7290004199579,false,פלסטר מעורב 100 יח' - SUNNY PLASTER,הדקלאים אגודת שיתופי,,סאני פלסטר אינטרסן 1,יחידה,0.00,יחידה,false,,9.90,0.0000,true,1,891
7290004199777,false,צימרוני אוזניים פלסטיק בכוס 300 יחידות אינטרסאן,כוטון סופט,,צימרוני אוזניים כוטו,יחידה,0.00,יחידה,false,,7.90,0.0000,true,1,892
7290004199791,false,כפפות M לטקס עם איבוק עדין 100 יח- SAFE TOUCH,סייף טאצ,,כפפות לאטקס סייף טאצ,יחידה,0.00,יחידה,false,,22.90,0.0000,true,1,69834
7290004200244,false,פרסים רמה 3,,,פרסים רמה 3,יחידה,0.00,יחידה,false,,9.50,0.0000,true,1,32209
7290004267230,false,פריכיות אורז מצופה שוקולד ברמן 80 ג',ברמן שוקולד ועוגיות,,פריכיות אורז מצופה ש,גרמים,80.00,100 גרם,false,,5.90,0.0738,true,1,13137
7290004492274,false,בייגלה טבעות מלוחות בייגל בייגל 400 גרם,יוניליוור מזון,,טבעות מלוחות 400 גר,גרמים,400.00,100 גרם,false,,10.90,0.0273,true,1,10374
7290004537241,false,אפונת גינה שדה בשקית,בסט מייסטר,,אפונת גינה קפואה 800,גרמים,800.00,100 גרם,false,,11.90,0.0149,true,1,51494
7290004537258,false,אפונה וגזר 800 גר שד,,,אפונה וגזר 800 גר שד,גרמים,800.00,100 גרם,false,,11.90,0.0149,true,1,51495
7290004575069,false,גלידה מיניס חטיפים וניל ציפוי שוקו' ופצפוצי נ.חיטה ריאו מארז 32יח',"גלידות ריאו ביח""ר לג",,מיניס וניל אגוזי טופ,גרמים,700.00,100 גרם,false,,35.90,0.0513,true,1,20543
7290004575335,false,ארטיק מגיק מיני וניל ציפוי שוקו' ופצפוצי נ.חיטה ריאו מארז 45X8ג'באריזה,"גלידות ריאו ביח""ר לג",,שלגוני מיני מגי'ק 8,יחידה,0.00,יחידה,false,,17.90,0.0000,true,1,20550
7290004575373,false,שלגון מצופים וניל בציפוי שוקולד ריאו מארז 80X8 ג',"גלידות ריאו ביח""ר לג",,שלגונים מצופים 6 יחי,גרמים,640.00,100 גרם,false,,14.90,0.0233,true,1,20552
7290004575403,false,טריו גלידת פרווה בטעמים 1.8 ליטר ריאו,"גלידות ריאו ביח""ר לג",,גלידת פרווה בטעמים 1,ליטרים,1.80,ליטר,false,,14.90,8.2778,true,1,20554
7290004575540,false,קרחון בודד בטעמים ריאו 90 גרם,"גלידות ריאו ביח""ר לג",,קרחונים ריאו בודדים,גרמים,82.00,100 גרם,false,,1.50,0.0183,true,1,20560
7290004575564,false,שלגון גלי גל פרווה בודד ריאו,ריאו,,שלגון גליגל פרווה 7,גרמים,75.00,100 גרם,false,,1.90,0.0253,true,1,20562
7290004575571,false,טילון וניל חלבי ריאו 60ג',ריאו,,טילון וניל.,גרמים,60.00,100 גרם,false,,3.90,0.0650,true,1,20563
7290004575588,false,טילון ריבת חלב ריאו 60ג 'חלבי,"גלידות ריאו ביח""ר לג",,טילון ריבת חלב 70 גר,גרמים,70.00,100 גרם,false,,3.90,0.0557,true,1,20564
7290004584528,false,יוגורט דנונה ביו לבן 1.7% שומן 200 גרם,מיוצר עי קונדיטוריית,,דנונה יוגורט טבעי 1.,מיליליטרים,200.00,"100 מ""ל",false,,3.70,0.0185,true,1,23285
7290004658960,false,יין אמרלד ריזלינג פרייבט קולקשן יקבי כרמל,אגודת הכורמים הקואופרטיב,,יין P.C אמרלד ריזל,מיליליטרים,750.00,"100 מ""ל",false,,39.90,0.0532,true,1,505
7290004731472,false,"אל סבון צבעוני כיף שלישיה* 500 מ""ל",טרופיקל דגיל תעשיות,,שלישיית אלסבון צבעונ,ליטרים,1.50,ליטר,false,,19.90,13.2667,true,1,29865
7290004731519,false,"מקסימה מרכך ומבשם כביסה למייבש סנסיטיב סנו 750 מ""ל",סנו מקסימה,,סנו מקסימה למייבש סנ,מיליליטרים,750.00,"100 מ""ל",false,,18.90,0.0252,true,1,29866
7290005084355,false,"סנסודיין - משחת שיניים דואל קר זהב 75 מ""ל",גלקסו סמית קליין,,משחת שיניים דואל קר,מיליליטרים,75.00,"100 מ""ל",false,,21.90,0.2920,true,1,3809
7290005113222,false,זיתים קוקטייל וגמבה יבנה 350ג',קבוצת יבנה,,זיתים מיקס יבנה 540,גרמים,340.00,100 גרם,false,,9.90,0.0291,true,1,44723
7290005168253,false,"יין קליל דל אלכוהול יקבי ציון 750 מ""ל",יקבי ציון,,קליל יין לקידוש 750,מיליליטרים,750.00,"100 מ""ל",false,,15.00,0.0200,true,1,11950
7290005168284,false,"יין גן עדן יקבי ציון 750 מ""ל",יקבי ציון,,"גן עדן 750 מ""ל",מיליליטרים,750.00,"100 מ""ל",false,,19.90,0.0265,true,1,11951
7290005168420,false,מיץ ענבים בית סבא יקבי ציון 1 ליטר,יקבי ציון,,מיץ בית סבא 1 ליטר,ליטרים,1.00,ליטר,false,,17.50,17.5000,true,1,11955
7290005174513,false,סלט חצילים במיונז אחלה 500 גרם,מיוצר עי קונדיטוריית,,חציל במיונז אחלה 500,גרמים,500.00,100 גרם,false,,15.50,0.0310,true,1,23287
7290005174551,false,סלט חומוס עם צנוברים 125 ג' אחלה,מיוצר עי קונדיטוריית,,אחלה חומוס 125ג,גרמים,125.00,100 גרם,false,,4.90,0.0392,true,1,23288
7290005174575,false,טחינה אחלה יום יום משובחת 125ג',מיוצר עי קונדיטוריית,,אחלה טחינה 125גר,גרמים,125.00,100 גרם,false,,4.90,0.0392,true,1,23290
7290005197758,false,"עוגיות חיוכים שוקולד עלית 150 גרם בד""צ",אפיפית נצרת תעשיות ב,,חיוכים של שוקו,גרמים,150.00,100 גרם,false,,4.90,0.0327,true,1,22226
7290005199288,false,גומי מאסט בטעם פטל לימון 28 ג' עלית,"שטראוס גרופ בע""מ",,מאסט פטל לימון 28 גר,גרמים,28.00,100 גרם,false,,3.90,0.1393,true,1,22229
7290005199738,false,גומי מאסט בטעם פפרמינט ריח פה נעים פליפטופ 28 ג' עלית,"שטראוס גרופ בע""מ",,מאסט ריח פה נעים 28ג,גרמים,28.00,100 גרם,false,,3.90,0.1393,true,1,22233
7290005200786,false,תפוצ'יפס בטעם שמנת בצל עלית 50 גרם,"שטראוס פריטו ליי בע""\מ )",,תפוציפס שמנת ובצל 50,גרמים,50.00,100 גרם,false,,3.90,0.0780,true,1,24147
7290005201882,false,קפה טורקי בצלופן עלית 200 גרם,הנסיך- מפעל לייצור ט,,טורקי עלית 200 גר',גרמים,200.00,100 גרם,false,,15.90,0.0795,true,1,22237
7290005287213,false,"רביעיית טונה בשמן סטארקיסט 160 גרם בד""צ",סטארקיסט,,טונה בשמן סטארקיסט ב,גרמים,640.00,100 גרם,false,,24.90,0.0389,true,1,26640
7290005287930,false,"טונה סטארקיסט רבעיות מים בד""ץ 112 גר-עדה",סטארקיסט,,טונה במים סטארקיסט ב,גרמים,640.00,100 גרם,false,,24.90,0.0389,true,1,26661
7290005403972,false,תחתיות ארטישוק 400 ג,,,תחתיות ארטישוק 400 ג,גרמים,400.00,100 גרם,false,,15.90,0.0398,true,1,51507
7290005403989,false,במיה קפואה 600 גרם ש,,,במיה קפואה 600 גרם ש,גרמים,600.00,100 גרם,false,,10.90,0.0182,true,1,51508
7290005423253,false,"סנו - מקסימה מרסס למייבש כביסה אולטרה פרש 750 מ""ל","סנו מפעלי ברונוס בע""\מ",,סנו מקסימה למייבש או,מיליליטרים,750.00,"100 מ""ל",false,,18.90,0.0252,true,1,29883
7290005423871,false,שלישיית משחת שיניים מנטול אורביטול 145 גרם,טרופיקל דגיל תעשיות קוסמ,,משחת שיניים אורביטול,גרמים,435.00,100 גרם,false,,16.90,0.0389,true,1,29898
7290005423888,false,אלסבון כיף שלישיה מעורב,טרופיקל דגיל תעשיות,,שלישיית אלסבון מעורב,ליטרים,1.50,ליטר,false,,19.90,13.2667,true,1,29899
7290005424403,false,"אל סבון כיף אצות ים קטיפתי 1ליטר,",טרופיקל דגיל תעשיות,,אל סבון אצות ים כיף,ליטרים,1.00,ליטר,false,,12.90,12.9000,true,1,29905
7290005424700,false,סנו - פורטה פלוס מרסס מסיר שומנים 1 ליטר,"סנו מפעלי ברונוס בע""\מ",,פורטה פלוס - קצף ברי,מיליליטרים,1.00,"100 מ""ל",false,,17.90,17.9000,true,1,29911
7290005424762,false,ריצפז פלוס ווקס נוזל להברקת רצפות דוחה תיקנים סנו 2 ליטר,"סנו מפעלי ברונוס בע""\מ",,ריצפז פלוס ווקס דוחה,ליטרים,2.00,ליטר,false,,28.90,14.4500,true,1,29913
7290005424991,false,סנו פרש אוטומטיק בהתזה קצובה ניחוח בייבי פאודר,סנו מפעלי ברונוס בעמ,,סנו פרש אוטומטיק בהת,גרמים,165.00,100 גרם,false,,13.90,0.0842,true,1,29919
7290005425110,false,"חיטוי משטחים 99.9% מתז מחטא ומשמיד 750 מ""ל","סנו מפעלי ברונוס בע""\מ",,מתז מחטא ומשמיד 99.9,מיליליטרים,750.00,"100 מ""ל",false,,12.90,0.0172,true,1,29924
7290005425196,false,"מקסימה אבקת כביסה סנסיטיב סנו 2.5 ק""ג",מיוצר עי קונדיטוריית,,אבקת כביסה סנו מקסימ,קילוגרמים,2.50,"ק""ג",false,,26.90,10.7600,true,1,29925
7290005425646,false,קליר נוזל לניקוי חלונות רב תכליתי סנו 1 ליטר,"סנו מפעלי ברונוס בע""\מ",,סנוקליר נוזל רב תכלי,יחידה,0.00,יחידה,false,,11.90,0.0000,true,1,29933
7290005426193,false,ספוגית הפלא סנו סושי 6 יחידות,טרופיקל דגיל תעשיות,,סנו סושי ספוג הפלא,יחידה,0.00,יחידה,false,,11.90,0.0000,true,1,29943
7290005426940,false,"סנו K-300 מדביר חרקים 475 מ""ל",טרופיקל דגיל תעשיות,,סנו 300 K פלוס 8,מיליליטרים,400.00,"100 מ""ל",false,,18.90,0.0472,true,1,29958
7290005427107,false,סנו - סושי מגבות נייר הפלא 6 יחידות,מיוצר עי קונדיטוריית,,סנו סושי מגבות הפלא,מטרים,63.50,מטר,false,,11.90,0.1874,true,1,29961
7290005427978,false,"תחליב רחצה לפנים פילינג קרמה 180 מ""ל",גוד פוד פרודקטס S.p,,תחליב רחצה לפנים קרמ,מיליליטרים,180.00,"100 מ""ל",false,,13.90,0.0772,true,1,29990
7290005427985,false,"קרמה תחליב רחצה לפנים בתוספת גרגירי פילינג 180 מ""ל",גוד פוד פרודקטס S.p,,תחליב רחצה לפנים בתו,מיליליטרים,180.00,"100 מ""ל",false,,13.90,0.0772,true,1,29991
7290005428845,false,מפיות סנו סופט 33*33 100 יחידות,"חי מוצרי נייר בע""מ",,סנו סופט מפיות 33*33,יחידה,0.00,יחידה,false,,7.90,0.0000,true,1,29992
7290005429279,false,סנו מקסימה קומפקט קומפקט אפקט גאוול 6 ק,סנו מפעלי ברונוס בעמ,,אבקת כביסה סנו מקסימ,קילוגרמים,6.00,"ק""ג",false,,49.90,8.3167,true,1,30000
7290005430602,false,"סנו אוקסיג'ן ספריי להסרת כתמים עם חמצן פעיל 750 מ""ל","סנו מפעלי ברונוס בע""",,סנו אוקסיג'ן מסיר כת,מיליליטרים,750.00,"100 מ""ל",false,,17.90,0.0239,true,1,30005
7290005431883,false,מלבי חלבי עדן קינוחים 165 גרם,עדן קינוחים Eden,,עדן מלבי חלבי 165 גר,גרמים,165.00,100 גרם,false,,6.90,0.0418,true,1,25997
7290005431906,false,קדאיף עדן קינוחים 82 גרם,עדן קינוחים Eden,,עדן קדאיף 82 גרם,גרמים,82.00,100 גרם,false,,6.90,0.0841,true,1,25999
7290005431913,false,עוגת גבינה פירורים עדן קינוחים 92 גרם,עדן קינוחים Eden,,קינוחי עדן עוגת גבינ,גרמים,92.00,100 גרם,false,,6.90,0.0750,true,1,26000
7290005431937,false,טירמיסו עדן קינוחים 82 גרם,עדן קינוחים Eden,,עדן טירמיסו 82 גרם,גרמים,82.00,100 גרם,false,,6.90,0.0841,true,1,26002
7290005559990,false,בצק פילאס תורכי מעדנות 600 גרם,מיוצר עי קונדיטוריית,,בצק פילאס תורכי מעדנ,גרמים,600.00,100 גרם,false,,20.90,0.0348,true,1,35608
7290005576010,false,חסה גלאט עלים - יח',רביבים,,חסה מהדרין,יח',1.00,יח',false,,7.90,7.9000,true,1,44761
7290005576027,false,פטרוזיליה גלאט עלים - יח,רביבים,,פטרוזיליה גלאט עלים,יח',1.00,יח',false,,6.90,6.9000,true,1,44762
7290005576034,false,כוסברה גלאט עלים - יח',רביבים,,כוסברה מהדרין,יח',1.00,יח',false,,6.90,6.9000,true,1,44763
7290005576041,false,שמיר גלאט יחידה,ביכורי השקמה,,שמיר מהדרין,יח',1.00,יח',false,,6.90,6.9000,true,1,44764
7290005576065,false,סלרי גלאט יחידה,רביבים,,סלרי מהדרין,יח',1.00,יח',false,,7.90,7.9000,true,1,44766
7290005576089,false,בצל ירוק גלאט יחידה,ביכורי השקמה,,בצל ירוק מהדרין,יח',1.00,יח',false,,7.90,7.9000,true,1,44768
7290005576096,false,כרוב לבן שלם גלאט עלים,רביבים,,כרוב לבן גלאט,קילוגרמים,1.00,"ק""ג",true,,15.90,15.9000,true,1,44752
7290005576164,false,בזיליקום גלאט ארוז,,,עשבי תיבול מהדרין,יח',1.00,יח',false,,8.90,8.9000,true,1,44772
7290005576171,false,כרוב סגול שלם גלאט עלים,רביבים,,כרוב אדום גלאט,קילוגרמים,1.00,"ק""ג",true,,15.90,15.9000,true,1,44754
7290005576201,false,כרוב לבן קצוץ 400 ג' גאלט,רביבים,,כרוב לבן קצוץ 400 גר,גרמים,400.00,100 גרם,false,,12.90,0.0323,true,1,44774
7290005576218,false,כרוב אדום קצוץ 400 ג' גאלט,רביבים,,כרוב אדום 400 גרם,גרמים,400.00,100 גרם,false,,12.90,0.0323,true,1,44775
7290005576225,false,קולוסלאו גלאט עלים 400ג' בי&די,רביבים,,קולסלאו 400 גרם בדץ,גרמים,400.00,100 גרם,false,,12.90,0.0323,true,1,20473
7290005576232,false,חסה אייסברג מצונן 300גרם,רביבים,,חסה אייסברג קצוצה,גרמים,300.00,100 גרם,false,,13.90,0.0463,true,1,44776
7290005576249,false,לקט קלאסי ירקות מהדרין 350 גר',רביבים,,לקט קלאסי 350 גרם,גרמים,350.00,100 גרם,false,,13.90,0.0397,true,1,44777
7290005576270,false,כרוב לבן מצונן 1 קג יח,רביבים,,כרוב לבן קצוץ 1קג,קילוגרמים,1.00,"ק""ג",false,,18.90,18.9000,true,1,44780
7290005576348,false,שבבי גזר 250 גרם,יעל ירק עלים,,גזרדק דק 250 גרם,גרמים,250.00,100 גרם,false,,7.90,0.0316,true,1,44783
7290005589829,false,לקקן 8 יח תרנגול/לב /מוצץ,,,לקקן 8 יח' 185 גרם,גרמים,185.00,100 גרם,false,,11.90,0.0643,true,1,119844
7290005591761,false,דבש טהור מפרחי בר בלחיץ 400 ג' יד מרדכי,מכוורת יד מרדכי שטרא,,דבש טהור מפרחי בר בל,גרמים,400.00,100 גרם,false,,22.90,0.0572,true,1,22238
7290005610011,false,תפוחי אדמה אדום ארוז,קטיף.,,תפו`א אדום דוד משה,קילוגרמים,1.00,"ק""ג",true,,5.90,5.9000,true,1,50880
7290005610127,false,תפוח אדמה גורמה דוד משה,אראל תוצרת חקלאית בע,,תפו`א גורמה לבן דוד,קילוגרמים,1.00,"ק""ג",true,,6.90,6.9000,true,1,50882
7290005610226,false,תפוח אדמה גורמה אדום,,,תפו`א גורמה אדום ד,קילוגרמים,1.00,"ק""ג",true,,6.90,6.9000,true,1,50884
7290005838613,false,"סקי וניל בודד 125 גרם ""שטראוס""","שטראוס בריאות בע""\מ",,גבינה וניל 3% סקי 12,גרמים,125.00,100 גרם,false,,3.90,0.0312,true,1,23293
7290005839078,false,שמיניית יוגורט לבן 3% ביו דנונה 150 גרם,מיוצר עי קונדיטוריית,,דנונה ביו מארז חסכון,קילוגרמים,1.20,"ק""ג",false,,16.90,14.0833,true,1,23295
7290005896439,false,"בירה מכבי, בקבוק חוזר 500 מ''ל","טמפו משקאות בע""מ",,מכבי בקבוק חוזר 500,מיליליטרים,500.00,"100 מ""ל",false,,5.90,0.0118,true,1,9384
7290005896453,false,"בירה מכבי 7.9%, בירה חזקה, בקבוק חוזר 500 מ''ל",פארייפאבה אגרואינדוס,,בירה מכבי 7.9 בקבוק,מיליליטרים,500.00,"100 מ""ל",false,,8.50,0.0170,true,1,9385
7290005896460,false,"בירה איגל לאגר חזקה 7.8% 500 מ""ל פחית",טמפו,,איגל בירה חזקה 7.8%,מיליליטרים,500.00,"100 מ""ל",false,,6.90,0.0138,true,1,9386
7290005896620,false,סאן בנדטו - מוגז עדין - 1.5 ליטר,אקווה מינרלה סאן בנד,,סאן בנדטו מים מינרלי,ליטרים,1.50,ליטר,false,,4.50,3.0000,true,1,9387
7290006065018,false,אמנון 7-9 80% דג קפו,,,אמנון 7-9 80% דג קפו,קילוגרמים,1.00,"ק""ג",true,,34.90,34.9000,true,1,280946
7290006065049,false,בלו פיש פילה באס יפני 5-7 (לברק),,,פילה באס יפני 7-9 20,קילוגרמים,1.00,"ק""ג",true,,41.90,41.9000,true,1,168406
7290006065179,false,סטייק טונה קפוא בואק,,,סטייק טונה קפוא בואק,קילוגרמים,1.00,"ק""ג",true,,39.90,39.9000,true,1,124507
7290006065391,false,פילה דג נסיכת הנילו,,,פילה דג נסיכת הנילו,קילוגרמים,1.00,"ק""ג",true,,43.90,43.9000,true,1,168363
7290006065407,false,נתחי פילה נסיכת הני,,,נתחי פילה נסיכת הני,קילוגרמים,1.00,"ק""ג",true,,46.90,46.9000,true,1,168377
7290006065599,false,פילה בקלה מרלוזה ארג,,,פילה בקלה מרלוזה ארג,קילוגרמים,1.00,"ק""ג",true,,37.90,37.9000,true,1,168378
7290006185501,false,"פנינה רוזנבלום -אל סבון נוזלי ורוד,1 ליטר",פנינה רוזנבלום,,אל סבון נוזלי ורוד פ,יחידה,0.00,יחידה,false,,9.90,0.0000,true,1,18126
7290006199942,false,"שמיניית גלידל פרי דובדבן ""פלדמן""",הגלידות של פלדמן,,פופסיקל בטעם דובדבן,גרמים,640.00,100 גרם,false,,24.90,0.0389,true,1,64372
7290006229588,false,בירה איגל לאגר פרימיום חזקה 6.3% 500 מל,"טמפו משקאות בע""מ",,איגל בירה פחית זהב 5,מיליליטרים,500.00,"100 מ""ל",false,,5.90,0.0118,true,1,9402
7290006251107,false,תה מסאלה צ'אי ויסוצקי 25 יחידות,מולינו ניקולי s.p.a,,תה מסאלה ויסוצקי 2/2,גרמים,50.00,100 גרם,false,,19.90,0.3980,true,1,24639
7290006251275,false,תה ירוק סיני קלאסי ויסוצקי 25 יחידות,תה ויסוצקי,,תה ירוק סיני,גרמים,37.50,100 גרם,false,,23.90,0.6373,true,1,24641
7290006251343,false,חליטת פסיפלורה מנגו הגן הקסום ויסוצקי 25 יחידות,תה ויסוצקי,,תה חליטה הגן הקסום פ,גרמים,62.50,100 גרם,false,,17.90,0.2864,true,1,24643
7290006251374,false,תה ירוק לימונית וג'ינג'ר ויסוצקי 25 יחידות,תה ויסוצקי,,תה ירוק לימונית וג'י,גרמים,25.00,100 גרם,false,,23.90,0.9560,true,1,24644
7290006265548,false,נבטים סינים מרינה ארוז 360ג',"מרינה פטריות הגליל בע""מ",,נבטים סינים,יח',1.00,יח',false,,6.90,6.9000,true,1,41500
7290006271174,false,ג'חנון לאפיה בתנור מעדנות 700 גרם,מיוצר עי קונדיטוריית,,גחנון לאפיה בתנור מע,גרמים,700.00,100 גרם,false,,17.90,0.0256,true,1,35609
7290006271181,false,ג'חנון אפוי למיקרוגל מעדנות 750 גרם,מיוצר עי קונדיטוריית,,מעדנות גחנון אפוי 75,גרמים,750.00,100 גרם,false,,21.90,0.0292,true,1,35610
7290006271648,false,מיני בורקס תפוחי אדמה מעדנות 800 גרם,"מעדנות בע""\מ",,מיני בורקס תפו`א 800,גרמים,800.00,100 גרם,false,,21.90,0.0274,true,1,35614
7290006271655,false,מיני בורקס גבינה מעדנות 800 גרם,מיוצר עי קונדיטוריית,,מיני בורקס גבינה 800,גרמים,800.00,100 גרם,false,,24.90,0.0311,true,1,35615
7290006374738,false,קונפיטורית תות 340 גר' יד מרדכי,אף.סי תבליני בגליל ב,,קונפיטורת תות יד מור,גרמים,340.00,100 גרם,false,,12.90,0.0379,true,1,22245
7290006494924,false,טוסו וופל קלאסי במילוי קרם לימון 200 גרם,"גילרו בע""מ",,מרמולייט ופל בטעם לי,גרמים,180.00,100 גרם,false,,10.50,0.0583,true,1,5801
7290006511157,false,"פטריות שלמות ויליפוד 400 גרם בד""ץ",אוקצ'מפס אס.איי אויי,,פטריות שלמות שמפיניו,גרמים,230.00,100 גרם,false,,6.90,0.0300,true,1,2898
7290006511751,false,פטריות שמפניון חתוך ויליפוד 290X3 ג' בד”צ,לוטס,,פטריות חתוכות ויליפו,גרמים,870.00,100 גרם,false,,11.90,0.0137,true,1,2901
7290006618078,false,"מרסס לניקוי יסודי מטבח אסטוניש 750 מ""ל",יעקובי אסטוניש,,אסטוניש מרסס ניקוי צ,מיליליטרים,750.00,"100 מ""ל",false,,13.90,0.0185,true,1,11301
7290006618146,false,"מדליק פחמים נוזלי הפי יעקבי 500 מ""ל",תות תעשיות מזון (201,,הפי-מדליק פחמים 500,מיליליטרים,500.00,"100 מ""ל",false,,13.90,0.0278,true,1,11304
7290006653819,false,פתיתי קוסקוס דק 350 גרם,"מיוצר ע""י קוד יצרן K",,קוסקוס דק בשקית אסם,גרמים,350.00,100 גרם,false,,8.90,0.0254,true,1,18703
7290006660602,false,מי קוקוס אורגני גרין קוקו קרטונית 1 ליטר,תות תעשיות מזון (201,,גרין קוקו - מי קוקוס,ליטרים,1.00,ליטר,false,,17.90,17.9000,true,1,106395
7290006664051,false,"אקטימל לבן 1.51 ק""ג מארז 14 יחידות",מיוצר עי קונדיטוריית,,אקטימל טבעי 14*100מל,ליטרים,1.40,ליטר,false,,29.90,21.3571,true,1,23301
7290006664402,false,גבינה לבנה סקי 5% שומן 750 גרם,מיוצר עי קונדיטוריית,,שטראוס גבינה 5% 750ג,גרמים,750.00,100 גרם,false,,12.90,0.0172,true,1,23305
7290006664532,false,יוגורט עם תות 3% שומן 150 ג' דנונה,מיוצר עי קונדיטוריית,,דנונה תות 3% 150מל,גרמים,150.00,100 גרם,false,,3.90,0.0260,true,1,23306
7290006664655,false,"אקטימל לבן טבעי מארז 100X8 מ""ל",מיוצר עי קונדיטוריית,,אקטימל טבעי 8*100מל,מיליליטרים,800.00,"100 מ""ל",false,,19.90,0.0249,true,1,23308
7290006664693,false,יוגורט עם אפרסק 3% שומן 150 ג' דנונה,מיוצר עי קונדיטוריית,,דנונה אפרסק 3% 150מל,גרמים,150.00,100 גרם,false,,3.90,0.0260,true,1,23309
7290006664990,false,"יוגורט דנונה ביו לבן 1.7% שומן 8*150 מ""ל",מיוצר עי קונדיטוריית,,דנונה ביו מארז חיסכו,קילוגרמים,1.20,"ק""ג",false,,16.90,14.0833,true,1,23311
7290006681003,false,גלידה קרמיסימו סרבט תות לימון 650 גרם,"גלידת שטראוס בע""\מ, רחוב",,קרמיסימו תות לימון ס,ליטרים,1.33,ליטר,false,,20.90,15.7143,true,1,4250
7290006681577,false,מאגדת קרחון אסקימו לימון דובדובן 10 יח' שטראוס,"מיוצר ע""\י גלידת שטראוס",,קרחון אסקימו 2+8,גרמים,700.00,100 גרם,false,,14.90,0.0213,true,1,4256
7290006737854,false,מרשמלו צבעוני 150 גרם,,,מרשמלו 150 גרם.,גרמים,150.00,100 גרם,false,,4.90,0.0327,true,1,13150
7290006739131,false,בצק גולמי פילו זוגלובק 500ג',מאפיית אריאל,,זוגלובק בצק פילו 500,גרמים,500.00,100 גרם,false,,16.90,0.0338,true,1,38947
7290006739407,false,שניצל תירס לייט זוגלובק 600 גרם,נקניק נהריה כשר זוגל,,שניצל תירס לייט 630,גרמים,600.00,100 גרם,false,,27.90,0.0465,true,1,38954
7290006739445,false,שניצל תירס קלאסי 750 ג' זוגלובק,נקניק נהריה כשר זוגל,,שניצל תירס קלאסי 750,גרמים,750.00,100 גרם,false,,22.90,0.0305,true,1,38957
7290006741363,false,בורקס תפוחי אדמה זוגלובק 800 גרם,מאפיית אריאל וגידרון,,"זוגלובק בורקס תפו""א",גרמים,800.00,100 גרם,false,,14.90,0.0186,true,1,38970
7290006764065,false,בירה נשר מאלט ללא אלכוהול 500 מל,"טמפו משקאות בע""\ם.",,נשר מאלט בקבוק פקדון,מיליליטרים,500.00,"100 מ""ל",false,,4.90,0.0098,true,1,9404
7290006764072,false,"בירה גולדסטאר בקבוק 500 מ""ל חוזר","טמפו משקאות בע""\מ",,גולדסטאר בירה בק חוז,מיליליטרים,500.00,"100 מ""ל",false,,7.90,0.0158,true,1,9405
7290006764096,false,"בירה איגל 500 מ""ל 3.8% בקבוק חוזר","טמפו משקאות בע""\מ",,בירה איגל בקבוק 500,מיליליטרים,500.00,"100 מ""ל",false,,5.50,0.0110,true,1,9406
7290006784865,false,סנט מוריץ לניקוי משטחי מטבחים מרוכז ועוצמתי 1ל',קומפלקס כימיקלים בעמ,,ניקוי משטחי מטבח סנט,ליטרים,1.00,ליטר,false,,11.90,11.9000,true,1,20123
7290006788405,false,"קרליין - נושם אקטיב דאודורנט רול און לאישה ברודו 75 מ""ל",מיוצר עי : אמיליה קוסמטי,,דאו רול און נושם אקט,מיליליטרים,75.00,"100 מ""ל",false,,12.90,0.1720,true,1,30035
7290006788429,false,"קרליין - נושם סאן רייס דאודורנט רול און לאישה כתום 75 מ""ל","אמיליה קוסמטיקס בע""מ",,דאו' רולאון נושם סאנ,גרמים,75.00,100 גרם,false,,12.90,0.1720,true,1,30037
7290006788436,false,"קרליין - נושם פיור דאודורנט רול און לאישה ורוד 75 מ""ל","אמיליה קוסמטיקס בע""מ",,דאו' רולאון נושם פיו,גרמים,75.00,100 גרם,false,,12.90,0.1720,true,1,30038
7290006788443,false,"קרליין - נושם אוקסיג'ן דאודורנט רול און לאישה סגול 75 מ""ל","אמיליה קוסמטיקס בע""מ",,דאו' רולאון נושם אוק,גרמים,75.00,100 גרם,false,,12.90,0.1720,true,1,30039
7290006789655,false,"קרם לחות לסירוק קל לשיער מתולתל ומקורזל 10 קרליין 400 מ""ל",מיוצר עי : אמיליה קוסמטי,,קרם לחות לבניית תלתל,מיליליטרים,400.00,"100 מ""ל",false,,14.90,0.0373,true,1,30055
7290006822192,false,נקטר דיאט חמוציות אושן ספריי פריגת 1 ליטר,מבשלות בירה בינלאומיות ב,,אושן ספרי דיאט חמוצי,ליטרים,1.00,ליטר,false,,11.90,11.9000,true,1,6955
7290006920447,false,"גבינת פיצרלה מגורדת בד""צ 500 גר'",צי תעשיות מזון יבנה,,פיצרלה פתיתים בדץ כ,גרמים,500.00,100 גרם,false,,23.90,0.0478,true,1,18259
7290006983152,false,קרוטונים מתובלים למרק אסם 400 גרם,עינת תעשיות מזון אגו,,קרוטונים מתובלים אסם,גרמים,400.00,100 גרם,false,,16.90,0.0422,true,1,18706
7290006983176,false,אוסם - לחמית שיפון 250 גרם,"אסם השקעות בע""\מ",,לחמית שיפון אסם 250,גרמים,230.00,100 גרם,false,,8.70,0.0378,true,1,18707
7290006983206,false,תערובת להכנת פלפל קלי קלות 180 גרם,"אסם השקעות בע""\מ",,תערובת פלאפל בקלי קל,גרמים,180.00,100 גרם,false,,8.90,0.0494,true,1,18708
7290006983763,false,עוגת הבית שוקולד 400 גרם אסם.,מיוצר עי קונדיטוריית,,עוגת הבית שוקולד 400,גרמים,400.00,100 גרם,false,,13.90,0.0348,true,1,18711
7290006983770,false,עוגת הבית שיש אסם 400 גרם,מיוצר עי קונדיטוריית,,עוגת הבית שיש 400גר,גרמים,400.00,100 גרם,false,,13.90,0.0348,true,1,18712
7290006983787,false,עוגת הבית שוקולד צ'יפס אסם 400 גרם,מיוצר עי קונדיטוריית,,עוגת הבית שוקוציפס 4,גרמים,400.00,100 גרם,false,,13.90,0.0348,true,1,18713
7290006983794,false,עוגת הבית בטעם תפוז אסם 400 גרם,מיוצר עי קונדיטוריית,,עוגת הבית תפוז 400גר,גרמים,400.00,100 גרם,false,,13.90,0.0348,true,1,18714
7290006992185,false,"מטרנה - דייסת אורז פרוביוטי כשל""פ 200 גרם",מולינו ניקולי s.p.a,,מטרנה דייסת אורז פרו,גרמים,200.00,100 גרם,false,,13.90,0.0695,true,1,18717
7290006992208,false,מטרנה - דייסת דגנים מעורבים 200 גרם,מטרנה תעשיות ש.מ,,מטרנה דייסת דגנים פר,גרמים,200.00,100 גרם,false,,13.90,0.0695,true,1,18719
7290006992390,false,"מטרנה - דייסת וניל פרוביוטי כשל""פ 200 גרם",מולינו ניקולי s.p.a,,מטרנה דייסת וניל פרו,גרמים,200.00,100 גרם,false,,13.90,0.0695,true,1,18720
7290008101318,false,קריספ פירורי לחם זהוב 300 גרם מיימונס,א.ל ייצור ושיווק תבל,,פירורי לחם זהוב קלאס,גרמים,300.00,100 גרם,false,,6.90,0.0230,true,1,276101
7290008102469,false,קריספ פירורי לחם זהוב 800 גרם מיימונס,מימונס,,פירורי לחם זהוב קלאס,גרמים,800.00,100 גרם,false,,12.90,0.0161,true,1,276144
7290008116541,false,"שטיפת פה ליסטרין קול מינט 500 מ""ל",ג'\ונסון אנד ג'\ונסון,,מי פה ליסטרין בטעם מ,מיליליטרים,500.00,"100 מ""ל",false,,22.90,0.0458,true,1,29458
7290008116565,false,ליסטרין שטיפת פה פרש 500 מל,ג'\ונסון אנד ג'\ונסון,,מי פה פרש ליסטרין 50,מיליליטרים,500.00,"100 מ""ל",false,,22.90,0.0458,true,1,29460
7290008116862,false,בלנאום שמן רחצה יומיומי לתינוקות וילדים,ניאופארם,,בייבי שמן רחצה יומיו,מיליליטרים,500.00,"100 מ""ל",false,,64.90,0.1298,true,1,29462
7290008154222,false,עוף טוב שניצלונים 700 גרם,"מוצרי עוף טוב (2001) בע""",,שניצלונים עוף טוב 70,גרמים,700.00,100 גרם,false,,19.90,0.0284,true,1,19758
7290008257138,false,פטמות איקס לבקבוק צר שלישייה,אריסטוקרט,,פטמות שלישייה,יחידה,0.00,יחידה,false,,4.00,0.0000,true,1,1166
7290008300056,false,שקיות אשפה שפע 55*70,,,שקיות אשפה שפע 55*70,יחידה,0.00,יחידה,false,,13.90,0.0000,true,1,43382
7290008300087,false,אשפתון אפור,,,אשפתון אפור,יחידה,0.00,יחידה,false,,14.90,0.0000,true,1,43383
7290008300094,false,שקיות אשפה שפע 50*70,,,שקיות אשפה שפע 50*70,יחידה,0.00,יחידה,false,,13.90,0.0000,true,1,214930
7290008300100,false,'שקיות הקפאה 25*35 1,,,'שקיות הקפאה 25*35 1,יחידה,0.00,יחידה,false,,9.90,0.0000,true,1,214931
7290008300117,false,25 אשפתון LD שחור 75X90,בריזה,,שקיות אשפה שפע 75*90,יחידה,0.00,יחידה,false,,17.90,0.0000,true,1,43384
7290008300186,false,מפות שולחן מניילון 8 יח,בריזה,,1 135*240 מפת שולחן,יחידה,0.00,יחידה,false,,8.90,0.0000,true,1,214933
7290008300216,false,מפות שולחן מניילון 6 יח,בריזה,,1 135*300 מפת שולחן,יחידה,0.00,יחידה,false,,8.90,0.0000,true,1,214934
7290008300308,false,מפת שולחן 45 מטר 1 יח,בריזה,,45 מפת שולחן ניילון,יחידה,0.00,יחידה,false,,35.90,0.0000,true,1,214935
7290008300452,false,200שק.אוכל נשלף 18X24 HD,,,שקיות אוכל שפע 18*24,יחידה,0.00,יחידה,false,,4.90,0.0000,true,1,43385
7290008300483,false,200שקיות סנדויץ 17X27 LD,בריזה,,'שקיות אוכל 17*27 20,יחידה,0.00,יחידה,false,,9.90,0.0000,true,1,214936
7290008300490,false,אשפתון+90*75ידיות 40 יח,בריזה,,שקית אשפה 90*75 עם י,יחידה,0.00,יחידה,false,,19.90,0.0000,true,1,214937
7290008300551,false,שקיות אשפה 75*90 שחו,,,שקיות אשפה 75*90 שחו,יחידה,0.00,יחידה,false,,14.90,0.0000,true,1,43386
7290008300599,false,70*50 'שקיות אשפה שר,,,70*50 'שקיות אשפה שר,יחידה,0.00,יחידה,false,,14.90,0.0000,true,1,214938
7290008300605,false,90*75 'שקיות אשפה 50,בריזה,,90*75 'שקיות אשפה 50,יחידה,0.00,יחידה,false,,9.90,0.0000,true,1,214939
7290008300629,false,שקיות אוכל בקופסא של,,,שקיות אוכל בקופסא של,יחידה,0.00,יחידה,false,,11.90,0.0000,true,1,43388
7290008300636,false,90*78 'שקיות אשפה שר,,,90*78 'שקיות אשפה שר,יחידה,0.00,יחידה,false,,9.90,0.0000,true,1,214940
7290008340618,false,סלמון מעושן מצונן דלידג 100 ג',ויליגר תעשיות בעמ,,סלמון 100 מעושן מצונ,גרמים,100.00,100 גרם,false,,19.90,0.1990,true,1,17099
7290008343466,false,בצק פילו 500 גרם שלושת האופים,שלושת האופים שגמור,,בצק פילו 500 גרם,גרמים,500.00,100 גרם,false,,19.90,0.0398,true,1,17102
7290008345583,false,איקרה ביתית ורוד 300 גרם דלידג,כלורוקס אוקלנד,,300 איקרה ביתית ורוד,גרמים,300.00,100 גרם,false,,19.90,0.0663,true,1,17123
7290008415071,false,צבר חומוס עם טחינה עגול 150 גרם,סלטי צבר,,צבר חומוס עם טחינה 1,גרמים,150.00,100 גרם,false,,4.90,0.0327,true,1,19761
7290008415514,false,צבר חומוס עם חריף עגול 150 גרם,סלטי צבר,,צבר סלט חומוס עם חרי,גרמים,150.00,100 גרם,false,,5.50,0.0367,true,1,19762
7290008443616,false,"מרכך לשיער יבש אדום 750 מ""ל נקה 7","אמיליה קוסמטיקס בע""מ",,מרכך לשיער יבש אדום,מיליליטרים,750.00,"100 מ""ל",false,,11.90,0.0159,true,1,30067
7290008443647,false,"מרכך לשיער מתולתל סגול, 750 מ""ל נקה 7","אמיליה קוסמטיקס בע""מ",,מרכך לשיער מתולתל סג,מיליליטרים,750.00,"100 מ""ל",false,,11.90,0.0159,true,1,30070
7290008464468,false,"בירה גולדסטאר, פחית 500 מ""ל",פארייפאבה אגרואינדוס,,"גולדסטאר פחית 500מ""ל",מיליליטרים,500.00,"100 מ""ל",false,,7.90,0.0158,true,1,9436
7290008464604,false,"בירה הייניקן פחית 500 מ""ל",טמפו משקאות בע''מ,,הייניקן בירה פח 500מ,מיליליטרים,500.00,"100 מ""ל",false,,12.50,0.0250,true,1,9445
7290008464703,false,"שישיית בירה מכבי בקבוק 330 מ""ל",טמפו משקאות בע''מ,,בירה מכבי מארז 6 *33,ליטרים,1.98,ליטר,false,,34.90,17.6263,true,1,9450
7290008464741,false,"בירה גולדסטאר, מארז שישייה, בקבוק 330 מ''ל","טמפו משקאות בע""\מ",,"גולדסטאר ח""פ בקבוק 6",ליטרים,1.98,ליטר,false,,37.90,19.1414,true,1,9452
7290008589222,false,מיכלי איחסון 1/2 ליטר 4 יחי',,,0.25 גביע אחסון.,יחידה,0.00,יחידה,false,,6.90,0.0000,true,1,48478
7290008589246,false,3 גביעי אחסון 1 ליטר,,,3 גביעי אחסון 1 ליטר,יחידה,0.00,יחידה,false,,6.90,0.0000,true,1,48619
7290008634045,false,"פלסטר שקוף 30 יחידות ""SUNNY PLASTER""",A.U. In,,סאני פלסטר שקוף 30י,יחידה,0.00,יחידה,false,,6.90,0.0000,true,1,893
7290008634700,false,כפפות XL לטקס עם איבוק עדין 100 יח- SAFE TOUCH,סייף טאצ,,כפפות לאטקס סייף טאצ,יחידה,0.00,יחידה,false,,22.90,0.0000,true,1,69836
7290008636018,false,כפתורי שוקולד שמינייה מיה 240 גרם,מיה תעשיות מזון בעמ,,1/8 כפתורי שוקולד 30,גרמים,30.00,100 גרם,false,,9.90,0.3300,true,1,14994
7290008636193,false,כמון בצנצנת מיה 300 גרם,מיה תעשיות מזון מ.ת.מ. ב,,מיה תבלין כמון 300ג,גרמים,300.00,100 גרם,false,,16.90,0.0563,true,1,14995
7290008636216,false,אבקת שום בצנצנת מיה 300 גרם,מיה תעשיות מזון מ.ת.מ. ב,,מיה אבקת שום 300ג,גרמים,300.00,100 גרם,false,,16.90,0.0563,true,1,14997
7290008636919,false,קקאו הולנדי בבשקית מיה 200 גרם,מיה תעשיות מזון מ.ת.מ. ב,,קקאו הולנדי 200 גרם,גרמים,200.00,100 גרם,false,,10.90,0.0545,true,1,15008
7290008636926,false,קקאו הולנדי בשקית מיה 500 גרם,מיה תעשיות מזון מ.ת.מ. ב,,קקאו הולנדי 500גר. ב,גרמים,500.00,100 גרם,false,,16.90,0.0338,true,1,15009
7290008636933,false,אגוזי מלך גרוסים מיה 100 גרם,מיה תעשיות מזון מ.ת.מ. ב,,אגוז מלך גרוסים 100,גרמים,100.00,100 גרם,false,,11.90,0.1190,true,1,15010
7290008636957,false,שקדים מולבנים גרוסים מיה 100 גרם,מיה תעשיות מזון מ.ת.מ. ב,,מיה שקד מולבן גרוס 1,גרמים,100.00,100 גרם,false,,11.90,0.1190,true,1,15012
7290008636964,false,שקדים מולבנים שביבים 100 גר' מיה,מיה תעשיות מזון מ.ת.מ. ב,,מיה שקד מולבן שבבים,גרמים,100.00,100 גרם,false,,11.90,0.1190,true,1,15013
7290008636988,false,גרעיני חמניות קלופים 100 גר' מיה,מיה תעשיות מזון מ.ת.מ. ב,,מיה גרעיני חמניות קל,גרמים,100.00,100 גרם,false,,3.50,0.0350,true,1,15015
7290008636995,false,גרעיני דלעת קלופים מיה 100 גרם,מיה תעשיות מזון מ.ת.מ. ב,,מיה גרעיני דלעת קלופ,גרמים,100.00,100 גרם,false,,7.50,0.0750,true,1,15016
7290008644112,false,סלט מטבוחה יום יום אחלה 125 גרם,"שטראוס גרופ בע""\מ",,אחלה מטבוחה 125ג,גרמים,125.00,100 גרם,false,,4.90,0.0392,true,1,23313
7290008670012,false,"יין אדום קברנה סוביניון רקנאטי 750 מ""ל",תות ממתקי איכות,,רקנאטי קברנה סובניו,מיליליטרים,750.00,"100 מ""ל",false,,54.90,0.0732,true,1,41600
7290008670142,false,"יין רקנאטי יסמין אדום 2019 750 מ""ל",תות ממתקי איכות,,רקנאטי יסמין אדום 75,מיליליטרים,750.00,"100 מ""ל",false,,37.90,0.0505,true,1,41602
7290008690713,false,נקטר חמוציות אושן ספריי פריגת 1 ליטר,מבשלות בירה בינלאומיות ב,,אושן ספרי חמוציות 1ל,ליטרים,1.00,ליטר,false,,11.90,11.9000,true,1,6976
7290008713900,false,לחם שיפון עגול פרוס אנג'ל 750 גרם,מאפיית אנג'\ל אורנים מאפ,,לחם שיפון עגול אנגל,גרמים,750.00,100 גרם,false,,13.90,0.0185,true,1,35452
7290008745239,false,תפוצ'יפס קראנצ' בטעם טבעי עלית 50 גרם,"שטראוס פריטו ליי בע""\מ )",,תפוציפס קראנץ טבעי 5,גרמים,50.00,100 גרם,false,,3.90,0.0780,true,1,24149
7290008747547,false,תפוצ'יפס קראנץ' בטעם טבעי עלית 200 גרם,"שטראוס פריטו ליי בע""\מ )",,תפוציפס קראנץ טבעי 2,גרמים,200.00,100 גרם,false,,9.90,0.0495,true,1,24151
7290008750264,false,"מסטיק מאסט ציקלס דובדבן 28 גרם לל""ס מגדים","שטראוס גרופ בע""מ",,מאסט דובדבן 28ג,גרמים,28.00,100 גרם,false,,3.90,0.1393,true,1,22256
7290008753111,false,תפוצ'יפס קראנץ' בטעם מקסיקני עלית 50 גרם,"שטראוס פריטו ליי בע""\מ )",,תפוציפס מקסיקני 50גר,גרמים,50.00,100 גרם,false,,3.90,0.0780,true,1,24154
7290008754415,false,גומי מאסט בטעם ספירמינט עדין פליפטופ 28 ג' עלית,"שטראוס גרופ בע""מ",,מאסט מנטה עדין 28 גר,גרמים,28.00,100 גרם,false,,3.90,0.1393,true,1,22265
7290008754422,false,גומי מאסט בטעם פפרמינט קלאסי פליפטופ 28 ג' עלית,"שטראוס גרופ בע""מ",,מאסט מנטה קלאסי 28ג,גרמים,28.00,100 גרם,false,,3.90,0.1393,true,1,22266
7290008757010,false,"שוופס ביטר למון 250 מ""ל זכוכית",יפאורה שותפות מובגלת לשיווק,,שוופס ביטר למון 250,מיליליטרים,250.00,"100 מ""ל",false,,7.00,0.0280,true,1,11544
7290008757034,false,"שוופס סודה זכוכית 250 מ""ל",יפאורה שותפות מובגלת לשיווק,,"סודה שוופס 250 מ""ל ב",מיליליטרים,250.00,"100 מ""ל",false,,3.90,0.0156,true,1,11546
7290008757058,false,פחית שוופס אורנג,,,פחית שוופס אורנג,מיליליטרים,330.00,"100 מ""ל",false,,4.50,0.0136,true,1,11547
7290008757072,false,שוופס תות מוגז פחית330מל,יפאורה שותפות מובגלת לשיווק,,שוופס פחית תות 330 מ,מיליליטרים,330.00,"100 מ""ל",false,,4.50,0.0136,true,1,11548
7290008775816,false,ערגליות עוגיות במילוי שוקולד אסם 300 גרם,מיוצר עי קונדיטוריית,,ערגליות שוקולד 300 ג,גרמים,300.00,100 גרם,false,,9.90,0.0330,true,1,18723
7290008775823,false,ערגליות עוגיות תות שדה אסם 300 גרם,מיוצר עי קונדיטוריית,,ערגליות תות שדה 300,גרמים,300.00,100 גרם,false,,9.90,0.0330,true,1,18724
7290008792264,false,מפיות טישיו טאצ' 100יח',"שניב תעשיות נייר בע""",,מפיות טאצ' 100,יחידה,0.00,יחידה,false,,4.90,0.0000,true,1,24442
7290008801010,false,"יין קברנה סוביניון מרלו פרייוט קולקשן 750 מ""ל",אגודת הכורמים הקאופו,,יין P.C קברנה סובי,מיליליטרים,750.00,"100 מ""ל",false,,39.90,0.0532,true,1,506
7290008801157,false,"יין מרלו סלקטד כרמל כרמל 750 מ""ל",כרמל מזרחי,,יין סלקטד מרלו 750 מ,מיליליטרים,750.00,"100 מ""ל",false,,29.90,0.0399,true,1,509
7290008801522,false,יין קינג דויד קונקורד אדום מתוק 750 מל,אגודת הכורמים הקואופרטיב,,יין קונקורד קינג דיו,מיליליטרים,750.00,"100 מ""ל",false,,21.90,0.0292,true,1,515
7290008801539,false,יין כרמל 120 קינג דיוויד יקבי כרמל,אגודת הכורמים הקואופרטיב,,יין קונקורד קינג דיו,מיליליטרים,750.00,"100 מ""ל",false,,21.90,0.0292,true,1,516
7290008801546,false,יין מוסקט מתוק קינג דיוויד יקבי כרמל,אגודת הכורמים הקואופרטיב,,יין קונקורד קינג דיו,מיליליטרים,750.00,"100 מ""ל",false,,21.90,0.0292,true,1,517
7290008801843,false,"יין קברנה סוביניון סלקטד כרמל 750 מ""ל","כד בני דרום בע""מ",,יין סלקטד קברנה סובנ,מיליליטרים,750.00,"100 מ""ל",false,,29.90,0.0399,true,1,518
7290008801850,false,סלקטד אמרלד ריזלינג לבן חצי יבש 750 מל,אגודת הכורמים הקואופרטיב,,יין סלקטד אמרלד ריזל,מיליליטרים,750.00,"100 מ""ל",false,,29.90,0.0399,true,1,519
7290008802512,false,"יין וינו אדום ""כרמל מזרחי""",כרמל מזרחי,,יין וינו אדום יבש,מיליליטרים,750.00,"100 מ""ל",false,,21.90,0.0292,true,1,521
7290008804189,false,יין קברנה סוביניון גליל עליון סדרה אזורית יקבי כרמל,אגודת הכורמים הקואופרטיב,,קברנה סוביניון סדרה,מיליליטרים,750.00,"100 מ""ל",false,,59.90,0.0799,true,1,527
7290008805049,false,יין רוזה חצי יבש סלקטד 2016 750 מל,"כד בני דרום בע""מ",,יין סלקטד רוזה כרמל,מיליליטרים,750.00,"100 מ""ל",false,,29.90,0.0399,true,1,538
7290008805520,false,"יין קברנה/סוביניון סלקטד כרמל 750 מ""ל","כד בני דרום בע""מ",,יין סלקטד קברנה סובנ,מיליליטרים,750.00,"100 מ""ל",false,,29.90,0.0399,true,1,540
7290008806961,false,גלידה שוקולד שבבי שוקולד פרה 1.33 ל' קרמיסימו,"גלידת שטראוס בע""\מ, רחוב",,קרמיסימו שוקולד שבבי,ליטרים,1.33,ליטר,false,,20.90,15.7143,true,1,4266
7290008849845,false,ממרח אוליביה אריסה פיקנטי 180 ג',"אוליביה גרומה בע""מ",,אוליביה אריסה פיקנטי,גרמים,185.00,100 גרם,false,,12.90,0.0697,true,1,26009
7290008975551,false,תחליף חלב מטרנה מהדרין שלב 3 חלבי 700 גרם,מולינו ניקולי s.p.a,,מטרנה מהדרין שלב 3,גרמים,700.00,100 גרם,false,,49.90,0.0713,true,1,18728
7290009018004,false,פיקדון בקבוק/פחית בו,Unknown,,פיקדון בקבוק/פחית בו,יחידה,0.00,יחידה,false,,0.30,0.0000,true,1,61
7290009018011,false,פיקדון בקבוק/פחיות ש,,,פיקדון בקבוק/פחיות ש,יחידה,0.00,יחידה,false,,1.80,0.0000,true,1,59
7290009018264,false,פיקדון בקבוק/פחית רב,,,פיקדון בקבוק/פחית רב,יחידה,0.00,יחידה,false,,1.20,0.0000,true,1,100
7290009023480,false,פיקדון בקבוק 12 יח,,,פיקדון בקבוק 12 יח,יחידה,0.00,יחידה,false,,3.60,0.0000,true,1,49237
7290009174397,false,כריך א לעובד-כשר לפס,,,כריך עובד מגה,יחידה,0.00,יחידה,false,,1.50,0.0000,true,1,47073
7290009404883,false,זוג כפפות בד לדגים,,,זוג כפפות בד לדגים,יחידה,0.00,יחידה,false,,2.70,0.0000,true,1,39616
7290010002023,false,כורכום הודי טחון תבליני מימון 100 גרם,א.ל ייצור ושיווק תבלינים,,מימון כורכום הודי טח,גרמים,100.00,100 גרם,false,,11.90,0.1190,true,1,240
7290010002047,false,תבלין מלח לימון תבליני מימון 200 גרם,א.ל ייצור ושיווק תבלינים,,מימון מלח לימון במיכ,גרמים,200.00,100 גרם,false,,9.50,0.0475,true,1,242
7290010002061,false,פלפל לבן טחון תבליני מימון 100 גרם,א.ל ייצור ושיווק תבל,,מימון פלפל לבן טחון,גרמים,100.00,100 גרם,false,,17.50,0.1750,true,1,244
7290010002078,false,פלפל שחור טחון תבליני מימון 100 גרם,א.ל ייצור ושיווק תבלינים,,מימון פלפל שחור טחון,גרמים,100.00,100 גרם,false,,14.50,0.1450,true,1,245
7290010002122,false,פפריקה הונגרית מתוקה תבליני מימון 100 גרם,א.ל ייצור ושיווק תבלינים,,מימון פפריקה הונגרית,גרמים,100.00,100 גרם,false,,11.90,0.1190,true,1,250
7290010002146,false,פפריקה מרוקאית מתוקה תבליני מימון 100 גרם,א.ל ייצור ושיווק תבלינים,,מימון פפריקה מרוקאית,גרמים,100.00,100 גרם,false,,11.90,0.1190,true,1,252
7290010002207,false,תבלין קינמון טחון תבליני מימון 100 גרם,א.ל ייצור ושיווק תבלינים,,מימון קינמון טחון במ,גרמים,100.00,100 גרם,false,,9.50,0.0950,true,1,255
7290010002320,false,תבלין לגריל עוף תבליני מימון 100 גרם,א.ל ייצור ושיווק תבלינים,,מימון תיבול לגריל עו,גרמים,100.00,100 גרם,false,,11.90,0.1190,true,1,262
7290010002368,false,תערובת חווויג' תבליני מימון 100 גרם,א.ל ייצור ושיווק תבלינים,,מימון תערובת חווג` ל,גרמים,100.00,100 גרם,false,,11.90,0.1190,true,1,266
7290010002375,false,קארי תבליני מימון 100 גרם,א.ל ייצור ושיווק תבל,,מימון קארי 100 גרם,גרמים,100.00,100 גרם,false,,11.90,0.1190,true,1,267
7290010002481,false,תבלין שום טחון תבליני מימון 100 גרם,א.ל ייצור ושיווק תבלינים,,מימון שום טחון במיכל,גרמים,100.00,100 גרם,false,,14.50,0.1450,true,1,275
7290010002498,false,תבלין שום גבישי תבליני מימון 120 גרם,א.ל ייצור ושיווק תבלינים,,מימון שום גבישי 120,גרמים,120.00,100 גרם,false,,14.50,0.1208,true,1,276
7290010002696,false,אקסטרה צ'יפס אורז חום מלא שמנת בצל 60 גרם,נוהלס ג'י אס סי.,,אקסטרא צ'יפס אורז חו,גרמים,60.00,100 גרם,false,,8.50,0.1417,true,1,276158
7290010003051,false,פפריקה הונגרית מתוקה תבליני מימון 400 גרם,א.ל ייצור ושיווק תבלינים,,מימון פפריקה הונגרית,גרמים,400.00,100 גרם,false,,27.00,0.0675,true,1,280
7290010003075,false,פפריקה מרוקאית מתוקה תבליני מימון 400 גרם,א.ל ייצור ושיווק תבלינים,,מימון פפריקה מרוקאית,גרמים,400.00,100 גרם,false,,27.00,0.0675,true,1,281
7290010003686,false,עלי דפנה בשקית תבליני מימון20 גרם,א.ל ייצור ושיווק תבל,,מימון עלי דפנה שקית,גרמים,20.00,100 גרם,false,,5.90,0.2950,true,1,285
7290010003693,false,פפריקה מתוקה בשקית תבליני מימון 80 גרם,א.ל ייצור ושיווק תבל,,מימון פפריקה מתוקה ש,גרמים,80.00,100 גרם,false,,5.90,0.0738,true,1,286
7290010003709,false,פלפל שחור טחון בשקית תבליני מימון 50 גרם,א.ל ייצור ושיווק תבל,,מימון פלפל שחור טחון,גרמים,50.00,100 גרם,false,,7.90,0.1580,true,1,287
7290010003754,false,כמון טחון בשקית תבליני תבליני מימון 50 גרם,א.ל ייצור ושיווק תבל,,מימון כמון טחון שקית,גרמים,50.00,100 גרם,false,,5.90,0.1180,true,1,288
7290010003761,false,כורכום טחון בשקית תבליני מימון 80 גרם,א.ל ייצור ושיווק תבל,,מימון כורכום טחון שק,גרמים,80.00,100 גרם,false,,5.90,0.0738,true,1,289
7290010003808,false,זעתר ושמשום בשקית תבליני מימון 80 גרם,א.ל ייצור ושיווק תבל,,מימון זעתר ושומשום ש,גרמים,80.00,100 גרם,false,,5.90,0.0738,true,1,293
7290010003839,false,קינמון טחון בשקית תבליני מימון 80 גרם,א.ל ייצור ושיווק תבל,,מימון קינמון טחון שק,גרמים,80.00,100 גרם,false,,5.90,0.0738,true,1,296
7290010004348,false,פפריקה מתוקה תבליני מימון 250 גרם,א.ל ייצור ושיווק תבל,,מימון פ פריקה מתוקה,גרמים,250.00,100 גרם,false,,21.90,0.0876,true,1,321
7290010023141,false,תה לימונענע הגן הקסום ויסוצקי 25 יחידות,תה ויסוצקי,,תה לימונענע 25 שק',גרמים,50.00,100 גרם,false,,17.90,0.3580,true,1,24657
7290010060597,false,"סרקל שמפו דר' פישר 1.250 מ""ל",מדי פישר,,סרקל שמפו לילדים 1.2,ליטרים,1.25,ליטר,false,,31.90,25.5200,true,1,230407
7290010065318,false,מחית תפוח עץ ג'וניור פרינוק 190 גרם,פרוטה פודווין איי.אס,,מחית פרינוק גוניור ת,גרמים,190.00,100 גרם,false,,6.90,0.0363,true,1,3516
7290010065332,false,מחית תפוח עץ בננה ג'וניור פרינוק 190 גרם,פרוטה פודווין איי.אס,,"פרינוק גוניור תפ""ע ב",גרמים,190.00,100 גרם,false,,6.90,0.0363,true,1,3518
7290010065745,false,מחית לפתן פירות ג'וניור פרינוק 190 גרם,פרוטה פודווין איי.אס,,פרינוק ג'וניור לפתן,גרמים,190.00,100 גרם,false,,6.90,0.0363,true,1,3527
7290010066513,false,נתחי טונה בשמן צמחי רביעיה *158ג' פילטונה,תעשיות פילטונה,,נתחי טונה בשמן צמחי,גרמים,632.00,100 גרם,false,,22.90,0.0362,true,1,26572
7290010066575,false,נתחי טונה במים רביעיה *158ג' פילטונה,תעשיות פילטונה,,נתחי טונה במים פילטו,גרמים,632.00,100 גרם,false,,22.90,0.0362,true,1,26574
7290010066582,false,נתחי טונה בשמן קנולה רביעיה * 158 ג' פילטונה,תעשיות פילטונה,,נתחי טונה בשמן קנולה,גרמים,632.00,100 גרם,false,,22.90,0.0362,true,1,26575
7290010116980,false,אבקת שוקולית שקית עלית 850 ג',הנסיך- מפעל לייצור ט,,שוקולית 850 גרם,גרמים,850.00,100 גרם,false,,17.90,0.0211,true,1,22278
7290010117864,false,דוריטוס חטיף תירס בטעם חריף אש עלית 70 גרם,"שטראוס פריטו ליי בע""\מ )",,דוריטוס חריף אש 70 ג,גרמים,70.00,100 גרם,false,,3.60,0.0514,true,1,24161
7290010118328,false,תפוצ'יפס בטעם טבעי עלית מארז 6*40 גרם,שטראוס פריטו ליי (מל,,תפוצ'יפס טבעי 6*40 ג,גרמים,240.00,100 גרם,false,,13.90,0.0579,true,1,24165
7290010129003,false,עוגיות אוזניים 600 גרם,ק.א. ומשווק בבלעדיות על,,עוגיות אוזניים 600גר,גרמים,600.00,100 גרם,false,,19.90,0.0332,true,1,20142
7290010129010,false,עוג.כתר במילוי ריבה 600ג,ק.א. ומשווק בבלעדיות על,,עוגיות ריבה 600גר,גרמים,600.00,100 גרם,false,,19.90,0.0332,true,1,20143
7290010129027,false,עוגיות מרוקאיות 600 גרם,השוואת מחירונים,,עוגיות מרוקאיות 600,גרמים,600.00,100 גרם,false,,19.90,0.0332,true,1,20144
7290010129553,false,עוגיות רולדה תמרים 600 גרם,ק.א. ומשווק בבלעדיות על,,עוגיות רולדה תמרים 6,גרמים,600.00,100 גרם,false,,19.90,0.0332,true,1,20168
7290010129720,false,עוגיות שמרים קינמון 400 גרם דולצה ויטה,שיבולים א.ד.ל,,עוגיות שמרים שניק קי,גרמים,400.00,100 גרם,false,,12.90,0.0323,true,1,20180
7290010129942,false,עוגיות שמרים 500 גרם דולצה ויטה,קונדטוריית אנגל,,עוגת קראנץ' שמרים שו,גרמים,500.00,100 גרם,false,,13.90,0.0278,true,1,20190
7290010129959,false,עוגיות שמרים 400 גרם דולצה ויטה,קונדטוריית אנגל,,עוגיות שמרים רוגלעך,גרמים,400.00,100 גרם,false,,12.90,0.0323,true,1,20191
7290010153503,false,שעועית בובס יבשה מיה 400 גר',מיה תעשיות מזון מ.ת.מ. ב,,שעועית ענק 400 גרם,גרמים,400.00,100 גרם,false,,10.90,0.0273,true,1,15021
7290010153527,false,ג'ריש מיה 500 גרם,מיה תעשיות מזון מ.ת.מ. ב,,גריש 500 גרם,גרמים,500.00,100 גרם,false,,5.90,0.0118,true,1,15023
7290010153541,false,שיבולת שועל קוואקר מהיר הכנה מיה 500 גר',מיה תעשיות מזון מ.ת.מ. ב,,קוואקר מהיר להכנה מי,גרמים,500.00,100 גרם,false,,6.70,0.0134,true,1,15025
7290010153688,false,חומץ רכיבים טבעיים 1 ליטר,פרידמן תעשיות חומץ ו,,חומץ טבעי מיה 1 ליטר,ליטרים,1.00,ליטר,false,,5.90,5.9000,true,1,15029
7290010153725,false,קונפיטורה דובדבן מיה 340 גרם,מיה תעשיות מזון מ.ת.מ. ב,,מיה קונפיטורה דובדבנ,גרמים,340.00,100 גרם,false,,8.90,0.0262,true,1,15032
7290010153770,false,ציפוי לשניצל פיקנטי מיה 500 גרם,מיה תעשיות מזון מ.ת.מ. ב,,ציפוי לשניצל פיקנטי,גרמים,500.00,100 גרם,false,,8.90,0.0178,true,1,15036
7290010153787,false,ציפוי לשניצל עם שום מיה 500 גרם,מיה תעשיות מזון מ.ת.מ. ב,,ציפוי לשניצל עם שום,גרמים,500.00,100 גרם,false,,8.90,0.0178,true,1,15037
7290010153794,false,ציפוי לשניצל עם עשבי תיבול מיה 500 גרם,מיה תעשיות מזון מ.ת.מ. ב,,ציפוי לשניצל עם עשבי,גרמים,500.00,100 גרם,false,,8.90,0.0178,true,1,15038
7290010153800,false,ציפוי לשניצל עם תיבול עדין מיה 500 גרם,מיה תעשיות מזון מ.ת.מ. ב,,ציפוי לשניצל עם תיבו,גרמים,500.00,100 גרם,false,,8.90,0.0178,true,1,15039
7290010153817,false,ריבת חלב אמיתי מיה 400 גרם,מיה תעשיות מזון מ.ת.מ. ב,,ריבת חלב מיה 400 גרם,גרמים,400.00,100 גרם,false,,11.90,0.0298,true,1,15040
7290010153855,false,פפריקה מרוקאית בשמן 300 גרם צנצנת,מיה תעשיות מזון מ.ת.מ. ב,,מיה פפריקה מרוקאית ב,גרמים,300.00,100 גרם,false,,16.90,0.0563,true,1,15044
7290010153862,false,פלפל שחור גרוס בצנצנת מיה 70 גרם,מיה תעשיות מזון מ.ת.מ. ב,,70 פלפל שחור גרוס,גרמים,70.00,100 גרם,false,,10.90,0.1557,true,1,15045
7290010153893,false,ריבת חלב בטעם שוקולד 400גרם,מיה תעשיות מזון מ.ת.מ. ב,,ריבת חלב בטעם שוקולד,גרמים,400.00,100 גרם,false,,11.90,0.0298,true,1,15047
7290010153978,false,קונפיטורה שזיפים מיה 340 גרם,מיה תעשיות מזון מ.ת.מ. ב,,קונפיטורה שזיפים 340,גרמים,340.00,100 גרם,false,,8.90,0.0262,true,1,15050
7290010154005,false,סחוג תימני יוחאי ביטון 250 גרם,תבליני יוחאי ביטון,,סחוג תימני ירוק 250,גרמים,250.00,100 גרם,false,,13.90,0.0556,true,1,17133
7290010154012,false,לימון בלאדי כבוש תבליני ביטון 250 גרם,תבליני ביטון יוחאי,,לימון כבוש 250 ביטון,גרמים,250.00,100 גרם,false,,13.90,0.0556,true,1,17134
7290010154029,false,אריסה מתוקה יוחאי ביטון 250 גרם,תבליני יוחאי ביטון,,250 אריסה מתוקה ביטו,גרמים,250.00,100 גרם,false,,13.90,0.0556,true,1,17135
7290010154241,false,חזרת יוחאי ביטון 250 גרם,תבליני יוחאי ביטון,,סלט חזרת ביטון 250 ג,גרמים,250.00,100 גרם,false,,13.90,0.0556,true,1,17137
7290010154265,false,פלפל צ'ומה תבליני ביטון 250 גרם,תבליני יוחאי ביטון,,פלפל צ`ומה ביטון 250,גרמים,250.00,100 גרם,false,,13.90,0.0556,true,1,17138
7290010154418,false,סחוג אדום תבליני ביטון 130 גרם,תבליני ביטון יוחאי,,יוחאי ביטון סחוג אדו,גרמים,130.00,100 גרם,false,,8.90,0.0685,true,1,17143
7290010154678,false,אריסה מרוקאית תבליני ביטון 250 גרם,תבליני ביטון יוחאי,,יוחאי ביטון אריסה מר,גרמים,250.00,100 גרם,false,,13.90,0.0556,true,1,17148
7290010154685,false,סלט שום כתוש 250 ג' ביטון יוחאי,תבליני ביטון יוחאי,,סלט שום כתוש 250 גר',גרמים,250.00,100 גרם,false,,13.90,0.0556,true,1,17149
7290010173181,false,יין אלה הרי גליל 750 מל,יקבי רמת הגולן,,יין הר גליל אלה אירו,מיליליטרים,750.00,"100 מ""ל",false,,54.90,0.0732,true,1,41610
7290010237531,false,פפסי קולה פלסטיק 500מל,סנו מפעלי ברונוס.,,פפסי קולה 500 מ'ל,מיליליטרים,500.00,"100 מ""ל",false,,4.90,0.0098,true,1,9462
7290010237562,false,משקה פפסי מרינדה קוו,"טמפו משקאות בע""מ",,מירנדה 500 מ'ל,מיליליטרים,500.00,"100 מ""ל",false,,4.90,0.0098,true,1,9464
7290010237579,false,משקה סבן אפ קוול 500,"טמפו משקאות בע""מ",,סבן אפ 500 מ'ל,מיליליטרים,500.00,"100 מ""ל",false,,4.90,0.0098,true,1,9465
7290010237586,false,"סבן אפ דיאט בקבוק 500 מ""ל","טמפו משקאות בע""מ",,דיאט סבן אפ 500 מ'ל,מיליליטרים,500.00,"100 מ""ל",false,,4.50,0.0090,true,1,9466
7290010237890,false,"בירה הייניקן בקבוק 500 מ""ל חוזר",טמפו משקאות בע''מ,,הייניקן בירה בקבוק ח,מיליליטרים,500.00,"100 מ""ל",false,,8.50,0.0170,true,1,9475
7290010259847,false,מנת השף מרק עם נודלס בטעם תירס ויליפוד 70 גרם,קריות זול,,נודלס טעם תירס מנת ה,גרמים,70.00,100 גרם,false,,4.90,0.0700,true,1,2919
7290010259854,false,מנת השף מרק עם נודלס בטעם פטריות ויליפוד 70 גרם,נמצ'או(תאילנד) בעמ,,נודלס בטעם פטריות מנ,גרמים,70.00,100 גרם,false,,4.90,0.0700,true,1,2920
7290010259861,false,מנת השף מרק עם נודלס בטעם ירקות ויליפוד 70 גרם,קריות זול,,נודלס בטעם ירקות מנת,גרמים,70.00,100 גרם,false,,4.90,0.0700,true,1,2921
7290010259991,false,צנימים מיוחדים בטעם טבעי 250 ג',קריות זול,,"צנימים בד""ץ וילי פוד",גרמים,250.00,100 גרם,false,,8.50,0.0340,true,1,2926
7290010429554,false,"שמן זית כתית מעולה יד מרדכי 2 קלאסי, 750 מ""ל",מכוורת יד מרדכי שטראוס ב,,שמן זית כתית מעולה 2,מיליליטרים,750.00,"100 מ""ל",false,,33.90,0.0452,true,1,22283
7290010439287,false,מגבת ענק חלק 550 גר מנהטן,,,מגבת גוף ענק חלק,יחידה,0.00,יחידה,false,,39.90,0.0000,true,1,15458
7290010471669,false,יוגורט תות עם קורנפלקס מצופה שוקולד ללא גלוטן 3.9%,"שטראוס בריאות בע""\מ",,דנונה קראנצ' יוגורט,מיליליטרים,175.00,"100 מ""ל",false,,4.60,0.0263,true,1,23319
7290010617180,false,"זוג מוצצים סיליקון אורטו-'L""מרכז""",אריסטוקרט,,זוג מוצץ סיליקון מעו,יחידה,0.00,יחידה,false,,15.90,0.0000,true,1,1209
7290010617258,false,מוצץ סיליקון קטן לרך נולד פרח זוגי,אריסטוקרט,,מוצץ קצר,יחידה,0.00,יחידה,false,,15.90,0.0000,true,1,1213
7290010627004,false,טחינה גולמית מסורתית ירושלים 500 ג',"בראשית ירושלים בע""מ",,טחינה ירושלים 500 גר,גרמים,500.00,100 גרם,false,,15.90,0.0318,true,1,24669
7290010632657,false,מוצץ בבליסטר גדול 3 יח',WORKS B.R,,מוצץ גומי 3יח גדול ט,יחידה,0.00,יחידה,false,,13.90,0.0000,true,1,933
7290010711543,false,כף אשפה + גומי SHINY,שייני Shiny,,כף אשפה + גומי SHINY,יחידה,0.00,יחידה,false,,5.90,0.0000,true,1,13488
7290010711550,false,דלי שטיפה עם פיה ( 1,,,דלי שטיפה עם פיה ( 1,יחידה,0.00,יחידה,false,,11.90,0.0000,true,1,13489
7290010711901,false,מטליות מיקרו רצפה שייני,מ.א ייצור ושיווק מטל,,שייני מטליות מיקרופי,יחידה,0.00,יחידה,false,,15.90,0.0000,true,1,13495
7290010711918,false,שייני מטליות מיקרופייבר לניקוי כללי חמישיה,מ.א ייצור ושיווק מטל,,מ.א מטליות מיקרופייב,יחידה,0.00,יחידה,false,,9.90,0.0000,true,1,13496
7290010748860,false,"ד""ר פישר - אפקטיב קר קרם ידיים אינטנסיב 150 מ""ל",פישר מעבדות פרמצבטיות בע,,קרם ידיים אינטנסיב א,מיליליטרים,150.00,"100 מ""ל",false,,15.90,0.1060,true,1,29101
7290010760749,false,"מארז שישיית לחמניות כשל""פ",מאפיית אריאל,,לחמניות במארז שישיה,גרמים,360.00,100 גרם,false,,16.90,0.0469,true,1,51536
7290010814244,false,שלשות שוקולד מריר 85 גרם*3 בלמינט *18 בקרטון,"כרמית תעשיות ממתקים בע""\",,כרמית שוקולד מריר 3*,גרמים,300.00,100 גרם,false,,9.90,0.0330,true,1,38589
7290010838424,false,ג'ל לניקוי מתקדם בניחוח רענן - מארז זוג,"איטיליאן פוד, אס.פי.",,זוג ג'ל נוזל בניחוח,ליטרים,1.50,ליטר,false,,16.90,11.2667,true,1,5834
7290010838431,false,ג'ל לניקוי מתקדם בניחוח ים - מארז זוג,מיוצר עי קונדיטוריית,,דאק ג'ל נוזל 750 זוג,ליטרים,1.50,ליטר,false,,16.90,11.2667,true,1,5835
7290010883356,false,כפפות אלוורה רב שימושיות גדולות L סנו סושי,סנו סושי,,סנו סושי זוג כפפות א,יחידה,0.00,יחידה,false,,9.90,0.0000,true,1,30093
7290010883370,false,כפפות אלוורה רב שימושיות בינוניות M סנו סושי,האי נאם סי או אל.טי.,,סנו סושי זוג כפפות א,יחידה,0.00,יחידה,false,,9.90,0.0000,true,1,30095
7290010922871,false,טחון בקר 1 קג ארוז קפוא -אשפר,,,"טחון בקר קפוא 1 ק""ג",קילוגרמים,1.00,"ק""ג",false,,29.90,29.9000,true,1,184837
7290010922895,false,המבורגר בקר 400 גר ארוז אשפר,"בלדי בע""\מn\",,המבורגר בקר 400 גרם,גרמים,400.00,100 גרם,false,,13.90,0.0348,true,1,184822
7290010922901,false,קבב מזרחי קפוא ארוז אשפר 400 גרם בלדי,"בלדי בע""\מ",,קבב מזרחי 400 גרם אש,גרמים,400.00,100 גרם,false,,13.90,0.0348,true,1,184823
7290010922918,false,מינוט סטייק 250 גרם ארוז - אשפר,"בלדי בע""\מ",,מינוט סטייק 250 גרם,גרמים,250.00,100 גרם,false,,29.90,0.1196,true,1,184838
7290010931330,false,סלט מטבוחה אחלה 500 גרם,מיוצר עי קונדיטוריית,,אחלה מטבוחה 500ג,גרמים,500.00,100 גרם,false,,15.50,0.0310,true,1,23325
7290010945306,false,חלב בקרטון 3% 2 ליטר טרה,הפריט בפיקוח,,טרה חלב בקרטון 3% 2,ליטרים,2.00,ליטר,false,,12.46,6.2300,true,1,6401
7290011017866,false,קוקה קולה קלאסי בפחית,החברה המרכזית לייצור משקאות,,קוקה קולה פחית סליק,מיליליטרים,330.00,"100 מ""ל",false,,5.50,0.0167,true,1,7018
7290011017873,false,"פחיות קוקה קולה זירו 330 מ""ל",החברה המרכזית לייצור משקאות,,ZERO קולה פחית סליק,מיליליטרים,330.00,"100 מ""ל",false,,5.50,0.0167,true,1,7019
7290011017880,false,דיאט קוקה קולה פחית סליק 330מל,החברה המרכזית לייצור משקאות,,קולה דיאט פחית סליק,מיליליטרים,330.00,"100 מ""ל",false,,5.50,0.0167,true,1,7020
7290011115166,false,נקה 7 ארומה סבון נוזלי לבנדר 1 ל',טרופיקל דגיל תעשיות,,תחליב רחצה לבנדר נקה,יחידה,0.00,יחידה,false,,14.90,0.0000,true,1,30110
7290011126209,false,הגן הקסום תה טעם תפוח וקינמון סיידר ויסוצקי 25 יח',תה ויסוצקי,,תה הגן הקסום תפוח וק,גרמים,55.00,100 גרם,false,,17.90,0.3255,true,1,24673
7290011126452,false,הגן הקסום תה בטעם קמומיל ונענע ויסוצקי 25 יחידות,תה ויסוצקי,,תה קמומיל ונענע 1.5ג,גרמים,37.50,100 גרם,false,,17.90,0.4773,true,1,24681
7290011126469,false,חליטת צמחים וקמומיל הגן הקסום ויסוצקי 25 יחידות,תה ויסוצקי,,תה קמומיל ודבש 1.5גר,גרמים,37.50,100 גרם,false,,17.90,0.4773,true,1,24682
7290011132507,false,סן בנדטו- מים מנרליים - מוגז עדין 500 מל,אקווה מינרלה סאן בנדטו ב,,סאן בנדטו מוגז עדין,מיליליטרים,500.00,"100 מ""ל",false,,2.90,0.0058,true,1,9483
7290011194246,false,קוטג' 5% עם סידן 250 ג' שטראוס,מיוצר עי קונדיטוריית,,קוטג שטראוס 5% עם סי,גרמים,250.00,100 גרם,false,,5.90,0.0236,true,1,23327
7290011240332,false,מיץ ענבים אדום תירוש יקבי ציון 1 ליטר,יקבי ציון,,תירוש ענבים טבעי אדו,ליטרים,1.00,ליטר,false,,14.90,14.9000,true,1,11963
7290011240837,false,"יין שאטו דה למר מרלו יקבי ציון 750 מ""ל",יקבי ציון,,יין שאטו דה למר מרלו,מיליליטרים,750.00,"100 מ""ל",false,,19.90,0.0265,true,1,11976
7290011240905,false,"יין מוסקטו לבן מבעבע יקבי ציון 750 מ""ל",יקבי ציון,,יקבי ציון מוסקטו 201,מיליליטרים,750.00,"100 מ""ל",false,,30.90,0.0412,true,1,11979
7290011249748,false,רולים גלילי ופל במילוי קרם שוקולד 100 ג' עלמה,"גילרו בע""מ",,גילרו רולים שוקו 100,גרמים,100.00,100 גרם,false,,3.90,0.0390,true,1,41285
7290011249755,false,רולים גלילי ופל במילוי קרם אגוזים 100 ג' עלמה,"גילרו בע""מ",,רולים אגוז 100 גרם,גרמים,100.00,100 גרם,false,,3.90,0.0390,true,1,41286
7290011254032,false,קינואה מיה 500 גרם,מיה תעשיות מזון מ.ת.מ. ב,,קינואה 500 גרם,גרמים,500.00,100 גרם,false,,12.90,0.0258,true,1,15054
7290011254070,false,תבלין פלפל שחור בשקית 50ג' מיה,מיה תעשיות מזון מ.ת.מ. ב,,פלפל שחור בשקית 50 ג,גרמים,50.00,100 גרם,false,,7.90,0.1580,true,1,15058
7290011254087,false,תבלין קינמון בשקית 80 גר' מיה,מיה תעשיות מזון מ.ת.מ. ב,,קינמון בשקית מיה 80,גרמים,80.00,100 גרם,false,,3.90,0.0487,true,1,15059
7290011254094,false,תבלין כמון 80גר' שקית,מיה תעשיות מזון מ.ת.מ. ב,,כמון בשקית מיה 80 גר,גרמים,80.00,100 גרם,false,,3.90,0.0487,true,1,15060
7290011254100,false,תבלין כרכום בשקית 80 גר' מיה,מיה תעשיות מזון מ.ת.מ. ב,,כרכום שקית מיה 80 גר,גרמים,80.00,100 גרם,false,,3.90,0.0487,true,1,15061
7290011254117,false,תבלין פפריקה מתוקה בשקית 80 גר' מיה,מיה תעשיות מזון מ.ת.מ. ב,,פפריקה מתוקה שקית מי,גרמים,80.00,100 גרם,false,,3.90,0.0487,true,1,15062
7290011254131,false,תבלין אורגנו 20גרם- שקית,מיה תעשיות מזון מ.ת.מ. ב,,אורגנו מהדרין מיה 20,גרמים,20.00,100 גרם,false,,3.90,0.1950,true,1,15064
7290011254148,false,אבקת שום בשקית מיה 80 גרם,מיה תעשיות מזון מ.ת.מ. ב,,אבקת שום שקית מיה 80,גרמים,80.00,100 גרם,false,,6.90,0.0863,true,1,15065
7290011254155,false,תבלין מלח לימון בשקית 80 גר' מיה,מיה תעשיות מזון מ.ת.מ. ב,,מלח לימון שקית מיה 8,גרמים,80.00,100 גרם,false,,3.90,0.0487,true,1,15066
7290011254179,false,תבלין גריל עוף בשקית 80 גר' מיה,מיה תעשיות מזון מ.ת.מ. ב,,גריל עוף שקית מיה 80,גרמים,80.00,100 גרם,false,,3.90,0.0487,true,1,15068
7290011254186,false,מיה שבבי בצל שקית 30 גרם,מיה תעשיות מזון מ.ת.מ. ב,,שבבי בצל שקית מיה 50,גרמים,50.00,100 גרם,false,,3.90,0.0780,true,1,15069
7290011254193,false,תבלין שביבי שום 50גרם שקית,מיה תעשיות מזון מ.ת.מ. ב,,שבבי שום מהדרין מיה,גרמים,50.00,100 גרם,false,,6.90,0.1380,true,1,15070
7290011254209,false,גבישי שום בשקית מיה 80 גרם,מיה תעשיות מזון מ.ת.מ. ב,,גבישי שום מיה 80 גרם,גרמים,80.00,100 גרם,false,,6.90,0.0863,true,1,15071
7290011254254,false,נטיפי שוקולד צ'יפס בטעם שוקולד מיה 300 גרם,"מיה תעשיות מזון בע""מ",,שוקולד ציפס 300גר,גרמים,300.00,100 גרם,false,,8.90,0.0297,true,1,15074
7290011254476,false,סוכריות ללא תוספת סוכר בטעם תפוז מיה 80 גרם,מיה תעשיות מזון מ.ת.מ. ב,,סוכריות ללא סוכר תפו,גרמים,80.00,100 גרם,false,,5.90,0.0738,true,1,15084
7290011254490,false,סוכריות ללא תוספת סוכר בטעם פירות יער מיה 80 גרם,מיה תעשיות מזון מ.ת.מ. ב,,סוכריות ללא סוכר טעם,גרמים,80.00,100 גרם,false,,5.90,0.0738,true,1,15086
7290011254766,false,"שעועית לוביה יבשה מיה 400 גר'בד""צ",מיה תעשיות מזון מ.ת.מ. ב,,שעועית לוביה 400 גרם,גרמים,400.00,100 גרם,false,,8.90,0.0223,true,1,15095
7290011254780,false,"שעועית ארגנטינאית מיה 1 ק""ג",מיה תעשיות מזון מ.ת.מ. ב,,מיה שעועית ארגנטינאי,קילוגרמים,1.00,"ק""ג",false,,18.90,18.9000,true,1,15097
7290011254803,false,סוכריות ג'לילנד טבעות פרי 125 גר' מיה,מיה תעשיות מזון מ.ת.מ. ב,,סוכריות ג'לי טבעות 1,גרמים,125.00,100 גרם,false,,5.90,0.0472,true,1,15098
7290011254810,false,סוכריות ג'לילנד דובונים פרי קיץ 125 גרם,מיה תעשיות מזון מ.ת.מ. ב,,סוכריות ג'לי דובונים,גרמים,125.00,100 גרם,false,,5.90,0.0472,true,1,15099
7290011254841,false,"סוכריות ג'לילנד חמוצמוצים 125ג' מיה בד""צ",מיה תעשיות מזון מ.ת.מ. ב,,סוכריות ג'לי חמוץ מו,גרמים,125.00,100 גרם,false,,5.90,0.0472,true,1,15102
7290011254858,false,סוכריות ג'לילנד ג'ונגל בטעמים טרופיים 125 גר',מיה תעשיות מזון מ.ת.מ. ב,,סוכריות ג'לי גן חיות,גרמים,125.00,100 גרם,false,,5.90,0.0472,true,1,15103
7290011378028,false,חלבה קלאסית וניל ללא תוספת סוכר בארכה 350 גרם,"רושדי תעשיות מזון בע""\מ",,בארכה חלבה וניל ללא,גרמים,350.00,100 גרם,false,,14.90,0.0426,true,1,18730
7290011378233,false,"חטיפי חלווה בארכה 126 גרם מארז 7 יחידות לל""ס","רושדי תעשיות מזון בע""\מ",,בארכה בקטנה מאגדת ונ,גרמים,120.00,100 גרם,false,,11.90,0.0992,true,1,18731
7290011378257,false,חטיף חלבה בטעם וניל ללא תוספת סוכר בתוספת פיסטוק ופקאן,"רושדי תעשיות מזון בע""\מ",,בארכה חטיף חלבה פקאן,גרמים,120.00,100 גרם,false,,11.90,0.0992,true,1,18732
7290011378769,false,חטיף חלווה וניל בארכה 126 גרם מארז 7 יחידות,"רושדי תעשיות מזון בע""\מ",,בארכה בקטנה מאגדת ונ,גרמים,120.00,100 גרם,false,,11.90,0.0992,true,1,18736
7290011378776,false,חטיף חלווה פיסטוק בארכה 126 גרם מארז 7 יחידות,"רושדי תעשיות מזון בע""\מ",,בארכה בקטנה מאגדת פי,גרמים,120.00,100 גרם,false,,11.90,0.0992,true,1,18737
7290011379018,false,מארז משפחתי שמפיניון 500 ג' מרינה,מרינה פטריות הגליל,,פטריות צמד חמד,גרמים,500.00,100 גרם,false,,16.90,0.0338,true,1,41514
7290011438142,false,"משקה יטבתה אייס קפה בבקבוק אישי 350 מ""ל",מחלבת יטבתה,,יטבתה אייס קפה בבקבו,מיליליטרים,350.00,"100 מ""ל",false,,6.50,0.0186,true,1,23333
7290011447120,false,תחליף חלב מטרנה מהדרין ללא שלב חלבי 700 גרם,מטרנה תעשיות ש.מ,,מטרנה מהדרין 700 גרם,גרמים,700.00,100 גרם,false,,48.90,0.0699,true,1,18743
7290011447359,false,תחליף חלב מטרנה מהדרין שלב 1 חלבי 700 גרם,מולינו ניקולי s.p.a,,מטרנה מהדרין שלב 1,גרמים,700.00,100 גרם,false,,49.90,0.0713,true,1,18749
7290011447373,false,תחליף חלב מטרנה מהדרין שלב 2 חלבי 700 גרם,מטרנה תעשיות ש.מ,,מטרנה מהדרין שלב 2,גרמים,700.00,100 גרם,false,,49.90,0.0713,true,1,18750
7290011505806,false,קיסמי שיניים דנטאליים מפלסטיק 200 יחידות בחבית,W.H.J.C. Co,,קיסמי שיניים פלסטיק,יחידה,0.00,יחידה,false,,9.90,0.0000,true,1,960
7290011518561,false,"אקטימל תות 1.51 ק""ג מארז 14 יחידות",מיוצר עי קונדיטוריית,,אקטימל תות משפחתי 14,ליטרים,1.40,ליטר,false,,29.90,21.3571,true,1,23338
7290011575007,false,"הפי מרסס שומר ברק למקלחון 750 מ""ל",יעקובי הפי,,הפי-מרסס לאמבט חדש 7,מיליליטרים,750.00,"100 מ""ל",false,,21.00,0.0280,true,1,11314
7290011587123,false,קרם קוקוס תומר 400 מ,Thai coconut co ltd,,קרם קוקוס תומר 400 מ,מיליליטרים,400.00,"100 מ""ל",false,,9.90,0.0248,true,1,25005
7290011587444,false,מוזלי קראנצי בתוספת פירות ויטליה 600 גרם,Vitalia nikola ltd,,מוזלי קראנצי פירות ת,גרמים,600.00,100 גרם,false,,13.90,0.0232,true,1,25015
7290011587451,false,מוזלי קראנצי בתוספת פירות ואגוזים ויטליה 600 גרם,ויטליה,,גרנולה + פירות ואגוז,גרמים,600.00,100 גרם,false,,13.90,0.0232,true,1,25016
7290011587468,false,מוזלי קראנצי בתוספת אגוזים ויטליה 600 גרם,Vitalia nikola ltd,,מוזלי קראנצ + אגוז ת,גרמים,600.00,100 גרם,false,,13.90,0.0232,true,1,25017
7290011587833,false,חצאי עגבניות מיובשות מתובלות בשמן חמניות ועשבי תיבול,Sunto gida sun ve ti,,עגבניות מיובשות בשמן,גרמים,340.00,100 גרם,false,,13.90,0.0409,true,1,25031
7290011593087,false,"שמן זית כתית מעולה 750 מ""ל סבא חביב",סאן אויל עיבוד ושיוו,,סבא חביב שמן זית כתי,מיליליטרים,750.00,"100 מ""ל",false,,30.90,0.0412,true,1,214602
7290011598211,false,"סנו - אנטי קאלק מרסס ניקוי כללי 4 ב-1 700 מ""ל",מיוצר עי קונדיטוריית,,מנקה כללי אנטיקאלק 7,מיליליטרים,700.00,"100 מ""ל",false,,17.90,0.0256,true,1,30128
7290011598402,false,מקסימה מרכך כביסה ארומתרפי מאסק סנו 4 ליטר,"סנו מפעלי ברונוס בע""\מ",,מרכך כביסה סנו מקסימ,ליטרים,4.00,ליטר,false,,22.90,5.7250,true,1,30132
7290011599836,false,משפר אפיה טבעי 100 ג' רובינפלד,"סופר קמח רובינפלד בע""מ",,משפר אפיה רובינפלד 1,גרמים,100.00,100 גרם,false,,10.90,0.1090,true,1,36800
7290011607197,false,"קולון 101 אבקת כביסה 5 ק""ג",רקיט בנקיזר,,"קולון 101 5 ק""ג",קילוגרמים,5.00,"ק""ג",false,,39.90,7.9800,true,1,20877
7290011615260,false,"טורטייה 20 ס""מ קוטר וילי פוד 540 גר",מוטלוקל גידה סאנאי ט,,"עלי טורטיה בד""ץ וילי",גרמים,540.00,100 גרם,false,,8.90,0.0165,true,1,2936
7290011723200,false,טחינה הר ברכה 100% שומשום טהור 500 גר,טחינה הר ברכה בעמ,,טחינה הר ברכה טחינה,גרמים,500.00,100 גרם,false,,19.90,0.0398,true,1,41295
7290011765316,false,מברשת שיניים לילדים עם שעון 4-8 אורביטול,החברה הדרומית,,מברשת שיניים ילדים+ש,יחידה,0.00,יחידה,false,,7.90,0.0000,true,1,30143
7290011765613,false,סנו מסיר עובש בניחות לימון מתז 1 ל',"סנו מפעלי ברונוס בע""\מ",,סנו מתז מסיר עובש בנ,ליטרים,13.00,ליטר,false,,17.90,1.3769,true,1,30155
7290011800840,false,רפי כהן סלט טחינה בלאדי צבר 400 גרם,רפי כהן / צבר,,צבר רפי כהן טחינה בל,גרמים,400.00,100 גרם,false,,16.90,0.0422,true,1,19780
7290011877088,false,"רדיד אלומיניום רוחב 30 ס""מ, 18 מיקרון - מארז זוג",בורסה פאזרי,,סנו סושי צמד רדידי א,מטרים,15.00,מטר,false,,16.90,1.1267,true,1,30156
7290011877095,false,"רדיד אלומיניום רוחב 45 ס""מ סנו סושי 2*7.5 מטר",בורסה פאזרי,,סנו סושי צמד רדידי א,מטרים,15.00,מטר,false,,22.90,1.5267,true,1,30157
7290011877156,false,"מבשם אוויר, בגדים וארונות פרש בניחוח מאסק",מיוצר עי קונדיטוריית,,סנו פרש ענק מאסק 375,מיליליטרים,375.00,"100 מ""ל",false,,10.90,0.0291,true,1,30159
7290011877859,false,סנו אינסטלטור חדש פותח סתימות 200ג',מיוצר עי קונדיטוריית,,סנו אינסטלטור פותח ס,מיליליטרים,200.00,"100 מ""ל",false,,15.90,0.0795,true,1,30166
7290011877866,false,"מקסימה אבקת כביסה בניחוח מאסק סנו 6 ק""ג","סנו מפעלי ברונוס בע""\מ",,אבקת כביסה סנו מקסימ,קילוגרמים,6.00,"ק""ג",false,,49.90,8.3167,true,1,30167
7290011912642,false,ליסטרין שטיפת פה הגנה על השיניים והחניכי,ג'\ונסון אנד ג'\ונסון,,מי פה טאגד ליסטרין 5,מיליליטרים,500.00,"100 מ""ל",false,,22.90,0.0458,true,1,29478
7290012001994,false,חרדל דיז'ון גרעינים 350 ג' ריין דיזון,ריין דיז'ון reine dijon,,חרדל דיגון גרעינים 3,גרמים,350.00,100 גרם,false,,12.90,0.0369,true,1,5319
7290012019258,false,מחית תפוחי עץ רביעיה 4 * 113 ג' תומר,אינדיאן סאמר קו אופ אינק,,"רסק תפו""ע מחית תפוחי",גרמים,452.00,100 גרם,false,,10.90,0.0241,true,1,25048
7290012019265,false,"מחית תפו""ע ללא תוספת סוכר 4*113גר",אינדיאן סאמר קו אופ אינק,,"מחית תפו""ע ללא סוכר",גרמים,452.00,100 גרם,false,,10.90,0.0241,true,1,25049
7290012116063,false,"אל סבון פיות בתמציות קמומיל כיף 750 מ""ל",טרופיקל דגיל תעשיות,,אל סבון כיף פיות בתמ,מיליליטרים,750.00,"100 מ""ל",false,,11.90,0.0159,true,1,30175
7290012116360,false,פוליויקס נוזל לניקוי רצפות גרניט פורצלן סנו 2 ליטר,"מפעלי סנו ברונוס בע""",,סנו פוליוקס גרניט פו,ליטרים,2.00,ליטר,false,,20.90,10.4500,true,1,30180
7290012116612,false,אורביטול מברשת שיניים מארז 4 יח',ג'נרל מילס סאן אדריא,,מארז מברשות שיניים א,יחידה,0.00,יחידה,false,,11.90,0.0000,true,1,30184
7290012117091,false,אבקת -כביסה סנו מקסימה סנסיטיב 6 קג,סנו מקסימה,,אבקת כביסה סנו מקסימ,קילוגרמים,6.00,"ק""ג",false,,49.90,8.3167,true,1,30196
7290012117275,false,"קליר שקית מילוי לניקוי חלונות סנו 750 מ""ל",טרופיקל דגיל תעשיות,,סנוקליר שקית מילוי 7,מיליליטרים,750.00,"100 מ""ל",false,,6.90,0.0092,true,1,30199
7290012117350,false,"נוזל רצפות לילך 2 ליטר ""ריצפז פרש""","סנו מפעלי ברונוס בע""\מ",,ריצפז פרש לילך לבנדר,ליטרים,2.00,ליטר,false,,18.90,9.4500,true,1,30200
7290012117541,false,מקסימה מרכך כביסה מרוכז צהוב סנו 1 ליטר,סנו מפעלי ברונוס בעמ,,סנו מקסימה מרכך קומפ,יחידה,0.00,יחידה,false,,18.90,0.0000,true,1,30210
7290012117558,false,מקסימה מרכך כביסה מרוכז ורוד בניחוח מאסק סנו 1 ליטר,"סנו מפעלי ברונוס בע""\מ",,סנו מקסימה מרכך קומפ,יחידה,0.00,יחידה,false,,18.90,0.0000,true,1,30211
7290012117626,false,שטיפת פה דנטלית לילדים בטעם ענבים בוב ספוג,קוסמופארם בע'\'\מ,,אורביטול בוב ספוג מי,מיליליטרים,250.00,"100 מ""ל",false,,9.90,0.0396,true,1,30215
7290012117916,false,אינסטלטור נוזל לפתיחת סתימות סנו 1 ליטר,"סנו מפעלי ברונוס בע""",,סנו אינסטלאטור פותח,יחידה,0.00,יחידה,false,,29.90,0.0000,true,1,30226
7290012191053,true,המנגליסט גפרור ארוך,,,המנגליסט גפרור ארוך,יחידה,0.00,יחידה,false,,5.90,0.0000,true,1,137707
7290012191084,false,אריזת גפרורים 10 קופסאות,,,המנגליסט גפרורים עשי,יחידה,0.00,יחידה,false,,2.90,0.0000,true,1,7875
7290012191091,false,מדליק פחמים המנגליסט,,,מדליק פחמים המנגליסט,יחידה,0.00,יחידה,false,,4.90,0.0000,true,1,65406
7290012191107,false,המנגליסט גפרורים XL,,,המנגליסט גפרורים XL,יחידה,0.00,יחידה,false,,5.90,0.0000,true,1,137923
7290012212154,false,מלפפון במלח קטן בצנצ,מוטולה,,מלפפון במלח קטן בצנצ,גרמים,560.00,100 גרם,false,,12.90,0.0230,true,1,276494
7290012227592,false,פסט' חרמון כפרי וסלמי תה זוגי זוגלובק 300X2ג' מחפוד,זוגלובק,,זוגלובק חרמון כפרי+ת,גרמים,700.00,100 גרם,false,,35.90,0.0513,true,1,39022
7290012227608,false,מארז חרמון 300 גר' +חרמון ברבקיו 300ג' זוגלובק,זוגלובק,,זוגלובק כפרי חרמון+ב,גרמים,600.00,100 גרם,false,,35.90,0.0598,true,1,39023
7290012227615,false,נקניקיות עוף זוגלובק 800 ג' מחפוד,זוגלובק,,מחפוד נקניקיות עוף ז,גרמים,800.00,100 גרם,false,,22.90,0.0286,true,1,39024
7290012227738,false,זוגלובק סלמי תה מעושן מחפוד 370 גרם,זוגלובק,,סלמי תה מעושן מחפוד,גרמים,370.00,100 גרם,false,,19.90,0.0538,true,1,39029
7290012227776,false,פסטרמה חרמון הודו מחפוד 400 גר',זוגלובק,,פסטרמה הודו מחפוד זו,גרמים,400.00,100 גרם,false,,21.90,0.0547,true,1,39032
7290012227783,false,נקניק תה מעושן מחפוד זוגלובק 400ג',זוגלובק,,זוגלובק נקניק תה מעו,גרמים,400.00,100 גרם,false,,19.90,0.0497,true,1,39033
7290012228407,false,"נקניקיות ג'מבו מחפוד זוגלובק 1.5 ק""ג",זוגלובק,,נקניקיות ג'מבו מחפוד,קילוגרמים,1.50,"ק""ג",false,,40.90,27.2667,true,1,39057
7290012228629,false,נקניקיות עוף זוגלובק 800 גר' קהילות,זוגלובק,,נקניקיות עוף 800 גר',גרמים,800.00,100 גרם,false,,31.90,0.0399,true,1,39067
7290012228766,false,קבנוס מחפוד זוגלובק 120 גרם,זוגלובק,,קבנוס מחפוד זוגלובק,גרמים,120.00,100 גרם,false,,11.90,0.0992,true,1,133081
7290012260827,false,שערות קדאיף מזאווי 4,"ממתקי מזוואי בע""מ",,שערות קדאיף 475 גרם,גרמים,475.00,100 גרם,false,,13.90,0.0293,true,1,49319
7290012313240,false,מיקס זית ירוק וקלמטה קבוצת יבנה 560 גרם,קבוצת יבנה,,מיקס זית ירוק וקלמטה,גרמים,560.00,100 גרם,false,,10.90,0.0195,true,1,112789
7290012372100,false,"קמח חיטה מלא 80% 1 ק""ג רובינפלד","סופר קמח רובינפלד בע""מ",,קמח חיטה 80% רובינפל,קילוגרמים,1.00,"ק""ג",false,,10.90,10.9000,true,1,36801
7290012372124,false,"קמח מנופה כוסמין מלא רוביפנלד 1 ק""ג","סופר קמח רובינפלד בע""מ",,קמח כוסמין 100% רובי,קילוגרמים,1.00,"ק""ג",false,,16.90,16.9000,true,1,256852
7290012372155,false,"קמח מנופה כוסמין 80% רוביפנלד 1 ק""ג","סופר קמח רובינפלד בע""מ",,קמח כוסמין 80% רובינ,קילוגרמים,1.00,"ק""ג",false,,16.90,16.9000,true,1,36804
7290012372209,false,קמח חיטה לבן מנופה רובינפלד,,,קמח חיטה לבן מנופה ר,קילוגרמים,1.00,"ק""ג",false,,7.90,7.9000,true,1,256825
7290012372247,false,"קמח מנופה כוסמין לבן רוביפנלד 1 ק""ג","סופר קמח רובינפלד בע""מ",,קמח כוסמין לבן רובינ,קילוגרמים,1.00,"ק""ג",false,,16.90,16.9000,true,1,256866
7290012413636,false,תה ירוק צ'אי מסאלה ויסוצקי 25 יחידות,ויסוצקי ירוק,,תה ירוק צ'אי T.Tשמינ,גרמים,37.50,100 גרם,false,,23.90,0.6373,true,1,24720
7290012454172,false,סוכריות ללא תוספת סוכר בטעם תות מיה 80 גרם,מיה תעשיות מזון מ.ת.מ. ב,,סוכריות ללא סוכר בטע,גרמים,80.00,100 גרם,false,,5.90,0.0738,true,1,15114
7290012454578,false,סוכריות קישוט לעוגה לבן מיה 70 גרם,"מיה תעשיות מזון בע""מ",,מיה קישוט לעוגה בצנצ,גרמים,70.00,100 גרם,false,,4.90,0.0700,true,1,15122
7290012522581,false,טבעול שניצל תירס ללא גלוטן טבעול 664 גרם,עיצובים 2020 (4.8),,טבעול שניצל תירס ללא,גרמים,664.00,100 גרם,false,,19.90,0.0300,true,1,19790
7290012557972,false,עוגיות נמסות במילוי קרם אגוזים 150 גר',,,עוגיות נמסות במילוי,גרמים,150.00,100 גרם,false,,5.90,0.0393,true,1,13191
7290012561337,false,כורכום טרי כתוש קפוא דורות 70 גר,מוצרי שום ותיבול דורות,,כורכום טרי כתוש דורו,גרמים,180.00,100 גרם,false,,11.00,0.0611,true,1,169698
7290012561405,false,בצל חצי מטוגן דורות 180 גרם,עיצובים 2020 (3.8),,בצל חצי מטוגן דורות,גרמים,180.00,100 גרם,false,,11.50,0.0639,true,1,19794
7290012576362,false,יין ספיישל רזרב קברנה סוביניון 750 מל,יקבי ברקן שיווק והפצה בע,,קברנה סוביניון ספייש,מיליליטרים,750.00,"100 מ""ל",false,,59.90,0.0799,true,1,246866
7290012576379,false,יין ספיישל רזרב מרלו 750 מל,יקבי ברקן שיווק והפצה בע,,מרלו ספיישל רזרב 750,מיליליטרים,750.00,"100 מ""ל",false,,59.90,0.0799,true,1,246867
7290012576607,false,"יין קברנה סוביניון פרמייר מלבק אדום ברקן 750 מ""ל","ברקן שיווק והפצה בע""",,ברקן יין פרמייר אדום,מיליליטרים,750.00,"100 מ""ל",false,,26.90,0.0359,true,1,9518
7290012642852,false,פלפל אדום על האש תומר 330 גרם,סאטקו,,פלפל אדום קלוי על הא,גרמים,330.00,100 גרם,false,,11.90,0.0361,true,1,25079
7290012645112,false,יוגורט עיזים 2.8% בדלי חלב הארץ 750 גרם,מחלבות סוסיא,,יוגורט עיזים בדלי 75,מיליליטרים,750.00,"100 מ""ל",false,,18.90,0.0252,true,1,23346
7290012803215,false,וופל בלגי בטעם שוקולד ללא תוספת סוכר,בטר אנד דיפרנט,,טוסו וופל בלגי שוקול,גרמים,200.00,100 גרם,false,,10.50,0.0525,true,1,5904
7290012823343,false,משחת שיניים אורביטול קידס סטעם סוכריות ג'לי 70 גרם,החברה הדרומית,,מ.שיניים אורביטול קי,מיליליטרים,70.00,"100 מ""ל",false,,7.90,0.1129,true,1,70125
7290012823381,false,מקסימה מרכך כביסה מרוכז סנסטיב בייבי סנו 1 ליטר,"סנו מפעלי ברונוס בע""\מ",,סנו מקסימה סנסטיב מר,יחידה,0.00,יחידה,false,,18.90,0.0000,true,1,30254
7290012823398,false,מטליות חד פעמיות לניקוי הרצפה בניחוח מרכך כביסה 10יח' סנו,סנו מפעלי ברונו בעמ,,ריצפז מטליות לחות בנ,יחידה,0.00,יחידה,false,,11.90,0.0000,true,1,30255
7290012823602,false,נייר טואלט סופט סילק לבן 32 גלילים סנו,טרופיקל דגיל תעשיות,,נייר טואלט סופט סילק,מטרים,588.00,מטר,false,,33.90,0.0577,true,1,30262
7290012850011,false,מחית ביליבד תפוחי עץ 190ג',NOVOFRUCHT SK S.R.O,,בי לאב מחית תפוח עץ,גרמים,190.00,100 גרם,false,,5.90,0.0311,true,1,29493
7290012850035,false,מחית בוליווד תפוח ואפרסק 190 גרם,NOVOFRUCHT SK S.R.O,,תפוח ואפרסק 190גרם B,גרמים,190.00,100 גרם,false,,5.90,0.0311,true,1,29494
7290012850073,false,מחית בוליווד סלט פירות 190 גרם,בילובד Beloved,,בי לאב מחית סלט פירו,גרמים,190.00,100 גרם,false,,5.90,0.0311,true,1,29496
7290012931086,false,מטאטא מליציה + מקל,מ.א. ייצור ויבוא מטליות,,מטאטא מליציה,יחידה,0.00,יחידה,false,,17.90,0.0000,true,1,13503
7290012936937,false,תבלינים בהרט בצנצנת 40 גרם,א.ל ייצור ושיווק תבל,,מימון בהרט 40 גרם,גרמים,50.00,100 גרם,false,,11.90,0.2380,true,1,350
7290012938405,false,"רדיד אלומיניום עבה במיוחד לבישול,אפייה והקפאה.",ריינולדס,,דאיימונד נייר כסף 87,מטרים,7.60,מטר,false,,17.90,2.3553,true,1,3865
7290012938580,false,"סנסודיין משחת שיניים להלבנה עדינה 75 מ""ל",גלקסוסמית'\קליין קונסיומ,,משחת שיניים הלבנה עד,מיליליטרים,75.00,"100 מ""ל",false,,21.90,0.2920,true,1,3867
7290012938740,false,משחת שיניים סנסודיין פרש מינט מנטה 75 מל,גלקסו סמית קליין,,משחת שיניים פרש מינט,מיליליטרים,75.00,"100 מ""ל",false,,21.90,0.2920,true,1,3870
7290012962684,false,"הוסטס שקיות צליה ג'מבו 50X35 ס""מ בקופסה 5 יח'",הוסטס Hostess,,שקיות צליה ג`מבו 5 י,יחידה,0.00,יחידה,false,,4.90,0.0000,true,1,974
7290012962912,false,כפפות ניטריל סייף טא,,,כפפות ניטריל סייף טא,יחידה,0.00,יחידה,false,,27.90,0.0000,true,1,261167
7290012962929,false,כפפות ניטריל סייף טא,,,כפפות ניטריל סייף טא,יחידה,0.00,יחידה,false,,27.90,0.0000,true,1,261168
7290012962936,false,כפפות ניטריל סייף טא,,,כפפות ניטריל סייף טא,יחידה,0.00,יחידה,false,,27.90,0.0000,true,1,261169
7290012962943,false,כפפות ניטריל סייף טא,,,כפפות ניטריל סייף טא,יחידה,0.00,יחידה,false,,27.90,0.0000,true,1,261421
7290013010018,false,רוטב עגבניות לפסטה פרי מבורך 240 גרם,"זנלכל בע""\מ",,רוטב לפסטה פרי מבורך,גרמים,260.00,100 גרם,false,,5.50,0.0212,true,1,8700
7290013010025,false,"רוטב עגבניות לפיצה בד""ץ פרי מבורך 240 גרם","זנלכל בע""\מ",,רוטב לפיצה פרי מבורך,גרמים,260.00,100 גרם,false,,5.50,0.0212,true,1,8701
7290013010032,false,רוטב עגבניות לשקשוקה פרי מבורך 240 גרם,"זנלכל בע""\מ",,רוטב לשקשוקה פרי מבו,יחידה,260.00,יחידה,false,,5.50,0.0212,true,1,8702
7290013027399,false,לחם קמח מלא קל בתוספת שיפון 750 ג' אנג'ל,מאפיית שלמה א. אנג'\ל בע,,לחם 100 בתוספת שיפון,גרמים,750.00,100 גרם,false,,13.90,0.0185,true,1,35471
7290013038432,false,מים אקווה נובה בקבוק יחיד,אקווה נובה Aqua Nova,,אקווה נובה 2 ליטר,ליטרים,2.00,ליטר,false,,4.90,2.4500,true,1,9528
7290013083678,false,"מטרנה אקסטרה קר שלב 2 חסכון 700 גרם תמ""ל",מולינו ניקולי s.p.a,,מטרנה אקסטרה קר שלב,גרמים,700.00,100 גרם,false,,58.90,0.0841,true,1,18755
7290013083685,false,תחליף חלב מטרנה אקסטרה קר שלב 3 חסכון 700 גרם,מטרנה תעשיות ש.מ,,מטרנה אקסטרה קר שלב,גרמים,700.00,100 גרם,false,,58.90,0.0841,true,1,18756
7290013117212,false,בורקס פילו במילוי גבינה מעדנות 600 גר,מיוצר עי קונדיטוריית,,בורקס פילו גבינה מעד,גרמים,600.00,100 גרם,false,,19.90,0.0332,true,1,35625
7290013117229,false,"בורקס פילו במילוי תפו""א מעדנות 600 גר",מיוצר עי קונדיטוריית,,בורקס פילו תפוא מעדנ,גרמים,600.00,100 גרם,false,,19.90,0.0332,true,1,35626
7290013117410,false,בצק פריך מרודד למאפים מתוקים 900 ג' מעדנות,מיוצר עי קונדיטוריית,,מעדנות בצק פריך מרוד,גרמים,900.00,100 גרם,false,,23.90,0.0266,true,1,35630
7290013117427,false,בצק פריך מרודד למאפים מלוחים מעדנות 2*450 גרם,מיוצר עי קונדיטוריית,,מעדנות בצק פריך מרוד,גרמים,900.00,100 גרם,false,,23.90,0.0266,true,1,35631
7290013117526,false,בצק שמרים מרודד למאפים מתוקים מעדנות 900 גרם,"מעדנות בע""\מ",,מעדנות בצק שמרים למא,גרמים,900.00,100 גרם,false,,23.90,0.0266,true,1,35634
7290013144140,false,מימונס תערובת להכנת סופגניות 600 גר,מיוצר עי קונדיטוריית,,מימונס תערובת לסופגנ,גרמים,600.00,100 גרם,false,,17.50,0.0292,true,1,15338
7290013144157,false,תערובת להכנת סחלב 130גרם,א.ל ייצור ושיווק תבלינים,,מימונס סחלב 130 גרם,גרמים,130.00,100 גרם,false,,10.90,0.0838,true,1,15339
7290013144171,false,"תערובת עוגת שוקולד 560 גרם ""מיימונס""",א.ל ייצור ושיווק תבלינים,,תערובת עוגת שוקולד 5,גרמים,560.00,100 גרם,false,,17.50,0.0313,true,1,15341
7290013144188,false,מימונס תערובת להכנת בראוניז 600 גרם,א.ל ייצור ושיווק תבלינים,,תערובת בראוניס 600 ג,גרמים,600.00,100 גרם,false,,17.50,0.0292,true,1,15342
7290013144195,false,מיימונס תערובת כדורי שוקולד 500 גרם.,א.ל ייצור ושיווק תבלינים,,תערובת כדורי שוקולד,גרמים,500.00,100 גרם,false,,17.50,0.0350,true,1,15343
7290013144201,false,מיימונס תערובת פנקייק 400 גרם,א.ל ייצור ושיווק תבלינים,,תערובת פנקייק 400גר,גרמים,400.00,100 גרם,false,,17.50,0.0438,true,1,15344
7290013144218,false,מיימונס תערובת עוגת וניל 560 גרם.,א.ל ייצור ושיווק תבלינים,,תערובת עוגת וניל 560,גרמים,560.00,100 גרם,false,,17.50,0.0313,true,1,15345
7290013144317,false,מימונס ג'וני גלילית וופל למילוי 18 יחידות,הגביע מוצרי וופלים ב,,ג`וני - גלילית וופל,גרמים,400.00,100 גרם,false,,23.90,0.0597,true,1,15352
7290013144393,false,"תמצית בטעם וניל מימונס 50 מ""ל",א.ל ייצור ושיווק תבלינים,,תמצית בטעם וניל 50גר,גרמים,50.00,100 גרם,false,,4.90,0.0980,true,1,15356
7290013144515,false,מיימונס צבע מאכל צהוב 50 גרם,א.ל ייצור ושיווק תבלינים,,צבע מאכל צהוב 50גר,גרמים,50.00,100 גרם,false,,4.90,0.0980,true,1,15361
7290013144522,false,מימונס צבע מאכל ירוק 50 גרם,א.ל ייצור ושיווק תבלינים,,צבע מאכל ירוק 50גר,גרמים,50.00,100 גרם,false,,4.90,0.0980,true,1,15362
7290013144539,false,מימונס צבע מאכל אדום 50 גרם,א.ל ייצור ושיווק תבלינים,,צבע מאכל אדום 50גר,גרמים,50.00,100 גרם,false,,4.90,0.0980,true,1,15363
7290013144560,false,מיימונס צבע מאכל כחול 50 גרם,א.ל ייצור ושיווק תבלינים,,צבע מאכל כחול 50גר,גרמים,50.00,100 גרם,false,,4.90,0.0980,true,1,15364
7290013144614,false,"מיימונס סירופ מייפל אמיתי 100% מקנדה 236 מ""ל",הנסיך- מפעל לייצור ט,,סירופ מייפל אמיתי 10,מיליליטרים,236.00,"100 מ""ל",false,,43.80,0.1856,true,1,15365
7290013144751,false,סירופ בטעם מייפל מימונס 500 גרם,א.ל ייצור ושיווק תבלינים,,מימונס סירופ בטעם מי,מיליליטרים,500.00,"100 מ""ל",false,,13.90,0.0278,true,1,15366
7290013144768,false,סירופ בטעם שוקולד מימונס 500 גרם,א.ל ייצור ושיווק תבלינים,,מימונס סירופ בטעם שו,מיליליטרים,500.00,"100 מ""ל",false,,13.90,0.0278,true,1,15367
7290013144805,false,אבקת אייס קפה דיאט 320 גרם מימונס,מימונס אפייה,,אייס קפה לייט להכנה,גרמים,245.00,100 גרם,false,,20.90,0.0853,true,1,290044
7290013144911,false,מימונס מיקס שוקולד צ'יפס מריר וחלב 250 גרם,אינטרגטה תעשיות מזון 19),,מיקס שוקולד צ'יפס מר,גרמים,250.00,100 גרם,false,,15.90,0.0636,true,1,338770
7290013145024,false,מיימונס אגוז מלך טחון 100 גרם,א.ל ייצור ושיווק תבלינים,,מימונס אגוז מלך טחון,גרמים,100.00,100 גרם,false,,13.90,0.1390,true,1,15373
7290013145031,false,אגוזי לוז מסוכרים מיימונס 100 גרם,א.ל ייצור ושיווק תבלינים,,מימונס ברס אגוזי לוז,גרמים,100.00,100 גרם,false,,12.90,0.1290,true,1,15374
7290013145062,false,"סירופ מייפל אמיתי 100% מימונס 187 מ""ל",מימונס אפייה,,סירופ מייפל אמיתי %1,מיליליטרים,187.00,"100 מ""ל",false,,28.90,0.1545,true,1,15377
7290013145079,false,שקד רכיבים טבעיים גרוס מיימונס 100 גרם,מימונס אפייה,,מימונס שקד טבעי גרוס,גרמים,100.00,100 גרם,false,,12.90,0.1290,true,1,15378
7290013145109,false,מיימונס שקד מולבן טחון 100 גרם,א.ל ייצור ושיווק תבלינים,,מימונס שקד מולבן טחו,גרמים,100.00,100 גרם,false,,12.90,0.1290,true,1,15380
7290013145116,false,מיימונס שקד מולבן מקלות 100 גרם.,א.ל ייצור ושיווק תבלינים,,מימונס שקד מולבן מקל,גרמים,100.00,100 גרם,false,,12.90,0.1290,true,1,15381
7290013145192,false,שומשום מיימונס 100 גרם,א.ל ייצור ושיווק תבלינים,,שומשום 100גר,גרמים,100.00,100 גרם,false,,4.90,0.0490,true,1,15387
7290013145215,false,שומשום מימונס 400 גרם,א.ל ייצור ושיווק תבלינים,,שומשום 400גר,גרמים,400.00,100 גרם,false,,15.90,0.0398,true,1,15388
7290013145277,false,עלים לקרמשניט מימונס 300 גרם,מימונס אפייה,,עלים לקרמשניט 300 גר,גרמים,300.00,100 גרם,false,,18.90,0.0630,true,1,15390
7290013145390,false,מימונס שוקולד צ'יפס מהדרין 250 גר,אינטרגטה תעשיות מזון 19),,מימונס שוקולד ציפס מ,גרמים,250.00,100 גרם,false,,9.90,0.0396,true,1,15392
7290013145406,false,שוקולד צ'יפס לבן מיימונס 250 גרם,אינטרגטה תעשיות מזון 19),,מימונס שוקולד ציפס ל,גרמים,250.00,100 גרם,false,,9.90,0.0396,true,1,15393
7290013145437,false,שוקולד מריר מעולה ציפס מימונס 250 ג',אינטרגטה תעשיות מזון 19),,מימונס שוקולד ציפס 4,גרמים,250.00,100 גרם,false,,15.50,0.0620,true,1,15395
7290013145444,false,שוקולד מריר מעולה ציפס 66% מימונס 250 ג',המאפיה של הרמן,,מימונס שוקולד ציפס 6,גרמים,250.00,100 גרם,false,,16.90,0.0676,true,1,15396
7290013145529,false,סוכריות צבעוניות לקישוט מיימונס 90 גרם,א.ל ייצור ושיווק תבלינים,,מימונס סוכריות צבעונ,גרמים,90.00,100 גרם,false,,5.90,0.0656,true,1,15399
7290013145536,false,סוכריות לקישוט בטעם שוקולד מיימונס 85 גרם,א.ל ייצור ושיווק תבלינים,,סוכריות בטעם שוקולד,גרמים,90.00,100 גרם,false,,5.90,0.0656,true,1,15400
7290013145567,false,מיימונס מיני מיני עדשים 90 גרם.,א.ל ייצור ושיווק תבלינים,,מיני מיני עדשים 90גר,גרמים,90.00,100 גרם,false,,11.90,0.1322,true,1,15401
7290013145628,false,מימונס סוכריות צבעוניות לקישוט 200 גרם,א.ל ייצור ושיווק תבלינים,,סוכריות צבעוניות לקי,גרמים,200.00,100 גרם,false,,9.90,0.0495,true,1,15404
7290013145840,false,סוכר וניל מיימונס 10 יחידות,א.ל ייצור ושיווק תבלינים,,מימונס סוכר וניל 10*,גרמים,100.00,100 גרם,false,,2.90,0.0290,true,1,15418
7290013145857,false,אבקת אפיה מיימונס 10 יחידות,מימונס אפייה,,אבקת אפיה 10* 10 גרם,גרמים,100.00,100 גרם,false,,2.90,0.0290,true,1,15419
7290013145901,false,"סודה לשתיה 100 גרם ""מיימונס""",א.ל ייצור ושיווק תבלינים,,סודה לשתיה 100 גרם,גרמים,100.00,100 גרם,false,,2.90,0.0290,true,1,15422
7290013145918,false,אבקת סוכר מיימונס 100 גרם,א.ל ייצור ושיווק תבלינים,,אבקת סוכר 100 גרם,גרמים,100.00,100 גרם,false,,2.90,0.0290,true,1,15423
7290013145956,false,שמרים יבשים בוואקום מיימונס 500 גרם,הנסיך- מפעל לייצור ט,,מימונס שמרים יבשים ב,גרמים,500.00,100 גרם,false,,13.90,0.0278,true,1,15426
7290013145963,false,שמרים יבשים בוואקום מיימונס 125 גרם,מימונס אפייה,,מימונס שמרים יבשים ב,גרמים,125.00,100 גרם,false,,5.90,0.0472,true,1,15427
7290013145970,false,קורנפלור מימונס בשקית 200 ג',א.ל ייצור ושיווק תבלינים,,מימונס קורנפלור 200,גרמים,200.00,100 גרם,false,,4.90,0.0245,true,1,15428
7290013146243,false,פודינג וניל מימונס 3,,,פודינג בטעם וניל 320,גרמים,320.00,100 גרם,false,,18.90,0.0591,true,1,307712
7290013146656,false,כוכבים תכלת ירוק לבן לקישוט 60 גרם,"מימונס אפיה בע""מ",,כוכבים צבעוניים לקיש,יחידה,0.00,יחידה,false,,11.90,0.0000,true,1,65861
7290013146663,false,אטריות צבעוניות לקישוט מימונס 55 גרם,"מימונס אפיה בע""מ",,קונפטי לקישוט צבעוני,גרמים,55.00,100 גרם,false,,11.90,0.2164,true,1,65862
7290013146670,false,סוכריות לב סגול ורוד לבן לקישוט 60 גרם,"מימונס אפיה בע""מ",,סוכריות לב צבעוניות,יחידה,0.00,יחידה,false,,11.90,0.0000,true,1,66004
7290013146724,false,אבקת אייס קפה 350 גרם מימונס,מימונס אפייה,,אייס קפה להכנה ביתית,גרמים,350.00,100 גרם,false,,17.90,0.0511,true,1,213888
7290013153432,false,"סחוט לימונענע פריגת 400 מ""ל",היינץ צפון אמריקה מק,,פריגת סחוט לימונענע,מיליליטרים,400.00,"100 מ""ל",false,,9.90,0.0248,true,1,6418
7290013153593,false,תפוזים מתקתק 100% פריגת 1 ליטר,"גת גבעת חיים,",,פריגת סחוט תפוזים מת,ליטרים,1.00,ליטר,false,,11.90,11.9000,true,1,6424
7290013220042,false,מיקס טרופי קפוא 500 גרם,א.צלוביץ,,מיקס טרופי 400 גרם ב,גרמים,400.00,100 גרם,false,,19.90,0.0497,true,1,51584
7290013220349,false,דומדמניות אדומות 500,א.מ שרון,,דומדמנית אדומה 500 ג,גרמים,500.00,100 גרם,false,,19.90,0.0398,true,1,51592
7290013220899,false,תות שדה קפוא 500 גרם,א.מ שרון,,תות שדה קפוא 500 גרם,גרמים,500.00,100 גרם,false,,19.90,0.0398,true,1,51595
7290013221018,false,מנגו חתוך קפוא 500 גרם,א.מ שרון,,מנגו 500 גרם בקופסא,גרמים,500.00,100 גרם,false,,19.90,0.0398,true,1,51601
7290013221056,false,אפרסק פרוסות קפוא 50,א.מ שרון,,אפרסק 500 גרם בקופסא,גרמים,500.00,100 גרם,false,,19.90,0.0398,true,1,150338
7290013268020,false,מקסימה מרכך כביסה מרוכז בניחוח אולטרא פרש סנו 1 ליטר,"סנו מפעלי ברונוס בע""\מ",,סנו מקסימה אולטרא פר,יחידה,0.00,יחידה,false,,18.90,0.0000,true,1,30280
7290013268037,false,מקסימה מרכך כביסה מרוכז בניחוח לבנדר פצ'ולי סנו 1 ליטר,"סנו מפעלי ברונוס בע""\מ",,סנו מקסימה פצ'ולי מר,יחידה,0.00,יחידה,false,,18.90,0.0000,true,1,30281
7290013268839,false,פוליויקס פרקט-תרכיז ריחני לניקוי רצפות עץ,"סנו מפעלי ברונוס בע""\מ",,סנו פוליויקס פרקט בנ,ליטרים,2.00,ליטר,false,,21.90,10.9500,true,1,30313
7290013268938,false,סנובון סבון לאסלה בניחוח מאסק סנו 3*65 גרם,סנו סנובון,,סנובון שלישיה מאסק 3,גרמים,195.00,100 גרם,false,,11.90,0.0610,true,1,30319
7290013268983,false,מרכך כביסה סופר מרוכז בבישום עוצמתי סנו מקסימה 1 ל',"סנו מפעלי ברונוס בע""\מ",,מקסימה מרכך כביסה בב,יחידה,0.00,יחידה,false,,18.90,0.0000,true,1,155583
7290013268990,false,מרכך כביסה מרוכז לבן ביו סנו מקסימה 1 ליטר,"סנו מפעלי ברונוס בע""\מ",,סנו מקסימה מרכך מרוכ,יחידה,0.00,יחידה,false,,18.90,0.0000,true,1,30320
7290013269348,false,K3 תחנת פיתיון קוטל תיקנים (ג'וקים) בבית ובחצר,טרופיקל דגיל תעשיות,,סנו K3 תחנות פיתיון,יחידה,0.00,יחידה,false,,50.90,0.0000,true,1,30330
7290013269645,false,ריצפז פרש מטליות לחות לריצפה בניחוח מאסק 10 יחידות,סנו מפעלי ברונוס בעמ,,ריצפז פרש מטליות לחו,יחידה,0.00,יחידה,false,,11.90,0.0000,true,1,30337
7290013269652,false,פוליויקס נוזל לניקוי רצפות גרניט פורצלן סנו 2 ליטר,סנו פוליויקס,,פוליויקס גרניט פורצל,ליטרים,2.00,ליטר,false,,20.90,10.4500,true,1,30338
7290013269751,false,מטליות לחותריצפז פרש לניקוי ריצפה בניחות מלון בוטיק 10 יח' סנו,טרופיקל דגיל תעשיות,,ריצפז מטליות לחות לנ,יחידה,0.00,יחידה,false,,11.90,0.0000,true,1,30342
7290013269850,false,נייר אפיה אקולוגי סנו סושי 50 יחידות,מולינו ניקולי s.p.a,,סנו סושי נייר אפיה א,יחידה,0.00,יחידה,false,,17.90,0.0000,true,1,30346
7290013284310,false,רוטב פסטה לילדים 240 גרם פריניר,פריניר ( הדס 1987) ב,,רוטב לפסטה לילדים פר,גרמים,240.00,100 גרם,false,,4.90,0.0204,true,1,41308
7290013358356,false,פירורי לחם מוזהבים מאסטר שף 320 גרם,מנה י.א בעמ,,מאסטר שף פירורי לחם,גרמים,350.00,100 גרם,false,,8.90,0.0254,true,1,21487
7290013358363,false,מאסטר שף פרורי לחם פנקו עבים בסגנון יפני 300 גר,קריניציה ויטמינה אס,,מאסטר שף פירורי לחם,גרמים,300.00,100 גרם,false,,9.90,0.0330,true,1,21488
7290013358417,false,מאסטר שף אסייאתי רוטב טריאקי 300 מל כשלפ,קריניציה ויטמינה אס,,מאסטר שף אסייאתי רוט,מיליליטרים,300.00,"100 מ""ל",false,,12.90,0.0430,true,1,21492
7290013358530,false,מאסטר שף אסייאתי רוטב צ'ילי מתוק 700 מל כשלפ,קריניציה ויטמינה אס,,מאסטר שף רוטב צ'ילי,מיליליטרים,700.00,"100 מ""ל",false,,12.90,0.0184,true,1,21502
7290013382382,false,קומקום נירוסטה נשלף.,,,קומקום נירוסטה נשלף.,יחידה,0.00,יחידה,false,,65.90,0.0000,true,1,85664
7290013382399,false,בלנדר מקל.,,,בלנדר מקל.,יחידה,0.00,יחידה,false,,59.90,0.0000,true,1,85707
7290013382863,false,מצנם 2 פרוסות,,,מצנם 2 פרוסות,יחידה,0.00,יחידה,false,,69.90,0.0000,true,1,85693
7290013389077,false,"עלי טורטיה מקמח חיטה 25ס""מ 8יח' תומר 420 ג'",Azteca foods europe,,6 טורטיות חיטה תומר,גרמים,425.00,100 גרם,false,,7.90,0.0186,true,1,25085
7290013412966,false,רבעיית מגבונים תולי 72*4 יחידות,DPL,,תולי מגבונים לחים 4*,יחידה,0.00,יחידה,false,,10.50,0.0000,true,1,29510
7290013424921,false,קיווי פרוסות קפוא פי,בינזו לונגשינטיאנרן,,קיווי פרוס קפוא 500,גרמים,500.00,100 גרם,false,,11.90,0.0238,true,1,138554
7290013424952,false,אננס קפוא 500 ג' פילד גוד,סאפו דקלאק טריידינג,,אננס חתוך קפוא 500 ג,גרמים,500.00,100 גרם,false,,11.90,0.0238,true,1,138555
7290013472199,false,ערמונים קלופים וקלויים 105 גרם,בייג'גג פוינונג,,וילי פוד ערמונים 100,גרמים,100.00,100 גרם,false,,5.90,0.0590,true,1,2953
7290013531582,false,מארז זיתים ירוקים מגולענים יכין 200 גרם,פרופר,,זיתים חרוזית מגולעני,גרמים,600.00,100 גרם,false,,11.90,0.0198,true,1,8724
7290013534057,false,"צ'יפס בטטה טבעי מיה 100ג' 'כשל""פ",מיה תעשיות מזון מ.ת.מ. ב,,מיה ציפס בטטה טבעי 1,גרמים,100.00,100 גרם,false,,7.90,0.0790,true,1,15128
7290013585233,false,"ספרייט זירו פחית סליק 330 מ""ל",החברה המרכזית לייצור משקאות,,פחית סליק 330 מל ZER,מיליליטרים,330.00,"100 מ""ל",false,,5.50,0.0167,true,1,7070
7290013585240,false,ספרייט זירו בקבוק 1.,החברה המרכזית לייצור משקאות,,ספרייט זירו 1.5ליטר,ליטרים,1.50,ליטר,false,,8.00,5.3333,true,1,7071
7290013585387,false,קוקה קולה זירו 1 ליטר,החברה המרכזית לייצור משקאות,,קולה זירו 1 ליטר,ליטרים,1.00,ליטר,false,,6.90,6.9000,true,1,7082
7290013585394,false,קוקה קולה 1ליטר בודד,החברה המרכזית לייצור משקאות,,קוקה קולה 1 ליטר,ליטרים,1.00,ליטר,false,,7.50,7.5000,true,1,7083
7290013608260,false,מיץ רימונים 100%מיץ סחוט טרי מצונן 1ליט,"גניר (1992) בע""מ",,פרימור מיץ רימונים ס,יחידה,0.00,יחידה,false,,22.90,0.0000,true,1,23360
7290013608864,false,משקה פירות הדר בתוספת ויטימן C פרימור 1 ליטר,"גניר (1992) בע""מ",,פרימור משקה פירות הד,ליטרים,1.00,ליטר,false,,15.90,15.9000,true,1,87694
7290013639578,false,שקד מולבן שבבים 400,,,שקד מולבן שבבים 400,גרמים,400.00,100 גרם,false,,39.90,0.0997,true,1,127827
7290013639899,false,אגוזי מלך בקליפה 400,,,אגוזי מלך בקליפה 400,גרמים,400.00,100 גרם,false,,12.90,0.0323,true,1,127829
7290013652171,false,"ד""ר פישר - נטורל קר מגבונים להסרת איפור לעור שמן מעורב 30 יח' * 3",פישר מעבדות פרמצבטיות בע,,נטורל קר מגב.הסרת אי,יחידה,0.00,יחידה,false,,24.90,0.0000,true,1,29165
7290013677006,false,חומוס גדול באריזת וואקום Selected,מיה תעשיות מזון מ.ת.מ. ב,,חומוס בואקום 500 גר',גרמים,500.00,100 גרם,false,,8.90,0.0178,true,1,15129
7290013677013,false,גריסים בוואקום מיה 500 גר',מיה תעשיות מזון מ.ת.מ. ב,,גריסים בואקום מיה 50,גרמים,500.00,100 גרם,false,,6.90,0.0138,true,1,15130
7290013677020,false,שעועית לבנה בוואקום מיה 500 גר',מיה תעשיות מזון מ.ת.מ. ב,,שעועית לבנה בואקום 5,גרמים,500.00,100 גרם,false,,8.90,0.0178,true,1,15131
7290013677037,false,עדשים ירוקות באריזת וואקום Selected,מיה תעשיות מזון מ.ת.מ. ב,,עדשים ירוקות בואקום,גרמים,500.00,100 גרם,false,,10.90,0.0218,true,1,15132
7290013677044,false,עדשים אדומים בוואקום מיה 500 גר',מיה תעשיות מזון מ.ת.מ. ב,,עדשים אדומות סלקטד 5,גרמים,500.00,100 גרם,false,,9.90,0.0198,true,1,15133
7290013677051,false,פופקורן גרגרים בוואקום מיה 500 גר',מיה תעשיות מזון מ.ת.מ. ב,,פופקורן סלקטד מיה 50,גרמים,500.00,100 גרם,false,,8.90,0.0178,true,1,15134
7290013677068,false,כוסמת בוואקום מיה 500 גר',מיה תעשיות מזון מ.ת.מ. ב,,כוסמת סלקטד מיה 500,גרמים,500.00,100 גרם,false,,9.90,0.0198,true,1,15135
7290013677082,false,שעועית אדומה בוואקום מיה 500 גר',מיה תעשיות מזון מ.ת.מ. ב,,שעועית אדומה בואקום,גרמים,500.00,100 גרם,false,,8.90,0.0178,true,1,15137
7290013677105,false,אפונה סלקטד מיה 500 גרם,מיה תעשיות מזון מ.ת.מ. ב,,אפונה בואקום מיה 500,גרמים,500.00,100 גרם,false,,6.90,0.0138,true,1,15139
7290013677112,false,בורגול באריזת וואקום Selected,מיה תעשיות מזון מ.ת.מ. ב,,בורגול סלקטד 500גרם,גרמים,500.00,100 גרם,false,,6.90,0.0138,true,1,15140
7290013677129,false,שעועית מעורבת בוואקום מיה 500 גר',מיה תעשיות מזון מ.ת.מ. ב,,מיה סלקטד שעועית מעו,גרמים,500.00,100 גרם,false,,8.90,0.0178,true,1,15141
7290013677136,false,חומוס לבן ענק בוואקום יבש 500 גר',מיה תעשיות מזון מ.ת.מ. ב,,מיה סלקטד חומוס לבן,גרמים,500.00,100 גרם,false,,10.90,0.0218,true,1,15142
7290013677143,false,מיה סלקטד שעועית בובס 400ג,מיה,,שעועית בובס סלקטד מי,גרמים,400.00,100 גרם,false,,9.90,0.0248,true,1,15143
7290013677174,false,אורז מלא בוואקום מיה 500 גר',מיה תעשיות מזון מ.ת.מ. ב,,אורז מלא סלקטד 500גר,גרמים,500.00,100 גרם,false,,6.90,0.0138,true,1,15145
7290013677259,false,תבלין זעתר 50 גרם שקית,מיה תעשיות מזון מ.ת.מ. ב,,זעתר 50 גרם בשקית,גרמים,50.00,100 גרם,false,,3.90,0.0780,true,1,15151
7290013677266,false,תבלין לפיצה בשקית מיה 80 גרם,מיה תעשיות מזון מ.ת.מ. ב,,תבלין לפיצה 80 גרם ב,גרמים,80.00,100 גרם,false,,3.90,0.0487,true,1,15152
7290013677273,false,תבלין גריל דג 80 גרם-שקית,מיה תעשיות מזון מ.ת.מ. ב,,מיה תבלין גריל דג שק,גרמים,80.00,100 גרם,false,,3.90,0.0487,true,1,15153
7290013677280,false,תבלין ציפורן שלם 40 גרם שקית,מיה תעשיות מזון בעמ,,ציפורן שלם 40גרם שקי,גרמים,40.00,100 גרם,false,,7.90,0.1975,true,1,15154
7290013677297,false,תבלין אבקת בצל 80 גרם-שקית,מיה תעשיות מזון מ.ת.מ. ב,,מיה אבקת בצל שקית 80,גרמים,80.00,100 גרם,false,,3.90,0.0487,true,1,15155
7290013677303,false,חוואיג' תימני בשקית מיה 50 גרם,מיה תעשיות מזון מ.ת.מ. ב,,חוויג' תימני 50 גרם,גרמים,50.00,100 גרם,false,,3.90,0.0780,true,1,15156
7290013677310,false,תבלין גרילבשר 80 גרם שקית,מיה תעשיות מזון מ.ת.מ. ב,,מיה גריל בשר שקית 80,גרמים,80.00,100 גרם,false,,3.90,0.0487,true,1,15157
7290013677327,false,תבלין אבקת קארי 80 גרם-שקית,מיה תעשיות מזון מ.ת.מ. ב,,אבקת קארי 80גרם שקית,גרמים,80.00,100 גרם,false,,3.90,0.0487,true,1,15158
7290013677334,false,תבלין על האש בשקית מיה 50 גרם,מיה תעשיות מזון מ.ת.מ. ב,,תבלין על האש 50גרם ש,גרמים,50.00,100 גרם,false,,3.90,0.0780,true,1,15159
7290013677372,false,ג'לילנד - ג'ליבינס - תפוח /דובדבן - 100גרם *(12יח'),מיה תעשיות מזון מ.ת.מ. ב,,מיה ג'לי לנד תפוח דו,גרמים,100.00,100 גרם,false,,5.90,0.0590,true,1,15163
7290013677556,false,אורז פרסי עממי סלקטד 1ק''ג בואקום,מיה תעשיות מזון מ.ת.מ. ב,,"אורז פרסי עממי 1 ק""ג",קילוגרמים,1.00,"ק""ג",false,,9.90,9.9000,true,1,15169
7290013677648,false,מיה שמן זית למאור 1 ליטר,מיה תעשיות מזון בעמ,,שמן זית למאור 1 ל' ב,ליטרים,1.00,ליטר,false,,15.90,15.9000,true,1,15171
7290013677686,false,תבלין פפריקה מרוקאית 80 גרם בשקית,מיה תעשיות מזון מ.ת.מ. ב,,פפריקה מרוקאית בשקית,גרמים,80.00,100 גרם,false,,3.90,0.0487,true,1,15175
7290013677693,false,תבלין פלפל שחור גרוס שקית 50 גרם,מיה תעשיות מזון בעמ,,מיה פלפל שחור גרוס ב,גרמים,80.00,100 גרם,false,,7.90,0.0988,true,1,15176
7290013677839,false,"בורגול יבש מיה 1 ק""ג","מיה תעשיות מזון בע""מ",,בורגול 1 ק'ג,קילוגרמים,1.00,"ק""ג",false,,7.90,7.9000,true,1,15182
7290013677846,false,"כוסמת מיה 1 ק""ג",מיה תעשיות מזון מ.ת.מ. ב,,כוסמת 1 ק'ג,קילוגרמים,1.00,"ק""ג",false,,12.90,12.9000,true,1,15183
7290013702036,false,שוופס וואטר אפרסק 500 מל,יפאורה שותפות מובגלת לשיווק,,שוופס אפרסק ווטר 0.5,מיליליטרים,500.00,"100 מ""ל",false,,5.50,0.0110,true,1,11623
7290013702883,false,"שוופס מוגז פינק למונייד 500 מ""ל",יפאורה שותפות מובגלת לשיווק,,משקה פינק למונייד שו,מיליליטרים,500.00,"100 מ""ל",false,,5.90,0.0118,true,1,11647
7290013793072,false,ערכת נוזלי אור והדר.,,,ערכת נוזלי אור והדר.,יחידה,0.00,יחידה,false,,70.90,0.0000,true,1,18010
7290013793126,false,ערכת מוצק אור והדר,,,ערכת מוצק אור והדר,יחידה,0.00,יחידה,false,,60.90,0.0000,true,1,18013
7290013847867,false,מארז זוגות טונה בשמן סויה 140 ג' סטארקיסט,טונה ויטנאם קו. אל.ט,,נתחי טונה בהירה בשמן,גרמים,140.00,100 גרם,false,,12.90,0.0921,true,1,342827
7290013848345,false,מארז מטליות לחיטוי וניקוי יסודי אנטיבקטריאלי 99.9%,סנו מפעלי ברונוס בעמ,,מטליות לחות לחיטוי י,יחידה,0.00,יחידה,false,,22.90,0.0000,true,1,30357
7290013848383,false,קרמה מן גל רחצה אקטיב בלוק 700 מל לגבר,טרופיקל דגיל תעשיות,,ג'ל רחצה אנטי בלוק ק,מיליליטרים,700.00,"100 מ""ל",false,,18.90,0.0270,true,1,30358
7290013883407,false,"דזיטול מרסס לחיטוי כללי יעקבי 750 מ""ל",יעקבי - דזיטול Desytol,,דזיטול מחטא ומשמיד ח,מיליליטרים,700.00,"100 מ""ל",false,,20.00,0.0286,true,1,11343
7290013906250,false,סלמי הודו מהדרין קהילות טירת צבי,טיב טירת צבי 2000,,טירת צבי סלמי מהדרין,גרמים,200.00,100 גרם,false,,9.90,0.0495,true,1,25377
7290013906267,false,פסטרמה כפרי מהדרין קהילות טירת צבי,טיב טירת צבי 2000,,טירת צבי כפרית מהדרי,גרמים,200.00,100 גרם,false,,9.90,0.0495,true,1,25378
7290013906281,false,"נקניקיות מהדרין קהילות טירת צבי 1 ק""ג",טיב טירת צבי 2000,,טירת צבי נקניקיות קה,קילוגרמים,1.00,"ק""ג",false,,34.90,34.9000,true,1,25379
7290013906298,false,נקניקיות הודו קהילות טירת צבי 400 גרם,טירת צבי - מדף,,טירת צבי נקניקיות קה,גרמים,400.00,100 גרם,false,,11.90,0.0298,true,1,25380
7290013906304,false,פסטרמה גחלים קהילות טירת צבי 400 גרם,טיב טירת צבי 2000,,טירת צבי פסטרמה גחלי,גרמים,400.00,100 גרם,false,,30.90,0.0772,true,1,25381
7290013906311,false,פסטרמה מעושנת קהילות 400 ג' טירת צבי,טיב טירת צבי 2000,,טירת צבי פסטרמה מעוש,גרמים,400.00,100 גרם,false,,30.90,0.0772,true,1,25382
7290013906335,false,צמד מהדרין קהילות טירת צבי 600 גרם,טיב טירת צבי 2000,,טירת צבי צמד נקניקים,גרמים,600.00,100 גרם,false,,29.90,0.0498,true,1,25384
7290013906700,false,"נקניקיות הודו טירת צבי כשרות הרב מחפוד 1.5 ק""ג",טיב טירת צבי 2000,,"נקניקיות הודו 1.5 ק""",קילוגרמים,1.50,"100 ק""ג",false,,29.90,19.9333,true,1,237281
7290013906922,false,"נקניקיות הודו חריפות מחפוד טירת צבי 1 ק""ג",טיב טירת צבי 2000,,טירת צבי נקניקיות הו,קילוגרמים,1.00,"ק""ג",false,,28.90,28.9000,true,1,25399
7290013906939,false,קורנביף טירת צבי מחפוד 120 גרם,טיב טירת צבי 2000,,קורנביף 120 גרם טי,גרמים,120.00,100 גרם,false,,17.90,0.1492,true,1,25400
7290013906946,false,פסטרמה כתף בקר ט.צבי 120 גר' מחפוד,טירת צבי - מדף,,פסטרמה כתף 120 גרם ט,גרמים,120.00,100 גרם,false,,17.90,0.1492,true,1,25401
7290013906991,false,סלמי מהדרין 400 גרם מחפוד טירת צבי,טיב טירת צבי 2000,,סלמי מהדרין 400 גרם-,גרמים,400.00,100 גרם,false,,16.90,0.0422,true,1,25404
7290014002197,false,חליטת קמומיל ולימונית הגן הקסום ויסוצקי 25 יחידות,תה ויסוצקי,,תה חליטת קמומיל ולימ,גרמים,37.50,100 גרם,false,,17.90,0.4773,true,1,24731
7290014002203,false,חליטת לימונית ולואיזה הגן הקסום ויסוצקי 25 יחידות,תה ויסוצקי,,תה חליטת לימונית ולו,גרמים,37.50,100 גרם,false,,17.90,0.4773,true,1,24732
7290014002944,false,גן קסום חליטת פירות וצמחים חמדת שקד 25 שקיקים,תה ויסוצקי,,תה גן קסום חליטת חמא,גרמים,62.50,100 גרם,false,,17.90,0.2864,true,1,24744
7290014027213,false,"ערק ג'בלנא 40% אלכוהול 700 מ""ל",משקאות ג'בלנא,,ערק ג'בלנא מיוצר מכו,מיליליטרים,700.00,"100 מ""ל",false,,54.90,0.0784,true,1,171487
7290014079076,false,נבטי אלפלפא יחידה,"מרינה פטריות הגליל בע""מ",,נבטי אלפלפא,יח',1.00,יח',false,,6.90,6.9000,true,1,41516
7290014083806,false,עוגיות בטעם חמאה 350 גרם בפח,וילי פוד,,וילי פוד עוגיות בטעם,גרמים,350.00,100 גרם,false,,15.50,0.0443,true,1,2981
7290014094895,false,אגוזים קלופים בשקית ששון הקולה 150 גרם,"שקדיה גבע תעשיות בע""",,אגוז מלך 150גר ששון,גרמים,150.00,100 גרם,false,,10.90,0.0727,true,1,4727
7290014095861,false,שיבולת שועל דקה בשקית שקדיה 500 גרם,"דין שיווק וקליה בע""מ",,שיבולת שועל דקה קווא,גרמים,500.00,100 גרם,false,,4.90,0.0098,true,1,4731
7290014204560,false,"פנינהרוזנבלום- סבון נוזלי לידיים שלישיה,3*500 מ""ל",פ.רוזנבלום כללי,,סבון נוזלי פנינה רוז,ליטרים,1.50,ליטר,false,,12.90,8.6000,true,1,18173
7290014218482,false,"חטיפי פיצה גבינה בד""ץ מעדנות 650 גרם","מעדנות בע""\מ",,חטיפי פיצה גבינה 650,גרמים,650.00,100 גרם,false,,30.90,0.0475,true,1,35655
7290014218505,false,"שלישיית פיצות בד""ץ מעדנות 3*360 גרם","מעדנות בע""\מ",,פיצה 3 יח 360 גרם בד,קילוגרמים,1.08,"ק""ג",false,,32.90,30.4630,true,1,35657
7290014256620,false,"יין מבעבע קריניאנו באזז יקבי כרמל 750 מ""ל",יקבי כרמל Carmel Winery,,יין באזז קריניאנו 75,מיליליטרים,750.00,"100 מ""ל",false,,27.90,0.0372,true,1,559
7290014256637,false,"יין מבעבע מוסקטו באזז יקבי כרמל 750 מ""ל",יקבי כרמל Carmel Winery,,יין באזז מוסקטו 750מ,מיליליטרים,750.00,"100 מ""ל",false,,27.90,0.0372,true,1,560
7290014258716,false,תרכובת מזון צמחי על בסיס חלבון סויה מגיל לידה,מטרנה תעשיות ש.מ,,מטרנה צמחי 700 גר',גרמים,700.00,100 גרם,false,,50.90,0.0727,true,1,18770
7290014258723,false,תרכובת מזון צמחי לתינוקות מגיל 0 עד גיל שנה,מטרנה תעשיות ש.מ,,מטרנה צמחי מגיל 0-12,גרמים,700.00,100 גרם,false,,68.90,0.0984,true,1,18771
7290014258730,false,תרכובת מזון צמחי לתינוקות מגיל 12 חודשים ואילך,מטרנה תעשיות ש.מ,,מטרנה צמחי מגיל שנה,גרמים,700.00,100 גרם,false,,65.90,0.0941,true,1,18772
7290014258877,false,מטרנה מהדרין ספיישל 700 גרם,מטרנה תעשיות ש.מ,,מטרנה מהדרין ספיישל,גרמים,700.00,100 גרם,false,,69.90,0.0999,true,1,18773
7290014325036,false,סוכריות ג'לי עטופות שמחות מיה 600 גרם,מיה תעשיות מזון מ.ת.מ. ב,,ג'לי שמחות 600 גרם,גרמים,600.00,100 גרם,false,,19.90,0.0332,true,1,15186
7290014325043,false,"פודינג וניל 1 ק""ג שקית",מיה תעשיות מזון מ.ת.מ. ב,,מיה פודינג וניל 1 ק`,קילוגרמים,1.00,"ק""ג",false,,17.90,17.9000,true,1,15187
7290014325531,false,חמאת בוטנים 510 גרם כשלפ,מיה תעשיות מזון מ.ת.מ. ב,,חמאת בוטנים 500 גרם,גרמים,500.00,100 גרם,false,,11.90,0.0238,true,1,15202
7290014397453,false,סנו אוקסיגן גל מסיר כתמים כביסה לבנה 3 ל,סנו אוקסיג'ן,,סנו אוקסיג'ן לכביסה,ליטרים,3.00,ליטר,false,,30.90,10.3000,true,1,30410
7290014397705,false,סנו פוליויקס פרקט בניחוח רענן 2 ליטר,סנו פוליויקס,,פוליויקס פרקט בניחוח,ליטרים,2.00,ליטר,false,,21.90,10.9500,true,1,30426
7290014459632,false,"תפוגן צ'יפס טוגן 1.5 ק""ג",עיצובים 2020 (4.5),,"טוגן 1.5 ק""ג",קילוגרמים,1.50,"ק""ג",false,,16.90,11.2667,true,1,19820
7290014472471,false,גרעיני חמנייה קלוי ענק ששון הקולה 200 גרם,"דין שיווק וקלייה בע""",,גרעין שחור ענק 200 ג,גרמים,200.00,100 גרם,false,,6.90,0.0345,true,1,4758
7290014636545,false,שלישית מגבות מטבח ג'קרד,,,שלישית מגבות מטבח פס,יחידה,0.00,יחידה,false,,19.90,0.0000,true,1,238239
7290014636675,false,מגבת גוף חלקה 550 גר,,,מגבת גוף מנהטן 70*13,יחידה,0.00,יחידה,false,,34.90,0.0000,true,1,28126
7290014636682,false,מגבת פנים חלקה 550 גרם,,,מגבת פנים,יחידה,0.00,יחידה,false,,19.90,0.0000,true,1,28127
7290014636842,false,כרית ממורי ויסקו,,,כרית ויסקו,יחידה,0.00,יחידה,false,,89.90,0.0000,true,1,242235
7290014636903,false,כרבולית קורל מינק 170*130,,,כרבולית מינק 130/170,יחידה,0.00,יחידה,false,,49.90,0.0000,true,1,333762
7290014673359,false,מלח לימון תבליני מימון 400 גרם,א.ל ייצור ושיווק תבל,,מלח לימון 400 גר,גרמים,400.00,100 גרם,false,,21.90,0.0547,true,1,356
7290014673366,false,כורכום טחון תבליני מימון 250 גרם,א.ל ייצור ושיווק תבל,,מימון כורכום טחון 25,גרמים,250.00,100 גרם,false,,21.90,0.0876,true,1,357
7290014673380,false,כמון טחון תבליני מימון 250 גרם,א.ל ייצור ושיווק תבל,,מימון כמון טחון 250,גרמים,250.00,100 גרם,false,,21.90,0.0876,true,1,359
7290014673403,false,פלפל שחור טחון תבליני מימון 250 גרם,א.ל ייצור ושיווק תבל,,מימון פלפל שחור טחון,גרמים,250.00,100 גרם,false,,30.00,0.1200,true,1,361
7290014673434,false,פלפל שחור גרוס דק שקית תבליני מימון 80גרם,א.ל ייצור ושיווק תבל,,פלפל שחור גרוס דק בש,גרמים,80.00,100 גרם,false,,8.90,0.1113,true,1,363
7290014674004,false,קריספ פירורי לחם שומשום ומלח ים 300 גרם מיימונס,א.ל ייצור ושיווק תבל,,פירורי לחם עם שומשום,גרמים,300.00,100 גרם,false,,7.90,0.0263,true,1,276115
7290014731264,false,ספלאש כוסות 180CC לשתייה קרה 100 יחידות,רם,,כוסות לשתיה קרה חד פ,יח',100.00,יח',false,,6.90,0.0690,true,1,28128
7290014748613,false,מקלוני דגים בציפוי צ'יפס דג טוב 600 גרם,מוצרי עוף טוב (2001) בע\,,דג טוב מקלוני דגים ב,גרמים,600.00,100 גרם,false,,35.90,0.0598,true,1,19871
7290014749764,false,עוף טוב שניצל עוף ביתי עדין כזה 700 גרם,מוצרי עוף טוב (2001) בע\,,שניצל עוף ביתי כזה ע,גרמים,700.00,100 גרם,false,,42.00,0.0600,true,1,65832
7290014749863,false,עוף טוב שניצל דק ענק קריספי צ'יפס 720 גרם,מוצרי עוף טוב (2001) בע\,,שניצל עוף דקיק בציפו,גרמים,720.00,100 גרם,false,,38.90,0.0540,true,1,143865
7290014749887,false,שניצל דק ענק קריספי קלאסי עוף טוב 720 גרם,מוצרי עוף טוב (2001) בע\,,שניצל עוף דקיק ענקיס,גרמים,720.00,100 גרם,false,,39.90,0.0554,true,1,143851
7290014758100,false,מאגדת יוגורט ביו 3% שומן 8 יח' *150ג' תנובה,מיוצר עי קונדיטוריית,,יוגורט תנובה 3% 8*15,קילוגרמים,1.20,"ק""ג",false,,16.90,14.0833,true,1,26015
7290014758117,false,מאגדת יוגורט ביו 1.5% שומן 8 יח' *150 ג' תנובה,מיוצר עי קונדיטוריית,,יוגורט תנובה 1.5% 8*,קילוגרמים,1.20,"ק""ג",false,,16.90,14.0833,true,1,26016
7290014758162,false,חלב עיזים מלא 3.6% קרטון 1 ל' תנובה,הרדוף תוצרת מזון אור,,חלב תנובה עיזים מלא,ליטרים,1.00,ליטר,false,,15.50,15.5000,true,1,26018
7290014758544,false,חמאה תנובה מפוסטרת 200 ג' בדץ,תנובה מרכז שיתופי לש,,"חמאת תנובה בד""צ 200",גרמים,200.00,100 גרם,false,,7.88,0.0394,true,1,26021
7290014759084,false,גבינת שמנת נפוליאון 16% מופחת שומן תנובה 225 גרם,תנובה מרכז שיתופי לש,,נפוליאון 16% 225גר,גרמים,225.00,100 גרם,false,,13.90,0.0618,true,1,26023
7290014759701,false,"מאגדת שמינייה יופלה מעודן בד""צ בנגיעות וניל",עדן קינוחים בעמ,,יופלה יוגורט מעודן ט,קילוגרמים,1.20,"ק""ג",false,,19.90,16.5833,true,1,26029
7290014760134,false,"מעדן סויה בטעם וניל תנובה 125 מ""ל",תנובה Alternative,,גביע מעדן סויה בטעם,גרמים,125.00,100 גרם,false,,3.90,0.0312,true,1,26035
7290014760912,false,פרוסות גבינה 28% שומן 400 ג' גוש חלב,תנובה מרכז שיתופי לש,,גוש חלב 28% מהדרין 4,גרמים,400.00,100 גרם,false,,24.90,0.0622,true,1,26043
7290014761018,false,גיל בטעם וניל תנובה 125 גרם,תנובה מרכז שיתופי לש,,גיל בטעם וניל 3% 125,גרמים,125.00,100 גרם,false,,1.50,0.0120,true,1,26044
7290014761056,false,מעדן שוקולד חלב יולו תנובה 123 גרם,מיוצר עי קונדיטוריית,,יולו שוקולד חלב מעול,גרמים,122.00,100 גרם,false,,4.90,0.0402,true,1,26045
7290014761063,false,מעדן שוקולד מריר יולו תנובה 123 גרם,מיוצר עי קונדיטוריית,,יולו שוקולד מריר מעו,גרמים,122.00,100 גרם,false,,4.90,0.0402,true,1,26046
7290014761070,false,מעדן שוקולד לבן יולו תנובה 123 גרם,מיוצר עי קונדיטוריית,,יולו שוקולד לבן מעול,גרמים,122.00,100 גרם,false,,4.90,0.0402,true,1,26047
7290014761193,false,יוגורט עם פירות יער 1.5% שומן 125 ג' פרילי,תנובה מרכז שיתופי לש,,פרילי פירות יער 1.5%,גרמים,125.00,100 גרם,false,,3.50,0.0280,true,1,26048
7290014761254,false,"שמיניית יוגורט ביו 3% תנובה 150 גרם בד""ץ",תנובה מרכז שיתופי לש,,תנובה יוגורט ביו 3%,קילוגרמים,1.20,"ק""ג",false,,16.90,14.0833,true,1,26049
7290014761698,false,"גבינת עמק 28% סמי חצי קשה 600 גרם בד""ץ",תנובה מרכז שיתופי לש,,עמק סמי מעדנייה בד`צ,גרמים,600.00,100 גרם,false,,30.90,0.0515,true,1,26062
7290014762756,false,גבינת שמנת נפוליאון 16% עם בצל תנובה 225 גרם,הרדוף חלב,,נפוליאון 16% עם בצל,גרמים,225.00,100 גרם,false,,13.90,0.0618,true,1,26075
7290014762800,false,מעדן סויה שוקולד גביע 125 גרם אלטרנטיב,תנובה מרכז שיתופי לש,,גביע מעדן סויה בטעם,גרמים,125.00,100 גרם,false,,3.90,0.0312,true,1,26080
7290014762831,false,גבינת שמנת נפוליאון 16% עם פלפל חלפיניו תנובה 225 גרם,תנובה מרכז שיתופי לש,,גבינת שמנת נפוליאון,גרמים,225.00,100 גרם,false,,13.90,0.0618,true,1,26081
7290014763272,false,יוגורט סויה BIO לשתיה תות ובננה אלטרנטיב,תות תעשיות מזון (201,,משקה סויה ביו עם תות,מיליליטרים,250.00,"100 מ""ל",false,,4.90,0.0196,true,1,26092
7290014791091,false,"שוויפס לימונייד 500 מ""ל",יפאורה שותפות מובגלת לשיווק,,משקה למונייד שוופס 5,מיליליטרים,500.00,"100 מ""ל",false,,5.90,0.0118,true,1,11652
7290014855434,false,מגבונים בייביסיטר פרפורמנס מבושם רביעיה,בייביסיטר Babysitter,,בייביסיטר פרפורמנס מ,יחידה,0.00,יחידה,false,,16.90,0.0000,true,1,29524
7290014855458,false,מגבוני בייביסיטר פרפורמנס ללא בישום מארז 72X4יח',בייביסיטר Babysitter,,מגבוני בייבי פרפורמנ,יחידה,0.00,יחידה,false,,16.90,0.0000,true,1,29525
7290014940901,false,לחם פשוט מלא אנג'ל 750 גרם,מאפיית שלמה א. אנג'\ל בע,,לחם פשוט מלא אנגל 75,גרמים,750.00,100 גרם,false,,14.90,0.0199,true,1,35481
7290014945210,false,צימרוני אוזניים עץ 300 י,ltd Manufacturing .M.A,,צמרוני עץ 300 יח בשק,יח',300.00,יח',false,,3.50,0.0117,true,1,102669
7290014974562,false,גביעי גלידה רגיל טילון עלמה גילרו 24 יח',"א.ג גילרו בע""\מ",,עלמה גביעי גלידה 24,גרמים,120.00,100 גרם,false,,6.90,0.0575,true,1,41319
7290015129121,false,סקיני פסטה בצורת נודלס,הוויזאי וואנגייה פוד,,סקיני פסטה קונג'אק ב,גרמים,270.00,100 גרם,false,,11.90,0.0441,true,1,238423
7290015129145,false,אטריות קונג'אק בתוספת טפיוקה בצורת ספגטי,הוויזאי וואנגייה פוד,,סקיני פסטה קונג'אק ב,גרמים,270.00,100 גרם,false,,11.90,0.0441,true,1,238409
7290015129251,false,איטריות קונגאק ללא גלוטן 270 גרם skinny,אף.סי תבליני בגליל ב,,סקיני - פסטה פטוצ'ינ,גרמים,270.00,100 גרם,false,,11.90,0.0441,true,1,106590
7290015129749,false,סקיני פסטה שיבולת שועל נודלס 270 גרם,הוויזאי וואנגייה,,סקיני - פסטה שיבולת,גרמים,270.00,100 גרם,false,,11.90,0.0441,true,1,106591
7290015139250,false,"שוקולד מריר פצפוצי אורז כרמית 85 גרם לל""ס","כרמית תעשיות ממתקים בע""\",,חופשי שוקולד מריר עם,גרמים,85.00,100 גרם,false,,5.90,0.0694,true,1,38631
7290015150118,false,שלישיית עגבניות חתוכות דק גרנד איטליה 400 גרם,אמיליאנה קונסרב ס.פ.,,עגבניות חתוכות דק בל,גרמים,400.00,100 גרם,false,,18.90,0.0472,true,1,24771
7290015155823,false,מחית תפוחי עץ חטיפטף ללא תוספת סוכר,פרוטה פודווין איי.אס,,פאוץ' פרינוק מחית תפ,גרמים,120.00,100 גרם,false,,5.90,0.0492,true,1,3649
7290015155847,false,מחית סלט פירות חטיפטף ללא תוספת סוכר,פרוטה פודווין איי.אס,,פאוץ' פרינוק מחית סל,גרמים,120.00,100 גרם,false,,5.90,0.0492,true,1,3651
7290015156769,false,מחית פרינוק פאוץ' תפוח ואוכמניות 120 גרם,פרוטה פודווין איי.אס,,פאוץ' פרינוק תפוח וא,גרמים,120.00,100 גרם,false,,5.90,0.0492,true,1,3656
7290015156776,false,מחית פירות טרופיים חטיפטף ללא תוספת סוכר,פרוטה פודווין איי.אס,,פאוץ' פרינוק פירות ט,גרמים,120.00,100 גרם,false,,5.90,0.0492,true,1,3657
7290015156790,false,מחית לפתן פירות חטיפטף ללא תוספת סוכר,פרוטה פודווין איי.אס,,פאוץ' פרינוק לפתן פי,גרמים,120.00,100 גרם,false,,5.90,0.0492,true,1,3658
7290015156813,false,מחית פרינוק פאוץ' פירות מעורבים 120 גרם,פרוטה פודווין איי.אס,,פאוץ' פרינוק פירות מ,גרמים,120.00,100 גרם,false,,5.90,0.0492,true,1,3659
7290015193559,false,מעדני המלך אובלטים מלוחים 300 גרם,אם החיטה,,אובלטים מלח 300 גר',גרמים,300.00,100 גרם,false,,9.90,0.0330,true,1,41362
7290015193566,false,מעדני המלך אובלטים שומשום 300 גרם,אם החיטה,,אובלטים שומשום 300 ג,גרמים,300.00,100 גרם,false,,9.90,0.0330,true,1,41363
7290015193634,false,אובלטים דקיקים קימל מעדני המלך 300 גר',אם החיטה,,אובלטים קימל 300 גרם,גרמים,300.00,100 גרם,false,,9.90,0.0330,true,1,41367
7290015193832,false,ארומה-קרקר עם שומשום 300 גרם,פפושדו,,ארומה קרקר עם שומשום,גרמים,300.00,100 גרם,false,,8.70,0.0290,true,1,41369
7290015193849,false,קרקר עם מלח ארומה 300 גרם,פפושדו,,ארומה קרקר עם מלח 30,גרמים,300.00,100 גרם,false,,8.70,0.0290,true,1,41370
7290015253314,false,"פחם נמיביה אדום 4 ק""",,,"פחם נמיביה אדום 4 ק""",יחידה,0.00,יחידה,false,,26.90,0.0000,true,1,240987
7290015328579,false,מגולגלות במילוי קרם שוקולד 115 גרם,הגביע,,מגולגלות במילוי קרם,גרמים,115.00,100 גרם,false,,7.90,0.0687,true,1,13229
7290015328593,false,מגולגלות במילוי קרם אגוזים 115 גרם,הגביע,,מגולגלות במילוי קרם,גרמים,115.00,100 גרם,false,,7.90,0.0687,true,1,13230
7290015328685,false,מנורה לד 9 וולט,,,מנורת לד 9 וולט,יחידה,0.00,יחידה,false,,8.90,0.0000,true,1,13238
7290015328814,false,צימרוני אוזניים 300 יחידות,,,צימרוני אוזניים לירו,יחידה,0.00,יחידה,false,,3.90,0.0000,true,1,13249
7290015328821,false,צמרוני אוזניים שקית 100 יחידות,,,צימרוני אוזניים לירו,יחידה,0.00,יחידה,false,,1.50,0.0000,true,1,13250
7290015328838,false,קיסמי עץ לירון קרביץ,,,קיסמי עץ לירון קרביץ,יחידה,0.00,יחידה,false,,2.90,0.0000,true,1,13251
7290015347150,false,שומשום סלקטד 400 גרם מיה,מיה תעשיות מזון מ.ת.מ. ב,,זרעי שומשום מיה 400,גרמים,400.00,100 גרם,false,,14.90,0.0373,true,1,200149
7290015347174,false,"אורז פרסי סלקטד ק'ג מיה 1 ק""ג",מיה תעשיות מזון מ.ת.מ. ב,,אורז פרסי בוואקום סל,קילוגרמים,1.00,"ק""ג",false,,11.90,11.9000,true,1,15204
7290015347181,false,"שעועית לבנה סלקטד ק'ג מיה 1 ק""ג",מיה תעשיות מזון מ.ת.מ. ב,,שעועית לבנה בואקום ס,קילוגרמים,1.00,"ק""ג",false,,16.90,16.9000,true,1,15205
7290015347211,false,"גריסי פנינה סלקטד 1 ק""ג",מיה תעשיות מזון מ.ת.מ. ב,,מיה סלקטד גריסי פנינ,קילוגרמים,1.00,"ק""ג",false,,12.90,12.9000,true,1,15208
7290015347259,false,פירורי לחם מוזהבים מיה 400 גרם,מיה תעשיות מזון מ.ת.מ. ב,,פירורי לחם מוזהבים 4,גרמים,400.00,100 גרם,false,,5.90,0.0148,true,1,15211
7290015347273,false,נטיפי שוקולד אמיתי לאפיה 250 גר',מיה תעשיות מזון מ.ת.מ. ב,,נטיפי שוקולד מריר לא,גרמים,250.00,100 גרם,false,,9.90,0.0396,true,1,15213
7290015347464,false,מיה קינואה מעורבת 400 גרם,מיה תעשיות מזון מ.ת.מ. ב,,מיה קינואה מעורבת 50,גרמים,400.00,100 גרם,false,,12.90,0.0323,true,1,15226
7290015347488,false,"סוכר דמררה חום שקית מיה 1 ק""ג",מיה תעשיות מזון מ.ת.מ. ב,,סוכר דמררה בשקית מיה,קילוגרמים,1.00,"ק""ג",false,,8.90,8.9000,true,1,15228
7290015347525,false,צ'יפס בטטה עם שום ורוזמרין מיה 100 גרם,מיה תעשיות מזון מ.ת.מ. ב,,ציפס בטטה עם שום ורו,גרמים,80.00,100 גרם,false,,7.90,0.0988,true,1,15229
7290015347679,false,"תבלין צ'ילי גרוס 70 גר' צנצנת כשל""פ",מיה תעשיות מזון מ.ת.מ. ב,,צ'ילי גרוס 70 גרם צנ,גרמים,70.00,100 גרם,false,,10.90,0.1557,true,1,15233
7290015347686,false,תבלין צ'ילי גרוס 50 גר' שקית,מיה תעשיות מזון מ.ת.מ. ב,,צ'ילי גרום 50 גרם בש,גרמים,50.00,100 גרם,false,,5.90,0.1180,true,1,15234
7290015347709,false,אגוז מוסקט טחון בצנ מיה 70 גרם,מיה תעשיות מזון מ.ת.מ. ב,,אגוז מוסקט 70 גרם,גרמים,70.00,100 גרם,false,,10.90,0.1557,true,1,15236
7290015347778,false,סוכריות ג'לילנד דגים 125 גר' מיה,מיה תעשיות מזון מ.ת.מ. ב,,סוכריות ג'לי רכות דג,גרמים,125.00,100 גרם,false,,5.90,0.0472,true,1,15240
7290015347785,false,סוכריות ג'לילנד לבבות 125 גר' מיה,מיה תעשיות מזון מ.ת.מ. ב,,סוכריות ג'לי רכות לב,גרמים,125.00,100 גרם,false,,5.90,0.0472,true,1,15241
7290015347976,false,עדשי שוקולד מיה 80 גרם,מיה,,עדשי שוקולד 80גר,גרמים,80.00,100 גרם,false,,6.50,0.0813,true,1,15243
7290015347990,false,מארז שמיניית עדשי שוקולד מיה 160 גרם,מיה תעשיות מזון בעמ,,עדשי שוקולד מיה 8*20,גרמים,160.00,100 גרם,false,,12.90,0.0806,true,1,15244
7290015348096,false,"למברוסקו רוזה 750 מ""ל ""אמיליאנו""",גאטטיקו איטליה,,למברוסקו אמיליאנו רו,מיליליטרים,750.00,"100 מ""ל",false,,24.90,0.0332,true,1,9531
7290015350150,false,"יין אדום חצי יבש סגל 750 מ""ל","כרמי צבי - אחים סגל בע""\",,סגל אדום חצי יבש 750,מיליליטרים,750.00,"100 מ""ל",false,,21.90,0.0292,true,1,90826
7290015366342,false,ספירה - מילוי נוזלי להרחקת יתושים 2 יח',זובלה,,ספירה נוזל רפיל זוגו,יחידה,0.00,יחידה,false,,19.90,0.0000,true,1,3941
7290015366663,false,"משחת שיניים מנטה עדין אקווה פרש 100 מ""ל",גלקסוסמיתקליין,,מש.שיניים מנטה עדין,גרמים,100.00,100 גרם,false,,7.90,0.0790,true,1,3952
7290015366670,false,משחת שיניים הגנה משולשת מנטה מרענן,גלקסוסמיתקליין,,מש.שיניים מנטה אקווה,גרמים,100.00,100 גרם,false,,7.90,0.0790,true,1,3953
7290015597326,false,אסקימו מאגדת קלי קלות שטראוס 10 יחידות,"גלידת שטראוס בע""\מ, רחוב",,מאגדת לייט אסקימו קל,גרמים,710.00,100 גרם,false,,24.90,0.0351,true,1,4334
7290015644297,false,שישיית לחמניות פשוט מלא אנג'ל 450 גרם,מאפיית שלמה א. אנג'\ל בע,,6 לחמניות פשוט מלא א,יחידה,0.00,יחידה,false,,11.50,0.0000,true,1,35482
7290015652254,false,גרעיני חמניה קלויים 400 גרם ששון הקלה,"דין שיווק וקלייה בע""",,גרעיני חמניה קלויים,גרמים,400.00,100 גרם,false,,10.00,0.0250,true,1,4801
7290015652261,false,בוטנים קלויים 300 גרם ששון הקולה,"דין שיווק וקלייה בע""",,בוטנים קלויים ששון ה,גרמים,300.00,100 גרם,false,,10.00,0.0333,true,1,4802
7290015652278,false,תערובת פיצוחים 250 גרם ששון הקולה,"דין שיווק וקלייה בע""",,תערובת פיצוחים ששון,גרמים,250.00,100 גרם,false,,20.00,0.0800,true,1,4803
7290015652292,false,קבוקים עם שומשום ששון הקולה 400 גרם,"דין שיווק וקלייה בע""",,קבוקים עם שומשום ששו,גרמים,400.00,100 גרם,false,,10.00,0.0250,true,1,4805
7290015652308,false,מנצ'ס ששון הקולה 400 גרם,"דין שיווק וקלייה בע""",,מנצ'ס ששון הקולה 300,גרמים,300.00,100 גרם,false,,10.00,0.0333,true,1,4806
7290015652315,false,חמוציות מסוכרות 300 גרם ששון הקולה,"דין שיווק וקלייה בע""",,חמוציות מסוכרות ששון,גרמים,300.00,100 גרם,false,,10.00,0.0333,true,1,4807
7290015733205,false,תרכובת מזון לתינוקות חלבי שלב 1 אקסטרה קר מהדרין,נסטלה,,מטרנה אקסטרה קר מהדר,גרמים,700.00,100 גרם,false,,59.90,0.0856,true,1,18781
7290015733229,false,תרכובת מזון לתינוקות חלבי שלב 2 אקסטרה קר מהדרין,מטרנה,,מטרנה אקסטרה קר מהדר,גרמים,700.00,100 גרם,false,,59.90,0.0856,true,1,18782
7290015733243,false,מטרנה אקסטרה קייר מהדרין שלב 3 700 גרם,מטרנה תעשיות ש.מ.,,מטרנה אקסטרה קר מהדר,גרמים,700.00,100 גרם,false,,59.90,0.0856,true,1,18783
7290015733939,false,"תרכובת מזון A.R על בסיס חלבי בתוספת עמילן תפו""א ותירס",מטרנה תעשיות ש.מ.,,"מטרנה A.R. כשרות בד""",גרמים,700.00,100 גרם,false,,74.90,0.1070,true,1,142590
7290015781008,false,"יין VISION מרלו אדום טפרברג 750 מ""ל","יקב טפרברג 1870 בע""מ",,ויז'ן מרלו,מיליליטרים,750.00,"100 מ""ל",false,,39.90,0.0532,true,1,11811
7290015781015,false,"יין VISION מלבק טפרברג 750 מ""ל","יקב טפרברג 1870 בע""מ",,ויז'ן מלבק,מיליליטרים,750.00,"100 מ""ל",false,,39.90,0.0532,true,1,11812
7290015781046,false,"יין לבן חצי יבש ויזון 750 מ""ל","יקב טפרברג 1870 בע""מ",,ויז'ן לבן חצי יבש 75,מיליליטרים,750.00,"100 מ""ל",false,,39.90,0.0532,true,1,11813
7290015781091,false,"יין VISION קברנה סוביניון טפרברג 750 מ""ל","יקב טפרברג 1870 בע""מ",,ויז'ן קברנה סובניון,מיליליטרים,750.00,"100 מ""ל",false,,39.90,0.0532,true,1,11815
7290015781107,false,"יין סנג'ובזה 750 מ""ל IMPRESSION","יקב טפרברג 1870 בע""מ",,אימפרשן סנגובזה 750מ,מיליליטרים,750.00,"100 מ""ל",false,,49.90,0.0665,true,1,11816
7290015781114,false,"יין IMPRESSION מרלו טפרברג 750 מ""ל","יקב טפרברג 1870 בע""מ",,אימפרשן מרלו,מיליליטרים,750.00,"100 מ""ל",false,,49.90,0.0665,true,1,11817
7290015781121,false,"יין IMPRESSION קברנה סוביניון יבש טפרברג 750 מ""ל","יקב טפרברג 1870 בע""מ",,אימפרשן קברנה סובניו,מיליליטרים,750.00,"100 מ""ל",false,,49.90,0.0665,true,1,11818
7290015781152,false,"יין IMPRESSION רוזה טפרברג 750 מ""ל","יקב טפרברג 1870 בע""מ",,אימפרשן יין רוזה,מיליליטרים,750.00,"100 מ""ל",false,,49.90,0.0665,true,1,11821
7290015781169,false,"יין IMPRESSION קברנה סוביניון חצי יבש טפרברג 750 מ""ל","יקב טפרברג 1870 בע""מ",,אימפרשן אדום חצי יבש,מיליליטרים,750.00,"100 מ""ל",false,,49.90,0.0665,true,1,11822
7290015781299,false,"יין VISION שיראז אדום טפרברג 750 מ""ל","יקב טפרברג 1870 בע""מ",,ויז'ן שיראז,מיליליטרים,750.00,"100 מ""ל",false,,39.90,0.0532,true,1,11826
7290015821582,false,מארז נרות נשמה 4 יח',,,נרות נשמה 4 יחידות,יחידה,0.00,יחידה,false,,9.90,0.0000,true,1,48681
7290015856713,false,סנקסו חטיף אפונה אפוי עם אריסה 50 גרם,אפיפית נצרת (1971) ב,,חטיף אפונה אפוי עם א,גרמים,50.00,100 גרם,false,,5.90,0.1180,true,1,106206
7290015858106,false,"ממרח פסטו ביתי 180 גרם ""עללחם""","מדשא תעשיות מזון בע""\מ",,ממרח פסטו ביתי עללחם,גרמים,180.00,100 גרם,false,,16.90,0.0939,true,1,23372
7290015858113,false,"ממרח עגבניות מיובשות 180 גרם ""טריטרי""","מדשא תעשיות מזון בע""\מ",,ממרח עגבניות מיובשות,גרמים,180.00,100 גרם,false,,16.90,0.0939,true,1,23373
7290015858229,false,"טפנד זיתי קלמטה 180 גרם ""עללחם""","מדשא תעשיות מזון בע""\מ",,ממרח טפנד זיתי קלמטה,גרמים,180.00,100 גרם,false,,16.90,0.0939,true,1,23377
7290015968782,false,פדים להסרת איפור במארז 80X3 יח',F.H.P CO.LT,,פדים להסרת איפור במא,יחידה,0.00,יחידה,false,,16.90,0.0000,true,1,1041
7290016006025,false,שוופס סודה 0.50 ליטר בקבוק,יפאורה תבורי בעמ,,שוופס סודה 500מל,מיליליטרים,500.00,"100 מ""ל",false,,3.90,0.0078,true,1,11685
7290016015768,false,אננס מיובש טבעי טבעו,,,אננס מיובש טבעי טבעו,גרמים,160.00,100 גרם,false,,28.90,0.1806,true,1,212677
7290016015782,false,"רצועות פפאיה בד""צ 210 גר",,,"פפאיה מיובשת בד""צ 21",גרמים,210.00,100 גרם,false,,16.90,0.0805,true,1,212679
7290016015829,false,"תאנים מיובשות בד""צ 2",,,"תאנים מיובשות בד""צ 2",גרמים,210.00,100 גרם,false,,19.90,0.0948,true,1,212683
7290016087123,false,רוטב מתובל לפסטה בסגנון קלאסי פריניר 240 גרם,פריניר,,רוטב עגבניות מתובל ל,גרמים,240.00,100 גרם,false,,4.90,0.0204,true,1,41374
7290016087147,false,רוטב עגבניות מתובל לפיצה מרגריטה 240 גרם,פריניר,,רוטב עגבניות מתובל ל,גרמים,240.00,100 גרם,false,,4.90,0.0204,true,1,41375
7290016087222,false,פריניר רוטב עגבניות מרוכז לשקשוקה 230 גרם,פריניר ( הדס 1987) ב,,ברוטב עגבניות מרוכז,גרמים,240.00,100 גרם,false,,4.90,0.0204,true,1,41379
7290016087239,false,רוטב עגבניות מרוכז לשקשוקה פיקנטי פריניר 230 גרם,פריניר,,רוטב עגבניות לשקשוקה,גרמים,240.00,100 גרם,false,,4.90,0.0204,true,1,41380
7290016096491,false,נתחי טונה בהירה בשמן צמחי שלישיה *80ג' פילטונה,תעשיות פילטונה,,נתחי טונה בשמן צמחי,גרמים,240.00,100 גרם,false,,11.90,0.0496,true,1,26586
7290016096675,false,טונה בשמן זית פילטונ,,,טונה בשמן זית פילטונ,גרמים,240.00,100 גרם,false,,17.90,0.0746,true,1,26591
7290016096804,false,ממרח טונה פילטונה 160 גרם,,,ממרח טונה פילטונה רב,גרמים,160.00,100 גרם,false,,5.30,0.0331,true,1,161451
7290016096811,false,רביעיית ממרח טונה פילטונה 160 גר'*4,תעשיות פילטונה,,ממרח טונה פילטונה רב,גרמים,160.00,100 גרם,false,,19.90,0.1244,true,1,110484
7290016096934,false,מארז זוגות סלט טונה 2*160 ג' פילטונה,תעשיות פילטונה,,סלט טונה 2 יח' פילטו,גרמים,320.00,100 גרם,false,,11.90,0.0372,true,1,150623
7290016098181,false,עוגיות אותיות 200 גרם גלילית,,,ביסקוויט אותיות אלף-,גרמים,200.00,100 גרם,false,,4.90,0.0245,true,1,101216
7290016104271,false,ריבת חלב בצנצנת 20% חלב,פוליבה,,ריבת חלב 340 גר`,גרמים,340.00,100 גרם,false,,12.90,0.0379,true,1,13270
7290016104370,false,"תמצית אפייה רום 50 מ""ל",פוליבה,,תמצית בטעם רום 50 מ,מיליליטרים,50.00,"100 מ""ל",false,,2.90,0.0580,true,1,13273
7290016104615,false,סילאן סירופ תמרים פוליבה צנצנת 900 ג',,,סילאן תמרים 900 גרם,גרמים,900.00,100 גרם,false,,12.90,0.0143,true,1,13277
7290016104868,false,סירופ מייפל פוליבה 700 גר',פוליבה,,סירופ בטעם מייפל 700,גרמים,700.00,100 גרם,false,,12.90,0.0184,true,1,13284
7290016104875,false,סירופ שוקולד פוליבה 700ג',פוליבה,,סירופ בטעם שוקולד 70,גרמים,700.00,100 גרם,false,,12.90,0.0184,true,1,13285
7290016114300,false,נייר טואלט דו שכבתי אורך כפול לבן לילי 16 גלילים,לילי נייר טואלט חוגלה,,לילי גליל כפול 16 גל,מטרים,588.00,מטר,false,,37.90,0.0645,true,1,9066
7290016117417,false,כרית יפנית 6 יח,,,כרית יפנית 6 יח,יחידה,0.00,יחידה,false,,8.90,0.0000,true,1,289375
7290016144017,false,"קמח מלא נפלאות 100% ללא ניפוי 1 ק""ג",קמח מלכים,,קמח מלא 100% מנופה נ,קילוגרמים,1.00,"ק""ג",false,,9.90,9.9000,true,1,47344
7290016197488,false,מטליות מיקרופייבר למשטחים ניקול 3יח',חוגלה קימברלי,,מטלית קסם לשיש מארז,יחידה,0.00,יחידה,false,,11.90,0.0000,true,1,9079
7290016197495,false,ניקול זוג מטליות הקסם מיקרופייבר לרצפה,חוגלה קימברלי,,מטלית קסם לרצפה מארז,יחידה,0.00,יחידה,false,,18.90,0.0000,true,1,9080
7290016197877,false,שקיות אשפה לפחים בינוניים עם שרוך 50 * 53 ניקול 50 יחידות,"אשפלסט תעשיות בע""מ",,שקית לפחי מטבח קטנים,יחידה,0.00,יחידה,false,,19.90,0.0000,true,1,9088
7290016233384,false,גפילטע פיש 7 קציצות תומר 555 גרם,דג טעים ירושלים,,גפילטא פיש 7 קציצות,גרמים,555.00,100 גרם,false,,14.90,0.0268,true,1,25170
7290016246018,false,בארכה מיקס פינוקיות חלבה 10*20 גרם.,"רושדי תעשיות מזון בע""\מ",,בארכה מיקס פינוקיות,גרמים,200.00,100 גרם,false,,12.90,0.0645,true,1,18786
7290016246025,false,בארכה מיקס פינוקיות חלווה ללא סוכר 10*20ג,"רושדי תעשיות מזון בע""\מ",,בארכה פנוקיות חלבה ל,גרמים,200.00,100 גרם,false,,12.90,0.0645,true,1,18787
7290016246209,false,"חטיף חלבה וניל 100 גרם ""בארכה""","רושדי תעשיות מזון בע""\מ",,בארכה חטיף חלבה וניל,גרמים,100.00,100 גרם,false,,3.90,0.0390,true,1,18789
7290016246292,false,בארכה - חטיף בקטנה חלבה וניל לוז 18 גרם * 7,"רושדי תעשיות מזון בע""\מ",,בארכה בקטנה חטיף חלב,גרמים,120.00,100 גרם,false,,11.90,0.0992,true,1,18791
7290016246445,false,בארכה טחינה גולמית מעודנת שומשום מלא 310 גם,"רושדי תעשיות מזון בע""\מ",,בארכה טחינה גולמית מ,גרמים,310.00,100 גרם,false,,12.90,0.0416,true,1,18793
7290016246490,false,בארכה חלבה קלאסית 400 גרם,רושדי תעשיות מזון בע,,בארכה חלבה קלאסית 40,גרמים,400.00,100 גרם,false,,10.50,0.0263,true,1,18795
7290016372342,false,עגבניות חתוך קוביות גראנד איטליה מארז 400X3ג',גרנד איטליה Grand Italia,,עגבניות חתוכות לקובי,גרמים,400.00,100 גרם,false,,18.90,0.0472,true,1,24797
7290016372489,false,ויסוצקי חליטת ג'ינג'ר ולימון סודות הצמחים 25 שקיקים,תה ויסוצקי,,סודות הצמחים ג'ינג'ר,גרמים,30.00,100 גרם,false,,17.90,0.5967,true,1,24805
7290016373707,false,מקלות חמוצים בטעם אפרסק 20גרם טעמן,אלבן מזון תעשיות ומס,,מקלות חמוצים אפרסק 1,גרמים,18.00,100 גרם,false,,1.90,0.1056,true,1,9925
7290016408447,false,קרקר עגבניות ובזיליקום כרמית 130 גרם,דנוויטה ג'\יי. אס. סי,,חטיף קרקר עם עגבניות,גרמים,130.00,100 גרם,false,,5.90,0.0454,true,1,38702
7290016437621,false,חיתולי האגיס פרידום דריי pants מידה 4 36 יחידות,קימברלי קלארק צ'כיה,,האגיס פרידום דריי 3,יחידה,0.00,יחידה,false,,45.90,0.0000,true,1,9098
7290016437645,false,חיתולי האגיס פרידום דריי pants מידה 5 34 יחידות,קימברלי קלארק צ'כיה,,האגיס פרידום דריי 32,יחידה,0.00,יחידה,false,,45.90,0.0000,true,1,9099
7290016437652,false,חיתולי האגיס פרידום דריי pants מידה 6 30 יחידות,קימברלי קלארק צ'כיה,,האגיס פרידום דריי 26,יחידה,0.00,יחידה,false,,45.90,0.0000,true,1,9100
7290016437713,false,תחבושות סופר 22*2 יחידות,חוגלה קימברלי,,תחבושות קוטקס סופר פ,יחידה,0.00,יחידה,false,,37.90,0.0000,true,1,9103
7290016437720,false,אריזת ענק תחבושות נורמל,קימברלי קלארק,,תחבושות יאנג נורמל ק,יחידה,0.00,יחידה,false,,37.90,0.0000,true,1,9104
7290016437737,false,תח.קוטקס יאנג נייט20*2יח,חוגלה קימברלי,,תחבושות יאנג נייט קו,יחידה,0.00,יחידה,false,,37.90,0.0000,true,1,9105
7290016496208,false,פתיל צף עגול בינוני מוכן,שלהבת,,פתיל צף עגול,יחידה,0.00,יחידה,false,,5.90,0.0000,true,1,46482
7290016509786,false,פרסיל גל לכביסה לבנה וצבעונית-ירוק 2.5 ל,"הנקל סוד בע""\מ",,פרסיל ג'ל 2.5 ליטר י,ליטרים,2.50,ליטר,false,,35.90,14.3600,true,1,34897
7290016509823,false,ג'ל לכביסה לבנה וצבעונית בניחוח רענן,"הנקל סוד בע""\מ",,פרסיל ג'ל 2.5 ליטר ב,ליטרים,2.50,ליטר,false,,35.90,14.3600,true,1,34901
7290016509847,false,פרסיל ג'ל לכביסה כהה בלאק 2.5 ליטר,"הנקל סוד בע""\מ",,פרסיל ג'ל 2.5 ליטר ב,ליטרים,2.50,ליטר,false,,35.90,14.3600,true,1,34903
7290016682250,false,מיץ תפוז גזר פרי ניב 1 ליטר,פרי ניב,,מיץ תפוז וגזר סחוט 1,ליטרים,1.00,ליטר,false,,16.90,16.9000,true,1,318562
7290016682441,false,100% מיץ תפוזים מיוצר מרכז טבעי,פרי ניב,,פריניב מיץ תפוזים סח,ליטרים,1.00,ליטר,false,,13.90,13.9000,true,1,226811
7290016693546,false,"יין קברנה עונות ארזה 750 מ""ל",יקבי ארזה,,יין עונות קברנה 750,מיליליטרים,750.00,"100 מ""ל",false,,30.90,0.0412,true,1,11922
7290016693966,false,מיץ ענבים לקידוש 75,,,מיץ ענבים לקידוש 75,מיליליטרים,750.00,"100 מ""ל",false,,11.50,0.0153,true,1,120659
7290016717099,false,"יין כרמל סלקטד אדום חצי יבש, 750 מ""ל",יקבי כרמל Carmel Winery,,יין סלקטד אדום חצי י,מיליליטרים,750.00,"100 מ""ל",false,,29.90,0.0399,true,1,625
7290016717631,false,יין מוסקטו בעל חוזק אלכוהול נמוך פרייבט קולקשן,אגודת הכורמים הקואופרטיב,,יין P.C מוסקטו יין,מיליליטרים,750.00,"100 מ""ל",false,,39.90,0.0532,true,1,632
7290016717754,false,"יין ישן נושן יקבי כרמל 750 מ""ל ^^^",אגודת הכורמים הקואופרטיב,,"ישן נושן 750מ""ל.",מיליליטרים,750.00,"100 מ""ל",false,,18.90,0.0252,true,1,633
7290016867008,false,"לחם כוסמין מחמצת ד""ר מרק",המאפה של דר' מארק,,לחם כוסמין מחמצת 700,גרמים,700.00,100 גרם,false,,17.90,0.0256,true,1,188789
7290016867114,false,לחם כוסמין קל מלא 500 גר',המאפה של דר מרק בריא,,לחם כוסמין קל מלא 50,גרמים,500.00,100 גרם,false,,17.90,0.0358,true,1,188790
7290016867145,false,"מארז פיתות קלות קמח מלא 6 יחידות ד""ר מרק",המאפה של דר מרק בריא,,פיתות קלות קמח מלא 3,גרמים,360.00,100 גרם,false,,13.90,0.0386,true,1,188867
7290016867152,false,"מארז פיתות קלות כוסמין 5 יחידות ד""ר מרק",המאפה של דר מרק בריא,,פיתות קלות כוסמין 29,גרמים,292.00,100 גרם,false,,13.90,0.0476,true,1,188868
7290016867176,false,"מארז לחמניות קלות כוסמין שומשום במתיקות מעודמת 5 יחידות ד""ר מרק",המאפה של דר מרק,,לחמניות ק. כוסמין שו,גרמים,300.00,100 גרם,false,,13.90,0.0463,true,1,188851
7290016867244,false,שישיה לחמניות כוסמין בתוספת מחמצת 99 קלוריות,המאפה של דר מרק בריא,,לחמניות מחמצת כוסמין,גרמים,321.00,100 גרם,false,,14.90,0.0464,true,1,188835
7290016967074,false,לחם חיטה מלאה עם גרעינים ודגנים,מאפיית שלמה א. אנג'\ל בע,,חיטה מלאה אנגל 750 ג,גרמים,750.00,100 גרם,false,,16.90,0.0225,true,1,35487
7290017023182,false,"שוופס מוגז פירות תפוח פחית 330 מ""ל",,,פחית שוופס משקה תפוח,מיליליטרים,300.00,"100 מ""ל",false,,4.20,0.0140,true,1,36206
7290017023199,false,"שוויפס מוגז תות ליים פחית סליק 330 מ""ל",,,פחית שוופס גזוז בטעם,מיליליטרים,0.00,"100 מ""ל",false,,4.20,0.0000,true,1,206712
7290017023205,false,"שוויפס מוגז ענבים פחית סליק 330 מ""ל",,,פחית שוופס גזוז בטעם,מיליליטרים,330.00,"100 מ""ל",false,,4.20,0.0127,true,1,36208
7290017023212,false,"שוויפס מוגז פירות תפוח מארז רביעייה* 330 מ""ל",יפאורה תבורי בעמ,,רביעיית משקה שוופס ב,ליטרים,1.32,ליטר,false,,13.90,10.5303,true,1,11717
7290017023229,false,רביעיית פחיות שוופס מוגז פירות תות ליים 330 מל.,יפאורה תבורי בעמ,,רביעיית משקה שוופס ב,ליטרים,1.32,ליטר,false,,13.90,10.5303,true,1,11718
7290017023236,false,רביעיית פחיות שוופס מוגז פירות ענבים 330 מל.,יפאורה תבורי בעמ,,רביעיית משקה שוופס ב,ליטרים,1.32,ליטר,false,,13.90,10.5303,true,1,11719
7290017023670,false,"שוויפס מוגז למונייד פחית סליק 330 מ""ל",,,פחית שוופס לימונייד,מיליליטרים,330.00,"100 מ""ל",false,,4.20,0.0127,true,1,11735
7290017023809,false,"ספרינג אגס סברס תפוח 250 מ""ל רביעייה","יפאורה תבורי בע""\מ",,ספרינג אגס סברס תפוח,ליטרים,1.00,ליטר,false,,11.20,11.2000,true,1,11739
7290017023816,false,"ספרינג  פירות טרופיים 250 מ""ל רביעייה","יפאורה תבורי בע""\מ",,ספרינג פירות טרופיים,ליטרים,1.00,ליטר,false,,11.20,11.2000,true,1,11740
7290017023823,false,"ספרינג תות בננה 250 מ""ל רביעייה","יפאורה תבורי בע""\מ",,ספרינג תות בננה 250,ליטרים,1.00,ליטר,false,,11.20,11.2000,true,1,11741
7290017023977,false,"ספרינג תות בננה 250 מ""ל",,,ספרינג תות בננה 250,מיליליטרים,250.00,"100 מ""ל",false,,3.80,0.0152,true,1,11752
7290017058573,false,תומר פרוסות פלפל חלפיניו בחומץ 340 גרם,אינדיה אגרו אקספורט,,פרוסות פלפל חלפיניו,גרמים,340.00,100 גרם,false,,8.90,0.0262,true,1,25189
7290017058689,false,זית שחור טבעי תומר 4,מסנוי גידה רעהס,,זית שחור טבעי תומר 4,גרמים,400.00,100 גרם,false,,14.90,0.0373,true,1,25192
7290017062686,false,מרכך כביסה מרוכז בייבי טאצ 1ל',סאסאטק,,מרכך כביסה מרוכז טאצ,ליטרים,1.00,ליטר,false,,12.90,12.9000,true,1,112300
7290017062723,false,מרכך כביסה מרוכז ירוק 1*5 ליטר טאצ,,,מרכך כביסה מרוכז טאצ,ליטרים,1.00,ליטר,false,,12.90,12.9000,true,1,112302
7290017062730,false,"נוזל כלים לבנדר 36% 750 מ""ל טא'צ+משאבה",,,נוזל כלים לבנדר 36%,מיליליטרים,750.00,"100 מ""ל",false,,8.90,0.0119,true,1,103581
7290017062747,false,"נ.כלים 36% תפוח טאצ' +משאבה 750 מ""ל",,,נוזל כלים תפוח 36% 7,מיליליטרים,750.00,"100 מ""ל",false,,8.90,0.0119,true,1,103595
7290017062754,false,"נ.כלים 36% לימון טאצ' +משאבה 750 מ""ל",,,נוזל כלים לימון 36%,מיליליטרים,750.00,"100 מ""ל",false,,8.90,0.0119,true,1,104922
7290017068350,false,עדשים שחורות בלוגה מיה 500 גרם,מיה,,עדשים שחורות בלוגה מ,גרמים,500.00,100 גרם,false,,7.90,0.0158,true,1,235762
7290017068367,false,שמרים בוואקום 125 גרם,מיה,,מיה שמרים בוואקום 12,גרמים,125.00,100 גרם,false,,4.90,0.0392,true,1,15270
7290017068374,false,שמרים יבשים בואקום מיה 500 גרם,angle yeast co ltd,,מיה שמרים בוואקום 50,גרמים,500.00,100 גרם,false,,10.90,0.0218,true,1,15271
7290017068886,false,ג'לי דובונים בציפוי שמן 350 גרם,מיה תעשיות מזון בעמ,,ג'לי דובונים מיה 350,גרמים,350.00,100 גרם,false,,14.90,0.0426,true,1,234046
7290017068893,false,ג'לי דגיגים בציפוי סוכר 350 גרם,מיה תעשיות מזון בעמ,,ג'לי דגיגים בציפוי ס,גרמים,350.00,100 גרם,false,,14.90,0.0426,true,1,234066
7290017068909,false,ג'לי לבבות בציפוי שמן 350 גרם,מיה תעשיות מזון בעמ,,ג'לי לבבות מיה 350 ג,גרמים,350.00,100 גרם,false,,14.90,0.0426,true,1,92051
7290017068923,false,ג'לי  בינס קרנבל 375 גרם,מיה תעשיות מזון בעמ,,ג'לי בינס קרנבל מיה,גרמים,350.00,100 גרם,false,,14.90,0.0426,true,1,234067
7290017068954,false,"אורז בסמטי סלקטד מיה 1 ק""ג",מיה תעשיות מזון בעמ,,"אורז בסמטי 1 ק""ג מיה",קילוגרמים,1.00,"ק""ג",false,,14.90,14.9000,true,1,200163
7290017068978,false,שיבולת שועל מלאה להכנה מהירה מיה 500 גרם,מיה,,שיבולת שועל מלאה להכ,קילוגרמים,1.00,"ק""ג",false,,9.90,9.9000,true,1,285751
7290017068985,false,שיבולת שועל מלאה עבה מיה 500 גרם,מיה,,שיבולת שועל מלאה עבה,קילוגרמים,1.00,"ק""ג",false,,9.90,9.9000,true,1,285737
7290017079974,false,סרדינים בשמן פלפל חריף טעמן 125 גרם,,,סרדינים בשמן קנולה (,גרמים,125.00,100 גרם,false,,7.90,0.0632,true,1,258753
7290017088082,false,בייביסיטר - חיתולי סטנדרט מידה 5 - 36 יח',די.פי.אל תעשיות מוצרים ח,,חיתולי ביייביסיטר סט,יח',36.00,יח',false,,34.90,0.9694,true,1,289281
7290017088099,false,בייביסיטר - חיתולי סטנדרט מידה 6 - 30 יח',די.פי.אל תעשיות מוצרים ח,,חיתולי ביייביסיטר סט,יח',34.00,יח',false,,34.90,1.0265,true,1,289282
7290017088105,false,טיטולי בייביסיטר מידה 3 38 יח,די.פי.אל תעשיות מוצר,,ביייביסיטר נוחות מיד,יח',40.00,יח',false,,34.90,0.8725,true,1,29541
7290017088112,false,חיתולי בייביסיטר נוחות מידה 4 36 יח',די.פי.אל תעשיות מוצר,,ביייביסיטר נוחות מיד,יח',36.00,יח',false,,34.90,0.9694,true,1,29542
7290017088129,false,טיטולי בייביסיטר מידה 4+ 34 יח,די.פי.אל תעשיות מוצר,,ביייביסיטר נוחות מיד,יח',40.00,יח',false,,34.90,0.8725,true,1,29543
7290017088631,false,רבעיית מגבונים תולי ללא בישום 72*4 יחידות,DPL,,מגבון Tooly רביעייה,יחידה,0.00,יחידה,false,,10.50,0.0000,true,1,63411
7290017088686,false,מגבון ידיים 70% אלכוהול ALCO CARE,,,מגבון ידיים קניסטר 7,יחידה,0.00,יחידה,false,,12.90,0.0000,true,1,56119
7290017088693,false,קוויק מטליות לחות לניקוי וחיטוי רצפות ניחוח לוונדר 10 יחידות,די.פי.אל,,מגבונים לניקוי וחיטו,יח',10.00,יח',false,,10.90,1.0900,true,1,29547
7290017088822,false,BREEZE תחבושות לבריחת שתן אקסטרה (10 יח'),ניאופארם,,תחבושות Breeze לבריח,יח',12.00,יח',false,,18.90,1.5750,true,1,147760
7290017088914,false,מגבונים בייביסיטר מבושם 66X6 יח',די.פי.אל,,מגבונים מבושם בייביס,יחידה,0.00,יחידה,false,,16.90,0.0000,true,1,97825
7290017088969,false,חיתולי בייביסיטר ניו בורן מידה 1 42 יח',די.פי.אל תעשיות מוצרים ח,,חיתולי בייביסיטר NB,יחידה,0.00,יחידה,false,,29.90,0.0000,true,1,194819
7290017088983,false,חיתולי בייביסיטר ניו בורן מידה 2 38 יחי',די.פי.אל תעשיות מוצרים ח,,חיתולי בייביסיטר NB,יחידה,0.00,יחידה,false,,29.90,0.0000,true,1,194820
7290017105048,false,שלישיית טבעות זיתים זיתים יכין 200 גרם,יכין,,טבעות ירוקים זיתים י,גרמים,200.00,100 גרם,false,,11.90,0.0595,true,1,72317
7290017105895,false,גרגרי חומוס להכנת חומוס משובח יכין 560 ג,זנלכל,,גרגרי חומוס מסעדות י,גרמים,550.00,100 גרם,false,,9.90,0.0180,true,1,82843
7290017129761,false,שוקולד פרימיום 70% מריר בטעם תפוז כרמית 100 גרם,"כרמית תעשיות ממתקים בע""\",,אגו שוקולד פרימיום מ,גרמים,100.00,100 גרם,false,,7.90,0.0790,true,1,38765
7290017129778,false,שוקולד פרימיום 70% מריר בטעם קפה כרמית 100 גרם,"כרמית תעשיות ממתקים בע""\",,אגו שוקולד פרימיום מ,גרמים,100.00,100 גרם,false,,7.90,0.0790,true,1,38766
7290017129884,false,חמישיות שוקולד מריר 44% 85 גר*5*12 בקרטון,"כרמית תעשיות ממתקים בע""\",,חמישיית שוקולד מריר,גרמים,425.00,100 גרם,false,,15.90,0.0374,true,1,129396
7290017142128,false,"שמן זית כתית מעולה קלאסי עץ הזית 750 מ""ל",שמן תעשיות בעמ,,שמן זית כתית מעולה ק,מיליליטרים,750.00,"100 מ""ל",false,,33.90,0.0452,true,1,29353
7290017142159,false,"שלישיית נתחי טונה בהירה בשמן זית 80 גרם ""עץ הזית""",הנסיך- מפעל לייצור ט,,נתחי טונה בהירה בשמן,גרמים,240.00,100 גרם,false,,23.90,0.0996,true,1,29354
7290017142180,false,פילה טונה בשמן זית בטעם לימון עם פלפל שחור 120 ג',"יוניקורד ח.צ בע""מ",,פילה טונה פרוס זית ל,גרמים,120.00,100 גרם,false,,14.90,0.1242,true,1,29356
7290017142289,false,"תרסיס שמן חמניות מזוכך עץ הזית 200 מ""ל",י.ב טכנולוגיות אריזה בעמ,,תרסיס שמן חמניות עץ,מיליליטרים,200.00,"100 מ""ל",false,,17.90,0.0895,true,1,29362
7290017142340,false,שמן זרעי ענבים מזוכך 1 לי עץ הזית,אף.ג'\יי.סנצ'\ז סוקחורס,,שמן זרעי ענבים מזוכך,ליטרים,1.00,ליטר,false,,29.90,29.9000,true,1,29366
7290017142371,false,"שמן שומשום לא מזוכך עץ הזית 250 מ""ל",גאה די. או. או.,,שמן שומשום לא מזוכך,מיליליטרים,250.00,"100 מ""ל",false,,29.90,0.1196,true,1,29369
7290017142395,false,"LUNCH TO GO פסטה עם טונה בשמן זית 160 גרם ""עץ הזית""",יוניקורד ח.צ בעמ,,פסטה עם טונה בשמן זי,גרמים,160.00,100 גרם,false,,13.90,0.0869,true,1,29371
7290017239200,false,סלמון נורווגי מעושן,,,סלמון נורווגי מעושן,גרמים,100.00,100 גרם,false,,15.90,0.1590,true,1,139979
7290017266060,false,וופל קראנצ`מילוי קרם בטעם שוקולד 175 גר,גילרו,,וופל שוקו בלגי ללא ס,גרמים,175.00,100 גרם,false,,6.90,0.0394,true,1,41385
7290017266909,false,וופלים מעולים במילוי קרם בטעם שוקולד SUNי 200 גרם,"גילרו בע""מ",,ופלים מעולים במילוי,גרמים,200.00,100 גרם,false,,4.90,0.0245,true,1,304733
7290017266916,false,וופלים מעולים במילוי קרם בטעם לימון SUNי 200 גרם,"גילרו בע""מ",,ופלים מעולים במילוי,גרמים,200.00,100 גרם,false,,4.90,0.0245,true,1,304734
7290017285726,false,"מרכך סרקל ד""ר פישר 1 ליטר",פישר מעבדות פרמצבטיות בע,,מעצב שיער סרקל 1 ל',ליטרים,1.00,ליטר,false,,29.90,29.9000,true,1,115677
7290017289618,false,"יין IMPRESSION פטיט סירה 150 שנה טפרברג 750 מ""ל",יקב טפרברג 1870 בעמ,,IMPRESSION פטיט סירה,מיליליטרים,750.00,"100 מ""ל",false,,49.90,0.0665,true,1,288624
7290017304519,true,חלה חצי מתוקה ארוזה,,,חלה חצי מתוקה ארוזה,גרמים,500.00,100 גרם,false,,15.90,0.0318,true,1,66326
7290017304885,false,לחם שיפון מחיטה מלאה ללא תוספת סוכר 750 ג' אנג'ל,מאפיית שלמה א. אנג'\ל בע,,לחם שיפון וחיטה מלאה,גרמים,750.00,100 גרם,false,,16.90,0.0225,true,1,35493
7290017440279,false,"ד""ר פישר - קידס אל סבון ויטמינים 750 מ""ל",פישר תעשיות,,"ד""ר פישר אל סבון קי",מיליליטרים,750.00,"100 מ""ל",false,,16.90,0.0225,true,1,29303
7290017457727,false,"סוד כחול מרכך כביסה מרוכז20%+בישום 900 מ""ל",הנקל סוד,,מרכך כביסה מרוכז סוד,מיליליטרים,900.00,"100 מ""ל",false,,9.90,0.0110,true,1,34921
7290017457734,false,"סוד ורוד מרכך כביסה מרוכז20%+בישום 900 מ""ל",הנקל סוד,,מרכך כביסה מרוכז סוד,מיליליטרים,900.00,"100 מ""ל",false,,9.90,0.0110,true,1,34922
7290017477169,false,קשיו קלוי 250 גרם ששון הקולה,"דין שיווק וקלייה בע""",,קשיו קלוי ששון הקולה,גרמים,250.00,100 גרם,false,,20.00,0.0800,true,1,4885
7290017589565,false,"ברקן, גוורצטרמינר לבן חצי יבש 750 מל",יקבי ברקן שיווק והפצ,,"קלאסיק גוורץ 750 מ""ל",מיליליטרים,750.00,"100 מ""ל",false,,32.90,0.0439,true,1,9543
7290017595023,false,כוסיות לנרונים עם סיליקון,,,כוסית זכוכית עם סילי,יחידה,0.00,יחידה,false,,2.90,0.0000,true,1,46483
7290017595047,false,זוג כוסיות לנרונים שלהבת,שלהבת,,זוג כוסיות קריסטל מע,יחידה,0.00,יחידה,false,,14.90,0.0000,true,1,48702
7290017595061,false,זוג כוסיות לנרונים 2 יח',,,זוג כוסיות שלהבת מעג,יחידה,0.00,יחידה,false,,4.90,0.0000,true,1,48703
7290017599250,false,סוכרזית קלאסי 120 שקיות,ביסקול בע''מ,,סוכרזית קלאסי ממתיק,גרמים,120.00,100 גרם,false,,16.90,0.1408,true,1,311501
7290017599267,false,סוכרלוז 120 שקיות ממתיק שולחני,סוכרזית Sucrazit,,סוכרזית סוכרלוז ממתי,גרמים,120.00,100 גרם,false,,24.90,0.2075,true,1,314978
7290017599274,false,סוכרזית סטיוויה 120 שקיות,ביסקול בע''מ,,סוכרזית סטיוויה ממת,גרמים,120.00,100 גרם,false,,24.90,0.2075,true,1,313096
7290017617084,false,סטארקיסט מיקס טוגו טונה עם שעועית 185 גרם,דרדנל אונוסטאס גידה,,סטארקיסט מיקס 185 גר,גרמים,185.00,100 גרם,false,,12.90,0.0697,true,1,242876
7290017617091,false,סטארקיסט מיקס טוגו טונה עם פתיתים 185 גרם,דרדנל אונוסטאס גידה,,סטארקיסט מיקס 185 גר,גרמים,185.00,100 גרם,false,,12.90,0.0697,true,1,201506
7290017617107,false,סטארקיסט מיקס טוגו טונה עם 4 דגנים 185 גרם,"איטיליאן פוד, אס.פי.",,סטארקיסט מיקס 185 גר,גרמים,185.00,100 גרם,false,,12.90,0.0697,true,1,201507
7290017641096,false,"שוקולד פרימיום 70% לל""ס 100גרם בדצ *12יח*2 בדיס",כרמית תעשיות ממתקים,,שוקולד מריר מעולה קל,גרמים,100.00,100 גרם,false,,8.90,0.0890,true,1,245616
7290017641508,false,"כדורים פריכים מצופים שוקולד חלב 55 גר כשל""פ",כרמית תעשיות ממתקים בעמ,,אגו מיקס כדורי שוקול,גרמים,55.00,100 גרם,false,,4.90,0.0891,true,1,38798
7290017641720,false,שוקולד פרימיום 70% שברי שקד כרמית 100 גרם,כרמית תעשיות ממתקים בעמ,,שוקולד 70% שברי שקד,גרמים,100.00,100 גרם,false,,7.90,0.0790,true,1,38808
7290017641737,false,שוקולד פרימיום 70% שברי אגוז כרמית 100 גרם,"כרמית תעשיות ממתקים בע""\",,שוקולד 70% שברי אגוז,גרמים,100.00,100 גרם,false,,7.90,0.0790,true,1,38809
7290017641744,false,"חטיפי קרח גדולים בטעמי פטל, לימון, ענבים ואננס",HIQ FOOD PRODUCTS,,איגלו סטיקס כרמית 8*,גרמים,800.00,100 גרם,false,,4.90,0.0061,true,1,72020
7290017641997,false,"שוקולד מריר עם שברי אגוזי לוז פרימיום 70% לל""ס כרמית","כרמית תעשיות ממתקים בע""\",,שוקולד מריר מעולה עם,גרמים,100.00,100 גרם,false,,8.90,0.0890,true,1,245617
7290017677804,false,"רוטב סויה קיקומן ללא חומרים משמרים 444 מ""ל",קיקומן פודז אינק,,קיקומן רוטב סויה ללא,מיליליטרים,444.00,"100 מ""ל",false,,19.90,0.0448,true,1,5334
7290017682945,true,מגב SILICONE - ONE ח,,,מגב SILICONE - ONE ח,יחידה,0.00,יחידה,false,,24.90,0.0000,true,1,75261
7290017715674,false,A2 זית ירוק חרוזית תומר 560 גרם,,,זית ירוק חרוזית תומר,גרמים,560.00,100 גרם,false,,9.90,0.0177,true,1,65754
7290017812052,false,יין שיראז-קברנה סוביניון אקסלנס יקבי כרמל,יקבי כרמל Carmel Winery,,אקסלנס שיראז קברנה ס,מיליליטרים,750.00,"100 מ""ל",false,,25.90,0.0345,true,1,636
7290017812069,false,יין אמרלד ריזלינג שרדונה אקסלנס Excellence,יקבי כרמל Carmel Winery,,אקסלנס ריזלינג שרדונ,מיליליטרים,750.00,"100 מ""ל",false,,25.90,0.0345,true,1,637
7290017812380,false,תירוש מיץ ענבים אדום,,,תירוש מיץ ענבים אדום,מיליליטרים,750.00,"100 מ""ל",false,,12.90,0.0172,true,1,644
7290017812571,false,מיץ ענבים תירוש אדום 100% טבעי כרמל 1 ליטר,יקבי כרמל Carmel Winery,,תירוש מיץ ענבים אדום,ליטרים,1.00,ליטר,false,,19.90,19.9000,true,1,53007
7290017812588,false,מיץ ענבים תירוש לבן 100% טבעי כרמל 1 ליטר,יקבי כרמל Carmel Winery,,תירוש מיץ ענבים לבן,ליטרים,1.00,ליטר,false,,19.90,19.9000,true,1,53021
7290017812618,false,מיץ ענבים תירוש אדום רוזה כרמל 1 ליטר,כרמל מזרחי,,מיץ ענבים רוזה תירוש,ליטרים,1.00,ליטר,false,,19.90,19.9000,true,1,68773
7290017812663,false,"תירוש לבן מיץ ענבים מבעבע כרמל 750 מ""ל",ג'\קובז'\י איי.אי פיגלי,,תירוש לבן מבעבע יקבי,מיליליטרים,750.00,"100 מ""ל",false,,20.90,0.0279,true,1,170148
7290017812830,false,יין רוזה פרייבט קולקשיין 750מל יקבי כרמל,"כד בני דרום בע""מ",,יין רוזה פרייבט קולק,מיליליטרים,750.00,"100 מ""ל",false,,39.90,0.0532,true,1,170066
7290017812977,false,"יין קריניאנו סלקטדאננס באז כרמל 750 מ""ל",כרמל מזרחי,,יין באזז אננס יקבי כ,מיליליטרים,750.00,"100 מ""ל",false,,27.90,0.0372,true,1,150460
7290017884455,false,"אריאל כשל""פ- ג'חנון600 גר'",מאפיית אריאל,,ג'חנון 600 גרם מאפית,גרמים,600.00,100 גרם,false,,21.90,0.0365,true,1,51554
7290017888019,false,"משקה תפוח רימון סלק גינגיר פרות &ווג 350 מ""ל",מיוצר עי קונדיטוריית,,פרוט & וג' תפוח רימו,מיליליטרים,330.00,"100 מ""ל",false,,7.90,0.0239,true,1,11755
7290017888026,false,"משקה אננס תפוח גזר פרות & ווג 350 מ""ל",פרוט אנד וג' Fruit & Veg,,פרוט & וג' אננס תפוח,מיליליטרים,330.00,"100 מ""ל",false,,7.90,0.0239,true,1,11756
7290017888033,false,"משקה בננה מלון נענע פרות &ווג 350 מ""ל",פרוט אנד וג' Fruit & Veg,,פרוט & וג' בננה מלון,מיליליטרים,330.00,"100 מ""ל",false,,7.90,0.0239,true,1,11757
7290017894041,false,"פתיתי שיבולת שועל דקה לל""ג דגש 400 גרם",דגש,,דגש פתיתי שיבולת שוע,גרמים,400.00,100 גרם,false,,19.90,0.0497,true,1,106347
7290017894119,false,פוזילי אורז תירס דגש 400 גרם,אנדריאני,,דגש פוזלי אורז תירס,גרמים,400.00,100 גרם,false,,9.90,0.0248,true,1,106575
7290017928036,false,מאיר בייגל מקלות גריסיני שומשום 175 גרם,מאיר את בייגל,,מקלות גריסיני שומשום,גרמים,175.00,100 גרם,false,,11.90,0.0680,true,1,5335
7290017928043,false,מקלות גריסיני קראנץ' מלח מאיר בייגל 175 גרם,מאיר את בייגל,,גריסיני קראנץ' מלח מ,גרמים,175.00,100 גרם,false,,11.90,0.0680,true,1,5336
7290017928616,false,מאיר בייגל שטוחהלה שומשום 300 גר',מאיר את בייגל,,שטוחלה שומשום מאיר ב,גרמים,300.00,100 גרם,false,,11.90,0.0397,true,1,5347
7290017928807,false,בייגלה אצבעות שומשום מאיר בייגל 300 גרם,מאיר את בייגל,,אצבעות שומשום מאיר ב,גרמים,300.00,100 גרם,false,,11.90,0.0397,true,1,5350
7290017941196,false,סכינים עבות 100 יח',,,סכינים עבות 100 יח',יחידה,0.00,יחידה,false,,11.90,0.0000,true,1,131397
7290017941233,false,סכינים 40 יח' עבה במ,,,סכינים 40 יח' עבה במ,יחידה,0.00,יחידה,false,,7.90,0.0000,true,1,127287
7290017941264,false,מזלגות 40 יח' עבה במ,,,מזלגות 40 יח' עבה במ,יחידה,0.00,יחידה,false,,7.90,0.0000,true,1,127290
7290017941288,false,נר נשמה 24 שעות,,,נר נשמה 24 שעות,יחידה,0.00,יחידה,false,,1.90,0.0000,true,1,164823
7290017941332,false,WIZ נרונים שבת 66 יחידות,,,נרונים 66 יח' 6 שעות,יחידה,0.00,יחידה,false,,24.90,0.0000,true,1,176682
7290017941349,false,WIZ נרונים שבת 72 יחידות,,,נרונים 72 יח' 4 שעות,יחידה,0.00,יחידה,false,,21.90,0.0000,true,1,176683
7290017941356,false,נר שבת 72 יח',,,נר שבת 72 יח',יחידה,0.00,יחידה,false,,31.90,0.0000,true,1,176684
7290017941363,false,להבונים 50 יח' 4 שעו,,,להבונים 50 יח' 4 שעו,יחידה,0.00,יחידה,false,,10.90,0.0000,true,1,176685
7290017941370,false,להבונים 50 יח' 3 שעו,,,להבונים 50 יח' 3 שעו,יחידה,0.00,יחידה,false,,9.90,0.0000,true,1,164853
7290017941400,false,כוסות 4OZ אספרסו 50,,,כוסות 4OZ אספרסו 50,יחידה,0.00,יחידה,false,,9.90,0.0000,true,1,153877
7290017941455,false,כוסות 9oz לשתיה חמה,,,כוסות 9oz לשתיה חמה,יחידה,0.00,יחידה,false,,14.90,0.0000,true,1,142169
7290017941462,false,כוסות שתיה חמה 8B י,,,כוסות שתיה חמה 8B י,יחידה,0.00,יחידה,false,,9.90,0.0000,true,1,134284
7290017941493,false,שקיות פס סגור 25 יח',,,שקיות פס סגור 25 יח',יחידה,0.00,יחידה,false,,7.90,0.0000,true,1,150545
7290017941509,false,שקיות פס סגור 15 יח',,,שקיות פס סגור 15 יח',יחידה,0.00,יחידה,false,,8.90,0.0000,true,1,150546
7290017941516,false,שקיות זיפר S לאחסון-,,,שקיות זיפר S לאחסון-,יחידה,0.00,יחידה,false,,6.90,0.0000,true,1,150547
7290017941530,false,WIZ כוסות TO GO שתיה חמה 16יח,,,כוסות TO-GO לשתייה ח,יחידה,0.00,יחידה,false,,12.90,0.0000,true,1,141992
7290017941660,false,מארז תבניות לחלה עבו,,,מארז תבניות לחלה עבו,יחידה,0.00,יחידה,false,,12.90,0.0000,true,1,126677
7290017941677,false,מארז תבניות רוסטר בנ,,,מארז תבניות רוסטר בנ,יחידה,0.00,יחידה,false,,12.90,0.0000,true,1,126678
7290017941684,false,מארז תבניות רוסטר ענ,,,מארז תבניות רוסטר ענ,יחידה,0.00,יחידה,false,,12.90,0.0000,true,1,126679
7290017941707,false,זוג מפות אירוח 120*1,,,זוג מפות אירוח 120*1,יחידה,0.00,יחידה,false,,7.90,0.0000,true,1,164869
7290017941790,false,ניילון נצמד 30*30 עם,,,ניילון נצמד 30*30 עם,מטרים,30.00,מטר,false,,8.90,0.2967,true,1,164855
7290017941820,false,כוסות שתיה קרה כחול,,,כוסות שתיה קרה כחול,יחידה,0.00,יחידה,false,,13.90,0.0000,true,1,119523
7290017941875,false,קערת פלסטיק עגולה 9.,,,קערת פלסטיק עגולה 9.,יחידה,0.00,יחידה,false,,8.90,0.0000,true,1,119564
7290017941912,false,שיפודי במבוק עובי 5,,,שיפודי במבוק עובי 5,יחידה,0.00,יחידה,false,,5.90,0.0000,true,1,129426
7290017941943,false,שיפודי במבוק עובי 3,,,שיפודי במבוק עובי 3,יחידה,0.00,יחידה,false,,2.90,0.0000,true,1,129411
7290017941967,false,שקיות אוכל XL 300 י,,,שקיות אוכל XL 300 י,יחידה,0.00,יחידה,false,,8.90,0.0000,true,1,156981
7290017941981,false,כוסות 12OZ לשתייה חמ,,,כוסות 12OZ לשתייה חמ,יחידה,0.00,יחידה,false,,16.90,0.0000,true,1,252558
7290017947105,false,לחם אנג'ל בסגנון אמריקה 500 גרם,מאפיית שלמה א. אנג'\ל בע,,לחם בסגנון אמריקה אנ,גרמים,500.00,100 גרם,false,,14.90,0.0298,true,1,35494
7290017947334,true,חלה טרום נבוטה אנגל,,,חלה טרום נבוטה אנגל,גרמים,500.00,100 גרם,false,,15.90,0.0318,true,1,66327
7290017947396,true,מארז לחמניות שומשום,,,מארז לחמניות שומשום,גרמים,500.00,100 גרם,false,,14.90,0.0298,true,1,72038
7290017947457,false,חלה קלועה כוסמין אנג'ל ארוזה 500 גרם,מאפיית שלמה א. אנגל,,חלה ארוזה של שבת כוס,גרמים,500.00,100 גרם,false,,18.90,0.0378,true,1,254214
7290017947464,false,שמיניית פיתות כוסמין אנג'ל 8*50 גרם,מאפיית שלמה א.אנג'\ל בע\,,שמיניית פיתות כוסמין,גרמים,400.00,100 גרם,false,,15.90,0.0398,true,1,95242
7290017947495,false,6 לחמניות כוסמין 450 גרם אנג'ל,"איטיליאן פוד, אס.פי.",,6 לחמניות כוסמין אנג,גרמים,450.00,100 גרם,false,,15.90,0.0353,true,1,109656
7290017947891,false,לחם אנג'ל כוסמין וחיטה מלאה 750 גרם,מאפיית שלמה א. אנג'\ל בע,,לחם כוסמין וחיטה מלא,גרמים,750.00,100 גרם,false,,16.90,0.0225,true,1,35495
7290017947921,true,מארז לחמניות המבורגר,,,מארז לחמניות המבורגר,גרמים,450.00,100 גרם,false,,14.90,0.0331,true,1,72042
7290017947938,false,מיני לחמניות המבורגר בסגנון אמריקה 400 ג' אנג'ל,מאפיית שלמה א. אנג'\ל בע,,8 לחמניות המבורגר בס,גרמים,4000.00,100 גרם,false,,14.90,0.0037,true,1,110225
7290018023495,false,טחינה גולמית 500ג' סבא חביב,מ.א ושות',,טחינה גולמית סבא חבי,גרמים,500.00,100 גרם,false,,14.90,0.0298,true,1,292267
7290018071519,false,פלסטר ג'ל למניעת שלפוחיות 5 יח',,,פלסטר ג'ל למניעת שלפ,יחידה,0.00,יחידה,false,,27.90,0.0000,true,1,323809
7290018091029,false,מקלות פילו תפוחי אדמה מעדנות 450 ג',תנובה מעדנות,,מקלות פילו תפוח אדמה,גרמים,450.00,100 גרם,false,,15.90,0.0353,true,1,81595
7290018091616,false,מקלות פילו גבינה מעדנות 450 גרם,מיוצר עי קונדיטוריית,,מקלות פילו גבינה 450,גרמים,450.00,100 גרם,false,,15.90,0.0353,true,1,81596
7290018165447,false,"יין רזרב GOLD מרלו ברקן 750 מ""ל",יקבי ברקן שיווק והפצה בע,,יין רזרב גולד מרלו 7,מיליליטרים,750.00,"100 מ""ל",false,,48.90,0.0652,true,1,114034
7290018194225,false,"סודה ספארק מ""ל 250- בודד",,,"סודה ספארק 250 מ""ל ב",מיליליטרים,250.00,"100 מ""ל",false,,2.90,0.0116,true,1,190089
7290018198339,false,"צ'יפס קלאסי 1.8 ק""ג לשנת שמיטה",,,תפוגן טוגן קלאסי 1.8,קילוגרמים,1.80,"ק""ג",false,,22.90,12.7222,true,1,310802
7290018213100,false,דלי מגבונים לניקוי כללי שייני focus,,,דלי מגבונים לניקוי ו,יחידה,0.00,יחידה,false,,24.90,0.0000,true,1,97812
7290018225011,false,קומקום חשמלי נשלף פל,,,קומקום חשמלי נשלף פל,יחידה,0.00,יחידה,false,,79.90,0.0000,true,1,85665
7290018237502,false,עוף טוב כתף בקר דק-דק 200 גרם,"עוף טוב (שאן) בע""מ",,עוף טוב דק דק כתף בק,גרמים,200.00,100 גרם,false,,20.90,0.1045,true,1,214657
7290018237908,false,עוף טוב נקניקיות עסיסיות למנגל 400 גרם,עוף טוב,,נקניקיות עסיסיות למנ,קילוגרמים,400.00,"ק""ג",false,,15.90,0.0398,true,1,267875
7290018237960,false,עוף טוב כתף בקר עסיסי 265 גרם,עיצובים 2020 (4.9),,כתף בקר עסיסי עוף טו,גרמים,265.00,100 גרם,false,,24.90,0.0940,true,1,310667
7290018294000,false,"יין קינג דויד רוזה כרמל 750 מ""ל",כרמל מזרחי,,יין קינג דיוויד רוזה,מיליליטרים,750.00,"100 מ""ל",false,,21.90,0.0292,true,1,150474
7290018294208,false,"סלקטדאדום ישראלי יבש כרמל 750 מ""ל","כד בני דרום בע""מ",,יין אדום ישראלי סלקט,מיליליטרים,750.00,"100 מ""ל",false,,29.90,0.0399,true,1,176401
7290018294352,false,"ארק יקבי כרמל 700 מ""",יקבי כרמל Carmel Winery,,"ארק יקבי כרמל 700 מ""",מיליליטרים,700.00,"100 מ""ל",false,,55.20,0.0789,true,1,239725
7290018294901,false,"יין מונלייט אדום יבש 750 מ""ל כרמל",יקבי כרמל Carmel Winery,,יין מונלייט אדום יבש,מיליליטרים,750.00,"100 מ""ל",false,,34.90,0.0465,true,1,292868
7290018333242,false,אריזת טופי אצבעות מיקס פירות 40 גרם כרמית,שוגבי,,טופי אצבעות מיקס כרמ,גרמים,42.00,100 גרם,false,,1.50,0.0357,true,1,103295
7290018333259,false,טופי בטעם תות כרמית 50 גרם,,,כרמית טופי בטעם תות,גרמים,50.00,100 גרם,false,,1.50,0.0300,true,1,103282
7290018359495,false,תירס מהשדה בלי תוספת סוכר יכין 550 גרם,היינץ צפון אמריקה מק,,תירס מהשדה בלי תוספת,גרמים,550.00,100 גרם,false,,8.90,0.0162,true,1,99865
7290018376416,false,פילה דג ברבוניה קפוא,,,פילה ברבוניה ארוז 40,גרמים,400.00,100 גרם,false,,29.90,0.0747,true,1,329802
7290018440223,false,תה צ'אי מסאלה 25 שקיקים ויסוצקי,תה ויסוצקי,,חווית הצ'אי- מסאלה ע,גרמים,50.00,100 גרם,false,,19.90,0.3980,true,1,199658
7290018440230,false,תה צ'אי ורדים 25 שקיקים ויסוצקי,תה ויסוצקי,,חווית הצ'אי- ורדים 2,גרמים,50.00,100 גרם,false,,19.90,0.3980,true,1,199673
7290018440247,false,תה צ'אי שקדים0 25 שקיקים ויסוצקי,תה ויסוצקי,,חווית הצ'אי- שקדים 2,גרמים,50.00,100 גרם,false,,19.90,0.3980,true,1,199659
7290018440254,false,תה צ'אי קרמל מלוח 25 שקיקים ויסוצקי,תה ויסוצקי,,חווית הצ'אי- קרמל מל,גרמים,50.00,100 גרם,false,,19.90,0.3980,true,1,199674
7290018440896,false,הגן הקסום חליטה ג'ינגר כורכום ויסוצקי 25 יח,תה ויסוצקי,,חליטת ג'ינג'ר וכורכו,גרמים,37.50,100 גרם,false,,17.90,0.4773,true,1,239644
7290018471180,false,משקה פרוט& ווג' אננס תפוח גזר 1 ליטר,מיוצר עי קונדיטוריית,,פרוט ווג אננס תפוח ו,ליטרים,1.00,ליטר,false,,13.50,13.5000,true,1,131154
7290018471197,false,פרוט & ווג' תפוח בננה מלון נענע 1 ליטר,מיוצר עי קונדיטוריית,,פרוט ווג תפוח בננה מ,ליטרים,1.00,ליטר,false,,13.50,13.5000,true,1,131155
7290018471395,false,משקה פרוט& ווג' תפוח רימון ג'ינג'ר 1 ליטר,מיוצר עי קונדיטוריית,,פרוט ווג תפוח רימון,ליטרים,1.00,ליטר,false,,13.50,13.5000,true,1,131156
7290018471401,false,משקה פרוט& ווג' אננס בננה כורכום 1 ליטר,מיוצר עי קונדיטוריית,,פרוט ווג אננס בננה כ,ליטרים,1.00,ליטר,false,,13.50,13.5000,true,1,131157
7290018471463,false,תפוזינה נקטר תפוז מנגו קרטונית 1 ליטר,"יפאורה תבורי בע""\מ",,נקטר תפוזינה ENJOY ב,ליטרים,1.00,ליטר,false,,6.90,6.9000,true,1,146143
7290018471470,false,תפוזינה נקטר תפוז פסיפלורה קרטונית 1 ליטר,"יפאורה תבורי בע""\מ",,נקטר תפוזינה ENJOY ב,ליטרים,1.00,ליטר,false,,6.90,6.9000,true,1,146144
7290018471487,false,תפוזינה נקטר תפוז אננס קרטונית 1 ליטר,"יפאורה תבורי בע""\מ",,נקטר תפוזינה ENJOY ב,ליטרים,1.00,ליטר,false,,6.90,6.9000,true,1,146145
7290018471494,false,תפוזינה משקה תפוז גזר קרטונית 1 ליטר,"יפאורה תבורי בע""\מ",,נקטר תפוזינה ENJOY ב,ליטרים,1.00,ליטר,false,,6.90,6.9000,true,1,146146
7290018471548,false,"רביעיית ספרינג 250 מ""ל ענבים","יפאורה תבורי בע""\מ",,ענבים ספרינג 4*250,ליטרים,1.00,ליטר,false,,11.20,11.2000,true,1,131170
7290018471906,false,שוופס מוגז פירות לימונדה ורודה 1.5 ליטר פיקדון,"יפאורה תבורי בע""\מ",,שוופס מוגז לימונדה ו,ליטרים,1.50,ליטר,false,,9.50,6.3333,true,1,203105
7290018471913,false,משקה מוגז פירות תפוחים שוופס 1.5 ליטר,"יפאורה תבורי בע""\מ",,שוופס פרוטס תפוחים 1,ליטרים,1.50,ליטר,false,,9.50,6.3333,true,1,203106
7290018471920,false,שוופס מוגז פירות ענבים 1.5 ליטר פיקדון,"יפאורה תבורי בע""\מ",,שוופס ענבים מוגז 1.5,ליטרים,1.50,ליטר,false,,9.50,6.3333,true,1,203120
7290018471937,false,שוופס מוגז פירות תות ליים 1.5 ליטר פיקדון,"יפאורה תבורי בע""\מ",,שוופס מוגז פירות תות,ליטרים,1.50,ליטר,false,,9.50,6.3333,true,1,203121
7290018471944,false,שוופס מוגז פירות לימונייד 1.5 ליטר פיקדון,"יפאורה תבורי בע""\מ",,שוופס מוגז למונייד 1,ליטרים,1.50,ליטר,false,,9.50,6.3333,true,1,203122
7290018471951,false,שוופס מוגז פירות אשכולית אדומה 1.5 ליטר פיקדון,"יפאורה תבורי בע""\מ",,שוופס פרוטס אשכולית,ליטרים,1.50,ליטר,false,,9.50,6.3333,true,1,203123
7290018493885,false,"ד""ר פישר - סרקל מרכך 750 מ""ל",פישר מעבדות פרמצבטיות בע,,"סרקל מרכך 750 מ""ל עם",מיליליטרים,750.00,"100 מ""ל",false,,19.90,0.0265,true,1,163260
7290018493977,false,קמיל לניקוי והרגעת העור מועשר בשיבולת שועל 1 ל',פישר מעבדות פרמצבטיות,,אל סבון ניקיון ולחות,ליטרים,1.00,ליטר,false,,15.90,15.9000,true,1,195140
7290018500231,false,לחם פרוס וויקאנד אנג'ל 750 גרם,מאפיית שלמה א. אנג'\ל בע,,לחם וויקאנד אנג'ל 75,גרמים,750.00,100 גרם,false,,18.90,0.0252,true,1,283346
7290018500361,false,"לחם שחור פרוס 900 גרם ""אנג'ל"" -מוצר בפיקוח",מאפיית שלמה א. אנג'\ל בע,,לחם אחיד פרוס מאפיית,גרמים,900.00,100 גרם,false,,8.32,0.0092,true,1,290247
7290018500385,true,חלה רגילה אנגל 650 ג,,,חלה רגילה אנגל 650 ג,גרמים,650.00,100 גרם,false,,6.50,0.0100,true,1,313532
7290018500392,true,חלה קלועה אנגל 650 ג,,,חלה קלועה אנגל 650 ג,גרמים,650.00,100 גרם,false,,6.50,0.0100,true,1,313517
7290018540329,false,שקית פיתה פיתה בלדי 800 ג' אנג'ל,מאפיית שלמה א. אנג'\ל בע,,פיתה פיתה אנגל 880 ג,יח',10.00,יח',false,,12.90,1.2900,true,1,123637
7290018540817,false,ארטיזנל לחם מחמצת כוסמין אנג'ל 500 גרם,מאפיית אורנים,,לחם ארטיזנל כוסמין א,גרמים,500.00,100 גרם,false,,18.90,0.0378,true,1,253866
7290018540824,false,ארטיזנל לחם מחמצת כפרי אנג'ל 500 גרם,מאפיית אורנים,,לחם מחמצת כפרי artis,גרמים,500.00,100 גרם,false,,18.90,0.0378,true,1,253880
7290018540831,false,ארטיזנל לחם מחמצת חיטה מלאה ודגנים אנג'ל 500 גרם,מאפיית אורנים,,לחם מחמצת חיטה מלאה,גרמים,500.00,100 גרם,false,,18.90,0.0378,true,1,254200
7290018564684,false,ממרח פסטו בזיליקום ואגוזים 200 גרם,,,ממרח פסטו בזיליקום ו,גרמים,200.00,100 גרם,false,,11.90,0.0595,true,1,246587
7290018564707,false,ממרח פלפל קלוי 200 גרם,,,ממרח פלפל קלוי שף הט,גרמים,200.00,100 גרם,false,,11.90,0.0595,true,1,246589
7290018571064,false,"מקלוני טופי 450 גרם ""מיה""",מיה תעשיות מזון בעמ,,מקלוני טופי מיה 450,גרמים,450.00,100 גרם,false,,14.90,0.0331,true,1,128938
7290018571071,false,"טופי פספסים 450 גרם ""מיה""",מיה תעשיות מזון בעמ,,פספסים טופי מיה 450,גרמים,450.00,100 גרם,false,,14.90,0.0331,true,1,128939
7290018571408,false,מיה לקקנים מולטיקולור תותי פרוטי 220 גרם,מיה,,לקקנים מולטיקולור תו,גרמים,220.00,100 גרם,false,,9.90,0.0450,true,1,234082
7290018571415,false,לקקנים מולטיקולור תות בננה מיה 220 גרם,מיה,,לקקנים מולטיקולור תו,גרמים,220.00,100 גרם,false,,9.90,0.0450,true,1,234096
7290018571507,false,סוכריות ויטמין סי לילדים דובונים יד למעלה 175 גרם מיה פלוס,מיה תעשיות מזון בעמ,,סוכריות ויטמין C ליל,גרמים,175.00,100 גרם,false,,39.90,0.2280,true,1,325238
7290018571521,false,סוכריות מולטי ויטמין ילדים דובונים יד למעלה 175 גרם מיה פלוס,מיה תעשיות מזון בעמ,,סוכריות מולטי ויטמין,גרמים,175.00,100 גרם,false,,39.90,0.2280,true,1,325240
7290018571538,false,סוכריות חורף פרופוליס אכיניציה ילדים דובונים יד למעלה 175 גרם מיה פלוס,מיה תעשיות מזון בעמ,,סוכריות חורף פרופולי,גרמים,175.00,100 גרם,false,,39.90,0.2280,true,1,325241
7290018571552,false,סוכריות ג'לי ללא סוכר עם חומצות שומן אומגה 3 למבוגרים,מיה תעשיות מזון בעמ,,סוכריות אומגה 3 -ילד,גרמים,240.00,100 גרם,false,,39.90,0.1662,true,1,325243
7290018571613,false,סוכריות אומגה 3 מבוגרים אצבעות מיה פלוס 210 גרם ללס,מיה תעשיות מזון בעמ,,סוכריות אומגה 3- מבו,גרמים,210.00,100 גרם,false,,39.90,0.1900,true,1,325244
7290018571620,false,סוכריות מולטי ויטמין נשים מבוגרים גבעות מיה פלוס 240 גרם,מיה תעשיות מזון בעמ,,סוכריות מולטי ויטמין,גרמים,240.00,100 גרם,false,,39.90,0.1662,true,1,325245
7290018571637,false,סוכריות מולטי ויטמין גברים מבוגרים גבעות  220 גרם מיה פלוס,מיה תעשיות מזון בעמ,,סוכריות מולטי ויטמין,גרמים,220.00,100 גרם,false,,39.90,0.1814,true,1,325246
7290018571644,false,סוכריות ג'לי ללא סוכר מולטי ויטמין בשילוב תוספת ביוטין,מיה תעשיות מזון בעמ,,סוכריות קוסמטיקה מבו,גרמים,210.00,100 גרם,false,,39.90,0.1900,true,1,325247
7290018571668,false,"סוכריות ג'לי עם ויטמינים C, D3 ואבץ לילדים ומבוגרים",מיה תעשיות מזון בעמ,,סוכריות C+D + אבץ מש,גרמים,210.00,100 גרם,false,,39.90,0.1900,true,1,325249
7290018571699,false,"קמח שקדים 250 גרם כשל""פ עד""ח",מיה תעשיות מזון בעמ,,קמח שקדים מיה 250 גר,גרמים,250.00,100 גרם,false,,25.60,0.1024,true,1,260967
7290018571712,false,"אורז פרסי 1 ק""ג מיה.",מיה,,"אורז פרסי 1 ק""ג",קילוגרמים,1.00,"ק""ג",false,,10.90,10.9000,true,1,285667
7290018571729,false,"אורז ריזוטו עגול 1 ק""ג מיה.",מיה,,אורז ריזווטו עגול 1,קילוגרמים,1.00,"ק""ג",false,,9.90,9.9000,true,1,285722
7290018626016,false,צלחות וינטג' גדולות,,,צלחות וינטג' גדולות,יחידה,0.00,יחידה,false,,17.90,0.0000,true,1,138455
7290018626085,false,לפתניות 4.5 שקוף 50,,,לפתניות 4.5 שקוף 50,יחידה,0.00,יחידה,false,,8.90,0.0000,true,1,126706
7290018626108,false,קערות אובליות שקוף 5,,,קערות אובליות שקוף 5,יחידה,0.00,יחידה,false,,10.90,0.0000,true,1,126708
7290018626238,false,קינוחית אישית מלבנית,,,קינוחית אישית מלבנית,יחידה,0.00,יחידה,false,,12.50,0.0000,true,1,131876
7290018626245,false,תבנית מהודרת לזניה 4,,,תבנית מהודרת לזניה 4,יחידה,0.00,יחידה,false,,11.90,0.0000,true,1,132479
7290018626283,false,פיצה מרגריטה אדום גר,,,פיצה מרגריטה 350 גרם,גרמים,350.00,100 גרם,false,,11.90,0.0340,true,1,169726
7290018626306,false,פיצה מרגריטה פיטריות,,,פיצה מרגריטה פיטריות,גרמים,400.00,100 גרם,false,,11.90,0.0298,true,1,174283
7290018626375,false,צלחות וינטג' קטנות 1,,,צלחות וינטג' קטנות 1,יחידה,0.00,יחידה,false,,12.90,0.0000,true,1,138473
7290018626382,false,קערות וינטג' 10 יח',,,קערות וינטג' 10 יח',יחידה,0.00,יחידה,false,,14.90,0.0000,true,1,138501
7290018626412,false,צלחות וינטג' גדולות,,,צלחות וינטג' גדולות,יחידה,0.00,יחידה,false,,17.90,0.0000,true,1,138458
7290018626504,false,שקיות L שרוך 80 יח',,,שקיות L שרוך 80 יח',יחידה,0.00,יחידה,false,,22.90,0.0000,true,1,133107
7290018626528,false,ניילון נצמד 30*150 ע,,,ניילון נצמד 30*150 ע,מטרים,150.00,מטר,false,,18.90,0.1260,true,1,147952
7290018626535,false,שקיות נייר לכריכים 5,,,שקיות נייר לכריכים 5,יחידה,0.00,יחידה,false,,7.90,0.0000,true,1,138528
7290018626542,false,שקיות אשפה לפחים גדו,,,שקיות אשפה לפחים גדו,יחידה,0.00,יחידה,false,,12.90,0.0000,true,1,152474
7290018626580,false,צימרונים לאוזנים 100,,,צימרונים לאוזנים 100,יחידה,0.00,יחידה,false,,2.90,0.0000,true,1,170451
7290018626603,false,צימרונים לאוזנים לתי,,,צימרונים לאוזנים לתי,יחידה,0.00,יחידה,false,,4.50,0.0000,true,1,170466
7290018626610,false,צימרונים לאוזנים מאר,,,צימרונים לאוזנים מאר,יחידה,0.00,יחידה,false,,9.90,0.0000,true,1,170480
7290018626627,false,מארז תבניות מאפינס 7,,,מארז תבניות מאפינס 7,יחידה,0.00,יחידה,false,,14.90,0.0000,true,1,221851
7290018626634,false,מארז תבניות רוסטר עמ,,,מארז תבניות רוסטר עמ,יחידה,0.00,יחידה,false,,14.90,0.0000,true,1,221865
7290018626641,false,מארז תבניות רוסטר גד,,,מארז תבניות רוסטר גד,יחידה,0.00,יחידה,false,,14.90,0.0000,true,1,221866
7290018626658,false,מארז תבניות רוסטר שט,,,מארז תבניות רוסטר שט,יחידה,0.00,יחידה,false,,14.90,0.0000,true,1,221867
7290018626702,false,מארז צלחות 12+12 מא,,,מארז צלחות 12+12 מא,יחידה,0.00,יחידה,false,,49.90,0.0000,true,1,191374
7290018626733,false,מארז צלחות 12+12 נק,,,מארז צלחות 12+12 נק,יחידה,0.00,יחידה,false,,49.90,0.0000,true,1,191377
7290018626856,false,כוסות ליקר 50 יח' WI,,,כוסות ליקר 50 יח' WI,יחידה,0.00,יחידה,false,,8.90,0.0000,true,1,191825
7290018626863,false,כוסות ליקר 20 יח' WI,,,כוסות ליקר 20 יח' WI,יחידה,0.00,יחידה,false,,7.90,0.0000,true,1,191839
7290018626887,false,WIZ כוסות יהלום שחור 40 יח',,,כוסות P.P יהלום שוחר,יחידה,0.00,יחידה,false,,9.90,0.0000,true,1,170532
7290018626894,false,WIZ כוסות יהלום כסף 40 יח',,,כוסות P.P יהלום כסף,יחידה,0.00,יחידה,false,,9.90,0.0000,true,1,170533
7290018626900,false,מפיות תלת שכבתיות 20,,,מפיות תלת שכבתיות 20,יחידה,0.00,יחידה,false,,4.90,0.0000,true,1,186936
7290018626917,false,מפיות תלת שכבתיות 20,,,מפיות תלת שכבתיות 20,יחידה,0.00,יחידה,false,,4.90,0.0000,true,1,186937
7290018626962,false,מפיות תלת שכבתיות 20,,,מפיות תלת שכבתיות 20,יחידה,0.00,יחידה,false,,4.90,0.0000,true,1,186954
7290018626993,false,מפיות תלת שכבתיות 20,,,מפיות תלת שכבתיות 20,יחידה,0.00,יחידה,false,,4.90,0.0000,true,1,186957
7290018720028,false,קרנבל אותיות ביסקוויט בטעם חמאה 250 ג' מעדני מלך,הגביע מוצרי וופלים,,מעדני המלך אותיות 25,גרמים,250.00,100 גרם,false,,5.90,0.0236,true,1,135535
7290018720110,false,מעדני המלך- יאמי עוגיות ממולאות בקרם אגוזים 30% 150 גרם,"הגביע מוצרי ופלים בע""\מ",,עוגיות ממולאות בקרם,גרמים,150.00,100 גרם,false,,6.90,0.0460,true,1,196101
7290018720189,false,מעדני מלך-ביסקוויט קסטה בטעם שוקו 200 גרם,הגביע,,ביסקוויט קסטה בטעם ש,גרמים,200.00,100 גרם,false,,5.90,0.0295,true,1,302539
7290018720226,false,פצפוצי אורז מעדני מלך 250 גרם,אשבל מזון פונקציונלי,,פיצפוצי אורז עם סוכר,גרמים,250.00,100 גרם,false,,12.90,0.0516,true,1,300751
7290018792841,false,אבקת קקאו טבעי גאנה 150 גר,אברמוביץ עזר קקאו וש,,אבקת קקאו דל שומן 15,גרמים,150.00,100 גרם,false,,10.90,0.0727,true,1,324379
7290018792858,false,אבקת קקאו טבעי 500 גרם,,,אבקת קקאו דל שומן 50,גרמים,500.00,100 גרם,false,,25.90,0.0518,true,1,324394
7290018835029,false,מרק בטעם עוף פרווה 400 ג,תבליני מימון,,מרק בטעם עוף פרווה ת,גרמים,400.00,100 גרם,false,,15.90,0.0398,true,1,300718
7290018886144,false,מפיות תלת שכבתיות 20,,,מפיות תלת שכבתיות 20,יחידה,0.00,יחידה,false,,4.90,0.0000,true,1,186975
7290018886175,false,כפיות עבות 50 יח' ש,,,כפיות עבות 50 יח' ש,יחידה,0.00,יחידה,false,,9.90,0.0000,true,1,170494
7290018886182,false,כפיות עבות 50 יח' ק,,,כפיות עבות 50 יח' ק,יחידה,0.00,יחידה,false,,9.90,0.0000,true,1,170495
7290018886199,false,WIZ סכינים עבות שקוף 50 יח',,,סכינים עבות 50 יח',יחידה,0.00,יחידה,false,,9.90,0.0000,true,1,170496
7290018886205,false,WIZ סכינים עבות קרם 50 יח',,,סכינים עבות 50 יח',יחידה,0.00,יחידה,false,,9.90,0.0000,true,1,170497
7290018886212,false,מזלגות עבות 50 יח',,,מזלגות עבות 50 יח',יחידה,0.00,יחידה,false,,9.90,0.0000,true,1,170498
7290018886229,false,מזלגות עבות 50 יח',,,מזלגות עבות 50 יח',יחידה,0.00,יחידה,false,,9.90,0.0000,true,1,170499
7290018886236,false,WIZ כפות עבות שקוף 50 יח',,,כפות עבות 50 יח' שק,יחידה,0.00,יחידה,false,,9.90,0.0000,true,1,170500
7290018886243,false,WIZ כפות עבות קרם 50 יח',,,כפות עבות 50 יח' קר,יחידה,0.00,יחידה,false,,9.90,0.0000,true,1,170501
7290018886304,false,פת דגנים בסגנון שווד,סונקו,,פת דגנים סגנון שוודי,גרמים,340.00,100 גרם,false,,11.90,0.0350,true,1,191045
7290018886311,false,מאפים סגנון שוודי 170 גר,,,פת דגנים סגנון שוודי,גרמים,170.00,100 גרם,false,,7.90,0.0465,true,1,191028
7290018886878,false,קערת סלט בועות ורוד,,,קערת סלט בועות ורוד,יחידה,0.00,יחידה,false,,9.90,0.0000,true,1,191873
7290018886939,false,מזלגות מוכספים 20 י,,,מזלגות מוכספים 20 י,יחידה,0.00,יחידה,false,,8.90,0.0000,true,1,191905
7290018886991,false,שמן קנולה מזוכך 1לי- בית יוסף,סקנולה,,שמן קנולה אלומות 1 ל,ליטרים,1.00,ליטר,false,,10.90,10.9000,true,1,185417
7290018893135,false,מקלות אפויים בתוספת מלח Salty,צ'וקטה Chocketa,,צ'וקטה גריסיני מלח 1,גרמים,120.00,100 גרם,false,,8.90,0.0742,true,1,292321
7290018893142,false,צ'וקטה גריסיני בתוספת שמן זית 120 גרם,צ'וקטה Chocketa,,צ'וקטה גריסיני שמן ז,גרמים,120.00,100 גרם,false,,8.90,0.0742,true,1,292322
7290018921166,false,קמיל אל סבון להזנת העור מועשר באצות-ים 1 ליטר,פישר מעבדות פרמצבטיות בע,,אל סבון ניקיון ולחות,ליטרים,1.00,ליטר,false,,15.90,15.9000,true,1,195141
7290018925065,false,מיץ פרימור תפוזים סחוט 2 ליטר-,"גניר (1992) בע""מ",,פרימור מיץ תפוזים סח,ליטרים,2.00,ליטר,false,,27.90,13.9500,true,1,210646
7290018989081,false,חומוס הבית להכנת חומוס טרי יכין 400 גר,זנלכל,,חומוס הבית יכין 400,גרמים,400.00,100 גרם,false,,7.90,0.0198,true,1,287581
7290018989128,false,יכין סירופ בטעם ענבים 1 ליטר,"זנלכל בע""\מ",,סירופ בטעם ענבים יכי,יחידה,0.00,יחידה,false,,18.90,0.0000,true,1,288638
7290018989135,false,יכין סירופ בטעם פטל 1 ליטר,"זנלכל בע""\מ",,סירופ בטעם פטל יכין,יחידה,0.00,יחידה,false,,18.90,0.0000,true,1,289264
7290019014003,false,טאצ' נוזל רצפות אואזיס 4 ליטר,,,נוזל רצפות אואזיס טא,ליטרים,4.00,ליטר,false,,12.90,3.2250,true,1,221640
7290019014010,false,טאצ' נוזל רצפות לגונה 4 ליטר,,,נוזל רצפות לגונה טאצ,ליטרים,4.00,ליטר,false,,12.90,3.2250,true,1,224414
7290019014034,false,טאצ' נוזל רצפות לוטוס 4 ליטר,,,נוזל רצפות לוטוס טאצ,ליטרים,4.00,ליטר,false,,12.90,3.2250,true,1,221626
7290019031000,false,WIZ מארז חמישיית ניי,,,WIZ מארז חמישיית ניי,יחידה,0.00,יחידה,false,,10.90,0.0000,true,1,221894
7290019031017,false,נר הבדלה צהוב,,,נר הבדלה צהוב,יחידה,0.00,יחידה,false,,8.90,0.0000,true,1,258388
7290019031024,false,נר הבדלה כחול לבן,,,נר הבדלה כחול לבן,יחידה,0.00,יחידה,false,,8.90,0.0000,true,1,258403
7290019031048,false,להבונים ריחניים וניל,,,להבונים ריחניים וניל,יחידה,0.00,יחידה,false,,11.90,0.0000,true,1,258431
7290019031062,false,תבנית R-2 מלבנית 7 י,,,תבנית R-2 מלבנית 7 י,יחידה,0.00,יחידה,false,,9.90,0.0000,true,1,246269
7290019031079,false,תבנית R-29 מרובעת קט,,,תבנית R-29 מרובעת קט,יחידה,0.00,יחידה,false,,9.90,0.0000,true,1,246270
7290019031086,false,תבנית R-31 גדולה 7 י,,,תבנית R-31 גדולה 7 י,יחידה,0.00,יחידה,false,,9.90,0.0000,true,1,246271
7290019031093,false,תבנית R-64 בינונית 7,,,תבנית R-64 בינונית 7,יחידה,0.00,יחידה,false,,9.90,0.0000,true,1,246272
7290019031109,false,תבנית R-88 אינגליש 1,,,תבנית R-88 אינגליש 1,יחידה,0.00,יחידה,false,,9.90,0.0000,true,1,246273
7290019031116,false,תבנית R-99 ענקית 3 י,,,תבנית R-99 ענקית 3 י,יחידה,0.00,יחידה,false,,9.90,0.0000,true,1,246274
7290019031123,false,WIZ תבניות אלומיניום עגול 5 יח חזקות,,,תבנית אלומינים A-14,יחידה,0.00,יחידה,false,,9.90,0.0000,true,1,246275
7290019031147,false,WIZ תבניות מאפינס אל,,,WIZ תבניות מאפינס אל,יחידה,0.00,יחידה,false,,17.90,0.0000,true,1,273135
7290019031307,false,לפתניות לבנות 25 יח',,,לפתניות לבנות 25 יח',יחידה,0.00,יחידה,false,,5.90,0.0000,true,1,240929
7290019031314,false,קערות אובליות לבנות,,,קערות אובליות לבנות,יחידה,0.00,יחידה,false,,6.90,0.0000,true,1,240930
7290019031321,false,"מרקיות 7"" לבנות 25 י",,,"מרקיות 7"" לבנות 25 י",יחידה,0.00,יחידה,false,,9.90,0.0000,true,1,240944
7290019031338,false,WIZ צלחות קטנות לבנות 25 יח',,,"צלחות קטנות 7"" לבנות",יחידה,0.00,יחידה,false,,8.90,0.0000,true,1,240945
7290019031345,false,צלחות גדולות 9 לבן 2,,,צלחות גדולות 9 לבן 2,יחידה,0.00,יחידה,false,,12.90,0.0000,true,1,225533
7290019031352,false,"צלחות ענקיות 10"" לבנ",,,"צלחות ענקיות 10"" לבנ",יחידה,0.00,יחידה,false,,23.90,0.0000,true,1,240946
7290019031376,false,סבון ידיים אוקיינוס,,,סבון ידיים אוקיינוס,ליטרים,1.00,100 ליטר,false,,9.90,9.9000,true,1,240886
7290019031383,false,סבון ידיים מאסק 1 לי,,,סבון ידיים מאסק 1 לי,ליטרים,1.00,100 ליטר,false,,9.90,9.9000,true,1,240887
7290019031390,false,סבון ידיים אביבי 1 ל,,,סבון ידיים אביבי 1 ל,ליטרים,1.00,100 ליטר,false,,9.90,9.9000,true,1,240888
7290019031406,false,רביעיית מגבונים לחים,,,רביעיית מגבונים לחים,יחידה,0.00,יחידה,false,,9.90,0.0000,true,1,252410
7290019031413,false,נייר טואלט לח שלישיי,,,נייר טואלט לח שלישיי,יחידה,0.00,יחידה,false,,11.90,0.0000,true,1,252370
7290019031420,false,אל סבון נוזלי שלישיי,,,אל סבון נוזלי שלישיי,מיליליטרים,500.00,"100 מ""ל",false,,11.90,0.0238,true,1,252356
7290019031444,false,אשפתון 65X54 XL חזקו,,,אשפתון 65X54 XL חזקו,יחידה,0.00,יחידה,false,,17.90,0.0000,true,1,265925
7290019031550,false,מנגל קטן 40*25 WIZ,,,מנגל קטן 40*25 WIZ,יחידה,0.00,יחידה,false,,39.90,0.0000,true,1,258340
7290019031628,false,מטליות מיקרופייבר לר,,,מטליות מיקרופייבר לר,יחידה,0.00,יחידה,false,,12.90,0.0000,true,1,302998
7290019031635,false,פחם מסעדות דרום אמרי,,,פחם מסעדות דרום אמרי,יחידה,0.00,יחידה,false,,24.90,0.0000,true,1,330791
7290019031642,false,WIZ צלחות ענקיות שקו,,,WIZ צלחות ענקיות שקו,יחידה,0.00,יחידה,false,,21.90,0.0000,true,1,302950
7290019031659,false,WIZ צלחות גדולות  שק,,,WIZ צלחות גדולות  שק,יחידה,0.00,יחידה,false,,13.90,0.0000,true,1,302965
7290019031666,false,WIZ צלחות קטנות שקופ,,,WIZ צלחות קטנות שקופ,יחידה,0.00,יחידה,false,,9.90,0.0000,true,1,302966
7290019031673,false,"WIZ מרקיות שקופות 7""",,,"WIZ מרקיות שקופות 7""",יחידה,0.00,יחידה,false,,9.90,0.0000,true,1,302967
7290019031697,false,WIZ לפתניות שקופות 2,,,WIZ לפתניות שקופות 2,יחידה,0.00,יחידה,false,,5.90,0.0000,true,1,302983
7290019031833,false,"WIZ צלחות לבנות 9"" מ",,,"WIZ צלחות לבנות 9"" מ",יחידה,0.00,יחידה,false,,34.90,0.0000,true,1,323001
7290019056027,false,שוופס מוגז פירות תפוחים ללא סוכר 1.5 ליטר פיקדון,"יפאורה תבורי בע""\מ",,שוופס מוגז פירות תפו,ליטרים,1.50,ליטר,false,,8.50,5.6667,true,1,203124
7290019056034,false,שוופס מוגז פירות אננס ללא סוכר 1.5 ליטר פיקדון,"יפאורה תבורי בע""מ",,שוופס מוגז פירות אננ,ליטרים,1.50,ליטר,false,,8.50,5.6667,true,1,203138
7290019056058,false,שוופס מוגז עדין תפוח ליים 1.5 ליטר פיקדון,"יפאורה תבורי בע""\מ",,שוופס מוגז עדין תפוח,ליטרים,1.50,ליטר,false,,8.50,5.6667,true,1,202811
7290019056065,false,שוופס מוגז עדין פירות יער 1.5 ליטר פיקדון,"יפאורה תבורי בע""\מ",,שוופס מוגז עדין פירו,ליטרים,1.50,ליטר,false,,8.50,5.6667,true,1,202812
7290019056072,false,שוופס מוגז עדין אננס 1.5 ליטר פיקדון,מיוצר עי קונדיטוריית,,שוופס מוגז עדין אננס,ליטרים,1.50,ליטר,false,,8.50,5.6667,true,1,202828
7290019056089,false,שוופס מוגז עדין ענבי ריזלינג 1.5 ליטר פיקדון,"יפאורה תבורי בע""\מ",,שוופס מוגז עדין טעם,ליטרים,1.50,ליטר,false,,8.50,5.6667,true,1,202829
7290019056096,false,שוופס מוגז עדין אפרסק 1.5 ליטר פיקדון,"יפאורה תבורי בע""\מ",,שוופס מוגז עדין אפרס,ליטרים,1.50,ליטר,false,,8.50,5.6667,true,1,202830
7290019056119,false,שוופס סודה 1.5 ליטר פיקדון,"יפאורה תבורי בע""\מ",,שוופס סודה 1.5ליטר,ליטרים,1.50,ליטר,false,,3.90,2.6000,true,1,202663
7290019056126,false,שוופס סודה לימון 1.5 ליטר בק' בודד פיקדון,"יפאורה תבורי בע""\מ",,שוופס סודה לימון 1.5,ליטרים,1.50,ליטר,false,,3.90,2.6000,true,1,203153
7290019056133,false,שוופס סודה נענע ליים 1.5 ליטר בק' בודד,"יפאורה תבורי בע""\מ",,שוופס סודה נענע ליים,ליטרים,1.50,ליטר,false,,3.90,2.6000,true,1,203154
7290019056164,false,שוופס סודה 1.5 ליטר רביעייה פיקדון,"יפאורה תבורי בע""\מ",,שוופס סודה 4*1.5ליטר,ליטרים,6.00,ליטר,false,,12.50,2.0833,true,1,202692
7290019056171,false,מארז רביעיית סודה בטעם לימון 1.5 ל' שוופס,"יפאורה תבורי בע""\מ",,שוופס סודה לימון 4*1,ליטרים,6.00,ליטר,false,,12.50,2.0833,true,1,202707
7290019056188,false,שוופס סודה נענע ליים 1.5 ליטר רביעייה פיקדון,"יפאורה תבורי בע""\מ",,שוופס סודה נענע ליים,ליטרים,6.00,ליטר,false,,12.50,2.0833,true,1,202721
7290019056201,false,שוופס סודה פירות יער 1.5 ליטר רביעייה פיקדון,"יפאורה תבורי בע""\מ",,שוופס פירות יער סודה,ליטרים,6.00,ליטר,false,,12.50,2.0833,true,1,202766
7290019056232,false,משקה מוגז בטעם ליים מוחיטו 1.5 ל' שוופס,"יפאורה תבורי בע""\מ",,שוופס ליים מוחיטו 1.,ליטרים,1.50,ליטר,false,,9.50,6.3333,true,1,202845
7290019056249,false,שוופס מים בטעמים ענבים 1.5 ליטר פיקדון,מיוצר עי קונדיטוריית,,שוופס וואטר ענבים 1.,ליטרים,1.50,ליטר,false,,8.50,5.6667,true,1,202593
7290019056256,false,שוופס מים בטעמים תפוחים 1.5 ליטר פיקדון,מיוצר עי קונדיטוריית,,שוופס וואטר בטעם תפו,ליטרים,1.50,ליטר,false,,8.50,5.6667,true,1,202607
7290019056263,false,שוופס מים בטעמים אפרסק 1.5 ליטר פיקדון,מיוצר עי קונדיטוריית,,שוופס וואטר אפרסק 1.,ליטרים,1.50,ליטר,false,,8.50,5.6667,true,1,202622
7290019056270,false,שוופס מים בטעמים פירות יער 1.5 ליטר פיקדון,"יפאורה תבורי בע""\מ",,שוופס וואטר פירות יע,ליטרים,1.50,ליטר,false,,8.50,5.6667,true,1,204902
7290019056294,false,שוופס ג'ינג'ר אייל 1.5 ליטר פיקדון,"יפאורה תבורי בע""\מ",,שוופס ג'ינג'ר אייל 1,ליטרים,1.50,ליטר,false,,12.50,8.3333,true,1,203182
7290019056300,false,משקה בטעם ביטר לימון 1.5 ל' שוויפס,"יפאורה תבורי בע""\מ",,שוופס ביטר לימון 1.5,ליטרים,1.50,ליטר,false,,12.50,8.3333,true,1,203196
7290019056317,false,שוופס ראשן 1.5 ליטר פיקדון,"יפאורה תבורי בע""\מ",,שוופס ראשן 1.5 ליטר,ליטרים,1.50,ליטר,false,,12.50,8.3333,true,1,203197
7290019056324,false,שוופס טוניק 1.5 ליטר פיקדון,"יפאורה תבורי בע""\מ",,שוופס מי טוניק 1.5 ל,ליטרים,1.50,ליטר,false,,12.50,8.3333,true,1,203198
7290019056331,false,משקה בטעם טוניק ללא סוכר 1.5 ל' שוופס,מיוצר עי קונדיטוריית,,שוופס טוניק ללא סוכר,ליטרים,1.50,ליטר,false,,11.90,7.9333,true,1,203199
7290019056355,false,תפוזינה לימונדה MIX לימונענע 1.5 ליטר,"יפאורה תבורי בע""\מ",,תפוזינה לימונדה נענע,ליטרים,1.50,ליטר,false,,8.50,5.6667,true,1,202156
7290019056362,false,תפוזינה ענבים 1.5 ליטר פיקדון,"יפאורה תבורי בע""\מ",,תפוזינה ענבים 1.5 לי,ליטרים,1.50,ליטר,false,,8.50,5.6667,true,1,202261
7290019056379,false,תפוזינה תפוזים 1.5 ליטר פיקדון,"יפאורה תבורי בע""\מ",,תפוזינה תפוזים 1.5 ל,ליטרים,1.50,ליטר,false,,8.50,5.6667,true,1,202321
7290019056386,false,פתוזינה אשכולית 1.5 ליטר פיקדון,"יפאורה תבורי בע""\מ",,תפוזינה אשכוליות 1.5,ליטרים,1.50,ליטר,false,,8.50,5.6667,true,1,202322
7290019056393,false,תפוזינה תות בננה 1.5 ליטר פיקדון,"יפאורה תבורי בע""\מ",,תפוזינה תות בננה 1.5,ליטרים,1.50,ליטר,false,,8.50,5.6667,true,1,202353
7290019056409,false,תפוזינה מנגו 1.5 ליטר פיקדון,"יפאורה תבורי בע""\מ",,תפוזינה מנגו עסיסי 1,ליטרים,1.50,ליטר,false,,8.50,5.6667,true,1,202354
7290019056416,false,מיץ בטעם לימונדה ורודה 1.5 ל' תפוזינה,"יפאורה תבורי בע""\מ",,תפוזינה לימונדה 1.5,ליטרים,1.50,ליטר,false,,8.50,5.6667,true,1,202369
7290019056423,false,מיץ בטעם תפוח רענן 1.5ל' תפוזינה,"יפאורה תבורי בע""\מ",,תפוזינה תפוח רענן 1.,ליטרים,1.50,ליטר,false,,8.50,5.6667,true,1,202409
7290019056430,false,תפוזינה תפוזים לייט 1.5 ליטר פיקדון,"יפאורה תבורי בע""\מ",,תפוזינה תפוז 1.5 ליט,ליטרים,1.50,ליטר,false,,7.90,5.2667,true,1,202423
7290019056447,false,תפוזינה אשכוליות לייט 1.5 ליטר פיקדון,"יפאורה תבורי בע""\מ",,תפוזינה אשכוליות 1.5,ליטרים,1.50,ליטר,false,,7.90,5.2667,true,1,202437
7290019056454,false,משקה מוגז בטעם קולה 1.5 ל' אר סי,"יפאורה תבורי בע""\מ",,אר.סי קולה 1.5 ליטר,ליטרים,1.50,ליטר,false,,6.90,4.6000,true,1,203316
7290019056461,false,מארז משקה בטעם קולה שישייה * 1.5 ל' אר.סי,"יפאורה תבורי בע""\מ",,אר.סי קולה 6*1.5 ליט,ליטרים,9.00,ליטר,false,,40.90,4.5444,true,1,203317
7290019056508,false,fruit water פרוט ווטר ענבים 1.5 ליטר-,"יפאורה תבורי בע""\מ",,פרוט ווטר ענבים 1.5,ליטרים,1.50,ליטר,false,,8.90,5.9333,true,1,202509
7290019056515,false,fruit water פרוט ווטר אננס 1.5 ליטר-,"יפאורה תבורי בע""\מ",,פרוט ווטר אננס 1.5 ל,ליטרים,1.50,ליטר,false,,8.90,5.9333,true,1,202550
7290019056522,false,מים בטעם תות 1.5 ל' פרוט וואטר,"יפאורה תבורי בע""\מ",,פרוט ווטר תות 1.5 לי,ליטרים,1.50,ליטר,false,,8.90,5.9333,true,1,202564
7290019056546,false,fruit water פרוט ווטר אבטיח 1.5 ליטר-,"יפאורה תבורי בע""\מ",,פרוט ווטר אבטיח 1.5,ליטרים,1.50,ליטר,false,,8.90,5.9333,true,1,202579
7290019056553,false,שישיית מים מינרלים עין גדי 2 ליטר,עין גדי מים מינרליים,,עין גדי מים מינרלים,ליטרים,12.00,ליטר,false,,13.30,1.1083,true,1,203401
7290019056560,false,עין גדי 2 ליטר בק' בודד פיקדון,עין גדי מיים מינרלים,,עין גדי מים מינרלים,ליטרים,2.00,ליטר,false,,3.50,1.7500,true,1,203402
7290019056577,false,משקה קל מנגו ספרינג 1.5 ליטר,"יפאורה תבורי בע""\מ",,ספרינג מנגו 1.5 ליטר,ליטרים,1.50,ליטר,false,,8.50,5.6667,true,1,202005
7290019056584,false,משקה קל תפוזים ספרינג 1.5 ליטר,"יפאורה תבורי בע""\מ",,ספרינג תפוזים 1.5 לי,ליטרים,1.50,ליטר,false,,8.50,5.6667,true,1,202022
7290019056591,false,משקה קל ענבים ספרינג 1.5 ליטר,"יפאורה תבורי בע""\מ",,ספרינג ענבים 1.5 ליט,ליטרים,1.50,ליטר,false,,8.50,5.6667,true,1,202036
7290019056607,false,משקה קל תפוחים ספרינג 1.5 ליטר,"יפאורה תבורי בע""\מ",,ספרינג תפוחים 1.5 לי,ליטרים,1.50,ליטר,false,,8.50,5.6667,true,1,202050
7290019056614,false,משקה קל אפרסק ספרינג 1.5 ליטר,"יפאורה תבורי בע""\מ",,ספרינג אפרסק 1.5 ליט,ליטרים,1.50,ליטר,false,,8.50,5.6667,true,1,202051
7290019056621,false,משקה קל פירות טרופיים ספרינג 1.5 ליטר,"יפאורה תבורי בע""\מ",,ספרינג פירות טרופיים,ליטרים,1.50,ליטר,false,,8.50,5.6667,true,1,202065
7290019056638,false,משקה קל תות בננה ספרינג 1.5 ליטר,"יפאורה תבורי בע""\מ",,ספרינג תות בננה 1.5,ליטרים,1.50,ליטר,false,,8.50,5.6667,true,1,202080
7290019056645,false,משקה קל אגס תפוח סברס ספרינג 1.5 ליטר,"יפאורה תבורי בע""\מ",,ספרינג אגס סברס תפוח,ליטרים,1.50,ליטר,false,,8.50,5.6667,true,1,202097
7290019056652,false,משקה קל אננס בננה ספרינג 1.5 ליטר,"יפאורה תבורי בע""\מ",,ספרינג אננס בננה 1.5,ליטרים,1.50,ליטר,false,,8.50,5.6667,true,1,202132
7290019056669,false,משקה קל תפוחים דיאט ספרינג 1.5 ליטר,"יפאורה תבורי בע""\מ",,ספרינג תפוחים דיאט 1,ליטרים,1.50,ליטר,false,,7.90,5.2667,true,1,202133
7290019056676,false,משקה קל אשכולית אננס דיאט ספרינג 1.5 ליטר,"יפאורה תבורי בע""\מ",,ספרינג דיאט אשכוליות,ליטרים,1.50,ליטר,false,,7.90,5.2667,true,1,214710
7290019056720,false,קריסטל מיץ ענבים 2 ליטר פיקדון,"יפאורה תבורי בע""\מ",,קריסטל מיץ ענבים 2 ל,ליטרים,2.00,ליטר,false,,7.90,3.9500,true,1,203213
7290019056737,false,מיץ בטעם אשכוליות 2 ל' קריסטל,"יפאורה תבורי בע""\מ",,קריסטל מיץ אשכוליות,ליטרים,2.00,ליטר,false,,7.90,3.9500,true,1,203227
7290019056744,false,קריסטל מיץ תפוזים 2 ליטר פיקדון,"יפאורה תבורי בע""\מ",,קריסטל מיץ תפוזים 2,ליטרים,2.00,ליטר,false,,7.90,3.9500,true,1,203228
7290019056751,false,קריסטל מיץ אשכוליות דיאט 2 ליטר פיקדון,"יפאורה תבורי בע""\מ",,קריסטל דיאט מיץ אשכו,ליטרים,2.00,ליטר,false,,6.90,3.4500,true,1,203242
7290019056768,false,קריסטל מיץ מנגו 2 ליטר פיקדון,"יפאורה תבורי בע""\מ",,קריסטל מיץ מנגו 2 לי,ליטרים,2.00,ליטר,false,,7.90,3.9500,true,1,203243
7290019056799,false,קריסטל מוגז אקזוטי 2 ליטר פיקדון,"יפאורה תבורי בע""\מ",,קריסטל אקזוטי 2 ליטר,ליטרים,2.00,ליטר,false,,7.90,3.9500,true,1,203272
7290019056812,false,משקה מוגז בטעם מנטה 2 ל' קריסטל,"יפאורה תבורי בע""\מ",,קריסטל מנטה 2 ליטר,ליטרים,2.00,ליטר,false,,7.90,3.9500,true,1,203287
7290019056836,false,קריסטל מוגז תות 2 ליטר פיקדון,"יפאורה תבורי בע""\מ",,תות קריסטל 2 ליטר,ליטרים,2.00,ליטר,false,,7.90,3.9500,true,1,203302
7290019056959,false,מי-עדן מים מינרלים 1.5 ל,"מופק ממקור בזלתי עדן ,1",,מי עדן 1.5 ליטר,ליטרים,1.50,ליטר,false,,3.90,2.6000,true,1,214711
7290019056973,false,שישיית מי עדן 1.5 ליטר משפחתי,"מופק ממקור בזלתי עדן ,1",,מי עדן 6*1.5 ליטר,ליטרים,9.00,ליטר,false,,12.90,1.4333,true,1,203332
7290019153214,false,"פחית משקה מוגז מנטה 330 מ""ל שוופס",יפאורה תבורי בעמ,,שוופס פחית מנטה 330,מיליליטרים,330.00,"100 מ""ל",false,,4.50,0.0136,true,1,284428
7290019153221,false,שוופס סודה בטעם אננס 0.5 ליטר,יפאורה תבורי,,שוופס סודה אננס 500,מיליליטרים,500.00,"100 מ""ל",false,,5.00,0.0100,true,1,269633
7290019153238,false,שוופס סודה בטעם תפוח 0.5 ליטר,יפאורה תבורי,,שוופס סודה תפוח 500,מיליליטרים,500.00,"100 מ""ל",false,,5.00,0.0100,true,1,269634
7290019153252,false,שוופס סודה תפוח 1.5 ליטר רביעייה פיקדון,"יפאורה תבורי בע""\מ",,שוופס סודה תפוח 4*1.,ליטרים,6.00,ליטר,false,,12.50,2.0833,true,1,269649
7290019153269,false,שוופס סודה אננס 1.5 ליטר רביעייה פיקדון,"יפאורה תבורי בע""\מ",,שוופס סודה אננס 4*1.,ליטרים,6.00,ליטר,false,,12.50,2.0833,true,1,269650
7290019153313,false,"משקהתפוח חמוציות אוכמניות 350 מ""ל פרות & ווג",יפאורה תבורי בעמ,,פרוט & וג' תפוח חמוצ,מיליליטרים,330.00,"100 מ""ל",false,,7.90,0.0239,true,1,284442
7290019153344,false,מיץ בטעם סנגרייה 1.5 ל' תפוזינה,"יפאורה תבורי בע""\מ",,תפוזינה סנגריה 1.5 ל,ליטרים,1.50,ליטר,false,,8.50,5.6667,true,1,278413
7290019153351,false,מיץ בטעם פינק אוזו 1.5 ל' תפוזינה,"יפאורה תבורי בע""\מ",,תפוזינה פינק אוזו 1.,ליטרים,1.50,ליטר,false,,8.50,5.6667,true,1,278427
7290019153375,false,מיץ בטעם מוחיטו 1.5 ל' תפוזינה,"יפאורה תבורי בע""\מ",,תפוזינה מוחיטו 1.5 ל,ליטרים,1.50,ליטר,false,,8.50,5.6667,true,1,278428
7290019204008,false,עוף טוב פסטרמה ארבעה פלפלים 350 גרם,עיצובים 2020 (4.9),,פסטרמה ארבעה פלפלים,גרמים,350.00,100 גרם,false,,24.90,0.0711,true,1,310669
7290019204305,false,חזה הודו פסטרמה ברביקיו 350 גר',עיצובים 2020 (4.9),,פסטרמה ברביקיו עוף ט,גרמים,350.00,100 גרם,false,,24.90,0.0711,true,1,310638
7290019230007,false,חלה קמח כוסמין ספיישל בייקרי,ספיישל בייקרי,,חלה כוסמין ארוזה ביי,גרמים,500.00,100 גרם,false,,15.90,0.0318,true,1,205054
7290019230021,false,חלה קונדיטור מאפיית הלמנס,ספיישל בייקרי,,חלה גדולה ארוזה בייק,גרמים,500.00,100 גרם,false,,13.90,0.0278,true,1,205055
7290019245001,false,שמן קנולה אלומות 1 ל,,,שמן קנולה אלומות 1 ל,ליטרים,1.00,ליטר,false,,10.90,10.9000,true,1,264313
7290019302315,false,"ייו buzz אבטיח מלון 750 מ""ל",יקבי כרמל,,יין באזז אבטיח ומלון,מיליליטרים,750.00,"100 מ""ל",false,,27.90,0.0372,true,1,292883
7290019308027,false,שעועית ירוקה שלמה עד,,,שעועית ירוקה שלמה עד,גרמים,800.00,100 גרם,false,,7.20,0.0090,true,1,326730
7290019308058,false,שעועית ירוקה חתוכה 800 גרם,,,שעועית ירוקה חתוכה 8,גרמים,800.00,100 גרם,false,,7.20,0.0090,true,1,297586
7290022005562,false,קריספ פירורי לחם שום 300 גרם מיימונס,א.ל ייצור ושיווק תבל,,פירורי לחם עם שום קר,גרמים,300.00,100 גרם,false,,7.90,0.0263,true,1,276129
7290055090702,false,"איגלו שלוקים בטעמי פטל, לימון וענבים 60 יח'",כרמית תעשיות ממתקים,,כרמית איגלו שלוקים 6,ליטרים,2.03,ליטר,false,,12.90,6.3547,true,1,38821
7290100240137,false,"בדין תרסיס למייבש כביסה כחול 500 מ""ל","זוהר דליה, קיבוץ דליה, 1",,בדין תרסיס למייבש כב,מיליליטרים,500.00,"100 מ""ל",false,,16.90,0.0338,true,1,10427
7290100240632,false,קרקר פתית 200-300ג' 6 דגנים 250 גרם,יוניליוור ישראל מזון בע\,,פתית 6 דגנים תלמה 25,גרמים,250.00,100 גרם,false,,16.90,0.0676,true,1,10430
7290100243671,false,"מרכך כביסה מרוכז אקסטרה כחול בדין 960 מ""ל",יוניליוור סנאיי וי טיקאר,,בדין אקסטרא כחול-960,מיליליטרים,960.00,"100 מ""ל",false,,14.90,0.0155,true,1,10442
7290100249598,false,"רוטב לעוף שום ודבש קנור 320 גרם בד""צ",יוניליוור ישראל מזון בע\,,רוטב לעוף שום ודבש ב,גרמים,310.00,100 גרם,false,,12.90,0.0416,true,1,10491
7290100249659,false,"רוטב לעוף צ'ילי מתוק ושום קנור 320 גרם בד""צ","יוניליוור ישראל מזון בע""",,רוטב לעוף צילי שום ב,גרמים,310.00,100 גרם,false,,12.90,0.0416,true,1,10495
7290100411278,false,מחית בוליווד אגס ותפוח 190 גרם ללא תוספת,NOVOFRUCHT SK S.R.O,,תפוח ואגס 190גרם BEL,גרמים,190.00,100 גרם,false,,5.90,0.0311,true,1,29553
7290100412343,false,קוויק מטליות לחות 99.9% לניקוי כללי בריח לימון 50 יחידות,די.פי.אל,,מגבונים לניקוי וחיטו,יחידה,0.00,יחידה,false,,7.90,0.0000,true,1,29563
7290100412466,false,קוויק מטליות לחות לניקוי רצפות ניחוח לימון 10 יחידות,די.פי.אל,,מגבונים לניקוי רצפות,יח',10.00,יח',false,,10.90,1.0900,true,1,29569
7290100412763,false,"דר' עור תחליב רחצה קלאסי -לבנדר 700 מ""ל","אמיליה קוסמטיקס בע""מ",,תחליב רחצה לבנדר דר,מיליליטרים,700.00,"100 מ""ל",false,,19.90,0.0284,true,1,29577
7290100570234,false,אביזרי מטבח,,,אביזרי מטבח,יחידה,0.00,יחידה,false,,12.90,0.0000,true,1,34254
7290100572368,false,אביזרי מטבח,,,אביזרי מטבח,יחידה,0.00,יחידה,false,,19.90,0.0000,true,1,34263
7290100572702,false,אביזרי מטבח ב-11.00,,,אביזרי מטבח ב-11.00,יחידה,0.00,יחידה,false,,10.90,0.0000,true,1,34266
7290100573396,false,אביזרי מטבח.,,,אביזרי מטבח,יחידה,0.00,יחידה,false,,9.90,0.0000,true,1,34268
7290100573716,false,שקית זילוף טרמיסו,,,אביזרי מטבח,יחידה,0.00,יחידה,false,,14.90,0.0000,true,1,34270
7290100658338,false,נוזל כלים אוקסי פלוס עם נוסחת החמצן הפעיל,הנסיך- מפעל לייצור ט,,פלמוליב לכלים אוקסי-,מיליליטרים,750.00,"100 מ""ל",false,,11.90,0.0159,true,1,21557
7290100680650,false,מנה חמה נודלס-אטריות ירקות טעם תאילנדי אסם 76 ג',PUB FOODS PRESIDENT THAI,,מנה חמה נודלס תאילנד,גרמים,76.00,100 גרם,false,,6.90,0.0908,true,1,18799
7290100680711,false,פירורית זהב אסם זהב 350ג',עינת תעשיות מזון אגו,,אסם פירורית זהב 350,גרמים,350.00,100 גרם,false,,8.90,0.0254,true,1,18801
7290100680728,false,פירורית רגילה שקית 350 גרם,מיוצר עי קונדיטוריית,,פירורית רגילה שקית 3,גרמים,350.00,100 גרם,false,,7.90,0.0226,true,1,18802
7290100681015,false,אינסטנט פודינג בטעם ריבת חלב אסם 84 גרם,מיוצר עי קונדיטוריית,,אסם פודינג אינסטנט ר,גרמים,84.00,100 גרם,false,,5.90,0.0702,true,1,18804
7290100681138,false,מארז אפרופו חטיף תירס 3 יחידות,מיוצר עי קונדיטוריית,,אפרופו מאח 3*50 גר',גרמים,150.00,100 גרם,false,,12.90,0.0860,true,1,18806
7290100683880,false,פירה אסם ללא צורך בבישול 260 גרם,"אסם השקעות בע""\מ",,פירה אסם 260 גרם,גרמים,260.00,100 גרם,false,,14.90,0.0573,true,1,18816
7290100685136,false,"אבקת מרק בטעם עוף אסם 1 ק""ג","אסם השקעות בע""\מ",,מרק בטעם עוף אסם 1 ק,קילוגרמים,1.00,"ק""ג",false,,15.90,15.9000,true,1,18823
7290100685334,false,אבקת מרק עוף אמיתי בשרי רכיבים טבעיים אסם 400 גרם,"אסם השקעות בע""\מ",,מרק עוף מרכיבים טבעי,גרמים,400.00,100 גרם,false,,28.00,0.0700,true,1,18825
7290100685341,false,אבקת מרק טעם עוף זך רכיבים טבעיים אסם 400 גרם,"אסם השקעות בע""\מ",,מרק זך טעם עוף רכיבי,גרמים,400.00,100 גרם,false,,18.50,0.0463,true,1,18826
7290100685600,false,פירורית זהב אסם זהב חיטה מלאה 200ג',עינת תעשיות מזון אגו,,פירורית זהב חיטה מלא,גרמים,200.00,100 גרם,false,,7.90,0.0395,true,1,18829
7290100686164,false,מארז מולטיפק ביסלי ברביקיו 6 יח 35 גר יח,מיוצר עי קונדיטוריית,,ביסלי ברביקיו מאח.8,גרמים,210.00,100 גרם,false,,12.90,0.0614,true,1,18833
7290100686171,false,מארז מולטיפק ביסלי גריל 6 יח 35 גר ליח,"אסם השקעות בע""\מ",,ביסלי גריל מאח.8 6*3,גרמים,210.00,100 גרם,false,,12.90,0.0614,true,1,18834
7290100689301,false,אבקת מרק בטעם עוף זך עדיף אסם 400 גרם,"אסם השקעות בע""\מ",,מרק בטעם עוף זך אסם,גרמים,400.00,100 גרם,false,,13.90,0.0348,true,1,18844
7290100700020,false,גריסי פנינה 500 גרם סוגת,האי נאם סי או אל.טי.,,סוגת גריסי פנינה 500,גרמים,500.00,100 גרם,false,,5.90,0.0118,true,1,17339
7290100700075,false,פירורי לחם מוזהבים סוגת 200 גרם,"סוגת תעשיות בע""\מ",,פירורי לחם מוזהבים ש,גרמים,200.00,100 גרם,false,,3.90,0.0195,true,1,17340
7290100700273,false,קינואה לבנה 500 ג סו,האי נאם סי או אל.טי.,,קינואה סוגת 500 גרם,גרמים,500.00,100 גרם,false,,14.90,0.0298,true,1,17343
7290100700310,false,"סוגת כוסמת סוגת 1ק""ג","סוגת תעשיות בע""מ",,כוסמת 1 ק'ג,קילוגרמים,1.00,"ק""ג",false,,14.90,14.9000,true,1,17345
7290100700334,false,קינואה לבנה 1 קג סוג,"סוגת תעשיות בע""מ",,סוגת קינואה 1קג,קילוגרמים,1.00,"ק""ג",false,,28.90,28.9000,true,1,17347
7290100700372,false,"אורז בסמטי מלא 1 ק""ג סוגת",האי נאם סי או אל.טי.,,אורז בסמטי מלא 1 ק'ג,קילוגרמים,1.00,"ק""ג",false,,10.00,10.0000,true,1,17349
7290100700389,false,"אורז אדום 1 ק""ג סוגת","סוגת תעשיות בע""\מ",,אורז אדום 1 ק'ג,קילוגרמים,1.00,"ק""ג",false,,12.90,12.9000,true,1,17350
7290100700396,false,"אורז יסמין קלאסי סוגת 1 ק""ג",האי נאם סי או אל.טי.,,סוגת אורז יסמין קלאס,קילוגרמים,1.00,"ק""ג",false,,11.90,11.9000,true,1,17351
7290100700402,false,"חומוס ענק סוגת 1 ק""ג",סוגת תעשיות בעמ,,חומוס ענק 1 ק'ג,קילוגרמים,1.00,"ק""ג",false,,19.90,19.9000,true,1,17352
7290100701157,false,"אורז להכנת סושי סוגת 1 ק""ג","סוגת תעשיות בע""\מ",,אורז סושי 1 קג,קילוגרמים,1.00,"ק""ג",false,,11.90,11.9000,true,1,17360
7290100701409,false,קמח תירס 500 גר סוגת,מולינו פילה ספא,,קמח תירס סוגת 500 גר,גרמים,500.00,100 גרם,false,,6.90,0.0138,true,1,17367
7290100702284,false,קוסקוס מלא סוגת 350 גרם,"אסיף תעשיות מזון בע""",,קוסקוס מלא סוגת 350,גרמים,350.00,100 גרם,false,,4.90,0.0140,true,1,17382
7290100702611,false,פתיתים אפויים אורז סוגת 500 גרם,"אסיף תעשיות מזון בע""\מ",,פתיתים אפויים אורז ס,גרמים,500.00,100 גרם,false,,4.90,0.0098,true,1,17394
7290100702628,false,פתיתים אפויים קוסקוס 500 גרם סוגת,"אסיף תעשיות מזון בע""\מ",,פתיתים אפויים קוסקוס,גרמים,500.00,100 גרם,false,,4.90,0.0098,true,1,17395
7290100702635,false,פתיתים אפויים כוכבים סוגת 500 גרם,"אסיף תעשיות מזון בע""",,פתיתים אפויים כוכבים,גרמים,500.00,100 גרם,false,,4.90,0.0098,true,1,17396
7290100702741,false,"סוכר חום בהיר בצנצנת סוגת 1 ק""ג",סוגת תעשיות בעמ,,סוכר חום בהיר בצנצנת,קילוגרמים,1.00,"ק""ג",false,,12.90,12.9000,true,1,17405
7290100702994,false,סוכר דמררה קלאסי בשקית סוגת 500 גרם,"סוגת תעשיות בע""מ",,סוכר דמררה בשקית סוג,גרמים,500.00,100 גרם,false,,5.90,0.0118,true,1,17423
7290100703007,false,"עדשים שחורות בלוגה 500 גרם ""סוגת""",האי נאם סי או אל.טי.,,סוגת עדשים שחורות בל,גרמים,500.00,100 גרם,false,,8.90,0.0178,true,1,17424
7290100703564,false,"פתיתי שיבולת שועל עבה 500 גרם ""סוגת""",,,שיבולת שועל עבה סוגת,גרמים,500.00,100 גרם,false,,6.90,0.0138,true,1,17448
7290100703687,false,"קמח חלה ללא ניפוי 1 ק""ג סוגת","שטיבל בע""מ",,קמח חלה ללא ניפוי סו,קילוגרמים,1.00,"ק""ג",false,,7.90,7.9000,true,1,17456
7290100703861,false,"תערובת קסם לחלה ללא צורך בניפוי סוגת 1 ק""ג","שטיבל בע""\מ - טחנות קמח",,קמח תערובת קסם לחלה,קילוגרמים,1.00,"ק""ג",false,,7.90,7.9000,true,1,17459
7290100703922,false,פופקורן להכנה במיקרוגל בטעם טבעי - מארז 6 שקיות,סוגת,,מארז פופקורן למיקרוג,גרמים,540.00,100 גרם,false,,12.90,0.0239,true,1,17464
7290100704615,false,סוכר לבן דק דק בצנצנת סוגת 500 גרם,"סוגת תעשיות בע""\מ",,סוכר לבן דק דק בצנצנ,גרמים,500.00,100 גרם,false,,7.90,0.0158,true,1,199456
7290100704622,false,סוכר דמררה דק דק בצנצנת סוגת 500 גרם,"סוגת תעשיות בע""\מ",,סוכר דמררה דק דק בצנ,גרמים,500.00,100 גרם,false,,7.90,0.0158,true,1,199457
7290100704660,false,"קינואה מיקס סוגת, 500 גרם","סוגת תעשיות בע""\מ",,קינואה מיקס סוגת 500,גרמים,500.00,100 גרם,false,,14.90,0.0298,true,1,148565
7290100850909,false,דוריטוס נאצ'ו מקסיקני 70 גרם,"שטראוס פריטו ליי בע""\מ",,דוריטוס נאצו מקסיקני,גרמים,70.00,100 גרם,false,,3.60,0.0514,true,1,24168
7290100850916,false,דוריטוס חמוץ חריף מעודן 70 גרם כשר לפסח,"שטראוס פריטו ליי בע""\מ )",,דוריטוס חמוץ חריף 70,גרמים,70.00,100 גרם,false,,3.60,0.0514,true,1,24169
7290100850923,false,דוריטוס בטעם גריל 70 גרם,"שטראוס פריטו ליי בע""\מ )",,דוריטוס גריל 70 גרם,גרמים,70.00,100 גרם,false,,3.60,0.0514,true,1,24170
7290100858592,false,אבקת קקאו עלית שקית 150 ג',הנסיך- מפעל לייצור ט,,עלית קקאו 150ג,גרמים,150.00,100 גרם,false,,10.50,0.0700,true,1,22354
7290100858608,false,אבקת קקאו עלית שקית 500 ג',שטראוס קפה בי.ויn\.,,עלית קקאו 500ג,גרמים,500.00,100 גרם,false,,24.90,0.0498,true,1,22355
7290100921623,false,מנקה אסלה סוד 4 כדוריות נתלה אקונומיקה נתלה 50 ג',"הנקל סוד בע""\מ",,סוד סבון 4 כדוריות ל,גרמים,50.00,100 גרם,false,,8.90,0.1780,true,1,34939
7290100922569,false,קרם לטיפוח עוד הידיים והגוף- מארז שלישייה,טרופיקל דגיל,,80*3 ולוטה קרם ידיים,מיליליטרים,300.00,"100 מ""ל",false,,19.90,0.0663,true,1,8156
7290100922637,false,"הוואי שלישיית סבון נוזלי מי קוקוס 500 מ""ל",הנקל סוד,,הוואי אל סבון נוזלי,ליטרים,1.50,ליטר,false,,17.90,11.9333,true,1,8160
7290100922651,false,הוואי - סבון מוצק מי קוקוס 100 גרם רביעייה,טרופיקל דגיל קוסמטיק,,סבון מוצק מי קוקוס ה,גרמים,400.00,100 גרם,false,,11.90,0.0298,true,1,8161
7290100924204,false,"פרסיל אבקה לכביסה רגיל 8 ק""ג",פרסיל Persil,,פרסיל אבקת כביסה 8 ק,קילוגרמים,8.00,"ק""ג",false,,55.90,6.9875,true,1,34947
7290100924457,false,שלישיית כדוריות סבון לאסלה לימון סוד 50 גרם,הנקל סוד,,סוד סבון 4 כדוריות ל,גרמים,150.00,100 גרם,false,,19.90,0.1327,true,1,34952
7290100925676,false,קולור קאצר 20 דפים לוכדי צבע למכונת כביס,"הנקל סוד בע""\מ",,קולור קאצ'ר 20 דפים,יחידה,0.00,יחידה,false,,22.90,0.0000,true,1,35001
7290100926147,false,אבקת כביסה פרסיל קולור שקית 2.5 קג,"הנקל סוד בע""מ",,אבקת כביסה פרסיל קול,קילוגרמים,2.50,"ק""ג",false,,26.90,10.7600,true,1,35012
7290101110460,false,גלידה בליסימו וניל צרפתי 1.3 ל' פלדמן,גלידות פלדמן,,בליסימו בטעם וניל צר,ליטרים,1.30,ליטר,false,,21.90,16.8462,true,1,137483
7290101110811,false,מאגדת גלידל וניל מצופה סורבה פסיפלורה[8],הגלידות של פלדמן,,גלידל מאגדת בטעם פסי,גרמים,600.00,100 גרם,false,,31.90,0.0532,true,1,36053
7290101112600,false,גלידה בלסימו מילקשייק וניל מוקה 1.3 ל' פלדמן,גלידות פלדמן,,בליסימו בטעם מילקשיי,ליטרים,1.30,ליטר,false,,21.90,16.8462,true,1,137484
7290101113157,false,מאגדת גלידל וניל עוגיות פלדמן 6 יחידות,"פלקו בע""\מ, חברה ישראלית",,גלידל חלבי וניל עוגי,גרמים,672.00,100 גרם,false,,25.90,0.0385,true,1,36077
7290101113430,false,מאגדת גלידל סירופ שוקולד פלדמן 6 יחידות,"פלקו בע""\מ, חברה ישראלית",,מאגדת גלידל סירופ שו,גרמים,312.00,100 גרם,false,,25.90,0.0830,true,1,137605
7290101113447,false,עשירייה גלידל מיני קסטה בטעמי שוקו ווניל 270 ג' פלדמן,הגלידות של פלדמן,,גלידל מיני סנדוויץ',גרמים,270.00,100 גרם,false,,31.90,0.1181,true,1,213410
7290101113454,false,מאגדת גלידל יוגורט אפרסק 8 יח 480 גרם,הגלידות של פלדמן,,גלידל יוגורט בטעם א,גרמים,480.00,100 גרם,false,,31.90,0.0665,true,1,137429
7290101113638,false,מאגדת סנקור ארוך 8 יח 560 גרם,פלקו בעמ,,מאגדת סנקור ארוך 8 י,גרמים,560.00,100 גרם,false,,31.90,0.0570,true,1,137670
7290101113911,false,מארז מנבו מוקה 12 יח' פלדמן,הגלידות של פלדמן,,מנבו מוקה 12 יח 288,גרמים,288.00,100 גרם,false,,20.90,0.0726,true,1,329475
7290101459880,false,נרות אותיות- יום הול,,,נרות אותיות- יום הול,יחידה,0.00,יחידה,false,,9.90,0.0000,true,1,32470
7290101488286,false,"ליידי ספיד סטיק - דאודורנט ספריי לאישה 24/7 פרש פיוזן ורוד 150 מ""ל",ליידי ספיד סטיק Lady Speed Stick,,דאו' ספריי ורוד לייד,מיליליטרים,150.00,"100 מ""ל",false,,17.90,0.1193,true,1,21565
7290101551027,false,קפסולות קפה אספרסו חזק במיוחד 14 עלית 10 יח',הנסיך- מפעל לייצור ט,,קפסולות אספרסו 14 למ,גרמים,50.00,100 גרם,false,,17.90,0.3580,true,1,22362
7290101551263,false,סילאן טבעי 700 גרם יד מרדכי,מכוורת יד מרדכי,,סילאן טבעי יד מרדכי,גרמים,700.00,100 גרם,false,,20.00,0.0286,true,1,22364
7290101551300,false,סילאן טבעי ללא תוספת סוכר בקבוק לחיץ,מכוורת יד מרדכי שטראוס ב,,סילאן טבעי לחיץ יד מ,גרמים,380.00,100 גרם,false,,13.90,0.0366,true,1,22365
7290101551539,false,יוגורט PRO בטעם אפרסק 0% 20 גרם חלבון בגביע,"שטראוס בריאות בע""מ",,דנונה פרו 20 אפרסק 2,גרמים,200.00,100 גרם,false,,5.90,0.0295,true,1,23386
7290101551584,false,תפוצ'יפס קידס מארז 10 יח' * 20 ג',"שטראוס פריטו ליי בע""מ )פ",,מארז תפוצ'יפס קידס 1,גרמים,200.00,100 גרם,false,,12.90,0.0645,true,1,24176
7290101551638,false,חטיף צ'יטוס כאפה בטעם קטשופ - מארז 10 יח',"שטראוס פריטו ליי בע""מ )פ",,מארז צ'יטוס כאפה 10*,גרמים,200.00,100 גרם,false,,12.90,0.0645,true,1,24180
7290101863410,false,"סיליט באנג ספריי ניקוי עוצמתי מכיל אקונומיקה 750 מ""ל",סיליט באנג Cillit Bang,,סיליט באנג ספריי אקו,מיליליטרים,750.00,"100 מ""ל",false,,14.90,0.0199,true,1,20892
7290101864127,false,"ספריי וניש קליה להסרת כתמים 750 מ""ל",קליה וניש Kalia Vanish,,קליה אוקסי ספריי 750,מיליליטרים,750.00,"100 מ""ל",false,,16.90,0.0225,true,1,20896
7290101866633,false,וניש קליה גל להסרת כתמים 3 ליטר אוקסיפרש,קליה וניש Kalia Vanish,,וניש קליה ג'ל 3 ליטר,ליטרים,3.00,ליטר,false,,29.90,9.9667,true,1,20909
7290101866787,false,וניש קליה נוזל מסיר כתמים לכביסה לבנה 3 ליטר,קליה וניש Kalia Vanish,,וניש נוזל מסיר כתמים,ליטרים,3.00,ליטר,false,,29.90,9.9667,true,1,20912
7290101868958,false,פיניש נוזל הברקה למדיח בניחוח לימון,רקיט בנקיזר,,פיניש נוזל הברקה לימ,מיליליטרים,800.00,"100 מ""ל",false,,24.90,0.0311,true,1,20935
7290101869726,false,ג'ל מרוכז למדיח הכל ב-1 פיניש 1 ליטר,רקיט בנקיזר,,ג'ל 1 ליטר AIO פיניש,ליטרים,1.00,ליטר,false,,42.90,42.9000,true,1,20946
7290101869795,false,"אירוויק מילוי מבשם אויר אטומטי חלום ליל קיץ 250 מ""ל",איירוויק Air Wick,,איירוויק מילוי מבשם,מיליליטרים,250.00,"100 מ""ל",false,,14.90,0.0596,true,1,20953
7290101985365,false,בקבוק אלומיניום גדול,,,בקבוק אלומיניום גדול,יחידה,0.00,יחידה,false,,22.50,0.0000,true,1,32549
7290101999720,false,נרות מטה לבבות פו,,,נרות מטה לבבות פו,יחידה,0.00,יחידה,false,,7.50,0.0000,true,1,32804
7290102030330,false,תפוצ'יפס קראנצ' בטעם מקסיקני 200 גרם,"שטראוס פריטו ליי בע""\מ )",,תפוצ'יפס קראנץ מקסיק,גרמים,200.00,100 גרם,false,,9.90,0.0495,true,1,24189
7290102032334,false,אבקה להכנת משקה קפה בטעם וניל,שטראוס קפה בי.וי,,קפה נמס עלית בטעם ונ,גרמים,200.00,100 גרם,false,,21.90,0.1095,true,1,22368
7290102060764,false,מרידול מברשת שיניים אריזת זוג,יבואן ומשווק: ש. שסט,,זוג מברשות שיניים עד,יחידה,0.00,יחידה,false,,35.90,0.0000,true,1,21569
7290102062195,false,"משחת שיניים לילדים לגילאי 6-12 אלמקס 75 מ""ל",יבואן ומשווק: ש. שסט,,אלמקס משחת שיניים אל,מיליליטרים,75.00,"100 מ""ל",false,,14.90,0.1987,true,1,21574
7290102390427,false,יוגורט ביו עם קציפת תות 3% שומן 150 ג' מולר,מולר Muller,,מולר פרופ תות 3% 150,גרמים,150.00,100 גרם,false,,5.50,0.0367,true,1,6431
7290102390465,false,יוגורט ביו עם קציפת אפרסק ופסיפלורה 3% שומן 150 ג' מולר,מולר Muller,,מולר פרופ אפרסק פסיפ,גרמים,150.00,100 גרם,false,,5.50,0.0367,true,1,6432
7290102390489,false,יוגורט ביו עם קציפת לימון 3% שומן 150 ג' מולר,מולר Muller,,מולר פרופ לימון 3% 1,גרמים,150.00,100 גרם,false,,5.50,0.0367,true,1,6434
7290102391844,false,יוגורט ביו עם קציפת פירות יער3% שומן 150 ג' מולר,מולר Muller,,מולר פרופ לבן+קציפת,גרמים,150.00,100 גרם,false,,5.50,0.0367,true,1,6441
7290102392049,false,גבינה לאפיה תבור ללא תוספת מלח 5% משק צוריאל 500 גרם,מחלבת משק צוריאל,,צוריאל תבור 5% 500ג,גרמים,500.00,100 גרם,false,,23.90,0.0478,true,1,6443
7290102392094,false,חלב עיזים 3.7% בקרטון משק צוריאל 1 ליטר,מחלבת משק צוריאל,,צוריאל חלב עיזים 1ל,ליטרים,1.00,ליטר,false,,15.50,15.5000,true,1,6444
7290102393169,false,"יוגורט סימפלי פרוט בטעם תות 3% מולר 150 מ""ל",מולר Muller,,מולר סימפלי פרוט תות,גרמים,150.00,100 גרם,false,,4.90,0.0327,true,1,6467
7290102393176,false,סימפלי פרוט יוגורט אפרסק 3% שומן 150 ג' מולר,מילקו תעשיות בעמ,,מולר סימפלי פרוט אפר,גרמים,150.00,100 גרם,false,,4.90,0.0327,true,1,6468
7290102393268,false,"גבינה לבנה 5% שומן, רכיבים טבעיים 750 גרם",הפריט בפיקוח,,טרה גבינה לבנה אריזת,גרמים,750.00,100 גרם,false,,14.90,0.0199,true,1,6470
7290102393299,false,יוגורט עיזים לשתייה 3% משק צוריאל 500 גרם,מיוצר עי קוד יצרן HG,,צוריאל יוגורט עיזים,מיליליטרים,500.00,"100 מ""ל",false,,11.90,0.0238,true,1,6471
7290102394463,false,נעם גבינה צהובה פרוסה ואקום 28% טרה 500 גרם,Unknown,,נעם גבינה צהובה וואק,גרמים,500.00,100 גרם,false,,24.90,0.0498,true,1,6488
7290102394821,false,נעם גבינה צהובה פרוסה 28% טרה 200 גרם,מילקו תעשיות בעמ,,נעם גבינה צהובה דק ד,גרמים,200.00,100 גרם,false,,14.90,0.0745,true,1,6492
7290102394845,false,נעם גבינה צהובה לייט פרוסה דק דק 9% טרה 200 גרם,מילקו תעשיות בעמ,,נעם גבינה צהובה דק ד,גרמים,200.00,100 גרם,false,,14.90,0.0745,true,1,6493
7290102395217,false,מאגדת שמיניה מולר במתיקות מעודנת 1.2% 8*150 ג',מולר Muller,,מולר ביאנקו במתיקות,קילוגרמים,1.20,"ק""ג",false,,18.90,15.7500,true,1,6500
7290102395224,false,שמיניית יוגורט ביו ביאנקו 1.7% מולר 150 גרם,מולר Muller,,מולר נטורל 1.7% 8*15,קילוגרמים,1.20,"ק""ג",false,,15.90,13.2500,true,1,6501
7290102395231,false,שמיניית יוגורט ביו ביאנקו 2.8% מולר 150 גרם,מולר Muller,,מולר נטורל 2.8% 8*15,קילוגרמים,1.20,"ק""ג",false,,15.90,13.2500,true,1,6502
7290102395262,false,מארז 8 גביעים יוגורט בטעם תות שדה ואפרסק 3% Simply Fruit,מולר Muller,,מולר תות שדה ואפרסק,קילוגרמים,1.20,"ק""ג",false,,30.90,25.7500,true,1,6503
7290102395378,false,נעם גבינה צהובה פרוסה ואקום 28% טרה 360 גרם,טרה,,נעם גבינה צהובה ואקו,גרמים,360.00,100 גרם,false,,19.50,0.0542,true,1,6505
7290102395446,false,מעדן חלב בטעם וניל עם קצפת 123 ג' טרה,Unknown,,מוו וניל קצפת 123מל,מיליליטרים,123.00,"100 מ""ל",false,,2.90,0.0236,true,1,6508
7290102395477,false,מעדן חלב בטעם שוקולד עם קצפת 123 ג' טרה,Unknown,,מוו שוקולד קצפת 123מ,מיליליטרים,123.00,"100 מ""ל",false,,2.90,0.0236,true,1,6511
7290102395521,false,"שמנת לבישול 15% שומן 500 מ""ל טרה",מילקו תעשיות בעמ,,טרה שמנת לבישול 15%+,מיליליטרים,500.00,"100 מ""ל",false,,16.50,0.0330,true,1,6512
7290102396399,false,מארז 8 יחידות מעדן חלב בטעם שוקולד 1.5%,Unknown,,מוו מעדן שוקולד 100*,גרמים,800.00,100 גרם,false,,12.90,0.0161,true,1,6529
7290102396405,false,שמיניית מעדן וניל מוו 1.5% טרה 100 גרם,Unknown,,מוו מעדן וניל 100*8,גרמים,800.00,100 גרם,false,,12.90,0.0161,true,1,6530
7290102396436,false,"מעדן מוו שוקולד 1.5% 125 גרם בד""צ",מילקו תעשיות בעמ,,מוו מעדן שוקולד 1.5%,גרמים,125.00,100 גרם,false,,2.90,0.0232,true,1,6533
7290102396443,false,"מעדן מוו וניל 1.5% 125 גרם בד""צ",מילקו תעשיות בעמ,,מוו מעדן וניל 1.5% 1,גרמים,125.00,100 גרם,false,,2.90,0.0232,true,1,6534
7290102396580,false,מעדן מוו שוקולד ומוס שוקולד טרה 118 גרם,טרה,,מוו מעדן שוקולד ומוס,גרמים,118.00,100 גרם,false,,2.90,0.0246,true,1,6538
7290102396665,false,נעם גבינה צהובה דק דק 15% טרה 200 גרם,מילקו תעשיות בעמ,,גבנ`צ דקדק פתח סגור,גרמים,200.00,100 גרם,false,,14.90,0.0745,true,1,6542
7290102396672,false,"גבנ""צ דק דק נעם פתיחה חוזרת 9% 360 גרם",מילקו תעשיות בעמ,,נעם צהובה דק דק 9% 3,גרמים,360.00,100 גרם,false,,24.90,0.0692,true,1,6543
7290102396719,false,יוגורט סימפלי תות 0% מולר 150 גרם,מולר Muller,,מולר סימפלי פרוט תות,גרמים,170.00,100 גרם,false,,5.50,0.0324,true,1,6545
7290102396740,false,מארז 8 גביעים יוגורט בטעם תות שדה ואפרסק 0% Simply Fruit,מילקו תעשיות בעמ,,מולר סימפלי פרוט 0%,קילוגרמים,1.20,"ק""ג",false,,30.90,25.7500,true,1,6548
7290102397204,false,"גבנ""צ דק דק נעם פתיחה חוזרת 22% 200 גרם",מילקו תעשיות בעמ,,נעם צהובה דק דק 22%,גרמים,200.00,100 גרם,false,,15.20,0.0760,true,1,6569
7290102397310,false,מעדן מיני בטעם שוקולד קצפת מוו מאגדת 8 יח' * 70 ג',מילקו תעשיות בעמ,,מאגדת שמינייה מיני מ,מיליליטרים,944.00,"100 מ""ל",false,,11.90,0.0126,true,1,6573
7290102397464,false,יוגורט ביו בתוספת גרעינים אגוזים וחמוציות 170 ג' מולר,מולר Muller,,מולר יוגורט נטורל +,גרמים,150.00,100 גרם,false,,5.90,0.0393,true,1,6584
7290102397600,false,מיקס יוגורט בתוספת שקדים ובוטנים מקורמלים 170 ג' מולר,מילקו תעשייה בעמ,,מולר מיקס שקדים ובוט,גרמים,168.00,100 גרם,false,,5.90,0.0351,true,1,6594
7290102397617,false,יוגורט ביו קרמי עם כדורים מצופים שוקולד חום לבן,מולר Muller,,מולר מיקס קליק 168 ג,גרמים,168.00,100 גרם,false,,5.90,0.0351,true,1,6595
7290102397679,false,קוטג' וחצי טרה 5% מרכיבים טבעיים,מילקו,,קוטג' וחצי 5% 375 גר,גרמים,375.00,100 גרם,false,,6.90,0.0184,true,1,6598
7290102397730,false,פרוסות גבינה אמנטל חצי קשה 30% שומן 200 ג' נעם,Unknown,,גבינת אמנטל נעם פתיח,גרמים,200.00,100 גרם,false,,16.90,0.0845,true,1,6603
7290102397747,false,פרוסות גבינת מוצרלה נעם מחלב בקר 22%,טרה,,מוצרלה נעם רכיבים ט,גרמים,200.00,100 גרם,false,,18.90,0.0945,true,1,6604
7290102397891,false,גבינה מותכת משק צוריאל 100 גרם,משק צוריאל,,רביעייה גבינה מותכת,גרמים,100.00,100 גרם,false,,7.50,0.0750,true,1,6611
7290102398072,false,חלב בקרטון 3% 1 ליטר טרה ועדת מהדרין,הפריט בפיקוח,,טרה חלב בקרטון 3% 1ל,ליטרים,1.00,ליטר,false,,6.23,6.2300,true,1,6621
7290102398331,false,חלב מועשר דל לקטוז 2% שומן טרה 1 ליטר,טרה,,חלב מועשר 1 ליטר דל,ליטרים,1.00,ליטר,false,,7.50,7.5000,true,1,6639
7290102398553,false,שוקו טרה בבקבוק 1.5 ליטר,מילקו תעשיות בעמ,,שוקו טרה בבקבוק 1.5,ליטרים,1.50,ליטר,false,,16.90,11.2667,true,1,6653
7290102398560,false,שוקו טרה מועשר בבקבוק 1 ליטר,מילקו תעשיות בעמ,,שוקו טרה מועשר בבקבו,ליטרים,1.00,ליטר,false,,11.90,11.9000,true,1,6654
7290102398577,false,משקה חלב בטעם שוקו 2% בבקבוק אישי,מילקו תעשיות בעמ,,שוקו טרה מועשר בבקבו,מיליליטרים,250.00,"100 מ""ל",false,,5.50,0.0220,true,1,6655
7290102398614,false,משקה חלב בטעם בננה 1 ליטר טרה,מילקו תעשיות בעמ,,משקה חלב בטעם בננה 1,ליטרים,1.00,ליטר,false,,11.90,11.9000,true,1,6656
7290102398638,false,משקה חלב בטעם מוקה טרה 1 ליטר,מילקו תעשיות בעמ,,משקה חלב בטעם מוקה 1,ליטרים,1.00,ליטר,false,,11.90,11.9000,true,1,6657
7290102398669,false,משקה חלב אייס קפוצ'ינו טרה 1 ליטר,מילקו תעשיות בעמ,,אייס קפוצ'ינו מווו ט,ליטרים,1.00,ליטר,false,,11.90,11.9000,true,1,79551
7290102398836,false,משקה שקדים קלאסי 1 ליטר משק צוריאל,מחלבת משק צוריאל,,משקה שקדים קלאסי משק,ליטרים,1.00,ליטר,false,,11.90,11.9000,true,1,6667
7290102399048,false,פרוסות גבינת קשקבל נעם 200 ג' טרה,מילקו,,קשקבל נעם פתיחה חוזר,גרמים,200.00,100 גרם,false,,21.90,0.1095,true,1,6674
7290102399635,false,"מולר פרופ יוגורט ביו עם קציפת קוקוס ואננס 150 מ""ל",מולר Muller,,מעדן מולר פרופ קוקוס,גרמים,150.00,100 גרם,false,,5.50,0.0367,true,1,80428
7290102399802,false,יוגורט עם תות מולר אקטיב מועשר בחלבון 200 גר',מולר Muller,,יוגורט חלבון תות 20,גרמים,200.00,100 גרם,false,,5.90,0.0295,true,1,73933
7290102399819,false,יוגורט עם פירות יער מולר אקטיב מועשר בחלבון 200 גר',מולר Muller,,יוגורט חלבון פ.יער 2,גרמים,200.00,100 גרם,false,,5.90,0.0295,true,1,73934
7290102399857,false,מולר אקטיב לייט 20 גרם חלבון 0% שומן עם תות 200 גרם,מולר Muller,,יוגורט מולר אקטיב לי,גרמים,150.00,100 גרם,false,,5.90,0.0393,true,1,86559
7290103126797,false,"משחת שיניים סנסטיב פרו ריליף קולגייט 75 מ""ל",הנסיך- מפעל לייצור ט,,סנסטיב פרו רילף קולג,מיליליטרים,110.00,"100 מ""ל",false,,21.90,0.1991,true,1,21593
7290103401429,false,קפה קצב ברזילאי אוריגינס 200 גר,הנסיך- מפעל לייצור ט,,קפה אוריגינס קצב ברז,גרמים,200.00,100 גרם,false,,27.90,0.1395,true,1,22382
7290103404758,false,סלט כרוב אדום במיונז אחלה 120 גרם,מיוצר עי קונדיטוריית,,אחלה כרוב אדום 120ג,גרמים,120.00,100 גרם,false,,5.50,0.0458,true,1,23415
7290103681227,false,"יין הר גוורצטרמינר מיתוג תנשמת 750 מ""ל",מיוצר על ידי יקב תבור,,הר תבור גוורצטרמינר,מיליליטרים,750.00,"100 מ""ל",false,,35.90,0.0479,true,1,6736
7290103700195,false,שאפו רדיד אלומיניום צר 30*7.5 2יח',"שניב תעשיות נייר בע""",,טאצ רדיד אלומיניום ק,מטרים,15.00,מטר,false,,11.90,0.7933,true,1,24446
7290103700386,false,טאצ כריות יפניות מארז שישיה,"שניב תעשיות נייר בע""",,טאצ' כריות יפניות 6י,יחידה,0.00,יחידה,false,,9.90,0.0000,true,1,24449
7290103700393,false,טאצ' כריות יפניות עבות עם תעלות 4 יח',"שניב תעשיות נייר בע""",,טאצ' כריות יפניות עב,יחידה,0.00,יחידה,false,,8.90,0.0000,true,1,24450
7290103700539,false,נייר טואלט חתוך טאצ' עשירייה,,,נייר טואלט חתוך שניב,יחידה,0.00,יחידה,false,,14.90,0.0000,true,1,61267
7290103701017,false,נייר אפיה נשלף טאצ 50 יחידות כשלפ,"שניב תעשיות נייר בע""",,טאצ' נייר אפייה נשלף,יחידה,0.00,יחידה,false,,9.90,0.0000,true,1,24455
7290103701147,false,טאצ' רדיד אלומיניום 200 מטר,שניב תעשיות,,טאצ רדידי אלומיניום,מטרים,60.90,מטר,false,,35.90,0.5895,true,1,24460
7290103702236,false,טאצ מפות שולחן שישייה עבות במיוחד,"שניב תעשיות נייר בע""",,טאצ מפות עבות במיוחד,יחידה,0.00,יחידה,false,,8.90,0.0000,true,1,24468
7290103702298,false,טאצ' אשפתון עבה בגליל 77*90 50 יח',"שניב תעשיות נייר בע""",,טאצ אשפתון בגליל 50,יחידה,0.00,יחידה,false,,15.90,0.0000,true,1,24472
7290103702328,false,טאצ אשפתון עבה וחזק במיוחד 25 יחידות,"שניב תעשיות נייר בע""",,טאצ אשפתון בגליל 25,יחידה,0.00,יחידה,false,,15.90,0.0000,true,1,24475
7290103702540,false,נייר טואלט מהדרות כדור פורח 30 גלילים טאצ',טאץ' Touch,,נייר טואלט 30 יח' מ,יחידה,0.00,יחידה,false,,23.90,0.0000,true,1,65249
7290103702779,false,מפיות שולחן איכותיות 150 יח',שניב,,מפיות אירוח טאצ` 15,יחידה,0.00,יחידה,false,,8.90,0.0000,true,1,24483
7290103703219,false,דלי מטליות לחות לניקוי כללי בניחוח לימון טאצ',,,טאצ' מטליות לחות לני,יחידה,0.00,יחידה,false,,20.90,0.0000,true,1,38116
7290103703226,false,טאצ מטליות לחות לניקוי כללי,,,טאצ' מטליות לחות לני,יח',50.00,יח',false,,7.90,0.1580,true,1,24488
7290103703240,false,טאצ' מטליות לחות לניקוי רצפות,,,טאצ' מטליות לחות לרי,יח',10.00,יח',false,,9.90,0.9900,true,1,24489
7290103703370,false,טאצ מגבוני טואלט לחים מארז שלישייה,,,טאצ' מגבוני נייר טוא,יח',3.00,יח',false,,14.90,4.9667,true,1,24490
7290103703738,false,טאצ' מפות עבות במיוח,,,טאצ' מפות עבות במיוח,מטרים,45.00,מטר,false,,30.90,0.6867,true,1,24495
7290103703745,false,טאצ מפות עבות 45 מטר בגליל,,,טאצ' מפות עבות 45 מט,מטרים,45.00,מטר,false,,18.90,0.4200,true,1,24496
7290103704155,false,נייר מגבת טאצ' 6 גלילים מהדורת 2021,"שניב תעשיות נייר בע""",,מגבות נייר 6 גלילים,מטרים,63.00,מטר,false,,10.90,0.1730,true,1,159817
7290103704162,false,נייר טואלט טאצ' 32 גלילים מהדורה 2021,"שניב תעשיות נייר בע""",,נייר טואלט טאצ' 32 ג,יח',0.00,יח',false,,31.90,0.0000,true,1,135459
7290103704179,false,מגבת נייר למטבח טאצ' 8 יח',,,מגבות נייר 8 גלילים,מטרים,83.00,מטר,false,,13.90,0.1675,true,1,159008
7290103704186,false,מגבות מטבח כפול טאצ`מהדורת 2021 6 יחידות,,,מגבות טאצ' גליל כפול,יחידה,0.00,יחידה,false,,19.90,0.0000,true,1,224371
7290103704193,false,מגבות טאצ 8 גליל כפול,,,מגבות טאצ' גליל כפול,יחידה,0.00,יחידה,false,,24.90,0.0000,true,1,224385
7290103704575,false,נייר טואלט טאצ' פרימיום 48 גלילים,,,נייר טואלט טאצ' 48 י,יחידה,0.00,יחידה,false,,39.90,0.0000,true,1,135460
7290103704681,false,טאצ' שקיות קוקי גדולות 10 יח',,,שקיות קוקי 10 יח' טא,יחידה,0.00,יחידה,false,,4.90,0.0000,true,1,292103
7290103704698,false,טאצ' שקיות קוקי ענקיות 5 יח',,,שקיות קוקי 5 יח' טאצ,יחידה,0.00,יחידה,false,,4.90,0.0000,true,1,292104
7290103704766,false,נייר טואלט 24 גליל כפול מהדורת פרח סגול,"שניב תעשיות נייר בע""\מ",,נייר טואלט 24 גליל,יחידה,0.00,יחידה,false,,42.90,0.0000,true,1,277347
7290103746001,false,ממחטות אף טאצ' מארז 100X5יח',"שניב תעשיות נייר בע""",,ממחטות טאצ' חמישייה,יחידה,0.00,יחידה,false,,11.90,0.0000,true,1,24505
7290104005176,false,חגורות גברים,,,חגורות גברים,יחידה,0.00,יחידה,false,,19.90,0.0000,true,1,31306
7290104061417,false,סלט חומוס עם טחינה אחלה 400 גרם,"שטראוס גרופ בע""\מ",,אחלה חומוס טחינה 400,גרמים,400.00,100 גרם,false,,10.90,0.0273,true,1,23420
7290104061424,false,סלט חומוס עם זעתר אחלה 400 גרם,מיוצר עי קונדיטוריית,,אחלה חומוס זעתר 400,גרמים,400.00,100 גרם,false,,10.90,0.0273,true,1,23421
7290104061431,false,סלט חומוס עם צנובר אחלה 400 גרם,"שטראוס גרופ בע""\מ",,אחלה חומוס צנובר 400,גרמים,400.00,100 גרם,false,,10.90,0.0273,true,1,23422
7290104061448,false,סלט חומוס עם חריף אחלה 400 גרם,מיוצר עי קונדיטוריית,,אחלה חומוס חריף 400ג,גרמים,400.00,100 גרם,false,,10.90,0.0273,true,1,23423
7290104062599,false,מארז 8 יחידות מעדן גמדים בטעמי תות ובננה,"שטראוס בריאות בע""\מ",,גמדים תות בננה 8*100,מיליליטרים,800.00,"100 מ""ל",false,,18.90,0.0236,true,1,23424
7290104065187,false,אבקה להכנת משקה קפה בטעם מוקה,STRAUSS-ISRAEL,,קפה נמס עלית בטעם מו,גרמים,200.00,100 גרם,false,,21.90,0.1095,true,1,22410
7290104066566,false,טחינה שומשום מלא אחלה 500 גר',מיוצר עי קונדיטוריית,,אחלה טחינה 500ג,גרמים,500.00,100 גרם,false,,13.90,0.0278,true,1,23427
7290104067693,false,אחלה חומוס עם חריף 150 גרם,מיוצר עי קונדיטוריית,,אחלה חומוס עם חריף 1,גרמים,150.00,100 גרם,false,,5.90,0.0393,true,1,23430
7290104068539,false,מאסט פליפטופ מלון ואבטיח ללא גרעינים,"שטראוס גרופ בע""מ",,מאסט מלון ואבטיח 28ג,גרמים,28.00,100 גרם,false,,3.90,0.1393,true,1,22416
7290104068546,false,גומי מאסט בטעם לימון קולה ללא סוכר 28 ג' עלית,"שטראוס גרופ בע""מ",,מאסט קולה 28 גרם,גרמים,28.00,100 גרם,false,,3.90,0.1393,true,1,22417
7290104501661,false,אינסטנט פודינג בטעם וניל צרפתי אסם 80 גרם,מיוצר עי קונדיטוריית,,אסם פודינג בטעם וניל,גרמים,80.00,100 גרם,false,,5.90,0.0738,true,1,18848
7290104508189,false,אסם 24 גביעי גלידה ממותקים 95 גרם,בטר אנד דיפרנט,,גביעי גלידה ממותקים,0 יח',24.00,0 יח',false,,13.90,0.5792,true,1,18859
7290104508202,false,גביעי גלידה אמריקאים אסם 120 גרם 24 יחידות,"גילרו בע""מ",,גביעי גלידה אמריקאים,גרמים,120.00,100 גרם,false,,13.90,0.1158,true,1,18860
7290104570131,false,תמר מג'הול ששון ושות,,,"תמר מג'הול 1 ק""ג",קילוגרמים,1.00,"ק""ג",false,,17.90,17.9000,true,1,42920
7290104570162,false,תמרים ללא חרצנים תמר כבוש 500 גרם,תמר העמקים בית שאן,,תמר כבוש 500 גרם,גרמים,500.00,100 גרם,false,,12.90,0.0258,true,1,42921
7290104721762,false,מארז שלשות קפה טורקי עלית 85 ג',שטראוס גרופ,,טורקי עלית 3*85 גר'.,גרמים,255.00,100 גרם,false,,19.90,0.0780,true,1,22421
7290104722530,false,תפוצ'יפס בטעם שמנת בצל עלית 200 גרם,"שטראוס פריטו ליי בע""\מ )",,תפוציפס שמנת בצל 200,גרמים,200.00,100 גרם,false,,9.90,0.0495,true,1,24212
7290104728310,false,"שמנת מתוקה עמידה 38% שומן ""יטבתה"" -מוצר בפיקוח",מחלבת יטבתה,,יטבתה שמנת עמידה לקצ,מיליליטרים,250.00,"100 מ""ל",false,,6.47,0.0259,true,1,23448
7290104729010,false,"לבן בטעם תות יטבתה 100 מ""ל מהדרין",מחלבת יטבתה,,יטבתה לבן בטעם תות 3,מיליליטרים,100.00,"100 מ""ל",false,,1.50,0.0150,true,1,23450
7290104960239,false,"תחליב רחצה נקה 7 ארומה לבן 750 מ""ל",טרופיקל דגיל תעשיות קוסמ,,תחליב רחצה קמומיל נק,מיליליטרים,750.00,"100 מ""ל",false,,11.90,0.0159,true,1,30450
7290104960253,false,"תחליב רחצה נקה 7 לבנדר סגול 750מ""ל",טרופיקל דגיל תעשיות קוסמ,,תחליב רחצה לבנדר נקה,מיליליטרים,750.00,"100 מ""ל",false,,11.90,0.0159,true,1,30452
7290104960338,false,"נקה 7 תחליב רחצה ארומה אלוורה ותה ירוק 750מ""ל",טרופיקל דגיל תעשיות קוסמ,,תחליב רחצה אלוורה ות,מיליליטרים,750.00,"100 מ""ל",false,,11.90,0.0159,true,1,30453
7290104961885,false,מרכך קרטין טהור לשיער שעבר החלקה או עיצוב בחום,נטורל פורמולה Natural Formula,,מרכך קרטין אינטנס נט,מיליליטרים,400.00,"100 מ""ל",false,,30.90,0.0772,true,1,30476
7290104963216,false,סופטקר - אל סבון עדין לתינוק לעור רגיש 1 ליטר,קוסמופארם בע'\'\מ,,סופטקר אלסבון עדין ל,יחידה,0.00,יחידה,false,,17.90,0.0000,true,1,30517
7290104963223,false,סופטקר - אל סבון עדין לתינוק לעור רגיש 1 ליטר,קוסמופארם בע'\'\מ,,סופטקר אלסבון קלאסי,יחידה,0.00,יחידה,false,,17.90,0.0000,true,1,30518
7290104963667,false,שמפו ותחליב רחצה אל דמע סופט קר 1 ליטר,קוסמופארם בע'\'\מ,,סופטקר 2ב-1 אלסבון ו,יחידה,0.00,יחידה,false,,17.90,0.0000,true,1,30521
7290104964350,false,אל סבון עשיר בלחות בניחוח פרחי מים - מארז 3 יח',נקה 7,,סבון נוזלי פרחי מים,ליטרים,1.50,ליטר,false,,19.90,13.2667,true,1,30535
7290105181954,false,מלבין ומחדש צמר וטליתות,BASF,,סופר זיו מלבין ומחדש,יחידה,0.00,יחידה,false,,13.00,0.0000,true,1,1321
7290105360250,false,קפסולות 09 עשיר וארומטי למכונת נספרסו עלית 10יח',הנסיך- מפעל לייצור ט,,עלית קפסולות מקיאטו,גרמים,50.00,100 גרם,false,,17.90,0.3580,true,1,22438
7290105360755,false,"שמן זית 3 חזק 750 מ""ל יד מרדכי",מכוורת יד מרדכי שטראוס ב,,שמן זית 3 חזק כתית י,מיליליטרים,750.00,"100 מ""ל",false,,33.90,0.0452,true,1,22443
7290105360762,false,"שמן זית 1 עדין 750 מ""ל יד מרדכי",מכוורת יד מרדכי שטראוס ב,,שמן זית 1 עדין כתית,מיליליטרים,750.00,"100 מ""ל",false,,33.90,0.0452,true,1,22444
7290105362339,false,"שמנת לבישול 15% 250 מ""ל יטבתה מהדרין",מחלבת יטבתה,,יטבתה שמנת לבישול 15,מיליליטרים,250.00,"100 מ""ל",false,,7.90,0.0316,true,1,23453
7290105366023,false,סלט חצילים בטעם כבד אחלה 400 גרם,מיוצר עי קונדיטוריית,,אחלה חציל בטעם כבד 4,גרמים,400.00,100 גרם,false,,15.50,0.0388,true,1,23456
7290105368225,false,חומוס אחלה עם פלפל שיפקה 400 גרם,מיוצר עי קונדיטוריית,,אחלה חומוס פלפל שיפק,גרמים,400.00,100 גרם,false,,10.90,0.0273,true,1,23472
7290105368331,false,מעדן מילקי בטעם תות עם קצפת,מחלבת אחיהוד,,"מילקי תות 170 מ""ל",מיליליטרים,170.00,"100 מ""ל",false,,2.90,0.0171,true,1,23474
7290105430458,false,"פלמוליב - תחליב רחצה נטורלס שקדים 750 מ""ל",הנסיך- מפעל לייצור ט,,תחליב רחצה שקדים משא,מיליליטרים,750.00,"100 מ""ל",false,,19.90,0.0265,true,1,21609
7290105434050,false,ספיד סטיק - דאודורנט סטיק לגבר XL ירוק רגיולר 85 גרם,ספיד סטיק Speed Stick,,דאו' ירוק רגיולר ספי,גרמים,85.00,100 גרם,false,,14.90,0.1753,true,1,21632
7290105439499,false,מאסטר שף מאסטר שף מיונז 480 גר כשלפ,רמיה סי.וי. הולנד,,מיונז הולנדי מאסטר ש,גרמים,480.00,100 גרם,false,,11.90,0.0248,true,1,21645
7290105691224,false,אסם חטיפי פריכונים טורטייה שום בצל 60 גרם,"פרח תעשיות מזון בע""מ.",,חטיפי פריכונים טורטי,גרמים,60.00,100 גרם,false,,7.50,0.1250,true,1,18873
7290105691248,false,אסם חטיפי פריכונים טורטייה תירס 60 גרם,"פרח תעשיות מזון בע""מ.",,חטיפי פריכונים טורטי,גרמים,60.00,100 גרם,false,,7.50,0.1250,true,1,18874
7290105691897,false,קוסקוס פלוס עם קמח חיטה מלא,"מיוצר ע""י קוד יצרן K",,קוסקוס עם חיטה מלאה,גרמים,350.00,100 גרם,false,,9.90,0.0283,true,1,18879
7290105693341,false,מארז עשיריית במבה אסם 25*10 גרם,"אסם השקעות בע""\מ",,במבה מאח.15 10*25גרם,גרמים,250.00,100 גרם,false,,16.90,0.0676,true,1,18888
7290105695024,false,פתיתים אפויים אורז עם אטריות אסם 500 גרם,"אסם השקעות בע""\מ",,פתיתים אפויים אורז ע,גרמים,500.00,100 גרם,false,,6.90,0.0138,true,1,18897
7290105695321,false,עוגת הבית בראוניס פאדג' אסם 380 גרם,מיוצר עי קונדיטוריית,,הבית עוגות בראוניס פ,גרמים,380.00,100 גרם,false,,18.50,0.0487,true,1,18900
7290105956255,false,מפה בד טרלין 150*250,,,מפה בד טרלין 150*250,יחידה,0.00,יחידה,false,,39.90,0.0000,true,1,50945
7290105962331,false,סחוג תימני אדום חריף מאוד זהבי הכרם 220 גרם,אף.סי תבליני בגליל ב,,סחוג חריף מאוד זהבי,גרמים,220.00,100 גרם,false,,12.00,0.0545,true,1,23489
7290105964564,false,אחלה חומוס אחלה 400ג,מיוצר עי קונדיטוריית,,אחלה חומוס אחלה 400ג,גרמים,400.00,100 גרם,false,,8.90,0.0223,true,1,23494
7290105965738,false,יוגורט לשתיה בטעם תות בננה267 ג' דנונה,מיוצר עי קונדיטוריית,,דנונה משקה תות בננה,גרמים,267.00,100 גרם,false,,4.90,0.0184,true,1,23500
7290105968098,false,"סלט קולסלאו 500 גרם ""אחלה""",שטראוס גרופ סלטים,,אחלה קולסלאו 500ג,גרמים,500.00,100 גרם,false,,15.50,0.0310,true,1,23506
7290105968654,false,רביולי בטטה פרווה פסטה נונה 400 ג',מיוצר עי קונדיטוריית,,שטראוס רביולי בטטה 4,גרמים,400.00,100 גרם,false,,19.90,0.0497,true,1,23507
7290105968777,false,פריכיות 5 דגנים עם תחתית שוקולד מריר 70 גרם,"טחנת האבן תעשיות בע""",,פריכיות תחתית שוקלד,גרמים,70.00,100 גרם,false,,7.90,0.1129,true,1,22488
7290106520066,false,"רבע לשבע שוקולד חלב במילוי אגוזים עלית 160 גרם בד""צ","הגביע מוצרי וופלים בע""\מ",,רבע לשבע 160 גרם,גרמים,160.00,100 גרם,false,,10.90,0.0681,true,1,22490
7290106520288,false,יוגורט פרו חלבון עם תות 2.4% שומן 150 ג' דנונה,"שטראוס בריאות בע""מ",,דנונה פרו תות 150 גר,גרמים,150.00,100 גרם,false,,4.90,0.0327,true,1,23509
7290106520912,false,"שמנת 9% לבישול יטבתה 250 מ""ל מהדרין",מחלבת יטבתה,,יטבתה שמנת לבישול 9%,מיליליטרים,250.00,"100 מ""ל",false,,7.90,0.0316,true,1,23518
7290106521926,false,קפה טורקי בצלופן עלית 150 גרם,שטראוס קפה בי.ויn\.,,קפה טורקי עלית 150 ג,גרמים,150.00,100 גרם,false,,12.90,0.0860,true,1,22498
7290106526822,false,פריכיות אורז חום מלא תחתית שוקולד חלב 80 גרם,"טחנת האבן תעשיות בע""",,פריכיות עם תחתית שוק,גרמים,80.00,100 גרם,false,,7.90,0.0988,true,1,22515
7290106528567,false,"דוריטוס גריל 185 גרם ""עלית""","שטראוס פריטו ליי בע""\מ )",,דוריטוס גריל 185 גר`,גרמים,185.00,100 גרם,false,,7.50,0.0405,true,1,24237
7290106572959,false,אפרופו מארז 5 יח' *25 ג' אסם,"אסם השקעות בע""\מ",,אפרופו קלאסי מאח.8 5,גרמים,75.00,100 גרם,false,,12.90,0.1720,true,1,18925
7290106573598,false,צבר חומוס לבנוני 400 גרם,סלטי צבר,,צבר חומוס לבנוני 400,גרמים,400.00,100 גרם,false,,12.50,0.0313,true,1,19912
7290106573628,false,צבר חומוס עם טחינה 400 גרם,סלטי צבר,,צבר חומוס עם טחינה 4,גרמים,400.00,100 גרם,false,,12.50,0.0313,true,1,19913
7290106574953,false,בייגלה שטוחים כעכים שטוחים עם שומשום,מיוצר עי קונדיטוריית,,אסם בייגלה שטוחים שו,גרמים,300.00,100 גרם,false,,10.90,0.0363,true,1,18941
7290106574977,false,בייגלה שטוחים כעכים שטוחים עם מלח,מיוצר עי קונדיטוריית,,אסם בייגלה שטוחים עם,גרמים,300.00,100 גרם,false,,10.90,0.0363,true,1,18942
7290106575011,false,פתיתים אפויים קוסקוס מחיטה מלאה אסם 400 גרם,מיוצר עי קונדיטוריית,,פתיתים אפויים חיטה מ,גרמים,400.00,100 גרם,false,,6.90,0.0173,true,1,18943
7290106575257,false,עוגת הבית סופלה בטעם שוקולד 340 ג' אסם,מיוצר עי קונדיטוריית,,עוגת הבית סופלה בטעם,גרמים,340.00,100 גרם,false,,13.90,0.0409,true,1,18945
7290106575431,false,עוגת הבית סופלה בטעם שוקולד וניל 340 ג',מיוצר עי קונדיטוריית,,עוגת הבית סופלה בטעם,גרמים,340.00,100 גרם,false,,13.90,0.0409,true,1,18949
7290106576513,false,חומוס חלק צבר 400 גר,סלטי צבר,,צבר חומוס 400 גרם,גרמים,400.00,100 גרם,false,,8.90,0.0223,true,1,19918
7290106576537,false,חומוס מסעדות צבר 700 גרם,סלטי צבר,,צבר חומוס מסעדה 700,גרמים,700.00,100 גרם,false,,10.90,0.0156,true,1,19919
7290106577282,false,טחינה אמיתית מרובע 400 ג' צבר,סלטי צבר,,צבר מרובע טחינה 400ג,גרמים,400.00,100 גרם,false,,12.90,0.0323,true,1,19920
7290106577541,false,צבר כרוב אדום מרובע 400גרם,סלטי צבר,,צבר מרובע כרוב אדום,גרמים,400.00,100 גרם,false,,12.90,0.0323,true,1,19926
7290106577572,false,מטבוחה אמיתית מרובע 400 ג' צבר,סלטי צבר,,צבר מרובע מטבוחה 40,גרמים,400.00,100 גרם,false,,12.90,0.0323,true,1,19927
7290106578692,false,ביסלי במבה מיקס מהדורת אליפות אסם 80 גרם,פרו מן יו פתרונות אר,,במבה ביסלי מיקס 36*8,גרמים,80.00,100 גרם,false,,4.50,0.0563,true,1,18964
7290106578821,false,הבית עוגת שמרים קלאסית בטעם שוקולד 350גר.,מיוצר עי קונדיטוריית,,עוגת הבית שמרים קלאס,גרמים,350.00,100 גרם,false,,18.50,0.0529,true,1,18965
7290106663558,false,"רוטב טריאקי ורימון יד מרדכי 280מ""ל",אף.סי תבליני בגליל ב,,יד מרדכי רוטב טריאקי,מיליליטרים,280.00,"100 מ""ל",false,,13.90,0.0496,true,1,22587
7290106664562,false,רוטב שמנת עם פטריות 9% שומן 258 ג' יוטבתה,מחלבת יטבתה,,יטבתה רוטב שמנת עם פ,גרמים,250.00,100 גרם,false,,9.90,0.0396,true,1,23564
7290106666788,false,עלית - סוכריות נוסטלגיה דבש ממולאות 80 גרם,שטראוס גרופ,,סוכריות נוסטלגיה דבש,גרמים,80.00,100 גרם,false,,6.90,0.0863,true,1,22600
7290106667266,false,"דוריטוס חמוץ חריף 185 גרם ""עלית""","שטראוס פריטו ליי בע""\מ )",,דוריטוס חמוץ חריף 18,גרמים,185.00,100 גרם,false,,7.50,0.0405,true,1,24291
7290106668577,false,"מיץ לימון טיבעי 250 מ""ל יד מרדכי",האי נאם סי או אל.טי.,,מיץ לימון טבעי יד מר,מיליליטרים,250.00,"100 מ""ל",false,,7.90,0.0316,true,1,22606
7290106668713,false,יוגורט עם פירות יער 3% שומן 150 ג' דנונה,מיוצר עי קונדיטוריית,,דנונה פירות יער3% 15,מיליליטרים,150.00,"100 מ""ל",false,,3.90,0.0260,true,1,23567
7290106721913,false,מסטיק מאסט MUST ללא סוכר בטעם מנטה מרעננת,"שטראוס גרופ בע""מ",,מאסט צנצנת ריח פה צ',גרמים,66.00,100 גרם,false,,9.90,0.1500,true,1,22633
7290106721920,false,צנצנת מסטיק מאסט בטעם ספירמינט עדין 66 ג' עלית,"שטראוס גרופ בע""\מ.",,מאסט צנצנת ספירמינט,גרמים,66.00,100 גרם,false,,9.90,0.1500,true,1,22634
7290106725867,false,"סירופ מייפל טבעי 189 מ""ל ""יד מרדכי""",קוסלסי פוד,,יד מרדכי סירופ מייפל,מיליליטרים,189.00,"100 מ""ל",false,,30.90,0.1635,true,1,22669
7290107280075,false,סנו סושי תבנית אלומיניום לארג 4יח,סנו מפעלי ברונוס בעמ,,4 תבניות אלומיניום L,יחידה,0.00,יחידה,false,,9.90,0.0000,true,1,30551
7290107280341,false,ריצפז מטליות לחות לניקוי הרצפה בניחוח מלון מפנק,טרופיקל דגיל תעשיות,,ריצפז מטליות לחות לנ,יחידה,0.00,יחידה,false,,11.90,0.0000,true,1,30560
7290107280389,false,"סנו - ג'ט מרסס לניקוי בחדר האמבטיה 750 מ""ל","איי, בי, אינבוו",,סנו ג'ט מתז לאמבט 75,מיליליטרים,750.00,"100 מ""ל",false,,12.90,0.0172,true,1,30561
7290107280549,false,"סנו - K400 קוטל זבובים ויתושים 300 מ""ל","סנו מפעלי ברונוס בע""מ",,"K-400 סנו קטן 300 מ""",מיליליטרים,300.00,"100 מ""ל",false,,12.90,0.0430,true,1,30569
7290107280587,false,שלישיית סנובון מוצק דאבל אקשן פריחה ורודה 55 גרם,סנו מפעלי ברונו בעמ,,סנובון דאבל אקשן בני,גרמים,165.00,100 גרם,false,,11.90,0.0721,true,1,30573
7290107280600,false,טבליות למדיח סנו ספארק 100 טבליות במארז,גרופה אינקו,,סנו ספארק טבליות למד,יחידה,0.00,יחידה,false,,60.90,0.0000,true,1,30575
7290107280716,false,מלח למדיח להגנה מפני אבנית סנו ספארק Spark,סנו ספארק,,סנו ספארק מלח למדיח,קילוגרמים,2.00,"ק""ג",false,,12.90,6.4500,true,1,30582
7290107280723,false,נוזל לניקוי כלים סנו ספארק Spark בניחוח לימון רענן,סנו כימיקלים,,סנו ספארק נוזל לניקו,מיליליטרים,700.00,"100 מ""ל",false,,9.90,0.0141,true,1,30583
7290107280747,false,נוזל לניקוי כלים סנו ספארק Spark קלאסי,סנו כימיקלים,,סנו ספארק נוזל לניקו,מיליליטרים,700.00,"100 מ""ל",false,,9.90,0.0141,true,1,30586
7290107280761,false,נוזל לניקוי כלים בניחוח לימון רענן סנו ספארק Spark,מיוצר עי קונדיטוריית,,ספארק נוזל לכלים לימ,יחידה,0.00,יחידה,false,,11.90,0.0000,true,1,30588
7290107340656,false,מטען רכב אייפון imx,,,מטען רכב אייפון,יחידה,0.00,יחידה,false,,39.90,0.0000,true,1,264678
7290107341356,false,כבל אייפון imx,,,כבל אייפון,יחידה,0.00,יחידה,false,,19.90,0.0000,true,1,257780
7290107341370,false,כבל טייפסי IMX,,,כבל טייפ סי,יחידה,0.00,יחידה,false,,19.90,0.0000,true,1,264680
7290107646918,false,רוטב עגבניות ופלפלים לשקשוקה 415 ג' קנור,קונסורזיו קאסאלאסקו דל פ,,קנור רוטב שקשוקה עגב,מיליליטרים,415.00,"100 מ""ל",false,,11.90,0.0287,true,1,10637
7290107647816,false,"ברנפלקס ללא תוספת סוכר תלמה בד""ץ 500 גרם",יוניליוור ישראל מזון בעמ,,ברנפלקס ללא סוכר בד',גרמים,500.00,100 גרם,false,,22.90,0.0458,true,1,10667
7290107649100,false,בייגלה טבעות שומשום 300 גרם.,בייגל את בייגל מזון 198),,בייגלה טבעות שומשום,גרמים,300.00,100 גרם,false,,10.90,0.0363,true,1,10702
7290107871990,false,"פסטה צינורות 500 גרם ""אסם""",פסטה זארה,,פסטה צינורות אסם 500,גרמים,500.00,100 גרם,false,,5.90,0.0118,true,1,18991
7290107874502,false,ביסלי גריל קדמ. מארז אחיד 10 4*55 גרם,מיוצר עי קונדיטוריית,,ביסלי גריל 4*55 גרם,גרמים,220.00,100 גרם,false,,12.90,0.0586,true,1,19013
7290107875004,false,פופקורן חמאה ודבש מארז12*20גר',אסם,,פופקו חמאה ודבש מארז,גרמים,240.00,100 גרם,false,,18.90,0.0787,true,1,19018
7290107875271,false,ביסלי ברביקיו קדמ. מארז אחיד10 4*55 גרם,"אסם השקעות בע""\מ",,ביסלי ברבקיו מארז 4*,גרמים,220.00,100 גרם,false,,12.90,0.0586,true,1,19024
7290107875820,false,קרוטונים אפויים בתיבול ביתי אוסם 180 ג',עינת תעשיות מזון,,קרוטונים אפויים בתיב,גרמים,180.00,100 גרם,false,,10.90,0.0606,true,1,19029
7290107876889,false,אוסם - במבה במילוי קרם נוגט 45 גרם,"אסם השקעות בע""מ",,במבה במילוי קרם נוגט,גרמים,45.00,100 גרם,false,,4.50,0.1000,true,1,19050
7290107877619,false,מארז במבה במילוי קרם נוגט 5*30ג' אסם,"אסם השקעות בע""\מ",,במבה במילוי קרם נוגט,גרמים,150.00,100 גרם,false,,13.90,0.0927,true,1,19059
7290107930321,false,קונפיטורת יד מרדכי דובדובן 340 גרם,"בית אל מזון בע""מ",,יד מרדכי קונפיטורה ד,גרמים,340.00,100 גרם,false,,12.90,0.0379,true,1,22690
7290107932080,false,חלב מועשר יוטבתה בבקבוק 3% 1 ליטר,מחלבת יטבתה,,יטבתה חלב בבקבוק 3%,ליטרים,1.00,ליטר,false,,7.70,7.7000,true,1,23612
7290107932134,false,חלב מועשר יוטבתה בבקבוק 1% 1 ליטר,מחלבת יטבתה,,יטבתה חלב בבקבוק 1%,ליטרים,1.00,ליטר,false,,7.70,7.7000,true,1,23614
7290107934473,false,שמינייה יוגורט לבן אקטיביה 1.5% דנונה 150 גרם,"שטראוס גרופ בע""\מ",,אקטיביה מארז מיוחד 1,קילוגרמים,1.20,"ק""ג",false,,19.90,16.5833,true,1,23629
7290107936309,false,דנונה יוגורט 7% יווני לבן 130 ג',"שטראוס בריאות בע""מ",,דנונה יווני לבן 130,גרמים,130.00,100 גרם,false,,3.30,0.0254,true,1,23635
7290107937627,false,מסטיק מאסט Must קוביות ללא סוכר בטעם מנטה עדינה,אסקום קונפקשיין,,צנצנת קוביות ספירמינ,גרמים,58.00,100 גרם,false,,9.90,0.1707,true,1,22746
7290107937634,false,צנצנית מסטיק מאסט קוביות פפירמינט 58 ג' עלית,אסקום קונפקשיין,,צנצנת קוביות פפירמינ,גרמים,58.00,100 גרם,false,,9.90,0.1707,true,1,22747
7290107937641,false,צנצנת מסטיק בזוקה קוביות ללא סוכר,אסקום קונפקשיין,,צנצנת קוביות בזוקה 5,גרמים,58.00,100 גרם,false,,9.90,0.1707,true,1,22748
7290107940030,false,"חומוס אחלה מופחת שומן 650 גרם ""אחלה""",שטראוס גרופ,,חומוס אחלה 650 גר,גרמים,650.00,100 גרם,false,,8.90,0.0137,true,1,23663
7290107945165,false,קונפיטורת משמש יד מרדכי 340 גרם,אף.סי תבליני בגליל ב,,יד מרדכי קונפיטורת מ,גרמים,340.00,100 גרם,false,,12.90,0.0379,true,1,22819
7290107950190,false,מעדן חלב דל קלוריות בטעם שוקולד מריר 0.5% שומן,מיוצר עי קונדיטוריית,,מעדן דיאט שוקולד מרי,גרמים,130.00,100 גרם,false,,3.50,0.0269,true,1,23774
7290107950206,false,מעדן דיאט שוקולד שטראוס 130 גרם,מיוצר עי קונדיטוריית,,מעדן דיאט שוקולד % 0,גרמים,130.00,100 גרם,false,,3.50,0.0269,true,1,23775
7290107951104,false,בפלות ופלים ארוכים בטעם שוקולד,"שטראוס גרופ בע""\מ",,בפלות 200 גרם שוקולד,גרמים,200.00,100 גרם,false,,3.90,0.0195,true,1,22855
7290107951715,false,צנצנת מסטיק מאסט קוביות בטעם ענבים 58 ג' עלית,אסקום קונפקשיין,,מאסט צנצנת קוביות ענ,גרמים,58.00,100 גרם,false,,9.90,0.1707,true,1,22871
7290107953559,false,"מארז קפה טורקי עלית לדרך כשל""פ 168 גרם",הנסיך- מפעל לייצור ט,,קפה טורקי לדרך 168 ג,גרמים,168.00,100 גרם,false,,18.90,0.1125,true,1,22882
7290107954709,false,"קונפיטורת פירות יער ""יד מרדכי"" 340 גר'","ב.א. מזון בע""\מ",,יד מרדכי קונפיטורת פ,גרמים,340.00,100 גרם,false,,12.90,0.0379,true,1,22903
7290107956710,false,מארז מיני מילקי 70 גרם 16 יחידות,"שטראוס גרופ בע""\מ",,מארז מיני מילקי 16 י,ליטרים,1.44,ליטר,false,,19.90,13.8194,true,1,23850
7290107956925,false,קפסולות 13 אוגנדה למכונת נספרסו עלית 10יח',שטראוס קפה בי.וי.,,עלית קפסולות אוגנדה,גרמים,50.00,100 גרם,false,,17.90,0.3580,true,1,22946
7290107956932,false,קפסולות אספרסו אידונזיה למכונות 50 גר,שטראוס קפה בי.וי.,,עלית קפסולות אידונזי,גרמים,50.00,100 גרם,false,,17.90,0.3580,true,1,22947
7290107956963,false,"דנונה וניל 3% תות מארז 12X100מ""ל",שטראוס מחלבות,,יוגורט עם תות 3% דנו,קילוגרמים,1.20,"ק""ג",false,,17.90,14.9167,true,1,23855
7290107957069,false,"מסטיק ע""למה ""בטעם אוכניות 66 גרם צנצנת ""עלית""","שטראוס גרופ בע""\מ",,מסטיק עלמה בטעם אוכמ,גרמים,66.00,100 גרם,false,,9.90,0.1500,true,1,22952
7290107957076,false,"מסטיק ""עלמה"" בטעם ספירמנט 66 גרם צנצנת ""עלית""","שטראוס גרופ בע""\מ",,מסטיק עמלה בטעם ספיר,גרמים,66.00,100 גרם,false,,9.90,0.1500,true,1,22953
7290107973014,false,"סבון ידיים משאבה פלמוליב חלב ודבש 300 מ""ל",הנסיך- מפעל לייצור ט,,פלמוליב סבון ידיים ח,מיליליטרים,300.00,"100 מ""ל",false,,9.90,0.0330,true,1,21685
7290107973038,false,"סבון ידיים משאבה פלמוליב אקווריום 300 מ""ל",הנסיך- מפעל לייצור ט,,סבון ידיים אקווריום,מיליליטרים,300.00,"100 מ""ל",false,,9.90,0.0330,true,1,21687
7290107973809,false,שימורי עגבניות קוביות 400 ג' מאסטר שף,פראנו אריקו ופיגלי ס.פ.א,,קוביות עגבניות מאסטר,גרמים,400.00,100 גרם,false,,5.90,0.0148,true,1,21696
7290107973861,false,מאסטר שף עגבניות קצוצות דק שלישיה 400ג*3 כשלפ,קונסרזיו קאסאלאסקו ד,,עגבניות קצוצות דק מא,קילוגרמים,1.20,"ק""ג",false,,15.90,13.2500,true,1,21697
7290107974813,false,"אורז יסמין 1 ק""ג מאסטר שף",טאומי אינטרפרייד,,אורז יסמין מאסטר שף,קילוגרמים,1.00,"ק""ג",false,,9.90,9.9000,true,1,21713
7290107976916,false,"סבון ידיים משאבה פלמוליב זיתים 300 מ""ל",קולגייט פלמוליב,,פלמוליב סבון ידיים ח,מיליליטרים,300.00,"100 מ""ל",false,,9.90,0.0330,true,1,21747
7290107977456,false,"פלמוליב - ג'ל רחצה ושמפו ספורט לגבר 750 מ""ל",קולגייט פלמוליב,,פלמוליב לגבר 2 ב-1 ג,מיליליטרים,750.00,"100 מ""ל",false,,19.90,0.0265,true,1,176963
7290107978323,false,איטריות דקיקות מאסטר שף 400 גרם,הדקלאים אגודת שיתופי,,איטריות דקיקות מאסטר,גרמים,400.00,100 גרם,false,,5.90,0.0148,true,1,21751
7290107978330,false,מאסטר שף איטריות דקות 400 גרם,הדקלאים אגודת שיתופי,,איטריות דקות מאסטר ש,גרמים,400.00,100 גרם,false,,5.90,0.0148,true,1,21752
7290108074659,false,סוכריה טבעת הלו קיטי,,,סוכריה טבעת הלו קיטי,יחידה,0.00,יחידה,false,,5.50,0.0000,true,1,33194
7290108077971,false,תחתית לשולחן - מיניו,,,תחתית לשולחן - מיניו,יחידה,0.00,יחידה,false,,10.00,0.0000,true,1,33304
7290108350258,false,נייר טואלט דו שכבתי ארוך פי 3 - מארז 12 גלילים,מפעלי ברונוס בעמ,,סנו סופט נייר טואלט,מטרים,180.00,מטר,false,,39.90,0.2217,true,1,30605
7290108350531,false,סנו ספארק נוזל כלים בניחוח קלאסי עם משאבה 1 ל',מיוצר עי קונדיטוריית,,סנו ספארק משאבה בניח,ליטרים,1.00,ליטר,false,,11.90,11.9000,true,1,30611
7290108350586,false,נוזל לניקוי כלים סנו ספארק Spark בניחוח לימון רענן,"סנו מפעלי ברונוס בע""\מ",,ספארק נוזל כלים בניח,ליטרים,1.50,ליטר,false,,14.90,9.9333,true,1,30615
7290108350616,false,סנו - מקסימה מרכך כביסה מרוכז פריחה כחולה 1 ליטר,"סנו מפעלי ברונוס בע""\מ",,מרכך כביסה מקסימה סו,יחידה,0.00,יחידה,false,,18.90,0.0000,true,1,30618
7290108350715,false,"סנו פורטה FREE נוזל מרוכז להסרת שומנים 750 מ""ל",סנו,,פורטה פרי 750 מ`ל,מיליליטרים,750.00,"100 מ""ל",false,,14.90,0.0199,true,1,30626
7290108351149,false,ג'ל ניקוי כללי בתוספת אבקת סודה ריח כביסה סנו ג'ט 1.5 ליטר,"סנו מפעלי ברונוס בע""\מ",,סנו ג`ט פלוס לניקוי,יחידה,0.00,יחידה,false,,12.90,0.0000,true,1,30650
7290108351156,false,ג'ל ניקוי כללי בתוספת חומץ בריח לבנדר סנו ג'ט 1.5 ליטר,"סנו מפעלי ברונוס בע""\מ",,סנו ג`ט פלוס לניקוי,יחידה,0.00,יחידה,false,,12.90,0.0000,true,1,30651
7290108351507,false,מרכך כביסה אינספרישיין סנו מקסימה 4 ליטר,הורביץ סחר,,מרכך כביסה סנו מקסימ,ליטרים,4.00,ליטר,false,,22.90,5.7250,true,1,30653
7290108351552,false,"סנו - ג'ט לניקוי כללי בתוספת חומץ בניחוח לבנדר 750 מ""ל","סנו מפעלי ברונוס בע""\מ",,סנו ג'ט מתז חומץ 750,מיליליטרים,750.00,"100 מ""ל",false,,12.90,0.0172,true,1,30658
7290108351583,false,"סנו - ג'ט פלוס חומץ ג'ל לניקוי אסלות לבנדר 750 מ""ל",טרופיקל דגיל תעשיות,,סנו ג'ט+לניקוי אסלות,מיליליטרים,750.00,"100 מ""ל",false,,11.90,0.0159,true,1,30660
7290108351804,false,מרכך כביסה סופר מרוכז Gentl Breeze סנו מקסימה 1 ליטר,מיוצר עי קונדיטוריית,,סנו מקסימה מרכך כביס,יחידה,0.00,יחידה,false,,18.90,0.0000,true,1,30677
7290108351835,false,מרכך כביסה Pure Sensation סנו מקסימה 4 ליטר,מיוצר עי קונדיטוריית,,מרכך כביסה סנו מקסימ,ליטרים,4.00,ליטר,false,,22.90,5.7250,true,1,30679
7290108351927,false,סנו ספארק טבליות למדיח 70 יחידות,גרופה אינקו,,סנו ספארק טבליות למד,קילוגרמים,1.40,"ק""ג",false,,40.90,29.2143,true,1,30685
7290108351934,false,סנובון סבון אסלה מוצק RINGS בניחוח לימון שלישיה,החברה הדרומית,,סנובון סבון אסלה מוצ,יחידה,0.00,יחידה,false,,13.90,0.0000,true,1,30686
7290108351941,false,סנובון סבון אסלה מוצק RINGS בניחוח יערות שלישיה,SWARZEDZ DRAMERSSA,,סנובון סבון אסלה מוצ,יחידה,0.00,יחידה,false,,13.90,0.0000,true,1,30687
7290108351958,false,סנובון סבון אסלה מוצק RINGS בניחוח אוקיינוס שלישיה,סנו מפעלי ברונוס בעמ,,סנובון סבון אסלה מוצ,יחידה,0.00,יחידה,false,,13.90,0.0000,true,1,30688
7290108352214,false,סנו - מקסימה קפסולות כביסה בניחוח בריזה מרעננת 40 יח',טרופיקל דגיל תעשיות,,קפסולות כביסה בניחוח,גרמים,840.00,100 גרם,false,,35.90,0.0427,true,1,68826
7290108352337,false,"סנו - פרש מילוי למטהר אוויר מלון מפנק 250 מ""ל",מיוצר עי קונדיטוריית,,סנו פרש הום אוטומטיק,גרמים,250.00,100 גרם,false,,13.90,0.0556,true,1,72242
7290108352382,false,מטליות לחות אישיות לחיטוי משטחים ואביזרים 99.9 % 20 יחי,טרופיקל דגיל תעשיות,,סנו מגבונים אישי 99,יחידה,0.00,יחידה,false,,11.90,0.0000,true,1,83063
7290108352399,false,ריצפז פרש הום בניחוח מרכך כביסה פלורל טאצ',"סנו מפעלי ברונוס בע""\מ",,ריצפז פרש הום פלורל,ליטרים,2.00,ליטר,false,,21.90,10.9500,true,1,223561
7290108352450,false,ריצפז פרש הום בניחוח מרכך כביסה בלו בלוסום,סנו מפעלי ברונוס בעמ,,ריצפז פרש הום בניחוח,ליטרים,2.00,ליטר,false,,21.90,10.9500,true,1,99281
7290108352672,false,צמד מטליות הפלא לרצפה מיקרפייבר סנו סושי,סנו מפעלי ברונוס.,,סנו סושי זוג מטלית ה,יחידה,0.00,יחידה,false,,19.90,0.0000,true,1,30703
7290108353075,false,מפיות אירוח גדולות ועבות סנו סושי 50 יחידות,האנק טישו,,סנו סושי 50 מפיות אי,יחידה,0.00,יחידה,false,,10.90,0.0000,true,1,30736
7290108353099,false,ממחטות אף במארז ניילון סנו סופט 5 יח' * 100 דף,טרופיקל דגיל תעשיות,,סנו סופט 500 ממחטות,יחידה,0.00,יחידה,false,,12.90,0.0000,true,1,30738
7290108353334,false,"שמפו למניעת קשקשים עם שמן עץ התה ואסאי 700 מ""ל כיף",קוסמופארם בעמ,,שמפו למניעת קשקשים ע,מיליליטרים,700.00,"100 מ""ל",false,,11.90,0.0170,true,1,30739
7290108353501,false,"שקיות אשפה ענקיות עם ידיות ענקיות 75*90 ס""מ סנו סושי 25 יחידות",טרופיקל דגיל תעשיות,,שקיות אשפה עם ידיות,יחידה,0.00,יחידה,false,,19.90,0.0000,true,1,30748
7290108353532,false,"שקיות אשפה חזקות עם שרוך לארג' 54 * 65 ס""מ סנו סושי 100 יחידות",סנו סושי,,שקיות אשפה בגליל סנו,יחידה,0.00,יחידה,false,,30.90,0.0000,true,1,30751
7290108353549,false,נייר אפייה סנו סושי 100 יח,"טופ פלסט 2002 בע""\מ",,נייר אפיה סנו סושי 1,יחידה,0.00,יחידה,false,,19.90,0.0000,true,1,30752
7290108353723,false,"קרמה - תחליב רחצה חימר תה ירוק 500 מ""ל","קוסמופארם בע""\מn\",,תחליב רחצה חימר תה י,מיליליטרים,500.00,"100 מ""ל",false,,12.90,0.0258,true,1,253562
7290108353747,false,"תחליב רחצה אירוודה, בניחוח טונקה 600 מ""ל קרימה","קוסמופארם בע""\מ",,קרמה תחליב רחצה ספא,מיליליטרים,600.00,"100 מ""ל",false,,18.90,0.0315,true,1,306043
7290108353785,false,תחליב רחצה נקה 7 מרוקו בניחוח טונקה 750,"אמיליה קוסמטיקס בע""מ",,תחליב רחצה מרוקו טונ,מיליליטרים,750.00,"100 מ""ל",false,,11.90,0.0159,true,1,100482
7290108354270,false,מרכך כביסה מרוכז בבישום עוצמתי 1 ל' סנו מקסימה,מיוצר עי קונדיטוריית,,מרכך בבישום עוצמתי מ,ליטרים,1.00,ליטר,false,,18.90,18.9000,true,1,197185
7290108354416,false,"תחליב רחצה יוגה, בניחוח ברגמוט 600מ""ל קרימה","קוסמופארם בע""\מ",,קרמה תחליב רחצה ספא,מיליליטרים,600.00,"100 מ""ל",false,,18.90,0.0315,true,1,306046
7290108354591,false,"תחליב רחצה בניחוח מי קקטוס ושמן באבאסו 750 מ""ל נקה 7","אמיליה קוסמטיקס בע""מ",,תחליב רחצה ביו נקה,מיליליטרים,750.00,"100 מ""ל",false,,11.90,0.0159,true,1,283660
7290108354614,false,"מרכך בניחוח מי קקטוס ושמן באבאסו 750 מ""ל נקה 7","אמיליה קוסמטיקס בע""מ",,מרכך לשיער ביו נקה 7,מיליליטרים,750.00,"100 מ""ל",false,,11.90,0.0159,true,1,283645
7290108354713,false,"קרמה - תחליב רחצה קלאסי 500 מ""ל","קוסמופארם בע""\מn\",,תחליב רחצה קלאסי קרמ,מיליליטרים,500.00,"100 מ""ל",false,,12.90,0.0258,true,1,197254
7290108354751,false,"סנו - ג'ט מרסס לניקוי כללי בתוספת אבקת סודה 750 מ""ל","סנו מפעלי ברונוס בע""\מ",,מתז JET+בתוספת סודה,מיליליטרים,750.00,"100 מ""ל",false,,12.90,0.0172,true,1,30754
7290108354829,false,"קרם ידיים קרמה ורד וניל 100 מ""ל מ""ל",קוסמופארם,,קרם ידיים קרמה ורד ו,מיליליטרים,100.00,"100 מ""ל",false,,9.90,0.0990,true,1,93212
7290108354911,false,"שמפו, ג'ל רחצה וגילוח מועשר בתמצית אלוורה",טרופיקל דגיל תעשיות,,שמפו ג'ל רחצה וגילו,מיליליטרים,700.00,"100 מ""ל",false,,18.90,0.0270,true,1,66222
7290108355000,false,"נקה 7 - שמפו לשיער מיניונים 750 מ""ל",אמיליה קוסמטיקס,,שמפו מיניונים נקה 7,מיליליטרים,750.00,"100 מ""ל",false,,11.90,0.0159,true,1,30760
7290108355147,false,"תחליב רחצה שמני הזנה נקה 7 750 מ""ל",טרופיקל דגיל תעשיות קוסמ,,תחליב רחצה שמני הזנה,מיליליטרים,750.00,"100 מ""ל",false,,11.90,0.0159,true,1,30772
7290108355277,false,"נקה 7 - שמפו ומרכך לגבר 2 ב-1 750 מ""ל","אמיליה קוסמטיקס בע""מ",,נקה 7 מן 2 ב-1 שמפו,מיליליטרים,750.00,"100 מ""ל",false,,11.90,0.0159,true,1,30781
7290108356113,false,"כיף תחליב רחצה דבש 700 מ""ל-מרכז",קוסמופארם בעמ,,תחליב רחצה דבש כיף 7,מיליליטרים,700.00,"100 מ""ל",false,,11.90,0.0170,true,1,30810
7290108356137,false,"כיף - תחליב רחצה לבנדר 700 מ""ל",קוסמופארם,,תחליב רחצה לבנדר כיף,מיליליטרים,700.00,"100 מ""ל",false,,11.90,0.0170,true,1,30812
7290108356168,false,"כיף - תחליב רחצה אוקיינוס 700 מ""ל",גוד פוד פרודקטס S.p,,תחליב רחצה אוקיינוס,מיליליטרים,700.00,"100 מ""ל",false,,11.90,0.0170,true,1,30814
7290108356489,false,"כיף - תחליב רחצה אפרסק וחמאת מורומורו 700 מ""ל",קוסמופארם בעמ,,תחליב רחצה אפרסק וחמ,מיליליטרים,700.00,"100 מ""ל",false,,11.90,0.0170,true,1,253421
7290108356526,false,"קרליין - שמפו 10 לשיער יבש 700 מ""ל","קוסמופארם בע""\מ",,שמפו לשיער יבש קרליי,מיליליטרים,700.00,"100 מ""ל",false,,13.90,0.0199,true,1,223848
7290108356533,false,קרוליין 10 שמפו לשיער מתולתל 700 מל,"קוסמופארם בע""\מ",,שמפו לשיער מתולתל קר,מיליליטרים,700.00,"100 מ""ל",false,,13.90,0.0199,true,1,223849
7290108356540,false,קרוליין 10 שמפו לשיער צבוע 700 מל,"קוסמופארם בע""\מ",,שמפו לשיער צבוע קרלי,מיליליטרים,700.00,"100 מ""ל",false,,13.90,0.0199,true,1,223850
7290108356557,false,"שמפו 10 לשיער למניעת קשקשים 700 מ""ל קרליין","קוסמופארם בע""\מ",,שמפו למניעת קשקשים ק,מיליליטרים,700.00,"100 מ""ל",false,,13.90,0.0199,true,1,223864
7290108356564,false,"קרליין - מרכך 10 לשיער רגיל 700 מ""ל","קוסמופארם בע""\מn\",,מרכך לשיער רגיל קרלי,מיליליטרים,700.00,"100 מ""ל",false,,13.90,0.0199,true,1,223878
7290108356571,false,"קרליין - מרכך 10 לשיער יבש 700 מ""ל","קוסמופארם בע""\מ",,מרכך לשיער יבש קרליי,מיליליטרים,700.00,"100 מ""ל",false,,13.90,0.0199,true,1,223879
7290108356595,false,"מרכך 10 לשיער צבוע 700 מ""ל קרליין","קוסמופארם בע""\מ",,מרכך לשיער צבוע קרלי,מיליליטרים,700.00,"100 מ""ל",false,,13.90,0.0199,true,1,223881
7290108356809,false,סבון בוטני ורד ומרווה לניקוי וטיפוח הידיים טבעוני 1 ל' כיף,קוסמופארם בע'\'\מ,,סבון בוטני לניקוי יד,ליטרים,1.00,ליטר,false,,15.90,15.9000,true,1,303057
7290108357004,false,כיף שמפו ורד ושמן קוקוי לרכות וברק,טרופיקל דגיל תעשיות,,כיף שמפו לשיער ורד ו,מיליליטרים,700.00,"100 מ""ל",false,,11.90,0.0170,true,1,30815
7290108357028,false,"כיף תחליב רחצה ורד ושמן קוקוי 700 מ""ל",החברה הדרומית,,כיף תחליב רחצה ורד ו,מיליליטרים,700.00,"100 מ""ל",false,,11.90,0.0170,true,1,30817
7290108357226,false,"אוקסיגן POWER אבקה לכביסה לבנה והסרת כתמים 1.4 ק""ג סנו",החברה הדרומית,,אוקסיג'ן אבקה להסרת,קילוגרמים,1.40,"ק""ג",false,,29.90,21.3571,true,1,239298
7290108357233,false,סנוקליר מטליות לחות לניקוי והברקה 50יח,"סנו מפעלי ברונוס בע""\מ",,מטליות לחות לניקוי ו,יחידה,0.00,יחידה,false,,12.90,0.0000,true,1,239002
7290108357271,false,סנובון ג'ל לניקוי אסלות עם חמצן פעיל לניקוי עוצמתי,סנו מפעלי ברונוס בעמ,,סנובון ג'ל לניקוי אס,מיליליטרים,750.00,"100 מ""ל",false,,11.90,0.0159,true,1,284528
7290108357288,false,אקונומיקה ז'אוול בניחוח פריחה לבנה 4 ל' סנו,סנו ז'אוול Javel,,סנו ז'אוול בניחוח פר,ליטרים,4.00,ליטר,false,,16.90,4.2250,true,1,240902
7290108357295,false,"מרסס אוקסיג'ן מסיר כתמים סנו לכביסה לבנה 750 מ""ל",החברה הדרומית,,מרסס אוקסיג'ן מסיר כ,מיליליטרים,750.00,"100 מ""ל",false,,17.90,0.0239,true,1,284514
7290108357431,false,"קרם גוף קרמה בריזת ים 500 מ""ל",טרופיקל דגיל תעשיות,,קרם גוף קרמה בריזת,מיליליטרים,500.00,"100 מ""ל",false,,24.90,0.0498,true,1,97733
7290108357509,false,"קרמה קרם גוף וניל ופלפל ורוד 500 מ""ל",טרופיקל דגיל תעשיות,,קרם גוף קרמה וניל ופ,מיליליטרים,500.00,"100 מ""ל",false,,24.90,0.0498,true,1,146299
7290108357578,false,"קרם ידיים קרמ וניל ופלפל ורוד 100 מ""ל","קוסמופארם בע""\מ.",,קרם ידיים בניחוח וני,מיליליטרים,100.00,"100 מ""ל",false,,9.90,0.0990,true,1,197199
7290108357653,false,סנובון ג'ל לאסלה שלישיה בניחוח אוקיינוס,סנו סנובון,,סנובון סבון ג'ל לאסל,גרמים,315.00,100 גרם,false,,16.90,0.0537,true,1,340278
7290108357660,false,סנובון Bubbles שלישיית כדוריות ג'ל אסלה ניחוח לבנדר,סנו סנובון,,סנובון סבון ג'ל לאסל,גרמים,315.00,100 גרם,false,,16.90,0.0537,true,1,340279
7290108357707,false,"כיף שמפו לשיער רגיל- תפוח זרעי צ'יה 700 מ""ל",גוד פוד פרודקטס S.p,,שמפו לשיער רגיל תפוח,מיליליטרים,700.00,"100 מ""ל",false,,11.90,0.0170,true,1,30819
7290108357714,false,"כיף שמפו לשיער יבש -רימונים ושמן ארגן 700 מ""ל",גוד פוד פרודקטס S.p,,שמפו לשיער יבש רימונ,מיליליטרים,700.00,"100 מ""ל",false,,11.90,0.0170,true,1,30820
7290108358094,false,"קרמה - תחליב רחצה חמאת שיאה וקוקוי 500 מ""ל","קוסמופארם בע""\מn\",,תחליב רחצה חמאת שיאה,מיליליטרים,500.00,"100 מ""ל",false,,12.90,0.0258,true,1,197255
7290108358124,false,דפי בישום לחים למייבש הכביסה בניחוח מרכך כביסה 20 יח' מקסימה,טרופיגל דגיל תעשיות קוסמ,,דפי בישום לחים למייב,יחידה,0.00,יחידה,false,,12.90,0.0000,true,1,340249
7290108359077,false,סנו - סופט לושן ממחטות אף בקופסא 3 שכבות 120 יח',"סנו מפעלו ברונוס בע""\מ",,ממחטות אף בקופסא 3 ש,יחידה,0.00,יחידה,false,,12.90,0.0000,true,1,225392
7290108359084,false,סנו סושי כיסוי ניילון עם גומי 30 יחידות M,תאיזו ווילד,,סנו סושי כיסוי ניילו,יחידה,0.00,יחידה,false,,11.90,0.0000,true,1,327965
7290108359121,false,סנו סושי שקיות אשפה חזקות במיוחד 100 יח' L,סנו סושי,,שקיות אשפה חזקות במי,יחידה,0.00,יחידה,false,,59.90,0.0000,true,1,239446
7290108359169,false,"תבנית אלומיניום עגולה 628 ס""מ יחי סנו סושי",סנו סושי,,סנו סושי-6 תבניות אל,יחידה,0.00,יחידה,false,,11.90,0.0000,true,1,324599
7290108359183,false,שקית אשפה חזקות 70*50 60 יח' סנו סושי,סנו סושי,,שקיות אשפה L עם ידי,יחידה,0.00,יחידה,false,,22.90,0.0000,true,1,323720
7290108359824,false,"כיף - בייבי כיף קרם 500 מ""ל",קוסמופארם בעמ,,קרם גוף HYDROMOIST ב,מיליליטרים,500.00,"100 מ""ל",false,,21.90,0.0438,true,1,30828
7290108359886,false,בייבי כיף תחליב רחצה 1 ליטר,בייבי כיף Baby,,תחליב רחצה HYDROMOIS,ליטרים,1.00,ליטר,false,,18.90,18.9000,true,1,30834
7290108501971,false,חטיף בוטנים ומשמש הפי נאטס מארז 35X4ג',ואמראליס,,חטיף שקדים ומשמש HAP,גרמים,140.00,100 גרם,false,,12.90,0.0921,true,1,3115
7290108502381,false,בסיסים להכנת פיצה קוטר 26 וילי פוד 480ג',מוטלוקל גידה סאנאי ט,,תחתיות לפיצה קוטר 26,יחידה,0.00,יחידה,false,,12.90,0.0000,true,1,3128
7290108502862,false,מלפפונים כבושים במלח 18-25 קטנים ויליפוד 600 גרם,זיתור סאן גידה סני וטיקר,,מלפפונים כבושים במלח,גרמים,600.00,100 גרם,false,,9.90,0.0165,true,1,3162
7290108503043,false,תפוחונים חטיף פלחים מיובשים מארז 22X4ג',הביי דונגפנג פוד קו. בעמ,,מארז רביעייה תפוחוני,גרמים,88.00,100 גרם,false,,13.90,0.1580,true,1,3173
7290108507652,false,ביסקויט פריך בשוקולד לבן 100 גרם -קהילות,מודרן צ'יקולטה,,ביסקויט פריך בשוקולד,גרמים,100.00,100 גרם,false,,6.90,0.0690,true,1,234686
7290108507911,false,קינואה עם טונה וירקות - מוכן לאכילה,גולדן פרייז קאנינג אל טי,,קינואה עם טונה וירקו,גרמים,160.00,100 גרם,false,,13.90,0.0869,true,1,151346
7290108509205,false,ויליפוד חטיף אורז אפוי בטעם טבעי לתינוקות 50 גר',נמצ'או,,חטיף אורז אפוי לתינו,גרמים,50.00,100 גרם,false,,11.90,0.2380,true,1,220021
7290108509212,false,ויליפוד חטיף אורז אפוי בטעם ירקות לתינוקות 50 גר',נמצ'או,,חטיף אורז אפוי לתינו,גרמים,50.00,100 גרם,false,,11.90,0.2380,true,1,220022
7290108509229,false,חטיף אורז בטעם בננה לתינוקות ויליפוד 50 גרם,נמצ'או,,חטיף אורז אפוי לתינו,גרמים,50.00,100 גרם,false,,11.90,0.2380,true,1,220023
7290108509939,false,פרוסות פילה טונה בשמן זית כתית מעולה,וילי פוד,,פרוסות פילה טונה 120,גרמים,120.00,100 גרם,false,,12.90,0.1075,true,1,220090
7290108620054,false,יין אסטייט קברנה סובניון יבש אדום 750 מל,יקבי ציון,,יין אסטייט קברנה סוב,מיליליטרים,750.00,"100 מ""ל",false,,40.20,0.0536,true,1,82239
7290108970692,false,מטריית מתקפלת אוטומטית,,,מטריה מתקפלת אוטומטי,גרמים,421.00,100 גרם,false,,39.90,0.0948,true,1,96956
7290108970753,false,מטריה סופר מיני אוטו,,,מטריה סופר מיני אוטו,גרמים,405.00,100 גרם,false,,39.90,0.0985,true,1,96957
7290109351025,false,מלך החומוס חומוסטחינה 40% טחינה גולמית,סלטי צבר,,מלך החומוס חומוס טחי,גרמים,400.00,100 גרם,false,,13.90,0.0348,true,1,19945
7290109354996,false,פתי בר ללא גלוטן שוקו 200 גרם אסם,מיוצר עי קונדיטוריית,,אסם פתי בר ללא גלוטן,גרמים,200.00,100 גרם,false,,9.90,0.0495,true,1,19144
7290109358284,false,טבעול שניצל תירס עם חלבון 6*664גרם,עיצובים 2020 (4.8),,טבעול שניצל תירס ע,גרמים,664.00,100 גרם,false,,30.90,0.0465,true,1,19979
7290109580043,false,"שניצל תירס קלאסי זוגלובק 1.75 ק""ג",זוגלובק,,זוגלובק שניצל תירס 1,קילוגרמים,1.75,"ק""ג",false,,49.90,28.5143,true,1,101962
7290109580142,false,"זוגלובק נקניקיות מן הצומח בד""צ 1.75 ק""ג",קריות זול,,נקניקיות מן הצומח 1.,קילוגרמים,1.75,"ק""ג",false,,50.90,29.0857,true,1,150947
7290109580241,false,נאגטס מן הצומח זוגלובק 500 גרם,זוגלובק טבע,,נאגטס מן הצומח זוגלו,גרמים,500.00,100 גרם,false,,19.90,0.0398,true,1,283548
7290109580258,false,מארז ח.עוף והודו+סלמי תה 600 גרם קהילות,זוגלובק,,זוג תה 300 + חרמון 3,גרמים,600.00,100 גרם,false,,24.90,0.0415,true,1,329684
7290109920146,false,"דורגול מסיר אבנית מקומקומים 750 מ""ל",יעקובי דורגול,,דורגול מסיר אבן לקומ,מיליליטרים,750.00,"100 מ""ל",false,,19.90,0.0265,true,1,11384
7290109920603,false,"אסטוניש קרם לניקוי המטבח 500 מ""ל",יעקבי- אסטוניש Astonish,,אסטוניש קרם מטבח 500,מיליליטרים,500.00,"100 מ""ל",false,,13.90,0.0278,true,1,11391
7290109921334,false,אידיאל פרוטקט יעקבי 15 דפי כביסה,יעקובי,,יעקבי דפי כביסה אידא,יחידה,0.00,יחידה,false,,15.90,0.0000,true,1,11408
7290109923130,false,מדליק לפחמים קוביות הפי 24 יח',דה טורן,,מדליק פחמים הפי 48 י,גרמים,250.00,100 גרם,false,,10.90,0.0436,true,1,297086
7290109923147,false,אסטוניש מהדורה פרימיום פלא של אקונומיקה,יעקבי- אסטוניש Astonish,,אסטוניש מרסס פלא של,מיליליטרים,750.00,"100 מ""ל",false,,13.90,0.0185,true,1,291968
7290110110277,false,"סומרסבי סיידר תפוחים אלכוהולי 4*300 מ""ל","קרלסברג קרואטיה , יב",,רביעיית סמרסבי סיידר,ליטרים,1.32,ליטר,false,,36.90,27.9545,true,1,7164
7290110110369,false,"שישייה בירה קרלסברג LUMA בקבוק 330 מ""ל",מבשלות בירה בינלאומיות ב,,שישיית בירה קרלסברג,ליטרים,1.98,ליטר,false,,35.90,18.1313,true,1,75319
7290110110659,false,"ספרייט לימון ליים פחית 330מ""ל",החברה המרכזית לייצור משק,,סליק ספרייט חדש 330,מיליליטרים,330.00,"100 מ""ל",false,,5.50,0.0167,true,1,7183
7290110113476,false,בירה קרלסברג ללא אלכוהול - שישייה,קרלסברג רומניהn\יבואן:מב,,קרלסברג 0.0 בקבוק 6*,ליטרים,1.98,ליטר,false,,30.90,15.6061,true,1,53996
7290110114787,false,נביעות+ מים מינרליים בטעם תפוח 1.5 ליטר,נביעות טבע הגליל בעמ,,נביעות + תפוח 1.5 לי,ליטרים,1.50,ליטר,false,,8.90,5.9333,true,1,201834
7290110114794,false,נביעות+ מים מינרליים בטעם אפרסק 1.5 ליטר,"נביעות טבע הגליל בע""\מ ,",,נביעות + אפרסק 1.5 ל,ליטרים,1.50,ליטר,false,,8.90,5.9333,true,1,201850
7290110114800,false,נביעות+ מים מינרליים בטעם ענבים 1.5 ליטר,פארייפאבה אגרואינדוס,,נביעות + ענבים 1.5 ל,ליטרים,1.50,ליטר,false,,8.90,5.9333,true,1,201865
7290110114855,false,"נביעות מים מינרליים, שישיה 6 * 1.5 ליטר פקדון",נביעות טבע הגליל בעמ,,מי נביעות שישייה 1.5,ליטרים,9.00,ליטר,false,,13.90,1.5444,true,1,201906
7290110114893,false,מיץ סחוט תפוז פריגת 2 ליטר,היינץ צפון אמריקה מק,,פריגת סחוט תפוזים 2,ליטרים,2.00,ליטר,false,,29.20,14.6000,true,1,201758
7290110114954,false,מיץ תפוזים מתקתקים 100% 2 ל' פריגת,פריגת מצוננים,,מיץ תפוזים מתקתק 100,ליטרים,2.00,ליטר,false,,22.20,11.1000,true,1,201776
7290110114961,false,משקה קל תפוזים פריגת 1.5 ליטר,מבשלות בירה בינלאומיות ב,,פריגת תפוזים 1.5 ליט,ליטרים,1.50,ליטר,false,,8.90,5.9333,true,1,201933
7290110114985,false,משקה קל אשכוליות פריגת 1.5 ליטר,מבשלות בירה בינלאומיות ב,,פריגת אשכולית 1.5 לי,ליטרים,1.50,ליטר,false,,8.90,5.9333,true,1,201948
7290110114992,false,משקה קל לייט אשכוליות פריגת 1.5 ליטר,מבשלות בירה בינלאומיות ב,,פריגת דיאט אשכולית 1,ליטרים,1.50,ליטר,false,,8.50,5.6667,true,1,201949
7290110115005,false,משקה קל ענבים פריגת 1.5 ליטר,מבשלות בירה בינלאומיות ב,,פריגת ענבים 1.5 ליטר,ליטרים,1.50,ליטר,false,,8.90,5.9333,true,1,201963
7290110115029,false,"פריגת משק""ל תפוח 1.5 ליטר פיקדון",מבשלות בירה בינלאומיות ב,,פריגת תפוחים 1.5 ליט,ליטרים,1.50,ליטר,false,,8.90,5.9333,true,1,202004
7290110115036,false,משקה קל מנגו פריגת 1.5 ליטר,מבשלות בירה בינלאומיות ב,,פריגת מנגו 1.5 ליטר,ליטרים,1.50,ליטר,false,,8.90,5.9333,true,1,202019
7290110115043,false,משקה קל לימונענע פריגת 1.5 ליטר,מבשלות בירה בינלאומיות ב,,פריגת לימונענע 1.5 ל,ליטרים,1.50,ליטר,false,,8.90,5.9333,true,1,202020
7290110115050,false,פריגת מיקס תות בננה 1.5 ליטר פיקדון,מבשלות בירה בינלאומיות ב,,פריגת מיקס תות בננה,ליטרים,1.50,ליטר,false,,8.90,5.9333,true,1,202021
7290110115081,false,פריגת צלול ענבים 1.5 ליטר פיקדון,"מבשלות בירה לישראל בע""\מ",,פריגת צלול ענבים 1.5,ליטרים,1.50,ליטר,false,,8.50,5.6667,true,1,202111
7290110115104,false,פריגת צלול אפרסק 1.5 ליטר פיקדון,מבשלות בירה בינלאומיות ב,,פריגת צלול אפרסק 1.5,ליטרים,1.50,ליטר,false,,8.50,5.6667,true,1,202113
7290110115128,false,פריגת צלול בטעם לימונענע 1.5 ליטר פיקדון,"מבשלות בירה לישראל בע""\מ",,פריגת צלול בטעם לימו,ליטרים,1.50,ליטר,false,,8.50,5.6667,true,1,202131
7290110115180,false,מים מינרלים נביעות 1.5 ליטר,"נביעות טבע הגליל בע""",,נביעות 1.5 ליטר,ליטרים,1.50,ליטר,false,,4.20,2.8000,true,1,218080
7290110115203,false,קוקה קולה 1.5 ליטר פיקדון,החברה המרכזית לייצור משק,,קוקה קולה 1.5 ליטר,ליטרים,1.50,ליטר,false,,8.90,5.9333,true,1,202149
7290110115210,false,דיאט קוקה קולה 1.5 ליטר פיקדון,החברה המרכזית לייצור משק,,דיאט קוקה קולה 1.5 ל,ליטרים,1.50,ליטר,false,,8.50,5.6667,true,1,202150
7290110115227,false,קוקה-קולה זירו בקבוק 1.5 ליטר,החברה המרכזית לייצור משק,,קוקה קולה זירו בקבוק,ליטרים,1.50,ליטר,false,,8.90,5.9333,true,1,202151
7290110115234,false,קוקה-קולה זירו נטול בקבוק 1.5 ליטר,החברה המרכזית לייצור משק,,קולה ZERO נטול 1.5 ל,ליטרים,1.50,ליטר,false,,8.90,5.9333,true,1,202152
7290110115265,false,ספרייט לימון ליים 1.5 ליטר-,החברה המרכזית לייצור משק,,ספרייט 1.5 ליטר LIME,ליטרים,1.50,ליטר,false,,8.90,5.9333,true,1,202214
7290110115272,false,ZERO ספרייט 1.5 ליטר פיקדון,החברה המרכזית לייצור משק,,ספרייט זירו 1.5 ליטר,ליטרים,1.50,ליטר,false,,8.50,5.6667,true,1,202215
7290110115302,false,משקה מוגז אורנג' זירו פאנטה 1.5 ליטר,החברה המרכזית לייצור משק,,פאנטה זירו בטעם אורנ,ליטרים,1.50,ליטר,false,,8.90,5.9333,true,1,202259
7290110115333,false,פאנטה תות 1.5 ליטר פיקדון,החברה המרכזית לייצור משק,,פאנטה תות 1.5 ליטר,ליטרים,1.50,ליטר,false,,8.90,5.9333,true,1,202290
7290110115364,false,שישייה קוקה קולה 1.5 ליטר פיקדון,החברה המרכזית לייצור משק,,קוקה קולה 6*1.5 ליטר,ליטרים,9.00,ליטר,false,,49.90,5.5444,true,1,202170
7290110115401,false,קינלי סודה שישייה 1.5 ליטר פיקדון,החברה המרכזית לייצור משק,,קינלי סודה 6*1.5 ליט,ליטרים,9.00,ליטר,false,,14.90,1.6556,true,1,213119
7290110115418,false,מארז שישייה קוקה קולה זירו 1.5 ל',החברה המרכזית לייצור משק,,קוקה קולה זירו שישיי,ליטרים,9.00,ליטר,false,,46.90,5.2111,true,1,202172
7290110115449,false,אייס תה בטעם מנגו אננס 1.5ל' FUZE TEA,מבשלות בירה בינלאומיות ב,,פיוז טי מנגו אננס 1.,ליטרים,1.50,ליטר,false,,9.50,6.3333,true,1,202336
7290110115456,false,"תה קר בטעם אפרסק 19 קלוריות ב- 100 מ""ל",מבשלות בירה בינלאומיות ב,,פיוז טי אפרסק 19 קל,ליטרים,1.50,ליטר,false,,8.90,5.9333,true,1,202337
7290110115463,false,פיוז טי אפרסק 1.5 ליטר פיקדון,מבשלות בירה בינלאומיות ב,,פיוז טי אפרסק 1.5 לי,ליטרים,1.50,ליטר,false,,9.50,6.3333,true,1,202338
7290110115494,false,תה קר בטעם ענבים פיוז טי 1.5 ליטר,מבשלות בירה בינלאומית בע,,פיוז טי ענבים 1.5 לי,ליטרים,1.50,ליטר,false,,9.50,6.3333,true,1,202368
7290110115593,false,פריגת אשכוליות 40% פחות סוכר 1.5 ליטר פיקדון,מבשלות בירה בינלאומיות ב,,משקה קל בטעם אשכוליו,ליטרים,1.50,ליטר,false,,8.50,5.6667,true,1,202116
7290110115869,false,קוקה קולה זירו 1.5 ליטר פיקדון,תות תעשיות מזון (201,,קוקה קולה זירו בקבוק,ליטרים,1.50,ליטר,false,,8.90,5.9333,true,1,330997
7290110116125,false,"סירופ בטעם פטל פריגת 750 מ""ל",סירופ - גבעת חיים,,סירופ פריגת טעם פטל,מיליליטרים,750.00,"100 מ""ל",false,,21.90,0.0292,true,1,284456
7290110116194,false,נביעות+ סדרת 0 קלוריות לימון-ליים 1.5 ליטר,"נביעות טבע הגליל בע""\מ",,נביעות+ לימון ליים 0,ליטרים,1.50,ליטר,false,,9.90,6.6000,true,1,301028
7290110116217,false,נביעות+ סדרת 0 קלוריות אשכוליות 1.5 ליטר,"נביעות טבע הגליל בע""\מ",,נביעות+ אשכולית 0 קל,ליטרים,1.50,ליטר,false,,8.90,5.9333,true,1,301013
7290110116316,false,"קוקה קולה חג שמח, שישיה 6 * 1.5 ליטר",החברה המרכזית לייצור משק,,קוקה קולה 6*1.5 ליטר,ליטרים,9.00,ליטר,false,,49.90,5.5444,true,1,252184
7290110116323,false,שישיית קוקה קולה זירו 1.5 ליטר חג שמח-,החברה המרכזית קולה,,קוקה קולה זירו 6*1.5,ליטרים,9.00,ליטר,false,,49.90,5.5444,true,1,252185
7290110116385,false,"פחיות סטפאני מרשמלו אבטיח תות זירו 330 מ""ל",החברה המרכזית לייצור משק,,סליק זירו מרשמלו 33,מיליליטרים,330.00,"100 מ""ל",false,,5.50,0.0167,true,1,302827
7290110116392,false,"סירופ בטעם תפוזים פריגת 750 מ""ל",סירופ - גבעת חיים,,סירופ בטעם תפוזים 75,מיליליטרים,750.00,"100 מ""ל",false,,21.90,0.0292,true,1,301059
7290110116491,false,פריגת סחוט מיקס אפרסק משמש 1ליטר,פריגת מצוננים,,פריגת סחוט MIX אפרסק,ליטרים,1.00,ליטר,false,,14.90,14.9000,true,1,322095
7290110116507,false,פריגת סחוט מיקס אננס בננה אגס 1ליטר,פריגת מצוננים,,פריגת סחוט MIX אננס,ליטרים,1.00,ליטר,false,,14.90,14.9000,true,1,322096
7290110320867,false,פתיתים גבינה חצי קשה מגורדת 28% שומן,תנובה מרכז שיתופי לש,,עמק פתיתים למאפים 28,גרמים,500.00,100 גרם,false,,32.90,0.0658,true,1,26177
7290110321277,false,קוטג' בקטנה 5% תנובה 100 גרם מהדרין,פארייפאבה אגרואינדוס,,קוטג' תנובה בקטנה 5,גרמים,100.00,100 גרם,false,,2.50,0.0250,true,1,26208
7290110321468,false,"מאגדת 12 יח' יופלה תות בד""צ 3% שומן בד""צ עד""ח",תנובה מרכז שיתופי לש,,"שרינק יופלה תות בד""צ",קילוגרמים,1.20,"ק""ג",false,,24.90,20.7500,true,1,26219
7290110322014,false,טופו בטעם טבעי תנובה ALTERNATIVE,שוורצקוף& הנקל דיסלד,,טופו טבעי 300 גרם,גרמים,300.00,100 גרם,false,,11.90,0.0397,true,1,26252
7290110323097,false,מעדן גבינה עם תות 5% שומן 80 ג' תנובה,תנובה בעמ,,תאומים 80 גרם גביע ב,גרמים,80.00,100 גרם,false,,1.90,0.0237,true,1,26283
7290110323714,false,משקה קוקוס שקדים תנובה E אלטרנטיב,מיוצר עי קונדיטוריית,,תנובה משקה קוקוס שקד,יחידה,0.00,יחידה,false,,12.90,0.0000,true,1,26329
7290110323998,false,מאגדת שמינייה מיני קרלו קצפת 8*77 ג',תנובה מרכז שיתופי לש,,מאגדת 8 מיני קרלו ק,גרמים,616.00,100 גרם,false,,11.90,0.0193,true,1,155088
7290110324070,false,גבינת חלומי מחלב בקר תנובה 200 גרם,"תנובה בע""\מ",,גבינת חלומי מחלב בקר,גרמים,200.00,100 גרם,false,,18.90,0.0945,true,1,26353
7290110324711,false,ממרח סויה 9% שומן בטעם טבעי תנובה 250 גרם,מיוצר עי קונדיטוריית,,ממרח סויה 9% בטעם טב,גרמים,250.00,100 גרם,false,,8.90,0.0356,true,1,26397
7290110324841,false,מעדן שקדים עם שוקולד מריר תנובה 125 גרם,מיוצר עי קונדיטוריית,,מעדן שקדים עם שוקולד,גרמים,125.00,100 גרם,false,,4.50,0.0360,true,1,26407
7290110324858,false,מעדן שקדים בטעם אגוזי לוז תנובה 125 גרם,מיוצר עי קונדיטוריית,,מעדן שקדים בטעם אגוז,גרמים,125.00,100 גרם,false,,4.50,0.0360,true,1,26408
7290110324872,false,גבינה צהובה גלבוע 5% שומן 200 גרם,גלבוע - תנובה,,גלבוע גבינה פרוסה 5%,גרמים,200.00,100 גרם,false,,17.90,0.0895,true,1,26409
7290110324926,false,משקה סויה ללא תוספת סוכר E אלטרנטיב,תנובה מרכז שיתופי לש,,משקה סויה ללא תוספת,יחידה,0.00,יחידה,false,,9.90,0.0000,true,1,26412
7290110325169,false,פרוסות גאודה תנובה 170 גרם,תנובה חלב,,פרוסות גאודה 170 גרם,גרמים,170.00,100 גרם,false,,17.90,0.1053,true,1,61414
7290110325305,false,יופלה GO סויה 20 גרם חלבון במתיקות מעודנת תנובה 200 גרם,מיוצר עי קונדיטוריית,,יופלה סויה גו 20 גרם,גרמים,200.00,100 גרם,false,,5.90,0.0295,true,1,26428
7290110325619,false,משקה שיבולת שועל תנובה E אלטרנטיב,מיוצר עי קונדיטוריית,,תנובה משקה שיבולת שו,יחידה,0.00,יחידה,false,,12.90,0.0000,true,1,26438
7290110325701,false,פיראוס צזיקי יווני 9% שומן בשיטת יצור מסורתית על בסיס יוגורט,גוד פוד פרודקטס S.p,,פיראוס צזיקי יווני 9,גרמים,250.00,100 גרם,false,,11.90,0.0476,true,1,26444
7290110325879,false,פתיתי גאודה תנובה 200 גרם,תנובה- השף הלבן,,פתיתי גאודה 200 גרם,גרמים,200.00,100 גרם,false,,16.90,0.0845,true,1,61415
7290110325893,false,משקה חלב GO מועשר בחלבון בטעם אייס קפה,מיוצר עי קונדיטוריית,,משקה תנובה GO אייס ק,גרמים,340.00,100 גרם,false,,7.90,0.0232,true,1,26457
7290110326227,false,יופלה און טופ קורנפלקס תנובה 157 גרם,מיוצר עי קונדיטוריית,,יופלה און טופ קורנפל,גרמים,157.00,100 גרם,false,,4.90,0.0312,true,1,61416
7290110326982,false,משקה YOLO חלב עם שוקולד קלאסי 1 ליטר,תנובה מרכז שיתופי לש,,משקה חלב עם שוקולד ק,ליטרים,1.00,ליטר,false,,12.90,12.9000,true,1,88305
7290110326999,false,"משקאות חלב+שוקולד קלאסי 340 מ""ל YOLO בקבוק.",תנובה חלב,,משקה חלב עם שוקולד ק,מיליליטרים,340.00,"100 מ""ל",false,,6.90,0.0203,true,1,88306
7290110327064,false,משקה אייס קפה שיבולת שועל בטעם קרמל 1 ל' ALTERNATIVE,תנובה מרכז שיתופי לש,,אייס קפה שיבולת שועל,ליטרים,1.00,100 ליטר,false,,12.90,12.9000,true,1,88322
7290110327514,false,alternative משקה שיבולת שועל בטעם אגוזי לוז תנובה 1 ליטר,תנובה מרכז שיתופי לש,,משקה שיבולת שועל בטע,יחידה,0.00,יחידה,false,,12.90,0.0000,true,1,166134
7290110328481,false,פתיתי פרמג'אנו רג'יאנו תנובה 100 גרם,ברטינלי גיאני א.,,פתיתי פרמג'יאנו רג'י,גרמים,100.00,100 גרם,false,,13.90,0.1390,true,1,138584
7290110328627,false,יוגורט יופלה GO במרקם סמיך בטעם בננה קרמל 0%,מיוצר עי קונדיטוריית,,יוגורט גו סמיך 0% בנ,גרמים,200.00,100 גרם,false,,5.90,0.0295,true,1,155058
7290110328641,false,alternative טופו טבעי תנובה 2*250 גרם,תנובה חלב,,טופו טבעי 2 יחידות,גרמים,500.00,100 גרם,false,,17.90,0.0358,true,1,172083
7290110328764,false,יוגורט יופלה GO במרקם סמיך עם תות 0%,מיוצר עי קונדיטוריית,,יוגורט גו סמיך 0% תו,גרמים,200.00,100 גרם,false,,5.90,0.0295,true,1,155073
7290110328771,false,יוגורט יופלה GO במרקם סמיך עם פירות יער 0%,מיוצר עי קונדיטוריית,,יוגורט גו סמיך 0% פי,גרמים,200.00,100 גרם,false,,5.90,0.0295,true,1,155074
7290110328931,false,פתיתי גבינה צהובה למאפים 500 גרם השף הלבן,"תנובה בע""\מ",,פתיתי גבינה למאפים ה,גרמים,500.00,100 גרם,false,,26.90,0.0538,true,1,324097
7290110329136,false,מעדן חלב מעושר בחלבון בטעם שוקולד 120 ג' GO,תנובה מרכז שיתופי לש,,מעדן חלב גו בטעם שוק,גרמים,120.00,100 גרם,false,,4.60,0.0383,true,1,206584
7290110329716,false,משקה חלב קר בטעם קפוצ'ינו 230 גרם תנובה,תנובה מרכז שיתופי לש,,קפה קר בטעם קפוצ'ינו,מיליליטרים,230.00,"100 מ""ל",false,,6.90,0.0300,true,1,263411
7290110329723,false,משקה חלב קר בטעם לאטה 230 גרם תנובה,תנובה מרכז שיתופי לש,,קפה קר בטעם לאטה תנו,מיליליטרים,230.00,"100 מ""ל",false,,6.90,0.0300,true,1,264049
7290110329730,false,"משקה חלב עם שוקולד וקפה בסגנון לאטה 2.7%  230 מ""ל תנובה",תנובה מרכז שיתופי לש,,קפה קר בטעם לאטה שוק,מיליליטרים,230.00,"100 מ""ל",false,,6.90,0.0300,true,1,264065
7290110329792,false,יוגורט סויה BIO Alternative אפרסק 150 ג' תנובה,מיוצר עי קונדיטוריית,,סויה BIO אפרסק גביע,גרמים,150.00,100 גרם,false,,4.50,0.0300,true,1,230567
7290110329808,false,יוגורט סויה BIO Alternative תות 150 ג' תנובה,מיוצר עי קונדיטוריית,,סויה BIO תות גביע 15,גרמים,150.00,100 גרם,false,,4.50,0.0300,true,1,230568
7290110329815,false,סויה BIO מתיקות מעודנת גביע 150 גרם אלטרנטיב,מיוצר עי קונדיטוריית,,סויה BIO מתיקות מעוד,גרמים,150.00,100 גרם,false,,4.50,0.0300,true,1,230569
7290110329822,false,יוגורט סויה BIO Alternative פירות יער 150 ג' תנובה,מיוצר עי קונדיטוריית,,סויה BIO פירות יער ג,גרמים,150.00,100 גרם,false,,4.50,0.0300,true,1,230570
7290110329846,false,יוגורט סויה BIO Alternative בטעם טבעי 150 ג' תנובה,מיוצר עי קונדיטוריית,,סויה BIO טבעי גביע 1,גרמים,150.00,100 גרם,false,,4.50,0.0300,true,1,230571
7290110550370,false,פריכיות משולשות קינואה ופלפל שחור 65 גרם,שטראוס גרופ,,אנרגי פריכיות משולשו,גרמים,65.00,100 גרם,false,,9.90,0.1523,true,1,329445
7290110552220,false,יוגורט PRO בטעם תות 0% סוכר לבן 20 גרם חלבון בגביע,"שטראוס בריאות בע""\מ",,דנונה PRO 20 גרם חלב,גרמים,200.00,100 גרם,false,,5.90,0.0295,true,1,223698
7290110552237,false,יוגורט פרו בטעם אפרסק מנגו ללא סוכר 200 ג' דנונה,"שטראוס בריאות בע""\מ",,דנונה PRO 20 גרם חלב,גרמים,200.00,100 גרם,false,,5.90,0.0295,true,1,223684
7290110553425,false,קפה נמס 200 גרם +20% תוספת עלית,שטראוס קפה בי.וי,,קפה נמס עלית פחית מו,גרמים,240.00,100 גרם,false,,20.90,0.0871,true,1,228657
7290110554583,false,מארז חטיפי צ'יטוס פאפס בטעם גבינה - 10 יחידות,"שטראוס פריטו ליי בע""\מ )",,מארז צ'יטוס PUFFS בט,גרמים,200.00,100 גרם,false,,12.90,0.0645,true,1,216304
7290110554699,false,"קפה עולה קפסולות אספרסו קלייה איטית וכהה מאוד, 10 * 50 ג'",שטראוס קפה בי.וי.,,"שת""פ קפה 50 גרם עולה",גרמים,50.00,100 גרם,false,,19.90,0.3980,true,1,323855
7290110554712,false,"קפסולות קפה אספרסו קלייה איטית ובהירה, 10 * 50 ג'",שטראוס קפה בי.וי.,,"שת""פ קפה 50 גרם נחת",גרמים,50.00,100 גרם,false,,19.90,0.3980,true,1,323857
7290110555603,false,ספלנדיד אבקה להכנת משקה בטעם שוקולטה,גאלטס גולון,,אבקה להכנת שוקולטה ס,גרמים,360.00,100 גרם,false,,22.90,0.0636,true,1,339790
7290110556242,false,"שוקולד מריר פרווה 100 גר' בד""ץ תוצרת חוץ","שטראוס גרופ בע""מ.",,שוקולד מריר מעולה 10,גרמים,100.00,100 גרם,false,,4.90,0.0490,true,1,317507
7290110557102,false,מעדן חלב עם שוקולד מועשר בחלבון 150 ג' שטראוס,מיוצר עי קונדיטוריית,,מעדן פרו חלב עם שוקו,גרמים,150.00,100 גרם,false,,5.50,0.0367,true,1,190168
7290110557133,false,מעדן הגולן וניל 125 ג' שטראוס,מיוצר עי קונדיטוריית,,מעדן הגולן מעדן חלב,גרמים,125.00,100 גרם,false,,2.90,0.0232,true,1,200469
7290110557478,false,חומוס גלילי במרקם מעודן 600 גרם,"שטראוס גרופ בע""\מ",,חומוס גלילי אחלה 60,גרמים,600.00,100 גרם,false,,12.90,0.0215,true,1,253669
7290110558130,false,יוגורט אקטיביה עם שיבולת שועל ודבש 150 גרם,"שטראוס בריאות בע""\מ",,אקטיביה עם דבש ושיבו,גרמים,150.00,100 גרם,false,,4.50,0.0300,true,1,272736
7290110558314,false,דנונה פרו 20 גרם חלבון ללא סוכר פיסטוק 200 גרם,"שטראוס בריאות בע""\מ",,דנונה פרו ללא סוכר 2,גרמים,200.00,100 גרם,false,,5.90,0.0295,true,1,291362
7290110559755,false,ריל מאגדת בוטנים פיסטוק וחמוציות שטראוס 105 גרם,"ואמואליס פודס אס.איי,",,מאגדת חטיף Real אנר,גרמים,105.00,100 גרם,false,,15.90,0.1514,true,1,291589
7290110559762,false,ריל מאגדת אגוזים תמרים קוקוס שטראוס 105 גרם,"ואמואליס פודס אס.איי,",,מאגדת חטיף Real אנר,גרמים,105.00,100 גרם,false,,15.90,0.1514,true,1,291616
7290110560317,false,"הפריכיות הטעימות חומוס, עדשים שחורות, קינואה ומלח ים","פרח תעשיו מזון בע""מ",,פריכיות משולשות מלח,גרמים,30.00,100 גרם,false,,4.90,0.1633,true,1,22976
7290110560324,false,"הפריכיות הטעימות תפו""א, אורז, אפונה ומלח ים","פרח תעשיו מזון בע""מ",,פריכיות משולשות אפונ,גרמים,30.00,100 גרם,false,,4.90,0.1633,true,1,22977
7290110561604,false,מארז 8 יחידות מעדן גמדים בטעם תות בננה,"שטראוס בריאות בע""\מ",,שמיניית גמדים תות בנ,גרמים,800.00,100 גרם,false,,18.90,0.0236,true,1,23922
7290110563462,false,חלב 2% דל לקטוז בבקבוק יטבתה 1 ליטר.,מחלבת יטבתה,,יטבתה חלב בבקבוק נטו,ליטרים,1.00,ליטר,false,,8.90,8.9000,true,1,23929
7290110564360,false,חומוס אחלה הסידרה המובחר 40% טחינה 400 גר',מיוצר עי קונדיטוריית,,חומוס אחלה עשיר ב 40,גרמים,400.00,100 גרם,false,,12.90,0.0323,true,1,23937
7290110565527,false,יוגורט PRO פרו 1.5% 20 גרם חלבון בגביע,"שטראוס בריאות בע""מ",,דנונה PRO 20 גרם חלב,גרמים,200.00,100 גרם,false,,5.90,0.0295,true,1,23954
7290110566623,false,קפסולות קולומביה עלית 08 למכונת נספרסו מארז 5X10ג',שטראוס קפה בי.וי.,,עלית קפסולות קולומבי,גרמים,50.00,100 גרם,false,,17.90,0.3580,true,1,23024
7290110566975,false,דנונה פרו יוגורט 0% תות עשיר בחלבון 200ג',"שטראוס בריאות בע""\מ",,דנונה PRO 20 גרם חלב,גרמים,200.00,100 גרם,false,,5.90,0.0295,true,1,23964
7290110568238,false,"קצפת צמחית 21% שומן 250 מ""ל יוטבתה",מחלבת יטבתה,,קצפת צימחית 21% במתי,מיליליטרים,250.00,"100 מ""ל",false,,7.90,0.0316,true,1,23976
7290110571405,false,עלית - מיני פינוקיות בגביע פסק זמן 180 גרם,הגביע,,מיני פינוקיות פסק זמ,גרמים,180.00,100 גרם,false,,10.90,0.0606,true,1,338255
7290110571412,false,מיני פינוקיות - פאדג' שוקולד בגביע 180 גרם,הגביע,,מיני פינוקיות בגביע,גרמים,180.00,100 גרם,false,,10.90,0.0606,true,1,338240
7290110576752,false,טבלאות שוקולד ספלנדיד מריר 70% 100 ג' עלית,קימ'\ס גריפלנן,,שוקולד ספלנדיד מריר,גרמים,100.00,100 גרם,false,,10.90,0.1090,true,1,338465
7290110576776,false,טבלאות שוקולד ספלנדיד מריר 85% 100 ג' עלית,קימ'\ס גריפלנן,,שוקולד ספלנדיד מריר,גרמים,100.00,100 גרם,false,,10.90,0.1090,true,1,338466
7290110576790,false,גבינת סקי 3% בטעם מוקה 125 גרם,"שטראוס בריאות בע""\מ",,מעדן גבינה בטעם מוקה,גרמים,125.00,100 גרם,false,,3.90,0.0312,true,1,319793
7290110577230,false,משקה חלב בטעם פיסטוק בבקבוק יטבתה 1 ליטר,שטראוס גרופ,,משקה חלב פיסטוק יטבת,יחידה,0.00,יחידה,false,,11.90,0.0000,true,1,319733
7290110577247,false,"יטבתה משקה חלב-פיסטוק בבקבוק 350 מ""ל",מחלבת יטבתה,,משקה חלב פיסטוק 350,מיליליטרים,350.00,"100 מ""ל",false,,6.50,0.0186,true,1,319763
7290111093005,false,"I-CARE מג'להסרת איפור, 25 יח בפלופק",די.פי.אל תעשיות מוצר,,מגבונים להסרת איפור,יחידה,0.00,יחידה,false,,7.90,0.0000,true,1,29600
7290111093470,false,"קוויק מסיר הפלא ספוגית להסרת כתמים, 3 יחידות",,,קוויק מבריק פלא להסר,יחידה,0.00,יחידה,false,,10.90,0.0000,true,1,285848
7290111094248,false,"קוויק שקית אשפה חזקה וגדולה במיוחד (90*78), 20 יח'",,,שקיות אשפה XL עם שרו,יחידה,0.00,יחידה,false,,19.90,0.0000,true,1,29601
7290111094651,false,שקיות אשפה L עם ידית 40 יח' קוייק,,,קוויק שקיות אשפה L ח,יחידה,0.00,יחידה,false,,12.90,0.0000,true,1,199204
7290111098536,false,מגבונים לחים לתינוק,,,מגבונים לחים לתינוק,יחידה,0.00,יחידה,false,,14.90,0.0000,true,1,256742
7290111285288,false,צלחת במבוק 23 סמ ספיידרמן,שמחה זה אנחנו,,צלחת במבוק 9 אנץ,יחידה,0.00,יחידה,false,,10.90,0.0000,true,1,33417
7290111340178,false,מטליות לחות לניקוי כללי בניחוח מרכך כביסה 50 יח' ניקול,חוגלה קימברלי,,מטליות לחות לניקוי כ,יחידה,0.00,יחידה,false,,11.90,0.0000,true,1,9108
7290111340185,false,מטליות לחות רצפה ניחוח מרכך כביסה ניקול 10 יחידות,חוגלה קימברלי,,ניקול לחות לניקוי רצ,יחידה,0.00,יחידה,false,,10.90,0.0000,true,1,9109
7290111342004,false,לילי קידס נייר טואלט לח 56 דפים,חוגלה קימברלי,,לילי נייר טואלט לח ק,יחידה,0.00,יחידה,false,,7.90,0.0000,true,1,9141
7290111342042,false,ניקול כריות יפניות אנטיבקטריאלי 4 יחידות,פלסטו פוליש,,כריות יפניות אנטיבקט,יחידה,0.00,יחידה,false,,12.90,0.0000,true,1,9142
7290111342059,false,50 מטליות מיקרופייבר לשטחים אנטיבקטריאלי ניקול,חוגלה,,מטליות לחות אנטיבקטר,יחידה,0.00,יחידה,false,,12.90,0.0000,true,1,9143
7290111342523,false,מפיות אירוח לשימוש יומיומי ניקול 100 יח,חוגלה קימברלי,,מפיות צבעוני ניקול 1,יחידה,0.00,יחידה,false,,7.90,0.0000,true,1,9146
7290111343117,false,"קלינקס לושן סופט פק זוגות 140 דף ""חדש""",קימברלי קלארק,,טישו לושן סופט קליני,יחידה,0.00,יחידה,false,,12.90,0.0000,true,1,103645
7290111344206,false,האגיס נטורל קר מגבונים לחים בבישום עדין רביעייה,חוגלה קימברלי,,מגבוני האגיס נטורל ק,יחידה,0.00,יחידה,false,,18.90,0.0000,true,1,198785
7290111344459,false,קוטוקס תחבושות נייט אקסטרא לונג 20 יח',חוגלה קימברלי,,תחבושות נייט אקסטרא,יח',18.00,יח',false,,19.90,1.1056,true,1,192043
7290111344558,false,ניקול 100 שקיות אשפה גדול +שרוך,חוגלה קימברלי,,שקיות אשפה נשלפות לא,יח',100.00,יח',false,,29.90,0.2990,true,1,216984
7290111344824,false,מגן תחתון קוטקס אקסטרא אנטיבקטריאלי לארג',חוגלה,,מגיני תחתון אנטיבקטר,יחידה,0.00,יחידה,false,,16.90,0.0000,true,1,216902
7290111344930,false,מטליות לחות לרצפה בניחוח כביסה ארומתרפיה ניקול 10 יח',ניקול,,מטליות לחות לניקוי ר,יח',10.00,יח',false,,10.90,1.0900,true,1,216998
7290111345760,false,תחבושות נטורל דואו סופר 18 יח' קוטקס,קריות זול,,תחבושות כותנה סופר +,יחידה,0.00,יחידה,false,,19.90,0.0000,true,1,242074
7290111346293,false,מגבת נייר ניקול 6 יחידות מהדורה חגיגית,קימברלי קלארק,,מגבות מטבח ניקול לבנ,מטרים,64.80,מטר,false,,11.80,0.1821,true,1,273490
7290111352140,false,חמוציות מיובשות ברכז תפוחים קליית גת 150 גרם,קליית גת,,חמוציות מיובשות ברכז,גרמים,150.00,100 גרם,false,,11.90,0.0793,true,1,12825
7290111353079,false,יוגטה סוכריות גומי דובונים קופסא 180 גר,אפגאם תעשיות ממתקים,,סוכריות גומי דובונים,גרמים,180.00,100 גרם,false,,9.90,0.0550,true,1,114902
7290111353123,false,"גומי נחש מסוכר 200 גר' וסטהיים (כש""לפ בית יוסף)",אפגאם תעשיות ממתקים,,יוגטה סוכריות גומי נ,גרמים,200.00,100 גרם,false,,9.90,0.0495,true,1,103424
7290111353239,false,"גומי יין 200 גר' וסטהיים (כש""לפ בית יוסף)",טופגם תעשיות ממתקים,,יוגטה סוכריות גומי י,גרמים,200.00,100 גרם,false,,9.90,0.0495,true,1,103425
7290111353550,false,חמאת בוטנים טבעית קליית גת 300 גרם,J&G קיסריה,,חמאת בוטנים טבעית קל,גרמים,300.00,100 גרם,false,,14.90,0.0497,true,1,291169
7290111563492,false,סלטי צבר מטבוחה חריפה מרובע 6*400גרם,סלטי צבר,,צבר מרובע מטבוחה חר,גרמים,400.00,100 גרם,false,,12.90,0.0323,true,1,19994
7290111564277,false,פריכיות דקות ונימוחות 3 דגנים פיטנס Fitness,פרח תעשיות בעמ,,פריכיות 3 דגנים דקות,גרמים,120.00,100 גרם,false,,10.90,0.0908,true,1,19212
7290111564291,false,פריכיות דקות ונימוחות 3 דגנים וקינואה פיטנס Fitness,פרח תעשיות בעמ,,פריכיות קינואה דקות,גרמים,120.00,100 גרם,false,,10.90,0.0908,true,1,19213
7290111566226,false,טבעול שניצל ברוקולי 664 גרם,עיצובים 2020 (4.8),,טבעול שניצל ברוקולי,גרמים,667.00,100 גרם,false,,30.90,0.0463,true,1,20005
7290111566240,false,שניצל דק מן הצומח בטעם צ'ילי חריף 700 גרם,עיצובים 2020 (4.8),,שניצל דק צמחוני בטע,גרמים,564.00,100 גרם,false,,30.90,0.0548,true,1,20006
7290111566271,false,חטיפי תירס טבעול 657 גרם,עיצובים 2020 (4.8),,חטיפי תירס טבעול 65,גרמים,657.00,100 גרם,false,,30.90,0.0470,true,1,20007
7290111566318,false,שניצל דק מן הצומח בטעם ביתי 700 גרם,עיצובים 2020 (4.8),,שניצל דק צמחוני בט,גרמים,564.00,100 גרם,false,,30.90,0.0548,true,1,20009
7290111566332,false,"נקניקיות וינר מן הצומח 680 גרם ""טבעול""",עיצובים 2020 (4.8),,נקניקיה וינר 680 גר,גרמים,680.00,100 גרם,false,,30.90,0.0454,true,1,20010
7290111566417,false,טבעול טחון מן הצומח משופר 400 גרם,עיצובים 2020 (4.8),,טחון מן הצומח 500,גרמים,500.00,100 גרם,false,,30.90,0.0618,true,1,20011
7290111566547,false,טבעול חזה בגריל צמחוני 99 קלוריות 560ג',עיצובים 2020 (4.8),,חזה בגריל מו הצומח,גרמים,560.00,100 גרם,false,,30.90,0.0552,true,1,20013
7290111566561,false,"שניצל ברוקולי 99 קלוריות 560 גר' ""טבעול""",עיצובים 2020 (4.8),,טבעול שניצל ברוקולי,גרמים,630.00,100 גרם,false,,30.90,0.0490,true,1,20014
7290111566585,false,"שניצל צמחוני 99 קלוריות 650 גר' ""טבעול""",עיצובים 2020 (4.8),,שניצל מן הצומח מופח,גרמים,650.00,100 גרם,false,,30.90,0.0475,true,1,20015
7290111566660,false,קציצות עדשים כתומות טבעול 530 גרם,עיצובים 2020 (4.8),,קציצות עדשים כתומות,גרמים,530.00,100 גרם,false,,30.90,0.0583,true,1,20016
7290111566714,false,טבעול המבורגר צמחוני 99 קלוריות 600 גרם,עיצובים 2020 (4.8),,המבורגר מן הצומח 6,גרמים,600.00,100 גרם,false,,30.90,0.0515,true,1,20018
7290111566752,false,טבעול שניצל תירס 99 קלוריות 693 גרם,עיצובים 2020 (4.8),,שניצל תירס לייט טבעו,גרמים,693.00,100 גרם,false,,30.90,0.0446,true,1,20020
7290111566776,false,"נקניקיות קוקטייל מן הצומח 680 גרם ""טבעול""",עיצובים 2020 (4.8),,נקנקיות קוקטייל מן,גרמים,680.00,100 גרם,false,,30.90,0.0454,true,1,20021
7290111568206,false,ביסלי פארטי מיקס אסם 150 גר',פרו מן יו פתרונות אר,,ביסלי פארטי מיקס ברב,גרמים,150.00,100 גרם,false,,6.90,0.0460,true,1,19259
7290111879074,false,בקבוק טריטן מרובע 60,,,בקבוק טריטן מרובע 60,יחידה,0.00,יחידה,false,,24.90,0.0000,true,1,33425
7290111932380,false,"מרידול משחת שיניים מארז 75X2מ""ל כשל""פ",GABA LOER GER,,מרידול משחות שיניים,גרמים,150.00,100 גרם,false,,29.90,0.1993,true,1,21802
7290111932502,false,"משחת שיניים קולגייט אופטיק וייט אקספרט וויט 75 מ""ל",קולגייט Colgate,,מש.שיניים אופטיק ויי,מיליליטרים,75.00,"100 מ""ל",false,,29.90,0.3987,true,1,21803
7290111932601,false,"מי פה קולגייט פלאקס קלאסי אדום 500 מ""ל",קולגייט פלמוליב,,קולגייט מי פה פלאקס,מיליליטרים,500.00,"100 מ""ל",false,,30.90,0.0618,true,1,21805
7290111933462,false,"רוטב צ'ילי מתוק מאסטר שף 300 מ""ל","סיטי פוד בע""מ",,רוטב צ'ילי מתוק 300,מיליליטרים,300.00,"100 מ""ל",false,,10.90,0.0363,true,1,21812
7290111933554,false,שלישייה עגבניות קוביות מאסטר שף 400 גרם,קונסורזיו קאסאלאסקו,,עגבניות קוביות מאסטר,קילוגרמים,1.20,"ק""ג",false,,15.90,13.2500,true,1,21817
7290111934827,false,"פלמוליב סבון ידיים היגיינה 300 מ""ל",פלמוליב Palmolive,,פלמוליב סבון ידיים ה,מיליליטרים,300.00,"100 מ""ל",false,,9.90,0.0330,true,1,21820
7290111935527,false,"מ. שיניים קולגייט טוטל קלין מיניט -זוג כשל""פ2*100 גרם",קולגייט פלמוליב,,קולגייט טוטל קלין מי,מיליליטרים,200.00,"100 מ""ל",false,,29.90,0.1495,true,1,21822
7290111935817,false,דאו ליידי ספיד סטיק סטיק דרמה פנינה 45 ג,שסטוביץ,,דאו' דרמה סטיק פנינה,גרמים,45.00,100 גרם,false,,19.90,0.4422,true,1,21824
7290111936296,false,"פלמוליב סבון נוזלי בניחוח סנסיישן מסאז' ,750 מ""ל",קולגייט פלמוליב,,פלמוליב ארומה סנסייש,מיליליטרים,750.00,"100 מ""ל",false,,19.90,0.0265,true,1,21837
7290111937231,false,פרי מארז חטיפים 5 יחידות תמרים וקוקוס כשלפ,"טבעית מוצרים מהטבע בע""\מ",,פרי מארז חטיפים תמרי,גרמים,125.00,100 גרם,false,,14.90,0.1192,true,1,21846
7290112000408,false,מנקה ומחטא עוצמתי לניקוי כללי בניחוח לימון,רקיט בנקיזר,,תרסיס ניקוי וחיטוי ר,מיליליטרים,750.00,"100 מ""ל",false,,15.90,0.0212,true,1,21028
7290112000828,false,דטול - מגבונים חיטוי וניקוי אנטי בקטריאלי 60 יח',רקיט בנקיזר,,מגבונים אנטי בקטריאל,יח',60.00,יח',false,,12.90,0.2150,true,1,21037
7290112001870,false,"סיליט באנג מרסס לניקוי אמבטיה 750 מ""ל",רקיט בנקיזר,,סיליט באנג ספריי לאמ,מיליליטרים,750.00,"100 מ""ל",false,,14.90,0.0199,true,1,21056
7290112002099,false,קולון גל כביסה מרוכז 2.5 ליטר קלאסי,רקיט בנקיזר,,קולון ג'ל 2.5 ליטר ב,ליטרים,2.50,ליטר,false,,24.90,9.9600,true,1,21062
7290112002129,false,ג'ל כביסה מרוכז קולון 101 בניחוח פריחה מרענן,רקיט בנקיזר,,קולון ג'ל 2.5 ליטר ב,ליטרים,2.50,ליטר,false,,24.90,9.9600,true,1,21065
7290112002136,false,ג'ל כביסה מרוכז קולון 101 קלאסי,רקיט בנקיזר,,קולון ג'ל 4 ליטר רגי,ליטרים,4.00,ליטר,false,,34.90,8.7250,true,1,21066
7290112002143,false,ג'ל כביסה מרוכז קולון 101 בניחוח לילך,רקיט בנקיזר,,קולון ג'ל 4 ליטר ליל,ליטרים,4.00,ליטר,false,,34.90,8.7250,true,1,21067
7290112002150,false,ג'ל כביסה מרוכז קולון 101 בניחוח ורדים,רקיט בנקיזר,,קולון ג'ל 4 ליטר בני,ליטרים,4.00,ליטר,false,,34.90,8.7250,true,1,21068
7290112002983,false,מרסס סיליט חומצת לימון לניקוי כללי 750מל,רקיט בנקיזר,,סיליט חומצת לימון לנ,מיליליטרים,750.00,"100 מ""ל",false,,13.90,0.0185,true,1,82945
7290112002990,false,"סיליט ספריי אבקת סודה להסרת שומנים 750 מ""ל",רקיט בנקיזר,,סיליט אבקת סודה להסר,מיליליטרים,750.00,"100 מ""ל",false,,19.90,0.0265,true,1,82946
7290112003140,false,"אירוויק ספרי אוטמטי מילוי מנגו מרענן 250 מ""ל",RECKITT BENCKISER UK,,איירוויק פרשמטיק מיל,מיליליטרים,250.00,"100 מ""ל",false,,14.90,0.0596,true,1,72385
7290112003232,false,אבקת כביסה בניחוח לבנדר קולון 5 ק''ג,זוהר דליה,,אבקת כביסה קולון לבנ,קילוגרמים,5.00,"ק""ג",false,,39.90,7.9800,true,1,83049
7290112003249,false,אבקת כביסה בניחוח מאסק קולון 5 ק''ג,זוהר דליה,,אבקת כביסה קולון מאס,קילוגרמים,5.00,"ק""ג",false,,39.90,7.9800,true,1,83050
7290112003973,false,"וניש אבקה ורודה מולטי פאואר 1.350 ק""ג א. חסכון חדש להלבנה",רקיט בנקיזר,,וניש מסיר כתמים אבקה,גרמים,1350.00,100 גרם,false,,35.90,0.0266,true,1,175869
7290112004413,false,"ספריי וניש קליה להסרת כתמים לבגדים לבנים 750 מ""ל",רקיט בנקיזר,,מסיר כתמים ספריי כבי,מיליליטרים,750.00,"100 מ""ל",false,,16.90,0.0225,true,1,249953
7290112004772,false,אירוויק מילוי מבשם חשמלי כביסה באוויר,רקיט בנקיזר,,מילוי למבשם אוויר אי,מיליליטרים,19.00,"100 מ""ל",false,,16.90,0.8895,true,1,301104
7290112004970,false,פיניש אולטימייט קוואנטום 50 טבליות למדיח,רקיט בנקיזר,,פיניש אולטימייט 50 י,יחידה,0.00,יחידה,false,,59.90,0.0000,true,1,304977
7290112005045,false,וניש מסיר כתמים אבקה לכביסה לבנה 480 גרם,רקיט בנקיזר,,וניש אבקה לכביסה לבנ,מיליליטרים,480.00,"100 מ""ל",false,,16.90,0.0352,true,1,292049
7290112005052,false,וניש תוסף כביסה רב תכליתי לבגדים לבנים,קליה וניש Kalia Vanish,,וניש אבקה לכביסה לבנ,ליטרים,1500.00,100 ליטר,false,,39.90,0.0266,true,1,292022
7290112005083,false,וניש תוסף כביסה רב תכליתי לכביסה צבעונית,קליה וניש Kalia Vanish,,וניש אבקה לכביסה צבע,ליטרים,1.50,100 ליטר,false,,39.90,26.6000,true,1,292008
7290112330352,false,"יוגורט PRO בטעם וניל 0% , 20 גרם חלבון בגביע","שטראוס בריאות בע""\מ",,דנונה פרו 20 גר וניל,גרמים,200.00,100 גרם,false,,5.90,0.0295,true,1,23986
7290112330390,false,דנונה פרו פירות יער 20 גרם חלבון 0% שומן 200 גרם,"שטראוס בריאות בע""\מ",,דנונה פרו 20 גר פירו,גרמים,200.00,100 גרם,false,,5.90,0.0295,true,1,23988
7290112332691,false,פינוקיות עוגיות קרם פסק זמן אגוזים 200 גרם,"הגביע מוצרי וופלים בע""\מ",,פינוקיות עוגיית קרם,גרמים,200.00,100 גרם,false,,10.90,0.0545,true,1,23079
7290112332899,false,עלית - צנצנת בזוקה פופים קלאסי 58 גרם,אסקום קונפקשיין,,מאסט בזוקה פופים קלא,גרמים,58.00,100 גרם,false,,9.90,0.1707,true,1,23083
7290112335487,false,הפריכיות הטעימות קצח ודגנים אנרג'י 135 גרם,אנרג'י Energy - שטראוס,,פריכיות הטעימות קצח,גרמים,135.00,100 גרם,false,,11.90,0.0881,true,1,23093
7290112336637,false,סוכריות מאסט Must ללא סוכר יוגורט תות ואוכניות,שטראוס גרופ,,"סוכריות מאסט לל""ס יו",גרמים,80.00,100 גרם,false,,7.90,0.0988,true,1,23106
7290112336644,false,סוכריות מאסט ללא סוכר לימון 80 ג' עלית,שטראוס גרופ,,"סוכריות מאסט לל""ס לי",גרמים,80.00,100 גרם,false,,7.90,0.0988,true,1,23107
7290112336651,false,סוכריות מאסט ללא סוכר ריבת חלב 80 ג' עלית,שטראוס גרופ,,סוכריות מאסט ללא סוכ,גרמים,80.00,100 גרם,false,,7.90,0.0988,true,1,23108
7290112336712,false,יוגורט PRO לבן 0% 21 גרם חלבון בגביע,"שטראוס בריאות בע""מ",,דנונה פרו 21 0% שומן,גרמים,200.00,100 גרם,false,,5.90,0.0295,true,1,24018
7290112337474,false,סוכריות מאסט ללא סוכר פטל לימון 80 ג' עלית,שטראוס גרופ,,"סוכריות מאסט לל""ס פט",גרמים,80.00,100 גרם,false,,7.90,0.0988,true,1,23111
7290112337481,false,סוכריות מאסט ללא סוכר קפצ''ינו 80 ג' עלית,שטראוס גרופ,,"סוכריות מאסט לל""ס קפ",גרמים,80.00,100 גרם,false,,7.90,0.0988,true,1,23112
7290112338877,false,מעדן גבינה בטעם תות 3% 125ג' סקי,"שטראוס בריאות בע""\מ",,גבינת סקי תות 3% 125,גרמים,125.00,100 גרם,false,,3.90,0.0312,true,1,24020
7290112339171,false,מילקי מוס עם שוקולד וקצפת,מיוצר עי קונדיטוריית,,מילקי מוס 81 גרם.,גרמים,81.00,100 גרם,false,,3.50,0.0432,true,1,24027
7290112339867,false,גמדים לדרך גבינה לבנה עם מחית תות,"שטראוס בריאות בע""\מ",,גמדים סקוויז בודד תו,גרמים,100.00,100 גרם,false,,5.90,0.0590,true,1,24047
7290112339874,false,גמדים לדרך גבינה לבנה עם מחיות תות ובננה,"שטראוס בריאות בע""\מ",,גמדים סקוויז בודד תו,גרמים,100.00,100 גרם,false,,5.90,0.0590,true,1,24048
7290112340122,false,הפריכיות הטעימות 3 דגנים אנרג'י 135 גרם,"פרח תעשיות מזון בע""\מ",,פריכיות הטעימות 3 דג,גרמים,135.00,100 גרם,false,,11.90,0.0881,true,1,23121
7290112340245,false,צנצנת מסטיק מאסט בטעם דובדבן 66 ג' עלית,"שטראוס גרופ בע""\מ",,צנצנת מאסט בטעם דובד,גרמים,66.00,100 גרם,false,,9.90,0.1500,true,1,23122
7290112340252,false,צנצנת מסטיק מאסט בטעם אבטיח מלון 66 ג' עלית,"שטראוס גרופ בע""\מ",,צנצנת מאסט בטעם אבטי,גרמים,66.00,100 גרם,false,,9.90,0.1500,true,1,23123
7290112341686,false,שמינייה יוגורט לבן אקטיביה 3% דנונה 150 גרם.,מיוצר עי קונדיטוריית,,אקטיביה מארז 3% 8*15,קילוגרמים,1.20,"ק""ג",false,,19.90,16.5833,true,1,24062
7290112343260,false,"יטבתה רוטב שמנת קלאסי 9% שומן 260 מ""ל",שטראוס גרופ,,יטבתה רוטב שמנת קלאס,גרמים,260.00,100 גרם,false,,9.90,0.0381,true,1,24077
7290112343499,false,חטיף צ'יטוס פאפס אפוי בטעם גבינה,"שטראוס פריטו ליי בע""\מ )",,ציטוס Puffs בטעם גבי,גרמים,55.00,100 גרם,false,,3.50,0.0636,true,1,192221
7290112344724,false,מעדן בטעם שוקולד בלונדי 170 ג' מילקי,מיוצר עי קונדיטוריית,,מילקי בטעם שוקולד בל,מיליליטרים,170.00,"100 מ""ל",false,,3.50,0.0206,true,1,24087
7290112344786,false,קפה פלטינום קלאסיק עלית 200 גרם,הנסיך- מפעל לייצור ט,,פלטינום קלאסיק עלית,גרמים,200.00,100 גרם,false,,27.90,0.1395,true,1,23154
7290112346629,false,דנונה בר יוגורט+קורנפלקס מצופה שוקולד חלב ולבן 172 גרם,"שטראוס בריאות בע""\מ",,דנונה קראנצ' עם קורנ,מיליליטרים,172.00,"100 מ""ל",false,,4.60,0.0267,true,1,76200
7290112346827,false,שמיניית אקטימל ויטמין C פטל 108 גרם,"שטראוס בריאות בע""\מ",,אקטימל ויטמין C פטל,מיליליטרים,800.00,"100 מ""ל",false,,19.90,0.0249,true,1,105808
7290112347008,false,גמדים לדרך גבינה לבנה עם מחית תות ושיבולת שועל,מיוצר עי קונדיטוריית,,גמדים ארוחת בוקר תות,גרמים,100.00,100 גרם,false,,5.90,0.0590,true,1,24112
7290112348142,false,שעועית לבנה 380 גר' בקופסה טעם הטבע,שטראוס טעם הטבע,,שעועית לבנה טעם הטבע,גרמים,380.00,100 גרם,false,,6.90,0.0182,true,1,68497
7290112349316,false,מסטיק בזוקה פופים ממולא בטעם תות ללא סוכר,אסקום קונפקשיין,,בזוקה ביג פופים בטעם,גרמים,86.00,100 גרם,false,,12.90,0.1500,true,1,63439
7290112349705,false,פומודורו רוטב עגבניות קלאסי לפסטה יד מרדכי 350 גרם,אמיליאנה קונסרב סוסייטה,,רוטב עגבניות פומודרו,גרמים,350.00,100 גרם,false,,10.90,0.0311,true,1,23173
7290112349736,false,בזיליקום רוטב עגבניות לפסטה יד מרדכי 350 גרם,אמיליאנה קונסרב סוסייטה,,רוטב עגבניות בזיליקו,גרמים,350.00,100 גרם,false,,10.90,0.0311,true,1,23174
7290112349750,false,פיצה רוטב עגבניות לפיצה יד מרדכי 350 גרם,אמיליאנה קונסרב סוסייטה,,רוטב עגבניות לפיצה 3,גרמים,350.00,100 גרם,false,,10.90,0.0311,true,1,23176
7290112350312,false,קפסולות 15 קפה יותר למכונות נספרסו עלית 10יח',הנסיך- מפעל לייצור ט,,עלית קפסולות 15 למכ,גרמים,50.00,100 גרם,false,,17.90,0.3580,true,1,97466
7290112351067,false,סילאן טבעי 100% תמר מג'הול ללא תוספת סוכר,יד מרדכי,,סילאן טבעי לחיץ יד מ,גרמים,630.00,100 גרם,false,,23.90,0.0379,true,1,66373
7290112351258,false,עוגיית קקאו פינוקיות שחור לבן 200 גר,"הגביע מוצרי ופלים בע""\מ",,פינוקיות עוגיית שחור,גרמים,200.00,100 גרם,false,,10.90,0.0545,true,1,90877
7290112354211,false,"פיצה מרגריטה""דלישס"" שטראוס",סקרלינפיצה אס. אר. אל. א,,פיצה מרגריטה שטראוס,גרמים,400.00,100 גרם,false,,26.90,0.0672,true,1,198595
7290112355027,false,דנונה פרו 20 גרם חלבון בטעם קרמל מלוח 200 גרם,"שטראוס בריאות בע""\מ",,דנונה פרו 20 גר' בטע,גרמים,200.00,100 גרם,false,,5.90,0.0295,true,1,111149
7290112355102,false,גמדים סקוויז 100 גרם פאוץ סלט פירות 100 גרם,"שטראוס בריאות בע""\מ",,סקוויז גמדים לדרך סל,גרמים,100.00,100 גרם,false,,5.90,0.0590,true,1,117424
7290112355393,false,"יטבתה רוטב שמנת+בטטה 9% שומן 250 מ""ל",מחלבת יטבתה,,רוטב שמנת עם בטטה 9%,גרמים,257.00,100 גרם,false,,9.90,0.0385,true,1,321444
7290112356536,false,אבקת קקאו עלית 150 גרם+10% תוספת,הנסיך- מפעל לייצור ט,,עלית קקאו 150 גרם +,גרמים,150.00,100 גרם,false,,10.50,0.0700,true,1,87569
7290112357045,false,עגבניות איטלקיות מרוסקות 390 גר' בקופסה טעם הטבע,שטראוס טעם הטבע,,עגבניות איטלקיות מרו,גרמים,390.00,100 גרם,false,,6.60,0.0169,true,1,68498
7290112357069,false,מחית עגבניות איטלקיות בקופסה 500 גר' טעם הטבע,שטראוס טעם הטבע,,מחית עגבניות איטלקיו,גרמים,500.00,100 גרם,false,,7.50,0.0150,true,1,68499
7290112357106,false,שעועית אדומה 380 גר' בקופסה טעם הטבע,שטראוס טעם הטבע,,שעועית אדומה טעם הטב,גרמים,380.00,100 גרם,false,,6.90,0.0182,true,1,68500
7290112358219,false,יד מרדכי רוטב צ'ילי מתוק 300 גרם,אף.סי תבליני בגליל ב,,יד מורדכי רוטב צ'ילי,מיליליטרים,300.00,"100 מ""ל",false,,13.90,0.0463,true,1,87515
7290112358240,false,יד מרדכי רוטב גריל 300 גרם,"בית אל מזון בע""מ",,יד מורדכי רוטב גריל,מיליליטרים,300.00,"100 מ""ל",false,,13.90,0.0463,true,1,125304
7290112358257,false,רוטב לעוף עם שזיפים יד מרדכי 300 גרם,"ב.א. מזון בע""\מ",,יד מורדכי רוטב לעוף,מיליליטרים,300.00,"100 מ""ל",false,,13.90,0.0463,true,1,68483
7290112490209,false,נמס בכוס מרק עגבניות עם קרוטונים רכיבים טבעיים,יוניליוור ישראל מזון בעמ,,נמס בכוס מרק עגבניות,גרמים,56.00,100 גרם,false,,6.90,0.1232,true,1,10736
7290112490759,false,מרק עשיר עוף עם אטריות רכיבים טבעיים 74 ג' קנור,יוניליוור ישראל מזון בעמ,,מרק היום עוף עם אטרי,גרמים,74.00,100 גרם,false,,11.90,0.1608,true,1,190328
7290112490827,false,תרסיס ריחני למייבש הכביסה בדין בייבי 500,"זוהר דליה, קיבוץ דליה, 1",,בדין בייבי תרסיס למי,מיליליטרים,500.00,"100 מ""ל",false,,16.90,0.0338,true,1,10758
7290112491701,false,ברנפלקס בטעם וניל מעודן 20% חלבון Extra Protein,יוניליוור ישראל מזון בעמ,,ברנפלקס אקסטרה פרוטא,גרמים,400.00,100 גרם,false,,23.90,0.0597,true,1,10790
7290112491770,false,בייגלה דקים דקים מלח ים בייגל בייגל 300 גרם.,בייגל את בייגל מזון 198),,בייגלה דקים דקים עם,גרמים,300.00,100 גרם,false,,9.90,0.0330,true,1,10791
7290112491787,false,בייגלה דקים דקים עם שומשום בייגל בייגל 300 גרם,בייגל את בייגל מזון 198),,בייגלה דקים דקים עם,גרמים,300.00,100 גרם,false,,9.90,0.0330,true,1,10792
7290112492449,false,פינוק שמפו שיער רגיל 700 מל-חדש,יוניליוור ישראל טיפוח אי,,פינוק שמפו לשיער רגי,מיליליטרים,700.00,"100 מ""ל",false,,11.90,0.0170,true,1,59085
7290112492456,false,"שמפו פינוק לשיער יבש/פגום 700 מ""ל",יוניליוור ישראל טיפוח אי,,פינוק שמפו שיער יבש,מיליליטרים,700.00,"100 מ""ל",false,,11.90,0.0170,true,1,59086
7290112492500,false,פינוק שמפו לשיער עם שמן קוקוס 700 מל,"יוניליור ישראל, טיפו",,פינוק שמפו שמן קוקוס,מיליליטרים,700.00,"100 מ""ל",false,,11.90,0.0170,true,1,59089
7290112492609,false,"תחליב רחצה פינוק 700 מ""ל לבנדר ווניל",יוניליוור ישראל טיפוח אי,,פינוק תחליב רחצה לבנ,מיליליטרים,700.00,"100 מ""ל",false,,9.90,0.0141,true,1,59106
7290112492944,false,"קנור אבקת מרק עוף אמיתי 400 גרם כשל""פ",יוניליוור ישראל מזון בע\,,מרק עוף לתיבול והעשר,גרמים,400.00,100 גרם,false,,17.90,0.0447,true,1,10811
7290112492999,false,קנור מרק עוף אמיתי 400 גרם פרווה,יוניליוור ישראל מזון בע\,,מרק טעם עוף קנור 400,גרמים,400.00,100 גרם,false,,15.90,0.0398,true,1,10813
7290112493316,false,מרק היום אפונה ר.טבעיים קנור 117 גרם,יוניליוור ישראל מזון בעמ,,מרק היום מרק אפונה 1,גרמים,117.00,100 גרם,false,,11.90,0.1017,true,1,10827
7290112493965,false,קרמיסימו חלבית בטעם מסטיק וניל 665 גר,"גלידת שטראוס בע""\מ, רחוב",,קרמיסימו מסטיגם 1.33,יחידה,1.33,יחידה,false,,20.90,15.7143,true,1,4403
7290112494238,false,קליק - כדורים חלב תפזורת 65 גרם,יוניליוור ישראל מזון בע\,,קליק כדורים חלב 65 ג,גרמים,65.00,100 גרם,false,,5.90,0.0908,true,1,10836
7290112494313,false,קליק - קורנפלקס תפזורת 65 גרם,יוניליוור ישראל מזון בע\,,קליק קורנפלקס 65 גרם,גרמים,65.00,100 גרם,false,,5.90,0.0908,true,1,10841
7290112494610,false,קנור רוטב עגבניות פיקנטי לדג 415 גרם,קונסורזיו קאסאלאסקו,,רוטב פיקנטי לדג קנור,מיליליטרים,415.00,"100 מ""ל",false,,11.90,0.0287,true,1,73337
7290112495037,false,דגני בוקר בטעם שוקולד כדורים 375 ג' קוקומן,יוניליוור שפע ישראל בעמ,,קוקומן כדורים תלמה ב,גרמים,375.00,100 גרם,false,,20.90,0.0557,true,1,10859
7290112495044,false,ציפי (פצפוצים) גריין בדצ 500גר,"יוניליור שפע ישראל בע""\מ",,קוקומן פצפוצים תלמה,גרמים,375.00,100 גרם,false,,20.90,0.0557,true,1,10860
7290112495105,false,נשנושים טעם שמנת בצל בייגל בייגל 260 גרם,בייגל את בייגל מזון 198),,נשנושים שמנת בצל 260,גרמים,260.00,100 גרם,false,,11.90,0.0458,true,1,10861
7290112495112,false,נשנושים טעם זעתר בייגל בייגל 260 גרם,בייגל את בייגל מזון 198),,נשנושים זעתר 260 גרם,גרמים,260.00,100 גרם,false,,11.90,0.0458,true,1,10862
7290112495174,false,נשנושי קרקר קוקטייל שומשום בייגל בייגל 300 גרם,בייגל את בייגל מזון 198),,נשנושים קוקטייל שומש,גרמים,300.00,100 גרם,false,,12.90,0.0430,true,1,10867
7290112495433,false,דגני דליפקאן תוספת אגוזי פקאן ושקדים 400 גר,"יוניליור שפע ישראל בע""\מ",,"דליפקאן תלמה בד""ץ 40",גרמים,400.00,100 גרם,false,,21.90,0.0547,true,1,10872
7290112496287,false,פתית - צ'יפס בטטה בטעם טבעי 21 גרם,JLM גלובל פודסn37\ דרך א,,פתית צ'יפס בטטה בטעם,גרמים,21.00,100 גרם,false,,4.90,0.2333,true,1,163811
7290112496331,false,קורנפלקס בננה תלמה אלופים 448 גרם,"יוניליוור שפע ישראל בע""\",,קורנפלקס בננה תלמה ב,גרמים,448.00,100 גרם,false,,17.90,0.0400,true,1,153674
7290112497000,false,פנטסטיק תרכיז ניקוי רב תכליתי בניחוח לימון,"זוהר דליה, קיבוץ דלי",,סיף פנטסטיק ניקוי כל,יחידה,0.00,יחידה,false,,12.90,0.0000,true,1,63397
7290112497994,false,"גרנולה תלמה פרוטאין בתוספת חלבון ואגוזים, 300 גרם","רפאלס בריא וטעים בע""\מ,",,גרנולה PROTEIN בתוספ,גרמים,300.00,100 גרם,false,,17.90,0.0597,true,1,173303
7290112498007,false,גרנולה פרוטאין בתוספת חלבון שקדים וחמוציות תלמה 300 ג',"רפאלס בריא וטעים בע""\מ,",,גרנולה PROTEIN בתוספ,גרמים,300.00,100 גרם,false,,17.90,0.0597,true,1,199892
7290112499219,false,שלגון שמנת מופחת שומן וקלוריות בטעם פיסטוק עם ריפל בטעם שוקולד מריר וציפוי חלקי של שוקולד חלב מעולה,"גלידת שטראוס בע""\מ, רחוב",,מאגדת גלידה בטעמי פי,100 יח',5.00,100 יח',false,,29.90,5.9800,true,1,272892
7290112499462,false,פינוק תחליב רחצה 700 בתוספת שמן קוקוס,יוניליוור ישראל טיפוח אי,,תחליב רחצה בתוספת שמ,מיליליטרים,700.00,"100 מ""ל",false,,9.90,0.0141,true,1,152002
7290112499776,false,גלידת שמנת מופחתת שומן וקלוריות בטעם שוקולד לבן 240 גרם,"גלידת שטראוס בע""\מ, רח'\",,מאגדת גודיז שלגון אי,גרמים,240.00,100 גרם,false,,27.90,0.1162,true,1,57116
7290112961327,false,בייגלה כפיות פיזור כפרי 300 גרם אסם,"אסם תעשיות בע""מ",,אסם בייגלה כפיות פיז,גרמים,300.00,100 גרם,false,,10.90,0.0363,true,1,19292
7290112961372,false,פיטנס חטיפי פריכיות דקות קינמון 60 גרם,"פרח תעשיות מזון בע""\מ",,חטיפי פריכיות דקות ק,גרמים,60.00,100 גרם,false,,8.90,0.1483,true,1,19293
7290112962737,false,שניצל מן הצומח עם חלבון טבעול 664 גרם,"טבעול תעשיות מזון בע""\מ\",,טבעול שניצל מן הצומח,גרמים,664.00,100 גרם,false,,30.90,0.0465,true,1,20047
7290112963918,false,פיטנס חטיפי קרקר דק רוזמרין 140 גרם,נסטלה Nestle,,פיטנס חטיפי קרקר דק,גרמים,140.00,100 גרם,false,,11.90,0.0850,true,1,19322
7290112964434,false,אסם רוטב קיסר חדש לסלט 295 גרם,"אסם תעשיות בע""מ",,אסם רוטב קיסר לסלט 2,מיליליטרים,295.00,"100 מ""ל",false,,11.90,0.0403,true,1,19336
7290112964458,false,אסם רוטב ויניגרט חדש לסלט 295 גרם,"אסם תעשיות בע""מ",,אסם רוטב ויניגרט לסל,מיליליטרים,295.00,"100 מ""ל",false,,11.90,0.0403,true,1,19337
7290112964472,false,אסם רוטב שום חדש לסלט 290 גרם,"אסם תעשיות בע""מ",,אסם רוטב שום לסלט 29,מיליליטרים,295.00,"100 מ""ל",false,,11.90,0.0403,true,1,19338
7290112964564,false,"רוטב אלף האיים לייט לסלט אסם 295 מ""ל","אסם תעשיות בע""מ",,אסם רוטב אלף האיים ל,מיליליטרים,295.00,"100 מ""ל",false,,11.90,0.0403,true,1,19341
7290112964625,false,רוטב שום לייט לסלט 310 גרם אסם,"אסם תעשיות בע""מ",,אסם רוטב שום לייט לס,מיליליטרים,295.00,"100 מ""ל",false,,11.90,0.0403,true,1,19344
7290112964724,false,המבורגר צמחוני עם המון חלבון 580 גר,מיוצר עי קונדיטוריית,,טבעול המבורגר טבעוני,גרמים,580.00,100 גרם,false,,30.90,0.0533,true,1,20049
7290112965264,false,אבקת מרק נמס אפונה אסם בדצ 52 גרם מארז זוגי,"אסם תעשיות בע""מ",,זוג מרק נמס אפונה בד,גרמים,30.00,100 גרם,false,,5.90,0.1967,true,1,19356
7290112965288,false,מרק נמס ירקות אסם בדצ 56 גרם מארז זוגי,"אסם תעשיות בע""מ",,זוג מרק נמס ירקות בד,גרמים,30.00,100 גרם,false,,5.90,0.1967,true,1,19357
7290112965301,false,זוג מרק נמס בטעם עוף עם שקדי מרק רגע חם,"אסם תעשיות בע""מ",,זוג מרק נמס טעם עוף,גרמים,38.00,100 גרם,false,,5.90,0.1553,true,1,19358
7290112965325,false,תבשיל אורז ספרדי אוסם 140 גרם,"אסם תעשיות בע""מ",,אורז ספרדי אסם 140 ג,גרמים,140.00,100 גרם,false,,11.90,0.0850,true,1,19359
7290112965660,false,פיטנס - חטיף מולטיגריין מלח פלפל 25 גרם,מיוצר עי קונדיטוריית,,פיטנס חטיף מולטיגריי,גרמים,25.00,100 גרם,false,,4.90,0.1960,true,1,110981
7290112965684,false,פיטנס - חטיף מולטיגריין עשבי תיבול 25 גרם,מיוצר עי קונדיטוריית,,פיטנס חטיף מולטיגריי,גרמים,25.00,100 גרם,false,,4.90,0.1960,true,1,110982
7290112965707,false,פיטנס - חטיף מולטיגריין צילי מעודן 25 גרם,"אסם השקעות בע""\מ",,פיטנס חטיף מולטיגריי,גרמים,25.00,100 גרם,false,,4.90,0.1960,true,1,110983
7290112965868,false,קרם קרקר במתיקות מעודנת אסם 250 גרם,"אסם תעשיות בע""מ",,אסם קרם קרקר במליחות,גרמים,250.00,100 גרם,false,,8.90,0.0356,true,1,19369
7290112965905,false,אסם בייגלה שמיניות במליחות מעודנת 400 גרם,מיוצר עי קונדיטוריית,,אסם בייגלה שמיניות ב,גרמים,400.00,100 גרם,false,,10.90,0.0273,true,1,19370
7290112965967,false,טבעול נאגטס ירקות כתומים 500 גרם,"טבעול תעשיות מזון בע""\מ",,טבעול נאגטס ירקות כת,גרמים,500.00,100 גרם,false,,30.90,0.0618,true,1,109684
7290112965981,false,"טבעול גורמה ארוחת דגנים, 450 גרם",טבעול (מקבוצת אסם הש,,טבעול גורמה ארוחת דג,גרמים,450.00,100 גרם,false,,34.90,0.0776,true,1,293624
7290112966001,false,"טבעול גורמה ארוחת ירוקים, 450 גרם",טבעול (מקבוצת אסם הש,,טבעול גורמה ארוחת יר,גרמים,450.00,100 גרם,false,,34.90,0.0776,true,1,293625
7290112966803,false,אסם פודינג אינסטנט שוקולד 88 גרם,"אסם השקעות בע""\מ",,אסם פודינג אינסטנט ש,גרמים,88.00,100 גרם,false,,5.90,0.0670,true,1,19386
7290112967220,false,ביסלי מארז ברביקיו 20 גר'*10 יח' אסם,"אסם השקעות בע""\מ",,ביסלי ברביקיו מארז 1,גרמים,200.00,100 גרם,false,,11.90,0.0595,true,1,73447
7290112968203,false,צבר סלט טחינה בלאדי 6*250גרם,שוורצקוף& הנקל דיסלד,,סלט טחינה בלאדי צבר,גרמים,250.00,100 גרם,false,,10.90,0.0436,true,1,20061
7290112968708,false,"טבעול שניצל תירס עדה חרדית 1.3 ק""ג","טבעול תעשיות מזון בע""\מ",,שניצל תירס עדה חרדי,קילוגרמים,1.30,"ק""ג",false,,40.90,31.4615,true,1,61152
7290112968722,false,טבעול נקניקיות מן הצומח עדה חרדית 1.2קג,"טבעול תעשיות מזון בע""\מ",,נקניקיות מן הצומח הע,קילוגרמים,1.20,"ק""ג",false,,40.90,34.0833,true,1,61153
7290112968807,false,פיטנס - קרקר דק סלק 140 גרם,מפעל אסם יקנעם,,פיטנס קרקר דק סלק 14,גרמים,140.00,100 גרם,false,,11.90,0.0850,true,1,118094
7290112968821,false,פיטנס - קרקר דק בטטה 140 גרם,מפעל אסם יקנעם,,פיטנס קרקר דק בטטה 1,גרמים,140.00,100 גרם,false,,11.90,0.0850,true,1,118107
7290112969286,false,אסם בישולים רוטב חרדל ודבש 330*9 גרם,"אסם השקעות בע""מ",,אוסם בישולים רוטב חר,גרמים,330.00,100 גרם,false,,16.90,0.0512,true,1,114863
7290113100688,false,תבנית אפיה גודל 26,,,תבנית אפיה גודל 26,יחידה,0.00,יחידה,false,,119.50,0.0000,true,1,49983
7290113101760,false,סט 3 סכיני בשר,,,סט 3 סכיני בשר,יחידה,0.00,יחידה,false,,16.90,0.0000,true,1,50091
7290113178298,false,סט 4 ספלי זכוכית,,,סט 4 ספלי זכוכית,יחידה,0.00,יחידה,false,,54.90,0.0000,true,1,317989
7290113178984,false,סיר פורג נורמל 24,,,סיר פורג נורמל 24,יחידה,0.00,יחידה,false,,149.90,0.0000,true,1,328903
7290113192300,false,זיתים חרוזית מושחרים בית השיטה 275 גרם,בית השיטה,,זיתים חרוזית מושחר ב,גרמים,275.00,100 גרם,false,,9.90,0.0360,true,1,19413
7290113192317,false,טבעות זיתים מושחרים 280 גרם בית השיטה,בית השיטה,,טבעות זיתים מושחרים,גרמים,280.00,100 גרם,false,,12.90,0.0461,true,1,19414
7290113192331,false,זיתים ירוקים מנזנילו 340 גר' בית השיטה,בית-השיטה עסיס תעשיות מז,,זיתים ירוק גדול בית,גרמים,340.00,100 גרם,false,,9.90,0.0291,true,1,19416
7290113192348,false,בית השיטה זיתים ירוקים גדול מאודבטעם שום,בית-השיטה עסיס תעשיות מז,,זית ירוק שום 17-19בי,גרמים,560.00,100 גרם,false,,9.90,0.0177,true,1,19417
7290113192355,false,חרוזית זיתים ירוקים ללא גלעין 275 ג' בית השיטה,בית-השיטה עסיס תעשיות מז,,זיתים חרוזית ירוק בי,גרמים,275.00,100 גרם,false,,9.90,0.0360,true,1,19418
7290113192362,false,בית השיטה טבעות זיתים ירק.א2 12*280ג חדש,בית-השיטה עסיס תעשיות מז,,טבעות זיתים ירוקים ב,גרמים,280.00,100 גרם,false,,10.90,0.0389,true,1,19419
7290113192379,false,בית השיטה זיתים ירוקים מבוקעים א2 340גר',בית השיטה,,זיתים ירוקים מבוקעים,גרמים,340.00,100 גרם,false,,10.90,0.0321,true,1,19420
7290113192393,false,בית השיטה קוקטייל זיתים א2 336 גרם,בית-השיטה עסיס תעשיות מז,,קוקטייל זיתים בית הש,גרמים,336.00,100 גרם,false,,10.90,0.0324,true,1,19422
7290113192478,false,בית השיטה מלפפונים במלח בינוני 10-12 320 גרם,בית-השיטה עסיס תעשיות מז,,מלפפון במלח 10-12 בי,גרמים,320.00,100 גרם,false,,7.90,0.0247,true,1,19430
7290113192485,false,בית השיטה מלפפונים בחומץ בינוני 10-12 290 גרם,בית-השיטה עסיס תעשיות מז,,מלפפון בחומץ 12-10 ב,גרמים,290.00,100 גרם,false,,7.90,0.0272,true,1,19431
7290113192492,false,בית השיטה מלפפונים בחומץ קטנים 1317 290 גרם,בית-השיטה עסיס תעשיות מז,,מלפפון בחומץ 13-17 ב,גרמים,290.00,100 גרם,false,,9.90,0.0341,true,1,19432
7290113192508,false,ב.השיטה מלפפון במלח ר.טבע א2 17-13 320 גרם,בית-השיטה עסיס תעשיות מז,,מלפפון במלח 13-17 בי,גרמים,320.00,100 גרם,false,,9.90,0.0309,true,1,19433
7290113192515,false,בית השיטה מלפפונים במלח קטן מאוד 1825 320 גרם,בית-השיטה עסיס תעשיות מז,,מלפפון במלח 18-25 בי,גרמים,320.00,100 גרם,false,,10.90,0.0341,true,1,19434
7290113192522,false,בית השיטה מלפפונים בחומץ קטן מאוד 1825 290 גרם,בית-השיטה עסיס תעשיות מז,,מלפפון בחומץ 18-25 ב,גרמים,290.00,100 גרם,false,,10.90,0.0376,true,1,19435
7290113192539,false,בית השיטה מלפפונים במלח גדול 79 320 גרם,בית-השיטה עסיס תעשיות מז,,מלפפון במלח 7-9 בית,גרמים,560.00,100 גרם,false,,6.90,0.0123,true,1,19436
7290113192546,false,"מלפפונים בחומץ רכיבים טבעיים 7-9 ""בית השיטה""",בית-השיטה עסיס תעשיות מז,,מלפפון בחומץ 7-9 בית,גרמים,560.00,100 גרם,false,,6.90,0.0123,true,1,19437
7290113192553,false,מלפפונים במלח 13-17 פיקנטי בית השיטה 320 גרם,בית-השיטה עסיס תעשיות מז,,מלפפון במלח בלדי 13-,גרמים,320.00,100 גרם,false,,10.90,0.0341,true,1,19438
7290113192560,false,בית השיטה פלפל שיפקה חריף כבוש 230 גרם,בית-השיטה עסיס תעשיות מז,,פלפל שיפקה בית השיטה,גרמים,230.00,100 גרם,false,,6.90,0.0300,true,1,19439
7290113192577,false,בית השיטה כרוב כבוש א2 12*430גרם חדש,"בית-השיטה תעשיות בע""\מ",,כרוב כבוש בית השיטה,יחידה,430.00,יחידה,false,,7.90,0.0184,true,1,19440
7290113192997,false,בית השיטה זית מרוקאי 340 גרם*,"בית השיטה תעשיות בע""\מ",,זית מרוקאי בית השיטה,גרמים,340.00,100 גרם,false,,12.90,0.0379,true,1,104689
7290113193000,false,בית השיטה פלפל שיפקונית 230 גרם*,"בית השיטה תעשיות בע""\מ",,פלפל שיפקונית בית הש,גרמים,230.00,100 גרם,false,,11.90,0.0517,true,1,104690
7290113193017,false,בית השיטה חרוזית קוקטייל זיתים 275 גרם,"בית השיטה תעשיות בע""\מ",,בית השיטה קוקטייל זי,גרמים,275.00,100 גרם,false,,12.90,0.0469,true,1,104662
7290113193031,false,חרוזית קלמטה - זיתים שחורים ללא גלעין קלמטה,"בית השיטה תעשיות בע""\מ",,חרוזית קלמטה בית השי,גרמים,275.00,100 גרם,false,,12.90,0.0469,true,1,104675
7290113193321,false,"שמן זית כתית מעולה בית השיטה 750 מ""ל",אצטס אבסה אס. איי. יו.,,שמן זית כתית מעולה ב,מיליליטרים,750.00,"100 מ""ל",false,,30.90,0.0412,true,1,200524
7290113193406,false,"קוקטייל טבעות זיתים - זיתים ירוקים, שחורים מרינד","בית השיטה תעשיות בע""\מ",,טבעות קוקטיל זיתים ב,גרמים,560.00,100 גרם,false,,10.70,0.0191,true,1,104676
7290113195080,false,חלבה טורקית בטעם שוקו וניל 400 גרם,ח. אל עקר,,חלבה טורקית בטעם שוק,גרמים,500.00,100 גרם,false,,12.90,0.0258,true,1,181361
7290113195158,false,בית השיטה מיקס רצועות פלפל 215 גרם,"בית השיטה תעשיות בע""\מ",,מיקס רצועות פלפל בית,גרמים,215.00,100 גרם,false,,9.90,0.0460,true,1,139225
7290113196582,false,בוטנים קלויים 300 גר גביע,,,בוטנים קלויים 300 גר,גרמים,300.00,100 גרם,false,,14.90,0.0497,true,1,148205
7290113196643,false,"קשיו טבעי 200 גר בד""",,,"קשיו טבעי 200 גר בד""",גרמים,200.00,100 גרם,false,,14.90,0.0745,true,1,217196
7290113199699,false,מוזלי שיבולת שועל עם בוטנים אגוזי לוז ושקדים 500ג' שקדיה,,,מוזלי עם בוטנים אגוז,גרמים,500.00,100 גרם,false,,12.90,0.0258,true,1,293537
7290113286559,false,"כפפות ניטריל S שחורות 100 יח' פרפקט כשל""פ עד""ח",,,כפפות ניטריל שחורות,יחידה,0.00,יחידה,false,,24.90,0.0000,true,1,285411
7290113289048,false,צלחות קטנות אלגנט קר,,,צלחות קטנות אלגנט קר,יחידה,0.00,יחידה,false,,7.90,0.0000,true,1,187339
7290113289055,false,צלחות קטנות אלגנט זה,,,צלחות קטנות אלגנט זה,יחידה,0.00,יחידה,false,,7.90,0.0000,true,1,187340
7290113289062,false,צלחות קטנות אלגנט כס,,,צלחות קטנות אלגנט כס,יחידה,0.00,יחידה,false,,7.90,0.0000,true,1,187354
7290113289109,false,קערות אלגנט קרם 25 י,,,קערות אלגנט קרם 25 י,יחידה,0.00,יחידה,false,,5.90,0.0000,true,1,187384
7290113289116,false,קערות אלגנט זהב 25 י,,,קערות אלגנט זהב 25 י,יחידה,0.00,יחידה,false,,5.90,0.0000,true,1,187385
7290113289123,false,WIZ לפתניות אלגנט כסף 25 יח,,,קערות אלגנט כסף 25 י,יחידה,0.00,יחידה,false,,5.90,0.0000,true,1,187386
7290113289130,false,לפתניות אלגנט קרם 25,,,לפתניות אלגנט קרם 25,יחידה,0.00,יחידה,false,,5.90,0.0000,true,1,187400
7290113289147,false,לפתניות אלגנט זהב 25,,,לפתניות אלגנט זהב 25,יחידה,0.00,יחידה,false,,5.90,0.0000,true,1,187401
7290113289154,false,לפתניות אלגנט כסף 25,,,לפתניות אלגנט כסף 25,יחידה,0.00,יחידה,false,,5.90,0.0000,true,1,187402
7290113289475,false,מפיות חד שכבתיות 80,,,מפיות חד שכבתיות 80,יחידה,0.00,יחידה,false,,4.90,0.0000,true,1,196809
7290113289505,false,WIZ! רדיד אלומניום כוכבים 41*45 מ',,,רדיד אלומיניום כוכבי,יחידה,0.00,יחידה,false,,32.90,0.0000,true,1,221837
7290113289543,false,כוסות שקופות 150 יחי,,,כוסות שקופות 150 יחי,יחידה,0.00,יחידה,false,,14.90,0.0000,true,1,243192
7290113289550,false,צלחות מתכלות גדולות,,,צלחות מתכלות גדולות,יחידה,0.00,יחידה,false,,29.90,0.0000,true,1,211233
7290113463646,false,גבינה צהובה גאודה 28% פרוסה 400 גרם,,,פרוסות גבינה קשה מסו,גרמים,400.00,100 גרם,false,,13.60,0.0340,true,1,336338
7290114310215,false,"שמנת מתוקה 38% רמת הגולן 250 מ""ל ווסטהיים - מוצר בפיקוח",מילקו תעשיות בעמ,,שמנת מתוקה 38% בקבוק,מיליליטרים,250.00,"100 מ""ל",false,,6.47,0.0259,true,1,69128
7290114310222,false,חלב מועשר בסידן וויטמין Dי 3% 1.5 ל' טרה,מילקו תעשיות בעמ,,חלב מועשר בסידן 1.5,ליטרים,1.50,ליטר,false,,10.90,7.2667,true,1,80673
7290114310239,false,חלב נטול לקטוז מועשר בוויטמין D י 2% 1.5 ל' טרה,מילקו תעשיות בעמ,,חלב נטול לקטוז 1.5,ליטרים,1.50,ליטר,false,,10.90,7.2667,true,1,80674
7290114310338,false,צפתית מעודנת 5% בגביע 225 גרם משק צוריאל,מחלבת משק צוריאל,,צפתית מעודנת 5% משק,גרמים,225.00,100 גרם,false,,16.90,0.0751,true,1,113569
7290114310536,false,יוגורט לייט מעושר חלבון 25 גרם חלבון וניל MULLER ACTIVE,מולר Muller,,מולר אקטיב לייט יוגו,גרמים,25.00,100 גרם,false,,5.90,0.2360,true,1,139093
7290114310550,false,גבינת פטה עיזים מעודנת 5% משק צוריאל 200 גרם,מחלבת משק צוריאל,,פטה עיזים מעודנת 5%,גרמים,200.00,100 גרם,false,,22.90,0.1145,true,1,139054
7290114310611,false,"משקה חלב בננה בבקבוק פקק ספורט טרה 250 מ""ל",מילקו תעשיות בעמ,,משקה חלב בננה בבקבוק,מיליליטרים,250.00,"100 מ""ל",false,,5.50,0.0220,true,1,157048
7290114310628,false,משקה חלב וניל ועוגיות בקבוק 1 ליטר,מילקו תעשיות בעמ,,משקה חלב וניל עוגיות,ליטרים,1.00,ליטר,false,,11.90,11.9000,true,1,144725
7290114310673,false,גבינת לאבנה 9% 250 גרם,Unknown,,לאבנה מחלב בקר 9% 25,גרמים,250.00,100 גרם,false,,11.90,0.0476,true,1,139119
7290114311021,false,"משקה חלב וניל עוגיות פקק ספורט טרה 250 מ""ל",מילקו תעשיות בעמ,,משקה חלב וניל עוגיות,מיליליטרים,250.00,"100 מ""ל",false,,5.50,0.0220,true,1,267752
7290114311038,false,"שמנת מתוקה 32% עמידה בבקבוק טרה 250 מ""ל",מילקו תעשיות בעמ,,שמנת מתוקה 32% בקבוק,מיליליטרים,250.00,"100 מ""ל",false,,6.90,0.0276,true,1,267724
7290114311076,false,"חמאת מולר צהובה עם שום, 200 גרם",מולר Muller,,חמאה צהובה עם שום מו,גרמים,200.00,100 גרם,false,,10.90,0.0545,true,1,263993
7290114311298,false,יוגורט מולר פרופ בטעם תות בננה מלון 150,מולר Muller,,מולר פרופ תות בננה מ,גרמים,150.00,100 גרם,false,,5.50,0.0367,true,1,293388
7290114311304,false,יוגורט קציפת מנגו פסיפלורה בננה 150 ג' מולר,מולר Muller,,מולר פרופ מנגו פסיפל,גרמים,150.00,100 גרם,false,,5.50,0.0367,true,1,293403
7290114311328,false,חלב מועשר דל לקטוז מעושר בויטמין Dי 2% שומן טרה 1 ליטר,ג'י.אר.אמ.גרופו אלימ,,חלב נטול לקטוז טרה 1,ליטרים,1.00,ליטר,false,,7.10,7.1000,true,1,304249
7290114311359,false,יוגורט עם קציפת מנגו 3% שומן פרופ 150 ג' מולר,מולר Muller,,מולר פרופ מנגו 3% 15,גרמים,150.00,100 גרם,false,,5.50,0.0367,true,1,293389
7290114311496,false,קרטון חלב מועשר 1% שומן 1 ליטר טרה,Unknown,,קרטון חלב מועשר ויטמ,ליטרים,1.00,ליטר,false,,8.90,8.9000,true,1,322156
7290114600927,false,עלי טורטייה חיטה מלאה מאסטר שף 320 גרם,אלקאטי קורביישיסי גי,,עלי טורטיה חיטה מלאה,גרמים,320.00,100 גרם,false,,10.90,0.0341,true,1,182013
7290114600941,false,מאסטר שף מיונז הולנדי לחיץ 435 גרם,קפה לנדוור,,מאסטר שף מאסטר שף מ,גרמים,435.00,100 גרם,false,,14.90,0.0343,true,1,84394
7290114600996,false,"מאסטר שף רוטב שום 250 מ""ל",קפה לנדוור,,מאסטר שף רוטב שום 25,מיליליטרים,250.00,"100 מ""ל",false,,10.90,0.0436,true,1,84432
7290114604857,false,"דפי אורז מאסטר שף קוטר 22 ס""מ 400 גרם",מאסטר שף,,דפי אורז קוטר 22 כשל,גרמים,400.00,100 גרם,false,,9.90,0.0248,true,1,124962
7290114604949,false,מאסטר שף רוטב ברביקיו 524 גרם,רמיה סי.וי. הולנד,,מאסטר שף רוטב ברביקי,מיליליטרים,524.00,"100 מ""ל",false,,13.90,0.0265,true,1,140474
7290115190014,false,סיגריות מרלבורו רד קצר בוקס,פיליפ מוריס,,סיגריות מרלבורו חפי,יחידה,0.00,יחידה,false,,35.00,0.0000,false,1,101804
7290115190090,false,סיגריות מרלבורו גולד קצר בוקס,פיליפ מוריס,,סיגריות מרלבורו חפי,יחידה,0.00,יחידה,false,,35.00,0.0000,false,1,101817
7290115190137,false,סיגריות מרלבורו טאצ סילבר יחידה,פיליפ מוריס,,מרלבורו פיין טאצ בוד,יחידה,0.00,יחידה,false,,31.00,0.0000,false,1,101786
7290115190199,false,פרלמנט נייט ארוך חפיסה,פיליפ מוריס,,סיגריות פרלמנט (חפיס,יחידה,0.00,יחידה,false,,40.00,0.0000,false,1,143022
7290115190236,false,סיגריות פרלמנט קצר בלו בודד,פיליפ מוריס,,סיגריות פרלמנט (חפיס,יחידה,0.00,יחידה,false,,40.00,0.0000,false,1,101729
7290115190250,false,סיגריות פרלמנט קצר בודד,פיליפ מוריס,,סיגריות פרלמנט (חפיס,יחידה,0.00,יחידה,false,,40.00,0.0000,false,1,95404
7290115190359,false,סיגריות L.M בלו לייבל קצר,פיליפ מוריס,,אל אם בלו לייבל קצר,יחידה,0.00,יחידה,false,,31.00,0.0000,false,1,95405
7290115190380,false,אל אם רד לייבל פאקט,פיליפ מוריס,,אל אם רד פאקט 10*20,יחידה,0.00,יחידה,false,,300.00,0.0000,false,1,95492
7290115190397,false,סיגריות L.M קצר רד לייבל בודד,פיליפ מוריס,,אל אם רד לייבל קצר,יחידה,0.00,יחידה,false,,31.00,0.0000,false,1,95360
7290115190458,false,סיגריות נקסט פיין אדג' בודד,פיליפ מוריס,,נקסט אדג` בודד,יחידה,0.00,יחידה,false,,26.00,0.0000,false,1,109343
7290115190472,false,סיגריות נקסט פיין אדג',פיליפ מוריס,,נקסט פיין אדג` בודד,יחידה,0.00,יחידה,false,,26.00,0.0000,false,1,114589
7290115190496,false,סיגריות נקסט ארוך בודד,פיליפ מוריס,,סיגריות נקסט (בודד),יחידה,0.00,יחידה,false,,30.00,0.0000,false,1,123553
7290115190519,false,סיגריות נקסט פיין חפ,פיליפ מוריס,,סיגריות נקסט (בודד),יחידה,0.00,יחידה,false,,30.00,0.0000,false,1,101757
7290115190595,false,סיגריות נקסט אוריגינ,פיליפ מוריס,,סיגריות נקסט(בודד),יחידה,0.00,יחידה,false,,30.00,0.0000,false,1,101730
7290115190892,false,סיגריות מרלבורו פיוז'ן קפסולה בודד,פיליפ מוריס,,סיגריות מרלבורו פיוז,יחידה,0.00,יחידה,false,,28.90,0.0000,false,1,160131
7290115200713,false,במבה קלאסי מארז אחיד 8 50*5 ג',"אסם השקעות בע""\מ",,מארז במבה קלאסי אסם,גרמים,250.00,100 גרם,false,,11.90,0.0476,true,1,112851
7290115200881,false,בייגלה אסם שטוחים שומשום במליחות מעודנת 300 גר,"אסם השקעות בע""\מ",,אסם בייגלה שטוחים שו,גרמים,300.00,100 גרם,false,,10.90,0.0363,true,1,122404
7290115201451,false,טבעול גורמה לביבות בטטה קארי 455 גרם,טבעול )מקבוצת אסם השקעות,,טבעול גורמה לביבות ב,גרמים,455.00,100 גרם,false,,34.90,0.0767,true,1,293607
7290115201475,false,טבעול גורמה לביבות כרישה 434 גרם,טבעול )מקבוצת אסם השקעות,,טבעול גורמה לביבות כ,גרמים,434.00,100 גרם,false,,34.90,0.0804,true,1,293608
7290115201536,false,"טבעול גורמה לביבות כרובית ותפו""א 442 גרם",טבעול )מקבוצת אסם השקעות,,טבעול גורמה לביבות כ,גרמים,442.00,100 גרם,false,,34.90,0.0790,true,1,293609
7290115202434,false,צבר סלט חומוס עם זעתר 375 גרם,ג'נרל מילס סאן אדריא,,חומוס עם זעתר צבר 37,גרמים,375.00,100 גרם,false,,12.50,0.0333,true,1,127798
7290115202786,false,מנה חמה פאוצ' נדלס.אטר.טעם בקר 70 גרם,תאי פרזידנט,,מנה חמה פאוצ' נדלסאט,גרמים,70.00,100 גרם,false,,4.90,0.0700,true,1,139210
7290115202816,false,מנה חמה פאוץ נודלס אטריות טעם עוף 70 גרם,תאי פרזידנט,,מנה חמה פאוצ' נדלסאט,גרמים,70.00,100 גרם,false,,4.90,0.0700,true,1,139211
7290115202847,false,מנה חמה פאוצ נודלס אטריות ספייסי,תאי פרזידנט,,מנה חמה פאוצ' נדלסאט,גרמים,70.00,100 גרם,false,,4.90,0.0700,true,1,139212
7290115202939,false,מנה חמה רייס נודלס עוף פטריות אסם 50 גרם,מיוצר עי קונדיטוריית,,מנה חמה רייס נודלס ע,גרמים,50.00,100 גרם,false,,7.90,0.1580,true,1,205297
7290115202953,false,אוסם - מנה חמה רייס נודלס קארי צהוב 55 גרם,מיוצר עי קונדיטוריית,,מנה חמה רייס נודלס ק,גרמים,55.00,100 גרם,false,,7.90,0.1436,true,1,205311
7290115202977,false,אוסם - מנה חמה רייס נודלס רוטב סויה סיני 55 גרם,מיוצר עי קונדיטוריית,,מנה חמה רייס נודלס ר,גרמים,55.00,100 גרם,false,,7.90,0.1436,true,1,205312
7290115203134,false,פופקו פופקורן במבה אסם 80 גרם,"אסם השקעות בע""\מ",,פופקו פופקורן במבה 4,גרמים,80.00,100 גרם,false,,5.90,0.0738,true,1,154950
7290115203172,false,במבה PRO מכיל 18 גרם חלבון בשקית,"אסם השקעות בע""\מ",,במבה אסם 80 גרם PRO,גרמים,80.00,100 גרם,false,,4.50,0.0563,true,1,291458
7290115204056,false,"קטשופ מופחת סוכר אסם 690 גרם כשל""פ","אסם תעשיות בע""מ",,אסם קטשופ מופחת סוכר,גרמים,690.00,100 גרם,false,,11.90,0.0172,true,1,147053
7290115204155,false,סחוג אדום המעדנייה ש,פרסקו,,סחוג אדום המעדנייה ש,גרמים,190.00,100 גרם,false,,10.90,0.0574,true,1,256959
7290115204247,false,"ממרח עגבניות מיובשות 190 גרם ""צבר""",פרסקו,,עגבניות מיובשות המעד,גרמים,190.00,100 גרם,false,,14.90,0.0784,true,1,248144
7290115205176,false,פיטנס - קרקר דק כפרי פיטנס 140 גרם,אסם יקנעם,,פיטנס קרקר THIN כפרי,גרמים,140.00,100 גרם,false,,11.90,0.0850,true,1,203687
7290115205312,false,קרקר פיטנס דק עם זיתי קלמטה ועשבי תיבול,"אסם השקעות בע""\מ",,פיטנס קרקר Thin Deli,גרמים,140.00,100 גרם,false,,11.90,0.0850,true,1,281406
7290115205527,false,חטיף פיטנס מולטיגריין עם עדשים 25 גרם,"אסם השקעות בע""\מ",,פיטנס חטיף מולטגריין,גרמים,25.00,100 גרם,false,,4.90,0.1960,true,1,283643
7290115205541,false,חטיף פיטנס מולטיגריין עם חומוס 25 גרם,"אסם השקעות בע""\מ",,פיטנס חטיף מולטיגריי,גרמים,25.00,100 גרם,false,,4.90,0.1960,true,1,283659
7290115205695,false,אסם בונזור בצק מצונן לפיצה 460 גרם,נסטלה סוויס (שוויץ),,בצק מצונן לפיצה בונז,גרמים,460.00,100 גרם,false,,17.90,0.0389,true,1,222323
7290115205718,false,אסם בונזור בצק מצונן עלים 230 גרם,נסטלה סוויס (שוויץ),,בצק עלים מצונן בונז',גרמים,230.00,100 גרם,false,,13.90,0.0604,true,1,222337
7290115207484,false,צבר סלט חציל על האש היתר 360 גרם,ג'נרל מילס סאן אדריא,,חציל על האש היתר צבר,גרמים,400.00,100 גרם,false,,16.90,0.0422,true,1,230179
7290115207620,false,"אסם רוטב בסגנון סויה קלאסי 290 מ""ל","אסם השקעות בע""\מ",,אסם רוטב בסגנון סויה,מיליליטרים,320.00,"100 מ""ל",false,,12.90,0.0403,true,1,281297
7290115207682,false,אסם רוטב בסגנון סויה סיני 9*290מל חדש,"אסם השקעות בע""\מ",,אסם רוטב בסגנון סויה,מיליליטרים,330.00,"100 מ""ל",false,,11.90,0.0361,true,1,281241
7290115207811,false,"טבעול נקניקיות טבעוניות, 418 גרם","טבעול תעשיות מזון בע""\מ",,נקניקיות טבעוניות טב,גרמים,418.00,100 גרם,false,,34.90,0.0835,true,1,291022
7290115207941,false,סירופ אננס ויטמינצ'יק 1 ליטר,בית-השיטה עסיס תעשיות מז,,ויטמינצ'יק אננס 1 לי,ליטרים,1.00,ליטר,false,,22.50,22.5000,true,1,235581
7290115207989,false,ויטמינצ'יק תרכיז לימון 1 ליטר,בית-השיטה עסיס תעשיות מז,,ויטמינצ'יק לימון 1 ל,ליטרים,1.00,ליטר,false,,22.50,22.5000,true,1,235597
7290115208009,false,ויטמינצ'יק ענבים סירופ 1 ליטר,בית-השיטה עסיס תעשיות מז,,ויטמינצ'יק ענבים 1 ל,ליטרים,1.00,ליטר,false,,22.50,22.5000,true,1,235598
7290115208047,false,סירופ פטל ויטמינצ'יק 1 ליטר,בית-השיטה עסיס תעשיות מז,,ויטמינצ'יק פטל 1 ליט,ליטרים,1.00,ליטר,false,,22.50,22.5000,true,1,235582
7290115208061,false,סירופ תפוח ויטמינצ'יק 1 ליטר,בית השיטה עסיס תעשיות מז,,ויטמינצ'יק תפוח 1 לי,ליטרים,1.00,ליטר,false,,22.50,22.5000,true,1,235599
7290115208320,false,אפרופו חטיף בטעם ביסלי בצל 50 גרם,"אסם השקעות בע""\מ",,אפרופו בטעם ביסלי בצ,גרמים,50.00,100 גרם,false,,5.00,0.1000,true,1,326443
7290115208344,false,בייגלה כפיות שמנת בצל אסם 300 גרם,"אסם השקעות בע""\מ",,אסם בייגלה כפיות שמנ,גרמים,300.00,100 גרם,false,,10.90,0.0363,true,1,295308
7290115208801,false,לחמית דבש ואגוזים אסם 190 גרם,לחמית,,לחמית דבש ואגוזים 19,גרמים,190.00,100 גרם,false,,10.90,0.0574,true,1,295323
7290115209136,false,טבעול חטיפי עוף צמחי העדה החרדית 6*1.2קג,"טבעול תעשיות מזון בע""\מ",,חטיפים צמחוניים בטעם,קילוגרמים,1.20,"100 ק""ג",false,,39.90,33.2500,true,1,304130
7290115209174,false,במבה אורירית קלאסי 60 גר',אסם השקעות בעמ,,במבה אורירית 60 גרם,גרמים,80.00,100 גרם,false,,4.50,0.0563,true,1,307822
7290115209198,false,במבה אוורירית אסם 80 גרם,"אסם תעשיות בע""מ",,במבה אורירית 80 גרם,גרמים,80.00,100 גרם,false,,4.50,0.0563,true,1,283674
7290115209358,false,במבה במילוי בראוניז אסם 60 גרם,"אסם השקעות בע""\מ",,במבה במילוי בראוניז,גרמים,60.00,100 גרם,false,,4.50,0.0750,true,1,326141
7290115209372,false,במבה במילוי בראוניז 150ג' אסם,"אסם השקעות בע""\מ",,במבה במילוי בראוניז,גרמים,150.00,100 גרם,false,,10.00,0.0667,true,1,326156
7290115403299,false,עוגיות פרפריות 450 גרם,"שיבולים א.ד.ל ק""\א",,עוגיות פרפריות אדל 4,גרמים,450.00,100 גרם,false,,15.90,0.0353,true,1,269841
7290115403312,false,עוגיות מלוחות קריספי 450,,,עוגיות מלוחות קריספי,גרמים,450.00,100 גרם,false,,15.90,0.0353,true,1,269843
7290115403350,false,עוגיות רשת שוקו מסוכרות,ק.א. ומשווק בבלעדיות על,,עוגיות רשת שוקו מסוכ,גרמים,450.00,100 גרם,false,,15.90,0.0353,true,1,269846
7290115403367,false,עוגיות קוואקר פריכות 500,,,עוגיות קוואקר פריכות,גרמים,500.00,100 גרם,false,,15.90,0.0318,true,1,269847
7290115403404,false,עוגיות פרפריות שוקו 450,"שיבולים א.ד.ל ק""\א",,עוגיות פרפריות שוקו,גרמים,450.00,100 גרם,false,,15.90,0.0353,true,1,269851
7290115403435,false,עוגיות מעמול תמר 500 גרם,שיבולים א.ד.ל )ק.א(,,עוגיות מעמול תמר אדל,גרמים,500.00,100 גרם,false,,15.90,0.0318,true,1,269854
7290115403442,false,עוגיות ממולאות שוקולד,,,עוגיות ממולאות בטעם,גרמים,500.00,100 גרם,false,,15.90,0.0318,true,1,269855
7290115403459,false,עוגיות נסיכה בטעם תות 50,שיבולים א.ד.ל )ק.א(,,עוגיות נסיכה בטעם תו,גרמים,500.00,100 גרם,false,,15.90,0.0318,true,1,269856
7290115403466,false,עוגיות נסיכה מיקס 500 גר,שיבולים א.ד.ל )ק.א(,,עוגיות נסיכה מיקס אד,גרמים,500.00,100 גרם,false,,15.90,0.0318,true,1,269857
7290115403480,false,עוגיות בסגנון מרוקאי 500,,,עוגיות בסגנון מרוקאי,גרמים,500.00,100 גרם,false,,15.90,0.0318,true,1,269859
7290115403510,false,עוגיות מגולגלות תמרים,,,עוגיות מגולגלות תמרי,גרמים,500.00,100 גרם,false,,15.90,0.0318,true,1,269861
7290115403527,false,עוגיות עינוגי תמרים 500ג,,,עוגיות עינוגי תמרים,גרמים,500.00,100 גרם,false,,15.90,0.0318,true,1,269862
7290115403565,false,עוגיות קיפל וניל 500 גרם,,,עוגיות קיפל וניל אדל,גרמים,500.00,100 גרם,false,,15.90,0.0318,true,1,269866
7290115410068,false,חציל במיונז סלטי היום 400 גרם,סלטי היום - קפוא זן,,חציל במיונז 400 גרם,גרמים,400.00,100 גרם,false,,10.90,0.0273,true,1,180261
7290115410075,false,טחינה סלטי היום 400 גרם,סלטי היום - קפוא זן,,טחינה 400 גרם סלטי ה,גרמים,400.00,100 גרם,false,,10.90,0.0273,true,1,180246
7290115410082,false,טורקי סלטי היום 400 גרם,סלטי היום - קפוא זן,,טורקי 400 גרם סלטי ה,גרמים,400.00,100 גרם,false,,10.90,0.0273,true,1,180262
7290115410099,false,מטבוחה סלטי היום 400 גרם,סלטי היום - קפוא זן,,מטבוחה 400 גרם סלטי,גרמים,400.00,100 גרם,false,,10.90,0.0273,true,1,180263
7290115410112,false,חומוס סלטי היום 400 גרם,סלטי היום - קפוא זן,,חומוס 400 גרם סלטי ה,גרמים,400.00,100 גרם,false,,10.90,0.0273,true,1,180247
7290115410150,false,כרוב אדום סלטי היום 400 גרם,סלטי היום - קפוא זן,,כרוב אדום 400 גרם סל,גרמים,400.00,100 גרם,false,,10.90,0.0273,true,1,241631
7290115410549,false,המעדניה חומוס ירושלים 250 גר',סלטי היום - קפוא זן,,חומוס מסעדות המעדניה,גרמים,250.00,100 גרם,false,,10.90,0.0436,true,1,180143
7290115410556,false,המעדניה חומוס מסבחה ירוק 250 גר',סלטי היום - קפוא זן,,חומוס מסבחה 250 גרם,גרמים,250.00,100 גרם,false,,10.90,0.0436,true,1,180183
7290115410563,false,המעדניה חומוס מסבחה חריף אדום 250 גר',סלטי היום - קפוא זן,,חומוס מסבחה חריף 250,גרמים,250.00,100 גרם,false,,10.90,0.0436,true,1,180184
7290115410587,false,טחינה לבנה 250 גרם המעדניה,סלטי היום - קפוא זן,,טחינה לבנה 250 גרם -,גרמים,250.00,100 גרם,false,,10.90,0.0436,true,1,180199
7290115410594,false,חציל תאילנדי 250 גרם המעדניה,סלטי היום - קפוא זן,,חציל תאילנדי 250 גרם,גרמים,250.00,100 גרם,false,,10.90,0.0436,true,1,180200
7290115410600,false,חציל במיונז 250 גרם המעדניה,סלטי היום - קפוא זן,,חציל במיונז 250 גרם-,גרמים,250.00,100 גרם,false,,10.90,0.0436,true,1,180215
7290115410631,false,חציל בטעם כבד 250 גרם המעדניה,סלטי היום - קפוא זן,,חציל בטעם כבד 250 גר,גרמים,250.00,100 גרם,false,,10.90,0.0436,true,1,180218
7290115411928,false,סלט תפוחי אדמה סלטי היום 400 גרם,סלטי היום - קפוא זן,,"תפו""א 400 גרם סלטי ה",גרמים,400.00,100 גרם,false,,10.90,0.0273,true,1,180265
7290115480016,false,סוד פאוור קאפס לכביסה צבעונית 26 יחי,סוד,,סוד קפסולות ג'ל 3+1,100 יח',26.00,100 יח',false,,29.90,1.1500,true,1,281119
7290115480023,false,סוד פאוור קאפס לכביסה צבעונית 45 יחי,הנקל,,סוד קפסולות ג'ל 3+1,100 יח',45.00,100 יח',false,,39.90,0.8867,true,1,281120
7290115671339,false,מיני פינוקיות בראוניז בייגל בוטן עלית 180 ג' עלית,"הגביע מוצרי ופלים בע""\מ",,מיני פינוקיות בראוני,גרמים,180.00,100 גרם,false,,10.90,0.0606,true,1,169494
7290115671346,false,מיני פינוקיות טופי קרמל מלוח עלית 180 גרם,"הגביע מוצרי ופלים בע""\מ",,מיני פינוקיות במילוי,גרמים,180.00,100 גרם,false,,10.90,0.0606,true,1,169508
7290115671353,false,מיני פינוקיות עוגיות קקאו במילוי קרם בטעם וניל,"הגביע מוצרי ופלים בע""\מ",,מיני פינוקיות שחור ל,גרמים,180.00,100 גרם,false,,10.90,0.0606,true,1,219776
7290115677089,false,קונפיטורת יד מרדכי תפוח וקינמון 340 גרם,"בית אל מזון בע""מ",,קונפיטורת תפוח וקינמ,גרמים,340.00,100 גרם,false,,12.90,0.0379,true,1,165135
7290115678376,false,מעדן הגולן שוקולד 125 גרם,מיוצר עי קונדיטוריית,,מעדן הגולן מעדן חלב,גרמים,125.00,100 גרם,false,,2.90,0.0232,true,1,171139
7290115678383,false,מעדן הגולן שוקולד מריר 125 גרם,מיוצר עי קונדיטוריית,,מעדן הגולן מעדן חלב,גרמים,125.00,100 גרם,false,,2.90,0.0232,true,1,171153
7290116270715,false,פילה ברבוניה ארוז בו,,,פילה ברבוניה ארוז בו,יחידה,0.00,יחידה,false,,24.90,0.0000,true,1,249843
7290116531496,false,קינמונים דגנים פריכים מצופים 375 גרם,"נאוג'\אזיס נווזיס ,UAB ג",,דגני בוקר קינמונים ת,גרמים,375.00,100 גרם,false,,20.90,0.0557,true,1,247952
7290116531779,false,דפים ריחניים למייבש כביסה בדין כחול 40 יחידות,"קלינטסט - 3p ארה""ב",,בדין דפי מייבש כחול,יחידה,0.00,יחידה,false,,16.90,0.0000,true,1,227329
7290116532769,false,גרנולה פרוטאין גרנולה חלבון תפוח וקינמון תלמה 300 גרם,חטיפי העמק,,גרנולה פרוטאין בתוספ,גרמים,300.00,100 גרם,false,,17.90,0.0597,true,1,284142
7290116533063,false,דגני בוקר שוגי קרטיב ענבים 400 גרם,"יוניליוור שפע ישראל בע""\",,שוגי דגני בוקר בטעם,גרמים,400.00,100 גרם,false,,20.90,0.0522,true,1,284169
7290116930244,false,"שמיניית יוגורט תנובה 1.5% בד""צ 150 גרם",תנובה מרכז שיתופי לש,,מארז יוגורט 1.5% תנו,קילוגרמים,1.20,"100 ק""ג",false,,16.90,14.0833,true,1,264079
7290116930459,false,"יופלה שייק מנגו בננה אננס וקוקוס 230 מ""ל",קבוצת המזון אקטשלאר,,יופלה SHAKE בננה אנ,מיליליטרים,230.00,"100 מ""ל",false,,7.90,0.0343,true,1,292544
7290116930466,false,"משקה SHAKE בננה מנגן פסיפלורה והל 230 מ""ל יופלה",קבוצת המזון אקטשלאר,,יופלה SHAKE מנגו בנ,מיליליטרים,230.00,"100 מ""ל",false,,7.90,0.0343,true,1,292545
7290116930565,false,"משקה תה קר עם חלב בטעם צ'אי מסאלה 230 מ""ל תנובה",תנובה בעמ,,תה קר עם חלב בטעם צ',מיליליטרים,230.00,"100 מ""ל",false,,6.90,0.0300,true,1,292548
7290116930626,false,ארוחה בקטנה ציזיקי עם קרקרים 150ג' תנובה,תנובה חלב,,ציזיקי עם קרקרים תנו,גרמים,150.00,100 גרם,false,,7.90,0.0527,true,1,292488
7290116930657,false,"משקה חלב גו בטעם בננה תמר בתוספת שיבולת שועל במרקם חלק 340 מ""ל",תנובה מרכז שיתופי לש,,משקה GO בננה תמר עם,מיליליטרים,340.00,"100 מ""ל",false,,7.90,0.0232,true,1,340840
7290116930718,false,מעדן תנובה דיאט בטעם שוקולד וקרמל מלוח 0% 150ג' תנובה,"תנובה בע""\מ",,מעדן דיאט בטעם שוקו,גרמים,150.00,100 גרם,false,,3.90,0.0260,true,1,294160
7290116930954,false,יוגורט טעם פאי תפוחים 3% 150 ג' יופלה,"תנובה בע""\מ",,יופלה בטעם פאי תפוחי,מיליליטרים,150.00,"100 מ""ל",false,,4.90,0.0327,true,1,340793
7290116931074,false,פרוסות טל העמק 32% שומן 300 גרם,"תנובה בע""\מ",,גבינת טל העמק 32% שו,גרמים,300.00,100 גרם,false,,26.90,0.0897,true,1,303625
7290117260593,false,חטיף קראנצ'י על בסיס קמח עדשים בטעם צ'דר 80 ג',וילי פוד,,חטיף קראנצ'י על בסיס,גרמים,80.00,100 גרם,false,,7.90,0.0988,true,1,324455
7290117261514,false,סלמון אטלנטי בשמן קנולה ולימון 120 גרם ויליפוד,קריות זול,,סלמון אטלנטי בשמן קנ,גרמים,120.00,100 גרם,false,,10.90,0.0908,true,1,322044
7290117261538,false,סלמון אטלנטי בשמן קנולה וצילי 120 גרם ויליפוד,קריות זול,,סלמון אטלנטי בשמן קנ,גרמים,120.00,100 גרם,false,,10.90,0.0908,true,1,322046
7290117261569,false,סלמון אטלנטי מעושן בשמן קנולה 120 גרם ויליפוד,קריות זול,,סלמון אטלנטי מעושן ב,גרמים,120.00,100 גרם,false,,10.90,0.0908,true,1,322049
7290117261590,false,סרדינים בריסלינג מעושנים בשמן זית 185 גרם צנצנת,גולדן פרייז קאנינג אל.טי,,סרדינים בריסלינג מעו,גרמים,185.00,100 גרם,false,,13.90,0.0751,true,1,322029
7290117383711,false,"מארז זוג תחליב רחצה חלב ודבש *750 מ""ל פלמוליב",קולגייט פלמוליב,,פלמוליב חלב ודבש 750,ליטרים,1500.00,100 ליטר,false,,30.00,0.0200,true,1,334547
7290117383728,false,"מארז זוג תחליב רחצה לומינוס  אבוקדו 750 מ""ל פלמוליב",קולגייט פלמוליב,,פלמוליב לומינוס אבוק,ליטרים,1500.00,100 ליטר,false,,30.00,0.0200,true,1,334548
7290117383735,false,"מארז זוג תחליב רחצה חימר ורדים *750 מ""ל פלמוליב",קולגייט פלמוליב,,פלמוליב חימר ורדים 7,ליטרים,1500.00,100 ליטר,false,,30.00,0.0200,true,1,334549
7290117383742,false,"מארז זוג ג'ל רחצה לגבר 750 מ""ל פלמוליב",קולגייט פלמוליב,,פלמוליב גבר מרענן 75,ליטרים,1500.00,100 ליטר,false,,30.00,0.0200,true,1,334550
7290117383780,false,מארז זוג סבון גוף ארומה מסאז' גרגירי פילינג,קולגייט פלמוליב,,פלמוליב ארומה מסאג',ליטרים,1500.00,100 ליטר,false,,30.00,0.0200,true,1,334551
7290117760819,false,כפפות ניטריל כחולות,,,כפפות ניטריל כחולות,יחידה,0.00,יחידה,false,,24.90,0.0000,true,1,333673
7290117760833,false,כפפות ניטריל שחורות L 100 יח',,,כפפות ניטריל כחולות,יחידה,0.00,יחידה,false,,24.90,0.0000,true,1,333675
7290117760840,false,כפפות ניטריל שחורות XL 100 יח',,,כפפות ניטריל כחולות,יחידה,0.00,יחידה,false,,24.90,0.0000,true,1,333676
7290117823798,false,בדיקה עצמית מהירה לזיהוי אנטיגן - 5 בדיקות,שמחה זה אנחנו,,בדיקה עצמית מהירה לז,יחידה,0.00,יחידה,false,,39.90,0.0000,true,1,234479
7290117860038,false,"הוואי - תחליב רחצה יוגורט בניחוח אוכמניות 700 מ""ל","טרופיקל דגיל בע""\מ",,תחליב רחצה יוגורט בנ,מיליליטרים,700.00,"100 מ""ל",false,,14.90,0.0213,true,1,335459
7290117860045,false,שמפו תמציות אלוורה ותה ירוק לשיער רגיל,"טרופיקל גליל בע""מ",,שמפו מטפח לשיער רגיל,מיליליטרים,700.00,"100 מ""ל",false,,14.90,0.0213,true,1,331688
7290117860083,false,"הוואי קרם רחצה יוגורט בניחוח אירוס זהוב ודבש 700 מ""ל","טרופיקל דגיל בע""\מ",,תחליב רחצה בניחוח אי,מיליליטרים,700.00,"100 מ""ל",false,,14.90,0.0213,true,1,335460
7290117860090,false,מרכך תמציות אלוורה ותה ירוק לשיער רגיל,"טרופיקל דגיל בע""\מ",,מרכך מטפח לשיער רגיל,מיליליטרים,700.00,"100 מ""ל",false,,14.90,0.0213,true,1,331689
7290117860137,false,"הוואי קרם רחצה יוגורט בניחוח פרח הקמליה 700 מ""ל","טרופיקל גליל בע""מ",,תחליב רחצה בניחוח פר,מיליליטרים,700.00,"100 מ""ל",false,,14.90,0.0213,true,1,335461
7290117860144,false,הוואי שמפו פירות אקזוטיים וקלנדולה 700,"טרופיקל גליל בע""מ",,שמפו נגד קשקשים הווא,מיליליטרים,700.00,"100 מ""ל",false,,14.90,0.0213,true,1,331690
7290117860182,false,"הוואי - תחליב רחצה בניחוח מגנוליה ושמן שקדים 700 מ""ל","טרופיקל דגיל בע""\מ",,תחליב רחצה בניחוח מג,מיליליטרים,700.00,"100 מ""ל",false,,14.90,0.0213,true,1,335462
7290117860199,false,שמפו שמן ורד הבר ושמן מקדמיה לשיער יבש,"טרופיקל דגיל בע""\מ",,שמפו לשיער יבש הוואי,מיליליטרים,700.00,"100 מ""ל",false,,14.90,0.0213,true,1,331691
7290117860236,false,"הוואי - קרם רחצה בניחוח ויולה ורודה 700 מ""ל","טרופיקל דגיל בע""\מ",,תחליב רחצה בניחוח וי,מיליליטרים,700.00,"100 מ""ל",false,,14.90,0.0213,true,1,335463
7290117860243,false,"הוואי - מרכך מעניק לחות לשיער יבש 700 מ""ל","טרופיקל גליל בע""מ",,מרכך לשיער יבש הוואי,מיליליטרים,700.00,"100 מ""ל",false,,14.90,0.0213,true,1,331692
7290117860298,false,שמפו קומפלקס קרטין לשיער עדין או חלש,"טרופיקל גליל בע""מ",,שמפו קרטין מחזק הווא,מיליליטרים,700.00,"100 מ""ל",false,,14.90,0.0213,true,1,337040
7290117860397,false,שמפו תמצית פריחת הדובדבן לשיער רגיל,"טרופיקל גליל בע""מ",,שמפו פריחת הדובדבן ה,מיליליטרים,700.00,"100 מ""ל",false,,14.90,0.0213,true,1,331693
7290117860496,false,"הוואי שמפו + מרכך 2 ב-1 לגבר 700 מ""ל-חדש","טרופיקל גליל בע""מ",,שמפו לגבר + מרכך 2ב-,מיליליטרים,700.00,"100 מ""ל",false,,14.90,0.0213,true,1,331695
7290117860540,false,הוואי שמפו לילדים רוזמרין מנגו ומשמש 700,"טרופיקל דגיל בע""\מ",,שמפו הוואי ילדים 700,מיליליטרים,0.00,"100 מ""ל",false,,14.90,0.0000,true,1,331696
7290117860595,false,הוואי מרכך לילדים רוזמרין מנגו ומשמש 700,"טרופיקל גליל בע""מ",,מרכך הוואי מתיר קשרי,מיליליטרים,700.00,"100 מ""ל",false,,14.90,0.0213,true,1,337042
7290117860649,false,הוואי שמפו קרטין קיק ללא סולפטים 700 מל,"טרופיקל גליל בע""מ",,שמפו ללא סולפטים הוו,מיליליטרים,700.00,"100 מ""ל",false,,14.90,0.0213,true,1,337043
7290117860694,false,הוואי מרכך קרטין קיק ללא סולפטים 700 מל,"טרופיקל גליל בע""מ",,מרכך ללא סולפטים הוו,מיליליטרים,700.00,"100 מ""ל",false,,14.90,0.0213,true,1,337044
7290117860748,false,הוואי שמפו תמצית יסמין מעניק נפח 700 מל,"טרופיקל גליל בע""מ",,שמפו מעניק נפח הוואי,מיליליטרים,700.00,"100 מ""ל",false,,14.90,0.0213,true,1,337045
7290117860793,false,הוואי מרכך תמצית יסמין מעניק נפח 700 מל,"טרופיקל דגיל בע""\מ",,מרכך מעניק נפח הוואי,מיליליטרים,700.00,"100 מ""ל",false,,14.90,0.0213,true,1,337046
7290117860847,false,"הוואי רעננות מושלמת לגבר לשיער, גוף, פנים וזקן","טרופיקל גליל בע""מ",,שמפו 4 ב 1 לגבר רעננ,מיליליטרים,700.00,"100 מ""ל",false,,14.90,0.0213,true,1,337047
7290117860892,false,"הוואי - תחליב רחצה יוגורט בניחוח וניל ודבש 700 מ""ל","טרופיקל דגיל בע""\מ",,תחליב רחצה יוגורט בנ,מיליליטרים,700.00,"100 מ""ל",false,,14.90,0.0213,true,1,335467
7290117860946,false,"הוואי תחליב רחצה יוגורט בניחוח קוקוס 700 מ""ל","טרופיקל דגיל בע""\מ",,תחליב רחצה יוגורט בנ,מיליליטרים,700.00,"100 מ""ל",false,,14.90,0.0213,true,1,335468
7290117900949,false,בוטנים מצופים אמריקאים 250 גרם,"שקדיה גבע תעשיות בע""",,בוטנים מצופים אמריק,גרמים,250.00,100 גרם,false,,10.90,0.0436,true,1,285262
7290117900956,false,תערובת פיצוחים קלויים ששון הקולה 180 גרם,"שקדיה גבע תעשיות בע""",,תערובת פיצוחים קלויי,גרמים,180.00,100 גרם,false,,15.90,0.0883,true,1,285263
7290117900963,false,בוטנים קלויים ששון ה,דין שיווק וקלייה בעמ,,בוטנים קלויים 270 גר,גרמים,270.00,100 גרם,false,,10.90,0.0404,true,1,285264
7290117900970,false,שקדים קלויים ששון הקולה 180 גם,דין שיווק וקלייה בעמ,,שקד קלוי 180 גרם,גרמים,180.00,100 גרם,false,,15.90,0.0883,true,1,285265
7290117901007,false,פיסטוקים קלויים ששון הקולה 130 גרם,"שקדיה גבע תעשיות בע""",,פיסטוק קלוי 130 גרם,גרמים,130.00,100 גרם,false,,15.90,0.1223,true,1,285268
7290117901014,false,קשיו קלוי ששון הקולה 160 גרם,"שקדיה גבע תעשיות בע""",,קשיו קלוי 160 גרם,גרמים,160.00,100 גרם,false,,15.90,0.0994,true,1,285269
7290117901021,false,קבוקים בוטנים מצופים עם שומשום 220 גרם,"שקדיה גבע תעשיות בע""",,קבוקים בוטנים מצופים,גרמים,220.00,100 גרם,false,,10.90,0.0495,true,1,285270
7290117901045,false,בוטן רביולי ששון הקולה 200 גרם,דין שיווק וקלייה בעמ,,בוטן רביולי 200 גרם,גרמים,200.00,100 גרם,false,,15.90,0.0795,true,1,285272
7290117901052,false,שקדים קלופים ששון הק,"שקדיה גבע תעשיות בע""",,שקד קלוף 180 גרם,גרמים,180.00,100 גרם,false,,15.90,0.0883,true,1,285273
7290118420071,false,במבה ביסלי ברביקיו מיקס 80ג' אסם,"אסם השקעות בע""\מ",,במבה ביסלי ברביקיו מ,גרמים,80.00,100 גרם,false,,4.50,0.0563,true,1,326185
7290118420477,false,אסם בייגלה שטוחים בטעם ביסלי בצל 300 גרם,"אסם תעשיות בע""מ",,בייגלה שטוחים בטעם ב,גרמים,300.00,100 גרם,false,,10.90,0.0363,true,1,326426
7296021131394,false,"סכין מולטי 14 ס""מ 1.5 מ""מ",,,סכין מולטי משוננת מ,יחידה,0.00,יחידה,false,,19.90,0.0000,true,1,28465
7296021146411,false,תבנית CS לאפיה מלבן,,,תבנית CS לאפיה מלבן,יחידה,0.00,יחידה,false,,99.90,0.0000,true,1,247180
7296021146442,false,תבנית לאפיה קפיץ 28,,,תבנית CS לאפיה קפיץ,יחידה,0.00,יחידה,false,,129.90,0.0000,true,1,45246
7296021288623,false,"סיר בישוול 20 ס""מ 3.",,,"סיר בישוול 20 ס""מ 3.",יחידה,0.00,יחידה,false,,333.00,0.0000,true,1,310008
7296102061923,false,מטאטא ב ביו,,,מטאטא ב ביו,יחידה,0.00,יחידה,false,,15.90,0.0000,true,1,94049
7296102110607,false,מטאטא שיער סוס,,,מטאטא שיער סוס,יחידה,0.00,יחידה,false,,19.90,0.0000,true,1,87356
7296102210710,false,סט 4 קופסאות מרובע,,,סט 4 קופסאות מרובע,יחידה,0.00,יחידה,false,,19.90,0.0000,true,1,233213
7296102266120,false,קרש חיתוך פלסטיק ק',,,קרש חיתוך פלסטיק ק',יחידה,0.00,יחידה,false,,11.90,0.0000,true,1,124843
7296102521731,false,סט 4 קופסאות פלסטיק,,,סט 4 קופסאות פלסטיק,יחידה,0.00,יחידה,false,,19.90,0.0000,true,1,201612
7296102521748,false,סט 4 קופסאות פלסטיק,,,סט 4 קופסאות פלסטיק,יחידה,0.00,יחידה,false,,19.90,0.0000,true,1,201613
7296102521755,false,סט 4 קופסאות פלסטיק,,,סט 4 קופסאות פלסטיק,יחידה,0.00,יחידה,false,,19.90,0.0000,true,1,201614
7296102831571,false,סט 4 כוסות פלסטיק 41,,,סט 4 כוסות לשתיה,יחידה,0.00,יחידה,false,,15.00,0.0000,true,1,233045
7297028161582,false,עשיריית גרבי אקטיב נשים 36-41,,,עשיריית גרבי נשים,יחידה,0.00,יחידה,false,,29.90,0.0000,true,1,191643
7297070001706,false,אליזי 70 אטום - גרביון ילדות דיגום אטום,,,גרבי אליזי 60 אטום,יחידה,0.00,יחידה,false,,17.90,0.0000,true,1,43815
7297094010982,false,סינר תינוק,,,סינר תינוק,יחידה,0.00,יחידה,false,,12.90,0.0000,true,1,242128
7297094011002,false,שלישיית חיתולי טטרה בנים,,,חיתולי בד בנים מודפס,יחידה,0.00,יחידה,false,,29.90,0.0000,true,1,52252
7297292000051,false,קטיפה עבודת יד לילדים,,,כיפה קטיפה עבודת יד,יחידה,0.00,יחידה,false,,23.00,0.0000,true,1,11987
7297292000303,false,בדית 18 יח גדול,,,בדית 18 יח גדול,יחידה,0.00,יחידה,false,,5.90,0.0000,true,1,11989
7297292000310,false,בד צח סריגית רך ועדין 18 יח',כ.כיפות שיווק וסחר,,סריגית 80*80,יחידה,0.00,יחידה,false,,6.90,0.0000,true,1,11990
7297292000341,false,כיפה פלוש אמריקאי קטן,,,כיפה פלוש אמריקאי קט,יחידה,0.00,יחידה,false,,15.50,0.0000,true,1,11991
7297292000372,false,כיפה פלוש אמריקאי גדול,,,כיפה פלוש אמריקאי גד,יחידה,0.00,יחידה,false,,17.00,0.0000,true,1,11993
7297292000389,false,בדי טהרה - שלישייה,,,בדי טהרה שלישייה,יחידה,0.00,יחידה,false,,15.90,0.0000,true,1,11994
7297292000426,false,בדי טהרה היגיינים 18 יחי,,,בדי טהרה בדית 18 יח',יחידה,0.00,יחידה,false,,5.90,0.0000,true,1,11995
7297373004404,false,רב מגבת לבן 800 גרם,,,רב מגבת לבן 800 גרם,יחידה,0.00,יחידה,false,,18.90,0.0000,true,1,308249
7297461005986,false,מפת שולחן ג'אקרד ( 1,,,מפת שולחן ג'אקרד ( 1,יחידה,0.00,יחידה,false,,49.90,0.0000,true,1,233576
7297488097995,false,גרנולה דבש ללא גלוטן 250 גרם דגש,תות תעשיות מזון (201,,דגש גרנולה דבש 250 ג,גרמים,250.00,100 גרם,false,,14.50,0.0580,true,1,106159
7297488098152,false,דגש קמח חומוס ללא גל,אף.סי תבליני בגליל ב,,דגש קמח חומוס ללא גל,גרמים,500.00,100 גרם,false,,15.90,0.0318,true,1,106318
7297488098183,false,קמח אורז ללא גלוטן 500 ג,"תבליני העליון בע""מ",,דגש קמח אורז ללא גלו,גרמים,500.00,100 גרם,false,,11.90,0.0238,true,1,106290
7297488098299,false,קמח טפיוקה ללא גלוטן500ג,אף סי תבליני הגליל ב,,דגש קמח טפיוקה 500 ג,גרמים,500.00,100 גרם,false,,6.90,0.0138,true,1,106277
7297488098305,false,קמח שקדים ללא גלוטן,תות תעשיות מזון (201,,דגש קמח שקדים 250 גר,גרמים,250.00,100 גרם,false,,24.90,0.0996,true,1,106349
7297488098688,false,דגש פצפוצי אורז מלא ללא תוספת סוכר ומלח 450 גרם,משובח תעשיות מזון,,דגש פצפוצי אורז מלא,גרמים,450.00,100 גרם,false,,19.90,0.0442,true,1,106333
7297488099753,false,דגש -עוגיות בטעם שוקולד וקוקוס 250 גרם,תות תעשיות מזון (201,,דגש עוגיות בטעם שוקו,גרמים,250.00,100 גרם,false,,24.90,0.0996,true,1,106560
7297488099760,false,דגש -עוגיות בטעם חלבה 250 גרם,דגש- דוכן גן שמואל,,דגש עוגיות בטעם חלבה,גרמים,250.00,100 גרם,false,,24.90,0.0996,true,1,106561
7297488199620,false,פצפוצי אורז מלא תפוח ללא גלוטן,דגש- דוכן גן שמואל,,דגש פצפוצי אורז מלא,גרמים,450.00,100 גרם,false,,19.90,0.0442,true,1,106334
7297588028455,false,מטריה סיליקון חצי או,,,מטריה סיליקון חצי או,יחידה,0.00,יחידה,false,,39.90,0.0000,true,1,96960
7297588028479,false,מטריה סיליקון חצי או,,,מטריה סיליקון חצי או,יחידה,0.00,יחידה,false,,39.90,0.0000,true,1,96962
7394376616778,false,אוטלי משקה שיבולת שועל להקצפה בריסטה 1 ליטר,טרנסומס פוד,,משקה שיבולת שועל להק,ליטרים,1.00,ליטר,false,,17.90,17.9000,true,1,80559
7450014901320,false,נעלי בית חורף נשים,,,נעלי בית חורף נשים,יחידה,0.00,יחידה,false,,39.90,0.0000,true,1,31518
7450026800420,false,נעלי בית חורף גברים,,,נעלי בית חורף גברים,יחידה,0.00,יחידה,false,,39.90,0.0000,true,1,31525
7450026800499,false,נעלי בית חורף גברים,,,נעלי בית חורף גברים,יחידה,0.00,יחידה,false,,39.90,0.0000,true,1,31530
7501049936945,false,"שישיית בירה סול בקבוק 330 מ""ל",פארייפאבה אגרואינדוס,,מארז שישייה בירה סול,ליטרים,1.98,ליטר,false,,36.90,18.6364,true,1,68798
7501064191398,false,שישיית בירה קורונה אקסטרא *355 מל,קריניציה ויטמינה אס,,קורונה מארז שישיה 6*,ליטרים,2.13,ליטר,false,,38.90,18.2629,true,1,29625
7509546057545,false,ליידי ספיד סטיק פרו 5 סטיק 45 גרם,קולגייט פלמוליב,,דיאודורנט סטיק פרו 5,גרמים,45.00,100 גרם,false,,19.90,0.4422,true,1,254536
7610100034084,false,מיונז טומי בשפורפרת 265 גרם,נסטלה שוויץ ס.א,,מיונז טומי 265 גרם,גרמים,265.00,100 גרם,false,,14.90,0.0562,true,1,12827
7613030979647,false,דגני בוקר טריקס פירות עולם היורה 480 ג',ג'נרל מילס סאן אדריא,,דגני בוקר טריקס 480,גרמים,480.00,100 גרם,false,,27.90,0.0581,true,1,19443
7613035548374,false,דגני בוקר גולדן מיניס מחיטה מלאה ותירס,נסטלה פולין דגני בוק,,דגני בוקר גולדן מיני,גרמים,570.00,100 גרם,false,,27.90,0.0489,true,1,19491
7613035807778,false,פרפקטו רוטב עגבניות לבולונז אסם 400 גרם,אסם פרפקטו Perfecto,,פרפקטו רוטב עגבניות,גרמים,400.00,100 גרם,false,,9.90,0.0248,true,1,19498
7613035809109,false,פרפקטו רוטב עגבניות ובזיליקום אסם 400 גרם,אסם פרפקטו Perfecto,,פרפקטו רוטב עגבניות,גרמים,400.00,100 גרם,false,,9.90,0.0248,true,1,19499
7613035809857,false,פרפקטו רוטב עגבניות לפסטה ולבישול אסם 400 גרם,אסם פרפקטו Perfecto,,פרפקטו רוטב עגבניות,גרמים,400.00,100 גרם,false,,9.90,0.0248,true,1,19501
7613036314114,false,נסקפה גולד Gold קפה נמס מיובש בתוספת קפה קלוי,נסקפה Nescafe,,נסקפה גולד 200 גרם,גרמים,200.00,100 גרם,false,,51.00,0.2550,true,1,19520
7613036520492,false,פרפקטו רוטב עגבניות לפיצה אסם 400 גרם,אסם פרפקטו Perfecto,,פרפקטו רוטב עגבניות,גרמים,400.00,100 גרם,false,,9.90,0.0248,true,1,19523
7613036880534,false,גרבר מחית ירקות מעורבים מטרנה 190 גר',נסטלה פולסקה אס.איי,,גרבר מחית מרק ירקות,גרמים,190.00,100 גרם,false,,5.90,0.0311,true,1,19531
7613037012200,false,גרבר - מחית תפוח מנגו גזר פאוץ 90 גרם,"מפעל סברס, נסטלה ספרד ס.",,פאוץ' גרבר מחית בטעם,גרמים,90.00,100 גרם,false,,5.90,0.0656,true,1,19539
7613037204797,false,סטארבקס - פולי קפה בלונד אספרסו 450 גרם,נסטלה נספרסו,,סטארבקס פולי קפה בלו,גרמים,450.00,100 גרם,false,,49.90,0.1109,true,1,148964
7613037686906,false,פיטנס - דגני בוקר שקדים ודבש 355 גרם,הנסיך- מפעל לייצור ט,,פיטנס שקדים ודבש נסט,גרמים,355.00,100 גרם,false,,21.90,0.0617,true,1,19545
7613038268262,false,דגני בוקר צ'יריוס דבש ושקדים במתיקות מעודנת,נסטלה פולין דגני בוק,,האני נאט ציריוס מופח,גרמים,410.00,100 גרם,false,,18.90,0.0461,true,1,19547
7613039547632,false,גרבר מחית תפוח בננה ותות 90 גרם פאוץ,שוורצקוף& הנקל דיסלד,,פאוץ' גרבר מחית תפוח,גרמים,90.00,100 גרם,false,,5.90,0.0656,true,1,103846
7613039547731,false,גרבר מחית תפוח עץ ומשמש 90 גרם פאוץ,"מפעל סברס, נסטלה ספרד ס.",,פאוץ' גרבר מחית תפוח,גרמים,90.00,100 גרם,false,,5.90,0.0656,true,1,103860
7613039880807,false,גרבר מחית תפוח וגזר 190 גרם,נסטלה פולסקה אס.איי,,גרבר מחית תפוח גזר 1,גרמים,190.00,100 גרם,false,,5.90,0.0311,true,1,209744
7613039881521,false,גרבר מחית מרק מנגו 190 גרם,נסטלה פולסקה אס.איי,,גרבר מחית מנגו 190,גרמים,190.00,100 גרם,false,,5.90,0.0311,true,1,129827
7613039881965,false,גרבר מחית גזר תפוח ומנגו 190 גרם,נסטלה פולסקה אס.איי,,גרבר מחית גזר תפוח 1,גרמים,190.00,100 גרם,false,,5.90,0.0311,true,1,209758
7613287155863,false,גרבר - מחית אגס פאוץ 90 גרם,"מפעל סברס, נסטלה ספרד ס.",,מחית בטעם אגס פאוץ ג,גרמים,90.00,100 גרם,false,,5.90,0.0656,true,1,129852
7613287181411,false,ויטמינציק מחית סלט פירות 110 גרם,"טרופיקל דגיל בע""מ אז",,פאוץ סלט פירות ויטמי,גרמים,110.00,100 גרם,false,,5.90,0.0536,true,1,177756
7613287182326,false,ויטמינציק מחית בננה תפוח 110 גרם,"נסטלה ספרד ס.א, מפעל",,פאוץ בננה תפוח ויטמי,גרמים,110.00,100 גרם,false,,5.90,0.0536,true,1,177757
7613287182357,false,מחית אגס תפוח ופירות יער ויטמינצ'יק 110 ג',נסטלה,,פאוץ אגס תפוח ופירות,גרמים,110.00,100 גרם,false,,5.90,0.0536,true,1,177758
7613287182425,false,ויטמינציק מחית תפוח בננה ותות 110 גרם,"טרופיקל דגיל בע""מ אז",,פאוץ תפוח בננה ותות,גרמים,110.00,100 גרם,false,,5.90,0.0536,true,1,177759
7613287182456,false,ויטמינציק מחית אגס בננה תפוח 110 גרם,"נסטלה ספרד ס.א, מפעל",,פאוץ אגס תפוח בננה ו,גרמים,110.00,100 גרם,false,,5.90,0.0536,true,1,177760
7613287302373,false,סטארבקס קפסולות איטליאן סטייל רוסט 56 גרם,נסטלה שוויץ - קפה,,קפסולות סטארבקס איטל,גרמים,56.00,100 גרם,false,,22.90,0.4089,true,1,141699
7613287325808,false,אוסם - דיפ אנד ספרד מטבל איולי שום 295 גרם,נסטלה פולין,,רוטב איולי שום לחיץ,גרמים,295.00,100 גרם,false,,14.90,0.0505,true,1,203987
7613287325822,false,אוסם - דיפ אנד ספרד מטבל מיקס 295 גרם,נסטלה,,רוטב מיקס לחיץ אסם 2,גרמים,295.00,100 גרם,false,,14.90,0.0505,true,1,203973
7613287325952,false,אוסם - דיפ אנד ספרד מטבל ברבקיו 345 גרם,דפטונה פולין,,רוטב ברביקיו לחיץ אס,גרמים,345.00,100 גרם,false,,14.90,0.0432,true,1,203957
7613287394323,false,דגני בוקר מולטי צ'יריוס 600 גרם,נסטלה פולין דגני בוק,,מולטי צ'יריוס 100% ד,גרמים,600.00,100 גרם,false,,22.90,0.0382,true,1,156786
7613287476678,false,דגני בוקר סינימיניס צ'ורוס נסטלה 360 ג',נסטלה אוונקה,,סינימיניס צ'ורוס 360,גרמים,360.00,100 גרם,false,,27.90,0.0775,true,1,165839
7622010001858,false,עוגיות אוראו ממולאות קרם וניל 176 גרם.,פי אר ג'\יי אס אי מנדלז,,עוגיות אוראו סנדביץ,גרמים,176.00,100 גרם,false,,8.90,0.0506,true,1,5117
7622201808631,false,אוראו מיני עוגיות ממולאות קרם וניל 67גרם,פי.טי. מונדלז אינדונ,,אוראו מיני כוסות בטע,גרמים,67.00,100 גרם,false,,9.90,0.1478,true,1,176494
7622210464729,false,אוראו גולדן עוגיות וניל במילוי קרם וניל,מונדלייז,,עוגיות אוראו גולדן 1,גרמים,154.00,100 גרם,false,,7.90,0.0513,true,1,5127
7790040420076,false,מיני אלפחורס בון בון 117 גר,ארקור,,אלפחורס עוגיות סנדבי,גרמים,117.00,100 גרם,false,,8.90,0.0761,true,1,107060
7790040423022,false,עוגיית אלפחורס בונבון במיולי קרם בוטנים 19.5 גר',ארקור,,בון בון סנדוויץ אלפח,גרמים,19.50,100 גרם,false,,1.90,0.0974,true,1,276215
7790580315986,false,סוכריות ממולאות תות 453ג' מהדרין,,,סוכריות ממולאות מהדר,גרמים,470.00,100 גרם,false,,14.50,0.0309,true,1,13308
7790580315993,false,סוכריות טופי קרם שוקולד 483 גרם,,,סוכריות טופי חלב מהד,גרמים,483.00,100 גרם,false,,18.90,0.0391,true,1,13309
7790580316013,false,סוכריות טופי חלב 483 גר מהדרין,,,סוכריות טופי חלב 483,גרמים,483.00,100 גרם,false,,18.90,0.0391,true,1,13310
7790580421663,false,שוקולד בון בון ריבת חלב 288 גרם,ארקור,,בון בון ריבת חלב וקר,גרמים,288.00,100 גרם,false,,19.90,0.0691,true,1,314879
7800601801005,false,פלסטרים מיקס בצבע עור 100 יח',,,פלסטרים 100 יח' - לי,יחידה,0.00,יחידה,false,,7.90,0.0000,true,1,97797
7800601801098,false,נר הבדלה דקורטיבי פמוט,,,נר הבדלה דקורטיבי פמ,יחידה,0.00,יחידה,false,,15.90,0.0000,true,1,13326
7870681145276,false,מארז 6 קופסאות,,,מארז 6 קופסאות,יחידה,0.00,יחידה,false,,14.90,0.0000,true,1,285300
7870681145344,false,מארז 5 קופסאות,,,מארז 5 קופסאות,יחידה,0.00,יחידה,false,,14.90,0.0000,true,1,285301
7891024030974,false,"קולגייט משחת שיניים טריפל אקשן 75 מ""ל",הנסיך- מפעל לייצור ט,,משחת טריפל אקשן קולג,מיליליטרים,75.00,"100 מ""ל",false,,5.90,0.0787,true,1,21865
7891024124826,false,"משחת שיניים אופטיק ווייט קולגייט 75 מ""ל",הנסיך- מפעל לייצור ט,,מש.שיניים אופטיק ווי,מיליליטרים,75.00,"100 מ""ל",false,,19.90,0.2653,true,1,21867
8000215204219,false,ויטריז משקה חלב אורז אורגני 1ל',בטר אנד דיפרנט,,משקה אורז אורגני 1 ל,ליטרים,1.00,ליטר,false,,12.90,12.9000,true,1,106378
8000215204240,false,ויטאריז משקה שקדים ואורז אורגני 1 ליטר,בטר אנד דיפרנט,,משקה שקדים ואורז אור,ליטרים,1.00,ליטר,false,,12.90,12.9000,true,1,106379
8000215204561,false,ויטסי משקה שקדים אורגני 1 ליטר,בטר אנד דיפרנט,,משקה שקדים 1 ליטר,ליטרים,1.00,ליטר,false,,14.90,14.9000,true,1,106381
8000215204677,false,ויטריז - משקה שיבולת שועל בריסטה אורגני,בטר אנד דיפרנט,,משקה שיבולת שועל אור,ליטרים,1.00,ליטר,false,,12.90,12.9000,true,1,234465
8000215204714,false,משקה שיבולת שועל אורגני 1 ליטר PRIMAVENA,בטר אנד דיפרנט,,משקה שיבולת שועל אור,ליטרים,1.00,ליטר,false,,12.90,12.9000,true,1,106382
8000380192243,false,וופלים לואקר מקסי בטעם אגוז 200 גר',לואקר Loacker,,וופל לואקר מקסי אגוז,גרמים,200.00,100 גרם,false,,13.90,0.0695,true,1,12891
8000380192250,false,וופלים לואקר מקסי בטעם שוקולד 200 גר',לואקר Loacker,,וופל לואקר מקסי שוקו,גרמים,200.00,100 גרם,false,,13.90,0.0695,true,1,12892
8001003100164,false,יוגטה סוכריות ג'לי בטעמי פירות 450 גרם,יוגטה yogueta,,יוגטה סוכריות ג'לי פ,גרמים,450.00,100 גרם,false,,11.90,0.0264,true,1,42081
8001090222725,false,"הרבל אסנסס - שמפו שמן מורינגה 400 מ""ל",הרבל אסנס Herbal Essences,,שמפו שמן מורינגה הרב,מיליליטרים,400.00,"100 מ""ל",false,,14.90,0.0373,true,1,27393
8001090222756,false,"הרבל אסנס מרכך תות שמן מורינגה 400 מ""ל",הרבל אסנס Herbal Essences,,מרכך שמן מורינגה הרב,מיליליטרים,400.00,"100 מ""ל",false,,14.90,0.0373,true,1,27394
8001090222848,false,"הרבל אסנסס - שמפו שיקום שמן ארגן 400 מ""ל",הרבל אסנס Herbal Essences,,שמפו שיקום שמן ארגן,מיליליטרים,400.00,"100 מ""ל",false,,14.90,0.0373,true,1,27395
8001090336354,false,פמפרס בייבי דריי חיתולים מידה 2 46 יח,פרוקטר אנד גמבל,,פמפרס בייבי דריי מיד,יחידה,0.00,יחידה,false,,32.90,0.0000,true,1,27398
8001090336408,false,חיתולים בייבי דריי מידה 3 38 יח' פמפרס,פרוקטר אנד גמבל,,פמפרס בייבי דריי מיד,יחידה,0.00,יחידה,false,,32.90,0.0000,true,1,27399
8001090336446,false,פמפרס בייבי דריי חיתולים מידה 4 34 יח,פרוקטר אנד גמבל,,פמפרס בייבי דריי מיד,יחידה,0.00,יחידה,false,,32.90,0.0000,true,1,27400
8001090336521,false,פמפרס בייבי דריי חיתולים מידה 5 30 יח,פרוקטר אנד גמבל,,פמפרס בייבי דריי מיד,יחידה,0.00,יחידה,false,,32.90,0.0000,true,1,27402
8001090336606,false,פמפרס בייבי דריי חיתולים מידה 6 26 יח,פרוקטר אנד גמבל,,פמפרס בייבי דריי מיד,יחידה,0.00,יחידה,false,,32.90,0.0000,true,1,27403
8001090375230,false,"מרכך מרוכז 200 מ""ל לחות מוגברת ""פנטן""",פרוקטר אנד גמבל,,פנטן מרכך מרוכז 200,מיליליטרים,200.00,"100 מ""ל",false,,21.90,0.1095,true,1,27406
8001090375285,false,"מרכך מרוכז פנטן למגע רך כמשי 200 מ""ל",פרוקטר אנד גמבל,,פנטן מרכך מרוכז 200,מיליליטרים,200.00,"100 מ""ל",false,,21.90,0.1095,true,1,27407
8001090379368,false,פמפרס פרימיום קר חיתולים שלב 4 34 יח VP,פרוקטר אנד גמבל,,חיתולי פמפרס פרימיום,יחידה,0.00,יחידה,false,,33.90,0.0000,true,1,27413
8001090493637,false,"הד אנד שולדרס שמפו אולטרא טוטאל קר 450 מ""ל",פרוקטר אנד גמבל,,שמפו אולטרא טוטאל קר,מיליליטרים,450.00,"100 מ""ל",false,,18.90,0.0420,true,1,27425
8001090745903,false,אבקת כביסה טייד פרש אלפיין 4 קג,פרוקטר אנד גמבל,,אבקת כביסה טייד אלפי,קילוגרמים,4.00,"ק""ג",false,,29.90,7.4750,true,1,72773
8001090832450,false,"שמפו פנטן הנוסחה הקלאסית 660 מ""ל",פרוקטר אנד גמבל,,שמפו הנוסחה הקלאסית,מיליליטרים,660.00,"100 מ""ל",false,,19.90,0.0302,true,1,67954
8001090832535,false,"פנטן שמפו שמן מרוקאי משקם 660 מ""ל",פרוקטר אנד גמבל,,שמפו שמן מרוקאי משקם,מיליליטרים,660.00,"100 מ""ל",false,,19.90,0.0302,true,1,67955
8001090832573,false,"פנטן שמפו לחות מוגברת 660 מ""ל",פרוקטר אנד גמבל,,שמפו לחות מוגברת פנט,מיליליטרים,660.00,"100 מ""ל",false,,19.90,0.0302,true,1,67956
8001090832818,false,מרכך פנטן הנוסחה הקלאסית לשיער רגיל ומעורב,פרוקטר אנד גמבל,,מרכך נוסחה קלאסית פנ,מיליליטרים,660.00,"100 מ""ל",false,,19.90,0.0302,true,1,67957
8001090832856,false,"פנטן 660 מ""ל קונדישינר מרוקאי משקם",פרוקטר אנד גמבל,,מרכך שמן מרוקאי משקם,מיליליטרים,660.00,"100 מ""ל",false,,19.90,0.0302,true,1,67958
8001090833136,false,אריאל ג'ל כביסה בייבי 2.255 ליטר,פרוקטור אנד גמבל,,אריאל ג'ל כביסה בייב,ליטרים,2.26,ליטר,false,,30.90,13.6726,true,1,27464
8001090833198,false,אריאל נוזל כביסה 2.47 ליטר ניחוח מרענן,פרוקטור אנד גמבל,,אריאל ג'ל כביסה ניחו,ליטרים,2.37,ליטר,false,,30.90,13.0380,true,1,27466
8001090899194,false,תחבושות אולוויז פלטינום נורמל 24 יחידות,פרוקטר אנד גמבל,,תחבושות פלטינום נורמ,יחידה,0.00,יחידה,false,,19.90,0.0000,true,1,27477
8001090899224,false,תחבושות אולוויז פלטינום לונג 20 יחידות,פרוקטר אנד גמבל,,תחבושות פלטינום לונג,יחידה,0.00,יחידה,false,,19.90,0.0000,true,1,27478
8001090899255,false,תחבושות אולוויז פלטינום לילה 16 יחידות,פרוקטר אנד גמבל,,תחבושות פלטינום לילה,יחידה,0.00,יחידה,false,,19.90,0.0000,true,1,27479
8001090899286,false,אולוויז תחבושות פלטינום לילה בטוח 14 יח',פרוקטר אנד גמבל,,תחבושות פלטינום לילה,יחידה,0.00,יחידה,false,,19.90,0.0000,true,1,27480
8001620011935,false,"סן בנדטו- מים מינרלים מוגז - מארז שישיית 500 מ""ל",אקווה מינרלה סאן בנד,,סאן בנדטו מוגז 6*500,ליטרים,3.00,ליטר,false,,13.90,4.6333,true,1,9549
8001841105093,false,פמפרס פרימיום קר חיתולים שלב 6 26 יח VP,פרוקטר אנד גמבל,,חיתולי פמפרס פרימיום,יחידה,0.00,יחידה,false,,33.90,0.0000,true,1,27500
8001841137216,false,"קונדישנר למגע רך כמשי הד אנד שולדרס 275 מ""ל",פרוקטר אנד גמבל,,מרכך למגע רך כמשי הד,מיליליטרים,275.00,"100 מ""ל",false,,16.90,0.0615,true,1,27502
8001841470252,false,נוזל ניקוי כלים פייר,,,נוזל ניקוי כלים פייר,מיליליטרים,500.00,"100 מ""ל",false,,9.90,0.0198,true,1,341815
8001841470290,false,נוזל ניקוי כלים פייר,,,נוזל ניקוי כלים פייר,מיליליטרים,750.00,"100 מ""ל",false,,13.90,0.0185,true,1,341771
8001841653624,false,פיירי נוזל כלים 625,,,פיירי נוזל כלים 625,מיליליטרים,625.00,"100 מ""ל",false,,9.90,0.0158,true,1,303177
8001841663654,false,"פיירי נוזל כלים אקסטרה 650 מ""ל - צהוב",פרוקטר אנד גמבל,,פיירי נוזל כלים 650,מיליליטרים,650.00,"100 מ""ל",false,,9.90,0.0152,true,1,307298
8001841667386,false,שמפו הד ושולדרס קלאס,,,שמפו הד ושולדרס קלאס,מיליליטרים,400.00,"100 מ""ל",false,,14.90,0.0373,true,1,141518
8001841667508,false,"הד&שולדרס - שמפו קלאסיק 400 מ""ל",,,שמפו הד ושולדרס קלאס,מיליליטרים,400.00,"100 מ""ל",false,,14.90,0.0373,true,1,132932
8002200145682,false,קפסולות קפה קימבו אינטמסו 12 יח',,,קפסולות קפה קימבו אי,יחידה,0.00,יחידה,false,,16.90,0.0000,true,1,125469
8002910043476,false,ויט רצועות שעווה מוכנות לקו הביקיני 12 יחידות,רקיט בנקיזר צרפת,,רצועות שעווה לבית הש,יחידה,0.00,יחידה,false,,30.90,0.0000,true,1,21088
8003477500044,false,"פרימלוצ'י ספגטי מ""ס",,,"פרימלוצ'י ספגטי מ""ס",גרמים,500.00,100 גרם,false,,5.90,0.0118,true,1,320761
8004030102033,false,טונה בשמן זית עם מיץ לימון ופלפל שחור - מארז 3 יח',בולטון אלימנטרי,,טונה בשמן עם לימון ו,גרמים,240.00,100 גרם,false,,28.90,0.1204,true,1,21879
8004030845046,false,טונה עם ירקות בתוספת עם אורז ריו מרה אינסלטיסימי 160 ג',בולטון אלימנטרי,,אינסלטיסימי אורז עם,גרמים,160.00,100 גרם,false,,16.90,0.1056,true,1,21888
8005200256587,false,נסטי - תה קר בטעם אפרסק 1.5 ליטר,מפעל סאנפלגרינו S.P.A,,נסטי אפרסק 1.5 ליטר,ליטרים,1.50,ליטר,false,,8.90,5.9333,true,1,203089
8005200286584,false,נסטי- תה קר - בטעם מנגו אננס 1.5 ליטר,מפעל סאנפלגרינו S.P.A,,נסטי מנגו אננס 1.5 ל,ליטרים,1.50,ליטר,false,,8.90,5.9333,true,1,203090
8006540112854,false,"מרכך כביסה מרוכז בניחוח סחלב לנור 900 מ""ל",פרוקטר אנד גמבל,,לנור מרכך מרוכז בניח,מיליליטרים,900.00,"100 מ""ל",false,,15.90,0.0177,true,1,145937
8006540404898,false,אולוויז דיסקריט לבריחת שתן לונג פלוס 8יח,פרוקטר & גמבל,,תחבושות אולוויז דיסק,יח',8.00,יח',false,,16.90,2.1125,true,1,313254
8006540404935,false,אולוויז דיסקריט לבריחת שתן נורמל 12 יח,פרוקטר & גמבל,,תחבושות אולוויז דיסק,יח',12.00,יח',false,,16.90,1.4083,true,1,313255
8006540405031,false,דיסקריט תחבושות לבריחת שתן סמול פלוס 16,פרוקטר & גמבל,,תחבושות אולוויז דיסק,יח',16.00,יח',false,,16.90,1.0562,true,1,313256
8006540592434,false,אולוויז תחבושות נורמל 28 יח,פרוקטר & גמבל,,תחבושות אולוויז ירוק,100 יח',16.00,100 יח',false,,18.90,1.1812,true,1,304307
8006540592496,false,תחבושות אולוויז אולטרא כפול לילה 20 יח,פרוקטר & גמבל,,תחבושות אולוויז כחול,100 יח',16.00,100 יח',false,,18.90,1.1812,true,1,304309
8006540628737,false,שמפו הד שולדרס קלאסי,,,שמפו הד שולדרס קלאסי,מיליליטרים,350.00,"100 מ""ל",false,,16.90,0.0483,true,1,314822
8024985000093,false,מחית תפוח שזיף 100% פרי 200 ג נטורה נובה,"נטורפוד בע""מ",,נטורה נובה - מחית תפ,גרמים,200.00,100 גרם,false,,8.90,0.0445,true,1,258557
8024985002783,false,סמוזי נטורה נובה גזר ודלעת 100 גרם,נטורה נובה,,נטורה נובה - סמוזי ג,גרמים,100.00,100 גרם,false,,4.90,0.0490,true,1,106623
8024985002950,false,נטורה נובה-סמוזי שזיף אורגני 100 גרם,נטורה נובה,,נטורה נובה - סמוזי ש,גרמים,100.00,100 גרם,false,,4.90,0.0490,true,1,258617
8024985003988,false,סמוזי תפוח בננה 100 גר נטורה נובה,נטורה נובה,,נטורה נובה - סמוזי ת,גרמים,100.00,100 גרם,false,,4.90,0.0490,true,1,106625
8024985005234,false,נטורה נובה סמוזי תפוח אפרסק מנגו 100 גרם,נטורה נובה,,נטורה נובה - סמוזי ת,גרמים,100.00,100 גרם,false,,4.90,0.0490,true,1,106641
8024985008037,false,סמוזי נטורה נובה סמוצי תפוח 100 גרם,"נטורפוד בע""מ",,נטורה נובה - סמוזי ת,גרמים,100.00,100 גרם,false,,4.90,0.0490,true,1,106626
8024985008044,false,נטורה משקה סמודי אגסים אורגני 100 גר,"נטורפוד בע""מ",,נטורה נובה - סמוזי א,גרמים,100.00,100 גרם,false,,4.90,0.0490,true,1,106627
8024985008051,false,נטורה סמודי פירות אדומים אורגניים 100מל,"נטורפוד בע""מ",,נטורה נובה - סמוזי פ,גרמים,100.00,100 גרם,false,,4.90,0.0490,true,1,106628
8032804430471,false,פליסיה פסטה סדניני עדשים אורגני 250 גרם,אף.סי תבליני בגליל ב,,פליסיה - סדניני עדשי,גרמים,250.00,100 גרם,false,,12.90,0.0516,true,1,106606
8032804430501,false,פליסיה קופסא פוזילי אפונה ירוקה נטורפוד 250 גרם,אף.סי תבליני בגליל ב,,פליסיה - פוזילי אפונ,גרמים,250.00,100 גרם,false,,12.90,0.0516,true,1,106607
8032804430846,false,פליסיה פוזילי חומוס אורגני 250 גרם,אנדריאני,,חומוס אורגני בצורת א,גרמים,250.00,100 גרם,false,,12.90,0.0516,true,1,240791
8032804432000,false,פנה פליסיה כוסמת אורגני 340 גר,מולינו אנדריאני,,פליסיה קופסא - פנה כ,גרמים,340.00,100 גרם,false,,14.90,0.0438,true,1,106608
8032804432024,false,דפי לזניה אורז-תירס אורגנית ללא גלוטן,מולינו אנדריאני,,פליסיה קופסא - לזניה,גרמים,250.00,100 גרם,false,,18.90,0.0756,true,1,106609
8032804435643,false,פוזילי אורז מלא אורגני 340 גרם פליסיה,פליסיה Felicia Bio,,פליסיה קופסא - פוזיל,גרמים,340.00,100 גרם,false,,12.90,0.0379,true,1,106592
8076800105735,false,"ברילה פנה ריגטה 1 ק""ג קופסה",ברילה Barilla,,פנה ריגטה בקופסה ברי,קילוגרמים,1.00,"ק""ג",false,,12.90,12.9000,true,1,300659
8076800105988,false,ברילה פוזילי בקופסה 1 קג,ברילה גי.אי.אר פרטלי ס.פ,,פוזלי בקופסה ברילה 1,קילוגרמים,1.00,"ק""ג",false,,12.90,12.9000,true,1,300674
8076800195033,false,ברילה - צ.א ספגטיני מס3 חדש 500 גרם,ברילה גי.אי.אר פרטלי ס.פ,,ספגטי מס' 3 ברילה 50,גרמים,500.00,100 גרם,false,,6.90,0.0138,true,1,21893
8076800195057,false,ברילה - צ.א ספגטי מס5 חדש 500 גרם,ברילה גי.אי.אר פרטלי ס.פ,,ספגטיני מס' 5 ברילה,גרמים,500.00,100 גרם,false,,6.90,0.0138,true,1,21894
8076800195132,false,ברילה - צ.א בבטה מס13 500 גרם,ברילה גי.אי.אר פרטלי ס.פ,,ספגטי בבטה מס' 13 בר,גרמים,500.00,100 גרם,false,,6.90,0.0138,true,1,21895
8076802085738,false,ברילה - צ.ק פנה רגטה חדש 500 גרם,ברילה גי.אי.אר פרטלי ס.פ,,פנה רגטה מס' 73 בריל,גרמים,500.00,100 גרם,false,,6.90,0.0138,true,1,21899
8076802085981,false,ברילה - צ.ק פוזילי חדש 500 גרם,ברילה גי.אי.אר פרטלי ס.פ,,פסטה פוזילי 98 ברילה,גרמים,500.00,100 גרם,false,,6.90,0.0138,true,1,21902
8076808050440,false,פסטה מקרוני מספר 44 ברילה 500 גרם,ברילה Barilla,,פסטה מקרוני מס' 44 ב,גרמים,500.00,100 גרם,false,,6.90,0.0138,true,1,21903
8076808060654,false,פסטה פרפלה מספר 65 ברילה 500 גרם,ברילה גי.אי.אר פרטלי ס.פ,,פסטה פרפלה 65 ברילה,גרמים,500.00,100 גרם,false,,6.90,0.0138,true,1,21904
8076808070882,false,פסטה ברילה קנלוני מס'88 250ג',פאסטיפיקו ריגו אס.אר,,קנלוני ברילה 250 גרם,גרמים,250.00,100 גרם,false,,13.90,0.0556,true,1,21905
8076808150072,false,ברילה - צ.א ספגטוני מס7 חדש 500 גרם,ברילה גי.אי.אר פרטלי ס.פ,,ספגטי מס' 7 ברילה 50,גרמים,500.00,100 גרם,false,,6.90,0.0138,true,1,21906
8076809501415,false,ברילה קנלוני/פנה 500 ג' מצה פנה טרקולור 500 גרם,"ש. שסטוביץ בע""\מ",,ברילה פסטה פנה טריקו,גרמים,500.00,100 גרם,false,,13.90,0.0278,true,1,21907
8076809513388,false,רוטב לפסטה ארביאטה ברילה 400 גרם,ברילה גי.אי.אר פרטלי ס.פ,,ברילה רוטב ארביאטה 4,גרמים,400.00,100 גרם,false,,14.90,0.0373,true,1,21909
8076809513395,false,ברילה פומודורו רוטב עגבניות קלאסי 400 גר,ברילה גי.אי.אר פרטלי ס.פ,,ברילה רוטב פורמודרו,גרמים,400.00,100 גרם,false,,14.90,0.0373,true,1,21910
8076809513654,false,בסיס רוטב עגבניות לבולונז ברילה 400 גרם,ברילה גי.אי.אר פרטלי ס.פ,,ברילה רוטב עגבניות ל,גרמים,400.00,100 גרם,false,,14.90,0.0373,true,1,21912
8076809513692,false,רוטב עגבניות נפולטנה בתוספת ירקות,ברילה גי.אי.אר פרטלי ס.פ,,ברילה רוטב נפוליטנה,גרמים,400.00,100 גרם,false,,14.90,0.0373,true,1,21913
8076809523738,false,דפי לזניה ברילה 500 גרם,ברילה גי.אי.אר פרטלי ס.פ,,לזניה ברילה 500 גרם,גרמים,500.00,100 גרם,false,,24.90,0.0498,true,1,21923
8076809529419,false,ספגטי מחיטה מלאה מס' 5 500 ג' ברילה,ברילה גי. אי. אר פרט,,ספגטי מחיטה מלאה ברי,גרמים,500.00,100 גרם,false,,14.90,0.0298,true,1,21924
8076809529433,false,פסטה פנה ריגטה חיטה מלאה ברילה 500 גרם,"ש. שסטוביץ בע""\מ",,פנה רגטה מחיטה מלאה,גרמים,500.00,100 גרם,false,,14.90,0.0298,true,1,21925
8076809576352,false,ברילה לזניה ללא גלוטן 250 גרם,ברילה גי.אי.אר פרטלי,,לזניה ללא גלוטן בריל,גרמים,500.00,100 גרם,false,,22.90,0.0458,true,1,141444
8410076600622,false,חטיפי גרנולה קראנצ'י עם שוקולד מריר נייצ'ר ואלי 210 גרם,ג'נרל מילס סאן אדריאן,,חטיף קראנצי שבבי שוק,גרמים,210.00,100 גרם,false,,19.50,0.0929,true,1,12911
8410104045111,false,"פיניש מלח למדיח כלים 2ק""ג",רקיט בנקיזר,,"פיניש מלח למדיח 2 ק""",קילוגרמים,2.00,"ק""ג",false,,14.90,7.4500,true,1,21094
8420822130624,false,"ספריי סופר מסיר כתמים 750מ""ל יעקבי",קה לורדה,,ספריי סופר מסיר כתמי,מיליליטרים,750.00,"100 מ""ל",false,,18.90,0.0252,true,1,224032
8423453905692,false,"בירה ווילדר לאגר פחית 500 מ""ל",פונט סאלם וולנסיה ספרד,,בירה ווילדר לאגר פחי,מיליליטרים,500.00,"100 מ""ל",false,,6.90,0.0138,true,1,138
8435495805199,false,"אבקת כביסה תינוקלין שקית 3 ק""ג.",מולינו ניקולי s.p.a,,אבקת כביסה תינוקלין,קילוגרמים,3.00,"ק""ג",false,,40.90,13.6333,true,1,42097
8437000906209,false,"עלי טורטיה קמח חיטה 20ס""מ 8יח' אזטקה 325ג'",Azteca foods europe,,8 טורטיות חיטה תומר,גרמים,325.00,100 גרם,false,,7.90,0.0243,true,1,25234
8485818700014,false,משקפיים בנרתיק,,,משקפיים,יחידה,0.00,יחידה,false,,19.90,0.0000,true,1,31536
8683130025574,false,"מרכך כביסה מרוכז אקסטרה לבנדר בדין 960 מ""ל",יבוא ושיווק: יוניליוור י,,בדין אקסטרא לבנדר-96,מיליליטרים,960.00,"100 מ""ל",false,,14.90,0.0155,true,1,271909
8683130025581,false,"מרכך כביסה מרוכז אקסטרה ענבר בדין 960 מ""ל",יבוא ושיווק: יוניליוור י,,בדין אקסטרא ענבר-960,מיליליטרים,960.00,"100 מ""ל",false,,14.90,0.0155,true,1,271895
8686868600037,false,המותג אביזרי שיער,,,המותג אביזרי שיער,יחידה,0.00,יחידה,false,,5.90,0.0000,true,1,75276
8686868600068,false,המותג אביזרי שיער,,,המותג אביזרי שיער,יחידה,0.00,יחידה,false,,8.90,0.0000,true,1,31035
8686868600075,false,המותג אביזרי שיער,,,המותג אביזרי שיער,יחידה,0.00,יחידה,false,,9.90,0.0000,true,1,31036
8686868600099,false,המותג אביזרי שיער,,,המותג אביזרי שיער,יחידה,0.00,יחידה,false,,11.90,0.0000,true,1,31037
8686868600112,false,המותג אביזרי שיער,,,המותג אביזרי שיער,יחידה,0.00,יחידה,false,,13.90,0.0000,true,1,31039
8686868600129,false,המותג אביזרי שיער,,,המותג אביזרי שיער,יחידה,0.00,יחידה,false,,14.90,0.0000,true,1,31040
8686868600150,false,המותג אביזרי שיער,,,המותג אביזרי שיער,יחידה,0.00,יחידה,false,,17.90,0.0000,true,1,31041
8686868600174,false,המותג אביזרי שיער,,,המותג אביזרי שיער,יחידה,0.00,יחידה,false,,19.90,0.0000,true,1,75277
8686868600235,false,אביזרי טיפוח שונים,,,המותג אביזרי שיער,יחידה,0.00,יחידה,false,,12.90,0.0000,true,1,31046
8690637505607,false,מרכך כביסה מרוכז בדין אקסטרה בניחוח פינוק כחול,יוניליוור סנאיי וי טיקאר,,מרכך כביסה אקסטרה כח,מיליליטרים,960.00,"100 מ""ל",false,,14.90,0.0155,true,1,171715
8690637505614,false,"מרכך כביסה אקסטרא פינוק קוקוס 960 מ""ל בדין",יוניליוור סנאיי וי טיקאר,,מרכך כביסה מרוכז בדי,מיליליטרים,960.00,"100 מ""ל",false,,14.90,0.0155,true,1,171716
8690637555084,false,"מרכך כביסה מרוכז אקסטרה פריחת התפוז בדין 960 מ""ל",יוניליוור סנאיי וי טיקאר,,בדין אקסטרה לבן 960,מיליליטרים,960.00,"100 מ""ל",false,,14.90,0.0155,true,1,10905
8690637704376,false,"שמפו לטיפוח יום יומי דאב 600 מ""ל",יוניליוור סנאיי וי טיקאר,,שמפו יום יומי דאב 60,מיליליטרים,600.00,"100 מ""ל",false,,16.90,0.0282,true,1,10930
8690637704390,false,"מרכך שיער לטיפוח יום יומי דאב 600 מ""ל",יוניליוור טורקיה. אז,,מרכך יום יומי דאב 60,מיליליטרים,600.00,"100 מ""ל",false,,16.90,0.0282,true,1,10931
8690637858734,false,ג'ל לניקוי כללי בתוספת אקונומיקה בניחוח לימון,סיף פנטסטיק Cif Fantastic,,סיף ג'ל אקונומיקה לי,מיליליטרים,750.00,"100 מ""ל",false,,12.90,0.0172,true,1,10946
8690637946301,false,"בדין - מרכך כביסה אקסטרא בייביי כחול 960 מ""ל",יוניליוור סנאיי וי טיקאר,,בדין אקסטרה בייבי כ,מיליליטרים,960.00,"100 מ""ל",false,,14.90,0.0155,true,1,55238
8690637971310,false,"מרכך כביסה מרוכז אקסטרה בניחוח יערת הדבש בדין 960 מ""ל",יוניליוור סנאיי וי טיקאר,,בדין אקסטרא פריחת הת,מיליליטרים,960.00,"100 מ""ל",false,,14.90,0.0155,true,1,108913
8690777206051,false,חציל קלוי על האש סרה ויליפוד 650 גרם,קוראהן פזלרמה וי דיס,,חציל קלוי על האש סרה,גרמים,650.00,100 גרם,false,,11.90,0.0183,true,1,3291
8690946270074,false,פסטה ספגטי 500 גרם B,,,פסטה ספגטי 500 גרם B,גרמים,500.00,100 גרם,false,,3.90,0.0078,true,1,332369
8690946270111,false,פסטה פוזלי 500 גרם B,,,פסטה פוזלי 500 גרם B,גרמים,500.00,100 גרם,false,,3.90,0.0078,true,1,332370
8690946272207,false,פסטה פנה 500 גרם BAH,,,פסטה פנה 500 גרם BAH,גרמים,500.00,100 גרם,false,,3.90,0.0078,true,1,332372
8690946272320,false,פסטה מקרוני 500 גרם,,,פסטה מקרוני 500 גרם,גרמים,500.00,100 גרם,false,,3.90,0.0078,true,1,332373
8691900174032,false,קוטקס תחבושות נורמל 24 יח,חוגלה קימברלי,,תחבושות קוטקס נורמל,100 יח',24.00,100 יח',false,,16.90,0.7042,true,1,289460
8691900174056,false,קוטקס תחבושות אולטרה לילה 16 י',חוגלה קימברלי,,תחבושות קוטקס לילה,100 יח',16.00,100 יח',false,,16.90,1.0562,true,1,289446
8693495052177,false,פלמוליב נטורלס תחליב רחצה זיתים 750 מל,קולגייט פלמוליב,,פלמוליב נטורלס תחליב,מיליליטרים,750.00,"100 מ""ל",false,,19.90,0.0265,true,1,21973
8693495054058,false,סבון נוזלי פלמוליב לומינוס עם תמציות שמן מקדמיה,קולגייט פלמוליב,,ג'ל רחצה עם תמציות ש,מיליליטרים,750.00,"100 מ""ל",false,,19.90,0.0265,true,1,254469
8694732005116,false,סבון אסלה כחול שלישי,,,סבון אסלה כחול שלישי,יחידה,0.00,יחידה,false,,10.90,0.0000,true,1,325394
8697409841741,false,מגב שיש 20.5 CM,,,מגב שיש 20.5 CM,יחידה,0.00,יחידה,false,,6.90,0.0000,true,1,207043
8697530910743,false,סיגריות פאל מאל כחול קצר מטאליק,Unknown,,פאל מאל בלו,יחידה,0.00,יחידה,false,,29.00,0.0000,false,1,4180
8697530910750,false,סיגריות פאל מאל כחול ארוך האוס,Unknown,,פאל מאל בלו ארוך,יחידה,0.00,יחידה,false,,29.00,0.0000,false,1,4181
8698996000207,false,מגבות נייר 1/6,,,מגבות נייר 1/6,מטרים,0.00,מטר,false,,10.90,0.0000,true,1,334984
8698996003413,false,מגבות נייר 9ב1 רמילוי,,,נייר סופג 9=1 JUMB,יחידה,0.00,יחידה,false,,18.90,0.0000,true,1,308265
8710502194825,false,מרבה - עוגיות שוקוצ'יפס כשר למהדרין 150 גרם,מרבה הולנד,,מרבה עוגיות שוקולד צ,גרמים,150.00,100 גרם,false,,5.90,0.0393,true,1,21983
8712561594608,false,"דאב תחליב רחיצה להזנה עמוקה 750 מ""ל","יוניליוור גרמניה, Gmbh &",,תחליב רחצה להזנה עמו,מיליליטרים,750.00,"100 מ""ל",false,,19.90,0.0265,true,1,11053
8712561611183,false,"דאב - תחליב רחצה תה ירוק ומלפפון 500 מ""ל","יוניליוור גרמניה, Gmbh &",,דאב תחליב רחצה תה יר,מיליליטרים,500.00,"100 מ""ל",false,,17.90,0.0358,true,1,11054
8712561611411,false,"תחליב רחצה בניחוח מלפפון ותה ירוק דאב 750 מ""ל","יוניליוור גרמניה, Gmbh &",,תחליב רחצה תה ירוק ו,מיליליטרים,750.00,"100 מ""ל",false,,19.90,0.0265,true,1,11055
8712561646024,false,"תחליב רחצה קרם פיסטוק ומגנוליה דאב 750 מ""ל","יוניליוור גרמניה, Gmbh &",,תחליב רחצה קרם פיסטו,מיליליטרים,750.00,"100 מ""ל",false,,19.90,0.0265,true,1,241297
8714599104316,false,ג'ייקובס קפה שחור קלוי וטחון טורקי 200 גרם,אל.אל.סי ג'\ייקובס דאו א,,ג'ייקובס קפה שחור 20,גרמים,200.00,100 גרם,false,,14.90,0.0745,true,1,5181
8714599412336,false,קפה נמס בריסטה אמריקנו קלוי וטחון 160 ג' ג'ייקובס,ג'\ייקובס דאו אגברטס רוס,,ג'ייקובס בריסטה אמרי,גרמים,160.00,100 גרם,false,,27.90,0.1744,true,1,205026
8714599513781,false,"קפה נמס מיובש בהקפאה זהב צנצנת ג'ייקובס 200 גרם לל""ס",אל.אל. סי ג''יקובס דאו א,,קפה ג'יקובס גולד 200,גרמים,200.00,100 גרם,false,,27.90,0.1395,true,1,5187
8714599513835,false,גי'קובס קרונונג נייט אנד דיי - נטול קופיאין,ג'ייקובס Jacobs,,קפה ג`יקובס נטול קופ,גרמים,200.00,100 גרם,false,,35.90,0.1795,true,1,5189
8714599513866,false,"קפה נמס מיובש בהקפאה קרונג צנצנת ג'ייקובס 200 גרם לל""ס",אל.אל.סי גייקובס דאו,,קפה ג'יקובס קרונונג,גרמים,200.00,100 גרם,false,,27.90,0.1395,true,1,5190
8714789177229,false,רבעיית מברשות שיניים קולגייט אקסטרה קלין 1 יחידה,הנסיך- מפעל לייצור ט,,מב.שיניים אקסטרא קלי,יחידה,0.00,יחידה,false,,10.90,0.0000,true,1,21995
8714789218465,false,מברשת שיניים 360 סופט קולגייט 2 יחידות,הנסיך- מפעל לייצור ט,,זוג מברשות שיניים 36,יחידה,0.00,יחידה,false,,30.90,0.0000,true,1,21999
8714789402918,false,נוזל לניקוי כללי ורצפות בניחוח פרחי בר אג'קס 1.5 ליטר,הנסיך- מפעל לייצור ט,,חגיגת הפרחים אדום אג,ליטרים,1.50,ליטר,false,,19.90,13.2667,true,1,22004
8714789402932,false,נוזל לניקוי כללי ורצפות בניחוח ורדי בוקר אג'קס 1.5 ליטר,הנסיך- מפעל לייצור ט,,אג'קס חגיגת הפרחים ו,ליטרים,1.50,ליטר,false,,19.90,13.2667,true,1,22005
8714789450315,false,פלמוליב כלים שקוף לימון 1.5 ליטר,הנסיך- מפעל לייצור ט,,פלמוליב שקוף לימון 1,ליטרים,1.50,ליטר,false,,15.90,10.6000,true,1,22008
8714789529561,false,"משחת שיניים סנסטיב פרו ריליף להלבנה קולגייט 75 מ""ל",קולגייט פלמוליב,,מש.שיניים סנסטיב הלב,גרמים,75.00,100 גרם,false,,21.90,0.2920,true,1,22012
8714789582764,false,אג'קס ספריי לניקוי חלונות ומשטחים,הנסיך- מפעל לייצור ט,,אגקס חלונות 750מל,מיליליטרים,750.00,"100 מ""ל",false,,14.90,0.0199,true,1,22014
8714789834467,false,פלמוליב נוזל לניקוי כלים קלאסי 1.5 ליטר,קולגייט פלמוליב,,פלמוליב נוזל כלים 1.,ליטרים,1.50,ליטר,false,,15.90,10.6000,true,1,22026
8715342005881,false,מגבונים לחים לתינוק,,,מגבונים לחים לתינוק,יחידה,0.00,יחידה,false,,4.90,0.0000,true,1,103938
8715700110141,false,מיונז קרמי היינץ צנצנת 460ג',ה.י.היינץ הולדינג בי.וי,,מיונז היינץ אמיתי צנ,גרמים,460.00,100 גרם,false,,12.00,0.0261,true,1,5395
8715700419732,false,היינץ מתבל עגבניות 700 גרם,ה.י. היינץ,,היינץ קטשופ 700 גרם,גרמים,700.00,100 גרם,false,,12.90,0.0184,true,1,5403
8715700423906,false,היינץ מתבל עגבניות מופחת סוכר ומלח 50/50 550 גרם,היינץ צפון אמריקה מק,,מתבל עגבניות היינץ 2,גרמים,555.00,100 גרם,false,,11.90,0.0214,true,1,5411
8717163647240,false,"אקס דאודורנט ספריי גוף לגבר שוקולד 150 מ""ל",ארנסט. רחוב קומבינצק,,ספריי גוף שוקולד אקס,מיליליטרים,150.00,"100 מ""ל",false,,15.90,0.1060,true,1,11090
8718951001602,false,"ספריי לניקוי רב פעולות 600 מ""ל ""א'גקס""",הנסיך- מפעל לייצור ט,,אג'קס ספריי אדום רב,מיליליטרים,600.00,"100 מ""ל",false,,9.90,0.0165,true,1,22039
8718951030169,false,"קולגייט סנסיטיב הלבנה המסייעת בהגנה לשיניים רגישות 75 מ""ל",קולגייט Colgate,,משחת קולגייט סנסטיב,מיליליטרים,75.00,"100 מ""ל",false,,17.90,0.2387,true,1,63355
8718951160897,false,ספריי אקונומיקה עוצמת ה7 טריגר אגקס 500מ,קולגייט פלמוליב,,אגקס עוצמת ה 7 טריגר,מיליליטרים,500.00,"100 מ""ל",false,,14.90,0.0298,true,1,22058
8718951166561,false,משחת שיניים לרעננות מוגברת max fresh cooling crystals,הנסיך- מפעל לייצור ט,,קולגייט משחת שיניים,מיליליטרים,125.00,"100 מ""ל",false,,17.90,0.1432,true,1,22061
8718951175600,false,"משחת שיניים קולגייט אוטאל קליין מינט 75 מ""ל",CP-Poland swidnica,,קולגייט משחת שיניים,מיליליטרים,75.00,"100 מ""ל",false,,12.90,0.1720,true,1,105973
8718951175631,false,מש.שיניים קולגייט טוטל פרו גאם אקשן 75מל,קולגייט Colgate,,קולגייט טוטאל משחת ש,מיליליטרים,75.00,"100 מ""ל",false,,16.90,0.2253,true,1,22066
8718951236790,false,"קולגייט טוטאל משחת שיניים קלין מינט לפה בריא 100 מ""ל",קולגייט פלמוליב,,משחת שיניים קלין מינ,מיליליטרים,100.00,"100 מ""ל",false,,16.90,0.1690,true,1,22076
8718951236806,false,"קולגייט טוטאל הלבנה משחת שיניים המסייעת בהסרת כתמים 100 מ""ל",קולגייט Colgate,,מש.שיניים להלבנה קול,מיליליטרים,100.00,"100 מ""ל",false,,16.90,0.1690,true,1,22077
8718951240742,false,"קולגייט טוטאל משחת שיניים פסים מרעננים 100 מ""ל",קולגייט פלמוליב,,מש.שיניים פסים מרעננ,גרמים,128.00,100 גרם,false,,16.90,0.1320,true,1,22079
8718951264618,false,"קולגייט אופטיק וייט פחם צ'רקול משחת שיניים, 75 מ""ל",קולגייט פלמוליב,,קולגייט אופטיק וייט,מיליליטרים,75.00,"100 מ""ל",false,,29.90,0.3987,true,1,63091
8718951315303,false,"קולגייט אדומה משחת שיניים להגנה מפני עששת 2*100 מ""ל",קולגייט-פלמוליב,,משחת שיניים קולגייט,מיליליטרים,200.00,"100 מ""ל",false,,19.90,0.0995,true,1,83076
8718951345119,false,אג'קס ניקוי כללי עוצמת ה-7 היביסקוס 2 ליטר,הנסיך- מפעל לייצור ט,,אג'קס ניקוי כללי עוצ,ליטרים,2.00,ליטר,false,,22.90,11.4500,true,1,115163
8718951382718,false,"פלמוליב ג'ל רחצה חימר התחדשות 750 מ""ל",קולגייט פלמוליב,,ג'ל רחצה חימר התחדשו,מיליליטרים,750.00,"100 מ""ל",false,,19.90,0.0265,true,1,100183
8718951431614,false,"סבון רחצה פלמוליב סו פירם מינרלים משאבה 750 מ""ל",קולגייט פלמוליב,,ג'ל רחצה פלמוליב So,מיליליטרים,750.00,"100 מ""ל",false,,19.90,0.0265,true,1,191988
8718951477384,false,"קולגייט משחת שיניים טוטאל ג'ל מתקדם פיור 75 מ""ל",קולגייט פלמוליב,,משחת שיניים טוטל Pur,מיליליטרים,75.00,"100 מ""ל",false,,19.90,0.2653,true,1,237723
8718951509627,false,"קולגייט אופטיק וייט לאוהבי קפה ותה משחת שיניים 75 מ""ל",קולגייט פלמוליב,,קולגייט וואייט להסרת,יחידה,0.00,יחידה,false,,27.90,0.0000,true,1,269664
8719200997998,false,מרגרינה למריחה בישול וטיגון 200 ג' בלו בנד,אתר חיפה מרגרינה - F,,בלו בנד לבישול וטיגו,גרמים,200.00,100 גרם,false,,4.90,0.0245,true,1,11109
8719200998001,false,מרגרינה לאפיה ובישול בלי מלח 200 ג' בלו בנד,יוניליוור ישראל מזון בע\,,בלו בנד ללא מלח 200,גרמים,200.00,100 גרם,false,,4.90,0.0245,true,1,11110
8719200998018,false,מחמאה מרגרינה בטעם חמאה בלובנד 200 גרם,"מיוצר ע""\י יוניליוור ישר",,מחמאה מרגרינה בטעם ח,גרמים,200.00,100 גרם,false,,4.90,0.0245,true,1,11111
8719200998094,false,"מרגרינה מזולה לאפיה ללא תוספת מלח 200גר - 40 יח' -כשל""פ","מיוצר ע""\י יוניליוור ישר",,מזולה מרגרינה לאפייה,גרמים,200.00,100 גרם,false,,6.90,0.0345,true,1,11119
8719200998100,false,מרגרינה מזולה לאפיה טעם חמאה 200גר - 40 יח',פארייפאבה אגרואינדוס,,מזולה מרגרינה לאפייה,גרמים,200.00,100 גרם,false,,6.90,0.0345,true,1,11120
8720181201332,false,דאב אל סבון מוצק גרגרים 90 גרם רביעייה,יוניליוור ישראל טיפוח אי,,סבון מוצק גרגירים דא,גרמים,400.00,100 גרם,false,,17.90,0.0447,true,1,289331
8720182253156,false,דאב אל סבון מוצק מלפפונים 90 גרם רביעייה,יוניליוור ישראל טיפוח אי,,סבון מוצק מלפפון ות,גרמים,400.00,100 גרם,false,,17.90,0.0447,true,1,289332
8720182256850,false,דאב אל סבון מוצק קלאסי 90 גרם רביעייה,יוניליוור ישראל טיפוח אי,,סבון מוצק לבן דאב 4*,גרמים,400.00,100 גרם,false,,17.90,0.0447,true,1,289333
8801055709458,false,אבקה להכנת משקה קפה בטעם קפוצ'ינו קרמל,נסטלה קוריאה - קפה,,נסקפה קפוצ'ינו קרמל,גרמים,170.00,100 גרם,false,,19.50,0.1147,true,1,285023
8801055709465,false,אבקה להכנת משקה קפה בטעם קפוצ'ינו וניל,לוטה נסטלה קוריאה,,נסקפה קפוצ'ינו וניל,גרמים,185.00,100 גרם,false,,19.50,0.1054,true,1,248101
8801055709472,false,נסטלה - נסקפה קפוצ'ינו קלאסי 12.50 גרם * 10,נסטלה קוריאה - קפה,,נסקפה קפוצ'ינו קלאסי,גרמים,185.00,100 גרם,false,,19.50,0.1054,true,1,248102
8801055709489,false,אבקה להכנת משקה קפה בטעם קפוצ'ינו אגוזים,לוטה נסטלה קוריאה,,נסקפה קפוצ'ינו אגוזי,גרמים,185.00,100 גרם,false,,19.50,0.1054,true,1,248103
8850632604266,false,"יוגטה, ממתק חמוץ בצורת מקלות בטעם קולה, 50 גרם",ג'נרל קנדי בעמ,,יוגטה חיספוסים מקלות,גרמים,50.00,100 גרם,false,,3.90,0.0780,true,1,42157
8850632604372,false,"יוגטה, חיספוסים בצורת שטיח בטעם תות שדה 50 גרם",ג'נרל קנדי בעמ,,יוגטה ממתק תות שדה ב,גרמים,50.00,100 גרם,false,,3.90,0.0780,true,1,42158
8850632604402,false,יוגטה חיספוסים בטעם מעורב תות שדה אבטיח ענבים בננה 50 גרם,"ג'נרל קנדי בע""מ",,יוגטה ממתק תות ענבים,גרמים,50.00,100 גרם,false,,3.90,0.0780,true,1,42159
8851613101378,false,"נוזל קוקוס ארוי די 250 מ""ל",תאי אגרי פוד פובליק קו'\,,משקה קוקוס ארוי-די,מיליליטרים,250.00,"100 מ""ל",false,,9.90,0.0396,true,1,3737
8852111025470,false,טונה פסיפיקו בשמן צמ,,,טונה פסיפיקו בשמן צמ,גרמים,285.00,100 גרם,false,,10.50,0.0368,true,1,38566
8901314517463,false,קולגייט מברשת שיניים,פרוקטר אנד גמבל,,קולגייט מברשת שיניים,יחידה,0.00,יחידה,false,,19.90,0.0000,true,1,255703
8901537024014,false,"אורז בסמטי מובחר 1 ק""ג - דוואט) יורה דיעה",הנסיך- מפעל לייצור ט,,וילי פוד אורז בסמטי,גרמים,1000.00,100 גרם,false,,13.50,0.0135,true,1,3307
8901537076679,false,"אורז בסמטי חום מהדרין ויליפוד 1 ק""ג",האי נאם סי או אל.טי.,,אורז בסמטי חום מלא 1,קילוגרמים,1.00,"ק""ג",false,,15.90,15.9000,true,1,3308
8934868127130,false,"Sunlight נוזל כלים 750 מ""ל +משאבה",,,נוזל כלים סאן בניחוח,מיליליטרים,750.00,"100 מ""ל",false,,9.90,0.0132,true,1,144751
9000101380255,false,פרסיל דיסקס לכביסה ניקיון היגייני 22 יחידות,פרסיל Persil,,פרסיל דיסקס לכביסה ל,יח',22.00,יח',false,,34.90,1.5864,true,1,174052
9000101512526,false,פרסיל - פאוור קאפס קפסולות ג'ל מרוכזות לכביסה 26 יח',פרסיל Persil,,פרסיל פאוור קאפס לכב,יח',26.00,יח',false,,34.90,1.3423,true,1,279103
9000101537550,false,פרסיל קאפסולות לכביסה לבנה וצבעונית 52 יח',הנקל סוד,,פרסיל פאוור קאפס קפס,יחידה,0.00,יחידה,false,,65.90,0.0000,true,1,274540
9000101537581,false,פרסיל קאפסולות לכביסה צבעונית 52 יחידו,הנקל סוד,,פרסיל פאוור קאפס קפס,יחידה,0.00,יחידה,false,,65.90,0.0000,true,1,274541
9001616203305,false,זוג פטמות X לבקבוק 6+ חודשים,מאם Mam,,CROSS CUT(X) MAM TEA,יחידה,0.00,יחידה,false,,25.00,0.0000,true,1,1091
9001616620065,false,זוג מוצצי סיליקון 6+חודשים Hebrew Sayings,מאם Mam,,זוג מוצצים סיליקון 6,יח',2.00,יח',false,,35.00,17.5000,true,1,108393
9005835313609,false,קלרו טבליות למדיח כלים 15 יחידות CLARO,קלרו,,טבליות למדיח כלים 15,גרמים,350.00,100 גרם,false,,14.90,0.0426,true,1,246185
9720188050109,false,ממרח על בסיס סויה בסגנון גבינה טופוטי 225 גרם,טופוטי ברנדס אינק.ג',,טופוטי ממרח טופו בטע,גרמים,225.00,100 גרם,false,,21.20,0.0942,true,1,6749
9772305965018,false,מגזין קומיקס-מרשמלו,,,עיתון קומיקס,יחידה,0.00,יחידה,false,,7.50,0.0000,true,1,49448
