code,internal_code,name,manufacturer_name,manufacture_country,manufacturer_item_description,unit_qty,quantity,unit_of_measure,weighted,qty_in_package,price,unit_of_measure_price,allow_discount,status,item_id
2,true,עגבניות,ביכורי שדה דרום 2002,,עגבניות,קילוגרמים,1.00,"ק""ג",true,,5.90,5.9000,true,1,168932
3,true,עגבניות שרי,ביכורי שדה דרום 2002,,עגבניות שרי,קילוגרמים,1.00,"ק""ג",true,,14.90,14.9000,true,1,169341
4,true,מלפפון,ביכורי שדה דרום 2002,,מלפפון,קילוגרמים,1.00,"ק""ג",true,,5.50,5.5000,true,1,170071
6,true,גזר ארוז,ביכורי שדה דרום 2002,,גזר ארוז,קילוגרמים,1.00,"ק""ג",true,,3.90,3.9000,true,1,169744
7,true,סלק,ביכורי שדה דרום 2002,,סלק,קילוגרמים,1.00,"ק""ג",true,,4.90,4.9000,true,1,168471
8,true,כרוב לבן,ביכורי שדה דרום 2002,,כרוב לבן,קילוגרמים,1.00,"ק""ג",true,,3.90,3.9000,true,1,168603
10,true,תפוח אדמה ירושלמי/כו,ירק הגליל,,תפוח אדמה ירושלמי/כוזביה,קילוגרמים,1.00,"ק""ג",true,,13.90,13.9000,true,1,167462
12,true,כרוב אדום,ביכורי שדה דרום 2002,,כרוב אדום,קילוגרמים,1.00,"ק""ג",true,,5.90,5.9000,true,1,169184
13,true,כרובית,ביכורי שדה דרום 2002,,כרובית,קילוגרמים,1.00,"ק""ג",true,,9.90,9.9000,true,1,169205
14,true,צנון,ביכורי שדה דרום 2002,,צנון,קילוגרמים,1.00,"ק""ג",true,,6.90,6.9000,true,1,169214
15,true,צנונית ארוזה,ביכורי שדה דרום 2002,,צנונית ארוזה,Unknown,0.00,Unknown,false,1,5.90,0.0000,true,1,169222
16,true,קישואים,ביכורי שדה דרום 2002,,קישואים,קילוגרמים,1.00,"ק""ג",true,,8.90,8.9000,true,1,167676
19,true,תרד,,,תרד,Unknown,0.00,Unknown,false,1,6.90,0.0000,true,1,169613
20,true,חציל,ביכורי שדה דרום 2002,,חציל,קילוגרמים,1.00,"ק""ג",true,,5.90,5.9000,true,1,169282
22,true,פלפל ירוק,ביכורי שדה דרום 2002,,פלפל ירוק,קילוגרמים,1.00,"ק""ג",true,,8.90,8.9000,true,1,169641
23,true,פלפל בהיר,ביכורי שדה דרום 2002,,פלפל בהיר,קילוגרמים,1.00,"ק""ג",true,,8.90,8.9000,true,1,169649
24,true,פלפל צילי,,,"פלפל צ""ילי",Unknown,0.00,Unknown,false,1,6.90,0.0000,true,1,169654
25,true,פלפל חריף ירוק,ביכורי שדה דרום 2002,,פלפל חריף ירוק,קילוגרמים,1.00,"ק""ג",true,,8.90,8.9000,true,1,168159
26,true,פלפל אדום,ביכורי שדה דרום 2002,,פלפל אדום,קילוגרמים,1.00,"ק""ג",true,,7.90,7.9000,true,1,167775
27,true,פלפל צהוב,ביכורי שדה דרום 2002,,פלפל צהוב,קילוגרמים,1.00,"ק""ג",true,,9.90,9.9000,true,1,168165
28,true,פלפל כתום,ביכורי שדה דרום 2002,,פלפל כתום,קילוגרמים,1.00,"ק""ג",true,,9.90,9.9000,true,1,170038
29,true,פלפל רומריאו/פלפלוני,ירק הגליל,,פלפל רומריאו/פלפלונים,Unknown,0.00,Unknown,false,1,6.90,0.0000,true,1,168177
30,true,מלון,ביכורי שדה דרום 2002,,מלון,קילוגרמים,1.00,"ק""ג",true,,6.90,6.9000,true,1,168180
31,true,בצל יבש,ביכורי שדה דרום 2002,,בצל יבש,קילוגרמים,1.00,"ק""ג",true,,4.50,4.5000,true,1,168661
33,true,בצל יבש אדום,ביכורי שדה דרום 2002,,בצל יבש אדום,קילוגרמים,1.00,"ק""ג",true,,6.90,6.9000,true,1,169349
34,true,בצל ירוק,,,בצל ירוק ארוז,Unknown,0.00,Unknown,false,1,4.90,0.0000,true,1,168989
35,true,קולורבי,ביכורי שדה דרום 2002,,קולורבי,קילוגרמים,1.00,"ק""ג",true,,8.90,8.9000,true,1,168021
36,true,חסה ערבית,ביכורי שדה דרום 2002,,חסה ערבית,Unknown,0.00,Unknown,false,1,3.90,0.0000,true,1,168668
37,true,חסה עגולה,ביכורי שדה דרום 2002,,חסה עגולה,Unknown,0.00,Unknown,false,1,5.90,0.0000,true,1,169697
41,true,סלט בייבי מיקס,,,סלט בייבי מיקס,Unknown,0.00,Unknown,false,1,6.90,0.0000,true,1,168358
44,true,לוף,ביכורי שדה דרום 2002,,לוף,קילוגרמים,1.00,"ק""ג",true,,16.90,16.9000,true,1,170083
50,true,דלעת,ביכורי שדה דרום 2002,,דלעת,קילוגרמים,1.00,"ק""ג",true,,11.50,11.5000,true,1,168686
52,true,שמיר ארוז,,,שמיר ארוז,Unknown,0.00,Unknown,false,1,3.90,0.0000,true,1,168693
53,true,כוסברה ארוזה,,,כוסברה ארוזה,Unknown,0.00,Unknown,false,1,3.90,0.0000,true,1,170094
54,true,נענע ארוזה,,,נענע ארוזה,Unknown,0.00,Unknown,false,1,3.90,0.0000,true,1,168198
55,true,סלרי ראש ארוז,,,סלרי ראש ארוז,Unknown,0.00,Unknown,false,1,4.90,0.0000,true,1,170097
56,true,סלרי אמריקאי ארו,,,סלרי אמריקאי ארו,Unknown,0.00,Unknown,false,1,5.90,0.0000,true,1,170101
57,true,שורש פטרוזיליה ארוז,,,שורש פטרוזיליה ארוז,Unknown,0.00,Unknown,false,1,4.90,0.0000,true,1,170103
59,true,בזיליקום ארוז,,,בזיליקום ארוז,Unknown,0.00,Unknown,false,1,4.90,0.0000,true,1,168708
60,true,תפוח עץ זהב,ביכורי שדה דרום 2002,,תפוח זהב,קילוגרמים,1.00,"ק""ג",true,,9.90,9.9000,true,1,169034
61,true,תפוח עץ סמיט גרנד,ביכורי שדה דרום 2002,,"תפו""ע סמיט גרנד",קילוגרמים,1.00,"ק""ג",true,,9.90,9.9000,true,1,168448
67,true,תפוח עץ גלה,ביכורי שדה דרום 2002,,תפוח עץ גלה,קילוגרמים,1.00,"ק""ג",true,,9.90,9.9000,true,1,168230
70,true,רוקט ארוז,,,רוקט ארוז,Unknown,0.00,Unknown,false,1,4.90,0.0000,true,1,168233
76,true,צנונית במשקל,,,צנונית במשקל,קילוגרמים,1.00,"ק""ג",true,,6.90,6.9000,true,1,169493
82,true,דלעת יפני,,,דלעת יפני,קילוגרמים,1.00,"ק""ג",true,,13.90,13.9000,true,1,168604
87,true,מנגולד ארוז,,,מנגולד ארוז,Unknown,0.00,Unknown,false,1,5.90,0.0000,true,1,169162
89,true,ארטישוק,ביכורי שדה דרום 2002,,ארטישוק,קילוגרמים,1.00,"ק""ג",true,,19.90,19.9000,true,1,169164
90,true,נבטים,ביכורי שדה דרום 2002,,נבטים,Unknown,0.00,Unknown,false,1,4.90,0.0000,true,1,169166
94,true,מלפפון מיני ארוז,,,מלפפון מיני ארוז,Unknown,0.00,Unknown,false,1,7.90,0.0000,true,1,169516
96,true,פטריות במשקל,מרינה פטריות הגליל,,פטריות במשקל,קילוגרמים,1.00,"ק""ג",true,,29.90,29.9000,true,1,168843
97,true,שום יבש,,,שום יבש,Unknown,0.00,Unknown,false,1,6.90,0.0000,true,1,168644
99,true,שומר,ביכורי שדה דרום 2002,,שומר,קילוגרמים,1.00,"ק""ג",true,,7.90,7.9000,true,1,167992
100,true,תות שדה,ביכורי שדה דרום 2002,,תות שדה יחידה,Unknown,0.00,Unknown,false,,19.90,0.0000,true,1,167350
101,true,תירס ארוז,ביכורי שדה דרום 2002,,תירס ארוז,קילוגרמים,1.00,"ק""ג",true,,9.90,9.9000,true,1,167525
102,true,בטטה,ביכורי שדה דרום 2002,,בטטה,קילוגרמים,1.00,"ק""ג",true,,7.90,7.9000,true,1,167358
103,true,ברוקולי ארוז,ביכורי שדה דרום 2002,,ברוקולי ארוז,קילוגרמים,1.00,"ק""ג",true,,16.90,16.9000,true,1,167424
104,true,תפוח אדמה לבן,ביכורי שדה דרום 2002,,"תפו""א לבן",קילוגרמים,1.00,"ק""ג",true,,3.90,3.9000,true,1,167362
105,true,תפוח אדמה אדום,ביכורי שדה דרום 2002,,"תפו""א אדום",קילוגרמים,1.00,"ק""ג",true,,4.90,4.9000,true,1,167363
106,true,תפוח עץ ורוד,ביכורי שדה דרום 2002,,"תפו""ע ורוד",קילוגרמים,1.00,"ק""ג",true,,13.90,13.9000,true,1,167530
107,true,תפוח עץ חרמון/סטרקינ,ביכורי שדה דרום 2002,,"תפו""ע חרמון/סטרקינג",קילוגרמים,1.00,"ק""ג",true,,10.90,10.9000,true,1,167442
108,true,אגס ירוק,ביכורי שדה דרום 2002,,אגס ירוק,קילוגרמים,1.00,"ק""ג",true,,11.90,11.9000,true,1,167444
110,true,בננה,ביכורי שדה דרום 2002,,בננה,קילוגרמים,1.00,"ק""ג",true,,5.90,5.9000,true,1,167374
111,true,ענב לבן,ביכורי שדה דרום 2002,,ענב לבן,קילוגרמים,1.00,"ק""ג",true,,21.90,21.9000,true,1,169875
112,true,ענב שחור,ביכורי שדה דרום 2002,,ענב שחור,קילוגרמים,1.00,"ק""ג",true,,18.50,18.5000,true,1,167631
113,true,שזיף אדום,ביכורי שדה דרום 2002,,שזיף אדום,קילוגרמים,1.00,"ק""ג",true,,17.90,17.9000,true,1,167540
118,true,מנגו,ביכורי שדה דרום 2002,,מנגו,קילוגרמים,1.00,"ק""ג",true,,12.90,12.9000,true,1,167402
119,true,תפוזים,ביכורי שדה דרום 2002,,תפוזים,קילוגרמים,1.00,"ק""ג",true,,5.90,5.9000,true,1,167401
120,true,תפוז ברשת,ביכורי שדה דרום 2002,,תפוז דם,קילוגרמים,1.00,"ק""ג",true,,5.90,5.9000,true,1,167403
123,true,אשכולית לבנה,ביכורי שדה דרום 2002,,אשכולית,קילוגרמים,1.00,"ק""ג",true,,5.90,5.9000,true,1,168054
125,true,לימון,ביכורי שדה דרום 2002,,לימון,קילוגרמים,1.00,"ק""ג",true,,7.90,7.9000,true,1,167479
126,true,קלמנטינה,ביכורי שדה דרום 2002,,קלמנטינה,קילוגרמים,1.00,"ק""ג",true,,6.90,6.9000,true,1,169906
127,true,פומלה אדומה,ביכורי שדה דרום 2002,,פומלה אדומה,קילוגרמים,1.00,"ק""ג",true,,7.90,7.9000,true,1,169907
128,true,פומלית,ביכורי שדה דרום 2002,,פומלית,קילוגרמים,1.00,"ק""ג",true,,5.90,5.9000,true,1,168062
129,true,אבוקדו,ביכורי שדה דרום 2002,,אבוקדו,קילוגרמים,1.00,"ק""ג",true,,11.50,11.5000,true,1,168386
130,true,פלפל שושקה,,,פלפל שושקה,קילוגרמים,1.00,"ק""ג",true,,13.90,13.9000,true,1,167489
131,true,אפרסמון,ביכורי שדה דרום 2002,,אפרסמון,קילוגרמים,1.00,"ק""ג",true,,13.50,13.5000,true,1,169909
132,true,קיווי,ביכורי שדה דרום 2002,,קיווי,קילוגרמים,1.00,"ק""ג",true,,16.90,16.9000,true,1,168390
134,true,אנונה,ביכורי שדה דרום 2002,,אנונה,קילוגרמים,1.00,"ק""ג",true,,21.90,21.9000,true,1,169559
138,true,סברס,ביכורי שדה דרום 2002,,סברס,קילוגרמים,1.00,"ק""ג",true,,28.90,28.9000,true,1,168396
139,true,רימון,ביכורי שדה דרום 2002,,רימון,קילוגרמים,1.00,"ק""ג",true,,7.90,7.9000,true,1,168397
143,true,אננס,ביכורי שדה דרום 2002,,אננס,Unknown,0.00,Unknown,false,1,29.90,0.0000,true,1,169918
146,true,פטאיה,,,פטאיה,קילוגרמים,1.00,"ק""ג",true,,29.90,29.9000,true,1,168878
150,true,חמציץ,,,חמציץ,Unknown,0.00,Unknown,false,1,8.90,0.0000,true,1,167555
151,true,קרמבולה,ביכורי שדה דרום 2002,,קרמבולה,קילוגרמים,1.00,"ק""ג",true,,29.90,29.9000,true,1,169922
153,true,פטרוזיליה ארוזה,,,פטרוזיליה ארוזה,Unknown,0.00,Unknown,false,1,3.90,0.0000,true,1,167668
155,true,פטריות פורטבלה במשקל,חוות השמפיניון,,פטריות פורטבלה במשקל,קילוגרמים,1.00,"ק""ג",true,,29.90,29.9000,true,1,169225
157,true,קובו,ירק הגליל,,קובו,קילוגרמים,1.00,"ק""ג",true,,27.90,27.9000,true,1,168415
159,true,אפרסמון קרמבו,ירק הגליל,,אפרסמון קרמבו,קילוגרמים,1.00,"ק""ג",true,,13.50,13.5000,true,1,169228
162,true,ערמונים,,,ערמונים,קילוגרמים,1.00,"ק""ג",true,,17.90,17.9000,true,1,168427
163,true,פומלה לבנה,ביכורי שדה דרום 2002,,פומלה לבנה,קילוגרמים,1.00,"ק""ג",true,,7.90,7.9000,true,1,168892
171,true,תפוח אדמה למיקרו 700,ביכורי שדה דרום 2002,,"תפו""א למיקרו",גרמים,700.00,100 גרם,false,1,4.90,0.7000,true,1,167691
173,true,אוכמניות טריות,פרי וירק טמרה ושותפי,,אוכמניות,Unknown,0.00,Unknown,false,1,14.90,0.0000,true,1,167583
178,true,זוקיני,,,זוקיני,קילוגרמים,1.00,"ק""ג",true,,11.90,11.9000,true,1,169600
179,true,דלעת ערמונים,ירק הגליל,,דלעת ערמונים,קילוגרמים,1.00,"ק""ג",true,,14.90,14.9000,true,1,168098
182,true,שורש פטרוזיליה,פרי וירק טמרה ושותפי,,שורש פטרוזיליה,Unknown,0.00,Unknown,false,1,4.90,0.0000,true,1,168100
185,true,אשכולית אדומה,ביכורי שדה דרום 2002,,אשכולית אדומה,קילוגרמים,1.00,"ק""ג",true,,5.90,5.9000,true,1,167714
186,true,גינגיר ארוז,,,"ג""ינג""יר ארוז",Unknown,0.00,Unknown,false,1,11.90,0.0000,true,1,168112
188,true,אגס נאשי לבן,ביכורי שדה דרום 2002,,אגס נאשי לבן,קילוגרמים,1.00,"ק""ג",true,,16.90,16.9000,true,1,169974
194,true,פטל אדום,,,פטל אדום,Unknown,0.00,Unknown,false,1,24.90,0.0000,true,1,167604
241,true,רו בייקון,ישרקו שיווק מותגי מז,,רו בייקון,קילוגרמים,1.00,"ק""ג",true,,269.00,269.0000,true,1,168157
252,true,סלמי טורו,ישרקו שיווק מותגי מז,,סלמי סלמין,קילוגרמים,1.00,"ק""ג",true,,159.00,159.0000,true,1,169318
301,true,שוק שלם,זילבר תעשיות מוצרי ב,,שוק שלם,קילוגרמים,1.00,"ק""ג",true,,129.00,129.0000,true,1,168659
302,true,נקניקיות קנקרס,זילבר תעשיות מוצרי ב,,קנקר,קילוגרמים,1.00,"ק""ג",true,,59.00,59.0000,true,1,168660
316,true,מיני שוק,זילבר תעשיות מוצרי ב,,מיני שוק,קילוגרמים,1.00,"ק""ג",true,,119.00,119.0000,true,1,168985
317,true,פסטרמה צוואר מעושן,זילבר תעשיות מוצרי ב,,פסטרמה צוואר מעושן,קילוגרמים,1.00,"ק""ג",true,,169.00,169.0000,true,1,168663
319,true,שפק מעושן,זילבר תעשיות מוצרי ב,,שפק,קילוגרמים,1.00,"ק""ג",true,,199.00,199.0000,true,1,168018
320,true,רולדה וינאית,זילבר תעשיות מוצרי ב,,רולדה וינאית/שולטר אמריקאי,קילוגרמים,1.00,"ק""ג",true,,109.00,109.0000,true,1,169347
322,true,בק בייקון,זילבר תעשיות מוצרי ב,,בק ביקון,קילוגרמים,1.00,"ק""ג",true,,119.00,119.0000,true,1,168987
323,true,נקניקיות קוקטייל בוא,זילבר תעשיות מוצרי ב,,נקניק דוקטורסקיה,קילוגרמים,1.00,"ק""ג",true,,59.00,59.0000,true,1,170057
330,true,חזה הודו ברביקיו/פלפ,זילבר תעשיות מוצרי ב,,חזה הודו ברביקיו/פלפ,קילוגרמים,1.00,"ק""ג",true,,59.00,59.0000,true,1,169350
354,true,סרדלקה קינדר,מעדני בשר יהודה,,סרדלקה קינדר,קילוגרמים,1.00,"ק""ג",true,,29.00,29.0000,true,1,168195
363,true,סרדלקה עגל,מעדני בשר יהודה,,סרדלקה עגל,קילוגרמים,1.00,"ק""ג",true,,35.00,35.0000,true,1,168670
364,true,נקניק ילדים,מעדני בשר יהודה,,נקניק ילדים,קילוגרמים,1.00,"ק""ג",true,,35.00,35.0000,true,1,167804
368,true,נקניק בייגלה,מעדני בשר יהודה,,נקניק בייגלה,קילוגרמים,1.00,"ק""ג",true,,59.00,59.0000,true,1,167805
371,true,נקניק מורטדלה,מעדני בשר יהודה,,נקניק מורטדלה,קילוגרמים,1.00,"ק""ג",true,,42.00,42.0000,true,1,168672
373,true,פריזר מיני/ עם שום/,מעדני בשר יהודה,,פריזר מיני,קילוגרמים,1.00,"ק""ג",true,,42.00,42.0000,true,1,168350
375,true,פסטרמה הודו ברבקיו/מ,מעדני בשר יהודה,,פסטרמה הודו ברבקיו/מעושנת/חרמון/רומנית,קילוגרמים,1.00,"ק""ג",true,,59.00,59.0000,true,1,168673
376,true,נקניק עוף,מעדני בשר יהודה,,נקניק עוף,קילוגרמים,1.00,"ק""ג",true,,49.00,49.0000,true,1,170065
378,true,חזה בקר מעושן/פלפל,מעדני בשר יהודה,,חזה בקר מעושן/פלפל,קילוגרמים,1.00,"ק""ג",true,,79.00,79.0000,true,1,169698
379,true,נקניק תה רוסי,זילבר תעשיות מוצרי ב,,נקניק תה רוסי,קילוגרמים,1.00,"ק""ג",true,,69.00,69.0000,true,1,170066
381,true,פסטרמה הודו פרפר מעו,מעדני בשר יהודה,,פסטרמה הודו פרפר חוט,קילוגרמים,1.00,"ק""ג",true,,65.00,65.0000,true,1,167806
382,true,חזה הודו מעודן,מעדני בשר יהודה,,חזה הודו מעודן,קילוגרמים,1.00,"ק""ג",true,,95.00,95.0000,true,1,168352
387,true,קבנוס/ קבנוס פיקנטי,מעדני בשר יהודה,,קבנוס/ קבנוס פיקנטי,קילוגרמים,1.00,"ק""ג",true,,59.00,59.0000,true,1,170067
389,true,נקניקיות פס אדום/ שח,מעדני בשר יהודה,,נקניקיות פס אדום/ שח,קילוגרמים,1.00,"ק""ג",true,,29.00,29.0000,true,1,170068
392,true,נקניק צרקסקיה,,,נקניק צרקסקיה,קילוגרמים,1.00,"ק""ג",true,,129.00,129.0000,true,1,168993
783,true,קוטלט הודו,מעדני רובינשטיין תעש,,קוטלט הודו,קילוגרמים,1.00,"ק""ג",true,,129.00,129.0000,true,1,168314
800,true,תה מעושן רחב,נקניק נהריה כשר זוגל,,תה מעושן רחב,קילוגרמים,1.00,"ק""ג",true,,45.00,45.0000,true,1,169152
845,true,סרדלקי סביניה,מעדני בשר השוקת,,סרדלקי סביניה,קילוגרמים,1.00,"ק""ג",true,,75.00,75.0000,true,1,169499
846,true,דוקטורסקיה דימוב,מעדני בשר השוקת,,דוקטורסקיה דימוב,קילוגרמים,1.00,"ק""ג",true,,85.00,85.0000,true,1,170197
847,true,מולוצניה דימוב,מעדני בשר השוקת,,"מולוצ""ניה דימוב",קילוגרמים,1.00,"ק""ג",true,,85.00,85.0000,true,1,170198
849,true,ליברניה,מעדני בשר השוקת,,ליברניה,קילוגרמים,1.00,"ק""ג",true,,79.00,79.0000,true,1,168605
855,true,מוסקובסקיה דימוב,מעדני בשר השוקת,,מוסקובסקיה דימוב,קילוגרמים,1.00,"ק""ג",true,,135.00,135.0000,true,1,167975
856,true,סרוולט דימוב,מעדני בשר השוקת,,סרוולט דימוב,קילוגרמים,1.00,"ק""ג",true,,99.00,99.0000,true,1,167976
861,true,בראונשווייגסקיה חי,מעדני בשר השוקת,,בראונשווייגסקיה חי,קילוגרמים,1.00,"ק""ג",true,,159.00,159.0000,true,1,169502
865,true,וטצינה לארוחת בוקר,מעדני בשר השוקת,,"וטצ""ינה לארוחת בוקר",קילוגרמים,1.00,"ק""ג",true,,85.00,85.0000,true,1,169160
888,true,נקניק חי סלמי סוגוק,ישרקו שיווק מותגי מז,,נקניק חי סלמי סוגוק,קילוגרמים,1.00,"ק""ג",true,,155.00,155.0000,true,1,168327
893,true,סרוולט איטלקי,,,סרוולט איטלקי,קילוגרמים,1.00,"ק""ג",true,,109.00,109.0000,true,1,170202
910,true,קוטלט מעושן חצי,מעדני בשר השוקת,,קוטלט מעושן חצי,קילוגרמים,1.00,"ק""ג",true,,99.00,99.0000,true,1,168329
911,true,פולקה איטלקי,מעדני בשר השוקת,,פולקה איטלקי,קילוגרמים,1.00,"ק""ג",true,,95.00,95.0000,true,1,168330
915,true,לוביטלסקיה חצי,מעדני בשר השוקת,,לוביטלסקיה חצי,קילוגרמים,1.00,"ק""ג",true,,85.00,85.0000,true,1,169859
917,true,דוקטורסקיה חצי,מעדני בשר השוקת,,דוקטורסקיה חצי,קילוגרמים,1.00,"ק""ג",true,,85.00,85.0000,true,1,168839
920,true,בוזנינה,מעדני בשר השוקת,,"בוז""נינה",קילוגרמים,1.00,"ק""ג",true,,109.00,109.0000,true,1,169511
921,true,יאזיקוביה חצי,מעדני בשר השוקת,,יזיקובה חצי,קילוגרמים,1.00,"ק""ג",true,,85.00,85.0000,true,1,169512
922,true,סינטה חצי עם פלפל/ ש,מעדני בשר השוקת,,סינטה חצי בטעמים,קילוגרמים,1.00,"ק""ג",true,,99.00,99.0000,true,1,170208
925,true,צוואר מעושן,מעדני בשר השוקת,,צוואר מעושן,קילוגרמים,1.00,"ק""ג",true,,109.00,109.0000,true,1,168339
943,true,אודסקיה,מעדני בשר השוקת,,אודסקיה,קילוגרמים,1.00,"ק""ג",true,,79.00,79.0000,true,1,169177
951,true,סלמי פיקולו,,,סלמי פיקולו,קילוגרמים,1.00,"ק""ג",true,,169.00,169.0000,true,1,168619
952,true,נקניק הרץ בעישון קר,,,נקניק הרץ בעישון קר,קילוגרמים,1.00,"ק""ג",true,,165.00,165.0000,true,1,168342
961,true,שפק מעושן חצי,מעדני בשר השוקת,,שפק מעושן -חצי,קילוגרמים,1.00,"ק""ג",true,,139.00,139.0000,true,1,168643
1079,true,חזה בקר מעושן,קרלברג ייצור ושיווק,,מוסקובסקייה,קילוגרמים,1.00,"ק""ג",true,,76.00,76.0000,true,1,167532
1080,true,חזה בקר צילי,,,נקניק פלרמו,קילוגרמים,1.00,"ק""ג",true,,76.00,76.0000,true,1,168846
1111,true,זרניסטיה שלם,מעדני מניה תעשיות בש,,זרניסטיה שלם,קילוגרמים,1.00,"ק""ג",true,,152.00,152.0000,true,1,167535
1115,true,נקניקיות וינה,מעדני מניה תעשיות בש,,נקניקיות וינה,קילוגרמים,1.00,"ק""ג",true,,35.00,35.0000,true,1,169526
1116,true,מילאנו חי שלם,מעדני מניה תעשיות בש,,מילנו חי שלם,קילוגרמים,1.00,"ק""ג",true,,152.00,152.0000,true,1,169527
1171,true,פסטרמה הודו בדבש,קרלברג ייצור ושיווק,,נקניק אגוזית,קילוגרמים,1.00,"ק""ג",true,,59.00,59.0000,true,1,178736
1172,true,פסטרמה הודו גחלים,קרלברג ייצור ושיווק,,נקניק צרסקיה,קילוגרמים,1.00,"ק""ג",true,,59.00,59.0000,true,1,169181
1175,true,חזה אווז מעושן,קרלברג ייצור ושיווק,,נקניק ונסקיה,קילוגרמים,1.00,"ק""ג",true,,175.00,175.0000,true,1,178737
1177,true,כתף בקר בצילי,קרלברג ייצור ושיווק,,טורינו חי,קילוגרמים,1.00,"ק""ג",true,,85.00,85.0000,true,1,169536
1178,true,כתף בקר בשום,קרלברג ייצור ושיווק,,נקניק הרץ שלם,קילוגרמים,1.00,"ק""ג",true,,85.00,85.0000,true,1,169183
1179,true,חזה בקר פלפל,קרלברג ייצור ושיווק,,נקניק מוסקובסקיה/לבו,קילוגרמים,1.00,"ק""ג",true,,76.00,76.0000,true,1,178735
1218,true,פסטרמה הודו עם אווז,ישרקו שיווק מותגי מז,,פסטרמה הודו עם אווז,קילוגרמים,1.00,"ק""ג",true,,139.00,139.0000,true,1,167542
1246,true,סרוולט אוסטרי שלם,ישרקו שיווק מותגי מז,,סרוולט אוסטרי,קילוגרמים,1.00,"ק""ג",true,,166.00,166.0000,true,1,177846
1252,true,סלמי טורו שלם,ישרקו שיווק מותגי מז,,סלמין שלם,קילוגרמים,1.00,"ק""ג",true,,156.00,156.0000,true,1,167483
1273,true,קופה איטליאנה,,,קופה איטליאנה,קילוגרמים,1.00,"ק""ג",true,,259.00,259.0000,true,1,197973
1319,true,פריזר ילדים,זילבר תעשיות מוצרי ב,,פריזר ילדים,קילוגרמים,1.00,"ק""ג",true,,65.00,65.0000,true,1,195117
1330,true,נקניקיות פרנקפורטר ב,זילבר תעשיות מוצרי ב,,נקניקיות עגל בואקום,קילוגרמים,1.00,"ק""ג",true,,59.00,59.0000,true,1,189322
1363,true,סרדלקי עוף,מעדני בשר יהודה,,סרדלקי עוף,קילוגרמים,1.00,"ק""ג",true,,35.00,35.0000,true,1,176332
1371,true,כתף בקר,מעדני בשר יהודה,,כתף בקר,קילוגרמים,1.00,"ק""ג",true,,95.00,95.0000,true,1,169354
1372,true,פריזר מעושן פרימיום,מעדני בשר יהודה,,פריזר מעושן פרימיום,קילוגרמים,1.00,"ק""ג",true,,45.00,45.0000,true,1,177205
1374,true,רוסטביף,מעדני בשר יהודה,,רוסטביף,קילוגרמים,1.00,"ק""ג",true,,95.00,95.0000,true,1,169560
1376,true,פסטרמה הודו פרפר בר,מעדני בשר יהודה,,פסטרמה פרפר הודו ברשת,קילוגרמים,1.00,"ק""ג",true,,65.00,65.0000,true,1,176372
1377,true,נקניק ביתי דיברובסקי,מעדני בשר יהודה,,נקניק ביתי דיברובסקיה,קילוגרמים,1.00,"ק""ג",true,,65.00,65.0000,true,1,177252
1379,true,נקניק תה רוסי מיני,זילבר תעשיות מוצרי ב,,פריזר ילדים,קילוגרמים,1.00,"ק""ג",true,,69.00,69.0000,true,1,177019
1389,true,נקניקיות פס אדום/שחו,מעדני בשר יהודה,,נקניקיות פס אדום/שחור בוואקום,קילוגרמים,1.00,"ק""ג",true,,29.00,29.0000,true,1,169212
1472,true,נקניק ליפצקיה שלם,"ולדמן ביח""ר לנקניק ו",,נקניק ליפצקיה שלם,קילוגרמים,1.00,"ק""ג",true,,96.00,96.0000,true,1,169563
1541,true,נקניק רוסקיה שלם,מעדני מניה תעשיות בש,,נקניק רוסקיה,קילוגרמים,1.00,"ק""ג",true,,152.00,152.0000,true,1,168884
1576,true,בראונשבייסקייה שלם,מעדני מניה תעשיות בש,,בראונשבייסקייה שלם,קילוגרמים,1.00,"ק""ג",true,,152.00,152.0000,true,1,169226
1578,true,פסטרמה הודו פרפר מעו,מעדני מניה תעשיות בש,,פסטרמה הודו פרפר מעושן,קילוגרמים,1.00,"ק""ג",true,,59.00,59.0000,true,1,177302
1622,true,פסטרמה הודו פרפר בגר,קרלברג ייצור ושיווק,,פסטרמה הודו פרפר בגריל,קילוגרמים,1.00,"ק""ג",true,,59.00,59.0000,true,1,168891
1840,true,נקניקיות שמנת אישי ב,,,נקניקיות שמנת אישי בוואקום של דימוב,קילוגרמים,1.00,"ק""ג",true,,79.00,79.0000,true,1,193902
1846,true,נקניק דוקטורסקיה דימ,,,נקניק דוקטורסקיה דימוב,קילוגרמים,1.00,"ק""ג",true,,85.00,85.0000,true,1,182609
1847,true,נקניק מולוצניה דימוב,,,נקניק מולוצניה דימוב,קילוגרמים,1.00,"ק""ג",true,,85.00,85.0000,true,1,182610
1857,true,סלמי פינסקיה דימוב ש,מעדני בשר השוקת,,סלמי פינסקיה דימוב שלם,קילוגרמים,1.00,"ק""ג",true,,96.00,96.0000,true,1,169273
1892,true,נקניק סלמי פפרוני/הו,מעדני בשר השוקת,,נקניק סלמי פפרוני/הו,קילוגרמים,1.00,"ק""ג",true,,150.00,150.0000,true,1,167722
1895,true,גרודינקה,מעדני בשר השוקת,,גרודינקה,קילוגרמים,1.00,"ק""ג",true,,139.00,139.0000,true,1,168927
1910,true,קוטלט מעושן בואקום,,,קוטלט מעושן בואקום,קילוגרמים,1.00,"ק""ג",true,,99.00,99.0000,true,1,193899
1913,true,פסטרמה לבנה/מעושנת/פ,,,פסטרמה לבנה/מעושנת/פלפל/חרדל גוש בואקום,קילוגרמים,1.00,"ק""ג",true,,95.00,95.0000,true,1,193900
1951,true,סלמי פיקולו שלם,,,סלמי פיקולו,קילוגרמים,1.00,"ק""ג",true,,166.00,166.0000,true,1,167728
1952,true,נקניק הרץ בעישון קר,,,נקניק הרץ בעישון קר,קילוגרמים,1.00,"ק""ג",true,,162.00,162.0000,true,1,183372
2130,true,גבינה גאודה פסטו ירו,,,גבינת גאודה פסטו ירוק,קילוגרמים,1.00,"ק""ג",true,,119.00,119.0000,true,1,178655
2145,true,תחליף גבינה גאודה עם,,,תחליף גבינה גאודה עם עגבניות ושום,קילוגרמים,1.00,"ק""ג",true,,79.00,79.0000,true,1,180613
2169,true,תחליף גבינה פטה לבן,,,גבינה פטה לבן,קילוגרמים,1.00,"ק""ג",true,,24.00,24.0000,true,1,168951
2170,true,קאש 5%,טריקטה,,קאש 5%,קילוגרמים,1.00,"ק""ג",true,,49.00,49.0000,true,1,169299
2171,true,גבינה צדר עם חמוציות,טריקטה,,גבינה צדר עם חמוציות,קילוגרמים,1.00,"ק""ג",true,,159.00,159.0000,true,1,167746
2180,true,גבינת גאודה חרדל,,,גבינת גאודה חרדל,קילוגרמים,1.00,"ק""ג",true,,119.00,119.0000,true,1,168586
2185,true,גבינת צדר מעושן דורס,,,גבינת צדר מעושן דורסט רד,קילוגרמים,1.00,"ק""ג",true,,139.00,139.0000,true,1,168143
2188,true,גבינה אמנטל צרפתי,,,גבינה אמנטל צרפתי,קילוגרמים,1.00,"ק""ג",true,,109.00,109.0000,true,1,168144
2190,true,גבינה צדר מיושן,,,גבינה צדר מיושן,קילוגרמים,1.00,"ק""ג",true,,129.00,129.0000,true,1,167748
2194,true,גבינה גאודה עיזים,,,גבינה גאודה עיזים,קילוגרמים,1.00,"ק""ג",true,,139.00,139.0000,true,1,169300
2196,true,גבינה צדר גרמני לבן,,,גבינת צדר גרמני לבן,קילוגרמים,1.00,"ק""ג",true,,89.00,89.0000,true,1,167647
2199,true,גבינה גאודה מיושנת ג,,,גבינת גאודה מיושנת גלגל,קילוגרמים,1.00,"ק""ג",true,,119.00,119.0000,true,1,170012
2236,true,גבינה אולד אמסטרדם ג,,,"גבינה באוסקס/ריז""סקי",קילוגרמים,1.00,"ק""ג",true,,149.00,149.0000,true,1,167753
2241,true,חטיפי גבינה מעושנת ב,,,חטיפי גבינה מעושנת בטעמים,קילוגרמים,1.00,"ק""ג",true,,99.00,99.0000,true,1,169304
2260,true,גבינה גאודה צילי,לנדנה,,גבינה גאודה צילי,קילוגרמים,1.00,"ק""ג",true,,99.00,99.0000,true,1,169305
2269,true,גבינה צדר אנגלי,,,גבינה צדר אנגלי,קילוגרמים,1.00,"ק""ג",true,,99.00,99.0000,true,1,185144
2271,true,גבינה קשה כבשים כמהי,,,גבינה קשה כבשים כמהין,קילוגרמים,1.00,"ק""ג",true,,199.00,199.0000,true,1,188009
2276,true,גבינה גרוייר מילד מר,,,גבינה גרוייר מילד מרובע,קילוגרמים,1.00,"ק""ג",true,,189.00,189.0000,true,1,188325
2510,true,גבינה עמק,,,עמק משקל,קילוגרמים,1.00,"ק""ג",true,,44.79,44.7900,true,1,169316
2512,true,גבינה טל העמק,,,גבינה טל העמק,קילוגרמים,1.00,"ק""ג",true,,65.00,65.0000,true,1,168160
2517,true,גבינה סקנדינבית,,,גבינה סקנדינבית,קילוגרמים,1.00,"ק""ג",true,,79.00,79.0000,true,1,167768
2520,true,גבינה בולגרית 24%,,,גבינה בולגרית 24%,קילוגרמים,1.00,"ק""ג",true,,59.00,59.0000,true,1,170024
2655,true,גבינה שוויצרי,ספומלק,,גבינה שוויצרי,קילוגרמים,1.00,"ק""ג",true,,72.00,72.0000,true,1,175922
2689,true,תחליף גבינה גורמן מע,,,תחליף גבינה גורמן מעושן,קילוגרמים,1.00,"ק""ג",true,,69.00,69.0000,true,1,181809
2690,true,תחליף גבינה סבליה,סבליה,,תחליף גבינה סבליה,קילוגרמים,1.00,"ק""ג",true,,69.00,69.0000,true,1,182031
2691,true,תחליף גבינה דברו,סבליה,,תחליף גבינה דברו,קילוגרמים,1.00,"ק""ג",true,,69.00,69.0000,true,1,182032
2692,true,תחליף גבינה רוסייסקי,סבליה,,תחליף גבינה רוסייסקי,קילוגרמים,1.00,"ק""ג",true,,69.00,69.0000,true,1,182033
2728,true,גבינת עיזים קברה יין,,,גבינת עיזים קברה יין,קילוגרמים,1.00,"ק""ג",true,,199.00,199.0000,true,1,182477
2729,true,גבינת קרם ציז פילדלפ,,,גבינת קרם ציז פילדלפיה,קילוגרמים,1.00,"ק""ג",true,,75.00,75.0000,true,1,202981
2786,true,גבינת מלוסין עיזים,,,גבינת מלוסין עיזים,קילוגרמים,1.00,"ק""ג",true,,169.00,169.0000,true,1,182470
2900,true,גבינה צדר טריפל,שבינגטון,,גבינה צדר טריפל,קילוגרמים,1.00,"ק""ג",true,,139.00,139.0000,true,1,180181
2940,true,גבינת גאודה אגוזים,,,גבינת גאודה אגוזים ה,קילוגרמים,1.00,"ק""ג",true,,139.00,139.0000,true,1,168012
6137,true,גבינה פרובולונה,,,גבינה פרובולונה,קילוגרמים,1.00,"ק""ג",true,,129.00,129.0000,true,1,168449
6140,true,גבינה אמנטל,,,גבינה אמנטל,קילוגרמים,1.00,"ק""ג",true,,129.00,129.0000,true,1,167865
6145,true,זיתים ממולאים גבינת,,,זיתים ממולאים גבינת שמנת,קילוגרמים,1.00,"ק""ג",true,,149.00,149.0000,true,1,201450
6159,true,גבינה טרופדו כמהין,,,פריט לא קיים,קילוגרמים,1.00,"ק""ג",true,,229.00,229.0000,true,1,169752
6166,true,גבינה מנצגו חום,,,גבינה מנצגו חום,קילוגרמים,1.00,"ק""ג",true,,139.00,139.0000,true,1,169754
6203,true,טבורוג 9% פרמרסקי,,,טבורוג 9% פרמרסקי,קילוגרמים,1.00,"ק""ג",true,,39.00,39.0000,true,1,167871
6380,true,גבינה טבורוג שוקולד,,,מקרל קר,קילוגרמים,1.00,"ק""ג",true,,59.00,59.0000,true,1,169052
6394,true,גבינה צדר כתום אנגלי,,,גבינה צדר כתום אנגלי,קילוגרמים,1.00,"ק""ג",true,,129.00,129.0000,true,1,167882
6395,true,גבינה שברה/בושה עיזי,,,גבינה שברה עיזים,קילוגרמים,1.00,"ק""ג",true,,159.00,159.0000,true,1,168463
6397,true,גבינה גאודה עיזים,,,גבינה גאודה עיזים,קילוגרמים,1.00,"ק""ג",true,,159.00,159.0000,true,1,169055
6398,true,גבינה אולד אמסטרדם,,,גבינה אולד אמסטרדם,קילוגרמים,1.00,"ק""ג",true,,189.00,189.0000,true,1,168739
6400,true,גבינה דנבלו,,,גבינה דנה בלו,קילוגרמים,1.00,"ק""ג",true,,99.00,99.0000,true,1,169056
6402,true,גבינה פרמזן איטלקי,,,גבינה פרמזן איטלקי,קילוגרמים,1.00,"ק""ג",true,,129.00,129.0000,true,1,169057
6405,true,כדורי מוצרלה,,,כדורי מוצרלה,קילוגרמים,1.00,"ק""ג",true,,99.00,99.0000,true,1,169058
6408,true,גבינה טבורוג וניל/דו,,,גבינה טבורוג וניל/דובדבן/חמוציות/צימוקים,קילוגרמים,1.00,"ק""ג",true,,49.00,49.0000,true,1,168465
6414,true,טבורוג כפרי,,,טבורוג כפרי,קילוגרמים,1.00,"ק""ג",true,,36.00,36.0000,true,1,169411
6422,true,גבינה גרוזינית,,,גבינה גרוזינית,קילוגרמים,1.00,"ק""ג",true,,69.00,69.0000,true,1,184114
6425,true,שמנת סליבקי,,,סליבקי,קילוגרמים,1.00,"ק""ג",true,,49.00,49.0000,true,1,184117
6426,true,שמנת חמוצה,,,שמנת חמוצה,קילוגרמים,1.00,"ק""ג",true,,22.00,22.0000,true,1,184118
6428,true,גבינה גאודה הולנדית,,,גבינה גאודה הולנדית,קילוגרמים,1.00,"ק""ג",true,,89.00,89.0000,true,1,184120
6429,true,גבינה מאסדם הולנדית,,,גבינה מסדאם הולנדית,קילוגרמים,1.00,"ק""ג",true,,89.00,89.0000,true,1,184121
6437,true,גבינת קשקבל גלגל,,,גבינת קשקבל גלגל,קילוגרמים,1.00,"ק""ג",true,,124.00,124.0000,true,1,202547
6589,true,גבינה אדם כדור,,NL,גבינה אדם כדור,קילוגרמים,1.00,"ק""ג",true,,79.00,79.0000,true,1,188093
7321,true,פילה סלמון,הרמס דגים,,סלמון שלם/פילה סלמון,קילוגרמים,1.00,"ק""ג",true,,165.00,165.0000,true,1,169144
7327,true,דג סלמון מעושן פרוס,הרמס דגים,,דג פורל/סלמון מעושן פרוס,קילוגרמים,1.00,"ק""ג",true,,165.00,165.0000,true,1,168818
7332,true,דג מקרל מעושן קר בשמ,הרמס דגים,,מקרל מעושן קר,קילוגרמים,1.00,"ק""ג",true,,89.00,89.0000,true,1,168305
7333,true,דג מקרל מעושן קטן אר,הרמס דגים,,דג מקרל מעושן קטן ארוז,קילוגרמים,1.00,"ק""ג",true,,65.00,65.0000,true,1,203000
7334,true,מקרל מעושן גדול,הרמס דגים,,מקרל מעושן גדול,קילוגרמים,1.00,"ק""ג",true,,89.00,89.0000,true,1,202998
7344,true,דג הליבוט (פלטוס),הרמס דגים,,דג הליבוט (פלטוס),קילוגרמים,1.00,"ק""ג",true,,159.00,159.0000,true,1,167958
7348,true,דג רוטבש,הרמס דגים,,דג רוטבש,קילוגרמים,1.00,"ק""ג",true,,95.00,95.0000,true,1,168579
7349,true,פילה הרינג לבן/אדום/,הרמס דגים,,פילה הרינג לבן/אדום/כבוש/עם שמיר,קילוגרמים,1.00,"ק""ג",true,,49.00,49.0000,true,1,202996
7350,true,בקלה מעושן חם,הרמס דגים,,בקלה מעושן חם,קילוגרמים,1.00,"ק""ג",true,,65.00,65.0000,true,1,203004
7351,true,דג מלוח גדול,הרמס דגים,,דג מלוח גדול,קילוגרמים,1.00,"ק""ג",true,,29.00,29.0000,true,1,202997
7417,true,גבינה אמסטרדם פיסטוק,,,פטריות שמפניון/יער,קילוגרמים,1.00,"ק""ג",true,,159.00,159.0000,true,1,168821
9550,true,קופון משלוח חינם,,,קופון משלוח חינם בכל קניה,Unknown,0.00,Unknown,false,1,0.01,0.0000,true,1,168641
9553,true,קופון 50 שח הנחה לקו,,,קופון 50 שח הנחה לקונים מעל 200 שח,Unknown,0.00,Unknown,false,1,0.01,0.0000,true,1,167990
9555,true,קופון 50 שח הנחה לקו,,,קופון 50 שח הנחה לקונים מעל 200 שח,Unknown,0.00,Unknown,false,1,0.01,0.0000,true,1,170211
9558,true,קופון 50 שח הנחה לקו,,,מארז לחג,Unknown,0.00,Unknown,false,1,0.01,0.0000,true,1,168345
9559,true,קופון 50 שח הנחה לקו,,,סלסלת פירות יבשים,Unknown,0.00,Unknown,false,1,0.01,0.0000,true,1,169867
9569,true,קופון 5 שח הנחה,,,קופון 5 שח הנחה,Unknown,0.00,Unknown,false,1,0.01,0.0000,true,1,192320
9570,true,קופון 15 שח הנחה,,,טרופית שקיות,Unknown,0.00,Unknown,false,1,0.01,0.0000,true,1,169518
10040,true,חלה רגילה 500 גר,מאפיית ברמן,,"חלה רגילה 500 גר""",גרמים,500.00,100 גרם,false,1,5.00,1.0000,true,1,167498
10094,true,פירושקי עם כרוב,,,פירושקי עם כרוב,Unknown,0.00,Unknown,false,1,5.90,0.0000,true,1,167418
10317,true,סופגנייה מטוגנת קטנה,,,סופגנייה מטוגנת קטנה,גרמים,40.00,100 גרם,false,1,2.90,7.2500,true,1,208645
10318,true,סופגנייה מטוגנת,,,סופגנייה מטוגנת,Unknown,0.00,Unknown,false,1,3.90,0.0000,true,1,178257
11395,true,משלוח אינטרנט,,,משלוח אינטרנט,Unknown,0.00,Unknown,false,1,29.90,0.0000,true,1,183828
11396,true,איסוף עצמי,,,איסוף עצמי,Unknown,0.00,Unknown,false,1,15.00,0.0000,true,1,183829
15874,true,סלט סלק עם כוסברה,,,סלט סלק עם כוסברה,קילוגרמים,1.00,"ק""ג",true,,45.00,45.0000,true,1,185244
15897,true,חמין עם בשר בקר,,,חמין עם בשר בקר,קילוגרמים,1.00,"ק""ג",true,,69.00,69.0000,true,1,183729
15974,true,צלי בקר ביין,,,צלי בקר ביין,קילוגרמים,1.00,"ק""ג",true,,119.00,119.0000,true,1,185248
15975,true,אורז מוקפץ,,,אורז מוקפץ,קילוגרמים,1.00,"ק""ג",true,,39.00,39.0000,true,1,183194
15987,true,חציל עם בשר ברוטב קר,,,חציל עם בשר ברוטב קרמל,קילוגרמים,1.00,"ק""ג",true,,59.00,59.0000,true,1,183193
15992,true,לשון עגל עם פטריות ש,,,לשון עגל עם פטריות שיטאקי ושמפיניון,קילוגרמים,1.00,"ק""ג",true,,99.00,99.0000,true,1,183360
16000,true,כיסונים עם בשר,,,כיסונים עם בשר,קילוגרמים,1.00,"ק""ג",true,,59.00,59.0000,true,1,169576
16002,true,כרוב ממולא בשר,,,כרוב ממולא בשר,קילוגרמים,1.00,"ק""ג",true,,59.00,59.0000,true,1,169577
16006,true,פירושקי תפוחים,,,פירושקי עם תפוע,Unknown,0.00,Unknown,false,1,5.90,0.0000,true,1,169578
16007,true,"כיסונים עם תפו""א",,,כיסונים עם תפוא,קילוגרמים,1.00,"ק""ג",true,,55.00,55.0000,true,1,169229
16009,true,"בלינצ""יס עם בשר",,,בלינציס עם בשר,קילוגרמים,1.00,"ק""ג",true,,65.00,65.0000,true,1,167679
16010,true,סלט אוליביה,,,סלט אוליביה,קילוגרמים,1.00,"ק""ג",true,,55.00,55.0000,true,1,169933
16011,true,גפילטע פיש,,,גפילטע פיש,קילוגרמים,1.00,"ק""ג",true,,79.00,79.0000,true,1,169230
16012,true,אורז לבן,,,אורז לבן,קילוגרמים,1.00,"ק""ג",true,,35.00,35.0000,true,1,169579
16016,true,קציצות עוף עם הודו מ,,,קציצות עוף עם הודו מטוגנות,קילוגרמים,1.00,"ק""ג",true,,65.00,65.0000,true,1,168886
16022,true,סלט עדשים,,,סלט עדשים,קילוגרמים,1.00,"ק""ג",true,,49.00,49.0000,true,1,168887
16023,true,עוף בסגנון סיני,,,עוף בסגנון סיני,קילוגרמים,1.00,"ק""ג",true,,69.00,69.0000,true,1,169231
16025,true,"צ""בורקי עם בשר",,,צבורקי עם בשר,Unknown,0.00,Unknown,false,1,7.90,0.0000,true,1,168416
16030,true,סלט פטריות דליקטסני,,,סלט פטריות דליקטסני,קילוגרמים,1.00,"ק""ג",true,,75.00,75.0000,true,1,168424
16032,true,גולש עגל הונגרי,,,גולש עגל הונגרי,קילוגרמים,1.00,"ק""ג",true,,85.00,85.0000,true,1,169935
16034,true,דג מרלוזה מטוגן,,,דג מרלוזה מטוגן,קילוגרמים,1.00,"ק""ג",true,,65.00,65.0000,true,1,167569
16036,true,סלט וולדורף,,,סלט וולדורף,קילוגרמים,1.00,"ק""ג",true,,55.00,55.0000,true,1,169580
16038,true,פרגיות ממולאות,,,פרגיות ממולא,קילוגרמים,1.00,"ק""ג",true,,79.00,79.0000,true,1,168076
16045,true,אנזלה צוואר עוף ממול,,,אנזלה צוואר עוף ממולא,קילוגרמים,1.00,"ק""ג",true,,69.00,69.0000,true,1,168425
16052,true,תפוח אדמה אפוי,,,תפוח אדמה אפוי,קילוגרמים,1.00,"ק""ג",true,,35.00,35.0000,true,1,167681
16053,true,כבד עוף קצוץ,,,כבד עוף קצוץ,קילוגרמים,1.00,"ק""ג",true,,69.00,69.0000,true,1,168077
16054,true,סלט ויניגרט,,,סלט ויניגרט,קילוגרמים,1.00,"ק""ג",true,,49.00,49.0000,true,1,168426
16055,true,סלט שובה,,,סלט שובה,קילוגרמים,1.00,"ק""ג",true,,55.00,55.0000,true,1,167682
16056,true,כנפיים ברביקיו,,,כנפיים ברביקיו,קילוגרמים,1.00,"ק""ג",true,,35.00,35.0000,true,1,168889
16058,true,ציקן קייב,,,ציקן קייב,קילוגרמים,1.00,"ק""ג",true,,79.00,79.0000,true,1,169234
16059,true,כבד עגל קצוץ,,,כבד עגל קצוץ,קילוגרמים,1.00,"ק""ג",true,,59.00,59.0000,true,1,169936
16061,true,קנישס בשר,,,קנישס בשר,קילוגרמים,1.00,"ק""ג",true,,75.00,75.0000,true,1,169582
16063,true,קציצות דגים ברוטב,,,קציצות דגים,קילוגרמים,1.00,"ק""ג",true,,65.00,65.0000,true,1,169583
16064,true,קנישס פטריות,,,קנישס פטריות,קילוגרמים,1.00,"ק""ג",true,,65.00,65.0000,true,1,169584
16065,true,סלט ריגה,,,סלט ריגה,קילוגרמים,1.00,"ק""ג",true,,65.00,65.0000,true,1,176034
16068,true,סלט ביצים,,,סלט ביצים,קילוגרמים,1.00,"ק""ג",true,,49.00,49.0000,true,1,168078
16071,true,סלט חצילים במרינדה,,,סלט חצילים במרינד,קילוגרמים,1.00,"ק""ג",true,,49.00,49.0000,true,1,176035
16076,true,סלט פרשמק,,,סלט פרשמק,קילוגרמים,1.00,"ק""ג",true,,49.00,49.0000,true,1,176038
16080,true,בקר בנוסח סצואן,,,בקר בנוסח סצואן,קילוגרמים,1.00,"ק""ג",true,,99.00,99.0000,true,1,176040
16081,true,רגל קרושה עוף,,,רגל כרושה עוף,קילוגרמים,1.00,"ק""ג",true,,59.00,59.0000,true,1,176043
16107,true,קבב רומני,,,קבב רומני,קילוגרמים,1.00,"ק""ג",true,,59.00,59.0000,true,1,177629
16121,true,סלט טונה,,,סלט טונה,קילוגרמים,1.00,"ק""ג",true,,65.00,65.0000,true,1,178021
16124,true,פלפלים ממולאים,,,ירקות שוק ממולאים,קילוגרמים,1.00,"ק""ג",true,,59.00,59.0000,true,1,178022
16125,true,רטטוי,,,רטטוי,קילוגרמים,1.00,"ק""ג",true,,49.00,49.0000,true,1,178023
16127,true,ספריבס,,,ספריבס,קילוגרמים,1.00,"ק""ג",true,,99.00,99.0000,true,1,178024
16128,true,סלט סלמון,,,סלט סלמון,קילוגרמים,1.00,"ק""ג",true,,75.00,75.0000,true,1,178128
16132,true,סלט סורימי,,,סלט סורימי,קילוגרמים,1.00,"ק""ג",true,,59.00,59.0000,true,1,178357
16146,true,סלט עוף ואננס,,,סלט עוף ואננס,קילוגרמים,1.00,"ק""ג",true,,55.00,55.0000,true,1,178664
16151,true,לזניה בשר,,,לזניה בשר,קילוגרמים,1.00,"ק""ג",true,,79.00,79.0000,true,1,178662
16152,true,לביבות גבינה,,,לביבות גבינה,קילוגרמים,1.00,"ק""ג",true,,59.00,59.0000,true,1,178669
16153,true,שניצל עוף סופר קריספ,,,שניצל עוף סופר קריספי,קילוגרמים,1.00,"ק""ג",true,,65.00,65.0000,true,1,178666
16154,true,קציצות עוף לילדים בר,,,קציצות עוף לילדים ברוטב עגבניות,קילוגרמים,1.00,"ק""ג",true,,59.00,59.0000,true,1,178663
16167,true,רולדת סלמון וגבינה,,,רולדת סלמון וגבינה,קילוגרמים,1.00,"ק""ג",true,,119.00,119.0000,true,1,167684
16180,true,עלי גפן ממולאים,,,עלי גפן ממולאים,קילוגרמים,1.00,"ק""ג",true,,59.00,59.0000,true,1,179527
16189,true,סלט שרימפס ברוטב שום,,,סלט בייבי שרימפס ברוטב שום ופלפלים,קילוגרמים,1.00,"ק""ג",true,,119.00,119.0000,true,1,167571
16205,true,כרעיים מתובלים,,,כרעיים מתובלים,קילוגרמים,1.00,"ק""ג",true,,49.00,49.0000,true,1,179797
16226,true,שעועית ירוקה,,,שעועית ירוקה,קילוגרמים,1.00,"ק""ג",true,,39.00,39.0000,true,1,180218
16234,true,גלילת חצילים,,,גלילת חצילים וגבינה,קילוגרמים,1.00,"ק""ג",true,,59.00,59.0000,true,1,180418
16242,true,לחם שיפון ביתי 580 ג,,,לחם שיפון ביתי 580 גר,גרמים,580.00,100 גרם,false,1,13.90,2.3966,true,1,181298
16245,true,שניצל עגל בציפוי בית,,,שניצל עגל בציפוי ביתי,קילוגרמים,1.00,"ק""ג",true,,89.00,89.0000,true,1,181344
16248,true,לחם אגוזים 500 גר,,,לחם אגוזים 500 גר,גרמים,500.00,100 גרם,false,1,13.90,2.7800,true,1,181508
16249,true,לחם איטלקי 500 גר,,,לחם איטלקי 500 גר,גרמים,500.00,100 גרם,false,1,13.90,2.7800,true,1,181507
16251,true,שרימפס ברוטב שמנת,,,שרימפס ברוטב שמנת,קילוגרמים,1.00,"ק""ג",true,,129.00,129.0000,true,1,181935
16253,true,לחם בצל 600 גר,,,לחם בצל 600 גר,גרמים,600.00,100 גרם,false,1,13.90,2.3167,true,1,181950
16258,true,סלט קינואה שורשים וצ,,,סלט קינואה שורשים וצימוקים,קילוגרמים,1.00,"ק""ג",true,,55.00,55.0000,true,1,182088
16259,true,כרובית מצופה,,,כרובית מצופה,קילוגרמים,1.00,"ק""ג",true,,79.00,79.0000,true,1,182089
16261,true,"לטקס תפו""א",,,לטקס תפוא,קילוגרמים,1.00,"ק""ג",true,,55.00,55.0000,true,1,182091
16266,true,אורז איטריות,,,אורז איטריות,קילוגרמים,1.00,"ק""ג",true,,35.00,35.0000,true,1,182272
16267,true,סלט טבולה,,,סלט טבולה,קילוגרמים,1.00,"ק""ג",true,,49.00,49.0000,true,1,182273
16268,true,ביף סטרוגנוף,,,ביף סטרוגנוף,קילוגרמים,1.00,"ק""ג",true,,79.00,79.0000,true,1,182274
16278,true,פירושקי דובדבן,,,פירושקי עם דובדובן,Unknown,0.00,Unknown,false,1,5.90,0.0000,true,1,182318
16279,true,פלוב - אורז עם בשר,,,פלוב - אורז עם בשר,קילוגרמים,1.00,"ק""ג",true,,55.00,55.0000,true,1,182275
16301,true,סלט פטריות אסייתי,,,סלט פטריות אסייתי,קילוגרמים,1.00,"ק""ג",true,,59.00,59.0000,true,1,182351
16310,true,שקיות פילו עם פטריות,,,שקיות פילו עם פטריות וגבינה,קילוגרמים,1.00,"ק""ג",true,,59.00,59.0000,true,1,182350
16318,true,עוף שלם בגריל,,,עוף שלם בגריל,קילוגרמים,1.00,"ק""ג",true,,39.00,39.0000,true,1,182703
16337,true,קיש אישי בצל 250 גר,,,קיש אישי בצל,גרמים,250.00,100 גרם,false,1,19.90,7.9600,true,1,184068
16339,true,קיש אישי כרובית 250,,,קיש אישי כרובית,גרמים,250.00,100 גרם,false,1,19.90,7.9600,true,1,184070
16341,true,קיש אישי פלפלים 250,,,קיש אישי פלפלים,גרמים,250.00,100 גרם,false,1,19.90,7.9600,true,1,183891
16389,true,אורז עם פטריות בזילי,,,אורז עם פטריות בזיליקום ועגבניות מיובשו,קילוגרמים,1.00,"ק""ג",true,,39.00,39.0000,true,1,185677
16391,true,כבד עוף עם בצל מטוגן,,,כבד עוף עם בצל מטוגן ויין,קילוגרמים,1.00,"ק""ג",true,,59.00,59.0000,true,1,185817
16401,true,פילה סלמון,,,קונפיטורות מיני,קילוגרמים,1.00,"ק""ג",true,,129.00,129.0000,true,1,183078
16433,true,קוביות תפוא ובטטה עם,,,קוביות תפוא ובטטה עם שום ותימין,קילוגרמים,1.00,"ק""ג",true,,49.00,49.0000,true,1,204307
16434,true,חציל יווני,,,סנטה יושב על 2 מתנות,קילוגרמים,1.00,"ק""ג",true,,45.00,45.0000,true,1,167686
16453,true,מאפה פילו במילוי בשר,,,מאפה פילו במילוי בשר,קילוגרמים,1.00,"ק""ג",true,,69.00,69.0000,true,1,189364
16471,true,סלמון בעישון חם עם ח,,,6 כדורים 6סמ בשקית,קילוגרמים,1.00,"ק""ג",true,,129.00,129.0000,true,1,168893
16656,true,קציצות דג,,,קציצות דג,קילוגרמים,1.00,"ק""ג",true,,69.00,69.0000,true,1,197317
16659,true,עוף טנדורי,,,עוף טנדורי,קילוגרמים,1.00,"ק""ג",true,,45.00,45.0000,true,1,201761
17000,true,עוף שלם טרי,פנדי עוף,,עוף טרי,קילוגרמים,1.00,"ק""ג",true,,14.90,14.9000,true,1,168896
17116,true,שווארמה הודו ארוך,שיווק שווארמה הצפון,,שווארמה הודו ארוך,קילוגרמים,1.00,"ק""ג",true,,64.90,64.9000,true,1,168430
17123,true,שווארמה נקבה,,,שווארמה נקבה,קילוגרמים,1.00,"ק""ג",true,,74.90,74.9000,true,1,169946
17201,true,וייסברטן בקר טרי,בית מטבחיים דבאח,,ויסברטן עגל טרי,קילוגרמים,1.00,"ק""ג",true,,67.90,67.9000,true,1,167695
17218,true,כבד עגל טרי,בית מטבחיים דבאח,,כבד עגל טרי,קילוגרמים,1.00,"ק""ג",true,,19.90,19.9000,true,1,169950
17222,true,חזה עגל,בית מטבחיים דבאח,,חזה עגל,קילוגרמים,1.00,"ק""ג",true,,34.90,34.9000,true,1,169248
17227,true,פיקניה עגל טרי נתח ש,בית מטבחיים דבאח,,שפיץ צך עגל טרי,קילוגרמים,1.00,"ק""ג",true,,99.90,99.9000,true,1,168439
17228,true,בשר טחון טרי,,,בשר טחון טרי,קילוגרמים,1.00,"ק""ג",true,,49.90,49.9000,true,1,204981
17236,true,עגל עם עצם,,,עגל עם עצם,קילוגרמים,1.00,"ק""ג",true,,44.90,44.9000,true,1,168090
17246,true,אסאדו בקר דרום אמריק,בית מטבחיים דבאח,,אסאדו בקר,קילוגרמים,1.00,"ק""ג",true,,49.90,49.9000,true,1,169251
17302,true,ספריבס לבן טרי,המפרק פירוק ושיווק ב,,ספריבס לבן טרי,קילוגרמים,1.00,"ק""ג",true,,84.90,84.9000,true,1,168092
17303,true,פולקה לבן,המפרק פירוק ושיווק ב,,פולקה לבן,קילוגרמים,1.00,"ק""ג",true,,54.90,54.9000,true,1,169959
17313,true,פולקה שלם עם עצם,המפרק פירוק ושיווק ב,,פולקה שלם עם עצם,קילוגרמים,1.00,"ק""ג",true,,44.90,44.9000,true,1,167701
17316,true,קוטלט לבן,המפרק פירוק ושיווק ב,,קוטלט לבן,קילוגרמים,1.00,"ק""ג",true,,71.90,71.9000,true,1,167702
17317,true,שולטר לבן,המפרק פירוק ושיווק ב,,שולטר לבן,קילוגרמים,1.00,"ק""ג",true,,54.90,54.9000,true,1,169960
17321,true,סטייק צוואר.,המפרק פירוק ושיווק ב,,סטייק צוואר,קילוגרמים,1.00,"ק""ג",true,,84.90,84.9000,true,1,169961
17331,true,צוואר לבן בלי עצם,המפרק פירוק ושיווק ב,,צוואר לבן בלי עצם,קילוגרמים,1.00,"ק""ג",true,,109.90,109.9000,true,1,168495
17339,true,ברוסט,המפרק פירוק ושיווק ב,,ברוסט,קילוגרמים,1.00,"ק""ג",true,,84.90,84.9000,true,1,169964
17356,true,שולטר עם עצם,המפרק פירוק ושיווק ב,,שולטר עם עצם,קילוגרמים,1.00,"ק""ג",true,,44.90,44.9000,true,1,168917
17501,true,כרעיים עוף טרי ארוז,,,כבד אווז,קילוגרמים,1.00,"ק""ג",true,,21.90,21.9000,true,1,167588
17502,true,חזה עוף טרי ארוז,,,חזה עוף טרי ארוז,קילוגרמים,1.00,"ק""ג",true,,36.90,36.9000,true,1,186541
17503,true,שניצל עוף טרי ארוז,,,שניצל עוף טרי ארוז,קילוגרמים,1.00,"ק""ג",true,,39.90,39.9000,true,1,169259
17504,true,שוקיים עוף טרי ארוז,פנדי עוף,,שוקיים עוף טרי ארוז,קילוגרמים,1.00,"ק""ג",true,,26.90,26.9000,true,1,186542
17505,true,כנפיים עוף טרי ארוז,,,כנפיים עוף טרי ארוז,קילוגרמים,1.00,"ק""ג",true,,17.90,17.9000,true,1,186546
17506,true,סטייק פרגית טרי ארוז,,,סטייק פרגית טרי ארוז,קילוגרמים,1.00,"ק""ג",true,,59.90,59.9000,true,1,186543
17507,true,כבד עוף טרי ארוז,,,כבד עוף טרי ארוז,קילוגרמים,1.00,"ק""ג",true,,19.90,19.9000,true,1,186544
17508,true,לבבות עוף טרי ארוז,,,לבבות עוף טרי ארוז,קילוגרמים,1.00,"ק""ג",true,,36.90,36.9000,true,1,186545
19009,true,רגל עגל פרוס,בית מטבחיים דבאח,,רגל עגל פרוס דבאח,קילוגרמים,1.00,"ק""ג",true,,24.90,24.9000,true,1,168114
19193,true,צוריסוס לבן במגש,זילבר תעשיות מוצרי ב,,"צ""וריסוס לבן במגש",קילוגרמים,1.00,"ק""ג",true,,75.90,75.9000,true,1,169981
19641,true,לשון בקר,,,לשון בקר,קילוגרמים,1.00,"ק""ג",true,,29.90,29.9000,true,1,169617
32147230,false,לימונית - מיץ לימון משומר,ג'נרל מילס סאן אדריא,CH,מיץ לימון סיצילייה 2,מיליליטרים,200.00,"100 מ""ל",false,1,6.90,3.4500,true,1,173179
40111216,false,באונטי חטיף קוקוס ושוקולד 57ג',"נארז ע""י : א.ג. גילר",NL,חטיף באונטי 57 גר,גרמים,57.00,100 גרם,false,1,3.90,6.8421,true,1,173243
40786179,false,בירה לוונבראו בפחית.,Spaten,,"בירה ""לבנבראו""פח"" 50",מיליליטרים,500.00,"100 מ""ל",false,1,10.90,2.1800,true,1,173263
41001356,false,בירה בקס פחית 500 מל,יבואן ומשווק: ש. שסט,DE,בירה בקס פח,מיליליטרים,500.00,"100 מ""ל",false,1,10.90,2.1800,true,1,173264
41019467,false,בירה גרמניה 500 מל,איכבאום,,"בירה גרמניה 0.5 ל"" פ",מיליליטרים,500.00,"100 מ""ל",false,12,7.90,1.5800,true,1,173265
42134978,false,סרגל מרציפן סנטה 100,Erasmi & Carstens Gm,DE,סרגל מרציפן סנטה 100 גר,גרמים,100.00,100 גרם,false,21,10.90,10.9000,true,1,183491
42138105,false,סיגריות וינסטון סופר סלימס כחול,גיי טי אינטרנשיונל,,וינסטון סופר סלימס כחול,Unknown,0.00,Unknown,false,1,33.00,0.0000,false,1,173269
42138129,false,סיגריות וינסטון סופר סלימס מנטול,Unknown,,וינסטון סופר סלימס מנטול,Unknown,0.00,Unknown,false,1,33.00,0.0000,false,1,173270
50147311,false,חרדל אנגלי קולמנס 10,,,חרדל אנגלי קולמנס 100 גר,גרמים,100.00,100 גרם,false,1,10.90,10.9000,true,1,197977
50157471,false,רוטב בורגר 230 גר,,,רוטב בורגר 230 גר,גרמים,230.00,100 גרם,false,1,17.90,7.7826,true,1,197022
50184385,false,מרמייט אנגליה 125 גר,,,מרמייט אנגליה 125 גר,גרמים,125.00,100 גרם,false,1,19.90,15.9200,true,1,181778
52070082,false,סיגריות פאל מל סלימס,Unknown,,פאל מאל סופר סלימס ויולט,Unknown,0.00,Unknown,false,1,30.00,0.0000,false,1,185793
59039549,false,סיגריות ווג פריזון מ,Unknown,,ווג פריזון מנטול,Unknown,0.00,Unknown,false,1,38.50,0.0000,false,1,173324
59082637,false,"רקסונה - דאודורנט רולאון לגבר אקסטרא קול 50 מ""ל",רקסונה Rexona,,דאודורנט מן רקסונה רול און אקסטרא קול,מיליליטרים,50.00,"100 מ""ל",false,1,11.90,23.8000,true,1,192314
72917367,false,טעמי חטיף במילוי קרם נוגט וקרמל,"שטראוס גרופ בע""מ",IL,חטיף טעמי,גרמים,40.00,100 גרם,false,1,3.90,9.7500,true,1,173909
72940754,false,מעדן מילקי בטעם וניל עם קצפת,"שטראוס גרופ בע""מ",IL,מילקי וניל 133 גר,גרמים,133.00,100 גרם,false,1,2.90,2.1805,true,1,173915
72940761,false,מעדן מילקי בטעם שוקולד עם קצפת,מיוצר עי קונדיטוריית,IL,מילקי שוקולד 133 גר,גרמים,133.00,100 גרם,false,1,2.90,2.1805,true,1,173916
72940952,false,מעדן מילקי בטעם שוקולד עם אקסטרה קצפת,"שטראוס גרופ בע""מ",IL,"מילקי פי 2 קצפת 170 מ""ל",מיליליטרים,170.00,"100 מ""ל",false,1,3.80,2.2353,true,1,173917
72940976,false,כרוב אדום אחלה 250גר,מיוצר עי קונדיטוריית,IL,כרוב אדום אחלה 250גר,גרמים,250.00,100 גרם,false,1,6.90,2.7600,true,1,173918
72940983,false,חומוס אחלה 250 גרם,אחלה - שטראוס,IL,"חומוס אחלה 250 ג""ר",גרמים,250.00,100 גרם,false,1,6.90,2.7600,true,1,173919
72941041,false,מעדן מילקי מיני בטעם שוקולד עם קצפת,"שטראוס גרופ בע""מ",IL,מיני מילקי שוקולד,מיליליטרים,130.00,"100 מ""ל",false,1,2.00,1.5385,true,1,173920
72945308,false,קוביות שמרים לאפיה שמרית 2*25 ג',"פאקא תעשיות בע""מ",IL,שמרית קוביה,גרמים,50.00,100 גרם,false,1,3.90,7.8000,true,1,173921
72961506,false,יוגורט עם תות 1.5% שומן 125 ג' פרילי,מיוצר עי קונדיטוריית,IL,"פרילי תות 125 גר""",גרמים,125.00,100 גרם,false,1,3.90,3.1200,true,1,173922
72961544,false,באדי יוגורט בטעם תות שדה 3%,מחלבת אלון תבור,IL,באדי תות 3% 125 גר,גרמים,125.00,100 גרם,false,1,2.80,2.2400,true,1,173925
72964132,false,פרילי טבע עם גרנולה 1.5% 200מל,מיוצר עי קונדיטוריית,IL,"פרילי טבע 200 גר""",גרמים,200.00,100 גרם,false,1,5.90,2.9500,true,1,173931
72964422,false,תנובה יוגורט פרחים 4.5% 200מל,מחלבת תנובה,IL,שלי יוגורט 4.5%,גרמים,206.00,100 גרם,false,1,2.70,1.3107,true,1,173932
72993637,false,מעדן חלב בטעם שוקולד 125 ג' דני,מחלבת אחיהוד,IL,"מעדן ""דני"" שוקולד",גרמים,125.00,100 גרם,false,1,2.60,2.0800,true,1,173951
76106071,false,"מיץ ליים משומר 200מ""ל",Sicilia סיציליה,,"מיץ ליים משומר 200 מ""ל",מיליליטרים,200.00,"100 מ""ל",false,1,6.90,3.4500,true,1,190916
76136184,false,סיגריות פאל מאל סלים כחול,Unknown,,פאל מאל סופר סלימס כחול,Unknown,0.00,Unknown,false,1,30.00,0.0000,false,1,173956
80050025,false,סוכריות תפוז 16 ג' טיק טק,קריות זול,ZA,סוכריות טיק טק תפוז,Unknown,0.00,Unknown,false,1,2.90,0.0000,true,1,174064
80136194,false,חטיפי הפי היפו Happy Hippo במילוי קרם חלבי ואגוזי לוז,קינדר Kinder,DE,חטיף קינדר הפי היפו אגוזי לוז חמישייה,גרמים,104.00,100 גרם,false,1,13.90,13.3654,true,1,183973
80176800,false,"ממרח שוקולד נוטלה, 750 גר",פררו תעשיות איטליה ס,IT,ממרח שוקולד נוטלה 750 גר,גרמים,750.00,100 גרם,false,1,26.90,3.5867,true,1,174130
80177173,false,ממרח אגוזי לוז עם קקאו,נוטלה Nutella,IT,ממרח שוקולד נוטלה 350 גר,גרמים,350.00,100 גרם,false,1,14.90,4.2571,true,1,174131
80177609,false,אצבעות שוקולד קינדר Kinder ארבע יחידות,קריות זול,IT,שוקולד אצבעות קינדר 50 גר,גרמים,50.00,100 גרם,false,1,4.90,9.8000,true,1,174133
80177616,false,אצבעות שוקולד קינדר Kinder שמונה יחידות,קריות זול,IT,שוקולד אצבעות קינדר 100 גר,גרמים,100.00,100 גרם,false,1,7.90,7.9000,true,1,174134
80273639,false,מלח ים במטחנה 90 גרם,דרוגריה ואלימנטרי אס,IT,מלח ים במטחנה 90 גר,גרמים,90.00,100 גרם,false,1,14.90,16.5556,true,1,174137
80273684,false,תערובת עשבי פרובנס ב,דרוגריה ואלימנטרי אס,IT,תערובת עשבי פרובנס במטחנה 20 גר,גרמים,20.00,100 גרם,false,1,14.90,74.5000,true,1,198933
80310167,false,קינדר מקסי מאגדת שישיה,,,קינדר מקס,גרמים,128.00,100 גרם,false,20,9.90,7.7344,true,1,174138
80718758,false,טונה בשמן זית בצנצנת,קליפו קונסרב,IT,טונה בשמן זית 160 גר,גרמים,160.00,100 גרם,false,1,21.90,13.6875,true,1,193401
80718765,false,טונה במים בצנצנת קלי,קליפו קונסרב,IT,טונה במים 160 גר,גרמים,160.00,100 גרם,false,1,21.90,13.6875,true,1,193402
80773429,false,מסטיק מנטוס פיור פרש בבקבוק בינוני בטעם תות 60 ג',פרפטי ואן מלה הולנד,TR,מסטיק מנטוס פיור תות ללא סוכר 60 גר,גרמים,60.00,100 גרם,false,1,9.90,16.5000,true,1,184386
80773443,false,מסטיק מנטוס בבקבוק מעוגל בטעם מנטה מעודנת 60 ג',פרפטי ואן מלה הולנד,TR,מסטיק מנטוס בטעם פירות מנטה,גרמים,60.00,100 גרם,false,1,9.90,16.5000,true,1,182844
80780595,false,מסטיק מנטוס ביג בבקבוק מעוגל טעם מנטה-עדינה 90 ג',פרפטי ואן מלה הולנד,TR,מסטיק מנטוס ביג בטעם מנטה עדינה,גרמים,105.00,100 גרם,false,1,12.90,12.2857,true,1,182840
80790990,false,מסטיק מנטוס בבקבוק מעוגל בטעם פירות -מנטה 60 ג',פרפטי ואן מלה הולנד,TR,מסטיק מנטוס בטעם מנטה עדינה,גרמים,60.00,100 גרם,false,1,9.90,16.5000,true,1,182843
80831402,false,סוכריות מנטוס מנטה עדינה 30 יח' ללא סוכר CLEAN BREATH,מנטוס Mentos,NL,סוכריות מנטוס בטעם מנטה עדינה 30 יח,Unknown,0.00,Unknown,false,1,6.90,0.0000,true,1,192844
80832560,false,סוכריות מנטוס פירות יער 21 ג' ללא סוכר CLEAN BREATH,Unknown,,סוכריות מנטוס בטעם פירות יער 30 יח,Unknown,0.00,Unknown,false,1,6.90,0.0000,true,1,205443
80843184,false,מנטוס מסטיק פיור פרש בטעם ענבים 60גר,פרפטי ואן מלה הולנד,TR,מסטיק מנטוס פיור בטעם ענבים בק 60 גר,גרמים,60.00,100 גרם,false,1,9.90,16.5000,true,1,198302
80854753,false,סוכריות מנטוס מנטה 30 יח' ללא סוכר CLEAN BREATH,מנטוס Mentos,NL,סוכריות מנטוס בטעם מנטה 30 יח,Unknown,0.00,Unknown,false,1,6.90,0.0000,true,1,192843
80862130,false,"מנטוס מסטיק פיור פרש - אבטיח 28 גרם (14 יח') חת""ס",פרפטי ואן מלה ברדה,TR,מסטיק מנטוס פיור בטעם אבטיח 28 גר,גרמים,28.00,100 גרם,false,1,4.90,17.5000,true,1,195658
80896081,false,מסטיק מנטוס פיור פרש בבקבוק בינוני בטעם אבטיח 60 ג',פרפטי ואן מלה הולנד,TR,מסטיק מנטוס פיור אבטיח ללא סוכר 60 גר,גרמים,60.00,100 גרם,false,1,9.90,16.5000,true,1,184387
80913467,false,מסטיק מנטו בבקבוק מעוגל בטעם מנטה 60 ג',פרפטי ואן מלה הולנד,TR,מסטיק מנטוס בטעם מנטה ללא סוכר 60 גר,גרמים,60.00,100 גרם,false,1,9.90,16.5000,true,1,182842
80926481,false,מסטיק מנטוס פיור פרש בבקבוק בינוני בטעם אבטיח 90ג',פרפטי ואן מלה הולנד,,מסטיק מנטוס ביג בטעם אבטיח,גרמים,105.00,100 גרם,false,1,12.90,12.2857,true,1,197814
80954521,false,"מנטוס מסטיק פיור פרש - תות 28 גרם (14 יח') חת""ס",פרפטי ואן מלה ברדה,TR,מסטיק מנטוס פיור בטעם תות 28 גר,גרמים,28.00,100 גרם,false,1,4.90,17.5000,true,1,195657
80982470,false,מסטיק מנטוס פיור פרוסט בטעם מנטה חזק 60 גר',פרפטי ואן מלה ברדה,TR,מסטיק מנטוס פיור פרוסט בטעם מנטה חזקה,גרמים,60.00,100 גרם,false,1,9.90,16.5000,true,1,197151
80995128,false,מנטוס - מסטיק בטעם הדרים בתוספת ויטמינים 60 גרם,פרפטי ואן מלה הולנד,TR,מסטיק מנטוס ויטמין בטעם הדרים 60 גר,גרמים,60.00,100 גרם,false,1,9.90,16.5000,true,1,208122
87108538,false,סוכריות מנטוס Mentos תות שדה,הדקלאים אגודת שיתופי,NL,מנטוס תות 40 גלילים,גרמים,37.00,100 גרם,false,1,3.50,9.4595,true,1,174143
87108712,false,מארז סוכריות מנטוס Mentos פירות,פרפטי ואן מלה ברדה,NL,מנטוס פירות 1/4,גרמים,150.00,100 גרם,false,1,9.90,6.6000,true,1,174145
87311396,false,סוכריות מנטוס Mentos ריינבואו,פרפטי ואן מלה,NL,"סוכריות ""מנטוס"" ריינבואו",Unknown,0.00,Unknown,false,1,3.50,0.0000,true,1,176030
87354041,false,סוכריות מנטוס Mentos בטעם דובדבן,קריות זול,,מנטוס גליל בטעם דובדבן 40 גל,גרמים,38.00,100 גרם,false,1,3.50,9.2105,true,1,197148
88888001,false,כללי מכולת,,,כללי מכולת,Unknown,0.00,Unknown,false,1,0.01,0.0000,true,1,174149
88888800,false,פריט רינטרנט,,,פריט רינטרנט,Unknown,0.00,Unknown,false,1,5.00,0.0000,true,1,185349
90087011,false,הפי דיי נקטר תפוחים,Rauch fruchtsafte gm,,מיץ תפוחים 1 ליטר,ליטרים,1.00,ליטר,false,1,12.90,12.9000,true,1,174174
90087066,false,מיץ תפוזים 100% טבעי 1 ל' RAUCH,ראוך Rauch,,"מיץ ""ראוך"" תפוזים 10",Unknown,0.00,Unknown,false,1,12.90,0.0000,true,1,174175
90087547,false,100% מיץ עגבניות Happy Day,Rauch fruchtsafte gm,,"מיץ עגבניות ""ראוך"" 1",ליטרים,1.00,ליטר,false,1,12.90,12.9000,true,1,174177
90087769,false,הפי דיי נקטר אננס לל,Rauch fruchtsafte gm,,מיץ אננס,ליטרים,1.00,ליטר,false,1,12.90,12.9000,true,1,174178
90087974,false,"חומץ תפוחים 5% 750 מ""ל",ראוך פרוכטסאפה,,חומץ תפוחים 1.5%,מיליליטרים,750.00,"100 מ""ל",false,1,13.90,1.8533,true,1,174180
90087998,false,מיץ לימון טבעי 250 מ,Rauch fruchtsafte gm,,מיץ לימון טבעי 250 מ,מיליליטרים,250.00,"100 מ""ל",false,1,7.90,3.1600,true,1,174181
90162602,false,משקה אנרגיה רד בול 250 מ''ל,רד בול ג'י.אם.בי. אץ,AT,"משקה אנרגיה ""רד בול""",מיליליטרים,250.00,"100 מ""ל",false,24,6.90,2.7600,true,1,174182
90162800,false,רד בול משקה אנרגיה ללא סוכר פקדון 30 אג,רד בול ג'י.אם.בי. אץ,AT,"משקה אנרגיה ""רד בול"" דיאט 250 מל",מיליליטרים,250.00,"100 מ""ל",false,24,6.90,2.7600,true,1,174183
90446269,false,"משקה אנרגיה אבטיח 250 מ""ל רד בול",ראון פרוכטסאפה,AT,משקה אנרגיה אבטיח רד בול 250 מל,מיליליטרים,250.00,"100 מ""ל",false,24,6.90,2.7600,true,1,197203
8112100298,false,שמן שומשום טהור לא מ,Flavor full foods in,,"שמן שומשום טהור 185 מ""ל",מיליליטרים,185.00,"100 מ""ל",false,1,14.90,8.0541,true,1,174142
9800800056,false,חטיף שוקולד עם מקלות לחם אנד גו,נוטלה Nutella,DE,חטיף שוקולד נוטלה אנד גו 52 גר,גרמים,52.00,100 גרם,false,1,5.90,11.3462,true,1,180953
11210000094,false,"רוטב ""טבסקו"" על בסיס פלפל אדום 60 מ""ל",מקאילהייני אייבורי,US,רוטב פלפל טבסקו אדום,מיליליטרים,60.00,"100 מ""ל",false,1,11.90,19.8333,true,1,173156
11210006508,false,"רוטב טבסקו הברנו 60 מ""ל",מקאילהייני Mc.Ilhenn,US,רוטב טבסקו הבנרו,מיליליטרים,60.00,"100 מ""ל",false,1,17.90,29.8333,true,1,173158
11210007253,false,"רוטב ""טבסקו"" על בסיס פלפל אדום ושום 60 מ""ל",מקאילהייני אייבורי,US,רוטב פלפל טבסקו שום,מיליליטרים,60.00,"100 מ""ל",false,1,11.90,19.8333,true,1,173159
11210009387,false,רוטב פלפל טבסקו ירוק,מקאילהייני אייבורי,US,רוטב פלפל טבסקו ירוק,מיליליטרים,60.00,"100 מ""ל",false,1,11.90,19.8333,true,1,173160
11210607040,false,טבסקו פלפל צפוטלי חריף 60 מל,מקאילהייני Mc.Ilhenn,US,"רוטב צ""יפוטלי טבסקו",מיליליטרים,60.00,"100 מ""ל",false,1,11.90,19.8333,true,1,173161
16000423534,false,ניטשר ואלי חטיף שיבולת שועל שוקולד מריר קראנצי 210ג',ג'נרל מילס סאן אדריא,ES,"חטיף ""נטיור ואלי"" בט",גרמים,210.00,100 גרם,false,1,14.90,7.0952,true,1,174192
16000548404,false,ניטשר ואלי חטיף קראנצי גרנולה שיבולת שועל 210 ג',ג'נרל מילס סאן אדריא,ES,קראנצי חט.גרנולה ש.ש,גרמים,210.00,100 גרם,false,1,14.90,7.0952,true,1,174193
16000548503,false,ניטשר ואלי קראנצי חטיף גרנולהומייפל 10 יח' 210 ג',ג'נרל מילס סאן אדריא,ES,קראנצי חט.גרנולה+מיי,גרמים,210.00,100 גרם,false,1,14.90,7.0952,true,1,174194
16000548602,false,נייטשר וואלי חטיף קראנצ'י קינמון 210ג',ג'נרל מילס סאן אדריא,ES,קראנצי חטיף גרנולה ק,גרמים,210.00,100 גרם,false,1,14.90,7.0952,true,1,174195
16229918354,false,ארוי די רוטב קארי אד,,,ארוי די רוטב קארי אדום 250 מל,מיליליטרים,250.00,"100 מ""ל",false,1,9.90,3.9600,true,1,192601
16229918361,false,ארוי די רוטב קארי יר,,,ארוי די רוטב קארי ירוק 250 מל,מיליליטרים,250.00,"100 מ""ל",false,1,9.90,3.9600,true,1,192600
16229918378,false,ארוי די רוטב קארי מא,,,ארוי די רוטב קארי מאסמן 250 מל,מיליליטרים,250.00,"100 מ""ל",false,1,9.90,3.9600,true,1,192602
16229924263,false,"קרם קוקוס 250 מ""ל.",ארוי די AROY-D,,קרם קוקוס 250 מל,מיליליטרים,250.00,"100 מ""ל",false,1,9.90,3.9600,true,1,192599
18000701223,false,תערובת להכנת עוגה בטעם שוקולד,הדקלאים אגודת שיתופי,IL,תערובת עוגת שוקולד 500 גר,גרמים,500.00,100 גרם,false,1,16.90,3.3800,true,1,174198
18000703494,false,תערובת עוגת וניל פיסברי 500 גר',הדקלאים אגודת שיתופי,IL,תערובת עוגת וניל 524,גרמים,524.00,100 גרם,false,1,16.90,3.2252,true,1,174199
21000052325,false,רוטב ברביקיו קראפט ד,,,"רוטב ברביקיו קראפט דבש חריף 510 מ""ל",גרמים,510.00,100 גרם,false,12,12.90,2.5294,true,1,190030
21000052387,false,רוטב ברביקיו קראפט ד,,,"רוטב ברביקיו קראפט דבש מתוק 510 מ""ל",גרמים,510.00,100 גרם,false,12,12.90,2.5294,true,1,190031
25675120020,false,סאוור סטיקס Sour Sticks בטעם אוכמניות,פשקס קנדי,NL,מקלות חמוצות פטל חמצוצים 100 גר,גרמים,100.00,100 גרם,false,1,7.90,7.9000,true,1,202486
25675120037,false,חמקלות חמצוצים תות 100 גר,פשקס קנדי,NL,מקלות חמוצות תות חמצוצים 100 גר,גרמים,100.00,100 גרם,false,1,7.90,7.9000,true,1,202487
25675120068,false,סאוור סטיקס Sour Sticks בטעם קולה,פשקז Paskesz,NL,מקלות בטעם קולה חמצוצים 100 גר,גרמים,100.00,100 גרם,false,1,7.90,7.9000,true,1,202488
25700005698,false,שקיות אחסון בינוניות- 24 יח' זיפלוק,אס.סי גונוסון,US,זיפלוק שקיות אחסון בינונית 24 יח,Unknown,0.00,Unknown,false,1,13.90,0.0000,true,1,195118
27379005634,false,פנדורו מיני 100גרם S,BALCONI SPA INDUSTRI,IT,פנדורו מיני 80 גר,גרמים,80.00,100 גרם,false,1,12.90,16.1250,true,1,186630
27379005658,false,פנתוני איטלי מיני 10,BISCOTTIFICIO PRIMAV,IT,פנתוני איטלי מיני 100 גר,גרמים,100.00,100 גרם,false,36,12.90,12.9000,true,1,174204
27379005740,false,פנתוני מיני פיצפוצי,BALCONI SPA INDUSTRI,IT,פנתוני מיני פיצפוצי שוקולד סוויט איטלי,גרמים,100.00,100 גרם,false,1,12.90,12.9000,true,1,186631
31290140190,false,שוקולד מריר עם נגיעות מלח ים 90 ג' Godiva sticks,גודייבה GODIVA,TR,שוקולד גודיבה סטיקס מריר מלח ים,Unknown,0.00,Unknown,false,1,14.90,0.0000,true,1,192814
33617000026,false,קרקרים ואזה מקמח מלא,כלורוקס אוקלנד,SE,ואזה מקמח מלא 260 גר,גרמים,260.00,100 גרם,false,1,13.90,5.3462,true,1,192620
33617322616,false,קרקר ואזה מקמח שיפון,כלורוקס אוקלנד,SE,פת פריכה קלה מקמח שי,גרמים,270.00,100 גרם,false,1,13.90,5.1481,true,1,174251
33617340610,false,ואזה מקמח שיפון 275 גר',כלורוקס אוקלנד,SE,פת פריכה קמח שיפון 2,גרמים,275.00,100 גרם,false,1,13.90,5.0545,true,1,174252
34000446001,false,ריזס מיניס שוקולד חלב חמאת בוטנים 150ג',הרשי,,"חטיף שוקולד חלב ""ריזס"" מיניאטורס 150 גר",גרמים,150.00,100 גרם,false,1,9.90,6.6000,true,1,177350
34000470228,false,שוקולד חלב מיני ריזס,הרשי,US,"חטיף שוקולד חלב ""ריזס"" מיניס 70 גר",גרמים,70.00,100 גרם,false,1,6.50,9.2857,true,1,177349
34000544028,false,סוכריות ארוכות בטעם תות טוויזלרס Twizzlers,הרשי שוקולד,US,ממתק טוויזלרס בטעם תות 198 גר,גרמים,198.00,100 גרם,false,1,6.90,3.4848,true,1,174256
34000544431,false,טוויזלרס ממתק בטעם דובדבן 172 ג',הרשי שוקולד,US,ממתק טוויזלרס בטעם דובדבן 172 גר,גרמים,172.00,100 גרם,false,1,6.90,4.0116,true,1,202819
36000516876,false,קלינקס - טישו לושן 3 שכבות 75 דף,חוגלה קימברלי,GB,ממחטות אף קלינקס לושן 3 שכבות 75 יח,Unknown,0.00,Unknown,false,1,10.90,0.0000,true,1,190760
37600207188,false,חמאת בוטנים סקיפי קלאסי 462 גר',חברת המזון אלגוד,US,"חמאת בוטנים ""סקיפי"" קלאסי 462 גר",גרמים,462.00,100 גרם,false,1,17.90,3.8745,true,1,177941
37600207256,false,חמאת בוטנים סקיפי עם שברי בוטנים 462 גר',חברת המזון אלגוד,US,"חמאת בוטנים ""סקיפי"" עם שברי בוטנים 462גר",גרמים,462.00,100 גרם,false,1,17.90,3.8745,true,1,177942
37600207287,false,חמאת בוטנים סקיפי עם דבש,חברת המזון אלגוד.,US,"חמאה בוטנים ""סקיפי"" עם דבש 462 גר",גרמים,462.00,100 גרם,false,1,17.90,3.8745,true,1,177943
38000138607,false,חטיף צ'יפס בטעם מלח וחומץ,פרינגלס מנופקצ'ורינג,US,ציפס פרינגלס חומץ מלח 158 גר,גרמים,158.00,100 גרם,false,14,8.90,5.6329,true,1,188933
38000138638,false,חטיף צ'יפס בטעם פיצה,פרינגלס מנופקצורינג,US,ציפס פרינגלס פיצה 158 גר,גרמים,158.00,100 גרם,false,1,8.90,5.6329,true,1,181851
38000138720,false,פרינגלס  תכלת ראנץ 158 ג',פרינגלס מניופקצ'ורינ,US,פרינגלס ראנץ 158 גר,גרמים,158.00,100 גרם,false,1,8.90,5.6329,true,1,185524
38000183928,false,פרינגלס חרדל ודבש 158 גר',פרינגלס מניופקצ'ורינ,US,חטיף פרינגלס חרדל ודבש 158 גר,גרמים,158.00,100 גרם,false,8,8.90,5.6329,true,1,195997
38000197840,false,פרינגלס גלי בטעם חריף מתוק 137 ג',פרינגלס מניופקצ'ורינ,US,חטיף פרינגלס גלי בטעם חריף מתוק 130 גרם,גרמים,137.00,100 גרם,false,8,8.90,6.4964,true,1,194185
38000202278,false,חטיף צ'יפס גלי בטעם אורגינל מלוח,פרינגלס מניופקצ'ורינ,US,חטיף פרינגלס חרדל ודבש 158 גרם,גרמים,130.00,100 גרם,false,8,8.90,6.8462,true,1,192666
38000232152,false,פרינגלס ברביקיו 158 גרם – חדש,פרינגלס מניופקצ'ורינ,US,חטיף פרינגלס ברביקיו 158 גר,גרמים,158.00,100 גרם,false,14,8.90,5.6329,true,1,191557
38000232176,false,חטיף צ'יפס שמנת חמוצה ובצל,פרינגלס מניופקצ'ורינ,US,חטיף פרינגלס שמנת בצל 158 גר,גרמים,158.00,100 גרם,false,14,8.90,5.6329,true,1,191556
38000232183,false,פרינגלס אורגינל 149 גרם,פרינגלס מניופקצ'ורינ,US,חטיף פרינגלס אוריגינל 149 גר,גרמים,149.00,100 גרם,false,14,8.90,5.9732,true,1,191559
38000849503,false,חטיף פרינגלס פיצה 40,,,חטיף פרינגלס פיצה 40 גר,גרמים,40.00,100 גרם,false,12,4.50,11.2500,true,1,191975
38527591060,false,דגני קוואקר מרובעים Quaker Squares עם סוכר חום,BEVERAGES FOODS & SE,US,דגני בוקר קוואקר סוכר חום 411גר,גרמים,411.00,100 גרם,false,1,19.90,4.8418,true,1,175851
38900779238,false,מארז מיץ אננס דול 4*,דול פיליפינים אינק,,"מיץ אננס דולי 250 מ""ל רביעייה",מיליליטרים,1000.00,"100 מ""ל",false,1,16.90,1.6900,true,1,174278
40000513568,false,סוכריות אם אנד אמס M&M שוקולד חלב,M&M אם אנד אם,US,סוכריות מ&מס שוקו 156 גר,גרמים,156.00,100 גרם,false,1,11.90,7.6282,true,1,182968
40000513582,false,סוכריות מ&מס בוטנים,מארס,US,סוכריות מ&מס בוטנים 156 גר,גרמים,156.00,100 גרם,false,1,11.90,7.6282,true,1,182967
40000514480,false,M&M אריזה קטנה's שוקולד אריזה קטנה 48 גרם,M&M אם אנד אם,,"סוכריות מ&מס"" שוקו 48 גר",גרמים,48.00,100 גרם,false,1,4.90,10.2083,true,1,181466
40000514510,false,M&M אריזה קטנה's בוטנים אריזה קטנה 49 גרם,M&M אם אנד אם,,סוכריות מ&מס בוטנים 49 גר,גרמים,49.00,100 גרם,false,1,4.90,10.0000,true,1,181467
41224700260,false,צלפים מיניאטורים בחו,,,צלפים מיניאטוריים בחומץ רולאנד 90 מל,מיליליטרים,90.00,"100 מ""ל",false,1,13.90,15.4444,true,1,191305
41224700925,false,פירות צלף בחומץ רולנ,,,פירות צלף בחומץ רולאנד 466 מל,מיליליטרים,466.00,"100 מ""ל",false,1,24.90,5.3433,true,1,193397
41390001079,false,רוטב קוקומן סויה 444,ראקוטו קאסיי,,רוטב קוקומן סויה 444 מל,מיליליטרים,444.00,"100 מ""ל",false,1,19.90,4.4820,true,1,178308
41390010309,false,רוטב קיקומן טריאקי 4,ראקוטו קאסיי,,רוטב קיקומן טריאקי 444 מל,מיליליטרים,444.00,"100 מ""ל",false,1,19.90,4.4820,true,1,178307
44600002217,false,משחרר סתימות אפור 94,,,"חומר משחרר סתימות אפור 946 מ""ל",מיליליטרים,946.00,"100 מ""ל",false,1,25.90,2.7378,true,1,183805
44600008899,false,כלורקס לחלונות משטחי,,,כלורקס לחלונות משטחים 409 946 מל,מיליליטרים,946.00,"100 מ""ל",false,1,19.90,2.1036,true,1,192825
44600320977,false,פחם קינגספורד מצלייט,כלורוקס אוקלנד,US,פחם קינגספורד מצלייט 3.6 קג,קילוגרמים,3.60,"ק""ג",false,1,54.90,15.2500,true,1,197133
46214372250,false,"עוגיות שטרודל פריכות תפו""ע וצימוקים",מרבה Merba,NL,"עוגיות ""מרבה"" שטרודל תפוחים 225 גר",גרמים,200.00,100 גרם,false,1,8.90,4.4500,true,1,174649
46214382259,false,עוגיות בראוניס שוקולד 225 ג',בנקטבקריי מרבה בי.וי,NL,"עוגיות ""מרבה"" בראוניס 225 גר",גרמים,200.00,100 גרם,false,1,8.90,4.4500,true,1,174650
46214731552,false,עוגיות שוקולד ציפס מובחרות 225 ג',קריניציה ויטמינה אס,NL,"עוגיות ""מרבה"" 37% שוקולד צ""יפס 225 גר",גרמים,225.00,100 גרם,false,1,8.90,3.9556,true,1,174651
48256214758,false,מסיר כתמים קשים לכביסה לבנה וצבעונית,יעקבי- אסטוניש Astonish,GB,"אבקת הפלא אסטוניש 400 מ""ל",מיליליטרים,400.00,"100 מ""ל",false,1,25.90,6.4750,true,1,182087
50000170180,false,פריסקיז Friskies עוף ברוטב,פורינה Purina,US,מזון לחתולים פריסקיז פילה עוף 156 גר,גרמים,156.00,100 גרם,false,1,6.90,4.4231,true,1,174659
50000225224,false,פריסקיז Friskies הודו ברוטב,פורינה Purina,US,מזון לחתולים פריסקיז פילה הודו 156 גר,גרמים,156.00,100 גרם,false,1,6.90,4.4231,true,1,179780
50000429448,false,פנסי פיסט - מוס סלמון 85 גרם,נסטלה פורינה USA סט,US,פנסי פיסט מוס סלמון,גרמים,85.00,100 גרם,false,1,5.90,6.9412,true,1,174666
50000429646,false,פנסי פיסט - דג אוקיינוס 85 גרם,נסטלה פורינה USA ג',US,פנסי פיסט דג אוקיינו,גרמים,85.00,100 גרם,false,1,5.90,6.9412,true,1,174667
50000445691,false,פריזסקיז נתחי עוף וסלמון ברוטב 156 ג',נסטלה פורינה USA קר,US,פריסקיז 156 גר,גרמים,156.00,100 גרם,false,1,6.90,4.4231,true,1,176116
51500000793,false,קונפיטורת אוכמניות 3,,,קונפיטורת אוכמניות 340 גר,גרמים,340.00,100 גרם,false,1,14.90,4.3824,true,1,202417
51500000816,false,קונפיטורת דובדבנים 3,,,קונפיטורת דובדבנים 340 גר,גרמים,340.00,100 גרם,false,1,14.90,4.3824,true,1,202419
51500255162,false,"חמאת בוטנים לל""ג JIF אריזת 454ג'",ג'י.אס.קיי קונסיומר,US,חמאת בוטנים גיף חלקה 454 גר,גרמים,454.00,100 גרם,false,1,17.90,3.9427,true,1,181912
54881000031,false,"תה רוז היפ, היביסקוס ודובדבן",תה אחמד Ahmad tea,,תה שחור ורד ודובדבן 20 שק,Unknown,0.00,Unknown,false,1,10.90,0.0000,true,1,182070
54881000048,false,תה שחור מבחר פרי הדר,תה אחמד Ahmad tea,,תה אחמד מובחר פרי הדר 20 שק,גרמים,40.00,100 גרם,false,1,10.90,27.2500,true,1,182389
54881000055,false,תה מיקס פירות יער והיביסקוס,תה אחמד Ahmad tea,,תה שחור מבחר פירות 20 שק,גרמים,40.00,100 גרם,false,1,10.90,27.2500,true,1,182069
54881000062,false,תה שחור לימונית וקמומי 20 שקיות AHMAD TEA,תה אחמד Ahmad tea,,תה שחור לימונית וקמומיל 20 שק,גרמים,30.00,100 גרם,false,1,10.90,36.3333,true,1,182067
54881000109,false,תה דומדמניות שחורות,תה אחמד Ahmad tea,,תה אחמד ענבי שועל 20 שק,גרמים,36.00,100 גרם,false,1,10.90,30.2778,true,1,182388
54881000208,false,תה שחור לימון ןגינגר,תה אחמד Ahmad tea,,תה שחור לימון וגינגר 20 שק,Unknown,0.00,Unknown,false,1,10.90,0.0000,true,1,182068
54881001779,false,קופסת תה 12 טעמים 60 שקיות,תה אחמד Ahmad tea,,"תה 12 סוגים 177 גר""",גרמים,120.00,100 גרם,false,1,29.90,24.9167,true,1,174805
54881003988,false,תה שחור מיקס 4 טעמים,תה אחמד Ahmad tea,,"תה 4 סוגים 20 שק""",Unknown,0.00,Unknown,false,1,10.90,0.0000,true,1,174806
54881003995,false,תה שחור 4 סוגי פירות,תה אחמד Ahmad tea,,תה בטעם פירות 20 שק,גרמים,40.00,100 גרם,false,1,10.90,27.2500,true,1,182970
54881004787,false,תה אהמאד ירוק 100יח',Sunshine tea (pvt) l,,תה ירוק אחמד 100 שקי,גרמים,200.00,100 גרם,false,1,19.90,9.9500,true,1,176709
54881005654,false,תה ירוק יסמין 20 שקיות AHMAD TEA,תה אחמד Ahmad tea,,תה ירוק אחמד יסמין 20 שק,גרמים,40.00,100 גרם,false,1,10.90,27.2500,true,1,182386
54881006958,false,תה שחור קינמון 20 שקיות AHMAD TEA,תה אחמד Ahmad tea,,"תה שחור ""קינמון "" 20 שק",גרמים,40.00,100 גרם,false,1,10.90,27.2500,true,1,175791
54881006972,false,תה שחור לימון וליים 20 שקיות AHMAD TEA,תה אחמד Ahmad tea,,"תה שחור ""לימון ליים ""20 שק",גרמים,40.00,100 גרם,false,1,10.90,27.2500,true,1,175792
54881006996,false,תה שחור בטעם אפרסק ופסיפלורה,תה אחמד Ahmad tea,,תה שחור אחמד אפרסק ופסיפלורה 20 שק,Unknown,0.00,Unknown,false,1,10.90,0.0000,true,1,182387
54881007108,false,תה שחור בטעם דומדמניות שחורות,תה אחמד Ahmad tea,,"תה שחור ""דומדמניות 20 שק",יחידה,1.00,יחידה,false,1,10.90,10.9000,true,1,175790
54881008167,false,תה אינגליש ברקפסט 100 שקיות AHMAD TEA,תה אחמד Ahmad tea,,"תה אינגליש 100 שק""",גרמים,200.00,100 גרם,false,1,19.90,9.9500,true,1,174808
54881008174,false,תה ארל גריי 100 שקיות AHMAD TEA,תה אחמד Ahmad tea,,"תה ארל גריי 100 שק""",גרמים,200.00,100 גרם,false,1,19.90,9.9500,true,1,174809
54881008181,false,תה אינגליש 100 שקיות AHMAD TEA,תה אחמד Ahmad tea,,"תה אינגליש 100 שק""",גרמים,200.00,100 גרם,false,1,19.90,9.9500,true,1,174810
54881008945,false,תה ירוק 20 שקיות AHMAD TEA,תה אחמד Ahmad tea,,תה ירוק אחמד 20 שק,Unknown,0.00,Unknown,false,1,10.90,0.0000,true,1,182385
54881009522,false,תה אנגלי שחור פטל 20,תה אחמד Ahmad tea,,תה שחור אחמד פטל 20 שק,גרמים,40.00,100 גרם,false,1,10.90,27.2500,true,1,175793
54881012423,false,תה ירוק בטעם פטל ורימונים,תה אחמד Ahmad tea,,תה ירוק בטעם פטל ורימונים 20 שק,Unknown,0.00,Unknown,false,1,10.90,0.0000,true,1,183362
55369901673,false,אפלסנקס רביעיות רסק תפוחי עץ אפרסק ללא תוספת סוכר,ליייהי אורצ'רדס,,רביעית רסק תפוח עץ ללא תוספת סוכר 113 גר,גרמים,452.00,100 גרם,false,1,16.90,3.7389,true,1,207906
55369902564,false,אפלסנקס רביעיות רסק תפוחי עץ ללא תוספת סוכר עברית,ליייהי אורצ'רדס,,רביעית רסק תפוח עץ אפלסנקס 113 גר,גרמים,452.00,100 גרם,false,1,16.90,3.7389,true,1,207909
55500012046,false,"כלורקס מרסס ניקוי עם אקונומיקה 946 מ""ל",כלורוקס אוקלנד,US,כלורקס קלין אפ,מיליליטרים,946.00,"100 מ""ל",false,1,19.90,2.1036,true,1,174812
64144090013,false,תרסיס שמן טעם חמאה פאם 141 ג',קונאגרה פודס,US,"תרסיס שמן ""פאם"" חמאה",גרמים,141.00,100 גרם,false,1,16.90,11.9858,true,1,175998
64144090051,true,תרסיס שמן פאם קנולה,,,"תרסיס שמן ""פאם"" קנול",גרמים,141.00,100 גרם,false,1,16.90,11.9858,true,1,179311
69145102048,false,עוגיות קנטוציני אגוז,,,עוגיות קנטוציני אגוזי לוז ושוקולד 180 גר,גרמים,180.00,100 גרם,false,1,15.90,8.8333,true,1,182020
69145102062,false,עוגיות קנטוציני פירו,,,עוגיות קנטוציני פירות ושיבולת שועל 180 ג,גרמים,180.00,100 גרם,false,1,15.90,8.8333,true,1,182021
70450020873,false,שזיפים ממוימים נטולי,סנסוויט גרוורס אינק,,שזיפים סנסוויט 500 גר,גרמים,500.00,100 גרם,false,1,25.90,5.1800,true,1,181553
71505022453,false,גבינת אריטאג' קרם ציז' בר 227ג',,,גבינת אריטאג קרם ציז בר 227 גר,גרמים,227.00,100 גרם,false,1,17.90,7.8855,true,1,193501
74234512141,false,רוטב פיקו דה גאלו בס,Empacadora San Marco,,פיקו דה גאלו מתבל על בסיס עגבניות 230 גר,גרמים,230.00,100 גרם,false,1,11.90,5.1739,true,1,182174
74234531142,false,פלפל חלפניו פרוס כבו,Empacadora San Marco,,פלפל חלפניו פרוס כבוש 210 גר,גרמים,210.00,100 גרם,false,1,11.90,5.6667,true,1,182172
74410470050,false,אצות קומבו 57 גר,Qingdao Sun-growing,,"אצות ""קומבו"" 57 גר""",גרמים,57.00,100 גרם,false,1,11.90,20.8772,true,1,176171
76808009330,false,עוגיות סנדוויץ' במילוי קרם אגוזי לוז וקקאו,,,עוגיות ברילה סנדוויץ אגוזי לוז 200 גר,גרמים,200.00,100 גרם,false,1,11.90,5.9500,true,1,207834
76808009347,false,עוגיות ברילה בטעם חמ,,,עוגיות ברילה בטעם חמאה 180 גר,גרמים,180.00,100 גרם,false,1,11.90,6.6111,true,1,207833
76808009354,false,עוגיות ברילה קקאו 20,,,עוגיות ברילה קקאו 200 גר,גרמים,200.00,100 גרם,false,1,11.90,5.9500,true,1,207835
76808009361,false,עוגיות ברילה לב שוקו,,,עוגיות ברילה לב שוקולד 200 גר,גרמים,200.00,100 גרם,false,1,11.90,5.9500,true,1,207832
77245110610,false,סוכריות מאסט ללא סוכר בטעם מנטה 80 ג'עלית,MIESZKO S.A - MS. JO,IL,"סוכריות ""מאסט"" מנטה",גרמים,80.00,100 גרם,false,1,6.90,8.6250,true,1,174900
77975036983,false,מטבל עגבניות בחריפות סניידרס 439 ג',שניידרס,US,מטבל סלסה סניידרס חריף 439 גרם,גרמים,439.00,100 גרם,false,1,15.90,3.6219,true,1,197411
77975093085,false,"בייגלה מצופה כעכים בציפוי שוקולד חלב, 141 ג סניידרס",סניידרס Snyder's,,חטיף בייגלה סניידרס מצופה שוקולד חלב 141,גרמים,141.00,100 גרם,false,1,14.90,10.5674,true,1,205779
77975093108,false,"בייגלה מצופה כעכים בציפוי בטעם שוקולד לבן, 141 ג סניידרס",סניידרס Snyder's,,חטיף בייגלה סניידרס מצופה שוקולד לבן 141,גרמים,141.00,100 גרם,false,1,14.90,10.5674,true,1,205780
77975094631,false,סנדביץ בייגלה במילוי קרם בטעם צ'דר 226 גרם סניידרס,סניידרס Snyder's,,סנדוויץ בייגלה סניידרס במילוי קרם צדר,גרמים,227.00,100 גרם,false,12,14.90,6.5639,true,1,194129
77975094761,false,שברי בייגלה בטעם צ'דר 340 גרם סניידרס,סניידרס Snyder's,US,שברי בייגלה סניידרס בטעם צדר 340 גר,גרמים,340.00,100 גרם,false,1,14.90,4.3824,true,1,197152
77975094778,false,סניידרס שברי בייגל בטעם דבש וחרדל 340 גר,סניידרס Snyder's,US,שברי בייגלה סניידרס בטעם דבש חרדל 340 גר,גרמים,340.00,100 גרם,false,1,14.90,4.3824,true,1,197980
78548293024,false,מקלות גונץ אפויים עם,GUNZ WARENHANDELS,,מקלות גונץ אפויים עם שמן זית 250גר,גרמים,250.00,100 גרם,false,1,16.90,6.7600,true,1,199141
80432402931,false,"שיבאס וויסקי ריגאל 12 שנה 700 מ""ל",מזקקת האחים שיבאס,GB,ויסקי שיבאס ריגאל 12 שנים 700 מל,מיליליטרים,700.00,"100 מ""ל",false,1,124.90,17.8429,true,1,177058
80432402993,false,ויסקי סקוטי גלן גראנ,,,"ויסקי סקוטי גלן גראנט 700 מ""ל",מיליליטרים,700.00,"100 מ""ל",false,1,99.90,14.2714,true,1,174918
84279978727,false,יין גוורצטרמינר פאלץ,,,יין גוורצטרמינר פאלץ לבן חצי יבש 0.75לי,מיליליטרים,750.00,"100 מ""ל",false,1,49.90,6.6533,true,1,177008
85696608037,false,טופו רך ללא גלוטן 34,Morinaga NUTRITIONAL,,טופו רך ללא גלוטן 340גר,גרמים,340.00,100 גרם,false,1,14.90,4.3824,true,1,178640
85696608044,false,טופו ללא גלוטן מזרח,Morinaga NUTRITIONAL,US,טופו ללא גלוטן 340גר,גרמים,340.00,100 גרם,false,1,14.90,4.3824,true,1,178641
87666052819,false,רוטב סריראצה סופר חר,,,"רוטב סריראצה סופר חריף 455 מ""ל",מיליליטרים,455.00,"100 מ""ל",false,1,21.90,4.8132,true,1,183906
88586001109,false,יין טו ויינז מרלו 75,סנט מישל גרופ,,יין טו ויינז מרלו 750מל,מיליליטרים,750.00,"100 מ""ל",false,1,44.90,5.9867,true,1,175032
88586425868,false,יין טו ויינז גוורצטר,סנט מישל גרופ,,יין טו ויינז גוורצטרמינר 750 מל,מיליליטרים,750.00,"100 מ""ל",false,1,44.90,5.9867,true,1,176758
89041081056,false,שמן צ'ילי 185 מל,Flavor full foods in,,"שמן צ""ילי 185 מ""ל",מיליליטרים,185.00,"100 מ""ל",false,1,11.90,6.4324,true,1,175037
305213079004,false,"וזלין תחליב גוף צהוב להזנה עמוקה 600מ""ל",וזלין Vaseline,,"תחליף גוף וזלין צהוב להזנה עמוקה 603 מ""ל",מיליליטרים,603.00,"100 מ""ל",false,1,24.90,4.1294,true,1,183884
308910525744,false,אטריות אורז דקות מזר,ליאן תאי רייס,TH,אטריות אורז דקות 454 גר,גרמים,454.00,100 גרם,false,1,10.90,2.4009,true,1,203153
613008742409,false,אריזונה אפרסק בקבוק 1 ליטר,"נטורלה גטרנק בע""מ",DE,אריזונה 1 ל אפרסק,ליטרים,1.00,ליטר,false,6,11.90,11.9000,true,1,195228
613008753320,false,"אריזונה ג'ינסנג ודבש בקבוק 450 מ""ל.",אריזונה Arizona,BG,"משקה אריזונה גינסנג ודבש 450 מ""ל",מיליליטרים,450.00,"100 מ""ל",false,1,7.90,1.7556,true,1,188574
613008753382,false,"משקה אריזונה אוכמניות 450 מ""ל",אריזונה Arizona,BG,"משקה אריזונה אוכמניות 450 מ""ל",מיליליטרים,450.00,"100 מ""ל",false,1,7.90,1.7556,true,1,188572
628154383659,false,דגני בוקר פרוטי פבלס 311 ג' POST,פוסט לקיוויל,PL,דגני פוסט פרוטי פבלס ללא גלוטן 311 גר,גרמים,311.00,100 גרם,false,1,25.90,8.3280,true,1,207071
633824913432,false,וודקה בטעם אסאי-אוכמניות,מזקקת קוימאנס טילבור,NL,"וודקה ""ואן גוג"" אסאי",מיליליטרים,750.00,"100 מ""ל",false,1,139.90,18.6533,true,1,174824
645173911038,false,קורנישון מלפפוןן מיני 720 גרם - תומר,קלמן אינדיה,,קורנישוון בחומץ 720 גר,גרמים,720.00,100 גרם,false,1,9.90,1.3750,true,1,174833
645173911175,false,מלפפון קורנישון 1.4,,,מלפפון קורנישון 1.4ק,גרמים,1400.00,100 גרם,false,1,18.90,1.3500,true,1,174834
645173911427,false,מלפפון במלח 1 ל,,,מלפפון במלח 1 ליטר,קילוגרמים,1.00,"ק""ג",false,1,13.90,13.9000,true,1,174836
645173911458,false,מלפפון פולני בחומץ 1,,,מלפפון פולני בחומץ 1,קילוגרמים,1.00,"ק""ג",false,1,13.90,13.9000,true,1,174837
645173911496,false,עגבניות ירוקות במלח,,,עגבניות ירוקות במלח,קילוגרמים,1.00,"ק""ג",false,1,12.90,12.9000,true,1,174838
693493028868,false,מלפפון בייבי,,,מלפפון בייבי,Unknown,0.00,Unknown,false,1,7.90,0.0000,true,1,193591
693493028875,false,פלפל טינקרבל,,,פלפל טינקרבל,Unknown,0.00,Unknown,false,1,6.90,0.0000,true,1,193590
693493028882,false,גינגר ארוז,,,גינגר ארוז,Unknown,0.00,Unknown,false,1,9.90,0.0000,true,1,193665
693493065641,false,טחינה הר כנען 500 גר,,,טחינה הר כנען 500 גר,גרמים,500.00,100 גרם,false,1,14.90,2.9800,true,1,199621
693493168632,false,זית קלמטה מגולען במי,,,זית קלמטה מגולען במי מלח 430 גר,גרמים,430.00,100 גרם,false,1,16.90,3.9302,true,1,202583
693493168861,false,צלחת מלבנית 110/220,,,צלחת מלבנית 110/220 ממ 10 יח,Unknown,0.00,Unknown,false,1,11.90,0.0000,true,1,204945
693493197526,false,מלח הימלאיה ורוד 390,,,מלח הימלאיה ורוד 390 גר,גרמים,390.00,100 גרם,false,1,16.90,4.3333,true,1,205546
707596280204,false,יין בלו נאן רוזה 750,,,"יין ""בלו נאן"" רוזה 0",מיליליטרים,750.00,"100 מ""ל",false,1,44.90,5.9867,true,1,175484
710535495539,false,"אורז בסמטי 96% 1 ק""ג Avel",,,אורז בסמטי 1 קג,קילוגרמים,1.00,"ק""ג",false,1,11.90,11.9000,true,1,195571
728229123811,false,חטיף על בסיס ירקות שורש בתיבול ים תיכוני,הונדורס צ'יפס יצור א,HN,חטיף ציפס טארה ירקות ים תיכוני 110 גר,גרמים,110.00,100 גרם,false,1,14.90,13.5455,true,1,176321
732494000609,false,קרטורס פופקורן רק הג,קורפפידלס אינק,US,פופקורן גבינת צדר קרטונס 185 גר,גרמים,185.00,100 גרם,false,1,25.90,14.0000,true,1,207911
765105430137,false,פילה סלמון מעושן 500,UFO,UA,פילה סלמון מעושן 500 גר,גרמים,500.00,100 גרם,false,17,59.90,11.9800,true,1,207342
769904000997,false,דגש שקדי מרק ללא גלו,משובח תעשיות מזון,IL,שקדי מרק 200 גר,גרמים,200.00,100 גרם,false,20,12.90,6.4500,true,1,181159
777696000033,false,מול שחור קנדי 907 גר,,,מול שחור קנדי 907 גר,גרמים,907.00,100 גרם,false,1,49.90,5.5017,true,1,175491
786150000274,false,בירה חזקה לף בראון 3,לף Leffe,,בירה לף בראון בק 330 מל,מיליליטרים,330.00,"100 מ""ל",false,1,10.90,3.3030,true,1,204073
805278001847,false,אורז בסמטי תומר 1 קג,,,אורז בסמטי תומר 1 קג,קילוגרמים,1.00,"ק""ג",false,1,9.90,9.9000,true,1,198176
811538013031,false,רום מתובל קראקן 700,,,"רום מתובל קראקן 700 מ""ל",מיליליטרים,700.00,"100 מ""ל",false,12,119.90,17.1286,true,1,187968
835811000297,false,כוסות שתיה חמה 9 אוז 50 יח',אכיף,IL,כוסות קרטון 9 אוז 50 יח,Unknown,0.00,Unknown,false,1,11.90,0.0000,true,1,206397
835811000907,false,כוסות יין מעוטרות כס,,TR,כוס יין מעוטר כסף 50 יח,Unknown,0.00,Unknown,false,1,11.90,0.0000,true,1,193815
835811002246,false,מאפינס צבעוני מס' 2 הנמל 200 יח',יונק,,מאפינס צבעוני 200 יח מס 2,Unknown,0.00,Unknown,false,1,9.90,0.0000,true,1,182183
835811003601,false,מקלוני כותנה לתינוק 90 יח`,ספה,TR,מקלוני כותנה לתינוק 90 יח,Unknown,0.00,Unknown,false,12,4.90,0.0000,true,1,186550
835811003625,false,נרות צבעוניים 12 יח הנמל,,,מפות שולחן 8 יח עבה ניילון בגליל,Unknown,0.00,Unknown,false,30,9.90,0.0000,true,1,185592
835811004455,false,קישקשים מנייר 125 יח' צבעוני,הנג טונג,CN,קשקשים מנייר צבעוני 125 יח,Unknown,0.00,Unknown,false,1,11.90,0.0000,true,1,190682
835811004691,false,עטרות אלו` 2 לאפייה 100 יח` כסף/זהב,הנג טון,CN,עטרות לאפיה כסף/זהב מס 2 100 יח,Unknown,0.00,Unknown,false,1,7.90,0.0000,true,1,180087
835811004707,false,פירורי לחם מוזהבים 440 ג' הנמל,ברמן שוקולד ועוגיות,IL,פירורי לחם מוזהב 440,גרמים,440.00,100 גרם,false,1,6.90,1.5682,true,1,175504
835811005018,false,"כוס יהלום שקוף מ""ל ח""פ 50 יחי",,TR,כוסות קריסטל יהלום 50 יח,Unknown,0.00,Unknown,false,1,16.90,0.0000,true,1,176266
835811005049,false,נייר אפייה משובח וידידותי לסביבה מהדרין 38X42,"איטיליאן פוד, אס.פי.",IL,נייר אפייה מתכלה ירוק שקית 40 יח,Unknown,0.00,Unknown,false,1,9.90,0.0000,true,1,190683
835811005339,false,שקיות אוכל קרטון הנמל זוג*150 יח',,,זוג שקיות אוכל,Unknown,0.00,Unknown,false,1,11.90,0.0000,true,1,176258
835811005377,false,כוס קריסטל 20 יח,,,כוס קריסטל 20 יח,Unknown,0.00,Unknown,false,1,10.90,0.0000,true,1,194693
835811005667,false,נטיפי צ'יפס בטעם שוקולד 250 ג',פינוקים תעשיות מזון,,נטיפי ציפס בטעם שוקולד 250 גר,גרמים,250.00,100 גרם,false,1,7.90,3.1600,true,1,179598
835811005933,false,מגש הכסף תבנית אלומ` ענק 5 יח`,ווינפאק,,מגש הכסף תבנית אלומיניום ענק 5 יח,Unknown,0.00,Unknown,false,1,10.90,0.0000,true,1,176260
835811005940,false,מגש הכסף תבנית אלומ` גדולה + מכסה 8 יח`,,IL,מגש הכסף תבנית אלומיניום גדולה+מכסה 8 יח,Unknown,0.00,Unknown,false,1,10.90,0.0000,true,1,176262
835811005957,false,מגש הכסף תבנית אלומ` 90 + מכסה 8 יח`,יבוא ושיווק: הנמל אר,IL,מגש הכסף תבנית אלומיניום 90+מכסה 8 יח,Unknown,0.00,Unknown,false,1,10.90,0.0000,true,1,176261
835811006985,false,בורגול מרובע 500 גר,,,"בורגול מרובע 500 גר""",גרמים,500.00,100 גרם,false,1,4.90,0.9800,true,1,175507
835811007142,false,עדשים ירוקות 500 גר,,,"עדשים ירוקים 500 ג""ר",גרמים,500.00,100 גרם,false,1,7.90,1.5800,true,1,175508
835811007180,false,פופ קורן הנמל 500 גר,יבוא ושיווק: הנמל אר,IL,"פופקורן 500 ג""ר",גרמים,500.00,100 גרם,false,1,5.90,1.1800,true,1,175509
835811007197,false,"עדשים אדומים הנמל 500 ק""ג",,,לקט עדשים אדומים 500,גרמים,500.00,100 גרם,false,1,7.90,1.5800,true,1,175510
835811007210,false,לקט חומוס 500 גר,יבוא ושיווק: הנמל אר,IL,"לקט חומוס 500 ג""ר",גרמים,500.00,100 גרם,false,1,5.90,1.1800,true,1,175512
835811007227,false,"הנמל לקט חיטה בד""ץ 500ג'",,,"חיטה 500 ג""ר",גרמים,500.00,100 גרם,false,1,4.90,0.9800,true,1,175513
835811007234,false,אפונה יבשה הנמל 500 ג',יבוא ושיווק: הנמל אר,IL,"אפונה 500 ג""ר",גרמים,500.00,100 גרם,false,1,5.90,1.1800,true,1,175514
835811007258,false,שעועית לבנה הנמל 500,נארז על ידי: הנמל אר,IL,שעועית 500 גרם,גרמים,500.00,100 גרם,false,1,7.90,1.5800,true,1,175515
835811007494,false,גלטין טהור מדגים 2 יח` 14 X גר`,ג'ליס פיוניר,IL,גלטין טהור מדגים,גרמים,28.00,100 גרם,false,1,9.90,35.3571,true,1,175517
835811007678,false,שקיות אוכל הנמל 200 יח',סאם גלובל תורכיה,CN,"שקיות אוכל 200 יח""",Unknown,0.00,Unknown,false,1,4.00,0.0000,true,1,175518
835811008743,false,קינואה מרובע 500 גר,,,"קינואה מרובע 500 גר""",גרמים,500.00,100 גרם,false,1,12.90,2.5800,true,1,175521
835811008927,false,כוס ויסקי הנמל 10 יח,בי רייט,CN,כוס וויסקי גבוהה 10,Unknown,0.00,Unknown,false,1,14.90,0.0000,true,1,175523
835811009238,false,שיפודים ענק שטוח מבמבוק 25 יח`,,,שיפודים ענק מבמבוק 2,Unknown,0.00,Unknown,false,1,5.90,0.0000,true,1,175525
835811009337,false,כוסות יין חד פעמי 1,,,כוסות ליין 12 יח,Unknown,0.00,Unknown,false,1,13.90,0.0000,true,1,176265
839762000641,false,משקה איילנד מנגו נקטר 1 ל',"פאראגאלה,דה אג'יפשן",EG,משקה איילנד בטעם מנגו 1ל,ליטרים,1.00,ליטר,false,1,11.90,11.9000,true,1,176206
839762000658,false,משקה נקטר איילנד גויאבה 1 ל',The Egyptian Co. for,EG,משקה איילנד בטעם גויאבה 1ל,ליטרים,1.00,ליטר,false,1,11.90,11.9000,true,1,176207
841058006633,false,"אדג' ג'יל גילוח מועשר בשיבולת שועל 198 מ""ל",,US,אדג גל גילוח מעושר בשיבולת שועל,גרמים,200.00,100 גרם,false,12,16.90,8.4500,true,1,195103
842826001126,false,תבלין וגטה זכוכית 40,,,תבלין וגטה זכוכית 400 גר,גרמים,400.00,100 גרם,false,1,32.90,8.2250,true,1,193886
850307005617,false,איטריות ביצים ורמישל,א.ל.ב גולד,,איטריות ביצים ורמישל דק 500גר,גרמים,500.00,100 גרם,false,1,10.90,2.1800,true,1,181223
850307005624,false,אטריות ביצים ורמישל,א.ל.ב גולד,,איטריות ביצים ורמישל עבה 500גר,גרמים,500.00,100 גרם,false,1,10.90,2.1800,true,1,177976
850307005662,false,אטריות ביצים חינקל 5,,,אטריות ביצים חינקל 500 גר,גרמים,500.00,100 גרם,false,1,10.90,2.1800,true,1,187133
850307005693,false,אטריות ביצים לפשה דק,א.ל.ב גולד,,איטריות ביצים לפשה דק 500גר,גרמים,500.00,100 גרם,false,1,10.90,2.1800,true,1,177980
850307005747,false,איטריות ביצים תלתל 5,א.ל.ב גולד,,איטריות ביצים תלתל 500גר,גרמים,500.00,100 גרם,false,1,10.90,2.1800,true,1,177978
850307005792,false,אטריות ביצים לפשה עב,א.ל.ב גולד,,איטריות ביצים לפשה עבה 500גר,גרמים,500.00,100 גרם,false,1,10.90,2.1800,true,1,177981
851621000050,false,בירה חיטה בטעם הדרים 1664 בלאנק - שישייה,קרלסברג ספליי קומפאנ,PL,"בירה בלאנק 1664 בק 330 מ""ל שישייה",מיליליטרים,1980.00,"100 מ""ל",false,1,54.90,2.7727,true,1,188806
856591000062,false,עוגיות מזרחיות מלח 400 ג' עבאדי,מאפיית יוסף ושמחה עב,IL,"עוגיות מזרחיות ""עבאד",גרמים,400.00,100 גרם,false,1,15.90,3.9750,true,1,174995
856591000109,false,עבאדי עוגיות מזרחיות פריכות 400ג',מאפיית יוסף ושמחה עב,IL,עוגיות מזרחיות פריך,גרמים,400.00,100 גרם,false,1,15.90,3.9750,true,1,175526
856591000512,false,עוגיות עבאדי מיני מזרחי מקלות 400ג',מאפיית יוסף ושמחה עב,IL,עוגיות מזרחיות מקלות,גרמים,400.00,100 גרם,false,1,15.90,3.9750,true,1,175528
856591000949,false,עבאדי קטנטנים מאפה חיטה מלוח 350ג גר',עבאדי,IL,מאפה חיטה מלוח 350 גר,גרמים,350.00,100 גרם,false,1,15.90,4.5429,true,1,198715
859547004329,false,ספוג ניקוי צבעוני סקראב דדי Scrub Daddy,סקארקיסט,US,ספוג ניקוי ירוק סקראב דרי יחידה,Unknown,0.00,Unknown,false,1,18.90,0.0000,true,1,204004
859547004466,false,סקראב מאמי ספוג ניקו,סקארקיסט,US,ספוג ניקוי אדום סקראב דרי יחידה,Unknown,0.00,Unknown,false,1,18.90,0.0000,true,1,204005
877358000200,false,"יין רימונים חצי מתוק 750מ""ל",פרושן,,יין רימונים חצי מתוק 750 מל,מיליליטרים,750.00,"100 מ""ל",false,1,29.90,3.9867,true,1,177233
884912002372,false,דגני בוקר גרייט גריינס פוסט453 גרם,post consumer brands,US,סלקט קרנברי 396 גר,גרמים,396.00,100 גרם,false,1,23.90,6.0354,true,1,207073
884912102102,false,דגני בוקר פוסט סלקט אוכמניות 382 גר,הנסיך- מפעל לייצור ט,US,דגני בוקר בלובלרי מורנינג 382 גר,גרמים,382.00,100 גרם,false,1,23.90,6.2565,true,1,207074
884912359155,false,דגני בוקר האני באנצס רוסטד 340 ג' POST,פוסט לקיוויל,US,דגני בוקר האני באנצס רוסטד 340 גר,גרמים,340.00,100 גרם,false,12,23.90,7.0294,true,1,207035
893594002051,false,"חטיף פופקורן צ`יפס בטעם גבינת צ`דר, 28ג Medora snacks",Unknown,,פופקורנס גבינת צדר 28 גר,גרמים,28.00,100 גרם,false,1,5.90,21.0714,true,1,206102
893594002068,false,"חטיף פופקורן צ`יפס עם מלח ים,28 ג HANTRONIX",Unknown,,פופקורנס מלח ים 28 גר,גרמים,28.00,100 גרם,false,1,5.90,21.0714,true,1,206101
3014260201753,false,סכיני גילוח ג'ילט בלו 2 להבים - מארז 5 יח',פרוקטר אנד גמבל,PL,בלו 2 פלוס LONG HAND,Unknown,0.00,Unknown,false,1,15.90,0.0000,true,1,173170
3014260240226,false,"ג'ילט קצף גילוח רגיש - 200 מ""ל",פרוקטר אנד גמבל,GB,"ג""ילט קצף גילוח לעור 200מל",מיליליטרים,200.00,"100 מ""ל",false,1,14.90,7.4500,true,1,173173
3014260287030,false,גילט בלו ח.פעמי חמישייה,פרוקטר אנד גמבל,MD,"ג""ילט 2 (5 יח"")",Unknown,0.00,Unknown,false,1,8.90,0.0000,true,1,173176
3014260289287,false,סכיני גילוח לאישה בלו 2 Blue,פרוקטר אנד גמבל,RU,סכיני גילוח לנשים חמישייה,Unknown,0.00,Unknown,false,1,14.90,0.0000,true,1,173177
3024482270109,false,קוניאק רמי מרטן 700,רמי מרטן,,"קוניאק ""רמי מרטין"" V",מיליליטרים,700.00,"100 מ""ל",false,1,219.90,31.4143,true,1,174207
3028130077751,false,קוניאק קמוס 700 מל,,,קוניאק קמוס 700 מל,מיליליטרים,700.00,"100 מ""ל",false,1,119.90,17.1286,true,1,197163
3035542004206,false,ליקר קואטרו 700 מל,רמי קואנטרו,,ליקר קואטרו 0.7ל,מיליליטרים,700.00,"100 מ""ל",false,1,139.90,19.9857,true,1,177314
3045140105502,false,מילקה - שוקולד חלב 100 ג',,,שוקולד חלב מילקה 100 גר,גרמים,100.00,100 גרם,false,1,5.90,5.9000,true,1,174211
3045140280902,false,מילקה - שוקולד עם צימוקים ואגוזים 100 גרם,מונדלייז,DE,שוקולד מילקה צימוקים ואגוזים 100 גר,גרמים,100.00,100 גרם,false,1,5.90,5.9000,true,1,174212
3046920027281,false,שוקולד מריר אקסלנס במילוי קרמל ומלח ים,לינדט ושפרונגלי,FR,שוקולד לינדט אקסלנס קרמלסולט 100 גר,גרמים,100.00,100 גרם,false,1,15.90,15.9000,true,1,179355
3046920028004,false,שוקולד מריר אקסלנס 70%,לינדט ושפרונגלי,FR,שוקולד לינדט אקסלנס 100 גר,גרמים,100.00,100 גרם,false,1,15.90,15.9000,true,1,174213
3046920028363,false,שוקולד מריר אקסלנס 85%,לינדט ושפרונגלי,FR,"שוקולד ""לינדט אקסלנס",גרמים,100.00,100 גרם,false,1,15.90,15.9000,true,1,174214
3046920028721,false,שוקולד מריר אקסלנס 99%,לינדט ושפרונגלי,FR,שוקולד לינדט אקסלנס 99% 50 גר,גרמים,50.00,100 גרם,false,1,15.90,31.8000,true,1,182786
3046920029674,false,שוקולד מריר אקסלנס עם מלח ים,לינדט ושפרונגלי,DE,"שוקולד ""לינדט"" אקסלנ",גרמים,100.00,100 גרם,false,1,15.90,15.9000,true,1,174216
3046920029759,false,שוקולד מריר אקסלנס 90% קקאו,לינדט ושפרונגלי ג'י.,DE,שוקולד לינדט אקסלנס 90% 100 גר,גרמים,100.00,100 גרם,false,1,15.90,15.9000,true,1,179354
3049197110076,false,קוניאק קורווזיה 700,,,"קוניאק קורווזיה 700 מ""ל מארז עם כוסות",מיליליטרים,700.00,"100 מ""ל",false,1,139.90,19.9857,true,1,183785
3049197210776,false,קוניאק קורווזיה 700,,,קוניאק קורווזיה VSOP,מיליליטרים,700.00,"100 מ""ל",false,1,199.90,28.5571,true,1,185242
3049614083983,false,שמפניה וו קליקו רוזה,Veuve Clicquot,,שמפניה וו קליקו רוזה באריזת מתנה 750מל,מיליליטרים,750.00,"100 מ""ל",false,1,389.90,51.9867,true,1,178031
3059943015128,false,מבשם אוויר נטול גז אקווה מיסט בניחוח לבנדר פראי ואוויר הרים,הדקלאים אגודת שיתופי,PL,"מבשם אוויר ""אירוויק""",מיליליטרים,345.00,"100 מ""ל",false,1,14.90,4.3188,true,1,174219
3068320014067,false,מים מינרלים טבעיים מ,קריניציה ויטמינה אס,FR,מים מינרליים אוויאן 750 מל,מיליליטרים,750.00,"100 מ""ל",false,1,9.90,1.3200,true,1,204709
3073780574242,false,גבינה לואש קירי 16 יח' 240 ג',,,גבינה לה ואש קירי 16 240 גר,גרמים,240.00,100 גרם,false,1,24.90,10.3750,true,1,174221
3073780574310,false,גבינה לואש קירי 24 יח',,,גבינה לה ואש קירי 24 360 גר,גרמים,360.00,100 גרם,false,1,36.90,10.2500,true,1,174222
3073780591591,false,גבינה לואש קירי 12 יח' 192 ג',"מפעלי גבינות ""ביל",,גבינה לואש קירי 192 גר,גרמים,192.00,100 גרם,false,48,19.90,10.3646,true,1,174223
3073780839631,false,גבינת קירי 6 יח' 100 ג',"מפעלי גבינות ""ביל",,גבינה קירי 6יח 100גר,גרמים,100.00,100 גרם,false,1,14.90,14.9000,true,1,177426
3073781162790,false,גבינת בייבי בל אדם 1,מחלבות בל,FR,גבינת אדם בייבי בל 120 גר,גרמים,120.00,100 גרם,false,1,22.90,19.0833,true,1,203959
3073781177220,false,גבינת אדם בייבי בל ר,מחלבות בל,FR,גבינת אדם בייבי בל רול 102 גר,גרמים,102.00,100 גרם,false,8,22.90,22.4510,true,1,207299
3141360054405,false,פיניש מפיץ ריח למדיח בניחוח לימון וליים,הדקלאים אגודת שיתופי,PL,פיניש ציטרופרש ציטרו,גרמים,27.00,100 גרם,false,1,14.90,55.1852,true,1,184342
3147697720204,false,וויסקי סקוטי לייבל 5,לייבל 5 Label,,"ויסקי לייבל בלאק 5 קלאסיק 700 מ""ל",מיליליטרים,700.00,"100 מ""ל",false,1,79.90,11.4143,true,1,180651
3161420001972,false,ברנדי סט רמי 700 מל,רמי קואנטרו,,"ברנדי ""סט רמי"" VSOP",מיליליטרים,700.00,"100 מ""ל",false,1,79.90,11.4143,true,1,178019
3161911393210,false,חמאת נורמנדי מלוחה 2,אלוויר,FR,חמאת נורמנדי מלוחה 200 גר,גרמים,200.00,100 גרם,false,1,19.90,9.9500,true,1,204225
3175520018594,false,יין רוש מאזה סביניון,castel freres,,"יין ""רוש מאזה""סביניון 750 מ""ל",מיליליטרים,750.00,"100 מ""ל",false,1,34.90,4.6533,true,1,174234
3175529640758,false,יין רוש מאזה לבן יבש,castel freres,,"יין רוש מאזה לבן יבש שרדנה 750 מ""ל",מיליליטרים,750.00,"100 מ""ל",false,1,34.90,4.6533,true,1,180029
3175529644916,false,יין רוש מאזה לבן מתו,castel freres,,"יין רוש מאזה לבן מתוק מוסקט 750 מ""ל",מיליליטרים,750.00,"100 מ""ל",false,6,34.90,4.6533,true,1,188107
3178530402353,false,עוגיות ספוג קטנות מיני מדלן,סן מישל St Michel,FR,עוגיות רכות מדלן 175 גר,גרמים,175.00,100 גרם,false,1,11.90,6.8000,true,1,183026
3178530407938,false,עוגיות מיני מדלן עם פצפוצי שוקולד,סן מישל St Michel,FR,עוגיות רכות מדלן 175 גר,גרמים,175.00,100 גרם,false,1,12.90,7.3714,true,1,183025
3179732348913,false,מים מינרליים פרייה פ,נסטלה ווטרס ספלאי,FR,מים מינרליים פרייה פלסטיק 1 ל,ליטרים,1.00,ליטר,false,1,9.90,9.9000,true,1,174235
3185370457054,false,שמפניה מואט ושנדו אי,Moet Chandon,,שמפניה מואט ושנדו אייס אימפריאל 750 מל,מיליליטרים,750.00,"100 מ""ל",false,1,299.90,39.9867,true,1,193246
3245995960015,false,קוניאק הנסי 40% 700,jas hennessy,,קוניאק הנסי V.S,מיליליטרים,700.00,"100 מ""ל",false,1,149.90,21.4143,true,1,177681
3263280107495,false,יין סנגריה מריה אולה,,,יין סנגריה מריה אולה 1.5 ל,ליטרים,1.50,ליטר,false,1,21.90,14.6000,true,1,201059
3263286301316,false,יין גי פי קולומברד ס,,,"יין JP קולומברד סוביניון 750 מ""ל",מיליליטרים,750.00,"100 מ""ל",false,1,39.90,5.3200,true,1,189263
3263286301385,false,יין גי פי גראנש סנסו,,,"יין JP CHENET גראנש סנסו 750 מ""ל",מיליליטרים,750.00,"100 מ""ל",false,1,39.90,5.3200,true,1,189474
3263286321284,false,יין גיי פי שנה לבן ח,,,יין JP לבן חצי מתוק,מיליליטרים,750.00,"100 מ""ל",false,1,39.90,5.3200,true,1,181231
3263286328993,false,יין גיי פי שנה מרלו,,,יין מרלו JP CHENET,מיליליטרים,750.00,"100 מ""ל",false,1,39.90,5.3200,true,1,189641
3263289990203,false,יין גיי פי שנה שרדונ,,,יין JP לבן שרדונה,מיליליטרים,750.00,"100 מ""ל",false,1,39.90,5.3200,true,1,181230
3263289998711,false,ייין גיי פי שנה שירא,,,יין JP אדום שיראז,מיליליטרים,750.00,"100 מ""ל",false,1,39.90,5.3200,true,1,181229
3267682136176,false,ויסקי היילנד קווין ב,אגדת,IL,ויסקי היילנד קווין בלנדד 1 ל,ליטרים,1.00,ליטר,false,1,84.90,84.9000,true,1,187195
3270620001757,false,קוניאק לואי רוייה 70,,,"קוניאק ""לואי רוייר"" 0.7 ל",מיליליטרים,700.00,"100 מ""ל",false,1,109.90,15.7000,true,1,176868
3296184016242,false,יין מירבל רוזה 750 מ,,,יין מירבל רוזה יבש 750 מל,מיליליטרים,750.00,"100 מ""ל",false,1,99.90,13.3200,true,1,197434
3387390320244,false,פיטנס Fitness דגנים מלאים עם פירות,נסטלה צרפת איטנקורט,FR,פיטנס דגנים עם פירות,גרמים,375.00,100 גרם,false,1,19.90,5.3067,true,1,174253
3387390525960,false,קראנץ' Crunch דגנים פריכים עם שוקולד,הנסיך- מפעל לייצור ט,FR,"דגני בוקר ""קראנץ"" מש",גרמים,500.00,100 גרם,false,1,21.90,4.3800,true,1,174254
3387390730852,false,פיטנס Fitness קלאסי דגנים מלאים ואורז,נסטלה צרפת איטנקורט,FR,דגני בוקר פיטנס 375,גרמים,375.00,100 גרם,false,1,19.90,5.3067,true,1,174255
3500610033346,false,יין גיי פי שנה אדום,,,יין JP אדום חצי מתוק,מיליליטרים,750.00,"100 מ""ל",false,1,39.90,5.3200,true,1,181232
3500610066122,false,יין שאטו דו פביליון,,,יין שאטו דו פביליון בורדו אדום יבש,מיליליטרים,750.00,"100 מ""ל",false,1,39.90,5.3200,true,1,193184
3500610093708,false,יין מבעבע גי פי רוזה,LANDIRAS JP CHENET,,"יין מבעבע גי פי רוזה 750 מ""ל",מיליליטרים,750.00,"100 מ""ל",false,1,39.90,5.3200,true,1,179524
3500610122644,false,יין גיי פי שנה גוורט,,,יין שנה לבן יבש גוורטטרמינר JP,מיליליטרים,750.00,"100 מ""ל",false,1,39.90,5.3200,true,1,184098
3525490010041,false,יין לה זאמל מורבדרה,,,"יין לה זאמל מורבדרה 750 מ""ל",מיליליטרים,750.00,"100 מ""ל",false,1,49.90,6.6533,true,1,188588
3525490015497,false,יין לה זאמל קריניאן,,,"יין לה זאמל קריניאן 750 מ""ל",מיליליטרים,750.00,"100 מ""ל",false,1,49.90,6.6533,true,1,185618
3525490016302,false,יין לה זאמל מלבק 750,,,"יין לה זאמל מלבק 750 מ""ל",מיליליטרים,750.00,"100 מ""ל",false,1,49.90,6.6533,true,1,185617
3525490024987,false,יין לה וילט פינו נוא,לה וילט,FR,"יין לה וילט פינו נואר 750 מ""ל",מיליליטרים,750.00,"100 מ""ל",false,6,55.90,7.4533,true,1,186921
3574660089547,false,או-בה טמפונים קלאסי נורמל 32יח',ג'ונסון אנד ג'ונסון,GR,טמפון או.בי נורמל,Unknown,0.00,Unknown,false,1,24.90,0.0000,true,1,174265
3574660115154,false,או-בה טמפונים קלאסי סופר 32יח',ג'ונסון אנד ג'ונסון,IT,טמפון או.בי נורמל,Unknown,0.00,Unknown,false,1,24.90,0.0000,true,1,174266
3574660333466,false,או-בה טמפונים פרוקומפורט מיני 32 יח',הנסיך- מפעל לייצור ט,DE,"טמפוני ""או.בי"" מיני 32 יח",גרמים,240.00,100 גרם,false,1,24.90,10.3750,true,1,176060
3574660464368,false,קרפרי מגן תחתון אוורירי אלוורה 76 יח'',גונסון אנד גונסון,IT,מגן תחתון קרפרי אוורירי אלוורה 76 יח,Unknown,0.00,Unknown,false,1,22.90,0.0000,true,1,185364
3574661003924,false,שטיפת פה טוטאל קר בטעם מנטה צלול,ליסטרין Listerine,IT,"מי פה ליסטרין טוטל קאר 500 מ""ל",מיליליטרים,500.00,"100 מ""ל",false,1,21.90,4.3800,true,1,185765
3574661114637,false,"מי פה ליסטרין זירו מנטה עדין 500 מ""ל",ג'ונסון אנד ג'ונסון,IT,"מי פה ליסטרין זירו 500 מ""ל",מיליליטרים,500.00,"100 מ""ל",false,1,19.90,3.9800,true,1,185763
3574661352275,false,"מי פה ליסטרין קידס בטעם פירות יער 250 מ""ל",,,מי פה ליסטרין קידס 250 מל,מיליליטרים,250.00,"100 מ""ל",false,1,14.90,5.9600,true,1,193457
3574661363998,false,"מי פה ליסטרין תה ירוק 500 מ""ל",,,"מי פה ליסטרין גרין טי 500 מ""ל",מיליליטרים,500.00,"100 מ""ל",false,1,21.90,4.3800,true,1,185766
3574661487335,false,קרפרי מגן תחתון מקסי לונג ריח'ני 40 יח',קרפרי Carefree,,קרפרי מקסי לונג ריחני 40 יח,Unknown,0.00,Unknown,false,1,17.90,0.0000,true,1,189313
3574661487618,false,קרפרי מגן תחתון מקסי לארג'' מבושם 48 יח'',ג'ויה מעבדות לקוסמטי,IT,מגן תחתון קרפרי מקסי מבושם 48 יח,Unknown,0.00,Unknown,false,1,17.90,0.0000,true,1,189312
3574661487625,false,מגני תחתון פלוס לארג' בניחוח עדין L,הדקלאים אגודת שיתופי,IT,מגן תחתון קרפרי מקסי לארג 48 יח,Unknown,0.00,Unknown,false,1,17.90,0.0000,true,1,189311
3574661491806,false,מי פה אדבנס וויט מנטה מסירה כתמים קשים,ליסטרין Listerine,,מי פה ליסטרין אדואנסיד וויט 500 מל,מיליליטרים,500.00,"100 מ""ל",false,1,21.90,4.3800,true,1,196345
3574661504162,false,מוס לשטיפה אינטימית יומיומית מכיל תה ירוק ואלוורה,קרפרי Carefree,IT,"קרפרי מוס לשטיפה אינטימית 150 מ""ל",מיליליטרים,150.00,"100 מ""ל",false,6,19.90,13.2667,true,1,189309
3574661552576,false,קרפרי מגן תחתון רגיל טנגה לבן 56 יח חדש,הדקלאים אגודת שיתופי,GR,מגני תחתון קרפרי רגיל טנגה לבן 56 יח,Unknown,0.00,Unknown,false,5,17.90,0.0000,true,1,192032
3574661552804,false,קרפרי מגן תחתון אלוורה 56 יח',הדקלאים אגודת שיתופי,IT,מגני תחתון קרפרי אלוורה 56 יח,Unknown,0.00,Unknown,false,5,17.90,0.0000,true,1,192031
3574661552811,false,קרפרי כותון אוורירי 56 יח',הדקלאים אגודת שיתופי,GR,מגני תחתון קרפרי כותון אוורירי 56 יח,Unknown,0.00,Unknown,false,5,17.90,0.0000,true,1,192029
3574661554884,false,קרפרי רגיל טנגה ריחני 56 יח' חדש,הדקלאים אגודת שיתופי,GR,קרפרי רגיל טנגה ריחני 56 יח,Unknown,0.00,Unknown,false,5,17.90,0.0000,true,1,192033
3574661650029,false,ליסטרין שטיפת פה להגנה על החניכיים בטעם מעודן,ליסטרין Listerine,,מי פה ליסטרין נטורלס 500 מל,מיליליטרים,500.00,"100 מ""ל",false,6,21.90,4.3800,true,1,202733
3574669907682,false,גונסונס בייבי טלק 500 ג',גונסון אנד גונסון,IT,"טלק גיונסונס בייבי 500 מ""ל",גרמים,500.00,100 גרם,false,1,29.90,5.9800,true,1,188163
3574669907972,false,"גונסון בייבי שמפו טיפות של ברק 750 מ""ל",ג'ונסונס Johnson's,IT,"שמפו גונסון טיפות של ברק 750 מ""ל",מיליליטרים,750.00,"100 מ""ל",false,1,24.90,3.3200,true,1,188176
3574669908481,false,גונסון בייבי אל סבון אמבט 750 מל חדש,ג'ונסונס Johnson's,IT,"אל סבון גונסונס בייבי אמבט 750 מ""ל",מיליליטרים,750.00,"100 מ""ל",false,1,19.90,2.6533,true,1,188174
3574669908665,false,גונסון בייבי אל סבון לפני שינה 750 חדש,גונסון אנד גונסון,IT,"אל סבון גונסון בייבי לפני שינה 750 מ""ל",מיליליטרים,750.00,"100 מ""ל",false,1,19.90,2.6533,true,1,188172
3574669908948,false,גונסון בייבי אל סבון לרחצה עדינה 750 חדש,גונסון אנד גונסון,IT,"אל סבון גונסון בייבי לרחצה עדינה 750 מ""ל",מיליליטרים,750.00,"100 מ""ל",false,1,19.90,2.6533,true,1,188173
3607340717635,false,"אדידס - ג'ל רחצה אייס דייב 400 מ""ל",קוטי ס.פ,,"גל רחצה אדידס אייס דייב 400 מ""ל",מיליליטרים,400.00,"100 מ""ל",false,1,12.90,3.2250,true,1,184467
3607343817547,false,"אדידס - דאודורנט ספריי לגבר קליימקול 150 מ""ל",קולפ,PT,דאו ספריי לגבר קליימקול 150 מל,מיליליטרים,150.00,"100 מ""ל",false,1,9.90,6.6000,true,1,195128
3607347320449,false,"אדידס - ג'ל רחצה ספורט אנרג'י 400 מ""ל",קוטי ס.פ,,"גל רחצה אדידס ספורט אנרגי 400 מ""ל",מיליליטרים,400.00,"100 מ""ל",false,1,12.90,3.2250,true,1,184465
3614223736003,false,"אדידס - דאודורנט ספריי לגבר אדיפיור 150 מ""ל",איגפק אס.איי,PT,דאו ספריי לגבר אדיפיור 150 מל,מיליליטרים,150.00,"100 מ""ל",false,1,9.90,6.6000,true,1,195129
3614224050986,false,"אדידס - דאודורנט ספריי לגבר אדיפאוור 72 שעות 150 מ""ל","ב.א מזון בע""מ",PT,דאו ספריי לגבר אדיפיור 72 ש 150 מל,מיליליטרים,150.00,"100 מ""ל",false,1,9.90,6.6000,true,1,195130
3701086305405,false,יין אדום יבש דום דו,TIFFON,FR,יין אדום יבש דום דו פונט סירה 750 מל,מיליליטרים,750.00,"100 מ""ל",false,1,39.90,5.3200,true,1,197828
3701086305719,false,יין לה קוק יבש מלבק,,FR,יין לה קוק יבש מלבק 14% 750 מל,מיליליטרים,750.00,"100 מ""ל",false,6,64.90,8.6533,true,1,198509
3760040420394,false,יין פול מאס קלו דה מ,פול מאס,,יין פול מאס קלו דה מור אדום,Unknown,0.00,Unknown,false,1,79.90,0.0000,true,1,176757
3770012307042,false,יין לבן יבש פטי שאבל,,,יין לבן יבש פטי שאבלי 750 מל,מיליליטרים,750.00,"100 מ""ל",false,1,69.90,9.3200,true,1,206968
3800065711319,false,ביסקויט ריבת תות בצי,,,ביסקויט במילוי ריבת תות בציפוי קקאו 150,גרמים,150.00,100 גרם,false,1,8.90,5.9333,true,1,205361
3800065781114,false,עוגת וופל במילוי קרם,זרחני איזדליה ורנה (,,עוגת ועוגת וופל במילוי קרם קקאו ובוטנים 250 גר,גרמים,250.00,100 גרם,false,1,11.90,4.7600,true,1,175049
3800065781244,false,עוגת וופל צודו קרם ק,זרחני איזדליה ורנה (,,עוגת וופל צודו קרם קקאו וקוקוס 180 גר,גרמים,180.00,100 גרם,false,1,9.90,5.5000,true,1,177063
3800065781268,false,עוגת וופל במילוי קרם,זרחני איזדליה ורנה (,,עוגת וופל במילוי קרם קקאו ובוטנים 180 גר,גרמים,180.00,100 גרם,false,1,9.90,5.5000,true,1,177064
3800065781275,false,אצבעות וופל במילוי ק,,,אצבעות וופל במילוי קרם קקאו מצופה 160 גר,גרמים,160.00,100 גרם,false,1,8.90,5.5625,true,1,205365
3800065781688,false,עוגת וופל במילוי קרם,זרחני איזדליה ורנה (,,עוגת וופל במילוי קרם אגוזי לוז 125 גר,גרמים,125.00,100 גרם,false,1,9.90,7.9200,true,1,177945
3800205875109,false,צנימים מרטי עגבניות,,,צנימים מרטי בטעם עגבניות זיתים ואורגנו,גרמים,70.00,100 גרם,false,1,5.90,8.4286,true,1,176945
3800205875208,false,צנימים מרטי בטעם פיט,,,צנימים מרטי בטעם פיטריות ושמנת 70 גר,גרמים,70.00,100 גרם,false,1,5.90,8.4286,true,1,176946
3800205875307,false,צנימים מרטי בטעם תער,,,צנימים מרטי בטעם תערובת ירקות 70 גר,גרמים,70.00,100 גרם,false,1,5.90,8.4286,true,1,176947
3800205877325,false,צנימים מרטי בטעם שמנ,,,צנימים מרטי בטעם שמנת בצל 70 גר,גרמים,70.00,100 גרם,false,1,5.90,8.4286,true,1,193971
3800727040818,false,לפתן דובדבן חמוץ ללא,קרנובטפלוד,,לפתן דובדבן חמוץ ללא חרצן 700 מל,מיליליטרים,700.00,"100 מ""ל",false,1,11.90,1.7000,true,1,205058
3800740027155,false,שימורי ירקות ליוטיני,DERONI,,שימורי ירקות ליוטיניצה טודורקה 315 גר,גרמים,315.00,100 גרם,false,1,14.90,4.7302,true,1,182502
3838945027854,false,מיץ פרוקטל מולטיויטמ,FRUCTAL,,מיץ פרוקטל מולטיויטמין 1 ל,ליטרים,1.00,ליטר,false,1,12.90,12.9000,true,1,177654
3838945509015,false,נקטר פרוקטל אוכמניות,פרוקטל Fructal,,נקטר פרוקטל אוכמניות שחורות 1 ל,ליטרים,1.00,ליטר,false,1,12.90,12.9000,true,1,177655
3838945509022,false,נקטר פרוקטל תות שדה,FRUCTAL,,נקטר פרוקטל תות שדה 1 ל,ליטרים,1.00,ליטר,false,1,12.90,12.9000,true,1,177656
3838945509060,false,מיץ תפוחים פרוקטל 10,FRUCTAL,,מיץ תפוחים פרוקטל 100% פרי 1 ל,ליטרים,1.00,ליטר,false,1,12.90,12.9000,true,1,178480
3838945509077,false,מיץ נקטר פרוקטל 1 לי,FRUCTAL,,מיץ אננס פרוקטל 100% פרי 1 ל,ליטרים,1.00,ליטר,false,1,12.90,12.9000,true,1,178481
3850104008054,false,תבלין וגטה ירקות 75,פודרבקה ד.ד,,תבלין וגטה ירקות 75 גר,גרמים,75.00,100 גרם,false,1,6.90,9.2000,true,1,175059
3850104008825,false,תבלין וגטה תערובת עם,פודרבקה ד.ד,,תבלין וגטה תערובת עם ירקות 125 גר,גרמים,125.00,100 גרם,false,1,10.90,8.7200,true,1,175062
4000161110156,false,מרציפן קלאסי בטעמים,,,מרציפן קלאסי בטעמים נידרגר 100 גר,גרמים,100.00,100 גרם,false,1,29.90,29.9000,true,1,192356
4000415358303,false,חמישיית שוקו פאן ביס,,,חמישיית שוקו פאן ביסקוויט 210 גר,גרמים,210.00,100 גרם,false,1,8.90,4.2381,true,1,208328
4000415440909,false,שישיית שוקו פאן קרמל,,,שישיית שוקו פאן קרמל 216 גר,גרמים,216.00,100 גרם,false,1,8.90,4.1204,true,1,208329
4000417022004,false,שוקולד ריטר ספורט צימוק אגוז 100 גרם חלב נוכרי,ריטר ספורט Ritter sport,DE,"שוקולד ""ריטר"" חלב עם",גרמים,100.00,100 גרם,false,1,8.90,8.9000,true,1,173186
4000417025005,false,שוקולד ריטר ספורט מרציפן 100 גרם חלב נוכרי,ריטר ספורט Ritter sport,DE,שוקולד ריטר עם מרציפן,גרמים,100.00,100 גרם,false,1,8.90,8.9000,true,1,173187
4000417101211,false,גלילי וופל עם קרם אגוזי לוז בציפוי שוקולד חלב,אמיצ'לי Amicelli,AT,גליל וופל אמיצלי קרם אגוזי לוז 150 גר,גרמים,150.00,100 גרם,false,1,17.90,11.9333,true,1,199601
4000417101310,false,אמיצלי - גלילי וופל קרם קקאו 150 גרם,Unknown,,גליל וופל אמיצלי קרם קקאו 150 גר,גרמים,150.00,100 גרם,false,1,17.90,11.9333,true,1,208318
4000417222008,false,שוקולד ריטר ספורט חלב+שברי אגוזים 100 גרם חלב נוכרי,ריטר ספורט Ritter sport,DE,שוקולד חלב ריטר ספורט עם שברי אגוזים 100,גרמים,100.00,100 גרם,false,1,8.90,8.9000,true,1,180585
4000504149027,false,גבינה קממבר דה לוקס,,,גבינה קממברט דה לוקס 125 גר,גרמים,125.00,100 גרם,false,1,24.90,19.9200,true,1,201693
4000504149423,false,גבינה קמבוזולה כחולה,,,גבינה קמבוזולה כחולה 125 גר,גרמים,125.00,100 גרם,false,1,24.90,19.9200,true,1,197343
4000607850004,false,שוקולד שוגטן חלב 100,,,שוקולד שוגטן חלב 100,גרמים,100.00,100 גרם,false,1,5.90,5.9000,true,1,173189
4000607851001,false,שוקולד חלב עם אגוזי לוז,שוגטן Schogette,,שוקולד שוגטן חלב אגו,גרמים,100.00,100 גרם,false,1,5.90,5.9000,true,1,173190
4000607852008,false,שוקולד שוגטן מריר 10,,,"שוקולד מריר 100 ג""ר",גרמים,100.00,100 גרם,false,1,5.90,5.9000,true,1,173191
4000607854705,false,שוקולד שוגטן יוגורט,קריות זול,,שוקולד שוגטן יוגורט,גרמים,100.00,100 גרם,false,1,5.90,5.9000,true,1,173193
4000869032569,false,הפי פרש מטהר אוויר 150 ג',רלוי,,גל מבשם הפי פרש סגול 150 גר,גרמים,150.00,100 גרם,false,1,6.90,4.6000,true,1,182056
4001507161948,false,שיבולת שועל דקה להכנה מהירה,פרוטרי,DE,פתיתי שיבולת שועל 500 גר,גרמים,500.00,100 גרם,false,1,6.90,1.3800,true,1,180217
4001507161955,false,שיבולת שועל עבה להכנה מהירה,פרוטרי,DE,פתיתי שיבולת שועל עבה קווקר 500 גר,גרמים,500.00,100 גרם,false,1,6.90,1.3800,true,1,184391
4001518003800,false,מקלות פריכים עם פלפל ומלח 125ג' טורינוס,,DE,אצבעות מאפה מלח פלפל גריסון טורינוס 125,גרמים,125.00,100 גרם,false,8,14.90,11.9200,true,1,200417
4001724027348,false,פיצה 4 גבינות 340 גר,,,פיצה 4 גבינות 340 גר,גרמים,340.00,100 גרם,false,7,29.90,8.7941,true,1,195064
4001724027461,false,פיצה מוצרלה קפוא אפו,,,פיצה מוצרלה קפוא אפוייה 335 גר,גרמים,335.00,100 גרם,false,6,29.90,8.9254,true,1,195788
4001724037514,false,פיצה 4 גבינות 340 גר,,,פיצה 4 גבינות 340 גר,גרמים,340.00,100 גרם,false,7,29.90,8.7941,true,1,207298
4001724037637,false,פיצה מוצרלה אפויה 35,,,פיצה מוצרלה אפויה 355 גר,גרמים,355.00,100 גרם,false,7,29.90,8.4225,true,1,207408
4001751035705,false,רוטב חרדל עם דבש 215,סקנדיה,,חרדל עם דבש 215גר,גרמים,215.00,100 גרם,false,1,9.90,4.6047,true,1,178565
4001751038669,false,רוטב חזרת עם וואסבי,סקנדיה,,חזרת עם וואסבי 190גר,גרמים,190.00,100 גרם,false,1,9.90,5.2105,true,1,178563
4001751064262,false,רוטב חזרת שמנת 190 ג,סקנדיה,,חזרת בשמנת 200גר,גרמים,190.00,100 גרם,false,1,9.90,5.2105,true,1,178564
4001751073677,false,רוטב חזרת עם סלק 200,סקנדיה,,רוטב חזרת עם סלק 200 גר,גרמים,200.00,100 גרם,false,1,9.90,4.9500,true,1,180215
4001751094283,false,רוטב חרדל בטעם תפוזים,סקנדיה,,חרדל בטעם תפוזים 210גר,גרמים,210.00,100 גרם,false,1,9.90,4.7143,true,1,178566
4002103289449,false,בירה ארדינגר ללא אלכ,Beck and Co,DE,ארדינגר ללא אלכוהול,מיליליטרים,330.00,"100 מ""ל",false,1,5.90,1.7879,true,1,180896
4002309009100,false,ממרח דאבל אגוזי לוז,,,ממרח שוקולד KIDDY DUO,גרמים,350.00,100 גרם,false,12,14.90,4.2571,true,1,188527
4002309009131,false,ממרח דאבל אגוזי לוז,,,ממרח שוקולד KIDDY DUO,גרמים,700.00,100 גרם,false,8,24.90,3.5571,true,1,188528
4002448017684,false,"סיליט באנג ספריי רב שימושי כתום 750 מ""ל",הדקלאים אגודת שיתופי,PL,סיליט באנג ספריי רב,מיליליטרים,750.00,"100 מ""ל",false,1,12.90,1.7200,true,1,173202
4002448019480,false,"סיליט באנג ספריי מסיר שומנים 750 מ""ל",סיליט באנג Cillit Bang,PL,סיליט באנג מסיר שומנ,מיליליטרים,750.00,"100 מ""ל",false,1,12.90,1.7200,true,1,173203
4003301051364,false,יין ריזלינג מייבך לב,,,יין ריזלינג מייבך לבן חצי מתוק 750 מל,מיליליטרים,750.00,"100 מ""ל",false,1,49.90,6.6533,true,1,177007
4003754021662,false,בונ קרסטנס מרציפן עם,,,בונ קרסטנס מרציפן עם שזיף ביין בשוקולד מ,גרמים,210.00,100 גרם,false,1,24.90,11.8571,true,1,191525
4003754021693,false,בונ קרסטנס מרציפן מח,Erasmi & Carstens Gm,DE,בונ קרסטנס מרציפן מחית תפוזים בשוקולד חל,גרמים,210.00,100 גרם,false,1,24.90,11.8571,true,1,191527
4003754081000,false,חטיף מרציפן קארסטנס,Erasmi & Carstens Gm,DE,חטיף מרציפן קארסטנס ארסמי 100 גר,גרמים,100.00,100 גרם,false,1,7.90,7.9000,true,1,180944
4004666042004,false,משמיד עובש עם מרסס מלרוד Mellerud,מרלוד,DE,"מרסס מלרוד 500 מ""ל",מיליליטרים,500.00,"100 מ""ל",false,1,27.90,5.5800,true,1,182082
4005808128631,false,"ניוואה - ג'ל רחצה ספורט לגבר 500 מ""ל",ניוואה Nivea,DE,ניוואה גל רחצה לגבר תמציןת ליים 500 מל,מיליליטרים,500.00,"100 מ""ל",false,1,14.90,2.9800,true,1,194059
4005808222698,false,ניוואה לגבר- קצף גילוח לבעלי עור רגיש,ביירסדורף,DE,ניוואה קצף גילוח לעור רגיש 200 מל,מיליליטרים,200.00,"100 מ""ל",false,1,16.90,8.4500,true,1,194065
4005808366392,false,שפתון כחול בליסטר לבלו,טרופיקל דגיל תעשיות,DE,לבלו כחול בליסטר 5.5 מל,Unknown,0.00,Unknown,false,1,11.90,0.0000,true,1,194069
4005808588640,false,"ניוואה קרם גילוח לעור רגיש 100 מ""ל",ביירסדורף,DE,ניוואה קרם גילוח לעור רגיש 100 מל,מיליליטרים,100.00,"100 מ""ל",false,1,14.90,14.9000,true,1,194066
4005808702107,false,ניוואה תחליב גוף עשיר משאבה 500מל,בטר אנד דיפרנט,ES,ניוואה תחליב גוף לעור יבש 500 מל,מיליליטרים,500.00,"100 מ""ל",false,1,27.90,5.5800,true,1,195366
4005808817405,false,"ניוואה גל גילוח רגיש 200 מ""ל",פרוטרופיק סיה.,DE,ניוואה גל גילוח רגיש 200 מל,מיליליטרים,200.00,"100 מ""ל",false,1,17.90,8.9500,true,1,194064
4005808850907,false,לבלו הידרו קר בליסטר 5.5מל,,,לבלו הידרו קר בליסטר 5.5 מל,Unknown,0.00,Unknown,false,1,11.90,0.0000,true,1,194068
4005808890507,false,ניוואה סופט קרם לחות 200מל,ניוואה Nivea,IT,ניוואה סופט קרם לחות 200 מל,מיליליטרים,200.00,"100 מ""ל",false,1,24.90,12.4500,true,1,194045
4005900036476,false,"ניוואה - דאודורנט רול און לאישה בלק אנד וויט קליר 50 מ""ל",טרופיקל דגיל תעשיות,DE,ניוואה דאו רול און בלאק אנד וויט קליר 50,מיליליטרים,50.00,"100 מ""ל",false,1,14.90,29.8000,true,1,194050
4005900036483,false,"ניוואה - דאודורנט ספריי לגבר שקוף בלק וווי 150 מ""ל",בטר אנד דיפרנט,DE,ניוואה דאו ספריי לגבר שקוף בלאק וויט,מיליליטרים,150.00,"100 מ""ל",false,1,14.90,9.9333,true,1,194053
4005900036506,false,"ניוואה - דאודורנט רול און לגבר שקוף בלק 50 מ""ל",טרופיקל דגיל תעשיות,DE,ניוואה דאו רול און גבר שקוף בלאק וויט,מיליליטרים,50.00,"100 מ""ל",false,1,14.90,29.8000,true,1,194048
4005900036568,false,"ניוואה - דאודורנט ספריי לאישה שקוף בלק וווי 150 מ""ל",ביירסדורף AG,DE,ניוואה דאו ספריי אשה שקוף בלאק וויט,מיליליטרים,150.00,"100 מ""ל",false,1,14.90,9.9333,true,1,194055
4005900138842,false,"ניוואה - תחליב רחצה סמוט 750 מ""ל",NIVEA,DE,ניוואה תחליב רחצה סמוד 750 מל,מיליליטרים,750.00,"100 מ""ל",false,1,14.90,1.9867,true,1,198179
4005900494924,false,"ניוואה - דאודורנט ספריי לאישה דריי פרש אישה 150 מ""ל",,,ניוואה דאו ספריי אשה דריי פרש 150 מל,מיליליטרים,150.00,"100 מ""ל",false,1,14.90,9.9333,true,1,194056
4005900521262,false,"ג'ל רחצה לגבר פיור אימפקט ניוואה 500 מ""ל",,,ניוואה סבון רחצה לגבר דיפ 500 מל,מיליליטרים,500.00,"100 מ""ל",false,1,14.90,2.9800,true,1,194057
4005900542557,false,"ניוואה - דאודורנט רול און לאישה בלק אנד וויט 50 מ""ל",,,ניוואה דאו רול און אשה בלאק וויט 50 מל,מיליליטרים,50.00,"100 מ""ל",false,1,14.90,29.8000,true,1,197239
4005900555915,false,"ניוואה - תחליב רחצה קוקוס וחוחובה 750 מ""ל",ביירסדורף AG,DE,ניוואה תחליב רחצה קוקוס 750 מל,מיליליטרים,750.00,"100 מ""ל",false,1,14.90,1.9867,true,1,196743
4005900648181,false,"ניוואה - תחליב רחצה אלוורה 750 מ""ל",ביירסדורף AG,DE,ניוואה תחליב רחצה אלוורה 750 מל,מיליליטרים,750.00,"100 מ""ל",false,1,14.90,1.9867,true,1,198178
4005900683878,false,לבלו סקראב אלוה ורה בליסטר 5.5מל,,,שפתון לבלו סקראב אלוורה,Unknown,0.00,Unknown,false,1,11.90,0.0000,true,1,195368
4005900816108,false,"ניוואה - דאודורנט רול און לגבר יבש 50 מ""ל",טרופיקל דגיל תעשיות,DE,ניוואה דאו רול און גבר יבש,מיליליטרים,50.00,"100 מ""ל",false,1,14.90,29.8000,true,1,194049
4005900816115,false,"ניוואה - דאודורנט רול און לאישה יבש 50 מ""ל",ניוואה Nivea,DE,ניוואה דאו רול און אשה יבש,מיליליטרים,50.00,"100 מ""ל",false,1,14.90,29.8000,true,1,194051
4005900828088,false,"ניוואה - דאודורנט רול און לגבר פרש 50 מ""ל",טרופיקל דגיל תעשיות,DE,ניוואה דאו רול און גבר פרש 50 מל,מיליליטרים,50.00,"100 מ""ל",false,1,14.90,29.8000,true,1,194047
4005900845702,false,"ניוואה - דאודורנט רול און לגבר קול קיק פרש 50 מ""ל",,,דאו רול און ניוואה מן קול קיק לגבר 50 מל,מיליליטרים,50.00,"100 מ""ל",false,1,14.90,29.8000,true,1,198917
4005900978967,false,לבלו - וניל שפתון לחות מטפח מהדורת נסיכות דיסני,,,שפתון לבלו בטעם וניל הנסיכה אלזה,Unknown,0.00,Unknown,false,1,11.90,0.0000,true,1,208494
4006298004009,false,בירה טוכר הלס הפוויצ,מבשלת טוכר,,"בירה ""טוצאר האלאס"" בהיר 0.5 ל",מיליליטרים,500.00,"100 מ""ל",false,1,10.90,2.1800,true,1,173221
4006387084554,false,קנקן בריטה Marella לבן (כולל פילטר MAXTRA+),בריטה Brita,,קנקן בריטה מרלה לבן,Unknown,0.00,Unknown,false,1,119.90,0.0000,true,1,185104
4006387084578,false,קנקן בריטה Marella כחול (כולל פילטר MAXTRA+),בריטה Brita,,קנקן בריטה מרלה כחול,Unknown,0.00,Unknown,false,1,119.90,0.0000,true,1,185105
4006814000720,false,סנטה קלנדר 75 גרם,WAWI GROUP,DE,סנטה קלנדר 75 גר,גרמים,75.00,100 גרם,false,1,9.90,13.2000,true,1,208147
4006814011061,false,סנטה בודד 60 גרם WAW,WAWI Euro Gmbh,DE,"סנטה ""גונץ"" 60 גר""",גרמים,60.00,100 גרם,false,30,4.90,8.1667,true,1,173226
4006814011108,false,"סנטה בודד 150 גר""",WAWI,,"סנטה בודד 150 גר""",גרמים,150.00,100 גרם,false,30,9.90,6.6000,true,1,173227
4006814071003,false,סנטה שקית 100 גר,WAWI,,סנטה שקית 100 גר,גרמים,100.00,100 גרם,false,1,9.90,9.9000,true,1,177068
4008287051032,false,"פחית בירה קרומבאכר פילס 500 מ""ל",מנדלז סי.אר. פרודקשן,DE,בירה קרומבאכר פילס פחית 500 מל,מיליליטרים,500.00,"100 מ""ל",false,1,9.90,1.9800,true,1,173228
4008287905786,false,"קרומבאכר חיטה פחית בודד 500 מ""ל",מנדלז סי.אר. פרודקשן,DE,בירה קרומבאכר חיטה פחית 500 מל,מיליליטרים,500.00,"100 מ""ל",false,1,9.90,1.9800,true,1,197537
4008429056710,false,אוכל לחתולים ויסקס ב,ויסקס Whiskas,PL,אוכל לחתולים ויסקס ביף 400 גר,גרמים,400.00,100 גרם,false,24,9.90,2.4750,true,1,178978
4008429951916,false,אוכל לחתולים ויסקס ט,ויסקס Whiskas,PL,אוכל לחתולים ויסקס טונה 400 גר,גרמים,400.00,100 גרם,false,24,9.90,2.4750,true,1,178980
4009300524588,false,תה פומפדור חליטת צמחים פירות יער 20 יח',פומפדור Pompadour,DE,"תה ""פומפדור"" חליטת צ",גרמים,60.00,100 גרם,false,1,15.90,26.5000,true,1,173236
4009300529552,false,חליטת פירות אפרסק 45 ג' פומפדור,,GR,חליטת פירות אפרסק פומפדור 50 גר,גרמים,50.00,100 גרם,false,1,19.90,39.8000,true,1,204722
4009300530183,false,תה פומפדור חליטה תפו,TEEKANNE- POMPADOU,DE,חליטת תפוז ספרדי פומפדור 20 שק,גרמים,44.00,100 גרם,false,10,15.90,36.1364,true,1,207843
4009300530206,false,תה פומפדור חליטה תפו,TEEKANNE- POMPADOU,DE,חליטת תפוח טורקי פומפדור 20 שק,גרמים,50.00,100 גרם,false,10,15.90,31.8000,true,1,207842
4009900013581,false,מסטיק אורביט ספרמינט סטיקס משפחתי-חמישיות,אורביט Orbit,,אורביט סטיקס ספירמינט חמישייה,Unknown,0.00,Unknown,false,1,9.90,0.0000,true,1,177129
4009900403023,false,מסטיק אורביט בקבוקון דאבל white קלאסי 64ג',"ב.א מזון בע""מ",PL,"מסטיק ""אורביט"" בקבוקון בטעם מנטה",גרמים,64.00,100 גרם,false,1,9.90,15.4688,true,1,176324
4009900406918,false,מסטיק הובה בובה טייפ טריפל מיקס 56ג',הובה בובה Hubba Bubba,GB,"מסטיק ""הובה בובה טרי",גרמים,56.00,100 גרם,false,1,6.60,11.7857,true,1,173242
4009900420129,false,מסטיק אורביט פרופשנל פפרמינט בקבוקון 64 גר',מרס נדרלנד,PL,מסטיק אורביט פרופשיונל פפרמינט בקבוקון,Unknown,0.00,Unknown,false,12,9.90,0.0000,true,1,187476
4009900426039,false,מסטיק איירוויבז מנטה אקליפטוס בקבוקון,איירוויבס Airwaves,PL,מסטיק איירוויז מנטה אקליפטוס,Unknown,0.00,Unknown,false,1,9.90,0.0000,true,1,181533
4009900426121,false,מסטיק אורביט איירוויז בקבוקון אוכמניות 64ג',איירוויבס Airwaves,PL,מסטיק איירוויז אוכמניות,Unknown,0.00,Unknown,false,1,9.90,0.0000,true,1,181534
4009900455299,false,סוכריות סקיטלס בטעם פירות,סקיטלס Skittles,CZ,סוכריות סקיטלס בטעם פירות 174גר,גרמים,174.00,100 גרם,false,1,8.90,5.1149,true,1,178084
4009900465304,false,סוכריות סקיטלס פירות חמוצים 174 גרם,סקיטלס Skittles,CZ,סוכריות סקיטלס בטעם פירות חמוצים 174גר,גרמים,174.00,100 גרם,false,1,8.90,5.1149,true,1,178085
4009900479998,false,מסטיק אורביט בטעם אוכמניות ללא סוכר,ריגלי פולין,PL,מסטיק אורביט בטעם אוכמניות בקבוקון,לא מנהל יחידת מידה,0.00,לא מנהל יחידת מידה,false,1,9.90,0.0000,true,1,178083
4009900482417,false,מסטיק אורביט פירות מנטה בקבוקון באבל מינט 45יח,ריגלי פולין,PL,מסטיק אורביט באבל מינט בקבוקון,לא מנהל יחידת מידה,0.00,לא מנהל יחידת מידה,false,1,9.90,0.0000,true,1,176825
4009900483803,false,מסטיק איירובס מנטה אקליפטוס בקבוקון 60יח',איירוויבס Airwaves,PL,איירוויבז בקבוק מנטה אקליפטוס,Unknown,0.00,Unknown,false,6,12.90,0.0000,true,1,187992
4009900491044,false,מסטיק איירובס אוכמניות בקבוקון 60יח',איירוויבס Airwaves,PL,איירוויבז בקבוק אוכמניות,Unknown,0.00,Unknown,false,6,12.90,0.0000,true,1,187993
4009900509770,false,מסטיק אורביט בטעם תות ללא סוכר,אורביט Orbit,,אורביט בקבוק 60 יח תות,Unknown,0.00,Unknown,false,1,12.90,0.0000,true,1,180411
4009900514996,false,מסטיק אורביט בקבוקון תות 64ג',חברת ריגלי בעמ,PL,מסטיק אורביט תות בקבוקון,גרמים,64.00,100 גרם,false,12,9.90,15.4688,true,1,181342
4009900531122,false,"מסטיק בטעם מנטה ספירמינט, 64 ג' פרופשיונל אורפיט",מרס נדרלנד,PL,מסטיק אורביט פרופשיונל ספירמינט בקבוקו,Unknown,0.00,Unknown,false,12,9.90,0.0000,true,1,187477
4009900532327,false,סוכריות סקיטלס סמודיס בטעמי יוגורט ופירות,סקיטלס Skittles,CZ,סוכריות סקיטלס סמודים 38 גר,גרמים,38.00,100 גרם,false,1,2.90,7.6316,true,1,188204
4009900534918,false,סקיטלס ג'יינט פירות 141 גרם,ריגלי,,סוכריות סקיטלס גיינט פירות בקבוקון,גרמים,141.00,100 גרם,false,1,8.90,6.3121,true,1,197758
4009900536257,false,מסטיק אורביט רפרשרס ספירמינט בקבוקון ללא סוכר 67 גר',מרס ריגלי קונפקשונרי,PL,אורביט רפרשרס ספירמינט בק 67 גר,גרמים,67.00,100 גרם,false,1,11.90,17.7612,true,1,195964
4009900536288,false,מסטיק אורביט רפרשרס פפרמינט בקבוקון ללא סוכר 67 גר',מרס ריגלי קונפקשונרי,PL,אורביט רפרשרס פפרמינט בק 67 גר,גרמים,67.00,100 גרם,false,1,11.90,17.7612,true,1,195965
4009900536486,false,מסטיק אורביט רפרשרס באבלמינט בקבוקון ללא סוכר 67 גר',מרס ריגלי קונפקשונרי,PL,אורביט רפרשרס באבלמינט בק 67 גר,גרמים,67.00,100 גרם,false,1,11.90,17.7612,true,1,195966
4009900539340,false,סקיטלס ג'יינט סאוור 141 גרם,מרס ריגלי קונפקשונרי,PL,סוכריות סקיטלס גיינט סאוור 141 גר,גרמים,141.00,100 גרם,false,14,8.90,6.3121,true,1,200434
4009900539401,false,מסטיק פייב באונס בטעם מנטה HP,Unknown,PL,פייב באונס בטעם מנטה 14.4 גר,גרמים,14.00,100 גרם,false,16,3.90,27.8571,true,1,202630
4009900539685,false,"מסטיק פייב באונס בטעם מנטה בקבוקון, 61.8 גרם",ריגלי בעמ רוסיה,PL,פייב באונס בטעם מנטה בק 61.8 גר,גרמים,62.00,100 גרם,false,6,11.90,19.1935,true,1,202628
4009900540551,false,מסטיק אורביט רפרשרס טרופיקל בקבוקון ללא סוכר,מרס פולין,PL,אורביט ריפרשרס טרופיקל בק 67 גר,גרמים,67.00,100 גרם,false,6,11.90,17.7612,true,1,201883
4011100001220,false,מיני חטיפי מרס שקית,מרס הולנד בי.וי.,NL,מיני חטיפי מרס שקית 403 גר,גרמים,403.00,100 גרם,false,1,22.90,5.6824,true,1,176990
4011800568610,false,חטיף קורני מילק Corny milk קלאסי,שוורטאוור וורקה,DE,קורני סנדוויץ קלאסי עם קרם חלב,גרמים,120.00,100 גרם,false,1,10.90,9.0833,true,1,182943
4011800628512,false,חטיף דגנים עם שוקולד חלב,מיוצר עי קונדיטוריית,DE,"חטיף ""קורני"" עם שוקולד חלב 150 גר",גרמים,150.00,100 גרם,false,1,10.90,7.2667,true,1,178239
4011800633516,false,חטיף דגנים עם שוקולד מריר מעולה,שוורטאוור וורקה,DE,"חטיף ""קורני"" עם שוקולד מריר מעולה 150 גר",גרמים,138.00,100 גרם,false,1,10.90,7.8986,true,1,179911
4011800637514,false,חטיף קורני Corny Free עם שוקולד לבן ללא תוספת סוכר,קורני Corny,DE,חטיף קורני פרי עם שוקולד לבן 150 גר,גרמים,120.00,100 גרם,false,1,10.90,9.0833,true,1,179913
4013197767010,false,סוכריות פח 200 גר' פירות מעורב,יושלם,,סוכריות בטעם פירות פ,גרמים,200.00,100 גרם,false,1,9.90,4.9500,true,1,173252
4013197767034,false,סוכריות פח 200 גר'' לימון,יושלם,,סוכריות בטעם לימון ב,גרמים,200.00,100 גרם,false,1,9.90,4.9500,true,1,173254
4013227013391,false,משקה כהלי קרם אוטום כשר,קרם אוטום Autumn cream,,אוטום קרים 0.7 ל,מיליליטרים,700.00,"100 מ""ל",false,1,44.90,6.4143,true,1,176733
4014086020308,false,בירה אותינגר לא מסונ,מבשלות אוטנגר -גוטא,,"בירה ""אותינגר"" פח"" צ",מיליליטרים,500.00,"100 מ""ל",false,1,7.90,1.5800,true,1,173256
4014086020483,false,בירה אותינגר סופרפור,מבשלות אוטנגר -גוטא,,"בירה ""אותינגר"" סופר",מיליליטרים,500.00,"100 מ""ל",false,1,8.90,1.7800,true,1,173259
4014400901191,false,בונבונירה מרסי קלאסי 250 גרם חלב נוכרי,אוגוסט שטורק,DE,בונבוניירת מרסי 250 גר,גרמים,250.00,100 גרם,false,1,26.90,10.7600,true,1,174282
4014400904277,false,סוכריות אייס פרש 425 ג',תות ממתקי איכות,DE,"אייספרש 425 ג""ר",גרמים,425.00,100 גרם,false,1,19.90,4.6824,true,1,174286
4014400904376,false,סוכריות טופי שוקולדן שטורק 325 ג',קריניציה ויטמינה אס,DE,"שוקולדן 325 ג""ר",גרמים,325.00,100 גרם,false,1,19.90,6.1231,true,1,174288
4014400904390,false,סוכריות וולמילש ממולא ט.חלב 325גרם,קריניציה ויטמינה אס,DE,"וולמילש 325 ג""ר",גרמים,325.00,100 גרם,false,1,19.90,6.1231,true,1,174289
4014400910063,false,סוכריות וורטר טופי חמאה 135ג',אוגוסט שטורק,DE,סוכריות וורטר שקית 1,גרמים,135.00,100 גרם,false,1,8.90,6.5926,true,1,174292
4014400913910,false,סוכריות וורטר במליוי קרם 125 ג',תות ממתקי איכות,DE,סוכריות וורטר מילוי קרם 125 גר,גרמים,125.00,100 גרם,false,1,8.90,7.1200,true,1,178018
4014400914245,false,טבלת שוקולד חלב מרסי 100 ג',MERCI,,טבלת שוקולד מרסי חלב 100 גר,גרמים,100.00,100 גרם,false,1,11.90,11.9000,true,1,180587
4014400914269,false,טבלת שוקולד קפה מרסי 100 ג',,,טבלת מרסי קפה 100 גר,גרמים,100.00,100 גרם,false,1,11.90,11.9000,true,1,197935
4014400914276,false,טבלת שוקולד 72% מריר מרסי 100 ג',MERCI,,טבלת שוקולד מרסי מריר 72% 100 גר,גרמים,100.00,100 גרם,false,1,11.90,11.9000,true,1,180588
4014400914696,false,וורטר אורגינל סוכריות ללא סוכר 80 ג',אוגוסט שטורק,DE,"סוכריות וורטר לל""""ס",גרמים,80.00,100 גרם,false,1,8.90,11.1250,true,1,174293
4014400914924,false,סוכריות וורטר אורגינל ללא סוכר קפה 80 ג',קריניציה ויטמינה אס,DE,"סוכריות וורטר לל""""ס",גרמים,80.00,100 גרם,false,1,8.90,11.1250,true,1,174294
4014400916744,false,טבלת שוקולד מרסי מרצ,MERCI,,טבלת שוקולד מרסי מרציפן 112 גר,גרמים,112.00,100 גרם,false,1,11.90,10.6250,true,1,180589
4014400920857,false,סוכריות וורטר Werther's בטעם שוקולד ללא סוכר,קריניציה ויטמינה אס,DE,סוכריות וורטר שוקולד ללא סוכר 70 גר,גרמים,70.00,100 גרם,false,1,8.90,12.7143,true,1,197815
4014400923711,false,טופיפי 125 גר' - חלב נוכרי,אוגוסט שטורק,DE,"טופיפי 125 גר כשל""פ",גרמים,125.00,100 גרם,false,1,13.90,11.1200,true,1,181897
4014400925319,false,סוכריות וורטר פופקורן קרמל 140 גר',וורטרס Werther's,DE,ורטרס אורגינל פופקורן עם קרמל,גרמים,140.00,100 גרם,false,12,14.90,10.6429,true,1,192948
4014400929010,false,חטיף וופל מיני קנופרס 200 גרם,קנופרס,,חטיף וופל מיני קנופרס 200 גר,גרמים,200.00,100 גרם,false,1,19.90,9.9500,true,1,202828
4014400931327,false,ורטרס אורגינל פופקורן עם קרמל זרעי דלעת 1/12,וורטרס Werther's,DE,וורטרס אורגינל פופקורן קרמל וגרעינים 140,גרמים,140.00,100 גרם,false,14,14.90,10.6429,true,1,202818
4014600202593,false,רגולדס -סוכריות בפח בטעםי פירות 150 ג',RAGOLDS GMBH,,סוכריות רגולדס בטעם פירות בפח 150 ג,גרמים,150.00,100 גרם,false,1,9.90,6.6000,true,1,181236
4014600203149,false,רגולדס -סוכריות בפח בטעםי פירות יער 150 ג',RAGOLDS GMBH,,סוכריות רגולדס בטעם פירות יער בפח 150 ג,גרמים,150.00,100 גרם,false,1,9.90,6.6000,true,1,181235
4015400564034,false,מגני תחתון אולוויז לונג פלוס עם ניחוח,פרוקטר אנד גמבל,DE,מגן תחתון אולוויז,Unknown,0.00,Unknown,false,1,18.90,0.0000,true,1,176388
4015400564454,false,מגני תחתון אולוויז לארג' עם ניחוח מגה פק,פרוקטר אנד גמבל,DE,מגן תחתון אולוויז,Unknown,0.00,Unknown,false,4,18.90,0.0000,true,1,176387
4015400681670,false,תחבושות היגייניות אולטרה לילה בטוח,פרוקטר אנד גמבל,UA,תחבושות אולוויז דואו לילה בטוח 18 יח,Unknown,0.00,Unknown,false,1,19.90,0.0000,true,1,180553
4015400731719,false,תחבושות היגייניות אולוויז יום ולילה Day & Night,פרוקטר אנד גמבל,UA,תחבושות אולוייז דואו לילה 20 יח,Unknown,0.00,Unknown,false,1,19.90,0.0000,true,1,180648
4015400746812,false,מגני תחתון אולוויז נורמל עם ניחוח מגה פק,פרוקטר אנד גמבל,UA,מגן תחתון אולוויז נורמל מגה פק 80 יח,Unknown,0.00,Unknown,false,1,18.90,0.0000,true,1,180949
4015400755241,false,תחבושות היגייניות אולוויז אולטרה נורמל - 28 יח',פרוקטר אנד גמבל,UA,תחבושות אולוייז דואו נורמל פלוס 28 יח,Unknown,0.00,Unknown,false,1,19.90,0.0000,true,1,180649
4015400755487,false,תחבושות היגייניות אולוויז אולטרה לונג - 24 יח',פרוקטר אנד גמבל,UA,תחבושות אולוייז דואו לונג פלוס 24 יח,Unknown,0.00,Unknown,false,6,19.90,0.0000,true,1,180650
4015576156835,false,בירה לא מסוננת ברלינ,,,בירה בהירה לא מסוננת ברלינר גשיחטה 500 מ,מיליליטרים,500.00,"100 מ""ל",false,1,7.90,1.5800,true,1,205259
4015576235493,false,בירה בהירה ברלינר גש,,,בירה בהירה ברלינר גשיחטה הל פחית 500 מל,מיליליטרים,500.00,"100 מ""ל",false,1,7.90,1.5800,true,1,205260
4015600762742,false,שמפו יומיומי למניעת קשקשים הנוסחה הקלאסית,פרוקטר אנד גמבל,RO,"שמפו ""הד & שולדרס"" קלאסי 500 מל",מיליליטרים,500.00,"100 מ""ל",false,1,19.90,3.9800,true,1,176861
4015600762780,false,שמפו וקונדישינר יומיומי למניעת קשקשים הנוסחה הקלאסית 2in1,פרוקטר אנד גמבל,RO,"שמפו ""הד & שולדרס"" 2 ב-1 500 מל",מיליליטרים,500.00,"100 מ""ל",false,1,19.90,3.9800,true,1,176862
4015600762902,false,"שמפו מנטול הד אנד שולדרס 500 מ""ל",פרוקטר אנד גמבל,RO,"שמפו ""הד & שולדרס"" מנטול 500 מל",מיליליטרים,500.00,"100 מ""ל",false,1,19.90,3.9800,true,1,176863
4015600762940,false,שמפו יומיומי למניעת קשקשים בניחוח תפוח,פרוקטר אנד גמבל,RO,"שמפו ""הד & שולדרס"" תפוח 500 מל",מיליליטרים,500.00,"100 מ""ל",false,1,19.90,3.9800,true,1,176865
4015600763022,false,שמפו יומיומי למניעת קשקשים לשיער יבש/פגום לשיער רך כמשי,פרוקטר אנד גמבל,RO,"שמפו ""הד & שולדרס"" מגע משי 500 מל",מיליליטרים,500.00,"100 מ""ל",false,1,19.90,3.9800,true,1,176864
4015600766900,false,"שמפו ומרכ ך נגד קשקשים 500 מ""ל הד אנד שולדרס",פרוקטל אנד גמבל,RO,"שמפו ""הד & שולדרס"" מנטול 500 מל",מיליליטרים,500.00,"100 מ""ל",false,1,19.90,3.9800,true,1,177659
4017100198151,false,עוגיות היט Hit קקאו במילוי קרם וניל,הדקלאים אגודת שיתופי,PL,בלזן היט וניל 220 גר,גרמים,220.00,100 גרם,false,1,7.90,3.5909,true,1,179157
4017100364112,false,עוגיות היט Hit במילוי קרם בטעם שוקולד,הדקלאים אגודת שיתופי,PL,עוגיות היט קקאו 220 גר,גרמים,220.00,100 גרם,false,1,7.90,3.5909,true,1,178957
4018344564641,false,פילה הרינג ברוטב חרד,,,פילה הרינג ברוטב חרדל ושמיר לארסן 200 גר,גרמים,200.00,100 גרם,false,1,9.90,4.9500,true,1,204536
4020461022997,false,פינה קולדה - קרם אננ,,,פינה קולדה - קרם אננ,מיליליטרים,700.00,"100 מ""ל",false,1,39.90,5.7000,true,1,174306
4022025000137,false,יין בלו נאן גוורטצטר,,,"יין ""בלו נאן"" גוורטצ",מיליליטרים,750.00,"100 מ""ל",false,1,44.90,5.9867,true,1,174307
4022025250006,false,יין בלו נאן 750 מל,,,"יין ""בלו נאן"" ריזלינ",מיליליטרים,750.00,"100 מ""ל",false,1,44.90,5.9867,true,1,174308
4022025371039,false,יין מבעבע בלו נאן חצ,,,"יין מבעבע בלו נאן חצי יבש 750 מ""ל",מיליליטרים,750.00,"100 מ""ל",false,1,49.90,6.6533,true,1,184432
4022025372036,false,יין מבעבע בלו נאן מה,,,יין מבעבע בלו נאן מהדרות הזהב 750מל,מיליליטרים,750.00,"100 מ""ל",false,1,49.90,6.6533,true,1,178161
4022025379035,false,יין מבעבע בלו נאן רו,,,יין מבעבע בלו נאן רוזה 750 מל,מיליליטרים,750.00,"100 מ""ל",false,12,49.90,6.6533,true,1,193673
4022025390030,false,יין בלו נאן ריזלינג,,,"יין בלו נאן ריזלינג 750 מ""ל",מיליליטרים,750.00,"100 מ""ל",false,1,44.90,5.9867,true,1,179419
4022411030847,false,בירה סטאמגסט לאגר 5%,,,בירה סטאמגסט לאגר 5% פח 500 מל,מיליליטרים,500.00,"100 מ""ל",false,24,7.90,1.5800,true,1,196042
4023800012109,false,מרציפן מצופה 100 גר,,,מרציפן מצופה 100 גרם,גרמים,100.00,100 גרם,false,1,6.90,6.9000,true,1,174309
4023800122105,false,מרציפן לא מצופה 82 ג',,,מרציפן לא מצופה 82 גר,גרמים,82.00,100 גרם,false,1,6.90,8.4146,true,1,183034
4023800231647,false,בונבוניירת מוצרט 200,,,בונבוניירת מוצרט 200 גר,גרמים,200.00,100 גרם,false,,24.90,12.4500,true,1,204591
4023800531648,false,בונבוניירה מוצרט 200,Erasmi & Carstens Gm,DE,בונבוניירה מוצרט 200 גר,גרמים,200.00,100 גרם,false,1,18.90,9.4500,true,1,202950
4030011420203,false,ממרח קישואים איסיס 7,,,"ממרח קישואים ""איסיס""",גרמים,720.00,100 גרם,false,1,14.90,2.0694,true,1,174318
4030011420401,false,ממרח חצילים איסיס 72,,,"ממרח חצילים ""איסיס""",גרמים,720.00,100 גרם,false,1,14.90,2.0694,true,1,174319
4030011430158,false,אדזיקה 350 גר,,,"אדז""יקה 380 גרם",גרמים,350.00,100 גרם,false,1,12.90,3.6857,true,1,174323
4030011500028,false,עגבניות עיסיס 1 ל,,,עגבניות עיסיס 1 ל,ליטרים,1.00,ליטר,false,1,14.90,14.9000,true,1,174324
4030011500042,false,עגבניות עיסיס חריף 1,,,עגבניות עיסיס חריף 1 ל,ליטרים,1.00,ליטר,false,1,14.90,14.9000,true,1,174325
4030011820010,false,חטיף תירס מתוק 110 ג,,,חטיף תירס מתוק 110 גר,גרמים,110.00,100 גרם,false,1,9.90,9.0000,true,1,209124
4032900124254,false,וינסטון קומפקט ברי,Unknown,,וינסטון קומפורט ברי,Unknown,0.00,Unknown,false,1,29.00,0.0000,false,1,198363
4033100013348,false,סיגריות אל די כחול א,Unknown,,אל די ארוך,Unknown,0.00,Unknown,false,1,28.00,0.0000,false,1,174328
4037400433042,false,קטיאס גומי וונדרלנד ורוד 200 גרם,,,ליקריץ קטיאס וונדר לנד ורוד 200 גר,גרמים,200.00,100 גרם,false,16,8.90,4.4500,true,1,195417
4037719066962,false,סוכריות קוונדיש מנגו וקיווי 200ג' (9),קוון דיש,,סוכריות מנגו וקיווי פחיות 200 גר,גרמים,200.00,100 גרם,false,1,9.90,4.9500,true,1,181358
4037719066986,false,סוכריות קוונדיש פירות טרופיים 200ג' (9),קוון דיש,,סוכריות פירות טרופיים פחיות 200 גר,גרמים,200.00,100 גרם,false,1,9.90,4.9500,true,1,181359
4037719680212,false,סוכריות קוונדיש תות שדה 200ג' (9),קוון דיש,,סוכריות בטעם תות שדה פחיות 200 גר,גרמים,200.00,100 גרם,false,1,9.90,4.9500,true,1,181357
4052197000017,false,בירה בנדיקטינר בקבוק,בנדיקטינר וויצבראו,DE,"בירה לבנה ""בנדיקטינר",מיליליטרים,500.00,"100 מ""ל",false,1,10.90,2.1800,true,1,174334
4052197000369,false,בירה בנדקטינר מארז שישיה,בנדיקטינר,DE,"בירה בנדיקטינר 330 מ""ל שישייה",מיליליטרים,1980.00,"100 מ""ל",false,1,45.90,2.3182,true,1,182104
4052197000390,false,בירה בנדקטינר מיני ח,,,"בירה ""בנדיקטינר"" 5ל",ליטרים,5.00,ליטר,false,1,99.90,19.9800,true,1,176769
4052197001366,false,בירה בנדיקטינר ללא א,,,"בירה בנדיקטינר ללא אלכוהול 500 מ""ל",מיליליטרים,500.00,"100 מ""ל",false,1,9.90,1.9800,true,1,181409
4052197002806,false,בירה בנדקטינר פחית ר,בנדקטינר,,בירה בנדיקטינר רביעייה,מיליליטרים,2000.00,"100 מ""ל",false,1,34.90,1.7450,true,1,180117
4052197004466,false,בירה בנדיקטינר דונקל,,,בירה בנדיקטינר דונקל פחית רביעייה,מיליליטרים,2000.00,"100 מ""ל",false,6,34.90,1.7450,true,1,193173
4054500101305,false,בירה אייל חיטה 5.3%,,,בירה אייל חיטה 5.3% אפוסטל ברו בק 500 מל,מיליליטרים,500.00,"100 מ""ל",false,20,8.90,1.7800,true,1,193645
4054500101404,false,בירה אייל חיטה 5.3%,,,בירה אייל חיטה 5.3% אפוסטל ברו 2 ל חבית,ליטרים,5.00,ליטר,false,2,89.90,17.9800,true,1,193646
4054500121365,false,בירה קראפט אימפריאל,,,בירה קראפט אימפריאל סטאוט 500 מל,מיליליטרים,500.00,"100 מ""ל",false,24,10.90,2.1800,true,1,203711
4054500121372,false,בירה קראפט רד 500 מל,,,בירה קראפט רד 500 מל,מיליליטרים,500.00,"100 מ""ל",false,24,10.90,2.1800,true,1,193648
4054500121389,false,בירה קראפט 500 מל,,,בירה קראפט 500 מל,מיליליטרים,500.00,"100 מ""ל",false,24,10.90,2.1800,true,1,193647
4054500140410,false,בירה קראפט 500 מל,,,בירה קראפט 500 מל,מיליליטרים,500.00,"100 מ""ל",false,24,10.90,2.1800,true,1,197300
4054500140434,false,בירה קראפט 500 מל,,,בירה קראפט 500 מל,מיליליטרים,500.00,"100 מ""ל",false,24,10.90,2.1800,true,1,197299
4054500527853,false,בירה דורלאכר חוף 500,מבשלת איכבאום,,"בירה דורלאכר חוף 500 מ""ל",מיליליטרים,500.00,"100 מ""ל",false,1,7.90,1.5800,true,1,184929
4061445096702,false,קפה דוידוף פיין ארומ,דוידוף,,קפה דוידוף פיין ארומה 100 גרם,גרמים,100.00,100 גרם,false,1,22.90,22.9000,true,1,192573
4062400115483,false,טקילה סיירה סילבר 70,אגדת,IL,"טקילה ""סיארה"" סילבר",מיליליטרים,700.00,"100 מ""ל",false,1,94.90,13.5571,true,1,174335
4062400543125,false,טקילה סיירה זהב רפסדו,סיארה Sierra,MX,"טקילה ""סיארה"" רפוסאד",מיליליטרים,700.00,"100 מ""ל",false,1,94.90,13.5571,true,1,174337
4066600601920,false,"בירה פאולנר פחית 500 מ""ל",פאולנר Paulaner,,"בירה פאולנר לא מסונן פח 500 מ""ל",מיליליטרים,500.00,"100 מ""ל",false,1,10.90,2.1800,true,1,191499
4066600999614,false,"בירה פאולנר 500 מ""ל בקבוק",מבשלת פאולנר,DE,"בירה פאולנר בק 500 מ""ל",מיליליטרים,500.00,"100 מ""ל",false,1,11.90,2.3800,true,1,182131
4067600001123,false,פילה הרינג מעושן בשמ,,,פילה הרינג מעושן בשמן לארסן 190 גר,גרמים,190.00,100 גרם,false,1,12.90,6.7895,true,1,204530
4067700014849,false,ליקר ייגרייסטר 700 מ,מסט-יגרמייסטר,DE,"ליקר ייגרמייסטר 700 מ""ל כשר",מיליליטרים,700.00,"100 מ""ל",false,1,89.90,12.8429,true,1,181222
4072700001089,false,בירה ספאטן אוקטוברפס,Franziskaner,,בירה ספאטן אוקטוברספט 500 מל,מיליליטרים,500.00,"100 מ""ל",false,1,10.90,2.1800,true,1,193328
4072700001171,false,בירה ספטאן לאגר גרמנ,Spaten,,"בירה ספטאן מינכן בק""",מיליליטרים,500.00,"100 מ""ל",false,1,10.90,2.1800,true,1,174339
4072700001188,false,בקבוק בירה פרנסיסקאנר כהה,פרנסיסקאנר Franziskaner,DE,"בירה פרנסיסקנר דנקל 500 מ""ל",מיליליטרים,500.00,"100 מ""ל",false,1,11.90,2.3800,true,1,174340
4072700003649,false,בירה פרנסיסקנר בהירה,"איי, בי, אינבוו",DE,בירה פרנסיסקנר 500 מל,מיליליטרים,500.00,"100 מ""ל",false,1,11.90,2.3800,true,1,174342
4079400182742,false,בירה וולטרס פילסנר ב,,,"בירה וולטרס פילסנר בק 330 מ""ל שישייה",מיליליטרים,1980.00,"100 מ""ל",false,1,29.90,1.5101,true,1,184225
4084500088917,false,"נוזל כלים פיירי לימון 650 מ""ל",פרוקטר אנד גמבל,GB,"נוזל לניקוי כלים פיירי לימון 650 מ""ל",מיליליטרים,650.00,"100 מ""ל",false,1,9.90,1.5231,true,1,177275
4084500149526,false,טייד נוזל כביסה 2.48 ליטר,פרוקטר אנד גמבל,FR,"ג""ל כביסה ""טייד"" 2.48ל",ליטרים,2.48,ליטר,false,1,26.90,10.8468,true,1,177719
4084500853553,false,"נוזל כלים פיירי אוריגינל 650 מ""ל",פרוקטר אנד גמבל,GB,"נוזל כלים פיירי אוריגינל 650 מ""ל",מיליליטרים,650.00,"100 מ""ל",false,1,9.90,1.5231,true,1,179575
4084500853836,false,סבון כלים ורדים וסאטן,פרוקטר אנד גמבל,GB,"נוזל כלים פיירי ורדים ומשי 515 מ""ל",מיליליטרים,515.00,"100 מ""ל",false,1,9.90,1.9223,true,1,179574
4084500853898,false,סבון כלים אלוורה ומלפפונים,פרוקטר אנד גמבל,GB,"נוזל כלים פיירי אלוורה 515 מ""ל",מיליליטרים,515.00,"100 מ""ל",false,1,9.90,1.9223,true,1,179573
4100130937163,false,מארז בירה בקס שישייה,"איי, בי, אינבוו",DE,"בירה בקס 275 מ""ל שישייה",מיליליטרים,1650.00,"100 מ""ל",false,1,29.90,1.8121,true,1,179881
4101940131628,false,בירה סטפאנס בראו ווי,מבשלת איכבאום,,"בירה סטפאנס בראו וויסבר 500 מ""ל",מיליליטרים,500.00,"100 מ""ל",false,1,7.90,1.5800,true,1,184932
4101940426823,false,בירה אפוסטל בראון חז,,,"בירה אפוסטל בראון חזק פח"" 500 מ""ל",מיליליטרים,500.00,"100 מ""ל",false,1,7.90,1.5800,true,1,176879
4102430000806,false,בירה ביטבורגר 5 ל,,,"בירה ""ביטבורגר"" 5ל",ליטרים,5.00,ליטר,false,1,99.90,19.9800,true,1,176770
4105120623941,false,"בירה ויינשטפן בק' ח""פ 500 מ""ל",ווינשטפן Weihenstephaner,DE,"בירה ווינשטפן בק 500 מ""ל",מיליליטרים,500.00,"100 מ""ל",false,1,11.90,2.3800,true,1,183015
4260310552569,false,משקה תומס הנרי טוניק,,,"משקה תומס הנרי טוניק 200 מ""ל",מיליליטרים,200.00,"100 מ""ל",false,1,6.90,3.4500,true,1,182512
4560198160055,false,צנון יפני טקואן 500,Qingdao Sun-growing,,צנון יפני טקואן 500 גר,גרמים,500.00,100 גרם,false,1,24.90,4.9800,true,1,174353
4600068009883,false,קוואס אוצקובסקויה 50,,,"קוואס אוצקובסקויה 500 מ""ל",מיליליטרים,500.00,"100 מ""ל",false,1,8.90,1.7800,true,1,174354
4600080298470,false,שוקולד חלב אליונקה א,קרסניי אוקטברי,,שוקולד חלב אליונקה אגוזי לוז 90 גר,גרמים,90.00,100 גרם,false,15,7.90,8.7778,true,1,194968
4600080298579,false,שוקולד חלב אליונקה ע,קרסניי אוקטברי,,שוקולד חלב אליונקה עם שקדים 90 גר,גרמים,90.00,100 גרם,false,15,7.90,8.7778,true,1,194969
4600080501013,false,וופל קורובקה בטעם חל,רוט פרונט,,וופל קורובקה בטעם חלב 250 גר,גרמים,250.00,100 גרם,false,1,15.90,6.3600,true,1,179692
4600080501037,false,וופל קורובקה מצופה ש,רוט פרונט,,וופל קורובקה מצופה שוקולד 250 גר,גרמים,250.00,100 גרם,false,1,15.90,6.3600,true,1,179693
4600300000739,false,קקאו זולוטוי ירליק 1,קרסניי אוקטברי,,"קקאו ""זולוטוי ירליק"" 100 גר",גרמים,100.00,100 גרם,false,1,11.90,11.9000,true,1,174356
4600300071180,false,שוקולד מריר 80% קקאו,קרסניי אוקטברי,,שוקולד מריר 80% קקאו,גרמים,75.00,100 גרם,false,1,7.90,10.5333,true,1,174358
4600300080014,false,חטיף שוקולד אליונקה,קרסניי אוקטברי,,חטיף שוקולד אליונקה ריבת חלב 48 גר,גרמים,48.00,100 גרם,false,1,4.90,10.2083,true,1,174363
4600300080335,false,סוכ. חלב ציפורי 225,קרסניי אוקטברי,,סוכ. חלב ציפורי 225 גר,גרמים,225.00,100 גרם,false,1,16.90,7.5111,true,1,176275
4600300086863,false,וופל מצופה מישקה קוס,,,וופל מצופה מישקה קוסולפיי 200 גר,גרמים,200.00,100 גרם,false,1,22.90,11.4500,true,1,182141
4600508712762,false,ממתק נסלאזדניה קרמל,,,ממתק נסלאזדניה קרמל מצופה בטעם שוקולד,גרמים,250.00,100 גרם,false,8,15.90,6.3600,true,1,204607
4600528345629,false,מיונז פרובנסל 800 גר,,,מיונז פרובנסל 800 גר,גרמים,800.00,100 גרם,false,1,24.90,3.1125,true,1,181415
4600528345636,false,מיונז פרובנסל זיתים,,,מיונז פרובנסל זיתים 800 גר,גרמים,800.00,100 גרם,false,1,24.90,3.1125,true,1,181416
4600528347289,false,מיונז ריאבה פרובנסל,,,מיונז ריאבה פרובנסל 200 גר,גרמים,200.00,100 גרם,false,1,6.90,3.4500,true,1,191178
4600528347296,false,מיונז ריאבה זיתים 20,,,מיונז ריאבה זיתים 200 גר,גרמים,200.00,100 גרם,false,1,6.90,3.4500,true,1,191177
4600528354690,false,רוטב עגבניות אסטוריה,,,רוטב עגבניות אסטוריה שישליק 330 גר,גרמים,330.00,100 גרם,false,1,11.90,3.6061,true,1,183058
4600528357967,false,רוטב אסטוריה לתפוא 2,ניז'גורודסקי,,"רוטב אסטוריה לתפו""א 200 גר",גרמים,200.00,100 גרם,false,6,9.90,4.9500,true,1,195787
4600528357974,false,רוטב אסטוריה הוט דוג,ניז'גורודסקי,,רוטב אסטוריה הוט דוג 200 גר,גרמים,200.00,100 גרם,false,6,9.90,4.9500,true,1,195785
4600528359060,false,רוטב אסטוריה בצל עם,ניז'גורודסקי,,רוטב אסטוריה בצל עם שמנת 233 גר,גרמים,233.00,100 גרם,false,16,9.90,4.2489,true,1,193273
4600528359077,false,רוטב אסטוריה שום שמנ,ניז'גורודסקי,,רוטב אסטוריה שום שמנת 233 גר,גרמים,233.00,100 גרם,false,16,9.90,4.2489,true,1,193276
4600528359084,false,רוטב אסטוריה שמנת פט,ניז'גורודסקי,,רוטב אסטוריה שמנת פטריות 233 גר,גרמים,233.00,100 גרם,false,16,9.90,4.2489,true,1,193274
4600528359107,false,רוטב אסטוריה בטעם גב,ניז'גורודסקי,,רוטב אסטוריה בטעם גבינה 233 גר,גרמים,233.00,100 גרם,false,16,9.90,4.2489,true,1,193275
4600528359114,false,רוטב אסטוריה צסר גבי,ניז'גורודסקי,,רוטב אסטוריה צסר גבינה 233 גר,גרמים,200.00,100 גרם,false,16,9.90,4.9500,true,1,193272
4600545011026,false,נודלס להכנה מהירה מר,,RU,נודלס להכנה מהירה מרק עוף 60 גר,גרמים,60.00,100 גרם,false,50,2.90,4.8333,true,1,188546
4600545013020,false,נודלס להכנה מהירה מר,,RU,נודלס להכנה מהירה מרק פטריות 60 גר,גרמים,60.00,100 גרם,false,25,2.90,4.8333,true,1,188545
4600545031031,false,אטריות להכנה מהירה ע,,RU,איטריות להכנה מהירה,גרמים,75.00,100 גרם,false,24,6.90,9.2000,true,1,174364
4600545033035,false,אטריות להכנה מהירה ב,,RU,איטריות להכנה מהירה,גרמים,75.00,100 גרם,false,24,6.90,9.2000,true,1,174365
4600545833239,false,מרק אטריות כוס מרק ע,,RU,מרק אטריות כוס מרק עוף 50 גר,גרמים,50.00,100 גרם,false,24,5.90,11.8000,true,1,188548
4600545833246,false,מרק אטריות כוס מרק ב,,RU,מרק אטריות כוס מרק בקר 50 גר,גרמים,50.00,100 גרם,false,24,5.90,11.8000,true,1,188547
4600545833253,false,מרק אטריות כוס מרק פ,,RU,מרק אטריות כוס מרק פטריות 50 גר,גרמים,50.00,100 גרם,false,24,5.90,11.8000,true,1,188549
4600682225478,false,בירה בלטיקה קולר 470,,,"בירה ""בלטיקה"" קולר 470 מ""ל",מיליליטרים,470.00,"100 מ""ל",false,1,9.90,2.1064,true,1,178630
4600682401476,false,בירה בלטיקה 0 ללא אל,BALTIKA,,בירה בלטיקה 0 ללא אלכוהול,מיליליטרים,470.00,"100 מ""ל",false,1,7.90,1.6809,true,1,181502
4600682407096,false,בירה בלטיקה 7 900 מל,BALTIKA,,"בירה בלטיקה 7 900 מ""ל",מיליליטרים,900.00,"100 מ""ל",false,1,13.90,1.5444,true,1,181498
4600682407478,false,בירה בלטיקה 7 470 מל,BALTIKA,,"בירה בלטיקה 7 470 מ""ל",מיליליטרים,470.00,"100 מ""ל",false,1,9.90,2.1064,true,1,181503
4600682409458,false,בירה בלטיקה מס 9 450,BALTIKA,,"בירה ""בלטיקה"" מס"" 9 450 מ""ל",מיליליטרים,450.00,"100 מ""ל",false,1,9.90,2.2000,true,1,181496
4600682483915,false,בירה זיטאסקי גוס 900,,,"בירה זיטאסקי גוס 900 מ""ל",מיליליטרים,900.00,"100 מ""ל",false,1,13.90,1.5444,true,1,181499
4600699501121,false,שמן חמניות סלובודה מ,,,"שמן חמניות ""סלובודה"" מזוכך 1 ל",ליטרים,1.00,ליטר,false,1,16.90,16.9000,true,1,177358
4600699502494,false,שמן חמניות סלובודה מ,,,"שמן חמניות ""סלובודה"" מזוכך 1.8 ל",ליטרים,1.80,ליטר,false,1,29.90,16.6111,true,1,177360
4600699505433,false,שמן חמניות סלובודה ל,,,"שמן חמניות ""סלובודה"" לא מזוכך 1 ל",ליטרים,1.00,ליטר,false,1,16.90,16.9000,true,1,177359
4600699505518,false,מיונז סלובודה פרובנס,,,מיונז סלובודהפרובנסל 67% 375 גר,גרמים,375.00,100 גרם,false,1,11.90,3.1733,true,1,178689
4600699505525,false,מיונז סלובודה פרובנס,,,"מיונז סלובודה פרובנסל 67% 800 מ""ל",מיליליטרים,800.00,"100 מ""ל",false,1,19.90,2.4875,true,1,184677
4600699505532,false,מיונז סלובודה פרובנס,,,"מיונז ""סלובודה"" פרובנסל 67 % 800 מל",מיליליטרים,800.00,"100 מ""ל",false,1,19.90,2.4875,true,1,177361
4600699505563,false,מיונז סלובודה פרובנס,,,מיונז סלובודהפרובנסל זיתים 67% 400מל,גרמים,375.00,100 גרם,false,1,11.90,3.1733,true,1,178690
4600699505570,false,מיונז סלובודה פרובנס,,,"מיונז סלובודה פרובנסל זיתים 67% 800 מ""ל",מיליליטרים,800.00,"100 מ""ל",false,1,19.90,2.4875,true,1,184678
4600699505587,false,מיונז סלובודה בטעם ז,,,"מיונז ""סלובודה"" בטעם זיתים 67 % 800 מל",מיליליטרים,800.00,"100 מ""ל",false,1,19.90,2.4875,true,1,177362
4600699512363,false,מיונז פרובנסל סלובוד,,,מיונז פרובנסל סלובודה ביצי שליו 750 גר,גרמים,750.00,100 גרם,false,1,19.90,2.6533,true,1,199592
4600823009059,false,שוקולד ודוחנובניה קל,,,שוקולד ודוחנובניה קלאסי 100 גר,גרמים,100.00,100 גרם,false,1,9.90,9.9000,true,1,174372
4600823030091,false,חטיף שוקולד עם קרם פ,בבייבסקי,,"בטונצ""יק ממולא שמנת",גרמים,50.00,100 גרם,false,1,3.90,7.8000,true,1,174373
4600823031098,false,חטיף שוקולד עם קרם ש,בבייבסקי,,"בטונצ""יק שוקולד 50 ג",גרמים,50.00,100 גרם,false,1,3.90,7.8000,true,1,174374
4600823093010,false,שוקולד בבייבסקי מריר,בבייבסקי,,שוקולד בבייבסקי מריר,גרמים,100.00,100 גרם,false,1,8.90,8.9000,true,1,174375
4600823094017,false,שוקולד בבייבסקי פונד,בבייבסקי,,שוקולד בבייבסקי פונד,גרמים,100.00,100 גרם,false,1,8.90,8.9000,true,1,174376
4600823122017,false,שוקולד בבייבסקי אליט,בבייבסקי,,שוקולד בבייבסקי אליטני 75% 100 גר,גרמים,100.00,100 גרם,false,1,8.90,8.9000,true,1,174377
4600823143005,false,שוקולד בבייבסקי מריר,בבייבסקי,,שוקולד בבייבסקי מריר 100 גר,גרמים,100.00,100 גרם,false,1,8.90,8.9000,true,1,174378
4600823172012,false,אצבעות שוקולד חלב אל,בבייבסקי,,"שוקולד ""בבייבסקי אלו",גרמים,100.00,100 גרם,false,1,7.90,7.9000,true,1,174379
4600823179011,false,שוקולד מריר בבאיבסקי,בבייבסקי,,"שוקולד ""בבייבסקי"" פו",גרמים,100.00,100 גרם,false,1,8.90,8.9000,true,1,174382
4600823193109,false,שוקולד בבייבסקי שזיפ,,,שוקולד באבייבסקי חתיכות שזיפים מיובשים,גרמים,100.00,100 גרם,false,1,8.90,8.9000,true,1,183392
4600823197213,false,שוקולד דרקס אליטני 7,בבייבסקי,,שוקולד דרקס אליטני 75% 100גר,גרמים,100.00,100 גרם,false,1,8.90,8.9000,true,1,178541
4600823525047,false,סוכריות בלוצקה 200 ג,,,סוכריות בלוצקה 200 גר,גרמים,200.00,100 גרם,false,1,22.90,11.4500,true,1,182142
4600851008758,false,חרדל 195 גר,,,חרדל 195 גרם,גרמים,195.00,100 גרם,false,1,9.90,5.0769,true,1,178986
4600851010669,false,מיונז פרובנסל 450 מל,סולנצ'ניי פרודוקטי,,"מיונז ""פרובנסל"" 450 מל",מיליליטרים,450.00,"100 מ""ל",false,1,14.90,3.3111,true,1,177194
4600851010676,false,מיונז פרובנסל 850 מל,סולנצ'ניי פרודוקטי,,"מיונז ""פרובנסל"" 850 מל",מיליליטרים,850.00,"100 מ""ל",false,1,26.90,3.1647,true,1,177193
4600851011567,false,מיונז קלאסי 700 מל,סולנצ'ניי פרודוקטי,,מיונז קלאסי 700 מל,מיליליטרים,700.00,"100 מ""ל",false,1,17.90,2.5571,true,1,180250
4600851011604,false,מיונז פרובנסל זיתים,סולנצ'ניי פרודוקטי,,"מיונז ""פרובנסל"" זיתים 390 גר",גרמים,390.00,100 גרם,false,1,10.90,2.7949,true,1,180249
4600851013288,false,מיונז מוסקובסקי קלאס,Moskovskiy Zirovoy K,,"מיונז מוסקובסקי קלאסי דלי 800 מ""ל",מיליליטרים,800.00,"100 מ""ל",false,1,21.90,2.7375,true,1,185270
4600851014537,false,מיונז פרובנסל קלאסיק,סולנצ'ניי פרודוקטי,,"מיונז פרובנסל קלאסיק 400 מ""ל",מיליליטרים,400.00,"100 מ""ל",false,20,10.90,2.7250,true,1,189910
4600851014544,false,מיונז קלאסי 200 מל,סולנצ'ניי פרודוקטי,,"מיונז קלאסי 200 מ""ל",מיליליטרים,200.00,"100 מ""ל",false,40,5.90,2.9500,true,1,189256
4600874000623,false,תמצית ציקורי נמס טבע,,,תמצית ציקורי נמס טבעי 100 גר,גרמים,100.00,100 גרם,false,1,20.90,20.9000,true,1,185651
4600935020331,false,כוסמת אלטאי 800 גר,,,כוסמת אלטאי 800 גר,גרמים,800.00,100 גרם,false,1,15.90,1.9875,true,1,207754
4601021049342,false,וופל ארטק 200 גר,,,וופל ארטק 200 גר,גרמים,200.00,100 גרם,false,1,7.90,3.9500,true,1,184080
4601513007997,false,רולדה קורובקה בטעם ח,יוז'נואורלקונדיטר,,רולדה קורובקה בטעם חלב מבושל 200גר,גרמים,200.00,100 גרם,false,1,9.90,4.9500,true,1,178810
4601576010101,false,רוטב תיבול עם ביצי ש,,,רוטב תיבול עם ביצי שליו מצטה חוזייקי,מיליליטרים,900.00,"100 מ""ל",false,1,19.90,2.2111,true,1,199272
4601713001702,false,דובשנית טולסקיי פריא,טולה,,דובשנית טולסקיי פריאניק פירות 140 גר,גרמים,140.00,100 גרם,false,1,6.90,4.9286,true,1,176751
4601713001719,false,דובשנית טולסקיי פריא,טולה,,דובשנית טולסקיי פריאניק חלב 140 גר,גרמים,140.00,100 גרם,false,1,6.90,4.9286,true,1,176752
4601713008190,false,דובשניות טולסקי פריא,,,דובשניות טולסקי פריאניק אוכמניות 140 גר,גרמים,140.00,100 גרם,false,22,6.90,4.9286,true,1,195163
4601728013653,false,וודקה בליה בריוזקה 7,,,"וודקה בליה בריוזקה 700 מ""ל",מיליליטרים,700.00,"100 מ""ל",false,1,69.90,9.9857,true,1,191682
4601780000219,false,ספגטי עבה מקפה 400 ג,MAKFA,,ספגטי עבה מקפה 400 גר,גרמים,400.00,100 גרם,false,1,7.90,1.9750,true,1,174414
4601780000578,false,ספגטי דק מקפה 400 גר,MAKFA,,ספגטי דק מקפה 400 גר,גרמים,400.00,100 גרם,false,1,7.90,1.9750,true,1,178378
4601780002565,false,קמח מקפה חיטה 2 קג,MAKFA,,"קמח מקפה חיטה 2 ק""ג",קילוגרמים,2.00,"ק""ג",false,1,18.90,9.4500,true,1,174415
4601780002572,false,קמח חיטה 1 קג,מקפה,,"קמח חיטה 1 ק""ג",קילוגרמים,1.00,"ק""ג",false,1,9.90,9.9000,true,1,174416
4601780005399,false,כוסמת להכנה מהירה 80,מקפה,,כוסמת להכנה מהירה 800 גר,גרמים,800.00,100 גרם,false,1,16.90,2.1125,true,1,174417
4601780005429,false,אורז עגול 800 גר,,,אורז עגול 800 גר,גרמים,800.00,100 גרם,false,1,14.90,1.8625,true,1,184723
4601780005436,false,אפונה גרוסה 800 גר,מקפה,,אפונה גרוסה 800 גר,גרמים,800.00,100 גרם,false,1,9.90,1.2375,true,1,179356
4601780005443,false,דוחן 800 גר,מקפה,,דוחן 800 גר,גרמים,800.00,100 גרם,false,1,14.90,1.8625,true,1,174418
4601780005689,false,אורז מאודה 800 גר,מקפה,,אורז מאודה 800 גרם,גרמים,800.00,100 גרם,false,1,12.90,1.6125,true,1,174420
4601780006211,false,סולת 700 גר,מקפה,,סולת 700 גר,גרמים,700.00,100 גרם,false,1,11.90,1.7000,true,1,174421
4601780006990,false,אטריות ספירלות 400 ג,מקפה,,אטריות ספירלות 400 גר,גרמים,400.00,100 גרם,false,1,7.90,1.9750,true,1,177953
4601780007010,false,אטריות חלוזונות 400,מקפה,,אטריות חלוזונות 400 גר,גרמים,400.00,100 גרם,false,1,7.90,1.9750,true,1,177955
4601780007058,false,אטריות מסרקי תרנגול,מקפה,,אטריות מסרקי תרנגול 400 גר,גרמים,400.00,100 גרם,false,1,7.90,1.9750,true,1,179360
4601780009922,false,אטריות צדפות 400 גר,מקפה,,אטריות צדפות 400 גר,גרמים,400.00,100 גרם,false,1,7.90,1.9750,true,1,177957
4601780010003,false,כוסמת 400 גר,מקפה,,כוסמת 400 גר,גרמים,400.00,100 גרם,false,1,10.90,2.7250,true,1,174424
4601780010102,false,דוחן 400 גר,מקפה,,דוחן 400 גר,גרמים,400.00,100 גרם,false,1,8.90,2.2250,true,1,174426
4601780010126,false,גריסי חיטה פולטבסקיה,מקפה,,גריסי חיטה פולטבסקיה 80 גר חמישייה,גרמים,400.00,100 גרם,false,1,6.90,1.7250,true,1,174427
4601780010508,false,אטריות ארוכות 400 גר,מקפה,,אטריות ארוכות 400 גר,גרמים,400.00,100 גרם,false,1,6.90,1.7250,true,1,177959
4601780010676,false,גריסי פנינה 400 גר,מקפה,,גריסי פנינה 400 גר,גרמים,400.00,100 גרם,false,1,9.90,2.4750,true,1,177619
4601780010690,false,גריסי פנינה 800 גר,מקפה,,גריסי פנינה 800 גר,גרמים,800.00,100 גרם,false,1,8.90,1.1125,true,1,177618
4601780010805,false,גריסי תירס 400 גר,מקפה,,גריסי תירס 400 גר,גרמים,400.00,100 גרם,false,1,7.90,1.9750,true,1,179358
4601780011048,false,אטריות טבעות 400 גר,מקפה,,אטריות טבעות 400 גר,גרמים,400.00,100 גרם,false,1,7.90,1.9750,true,1,195008
4601780011390,false,פתיתים מקפה כוכבים 3,MAKFA,,פתיתים מקפה כוכבים 300 גר,גרמים,300.00,100 גרם,false,1,6.90,2.3000,true,1,179837
4602009008443,false,דג קרפיון ארנה אדום,ARENA,,דג קרפיון ארנה אדום 150 גר,גרמים,150.00,100 גרם,false,1,18.90,12.6000,true,1,179706
4602009299759,false,זפיר לבן ורוד 420 גר,נבסקי קונדיטר,,זפיר לבן ורוד 420גר,גרמים,420.00,100 גרם,false,1,14.90,3.5476,true,1,178242
4602009299766,false,זפיר קרם ברולה 420 ג,נבסקי קונדיטר,,זפיר קרם ברולה 420גר,גרמים,420.00,100 גרם,false,1,14.90,3.5476,true,1,178244
4602009299773,false,זפיר וניל מצופה שוקו,נבסקי קונדיטר,,זפיר וניל מצופה שוקולד 450גר,גרמים,450.00,100 גרם,false,1,15.90,3.5333,true,1,178245
4602014014873,false,אצבעות גבינה וניל מצ,,,אצבעות גבינה וניל מצופה בגלזור שוקולד מר,גרמים,180.00,100 גרם,false,1,18.90,10.5000,true,1,193249
4602014018864,false,אצבעות גבינה וניל מצ,,,אצבעות גבינה וניל מצופה בגלזור שוקולד מר,גרמים,180.00,100 גרם,false,1,18.90,10.5000,true,1,209350
4602112203612,false,חטיף תפוא בטעם בצל ו,,,"חטיף תפו""א בטעם בצל ושמנת חמוצה 70 גר",גרמים,70.00,100 גרם,false,1,7.90,11.2857,true,1,192578
4602112203636,false,חטיף תפוא בטעם גבינה,,,"חטיף תפו""א בטעם גבינה 70 גר",גרמים,70.00,100 גרם,false,1,7.90,11.2857,true,1,192579
4602112203674,false,חטיף תפוא בטעם בייקו,,,"חטיף תפו""א בטעם בייקון 70 גר",גרמים,70.00,100 גרם,false,1,7.90,11.2857,true,1,192580
4602112207726,false,חטיף תפוא בטעם סרטני,,,"חטיף תפו""א בטעם סרטנים 70 גר",גרמים,70.00,100 גרם,false,1,7.90,11.2857,true,1,192581
4602112212447,false,חטיף תפוא בטעם פטריו,,,"חטיף תפו""א בטעם פטריות יער ברוטב שמנת 60",גרמים,60.00,100 גרם,false,1,7.90,13.1667,true,1,192582
4602441005093,false,משקה צירנוגולובקי בא,אקוואלייף,,משקה צירנוגולובקי באיקל 2ל,ליטרים,2.00,ליטר,false,1,16.90,8.4500,true,1,177969
4602441011131,false,משקה מוגז דושס 500 מ,CJSC AGUA,,"משקה מוגז דושס 500 מ""ל",מיליליטרים,500.00,"100 מ""ל",false,12,7.90,1.5800,true,1,185821
4602441011186,false,משקה מוגז טרחון 500,CJSC AGUA,,"משקה מוגז טרחון 500 מ""ל",מיליליטרים,500.00,"100 מ""ל",false,12,7.90,1.5800,true,1,185820
4602441014019,false,משקה מוגז למונד 500,CJSC AGUA,,"משקה מוגז למונד 500 מ""ל",מיליליטרים,500.00,"100 מ""ל",false,12,7.90,1.5800,true,1,185819
4602481010033,false,סולת 800 גר,סויוזפישפרום,,סולת 800גר,גרמים,800.00,100 גרם,false,1,12.90,1.6125,true,1,177283
4602481105128,false,תערובת צאר 7 דגנים 4,סיוז פישפרום,,תערובת צאר 7 דגנים 400 גר,גרמים,400.00,100 גרם,false,1,12.90,3.2250,true,1,180229
4602481107665,false,דוחן צאר 500 גר,סויוזפישפרום,,דוחן צאר 500 גר,גרמים,500.00,100 גרם,false,1,14.90,2.9800,true,1,184637
4602481107726,false,חטיף לחם תירס חיטה ע,דינמו ק מוסקבה,,חטיף לחם תירס חיטה עם חלבון 90 גר,גרמים,90.00,100 גרם,false,20,8.90,9.8889,true,1,187934
4602486002071,false,וודקה בלנקאיה גולד 7,מזקקת גאורגייבסקי קר,RU,"וודקה בלנקיה גולד 700 מ""ל",מיליליטרים,700.00,"100 מ""ל",false,1,54.90,7.8429,true,1,190046
4603134002283,false,אפונה צאר יבש 800 גר,סיוז פישפרום,,אפונה צאר יבש 800 גר,גרמים,800.00,100 גרם,false,1,14.90,1.8625,true,1,180228
4603134002467,false,תערובת צאר 6 דגנים 4,סיוז פישפרום,,תערובת צאר 6 דגנים 400 גר,גרמים,400.00,100 גרם,false,1,12.90,3.2250,true,1,174430
4603134002801,false,דוחן 800 גר,סויוזפישפרום,,דוחן 800גר,גרמים,800.00,100 גרם,false,1,14.90,1.8625,true,1,177286
4603400000043,false,וודקה רוסקי סטנדרט ב,רוסקי סטנדרט וודקה,RU,וודקה רוסקי סטנדרט 7,מיליליטרים,700.00,"100 מ""ל",false,1,59.90,8.5571,true,1,174432
4603400000197,false,וודקה רוסקי סטנדרט ב,RUSSIAN STANDART,,וודקה רוסקי סטנדרט 5,מיליליטרים,500.00,"100 מ""ל",false,1,44.90,8.9800,true,1,174434
4603514010341,false,גין באריסטר בלו מתוב,,,גין באריסטר בלו מתובל 700 מל,מיליליטרים,700.00,"100 מ""ל",false,6,84.90,12.1286,true,1,193954
4603552005606,false,פטריות יער יבשות 45,סיביר קלצאטקה,,פטריות יער יבשות 45 גר,גרמים,45.00,100 גרם,false,1,34.90,77.5556,true,1,184278
4603566903950,false,תבלינים סול 7 מנות 4,אגרואימפורט,,תבלינים סול 7 מנות 400 גר,גרמים,400.00,100 גרם,false,1,11.90,2.9750,true,1,182596
4603566907958,false,תבלינים סול מנות ראש,אגרואימפורט,,תבלינים סול מנות ראשונות 400 גר,גרמים,400.00,100 גרם,false,1,11.90,2.9750,true,1,182597
4603566908955,false,תבלינים סול שום ירוק,אגרואימפורט,,תבלינים סול שום ירוק 400 גר,גרמים,400.00,100 גרם,false,1,11.90,2.9750,true,1,182598
4603566921954,false,תבלינים סול 12 ירקות,אגרואימפורט,,תבלינים סול 12 ירקות 400 גר,גרמים,400.00,100 גרם,false,1,11.90,2.9750,true,1,182599
4603928000976,false,"וודקה בלוגה נובל 700 מ""ל+כוס",מרינסקי ליקרו-וודאצ',RU,"וודקה בלוגה 700 מ""ל",מיליליטרים,700.00,"100 מ""ל",false,1,135.90,19.4143,true,1,176007
4603955001915,false,שוקולד רוסקיי חלב 90,רוסקיי שוקולד,,"שוקולד ""רוסקיי"" חלב 90 גר",גרמים,90.00,100 גרם,false,1,7.90,8.7778,true,1,174437
4603955001939,false,שוקולד רוסקיי מריר 9,רוסקיי שוקולד,,"שוקולד ""רוסקיי"" מריר 90 גר",גרמים,90.00,100 גרם,false,1,7.90,8.7778,true,1,174439
4604248000103,false,רוטב לסלט בטעם זיתים,אסן פרודקשן,,"מיונז ""מחייב"" זיתים",מיליליטרים,800.00,"100 מ""ל",false,1,18.90,2.3625,true,1,174442
4604248000349,false,רוטב לסלט פרובנסל 38,אסן פרודקשן,,"מיונז ""מחייב"" פרובנס",גרמים,380.00,100 גרם,false,1,11.90,3.1316,true,1,174444
4604248000554,false,רוטב לסלט פרובנסל מח,אסן פרודקשן,,"מיונז ""מחייב"" פרובנס",גרמים,800.00,100 גרם,false,1,18.90,2.3625,true,1,174445
4604248000844,false,מיונז עם שמן זית מחי,אסן פרודקשן,,"מיונז ""מחייב"" עם זיתים 380 גר",גרמים,380.00,100 גרם,false,1,11.90,3.1316,true,1,174446
4604248000851,false,מיונז פרובנסל עם מיץ,אסן פרודקשן,,"מיונז ""מחייב"" עם לימון 380 גר""",גרמים,380.00,100 גרם,false,1,11.90,3.1316,true,1,174447
4604248002671,false,רוטב לסלט פרובנסל מי,אסן פרודקשן,,"מיונז ""מחייב"" מיץ לי",גרמים,800.00,100 גרם,false,1,18.90,2.3625,true,1,174450
4604248003043,false,קטשופ שישליק 500 גר,אסן פרודקשן,,קטשופ שישליק 500גרם,גרמים,500.00,100 גרם,false,1,14.90,2.9800,true,1,174451
4604248003067,false,קטשופ לצו 500 גר,אסן פרודקשן,,"קטשופ ""לצ""ו"" 500 גר",גרמים,500.00,100 גרם,false,1,14.90,2.9800,true,1,176938
4604248003081,false,רוטב לסלט עם ביצת של,אסן פרודקשן,,"מיונז ""מחייב"" על ביצ",גרמים,380.00,100 גרם,false,1,11.90,3.1316,true,1,174453
4604248003517,false,חרדל רוסקיה 140 גר,אסן פרודקשן,,"חרדל ""רוסקיה"" 140 גר",גרמים,140.00,100 גרם,false,1,4.90,3.5000,true,1,174455
4604248005405,false,ריבת ענבי שועל 300 ג,אסן פרודקשן,,ריבת ענבי שועל 300גר,גרמים,300.00,100 גרם,false,1,12.90,4.3000,true,1,178097
4604248006204,false,ריבת תות 300 גר,אסן פרודקשן,,ריבת תות 300גר,גרמים,300.00,100 גרם,false,1,12.90,4.3000,true,1,178792
4604248006877,false,ריבת פטל 300 גר,אסן פרודקשן,,ריבת פטל 300גר,גרמים,300.00,100 גרם,false,1,14.90,4.9667,true,1,178098
4604248006952,false,ריבת מחייב תות שדה ב,,,ריבת מחייב תות שדה בזכוכית 400 גר,גרמים,400.00,100 גרם,false,1,21.90,5.4750,true,1,195007
4604248008635,false,ריבת מחייב אוכמניות,אסן פרודקשן,,ריבת מחייב אוכמניות זכוכית 400 גר,גרמים,400.00,100 גרם,false,1,21.90,5.4750,true,1,184236
4604248012618,false,חרדל רוסקיה 190 גר,אסן פרודקשן,,"חרדל ""רוסקיה"" 190 גר",גרמים,190.00,100 גרם,false,1,7.90,4.1579,true,1,177662
4604248013240,false,ריבת פירות יער 300 ג,,,ריבת פירות יער 300 גר,גרמים,300.00,100 גרם,false,1,12.90,4.3000,true,1,185358
4604248014667,false,תערובת תבלינים תחמיץ,Maheev,,תערובת תבלינים תחמיץ לעוף בטעם חרדל 300,גרמים,300.00,100 גרם,false,1,10.90,3.6333,true,1,180880
4604248014766,false,רוטב תיבול חריף אגיק,אסן פרודקשן,,רוטב תיבול חריף אגיקה 140 גר,גרמים,140.00,100 גרם,false,24,6.90,4.9286,true,1,184232
4604248016197,false,תערובת תבלינים תחמיץ,Maheev,,תערובת תבלינים תחמיץ ברביקיו,גרמים,300.00,100 גרם,false,1,10.90,3.6333,true,1,183083
4604248016272,false,ריבת מחייב דובדבן זכ,אסן פרודקשן,,ריבת מחייב דובדבן זכוכית 400 גר,גרמים,400.00,100 גרם,false,1,21.90,5.4750,true,1,184238
4604248022709,false,רוטב לסלט עם ביצת של,אסן פרודקשן,,רוטב לסלט עם ביצת שליו מחייב 800 גר,גרמים,800.00,100 גרם,false,1,18.90,2.3625,true,1,189702
4605246003523,false,תה שחור גרינפילד גול,גרינפילד Greenfield,RU,תה שחור גרינפילד גולדן ציילוני 25 שק,גרמים,50.00,100 גרם,false,1,11.90,23.8000,true,1,174468
4605246003585,false,תה ירוק גרינפילד סינ,גרינפילד Greenfield,RU,תה ירוק גרינפילד סיני 25 שק,גרמים,50.00,100 גרם,false,1,11.90,23.8000,true,1,174469
4605246003721,false,תה גרינפילד יסמין דר,גרינפילד Greenfield,,תה גרינפילד יסמין דרים ירוק 100 גר,גרמים,100.00,100 גרם,false,14,11.90,11.9000,true,1,194680
4605246003738,false,תה ירוק גרינפילד יסמ,אורימי,RU,תה ירוק גרינפילד יסמין 25 שק,גרמים,50.00,100 גרם,false,1,11.90,23.8000,true,1,174470
4605246004278,false,תה שחור ארל גריי Earl Grey,גרינפילד Greenfield,RU,תה שחור גרינפילד ארל גריי 25 שק,גרמים,50.00,100 גרם,false,1,11.90,23.8000,true,1,174471
4605246004322,false,תה גרינפילד תפוח וקי,גרינפילד Greenfield,RU,תה גרינפילד תפוח וקינמון 25 שק,גרמים,38.00,100 גרם,false,1,11.90,31.3158,true,1,174472
4605246004339,false,"תה גרינפילד שחור ""סא",גרינפילד Greenfield,RU,תה גרינפילד פטל ללא קפאין 25 שק,גרמים,50.00,100 גרם,false,1,11.90,23.8000,true,1,174473
4605246004346,false,תה גרינפילד פירות וק,אורימי,RU,תה גרינפילד קינמון 25 שק,גרמים,38.00,100 גרם,false,1,11.90,31.3158,true,1,174474
4605246004353,false,תה ירוק גרינפילד מלי,גרינפילד Greenfield,RU,תה ירוק גרינפילד מליסה 25 שק,גרמים,38.00,100 גרם,false,1,11.90,31.3158,true,1,174475
4605246005251,false,תה שחור גרינפילד פיר,אורימי,RU,תה שחור גרינפילד פירות יער 25 שק,גרמים,38.00,100 גרם,false,1,11.90,31.3158,true,1,174477
4605246005817,false,תה גרינפילד גולדן צי,אורימי,,תה גרינפילד גולדן ציילון 100 גר,גרמים,200.00,100 גרם,false,1,29.90,14.9500,true,1,183484
4605246005848,false,תה שחור גרינפילד ארל,אורימי,,תה שחור גרינפילד ארל גריי 100 שק,גרמים,200.00,100 גרם,false,1,29.90,14.9500,true,1,180079
4605246005855,false,תה ירוק דרקון גרינפי,אורימי,,תה ירוק דרקון גרינפילד 100 שק,גרמים,200.00,100 גרם,false,1,29.90,14.9500,true,1,180078
4605246007842,false,תה טס פורסט דרים 20,,,"תה ""טס"" פורסט דרים 20 שק",Unknown,0.00,Unknown,false,1,14.90,0.0000,true,1,174483
4605246007880,false,תה ירוק טס גינגר מוח,,,"תה ירוק ""טס"" גינגר מוחיטו 20 שק",Unknown,0.00,Unknown,false,1,14.90,0.0000,true,1,174486
4605246008986,false,תה גרינפילד פירמידה,אורימי,,תה גרינפילד פירמידה ציילון 20 יח,גרמים,40.00,100 גרם,false,1,13.90,34.7500,true,1,183480
4605246009198,false,תה טס פלזה 100 שק,,,"תה ""טס"" פלזה 100 שק",Unknown,0.00,Unknown,false,1,32.90,0.0000,true,1,183378
4605246009969,false,תה גרינפילד אוכמניות,אורימי,RU,תה אוכמניות 1.5 גר 25 שק,גרמים,38.00,100 גרם,false,1,11.90,31.3158,true,1,183686
4605246010088,false,תה שחור טס קוסמופולי,,,"תה שחור ""טס"" קוסמופוליטן פרטי 20 שק",גרמים,40.00,100 גרם,false,1,14.90,37.2500,true,1,183379
4605246010743,false,תה גרינפילד 30 סוגים,אורימי,,מארז מתנה תה גרינפילד 30 סוגים,גרמים,211.00,100 גרם,false,1,59.90,28.3886,true,1,183485
4605246011313,false,תה טס טיים 25 שק,,,"תה ""טס"" טיים 25 שק",Unknown,0.00,Unknown,false,1,12.90,0.0000,true,1,182567
4605246011344,false,תערובת תה שחור צמחים,אורימי,,תערובת תה שחור צמחים גרינפילד אוכמניו,גרמים,36.00,100 גרם,false,1,13.90,38.6111,true,1,194587
4605246012587,false,תה ירוק טס דייקירי ב,,,"תה ירוק ""טס"" דייקירי בריז 20 שק",גרמים,36.00,100 גרם,false,1,14.90,41.3889,true,1,183377
4605246013690,false,תה גרינפילד תערובת ח,,,תה גרינפילד סאמר בואוז 100 גר,גרמים,100.00,100 גרם,false,15,11.90,11.9000,true,1,194679
4605246013836,false,תה שחור אינגליש אדיש,,,תה שחור אינגליש אידישון 100 שק,גרמים,200.00,100 גרם,false,1,29.90,14.9500,true,1,200054
4605246013904,false,תה גרינפילד פירות יע,אורימי,,תה גרינפילד תות שדה 25 שק,גרמים,50.00,100 גרם,false,1,11.90,23.8000,true,1,186099
4605246015281,false,תה שחור טס גרייפ פרו,,,תה שחור טס גרייפ פרוט ציל 20 שק,Unknown,0.00,Unknown,false,12,14.90,0.0000,true,1,188940
4605246015380,false,תערובת צמחים ופירות,אורימי,,תערובת צמחים ופירות בטעם דובדבן גרינפיל,Unknown,0.00,Unknown,false,1,11.90,0.0000,true,1,194585
4605246015397,false,תערובת צמחים פירות י,אורימי,,תערובת צמחים פירות יער גרינפילד 25 שק,Unknown,0.00,Unknown,false,1,11.90,0.0000,true,1,194583
4605362008716,false,גרעינים בבקיני 300 ג,קה דה או קרסנודר,,גרעינים בבקיני 300 גר,גרמים,300.00,100 גרם,false,1,18.90,6.3000,true,1,197874
4605362008839,false,גרעיני חמניות קלויים,קה דה או קרסנודר,,גרעינים בבקיני עם מלח 250 גר,גרמים,250.00,100 גרם,false,10,16.90,6.7600,true,1,195929
4605496007494,false,נודלס רולטון בטעם עו,,,נודלס רולטון בטעם עוף בשקית 60 גר,גרמים,60.00,100 גרם,false,1,2.90,4.8333,true,1,180489
4605496007517,false,נודלס רולטון בטעם בק,,,נודלס רולטון בטעם בקר בשקית 60 גר,גרמים,60.00,100 גרם,false,1,2.90,4.8333,true,1,180490
4605496007593,false,נודלס רולטון בטעם עו,,,נודלס רולטון בטעם עוף חריף בשקית 60 גר,גרמים,60.00,100 גרם,false,1,2.90,4.8333,true,1,180491
4605504512316,false,עוגיות עם אגוזים 200,סורמובסקי,,עוגיות עם אגוזים 200,גרמים,200.00,100 גרם,false,1,5.90,2.9500,true,1,174495
4605504512378,false,עוגיות שמנת 200 גר,סורמובסקי,,"עוגיות שמנת 200 ג""ר",גרמים,200.00,100 גרם,false,1,5.90,2.9500,true,1,174497
4605504512569,false,עוגיות קפה 200 גר,סורמובסקי,,"עוגיות קפה 200 ג""ר",גרמים,200.00,100 גרם,false,1,5.90,2.9500,true,1,174498
4605504512620,false,עוגיות עם ריבת חלב 2,סורמובסקי,,עוגיות עם ריבת חלב 2,גרמים,200.00,100 גרם,false,1,5.90,2.9500,true,1,174499
4605504513382,false,זפיר וניל אקסטרה 280,סורמובסקי,,זפיר וניל אקסטרה 280 גר,גרמים,280.00,100 גרם,false,1,11.90,4.2500,true,1,174500
4605504518646,false,זפיר וניל ורוד אקסטר,סורמובסקי,,זפיר וניל ורוד אקסטרה 280 גר,גרמים,280.00,100 גרם,false,1,11.90,4.2500,true,1,174502
4605516000115,false,בונבוניירה חלב ציפור,וורונזקה פבריקה,,בונבוניירה חלב ציפורי 300 גר,גרמים,300.00,100 גרם,false,1,29.90,9.9667,true,1,174503
4605516025538,false,זפיר וודוחנובניה סור,,,זפיר וודוחנובניה בטעם סורבה תפוז מצופה,גרמים,245.00,100 גרם,false,1,29.90,12.2041,true,1,198787
4605561010305,false,פילה הרינג עם שמיר בשמן חתיכות 500גר RS,,,חתיכות פילה הרינג עם שמיר בשמן 500 גר,גרמים,500.00,100 גרם,false,6,26.90,5.3800,true,1,194537
4605561010329,false,חתיכות פילה הרינג בט,,,חתיכות פילה הרינג בטעם מעושן בשמן 500 גר,גרמים,500.00,100 גרם,false,6,26.90,5.3800,true,1,194538
4605561010350,false,חתיכות פילה הרינג בש,,,חתיכות פילה הרינג בשמן פלסטיק 200 גר,גרמים,200.00,100 גרם,false,1,10.90,5.4500,true,1,192803
4605561011975,false,חתיכות פילה הרינג בשמן 150 גר RS,,,חתיכות פילה הרינג בשמן 150 גר,גרמים,150.00,100 גרם,false,1,7.90,5.2667,true,1,192802
4605561012613,false,פילה הרינג (קצוץ) בשמן 400 גר RS,,,פילה הרינג קצוץ בשמן 400 גר,גרמים,400.00,100 גרם,false,1,15.90,3.9750,true,1,192809
4605561013009,false,פילה הרינג בשמן 400 גר RS,,,פילה הרינג בשמן 400 גר,גרמים,400.00,100 גרם,false,1,15.90,3.9750,true,1,192808
4605622010237,false,בירה בוצונוק מלניק 4,אפיס ברברי,,"בירה בוצונוק מלניק 4.3% 450 מ""ל",מיליליטרים,450.00,"100 מ""ל",false,12,9.90,2.2000,true,1,188611
4606598000659,false,תבלין צמח ברבריס מגי,PROFAGROTECHNIKA,,"תבלינים ""מגיה ווסטוק",גרמים,15.00,100 גרם,false,1,2.90,19.3333,true,1,174508
4606598001335,false,תבלין לאורז מגיה ווס,PROFAGROTECHNIKA,,"תבלינים ""מגיה ווסטוק",גרמים,15.00,100 גרם,false,1,2.90,19.3333,true,1,174509
4606598001397,false,תבלין לתפוא מגיה ווס,PROFAGROTECHNIKA,,"תבלין ""מגיה ווסטוקה""",גרמים,15.00,100 גרם,false,1,2.90,19.3333,true,1,174513
4606598001427,false,תבלין לעוף מגיה ווסט,PROFAGROTECHNIKA,,"תבלין ""מגיה ווסטוקה""",גרמים,15.00,100 גרם,false,1,2.90,19.3333,true,1,174514
4606598001434,false,תבלין לבשר טחון קציצ,PROFAGROTECHNIKA,,"תבלין ""מגיה ווסטוקה""",גרמים,15.00,100 גרם,false,1,2.90,19.3333,true,1,174515
4606598001458,false,תבלין לשישליק מגיה ו,PROFAGROTECHNIKA,,"תבלין ""מגיה ווסטוקה""",גרמים,15.00,100 גרם,false,1,2.90,19.3333,true,1,174516
4606598003391,false,תבלין לבורשט סלק מגי,PROFAGROTECHNIKA,,"תבלין ""מגיה ווסטוקה""",גרמים,15.00,100 גרם,false,1,2.90,19.3333,true,1,174527
4606598003681,false,תבלין לגזר קוריאני מ,PROFAGROTECHNIKA,,"תבלין ""מגיה ווסטוקה""",גרמים,15.00,100 גרם,false,1,2.90,19.3333,true,1,174529
4606598006422,false,עלי דפנה 15 גר,,,עלי דפנה 15 גר,גרמים,15.00,100 גרם,false,1,2.90,19.3333,true,1,192781
4606598007054,false,פלפל קלאסיק טחון 10,PROFAGROTECHNIKA,,פלפל קלאסיק טחון 10 גר,גרמים,10.00,100 גרם,false,1,2.90,29.0000,true,1,185229
4606598007085,false,פלפל קלאסיק שלם 10 ג,PROFAGROTECHNIKA,,פלפל קלאסיק שלם 10 גר,גרמים,10.00,100 גרם,false,1,2.90,29.0000,true,1,185228
4606598007412,false,תבלין זירה מגיה ווסט,PROFAGROTECHNIKA,,"תבלינים ""מגיה ווסטוק",גרמים,15.00,100 גרם,false,1,2.90,19.3333,true,1,174530
4606598007603,false,תבלין קינמון טחון 15,PROFAGROTECHNIKA,,תבלין קינמון טחון 15 גר,גרמים,15.00,100 גרם,false,1,2.90,19.3333,true,1,174531
4606598007641,false,תבלין פלפל רייחני של,PROFAGROTECHNIKA,,"תבלין ""מגיה ווסטוקה""",גרמים,15.00,100 גרם,false,1,2.90,19.3333,true,1,177385
4606598010733,false,כוסמת בטעם בצל מטוגן,PROFAGROTECHNIKA,,כוסמת בטעם בצל מטוגן 40 גר,גרמים,40.00,100 גרם,false,1,3.90,9.7500,true,1,174534
4606598010740,false,כוסמת בטעם פטריות 40,,,כוסמת בטעם פטריות 40 גר,גרמים,40.00,100 גרם,false,1,3.90,9.7500,true,1,174535
4606598011358,false,פירה תפוא עם ירק 34,,,"פירה תפו""א עם ירק 34 גר",גרמים,34.00,100 גרם,false,1,3.90,11.4706,true,1,196570
4606598016001,false,תערובת תיבול לבשר על,PROFAGROTECHNIKA,,תערובת תיבול לבשר על האש 15 גר,גרמים,15.00,100 גרם,false,1,2.90,19.3333,true,1,185234
4606598016032,false,תערובת תיבול לדג על,PROFAGROTECHNIKA,,תערובת תיבול לדג על האש 15 גר,גרמים,15.00,100 גרם,false,1,2.90,19.3333,true,1,185236
4606599008883,false,חלב מרוכז ממותק בתוס,,,חלב מרוכז ממותק בתוספת שומן צמחי 370 גר,גרמים,370.00,100 גרם,false,45,9.90,2.6757,true,1,191564
4606599013320,false,חלב מרוכז ממותק בתוס,,,חלב מרוכז ממותק בתוספת שומן צמחי 500 גר,גרמים,500.00,100 גרם,false,12,10.90,2.1800,true,1,201496
4607001410317,false,רולדה אגדה תות שדה 2,רמנסקי,,רולדה אגדה תות שדה 200 גר,גרמים,200.00,100 גרם,false,1,6.90,3.4500,true,1,179459
4607001410324,false,רולדה אגדה פירות יער,רמנסקי,,רולדה אגדה פירות יער 200 גר,גרמים,200.00,100 גרם,false,1,6.90,3.4500,true,1,174538
4607001411666,false,רולדה אגדה ריבת חלב,,,רולדה אגדה ריבת חלב 200 גר,גרמים,200.00,100 גרם,false,1,6.90,3.4500,true,1,174539
4607001415442,false,עוגה אישית ארנבון במ,רמנסקי,,עוגה אישית ארנבון במילוי שוקולד 150 גר,גרמים,150.00,100 גרם,false,1,11.90,7.9333,true,1,179754
4607001416265,false,קקס בטעם תות 470 גר,רמנסקי,,קקס בטעם תות 470 גר,גרמים,470.00,100 גרם,false,1,15.90,3.3830,true,1,182098
4607001850359,false,פסטה טליאטלה 3 צבעים,,,פסטה טליאטלה 3 צבעים 450 גר,גרמים,450.00,100 גרם,false,9,9.90,2.2000,true,1,200988
4607001850571,false,פסטה בצורות שונות 45,,,פסטה בצורות שונות 450 גר,גרמים,450.00,100 גרם,false,28,5.90,1.3111,true,1,200985
4607002990290,false,מלפפונים  מוחמצים  ד,רוסקויי פולה אלבאשי,RU,מלפפון מוחמץ דיאדיה וניה 680 גר,גרמים,680.00,100 גרם,false,1,13.90,2.0441,true,1,184074
4607002990474,false,עגבניות מוחמצות  דאד,רוסקויי פולה אלבאשי,RU,עגבניות מוחמצות 680 גר,גרמים,680.00,100 גרם,false,1,13.90,2.0441,true,1,184846
4607002990481,false,עגבניות במיץ עגבניות,דדיה ואניה,,עגבניות במיץ עגבניות דיאדיה וניה 680 גר,גרמים,680.00,100 גרם,false,1,13.90,2.0441,true,1,184075
4607002991235,false,אסורטי מוחמץ דיאדיה,,,אסורטי מוחמץ דיאדיה וניה 1.8 ל,ליטרים,1.80,ליטר,false,1,29.90,16.6111,true,1,184751
4607002991358,false,מלפפון מוחמץ דיאדיה,,,מלפפון מוחמץ דיאדיה וניה 1.8 ל,ליטרים,1.80,ליטר,false,1,29.90,16.6111,true,1,184749
4607002991587,false,עגבניות מוחמץ דיאדיה,,,עגבניות מוחמץ דיאדיה וניה 1.8 ל,ליטרים,1.80,ליטר,false,1,29.90,16.6111,true,1,184750
4607002995868,false,"פלפלים ברוטב עגבניות ""לצ'ו""",דדיה ואניה,,לצו דיאדיה וניה 680 גר,גרמים,680.00,100 גרם,false,1,13.90,2.0441,true,1,184073
4607002997558,false,סלט פלפל אדום הונגרי,דדיה ואניה,,סלט הונגרי דיאדיה וניה 460 גר,גרמים,460.00,100 גרם,false,1,11.90,2.5870,true,1,184071
4607002998142,false,מלפפונים בחומץ דיאדי,,,מלפפונים בחומץ דיאדיה וניה 950 גר,גרמים,950.00,100 גרם,false,1,16.90,1.7789,true,1,195687
4607002999187,false,מלפפונים קורנישונים,,,עגבניות מוחמצות 680 גר,גרמים,680.00,100 גרם,false,1,13.90,2.0441,true,1,184742
4607002999286,false,קישואים באדזיקה דיאד,,,קישואים באדזיקה דיאדיה וניה 460 גר,גרמים,460.00,100 גרם,false,1,11.90,2.5870,true,1,184072
4607002999309,false,תבשיל שעועית ברוטב עגבניות,דדיה ואניה,,שעועית לבנה אפויה 480 גר,גרמים,480.00,100 גרם,false,1,11.90,2.4792,true,1,189621
4607002999323,false,ממרח חצילים 460 גרם,דדיה ואניה,,ממרח חצילים 460 גר,גרמים,460.00,100 גרם,false,1,11.90,2.5870,true,1,189625
4607002999620,false,כוסמת עם פטריות שמפי,,,כוסמת עם פטריות שמפיניון 460 גר,גרמים,460.00,100 גרם,false,1,11.90,2.5870,true,1,189622
4607011260230,false,עוגיות שיבולת שועל ח,לובימיי קראי,,עוגיות שיבולת שועל חווטי קא קלאסי 400 גר,גרמים,400.00,100 גרם,false,1,9.90,2.4750,true,1,180381
4607011260247,false,עוגיות שיבולת שועל ח,לובימיי קראי,,עוגיות שיבולת שועל חוואטי קא חלב 400 גר,גרמים,400.00,100 גרם,false,1,9.90,2.4750,true,1,180382
4607012350992,false,גרעיני חמניות מרטין,Martin,,גרעיני חמניות מרטין ללא מלח 100 גר,גרמים,100.00,100 גרם,false,1,6.90,6.9000,true,1,179063
4607012351005,false,מרטין גרעיני חמניות 200ג,"נארז ע""י : א.ג. גילר",RU,גרעיני חמנייה מרטין 200גר,גרמים,200.00,100 גרם,false,1,12.90,6.4500,true,1,177774
4607012351128,false,גרעיני חמניות קלויים,מרטין,,גרעיני חמניות מרטין 500גר,גרמים,500.00,100 גרם,false,1,29.90,5.9800,true,1,178009
4607012351791,false,סוחריקי מרטין גבינה,MARTIN,,סוחריקי מרטין גבינה 60גר,גרמים,60.00,100 גרם,false,1,4.90,8.1667,true,1,178012
4607012351807,false,סוחריקי מרטין בייקון,MARTIN,,סוחריקי מרטין בייקון 60גר,גרמים,60.00,100 גרם,false,1,4.90,8.1667,true,1,178011
4607012351821,false,סוחריקי מרטין ירק עם,MARTIN,,סוחריקי מרטין ירק עם שמנת 60גר,גרמים,60.00,100 גרם,false,1,4.90,8.1667,true,1,178010
4607012351951,false,גרעיני חמניות מרטין,Martin,,גרעיני חמניות מרטין עם מלח 100 גר,גרמים,100.00,100 גרם,false,1,6.90,6.9000,true,1,179064
4607012351999,false,גרעיני חמניות קלויים עם מלח,"נארז ע""י : א.ג. גילר",RU,גרעיני חמנייה מרטין עם מלח 200גר,גרמים,200.00,100 גרם,false,1,12.90,6.4500,true,1,178914
4607012352002,false,גרעיני דלעת מרטין 10,MARTIN,,גרעיני דלעת מרטין 100 גר,גרמים,100.00,100 גרם,false,1,12.90,12.9000,true,1,179364
4607012352095,false,גרעיני חמניות קלויים עם מלח,מרטין,,גרעיני חמניות מרטין עם מלח 500 גר,גרמים,500.00,100 גרם,false,1,29.90,5.9800,true,1,179975
4607012352538,false,גרעיני חמניות קלויים מיקס,מרטין,,גרעיני חמניות מרטין מיקס 200 גר,גרמים,200.00,100 גרם,false,1,12.90,6.4500,true,1,184744
4607012352606,false,גרעיני חמניות קלויים מיקס,מרטין,,גרעיני חמניות מרטין מיקס 200 גר,גרמים,200.00,100 גרם,false,1,12.90,6.4500,true,1,185099
4607012352804,false,בוטנים קלופים קלויים,,,בוטנים קלופים קלויים מרטין עם מלח 100 גר,גרמים,100.00,100 גרם,false,20,6.90,6.9000,true,1,190447
4607012352927,false,בוטנים מרטין קלויים,MARTIN,,גרעיני חמניות מרטין בלי מלח 200 גר,גרמים,200.00,100 גרם,false,14,12.90,6.4500,true,1,190878
4607012353382,false,גרעיני חמניות לבן מר,,,גרעיני חמניות לבן מרטין עם מלח 250 גר,גרמים,250.00,100 גרם,false,1,14.90,5.9600,true,1,199631
4607012353702,false,גרעיני חמניות פסים מ,,,גרעיני חמניות פסים מרטין עם מלח 250 גר,גרמים,250.00,100 גרם,false,1,14.90,5.9600,true,1,203696
4607014782111,false,שמן חמניות בלאגו לא,קליסה,,"שמן חמניות ""בלאגו"" ל",מיליליטרים,1000.00,"100 מ""ל",false,1,21.90,2.1900,true,1,174561
4607016240398,false,סולת 700 גר,אובלקה,,"סולת 700 גר""",גרמים,700.00,100 גרם,false,1,9.90,1.4143,true,1,174563
4607016240893,false,כוסמת 800 גר,אובלקה,,כוסמת 800 גר,גרמים,800.00,100 גרם,false,1,16.90,2.1125,true,1,174569
4607016240923,false,גריסי שעורה 600 גר,אובלקה,,גריסי שעורה 600גר,גרמים,600.00,100 גרם,false,1,8.90,1.4833,true,1,174571
4607016241104,false,גריסי פנינה 80 גר חמ,אובלקה,,"גריסי פנינה 80 גר"" ח",גרמים,400.00,100 גרם,false,1,8.90,2.2250,true,1,174573
4607016243047,false,שיבולת שועל עם תות 2,אובלקה,,שיבולת שועל עם תות 200 גר,גרמים,200.00,100 גרם,false,1,13.90,6.9500,true,1,174576
4607016243139,false,שיבולת שועל עם פטל 2,אובלקה,,שיבולת שועל עם פטל 200 גר,גרמים,200.00,100 גרם,false,1,13.90,6.9500,true,1,174579
4607016243191,false,שיבולת שועל עם אוכמנ,אובלקה,,שיבולת שועל עם אוכמניות 200 גר,גרמים,200.00,100 גרם,false,1,13.90,6.9500,true,1,174581
4607016245171,false,שיבולת שועל אסורטי 5,אובלקה,,דייסה שיבולת שועל אסורטי 5 טעמים,גרמים,200.00,100 גרם,false,1,13.90,6.9500,true,1,196653
4607016245461,false,קטניות גריסי חיטה 80,אובלקה,,קטניות גריסי חיטה 80 גר חמישייה,גרמים,400.00,100 גרם,false,1,10.90,2.7250,true,1,180928
4607016245485,false,קטניות כוסמת 80 גר ח,אובלקה,,קטניות כוסמת 80 גר חמישייה,גרמים,400.00,100 גרם,false,1,12.90,3.2250,true,1,180931
4607016245584,false,פתיתי כוסמת אובלקה 4,אובלקה,,פתיתי כוסמת אובלקה 400 גר,גרמים,400.00,100 גרם,false,1,16.90,4.2250,true,1,181412
4607016245805,false,שיבולת שועל עם תערוב,אובלקה,,דייסה שיבולת שועל עם תערובת פירות יער 5,גרמים,200.00,100 גרם,false,1,13.90,6.9500,true,1,180923
4607016246031,false,פתיתי שיבולת שועל דק,,,שיבולת שועל שקה להכנה מיידית 500 גר,גרמים,500.00,100 גרם,false,1,9.90,1.9800,true,1,185095
4607016246444,false,NH פתיתי כוסמת 500 ג,,,NH פתיתי כוסמת 500 גר,גרמים,500.00,100 גרם,false,1,12.90,2.5800,true,1,193060
4607016247359,false,דייסת שיבולת שועל עם,,,דייסת שיבולת שועל עם ענבי שועל חמישייה,גרמים,200.00,100 גרם,false,1,9.90,4.9500,true,1,192729
4607016247373,false,דייסת שיבולת שועל עם,,,דייסת שיבולת שועל עם פטל חמישייה,גרמים,200.00,100 גרם,false,1,9.90,4.9500,true,1,192730
4607016247397,false,דייסת שיבולת שועל עם,,,דייסת שיבולת שועל עם תות שדה חמישייה,גרמים,200.00,100 גרם,false,1,9.90,4.9500,true,1,192731
4607016247410,false,דייסת שיבולת שועל עם,,,דייסת שיבולת שועל עם משמש חמישייה,גרמים,200.00,100 גרם,false,1,9.90,4.9500,true,1,192732
4607016310251,false,רוטב טקמלי קינטו קלא,אואואו דרסיל,,רוטב טקמלי קינטו קלאסיק 300גר,גרמים,300.00,100 גרם,false,1,17.90,5.9667,true,1,178805
4607016310268,false,רוטב טקמלי קינטו ירו,אואואו דרסיל,,רוטב טקמלי קינטו ירוק 300גר,גרמים,300.00,100 גרם,false,1,17.90,5.9667,true,1,178807
4607018271727,false,בלינציס במילוי מחית,,,בלינציס במילוי מחית תות 360 גר,גרמים,360.00,100 גרם,false,1,11.90,3.3056,true,1,176071
4607018271758,false,בלינציס במילוי דובדב,,,בלינציס במילוי דובדבנים 360 גר,גרמים,360.00,100 גרם,false,1,11.90,3.3056,true,1,176097
4607018271765,false,בלינציס במילוי גבינה,לינה,,בלינציס במילוי גבינה לבנה 360 גר,גרמים,360.00,100 גרם,false,1,11.90,3.3056,true,1,179313
4607018271819,false,בלינציס 450 גר,,,בלינציס 450 גר,גרמים,450.00,100 גרם,false,1,16.90,3.7556,true,1,176073
4607018272854,false,בלינציס ריק 360 גר,לינה,,בלינציס ריק 360 גר,גרמים,360.00,100 גרם,false,1,11.90,3.3056,true,1,179314
4607018272885,false,פנקייק עם צימוקים 28,,,פנקייק עם צימוקים 280 גר,גרמים,280.00,100 גרם,false,1,11.90,4.2500,true,1,176797
4607018275152,false,בלינציס ריק להכנת ממ,לינה,,בלינציס ריק להכנת ממולאים 310 גר,גרמים,310.00,100 גרם,false,1,11.90,3.8387,true,1,179315
4607018276890,false,בלינציס במילוי מחית,לינה,,בלינציס במילוי מחית אוכמניות שחורות 360,גרמים,360.00,100 גרם,false,1,11.90,3.3056,true,1,193970
4607018277736,false,בלינצס במילוי מחית פ,,,בלינצס במילוי מחית פטל לינה 360 גר,גרמים,360.00,100 גרם,false,1,11.90,3.3056,true,1,192560
4607018771791,false,מים מינרליים טבעיים,טסטי פוד,RU,מים מינרליים טבעיים מוגז יסינטוקי מס 17,מיליליטרים,450.00,"100 מ""ל",false,20,9.90,2.2000,true,1,201749
4607018771821,false,מים מינרליים טבעיים,טסטי פוד,RU,מים מינרליים טבעיים מוגזים יסינטוקי מס 4,מיליליטרים,450.00,"100 מ""ל",false,20,9.90,2.2000,true,1,201748
4607023791029,false,קוויאר אדום 95 גר,א.ר.ד.י.ו,,קוויאר פחיות 95 גרם,גרמים,95.00,100 גרם,false,1,34.90,36.7368,true,1,174585
4607024891773,false,צנימים סלמון וגבינה,קה דה בה,,צנימים סלמון וגבינה 100 גר,גרמים,100.00,100 גרם,false,1,4.90,4.9000,true,1,179553
4607024891797,false,צנימים ביקון 100 גר,קה דה בה,,צנימים ביקון 100 גר,גרמים,100.00,100 גרם,false,1,4.90,4.9000,true,1,179551
4607024891827,false,צנימים חולודץ 100 גר,קה דה בה,,צנימים חולודץ 100 גר,גרמים,100.00,100 גרם,false,1,4.90,4.9000,true,1,179552
4607025280019,false,קמח 2 קג,אובלקה,,"קמח 2 ק""ג",גרמים,2000.00,100 גרם,false,1,20.90,1.0450,true,1,174586
4607025280026,false,קמח חיטה 1 קג,אובלקה,,"קמח חיטה 1 ק""ג",גרמים,1000.00,100 גרם,false,1,10.90,1.0900,true,1,174587
4607026342341,false,יין מבעבע לבן חצי מת,,,יין מבעבע לבן חצי מתוק אבראו דורסו 750,מיליליטרים,750.00,"100 מ""ל",false,1,39.90,5.3200,true,1,198026
4607026342761,false,יין מבעבע לבן חצי יב,,,יין מבעבע לבן חצי יבש אבראו דורסו 750 מל,מיליליטרים,750.00,"100 מ""ל",false,1,39.90,5.3200,true,1,198023
4607029053091,false,תבשיל ירקות ראגו הונ,,,תבשיל ירקות ראגו הונגרי קובנוצקה 500 גר,גרמים,500.00,100 גרם,false,1,14.90,2.9800,true,1,201047
4607029053428,false,ממרח סלק קובנוצקה 50,,,ממרח סלק קןבנוצקה 500 גר,גרמים,500.00,100 גרם,false,1,14.90,2.9800,true,1,203476
4607029053770,false,תערובת מלפפון ועגבני,,,תערובת מלפפון ועגבניה בחומץ קובנוצקה,גרמים,720.00,100 גרם,false,1,14.90,2.0694,true,1,201051
4607030830490,false,פופקורן למיקרו 99 גרם - חמאה,,,פופקורן בטעם חמאה 99 גר,גרמים,99.00,100 גרם,false,15,3.90,3.9394,true,1,189484
4607030830520,false,פופקורן עם מלח 99 גר,,,פופקורן עם מלח 99 גר,גרמים,99.00,100 גרם,false,15,3.90,3.9394,true,1,189486
4607036201331,false,ממרח חצילים מטוגנים,וקוסני פרודוקט,,ממרח חצילים מטוגנים 545 גר,גרמים,545.00,100 גרם,false,1,12.90,2.3670,true,1,185149
4607036201348,false,ממרח קישואים מטוגנים,וקוסני פרודוקט,,ממרח קישואים מטוגנים 545 גר,גרמים,545.00,100 גרם,false,1,12.90,2.3670,true,1,185150
4607037431188,false,זפיר לאנז מצופה שוקו,NEVA,,זפיר מצופה שוקולד 45,גרמים,450.00,100 גרם,false,1,27.90,6.2000,true,1,174594
4607037431225,false,זפיר ורוד לבן 420 גר,NEVA,,"זפיר ורוד לבן 420 ג""",גרמים,420.00,100 גרם,false,9,19.90,4.7381,true,1,174596
4607037431300,false,זפיר וניל 420 גר,NEVA,,זפיר וניל 420 גר,גרמים,420.00,100 גרם,false,1,19.90,4.7381,true,1,174597
4607037435797,false,ממתק מוקצף בטעם וניל,פנזה,,ממתק מוקצף בטעם וניל וחתיכות מרמלדה 220,גרמים,220.00,100 גרם,false,1,11.90,5.4091,true,1,196629
4607037437296,false,פסטילה וניל 200 גר,NEVA,,פסטילה וניל 200 גרי,גרמים,200.00,100 גרם,false,1,11.90,5.9500,true,1,177256
4607038061018,false,שימורי גורבושה טבעי,ווו רוסיה פישינג וור,,שימורי גורבושה טבעי 250 גר,גרמים,250.00,100 גרם,false,1,13.90,5.5600,true,1,175797
4607038061056,false,שימורי קלמר 250 גר,ווו רוסיה פישינג וור,,שימורי קלמר 250 גר,גרמים,250.00,100 גרם,false,1,14.90,5.9600,true,1,174601
4607041230647,false,צנימים מיני פוסולסקי,וופלשניה,,צנימים מיני פוסולסקי צימוקים 250 גר,גרמים,250.00,100 גרם,false,1,8.90,3.5600,true,1,178109
4607041232641,false,צנימים בטעם וניל פוס,וופלשניה,,צנימים בטעם וניל פוסולסקי 300 גר,גרמים,300.00,100 גרם,false,1,10.90,3.6333,true,1,183691
4607041232689,false,כעכים פוסולסקי מליוט,וופלשניה,,כעכים פוסולסקי מליוטקה עם פרג 200 גר,גרמים,200.00,100 גרם,false,1,5.90,2.9500,true,1,182919
4607041232757,false,כעכים פוסולסקי מליוט,וופלשניה,,כעכים פוסולסקי מליוטקה 200 גר,גרמים,200.00,100 גרם,false,1,5.90,2.9500,true,1,182917
4607041232764,false,כעכים פוסולסקי מליוט,וופלשניה,,כעכים פוסולסקי מליוטקה טעם וניל 200 גר,גרמים,200.00,100 גרם,false,1,5.90,2.9500,true,1,182918
4607044600027,false,רוטב עשן קלאסיק 330,,,רוטב עשן קלאסיק 330,מיליליטרים,330.00,"100 מ""ל",false,1,21.90,6.6364,true,1,174608
4607045602501,false,מלפפונים במלח וגדה 5,,,מלפפונים במלח וגדה 580 גר,גרמים,580.00,100 גרם,false,1,7.90,1.3621,true,1,209266
4607051158221,false,תה שחור ארל גריי 20,או א.או מאי קומפני,,תה ארל גריי 34 גר,גרמים,34.00,100 גרם,false,1,12.90,37.9412,true,1,179556
4607051158269,false,תה שחור סאנני לינון,או א.או מאי קומפני,,תה לימון 34 גר,גרמים,34.00,100 גרם,false,1,12.90,37.9412,true,1,179557
4607051158481,false,תה ירוק 20 שקיקים,או א.או מאי קומפני,,תה מוחיטו 34 גר,גרמים,34.00,100 גרם,false,1,12.90,37.9412,true,1,179560
4607051158672,false,תה קורטיס ברייס 34 ג,או א.או מאי קומפני,,תה קורטיס ברייס 34 גר,גרמים,34.00,100 גרם,false,1,12.90,37.9412,true,1,179561
4607051159945,false,תה RICHARD ROYAL CEY,או א.או מאי קומפני,,תה RICHARD ROYAL CEYLON 100,Unknown,0.00,Unknown,false,1,21.90,0.0000,true,1,184447
4607054450810,false,גרעיני חמניות עם מלח,,,גרעיני חמניות עם מלח 200 גר,גרמים,200.00,100 גרם,false,1,10.90,5.4500,true,1,198912
4607054450841,false,גרעינים שחורים מטוגנ,,,"גרעינים שחורים מטוגנ ""סטאניצ""ניה"" 400 גר",גרמים,400.00,100 גרם,false,1,24.90,6.2250,true,1,176866
4607054450988,false,גרעיני דלעת סטאניצני,אגרוסויוז,,גרעיני דלעת סטאניצניה קלויים עם מלח 200,גרמים,200.00,100 גרם,false,1,27.90,13.9500,true,1,183838
4607054451718,false,גרעינים טמבובסקי וול,או.או.או אגרוסווז,,גרעינים טמבובסקי וולק 230 גר,גרמים,230.00,100 גרם,false,1,11.90,5.1739,true,1,179887
4607054451732,false,גרעינים XXL טמבובסקי,או.או.או אגרוסווז,,גרעינים טמבובסקי וולק XXL,גרמים,400.00,100 גרם,false,1,15.90,3.9750,true,1,179889
4607054451831,false,גרעינים טמבובסקי וול,או.או.או אגרוסווז,,גרעינים טמבובסקי וולק עם מלח 200 גר,גרמים,200.00,100 גרם,false,1,11.90,5.9500,true,1,179888
4607054452371,false,גרעיני חמניות קלויים,,,גרעיני חמניות קלויים סטניצניה 250 גר,גרמים,250.00,100 גרם,false,1,17.90,7.1600,true,1,183695
4607054452395,false,גרעיני דלעת קלויים 2,אגרוסויוז,RU,גרעיני דלעת קלויים 200 גר,גרמים,200.00,100 גרם,false,15,22.90,11.4500,true,1,185685
4607054452418,false,גרעיני חמניות קלויים,אגרוסויוז,RU,גרעיני חמניות קלויים 400 גר,גרמים,400.00,100 גרם,false,10,19.90,4.9750,true,1,185682
4607054452579,false,גרעיני חמניות קלויים,אגרוסויוז,RU,גרעיני חמניות קלויים ומלוחים 400 גר,גרמים,400.00,100 גרם,false,10,19.90,4.9750,true,1,185683
4607054453255,false,גרעיני חמניות קלויים,אגרוסויוז,RU,גרעיני חמניות קלויים 250 גר,גרמים,250.00,100 גרם,false,15,11.90,4.7600,true,1,185684
4607056587507,false,משקה לתת מוגז חבית צ,,RU,משקה לתת מוגז חבית צהובה 1.5 ל,ליטרים,1.50,ליטר,false,6,17.90,11.9333,true,1,193171
4607065411329,false,פטריות מסליאטה פוסול,,CN,"פטריות מסלטה 680 גר""",גרמים,680.00,100 גרם,false,6,14.90,2.1912,true,1,174618
4607065411343,false,פטריות אסורטי פוסולס,,CN,פטריות אסורטי 680 גר,גרמים,680.00,100 גרם,false,6,14.90,2.1912,true,1,174619
4607065580070,false,אטריות דושירק להכנה,,,"לפשה ""קוויסטי"" בקר",גרמים,70.00,100 גרם,false,1,2.90,4.1429,true,1,174621
4607065580087,false,אטריות דושירק להכנה,,,"לפשה ""קוויסטי"" עוף",גרמים,70.00,100 גרם,false,1,2.90,4.1429,true,1,174622
4607065580094,false,אטריות דושירק להכנה,,,"לפשה ""קוויסטי"" פטריו",גרמים,70.00,100 גרם,false,1,2.90,4.1429,true,1,174623
4607065580193,false,איטריות דושירק בטעם,,,"איטריות ""דושירק"" עגל",גרמים,90.00,100 גרם,false,1,8.90,9.8889,true,1,174625
4607065580209,false,תבשיל איטריות דושירק,,,"איטריות ""דושירק"" עוף",גרמים,90.00,100 גרם,false,1,8.90,9.8889,true,1,174626
4607065580216,false,איטריות דושירק בטעם,,,"איטריות ""דושירק"" בקר",גרמים,90.00,100 גרם,false,1,8.90,9.8889,true,1,174627
4607065580223,false,איטריות דושירק בטעם,,,"איטריות ""דושירק"" עוף",גרמים,90.00,100 גרם,false,1,8.90,9.8889,true,1,174628
4607065580230,false,איטריות דושירק בטעם,,,"איטריות ""דושירק"" פטר",גרמים,90.00,100 גרם,false,1,8.90,9.8889,true,1,174629
4607065580247,false,איטריות דושירק בטעם,,,"איטריות ""דושירק"" בטע",גרמים,90.00,100 גרם,false,1,8.90,9.8889,true,1,174630
4607065580353,false,תבשיל איטריות דושירק,,,"איטריות ""דושירק"" קימ",גרמים,90.00,100 גרם,false,1,8.90,9.8889,true,1,174634
4607065580575,false,אטריות דושיראק להכנה,DOSHIRAK,,אטריות דושיראק להכנה מהירה בטעם בקר 110,גרמים,110.00,100 גרם,false,1,11.90,10.8182,true,1,182695
4607084351385,false,עוגיות שוקו פאי 360,,,עוגיות שוקו פאי 360 גר,גרמים,360.00,100 גרם,false,1,15.90,4.4167,true,1,180154
4607084352061,false,עוגיות שוקו פאי קקאו,לוט.ק.פ,RU,עוגיות שוקו פאי קקאו 360 גר,גרמים,360.00,100 גרם,false,8,15.90,4.4167,true,1,187433
4607084352245,false,עוגיות שוקו פאי דובד,לוט.ק.פ,RU,עוגיות שוקו פאי דובדבן 360 גר,גרמים,360.00,100 גרם,false,8,15.90,4.4167,true,1,193619
4607084352313,false,עוגיות שוקו פאי פטל,לוט.ק.פ,RU,עוגיות שוקו פאי פטל 360 גר,גרמים,360.00,100 גרם,false,8,15.90,4.4167,true,1,192902
4607084352511,false,עוגיות שוקו פאי אוכמ,לוט.ק.פ,RU,עוגיות שוקו פאי אוכמניות שחורות 360 גר,גרמים,360.00,100 גרם,false,8,15.90,4.4167,true,1,192901
4607084352542,false,עוגיות שוקו פאי מנגו,לוט.ק.פ,RU,עוגיות שוקו פאי מנגו 360 גר,גרמים,360.00,100 גרם,false,8,15.90,4.4167,true,1,193620
4607084352931,false,עוגיות שוקו פאי תפוח,לוט.ק.פ,RU,עוגיות שוקו פאי תפוח 360 גר,גרמים,360.00,100 גרם,false,8,15.90,4.4167,true,1,202196
4607084353150,false,עוגיות שוקו פאי קרמל,,,עוגיות שוקו פאי קרמל 360 גר,גרמים,360.00,100 גרם,false,1,18.90,5.2500,true,1,205888
4607084353457,false,עוגיות שוקו פאי 360,,,עוגיות שוקו פאי 360 גר,גרמים,360.00,100 גרם,false,1,18.90,5.2500,true,1,205885
4607086730423,false,גרעיני חמניות קלויים,KARPAY,,גרעיני חמניות קלויים 200 גר,גרמים,200.00,100 גרם,false,24,12.90,6.4500,true,1,187757
4607097074769,false,כוסמת אלטייסקיה סקאז,מלניצ'ני קומפלקס,,"כוסמת ""אלטייסקיה סקא",גרמים,800.00,100 גרם,false,1,14.90,1.8625,true,1,174641
4607099091689,false,פופקורן בטעם חלב מרו,,,פופקורן בטעם חלב מרוכז 99 גר,גרמים,99.00,100 גרם,false,15,3.90,3.9394,true,1,189483
4607109409619,false,פיניש טבליות 25 יח' ALL IN 1,הדקלאים אגודת שיתופי,PL,טבליות מדיח פיניש אול אין וואן 25 יח,Unknown,0.00,Unknown,false,1,26.90,0.0000,true,1,181345
4607116765500,false,חמוציות מרוסקות 570,,,חמוציות מרוסקות 570 גר,גרמים,570.00,100 גרם,false,1,18.90,3.3158,true,1,182660
4607116766064,false,אוכמניות אדומות מרוס,,,אוכמניות אדומות מרוסקות 570 גר,גרמים,570.00,100 גרם,false,1,18.90,3.3158,true,1,205166
4607116766187,false,שעועית אדומה ברוטב ע,,,שעועית אדומה ברוטב עגבניות 360 גר,גרמים,360.00,100 גרם,false,1,9.90,2.7500,true,1,203327
4607116767696,false,שעועית לבנה ברוטב עג,,,שעועית לבנה ברוטב עגבניות 360 גר,גרמים,360.00,100 גרם,false,1,9.90,2.7500,true,1,203330
4607117890843,false,סוכ. קרמל רקובה שייק,,,סוכ. קרמל רקובה שייקה 250 גר,גרמים,250.00,100 גרם,false,20,13.90,5.5600,true,1,186883
4607117890904,false,סוכ לסטוצקה 250 גר,רוט פרונט,,סוכ לסטוצקה 250גר,גרמים,250.00,100 גרם,false,1,13.90,5.5600,true,1,177379
4607117890973,false,בוטונציק רוט פרונט 2,רוט פרונט,,בוטונציק רוט פרונט 250גר,גרמים,250.00,100 גרם,false,1,14.90,5.9600,true,1,177381
4607126190064,false,פת פריכה ילזבטה מקמח,,,פת פריכה ילזבטה מקמח שיפון 75 גר,גרמים,75.00,100 גרם,false,1,8.90,11.8667,true,1,185647
4607132826094,false,קוזינאקי חמניות טימו,,,קוזינאקי חמניות טימושה 150 גר,גרמים,150.00,100 גרם,false,1,6.90,4.6000,true,1,198442
4607163091607,false,מיץ דובדבן ותפוחים 1,,,מיץ דובדבן ותפוחים 1 ל,ליטרים,1.00,ליטר,false,1,13.90,13.9000,true,1,203531
4607163093038,false,מיץ תפוע ואגסים 1 ל,,,מיץ תפוע ואגסים 1 ל,ליטרים,1.00,ליטר,false,1,13.90,13.9000,true,1,203534
4607167190054,false,ריבת אימפריה תות שדה,אימפריה ג'מוב,,"ריבת אימפריה תות שדה 1 ק""ג",קילוגרמים,1.00,"ק""ג",false,1,36.90,36.9000,true,1,183827
4607174180017,false,עוגיות סוכר בטעם שמנ,,RU,עוגיות מורוזובה בטעם שמנת 430 גר,גרמים,430.00,100 גרם,false,25,15.90,3.6977,true,1,185007
4607174184244,false,עוגיות סוכר בטעם גבי,,RU,עוגיות בטעם גבינה לבנה 430 גר,גרמים,430.00,100 גרם,false,25,15.90,3.6977,true,1,188504
4607174184725,false,עוגיות בטעם ריבת חלב,,,עוגיות בטעם ריבת חלב 430 גר,גרמים,430.00,100 גרם,false,1,15.90,3.6977,true,1,188503
4607174188037,false,עוגיות שיבולת שועל ק,,RU,עוגיות שיבולת שועל קלאסיק 300 גר,גרמים,300.00,100 גרם,false,9,15.90,5.3000,true,1,201058
4607931605234,false,משקה לימונד 500 מל,RASSVET,,"משקה ""לימונד"" 0.5 ל",מיליליטרים,500.00,"100 מ""ל",false,1,9.90,1.9800,true,1,178771
4607931605654,false,משקה מוחיטו 500 מל,משקה,,"משקה מוחיטו 500 מ""ל",מיליליטרים,500.00,"100 מ""ל",false,1,9.90,1.9800,true,1,179080
4607952850156,false,קוויאר אדום צנצנת זכ,,,קוויאר אדום צנצנת זכוכית 230 גר,גרמים,230.00,100 גרם,false,1,129.90,56.4783,true,1,203967
4610007300131,false,קמח טיחורצקיה 1 קג,,,קמח טיחורצקיה 1 קג,קילוגרמים,1.00,"ק""ג",false,1,9.90,9.9000,true,1,205994
4610007300179,false,קמח חיטה טיחורצקיה 2,,,קמח חיטה טיחורצקיה 2 קג,קילוגרמים,2.00,"ק""ג",false,1,15.90,7.9500,true,1,205867
4610017688793,false,בירה כהה מרוצינוה 50,חברה פרטית מבשלת ביר,,בירה כהה מרוצינוה 500 מל,מיליליטרים,500.00,"100 מ""ל",false,1,11.90,2.3800,true,1,203987
4610018570455,false,קוויאר אדום צנצנת זכ,,,קוויאר אדום צנצנת זכוכית 500 גר,גרמים,500.00,100 גרם,false,1,259.90,51.9800,true,1,203968
4610028130052,false,וודקה לג'נד אוף קרמלין Legend of Kremlin,לג'נד אוף קרמלין,,וודקה לגנד אוף קרמלין 700,מיליליטרים,700.00,"100 מ""ל",false,1,99.90,14.2714,true,1,185598
4610028891724,false,ריבה חבושים 440 גר,,,ריבה חבושים 440 גר,גרמים,440.00,100 גרם,false,1,15.90,3.6136,true,1,196870
4610028891748,false,ריבה תאנים 440 גר,,,ריבה תאנים 440 גר,גרמים,440.00,100 גרם,false,1,15.90,3.6136,true,1,196874
4610028891823,false,ריבה אגוזי מלך 440 ג,,,ריבה אגוזי מלך 440 גר,גרמים,440.00,100 גרם,false,1,15.90,3.6136,true,1,196872
4610082860056,false,דייסת 5 דגנים עם דבש,אובלקה,,דייסת 5 דגנים עם דבש ואגוזים 200 גר,גרמים,200.00,100 גרם,false,1,13.90,6.9500,true,1,207367
4612497002199,false,פטריות לבנות פורציני,,,פטריות לבנות פורציני קפוא 300 גר,גרמים,300.00,100 גרם,false,1,26.90,8.9667,true,1,189136
4620004252074,false,מרמלד גילי בטעם דובד,אזוב,RU,מרמלד גילי בטעם דובדבן 300 גר,גרמים,300.00,100 גרם,false,1,12.90,4.3000,true,1,178676
4620015850351,false,תה ירוק אוגו קוקטייל,או א.או מאי קומפני,,תה מאיסקי ירוק חוגו קוקטייל 20 שק,Unknown,0.00,Unknown,false,1,12.90,0.0000,true,1,179886
4620015851044,false,תה לבן קורטיס 34 גר,או א.או מאי קומפני,,תה לבן קורטיס 34 גר,גרמים,34.00,100 גרם,false,1,12.90,37.9412,true,1,182589
4620015851068,false,תה שחור קורטיס טרופל,זא א או מאי קומפני,,תה שחור קורטיס טרופל 36 גר,גרמים,36.00,100 גרם,false,1,12.90,35.8333,true,1,181247
4620015851884,false,תה שחור ריצארד רויאל,או א.או מאי קומפני,,תה שחור RICHARD ROYAL LIME+MINT,גרמים,34.00,100 גרם,false,1,12.90,37.9412,true,1,183771
4620015852553,false,תה שחור קורטיס אוכמנ,או א.או מאי קומפני,,תה שחור CURTIS BLUE BERRIES,גרמים,36.00,100 גרם,false,1,12.90,35.8333,true,1,183768
4620015853031,false,תה שחור ריצרד רואיל,או א.או מאי קומפני,,תה שחור ריצרד רואיל הל 25 גר,גרמים,25.00,100 גרם,false,12,12.90,51.6000,true,1,186107
4620015854779,false,תה שחור קרטיס מנגו ו,קאן אגריטך פרייבט למ,,תה שחור קרטיס מנגו ופירות 20 שק,Unknown,0.00,Unknown,false,1,12.90,0.0000,true,1,204688
4623721523458,false,זפיר בטעם שמנת 420 ג,פטרבורג.קונדיטר,,זפיר בטעם שמנת 420 גר,גרמים,420.00,100 גרם,false,1,14.90,3.5476,true,1,180771
4623721717444,false,זפיר בטעם תפוח עץ יר,פטרבורג.קונדיטר,,זפיר בטעם תפוח עץ ירוק 420 גר,גרמים,420.00,100 גרם,false,1,14.90,3.5476,true,1,180768
4630016490074,false,משקה מוגז סן סלוויה,SAN SLAVIA,,משקה מוגז סן סלוויה לימון ליים 500מל,מיליליטרים,500.00,"100 מ""ל",false,1,9.90,1.9800,true,1,179931
4630016490135,false,משקה מוגז סן סלוויה,SAN SLAVIA,,משקה מוגז סן סלוויה מוחיטו תות 500מל,מיליליטרים,500.00,"100 מ""ל",false,1,9.90,1.9800,true,1,179930
4630038370828,false,עגבניות כבושות במלח,,,עגבניות כבושות במלח ואניה 950 גר,גרמים,950.00,100 גרם,false,1,16.90,1.7789,true,1,200634
4630049326746,false,שמן חמניות בראביטה 8,,,שמן חמניות בראביטה 870 מל,מיליליטרים,870.00,"100 מ""ל",false,,12.90,1.4828,true,1,204617
4630073800069,false,בלינצס קפוא במילוי מ,,,בלינצס קפוא במילוי מחית דובדבן לינה 350,גרמים,350.00,100 גרם,false,1,11.90,3.4000,true,1,193967
4630073800076,false,בלינצס קפוא במילוי ח,,,בלינצס קפוא במילוי חלב מרוכז לינה 350 גר,גרמים,350.00,100 גרם,false,1,11.90,3.4000,true,1,193968
4630073800083,false,בלינצס קפוא בטעם גבי,,,בלינצס קפוא בטעם גבינה לבנה לינה 350 גר,גרמים,350.00,100 גרם,false,1,11.90,3.4000,true,1,193969
4640001890031,false,סודה לשתיה 500 גר,או או או בשקיריה,,"סודה לשתיה 500 גר""",גרמים,500.00,100 גרם,false,1,7.90,1.5800,true,1,177383
4640018993343,false,פיניש קואנטום קפסולות ג'יל רגיל 30 יחי,רקיט בנקיזר,PL,פיניש קוואנטום 30 יח קפסולות גל למדיח,Unknown,0.00,Unknown,false,1,39.90,0.0000,true,1,192878
4640018993350,false,קפסולות למדיח פיניש קוואנטום לימון 30 יח',רקיט בנקיזר,PL,פיניש קוואנטום 30 יח קפסולות גל למדיח ל,Unknown,0.00,Unknown,false,1,39.90,0.0000,true,1,192879
4640018993398,false,קפסולות ג'יל רגיל קואנטום 60 יח' פיניש,רקיט בנקיזר,PL,גל קפסולות פיניש קוואנטום 60 יח,Unknown,0.00,Unknown,false,1,54.90,0.0000,true,1,193596
4650056310217,false,שימורי כרוב ים 220 ג,,,שימורי כרוב ים 220 גר,גרמים,220.00,100 גרם,false,1,5.90,2.6818,true,1,199623
4650117680020,false,פיתה קראנץ לבשיקי בט,,,פיתה קראנץ לבשיקי בטעם נקניקיות שום 110,גרמים,110.00,100 גרם,false,1,5.80,5.2727,true,1,192326
4650117680037,false,פיתה קראנץ לבשיקי בט,,,פיתה קראנץ לבשיקי בטעם בצל ירוק 110 גר,גרמים,110.00,100 גרם,false,1,5.80,5.2727,true,1,192325
4660007024575,false,משקה מורס בטעם אוכמנ,,,משקה מורס בטעם אוכמניות שחורות 1 ל,ליטרים,1.00,ליטר,false,1,16.90,16.9000,true,1,207817
4660011131023,false,עוגה פלומביר 750 ג' Plombir,,,עוגה פלומביר 750 גר,גרמים,750.00,100 גרם,false,1,55.90,7.4533,true,1,205028
4660011134499,false,עוגה פתיציה מולוקו 4,,,עוגה פתיציה מולוקו 400 גר,גרמים,400.00,100 גרם,false,1,39.90,9.9750,true,1,205026
4660011135120,false,סט עוגות אישיות ריבת חלב 300 ג',,,סט עוגות אישיות ריבת חלב 300 גר,גרמים,300.00,100 גרם,false,1,25.90,8.6333,true,1,205025
4660047661723,false,ממרח פטה עם כבד עוף,,,ממרח פטה עם כבד עוף 100 גר,גרמים,100.00,100 גרם,false,1,5.90,5.9000,true,1,187845
4660047661730,false,ממרח פטה עם כבד אווז,,,ממרח פטה עם כבד אווז 100 גר,גרמים,100.00,100 גרם,false,1,5.90,5.9000,true,1,187846
4660115904431,false,תה ירוק קרטיס 20 שק,קאן אגריטך פרייבט למ,,תה ירוק קרטיס 20 שק,Unknown,0.00,Unknown,false,1,12.90,0.0000,true,1,204689
4660115904479,false,תה ירוק קרטיס 20 שק,קאן אגריטך פרייבט למ,,תה ירוק קרטיס 20 שק,Unknown,0.00,Unknown,false,1,12.90,0.0000,true,1,204690
4665270950033,false,כוסמת סמייניה זאקרומ,או או או פמילי סטוק,,כוסמת סמייניה זאקרומה 800 גר,גרמים,800.00,100 גרם,false,12,14.90,1.8625,true,1,206242
4670025500722,false,אובליפיחה מרוסקת 570,,,אובליפיחה מרוסקת 570 גר,גרמים,570.00,100 גרם,false,1,18.90,3.3158,true,1,191698
4680009730021,false,דובשניות סחרניה בטעם,,,דובשניות סחרניה בטעם וניל 500 גר,גרמים,500.00,100 גרם,false,1,12.90,2.5800,true,1,198906
4680009734432,false,בייגל פרג 500 גר,BKK,RU,בייגל פרג 500 גר,גרמים,500.00,100 גרם,false,10,12.90,2.5800,true,1,193687
4680009735859,false,דובשניות במילוי בטעם,,,דובשניות במילוי בטעם דובדבנים 500 גר,גרמים,500.00,100 גרם,false,1,15.90,3.1800,true,1,198903
4680019560892,false,משקה שיבולת שועל ליי,,,משקה שיבולת שועל לייט 1 ל,ליטרים,1.00,ליטר,false,1,12.90,12.9000,true,1,205841
4680019563350,false,משקה שיבולת שועל וני,,,משקה שיבולת שועל וניל 1 ל,ליטרים,1.00,ליטר,false,1,12.90,12.9000,true,1,205839
4680019564715,false,מחית פירות 120 גר,,,מחית פירות 120 גר,גרמים,120.00,100 גרם,false,1,5.90,4.9167,true,1,203539
4680019565262,false,מיץ תפוע ירוקים 2 ל,,,מיץ תפוע ירוקים 2 ל,ליטרים,2.00,ליטר,false,1,22.90,11.4500,true,1,203521
4680019565408,false,מיץ עגבניות עם מלח,,,מיץ עגבניות עם מלח 2 ל,ליטרים,2.00,ליטר,false,1,22.90,11.4500,true,1,203526
4680036910199,false,בירה קראפט APA וולפב,,,בירה קראפט וולפבריו APA,מיליליטרים,450.00,"100 מ""ל",false,1,10.90,2.4222,true,1,189461
4680036910212,false,בירה קראפט וולפבריו,,,"בירה קראפט וולפבריו בלנש דה מזה 450 מ""ל",מיליליטרים,450.00,"100 מ""ל",false,1,10.90,2.4222,true,1,189462
4680036912940,false,בירה זיגולי ללא אלכו,,,"בירה זיגולי ללא אלכוהול פח 450 מ""ל",מיליליטרים,450.00,"100 מ""ל",false,1,7.90,1.7556,true,1,185742
4680036913121,false,קוואס יאחונט 450 מל,,,קוואס יאחונט 450 מל,מיליליטרים,450.00,"100 מ""ל",false,1,8.90,1.9778,true,1,203186
4680036914395,false,בירה קראפט וולפבריו,,,בירה קראפט וולפבריו IPA לא מסוננת 450 מל,מיליליטרים,450.00,"100 מ""ל",false,1,10.90,2.4222,true,1,189460
4680036914913,false,בירה גיגולי ללא אלכו,,,בירה גיגולי ללא אלכוהול בק 450 מל,מיליליטרים,450.00,"100 מ""ל",false,1,7.90,1.7556,true,1,192563
4680036915002,false,בירה זיגולי חיטה בק,,,בירה זיגולי חיטה בק 450 מל,מיליליטרים,450.00,"100 מ""ל",false,1,9.90,2.2000,true,1,192562
4699302735596,false,פיתה קראנץ לבשיקי בט,,,פיתה קראנץ לבשיקי בטעם חולודץ עם חזרת,גרמים,90.00,100 גרם,false,1,5.80,6.4444,true,1,192328
4699302735619,false,פיתה קראנץ לבשיקי בט,,,פיתה קראנץ לבשיקי בטעם קוויאר אדום 90 גר,גרמים,90.00,100 גרם,false,1,5.80,6.4444,true,1,192327
4699302735879,false,פיתה קראנץ לבשיקי בת,,,פיתה קראנץ לבשיקי בתוספת מלח ים 150 גר,גרמים,150.00,100 גרם,false,1,5.80,3.8667,true,1,192329
4699302736920,false,חטיפי פיתה לבשיקי בט,,,חטיפי פיתה לבשיקי בטעם נקניקיות שום 100,גרמים,100.00,100 גרם,false,1,7.90,7.9000,true,1,205327
4699302736951,false,חטיפי פיתה לבשיקי בט,,,חטיפי פיתה לבשיקי בטעם גבינה עם שום 90 ג,גרמים,90.00,100 גרם,false,1,7.90,8.7778,true,1,208478
4710068001692,false,"מאסטר קפה לאטה פחית 240מ""ל",תאיט מרקטינג אנד דיס,,קפה קר מאסטר קפה לאטה 240מל,מיליליטרים,240.00,"100 מ""ל",false,1,7.90,3.2917,true,1,178467
4710068001715,false,"מאסטר קפה טרמיסו 240 מ""ל",יוני פרזינדנט אנטרפר,,קפה קר מאסטר קפה טרמיסו 240מל,מיליליטרים,240.00,"100 מ""ל",false,1,7.90,3.2917,true,1,178469
4710068001739,false,"מאסטר קפה קולומביאני 240 מ""ל",יוני פרזינדנט אנטרפר,,קפה קר מאסטר קפה קולומביאני 240מל,מיליליטרים,240.00,"100 מ""ל",false,1,7.90,3.2917,true,1,178468
4710068002798,false,"מאסטר קפה ונילה פחית 240מ""ל",מאיטה פוד אינדוסטריא,,"קפה קר מאסטר קפה ונילה 240 מ""ל",מיליליטרים,240.00,"100 מ""ל",false,24,7.90,3.2917,true,1,188851
4710964170799,false,שומשום שחור קלוי 91 גרם,פלייבור פול פודס טיי,TH,שומשום שחור קלוי 91 גר,גרמים,91.00,100 גרם,false,24,16.90,18.5714,true,1,175066
4740036005551,false,חמאה טארה 200 גר,,,חמאה טארה 200 גר,גרמים,200.00,100 גרם,false,1,12.90,6.4500,true,1,203409
4740056912365,false,פנקייק במילוי ריבת ת,,,פנקייק במילוי ריבת תות 280 גר,גרמים,280.00,100 גרם,false,1,14.90,5.3214,true,1,199833
4740056913249,false,פנקייק במילוי גבינה,,,פנקייק במילוי גבינה 280 גר,גרמים,280.00,100 גרם,false,1,14.90,5.3214,true,1,199831
4740056913362,false,פנקייק במילוי ריבת פ,,,פנקייק במילוי ריבת פירות יער 280 גר,גרמים,280.00,100 גרם,false,1,14.90,5.3214,true,1,199832
4740098079316,false,סיידר פיז Fizz תות שדה,CESU ALUS,,"סידר פיז תות שדה 500 מ""ל",מיליליטרים,500.00,"100 מ""ל",false,1,8.90,1.7800,true,1,179402
4740098090137,false,בירה IPA איי.פי.איי לבנה,א.לה קוק A.Le Coq,,"בירה אינדיה פייל אייל לבנה 500 מ""ל",מיליליטרים,500.00,"100 מ""ל",false,1,9.90,1.9800,true,1,191484
4740098098331,false,קוקטייל בלו לגון לה,אה לי קוק,EE,קוקטייל בלו לגון לה קוק 330 מל,מיליליטרים,330.00,"100 מ""ל",false,1,9.90,3.0000,true,1,205023
4740098098355,false,קוקטייל לה קוק מוחיט,אה לי קוק,EE,קוקטייל לה קוק מוחיטו 330 מל,מיליליטרים,330.00,"100 מ""ל",false,1,9.90,3.0000,true,1,203747
4740098098379,false,קוקטייל לה קוק מרגרי,אה לי קוק,EE,קוקטייל לה קוק מרגריטה 330 מל,מיליליטרים,330.00,"100 מ""ל",false,1,9.90,3.0000,true,1,203746
4740098098393,false,מוחיטו קוקטייל סק או,,,קוקטייל סקס און דה ביץ לה קוק 330 מל,מיליליטרים,330.00,"100 מ""ל",false,1,9.90,3.0000,true,1,203748
4750001001891,false,שוקולד לאימה חלב 100,LAIMA,,"שוקולד ""לאימה"" חלב 100 גר",גרמים,100.00,100 גרם,false,1,5.90,5.9000,true,1,176695
4750001002072,false,שוקולד לאימה אקסטרים,LAIMA,,"שוקולד ""לאימה"" אקסטרים חלב אגוז ל 100 גר",גרמים,100.00,100 גרם,false,1,5.90,5.9000,true,1,177605
4750001008869,false,אסורטי מריר 70% 360,LAIMA,,אסורטי מריר 70% 360 גר,גרמים,360.00,100 גרם,false,1,40.90,11.3611,true,1,175071
4750001010213,false,אסורטי מריר אורמלה 3,LAIMA,,אסורטי מריר אורמלה 360 גר,גרמים,360.00,100 גרם,false,12,40.90,11.3611,true,1,208491
4750001010251,false,אסורטי מריר 360 גר,LAIMA,,אסורטי מריר 360 גר,גרמים,360.00,100 גרם,false,12,40.90,11.3611,true,1,208489
4750001817911,false,בונבוניירות לאימה כר,LAIMA,,בונבוניירות לאימה כריסמס 180 גר,גרמים,180.00,100 גרם,false,1,22.90,12.7222,true,1,208555
4750001818734,false,בונ אסורטי סנטה 470,LAIMA,,"בונ"" ""אסורטי"" סנטה 470 גר",גרמים,470.00,100 גרם,false,1,39.90,8.4894,true,1,175077
4750001948110,false,שוקולד לאימה חלב אסו,LAIMA,,שוקולד לאימה חלב אסורטי 70% 215 גר,גרמים,215.00,100 גרם,false,1,26.90,12.5116,true,1,178870
4750001950038,false,בונ לאימה סלקשן שוקו,LAIMA,,בונ לאימה סלקשן שוקולד מריר עם בלסם 420,גרמים,420.00,100 גרם,false,1,39.90,9.5000,true,1,181471
4750001950946,false,שוקולד מריר לאימה 70,LAIMA,,שוקולד מריר לאימה 70% 100 גר,גרמים,100.00,100 גרם,false,1,10.90,10.9000,true,1,184631
4750001951592,false,שוקולד מריר 87% קקאו,ORKLA,LV,שוקולד מריר 87% קקאו לאימה 100 גר,גרמים,100.00,100 גרם,false,17,10.90,10.9000,true,1,187429
4750001953442,false,שוקולד אסורטי 70% קר,ORKLA,EE,שוקולד אסורטי 70 % קריסמס לאימה 215 גר,גרמים,215.00,100 גרם,false,12,26.90,12.5116,true,1,190267
4750001953657,false,שוקולד חלב אגוזי לוז,,,שוקולד חלב אגוזי לוז שלם לאימה 200 גר,גרמים,200.00,100 גרם,false,9,18.90,9.4500,true,1,199798
4750001954227,false,בונבוניירות כריסמס 1,LAIMA,,בונבוניירות כריסמס 180 גר,גרמים,180.00,100 גרם,false,1,22.90,12.7222,true,1,208559
4750001955361,false,מבחר שוקולד כריסמס 1,,,מבחר שוקולד כריסמס 186 גר,גרמים,186.00,100 גרם,false,8,26.90,14.4624,true,1,200782
4750001956375,false,מבחר סוכריות כריסמס,LAIMA,,מבחר סוכריות כריסמס 225 גר,גרמים,225.00,100 גרם,false,1,13.90,6.1778,true,1,208560
4750007897375,false,ביסקוויט לאימה חיות,,,ביסקוויט לאימה חיות 500 גר,גרמים,500.00,100 גרם,false,1,12.90,2.5800,true,1,183732
4750007898341,false,עוגיות לאימה גינגר ד,LAIMA,,עוגיות לאימה גינגר דקים בצורות 500 גר,גרמים,500.00,100 גרם,false,1,26.90,5.3800,true,1,181000
4750010492826,false,דג שפרוטים מעושנים ר,,,דג שפרוטים מעושנים ריגה צנצנת 250 גר,גרמים,250.00,100 גרם,false,1,14.90,5.9600,true,1,188915
4750011814511,false,ממתק גלי לאימה מסוכר,LAIMA,,ממתק גלי לאימה מסוכרות לימון ותפוזים 190,גרמים,190.00,100 גרם,false,1,16.90,8.8947,true,1,175082
4750011849063,false,ממתק גלי לאימה מסוכר,LAIMA,,ממתק גלי לאימה מסוכרות בטעם חמוציות 190,גרמים,190.00,100 גרם,false,1,16.90,8.8947,true,1,181472
4750021003905,false,וודקה סטולי גולד בקב,"איי, בי, אינבוו",LV,"וודקה סטולי גולד 700 מ""ל",מיליליטרים,700.00,"100 מ""ל",false,1,84.90,12.1286,true,1,183804
4750022001986,false,רוטב עגבניות 510 גר,,,רוטב עגבניות 510 גר,גרמים,510.00,100 גרם,false,6,15.90,3.1176,true,1,195073
4750022001993,false,רוטב עגבניות עם שום,,,רוטב עגבניות עם שום 510 גר,גרמים,510.00,100 גרם,false,6,15.90,3.1176,true,1,195074
4750022716019,false,רוטב טטרי 385 גר,,,רוטב טטרי 385 גר,גרמים,385.00,100 גרם,false,6,15.90,4.1299,true,1,195079
4750022747297,false,מחית תפוחים עם בננה,,,מחית תפוחים עם בננה 500 גר,גרמים,500.00,100 גרם,false,6,15.90,3.1800,true,1,207198
4750024001137,false,חטיפי תירס בטעם שמנת,,,חטיפי תירס בטעם שמנת חמוצה ובצל 190 גר,גרמים,190.00,100 גרם,false,15,17.90,9.4211,true,1,195057
4750024001144,false,חטיפי תירס בטעם כדור,,,חטיפי תירס בטעם כדורי גבינה נאצוס 190 גר,גרמים,190.00,100 גרם,false,15,17.90,9.4211,true,1,195058
4750024002189,false,טונגי תפוא בטעם שמנת,,,טונגי תפוא בטעם שמנת חמוצה ובצל 130 גר,גרמים,130.00,100 גרם,false,1,15.90,12.2308,true,1,207336
4750024002868,false,חטיפי תירס בטעם שמנת,,,חטיפי תירס בטעם שמנת חמוצה ובצל 165 גר,גרמים,165.00,100 גרם,false,18,17.90,10.8485,true,1,208692
4750042000136,false,משקה אבטיח מלון 1.5,Cido,LV,משקה אבטיח מלון 1.5 ל פרוטו,ליטרים,1.50,ליטר,false,8,14.90,9.9333,true,1,191209
4750042300878,false,מיץ עגבניות סידו עם,,,מיץ עגבניות סידו עם מלח ים 1 ל,ליטרים,1.00,ליטר,false,1,14.90,14.9000,true,1,175087
4750042302711,false,נקטר סידו חמוציות 30,,,נקטר סידו חמוציות 30% 1ל,ליטרים,1.00,ליטר,false,1,14.90,14.9000,true,1,178924
4750042303947,false,מיץ דובדבנים 100% סי,,,מיץ דובדבנים 100% סידו 1ל,ליטרים,1.00,ליטר,false,1,14.90,14.9000,true,1,178923
4750042804215,false,מיץ תפוחים 100% סידו,,,מיץ תפוחים 100% סידו 1ל,ליטרים,1.00,ליטר,false,1,14.90,14.9000,true,1,178922
4750042804222,false,מיץ עגבניות 100% סיד,,,מיץ עגבניות 100% סידו 1ל,ליטרים,1.00,ליטר,false,1,14.90,14.9000,true,1,178921
4750042804338,false,מיץ ירקות סידו 100%,Cido,,מיץ ירקות סידו 100% 1 ל,ליטרים,1.00,ליטר,false,1,14.90,14.9000,true,1,175088
4750042804505,false,נקטר סידו דומדמניות,Cido,,נקטר סידו דומדמניות שחורות ותפוח 1 ל,ליטרים,1.00,ליטר,false,1,14.90,14.9000,true,1,179352
4750042884668,false,נקטר סידו שזיפים 1 ל,Cido,,נקטר סידו שזיפים 1 ל,ליטרים,1.00,ליטר,false,1,14.90,14.9000,true,1,175089
4750050000128,false,חטיף גבינה קרומס פטל,PIENSAIMNIEKS,,חטיף גבינה קרומס פטל רימון 38 גר,גרמים,38.00,100 גרם,false,40,3.90,10.2632,true,1,189914
4750050341405,false,חטיף גבינה בטעם וניל,PIENSAIMNIEKS,,ממתק גבינה בשוקולד,גרמים,45.00,100 גרם,false,1,3.90,8.6667,true,1,175090
4750050341498,false,חטיף גבינה בשוקולד ע,PIENSAIMNIEKS,,חטיף גבינה בשוקולד עגוז לוז 45גר,גרמים,45.00,100 גרם,false,1,3.90,8.6667,true,1,177607
4750050341511,false,חטיף גבינה עם יוגורט,PIENSAIMNIEKS,,ממתק גבינה בשוקולד 5,גרמים,50.00,100 גרם,false,1,3.90,7.8000,true,1,175091
4750050342211,false,חטיף גבינה קרומס 45,PIENSAIMNIEKS,,חטיף גבינה קרומס 45 גר 6+1,גרמים,315.00,100 גרם,false,1,22.90,7.2698,true,1,179068
4750108005259,false,משקה מוגז הפי ניו אי,,,משקה מוגז הפי ניו איר ללא אלכוהול 750 מל,מיליליטרים,750.00,"100 מ""ל",false,1,21.90,2.9200,true,1,181195
4750142002078,false,בירה צסו יורמלה פחית,"""cesu alus""",,בירה צסו יורמלה פחית 500 מל,מיליליטרים,500.00,"100 מ""ל",false,1,6.90,1.3800,true,1,203962
4750142002719,false,בירה בפחית לא מסוננת,"""cesu alus""",,בירה צסו יורמלה לא מסוננת פחית 500 מל,מיליליטרים,500.00,"100 מ""ל",false,1,6.90,1.3800,true,1,203963
4750142003426,false,בירה פילזנר Pilsener אקסטרה,"""cesu alus""",,בירה פילזנר אקסטרה פחית 500 מל,מיליליטרים,500.00,"100 מ""ל",false,1,6.90,1.3800,true,1,192027
4750142005000,false,בירה ציסו כהה בוהמיי,"""cesu alus""",,בירה ציסו כהה בוהמיין פח 568 מל,מיליליטרים,568.00,"100 מ""ל",false,1,8.90,1.5669,true,1,204357
4750142016518,false,בירה צ'סו Cesu לא מסוננת,צסו אלוס,LV,בירה ציסו לא מסוננת פח568מל,מיליליטרים,568.00,"100 מ""ל",false,1,8.90,1.5669,true,1,177775
4750142021505,false,פחית בירה פילזנר Pilsener,צסו אלוס,LV,"בירה פילזנר בהירה 500 מ""ל",מיליליטרים,500.00,"100 מ""ל",false,1,6.90,1.3800,true,1,175095
4750142040520,false,בירה ציסו פרמיום פח,"""cesu alus""",,"בירה ציסו פרמיום פח 568 מ""ל",מיליליטרים,568.00,"100 מ""ל",false,1,7.90,1.3908,true,1,190324
4750163986357,false,צנימים מטוגנים עם מל,,,צנימים מטוגנים מלחם שיפון 180 גר,גרמים,180.00,100 גרם,false,1,15.90,8.8333,true,1,205532
4750163986661,false,צנימים מטוגנים מלחם,,,צנימים מטוגנים מלחם שיפון עם שום 180 גר,גרמים,180.00,100 גרם,false,1,15.90,8.8333,true,1,205530
4750211417116,false,שימורי חמציץ קרוניס,,,שימורי חמציץ קרוניס 290 גר,גרמים,290.00,100 גרם,false,8,9.90,3.4138,true,1,189076
4750259881252,false,וופל לעוגיות 3 צבעים,,,וופל לעוגיות 3 צבעים,Unknown,0.00,Unknown,false,16,9.90,0.0000,true,1,189480
4750616000258,false,שפרוטים גדולים מעושנים בשמן צמחי,בריויאס וילניוס,,שפרוטים גדולים בשמן 190 גר,גרמים,190.00,100 גרם,false,1,8.90,4.6842,true,1,175096
4750616000593,false,שפרוטים מעושנים בשמן צמחי,בריויאס וילניוס,,שפרוטים ריגה בשמן 190 גר,גרמים,190.00,100 גרם,false,1,8.90,4.6842,true,1,175097
4750616001194,false,שפרוטים מעושנים בשמן צמחי,בריויאס וילניוס,,שפרוטים ריגה בשמן 240 גר,גרמים,240.00,100 גרם,false,1,8.90,3.7083,true,1,176096
4750616001217,false,סרדינים בשמן 240 גר,BRINVAS VILNUS,,סרדינים בשמן 240 גר,גרמים,240.00,100 גרם,false,1,6.90,2.8750,true,1,182290
4750616001361,false,שימורי הרינג מעושן בשמן צמחי,בריויאס וילניוס,,סלאקה מעושנת 190 גר,גרמים,190.00,100 גרם,false,1,8.90,4.6842,true,1,182289
4750616001439,false,סרדינים במיץ עגבניות,BRINVAS VILNUS,,סרדינים במיץ עגבניות 240 גר,גרמים,240.00,100 גרם,false,1,6.90,2.8750,true,1,182291
4750616001651,false,דגי שיפרוט גדולים מעושנים בשמן צמחי,בריויאס וילניוס,,שפרוטים גדולים בשמן 240 גר,גרמים,240.00,100 גרם,false,1,8.90,3.7083,true,1,175099
4750616001989,false,שימורי דגים פטה שפרו,בריויאס וילניוס,,פטה שפרוטים 250 גר,גרמים,250.00,100 גרם,false,1,6.90,2.7600,true,1,175100
4750616002276,false,קילקה ברוטב עגבניות עם צ'ילי,בריויאס וילניוס,,קילקה במיץ עגבניות עם צילי 240 גר,גרמים,240.00,100 גרם,false,1,6.90,2.8750,true,1,175101
4750616002337,false,שימורי דגי קילקה שלמים ברוטב עגבניות,בריויאס וילניוס,,קילקה במיץ עגבניות 240 גר,גרמים,240.00,100 גרם,false,1,6.90,2.8750,true,1,175102
4750616006564,false,סרדינים על הגריל בשמ,,LV,סרדינים על הגריל בשמן זית 190 גר,גרמים,190.00,100 גרם,false,48,10.90,5.7368,true,1,193910
4750616006588,false,סרדינים על הגריל עם,,LV,סרדינים על הגריל עם לימון בשמן זית 190 ג,גרמים,190.00,100 גרם,false,48,10.90,5.7368,true,1,193911
4750817111005,false,פילה סלמון במיץ טבעי,ZENTENE,LV,פילה סלמון במיץ טבעי 200 גר,גרמים,200.00,100 גרם,false,48,10.90,5.4500,true,1,188455
4750817111616,false,פילה סלמון ברוטב עגב,ZENTENE,LV,פילה סלמון ברוטב עגבניות 200 גר,גרמים,200.00,100 גרם,false,48,10.90,5.4500,true,1,188456
4750817130808,false,סאירה במיץ טבעי 240,,,סאירה במיץ טבעי 240 גר,גרמים,240.00,100 גרם,false,48,10.90,4.5417,true,1,200793
4750817133120,false,סרדינים בשמן 240 גר,ZENTENE,LV,סרדינים בשמן 240 גר,גרמים,240.00,100 גרם,false,48,8.90,3.7083,true,1,188449
4750817137821,false,מקרל בשמן 240 גר,ZENTENE,LV,מקרל בשמן 240 גר,גרמים,240.00,100 גרם,false,48,9.90,4.1250,true,1,188453
4750817138125,false,סאירה בשמן צמחי 240,,,סאירה בשמן צמחי 240 גר,גרמים,240.00,100 גרם,false,48,10.90,4.5417,true,1,200792
4751001581475,false,שימורי דג קילקה ברוט,GAMMA-A,,שימורי דג קילקה ריגה זהב ברוטב עגבניות 2,גרמים,280.00,100 גרם,false,1,10.90,3.8929,true,1,180656
4751003923105,false,שפרוטים מעושנים בשמן,סיא בוגה,,שפרוטים מעושנים בשמן 160 גר,גרמים,160.00,100 גרם,false,1,7.90,4.9375,true,1,179822
4751003924003,false,סלט טונה עם ירקות איטלקי 185 ג' לארסן,,,סלט טונה עם ירקות איטלקי לארסן 185 גר,גרמים,185.00,100 גרם,false,1,12.90,6.9730,true,1,204528
4751003924010,false,סלט טונה עם ירקות מקסיקני 185 ג' לארסן,,,סלט טונה עם ירקות מקסיקני לארסן 185 גר,גרמים,185.00,100 גרם,false,1,12.90,6.9730,true,1,204529
4751005703569,false,שפרוטים פיגיורה בשמן,PIEJURA,,שפרוטים פיגיורה בשמן 250גר,גרמים,250.00,100 גרם,false,1,16.90,6.7600,true,1,177910
4751007730488,false,טונה עם ירקות איטלקי,,,טונה עם ירקות איטלקי 185 גר,גרמים,185.00,100 גרם,false,1,11.90,6.4324,true,1,198553
4751007732864,false,פילה סלמון ברוטב חרד,KARAVELA,,פילה סלמון ברוטב חרד,גרמים,170.00,100 גרם,false,1,11.90,7.0000,true,1,175111
4751007732970,false,סלט איטלקי עם סלומון 220ג',KARAVELA,,סלט איטלקי עם סלומון 220 גר,גרמים,220.00,100 גרם,false,1,11.90,5.4091,true,1,175112
4751007733229,false,פילה סלמון ברוטב עגב,,,פילה סלמון ברוטב עגבניות ארנולד סורנסן,גרמים,170.00,100 גרם,false,1,11.90,7.0000,true,1,192117
4751007733236,false,פילה סלמון בקרם מנגו,,,פילה סלמון בקרם מנגו עם פלפל ארנולד,גרמים,170.00,100 גרם,false,1,11.90,7.0000,true,1,192120
4751007733991,false,פילה סלמון במיץ טבעי,,,פילה סלמון במיץ טבעי ארנולד,גרמים,200.00,100 גרם,false,1,13.90,6.9500,true,1,192121
4751007737111,false,דג סלמון במי מלח 240,ALTAYSKAYA KRUPA,,דג סלמון במי מלח 240 גר,מיליליטרים,240.00,"100 מ""ל",false,24,7.90,3.2917,true,1,200935
4751007738095,false,סלט סלמון עם ירקות מקסיקני 220 ג' לארסן,,,סלט סלמון עם ירקות מקסיקני לארסן 220 גר,גרמים,220.00,100 גרם,false,1,12.90,5.8636,true,1,204524
4751007738101,false,סלט סלמון עם ירקות איטלקי 220 ג' לארסן,,,סלט סלמון עם ירקות איטלקי לארסן 220 גר,גרמים,220.00,100 גרם,false,1,12.90,5.8636,true,1,204525
4751007738149,false,שימורי מולים מעושנות,,,שימורי מולים מעושנות בשמן לפתית 120 גר,גרמים,120.00,100 גרם,false,10,12.90,10.7500,true,1,193874
4751007738156,false,שימורי צדפות מעושנות,,,שימורי צדפות מעושנות ברוטב לימון 120 גר,גרמים,120.00,100 גרם,false,1,12.90,10.7500,true,1,192107
4751007738163,false,שימורי צדפות מעושנות,,,שימורי צדפות מעושנות ברוטב שום 120 גר,גרמים,120.00,100 גרם,false,1,12.90,10.7500,true,1,192106
4751007739917,false,סלמון ברובמיץ טבעי 1,,,נתחי דג סלמון במיץ טבעי 185 גר,גרמים,185.00,100 גרם,false,1,9.90,5.3514,true,1,204532
4751008660838,false,ממתק אומניה שקדים לל,,,ממתק אומניה ללא סוכר 90 גר,גרמים,90.00,100 גרם,false,1,6.90,7.6667,true,1,184850
4751017401682,false,כבד דג שיבוט במיץ טב,,,כבד דג שיבוט במיץ טבעי בנגה 115 גר,גרמים,115.00,100 גרם,false,1,9.90,8.6087,true,1,189086
4751017403419,false,כבד דג שיבוט במיץ טב,MALBI CHOCOLATE,,כבד דג שיבוט במיץ טבעי 115 גר,גרמים,115.00,100 גרם,false,1,9.90,8.6087,true,1,192386
4751019530809,false,מוזלי לייט גרסי 400,,,מוזלי לייט גרסי 400 גר,גרמים,400.00,100 גרם,false,1,15.90,3.9750,true,1,194164
4751019530977,false,מוזלי אגוזים גרסי 50,,,מוזלי אגוזים גרסי 500 גר,גרמים,500.00,100 גרם,false,1,21.90,4.3800,true,1,194163
4751019530991,false,מוזלי פירות מיובשים,,,מוזלי פירות מיובשים גרסי 500 גר,גרמים,500.00,100 גרם,false,1,21.90,4.3800,true,1,194162
4751019531011,false,מוזלי פסיפלורה 300 ג,,,מוזלי פסיפלורה 300 גר,גרמים,300.00,100 גרם,false,1,13.90,4.6333,true,1,204326
4751019531035,false,מוזלי בוטנים 300 גר,,,מוזלי בוטנים 300 גר,גרמים,300.00,100 גרם,false,1,13.90,4.6333,true,1,204327
4751027950026,false,שוקולד ללא סוכר מריר,PIEJURA,,שוקולד ללא סוכר מריר עם שקדים ותפוזים,גרמים,110.00,100 גרם,false,1,10.90,9.9091,true,1,196437
4751027951122,false,שוקולד חלב ללא סוכר,,,שוקולד חלב ללא סוכר 60% מריר 26 גר,גרמים,26.00,100 גרם,false,1,3.90,15.0000,true,1,206150
4751029291134,false,שפרוטים מעושנים בשמן,סיא בוגה,,שפרוטים מעושנים בשמן 190 גר,גרמים,190.00,100 גרם,false,18,8.90,4.6842,true,1,193622
4751031690277,false,מקלות סורימי אטלנטיק,,,מקלות סורימי אטלנטיקה 250 גר,גרמים,250.00,100 גרם,false,1,13.90,5.5600,true,1,207504
4751032740315,false,מרק סוליאנקה עם מלפפ,DIMDINI,LV,מרק סוליאנקה עם מלפפון כבוש 500 מל,מיליליטרים,500.00,"100 מ""ל",false,6,9.90,1.9800,true,1,195728
4751032740346,false,מרק בורשט עם כרוב טר,DIMDINI,LV,מרק בורשט עם כרוב טרי 500 מל,מיליליטרים,500.00,"100 מ""ל",false,6,9.90,1.9800,true,1,195727
4751032740353,false,מרק רסולניק עם מלפפו,DIMDINI,LV,מרק רסולניק עם מלפפון כבוש 500 מל,מיליליטרים,500.00,"100 מ""ל",false,6,9.90,1.9800,true,1,195731
4760013403637,false,וופל בטעם לימון 200,,,וופל בטעם לימון 200 גר,גרמים,200.00,100 גרם,false,1,5.90,2.9500,true,1,207482
4760013403781,false,עוגיות בטעם חלב 320,,,עוגיות בטעם חלב 320 גר,גרמים,320.00,100 גרם,false,1,6.90,2.1563,true,1,207478
4760013404061,false,עוגיות בטעם שמנת וני,,,עוגיות בטעם שמנת וניל 370 גר,גרמים,370.00,100 גרם,false,1,6.90,1.8649,true,1,207477
4760018504612,false,ריבת דובדבן 400 גר,BIZIM TARLA,,ריבת דובדבן 400 גר,גרמים,400.00,100 גרם,false,1,15.90,3.9750,true,1,176250
4760065704652,false,מיץ רימונים 1 ל,,,מיץ רימונים 1 ל,ליטרים,1.00,ליטר,false,1,21.90,21.9000,true,1,182749
4760068001710,false,ריבת תות שדה 400 גר,,,ריבת תות שדה 400 גר,גרמים,400.00,100 גרם,false,1,15.90,3.9750,true,1,199637
4760127706976,false,עוגיות ממולאות בטעם,,,עוגיות ממולאות בטעם לימון דליציה 200 גר,גרמים,200.00,100 גרם,false,1,8.90,4.4500,true,1,207468
4760127706983,false,עוגיות ממולאות בטעם,,,עוגיות ממולאות בטעם תפוז דליציה 200 גר,גרמים,200.00,100 גרם,false,1,8.90,4.4500,true,1,207469
4760129500107,false,ריבת דובדבן לבן 400,,,ריבת דובדבן לבן 400 גר,גרמים,400.00,100 גרם,false,1,18.90,4.7250,true,1,204597
4760129500268,false,ריבת חבושים 400 גר,,,ריבת חבושים 400 גר,גרמים,400.00,100 גרם,false,1,18.90,4.7250,true,1,204600
4760129500961,false,ריבת דובדבן 400 גר,,,ריבת דובדבן 400 גר,גרמים,400.00,100 גרם,false,1,18.90,4.7250,true,1,204599
4760129500978,false,ריבת תות שדה 400 גר,,,ריבת תות שדה 400 גר,גרמים,400.00,100 גרם,false,1,18.90,4.7250,true,1,204598
4760156500118,false,אפרסמון מיובש 100 גר,,,אפרסמון מיובש 100 גר,גרמים,100.00,100 גרם,false,1,13.90,13.9000,true,1,205672
4770033223993,false,ברנדי גלוריה 5 שנים,STUMBRAS,,"ברנדי ""גלוריה"" 0.5 ל",מיליליטרים,500.00,"100 מ""ל",false,1,54.90,10.9800,true,1,175124
4770033227472,false,ברנדי גלוריה 700 מל,STUMBRAS,,"ברנדי ""גלוריה"" XO 0.7 ל",מיליליטרים,700.00,"100 מ""ל",false,1,119.90,17.1286,true,1,176170
4770179110126,false,בונבוניירה פרגלה עם,BARILLA G.E.R.,BE,בונבוניירה פרגלה עם ליקר שרי 190 גר,גרמים,190.00,100 גרם,false,1,16.90,8.8947,true,1,189203
4770179125144,false,שוקולד פרגלה מריר עם,PERGALE,,שוקולד מריר פרגלה עם קרם קפה 100גר,גרמים,100.00,100 גרם,false,1,4.90,4.9000,true,1,177476
4770179125342,false,שוקולד פרגלה חלב עם,PERGALE,,"שוקולד ""פרגלה"" חלב עם אגוזים שלמים 250גר",גרמים,250.00,100 גרם,false,8,13.90,5.5600,true,1,175138
4770179998366,false,בונ פרליני שקולד בטע,,,בונ פרליני שקולד בטעמי קינוחים 113 גר,גרמים,113.00,100 גרם,false,1,10.90,9.6460,true,1,198658
4770190078702,false,כיסוני גיוזה עם ירקו,VICHUNAY,LT,כיסוני גיוזה עם ירקות 400 גר,גרמים,400.00,100 גרם,false,6,17.90,4.4750,true,1,188458
4770190088763,false,כיסוני גיוזה עם שרימ,VICHUNAY,LT,כיסוני גיוזה עם שרימפס VICI,גרמים,400.00,100 גרם,false,6,37.90,9.4750,true,1,188457
4770190108959,false,כיסוני גיוזה עם דובד,VICHUNAY,LT,כיסוני גיוזה עם דובדבנים VICI,גרמים,400.00,100 גרם,false,6,24.90,6.2250,true,1,188461
4770190113991,false,כיסוני גיוזה עם תפוא,VICHUNAY,LT,"כיסוני גיוזה עם תפו""א ופטריות VICI",גרמים,400.00,100 גרם,false,6,17.90,4.4750,true,1,188459
4770190120562,false,נקניק סורימי 500 גר,,,נקניק סורימי 500 גר,גרמים,500.00,100 גרם,false,1,36.90,7.3800,true,1,184014
4770190132497,false,כיסוני גיוזה עם סלומ,,,כיסוני גיוזה עם סלומון 400 גרם,גרמים,400.00,100 גרם,false,1,21.90,5.4750,true,1,196425
4770190133210,false,מקלות סורימי עם בשר,,,מקלות סורימי עם בשר סרטן ים 200 גר,גרמים,200.00,100 גרם,false,14,16.90,8.4500,true,1,195061
4770190134781,false,בשר סורימי עם בשר סר,,,בשר סורימי עם בשר סרטן ים 120 גר,גרמים,120.00,100 גרם,false,20,10.90,9.0833,true,1,195060
4770237051804,false,חטיף גבינה וניל 45 ג,פנו ז'ויגזדס,,חטיף גבינה וניל 45 גר,גרמים,45.00,100 גרם,false,1,3.90,8.6667,true,1,178190
4770237051811,false,חטיף גבינה ריבת חלב,פנו ז'ויגזדס,,חטיף גבינה ריבת חלב 45 גר,גרמים,45.00,100 גרם,false,1,3.90,8.6667,true,1,178193
4770237051828,false,חטיף גבינה תות שדה 4,פנו ז'ויגזדס,,חטיף גבינה תות שדה 45 גר,גרמים,45.00,100 גרם,false,1,3.90,8.6667,true,1,178192
4770237051842,false,חטיף גבינה שוקולד 45,פנו ז'ויגזדס,,חטיף גבינה שוקולד 45 גר,גרמים,45.00,100 גרם,false,1,3.90,8.6667,true,1,178191
4770237055048,false,בסגנון שמנת 15% 350,,,בסגנון שמנת 15% 350 גר,גרמים,350.00,100 גרם,false,1,10.90,3.1143,true,1,185989
4770237055055,false,בסגנון שמנת 30% 200,,,בסגנון שמנת 30% 200 גר,גרמים,200.00,100 גרם,false,1,10.90,5.4500,true,1,185990
4770265045264,false,דייסת שיבולת שועל 20,,,דייסת שיבולת שועל 200 גר,גרמים,200.00,100 גרם,false,1,7.90,3.9500,true,1,184902
4770265046568,false,דייסת אורז עם משמש 2,,,דייסת אורז עם משמש 200 גר,גרמים,200.00,100 גרם,false,1,7.90,3.9500,true,1,184905
4770265219535,false,תחליף גבינה מעושנת ג,,,תחליף גבינה אבלוגי מעושנת גורמן 150 גר,גרמים,150.00,100 גרם,false,1,11.90,7.9333,true,1,198770
4770266187161,false,וופל במילוי קרמל 440,,,וופל במילוי קרמל 440 גר,גרמים,440.00,100 גרם,false,1,24.90,5.6591,true,1,206155
4770266187345,false,וופלים במילוי חלב מר,,,וופלים במילוי חלב מרוכז 220 גר,גרמים,220.00,100 גרם,false,10,16.90,7.6818,true,1,200764
4770299047890,false,גבינת דזוגס פרמגנו 180ג',,,גבינת פרמזן ברונזה 1,גרמים,180.00,100 גרם,false,1,21.90,12.1667,true,1,175145
4770301234973,false,בירה בלנש חיטה וולפא,,,בירה בלנש חיטה וולפאס אנגלמן 568 מל,מיליליטרים,568.00,"100 מ""ל",false,1,9.90,1.7430,true,1,204081
4770301235338,false,בירה ניו אינגלנד וול,,,בירה ניו אינגלנד וולפאס אנגלמן 500 מל,מיליליטרים,500.00,"100 מ""ל",false,1,9.90,1.9800,true,1,204083
4770301236861,false,משקה קוואס לבובסקי 1,,,משקה קוואס לבובסקי 1.5 ל,ליטרים,1.50,ליטר,false,1,13.90,9.2667,true,1,205328
4770337047431,false,תחליף גבינה סבליה 15,,,תחליף גבינה סבליה 150 גר,גרמים,150.00,100 גרם,false,1,11.90,7.9333,true,1,181940
4770337047448,false,תחליף גבינה דברו 150,,,תחליף גבינה דברו 150 גר,גרמים,150.00,100 גרם,false,1,11.90,7.9333,true,1,181941
4770337047455,false,תחליף גבינה רוסייסקי,,,תחליף גבינה רוסייסקי 150 גר,גרמים,150.00,100 גרם,false,1,11.90,7.9333,true,1,181942
4770337048124,false,תחליף גבינה דברו 240,,,תחליף גבינה דברו 240 גר,גרמים,240.00,100 גרם,false,1,17.90,7.4583,true,1,188131
4770337048377,false,גבינה אולד וילנוס 27,,,גבינה אולד וילנוס 27.5% פרוסות 150 גר,גרמים,150.00,100 גרם,false,1,17.90,11.9333,true,1,201927
4770349231316,false,בירה הלס בורג 5% פח,,,בירה הלס בורג 5% פח 500 מל,מיליליטרים,500.00,"100 מ""ל",false,1,6.90,1.3800,true,1,206035
4770583214052,false,מיונז פרובנסל 880 גר,KEDANEYSKI KONSERVNY,,מיונז פרובנסל 900 גר,גרמים,880.00,100 גרם,false,1,19.90,2.2614,true,1,175153
4770583221340,false,מיונז אמריקן 620 גר,,,מיונז אמריקן 620 גר,גרמים,620.00,100 גרם,false,1,23.90,3.8548,true,1,187475
4770583228240,false,ממרח סלמון בטעם גריל,,,ממרח סלמון בטעם גריל 280 גר,גרמים,280.00,100 גרם,false,1,17.90,6.3929,true,1,204306
4771033017070,false,בגט צרפתי אפוי למחצה,סיא בוגה,,בגט צרפתי אפוי למחצה עם חמאה ושום 175 גר,גרמים,175.00,100 גרם,false,1,10.90,6.2286,true,1,193025
4771632000350,false,חליטת תה פירות יער א,,,חליטת תה פירות יער ארומה 20 שק 40 גר,גרמים,40.00,100 גרם,false,,9.90,24.7500,true,1,204618
4771632000367,false,חליטת תה פטל ותות אר,,,חליטת תה פטל ותות ארומה 20 שק 40 גר,גרמים,40.00,100 גרם,false,,9.90,24.7500,true,1,204619
4771632086859,false,קפה טחון ארומה גולד,,,קפה טחון ארומה גולד בשקית 80 גר,גרמים,80.00,100 גרם,false,24,7.90,9.8750,true,1,183177
4779020987689,false,כבד שיבוט 240 גר,,,כבד שיבוט 240 גר,גרמים,240.00,100 גרם,false,1,19.90,8.2917,true,1,204816
4779027471143,false,חטיף גבינה לבנה בטעם,,,חטיף גבינה לבנה בטעם חלב מרוכז 43 גר,גרמים,43.00,100 גרם,false,,3.90,9.0698,true,1,205534
4779027471150,false,חטיף גבינה לבנה בטעם,,,חטיף גבינה לבנה בטעם פלומביר 43 גר,גרמים,43.00,100 גרם,false,,3.90,9.0698,true,1,205535
4779027471167,false,חטיף גבינה לבנה בטעם,,,חטיף גבינה לבנה בטעם קרם ברולה 43 גר,גרמים,43.00,100 גרם,false,,3.90,9.0698,true,1,205536
4779027471181,false,חטיף גבינה לבנה במיל,,,חטיף גבינה לבנה במילוי דובדבנים 43 גר,גרמים,43.00,100 גרם,false,,3.90,9.0698,true,1,205537
4779031277830,false,פיצה מנטינגה 3 גבינו,MANTINGA,,פיצה מנטינגה 3 גבינות נפולטנה 305 גר,גרמים,305.00,100 גרם,false,1,20.90,6.8525,true,1,192915
4779031277847,false,מאפה בסגנון איטלקי 3,,,מאפה בסגנון איטלקי 3 גבינות 125 גר,גרמים,125.00,100 גרם,false,24,7.90,6.3200,true,1,195051
4779031278738,false,פיצה מנטינגה 3 גבינו,MANTINGA,,פיצה מנטינגה 3 גבינות נפולטנה פטריות 315,גרמים,315.00,100 גרם,false,1,20.90,6.6349,true,1,198090
4779036941149,false,עוגיות גריבוצקי 170,,,עוגיות גריבוצקי 170 גר,גרמים,170.00,100 גרם,false,1,11.90,7.0000,true,1,205172
4779038723033,false,וופל מגולגל במילוי ב,,,וופל מגולגל במילוי בטעם וניל 120 גר,גרמים,120.00,100 גרם,false,1,8.90,7.4167,true,1,207287
4779038723040,false,וופל מגולגל במילוי ב,,,וופל מגולגל במילוי בטעם שוקולד 120 גר,גרמים,120.00,100 גרם,false,1,8.90,7.4167,true,1,207288
4780030690063,false,עגבניות שרי ומלפפוני,,,עגבניות שרי ומלפפונים בחומץ 720 מל,מיליליטרים,720.00,"100 מ""ל",false,1,14.90,2.0694,true,1,206497
4780030690292,false,מלפפונים בחומץ שום ש,,,מלפפונים בחומץ שום שמיר 720 מל,מיליליטרים,720.00,"100 מ""ל",false,1,13.90,1.9306,true,1,206492
4780030690346,false,מלפפונים בחומץ שום ש,,,מלפפונים בחומץ שום שמיר 1000 מל,מיליליטרים,1000.00,"100 מ""ל",false,1,15.90,1.5900,true,1,206493
4780030690360,false,עגבניות ומלפפונים בח,,,עגבניות ומלפפונים בחומץ 2 ל,ליטרים,2.00,ליטר,false,1,32.90,16.4500,true,1,206496
4780037060098,false,ממרח קישואים 500 מל,,,ממרח קישואים 500 מל,מיליליטרים,500.00,"100 מ""ל",false,1,12.90,2.5800,true,1,206499
4780037060104,false,ממרח חצילים 500 מל,,,ממרח חצילים 500 מל,מיליליטרים,500.00,"100 מ""ל",false,1,12.90,2.5800,true,1,206500
4780037060128,false,חצילים מטוגנים בשמן,,,חצילים מטוגנים בשמן עם עגבניות 500 מל,מיליליטרים,500.00,"100 מ""ל",false,1,14.90,2.9800,true,1,206501
4780047500584,false,מלפפונים בחומץ 1 ל,,,מלפפונים בחומץ 1 ל,ליטרים,1.00,ליטר,false,1,16.90,16.9000,true,1,206504
4780047500829,false,עגבניות ירוקות בחומץ,,,עגבניות ירוקות בחומץ 1 ל,ליטרים,1.00,ליטר,false,1,16.90,16.9000,true,1,206508
4780048900147,false,תערובת תבלינים פלוב,,,תערובת תבלינים פלוב אוזבקי 50 גר,גרמים,50.00,100 גרם,false,1,14.90,29.8000,true,1,204045
4780048900161,false,תערובת תבלינים לשישל,,,תערובת תבלינים לשישליק וגריל 50 גר,גרמים,50.00,100 גרם,false,1,14.90,29.8000,true,1,204047
4780064180073,false,צימוקים כהים אוזבקיי,,,צימוקים כהים אוזבקיים 150 גר,גרמים,150.00,100 גרם,false,1,11.90,7.9333,true,1,205724
4780064180080,false,צימוקים בהירים אוזבק,,,צימוקים בהירים אוזבקיים 150 גר,גרמים,150.00,100 גרם,false,1,11.90,7.9333,true,1,205723
4791021001096,false,תה סגול עטוף 100 שק,IMPRA,,"תה סגול עטוף 100יח""",גרמים,200.00,100 גרם,false,1,22.90,11.4500,true,1,175160
4791021002789,false,תה ירוק אימפרה 100 ש,IMPERIAL TEA EXPORT,,תה ירוק אימפרה 100 ש,גרמים,200.00,100 גרם,false,1,22.90,11.4500,true,1,175162
4791021003397,false,תה אימפרה שחור פירות,IMPRA,,"תה ""מתנה"" שחור פירות",גרמים,160.00,100 גרם,false,1,29.90,18.6875,true,1,175163
4791021003588,false,תה שחור אימפרה 100 ש,IMPERIAL TEA EXPORT,LK,תה אימפרה צהוב 100 ש,גרמים,150.00,100 גרם,false,1,11.90,7.9333,true,1,175164
4791021004615,false,תה ירוק בטעמי פירות,IMPRA,,"תה ""מתנה"" ירוק פירות",גרמים,160.00,100 גרם,false,1,29.90,18.6875,true,1,175168
4791021944720,false,תה ארל גריי ספיישל 1,IMPERIAL TEA EXPORT,,תה ארל גריי ספיישל 200 גר,גרמים,200.00,100 גרם,false,1,22.90,11.4500,true,1,185480
4791045001539,false,תה הייליס אריסטוקרט,,,"תה ""הייליס אריסטוקרט",גרמים,250.00,100 גרם,false,1,19.90,7.9600,true,1,175178
4791045001560,false,תה הייליס ברקפסט 150,,,תה הייליס ברקפסט 150 גר,גרמים,150.00,100 גרם,false,1,22.90,15.2667,true,1,175179
4791045001867,false,תה שוטלנדסקי 100 שק,,,"תה שוטלנדסקי 100 שק""",גרמים,200.00,100 גרם,false,1,22.90,11.4500,true,1,175180
4791045001874,false,תה אריסטוקרט 100 שק,,,תה אריסטוקרט 100 שק,גרמים,200.00,100 גרם,false,1,22.90,11.4500,true,1,175181
4791045001997,false,תה צלטון רויאל אנגלי,,,"תה ""צ""לטון"" רויאל אנגלי 200 גר",גרמים,200.00,100 גרם,false,1,22.90,11.4500,true,1,175182
4791045002611,false,תה הייליס אריסטוקרט,,,תה הייליס אריסטוקרט 300גר,גרמים,300.00,100 גרם,false,1,34.90,11.6333,true,1,175186
4791045002642,false,תה ירוק יסמין הייליס,,,תה ירוק יסמין הייליס,Unknown,0.00,Unknown,false,1,13.90,0.0000,true,1,175187
4791045010937,false,תה ארל גריי 250 גר,,,"תה ""ארל גריי"" 250 גר",גרמים,250.00,100 גרם,false,1,24.90,9.9600,true,1,176070
4791045011361,false,תה שחור הייליס ארל ג,,,תה שחור הייליס ארל גרי 100שק,גרמים,200.00,100 גרם,false,1,25.90,12.9500,true,1,178700
4792252007222,false,תה סיזון חורפי בסילו,בסילר,,תה שחור חמוציות 100 שק,גרמים,200.00,100 גרם,false,12,39.90,19.9500,true,1,176364
4792252100671,false,תה בליסור איסלנד ספי,בליסור,,תה בליסור איסלנד ספישל 20 שק,גרמים,40.00,100 גרם,false,1,18.90,47.2500,true,1,183793
4792252920705,false,תה בליסור ספישל קלאס,בליסור,,תה בליסור ספישל קלאסיק ארל גריי 100 גר,גרמים,100.00,100 גרם,false,1,23.90,23.9000,true,1,183794
4792252927308,false,תה בליסור פרסונל פרו,בליסור,,תה בליסור פרסונל פרוט שופ 100 גר,גרמים,100.00,100 גרם,false,1,23.90,23.9000,true,1,183795
4792252933514,false,תה בסילור פרוט פטל 1,בליסור,,תה בסילור פרוט פטל 100 גר,גרמים,100.00,100 גרם,false,1,23.90,23.9000,true,1,183797
4792252933545,false,תה בסילור פרוט חמוצי,בליסור,,תה בסילור פרוט חמוציות 100 גר,גרמים,100.00,100 גרם,false,24,23.90,23.9000,true,1,183798
4796001051061,false,תה שחור עלים אריזת מ,,,תה שחור עלים אריזת מתנה 200 גר,גרמים,200.00,100 גרם,false,1,39.90,19.9500,true,1,205864
4798810000896,false,תה ירוק אנונה עם ניצ,טורלטון,,תה ירוק אנונה עם ניצני פח 250 גר,גרמים,250.00,100 גרם,false,1,39.90,15.9600,true,1,177061
4800888150080,false,"דאב - דאודורנט רול און לאישה פרש טאצ' מלפפונים 50 מ""ל",יוניליוור פיליפינים,PH,"דאודורנט ""דאב"" רול און מלפפונים 50 גר",גרמים,50.00,100 גרם,false,1,15.90,31.8000,true,1,176520
4800888219510,false,דאב - דאודורנט סטיק לאישה פרש מלפפונים 50 גרם,יוניליוור פיליפינים,,דאודורנט דאב סטיק מלפפון 50 גר,גרמים,50.00,100 גרם,false,1,15.90,31.8000,true,1,204280
4800888219534,false,דאב - דאודורנט סטיק לאישה אנטי פרספירמט 50 גרם,יוניליוור פיליפינים,IL,דאודורנט דאב סטיק אוריגינל 50 גר,גרמים,50.00,100 גרם,false,1,15.90,31.8000,true,1,204281
4802431579003,false,לבש דק ארמני,,,לבש דק ארמני,Unknown,0.00,Unknown,false,1,16.90,0.0000,true,1,182956
4810014018658,false,קוואס סטארוזיטני 1.4,,,קוואס סטארוזיטני 1.4 ל,ליטרים,1.40,ליטר,false,1,15.90,11.3571,true,1,207803
4810014019808,false,קוואס סטארוזיטני לא,,,קוואס סטארוזיטני לא מסונן 1.4 ל,ליטרים,1.40,ליטר,false,1,15.90,11.3571,true,1,207804
4810025000024,false,יין נתזים יבש 750 מל,,,"שמפניה ""סובטסקויה"" י",מיליליטרים,750.00,"100 מ""ל",false,1,27.90,3.7200,true,1,175196
4810025000031,false,יין נתזים חצי יבש 75,,,"שמפניה ""סובטסקויה"" ח",מיליליטרים,750.00,"100 מ""ל",false,1,27.90,3.7200,true,1,175197
4810025000048,false,יין נתזים חצי מתוק 7,,,"שמפניה ""סובטסקויה"" ח",מיליליטרים,750.00,"100 מ""ל",false,1,27.90,3.7200,true,1,175198
4810025000253,false,יין נתזים חצי יבש זה,,,"יין נתזים ""זולוטויה""",מיליליטרים,750.00,"100 מ""ל",false,1,27.90,3.7200,true,1,175199
4810025000260,false,יין נתזים חצי מתוק ז,,,"שמפניה ""זהב"" חצי מתו",מיליליטרים,750.00,"100 מ""ל",false,1,27.90,3.7200,true,1,175200
4810073006344,false,חטיף גבינה בטעם וניל,,,חטיף גבינה טימושקה וניל 45 גר,גרמים,45.00,100 גרם,false,1,5.90,13.1111,true,1,186869
4810073007235,false,חטיף גבינה טימושקה ע,,,חטיף גבינה טימושקה על וופל בלגי עם אוכמנ,גרמים,65.00,100 גרם,false,1,6.90,10.6154,true,1,186868
4810073007242,false,חטיף גבינה טימושקה ע,,,חטיף גבינה טימושקה על וופל בלגי בטעם וני,גרמים,65.00,100 גרם,false,1,6.90,10.6154,true,1,186865
4810073007259,false,חטיף גבינה טימושקה ע,,,חטיף גבינה טימושקה על וופל בלגי בטעם טרו,גרמים,65.00,100 גרם,false,1,6.90,10.6154,true,1,186866
4810073007785,false,חטיף גבינה בטעם קקאו,,,חטיף גבינה בטעם קקאו מילוי קרמל 45 גר,גרמים,45.00,100 גרם,false,1,5.90,13.1111,true,1,191645
4810073007792,false,חטיף גבינה בטעם קקאו,,,חטיף גבינה בטעם קקאו מילוי פטל 45 גר,גרמים,45.00,100 גרם,false,1,5.90,13.1111,true,1,191646
4810073008423,false,חטיף גבינה בטעם שוקו,,,חטיף גבינה בטעם שוקולד עם ביסקוויט 65 גר,גרמים,65.00,100 גרם,false,1,6.90,10.6154,true,1,202742
4810073008454,false,חטיף גבינה עם עוגיות,,,חטיף גבינה עם עוגיות קוראביה במילוי קרם,גרמים,65.00,100 גרם,false,1,6.90,10.6154,true,1,202740
4810165432136,false,לחם על בסיס מחמצת מא,ארדי שיווק וסיטונאות,,"לחם סטוליצ""ני",גרמים,500.00,100 גרם,false,1,9.90,1.9800,true,1,175202
4810165434321,false,לחם צרפתי/טעים/בריאו,ארדי שיווק וסיטונאות,,לחם צרפתי/טעים/בריאו,גרמים,650.00,100 גרם,false,1,12.90,1.9846,true,1,175203
4810168000011,false,פילה דג הרינג מלוח מצונן 250ג',,,פילה דג הרינג מלוח מצונן 250 גר,גרמים,250.00,100 גרם,false,1,13.90,5.5600,true,1,175204
4810168000066,false,פילה דג הרינג מלוח מצונן עם תבלין 250ג,SANTA BREMOR,,דג מטיאס מתובל 250 גר,גרמים,250.00,100 גרם,false,1,13.90,5.5600,true,1,175205
4810168000103,false,פילה דג הרינג מלוח מ,,,דג מטיאס מעושן 250 גר,גרמים,250.00,100 גרם,false,1,13.90,5.5600,true,1,176969
4810168000998,false,פילה דג הרינג מלוח מצונן עם בצל בצנצנת חתיכות 260ג',,,חתיכות פילה דג הרינג מלוח מצונן עם בצל,גרמים,260.00,100 גרם,false,1,17.90,6.8846,true,1,175206
4810168001056,false,פילה דג הרינג מלוח מצונן בצנצנת חתיכות 260ג',,,חתיכות פילה דג הרינג מלוח מצונן 260 גר,גרמים,260.00,100 גרם,false,1,17.90,6.8846,true,1,176971
4810168001933,false,מקלות סורימי בטעם סר,,,מקלות סורימי בטעם סרטן 200 גרם,גרמים,200.00,100 גרם,false,1,6.90,3.4500,true,1,198115
4810168001964,false,נתחי סורימי בטעם סרט,,,נתחי סורימי בטעם סרטן 200 גרם,גרמים,200.00,100 גרם,false,1,6.90,3.4500,true,1,198116
4810168004132,false,ביצי דג טרוטונית אטל,,,ביצי דג טרוטונית אטלנטי מומלח מצונן 180,גרמים,180.00,100 גרם,false,1,15.90,8.8333,true,1,175207
4810168004149,false,ביצי דג טרוטונית אטל,,,ביצי דג טרוטונית אטלנטי מעושן מצונן 180,גרמים,180.00,100 גרם,false,1,15.90,8.8333,true,1,175208
4810168004156,false,ביצי דג טרוטונית אטל,,,ביצי דג טרוטונית אטלנטי עם סלמון מעושן,גרמים,180.00,100 גרם,false,1,15.90,8.8333,true,1,175209
4810168011017,false,סורימי בטעם סרטן 150,,,סורימי בטעם סרטן 150 גר,גרמים,150.00,100 גרם,false,1,9.90,6.6000,true,1,207905
4810168016104,false,ביצי דג טרוטונית אטל,,,ביצי דג טרוטונית אטלנטי עם הסילונים 180,גרמים,180.00,100 גרם,false,1,15.90,8.8333,true,1,176968
4810168018795,false,חתיכות פילה דג הרינג מלוח מצונן 200ג',SANTA BREMOR,,חתיכות פילה דג הרינג מלוח מצונן 200 גר,גרמים,200.00,100 גרם,false,1,13.90,6.9500,true,1,176970
4810168019051,false,חתיכות פילה דג הרינג מלוח מצונן עם תבלין 200ג',SANTA BREMOR,,חתיכות פילה דג הרינג מלוח מצונן עם תבלי,גרמים,200.00,100 גרם,false,1,13.90,6.9500,true,1,187887
4810168020309,false,אצות ים מוחמצות 150,,,אצות ים מוחמצות 150 גר,גרמים,150.00,100 גרם,false,1,6.90,4.6000,true,1,175210
4810168020330,false,אצות ים מוחמצות עם פ,,,אצות ים מוחמצות עם פטריות 150 גר,גרמים,150.00,100 גרם,false,1,6.90,4.6000,true,1,175211
4810168020392,false,אצות ים מוחמצות עם ג,,,אצות ים מוחמצות עם גזר 150 גר,גרמים,150.00,100 גרם,false,1,6.90,4.6000,true,1,175213
4810168023478,false,סלט אצות ים צוקה 150,,,סלט אצות ים צוקה 150 גר,גרמים,150.00,100 גרם,false,1,14.90,9.9333,true,1,207904
4810168024260,false,ביצי דג שיבוט מומלח,,,ביצי דג שיבוט מומלח מצונן 130 גר,גרמים,130.00,100 גרם,false,1,15.90,12.2308,true,1,177880
4810168024512,false,פילה דג הרינג מלוח מצונן עם תבלין בצנצנת חתיכות 260ג,,,חתיכות פילה דג הרינג מלוח מצונן עם תבלין,גרמים,260.00,100 גרם,false,1,17.90,6.8846,true,1,176972
4810168025793,false,ביצי דג זהבנון מומלח,,,ביצי דג זהבנון מומלח מצונן 130 גר,גרמים,130.00,100 גרם,false,1,15.90,12.2308,true,1,177879
4810168045555,false,פילה דג סלמון מלוח פ,,,פילה דג סלמון מלוח פרוס קפוא 100 גר,גרמים,100.00,100 גרם,false,1,22.90,22.9000,true,1,189515
4810168045562,false,פילה דג סלמון מעושן פרוס קפוא 100 גר מוכן לאכילה,,,פילה דג סלמון מעושן פרוס קפוא 100 גר,גרמים,100.00,100 גרם,false,1,22.90,22.9000,true,1,189514
4810168045579,false,פילה דג פורל מלוח פר,,,פילה דג פורל מלוח פרוס קפוא 100 גר,גרמים,100.00,100 גרם,false,1,22.90,22.9000,true,1,189517
4810168045586,false,פילה דג פורל מעושן פרוס קפוא 100 גר מוכן לאכילה,,,פילה דג פורל מעושן פרוס קפוא 100 גר,גרמים,100.00,100 גרם,false,1,22.90,22.9000,true,1,189516
4810168045593,false,פילה דג סלמון מלוח ק,,,פילה דג סלמון מלוח קפוא 200 גר,גרמים,200.00,100 גרם,false,1,42.90,21.4500,true,1,189519
4810168045609,false,פילה דג סלמון מעושן,,,פילה דג סלמון מעושן קפוא 200 גר,גרמים,200.00,100 גרם,false,1,42.90,21.4500,true,1,189518
4810168045616,false,פילה דג פורל מלוח קפ,,,פילה דג פורל מלוח קפוא 200 גר,גרמים,200.00,100 גרם,false,1,42.90,21.4500,true,1,189521
4810168045623,false,פילה דג פורל מעושן ק,,,פילה דג פורל מעושן קפוא 200 גר,גרמים,200.00,100 גרם,false,1,42.90,21.4500,true,1,189520
4810168047368,false,בצק שמרים עלים מרודד,,,בצק שמרים עלים מרודד מוקפא 450 גר,גרמים,450.00,100 גרם,false,1,8.90,1.9778,true,1,197847
4810168049966,false,בלינצס במילוי דובדבן,,,בלינצס במילוי דובדבן מוקפא 360 גר,גרמים,360.00,100 גרם,false,1,12.90,3.5833,true,1,197841
4810168051396,false,בצק שמרים מרודד מוקפ,,,בצק שמרים מרודד מוקפא 450 גר,גרמים,450.00,100 גרם,false,1,6.90,1.5333,true,1,197845
4810168051570,false,בלינצס במילוי תפוע ו,,,"בלינצס במילוי תפו""ע וקינמון 360 גר",גרמים,360.00,100 גרם,false,1,12.90,3.5833,true,1,197843
4810168052270,false,עלי בלינצ'ס מוקפאים 320 גר,,,עלי בלינצס מוקפאים 320 גר,גרמים,320.00,100 גרם,false,1,9.90,3.0938,true,1,197844
4810168055004,false,כיסונים במילוי אוכמנ,,,כיסונים במילוי אוכמניות כחולות 450 גר,גרמים,450.00,100 גרם,false,1,18.90,4.2000,true,1,197832
4810168055011,false,כיסונים במילוי גבינת,,,כיסונים במילוי גבינת טבורוג מוקפא 450 ג,גרמים,450.00,100 גרם,false,1,15.90,3.5333,true,1,197835
4810168055028,false,כיסונים במילוי דובדב,,,כיסונים במילוי דובדבנים מוקפא 450 גר,גרמים,450.00,100 גרם,false,1,18.90,4.2000,true,1,197833
4810168055035,false,כיסונים במילוי טבורו,,,כיסונים במילוי טבורוג וצימוקים 450 גר,גרמים,450.00,100 גרם,false,1,15.90,3.5333,true,1,197872
4810168055042,false,כיסונים במילוי פטל מ,,,כיסונים במילוי פטל מוקפא 450 גר,גרמים,450.00,100 גרם,false,1,18.90,4.2000,true,1,197834
4810168055059,false,כיסונים במילוי גבינת,,,כיסונים במילוי גבינת ריקוטה ותרד 450 גר,גרמים,450.00,100 גרם,false,1,18.90,4.2000,true,1,197831
4810168055080,false,כיסונים במילוי כרוב,,,כיסונים במילוי כרוב ופטריות 450 גר,גרמים,450.00,100 גרם,false,1,12.90,2.8667,true,1,197839
4810168055165,false,לביבות גבינת טבורוג,,,לביבות גבינת טבורוג מוקפא 450 גר,גרמים,450.00,100 גרם,false,1,18.90,4.2000,true,1,197830
4810168055882,false,חתיכות פילה דג הרינג,,,חתיכות פילה דג הרינג מומלח בשמן 1.2 קג,קילוגרמים,1.20,"ק""ג",false,1,39.90,33.2500,true,1,198984
4810168055899,false,פילה דג הרינג מומלח,,,פילה דג הרינג מומלח בשמן מצונן 1.2 קג,קילוגרמים,1.20,"ק""ג",false,1,39.90,33.2500,true,1,198982
4810168056964,false,בלינצס במילוי ממרח ק,,,בלינצס במילוי ממרח קקאו אגוזי לוז 360 גר,גרמים,360.00,100 גרם,false,6,12.90,3.5833,true,1,200441
4810168057435,false,חתיכות פילה דג הרינג מלוח בשמן מצונן 400 גר,,,חתיכות פילה דג הרינג מלוח בשמן 400 גר,גרמים,400.00,100 גרם,false,1,26.90,6.7250,true,1,200336
4810168057510,false,חתיכות פילה דג הרינג מתובל מלוח בשמן 400 גר,,,חתיכות פילה דג הרינג מלוח בשמן 400 גר,גרמים,400.00,100 גרם,false,1,26.90,6.7250,true,1,201423
4810168058548,false,חתיכות פילה דג הרינג,,,חתיכות פילה דג הרינג מלוח בשמן 1.2 קג,קילוגרמים,1.20,"ק""ג",false,1,39.90,33.2500,true,1,201422
4810168058999,false,פילה דג הרינג סקנדינבי מלוח מצונן 250ג',,,פילה דג הרינג סקנדינבי מלוח מצונן 250 גר,גרמים,250.00,100 גרם,false,10,13.90,5.5600,true,1,204496
4810168061142,false,בסיגנון קוויאר כדורי,פירסט קוואליטי תרייד,,בסיגנון קוויאר כדורי סלמון ופורל 230 גר,גרמים,230.00,100 גרם,false,1,14.90,6.4783,true,1,207902
4810168061159,false,בסיגנון קוויאר כדורי,פירסט קוואליטי תרייד,,בסיגנון קוויאר כדורי סלמון ופורל 230 גר,גרמים,230.00,100 גרם,false,1,14.90,6.4783,true,1,207903
4810168062125,false,כיסונים פרווה במילוי,,,כיסונים במילוי אוכמניות כחולות 450 גר,גרמים,450.00,100 גרם,false,1,18.90,4.2000,true,1,208713
4810168062132,false,כיסונים במילוי גבינת,,,כיסונים במילוי גבינת טבורוג מוקפא 450 גר,גרמים,450.00,100 גרם,false,1,15.90,3.5333,true,1,208716
4810168062163,false,כיסונים פרווה במילוי,,,כיסונים במילוי תפוא ופטריות 450 גר,גרמים,450.00,100 גרם,false,1,12.90,2.8667,true,1,208718
4810168062170,false,כיסונים פרווה במילוי,,,כיסונים במילוי תפוא ובצל 450 גר,גרמים,450.00,100 גרם,false,1,12.90,2.8667,true,1,208719
4810168062187,false,בלינצס במילוי תפוא ו,,,בלינצס במילוי תפוא ופטריות 420 גר,גרמים,420.00,100 גרם,false,1,12.90,3.0714,true,1,208721
4810168062194,false,בלינצ'יס במילוי גבינ,,,בלינצס במילוי גבינת טבורוג מוקפא 360 גר,גרמים,360.00,100 גרם,false,1,12.90,3.5833,true,1,208723
4810168062200,false,בלינצס במילוי דובדבן,,,בלינצס במילוי דובדבן מוקפא 360 גר,גרמים,360.00,100 גרם,false,1,12.90,3.5833,true,1,208722
4810168062224,false,בלינצס במילוי ממרח ק,,,בלינצס במילוי ממרח קקאו אגוזי לוז 360 גר,גרמים,360.00,100 גרם,false,6,12.90,3.5833,true,1,208725
4810285004008,false,קוואס לידסקיי לחם 1.,לידסקויה פיבו,,קוואס לידסקיי לחם 1.5 ל,ליטרים,1.50,ליטר,false,1,13.90,9.2667,true,1,180383
4810285006743,false,קוואס לידסקיי כהה 1.,לידסקויה פיבו,,קוואס לידסקיי כהה 1.5 ל,ליטרים,1.50,ליטר,false,1,13.90,9.2667,true,1,180384
4810319000105,false,לחם,,,לחם,Unknown,0.00,Unknown,false,1,9.90,0.0000,true,1,175214
4810319000259,false,לחם צימוקים 530 גר,ארדי שיווק וסיטונאות,,לחם צימוקים 530 גר,גרמים,530.00,100 גרם,false,1,12.90,2.4340,true,1,175215
4810350000027,false,לחם מאסטר 700 גר,ארדי שיווק וסיטונאות,,לחם מאסטר 500 גר,גרמים,700.00,100 גרם,false,1,13.90,1.9857,true,1,175216
4810410024130,false,שוקולד מריר מילוי בט,קמונרקה,BY,שוקולד מריר מילוי בטעם גין 200 גר,גרמים,200.00,100 גרם,false,17,14.90,7.4500,true,1,193694
4810410024420,false,שוקולד מריר מילוי בט,קמונרקה,BY,שוקולד מריר מילוי בטעם חלב מרוכז 200 גר,גרמים,200.00,100 גרם,false,17,14.90,7.4500,true,1,193693
4810410046941,false,שוקולד חלב קומונרקה,קמונרקה,BY,שוקולד חלב קומונרקה לובימיה אליונקה 200,גרמים,200.00,100 גרם,false,17,16.90,8.4500,true,1,194594
4810410052294,false,שוקולד מריר מילוי בט,קמונרקה,BY,שוקולד מריר מילוי בטעם דובדבן 200 גר,גרמים,200.00,100 גרם,false,17,16.90,8.4500,true,1,193692
4810410054472,false,שוקולד מריר 68% קומו,קמונרקה,BY,שוקולד מריר 68% קומונרקה 200 גר,גרמים,200.00,100 גרם,false,17,16.90,8.4500,true,1,193691
4810410064891,false,שוקולד חלב מילוי בטע,קמונרקה,BY,שוקולד חלב מילוי בטעם טראפלס 200 גר,גרמים,200.00,100 גרם,false,17,16.90,8.4500,true,1,204360
4810410075293,false,שוקולד מריר קומונרקה,קמונרקה,BY,שוקולד מריר קומונרקה מילוי חמוציות 200 ג,גרמים,200.00,100 גרם,false,17,16.90,8.4500,true,1,194591
4810410075309,false,שוקולד מריר קומונרקה,קמונרקה,BY,שוקולד מריר קומונרקה מילוי משמש 200 גר,גרמים,200.00,100 גרם,false,17,16.90,8.4500,true,1,194590
4810410075316,false,שוקולד מריר קומונרקה,קמונרקה,BY,שוקולד מריר קומונרקה מילוי דומדומיות שחו,גרמים,200.00,100 גרם,false,17,16.90,8.4500,true,1,194592
4810987094673,false,פרופיטרול עם קרם ריב,,,פרופיטרול עם קרם ריבת חלב 225 גר,גרמים,225.00,100 גרם,false,18,14.90,6.6222,true,1,187090
4810987100732,false,אקלר עם קרם ריבת חלב,,,אקלר עם קרם ריבת חלב בציפוי שוקולד 225 ג,גרמים,225.00,100 גרם,false,12,14.90,6.6222,true,1,187088
4810987106765,false,פרופיטרול עם קרם פטי,,,פרופיטרול עם קרם פטיסייר 240 גר,גרמים,240.00,100 גרם,false,12,14.90,6.2083,true,1,187091
4812493000919,false,חטיף גבינה לבנה ממול,,,חטיף גבינה לבנה ממולא בטעם קקאו 40 גר,גרמים,40.00,100 גרם,false,1,3.90,9.7500,true,1,209394
4812493000926,false,חטיף גבינה לבנה ממול,,,חטיף גבינה לבנה ממולא תות שדה 40 גר,גרמים,40.00,100 גרם,false,1,3.90,9.7500,true,1,209395
4812493000933,false,חטיף גבינה לבנה ממול,,,חטיף גבינה לבנה ממולא פטל אוכמניות 40 גר,גרמים,40.00,100 גרם,false,1,3.90,9.7500,true,1,209396
4812493000940,false,חטיף גבינה לבנה ממול,,,חטיף גבינה לבנה ממולא בטעם וניל 40 גר,גרמים,40.00,100 גרם,false,1,3.90,9.7500,true,1,209397
4812493001077,false,חטיף גבינה לבנה מצופ,,,חטיף גבינה לבנה מצופה שוקולד לבן 40 גר,גרמים,40.00,100 גרם,false,1,3.90,9.7500,true,1,209398
4815387002136,false,תה שחור דאלאי 60 שק,,,תה שחור דאלאי 60 שק,גרמים,104.00,100 גרם,false,1,29.90,28.7500,true,1,191473
4820000190961,false,בירה אובולון פחית צה,OBOLON,,בירה אובולון צהוב בפ,מיליליטרים,500.00,"100 מ""ל",false,1,7.90,1.5800,true,1,175219
4820000191579,false,בירה אובולון בהירה 2,OBOLON,,"בירה ""אובולון"" בהירה",ליטרים,2.00,ליטר,false,1,21.90,10.9500,true,1,175222
4820000192101,false,בירה קלה בטעם לימון,OBOLON,,בירה קלה בטעם לימון 500 גר,גרמים,500.00,100 גרם,false,1,7.90,1.5800,true,1,176940
4820000192125,false,בירה קלה בטעם דובדבן,OBOLON,,בירה קלה בטעם דובדבן 500 מל,מיליליטרים,500.00,"100 מ""ל",false,1,7.90,1.5800,true,1,176939
4820000196581,false,בירה זיגוליובסקויה 2,,,בירה זיגוליובסקויה 2.5 ל,ליטרים,2.50,ליטר,false,1,27.90,11.1600,true,1,183048
4820000456401,false,בירה רוברט דומס בק 5,קלסברג אוקראינה,,"בירה רוברט דומס בק 500 מ""ל",מיליליטרים,500.00,"100 מ""ל",false,1,9.90,1.9800,true,1,180276
4820002300306,false,וופל ארטק 130 גר,חרקוב בסקוויט,,"וופל ""ארטק"" 130 גר""",גרמים,130.00,100 גרם,false,1,5.90,4.5385,true,1,175242
4820002300764,false,עוגיות ללא סוכר 200,לקורנה,,עוגיות ללא סוכר 200,גרמים,200.00,100 גרם,false,1,5.90,2.9500,true,1,175243
4820002302058,false,קרקר עדין 400 גר,חרקוב בסקוויט,,"קרקר עדין 400 ג""ר",גרמים,400.00,100 גרם,false,1,12.90,3.2250,true,1,175247
4820002304052,false,ביסקויט דובדבן עם שמ,חרקוב בסקוויט,,ביסקויט דובדבן עם שמ,גרמים,330.00,100 גרם,false,1,17.90,5.4242,true,1,175251
4820002309224,false,קרקר סניור באטוניו 3,KHARKIV BISCUIT,,קרקר סניור באטוניו 350 גר,גרמים,350.00,100 גרם,false,1,10.90,3.1143,true,1,181676
4820002710242,false,בירה אובולון אוקסמיט,אובלון,,בירה אובולון אוקסמיט,מיליליטרים,1000.00,"100 מ""ל",false,1,11.90,1.1900,true,1,175254
4820002710426,false,בירה אובלון לבנה בקב,אובלון,,"בירה ""אובולון"" לבנה",מיליליטרים,1000.00,"100 מ""ל",false,1,11.90,1.1900,true,1,175255
4820002710860,false,בירה אובלון פשניצינו,OBOLON,,"בירה ""אובלון פשניצינויה"" 1 ל",ליטרים,1.00,ליטר,false,1,11.90,11.9000,true,1,176214
4820003149584,false,מיונז 67% פרובנסל 29,,,מיונז 67% פרובנסל 295 גר,גרמים,295.00,100 גרם,false,1,9.90,3.3559,true,1,207280
4820003350041,false,יין מבעבע ארטימובסקו,ARTWINER,,יין מבעבע ארטימובסקויה אדום חצי מתוק,מיליליטרים,750.00,"100 מ""ל",false,1,44.90,5.9867,true,1,175256
4820003350164,false,יין מבעבע ארטימובסקו,ARTWINER,,יין מבעבע ארטימובסקויה לבן חצי יבש,מיליליטרים,750.00,"100 מ""ל",false,1,39.90,5.3200,true,1,181225
4820003350171,false,יין מבעבע ארטימובסקו,ARTWINER,,יין מבעבע ארטימובסקויה רוזה חצי יבש,מיליליטרים,750.00,"100 מ""ל",false,1,44.90,5.9867,true,1,187940
4820003352076,false,יין מבעבע ארטימובסקו,ARTWINER,,יין מבעבע ארטימובסקויה מוסקט חצי יבש,מיליליטרים,750.00,"100 מ""ל",false,1,39.90,5.3200,true,1,181226
4820003353363,false,יין מבעבע ארטימובסקו,ARTWINER,,יין מבעבע ארטימובסקויה לבן ברוט,מיליליטרים,750.00,"100 מ""ל",false,1,39.90,5.3200,true,1,187941
4820003689363,false,מיץ עגבניות עם מלח נ,נאש סוק,,נקטר עגבניות עם מלח 1.93 ל,ליטרים,1.93,ליטר,false,6,24.90,12.9016,true,1,182301
4820003689387,false,נקטר נאש סוק בטעם דו,ויטמרק,,נקטר נאש סוק בטעם דובדבן 1.93 ל,ליטרים,1.93,ליטר,false,1,24.90,12.9016,true,1,177899
4820004382157,false,יין מבעבע פרנצ בוולו,וינפרום,,"יין מבעבע פרנצ בוולוורד חצי יבש 750 מ""ל",מיליליטרים,750.00,"100 מ""ל",false,1,32.90,4.3867,true,1,180774
4820004383345,false,יין מבעבע פרנצ בוולו,וינפרום,,"יין מבעבע פרנצ בוולוורד חצי מתוק 750 מ""ל",מיליליטרים,750.00,"100 מ""ל",false,1,32.90,4.3867,true,1,180775
4820004383369,false,יין מבעבע פרנצ בוולו,וינפרום,,"יין מבעבע פרנצ בוולוורד מתוק גולד 750 מ""",מיליליטרים,750.00,"100 מ""ל",false,1,32.90,4.3867,true,1,180776
4820004924814,false,יין מבעבע מרנגו אקסט,,,"יין מבעבע מרנגו אקסטרא ברוט יבש 750 מ""ל",מיליליטרים,750.00,"100 מ""ל",false,1,24.90,3.3200,true,1,189901
4820026670430,false,בונבוניירות סולנצני,חרקוב בסקוויט,,"בונבוניירות ""סולנצ""נ",גרמים,500.00,100 גרם,false,1,24.90,4.9800,true,1,175298
4820026671765,false,בונבוניירת טרופל עם,מלבי,,"בונבוניירת""טרופל"" עם",גרמים,200.00,100 גרם,false,1,21.90,10.9500,true,1,175301
4820026674148,false,עוגת וופל דליס 500 ג,חרקוב בסקוויט,,"עוגת וופל ""דליס"" 500",גרמים,500.00,100 גרם,false,1,36.90,7.3800,true,1,175304
4820026675497,false,בונבוניירות גריליאז,חרקוב בסקוויט,,"בונבוניירות ""גריליאז",גרמים,270.00,100 גרם,false,1,21.90,8.1111,true,1,175306
4820030561380,false,ממרח קישואים קיץ 500,אוריקה,,ממרח קישואים קיץ 200 גר,גרמים,500.00,100 גרם,false,1,11.90,2.3800,true,1,181448
4820030561410,false,שעועית ברוטב עגבניות,אוריקה,,שעועית ברוטב עגבניות 540 גר,גרמים,540.00,100 גרם,false,1,12.90,2.3889,true,1,180687
4820030561526,false,שימורי אפונה ירוקה 5,אוריקה,,שימורי אפונה ירוקה 500 גר,גרמים,500.00,100 גרם,false,12,12.90,2.5800,true,1,181003
4820030561557,false,שעועית לבנה 540 גר,אוריקה,,שעועית לבנה 540 גר,גרמים,540.00,100 גרם,false,1,12.90,2.3889,true,1,180686
4820039710710,false,קונפיטורה פוסולסקי ד,,,"קונפיטורה פוסולסקי דבור פטל 1.25 ק""ג",קילוגרמים,1.25,"ק""ג",false,1,39.90,31.9200,true,1,183478
4820039711656,false,אסורטי מלפפונים ועגב,Gora ukraine llc,,אסורטי מלפפונים ועגבניות 1.8 ל,ליטרים,1.80,ליטר,false,1,18.90,10.5000,true,1,183453
4820043010028,false,שמן אגוזי מלך 350 מל,אגרוספרום,,"שמן אגוזי מלך 350 מ""ל",מיליליטרים,350.00,"100 מ""ל",false,1,44.90,12.8286,true,1,175326
4820043010394,false,שמן חמניות אוקראיני,אגרוספרום,,"שמן חמניות אוקראיני 500 מ""ל",מיליליטרים,500.00,"100 מ""ל",false,1,34.90,6.9800,true,1,175327
4820043010455,false,שמן דלעת 350 מל,אגרוספרום,,"שמן דלעת 350 מ""ל",מיליליטרים,350.00,"100 מ""ל",false,1,69.90,19.9714,true,1,175328
4820043011193,false,שמן חמניות 500 מל,אגרוספרום,,"שמן חמניות 500 מ""ל",מיליליטרים,500.00,"100 מ""ל",false,1,36.90,7.3800,true,1,175333
4820056380361,false,עולש נמס עם אוכמניות,ורחובינקה,UA,עולש נמס עם אוכמניות להכנת משקה 100 גר,גרמים,100.00,100 גרם,false,24,7.90,7.9000,true,1,186090
4820061980174,false,ביצקי מטוגנים ברוטב,מפעל ניקולייבסקי,,ביצקי מטוגנים ברוטב עגבניות 250 גר,גרמים,250.00,100 גרם,false,1,7.90,3.1600,true,1,198051
4820061980433,false,ביצקי עם ירקות ברוטב,,,ביצקי עם ירקות ברוטב עגבניות 250 גר,גרמים,250.00,100 גרם,false,1,7.90,3.1600,true,1,203697
4820065703328,false,פילה דג סלמון אטלנטי,,,דג סלמון אטלנטי מעושן פילה פרוס 200 גר,גרמים,200.00,100 גרם,false,1,34.90,17.4500,true,1,189159
4820065706329,false,פילה סלמון אטלנטי מע,,,פילה סלמון אטלנטי מעושן קפוא 500 גר,גרמים,500.00,100 גרם,false,1,79.90,15.9800,true,1,183999
4820075505561,false,שוקולד מילניום אוורי,MALBI CHOCOLATE,,שוקולד מריר מילניום אוורירי 90 גר,גרמים,90.00,100 גרם,false,1,5.90,6.5556,true,1,181678
4820075507701,false,שוקולד מריר מילניום,,,שוקולד מריר מילניום מאוס מילוי מוס ריבת,גרמים,135.00,100 גרם,false,1,7.90,5.8519,true,1,192379
4820077081773,false,שמן חמניות דיקנקה מז,,,שמן חמניות דיקנקה מזוכך 1 ל,ליטרים,1.00,ליטר,false,1,14.90,14.9000,true,1,187855
4820077081780,false,שמן חמניות דיקנקה לא,,,שמן חמניות דיקנקה לא מזוכך 1 ל,ליטרים,1.00,ליטר,false,1,14.90,14.9000,true,1,187856
4820080720584,false,וודקה חלבני דר קלאסיק,NATIONAL ALCOHOL COM,,"וודקה חלבני דאר קלאסיק 700 מ""ל",מיליליטרים,700.00,"100 מ""ל",false,1,54.90,7.8429,true,1,175359
4820092131163,false,וופל מגולגל בטעם חלב,,,וופל מגולגל בטעם חלב אפוי רולו 100 גר,גרמים,100.00,100 גרם,false,1,4.90,4.9000,true,1,207283
4820092132764,false,וופל במילוי בטעם שוק,,,וופל במילוי בטעם שוקולד אגוזים 100 גר,גרמים,100.00,100 גרם,false,1,4.90,4.9000,true,1,207286
4820097894025,false,סיידר תפוחים הפס בטע,BEVERAGES FOODS & SE,UA,"סיידר תפוחים הפס בטעם טבעי 330 מ""ל",מיליליטרים,330.00,"100 מ""ל",false,12,7.90,2.3939,true,1,186708
4820103341574,false,חלב מרוכז 370 גר,,,"חלב מרוכז 400 גר""",גרמים,370.00,100 גרם,false,1,10.90,2.9459,true,1,177118
4820134944225,false,גרעיני חמניות ווילדר,,,גרעיני חמניות ווילדר קלויים עם מלח 200 ג,גרמים,200.00,100 גרם,false,1,10.80,5.4000,true,1,193181
4820134944263,false,גרעיני חמניות ווילדר,,,גרעיני חמניות ווילדר קלויים 200 גר,גרמים,200.00,100 גרם,false,1,10.80,5.4000,true,1,193180
4820139474284,false,שכר חמוציות זלטוגור,,,שכר חמוציות זלטוגור 500מל,מיליליטרים,500.00,"100 מ""ל",false,1,19.90,3.9800,true,1,178694
4820139474307,false,שכר דובדבן זלטוגור 5,,,שכר דובדבן זלטוגור 500מל,מיליליטרים,500.00,"100 מ""ל",false,1,19.90,3.9800,true,1,178696
4820145960238,false,דג קילקה 240 גר,סופוי,,דג קילקה 240 גר,גרמים,240.00,100 גרם,false,24,5.90,2.4583,true,1,181519
4820156631042,false,עוגיות גרונה זוו 250,GRONA,,עוגיות גרונה זוו 160 גר,גרמים,250.00,100 גרם,false,1,8.90,3.5600,true,1,180407
4820156631059,false,עוגיות גרונה מריה 31,GRONA,,עוגיות גרונה מריה 310 גר,גרמים,310.00,100 גרם,false,1,10.90,3.5161,true,1,180404
4820156631189,false,עוגיות גרונה סלאסטיו,GRONA,,עוגיות גרונה סלאסטיונה 360 גר,גרמים,360.00,100 גרם,false,1,10.90,3.0278,true,1,180406
4820156631219,false,עוגיות גרונה לזאנושק,GRONA,,עוגיות גרונה לזאנושקי 160 גר,גרמים,160.00,100 גרם,false,1,8.90,5.5625,true,1,180403
4820156633473,false,מאפה בצק עלים פלמנקו,GRONA,,מאפה בצק עלים פלמנקו 320 גר,גרמים,320.00,100 גרם,false,1,12.90,4.0313,true,1,184772
4820160780415,true,פירושקי עם אורז וביצ,,,פירושקי עם אורז וביצים 450 גר,גרמים,450.00,100 גרם,false,1,9.90,2.2000,true,1,183074
4820165641353,false,סושקה מליוטקה עם פרו,סלובוז'נסקי ברד בייק,,סושקה מליוטקה עם פרוקטוזה 300 גר,גרמים,300.00,100 גרם,false,1,6.90,2.3000,true,1,179436
4820171991664,false,קרפלך עם תפוא 900 גר,לאסקה,,"קרפלך עם תפו""א 900 גר",גרמים,900.00,100 גרם,false,1,26.90,2.9889,true,1,179498
4820171991770,false,קרפלך עם גבינה מתוקה,לאסקה,,קרפלך עם גבינה מתוקה 900 גר,גרמים,900.00,100 גרם,false,1,31.90,3.5444,true,1,179500
4820171993279,false,קרפלך עם תפוא ופטריו,לאסקה,,"קרפלך עם תפו""א ופטריות 900 גר",גרמים,900.00,100 גרם,false,1,26.90,2.9889,true,1,179993
4820171993293,false,קרפלך עם גבינה מלוחה,לאסקה,,קרפלך עם גבינה מלוחה 900 גר,גרמים,900.00,100 גרם,false,1,31.90,3.5444,true,1,179999
4820171997819,false,קרפלך תפוא עם בצל 90,לאסקה,,"קרפלך תפו""א עם בצל 900 גר",גרמים,900.00,100 גרם,false,1,26.90,2.9889,true,1,187340
4820176062895,false,יין מבעבע ארטיומובסק,,,יין מבעבע ארטיומובסקויה לבן מתוק 750 מל,מיליליטרים,750.00,"100 מ""ל",false,1,39.90,5.3200,true,1,195693
4820176202659,false,עוגיות שיבולת שועל ק,,,עוגיות שיבולת שועל קלאסי 400 גר,גרמים,400.00,100 גרם,false,1,9.90,2.4750,true,1,205868
4820176204080,false,חטיף תירס ממולא בטעם,,,חטיף תירס ממולא בטעם נוטלה 100 גר,גרמים,100.00,100 גרם,false,,5.90,5.9000,true,1,207295
4820179251593,false,אטריות רולטון להכנה,MAREVEN FOOD,,אטריות רולטון להכנה מהירה בקר בכוס 75 גר,גרמים,75.00,100 גרם,false,1,6.90,9.2000,true,1,184241
4820179251616,false,אטריות רולטון להכנה,MAREVEN FOOD,,אטריות רולטון להכנה מהירה עוף בכוס 75 גר,גרמים,75.00,100 גרם,false,1,6.90,9.2000,true,1,184240
4820179253726,false,אטריות רולטון להכנה,MAREVEN FOOD,,אטריות רולטון להכנה מהירה פטריות 75 גר,גרמים,75.00,100 גרם,false,1,6.90,9.2000,true,1,197465
4820179254693,false,פירה רולטון להכנה מה,MAREVEN FOOD,,פירה רולטון להכנה מהירה בטעם שינקן גבינה,גרמים,55.00,100 גרם,false,1,8.90,16.1818,true,1,197467
4820179254716,false,פירה רולטון להכנה מה,MAREVEN FOOD,,פירה רולטון להכנה מהירה בטעם עוף בכוס,גרמים,55.00,100 גרם,false,1,8.90,16.1818,true,1,197466
4820180250042,false,צמות סולוגוני מעושן,,,צמות סולוגוני מעושן 100 גר,גרמים,100.00,100 גרם,false,1,18.90,18.9000,true,1,183270
4820180251018,false,צמות סולוגוני מעושן,,,צמות סולוגוני מעושן 100 גר,גרמים,100.00,100 גרם,false,1,18.90,18.9000,true,1,188012
4820182060175,false,גרעיני חמניות קלויים,סנאק פרודקשן,,גרעיני חמניות קלויים מקולפים 50 גר,גרמים,50.00,100 גרם,false,1,2.90,5.8000,true,1,179001
4820182741777,false,ציפס בטעם שישליק 70,קלוס צ'פסוב,,ציפס בטעם שישליק 70 גר,גרמים,70.00,100 גרם,false,1,8.90,12.7143,true,1,192362
4820182742897,false,קרוטונים פלינט בטעם,Snacks,,קרוטונים פלינט בטעם בייקון 35 גר,גרמים,35.00,100 גרם,false,1,2.90,8.2857,true,1,188966
4820182742903,false,קרוטונים פלינט בטעם,Snacks,,קרוטונים פלינט בטעם סרטן 35 גר,גרמים,35.00,100 גרם,false,1,2.90,8.2857,true,1,188967
4820182742972,false,קרוטונים פלינט בטעם,Snacks,,קרוטונים פלינט בטעם קוויאר 35 גר,גרמים,35.00,100 גרם,false,1,2.90,8.2857,true,1,188968
4820182742996,false,קרוטונים פלינט בטעם,Snacks,,קרוטונים פלינט בטעם סלמי 35 גר,גרמים,35.00,100 גרם,false,1,2.90,8.2857,true,1,192361
4820182743009,false,קרוטונים פלינט בטעם,Snacks,,קרוטונים פלינט בטעם שישליק 35 גר,גרמים,35.00,100 גרם,false,1,2.90,8.2857,true,1,189700
4820185104876,false,פילה פורל מעושן פרוס,UFO,UA,פילה פורל מעושן פרוס 350 גר NORVEN,גרמים,350.00,100 גרם,false,18,69.90,19.9714,true,1,187438
4820185104906,false,פילה סלמון נורבן מעו,,,פילה סלמון נורבן מעושן פרוס 350 גר,גרמים,350.00,100 גרם,false,1,69.90,19.9714,true,1,182134
4820189290216,false,יין אזנאורי אדום חצי,,,"יין אזנאורי אדום חצי מתוק 750 מ""ל",מיליליטרים,750.00,"100 מ""ל",false,12,32.90,4.3867,true,1,190441
4820189290223,false,יין אזנאורי לבן חצי,,,"יין אזנאורי לבן חצי מתוק 750 מ""ל",מיליליטרים,750.00,"100 מ""ל",false,12,32.90,4.3867,true,1,190442
4820189290483,false,יין מבעבע אזנאורי לב,,,יין מבעבע אזנאור לבן חצי מתוק 750 מל,מיליליטרים,750.00,"100 מ""ל",false,6,32.90,4.3867,true,1,194676
4820189290865,false,יין מבעבע אזנאורי רו,,,יין מבעבע אזנאור רוזה חצי מתוק 750 מל,מיליליטרים,750.00,"100 מ""ל",false,6,32.90,4.3867,true,1,194678
4820193031706,false,בירה אובולון חזקה בה,OBOLON,,בירה אובולון חזקה בהירה פחית 500 מל,מיליליטרים,500.00,"100 מ""ל",false,1,8.90,1.7800,true,1,195696
4820193034691,false,בירה אובולון מחוזקת,OBOLON,,בירה אובולון מחוזקת 2 ל,ליטרים,2.00,ליטר,false,1,21.90,10.9500,true,1,197435
4820198873271,false,תה שחור עם קליפת תפו,,,תה שחור לדי גריי 25 שק,Unknown,0.00,Unknown,false,1,10.90,0.0000,true,1,189980
4820198873288,false,תה ירוק סיני קלאסי 1,,,תה ירוק דאליי 25 שק,Unknown,0.00,Unknown,false,1,10.90,0.0000,true,1,189984
4820198873318,false,תה שחור עם נענע וקור,,,תה שחור מונטן בריז 25 שק,Unknown,0.00,Unknown,false,1,10.90,0.0000,true,1,189982
4820198873325,false,חליטת פירות וצמחים ס,,,חליטת פירות וצמחים סאמה טיים 25 שק,Unknown,0.00,Unknown,false,1,10.90,0.0000,true,1,189986
4820198873332,false,תה שחור מיקס ארבע טע,,,תה שחור אסורטי 4 פלוורס 24 שק,Unknown,0.00,Unknown,false,1,10.90,0.0000,true,1,189983
4820198874063,false,חליטת פירות וצמחים ש,,,חליטת פירות וצמחים שרי דלייט 25 שק,Unknown,0.00,Unknown,false,1,10.90,0.0000,true,1,189987
4820198874605,false,תערובת תה עלים בטעם,MALBI CHOCOLATE,,תערובת תה עלים בטעם ענבים עלי כותרת פרחי,גרמים,30.00,100 גרם,false,1,9.90,33.0000,true,1,192389
4820199870019,false,סושקה וניל 300 גר,BKK,,סושקה וניל 300 גר,גרמים,300.00,100 גרם,false,1,6.90,2.3000,true,1,182794
4820199870033,false,סושקה צילנוצוק 300 ג,BKK,,סושקה צילנוצוק 300 גר,גרמים,300.00,100 גרם,false,1,6.90,2.3000,true,1,182796
4820237030061,false,ממתק במבוק בטעם חלב,,,ממתק במבוק בטעם חלב מרוכז 270 גר,גרמים,270.00,100 גרם,false,1,9.90,3.6667,true,1,206016
4820244330130,false,מזלג 50 יח,,,מזלג 50 יח,Unknown,0.00,Unknown,false,1,9.90,0.0000,true,1,204943
4820244330185,false,כפית 50 יח,,,כפית 50 יח,Unknown,0.00,Unknown,false,1,9.90,0.0000,true,1,204942
4823005000372,false,בירה לביבסקה 1715 פח,קלסברג אוקראינה,,"בירה לביבסקה 1715 פח. 500 מ""ל",מיליליטרים,500.00,"100 מ""ל",false,1,7.90,1.5800,true,1,177664
4823006800964,false,עגבניות כבושות נזין,NEZHIN,,"עגבניות כבושות נז""ין 920 גר",גרמים,920.00,100 גרם,false,1,21.90,2.3804,true,1,175367
4823006801435,false,לצו 450 גר,NEZHIN,,"לצ""ו 450 גר""",גרמים,450.00,100 גרם,false,1,17.90,3.9778,true,1,175369
4823006801800,false,מלפפונים במלח 920 גר,NEZHIN,,מלפפונים במלח 920 גר,גרמים,920.00,100 גרם,false,1,21.90,2.3804,true,1,175370
4823006801862,false,איקרה קישואים 450 גר,NEZHIN,,איקרה קישואים 450 גר,גרמים,450.00,100 גרם,false,1,17.90,3.9778,true,1,175371
4823006802050,false,אסורטי נזין 920 גר,NEZHIN,,"אסורטי ""נז""ין"" 920 ג",גרמים,920.00,100 גרם,false,1,21.90,2.3804,true,1,175372
4823006802128,false,מלפפונים בחומץ 920 ג,NEZHIN,,מלפפונים בחומץ 920 ג,גרמים,920.00,100 גרם,false,1,21.90,2.3804,true,1,175374
4823006802135,false,איקרה חצילים 450 גר,NEZHIN,,"איקרה חצילים 450 גר""",גרמים,450.00,100 גרם,false,1,17.90,3.9778,true,1,175375
4823006802401,false,אדגיקה 450 גר,NEZHIN,,"אדג""יקה 450 גר""",גרמים,450.00,100 גרם,false,1,17.90,3.9778,true,1,175377
4823006802418,false,חציל יווני 450 גר,NEZHIN,,"חציל יווני 450 גר""",גרמים,450.00,100 גרם,false,1,17.90,3.9778,true,1,175378
4823063112895,false,נקטר סנדורה דומדמניו,סנדורה,,נקטר סנדורה דומדמניות שחורות וענבים 950,מיליליטרים,950.00,"100 מ""ל",false,1,15.90,1.6737,true,1,184754
4823063112987,false,נקטר סנדורה דובדבנים,סנדורה,,"נקטר סנדורה דובדבנים מפוסטר 950 מ""ל",מיליליטרים,950.00,"100 מ""ל",false,1,15.90,1.6737,true,1,184755
4823063113038,false,מיץ סנדורה ירקות מעו,סנדורה,,"מיץ סנדורה ירקות מעוקר 950 מ""ל",מיליליטרים,950.00,"100 מ""ל",false,1,15.90,1.6737,true,1,184753
4823063113052,false,משקה סנדורה חמוציות,סנדורה,,"משקה סנדורה חמוציות מעוקר 950 מ""ל",מיליליטרים,950.00,"100 מ""ל",false,1,15.90,1.6737,true,1,184757
4823077602863,false,סוכריות טופי בטעם חל,רושן,UA,סוכ רושן גלי קרייזי פצולקה 200 גר,גרמים,200.00,100 גרם,false,1,6.90,3.4500,true,1,197549
4823077604171,false,סוכ קארא קום 1 קג,,,סוכ קארא קום 1 קג,קילוגרמים,1.00,"ק""ג",false,1,54.90,54.9000,true,1,180819
4823077604294,false,סוכ ממולאות בטעם פיר,,,סוכ ממולאות בטעם פירות בים בום 1 קג,קילוגרמים,1.00,"ק""ג",false,1,16.90,16.9000,true,1,205288
4823077604331,false,סוכריות ציטרוס מיקס,,,"סוכ ציטרוס מיקס 1 ק""ג",קילוגרמים,1.00,"ק""ג",false,1,16.90,16.9000,true,1,180812
4823077604379,false,סוכריות קשות במילוי,קייב קרמנציק,,"סוכ ראצקי 1 ק""ג",קילוגרמים,1.00,"ק""ג",false,1,24.90,24.9000,true,1,180815
4823077604416,false,סוכ קראסני מאק 1 קג,,,סוכ קראסני מאק 1 קג,קילוגרמים,1.00,"ק""ג",false,1,54.90,54.9000,true,1,180818
4823077605376,false,סוכ ממולאות בטעם חלב,קייב קרמנציק,,סוכ ממולאות בטעם חלב קפה רושן 1 קג,קילוגרמים,1.00,"ק""ג",false,,29.90,29.9000,true,1,205904
4823077607066,false,סוכ טופי אקלר 1 קג,קייב קרמנציק,,סוכ טופי אקלר,קילוגרמים,1.00,"ק""ג",false,,24.90,24.9000,true,1,185872
4823077607493,false,סוכריות ברבריס 1קג,,,"סוכ ברבריס 1 ק""ג",קילוגרמים,1.00,"ק""ג",false,1,16.90,16.9000,true,1,180808
4823077607530,false,סוכ דושס 1 קג,,,"סוכ דושס 1 ק""ג",קילוגרמים,1.00,"ק""ג",false,1,16.90,16.9000,true,1,180809
4823077608933,false,סוכריות שוקולד לצ'נה,,,סוכ לצינה,Unknown,0.00,Unknown,false,1,54.90,0.0000,true,1,180820
4823077611049,true,סוכ נוגט קרמל+בוטנים,,,סוכ נוגט קרמל+בוטנים 1 קג,קילוגרמים,1.00,"ק""ג",false,6,34.90,34.9000,true,1,188101
4823077611308,false,עוגת רושן נפוליאון 1,,,"עוגת רושן נפוליאון 1 ק""ג",קילוגרמים,1.00,"ק""ג",false,1,65.90,65.9000,true,1,183211
4823077611926,false,סוכ מילקי בינקי 1 קג,קייב קרמנציק,,"סוכ מילקי בינקי 1 ק""ג",קילוגרמים,1.00,"ק""ג",false,1,24.90,24.9000,true,1,180816
4823077613203,false,שוקולד מריר עם אגוזי לוז שלמים,רושן Roshen,,שוקולד רושן מריר+פונדוק שלם 90 גר,גרמים,90.00,100 גרם,false,1,7.90,8.7778,true,1,180803
4823077613630,false,חטיף שוקולד חלב במילוי קרם ברולה,רושן Roshen,,בטונציק שוקולד רושן קרם ברולה 43 גר,גרמים,43.00,100 גרם,false,1,3.90,9.0698,true,1,180641
4823077614675,false,ביסקוויט לקפה רושן18,קייב קרמנציק,,ביסקוויט חלב 185 גר,גרמים,185.00,100 גרם,false,1,3.90,2.1081,true,1,180807
4823077614699,false,ביסקוויט לקפה רושן ב,קייב קרמנציק,,ביסקוויט וניל 185 גר,גרמים,185.00,100 גרם,false,1,3.90,2.1081,true,1,180806
4823077614767,false,שוקולד רושן חלב נוגט,רושן,,שוקולד חלב נוגט רושן בטעם אגוזי לוז 90 ג,גרמים,90.00,100 גרם,false,1,4.90,5.4444,true,1,198406
4823077614804,false,שוקולד חלב בטעם אוכמניות,רושן Roshen,,שוקולד חלב נוגט בטעם אוכמניות כחולות 90,גרמים,90.00,100 גרם,false,1,4.90,5.4444,true,1,181317
4823077615757,false,בונ סטרלה 200 גר,רושן,,בונ סטרלה 200 גר,גרמים,200.00,100 גרם,false,1,24.90,12.4500,true,1,180805
4823077616013,false,בונ וצרני קייב 176 ג,רושן,,בונ וצרני קייב 176 גר,גרמים,176.00,100 גרם,false,1,25.90,14.7159,true,1,181547
4823077617041,false,חטיף שוקולד חלב במילוי קרמל,רושן Roshen,,בטונציק שוקולד רושן קרמל 43 גר,גרמים,43.00,100 גרם,false,1,3.90,9.0698,true,1,180801
4823077617645,false,עוגת פרזסקי רושן 850,,,עוגת פרזסקי רושן 850 גר,גרמים,850.00,100 גרם,false,1,79.90,9.4000,true,1,186860
4823077617829,false,עוגת רושן קייבסקי 45,,,עוגת רושן קייבסקי 450 גר,גרמים,450.00,100 גרם,false,1,59.90,13.3111,true,1,183210
4823077617836,false,עוגת רושן קייבסקי 85,,,עוגת רושן קייבסקי 850 גר,גרמים,850.00,100 גרם,false,1,95.90,11.2824,true,1,183212
4823077618161,false,וופל רול קונאפטו חלב,רושן,,וופל רול קונאפטו חלב 140 גר,גרמים,156.00,100 גרם,false,1,6.90,4.4231,true,1,192476
4823077618901,false,בונבוניירה שוטרס רום,רושן,,בונ שוטרס רום ליקר 150 גר,גרמים,150.00,100 גרם,false,1,12.90,8.6000,true,1,182921
4823077618918,false,בונ שוטרס ברנדי ליקר,רושן,,בונ שוטרס ברנדי ליקר 150 גר,גרמים,150.00,100 גרם,false,1,12.90,8.6000,true,1,182922
4823077621154,false,בטונציק שוקולד רושן,רושן,,בטונציק שוקולד רושן ממולא 43 גר,גרמים,43.00,100 גרם,false,1,3.90,9.0698,true,1,184345
4823077621635,false,וופל רושן בטעם חלב 7,Unknown,,וופל רושן בטעם חלב 72 גר,גרמים,72.00,100 גרם,false,1,3.90,5.4167,true,1,199292
4823077621642,false,וופל רושן בטעם שוקול,Unknown,,וופל רושן בטעם שוקולד 72 גר,גרמים,72.00,100 גרם,false,1,3.90,5.4167,true,1,199293
4823077624223,false,סוכריות ג'לי בטעמי פירות Summer Mix,רושן Roshen,,גלי בוני פרוט סאמר מיקס 200 גר,גרמים,200.00,100 גרם,false,1,6.90,3.4500,true,1,186616
4823077624247,false,סוכריות ג'לי מסוכרות בטעמי פירות,רושן Roshen,,גלי בוני פרוט ציטרוס מיקס 200 גר,גרמים,200.00,100 גרם,false,1,6.90,3.4500,true,1,186614
4823077624261,false,גלי בוני פרוט ברי מי,,,גלי בוני פרוט ברי מיקס 200 גר,גרמים,200.00,100 גרם,false,1,6.90,3.4500,true,1,186615
4823077625145,false,ממתקי שוקולד מריר עם דובדבן בליקר דובדבן,רושן Roshen,,בונ דובדבן+ליקר דובדבן 155 גר,גרמים,155.00,100 גרם,false,1,12.90,8.3226,true,1,187952
4823077625589,false,וופל רושן בטעם חלב 2,,,וופל רושן חלב 216 גר,גרמים,216.00,100 גרם,false,1,6.90,3.1944,true,1,188330
4823077625602,false,וופל רושן בטעם שוקול,,,וופל רושן שוקולד 216 גר,גרמים,216.00,100 גרם,false,1,6.90,3.1944,true,1,188331
4823077625626,false,וופל רושן בטעם אגוז,,,וופל רושן אגוז 216 גר,גרמים,216.00,100 גרם,false,1,6.90,3.1944,true,1,188332
4823077626203,false,שוקולד רושן אוורירי,רושן Roshen,,שוקולד אוורירי מריר 80 גר,גרמים,80.00,100 גרם,false,20,6.90,8.6250,true,1,188732
4823077626227,false,שוקולד רושן אוורירי,רושן Roshen,,שוקולד אורירי חלב 80 גר,גרמים,80.00,100 גרם,false,20,6.90,8.6250,true,1,188731
4823077626241,false,שוקולד אורירי לבן קרמל,רושן Roshen,,שוקולד אוורירי לבן קרמל 80 גר,גרמים,80.00,100 גרם,false,20,6.90,8.6250,true,1,188730
4823077626364,false,שוקולד רושן אוורירי,רושן Roshen,,שוקולד אוורירי לבן 80 גר,גרמים,80.00,100 גרם,false,20,6.90,8.6250,true,1,188729
4823077629136,false,שוקולד חלב לקמי רושן,,,שוקולד חלב לקמי רושן 90 גר,גרמים,90.00,100 גרם,false,1,6.90,7.6667,true,1,205906
4823077631467,false,קרקר עם מלח ים רושן,רושן,,קרקר עם מלח ים רושן 168 גר,גרמים,168.00,100 גרם,false,1,4.90,2.9167,true,1,197551
4823077631474,false,קרקר קלאסי רושן 168,רושן,,קרקר קלאסי רושן 168 גר,גרמים,168.00,100 גרם,false,1,4.90,2.9167,true,1,197550
4823077631856,false,וופל רול קונאפטו קוק,רושן,,וופל רול קונאפטו קוקוס 140 גר,גרמים,140.00,100 גרם,false,15,6.90,4.9286,true,1,195709
4823077631962,false,סוכריות טופי רושן במ,,,סוכריות טופי רושן במילוי שוקולד,קילוגרמים,1.00,"ק""ג",false,1,34.90,34.9000,true,1,197548
4823077632112,false,וופל רושן בטעם קקאו,,,וופל רושן בטעם קקאו חלב 216 גר,גרמים,216.00,100 גרם,false,1,6.90,3.1944,true,1,197545
4823077632259,false,חטיף שוקולד חלב ובוטנים,רושן Roshen,,בטונציק קרם בוטנים רושן 38 גר,גרמים,38.00,100 גרם,false,30,3.90,10.2632,true,1,196192
4823077632495,false,פרלינים מונבלאן שוקו,,,פרלינים מונבלאן שוקולד אגוז שלם 1 קג,קילוגרמים,1.00,"ק""ג",false,1,69.90,69.9000,true,1,198111
4823077632518,false,פרלינים מונבלאן שוקו,,,פרלינים מונבלאן שוקולד אגוזי לוז 1 קג,קילוגרמים,1.00,"ק""ג",false,1,69.90,69.9000,true,1,198110
4823077632570,false,שוקולד רושן מריר 85,רושן,,שוקולד מריר ברוט 80 גר,גרמים,85.00,100 גרם,false,20,6.90,8.1176,true,1,198119
4823077632587,false,שוקולד רושן חלב עם ש,רושן,,שוקולד רושן חלב שקד שלם 90 גר,גרמים,90.00,100 גרם,false,1,7.90,8.7778,true,1,198118
4823077632594,false,שוקולד רושן חלב אגוז,רושן,,שוקולד רושן חלב אגוז שלם 90 גר,גרמים,90.00,100 גרם,false,1,7.90,8.7778,true,1,198117
4823077633034,false,"גליליות רושן ""קונאפט",רושן,,גליליות וופל רושן קונאפטו קקאו 140 גר,גרמים,140.00,100 גרם,false,15,6.90,4.9286,true,1,196347
4823077633058,false,"גליליות רושן ""קונאפט",רושן,,גליליות וופל רושן קונאפטו אגוז 140 גר,גרמים,140.00,100 גרם,false,15,6.90,4.9286,true,1,196346
4823077633317,false,עוגיות לוויטה שוקולד,,,עוגיות שוקולד עם חתיכות שוקולד 150 גר,גרמים,150.00,100 גרם,false,16,6.90,4.6000,true,1,197541
4823077633324,false,עוגיות שוקוציפס לווי,,,עוגיות שוקוציפס חתיכות שוקולד 150 גר,גרמים,150.00,100 גרם,false,16,6.90,4.6000,true,1,197540
4823077633331,false,עוגיות רושן לוויטהבט,,,עוגיות רושן בטעם תפוז 150 גר,גרמים,150.00,100 גרם,false,16,6.90,4.6000,true,1,197539
4823077633348,false,עוגיות רושן לוויטה ע,,,עוגיות רושן לוויטה עם חתיכות בוטנים 150,גרמים,150.00,100 גרם,false,16,6.90,4.6000,true,1,197436
4823077633508,false,רושן חטיף וופל במילו,,,חטיף וופל במילוי קרם קקאו רושן 34 גר,גרמים,34.00,100 גרם,false,1,3.90,11.4706,true,1,205909
4823077633515,false,רושן חטיף וופל במילו,,,חטיף וופל במילוי קרם חלבי רושן 34 גר,גרמים,34.00,100 גרם,false,1,3.90,11.4706,true,1,205910
4823077633690,false,בונבוניירה רושן שוטר,רושן,,בונ שוטרס ויסקי רושן 150 גר,גרמים,150.00,100 גרם,false,1,12.90,8.6000,true,1,199674
4823077634116,false,סוכריות רושן קורובקה,,,סוכ קורובקה 1 קג,קילוגרמים,1.00,"ק""ג",false,7,24.90,24.9000,true,1,197712
4823077634178,false,עוגיות רושן לוויטה ב,,,עוגיות במילוי תפוח קינמון 168 גר,גרמים,168.00,100 גרם,false,1,6.90,4.1071,true,1,199665
4823077634192,false,עוגיות במילוי דובדבן,,,עוגיות במילוי דובדבן וניל 168 גר,גרמים,168.00,100 גרם,false,1,6.90,4.1071,true,1,199667
4823077634222,false,עוגיות Lovita ממולאות ג'לי תפוז מצופות צימקאו,רושן Roshen,,עוגיות תפוז 135 גר,גרמים,135.00,100 גרם,false,1,6.90,5.1111,true,1,199670
4823077634246,false,עוגיות Lovita ממולאות ג'לי פטל מצופות צימקאו,רושן Roshen,,עוגיות פטל 135 גר,גרמים,135.00,100 גרם,false,1,6.90,5.1111,true,1,199668
4823077634277,false,עוגיות Lovita ממולאות ג'לי תות שדה מצופות צימקאו,רושן Roshen,,עוגיות תות שדה 135 גר,גרמים,135.00,100 גרם,false,1,6.90,5.1111,true,1,199669
4823077634369,false,שוקולד רושן חלב אוור,,,שוקולד חלב ופצפוצי אורז לקמי רושן 85 גר,גרמים,85.00,100 גרם,false,1,6.90,8.1176,true,1,205907
4823077634376,false,שוקולד רושן חלב אוור,,,שוקולד חלב וקרם אגוזים לקמי רושן 85 גר,גרמים,85.00,100 גרם,false,1,6.90,8.1176,true,1,205908
4823077634406,false,עוגות אישיות שוקולד,,,עוגות אישיות שוקולד 270 גר,גרמים,270.00,100 גרם,false,1,13.90,5.1481,true,1,199672
4823077634420,false,עוגות אישיות מצופות,,,עוגות אישיות חלב 270 גר,גרמים,270.00,100 גרם,false,1,13.90,5.1481,true,1,199671
4823077634741,false,עוגיות רושן לוויטה ב,,,עוגיות במילוי תות שדה 168 גר,גרמים,168.00,100 גרם,false,1,6.90,4.1071,true,1,199675
4823077636004,false,עוגיות Lovita ממולאות ג'לי דובדבן מצופות צימקאו,רושן Roshen,,עוגיות קקאו דובדבן לוביטה 135 גר,גרמים,135.00,100 גרם,false,1,6.90,5.1111,true,1,201867
4823077636059,false,עוגיות קקאו דובדבן ל,,,עוגיות קקאו דובדבן לוביטה 420 גר,גרמים,420.00,100 גרם,false,1,16.90,4.0238,true,1,201864
4823077636073,false,עוגיות תות שדה לוביט,,,עוגיות תות שדה לוביטה 420 גר,גרמים,420.00,100 גרם,false,1,16.90,4.0238,true,1,201862
4823077636097,false,עוגיות פטל לוביטה 42,,,עוגיות פטל לוביטה 420 גר,גרמים,420.00,100 גרם,false,1,16.90,4.0238,true,1,201861
4823077636110,false,עוגיות תפוז לוביטה 4,,,עוגיות תפוז לוביטה 420 גר,גרמים,420.00,100 גרם,false,1,16.90,4.0238,true,1,201863
4823077636172,false,וופל רושן בטעם לימון,,,וופל רושן בטעם לימון 216 גר,גרמים,216.00,100 גרם,false,20,6.90,3.1944,true,1,204495
4823077636592,false,סוכריות גלי רושן קרי,רושן,,סוכ קרייזי דבורה 378 גר,גרמים,378.00,100 גרם,false,12,11.90,3.1481,true,1,203935
4823077638367,false,עוגת רושן זולוטוי קל,,,עוגת רושן זולוטוי קלוציק 500 גר,גרמים,500.00,100 גרם,false,1,49.90,9.9800,true,1,208117
4823084201158,false,תה שחור ליפטון פירמי,,,תה שחור ליפטון פירמידה פירות הדר 20 שק,Unknown,0.00,Unknown,false,1,9.90,0.0000,true,1,189168
4823085702104,false,שוקולד חלב ללא סוכר,אבק,,שוקולד חלב ללא סוכר 90 גר,גרמים,90.00,100 גרם,false,1,8.90,9.8889,true,1,202265
4823088403022,false,בונ דובדבן בליקר 285,חרקוב בסקוויט,,בונ דובדבן בליקר 285 גר,גרמים,285.00,100 גרם,false,1,28.90,10.1404,true,1,184388
4823090300838,false,קרקר פאני פישס 400 ג,,,קרקר פאני פישס 400 גר,גרמים,400.00,100 גרם,false,1,12.90,3.2250,true,1,184727
4823090302436,false,פאי קרוסטטה ענבי שוע,KHARKIV BISCUIT,UA,פאי קרוסטטה ענבי שועל 370 גר,גרמים,370.00,100 גרם,false,8,17.90,4.8378,true,1,188313
4823090302481,false,ביסקוויט לוזוק בטעם,,,ביסקוויט לוזוק בטעם חלב אפוי 180 גר,גרמים,180.00,100 גרם,false,1,5.90,3.2778,true,1,188083
4823090302498,false,ביסקוויט לוזוק בטעם,,,ביסקוויט לוזוק בטעם שמנת 180 גר,גרמים,180.00,100 גרם,false,1,5.90,3.2778,true,1,188084
4823090302528,false,ביסקוויט לוזוק בטעם,,,ביסקוויט לוזוק בטעם ריבת חלב 180 גר,גרמים,180.00,100 גרם,false,1,5.90,3.2778,true,1,188082
4823090302948,false,פאי קרוסטטה דובדבן 3,KHARKIV BISCUIT,UA,פאי קרוסטטה דובדבן 370 גר,גרמים,370.00,100 גרם,false,8,17.90,4.8378,true,1,195006
4823105400119,false,מלפפונים בחומץ 770 ג,,,מלפפונים בחומץ 770 גר,גרמים,770.00,100 גרם,false,1,20.90,2.7143,true,1,205110
4823105400539,false,מרינדה לעוף 140 גר,,,מרינדה לעוף 140 גר,גרמים,140.00,100 גרם,false,1,6.90,4.9286,true,1,205060
4823105400553,false,מרינדה לשישליק 140 ג,,,מרינדה לשישליק 140 גר,גרמים,140.00,100 גרם,false,1,6.90,4.9286,true,1,205059
4823105400560,false,ממרח זוקיני עם ירקות,,,ממרח זוקיני עם ירקות 500 גר,גרמים,500.00,100 גרם,false,1,13.90,2.7800,true,1,205114
4823105400614,false,עגבניות שרי בחומץ 50,,,עגבניות שרי בחומץ 500 גר,גרמים,500.00,100 גרם,false,1,13.90,2.7800,true,1,205112
4823105400720,false,חציל עם ירקות 500 גר,,,חציל עם ירקות 500 גר,גרמים,500.00,100 גרם,false,1,14.90,2.9800,true,1,205118
4823105400737,false,לצו בסגנון בולגרי 50,,,לצו בסגנון בולגרי 500 גר,גרמים,500.00,100 גרם,false,1,13.90,2.7800,true,1,205119
4823105400775,false,עגבניות בחומץ 780 גר,,,עגבניות בחומץ 780 גר,גרמים,780.00,100 גרם,false,1,17.90,2.2949,true,1,205113
4823105400799,false,אפונה במי מלח 200 גר,,,אפונה במי מלח 200 גר,גרמים,200.00,100 גרם,false,1,7.90,3.9500,true,1,205107
4823105400805,false,אפונה במי מלח 510 גר,,,אפונה במי מלח 510 גר,גרמים,510.00,100 גרם,false,1,12.90,2.5294,true,1,205108
4823105402052,false,שעועית ברוטב עגבניות,,,שעועית ברוטב עגבניות 500 גר,גרמים,500.00,100 גרם,false,1,13.90,2.7800,true,1,205121
4823105402618,false,חרדל בסגנון רוסי חרי,,,חרדל בסגנון רוסי חריף 190 גר,גרמים,190.00,100 גרם,false,1,6.90,3.6316,true,1,205097
4823105402625,false,חרדל עם חזרת פיקנטי,,,חרדל עם חזרת פיקנטי 190 גר,גרמים,190.00,100 גרם,false,1,6.90,3.6316,true,1,205098
4823105402960,false,רוטב עגבניות לתיבול,,,רוטב עגבניות לתיבול לבשר בקר 200 גר,גרמים,200.00,100 גרם,false,1,7.90,3.9500,true,1,205136
4823105402991,false,פלפל שחור שלם 20 גר,,,פלפל שחור שלם 20 גר,גרמים,20.00,100 גרם,false,1,2.90,14.5000,true,1,205125
4823105403073,false,תערובת תיבול לפלוב 2,,,תערובת תיבול לפלוב 20 גר,גרמים,20.00,100 גרם,false,1,2.90,14.5000,true,1,205131
4823105403080,false,תערובת עשבי תיבול בס,,,תערובת עשבי תיבול בסגנון איטלקי 10 גר,גרמים,10.00,100 גרם,false,1,2.90,29.0000,true,1,205134
4823105404131,false,חרדל דיזון 200 גר,,,חרדל דיזון 200 גר,גרמים,200.00,100 גרם,false,1,6.90,3.4500,true,1,205099
4823105802173,false,ממתק שוקולד טרופל חל,,,ממתק שוקולד טרופל חלבי 200 גר,גרמים,200.00,100 גרם,false,1,9.90,4.9500,true,1,192769
4823105804788,false,ממתק במבוק בטעם שוקו,,,ממתק במבוק בטעם שוקולד 250 גר,גרמים,250.00,100 גרם,false,1,9.90,3.9600,true,1,209131
4823105805501,false,סוכריות רויאל שארם ש,,,סוכריות רויאל שארם שמנת 235 גר,גרמים,235.00,100 גרם,false,1,25.90,11.0213,true,1,205848
4823105806584,true,שוקולד מריר 67% ללא,,,שוקולד מריר 67% ללא סוכר 90 גר,גרמים,90.00,100 גרם,false,,8.90,9.8889,true,1,202277
4823105810000,false,בטונציק קריאמו רויאל,,,בטונציק קריאמו רויאל שארם על פרוקטוז 29,גרמים,29.00,100 גרם,false,1,3.90,13.4483,true,1,205873
4823105810895,false,מגוון ממתקים מס 2 30,,,מגוון ממתקים מס 2 301 גר,גרמים,301.00,100 גרם,false,1,31.90,10.5980,true,1,209040
4823105810901,false,מגוון ממתקים מס 1 20,,,מגוון ממתקים מס 1 201 גר,גרמים,201.00,100 גרם,false,1,19.90,9.9005,true,1,209039
4840008000499,false,סושקה פרנזלוטה צלנוצ,פרנזלוטה,,סושקה פרנזלוטה צלנוצוק 500גר,גרמים,500.00,100 גרם,false,1,9.90,1.9800,true,1,177450
4840008001199,false,מיני כעכים סושקה וני,FRANZELUTA,,סושקה מיני פרנזלוטה בטעם וניל 500 גר,גרמים,500.00,100 גרם,false,1,9.90,1.9800,true,1,177446
4840008001205,false,מיני כעכים סושקה פרג,FRANZELUTA,,סושקה מיניע פרנזלוטה עם פרג 500גר,גרמים,500.00,100 גרם,false,1,9.90,1.9800,true,1,177447
4840008008624,false,מיני כעכים סושקה לוב,FRANZELUTA,,סושקה מיניע פרנזלוטה לוביטלסקייה 500גר,גרמים,500.00,100 גרם,false,1,9.90,1.9800,true,1,177448
4840008017749,false,מיני סוחרי וניל פראנ,FRANZELUTA,,מיני סוחרי וניל פראנזלוטה 200 גר,גרמים,200.00,100 גרם,false,1,7.90,3.9500,true,1,181840
4840008017763,false,מיני צנימים פראנזלוצ,FRANZELUTA,,מיני צנימים פראנזלוצה עם צימוקים 200גר,גרמים,200.00,100 גרם,false,1,7.90,3.9500,true,1,177773
4840008018302,false,דובשניות קרסטיאנסקיה,Franzeluta,,דובשניות קרסטיאנסקיה 400 גר,גרמים,400.00,100 גרם,false,1,8.90,2.2250,true,1,183063
4840008018319,false,דובשניות עם שזיף 400,פרנזלוטה,,דובשניות עם שזיף 400 גר,גרמים,400.00,100 גרם,false,1,8.90,2.2250,true,1,183062
4840008018333,false,דובשניות פרנזולטה בט,פרנזלוטה,,דובשניות פרנזולטה בטעם דבש 400 גר,גרמים,400.00,100 גרם,false,1,8.90,2.2250,true,1,179365
4840008019521,false,עוגיות פרנזולטה בצק,FRANZELUTA,,עוגיות פרנזולטה בצק עלים לבבות דקל 350 ג,גרמים,350.00,100 גרם,false,1,9.90,2.8286,true,1,183283
4840008019897,false,דפי וופל פרנזולטה עג,Franzeluta,,דפי וופל פרנזולטה עגולים 100 גר,גרמים,100.00,100 גרם,false,1,9.90,9.9000,true,1,179011
4840008028028,false,צנימים פראנזלוצה עם,FRANZELUTA,,צנימים פראנזלוצה עם צימוקים 200גר,גרמים,200.00,100 גרם,false,1,7.90,3.9500,true,1,177772
4840008031806,false,דובשניות בטעם חלב מר,Franzeluta,,דובשניות בטעם חלב מרוכז 400 גר,גרמים,400.00,100 גרם,false,1,8.90,2.2250,true,1,182262
4840008040075,false,עוגיות אוזניים קינמו,FRANZELUTA,,עוגיות אוזניים קינמון 350 ג,גרמים,350.00,100 גרם,false,1,9.90,2.8286,true,1,199433
4840013000217,false,יין מבעבע קריקובה חצ,קריקובה,MD,שמפניה קריקובה חצי מ,מיליליטרים,750.00,"100 מ""ל",false,12,39.90,5.3200,true,1,175382
4840013000248,false,יין מבעבע קריקובה חצ,קריקובה,MD,שמפניה קריקובה חצי י,מיליליטרים,750.00,"100 מ""ל",false,12,39.90,5.3200,true,1,175383
4840013000866,false,יין מבעבע קריקובה אד,קריקובה,MD,שמפניה קריקובה אדום,מיליליטרים,750.00,"100 מ""ל",false,12,39.90,5.3200,true,1,175384
4840013001054,false,יין מבעבע קריקובה מו,קריקובה,MD,שמפניה קריקובה מוסקט,מיליליטרים,750.00,"100 מ""ל",false,12,39.90,5.3200,true,1,175385
4840019004622,false,מלפפונים בחומץ 670 ג,,,מלפפונים בחומץ 670 גר,גרמים,670.00,100 גרם,false,1,10.90,1.6269,true,1,205377
4840019004639,false,אסורטי עגבניות ומלפפ,,,אסורטי עגבניות ומלפפונים מוחמצים 980 גר,גרמים,980.00,100 גרם,false,1,13.90,1.4184,true,1,205381
4840019004653,false,עגבניות שרי מוחמצות,,,עגבניות שרי מוחמצות 670 גר,גרמים,670.00,100 גרם,false,1,10.90,1.6269,true,1,205379
4840019004660,false,עגבניות אדמדמות וחומ,,,עגבניות אדמדמות וחומות מוחמצות 670 גר,גרמים,670.00,100 גרם,false,1,10.90,1.6269,true,1,205378
4840019004721,false,קורנישונים בחומץ 670,,,קורנישונים בחומץ 670 גר,גרמים,670.00,100 גרם,false,1,10.90,1.6269,true,1,205380
4840022001199,false,מיץ ויטה פרמיום עגבנ,,,מיץ ויטה פרמיום עגבניות 1ל,ליטרים,1.00,ליטר,false,1,14.90,14.9000,true,1,177578
4840022004152,false,נקטר ויטה נטורליס תפ,,,נקטר ויטה נטורליס תפוח משמש 1ל,ליטרים,1.00,ליטר,false,1,9.90,9.9000,true,1,177574
4840022004183,false,מיץ ויטה נטורליס שזי,,,מיץ ויטה נטורליסשזיפים 1 ליטר,ליטרים,1.00,ליטר,false,1,9.90,9.9000,true,1,175388
4840022004190,false,נקטר ויטה נטורליס אפ,,,נקטר ויטה נטורליס אפרסק 1 ל,ליטרים,1.00,ליטר,false,1,9.90,9.9000,true,1,185985
4840022004206,false,מיץ עגבניות ויטה נטו,,,מיץ עגבניות ויטה נטורליס 1ל,ליטרים,1.00,ליטר,false,1,9.90,9.9000,true,1,177754
4840022004589,false,מיץ ויטה נטורליס תפו,,,מיץ ויטה נטורליס תפוח-משמש 2 ליטר,ליטרים,2.00,ליטר,false,1,16.90,8.4500,true,1,175389
4840022004626,false,מיץ ויטה נטורליס עגב,,,מיץ ויטה נטורליס עגבניות 2 ליטר,ליטרים,2.00,ליטר,false,1,16.90,8.4500,true,1,175390
4840022005258,false,מיץ ויטה מולטיפרוט 1,,,מיץ ויטה מולטיפרוט 1ל,ליטרים,1.00,ליטר,false,1,10.90,10.9000,true,1,177751
4840022005265,false,מיץ תפוחים 1 ל,,,מיץ תפוחים 1 ליטר,ליטרים,1.00,ליטר,false,1,10.90,10.9000,true,1,175856
4840022005319,false,נקטר דובדבן חמוץ מתו,,,נקטר דובדבן חמוץ מתוק 1 ליטר,ליטרים,1.00,ליטר,false,1,10.90,10.9000,true,1,175858
4840022005326,false,מיץ עגבניות ויטה 1 ל,,,מיץ עגבניות 1 ליטר,ליטרים,1.00,ליטר,false,1,10.90,10.9000,true,1,175859
4840022005647,false,ריבת תותים 680 גר,,,ריבת תותים 680גר,גרמים,680.00,100 גרם,false,1,26.90,3.9559,true,1,175860
4840022005661,false,ריבת פטל 680 גר,,,ריבת פטל 680גר,גרמים,680.00,100 גרם,false,1,32.90,4.8382,true,1,175861
4840022005760,false,נקטר ויטה תות בננה 1,,,נקטר ויטה תות בננה 1 ל,ליטרים,1.00,ליטר,false,1,10.90,10.9000,true,1,204346
4840022006637,false,נקטר נטורליס תפוח דו,,,נקטר ויטה נטורליס תפוח דובדבן 1 ליטר,ליטרים,1.00,ליטר,false,1,9.90,9.9000,true,1,175864
4840022006651,false,נקטר ויטה נטורליס תפ,,,"נקטר ויטה נטורליס תפו""ע ענבים 1 ל",ליטרים,1.00,ליטר,false,1,9.90,9.9000,true,1,185986
4840022006668,false,נקטר ויטה נטוראליס ת,,,נקטר ויטה נטוראליס תפוח ענבים 2ל,ליטרים,2.00,ליטר,false,1,16.90,8.4500,true,1,177577
4840022006675,false,נקטר ויטה דובדבן 1 ל,,,נקטר ויטה דובדבן 1ל,ליטרים,1.00,ליטר,false,1,10.90,10.9000,true,1,177570
4840022006699,false,נקטר ויטה נטורליס תפ,,,נקטר ויטה נטורליס תפוח עץ אדום 1ל,ליטרים,1.00,ליטר,false,1,9.90,9.9000,true,1,177753
4840022006705,false,נקטר ויטה נטוראליס ת,,,נקטר ויטה נטוראליס תפוח אדום 2ל,ליטרים,2.00,ליטר,false,1,16.90,8.4500,true,1,177576
4840022007368,false,פטיסונים מוחמצים ויט,,,פטיסונים מוחמצים ויטה 660גר,גרמים,660.00,100 גרם,false,1,16.90,2.5606,true,1,177580
4840022007870,false,ממרח קישואים ויטה 40,,,ממרח קישואים ויטה 400 גר,גרמים,400.00,100 גרם,false,1,9.90,2.4750,true,1,192540
4840022009553,false,משקה קל נטורליס פירו,,,משקה קל נטורליס פירות טרופיים 1 ל,ליטרים,1.00,ליטר,false,1,9.90,9.9000,true,1,204344
4840022009560,false,משקה קל ויטה נטורליס,,,משקה קל ויטה נטורליס תפוחים פירות יער 1ל,ליטרים,1.00,ליטר,false,1,9.90,9.9000,true,1,188663
4840034001866,false,אפונה ירוקה ויטה 415,,,אפונה ירוקה ויטה 415גר,גרמים,415.00,100 גרם,false,1,8.90,2.1446,true,1,178688
4840095003090,false,מרמלד דולקי 350 גר,BUCURIA,,"מרמלד דולקי 350 ג""ר",גרמים,350.00,100 גרם,false,1,11.90,3.4000,true,1,175393
4840259011039,false,כעכים עם פרג 300 גר,,,כעכים עם פרג 300 גר,גרמים,300.00,100 גרם,false,1,9.90,3.3000,true,1,205851
4840259011077,false,כעכים בטעם וניל 300,,,כעכים בטעם וניל 300 גר,גרמים,300.00,100 גרם,false,1,9.90,3.3000,true,1,205850
4840472012721,false,יין פורקרי רוזה 750,,,יין פורקרי רוזה 750 מל,מיליליטרים,750.00,"100 מ""ל",false,6,64.90,8.6533,true,1,196034
4840472013551,false,יין פורקרי ררה נגרה,,,יין פורקרי ררה נגרה 750 מל,מיליליטרים,750.00,"100 מ""ל",false,6,64.90,8.6533,true,1,196036
4840557002937,false,ברנדי קנטמרי פרסטיז,מולדבסקי סטנדרט,,"ברנדי קנטמרי פרסטיז 500 מ""ל",מיליליטרים,500.00,"100 מ""ל",false,1,49.90,9.9800,true,1,180486
4840748000476,false,מלפפונים 6-9 מוחמצים,,,מלפפונים 6-9 מוחמצים 670 גר,גרמים,670.00,100 גרם,false,1,10.90,1.6269,true,1,206927
4840748000667,false,פטיסונים מוחמצים 670,,,פטיסונים מוחמצים 670 גר,גרמים,670.00,100 גרם,false,1,14.90,2.2239,true,1,206922
4840748000698,false,מלפפונים ועגבניות מו,,,מלפפונים ועגבניות מוחמצים 670 גר,גרמים,670.00,100 גרם,false,1,10.90,1.6269,true,1,204270
4840748002111,false,עגבניות מוחמצות 670,,,עגבניות מוחמצות 670 גר,גרמים,670.00,100 גרם,false,1,10.90,1.6269,true,1,204260
4840748002753,false,אפונה בראבו 420 גר,נטור ברבו,,אפונה בראבו 420 גר,גרמים,420.00,100 גרם,false,1,7.90,1.8810,true,1,180970
4840748003811,false,עגבניות במיץ עגבניות,,,עגבניות במיץ עגבניות 660 גר,גרמים,660.00,100 גרם,false,1,10.90,1.6515,true,1,204272
4841883000123,false,קוניאק XO קווינט דוי,,,קוניאק קווינט דוינה 9 שנים XO,מיליליטרים,500.00,"100 מ""ל",false,1,79.90,15.9800,true,1,189292
4850001032540,false,קונפיטורת תאנים 600,,,קונפיטורת תאנים 600 גר,גרמים,600.00,100 גרם,false,1,25.90,4.3167,true,1,190432
4850001032595,false,ריבת אגוזי מלך ירוקי,,,ריבת אגוזי מלך ירוקים 600 גר,גרמים,600.00,100 גרם,false,1,25.90,4.3167,true,1,185206
4850001035718,false,ריבת דובדבנים לבנים,,,ריבת דובדבנים לבנים 600 גר,גרמים,600.00,100 גרם,false,1,25.90,4.3167,true,1,187273
4850001110606,false,נקטר סיס רימונים 1.6,,,"נקטר ""סיס"" רימונים 1.6 ל",ליטרים,1.60,ליטר,false,1,18.90,11.8125,true,1,183465
4850001111054,false,מיץ יאן משמש טבעי 93,,,"מיץ ""יאן"" משמש טבעי 930 מ""ל",מיליליטרים,930.00,"100 מ""ל",false,1,18.90,2.0323,true,1,182757
4850001111511,false,מיץ יאן עגבניות טבעי,,,"מיץ ""יאן"" עגבניות טבעי 930 מ""ל",מיליליטרים,930.00,"100 מ""ל",false,1,18.90,2.0323,true,1,182760
4850001111559,false,ליצו יאן 450 גר,,,"ליצו ""יאן"" 450 גר",גרמים,450.00,100 גרם,false,1,15.90,3.5333,true,1,182770
4850001113881,false,קונפיטורה יאן מורן 5,,,קונפיטורה יאן מורן 567 גר,גרמים,567.00,100 גרם,false,1,19.90,3.5097,true,1,186070
4850001114949,false,נקטר סיס עגבניות 1.6,,,"נקטר ""סיס"" עגבניות 1.6 ל",ליטרים,1.60,ליטר,false,1,18.90,11.8125,true,1,183471
4850001115151,false,סלט יאן אימם באלדי 4,,,"סלט ""יאן"" אימם באלדי 485 גר",גרמים,485.00,100 גרם,false,1,15.90,3.2784,true,1,182765
4850001115168,false,סלט יאן אפיטיטקה 485,,,"סלט ""יאן"" אפיטיטקה 485 גר",גרמים,485.00,100 גרם,false,1,15.90,3.2784,true,1,182767
4850001117773,false,ממרח קישואים יאן 470,,,ממרח קישואים יאן 470 גר,גרמים,470.00,100 גרם,false,1,15.90,3.3830,true,1,192904
4850001276708,false,ברנדי 5 שנים אספטי 5,פרושן,,"ברנדי ""אספטי"" 500 מל",מיליליטרים,500.00,"100 מ""ל",false,1,64.80,12.9600,true,1,177238
4850001396598,false,רחת לוקום גויקו 250,,,רחת לוקום גויקו 250 גר,גרמים,250.00,100 גרם,false,1,7.90,3.1600,true,1,207819
4850001396604,false,רחת לוקום בטעם ורדים,,,רחת לוקום בטעם ורדים גויקו 250 גר,גרמים,250.00,100 גרם,false,1,7.90,3.1600,true,1,207820
4850001396635,false,רחת לוקום עם פיסטוק,,,רחת לוקום עם פיסטוק גויקו 250 גר,גרמים,250.00,100 גרם,false,1,10.90,4.3600,true,1,207821
4850001925651,false,משקה כוהלי על בסיס ב,,,משקה כוהלי על בסיס ברנדי בטעם קפה 500 מל,מיליליטרים,500.00,"100 מ""ל",false,12,69.90,13.9800,true,1,201830
4850004380037,false,שוקולד מריר 72% 90 ג,,,שוקולד מריר 72% 90 גר,גרמים,90.00,100 גרם,false,1,9.90,11.0000,true,1,208023
4850004381546,false,שוקולד מריר 82% 90 ג,,,שוקולד מריר 82% 90 גר,גרמים,90.00,100 גרם,false,1,9.90,11.0000,true,1,208024
4850004381973,false,מבחר ממתקי שוקולד ממ,,,מבחר ממתקי שוקולד ממולאים אבנגרד 280 גר,גרמים,280.00,100 גרם,false,1,48.90,17.4643,true,1,208004
4850004382390,false,מבחר ממתקי שוקולד לא,,,מבחר ממתקי שוקולד לאונז 280 גר,גרמים,280.00,100 גרם,false,1,48.90,17.4643,true,1,208007
4850004382482,false,שוקולד מריר 82% ושוק,,,שוקולד מריר 82% ושוקולד חלב 90 גר,גרמים,90.00,100 גרם,false,1,9.90,11.0000,true,1,208025
4850011110818,false,קונפיטורה תמרה דובדב,תמרה פירות,,קונפיטורה תמרה דובדבן 400 גר,גרמים,400.00,100 גרם,false,1,22.90,5.7250,true,1,184176
4850011110832,false,קונפיטורה תמרה פטל 4,תמרה פירות,,קונפיטורה תמרה פטל 400 גר,גרמים,400.00,100 גרם,false,1,24.90,6.2250,true,1,184175
4850016340333,false,מרק דג חדקן חארצו עם,או או או אקו פוד,,מרק דג חדקן חארצו עם אגוזי מלך 530 גר,גרמים,530.00,100 גרם,false,1,24.90,4.6981,true,1,204711
4850017006863,false,מיץ אמרה תפוע 750 מל,LAIMA,,מיץ אמרה תפוע 750 מל,מיליליטרים,750.00,"100 מ""ל",false,1,15.90,2.1200,true,1,208567
4850017006870,false,מיץ אמרה עגבניות 750,LAIMA,,מיץ אמרה עגבניות 750 מל,מיליליטרים,750.00,"100 מ""ל",false,1,15.90,2.1200,true,1,208568
4850026141418,false,קונפיטורה תות בר הום,,,קונפיטורה תות בר הום לנד 540 גר,גרמים,540.00,100 גרם,false,1,19.90,3.6852,true,1,207858
4860001120239,false,משקה בטעם אגס 1 ל,,,משקה בטעם אגס 1 ל,ליטרים,1.00,ליטר,false,1,10.90,10.9000,true,1,189445
4860001120253,false,משקה בטעם טרחון 1 ל,,,משקה בטעם טרחון 1 ל,ליטרים,1.00,ליטר,false,1,10.90,10.9000,true,1,189443
4860001120451,false,משקה טרחון זכוכית 50,,,"משקה טרחון זכוכית 500 מ""ל",מיליליטרים,500.00,"100 מ""ל",false,1,7.90,1.5800,true,1,189442
4860001590124,false,מים מינרליים מוגזים,,,מים מינרליים מוגזים סאיירמה 500 מל,מיליליטרים,500.00,"100 מ""ל",false,1,6.90,1.3800,true,1,204486
4860001590162,false,מים מינרליים מוגזים,,,מים מינרליים מוגזים סאיירמה 1 ל,ליטרים,1.00,ליטר,false,1,7.90,7.9000,true,1,204485
4860004073082,false,יין גרוזיני ספראבי 7,GWS,,יין גרוזיני ספראבי 750מל,מיליליטרים,750.00,"100 מ""ל",false,1,35.90,4.7867,true,1,177456
4860004073105,false,יין גרוזיני קינזמראו,GWS,,יין גרוזיני קינזמראולי 750מל,מיליליטרים,750.00,"100 מ""ל",false,1,35.90,4.7867,true,1,177457
4860008660196,false,יין קינזמראולי אדום,KVARELI CELLAR,,"יין קינזמראולי אדום 750 מ""ל",מיליליטרים,750.00,"100 מ""ל",false,1,32.90,4.3867,true,1,179899
4860008660202,false,יין חבנצקרה אדום חצי,KVARELI CELLAR,,"יין חבנצקרה אדום חצי מתוק 750 מ""ל",מיליליטרים,750.00,"100 מ""ל",false,1,32.90,4.3867,true,1,179900
4860008660486,false,יין מוקוזני אדום יבש,KVARELI CELLAR,,"יין מוקוזני אדום יבש 750 מ""ל",מיליליטרים,750.00,"100 מ""ל",false,1,32.90,4.3867,true,1,179903
4860008660578,false,יין מוקוזני 750 מל,,,"יין מוקוזני 750 מ""ל",מיליליטרים,750.00,"100 מ""ל",false,1,49.80,6.6400,true,1,205473
4860008660608,false,יין קינזמראולי אדום,KVARELI CELLAR,,"יין קינזמראולי אדום חצי מתוק 750 מ""ל",מיליליטרים,750.00,"100 מ""ל",false,1,49.80,6.6400,true,1,205471
4860008660615,false,יין חבנצקרה 750 מל,KVARELI CELLAR,,"יין חבנצקרה 750 מ""ל",מיליליטרים,750.00,"100 מ""ל",false,1,49.80,6.6400,true,1,179904
4860009000014,false,מיץ רימונים 100% סחוט ללא תוספת סוכר,Aromaproduct ltd,,מיץ רימונים גרוזיני,ליטרים,1.00,ליטר,false,1,18.90,18.9000,true,1,175412
4860009120170,false,נקטר רימונים קמפה 1,,,נקטר רימונים קמפה 1 ל,ליטרים,1.00,ליטר,false,1,11.90,11.9000,true,1,198631
4860009120187,false,נקטר דובדבנים קמפה 1,,,נקטר דובדבנים קמפה 1 ל,ליטרים,1.00,ליטר,false,1,11.90,11.9000,true,1,198632
4860009120194,false,מיץ תפוחי עץ 100% קמ,,,מיץ תפוחי עץ 100% קמפה 1 ל,ליטרים,1.00,ליטר,false,1,11.90,11.9000,true,1,198628
4860009120200,false,מיץ תפוזים 100% קמפה,,,מיץ תפוזים 100% קמפה 1 ל,ליטרים,1.00,ליטר,false,1,11.90,11.9000,true,1,198630
4860009120262,false,נקטר מנגו קמפה 1 ל,,,נקטר מנגו קמפה 1 ל,ליטרים,1.00,ליטר,false,1,11.90,11.9000,true,1,198633
4860009120279,false,מיץ דובדבן ורימון קמ,,,מיץ דובדבן ורימון קמפה 1 ל,ליטרים,1.00,ליטר,false,1,11.90,11.9000,true,1,198629
4860009120286,false,נקטר אפרסק קמפה 1 ל,,GE,נקטר אפרסק קמפה 1 ל,ליטרים,1.00,ליטר,false,12,11.90,11.9000,true,1,200282
4860009120460,false,נקטר פירות טרופיים ק,,GE,נקטר פירות טרופיים קמפה 1 ל,ליטרים,1.00,ליטר,false,12,11.90,11.9000,true,1,200283
4860009121047,false,נקטר פיגואה תפוח קמפ,,,נקטר פיגואה תפוח קמפה 1 ל,ליטרים,1.00,ליטר,false,1,11.90,11.9000,true,1,202945
4860009121054,false,מיץ עגבניות 100% קמפ,,,מיץ עגבניות 100% קמפה 1 ל,ליטרים,1.00,ליטר,false,1,11.90,11.9000,true,1,202944
4860019001346,false,מים מינרליים בורזומי,אי די אס בורגומי,,"מים מינרליים ""בורג""ו",מיליליטרים,500.00,"100 מ""ל",false,1,7.90,1.5800,true,1,175413
4860053011110,false,צאצא אסקנלי פלטינום,"אחים אסקנלי בע""מ",RU,"צאצא אסקנלי פלטינום 45% 500 מ""ל",מיליליטרים,500.00,"100 מ""ל",false,12,59.90,11.9800,true,1,188679
4860053012797,false,ברנדי אסקנלי 500 מל,,,ברנדי אסקנלי VSOP,מיליליטרים,500.00,"100 מ""ל",false,1,79.90,15.9800,true,1,189367
4860065010026,false,יין מוקוזאני מגאורגי,תליאני וולי,,יין מוקוזאני מגאורגיה 750 מל,מיליליטרים,750.00,"100 מ""ל",false,6,44.90,5.9867,true,1,192554
4860065010293,false,יין לבן חצי מתוק תבי,,,יין לבן חצי מתוק תבישי 750 מל,מיליליטרים,750.00,"100 מ""ל",false,6,44.90,5.9867,true,1,195782
4860065013775,false,צאצא גולד גאורגית 50,,,צאצא גולד גאורגית 500 מל,מיליליטרים,500.00,"100 מ""ל",false,1,84.90,16.9800,true,1,199678
4860065015991,false,יין אמבר בלנד כתום י,,,יין אמבר בלנד כתום יבש 750 מל,מיליליטרים,750.00,"100 מ""ל",false,1,64.90,8.6533,true,1,207064
4860065016189,false,יין חיחווי לבן יבש 7,,,יין חיחווי לבן יבש 750 מל,מיליליטרים,750.00,"100 מ""ל",false,1,64.90,8.6533,true,1,207062
4860065016219,false,יין קידזמראולי אדום,,,יין קידזמראולי אדום 750 מל,מיליליטרים,750.00,"100 מ""ל",false,1,64.90,8.6533,true,1,207059
4860102000171,false,שום לבן גאורגי כבוש,,,שום לבן גאורגי כבוש 570 גר,גרמים,570.00,100 גרם,false,1,24.90,4.3684,true,1,199363
4860102000515,false,אדגיקה סחוג אבחזי 12,,GE,אדגיקה סחוג אבחזי 120 גר,גרמים,120.00,100 גרם,false,12,9.90,8.2500,true,1,201699
4860102000522,false,רוטב טקמלי אדום גאור,,,רוטב טקמלי אדום גאורגי 270 גר,גרמים,270.00,100 גרם,false,1,9.90,3.6667,true,1,199359
4860102000539,false,רוטב טקמלי צהוב גאור,,,רוטב טקמלי צהוב גאורגי 270 גר,גרמים,270.00,100 גרם,false,1,9.90,3.6667,true,1,199358
4860102001000,false,רוטב סצבלי ציידים פי,,GE,רוטב סצבלי ציידים פיקנטי 270 גר,גרמים,270.00,100 גרם,false,6,9.90,3.6667,true,1,201698
4860102001017,false,רוטב טקמלי ירוק גאור,,,רוטב טקמלי ירוק גאורגי 270 גר,גרמים,270.00,100 גרם,false,1,9.90,3.6667,true,1,199357
4860102001116,false,מלח סוונטי 170 גר,,,מלח סוונטי 170 גר,גרמים,170.00,100 גרם,false,1,14.90,8.7647,true,1,199367
4860102001154,false,רוטב רימונים ללא תוס,,,רוטב רימונים ללא תוספת סוכר 350 גר,גרמים,350.00,100 גרם,false,1,27.90,7.9714,true,1,199360
4860102001161,false,מלח סוונטי פיקנטי 17,,,מלח סוונטי פיקנטי 170 גר,גרמים,170.00,100 גרם,false,1,14.90,8.7647,true,1,199368
4860102001208,false,תערובת תבלינים חרצו,,GE,תערובת תבלינים חרצו 108 גר,גרמים,108.00,100 גרם,false,12,14.90,13.7963,true,1,201703
4860102001383,false,רוטב פטל שחור 270 גר,,GE,רוטב פטל שחור 270 גר,גרמים,270.00,100 גרם,false,6,9.90,3.6667,true,1,206273
4860102001413,false,אדגיקה סחוג יקור גאו,,GE,אדגיקה סחוג יקור גאורגי 120 גר,גרמים,120.00,100 גרם,false,12,9.90,8.2500,true,1,204787
4860111650671,false,משקה קזבגי גזוז קרם,,,משקה קזבגי גזוז קרם 500 מל,מיליליטרים,500.00,"100 מ""ל",false,1,7.90,1.5800,true,1,207055
4860111650824,false,משקה מוגז קזבגי אגס,,GE,משקה מוגז קזבגי אגס 1 ל,ליטרים,1.00,ליטר,false,6,10.90,10.9000,true,1,206940
4860111650831,false,משקה מוגז קזבגי טרגו,,GE,משקה מוגז קזבגי טרגון 1 ל,ליטרים,1.00,ליטר,false,1,10.90,10.9000,true,1,206939
4860115861325,false,רוטב שזיפי בר טקמלי,דילאבר מוסקבה,,רוטב שזיפי בר טקמלי אדום 330 גר,גרמים,330.00,100 גרם,false,1,11.90,3.6061,true,1,205418
4865602000027,false,מים מינרלים נבגלבי מ,נבגלבי,,מים מינרליים נבגלבי מוגז 1 ל,ליטרים,1.00,ליטר,false,1,6.90,6.9000,true,1,175419
4867106070018,false,יין גרוזיני חבנצקרה,אליאנס,,"יין גרוזיני חבנצקרה 700 מ""ל",מיליליטרים,700.00,"100 מ""ל",false,1,34.90,4.9857,true,1,180300
4867106070025,false,יין גרוזיני קינזמראו,אליאנס,,"יין גרוזיני קינזמראולי 700 מ""ל",מיליליטרים,700.00,"100 מ""ל",false,1,34.90,4.9857,true,1,180301
4867106070056,false,יין ספראבי 700 מל,אליאנס,,"יין ספראבי 700 מ""ל",מיליליטרים,700.00,"100 מ""ל",false,1,34.90,4.9857,true,1,180773
4891130001199,false,רוטב צדפות 530 גר,Pun chun sauce & pre,,"רוטב צדפות 450 מ""ל",גרמים,530.00,100 גרם,false,1,24.90,4.6981,true,1,175427
4891228304478,false,"שיק היידרו 5 סנס סכינים, רביעיה",שיק Schick,CN,רביעיית סכינים שיק היידרו 5 סנס,Unknown,0.00,Unknown,false,10,39.80,0.0000,true,1,187753
4891228430061,false,סכיני גילוח לאישה Exacta 2 לעור רגיש,הנסיך- מפעל לייצור ט,CN,סכיני גילוח חד פעמי,Unknown,0.00,Unknown,false,1,24.90,0.0000,true,1,175429
4891228430085,false,שיק אקסטרים 3 קומפורט + רגיש 4 יחידות,אנרג'יזר Energizer,CN,סכיני גילוח חד פעמי,Unknown,0.00,Unknown,false,1,19.90,0.0000,true,1,175430
4903001904192,false,"רוטב סויה יאמסה פרימיום 500 מ""ל",הדקלאים אגודת שיתופי,JP,"רוטב סויה יאמסה 500 מ""ל",מיליליטרים,500.00,"100 מ""ל",false,1,17.90,3.5800,true,1,175623
4903001930993,false,רוטב טריאקי יאמאסה 5,יאמאסה yamasa,JP,רוטב טריאקי יאמאסה 500 מל,מיליליטרים,500.00,"100 מ""ל",false,1,17.90,3.5800,true,1,197420
4903001945706,false,רוטב סויה ימאסה פונז,יאמאסה yamasa,,רוטב פונזו יאמסה 500 מל,מיליליטרים,500.00,"100 מ""ל",false,12,17.90,3.5800,true,1,206932
4934418110029,false,סאקה קיקוסאקארי גונמ,קיוצ'י,,"סאקה קיקוסאקארי גונמאישו 720 מ""ל",מיליליטרים,720.00,"100 מ""ל",false,1,39.90,5.5417,true,1,182704
4996445000117,false,אטריות סובה 300 גר,Qingdao Sun-growing,,אטריות סובה 300 גר,גרמים,300.00,100 גרם,false,1,9.90,3.3000,true,1,176293
5000111047371,false,רוטב ברביקיו קלאסי 465 ג',היינץ,,רוטב HP ברביקיו קלאסי 465 גר,גרמים,465.00,100 גרם,false,1,14.90,3.2043,true,1,183309
5000146057710,false,ספריי רב שימושי לחלונות ומשטחים ווינדולין Windolene,רקיט בנקיזר,PL,"גלסקס חלונות 750 מ""ל",מיליליטרים,750.00,"100 מ""ל",false,1,9.90,1.3200,true,1,173277
5000157143365,false,מתבל בטעם מיונז וקטשופ היינץ 425 ג',היינץ Heinz,PL,"מתבל בטעם מיונז וקטשופ היינץ 425 מ""ל",מיליליטרים,425.00,"100 מ""ל",false,1,14.90,3.5059,true,1,190866
5000157144324,false,מיונז עם כמהין היינץ,,,מיונז עם כמהין היינץ 220 גר,גרמים,220.00,100 גרם,false,1,27.90,12.6818,true,1,198477
5000159376792,false,סוכריות סקיטלס Skittles פירות חמוצים,ריגלי ממתקים,,"סוכריות ""סקיטלס"" חמוץ 38 גר",גרמים,38.00,100 גרם,false,1,2.90,7.6316,true,1,177132
5000159409179,false,מארז חטיפי מיני סניקרס Snickers,סניקרס Snickers,NL,מיני חטיפי סניקרס שקית 403 גר,גרמים,403.00,100 גרם,false,1,22.90,5.6824,true,1,177419
5000159452977,false,מארז מיקס מיני חטיפי שוקולד,טוויקס Twix,NL,מיקס מיני חטיפים שקית 400 גר,גרמים,400.00,100 גרם,false,1,22.90,5.7250,true,1,177421
5000159485920,false,שוקולד מלטיזרס 100 ג,,,שוקולד מלטיזרס 100 גר,גרמים,100.00,100 גרם,false,1,9.90,9.9000,true,1,199121
5000159538626,false,מאגדת שוקולד טוויקס,טוויקס Twix,NL,מאגדת שוקולד טוויקס חמישייה,גרמים,250.00,100 גרם,false,18,10.90,4.3600,true,1,197314
5000159538640,false,מארס באונטי חמישייה,באונטי,NL,מאגדת שוקולד באונטי חמישייה,גרמים,285.00,100 גרם,false,12,10.90,3.8246,true,1,197315
5000168199245,false,שוקולד חלב מעולה בתוספת קרמל מלוח פיור גודייבה 90 ג',"אולקר מקבוצת פלאדיס,",TR,שוקולד גודיבה חלב מעולה עם חתיכות קרמל,גרמים,90.00,100 גרם,false,10,14.90,16.5556,true,1,186947
5000175411187,false,קוביות אוקסו בקר 71,,,קוביות אוקסו בקר 71 גר,גרמים,71.00,100 גרם,false,1,16.90,23.8028,true,1,196999
5000204114928,false,"גלייד ארוסול בניחוח דובדבן 300 מ""ל",coster aerosol vail,,גלייד ארוסול בניחוח דובדבו,מיליליטרים,300.00,"100 מ""ל",false,1,8.90,2.9667,true,1,190921
5000204115048,false,"גלייד ארוסול בניחוח לבנדר 300 מ""ל","אס.סי ג'ונסון,מידרכט",NL,גלייד ארוסול בניחוח לבנדר 300 מל,מיליליטרים,300.00,"100 מ""ל",false,1,8.90,2.9667,true,1,190923
5000204133509,false,שקיות אחסון גדולות- 19 יח' זיפלוק,,,זיפלוק שקיות אחסון גדולות 19 יח,Unknown,0.00,Unknown,false,1,13.90,0.0000,true,1,195119
5000204151022,false,"פלדג' אירוסול לניקוי רהיטים לבנדר 250 מ""ל",,,אירוסול לניקוי רהיטים פלדג לבנדר 250 מל,מיליליטרים,250.00,"100 מ""ל",false,1,10.90,4.3600,true,1,196122
5000204182057,false,גלייד ג'ל ריחני בניחוח לבנדר 180 גרם,,,גל גלייד ריחני בניחוח לבנדר 180 גר,גרמים,180.00,100 גרם,false,1,15.90,8.8333,true,1,197909
5000204196894,false,"נוזל מילוי אקליפטוס 45 לילות 36 מ""ל רייד",,,מילוי נוזל רייד אקליפטוס 45 לילות 36 מל,מיליליטרים,36.00,"100 מ""ל",false,24,14.90,41.3889,true,1,197896
5000204243031,false,"נוזל לאסלה ירח פורח 750 מ""ל דאק",,NL,טואלט דאק נוזל ירח פורח 750 מל,מיליליטרים,750.00,"100 מ""ל",false,1,9.90,1.3200,true,1,202960
5000204254617,false,סבון מוצק לאסלה ירח פורח 38.6 ג' דאק,,PL,סבון דאק ניקוי אסלה ירח פורח 38.6 גר,גרמים,39.00,100 גרם,false,1,5.90,15.1282,true,1,202957
5000204657883,false,"קיווי מ. נעלים קופסא חום 50מ""ל",ג' אל ראיה בוגור ג'א,ID,משחה לצחצוח נעליים ח,גרמים,44.00,100 גרם,false,1,6.90,15.6818,true,1,176960
5000213014905,false,בירה גינס פחית 440 מ,קרלסברג ישראל,IE,"בירה ""גינס"" פחית 440 מל",מיליליטרים,440.00,"100 מ""ל",false,1,14.90,3.3864,true,1,176871
5000267014203,false,ויסקי גוני ווקר אדום,גוני ווקר,,ויסקי JW,מיליליטרים,700.00,"100 מ""ל",false,1,79.90,11.4143,true,1,173279
5000267024202,false,"וויסקי ג'וני בלאק לייבל עם פורר 700מ""ל",אלכוהול (איי.בי.בי),,"ג""וני ווקר שחור",מיליליטרים,700.00,"100 מ""ל",false,1,124.90,17.8429,true,1,173280
5000267117560,false,ויסקי גולד לייבל רזר,,,"ויסקי ""גיוני ווקר"" גולד ריזרב 700 מ""ל",מיליליטרים,700.00,"100 מ""ל",false,1,189.90,27.1286,true,1,180661
5000299605950,false,גין ביפאיטר לונדון פ,,,גין פיפיטר פינק 700 מל,מיליליטרים,700.00,"100 מ""ל",false,1,109.90,15.7000,true,1,192369
5000299629253,false,מארז ויסקי בלנטיינס,,,מארז ויסקי בלנטיינס 700 מל+2 כוסות,מיליליטרים,700.00,"100 מ""ל",false,1,89.90,12.8429,true,1,203272
5000329002193,false,משקה ג'ין ביפאיטר 70,ג'יימס בורו,,"גין ביפיטר 700 מ""ל",מיליליטרים,700.00,"100 מ""ל",false,1,104.90,14.9857,true,1,180508
5000394140820,false,שישיות סוללות AA פלוס פאוור דורסל,Unknown,,סוללות דורסל AA פלוס פאור שישייה,Unknown,0.00,Unknown,false,1,18.90,0.0000,true,1,199510
5000394141209,false,שישיות סוללות AAA פלוס פאוור דורסל,Unknown,,סוללות דורסל AAA פלוס פאור שישייה,Unknown,0.00,Unknown,false,1,18.90,0.0000,true,1,199511
5000396037944,false,ביסקוויט קלאסי 250 ג' מקוויטיס,ברנדס סרטרה נשיונל,,ביסקוויט מקוויטיס קלאסי 250 גר,גרמים,250.00,100 גרם,false,1,9.90,3.9600,true,1,183512
5010103800259,false,וויסקי גיי אנד בי.,גסטוריני אנד ברוקס,,ויסקי JB,מיליליטרים,750.00,"100 מ""ל",false,1,79.90,10.6533,true,1,173282
5010182996799,false,ג'ל אסלה מנטרל ריחות בניחוח פרחי בר ורודים,דאופלור אס.פי.אי איט,IT,"ג""ל אסלה ""טואלט דאק""",מיליליטרים,55.00,"100 מ""ל",false,1,9.90,18.0000,true,1,173283
5010182997253,false,"רייד ארוסול קוטל ג''וקים - 300 מ""ל",אס.סי.ג'ונסון מידרכט,NL,"ארוסול ""רייד"" קוטל ג",מיליליטרים,300.00,"100 מ""ל",false,1,15.90,5.3000,true,1,173284
5010182997338,false,"טואלט דאק ג'ל אסלה ניחוח רענן 55 מ""ל","איטיליאן פוד, אס.פי.",IT,"ג""ל לאסלה ""טואלט דאק",מיליליטרים,55.00,"100 מ""ל",false,1,9.90,18.0000,true,1,173285
5010182997680,false,"רייד ארוסול קוטל נמלים - 300 מ""ל",אס.סי.ג'ונסון מידרכט,NL,"ארוסול ""רייד"" קוטל נ",מיליליטרים,300.00,"100 מ""ל",false,1,15.90,5.3000,true,1,173286
5010182998861,false,"טואלט דאק נוזל לאסלה ירוק 750 מ""ל",מיוצר עי קונדיטוריית,NL,ט דאק ירוק,מיליליטרים,750.00,"100 מ""ל",false,1,9.90,1.3200,true,1,173289
5010314302863,false,וויסקי מקאלן פיין או,אדרינגטון,GB,ויסקי מקאלן דאבל 12 שנים 700 מל,מיליליטרים,700.00,"100 מ""ל",false,12,299.90,42.8429,true,1,196009
5010327000046,false,וויסקי גרנט'ס סקוטי,"איי, בי, אינבוו",,וויסקי גרנטיס באריזת,מיליליטרים,700.00,"100 מ""ל",false,1,79.90,11.4143,true,1,173291
5010327000176,false,ויסקי גלנפידיך 12 שנ,ויליאם גראנט,,"ויסקי ""גלנפידיך מולט",מיליליטרים,700.00,"100 מ""ל",false,1,179.90,25.7000,true,1,173292
5010327105215,false,וויסקי מאנקי שולדר Monkey Shoulder,וויליאם גרנט ובניו,GB,וויסקי מוניק שולדר 0.7ל,מיליליטרים,700.00,"100 מ""ל",false,1,149.90,21.4143,true,1,177309
5010327325125,false,ויסקי סולרה ריזרב 15,ויליאם גראנט,,וויסקי סולרה ריזרב 0.7ל,מיליליטרים,700.00,"100 מ""ל",false,1,249.90,35.7000,true,1,177307
5010327325323,false,ויסקי גלנפידיך 18 שנ,ויליאם גראנט,,ויסקי גלנפידיך 18 שנה רזרב 700 מל,מיליליטרים,700.00,"100 מ""ל",false,1,359.90,51.4143,true,1,196541
5010327399614,false,ויסקי גלנפידיך 12 שנ,ויליאם גראנט,GB,ויסקי גלנפידיך 12 שנה אמריקן אוק 700 מל,מיליליטרים,700.00,"100 מ""ל",false,1,179.90,25.7000,true,1,206097
5010504100149,false,ויסקי קאטי סארק סטור,,,"ויסקי קאטי סארק סטורם 700 מ""ל",מיליליטרים,700.00,"100 מ""ל",false,1,114.90,16.4143,true,1,182700
5010509021067,false,ויסקי ספייברן 10 שני,,,"ויסקי ספייברן 10 שנים 700 מ""ל",מיליליטרים,700.00,"100 מ""ל",false,1,119.90,17.1286,true,1,191541
5010509414081,false,ויסקי הנקי בניסטר 1,,,וויסקי הנקי בניסטר 1ל,ליטרים,1.00,ליטר,false,1,89.90,89.9000,true,1,178142
5010677551281,false,"בקרדי בריזר לימון 275 מ""ל בקבוק",בקרדי בריזר Bacardi Breezer,BE,בקרדי בריזר לימון 275 מל,מיליליטרים,275.00,"100 מ""ל",false,1,14.90,5.4182,true,1,173302
5010677551397,false,"בקרדי בריזר ליים 275 מ""ל בקבוק",בקרדי בריזר Bacardi Breezer,BE,בקרדי בריזר לימון ליים 275 מל,מיליליטרים,275.00,"100 מ""ל",false,1,14.90,5.4182,true,1,173303
5010677552387,false,"בקרדי בריזר אננס 275 מ""ל בקבוק",בקרדי בריזר Bacardi Breezer,BE,בקרדי בריזר אננס 275,מיליליטרים,275.00,"100 מ""ל",false,1,14.90,5.4182,true,1,173304
5010677554398,false,"בקרדי בריזר אבטיח 275 מ""ל בקבוק",בקרדי בריזר Bacardi Breezer,BE,בקרדי בריזר אבטיח 27,מיליליטרים,275.00,"100 מ""ל",false,1,14.90,5.4182,true,1,173305
5010677850100,false,וודקה גריי גוס בקבוק,בקרדי מרטיני,FR,"וודקה גריי גוס 700 מ""ל",מיליליטרים,700.00,"100 מ""ל",false,6,119.90,17.1286,true,1,188467
5010852000917,false,ויסקי בארקליס 700 מל,CAMPBELL MEYER,,וויסקי בארקליס 0.7 ל,מיליליטרים,700.00,"100 מ""ל",false,1,64.90,9.2714,true,1,173306
5010867400092,false,יין פורט גראהם בציר,,,"יין פורט גראהם בציר 750 מ""ל",מיליליטרים,750.00,"100 מ""ל",false,1,99.90,13.3200,true,1,182144
5011007003005,false,"וויסקי ג'יימסון אירי מזוקק 700 מ""ל",אייריש דיסטילרז,IE,"ויסקי ג""יימסון 0.7 ל",מיליליטרים,700.00,"100 מ""ל",false,1,99.90,14.2714,true,1,173307
5011013100132,false,ליקר אייריש קרם בייל,,,"אייריש קרים ""בייליס""",מיליליטרים,750.00,"100 מ""ל",false,1,89.90,11.9867,true,1,173308
5011013500680,false,ליקר שרידנס 700 מל,,,ליקר שרידנס 700 מל,מיליליטרים,700.00,"100 מ""ל",false,1,89.90,12.8429,true,1,177826
5011026108033,false,וויסקי אירי טולמור דיו,פארייפאבה אגרואינדוס,IE,וויסקי טולמור דיו 0.7ל,מיליליטרים,700.00,"100 מ""ל",false,1,89.90,12.8429,true,1,177306
5011157671222,false,"אורז בסמטי חום מלא טילדה 1 ק""ג",טילדה Tilda,,אורז טילדה בסמטי חום 1 קג,קילוגרמים,1.00,"ק""ג",false,1,24.90,24.9000,true,1,198654
5014271300429,false,סן דלפו מעדן משמש ללא סוכר 284גר,סנדלפור St.dalfour,FR,"מעדן ""סנט דלפור"" משמ",גרמים,284.00,100 גרם,false,1,19.90,7.0070,true,1,173317
5014271310428,false,סן דלפו מעדן דבדבן שחור ללא סוכ 284 ג',המאפיה של הרמן,FR,"מעדן ""סנט דלפור"" דוב",גרמים,284.00,100 גרם,false,1,19.90,7.0070,true,1,173318
5014271330426,false,מעדן פרי אוכמניות כחולות,סנדלפור St.dalfour,FR,"מעדן ""סנט דלפור"" אוכ",גרמים,284.00,100 גרם,false,1,19.90,7.0070,true,1,173319
5014271350424,false,מעדן סנט דלפור 4 פירות 284ג',המאפיה של הרמן,FR,"מעדן ""סנט דלפור"" ארב",גרמים,284.00,100 גרם,false,1,19.90,7.0070,true,1,174670
5014271360423,false,סן דלפו מעדן תפוז ללא סוכר 284 ג',המאפיה של הרמן,FR,"מעדן ""סנט דלפור"" תפו",גרמים,284.00,100 גרם,false,1,19.90,7.0070,true,1,174671
5014271400426,false,סן דלפו מעדן תות שדה ללא סוכר 284 ג',המאפיה של הרמן,FR,"מעדן ""סנטדלפור"" תות 284 גר",גרמים,284.00,100 גרם,false,1,19.90,7.0070,true,1,174674
5014271560427,false,מעדן פרי תפוז וג'ינג'ר,סנדלפור St.dalfour,FR,"מעדן ""סנט דלפור"" תפו",גרמים,284.00,100 גרם,false,1,19.90,7.0070,true,1,174675
5014271795980,false,מעדן פרי חמוציות ואוכמניות,סנדלפור St.dalfour,FR,"מעדן ""סנט דלפור"" אוכ",גרמים,284.00,100 גרם,false,1,19.90,7.0070,true,1,174676
5014379009972,false,בירה באדוויזר פחית 5,באדווייזר Budweiser,,"בירה באדוויזר פחית 500 מ""ל",מיליליטרים,500.00,"100 מ""ל",false,1,9.90,1.9800,true,1,190463
5021349702832,false,ויסקי טומינטול גלן מ,,,ויסקי טומינטול גלן מקאדם 1825 700 מל,מיליליטרים,700.00,"100 מ""ל",false,1,159.90,22.8429,true,1,207008
5021349703976,false,ויסקי טומינטול סינגל,,,ויסקי טומינטול סינגל מאלט שרי פיניש 700,מיליליטרים,700.00,"100 מ""ל",false,1,159.90,22.8429,true,1,193700
5024546366630,false,ויסקי סקוטש לאודרס 1,אגדת,IL,"וויסקי ""סקוטש לאודרס",מיליליטרים,1000.00,"100 מ""ל",false,1,99.90,9.9900,true,1,174685
5028349003693,false,ויסקי בוני אנד קלייד,גלן קלייד,,וויסקי בוני אנד קלייד 1 ל,ליטרים,1.00,ליטר,false,1,99.90,99.9000,true,1,179094
5029053002408,false,נייר טואלט קלינקס פרימיום לבן - מארז 9 גלילים,קימברלי קלארק ישראל,IL,נייר טואלט קלינקס לב,גרמים,1184.00,100 גרם,false,1,34.90,2.9476,true,1,174692
5029053002439,false,נייר טואלט קלינקס פרימיום צהוב - מארז 9 גלילים,חוגלה קימברלי,,נייר טואלט קלינקס צה,Unknown,0.00,Unknown,false,1,34.90,0.0000,true,1,174693
5029053039725,false,קופסת ממחטות נטורל פרש 72 דף קלינקס,עלבד,,מחמטות נטורל פרש קלינקס קופסא 72 יח,Unknown,0.00,Unknown,false,24,10.90,0.0000,true,1,200396
5029053510811,false,קוטקס - תחבושות אולטרה נורמל + כנפיים 30 יח',קימברלי קלארק,,"תחבושות ""קוטקס"" נורמ",Unknown,0.00,Unknown,false,1,17.90,0.0000,true,1,174694
5029053510828,false,קוטקס - תחבושות אולטרה סופר + כנפיים 22 יח',קימברלי קלארק,,"תחבושות ""קוטקס"" סופר",Unknown,0.00,Unknown,false,1,17.90,0.0000,true,1,174695
5029053523446,false,קוטקס - תחבושות אולטרה נייט + כנפיים 20 יח',קימברלי קלארק,,"תחבושות ""קוטקס"" נייט",Unknown,0.00,Unknown,false,1,17.90,0.0000,true,1,174696
5029053578309,false,קופסת ממחטות אולטרה סופט 48 דף קלינקס,קימברלי,IL,מטליות אף אולטרה סופט קלינקס קוביה 48 דף,Unknown,0.00,Unknown,false,12,7.90,0.0000,true,1,200397
5029054220085,false,האגיס - מגבוני האגיס אקסטרה קר לא מבושם 56 יח' * 4,קימברלי,IL,מגבונים לחים האגיס קייר לא מבושם,Unknown,0.00,Unknown,false,1,24.90,0.0000,true,1,203518
5035766060253,false,מרפיס אייריש סטאוט פ,מרפיס Murphys,,"בירה מרפיס סטאוט 500 מ""ל",מיליליטרים,500.00,"100 מ""ל",false,1,12.90,2.5800,true,1,174703
5050083559761,false,קלוגס קוקו פופס שוקוס 500 גרם.,קלוגס מניופקטורינג א,ES,קורנפלקס קלוגס קוקו פופס שוקוס 500 גר,גרמים,500.00,100 גרם,false,1,16.90,3.3800,true,1,191647
5053827215862,false,קלוגס קוקו פופס שוקו 500ג',קלוגס Kellogg's,GB,דגני בוקר קלוגס קוקו פופס 500 גר,גרמים,500.00,100 גרם,false,16,16.90,3.3800,true,1,191062
5055966801005,false,ויסקי בושמילס אוריגי,אלב בושמילס,,"וויסקי אירי בושמילס אוריגינל 700 מ""ל",מיליליטרים,700.00,"100 מ""ל",false,1,99.90,14.2714,true,1,179387
5055966830142,false,ויסקי בושמילס חביות,,,ויסקי בושמילס חביות רום 700 מל,מיליליטרים,700.00,"100 מ""ל",false,1,129.90,18.5571,true,1,198513
5055966830159,false,ויסקי בושמילס חביות,,,ויסקי בושמילס חביות ברבן 700 מל,מיליליטרים,700.00,"100 מ""ל",false,1,129.90,18.5571,true,1,198514
5060045588128,false,ווסקי ג'ים בים לבן,"איי, בי, אינבוו",US,"גים בים לבן כשר 700 מ""ל",מיליליטרים,700.00,"100 מ""ל",false,1,99.90,14.2714,true,1,185106
5060074861513,false,ויסקי היילנד קווין ס,,,ויסקי היילנד קווין סינגל מאלט מגסטי 700,מיליליטרים,700.00,"100 מ""ל",false,1,159.90,22.8429,true,1,181251
5060255492154,false,חול חתולים אברקלין ללא בישום,אבר קלין Ever clean,,אבר קלין תורכיז ללא בישום 6 ל,ליטרים,6.00,ליטר,false,1,54.90,9.1500,true,1,204884
5060255492185,false,אברקלין עוצמה נחוזקת,,,אבר קלין חול עוצמה מחוזקת 6 קג,קילוגרמים,6.00,"ק""ג",false,1,54.90,9.1500,true,1,192628
5060412214124,false,חול אברקלין צהוב פיזור מופחת,אבר קלין Ever clean,,אבר קלין חול פיזור צהוב מופחת 6 קג,קילוגרמים,6.00,"ק""ג",false,1,54.90,9.1500,true,1,192827
5060517886486,false,"משקה אנרגיה מונסטר פח 500 מ""ל",מונסטר אנרג'י Monster Energy,RU,"משקה אנרגיה מונסטר פחית 500 מ""ל",מיליליטרים,500.00,"100 מ""ל",false,24,7.90,1.5800,true,1,191281
5060517886516,false,"משקה אנרגיה מונסטר זירו פח 500 מ""ל",מונסטר אנרג'י Monster Energy,RU,"משקה אנרגיה מונסטר זירו פחית 500 מ""ל",מיליליטרים,500.00,"100 מ""ל",false,24,7.90,1.5800,true,1,191282
5060639128051,false,"משקה אנרגיה מונסטר אולטרה פחית 500 מ""ל",מונסטר אנרג'י Monster Energy,RS,"משקה אנרגיה מונסטר אולטרה פחית 500 מ""ל",מיליליטרים,500.00,"100 מ""ל",false,24,7.90,1.5800,true,1,193609
5060639129102,false,"משקה אנרגיה מונסטר מנגו פח 500 מ""ל",מונסטר אנרג'י Monster Energy,RS,משקה אנרגיה מונסטר מנגו פחית 500 מל,מיליליטרים,500.00,"100 מ""ל",false,24,7.90,1.5800,true,1,195676
5060751218173,false,"משקה אנרגיה מונסטר Pipline punch פח 500 מ""ל",Monster energy סרביה,IE,משקה אנרגיה מונסטר פחית 500 מל,מיליליטרים,500.00,"100 מ""ל",false,24,7.90,1.5800,true,1,204223
5060751219033,false,"משקה אנרגיה מונסטר ULTRA PARADISE פח 500 מ""ל",Monster energy סרביה,IE,משקה אנרגיה מונסטר אולטרה פחית 500 מל,מיליליטרים,500.00,"100 מ""ל",false,24,7.90,1.5800,true,1,204432
5099873017623,false,"גק דניאלס טנסי אפל 700 מ""ל",ג'ק דניאלס Jack Daniel's,BE,וויסקי גיק דניאלס טנסי אפל 700 מל,מיליליטרים,700.00,"100 מ""ל",false,6,109.90,15.7000,true,1,195247
5200100943749,false,עוגיות סנדוויץ שיבול,Violanta Cookies S.A,GR,עוגיות סנדוויץ שיבולת שועל קרם חמאת בוטנ,גרמים,180.00,100 גרם,false,12,10.90,6.0556,true,1,196209
5200100943763,false,עוגיות סנדוויץ שיבול,Violanta Cookies S.A,GR,עוגיות סנדוויץ שיבולת שועל קרם טחינה 180,גרמים,180.00,100 גרם,false,12,10.90,6.0556,true,1,196210
5200100943787,false,עוגיות סנדוויץ שיבול,Violanta Cookies S.A,GR,עוגיות סנדוויץ שיבולת שועל קרם שוקולד מר,גרמים,180.00,100 גרם,false,12,10.90,6.0556,true,1,196211
5200100943800,false,עוגיות סובין במילוי,Violanta Cookies S.A,GR,עוגיות סובין במילוי קרם שוקולד מריר 170,גרמים,170.00,100 גרם,false,12,10.90,6.4118,true,1,196212
5200133120292,false,גליליות וופלים ללא ס,גולדן ברייק,GR,גליליות וופל ללא סוכר קקאו ואגוזים 135 ג,גרמים,135.00,100 גרם,false,12,6.90,5.1111,true,1,187189
5200133120476,false,גלילות וופלים ממולאים קרם אגוזים וקקאו 400 ג',יוניליוור גרמניה Gm,GR,גליליות וופלים אגוזים קקאו גולדן ברייק,גרמים,400.00,100 גרם,false,1,16.90,4.2250,true,1,185123
5200133120483,false,גלילות וופלים ממולאים קרם וניל,יוניליוור גרמניה Gm,GR,גליליות וופלים גולדן ברייק וניל 400 גר,גרמים,400.00,100 גרם,false,1,16.90,4.2250,true,1,185122
5200133120735,false,גליליות וופלים שוקלד מריר 400 ג',גולדן ברייק,GR,גליליות וופלים שוקולד מריר 400 גר,גרמים,400.00,100 גרם,false,12,16.90,4.2250,true,1,191064
5200133120742,false,גליליות וופלים תות 400 ג',גולדן ברייק,GR,גליליות וופלים במילוי תות 400 גר,גרמים,400.00,100 גרם,false,12,16.90,4.2250,true,1,191065
5201178801054,false,"ניוואה קרם רב שימושי 250מ""ל",טרופיקל דגיל תעשיות,DE,ניוואה קרם רב שימושי 250 מל,מיליליטרים,250.00,"100 מ""ל",false,1,29.90,11.9600,true,1,194044
5201205111279,false,ספוג סופג ריח מקרר מיוחד,סדובסקי,,ספוג סופג ריח,Unknown,0.00,Unknown,false,1,11.90,0.0000,true,1,174719
5201306803400,false,זיתים מושחרים 465 גר,אינטרקום יוון,,זיתים מושחרים 465 גר,גרמים,465.00,100 גרם,false,12,26.90,5.7849,true,1,174720
5201306810422,false,זיתי קלמטה יווני 150,,,זיתי קלמטה יווני 150 גר,גרמים,150.00,100 גרם,false,1,12.90,8.6000,true,1,207799
5201347160326,false,"ג'ל למניעת אבנית, 750 מ""ל קלגון",קלגון Calgon,,"גל למניעת אבנית קלגון 750 מ""ל",מיליליטרים,750.00,"100 מ""ל",false,1,24.90,3.3200,true,1,183783
5201940010110,false,זיתים שחורים מזן קלמטה בפח 454 ג',סיוארס אס.איי,GR,"זיתים קלמנטה 454 ג""ר",גרמים,454.00,100 גרם,false,1,17.90,3.9427,true,1,174726
5201940040117,false,זיתים ירוקים במלח דב,סוילה,GR,זיתים ירוקים במלח 700 גר,גרמים,700.00,100 גרם,false,6,18.90,2.7000,true,1,205291
5201940050123,false,זיתים ירוקים ללא גלע,סוילה,GR,זיתים ירוקים ללא גלעין במלח 700 גר,גרמים,700.00,100 גרם,false,6,18.90,2.7000,true,1,205290
5201940060078,false,זיתים קלמטה במלח 700,,,זיתים קלמטה במלח 700 גר,גרמים,700.00,100 גרם,false,1,18.90,2.7000,true,1,205289
5202152170012,false,זית יווני רגינה 850,,,זית יווני רגינה 850 גר,גרמים,850.00,100 גרם,false,1,24.90,2.9294,true,1,174727
5202175001515,false,נאצ'וס בטעם מלוח 225 גרם,אל סבור מקסיקן פוד,TW,ציפס נאצו מלוח 225 גר,גרמים,225.00,100 גרם,false,1,10.90,4.8444,true,1,183883
5202175001546,false,נאצ'וס בטעם ברביקיו 225 גרם,אל סבור מקסיקן פוד,TW,ציפס נאצו בטעם ברביקיו 225 גר,גרמים,225.00,100 גרם,false,1,10.90,4.8444,true,1,183882
5202413007019,false,ערק אוזו פלומארי 700,Plomari ouzo distill,GR,"ערק אוזו פלומארי 700 מ""ל",מיליליטרים,700.00,"100 מ""ל",false,1,79.90,11.4143,true,1,188267
5202429109394,false,זיתים מושחרים אליטה,,,זיתים מושחרים אליטה 820 מל,גרמים,820.00,100 גרם,false,1,19.90,2.4268,true,1,197215
5206759020701,false,סוכריות ג'לי פירות אקזוטי 700 גר',,,סוכריות גלי אקזוטי 700גר,גרמים,700.00,100 גרם,false,1,16.90,2.4143,true,1,177623
5390683100711,false,מוליס אייריש קרים 1,,,מוליס אייריש קרים 1 ל,ליטרים,1.00,ליטר,false,12,109.90,109.9000,true,1,195082
5400265012186,false,קופידו פרלינים בלגים,HAMLET NV,,קופידו פרלינים בלגים,גרמים,500.00,100 גרם,false,1,64.90,12.9800,true,1,174748
5400265022796,false,שוקול'ס-דפדפי שוקולד חלב 125 גר,HAMLET NV,,המלט דפדפי שוקולד קר,גרמים,125.00,100 גרם,false,1,16.90,13.5200,true,1,174754
5400265022826,false,המלט דפדפי שוקולד קריספי תפוז 125 גר,HAMLET NV,,המלט דפדפי שוקולד קר,גרמים,125.00,100 גרם,false,1,16.90,13.5200,true,1,174757
5410059024721,false,שוקולד מריר בלגי 200,,,שוקולד מריר בלגי 200 גר,גרמים,200.00,100 גרם,false,1,16.90,8.4500,true,1,206148
5410076951710,false,"אריאל לכביסה שושן צחור 4 ק""ג",פרוקטר אנד גמבל,,"אבקת כביסה אריאל שושן צחור 4 ק""ג",קילוגרמים,4.00,"ק""ג",false,1,34.90,8.7250,true,1,179036
5410126006087,false,לוטוס עוגיות קרמל 700 גרם,כלורוקס אוקלנד,BE,"ביסקוויט ""לוטוס"" קרמל 700 גר",גרמים,700.00,100 גרם,false,1,24.90,3.5571,true,1,177185
5410126006377,false,לוטוס עוגיות סנדוויץ במילוי וניל 150 גרם,לוטוס ביקרי בלגיה נ.,BE,עוגיות במילוי קרם וניל לוטוס 150 גר,גרמים,150.00,100 גרם,false,1,9.90,6.6000,true,1,198219
5410126106022,false,לוטוס מארז חגים 250X2 גר',לוטוס בייקרי,BE,מארז חגים עוגיות לוטוס 2*250,גרמים,500.00,100 גרם,false,,15.90,3.1800,true,1,193497
5410126106183,false,ביסקוויט קרמל 312גרם 50יח,כלורוקס אוקלנד,BE,ביסקויט קרמל לוטוס 3,גרמים,312.00,100 גרם,false,1,15.90,5.0962,true,1,174763
5410126116953,false,ממרח עוגיות קרמל 400 ג' לוטוס,לוטוס בייקרי בלגיה נ,BE,"ממרח עוגיות ""לוטוס"" קרמל 400 גר",גרמים,400.00,100 גרם,false,1,19.90,4.9750,true,1,176329
5410126666038,false,עוגיות לוטוס 18*2 279 גרם,לוטוס ביקרי,BE,עוגיות לוטוס 279 גר,גרמים,279.00,100 גרם,false,10,9.90,3.5484,true,1,186618
5410126716016,false,"ביסקוויט בטעם קרמל לוטוס בד""צ 250 ג'",לוטוס ביקרי בלגיה,BE,ביסקויט בטעם קרמל לו,גרמים,250.00,100 גרם,false,1,11.90,4.7600,true,1,174764
5410228267515,false,בירה באדוויזר שישייה,באדווייזר Budweiser,,"בירה באדוויזר בק 330 מ""ל שישייה",מיליליטרים,1980.00,"100 מ""ל",false,1,34.90,1.7626,true,1,190462
5410291021991,false,ממרח אגוזי לוז עם קקאו,צ'וקטה Chocketa,,ממרח צוקטה אגוזי לוז עם קקאו 700 גר,גרמים,700.00,100 גרם,false,1,19.90,2.8429,true,1,180726
5410291022011,false,ממרח אגוזי לוז עם קקאו 350 גרם חלב נכרי,צ'וקטה Chocketa,,ממרח צוקטה אגוזי לוז עם קקאו 350 גר,גרמים,350.00,100 גרם,false,1,11.90,3.4000,true,1,180725
5410291022738,false,צ'וקטה ממרח חלב ואגוזי לוז עם קקאוי 350ג',צ'וקטה Chocketa,,ממרח דואו צוקטה 350 גר,גרמים,350.00,100 גרם,false,1,11.90,3.4000,true,1,198191
5410481080029,false,נוגט פיסטוק קרלייר 1,,,נוגט פיסטוק קרלייר 100 גר,גרמים,100.00,100 גרם,false,1,13.90,13.9000,true,1,198606
5410481080043,false,בר נוגט פירות יער קר,,,בר נוגט פירות יער קרלייר 100 גר,גרמים,100.00,100 גרם,false,1,13.90,13.9000,true,1,198608
5410481080180,false,נוגט תות פיסטוק וקקא,,,נוגט תות פיסטוק וקקאו קרלייר 100 גר,גרמים,100.00,100 גרם,false,1,13.90,13.9000,true,1,204094
5410658902413,false,קפסולות קפה אלומיניום דרגת חוזק 08 Fortisimo- Espresso,,,קפסולות קפה פורטיסימו אספרסו 08,Unknown,0.00,Unknown,false,1,11.90,0.0000,true,1,184255
5410658902444,false,קפסולות קפה אלומיניום דרגת חוזק 14 Fortisimo- Espresso,,,קפסולות קפה פורטיסימו לונגו קלאסיק 04,Unknown,0.00,Unknown,false,1,11.90,0.0000,true,1,184257
5410658902819,false,קפסולות קפה אלומיניום דרגת חוזק 12 Fortisimo- Espresso,,,קפסולות קפה פורטיסימו ריסטרטו 12,Unknown,0.00,Unknown,false,1,11.90,0.0000,true,1,185577
5410769100081,false,בירה לה שוף בקבוק 33,"איי, בי, אינבוו",BE,"בירה לה שוף 330 מ""ל",מיליליטרים,330.00,"100 מ""ל",false,1,13.90,4.2121,true,1,182099
5410769200088,false,בירה מק שוף בקבוק 33,פארייפאבה אגרואינדוס,BE,"בירה מק שוף 330 מ""ל",מיליליטרים,330.00,"100 מ""ל",false,1,13.90,4.2121,true,1,182100
5410769800097,false,בירה צרי שוף 8% בקבו,פארייפאבה אגרואינדוס,BE,"בירה צרי שוף 8% 330 מ""ל",מיליליטרים,330.00,"100 מ""ל",false,1,13.90,4.2121,true,1,183079
5410769800554,false,בירה צרי שוף בק 750,,,"בירה צרי שוף בק 750 מ""ל",מיליליטרים,750.00,"100 מ""ל",false,1,29.90,3.9867,true,1,188755
5411081003654,false,בירה קסטיל רוז 330 מ,מבשלת קסטל ואן הונסב,BE,"בירה קסטיל רוז 330 מ""ל",מיליליטרים,330.00,"100 מ""ל",false,1,12.90,3.9091,true,1,174777
5411081003661,false,בירה קסטיל רוז 750 מ,מבשלת קסטל ואן הונסב,,"בירה קסטיל רוז 750 מ""ל",מיליליטרים,750.00,"100 מ""ל",false,1,32.90,4.3867,true,1,174778
5411081004873,false,בירה קסטיל רוז 750 מ,מבשלת קסטל ואן הונסב,,"מארז בירה קסטיל רוז 750 מ""ל 2 יח +כוס",מיליליטרים,1500.00,"100 מ""ל",false,1,64.90,4.3267,true,1,176168
5411081005696,false,בירה קסטיל בריסטה שו,מבשלת קסטל ואן הונסב,,"בירה קסטיל בריסטה שוקולד 330 מ""ל",מיליליטרים,330.00,"100 מ""ל",false,1,12.90,3.9091,true,1,186558
5411188096108,false,"אלפרו סויה לבישול ואפייה 250 מ""ל",אלפרו C.V.A,BE,רוטב סויה לבישול 4.7% אלפרו 250 מל,מיליליטרים,250.00,"100 מ""ל",false,1,9.90,3.9600,true,1,174781
5411188134985,false,אלפרו 3.5% NOT M*LK שיבולת שועל 1 ליטר בית יוסף,הנסיך- מפעל לייצור ט,BE,משקה שיבולת שועל 3.5% אלפרו 1 ל,ליטרים,1.00,ליטר,false,1,13.90,13.9000,true,1,199243
5411188135005,false,אלפרו 1.8% NOT M*LK שיבולת שועל 1 ליטר בית יוסף,הנסיך- מפעל לייצור ט,BE,משקה שיבולת שועל 1.8% אלפרו 1 ל,ליטרים,1.00,ליטר,false,1,13.90,13.9000,true,1,199244
5411188513483,false,"אלפרו סויה לבישול 14% שומן 250 מ""ל",אלפרו C.V.A,BE,רוטב סויה לבישול 14% אלפרו 250 מל,מיליליטרים,250.00,"100 מ""ל",false,1,9.90,3.9600,true,1,203906
5411223100920,false,בירה לינדמנס קריק דו,,,"בירה לינדמנס קריק דובדבן 750 מ""ל",מיליליטרים,750.00,"100 מ""ל",false,1,29.90,3.9867,true,1,193456
5411616002190,false,בירה מרטינס סטרונג 8,מבשלת מרטנס,BE,בירה מרטנס חזק 500מל,מיליליטרים,500.00,"100 מ""ל",false,1,7.90,1.5800,true,1,178730
5411676100928,false,בירה ברבר רוז 330 מל,,,בירה ברבר רוז 330 מל,מיליליטרים,330.00,"100 מ""ל",false,1,13.90,4.2121,true,1,200240
5411681014005,false,בירה דובל בקבוק 330,פארייפאבה אגרואינדוס,IL,"בירה דובל 330 מ""ל",מיליליטרים,330.00,"100 מ""ל",false,1,13.90,4.2121,true,1,180359
5411681038001,false,בירה מרדסוס טריפל חז,"איי, בי, אינבוו",BE,"בירה מרדסוס טריפל חזקה 330 מ""ל",מיליליטרים,330.00,"100 מ""ל",false,1,13.90,4.2121,true,1,180358
5411681038056,false,בירה מרדסו טריפל בק,,,"בירה מרדסו טריפל בק 750 מ""ל",מיליליטרים,750.00,"100 מ""ל",false,1,29.90,3.9867,true,1,185671
5411686700118,false,בירה ליפמנס קריק ברו,לפימנס,BE,"בירה ליפמנס און דה רוקס 250 מ""ל",מיליליטרים,250.00,"100 מ""ל",false,1,13.90,5.5600,true,1,180362
5412956214519,false,שוקולד מריר תפוז ושק,Kim's Chocolates NV,BE,שוקולד מריר תפוז ושקדים קאשט 100 גר,גרמים,100.00,100 גרם,false,1,9.90,9.9000,true,1,185605
5412956214533,false,שוקולד מריר לימון ופ,Kim's Chocolates NV,BE,שוקולד מריר לימון ופלפל שחור קאשט 100 גר,גרמים,100.00,100 גרם,false,1,9.90,9.9000,true,1,185603
5412956214649,false,שוקולד מריר 85% קקאו,Kim's Chocolates NV,BE,שוקולד מריר 85% קקאו קאשט 100 גר,גרמים,100.00,100 גרם,false,1,9.90,9.9000,true,1,185601
5413121355105,false,בלג'יאן-שוקולד חלב משובח 72% 100ג',BCG,,"פרסטיז"" שוקולד בלגי",גרמים,100.00,100 גרם,false,1,12.90,12.9000,true,1,174793
5413121356829,false,שוקולד חלב ללא סוכר,BCG,,"בלג""יאן שוקולד בלגי",גרמים,100.00,100 גרם,false,1,14.90,14.9000,true,1,174796
5413121365616,false,בלגיאן-שוקולד מריר משובח 90% 100ג',BCG,,בלגיאן שוקולד מריר משובח 90% 100 גר,גרמים,100.00,100 גרם,false,1,12.90,12.9000,true,1,188110
5413149655522,false,"אבקת כביסה שושן צחור 1.25 ק""ג אריאל",פרוקטר אנד גמבל,,אבקת כביסה אריאל שוש,קילוגרמים,1.25,"ק""ג",false,1,14.90,11.9200,true,1,174799
5413149922907,false,"אבקת כביסה קולור וסטייל 5 ק""ג אריאל",אריאל Ariel,,אבקת כביסה אריאל 5 קג,קילוגרמים,5.00,"ק""ג",false,1,39.90,7.9800,true,1,174800
5413149922938,false,"אריאל אבקת כביסה שושן צחור, 5 ק""ג",פרוקטר אנד גמבל,,"אבקת כביסה ""אריאל"" ש",קילוגרמים,5.00,"ק""ג",false,1,39.90,7.9800,true,1,174801
5413149980594,false,פיירי לימון 433 מל,,,פיירי לימון 433 מל,מיליליטרים,433.00,"100 מ""ל",false,1,7.90,1.8245,true,1,208996
5413202178623,false,בונ דלאפאלה פרלינים,,,בונ דלאפאלה פרלינים זהב מרובע עם סרט,גרמים,200.00,100 גרם,false,14,32.90,16.4500,true,1,192082
5414145035585,false,ויסקי בורבון קנטקי ג,סודיקו,US,וויסקי קנטוקי גיק 0.7ל,מיליליטרים,700.00,"100 מ""ל",false,6,74.90,10.7000,true,1,177299
5414145035622,false,ויסקי בורבון קנטקי ג,סודיקו,US,וויסקי קנטוקי גיק 1ל,מיליליטרים,1000.00,"100 מ""ל",false,6,99.90,9.9900,true,1,177733
5420066370032,false,טראפל שוקולד בלגי מר,,,טרופל בלגי מריר 150 גר,גרמים,150.00,100 גרם,false,1,14.90,9.9333,true,1,181204
5420066370049,false,טראפל שוקולד בלגי תפ,,,טרופל בלגי תפוז 150 גר,גרמים,150.00,100 גרם,false,1,14.90,9.9333,true,1,181209
5420066389010,false,שוקולד חלב עם קרמל ו,,,שוקולד חלב עם קרמל ומלח ים 150 גר,גרמים,150.00,100 גרם,false,1,14.90,9.9333,true,1,203732
5420066389034,false,שוקולד חלב עם חתיכות,,,שוקולד חלב עם חתיכות בראוני 150 גר,גרמים,150.00,100 גרם,false,1,14.90,9.9333,true,1,203730
5420066389041,false,שוקולד חלב עם נוגט 1,,,שוקולד חלב עם נוגט 150 גר,גרמים,150.00,100 גרם,false,1,14.90,9.9333,true,1,203734
5420066389058,false,שוקולד מריר 150 גר,,,שוקולד מריר 150 גר,גרמים,150.00,100 גרם,false,1,14.90,9.9333,true,1,203729
5420066389065,false,שוקולד מריר עם דובדב,,,שוקולד מריר עם דובדבן 150 גר,גרמים,150.00,100 גרם,false,1,14.90,9.9333,true,1,203728
5425017240648,false,בירה חזקה שטאפה הנדר,,,בירה חזקה שטאפה הנדריק קוודרופל 330 מל,מיליליטרים,330.00,"100 מ""ל",false,1,13.90,4.2121,true,1,206360
5600241519009,false,סרדין בלמר בשמן זית,,,סרדין בלמר בשמן זית ללא עור ועצמות 120 ג,גרמים,120.00,100 גרם,false,1,22.90,19.0833,true,1,198702
5600241519016,false,סרדין בלמר בשמן זית,,,סרדין בלמר בשמן זית 120 גר,גרמים,120.00,100 גרם,false,1,15.90,13.2500,true,1,198699
5600241519023,false,סרדין בלמר בשמן זית,,,סרדין בלמר בשמן זית ולימון 120 גר,גרמים,120.00,100 גרם,false,1,15.90,13.2500,true,1,198701
5600241519054,false,סרדין בלמר בשמן זית,,,סרדין בלמר בשמן זית פיקנטי 120 גר,גרמים,120.00,100 גרם,false,1,15.90,13.2500,true,1,198700
5600241519061,false,פילה מקרל בלמר בשמן,,,פילה מקרל בלמר בשמן זית 120 גר,גרמים,120.00,100 גרם,false,1,19.90,16.5833,true,1,198703
5600241519115,false,פילה טונה בלמר בשמן,,,פילה טונה בלמר בשמן זית 120 גר,גרמים,120.00,100 גרם,false,1,24.90,20.7500,true,1,198704
5600241519252,false,זוג נתחי טונה קרדום,,,זוג נתחי טונה קרדום במים 160 גר,גרמים,320.00,100 גרם,false,1,14.90,4.6563,true,1,198711
5600241519276,false,זוג נתחי טונה קרדום,,,זוג נתחי טונה קרדום בשמן חמניות 160 גר,גרמים,320.00,100 גרם,false,1,14.90,4.6563,true,1,198713
5600241519399,false,פילה מקרל קרדום בשמן,,,פילה מקרל קרדום בשמן זית 120 גר,גרמים,120.00,100 גרם,false,1,12.90,10.7500,true,1,198706
5600241519429,false,תמנון קרדום ברוטב עג,,,תמנון קרדום ברוטב עגבניות 120 גר,גרמים,120.00,100 גרם,false,1,10.90,9.0833,true,1,198707
5600241519436,false,סרדין קרדום בשמן זית,,,סרדין קרדום בשמן זית 120 גר,גרמים,120.00,100 גרם,false,1,8.90,7.4167,true,1,198708
5600241519450,false,סרדין קרדום ברוטב עג,,,סרדין קרדום ברוטב עגבניות 120 גר,גרמים,120.00,100 גרם,false,1,8.90,7.4167,true,1,198709
5600241519467,false,סרדין קרדום ברוטב עג,,,סרדין קרדום ברוטב עגבניות פיקנטי 120 גר,גרמים,120.00,100 גרם,false,1,8.90,7.4167,true,1,198710
5601008200444,false,עוגיות גודיס מרבה טבעת מצופה שוקו' חלב 150ג',הנסיך- מפעל לייצור ט,PT,"עוגיות ""מרבה"" גודיס שוקולד חלב 150 גר",גרמים,150.00,100 גרם,false,1,5.90,3.9333,true,1,174813
5601008200468,false,עוגיות מרבה גודיס טבעת מצופה שוקו' לבן 150ג',קריניציה ויטמינה אס,PT,"עוגיות ""מרבה"" גודיס שוקולד לבן 150 גר",גרמים,150.00,100 גרם,false,1,5.90,3.9333,true,1,174815
5601010211070,false,סרדינים במי מלח רמיר,רמירז קונסרב,PT,סרדין במים רמירז 125 גר,גרמים,125.00,100 גרם,false,1,9.90,7.9200,true,1,193391
5601012002454,false,יין מבעבע מתאוס חצי,,,יין מבעבע מתאוס חצי יבש 750 מל,מיליליטרים,750.00,"100 מ""ל",false,6,39.90,5.3200,true,1,195360
5601012011500,false,יין מטאוס רוזה אוריג,,,מתיאוס רוזה,מיליליטרים,750.00,"100 מ""ל",false,1,34.90,4.6533,true,1,174816
5601217129420,false,דפים למכונת כביסה למניעת העברת צבע,ווליט Woolite,,דפים לכביסה שומרי צבע וולייט 20 יח,Unknown,0.00,Unknown,false,1,19.90,0.0000,true,1,183918
5601560112247,false,צנימים 225 גר,PRIMART,,צנימים 225 גר,גרמים,225.00,100 גרם,false,1,12.90,5.7333,true,1,206077
5601996023780,false,יין פורטה 6 רוזה 750,,,יין פורטה 6 רוזה 750 מל,מיליליטרים,750.00,"100 מ""ל",false,1,44.90,5.9867,true,1,192470
5601996355485,false,יין פורטה 6 לבן 750,,,יין פורטה 6 לבן 750 מל,מיליליטרים,750.00,"100 מ""ל",false,1,44.90,5.9867,true,1,192469
5694230223312,false,שימורי כבד דג במיץ ט,,IS,שימורי כבד דג במיץ טבעי 121 גר,גרמים,121.00,100 גרם,false,12,9.90,8.1818,true,1,188308
5694230223329,false,שימורי ממרח כבד דג 1,,IS,שימורי ממרח כבד דג 121 גר,גרמים,121.00,100 גרם,false,12,9.80,8.0992,true,1,188310
5694230223336,false,שימורי כבד דג מעושן,,IS,שימורי כבד דג מעושן 121 גר,גרמים,121.00,100 גרם,false,12,9.90,8.1818,true,1,188309
5694230412501,false,שימורי כבד דג פרמיום,מפעל ניקולייבסקי,,שימורי כבד דג פרמיום 121 גר,גרמים,121.00,100 גרם,false,1,11.90,9.8347,true,1,198052
5701215042391,false,גבינת קממברט 125גר',,,"גבינת ""קממברט"" 125 ג",גרמים,125.00,100 גרם,false,1,18.90,15.1200,true,1,177156
5701215042407,false,גבינת ברי אורנהולט 125ג',,,"גבינת ""ברי"" 125 גר""",גרמים,125.00,100 גרם,false,1,18.90,15.1200,true,1,177184
5701932026964,false,פופקורן להכנה במיקרוגל בטעם טבעי 6 שקיות,הוט פופ Hot pop,US,"הוטפופ מלוח 600 ג""ר",גרמים,600.00,100 גרם,false,1,15.90,2.6500,true,1,175435
5701932026971,false,פופקורן להכנה במיקרוגל בטעם חמאה 6 שקיות,הוט פופ Hot pop,US,"הוטפופ חמאה 600 ג""ר",גרמים,600.00,100 גרם,false,1,15.90,2.6500,true,1,175436
5701932026995,false,פופקורן להכנה במיקרוגל בטעם טבעי מופחת שומן 6 שקיות,קריניציה ויטמינה אס,US,"הוטפופ לייט 510 ג""ר",גרמים,510.00,100 גרם,false,1,15.90,3.1176,true,1,175437
5703985072240,true,בסגנון דנבלו 100 גר,,,בסגנון דנאבלו 100 גר,גרמים,100.00,100 גרם,false,1,12.90,12.9000,true,1,179343
5704025032156,false,דניש קומבי בלו 100 ג,Lazur,,דניש קומבי בלו 100 גר,גרמים,100.00,100 גרם,false,1,10.90,10.9000,true,1,190366
5705550300963,false,ביצי דג שיבוט 200 גר,,,ביצי דג שיבוט 200 גר,גרמים,200.00,100 גרם,false,1,11.90,5.9500,true,1,181557
5711953106583,false,גבינת שמנת בטעם טבעי 200 גרם ארלה,ארלה פודס אמבה,DK,גבינת שמנת ארלה טבעי 200 גר,גרמים,200.00,100 גרם,false,1,14.90,7.4500,true,1,189724
5711953106590,false,גבינת שמנת עם שום 200 גרם ארלה,ארלה פודס אמבה,DK,גבינת שמנת ארלה שום 200 גר,גרמים,200.00,100 גרם,false,1,14.90,7.4500,true,1,189726
5711953106606,false,גבינת שמנת עם תבלינים ועשבי תיבול 23.5%,ארלה פודס אמבה,DK,גבינת שמנת ארלה עשבי תיבול 200 גר,גרמים,200.00,100 גרם,false,1,14.90,7.4500,true,1,189725
5740900403215,false,ממרח לורפק חמאה עם מלח 250 ג',לורפאק Lurpak,,ממרח מחמאת לורפק עם מלח 250 גר,גרמים,250.00,100 גרם,false,1,16.90,6.7600,true,1,188292
5740900403222,false,ממרח לורפק חמאה עם מלח מופחת שומן 250 ג,לורפאק Lurpak,,ממרח מחמאת לורפק עם מלח 27% פחות שומן,גרמים,250.00,100 גרם,false,1,16.90,6.7600,true,1,188294
5740900403239,false,ממרח לורפק חמאה בלי מלח 250 ג',לורפאק Lurpak,,ממרח מחמאת לורפק ללא מלח 250 גר,גרמים,250.00,100 גרם,false,1,16.90,6.7600,true,1,188293
5740900403246,false,ממרח לורפק חמאה בלי מלח 500 ג',לורפאק Lurpak,,ממרח מחמאת לורפק ללא מלח 500 גר,גרמים,500.00,100 גרם,false,1,27.90,5.5800,true,1,188290
5740900403253,false,ממרח לורפק חמאה עם מלח 500 ג',לורפאק Lurpak,,ממרח מחמאת לורפק עם מלח 500 גר,גרמים,500.00,100 גרם,false,1,27.90,5.5800,true,1,188291
5740900403260,false,ממרח מחמאת לורפק ללא מלח 27% פחות שומן,ארלה פודס אמבה,DK,ממרח מחמאת לורפק ללא מלח 27% פחות שומן,גרמים,250.00,100 גרם,false,1,16.90,6.7600,true,1,188295
5774540133508,false,מיני טאבלטס קרמל וקו,,,מיני טאבלטס קרמל וקוונטרו אנטון ברג 100,גרמים,100.00,100 גרם,false,10,21.90,21.9000,true,1,202126
5774540694306,false,אנטון ברג בקבוקוני ל,,,אנטון ברג-16 בקבוקי,גרמים,250.00,100 גרם,false,1,49.90,19.9600,true,1,175441
5774540984452,false,שוק מריר מרציפן אנטו,,,שוק מריר מרציפן אנטון ברג דובדבן ברום,גרמים,220.00,100 גרם,false,1,39.90,18.1364,true,1,181538
5774540989853,false,שוק מריר מרציפן אנטו,,,שוק מריר מרציפן אנטון ברג פטל בליקר תפוז,גרמים,220.00,100 גרם,false,1,39.90,18.1364,true,1,181540
5900020012814,false,דגני בוקר בטעם שוקולד נסקוויק Nesquik,מיוצר עי קונדיטוריית,PL,נסקוויק דגני בוקר בט,גרמים,500.00,100 גרם,false,1,21.90,4.3800,true,1,175442
5900020024770,false,פיטנס - דליס חטיף דגנים שוקולד אגוז 22.50 גרם * 6,נסטלה פולין ברים,PL,חטיפי דגנים פיטנס בר דליס שוקולד אגוזים,גרמים,135.00,100 גרם,false,1,13.90,10.2963,true,1,179336
5900020025647,false,פיטנס דליס Fitness Delice חטיף דגנים עם שוקולד חלב,מיוצר עי קונדיטוריית,PL,חטיפי דגנים פיטנס בר דליס שוקולד חלב,גרמים,135.00,100 גרם,false,1,13.90,10.2963,true,1,179335
5900020026552,false,דגני בוקר האני נאט צ'יריוס בטעם דבש ושקדים,נסטלה צרפת איטנקורט,FR,דגני בוקר האני נאט ציריוס 625 גר,גרמים,625.00,100 גרם,false,1,21.90,3.5040,true,1,180437
5900020033314,false,חטיף דגני בוקר Lion בטעם קרמל ושוקולד על קרם חלב,נסטלה פולין ברים,PL,חטיף דגנים ליון שמינייה 150 גר,גרמים,150.00,100 גרם,false,1,13.90,9.2667,true,1,186948
5900020034991,false,דגני בוקר צדפים בטעם שוקולד 450 ג' קראנץ',סי. פי. פולין,PL,דגני בוקר קראנץ צדפים בטעם שוקולד 450 גר,גרמים,450.00,100 גרם,false,6,21.90,4.8667,true,1,191826
5900020036407,false,דגני בוקר ליון Lion בטעם שוקולד וקרמל,נסטלה פולין דגני בוק,,דגני בוקר ליון שוקולד וקרמל 480 גר,גרמים,480.00,100 גרם,false,1,21.90,4.5625,true,1,192503
5900020037916,false,דגני בוקר שיבולת שועל צ'ריוס 375ג',ג'נרל מילס סאן אדריא,PL,דגני בוקר ציריוס שיבולת שועל 375 גר,גרמים,375.00,100 גרם,false,16,17.90,4.7733,true,1,195794
5900073020071,false,חטיפי תפוא בטעם בייק,,,חטיפי תפוא בטעם בייקון מעושן 135 גר,גרמים,135.00,100 גרם,false,1,11.90,8.8148,true,1,206466
5900073020088,false,חטיפי תפוא בטעם גבינ,,,חטיפי תפוא בטעם גבינה ובצל 135 גר,גרמים,135.00,100 גרם,false,1,12.90,9.5556,true,1,206465
5900073020217,false,חטיפי תפוא בטעם בייק,,,חטיפי תפוא בטעם בייקון 120 גר,גרמים,120.00,100 גרם,false,1,12.90,10.7500,true,1,206461
5900073180935,false,חטיפי תפוא בטעם חמאה,,,חטיפי תפוא בטעם חמאה 135 גר,גרמים,135.00,100 גרם,false,1,12.90,9.5556,true,1,206464
5900073180959,false,חטיפי תפוא בטעם שמנת,,,חטיפי תפוא בטעם שמנת ובצל 135 גר,גרמים,135.00,100 גרם,false,1,11.90,8.8148,true,1,206467
5900084052092,false,חרדל עם חזרת 185 גר,,LT,חרדל עם חזרת 185 גר,גרמים,185.00,100 גרם,false,6,10.90,5.8919,true,1,202561
5900352000770,false,שוקולד חלב ממולא ג'לי דובדבן Mella,,,"גלרטקה דובדבן 190 ג""",גרמים,190.00,100 גרם,false,1,8.90,4.6842,true,1,175446
5900352001814,false,שוקולד במילוי ג'לי תפוז Mella,,,"גלרטקה תפוז 190 ג""ר",גרמים,190.00,100 גרם,false,1,8.90,4.6842,true,1,175447
5900352001821,false,שוקולד חלב ממולא ג'לי לימון Mella,,,גלרטקה לימון 190 גר,גרמים,190.00,100 גרם,false,1,8.90,4.6842,true,1,175448
5900352002361,false,עוגיות יזיקי קלאסיק,,,עוגיות יזיקי קלאסיק 140 גר,גרמים,140.00,100 גרם,false,1,5.90,4.2143,true,1,198402
5900352002576,false,שוקולד חלב ממולא ג'לי אוכמניות Mella,,,גלרטקה אוכמניות שחור,גרמים,190.00,100 גרם,false,1,8.90,4.6842,true,1,175449
5900352004044,false,עוגיות יזיקי קוקוס 1,,,עוגיות יזיקי קוקוס 140 גר,גרמים,140.00,100 גרם,false,1,5.90,4.2143,true,1,198400
5900352004457,false,עוגיות יזיקי קפה 140,,,עוגיות יזיקי קפה 140 גר,גרמים,140.00,100 גרם,false,1,5.90,4.2143,true,1,198399
5900352008509,false,עוגיות יזיקי אדווקט,,,עוגיות יזיקי אדווקט 140 גר,גרמים,140.00,100 גרם,false,1,5.90,4.2143,true,1,198401
5900352011356,false,עוגיות יזיקי מריר שר,,,עוגיות יזיקי מריר שרי 140 גר,גרמים,140.00,100 גרם,false,1,5.90,4.2143,true,1,202391
5900352014449,false,וופל בלגי וניל 130 ג,,,וופל בלגי וניל 130 גר,גרמים,130.00,100 גרם,false,23,4.90,3.7692,true,1,200513
5900352014470,false,וופל בלגי קרמל 140 ג,,,וופל בלגי קרמל 140 גר,גרמים,140.00,100 גרם,false,23,4.90,3.5000,true,1,200515
5900352015125,false,עוגיות יזיקי קרמל מל,,,עוגיות יזיקי קרמל מלוח 140 גר,גרמים,140.00,100 גרם,false,20,5.90,4.2143,true,1,207563
5900353615683,false,בונבוניירה וויסקי בש,MIEZSKO,PL,בונ ויסקי בשוקולד מריר 180 גר MIESZKO,גרמים,180.00,100 גרם,false,1,19.90,11.0556,true,1,186628
5900353615706,false,בונבוניירה וודקה בשו,MIEZSKO,PL,בונ וודקה בשוקולד מריר 180 גר MIESZKO,גרמים,180.00,100 גרם,false,1,19.90,11.0556,true,1,186629
5900353618288,false,בונבוניירה שרי 285 ג,MIEZSKO,PL,בונ שרי 285 גר,גרמים,285.00,100 גרם,false,1,34.90,12.2456,true,1,208158
5900353647219,false,סליוקה שזיפים בשוקול,,,סליוקה שזיפים בשוקולד קופסא 205 גר,גרמים,205.00,100 גרם,false,1,17.90,8.7317,true,1,197916
5900437005171,false,פיצה 4 גבינות 335 גר,,,פיצה 4 גבינות 335 גר,גרמים,335.00,100 גרם,false,5,24.90,7.4328,true,1,195063
5900437705125,false,פיצה 4 גבינות 325 גר,,,פיצה 4 גבינות 325 גר,גרמים,325.00,100 גרם,false,5,24.90,7.6615,true,1,195062
5900627026429,false,"סיליט באנג גיל לניקוי אסלות בתוספת אקונומיקה 750מ""ל",,,סיליט באנג 750 מל,מיליליטרים,750.00,"100 מ""ל",false,1,12.90,1.7200,true,1,175452
5900627066715,false,טבליות למדיח פיניש 1,רקיט בנקיזר,PL,טבליות למדיח כלים פיניש 100 יח,Unknown,0.00,Unknown,false,1,64.90,0.0000,true,1,184901
5900675009023,false,תה חמוציות באלין 40,,,תה חמוציות באלין 40 גר,גרמים,40.00,100 גרם,false,18,3.90,9.7500,true,1,202665
5900675009030,false,תה ורד הבר באלין 35,,,תה ורד הבר באלין 35 גר,גרמים,35.00,100 גרם,false,18,3.90,11.1429,true,1,202666
5900675009047,false,תה פטל באלין 40 גר,,,תה פטל באלין 40 גר,גרמים,40.00,100 גרם,false,18,3.90,9.7500,true,1,202667
5900675009054,false,תה ענבי שועל שחורים,,PL,תה ענבי שועל שחורים באלין 40 גר,גרמים,40.00,100 גרם,false,18,3.90,9.7500,true,1,202668
5900675009061,false,תה אוכמניות שחורות ב,,PL,תה אוכמניות שחורות באלין 40 גר,גרמים,40.00,100 גרם,false,18,3.90,9.7500,true,1,202669
5900675009078,false,תה פירות יער באלין 3,,PL,תה פירות יער באלין 35 גר,גרמים,35.00,100 גרם,false,18,3.90,11.1429,true,1,202670
5900675009085,false,תה דובדבנים באלין 35,,PL,תה דובדבנים באלין 35 גר,גרמים,35.00,100 גרם,false,18,3.90,11.1429,true,1,202672
5900675009108,false,תה היביסקוס באלין 30,,PL,תה היביסקוס באלין 30 גר,גרמים,30.00,100 גרם,false,18,3.90,13.0000,true,1,202673
5900675009115,false,תה נענע באלין 30 גר,,PL,תה נענע באלין 30 גר,גרמים,30.00,100 גרם,false,18,3.90,13.0000,true,1,202674
5900675009122,false,תה בבונג באלין 30 גר,,PL,תה בבונג באלין 30 גר,גרמים,30.00,100 גרם,false,18,3.90,13.0000,true,1,202675
5900675009146,false,תה פירות גן באלין 35,,PL,תה פירות גן באלין 35 גר,גרמים,35.00,100 גרם,false,18,3.90,11.1429,true,1,202677
5900675009153,false,תה מליסה באלין 24 גר,,PL,תה מליסה באלין 24 גר,גרמים,24.00,100 גרם,false,18,3.90,16.2500,true,1,202678
5900820014230,false,גבינה מתכת נורווסקי סלמון 150ג' -מלקפול,מלקפול,,גבינה נורוויסקי סלמון 150 גר,גרמים,150.00,100 גרם,false,1,12.90,8.6000,true,1,179403
5900907000101,false,תערובת מלפפונים ועגב,URBANEK,,תערובת מלפפונים ועגב,קילוגרמים,2.55,"ק""ג",false,1,32.90,12.9020,true,1,175458
5900907000347,false,פטריות בתחמיץ 500 גר,אורבנק,PL,"פטריות בחומץ 900 ג""ר",גרמים,500.00,100 גרם,false,1,18.90,3.7800,true,1,175461
5900907000477,false,ריבת שזיפים 330 גר,URBANEK,,ריבת שזיפים 330גר,גרמים,330.00,100 גרם,false,1,9.90,3.0000,true,1,175462
5900907000491,false,לטשו 680 גרם,אורבנק,PL,"לצ""ו",גרמים,680.00,100 גרם,false,1,13.90,2.0441,true,1,175463
5900907000583,false,מלפפון בחומץ בצנצנת,ברצה אורבנק,PL,"מלפפון בחומץ 900 ג""ר",גרמים,900.00,100 גרם,false,1,15.90,1.7667,true,1,175465
5900907000835,false,מלפפון בחומץ אורבנק,אורבנק,PL,מלפפונים בחומץ 2.55,קילוגרמים,2.55,"ק""ג",false,1,32.90,12.9020,true,1,175467
5900907000965,false,פטיסון בחומץ 910 גרם,אורבנק,PL,פטיסון בחומץ 900 גר,גרמים,910.00,100 גרם,false,1,19.90,2.1868,true,1,175468
5900907001238,false,עגבניות בחומץ 2.55 ק,URBANEK,,עגבניות בחומץ 2.55 ק,קילוגרמים,2.55,"ק""ג",false,1,32.90,12.9020,true,1,175469
5900907001412,false,אסורטי אורבנק 2.55 ק,URBANEK,,"אסורטי 2.55 ק""ג",קילוגרמים,2.55,"ק""ג",false,1,32.90,12.9020,true,1,175470
5900907001429,false,אסורטי 920 גרםURBAN,יושלם,,"אסורטי 920 ג""ר",גרמים,900.00,100 גרם,false,1,15.90,1.7667,true,1,175471
5900907001450,false,מלפפונים במלח 900 גר,אורבנק,PL,מלפפונים במלח 900 גר,גרמים,900.00,100 גרם,false,1,15.90,1.7667,true,1,175472
5900907001474,false,עגבניות אדומות בחומץ,URBANEK,,עגבניות בחומץ 900גר,גרמים,900.00,100 גרם,false,1,15.90,1.7667,true,1,175473
5900907001597,false,כרוב כבוש עם גזר 900,אורבנק,PL,כרוב כבוש עם גזר,גרמים,900.00,100 גרם,false,1,15.90,1.7667,true,1,175475
5900907001719,false,תערובת מלפפונים ועגב,סגל דברים טובים,IL,תערובת מלפפונים ועגב,גרמים,900.00,100 גרם,false,1,15.90,1.7667,true,1,175476
5900915013230,false,שוקולד טראויטה חלב א,,,שוקולד טראויטה חלב אגוזים 225 גר,גרמים,225.00,100 גרם,false,1,11.90,5.2889,true,1,180941
5900951020889,false,אוכל לחתולים ויסקס צ,ויסקס Whiskas,PL,אוכל לחתולים ויסקס ציקן 400 גר,גרמים,400.00,100 גרם,false,1,9.90,2.4750,true,1,178979
5901041003003,false,וודקה בלוודר פרמיום,פולמוס ז'ירארדוב דיס,PL,וודקה בלוודר פרמיום,מיליליטרים,700.00,"100 מ""ל",false,1,109.90,15.7000,true,1,175835
5901064000331,false,שכר דובדבנים נלבקה ב,וינפוד,,שכר דובדבנים 750מל,מיליליטרים,750.00,"100 מ""ל",false,1,29.90,3.9867,true,1,177497
5901064761805,false,שכר פטל נלבקה באבוני,וינפוד,,שכר פטל 750מל,מיליליטרים,750.00,"100 מ""ל",false,1,29.90,3.9867,true,1,177499
5901064761911,false,שכר דמדמניות שחורות,וינפוד,,שכר אוכמניות 750מל,מיליליטרים,750.00,"100 מ""ל",false,1,29.90,3.9867,true,1,177498
5901414200411,false,מיני עוגיות היט Hit במילוי קרם שוקולד,באלזן Bahlsen,PL,עוגיות סנדוויץ ממולא שוקולד,גרמים,130.00,100 גרם,false,1,6.90,5.3077,true,1,175630
5901483010706,false,תה ורדים 25 שק,BIFIX,,"תה ורדים 25 שק""",גרמים,50.00,100 גרם,false,1,9.90,19.8000,true,1,175632
5901483020200,false,תה אוכמניות כחולות 2,BIFIX,,תה אוכמניות כחולות 2,גרמים,38.00,100 גרם,false,1,9.90,26.0526,true,1,175634
5901483020408,false,תה תות בר 25 שק,BIFIX,,"תה תות בר 25 שק""",גרמים,50.00,100 גרם,false,1,9.90,19.8000,true,1,175636
5901483060022,false,חליטת עלי מרווה ביופ,bifix,,"חליטת תה עלי מרווה """,יחידה,25.00,יחידה,false,1,9.90,0.3960,true,1,175637
5901483060107,false,חליטת עלי טיליה ללא,BIFIX,,חליטת טיליה 20 שק,Unknown,0.00,Unknown,false,1,9.90,0.0000,true,1,175638
5901483060206,false,חליטת מנטה 20 שקיקים,bifix,,תה מנטה 20שק,יחידה,1.00,יחידה,false,1,9.90,9.9000,true,1,178036
5901483060404,false,חליטת בבונג 20 שקיקי,bifix,,"תה בבונג 20 שק""",גרמים,50.00,100 גרם,false,1,9.90,19.8000,true,1,175639
5901483061401,false,תה בבונג 30 גר,BIFIX,,תה בבונג 30גר,גרמים,30.00,100 גרם,false,1,13.90,46.3333,true,1,178037
5901483080501,false,תה פירות יער 100 גר,BIFIX,,תה פירות יער 100 גר,גרמים,100.00,100 גרם,false,1,13.90,13.9000,true,1,175640
5901483080907,false,תה אוכמניות כחולות 1,BIFIX,,תה אוכמניות כחולות 1,גרמים,100.00,100 גרם,false,1,13.90,13.9000,true,1,175641
5901483081003,false,חליטת פטל 100 גר,BIFIX,,תה פטל 100גר,גרמים,100.00,100 גרם,false,1,13.90,13.9000,true,1,175642
5901483084769,false,קונפיטורת פטל 330 גר,,,קונפיטורת פטל 330 גר,גרמים,330.00,100 גרם,false,1,14.90,4.5152,true,1,197320
5901598002238,false,שוקולד מריר מרציפן 7,,,שוקולד מריר מרציפן 70 גר,גרמים,70.00,100 גרם,false,,9.90,14.1429,true,1,203509
5902162138414,false,פיצה קפוא מוצרלה 330,,,פיצה קפוא מוצרלה 330 גר,גרמים,330.00,100 גרם,false,1,21.90,6.6364,true,1,208126
5902198160403,false,"משקה אנרגיה XL TEN פחית לל""ס 250מ""ל","טמפו משקאות בע""מ",IL,משקה אנרגיה XL ten,מיליליטרים,250.00,"100 מ""ל",false,1,4.20,1.6800,true,1,182433
5902377000612,false,ממרח קורובקינו גבינה,KOROVKINO,,ממרח קורובקינו גבינה מותכת עם אמנטל 100,גרמים,100.00,100 גרם,false,1,4.90,4.9000,true,1,182690
5902377000650,false,ממרח קורובקינו גבינה,KOROVKINO,,ממרח קורובקינו גבינה מותכת עם סלמון 100,גרמים,100.00,100 גרם,false,1,4.90,4.9000,true,1,182693
5902510274153,false,ממרח סלמון קלאסי 100,,,ממרח סלמון קלאסי 100 גר,גרמים,100.00,100 גרם,false,1,3.90,3.9000,true,1,190393
5902510275341,false,ממרח בטעם כבד אווז ד,,,ממרח בטעם כבד אווז דליקטס 300 גר,גרמים,300.00,100 גרם,false,1,9.90,3.3000,true,1,205386
5902510275365,false,ממרח בטעם כבד ברווז,,,ממרח בטעם כבד ברווז מעודן 300 גר,גרמים,300.00,100 גרם,false,1,9.90,3.3000,true,1,205387
5902510275402,false,ממרח בטעם כבד עוף עד,,,ממרח בטעם כבד עוף עדין 300 גר,גרמים,300.00,100 גרם,false,1,9.90,3.3000,true,1,205388
5902768879025,false,כבד דג שיבוט 240 גר,,,כבד דג שיבוט 240 גר,גרמים,240.00,100 גרם,false,1,15.90,6.6250,true,1,184632
5902781000048,false,חליטת פירות יער מלוו,,,תה חליטת פירות,Unknown,0.00,Unknown,false,1,7.90,0.0000,true,1,175650
5902781000093,false,חליטת תה מלווה קמומל,,,"תה קמומיל 25 שק""",Unknown,0.00,Unknown,false,1,7.90,0.0000,true,1,175653
5902781000468,false,חליטת דובדבן מלווה 2,,,תה דובדובן,גרמים,75.00,100 גרם,false,1,7.90,10.5333,true,1,175659
5902781000499,false,תה ירוק 50 גר,,,תה ירוק 50 גר,גרמים,50.00,100 גרם,false,1,7.90,15.8000,true,1,175660
5902781001205,false,תה סרפד (קרפיבה) 25,,,תה סרפד (קרפיבה) 25,גרמים,75.00,100 גרם,false,1,7.90,10.5333,true,1,175661
5902781001304,false,חליטת מליסה מלווה 25,,,תה מליסה,Unknown,0.00,Unknown,false,1,7.90,0.0000,true,1,175663
5902781002219,false,תה אקסקלוסיב ורד אוכ,,,תה ורד הבר עם אוכמני,יחידה,20.00,יחידה,false,1,12.90,0.6450,true,1,175677
5902781002257,false,תה אחינאצייה עם ורד,,,תה אחינאצייה עם ורד,גרמים,40.00,100 גרם,false,1,9.90,24.7500,true,1,175681
5902781002288,false,תה גינגר עם ורד הב,,,"תה ג""ינג""ר עם ורד הב",Unknown,0.00,Unknown,false,1,9.90,0.0000,true,1,175684
5902781002295,false,תה פטל עם אוכמניות מ,,,תה פטל עם אוכמניות כ,גרמים,40.00,100 גרם,false,1,9.90,24.7500,true,1,175685
5902781002325,false,תה קמומיל עם לימון 2,,,תה קמומיל עם לימון 2,יחידה,20.00,יחידה,false,1,9.90,0.4950,true,1,175688
5902781002479,false,תה ופטל ותות שדה מלו,,,תה תות שדה ופטל,Unknown,0.00,Unknown,false,1,12.90,0.0000,true,1,176699
5902781002684,false,תה ארל גריי עם גינגר,,,תה ארל גריי עם גינגר 20 שק,Unknown,0.00,Unknown,false,1,12.90,0.0000,true,1,179885
5902795003653,false,תבלין ויגורה 200 גר,,,"תבלין ""ויגורה"" 200 ג",גרמים,200.00,100 גרם,false,1,7.90,3.9500,true,1,175691
5902795033131,false,תבלין בזיליקום 10 גר,,,תבלין בזיליקום,Unknown,0.00,Unknown,false,1,2.90,0.0000,true,1,176564
5902795033148,false,תבלין קרי 15 גר,,,תבלין קרי 15גר,גרמים,15.00,100 גרם,false,1,2.90,19.3333,true,1,176148
5902795033179,false,עלי דפנה 5 גר,,,עלי דפנה 5 גר,גרמים,5.00,100 גרם,false,1,2.90,58.0000,true,1,176211
5902795033230,false,תבלין לעוף 25 גר,,,"תבלין לעוף 25 ג""ר",גרמים,25.00,100 גרם,false,1,2.90,11.6000,true,1,176149
5902795033247,false,תבלין שישליק 25 גר,,,"תבלין שישליק 25 ג""ר",גרמים,25.00,100 גרם,false,1,2.90,11.6000,true,1,176150
5902795033254,false,תבלין חמלי סונלי 25,,,תבלינים חמלי סונלי 25 גר,גרמים,25.00,100 גרם,false,1,2.90,11.6000,true,1,176151
5902795033278,false,תבלין לתפוא 25 גר,,,"תבלין לתפו""א 25 גר""",גרמים,25.00,100 גרם,false,1,2.90,11.6000,true,1,176153
5902795033292,false,תבלין לטחון 25 גר,,,"תבלין לטחון 25 גר""",גרמים,25.00,100 גרם,false,1,2.90,11.6000,true,1,176155
5902795033308,false,תבלין לטיגון בשר 25,,,תבלין לטיגון בשר 25 גר,גרמים,25.00,100 גרם,false,1,2.90,11.6000,true,1,176156
5902795033322,false,תבלין לאורז 25 גר,,,תבלין לאורז 25גר,גרמים,25.00,100 גרם,false,1,2.90,11.6000,true,1,176157
5902795033339,false,תבלין לדגים 25 גר,,,"תבלין לדגים 25 גר""",גרמים,25.00,100 גרם,false,1,2.90,11.6000,true,1,176158
5902795033346,false,תבלין לסלט 25 גר,,,"תבלין לסלט 25 גר""",גרמים,25.00,100 גרם,false,1,2.90,11.6000,true,1,176159
5902795033353,false,תבלין לבשר לבן 25 גר,,,"תבלין לבשר לבן 25 ג""",גרמים,25.00,100 גרם,false,1,2.90,11.6000,true,1,176160
5902795033377,false,תבלין קבקזי 25 גר,,,תבלין קבקזי 25גר,גרמים,25.00,100 גרם,false,1,2.90,11.6000,true,1,176162
5902795033445,false,תבלין שמיר 7 גר,,,תבלין שמיר 7גר,גרמים,7.00,100 גרם,false,1,2.90,41.4286,true,1,178622
5902795033452,false,תבלין קוריאנדר 7 גר,,,תבלין קוריאנדר,יחידה,1.00,יחידה,false,1,2.90,2.9000,true,1,177897
5904603190302,false,סלט כרוב כבוש 850 גר,דבורק,,סלט כרוב כבוש 850גר,גרמים,850.00,100 גרם,false,1,11.90,1.4000,true,1,178499
5904603190340,false,מלפפונים בחומץ עם שמ,,,מלפפונים בחומץ עם שמיר ושזיפים 860גר,גרמים,860.00,100 גרם,false,1,17.90,2.0814,true,1,178973
5904603190623,false,מלפפונים בחומץ עם שו,,,מלפפונים בחומץ עם עלי שום ושמיר 860גר,גרמים,860.00,100 גרם,false,8,17.90,2.0814,true,1,178495
5904603191323,false,מלפפונים כבושים דוור,דבורק,,מלפפונים כבושים 860גר,גרמים,860.00,100 גרם,false,1,17.90,2.0814,true,1,178497
5904941750312,false,"משקה אנרגיה BLU מוחיטו 250 מ""ל",אקו - ביט,PL,"משקה אנרגיה ""בלו"" מוחיטו",Unknown,0.00,Unknown,false,1,3.90,0.0000,true,1,176650
5904941751302,false,"משקה אנרגיה בלו 250 מ""ל- בודד",אקו - ביט,PL,"משקה אנרגיה ""BLU""",מיליליטרים,250.00,"100 מ""ל",false,1,3.90,1.5600,true,1,175704
5904941751715,false,"משקה אנרגיה בלו קרנברי 250 מ""ל -בודד",אקו - ביט,PL,"משקה אנרגיה ""BLU"" קר",מיליליטרים,250.00,"100 מ""ל",false,1,3.90,1.5600,true,1,175705
5904941751913,false,בלו משקה אנרגיה פסיפלורה 250מל,,,"משקה אנרגיה ""בלו"" בט",מיליליטרים,250.00,"100 מ""ל",false,1,3.90,1.5600,true,1,175707
5904941751920,false,בלו משקה אנרגיה דיי חצי מכמות הקלו250 מל,אקו - ביט,PL,"משקה אנרגיה ""בלו"" די",Unknown,0.00,Unknown,false,1,3.90,0.0000,true,1,175708
5906485301012,false,"משקה אנרגיה XL פחית 250 מ""ל","טמפו משקאות בע""מ",IL,משקה אנרגיה XL 250 מ,מיליליטרים,250.00,"100 מ""ל",false,1,4.20,1.6800,true,1,175711
5907070001065,false,גבינה לאזור בלו 100,Lazur,,"גבינה ""לזור"" בלו 100 גר",גרמים,100.00,100 גרם,false,1,12.90,12.9000,true,1,177334
5907070004141,false,גבינה לאזור סילבר 10,Lazur,,"גבינה ""לזור"" סילבר 100 גר",גרמים,100.00,100 גרם,false,1,12.90,12.9000,true,1,177332
5907623350404,false,כבד דג שיבוט 240 גר,,,כבד דג שיבוט 240 גר,גרמים,240.00,100 גרם,false,1,16.90,7.0417,true,1,175799
5941021000639,false,טבלת שוקולד חלב אגוז היידי גראנדור 100 ג',,,שוקולד חלב בתוספת אג,גרמים,100.00,100 גרם,false,12,10.90,10.9000,true,1,175714
5941021001247,false,טבלת שוקולד בטעם קפה היידי גראנדור 80 ג',,,שוקולד מריר בטעם קפה,גרמים,80.00,100 גרם,false,20,10.90,13.6250,true,1,175716
5941021001254,false,טבלת שוקולד בטעם תפוז היידי גראנדור 80 ג',,,שוקולד מריר תפוז 80,גרמים,80.00,100 גרם,false,20,10.90,13.6250,true,1,175717
5941021001261,false,טבלת שוקולד היידי גראנדור 75% 80 ג',,,"שוקולד מריר 75% ""היי",גרמים,80.00,100 גרם,false,20,10.90,13.6250,true,1,175718
5941021002282,false,בונבוניירה היידי גור,,,בונבוניירה היידי גורמה דובדבן 100 גר,גרמים,100.00,100 גרם,false,1,11.90,11.9000,true,1,203023
5941021004309,false,"שוקולד היידי גראנדור פלורנטין, 100 ג'",,,שוקולד היידי גראנדור פלורנטין 100 גר,גרמים,100.00,100 גרם,false,1,10.90,10.9000,true,1,203017
5941021016401,false,טבלת שוקולד מריר שקד היידי גראנדור 100 ג',,,שוקולד מריר היידי גראנדור שקד 100 גר,גרמים,100.00,100 גרם,false,15,10.90,10.9000,true,1,193448
5941974201961,false,בירה צשסקויה לאגר 50,מארטנס ס.א,,"בירה צשסקויה לאגר 500 מ""ל",מיליליטרים,500.00,"100 מ""ל",false,1,4.90,0.9800,true,1,185305
5941974201978,false,בירה נמטסקויה פילס 5,מארטנס ס.א,,"בירה נמטסקויה פילס 500 מ""ל",מיליליטרים,500.00,"100 מ""ל",false,1,4.90,0.9800,true,1,185306
5941974202494,false,בירה פילזנר בלגית 50,מארטנס ס.א,,"בירה פילזנר בלגית 500 מ""ל",מיליליטרים,500.00,"100 מ""ל",false,1,4.90,0.9800,true,1,189388
5942219000059,false,מים מינרלים מבעבעים,,,מים מינרליים בורסק 1.5 ליטר,ליטרים,1.50,ליטר,false,1,8.90,5.9333,true,1,175722
5997321701806,false,אבקה למניעת אבנית במכונת כביסה 2 ב-1,רקיט בנקיזר פולין,PL,"אבקה למניעת אבנית קלגון 1 ק""ג",קילוגרמים,1.00,"ק""ג",false,1,24.90,24.9000,true,1,183917
6001067017523,false,קולגייט מברשת שיניים ילדים ספידרמן-ברבי 5+,יבואן ומשווק: ש. שסט,CN,מברשת שיניים קולגייט לילדים 5,Unknown,0.00,Unknown,false,1,14.90,0.0000,true,1,176854
6001067017530,false,קולגייט מברשת שיניים לילדים ספיידרמן,יבואן ומשווק: ש. שסט,CN,מברשת שיניים קולגייט לילדים 2-5,Unknown,0.00,Unknown,false,1,14.90,0.0000,true,1,176853
6008165003984,false,סיגריות פאל מאל כחול סטרים פילט בודד,אמריקן גרדן,,פאל מאל כחול סטרים פילטר,Unknown,0.00,Unknown,false,1,30.00,0.0000,false,1,177155
6008165274629,false,סיגריות פאל מאל כחול ארוך סטרים,יושלם,,פאל מאל כחול ארוך סטרים פילטר,Unknown,0.00,Unknown,false,1,30.00,0.0000,false,1,179470
6111094000198,false,קוסקוס דק 350 ג' דארי,דארי Dari,,קוסקוס דארי 350 גר,גרמים,350.00,100 גרם,false,1,5.90,1.6857,true,1,182969
6111094000242,false,תומר קוסקוס דארי דק 500גר,דרי קוספט,MA,"קוסקוס ""דארי"" דק 500",גרמים,500.00,100 גרם,false,1,9.90,1.9800,true,1,174817
6111094000259,false,קוסקוס דארי בינוני ת,דארי Dari,,"קוסקוס ""דארי"" בינוני",גרמים,500.00,100 גרם,false,1,10.90,2.1800,true,1,174818
6111094000808,false,"קוסקוס דארי בינוני תומר 1 ק""ג + 10% תוספת",דרי קוספט,MA,"קוסקוס דארי בינוני 1.1 ק""ג",קילוגרמים,1.10,"ק""ג",false,1,14.90,13.5455,true,1,180025
6411401072703,false,פייזר שוקולד חלב גיי,,,"בונ"" ""פייזר גיישה"" 1",גרמים,150.00,100 גרם,false,12,19.90,13.2667,true,1,174831
6413467234804,false,טוסט שיפון מלא חום 2,,,טוסט שיפון מלא חום 215 גר,גרמים,215.00,100 גרם,false,1,12.90,6.0000,true,1,199207
6569513465316,false,פטריות אופיטה בחומץ,china port,,פטריות אופיטה בחומץ,מיליליטרים,530.00,"100 מ""ל",false,1,14.90,2.8113,true,1,174850
6569513465323,false,פטריות מסליאטה בחומץ,china port,,פטריות מסליאטה בחומץ,מיליליטרים,530.00,"100 מ""ל",false,1,14.90,2.8113,true,1,174851
6569513465330,false,פטריות שיאיטקה בחומץ,china port,,פטריות שיאיטקה בחומץ,מיליליטרים,530.00,"100 מ""ל",false,1,14.90,2.8113,true,1,174852
6569513465347,false,פטריות אסורטי במלח 5,,,פטריות אסורטי במלח,מיליליטרים,530.00,"100 מ""ל",false,1,15.90,3.0000,true,1,174853
6901248893239,false,רצועות דביקון מיובש,אקוואטיק,,רצועות דביקון מיובש,גרמים,90.00,100 גרם,false,1,16.90,18.7778,true,1,175732
6901248893802,false,דיונן מעושן ארנה עם,אקוואטיק,,דיונן מעושן ארנה עם גבינה 90גר,גרמים,90.00,100 גרם,false,1,17.90,19.8889,true,1,178090
6901248894090,false,דג ארנה פס שחור 100,אקוואטיק,,דג ארנה פס שחור 100 גר,גרמים,100.00,100 גרם,false,1,15.90,15.9000,true,1,178744
6901248894106,false,זרועות מיובשות 90 גר,ארנה,,זרועות מיובשות 90 גר,גרמים,90.00,100 גרם,false,1,24.90,27.6667,true,1,179831
6901248894281,false,קמבלה ארנה 100 גר,ARENA,,קמבלה ארנה 100 גר,גרמים,100.00,100 גרם,false,1,16.90,16.9000,true,1,179702
6901489340240,false,פטריות כבושות מיקס 8,,,פטריות כבושות מיקס 880 מל,מיליליטרים,840.00,"100 מ""ל",false,1,19.90,2.3690,true,1,176801
6901489340257,false,פטריות כבושות אופיאט,,,פטריות כבושות אופיאטה 880 מל,גרמים,840.00,100 גרם,false,1,19.90,2.3690,true,1,176803
6901489340271,false,פטריות כבושות בורובי,,,פטריות כבושות בורוביקי 880 מל,גרמים,840.00,100 גרם,false,1,19.90,2.3690,true,1,176799
6910191800287,false,אצות נורי בלו 10 דף (ננגטונג),ננטונג היידה אקווטוק,CN,דפי אצות נורי 10 דף,גרמים,25.00,100 גרם,false,1,11.90,47.6000,true,1,176058
6912345451146,false,מגנט נמר על דשא עם ב,,,מגנט נמר על דשא עם ברכה,Unknown,0.00,Unknown,false,1,0.00,0.0000,true,1,200931
6912977000140,false,אטריות שעועית מזרח ו,יאנטאי ינסידה לנוגקא,CN,אטריות שעועית דקות 250גר,גרמים,250.00,100 גרם,false,1,9.90,3.9600,true,1,177432
6920510424926,false,סוויט בוקס צעצוע ודו,,,סוכ גלי סביט בוקס+מאשה ודוב,Unknown,0.00,Unknown,false,1,11.90,0.0000,true,1,184748
6920510504345,false,צעצוע פרוזן עם ממתק,,,צעצוע פרוזן עם ממתק סוויט בוקס 10 גר,Unknown,0.00,Unknown,false,1,11.90,0.0000,true,1,202006
6920510504369,false,צעצוע מכוניות עם ממת,,,צעצוע מכוניות עם ממתק סוויט בוקס 10 גר,Unknown,0.00,Unknown,false,1,11.90,0.0000,true,1,202007
6920510504383,false,צעצוע נסיכות עם ממתק,,,צעצוע נסיכות עם ממתק סוויט בוקס 10 גר,Unknown,0.00,Unknown,false,1,11.90,0.0000,true,1,202008
6920510504420,false,צעצוע ספיידרמן עם ממ,,,צעצוע ספיידרמן עם ממתק סוויט בוקס 10 גר,Unknown,0.00,Unknown,false,1,11.90,0.0000,true,1,202010
6920510504444,false,צעצוע הנוקמים עם ממת,,,צעצוע הנוקמים עם ממתק סוויט בוקס 10 גר,Unknown,0.00,Unknown,false,1,11.90,0.0000,true,1,202009
6921295003146,false,נתחי סורימי 200 גר,,,"נתחי סורימי 200 גר""",גרמים,200.00,100 גרם,false,1,4.90,2.4500,true,1,175745
6921476201088,false,מקלות סורימי 200 גר,,,מקלות סורימי 200 גרם,גרמים,200.00,100 גרם,false,1,5.90,2.9500,true,1,187265
6921476201095,false,נתחי סורימי 200 גר,,,נתחי סורימי 200 גר,גרמים,200.00,100 גרם,false,1,5.90,2.9500,true,1,187169
6922276100083,false,מחית וואסבי חזרת מזר,דליאן ג'ינדה קונדימנ,CN,מחית וואסבי 43 גר,גרמים,43.00,100 גרם,false,1,9.90,23.0233,true,1,176481
6922571300737,false,ארנה-פילה דיונון 90,ארנה,CN,ארנה-פילה דיונון 90 גר,גרמים,90.00,100 גרם,false,50,16.90,18.7778,true,1,187958
6922571302083,false,ארנה-זרועות דיונון פ,ארנה,CN,ארנה-זרועות דיונון פרוסות 90 גר,גרמים,90.00,100 גרם,false,50,23.90,26.5556,true,1,187960
6926442680331,false,מקלות סורימי 200 גר,,,"מקלות סורימי 200 גר""",גרמים,200.00,100 גרם,false,1,4.90,2.4500,true,1,175748
6930642301187,false,גליל דבק להסרת כל לכלוך,לונג וואן,,גליל דבק להסרת כל לכלוך,Unknown,0.00,Unknown,false,1,9.90,0.0000,true,1,182817
6934731200078,false,אטריות טריות דקות מז,יאנטאי ינסידה לנוגקא,CN,אטריות טריות דקות 200 גר,גרמים,200.00,100 גרם,false,1,6.90,3.4500,true,1,188212
6934731210138,false,אטריות טריות עבות מז,יאנטאי ינסידה לנוגקא,CN,אטריות טריות עבות 200 גר,גרמים,200.00,100 גרם,false,1,6.90,3.4500,true,1,188211
6936745600462,false,רוטב מירין לתיבול מז,דאנינג יוה פודס קו,CN,"מירין מיזקאן 500 מ""ל",מיליליטרים,500.00,"100 מ""ל",false,1,24.90,4.9800,true,1,176173
6936745600783,false,"חומץ אורז 500 מ""ל (דאניינג)",דאנינג יוה פודס קו,CN,"חומץ אורז מיצוקאן 500 מ""ל",מיליליטרים,500.00,"100 מ""ל",false,1,16.90,3.3800,true,1,176172
6942971507031,false,סוויט בוקס צעצוע ודו,גואנגדונג ויסקי פודס,,מארז סוכ גלי בטעם פירות וצעצוע חתולים,Unknown,0.00,Unknown,false,1,11.90,0.0000,true,1,182683
6942971507062,false,סוויט בוקס צעצוע ודו,גואנגדונג ויסקי פודס,,מארז סוכ גלי בטעם פירות וצעצוע פוני,Unknown,0.00,Unknown,false,1,11.90,0.0000,true,1,182685
6942971508090,false,סוויט בוקס צעצוע ודו,,,מארז סוכ גלי עם צעצוע תינוקות,Unknown,0.00,Unknown,false,1,11.90,0.0000,true,1,183285
6942971509844,false,סוויט בוקס צעצוע ובו,גואנגדונג ויסקי פודס,,מארז סוכ גלי בטעם פירות וצעצוע זומבי,Unknown,0.00,Unknown,false,1,11.90,0.0000,true,1,190329
6957763801518,false,סאיירה במיץ טבעי 425,,,סאיירה במיץ טבעי 425 גר,גרמים,425.00,100 גרם,false,1,12.90,3.0353,true,1,199274
6971289090027,false,פטריות לבנות מוחמצות,,,"פטריות לבנות מוחמצות שלמות 530 מ""ל",מיליליטרים,530.00,"100 מ""ל",false,1,15.90,3.0000,true,1,184943
6971289090034,false,פטריות גרוזדי מוחמצו,,,"פטריות גרוזדי מוחמצות 530 מ""ל",מיליליטרים,530.00,"100 מ""ל",false,1,15.90,3.0000,true,1,184942
6971289090096,false,פטריות אופיאטה מוחמצ,,,פטריות אופיאטה מוחמצות אלפא שלמות 840 מל,מיליליטרים,840.00,"100 מ""ל",false,1,24.90,2.9643,true,1,185307
6974640730167,false,פטריות שיטאקה 100 גר,ZHEJIANG FOREST FOOD,,פטריות שיטאקה 100 גר,גרמים,100.00,100 גרם,false,1,15.90,15.9000,true,1,204970
7046110071519,false,"ג'ורדן משחת שיניים לילדים( 2-6 ) 50מ""ל",,,"משחת שיניים גורדן לשיני חלב 2-6 50 מ""ל",מיליליטרים,50.00,"100 מ""ל",false,1,11.90,23.8000,true,1,188258
7290000000018,false,כרוב קייל,ירק הגליל,,כרוב קייל,Unknown,0.00,Unknown,false,1,12.90,0.0000,true,1,169260
7290000000169,false,תפוח אדמה לאפיה,ביכורי שדה דרום 2002,,"תפו""א לאפיה",קילוגרמים,1.00,"ק""ג",true,,4.90,4.9000,true,1,169585
7290000000202,false,סלמי כפרית פרוס,ישרקו שיווק מותגי מז,,סלמי כפרית פרוס,קילוגרמים,1.00,"ק""ג",true,,165.00,165.0000,true,1,169995
7290000000203,false,סלמי מילאנו פרוס,ישרקו שיווק מותגי מז,,סלמי מילנו פרוס,קילוגרמים,1.00,"ק""ג",true,,165.00,165.0000,true,1,167636
7290000000204,false,סלמי הרץ,ישרקו שיווק מותגי מז,,סלמי הרץ פרוס,קילוגרמים,1.00,"ק""ג",true,,149.00,149.0000,true,1,169626
7290000000205,false,מוסקובסקייה פרוס,ישרקו שיווק מותגי מז,,מוסקובסקייה פרוס,קילוגרמים,1.00,"ק""ג",true,,119.00,119.0000,true,1,167637
7290000000207,false,פיין סלמי,ישרקו שיווק מותגי מז,,פיין סלמי,קילוגרמים,1.00,"ק""ג",true,,99.00,99.0000,true,1,168570
7290000000213,false,פריזר עגל,ישרקו שיווק מותגי מז,,פריזר עגל,קילוגרמים,1.00,"ק""ג",true,,49.00,49.0000,true,1,170006
7290000000214,false,נקניקיות בוואריה,ישרקו שיווק מותגי מז,,נקניקיות בוואריה,קילוגרמים,1.00,"ק""ג",true,,79.00,79.0000,true,1,175874
7290000000216,false,פריזר איטלקי,ישרקו שיווק מותגי מז,,פריזר איטלקי,קילוגרמים,1.00,"ק""ג",true,,59.00,59.0000,true,1,167645
7290000000217,false,סלמי פפרוני,ישרקו שיווק מותגי מז,,סלמי פפרוני,קילוגרמים,1.00,"ק""ג",true,,165.00,165.0000,true,1,168584
7290000000219,false,זלץ לבן,ישרקו שיווק מותגי מז,,זלץ לבן,קילוגרמים,1.00,"ק""ג",true,,85.00,85.0000,true,1,207026
7290000000221,false,נקניק קרוביאנקה,ישרקו שיווק מותגי מז,,נקניק קרוביאנקה,קילוגרמים,1.00,"ק""ג",true,,75.00,75.0000,true,1,168959
7290000000228,false,סלמי הונגרי,ישרקו שיווק מותגי מז,,סלמי הונגרי,קילוגרמים,1.00,"ק""ג",true,,165.00,165.0000,true,1,170019
7290000000229,false,סלמי צרפתי,ישרקו שיווק מותגי מז,,סלמי צרפתי,קילוגרמים,1.00,"ק""ג",true,,165.00,165.0000,true,1,167756
7290000000230,false,רוסקי סרוולט,ישרקו שיווק מותגי מז,,רוסקי סרוולט,קילוגרמים,1.00,"ק""ג",true,,155.00,155.0000,true,1,168155
7290000000231,false,סרוולט מוסקובסקי,ישרקו שיווק מותגי מז,,סרוולט מוסקובסקי,קילוגרמים,1.00,"ק""ג",true,,155.00,155.0000,true,1,167655
7290000000234,false,קקאו עלית 150גר+שמנת,ישרקו שיווק מותגי מז,,סלה כל הסוגים,קילוגרמים,1.00,"ק""ג",true,,105.00,105.0000,true,1,167826
7290000000238,false,רו סרוולט,ישרקו שיווק מותגי מז,,רו-סרוולט,קילוגרמים,1.00,"ק""ג",true,,155.00,155.0000,true,1,167827
7290000000239,false,סלמי ספרטק,ישרקו שיווק מותגי מז,,סלמי ספרטק,קילוגרמים,1.00,"ק""ג",true,,155.00,155.0000,true,1,168598
7290000000243,false,נקניק סבינייה,ישרקו שיווק מותגי מז,,נקניק סבינייה,קילוגרמים,1.00,"ק""ג",true,,179.00,179.0000,true,1,169309
7290000000246,false,סרוולט אוסטרי,ישרקו שיווק מותגי מז,,סרוולט אוסטרי,קילוגרמים,1.00,"ק""ג",true,,169.00,169.0000,true,1,167763
7290000000247,false,סלמי בקר גרנאדה,ישרקו שיווק מותגי מז,,סלמי נאפולי,קילוגרמים,1.00,"ק""ג",true,,79.00,79.0000,true,1,168624
7290000000248,false,פרושוטו רוסי,ישרקו שיווק מותגי מז,,פרושוטו רוסי,קילוגרמים,1.00,"ק""ג",true,,199.00,199.0000,true,1,167764
7290000000249,false,סרוולט קופצסקיי,ישרקו שיווק מותגי מז,,"סרוולט קופצ""סקי",קילוגרמים,1.00,"ק""ג",true,,115.00,115.0000,true,1,167831
7290000000250,false,סלמי פינלנד,ישרקו שיווק מותגי מז,,סלמי פינלנד,קילוגרמים,1.00,"ק""ג",true,,155.00,155.0000,true,1,168970
7290000000255,false,פפרוני עגל,ישרקו שיווק מותגי מז,,פפרוני עגל,קילוגרמים,1.00,"ק""ג",true,,159.00,159.0000,true,1,169662
7290000000257,false,שוק מעושן,ישרקו שיווק מותגי מז,,שוק מעושן/חזירון חצי,קילוגרמים,1.00,"ק""ג",true,,109.00,109.0000,true,1,170028
7290000000267,false,אסאדו לבן,ישרקו שיווק מותגי מז,,אסאדו לבן,קילוגרמים,1.00,"ק""ג",true,,139.00,139.0000,true,1,170034
7290000000268,false,בסטורמה ארמנית,ישרקו שיווק מותגי מז,,בסטרומה ארמנית,קילוגרמים,1.00,"ק""ג",true,,219.00,219.0000,true,1,167993
7290000000272,false,נקניקיות סליבוצניה,ישרקו שיווק מותגי מז,,"נקניקיות סליבוצ""ניה",קילוגרמים,1.00,"ק""ג",true,,59.00,59.0000,true,1,168636
7290000000273,false,פרושוטו,ישרקו שיווק מותגי מז,,פרושוטו,קילוגרמים,1.00,"ק""ג",true,,309.00,309.0000,true,1,170037
7290000000285,false,נקניק אגסי,ישרקו שיווק מותגי מז,,נקניק אגסי,קילוגרמים,1.00,"ק""ג",true,,179.00,179.0000,true,1,169672
7290000000289,false,לשון זליבנוי טילצי,ישרקו שיווק מותגי מז,,"לשון זליבנוי טילצ""י",קילוגרמים,1.00,"ק""ג",true,,89.00,89.0000,true,1,168003
7290000000374,false,פטריות שמפניון ארוז 250 ג',חוות השמפיניון,IL,פטריות שמפניון ארוזות,Unknown,0.00,Unknown,false,1,8.50,0.0000,true,1,176184
7290000000390,false,מארז שוופס סודה 250,"ולדמן ביח""ר לנקניק ו",,נקניק בריאנסקיה,קילוגרמים,1.00,"ק""ג",true,,85.00,85.0000,true,1,168025
7290000000396,false,פריזר אליטניה,"ולדמן ביח""ר לנקניק ו",,פריזר אליטנאיה,קילוגרמים,1.00,"ק""ג",true,,89.00,89.0000,true,1,167810
7290000000403,false,עוף מעושן,"ולדמן ביח""ר לנקניק ו",,עוף מעושן,קילוגרמים,1.00,"ק""ג",true,,49.00,49.0000,true,1,168026
7290000000404,false,וטצינה רוסקיה,"ולדמן ביח""ר לנקניק ו",,"ויצ""ינה רוסקיה",קילוגרמים,1.00,"ק""ג",true,,129.00,129.0000,true,1,168995
7290000000409,false,בוזנינה הודו ביתית,"ולדמן ביח""ר לנקניק ו",,בוזנינה הודו ביתית,קילוגרמים,1.00,"ק""ג",true,,69.00,69.0000,true,1,168029
7290000000425,false,בוט מלוצניה מעושן,"ולדמן ביח""ר לנקניק ו",,"בוט מלוצ""ניה מעושן (",קילוגרמים,1.00,"ק""ג",true,,85.00,85.0000,true,1,168678
7290000000426,false,נקניק פולטבסקיה,"ולדמן ביח""ר לנקניק ו",,נקניק פלטבסקיה,קילוגרמים,1.00,"ק""ג",true,,119.00,119.0000,true,1,168032
7290000000436,false,בוט דיאטטי מעושן,"ולדמן ביח""ר לנקניק ו",,בוט דיאטטי מעושן,קילוגרמים,1.00,"ק""ג",true,,85.00,85.0000,true,1,169361
7290000000437,false,בוזנינה חזיר ביתית,"ולדמן ביח""ר לנקניק ו",,בוזנינה חזיר ביתית,קילוגרמים,1.00,"ק""ג",true,,129.00,129.0000,true,1,168679
7290000000441,false,נקניק פרח פרוס,"ולדמן ביח""ר לנקניק ו",,נקניק פרח פרוס,קילוגרמים,1.00,"ק""ג",true,,109.00,109.0000,true,1,167821
7290000000444,false,קופצסקי סרוולט,"ולדמן ביח""ר לנקניק ו",,"קופצ""סקי סרוולד",קילוגרמים,1.00,"ק""ג",true,,109.00,109.0000,true,1,169709
7290000000447,false,ציגיינר,"ולדמן ביח""ר לנקניק ו",,ציגיינר,קילוגרמים,1.00,"ק""ג",true,,129.00,129.0000,true,1,169710
7290000000448,false,קייזר גרודינקה,"ולדמן ביח""ר לנקניק ו",,קייזר גרודינקה,קילוגרמים,1.00,"ק""ג",true,,189.00,189.0000,true,1,170084
7290000000450,false,פריזר דוקטורסקייה/מי,"ולדמן ביח""ר לנקניק ו",,פריזר דוקטורסקייה/מיני,קילוגרמים,1.00,"ק""ג",true,,65.00,65.0000,true,1,169007
7290000000456,false,פרלמנט,"ולדמן ביח""ר לנקניק ו",,פרלמנט,קילוגרמים,1.00,"ק""ג",true,,95.00,95.0000,true,1,168037
7290000000462,false,צוואר מעושן,"ולדמן ביח""ר לנקניק ו",,צוואר מעושן,קילוגרמים,1.00,"ק""ג",true,,149.00,149.0000,true,1,169715
7290000000463,false,רולדה קרפצקיה,"ולדמן ביח""ר לנקניק ו",,רולדה קרפצקיה,קילוגרמים,1.00,"ק""ג",true,,189.00,189.0000,true,1,169364
7290000000468,false,כרעיים/שוקיים עוף מע,"ולדמן ביח""ר לנקניק ו",,כרעיים/שוקיים עוף מע,קילוגרמים,1.00,"ק""ג",true,,49.00,49.0000,true,1,169010
7290000000472,false,ליפצקיה,"ולדמן ביח""ר לנקניק ו",,ליפצקיה,קילוגרמים,1.00,"ק""ג",true,,99.00,99.0000,true,1,169716
7290000000473,false,קבנוס בווארסקיי,"ולדמן ביח""ר לנקניק ו",,קבנוס בוורסקיי,קילוגרמים,1.00,"ק""ג",true,,119.00,119.0000,true,1,168388
7290000000486,false,נקניק סרוולט אורחובי,"ולדמן ביח""ר לנקניק ו",,נקניק סרוולט אורחובי,קילוגרמים,1.00,"ק""ג",true,,109.00,109.0000,true,1,168684
7290000000491,false,נקניקיות וטציניה טבע,"ולדמן ביח""ר לנקניק ו",,"נקניקיות ויצ""ינה טבע",קילוגרמים,1.00,"ק""ג",true,,69.00,69.0000,true,1,169369
7290000000496,false,נקניק סלמי בוט,"ולדמן ביח""ר לנקניק ו",,נקניק סלמי בוט,קילוגרמים,1.00,"ק""ג",true,,119.00,119.0000,true,1,167842
7290000000499,false,בוזנינה עוף,"ולדמן ביח""ר לנקניק ו",,בוזנינה עוף,קילוגרמים,1.00,"ק""ג",true,,59.00,59.0000,true,1,170091
7290000000500,false,פריזר רוסי גדול,מעדני מניה תעשיות בש,,פריזר רוסי גדול,קילוגרמים,1.00,"ק""ג",true,,69.00,69.0000,true,1,168687
7290000000501,false,קרמליובסקיה,מעדני מניה תעשיות בש,,קרמליובסקיה,קילוגרמים,1.00,"ק""ג",true,,155.00,155.0000,true,1,169019
7290000000511,false,גולן פרוס,מעדני מניה תעשיות בש,,גולן פרוס,קילוגרמים,1.00,"ק""ג",true,,109.00,109.0000,true,1,167844
7290000000513,false,אסאדו על האש,מעדני מניה תעשיות בש,,אסאדו על האש,קילוגרמים,1.00,"ק""ג",true,,129.00,129.0000,true,1,169374
7290000000518,false,וינר חדש,מעדני מניה תעשיות בש,,וינר חדש,קילוגרמים,1.00,"ק""ג",true,,69.00,69.0000,true,1,168691
7290000000521,false,בסטורמה בקר,מעדני מניה תעשיות בש,,בסטרומה בקר,קילוגרמים,1.00,"ק""ג",true,,135.00,135.0000,true,1,168405
7290000000522,false,וינר חדש עבה,מעדני מניה תעשיות בש,,וינר חדש עבה,קילוגרמים,1.00,"ק""ג",true,,69.00,69.0000,true,1,169020
7290000000523,false,פסטרמה רומנית שום/פל,מעדני מניה תעשיות בש,,"פסטרמה ב""/רומנית/שום",קילוגרמים,1.00,"ק""ג",true,,105.00,105.0000,true,1,170093
7290000000524,false,פסטרמה הונגרית,מעדני מניה תעשיות בש,,פסטרמה הונגרית,קילוגרמים,1.00,"ק""ג",true,,129.00,129.0000,true,1,169375
7290000000526,false,קנקרס מעושן,מעדני מניה תעשיות בש,,"קנקרס לבן/מעושן, קוק",קילוגרמים,1.00,"ק""ג",true,,35.00,35.0000,true,1,168695
7290000000529,false,נקניק לוביטלסקיה לבן,מעדני מניה תעשיות בש,,נקניק לוביטלסקיה לבן,קילוגרמים,1.00,"ק""ג",true,,69.00,69.0000,true,1,168696
7290000000533,false,בייקון חי,מעדני מניה תעשיות בש,,בייקון חי,קילוגרמים,1.00,"ק""ג",true,,189.00,189.0000,true,1,169376
7290000000536,false,פרושוטו חי,מעדני מניה תעשיות בש,,פרושוטו חי,קילוגרמים,1.00,"ק""ג",true,,159.00,159.0000,true,1,167847
7290000000537,false,לקס צוואר,מעדני מניה תעשיות בש,,לקס צוואר,קילוגרמים,1.00,"ק""ג",true,,189.00,189.0000,true,1,168197
7290000000543,false,נקניק אוכוטניציה,מעדני מניה תעשיות בש,,"נקניק אוכוטניצ""יה",קילוגרמים,1.00,"ק""ג",true,,95.00,95.0000,true,1,168417
7290000000553,false,קייזר,מעדני מניה תעשיות בש,,קייזר,קילוגרמים,1.00,"ק""ג",true,,129.00,129.0000,true,1,168703
7290000000554,false,נקניק חי כפרי,מעדני מניה תעשיות בש,,נקניק חי כפרי,קילוגרמים,1.00,"ק""ג",true,,159.00,159.0000,true,1,169025
7290000000562,false,בייגלה,מעדני מניה תעשיות בש,,בייגלה,קילוגרמים,1.00,"ק""ג",true,,59.00,59.0000,true,1,169732
7290000000581,false,בליק קייבסקי,מעדני מניה תעשיות בש,,בליק קייבסקי,קילוגרמים,1.00,"ק""ג",true,,119.00,119.0000,true,1,170107
7290000000585,false,צוואר מעושן,מעדני מניה תעשיות בש,,צוואר מעושן,קילוגרמים,1.00,"ק""ג",true,,129.00,129.0000,true,1,170108
7290000000600,false,סלמי רוונה,קרלברג ייצור ושיווק,,סלמי רוונה,קילוגרמים,1.00,"ק""ג",true,,99.00,99.0000,true,1,169035
7290000000601,false,סלמי פארמה,קרלברג ייצור ושיווק,,סלמי פארמה,קילוגרמים,1.00,"ק""ג",true,,99.00,99.0000,true,1,168207
7290000000602,false,נקניק מוסקובסקיה חצי,קרלברג ייצור ושיווק,,נקניק מוסקובסקיה חצי יבש,קילוגרמים,1.00,"ק""ג",true,,89.00,89.0000,true,1,169745
7290000000830,false,בוזנינה רגילה,מעדני מניה תעשיות בש,,"בוז""נינה רגילה",קילוגרמים,1.00,"ק""ג",true,,129.00,129.0000,true,1,168830
7290000000831,false,רוחברג,מעדני מניה תעשיות בש,,רוחברג,קילוגרמים,1.00,"ק""ג",true,,155.00,155.0000,true,1,169851
7290000000850,false,קרקובסקיה דימוב,מעדני בשר השוקת,,קרקובסקיה דימוב,קילוגרמים,1.00,"ק""ג",true,,99.00,99.0000,true,1,168606
7290000000853,false,נקניק וארשבסקיה דימו,מעדני בשר השוקת,,נקניק וארשבסקיה של דימוב,קילוגרמים,1.00,"ק""ג",true,,109.00,109.0000,true,1,169500
7290000000857,false,סלמי פינסקיה דימוב,מעדני בשר השוקת,,סלמי פינסקיה דימוב,קילוגרמים,1.00,"ק""ג",true,,99.00,99.0000,true,1,168607
7290000000858,false,בליקוביה דימוב,מעדני בשר השוקת,,בליקוביה דימוב,קילוגרמים,1.00,"ק""ג",true,,109.00,109.0000,true,1,168834
7290000000885,false,נקניק מורטדלה איטלקי,ישרקו שיווק מותגי מז,,נקניק מורטדלה איטלקי,קילוגרמים,1.00,"ק""ג",true,,65.00,65.0000,true,1,168326
7290000000901,false,נקניקיות שפיקצקי,מעדני בשר השוקת,,"נקניקיות שפיקצ""קי",קילוגרמים,1.00,"ק""ג",true,,69.00,69.0000,true,1,170204
7290000000918,false,סלמי פולני,מעדני בשר השוקת,,סלמי פולני,קילוגרמים,1.00,"ק""ג",true,,85.00,85.0000,true,1,169860
7290000001011,false,זרניסטיה,מעדני מניה תעשיות בש,,זרניסטיה,קילוגרמים,1.00,"ק""ג",true,,155.00,155.0000,true,1,167420
7290000001012,false,טוסקנה,מעדני מניה תעשיות בש,,טוסקנה,קילוגרמים,1.00,"ק""ג",true,,159.00,159.0000,true,1,167435
7290000001016,false,מילאנו חי,מעדני מניה תעשיות בש,,מילנו חי,קילוגרמים,1.00,"ק""ג",true,,155.00,155.0000,true,1,167619
7290000001022,false,צוריסו אובריקו,מעדני מניה תעשיות בש,,צוריסו אובריקו,קילוגרמים,1.00,"ק""ג",true,,155.00,155.0000,true,1,205673
7290000001025,false,קוניאק ניקול,מעדני מניה תעשיות בש,,קוניאק ניקול,קילוגרמים,1.00,"ק""ג",true,,155.00,155.0000,true,1,167621
7290000001040,false,נקניק אקסטרה,מעדני מניה תעשיות בש,,נקניק אקסטרה,קילוגרמים,1.00,"ק""ג",true,,39.00,39.0000,true,1,167528
7290000001052,false,פילה לברק מארז 6 יח,מעדני ויטו שיווק ויי,,זולץ אליטני,קילוגרמים,1.00,"ק""ג",true,,79.00,79.0000,true,1,167441
7290000001053,false,לשון בקר בגל תאומים,מעדני ויטו שיווק ויי,,לשון בקר בגל תאומים,קילוגרמים,1.00,"ק""ג",true,,89.00,89.0000,true,1,167373
7290000001075,false,מעדן אווז,קרלברג ייצור ושיווק,,נקניק ונסקיה,קילוגרמים,1.00,"ק""ג",true,,95.00,95.0000,true,1,167430
7290000001077,false,כתף בקר מעושן,קרלברג ייצור ושיווק,,טורינו חי,קילוגרמים,1.00,"ק""ג",true,,85.00,85.0000,true,1,168844
7290000001078,false,כתף בקר פלפל,קרלברג ייצור ושיווק,,סלמי אוקראינסקיה,קילוגרמים,1.00,"ק""ג",true,,85.00,85.0000,true,1,168845
7290000001128,false,נקניקיות פרנקפורט בק,מעדני מניה תעשיות בש,,נקניקיות פרנקפורט בקר,קילוגרמים,1.00,"ק""ג",true,,49.00,49.0000,true,1,176449
7290000001132,false,פריזר צהוב קטן,מעדני מניה תעשיות בש,,פריזר צהוב קטן,קילוגרמים,1.00,"ק""ג",true,,35.00,35.0000,true,1,177033
7290000001153,false,לשון בקר בגל קוביות,,,לשון בקר בגל קוביות,קילוגרמים,1.00,"ק""ג",true,,89.00,89.0000,true,1,176234
7290000001206,false,שווארמה הודו צועני,ישרקו שיווק מותגי מז,,שווארמה הודו אפויה/צועני,קילוגרמים,1.00,"ק""ג",true,,119.00,119.0000,true,1,169891
7290000001216,false,נקניקיות פרגית,ישרקו שיווק מותגי מז,,נקניקיות פרגית,קילוגרמים,1.00,"ק""ג",true,,36.00,36.0000,true,1,167541
7290000001220,false,פטה כבד עוף בלוק,ישרקו שיווק מותגי מז,,פטה כבד עוף בלוק,קילוגרמים,1.00,"ק""ג",true,,85.00,85.0000,true,1,168378
7290000001257,false,שוק חזירון,ישרקו שיווק מותגי מז,,שוק חזירון,קילוגרמים,1.00,"ק""ג",true,,119.00,119.0000,true,1,192012
7290000001285,false,נקניק אגסי שלם,ישרקו שיווק מותגי מז,,נקניק אגסי,קילוגרמים,1.00,"ק""ג",true,,176.00,176.0000,true,1,180712
7290000001391,false,שינקן מבושל/מעושן,"ולדמן ביח""ר לנקניק ו",,שינקן מבושל/מעושן,קילוגרמים,1.00,"ק""ג",true,,129.00,129.0000,true,1,167552
7290000001396,false,פריזר אליטניה מיני,"ולדמן ביח""ר לנקניק ו",,פריזר אליטניה מיני,קילוגרמים,1.00,"ק""ג",true,,89.00,89.0000,true,1,168067
7290000001401,false,נקניק סופר דומשניה,"ולדמן ביח""ר לנקניק ו",,נקניק סופר דומאשניה,קילוגרמים,1.00,"ק""ג",true,,129.00,129.0000,true,1,169915
7290000001437,false,בוזנינה פסטיבל ביתי,"ולדמן ביח""ר לנקניק ו",,בוזנינה פסטיבל ביתי,קילוגרמים,1.00,"ק""ג",true,,129.00,129.0000,true,1,178277
7290000001455,false,פריזר לארוחת בוקר,"ולדמן ביח""ר לנקניק ו",,פריזר לארוחת בוקר,קילוגרמים,1.00,"ק""ג",true,,79.00,79.0000,true,1,178293
7290000001459,false,פסטרמה חזיר צאך עם ח,"ולדמן ביח""ר לנקניק ו",,פסטרמה חזיר צך בטעמים עם שומן,קילוגרמים,1.00,"ק""ג",true,,125.00,125.0000,true,1,178292
7290000001499,false,כנפיים עוף מעושנים,"ולדמן ביח""ר לנקניק ו",,כנפיים עוף מעושנים,קילוגרמים,1.00,"ק""ג",true,,29.00,29.0000,true,1,178897
7290000001500,false,פריזר רוסי קטן,מעדני מניה תעשיות בש,,פריזר רוסי קטן,קילוגרמים,1.00,"ק""ג",true,,69.00,69.0000,true,1,169564
7290000001502,false,לחם בשר,מעדני מניה תעשיות בש,,לחם בשר,קילוגרמים,1.00,"ק""ג",true,,59.00,59.0000,true,1,168409
7290000001508,false,פריזר בייגלה,מעדני מניה תעשיות בש,,פריזר בייגלה,קילוגרמים,1.00,"ק""ג",true,,69.00,69.0000,true,1,169565
7290000001517,false,פריזר בייבי סנדוויץ,מעדני מניה תעשיות בש,,"פריזר ביבי סנדוויץ""",קילוגרמים,1.00,"ק""ג",true,,35.00,35.0000,true,1,168410
7290000001521,false,נקניק לבירה,מעדני מניה תעשיות בש,,"נקניק לבירה ""קפיבו""",קילוגרמים,1.00,"ק""ג",true,,155.00,155.0000,true,1,168074
7290000001523,false,דוקטורסקיה פרימיום ב,מעדני מניה תעשיות בש,,דוקטורסקיה פרימיום,קילוגרמים,1.00,"ק""ג",true,,59.00,59.0000,true,1,169223
7290000001529,false,נקניק מורטדלה חדשה,מעדני מניה תעשיות בש,,נקניק מורטדלה חדשה,קילוגרמים,1.00,"ק""ג",true,,69.00,69.0000,true,1,169567
7290000001549,false,בליק דרניצקי,מעדני מניה תעשיות בש,,בליק דרניצקי,קילוגרמים,1.00,"ק""ג",true,,169.00,169.0000,true,1,177201
7290000001553,false,קוסטיצה לבן/שחור,מעדני מניה תעשיות בש,,קוסטיצה לבן/שחור,קילוגרמים,1.00,"ק""ג",true,,129.00,129.0000,true,1,169570
7290000001562,false,קבנוס,מעדני מניה תעשיות בש,,קבנוס,קילוגרמים,1.00,"ק""ג",true,,59.00,59.0000,true,1,177035
7290000001564,false,בייקון אנגלי,מעדני מניה תעשיות בש,,בייקון אנגלי,קילוגרמים,1.00,"ק""ג",true,,105.00,105.0000,true,1,178017
7290000001597,false,פריזר עגל בייבי,מעדני מניה תעשיות בש,,פריזר עגל ביבי,קילוגרמים,1.00,"ק""ג",true,,55.00,55.0000,true,1,169932
7290000001621,false,פסטרמה הודו פרפר עם,קרלברג ייצור ושיווק,,פסטרמה הודו פרפר עם שום,קילוגרמים,1.00,"ק""ג",true,,59.00,59.0000,true,1,178739
7290000002016,false,גבינה גולדן לאזור עם,Lazur,,"גבינה ""גולדן לאזור"" עם עובש כחול",קילוגרמים,1.00,"ק""ג",true,,99.00,99.0000,true,1,168567
7290000002017,false,חטיפי בורקס/ביס פיצה,Lazur,,"גבינה ""סילבר לאזור"" עם עובש כחול",קילוגרמים,1.00,"ק""ג",true,,99.00,99.0000,true,1,167735
7290000002018,false,גבינה בלו לאזור עם ע,Lazur,,"גבינה ""בלו לאזור"" עם עובש כחול",קילוגרמים,1.00,"ק""ג",true,,99.00,99.0000,true,1,168130
7290000002019,false,גבינה טורקיז לאזור ע,Lazur,,"גבינה ""טורקיז לאזור"" עם עובש כחול",קילוגרמים,1.00,"ק""ג",true,,99.00,99.0000,true,1,167609
7290000002035,false,דונטס בטעמים,Spomlek,,גבינה רדמר,קילוגרמים,1.00,"ק""ג",true,,89.00,89.0000,true,1,177517
7290000002036,false,גבינה סלמי סרנדה,Spomlek,,גבינה סלמי סרנד,קילוגרמים,1.00,"ק""ג",true,,79.00,79.0000,true,1,177518
7290000002037,false,גבינה גרנד גאודה,Spomlek,,גבינה גרנד גאודה,קילוגרמים,1.00,"ק""ג",true,,89.00,89.0000,true,1,177519
7290000002038,false,גבינה גרנד רדמר,Spomlek,,גבינה גרנד רדמר,קילוגרמים,1.00,"ק""ג",true,,89.00,89.0000,true,1,177520
7290000002039,false,גבינה קשטן,Spomlek,,גבינה קשטן,קילוגרמים,1.00,"ק""ג",true,,119.00,119.0000,true,1,177521
7290000002044,false,גבינה סטרי אולדר,Spomlek,,גבינה סטרי אולדר,קילוגרמים,1.00,"ק""ג",true,,119.00,119.0000,true,1,177522
7290000002046,false,גבינה בורזטין,Spomlek,,גבינה בורזטין,קילוגרמים,1.00,"ק""ג",true,,119.00,119.0000,true,1,177524
7290000002059,false,גבינה קשה פרובולונה,,,גבינה קשה פרובולונה 26%,קילוגרמים,1.00,"ק""ג",true,,149.00,149.0000,true,1,169998
7290000002069,false,בסגנון פרמזן גוזוס ג,Rokisko,,תחליב גבינה פרמזן גוזוס גולד 40%,קילוגרמים,1.00,"ק""ג",true,,79.00,79.0000,true,1,177650
7290000002131,false,גבינה גאודה פסטו אדו,,,גבינה גאודה פסטו אדום,קילוגרמים,1.00,"ק""ג",true,,119.00,119.0000,true,1,178900
7290000002140,false,ירקות/פירות ממולא בג,גבינות עמיר ניצן,,טאפס שכונתי,קילוגרמים,1.00,"ק""ג",true,,169.00,169.0000,true,1,177708
7290000002141,false,גבינה לבנה אבו גוש,גבינות עמיר ניצן,,גבינה לבנה אבו גוש,קילוגרמים,1.00,"ק""ג",true,,49.00,49.0000,true,1,177709
7290000002142,false,סלט קוביות מעדן פטה,גבינות עמיר ניצן,,סלט קוביות מעדן פטה,קילוגרמים,1.00,"ק""ג",true,,79.00,79.0000,true,1,177710
7290000002152,false,צפתית 5%,מחלבת ציפורי הגלילית,,צפתית 5%,קילוגרמים,1.00,"ק""ג",true,,49.00,49.0000,true,1,169297
7290000002154,false,טבורוג 5%,מחלבת ציפורי הגלילית,,טבורוג 5%,קילוגרמים,1.00,"ק""ג",true,,35.00,35.0000,true,1,168573
7290000002155,false,טבורוג בטעמים,מחלבת ציפורי הגלילית,,טבורוג בטעמים,קילוגרמים,1.00,"ק""ג",true,,32.00,32.0000,true,1,169298
7290000002203,false,תחליף גבינה סמוקרלה,,,סמוקרלה מעושנת,קילוגרמים,1.00,"ק""ג",true,,62.00,62.0000,true,1,167750
7290000002204,false,גבינה קורולבסקי/מרקי,,,גבינה קורולבסקי/מרקיז/מגנט,קילוגרמים,1.00,"ק""ג",true,,79.00,79.0000,true,1,168146
7290000002206,false,גבינה אדם כדור,,,גבינה אדם כדור,קילוגרמים,1.00,"ק""ג",true,,75.00,75.0000,true,1,169301
7290000002209,false,בסגנון פרמזן,,,בסגנון פרמזן,קילוגרמים,1.00,"ק""ג",true,,74.00,74.0000,true,1,168588
7290000002218,false,גבינת עיזים פריסלנד,,,גבינה עיזים פריסלנד,קילוגרמים,1.00,"ק""ג",true,,139.00,139.0000,true,1,168589
7290000002219,false,גבינה מאסדם,,,גבינה מאסדם,קילוגרמים,1.00,"ק""ג",true,,79.00,79.0000,true,1,168961
7290000002220,false,גבינה פרמזן,,,גבינה פרמזו,קילוגרמים,1.00,"ק""ג",true,,109.00,109.0000,true,1,168590
7290000002222,false,גבינה ברי צרפתי,,,גבינה ברי צרפתי,קילוגרמים,1.00,"ק""ג",true,,109.00,109.0000,true,1,169642
7290000002227,false,קרם ציז אמריקאי פאו,,,"קרם צ""יז אמריקאי פאו",קילוגרמים,1.00,"ק""ג",true,,64.00,64.0000,true,1,168962
7290000002232,false,גבינת גאודה,,,גבינת גאודה,קילוגרמים,1.00,"ק""ג",true,,79.00,79.0000,true,1,168594
7290000002240,false,גבינה גאודה פסטו,,,גבינה גאודה פסטו,קילוגרמים,1.00,"ק""ג",true,,119.00,119.0000,true,1,169303
7290000002243,false,גבינה פושחונסקי,,,גבינות פושחונסקי,קילוגרמים,1.00,"ק""ג",true,,79.00,79.0000,true,1,168152
7290000002249,false,גבינה גאודה עיזים בל,,,גבינה גאודה,קילוגרמים,1.00,"ק""ג",true,,159.00,159.0000,true,1,169646
7290000002255,false,תחליף גבינה רוסייסקי,,,תחליף גבינה רוסייסקי,קילוגרמים,1.00,"ק""ג",true,,55.00,55.0000,true,1,169648
7290000002273,false,גבינה וינו עזים ביין,,,גבינה וינו עיזים ביין,קילוגרמים,1.00,"ק""ג",true,,139.00,139.0000,true,1,188031
7290000002304,false,גבינה גאודה עגול,פריזלנד,,"גבינה ""גאודה"" עגול",קילוגרמים,1.00,"ק""ג",true,,79.00,79.0000,true,1,167757
7290000002306,false,גבינת עיזים גאודה,,,גבינת עיזים גאודה,קילוגרמים,1.00,"ק""ג",true,,129.00,129.0000,true,1,168596
7290000002313,false,גבינת מאסדם אמנטל,פריזלנד,,"גבינת ""אמנטל""",קילוגרמים,1.00,"ק""ג",true,,79.00,79.0000,true,1,169651
7290000002511,false,גבינת גלבוע 22%,,,גבינת גלבוע 22%,קילוגרמים,1.00,"ק""ג",true,,42.58,42.5800,true,1,169317
7290000002523,false,טוסטי ארוז,,,טוסטי ארוז,קילוגרמים,1.00,"ק""ג",true,,40.00,40.0000,true,1,167834
7290000002533,false,גבינה פיראוס בולגרית,,,גבינה פיראוס בולגרית,קילוגרמים,1.00,"ק""ג",true,,49.00,49.0000,true,1,167771
7290000002620,false,גבינה צהובה נעם 22%,,,גבינה צהובה נעם 22%,קילוגרמים,1.00,"ק""ג",true,,42.58,42.5800,true,1,170029
7290000002636,false,גבינה צהובה נעם 28%,,,גבינה צהובה נעם 28%,קילוגרמים,1.00,"ק""ג",true,,44.79,44.7900,true,1,167839
7290000002642,false,גבינה צהובה נעם 9%,,,גבינה צהובה נעם 9%,קילוגרמים,1.00,"ק""ג",true,,85.00,85.0000,true,1,167778
7290000002700,false,מוצרלה/הולנדית/שוויצ,,,מוצרלה/הולנדית/שוויצרית/צדר,קילוגרמים,1.00,"ק""ג",true,,45.00,45.0000,true,1,169667
7290000002702,false,תחליף גבינה מעושנת נ,,,תחליף גבינה מעושן,קילוגרמים,1.00,"ק""ג",true,,49.00,49.0000,true,1,169668
7290000002830,false,גבינה צדר אנגלי כתום,שבינגטון,,גבינה צידר אנגלי כתום,קילוגרמים,1.00,"ק""ג",true,,139.00,139.0000,true,1,175819
7290000002831,false,גבינה צדר אנגלי,שבינגטון,,גבינה צידר אנגלי,קילוגרמים,1.00,"ק""ג",true,,139.00,139.0000,true,1,175820
7290000002832,false,גבינה ברי לרוסטיק,בונגראן,,גבינה ברי לרוסטיק,קילוגרמים,1.00,"ק""ג",true,,169.00,169.0000,true,1,175821
7290000002833,false,גבינה ברס בלו,בונגראן,,גבינה ברס בלו,קילוגרמים,1.00,"ק""ג",true,,199.00,199.0000,true,1,175822
7290000002860,false,גבינה דורבלו גלגל,,,גבינה דורבלו גלגל,קילוגרמים,1.00,"ק""ג",true,,169.00,169.0000,true,1,178170
7290000002869,false,גאודה כמון הולנדית,,,גאודה כמון הולנדית,קילוגרמים,1.00,"ק""ג",true,,109.00,109.0000,true,1,168000
7290000002871,false,גאודה הולנדית,,,גאודה הולנדית,קילוגרמים,1.00,"ק""ג",true,,79.00,79.0000,true,1,168646
7290000002872,false,גבינה מאסדם הולנדית,,,גבינת מאסדם הולנדית,קילוגרמים,1.00,"ק""ג",true,,79.00,79.0000,true,1,168001
7290000002874,false,גבינה קמברזולה,,,גבינה קמבוזולה,קילוגרמים,1.00,"ק""ג",true,,199.00,199.0000,true,1,168977
7290000002881,false,ברי צרפתי,,,ברי צרפתי,קילוגרמים,1.00,"ק""ג",true,,165.00,165.0000,true,1,170040
7290000002883,false,גבינה צדר גרמני אדום,,,גבינה צדר גרמני אדום,קילוגרמים,1.00,"ק""ג",true,,89.00,89.0000,true,1,167784
7290000002889,false,גורגונזולה פיקנטי/דו,,,גורגונזולה פיקנטי/דו,קילוגרמים,1.00,"ק""ג",true,,189.00,189.0000,true,1,168174
7290000002895,false,גבינה מעושנת טבעי גל,,,גבינה מעושנת טבעי גל,קילוגרמים,1.00,"ק""ג",true,,99.00,99.0000,true,1,169678
7290000002898,false,גבינת צדר מיושן,,,"גבינת צ""דר מיושן",קילוגרמים,1.00,"ק""ג",true,,119.00,119.0000,true,1,167785
7290000002928,false,פטה עיזים,מחלבת המושבה,,פטה עיזים,קילוגרמים,1.00,"ק""ג",true,,109.00,109.0000,true,1,169335
7290000002929,false,ברינזה צאן,מחלבת המושבה,,ברינזה צאן,קילוגרמים,1.00,"ק""ג",true,,89.00,89.0000,true,1,170044
7290000002930,false,גבינה צפתית טבעי/צפת,מחלבת המושבה,,גבינה צפתית טבעי/צפת,קילוגרמים,1.00,"ק""ג",true,,49.00,49.0000,true,1,169681
7290000002931,false,גבינה בולגרית 5% מסו,מחלבת המושבה,,גבינה בולגרית קשה 5%,קילוגרמים,1.00,"ק""ג",true,,49.00,49.0000,true,1,168979
7290000002932,false,גבינת קאש,מחלבת המושבה,,גבינת קאש,קילוגרמים,1.00,"ק""ג",true,,49.00,49.0000,true,1,169336
7290000002934,false,גבינת שמנת 30% טבעי,מחלבת המושבה,,גבינת שמנת 30% טבעי,קילוגרמים,1.00,"ק""ג",true,,55.00,55.0000,true,1,169337
7290000002937,false,טבורוג טבעי,מחלבת המושבה,,טבורוג טבעי,קילוגרמים,1.00,"ק""ג",true,,36.00,36.0000,true,1,168011
7290000002949,false,גבינה גאודה פסטו הול,,,גבינת גאודה פסטו הול,קילוגרמים,1.00,"ק""ג",true,,159.00,159.0000,true,1,169338
7290000002952,false,גבינה צדר עם ויסקי,,,"גבינה צ""דר עם יין/ויסקי/חמוציות",קילוגרמים,1.00,"ק""ג",true,,159.00,159.0000,true,1,169682
7290000002960,false,גבינה בולגרית 5%/16%,מחלבת המושבה,,גבינה בולגרית חלקה 5,קילוגרמים,1.00,"ק""ג",true,,55.00,55.0000,true,1,169683
7290000002964,false,גבינה בולגרית קוביות,מחלבת המושבה,,גבינה בולגרית קוביות 5%,קילוגרמים,1.00,"ק""ג",true,,55.00,55.0000,true,1,169685
7290000002970,false,אצבעות שוקולד,מחלבת המושבה,,אצבעות שוקולד,קילוגרמים,1.00,"ק""ג",true,,69.00,69.0000,true,1,169686
7290000002983,false,גבינת מנצגו/תום/פקור,מחלבת המושבה,,"גבינת מנצ""גו/תום/פיק",קילוגרמים,1.00,"ק""ג",true,,159.00,159.0000,true,1,168982
7290000002995,false,גבינת שמנת שום שמיר,,,גבינת שמנת שום שמיר 30%,קילוגרמים,1.00,"ק""ג",true,,55.00,55.0000,true,1,169340
7290000002996,false,גבינת שמנת זיתים 30%,,,גבינת שמנת זיתים 30%,קילוגרמים,1.00,"ק""ג",true,,55.00,55.0000,true,1,185352
7290000002999,false,גבינת שמנת פיקנטי/פס,,,גבינת שמנת פיקנטי/פסטו 30%,קילוגרמים,1.00,"ק""ג",true,,55.00,55.0000,true,1,178734
7290000003011,false,נקניק לבובסקיה,מעדני בשר השוקת,,נקניק לבובסקיה,קילוגרמים,1.00,"ק""ג",true,,79.00,79.0000,true,1,169342
7290000003021,false,אוקורוק קרשיאטיק,מעדני בשר השוקת,,אוקורוק קרשיאטיק,קילוגרמים,1.00,"ק""ג",true,,89.00,89.0000,true,1,170051
7290000003024,false,פסטרמה יער שחור,מעדני בשר השוקת,,פסטרמה יער שחור,קילוגרמים,1.00,"ק""ג",true,,85.00,85.0000,true,1,168984
7290000003025,false,פסטרמה עננים,מעדני בשר השוקת,,פסטרמה עננים,קילוגרמים,1.00,"ק""ג",true,,85.00,85.0000,true,1,169689
7290000003028,false,סטייק סטוליצני,מעדני בשר השוקת,,"סטייק סטוליצ""ני",קילוגרמים,1.00,"ק""ג",true,,95.00,95.0000,true,1,170052
7290000003034,false,שייקה הונגרי\צוואר מ,מעדני בשר השוקת,,שייקה הונגרי\צוואר מעושן,קילוגרמים,1.00,"ק""ג",true,,109.00,109.0000,true,1,169690
7290000003036,false,נקניק בוקובינסקיה/או,מעדני בשר השוקת,,נקניק בוקובינסקיה/אודסקיה,קילוגרמים,1.00,"ק""ג",true,,75.00,75.0000,true,1,178029
7290000003266,false,פילה סלמון,,,פילה סלמון,קילוגרמים,1.00,"ק""ג",true,,89.90,89.9000,true,1,208671
7290000004340,false,"סוכריות ""מאטלואו""",,,סוכריות מאטלואו,קילוגרמים,1.00,"ק""ג",true,,0.00,0.0000,true,1,204622
7290000006150,false,גבינה מנצגו מיושן,,,סלט ויניגרט,קילוגרמים,1.00,"ק""ג",true,,189.00,189.0000,true,1,168450
7290000006331,false,גבינה מוצרלה נקניק ט,,,גבינה מוצרלה נקניק טבעי,קילוגרמים,1.00,"ק""ג",true,,79.00,79.0000,true,1,168733
7290000006354,false,גבינה קשקבל משולשים,,,גבינה קשקבל משולשים,קילוגרמים,1.00,"ק""ג",true,,124.00,124.0000,true,1,178205
7290000006595,false,טבורוג קיבוצני,,,טבורוג קיבוצני,קילוגרמים,1.00,"ק""ג",true,,49.00,49.0000,true,1,188041
7290000006703,false,בייבי סלמון,,,בייבי סלמון,קילוגרמים,1.00,"ק""ג",true,,189.00,189.0000,true,1,169771
7290000007353,false,פורל בעישון חם,הרמס דגים,,פורל בעישון חם שלם,קילוגרמים,1.00,"ק""ג",true,,159.00,159.0000,true,1,177150
7290000016665,false,נודלס אווז מעושן,,,נודלס אווז מעושן,קילוגרמים,1.00,"ק""ג",true,,99.00,99.0000,true,1,204329
7290000016667,false,עוף סיני בלימון חמוץ,,,עוף סיני בלימון חמוץ מתוק,קילוגרמים,1.00,"ק""ג",true,,89.00,89.0000,true,1,203725
7290000016668,false,שרימפס קארי תאילנדי,,,שרימפס קארי תאילנדי,קילוגרמים,1.00,"ק""ג",true,,129.00,129.0000,true,1,204310
7290000016670,false,עוף בגריל איטלקי,,,עוף בגריל איטלקי,קילוגרמים,1.00,"ק""ג",true,,49.00,49.0000,true,1,204494
7290000017100,false,גרון הודו,,,גרון הודו,קילוגרמים,1.00,"ק""ג",true,,32.90,32.9000,true,1,168905
7290000017101,false,חזה הודו מובחר,,,חזה הודו מובחר,קילוגרמים,1.00,"ק""ג",true,,32.90,32.9000,true,1,169241
7290000017102,false,שוקיים הודו,,,שוקיים הודו,קילוגרמים,1.00,"ק""ג",true,,29.90,29.9000,true,1,168083
7290000017103,false,כנפיים הודו,,,כנפיים הודו,קילוגרמים,1.00,"ק""ג",true,,14.90,14.9000,true,1,168906
7290000017104,false,כבד הודו,,,כבד הודו,קילוגרמים,1.00,"ק""ג",true,,21.90,21.9000,true,1,167692
7290000017230,false,צלי בקר מס 5 טרי,,,צלי בקר מס 5 טרי,קילוגרמים,1.00,"ק""ג",true,,74.90,74.9000,true,1,167697
7290000017234,false,כתף מרכזי בקר מס 4 ט,,,כתף עגל מס 4 טרי,קילוגרמים,1.00,"ק""ג",true,,67.90,67.9000,true,1,169954
7290000023083,false,ערק אשקלון 40% בקבוק,"יקבי ברקן בע""מ",IL,ערק אשקלון 40% 0.7ל,מיליליטרים,700.00,"100 מ""ל",false,1,49.90,7.1286,true,1,177631
7290000023809,false,"יין ברקן קלאסיק קברנה סובניון 750מ""ל",יקבי ברקן שיווק והפצ,IL,"יין ""קלאסיק"" קברנה ס",מיליליטרים,750.00,"100 מ""ל",false,1,32.90,4.3867,true,1,168249
7290000023847,false,יין ברקן קלאסיק שרדו,יקבי ברקן שיווק והפצ,IL,"יין ""קלאסיק"" שרדונה",מיליליטרים,750.00,"100 מ""ל",false,1,32.90,4.3867,true,1,169427
7290000023977,false,"יין ברקן קלאסיק מרלו 750 מ""ל",יקבי ברקן שיווק והפצ,IL,"יין ""קלאסיק"" מרלו 750 מ""ל",מיליליטרים,750.00,"100 מ""ל",false,1,32.90,4.3867,true,1,168250
7290000024202,false,"יין ברקן רזרב קברנה סובניון 750 מ""ל",ברקן שיווק והפצה בעמ,IL,"יין ""רזרב"" קברנה סוב",מיליליטרים,750.00,"100 מ""ל",false,1,49.90,6.6533,true,1,167904
7290000024240,false,"שרדונה רזרבד 750 מ""ל",ביבקבי ברקן שיווק וה,IL,"יין ""רזרב"" שרדונה 750 מ""ל",מיליליטרים,750.00,"100 מ""ל",false,1,49.90,6.6533,true,1,169785
7290000024264,false,"יין ברקן רזרב מרלו 750 מ""ל",כרמי צבי - אחים סגל,IL,"יין ""רזרב"" מרלו 0.75",מיליליטרים,750.00,"100 מ""ל",false,1,49.90,6.6533,true,1,168251
7290000024523,false,מיץ ענבים תירוש אדום,כרמי צבי - האחים סגל,IL,מיץ ענבים ברקן 1ליטר,מיליליטרים,1000.00,"100 מ""ל",false,1,17.90,1.7900,true,1,168252
7290000036144,false,קורנפלור שקית 200 גר,קריות זול,IL,קורנפלור שקית,גרמים,200.00,100 גרם,false,1,3.90,1.9500,true,1,169788
7290000036151,false,קורנפלור 500 גר,גלעם,,קורנפלור 500 ג,גרמים,500.00,100 גרם,false,1,7.90,1.5800,true,1,168763
7290000040042,false,יוגורט תות %3 גביע 150 ג' יופלה,תנובה בעמ,IL,יופלה תות 3%,גרמים,150.00,100 גרם,false,1,4.90,3.2667,true,1,168764
7290000040066,false,יוגורט דובדבן 3% שומן 150 ג' יופלה,תנובה מרכז שיתופי לש,IL,יופלה דובדבן 3%,גרמים,150.00,100 גרם,false,1,4.90,3.2667,true,1,169789
7290000040080,false,יוגורט אפרסק 3% שומן 150 ג' יופלה,תנובה בעמ,IL,יופלה אפרסק 3%,גרמים,150.00,100 גרם,false,1,4.90,3.2667,true,1,168491
7290000040301,false,"גבינת קולאז קממבר עין גדי 24%, 125 ג'",תנובה מרכז שיתופי לש,IL,"קולאז"" קממבר (עין גד",גרמים,125.00,100 גרם,false,1,17.80,14.2400,true,1,169083
7290000040462,false,גבינת טוסטי עמק אמריקאי אדם 23% 200 ג',תנובה מרכז שיתופי לש,IL,גבינת טוסטי אדם,גרמים,200.00,100 גרם,false,1,19.90,9.9500,true,1,169431
7290000040974,false,חלב תנובה קרטון דל לקטוז 2% 1ל,תנובה מרכז שיתופי לש,IL,חלב טרי דל לקטוז 1 ל,ליטרים,1.00,ליטר,false,1,7.00,7.0000,true,1,168257
7290000041858,false,"שמנת חמוצה 15% יטבתה 200 מ""ל מהדרין",שטראוס גרופ,IL,שמנת חמוצה 15%,מיליליטרים,200.00,"100 מ""ל",false,1,2.40,1.2000,true,1,168258
7290000041865,false,"לבן 4.5% יטבתה מהדרין 200מ""ל",מחלבת יטבתה,IL,אשל 4.5%,מיליליטרים,200.00,"100 מ""ל",false,1,2.00,1.0000,true,1,169790
7290000041872,false,"לבן 3% יטבתה 200מ""ל מהדרין",מחלבת יטבתה,IL,לבן 3%,מיליליטרים,200.00,"100 מ""ל",false,1,2.00,1.0000,true,1,169084
7290000042435,false,חלב טרי 1% קרטון פקק 1ל' תנובה,תנובה מרכז שיתופי לש,IL,חלב דל שומן בקרטון 1,ליטרים,1.00,ליטר,false,1,5.86,5.8600,true,1,169435
7290000042442,false,חלב הומוגני 3% בקרטון 1ל' תנובה,קריות זול,IL,חלב מפוסטר 3% קרטון 1 ליטר,ליטרים,1.00,ליטר,false,1,6.23,6.2300,true,1,170144
7290000042640,false,"חלב תנובה עמיד 3% קרטון 250 מ""ל",קריות זול,IL,250 חלב עמיד,מיליליטרים,250.00,"100 מ""ל",false,1,2.90,1.1600,true,1,169436
7290000043012,false,"שוקו עמיד 2% בקרטון 250 מ""ל תנובה",תנובה מרכז שיתופי לש,IL,25שוקו עמיד,מיליליטרים,250.00,"100 מ""ל",false,1,4.90,1.9600,true,1,169087
7290000043814,false,"שמנת מתוקה להקצפה 38% 250 מ""ל תנובה",תנובה מרכז שיתופי לש,IL,שמנת עמידה לקצפת 38%,מיליליטרים,250.00,"100 מ""ל",false,1,6.47,2.5880,true,1,168766
7290000043890,false,רויון בקרטון 1 ליטר,תנובה מרכז שיתופי לש,IL,רויון 1 ליטר,ליטרים,1.00,ליטר,false,1,11.90,11.9000,true,1,169088
7290000043944,false,כד יוגורט תנובה 4% שומן 1.5 ליטר,מיוצר עי קונדיטוריית,IL,יוגורט 4.5% 1.5 ליטר,ליטרים,1.50,ליטר,false,1,16.90,11.2667,true,1,168493
7290000044712,false,יוגורט עם תות 1.5% שומן 500 ג' פרילי,מיוצר עי קונדיטוריית,IL,"פרילי תות 500 מ""ל",מיליליטרים,500.00,"100 מ""ל",false,1,11.90,2.3800,true,1,169089
7290000044880,false,באדי יוגורט תות 3% שומן 500 ג' תנובה,מיוצר עי קונדיטוריית,IL,"באדי תות 500 מ""ל",גרמים,500.00,100 גרם,false,1,8.90,1.7800,true,1,168260
7290000045573,false,גבינת מותכת משולשים 25% שומן 200 ג' נעמה,קריות זול,IL,גבינה משולשת נעמה 20,גרמים,200.00,100 גרם,false,1,15.90,7.9500,true,1,168261
7290000045580,false,"גבינת מותכת נעמה חורש 25%, 240 ג'",תנובה מרכז שיתופי לש,IL,גבינה משולשת חורש,גרמים,240.00,100 גרם,false,1,18.90,7.8750,true,1,168262
7290000045771,false,יוגורט 4% שומן 3 ל' תנובה,תנובה מרכז שיתופי לש,IL,יוגורט 4.5% 3 ליטר,ליטרים,3.00,ליטר,false,1,29.40,9.8000,true,1,168767
7290000046327,false,"גבינת גלבוע פרוס 22%, 200 ג' תנובה",תנובה מרכז שיתופי לש,IL,גבינה גלבוע פרוס,גרמים,200.00,100 גרם,false,1,13.90,6.9500,true,1,169092
7290000047546,false,כנען גבינה לבנה ללא מלח 5% 500 ג',תנובה מרכז שיתופי לש,IL,גבינה לבנה כנען 500 גר,גרמים,500.00,100 גרם,false,1,24.90,4.9800,true,1,167912
7290000048185,false,גבינה לבנה 5% שומן 250 ג' תנובה,מיוצר עי קונדיטוריית,IL,גבינה למריחה 5% 250,גרמים,250.00,100 גרם,false,1,4.90,1.9600,true,1,167913
7290000048192,false,גבינה לבנה 9% שומן 250 ג' תנובה,מחלבת אלון תבור,IL,גבינה למריחה 9% 250,גרמים,250.00,100 גרם,false,1,4.90,1.9600,true,1,167914
7290000048307,false,קוטג' 5% וזיתים ירוקים 250ג' תנובה,מיוצר עי קונדיטוריית,IL,"קוטג"" זיתים 5% 250 ג",גרמים,250.00,100 גרם,false,1,5.70,2.2800,true,1,169792
7290000049458,false,גבינת פטה עיזים 16% גביע פיראוס 250 ג',תנובה מרכז שיתופי לש,IL,בולגרית פיראוס עזים,גרמים,250.00,100 גרם,false,1,29.90,11.9600,true,1,168510
7290000050447,false,יוגורט תות 500 ג' יופלה,מיוצר עי קונדיטוריית,IL,"יופלה ""YYY"" תות 3% 5",גרמים,500.00,100 גרם,false,1,13.90,2.7800,true,1,168263
7290000050454,false,יוגורט אפרסק 500 ג' יופלה,מיוצר עי קונדיטוריית,IL,"יופלה ""YYY"" אפרסק 3%",מיליליטרים,500.00,"100 מ""ל",false,1,13.90,2.7800,true,1,168769
7290000051006,false,קישקע במגש,,,קישקע במגש,קילוגרמים,1.00,"ק""ג",true,,45.90,45.9000,true,1,167812
7290000051307,false,מארז הפסקת אוכל עם דגני עוגי ומשקה חלב עמיד בטעם וניל,תנובה מרכז שיתופי לש,IL,הפסקת אוכל דגני עוגי,גרמים,150.00,100 גרם,false,1,8.90,5.9333,true,1,169094
7290000051352,false,חלב מלא בטעם של פעם 3.4% תנובה קרטון 1 ל',תנובה מרכז שיתופי לש,IL,חלב של פעם מלא 3.5%,ליטרים,1.00,ליטר,false,1,7.70,7.7000,true,1,167915
7290000051376,false,יופלה דיאט אננס גביע 150 ג',תנובה מרכז שיתופי לש,IL,יופלה דיאט אננס ספור,גרמים,150.00,100 גרם,false,1,4.80,3.2000,true,1,168770
7290000051710,false,לאבנה 9% עם שמן זית וזעתר 263 ג' פיראוס,"תנובה, מחלבת אלון תב",IL,פיראוס לבנה עם שמן ז,גרמים,263.00,100 גרם,false,1,13.90,5.2852,true,1,167916
7290000052311,false,גבינה צהובה לייט 15% 200 ג' עמק,תנובה מרכז שיתופי לש,IL,עמק פרוס בקופסה 15%,גרמים,200.00,100 גרם,false,1,16.90,8.4500,true,1,168773
7290000052717,false,קוטג' 5%עם שום שמיר 250 ג' תנובה,מיוצר עי קונדיטוריית,IL,"קוטג"" 5% עם שום שמיר 250 גר",גרמים,250.00,100 גרם,false,1,5.70,2.2800,true,1,176371
7290000053981,false,"יופלה שמיניה 4 תות+4 אפרסק 3% בד""צ",תנובה מרכז שיתופי לש,IL,מאגדת שמינייה יופלה 3% תות/אפרסק 150 גר,גרמים,1200.00,100 גרם,false,1,29.90,2.4917,true,1,169793
7290000055015,false,גבינת פיראוס פטה כבשים 5% 250 ג' פיראוס,תנובה מרכז שיתופי לש,IL,פטה כבשים פיראוס 5% 250 גר,גרמים,250.00,100 גרם,false,1,27.90,11.1600,true,1,168511
7290000055329,false,יופלה משקה יוגורט תות מלון 1.5% 250מל.,תנובה מרכז שיתופי לש,IL,"משקה יוגורט ""יופלה""",גרמים,250.00,100 גרם,false,1,5.50,2.2000,true,1,170149
7290000055336,false,יופלה משקה יוגורט בננה אפרסק 1.5% 250מל,תנובה מרכז שיתופי לש,IL,"משקה יוגורט ""יופלה""",גרמים,250.00,100 גרם,false,1,5.50,2.2000,true,1,167919
7290000055343,false,יופלה משקה יוגורט טרופי 1.5% 250מל,תנובה מרכז שיתופי לש,IL,"משקה יוגורט ""יופלה""",גרמים,250.00,100 גרם,false,1,5.50,2.2000,true,1,168512
7290000055893,false,חמאה משמנת מפוסטרת 200ג' כ.מהדרין,תנובה מרכז שיתופי לש,IL,"חמאה רגילה 200 גר""",גרמים,200.00,100 גרם,false,1,7.90,3.9500,true,1,168513
7290000056081,false,מאגדת פרילי טבע 6 יח' * 200 ג',מיוצר עי קונדיטוריית,IL,מאגדת פרילי טבע 200,גרמים,1200.00,100 גרם,false,1,23.90,1.9917,true,1,168774
7290000056845,false,חלב טרי 3% הומוגני קרטון 1.5 ל' תנובה,פארייפאבה אגרואינדוס,IL,חלב טרי הומוגני 3% 1.5 ליטר,מיליליטרים,1500.00,"100 מ""ל",false,1,9.34,0.6227,true,1,168265
7290000056883,false,יופלה מאגדת פרי 3% 8 יח' * 150 ג',תנובה מרכז שיתופי לש,IL,"מאגדת ""יופלה"" טעמים",גרמים,1200.00,100 גרם,false,1,31.90,2.6583,true,1,169794
7290000056890,false,דיאט יופלה שמינייה טעמים שונים,מיוצר עי קונדיטוריית,IL,יופלה דיאט מארז 8 יח,גרמים,1200.00,100 גרם,false,1,31.90,2.6583,true,1,167920
7290000056951,false,"שמנת לבישול 15% שומן 500 מ""ל תנובה",תנובה מרכז שיתופי לש,IL,שמנת לבישול 15% 500מ,מיליליטרים,500.00,"100 מ""ל",false,1,16.90,3.3800,true,1,170150
7290000057088,false,גבינת דק דק 28% 200 ג' עמק,תנובה מרכז שיתופי לש,IL,"גבינה עמק דק 200גר""",גרמים,200.00,100 גרם,false,1,16.90,8.4500,true,1,168775
7290000057118,true,גבינה עמק קלאסית 400,,,גבינה סמי עמק 400 גר,גרמים,400.00,100 גרם,false,1,21.90,5.4750,true,1,169383
7290000057132,false,יוגורט טבעי 1.5% שומן 200 ג' תנובה,מחלבת אלון תבור,IL,"יוגורט ""תנובה"" 1.5%",גרמים,200.00,100 גרם,false,1,3.10,1.5500,true,1,169096
7290000057149,false,יוגורט טבעי 3% שומן 200 ג' תנובה,מיוצר עי קונדיטוריית,IL,יוגורט תנובה טבעי 3% 200 גר,גרמים,200.00,100 גרם,false,1,3.10,1.5500,true,1,169796
7290000057552,true,יוגורט עוגת גבינה ות,,,דייאט יופלה עוגת גבינה ותות 0% 150 גר,גרמים,150.00,100 גרם,false,1,4.90,3.2667,true,1,176213
7290000058047,true,שמנת 38% עמידה 500 מ,,,שמנת 38% עמידה 500 מל,מיליליטרים,500.00,"100 מ""ל",false,1,12.94,2.5880,true,1,176307
7290000060088,false,בייגלה אסם מקלות מלוחים 400 גרם,מיוצר עי קונדיטוריית,IL,בייגלה מקלות מלוחים 400 גר,גרמים,400.00,100 גרם,false,1,9.90,2.4750,true,1,168267
7290000060156,false,פסטה אסם אטריות ביצים דקות 200גר,"אסם השקעות בע""מ",IL,אטריות ביצים דקות 200 גר,גרמים,200.00,100 גרם,false,1,6.90,3.4500,true,1,170152
7290000060163,false,פסטה אסם אטריות דקות 400גר,"אסם השקעות בע""מ",IL,אסם אטריות דקות 400,גרמים,400.00,100 גרם,false,1,6.90,1.7250,true,1,169442
7290000060200,false,פסטה אסם פתיתים אפויים קוסקוס 500גר,"אסם השקעות בע""מ",IL,פתיתים אפויים קוסקוס,גרמים,500.00,100 גרם,false,1,7.90,1.5800,true,1,170153
7290000060217,false,פסטה אסם מקרוני 7 500 גר,קריות זול,IT,"פסטה מקרוני 500 ג""ר",גרמים,500.00,100 גרם,false,1,5.90,1.1800,true,1,167922
7290000060248,false,פסטה אסם פתיתים תלתלים 500גר,קריות זול,IT,אטריות אסם תלתלים 500 גר,גרמים,500.00,100 גרם,false,1,5.90,1.1800,true,1,167923
7290000060316,false,פסטה פרפקטו ספגטי 500ג' אסם,קריות זול,IT,פרפקטו ספגטי (3) 500,גרמים,500.00,100 גרם,false,1,6.90,1.3800,true,1,169801
7290000060330,false,פרפקטו פרפקטו ספיראלי גירף 500 גר,קריות זול,IT,פרפקטו ספירלי (57) 5,גרמים,500.00,100 גרם,false,1,6.90,1.3800,true,1,168514
7290000060385,false,פודינג וניל אינסטנט מארז רביעיה * 80 ג',אסם תעשיות,IL,פודינג אינסטנט טעם ו,גרמים,320.00,100 גרם,false,1,19.90,6.2187,true,1,169098
7290000060408,false,פסטה אסם פתיתים אפויים טבעות 500 גר,"אסם השקעות בע""מ",IL,פתיתים אפויים טבעות,גרמים,500.00,100 גרם,false,1,7.90,1.5800,true,1,169802
7290000060415,false,פסטה פרפקטו לזאניה אסם 500ג',קריות זול,IT,"פרפקטו לזאניה 500 ג""",גרמים,500.00,100 גרם,false,1,13.90,2.7800,true,1,168515
7290000060576,false,פסטה אסם פתיתים אפוי כוכב 500גר,"אסם השקעות בע""מ",IL,פתיתים אפויים כוכבים,גרמים,500.00,100 גרם,false,1,7.90,1.5800,true,1,170154
7290000060781,false,פסטה אסם פתיתים מסולסלים 500גר,קריות זול,IT,פתיתים אסם מסולסלים,גרמים,500.00,100 גרם,false,1,5.90,1.1800,true,1,169803
7290000060828,false,פסטה קרניים בינוניות 500 ג' אסם,קריות זול,IT,פסטה אסם קרניים בינו,גרמים,500.00,100 גרם,false,1,5.90,1.1800,true,1,170156
7290000060842,false,פסטה אסם פתיתים צדפים גדולים 500גר,קריות זול,IT,פסטה אסם צדפים גדולי,גרמים,500.00,100 גרם,false,1,5.90,1.1800,true,1,169099
7290000060880,false,פסטה מס' 8 ספגטי אסם 500ג',קריות זול,IT,"ספגטי אסם (3) 500 ג""",גרמים,500.00,100 גרם,false,1,5.90,1.1800,true,1,167925
7290000060903,false,פסטה אסם פתיתים אפויים אורז 500גר,"אסם השקעות בע""מ",IL,פתיתים אפויים אורז 5,גרמים,500.00,100 גרם,false,1,7.90,1.5800,true,1,168516
7290000060958,false,פסטה אסם אטריות בינוניות 400 גרם,"אסם השקעות בע""מ",IL,אסם אטריות בינוניות,גרמים,400.00,100 גרם,false,1,6.90,1.7250,true,1,168517
7290000060965,false,פסטה אסם אטריות רחבות 400גר,"אסם השקעות בע""מ",IL,אסם אטריות רחבות 400,גרמים,400.00,100 גרם,false,1,6.90,1.7250,true,1,168777
7290000060972,false,פסטה אסם אטריות דקיקות 400 גרם,קריות זול,IT,אסם אטריות דקיקות 40,גרמים,400.00,100 גרם,false,1,6.90,1.7250,true,1,169101
7290000061061,false,קרקר בצל אסם 250 גרם,"אסם השקעות בע""מ",IL,"קרקר בצל 250 ג""ר",גרמים,250.00,100 גרם,false,1,9.90,3.9600,true,1,167926
7290000061108,false,"רוטב טריאקי 290 מ""ל אסם","אסם השקעות בע""מ",IL,"רוטב טריאקי 290 מ""ל",גרמים,360.00,100 גרם,false,1,10.90,3.0278,true,1,167927
7290000061764,false,נסקפה רד מאג טעם חדש 200ג',נסטלה ספרד קפה,ES,קפה נמס רד מאג 200 ג,גרמים,200.00,100 גרם,false,1,24.90,12.4500,true,1,168519
7290000062952,false,אוסם - מיני קרוטונים למרק ולסלט 250 גרם,עינת תעשיות מזון,IL,אסם מיני קרוטונים למ,גרמים,250.00,100 גרם,false,1,14.90,5.9600,true,1,169103
7290000063102,false,קמח עוגה אסם תופח מאליו 350ג',"אסם השקעות בע""מ",IL,קמח תופח מאליו 350 ג,גרמים,350.00,100 גרם,false,1,4.90,1.4000,true,1,169443
7290000063140,false,שקדי מרק רכיבים טבעיים בשקית 400 ג' אסם,"אסם השקעות בע""מ",IL,שקדי מרק רכיבים טבעי,גרמים,400.00,100 גרם,false,1,10.90,2.7250,true,1,169104
7290000063157,false,"קמח תופח מאליו אסם 1 ק""ג","אסם השקעות בע""מ",IL,"קמח תופח מאליו 1 ק""ג",גרמים,1000.00,100 גרם,false,1,9.90,0.9900,true,1,169807
7290000064758,false,קוסקוס בינוני אמיתי אסם 350 ג',"מיוצר ע""י קוד יצרן K",IL,קוסקוס אמיתי בשקית 3,גרמים,350.00,100 גרם,false,1,7.90,2.2571,true,1,168269
7290000064871,false,"אוסם - מנה חמה פירה תפו""א עם בצל 56 גרם","אסם השקעות בע""מ",IL,"מנה חמה פירה תפו""א ו",גרמים,87.00,100 גרם,false,1,6.90,7.9310,true,1,169445
7290000065335,false,אוסם - מנה חמה פירה עם ירקות 55 גרם,"אסם השקעות בע""מ",IL,"מנה חמה פירה תפו""א ע",גרמים,55.00,100 גרם,false,1,6.90,12.5455,true,1,168520
7290000065557,false,אוסם - מנה חמה קוסקוס עם ירקות 84 גרם,"אסם תעשיות מזון בע""מ",IL,מנה חמה קוסקוס עם יר,גרמים,84.00,100 גרם,false,1,6.90,8.2143,true,1,168778
7290000065599,false,פילה מרלוזה,,,פילה מרלוזה,קילוגרמים,1.00,"ק""ג",true,,39.90,39.9000,true,1,201765
7290000066189,false,ביסלי גדול בטעם פלאפל 200 ג' אסם,"אסם השקעות בע""מ",IL,ביסלי בטעם פלאפל 200,גרמים,200.00,100 גרם,false,1,7.90,3.9500,true,1,168270
7290000066196,false,ביסלי גדול בטעם גריל 200 ג' אסם,מיוצר עי קונדיטוריית,IL,ביסלי בטעם גריל 200,גרמים,200.00,100 גרם,false,1,7.90,3.9500,true,1,168271
7290000066264,false,אוסם - חטיף דובונים 40 גרם,"אסם השקעות בע""מ",IL,היסטרי דובונים חטיף 40גר,גרמים,40.00,100 גרם,false,1,4.90,12.2500,true,1,168521
7290000066295,false,אסם במבה תות מחומרים טבעיים 30גר,מיוצר עי קונדיטוריית,IL,במבה מתוקה מחומרים ט,גרמים,30.00,100 גרם,false,1,2.90,9.6667,true,1,169809
7290000066431,false,פופקו חטיף תירס בטעם חמאה ודבש 80 גרם,מיוצר עי קונדיטוריית,IL,פופקו חטיף תירס בטעם,גרמים,80.00,100 גרם,false,1,4.90,6.1250,true,1,169446
7290000067544,false,פירורית זהב שקית 200גר,עינת תעשיות מזון,IL,"פירורית זהב 200 ג""ר",גרמים,200.00,100 גרם,false,1,6.50,3.2500,true,1,168523
7290000067599,false,אוסם - מנה חמה ספגטי רוטב בולנז 65 גרם,"אסם השקעות בע""מ",IL,מנה חמה ספגטי בולונז,גרמים,65.00,100 גרם,false,1,6.90,10.6154,true,1,168784
7290000068138,false,אסם פודינג אינסטנט וניל 80 גרם,מיוצר עי קונדיטוריית,IL,פודינג אינסטנט בטעם,גרמים,80.00,100 גרם,false,1,5.40,6.7500,true,1,168273
7290000068190,false,ג'לי תות שדה צבע טבעי 85 ג',מיוצר עי קונדיטוריית,IL,"ג""לי בזק בטעם תות שד",גרמים,90.00,100 גרם,false,1,5.90,6.5556,true,1,169449
7290000068237,false,ג'לי פטל צבע טבעי 85ג' אסם,מיוצר עי קונדיטוריית,IL,"ג""לי בזק בטעם פטל צב",גרמים,85.00,100 גרם,false,1,5.90,6.9412,true,1,169450
7290000068343,false,אוסם - פירכונים מאורז מלא 140 גרם,"מיוצר ע""י PT, משווק",IL,פריכונים מאורז מלא 1,גרמים,140.00,100 גרם,false,1,7.90,5.6429,true,1,167931
7290000068701,false,שקדי מרק רכיבים טבע.מיכל 400ג' אסם,"אסם השקעות בע""מ",IL,שקדי מרק רכיבים טבעי,גרמים,400.00,100 גרם,false,1,15.90,3.9750,true,1,168785
7290000069156,false,דלידג פילה סלמון נור,,,פילה דג סלמון קפוא,קילוגרמים,1.00,"ק""ג",true,,89.90,89.9000,true,1,187945
7290000069364,false,פריכונים עגולים אורז דל נתרן אסם 140 גרם,"מיוצר ע""י PT, משווק",IL,פריכונים עגולים אורז,גרמים,140.00,100 גרם,false,1,7.90,5.6429,true,1,169452
7290000069583,false,סטייק סלומון נורבגי,,,סטייק סלומון נורבגי,קילוגרמים,1.00,"ק""ג",true,,69.90,69.9000,true,1,175829
7290000069715,false,אוסם - חטיפי קרקר מלוח 300 גרם,אסם,,חטיפי קרקר טעם מלוח,גרמים,300.00,100 גרם,false,1,10.90,3.6333,true,1,170161
7290000070308,false,אבקת מרק עוף אמיתי במיכל 400 גרם,"אסם השקעות בע""מ",IL,אבקת מרק עוף אמיתי בשרי אסם 400 גר,גרמים,400.00,100 גרם,false,1,19.90,4.9750,true,1,169453
7290000070353,false,אבקת מרק בצל רכיבים טבעיים 400 ג' אסם,"אסם השקעות בע""מ",IL,אבקת מרק בצל רכיבים,גרמים,400.00,100 גרם,false,1,21.90,5.4750,true,1,167932
7290000072241,false,אסם רוטב לפיצה בקבוק,"אסם השקעות בע""מ",IL,"רוטב פיצה 290 מ""ל",גרמים,320.00,100 גרם,false,1,10.90,3.4063,true,1,168277
7290000072623,false,אסם קטשופ בקבוק לחיץ,"אסם השקעות בע""מ",IL,קטשופ בקבוק לחיץ 750,גרמים,750.00,100 גרם,false,1,10.90,1.4533,true,1,169811
7290000072630,false,קטשופ חריף אוסם 750 ג',"אסם השקעות בע""מ",IL,"קטשופ חריף 750 ג""ר",גרמים,750.00,100 גרם,false,1,11.90,1.5867,true,1,168278
7290000072753,false,קפה טייסטר צ'ויס קפה מגורען 200ג',נסטלה קוריאה - קפה,IL,"קפה טסטר צ""ויס 200 גר",גרמים,200.00,100 גרם,false,1,29.90,14.9500,true,1,168531
7290000072777,false,קפה טייסטר צ'ויס מגור' נ.קפאין 200ג',נסטלה קוריאה - קפה,IL,"""טסטר צ""ויס"" נטול קו",גרמים,200.00,100 גרם,false,1,39.90,19.9500,true,1,168279
7290000072968,false,דגני בוקר סיני מיניס נסטלה 500 ג',נסטלה פולין דגני בוק,PL,סיני מיניס דגני בוקר 500 גר,גרמים,500.00,100 גרם,false,1,21.90,4.3800,true,1,169456
7290000073125,false,אוסם - מנה חמה פסטה עם עגבניות 62 גרם,"אסם השקעות בע""מ",IL,מנה חמה פסטה עם עגבנ,גרמים,62.00,100 גרם,false,1,6.90,11.1290,true,1,168787
7290000073415,false,אוסם - מנה חמה פסטה ברוטב פיצה 61 גרם,"אסם השקעות בע""מ",IL,מנה חמה פסטה ברוטב פ,גרמים,61.00,100 גרם,false,1,6.90,11.3115,true,1,168280
7290000073699,false,סלט חומוס צבר 150 גר,סלטי צבר,IL,"חומוס ""צבר"" 150 גרם",גרמים,150.00,100 גרם,false,1,4.90,3.2667,true,1,175946
7290000073750,false,אוסם - מנה חמה נודלס בטעם עוף 70 גרם,טאי רזידנט,CN,מנה חמה נודלס - אטרי,גרמים,71.00,100 גרם,false,1,6.90,9.7183,true,1,169812
7290000073767,false,אוסם - מנה חמה נודלס בטעם בקר 70 גרם,טאי רזידנט,CN,מנה חמה נודלס- אטריו,גרמים,71.00,100 גרם,false,1,6.90,9.7183,true,1,170162
7290000074153,false,ביסקוויט פתיבר שוקו,מיוצר עי קונדיטוריית,IL,"פתי בר שוקו 500 ג""ר",גרמים,500.00,100 גרם,false,1,12.90,2.5800,true,1,167934
7290000074184,false,אוסם - פתי בר בינוני 500 גרם,"אסם השקעות בע""מ",IL,"פתי בר 500 ג""ר",גרמים,500.00,100 גרם,false,1,11.90,2.3800,true,1,169458
7290000074245,false,אוסם - קרם קרקר אסם 250 גרם,"אסם השקעות בע""מ",IL,"קרם קרקר 250 ג""ר",גרמים,250.00,100 גרם,false,1,9.90,3.9600,true,1,169110
7290000074276,false,קרקר פיקנטי טבעון 250 ג' אסם,"אסם השקעות בע""מ",IL,"קרקר פיקנטי 250 ג""ר",גרמים,250.00,100 גרם,false,1,9.90,3.9600,true,1,169111
7290000074375,false,אוסם - קרקר זהב 150 גרם,"אסם השקעות בע""מ",IL,"קרקר זהב 150 ג""ר",גרמים,150.00,100 גרם,false,1,7.90,5.2667,true,1,168281
7290000074764,false,קרקר זהב אסם 900 גרם,אסם תעשיות,IL,"קרקר זהב 900 ג""ר",גרמים,900.00,100 גרם,false,1,28.90,3.2111,true,1,169460
7290000075204,false,אוסם - לחמית חיטה מלאה 250 גרם,"אסם השקעות בע""מ",IL,לחמית חיטה מלאה 250,גרמים,250.00,100 גרם,false,1,8.90,3.5600,true,1,169816
7290000075693,false,עוגת הבית שמרים בריוש שוקולד 360ג',מיוצר עי קונדיטוריית,IL,עוגת בריוש שוקולד 360 גר,גרמים,360.00,100 גרם,false,1,15.90,4.4167,true,1,167936
7290000076133,false,בייגלה שמיניות קטנות 400 גרם אסם,"אסם השקעות בע""מ",IL,בייגלה שמיניות קטנות 400 גר,גרמים,400.00,100 גרם,false,1,9.90,2.4750,true,1,169462
7290000076645,false,אוסם - טוסטעים חיטה מלאה 100 גרם,ון דר מולן האלום,NL,טוסטעים חיטה מלאה 10,גרמים,100.00,100 גרם,false,1,9.90,9.9000,true,1,168282
7290000077925,false,טוסטעים צנימים עגולים מחיטה מלאה אוסם,ון דר מולן האלום,NL,טוסטעים צנימים עגולי,גרמים,125.00,100 גרם,false,1,9.90,7.9200,true,1,170163
7290000079233,false,קרקר קרם דל נתרן 250 ג' אסם,אסם תעשיות,IL,קרם קרקר דל נתרן 250,גרמים,250.00,100 גרם,false,1,9.90,3.9600,true,1,169817
7290000080758,false,אוסם - טוסטעים פת קלוי 100 גרם,ון דר מולן האלום,NL,טוסטעים פת קלויה 100,גרמים,100.00,100 גרם,false,1,9.90,9.9000,true,1,169112
7290000080765,false,טוסטעים פת קלויה עם שומשום 100 ג' אוסם,ון דר מולן האלום,NL,טוסטעים פת קלויה שומ,גרמים,100.00,100 גרם,false,1,9.90,9.9000,true,1,167938
7290000081663,false,בייגלה אסם טבעות שומשום 300 גרם,מיוצר עי קונדיטוריית,IL,בייגלה טבעות עם שומש,גרמים,300.00,100 גרם,false,1,9.90,3.3000,true,1,168532
7290000094530,false,דג בקלה ארוז,,,דג בקלה ארוז,קילוגרמים,1.00,"ק""ג",true,,21.90,21.9000,true,1,190449
7290000094745,false,פילה פורל ים מעושן,,,פילה פורל ים מעושן,קילוגרמים,1.00,"ק""ג",true,,129.90,129.9000,true,1,207046
7290000094790,false,דג טרוטונית מויבה קפ,,,דג טרוטונית מויבה קפוא ארוז,קילוגרמים,1.00,"ק""ג",true,,32.90,32.9000,true,1,204255
7290000094899,false,פילה נסיכת הנילוס קפ,,,פילה נסיכת הנילוס קפוא בוואקום,קילוגרמים,1.00,"ק""ג",true,,49.90,49.9000,true,1,207044
7290000100135,false,פירות קפואים דובדבן סנפרוסט 300 ג',סנפרוסט בעמ,IL,דובדבן מתוק סנפרוסט קפוא 300 גר,גרמים,300.00,100 גרם,false,1,14.90,4.9667,true,1,203772
7290000100593,false,פרוסות אנטיפסטי לתנור סנפורסט 600 ג',"סנפרוסט בע""מ",IL,פרוסות אנטיפסטי לתנור סנפרוסט 600 גר,גרמים,600.00,100 גרם,false,1,19.90,3.3167,true,1,191824
7290000100609,false,קוביות אנטי פסטי להקפצה סנפורסט 600 ג',"סנפרוסט בע""מ",IL,קוביות אנטיפסטי להקפצה סנפרוסט 600 גר,גרמים,600.00,100 גרם,false,1,19.90,3.3167,true,1,191825
7290000101927,false,אוכמניות כחולות מוקפאות סנפרוסט 300 גרם,"איי, בי, אינבוו",IL,אוכמניות כחולות סנפרוסט קפוא 300 גר,גרמים,300.00,100 גרם,false,1,14.90,4.9667,true,1,182914
7290000101934,false,מיקס פירות יער מוקפאות 300 ג' סנפרוסט,"סנפרוסט בע""מ",IL,פירות יער סנפרוסט קפוא 300 גר,גרמים,300.00,100 גרם,false,1,14.90,4.9667,true,1,182915
7290000101941,false,אננס חתוך מוקפא סנפרוסט 300ג',"סנפרוסט בע""מ",IL,אננס סנפרוסט קפוא 300 גר,גרמים,300.00,100 גרם,false,1,14.90,4.9667,true,1,182913
7290000103365,false,מרק ירקות 550 ג' סנפרוסט,"איי, בי, אינבוו",IL,"מרק ירקות ""סנפרוסט""560 גר",גרמים,550.00,100 גרם,false,12,17.90,3.2545,true,1,176133
7290000103433,false,לקט ירקות לתנור סנפר,"איי, בי, אינבוו",IL,לקט ירקות לתנור 800 גר,גרמים,800.00,100 גרם,false,1,19.90,2.4875,true,1,180766
7290000103471,false,מיני ברוקולי סנפרוסט 600 גר',"סנפרוסט בע""מ",IL,מיני ברוקולי סנפרוסט 600 גר,גרמים,600.00,100 גרם,false,1,17.90,2.9833,true,1,179933
7290000103730,false,לקט להקפצה עם פסטה פוזילי סנפרוסט 800 ג',"איי, בי, אינבוו",IL,לקט להקפצה עם פסטה פ,גרמים,800.00,100 גרם,false,1,19.90,2.4875,true,1,170165
7290000103815,false,סנפרוסט לקט להקפצה תאילנדי 800 גר,"סנפרוסט בע""מ",IL,לקט להקפצה תאילנדי,גרמים,800.00,100 גרם,false,1,19.90,2.4875,true,1,175886
7290000103839,false,מרק כתום קפוא 570 ג' סנפרוסט,"סנפרוסט בע""מ",IL,"מרק כתום ""סנפרוסט"" 5",גרמים,570.00,100 גרם,false,12,17.90,3.1404,true,1,167622
7290000103846,false,מרק אפונה 570 ג' סנפרוסט,"סנפרוסט בע""מ",IL,"מרק אפונה ""סנפרוסט""",גרמים,570.00,100 גרם,false,12,17.90,3.1404,true,1,167507
7290000103860,false,מרק עדשים קפוא 570 ג' סנפרוסט,"איי, בי, אינבוו",IL,"מרק עדשים ""סנפרוסט""",גרמים,570.00,100 גרם,false,12,17.90,3.1404,true,1,167508
7290000103877,false,מרק שעועית קפוא 640 ג' סנפרוסט,"סנפרוסט בע""מ",IL,"מרק שעועית ""סנפרוסט""",גרמים,640.00,100 גרם,false,12,17.90,2.7969,true,1,167473
7290000104072,false,עדשים ירוקות מבושלות מוקפאות 800 ג' סנפרוסט,"איי, בי, אינבוו",IL,עדשים ירוקות מבושלות,גרמים,800.00,100 גרם,false,1,17.90,2.2375,true,1,169113
7290000104201,false,סנפרוסט אפונה עדינה,"איי, בי, אינבוו",IL,"אפונה עדינה 600 ג""ר",גרמים,600.00,100 גרם,false,1,17.90,2.9833,true,1,167939
7290000104218,false,במיה סנפרוסט 600 גרם,"איי, בי, אינבוו",IL,"במיה 600 גר""",גרמים,600.00,100 גרם,false,1,17.90,2.9833,true,1,168533
7290000104676,false,אפונה קפואה סנפרוסט 800 גרם,"איי, בי, אינבוו",IL,"אפונת גינה 800 ג""ר",גרמים,800.00,100 גרם,false,1,17.90,2.2375,true,1,168534
7290000104683,false,שעועית שלמה 800 ג' סנפרוסט,"סנפרוסט בע""מ",IL,שעועית ירוקה שלמה 80,גרמים,800.00,100 גרם,false,1,17.90,2.2375,true,1,168790
7290000104690,false,תירס גרעינים 800 ג' סנפרוסט,"איי, בי, אינבוו",IL,"גרעיני תירס 800 ג""ר",גרמים,800.00,100 גרם,false,1,17.90,2.2375,true,1,170166
7290000104706,false,גזר גמדי סנפרוסט 800ג',"סנפרוסט בע""מ",IL,"גזר גמדי 800 גר""",גרמים,800.00,100 גרם,false,1,15.90,1.9875,true,1,170167
7290000104720,false,שעועית ירוקה סנפרוסט 800ג',"סנפרוסט בע""מ",IL,שעועית ירוקה חתוכה 8,גרמים,800.00,100 גרם,false,1,15.90,1.9875,true,1,169464
7290000104737,false,שעועית צהובה חתוכה 800 ג' סנפרוסט,"סנפרוסט בע""מ",IL,שעועית צהובה חתוכה 8,גרמים,800.00,100 גרם,false,1,17.90,2.2375,true,1,170169
7290000104744,false,כרובית סנפרוסט 800גר,"סנפרוסט בע""מ",IL,כרובית קפואה,גרמים,800.00,100 גרם,false,1,21.90,2.7375,true,1,168791
7290000104751,false,כרוב ניצנים סנפרוסט 800 גרם,"איי, בי, אינבוו",IL,"כרוב ניצנים 800 גר""",גרמים,800.00,100 גרם,false,1,21.90,2.7375,true,1,168535
7290000104768,false,תרד עלים סנפרוסט 800 ג ',"איי, בי, אינבוו",IL,עלי תרד מוקפאים 800 גר,גרמים,800.00,100 גרם,false,1,21.90,2.7375,true,1,168536
7290000104775,false,תרד מדליונים סנפרוסט,"איי, בי, אינבוו",IL,מדליוני תרד 800 גר,גרמים,800.00,100 גרם,false,1,23.90,2.9875,true,1,179150
7290000104799,false,שעועית לבנה מבושלת סנפרוסט 800גר,"איי, בי, אינבוו",IL,שעועית לבנה מבושלת 8,גרמים,800.00,100 גרם,false,1,17.90,2.2375,true,1,169114
7290000104805,false,גרגירי חומוס קפוא 800 ג' סנפרוסט,"איי, בי, אינבוו",IL,גרגירי חומוס קפוא 80,גרמים,800.00,100 גרם,false,1,17.90,2.2375,true,1,169465
7290000104829,false,"קלחוני תירס 1 ק""ג סנפרוסט","סנפרוסט בע""מ",IL,"קלחוני תירס 1 ק""""ג",גרמים,1000.00,100 גרם,false,1,19.90,1.9900,true,1,169820
7290000104836,false,שעועית עדינה שלמה סנפרוסט 600ג',"סנפרוסט בע""מ",IL,שעועית עדינה שלמה 60,גרמים,600.00,100 גרם,false,1,21.90,3.6500,true,1,167940
7290000104874,false,ירקות לקוסקוס של אמא סנפרוסט 800ג',"סנפרוסט בע""מ",IL,"לקט לקוסקוס 800 גר""",גרמים,800.00,100 גרם,false,1,19.90,2.4875,true,1,169466
7290000104881,false,אפונה וגזר קפוא סנפרוסט 800ג',"איי, בי, אינבוו",IL,"אפונה וגזר 800 ג""ר",גרמים,800.00,100 גרם,false,1,15.90,1.9875,true,1,170170
7290000104904,false,לקט ירקות מעורבים 800 ג' סנפרוסט,"איי, בי, אינבוו",IL,"לקט ירקות 800 גר""",גרמים,800.00,100 גרם,false,1,19.90,2.4875,true,1,168283
7290000104911,false,לקט נורמנדי סנפרוסט 800ג',"איי, בי, אינבוו",IL,"לקט נורמנדי 800 ג""ר",גרמים,800.00,100 גרם,false,1,17.90,2.2375,true,1,168792
7290000106526,false,ירקות מעורבים מוקפאים חגיגה ירוקה להקפצה,"איי, בי, אינבוו",IL,חגיגה ירוקה להקפצה 800 גר,גרמים,800.00,100 גרם,false,12,19.90,2.4875,true,1,188984
7290000107165,false,פולי סויה אדממה סנפרוסט 400 ג',"איי, בי, אינבוו",IL,פולי סויה בתרמיל 400,גרמים,400.00,100 גרם,false,1,13.90,3.4750,true,1,168284
7290000107189,false,תחתיות ארטישוק סנפרוסט 400גר,"איי, בי, אינבוו",IL,תחתיות ארטישוק 400 ג,גרמים,400.00,100 גרם,false,1,21.90,5.4750,true,1,169821
7290000107295,false,תפרחות ברוקולי סנפרוסט 800 ג',"איי, בי, אינבוו",IL,תפרחות ברוקולי 800 ג,גרמים,800.00,100 גרם,false,1,21.90,2.7375,true,1,167941
7290000107615,false,ירקות ואננס להקפצה מנה אסייתית צבעונית ועשירה,"איי, בי, אינבוו",IL,מנה אסייטית צבעונית ועשירה 800 גר,גרמים,800.00,100 גרם,false,12,19.90,2.4875,true,1,188985
7290000107622,false,פסטה וירקות א-לה איטליה סנפרוסט 800 ג',"איי, בי, אינבוו",IL,פסטה וירקות איטליה,גרמים,800.00,100 גרם,false,12,19.90,2.4875,true,1,188986
7290000110851,false,"כיפלי בצל בד""צ תלמה 70 ג'",אתר שפע - Food,IL,"כיפלי בצל 70 ג""ר בד""",גרמים,70.00,100 גרם,false,1,4.90,7.0000,true,1,168286
7290000111063,false,מיונז אמיתי תלמה 250 ג',יוניליוור ישראל מזון,IL,"מיונז תלמה 250 ג""ר",גרמים,250.00,100 גרם,false,1,6.90,2.7600,true,1,169822
7290000111117,false,מרכך כביסה לבן 4 ל' בדין,יוניליור ישראל טיפוח,IL,מרכך כביסה בדין לבן,ליטרים,4.00,ליטר,false,1,19.90,4.9750,true,1,169468
7290000111186,false,מיונז אמיתי תלמה 500 ג',יוניליוור ישראל מזון,IL,"מיונז תלמה 500 ג""ר",גרמים,500.00,100 גרם,false,1,9.90,1.9800,true,1,168287
7290000111353,false,"מיונז אמיתי תלמה 1 ק""ג",יוניליוור ישראל מזון,IL,"מיונז ""תלמה"" 1 ק""ג",קילוגרמים,1.00,"ק""ג",false,1,16.90,16.9000,true,1,168794
7290000111360,false,חרדל אמיתי 250 ג' תלמה,יוניליוור ישראל מזו,IL,חרדל תלמה 250 גר,גרמים,250.00,100 גרם,false,1,5.90,2.3600,true,1,169823
7290000111384,false,חרדל אמיתי בצנצנת 550 ג' תלמה,יוניליוור ישראל מזו,IL,"חרדל ""תלמה"" 550 ג""ר",גרמים,550.00,100 גרם,false,1,8.90,1.6182,true,1,169116
7290000112220,false,טחינה גולמית 100%בארכה 500ג',רושדי תעשיות מזון בע,IL,טחינה בארכה שומשום 100% 500 גר,גרמים,500.00,100 גרם,false,1,13.90,2.7800,true,1,169469
7290000112237,false,"בארכה טחינה גולמית, 1 ק""ג",רושדי תעשיות מזון בע,IL,"טחינה בארכה שומשום 100% 1 ק""ג",קילוגרמים,1.00,"ק""ג",false,1,26.90,26.9000,true,1,170171
7290000112497,false,מרק עשיר עוף עם אטריות 68 ג' קנור,יוניליוור ישראל מזון,IL,מרק עוף עם איטריות 6,גרמים,75.00,100 גרם,false,1,9.90,13.2000,true,1,169117
7290000112619,false,מרק עוף לתיבול והעשרה קנור 400 ג',יוניליוור ישראל מזון,IL,"קנור מרק עוף 400 ג""ר",גרמים,400.00,100 גרם,false,1,14.90,3.7250,true,1,170173
7290000116204,false,"אבקת מרק דגש בטעם עוף 1ק""ג קנור",יוניליוור ישראל מזון,IL,"מרק דגש ""תלמה"" בטעם",קילוגרמים,1.00,"ק""ג",false,1,14.90,14.9000,true,1,168538
7290000116884,false,רוטב ברביקיו 350 ג' קנור,יוניליוור ישראל מזון,IL,"רוטב ברביקיו 350 ג""ר",גרמים,350.00,100 גרם,false,1,10.90,3.1143,true,1,168539
7290000116945,false,קנור סויה קלאסי בדצ 350ג PAL,יוניליוור ישראל מזון,IL,רוטב סויה קנור 340 ג,מיליליטרים,300.00,"100 מ""ל",false,1,10.90,3.6333,true,1,169121
7290000117171,false,נמס בכוס בטעם עוף דל 48 ג' קנור,יוניליוור ישראל מזון,IL,מרק טעם עוף דל קל 48,גרמים,48.00,100 גרם,false,1,6.90,14.3750,true,1,169824
7290000117720,false,קנור - נמס בכוס זוג פטריות 21.50 גרם * 2,יוניליוור ישראל מזון,IL,נמס בכוס פטריות שקית,גרמים,43.00,100 גרם,false,1,6.90,16.0465,true,1,169470
7290000120836,false,הלמנס מיונז אמיתי 394גר ADR,קונפקו אינק' די.בי.א,CA,"מיונז הלמנס 394 ג""ר",גרמים,394.00,100 גרם,false,1,9.90,2.5127,true,1,168290
7290000120874,false,מיונז הלמנס לייט מופחת קלוריות 424ג,"שד' קילבורן 2816, שי",US,מיונז הלמנס לייט 424,גרמים,424.00,100 גרם,false,1,9.90,2.3349,true,1,168798
7290000121079,false,גבינה מון בלאן 9% שום שמיר 120ג',שלושת האופים,IL,"גבינת ""מון בלאן שמיר",גרמים,120.00,100 גרם,false,1,11.90,9.9167,true,1,168799
7290000121093,false,גבינה מון בלאן שוויצרית 120ג',האי נאם סי או אל.טי.,IL,"גבינת ""מון בלאן שווי",גרמים,120.00,100 גרם,false,1,11.90,9.9167,true,1,168292
7290000121109,false,"גבינת מון בלאן זיתים, 120 ג'",האי נאם סי או אל.טי.,IL,"גבינת ""מון בלאן זיתי",גרמים,120.00,100 גרם,false,1,11.90,9.9167,true,1,168542
7290000121147,false,גבינה מון בלאן לייט 7% פיקנטי 120ג',"שלושת האופים בע""מ",IL,"גבינת ""מון בלאן פיקנ",גרמים,120.00,100 גרם,false,1,11.90,9.9167,true,1,169124
7290000121154,false,"גבינת מון בלאן סלמון, 120 ג'",האי נאם סי או אל.טי.,IL,"גבינת ""מון בלאן סלומ",גרמים,120.00,100 גרם,false,1,11.90,9.9167,true,1,170174
7290000121239,false,מיוקל 5% שומן ללא כולסטרול תלמה 500ג',יוניליוור ישראל מזון,IL,מיוקל 5% שומן ללא כו,גרמים,500.00,100 גרם,false,1,12.90,2.5800,true,1,169125
7290000122830,false,רוטב מקסיקני 370 ג' קנור,מיוצר עי קונדיטוריית,IL,"רוטב קנור סצ""ואן בקב",גרמים,370.00,100 גרם,false,1,10.90,2.9459,true,1,168544
7290000125251,false,בדין שמפו כביסה עדינה 2ל',"זוהר דליה, קיבוץ דלי",IL,"שמפו ""בדין"" לכביסה ע",ליטרים,2.00,ליטר,false,1,23.90,11.9500,true,1,169827
7290000129457,false,אבקת רוטב פטריות קנור 28 ג' שקית,יוניליוור ישראל מזון,IL,רוטב פטריות קנור 28 גר,גרמים,28.00,100 גרם,false,1,3.90,13.9286,true,1,168802
7290000129785,false,מרכך כביסה ירוק 4 ל' בדין,קריות זול,,מרכך כביסה בדין ירוק,ליטרים,4.00,ליטר,false,1,19.90,4.9750,true,1,168545
7290000131782,false,פילה סלמון קפוא,,,פילה סלמון קפוא,קילוגרמים,1.00,"ק""ג",true,,89.90,89.9000,true,1,199315
7290000133645,false,אורביטול משחת שיניים סודה שלישיה* 145 ג',טרופיקל דגיל,IL,אורביטול משחת שיניים,גרמים,435.00,100 גרם,false,1,17.90,4.1149,true,1,168546
7290000135045,false,"משקה אנרגיה XL TEN תפוח 250 מ""ל","טמפו משקאות בע""מ",IL,משקה אנרגיה XL ten תפוח,מיליליטרים,250.00,"100 מ""ל",false,24,4.20,1.6800,true,1,188342
7290000135052,false,"משקה אנרגיה XL TEN מנגו 250 מ""ל","טמפו משקאות בע""מ",IL,משקה אנרגיה XL ten מנגו,מיליליטרים,250.00,"100 מ""ל",false,24,4.20,1.6800,true,1,188341
7290000135113,false,"משקה אנרגיה XL פחית ten נענע ליים 250 מ""ל",טמפו,IL,"משקה אנרגיה XL TEN נענע ליים 250 מ""ל",מיליליטרים,250.00,"100 מ""ל",false,24,4.20,1.6800,true,1,191122
7290000135151,false,"סודה נגיעות לימון ליים 275 מ""ל",טמפו משקאות בעמ,IL,סודה נביעות לימון בק 275 מל,מיליליטרים,275.00,"100 מ""ל",false,24,2.90,1.0545,true,1,195817
7290000135595,false,פפסי מקס בטעם דובדבן 1.5 ליטר,"איי, בי, אינבוו",IL,פפסי מקס דובדבן 1.5 ליטר,ליטרים,1.50,ליטר,false,1,7.90,5.2667,true,1,197533
7290000135625,false,"רביעיית פחיות גולדסטאר 500 מ""ל",טמפו,IL,רביעיית פחיות גולדסטאר 500 מל,ליטרים,2.00,ליטר,false,1,32.90,16.4500,true,1,198735
7290000136158,false,פפסי מקס 1.5 ליטר פיקדון,פפסי Pepsi,IL,פפסי מקס 1.5 ל,ליטרים,1.50,ליטר,false,1,7.90,5.2667,true,1,201133
7290000136455,false,משקה בטעם אשכוליות תריסר 1.5 ל' ג'אמפ,ג'אמפ,IL,גאמפ אשכוליות 1.5 ל,מיליליטרים,1500.00,"100 מ""ל",false,1,7.90,0.5267,true,1,201118
7290000136516,false,משקה בטעם מנגו פסיפלורה תריסר 1.5 ל' ג'אמפ,ג'אמפ,IL,גאמפ מנגו 1.5 ל,מיליליטרים,1500.00,"100 מ""ל",false,1,7.90,0.5267,true,1,201116
7290000136523,false,משקה בטעם ענבים תריסר 1.5 ל' ג'אמפ,ג'אמפ,IL,גאמפ ענבים 1.5 ל,מיליליטרים,1500.00,"100 מ""ל",false,1,7.90,0.5267,true,1,201119
7290000136561,false,משקה בטעם תות בננה תריסר 1.5 ל' ג'אמפ,ג'אמפ,IL,גאמפ תות בננה 1.5 ל,מיליליטרים,1500.00,"100 מ""ל",false,1,7.90,0.5267,true,1,201120
7290000136585,false,משקה בטעם תפוזים תריסר 1.5 ל' ג'אמפ,ג'אמפ,IL,משקה גאמפ תפוז 1.5 ל,ליטרים,1.50,ליטר,false,1,7.90,5.2667,true,1,201117
7290000136646,false,משקה מאלט תריסר 1.5 ל' נשר,טמפו,IL,בירה נשר מאלט 1.5 ל,ליטרים,1.50,ליטר,false,1,9.50,6.3333,true,1,201112
7290000136653,false,משקה מאלט דיאט תריסר 1.5 ל' נשר,טמפו,IL,בירה נשר מאלט דיאט 1.5 ל,ליטרים,1.50,ליטר,false,1,9.50,6.3333,true,1,201113
7290000136691,false,מארז שישייה סבן אפ 1.5 ל',סבן אפ 7up,IL,סבן אפ 1.5 ל שישיה,ליטרים,9.00,ליטר,false,1,39.90,4.4333,true,1,201108
7290000136769,false,מארז שישיה בטעם קולה 1.5 ל' פפסי,פפסי Pepsi,IL,פפסי קולה 1.5 ל שישיה,ליטרים,9.00,ליטר,false,1,39.90,4.4333,true,1,201109
7290000136776,false,מארז פפסי מקס שישיה 1.5ל',פפסי Pepsi,IL,פפסי מקס 1.5 ל שישיה,ליטרים,9.00,ליטר,false,1,39.90,4.4333,true,1,201110
7290000136783,false,מארז שישייה מרינדה 1.5 ל',מירינדה Mirinda,IL,משקה מירנדה 1.5 ל שישיה,ליטרים,9.00,ליטר,false,1,39.90,4.4333,true,1,201107
7290000136790,false,מארז סודה שישייה 1.5 ל' טמפו,טמפו,IL,מי סודה טמפו 1.5 ל שישיה,ליטרים,9.00,ליטר,false,1,15.90,1.7667,true,1,201101
7290000136813,false,סודה בטעם אננס מארז רביעייה 1.5 ל' טמפו,טמפו,IL,סודה אננס 1.5 ל רביעיה,ליטרים,6.00,ליטר,false,6,11.90,1.9833,true,1,201103
7290000136820,false,סודה בטעם פירות יער מארז ריבעיה * 1.5 ל' טמפו,טמפו,IL,סודה פירות יער 1.5 ל רביעיה,ליטרים,6.00,ליטר,false,6,11.90,1.9833,true,1,201104
7290000136844,false,מארז מים מזוככים אקווה נובה שישיית 2 ליטר,אקווה נובה Aqua Nova,IL,מים מזוככים אקווה נובה 2 ל שישיה,ליטרים,12.00,ליטר,false,1,11.90,0.9917,true,1,201097
7290000136868,false,שישיית מים מינרלים סאן בנדטו,סאן בנדטו San Benedetto,IL,מים מינרליים סאן בנדטו 1.5 ל שישיה,ליטרים,9.00,ליטר,false,1,18.90,2.1000,true,1,201098
7290000136875,false,מארז מים מינרלים מוגז 6* 1.5 ל' סאן בנדטו,סאן בנדטו San Benedetto,IL,מים מינרליים מוגזים סאן בנאדטו 1.5 ל שיש,ליטרים,9.00,ליטר,false,1,18.90,2.1000,true,1,201100
7290000140580,false,פילה מקרל בעישון חם,,,פילה מקרל בעישון חם עם גבינה,קילוגרמים,1.00,"ק""ג",true,,119.00,119.0000,true,1,205051
7290000141006,false,פילה דיונון בעישון ח,,,פילה דיונון בעישון חם קפוא,קילוגרמים,1.00,"ק""ג",true,,129.00,129.0000,true,1,207506
7290000144160,false,שמן זית כתית מעולה ארומתי מודגש 750מל,"מרקאולאו, ספרד.אבסה,",IT,שמן זית בטעם מודגש 750 מל,מיליליטרים,750.00,"100 מ""ל",false,1,29.90,3.9867,true,1,168803
7290000144467,false,שמן חמניות מועשר בנוגדי חמצון 1 ל' עץ הזית,"נארז ע""י : א.ג. גילר",GR,שמן חמניות בריאות 1 ל,ליטרים,1.00,ליטר,false,1,15.90,15.9000,true,1,170178
7290000144474,false,שמן קנולה בריאות מהטבע 1 ליטר,שמן תעשיות,EE,שמן קנולה בריאות מהטבע 1 ל,ליטרים,1.00,ליטר,false,1,15.90,15.9000,true,1,169127
7290000149615,false,נקה 7 סבון מוצק לתינוק רביעיה * 100 ג',גליל כימיקלים בעממשו,IL,"רביעיית סבון מוצק ""נ",גרמים,400.00,100 גרם,false,1,11.90,2.9750,true,1,170179
7290000149844,false,סנו - סינטבון סבון רב שימושי,סנו,,סבון סינטבון,גרמים,230.00,100 גרם,false,1,7.90,3.4348,true,1,168548
7290000149905,false,טקסטיל שמפו לכביסה ביד 1 ליטר,מיוצר עי קונדיטוריית,IL,שמפו טקסטיל נוזלי,ליטרים,1.00,ליטר,false,1,14.90,14.9000,true,1,169476
7290000153469,false,עוף טוב קציצות עוף קלאסיות 600 גר',מוצרי עוף טוב (2001),IL,קציצות עוף קלאסיות 6,גרמים,600.00,100 גרם,false,1,24.90,4.1500,true,1,170180
7290000166605,false,סיף פנטסטיק ניקיון כללי יסמין 4ליטר,סיף פנטסטיק Cif Fantastic,IL,"""סיף פנטסטיק"" לניקוי",Unknown,0.00,Unknown,false,1,19.90,0.0000,true,1,176048
7290000168173,false,ברנפלקס קרנצים 375 ג' תלמה,יוניליור ישראל מזון,IL,"ברנפלקס קרנצ""ים 375 גר",גרמים,375.00,100 גרם,false,1,19.90,5.3067,true,1,176521
7290000169798,false,"עוגי מופחת סוכר 20% פצפוצי שוקו' 500ג' בד""צ",יוניליוור שפע ישראל,IL,"דגני בוקר ""עוגי"" מופחת סוכר 500 גר",גרמים,500.00,100 גרם,false,1,18.90,3.7800,true,1,177199
7290000170053,false,שוקולד פרה 100 ג' חלב.,"תופינית בע""מ",IL,"שוקולד ""פרה"" חלב",גרמים,100.00,100 גרם,false,1,5.50,5.5000,true,1,170182
7290000174723,false,אבקת שוקולית עלית קופסא 500ג',הנסיך- מפעל לייצור ט,IL,"שוקולית 500 ג""ר",גרמים,500.00,100 גרם,false,1,11.90,2.3800,true,1,169833
7290000176079,false,קפה טורקי עם היל עלית 100 ג',הנסיך- מפעל לייצור ט,IL,קפה טורקי עם הל,גרמים,100.00,100 גרם,false,1,8.90,8.9000,true,1,169480
7290000176420,false,קפה נמס אבקתי 200ג עלית,שטראוס קפה בי.וי,IL,קפה נמס עלית 200 גר,גרמים,200.00,100 גרם,false,1,19.90,9.9500,true,1,168550
7290000178707,false,חטיף תפוציפס טבעי 50,"שטראוס פריטו ליי בע""",IL,"תפוצ""יפס מלוח 50 גר""",גרמים,50.00,100 גרם,false,1,3.90,7.8000,true,1,169482
7290000178721,false,חטיף תפוציפס טבעי 20,"שטראוס פריטו ליי בע""",IL,"תפוצ""יפס 200 גר""",גרמים,200.00,100 גרם,false,1,10.90,5.4500,true,1,169133
7290000185224,false,סילאן בקבוק לחיץ תמר,,,סילאן בקבוק לחיץ 650 גר,גרמים,650.00,100 גרם,false,1,14.90,2.2923,true,1,185554
7290000185330,false,סילאן טבעי תמר כנרת,,,סילאן טבעי 900 גר,גרמים,900.00,100 גרם,false,1,21.90,2.4333,true,1,185555
7290000186030,false,מגבונים לחים האגיס ב,עלבד,IL,מגבונים לחים האגיס בתוספת תחליב רביעייה,Unknown,0.00,Unknown,false,1,26.90,0.0000,true,1,182191
7290000186535,false,נייר טואלט טריו לבן 32 גלילים לילי,קימברלי קלארק ישראל,IL,נייר טואלט לילי טריו לבן 32גל,יחידה,1.00,יחידה,false,1,42.90,42.9000,true,1,178089
7290000187921,false,נייר טואלט לבן 32 גלילים לילי,קימברלי קלארק ישראל,IL,"נייר טואלט ""לילי"" לב",יחידה,1.00,יחידה,false,1,39.90,39.9000,true,1,169134
7290000187938,false,לילי - נייר טואולט נייר טואלט פסטל 32 יח',קימברלי קלארק,IL,"נייר טואלט ""לילי"" פס",יחידה,1.00,יחידה,false,1,39.90,39.9000,true,1,168552
7290000187952,false,נייר טואלט טריו לילי פרימיום 32גליל,קימברלי קלארק,IL,"נייר טואלט ""לילי"" טר",Unknown,0.00,Unknown,false,1,42.90,0.0000,true,1,169135
7290000188270,false,קליניקס ממחטות אף אולטרא סופט 2*80 דף,חוגלה קימברלי,,ממחטות טישו קלינקס אולטרה סופט,גרמים,390.00,100 גרם,false,1,18.90,4.8462,true,1,169136
7290000188553,false,קוטקס - מגן תחתון סילק נורמל 60 יח',קימברלי קלארק,CN,"מגיני תחתון ""קוטקס""",Unknown,0.00,Unknown,false,1,17.90,0.0000,true,1,169137
7290000189079,false,"ניקול תבניות אינגליש חזקות ועבות מארז, 7 יח'",בראבו,CN,תבניות ניקול עגולות 5יח,יחידה,6.00,יחידה,false,1,10.90,1.8167,true,1,178569
7290000189116,false,ניקול תבניות אלומניום עגולות 5 יח',בראבו,CN,תבניות ניקול אינגליש קייק 6יח,יחידה,5.00,יחידה,false,1,10.90,2.1800,true,1,178570
7290000189192,false,מגבת רב שימושית סופר ניקול 64 דף,קימברלי קלארק,CO,מטלית ניקול חכמה יומית 64 יח,Unknown,0.00,Unknown,false,1,17.90,0.0000,true,1,169138
7290000189260,false,ניקול תבניות מלבניות 26*32*7,בראבו,,תבניות ניקול מלבניות 5יח,יחידה,5.00,יחידה,false,1,10.90,2.1800,true,1,178567
7290000189277,false,ניקול תבניות מלבניות 41*30*5.4,בראבו,,תבניות ניקול מלבניות גדולות עמוקות 3יח,יחידה,3.00,יחידה,false,1,10.90,3.6333,true,1,178568
7290000189499,false,ניקול תבנית אפייה מקרטון עגולה 3 יח',"דוקארט בעמ, קיבוץ כפ",IL,תבניות אפייה קרטון,Unknown,0.00,Unknown,false,1,10.90,0.0000,true,1,167947
7290000189505,false,תבנית קרטון אפיה אינגליש ניקול 5יח',"דוקארט בעמ, קיבוץ כפ",IL,תבניות אפיה קרטון,Unknown,0.00,Unknown,false,1,10.90,0.0000,true,1,170188
7290000189536,false,אשפתון שרוך מתכלה 52/65 ניקול 40 יח',אשפלסט,TR,"אשפטון 40יח""",Unknown,0.00,Unknown,false,1,19.90,0.0000,true,1,168299
7290000189550,false,אשפתון 78X90 ענק ניקול 20יח',קריות זול,IL,אשפתון ענק זוגות 78*,Unknown,0.00,Unknown,false,1,23.90,0.0000,true,1,168300
7290000189598,false,מטליות לחות חד פעמיות לניקוי כללי 50 יח' ניקול,עלבד משואות יצחק בעמ,IL,מטליות לחות לניקוי כללי בניחוח לימון,Unknown,0.00,Unknown,false,1,10.90,0.0000,true,1,169486
7290000189659,false,מטליות לחות לרצפה ניקול 10 יח'-מרכז,עלבד משואות יצחק בעמ,IL,"מטליות לחות רצפה ""ני",Unknown,0.00,Unknown,false,1,10.90,0.0000,true,1,167948
7290000189734,false,מטליות לחות לפרקט 10יח' ניקול,עלבד משואות יצחק בעמ,IL,"מטליות לחות לפרקט ""נ",Unknown,0.00,Unknown,false,1,12.90,0.0000,true,1,170189
7290000190150,false,מפיות נייר מודפסות 3 שכבות ניקול 20 יח',קריות זול,SI,מפיות מודפסות 20 יחי,Unknown,0.00,Unknown,false,1,7.90,0.0000,true,1,170190
7290000190198,false,מטליות לניקוי וחיטוי חדרי שירותים ואמבטיה,עלבד משואות יצחק בעמ,IL,"מטליות ""ניקול"" לניקוי שירוטים ואמבט",Unknown,0.00,Unknown,false,1,10.90,0.0000,true,1,177337
7290000191225,false,האגיס - רך נולד מידה 2 מוקטן 44 יח',קימברלי קלארק שיווק,IL,"טיטולי ""האגיס"" ליטל בייביס שלב 2 46 יח",Unknown,0.00,Unknown,false,1,33.90,0.0000,true,1,179028
7290000191539,false,ממחטות טישו לילי צבעוני חמישיה,חוגלה קימברלי,IL,מגבוני לילי צבעוני 5 יח,Unknown,0.00,Unknown,false,1,15.90,0.0000,true,1,168301
7290000191645,false,האגיס חיתול רך נולד NB ארוז 36יח',קימברלי קלארק ארהב,IL,"טיטולי ""האגיס"" רך נולד",יחידה,1.00,יחידה,false,1,33.90,33.9000,true,1,176440
7290000191652,false,קלינקס ממחטות טישו אולטרא סופט מארז 90X3יח',חוגלה קימברלי,IL,קלינקס קלאסיק שלישיי,Unknown,0.00,Unknown,false,1,10.90,0.0000,true,1,167950
7290000192581,false,מגבת נייר גליל כפול ניקול 12=6 גליל,,,מגבות נייר גליל כפול 6 יח,Unknown,0.00,Unknown,false,1,21.90,0.0000,true,1,185436
7290000193205,false,לילי תחבושות נטורל לילה 20 יח',קריות זול,,תחבושות לילי נטורל,Unknown,0.00,Unknown,false,1,15.90,0.0000,true,1,169142
7290000193472,false,לילי מגני תחתון נטורל נורמל 60 יח',חוגלה קימברלי,IL,מגן תחתון לילי נורמל,Unknown,0.00,Unknown,false,1,15.90,0.0000,true,1,168302
7290000193540,false,לילי אינטימייט מגן תחתון לונג 52יח',חוגלה קימברלי,IL,מגני תחתון לילי נטורל לונג 52 יח,Unknown,0.00,Unknown,false,1,15.90,0.0000,true,1,168555
7290000193618,false,לילי אינטימייט מגן תחתון נורמל 24 יח',קריות זול,,מגן תחתון לילי לייט 62 יח,Unknown,0.00,Unknown,false,1,15.90,0.0000,true,1,167951
7290000193649,false,לילי תחבושות נטורל אולטרה סופר 24 יח',קריות זול,,תחבושות לילי נורמל עם כנפיים 24 יח,Unknown,0.00,Unknown,false,1,15.90,0.0000,true,1,167952
7290000193656,false,לילי תחבושות נטורל אולטרה סופר פלוס 24 יח',קריות זול,,מגן תחתון לילי סופר,Unknown,0.00,Unknown,false,1,15.90,0.0000,true,1,167953
7290000194288,false,משטחי החתלה האגיס פר,Ontex,,"משטח החטלה ""האגיס""",Unknown,0.00,Unknown,false,1,19.90,0.0000,true,1,167954
7290000194837,false,ניקול - שקיות מזון + ידיות קשירה אקסטרה לארג' 200 יח',קילת,CN,שקיות מזון עם ידית 200 יח,Unknown,0.00,Unknown,false,1,11.90,0.0000,true,1,177832
7290000195216,false,נייר אפייה בשקית ניקול 50 יח',אופל,,נייר אפיה 50יח,Unknown,0.00,Unknown,false,1,10.90,0.0000,true,1,177682
7290000195537,false,האגיס - מגבוני האגיס דיילי קר לא מבושם 64 יח' * 4,חוגלה קימברלי,IL,מארז מגבוני האגיס נט,Unknown,0.00,Unknown,false,1,21.90,0.0000,true,1,169838
7290000195773,false,האגיס - מגבוני האגיס סנסטיב קר לא מבושם 64 יח' * 4,חוגלה קימברלי,IL,האגיס נטורל מילוי רב,Unknown,0.00,Unknown,false,1,21.90,0.0000,true,1,167955
7290000196763,false,ניקול שקיות לאשפה השקית החזקה 40 יח',אשפלסט,IL,אשפתון השקית החזקה 4,Unknown,0.00,Unknown,false,1,23.90,0.0000,true,1,169985
7290000197081,false,ניקול ניילון נצמד חסכון 150 מ',אופל,IL,ניילון נצמד ניקול 150 מטר,Unknown,0.00,Unknown,false,1,29.90,0.0000,true,1,170192
7290000197326,false,רדיד אלומניום ניקול זוגי 30X7.5מ',קריות זול,IL,רדיד אלומיניום 30*7.,Unknown,0.00,Unknown,false,1,10.90,0.0000,true,1,171520
7290000197340,false,רדיד אלומניום ניקול זוגי 45X7.5מ',קריות זול,IL,זוג אלומניום ארוך 45,Unknown,0.00,Unknown,false,1,19.90,0.0000,true,1,170249
7290000197425,false,האגיס - פרידום דריי שלב 3 52 יח',קימברלי קלארק ישראל,IL,"טיטולי ""האגיס"" פרידום דריי שלב 3 54 יח",Unknown,0.00,Unknown,false,1,42.90,0.0000,true,1,179029
7290000197432,false,שקיות אוכל סנדביצ'ון ניקול מארז 150X2יח',אשלפסט תעשיות בעמ,IL,"סנדוויצ""ון זוג",Unknown,0.00,Unknown,false,1,14.90,0.0000,true,1,170284
7290000197456,false,האגיס - פרידום דריי שלב 4 44 יח',קימברלי קלארק ישראל,IL,"טיטולי ""האגיס"" פרידום דריי שלב 4 44 יח",יחידה,1.00,יחידה,false,1,42.90,42.9000,true,1,179030
7290000197548,false,האגיס - פרידום דריי שלב 5 36 יח',קימברלי קלארק ישראל,IL,"טיטולי ""האגיס"" פרידום דריי שלב 5 38 יח",יחידה,1.00,יחידה,false,1,42.90,42.9000,true,1,179032
7290000197654,false,ניקול אשפתון שקיות אשפה ענקיות 45 יח',קריות זול,IL,שקיות אשפה ענק אשפתון ניקול 45 יח,Unknown,0.00,Unknown,false,1,21.90,0.0000,true,1,170285
7290000197678,false,האגיס - פרידום פלוס שלב 6 30 יח',קימברלי קלארק ישראל,IL,"טיטולי ""האגיס"" פרידום דריי שלב 6 34 יח",יחידה,1.00,יחידה,false,1,42.90,42.9000,true,1,179033
7290000197753,false,ניילון נצמד אנטי בטקריאלי ניקול 30X2מ',קריות זול,,ניילון נצמד ניקול זוג 30 מטר,Unknown,0.00,Unknown,false,1,10.90,0.0000,true,1,170286
7290000197876,false,ניקול תבנית אלומיניום 4 יח' 2 מכסים,פאלאס,CN,מגשית אלומיניום,Unknown,0.00,Unknown,false,1,9.90,0.0000,true,1,170349
7290000197883,false,ניקול תבניות אלומיניום 4יח',ארץ ייצור: סין,CN,מגשית אלומיניום,Unknown,0.00,Unknown,false,1,9.90,0.0000,true,1,170250
7290000197951,false,ניקול תבנית אלומיניום ענק 3 יח',פאלאס,,מגשית אלומיניום,Unknown,0.00,Unknown,false,1,9.90,0.0000,true,1,170287
7290000204147,false,ניקול כריות יפניות 2 ב 1 רביעייה,פלסטו פוליש (ברקן),IL,כריות יפניות דו צדדיות ניקול 4 יח,Unknown,0.00,Unknown,false,1,10.90,0.0000,true,1,170632
7290000204215,false,ניקול כריות יפניות 6 יח',פלסטו פוליש (ברקן),IL,כריות ניקוי יפניות ניקול 6 יח,Unknown,0.00,Unknown,false,1,10.90,0.0000,true,1,170251
7290000204239,false,ניקול מטליות ריצפה רביעיה,עופרטקס,,מטליות רצפה ניקול 4 יח,Unknown,0.00,Unknown,false,1,12.90,0.0000,true,1,170633
7290000204253,false,מטליות ניקול רב שימושיות 9יח',נועם אורים-קיבוץ אור,IL,מטליות ניקוי רב שימושיות ניקול 9 יח,Unknown,0.00,Unknown,false,1,10.90,0.0000,true,1,170634
7290000204512,false,מטליות לחות לרצפה בניחוח לימון 10 יח' ניקול,עלבד משואות יצחק בעמ,IL,מטליות לחות לרצפה ניקול בריח לימון,Unknown,0.00,Unknown,false,1,10.90,0.0000,true,1,181892
7290000204611,false,ספוגיות הקסם ניקול 6יח',קריות זול,US,ספוגית הקסם ניקול 6 יח,Unknown,0.00,Unknown,false,1,10.90,0.0000,true,1,170290
7290000207063,false,רסק עגבניות פריכוז 28% 240 גרם יכין,היינץ צפון אמריקה מק,IL,פריכוז פלסטיק,גרמים,260.00,100 גרם,false,1,4.90,1.8846,true,1,170291
7290000207162,false,רוטב עגבניות מרכיב טבעי 100 ג' יכין,"זנלכל בע""מ",IL,פלסטיק רסק עגבניות 1,גרמים,100.00,100 גרם,false,1,2.50,2.5000,true,1,170639
7290000207438,false,עגבניות קוביות יכין 800 גר,"זנלכל בע""מ",IL,עגבניות קוביות 850גר,גרמים,800.00,100 גרם,false,1,8.90,1.1125,true,1,171521
7290000208022,false,עגבניות מרוסקות פריכוז 800 ג' יכין,"זנלכל בע""מ",IL,עגבניות מרוסקות 800ג,גרמים,800.00,100 גרם,false,1,8.90,1.1125,true,1,171744
7290000208077,false,אפונת גינה גדולה 550 גרם יכין,"זנלכל בע""מ",IL,אפונת גינה,גרמים,550.00,100 גרם,false,1,7.90,1.4364,true,1,170292
7290000208091,false,אפונה עדין A2 יכין 550 ג',"זנלכל בע""מ",IL,אפונה עדין יכין,גרמים,550.00,100 גרם,false,1,8.90,1.6182,true,1,171522
7290000208114,false,אפונת גינה וגזר 550 ג' יכין,"זנלכל בע""מ",IL,אפונה גזר,גרמים,550.00,100 גרם,false,1,7.90,1.4364,true,1,170266
7290000208138,false,סירופ ענבים דיאט יכי,"זנלכל בע""מ",IL,סירופ ענבים דיאט,ליטרים,1.00,ליטר,false,1,16.90,16.9000,true,1,170640
7290000208145,false,גרגרי תירס מתוק לייט A2 יכין 550 ג',"זנלכל בע""מ",IL,תירס לייט,גרמים,550.00,100 גרם,false,1,8.90,1.6182,true,1,170641
7290000208213,false,שעועית לבנה אפויה A2 ברוטב עגבניות יכין 560ג',היינץ צפון אמריקה מק,IL,שעועית אפויה,גרמים,580.00,100 גרם,false,1,8.90,1.5345,true,1,170272
7290000208220,false,שעועית צילי חריף 550 ג' יכין,היינץ צפון אמריקה מק,IL,"שעועית צ""ילי",גרמים,580.00,100 גרם,false,1,8.90,1.5345,true,1,170293
7290000208244,false,בסיס עגבניות לשקשוקה 570 ג' יכין,"זנלכל בע""מ",IL,בסיס עגבניות לשקשוקה,גרמים,570.00,100 גרם,false,1,8.90,1.5614,true,1,170294
7290000208312,false,גרעיני תירס מתוק בואקום יכין 400 גר',"זנלכל בע""מ",IL,גרעיני תירס מתוק 325 גר,גרמים,400.00,100 גרם,false,1,6.90,1.7250,true,1,170253
7290000208329,false,גרעיני תירס מתוק A2 יכין 550ג',"זנלכל בע""מ",IL,גרעיני תירס 560 גר,גרמים,550.00,100 גרם,false,1,7.90,1.4364,true,1,170254
7290000208336,false,רסק עגבניות 22% יכין 240ג',"זנלכל בע""מ",IL,רסק עגבניות 240 גר,גרמים,240.00,100 גרם,false,1,3.90,1.6250,true,1,170346
7290000208343,false,עגבניות מרוסקות שום יכין 800 גר,היינץ צפון אמריקה מק,IL,עגבניות מרוסקות,גרמים,800.00,100 גרם,false,1,8.90,1.1125,true,1,171524
7290000208367,false,עגבניות מרוסקות בתוספת בזיליקום 800 ג' יכין,יכין,,עגבניות מרוסקות+בזיל,גרמים,800.00,100 גרם,false,1,8.90,1.1125,true,1,171746
7290000208428,false,חומוס שלם יכין 550גר,"זנלכל בע""מ",IL,חומוס שלם,גרמים,550.00,100 גרם,false,1,8.90,1.6182,true,1,171747
7290000208459,false,לקט ירקות מעורבים 550 ג' יכין,"זנלכל בע""מ",IL,"לקט תפו""א",גרמים,550.00,100 גרם,false,1,8.90,1.6182,true,1,171526
7290000208480,false,גרעיני תירס בטעם חמאה 550 ג' יכין,קריות זול,IL,תירס חמאה יכין,גרמים,550.00,100 גרם,false,1,8.90,1.6182,true,1,171748
7290000208534,false,גרעיני תירס ילדים 550 גרם יכין,"זנלכל בע""מ",IL,A2 גרעיני תירס קיד,גרמים,550.00,100 גרם,false,1,8.90,1.6182,true,1,170295
7290000208855,false,רוטב פסטה עגבניות יכין 240 ג',"זנלכל בע""מ",IL,"רוטב פסטה 260 ג""ר",גרמים,240.00,100 גרם,false,1,5.90,2.4583,true,1,170347
7290000208893,false,תירס מתוק לייט יכין,היינץ צפון אמריקה מק,IL,תירס לייט יכין בוואקום 400 גר,גרמים,400.00,100 גרם,false,1,5.90,1.4750,true,1,170348
7290000208930,false,עגבניות מרוסקות בתוספת שום 240 ג' יכין,"זנלכל בע""מ",IL,עגבניות מרוסקות עם ש,גרמים,240.00,100 גרם,false,1,5.90,2.4583,true,1,170350
7290000208947,false,עגבניות מרוסקות 240 גרם יכין,היינץ צפון אמריקה מק,IL,עגבניות מרוסקות 260,גרמים,240.00,100 גרם,false,1,5.90,2.4583,true,1,171527
7290000209012,false,חומץ הדרים יכין 1 לי,"זנלכל בע""מ",IL,חומץ הדרים 1 ליטר,ליטרים,1.00,ליטר,false,1,5.90,5.9000,true,1,170642
7290000209043,false,מיץ לימון משומר 1 ל' יכין,היינץ צפון אמריקה מק,IL,מיץ לימון משומר 1 לי,ליטרים,1.00,ליטר,false,1,5.90,5.9000,true,1,170643
7290000209173,false,חומץ סינטטי יכין 1 ל,זנלכל,IL,חומץ סינטטי 1 ליטר,ליטרים,1.00,ליטר,false,1,4.90,4.9000,true,1,170255
7290000209371,false,שלישיית תירס קטן יכי,היינץ צפון אמריקה מק,IL,תירס יכין 140 גר שלישייה,גרמים,600.00,100 גרם,false,1,14.90,2.4833,true,1,179380
7290000209388,false,תירס גרגרים לייט וואקום מארז 60X3ג',יכין,,שלשות תירס יכין לייט 140 גר,גרמים,600.00,100 גרם,false,1,14.90,2.4833,true,1,179381
7290000209517,false,סירופ יכין לימון דיא,היינץ צפון אמריקה מק,IL,סירופ יכין לימון דיאט 1 ל,ליטרים,1.00,ליטר,false,1,16.90,16.9000,true,1,170644
7290000209524,false,סירופ דייאט פטל יכין,זנלכל,IL,סירופ פטל דיאט,ליטרים,1.00,ליטר,false,1,16.90,16.9000,true,1,170356
7290000209555,false,סירופ יכין דיאט בטעם תפוח 1ל',זנלכל,IL,סירופ יכין תפוחי עץ דיאט 1 ל,ליטרים,1.00,ליטר,false,1,16.90,16.9000,true,1,171749
7290000209579,false,סירופ דיאט אננס 1 ליטר,"זנלכל בע""מ",IL,סירופ יכין דיאט אננס 1 ל,ליטרים,1.00,ליטר,false,1,16.90,16.9000,true,1,170645
7290000209708,false,עגבניות מרוסקות עם בזיליקום 240 גרם יכין,היינץ צפון אמריקה מק,IL,עגבניות מרוסקות עם ב,גרמים,240.00,100 גרם,false,1,5.90,2.4583,true,1,171528
7290000209906,false,עגבניות מרוסקות בתוספת בצל 240 ג' יכין,זנלכל,IL,עגבניות מרוסקות עם ב,גרמים,240.00,100 גרם,false,1,5.90,2.4583,true,1,170357
7290000209913,false,עגבניות קוביות יכין 240 ג',"זנלכל בע""מ",IL,עגבניות קוביות 260 ג,גרמים,240.00,100 גרם,false,1,5.90,2.4583,true,1,170276
7290000209944,false,רוטב לעגבניות בסיס לשקשוקה 240 ג' יכין,"זנלכל בע""מ",IL,בסיס לעגבניות שקשוקה,גרמים,240.00,100 גרם,false,1,5.90,2.4583,true,1,170351
7290000209951,false,רוטב עגבניות לפיצה 240 גרם יכין,"זנלכל בע""מ",IL,רוטב פיצה 260 גר,מיליליטרים,240.00,"100 מ""ל",false,1,5.90,2.4583,true,1,170256
7290000210148,false,אפונה ירוקה אלפא 550,,,אפונה ירוקה אלפא 550,גרמים,550.00,100 גרם,false,1,7.90,1.4364,true,1,170352
7290000210469,false,עגבניות שלמות 700 ג' יכין,יכין,,עגבניות שלמות 850 גר,גרמים,800.00,100 גרם,false,1,8.90,1.1125,true,1,170353
7290000210896,false,רוטב בולונז לפסטה יכין 240 גר',"זנלכל בע""מ",IL,"רוטב פסטה בולונז 260 ג""ר",גרמים,240.00,100 גרם,false,1,5.90,2.4583,true,1,176476
7290000211169,false,"אורז תאילנדי אחד אחד סוגת 1 ק""ג",האי נאם סי או אל.טי.,IL,"אורז תאילנדי 1 ק""ג",קילוגרמים,1.00,"ק""ג",false,1,6.90,6.9000,true,1,170358
7290000211312,false,סוגת אורז מלא פרסי אחד אחד 1 קג,האי נאם סי או אל.טי.,IL,"אורז מלא 1 ק""ג",קילוגרמים,1.00,"ק""ג",false,1,9.90,9.9000,true,1,171750
7290000211381,false,"סוכר חום כהה בשקית סוגת 1 ק""ג",טונגאט היולט שוגר בע,ZA,סוכר חום 1קג,קילוגרמים,1.00,"ק""ג",false,1,12.90,12.9000,true,1,171751
7290000211442,false,"סוגת אורז פרסי קלאסי שקית 1 ק""ג",האי נאם סי או אל.טי.,IL,"אורז פרסי קלאסי 1 ק""",קילוגרמים,1.00,"ק""ג",false,1,10.90,10.9000,true,1,170359
7290000211503,false,סוכר לבן ארוז בשקית,"סוגת תעשיות בע""מ",IL,"סוכר לבן 1 ק""ג",קילוגרמים,1.00,"ק""ג",false,1,3.90,3.9000,true,1,170354
7290000211626,false,"אורז חיש 1 ק""ג סוגת",סוגת תעשיות,IL,"אורז חיש 1 ק""ג",קילוגרמים,1.00,"ק""ג",false,1,10.90,10.9000,true,1,171752
7290000211985,false,"אורז ריזוטו עגול סוגת 1 ק""ג","סוגת תעשיות בע""מ",IL,אורז עגול ריזוטו 1 ק,קילוגרמים,1.00,"ק""ג",false,1,9.90,9.9000,true,1,170277
7290000217950,false,נקניקיות וינר חדש בו,מעדני מניה תעשיות בש,,וינר חדש בואקום,קילוגרמים,1.00,"ק""ג",true,,75.00,75.0000,true,1,176954
7290000219176,false,קנקרס מעושן בוואקום,מעדני מניה תעשיות בש,,קנקרס מעושן בוואקום,קילוגרמים,1.00,"ק""ג",true,,35.00,35.0000,true,1,182452
7290000219510,false,נקניקיות פרנקפורטר ב,מעדני מניה תעשיות בש,,נקניקיות פרנקפורטר בוואקום,קילוגרמים,1.00,"ק""ג",true,,45.00,45.0000,true,1,182454
7290000226444,false,פילה אמנון 5-7 עם עו,,,פילה אמנון 5-7 עם עור,קילוגרמים,1.00,"ק""ג",true,,29.90,29.9000,true,1,208546
7290000238029,false,"בצק עלים צרפתי מרודד מעדנות 1ק""ג",מיוצר עי קונדיטוריית,IL,"בצק עלים צרפתי 1 ק""ג",קילוגרמים,1.00,"ק""ג",false,1,15.90,15.9000,true,1,171530
7290000238036,false,מלאווח 6יח' מעדנות 700ג',מיוצר עי קונדיטוריית,IL,"מלווח עגול 700 ג""ר",גרמים,700.00,100 גרם,false,1,16.90,2.4143,true,1,170267
7290000238173,false,בורקס גבינה 800 ג' מעדנות,מיוצר עי קונדיטוריית,IL,בורקס גבינה 800גר,גרמים,800.00,100 גרם,false,1,19.90,2.4875,true,1,171753
7290000238180,false,בורקס תפוחי אדמה מעדנות 800ג',מיוצר עי קונדיטוריית,IL,"בורקס תפו""א 800 ג""ר",גרמים,800.00,100 גרם,false,1,19.90,2.4875,true,1,170649
7290000245270,false,"פרסיל אבקת כביסה סופרא 1.250 ק""ג","הנקל סוד בע""מ",IL,אבקת כביסה פרסיל 1.25 קג,קילוגרמים,1.25,"ק""ג",false,12,16.90,13.5200,true,1,171532
7290000245287,false,"פרסיל אבקת כביסה 1.250 ק""ג קולור ויניגר","הנקל סוד בע""מ",IL,אבקת כביסה פרסיל קולור 1.25 קג,קילוגרמים,1.25,"ק""ג",false,12,16.90,13.5200,true,1,171533
7290000245379,false,משחת כלים אמה לימון,,,משחת כלים אמה לימון 500גר,גרמים,500.00,100 גרם,false,1,6.90,1.3800,true,1,178878
7290000245508,false,"קומפקט סוד 1.25ק""ג שושו מרענן -מרכז","הנקל סוד בע""מ",IL,אבקת כביסה סוד שושן 1.25 קג,קילוגרמים,1.25,"ק""ג",false,1,13.90,11.1200,true,1,202489
7290000249626,false,ברווז קפוא,,,ברווז קפוא,קילוגרמים,1.00,"ק""ג",true,,59.90,59.9000,true,1,201813
7290000253090,false,גבינה סלמי עם עשבי ת,,,גבינה סלמי עם עשבי תיבול ושום,קילוגרמים,1.00,"ק""ג",true,,79.00,79.0000,true,1,184569
7290000253091,false,גבינה סלמי עם עגבניו,,,גבינה סלמי עם עגבניות ובזיליקום,קילוגרמים,1.00,"ק""ג",true,,79.00,79.0000,true,1,184571
7290000253092,false,גבינה סלמי עם פלפל ש,,,גבינה סלמי עם פלפל שחור וצילי,קילוגרמים,1.00,"ק""ג",true,,79.00,79.0000,true,1,184570
7290000253220,false,שוקולד צ'יפס חום אופנהיימר 260 גר',אופנהיימר,IL,"אופנהיימר שוקוצ""יפס",גרמים,260.00,100 גרם,false,1,11.90,4.5769,true,1,171534
7290000253251,false,שוקולד צ'יפס לבן אופנהיימר 300ג',אופנהיימר,IL,"אופנהיימר שוקוצ""יפס 300גר",גרמים,250.00,100 גרם,false,1,11.90,4.7600,true,1,170280
7290000253374,false,מיני שוקולד צ'יפס - נטיפי שוקולד מריר,אופנהיימר,IL,מיני שוקולד ציפס 250 גר,גרמים,250.00,100 גרם,false,1,14.90,5.9600,true,1,197169
7290000253459,false,נטיפי ציפס בטעם קרמל 250 גר' אופנהיימר,אופנהיימר,IL,נטיפי אופנהיימר ציפס בטעם קרמל 250 גר,גרמים,250.00,100 גרם,false,20,11.90,4.7600,true,1,193124
7290000262161,false,נייר טואלט לב אדום 40 גלילים מולט,חוגלה קימברלי,IL,מולט לב אדום 40 גליל,יחידה,1.00,יחידה,false,1,34.90,34.9000,true,1,171755
7290000267043,false,שקדים מולבנים פרוסים,"דין שיווק וקליה בע""מ",IL,שקדים מולבנים פרוסים שקדיה 100 גר,גרמים,100.00,100 גרם,false,1,10.90,10.9000,true,1,187067
7290000267050,false,שקדים טבעיים טחונים,"דין שיווק וקליה בע""מ",IL,שקדים טבעיים טחונים שקדיה 100 גר,גרמים,100.00,100 גרם,false,1,9.90,9.9000,true,1,187065
7290000272443,false,סירופ עסיס דיאט תפוזים צ.טבעי 1 ל',בית-השיטה עסיס תעשיו,IL,סירופ עסיס תפוזים דיאט 1 ל,מיליליטרים,1000.00,"100 מ""ל",false,1,17.90,1.7900,true,1,170372
7290000272467,false,סירופ עסיס דיאט פטל 1ל,בית-השיטה עסיס תעשיו,IL,"""עסיס"" סירופ פטל דיא",ליטרים,1.00,ליטר,false,1,17.90,17.9000,true,1,170282
7290000272696,false,עסיס מיץ לימון טבעי משומר 1 ל' אסם,בית-השיטה עסיס תעשיו,IL,"מיץ לימון ""עסיס"" משו",ליטרים,1.00,ליטר,false,1,10.90,10.9000,true,1,171757
7290000272726,false,חומץ טבעי 5% עסיס 1 ל' אסם,בית השיטה עסיס תעשיו,IL,"חומץ טבעי 5% ""עסיס""",ליטרים,1.00,ליטר,false,1,6.90,6.9000,true,1,170269
7290000274468,false,גבינה באבוני,,,גבינה באבוני,קילוגרמים,1.00,"ק""ג",true,,89.00,89.0000,true,1,184573
7290000281429,false,סטייק טונה אדומה,,,סטייק טונה אדומה,קילוגרמים,1.00,"ק""ג",true,,65.00,65.0000,true,1,187946
7290000286228,false,כרית קרצוף לכלים סנו סושי 6יח',סנו מפעלי ברונו בעמ,IL,סנו סושי כריות יפניו,Unknown,0.00,Unknown,false,1,11.90,0.0000,true,1,170659
7290000286297,false,"סנו אנטי קאלק מסיר אבן מקומקום 700 מ""ל",סנו מפעלי ברונוס בעמ,IL,סנו אנטי קאלק מסיר א,מיליליטרים,700.00,"100 מ""ל",false,1,9.90,1.4143,true,1,170361
7290000286594,false,סנו X לימון במיכל 600 ג',סנו מפעלי ברונוס בעמ,IL,חול ניקוי סנו X לימו,גרמים,600.00,100 גרם,false,1,9.90,1.6500,true,1,170373
7290000286761,false,ניילון נצמד סנו סושי פלסטיק מארז 30X2 מ',מיוצר עי קונדיטוריית,CN,סנו סושי ניילון נצמד,Unknown,0.00,Unknown,false,1,10.90,0.0000,true,1,171759
7290000287102,false,"סנו שמפו שטיחים אירוסול 600 מ""ל",מיוצר עי קונדיטוריית,IL,סנו שמפו שטיחים,מיליליטרים,600.00,"100 מ""ל",false,1,21.90,3.6500,true,1,170660
7290000287195,false,"סנו רהיט ספריי עשיר בווקס להברקה 305 מ""ל",מיוצר עי קונדיטוריית,IL,סנו רהיט - אירוסול,מיליליטרים,300.00,"100 מ""ל",false,1,13.90,4.6333,true,1,171760
7290000287409,false,סנובון שלישיה תות 3 יח' *55 ג',סנו מפעלי ברונוס בעמ,IL,סנובון לאסלה שלישייה,גרמים,165.00,100 גרם,false,1,11.90,7.2121,true,1,171761
7290000287430,false,סנובון צבעוני לאסלה בריח לימון שלישייה,סנו מפעלי ברונו בעמ,IL,סנובון אסלה שלישייה,גרמים,165.00,100 גרם,false,1,11.90,7.2121,true,1,170375
7290000287492,false,"סנו - סנובון נוזלי לימון 750 מ""ל","איי, בי, אינבוו",IL,סנובון נוזלי בניחוח לבנדר 750 מל,מיליליטרים,750.00,"100 מ""ל",false,1,9.90,1.3200,true,1,171763
7290000287607,false,לאסלות סנו בלו גדול,קריות זול,IL,סנו בלו גדול 150 גר,גרמים,150.00,100 גרם,false,1,21.90,14.6000,true,1,170376
7290000287621,false,"מנקה אסלות סנו אנטי קאלק 750 מ""ל,",מיוצר עי קונדיטוריית,IL,סנו אנטי קאלק לאסלות,מיליליטרים,750.00,"100 מ""ל",false,1,10.90,1.4533,true,1,170377
7290000287956,false,פילה לברק 5-7 בוואקו,,,פילה לברק 5-7 בוואקום,קילוגרמים,1.00,"ק""ג",true,,44.90,44.9000,true,1,180446
7290000288017,false,ז'אוול אקונומיקה 1ל'-לימון,"סנו מפעלי ברונוס בע""",IL,"סנו ז""אוול לימון 1 ל",ליטרים,1.00,ליטר,false,1,8.90,8.9000,true,1,170661
7290000288024,false,סנו - ז'אוול אקונומיקה בריח לימון 4 ליטר,"סנו מפעלי ברונוס בע""",IL,"סנו ז""אוול לימון 4 ל",ליטרים,4.00,ליטר,false,1,16.90,4.2250,true,1,170364
7290000288031,false,סנו אקונומיקה 4 ליטר תו תקן,"סנו מפעלי ברונוס בע""",IL,סנו אקונומיקה 4 ליטר,ליטרים,4.00,ליטר,false,1,10.90,2.7250,true,1,170298
7290000288048,false,סנו ז'אוול קצף לבנדר מרסס 1ל',"סנו מפעלי ברונוס בע""",IL,"סנו ז""אוול מרסס מונב",ליטרים,1.00,ליטר,false,1,16.90,16.9000,true,1,170299
7290000288079,false,סנו - ז'אוול אקונומיקה לימון 2 ליטר,"סנו מפעלי ברונוס בע""",IL,"סנו ז""אוול לימון 2 ל",ליטרים,2.00,ליטר,false,1,10.90,5.4500,true,1,171004
7290000288291,false,סנומט דוחה חרקים 30 טבליות,טרופיקל דגיל תעשיות,IT,סנומט - 30 טבליות,Unknown,0.00,Unknown,false,1,12.90,0.0000,true,1,171765
7290000288307,false,סנו - מט מכשיר דוחה יתושים + טבליות,קריות זול,IT,סנומט מכשיר + 30 טבל,Unknown,0.00,Unknown,false,1,26.90,0.0000,true,1,170317
7290000288413,false,"סנו - די רולאון דוחה יתושים 50 מ""ל",גוד פוד פרודקטס S.p,IL,סנו די דוחה יתושים,מיליליטרים,50.00,"100 מ""ל",false,1,19.90,39.8000,true,1,170662
7290000288642,false,סנו - מקסימה מרכך כביסה סנסטיב ורוד 4 ליטר,"סנו מפעלי ברונוס בע""",IL,מרכך כביסה סנו מקסימ,ליטרים,4.00,ליטר,false,1,21.90,5.4750,true,1,170663
7290000288727,false,"אבקת כביסה מקסימה מאסק 1.25 ק""ג סנו",קריות זול,IL,אבקת כביסה סנו מקסימ,גרמים,1250.00,100 גרם,false,1,14.90,1.1920,true,1,170318
7290000289069,false,סנו - ז'אוול מרסס קצף ניקוי בתוספת אקונומיקה בריח לימון 1 ליטר,"סנו מפעלי ברונוס בע""",IL,"סנו ז""אוול מרסס לימו",ליטרים,1.00,ליטר,false,1,16.90,16.9000,true,1,170319
7290000289236,false,K3 נמלים פיתיון ג'ל - קוטל נמלים בבית ובחצר,"סנו מפעלי ברונוס בע""",IL,גל קוטל נמלים סנו K3,Unknown,0.00,Unknown,false,12,49.90,0.0000,true,1,191445
7290000289380,false,"סנו - ז'אוול לניקוי אסלות לימון 750 מ""ל",סנו,IL,"סנו ז""אוול מונטבלאן",מיליליטרים,750.00,"100 מ""ל",false,1,11.90,1.5867,true,1,171005
7290000289472,false,סנו סושי שקיות 76*90 50 יח' XXL,מיוצר עי קונדיטוריית,IL,סנו סושי שקיות 90*76,Unknown,0.00,Unknown,false,1,18.90,0.0000,true,1,170380
7290000289496,false,"סנו - ז'אוול ג'ל קרם לניקוי כללי לימון 750 מ""ל",הורביץ סחר,IL,"סנו ז""אוול ג""ל קרם ל",מיליליטרים,750.00,"100 מ""ל",false,1,11.90,1.5867,true,1,170300
7290000289595,false,"אורביטול משחת שיניים לילדים בטעם תות שדה 145 מ""ל",טרופיקל דגיל תעשיות,IL,משחת שיניים אורביטול,גרמים,145.00,100 גרם,false,1,8.90,6.1379,true,1,170664
7290000289748,false,"סנו פורטה פלוס מסיר שומנים לתנור 750מ""ל","סנו מפעלי ברונוס בע""",IL,מסיר שומנים סנו פורט,מיליליטרים,750.00,"100 מ""ל",false,1,14.90,1.9867,true,1,170368
7290000289885,false,"סנו פרש ענק אושן כחול 375 מ""ל",קריות זול,IL,סנופרש יבש אושן,מיליליטרים,375.00,"100 מ""ל",false,1,10.90,2.9067,true,1,170369
7290000289915,false,"סנו פרש ענק קוקו וניל צהוב 375 מ""ל",סנו,IL,סנופרש יבש סאן סט,מיליליטרים,375.00,"100 מ""ל",false,1,10.90,2.9067,true,1,170370
7290000291956,false,סנו ז'אוול בריח לבנדר 1 ל',,,"סנו ז""אוול מונבלאן 1",ליטרים,1.00,ליטר,false,1,8.90,8.9000,true,1,171007
7290000291963,false,סנו ז'אוול סמיכה לימון 1 ל',סנו,IL,"סנ ז""אוול סמיכה 1 לי",ליטרים,1.00,ליטר,false,1,8.90,8.9000,true,1,171767
7290000292533,false,ג'ל סנו כחול לניקוי כללי 1 ליטר,קריות זול,,גל לניקוי כללי סנו 1 ל,ליטרים,1.00,ליטר,false,1,16.90,16.9000,true,1,170321
7290000292564,false,"סנו 2000-K דוחה חרקים ללא ריח 750 מ""ל",מיוצר עי קונדיטוריית,IL,K-2000 ללא ריח,מיליליטרים,750.00,"100 מ""ל",false,1,29.90,3.9867,true,1,170301
7290000292687,false,סנובון לאסלה כחול אפרסק נתלה 55X3ג',מיוצר עי קונדיטוריית,IL,סנובון כחול שלישייה,גרמים,165.00,100 גרם,false,1,14.90,9.0303,true,1,171008
7290000292915,false,"סנו רסס ונגב אקדח 750מ""ל","סנו מפעלי ברונוס בע""",IL,סנו רסס ונגב 750 מל,מיליליטרים,750.00,"100 מ""ל",false,1,11.90,1.5867,true,1,171009
7290000293073,false,מרכך כביסה מקסימה ביו לבן 4 ל' סנו,"סנו מפעלי ברונוס בע""",IL,מרכך כביסה סנו מקסימ,ליטרים,4.00,ליטר,false,1,21.90,5.4750,true,1,170381
7290000293530,false,סופג לחות שקית מילוי,קריות זול,IL,סנו סופג לחות - מילו,גרמים,340.00,100 גרם,false,1,11.90,3.5000,true,1,170304
7290000293820,false,"קרמה מן שמפו וג'ל גל רחצה אקטיב בלוק 700מ""ל",קוסמופארם בעמ,IL,"ג""ל רחצה קרמה מן אקטיב בלוק 700 מל",מיליליטרים,700.00,"100 מ""ל",false,1,18.90,2.7000,true,1,185012
7290000293943,false,סנו אנטי קאלק מסיר אבנית וחלודה 1ל',מיוצר עי קונדיטוריית,IL,סנו אנטי קאלק מרסס 1,ליטרים,1.00,ליטר,false,1,16.90,16.9000,true,1,171768
7290000294575,false,סנו סושי רב מגבת 63 דפים בגליל,סנו,IL,סנו רב מגבת,Unknown,0.00,Unknown,false,1,12.90,0.0000,true,1,170382
7290000294773,false,סנו ז'אוול 4ליטר מונטבלאן קול,"סנו מפעלי ברונוס בע""",IL,"סנו ז""אוול מונבלאן 4",ליטרים,4.00,ליטר,false,1,16.90,4.2250,true,1,170324
7290000294780,false,סנו - ז'אוול אקונומיקה סמיכה מבושמת 4 ליטר,"סנו מפעלי ברונוס בע""",IL,"סנו ז""אוול סמיכה 4 ל",ליטרים,4.00,ליטר,false,1,16.90,4.2250,true,1,170306
7290000295121,false,מטליות זיגזג סנו סושי לניקוי רצפות 3יח',קריות זול,IL,מטלית זיגזג שלישייה,Unknown,0.00,Unknown,false,1,11.90,0.0000,true,1,170680
7290000295299,false,כרית קרצוף יפניות סנו סושי 4 יח',סנו מפעלי ברונו בעמ,IL,סנו סושי כריות יפניו,Unknown,0.00,Unknown,false,1,11.90,0.0000,true,1,171769
7290000295336,false,"סנו - מקסימה אבקת כביסה סנסטיב 1.25 ק""ג",סנו מפעלי ברונוס בעמ,IL,אבקת כביסה סנו מקסימ,גרמים,1250.00,100 גרם,false,1,14.90,1.1920,true,1,170325
7290000295367,false,"מקסימה ז'אוול 2.5ק""ג אבקת כביסה מרכז",הורביץ סחר,IL,אבקת כביסה סנו מקסימ,קילוגרמים,2.50,"ק""ג",false,1,24.90,9.9600,true,1,171010
7290000295404,false,סנו סושי שקית אשפה חזקות 70*50 60 יח',מיוצר עי קונדיטוריית,IL,סנו סושי 60 שקיות אש,Unknown,0.00,Unknown,false,1,21.90,0.0000,true,1,171011
7290000295541,false,סנו רב מגבת גמבו 75 דפים בגליל,מיוצר עי קונדיטוריית,IL,"סנו רב מגבת ג""מבו",גרמים,390.00,100 גרם,false,1,16.90,4.3333,true,1,171770
7290000295565,false,רדיד אלומיניום סנו סושי זוגי 45X7.5מ',בורסה פזרי,IL,רדיד אלומיניום סנו ס,Unknown,0.00,Unknown,false,1,16.90,0.0000,true,1,170308
7290000295572,false,"סנו מנקה אסלות 00 זוג * 750 מ""ל",מיוצר עי קונדיטוריית,IL,"צמד ""00"" סנו מנקה אס",ליטרים,1.50,ליטר,false,1,16.90,11.2667,true,1,170327
7290000295749,false,ספוג כייף סאקי מסאז 1יח',גוד פוד פרודקטס S.p,IL,"סנו ספוג סאקי מסאז""",Unknown,0.00,Unknown,false,1,11.90,0.0000,true,1,170310
7290000295794,false,כרית מתכת סנו סושי אל חלד 3יח',,,סנו סושי ספוגית אל ח,Unknown,0.00,Unknown,false,1,11.90,0.0000,true,1,170384
7290000300900,false,טבעול שניצל תירס 8*750גרם רכיבים טבעיים,עיצובים 2020 (4.8),IL,טבעול שניצל תירס 750,גרמים,750.00,100 גרם,false,1,24.90,3.3200,true,1,171771
7290000303581,false,פול מצרי A-2 פרי הגליל 560ג',"פרי הגליל בע""""מ",IL,פול מצרי,גרמים,560.00,100 גרם,false,1,6.90,1.2321,true,1,170385
7290000303598,false,שעועית אפוייה A2 פרי גליל 570 ג',"פרי הגליל בע""""מ",IL,שעועית לבנה,גרמים,570.00,100 גרם,false,1,6.90,1.2105,true,1,170394
7290000307015,false,אפונת גינה גדול A2 פרי גליל 550ג',"פרי הגליל בע""""מ",IL,אפונה גינה גדולה 550גר,גרמים,550.00,100 גרם,false,1,6.90,1.2545,true,1,170386
7290000307046,false,אפונה גינה וגזר 550 ג' פרי הגליל,"פרי הגליל בע""""מ",IL,אפונה וגזר גינה550גר,גרמים,550.00,100 גרם,false,1,6.90,1.2545,true,1,171544
7290000307220,false,גרעיני תירס מתוק בוואקום פרי גליל 340ג',"פרי הגליל בע""""מ",IL,תירס מתוק בואקוס,גרמים,340.00,100 גרם,false,1,5.90,1.7353,true,1,171772
7290000307237,false,גרעיני תירס מתוק 550 ג' פרי הגליל,"פרי הגליל בע""""מ",IL,"תירס מתוק 550 גר""",גרמים,550.00,100 גרם,false,1,6.90,1.2545,true,1,171016
7290000307985,false,גרעיני תירס מתוק 340 ג' פרי הגליל,"פרי הגליל בע""""מ",IL,גרעיני תירס ללא תוספת סוכר ומלח,גרמים,410.00,100 גרם,false,1,5.50,1.3415,true,1,171017
7290000311203,false,וופלים מן שוקולד 200 גר,תות ממתקי איכות,IL,וופל בטעם שוקולד 200 גר,גרמים,200.00,100 גרם,false,1,5.90,2.9500,true,1,204022
7290000311210,false,וופלים מאן לימון 200 גר,רוקחמן,IL,וופל בטעם לימון 200 גר,גרמים,200.00,100 גרם,false,1,5.90,2.9500,true,1,204023
7290000311272,false,מן-וופלים במילוי חלווה 180 ג,רוקחמן,IL,וופל בטעם חלבה 180 גר,גרמים,180.00,100 גרם,false,1,5.90,3.2778,true,1,204025
7290000311432,false,עוגיות גרנולה קינמון ללא תוספת סוכר 200ג,רוקחמן,IL,עוגיות גרנולה קינמון ללא סוכר 200 גר,גרמים,200.00,100 גרם,false,1,10.90,5.4500,true,1,204036
7290000311463,false,"עוגיות חיטה מלאה בטעם חמאה 200 גר' לל""ס",רוקחמן,IL,עוגיות חיטה מלאה חמאה ללא סוכר 200 גר,גרמים,200.00,100 גרם,false,1,10.90,5.4500,true,1,204037
7290000311708,false,עוגיות מן חיטה מלאה 300 גרם,תות ממתקי איכות,IL,עוגיות מחיטה מלאה 300 גר,גרמים,300.00,100 גרם,false,1,7.90,2.6333,true,1,204027
7290000311869,false,מן-וופלים בטעם שוק ללא תוספת סוכר 180ג,תות ממתקי איכות,IL,וופל בטעם שוקולד ללא סוכר 180 גר,גרמים,180.00,100 גרם,false,1,8.90,4.9444,true,1,204032
7290000311876,false,מן-וופלים בטעם וניל ללא תוספת סוכר 180ג,רוקחמן,IL,וופל בטעם וניל ללא סוכר 180 גר,גרמים,180.00,100 גרם,false,1,8.90,4.9444,true,1,204033
7290000311883,false,"עוגיות גרנולה לל""ס גרנולה 200 גרם",רוקחמן,IL,עוגיות גרנולה ללא סוכר 200 גר,גרמים,200.00,100 גרם,false,1,10.90,5.4500,true,1,204035
7290000311890,false,ופל בטעם לימון ללא סוכר 180 גר',"רוקחמן בע""מ",IL,וופל בטעם לימון ללא סוכר 180 גר,גרמים,180.00,100 גרם,false,1,8.90,4.9444,true,1,204034
7290000313160,false,עוגיות חברים זהבה ו-3 הדובים שוקו' אסם 250 גר',היינץ צפון אמריקה מק,IL,עוגיות זהבה ושלושת ה,גרמים,250.00,100 גרם,false,1,7.90,3.1600,true,1,171018
7290000313184,false,עוגיות חברים גן חיות וניל אסם 250 גר',הגביע מוצרי וופלים ב,IL,עוגיות גן חיות טעם ו,גרמים,250.00,100 גרם,false,1,7.90,3.1600,true,1,170396
7290000313290,false,אסם נודלס נודלס אטריות מסולסלות 200גר,תאי פרזידנט פוד בנגק,TH,נודלס איטריות מסולסל,גרמים,200.00,100 גרם,false,1,9.90,4.9500,true,1,171019
7290000315126,false,קנור ציר עוף משפחתי,יוניליוור ישראל מזון,IL,קנור ציר עוף משפחתי,גרמים,300.00,100 גרם,false,1,21.90,7.3000,true,1,171020
7290000315133,false,קנור ציר בקר משפחתי,יוניליוור ישראל מזון,IL,קנור ציר בקר משפחתי,גרמים,300.00,100 גרם,false,1,21.90,7.3000,true,1,171021
7290000318127,false,נקניקיות ביס 380 ג' יחיעם,מעדני יחיעם 1993,IL,נקנקיות ביס 380 גר,גרמים,380.00,100 גרם,false,1,10.90,2.8684,true,1,170651
7290000318677,false,סלמי סרוולט 150 ג' יחיעם,מעדני יחיעם 1993,IL,סרוולד 150 גרם,גרמים,150.00,100 גרם,false,1,24.90,16.6000,true,1,170407
7290000319520,false,סאלמי צרפתי יחיעם 10,מעדני יחיעם 1993,IL,צרפתי 100 גרם,גרמים,100.00,100 גרם,false,1,19.90,19.9000,true,1,170683
7290000319803,false,קבנוס קלאסי 125 ג' יחיעם,תאי פרזידנט פוד פאבל,IL,קבנוס יחיעם קלאסי 125 גר,גרמים,125.00,100 גרם,false,1,12.90,10.3200,true,1,179071
7290000334042,false,"צ'יפס טוגן תפוגן 2 ק""ג","תעשיות תפוגן בע""מ",IL,"תפוגן 2ק""ג",קילוגרמים,2.00,"ק""ג",false,1,24.90,12.4500,true,1,170390
7290000334325,false,ציפס למיקרו מארז שלישיה 125 ג' תפוגן,"תעשיות תפוגן בע""מ",IL,"תפוגן מארז שלישיה צ""",קילוגרמים,0.38,"ק""ג",false,1,13.90,36.5789,true,1,170397
7290000334684,false,טבעות בצל 700 ג' תפוגן,"תעשיות תפוגן בע""מ",IL,תפוגן טבעות בצל 700,גרמים,700.00,100 גרם,false,1,16.90,2.4143,true,1,171023
7290000339191,false,אבקת הלבנה רן ללא כל,קריות זול,IL,"""בדין"" רן הלבנה מיכל",גרמים,350.00,100 גרם,false,1,17.90,5.1143,true,1,170398
7290000339566,false,מרכך כביסה ורוד 4 ל' בדין,יוניליור ישראל טיפוח,IL,מרכך כביסה בדין ורוד,ליטרים,4.00,ליטר,false,1,19.90,4.9750,true,1,170684
7290000341071,false,בדין - מרכך כביסה בייבי לבן 2 ליטר,יוניליוור ישראל טיפו,IL,מרכך בדין בייבי חצי,ליטרים,2.00,ליטר,false,1,14.90,7.4500,true,1,171778
7290000342832,false,מרכך כביסה צהוב 4 ל' בדין,קריות זול,,מרכך כביסה בדין צהוב,ליטרים,4.00,ליטר,false,1,19.90,4.9750,true,1,171779
7290000342856,false,מרכך כביסה כחול 4 ל' בדין,יוניליור ישראל טיפוח,IL,מרכך כביסה בדין כחול,ליטרים,4.00,ליטר,false,1,19.90,4.9750,true,1,171550
7290000345055,false,תה ויסוצקי ארל גריי 100 ג',מולינו ניקולי s.p.a,IL,"תה ""ארל גריי"" בתפזור",גרמים,100.00,100 גרם,false,1,13.90,13.9000,true,1,171780
7290000345147,false,תה ארל גרי בתפזורת 2,מולינו ניקולי s.p.a,IL,תה ארל גרי בתפזורת ק,גרמים,200.00,100 גרם,false,1,31.90,15.9500,true,1,170655
7290000345215,false,תה ויסוצקי קלאסיק 100/1 כחול מעודן,מולינו ניקולי s.p.a,IL,תה ויסוצקי קלאסיק 10,גרמים,100.00,100 גרם,false,1,15.90,15.9000,true,1,171024
7290000345260,false,תה ויסוצקי קלאסיק 25X1.50יח',מולינו ניקולי s.p.a,IL,תה ויסוצקי קלאסיק 25,גרמים,38.00,100 גרם,false,1,6.90,18.1579,true,1,170316
7290000345277,false,תה ויסוצקי קלאסיק 50,מולינו ניקולי s.p.a,IL,תה ויסוצקי קלאסיק 50,גרמים,75.00,100 גרם,false,1,12.90,17.2000,true,1,170330
7290000345282,false,נתחי פילה סלומון נור,,,נתחי פילה סלומון נורבגי,קילוגרמים,1.00,"ק""ג",true,,99.90,99.9000,true,1,184410
7290000345284,false,תה ויסוצקי קלאסיק טעם עשיר 100/1.5יח',מולינו ניקולי s.p.a,IL,תה ויסוצקי קלאסיק 10,גרמים,150.00,100 גרם,false,1,16.90,11.2667,true,1,170410
7290000345291,false,תה ארל גריי 25 שקיקים ויסוצקי,קריות זול,IL,תה ויסוצקי בלק לייבל 25שקיות,גרמים,38.00,100 גרם,false,1,15.90,41.8421,true,1,170685
7290000345307,false,תה ארל גריי 50 שקיקים ויסוצקי,מולינו ניקולי s.p.a,IL,ויסוצקי ארל גריי 50 שק,גרמים,75.00,100 גרם,false,1,27.90,37.2000,true,1,170400
7290000345435,false,פילה מרלוזה,,,פילה מרלוזה,קילוגרמים,1.00,"ק""ג",true,,35.90,35.9000,true,1,207569
7290000346120,false,תה ויסוצקי חליטת קסם הקינמון 25יח',קריות זול,IL,"""הגן הקסום"" קסם הקינ",גרמים,63.00,100 גרם,false,1,17.90,28.4127,true,1,171782
7290000346137,false,תה הגן הקסום הילולי פירות 25 שקיקים,קריות זול,IL,"""הגן הקסום"" הילולי פ",גרמים,63.00,100 גרם,false,1,17.90,28.4127,true,1,171025
7290000346144,false,תה הגן הקסום תה עינוגי תפוח 25 יח',HIQ FOOD PRODUCTS,IL,"""הגן הקסום"" עינוגי ה",גרמים,68.00,100 גרם,false,1,17.90,26.3235,true,1,170331
7290000346168,false,תה ויסוצקי חליטת שומר הגן הקסום 25יח',קריות זול,IL,"""הגן הקסום"" שומר 25",גרמים,38.00,100 גרם,false,1,17.90,47.1053,true,1,170411
7290000346199,false,תה הגן הקסום תה פירות יער 25 יח',קריות זול,IL,"""הגן הקסום"" פירות יע",גרמים,68.00,100 גרם,false,1,17.90,26.3235,true,1,170657
7290000346205,false,תה הגן הקסום תה קמומיל 25 יח',קריות זול,IL,חליטת הגן הקסום קמומיל 25 שק,גרמים,38.00,100 גרם,false,1,17.90,47.1053,true,1,171552
7290000346229,false,תה הגן הקסום ורד הבר והיביסקוס 25יח',ויסוצקי,IL,"""הגן הקסום"" ורד הבר",גרמים,75.00,100 גרם,false,1,17.90,23.8667,true,1,171026
7290000346960,false,תה ויסוצקי נענע 1.7 גרם 50יח',בית ויסוצקי,IL,תה ויסוצקי פירות נענ,גרמים,85.00,100 גרם,false,1,29.90,35.1765,true,1,170332
7290000347738,false,תה ירוק נענע 25 שקיקים 1.5 גרם,קריות זול,IL,"תה ירוק נענע 25 שק""",גרמים,38.00,100 גרם,false,1,24.90,65.5263,true,1,171553
7290000347752,false,תה ירוק לימונית ולואיזה 25 שקיקים *1.5 ג'' ויסוצקי,קריות זול,IL,תה ירוק לימונית/לואי 25 שקיות,גרמים,38.00,100 גרם,false,1,24.90,65.5263,true,1,170412
7290000355405,false,עגבניות מרוסקות עם בצל 800ג',"מילוז(1989)בע""""מ",IL,עגבניות מרוסקות בטעם,גרמים,800.00,100 גרם,false,1,7.90,0.9875,true,1,171034
7290000355412,false,עגבניות מרוסקות A2.5 ושום טל וטרי 800 גר',"מילוז(1989)בע""""מ",IL,עגבניות מרוסקות בטעם,גרמים,800.00,100 גרם,false,1,7.90,0.9875,true,1,170401
7290000355481,false,רסק עגבניות BX22 טומטו 600ג' A2,"מילוז(1989)בע""""מ",IL,רסק עגבניות טומטו 570 גר,גרמים,570.00,100 גרם,false,1,5.90,1.0351,true,1,170413
7290000355498,false,רוטב עגבניות A2 BX28 טומטו 580ג',"מילוז(1989)בע""""מ",IL,רסק עגבניות 28% 580 גר,גרמים,580.00,100 גרם,false,1,5.90,1.0172,true,1,170414
7290000355757,false,עגבניות מרוסקות A2.5 טל וטרי 800ג',"מילוז(1989)בע""""מ",IL,עגבניות מרוסקות טל 8,גרמים,800.00,100 גרם,false,1,7.90,0.9875,true,1,170658
7290000363899,false,נקניקיות פיקנטיות טירת צבי 400 גר',טירת- צבי,IL,נקניקיות פיקנטיות 400 גר,גרמים,400.00,100 גרם,false,1,12.90,3.2250,true,1,176423
7290000364278,false,דקניקים סילסולי סלמי איטלקי 120 ג' טירת צבי,הנסיך- מפעל לייצור ט,IL,סלסולי סלמי איטלקי משובח 120 גר,גרמים,120.00,100 גרם,false,1,12.90,10.7500,true,1,176404
7290000364285,false,דקניקים סלסולי פסטרמה הודו 120 ג' טירת צבי,הנסיך- מפעל לייצור ט,IL,סלסולי פסטרמה הודו 120 גר,גרמים,120.00,100 גרם,false,1,12.90,10.7500,true,1,176405
7290000364292,false,דקניקים סלסולי פסטרמה הודו על גחלים 120 ג' טירת צבי,הנסיך- מפעל לייצור ט,IL,סלסולי פסטרמה גחלים 120 גר,גרמים,120.00,100 גרם,false,1,12.90,10.7500,true,1,176406
7290000364872,false,נקניקיות עוף טירת צבי 400 ג',טיב טירת צבי 2000,IL,נקניקיות עוף 400 גר,גרמים,400.00,100 גרם,false,1,12.90,3.2250,true,1,176419
7290000364957,false,נקנקיות מיני - מיני עוף טירת צבי 700 ג',הנסיך- מפעל לייצור ט,IL,נקניקיות מיני-מיני עוף 700 גר,גרמים,700.00,100 גרם,false,1,26.90,3.8429,true,1,176421
7290000367590,false,צמד כפרי סלמי+פסטרמה 800 גרם טירת צבי,טיב טירת צבי 2000,IL,נקניק צמד כפרי 800 גר,גרמים,800.00,100 גרם,false,1,26.90,3.3625,true,1,176417
7290000400196,false,סטייק אנטריקוט מופשר,,,סטייק אנטריקוט מופשר ארוז,קילוגרמים,1.00,"ק""ג",true,,109.90,109.9000,true,1,205061
7290000400295,false,שפיץ צאך עגל,,,שפיץ צאך עגל,קילוגרמים,1.00,"ק""ג",true,,79.90,79.9000,true,1,205067
7290000400349,false,בשר אחורי עגל לבישול,,,בשר אחורי עגל לבישול טרי ארוז,קילוגרמים,1.00,"ק""ג",true,,74.90,74.9000,true,1,205066
7290000400394,false,בריסקט עגל חצוי,,,בריסקט עגל חצוי,קילוגרמים,1.00,"ק""ג",true,,69.90,69.9000,true,1,205065
7290000400448,false,צלי כתף טרי ארוז,,,צלי כתף טרי ארוז,קילוגרמים,1.00,"ק""ג",true,,99.90,99.9000,true,1,205064
7290000400455,false,פילה מדומה לצלי טרי,,,פילה מדומה לצלי טרי ארוז,קילוגרמים,1.00,"ק""ג",true,,74.90,74.9000,true,1,205078
7290000400493,false,ויסברטן עגל נקי חצוי,,,ויסברטן עגל נקי חצוי,קילוגרמים,1.00,"ק""ג",true,,67.90,67.9000,true,1,205063
7290000400547,false,כתף עגל לבישול,,,כתף עגל לבישול,קילוגרמים,1.00,"ק""ג",true,,67.90,67.9000,true,1,205062
7290000400981,false,פרוסות פיקניה טרי טר,,,פרוסות פיקניה טרי טרי ארוז,קילוגרמים,1.00,"ק""ג",true,,99.90,99.9000,true,1,205081
7290000403715,false,אווז שלם קפוא,,,אווז שלם קפוא,קילוגרמים,1.00,"ק""ג",true,,69.90,69.9000,true,1,200545
7290000408316,false,דנונה ביו יוגורט טבעי 3% 200 ג',מיוצר עי קונדיטוריית,IL,יוגורט דנונה ביו 3%,גרמים,200.00,100 גרם,false,1,3.60,1.8000,true,1,170334
7290000408354,false,יוגורט עם אורז מצופה שוקולד קקאו 175 ג' דנונה,"שטראוס בריאות בע""מ",IL,מעדן בר פיצפוצים 173 גר,גרמים,173.00,100 גרם,false,1,4.50,2.6012,true,1,170403
7290000412139,false,ריצפז 3ליטר-ירוק מרכז,סנו,IL,ריצפז אורן 3 ליטר,ליטרים,3.00,ליטר,false,1,14.90,4.9667,true,1,170666
7290000412481,false,סנו - מנקה אסלות 00 1 ליטר,מיוצר עי קונדיטוריית,IL,"""00"" מנקה אסלות 1 לי",ליטרים,1.00,ליטר,false,1,7.90,7.9000,true,1,170335
7290000416021,false,ממרח שוקולד השחר חלבי 500 גר',השחר העולה,IL,ממרח השחר 500,גרמים,500.00,100 גרם,false,1,11.90,2.3800,true,1,170336
7290000416045,false,ממרח שוקולד השחר דלי,השחר העולה,IL,"ממרח השחר 1ק""ג",קילוגרמים,1.00,"ק""ג",false,1,21.90,21.9000,true,1,170667
7290000419220,false,לנדוור כחול המקורי קפה טחון טורקי 3*100 גרם 16 יח',קפה לנדוור,IL,לנדוור כחול מארז קפה,גרמים,300.00,100 גרם,false,1,19.90,6.6333,true,1,170404
7290000419374,false,לנדוור לבוקר קפה טחון טורקי 3*100 גרם 16 יח',קפה לנדוור,IL,קפה לנדוור טחון טורק,גרמים,300.00,100 גרם,false,1,19.90,6.6333,true,1,170701
7290000419893,false,לנדוור חזק - קפה טחון טורקי 100 גרם,מולינו ניקולי s.p.a,IL,קפה לנדוור טורקי לבו,גרמים,100.00,100 גרם,false,24,7.90,7.9000,true,1,171037
7290000419923,false,קפה לנדוור אספרסו טח,קפה לנדוור,IL,"קפה ""לנדוור"" אספרסו",גרמים,200.00,100 גרם,false,1,19.90,9.9500,true,1,170669
7290000420325,false,פופ קורן טבעי למיקרוגל 5 יח',קריות זול,US,"פופקורן ""פופסטאר"" טב",גרמים,500.00,100 גרם,false,1,12.90,2.5800,true,1,170670
7290000420332,false,פופ קורן חמאה למיקרוגל 5יח',קריות זול,US,"פופקורן פופסטאר בטעם חמאה 500 גר""",גרמים,500.00,100 גרם,false,1,12.90,2.5800,true,1,170338
7290000420417,false,גלילונית שקיות אשפה 50*70 - 60 יח',"איטיליאן פוד, אס.פי.",TH,גלילונית לפח מטבח 60,Unknown,0.00,Unknown,false,1,17.90,0.0000,true,1,171787
7290000436356,false,סטייק סלמון פרימיום,,,סטייק סלמון פרימיום בוואקום,קילוגרמים,1.00,"ק""ג",true,,69.90,69.9000,true,1,183203
7290000437127,false,רגל עגל חלב פרוס במג,,,רגל עגל חלב פרוס במגש,קילוגרמים,1.00,"ק""ג",true,,31.90,31.9000,true,1,172555
7290000442044,false,"פמינה שטיפה אינטימית חמוציות 220 מ""ל",כצט,IL,תחליב רחצה אינטימית פמינה חמוציות 220 מל,מיליליטרים,220.00,"100 מ""ל",false,1,22.90,10.4091,true,1,202494
7290000449128,false,סיף פנטסטיק לימון ניקוי רב תכליתי 4ל',יוניליוור ישראל טיפו,IL,"""סיף פנטסטיק"" לניקוי",ליטרים,4.00,ליטר,false,1,19.90,4.9750,true,1,170671
7290000453019,false,שמרים טריים לאפייה שקית שמרית 50 ג',"פאקא תעשיות בע""מ",IL,שמרית,גרמים,50.00,100 גרם,false,1,4.90,9.8000,true,1,170713
7290000453125,false,שמרית שמרים טריים לאפייה +משפר אפייה 100ג,"פאקא תעשיות בע""מ",IL,שמרית משפר לאפיה בית,גרמים,100.00,100 גרם,false,1,7.90,7.9000,true,1,171788
7290000453422,true,בצק פילו מצונן ומוכן,גבינות משק יעקבס,,בצק פילו מצונן ומוכן לאפייה שמרית 300 גר,גרמים,300.00,100 גרם,false,,15.90,5.3000,true,1,198777
7290000453781,false,שמרים יבשים שמרית 125 ג',STRAUSS-ISRAEL,,שמרים יבשים 125 גר,גרמים,125.00,100 גרם,false,12,5.90,4.7200,true,1,186554
7290000461625,false,בייגלה שמיניות מלח בייגל בייגל 400 ג',בייגל את בייגל מזון,IL,"שמונה שמונה 400 ג""ר",גרמים,400.00,100 גרם,false,1,9.90,2.4750,true,1,170417
7290000461656,false,בייגלה אחד אחד 400 ג' מקלות,בייגל את בייגל מזון,IL,"אחד אחד 400 ג""ר",גרמים,400.00,100 גרם,false,1,9.90,2.4750,true,1,171561
7290000461793,false,בייגלה ארוך ארוך סידרה ירוקה 200גר,בייגל את בייגל מזון,IL,"""בייגל - בייגל"" ארוך",גרמים,150.00,100 גרם,false,1,5.90,3.9333,true,1,171789
7290000462103,false,סחוג אדום חריף עדין (מכסה לבן) 150 גרם,קריניסה ויטמין אס אי,IL,סחוג זהבי אדום 150 ג,גרמים,150.00,100 גרם,false,1,8.50,5.6667,true,1,171562
7290000467511,false,ביסלי חטיף ברביקיו אסם 55 ג',"אסם השקעות בע""מ",IL,ביסלי אסם בטעם ברביקיו 55גר,גרמים,55.00,100 גרם,false,1,3.90,7.0909,true,1,177808
7290000467887,false,ביסלי חטיף פיצה אסם 55 ג',"אסם השקעות בע""מ",IL,ביסלי אסם בטעם פיצה 55גר,גרמים,55.00,100 גרם,false,1,3.90,7.0909,true,1,177810
7290000468747,false,ביסלי חטיף גריל אסם 55 ג',"אסם השקעות בע""מ",IL,ביסלי אסם בטעם גריל 55גר,גרמים,55.00,100 גרם,false,1,3.90,7.0909,true,1,177807
7290000468877,false,ביסלי בטעם בצל 55 ג' אסם,"אסם השקעות בע""מ",IL,ביסלי אסם בטעם בצל 55גר,גרמים,55.00,100 גרם,false,1,3.90,7.0909,true,1,177809
7290000474090,false,חלב הומוגני 1% קרטון טרה 1ל',מילקו תעשיות בעמ,IL,חלב בקרטון 1% 1 ליטר,ליטרים,1.00,ליטר,false,1,5.86,5.8600,true,1,170419
7290000474502,false,גבינה לבנה 5% 250ג' טרה מהדרין,קריות זול,IL,"גבינה לבנה 5% 250 ג""",גרמים,250.00,100 גרם,false,1,4.90,1.9600,true,1,170420
7290000474540,false,גבינה טוב טעם 3% טרה 250ג' מהדרין,קריות זול,IL,גבינה טוב טעם 3% 250 גר,גרמים,250.00,100 גרם,false,1,11.90,4.7600,true,1,171050
7290000480107,false,קוואקר שיבולת שועל פחית 500 גר',וולקרס סנקס לימיטד,GB,"קוואקר שיבולת שועל פחית 500 ג""ר",גרמים,500.00,100 גרם,false,1,11.90,2.3800,true,1,171795
7290000493176,false,אבקת רוטב צלי לבשר 22ג' אסם,"אסם השקעות בע""מ",IL,"רוטב צלי באבקה 22 ג""",גרמים,22.00,100 גרם,false,1,3.90,17.7273,true,1,171797
7290000493183,false,אבקת רוטב פיטריות 30 ג' אסם,"אסם השקעות בע""מ",IL,רוטב פטריות באבקה 30,גרמים,30.00,100 גרם,false,1,3.90,13.0000,true,1,170688
7290000497044,false,ברמן אקטיב לחם ארוז,מאפית י את א ברמן בע,IL,לחם ברמן אקטיב 750גר,גרמים,750.00,100 גרם,false,1,16.90,2.2533,true,1,177991
7290000497112,false,לחם ברמן אחיד פרוס 750ג',מאפית י את א ברמן בע,IL,לחם אחיד פרוס 750 גר,גרמים,750.00,100 גרם,false,1,6.70,0.8933,true,1,171052
7290000497198,false,מארז פיתות עשירייה אסלי,מאפית י את א ברמן בע,IL,"פיתות ""ברמן אסלי"" 10",Unknown,0.00,Unknown,false,1,12.90,0.0000,true,1,170443
7290000497204,false,פיתה אסלי ברמן חמישי,מאפית י את א ברמן בע,IL,"פיתות ""ברמן אסלי "" 5",גרמים,500.00,100 גרם,false,1,9.90,1.9800,true,1,170444
7290000497228,false,לחמניה רגילה בשקית ברמן 6יח',מאפית י את א ברמן בע,IL,6 לחמניות בשקית 450,גרמים,450.00,100 גרם,false,1,10.90,2.4222,true,1,170689
7290000497273,false,לחמניות אקטיב מארז 6 יח',מאפית י את א ברמן בע,IL,לחמניות ברמן אקטיב 450 גר 6 יח,גרמים,450.00,100 גרם,false,1,14.90,3.3111,true,1,180748
7290000497303,false,לחמניה מקמח מלא 6יח' ברמן 450ג',מאפית י את א ברמן בע,IL,6 לחמניות מקמח מלא 4,גרמים,450.00,100 גרם,false,1,11.90,2.6444,true,1,170726
7290000497426,false,לחם לעניין פלוס 500 גר',מאפית י את א ברמן בע,IL,לחם קל לעניין ברמן 500 גר,גרמים,500.00,100 גרם,false,1,16.90,3.3800,true,1,171566
7290000497488,false,חלה קלה ברמן 500 גרם,מאפית י את א ברמן בע,IL,"חלה קלה 500 גר""",גרמים,500.00,100 גרם,false,1,16.90,3.3800,true,1,170601
7290000497532,false,"לחם מקמח מלא""לעניין"" 750 גר'",מאפית י את א ברמן בע,IL,לחם ברמן לעניין 750,גרמים,750.00,100 גרם,false,1,14.90,1.9867,true,1,171800
7290000497570,false,לחם דגנים פלוס 500 גר',מאפית י את א ברמן בע,IL,ברמן דגני דגני קלות 500 גר,גרמים,500.00,100 גרם,false,1,14.90,2.9800,true,1,171801
7290000498003,false,לחם מקמח מלא ברמן 75,מאפית י את א ברמן בע,IL,לחם ברמן מקמח מלא 750 גר,גרמים,750.00,100 גרם,false,1,16.90,2.2533,true,1,184785
7290000498034,false,לחם אי פרי קמח כוסמין מלא 750 גר',מאפית י את א ברמן בע,IL,לחם מקמח כוסמין מלא ברמן 750 גר,גרמים,750.00,100 גרם,false,1,16.90,2.2533,true,1,189646
7290000504049,false,סוכרזית קנקן 1200 טבליות,אף.סי תבליני בגליל ב,IL,סוכרזית קנקן 1200,גרמים,98.00,100 גרם,false,1,19.90,20.3061,true,1,171802
7290000504278,false,סוכרזית - קלאסי פטנט 700 טבליות,אף.סי תבליני בגליל ב,IL,סוכרזית פטנט 700,גרמים,57.00,100 גרם,false,1,15.90,27.8947,true,1,170727
7290000521008,false,"יין אדום יבש סגל 750 מ""ל",כרמי צבי - אחים סגל,IL,"יין ""סגל"" אדום יבש 0",מיליליטרים,750.00,"100 מ""ל",false,1,22.90,3.0533,true,1,170692
7290000521015,false,"יין סגל לבן יבש 750מ""ל","מיוצר ע""י כרמי צבי-",IL,"יין ""סגל"" לבן יבש 0.",מיליליטרים,750.00,"100 מ""ל",false,1,22.90,3.0533,true,1,170729
7290000521022,false,יין של סגל לבן חצי י,"מיוצר ע""י כרמי צבי-",IL,"יין ""סגל"" לבן חצי יב",מיליליטרים,750.00,"100 מ""ל",false,1,22.90,3.0533,true,1,171804
7290000522272,false,חלב הרים שמנת לקפה 1,"מחלבות רמה""ג",IL,"שמנת לקפה 10% 500 מ""ל",מיליליטרים,500.00,"100 מ""ל",false,1,9.90,1.9800,true,1,178408
7290000523125,false,מלח הארץ הים האדום 250 ג' עדין,חברת מלח הארץ אילת ב,IL,"מלח ים יבש 250 ג""ר",גרמים,250.00,100 גרם,false,1,5.90,2.3600,true,1,171806
7290000523224,false,מלח הארץ הים האדום 500 ג' עדין,חברת מלח הארץ אילת ב,IL,מלח הארץ ים יבש 500,גרמים,500.00,100 גרם,false,1,7.90,1.5800,true,1,170606
7290000523514,false,מלח הארץ 50% מכמות הנתרן 250 גרם,חברת מלח הארץ אילת ב,IL,מלח הארץ מופחת נתרן,גרמים,250.00,100 גרם,false,1,9.90,3.9600,true,1,170429
7290000523521,false,מלח ים מועשר ביוד 250 ג' מלח הארץ,חברת מלח הארץ אילת ב,IL,מלח הארץ מועשר ביוד,גרמים,250.00,100 גרם,false,1,5.90,2.3600,true,1,170445
7290000523804,false,"מלח עדין צנצנת 1 ק""ג מלח הארץ",חברת מלח הארץ אילת ב,IL,"צנצנת מלח עדין 1 ק""ג",קילוגרמים,1.00,"ק""ג",false,1,6.90,6.9000,true,1,171807
7290000523811,false,"צנצנת מלח גס 1 ק""ג מלח הארץ",חברת מלח הארץ אילת ב,IL,"צנצנת מלח גס 1 ק""ג",קילוגרמים,1.00,"ק""ג",false,1,6.90,6.9000,true,1,170607
7290000525969,false,פרימור סחוט תפוזים טבעי 1ל',"גניר (1992) בע""מ",IL,"מיץ ""פרימור"" תפוזים",מיליליטרים,1000.00,"100 מ""ל",false,1,16.90,1.6900,true,1,171067
7290000530109,false,קבנוס זוגי בואקום זוגלובק 180ג',נקניק נהריה כשר זוגל,IL,קבנוס מארז זוג,גרמים,360.00,100 גרם,false,1,29.90,8.3056,true,1,171069
7290000530598,false,נקניקיות וינר 500 ג' טרי זוגלובק,נקניק נהריה כשר זוגל,IL,נקניקיות וינר גוליבר,גרמים,500.00,100 גרם,false,1,14.90,2.9800,true,1,170706
7290000530604,false,נקניקיות וינר חריפות גוליבר 500ג זוגלובק,נקניק נהריה כשר זוגל,,נקניקיות חריפות,גרמים,400.00,100 גרם,false,1,13.90,3.4750,true,1,170431
7290000531601,false,סטייק בורגר זהב זוגלובק 400ג',נקניק נהריה כשר זוגל,IL,סטייק בורגר 400 גר,גרמים,400.00,100 גרם,false,1,19.90,4.9750,true,1,171808
7290000532065,false,דג טונה בעישון חם בו,,,דג טונה בעישון חם בוואקום,קילוגרמים,1.00,"ק""ג",true,,119.00,119.0000,true,1,184509
7290000533353,false,"בצק עלים צרפתי 1 ק""ג זוגלובק",מאפיית אריאל וגידרון,IL,בצק עלים צרפתי,קילוגרמים,1.00,"ק""ג",false,1,17.90,17.9000,true,1,171070
7290000536316,false,"שניצל מן הצומח זוגלובק 1 ק""ג",נקניק נהריה כשר זוגל,IL,"שניצל מן הצומח 1 ק""ג",גרמים,1000.00,100 גרם,false,1,31.90,3.1900,true,1,170449
7290000536743,false,קריספי סטיקס תירס 500 ג' זוגלובק,נקניק נהריה כשר זוגל,IL,קריספי סטיקס תירס 500גר,גרמים,500.00,100 גרם,false,1,16.90,3.3800,true,1,178654
7290000537566,false,נקניקיות עוף טרי 400 ג' זוגלובק,נקניק נהריה כשר זוגל,IL,"נקניקיות עוף 400 גר""",גרמים,400.00,100 גרם,false,1,13.90,3.4750,true,1,171569
7290000540283,false,מברשת ניקוי למנגל,,,מברשת ניקוי למנגל,Unknown,0.00,Unknown,false,1,16.90,0.0000,true,1,196050
7290000540344,false,סט כלים פרמיום למנגל,,,סט כלים פרמיום למנגל,Unknown,0.00,Unknown,false,1,49.90,0.0000,true,1,196051
7290000552194,false,קישקע קפוא 500 גרם,טיבון ויל אחזקות בעמ,IL,קישקע 500 גרם,גרמים,500.00,100 גרם,false,1,12.90,2.5800,true,1,170743
7290000552569,false,סטייק בורגר נטו 400 גרם,"טיבון ויל אחזקות בע""",IL,סטייק בורגר 400 גרם,גרמים,400.00,100 גרם,false,1,18.90,4.7250,true,1,171570
7290000554402,false,מלבי 160גר מחלבות גד,"מיוצר ע""י קוד יצרן E",IL,מלבי 5% 160 גרם,גרמים,160.00,100 גרם,false,1,5.90,3.6875,true,1,170433
7290000554471,false,גבינת מוצרלה 22% נקניק 180ג' גד,"מחלבות גד בע""מ",IL,גבינה מוצרלה 22% 180 ג,גרמים,180.00,100 גרם,false,1,17.90,9.9444,true,1,170707
7290000554532,false,גבינה צפתית מעודנת במלח ים 5% 200 ג' גד,הנסיך- מפעל לייצור ט,IL,צפתית מעודנת מלח ים 200גר,גרמים,200.00,100 גרם,false,1,14.90,7.4500,true,1,171075
7290000554600,false,מוצרלה מגורדת 18% 300 גרם - רובין,מחלבות גד בעמ,IL,מוצרלה מגורדת 22% 300גר,גרמים,300.00,100 גרם,false,1,26.90,8.9667,true,1,171572
7290000554822,false,גבינת ריקוטה טבעי 5% שומן 250 ג' גד,מחלבות גד בעמ,IL,ריקוטה 5% 250 גרם,גרמים,250.00,100 גרם,false,1,13.90,5.5600,true,1,170709
7290000554839,false,שמנת מתוקה קשה בסגנון איטלקי 40% שומן 250 ג' גד,מחלבות גד בעמ,IL,גבינה מסקרפונה 40% 250 גרם,גרמים,250.00,100 גרם,false,1,21.90,8.7600,true,1,171810
7290000555502,false,בקבוק 1.20 ₪,,,בקבוק 1.20 ₪,Unknown,0.00,Unknown,false,1,1.20,0.0000,true,1,170951
7290000555503,false,פיקדון בירה קוזל,,,פיקדון בירה קוזל,Unknown,0.00,Unknown,false,1,1.20,0.0000,true,1,170627
7290000560021,false,אדג' ג'ל ורוד נגד חתכים 198ג',המאפיה של הרמן,US,אדג גל לגילוח נגד חתכים 200 גרם,גרמים,200.00,100 גרם,false,1,16.90,8.4500,true,1,171573
7290000560540,false,אדג' ג'ל כתום לעור רגיש 198גרם,המאפיה של הרמן,US,אדג גל לגילוח לעור רגיש 200 גרם,גרמים,200.00,100 גרם,false,1,16.90,8.4500,true,1,171811
7290000560557,false,אדג ג'ל תכלת לרכוך העור 198 ג',אס.סי ג'ונסון ובניו,US,אדג גל לגילוח סגול לעור לריכוך 200 גרם,גרמים,200.00,100 גרם,false,1,16.90,8.4500,true,1,170744
7290000571386,false,יוגורט כבשים 850 ג' יוגורמה,גבינות משק אחים מאיר,IL,יוגורמה יוגורט כבשים בדלי 850 גר,גרמים,850.00,100 גרם,false,1,26.90,3.1647,true,1,171812
7290000572618,false,מכסה הצלע מס 77 מוכש,,,מכסה הצלע מס 77 מוכשר ארגנטינה,קילוגרמים,1.00,"ק""ג",true,,34.90,34.9000,true,1,206987
7290000581938,false,סטייק עין ורד הצלע פ,,,סטייק עין ורד הצלע פרגוואי קפוא,קילוגרמים,1.00,"ק""ג",true,,69.90,69.9000,true,1,192055
7290000598472,false,סלמון מנות נורבגי בו,,,מנות פילה סלמון נורווגי פרוס,קילוגרמים,1.00,"ק""ג",true,,99.90,99.9000,true,1,183160
7290000604343,false,תמר דקל נור 400 גר,פרי וירק טמרה ושותפי,,תמר דקל נור 400 גרם,גרמים,400.00,100 גרם,false,1,9.90,2.4750,true,1,171577
7290000632220,false,שריר הזרוע מס 8 מוכש,,,שריר הזרוע מס 8 מוכשר ברזיל,קילוגרמים,1.00,"ק""ג",true,,35.90,35.9000,true,1,195293
7290000644783,false,נתחי פילה סלמון בואק,X MAK,DK,מנות סלמון ממותג,קילוגרמים,1.00,"ק""ג",true,,99.90,99.9000,true,1,178624
7290000646299,false,פילה נסיכת הנילוס קפ,דגי תנובה,ZA,פילה נסיכת הנילוס,קילוגרמים,1.00,"ק""ג",true,,49.90,49.9000,true,1,191836
7290000652177,false,נתחי פילה נסיכת הנילוס 100%,,,נתחי פילה נסיכת הנילוס,קילוגרמים,1.00,"ק""ג",true,,59.90,59.9000,true,1,191837
7290000652542,false,פילה אמנון 5-7 100% דג,,CN,פילה אמנון 5-7,קילוגרמים,1.00,"ק""ג",true,,29.90,29.9000,true,1,191832
7290000654546,false,פילה אמנון 7-9 100% דג,תנובה,IL,פילה אמנון 7-9,קילוגרמים,1.00,"ק""ג",true,,29.90,29.9000,true,1,191833
7290000655376,false,פילה דניס קפוא 100%,,TR,פילה דניס קפוא,קילוגרמים,1.00,"ק""ג",true,,89.90,89.9000,true,1,185572
7290000657866,false,פילה אמנון 5-7,דלידג,,פילה אמנון 5-7,קילוגרמים,1.00,"ק""ג",true,,29.90,29.9000,true,1,177176
7290000659312,false,דגי תנובה פילה סלומון קפוא בוואקום,PEQUERA DEL,,פילה דג סלמון פרימיום,קילוגרמים,1.00,"ק""ג",true,,89.90,89.9000,true,1,176305
7290000662817,false,סלמון מעושן 100 גרם נורבגי,,צ'ילה (TDE),סלמון מעושן נורווגי 100 גר,גרמים,100.00,100 גרם,false,1,17.90,17.9000,true,1,198409
7290000663036,false,פילה אמנון ללא עור 100% דג,תנובה,IL,פילה אמנון ללא עור,קילוגרמים,1.00,"ק""ג",true,,31.90,31.9000,true,1,206070
7290000679188,false,דג קט פיש,,,דג קט פיש,קילוגרמים,1.00,"ק""ג",true,,34.90,34.9000,true,1,184659
7290000688381,false,מי עדן פקק ספורט 6*500 מל.,"מי עדן בע""מ",IL,שישיית סנופי 0.5 ליט,ליטרים,3.00,ליטר,false,1,13.90,4.6333,true,1,171082
7290000688503,false,מים מינרליים מי עדן,"מי עדן בע""מ",IL,מי עדן ספורט 0.75 לי,ליטרים,4.50,ליטר,false,1,16.90,3.7556,true,1,171083
7290000692210,false,אג'קס ניקוי כללי לוונדר 2ל',הנסיך- מפעל לייצור ט,GR,"נוזל לניקוי כללי ""אג",ליטרים,2.00,ליטר,false,1,21.90,10.9500,true,1,171579
7290000692227,false,נוזל כלים פלמוליב צילינדר קלאסי 1 ליטר,יבואן ומשווק: ש. שסט,GR,"נוזל כלים ""פלמוליב""",ליטרים,1.00,ליטר,false,1,13.90,13.9000,true,1,171580
7290000692456,false,אג'קס חלונות זוג 750*2 מל ספריי ורפיל,הנסיך- מפעל לייצור ט,GR,זוג נוזל לניקוי חלונ,מיליליטרים,1500.00,"100 מ""ל",false,1,24.90,1.6600,true,1,170457
7290000692937,false,"קולגייט משחת שיניים אדומה, זוג* 100 מ""ל",קולגייט פלמוליב,PL,זוג משחת שיניים קולגייט משפחתית 100מל,מיליליטרים,200.00,"100 מ""ל",false,1,19.90,9.9500,true,1,170755
7290000706731,false,רצועות פילה נסיכת הנ,,,רצועות פילה נסיכת הנילוס /לא מעובד,קילוגרמים,1.00,"ק""ג",true,,59.90,59.9000,true,1,177065
7290000768294,false,פילה אמנון 5-7 ללא ע,,,פילה אמנון 5-7 ללא עור בוואקום,קילוגרמים,1.00,"ק""ג",true,,29.90,29.9000,true,1,189391
7290000775317,false,פילה זהבנון 1 קג,דלידג,,"פילה זהבנון 1 ק""""ג",קילוגרמים,1.00,"ק""ג",false,1,24.90,24.9000,true,1,169150
7290000776066,false,סטייק סינטה עגל טרי,,,סטייק סינטה עגל טרי ארוז,קילוגרמים,1.00,"ק""ג",true,,119.90,119.9000,true,1,205074
7290000776097,false,פרוסות עגל לצלי טרי,,,פרוסות עגל לצלי טרי ארוז,קילוגרמים,1.00,"ק""ג",true,,74.90,74.9000,true,1,205072
7290000776103,false,גולש עגל טרי ארוז,,,גולש עגל טרי ארוז,קילוגרמים,1.00,"ק""ג",true,,74.90,74.9000,true,1,205068
7290000776127,false,אוסובוקו עגל טרי ארו,,,אוסובוקו עגל טרי ארוז,קילוגרמים,1.00,"ק""ג",true,,49.90,49.9000,true,1,205073
7290000776141,false,שיפודי פרגית,,,שיפודי פרגית,קילוגרמים,1.00,"ק""ג",true,,59.90,59.9000,true,1,196542
7290000776769,false,פרוסות כבד עגל קפוא,,,פרוסות כבד עגל קפוא,קילוגרמים,1.00,"ק""ג",true,,29.90,29.9000,true,1,199659
7290000776820,false,קוביות שריר לקדרה טר,,,קוביות שריר לקדרה טרי ארוז,קילוגרמים,1.00,"ק""ג",true,,59.90,59.9000,true,1,205069
7290000776837,false,שייטל לרוסטביף טרי א,,,שייטל לרוסטביף טרי ארוז,קילוגרמים,1.00,"ק""ג",true,,99.90,99.9000,true,1,205070
7290000776844,false,קוביות שייטל לשיפודי,,,קוביות שייטל לשיפודים טרי ארוז,קילוגרמים,1.00,"ק""ג",true,,99.90,99.9000,true,1,205071
7290000776875,false,סטייק ניו יורק טרי א,,,סטייק ניו יורק טרי ארוז,קילוגרמים,1.00,"ק""ג",true,,109.90,109.9000,true,1,205076
7290000803180,false,מרידול מי פהשטיפה דנטלית 400 מל,קולגייט פלמוליב,CH,שטיפה דנטאלית מרידול 400 מייל,מיליליטרים,400.00,"100 מ""ל",false,1,27.90,6.9750,true,1,171822
7290000805795,false,חול לחתולים יורו קיט,דולפין ספא,IL,"חול לחתולים 10 ק""ג",קילוגרמים,10.00,"ק""ג",false,1,34.90,3.4900,true,1,170637
7290000805900,false,"לה קט עוף 2.85 ק""ג",קריות זול,FR,"לה קט עוף 2.85 ק""ג",קילוגרמים,2.85,"ק""ג",false,1,57.90,20.3158,true,1,170459
7290000805917,false,"לה קט כבד 2.85 ק""ג",קריות זול,FR,"לה קט כבד 2.85 ק""ג",קילוגרמים,2.85,"ק""ג",false,1,57.90,20.3158,true,1,170756
7290000825235,false,תפוא קטנטנים לאפייה,,,תפוא קטנטנים לאפייה לבנים,קילוגרמים,1.00,"ק""ג",true,,6.90,6.9000,true,1,207393
7290000835954,false,פילה אמנון 5-7 בוואק,,,פילה אמנון 5-7 בוואקום,קילוגרמים,1.00,"ק""ג",true,,29.90,29.9000,true,1,192528
7290000835961,false,פילה אמנון 7-9 בוואק,,,פילה אמנון 7-9 בוואקום,קילוגרמים,1.00,"ק""ג",true,,29.90,29.9000,true,1,192529
7290000873519,false,פילה פורל קפוא,,,פילה פורל קפוא,קילוגרמים,1.00,"ק""ג",true,,79.90,79.9000,true,1,208072
7290000909387,false,ניוקי אבאל תפוא 1 קג,Ciemme Alimentari SR,IT,"ניוקי אבאל תפו""א 1 ק""ג",גרמים,1000.00,100 גרם,false,1,9.90,0.9900,true,1,184227
7290000909804,false,פילה מרלוזה ללא עור,,,פילה מרלוזה ללא עור ארוז,קילוגרמים,1.00,"ק""ג",true,,36.90,36.9000,true,1,180797
7290000927044,false,בשר מס 5 צלי כתף,,,"בשר מס"" 5 צלי כתף",קילוגרמים,1.00,"ק""ג",true,,36.90,36.9000,true,1,168615
7290000927051,false,בשר מס 6 פילה מדומה,,,"בשר מס"" 6 פילה מדומה",קילוגרמים,1.00,"ק""ג",true,,36.90,36.9000,true,1,169863
7290000927105,false,צלי ברשת,,,צלי ברשת,קילוגרמים,1.00,"ק""ג",true,,39.90,39.9000,true,1,169864
7290000927464,false,גולש עגל,,,גולש עגל במגשים,קילוגרמים,1.00,"ק""ג",true,,34.90,34.9000,true,1,168840
7290000927471,false,צלי עגל,,,צלי עגל,קילוגרמים,1.00,"ק""ג",true,,41.90,41.9000,true,1,169865
7290000927518,false,טבעות עגל,,,טבעות עגל,קילוגרמים,1.00,"ק""ג",true,,41.90,41.9000,true,1,169173
7290000927655,false,שניצל עגל,,,שניצל עגל,קילוגרמים,1.00,"ק""ג",true,,39.90,39.9000,true,1,169513
7290000961613,false,חסה צבעונית ארוזה,מרינה פטריות הגליל,IL,חסה זוגות,Unknown,0.00,Unknown,false,1,6.90,0.0000,true,1,171825
7290001045169,false,פרימור סחוט תפוחי עץ צלול 1 ל',"גניר (1992) בע""מ",IL,"מיץ ""פרימור"" תפוחים",ליטרים,1.00,ליטר,false,1,16.90,16.9000,true,1,171088
7290001050064,false,"אבקת סוכר 1 ק""ג",ר.ס.,,"אבקת סוכר 1 ק""ג",קילוגרמים,1.00,"ק""ג",false,1,12.90,12.9000,true,1,170894
7290001072899,false,נובו מרכך לסירוק קל,סאסאטק,IL,מרכך לסירוק קל נובו 700 מל,מיליליטרים,700.00,"100 מ""ל",false,12,12.90,1.8429,true,1,193565
7290001121054,false,צמד חמד יחיעם 700 גר,תאי פרזידנט פוד פאבל,IL,צמד חמד 700 גרם,גרמים,700.00,100 גרם,false,1,25.90,3.7000,true,1,170895
7290001123775,false,שווארמה פרגיות 500 ג',"טיבול ויל אחזקות בע""",IL,שווארמה פרגיות 500 ג,גרמים,500.00,100 גרם,false,1,25.90,5.1800,true,1,171587
7290001123782,false,שווארמה הודו 500 גרם,טיבון ויל,IL,שווארמה הודו 500 גרם,גרמים,500.00,100 גרם,false,1,25.90,5.1800,true,1,170767
7290001136287,false,"נקה 7 - שמפו רגיל ירוק 750 מ""ל","קוסמופארם בעמ, ח.פ 5",IL,נקה 7 שמפו רגיל ירוק,מיליליטרים,750.00,"100 מ""ל",false,1,11.90,1.5867,true,1,170897
7290001136294,false,"שמפו נקה 7 לשיער יבש אדום 750מ""ל",גוד פוד פרודקטס S.p,IL,שמפו נקה 7 לשיער צבו,מיליליטרים,750.00,"100 מ""ל",false,1,11.90,1.5867,true,1,170898
7290001136362,false,נקה 7 תחליב רחצה אלוורה ארומה ירוק 1 ל',מיוצר בסין.יבוא ושיו,IL,נקה תחליב רחצה ירוק אלוורה 1 ל,ליטרים,1.00,ליטר,false,1,13.90,13.9000,true,1,170470
7290001136683,false,"מרכך לשיער רגיל ירוק 750 מ""ל נקה 7",אמיליה קוסמטיקס בעמ,IL,נקה 7 מרכך חדש רגיל,מיליליטרים,750.00,"100 מ""ל",false,1,11.90,1.5867,true,1,170769
7290001136973,false,נקה 7 תחליב רחצה ארומה קמומיל לבן 1 ל',טרופיקל דגיל תעשיות,IL,נקה תחליב רחצה לבן קמומיל 1 ל,ליטרים,1.00,ליטר,false,1,13.90,13.9000,true,1,170454
7290001199084,false,גזר בסיגנון קוריאני,סלטי עמים ברדה,,גזר בסיגנון קוריאני,גרמים,450.00,100 גרם,false,1,15.90,3.5333,true,1,170472
7290001199107,false,סוטא אוקראיני 450 גר,סלטי עמים ברדה,,סוטא אוקראיני,גרמים,450.00,100 גרם,false,1,13.90,3.0889,true,1,171826
7290001199244,false,כרוב במלח 1 קג,סלטי עמים ברדה,,"כרוב במלח 1 ק""ג",קילוגרמים,1.00,"ק""ג",false,1,18.90,18.9000,true,1,170772
7290001199350,false,חרדל 180 גר,סלטי עמים ברדה,,"חרדל 180 ג""ר",גרמים,180.00,100 גרם,false,1,10.90,6.0556,true,1,171827
7290001199404,false,כרוב במלח עם חמוציות,סלטי עמים ברדה,,כרוב במלח עם חמוציות,קילוגרמים,1.00,"ק""ג",false,1,18.90,18.9000,true,1,171095
7290001199459,false,כרוב במלח עם תפוחי ע,סלטי עמים ברדה,,כרוב במלח עם תפוחי ע,קילוגרמים,1.00,"ק""ג",false,1,18.90,18.9000,true,1,171096
7290001199510,false,חמוצים בטעם ביתי 1 ק,סלטי עמים ברדה,,"חמוצים בטעם ביתי 1 ק""ג",קילוגרמים,1.00,"ק""ג",false,1,18.90,18.9000,true,1,171591
7290001216040,false,טחינת אל ארז 500 גרם,דולפין ספא,IL,טחינה אל ארז 500 גר,גרמים,500.00,100 גרם,false,24,15.90,3.1800,true,1,176183
7290001216057,false,"טחינה גולמית אל ארז 1 ק""ג",טחינה אל ארז,IL,טחינה אל ארז 1 קג,קילוגרמים,1.00,"ק""ג",false,12,29.90,29.9000,true,1,191649
7290001216231,false,טחינה גולמית שומשום מלא אל ארז 500ג',דולפין ספא,IL,טחינה מלאה אל ארז 500 גר,גרמים,500.00,100 גרם,false,24,15.90,3.1800,true,1,191650
7290001230331,false,סיגריות כאמל בוקס חפ,Unknown,,כאמל בוקס פילטר,Unknown,0.00,Unknown,false,1,31.00,0.0000,false,1,170228
7290001230739,false,כאמל קופסא בודדת כחו,Unknown,,כאמל כחול,Unknown,0.00,Unknown,false,1,31.00,0.0000,false,1,170238
7290001231932,false,סיגריות וינסטון כחול,Unknown,,וינסטון כחול בוקס,Unknown,0.00,Unknown,false,1,33.00,0.0000,false,1,170246
7290001245699,false,אקונומיקה סמיכה בניחוח לימון 4 ל' טאצ',,,גל אקונומיקה סמיכה לימון 4 ל טאצ עם פקק,ליטרים,4.00,ליטר,false,6,11.90,2.9750,true,1,193559
7290001245798,false,נוזל כלים לימון טאצ' 18% 1.6 ליטר,,,נוזל כלים לימון 18% 1.6 ל טאצ,ליטרים,1.60,ליטר,false,12,11.90,7.4375,true,1,193548
7290001245828,false,נוזל כלים קלאסי טאצ' 18% 1.6 ליטר,,,נוזל כלים קלאסי 18% 1.6 ל טאצ,ליטרים,1.60,ליטר,false,12,11.90,7.4375,true,1,193549
7290001245835,false,נוזל רצפות אורנים 4 ל' טאצ,,,נוזל רצפות אורנים 4 ל טאצ,ליטרים,4.00,ליטר,false,4,12.90,3.2250,true,1,193555
7290001245842,false,נוזל רצפות מאסק 4 ל' טאצ,,,נוזל רצפות מאסק 4 ל טאצ,ליטרים,4.00,ליטר,false,4,12.90,3.2250,true,1,193556
7290001245897,false,נוזל רצפות יסמין 4 ל' טאצ,,,נוזל רצפות יסמין 4 ל טאצ,ליטרים,4.00,ליטר,false,4,12.90,3.2250,true,1,193557
7290001245958,false,מרכך כביסה ורוד טאצ' 4 ליטר,,,מרכך כביסה ורוד 4 ל טאצ,ליטרים,4.00,ליטר,false,4,16.90,4.2250,true,1,193540
7290001245965,false,מרכך כביסה כחול טאצ' 4 ליטר,,,מרכך כביסה כחול 4 ל טאצ,ליטרים,4.00,ליטר,false,4,16.90,4.2250,true,1,193538
7290001245989,false,מרכך כביסה סגול טאצ' 4 ליטר,,,מרכך כביסה סגול 4 ל טאצ,ליטרים,4.00,ליטר,false,4,16.90,4.2250,true,1,193541
7290001245996,false,מרכך כביסה צהוב 4 ליטר טאצ',,,מרכך כביסה צהוב 4 ל טאצ,ליטרים,4.00,ליטר,false,4,16.90,4.2250,true,1,193542
7290001246061,false,מרכך מרוכז פרפיום פנטזי טאצ 1ל',סאסאטק,IL,מרכך פרמיום פנטזי 1 ל טאצ,ליטרים,1.00,ליטר,false,12,12.90,12.9000,true,1,193543
7290001246078,false,מרכך מרוכז פרפיום סנשואל טאצ' 1 ל',סאסאטק,IL,מרכך פרמיום סנשואל 1 ל טאצ,ליטרים,1.00,ליטר,false,12,12.90,12.9000,true,1,193544
7290001246085,false,ניקוי חלונות טאצ' 1 ל',,,ניקוי חלונות טאץ 1 ל,ליטרים,1.00,ליטר,false,1,7.90,7.9000,true,1,191581
7290001246092,false,"תרסיס מסיר שומנים 750 מ""ל טאצ.",סאסאטק,IL,תרסיס מסיר שומנים 750 מל טאצ,מיליליטרים,750.00,"100 מ""ל",false,12,11.90,1.5867,true,1,193553
7290001246108,false,"טאצ' תרסיס מסיר אבנית 750 מ""ל",,,תרסיס מסיר אבנית 750 מל טאצ,מיליליטרים,750.00,"100 מ""ל",false,12,11.90,1.5867,true,1,193551
7290001246115,false,"טאצ' תרסיס מסיר עובש 750 מ""ל",,,תרסיס מסיר עובש 750 מל טאצ,מיליליטרים,750.00,"100 מ""ל",false,12,11.90,1.5867,true,1,193552
7290001246122,false,"תרסיס ניקוי כללי+ אקונומיקה 750 מ""ל טאצ",סאסאטק,IL,תרסיס ניקוי כללי 750 מל טאצ+אקונומיקה,מיליליטרים,750.00,"100 מ""ל",false,12,11.90,1.5867,true,1,193550
7290001246153,false,"טאצ' מבשם נטול גז לבנדר 350 מ""ל",,,מבשם נטול גז לבנדר 350 מל טאצ,מיליליטרים,350.00,"100 מ""ל",false,1,9.90,2.8286,true,1,194907
7290001246221,false,"טאצ' תרסיס מטהר אוויר לימון 300 מ""ל",,,תרסיס מטהר אוויר 300 מל לימון טאצ,מיליליטרים,300.00,"100 מ""ל",false,1,4.90,1.6333,true,1,194904
7290001246238,false,"טאצ' תרסיס מטהר אוויר פריחה 300 מ""ל",,,מדליק פחם נוזלי,מיליליטרים,300.00,"100 מ""ל",false,1,4.90,1.6333,true,1,171592
7290001246269,false,"טאצ' תרסיס מטהר אוויר לבנדר 300 מ""ל",,,מים מזוקקים 3ל,מיליליטרים,300.00,"100 מ""ל",false,1,4.90,1.6333,true,1,178526
7290001246276,false,"טאצ' תרסיס מטהר אוויר אורנים 300 מ""ל",,,תרסיס מטהר אוויר 300 מל אורנים טאצ,מיליליטרים,300.00,"100 מ""ל",false,1,4.90,1.6333,true,1,194905
7290001246290,false,"תרסיס רסס נגב טאצ 750 מ""ל",סאסאטק,IL,"תרסיס רסס נגב 750 סמ""ק טאצ",מיליליטרים,750.00,"100 מ""ל",false,12,11.90,1.5867,true,1,193554
7290001246535,false,טאצ תרסיס לניקוי נירוסטה 400 מל,,,תרסיס נירוסטה 400 מל טאצ,מיליליטרים,400.00,"100 מ""ל",false,1,18.90,4.7250,true,1,194902
7290001246542,false,ת.מבריק רהיטים 400 מל טאצ,,,תרסיס מבריק רהיטים 400 מל טאצ,מיליליטרים,400.00,"100 מ""ל",false,1,14.90,3.7250,true,1,194903
7290001246634,false,"נוזל אסלות ע""ב חומצה 1 ליטר טאצ",,,נוזל אסלות על בסיס חומצה 1 ל,ליטרים,1.00,ליטר,false,1,6.90,6.9000,true,1,191577
7290001246757,false,נוזל רצפות מלון בוטיק טאצ' 2 ליטר,סאסאטק,IL,נוזל רצפות טאץ מלון בוטיק 2 ל,ליטרים,2.00,ליטר,false,1,18.90,9.4500,true,1,191582
7290001247068,false,נקטר ספרינג תות בננה קרטונית 1 ל',"יפאורה תבורי בע""מ",IL,ספרינג תות 1 ליטר,ליטרים,1.00,ליטר,false,1,6.90,6.9000,true,1,171593
7290001247082,false,נקטר ספרינג עגבניות קרטונית 1 ל',"יפאורה תבורי בע""מ",IL,ספרינג עגבניות 1 ליט,מיליליטרים,1000.00,"100 מ""ל",false,1,6.90,0.6900,true,1,170781
7290001247099,false,נקטר ספרינג מנגו קרטונית 1 ל',"יפאורה תבורי בע""מ",IL,ספרינג מנגו 1 ליטר,ליטרים,1.00,ליטר,false,1,6.90,6.9000,true,1,171830
7290001247105,false,נקטר ספרינג אפרסק קרטונית 1 ל',"יפאורה תבורי בע""מ",IL,ספרינג אפרסק 1 ליטר,מיליליטרים,1000.00,"100 מ""ל",false,1,6.90,0.6900,true,1,170481
7290001247112,false,נקטר ספרינג לימונענע קרטונית 1 ל',"יפאורה תבורי בע""מ",IL,ספרינג לימון 1 ליטר,מיליליטרים,1000.00,"100 מ""ל",false,1,6.90,0.6900,true,1,171097
7290001247129,false,נקטר ספרינג תפוזים קרטונית 1 ל',"יפאורה תבורי בע""מ",IL,ספרינג תפוזים 1 ליטר,מיליליטרים,1000.00,"100 מ""ל",false,1,6.90,0.6900,true,1,170462
7290001247143,false,נקטר ספרינג תפוחים קרטונית 1 ל',"יפאורה תבורי בע""מ",IL,ספרינג תפוח 1 ליטר,מיליליטרים,1000.00,"100 מ""ל",false,1,6.90,0.6900,true,1,170482
7290001265642,false,"מעדני לה קט פטה, שלישיה 3 * 400 ג'",קריות זול,FR,מעדני לה קט פטה 3*40,גרמים,1200.00,100 גרם,false,1,23.90,1.9917,true,1,171831
7290001302279,false,אוסם - במבה קלאסי 60 גרם,מיוצר עי קונדיטוריית,IL,במבה אסם קלאסי 60גר,גרמים,60.00,100 גרם,false,1,3.90,6.5000,true,1,177812
7290001305188,false,פלמוליב כלים שקוף לימון 750 בקבוק חדש,יבואן ומשווק: ש. שסט,GR,"נוזל כלים ""פלמוליב""",מיליליטרים,750.00,"100 מ""ל",false,1,10.90,1.4533,true,1,171594
7290001361016,false,עוגת גינגי שכבות בצק,GS עבור נטו מלינדה ס,IL,עוגות גינגית פס 600 גר,גרמים,600.00,100 גרם,false,1,41.90,6.9833,true,1,170912
7290001361023,false,עוגת מולטית פס 600 ג,נטלי פלוס,,עוגת מולטית פס,גרמים,600.00,100 גרם,false,1,41.90,6.9833,true,1,171299
7290001361054,false,אקלרים פטיסייר (600 ג'),אף.סי תבליני בגליל ב,IL,אקלרים 600 גר,גרמים,600.00,100 גרם,false,1,42.90,7.1500,true,1,171837
7290001361078,false,עוגה לילות קייב 900,נטלי פלוס,,לילות קייב,גרמים,900.00,100 גרם,false,1,94.90,10.5444,true,1,171114
7290001361085,false,עוגת נפוליאון פס 600,אף.סי תבליני בגליל ב,IL,עוגת נפוליאון פס,גרמים,600.00,100 גרם,false,1,41.90,6.9833,true,1,171600
7290001361092,false,עוגת פיצוץ פס 400 גר,GS עבור נטו מלינדה ס,IL,עוגת פיצוץ פס,גרמים,400.00,100 גרם,false,1,41.90,10.4750,true,1,170465
7290001361207,false,עוגת פס אוכמניות 650,נטלי פלוס,,עוגת אוכמניות פס,גרמים,650.00,100 גרם,false,1,45.90,7.0615,true,1,171602
7290001361269,false,פס קייבסקי ללא קמח 3,נטלי פלוס בעמ,IL,טורט קייב,גרמים,350.00,100 גרם,false,1,41.90,11.9714,true,1,170218
7290001361450,false,עוגת מותק - ריבת חלב 650 ג',נטלי פלוס,,עוגת ריבת חלב מותק 650 גר,גרמים,650.00,100 גרם,false,1,69.90,10.7538,true,1,171115
7290001361580,false,פס היער השחור נטלי 550 ג',"נטלי פלוס בע""מ",IL,עוגת פס היער השחור נטלי 550 גר,גרמים,550.00,100 גרם,false,1,43.90,7.9818,true,1,170915
7290001361733,false,עוגת פס אלפחורס נטלי,נטלי פלוס בעמ,IL,עוגת פס אלפחורס נטלי 550 גר,גרמים,550.00,100 גרם,false,1,43.90,7.9818,true,1,195335
7290001361894,false,פס טראפלס שוקולד 450 ג',נטלי פלוס,,עוגת טרפלס שוקולד 450גר,גרמים,450.00,100 גרם,false,1,39.90,8.8667,true,1,177822
7290001361924,false,פס גבינה פירורים 450 ג',נטלי פלוס,,עוגת פס גבינה פירורים 450 גר,גרמים,450.00,100 גרם,false,1,39.90,8.8667,true,1,170916
7290001361931,false,פחזניות במילוי גבינה (350 ג'),האי נאם סי או אל.טי.,IL,פחזניות במילוי גבינה,גרמים,350.00,100 גרם,false,1,36.90,10.5429,true,1,170788
7290001361979,false,פס גבינה פירורים ללא סוכר 450 ג',נטלי פלוס,,עוגת פס גבינה ללא סוכר 450 גר,גרמים,500.00,100 גרם,false,1,39.90,7.9800,true,1,170789
7290001407127,false,בארכה פרוסות חלווה וניל 400גר,,,פרוסות חלבה קלאסית וניל 400 גר,גרמים,400.00,100 גרם,false,1,14.90,3.7250,true,1,176974
7290001407547,false,טחינה גולמית משומשום מלא פי 6 בארכה 500ג',רושדי תעשיות מזון בע,IL,טחינה בארכה שומשום מלא פי 6 סידן 500 גר,גרמים,500.00,100 גרם,false,1,14.90,2.9800,true,1,178667
7290001407769,false,טחינה גולמית שומשום מלא בארכה 500ג',רושדי תעשיות מזון בע,IL,טחינה בארכה עם שומשום 500 גר,גרמים,500.00,100 גרם,false,1,14.90,2.9800,true,1,170790
7290001407813,false,חלבה שאמית פיסטוק בקטנה בארכה 350ג',רושדי תעשיות מזון בע,IL,חלבה בארכה שאמית עם פיסטוק 350 גר,גרמים,350.00,100 גרם,false,1,15.90,4.5429,true,1,170791
7290001436790,false,נקנקיות מרגז מיני אקסטרה חריף ארוז בלדי 500 ג',יוליניבר,IL,מרגז מיני אקסטרה חריף 500 גר,גרמים,500.00,100 גרם,false,1,29.90,5.9800,true,1,181946
7290001468159,false,ריבת חלב טופ מותגים,מ.א.מ השלושה,,ריבת חלב 450 גר,גרמים,450.00,100 גרם,false,1,13.90,3.0889,true,1,170798
7290001468319,false,"מיץ לימון נאמן 200מ""ל",ITAL LEMON,,מיץ לימון טבעי 200 מל,מיליליטרים,200.00,"100 מ""ל",false,1,6.90,3.4500,true,1,170924
7290001468609,false,סוכר וניל 100 גר,ר.ס.,,סוכר וניל,גרמים,100.00,100 גרם,false,1,3.00,3.0000,true,1,171118
7290001468616,false,אבקת אפיה נאמן מארז 10X10 ג',ר.ס.,,אבקת אפיה,גרמים,100.00,100 גרם,false,1,2.90,2.9000,true,1,171119
7290001468623,false,נוזל כלים אלפא 1 ל,שיאון,,נוזל כלים אלפא 1 ליט,ליטרים,1.00,ליטר,false,1,8.90,8.9000,true,1,170925
7290001468715,false,אבקת סוכר 100 גר,ר.ס.,,10אבקת סוכר ג,גרמים,100.00,100 גרם,false,1,2.50,2.5000,true,1,171121
7290001482094,false,גבינה פרמז'נו משולשים ויליפוד 200ג',זנטי אס. אי לאלין,IT,גבינה פרמזנו משולשים,גרמים,200.00,100 גרם,false,1,24.90,12.4500,true,1,167761
7290001482186,false,לפתן אננס חתוך ויליפ,הנסיך- מפעל לייצור ט,TH,"אננס חתוך 600 גר""",גרמים,565.00,100 גרם,false,1,6.90,1.2212,true,1,170491
7290001482384,false,אננס חתוך ויליפוד 227 ג',טקרנג,TH,אננס חתוך 227 גרם,גרמים,227.00,100 גרם,false,1,3.90,1.7181,true,1,170803
7290001485019,false,גבינת שמנת 5% טעם טבעי 200 ג' טרה,קריות זול,IL,גבינת שמנת טבעי 5% 200 גר,גרמים,200.00,100 גרם,false,1,11.90,5.9500,true,1,170804
7290001491010,false,תה ירוק יסמין 25 שקיקים 1.5 גרם,קריות זול,IL,"תה ירוק יסמין 25 שק""",גרמים,38.00,100 גרם,false,1,24.90,65.5263,true,1,170493
7290001491096,false,תה ירוק בתוספת לימונית ולואיזה 50 שקיקים ויסוצקי,קריות זול,IL,תה ירוק לימונית/לואי,גרמים,75.00,100 גרם,false,1,39.90,53.2000,true,1,170494
7290001581612,false,מינוט סטייק 400 גר,,,מינוט סטייק 400 גר,גרמים,400.00,100 גרם,false,1,39.90,9.9750,true,1,196525
7290001581773,false,קבב בלקני עם פיסטוק,,,קבב בלקני עם פיסטוק 500 גר,גרמים,500.00,100 גרם,false,1,34.90,6.9800,true,1,196517
7290001581803,false,בשר עגל טחון לבולונז,,,בשר עגל טחון לבולונז 600 גר,גרמים,600.00,100 גרם,false,1,34.90,5.8167,true,1,196521
7290001581933,false,קבב טלה קווקזי 500 ג,,,קבב טלה קווקזי 500 גר,גרמים,500.00,100 גרם,false,1,34.90,6.9800,true,1,196518
7290001581940,false,המבורגר וואגיו מובחר,,,המבורגר וואגיו מובחר 300 גר,גרמים,300.00,100 גרם,false,1,29.90,9.9667,true,1,196519
7290001581957,false,שיפודי טלה 400 גר,,,שיפודי טלה 400 גר,גרמים,400.00,100 גרם,false,1,64.90,16.2250,true,1,196524
7290001581964,false,שיפודי כבד טלה 400 ג,,,שיפודי כבד טלה 400 גר,גרמים,400.00,100 גרם,false,1,19.90,4.9750,true,1,196523
7290001581971,false,שיפודי אנטריקוט עגל,,,שיפודי אנטריקוט עגל 400 גר,גרמים,400.00,100 גרם,false,1,64.90,16.2250,true,1,196522
7290001594568,false,"בירה קרלסברג פחית 500 מ""ל",מבשלות בירה בינלאומי,RO,"קרלסברג 500 מ""ל פחית",מיליליטרים,500.00,"100 מ""ל",false,1,9.90,1.9800,true,1,170935
7290001594575,false,"בירה טובורג פחית 500 מ""ל",מבשלות בירה בינלאומי,IL,"טובורג 500 מ""ל פחית",מיליליטרים,500.00,"100 מ""ל",false,1,8.90,1.7800,true,1,171609
7290001594803,false,"בירה טובורג גרין מארז 330X6מ""ל",קרלסברג ישראל,,שישיית טובורג גרין 3,ליטרים,1.98,ליטר,false,1,41.90,21.1616,true,1,171844
7290001594858,false,"בירה טובורג בקבוק 330X6מ""ל",קרלסברג ישראל,IL,"שישיית טובורג 330 מ""",ליטרים,1.98,ליטר,false,1,39.90,20.1515,true,1,170809
7290001594865,false,"קרלסברג בירה בקבוק 6* 330 מ""ל",קרלסברג ישראל,IL,בירה קרלסברג שישייה,ליטרים,1.98,ליטר,false,1,40.90,20.6566,true,1,171151
7290001651322,false,אוכמניות כחולות 250,,,אוכמניות כחולות 250 גר,גרמים,250.00,100 גרם,false,1,14.90,5.9600,true,1,202286
7290001670224,false,מלית פרג 400 גרם פוליבה,"פוליבה בע""מ",IL,"מלית פרג 400 ג""ר",גרמים,400.00,100 גרם,false,1,10.90,2.7250,true,1,170503
7290001670408,false,נרות חימום בשקית 50 יח`,לחמנו,CN,"נרות חימום 50 יח"" בש",Unknown,0.00,Unknown,false,1,9.90,0.0000,true,1,171610
7290001670507,false,מלית תמרים פוליבה 450 ג',"פוליבה בע""מ",IL,ממרח תמרים פוליבה 450 גר,גרמים,450.00,100 גרם,false,1,9.90,2.2000,true,1,171611
7290001670668,false,שקיות הקפאה לקרח הנמ,"איטיליאן פוד, אס.פי.",TR,"קרחונית 12 יח""",Unknown,0.00,Unknown,false,1,4.90,0.0000,true,1,171613
7290001670736,false,כפפות נילון שקוף 100 יחידות,יבוא ושיווק: הנמל אר,IL,כפפות שקוף,Unknown,0.00,Unknown,false,1,5.90,0.0000,true,1,170477
7290001670859,false,מלית דובדבנים פוליבה 400 ג',קריות זול,IL,"מלית דובדבנים 400 ג""",גרמים,400.00,100 גרם,false,1,10.90,2.7250,true,1,170478
7290001738771,false,טושיונקה בקר אדום 40,,,מעדן בקר ראש 400 גר,גרמים,400.00,100 גרם,false,1,19.90,4.9750,true,1,181861
7290001791349,false,אקונומיקה פסגה ריחנית 4ליטר,"סנו מפעלי ברונוס בע""",IL,סנו פיסגה אקונומיקה,ליטרים,4.00,ליטר,false,1,9.90,2.4750,true,1,170945
7290001791356,false,"סנו - פרש מילוי למטהר אוויר בלו אייר 250 מ""ל",קריות זול,IL,פרש אוטומטיק לבנדר,מיליליטרים,250.00,"100 מ""ל",false,1,14.90,5.9600,true,1,170226
7290001817377,false,צ'יטוס חטיף איקס עיגול פיצה 60 גרם,"שטראוס פריטו ליי בע""",IL,"צ""יטוס איקס עיגול 60",גרמים,60.00,100 גרם,false,1,3.40,5.6667,true,1,171615
7290001817728,false,צ'יטוס חטיף כאפה קטשופ 55 גרם,"שטראוס פריטו ליי בע""",IL,"צ""יטוס כאפה 55 גר""",גרמים,55.00,100 גרם,false,1,3.40,6.1818,true,1,170498
7290001835340,false,פרמיו לבבות 100 גר,,,פרמיו לבבות 100 גר,גרמים,100.00,100 גרם,false,1,14.90,14.9000,true,1,204875
7290001835364,false,פרמיו חטיפי ברווז 100ג',,,פרמיו חטיפי ברווז 100 גר,גרמים,100.00,100 גרם,false,1,14.90,14.9000,true,1,204876
7290001865439,false,פמלי לקשרי 1ליטר וניל טהור +משאבה,אף.סי תבליני בגליל ב,IL,"אל סבון ""פמילי"" עם מ",ליטרים,1.00,ליטר,false,1,11.90,11.9000,true,1,171847
7290001865453,false,פמלי לקשרי 1ליטר לבנדר ארומטי+משאבה,מיוצר עי קונדיטוריית,TR,"אל סבון ""פמילי"" עם מ",ליטרים,1.00,ליטר,false,1,11.90,11.9000,true,1,171308
7290001867655,false,תפוא לבן פרמיום לאפי,אראל תוצרת חקלאית בע,IL,תפוא לבן פרמיום לאפייה גלי משה,קילוגרמים,1.00,"ק""ג",true,,6.90,6.9000,true,1,202012
7290001873441,false,המבורגר בלאק אנגוס 3,טיבון ויל אחזקות בעמ,IL,המבורגר 320 גר בלאק אנגוס,גרמים,320.00,100 גרם,false,1,19.90,6.2187,true,1,192955
7290001873458,false,סטייק בורגר בלאק אנג,מולינו ניקולי s.p.a,IL,סטייקבורגר 320 גר בלאק אנגוס,גרמים,320.00,100 גרם,false,1,19.90,6.2187,true,1,192956
7290001873472,false,קבב 320 גר בלאק אנגו,טיבון ויל אחזקות בעמ,IL,קבב 320 גר בלאק אנגוס,גרמים,320.00,100 גרם,false,1,19.90,6.2187,true,1,192957
7290001873489,false,קרפצ'יו בלאק אנגוס 1,טיבון ויל אחזקות בעמ,IL,קרפציו 120 גר בלאק אנגוס,גרמים,120.00,100 גרם,false,1,15.90,13.2500,true,1,192958
7290001881040,false,מלפפון ביבי במלח 600,,,מלפפונון במלח 600 גר,קילוגרמים,1.00,"ק""ג",false,1,29.90,29.9000,true,1,170500
7290001881095,false,עגבניות שרי יחידה 60,,,עגבניות שרי 500 גר,גרמים,500.00,100 גרם,false,1,29.90,5.9800,true,1,170956
7290001881224,false,קוביות אננס מאמא מרי,מאמא מרי,IL,קוביות אננס מאמא מרי קפוא 300 גר,גרמים,300.00,100 גרם,false,1,15.90,5.3000,true,1,171155
7290001881231,false,מנגו מאמא מרי 300,מאמא מרי,IL,מנגו קפוא 300 גר,גרמים,300.00,100 גרם,false,1,15.90,5.3000,true,1,170516
7290001881293,false,תות שדה קפוא 300 גר,,,חמאת קוויאר שחור,גרמים,300.00,100 גרם,false,1,11.90,3.9667,true,1,170958
7290001881514,false,בצק עלים 1 קג,,,"בצק עלים 1 ק""ג",קילוגרמים,1.00,"ק""ג",false,1,22.90,22.9000,true,1,171156
7290001881873,false,"מאמא מרי כרוב עם חמוציות 1 ק""ג",,,כרוב כבוש עם חמוציות,קילוגרמים,1.00,"ק""ג",false,1,19.90,19.9000,true,1,170959
7290001881972,false,קיווי קפוא 300 גר,,,קיווי קפוא 300 גר,גרמים,300.00,100 גרם,false,1,15.90,5.3000,true,1,185637
7290001881989,false,פסיפלורה קפוא 300 גר,,,פסיפלורה קפוא 300 גר,גרמים,300.00,100 גרם,false,1,15.90,5.3000,true,1,185636
7290001901670,false,צנצנת גפילטע פיש 4 קציצות ללא סוכר,דג טעים בעמ,IL,גפילטע פיש גולד ללא סוכר 470 גר,גרמים,470.00,100 גרם,false,1,17.90,3.8085,true,1,191561
7290001975015,false,בירה טובורג גרין 500,קרלסברג ישראל,,בירה טובורג גרין 0.5,מיליליטרים,500.00,"100 מ""ל",false,1,8.90,1.7800,true,1,171157
7290001990117,false,שומשום סוגת 100 גרם,האי נאם סי או אל.טי.,IL,שומשום 100גר,גרמים,100.00,100 גרם,false,1,3.90,3.9000,true,1,170828
7290001990148,false,"סוכר גולדן קלאסי צנצנת 1ק""ג סוגת",האי נאם סי או אל.טי.,IL,סוכר גולדן קלסי,גרמים,1000.00,100 גרם,false,1,11.90,1.1900,true,1,171310
7290001990377,false,סוגת שעועית בובס 500 גר,קריות זול,,"שעועית בובס 500 ג""ר",גרמים,500.00,100 גרם,false,1,10.90,2.1800,true,1,171311
7290002000143,false,"חדש -פנג'ל ק.ידיים קלאסיק 80מ""ל",מיוצר עי קונדיטוריית,IL,"קרם ידיים ""פנג""ל"" קל",Unknown,0.00,Unknown,false,1,7.90,0.0000,true,1,170524
7290002003168,false,קרם ידיים מארז שלישיית פנג'ל 3X80-גרם,אינטרקוסמא 1985 במ,IL,"שלישיית פנג""ל קלאסיק",Unknown,0.00,Unknown,false,1,16.90,0.0000,true,1,171850
7290002007036,false,כוסמת 500 גר,,,"כוסמת 500 גר""",גרמים,500.00,100 גרם,false,1,7.90,1.5800,true,1,171617
7290002007234,false,אבקת סוכר 100 ג' הנמל,"מיוצר וארוז ע""י: ר.ס",IL,"אבקת סוכר 100 ג""ר",גרמים,100.00,100 גרם,false,1,2.50,2.5000,true,1,171618
7290002007357,false,שקיות צליה דליקטס מיקרוגל הנמל 10 יח',הנמל,IL,10 שקיות לצליה י,Unknown,0.00,Unknown,false,1,3.90,0.0000,true,1,171161
7290002007371,false,פירורי לחם הנמל 500 ג',הנמל אריזות ושיווק ב,IL,"פירורי לחם 500 ג""ר",גרמים,500.00,100 גרם,false,1,6.90,1.3800,true,1,170962
7290002007401,false,קליפות הדרים מסוכרות 100 ג' הנמל,,,"קליפות הדרים 100 גר""",גרמים,100.00,100 גרם,false,1,4.90,4.9000,true,1,171314
7290002007487,false,צמר פלדה הנמל 100 גר,"איטיליאן פוד, אס.פי.",IL,"צמר פלדה 100 גר""",גרמים,100.00,100 גרם,false,1,4.00,4.0000,true,1,171851
7290002007500,false,קיסמי שיניים במבוק בחבית 500 יח',הנמל אריזות ושיווק ב,IL,"קסמים חבית 500 יח""",Unknown,0.00,Unknown,false,1,4.90,0.0000,true,1,171315
7290002007746,false,"צבע מאכל כחול 55 מ""ל הנמל",הנמל אריזות ושיווק ב,IL,"צבע מאכל כחול 55 מ""ל",מיליליטרים,55.00,"100 מ""ל",false,1,4.00,7.2727,true,1,170839
7290002007821,false,"צבע מאכל אדום 55 מ""ל",ממתקי עלה ייצור שיוו,IL,צבע מאכל אדום,מיליליטרים,55.00,"100 מ""ל",false,1,4.00,7.2727,true,1,171852
7290002007852,false,"תמצית אפייה בטעמים שונים 55 מ""ל הנמל",ממתקי עלה יצור ושיוו,IL,תמצית וניל,מיליליטרים,55.00,"100 מ""ל",false,1,3.90,7.0909,true,1,170507
7290002008019,false,סוכריות לקישוט גמבו שוקו 200 ג' הנמל,ממתקי עלה יצור ושיוו,IL,גמבו שוקו,גרמים,200.00,100 גרם,false,1,7.90,3.9500,true,1,170527
7290002008057,false,"תמצית אפייה בטעם רום 55 מ""ל הנמל",ממתקי עלה יצור שיווק,IL,תמצית רום,מיליליטרים,55.00,"100 מ""ל",false,1,3.90,7.0909,true,1,170973
7290002008088,false,"צבע מאכל צהוב 55 מ""ל הנמל",הנמל אריזות ושיווק ב,IL,"צבע מאכל צהוב 55 מ""ל",מיליליטרים,55.00,"100 מ""ל",false,1,4.00,7.2727,true,1,170529
7290002008149,false,מדליק פחם מוצק הנמל אריזת 40יח',מ.א.יצור ויבוא מטליו,IL,מדליק פחם מוצק,Unknown,0.00,Unknown,false,1,6.90,0.0000,true,1,171162
7290002008187,false,קשים לשתיה מתקפלים 40 יח',"איטיליאן פוד, אס.פי.",CN,קשים מתקפלים,Unknown,0.00,Unknown,false,1,3.90,0.0000,true,1,170840
7290002008224,false,סוכריות לקישוט צבעונית הנמל 100 ג',ממתקי עלה בעמ,IL,מזרה עגול,גרמים,100.00,100 גרם,false,1,5.90,5.9000,true,1,170530
7290002008347,false,קורנפלור הנמל 500 גר,,,קורנפלור הנמל 500 גר,גרמים,500.00,100 גרם,false,1,5.90,1.1800,true,1,170531
7290002008354,false,מפת מגן נילון לשולחן,"איטיליאן פוד, אס.פי.",IL,מפת מגן הנמל,גרמים,400.00,100 גרם,false,1,10.90,2.7250,true,1,170509
7290002008491,false,סוכריות לקישוט שוקולד 100 ג' הנמל,ממתקי עלה יצור שיווק,IL,מזרה שוקו,גרמים,100.00,100 גרם,false,1,5.90,5.9000,true,1,170511
7290002008507,false,נייר אפייה 50 יח' הנמל,הנמל אריזות ושיווק ב,IL,נייר אפיה 50 יח,Unknown,0.00,Unknown,false,1,8.90,0.0000,true,1,171163
7290002008620,false,"צבע מאכל ירוק 55 מ""ל הנמל",ממתקי עלה יצור שיווק,IL,"צבע מאכל ירוק 55 מ""ל",מיליליטרים,55.00,"100 מ""ל",false,1,4.00,7.2727,true,1,171316
7290002008651,false,קמח תפוח אדמה 500 ג' הנמל,ר.ס. חברה ליבוא וייצ,IL,"50קמח תפו""א ג""",גרמים,500.00,100 גרם,false,1,5.90,1.1800,true,1,170841
7290002008743,false,סוכר וניל 10*10 ג' הנמל,"מיוצר וארוז ע""י: ר.ס",IL,"סוכר וניל 10 יח""",גרמים,100.00,100 גרם,false,1,2.50,2.5000,true,1,171317
7290002008750,false,אבקת אפיה הנמל מארז 10X10 ג',"מיוצר ע""י:ר.ס. חברה",IL,"אבקת אפיה 10 יח""",גרמים,100.00,100 גרם,false,1,2.50,2.5000,true,1,171854
7290002008774,false,שומשום הנמל 200 גרם,הנמל אריזות ושיווק ב,IL,שומשום ג,גרמים,200.00,100 גרם,false,1,6.90,3.4500,true,1,171164
7290002008934,false,סוכריות צבעוניות לקישוט לעוגה 200 גר,ממתקי עלה יצור שיווק,IL,סוכריות צבעוניות לקי,גרמים,200.00,100 גרם,false,1,7.90,3.9500,true,1,171318
7290002008989,false,קישקשים קשים לשתיה 225יח הנמל,הנמל אריזות ושיווק ב,CN,קישקשים,Unknown,0.00,Unknown,false,1,9.90,0.0000,true,1,170842
7290002019183,false,עגבניות שלמות פריניר,פריניר,,עגבניות שלמות פריניר 800 גר,גרמים,800.00,100 גרם,false,12,6.90,0.8625,true,1,171619
7290002019763,false,עגבניות מרוסקות A2.5 נטו 800ג',פריניר,,עגבניות מרוסקות פריניר 800 גר,גרמים,800.00,100 גרם,false,1,6.90,0.8625,true,1,171165
7290002019787,false,רסק עגבניות טבע טרי 260 ג' פריניר,פריניר ( הדס 1987) ב,IL,רסק עגבניות פריניר 260 גר,גרמים,260.00,100 גרם,false,1,3.90,1.5000,true,1,171319
7290002019794,false,רסק עגבניות טבע טרי פריניר 100ג',פריניר ( הדס 1987) ב,IL,רסק עגבניות פריניר 100 גר,גרמים,100.00,100 גרם,false,1,1.90,1.9000,true,1,171620
7290002026341,false,בטטה צ'יפס רגיל אריסטו קראנץ 500 ג',האי נאם סי או אל.טי.,CA,ציפס אריסטו רגיל 500 גר,גרמים,500.00,100 גרם,false,1,16.90,3.3800,true,1,182037
7290002026358,false,צ'יפס בטטה זיגזג אריסטו 500ג',האי נאם סי או אל.טי.,CA,ציפס אריסטו זיג זג 500 גר,גרמים,500.00,100 גרם,false,1,16.90,3.3800,true,1,182038
7290002026365,false,טבעות בצל אריסטו קראנץ 500 ג',היידי שוקולד בירונטי,IL,טבעות בצל אריסטו 500 גר,גרמים,500.00,100 גרם,false,1,10.90,2.1800,true,1,182039
7290002037057,false,לחם לבן פרוס 500 גרם,מאפיית ודש,,"לחם לבן ארוז 500 גר""",גרמים,500.00,100 גרם,false,1,5.90,1.1800,true,1,170975
7290002037125,false,חלה פרוסה וודש 500גר,מאפית י את א ברמן בע,IL,"חלה פרוסה 500 גר""",גרמים,500.00,100 גרם,false,1,8.90,1.7800,true,1,170519
7290002037309,false,לחמניות המבורגר 8יח 400גר,מאפית י את א ברמן בע,IL,חבילת המבורגר ארוז 4,גרמים,400.00,100 גרם,false,1,13.90,3.4750,true,1,171321
7290002037569,false,מארז 6 לחמניות באניס,מאפיית ודש,,"חבילת באניס 450 גר""",גרמים,450.00,100 גרם,false,1,14.90,3.3111,true,1,170976
7290002037637,false,חליות מתוקות מארז 4יח',מאפית י את א ברמן בע,IL,חבילת חלה מתוקה 360,גרמים,360.00,100 גרם,false,1,12.90,3.5833,true,1,170520
7290002040019,false,קוסקוס רגיל הנמל 350 גר',"קוסקוס מזון בע""מ",IL,קוסקוס רגיל 350גר,גרמים,350.00,100 גרם,false,1,5.90,1.6857,true,1,171322
7290002040071,false,קוסקוס עבה הנמל 350 גר',"קוסקוס מזון בע""מ",IL,350קוסקוס עבה ג,גרמים,350.00,100 גרם,false,1,5.90,1.6857,true,1,171622
7290002040088,false,קוסקוס חיטה מלאה 350 ג',"קוסקוס מזון בע""מ",IL,קוסקוס מלא 350גר,גרמים,350.00,100 גרם,false,1,5.90,1.6857,true,1,170977
7290002050070,false,קוקטייל פיצוחים טבע,,,קוקטייל פיצוחים טבע 170 גר,גרמים,170.00,100 גרם,false,1,15.90,9.3529,true,1,180946
7290002050087,false,שקד טבעי 170 גר,זארובי,,שקד טבעי 170 גר,גרמים,170.00,100 גרם,false,1,19.90,11.7059,true,1,179810
7290002050537,false,גרעיני חמניות מקולף,,,גרעיני חמניות מקולף 220 גר,גרמים,220.00,100 גרם,false,1,6.90,3.1364,true,1,184056
7290002050544,false,גרעיני דלעת מקולף 25,,,גרעיני דלעת מקולף 250 גר,גרמים,250.00,100 גרם,false,1,11.90,4.7600,true,1,184057
7290002050551,false,אגוז פקאן טבעי 180 ג,,,אגוז פקאן טבעי 180 גר,גרמים,180.00,100 גרם,false,1,23.90,13.2778,true,1,199146
7290002050575,false,קשיו טבעי 220 גר,,,קשיו טבעי 220 גר,גרמים,220.00,100 גרם,false,1,23.90,10.8636,true,1,184058
7290002050582,false,אגוזי לוז טבעי 220 ג,,,אגוזי לוז טבעי 220 גר,גרמים,220.00,100 גרם,false,1,24.90,11.3182,true,1,184059
7290002050605,false,פיסטוק מקולף 220 גר,,,פיסטוק מקולף 220 גר,גרמים,220.00,100 גרם,false,1,34.90,15.8636,true,1,199149
7290002050674,false,פלפל שחור גרוס 50 גר,,,פלפל שחור גרוס 50 גר,גרמים,50.00,100 גרם,false,1,4.90,9.8000,true,1,184250
7290002050865,false,אגוזי מלך 150 גר,,,אגוזי מלך 150 גר,גרמים,150.00,100 גרם,false,1,12.90,8.6000,true,1,184060
7290002050872,false,שקד טבעי אמריקאי 240,,,שקד טבעי אמריקאי 240 גר,גרמים,240.00,100 גרם,false,1,25.90,10.7917,true,1,184061
7290002050964,false,חמוציות מופחת סוכר 2,,,חמוציות מופחת סוכר 200 גר,גרמים,200.00,100 גרם,false,1,13.90,6.9500,true,1,184065
7290002057031,false,זיתים מבוקע פיקנטי A2 יבנה 560 ג',קריות זול,IL,זיתים מבוקעים,גרמים,560.00,100 גרם,false,1,8.90,1.5893,true,1,170851
7290002057123,false,זיתים חרוזית ירוק A2 יבנה 540ג',קריות זול,IL,חרוזית יבנה,גרמים,560.00,100 גרם,false,1,9.90,1.7679,true,1,170538
7290002057185,false,טבעות זיתים ירוקים 560 ג' יבנה,קריות זול,IL,טבעות זיתים ירוקים,גרמים,560.00,100 גרם,false,1,9.90,1.7679,true,1,171325
7290002057352,false,מלפפון במלח 7-9 560 ג' יבנה,אף.סי תבליני בגליל ב,IL,מלפפון במלח 7-9,גרמים,560.00,100 גרם,false,1,6.50,1.1607,true,1,170539
7290002057369,false,מלפפון במלח ‏12‏-‏10‏ 560 ג' יבנה,קבוצת יבנה,IL,מלפפון יבנה במלח 10-12 560 גר,גרמים,560.00,100 גרם,false,1,7.90,1.4107,true,1,171326
7290002057376,false,מלפפון במלח ‏17‏-‏13‏ 560 ג' יבנה,קבוצת יבנה,IL,מלפפונים במלח 13-17,גרמים,560.00,100 גרם,false,1,9.90,1.7679,true,1,170983
7290002057383,false,מלפפון במלח ‏25‏-‏18‏ 560 ג' יבנה,קריות זול,IL,מלפפון במלח 18-25,גרמים,600.00,100 גרם,false,1,11.90,1.9833,true,1,171327
7290002057437,false,שיפקונית קבוצת יבנה,קבוצת יבנה,IL,שיפקונית 560 גר,גרמים,560.00,100 גרם,false,12,9.90,1.7679,true,1,195386
7290002057451,false,מלפפון בחומץ ‏9‏-‏7‏ %‏20‏ 560 ג' יבנה,אף.סי תבליני בגליל ב,IL,מלפפון בחומץ 7-9,גרמים,560.00,100 גרם,false,1,6.50,1.1607,true,1,170984
7290002057468,false,מלפפון חומץ ‏12‏-‏10‏ 560 ג' יבנה,קבוצת יבנה,IL,מלפפון יבנה בחומץ 10-12 560 גר,גרמים,560.00,100 גרם,false,1,7.90,1.4107,true,1,171170
7290002057475,false,מלפפונים בחומץ 13-17 קטן A2 יבנה 540ג',קבוצת יבנה,IL,מלפפון בחומץ 13-17,גרמים,560.00,100 גרם,false,1,9.90,1.7679,true,1,170540
7290002057482,false,מלפפון חומץ ‏25‏-‏18‏ 560 ג' יבנה,קריות זול,IL,מלפפון בחומץ 18-25,גרמים,560.00,100 גרם,false,1,11.90,2.1250,true,1,171171
7290002057604,false,שיפקה פלפל חריף A2 יבנה 600ג',קבוצת יבנה,IL,פלפל חריף שיפקה,גרמים,560.00,100 גרם,false,1,5.90,1.0536,true,1,170522
7290002057703,false,חצילים ‏2‏-‏A‏ יבנה 560 גר',קבוצת יבנה,IL,חצילים יבנה 560 גרם,גרמים,560.00,100 גרם,false,1,6.90,1.2321,true,1,170853
7290002057734,false,זיתים חרוזית שחור A2 יבנה 540ג',קריות זול,IL,חרוזת שחור,גרמים,560.00,100 גרם,false,1,9.90,1.7679,true,1,170854
7290002075233,false,שוקולדים אייסקונפקט,יושלם,,איס חום ריבוע 250גר,גרמים,250.00,100 גרם,false,1,18.90,7.5600,true,1,170856
7290002079033,false,לחם דגנים לייט פרוס 500 ג',מאפיית דוידוביץ ובני,IL,לחם דגנים לייט,גרמים,500.00,100 גרם,false,1,13.90,2.7800,true,1,171172
7290002079156,false,פיתות דוידוביץ חמישי,מאפיית דוידוביץ,,פיתות חמישייה,גרמים,500.00,100 גרם,false,1,6.90,1.3800,true,1,171328
7290002079217,false,מחמצת עם אגוזים שיפון 650 ג',מאפיית אחדות חיפה בע,IL,לחם מחמצת שיפון ואגו,גרמים,650.00,100 גרם,false,1,13.90,2.1385,true,1,170545
7290002079316,false,חלה מעודנת פרוסה,מאפית דוידוביץ ובניו,IL,חלה פרוסה,גרמים,500.00,100 גרם,false,1,9.90,1.9800,true,1,171173
7290002079361,false,לחמניות המבורגר חתוך 6+2*60 ג',מאפיית אחדות חיפה,IL,לחמניה המבורגר פרוס 480 גר,גרמים,480.00,100 גרם,false,1,16.90,3.5208,true,1,171329
7290002079477,false,**לחם אחיד פרוס 750גר,מאפיית דוידוביץ ובני,IL,"שחור פרוס 750 גר""",גרמים,750.00,100 גרם,false,1,6.70,0.8933,true,1,170533
7290002079927,false,לחם דגנים מלא דוידוב,מאפיית אחדות חיפה(93,IL,לחם דגנים מלא 750 גר,גרמים,750.00,100 גרם,false,1,13.90,1.8533,true,1,170985
7290002079996,false,לחם אחיד קל פרוס 750 גרם,הנסיך- מפעל לייצור ט,IL,לחם אחיד קל פרוס,גרמים,750.00,100 גרם,false,1,13.90,1.8533,true,1,171624
7290002107798,false,גבינה בולגרית מעודנת 5% צוריאל 250ג',מחלבת משק צוריאל,IL,בולגרית קלאסית 5% בג,גרמים,250.00,100 גרם,false,1,21.90,8.7600,true,1,171627
7290002107965,false,טבורוג גבינה לאפייה 5% צוריאל 500 ג',מחלבת משק צוריאל,IL,גבינה טבורוג 5% 500,גרמים,500.00,100 גרם,false,1,24.90,4.9800,true,1,170859
7290002109488,false,קבב אמיתי טיבון ויל,טיבון ויל,,"קבב אמיתי 100% ""טיבו",גרמים,440.00,100 גרם,false,1,18.90,4.2955,true,1,170860
7290002118435,false,צמרוני ביוטי ענק הנמל 300יח',ספה,TR,צ.ביוטי ענק,Unknown,0.00,Unknown,false,6,4.90,0.0000,true,1,170861
7290002129462,false,פיצה איטלקית דקה שלושת האופים מארז זוג 640 ג',,,זוג פיצה שלושת האופים דקה 640 גר,גרמים,640.00,100 גרם,false,1,25.90,4.0469,true,1,182198
7290002130567,false,דבש טהור מפרחי בר בזכוכית 350 גרם,מכוורת יד מרדכי שטרא,IL,"דבש טהור 350 ג""ר",גרמים,350.00,100 גרם,false,1,17.90,5.1143,true,1,170862
7290002130574,false,דבש טהור מפרחי בר בזכוכית 500 ג' יד מרדכי,מכוורת יד מרדכי שטרא,IL,"דבש טהור 500 ג""ר",גרמים,500.00,100 גרם,false,1,24.90,4.9800,true,1,171422
7290002132011,false,עוגיות מזרחיות 400 ג' עבאדי,מאפיית יוסף ושמחה עב,IL,עוגיות עבאדי מזרחיות 400 גר,גרמים,400.00,100 גרם,false,1,15.90,3.9750,true,1,171629
7290002157960,false,טונה במים ויליגר רביעיה * 140ג',ויליגר,,טונה ויליגר במי מלח 140 גר רביעייה,גרמים,560.00,100 גרם,false,1,20.90,3.7321,true,1,189919
7290002190141,false,ממרח ריבת חלב קונדיטור,Barhan gida sanayi v,IL,"ריבת חלב 450 ג""ר",גרמים,450.00,100 גרם,false,1,12.90,2.8667,true,1,171331
7290002190516,false,ריבת חלב ממרח קומידה 500 גר',קריות זול,IL,ריבת חלב פלסטיק 500,גרמים,500.00,100 גרם,false,1,12.90,2.5800,true,1,170547
7290002195054,false,המבורגר בלדי 400 גרם ארוז,יוליניבר,IL,"המבורגר בלדי 400 גר""",גרמים,400.00,100 גרם,false,1,12.90,3.2250,true,1,171427
7290002195078,false,קבב כבש בלדי קפוא 400 ג',,,"קבב כבש 400 גר""",גרמים,400.00,100 גרם,false,1,12.90,3.2250,true,1,170868
7290002195085,false,קבב מזרחי בלדי 400 ג'- 8 יח',יוליניבר,IL,"קבב מזרחי 400 גר""",גרמים,400.00,100 גרם,false,1,12.90,3.2250,true,1,170536
7290002195092,false,קבב רומני 400 גרם ארוז,,,"קבב רומני 400 גר""",גרמים,400.00,100 גרם,false,1,12.90,3.2250,true,1,171428
7290002239185,false,אפונת גינה קפואה פרי גליל 800 גרם,"פרי הגליל בע""""מ",IL,"אפונה 800 ג""ר",גרמים,800.00,100 גרם,false,1,10.90,1.3625,true,1,171175
7290002239215,false,אפונה וגזר קפוא פרי גליל 800 גרם,"פרי הגליל בע""""מ",IL,"אפונה וגזר 800 ג""ר",גרמים,800.00,100 גרם,false,1,10.90,1.3625,true,1,170541
7290002239277,false,גזר גמדי קפוא פרי גליל 800ג',"פרי הגליל בע""""מ",IL,"גזר גמדי 800 גר""",גרמים,800.00,100 גרם,false,1,9.90,1.2375,true,1,170869
7290002239307,false,שעועית צהובה 800 ג ' פרי הגליל,"פרי הגליל בע""""מ",IL,שעועית צהובה 800ג,גרמים,800.00,100 גרם,false,1,10.90,1.3625,true,1,171430
7290002239338,false,שעועית ירוקה 800 ג' פרי הגליל,"פרי הגליל בע""""מ",IL,שעועית ירוקה 800גר,גרמים,800.00,100 גרם,false,1,10.90,1.3625,true,1,171332
7290002239369,false,שעועית שלמה 800 ג ' פרי הגליל,"פרי הגליל בע""""מ",IL,"שעועית שלמה 800 גר""",גרמים,800.00,100 גרם,false,1,10.90,1.3625,true,1,171632
7290002239420,false,תירס גרעינים 800 ג ' פרי הגליל,"פרי הגליל בע""""מ",IL,"תירס גרעינים 800 ג""ר",גרמים,800.00,100 גרם,false,1,10.90,1.3625,true,1,171176
7290002253006,false,דורות שום כתוש טרי 200 גרם,עיצובים 2020 (3.8),IL,דורות שום כתוש טרי 2,גרמים,200.00,100 גרם,false,1,15.90,7.9500,true,1,171177
7290002253105,false,מגשית קוביות שום טרי דורות 80 ג',עיצובים 2020 (3.8),IL,דורות קוביות שום טרי,גרמים,80.00,100 גרם,false,1,12.90,16.1250,true,1,171333
7290002253150,false,בזיליקום טרי קצוץ דורות 70 ג',עיצובים 2020 (3.8),IL,דורות בזיליקום טרי ק,גרמים,70.00,100 גרם,false,1,9.90,14.1429,true,1,171861
7290002253167,false,פטרוזליה קצוצה דורות 70 גר',עיצובים 2020 (3.8),IL,דורות פטרוזליה טרייה,גרמים,70.00,100 גרם,false,1,9.90,14.1429,true,1,170870
7290002253181,false,כוסברה טריה קצוצה 70 ג' דורות,עיצובים 2020 (3.8),IL,דורות כוסברה טריה קצ,גרמים,70.00,100 גרם,false,1,9.90,14.1429,true,1,171334
7290002253198,false,ג'ינג'ר טרי כתוש במגשית 70 ג' דורות,עיצובים 2020 (3.8),IL,"דורות ג""ינג""ר טרי כת",גרמים,70.00,100 גרם,false,1,9.90,14.1429,true,1,170549
7290002253235,false,רוטב פסטו דורות 160 ג',עיצובים 2020 (3.8),IL,רוטב אסם פסטו 160 גר,גרמים,160.00,100 גרם,false,1,10.90,6.8125,true,1,178966
7290002253259,false,רוטב עגבניות בזיליקו,עיצובים 2020 (3.8),IL,רוטב אסם עגבניות בזיליקום 160 גר,גרמים,160.00,100 גרם,false,1,10.90,6.8125,true,1,178967
7290002259640,false,"רדיד אלומניום דיימונד 084- 7.50 מ""ר *0.3",ריינולדס מוצרי צריכה,CN,רדיד אלומיניום דיימונד 30 סמ,Unknown,0.00,Unknown,false,1,10.90,0.0000,true,1,202485
7290002260059,false,במבה יום הולדת 60 ג' אסם,"אסם השקעות בע""מ",IL,במבה אסם יום הולדת 60גר,גרמים,60.00,100 גרם,false,1,3.90,6.5000,true,1,177813
7290002291046,false,המבורגר מסעדות קצבייה 4 יח'-480 ג',יוליניבר,IL,המבורגר מסעדות 480 גר,גרמים,480.00,100 גרם,false,1,26.90,5.6042,true,1,180450
7290002304227,false,קונפיטורה דובדבן חמו,ענבי ציון,,"קונפיטורה ""ענבי ציון",גרמים,600.00,100 גרם,false,1,24.90,4.1500,true,1,170874
7290002304234,false,קונפיטורה אוכמניות ל,ענבי ציון,,"קונפיטורה ""ענבי ציון",גרמים,600.00,100 גרם,false,1,24.90,4.1500,true,1,171335
7290002304418,false,קונפיטורת אוכמניות 1,ענבי ציון,,קונפיטורת אוכמניות 1,קילוגרמים,1.20,"ק""ג",false,1,29.90,24.9167,true,1,171336
7290002304425,false,קונפיטורת דובדבן 1.2,ענבי ציון,,קונפיטורת דובדבן 1.2,קילוגרמים,1.20,"ק""ג",false,1,29.90,24.9167,true,1,170876
7290002304432,false,קונפיטורת תות 1.2 קג,ענבי ציון,,"קונפיטורת תות 1.2 ק""",קילוגרמים,1.20,"ק""ג",false,1,29.90,24.9167,true,1,171431
7290002304456,false,קונפיטורת חמוציות ענ,ענבי ציון,,"קונפיטורת חמוציות ""ע",קילוגרמים,1.20,"ק""ג",false,1,29.90,24.9167,true,1,170242
7290002304470,false,קונפיטורת משמש 1.2 ק,ענבי ציון,,קונפיטורת משמש 1.2 ק,קילוגרמים,1.20,"ק""ג",false,1,29.90,24.9167,true,1,171633
7290002304623,false,קונפיטורת פירות יער,ענבי ציון,,"קונפיטורה ""ענבי ציון",גרמים,600.00,100 גרם,false,1,19.90,3.3167,true,1,171635
7290002304630,false,קונפיטורת דובדבן ענב,ענבי ציון,,"קונפיטורה ""ענבי ציון",גרמים,600.00,100 גרם,false,1,19.90,3.3167,true,1,170878
7290002327066,false,קונכיות למילוי 625 ג' שלושת האופים,שלושת האופים,IL,קונכיות 625 גרם,גרמים,625.00,100 גרם,false,1,24.90,3.9840,true,1,171864
7290002331360,false,"נביעות מים מינרליים טו גו מארז 500X6מ""ל",קריות זול,IL,נביעות ספורט שישייה,ליטרים,3.00,ליטר,false,1,14.90,4.9667,true,1,171638
7290002331421,false,"מים אישי נביעות מארז שישייה* 755 מ""ל",קריות זול,IL,שישית נביעות,ליטרים,4.53,ליטר,false,1,17.90,3.9514,true,1,171185
7290002331483,false,"נביעות בייבי מארז 320X6מ""ל",נביעות טבע הגליל בעמ,IL,מים נביעות בייבי 320מל שישייה,מיליליטרים,1920.00,"100 מ""ל",false,1,14.90,0.7760,true,1,177325
7290002345015,false,סינטה דק דק אל גאוצ'ו 250ג' מינוט,"טיבון ויל אחזקות בע""",IL,סינטה דק דק אל גאוצו 250 גר,גרמים,250.00,100 גרם,false,1,24.90,9.9600,true,1,184779
7290002345022,false,אנטריקוט דק דק אל גאצ'ו 250ג' מינוט,"טיבון ויל אחזקות בע""",IL,אנטריקוט דק דק אל גאוצו 250 גר,גרמים,250.00,100 גרם,false,1,24.90,9.9600,true,1,184780
7290002345121,false,אסאדו דקדק אל גאוצו,טיבון ויל - נטו,IL,אסאדו דקדק 250 גר,גרמים,250.00,100 גרם,false,1,24.90,9.9600,true,1,195917
7290002353836,false,סרדין רוברט בשמן זית 120 ג',קונסרבס פורטוגל נורט,PT,"סרדין ""רוברט"" בשמן ז",גרמים,120.00,100 גרם,false,1,8.90,7.4167,true,1,170553
7290002360285,false,תה פומפדור חליטת צמחים קמומיל 20 שק,TEEKANNE- POMPADOU,DE,תה פומפדור צמחים קמו,גרמים,30.00,100 גרם,false,1,15.90,53.0000,true,1,171436
7290002374268,false,שמן חמניות מילומור 1 ליטר,שמן תעשיות,IL,שמן חמניות מילומור 1 ל,ליטרים,1.00,ליטר,false,1,11.90,11.9000,true,1,170887
7290002374312,false,שמן קנולה מילומור 1 ליטר,"נארז ע""י : א.ג. גילר",EE,שמן קנולה מילומור 1 ל,ליטרים,1.00,ליטר,false,1,11.90,11.9000,true,1,171867
7290002374640,false,שמן קנולה פלוס אומגה 3 1ל' עץ הזית,שמן תעשיות,IL,שמן קנולה עץ הזית פלוס אומגה 3 1 ל,ליטרים,1.00,ליטר,false,1,15.90,15.9000,true,1,178234
7290002408178,true,גבינת קרם יאנטר 235,,,גבינת קרם יאנטר 235 גר,גרמים,235.00,100 גרם,false,1,16.90,7.1915,true,1,185145
7290002488422,false,תמר מגהול פרימיום 60,מרינה,IL,תמר מגהול 600 גר,גרמים,600.00,100 גרם,false,1,12.90,2.1500,true,1,207567
7290002507277,false,קציצות דג דלידג 700 ג',אף.סי תבליני בגליל ב,IL,"קציצות דג 700 ג""ר",גרמים,700.00,100 גרם,false,1,24.90,3.5571,true,1,183258
7290002507284,false,שניצל דג מצופה דלידג 700 ג',האי נאם סי או אל.טי.,IL,שניצל נסיכה במבינו 700 גר,גרמים,700.00,100 גרם,false,1,24.90,3.5571,true,1,183687
7290002507604,false,פיצת השף מאיטליה 320 גר',האי נאם סי או אל.טי.,IT,פיצה השף 320 גר,גרמים,320.00,100 גרם,false,1,16.90,5.2812,true,1,184782
7290002511403,false,משקה קפיר המושבה 2 ל,מחלבת המושבה,,"קפיר 2ל""",מיליליטרים,2000.00,"100 מ""ל",false,1,24.90,1.2450,true,1,171189
7290002511410,false,משקה רז'נקה 3% 2 ליט,מחלבת המושבה,,"ראז""ינקה 2ל""",מיליליטרים,2000.00,"100 מ""ל",false,1,24.90,1.2450,true,1,171642
7290002542780,false,"שישיית בירה סטלה ארטואה 330 מ""ל*6",סטלה ארטואה Stella Artois,BE,שישיית בירה סטלה ארטואה 330 מל,מיליליטרים,1980.00,"100 מ""ל",false,1,32.90,1.6616,true,1,197313
7290002542797,false,בקבוק בירה לף בלונד,לף Leffe,BE,בירה לף בלונד בק 330 מל,מיליליטרים,330.00,"100 מ""ל",false,1,10.90,3.3030,true,1,203952
7290002542810,false,בירה הוגרדן בקבוק 33,הוגרדן Hoegaarden,BE,בירה הוגרדן בק 330 מל,מיליליטרים,330.00,"100 מ""ל",false,1,10.90,3.3030,true,1,203954
7290002543046,false,קלוגס פרוסטיס דגנים וסוכר 750ג',קלוג מנייופרטורינג א,ES,"דגני בוקר ""קלוגס"" פרוסטיס 750 גר",גרמים,750.00,100 גרם,false,1,17.90,2.3867,true,1,170573
7290002579533,false,קיסמים לאזניים,חביב,,קיסמים לאזניים,Unknown,0.00,Unknown,false,1,1.90,0.0000,true,1,171439
7290002603634,false,"פיצה משולש תפזורת בד""צ 80ג'",שמגור בעמ,IL,פיצה משולש 80 גר,גרמים,80.00,100 גרם,false,1,2.90,3.6250,true,1,184781
7290002617297,false,פילה דג בסה מעובד קל,,,"פילה דג בסה מעובד קלאסי קפוא 1 ק""ג",קילוגרמים,1.00,"ק""ג",false,1,29.90,29.9000,true,1,186053
7290002617709,false,"שרימפס 16/20 מקולף 1ק""ג.",,,שרימפס מקולף 16/20 1קג,קילוגרמים,1.00,"ק""ג",false,1,109.90,109.9000,true,1,187755
7290002617723,false,"שרימפס 26/30 מקולף 1ק""ג.",,,שרימפס מקולף 26/30 1קג,קילוגרמים,1.00,"ק""ג",false,1,99.90,99.9000,true,1,177724
7290002627098,false,שלושת האופים פיצה ביס 350 גר',שלושת האופים,,פיצה ביס 350 גר,גרמים,350.00,100 גרם,false,1,15.90,4.5429,true,1,199297
7290002627210,false,"גפילטעפיש קציצות מדגי קרפיון וכסיף 560 גר' בעל""ז",האי נאם סי או אל.טי.,IL,גפילטע פיש קציצות 560 גרם,גרמים,560.00,100 גרם,false,1,13.90,2.4821,true,1,189340
7290002655626,false,נבטוטים יח,מרינה פטריות הגליל,IL,נבטוטים,Unknown,0.00,Unknown,false,1,7.90,0.0000,true,1,170638
7290002661115,false,לחם שיפון הולנדי 1.2 מהדרין,מאפית י את א ברמן בע,IL,לחם הולנדי 1 קג,קילוגרמים,1.00,"ק""ג",false,1,17.90,17.9000,true,1,170578
7290002661153,false,"לחם דני קל ברמן 1 ק""",מאפית י את א ברמן בע,IL,לחם דני קל,Unknown,0.00,Unknown,false,1,17.90,0.0000,true,1,171441
7290002661214,false,ברמן לחם גליל קל מהדרין 750 גרם,מאפית י את א ברמן בע,IL,לחם ברמן גלילי קל 750גר,גרמים,750.00,100 גרם,false,1,15.90,2.1200,true,1,178598
7290002674238,false,"אקווה פרש - משחת שיניים מנטה מרענן 125 מ""ל",,,משחת שיניים אקווה פרש מנטה 125 מל,מיליליטרים,125.00,"100 מ""ל",false,1,8.90,7.1200,true,1,187424
7290002674269,false,"אקווה פרש - משחת שיניים מנטה עדין 125 מ""ל",,,משחת שיניים אקווה פרש עדין 125 מל,מיליליטרים,125.00,"100 מ""ל",false,1,8.90,7.1200,true,1,187425
7290002692393,false,שמן קנולה מועשר עץ ה,שמן תעשיות,IL,שמן קנולה מועשר עץ הזית 1 ל,ליטרים,1.00,ליטר,false,1,15.90,15.9000,true,1,171644
7290002692478,false,"שמן זית כתית מעולה קלאסי מעודן 750 מ""ל עץ הזית","מרקאולאו, ספרד.אבסה,",IT,שמן זית מעודן עץ הזית 750 מל,מיליליטרים,750.00,"100 מ""ל",false,1,29.90,3.9867,true,1,171872
7290002692768,false,"תרסיס קנולה מופחת קלוריות 200 מ""ל עץ הזית",טרנסומס פוד איי בי,IT,תרסיס שמן קנולה מזוכך ללא תוספת גז 200 מ,מיליליטרים,200.00,"100 מ""ל",false,1,15.90,7.9500,true,1,171646
7290002692775,false,"תרסיס שמן קנולה בטעם חמאה 200 מ""ל עץ הזית",,,תרסיס שמן קנולה בטעם חמאה עץ הזית 200 מל,מיליליטרים,200.00,"100 מ""ל",false,1,15.90,7.9500,true,1,170583
7290002692782,false,"תרסיס מופחת קלוריות זית 200 מ""ל עץ הזית",י.ב טכנולוגיות אריזה,IL,תרסיס שמן זית כתית ללא תוספת גז 150 מל,מיליליטרים,150.00,"100 מ""ל",false,1,19.90,13.2667,true,1,170565
7290002715375,false,קבב יווני טיבון ויל,טיבון ויל אחזקות בעמ,IL,"קבב יווני 400 ג""ר",גרמים,400.00,100 גרם,false,1,18.90,4.7250,true,1,171344
7290002730262,false,פלמוליב כלים שקוף קלאסי 750 בקבוק חדש,יבואן ומשווק: ש. שסט,GR,"נוזל כלים ""פלמוליב""",מיליליטרים,750.00,"100 מ""ל",false,1,10.90,1.4533,true,1,170902
7290002730521,false,צימרוני אוזניים בלונס בקופסא 200 יח',קריות זול,GR,צמרונים קופסא מרובעת,Unknown,0.00,Unknown,false,1,6.90,0.0000,true,1,171345
7290002730538,false,בלונס פדים להסרת איפור 80 יח',הנסיך- מפעל לייצור ט,GR,בלונס פדים להסרת איפ,Unknown,0.00,Unknown,false,1,9.90,0.0000,true,1,171445
7290002730941,false,בלונס צמר גפן פרוס 100גר',הנסיך- מפעל לייצור ט,GR,צמר גפן פרוס,גרמים,100.00,100 גרם,false,1,6.90,6.9000,true,1,171873
7290002730958,false,פלמוליב סבון מוצק? ירוק זית רביעייה * 100 ג',הנסיך- מפעל לייצור ט,TR,"סבון מוצק ""פלמוליב""",גרמים,400.00,100 גרם,false,1,15.90,3.9750,true,1,171874
7290002735007,false,"בצק עלים 1 ק""ג ינון",,,"בצק עלים 1 ק""ג ינון",קילוגרמים,1.00,"ק""ג",false,1,13.90,13.9000,true,1,170586
7290002735014,false,מלוואח ארוז ינון 800 גר',ג'נרל מילס סאן אדריא,IL,מלווח ינון,גרמים,800.00,100 גרם,false,1,13.90,1.7375,true,1,170568
7290002735021,false,ינון גחנון ארוז 750גר,ג'נרל מילס סאן אדריא,IL,"ג""חנון ינון",גרמים,900.00,100 גרם,false,1,13.90,1.5444,true,1,171647
7290002749059,true,מיני פולטבסקיה 290 ג,,,מיני פולטבסקיה 290 גר,גרמים,290.00,100 גרם,false,,44.90,15.4828,true,1,197974
7290002752332,false,"סוכריות מנטוס פירות בגליל, 37.5 גרם",הדקלאים אגודת שיתופי,NL,מנטוס פירות 40 גלילי,גרמים,38.00,100 גרם,false,1,3.50,9.2105,true,1,171876
7290002752493,false,רביעיה סוכריות מנטה 4* 16 ג' טיק טק,קריות זול,ZA,סוכריות טיק טק מנטה רביעייה,גרמים,64.00,100 גרם,false,1,9.90,15.4688,true,1,170903
7290002753223,false,רביעייה סוכריות תפוז 4*16 ג' טיק טק,קריות זול,ZA,סוכריות טיק טק תפוז רביעייה,גרמים,64.00,100 גרם,false,1,9.90,15.4688,true,1,171447
7290002757665,false,קבב מזרחי טיבון ויל 400 ג',טיבון ויל,,"קבב מזרחי 400 גר""",גרמים,400.00,100 גרם,false,1,10.90,2.7250,true,1,170570
7290002757672,false,המבורגר מזרחי טיבון ויל 400ג',טיבון ויל,,"המבורגר 400 גר""",גרמים,400.00,100 גרם,false,1,10.90,2.7250,true,1,170592
7290002757719,false,"בצק עלים 1 ק""ג שלושת האופים",אופרה,,"בצק עלים 1 ק""ג",קילוגרמים,1.00,"ק""ג",false,1,14.90,14.9000,true,1,171199
7290002757726,false,בורקס גבינה 700 ג' שלושת האופים,אופרה,,"בורקס גבינה 700 גר""",גרמים,700.00,100 גרם,false,1,17.90,2.5571,true,1,171449
7290002757733,false,ג'חנון 650 ג' שלושת האופים,אופרה,,"ג""חנון 650 גר""",גרמים,650.00,100 גרם,false,1,12.90,1.9846,true,1,170593
7290002757740,false,בורקס תפוא 700 גר' קהילות,אופרה,,"בורקס תפו""א 700 גר""",גרמים,700.00,100 גרם,false,1,12.90,1.8429,true,1,171200
7290002757757,false,מלוואח 700 ג' שלושת האופים,אופרה,,מלאווח תימני 700 גרם,גרמים,700.00,100 גרם,false,1,12.90,1.8429,true,1,170594
7290002793304,false,מיכל גז סודה סטרים עד 60 ליטר,,,ספייר צילינדר באריזה,Unknown,0.00,Unknown,false,1,109.90,0.0000,true,1,192533
7290002805151,false,סיף פנטסטיק לרצפות בניחוח סחלבים 4ל',יוניליוור ישראל טיפו,IL,"נוזל רצפות ""סיף פנטס",ליטרים,4.00,ליטר,false,1,17.90,4.4750,true,1,171878
7290002824183,false,גבינה לבנה 5% שומן 500 ג' שטראוס,מיוצר עי קונדיטוריית,IL,"גבינת סקי 500 גר""",גרמים,500.00,100 גרם,false,1,9.50,1.9000,true,1,171653
7290002824466,false,דנונה יוגורט ביו 0% 200מל,"שטראוס בריאות בע""מ",IL,יוגורט דנונה ביו 0%,גרמים,200.00,100 גרם,false,1,3.60,1.8000,true,1,171879
7290002824640,false,גבינה שטראוס 5% 250 ג',מיוצר עי קונדיטוריית,IL,גבינה לבנה סקי 5% 25,גרמים,250.00,100 גרם,false,1,4.90,1.9600,true,1,170919
7290002830948,false,גבינת מון בלאן עיזים 120 ג',סלס קרית מלאכי ישראל,IL,גבינת מון בלאן עיזים 120 גר,גרמים,120.00,100 גרם,false,1,11.90,9.9167,true,1,177500
7290002842415,false,פילה אנשובי אמיתי 50,,,פילה אנשובי אמיתי 50 גר,גרמים,50.00,100 גרם,false,1,8.90,17.8000,true,1,181729
7290002868996,false,קוטג' 5% מועשר טרה 250ג' מהדרין,קריות זול,IL,קוטג ביו 5% מועשרת ב,גרמים,250.00,100 גרם,false,1,5.90,2.3600,true,1,171655
7290002871248,false,"בירה טובורג רד חוזר 500 מ""ל",מבשלות בירה בינלאומי,IL,"בירה טובורג 500מ""""ל",מיליליטרים,500.00,"100 מ""ל",false,1,8.90,1.7800,true,1,171881
7290002871361,false,"קרלסברג בירה בק.חוזר 500 מ""ל",מבשלות בירה בינלאומי,IL,"בירה קרלסברג 500 מ""ל",מיליליטרים,500.00,"100 מ""ל",false,1,8.90,1.7800,true,1,171204
7290002881025,false,מעדן דובדבן חמוץ סן,קריות זול,,מעדן דובדבן חמוץ 100,גרמים,284.00,100 גרם,false,1,13.90,4.8944,true,1,171656
7290002881124,false,מעדן פרי שזיף 100% 2,,,מעדן פרי שזיף 100% 2,גרמים,282.00,100 גרם,false,1,13.90,4.9291,true,1,171207
7290002881216,false,רסק תפוחי עץ בצנצנת 700 ג' תומר,Geurts conservenfabr,,רסק תפוחי עץ בצנצנת,גרמים,700.00,100 גרם,false,1,10.90,1.5571,true,1,171208
7290002881247,false,אננס שלם פרוסות תומר,סאן רייז,,אננס שלם,גרמים,850.00,100 גרם,false,1,10.90,1.2824,true,1,170929
7290002881254,false,קוקטייל פירות טרופי תומר 820 ג',סאן רייז,,קוקטייל טרופי 820 גר,גרמים,820.00,100 גרם,false,1,9.90,1.2073,true,1,171883
7290002881261,false,ליצי שלם תומר 565 גר,גיבונג אינדסקיאלס,,ליצי שלם תומר,גרמים,565.00,100 גרם,false,1,9.90,1.7522,true,1,170734
7290002881278,false,חצאי אפרסק בסירופ קל,Elbak s.a - greek ca,,אפרסק חצאים,גרמים,820.00,100 גרם,false,1,9.90,1.2073,true,1,171884
7290002881407,false,נודלס אטריות ביצים דק תומר 400ג',קריות זול,,נודלס דק,גרמים,400.00,100 גרם,false,1,6.90,1.7250,true,1,171209
7290002881414,false,נודלס עבה תומר 400גר,אופאל,,נודלס עבה,גרמים,400.00,100 גרם,false,1,6.90,1.7250,true,1,171458
7290002881506,false,חמאת בוטנים תומר 510 ג',Niza s a,,חמאת בוטנים 510 גר,גרמים,510.00,100 גרם,false,1,13.90,2.7255,true,1,170611
7290002881582,false,צנצנת עלי גפן למילוי,אסמה תורכיה,,צנצנת עלי גפן למילוי,גרמים,700.00,100 גרם,false,1,13.90,1.9857,true,1,170736
7290002881612,false,לפתן דובדבנים חמוצים,Fructo sliven jsc,,לפתן דובדבנים חמוצים 680 גר,גרמים,680.00,100 גרם,false,1,10.90,1.6029,true,1,177272
7290002881735,false,לבבות דקל שלמים תומר,Inaexpo,,לבבות דקל שלם,גרמים,400.00,100 גרם,false,1,11.90,2.9750,true,1,170737
7290002881742,false,לבבות דקל פרוסות תומר 400 ג',Inaexpo,,לבבות דקל פרוסות,Unknown,0.00,Unknown,false,1,7.90,0.0000,true,1,171659
7290002881803,false,שמן קנולה תומר 1 ל,,,שמן קנולה תומר 1 ל,ליטרים,1.00,ליטר,false,15,11.90,11.9000,true,1,200807
7290002881940,false,סרדינים מרוקאי בשמן חמניות 125ג' תומר,Union des pecheries,,סרדין מרוקאי בשמן,גרמים,125.00,100 גרם,false,1,5.90,4.7200,true,1,170612
7290002904694,false,"טיטניום דאודורנט ספריי לגברים 150 מ""ל",אמיליה קוסמטיקס בעמ,IL,"דאו טיטניום תרסיס קלאסי 180 מ""ל",מיליליטרים,180.00,"100 מ""ל",false,1,16.90,9.3889,true,1,171355
7290002909569,false,דג ברבוניה פילה קפוא 400 ג',דולפין ספא,,פילה ברבוניה 400 גר,גרמים,400.00,100 גרם,false,1,22.90,5.7250,true,1,180449
7290002909576,false,בשר בקר טחון לקציצות ולקבב 500 ג' 12 יח',יוליניבר,IL,בשר בקר טחון לקציצות וקבב 500 גר,גרמים,500.00,100 גרם,false,1,19.90,3.9800,true,1,180457
7290002919353,false,כבד עוף קפוא ארוז 50,,,כבד עוף קפוא ארוז 500 גר,גרמים,500.00,100 גרם,false,1,14.90,2.9800,true,1,181300
7290002921332,false,סבון פלא אסטוניש מסיר כתמים 75גר,קריות זול,,סבון מסיר כתמים אסטוניש בקופסא 75 גר,גרמים,75.00,100 גרם,false,1,12.90,17.2000,true,1,182077
7290002921349,false,דבק סופר גלו מארז זוגי,קריות זול,,לוקטייט סופר גלו 3 זוגי,Unknown,0.00,Unknown,false,1,16.90,0.0000,true,1,196737
7290002927198,false,טחון בקר קפוא 500 גר,,,טחון בקר,גרמים,500.00,100 גרם,false,1,14.90,2.9800,true,1,171459
7290002927358,false,סטיק אנטריקוט 800גר,,,"סטייק בקר 800 גר""",גרמים,800.00,100 גרם,false,,36.90,4.6125,true,1,171887
7290002927389,false,טחון עוף קפוא 500 גר,,,טחון עוף 500 גר,גרמים,500.00,100 גרם,false,1,11.90,2.3800,true,1,170618
7290002927631,false,טחון הודו קפוא 500 ג,,,טחון הודו 500 גר,גרמים,500.00,100 גרם,false,1,11.90,2.3800,true,1,170933
7290002929642,false,טונה וילגר בשמן רביעיה * 140 ג',דיאמנט פוד פרודקט קו,TH,טונה ויליגר בשמן 140גר רביעייה,גרמים,560.00,100 גרם,false,1,20.90,3.7321,true,1,177838
7290002954026,false,שמן תירס שוקחה 3 ליט,בני ג'ורג' שוקחה חיפ,IN,שמן תירס 3 ליטר,ליטרים,3.00,ליטר,false,1,49.90,16.6333,true,1,171357
7290002954040,false,שמן תירס 1 ל,,,שמן תירס 1 ליטר,ליטרים,1.00,ליטר,false,1,16.90,16.9000,true,1,171460
7290002954200,false,"אורז יסמין 1 ק""ג שוקחה",בני ג'ורג' שוקחה חיפ,,"אורז יסמין 1 ק""ג",קילוגרמים,1.00,"ק""ג",false,1,11.90,11.9000,true,1,171462
7290002954361,false,פטריות שמפניון חתוכות 400 ג' שוקחה,,,פטריות חתוך 400 גר,גרמים,400.00,100 גרם,false,1,4.90,1.2250,true,1,170937
7290002954460,false,"Sunwhite אורז אוסטרלי עגול לסושי-1 ק""ג",בני ג'ורג' שוקחה חיפ,AU,אורז אוסטרלי עגול 1,קילוגרמים,1.00,"ק""ג",false,1,11.90,11.9000,true,1,170938
7290002954545,false,מלבין קפה 400 ג' שוקחה,,,מלבין קפה 400 גר,גרמים,400.00,100 גרם,false,1,16.90,4.2250,true,1,170741
7290002971009,false,"קמח חיטה לבן בהיר שטיבל 1 ק""ג",שטיבל טחנות קמח,IL,קמח מובחר שטיבל,קילוגרמים,1.00,"ק""ג",false,1,4.90,4.9000,true,1,170747
7290002971016,false,"שטיבל סולת חיטה 1 ק""ג",,,סולת שטיבל,קילוגרמים,1.00,"ק""ג",false,1,4.90,4.9000,true,1,170619
7290002971030,false,קמח שיפון שטיבל מס 7,מיוצר עי קונדיטוריית,IL,"קמח שיפון מס"" 7",קילוגרמים,1.00,"ק""ג",false,1,6.90,6.9000,true,1,170748
7290002971092,false,שטיבל.6קמח מלא שטיבל,שטיבל טחנות קמח,IL,קמח חיטה מלא,קילוגרמים,1.00,"ק""ג",false,1,7.90,7.9000,true,1,171666
7290002971139,false,קמח תופח 1 קג,שטיבל,,קמח תופח 1 קילו,קילוגרמים,1.00,"ק""ג",false,1,7.90,7.9000,true,1,170749
7290002971153,false,קמח חלה מס 18 שטיבל,שטיבל טחנות קמח,IL,"קמח חלה מס 18 שטיבל 1 ק""ג",קילוגרמים,1.00,"ק""ג",false,1,7.90,7.9000,true,1,186552
7290002971238,false,קמח עוגות שטיבל מס 5,שטיבל טחנות קמח,IL,"קמח עוגות שטיבל מס""",קילוגרמים,1.00,"ק""ג",false,1,7.90,7.9000,true,1,170750
7290002977001,false,סולת 1 ק'ג הטחנות הגדולות,,,"סולת 1 ק""ג",קילוגרמים,1.00,"ק""ג",false,1,3.90,3.9000,true,1,170940
7290002977032,false,"סוכר לבן סטודן 1 ק""ג",,,"סוכר לבן 1 ק""ג",קילוגרמים,1.00,"ק""ג",false,1,3.90,3.9000,true,1,183357
7290002977087,false,קמח חיטה מלא 100% בר,,,"קמח חיטה מלא 100% בריאה 1 ק""ג",קילוגרמים,1.00,"ק""ג",false,1,4.90,4.9000,true,1,183381
7290002977100,false,קמח לבן בהיר 1 קג,,,"קמח לבן בהיר 1 ק""ג",קילוגרמים,1.00,"ק""ג",false,1,3.90,3.9000,true,1,171463
7290002977117,false,קמח כוסמין מלא 100%,,,"קמח כוסמין מלא 100% בריאה 1 ק""ג",קילוגרמים,1.00,"ק""ג",false,1,10.90,10.9000,true,1,183383
7290002977261,false,קמח כוסמין לבן 1 קג,,,"קמח כוסמין לבן 1 ק""ג",קילוגרמים,1.00,"ק""ג",false,1,10.90,10.9000,true,1,183384
7290003009640,false,מיץ סחוט תפוזים 1 ל' פריגת,קריות זול,IL,"""פריגת"" סחוט תפוזים",ליטרים,1.00,ליטר,false,1,18.90,18.9000,true,1,171466
7290003015641,false,ריצפז סנו פרש יסמין 2ל',קריות זול,IL,ריצפז פרש יסמין 2 לי,ליטרים,2.00,ליטר,false,1,17.90,8.9500,true,1,171671
7290003029181,false,משקה יטבתה שוקו' בקבוק 1ל מהדרין,מחלבת יטבתה,IL,שוקו יוטבתה 1 ליטר,ליטרים,1.00,ליטר,false,1,11.90,11.9000,true,1,170622
7290003029372,false,משקה חלב בננה בקבוק 1ל' יוטבתה,מחלבת יטבתה,IL,משקה חלב בננה בקבוקי,ליטרים,1.00,ליטר,false,1,11.90,11.9000,true,1,170753
7290003029389,false,"משקה חלב בננה פקק ספורט 250 מ""ל יוטבתה",שטראוס גרופ,IL,"משקה חלב בננה 250 מ""",מיליליטרים,250.00,"100 מ""ל",false,1,5.30,2.1200,true,1,171672
7290003029433,false,"משקה יטבתה שוקו פקק 250 מ""ל מהדרין",מחלבת יטבתה,IL,משקה שוקו בקבוק 250,מיליליטרים,250.00,"100 מ""ל",false,1,5.30,2.1200,true,1,171891
7290003029532,false,מוקה בקבוק 1 ל' יוטבתה,מחלבת יטבתה,IL,מוקה יטבתה בקבוק 1 ל,ליטרים,1.00,ליטר,false,1,11.90,11.9000,true,1,170943
7290003029617,false,יטבתה שמנת מנה אישית 15% 125מל,STRAUSS-ISRAEL,IL,שמנת מנה אישית 100 ג,גרמים,100.00,100 גרם,false,1,1.90,1.9000,true,1,171673
7290003029792,false,"משקה יטבתה שוקו שקיות מהדרין מארז 225X8מ""ל",שטראוס גרופ,IL,מארז שוקו שמינייה,ליטרים,1.80,ליטר,false,1,18.90,10.5000,true,1,171467
7290003029815,false,חלב יוטבתה מועשר 3% בכד 2ל',מחלבת יטבתה,IL,חלב מועשר כד 2 ליטר,ליטרים,2.00,ליטר,false,1,14.90,7.4500,true,1,170624
7290003029907,false,משקה יטבתה אייס קפה 1ליטר,מחלבת יטבתה,IL,"קפה יטבתה בקבוק 1 ל""",ליטרים,1.00,ליטר,false,1,11.90,11.9000,true,1,171215
7290003054657,false,חרדל דיזון אקסטרה פורטה 370 גרם,מרום את קונפינו,FR,חרדל דיזון אקסטרא פורטה 370 גרם,גרמים,370.00,100 גרם,false,1,10.90,2.9459,true,1,171892
7290003060313,false,קמח כוסמין מנופה 1קג,,,קמח כוסמין מנופה 1 קג,קילוגרמים,1.00,"ק""ג",false,1,14.90,14.9000,true,1,197659
7290003060320,false,"קמח לחם וחלות מנופה טחנות ישראל 1 ק""ג",,,קמח ללחם וחלות מנופה 1 קג,קילוגרמים,1.00,"ק""ג",false,1,9.90,9.9000,true,1,197654
7290003069705,false,"פיצה אישית גבינה דק 80 ג' תפזורת בד""צ",שלושת האופים,IL,פיצה אישית עם גבינה 80 גר,גרמים,80.00,100 גרם,false,1,2.90,3.6250,true,1,182538
7290003072828,false,נקניקיות פרנקפורטר מבשר בקר,טירת צבי,IL,נקניקיות פרנקפורטר 320 גר,גרמים,320.00,100 גרם,false,1,22.90,7.1562,true,1,189527
7290003094127,false,קוויאר פחיות צארסקיה,א.ר.ד.י.ו,,קוויאר פחיות צארסקיה 190 גר,גרמים,190.00,100 גרם,false,1,69.90,36.7895,true,1,177553
7290003094363,false,שרימפס מבושל 41-50 7,,,שרימפס מבושל 41-50 750 גר,גרמים,750.00,100 גרם,false,,49.90,6.6533,true,1,187339
7290003094400,false,קוויאר אדום 140 גר,א.ר.ד.י.ו,,קוויאר אדום 140 גר,גרמים,140.00,100 גרם,false,1,42.90,30.6429,true,1,181258
7290003094585,false,קוויאר אדום גולד זכו,,,קוויאר אדום גולד זכוכית 90 גר,גרמים,90.00,100 גרם,false,1,39.90,44.3333,true,1,193852
7290003102068,false,צימרוני אוזניים מעץ 100 יח',כוטון סופט,,קיסמי אוזן עץ שקית,Unknown,0.00,Unknown,false,1,1.90,0.0000,true,1,170760
7290003102136,false,צמר גפן COTTON SOFT רפואי 100 גר' 3102136,הדקלאים אגודת שיתופי,TR,צמר גפן,Unknown,0.00,Unknown,false,1,5.90,0.0000,true,1,171468
7290003102280,false,צימרוני שסתום לתינוק טוליפס פרמיום,טוליפס,,צימרוני אוזניים לתינ,Unknown,0.00,Unknown,false,1,5.90,0.0000,true,1,171895
7290003102419,false,כפפות ניילון איזי טא,איזי טאצ',CN,100 כפפות ניילון,Unknown,0.00,Unknown,false,1,7.90,0.0000,true,1,171469
7290003102723,false,"מטהר אויר בניחוח וניל 300 מ""ל HOSTESS",הוסטס,,מטהר אויר,Unknown,0.00,Unknown,false,1,8.90,0.0000,true,1,170762
7290003102891,false,שקיות צליה הוסטס בקופסה 10יח',הוסטס,,שקיות צליה,Unknown,0.00,Unknown,false,1,5.90,0.0000,true,1,171675
7290003102976,false,צימרוני אוז' פל' בקופסה 200יח',הדקלאים אגודת שיתופי,CN,צמרוני אוזניים פלסטי,Unknown,0.00,Unknown,false,1,4.90,0.0000,true,1,170763
7290003102990,false,פדים להסרת איפור 80 יח',כוטון סופט,,פדים,גרמים,40.00,100 גרם,false,1,8.90,22.2500,true,1,171470
7290003118113,false,פיתה ביס קמח לבן 10 יח',,,פיתה בייבי 10 יח,Unknown,0.00,Unknown,false,1,15.90,0.0000,true,1,186913
7290003126712,false,יוגורט עיזים בגביע 3% צוריאל 150 ג',מחלבת משק צוריאל,IL,יוגורט עיזים טבעי 150 גר,גרמים,150.00,100 גרם,false,1,6.50,4.3333,true,1,170952
7290003126958,false,טופו גבינה גוש בואקום צוריאל 300 ג',א.י.ן תעשיות מזון בע,IL,טופו גולמי 300 גר,גרמים,300.00,100 גרם,false,1,12.90,4.3000,true,1,171218
7290003127818,false,שקיות אשפה אחת אחת שרוך 60יח',אשפלסט,,"אשפתון 60 יח""",Unknown,0.00,Unknown,false,1,19.90,0.0000,true,1,171363
7290003133123,false,לחם זהב עגול אוקראיני 750 ג',מאפיית דוידוביץ ובני,IL,לחם שיפון אוקראיני 750 גר,גרמים,750.00,100 גרם,false,1,12.90,1.7200,true,1,171364
7290003133505,false,לחם שיפונטו דוידוביץ,,,לחם שיפונטו,גרמים,750.00,100 גרם,false,1,12.90,1.7200,true,1,170766
7290003141159,false,מרשמלו יוגטה 180 גרם,סאדאט,IL,מרשמלו יוגטה 180 גר,גרמים,180.00,100 גרם,false,1,6.90,3.8333,true,1,176338
7290003142477,false,ערמונים קלופים וקלוי,הדקלאים אגודת שיתופי,IL,ערמונים קלופים וקלויים 100 גר,גרמים,100.00,100 גרם,false,1,5.90,5.9000,true,1,176111
7290003143139,false,סילאן תמרים קלית גת 900 ג',"טעמי הגליל בע""מ",IL,"סילאן ""קליית גת"" 900",גרמים,900.00,100 גרם,false,1,13.90,1.5444,true,1,171221
7290003143146,false,ממרח תמרים קליית גת 450 ג',הדקלאים אגודת שיתופי,IL,"ממרח תמרים ""קליית גת",גרמים,450.00,100 גרם,false,1,5.90,1.3111,true,1,171367
7290003143276,false,יוגטה מרשמלו מגולגל 180גר,מוטקה החולב,TR,"חטיף ""יוגטה"" מרשמלו מגולגל 180 גר",גרמים,180.00,100 גרם,false,1,6.90,3.8333,true,1,177352
7290003185719,false,קבב רומני 500 גרם,טיבון ויל אחזקות בעמ,IL,"קבב רומני 500 ג""ר",גרמים,500.00,100 גרם,false,1,18.90,3.7800,true,1,171897
7290003208586,false,וורמוט מרטיני ביאנקו,מרטיני ורוסי,IT,"מרטיני לבן 750 מ""ל",מיליליטרים,750.00,"100 מ""ל",false,1,44.90,5.9867,true,1,171227
7290003208647,false,יין מבעבע מרטיני ברו,,,יין מבעבע מרטיני בר,מיליליטרים,750.00,"100 מ""ל",false,1,64.90,8.6533,true,1,170995
7290003208715,false,וורמוט מרטיני רוסטו,,,"מרטיני ""וורמוט"" רוסט",מיליליטרים,750.00,"100 מ""ל",false,1,44.90,5.9867,true,1,171899
7290003224029,false,כיסוני דובדבן 400 גר,,,כיסונים עם דובדבן 40,גרמים,400.00,100 גרם,false,1,24.90,6.2250,true,1,171370
7290003224036,false,אוכמניות כחולות גולוביקה,מאמא מרי,US,אוכמניות כחולות 300,גרמים,300.00,100 גרם,false,1,18.90,6.3000,true,1,171473
7290003224043,false,צבורקי מאמא מרי במיל,,,צבורקי מאמא מרי במילוי בשר 6 יח 240 גר,גרמים,240.00,100 גרם,false,1,25.90,10.7917,true,1,171474
7290003224128,false,"כיסונים תפו""א 800 ג' מאמא מרי",מאמא מרי,,"כיסונים תפו""א 800 ג""",גרמים,800.00,100 גרם,false,1,22.90,2.8625,true,1,170997
7290003224135,false,כיסונים עם בשר 800 ג,מאמא מרי,,כיסונים עם בשר 800 ג,גרמים,800.00,100 גרם,false,1,26.90,3.3625,true,1,170964
7290003224142,false,"בלינצ'ס תפ""א ופטריות 7 יחידות",מאמא מרי,IL,"בלינצ""ס פטריות ותפו""",גרמים,400.00,100 גרם,false,1,21.90,5.4750,true,1,170998
7290003224159,false,בלינצ'יס בשר 7 יחידות,מאמא מרי,IL,"בלינצ""ס בשר 7 יח""",גרמים,400.00,100 גרם,false,1,26.90,6.7250,true,1,170777
7290003224227,false,פירושקי בשר מאמא מרי,,,"פירוז""קי בשר 7 יח""",גרמים,400.00,100 גרם,false,1,24.90,6.2250,true,1,171475
7290003224258,false,קרפלך במילוי בשר בקר,,,"פירוז""קי ריבה 7 יח""",גרמים,1500.00,100 גרם,false,1,59.90,3.9933,true,1,171682
7290003224296,false,פירושקי עם כרוב 7 יח,,,פירושקי עם כרוב 7 יח 400 גר,גרמים,400.00,100 גרם,false,1,19.90,4.9750,true,1,171478
7290003224326,false,בצק שמרים 800 גר,,,בצק שמרים 800 גר,גרמים,800.00,100 גרם,false,1,16.90,2.1125,true,1,171373
7290003224333,false,דובדבן חמוץ מאמאמרי,מאמא מרי,,"דובדבן חמוץ 300 ג""ר",גרמים,300.00,100 גרם,false,1,12.90,4.3000,true,1,170966
7290003224357,false,קוואס 2 ל,,,קוואס 2 ליטר,ליטרים,2.00,ליטר,false,1,16.90,8.4500,true,1,171900
7290003224388,false,חמוציות קפוא 300גר,מאמא מרי,,חמוציות 300 גר,גרמים,300.00,100 גרם,false,1,11.90,3.9667,true,1,170999
7290003224456,false,"כיסונים בשר סיבירסקי מאמא מרי 1 ק""ג",מאמא מרי,,"כיסונים בשר ""סיבירסק",קילוגרמים,1.00,"ק""ג",false,1,32.90,32.9000,true,1,170968
7290003224463,false,"כיסונים בשר אוקראינסקי 1ק""ג",מאמא מרי,,"כיסונים בשר ""אוקראינ",קילוגרמים,1.00,"ק""ג",false,1,32.90,32.9000,true,1,170969
7290003224470,false,"כיסונים בשר 1ק""ג קייבסקי",מאמא מרי,IL,"כיסונים בשר ""קייבסקי",קילוגרמים,1.00,"ק""ג",false,1,32.90,32.9000,true,1,171901
7290003224487,false,"כיסונים בשר 1 ק""ג מאמא מרי",,,כיסונים עם בשר מאמא,קילוגרמים,1.00,"ק""ג",false,1,32.90,32.9000,true,1,170970
7290003224500,false,צ'רניקה אוכמניות שחורות,,,"אוכמניות שחורות (צ""ר",גרמים,300.00,100 גרם,false,1,19.90,6.6333,true,1,171000
7290003224555,false,פטל אדום 300 גר,,,"פטל אדום 300 ג""ר",גרמים,300.00,100 גרם,false,1,24.90,8.3000,true,1,171374
7290003224616,false,כיסטנים גבינה מלוחה 400 ג' מאמא מרי,מאמא מרי,IL,כיסונים בטעם גבינה מלוחה 400 גר,גרמים,400.00,100 גרם,false,1,24.90,6.2250,true,1,203719
7290003224623,false,כיסטנים גבינה מתוקה 400 ג' מאמא מרי,מאמא מרי,IL,כיסונים בטעם גבינה מתוקה 400 גר,גרמים,400.00,100 גרם,false,1,24.90,6.2250,true,1,203720
7290003224654,false,מיקס פירות יער קפוא,מאמא מרי,,מיקס פירות יער 300 גר,גרמים,300.00,100 גרם,false,1,15.90,5.3000,true,1,171479
7290003224708,false,בלינצ'ס גבינה 400 ג' מאמא מרי,מאמא מרי,IL,בלינצס גבינה 7 יח,גרמים,400.00,100 גרם,false,1,29.90,7.4750,true,1,203718
7290003224746,false,דומדמניות שחורות קפו,מאמא מרי,,דמדמניות שחורות 300 גר,גרמים,300.00,100 גרם,false,1,14.90,4.9667,true,1,170971
7290003224753,false,דמדמניות אדומות קפוא,,,דמדמניות אדומות 300 גר,גרמים,300.00,100 גרם,false,1,11.90,3.9667,true,1,171480
7290003224784,false,בלינצ'ס עם דובדבנים 7 יחידות,מאמא מרי,IL,"בלינצ""ס דובדבנים 7 י",גרמים,400.00,100 גרם,false,1,26.90,6.7250,true,1,171902
7290003224807,false,אוכמניות אדומות קפוא,,,אוכמניות אדומות (ברו,גרמים,300.00,100 גרם,false,1,19.90,6.6333,true,1,171683
7290003224821,false,כיסוני בשר ביתיים 1,,,כיסוני בשר ביתיים 1 קג,קילוגרמים,1.00,"ק""ג",false,1,34.90,34.9000,true,1,178312
7290003224845,false,קרפלוני תפוא ופטריות,מאמא מרי,IL,"ריבת אפרסק 380 ג""ר",גרמים,800.00,100 גרם,false,1,22.90,2.8625,true,1,171012
7290003229109,false,פסטרמה בפפריקה טירת צבי 400 ג',הנסיך- מפעל לייצור ט,IL,פסטרמה בפפריקה 400 גר,גרמים,400.00,100 גרם,false,1,26.90,6.7250,true,1,176407
7290003229116,false,פסטרמה בדבש טירת צבי 400 ג',הנסיך- מפעל לייצור ט,IL,פסטרמה בדבש 400 גר,גרמים,400.00,100 גרם,false,1,26.90,6.7250,true,1,176408
7290003229123,false,פסטרמה על גחלים טירת צבי 400 ג',הנסיך- מפעל לייצור ט,IL,פסטרמה על גחלים 400 גר,גרמים,400.00,100 גרם,false,1,26.90,6.7250,true,1,176409
7290003229154,false,סלמי קוניאק מובחר טירת צבי 300 ג',הנסיך- מפעל לייצור ט,IL,נקניק קוניאק מובחר 300 גר,גרמים,300.00,100 גרם,false,1,26.90,8.9667,true,1,176414
7290003229192,false,כתף בקר מעושן טירת צבי 400 ג' צבי,טיב טירת צבי 2000,IL,כתף בקר מעושן 400 גר,גרמים,400.00,100 גרם,false,1,26.90,6.7250,true,1,176416
7290003287215,false,גולש בקר קפוא ארוז 800 ג',,,גולש בקר קפוא ארוז 800 גר,גרמים,800.00,100 גרם,false,1,39.90,4.9875,true,1,175889
7290003287253,false,נקנקיות מרגז בלאדי 500 ג',קרלו,IL,מרגז קצביה 500 גר,גרמים,500.00,100 גרם,false,1,26.90,5.3800,true,1,180451
7290003287284,false,קבב ביתי קצביה ארוז 600 ג' - 8 יח',,,קבב ביתי 600 גר,גרמים,600.00,100 גרם,false,1,26.90,4.4833,true,1,180453
7290003287291,false,קבב טלה וצנובר קצביה ארוז 600 ג' - 8 יח',יוליניבר,IL,קבב טלה וצנובר 600 גר,גרמים,600.00,100 גרם,false,1,26.90,4.4833,true,1,180454
7290003287307,false,קבב רומני קצביה ארוז 600 ג' - 8 יח',,,קבב רומני 600 גר,גרמים,600.00,100 גרם,false,1,26.90,4.4833,true,1,180455
7290003321155,false,יוגורט בר עם פקאן מצופה שוקולד 183 ג' דנונה,"שטראוס בריאות בע""מ",IL,מעדן פקאן סיני 183 גר,גרמים,183.00,100 גרם,false,1,4.50,2.4590,true,1,170978
7290003321292,false,גבינה לבנה 9% שומן 250 ג' שטראוס,מיוצר עי קונדיטוריית,IL,גבינה לבנה סקי 9% 25,גרמים,250.00,100 גרם,false,1,4.75,1.9000,true,1,170793
7290003387410,false,בלונס פדים להסרת איפור שלישיה,SEPTONA S.A.,GR,מסיר איפור,Unknown,0.00,Unknown,false,1,19.90,0.0000,true,1,171375
7290003401376,false,"קרם לחות ועיצוב לשיער אלוורה נטורל 400 מ""ל",מיוצר עי אמיליה קוסמ,IL,קרם לחות ועיצוב לשיע,מיליליטרים,400.00,"100 מ""ל",false,1,19.90,4.9750,true,1,171233
7290003402809,false,חטיף שוקולד לבן במיל,Unknown,,שוקולד ריזס לבן 39 גר,גרמים,39.00,100 גרם,false,1,3.90,10.0000,true,1,197816
7290003411054,false,שקיות צליה גדול דליקטס רוסטי הנמל 5יח`,סאדאת איסטנבול,TR,שקיות צליה (דליקטס ג,Unknown,0.00,Unknown,false,1,3.90,0.0000,true,1,170979
7290003411238,false,שמרים יבשים נמסים הנ,ברוגמאן גנט,BE,שמרים נמס,גרמים,500.00,100 גרם,false,1,13.90,2.7800,true,1,171376
7290003411313,false,הנמל מפה מבד לא ארוג 180*120,שיווק: הנמל אריזות ו,IL,מפות על בד,גרמים,100.00,100 גרם,false,1,6.90,6.9000,true,1,171908
7290003411566,false,צמרוני אזניים עץ הנמ,שוורצקוף& הנקל דיסלד,CN,צמרונים,Unknown,0.00,Unknown,false,1,2.90,0.0000,true,1,171483
7290003411726,false,קיסמי שיניים מלחיה הנמל 300יח',הנמל אריזות ושיווק ב,IL,"קסמים מלחיה 300 יח""",Unknown,0.00,Unknown,false,1,4.00,0.0000,true,1,171484
7290003411856,false,"גרנולה תפו""ע וקינמון 400 ג'",,,"גרנולה קינמון+תפו""ע",גרמים,400.00,100 גרם,false,1,10.90,2.7250,true,1,171377
7290003411948,false,צמר גפן הנמל 100 גרם,ספה,TR,צמר גפן,Unknown,0.00,Unknown,false,1,4.90,0.0000,true,1,171378
7290003411993,false,גפרורים הנמל 10 יחיד,"איטיליאן פוד, אס.פי.",SE,"גפרורים 10 יח""",Unknown,0.00,Unknown,false,1,4.90,0.0000,true,1,170980
7290003427154,false,"שמן זית כתית מעולה זיתא 750 מ""ל",זיתא – י.ט.ב תעשיות,IL,"שמן זית זיתא כתית 750 מ""ל",מיליליטרים,750.00,"100 מ""ל",false,1,32.90,4.3867,true,1,171379
7290003438006,false,ממרח אולביה פסטו וצנובר איטלקי 190ג',מיוצר עי קונדיטוריית,IL,אוליביה ממרח פסטו אי,גרמים,180.00,100 גרם,false,1,12.90,7.1667,true,1,171485
7290003438020,false,ממרח עגבניות מיובשות 190 ג' אוליביה,מיוצר עי קונדיטוריית,IL,אוליביה ממרח עגבניות,גרמים,190.00,100 גרם,false,1,12.90,6.7895,true,1,170796
7290003444009,false,ריזס חטיף שוקולד 42 גרם,הרשי,US,"שוקולד חלב ""ריזס"" 42 גר",גרמים,42.00,100 גרם,false,1,3.90,9.2857,true,1,177348
7290003450602,false,חרדל אמיתי צהוב בקבוק לחיץ 255 גר,היינץ צפון אמריקה -,US,ממרח חרדל צהוב 255 גר,גרמים,255.00,100 גרם,false,1,9.90,3.8824,true,1,171486
7290003514007,false,שקדי מרק מאסטר שף 40,מנה Mana,IL,"שקדי מרק ""מנה"" 400 ג",גרמים,400.00,100 גרם,false,1,9.90,2.4750,true,1,170811
7290003514571,false,פריכיות אורז עם מלח מנה 100 ג',מנה Mana,IL,"פריכיות אורז ""מנה"" עם מלח 100",גרמים,100.00,100 גרם,false,1,5.90,5.9000,true,1,176135
7290003525461,false,סלט טונה פקנטי 160 ג' ויליגר,ויליגר,,סלט טונה פיקנטי 160,גרמים,160.00,100 גרם,false,1,5.90,3.6875,true,1,171238
7290003527380,false,דובדובן ללא חרצן 680 ג',גולדסטארקפט,,"דובדבן ""ויליגר"" ללא חרצן 680 גר",גרמים,680.00,100 גרם,false,1,9.90,1.4559,true,1,171489
7290003550753,false,טונה פוסידון בשמן רביעיה *108 ג',"מיוצר עי וליגר בעמ,",IL,רביעיית טונה פוסייד,גרמים,432.00,100 גרם,false,1,23.90,5.5324,true,1,171098
7290003570928,false,קבב בלדי קצביה ארוז קפוא 500ג',בלאדי,IL,קבב בלדי קצביה ארוז 500 גר,גרמים,500.00,100 גרם,false,1,26.90,5.3800,true,1,184623
7290003578108,false,אננס חתיכות ויליפוד 850 ג',טקרנג פינאפל אינדסטר,TH,"אננס חתוך 850 ג""ר",גרמים,850.00,100 גרם,false,1,9.90,1.1647,true,1,171239
7290003578153,false,נתחי טונה בשמן צמחי 160ג' וילי פוד,גולדן פרייז קאנינג א,TH,"טונה ""וילי פוד"" בשמן",גרמים,160.00,100 גרם,false,1,6.50,4.0625,true,1,171029
7290003578313,false,דובדבנים חמוצים ללא חרצנים 680גר,דל מונטה היילס אס.אי,HU,דובדבן ללא חרצנים 680 גר,גרמים,680.00,100 גרם,false,1,10.90,1.6029,true,1,170813
7290003598311,false,מינוט סטייק חלק ריאה 300 ג',בלדי,IL,מינוט סטייק 300 גר,גרמים,300.00,100 גרם,false,1,34.90,11.6333,true,1,183463
7290003643004,false,"אורז בסמטי קלאסי 1 ק""ג סוגת",האי נאם סי או אל.טי.,IL,"אורז בסמטי 1 ק""ג",קילוגרמים,1.00,"ק""ג",false,1,12.90,12.9000,true,1,171693
7290003643127,false,סוגת אבקת אפיה 10*10 ג',גוד פוד פרודקטס S.p,IL,סוגת אבקת אפיה 10*10,גרמים,100.00,100 גרם,false,1,2.90,2.9000,true,1,171242
7290003643134,false,סוגת סוכר וניל 10 יח*10 גרם,גוד פוד פרודקטס S.p,IL,סוגת סוכר וניל 10 יח,גרמים,100.00,100 גרם,false,1,2.90,2.9000,true,1,171099
7290003643158,false,קורנפלור 200 ג' סוגת,המאפיה של הרמן,IL,"קורנפלור 200 ג""ר",גרמים,200.00,100 גרם,false,1,2.90,1.4500,true,1,171913
7290003643165,false,קורנפלור 500 ג' סוגת,,,קונפלור 500 גרם,גרמים,500.00,100 גרם,false,1,5.90,1.1800,true,1,171243
7290003643172,false,אבקת סוכר 100 ג' סוגת,א.ל ייצור ושיווק תבל,IL,אבקת סוכר,גרמים,100.00,100 גרם,false,1,2.90,2.9000,true,1,171694
7290003643325,false,קוסקוס בינוני 350 גרם סוגת,קריות זול,IL,"קוסקוס בינוני 350 ג""ר",גרמים,350.00,100 גרם,false,1,4.90,1.4000,true,1,171491
7290003643387,false,"סוכר לבן בצנצנת 1 ק""ג סוגת",האי נאם סי או אל.טי.,IL,סוכר לבן צנצנת,קילוגרמים,1.00,"ק""ג",false,1,8.90,8.9000,true,1,171492
7290003643646,false,"סוכר דמררה קלאסי בצנצנת סוגת 1 ק""ג",האי נאם סי או אל.טי.,IL,סוכר חום דמררה,קילוגרמים,1.00,"ק""ג",false,1,11.90,11.9000,true,1,171695
7290003643684,false,אפונה יבשה סוגת 500 גר',האי נאם סי או אל.טי.,IL,"אפונה 500 ג""ר",גרמים,500.00,100 גרם,false,1,6.90,1.3800,true,1,171914
7290003643707,false,גריסים 500 גרם סוגת,"סוגת תעשיות בע""מ",IL,גריסים 500גר,גרמים,500.00,100 גרם,false,1,5.90,1.1800,true,1,171915
7290003643714,false,חומוס סוגת 500 גרם,האי נאם סי או אל.טי.,IL,חומוס 500גר,גרמים,500.00,100 גרם,false,1,7.90,1.5800,true,1,171493
7290003643738,false,סוגת חיטה 500 גרם,האי נאם סי או אל.טי.,IL,חיטה 500גר,גרמים,500.00,100 גרם,false,1,5.90,1.1800,true,1,171245
7290003643745,false,סוגת כוסמת 500 גרם,האי נאם סי או אל.טי.,IL,"כוסמת 500 ג""ר",גרמים,500.00,100 גרם,false,1,7.90,1.5800,true,1,170815
7290003643752,false,עדשים ירוקים יבש סוגת 500 גר',האי נאם סי או אל.טי.,IL,"עדשים ירוקים 500 ג""ר",גרמים,500.00,100 גרם,false,1,7.90,1.5800,true,1,171381
7290003643769,false,עדשים אדומים יבש סוגת 500 גר',"סוגת תעשיות בע""מ",IL,עדשים אדומים 500גר,גרמים,500.00,100 גרם,false,1,7.90,1.5800,true,1,171696
7290003643776,false,"פופקורן גרעינים סוגת 500 ג' כשל""פ",האי נאם סי או אל.טי.,IL,פופקורן 500גר,גרמים,500.00,100 גרם,false,1,5.90,1.1800,true,1,171697
7290003643783,false,קוקוס סוגת 100 גרם,האי נאם סי או אל.טי.,IL,קוקוס טחון 100גר,גרמים,100.00,100 גרם,false,1,3.90,3.9000,true,1,171100
7290003643806,false,שעועית לבנה יבשה סוגת 500 ג',האי נאם סי או אל.טי.,IL,שעועית לבנה 500גר,גרמים,500.00,100 גרם,false,1,10.90,2.1800,true,1,171033
7290003643813,false,שעועית אדומה יבשה סוגת 500 גר',האי נאם סי או אל.טי.,IL,"שעועית אדומה 500 ג""ר",גרמים,500.00,100 גרם,false,1,10.90,2.1800,true,1,171382
7290003643820,false,חומוס ענק יבש סוגת 500 גרם,Unknown,,"חומוס ענק 500 ג""ר",גרמים,500.00,100 גרם,false,1,9.90,1.9800,true,1,171698
7290003715107,false,בוטנים קלופים 400 גר,,,"בוטנים קלופים 400 ג""",גרמים,400.00,100 גרם,false,1,11.90,2.9750,true,1,170819
7290003715541,false,שזיפים 250 גר,,,שזיפים 250גר,גרמים,250.00,100 גרם,false,1,13.90,5.5600,true,1,171919
7290003715558,false,תאנים 250 גר,,,תאנים 250גר,גרמים,250.00,100 גרם,false,1,16.90,6.7600,true,1,170821
7290003715565,false,צימוקים 250 גר,,,צימוקים 250גר,גרמים,250.00,100 גרם,false,1,11.90,4.7600,true,1,171703
7290003715596,false,אגוז מלך 300 גר,,,"אגוז מלך 300 ג""ר",גרמים,300.00,100 גרם,false,1,28.90,9.6333,true,1,171495
7290003715817,false,חמוציות חצאים 150 גר,,,חמוציות חצאים 150 גר,גרמים,150.00,100 גרם,false,1,12.90,8.6000,true,1,170261
7290003715824,false,פרג טחון 100 גר,,,פרג טחון,גרמים,100.00,100 גרם,false,1,4.90,4.9000,true,1,171040
7290003719259,false,לחם ליבו אקסלוסיבי 1 ק'ג,מאפית י את א ברמן בע,IL,"לחם ""ליבו"" אקסקלוסיב",קילוגרמים,1.00,"ק""ג",false,1,16.90,16.9000,true,1,171705
7290003726592,false,טופו מתובל בפסטו במרקם קלאסי,משק וואיילר,IL,טופו משק ויילר בטעם פסטו 300 גר,גרמים,300.00,100 גרם,false,1,12.90,4.3000,true,1,188601
7290003726615,false,טופו הבית משק ויילר,הדקלאים אגודת שיתופי,IL,טופו משק ויילר 300 גר,גרמים,300.00,100 גרם,false,1,12.90,4.3000,true,1,188600
7290003744428,false,אובלטים מלוחים דקיקי,,,אובלטים מלוחים דקיקי,גרמים,300.00,100 גרם,false,1,10.90,3.6333,true,1,171389
7290003744855,false,אובלטים עם שומשום 300 גר,"ברט בע""מ",,אובלטים שומשום 300 ג,גרמים,300.00,100 גרם,false,1,10.90,3.6333,true,1,171923
7290003779499,false,גינגר ארוז 200 גרם,"מרינה פטריות הגליל בע""מ",IL,גינגר ארוז,Unknown,0.00,Unknown,false,1,9.90,0.0000,true,1,171249
7290003781652,false,צלפים במי מלח ויליפוד 350 ג',קריות זול,TR,צלפים ג,גרמים,350.00,100 גרם,false,1,9.90,2.8286,true,1,171250
7290003800414,false,פילה קט פיש מעובד פר,,,"פילה קט פיש מעובד פרמיום קפוא 1 ק""ג",קילוגרמים,1.00,"ק""ג",false,1,32.90,32.9000,true,1,186052
7290003804252,false,תיבולית בנוסח הודי 72 ג' קנור,יוניליוור ישראל מזון,IL,תיבולית הודי קנור 72,גרמים,72.00,100 גרם,false,1,7.90,10.9722,true,1,171042
7290003804320,false,תיבולית שום ופטרוזיליה 72 ג' קנור,יוניליוור ישראל מזון,IL,תיבולית שום קנור 72,גרמים,72.00,100 גרם,false,1,7.90,10.9722,true,1,171043
7290003804368,false,"תיבולית בזיליקום בד""ץ 72 ג' קנור",יוניליוור ישראל מזון,IL,תיבולית בזיליקום קנו,גרמים,72.00,100 גרם,false,1,7.90,10.9722,true,1,171391
7290003804382,false,"תיבולית פטריות בד""ץ 72 ג' קנור",יוניליוור ישראל מזון,IL,תיבולית פיטריות קנור,גרמים,72.00,100 גרם,false,1,7.90,10.9722,true,1,171392
7290003805501,false,"פתית שוודי תלמה בד""צ 300 ג'",יוניליוור ישראל מזון,IL,"פתית שוודי 300 ג""ר",גרמים,300.00,100 גרם,false,1,15.90,5.3000,true,1,171045
7290003805587,false,"פתית חיטה מלאה למה בד""צ 250 ג'",יוניליוור ישראל מזון,IL,פתית חיטה מלאה 250גר,גרמים,250.00,100 גרם,false,1,15.90,6.3600,true,1,171706
7290003807178,false,"רוטב סויה בסגנון סיני 300 מ""ל קנור",אתר חיפה 778,IL,רוטב סויה בסגנון סינ,מיליליטרים,300.00,"100 מ""ל",false,1,10.90,3.6333,true,1,171253
7290003807482,false,רוטב טריאקי 370 ג' קנור,יוניליוור ישראל מזון,IL,"רוטב טריאקי 300 מ""ל",גרמים,370.00,100 גרם,false,1,10.90,2.9459,true,1,171393
7290003864478,false,סרדינים בשמן צמחי ויליפוד 110ג' פתח קל,גולדן פרייז קאנינג א,TH,סרדינים בשמן צמחי 120 גר,גרמים,110.00,100 גרם,false,1,4.90,4.4545,true,1,171925
7290003864485,false,סרדינים ברוטב עגבנ יות ויליפוד 110ג' פתח קל,גולדן פרייז קאנינג א,TH,סרדין ברוטב עגבניות,גרמים,110.00,100 גרם,false,1,4.90,4.4545,true,1,170825
7290003864492,false,סרדינים בשמן צמחי חריף פתח קל ויליפוד 110ג',גולדן פרייז קאנינג א,TH,סרדינים בשמן צמחי חר,גרמים,110.00,100 גרם,false,1,4.90,4.4545,true,1,170826
7290003882922,false,עלי גפן ממולאים באורז ויליפוד 400ג',הזה פלאקספו פוד קו ב,CN,עלי גפן ממולאים באורז 400 גר,גרמים,400.00,100 גרם,false,1,9.90,2.4750,true,1,171926
7290003976560,false,"מטהר אוויר אוטומטי מיסטרי טאצ 250 מ""ל",,,מטהר אויר אוטומטי 250 מל מיסטרי טאצ,מיליליטרים,250.00,"100 מ""ל",false,12,11.90,4.7600,true,1,193568
7290003976591,false,"מטהר אוויר אוטומטי לוטוס טאצ 250 מ""ל",,,מטהר אויר אוטומטי 250 מל לוטוס טאצ,מיליליטרים,250.00,"100 מ""ל",false,12,11.90,4.7600,true,1,193571
7290003976607,false,גל אקונומיקה סמיכה לבנדר טאצ' לבנדר 4 ל',סאסאטק,IL,גל אקונומיקה סמיכה לבנדר 4 ל טאצ עם פקק,ליטרים,4.00,ליטר,false,6,11.90,2.9750,true,1,193560
7290003976614,false,גל אקונומיקה סמיכה פרחים טאצ' לבנדר 4 ל',,,גל אקונומיקה סמיכה פרחים 4 ל טאצ עם פקק,ליטרים,4.00,ליטר,false,6,11.90,2.9750,true,1,193561
7290003980413,false,תה שקוף ציפור 500 גר,סי.בי.עם.קולומבו,,תה שקוף ציפור 500 גר,גרמים,500.00,100 גרם,false,1,39.90,7.9800,true,1,171708
7290003989539,false,לורנצו רביולי במילוי גבינה,מיוצר עי קונדיטוריית,IL,"רביולי גבינה 400 ג""ר",גרמים,400.00,100 גרם,false,1,19.90,4.9750,true,1,171396
7290003989553,false,"פסטה טורטליני פטריות, 400 גרם",מיוצר עי קונדיטוריית,IL,טורטלוני פטריות 400,גרמים,400.00,100 גרם,false,1,19.90,4.9750,true,1,171255
7290004011338,false,"קצפת מתוקה מכונה 250 מ""ל ריץ'",האי נאם סי או אל.טי.,IT,"קצפת ""ריץ"" 250 מ""ל",מיליליטרים,250.00,"100 מ""ל",false,12,11.90,4.7600,true,1,171710
7290004011802,false,טיבון ויל צוריסוס אל,טיבון ויל אחזקות בעמ,IL,"צ""וריםום ""אל גאוצ""ו""",גרמים,400.00,100 גרם,false,1,21.90,5.4750,true,1,171928
7290004011819,false,המבורגר ריב אנטריקוט אל גאוצו 360 גרם,האי נאם סי או אל.טי.,IL,"המבורגר ""ריב"" אנטריק",גרמים,360.00,100 גרם,false,1,21.90,6.0833,true,1,171257
7290004011826,false,מיני המבורגר ריב אנט,טיבון ויל אחזקות בעמ,IL,"מיני המבורגר ""ריב"" א",גרמים,360.00,100 גרם,false,1,21.90,6.0833,true,1,170831
7290004030018,false,"פריניב מיץ לימון סחוט פרי לתיבול 500 מ""ל",הנסיך- מפעל לייצור ט,IL,"מיץ לימון 0.5 ל""",מיליליטרים,500.00,"100 מ""ל",false,1,6.90,1.3800,true,1,171929
7290004030100,false,מיץ תפוזים ולנסיה סחוט 1 ליטר100%,,,מיץ תפוזים סחוט וולנסיה 1 ל,ליטרים,1.00,ליטר,false,1,15.90,15.9000,true,1,191453
7290004030216,false,פריניב נקטר חמוציות 1ליטר,פריניב בעמ,IL,מיץ חמוציות 1 ל,ליטרים,1.00,ליטר,false,1,15.90,15.9000,true,1,176089
7290004030544,false,פריניב מיץ לימונדה לואיזה ולמון גראס 1 ליטר,פריניב בעמ,IL,משקה לימונדה לואיזה ולמון גראס 1 ל,ליטרים,1.00,ליטר,false,1,15.90,15.9000,true,1,171931
7290004030612,false,פרי ניב מיץ קיוי אגס ללא תוספת סוכר 1ל,פריניב בעמ,IL,מיץ קיווי אגס 90% ללא סוכר 1ל,ליטרים,1.00,ליטר,false,1,15.90,15.9000,true,1,177672
7290004030834,false,פריניב מיץ רימונים סחוט 1 ליטר,פריניב בעמ,IL,מיץ רימונים 100% 1 ל,ליטרים,1.00,ליטר,false,1,25.90,25.9000,true,1,171059
7290004033712,false,לחם עננים מקמח מלא עם פרוסות עבות,מאפית י את א ברמן בע,IL,לחם עננים ברמן מקמח מלא 750 גר,גרמים,750.00,100 גרם,false,1,14.90,1.9867,true,1,200530
7290004033729,false,לחם עננים מקמח כוסמין עם פרוסות עבות,מאפית י את א ברמן בע,IL,לחם עננים ברמן כוסמין 750 גר,גרמים,750.00,100 גרם,false,1,14.90,1.9867,true,1,200531
7290004033736,false,"עננים לחם לבן בסגנון בריוש עם פרוסות עבות, 500 גרם",מאפית י את א ברמן בע,IL,לחם עננים ברמן בסגנון בריוש 500 גר,גרמים,500.00,100 גרם,false,1,14.90,2.9800,true,1,200532
7290004043205,false,אמ&אמס אריזה בינונית,מרס,,סוכריות מ&מס בוטנים 93 גר,גרמים,93.00,100 גרם,false,1,7.90,8.4946,true,1,183366
7290004050863,false,סלמי הרץ פרוס 170 גר,ישרקו שיווק מותגי מז,,"סלמי הרץ פרוס 170 ג""",גרמים,170.00,100 גרם,false,1,35.90,21.1176,true,1,171259
7290004050955,false,פטה כבד עוף 170 גר,ישרקו שיווק מותגי מז,,"פטה כבד עוף 170 גר""",גרמים,170.00,100 גרם,false,1,16.90,9.9412,true,1,171061
7290004051334,false,פפרוני עגל פרוס 170,ישרקו שיווק מותגי מז,,פפרוני עגל פרוס 170,גרמים,170.00,100 גרם,false,1,34.90,20.5294,true,1,171398
7290004051792,false,נקניקיות קוקטייל 900,ישרקו שיווק מותגי מז,,נקניקיות קוקטייל 900,גרמים,900.00,100 גרם,false,1,54.90,6.1000,true,1,171712
7290004052836,false,שמאלץ אווז 200 גר,ישרקו שיווק מותגי מז,,"שמאלץ אווז 200 גר""",גרמים,200.00,100 גרם,false,1,29.90,14.9500,true,1,171263
7290004053192,false,נקניקיות עגל בוואקום,,,נקניקיות עגל בוואקום 600 גר,גרמים,600.00,100 גרם,false,1,31.90,5.3167,true,1,199663
7290004054267,false,נקניקיות פרנקפורט 90,ישרקו שיווק מותגי מז,,נקניקיות פרנקפורט 90,גרמים,900.00,100 גרם,false,1,54.90,6.1000,true,1,171071
7290004054649,false,מיני מוסקובסקיה 300,ישרקו שיווק מותגי מז,,מיני מוסקובסקיה 300 גר,גרמים,300.00,100 גרם,false,1,39.90,13.3000,true,1,171399
7290004054885,false,נקניקיות איטלקיות עם,ישרקו שיווק מותגי מז,,נקניקיות איטלקיות עם,גרמים,400.00,100 גרם,false,1,28.90,7.2250,true,1,171715
7290004055745,false,נקניקיות סליבוצניה 6,,,נקניקיות סליבוצניה 600 גר,גרמים,600.00,100 גרם,false,1,34.90,5.8167,true,1,184574
7290004061449,false,שף העוף שניצל אמרקאי 700 גר,,,שניצל אמריקאי 700 גר,גרמים,700.00,100 גרם,false,1,12.90,1.8429,true,1,171716
7290004061463,false,שניצל עוף אמיתי שומש,,,שניצל עוף אמיתי שומש,גרמים,700.00,100 גרם,false,1,29.90,4.2714,true,1,171123
7290004061487,false,טבעות עוף 700 גר,,,"טבעות עוף 700 גר""",גרמים,700.00,100 גרם,false,1,14.90,2.1286,true,1,171400
7290004061494,false,נגיסי עוף 700 גר,,,"נגיסי עוף 700 גר""",גרמים,700.00,100 גרם,false,1,14.90,2.1286,true,1,170835
7290004063016,false,מלח שולחן מעולה דק 1,האי נאם סי או אל.טי.,IL,"מלח דק 1 ק""ג",קילוגרמים,1.00,"ק""ג",false,1,1.90,1.9000,true,1,171505
7290004063115,false,"מלח מטבח עבה להמלחת בשר ובישול 1 ק""ג 1ק""ג",האי נאם סי או אל.טי.,IL,"מלח עבה 1 ק""ג",קילוגרמים,1.00,"ק""ג",false,1,1.90,1.9000,true,1,171264
7290004064181,false,"תבלין מלח ההימלאיה גס בצנצנת 1 ק""ג",חברת מלח הארץ אילת ב,IL,"מלח ההימלאיה גס בצנצנת 1 ק""ג",קילוגרמים,1.00,"ק""ג",false,1,17.90,17.9000,true,1,183781
7290004064297,false,"מלח מועשר ביוד בצנצנת 1 ק""ג",מלח הארץ,IL,"מלח הארץ מעושר ביודבצנצנת 1 ק""ג",קילוגרמים,1.00,"ק""ג",false,1,8.90,8.9000,true,1,188519
7290004064389,false,מלח הימלאיה דק מלחייה 250 ג',,,מלח הימלאיה דק מלחייה 250 גר,גרמים,250.00,100 גרם,false,18,9.90,3.9600,true,1,196706
7290004064501,false,מארז זוג מלחיות (מלחשום+הים האדום),,,זוג מלחיות 500 גר,גרמים,500.00,100 גרם,false,1,9.90,1.9800,true,1,204960
7290004068011,false,יוגורט כבשים בדלי 5% שומן 600 ג' גד,"מיוצר ע""י קוד יצרן M",IL,יוגורט כבשים בדלי 5% 600 גרם,גרמים,600.00,100 גרם,false,1,17.90,2.9833,true,1,178203
7290004068035,false,"איירן יוגורט לשתייה 3% גד 500 מ""ל","מיוצר ע""י קוד יצרן M",IL,איירן 500מל,מיליליטרים,500.00,"100 מ""ל",false,1,7.90,1.5800,true,1,178201
7290004078225,false,"שטיפת פה קולגייט פלקס מינט ירוק 500מ""ל",קולגייט- פלמוליב,PL,מי פה פלאקס ירוק מנטה עדין 500 מל,מיליליטרים,500.00,"100 מ""ל",false,1,29.90,5.9800,true,1,171124
7290004078263,false,מקלות לאוזניים בלונס,SEPTONA S.A,GR,בלונס זוגית צמרונים,Unknown,0.00,Unknown,false,1,11.90,0.0000,true,1,171072
7290004078270,false,נוזל כלים פלמוליב צילינדר לימון 1 ליטר,יבואן ומשווק: ש. שסט,GR,"נוזל כלים ""פלמוליב""",ליטרים,1.00,ליטר,false,1,13.90,13.9000,true,1,171125
7290004078690,false,"אגקס נוזל לניקוי אסלות מרענן 750 מ""ל",הנסיך- מפעל לייצור ט,FR,"אג""קס ג"" ל לשרותים 7",מיליליטרים,750.00,"100 מ""ל",false,1,14.90,1.9867,true,1,171265
7290004119133,false,כד יוגורט תנובה 6.5% שומן 1.5 ליטר,מיוצר עי קונדיטוריית,IL,יוגורט תנובה 7% 1.5,ליטרים,1.50,ליטר,false,1,17.90,11.9333,true,1,171935
7290004119225,false,יוגורט אננס 3% שומן 150 ג' יופלה,תנובה מרכז שיתופי לש,IL,50 3%יופלה אננס,גרמים,150.00,100 גרם,false,1,4.90,3.2667,true,1,170844
7290004119928,false,מעדן וניל גביע 1.5% שומן 125 ג' קרלו,מחלבת אלון תבור,IL,"קרלו וניל 125 ג""ר",מיליליטרים,125.00,"100 מ""ל",false,1,2.80,2.2400,true,1,170845
7290004119973,false,מעדן שוקו 1.5% שומן 125 ג' קרלו,תנובה מרכז שיתופי לש,IL,"קרלו שוקו 125 מ""ל",גרמים,125.00,100 גרם,false,1,2.90,2.3200,true,1,171507
7290004120061,false,קרלו שוקולד וניל 125,תנובה מרכז שיתופי לש,IL,מעדן קרלו שוניל 3% 1,גרמים,125.00,100 גרם,false,1,2.90,2.3200,true,1,171268
7290004120108,false,יופלה דיאט יוגורט דובדבן %0 גביע 150ג',תנובה מרכז שיתופי לש,IL,יופלה דיאט דובדבן,גרמים,150.00,100 גרם,false,1,4.90,3.2667,true,1,171127
7290004120566,false,גבינה בולגרית 24% 250 ג' פיראוס,קריות זול,IL,גבינה בולגרית פיראוס,גרמים,250.00,100 גרם,false,1,23.90,9.5600,true,1,170846
7290004120573,false,גבינה בולגרית %16 250 ג' פיראוס,תנובה מרכז שיתופי לש,IL,גבינה בולגרית פיראוס,גרמים,250.00,100 גרם,false,1,23.90,9.5600,true,1,171269
7290004120634,false,גבינה בולגרית %5 250 ג' פיראוס,תנובה מרכז שיתופי לש,IL,גבינה בולגרית פיראוס,גרמים,250.00,100 גרם,false,1,23.90,9.5600,true,1,170847
7290004120832,false,חלב תנובה טרי 3% מהדרין כד 2 ל',תנובה מרכז שיתופי לש,IL,חלב שתיה כד 2 ליטר,ליטרים,2.00,ליטר,false,1,12.46,6.2300,true,1,171717
7290004121488,false,יופלה דיאט אפרסק 0% גביע 150 ג',תנובה מרכז שיתופי לש,IL,יופלה דיאט אפרסק,גרמים,150.00,100 גרם,false,1,4.80,3.2000,true,1,171270
7290004121525,false,יופלה מאגדת פרי 4 תות 4 אפרסק 3% 8 יח'*150 ג',תנובה מרכז שיתופי לש,IL,מאגדת 8 יופלה אפרסק,גרמים,1200.00,100 גרם,false,1,31.90,2.6583,true,1,170848
7290004121754,false,יוגורט עוגת גבינה ותות 3% שומן 150 ג' יופלה,תנובה בעמ,IL,יופלה עוגת גבינה ותו,גרמים,150.00,100 גרם,false,1,4.90,3.2667,true,1,171937
7290004121839,false,גבינת פטה כבשים 20% 250 ג' פיראוס,תנובה מרכז שיתופי לש,IL,פטה פיראוס,גרמים,250.00,100 גרם,false,1,27.90,11.1600,true,1,171128
7290004121853,false,גבינה בולגרית בקוביות %5 200 ג' פיראוס,תנובה מרכז שיתופי לש,IL,גבינה בולגרית פיראוס,גרמים,200.00,100 גרם,false,1,21.90,10.9500,true,1,171938
7290004122119,false,פתיתי פרמזן לפסטה %23 100 ג' השף הלבן,פ.פ.ח. שאביט,IL,100 פתיתי פרמזן,גרמים,100.00,100 גרם,false,1,12.90,12.9000,true,1,171272
7290004122195,false,"גבינת גוש חלב פרוס 28%, כשרות מהדרין, 200 ג'",קריות זול,IL,גבינת גוש חלב פרוס 2,גרמים,200.00,100 גרם,false,1,14.90,7.4500,true,1,171129
7290004122270,false,גבינה צהובה פרוס בקופסא %28 200 ג' עמק,תנובה מרכז שיתופי לש,IL,עמק פרוס בקופסא 200,גרמים,200.00,100 גרם,false,1,16.90,8.4500,true,1,171939
7290004122348,false,עמק לייט 9% פרוס בקופסא,תנובה מרכז שיתופי לש,IL,גבינה עמק לייט 9%,גרמים,200.00,100 גרם,false,1,17.90,8.9500,true,1,171508
7290004122683,false,חטיף גבינת אצבעות 28% 172 ג' עמק,תנובה מרכז שיתופי לש,IL,אצבעות עמק,גרמים,172.00,100 גרם,false,1,16.90,9.8256,true,1,171130
7290004124205,false,יוגורט דיאט תות %0 שומן 150 ג' יופלה,תנובה מרכז שיתופי לש,IL,יופלה דיאט תות,גרמים,150.00,100 גרם,false,1,4.90,3.2667,true,1,170849
7290004125370,false,שמנת חמוצה מופחתת שומן 9%,תנובה מרכז שיתופי לש,IL,שמנת חמוצה 9% 200 גר,מיליליטרים,200.00,"100 מ""ל",false,1,3.90,1.9500,true,1,171079
7290004125400,false,"שלי אשל 4.5% תנובה 200מ""ל מהדרין",פארייפאבה אגרואינדוס,IL,אשל שלי,מיליליטרים,200.00,"100 מ""ל",false,1,1.69,0.8450,true,1,171133
7290004125417,false,"שלי גיל 3% תנובה 200מ""ל מהדרין",תנובה מרכז שיתופי לש,IL,גיל שלי,מיליליטרים,200.00,"100 מ""ל",false,1,1.51,0.7550,true,1,171510
7290004125455,false,**תנובה שמנת אורגינל מהדרין 15% 200מל,תנובה מרכז שיתופי לש,IL,שמנת חמוצה,מיליליטרים,200.00,"100 מ""ל",false,1,2.40,1.2000,true,1,171275
7290004125462,false,"שמנת אורגינל 15% מהדרין 500 מ""ל",תנובה מרכז שיתופי לש,IL,שמנת חמוצה 500 גר,מיליליטרים,500.00,"100 מ""ל",false,1,6.00,1.2000,true,1,171403
7290004125509,false,"שמנת 15% חצי מנה 100 מ""ל תנובה",תנובה מרכז שיתופי לש,IL,"שמנת חמוצה 15% תנובה 100 מ""ל",מיליליטרים,100.00,"100 מ""ל",false,1,1.70,1.7000,true,1,171134
7290004125578,false,משקה סויה מעושר בסידן תנובה 1ל',תנובה מרכז שיתופי לש,IL,משקה סויה בוקר,ליטרים,1.00,ליטר,false,1,9.90,9.9000,true,1,170850
7290004125585,false,משקה סויה וניל תנובה E אלטרנטיב,תנובה מרכז שיתופי לש,IL,משקה סויה וניל,ליטרים,1.00,ליטר,false,1,10.90,10.9000,true,1,171080
7290004125721,false,"שמנת לבישול 15% שומן 250 מ""ל תנובה",תנובה מרכז שיתופי לש,IL,שמנת לבישול 15% השף,מיליליטרים,250.00,"100 מ""ל",false,1,8.50,3.4000,true,1,171511
7290004125738,false,שמנת מתוקה עמידה להקצפה 32% השף הלבן,תנובה מרכז שיתופי לש,IL,שמנת עמידה להקצפה 32,מיליליטרים,250.00,"100 מ""ל",false,1,6.90,2.7600,true,1,171135
7290004125776,false,גבינה צהובה 28% שומן 400 ג' עמק,קריות זול,IL,עמק פרוס 28% 400גר,גרמים,400.00,100 גרם,false,1,29.90,7.4750,true,1,171136
7290004126674,false,פרוסות גבינה חצי קשה 9% שומן 200 ג' עמק,תנובה מרכז שיתופי לש,IL,9% טל העמק,גרמים,200.00,100 גרם,false,1,19.90,9.9500,true,1,171941
7290004126759,false,יופלה דיאט פירות יער %0 גביע 150 ג',תנובה בעמ,IL,יופלה דיאט פירות יער,גרמים,150.00,100 גרם,false,1,4.90,3.2667,true,1,171719
7290004126872,false,משקאות חלב תנובה שוקו בקבוק 250מל,קריות זול,IL,שוק שוקו 250 מל,מיליליטרים,250.00,"100 מ""ל",false,1,5.90,2.3600,true,1,171942
7290004127077,false,קוטג' 3% שומן 250 ג' תנובה,מיוצר עי קונדיטוריית,IL,קוטג 3% 250גר,גרמים,250.00,100 גרם,false,1,5.50,2.2000,true,1,171943
7290004127329,false,קוטג' 5% תנובה 250ג' מהדרין,מיוצר עי קונדיטוריית,IL,"קוטג"" ""תנובה"" 5%",גרמים,250.00,100 גרם,false,1,5.50,2.2000,true,1,170864
7290004127336,false,קוטג' 9% תנובה 250 ג' הדרין,מיוצר עי קונדיטוריית,IL,"קוטג"" ""תנובה"" 9%",גרמים,250.00,100 גרם,false,1,5.50,2.2000,true,1,170865
7290004127800,false,גבינה לבנה 5% שומן 500 ג' תנובה,מיוצר עי קונדיטוריית,IL,גבינה למריחה 5% 500ג,גרמים,500.00,100 גרם,false,1,9.90,1.9800,true,1,171944
7290004127817,false,גבינה לבנה 9% שומן 500 ג' תנובה,מיוצר עי קונדיטוריית,IL,גבינה למריחה 9% 500,גרמים,500.00,100 גרם,false,1,9.90,1.9800,true,1,171512
7290004127862,false,**תנובה גבינה למריחה מהדרין 5% 750ג,תנובה מרכז שיתופי לש,IL,גבינה למריחה 5% 750,גרמים,750.00,100 גרם,false,1,14.90,1.9867,true,1,171720
7290004128340,false,קרם גבינת שמנת %5 בטעם טבעי 200 ג' תנובה,קריות זול,IL,קרם גבינת שמנת טבעי 200 גר,גרמים,200.00,100 גרם,false,1,11.90,5.9500,true,1,171945
7290004128364,false,קרם גבינת שמנת 5% עם זיתים ירוקים 200 ג' תנובה,"תנובה, מחלבת תל יוסף",IL,קרם גבינת עם זיתים שמנת 5% 225 גר,גרמים,225.00,100 גרם,false,1,9.80,4.3556,true,1,171722
7290004128432,false,פתיתים מיוחדים לפיצה על בסיס גבינה 500 ג',תנובה,IL,פתיתים מיוחדים לפיצה,גרמים,500.00,100 גרם,false,1,22.90,4.5800,true,1,171946
7290004129101,false,גבינת שמנת 25% בטעם טבעי 225 ג' נפוליאון,תנובה מרכז שיתופי לש,IL,גבינה נפוליאון,גרמים,225.00,100 גרם,false,1,13.90,6.1778,true,1,171137
7290004129156,false,גבינת שמנת25% עם שום שמיר 225 ג' נפוליאון,תנובה מרכז שיתופי לש,IL,גבינה נפוליאון,גרמים,225.00,100 גרם,false,1,13.90,6.1778,true,1,171138
7290004129545,false,גבינה לבנה 3% שומן 250 ג' תנובה,מחלבת אלון תבור,IL,"גבינה לבנה 3% 250 ג""",גרמים,250.00,100 גרם,false,1,4.90,1.9600,true,1,171139
7290004130794,false,משקה סויה טבעי במתיקות מופחתת 1 ליטר,תנובה מרכז שיתופי לש,IL,משקה סויה במתיקות מופחתת 1 ל,ליטרים,1.00,ליטר,false,1,10.90,10.9000,true,1,171948
7290004130916,false,יוגורט 3% פירות יער בשמנת 150 ג' יופלה,תנובה מרכז שיתופי לש,IL,יופלה פירות יער בשמנ,גרמים,150.00,100 גרם,false,1,4.90,3.2667,true,1,170866
7290004131074,false,**חלב תנובה טרי מהדרין קרטון 3% 1ל,תנובה מרכז שיתופי לש,IL,חלב 3%קרטון,ליטרים,1.00,ליטר,false,1,6.23,6.2300,true,1,171405
7290004131432,false,יוגורט ביו 3% שומן 200 ג' יופלה,מיוצר עי קונדיטוריית,IL,יופלה לבן 3%,גרמים,200.00,100 גרם,false,1,3.90,1.9500,true,1,171407
7290004132552,false,משקה סויה לייט בטעם טבעי טרי 1 ליטר,תנובה מרכז שיתופי לש,IL,משקה סויה טבעי לייט 1 ל,ליטרים,1.00,ליטר,false,1,10.90,10.9000,true,1,171277
7290004132712,false,חטיף אצבעות גבינת מוצרלה 20% 172 ג' עמק,תנובה מרכז שיתופי לש,IL,אצבעות עמק,גרמים,172.00,100 גרם,false,1,16.90,9.8256,true,1,171085
7290004133511,false,יופלה מאגדת לבן 1.5% מעודן 8 יח' * 150 ג',מיוצר עי קונדיטוריית,IL,יופלה לבן מעודן מאגד,גרמים,1200.00,100 גרם,false,1,21.90,1.8250,true,1,171087
7290004134945,false,יוגורט מוקה 3% שומן 150 ג' יופלה,תנובה מרכז שיתופי לש,IL,יופלה מוקה 3%,גרמים,150.00,100 גרם,false,1,4.90,3.2667,true,1,171412
7290004135072,false,"מאגדת קרלו מיני 8*100 גרם שוקולד בד""צ",תנובה מרכז שיתופי לש,IL,מעדן קרלו מיני שוקול,מיליליטרים,800.00,"100 מ""ל",false,1,12.80,1.6000,true,1,171950
7290004135225,false,מעדן תנובה דיאט שוקולדה 0% 150מל,תנובה מרכז שיתופי לש,IL,מעדן תנובה דיאט שוקו,גרמים,150.00,100 גרם,false,1,3.90,2.6000,true,1,170873
7290004135614,false,גבינה בולגרית מעודנת 5% 250 ג' פיראוס,קריות זול,IL,בולגרית פיראוס מעודנ,גרמים,250.00,100 גרם,false,1,23.90,9.5600,true,1,171144
7290004136598,false,מארז הפסקת אוכל עם קורנפלקס ומשקה חלב עמיד בטעם וניל,פארייפאבה אגרואינדוס,IL,מארז הפסקת אוכל,מיליליטרים,150.00,"100 מ""ל",false,1,8.90,5.9333,true,1,171726
7290004136857,false,מעדן גלי בטעם פטל 12,תנובה מרכז שיתופי לש,IL,"ג""לי פטל",גרמים,125.00,100 גרם,false,1,2.50,2.0000,true,1,171515
7290004136864,false,ג'לי תנובה אננס עם חתיכות אננס 125מל,קריות זול,IL,"ג""לי אננס עם חתיכות",גרמים,125.00,100 גרם,false,1,2.90,2.3200,true,1,171146
7290004136871,false,ג'לי תנובה אפרסק עם חתיכות אפרסק 125מל,תנובה מרכז שיתופי לש,IL,"ג""לי אפרסק עם חתיכות",גרמים,125.00,100 גרם,false,1,2.90,2.3200,true,1,171102
7290004137021,false,"שמנת לבישול 10% עמיד השף הלבן 250 מ""ל",תנובה מרכז שיתופי לש,IL,שמנת לבישול מופחתת ש,מיליליטרים,250.00,"100 מ""ל",false,1,8.50,3.4000,true,1,171516
7290004137809,false,לאבנה 5% שומן 250 ג' פיראוס,"תנובה, מחלבת אלון תב",IL,"לאבנה 5% 250 ג""ר",גרמים,250.00,100 גרם,false,1,12.90,5.1600,true,1,171727
7290004199074,false,סאני פלסטר אינטרסן 5,סאני פלסטר,,פלסטר,Unknown,0.00,Unknown,false,1,7.90,0.0000,true,1,171415
7290004199166,false,כפפות לאטקס 100 יח' EASY TOUCH- S,הדקלאים אגודת שיתופי,TH,כפפות,Unknown,0.00,Unknown,false,10,26.90,0.0000,true,1,171283
7290004199173,false,כפפות לאטקס 80 יח' EASY TOUCH-M,הדקלאים אגודת שיתופי,TH,כפפות לאטקס,Unknown,0.00,Unknown,false,10,26.90,0.0000,true,1,171951
7290004199180,false,כפפות לאטקס 100 יח' EASY TOUCH- L,הדקלאים אגודת שיתופי,TH,כפפות יח,Unknown,0.00,Unknown,false,10,26.90,0.0000,true,1,171728
7290004199203,false,קיסמ' שיניים מבמבוק מלחיה 300 יח',הדקלאים אגודת שיתופי,CN,קיסמי שיניים מבמבוק 300 גר,יחידה,300.00,יחידה,false,1,4.90,0.0163,true,1,171284
7290004199234,false,כפפות לאטקס 100 יח' EASY TOUCH- XL,איזי טאצ',TH,"כפפות לאטקס 100 יח""",Unknown,0.00,Unknown,false,10,26.90,0.0000,true,1,171416
7290004199241,false,נרות חימום חסידים 50יח',חסידים,,נרות חימום חסידים בק,Unknown,0.00,Unknown,false,1,13.90,0.0000,true,1,171417
7290004199579,false,פלסטר מעורב 100 יח' - SUNNY PLASTER,הדקלאים אגודת שיתופי,CN,פלסטר מעורב 100 יח,Unknown,0.00,Unknown,false,1,12.90,0.0000,true,1,170245
7290004199777,false,צימרוני אוז' פל' בכוס 300 יח',כוטון סופט,,צימרוני אוזניים,Unknown,0.00,Unknown,false,1,9.90,0.0000,true,1,171147
7290004199791,false,כפפות M לטקס עם איבוק עדין 100 יח- SAFE TOUCH,סייף טאצ,TH,100 כפפות לאטקס,Unknown,0.00,Unknown,false,10,24.90,0.0000,true,1,170883
7290004199807,false,כפפות L לטקס עם איבוק עדין 100 יח- SAFE TOUCH,סייף טאצ,TH,"כפפות לאטקס 100יח""",Unknown,0.00,Unknown,false,10,24.90,0.0000,true,1,171729
7290004200930,false,"זיקוק זוג 15 ס""מ בשק",שמחה זה אנחנו,,זיקוק עבה רגיל,Unknown,0.00,Unknown,false,1,7.90,0.0000,true,1,171519
7290004219819,false,קומפלטה מלבין קפה הולנדי 200ג,פריזלנד פודס קיוויט,NL,מלבין קפה הולנדי 200,גרמים,200.00,100 גרם,false,1,9.90,4.9500,true,1,171956
7290004221409,false,רוטב חזרת 453 גרם,וובר ספרינגפילד,,רוטב חזרת 453 גר,גרמים,453.00,100 גרם,false,1,24.90,5.4967,true,1,171420
7290004225285,false,גבינה בסגנון דנאבלו 100 ג',האי נאם סי או אל.טי.,DK,גבינה בסגנון דנאבלו 100 גר,גרמים,100.00,100 גרם,false,1,11.90,11.9000,true,1,176294
7290004228415,false,פיצה משפחתית עבה סיציליה 425 ג',האי נאם סי או אל.טי.,IT,פיצה עבה סיציליה שגב 425 גר,גרמים,425.00,100 גרם,false,1,16.90,3.9765,true,1,196536
7290004228804,false,עלי סיגרים ואגרול 3האופים 450 ג',,,עלי סיגר 450 גר,גרמים,450.00,100 גרם,false,1,12.90,2.8667,true,1,204580
7290004230081,false,קציצות עוף ברוטב עגבניות 800 ג' שגב,קרלו,IL,קציצות עוף 800 גר,גרמים,800.00,100 גרם,false,1,24.90,3.1125,true,1,192075
7290004230104,false,קציצות בקר ברוטב עגב,טיבון וייל החזקות,IL,קציצות בקר 800 גר,גרמים,800.00,100 גרם,false,1,24.90,3.1125,true,1,192076
7290004256371,false,ריץ פרוס 400 ג' -צהובה פרוסה,מלקפול אלוורטוסקה,PL,ריץ פרוס 400 גר,גרמים,400.00,100 גרם,false,,17.90,4.4750,true,1,190661
7290004324605,false,"גבינת מון בלאן רוקפור 7%, 120 ג'",האי נאם סי או אל.טי.,IL,גבינה מון בלאן רוקפו,גרמים,120.00,100 גרם,false,1,11.90,9.9167,true,1,171969
7290004324858,false,קבב כבש500 גר טי,"טיבון ויל אחזקות בע""",IL,"קבב כבש 500 ג""ר",גרמים,500.00,100 גרם,false,1,18.90,3.7800,true,1,171970
7290004494049,false,יין דלתון פומה סובני,"איי, בי, אינבוו",IL,"יין דלתון פומה בלאן 750 מ""ל",מיליליטרים,750.00,"100 מ""ל",false,1,59.90,7.9867,true,1,180730
7290004494315,false,יין דלתון מוסקט 750,דלתון,,יין דלתון מוסקאט 0.75ל,מיליליטרים,750.00,"100 מ""ל",false,1,39.90,5.3200,true,1,171989
7290004494919,false,כנען אדום קברנה שירא,דלתון,IL,כנען קברנה שיראז-דלתון 2015,מיליליטרים,750.00,"100 מ""ל",false,1,39.90,5.3200,true,1,181478
7290004502690,false,וודקה פילנדיה 1 ליטר,,,פינלנדיה 1 ליטר,ליטרים,1.00,ליטר,false,1,89.90,89.9000,true,1,171991
7290004502997,false,וודקה פינלנדיה בקבוק,בראון פורמן,FI,וודקה פינלנדיה 500 מ,מיליליטרים,500.00,"100 מ""ל",false,1,49.90,9.9800,true,1,171992
7290004584306,false,רבעיית גמדים בטעם תות בננה * 100 ג' שטראוס,מיוצר עי קונדיטוריית,IL,גבינה לבנה גמדים תות בננה 100 גר רביעיה,גרמים,400.00,100 גרם,false,1,11.20,2.8000,true,1,171998
7290004584351,false,גבינה במרקם שמנת 5% טבעי 200 ג' סימפוניה,"שטראוס בריאות בע""מ",IL,גבינת סימפוניה טבעי,גרמים,200.00,100 גרם,false,1,10.90,5.4500,true,1,171999
7290004584528,false,דנונה ביו יוגורט טבעי 1.5% 200 ג',מיוצר עי קונדיטוריית,IL,יוגורט דנונה ביו 1.5,גרמים,200.00,100 גרם,false,1,3.60,1.8000,true,1,172000
7290004585907,false,דני ועדן וניל 1.5% 125ג' שטראוס,מיוצר עי קונדיטוריית,IL,מעדן דני וניל,גרמים,125.00,100 גרם,false,1,2.60,2.0800,true,1,172001
7290004603175,false,מלח הארץ מלחייה גס 500 גרם,תעשיות מלח לישראל,IL,מלח הים אדום 500גר,גרמים,500.00,100 גרם,false,1,7.90,1.5800,true,1,177504
7290004658960,false,אמרלד ריזלינג לבן חצי יבש,אגודת הכורמים הקואופ,IL,יין אמרלד ריזלינג לב,מיליליטרים,750.00,"100 מ""ל",false,1,39.90,5.3200,true,1,172006
7290004685010,false,לחם 100% שיפון פלוס לחם הארץ 500 גר',מאפית י את א ברמן בע,IL,לחם קל שיפון 100% 500גר,גרמים,500.00,100 גרם,false,1,15.90,3.1800,true,1,176457
7290004685027,false,ברמן לחם הארץ מחיטה מלאה קל 500גר,מאפית י את א ברמן בע,IL,לחם קל מחיטה מלאה 500 גר,גרמים,500.00,100 גרם,false,1,15.90,3.1800,true,1,176131
7290004685089,false,לחם הארץ לחם חמניות 500 גר',מאפית י את א ברמן בע,IL,לחם חמניות 500 גר,גרמים,500.00,100 גרם,false,1,15.90,3.1800,true,1,176130
7290004685126,false,לחם פומפרניקל לחם הארץ 750 גרם,מאפית י את א ברמן בע,IL,"לחם 5 דגנים 750 גר""",גרמים,750.00,100 גרם,false,1,15.90,2.1200,true,1,172008
7290004685157,false,לחם שיפון 100% 750 גרם לחם הארץ,מאפית י את א ברמן בע,IL,לחם שיפון 100% 750 ג,גרמים,750.00,100 גרם,false,1,15.90,2.1200,true,1,172010
7290004685195,false,לחם 10 דגנים לחם הארץ 750 גרם,מאפית י את א ברמן בע,IL,"לחם 10 דגנים 750 גר""",גרמים,750.00,100 גרם,false,1,15.90,2.1200,true,1,172011
7290004685201,false,לחם שיפון אגוזים לחם,מאפית י את א ברמן בע,IL,לחם שיפון אגוזים 500,גרמים,500.00,100 גרם,false,1,15.90,3.1800,true,1,172012
7290004685225,false,לחם פומפרניקל לחם הארץ 750 גרם,מאפית י את א ברמן בע,IL,לחם מקמח שיפון מלא 750,גרמים,750.00,100 גרם,false,1,15.90,2.1200,true,1,172013
7290004685430,false,לחם כוסמין לחם הארץ,מאפית י את א ברמן בע,IL,לחם ברמן כוסמין 100% 750גר,גרמים,750.00,100 גרם,false,1,15.90,2.1200,true,1,182531
7290004685447,false,לחמניות כוסמין 6 יחי' 450 גר',מאפית י את א ברמן בע,IL,לחמניות כוסמין ברמן שישייה,גרמים,450.00,100 גרם,false,1,15.90,3.5333,true,1,189645
7290004685478,false,פיתות כוסמין 10יח 550 גר,מאפית י את א ברמן בע,IL,פיתות כוסמין 10 יח,Unknown,0.00,Unknown,false,1,16.90,0.0000,true,1,203453
7290004731076,false,אל סבון אלוורה כיף 1 ל',טרופיקל דגיל תעשיות,IL,כיף 1ליטר אלוורה,ליטרים,1.00,ליטר,false,1,11.90,11.9000,true,1,172015
7290004731083,false,כיף - סבון ידיים ג'ינסנג 1 ליטר,טרופיקל דגיל תעשיות,IL,"אל סבון כיף ג""נסינג",ליטרים,1.00,ליטר,false,1,11.90,11.9000,true,1,172016
7290004731090,false,אל סבון קמומיל כיף 1 ל',קוסמופארם,IL,כיף 1ל קמומיל,ליטרים,1.00,ליטר,false,1,11.90,11.9000,true,1,172017
7290004731472,false,"אל סבון צבעוני כיף שלישיה* 500 מ""ל",טרופיקל דגיל תעשיות,IL,אלסבון כיף שלישייה צ,מיליליטרים,1500.00,"100 מ""ל",false,1,18.90,1.2600,true,1,172021
7290004731519,false,"מרכך ומבשם מקסימה למייבש אולטרה פרש 750 מ""ל סנו",קריות זול,IL,סנו מקסימה למייבש סנ,מיליליטרים,750.00,"100 מ""ל",false,1,18.90,2.5200,true,1,202231
7290004731564,false,"סנו - מקסימה מרסס למייבש כביסה פריחה כחולה 750 מ""ל",סנו,IL,סנו מקסימה מבשם ומרכך למייבש הכביסה BLUE,מיליליטרים,750.00,"100 מ""ל",false,1,18.90,2.5200,true,1,182849
7290004846558,false,אצבעות אנטריקוט ארוז,,,אצבעות אנטריקוט 450 גר,גרמים,450.00,100 גרם,false,1,31.90,7.0889,true,1,192238
7290004955649,false,פירורי לחם 450 גר,,,פירורי לחם 450 גר,גרמים,450.00,100 גרם,false,1,5.90,1.3111,true,1,190611
7290005008481,false,ספיד סטיק - דאודורנט ג'ל לגבר ספורט 85 גרם,הנסיך- מפעל לייצור ט,BY,"ספיד סטיק ג""ל ספורט",גרמים,85.00,100 גרם,false,1,18.90,22.2353,true,1,172049
7290005068058,false,תירס קל מופחת קלוריות 550 ג' פרי הגליל,"פרי הגליל בע""""מ",IL,גרעיני תירס קל 550 גר,גרמים,550.00,100 גרם,false,1,6.90,1.2545,true,1,172062
7290005068447,false,"גרגרי תירס קל בוואקום ללת""ס פרי גליל 340ג'","פרי הגליל בע""""מ",IL,גרעיני תירס קל 340 גר,גרמים,340.00,100 גרם,false,1,5.90,1.7353,true,1,172063
7290005068492,false,לקט ירקות מעורבים 700 ג' פרי הגליל,"פרי הגליל בע""""מ",IL,לקט ירקות מעורבים 70,גרמים,700.00,100 גרם,false,1,9.90,1.4143,true,1,172064
7290005068553,false,לקט ירקות בורגנדי 700 ג' פרי הגליל,"פרי הגליל בע""""מ",IL,"לקט בורגנדי 700 גר""",גרמים,700.00,100 גרם,false,1,10.90,1.5571,true,1,172065
7290005068621,false,ברוקולי קפוא פרי גליל 800ג',"פרי הגליל בע""""מ",IL,"ברוקולי 800 גר""",גרמים,800.00,100 גרם,false,1,14.90,1.8625,true,1,172066
7290005084355,false,"סנסודיין - משחת שיניים דואל קר זהב 75 מ""ל",גלקסו סמית קליין,GB,משחת שיניים סנסודיין דואל קר 75 מל,מיליליטרים,75.00,"100 מ""ל",false,1,20.90,27.8667,true,1,172067
7290005095061,false,נר נשמה 24 שעות פחית,,,חטיף 0 גר,Unknown,0.00,Unknown,false,1,1.90,0.0000,true,1,172068
7290005095092,false,כוסות נייר לשתייה חמ,,,כוסות נייר לשתייה חמה 50 יח,Unknown,0.00,Unknown,false,1,7.90,0.0000,true,1,182508
7290005095351,false,סט קופסאות אחסון 3 י,,,"סט קופסאות אחסון 3 יח 500 מ""ל",Unknown,0.00,Unknown,false,1,11.90,0.0000,true,1,188709
7290005095368,false,סט קופסאות אחסון 3 י,,,סט קופסאות אחסון 3 יח,Unknown,0.00,Unknown,false,1,11.90,0.0000,true,1,188708
7290005095375,false,כוסות לשתייה קרה 100,,,כוסות לשתייה קרה 100 יח,Unknown,0.00,Unknown,false,1,6.90,0.0000,true,1,182509
7290005095931,false,נרות שבת מס 20 180 ג,,,נרות שבת מס 20 180 גר,גרמים,180.00,100 גרם,false,1,5.90,3.2778,true,1,187415
7290005113956,false,"מלפפון במלח בטעם פיקנטי 1.7 ק""ג קבוצת יבנה",,,מלפפון במלח בתיבול ביתי פיקנטי 1.7 קג,קילוגרמים,1.70,"ק""ג",false,1,24.90,14.6471,true,1,204522
7290005168284,false,יין מתוק גן עדן 750,יקבי ציון,IL,"יין מתוק ""גן עדן"" 750 מ""ל",מיליליטרים,750.00,"100 מ""ל",false,1,23.90,3.1867,true,1,176114
7290005174513,false,חציל במיונז 500 ג' אחלה,מיוצר עי קונדיטוריית,IL,סלט אחלה חצילים 500,גרמים,500.00,100 גרם,false,1,14.90,2.9800,true,1,172080
7290005174551,false,סלט חומוס עם צנוברים 125 ג' אחלה,מיוצר עי קונדיטוריית,IL,סלט חומוס יום יום 12,גרמים,125.00,100 גרם,false,1,4.90,3.9200,true,1,172081
7290005175428,false,"קמח תירס לל""ג ריבארה 500 ג'",קריות זול,AR,קמח תירס אינסטנט 500,גרמים,500.00,100 גרם,false,1,6.90,1.3800,true,1,172085
7290005200786,false,תפוצ'יפס שמנת ובצל 50 גרם,"שטראוס פריטו ליי בע""",IL,"תפוצ""יפס שמנת ובצל 50גר",גרמים,50.00,100 גרם,false,1,3.90,7.8000,true,1,172094
7290005201882,false,קפה טורקי קלוי וטחון,הנסיך- מפעל לייצור ט,IL,עלית טורקי שקית 200,גרמים,200.00,100 גרם,false,1,14.90,7.4500,true,1,172097
7290005271410,false,ביצים L ארוזות 12 י,גליקסמן שיווק ביצים,,"ביצים 12 יח"" L",Unknown,0.00,Unknown,false,1,12.05,0.0000,true,1,172098
7290005271427,false,ביצים M ארוזות 12 י,גליקסמן שיווק ביצים,,"ביצים 12 יח"" M",Unknown,0.00,Unknown,false,1,11.15,0.0000,true,1,172099
7290005271458,false,ביצים אורגניות 12 יח,גליקסמן שיווק ביצים,,ביצים אורגניות 12 יח,Unknown,0.00,Unknown,false,1,21.90,0.0000,true,1,172100
7290005271465,false,ביצים אורגניות 12 יח,גליקסמן שיווק ביצים,,ביצים אורגניות 12 יח,Unknown,0.00,Unknown,false,1,19.90,0.0000,true,1,172101
7290005271687,false,ביצים אומגה 3 לארג' 12 יח',גליקסמן שיווק ביצים,,ביצים אומגה 12 יח L,Unknown,0.00,Unknown,false,1,18.90,0.0000,true,1,178605
7290005271755,false,תבנית ביצים L חופש 12יחי,גליקסמן שיווק ביצים,,ביצים L חופש 12 יח,Unknown,0.00,Unknown,false,1,18.90,0.0000,true,1,183280
7290005271762,false,ביצים חופש מידיום 12 יח',גליקסמן שיווק ביצים,,ביצים L חופש 12 יח,Unknown,0.00,Unknown,false,1,17.90,0.0000,true,1,179467
7290005271786,false,ביצים רגילות 1/30 M,גליקסמן שיווק ביצים,IL,ביצים 30 יח M,Unknown,0.00,Unknown,false,1,27.87,0.0000,true,1,181268
7290005287206,false,טונה בשמן סטארקיסט 4*160 ג',"סטארקיסט פודור בע""מ",,רביעיית טונה סטארקיס,גרמים,640.00,100 גרם,false,1,24.90,3.8906,true,1,172105
7290005287251,false,טונה במים סטארקיסט 4*160 ג',"איטיליאן פוד, אס.פי.",,רביעיית טונה סטארקיס,גרמים,640.00,100 גרם,false,1,24.90,3.8906,true,1,172107
7290005287510,false,טונה בשמן עם בפלפל חריף 160 ג' סטארקיסט,תאי יוניון גרופ,TH,"טונה ""סטארקיסט"" בשמן",גרמים,160.00,100 גרם,false,1,7.90,4.9375,true,1,172108
7290005287527,false,טונה בשמן עם לימון 160 ג' סטארקיסט,תאי יוניון גרופ,TH,"טונה ""סטארקיסט"" בשמן",גרמים,160.00,100 גרם,false,1,7.90,4.9375,true,1,172109
7290005287534,false,טונה בשמן עישון טבעי 160 ג' סטארקיסט,תאי יוניון גרופ,TH,טונה סטארקיסט בשמן ע,גרמים,160.00,100 גרם,false,1,7.90,4.9375,true,1,172110
7290005296246,false,"פותח סתימות דריין אאוט 946 מ""ל יעקבי",יוליניבר,US,"פותח סתימות בכיור דריין און 946 מ""ל",מיליליטרים,946.00,"100 מ""ל",false,1,29.90,3.1607,true,1,182044
7290005296260,false,"אסטוניש ספריי רסס ונגב לניקוי כללי 750 מ""ל",אסטוניש Astonish,GB,"רסס נגב אסטוניש ירוק/תפוז אדום 750 מ""ל",מיליליטרים,750.00,"100 מ""ל",false,1,14.90,1.9867,true,1,182078
7290005296871,false,מנקה ומבריק רהיטי עץ,,,"מנקה ומבריק רהיטי עץ פוליבוי 375 מ""ל",מיליליטרים,375.00,"100 מ""ל",false,1,15.90,4.2400,true,1,187823
7290005326585,false,ממרח אוליביה פסטו בזיליקום 180 ג',"אוליביה גורמה בע""מ",IL,פסטו בזיליקום אוליביה 180 גר,גרמים,180.00,100 גרם,false,1,11.90,6.6111,true,1,185461
7290005384837,false,"מיץ לימונים מלימונים טריים 500 מ""ל",דריבדוס סיטרוס,IT,מיץ לימון 500מל,מיליליטרים,500.00,"100 מ""ל",false,1,6.90,1.3800,true,1,172115
7290005423055,false,סנו פורטה פלוס מתז בניחות לימון 1 ל',"סנו מפעלי ברונוס בע""",IL,מתז פורטה פלוס בניחוח לימון XL סנו 1 ל,ליטרים,1.00,ליטר,false,12,14.90,14.9000,true,1,187880
7290005423482,false,"סנו קרם לניקוי כיריים קרמיים 300 מ""ל",מיוצר עי קונדיטוריית,IL,סנו קרם לניקוי כיריי,מיליליטרים,300.00,"100 מ""ל",false,1,14.90,4.9667,true,1,172120
7290005423499,false,"סנו נירוסטה אירוסול 500 מ""ל",מיוצר עי קונדיטוריית,IL,סנו נירוסטה אירוסול,מיליליטרים,500.00,"100 מ""ל",false,1,19.90,3.9800,true,1,172121
7290005423505,false,"אורביטול מי פה להלבנת השיניים 500 מ""ל",קוסמופארם,IL,אורביטול מי פה להלבנ,מיליליטרים,500.00,"100 מ""ל",false,1,19.90,3.9800,true,1,172122
7290005423543,false,אורביטול - משחת שיניים להלבנה 145 גרם,טרופיקל דגיל תעשיות,IL,אורביטול משחת שיניים,גרמים,145.00,100 גרם,false,1,9.90,6.8276,true,1,172123
7290005423567,false,מטליות לניקוי כללי בגליל 40 יח' סנו סושי,אסותא תעשיות אלבד בע,IL,סנו סושי 30 בגליל צה,Unknown,0.00,Unknown,false,1,19.90,0.0000,true,1,172124
7290005423734,false,סנו - מקסימה מרכך כביסה אולטרה פרש 4 ליטר,"סנו מפעלי ברונוס בע""",IL,מרכך כביסה סנו מקסימה 4 ל,ליטרים,4.00,ליטר,false,1,21.90,5.4750,true,1,172126
7290005423871,false,אורביטול שלשות משחת שיניים מנטול מרכז,טרופיקל דגיל תעשיות,IL,אורביטול משחת שיניים,גרמים,435.00,100 גרם,false,1,17.90,4.1149,true,1,172128
7290005423888,false,אלסבון כיף שלישיה מעורב,טרופיקל דגיל תעשיות,IL,אלסבון כיף שלישייה מ,מיליליטרים,1500.00,"100 מ""ל",false,1,18.90,1.2600,true,1,172129
7290005423918,false,סנו - מקסימה מרכך כביסה היפואלרגני אלוורה 4 ליטר,"סנו מפעלי ברונוס בע""",IL,מרכך כביסה סנו מקסימ,ליטרים,4.00,ליטר,false,1,21.90,5.4750,true,1,172130
7290005424403,false,"אל סבון כיף אצות ים קטיפתי 1ליטר,",טרופיקל דגיל תעשיות,IL,1אלסבון כיף לי,ליטרים,1.00,ליטר,false,1,11.90,11.9000,true,1,172133
7290005424755,false,מטליות ריצפז פלוס לחות לניקוי רצפות דוחה תיקנים 10 יח' סנו,סנו מפעלי ברונוס בעמ,IL,מטליות לחות לניקוי רצפות סנו דוחה תיקני,Unknown,0.00,Unknown,false,1,14.90,0.0000,true,1,185419
7290005424762,false,נוזל רצפות ריצפז ווקס דוחה חרקים 2 ליטר,"סנו מפעלי ברונוס בע""",IL,ריצפז פלוס דוחה תקינ,ליטרים,2.00,ליטר,false,1,27.90,13.9500,true,1,172135
7290005424847,false,מפיות סנו סושי לבן לאירוח 150יח',מיוצר עי קונדיטוריית,TR,סנו סופט מפיות לבן 1,Unknown,0.00,Unknown,false,1,7.90,0.0000,true,1,172137
7290005425110,false,"חיטוי משטחים 99.9% מתז מחטא ומשמיד 750 מ""ל","סנו מפעלי ברונוס בע""",IL,"מתז לחיטוי משטחים סנו 750 מ""ל",מיליליטרים,750.00,"100 מ""ל",false,1,12.90,1.7200,true,1,188237
7290005425127,false,"חיטוי משטחים 99.9% מתז לשומנים ואבנית 750 מ""ל","סנו מפעלי ברונוס בע""",IL,"מתז לחיטוי וניקוי יסודי סנו 750 מ""ל",מיליליטרים,750.00,"100 מ""ל",false,1,12.90,1.7200,true,1,188238
7290005425196,false,"סנו לכביסה מקסימה סנסיטיב 2.5 ק""ג",מיוצר עי קונדיטוריית,IL,אבקת כביסה סנו מקסימ,קילוגרמים,2.50,"ק""ג",false,1,24.90,9.9600,true,1,172140
7290005425646,false,סנו קליר ספריי אקדח לניקוי והברקת חלונות 1ל',"סנו מפעלי ברונוס בע""",IL,סנו קליר 1 ליטר,ליטרים,1.00,ליטר,false,1,9.90,9.9000,true,1,172142
7290005426230,false,מטלית הפלא לרצפה מיקרופייבר סנו 1יח',קריות זול,IL,סנו סושי מטלית הפלא,Unknown,0.00,Unknown,false,1,11.90,0.0000,true,1,172147
7290005426575,false,"קרמה לחות לשיער יבש ללא שטיפה 400 מ""ל",טרופיקל דגיל תעשיות,IL,לחות קרמה לשיער יבש,מיליליטרים,400.00,"100 מ""ל",false,1,19.90,4.9750,true,1,172151
7290005426971,false,סנובון כחול בריח תפוח 3 יח' * 55 ג',קריות זול,IL,סנובון כחול תפוח שלי,גרמים,165.00,100 גרם,false,1,14.90,9.0303,true,1,172156
7290005427107,false,סנו - סושי מגבות נייר הפלא 6 יחידות,מיוצר עי קונדיטוריית,IL,סנו סושי מגבות הפלא,Unknown,0.00,Unknown,false,1,11.90,0.0000,true,1,172157
7290005427848,false,מטלית בגליל ורוד 40 יח' סנו סושי,קריות זול,IL,סנו סושי מטלית לכל 3,Unknown,0.00,Unknown,false,1,19.90,0.0000,true,1,172165
7290005430602,false,"סנו - אוקסיג'ן מרסס מסיר כתמים 750 מ""ל","סנו מפעלי ברונוס בע""",IL,"סנו אוקסיג""ן מסיר כת",מיליליטרים,750.00,"100 מ""ל",false,1,17.90,2.3867,true,1,172177
7290005431883,false,קינוח מלבי חלבי עדן,עדן קינוחים Eden,IL,קינוח מלבי חלבי 165 גר,גרמים,165.00,100 גרם,false,1,6.90,4.1818,true,1,191155
7290005431906,false,קינוח קדאיף עדן 82 ג,עדן קינוחים Eden,IL,קינוח קדאיף 82 גר,גרמים,82.00,100 גרם,false,1,6.90,8.4146,true,1,191159
7290005431913,false,עוגת גבינה פירורים 92 גרם.,עדן קינוחים Eden,IL,עוגת גבינה פירורים 92 גר,גרמים,92.00,100 גרם,false,1,6.90,7.5000,true,1,191157
7290005431920,false,עוגת גבינה פירורים ללא תוספת סוכר,עדן קינוחים Eden,IL,עוגת גבינה פירורים לייט 78 גר,גרמים,78.00,100 גרם,false,1,6.90,8.8462,true,1,191156
7290005431937,false,קינוח טירמיסו עדן 82,עדן קינוחים Eden,IL,קינוח טירמיסו 82 גר,גרמים,82.00,100 גרם,false,1,6.90,8.4146,true,1,191154
7290005431968,false,מלבי שמנת עדן קינוחי,עדן קינוחים Eden,IL,מלבי שמנת 150 גר,גרמים,150.00,100 גרם,false,12,6.90,4.6000,true,1,192989
7290005491368,false,ריבת משמש 220 מל,,,ריבת משמש 220 מל,מיליליטרים,220.00,"100 מ""ל",false,12,24.90,11.3182,true,1,193587
7290005559587,false,מאפה נקניקיה בבצק מעדנות 800ג',מיוצר עי קונדיטוריית,IL,"מאפה נקניקיה 800 ג""ר",גרמים,800.00,100 גרם,false,1,28.90,3.6125,true,1,172190
7290005559709,false,בורקס פיצה מעדנות 700 ג',"מעדנות בע""מ",IL,"בורקס פיצה 700 ג""ר",גרמים,700.00,100 גרם,false,1,25.90,3.7000,true,1,172191
7290005559907,false,פיצה משפחתית גבינה 500 ג' מעדנות,מיוצר עי קונדיטוריית,IL,פיצה משפחתית גבינה 500 גר,גרמים,500.00,100 גרם,false,1,19.90,3.9800,true,1,172192
7290005559914,false,פיצה משפחתית זיתים 550 ג' מעדנות,מיוצר עי קונדיטוריית,IL,פיצה משפחתית זיתים 550 גר,גרמים,550.00,100 גרם,false,1,19.90,3.6182,true,1,172193
7290005559990,false,בצק פילאס תורכי מעדנות 600 גרם,מיוצר עי קונדיטוריית,IL,בצק פילאס תורכי 600,גרמים,600.00,100 גרם,false,1,19.90,3.3167,true,1,172194
7290005591761,false,דבש טהור מפרחי בר בלחיץ 400 ג' יד מרדכי,מכוורת יד מרדכי שטרא,IL,"דבש טהור לחיץ 400 ג""",גרמים,400.00,100 גרם,false,1,20.90,5.2250,true,1,172199
7290005651069,false,"לה קט מיקס 2.85 ק""ג",קריות זול,FR,"לה קט מיקס 2.85 ק""ג",קילוגרמים,2.85,"ק""ג",false,1,57.90,20.3158,true,1,172206
7290005680052,false,או-בה טמפון קלאסי סופר פלוס 32יח',גונסון אנד גונסון,GR,טמפון או. בי. סופר פ,Unknown,0.00,Unknown,false,1,24.90,0.0000,true,1,172209
7290005686436,false,תפוח עץ מיובש ששון ה,"דין שיווק וקליה בע""מ",,תפוח עץ מיובש ששון הקולה 200 גר,גרמים,200.00,100 גרם,false,1,11.90,5.9500,true,1,187076
7290005786006,false,קרפלך האיש עם השפם 1,שבע-תעשיות בצקים קפו,,קרפלך ידני 600 גר,קילוגרמים,1.00,"ק""ג",false,20,38.90,38.9000,true,1,172221
7290005786020,false,קרפלך תפוא 1 קג,שבע-תעשיות בצקים קפו,,קרפלך תפוא 1 קג,קילוגרמים,1.00,"ק""ג",false,1,26.90,26.9000,true,1,178995
7290005786068,false,בלינצס גבינה מתוקה ו,שבע-תעשיות בצקים קפו,,בלינצס גבינה מתוקה וצימוקים 600 גר,גרמים,600.00,100 גרם,false,1,32.90,5.4833,true,1,178999
7290005786075,false,קרפלך סאן סאניץ בשר,שבע-תעשיות בצקים קפו,,קרפלך סאן סאניץ בשר עוף 1 קג,קילוגרמים,1.00,"ק""ג",false,1,39.90,39.9000,true,1,178994
7290005786082,false,קרפלך בשר אליטה 1 קג,,,קרפלך בשר אליטה 1 קג,קילוגרמים,1.00,"ק""ג",false,1,43.90,43.9000,true,1,185292
7290005786099,false,קרפלך שבע עגל 1 קג,שבע-תעשיות בצקים קפו,,קרפלך שבע עגל 600 גר,קילוגרמים,1.00,"ק""ג",false,1,39.90,39.9000,true,1,179517
7290005786105,false,קרפלך כבש 1 קג,שבע-תעשיות בצקים קפו,,קרפלך שבע כבש 1 קג,קילוגרמים,1.00,"ק""ג",false,1,43.90,43.9000,true,1,171960
7290005786129,false,בלינצס בשר 600 גר,שבע-תעשיות בצקים קפו,,בלינצס בשר 600 גר,גרמים,600.00,100 גרם,false,1,32.90,5.4833,true,1,178997
7290005786136,false,בלינצס תפוא ופטריות,שבע-תעשיות בצקים קפו,,"בלינצס תפו""א ופטריות 600 גר",גרמים,600.00,100 גרם,false,1,32.90,5.4833,true,1,178998
7290005786204,false,קרפלך ילדים 600 גר,נוריס,,קרפלך ילדים 600 גר,גרמים,600.00,100 גרם,false,1,20.90,3.4833,true,1,175972
7290005786730,false,קרפלך 3 חזרזירים 1 ק,,,"קרפלך 3 חזרזירים 1 ק""ג",קילוגרמים,1.00,"ק""ג",false,1,41.90,41.9000,true,1,187994
7290005838002,false,מעדן גבינה ויוגורט בטעם וניל 88 ג' דניאלה,"שטראוס בריאות בע""מ",IL,מעדן גבינה דניאלה,גרמים,88.00,100 גרם,false,1,4.10,4.6591,true,1,172225
7290005838613,false,שטראוס גבינת וניל 3% 125ג,"שטראוס בריאות בע""מ",IL,"סקי וניל 125 ג""ר",גרמים,125.00,100 גרם,false,1,3.70,2.9600,true,1,172226
7290005838972,false,גבינת יום יום 5% שטראוס 125ג',מיוצר עי קונדיטוריית,IL,גבינת סקי יום יום 5%,גרמים,125.00,100 גרם,false,1,3.10,2.4800,true,1,172227
7290005839078,false,"דנונה יוגורט ביו 3% לבן מארז 150X8מ""ל",מיוצר עי קונדיטוריית,IL,מארז דנונה ביו 3% 15,קילוגרמים,1.20,"ק""ג",false,1,16.90,14.0833,true,1,172228
7290005839108,false,סימפוניה 5% עם זיתים 200 ג' שטראוס,"שטראוס בריאות בע""מ",IL,גבינת סימפוניה 5% עם,גרמים,200.00,100 גרם,false,1,10.90,5.4500,true,1,172229
7290005839313,false,"מילקי טופ שוקולד מגולגל 170 מ""ל",מיוצר עי קונדיטוריית,IL,מעדן מילקי טופ מגולגלת 141 גר,גרמים,141.00,100 גרם,false,1,4.70,3.3333,true,1,172230
7290005896415,false,"בירה איגל פחית ירוק 500מ""ל","טמפו משקאות בע""מ",IL,"בירה איגל ירוק פחית 500 מ""ל",מיליליטרים,500.00,"100 מ""ל",false,1,6.90,1.3800,true,1,172231
7290005896460,false,"בירה איגל לאגר חזקה 7.8% 500 מ""ל פחית",Unknown,,"בירה איגל איגל פחית 500 מ""ל",מיליליטרים,500.00,"100 מ""ל",false,1,7.90,1.5800,true,1,183875
7290005938238,false,ממרח צ'ימצ'ורי פרסקו 220ג' מצונן,"פרסקו חצבה 2006 בע""מ",IL,צימציורי 220 גר,גרמים,220.00,100 גרם,false,1,18.90,8.5909,true,1,175993
7290005966033,false,"יין הר חרמון לבן 750 מ""ל",יקב רמת הגולן,IL,"יין ""הר חרמון"" לבן",מיליליטרים,750.00,"100 מ""ל",false,1,32.90,4.3867,true,1,172240
7290005966422,false,יין ירדן שרדונה 750,יקב רמת הגולן,,"יין ""ירדן"" שרדונה",מיליליטרים,750.00,"100 מ""ל",false,1,64.90,8.6533,true,1,172246
7290005992735,false,לאבנה טבעית 5% 250 גר' - רבנות,הנסיך- מפעל לייצור ט,IL,לבנה טבעי 5% 250 גרם,גרמים,250.00,100 גרם,false,1,12.90,5.1600,true,1,172250
7290005996153,false,נקניקיות צרפתיות פרימיום 280 ג',מעדני יחיעם,IL,נקניקיות צרפתיות פרמיום יחיעם 280 גר,גרמים,280.00,100 גרם,false,1,23.90,8.5357,true,1,190868
7290005996160,false,נקניקיות צ'וריסוס פרימיום 280 ג',פ.פ.ח. שאביט,IL,נקניקיות צוריסו פרמיום יחיעם 280 גר,גרמים,280.00,100 גרם,false,1,23.90,8.5357,true,1,190867
7290005996221,false,פסטרמה של פעם דק דק 120 גר',פ.פ.ח. שאביט,IL,פסטרמה של פעם דק דק 120 גר,גרמים,120.00,100 גרם,false,1,14.90,12.4167,true,1,192505
7290005996238,false,פסטרמה בדבש דק דק 120 גר',פ.פ.ח. שאביט,IL,פסטרמה בדבש דק דק 120 גר,גרמים,120.00,100 גרם,false,1,14.90,12.4167,true,1,192504
7290005996276,false,פסטרמה ברבקיו דק דק 120 גר',פ.פ.ח. שאביט,IL,פסטרמה ברביקיו דק דק 120 גר,גרמים,120.00,100 גרם,false,1,14.90,12.4167,true,1,192506
7290005996825,false,נקניקיות פרימיום בקר,מעדני יחיעם 1993,IL,נקניקיות בקר 280 גר,גרמים,280.00,100 גרם,false,1,24.90,8.8929,true,1,197323
7290005996979,true,סלמי פרח 200 גר,מעדני יחיעם 1993,,סלמי פרח 200 גר,גרמים,200.00,100 גרם,false,,27.90,13.9500,true,1,202786
7290006229427,false,"סאן בנדטו מים מהאלפים מארז 500X6מ""ל",קריות זול,,שישיית סן בנדטו 500,ליטרים,3.00,ליטר,false,1,13.90,4.6333,true,1,172252
7290006229588,false,בירה איגל פחית זהב 500 מל',"טמפו משקאות בע""מ",IL,"בירה איגל זהב פחית 500 מ""ל",מיליליטרים,500.00,"100 מ""ל",false,1,6.90,1.3800,true,1,172253
7290006241191,false,אגוזי מלך קליית גת 1,הדקלאים אגודת שיתופי,US,"אגוזי מלך 150 ג""ר",גרמים,150.00,100 גרם,false,1,11.90,7.9333,true,1,172256
7290006241504,false,"פריגת קפוא תפוזים 280 מ""ל",פריגת מצוננים,IL,משקה תפוזים מרוכז קפ,גרמים,340.00,100 גרם,false,1,15.90,4.6765,true,1,172257
7290006241535,false,תרכיז מנגו קפוא פריג,היינץ צפון אמריקה מק,IL,"מיץ מנגו קפוא 340 מ""",גרמים,340.00,100 גרם,false,1,15.90,4.6765,true,1,172259
7290006251107,false,תה ויסוצקי צ'אי מסאלה 25 יח',מולינו ניקולי s.p.a,IL,"תה ציאי מסאלה 25 שק""",גרמים,50.00,100 גרם,false,1,16.90,33.8000,true,1,172264
7290006251343,false,תה חליטה הגן הקסום פסיפלורה מנגו 25 שקיקים,קריות זול,IL,"""הגן הקסום"" מנגו פסי",גרמים,63.00,100 גרם,false,1,17.90,28.4127,true,1,172267
7290006251374,false,תה ירוק לימונית וגינגר 25 שקיקים ויסוצקי,קריות זול,IL,"תה ירוק לימונית וג""י",גרמים,38.00,100 גרם,false,1,24.90,65.5263,true,1,172268
7290006251589,false,תה ירוק עם עלי נענע 50 שקיקים ויסוצקי,בית ויסוצקי,IL,"תה ירוק נענע 50 שק""",גרמים,75.00,100 גרם,false,1,39.90,53.2000,true,1,172269
7290006256089,false,גאטו נגרו קברנה סובי,יושלם,,גאטו נגרו קברנה,מיליליטרים,750.00,"100 מ""ל",false,1,39.90,5.3200,true,1,172270
7290006256102,false,יין גאטו נגרו מרלו 7,יושלם,,גאטו נגרו מרלו,מיליליטרים,750.00,"100 מ""ל",false,1,39.90,5.3200,true,1,172271
7290006256775,false,יין גאטו נגרו מלבק 7,,,יין מרלו גאטו נגרו,מיליליטרים,750.00,"100 מ""ל",false,1,39.90,5.3200,true,1,171962
7290006265500,false,פטריות שמפיניון ארוז מרינה,"מרינה פטריות הגליל בע""מ",IL,פטריות ארוזות,Unknown,0.00,Unknown,false,1,8.50,0.0000,true,1,172272
7290006265722,false,בייבי מיקס 120 גר,מרינה פטריות הגליל,,בייבי מיקס,גרמים,120.00,100 גרם,false,1,6.90,5.7500,true,1,172275
7290006265890,false,נבטי גרעיני חמניה יח,"מרינה פטריות הגליל בע""מ",IL,יח נבטי חמניה,Unknown,0.00,Unknown,false,1,7.90,0.0000,true,1,172277
7290006271181,false,מעדנות גחנון אפוי 750 גרם,מיוצר עי קונדיטוריית,IL,"ג""חנון אפוי 750 ג""ר",גרמים,750.00,100 גרם,false,1,22.90,3.0533,true,1,172287
7290006271648,false,"מיני בורקס תפו""א 800 ג' מעדנות","מעדנות בע""מ",IL,"מיני בורקס תפו""א מוז",גרמים,800.00,100 גרם,false,1,22.90,2.8625,true,1,172288
7290006271655,false,מיני בורקס גבינה 800 ג' מעדנות,מיוצר עי קונדיטוריית,IL,מיני בורקס גבינה מוז,גרמים,800.00,100 גרם,false,1,22.90,2.8625,true,1,172289
7290006272072,false,חטיפי פיצה בשקית מעדנות 650ג',"מעדנות בע""מ",IL,חטיפי פיצה מוזל 650,גרמים,650.00,100 גרם,false,1,29.90,4.6000,true,1,172291
7290006272430,false,בצק עלים חמאה מעדנות 600 ג',מיוצר עי קונדיטוריית,IL,בצק עלים חמאה 600 גר,גרמים,600.00,100 גרם,false,1,27.90,4.6500,true,1,172292
7290006299215,false,יין מוזס קברנה סובינ,,,יין מוזס קברנה סוביניון חצי יבש 750 מל,מיליליטרים,750.00,"100 מ""ל",false,1,36.90,4.9200,true,1,207004
7290006299239,false,יין גייקוב ריזלינג ח,,,יין גייקוב ריזלינג חצי יבש 750 מל,מיליליטרים,750.00,"100 מ""ל",false,1,36.90,4.9200,true,1,207005
7290006322104,false,לחם ריחיים קל פרוס 500 ג',מאפיית דוידוביץ ובני,IL,לחם ריחיים קל פרוס,גרמים,500.00,100 גרם,false,1,9.90,1.9800,true,1,172294
7290006322111,false,לחמניות ריחיים שישיי,מאפיית דוידוביץ ובני,IL,לחמניות ריחיים שישייה 450 גר,גרמים,450.00,100 גרם,false,1,11.90,2.6444,true,1,172295
7290006322128,false,לחמניות קלות שישייה,מאפיית דוידוביץ ובני,IL,לחמניות קלות שישייה 450 גר,גרמים,450.00,100 גרם,false,1,12.90,2.8667,true,1,172296
7290006322197,false,מארז 4 לחמניות הבית,מאפית דוידוביץ,IL,מארז 4 לחמניות הבית כפולות 120 גר,גרמים,120.00,100 גרם,false,1,14.90,12.4167,true,1,207037
7290006322470,false,לחם 9 דגנים קל 500 גרם,מאפיית דוידוביץ ובני,IL,לחם 9 דגנים קל 500 ג,גרמים,500.00,100 גרם,false,1,13.90,2.7800,true,1,172299
7290006322487,false,לחם קוביות קמח מלא 750 ג',מאפיית דוידוביץ,IL,לחם קוביות קמח מלא 7,גרמים,750.00,100 גרם,false,1,14.90,1.9867,true,1,172300
7290006322838,false,לחם 100% קמח מלא 750 ג',מאפיית דוידוביץ ובני,IL,לחם 100% קמח מלא 750 גר,גרמים,750.00,100 גרם,false,1,12.90,1.7200,true,1,176242
7290006337016,false,בלינציס עם בשר 800 ג,מפעלי אירנה לבצק ממו,,בלינציס עם בשר 800 גר,גרמים,800.00,100 גרם,false,1,34.90,4.3625,true,1,180045
7290006337023,false,בלינציס עם גבינה 800,מפעלי אירנה לבצק ממו,,בלינציס עם גבינה 800 גר,גרמים,800.00,100 גרם,false,1,34.90,4.3625,true,1,180164
7290006337030,false,כרוב/פלפל ממולא 800,מפעלי אירנה לבצק ממו,,כרוב/פלפל ממולא 800 גר,גרמים,800.00,100 גרם,false,1,36.90,4.6125,true,1,180047
7290006337078,false,כיסוני בשר עבודת יד,מפעלי אירנה לבצק ממו,,כיסוני בשר עבודת יד מגש 800 גר,גרמים,800.00,100 גרם,false,1,31.90,3.9875,true,1,180038
7290006337085,false,צבורקי 600 גר,מפעלי אירנה לבצק ממו,,צבורקי 600 גר,גרמים,600.00,100 גרם,false,1,31.90,5.3167,true,1,180046
7290006337092,false,כיסוני בשר יאמי יאמי,מפעלי אירנה לבצק ממו,,כיסוני בשר יאמי יאמי מגש 800 גר,גרמים,800.00,100 גרם,false,1,31.90,3.9875,true,1,191572
7290006337214,false,צבורצקי מיני 600 גר,מפעלי אירנה לבצק ממו,,צבורצקי מיני 600 גר,גרמים,600.00,100 גרם,false,18,31.90,5.3167,true,1,189151
7290006337368,false,קרפלך לילדים במילוי,,,כיסונים מטוגנים במילוי כרוב קפוא 600 גר,קילוגרמים,1.00,"ק""ג",false,1,34.90,34.9000,true,1,207878
7290006337399,false,קרפלך במילוי בשר עוף,,,"מאפה מטוגן במילוי תפו""א ופטריות קפוא",קילוגרמים,1.00,"ק""ג",false,1,34.90,34.9000,true,1,207881
7290006337436,false,כיסונים אירישקה 1 קג,,,"כיסונים אירישקה 1 ק""ג",קילוגרמים,1.00,"ק""ג",false,1,21.90,21.9000,true,1,184462
7290006337450,false,כיסוני בשר לבן 1.3 ק,מפעלי אירנה לבצק ממו,,"כיסוני בשר לבן 1.3 ק""ג",קילוגרמים,1.30,"ק""ג",false,1,38.90,29.9231,true,1,180035
7290006337467,false,כיסוני בשר דומשניה 1,מפעלי אירנה לבצק ממו,,"כיסוני בשר דומשניה 1.3 ק""ג",קילוגרמים,1.30,"ק""ג",false,1,38.90,29.9231,true,1,180033
7290006337474,false,כיסוני בשר עגל 1.3 ק,מפעלי אירנה לבצק ממו,,"כיסוני בשר עגל/מיני 1.3 ק""ג",קילוגרמים,1.30,"ק""ג",false,1,38.90,29.9231,true,1,180036
7290006337504,false,כיסוני בשר משפחתי 1.,מפעלי אירנה לבצק ממו,,"כיסוני בשר משפחתי 1.3 ק""ג",קילוגרמים,1.30,"ק""ג",false,1,38.90,29.9231,true,1,180037
7290006337535,false,חינקליני 600 גר,,,חינקליני 600 גר,גרמים,600.00,100 גרם,false,20,31.90,5.3167,true,1,193865
7290006337979,false,בצק שמרים 700 גר,מפעלי אירנה לבצק ממו,,כיסוני בשר לחיים 600 גר,גרמים,700.00,100 גרם,false,28,13.90,1.9857,true,1,180032
7290006337993,false,כיסונים אליטניה 1.3,,,"כיסונים אליטניה 1.3 ק""ג",קילוגרמים,1.30,"ק""ג",false,1,44.90,34.5385,true,1,182258
7290006374738,false,קונפיטורה תות 340 ג' יד מרדכי,אף.סי תבליני בגליל ב,IL,"קונפיטורת תות 340 ג""",גרמים,340.00,100 גרם,false,1,12.90,3.7941,true,1,172309
7290006376046,false,סוכר דמררה שקית 1 קג,רג'ואן,IL,סוכר דמררה שקית 1 קג,קילוגרמים,1.00,"ק""ג",false,24,10.90,10.9000,true,1,187694
7290006376343,false,ציפוי לשניצל בטעם ים תיכוני 350ג' שקית,,,ציפוי מתובל לשניצל ים תיכוני 350 גר,גרמים,350.00,100 גרם,false,1,14.90,4.2571,true,1,187691
7290006376688,false,עשיריית סוכר וניל,,,עשיריית סוכר וניל,Unknown,0.00,Unknown,false,1,3.90,0.0000,true,1,172315
7290006376695,false,עשיריית אבקת אפיה 10,,,עשיריית אבקת אפיה,גרמים,100.00,100 גרם,false,1,3.90,3.9000,true,1,201868
7290006376718,false,גלטין לעוגה פרימיום 24 יח,,,אבקת גלטין 12 גר זוג,גרמים,24.00,100 גרם,false,1,10.90,45.4167,true,1,172316
7290006376817,false,שמרים יבשים 33 גר,,,שמרים יבשים 33 גר,גרמים,33.00,100 גרם,false,24,7.90,23.9394,true,1,172317
7290006439031,false,שמן קנולה 1 ל' שוקחה,,,שמן קנולה 1 ל,ליטרים,1.00,ליטר,false,1,14.90,14.9000,true,1,196713
7290006439444,false,"אורז בסמתי ""גולד"" מוזהב 1 ק""ג שוקחה",,,"אורז בסמטי גולד 1 ק""ג",קילוגרמים,1.00,"ק""ג",false,1,11.90,11.9000,true,1,181561
7290006439468,false,עדשים אדומות שוקחה 1,,,"עדשים אדומות שוקחה 1 ק""ג",קילוגרמים,1.00,"ק""ג",false,1,13.90,13.9000,true,1,183945
7290006439475,false,עדשים ירוקות שוקחה 1,,,"עדשים ירוקות שוקחה 1 ק""ג",קילוגרמים,1.00,"ק""ג",false,1,13.90,13.9000,true,1,183944
7290006439482,false,שעועית לבנה שוקחה 1,,,"שעועית לבנה שוקחה 1 ק""ג",קילוגרמים,1.00,"ק""ג",false,1,11.90,11.9000,true,1,183943
7290006439499,false,פופקורן שוקחה 1 קג,,,"פופקורן שוקחה 1 ק""ג",קילוגרמים,1.00,"ק""ג",false,1,11.90,11.9000,true,1,183946
7290006439543,false,בורגול שוקחה עבה 1 ק,,,"בורגול שוקחה עבה 1 ק""ג",קילוגרמים,1.00,"ק""ג",false,1,8.90,8.9000,true,1,183941
7290006439550,false,בורגול שוקחה דק 1 קג,,,"בורגול שוקחה דק 1 ק""ג",קילוגרמים,1.00,"ק""ג",false,1,8.90,8.9000,true,1,183940
7290006439680,false,גריסים שוקחה 1 קג,,,"גריסים שוקחה 1 ק""ג",קילוגרמים,1.00,"ק""ג",false,1,8.90,8.9000,true,1,183953
7290006439703,false,אפונה חצאים שוקחה 1,,,"אפונה חצאים שוקחה 1 ק""ג",קילוגרמים,1.00,"ק""ג",false,1,9.90,9.9000,true,1,183950
7290006439710,false,שעועית אדומה שוקחה 1,,,"שעועית אדומה שוקחה 1 ק""ג",קילוגרמים,1.00,"ק""ג",false,1,13.90,13.9000,true,1,183951
7290006439765,false,כוסמת שוקחה 1 קג,,,"כוסמת שוקחה 1 ק""ג",קילוגרמים,1.00,"ק""ג",false,1,13.90,13.9000,true,1,183954
7290006459510,false,נרות חנוכה 44 יח,מנורה,,נרות חנוכה 44 יח,Unknown,0.00,Unknown,false,1,3.90,0.0000,true,1,200676
7290006459527,false,נרות חנוכה לוקס שקד,,,נרות חנוכה מיוחד 45 יח,Unknown,0.00,Unknown,false,1,6.90,0.0000,true,1,190670
7290006459947,false,פחם גריל פרימיום שקד,E&C Charcoal LTD,,"פחם גריל שקד 2 ק""ג",קילוגרמים,2.00,"ק""ג",false,1,18.90,9.4500,true,1,176010
7290006492432,false,גבינת מוצרלה בייבי 18% 300 ג' גד,מחלבות גד בעמ,IL,מוצרלה בייבי 18% 150,גרמים,150.00,100 גרם,false,1,15.90,10.6000,true,1,172321
7290006492616,false,גבינה בולגרית פרוסות 5% 250 ג' גד,DSH עבור מחלבות גד ב,IL,בולגרית 5% פרוסות 250גר,גרמים,250.00,100 גרם,false,1,26.90,10.7600,true,1,172322
7290006492630,false,גליל גד עז 22% 180 גרם - רבנות,מחלבות גד בעמ,IL,גליל גבינת עיזים 26%,גרמים,180.00,100 גרם,false,1,24.90,13.8333,true,1,172323
7290006492685,false,לאבנה עיזים 5% 250 גרם - רובין,מחלבות גד בעמ,IL,לבנה עיזים 3% 250 גר,גרמים,250.00,100 גרם,false,1,17.90,7.1600,true,1,172325
7290006492913,false,לאבנה ציזיקי למריחה 5% שומן 250 ג' גד,מחלבות גד בעמ,IL,לבנה ציזיקי 5% 250 ג,גרמים,250.00,100 גרם,false,1,12.90,5.1600,true,1,172327
7290006511157,false,"פטריות שלמות ויליפוד 400 גרם בד""ץ",אוקצ'מפס אס.איי אויי,PL,"פטריות שלמות ""גולדפו",גרמים,400.00,100 גרם,false,1,7.90,1.9750,true,1,172336
7290006511751,false,פטריות שמפניון חתוך ויליפוד 290X3 ג' בד”צ,לוטס,,פטריות חתוכות 290 גר שלישייה,גרמים,870.00,100 גרם,false,1,11.90,1.3678,true,1,177250
7290006515926,false,מארז משקה קוקטייל אפ,IBBLS,IT,"מארז אפרול 700 מ""ל+ פרו שפריץ",מיליליטרים,700.00,"100 מ""ל",false,1,89.90,12.8429,true,1,189264
7290006546012,false,שעועית בנוסח מקסיקני בטעם חריף 580 ג' פרי הגליל,"פרי הגליל בע""""מ",IL,שעועית חומה מקסיקני 580 גר,גרמים,580.00,100 גרם,false,1,6.90,1.1897,true,1,172337
7290006546333,false,ציפס קפוא פרי גליל 7,"פרי הגליל בע""""מ",IL,"צ""יפס 700 ג""ר",גרמים,600.00,100 גרם,false,1,9.90,1.6500,true,1,172340
7290006546371,false,במיה 600 ג' פרי הגליל,"פרי הגליל בע""""מ",IL,"במיה 600 גר""",גרמים,600.00,100 גרם,false,1,13.90,2.3167,true,1,172341
7290006546388,false,תחתיות ארטישוק 400 ג' פרי הגליל,"פרי הגליל בע""""מ",IL,תחתיות ארטישוק 400 ג,גרמים,400.00,100 גרם,false,1,13.90,3.4750,true,1,172342
7290006546395,false,לקט העונה קפוא פרי הגליל 800ג',"פרי הגליל בע""""מ",IL,לקט העונה 800 גר,גרמים,800.00,100 גרם,false,1,10.90,1.3625,true,1,172343
7290006546500,false,צ'יפס זיגזג קפוא פרי גליל 800 ג',"פרי הגליל בע""""מ",IL,"צ""יפס זיגזג",גרמים,800.00,100 גרם,false,1,10.90,1.3625,true,1,172344
7290006546524,false,צי'פס מובחר קפוא פרי גליל 800 ג',"פרי הגליל בע""""מ",IL,"צ""יפס מובחר 800גר",גרמים,800.00,100 גרם,false,1,10.90,1.3625,true,1,172346
7290006546982,false,לקט סיני 800 ג' פרי הגליל,"פרי הגליל בע""""מ",IL,"לקט סיני 800 גר""",גרמים,800.00,100 גרם,false,1,14.90,1.8625,true,1,172347
7290006546999,false,לקט למרק פרי הגליל 800 ג',"פרי הגליל בע""""מ",IL,לקט למרק 800 גרם,גרמים,800.00,100 גרם,false,1,14.90,1.8625,true,1,172348
7290006562913,false,סטיק עוף וברווז פרמי,,,סטיק עוף וברווז פרמיו 15 גר,גרמים,15.00,100 גרם,false,1,6.90,46.0000,true,1,206900
7290006567048,false,קוסקוס ישראלי מפתול אסם 350ג',"מיוצר ע""י קוד יצרן K",IL,פתיתי קוסקוס ישראלי,גרמים,350.00,100 גרם,false,1,7.90,2.2571,true,1,172350
7290006582799,false,גינגר מיובש שקדיה 20,,,גינגר מיובש שקדיה 200 גר,גרמים,200.00,100 גרם,false,1,11.90,5.9500,true,1,186978
7290006618078,false,"אסטוניש מרסס ניקוי יסודי 750 מ""ל",אסטוניש Astonish,GB,"מרסס לניקוי מטבח אסטוניש צהוב 750 מ""ל",מיליליטרים,750.00,"100 מ""ל",false,1,14.90,1.9867,true,1,182079
7290006618085,false,"אסטוניש - מרסס לחדר האמבט עם אקונומיקה 750 מ""ל",אסטוניש Astonish,GB,מרסס לניקוי אמבט/משמיד עובש אסטוניש,מיליליטרים,750.00,"100 מ""ל",false,1,14.90,1.9867,true,1,182080
7290006618610,false,6 ספוגיות כלים חלבי / בשרי,פלספק,TR,ספוגיות הפי חלבי/בשרי שישייה,Unknown,0.00,Unknown,false,1,7.90,0.0000,true,1,182051
7290006652027,false,במבה מארז 20 יח' *15ג' אסם,מיוצר עי קונדיטוריית,IL,"במבה מולטי פק"" 15 ג""",גרמים,300.00,100 גרם,false,1,22.90,7.6333,true,1,172368
7290006653765,false,פסטה פרפקטו פטוציני 500ג' אסם,קריות זול,IT,"פרפקטו פסטה פטוצ""יני",גרמים,500.00,100 גרם,false,1,6.90,1.3800,true,1,172369
7290006653819,false,קוסקוס דק בשקית אסם,"מיוצר ע""י קוד יצרן K",IL,קוסקוס דק בשקית 350,גרמים,350.00,100 גרם,false,1,7.90,2.2571,true,1,172370
7290006664037,false,גמדים דגנים ארוחת בוקר מארז 100X4ג',"שטראוס בריאות בע""מ",IL,רביעיית סופר גמדים ד,מיליליטרים,400.00,"100 מ""ל",false,1,11.20,2.8000,true,1,172372
7290006664051,false,"אקטימל לבן מארז 100X14 מ""ל",מיוצר עי קונדיטוריית,IL,"מארז אקטימל 14חי""",גרמים,1512.00,100 גרם,false,1,29.90,1.9775,true,1,172373
7290006664310,false,גבינה לבנה 3% שומן 250 ג' שטראוס,מיוצר עי קונדיטוריית,IL,"סקי 3% 250 ג""ר",גרמים,250.00,100 גרם,false,1,4.75,1.9000,true,1,172374
7290006664402,false,גבינה 5% שומן 750 ג' שטראוס,מיוצר עי קונדיטוריית,IL,"גבינת סקי 5% 750 ג""ר",גרמים,750.00,100 גרם,false,1,14.25,1.9000,true,1,172375
7290006664532,false,יוגורט עם תות 3% שומן 150 ג' דנונה,מיוצר עי קונדיטוריית,IL,דנונה תות 1.5%,מיליליטרים,150.00,"100 מ""ל",false,1,3.90,2.6000,true,1,172376
7290006664655,false,"אקטימל לבן טבעי מארז 100X8 מ""ל",מיוצר עי קונדיטוריית,IL,אקטימל טבעי שמינייה,גרמים,864.00,100 גרם,false,1,20.90,2.4190,true,1,172378
7290006664693,false,יוגורט עם אפרסק 3% שומן 150 ג' דנונה,מיוצר עי קונדיטוריית,IL,דנונה אפרסק 1.5%,מיליליטרים,150.00,"100 מ""ל",false,1,3.90,2.6000,true,1,172379
7290006664990,false,דנונה ביו מארז חיסכון 1.5% 8 יח' *150 ג',מיוצר עי קונדיטוריית,IL,מארז דנונה ביו 1.5%,קילוגרמים,1.20,"ק""ג",false,1,16.90,14.0833,true,1,172381
7290006678782,false,סרדין מרוקאי חריף בש,אוקימיק לעיון,,סרדין מרוקאי חריף בשמן צמחי 125 גר,גרמים,125.00,100 גרם,false,1,5.90,4.7200,true,1,179021
7290006678812,false,סרדין מרוקאי 125 ג בשמן צ,אוקימיק לעיון,,סרדין מרוקאי בשמן צמחי 125 גר,גרמים,125.00,100 גרם,false,1,5.90,4.7200,true,1,179019
7290006678850,false,סרדין מרוקאי בשמן זי,אוקימיק לעיון,,סרדין מרוקאי בשמן זית 125 גר,גרמים,125.00,100 גרם,false,1,5.90,4.7200,true,1,179022
7290006681553,false,שטראוס קרמבו ווניל 8יח,"גלידת שטראוס בע""מ",IL,"קרמבו וניל 8יח""",גרמים,200.00,100 גרם,false,1,14.90,7.4500,true,1,172384
7290006704153,false,עלי בייבי מיקס,"מרינה פטריות הגליל בע""מ",IL,ביבי מיקס,Unknown,0.00,Unknown,false,1,7.90,0.0000,true,1,172390
7290006712981,false,"קולגייט משחת שיניים סמיילס לגילאי 6 50 מ""ל",הנסיך- מפעל לייצור ט,PL,"משחת שיניים לילדים """,גרמים,66.00,100 גרם,false,1,12.90,19.5455,true,1,172396
7290006739346,false,נקניקיות פרגיות טרי 400 גרם זוגלובק,נקניק נהריה כשר זוגל,IL,נקניקיות פרגיות 400,גרמים,400.00,100 גרם,false,1,13.90,3.4750,true,1,172401
7290006739407,false,שניצל תירס לייט 630 ג' זוגלובק,נקניק נהריה כשר זוגל,IL,שניצל תירס לייט 630,גרמים,630.00,100 גרם,false,1,25.90,4.1111,true,1,172402
7290006739414,false,סלמי קוניאק 300 ג' זוגלובק,נקניק נהריה כשר זוגל,IL,"סלמי קוניאק 300 גר""",גרמים,300.00,100 גרם,false,1,25.90,8.6333,true,1,172403
7290006739421,false,סלמי מעושן איטלקי 300 ג' זוגלובק,נקניק נהריה כשר זוגל,IL,"סלמי איטלקי 300 גר""",גרמים,300.00,100 גרם,false,1,25.90,8.6333,true,1,172404
7290006739445,false,שניצל תירס קלאסי 750 ג' זוגלובק,נקניק נהריה כשר זוגל,IL,שניצל תירס קלאסי 750,גרמים,750.00,100 גרם,false,1,25.90,3.4533,true,1,172405
7290006741363,false,"בורקס תפו""א זוגלובק בד""צ 800ג'",מאפיית אריאל וגידרון,IL,"בורקס תפו""א 800 גר",גרמים,800.00,100 גרם,false,1,17.90,2.2375,true,1,172408
7290006764065,false,"בירה נשר מאלט בקבוק חוזר 500 מ""ל","טמפו משקאות בע""ם.",IL,נשר מאלט 500 חוזר,מיליליטרים,500.00,"100 מ""ל",false,1,5.70,1.1400,true,1,172418
7290006764072,false,"גולדסטאר בירה בק חוזר 500 מ""ל","טמפו משקאות בע""מ",IL,"בירה גולדסטאר 500מ""""",מיליליטרים,500.00,"100 מ""ל",false,1,7.90,1.5800,true,1,172419
7290006764157,false,"בירה גולדסטאר לא מסונן חוזר 500 מ""ל",טמפו משקאות בע''מ,IL,"בירה גולדסטאר לא מסונן חוזר 500 מ""ל",מיליליטרים,500.00,"100 מ""ל",false,1,7.90,1.5800,true,1,189139
7290006765772,false,אננס מסוכר מיובש בקו,שקדיה,,אננס מסוכר 200 גר קופסא,גרמים,200.00,100 גרם,false,1,11.90,5.9500,true,1,191095
7290006765895,false,בוטנים קלויים בקליפה,דין שיווק,IL,בוטנים קלויים בקליפה ששון הקולה 200 גר,גרמים,200.00,100 גרם,false,1,5.90,2.9500,true,1,186976
7290006785633,false,שקית 10 בלונים מיטלי,Unknown,,שקית 10 נקניק,Unknown,0.00,Unknown,false,1,8.90,0.0000,true,1,181594
7290006788481,false,"קרליין - נושם סאן רייס דאודורנט ספריי לאישה כתום 200 מ""ל",מיוצר עי : אמיליה קו,IL,"דאו קרליין נושם ספריי כתום 200 מ""ל",מיליליטרים,200.00,"100 מ""ל",false,1,12.90,6.4500,true,1,172450
7290006788504,false,"קרליין - נושם אוקסיג'ן דאודורנט ספריי לאישה סגול 200 מ""ל",מיוצר עי : אמיליה קו,IL,"דאו קרליין נושם ספריי סגול 200 מ""ל",מיליליטרים,200.00,"100 מ""ל",false,1,12.90,6.4500,true,1,172451
7290006788559,false,"טיטניום ICE דאודורנט תרסיס ספריי 180 מ""ל",,,"דאו טיטניום תרסיס 180 מ""ל",מיליליטרים,180.00,"100 מ""ל",false,1,16.90,9.3889,true,1,181016
7290006805355,false,תערובת להכנת כדורי שוקולד פילסברי 500ג',הדקלאים אגודת שיתופי,IL,פילסברי כדורי שוקולד,גרמים,500.00,100 גרם,false,1,16.90,3.3800,true,1,172454
7290006805850,false,תערובת להכנת פנקייקס 500ג' פילסברי,הדקלאים אגודת שיתופי,IL,תערובת להכנת פנקייקס,גרמים,500.00,100 גרם,false,1,16.90,3.3800,true,1,172455
7290006822192,false,מיץ חמוציות דיאט אושן ספריי 1 ליטר,מבשלות בירה בינלאומי,IL,פריגת דיאט אושן ספרי,ליטרים,1.00,ליטר,false,1,13.90,13.9000,true,1,172456
7290006833822,false,מארז נקניקיות עוף 60,,,מארז נקניקיות עוף 600 גר,גרמים,600.00,100 גרם,false,1,22.90,3.8167,true,1,199664
7290006866363,false,פרימור סחוט אשכולית אדומה 1ל',"גניר (1992) בע""מ",IL,"מיץ ""פרימור"" אשכולית",ליטרים,1.00,ליטר,false,1,16.90,16.9000,true,1,172459
7290006960023,false,כרוב כבוש מאמא מרי,,,כרוב כבוש,גרמים,400.00,100 גרם,false,1,19.90,4.9750,true,1,172462
7290006960047,false,מלפפונים במלח יח 370,,,מלפפון במלח 680 גר,גרמים,680.00,100 גרם,false,1,10.90,1.6029,true,1,190714
7290006960146,false,חזרת מאמא מרי 150 גר,,,פרשמק 200גר,גרמים,150.00,100 גרם,false,1,7.90,5.2667,true,1,171966
7290006960153,false,חרדל מאמא מרי 150 גר,,,איקרה מינטאי,גרמים,150.00,100 גרם,false,1,7.90,5.2667,true,1,172465
7290006960429,false,"מאמא מרי כרוב בולגרי 1 ק""ג",,,כרוב בולגרי 1 קייג,קילוגרמים,1.00,"ק""ג",false,1,19.90,19.9000,true,1,172467
7290006960641,false,סלט אצות ים טבעי 400,,,"סלט אצות ים 350 גר""",גרמים,400.00,100 גרם,false,1,22.90,5.7250,true,1,171968
7290006983152,false,קרוטונים מתובלים למרק 400 ג' אסם,עינת תעשיות מזון,IL,קרוטונים מתובלים למר,גרמים,400.00,100 גרם,false,1,17.90,4.4750,true,1,172470
7290006983176,false,אוסם - לחמית שיפון 250 גרם,"אסם השקעות בע""מ",IL,"לחמית שיפון 230 ג""ר",גרמים,230.00,100 גרם,false,1,8.90,3.8696,true,1,172471
7290006983527,false,עוגת הבית תפוחי עץ עם פירורים 400 ג' אסם,מיוצר עי קונדיטוריית,IL,עוגת הבית תפוחי עץ ע,גרמים,400.00,100 גרם,false,1,15.90,3.9750,true,1,172473
7290006983770,false,עוגת הבית שיש 400 ג' אסם,מיוצר עי קונדיטוריית,IL,"עוגת הבית שיש 400 ג""",גרמים,400.00,100 גרם,false,1,12.90,3.2250,true,1,172475
7290006983794,false,עוגת הבית תפוז 400 ג' אסם,מיוצר עי קונדיטוריית,IL,עוגת הבית תפוז 400 ג,גרמים,400.00,100 גרם,false,1,12.90,3.2250,true,1,172477
7290006992161,false,מטרנה - דייסת קורנפלור פרוביוטי 200 גרם,מולינו ניקולי s.p.a,IL,מטרנה דייסת קרונפלור,גרמים,200.00,100 גרם,false,1,13.90,6.9500,true,1,172478
7290006992185,false,"מטרנה - דייסת אורז פרוביוטי כשל""פ 200 גרם",מולינו ניקולי s.p.a,IL,דייסת אורז,גרמים,200.00,100 גרם,false,1,13.90,6.9500,true,1,172479
7290006992192,false,מטרנה - דייסת סולת 200 גרם,קריות זול,IL,דייסת סולת,גרמים,200.00,100 גרם,false,1,13.90,6.9500,true,1,172480
7290006992208,false,מטרנה - דייסת דגנים מעורבים 200 גרם,מטרנה תעשיות ש.מ,IL,דייסת דגנים מעורבים,גרמים,200.00,100 גרם,false,1,13.90,6.9500,true,1,172481
7290006992390,false,"מטרנה - דייסת וניל פרוביוטי כשל""פ 200 גרם",מולינו ניקולי s.p.a,IL,דייסת מטרנה וניל פרוביוטיקה 200גר,גרמים,200.00,100 גרם,false,1,13.90,6.9500,true,1,172482
7290008005180,false,טושיונקה בקר/אסאדו 4,,,טושנקה בקר 400 גר,גרמים,400.00,100 גרם,false,1,19.90,4.9750,true,1,181862
7290008023542,false,סיף פנטסטיק שמפו רצפות כתום 4ל',סיף פנטסטיק Cif Fantastic,IL,"נוזל לניקוי רצפות ""ס",ליטרים,4.00,ליטר,false,1,17.90,4.4750,true,1,172489
7290008116534,false,"מי פה ליסטרין קול מינט 250 מ""ל",,,"מי פה ליסטרין קולמינט 250 מ""ל",מיליליטרים,250.00,"100 מ""ל",false,1,10.90,4.3600,true,1,188085
7290008116541,false,"שטיפת פה ליסטרין קול מינט 500 מ""ל",ג'ונסון אנד ג'ונסון,IT,"מי פה ליסטרין קול מינט 500 מ""ל",מיליליטרים,500.00,"100 מ""ל",false,1,19.90,3.9800,true,1,185760
7290008116558,false,מי פה ליסטרין פרשבור,,,"מי פה ליסטרין פרשבורסט 250 מ""ל",מיליליטרים,250.00,"100 מ""ל",false,1,10.90,4.3600,true,1,188086
7290008116565,false,מי פה ליסטרין פרש בר,ג'ונסון אנד ג'ונסון,IT,"מי פה ליסטרין פרש בורסט 500 מ""ל",מיליליטרים,500.00,"100 מ""ל",false,1,19.90,3.9800,true,1,185761
7290008154222,false,שניצלונים עוף טוב 700 גרם,מולינו ניקולי s.p.a,IL,שניצלונים עוף טוב 70,גרמים,700.00,100 גרם,false,1,14.90,2.1286,true,1,172490
7290008175210,false,גבינת פרמזן מגורדת 90ג' ויליפוד,זנטי אס.איי.,IT,גבינת פרמזן מגורדת 9,גרמים,90.00,100 גרם,false,1,14.90,16.5556,true,1,172492
7290008175814,false,וילי פוד פטריות שמפיניון חתוך בדץ 400ג,"אוקצ'מפ אס, איי אויי",PL,"פטריות חתוך 400 ג""ר",גרמים,400.00,100 גרם,false,1,4.90,1.2250,true,1,172496
7290008329217,false,צלחת 7 ציבעוני 20 יח,,,צלחת צבענית 20 יח,Unknown,0.00,Unknown,false,1,5.90,0.0000,true,1,172508
7290008329316,false,כפות פרימיום שקוף/קרם/לבן/זהב דנטס 50 יח,,,כפות פרמיום שקוף/קרם 50יח,Unknown,0.00,Unknown,false,1,8.90,0.0000,true,1,172512
7290008329347,false,צלחת צבעונית ענקית 2,,,צלחת צבעונית ענקית 20 יח,Unknown,0.00,Unknown,false,1,14.90,0.0000,true,1,172513
7290008329354,false,צלחות 9 ציבעוני 25 יח,,,צלחת צבעונית 20 יח,Unknown,0.00,Unknown,false,1,9.90,0.0000,true,1,172514
7290008330107,false,מרכך כביסה סגול 4 ל' בדין,יוניליור ישראל טיפוח,IL,מרכך כביסה בדין סגול,ליטרים,4.00,ליטר,false,1,19.90,4.9750,true,1,172517
7290008333115,false,אבקת ג'לטין טהור נטו 28 ג',ג'ליק פיניור,,אבקת גלטין טהור 28 גר,גרמים,28.00,100 גרם,false,1,10.90,38.9286,true,1,172521
7290008341981,false,טושונקה בקר 400 גר,גוד פוד,,"טושונקה בקר 400 ג""ר",גרמים,400.00,100 גרם,false,1,22.90,5.7250,true,1,172522
7290008343558,false,"סיגרים בשר שלושת האופים 1 ק""ג",שלושת האופים,IL,"סיגרים בשר 1 ק""ג",קילוגרמים,1.00,"ק""ג",false,1,19.90,19.9000,true,1,172524
7290008343572,false,"אגרול סיני 1 ק""ג שלושת האופים",שלושת האופים,IL,אגרול סיני,קילוגרמים,1.00,"ק""ג",false,1,19.90,19.9000,true,1,172526
7290008343602,false,"קובה בשר 1 ק""ג שלושת האופים",שלושת האופים,IL,"קובה בשר 1 ק""ג",קילוגרמים,1.00,"ק""ג",false,1,19.90,19.9000,true,1,172529
7290008343626,false,"כדורי פלאפל 1 ק""ג שלושת האופים",שלושת האופים,IL,"כדורי פלאפל 1 ק""""ג",קילוגרמים,1.00,"ק""ג",false,1,19.90,19.9000,true,1,172531
7290008344258,false,המבורגר מזרחי 400 גר,"טיבון ויל אחזקות בע""",IL,"המבורגר מזרחי 400 ג""",גרמים,400.00,100 גרם,false,1,18.90,4.7250,true,1,172532
7290008344272,false,המבורגר 100% 400 ג' טיבון ויל,טיבון ויל אחזקות בעמ,IL,המבורגר אמיתי 100% 4,גרמים,400.00,100 גרם,false,1,18.90,4.7250,true,1,172533
7290008345576,false,"סלט איקרה לבנה, 300 גרם דלידג",כלורוקס אוקלנד,IL,איקרה ביתית לבנה 300,גרמים,300.00,100 גרם,false,6,19.90,6.6333,true,1,172534
7290008345583,false,"סלט איקרה ורודה, 300 גרם דלידג",כלורוקס אוקלנד,IL,איקרה ביתית ורוד 300,גרמים,300.00,100 גרם,false,6,19.90,6.6333,true,1,172535
7290008347211,false,אצבעות דג מצופות נטו,אף.סי תבליני בגליל ב,IL,אצבעות דג 700 גרם,גרמים,700.00,100 גרם,false,1,22.90,3.2714,true,1,172536
7290008409049,false,מיני שניצלונים ושומשום מאמא עוף 500 ג',תנובה גליל שותפות מו,IL,מיני שניצלונים בציפוי שומשום 500 גר,גרמים,500.00,100 גרם,false,1,24.90,4.9800,true,1,176175
7290008409100,false,אצבעות שניצל ציפוי שומשום 700 ג' מאמא עוף,תנובה גליל שותפות מו,IL,אצבעות שניצל ציפוי ש,גרמים,700.00,100 גרם,false,1,31.90,4.5571,true,1,172539
7290008409124,false,מאמא עוף קפוא שניצל ג'ונגל פריך 700 גרם,תנובה גליל שותפות מו,IL,"שניצל ג""ונגל מאמא עו",גרמים,700.00,100 גרם,false,1,31.90,4.5571,true,1,172540
7290008409216,false,מאמא עוף קפוא שניצל דק פריך 700 גרם,תנובה גליל,IL,"שניצל ""מאמא עוף"" דק",גרמים,700.00,100 גרם,false,1,39.90,5.7000,true,1,172541
7290008409315,false,מיני מיני דק שניצלונים בציפוי פריך מאמא עוף 500 ג',תנובה גליל,IL,מיני שניצלונים בציפוי פריך 500 גר,גרמים,500.00,100 גרם,false,1,24.90,4.9800,true,1,176174
7290008409407,false,שניצל דק ציפס מאמא עוף 700 ג',תנובה גליל שותפות מו,IL,שניצל דק בציפוי ציפס,גרמים,700.00,100 גרם,false,1,39.90,5.7000,true,1,172543
7290008409551,false,שניצל עוף אמיתי בציפוי מעודן 700 ג' מאמא עוף,תנובה גליל שותפות מו,IL,שניצל אמיתי מעודן,גרמים,700.00,100 גרם,false,1,39.90,5.7000,true,1,172545
7290008409568,false,שניצל ציפס אמיתי מאמא עוף 700 ג',תנובה גליל שותפות מו,IL,שניצל ציפס אמיתי,גרמים,700.00,100 גרם,false,1,39.90,5.7000,true,1,172546
7290008409582,false,שניצל אמיתי בציפוי ביתי מאמא עוף 700 ג',תנובה גליל שותפות מו,IL,שניצל אמיתי ביתי מאמא עוף 700 גר,גרמים,700.00,100 גרם,false,1,39.90,5.7000,true,1,172547
7290008409605,false,כוכבי עוף מאמא עוף 700 גר',תנובה גליל שותפות מו,IL,כוכבי עוף בציפוי פירורי לחם 700 גר,גרמים,700.00,100 גרם,false,1,31.90,4.5571,true,1,172548
7290008409773,false,קציצות עוף ביתיות מאמא עוף 700 ג',תנובה גליל שותפות מו,IL,קציצות עוף,גרמים,700.00,100 גרם,false,1,31.90,4.5571,true,1,172550
7290008415071,false,חומוס צבר עם טחינה עגול 150ג',סלטי צבר,IL,צבר חומוס עם טחינה 1,גרמים,150.00,100 גרם,false,1,4.90,3.2667,true,1,172552
7290008415514,false,חומוס צבר עם חריף עגול 150ג',סלטי צבר,IL,צבר חומוס עם חריף 15,גרמים,150.00,100 גרם,false,1,4.90,3.2667,true,1,172553
7290008443616,false,"מרכך לשיער יבש אדום 750 מ""ל נקה 7",אמיליה קוסמטיקס בעמ,IL,נקה 7 מרכך לשיער יבש,מיליליטרים,750.00,"100 מ""ל",false,1,11.90,1.5867,true,1,172556
7290008443630,false,"נקה 7 - שמפו מתולתל סגול 750 מ""ל",טרופיקל דגיל תעשיות,IL,נקה 7 שמפו לשיער מתו,מיליליטרים,750.00,"100 מ""ל",false,1,11.90,1.5867,true,1,172557
7290008461221,false,סרדין רוברט בשמן חמניות 115 ג',"רמירז, מטוסינוס",PT,"סרדין ""רוברט"" בשמן ח",גרמים,115.00,100 גרם,false,1,7.90,6.8696,true,1,172560
7290008462259,false,חרדל דיזון חריף מייל,יוניליוור צרפת,FR,"חרדל ""דיז""ון"" גרגרים",גרמים,380.00,100 גרם,false,1,18.90,4.9737,true,1,172564
7290008464024,false,בירה גולדסטאר לא מסונן פחית 500 מל,"טמפו משקאות בע""מ",IL,בירה גולדסטאר לא מסונן פח 500מל,מיליליטרים,500.00,"100 מ""ל",false,1,9.50,1.9000,true,1,177389
7290008464130,false,"בירה גולדסטאר לא מסונן 330X6מ""ל",טמפו,IL,"בירה ""גולדסטאר"" לא מסונן 330 מל שישייה",ליטרים,1.98,ליטר,false,1,39.90,20.1515,true,1,176552
7290008464468,false,"בירה גולדסטאר פחית 500 מ""ל","טמפו משקות בע""מ",IL,בירה גולדסטאר פחית 5,מיליליטרים,500.00,"100 מ""ל",false,1,8.50,1.7000,true,1,172569
7290008464611,false,"סודה טמפו בקבוק זכוכית 275 מ""ל",טמפו משקאות בעמ,IL,סודה טמפו בק 275 מל,מיליליטרים,275.00,"100 מ""ל",false,24,2.90,1.0545,true,1,195818
7290008464741,false,"בירה גולדסטאר בק' מארז 330X6מ""ל",קריות זול,IL,שישיית בירה גולדסטאר,ליטרים,1.98,ליטר,false,1,35.90,18.1313,true,1,172577
7290008464796,false,"בירה היינקין ח""פ בקבוק 330X6מ""ל",קריות זול,IL,שישיית בירה היינקן ב,ליטרים,1.98,ליטר,false,1,39.90,20.1515,true,1,172578
7290008493710,false,פרורי גריסני זהב מאיר בייגל 200 ג',מאיר בייגל,,פירורי גריסני זהב 200גר,גרמים,200.00,100 גרם,false,1,5.90,2.9500,true,1,178781
7290008634045,false,"פלסטר שקוף 30 יחידות ""SUNNY PLASTER""",,,פלסטר 30 יח,Unknown,0.00,Unknown,false,1,7.90,0.0000,true,1,182687
7290008634243,false,ממרקות ברז,,,ממרקות ברז,Unknown,0.00,Unknown,false,1,4.90,0.0000,true,1,173140
7290008634335,false,מגבוני בד קטיפתיים,טוליפס,,מגבוני בד קטיפתיים,Unknown,0.00,Unknown,false,1,9.90,0.0000,true,1,172591
7290008634533,false,"ספוג+סקוטש עשיריה ""UNISUN""",יוניסן,,ספוג + סקוטש עשירייה,Unknown,0.00,Unknown,false,1,8.90,0.0000,true,1,172594
7290008645935,false,חומוס לניגוב אחלה 750 ג',"שטראוס גרופ בע""מ",IL,חומוס אחלה ניגוב 750 גר,גרמים,750.00,100 גרם,false,1,9.90,1.3200,true,1,172607
7290008670135,false,ראקנטי סוביניון בלאן,רקנאטי,,יין רקנאטי גליל עליון סוביניון בלאן,מיליליטרים,750.00,"100 מ""ל",false,12,55.90,7.4533,true,1,192493
7290008670913,false,רקנאטי גליל עליון קברנה סוביניון,,,יין רקנאטי גליל עליון קברנה סוביניון,מיליליטרים,750.00,"100 מ""ל",false,1,55.90,7.4533,true,1,184045
7290008679428,false,כפפות לבית ולמטבח בי,קריות זול,,כפפות לבית ולמטבח,Unknown,0.00,Unknown,false,1,4.90,0.0000,true,1,172610
7290008679435,false,כפפות לבית ולמטבח גד,קריות זול,,כפפות לבית ולמטבח,Unknown,0.00,Unknown,false,1,4.90,0.0000,true,1,172611
7290008679459,false,כפפות רגישות במיוחד,קריות זול,,כפפות רגישות במיוחד,Unknown,0.00,Unknown,false,1,4.90,0.0000,true,1,172613
7290008679466,false,כפפות הנדי רגישות גדול,קריות זול,,כפפות רגישות במיוחד,Unknown,0.00,Unknown,false,1,4.90,0.0000,true,1,172614
7290008690713,false,פריגת אושן ספריי חמוציות 1ל',מבשלות בירה בינלאומי,IL,פריגת אושן ספריי חמו,ליטרים,1.00,ליטר,false,1,13.90,13.9000,true,1,172616
7290008693134,false,מעדן גבינה ויוגורט בטעם תות 5% שומן 88 ג' דניאלה,"שטראוס בריאות בע""מ",IL,דניאלה תות,גרמים,88.00,100 גרם,false,1,4.10,4.6591,true,1,172617
7290008745239,false,תפוצ'יפס אקסטרא טבעי 50 ג',"שטראוס פריטו ליי בע""",IL,"תפוצ""יפס אקסי טבעי 50גר",גרמים,50.00,100 גרם,false,1,3.90,7.8000,true,1,172618
7290008752244,false,תפוצ'יפס אקסטרא גריל 50 גרם,"שטראוס פריטו ליי בע""",IL,"תפוצ""יפס אקסטרה גריל",גרמים,50.00,100 גרם,false,1,3.90,7.8000,true,1,172629
7290008753111,false,תפוציפס קראנץ מקסיקנ,"שטראוס פריטו ליי בע""",IL,"תפוצ""יפס מקסיקני 50",גרמים,50.00,100 גרם,false,1,3.90,7.8000,true,1,172630
7290008753364,false,דוריטוס גריל עלית 55 ג',שטראוס פריטו ליי בע,IL,"דוריטוס גליל 55 גר""",גרמים,55.00,100 גרם,false,1,3.20,5.8182,true,1,172631
7290008753371,false,דוריטוס נאצו מקסיקני 55ג',STRAUSS-ISRAEL,,דוריטוס נאצו 55 גר,גרמים,55.00,100 גרם,false,48,3.20,5.8182,true,1,206099
7290008753388,false,דוריטוס טבעי עלית 55 ג',שטראוס פריטו ליי בע,IL,"דוריטוס טבעי 55 גר""",גרמים,55.00,100 גרם,false,1,3.20,5.8182,true,1,172632
7290008754040,false,ממרח פרה שוקולד 850 גר - מגדים,STRAUSS-ISRAEL,IL,"ממרח שוקולד ""פרה"" מג",גרמים,850.00,100 גרם,false,1,14.90,1.7529,true,1,172637
7290008757980,false,נקטר ספרינג רימונים קרטונית 1 ל',"יפאורה תבורי בע""מ",IL,ספרינג רימונים 1 ליט,מיליליטרים,1000.00,"100 מ""ל",false,1,6.90,0.6900,true,1,172647
7290008775816,false,ערגליות שוקו חדש12*300גרם 2020,מיוצר עי קונדיטוריית,IL,ערגליות שוקו 300 גר,גרמים,300.00,100 גרם,false,12,9.90,3.3000,true,1,172650
7290008775823,false,ערגליות תות חדש12*300גרם 2020,מיוצר עי קונדיטוריית,IL,ערגליות תות שדה 300,גרמים,300.00,100 גרם,false,12,9.90,3.3000,true,1,172651
7290008776400,false,צוריסוס עגל 500 גר,,,צוריסוס עגל 500 גר,גרמים,500.00,100 גרם,false,1,29.90,5.9800,true,1,197879
7290008792264,false,מפיות טישיו טאצ' 100יח',"שניב תעשיות נייר בע""",,"מפיות ""טאצ"""" 100 יח""",Unknown,0.00,Unknown,false,1,5.90,0.0000,true,1,172654
7290008801089,false,"יין P.C קברנה סוביון 375 מ""ל",,,יין קברנה סוביניון 375 מל,מיליליטרים,375.00,"100 מ""ל",false,1,19.90,5.3067,true,1,198844
7290008801119,false,סלקטד סוביניון בלאן כרמל 750 מל,אגודת הכורמים הקואופ,IL,סוביניון בלאן לבן יבש,מיליליטרים,750.00,"100 מ""ל",false,1,29.90,3.9867,true,1,172656
7290008801546,false,"יין מוסקט קינג דויד 750 מ""ל",אגודת הכורמים הקואופ,IL,יין מוסקט לבן מתוק 7,מיליליטרים,750.00,"100 מ""ל",false,1,22.90,3.0533,true,1,172661
7290008802895,false,יין קברנה סוביניון פרייוט קולקשן,אגודת הכורמים הקאופו,IL,יין קברנה סובניון אד,מיליליטרים,750.00,"100 מ""ל",false,1,39.90,5.3200,true,1,172666
7290008841016,false,פפריקה מתוקה קטן 100 ג' זארובי,,,"פפריקה מתוקה 100 גר""",גרמים,100.00,100 גרם,false,1,9.90,9.9000,true,1,172698
7290008841023,false,פפריקה חריפה 100 ג' זארובי,,,"פפריקה חריפה 100 גר""",גרמים,100.00,100 גרם,false,1,9.90,9.9000,true,1,172699
7290008841030,false,פלפל שחור טחון 100 ג' זארובי,,,פלפל שחור טחון 100 ג,גרמים,100.00,100 גרם,false,1,9.90,9.9000,true,1,172700
7290008841047,false,כמון טחון קטן 100 ג' זארובי,,,"כמון טחון 100 ג""ר",גרמים,100.00,100 גרם,false,1,9.90,9.9000,true,1,172701
7290008841054,false,מלח לימון 150 ג' זארובי,,,"מלח לימון 150 ג""ר",גרמים,150.00,100 גרם,false,1,9.90,6.6000,true,1,172702
7290008841061,false,כוסברה טחונה 80 ג' זארובי,,,"כוסברה טחונה 80 ג""ר",גרמים,80.00,100 גרם,false,1,9.90,12.3750,true,1,172703
7290008841092,false,קינמון טחון קטן 120 ג' זארובי,,,"קינמון טחון 120 ג""ר",גרמים,120.00,100 גרם,false,1,9.90,8.2500,true,1,172706
7290008841108,false,זעתר ביתי 80 גר,,,"זעתר ביתי 80 גר""",גרמים,80.00,100 גרם,false,1,9.90,12.3750,true,1,172707
7290008841122,false,סומק 110 ג' זארובי,,,"סומק 110 ג""ר",גרמים,110.00,100 גרם,false,1,9.90,9.0000,true,1,172709
7290008841139,false,קארי 120 ג' זארובי,,,"קארי 120 גר""",גרמים,120.00,100 גרם,false,1,9.90,8.2500,true,1,172710
7290008841153,false,אגוז מוסקט טחון /שלם 100 ג' זארובי,,,"מוסקט טחון 100 ג""ר",גרמים,100.00,100 גרם,false,1,17.90,17.9000,true,1,172711
7290008841160,false,אורגנו 60 ג' זארובי,,,"אורגנו 60 ג""ר",גרמים,60.00,100 גרם,false,1,9.90,16.5000,true,1,172712
7290008841177,false,פלפל אנגלי שלם 80 ג' זארובי,,,"פלפל אנגלי שלם 80 ג""",גרמים,80.00,100 גרם,false,1,9.90,12.3750,true,1,172713
7290008841191,false,שום גבישי 130 ג' זארובי,,,"שום גבישי 130 גר""",גרמים,130.00,100 גרם,false,1,9.90,7.6154,true,1,172714
7290008841252,false,תבלין לשווארמה 110 ג' זארובי,,,תבלין לשווארמה 110 ג,גרמים,110.00,100 גרם,false,1,9.90,9.0000,true,1,172718
7290008841283,false,תבלין לקציצות 100 ג' זארובי,,,תבלין לקציצות 100 גר,גרמים,100.00,100 גרם,false,1,9.90,9.9000,true,1,172721
7290008841313,false,פלפל שחור גרוס 100 ג,,,פלפל שחור גרוס 100 גרם,גרמים,100.00,100 גרם,false,1,9.90,9.9000,true,1,172723
7290008841337,false,תבלין לדג 100 ג' זארובי,,,"תבלין לדג 100 גר""",גרמים,100.00,100 גרם,false,1,9.90,9.9000,true,1,172725
7290008841689,false,תבלין עוף 100 ג' זארובי,,,"תבלין לעוף 100 גר""",גרמים,100.00,100 גרם,false,1,9.90,9.9000,true,1,172737
7290008841788,false,קינמון מקלות 45 ג' זארובי,,,"קינמון מקלות 60 ג""ר",גרמים,60.00,100 גרם,false,1,9.90,16.5000,true,1,172739
7290008841818,false,פלפל שחור גרוס 100 ג' זארובי,,,פלפל שחור גרוס 100 ג,גרמים,100.00,100 גרם,false,1,9.90,9.9000,true,1,172741
7290008841887,false,קשיו קלוי קופסא 180,,,קשיו קלוי קופסא 180 גר,גרמים,180.00,100 גרם,false,1,14.90,8.2778,true,1,200476
7290008841894,false,אגוז מלך 250 גר,,,אגוז מלך 250 גר,גרמים,250.00,100 גרם,false,1,19.90,7.9600,true,1,202984
7290008841900,false,שזיף מגולען 200 גר,,,שזיף מגולען 200 גרם,גרמים,200.00,100 גרם,false,1,14.90,7.4500,true,1,172744
7290008849838,false,טפנד זיתים אוליביה 190 גר',"אוליביה גורמה בע""מ",IL,טפנד זיתים אוליביה 180 גר,גרמים,180.00,100 גרם,false,1,11.90,6.6111,true,1,185458
7290008849845,false,ממרח אוליביה אריסה פיקנטי 180 ג',"אוליביה גרומה בע""מ",IL,אריסה פיקנטית אוליביה 185 גר,גרמים,185.00,100 גרם,false,1,11.90,6.4324,true,1,185460
7290008921015,false,יין תישבי קברנה סירה,"יקבי הבארון בע""מ",,יין קברנה סירה,מיליליטרים,750.00,"100 מ""ל",false,1,39.90,5.3200,true,1,172766
7290008921022,false,יין תישבי פרנץ ריזלי,"יקבי הבארון בע""מ",,"יין פרנץ"" ריזלינג",מיליליטרים,750.00,"100 מ""ל",false,1,39.90,5.3200,true,1,172767
7290008921053,false,יין תישבי אדום סגול,"יקבי הבארון בע""מ",,"יין סוביניון בלאן 750 מ""ל",מיליליטרים,750.00,"100 מ""ל",false,1,39.90,5.3200,true,1,184617
7290008921176,false,יין תשבי ויניארדס מר,"יקבי הבארון בע""מ",,מרלו אדום יבש,מיליליטרים,750.00,"100 מ""ל",false,1,44.90,5.9867,true,1,172769
7290008921190,false,יין אמרלד ריזלינג וי,יושלם,,יין ריזלינג 0.75 ל,מיליליטרים,750.00,"100 מ""ל",false,1,39.90,5.3200,true,1,172771
7290008921275,false,יין תישבי שיראז יבש,יושלם,,"יין ""שיראז"" יבש 0.75ל",מיליליטרים,750.00,"100 מ""ל",false,1,44.90,5.9867,true,1,172773
7290008921558,false,יין מלבק אסטייט 750,תשבי,,יין מלבק אסטייט 750 מל,מיליליטרים,750.00,"100 מ""ל",false,1,79.90,10.6533,true,1,197171
7290008921572,false,יין ויוניה גוורצטרמי,יקבי תישבי,,"יין ויוניה גוורצטרמינר 750 מ""ל",מיליליטרים,750.00,"100 מ""ל",false,1,44.90,5.9867,true,1,184969
7290008921633,false,יין תישבי אסטייט פינ,יקבי הבארון,IL,יין פרנץ קולומברד בצ,מיליליטרים,750.00,"100 מ""ל",false,1,54.90,7.3200,true,1,173143
7290008940214,false,גבינת צדר אנגלי כתום,,,גבינת צדר אנגלי כתום 200 גר,גרמים,200.00,100 גרם,false,1,17.90,8.9500,true,1,204581
7290008940221,false,גבינת צדר אנגלי לבן,,,גבינת צדר אנגלי לבן 200 גר,גרמים,200.00,100 גרם,false,1,17.90,8.9500,true,1,204582
7290008945172,false,גלילונית שקיות אשפה 52*65 40 יח',"אשפלסט תעשיות בע""מ",TH,גלילונית לפח מטבח 40,Unknown,0.00,Unknown,false,1,15.90,0.0000,true,1,172777
7290008945202,false,גלילונית ש.אשפה ענק 50 90X75יח' 2020,קילט ניהול פרוייקטים,TH,גלילונית לאשפה משרדי,Unknown,0.00,Unknown,false,1,12.90,0.0000,true,1,172778
7290008961110,false,בשר בקר במיץ טבעי 40,פרוטרי,,בשר בקר במיץ טבעי 40,גרמים,400.00,100 גרם,false,1,21.90,5.4750,true,1,172779
7290008961127,false,טושונקה רוסי 400 גר,גוד פוד ג'.א'.ג'י. ב,,טושונקה רוסי 400גר,גרמים,400.00,100 גרם,false,1,21.90,5.4750,true,1,173144
7290008961134,false,קונפיטורה תות שדה 1.,,UA,לשון בקר פיטריות,קילוגרמים,1.25,"ק""ג",false,1,37.90,30.3200,true,1,173145
7290008961189,false,טושונקה רוסי פיקנטי,גוד פוד ג'.א'.ג'י. ב,,טושונקה רוסי פיקנטי,גרמים,400.00,100 גרם,false,1,21.90,5.4750,true,1,173148
7290008961271,false,בשר בקר עם כוסמת 400,פרוטרי,,בשר בקר עם כוסמת,גרמים,400.00,100 גרם,false,1,19.90,4.9750,true,1,172781
7290008961288,false,קוזינק ממתק גרעיני ח,,UA,בשר בקר עם שעועית,גרמים,500.00,100 גרם,false,20,14.80,2.9600,true,1,172782
7290008961370,false,עגבניות מוחמצות פוסו,,,עגבניות מוחמצות פוסולסקי דבור 650 גר,גרמים,650.00,100 גרם,false,1,8.90,1.3692,true,1,199633
7290008961493,false,ריבה אוכמניות שחורות,,UA,סגושונקה ריבת חלב 70,קילוגרמים,1.25,"ק""ג",false,1,37.90,30.3200,true,1,172785
7290008961561,false,קוואקר 500 גר,פרוטרי,,"קוואקר 500 ג""ר",גרמים,500.00,100 גרם,false,1,7.90,1.5800,true,1,172787
7290008961585,false,כוסמת פוסולסקי דבור,סנקי,,כוסמת פוסולסקי דבור 800 גר,גרמים,800.00,100 גרם,false,1,12.90,1.6125,true,1,179363
7290008961608,false,אורז עגול פוסולסקי ד,,,"אורז עגול פוסולסקי דבור 1 ק""ג",קילוגרמים,1.00,"ק""ג",false,1,9.80,9.8000,true,1,182375
7290010023141,false,תה לימונענע הגן הקסום 25 שיקיקים,קריות זול,IL,"""הגן הקסום"" לימון נע",גרמים,55.00,100 גרם,false,1,17.90,32.5455,true,1,172798
7290010051595,false,חסה לבבות קיסר,,,חסה לבבות קיסר,Unknown,0.00,Unknown,false,1,8.90,0.0000,true,1,182407
7290010065318,false,פרינוק - ג'וניור תפוחי עץ 190 גרם,פרינוק,CZ,"""פרינוק"" ג""וניור מחי",גרמים,190.00,100 גרם,false,1,5.90,3.1053,true,1,172804
7290010065332,false,פרינוק - ג'וניור פתוחי עץ ובננה 190 גרם,פרינוק,CZ,"""פרינוק"" ג""וניור מחי",גרמים,190.00,100 גרם,false,1,5.90,3.1053,true,1,172805
7290010065349,false,פרינוק גרבר גוניור סלט פירות 190 גר',כלורוקס אוקלנד,CZ,"""פרינוק"" ג""וניור מחי",גרמים,190.00,100 גרם,false,1,5.90,3.1053,true,1,172806
7290010065745,false,ג`וניור פרינוק מחית לפתן פירות 190ג',פרינוק,CZ,"""פרינוק"" ג""וניור מחי",גרמים,190.00,100 גרם,false,1,5.90,3.1053,true,1,172808
7290010116980,false,אבקת שוקולית שקית עלית 850 ג',הנסיך- מפעל לייצור ט,IL,שוקולית 850 גר,גרמים,850.00,100 גרם,false,1,17.90,2.1059,true,1,172817
7290010117857,false,דוריטוס חריף אש 55 ג' עלית,STRAUSS-ISRAEL,,דוריטוס חריף אש 55 ג,גרמים,55.00,100 גרם,false,1,3.20,5.8182,true,1,172818
7290010119950,false,דוריטוס חמוץ חריף עלית 55ג',שטראוס גרופ,,דוריטוס חמוץ חריף 55,גרמים,55.00,100 גרם,false,1,3.20,5.8182,true,1,172820
7290010124190,false,שניצל בקר מלינסה 250 ג' אל מטאדור,,,שניצל בקר מלינסה 250 גר,גרמים,250.00,100 גרם,false,,14.90,5.9600,true,1,188473
7290010124213,false,סינטה בקר דק דק אל מטאדור 250 ג',בלאדי,IL,סינטה בקר דק דק 250 גר,גרמים,250.00,100 גרם,false,,19.90,7.9600,true,1,188472
7290010163069,false,צנובר שקדיה 100 גר,אף.סי תבליני בגליל ב,IL,צנובר שקדיה 100 גר,גרמים,100.00,100 גרם,false,1,23.90,23.9000,true,1,187988
7290010173037,false,יין בר הרי גליל רוזה,יקב הרי גליל,,"יין ""יקבי הרי הגליל""",מיליליטרים,750.00,"100 מ""ל",false,1,34.90,4.6533,true,1,177059
7290010173044,false,"יין בר הרי גליל מרלו 750 מ""ל",יקב הרי גליל,IL,"יין ""יקבי הרי הגליל""",מיליליטרים,750.00,"100 מ""ל",false,1,34.90,4.6533,true,1,172839
7290010173068,false,"יין חרמון גליל קברנה אדום יבש 750מ""ל",יקב הרי גליל,IL,"יין ""יקבי הרי הגליל""",מיליליטרים,750.00,"100 מ""ל",false,1,34.90,4.6533,true,1,172840
7290010173334,false,יין הרי גליל סירה 750מל,יקב הרי גליל,,"יין ""הרי הגליל"" שירא",מיליליטרים,750.00,"100 מ""ל",false,1,34.90,4.6533,true,1,172841
7290010195268,false,פופקורן למיקרו בטעם טבעי מופחת שומן,פופ סטאר,US,פופקורן פופסטאר טבעי מופחת שומן 425 גר,גרמים,425.00,100 גרם,false,1,12.90,3.0353,true,1,172842
7290010237890,false,"בירה הייניקן בקבוק 500 מ""ל חוזר",טמפו משקאות בע''מ,IL,בירה היינקן בקבוק חו,מיליליטרים,500.00,"100 מ""ל",false,1,8.90,1.7800,true,1,172858
7290010259366,false,וילי פוד נודלס אטר.ביצים מסולסל בדץ 200ג,פוג'יאן לונגהאי אנלי,CN,אטריות להקפצה מסולסל,גרמים,200.00,100 גרם,false,1,4.90,2.4500,true,1,172862
7290010259823,false,מנת השף מרק עם נודלס טעם עוף בדץ 70ג,נמצ'או(תאילנד) בעמ,TH,מנת השף מרק עם נודלס,גרמים,70.00,100 גרם,false,1,4.90,7.0000,true,1,172864
7290010259830,false,מנת השף נודלס בסגנון סיני פיקנטי,נמצ'או(תאילנד) בעמ,TH,מנת השף מרק עם נודלס,גרמים,70.00,100 גרם,false,1,4.90,7.0000,true,1,172865
7290010259847,false,מנת השף מרק עם נודלס טעם תירס בדץ 70ג,קריות זול,TH,מנת השף מרק עם נודלס,גרמים,70.00,100 גרם,false,1,4.90,7.0000,true,1,172866
7290010259854,false,מנת השף נודלס בטעם פטריות בדץ 70ג,נמצ'או(תאילנד) בעמ,TH,מנת השף מרק עם נודלס,גרמים,70.00,100 גרם,false,1,4.90,7.0000,true,1,172867
7290010259861,false,מנת השף מרק עם נודלס בטעם ירקות בדץ 70ג,קריות זול,TH,מנת השף מרק עם נודלס,גרמים,70.00,100 גרם,false,1,4.90,7.0000,true,1,172868
7290010259977,false,וילי פוד שמן קנולה בדץ 1ל,וילי פוד,PL,שמן קנולה 1ל,ליטרים,1.00,ליטר,false,1,10.90,10.9000,true,1,172872
7290010259991,false,וילי פוד צנימים בדץ 250ג,קריות זול,PT,צנימים 250גר,גרמים,250.00,100 גרם,false,1,8.90,3.5600,true,1,172873
7290010278916,false,בלונים מותגים שדקית 10יח',גמר,,שקית מודפס 10 יח,Unknown,0.00,Unknown,false,1,9.90,0.0000,true,1,181645
7290010300259,false,שמן תינוקות 400 מל,מעבדות קליאו,,"שמן תינוקות 400 מ""ל",מיליליטרים,400.00,"100 מ""ל",false,1,16.90,4.2250,true,1,172879
7290010300365,false,מטליות מיקרופייבר מו,מ.א. מטליות,,מטליות מיקרופייבר מו,Unknown,0.00,Unknown,false,1,11.90,0.0000,true,1,172882
7290010300389,false,כרית יפניות עבות חמישייה אלפא,שלמה חביב,,"כריות יפניות ""אלפא""",Unknown,0.00,Unknown,false,1,9.90,0.0000,true,1,172883
7290010300570,false,קוקוס טחון 200 גר,ר.ס.,,"קוקוס טחון 200 ג""ר",גרמים,200.00,100 גרם,false,1,8.90,4.4500,true,1,172890
7290010300747,false,קיסמים דנטליים 200 יח',THAI FONG,CN,קסמים דנטליים 200 יח,Unknown,0.00,Unknown,false,1,9.90,0.0000,true,1,172894
7290010300860,false,"אציטון אלפא 100מ""ל",מעבדות קליאו,,"אציטון 100 מ""ל",מיליליטרים,100.00,"100 מ""ל",false,1,3.90,3.9000,true,1,172896
7290010328246,false,טחינה גולמית שומשום מלא אחווה 500 ג',,IL,טחינה שומשום מלא 500 גר,גרמים,500.00,100 גרם,false,1,14.90,2.9800,true,1,172901
7290010417315,false,יין גולן ימרלו 750 מ,יקב רמת הגולן,,"יין ""גולן"" מרלו",מיליליטרים,750.00,"100 מ""ל",false,1,34.90,4.6533,true,1,172911
7290010471669,false,יוגורט תות עם קורנפלקס מצופה שוקולד ללא גלוטן 3.9%,"שטראוס בריאות בע""מ",IL,דנונה בר תות קורנפלק,גרמים,175.00,100 גרם,false,1,4.50,2.5714,true,1,172915
7290010472307,false,מארז 8 יחידות משקה גמדים בטעם תות בננה,מיוצר עי קונדיטוריית,IL,גמדים לשתיה תות בננה,מיליליטרים,800.00,"100 מ""ל",false,1,19.90,2.4875,true,1,172917
7290010472390,false,מארז 8 יחידות מעדן דני בטעם שוקולד 1.5%,מיוצר עי קונדיטוריית,IL,מארז 8 דני שוקולד,ליטרים,1.00,ליטר,false,1,15.90,15.9000,true,1,172918
7290010513703,false,מזרח ומערב צ'ופסטיקס צפצפה,גולין פנגזו,CN,"מקלות צ""ופסטיק חד פעמיות 20 יח",Unknown,0.00,Unknown,false,1,6.90,0.0000,true,1,172920
7290010513727,false,פנקו פרורי לחם יפניי,קינגדאו גוניון פודס,CN,פנקו-פרורי לחם וומטר,גרמים,200.00,100 גרם,false,1,8.90,4.4500,true,1,176703
7290010548514,false,עשבי תיבול לבישול איטלקי,עיצובים 2020 (3.8),IL,עשבי תיבול לבישול אי,גרמים,70.00,100 גרם,false,1,9.90,14.1429,true,1,172921
7290010613977,false,מטליות רצפה לפרקט 10 יח' טאצ',,,מארז מטליות רצפה פרקט טאצ 10 יח,Unknown,0.00,Unknown,false,1,11.90,0.0000,true,1,202365
7290010627004,false,טחינה גולמית מסורתית ירושלים 500 ג',"בראשית ירושלים בע""מ",IL,טחינה ירושלים 500 גר,גרמים,500.00,100 גרם,false,1,13.90,2.7800,true,1,180520
7290010627844,false,טחינה גולמית שומשום מלא ירושלים 500גרם,"בראשית ירושלים בע""מ",IL,טחינה ירושלים מלא 500 גר,גרמים,500.00,100 גרם,false,1,13.90,2.7800,true,1,180519
7290010632152,false,כרית יפנית UNISUN-שלישיה,יוניסן,,שלישיית כריות יפניות,Unknown,0.00,Unknown,false,1,6.90,0.0000,true,1,172927
7290010632787,false,צימרוני אוזניים עץ 300יח',הדקלאים אגודת שיתופי,CN,צימרוני אוזניים 300,Unknown,0.00,Unknown,false,1,4.90,0.0000,true,1,172928
7290010650828,false,פטריות שימאגי לבן/חו,ביכורי שדה דרום 2002,IL,שימגי לבן/חום 150 גר,גרמים,150.00,100 גרם,false,1,12.90,8.6000,true,1,189172
7290010679010,false,קוקטייל פירות ים 500,,,קוקטייל פירות ים 500,גרמים,500.00,100 גרם,false,1,28.90,5.7800,true,1,172935
7290010679027,false,טבעות קלמרי 500 גר,,,"טבעות קלמרי 500 גר""",גרמים,500.00,100 גרם,false,1,39.90,7.9800,true,1,172936
7290010679034,false,בייבי שרימפס 500 גר,,,"בייבי שרימפס 500 גר""",גרמים,500.00,100 גרם,false,1,32.90,6.5800,true,1,172937
7290010679065,false,שרימפס גמבו עם ראש 1,,,שרימפס גמבו עם ראש 16-20 1קג,קילוגרמים,1.00,"ק""ג",false,1,149.90,149.9000,true,1,172938
7290010679126,false,שרימפס מקולף 31-40 5,,,שרימפס מקולף 31-40 500 גר,גרמים,500.00,100 גרם,false,1,49.90,9.9800,true,1,172939
7290010679256,false,פילה דג ברבוניה 500,אקוואטיק,,פילה דג ברבוניה 500 גר,גרמים,500.00,100 גרם,false,1,34.90,6.9800,true,1,172941
7290010679393,false,שרימפס טמפורה עם רוט,,,שרימפס טמפורה עם רוטב 454גר,גרמים,424.00,100 גרם,false,1,42.90,10.1179,true,1,172942
7290010679409,false,ראשי דיונונים מעורבים,,,"ראשי קלמרי 500 גר""",גרמים,500.00,100 גרם,false,1,26.90,5.3800,true,1,172943
7290010679416,false,שרימפס מקולף 41-50 5,,,שרימפס מקולף 41-50 5,גרמים,500.00,100 גרם,false,1,44.90,8.9800,true,1,172944
7290010679423,false,שרימפס מצופה תפוא 30,,,"שרימפס מצופה תפו""א 300 גר",גרמים,300.00,100 גרם,false,1,25.90,8.6333,true,1,172945
7290010679447,false,הקאו שרימפס 240 גר,,,הקאו שרימפס 240 גר,גרמים,240.00,100 גרם,false,1,25.90,10.7917,true,1,172946
7290010679546,false,דג קט פיש מצופה פירו,אקוואטיק,,דג קט פיש מצופה פירורי לחם 400 גר,גרמים,400.00,100 גרם,false,1,21.90,5.4750,true,1,179850
7290010679553,false,שרימפס מבושל מקולף 4,,,שרימפס מקולף ומבושל,גרמים,500.00,100 גרם,false,1,42.90,8.5800,true,1,172947
7290010679560,false,דים סאם פירות ים 200,,,דים סאם פירות ים 200,גרמים,200.00,100 גרם,false,1,19.90,9.9500,true,1,172948
7290010679607,false,פילה בסה 1 קג,,,"פילה בסה 1 ק""ג",קילוגרמים,1.00,"ק""ג",false,1,34.90,34.9000,true,1,182614
7290010679621,false,שרימפס מקולף מבושל 1ק''ג,,,שרימפס מבושל מקולף 4,גרמים,1000.00,100 גרם,false,1,84.90,8.4900,true,1,172950
7290010679676,false,גיוזה צימחונית 240 ג,וין לוק פוד,,גיוזה צימחונית 240 גר,גרמים,240.00,100 גרם,false,1,25.90,10.7917,true,1,179845
7290010679737,false,שרימפס וויט 26-30 מק,,,שרימפס וויט 26/30 מק,גרמים,1000.00,100 גרם,false,,99.90,9.9900,true,1,172951
7290010679768,false,קלמרי 1 קג,,,קלמרי 1 קג,קילוגרמים,1.00,"ק""ג",false,1,94.90,94.9000,true,1,175974
7290010679829,false,שרימפס 16-20 מקולף 1,,,שרימפס 16-20 מקולף בתפזורת 1 קג,קילוגרמים,1.00,"ק""ג",false,1,119.90,119.9000,true,1,176898
7290010679836,false,סטייק דג בסה 1 קג,אינדיאן אושן,,"סטייק דג בסה 1 ק""ג",קילוגרמים,1.00,"ק""ג",false,1,29.90,29.9000,true,1,172952
7290010679935,false,פילה דג בסה 1 קג,,,פילה דג בסה 1 קג,קילוגרמים,1.00,"ק""ג",false,1,29.90,29.9000,true,1,176895
7290010701353,false,רגל קרושה 400 גר,,,"רגל קרושה 400 גר""",גרמים,400.00,100 גרם,false,1,26.90,6.7250,true,1,172954
7290010701360,false,עוף קרוש 400 גר,,,עוף קרוש 400 גרי,גרמים,400.00,100 גרם,false,1,26.90,6.7250,true,1,172955
7290010701391,false,ממרח כבד בקר 220 גר,,,ממרח כבד בקר 220 גר,גרמים,220.00,100 גרם,false,1,16.90,7.6818,true,1,172958
7290010701407,false,ממרח כבד עוף 220 גר,,,ממרח כבד עוף 220 גר,גרמים,220.00,100 גרם,false,1,16.90,7.6818,true,1,172959
7290010701551,false,נקניקיות עוף 1 קג,,,נקניקיות עוף 1 קג,קילוגרמים,1.00,"ק""ג",false,1,25.90,25.9000,true,1,202777
7290010701612,false,קורקבן עוף בגל 500 ג,מעדני מניה תעשיות בש,,קורקבן עוף בגל 500 גר,גרמים,500.00,100 גרם,false,1,19.90,3.9800,true,1,185369
7290010701704,false,נקניק דוקטורסקיה 450,,,נקניק דוקטורסקיה 450 גר,גרמים,450.00,100 גרם,false,1,22.90,5.0889,true,1,202778
7290010701711,false,ממרח כבד ביתי 200 גר,,,ממרח כבד ביתי 210 גר,גרמים,200.00,100 גרם,false,1,12.90,6.4500,true,1,185371
7290010701902,false,ממרח כבד בקר נקניק 2,,,ממרח כבד בקר נקניק 210 גר,גרמים,200.00,100 גרם,false,1,12.90,6.4500,true,1,185373
7290010701919,false,פטה כבד צרפתי ביין ל,,,פטה כבד צרפתי ביין לבן 180 גר,גרמים,180.00,100 גרם,false,1,22.90,12.7222,true,1,185370
7290010766949,false,ממרח תחתיות ארטישוק 180ג' אוליביה,אוליביה,IL,ממרח ארטישוק אוליביה 180 גר,גרמים,180.00,100 גרם,false,1,12.90,7.1667,true,1,195813
7290010766956,false,אוליביה ממרח פלפלים מתוקים אדומים 180 גר,אוליביה,IL,ממרח פלפלים קלויים אוליביה 180 גר,גרמים,180.00,100 גרם,false,1,12.90,7.1667,true,1,195814
7290010791538,false,שימורי עוף גורמה לה קט 85 ג',מנדלז סי.אר. פרודקשן,TH,לה קט דליקטס עוף גורמה 85 גר,גרמים,85.00,100 גרם,false,1,5.90,6.9412,true,1,179344
7290010791545,false,שימורי כבד גורמה להקט 85 ג',"הייקיו, תאילנד",TH,לה קט דליקטס פטה כבד עוף 85 גר,גרמים,85.00,100 גרם,false,1,5.90,6.9412,true,1,179346
7290010791552,false,שימורי טונה גורמה לה קט 85 ג',"הייקיו, תאילנד",TH,לה קט דליקטס טונה ברוטב 85 גר,גרמים,85.00,100 גרם,false,1,5.90,6.9412,true,1,179348
7290010791576,false,מזון חתולים דליקטס מ,"הייקיו, תאילנד",TH,לה קט דליקטס דגי אוקינוס 85 גר,גרמים,85.00,100 גרם,false,1,5.90,6.9412,true,1,179347
7290010791583,false,מזון חתולים דליקטס א,מנדלז סי.אר. פרודקשן,TH,לה קט דליקטס דגי אוקינוס וטונה 85 גר,גרמים,85.00,100 גרם,false,1,5.90,6.9412,true,1,179345
7290010791644,false,מקלוני עוף פריכים בו,,,מקלוני עוף פריכים בונזו גוי 90 גר,גרמים,90.00,100 גרם,false,1,15.90,17.6667,true,1,183003
7290010814695,false,שוקולד מריר ללא תוספת סוכר וסטהיים,כרמית תעשיות ממתקים,IL,שוקולד מריר ללא סוכר 85 גר,גרמים,85.00,100 גרם,false,1,6.90,8.1176,true,1,172964
7290010838219,false,ממתיק על בסיס צמח הסטיביה - שקיות,תות ממתקי איכות,IL,מרמולייט סטיביה 100 שקיות,Unknown,0.00,Unknown,false,1,29.90,0.0000,true,1,184364
7290010838424,false,ג'ל לניקוי מתקדם בניחוח רענן - מארז זוג,"איטיליאן פוד, אס.פי.",NL,"זוג טואלט דאק ירוק 750 מ""ל",ליטרים,1.50,ליטר,false,1,15.90,10.6000,true,1,172967
7290010838431,false,ג'ל לניקוי מתקדם בניחוח ים - מארז זוג,מיוצר עי קונדיטוריית,NL,טואלט דאק 750 זוג כח,ליטרים,1.50,ליטר,false,1,15.90,10.6000,true,1,172968
7290010883363,false,כפפות אלוורה רב שימושיות מרופדות קטן S,האי נאם סי או אל.טי.,CN,סנו סושי זוג כפפות א,Unknown,0.00,Unknown,false,1,9.90,0.0000,true,1,172973
7290010883370,false,כפפות אלוורה רב שימושיות מרופדות בינוני M,האי נאם סי או אל.טי.,CN,סנו סושי זוג כפפות א,Unknown,0.00,Unknown,false,1,9.90,0.0000,true,1,172974
7290010945146,false,קוטג' 3% מועשר בסידן טרה 250 ג' מהדרין,קריות זול,IL,"קוטג"" 3% מועשר 250גר",גרמים,250.00,100 גרם,false,1,5.90,2.3600,true,1,172976
7290010945306,false,חלב 3% בקרטון 2 ל' טרה,קריות זול,IL,חלב 3% בקרטון 2 ליטר,ליטרים,2.00,ליטר,false,1,12.46,6.2300,true,1,172977
7290010945450,false,טרה גבינה לבנה מהדרין 3% 250ג,קריות זול,IL,גבינה לבנה 3% 250 גר,גרמים,250.00,100 גרם,false,1,4.90,1.9600,true,1,172978
7290010945481,false,גבינה לבנה 5% שומן 500 ג' טרה,קריות זול,IL,גבינה לבנה 5% 500גרם,גרמים,500.00,100 גרם,false,1,9.90,1.9800,true,1,172979
7290011015862,false,"פריגת סירופ דיאט לימונענע 750 מ""ל",סירופ - גבעת חיים,IL,סירופ פריגת דיאט לימון 750 מל,מיליליטרים,750.00,"100 מ""ל",false,1,22.90,3.0533,true,1,172983
7290011017866,false,קוקה קולה קלאסי בפחית,החברה המרכזית לייצור,IL,"קוקה קולה פח 330 מ""ל",מיליליטרים,330.00,"100 מ""ל",false,1,4.90,1.4848,true,1,175989
7290011017873,false,"קוקה קולה זירו פחית 330 מ""ל",החברה המרכזית לייצור,IL,קוקה קולה זירו פחי 330 מל,מיליליטרים,330.00,"100 מ""ל",false,1,4.90,1.4848,true,1,175991
7290011018917,false,קוקה קולה זירו פרידג'פק סליק 6*330מל,החברה המרכזית לייצור,IL,קוקה קולה זירו פח 330 מל מארז שישייה,מיליליטרים,1980.00,"100 מ""ל",false,1,29.90,1.5101,true,1,177783
7290011090340,false,בייבי מיקס 120 גר,,,בייבי מיקס,גרמים,120.00,100 גרם,false,1,6.90,5.7500,true,1,182399
7290011090357,false,חסה רומית,,,חסה רומית,Unknown,0.00,Unknown,false,1,8.90,0.0000,true,1,182398
7290011090418,false,בזיליקום 40 גר,,,בזיליקום,גרמים,40.00,100 גרם,false,1,4.90,12.2500,true,1,182402
7290011090500,false,עירית,,,עירית,Unknown,0.00,Unknown,false,1,4.90,0.0000,true,1,182405
7290011090746,false,תרד 120 גר,,,תרד,גרמים,120.00,100 גרם,false,1,7.90,6.5833,true,1,182400
7290011090913,false,פלפל צילי,,,פלפל צילי,Unknown,0.00,Unknown,false,1,6.90,0.0000,true,1,193589
7290011090920,false,כרוב סיני,,,כרוב סיני,Unknown,0.00,Unknown,false,1,6.90,0.0000,true,1,182410
7290011090944,false,סלק עלים,,,סלק עלים,Unknown,0.00,Unknown,false,1,5.90,0.0000,true,1,182409
7290011094874,false,חסה לבבות שקית,,,חסה לבבות שקית,Unknown,0.00,Unknown,false,1,7.90,0.0000,true,1,182408
7290011115173,false,נקה 7 ארומה סבון נוזלי וניל 1 ל',טרופיקל דגיל תעשיות,IL,נקה תחליב רחצה וניל שקד 1 ל,ליטרים,1.00,ליטר,false,1,13.90,13.9000,true,1,173005
7290011115258,false,אל סבון מוצק מבושם בניחוח עדין קלאסיק - מארז רביעיה,גליל כימיקלים בעמ,IL,"רביעיית סבון מוצק ""נ",גרמים,400.00,100 גרם,false,1,11.90,2.9750,true,1,173008
7290011115265,false,מארז סבון מוצק ארומה אל סבון מועשר בשמנים ארומטיים,גליל כימיקלים בעמ,IL,"רביעיית סבון מוצק ""נ",גרמים,400.00,100 גרם,false,1,11.90,2.9750,true,1,173009
7290011126209,false,תה הגן הקסום תפוח וקינמון - סיידר 25 שקיקים,קריות זול,IL,"""הגן הקסום"" תפוח וקי",גרמים,68.00,100 גרם,false,1,17.90,26.3235,true,1,173012
7290011126452,false,תה הגן הקסום קמומיל ונענע 25 יח',קריות זול,IL,תה קמומיל ונענע 1.5ג,גרמים,38.00,100 גרם,false,1,17.90,47.1053,true,1,173014
7290011126469,false,תה קמומיל ודבש 1.5ג' *25 שקיקים,קריות זול,IL,תה קמומיל ודבש 25 שק,גרמים,38.00,100 גרם,false,1,17.90,47.1053,true,1,173015
7290011126957,false,תה יסוצקי ירוק ארל גריי 25 יח',ויסוצקי ירוק,IL,"תה ""ויסוצקי"" ירוק אר",גרמים,38.00,100 גרם,false,1,24.90,65.5263,true,1,173017
7290011131050,false,גרנולה בתוספת פקאן וצימוקים,ויטליאה ניקולה דו,MK,"גרנולה פקאן 1 ק""ג",קילוגרמים,1.00,"ק""ג",false,1,23.90,23.9000,true,1,176571
7290011131371,false,מוזלי קראנצ'י שקדים ואגוזים,ויטליאה ניקולה דו,MK,תערובת דגנים מיזלי ק,קילוגרמים,1.00,"ק""ג",false,1,24.90,24.9000,true,1,173018
7290011131395,false,מוזלי קראנצ'י 30% פירות,ויטליאה ניקולה דו,MK,"תערובת דגנים מיזלי קראנץ 30% פירות 1 ק""ג",קילוגרמים,1.00,"ק""ג",false,10,24.90,24.9000,true,1,173020
7290011131609,false,"מיזלי 1 ק""ג פירות מו",גרין Green,MK,"מיזלי פירות 1 ק""ג",קילוגרמים,1.00,"ק""ג",false,1,24.90,24.9000,true,1,183777
7290011131968,false,גרנולה בתוספת שקדים ואגוזים,ויטליה ניקולא דו,MK,"גרנולה אגוזים 1 ק""ג",קילוגרמים,1.00,"ק""ג",false,1,23.90,23.9000,true,1,173022
7290011131975,false,גרנולה בתוספת פירות מיובשים ומסוכרים,ויטליאה ניקולה דו,MK,"גרנולה פירות 1 ק""ג",קילוגרמים,1.00,"ק""ג",false,1,23.90,23.9000,true,1,173023
7290011142001,false,לחם שיפון 550 גר,מאפיית דואט,,"לחם ""דואט""",גרמים,550.00,100 גרם,false,1,13.90,2.5273,true,1,173036
7290011142148,false,לחמניות עם שומשום 45,מאפיית דואט,,לחמים/לחמניות,גרמים,450.00,100 גרם,false,1,13.90,3.0889,true,1,173045
7290011142193,false,לחמניות מתוקות 400 ג,מאפיית דואט,,לחמניות מתוקות,גרמים,400.00,100 גרם,false,1,13.90,3.4750,true,1,173048
7290011142315,false,לחם מרוקאי מסורתי,מאפיית דואט,,פרנה,גרמים,550.00,100 גרם,false,1,15.90,2.8909,true,1,176118
7290011142322,false,פיתה בחבילה 10 יח,מאפיית דואט,,פיתה 10 יח,גרמים,1000.00,100 גרם,false,1,14.90,1.4900,true,1,176542
7290011142445,false,לחם כוסמין 620 גר,,,לחם כוסמין 600 גר,גרמים,620.00,100 גרם,false,1,16.90,2.7258,true,1,184707
7290011142650,false,לחם שיפון 100% 900 גר',,,לחם שיפון 100% 900 גר,גרמים,900.00,100 גרם,false,1,17.90,1.9889,true,1,182907
7290011148959,false,פלפל טינקרבל יחידה,"מרינה פטריות הגליל בע""מ",IL,פלפל טינקרבל,Unknown,0.00,Unknown,false,1,6.90,0.0000,true,1,178117
7290011174323,false,"צ'יפס אמריקאי 1.5 ק""ג פרי הגליל","פרי הגליל בע""""מ",IL,"צ""יפס אמריקאי 1.5 ק""",קילוגרמים,1.50,"ק""ג",false,1,17.90,11.9333,true,1,173055
7290011174866,false,צ'יפס בטטה 700 ג' פרי הגליל,פרי הגליל,IL,ציפס בטטה פרי הגליל 700 גר,גרמים,700.00,100 גרם,false,1,15.90,2.2714,true,1,181841
7290011174897,false,אפונה עדינה פרי הגליל 600ג',"פרי הגליל בע""""מ",IL,"אפונה עדינה 600גר""",גרמים,600.00,100 גרם,false,1,13.90,2.3167,true,1,173057
7290011194215,false,מעדן גבינה ויוגורט בטעם בננה 5% שומן 88 ג' דניאלה,"שטראוס בריאות בע""מ",IL,דניאלה בננה,גרמים,88.00,100 גרם,false,1,4.10,4.6591,true,1,173058
7290011194246,false,קוטג שטראוס 5% עם סידן 250ג,מיוצר עי קונדיטוריית,IL,"קוטג"" 5% עם סידן 250",גרמים,250.00,100 גרם,false,1,5.80,2.3200,true,1,173059
7290011223038,false,עלים לקרמשניט - בונומי 300גרם,בונומי ס.פ.א,IT,עלים לעוגת קרמשניט ו,גרמים,300.00,100 גרם,false,1,15.90,5.3000,true,1,173062
7290011223045,false,בונומי בישקוטים 200 גרם,בונומי ס.פ.א,IT,בישקוטים 200 גרם,גרמים,200.00,100 גרם,false,1,6.90,3.4500,true,1,173063
7290011223205,false,ריבת חלב דולקור 454 ג',אשבל מזון פונקציונלי,IL,ריבת חלב ארגנטינאית,גרמים,454.00,100 גרם,false,1,16.90,3.7225,true,1,173064
7290011223229,false,"טואלט דאק ג'ל לאסלה טיפות טל רעננות 55 מ""ל","איטיליאן פוד, אס.פי.",IT,"ג""ל לאסלה ""טואלט דאק",מיליליטרים,55.00,"100 מ""ל",false,1,9.90,18.0000,true,1,173065
7290011223243,false,"טואלט דאק ג'ל לאסלה בניחוח לבנדר 55 מ""ל","איטיליאן פוד, אס.פי.",IT,"ג""""ל לאסלה ""טואלט דא",מיליליטרים,55.00,"100 מ""ל",false,1,9.90,18.0000,true,1,173066
7290011237301,false,כוסמת ידריצה מדגן 80,קיטניות העמקים,,כוסמת ידריצה מדגן 800 גר,גרמים,800.00,100 גרם,false,1,10.90,1.3625,true,1,173067
7290011240332,false,תירוש ענבים טבעי אדום 1 ליטר,יקבי ציון,,יין תירוש ענבים טבעי,ליטרים,1.00,ליטר,false,1,14.90,14.9000,true,1,173072
7290011312381,false,פטריות חורש למנגל 320 ג',"מרינה פטריות הגליל בע""מ",IL,סטייק פורטובלה על הא,גרמים,320.00,100 גרם,false,1,13.90,4.3438,true,1,173084
7290011378028,false,חלבה קלאסית בטעם וניל ללא תוספת סוכר,רושדי תעשיות מזון בע,IL,חלבה בארכה וניל ללא סוכר 350 גר,גרמים,350.00,100 גרם,false,1,15.90,4.5429,true,1,173085
7290011378257,false,חטיף חלבה בטעם וניל ללא תוספת סוכר בתוספת פיסטוק ופקאן,רושדי תעשיות מזון בע,IL,חלבה בארכה פקאן ללא סוכר שביעייה,גרמים,126.00,100 גרם,false,1,11.90,9.4444,true,1,177072
7290011378769,false,בארכה - חטיף בקטנה חלבה וניל 20 גרם * 6,רושדי תעשיות מזון בע,IL,חטיפי חלבה בארכה וניל שביעייה,גרמים,126.00,100 גרם,false,1,11.90,9.4444,true,1,176120
7290011378776,false,חלבה חטיף פיסטוק בארכה בקטנה מארז 126ג',רושדי תעשיות מזון בע,IL,חטיפי חלבה בארכה פיסטוק שביעייה,גרמים,126.00,100 גרם,false,1,11.90,9.4444,true,1,176121
7290011379018,false,פטריות טריות מיקס מרינה זוגי 250X2ג',"מרינה פטריות הגליל בע""מ",IL,פטריות מארז צמד חמד,Unknown,0.00,Unknown,false,1,15.50,0.0000,true,1,173086
7290011379025,false,פלפל צ'ילי אדום,"מרינה פטריות הגליל בע""מ",IL,פלפל צילי,Unknown,0.00,Unknown,false,1,6.90,0.0000,true,1,192023
7290011402129,false,ציפס פלחים 1 קג,,,ציפס פלחים 1 קג,קילוגרמים,1.00,"ק""ג",false,1,12.90,12.9000,true,1,196991
7290011434007,false,דבש פרחי בר רמת הגול,,,דבש פרחי בר רמת הגולן 1 קג,קילוגרמים,1.00,"ק""ג",false,1,45.90,45.9000,true,1,208873
7290011434014,false,דבש פרחי בר רמת הגול,,,דבש פרחי בר רמת הגולן 500 גר,גרמים,500.00,100 גרם,false,1,25.90,5.1800,true,1,208872
7290011435226,false,דבש מפרחי בר לחיץ 650 ג' יד מרדכי,מכוורת יד מרדכי שטרא,IL,דבש לחיץ 650 גר,גרמים,650.00,100 גרם,false,1,34.90,5.3692,true,1,173089
7290011447267,false,תרכובת מזון המשך לפעוטות שלב 1 חלבי,מטרנה תעשיות ש.מ,IL,מטרנה חלבי שלב 1 700,גרמים,700.00,100 גרם,false,1,49.90,7.1286,true,1,173092
7290011447281,false,תרכובת מזון המשך לפעוטות שלב 2 חלבי,מטרנה תעשיות ש.מ,IL,מטרנה חלבי שלב 2 700,גרמים,700.00,100 גרם,false,1,49.90,7.1286,true,1,173093
7290011447304,false,תרכובת מזון המשך לפעוטות שלב 3 חלבי,מטרנה תעשיות ש.מ,IL,מטרנה חלבי שלב 3 700,גרמים,700.00,100 גרם,false,1,49.90,7.1286,true,1,173094
7290011489298,false,הדר קרם קרקר חיטה מלאה 250 גרם,אפיפית נצרת,IL,קרקר הדר קרם חיטה מלאה 250 גר,גרמים,250.00,100 גרם,false,1,6.90,2.7600,true,1,206423
7290011489625,false,פתי בר ביסקויט בטעם שוקו,אפיפית נצרת,IL,ביסקוויט תה שוקו 110 גר,גרמים,110.00,100 גרם,false,1,2.90,2.6364,true,1,177963
7290011489762,false,בייגלה הדר טבעות שומ,,,בייגלה הדר טבעות שומשום 300 גר,גרמים,300.00,100 גרם,false,1,5.90,1.9667,true,1,206431
7290011499051,false,פטה כבשים מסורתית 20% בגביע 250 גרם - רובין,MKN עבור מחלבות גד ב,IL,פטה כבשים בגביע 250גר,גרמים,250.00,100 גרם,false,1,25.90,10.3600,true,1,173098
7290011499105,false,בולגרית מסורתית 5% 250 גרם -רבנות,ג'נרל מילס סאן אדריא,IL,בולגרית בגביע 5% 250גר,גרמים,250.00,100 גרם,false,1,22.90,9.1600,true,1,173099
7290011499112,false,בולגרית מסורתית 16% 250 גרם - רבנות,"מיוצר ע""י dsh",IL,בולגרית 16% בגביע 250גר,גרמים,250.00,100 גרם,false,1,22.90,9.1600,true,1,173100
7290011499129,false,בולגרית מעודנת קוביות קטנות 5% 200 גרם - רבנות,קוד יצרן DSH,IL,קוביות בולגרית 5% 200גר,גרמים,200.00,100 גרם,false,1,21.90,10.9500,true,1,173101
7290011499303,false,פטה עיזים מעודנת 5% בגביע 250 גרם - רבנות,ג'נרל מילס סאן אדריא,IL,בולגרית מעודנת 5% עיזים 250גר,גרמים,250.00,100 גרם,false,1,30.90,12.3600,true,1,173103
7290011499327,false,גבינה בולגרית מעודנת 5% 250 גרם - רבנות,מיוצר על ידי DSH עבו,IL,בולגרית מעודנת 5% 250גר,גרמים,250.00,100 גרם,false,1,22.90,9.1600,true,1,173104
7290011499365,false,גד חלומי 24% 200 גרם רובין,"מחלבות גד בע""מ",IL,גבינה חלומי 24% 200גר,גרמים,200.00,100 גרם,false,1,21.90,10.9500,true,1,173108
7290011499419,false,גבינה במרקם שמנת בטעם טבעי 5% ניו יורק,מחלבות גד,IL,קרם שמנת טבעי ניו יורק 5% 200 גרם,גרמים,200.00,100 גרם,false,1,13.90,6.9500,true,1,173109
7290011499624,false,שמנת 30% ניו יורק טבעי 200 גרם רבנות,מחלבות גד,IL,שמנת טבעית 30% 200גר,גרמים,200.00,100 גרם,false,1,13.90,6.9500,true,1,178197
7290011499853,false,גבינת שמנת עם זיתים 30% ניו יורק,מחלבות גד (שיווק 199,IL,שמנת זיתים 30% 200גר,גרמים,200.00,100 גרם,false,1,13.90,6.9500,true,1,178199
7290011505141,false,מטלית הפלא לרצפות 2יח' ענק,יוניסן,,מטלית הפלא לריצפה 2,Unknown,0.00,Unknown,false,1,22.90,0.0000,true,1,173113
7290011505493,false,כפות מהודר עבה במיוח,הוסטס,,"כפות חד פעמי 50 יח""",Unknown,0.00,Unknown,false,1,8.90,0.0000,true,1,173114
7290011505509,false,מזלגות מהודר עבה במי,הוסטס Hostess,,מזלגות חד פעמי 50 יח,Unknown,0.00,Unknown,false,1,8.90,0.0000,true,1,173115
7290011505516,false,סכין מהודר עבה במיוחד 50 יחידות הוסטס,הוסטס Hostess,,סכינים חד פעמי 50 יח,Unknown,0.00,Unknown,false,1,8.90,0.0000,true,1,173116
7290011505776,false,שיפודי במבוק עבים במיוחד 75 יח',הוסטס,,שיפודי במבוק עבים במ,Unknown,0.00,Unknown,false,1,4.90,0.0000,true,1,173117
7290011505790,false,צימרוני אוזניים מפלסטיק 500 יח',קוטון סופט Cotton soft,,צימרוני אוזניים מפלס,Unknown,0.00,Unknown,false,1,14.90,0.0000,true,1,173118
7290011505806,false,קיסמי שיניים דנטאליים מפלסטיק 200 יחידות בחבית,הוסטס Hostess,,קיסמי שיניים דנטאליים,Unknown,0.00,Unknown,false,1,10.90,0.0000,true,1,173119
7290011518561,false,"אקטימל תות משפחתי מארז 14X100מ""ל",מיוצר עי קונדיטוריית,IL,"אקטימל 14 יח"" תות",גרמים,1512.00,100 גרם,false,1,29.90,1.9775,true,1,173122
7290011524548,false,גרגירי חומוס 800 ג' פרי הגליל,"פרי הגליל בע""""מ",IL,גרגירי חומוס 800 גרם,גרמים,800.00,100 גרם,false,1,10.90,1.3625,true,1,173123
7290011524555,false,שעועית לבנה אפויה 800 ג' פרי הגליל,"פרי הגליל בע""""מ",IL,שעועית לבנה מבושלת 800 גר,גרמים,800.00,100 גרם,false,1,10.90,1.3625,true,1,173124
7290011524968,false,פולי סויה מוקפאים Green & Fresh,גרין אנד פרש Green & Fresh,IL,פולי סויה 1 קג,קילוגרמים,1.00,"ק""ג",false,1,14.90,14.9000,true,1,176967
7290011530525,false,מיקס פירות קפואים שייק איט צהוב - 3*150 ג',"הבו-קדו בע""מ",IL,שייק איט צהוב 450 גר,גרמים,450.00,100 גרם,false,1,29.90,6.6444,true,1,192466
7290011530549,false,מיקס פירות קפואים שייק איט ורוד - 3*150 ג',"הבו-קדו בע""מ",IL,שייק איט ורוד 450 גר,גרמים,450.00,100 גרם,false,1,29.90,6.6444,true,1,192462
7290011530730,false,מיקס פירות קפואים שייק איט חום - 3*150 ג',"הבו-קדו בע""מ",IL,שייק איט חום 450 גר,גרמים,450.00,100 גרם,false,1,29.90,6.6444,true,1,192463
7290011530747,false,מיקס פירות קפואים שייק איט סגול - 3*150 ג',"הבו-קדו בע""מ",IL,שייק איט סגול 450 גר,גרמים,450.00,100 גרם,false,1,29.90,6.6444,true,1,192465
7290011585198,false,כיסונים השף במילוי ב,,,כיסונים השף במילוי בשר 1400 גר,גרמים,1400.00,100 גרם,false,1,46.90,3.3500,true,1,173126
7290011585228,false,כיסונים במילוי בשר 1,,,כיסונים במילוי בשר 1500 גר,גרמים,1500.00,100 גרם,false,1,40.90,2.7267,true,1,173128
7290011585235,false,מיני צבורק במילוי בש,,,מיני צבורק במילוי בשר 600 גר,גרמים,600.00,100 גרם,false,1,31.90,5.3167,true,1,173129
7290011585266,false,כיסונים לילדים במילו,,,כיסונים לילדים במילוי בשר 600 גר,גרמים,600.00,100 גרם,false,1,25.90,4.3167,true,1,201704
7290011585723,false,כיסונים ביתי במילוי,,,כיסונים ביתי במילוי בשר 900 גר,גרמים,900.00,100 גרם,false,1,31.90,3.5444,true,1,200480
7290011585754,false,כיסונים סיבירסקי במי,,,כיסונים סיבירסקי במילוי בשר 900 גר,גרמים,900.00,100 גרם,false,1,31.90,3.5444,true,1,200481
7290011585778,false,קרפלך במילוי תפוא 70,,,קרפלך במילוי תפוא 700 גר,גרמים,700.00,100 גרם,false,1,20.90,2.9857,true,1,202036
7290011585785,false,צבורקי קלאסי 600 גר,,,צבורקי קלאסי 600 גר,גרמים,600.00,100 גרם,false,,31.90,5.3167,true,1,191760
7290011585792,false,קציצות ביתיות550 גר,,,קציצות ביתיות 650 גר,גרמים,650.00,100 גרם,false,1,41.90,6.4462,true,1,192507
7290011585815,false,מאפה מטוגן במילוי בש,,,מאפה מטוגן במילוי בשר 600 גר,גרמים,600.00,100 גרם,false,1,31.90,5.3167,true,1,192494
7290011585853,false,בלינצס במילוי בשר 60,,,בלינצס במילוי בשר 600 גר,גרמים,600.00,100 גרם,false,1,31.90,5.3167,true,1,194176
7290011585921,false,בצק שמרים קלאסי 1 קג,,,בצק שמרים קלאסי 1 קג,קילוגרמים,1.00,"ק""ג",false,1,15.90,15.9000,true,1,192509
7290011587079,false,חרדל דיז'ון גרגירים 370 ג' PICCATA,Covinor sas,,חרדל דיזון גרגירים 370גר,גרמים,370.00,100 גרם,false,1,11.90,3.2162,true,1,177430
7290011587123,false,קרם קוקוס תומר 400 מ,Thai coconut co ltd,,קרם קוקוס,מיליליטרים,400.00,"100 מ""ל",false,1,9.90,2.4750,true,1,173132
7290011587222,false,רוטב טריאקי 500 מל,,,רוטב טאריאקי,מיליליטרים,500.00,"100 מ""ל",false,1,10.90,2.1800,true,1,173134
7290011587307,false,תחתיות ארטישוק 400 גר',Egyptian spanish co,,תחתיות ארטישוק,גרמים,400.00,100 גרם,false,1,10.90,2.7250,true,1,173135
7290011587451,false,גרנולה בתוספת פירות ואגוזים,ויטליה,,גרנולה עם פירות ואגו,גרמים,600.00,100 גרם,false,1,19.90,3.3167,true,1,173137
7290011587468,false,מוזלי קראנצ'י בתוספת אגוזים,ויטליה,,"מוזלי קראנצ""י עם אגו",גרמים,600.00,100 גרם,false,1,19.90,3.3167,true,1,173138
7290011587581,false,פילה אנשובי צנצנת תו,Inversiones prisco s,,פילה אנשובי צנצנת תומר 100 גר,גרמים,100.00,100 גרם,false,1,12.90,12.9000,true,1,173333
7290011587598,false,שימורי אנשובי בפח 45 ג' תומר,אינוורסיונס פריסקו,,פילה אנשובי פח 45 גר,גרמים,45.00,100 גרם,false,1,8.90,19.7778,true,1,173334
7290011587826,false,חרדל דיז'ון תומר 370ג',Covinor sas,,חרדל דיזון 370גר,גרמים,370.00,100 גרם,false,1,11.90,3.2162,true,1,177429
7290011587857,false,עגבניות מיובשות בשמן חמניות ועשבי תיבול תומר 250 ג',Sunto gida sun ve ti,,עגבניות מיובשות מתובלות 250 גר,גרמים,250.00,100 גרם,false,1,11.90,4.7600,true,1,176707
7290011587956,false,רוטב צ'ילי מתוק 700 ג' תומר,,,"רוטב צ""ילי מתוק 700 מ""ל",מיליליטרים,700.00,"100 מ""ל",false,1,9.90,1.4143,true,1,173342
7290011593087,false,"שמן זית כתית מעולה 750 מ""ל סבא חביב",סאן אויל עיבוד ושיוו,IL,שמן זית סבא חביב בלדי 750 מל,מיליליטרים,750.00,"100 מ""ל",false,12,29.90,3.9867,true,1,173345
7290011598211,false,"סנו - אנטי קאלק מרסס ניקוי כללי 4 ב-1 700 מ""ל",מיוצר עי קונדיטוריית,IL,סנו אנטי קאלק רב שימ,מיליליטרים,700.00,"100 מ""ל",false,1,16.90,2.4143,true,1,173348
7290011598402,false,מרכך כביסה מקסימה מאסק ורוד 4 ל' סנו,סנו מקסימה,IL,"מרכך כביסה ""סנו מקסי",ליטרים,4.00,ליטר,false,1,21.90,5.4750,true,1,173350
7290011607180,false,"קולון 101 לכביסה 1.25 ק""ג",ריקט בנקיזר ( ניר אי,IL,"אבקת כביסה ""קולון 10",קילוגרמים,1.25,"ק""ג",false,1,12.90,10.3200,true,1,173352
7290011607197,false,"אבקת כביסה קולון 5 ק""ג",רקיט בנקיזר,IL,אבקת כביסה קולון 101 5 קג,קילוגרמים,5.00,"ק""ג",false,1,34.90,6.9800,true,1,173353
7290011644000,false,חטיף מקלות תירס מתוקים,סנקי,,מקלות תירס מתוקים 80,גרמים,80.00,100 גרם,false,1,4.90,6.1250,true,1,173362
7290011644505,false,כבד דג שיבוט 115 גר,יאקן איאצאפי,,כבד דג שיבוט 120 גר,גרמים,115.00,100 גרם,false,24,8.90,7.7391,true,1,185540
7290011695071,false,קשיות מתקפלות 100 יח,אין לי שם,,קשיות מתקפלות 100 יח,Unknown,0.00,Unknown,false,1,4.90,0.0000,true,1,173371
7290011695224,false,"רוטב צ'ילי מתוק 700 מ""ל",BAAECO,,"רוטב צ""ילי מתוק 700",גרמים,700.00,100 גרם,false,1,11.90,1.7000,true,1,173373
7290011695286,false,קיסם הפלא ורוד 250 יח',YANGCHENG DILING,,"קיסם הפלא 250 ג""ר",Unknown,0.00,Unknown,false,1,10.90,0.0000,true,1,173375
7290011695385,false,"תמצית רום מהדרין 50 מ""ל",עבדו,,"תמצית רום 50 מ""ל",מיליליטרים,50.00,"100 מ""ל",false,1,3.90,7.8000,true,1,173378
7290011695392,false,תמצית וניל 50 מל,עבדו,,"תמצית וניל 50 מ""ל",מיליליטרים,50.00,"100 מ""ל",false,1,3.90,7.8000,true,1,173379
7290011695545,false,אטבים איכותיים אלפא,ZHEJANG LONGQUAN,,"אטבים איכותיים ""אלפא",Unknown,0.00,Unknown,false,1,9.90,0.0000,true,1,173385
7290011695644,false,מנקה חלונות 1 ל,קום תיאום בינלאומי,,"מנקה חלונות 1 ל""",ליטרים,1.00,ליטר,false,1,9.90,9.9000,true,1,173391
7290011695934,false,נאמן לאורך זמן נייר אפייה 50יח',אופל,,"נייר אפיה 50 יח""",Unknown,0.00,Unknown,false,1,10.90,0.0000,true,1,173398
7290011765095,false,ג'ל גילוח לעור עדין אלוורה,טרופיקל דגיל תעשיות,TR,"ג""ל גילוח ""קרמה מן""",מיליליטרים,200.00,"100 מ""ל",false,1,12.90,6.4500,true,1,173403
7290011765392,false,שמפו בוב ספוג לסירוק קל מכיל רוזמרין,טרופיקל דגיל תעשיות,IL,"שמפו ""כיף""בוב ספוג 7",מיליליטרים,750.00,"100 מ""ל",false,1,10.90,1.4533,true,1,173407
7290011765446,false,משחת שיניים לילדים בוב ספוג בטעם מיץ ענבים עם פלואוריד למניעת עששת,טרופיקל דגיל תעשיות,IL,"משחת שיניים ""אורביטו",גרמים,70.00,100 גרם,false,1,7.90,11.2857,true,1,173411
7290011765613,false,סנו מסיר עובש בניחות לימון מתז 1 ל',סנו,,מסיר עובש סנו בניחוח לימון 1 ל,ליטרים,1.00,ליטר,false,1,16.90,16.9000,true,1,188236
7290011772086,false,אסותא מגבת מטבח שישיה,,,מגבות מטבח אסותא שישייה,Unknown,0.00,Unknown,false,1,10.90,0.0000,true,1,201789
7290011772468,false,אקונומיקה גוול 4 ל,,,אקונומיקה גוול 4ל,ליטרים,4.00,ליטר,false,1,9.90,2.4750,true,1,178879
7290011870225,false,סוללות פוג'יקום AAA רביעייה,פוג'יקום,CN,רביעייה סוללה אצבע פוגיקום AAA,Unknown,0.00,Unknown,false,10,7.90,0.0000,true,1,190965
7290011870256,false,AA סוללות פוגיקום 4 יחידות,פוג'יקום,CN,רביעייה סוללה אצבע פוגיקום AA,Unknown,0.00,Unknown,false,10,7.90,0.0000,true,1,190964
7290011876388,false,קציצות עוף ובקר 660 ג' מאמא עוף,תנובה גליל שותפות מו,IL,"קציצות עוף ובקר ""מאמא עוף"" 600גר",גרמים,600.00,100 גרם,false,1,31.90,5.3167,true,1,176033
7290011876494,false,שניצל עוף תירס 750 ג' מאמא עוף,תנובה גליל,IL,שניצל עוף ותירס 750 גר,גרמים,750.00,100 גרם,false,1,34.90,4.6533,true,1,173413
7290011877101,false,מבשם אוויר נטול גז מאסק,מיוצר עי קונדיטוריית,IL,מטהר אוויר סנומוד,מיליליטרים,150.00,"100 מ""ל",false,1,10.90,7.2667,true,1,173414
7290011877156,false,"מבשם אוויר, בגדים וארונות פרש בניחוח מאסק",מיוצר עי קונדיטוריית,IL,"מטהר אוויר ""סנופרש""",מיליליטרים,375.00,"100 מ""ל",false,1,10.90,2.9067,true,1,173415
7290011877446,false,"כיף - בייבי כיף קרם גירויים 100 מ""ל",קוסמופארם בע''מ,IL,"קרם נגד גירויים ""ביי",גרמים,100.00,100 גרם,false,1,12.90,12.9000,true,1,173416
7290011877859,false,סנו אינסטלטור חדש פותח סתימות 200ג',מיוצר עי קונדיטוריית,IL,סנו אינסטלטור פותח ס,גרמים,200.00,100 גרם,false,1,13.90,6.9500,true,1,173419
7290011912635,false,מי פה ליסטרין טאגד פ,,,"מי פה ליסטרין טאגד 250 מ""ל",מיליליטרים,250.00,"100 מ""ל",false,1,10.90,4.3600,true,1,188087
7290011912642,false,מי פה ליסטרין מנטה רענן,ליסטרין Listerine,,"מי פה ליסטרין טאגד 500 מ""ל",מיליליטרים,500.00,"100 מ""ל",false,1,19.90,3.9800,true,1,185762
7290011931162,false,סוכרלייט ממתיק נוזלי על בסיס סוכרלוז,אף.סי תבליני בגליל ב,IL,סוכרלייט נוזלי,מיליליטרים,220.00,"100 מ""ל",false,1,28.90,13.1364,true,1,173422
7290011947309,false,זיתים מצוננים סורי מבוקע ולימון כבוש זיתא 230 ג',זיתא – י.ט.ב תעשיות,IL,זית סורי זיתא מבוקע עם לימון כבוש 220 גר,גרמים,220.00,100 גרם,false,1,13.90,6.3182,true,1,177503
7290011947316,false,זיתא זיתי קלמטה בשמן זית כתית מעולה 215ג,סטאר סנקס,IL,זיתים קלמטה 215 גר,גרמים,215.00,100 גרם,false,1,13.90,6.4651,true,1,178668
7290011947521,false,"שמן זית כתית מעולה 750 מ""ל טעם מודגש זיתא",זיתא,IL,"שמן זית זיתא כתית מעולה בטעם מודגש בד""ץ",מיליליטרים,750.00,"100 מ""ל",false,1,32.90,4.3867,true,1,182705
7290011947781,false,מיקס זית ירוק וזית קלמטה ללא גלעין עם שמן זית 190 ג',זיתא,IL,מיקס זית זיתא ללא גלעין עם שמן זית,גרמים,190.00,100 גרם,false,8,13.90,7.3158,true,1,195142
7290011947798,false,זית קלמטה ללא גלעין עם שמן זית כתית 190 ג',זיתא,IL,זית קלמטה זיתא ללא גלעין עם שמן זית,גרמים,190.00,100 גרם,false,8,13.90,7.3158,true,1,195141
7290011947903,false,מיקס זיתים יווני זיתא 215 ג',זיתא,IL,מיקס זיתים יווני 215 גר,גרמים,215.00,100 גרם,false,8,13.90,6.4651,true,1,197173
7290011996017,false,טעם אסיה אטריות תרד 454 ג',טעמי אסיה Taste of Asia,CN,אטריות תרד 454 גר,גרמים,454.00,100 גרם,false,10,10.90,2.4009,true,1,173428
7290011996031,false,טעם אסיה אטריות בצים 454 ג',טעמי אסיה Taste of Asia,CN,אטריות ביצים 454 גר,גרמים,454.00,100 גרם,false,10,10.90,2.4009,true,1,173429
7290011996062,false,אורז לבן עגול מתאים להכנת סושי,טעמי אסיה Taste of Asia,ES,אורז לסושי 1 קג,קילוגרמים,1.00,"ק""ג",false,15,15.90,15.9000,true,1,173430
7290011996109,false,"רוטב צ''ילי מתוק 700 מ""ל",טעמי אסיה Taste of Asia,TH,רוטב צילי מתוק 700 מל,מיליליטרים,700.00,"100 מ""ל",false,6,9.90,1.4143,true,1,173432
7290011996123,false,אצות ים נורי גולד 10 דפים כשר,טעמי אסיה Taste of Asia,CN,אצות נורי גולד 10 דפים,גרמים,25.00,100 גרם,false,10,12.90,51.6000,true,1,182427
7290011996130,false,אצות ים קלויות נורי לסושי - 10 דפים,טעמי אסיה Taste of Asia,CN,אצות נורי סילוור 10 דפים,Unknown,0.00,Unknown,false,10,10.90,0.0000,true,1,173433
7290011996178,false,"רוטב סויה בסגנון יפני 280 מ""ל",guangdong good taste,CN,רוטב סויה בסגנון יפני 300 מל,מיליליטרים,300.00,"100 מ""ל",false,12,13.90,4.6333,true,1,173434
7290011996185,false,"חומץ אורז לבן (לסושי) 250 מ""ל",טעמי אסיה Taste of Asia,CN,חומץ אורז לסושי 250 מל,מיליליטרים,250.00,"100 מ""ל",false,6,9.90,3.9600,true,1,173435
7290011996277,false,מחצלת עגולה לגלגול סושי,טעמי אסיה Taste of Asia,CN,מחצלת עגולה לסושי,Unknown,0.00,Unknown,false,10,5.90,0.0000,true,1,173437
7290011996529,false,"טעם אסיה אטריות אורז 5 מ""מ 400ג'",טעמי אסיה Taste of Asia,TH,אטריות אורז 400 גר,גרמים,400.00,100 גרם,false,1,12.90,3.2250,true,1,180012
7290011996581,false,"רוטב חמוץ מתוק 300 מ""ל",טעמי אסיה Taste of Asia,TH,רוטב חמוץ מתוק 300 מל,מיליליטרים,300.00,"100 מ""ל",false,6,12.90,4.3000,true,1,182646
7290011996604,false,רוטב פד תאי בקבוק 30,טעמי אסיה Taste of Asia,TH,רוטב פד תאי בקבוק 300 מל,מיליליטרים,300.00,"100 מ""ל",false,6,17.90,5.9667,true,1,182647
7290011996703,false,טעם אסיה אצות וקאמה 100גר,טעמי אסיה Taste of Asia,,אצות וואקמה 100 גר,גרמים,100.00,100 גרם,false,6,21.90,21.9000,true,1,180009
7290011996741,false,"חומץ אורז לסושי כשר 500 מ""ל",טעמי אסיה Taste of Asia,,חומץ אורז לסושי 500 מל,מיליליטרים,500.00,"100 מ""ל",false,1,13.90,2.7800,true,1,186662
7290011996789,false,פנקו פירורי לחם בסגנון יפני,טעמי אסיה Taste of Asia,CN,פירורי לחם פנקו 200 גר,גרמים,200.00,100 גרם,false,10,8.90,4.4500,true,1,173441
7290011996819,false,מזרח מערב אטריות שעועית 250ג,טעמי אסיה Taste of Asia,CN,אטריות שעועית סיני 250 גר,גרמים,250.00,100 גרם,false,24,7.90,3.1600,true,1,180176
7290011996888,false,רוטב טריאקי 300 כשר,קיי.אר.אס.ספייסי פוד,TH,רוטב טריאקי 300 מל,מיליליטרים,300.00,"100 מ""ל",false,6,12.90,4.3000,true,1,180008
7290012001994,false,חרדל דיז'ון גרעינים 350 ג' ריין דיזון,ריין דיז'ון reine dijon,FR,"חרדל דיז""ון גרעינים",גרמים,350.00,100 גרם,false,1,10.90,3.1143,true,1,173443
7290012019012,false,תומר אספרגוס במלח 330 גר,,,אספרגוס לבן שלם 330 גר,גרמים,330.00,100 גרם,false,1,9.90,3.0000,true,1,182382
7290012019036,false,שיני שום בצנצנת תומר 330ג',Qingdao canned foods,,שיני שום בצנצנת,גרמים,330.00,100 גרם,false,1,10.90,3.3030,true,1,173453
7290012019043,false,שום צעיר כבוש צנצנת,Qingdao canned foods,,שום צעיר כבוש בחומץ,גרמים,330.00,100 גרם,false,1,10.90,3.3030,true,1,173454
7290012019258,false,מחית תפוחי עץ רביעיה 4 * 113 ג' תומר,Cherry growers inc,,רביעיית רסק תפוח עץ 113 גרם,גרמים,452.00,100 גרם,false,1,12.90,2.8540,true,1,173456
7290012019265,false,"רסק תפו""ע דיאט תומר מארז 113X4ג'",Cherry growers inc,,רביעיית רסק תפוח עץ,גרמים,452.00,100 גרם,false,1,12.90,2.8540,true,1,173457
7290012019272,false,"רסק תפו""ע וקינמון תומר מארז113X4ג'",Cherry growers inc,,רביעיית מחית תפוח עץ עם קינמון 113 גרם,גרמים,452.00,100 גרם,false,1,12.90,2.8540,true,1,173458
7290012019401,false,נקטר דובדבן 100% ליט,Aromaproduct ltd,,מיץ דובדבן 100% 1 ל,ליטרים,1.00,ליטר,false,1,18.90,18.9000,true,1,177133
7290012052309,false,"גרנולה תענות עם בננות צימוקים ושקדים 1 ק""ג.",רפאלס,IL,"גרנולה תענוג בננה צימוק ושקד 1 ק""ג",קילוגרמים,1.00,"ק""ג",false,1,24.90,24.9000,true,1,184605
7290012052330,false,"גרנולה תענוג חלווה 1 ק""ג",רפאלס,IL,"גרנולה תענוג חלבה 1 ק""ג",קילוגרמים,1.00,"ק""ג",false,1,24.90,24.9000,true,1,184607
7290012052354,false,גרנולה עם שוקולד ואגוזי לוז,רפאלס,IL,גרנולה רפאל שוקולד ואגוזי לוז 350 גר,גרמים,350.00,100 גרם,false,1,16.90,4.8286,true,1,184598
7290012116360,false,פוליויקס לטיפול ברצפות גרניט פורצלן וקרמיקה,"מפעלי סנו ברונוס בע""",IL,סנו פוליויקס גרניט פ,ליטרים,2.00,ליטר,false,1,19.90,9.9500,true,1,173467
7290012116537,false,"סנו מקסימה אבקת כביסה 2.5 ק""ג מאסק",טרופיקל דגיל תעשיות,IL,"אבקת כביסה ""מקסימה""",קילוגרמים,2.50,"ק""ג",false,1,24.90,9.9600,true,1,173468
7290012116612,false,אורביטול מברשת שיניים מארז 4 יח',ג'נרל מילס סאן אדריא,CN,מברשת שיניים אורביטול רביעייה,יחידה,4.00,יחידה,false,1,11.90,2.9750,true,1,178573
7290012116629,false,תחליב רול און דוחה יתושים לתינוקות ולילדים סנו די,מיוצר עי קונדיטוריית,IL,"תחליב ""סנו די"" לתינו",מיליליטרים,50.00,"100 מ""ל",false,1,19.90,39.8000,true,1,173470
7290012116674,false,קרמה מן דאודורנט גל קול 75 מל,קוסמופארם,IL,"דאודורנט ג""ל CREMA M",מיליליטרים,75.00,"100 מ""ל",false,1,14.90,19.8667,true,1,173471
7290012116735,false,סנו - נייר טואלט סופט גליל כפול 24 יח',סנו מפעלי ברונוס בעמ,IL,נייר טואלט סנו סופט גמבו 24 גל,יחידה,1.00,יחידה,false,1,39.90,39.9000,true,1,173473
7290012117039,false,מסיר אבנית ומנקה לאמבטיה 00,סנו,IL,"סנו ""00"" לאמבטיה 1 ל",ליטרים,1.00,ליטר,false,1,7.90,7.9000,true,1,173474
7290012117091,false,אבקת -כביסה סנו מקסימה סנסיטיב 6 קג,סנו מקסימה,IL,"אבקת כביסה ""מקסימה ס",גרמים,6000.00,100 גרם,false,1,49.90,0.8317,true,1,173475
7290012117275,false,נוזל רב תכליתי לניקוי ולהברקה מילוי,טרופיקל דגיל תעשיות,IL,סנוקליר שקית מילוי 7,מיליליטרים,750.00,"100 מ""ל",false,1,6.90,0.9200,true,1,173476
7290012117350,false,ריצפז פרש 2 ליטר לילך לבנדר,"סנו מפעלי ברונוס בע""",IL,ריצפז סנו פרש לילך ל,ליטרים,2.00,ליטר,false,1,17.90,8.9500,true,1,173477
7290012117428,false,"קרמה - שמפו וג'ל רחצה 2 ב-1 מנטה 700 מ""ל",טרופיקל דגיל תעשיות,IL,"שמפו וגל רחצה ""קרמה",מיליליטרים,700.00,"100 מ""ל",false,1,18.90,2.7000,true,1,173479
7290012117558,false,מרכך כביסה קומפקט מאסק ורוד סנו מקסימה 1 ל',"סנו מפעלי ברונוס בע""",IL,"מרכך ""מקסימה"" סופר מ",מיליליטרים,1000.00,"100 מ""ל",false,1,16.90,1.6900,true,1,173482
7290012117626,false,שטיפת פה דנטלית לילדים בטעם ענבים בוב ספוג,אורביטול Orbitol,IL,"מי פה ""אורביטול"" קיד",מיליליטרים,250.00,"100 מ""ל",false,1,11.90,4.7600,true,1,173484
7290012117732,false,סנו - מקסימה מרכך כביסה קול שחור 4 ליטר,"סנו מפעלי ברונוס בע""",IL,מרכך כביסה סנו מקסימה קול שחור 4 ל,ליטרים,4.00,ליטר,false,1,21.90,5.4750,true,1,202535
7290012117916,false,סנו אינסטלאטור פותח סתימות נוזלי 1 ל',"סנו מפעלי ברונוס בע""",IL,סנו אינסטלטור נוזלי,ליטרים,1.00,ליטר,false,1,26.90,26.9000,true,1,173485
7290012139482,false,עצם לחוצה מעושנת בצי,PINGYANG LELE PET PR,CN,עצם לחוצה מעושנת בציפוי עוף בונזו גוי,גרמים,160.00,100 גרם,false,1,21.90,13.6875,true,1,183005
7290012159039,false,פטריות אורניה 440 גר,דליאן,,פטריות אורניה 440 גר,גרמים,440.00,100 גרם,false,1,9.90,2.2500,true,1,178989
7290012159053,false,פטריות שיטאקי 440 גר,דליאן,,פטריות שיטאקי 440 גר,גרמים,440.00,100 גרם,false,1,9.90,2.2500,true,1,178987
7290012159275,false,מיונז אמיתי לינה 430,לינה,,מיונז לינה 430 גר,גרמים,430.00,100 גרם,false,1,7.90,1.8372,true,1,180208
7290012159497,false,יין לבן יבש מבעבע גוטה דה מרוויה Gota De Maravilla,,,יין לבן מבעבע קאווה רוטה דה מרוויה 700 מ,מיליליטרים,750.00,"100 מ""ל",false,1,29.90,3.9867,true,1,203242
7290012159763,false,ריאזנקה דן 500 מל,,,"ריאז""נקה דן 0.5 ליטר",מיליליטרים,500.00,"100 מ""ל",false,1,9.90,1.9800,true,1,173489
7290012159770,false,קפיר דן 500 מל,,,קפיר דן 0.5 ליטר,מיליליטרים,500.00,"100 מ""ל",false,1,9.90,1.9800,true,1,173490
7290012159787,false,קפיר דן 1 ל,,,קפיר דן 1 ליטר,ליטרים,1.00,ליטר,false,1,15.90,15.9000,true,1,173491
7290012159886,false,תחליף גבינה מותכת דר,,,תחליף גבינה מותכת דרוזבה 100 גר,גרמים,100.00,100 גרם,false,1,4.00,4.0000,true,1,173495
7290012159893,false,תחליף גבינה מותכת דר,,,תחליף גבינה מותכת דרוזבה פטריות 100 גר,גרמים,100.00,100 גרם,false,1,4.00,4.0000,true,1,173496
7290012159909,false,תחליף גבינה מותכת ינ,,,תחליף גבינה מותכת ינטאר 100 גר,גרמים,100.00,100 גרם,false,1,4.00,4.0000,true,1,173497
7290012159916,false,תחליף גבינה מותכת ינ,,,תחליף גבינה מותכת ינטאר סלמון 100 גר,גרמים,100.00,100 גרם,false,1,4.00,4.0000,true,1,173498
7290012173189,false,אגוז פקאן 150 גר,,,אגוז פקאן 150 גר,גרמים,150.00,100 גרם,false,1,22.90,15.2667,true,1,176487
7290012173257,false,צימוק כהה 350 גר,,,צימוק כהה 350גר,גרמים,350.00,100 גרם,false,1,12.90,3.6857,true,1,178352
7290012173271,false,שקד טבעי 350 גר,,,שקד טבעי 350 גר,גרמים,350.00,100 גרם,false,1,28.90,8.2571,true,1,185097
7290012173318,false,תבלין פפריקה מתוקה 8,,,תבלין פפריקה מתוקה 80גר,גרמים,80.00,100 גרם,false,1,4.90,6.1250,true,1,178824
7290012173332,false,תבלין פלפל שחור טחון,,,תבלין פלפל שחור טחון 60גר,גרמים,60.00,100 גרם,false,1,4.90,8.1667,true,1,178822
7290012173370,false,תבלין לשווארמה 70 גר,,,תבלין לשווארמה 70גר,גרמים,70.00,100 גרם,false,1,4.90,7.0000,true,1,178827
7290012173387,false,תבלין על האש 70 גר,,,תבלין על האש 70גר,גרמים,70.00,100 גרם,false,1,4.90,7.0000,true,1,178829
7290012173394,false,תבלין אורגנו 40 גר,,,תבלין אורגנו 40גר,גרמים,40.00,100 גרם,false,1,4.90,12.2500,true,1,178817
7290012173400,false,תבלין זעתר ביתי 70 ג,,,תבלין זעתר ביתי 70גר,גרמים,70.00,100 גרם,false,1,4.90,7.0000,true,1,178818
7290012173417,false,תבלין כורכום טחון 70,,,תבלין כורכום טחון 70גר,גרמים,70.00,100 גרם,false,1,4.90,7.0000,true,1,178819
7290012173424,false,תבלין כמון טחון 70 ג,,,תבלין כמון טחון 70גר,גרמים,70.00,100 גרם,false,1,4.90,7.0000,true,1,178820
7290012173455,false,תבלין לעוף 70 גר,,,תבלין לעוף 70גר,גרמים,70.00,100 גרם,false,1,4.90,7.0000,true,1,178828
7290012173462,false,פפריקה מתוקה גרוסה 8,,,פפריקה מתוקה גרוסה 80 גרם,גרמים,80.00,100 גרם,false,1,9.90,12.3750,true,1,173502
7290012173479,false,פפריקה חריפה גרוסה 80 ג' זארובי,,,פפריקה חריפה גרוסה 80 גרם,גרמים,80.00,100 גרם,false,1,9.90,12.3750,true,1,173503
7290012173493,false,תערובת אגוזים 300 גר,,,תערובת אגוזים 300 גר,גרמים,300.00,100 גרם,false,1,29.90,9.9667,true,1,202983
7290012173615,false,פקאן סיני 150 גר,,,פקאן סיני 150 גר,גרמים,150.00,100 גרם,false,1,14.90,9.9333,true,1,175899
7290012173721,false,מוסקט שבור במטחנה זכוכית 45 ג' זארובי,,,מוסקט שבור במטחנה 45 גר,גרמים,45.00,100 גרם,false,1,9.90,22.0000,true,1,197994
7290012173745,false,ארבע עונות במטחנה זכוכית 45 ג' זארובי,,,ארבע עונות במטחנה 50 גר,גרמים,50.00,100 גרם,false,1,9.90,19.8000,true,1,197993
7290012173752,false,שום מעושן במטחנה זכוכית 60 ג' זארובי,,,שום מעושן במטחנה 60 גר,גרמים,60.00,100 גרם,false,1,9.90,16.5000,true,1,197992
7290012173806,false,פלפל שחור שלם מטחנה זכוכית 60 ג' זארובי,,,פלפל שחור שלם במטחנה 60 גר,גרמים,60.00,100 גרם,false,1,9.90,16.5000,true,1,197995
7290012173820,false,אגוז פיסטוק 150 גר,,,אגוז פיסטוק 150 גר,גרמים,150.00,100 גרם,false,1,14.90,9.9333,true,1,177676
7290012173837,false,אגוז קשיו קלוי 170 ג,,,אגוז קשיו קלוי 170 גר,גרמים,170.00,100 גרם,false,1,14.90,8.7647,true,1,177675
7290012173882,false,גרעיני חמניות 350 גר,,,גרעיני חמניות 350 גר,גרמים,350.00,100 גרם,false,1,10.90,3.1143,true,1,178082
7290012173912,false,חמוציות 300 גר,,,חמוציות 300גר,גרמים,300.00,100 גרם,false,1,12.90,4.3000,true,1,178350
7290012173998,false,צימוק בהיר 350 גר,,,צימוק בהיר 350גר,גרמים,350.00,100 גרם,false,1,12.90,3.6857,true,1,178353
7290012191053,false,גפרורים ארוך המנגליס,,,גפרורים ארוך המנגליסט,Unknown,0.00,Unknown,false,1,5.90,0.0000,true,1,188711
7290012193125,false,ממתיק על בסיס סוכרלוז - טבליות,מיוצר עי קונדיטוריית,CN,"סוכרלוז ""מרמולייט"" 1",Unknown,0.00,Unknown,false,1,26.90,0.0000,true,1,173504
7290012193163,false,פמלי אל סבון פרחי בר,אף.סי תבליני בגליל ב,TR,"אל סבון ""פמילי"" פרחי בר ורוד + משאבה 1ל",מיליליטרים,1000.00,"100 מ""ל",false,1,11.90,1.1900,true,1,175967
7290012226014,false,נקניקיות וינר זוגלובק 800 גרם,נקניק נהריה כשר זוגל,,נקניקיות וינר 800 גר,גרמים,800.00,100 גרם,false,1,23.90,2.9875,true,1,173506
7290012226021,false,סלמי מעושן פראג יבש 400 ג' זוגלובק,נקניק נהריה כשר זוגל,IL,סאלמי מעושן פראג 400,גרמים,400.00,100 גרם,false,1,19.90,4.9750,true,1,173507
7290012226120,false,קבנוס זוגלובק 135גר,נקניק נהריה כשר זוגל,IL,"קבנוס 135 גר""",גרמים,135.00,100 גרם,false,1,10.90,8.0741,true,1,173508
7290012226342,false,נקניקיה טבעונית למחבת או לתנור עשירה בחלבון,זוגלו'ס Zoglos,,נקניקיה מן הצומח עשירה בחלבון 460 גר,גרמים,460.00,100 גרם,false,1,25.90,5.6304,true,1,184369
7290012226991,false,"נקניקיות עוף באריזת ג''מבו 1.5 ק""ג זוגלובק",נקניק נהריה כשר זוגל,IL,"נקניקיות ג""מבו 1.5 ק",קילוגרמים,1.50,"ק""ג",false,1,26.90,17.9333,true,1,173513
7290012227172,false,חרמן הודו בדבש וברביקיו זוג במארז 600 ג' זוגלובק,נקניק נהריה כשר זוגל,IL,מארז פםטרמה כפרית 300גר + חרמון 300 גר,גרמים,600.00,100 גרם,false,1,26.90,4.4833,true,1,175978
7290012227400,false,נקניקיות עוף זוגלובק 800 גרם,נקניק נהריה כשר זוגל,,נקניקיות עוף 800 גר,גרמים,800.00,100 גרם,false,1,23.90,2.9875,true,1,176731
7290012227912,false,קבנוס עודן 135 ג' זוגלובק,זוגלובק,,קבנוס מעודן 135 גר,גרמים,135.00,100 גרם,false,1,10.90,8.0741,true,1,182905
7290012228261,false,נקנקיות קנקרס הודו ועוף ריינהולד'ס זוגלובק 300 ג',זוגלובק,IL,נקניקיות הודו פרמיום קנקרס 300 גר,גרמים,300.00,100 גרם,false,1,20.90,6.9667,true,1,186827
7290012228797,false,נקיקיות ביג קרנקס זוגלובק 500 ג',,,פסטרמה ברביקיו מופחת נתרן דק דק 120 גר,גרמים,500.00,100 גרם,false,1,14.90,2.9800,true,1,190871
7290012245176,false,וופל ציפס קריספי 700,אגריסטו,BE,וופל ציפס קריספי 700 גר,גרמים,700.00,100 גרם,false,1,14.90,2.1286,true,1,204649
7290012245183,false,ציפס קריספי קלאסי 70,אגריסטו,BE,ציפס קריספי קלאסי 700 גר,גרמים,700.00,100 גרם,false,1,12.90,1.8429,true,1,204651
7290012245275,false,גולד ציפס בטטה קריספ,אגריסטו,BE,גולד ציפס בטטה קריספי 1 קג,קילוגרמים,1.00,"ק""ג",false,1,29.90,29.9000,true,1,197153
7290012245312,false,"צ'יפס אמריקאי 1.5 ק""ג גולד שארית",יוליניבר,BE,"ציפס אמריקאי גולד 1.5 ק""ג",קילוגרמים,1.50,"ק""ג",false,1,19.90,13.2667,true,1,191260
7290012245329,false,"צ'יפס קלאסי 1.5 ק""ג גולד שארית",יוליניבר,BE,"ציפס קלאסי גולד 1.5 ק""ג",קילוגרמים,1.50,"ק""ג",false,1,19.90,13.2667,true,1,191259
7290012245336,false,"גולד צ'יפס סטייק 1.5 ק""ג גולד שארית",אגריסטו,NL,"סטייק ציפס גולד 1.5 ק""ג",קילוגרמים,1.50,"ק""ג",false,1,19.90,13.2667,true,1,191262
7290012251047,false,קבנוס כפרי 250 גר,,,קבנוס כפרי 250 גר,גרמים,250.00,100 גרם,false,1,19.90,7.9600,true,1,180867
7290012251146,false,מיני סרוולט קופצסקי,ישרקו שיווק מותגי מז,,מיני סרוולט קופציסקי 280 גר,גרמים,280.00,100 גרם,false,1,31.90,11.3929,true,1,178682
7290012251177,false,מיני סרוולט איטלקי 4,ישרקו שיווק מותגי מז,,מיני סרוולט איטלקי 400גר,גרמים,400.00,100 גרם,false,1,49.90,12.4750,true,1,178680
7290012251474,false,שרימפס 26/30 מקולף 500 ג' קפוא,,,שרימפס מקולף 26/30 500גר,גרמים,500.00,100 גרם,false,1,45.90,9.1800,true,1,177721
7290012251481,false,שרימפס מקולף 31-40 5,,,שרימפס מקולף 31/40 500גר,גרמים,500.00,100 גרם,false,1,39.90,7.9800,true,1,177725
7290012251498,false,שרימפס מקולף 41-50 5,,,שרימפס מקולף 41/50 500גר,גרמים,500.00,100 גרם,false,1,39.90,7.9800,true,1,177723
7290012251511,false,דג קט קוביות קפוא 50,,,דג קט קוביות קפוא 500גר,גרמים,500.00,100 גרם,false,1,19.90,3.9800,true,1,177727
7290012306204,false,אורז עגול לפלוב 1 קג,,,"אורז עגול לפלוב 1 ק""ג",קילוגרמים,1.00,"ק""ג",false,1,19.90,19.9000,true,1,182822
7290012306501,false,פריכיות כוסמת 150 גר,כל בו מכבי,,פריכיות כוסמת 150גר,גרמים,150.00,100 גרם,false,1,13.90,9.2667,true,1,177952
7290012306532,false,פריכיות כוסמת עם מלח,כל בו מכבי,,פריכיות כוסמת עם מלח 150גר,גרמים,150.00,100 גרם,false,1,13.90,9.2667,true,1,178627
7290012306723,false,אורז עגול לאוש פלוב,,,אורז עגול לאוש פלוב 1 קג,קילוגרמים,1.00,"ק""ג",false,15,17.90,17.9000,true,1,195706
7290012309311,false,ערמונים קלופים וקלויים,"דין שיווק וקליה בע""מ",CN,ערמונים קלופים שלמים 100 גר,גרמים,100.00,100 גרם,false,1,6.90,6.9000,true,1,205431
7290012309878,false,חלבה פיסטוק ששון הקולה 500 ג',דין שיווק,IL,חלבה פיסטוק 500 גר,גרמים,500.00,100 גרם,false,1,12.90,2.5800,true,1,192652
7290012309892,false,חלבה וניל ששון הקולה 500 ג',אקאר,IL,חלבה וניל 500 גר,גרמים,500.00,100 גרם,false,1,12.90,2.5800,true,1,192653
7290012313073,false,מיקס זיתים מגולענים 560 ג' יבנה,,,מיקס זיתים מגולענים 560 גר,גרמים,560.00,100 גרם,false,1,10.90,1.9464,true,1,205493
7290012313240,false,יבנה זיתים מיקס ירוק וקלמטה 560 גר',,,מיקס זית ירוק וקלמטה 560 גר,גרמים,560.00,100 גרם,false,1,11.90,2.1250,true,1,193490
7290012313394,false,קוביות מלפפונים במלח 560ג' יבנה,,,מלפפון קוביות במלח 560 גר,גרמים,560.00,100 גרם,false,1,4.90,0.8750,true,1,202789
7290012313400,false,זיתים סורי מבוקעים 215 ג' יבנה,,,זית סורי מבוקע 215 גר,גרמים,215.00,100 גרם,false,1,12.90,6.0000,true,1,204519
7290012313424,false,זיתים קלמטה שלם 215 ג' יבנה,,,זית קלמטה שלם 215 גר,גרמים,215.00,100 גרם,false,1,12.90,6.0000,true,1,204517
7290012313448,false,זית מעדנייה מתובל 21,,,זית מעדנייה מתובל 215 גר,גרמים,215.00,100 גרם,false,1,12.90,6.0000,true,1,204520
7290012313554,false,עלי גפן ממולא 400 גרםיבנה,קדבורי,IL,עלי גפן ממולאים יבנה 400 גר,גרמים,400.00,100 גרם,false,1,7.90,1.9750,true,1,185705
7290012404955,false,ספרינג קולקשן נקטר חמוציות 1.25 ל',"יפאורה תבורי בע""מ",IL,נקטר ספרינג קולקשן,מיליליטרים,1250.00,"100 מ""ל",false,1,12.90,1.0320,true,1,173522
7290012413643,false,תה ויסוצקי ירוק קמומיל 25 יח',ויסוצקי ירוק,IL,תה ירוק קמומיל 25 שק,גרמים,38.00,100 גרם,false,1,24.90,65.5263,true,1,176102
7290012561405,false,בצל חצי מטוגן דורות 180 גרם,עיצובים 2020 (3.8),IL,"בצל מוזהב ""דורות"" 18",גרמים,180.00,100 גרם,false,1,9.90,5.5000,true,1,173529
7290012576379,false,יין ספיישל רזרב מרלו,יקבי ברקן שיווק והפצ,IL,"יין ספיישל רזרב מרלו 750 מ""ל",מיליליטרים,750.00,"100 מ""ל",false,1,74.90,9.9867,true,1,180171
7290012576591,false,יין רזרב גוורצטרמינר,יקבי ברקן שיווק והפצ,IL,"יין רזרב גוורצטרמינר 750 מ""ל",מיליליטרים,750.00,"100 מ""ל",false,1,49.90,6.6533,true,1,180740
7290012576607,false,"יין פרימייר אדום קברנה סובניון ומלבק 750 מ""ל","ברקן שיווק והפצה בע""",IL,יין פרימייר קברנה סוביניון ומלבק 750מל,מיליליטרים,750.00,"100 מ""ל",false,1,27.90,3.7200,true,1,177768
7290012576614,false,יין Premieur לבן חצי יבש אמרלד ריזלינג קולומברד,יקבי ברקן שיווק והפצ,IL,יין פרימייר ריזלינג קולומברד 750מל,מיליליטרים,750.00,"100 מ""ל",false,1,27.90,3.7200,true,1,177769
7290012588242,false,"מים מינרליים כדוררגל מארז שישיה 500 מ""ל",נרה קריטיס אס איי בא,GR,"מים מינרליים כדורגל 500 מ""ל שישייה",מיליליטרים,3000.00,"100 מ""ל",false,1,14.90,0.4967,true,1,184503
7290012642036,false,פסטה לה פסטה 5 ספגטי,,,ספגטי לה פסטה 400גר,גרמים,400.00,100 גרם,false,1,3.90,0.9750,true,1,178149
7290012642586,false,ערמונים קלופים תומר 100 ג',Tangshan huiyuan foo,,ערמונים קלופים 100 גר,גרמים,10000.00,100 גרם,false,1,6.90,0.0690,true,1,177271
7290012645020,false,"יוגורט עיזים טבעי חלב הארץ 500 מ""ל",חלב הארץ,,יוגורט עיזים חלב הארץ טבעי בק 500 גר,גרמים,500.00,100 גרם,false,1,11.90,2.3800,true,1,181294
7290012645051,false,יוגורט עיזים בגביע 350 גרם,חלב הארץ,IL,יוגורט עיזים ביו 350 גר,גרמים,350.00,100 גרם,false,8,11.90,3.4000,true,1,191995
7290012645075,false,יוגורט כבשים יווני בגביע 350 ג',חלב הארץ,IL,יוגורט כבשים יווני 350 גר,גרמים,350.00,100 גרם,false,8,11.90,3.4000,true,1,197254
7290012645112,false,"יוגורט עיזים בדלי חלב הארץ 750מ""ל",מחלבות סוסיא,IL,יוגורט עיזים דלי 750 גרם,גרמים,750.00,100 גרם,false,1,17.90,2.3867,true,1,184373
7290012645129,false,"יוגורט כבשים בדלי חלב הארץ 750מ""ל",מחלבות סוסיא,IL,יוגורט כבשים דלי 750 גרם,גרמים,750.00,100 גרם,false,1,17.90,2.3867,true,1,184372
7290012645174,false,לאבנה עיזים 5% 200 גר',חלב הארץ,IL,גבינת עיזים 200 גר,גרמים,200.00,100 גרם,false,1,13.90,6.9500,true,1,204853
7290012645181,false,לאבנה עיזים 5% חלב ה,חלב הארץ,IL,לאבנה עיזים 200 גר,גרמים,200.00,100 גרם,false,1,13.90,6.9500,true,1,204854
7290012645280,false,"יוגורט כבשים טבעי 2.8% בגביע חלב הארץ 150מ""ל",מחלבות סוסיא,IL,יוגורט כבשים חלב הארץ בסגנון יווני 150ג,גרמים,150.00,100 גרם,false,8,5.20,3.4667,true,1,181292
7290012645297,false,סוסיא יוגורט עיזים ביו 2.8% ט.טבעי 150מל,מחלבות סוסיא,IL,יוגורט עיזים חלב הארץ בטעם טבעי 150 גר,גרמים,150.00,100 גרם,false,1,5.20,3.4667,true,1,181291
7290012697081,false,סוכרזית מהטבע סטיוויה 100 שקיות,"סוכרזית בע""מ",IL,סוכרזית מהטבע סטיוויה 100 שק,Unknown,0.00,Unknown,false,1,29.90,0.0000,true,1,173532
7290012803055,false,ממתיק על בסיס סוכרלוז - שקיות,תות ממתקי איכות,IL,"סוכרלוז ""מרמולייט"" 1",Unknown,0.00,Unknown,false,1,26.90,0.0000,true,1,173533
7290012803222,false,וופל בלגי בטעם לימון ללא תוספת סוכר,בטר אנד דיפרנט,IL,טוסו וופל בלגי בטעם לימון 200 גר,גרמים,200.00,100 גרם,false,1,9.90,4.9500,true,1,176314
7290012803352,false,"רייד ארוסול קוטל מעופפים 300מ""ל",אס.סי.ג'ונסון מידרכט,NL,"ארוסול ""רייד"" קוטל מ",מיליליטרים,300.00,"100 מ""ל",false,1,15.90,5.3000,true,1,173534
7290012803789,false,שוקולד מריר עם אגוזים ללא תוספת סוכר,האי נאם סי או אל.טי.,TR,טוסו שוקולד מריר עם אגוזים 100 גר,גרמים,100.00,100 גרם,false,1,10.90,10.9000,true,1,182946
7290012803796,false,שוקולד חלב עם אגוזים ללא תוספת סוכר,אלטינמארקה גידה סאן,TR,טוסו שוקולד חלב עם אגוזים 100 גר,גרמים,100.00,100 גרם,false,1,10.90,10.9000,true,1,176312
7290012823374,false,מטליות לניקוי כללי אנטי קאלק,מיוצר עי קונדיטוריית,IL,"מטליות לניקוי כללי """,Unknown,0.00,Unknown,false,1,10.90,0.0000,true,1,173536
7290012823381,false,מרכך כביסה מקסימה סנסיטיב מרוכז ורוד 1 ל' סנו,"סנו מפעלי ברונוס בע""",IL,"מרכך כביסה ""סנו מקסי",מיליליטרים,1000.00,"100 מ""ל",false,1,16.90,1.6900,true,1,173537
7290012823398,false,מטליות חד פעמיות לניקוי הרצפה בניחוח מרכך כביסה 10יח' סנו,סנו מפעלי ברונו בעמ,IL,ריצפז מטליות לחות לניקוי הרצפה בניחוח מר,Unknown,0.00,Unknown,false,1,10.90,0.0000,true,1,182923
7290012823541,false,מטליות ריצפז פרש בריח לבנדר 10 יח' סנו,"סנו מפעלי ברונוס בע""",IL,ריצפז פרש מטליות ינק,Unknown,0.00,Unknown,false,1,10.90,0.0000,true,1,173538
7290012823558,false,מטליות ענק לחות לרצפה 10 יח' סנו סושי,סנו מפעלי ברונוס בעמ,IL,מטליות ענק לחות לרצפ,Unknown,0.00,Unknown,false,1,10.90,0.0000,true,1,173539
7290012823602,false,נייר טואלט סופט סילק לבן - מארז 32 גלילים,טרופיקל דגיל תעשיות,IL,נייר טואלט סופט סילק,Unknown,0.00,Unknown,false,1,32.90,0.0000,true,1,173541
7290012823923,false,מרכך כביסה סופר מרוכז פרפיום גולדן סנרייז,סנו מפעלי ברונוס בעמ,IL,"מרכך כביסה ""מקסימה""",מיליליטרים,750.00,"100 מ""ל",false,1,17.90,2.3867,true,1,173543
7290012850035,false,מחית ביליבד תפוח ואפרסק 190ג',NOVOFRUCHT SK S.R.O,SK,מחית לתינוקות בלווד תפוח ואפרסק 190 גר,גרמים,190.00,100 גרם,false,1,5.90,3.1053,true,1,185750
7290012899591,false,מלפפון אלפא 7-9 670,,,"מלפפון ""אלפא"" 7-9 670גר",גרמים,670.00,100 גרם,false,1,7.90,1.1791,true,1,175903
7290012899607,false,מלפפון אלפא 10-12 67,,IL,"מלפפון ""אלפא"" 10.-12 670גר",גרמים,670.00,100 גרם,false,12,7.90,1.1791,true,1,175904
7290012901355,false,דודלס ארוחת אטריות עם גבינה 206 גרם,האי נאם סי או אל.טי.,US,ארוחת אטריות נודלס עם גבינה 206 גר,גרמים,206.00,100 גרם,false,1,12.90,6.2621,true,1,207882
7290012911156,false,"רוטב טריאקי שומשום 300 מ""ל",קיי.אר.אס.ספייסי פוד,TH,רוטב טריאקי שומשום 300 מל,מיליליטרים,300.00,"100 מ""ל",false,6,14.90,4.9667,true,1,180007
7290012911477,false,קרם קוקוס גולד 400 ג,אסיאטיק אגרו אינדסטר,TH,קרם קוקוס 400 מל,מיליליטרים,400.00,"100 מ""ל",false,24,10.90,2.7250,true,1,180011
7290012911651,false,"מקלוני אורז 10 מ""מ Rice stick",טעמי אסיה Taste of Asia,TH,אטריות אורז 10 ממ 400 גר,גרמים,400.00,100 גרם,false,15,13.90,3.4750,true,1,202319
7290012911729,false,ג'ינג'ר ורוד לסושי 250ג',טעמי אסיה Taste of Asia,CN,גינגיר לסושי 250 גר,גרמים,250.00,100 גרם,false,6,9.90,3.9600,true,1,177718
7290012911804,false,"שמן שומשום כשר 150 מ""ל",גואנגדונג גוד טייסט,SG,שמן שומשום 150 מל,מיליליטרים,150.00,"100 מ""ל",false,12,13.90,9.2667,true,1,180175
7290012911941,false,רוטב צ'ילי מתוק ללא תוספת סוכר,טעמי אסיה Taste of Asia,TH,רוטב צילי מתוק ללא סוכר 700 מל,מיליליטרים,700.00,"100 מ""ל",false,6,20.90,2.9857,true,1,184956
7290012911965,false,ג'ינג'ר לסושי ללא צבע כשר 250ג',טעמי אסיה Taste of Asia,CN,גינגיר לסושי ללא צבע 250 גר,גרמים,250.00,100 גרם,false,6,9.90,3.9600,true,1,183069
7290012921025,false,מלכה בוטיק בירה בהיר,בירה מלכה בעמ,IL,"בירה ""מלכה"" בהירה 330 מ""ל",מיליליטרים,330.00,"100 מ""ל",false,1,13.90,4.2121,true,1,173552
7290012921032,false,מלכה בוטיק בירה אדמו,בירה מלכה בעמ,IL,"בירה ""מלכה"" אדמונית",מיליליטרים,330.00,"100 מ""ל",false,1,13.90,4.2121,true,1,173553
7290012921070,false,בירה מלכה אדמונית 75,,,בירה מלכה אדמונית 750 מל,מיליליטרים,750.00,"100 מ""ל",false,1,29.90,3.9867,true,1,194732
7290012938580,false,"סנסודיין משחת שיניים להלבנה עדינה 75 מ""ל",גלקסוסמית'קליין קונס,GB,משחת שיניים סנסודיין הלבנה עדינה 75 מל,מיליליטרים,75.00,"100 מ""ל",false,1,20.90,27.8667,true,1,181923
7290012938597,false,"סנסודיין משחת שיניים רפיד רליף 75 מ""ל","סמיתקליין ביצ'ם בע""מ",SK,משחת שיניים סנסודיין רפיד רליף 75 מל,מיליליטרים,75.00,"100 מ""ל",false,1,22.90,30.5333,true,1,187447
7290012938740,false,"משחת שיניים פרש מינט מנטה 75מ""ל סנסודיין",גלקסו סמית קליין,GB,משחת שיניים סנסודיין פרש מינט 75 מל,מיליליטרים,75.00,"100 מ""ל",false,1,20.90,27.8667,true,1,187446
7290012962455,false,"רדיד אלומיניום עבה במיוחד 18 מיקרון 50מ'45X ס""מ",הוסטס,,רדיד אלומיניום עבה במיוחד 50מטר,יחידה,1.00,יחידה,false,1,46.90,46.9000,true,1,177819
7290012962493,false,"אטב איטלקי מחוזק 36 יחידות ""הוסטס""",הוסטס,,אטב איטלקי מחוזק הוסטס 36יח,יחידה,1.00,יחידה,false,1,16.90,16.9000,true,1,177948
7290012962561,false,הוסטוס קיסמי שיניים 500 יח',הוסטס Hostess,,קיסמי שיניים 500יח,יחידה,1.00,יחידה,false,1,4.90,4.9000,true,1,178175
7290012962578,false,צימרוני אוזניים עץ בקופסת פלסטיק 300יח',הדקלאים אגודת שיתופי,CN,צימרוני אוזניים עץ 300יח,Unknown,0.00,Unknown,false,1,9.90,0.0000,true,1,177949
7290012962592,false,מדליק פחם אקולוגי מוצק 32 יחידות EASY LIGHT,איזי לייט Easy light,,מדליק פחם אקולוגי 32 יח 165 גר,גרמים,165.00,100 גרם,false,1,9.90,6.0000,true,1,178759
7290012962677,false,הוסטס ניילון נצמד ללא PVC עם מתקן לחיתוך 150 מ',הוסטס,,ניילון נצמד 150מט,מטרים,150.00,מטר,false,1,29.90,0.1993,true,1,178531
7290012962684,false,"הוסטס שקיות צליה ג'מבו 50X35 ס""מ בקופסה 5 יח'",הוסטס Hostess,,שקיות צליה גימבו 5יח,יחידה,5.00,יחידה,false,1,5.90,1.1800,true,1,178532
7290012962974,false,כפית מהודרת עבה במיו,F.T.I,,כפיות הוסטס עבה במיוחד 50 יח,Unknown,0.00,Unknown,false,1,8.90,0.0000,true,1,179608
7290012971815,false,מעדן בשר בסגנון ארגנ,,,טושנקה ברווז עם שזיפים 400 גר,גרמים,400.00,100 גרם,false,1,19.90,4.9750,true,1,183790
7290012971839,false,כוסמת עם בשר 400 גר,,,כוסמת עם בשר 400 גר,גרמים,400.00,100 גרם,false,1,14.90,3.7250,true,1,182303
7290012996610,false,הפי טבליות לניקוי אסלה 400 ג',ג'נרל מילס סאן אדריא,DE,טבליות לניקוי אסלה 14 יח,גרמים,400.00,100 גרם,false,1,14.90,3.7250,true,1,182058
7290012996672,false,הפי סבון לאסלה מבושם זוג,יוליניבר,IT,סבון אסלה כחול צלול 55 גר זוג,גרמים,110.00,100 גרם,false,1,9.90,9.0000,true,1,182046
7290013083685,false,תרכובת מזון המשך לפעוטות שלב 3 Extra Care,מטרנה תעשיות ש.מ,IL,מטרנה אקסטרה קר שלב,גרמים,700.00,100 גרם,false,1,59.90,8.5571,true,1,173564
7290013107022,false,ממרח בטעם כבד עם שום,,,ממרח בטעם כבד עם שום 130 גר,גרמים,130.00,100 גרם,false,1,6.90,5.3077,true,1,207796
7290013117212,false,בורקס פילו גבינה מעדנות מעדנות 600 ג',מיוצר עי קונדיטוריית,IL,בורקס פילוי במילוי ג,גרמים,600.00,100 גרם,false,1,19.90,3.3167,true,1,173567
7290013117229,false,בורקס פילו תפוא מעדנות 600 גרם,מיוצר עי קונדיטוריית,IL,בורקס פילוי במילוי ת,גרמים,600.00,100 גרם,false,1,19.90,3.3167,true,1,173568
7290013117236,false,בורקס פילו פיצה מעדנות 600 ג',מיוצר עי קונדיטוריית,IL,בורקס פילו פיצה 600,גרמים,600.00,100 גרם,false,1,19.90,3.3167,true,1,173569
7290013117243,false,בורקס פילו בולגרית מעדנות 600 ג',מיוצר עי קונדיטוריית,IL,בורקס פילו בולגרית 6,גרמים,600.00,100 גרם,false,1,19.90,3.3167,true,1,173570
7290013117410,false,בצק פריך מרודד למאפים מתוקים 900 ג' מעדנות,מיוצר עי קונדיטוריית,IL,בצק פריך מתוק 900 גר,גרמים,900.00,100 גרם,false,1,19.90,2.2111,true,1,173571
7290013117427,false,בצק פריך מרודד למאפים מלוחים 900 ג' מעדנות,מיוצר עי קונדיטוריית,IL,בצק פריך מלוח 900 גר,גרמים,900.00,100 גרם,false,1,19.90,2.2111,true,1,173572
7290013117526,false,מעדנות בצק שמרים למאפים מתוקים 900 גרם,"מעדנות בע""מ",IL,בצק שמרים למאפים מתוקים 900 גר,גרמים,900.00,100 גרם,false,1,19.90,2.2111,true,1,173573
7290013153395,false,פריגת סחוט טרי רימונים 1ליטר,פריגת,IL,מיץ רימונים פריגת סחוט 1 ל,ליטרים,1.00,ליטר,false,1,26.90,26.9000,true,1,179164
7290013153418,false,פריגת סחוט לימונענע 1ל',,,מיץ פריגת סחוט לימונענע 1 ל,ליטרים,1.00,ליטר,false,1,18.90,18.9000,true,1,179610
7290013153593,false,רכז פריגת תפוזים מתק,"גת גבעת חיים,",IL,רכז פריגת תפוזים מתקתק 1 ל,ליטרים,1.00,ליטר,false,1,13.90,13.9000,true,1,182571
7290013187215,false,פילה סלמון מנות קפוא,,,פילה סלמון מנות קפוא 800 גר,גרמים,800.00,100 גרם,false,,89.90,11.2375,true,1,199316
7290013215017,true,פטריות דואט ארוזות,חוות השמפיניון,,פטריות דואט ארוזות,יחידה,1.00,יחידה,false,1,15.50,15.5000,true,1,179514
7290013220042,false,מיקס פירות טרופיים 5,א.מ שרון,PL,מיקס פירות טרופיים 500גר,גרמים,500.00,100 גרם,false,1,24.90,4.9800,true,1,176924
7290013220103,false,דובדבן קפוא 500 גרם,א.מ שרון,PL,דובדבן 500 גר,גרמים,500.00,100 גרם,false,1,19.90,3.9800,true,1,176919
7290013220110,false,פטל אדום קפוא 500 גר,,,פטל אדום קפוא 500 גר,גרמים,500.00,100 גרם,false,1,29.90,5.9800,true,1,176912
7290013220127,false,דומדמנית שחורה קפוא,א.מ שרון,PL,דומדמניות שחורות 500 גר,גרמים,500.00,100 גרם,false,1,19.90,3.9800,true,1,176921
7290013220134,false,מיקס פירות שדה קפוא,א.מ שרון,PL,מיקס פירות שדה 500 גר,גרמים,500.00,100 גרם,false,1,19.90,3.9800,true,1,176922
7290013220196,false,אוכמניות צהובות אובל,,,אוכמניות צהובות אובלפיחה 400 גר,גרמים,400.00,100 גרם,false,1,29.90,7.4750,true,1,177496
7290013220318,false,חמוצית קפוא 400 גרם,א.מ שרון,PL,חמוציות גן 400 גר,גרמים,400.00,100 גרם,false,1,24.90,6.2250,true,1,176914
7290013220400,false,מיקס פירות יער 500 ג,,,מיקס פירות יער 500 גר,גרמים,500.00,100 גרם,false,1,24.90,4.9800,true,1,176923
7290013221001,false,חתיכות אננס קפוא 500,א.מ שרון,PL,אננס קפוא 500 גר,גרמים,500.00,100 גרם,false,1,24.90,4.9800,true,1,185514
7290013221018,false,חתיכות מנגו קפוא 500,א.מ שרון,PL,מנגו קפוא 500 גר,גרמים,500.00,100 גרם,false,1,24.90,4.9800,true,1,185515
7290013221056,false,אפרסק פרוסות קפוא 50,א.מ שרון,PL,אפרסק 500 גר,גרמים,500.00,100 גרם,false,1,24.90,4.9800,true,1,195716
7290013268020,false,סנו - מקסימה מרכך כביסה מרוכז אולטרה פרש 1 ליטר,"סנו מפעלי ברונוס בע""",IL,"מרכך כביסה ""מקסימה""",מיליליטרים,1000.00,"100 מ""ל",false,1,16.90,1.6900,true,1,173576
7290013268242,false,תרכיז ריחני לניקוי רצפות בריח מלון מפנק ריצפז פרש,"סנו מפעלו ברונוס בע""",IL,ריצפז פרש הום מלון מפנק 2 ל,ליטרים,2.00,ליטר,false,8,19.90,9.9500,true,1,191287
7290013268372,false,פוליויקס פרקט בתוספת שמן אורגן 2 ל',סנו פוליויקס,IL,סנו פוליויקס פרקט בתוספת שמן ארגן 2 ל,ליטרים,2.00,ליטר,false,8,19.90,9.9500,true,1,192242
7290013268433,false,"שמפו ומרכך לשיער לגבר 700 מ""ל קרמה",קוסמופארם,IL,"שמפו ומרכך ""קרמה מאן",מיליליטרים,700.00,"100 מ""ל",false,1,18.90,2.7000,true,1,173579
7290013268839,false,סנו פוליויקס פרקט בריח מלון חלומי,סנו פוליויקס,IL,סנו פוליויקס פרקט בניחוח מלון חלומי 2 ל,ליטרים,2.00,ליטר,false,1,19.90,9.9500,true,1,185297
7290013268884,false,ריצפז פרש בניחוח מאסק,מיוצר עי קונדיטוריית,IL,"נוזל לניקוי רצפה ""סנ",ליטרים,2.00,ליטר,false,1,17.90,8.9500,true,1,173587
7290013268891,false,מסיר כתמים ג'ל אוקסיג'ן ללא אקונומיקה,"סנו מפעלי ברונוס בע""",IL,"סנו ג""ל ""אוקסיג""ן"" 3",ליטרים,3.00,ליטר,false,1,26.90,8.9667,true,1,173588
7290013268907,false,ג'ל כביסה מרוכז מקסימה Bio cold water,"סנו מפעלי ברונוס בע""",IL,"ג""ל כביסה ""מקסימה"" ק",ליטרים,3.00,ליטר,false,1,28.90,9.6333,true,1,173589
7290013268938,false,סנובון סבון אסלה בניחוח מאסק - מארז 3 יח',סנו,IL,סבון אסלה סנובון בניחוח מאסק שלישייה,Unknown,0.00,Unknown,false,1,11.90,0.0000,true,1,173590
7290013268990,false,סנו - מקסימה מרכך כביסה מרוכז ביו 1 ליטר,"סנו מפעלי ברונוס בע""",IL,"מרכך כביסה ""מקסימה""",מיליליטרים,1000.00,"100 מ""ל",false,1,16.90,1.6900,true,1,173591
7290013269003,false,מרכך כביסה סופר מרוכז בייבי לתינוקות ולעור רגיש,"סנו מפעלי ברונוס בע""",IL,"מרכך כביסה ""סנו מקסימה"" בייבי 1 ל",מיליליטרים,1000.00,"100 מ""ל",false,1,16.90,1.6900,true,1,173592
7290013269263,false,ג'ל כביסה מרוכז מקסימה בבישום קריסטל נואר,סנו מפעלי ברונוס בעמ,IL,"ג""ל כביסה ""מקסימה"" קריסטל 3 ל",מיליליטרים,3000.00,"100 מ""ל",false,1,28.90,0.9633,true,1,173593
7290013269287,false,סנו - מקסימה ג'ל כביסה מרוכז מאסק 3 ליטר,"סנו מפעלי ברונוס בע""",IL,"ג""ל כביסה ""מקסימה"" מאסק 3 ל",Unknown,0.00,Unknown,false,1,28.90,0.0000,true,1,176566
7290013269300,false,ניילון נצמד + לשימוש במיקרוגל,"מיוצר בהונג קונג, סי",CN,"ניילון נצמד + ""סנו סושי"" 150 מ",Unknown,0.00,Unknown,false,1,24.90,0.0000,true,1,176555
7290013269348,false,K3 תחנת פיתיון קוטל תיקנים (ג'וקים) בבית ובחצר,טרופיקל דגיל תעשיות,IL,קוטל חרקים תחנת פיתיון 4 יח סנו K3,Unknown,0.00,Unknown,false,6,49.90,0.0000,true,1,188959
7290013269621,false,ריצפז פרש לניקוי רצפות בניחוח מלון בוטיק,מיוצר עי קונדיטוריית,IL,תרכיז לניקוי רצפות סנו ריצפז פרש הום 2ל,ליטרים,2.00,ליטר,false,8,19.90,9.9500,true,1,186149
7290013269638,false,ספוג הפלא אקסטרה Extra- מארז 6 יח',סנו סושי,US,"ספוג הפלא אקסטרה ""סנו סושי",Unknown,0.00,Unknown,false,1,10.90,0.0000,true,1,176556
7290013269645,false,מטליות לחות לניקוי הרצפה בניחוח מאסק ריצפז פרש,סנו מפעלי ברונוס בעמ,IL,"מטליות לחות לרצפה ""ריצפז פרש"" מאסק",Unknown,0.00,Unknown,false,1,10.90,0.0000,true,1,176891
7290013269690,false,סנובון /פיסגה ג'ל בניחוח לימון-מרכז,Nicolas polandמשווק,PL,גל לאסלה סנובון בניחוח לימון,מיליליטרים,55.00,"100 מ""ל",false,1,6.90,12.5455,true,1,177861
7290013269706,false,סנובון ג'ל לניקוי האסלה בניחוח אוקיינוס,סנו,PL,גל לאסלה סנובון בניחוח אוקיינוס,מיליליטרים,55.00,"100 מ""ל",false,1,6.90,12.5455,true,1,177862
7290013269751,false,מטליות לחותריצפז פרש לניקוי ריצפה בניחות מלון בוטיק 10 יח' סנו,טרופיקל דגיל תעשיות,IL,ריצפז מטליות לחות לניקוי הרצפה בניחוח מל,Unknown,0.00,Unknown,false,12,10.90,0.0000,true,1,186148
7290013284075,false,זיתים פריניר טבעות מ,פריניר,,זיתים פריניר טבעות מושחר 560 גר,גרמים,560.00,100 גרם,false,1,9.90,1.7679,true,1,181875
7290013284082,false,חרוזית מושחר פריניר,פריניר,,זיתים פריניר חרוזית מושחר 560 גר,גרמים,560.00,100 גרם,false,1,9.90,1.7679,true,1,181876
7290013284105,false,זיתים פריניר טבעות י,פריניר,,זיתים פריניר טבעות ירוק 560 גר,גרמים,560.00,100 גרם,false,1,9.90,1.7679,true,1,181877
7290013284112,false,חרוזית ירוק פריניר 5,פריניר ( הדס 1987) ב,IL,זיתים פריניר חרוזית ירוק 560 גר,גרמים,560.00,100 גרם,false,1,9.90,1.7679,true,1,181878
7290013284136,false,מלפפונים פריניר במלח,פריניר,,מלפפונים פריניר במלח 7-9 560 גר,גרמים,560.00,100 גרם,false,1,5.90,1.0536,true,1,181879
7290013284143,false,מלפפונים פריניר במלח,פריניר,,מלפפונים פריניר במלח 10-12 560 גר,גרמים,560.00,100 גרם,false,1,7.90,1.4107,true,1,181881
7290013284150,false,מלפפונים פריניר במלח,פריניר,,מלפפונים פריניר במלח 13-17 560 גר,גרמים,560.00,100 גרם,false,1,8.90,1.5893,true,1,181883
7290013284167,false,מלפפונים פריניר במלח,פרי ניר,,מלפפונים פריניר במלח 18-25 560 גר,גרמים,560.00,100 גרם,false,1,9.90,1.7679,true,1,181885
7290013284174,false,מלפפונים פריניר בחומ,פריניר,,מלפפונים פריניר בחומץ 7-9 560 גר,גרמים,560.00,100 גרם,false,1,5.90,1.0536,true,1,181880
7290013284181,false,מלפפונים פריניר בחומ,פריניר,,מלפפונים פריניר בחומץ 10-12 560 גר,גרמים,560.00,100 גרם,false,1,7.90,1.4107,true,1,181882
7290013284310,false,רוטב פסטה לילדים 240 ג' פריניר,פריניר ( הדס 1987) ב,IL,רוטב פסטה פריניר לילדים 240 גר,גרמים,240.00,100 גרם,false,1,5.90,2.4583,true,1,181887
7290013284662,false,רוטב פיצה פיתה לילדים 240 ג' פריניר,פריניר ( הדס 1987) ב,IL,רוטב פיצה פריניר פיתה 240 גר,גרמים,240.00,100 גרם,false,1,5.90,2.4583,true,1,181888
7290013310019,false,קיסמי שיניים רפואיים עם חוט דנטאלי הוסטס,הוסטס,,קסמי שיניים רפואיים,Unknown,0.00,Unknown,false,1,7.90,0.0000,true,1,173596
7290013310101,false,"שיפודי במבוק ג'מבו 50 יח' עובי 5 מ""מ אורך 30 ס""מ",הדקלאים אגודת שיתופי,CN,שיפודי במבוק גימבו 50יח,יחידה,50.00,יחידה,false,1,5.90,0.1180,true,1,178533
7290013310118,false,"ממחטות כיס שישיה תלת שכבתי ""פנטזיה""",V.P.CO,,ממחטות כיס תלת שכבתי פנטזיה שישייה,Unknown,0.00,Unknown,false,1,5.90,0.0000,true,1,181255
7290013310378,false,כפפות ניטריל S כחולות ללא אבקה 80 יח' EASY TOUCH,איזי טאץ' Easy touch,,"כפפות ""איסי טאצ"""" כח",יחידה,80.00,יחידה,false,1,27.90,0.3487,true,1,173598
7290013310385,false,כפפות ניטריל M כחולות ללא אבקה 80 יח' EASY TOUCH,איזי טאץ' Easy touch,,"כפפות ""איסי טאצ"""" כח",יחידה,80.00,יחידה,false,1,27.90,0.3487,true,1,173599
7290013310392,false,כפפות ניטריל L כחולות ללא אבקה 80 יח' EASY TOUCH,איזי טאץ' Easy touch,,L כפפות ניטריל איזי טאצ כחולות 80 יח,Unknown,0.00,Unknown,false,10,27.90,0.0000,true,1,201885
7290013310408,false,כפפות ניטריל XL כחולות ללא אבקה 80 יח' EASY TOUCH,איזי טאץ' Easy touch,,XLכפפות ניטריל איזי טאצ כחולות 80 יח,Unknown,0.00,Unknown,false,1,27.90,0.0000,true,1,201886
7290013310491,false,נייר אפייה נשלף בקופסא 24 יח' הוסטס,יושלם,,נייר אפייה נשלף בקופסא הוסטס 24 יח,Unknown,0.00,Unknown,false,24,8.90,0.0000,true,1,201887
7290013310590,false,מטלית הפלא 30X30 UNISUN חמישיה,יוניסאן,,"מטלית הפלא ""יוניסאן"" חמישייה",Unknown,0.00,Unknown,false,1,11.90,0.0000,true,1,176433
7290013358356,false,מאסטר שף - פירורי לחם מוזהבים 320 גרם,מנה י.א בעמ,IL,"פירורי לחם ""מנה""מוזהבים 350 גר",גרמים,320.00,100 גרם,false,1,6.90,2.1563,true,1,176137
7290013358363,false,פירורי לחם פנקו מזוהבים מאסטר שף מנה 300 ג',קריניציה ויטמינה אס,IL,"פירורי לחם ""מנה"" פנקו מוזהבים 300 גר",גרמים,300.00,100 גרם,false,1,9.90,3.3000,true,1,176138
7290013358417,false,"רוטב טיריאקי מאסטר שף אסייאתי 300 מ""ל",קריניציה ויטמינה אס,TH,רוטב טריאקי מאסטר שף 300מל,מיליליטרים,300.00,"100 מ""ל",false,1,11.90,3.9667,true,1,178943
7290013358431,false,קרוטונים לסלט בתיבול עגבניות ובזיליקום,"עינת תעשיות מזון אג""",IL,קרוטונים מנה לסלט עגבניות בזיליקום 200גר,גרמים,200.00,100 גרם,false,1,11.90,5.9500,true,1,178484
7290013358448,false,"קרוטונים לסלט אקסטרה ארוכים בתיבול שום, בצל ופטרוזיליה",מאסטר שף,IL,קרוטונים מנה לסלט אקסטרא ארוכים 200גר,גרמים,200.00,100 גרם,false,1,11.90,5.9500,true,1,178485
7290013358462,false,"מיני קרוטונים למרק בתיבול שום, בצל ופטרוזיליה","עינת תעשיות מזון, אג",IL,מיני קרוטונים למרק מנה שום בצל 350גר,גרמים,350.00,100 גרם,false,1,18.90,5.4000,true,1,178553
7290013358493,false,"קרם קוקוס מאסטר שף 400 מ""ל",תאי קוקונט פבליק קומ,TH,קרם קוקוס מאסטר שף 400מל,מיליליטרים,400.00,"100 מ""ל",false,1,9.90,2.4750,true,1,178948
7290013358509,false,"מיקסלט גרעינים, קטניות ואגוזים",בטר אנד דיפרנט,IL,חטיפים מיקסלט מאסטר שף 200 גר,גרמים,200.00,100 גרם,false,1,14.90,7.4500,true,1,183966
7290013358530,false,מאסטר שף אסייאתי רוטב צ'ילי מתוק 700 מל,קריניציה ויטמינה אס,TH,רוטב צילי מתוק מאסטר שף 700מל,מיליליטרים,700.00,"100 מ""ל",false,1,12.90,1.8429,true,1,178946
7290013358547,false,מאסטר שף אסייאתי רוטב צ'ילי חריף 700 מל,קי אר אס ספייסי פוד,TH,רוטב צילי חריף מאסטר שף 700מל,מיליליטרים,700.00,"100 מ""ל",false,1,9.80,1.4000,true,1,178947
7290013358578,false,מאסטר שף אטריות אורז רחבות 5 ממ 400גר,ליינג טונג רייס פלוו,TH,אטריות אורז מאסטר שף רחבות 400גר,גרמים,400.00,100 גרם,false,1,9.90,2.4750,true,1,178944
7290013358585,false,נודלס ביצים להקפצה מאסטר שף 400 ג',הנסיך- מפעל לייצור ט,CN,נודלס ביצים מאסטר שף 400גר,גרמים,400.00,100 גרם,false,1,9.90,2.4750,true,1,178945
7290013361981,false,"צ'יפס קפוא פרי הגליל 2 ק""ג","פרי הגליל בע""""מ",IL,"ציפס קייטרינג ק""ג",קילוגרמים,2.00,"ק""ג",false,1,21.90,10.9500,true,1,175782
7290013381187,false,אל סבון אלפא 1 ל,אלפא,,אל סבון אלפא 1 ל,ליטרים,1.00,ליטר,false,1,8.90,8.9000,true,1,183409
7290013381217,false,גפרורים ארוכים,י.ד. יבוא,,גפרון ארוך,Unknown,0.00,Unknown,false,1,7.90,0.0000,true,1,173603
7290013381736,false,מטליות רצפה מיקרו של,"מ.א. בע""מ",,מטליות רצפה מיקרו שלישייה,Unknown,0.00,Unknown,false,1,19.90,0.0000,true,1,180682
7290013389077,false,"עלי טורטיה מקמח חיטה 25ס""מ 8יח' תומר 420 ג'",Azteca foods europe,,טורטיית קמח חיטה 6 יח,גרמים,420.00,100 גרם,false,1,6.90,1.6429,true,1,173609
7290013389084,false,טורטיה קמח תירס 320 ג' תומר,Azteca foods europe,,טורטייה קמח תירס 320 גר,גרמים,320.00,100 גרם,false,1,13.90,4.3438,true,1,173610
7290013389114,false,ניוקי תפוח אדמה 500 ג' לה פסטה,לה פסטה La' Pasta,,"ניוקי תפו""א 500 גר""",גרמים,500.00,100 גרם,false,1,7.90,1.5800,true,1,173611
7290013389145,false,מיני ניוקי 500 ג' לה פסטה,לה פסטה La' Pasta,,"מיני ניוקי 500 גר""",גרמים,500.00,100 גרם,false,1,7.90,1.5800,true,1,173613
7290013389381,false,"קמח תירס פולנטה מולינו 1 ק""ג",פיקטה piccata,,"קמח תירס ""פולנטה"" 1 קג",קילוגרמים,1.00,"ק""ג",false,1,13.90,13.9000,true,1,176713
7290013411013,false,סלט כרוב 1 קג,,,"סלט כרוב 1 ק""ג",קילוגרמים,1.00,"ק""ג",false,1,19.90,19.9000,true,1,180839
7290013411150,false,מלפפון בייבי 1 קג,,,"מלפפון בייבי 1 ק""ג",קילוגרמים,1.00,"ק""ג",false,1,25.90,25.9000,true,1,180836
7290013411204,false,סלט כרוב בולגרי 1 קג,,,"סלט כרוב בולגרי 1 ק""ג",קילוגרמים,1.00,"ק""ג",false,1,24.90,24.9000,true,1,180843
7290013411211,false,עגבניות שרי 1 קג,,,"עגבניות שרי 1 ק""ג",קילוגרמים,1.00,"ק""ג",false,1,25.90,25.9000,true,1,180837
7290013411709,false,מיקס פטריות יער 500,,,מיקס פטריות יער 500 גר,גרמים,500.00,100 גרם,false,1,22.90,4.5800,true,1,206041
7290013412966,false,מגבוני תולי רביעייה*72יח,,,מגבונים לחים תולי 72 יח רביעייה,Unknown,0.00,Unknown,false,1,9.90,0.0000,true,1,185775
7290013451927,false,פריכיות כוסמת ללא תוספת מלח,זן - בר,IL,פריכיות כוסמת ללא מלח 175 גר,גרמים,175.00,100 גרם,false,1,11.90,6.8000,true,1,178450
7290013453075,false,עוגיות שיבולת שועל ט,דני וגלית בעמ,IL,עוגיות שיבולת שועל טחינה סילאן 270 גר,גרמים,270.00,100 גרם,false,1,24.90,9.2222,true,1,193108
7290013453587,false,עוגיות גרנולה שוקוצי,,,עוגיות גרנולה שוקוציפס 230 גר,גרמים,230.00,100 גרם,false,1,24.90,10.8261,true,1,193106
7290013453594,false,עוגיות גרנולה חמוציו,,,עוגיות גרנולה חמוציות וקשיו 230 גר,גרמים,230.00,100 גרם,false,1,24.90,10.8261,true,1,193107
7290013453624,false,עוגיות שוקולדצ'יפס מקמח אורז וקמח שקדים מלא,דני וגלית,,עוגיות קמח שקדים שוקוציפס ללא גלוטן 230,גרמים,230.00,100 גרם,false,1,25.90,11.2609,true,1,193113
7290013472199,false,ערמונים קלוף וקלוי ו.פוד 105 ג',בייג'גג פוינונג,CN,ערמונים קלופים וקלוי 100 גר,גרמים,100.00,100 גרם,false,1,4.90,4.9000,true,1,173616
7290013492005,true,תפוח אדמה למיקרו 700,ביכורי שדה דרום 2002,,תפוח אדמה למיקרו 700 גר,גרמים,700.00,100 גרם,false,1,4.90,0.7000,true,1,189170
7290013531117,false,רוטב פסטה לילדים 240 גרם יכין,"זנלכל בע""מ",IL,"רוטב פסטה לילדים 260 ג""ר",גרמים,240.00,100 גרם,false,1,5.90,2.4583,true,1,176386
7290013531582,false,זיתים מגולענים יכין מארז 3*60 גר',קרלו,IL,זיתים מגולענים יכין 3*200 גר,גרמים,600.00,100 גרם,false,1,13.90,2.3167,true,1,204198
7290013531612,false,רוטב נפוליטנה יכין 240 ג',,,רוטב עגבניות לפסטה נפוליטנה יכין 260 גר,גרמים,240.00,100 גרם,false,1,5.90,2.4583,true,1,184560
7290013531629,false,רוטב פומדורו יכין 240ג,היינץ צפון אמריקה מק,IL,רוטב עגבניות לפסטה פומודורו יכין 260 גר,גרמים,240.00,100 גרם,false,1,5.90,2.4583,true,1,184559
7290013542144,false,כוסות קרטון 4OZ אר50 יח',,,כוסות נייר 4 אוז 50 יח,Unknown,0.00,Unknown,false,1,5.90,0.0000,true,1,204106
7290013542182,false,רדיד אלומיניום קצר ס,,,רדיד אלומיניום קצר סמ מוסדי,Unknown,0.00,Unknown,false,1,13.90,0.0000,true,1,178329
7290013542236,false,כוסות חד פעמי .א'ר 100 יח',,,כוסות חד פעמיות פלסטיק דנטס 100 יח,Unknown,0.00,Unknown,false,1,6.90,0.0000,true,1,204107
7290013542342,false,נייר אפייה ביתי אר 5,,,נייר אפיה ביתי 50 יח,Unknown,0.00,Unknown,false,1,8.90,0.0000,true,1,178349
7290013542557,false,תבניות אלומיניום 10,,,תבניות אלומיניום 10,Unknown,0.00,Unknown,false,1,9.90,0.0000,true,1,178321
7290013542564,false,תבניות אלומיניום 15,,,תבניות אלומיניום 15,Unknown,0.00,Unknown,false,1,9.90,0.0000,true,1,178322
7290013542571,false,תבניות אלומיניום 10,,,תבניות אלומיניום 10,Unknown,0.00,Unknown,false,1,9.90,0.0000,true,1,178324
7290013542595,false,תבניות אלומיניום עגו,,,תבניות אלומיניום עגול 10,Unknown,0.00,Unknown,false,1,9.90,0.0000,true,1,178327
7290013542601,false,תבניות אלומיניום אינ,,,תבניות אלומיניום אינגליש 15,Unknown,0.00,Unknown,false,1,9.90,0.0000,true,1,178326
7290013542632,false,מפת שולחן ראנר מעוצב,,,מפת שולחן ראנר מעוצבת 137,Unknown,0.00,Unknown,false,1,6.90,0.0000,true,1,178336
7290013585387,false,קוקה קולה זירו בקבוק,החברה המרכזית לייצור,IL,קוקה קולה זירו 1ל,ליטרים,1.00,ליטר,false,1,7.50,7.5000,true,1,178797
7290013585394,false,קוקה קולה קלאסי,החברה המרכזית לייצור,IL,קוקה קולה 1ל,ליטרים,1.00,ליטר,false,1,7.50,7.5000,true,1,178796
7290013585967,false,"ספרייט זירו 330 מ""ל מארז שישייה",קוקה קולה,IL,"מארז ספרייט זירו פח 330 מ""ל שישייה",מיליליטרים,1980.00,"100 מ""ל",false,1,23.90,1.2071,true,1,180248
7290013608260,false,פרימור מיץ רימונים 100% סחוט טרי 1ל',"גניר (1992) בע""מ",IL,מיץ פרימור רימונים 1ל,ליטרים,1.00,ליטר,false,1,24.90,24.9000,true,1,177764
7290013675194,false,שניצל מאמא עוף אמיתי,זנטי אס. אי לאלין,IL,שניצל מאמא עוף אמיתי ביתי 700 גר,גרמים,700.00,100 גרם,false,1,39.90,5.7000,true,1,179609
7290013675545,false,שניצל כלי תחבורה מאמא עוף 700 ג',,,שניצל כלי תחבורה מאמא עוף 700 גר,גרמים,700.00,100 גרם,false,1,31.90,4.5571,true,1,185134
7290013675804,false,שניצלונים בטעם טבעות,תנובה גליל שותפות מו,IL,מיני מיני דק טבעות בצל 500 גר,גרמים,500.00,100 גרם,false,14,24.90,4.9800,true,1,194932
7290013675811,false,פסטה א-לה רומא להקפצ,"איי, בי, אינבוו",IL,פסטה א-לה רומא להקפצה מאמא עוף 450 גר,גרמים,450.00,100 גרם,false,1,21.90,4.8667,true,1,191823
7290013675828,false,חגיגה אסייתית עם חזה להקפצה מאמא עוף 450ג',"איי, בי, אינבוו",IL,חגיגה אסייתית להקפצה מאמא עוף 450 גר,גרמים,450.00,100 גרם,false,1,21.90,4.8667,true,1,191822
7290013675835,false,ירוק גלילי עם חזה להקפצה סנפרוסט 450 ג',"סנפרוסט בע""מ",IL,ירוק גלילי להקפצה מאמא עוף 450 גר,גרמים,450.00,100 גרם,false,1,21.90,4.8667,true,1,191821
7290013675965,false,רצועות בטעם טבעות בצ,,,רצועוף בטעם טבעות בצל 500 גר,גרמים,500.00,100 גרם,false,14,24.90,4.9800,true,1,195543
7290013710215,false,"שמן פשתן 250 מ""ל",בטרפלקס,IL,שמן פשתן 250מל,מיליליטרים,250.00,"100 מ""ל",false,1,32.90,13.1600,true,1,178859
7290013710239,false,"שמן שומשום 250 מ""ל",בטרפלקס,IL,שמן שומשום 250מל,מיליליטרים,250.00,"100 מ""ל",false,1,32.90,13.1600,true,1,178860
7290013710307,false,זרעי פשתן 400 גרם,בטרפלקס,IL,זרעי פישתן 400גר,גרמים,400.00,100 גרם,false,1,14.90,3.7250,true,1,178866
7290013710352,false,סובין שיבולת שועל 20,בטרפלקס,IL,סובין שיבולת שועל 200גר,גרמים,200.00,100 גרם,false,1,10.90,5.4500,true,1,178865
7290013713001,false,בירה גמס אמבר אייל ב,"אביר הבר בע""מ",IL,בירה גמס אמבר אייל בק 330 מל,מיליליטרים,330.00,"100 מ""ל",false,1,12.90,3.9091,true,1,195294
7290013720313,false,סורימי שרימפס 200 גר,,,סורימי שרימפס 200 גר,גרמים,200.00,100 גרם,false,1,8.90,4.4500,true,1,183477
7290013720771,false,שרימפס בייבי 500 גר,,,שרימפס בייבי 500גר,גרמים,500.00,100 גרם,false,1,29.90,5.9800,true,1,177722
7290013720801,false,שרימפס מבושל מקולף 800 ג',,,שרימפס מקולף מבשל 1 קג,קילוגרמים,1.00,"ק""ג",false,1,79.90,79.9000,true,1,177805
7290013725646,false,רוטב צילי מתוק סו שף,"דין שיווק וקליה בע""מ",TH,"רוטב צילי מתוק סו שף 700 מ""ל",מיליליטרים,700.00,"100 מ""ל",false,1,11.90,1.7000,true,1,187055
7290013725714,false,רוטב סויה מובחר 623מ''ל,"דין שיווק וקליה בע""מ",,"רוטב סויה בסגנון יפני סו שף 623 מ""ל",מיליליטרים,623.00,"100 מ""ל",false,1,10.90,1.7496,true,1,187049
7290013847102,false,נתחי טונה בהירה בשמן - מארז שלישיה,סטארקיסט Starkist,,שלישיית טונה סטארקיסט 80 גר,גרמים,240.00,100 גרם,false,1,12.90,5.3750,true,1,208993
7290013847454,false,טונה בשמן קנולה סטארקיסט 4*160 ג',קריות זול,,רביעיית טונה סטארקיס בשמן קנולה 160 גר,גרמים,640.00,100 גרם,false,1,24.90,3.8906,true,1,198256
7290013847867,false,מארז זוג טונה בשמן סויה 140 ג' סטארקיסט,טונה ויטנאם קו. אל.ט,IL,זוג טונה סטארקיסט 140 גר,גרמים,280.00,100 גרם,false,1,12.90,4.6071,true,1,208992
7290013848017,false,תרסיס ניקוי והברקת נירוסטה,"סנו מפעלי ברונוס בע""",IL,"מסיר כתמים סנו נירוסטה 500 מ""ל",מיליליטרים,500.00,"100 מ""ל",false,1,19.90,3.9800,true,1,185420
7290013848758,false,סנו - מקסימה ג'ל כביסה מרוכז בייבי 3 ליטר,"סנו מפעלי ברונוס בע""",IL,"ג""ל כביסה ""סנו מקסימה"" מרוכז בייבי סנסיט",ליטרים,3.00,ליטר,false,1,29.90,9.9667,true,1,177082
7290013883407,false,"מרסס דזיטול לחיטוי כללי 750 מ""ל",יעקבי - דזיטול Desytol,ES,"חיטוי כללי מרסס דזיטול 750 מ""ל",מיליליטרים,750.00,"100 מ""ל",false,1,14.90,1.9867,true,1,182053
7290013906052,false,נקניקיות פרגיות טירת צבי 300 גר',הנסיך- מפעל לייצור ט,IL,נקניקיות פרגיות 300 גר,גרמים,300.00,100 גרם,false,1,12.90,4.3000,true,1,176425
7290013906212,false,"נקנקיות וינר טירת 1 ק""ג טירת צבי",הנסיך- מפעל לייצור ט,IL,נקניקיות וינר 1 קג,קילוגרמים,1.00,"ק""ג",false,1,24.90,24.9000,true,1,176630
7290013906229,false,נקניק הודו טירת צבי 750 ג',,,נקניק הודו טירת צבי 750 גר,גרמים,750.00,100 גרם,false,1,22.90,3.0533,true,1,176741
7290013906441,false,קבנוס טירת צבי 120גר,הנסיך- מפעל לייצור ט,IL,"קבנוס ""טירת צבי"" 120 גר",גרמים,120.00,100 גרם,false,1,11.90,9.9167,true,1,177207
7290013906687,false,פסט' צמד כפרית ברביקיו ודבש 300X2ג' טירת צבי,הנסיך- מפעל לייצור ט,IL,נקניק צמד כפרית ברביקיו דבש 600 גר,גרמים,600.00,100 גרם,false,1,25.90,4.3167,true,1,180757
7290013906694,false,נקניקיות שקית קילו וחצי טירת צבי,הנסיך- מפעל לייצור ט,IL,נקניקיות עוף 1.5 קג,קילוגרמים,1.50,"ק""ג",false,1,35.90,23.9333,true,1,202791
7290014002197,false,ויסוצקי חליטת קמומיל ולימונית 25*1.5ג,ויסוצקי,IL,"חליטות תה ""גן הקסום"" קמומיל ולימונית 25",גרמים,38.00,100 גרם,false,1,17.90,47.1053,true,1,176140
7290014002944,false,גן קסום חליטת פירות וצמחים חמדת שקד 25 שקיקים,HIQ FOOD PRODUCTS,IL,תה גן קסום חליטת פירות וצמחים 25שק,גרמים,58.00,100 גרם,false,1,17.90,30.8621,true,1,177960
7290014002982,false,תה ירוק לימונית לואיזה בתוספת עלי סטיביה 25 שקיקים,ויסוצקי ירוק,IL,תה ירוק ויסוצקי לימונית לואיזה עלי סטיבי,יחידה,1.00,יחידה,false,1,24.90,24.9000,true,1,177501
7290014059436,false,"סנסודיין משחת שיניים לשיקום והגנה מלבינה 75 מ""ל",סמית קליין ביצ'ם,GB,משחת שיניים סנסודיין שיקום והגנה 75 מל,מיליליטרים,75.00,"100 מ""ל",false,1,22.90,30.5333,true,1,181926
7290014066366,false,לנדוור-קפסולות אספרסו ריסטרטו(08) - 10יח'12X יח,קפה לנדוור,IL,קפסולות קפה לנדוור אספרסו ריסטרטו 10 יח,Unknown,0.00,Unknown,false,12,16.90,0.0000,true,1,191898
7290014066373,false,לנדוור-קפסולות אספרסו קלאסיק(09) - 10יח'12X יח,קפה לנדוור,IL,קפסולות קפה לנדוור אספרסו קלאסיק 10 יח,Unknown,0.00,Unknown,false,12,16.90,0.0000,true,1,191896
7290014066441,false,לנדוור-קפסולות אספרסו נטול קפאין(07) - 10יח'12X יח,קפה לנדוור,IL,קפסולות קפה לנדוור אספרסו נטול קפאין 10,Unknown,0.00,Unknown,false,12,16.90,0.0000,true,1,191893
7290014066526,false,לנדוור-קפסולות אספרסו תערובת הבית(11) - 10יח'12X יח,קפה לנדוור,IL,קפסולות קפה לנדוור אספרסו תערובת בית 10,Unknown,0.00,Unknown,false,12,16.90,0.0000,true,1,191899
7290014066533,false,לנדוור-קפסולות אספרסו קלייה כפולה(12) - 10יח'12X יח,לנדוור,IL,קפסולות קפה לנדוור אספרסו קלייה כפולה 10,Unknown,0.00,Unknown,false,12,16.90,0.0000,true,1,191897
7290014079014,false,לבבות קיסר ארוז נספק,"מרינה פטריות הגליל בע""מ",IL,לבבות קיסר,יחידה,1.00,יחידה,false,1,8.90,8.9000,true,1,175865
7290014079267,false,מלפפון בייבי 500 גר,מרינה פטריות הגליל,,מלפפון בייבי,גרמים,500.00,100 גרם,false,1,7.90,1.5800,true,1,176874
7290014079847,false,צמד פטריות בייבי בלה,"מרינה פטריות הגליל בע""מ",IL,צמד בייבי בלה,Unknown,0.00,Unknown,false,1,15.50,0.0000,true,1,180128
7290014079854,false,זוג לבבות חסה ארץ הג,"מרינה פטריות הגליל בע""מ",IL,לבבות חסה ארץ הגליל,Unknown,0.00,Unknown,false,1,7.90,0.0000,true,1,180129
7290014094260,false,שיני שום קלוף קמעונאי,"מרינה פטריות הגליל בע""מ",IL,שיני שום קלופים 170 גר,גרמים,170.00,100 גרם,false,1,11.90,7.0000,true,1,184030
7290014094338,false,גרעיני דלעת קלופים ש,"דין שיווק וקליה בע""מ",,גרעיני דלעת קלופים ששון הקולה 200 גר,גרמים,200.00,100 גרם,false,1,12.90,6.4500,true,1,186986
7290014094352,false,אגוזי מלך בקופסא 200 ג',"דין שיווק וקליה בע""מ",,אגוז מלך טבעי ששון הקולה 200 גר,גרמים,200.00,100 גרם,false,1,14.90,7.4500,true,1,186960
7290014094369,false,ששון הקולה שקד טבעי,"דין שיווק וקליה בע""מ",IL,שקד טבעי קופסא 200 גר,גרמים,200.00,100 גרם,false,1,19.90,9.9500,true,1,201939
7290014094376,false,שזיפים ללא גלעין ששו,"דין שיווק וקליה בע""מ",,שזיפים ללא גלעין ששון הקולה 330 גר,גרמים,250.00,100 גרם,false,1,17.90,7.1600,true,1,187059
7290014094383,false,משמש מיובש ששון הקול,"דין שיווק וקליה בע""מ",,משמש מיובש ששון הקולה 330 גר,גרמים,250.00,100 גרם,false,1,17.90,7.1600,true,1,187018
7290014094406,false,צימוק לבן 330 ג' בקופסא,"דין שיווק וקליה בע""מ",,צימוק בהיר ששון הקולה 250 גר,גרמים,250.00,100 גרם,false,1,14.90,5.9600,true,1,187035
7290014094475,false,רוטב צילי מתוק אהרונ,,,"רוטב צילי מתוק אהרוני 700 מ""ל",מיליליטרים,700.00,"100 מ""ל",false,1,13.90,1.9857,true,1,189677
7290014094512,false,"רוטב טריאקי 300 מ""ל אהרוני",,,"רוטב טריאקי אהרוני 300 מ""ל",מיליליטרים,300.00,"100 מ""ל",false,1,10.90,3.6333,true,1,187987
7290014094529,false,"רוטב סויה 300 מ""ל אהרוני",דין שיווק,,"רוטב סויה אהרוני 300 מ""ל",מיליליטרים,300.00,"100 מ""ל",false,1,10.90,3.6333,true,1,187986
7290014094628,false,פקאן טבעי 200 ג' בקופסא,ששון הקולה,,פקאן טבעי 200 גר קופסא,גרמים,200.00,100 גרם,false,1,24.90,12.4500,true,1,191105
7290014094635,false,אגוזי ברזיל טבעי בדץ,,,"אגוזי ברזיל טבעי בד""ץ ששון הקולה 200 גר",גרמים,200.00,100 גרם,false,1,34.90,17.4500,true,1,186961
7290014094642,false,קשיו טבעי גדול בקופס,"דין שיווק וקליה בע""מ",,אגוזי קשיו טבעי ששון הקולה 200 גר,גרמים,200.00,100 גרם,false,1,24.90,12.4500,true,1,186964
7290014094796,false,משמש מיובש ששון הקול,"דין שיווק וקליה בע""מ",,משמש מיובש ששון הקולה 300 גר,גרמים,300.00,100 גרם,false,1,17.90,5.9667,true,1,187019
7290014094826,false,שזיפים מיובשים מגולע,"דין שיווק וקליה בע""מ",,שזיפים מיובשים מגולענים ששון הקולה 300 ג,גרמים,300.00,100 גרם,false,1,14.90,4.9667,true,1,187060
7290014094833,false,צימוקים בהירים ששון,"דין שיווק וקליה בע""מ",,צימוקים בהירים ששון הקולה 300 גר,גרמים,300.00,100 גרם,false,1,11.90,3.9667,true,1,187037
7290014094840,false,צימוקים כהים ששון הק,"דין שיווק וקליה בע""מ",,צימוקים כהים ששון הקולה 300 גר,גרמים,300.00,100 גרם,false,1,10.90,3.6333,true,1,187039
7290014094895,false,אגוזים קלופים ששון הקולה 150 ג',,,אגוזי מלך קלופים טבעי ששון הקולה 150 גר,גרמים,150.00,100 גרם,false,1,9.90,6.6000,true,1,186963
7290014095861,false,שיבולת שועל דקה להכנה מהירה,"דין שיווק וקליה בע""מ",IL,שיבולת שועל שקדיה דקה 500 גר,גרמים,500.00,100 גרם,false,1,3.90,0.7800,true,1,181889
7290014095960,false,שיבולת שועל עבה להכנה מהירה,"דין שיווק וקליה בע""מ",IL,שיבולת שועל שקדיה עבה 500 גר,גרמים,500.00,100 גרם,false,1,3.90,0.7800,true,1,181890
7290014218321,false,בורקס אישי גבינה מעדנות 600 ג',מיוצר עי קונדיטוריית,IL,בורקס אישי מעדנות גבינה 600 גר,גרמים,600.00,100 גרם,false,1,17.90,2.9833,true,1,179934
7290014218932,false,חטיפי פיצה בתוספת זיתים 710 ג' מעדנות,מיוצר עי קונדיטוריית,IL,חטיפי פיצה בתוספת זיתים 710 גר,גרמים,710.00,100 גרם,false,1,29.90,4.2113,true,1,188997
7290014256637,false,יין לבן מתוק מבעבע Buzz מוסקטו,יקבי כרמל Carmel Winery,IL,יין בוז מוסקטו 750מל,מיליליטרים,750.00,"100 מ""ל",false,1,29.90,3.9867,true,1,178418
7290014318137,false,עגבניות מיובשות בשמן 285 ג' (12),,,עגבניות מיובשות בשמן 285 גר,גרמים,285.00,100 גרם,false,1,19.90,6.9825,true,1,181680
7290014318281,false,מחית פטריות כמהין 5%,,,מחית פטריות כמהין 5% 90 גר,גרמים,90.00,100 גרם,false,1,44.90,49.8889,true,1,181764
7290014318311,false,מארז שלישיית עגבניות חתוכות דק במיץ עגבניות Rosso,,,עגבניות פולפה 400 גר שלישייה,גרמים,1200.00,100 גרם,false,1,16.90,1.4083,true,1,181681
7290014318441,false,מחית עגבניות חלקה 680 ג',,,עגבניות פאסאטא 680 גר,גרמים,680.00,100 גרם,false,1,12.90,1.8971,true,1,181781
7290014318663,false,חומץ תפוחים אורגני 7,,,"חומץ תפוחים אורגני 750 מ""ל",מיליליטרים,750.00,"100 מ""ל",false,1,17.90,2.3867,true,1,185162
7290014318861,false,קרם קוקוס אורגנני 18,,,"קרם קוקוס אורגני 18% 250 מ""ל",מיליליטרים,250.00,"100 מ""ל",false,1,10.90,4.3600,true,1,189871
7290014397279,false,שקיות מזון נשלפות XL גדולות במיוחד,אשפלסט תעשיות,IL,"שקיות מזון ""סנו סושי"" גדולות במיוחד 300",Unknown,0.00,Unknown,false,1,11.90,0.0000,true,1,176383
7290014397675,false,סנו מקסימה מרכך כביסה חלב ודבש 4 ל',סנו,IL,מרכך כביסה סנו מקסימה קייר 4 ל,ליטרים,4.00,ליטר,false,1,21.90,5.4750,true,1,176541
7290014397781,false,סנו ריצפז פרש הום 2 ליטר בניחוח סבון,סנו פרש Fresh,IL,"נוזל לניקוי רצפות ""סנו ריצפז פרש הום"" 2ל",ליטרים,2.00,ליטר,false,1,19.90,9.9500,true,1,176890
7290014397835,false,סנו - מט דוחה יתושים נוזלי מכשיר + מילוי 45 לילות,זובאלה,IT,מכשיר סנומט סמרט דוחה יתושים נוזלי 45 לי,יחידה,1.00,יחידה,false,1,34.90,34.9000,true,1,177547
7290014397873,false,מרכך כביסה בבישום עוצמתי ג'נטל בריז,סנו מקסימה,IL,מרכך כביסה סנו מקסימה GENTLE BREEZE,ליטרים,4.00,ליטר,false,6,21.90,5.4750,true,1,189884
7290014440494,false,יין מדבר 22 רוזה 750,,,יין מדבר 22 רוזה 750 מל,מיליליטרים,750.00,"100 מ""ל",false,1,39.90,5.3200,true,1,203448
7290014455245,false,גבינת גרנה פדנו משולש 29% 200 גרם בית יוסף,מחלבת סוציאלה מנטובה,IT,גבינה גרנה פדנו משולש 200 גר,גרמים,200.00,100 גרם,false,1,24.90,12.4500,true,1,179686
7290014455252,false,גבינה קשה מגורדת גרנה פדנו 29% שומן,מחלבות גד שיווק 1992,IT,גבינה גרנה פדנו מגורד 100 גר,גרמים,100.00,100 גרם,false,1,12.90,12.9000,true,1,179687
7290014455320,false,גבינה כדורי מוצרלה פרסקה גד 100ג',מחלבות גד בעמ,IL,גבינת מוצרלה כדור 100גר,גרמים,100.00,100 גרם,false,1,9.90,9.9000,true,1,178881
7290014455467,true,מעדן שיבולת שועל וחל,מחלבות גד שיווק 1992,,מעדן שיבולת שועל וחלב 2% 150 גר,גרמים,150.00,100 גרם,false,1,5.90,3.9333,true,1,179801
7290014455627,false,יוגורט עיזים עם דובדבן אמרנה,מיוצר עי קוד יצרן MK,IL,יוגורט עיזים עם דובדבן 125 גר,גרמים,125.00,100 גרם,false,1,5.90,4.7200,true,1,180848
7290014466463,false,"יין הר חרמון מסקטו עברית 750 מ""ל",יקב רמת הגולן,IL,"יין ""הר חרמון"" מוסקטו",Unknown,0.00,Unknown,false,1,32.90,0.0000,true,1,177117
7290014466609,false,יין גמלא מרלו 2012 750 מ,יקב רמת הגולן,IL,"יין מרלו גמלא 12 750 מ""ל",מיליליטרים,750.00,"100 מ""ל",false,1,59.90,7.9867,true,1,179897
7290014466890,false,"יין גמלא השמורה קרבנה מרלו 750מ""ל",,,"יין גמלא השמורה קברנה מרלו 750 מ""ל",מיליליטרים,750.00,"100 מ""ל",false,12,59.90,7.9867,true,1,191724
7290014472235,false,פקאן סיני מסוכר בקופ,ששון הקולה,,פקאן סיני 200 גר קופסא,גרמים,200.00,100 גרם,false,1,24.90,12.4500,true,1,191106
7290014472426,false,קונפיטורה דובדבן חמוץ 450 ג' שקדיה,"דין שיווק וקליה בע""מ",IL,קונפיטורה דובדבן חמוץ 70% פרי 450 גר,גרמים,450.00,100 גרם,false,1,11.90,2.6444,true,1,187042
7290014472433,false,קונפיטורה תות שדה 450 ג' שקדיה,"דין שיווק וקליה בע""מ",IL,קונפיטורה תות שדה 70% פרי שקדיה 450 גר,גרמים,450.00,100 גרם,false,1,11.90,2.6444,true,1,187046
7290014472440,false,קונפיטורה שקדיה תפוז 450 ג',"דין שיווק וקליה בע""מ",IL,קונפיטורה תפוז 70% פרי שקדיה 450 גר,גרמים,450.00,100 גרם,false,1,11.90,2.6444,true,1,187047
7290014472464,false,קונפיטורה משמש 450גר,"דין שיווק וקליה בע""מ",IL,קונפיטורה משמש 70% פרי שקדיה 450 גר,גרמים,450.00,100 גרם,false,1,11.90,2.6444,true,1,187043
7290014472990,false,ממרח 100% שקדים שקדיה 300 ג',דין שיווק,IL,ממרח שקדים 100% 300 גר,גרמים,300.00,100 גרם,false,1,34.90,11.6333,true,1,187984
7290014503144,false,יין דלתון יובלים לבן,"איי, בי, אינבוו",IL,כנען לבן-דלתון 2015,מיליליטרים,750.00,"100 מ""ל",false,1,39.90,5.3200,true,1,181477
7290014525009,false,חטיף סלים פרוט Slim fruit בטעם יוגורט ובמילוי תפוח,סלים דליס Slim Delis,ES,חטיף מרבה סלים פרוט יוגורט ותפוח,גרמים,182.00,100 גרם,false,1,11.90,6.5385,true,1,178557
7290014525016,false,חטיף סלים פרוט Slim fruit בטעם יוגורט ובמילוי תות שדה,סלים דליס Slim Delis,ES,חטיף מרבה סלים פרוט יוגורט ותות,גרמים,182.00,100 גרם,false,1,11.90,6.5385,true,1,178559
7290014525023,false,מרבה סלים פרוט בטעם יוגורט ופירות יער,סלים דליס Slim Delis,ES,חטיף מרבה סלים פרוט פירוט יער,גרמים,215.00,100 גרם,false,1,11.90,5.5349,true,1,178558
7290014525177,false,חטיף סלים פרוט Slim fruit בטעם יוגורט ופירות יער,סלים דליס Slim Delis,ES,חטיף מרבה סלים פרוט יוגורט ופירות יער,גרמים,180.00,100 גרם,false,1,11.90,6.6111,true,1,178561
7290014525290,false,חטיף קריספי עם מילוי בטעם תות שדה,סלים דליס Slim Delis,NL,חטיף מרבה סלים דליס קריספי תות 125 גר,גרמים,125.00,100 גרם,false,1,11.90,9.5200,true,1,180251
7290014525306,false,מרבה סלים דליס קריספי אוכמניות 125 גר,סלים דליס Slim Delis,NL,חטיף מרבה סלים דליס קריספי אוכמניות,גרמים,125.00,100 גרם,false,1,11.90,9.5200,true,1,180252
7290014525313,false,מרבה סלים דליס קריספי שוקולד 125 גר,סלים דליס Slim Delis,NL,חטיף מרבה סלים דליס קריספי שוקולד 125 גר,גרמים,125.00,100 גרם,false,1,11.90,9.5200,true,1,180253
7290014525665,false,מרבה על חלל עוגיות קקאו וסוכריות שוק חלב 140 יח',"מרבה בע""מ",NL,מרבה על חלל עוגיות קקאו וסוכריות שוק חלב,Unknown,0.00,Unknown,false,1,9.90,0.0000,true,1,196747
7290014525672,false,מרבה על חלל עוגיות עם סוכריות שוקולד 140 יח',"מרבה בע""מ",NL,מרבה על חלל עוגיות עם סוכריות שוק חלב,Unknown,0.00,Unknown,false,1,9.90,0.0000,true,1,196748
7290014534650,false,פסטה 55 צינור 400 ג' לה פסטה,,,ספגטי לה פסטה צינור 400גר,גרמים,400.00,100 גרם,false,1,3.90,0.9750,true,1,178153
7290014534667,false,פסטה קונכיה 53 400 ג' לה פסטה,,,ספגטי לה פסטה קונכיה 400גר,גרמים,400.00,100 גרם,false,1,3.90,0.9750,true,1,178150
7290014534674,false,ספגטי לה פסטה פרפר 4,,,ספגטי לה פסטה פרפר 400גר,גרמים,400.00,100 גרם,false,1,3.90,0.9750,true,1,178154
7290014534681,false,פסטה בורג 64 400 ג' לה פסטה,,,ספגטי לה פסטה בורג 400גר,גרמים,400.00,100 גרם,false,1,3.90,0.9750,true,1,178152
7290014534698,false,פסטה תלתל 65 400 ג' לה פסטה,,,ספגטי לה פסטה תלתל 400גר,גרמים,400.00,100 גרם,false,1,3.90,0.9750,true,1,178151
7290014534704,false,פסטה 25 אטריות מרק 400 ג' לה פסטה,,,ספגטי לה פסטה אטריות מרק 400גר,גרמים,400.00,100 גרם,false,1,3.90,0.9750,true,1,178155
7290014692541,false,גבינת מגורדת 500ג' GOLDEN,ג.וילי פוד אינטרנשיו,IL,אמה מגורדת 500 גר,גרמים,500.00,100 גרם,false,1,21.90,4.3800,true,1,176776
7290014692565,false,וילי פוד גרעיני תירס 320 גרם,אקו קונסרויפרי קי.אפ,HU,גרעיני תירס מתוק 320 גר,גרמים,320.00,100 גרם,false,1,5.90,1.8438,true,1,176745
7290014692749,false,שמן זית כתית מעולה ק,אסטיאס בורגס,,"שמן זית כתית מעולה ""קוסטה דורו"" 750 מ""ל",מיליליטרים,750.00,"100 מ""ל",false,1,29.90,3.9867,true,1,177123
7290014693012,false,סודה לשתייה 1 קג,לוקס פרודקטס,,"סודה לשתייה 1 ק""ג",קילוגרמים,1.00,"ק""ג",false,1,10.90,10.9000,true,1,179175
7290014693050,false,סודה לשתייה 80 גר,לוקס פרודקטס,,סודה לשתייה 80 גר,גרמים,80.00,100 גרם,false,1,2.90,3.6250,true,1,179197
7290014693104,false,פירורי לחם 200 גר,,,פירורי לחם 200 גר,גרמים,200.00,100 גרם,false,1,4.90,2.4500,true,1,179178
7290014693111,false,פירורי לחם בתיבול קב,לוקס פרודקטס,,פירורי לחם בתיבול קבקזי 350 גר,גרמים,350.00,100 גרם,false,1,12.90,3.6857,true,1,179179
7290014693135,false,פירורי לחם עשבי תיבו,לוקס פרודקטס,,פירורי לחם עשבי תיבול 350 גר,גרמים,350.00,100 גרם,false,1,12.90,3.6857,true,1,179181
7290014693210,false,עלי דפנה 10 גר,,,עלי דפנה 10 גר,גרמים,10.00,100 גרם,false,1,2.90,29.0000,true,1,179295
7290014693227,false,פלפל שחור שלם 10 גר,,,פלפל שחור שלם 10 גר,גרמים,10.00,100 גרם,false,1,2.90,29.0000,true,1,179296
7290014693241,false,פפריקה מתוקה 20 גר,לוקס פרודקטס,,פפריקה מתוקה 20 גר,גרמים,20.00,100 גרם,false,1,2.90,14.5000,true,1,179219
7290014693258,false,קינמון 20 גר,לוקס פרודקטס,,קינמון 20 גר,גרמים,20.00,100 גרם,false,1,2.90,14.5000,true,1,179220
7290014693265,false,כמון 20 גר,לוקס פרודקטס,,כמון 20 גר,גרמים,20.00,100 גרם,false,1,2.90,14.5000,true,1,179221
7290014693272,false,קארי 30 גר,לוקס פרודקטס,,קארי 30 גר,גרמים,30.00,100 גרם,false,1,2.90,9.6667,true,1,179222
7290014693289,false,תבלין קבקזי 30 גר,לוקס פרודקטס,,תבלין קבקזי 30 גר,גרמים,30.00,100 גרם,false,1,2.90,9.6667,true,1,179223
7290014693296,false,טימין 20 גר,לוקס פרודקטס,,טימין 20 גר,גרמים,20.00,100 גרם,false,1,2.90,14.5000,true,1,179224
7290014693302,false,תערובת פלפלים 30 גר,,,תערובת פלפלים 30 גר,גרמים,30.00,100 גרם,false,1,2.90,9.6667,true,1,179297
7290014693319,false,תבלין אוניברסלי 30 ג,לוקס פרודקטס,,תבלין אוניברסלי 30 גר,גרמים,30.00,100 גרם,false,1,2.90,9.6667,true,1,179225
7290014693326,false,פלפל שחור טחון 20 גר,,,פלפל שחור טחון 20 גר,גרמים,20.00,100 גרם,false,1,2.90,14.5000,true,1,179298
7290014693333,false,תבלין לעוף 30 גר,לוקס פרודקטס,,תבלין לעוף 30 גר,גרמים,30.00,100 גרם,false,1,2.90,9.6667,true,1,179226
7290014693340,false,תבלין לכרעיים 30 גר,לוקס פרודקטס,,תבלין לכרעיים 30 גר,גרמים,30.00,100 גרם,false,1,2.90,9.6667,true,1,179227
7290014693364,false,תבלין לבשר בקר 30 גר,לוקס פרודקטס,,תבלין לבשר בקר 30 גר,גרמים,30.00,100 גרם,false,1,2.90,9.6667,true,1,179229
7290014693371,false,תבלין לשישליק 30 גר,לוקס פרודקטס,,תבלין לשישליק 30 גר,גרמים,30.00,100 גרם,false,1,2.90,9.6667,true,1,179230
7290014693388,false,תבלין לפלוב 30 גר,לוקס פרודקטס,,תבלין לפלוב 30 גר,גרמים,30.00,100 גרם,false,1,2.90,9.6667,true,1,179231
7290014693395,false,תבלין לבשר לבן 30 גר,לוקס פרודקטס,,תבלין לבשר לבן 30 גר,גרמים,30.00,100 גרם,false,1,2.90,9.6667,true,1,179232
7290014693401,false,תבלין לדג 30 גר,לוקס פרודקטס,,תבלין לדג 30 גר,גרמים,30.00,100 גרם,false,1,2.90,9.6667,true,1,179198
7290014693418,false,תבלין חמלי סונלי 30,לוקס פרודקטס,,תבלין חמלי סונלי 30 גר,גרמים,30.00,100 גרם,false,1,2.90,9.6667,true,1,179199
7290014693425,false,תבלין לגולש 30 גר,לוקס פרודקטס,,תבלין לגולש 30 גר,גרמים,30.00,100 גרם,false,1,2.90,9.6667,true,1,179200
7290014693456,false,תבלין לבשר 30 גר,לוקס פרודקטס,,תבלין לבשר 30 גר,גרמים,30.00,100 גרם,false,1,2.90,9.6667,true,1,179203
7290014693470,false,תבלין לסטייק 30 גר,לוקס פרודקטס,,תבלין לסטייק 30 גר,גרמים,30.00,100 גרם,false,1,2.90,9.6667,true,1,179204
7290014693487,false,תערובת 14 ירקות 30 ג,לוקס פרודקטס,,תערובת 14 ירקות 30 גר,גרמים,30.00,100 גרם,false,1,2.90,9.6667,true,1,179205
7290014693517,true,תבלין לפלוב 100 גר,,,תבלין לפלוב 100 גר,גרמים,100.00,100 גרם,false,1,10.90,10.9000,true,1,179350
7290014693586,false,תבלין לעוף 100 גר,לוקס פרודקטס,,תבלין לעוף 100 גר,גרמים,100.00,100 גרם,false,1,10.90,10.9000,true,1,179241
7290014693630,false,פלפל לבן טחון 100 גר,לוקס פרודקטס,,פלפל לבן טחון 100 גר,גרמים,100.00,100 גרם,false,1,10.90,10.9000,true,1,179246
7290014693654,false,פפריקה מתוקה 100 גר,לוקס פרודקטס,,פפריקה מתוקה 100 גר,גרמים,100.00,100 גרם,false,1,10.90,10.9000,true,1,179247
7290014693661,false,פפריקה חריפה 100 גר,לוקס פרודקטס,,פפריקה חריפה 100 גר,גרמים,100.00,100 גרם,false,1,10.90,10.9000,true,1,179248
7290014693678,false,קינמון 100 גר,לוקס פרודקטס,,קינמון 100 גר,גרמים,100.00,100 גרם,false,1,10.90,10.9000,true,1,179249
7290014693685,false,בזיליקום 35 גר,לוקס פרודקטס,,בזיליקום 35 גר,גרמים,35.00,100 גרם,false,1,10.90,31.1429,true,1,179250
7290014693692,false,אורגנו 55 גר,לוקס פרודקטס,,אורגנו 55 גר,גרמים,55.00,100 גרם,false,1,10.90,19.8182,true,1,179251
7290014693708,false,רוזמרין 45 גר,לוקס פרודקטס,,רוזמרין 45 גר,גרמים,45.00,100 גרם,false,1,10.90,24.2222,true,1,179252
7290014693715,false,טימין 40 גר,לוקס פרודקטס,,טימין 40 גר,גרמים,40.00,100 גרם,false,1,10.90,27.2500,true,1,179253
7290014693722,false,פטרוזיליה 25 גר,לוקס פרודקטס,,פטרוזיליה 25 גר,גרמים,25.00,100 גרם,false,1,10.90,43.6000,true,1,179254
7290014693739,false,כמון 100 גר,לוקס פרודקטס,,כמון 100 גר,גרמים,100.00,100 גרם,false,1,10.90,10.9000,true,1,179255
7290014693746,false,כמון טחון 100 גר,לוקס פרודקטס,,כמון טחון 100 גר,גרמים,100.00,100 גרם,false,1,10.90,10.9000,true,1,179256
7290014693760,false,מלח לימון 200 גר,לוקס פרודקטס,,מלח לימון 200 גר,גרמים,200.00,100 גרם,false,1,10.90,5.4500,true,1,179258
7290014693777,false,כורכום 100 גר,לוקס פרודקטס,,כורכום 100 גר,גרמים,100.00,100 גרם,false,1,10.90,10.9000,true,1,179259
7290014693791,false,קארי 100 גר,לוקס פרודקטס,,קארי 100 גר,גרמים,100.00,100 גרם,false,1,10.90,10.9000,true,1,179260
7290014693821,false,סובין שיבולת שועל 20,לוקס פרודקטס,,סובין שיבולת שועל 200 גר,גרמים,200.00,100 גרם,false,1,11.90,5.9500,true,1,179183
7290014693845,false,מלח ים בינוני 400 גר,לוקס פרודקטס,,מלח ים בינוני 400 גר,גרמים,400.00,100 גרם,false,1,5.90,1.4750,true,1,179191
7290014693883,false,מלח ים מעושר ביוד400,לוקס פרודקטס,,מלח ים מעושר ביוד400 גר,גרמים,400.00,100 גרם,false,1,5.90,1.4750,true,1,179194
7290014693890,false,שום גבישי 100 גר,לוקס פרודקטס,,שום גבישי 100 גר,גרמים,100.00,100 גרם,false,1,10.90,10.9000,true,1,179261
7290014693906,false,כוסברה טחון 100 גר,לוקס פרודקטס,,כוסברה טחון 100 גר,גרמים,100.00,100 גרם,false,1,10.90,10.9000,true,1,179262
7290014693920,false,זנגביל טחון 100 גר,לוקס פרודקטס,,זנגביל טחון 100 גר,גרמים,100.00,100 גרם,false,1,10.90,10.9000,true,1,179264
7290014693951,false,זעתר 100 גר,לוקס פרודקטס,,זעתר 100 גר,גרמים,100.00,100 גרם,false,1,10.90,10.9000,true,1,179267
7290014717848,false,יין פלטר סוביניון בל,,,"יין פלטר סוביניון בלאן 2016 750 מ""ל",מיליליטרים,750.00,"100 מ""ל",false,1,77.90,10.3867,true,1,184739
7290014717855,false,יין פלטר שרדונה 2016,,,"יין פלטר שרדונה 2016 750 מ""ל",מיליליטרים,750.00,"100 מ""ל",false,1,79.90,10.6533,true,1,184740
7290014748651,false,דג טוב פילה אמנון מצופה נתחי שלם 360גר,מוצרי עוף טוב (2001),IL,פילה אמנון נתח שלם 360 גר,גרמים,360.00,100 גרם,false,8,34.90,9.6944,true,1,187826
7290014748958,false,דג טוב פופקורן מיני אמנון ציפס נ.שלם 400גר,מולינו ניקולי s.p.a,IL,דג מיני אמנון ציפס נתח שלם 400 גר,גרמים,400.00,100 גרם,false,8,34.90,8.7250,true,1,187825
7290014749245,false,ספיישל רצועות שניצל שומשום עוף טוב 600 גרם,מוצרי עוף טוב (2001),IL,עוף טוב ספיישל רצועות שניצל שומשום 600 ג,גרמים,600.00,100 גרם,false,1,36.90,6.1500,true,1,191026
7290014749764,false,עוף טוב שניצל עוף ביתי עדין 700,מוצרי עוף טוב (2001),IL,שניצל עוף ביתי עדין עוף טוב 700 גר,גרמים,700.00,100 גרם,false,12,39.90,5.7000,true,1,192152
7290014749801,false,עוף טוב צונגו רצועות,מולינו ניקולי s.p.a,IL,עוף טוב צונגו רצועות צילי חריף מתוק 600,גרמים,600.00,100 גרם,false,12,36.90,6.1500,true,1,192151
7290014749887,false,עוף טוב שניצל עוף דק ענק קריספי קלאסי,מולינו ניקולי s.p.a,IL,שניצל דק ענק קריספי קלאסי עוף טוב 720 גר,גרמים,720.00,100 גרם,false,10,34.90,4.8472,true,1,196852
7290014758100,false,מאגדת יוגורט ביו 3% שומן 8 יח' *150ג' תנובה,מיוצר עי קונדיטוריית,IL,מאגדת שמיניית יוגורט ביו 3% תנובה,גרמים,1200.00,100 גרם,false,1,16.90,1.4083,true,1,176451
7290014758117,false,מאגדת יוגורט ביו 1.5% שומן 8 יח' *150 ג' תנובה,מיוצר עי קונדיטוריית,IL,מאגדת יוגורט*8 1.5% BIO,גרמים,1200.00,100 גרם,false,1,16.90,1.4083,true,1,176450
7290014758681,false,קוטג' תנובה 1% גביע 250 ג',מיוצר עי קונדיטוריית,IL,קוטגי 1% בגביע 250 גרי,גרמים,250.00,100 גרם,false,1,5.50,2.2000,true,1,176452
7290014759084,false,גבינת שמנת 16% בטעם טבעי 225 ג' נפוליאון,תנובה מרכז שיתופי לש,IL,גבינת שמנת נפוליאון 16% 225 גר,גרמים,225.00,100 גרם,false,1,13.90,6.1778,true,1,177160
7290014759534,false,גבינה בולגרית למריחה טבעי 5% 200 ג' פיראוס,"תנובה, מחלבת תל יוסף",IL,גבינה בולגרית טבעי 200 גר,גרמים,200.00,100 גרם,false,1,13.90,6.9500,true,1,177197
7290014759978,false,"גבינת קצקבל פלח גלעד 27%, 200 ג'",תנובה,IL,גבינה קצקבל פלח 200גר,גרמים,200.00,100 גרם,false,1,27.90,13.9500,true,1,177391
7290014759985,false,"גבינת פרמזן גבע 23% פלח, 200 ג'",תנובה,IL,גבינה פרמזן פלח 200גר,גרמים,200.00,100 גרם,false,1,23.80,11.9000,true,1,177390
7290014760134,false,מעדן סויה בטעם וניל אלטרנטיב,תנובה Alternative,IL,מעדן סויה בטעם וניל 125 גר,גרמים,125.00,100 גרם,false,1,3.90,3.1200,true,1,177704
7290014760141,false,משקה שקדים תנובה E אלטרנטיב,תנובה Alternative,IL,משקה שקדים 1 ל,ליטרים,1.00,ליטר,false,1,12.90,12.9000,true,1,178991
7290014760448,false,גבינה צהובה גלבוע 400 גרם 22% שומן תנובה,מחלבת בית יצחק,IL,גבינת גלבוע 400גר,גרמים,400.00,100 גרם,false,1,23.90,5.9750,true,1,177671
7290014760912,false,פרוסות גבינה 28% שומן 400 ג' גוש חלב,תנובה מרכז שיתופי לש,IL,גבינת גוש חלב 400גר,גרמים,400.00,100 גרם,false,1,26.90,6.7250,true,1,177670
7290014761056,false,מעדן שוקולד חלב מעולה 123 ג' יולו,מיוצר עי קונדיטוריית,IL,מעדן יולו שוקולד חלב מעולה 123גר,גרמים,123.00,100 גרם,false,1,4.90,3.9837,true,1,178453
7290014761063,false,מעדן שוקולד מריר מעולה 123 ג' יולו,מיוצר עי קונדיטוריית,IL,מעדן יולו שוקולד מריר מעולה 123גר,גרמים,123.00,100 גרם,false,1,4.90,3.9837,true,1,178455
7290014761070,false,מעדן שוקולד לבן מעולה 123 ג' יולו,מיוצר עי קונדיטוריית,IL,מעדן יולו שוקולד לבן מעולה 123גר,גרמים,123.00,100 גרם,false,1,4.90,3.9837,true,1,178454
7290014761193,false,יוגורט עם פירות יער 1.5% שומן 125 ג' פרילי,תנובה מרכז שיתופי לש,IL,יוגורט פרילי פירות יער 125גר,גרמים,125.00,100 גרם,false,1,3.90,3.1200,true,1,178618
7290014761414,false,מעדן שכבות שוקולד חלב ולבן 123 ג' יולו,מיוצר עי קונדיטוריית,IL,מעדן יולו שוקולד חלב ולבן 123גר,גרמים,123.00,100 גרם,false,1,4.90,3.9837,true,1,178456
7290014761612,false,מעדן עם שוקולד מריר ולבן 122 ג' יולו,מיוצר עי קונדיטוריית,IL,מעדן יולו שכבות שוקולד מריר לבן 120גר,גרמים,120.00,100 גרם,false,1,4.90,4.0833,true,1,178854
7290014762756,false,נפוליאון גבינת שמנת עם בצל 16% שומן,הרדוף חלב,IL,גבינת שמנת נפוליאון בטעם בצל 225 גר,גרמים,225.00,100 גרם,false,1,13.90,6.1778,true,1,179944
7290014762800,false,מעדן סויה שוקולד גביע 125 גרם אלטרנטיב,תנובה מרכז שיתופי לש,IL,"מעדן סויה בטעם שוקולד בגביע 125 מ""ל",גרמים,125.00,100 גרם,false,1,3.90,3.1200,true,1,183047
7290014762831,false,גבינת שמנת חלפיניו 24% שומן 225 ג' נפוליאון,תנובה מרכז שיתופי לש,IL,גבינת שמנת נפוליאון 25% 225 גר,גרמים,225.00,100 גרם,false,1,13.90,6.1778,true,1,180357
7290014762909,false,פתיתי מוצרלה 20% שומן 200 ג' השף הלבן,"תנובה, מחלבת תל יוסף",IL,גבינת פתיתי מוצרלה 200 גר,גרמים,200.00,100 גרם,false,1,17.90,8.9500,true,1,180285
7290014763098,false,קרם גבינת שמנת 5% עם פלפל שום ובצל 200 ג' תנובה,תנובה,IL,קרם גבינת שמנת טוסקנה 5% 200 גר,גרמים,200.00,100 גרם,false,1,11.90,5.9500,true,1,180286
7290014763272,false,יוגורט סויה BIO לשתייה תות ובננה אלטרנטיב,תות תעשיות מזון (201,IL,"משקה סויה ביו עם תות ובננה 250 מ""ל",מיליליטרים,250.00,"100 מ""ל",false,1,5.90,2.3600,true,1,180510
7290014785113,false,"רוטב טריאקי גדול 500 מ""ל",טעמי אסיה Taste of Asia,TH,רוטב טריאקי 500 מל,מיליליטרים,500.00,"100 מ""ל",false,6,17.90,3.5800,true,1,185711
7290014785564,false,אטריות אודון מוכנות 200 ג',,,אטריות אודון מוכנות 200 גר,גרמים,200.00,100 גרם,false,15,4.90,2.4500,true,1,192071
7290014785571,false,"אטריות מוכנות מתאים להקפצה, מרקים ומנות קרות",טעמי אסיה Taste of Asia,,אטריות להקפצה מוכנות 200 גר,גרמים,200.00,100 גרם,false,15,4.90,2.4500,true,1,188602
7290014789913,false,עוגיות אוראו עם מילוי קרם וניל 3 * 176 ג',,,"עוגיות ""אוראו"" ממולאות קרם וניל 176 גר ש",גרמים,528.00,100 גרם,false,1,21.90,4.1477,true,1,177165
7290014803756,false,"טריאקי רוטב פתאי 300מ""ל",Baaeco v food ltd pa,,"רוטב טריאקי פתאי 300 מ""ל",מיליליטרים,300.00,"100 מ""ל",false,1,9.90,3.3000,true,1,179505
7290014803961,false,ספוג מסאג'+חוט צבעוני,סדובסקי,IL,ספוג מסאג+חוט צבעוני,Unknown,0.00,Unknown,false,1,6.90,0.0000,true,1,186051
7290014855458,false,מגבוני בייביסיטר פרפורמנס ללא בישום מארז 72X4יח',בייביסיטר Babysitter,,מגבוני בייביסיטר ללא בישום 72 יח רביעייה,Unknown,0.00,Unknown,false,1,16.90,0.0000,true,1,185776
7290014860070,false,"מקלוני אורז ללא גלוטן 5 מ""מ 454גר' (אור)",ניינטי נודל קו,TH,מקלוני אורז ללא גלוטן 454גר,גרמים,454.00,100 גרם,false,1,10.90,2.4009,true,1,177433
7290014860094,false,מקלוני אורז ללא גלוט,ניינטי נודל קו,TH,מקלוני אורז ללא גלוטן 454גר,גרמים,454.00,100 גרם,false,1,10.90,2.4009,true,1,177434
7290014860155,false,מחצלת במבו שטוחה 24X24 ס'מ,גולין פנגזו,CN,מחצלות עגולות,Unknown,0.00,Unknown,false,1,7.90,0.0000,true,1,176704
7290014901308,false,"סנסודיין משחת שיניים להגנה מלאה 75 מ""ל - סדרת פרמיום",סמית קליין ביצ'ם,GB,משחת שיניים סנסודיין הלבנה מלאה 75 מל,מיליליטרים,75.00,"100 מ""ל",false,1,22.90,30.5333,true,1,181925
7290014901315,false,משחת שיניים לשיניים רגישות Extra fresh,סמית קליין ביצ'ם,GB,משחת שיניים סנסודיין אקסטרה פרש 75 מל,מיליליטרים,75.00,"100 מ""ל",false,1,22.90,30.5333,true,1,181924
7290014905313,false,דזיטול נוזל מרוכז לחיטוי כללי ולרצפות 1 ליטר,מרקה,ES,מנקה רצפות ומשטחים דזיטול 1 ל,ליטרים,1.00,ליטר,false,1,14.90,14.9000,true,1,182711
7290014905689,false,"נוזל כלים הפי מרוכז 24% תפוח 750 מ""ל",וונדפוט,BE,"נוזל כלים הפי תפוח ירוק מרוכז 24% 750 מ""",מיליליטרים,750.00,"100 מ""ל",false,1,7.90,1.0533,true,1,182059
7290014905696,false,"נוזל כלים הפי מרוכז 24% לימון 750 מ""ל",וונדפוט,BE,נוזל כלים הפי לימון צהוב מרוכז 24% 750 מ,מיליליטרים,750.00,"100 מ""ל",false,1,7.90,1.0533,true,1,182060
7290014905733,false,"הפי - מרסס להברקת שמשות 750 מ""ל",יוליניבר,TR,"ניקוי חלונות הפי 750 מ""ל",מיליליטרים,750.00,"100 מ""ל",false,1,8.90,1.1867,true,1,182055
7290014910300,false,בסגנון טבורוג חלבן ל,גימטוס,,בסגנון טבורוג חלבן ליטאי 300 גר,גרמים,300.00,100 גרם,false,1,14.90,4.9667,true,1,181004
7290014910515,false,שפרוטים מעושנים רויא,,,שפרוטים מעושנים 250 גר,גרמים,250.00,100 גרם,false,1,12.90,5.1600,true,1,183700
7290014947047,false,פריכיות כוסמת בתוספת מלח,זן בר המכללה לטבעונו,,פריכיות כוסמת בתוספת מלח 175 גר,גרמים,175.00,100 גרם,false,1,11.90,6.8000,true,1,179510
7290014949744,false,אוטן טרופי ספריי יבש,מיוצר עי קונדיטוריית,PL,"אוטן ספריי טרופי 8 שעות 100 מ""ל",מיליליטרים,100.00,"100 מ""ל",false,1,15.90,15.9000,true,1,187833
7290014967441,false,מארז קפסולות אספרסו,אספרסו מור,,מארז קפסולות אספרסו מור אלטו 10 יח,Unknown,0.00,Unknown,false,1,11.90,0.0000,true,1,180534
7290014967458,false,קפסולות אספרסו מור ק,אספרסו מור,,מארז קפסולות אספרסו מור קרמה 10 יח,Unknown,0.00,Unknown,false,1,11.90,0.0000,true,1,180536
7290014967465,false,מארז קפסולות אספרסו,אספרסו מור,,מארז קפסולות אספרסו מור אינטנסו 10 יח,Unknown,0.00,Unknown,false,1,11.90,0.0000,true,1,180533
7290014973060,false,סלמון הילטון בוואקום,"הרמס דגים בע""מ",IL,סלמון הילטון 100 גר,גרמים,100.00,100 גרם,false,1,18.90,18.9000,true,1,176779
7290015009010,false,חומץ בן יין אדום דני,מנדלז סי.אר. פרודקשן,ES,חומץ בן יין אדום דניאל 500 מל,מיליליטרים,500.00,"100 מ""ל",false,1,17.90,3.5800,true,1,193371
7290015009027,false,חומץ בלסמי חומציות 6,אקובינל,ES,חומץ בלסמי דניאל 500 מל,מיליליטרים,500.00,"100 מ""ל",false,1,17.90,3.5800,true,1,193372
7290015009041,false,חומץ תפוחים חומציות,מנדלז סי.אר. פרודקשן,ES,חומץ תפוחים דניאל 500 מל,מיליליטרים,500.00,"100 מ""ל",false,1,17.90,3.5800,true,1,191306
7290015009102,false,עלי טורטייה מקמח לבן,,,עלי טורטייה מקמח לבן 360 גרם,גרמים,360.00,100 גרם,false,1,12.90,3.5833,true,1,193438
7290015009126,false,עלי טורטייה מקמח מלא,לווליה,,עלי טורטייה מקמח מלא 420 גרם,גרמים,420.00,100 גרם,false,1,12.90,3.0714,true,1,193440
7290015009171,false,ניוקי תפוחי אדמה דני,,,"ניוקי תפו""א דניאל 300 גר",גרמים,300.00,100 גרם,false,1,7.90,2.6333,true,1,193378
7290015009195,false,ניוקי תפוא עגבניות ד,,,"ניוקי תפו""א עגבניות דניאל 300 גר",גרמים,300.00,100 גרם,false,1,7.90,2.6333,true,1,193380
7290015009317,false,נאצוס חטיף תירס טבעי,אוקי סנייקס,DK,נאצוס חטיף תירס טבעי 200 גרם,גרמים,200.00,100 גרם,false,1,11.90,5.9500,true,1,193435
7290015009324,false,נאצוס סבוריטו ברביקי,אוקי סנקס,DK,נאצוס חטיף ברביקיו 200 גרם,גרמים,200.00,100 גרם,false,1,11.90,5.9500,true,1,193436
7290015009355,false,רוטב חומץ בלסמי מצומ,,,רוטב חומץ בלסמי מצומצם דניאל 250 מל,מיליליטרים,250.00,"100 מ""ל",false,1,19.90,7.9600,true,1,193384
7290015009379,false,מיץ לימון משומר דניא,,,מיץ לימון משומר דניאל 946 מל,מיליליטרים,946.00,"100 מ""ל",false,1,19.90,2.1036,true,1,193383
7290015009386,false,מיץ ליים משומר דניאל,,,מיץ ליים משומר דניאל 946 מל,מיליליטרים,946.00,"100 מ""ל",false,1,19.90,2.1036,true,1,193387
7290015009447,false,זיתים שחורים שלמים מ,,,זיתים שחורים שלמים מזן קלמטה אידאל 440 ג,גרמים,440.00,100 גרם,false,1,18.90,4.2955,true,1,193386
7290015009461,false,שימורי שעועית שחורה במי מלח,יורקום סרל,IT,שימורי שעועית שחורה 400 גר,גרמים,400.00,100 גרם,false,1,9.90,2.4750,true,1,206126
7290015025959,false,מגבונים לחים בניחוח עדין מכיל תמציות קשמיר ומשי,עלבד משואות יצחק,IL,מגבונים פרש וואנס רביעייה קשמיר קר,Unknown,0.00,Unknown,false,1,16.90,0.0000,true,1,188954
7290015033299,false,פרורי לחם קלאסי שקית,חטיפים מן הארץ,,"פירורי לחם 400 ג""ר",גרמים,400.00,100 גרם,false,1,0.00,0.0000,true,1,204279
7290015039055,false,וילי פוד רוטב צילי חריף בדץ 700מל,הנסיך- מפעל לייצור ט,TH,"רוטב צ""ילי חריף 700 מל",מיליליטרים,700.00,"100 מ""ל",false,1,9.90,1.4143,true,1,177249
7290015039246,false,נתחי טונה בשמן צמחי רביעיה * 160 ג' וילי פוד,וילי פוד,TH,נתחי טונה בשמן 160גר רביעייה,גרמים,640.00,100 גרם,false,1,19.90,3.1094,true,1,178224
7290015039338,false,נתחי טונה במי מלח רביעיה * 160 ג' וילי פוד,וילי פוד,,נתחי טונה במי מלח 160גר רביעייה,גרמים,640.00,100 גרם,false,1,19.90,3.1094,true,1,178225
7290015129145,false,אטריות קונג'אק בתוספת טפיוקה בצורת ספגטי,הוויזאי וואנגייה פוד,CN,פסטה ספגטי סקיני 270 גר,גרמים,270.00,100 גרם,false,30,10.90,4.0370,true,1,181168
7290015129251,false,אטריות קונג'אק בצורת פטוצ'יני,אף.סי תבליני בגליל ב,CN,פסטה פטוציני סקיני 270 גר,גרמים,270.00,100 גרם,false,1,10.90,4.0370,true,1,181171
7290015139250,false,"חופשי שוקולד מריר עם פ.אורז לל""ס 85 גר",כרמית תעשיות ממתקים,IL,שוקולד מריר פצפוצי אורז ללא סוכר 85 גר,גרמים,85.00,100 גרם,false,1,6.90,8.1176,true,1,179274
7290015139267,false,שוקולד מריר עם שקדים ללא תוספת סוכר וסטהיים,כרמית תעשיות ממתקים,IL,שוקולד מריר שקדים ללא סוכר 85 גר,גרמים,85.00,100 גרם,false,1,6.90,8.1176,true,1,179275
7290015139519,false,אגו מיקס קוביות וופל 55 גר',כרמית,IL,קוביות וופל כרמית מיקסים 55 גר,גרמים,55.00,100 גרם,false,24,3.90,7.0909,true,1,179521
7290015139526,false,אגו ופל בציפוי ומילוי שוקו 125גר',כרמית,IL,וופל חופשי ללא גלוטן בציפוי שוקו 125 גר,גרמים,125.00,100 גרם,false,1,9.90,7.9200,true,1,182625
7290015150118,false,עגבניות חתוכות דק בלה איטליה 3*400 ג',אמיליאנה קונסרב ס.פ.,IT,עגבניות חתוכות 400גר שלישייה,גרמים,1200.00,100 גרם,false,1,14.90,1.2417,true,1,178847
7290015150200,false,עגבניות חתוכות דק 400 גרם,HIQ FOOD PRODUCTS,IT,עגבניות חתוכות דק גרנד איטליה 400 גר,גרמים,400.00,100 גרם,false,1,5.80,1.4500,true,1,183517
7290015155021,false,פרמיו דנטל מיני 110ג',,,פרמיו דנטל מיני 110 גר,גרמים,110.00,100 גרם,false,1,9.90,9.0000,true,1,204880
7290015155243,false,פרמיו חטיף כריות לתמיכה באנטי -היירבול לחתול 60ג',פרמיו Premio,,פרמיו כריות אנטי היירבול 60 גר,גרמים,60.00,100 גרם,false,1,9.90,16.5000,true,1,204863
7290015155250,false,פרמיו חטיף כריות סלמון 60גר,פרמיו Premio,,פרמיו כריות סלמון 60 גר,גרמים,60.00,100 גרם,false,1,9.90,16.5000,true,1,204862
7290015155274,false,פרמיו כריות עור ופרווה,פרמיו Premio,,פרמיו כריות עור ופרווה 60 גר,גרמים,60.00,100 גרם,false,1,9.90,16.5000,true,1,206901
7290015155410,false,פרמיו חטיף כריות דנטל עם עוף 60ג',פרמיו Premio,,פרמיו כריות דנטל עוף 60 גר,גרמים,60.00,100 גרם,false,1,9.90,16.5000,true,1,204864
7290015155427,false,פרמיו עוף וכבד לחתול,פרמיו Premio,,פרמיו עוף וכבד 15 גר,גרמים,15.00,100 גרם,false,1,6.90,46.0000,true,1,204861
7290015155434,false,פרמיו סלמון ופורל 15 ג',,,פרמיו סלמון ופורל 15 גר,גרמים,15.00,100 גרם,false,1,6.90,46.0000,true,1,204857
7290015155823,false,מחית תפוחי עץ חטיפטף ללא תוספת סוכר,פרוטה פודיווין איי.א,CZ,פאוץ פרינוק תפוח עץ 120 גר,גרמים,120.00,100 גרם,false,1,4.90,4.0833,true,1,192603
7290015155830,false,מחית תפוחי עץ ובננה חטיפטף ללא תוספת סוכר,פרוטה פודיווין,CZ,פאוץ פרינוק תפוח ובננה 120 גר,גרמים,120.00,100 גרם,false,1,4.90,4.0833,true,1,192604
7290015155847,false,מחית סלט פירות חטיפטף ללא תוספת סוכר,פרוטה פודיווין איי.א,CZ,פאוץ פרינוק סלט פירות 120 גר,גרמים,120.00,100 גרם,false,1,4.90,4.0833,true,1,192605
7290015155885,false,חטיפטף - חטיף אורז אפוי בטעם אוכמניות 28 גרם,,,חטיף טף בטעם אוכמניות 28 גר,גרמים,28.00,100 גרם,false,1,8.90,31.7857,true,1,192609
7290015156653,false,פרמיו חטיף לבבות ברווז 100ג',,,פרמיו חטיף לבבות ברווז 100 גר,גרמים,100.00,100 גרם,false,1,14.90,14.9000,true,1,204878
7290015156769,false,מחית פרינוק פאוץ' תפוח ואוכמניות 120 גרם,,,פאוץ פרינוק תפוח ואוכמניות 120 גר,גרמים,120.00,100 גרם,false,1,4.90,4.0833,true,1,192607
7290015156790,false,מחית לפתן פירות חטיפטף ללא תוספת סוכר,פרינוק,,פאוץ פרינוק לפתן פירות 120 גר,גרמים,120.00,100 גרם,false,1,4.90,4.0833,true,1,194033
7290015156813,false,מחית פרינוק פאוץ' פירות מעורבים 120 גרם,,,פאוץ פרינוק פירות מעורבים 120 גר,גרמים,120.00,100 גרם,false,1,4.90,4.0833,true,1,194034
7290015161534,false,קוואקר שיבולת שועל עבה ללא גלוטן - 400 גרם,נוטרה זן NutraZen,DK,קוואקר עבה ללא גלוטן 400 גר,גרמים,400.00,100 גרם,false,1,21.90,5.4750,true,1,192183
7290015161558,false,קמח שיבולת שועל מלאה אורגני ללא גלוטן,נוטרה זן NutraZen,DK,קמח שיבולת שועל מלאה ללא גלוטן 500 גר,גרמים,500.00,100 גרם,false,1,26.90,5.3800,true,1,192184
7290015161862,false,פת פריכה אורגנית עם ערמונים ללא גלוטן,אקסטרודו בצ'יצה,,פת פריכה אורגנית ללא גלוטן ערמונים 100 ג,גרמים,100.00,100 גרם,false,1,14.90,14.9000,true,1,192178
7290015161879,false,פת פריכה PRO עדשים אדומות וחומות ללא גלוטן,נוטרה זן NutraZen,,פת פריכה אורגנית פרו ללא גלוטן עדשים,גרמים,100.00,100 גרם,false,1,16.90,16.9000,true,1,192181
7290015164818,false,מחית קארי צהוב 400 ג,Theppadungporn cocon,,מחית קארי צהובה 400גר,גרמים,400.00,100 גרם,false,1,19.90,4.9750,true,1,177536
7290015164856,false,מחית קארי אדומה מזרח,טאפאדונגפורן קוקינט,TH,מחית קארי אדומה 400גר,גרמים,400.00,100 גרם,false,1,19.90,4.9750,true,1,177534
7290015178174,false,פסטו בטעם פרמז'ן אוליביה 180 גר',יוניליוור גרמניה Gm,IL,פסטו בטעם פרמזן אוליביה 180 גר,גרמים,180.00,100 גרם,false,1,11.90,6.6111,true,1,195301
7290015178181,false,ממרח ארטישוק עם רוזמרין,יוניליוור גרמניה Gm,IL,פארטישוק ברוזמרין אוליביה 180 גר,גרמים,180.00,100 גרם,false,1,11.90,6.6111,true,1,195298
7290015178198,false,ממרח חצילים שרופים 180 ג',אוליביה,,ממרח חצילים שרופים אוליביה 180 גר,גרמים,180.00,100 גרם,false,1,11.90,6.6111,true,1,195299
7290015223867,false,"אסותא קרם לאחר גילוח 100מ""ל",,,"קרם לאחר גילוח אסותא 100 מ""ל",מיליליטרים,100.00,"100 מ""ל",false,1,12.90,12.9000,true,1,184949
7290015223898,false,"אסותא ג'ל אלכוהול 500 מ""ל",,,"גל אלכוהול אסותא 500 מ""ל",מיליליטרים,500.00,"100 מ""ל",false,1,16.90,3.3800,true,1,184950
7290015250078,false,בצק עלים צרפתי מרודד,,,בצק עלים צרפתי מרודד 1 קג,קילוגרמים,1.00,"ק""ג",false,10,17.90,17.9000,true,1,192992
7290015320054,false,עןגיות טעם חמאה בארי,,,עוגיות בטעם חמאה 340גר,גרמים,340.00,100 גרם,false,1,10.90,3.2059,true,1,178079
7290015320481,false,שוקולד מריר 60% יעד,,,שוקולד מריר 60% 100 גר,גרמים,100.00,100 גרם,false,45,5.90,5.9000,true,1,191813
7290015325745,false,מגבונים מאשה ודוב 72,,,מגבונים משה ודוב 72 יח רביעייה,Unknown,0.00,Unknown,false,1,11.90,0.0000,true,1,182373
7290015325752,false,אסותא מגבונים לחים רביעיה,,,מגבונים אסותא 72 יח רביעייה,Unknown,0.00,Unknown,false,1,14.90,0.0000,true,1,182374
7290015348089,false,"יין למברוסקו/קאווה ביאנקו לבן 750 מ""ל",vi.mo - גאטטיקו,IT,"יין מבעבע למברוסקו ביאנקו לבן 750 מ""ל",מיליליטרים,750.00,"100 מ""ל",false,1,29.90,3.9867,true,1,180205
7290015348096,false,למברוסקו אמיליאנו רו,,,יין מבעבע למברוסקו אמיליאנו רוזה 750מל,מיליליטרים,750.00,"100 מ""ל",false,1,29.90,3.9867,true,1,178742
7290015350150,false,"יין אדום חצי יבש סגל 750 מ""ל",כרמי צבי - אחים סגל,IL,יין סגל אדום חצי יבש 750 מל,מיליליטרים,750.00,"100 מ""ל",false,12,22.90,3.0533,true,1,192966
7290015437431,false,רכז רימונים תומר 420,תומר,,רכז רימונים תומר 420 גר,גרמים,420.00,100 גרם,false,1,18.90,4.5000,true,1,184566
7290015470094,false,טוסו שוקולד מריר תפוז ללא סוכר 100 ג',ALTINMARKA,TR,טוסו שוקולד מריר תפוז ללא סוכר 100 גר,גרמים,100.00,100 גרם,false,1,10.90,10.9000,true,1,180724
7290015528191,false,אשפ שחור 75/85 רגיל,,,אשפ שחור 75/85 רגיל,יחידה,1.00,יחידה,false,1,9.90,9.9000,true,1,178525
7290015528382,false,מרקיה קרם מודפס כסף,,,מרקיה קרם מודפס כסף 20 יח,Unknown,0.00,Unknown,false,1,9.90,0.0000,true,1,202646
7290015528443,false,קערה פירות עגולה קרם,,,קערה פירות עגולה קרם מודפס זהב 10,Unknown,0.00,Unknown,false,1,13.90,0.0000,true,1,202648
7290015528825,false,צלחת 7 מתכלה אר 25 יח' דנטס,,,"צלחת 7"" מתכלה אריזה 25 יח",Unknown,0.00,Unknown,false,1,7.90,0.0000,true,1,193819
7290015528832,false,צלחת 9 מתכלה אר' 25 יח' דנטס,,,"צלחת 9"" מתכלה אריזה 25 יח",Unknown,0.00,Unknown,false,1,11.90,0.0000,true,1,193820
7290015528849,false,צלחת 10 מתכלה אר' 25 יח' דנטס,,,"צלחת 10"" מתכלה אריזה 25 יח",Unknown,0.00,Unknown,false,1,15.90,0.0000,true,1,193821
7290015528863,false,מרקיה מתכלה אר' 25 יח' דנטס,,,מרקיה מתכלה 340 מל,Unknown,0.00,Unknown,false,1,7.90,0.0000,true,1,193822
7290015528870,false,ליפתנית מתכלה אר' 25 יח' דנטס,,,ליפתנית מתכלה 200 מל,Unknown,0.00,Unknown,false,1,6.90,0.0000,true,1,193823
7290015528993,false,קינוחי סופלה אר' 12 יח',,,קינוחי סופלה 12 יח,Unknown,0.00,Unknown,false,1,14.90,0.0000,true,1,181278
7290015537209,false,חומץ לבן 5% 1 ל,רג'ואן,IL,חומץ לבן 5% 1 ל,ליטרים,1.00,ליטר,false,24,4.90,4.9000,true,1,189447
7290015537216,false,מיץ בטעם לימון 1 ל,רג'ואן,IL,מיץ בטעם לימון 1 ל,ליטרים,1.00,ליטר,false,24,4.90,4.9000,true,1,189448
7290015537247,false,חומץ טבעי 1 ל,רג'ואן,IL,חומץ טבעי 1 ל,ליטרים,1.00,ליטר,false,24,6.90,6.9000,true,1,189446
7290015537254,false,חומץ 10% 1 ל,רג'ואן,IL,חומץ 10% 1 ל,ליטרים,1.00,ליטר,false,24,6.90,6.9000,true,1,189450
7290015603188,false,אטריות ביצים 454ג' (כ) (fu),פוגקן לונגהי אנלידה,CN,איטריות ביצים 454 גר,גרמים,454.00,100 גרם,false,1,10.90,2.4009,true,1,179755
7290015603201,false,אטריות מחיטה מלאה מז,yan val yun corpora,CN,אטריות חיטה מלאה 454גר,גרמים,454.00,100 גרם,false,1,10.90,2.4009,true,1,179349
7290015603218,false,אטריות עם עגבניה 454ג' (כ) (fu),פוגקן לונגהי אנלידה,CN,אטריות בתוספת עגבניו 454 גר,גרמים,454.00,100 גרם,false,1,10.90,2.4009,true,1,180887
7290015603225,false,איטריות בתוספת גזר 4,פוגקן לונגהי אנלידה,CN,אטריות בתוספת גזר 454 גר,גרמים,454.00,100 גרם,false,1,10.90,2.4009,true,1,180885
7290015603232,false,איטריות בתוספת דלעת,פוגקן לונגהי אנלידה,CN,אטריות בתוספת דלעת 454 גר,גרמים,454.00,100 גרם,false,1,10.90,2.4009,true,1,180886
7290015603522,false,נוזל אגוזי קוקוס 5-7,אסי אטיק גרו אינדוסט,TH,נוזל אגוזי קוקוס 400 מל,מיליליטרים,400.00,"100 מ""ל",false,24,6.90,1.7250,true,1,201880
7290015603546,false,"שימורי קרם קוקוס 17-19% 400 מ""ל (ASIATIC)(כ)",אסיאטיק אגרו אינדסטר,TH,"שימורי קרם קוקוס 400 מ""ל",מיליליטרים,400.00,"100 מ""ל",false,1,8.90,2.2250,true,1,185441
7290015603560,false,שימורי קרם קוקוס 400,אסי אטיק גרו אינדוסט,TH,שימורי קרם קוקוס 400 מל,מיליליטרים,400.00,"100 מ""ל",false,1,9.90,2.4750,true,1,179756
7290015603584,false,גינגר לבן כבוש ללא מ,לאיווי איפנג פודס קו,CN,"ג""ינג""ר לבן כבוש ללא מונוסודיום 160 גר",גרמים,160.00,100 גרם,false,1,7.90,4.9375,true,1,179813
7290015603591,false,ג'ינגר כבוש ורוד מזר,ננטונג הידה אקוטיק פ,CN,גינגר ורוד כבוש ללא מונוסודיום 160 גר,גרמים,160.00,100 גרם,false,1,7.90,4.9375,true,1,183066
7290015603898,false,חטיף אפונה מצופה בטע,סוזו יואי פודס אל טי,CN,חטיף אפונה וואסבי 100 גר,גרמים,100.00,100 גרם,false,24,9.90,9.9000,true,1,180514
7290015611015,false,אבקת חרדל 400 גר,,,אבקת חרדל 200 גר,גרמים,400.00,100 גרם,false,1,16.90,4.2250,true,1,179299
7290015611022,false,פלפל בניחוח לימון 20,,,פלפל בניחוח לימון 20 גר,גרמים,20.00,100 גרם,false,1,2.90,14.5000,true,1,179300
7290015611039,false,פלפל אנגלי שלם 20 גר,,,פלפל אנגלי שלם 20 גר,גרמים,20.00,100 גרם,false,1,2.90,14.5000,true,1,179301
7290015611046,false,פלפל אנגלי טחון 20 ג,,,פלפל אנגלי טחון 20 גר,גרמים,20.00,100 גרם,false,1,2.90,14.5000,true,1,179302
7290015611053,false,בזיליקום 10 גר,לוקס פרודקטס,,בזיליקום 10 גר,גרמים,10.00,100 גרם,false,1,2.90,29.0000,true,1,179206
7290015611060,false,רוזמרין 10 גר,לוקס פרודקטס,,רוזמרין 10 גר,גרמים,10.00,100 גרם,false,1,2.90,29.0000,true,1,179207
7290015611077,false,אורגנו 10 גר,לוקס פרודקטס,,אורגנו 10 גר,גרמים,10.00,100 גרם,false,1,2.90,29.0000,true,1,179208
7290015611084,false,פטרוזיליה 10 גר,לוקס פרודקטס,,פטרוזיליה 10 גר,גרמים,10.00,100 גרם,false,1,2.90,29.0000,true,1,179209
7290015611091,false,כורכום 20 גר,לוקס פרודקטס,,כורכום 20 גר,גרמים,20.00,100 גרם,false,1,2.90,14.5000,true,1,179210
7290015611107,false,זנגביל טחון 20 גר,לוקס פרודקטס,,זנגביל טחון 20 גר,גרמים,20.00,100 גרם,false,1,2.90,14.5000,true,1,179211
7290015611121,false,כמון טחון 20 גר,לוקס פרודקטס,,כמון טחון 20 גר,גרמים,20.00,100 גרם,false,1,2.90,14.5000,true,1,179212
7290015611152,false,כוסברה טחונה 20 גר,לוקס פרודקטס,,כוסברה טחונה 20 גר,גרמים,20.00,100 גרם,false,1,2.90,14.5000,true,1,179213
7290015611169,false,תבלין לתפוחי אדמה 30,לוקס פרודקטס,,תבלין לתפוחי אדמה 30 גר,גרמים,30.00,100 גרם,false,1,2.90,9.6667,true,1,179214
7290015611176,false,תבלין לגזר קוריאני 3,לוקס פרודקטס,,תבלין לגזר קוריאני 30 גר,גרמים,30.00,100 גרם,false,1,2.90,9.6667,true,1,179215
7290015611183,false,תבלין לגזר קוריאני ח,לוקס פרודקטס,,תבלין לגזר קוריאני חריף 30 גר,גרמים,30.00,100 גרם,false,1,2.90,9.6667,true,1,179216
7290015611190,false,תבלין לבורשט 30 גר,,,תבלין לבורשט 30 גר,גרמים,30.00,100 גרם,false,1,2.90,9.6667,true,1,179305
7290015611299,false,עשבי פרובנס 10 גר,,,עשבי פרובנס 10 גר,גרמים,10.00,100 גרם,false,1,2.90,29.0000,true,1,180554
7290015611312,false,מלח גורמה שום ועשבי,,,מלח גורמה שום ועשבי תיבול 400 גר,גרמים,400.00,100 גרם,false,1,15.90,3.9750,true,1,180566
7290015611329,false,מלח גורמה עשבי פרובנ,,,מלח גורמה עשבי פרובנס 400 גר,גרמים,400.00,100 גרם,false,1,15.90,3.9750,true,1,180567
7290015611398,false,גריסי פנינה 800 גר,,,גריסי פנינה 800 גר,גרמים,800.00,100 גרם,false,1,9.90,1.2375,true,1,180555
7290015611411,false,גריסי תירס 700 גר,,,גריסי תירס 800 גר,גרמים,700.00,100 גרם,false,1,9.90,1.4143,true,1,180557
7290015611459,false,כוסמת 800 גר,,,כוסמת 800 גר,גרמים,800.00,100 גרם,false,1,14.90,1.8625,true,1,180749
7290015611466,false,תבלין שמיר 10 גר,,,תבלין שמיר 10 גר,גרמים,10.00,100 גרם,false,1,2.90,29.0000,true,1,180750
7290015611473,false,תבלין להמלחת סלמון 3,,,תבלין להמלחת סלמון 30 גר,גרמים,30.00,100 גרם,false,1,2.90,9.6667,true,1,180751
7290015611480,false,סודה לשתייה 500 גר,,,סודה לשתייה 500 גר,גרמים,500.00,100 גרם,false,1,8.90,1.7800,true,1,182636
7290015611565,false,שום גבישי 20 גר,,,שום גבישי 20 גר,גרמים,20.00,100 גרם,false,1,2.90,14.5000,true,1,183190
7290015611572,false,מלח לימון 700 גר,,,מלח לימון 700 גר,גרמים,700.00,100 גרם,false,1,29.90,4.2714,true,1,183001
7290015611602,false,שעועית לבנה 800 גר,,,גריסי פנינה 500 גר,גרמים,800.00,100 גרם,false,1,13.90,1.7375,true,1,183982
7290015611626,false,אורז יסמין 800 גר,,,גריסי חיטה 350 גר,גרמים,800.00,100 גרם,false,1,12.90,1.6125,true,1,183984
7290015611633,false,אורז עגול 800 גר,,,גריסי תירס 350 גר,גרמים,800.00,100 גרם,false,1,12.90,1.6125,true,1,183985
7290015611657,false,פשתן 400 גר,,,פשתן 400 גר,גרמים,400.00,100 גרם,false,1,9.90,2.4750,true,1,183987
7290015611695,false,בורגול 800 גר,,,פירה בטעם עוף 32 גר,גרמים,800.00,100 גרם,false,1,9.90,1.2375,true,1,185377
7290015611732,false,צילי חריף 40 גר,,,צילי חריף 40 גר,גרמים,40.00,100 גרם,false,1,11.90,29.7500,true,1,185381
7290015611749,false,סוכר דמררה 1 קג,,,"סוכר דמררה 1 ק""ג",קילוגרמים,1.00,"ק""ג",false,1,13.90,13.9000,true,1,185389
7290015611817,false,שקדים מולבנים 250 גר,,,שקדים מולבנים 250 גר,גרמים,250.00,100 גרם,false,1,27.90,11.1600,true,1,202043
7290015611893,false,פרג שלם 250 גר,,,פרג שלם 250 גר,גרמים,250.00,100 גרם,false,1,12.90,5.1600,true,1,202045
7290015611916,false,תבלין לפירות ים 30 ג,,,תבלין לפירות ים 30 גר,גרמים,30.00,100 גרם,false,1,2.90,9.6667,true,1,185390
7290015611923,false,תבלין למרק דגים 30 ג,,,תבלין למרק דגים 30 גר,גרמים,30.00,100 גרם,false,1,2.90,9.6667,true,1,185391
7290015652070,false,אגוזי קשיו קלויים שש,דין שיווק,IL,אגוזי קשיו קלויים ששון הקולה 150 גר,גרמים,150.00,100 גרם,false,1,11.90,7.9333,true,1,186965
7290015652087,false,תערובת פיצוחים 150 גר' שקדיה,דין שיווק,IL,תערובת פיצוחים 150 גר,גרמים,150.00,100 גרם,false,1,14.90,9.9333,true,1,189676
7290015652254,false,גרעיני חמניה קלויים 500 ג',דין שיווק,IL,גרעיני חמניה קלויים ששון הקולה 400 גר,גרמים,400.00,100 גרם,false,1,9.90,2.4750,true,1,186989
7290015652261,false,בוטנים קלויים 350 ג' ששון הקולה,דין שיווק,IL,בוטנים קלויים ששון הקולה 300 גר,גרמים,300.00,100 גרם,false,1,9.90,3.3000,true,1,186977
7290015652278,false,תערובת פיצוחים ששון,"דין שיווק וקליה בע""מ",IL,תערובת פיצוחים ששון הקולה 250 גר,גרמים,250.00,100 גרם,false,1,19.90,7.9600,true,1,187073
7290015652292,false,קבוקים עם שומשום 400גר,"דין שיווק וקליה בע""מ",IL,קבוקים עם שומשום ששון הקולה 400 גר,גרמים,400.00,100 גרם,false,1,9.90,2.4750,true,1,187041
7290015652308,false,מנצ'ס ששון הקולה 300,,,מנצס ששון הקולה 300 גר,גרמים,300.00,100 גרם,false,1,9.90,3.3000,true,1,187007
7290015652322,false,בוטנים אמריקאים מצופים 400 ג',דין שיווק,IL,בוטנים אמריקאים מצופים ששון הקולה 400 גר,גרמים,400.00,100 גרם,false,1,9.90,2.4750,true,1,186973
7290015652407,false,פיסטוק קלוי ששון הקו,"דין שיווק וקליה בע""מ",IL,פיסטוק קלוי ששון הקולה 250 גר,גרמים,250.00,100 גרם,false,1,19.90,7.9600,true,1,187026
7290015699730,false,סבון דה מארסיי יעקבי 1.5 ליטר *חדש-,וונדפוט,,נוזל רצפות הפי מבושמת ורוד 1.5 ליטר,ליטרים,1.50,ליטר,false,1,12.90,8.6000,true,1,182065
7290015733120,false,מטרנה גולד שלב 1 תרכובת מזון על בסיס חלבי,מטרנה,IL,מטרנה גולד שלב 1 700 גר,גרמים,700.00,100 גרם,false,1,72.90,10.4143,true,1,185407
7290015733144,false,מטרנה גולד שלב שתיים 700 ג',מטרנה,IL,מטרנה גולד שלב 2 700 גר,גרמים,700.00,100 גרם,false,1,72.90,10.4143,true,1,185408
7290015781008,false,"יין ויז'ן מרלו 750 מ""ל",יקב טפרברג 1870 בעמ,IL,"יין וויזון מרלו 750 מ""ל",מיליליטרים,750.00,"100 מ""ל",false,1,34.90,4.6533,true,1,179099
7290015781046,false,ויז'ן לבן חצי יבש 750מל,יקב טפרברג 1870 בעמ,IL,"יין וויזון לבן חצי יבש 750 מ""ל",מיליליטרים,750.00,"100 מ""ל",false,1,34.90,4.6533,true,1,179102
7290015781114,false,"יין אימפרשן מרלו 750 מ""ל",יקב טפרברג 1870 בעמ,IL,יין אימפרשיין מרלו 750 מל,מיליליטרים,750.00,"100 מ""ל",false,1,44.90,5.9867,true,1,179107
7290015781145,false,יין אימפרשיין ריזלינ,יקב טפרברג,,יין אימפרשיין ריזלינג 750 מל,מיליליטרים,750.00,"100 מ""ל",false,1,44.90,5.9867,true,1,179112
7290015781169,false,"יין קברנה סוביניון - חצי יבש אימפרשן 750מ""ל",יקב טפרברג 1870 בעמ,IL,יין אימפרשיין חצי יבש 750 מל,מיליליטרים,750.00,"100 מ""ל",false,1,44.90,5.9867,true,1,179111
7290015781268,false,"יין מוסקטו אדום 750 מ""ל",יקב טפרברג,,"יין מוסקטו אדום 750 מ""ל",מיליליטרים,750.00,"100 מ""ל",false,1,34.90,4.6533,true,1,179105
7290015781282,false,"יין גוורצטמינר אימפרשן 750מ""ל",יקב טפרברג 1870,,יין אימפרשיין גוורצטרמינר 750 מל,מיליליטרים,750.00,"100 מ""ל",false,1,44.90,5.9867,true,1,179114
7290015781299,false,יין שיראז אדום טפמבר,יקב טפרברג 1870 בעמ,IL,"יין וויזון שיראז 750 מ""ל",מיליליטרים,750.00,"100 מ""ל",false,1,34.90,4.6533,true,1,179101
7290015781305,false,"יין אימפרשן סירה 750 מ""ל",יקב טפרברג 1870 בעמ,IL,יין אימפרשיין סירה 750 מל,מיליליטרים,750.00,"100 מ""ל",false,1,44.90,5.9867,true,1,179108
7290015804424,false,עגבניות מרוסקות ובזיליקום ועשבי תיבול טל 260 ג',טל,,עגבניות מרוסקות טל בזיליקום 250 גר,גרמים,250.00,100 גרם,false,1,3.90,1.5600,true,1,179726
7290015839013,false,פרסבורג גבינה נתי קפ,נתי שטרודל וינאי בעמ,IL,שטרודל במילוי גבינה 560 גר,גרמים,560.00,100 גרם,false,1,27.90,4.9821,true,1,190041
7290015839020,false,שטרודל במילוי פרג 56,נתי שטרודל וינאי בעמ,IL,שטרודל במילוי פרג 560 גר,גרמים,560.00,100 גרם,false,1,27.90,4.9821,true,1,190040
7290015839051,false,שטרודל תפוחים ללא תו,נתי שטרודל וינאי בעמ,IL,שטרודל תפוחים ללא תוספת סוכר קפוא 500 גר,גרמים,500.00,100 גרם,false,1,27.90,5.5800,true,1,194136
7290015839068,false,שטרודל פרג ללא תוספת,נתי שטרודל וינאי בעמ,IL,שטרודל פרג ללא תוספת סוכר קפוא 500 גר,גרמים,500.00,100 גרם,false,1,27.90,5.5800,true,1,194138
7290015839075,false,שטרודל גבינה ללא תוס,נתי שטרודל וינאי בעמ,IL,שטרודל גבינה ללא תוספת סוכר קפוא 500 גר,גרמים,500.00,100 גרם,false,1,27.90,5.5800,true,1,194137
7290015839082,false,שטרודל גבינה ואוכמני,נתי שטרודל וינאי בעמ,IL,שטרודל גבינה ואוכמניות קפוא 500 גר,גרמים,500.00,100 גרם,false,1,27.90,5.5800,true,1,194139
7290015850117,false,סורימי רגלי סרטן 100,סמייל אט פוד,,סורימי רגלי סרטן 100 גר,גרמים,100.00,100 גרם,false,1,7.90,7.9000,true,1,179847
7290015850148,true,דג סמלט 454 גר,Tai Dexi Distribiuto,,דג סמלט 454 גר,גרמים,454.00,100 גרם,false,1,21.90,4.8238,true,1,179852
7290015850452,false,גיוזה עוף 240 גר,,,גיוזה עוף 240 גר,גרמים,240.00,100 גרם,false,1,25.90,10.7917,true,1,188070
7290015850483,false,שרימפס קוקטייל קפוא,,,"שרימפס קוקטייל קפוא 1 ק""ג",קילוגרמים,1.00,"ק""ג",false,1,64.90,64.9000,true,1,189158
7290015850490,false,שרימפס קוקטייל מבושל,,,"שרימפס קוקטייל מבושל קפוא 1 ק""ג",קילוגרמים,1.00,"ק""ג",false,1,64.90,64.9000,true,1,189157
7290015850520,false,קוביות דג בסה קפוא 5,,,קוביות דג בסה קפוא 500 גר,גרמים,500.00,100 גרם,false,,16.90,3.3800,true,1,191715
7290015850896,false,קלמרי תאילנדי קפוא 1,,,קלמרי תאילנדי קפוא 1 קג,קילוגרמים,1.00,"ק""ג",false,1,99.90,99.9000,true,1,196160
7290015856980,false,פתי בר ללא סוכר 150 גר הדר שוקו,,,ביסקוויט תה שוקו ללא סוכר 150 גר,גרמים,150.00,100 גרם,false,1,5.90,3.9333,true,1,206439
7290015858113,false,ממרח עגבניות מיובשות 180 גרם עללחם,"מדשא תעשיות מזון בע""",IL,ממרח עגבניות מיובשות עללחם 180 גר,גרמים,180.00,100 גרם,false,1,17.90,9.9444,true,1,189112
7290015858144,false,ממרח ארטישוק עלחחם 180 ג',זאביק יצור ושיווק מז,IL,ממרח ארטישוק עללחם 180 גר,גרמים,180.00,100 גרם,false,12,17.90,9.9444,true,1,189106
7290015858175,false,ממרח פלפלים קלויים 180 גרם עללחם,זאביק יצור ושיווק מז,IL,ממרח פלפלים קלויים עללחם 180 גר,גרמים,180.00,100 גרם,false,12,17.90,9.9444,true,1,189111
7290015858212,false,ממרח לימון כבוש עללחם 180 ג',,,ממרח לימון כבוש עללחם 180 גר,גרמים,180.00,100 גרם,false,1,17.90,9.9444,true,1,189110
7290015858229,false,טפנד זיתי קלמטה 180 גרם עללחם,"מדשא תעשיות מזון בע""",IL,טפנד זיתי קלמטה עללחם 180 גר,גרמים,180.00,100 גרם,false,1,17.90,9.9444,true,1,189108
7290015858328,false,ממרח איולי פסטו 295 ג' עללחם,עלית,IL,רוטב איולי פסטו עללחם 295 גר,גרמים,295.00,100 גרם,false,1,15.90,5.3898,true,1,207899
7290015858441,false,ממרח איולי פלפלים 295 ג' עללחם,עלית,IL,רוטב איולי פלפלים עללחם 295 גר,גרמים,295.00,100 גרם,false,1,15.90,5.3898,true,1,207898
7290015858687,false,ממרח איולי שום 295 ג' עללחם,עלית,IL,רוטב איולי שום עללחם 295 גר,גרמים,295.00,100 גרם,false,1,15.90,5.3898,true,1,207901
7290015859042,true,לבבות קיסר,ביכורי שדה דרום 2002,,לבבות קיסר,Unknown,0.00,Unknown,false,1,6.90,0.0000,true,1,179427
7290015888196,false,שמן חמניות שוקחה 1 ל,,,שמן חמניות שוקחה 1 ל,ליטרים,1.00,ליטר,false,1,14.90,14.9000,true,1,183938
7290015888301,false,שמן חמניות שוקחה 3 ל,אל אל סי פרייקלוטניא,FR,שמן חמניות 3 ל,ליטרים,3.00,ליטר,false,1,43.90,14.6333,true,1,186713
7290015951227,false,יין גמלא סירה 750 מל,יקבי רמת הגולן,IL,"יין גמלא סירה 750 מ""ל",מיליליטרים,750.00,"100 מ""ל",false,1,59.90,7.9867,true,1,189438
7290015951616,false,"יין גמלא סנגובזה 750 מ""ל",יקב הרי גליל,,"יין גמלא סנגובזה 2015 750 מ""ל",מיליליטרים,750.00,"100 מ""ל",false,1,59.90,7.9867,true,1,183092
7290015968034,false,סבון כחול לאסלה שליש,N.R.J.CO,,סבון כחול לאסלה שלישייה,Unknown,0.00,Unknown,false,1,16.90,0.0000,true,1,180993
7290015968102,false,קיסמי שיניים רפואיים,W.H.J.C.CO,,קיסמי שיניים רפואיים עם חוט דנטאלי 100 י,Unknown,0.00,Unknown,false,1,18.90,0.0000,true,1,180986
7290015968140,false,אטבים אחיזה רחבה בעי,H.J.E,,אטבי אחיזה רחבה בעיצוב איטלקי 36 יח,Unknown,0.00,Unknown,false,1,18.90,0.0000,true,1,180985
7290015968171,false,ריחניות לחיתולים טול,R.X.P.CO,,ריחניות לחיטולים טולחפס 50 שק,Unknown,0.00,Unknown,false,1,16.90,0.0000,true,1,181257
7290015968324,false,נורת לד 12 וולט אור,F.E.CO.LTD,,נורת לד 12 וולט אור לבן,Unknown,0.00,Unknown,false,1,19.90,0.0000,true,1,181822
7290015968331,false,נורת לד 6 וולט אור ל,F.E.CO.LTD,,נורת לד 6 וולט אור לבן,Unknown,0.00,Unknown,false,1,14.90,0.0000,true,1,181817
7290015968348,false,נורת לד 9 וולט אור ל,F.E.CO.LTD,,נורת לד 9 וולט אור לבן,Unknown,0.00,Unknown,false,1,14.90,0.0000,true,1,181818
7290015968355,false,נורת לד נר 5.5 וולט,F.E.CO.LTD,,נורת לד נר 5.5 וולט אור לבן,Unknown,0.00,Unknown,false,1,14.90,0.0000,true,1,181819
7290015968362,false,נורת לד כדור 5.5 וול,F.E.CO.LTD,,נורת לד כדור 5.5 וולט אור לבן,Unknown,0.00,Unknown,false,1,14.90,0.0000,true,1,181820
7290015968768,false,מגבוני טישו משובחים,B.P.CO,,מגבוני טישו משובחים מנייר 100 יח,Unknown,0.00,Unknown,false,1,18.90,0.0000,true,1,183407
7290015968782,false,פדים להסרת איפור במא,S.T.O.CO,,פדים להסרת איפור 80 יח שלישייה,Unknown,0.00,Unknown,false,1,19.90,0.0000,true,1,183408
7290015968805,false,"מפיות מודפסות 33*33 ס""מ הוסטס",W.W.P.CO,CN,מפיות מודפסות 20 יח,Unknown,0.00,Unknown,false,1,8.90,0.0000,true,1,183393
7290015968959,false,מפיות מודפסות 20 יח',W.W.P.CO,,מפיות מודפסות 20 יח,Unknown,0.00,Unknown,false,1,8.90,0.0000,true,1,183405
7290016006292,false,נקטר מנגו בננה מלון קרטונית 1 ל' ספרינג,"יפאורה תבורי בע""מ",IL,ספרינג מנגו בננה מלון 1 ליטר,ליטרים,1.00,ליטר,false,1,6.90,6.9000,true,1,180241
7290016006346,false,שוופס סודה מארז שישייה * 0.5 ל',יפאורה תבורי בעמ,IL,"סודה שוופס אוריגינל 500 מ""ל שישייה",ליטרים,3.00,ליטר,false,1,15.90,5.3000,true,1,180158
7290016028034,false,קינוחי גלידה אר' 12 יח',,,קינוחי גלידה 12 יח,Unknown,0.00,Unknown,false,1,14.90,0.0000,true,1,181275
7290016028645,false,שיפודי יקיטורי 100 י,,,שיפודי יקיטורי 100 יח,Unknown,0.00,Unknown,false,1,5.90,0.0000,true,1,181284
7290016028836,false,קש מתקפל צבעוני אר' 150 יח' דנטס,,,קש מתקפל צבעוני 150 יח,Unknown,0.00,Unknown,false,1,8.90,0.0000,true,1,181271
7290016028867,false,נר מחליף 4 צבעים דנט,,,נר מחליף 4 צבעים,Unknown,0.00,Unknown,false,1,10.90,0.0000,true,1,181808
7290016035025,false,לחם פשתן ביכורים 450ג',דולפין ספא,IL,לחם פשתן ללא סוכר 450 גר,גרמים,450.00,100 גרם,false,15,25.90,5.7556,true,1,187748
7290016076011,false,לחם כוסמין רגיל,,,לבש ארמני 330 גר,גרמים,330.00,100 גרם,false,1,15.90,4.8182,true,1,190726
7290016077759,false,רוטב היינץ ברביקיו ק,היינץ Heinz,,רוטב היינץ ברביקיו קלאסי 480 גר,גרמים,480.00,100 גרם,false,1,16.90,3.5208,true,1,183739
7290016082210,false,בירה הגיבור חיטה 5.2,,,"בירה הגיבור חיטה 330 מ""ל",מיליליטרים,330.00,"100 מ""ל",false,24,11.90,3.6061,true,1,186568
7290016082333,false,בירה הגיבור בלונדי 5,,,"בירה הגיבור בלונדי 5.6% 330 מ""ל",מיליליטרים,330.00,"100 מ""ל",false,24,11.90,3.6061,true,1,191301
7290016087147,false,רוטב פיצה מרגריטה 240 ג' פריניר,,,רוטב עגבניות פריניר לפיצה מרגריטה 240 גר,גרמים,240.00,100 גרם,false,1,5.90,2.4583,true,1,182866
7290016114300,false,לילי דאבל לבן נייר ט,,,נייר טואלט לילי לבן דאבל 16 גל,Unknown,0.00,Unknown,false,1,37.90,0.0000,true,1,180964
7290016144017,false,"קמח חיטה מלאה נפלאות 100% 1 ק""ג",קמח מלכים,IL,קמח 100% חיטה 1 קג,קילוגרמים,1.00,"ק""ג",false,1,9.90,9.9000,true,1,205279
7290016144024,false,"קמח כוסמין מלא נפלאות 100% 1 ק""ג","קמח מלכים בע""מ",IL,קמח 100% כוסמין 1 קג,קילוגרמים,1.00,"ק""ג",false,1,14.90,14.9000,true,1,205281
7290016144031,false,"קמח חיטה לבן נפלאות 1 ק""ג",קמח מלכים,IL,קמח חיטה לבן 1 קג,קילוגרמים,1.00,"ק""ג",false,1,6.90,6.9000,true,1,205280
7290016144116,false,"קמח תופח נפלאות, 1 ק""ג",קמח מלכים,IL,קמח תופח 1 קג,קילוגרמים,1.00,"ק""ג",false,1,8.90,8.9000,true,1,205283
7290016150117,false,סלק אדום מבושל 500 ג' בוואקום,חקלאי,IL,סלק אדום מקולף ומבושל 500 גר,גרמים,500.00,100 גרם,false,1,6.90,1.3800,true,1,184053
7290016150711,false,Avel -נוזל קוקוס תאילנדי בפחית 400 גרם,,,נוזל קוקוס אבאל פחית 400 גר,גרמים,400.00,100 גרם,false,1,5.90,1.4750,true,1,188186
7290016197488,false,מטליות מיקרופייבר למשטחים ניקול 3יח',UFO INC,CN,מטליות קסם ניקול לשיש שלישייה,Unknown,0.00,Unknown,false,1,10.90,0.0000,true,1,180598
7290016197495,false,מטלית קסם מיקרופייבר לרצפה ניקול 2יח',חוגלה קימברלי,CN,מטליות קסם ניקול לרצפה מארז זוג,Unknown,0.00,Unknown,false,1,19.90,0.0000,true,1,180396
7290016197617,false,דיפנד - תחבושות לנשים אקסטרה 10 יח',kimberly clark,,תחבושת דיפנד אקסטרה 10 יח,Unknown,0.00,Unknown,false,1,16.80,0.0000,true,1,187652
7290016197839,false,ניקול השקית החזקה 20 יח' XL,אשפלסט תעשיות בעמ,IL,שקיות אשפה חזקות במיוחד 10 יח,Unknown,0.00,Unknown,false,1,24.90,0.0000,true,1,180017
7290016233384,false,גפילטע פיש 7קציצות מהדרין 550ג',,,גפילטע פיש 7 קציצות 555 גר,גרמים,555.00,100 גרם,false,1,14.90,2.6847,true,1,180864
7290016233575,false,שיבולת שועל 600 גר,,,שיבולת שועל 600 גר,גרמים,600.00,100 גרם,false,1,6.90,1.1500,true,1,182381
7290016233711,false,פסטה לינגוויני לה פס,,,לה פסטה לינגוויני 400 גר,גרמים,400.00,100 גרם,false,1,3.90,0.9750,true,1,184761
7290016233995,false,שימורי אנשובי עם שמן זית 45 ג' תומר,Inversiones prisco s,,פילה אנשובי פח שמן זית 45 גר,גרמים,45.00,100 גרם,false,1,8.90,19.7778,true,1,182722
7290016234008,false,אנשובי צנצנת בשמן זית תןמר 100 גר,Inversiones prisco s,,פילה אנשובי צנצנת שמן זית 100 גר,גרמים,100.00,100 גרם,false,1,12.90,12.9000,true,1,182720
7290016245929,false,לחם טחינה עשיר בחלבון 450 ג' ביכורים,מאפיית ביכורים,IL,לחם טחינה עשיר בחלבון 450 גר,גרמים,450.00,100 גרם,false,1,27.90,6.2000,true,1,202762
7290016246018,false,בארכה מיקס פינוקיות חלווה 10*20ג,רושדי תעשיות מזון בע,IL,חלבה בארכה מיקס פינוקיות 20גר עשיריה,גרמים,200.00,100 גרם,false,1,12.90,6.4500,true,1,180111
7290016246025,false,בארכה מיקס פינוקיות חלווה ללא סוכר 10*20ג,רושדי תעשיות מזון בע,IL,חלבה בארכה פינוקיות ללא סוכר 20גר עשיריה,גרמים,200.00,100 גרם,false,1,12.90,6.4500,true,1,180112
7290016246308,false,חטיף חלבה וניל קוקוס בארכה בקטנה 18ג',רושדי תעשיות מזון בע,IL,חלבה בארכה וניל קוקוס שביעייה,גרמים,126.00,100 גרם,false,1,11.90,9.4444,true,1,183348
7290016246445,false,טחינה גולמית מעודנת שמשום מלא בארכה 310ג',בארכה,IL,טחינה בארכה מעודנת שומשום מלא 310 גר,גרמים,310.00,100 גרם,false,12,12.90,4.1613,true,1,186080
7290016246452,false,טחינה גולמית מעודנת לימון שום בארכה 310ג',בארכה,IL,טחינה בארכה מעודנת לימון שום 310 גר,גרמים,310.00,100 גרם,false,12,12.90,4.1613,true,1,186079
7290016246490,false,בארכה חלבה קלאסיק 400 גר',,,חלבה בארכה קלאסית 400 גר,גרמים,400.00,100 גרם,false,1,10.90,2.7250,true,1,188133
7290016248074,false,יין אדום יבש מסע ישר,,,"יין מסע אדום 2015 750 מ""ל",מיליליטרים,750.00,"100 מ""ל",false,1,59.80,7.9733,true,1,181545
7290016248111,false,יין מסע ישראלי ורוד,,,"יין מסע ישראלי ורוד 750 מ""ל",מיליליטרים,750.00,"100 מ""ל",false,1,59.80,7.9733,true,1,182147
7290016248173,false,יין מסע ישראלי ויתקי,,,"יין מסע ישראלי לבן 750 מ""ל",מיליליטרים,750.00,"100 מ""ל",false,1,59.80,7.9733,true,1,182203
7290016276787,false,מעדן אננס 100% רכיבי פרי ללא סוכר שקדיה 284 ג',שקדיה,IL,מעדן אננס ללא תוספת סוכר שקדיה 284 גר,גרמים,284.00,100 גרם,false,1,8.90,3.1338,true,1,187009
7290016276831,false,תבשיל אטריות בטעם בקר 70 ג',טיאן הונג,TH,מנה חמה אטריות טעם בקר 70 גר,גרמים,70.00,100 גרם,false,1,5.90,8.4286,true,1,205425
7290016304404,false,לחם קוביות 100% כוסמין 600 ג',מאפיית דוידוביץ ובני,IL,לחם כוסמין 600 גר,גרמים,600.00,100 גרם,false,1,13.90,2.3167,true,1,184578
7290016304596,false,מארז 10 לחמניות בשקית,מאפית דוידוביץ ובניו,IL,לחמניות רגילות 75 גר 10 יח,גרמים,750.00,100 גרם,false,1,12.90,1.7200,true,1,192530
7290016319309,false,פמלי פרלי 1ליטר מאסק קלאסי+משאבה,הנסיך- מפעל לייצור ט,TR,"אל סבון ""פמילי"" מאסק+משאבה 1 ל",ליטרים,1.00,ליטר,false,1,11.90,11.9000,true,1,181213
7290016320343,false,"דאק נוזל ג'ל לניקוי מתקדם בניחות לבנדר זוג * 750 מ""ל",טואלט דאק Toilet Duck,,דאק זוג גל לניקוי מתקדם בניחוח לבנדר,ליטרים,1.50,ליטר,false,1,15.90,10.6000,true,1,184287
7290016321319,false,סבון נוזלי בניחוח אשכליות אדומה 1 ל' פמלי,אינטרקוסמא,,אל סבון פמילי אשכולית אדומה עם משאבה 1 ל,ליטרים,1.00,ליטר,false,1,11.90,11.9000,true,1,202951
7290016321326,false,סבון נוזלי בניחוח מנדרינה ולואיזה + משאבה 1 ל' פמלי,אינטרקוסמא,,אל סבון פמילי מנדרינה לואיזה+ משאבה 1 ל,ליטרים,1.00,ליטר,false,1,11.90,11.9000,true,1,202952
7290016321661,false,מגבונים פרש וואנס סנסיטיב קר רביעיה,עלבד משואות יצחק,IL,מגבונים פרש וואנס רביעייה סנסיטיב קר,Unknown,0.00,Unknown,false,1,16.90,0.0000,true,1,188953
7290016321678,false,מגבונים לחים בניחוח מרענן עם תמציות קמומיל ואלוורה,עלבד משואות יצחק,IL,מגבונים לחים פרש וואנס רביעייה,Unknown,0.00,Unknown,false,1,16.90,0.0000,true,1,188952
7290016321883,false,פ.ו נייר טואלט מתכלה ילדים 40יח- שלישייה,עלבד משואות יצחק בעמ,IL,נייר טואלט לח פרשו וואנס לילדים שלישייה,Unknown,0.00,Unknown,false,1,13.90,0.0000,true,1,187836
7290016321890,false,פ.ו נייר טואלט מתכלה מבוגרים 40יח- שלישייה,עלבד משואות יצחק בעמ,IL,נייר טואלט לח פרשו וואנס למבוגרים שלישיי,Unknown,0.00,Unknown,false,1,13.90,0.0000,true,1,187835
7290016370089,false,מלפפון במלח 13-17 יבנה 560 ג',קבוצת יבנה,,מלפפון פיקנטי 13-17 יבנה 560 גר,גרמים,560.00,100 גרם,false,12,9.90,1.7679,true,1,198018
7290016370119,false,מלפפון בטעם ביתי צנצ,,,מלפפון בטעם ביתי צנצנת 540 גר,גרמים,540.00,100 גרם,false,1,8.90,1.6481,true,1,197949
7290016370263,false,יבנה מארז זיתים חרוזית 200*3 ג',,,חרוזית ירוק שלישייה 200 גר,גרמים,600.00,100 גרם,false,1,12.90,2.1500,true,1,197428
7290016370270,false,זית קלמטה מגולען 560 ג' -יבנה,,,זית קלמטה מגולען יווני 560 גר,גרמים,560.00,100 גרם,false,12,11.90,2.1250,true,1,195387
7290016370904,false,זית חרוזית ירוק ‏400‏ ג' יבנה,,,זית חרוזית ירוק יבנה 400 גר,גרמים,400.00,100 גרם,false,1,6.90,1.7250,true,1,185706
7290016370959,false,חציל קלוי פירה בצנצנת ‏580‏ ג' יבנה,תאי פרזידנט פוד פאבל,IL,חציל קלוי פירה צנצנת 580 גר,גרמים,580.00,100 גרם,false,1,10.90,1.8793,true,1,185709
7290016370973,false,פלפל קלוי גמביה בצנצנת 580 ג' ‏יבנה,קדבורי,IL,פלפל קלוי צנצנת 580 גר,גרמים,580.00,100 גרם,false,1,10.90,1.8793,true,1,185710
7290016372342,false,עגבניות חתוך קוביות גראנד איטליה מארז 400X3ג',גרנד איטליה Grand Italia,,עגבניות חתוכות לקוביות 400 גר שלישייה,גרמים,1200.00,100 גרם,false,1,14.90,1.2417,true,1,183518
7290016372373,false,רסק עגבניות ללא תוספת סוכר ומלח - מארז זוג,גרנד איטליה Grand Italia,,רסק עגבניות גרנד איטליה 135 גר זוג,גרמים,280.00,100 גרם,false,1,7.90,2.8214,true,1,183515
7290016372458,false,חליטת צמחים לימונית ולואיזה הגן הקסום,קריות זול,,הגן הקסום לימונית ולואיזה 50 שק,גרמים,75.00,100 גרם,false,1,29.90,39.8667,true,1,182991
7290016372489,false,ויסוצקי חליטת ג'ינג'ר ולימון סודות הצמחים 25 שקיקים,HIQ FOOD PRODUCTS,IL,חליטת תה סודות הצמחים אגינגר ולימון 20 ש,Unknown,0.00,Unknown,false,1,17.90,0.0000,true,1,183511
7290016372496,false,חליטת פירות וצמחים בטעם ג'ינג'ר ודבש -אפקט הג'ינג'ר,ויסוצקי,IL,חליטת תה סודות הצמחים גינגר ודבש 20 שק,Unknown,0.00,Unknown,false,1,17.90,0.0000,true,1,183510
7290016408294,false,"מרשמלו ורוד לבן וסטהיים 150 ג', 26 בקרטון",מנדלז סי.אר. פרודקשן,IL,מרשמלו כרמית ורוד לבן 150 גר,גרמים,150.00,100 גרם,false,1,5.90,3.9333,true,1,182630
7290016408423,false,קרקר עם זיתים שחורים,תות תעשיות מזון (201,LT,קרקר עם זיתים שחורים ושום 130 גר,גרמים,130.00,100 גרם,false,1,6.90,5.3077,true,1,182621
7290016408447,false,קרקר עם עגבניות ובזי,דנוויטה ג'יי. אס. סי,LT,קרקר עם עגבניות ובזיליקום 130 גר,גרמים,130.00,100 גרם,false,1,6.90,5.3077,true,1,182623
7290016437621,false,"תחתוני חיתולים פרידום דריי מידה 4 9-11 ק""ג",האגיס Huggies,CZ,תחתוני חיטולים האגיס פרידום דריי מידה 4,Unknown,0.00,Unknown,false,1,44.90,0.0000,true,1,182188
7290016437652,false,האגיס פרידום דריי פנטס מידה 6 30 יח',קימברלי,CZ,תחתוני חיטולים האגיס פרידום דריי מידה 6,Unknown,0.00,Unknown,false,1,44.90,0.0000,true,1,182190
7290016448481,false,כבד דג שיבוט 202 גר,,,כבד דג שיבוט 202 גר,גרמים,202.00,100 גרם,false,1,17.90,8.8614,true,1,188017
7290016448634,false,שפרוטים מעושנים בשמן,,,שפרוטים מעושנים בשמן 240 גר,גרמים,240.00,100 גרם,false,1,14.90,6.2083,true,1,196466
7290016448771,false,משקה על בסיס מיץ אפר,,,משקה על בסיס מיץ אפרסק עם זרעי ציה 290 מ,מיליליטרים,290.00,"100 מ""ל",false,24,6.90,2.3793,true,1,191329
7290016448788,false,משקה על בסיס מיץ אננ,,,משקה על בסיס מיץ אננס עם זרעי ציה 290 מל,מיליליטרים,290.00,"100 מ""ל",false,24,6.90,2.3793,true,1,191330
7290016448801,false,משקה על בסיס מיץ קיו,,,משקה על בסיס מיץ קיווי עם זרעי ציה 290 מ,מיליליטרים,290.00,"100 מ""ל",false,24,6.90,2.3793,true,1,191332
7290016448849,false,קפה קר בטעם לאטה מקי,,,קפה קר בטעם לאטה מקיאטו 250 מל,מיליליטרים,250.00,"100 מ""ל",false,24,6.90,2.7600,true,1,192696
7290016448856,false,קפה קר בטעם טירמיסן,,,קפה קר בטעם טירמיסן 250 מל,מיליליטרים,250.00,"100 מ""ל",false,24,6.90,2.7600,true,1,192699
7290016448894,false,ביצ'קי ברוטב עגבניות,,,ביצקי ברוטב עגבניות 240 גר,גרמים,240.00,100 גרם,false,24,6.90,2.8750,true,1,191985
7290016476606,false,יין רוזה מאליז 750 מ,,,יין רוזה מאליז 750 מל,מיליליטרים,750.00,"100 מ""ל",false,6,79.90,10.6533,true,1,196016
7290016509342,false,סוד שלישייה סבון לאסל כחול אקטיבי אקנומיקה,סוד,,שלישיית סבון אסלה סוד כחול,Unknown,0.00,Unknown,false,1,17.90,0.0000,true,1,202504
7290016509786,false,פרסיל - ג'ל כביסה ירוק 2.50 ליטר,פרסיל Persil,IL,גל כביסה פרסיל ירוק 2.5 ל,ליטרים,2.50,ליטר,false,6,29.90,11.9600,true,1,187448
7290016509809,false,ג'ל מרוכז לכביסה קולור 2.5 ל' פרסיל,פרסיל Persil,IL,גל כביסה פרסיל קולור 2.5 ל,ליטרים,2.50,ליטר,false,6,29.90,11.9600,true,1,187449
7290016509823,false,ג'ל לכביסה לבנה וצבעונית בניחוח רענן,פרסיל Persil,,גל כביסה פרסיל בלו 2.5 ל,ליטרים,2.50,ליטר,false,6,29.90,11.9600,true,1,187450
7290016509830,false,ג'ל כביסה לבגדי תינוקות ובעלי עור רגיש Sensitive,פרסיל Persil,IL,גל כביסה פרסיל בייבי 2.5 ל,ליטרים,2.50,ליטר,false,6,29.90,11.9600,true,1,187451
7290016513042,false,אובליפיחה קפוא 250 ג,,,מיקס פירות גן קפוא 250 גר,גרמים,250.00,100 גרם,false,1,15.90,6.3600,true,1,183816
7290016513264,false,חמוציות בר 250 גר,,,חמוציות בר 250 גר,גרמים,250.00,100 גרם,false,1,14.90,5.9600,true,1,181492
7290016513271,false,חמוציות 250 גר,,,חמוציות 250 גר,גרמים,250.00,100 גרם,false,1,11.90,4.7600,true,1,181488
7290016513288,false,פטל אדום 250 גר,,,פטל אדום 250 גר,גרמים,250.00,100 גרם,false,1,19.90,7.9600,true,1,181493
7290016513295,false,דומדמנית אדומה 250 ג,,,דומדמנית אדומה 250 גר,גרמים,250.00,100 גרם,false,1,11.90,4.7600,true,1,181483
7290016513301,false,דומדמנית שחורה 250 ג,,,דומדמנית שחורה 250 גר,גרמים,250.00,100 גרם,false,1,11.90,4.7600,true,1,181484
7290016513318,false,אוכמניות שחורות 250,,,אוכמניות שחורות 250 גר,גרמים,250.00,100 גרם,false,1,14.90,5.9600,true,1,181494
7290016513325,false,דובדבן 250 גר,,,דובדבן 250 גר,גרמים,250.00,100 גרם,false,1,11.90,4.7600,true,1,181485
7290016513332,false,מיקס פירות 250 גר,,,מיקס פירות 250 גר,גרמים,250.00,100 גרם,false,1,11.90,4.7600,true,1,181486
7290016523195,false,סטימר עץ 8,Fujian fuzhou tian s,,סטימר עץ 8,Unknown,0.00,Unknown,false,1,39.90,0.0000,true,1,181398
7290016523447,false,אטריות ביצים 300 גרם,פוג'יאן לונגהי אנליד,CN,אטריות ביצים 300 גר,גרמים,300.00,100 גרם,false,1,7.90,2.6333,true,1,183064
7290016567007,false,מחית אסאי ריבאר קפוא,בלהאיסה,BR,מחית אסאי ריבאר קפוא 100 גר,גרמים,100.00,100 גרם,false,1,12.90,12.9000,true,1,196176
7290016580174,false,צלחות 9 צבעומיות דנט,,,צלחות 9 צבעומיות דנטס 100 יח,Unknown,0.00,Unknown,false,1,32.90,0.0000,true,1,202649
7290016580563,false,כוס בירה 330 מל 40 י,,,כוס בירה 330 מל 40 יח,Unknown,0.00,Unknown,false,1,8.90,0.0000,true,1,194695
7290016584011,false,חטיפוני גזר 350 גרם,"מרינה פטריות הגליל בע""מ",IL,חטיפוני גזר 350 גר,גרמים,350.00,100 גרם,false,1,9.90,2.8286,true,1,180859
7290016584103,false,גזר צבעוני,,,גזר צבעוני,Unknown,0.00,Unknown,false,1,12.90,0.0000,true,1,194290
7290016584219,false,שעועית ירוקה שלמה טר,חקלאי,IL,שעועית ירוקה שלמה טריה 410 גר,גרמים,410.00,100 גרם,false,1,12.90,3.1463,true,1,194289
7290016601527,false,"מבשם לכביסה ולבית ורוד פלירוסול 500 מ""ל טאצ",,,פלירוסול מבשם לכביסה ולבית ורוד 500 מל,מיליליטרים,500.00,"100 מ""ל",false,1,29.90,5.9800,true,1,202367
7290016607772,false,יין רוזה גליל דלתון,"איי, בי, אינבוו",IL,יין דלתון רוזה גליל 750 מל,מיליליטרים,750.00,"100 מ""ל",false,1,59.90,7.9867,true,1,194635
7290016667271,false,"משאבה מסיר לאק 150 מ""ל",,,"משאבה מסיר לאק 150 מ""ל",מיליליטרים,150.00,"100 מ""ל",false,1,10.90,7.2667,true,1,182816
7290016667561,false,"שמן קוקוס כבישה קרה 500 מ""ל",,,"שמן קוקוס כבישה קרה 500 מ""ל",מיליליטרים,500.00,"100 מ""ל",false,1,29.90,5.9800,true,1,189248
7290016667639,false,שקיות אשפה גופיה ענק 75\90,BAAECO,,שקיות אשפה גופייה ענק 75/90,Unknown,0.00,Unknown,false,1,12.90,0.0000,true,1,189972
7290016682052,false,"משקה קל לימונענע. מפוסטר, מקורר",פריניב,IL,"מיץ לימונענע סחוט טבעי 400 מ""ל",מיליליטרים,400.00,"100 מ""ל",false,1,9.90,2.4750,true,1,191455
7290016682168,false,"פריניב מיץ תפוזים ולנסיה סחוט 100% 400 מ""ל",פריניב,,מיץ תפוז וולנסיה סחוט 100% 400 מל,מיליליטרים,400.00,"100 מ""ל",false,8,9.90,2.4750,true,1,197756
7290016682243,false,פריניב מיץ אשכולית אדומה סחוט 1 ליטר,פריניב,IL,מיץ אשכולית אדומה סחוט 1 ל,ליטרים,1.00,ליטר,false,1,15.90,15.9000,true,1,186363
7290016682250,false,מיץ תפוז וגזר סחוט 1,,,מיץ פריניב תפוז גזר 1 ל,ליטרים,1.00,ליטר,false,9,15.90,15.9000,true,1,207493
7290016682335,false,מיץ תפוזים 100% סחוט טבעי,פריניב,IL,מיץ תפוזים סחוט 2 ל,ליטרים,2.00,ליטר,false,1,24.90,12.4500,true,1,201398
7290016682342,false,מיץ תפוזים ולנסיה 2 ליטר,פריניב,IL,מיץ תפוז ולנסיה סחוט 2 ל,ליטרים,2.00,ליטר,false,1,26.90,13.4500,true,1,201399
7290016682359,false,מיץ תפוזים שמוטי 2 ליטר,פריניב,IL,מיץ תפוז שמוטי סחוט 2 ל,ליטרים,2.00,ליטר,false,1,26.90,13.4500,true,1,201400
7290016682380,false,משקה קל לימונדה לואיזה ולמון גארס 2 ל',פריניב,IL,מיץ לימונדה לואיזה 2 ל,ליטרים,2.00,ליטר,false,1,24.90,12.4500,true,1,201403
7290016682397,false,נקטר פריניב חמוציות,פריניב,IL,נקטר פרי ניב חמוציות 2 ל,ליטרים,2.00,ליטר,false,1,19.90,9.9500,true,1,201404
7290016717167,false,יין VATS 2 לבן 750 מ,,,"יין VATS 2 לבן 750 מ""ל",מיליליטרים,750.00,"100 מ""ל",false,1,54.80,7.3067,true,1,191120
7290016823004,false,בזיליקום יח freshlid,"מרינה פטריות הגליל בע""מ",IL,בזיליקום,Unknown,0.00,Unknown,false,1,4.90,0.0000,true,1,182413
7290016823011,false,רוקולה,,,רוקולה,Unknown,0.00,Unknown,false,1,4.90,0.0000,true,1,182414
7290016823028,false,עירית יח freshlid,"מרינה פטריות הגליל בע""מ",IL,עירית,Unknown,0.00,Unknown,false,1,4.90,0.0000,true,1,182415
7290016823059,false,טימין קורנית ארוז יח,"מרינה פטריות הגליל בע""מ",IL,טימין,Unknown,0.00,Unknown,false,1,4.90,0.0000,true,1,182417
7290016823257,false,חסה סלנובה מהדרין יח,"מרינה פטריות הגליל בע""מ",IL,חסה סלנובה,Unknown,0.00,Unknown,false,1,12.90,0.0000,true,1,182206
7290016823523,false,צנונית ארוזה 500 גרם,"מרינה פטריות הגליל בע""מ",IL,צנונית ארוזה,גרמים,500.00,100 גרם,false,1,5.90,1.1800,true,1,185299
7290016866643,false,משחת שיניים פרודונטקס אקסטרה פרש,פרודונטקס Parodontax,SK,משחת שיניים פרודונטקס פרש 75 מל,מיליליטרים,75.00,"100 מ""ל",false,1,29.90,39.8667,true,1,188194
7290016866650,false,"פרודונטקס - משחת שיניים אוריג'ינל 75 מ""ל",פרודונטקס Parodontax,SK,משחת שיניים פרודונטקס אוריגינל 75 מל,מיליליטרים,75.00,"100 מ""ל",false,1,29.90,39.8667,true,1,188195
7290016866674,false,"פרודונטקס - משחת שיניים מלבינה 75 מ""ל",פרודונטקס Parodontax,SK,משחת שיניים פרדונטקס מלבינה 75 מל,מיליליטרים,75.00,"100 מ""ל",false,1,29.90,39.8667,true,1,188196
7290016866711,false,"סטייל מרכך לשיער קרטין פלוס לאחר החלקה, 750 מ""ל",סטייל Style,,מרכך סטייל קרטין פלוס ויטמין 750 מל,מיליליטרים,750.00,"100 מ""ל",false,1,22.90,3.0533,true,1,202510
7290016866728,false,"סטייל - מסכה קרטין אי 750 מ""ל",סטייל Style,,מסכה סטייל קרטין פלוס 500 מל,מיליליטרים,500.00,"100 מ""ל",false,1,26.90,5.3800,true,1,202511
7290017023663,false,"שוופס מיץ פירות לימונייד פחית מארז 330X4מ""ל",יפאורה תבורי,IL,רביעיית פחיות שוופס מוגז פירות למונייד,מיליליטרים,1320.00,"100 מ""ל",false,1,14.90,1.1288,true,1,185525
7290017031705,false,"סנסודיין - משחת שיניים קלין&פרש 75 מ""ל",DE MICLEN,SK,משחת שיניים סנסודיין 75 מל,מיליליטרים,75.00,"100 מ""ל",false,1,20.90,27.8667,true,1,187445
7290017034065,false,אסותא אבקת כביסה 1.2,,,"אסותא אבקת כביסה 1.25 ק""ג",קילוגרמים,1.25,"ק""ג",false,1,8.90,7.1200,true,1,188216
7290017044019,false,אסותא דלי מטליות לחות לנ.,,,מטליות לחות אסותא לניקוי כללי 400 יח,Unknown,0.00,Unknown,false,1,19.90,0.0000,true,1,182372
7290017044071,false,אסותא דלי מטליות לחות לנ.,,,מטליות לחים אסותא לניקוי כללי תפוח דלי,יחידה,400.00,יחידה,false,1,19.90,0.0497,true,1,184172
7290017044293,false,אסותא מגבוני ריצפה בדלי 50 יח',,,אסותא דלי מטליות לרצפה 50 יח,Unknown,0.00,Unknown,false,6,29.90,0.0000,true,1,194745
7290017058092,false,שיבולת שועל שלמים 60,,,שיבולת שועל שלמים 600 גר,גרמים,600.00,100 גרם,false,1,6.90,1.1500,true,1,183361
7290017058115,false,קורנישון בסגנון צרפת,Satko ltd,,קורנישון בסגנון צרפתי 670 גרם,גרמים,670.00,100 גרם,false,1,9.90,1.4776,true,1,182973
7290017062679,false,מרכך כביסה מרוכז צהוב טאצ 1ל',,,מרכך כביסה מרוכז צהוב טאצ 1 ל,ליטרים,1.00,ליטר,false,12,12.90,12.9000,true,1,195642
7290017062686,false,מרכך כביסה מרוכז בייבי טאצ 1ל',סאסאטק,IL,מרכך כביסה מרוכז בייבי טאצ 1 ל,ליטרים,1.00,ליטר,false,5,12.90,12.9000,true,1,195637
7290017062693,false,מרכך כביסה מרוכז לבן טאצ 1ל',סאסאטק,IL,מרכך כביסה מרוכז לבן טאצ 1 ל,ליטרים,1.00,ליטר,false,12,12.90,12.9000,true,1,195641
7290017062709,false,מרכך כביסה מרוכז בורדו טאצ 1ל',סאסאטק,IL,מרכך כביסה מרוכז בורדו טאצ 1 ל,ליטרים,1.00,ליטר,false,5,12.90,12.9000,true,1,195636
7290017062730,false,"נוזל כלים 36% לבנדר +משאבה 750 מ""ל",,,נוזל כלים לבנדר 36% 750 מל טאצ+משאבה,מיליליטרים,750.00,"100 מ""ל",false,1,9.90,1.3200,true,1,194915
7290017062754,false,"נוזל כלים 36% לימון+משאבה 750 מ""ל",,,נוזל כלים לימון 36% 750 מל טאצ+משאבה,מיליליטרים,750.00,"100 מ""ל",false,1,9.90,1.3200,true,1,194916
7290017062938,false,פלירוסול מבשם לכביסה,,,פלירוסול מבשם לכביסה ולבית צהוב 500 מל,מיליליטרים,500.00,"100 מ""ל",false,1,29.90,5.9800,true,1,202371
7290017065007,true,גבינה מוצרלה פרוס 22,,,גבינה מוצרלה פרוס 22% 200 גר,גרמים,200.00,100 גרם,false,1,18.90,9.4500,true,1,182181
7290017065137,false,ריקוטה למריחה 5% טבעית 200 גרם - רובין,האי נאם סי או אל.טי.,IL,גבינה למריחה ריקוטה 5% טבעי 200 גר,גרמים,200.00,100 גרם,false,1,9.90,4.9500,true,1,183888
7290017065144,false,גבינת ריקוטה למריחה 5% בזיליקום 200ג' גד,האי נאם סי או אל.טי.,IL,גבינה למריחה ריקוטה 5% בזיליקום 200 גר,גרמים,200.00,100 גרם,false,1,9.90,4.9500,true,1,184018
7290017065212,false,גבינת קרם מסקרפונה מחלבות גד 250 גר,מיוצר עי קוד יצרן ED,IL,קרם מסקרפונה להקפצה גד 38% 250 גר,גרמים,250.00,100 גרם,false,1,20.90,8.3600,true,1,184838
7290017065236,false,גבינה בולגרית מעודנת 24% גד 250 ג',הנסיך- מפעל לייצור ט,IL,בולגרית מעודנת 24% 250 גר,גרמים,250.00,100 גרם,false,1,22.90,9.1600,true,1,184866
7290017065526,false,קוואטרו פורמאג'י 4 גבינות מגוררות 26%,מחלבות גד בעמ,IL,גבינה קוואטרו פורמאגי 300 גר,גרמים,300.00,100 גרם,false,1,29.90,9.9667,true,1,188286
7290017065731,false,גבינת שמנת 30% ניו יורק +כמהין 200 גרם רבנות,פ.פ.ח. שאביט,IL,גבינת שמנת ניו יורק כמהין 30% 200 גר,גרמים,200.00,100 גרם,false,1,13.90,6.9500,true,1,196905
7290017065786,false,גבינת צ'דר אנגלית גד 210 ג',מחלבות גד,IL,גבינת צדר אנגלית 210 גר,גרמים,210.00,100 גרם,false,12,21.90,10.4286,true,1,199344
7290017088105,false,טיטולי בייביסיטר מידה 3 38 יח,די.פי.אל תעשיות מוצר,IL,חיטולים בייביסיטר נוחות מידה 3 38 יח,Unknown,0.00,Unknown,false,1,29.90,0.0000,true,1,185778
7290017088112,false,טיטלי בייביסיטר מידה 4 36 י ח,די.פי.אל תעשיות מוצר,IL,חיטולים בייביסיטר נוחות מידה 4 36 יח,Unknown,0.00,Unknown,false,1,29.90,0.0000,true,1,185779
7290017088129,false,טיטולי בייביסיטר מידה 4+ 34 יח,די.פי.אל תעשיות מוצר,IL,חיטולים בייביסיטר נוחות מידה 4+ 34 יח,Unknown,0.00,Unknown,false,1,29.90,0.0000,true,1,185780
7290017088143,false,טיטלי בייביסיטר מידה 6 30 יח,די.פי.אל תעשיות מוצר,IL,חיטולים בייביסיטר נוחות מידה 6 30 יח,Unknown,0.00,Unknown,false,1,29.90,0.0000,true,1,185782
7290017088327,false,מגבוני בייביסיטר extra soft ללא בישום 4*64 יח',,,מגבון בייביסיטר ללא בישום,Unknown,0.00,Unknown,false,1,16.90,0.0000,true,1,192491
7290017088396,false,קוויק מגבון מסיר כתמים 20 יח בקופ' 12 קופ' בקר,,,מגבון קוויק מסיר כתמים 20 יח,Unknown,0.00,Unknown,false,1,14.90,0.0000,true,1,192490
7290017088914,false,מגבונים בייביסיטר מבושם 66X6 יח',,,שישיית מגבוני בייביסיטר מבושם 66 יח,Unknown,0.00,Unknown,false,1,17.90,0.0000,true,1,196903
7290017105253,false,קטשופ יכין 740 גרם,"זנלכל בע""מ",ES,קטשופ יכין 740 גר,גרמים,740.00,100 גרם,false,1,7.90,1.0676,true,1,192087
7290017105550,false,רסק עגבניות מארז 100X4גר',היינץ צפון אמריקה מק,IL,מאגדת רסק עגבניות 100% 4*100 גר,גרמים,400.00,100 גרם,false,8,11.90,2.9750,true,1,193279
7290017105895,false,גרגרי חומוס להכנת חומוס 550 גרם יכין,זנלכל,IL,גרגרי חומוס מסעדות יכין 550 גר,גרמים,550.00,100 גרם,false,12,9.90,1.8000,true,1,193278
7290017121093,false,אריסה חריפה 250 גרם עללחם,"מדשא תעשיות מזון בע""",IL,אריסה חריפה עללחם 250 גר,גרמים,250.00,100 גרם,false,1,14.90,5.9600,true,1,189115
7290017129495,false,אגו מיקס כדורי תירס מצופים שוקולד חלב 55 גר,כרמית,IL,אגו מיקס כדורי תירס מצופים שוקולד חלב 55,גרמים,55.00,100 גרם,false,24,3.90,7.0909,true,1,184092
7290017129501,false,אגו מיקס כדורי תירס מצופים שוקולד לבן 55 גר,כרמית,IL,אגו מיקס כדורי תירס מצופים שוקולד לבן 55,גרמים,55.00,100 גרם,false,24,3.90,7.0909,true,1,184091
7290017129518,false,כדורים פריכים מצופים שוקולדחלב ולבן אגו מיקס,כרמית,IL,אגו מיקס כדורי תירס מצופה שוקולד חלב לבן,גרמים,55.00,100 גרם,false,24,3.90,7.0909,true,1,184093
7290017129754,false,"שוקולד מריר מעולה 70% מוצקי קקאו 100 גר בד""ץ","כד בני דרום בע""מ",IL,שוקולד כרמית פרמיום 70% 100 גר,גרמים,100.00,100 גרם,false,1,7.90,7.9000,true,1,185508
7290017129761,false,"שוקולד פרימיום 70% בטעם תפוז בד""ץ 100 גר'",כרמית תעשיות ממתקים,IL,שוקולד כרמית פרמיום 70% בטעם תפוז 100 גר,גרמים,100.00,100 גרם,false,1,7.90,7.9000,true,1,185509
7290017129822,false,מטבעות שוקולד מריר 36 ג' !..,כרמית,IL,מטבעות שוקולד מריר כרמית 36 גר,גרמים,36.00,100 גרם,false,35,3.90,10.8333,true,1,189955
7290017129877,false,מיקס לקקנים שטוחים פירות 40*7.5 גר' * 24 בקר',דורקן סקרלמה סאן. וי,TR,סוכ מיקס לקקנים שטוחים בטעמי פירות 40 י,Unknown,0.00,Unknown,false,24,10.90,0.0000,true,1,187293
7290017142005,false,"שמן קוקוס אורגני כתית 320 מ""ל עץ הזית",עץ הזית,,שמן קוקוס עץ הזית אורגני כתית 320 מל,מיליליטרים,320.00,"100 מ""ל",false,1,29.90,9.3437,true,1,182549
7290017142012,false,שמן קוקוס אורגני כתית מכבישה קרה,עץ הזית,,שמן קוקוס עץ הזית אורגני כתית 500 מל,מיליליטרים,500.00,"100 מ""ל",false,1,39.90,7.9800,true,1,182550
7290017142128,false,"שמן זית כתית מעולה עץ הזית 750 מ""ל",שמן תעשיות,,שמן זית כתית מעולה קלאסי עץ הזית 750 מל,מיליליטרים,750.00,"100 מ""ל",false,1,29.90,3.9867,true,1,184135
7290017142159,false,מארז נתחי טונה בהירה בשמן זית 3*80 ג' עץ הזית,הנסיך- מפעל לייצור ט,TH,נתחי טונה עץ הזית בשמן זית שלישייה,גרמים,240.00,100 גרם,false,1,23.90,9.9583,true,1,193101
7290017142166,false,פילה טונה בשמן זית עץ הזית 120 גר',"יוניקורד ח.צ בע""מ",TH,פילה טונה פרוס עץ הזית בשמן זית 120 גר,גרמים,120.00,100 גרם,false,1,14.90,12.4167,true,1,190702
7290017142203,false,פילה טונה בשמן זית בטעם מעושן עץ המוצר 120 ג',"יוניקורד ח.צ בע""מ",TH,פילה טונה פרוס מעושן עץ הזית בשמן זית,גרמים,120.00,100 גרם,false,1,14.90,12.4167,true,1,190703
7290017142289,false,"תרסיס חמניות ללא גז 200 מ""ל עץ הזית",שמן תעשיות,,תרסיס שמן חמניות עץ הזית 200 מל,מיליליטרים,200.00,"100 מ""ל",false,1,15.90,7.9500,true,1,187170
7290017142395,false,ארוחה פסטה עם טונה בשמן זית 160 גר',,,פסטה עם טונה טו גו עץ הזית בשמן זית 160,גרמים,160.00,100 גרם,false,1,13.90,8.6875,true,1,190700
7290017142418,false,ארוחה אורז עם עדשים טונה בשמן זית 160 גר',יוניקורד ח.צ בעמ,TH,אורז ועדשים עם טונה טו גו עץ הזית בשמן ז,גרמים,160.00,100 גרם,false,1,13.90,8.6875,true,1,190699
7290017142487,false,בורגול וגרגירי חומוס עם טונה בשמן זית,עץ הזית,,בורגול גרגירי חומוס עם טונה טו גו בשמן ז,גרמים,160.00,100 גרם,false,1,13.90,8.6875,true,1,197307
7290017142500,false,תרסיס שמן זית כתית ב,קומטמפ קומפניה פורטו,IT,תרסיס שמן זית בטעם שום עץ הזית 150 מל,מיליליטרים,150.00,"100 מ""ל",false,1,19.90,13.2667,true,1,205483
7290017189192,false,אדממה פולי סויה 1 קג,משק ויילר,CN,אדממה פולי סויה 1 קג,קילוגרמים,1.00,"ק""ג",false,1,15.90,15.9000,true,1,197156
7290017189246,false,מיני פנקייק אפוי וופ,,,מיני פנקייק אפוי וופס קפוא 500 גר,גרמים,500.00,100 גרם,false,1,24.90,4.9800,true,1,191254
7290017189413,false,טבעות בצל גולד רינג,משק ויילר,ES,גולד רינג טבעות בצל 600 גר,גרמים,600.00,100 גרם,false,1,14.90,2.4833,true,1,197154
7290017197456,false,אסותא מגבוני נייר טואלט*3,,,מגבוני נייר טואלט אסותא שלישייה,Unknown,0.00,Unknown,false,1,11.90,0.0000,true,1,184951
7290017197562,false,מטליות לחים אמה לניק,,,מטליות לחים אמה לניקוי רצפה 10 יח,Unknown,0.00,Unknown,false,1,9.90,0.0000,true,1,184171
7290017197579,false,מגבונים לחים אמה לני,,,מגבונים לחים אמה לניקוי כללי לימון 50 יח,Unknown,0.00,Unknown,false,1,9.90,0.0000,true,1,184170
7290017217154,false,"תבנית אלומיניום ענקית 4 יח' 40X34 ס""מ",,,תבנית אלומיניום ענקית 4 יח,Unknown,0.00,Unknown,false,1,11.90,0.0000,true,1,185806
7290017217161,false,"תבנית אלומיניום גדולה 7 יח' 32X34 ס""מ",,,תבנית אלומיניום גדולה 7 יח,Unknown,0.00,Unknown,false,1,11.90,0.0000,true,1,185811
7290017217178,false,"תבנית אלומיניום בינונית 8 יח' 32X22 ס""מ",,,תבנית אלומיניום בינונית 8 יח,Unknown,0.00,Unknown,false,1,11.90,0.0000,true,1,185810
7290017217185,false,"תבנית אלומיניום קטנה 16 יח' 22X16 ס""מ",,,תבנית אלומיניום קטנה 16 יח,Unknown,0.00,Unknown,false,1,11.90,0.0000,true,1,185807
7290017217192,false,"תבנית אלומיניום אינגליש 13 יח' 10.5X30ס""מ",,,תבנית אלומיניום אינגליש 13 יח,Unknown,0.00,Unknown,false,1,11.90,0.0000,true,1,185808
7290017217321,false,נרות חימום ריחניים בניחות לוונדר 50יח',T.L.CO.LTD,CN,נרות חימום ריחניים בניחוח לבנדר 50 יח,Unknown,0.00,Unknown,false,20,14.90,0.0000,true,1,187355
7290017217338,false,נרות חימום ריחניים בניחות וניל 50יח',T.L.CO.LTD,CN,נרות חימום ריחניים בניחוח וניל 50 יח,Unknown,0.00,Unknown,false,20,14.90,0.0000,true,1,187353
7290017217390,false,מטליות מיקרופייבר משובחת עם ספווג 4יח,,,מטליות מיקרופייבר משובחת עם ספוג 4 יח,Unknown,0.00,Unknown,false,1,16.90,0.0000,true,1,187200
7290017217468,false,שקיות אוכל מנייר הוסט 50 יח',קילת,,שקיות אוכל מנייר 50 יח,Unknown,0.00,Unknown,false,1,7.90,0.0000,true,1,188248
7290017217673,false,כפפות משק בית אלוורה,איזיטאצ,CN,כפפות משק בית אלוורה S,Unknown,0.00,Unknown,false,1,6.90,0.0000,true,1,194117
7290017217789,false,"שקיות רב שימושיות 25 ס""מ ענק",,,שקיות הוסטס רב שימושיות ענק 270 יח,Unknown,0.00,Unknown,false,1,12.90,0.0000,true,1,190478
7290017217796,false,אטב מקושט עם אחיזה רכה 24 יחידות,LTD,CN,אטב מקושט עם אחיזה רכה 24 יח,Unknown,0.00,Unknown,false,1,16.90,0.0000,true,1,189759
7290017232218,false,לחם כפרי דווידוביץ 4,,,לחם כפרי דווידוביץ 430 גר,גרמים,430.00,100 גרם,false,1,25.90,6.0233,true,1,200482
7290017232225,false,לחם גלילי דווידוביץ,,,לחם גלילי דווידוביץ 450 גר,גרמים,450.00,100 גרם,false,1,25.90,5.7556,true,1,200483
7290017297156,false,"צ'יפס עם קליפה 1.5 ק""ג פרי הגליל","פרי הגליל בע""""מ",,ציפס עם קליפה פרי הגליל 1.5 קג,קילוגרמים,1.50,"ק""ג",false,8,17.90,11.9333,true,1,195086
7290017297200,false,לקט ירקות לצד העוף פרי הגליל 800 ג',פרי הגליל,,לקט ירקות לצד העוף 800 גר,גרמים,800.00,100 גרם,false,1,15.90,1.9875,true,1,195243
7290017297323,false,רוטב עגבניות מרוכז 100 גר' 22 BX טל וטרי,"מילוז(1989)בע""""מ",,רסק עגבניות מרוכז טל 100 גר,גרמים,100.00,100 גרם,false,48,1.90,1.9000,true,1,199157
7290017297330,false,"טל רוטב עגבניות מרוכז, 240 גרם",טל וטרי,,רוטב עגבניות מרוכז טל וטרי 240 גר,גרמים,240.00,100 גרם,false,24,3.90,1.6250,true,1,208685
7290017297637,false,רכז עגבניות A2 BX28 טל וטרי 580 גר',"מילוז(1989)בע""""מ",,רכז עגבניות 580 גר,גרמים,580.00,100 גרם,false,12,5.90,1.0172,true,1,171783
7290017297644,false,ברוקולי קפוא גרין אנד פרש 800 גר',גרין אנד פרש Green & Fresh,,ברוקולי מוקפא גרין פרש 800 גר,גרמים,800.00,100 גרם,false,12,14.90,1.8625,true,1,199339
7290017297743,false,צ'יפס אמריקאי 800 ג' פרי הגליל,"פרי הגליל בע""""מ",,ציפס אמריקאי 800 גר,גרמים,800.00,100 גרם,false,15,10.90,1.3625,true,1,202084
7290017426747,false,כוס נייר+מכסה 12 אוז,,,כוס+מכסה 12 OZ טו גו 16 יח,Unknown,0.00,Unknown,false,1,15.90,0.0000,true,1,190015
7290017457574,false,כדוריות סבון נתלה לאסלה בניחוח פרחים - 3 יח',סוד,,שלישיית סבון אסלה סוד פרחים,Unknown,0.00,Unknown,false,1,17.90,0.0000,true,1,202502
7290017457703,false,"מרכך כביסה סוד מרוכז ארומתרפי זהב 900 מ""ל",הנקל סוד,IL,מרכך כביסה סוד ארומה זהב 900 מל,מיליליטרים,900.00,"100 מ""ל",false,1,13.90,1.5444,true,1,202500
7290017457727,false,"סוד - מרכך כביסה מרוכז פרש סקיי 900 מ""ל",הנקל סוד,IL,מרכך כביסה סוד כחול 900 מל,מיליליטרים,900.00,"100 מ""ל",false,1,13.90,1.5444,true,1,202498
7290017457734,false,"סוד - מרכך כביסה מרוכז ווילד רוז 900 מ""ל",הנקל סוד,IL,מרכך כביסה סוד ורוד 900 מל,מיליליטרים,900.00,"100 מ""ל",false,1,13.90,1.5444,true,1,202499
7290017457932,false,סוד מרכך כביסה מרוכז פרש קונטרול כחול,הנקל סוד,IL,מרכך כביסה סוד פרש כחול 900 מל,מיליליטרים,900.00,"100 מ""ל",false,1,13.90,1.5444,true,1,202501
7290017477169,false,קשיו קלוי ששון הקולה,ששון,IL,אגוזי קשיו ששון הקולה 250 גר,גרמים,250.00,100 גרם,false,1,19.90,7.9600,true,1,186966
7290017487014,false,עדשים שחורות שדות בע,,,עדשים שחורות שדות בעמק,Unknown,0.00,Unknown,false,1,11.90,0.0000,true,1,201566
7290017487038,false,נבטים סיניםשדות בעמק,חקלאי,IL,נבטים סינים שדות בעמק,Unknown,0.00,Unknown,false,1,6.90,0.0000,true,1,201558
7290017487045,false,עירית בנספק שדות בעמ,חקלאי,IL,עירית בנספק שדות בעמק,Unknown,0.00,Unknown,false,1,5.90,0.0000,true,1,201540
7290017487076,false,נבטי חמניה שדות בעמק,,,נבטי חמניה שדות בעמק,Unknown,0.00,Unknown,false,1,11.90,0.0000,true,1,201557
7290017487137,false,אורגנו בנספק שדות בע,חקלאי,IL,אורגנו בנספק שדות בעמק,Unknown,0.00,Unknown,false,1,5.90,0.0000,true,1,201544
7290017487151,false,נבטי אלפלפא שדות בעמ,חקלאי,IL,נבטי אלפלפא שדות בעמק,Unknown,0.00,Unknown,false,1,6.90,0.0000,true,1,201562
7290017487168,false,עלי בייבי שדות בעמק,חקלאי,IL,עלי בייבי שדות בעמק,Unknown,0.00,Unknown,false,1,11.90,0.0000,true,1,201537
7290017487175,false,רוזמרין בנספק שדות ב,חקלאי,IL,רוזמרין בנספק שדות בעמק,Unknown,0.00,Unknown,false,1,5.90,0.0000,true,1,201545
7290017487205,false,מרווה בנספק שדות בעמ,חקלאי,IL,מרווה בנספק שדות בעמק,Unknown,0.00,Unknown,false,1,5.90,0.0000,true,1,201543
7290017487229,false,קורנית בנספק שדות בע,חקלאי,IL,קורנית בנספק שדות בעמק,Unknown,0.00,Unknown,false,1,5.90,0.0000,true,1,201546
7290017487380,false,נשנושי סלרי שדות בעמ,ביכורי שדה דרום,IL,נשנושי סלרי שדות בעמק,Unknown,0.00,Unknown,false,1,5.90,0.0000,true,1,201553
7290017487403,false,בזיליקום שדות בעמק,חקלאי,IL,בזיליקום שדות בעמק,Unknown,0.00,Unknown,false,1,11.90,0.0000,true,1,201539
7290017487410,false,רוקולה פ/ס(100גרם)-ש,חקלאי,IL,רוקולה שדות בעמק,Unknown,0.00,Unknown,false,1,11.90,0.0000,true,1,201538
7290017487434,false,לוף בשקית יחידה-שדות,חקלאי,IL,לוף בשקית שדות בעמק,Unknown,0.00,Unknown,false,1,9.90,0.0000,true,1,201517
7290017487441,false,בצל ירוק בשקית יחידה,חקלאי,IL,בצל ירוק בשקית שדות בעמק,Unknown,0.00,Unknown,false,1,5.90,0.0000,true,1,201518
7290017487458,false,פזיל/מנגולד בשקית שד,חקלאי,IL,פזיל/מנגולד בשקית שדות בעמק,Unknown,0.00,Unknown,false,1,5.90,0.0000,true,1,201519
7290017487465,false,חסה עגולה בשקית יחיד,חקלאי,IL,חסה עגולה,Unknown,0.00,Unknown,false,1,5.90,0.0000,true,1,204961
7290017487472,false,חסה סלנובה שדות בעמק,חקלאי,IL,חסה סלנובה שדות בעמק,Unknown,0.00,Unknown,false,1,14.90,0.0000,true,1,201529
7290017487489,false,תרד ניו-זילנדי בנספק,חקלאי,IL,תרד ניו זילנדי נספק שדות בעמק,Unknown,0.00,Unknown,false,1,13.90,0.0000,true,1,201535
7290017487519,false,חסה ערבית בשקית שדות,חקלאי,IL,חסה ערבית בשקית שדות בעמק,Unknown,0.00,Unknown,false,1,5.90,0.0000,true,1,206395
7290017487526,false,עלי חסה רומית בנספק,חקלאי,IL,עלי חסה רומית בנספק שדות בעמק,Unknown,0.00,Unknown,false,1,11.90,0.0000,true,1,201522
7290017487533,false,שורש פטרוזיליה שדות,ביכורי שדה דרום,IL,שורש פטרוזיליה שדות בעמק,Unknown,0.00,Unknown,false,1,5.90,0.0000,true,1,201542
7290017487557,false,בזיליקום בנספק שדות,חקלאי,IL,בזיליקום בנספק שדות בעמק,Unknown,0.00,Unknown,false,1,5.90,0.0000,true,1,201552
7290017487571,false,לבבות קיסר בנספק שדו,חקלאי,IL,לבבות קיסר בנספק שדות בעמק,Unknown,0.00,Unknown,false,1,11.90,0.0000,true,1,201521
7290017487595,false,נענע בשקית שדות בעמק,חקלאי,IL,נענע בשקית שדות בעמק,Unknown,0.00,Unknown,false,1,3.90,0.0000,true,1,201523
7290017487601,false,פטרוזיליה בשקית שדות,חקלאי,IL,פטרוזיליה בשקית שדות בעמק,Unknown,0.00,Unknown,false,1,3.90,0.0000,true,1,201525
7290017487618,false,כוסברה בשקית שדות בע,חקלאי,IL,כוסברה בשקית שדות בעמק,Unknown,0.00,Unknown,false,1,3.90,0.0000,true,1,201526
7290017487625,false,שמיר בשקית שדות בעמק,חקלאי,IL,שמיר בשקית שדות בעמק,Unknown,0.00,Unknown,false,1,3.90,0.0000,true,1,201524
7290017487687,false,מלפפון בייבי שדות בע,חקלאי,IL,מלפפון בייבי שדות בעמק,Unknown,0.00,Unknown,false,1,9.90,0.0000,true,1,201514
7290017487823,false,סלרי עלים בשקית שדות,חקלאי,IL,סלרי עלים בשקית שדות בעמק,Unknown,0.00,Unknown,false,1,5.90,0.0000,true,1,201515
7290017487830,false,סלרי ראש בשקית יחידה,חקלאי,IL,סלרי ראש בשקית שדות בעמק,Unknown,0.00,Unknown,false,1,5.90,0.0000,true,1,201516
7290017487892,false,צנונית שדות בעמק,חקלאי,IL,צנונית שדות בעמק,Unknown,0.00,Unknown,false,1,5.90,0.0000,true,1,201513
7290017510552,false,נוזל לניקוי כלים בני,,,"אסותא נוזל כלים 750 מ""ל לימון",מיליליטרים,750.00,"100 מ""ל",false,1,7.90,1.0533,true,1,188217
7290017510569,false,נוזל לניקוי כלים בני,,,"אסותא נוזל כלים 750 מ""ל תפוח",מיליליטרים,750.00,"100 מ""ל",false,1,7.90,1.0533,true,1,188218
7290017513485,false,מחית עגבניות רוסטיקה בלה איטליה 680 ג',היצרן: ס.פ. פודנצנו,IT,מחית עגבניות רוסטיקה 680 גר,גרמים,680.00,100 גרם,false,12,11.90,1.7500,true,1,190491
7290017513775,false,פליפז בייגלה מצופה שוקולד חלב 140 גרם,שוורצקוף& הנקל דיסלד,TR,חטיף בייגלה פליפס מצופה שוקולד חלב 140 ג,גרמים,140.00,100 גרם,false,1,9.90,7.0714,true,1,190724
7290017513782,false,פליפז בייגלה מצופה שוקולד מריר 140 גרם,שוורצקוף& הנקל דיסלד,TR,חטיף בייגלה פליפס מצופה שוקולד מריר 140,גרמים,140.00,100 גרם,false,1,9.90,7.0714,true,1,190725
7290017513850,false,תה ירוק נענע 25 שקיקים בתוספת ויטמינים Cּּ+D,ויסוצקי ירוק,IL,תה ירוק נענע בתוספת ויטמינים 25 שק,Unknown,0.00,Unknown,false,8,24.90,0.0000,true,1,193499
7290017513867,false,תה ירוק לימונית לואיזה 25 שקיקים בתוספת ויטמין Cּּ+D,ויסוצקי,IL,תה ירוק לימונית לואיזה בתוספת ויטמינים,Unknown,0.00,Unknown,false,8,24.90,0.0000,true,1,193498
7290017516295,false,חטיף פרוטאין חלבון שוקולד ואגוז לוז,פנגיאה,,חטיף פנגיאה פרוטאין אגוז לוז שוקולד,גרמים,50.00,100 גרם,false,1,9.90,19.8000,true,1,192201
7290017516424,false,שוקלד + פנגיאה שוקולד קוקוס ואגוזי לוז 300 גרם,ש.ר רגע בטבע,IL,חטיפי שוקולד פנגיאה קוקוס ואגוזי לוז 300,גרמים,300.00,100 גרם,false,1,29.90,9.9667,true,1,195024
7290017516431,false,שוקלד + פנגיאה שוקולד קוקוס שקדים וקפה 300 גרם,ש.ר רגע בטבע,IL,חטיפי שוקולד פנגיאה קוקוס שקדים וקפה 300,גרמים,300.00,100 גרם,false,1,29.90,9.9667,true,1,195026
7290017516448,false,שוקלד פנגיאה שוקולד קוקוס תמריםשקדים וחרוב 300 גרם,פנגיאה,,חטיפי שוקולד פנגיאה קוקוס תמרים שקדים חר,גרמים,300.00,100 גרם,false,1,29.90,9.9667,true,1,195025
7290017516479,false,חטיף פרוטאין בטעם וניל וקפה,פנגיאה,,חטיף פנגיאה פרוטאין וניל קפה 50 גר,גרמים,50.00,100 גרם,false,1,9.90,19.8000,true,1,194120
7290017516486,false,חטיף פרוטאין בטעם טרופי,פנגיאה,,חטיף פנגיאה פרוטאין חמאת בוטנים,גרמים,50.00,100 גרם,false,1,9.90,19.8000,true,1,194119
7290017516509,false,חטיף פרוטאין בטעם קרמל מלוח,פנגיאה,,חטיף פנגיאה פרוטאין קרמל מלוח 50 גר,גרמים,50.00,100 גרם,false,12,9.90,19.8000,true,1,195311
7290017589565,false,יין קלאסיק Classic גוורצטרמינר,יקבי ברקן שיווק והפצ,IL,יין קלאסיק גוורץ 750 מל,מיליליטרים,750.00,"100 מ""ל",false,12,32.90,4.3867,true,1,187895
7290017589633,false,יין רזרב קברנה סוביניון Gold Edition,יקבי ברקן Barkan,IL,יין ברקן רזרב קברנה סוביניון גולד,מיליליטרים,750.00,"100 מ""ל",false,12,52.90,7.0533,true,1,187894
7290017599267,false,סוכרלוז 120 שקיות ממתיק שולחני,סוכרזית Sucrazit,IL,סוכרזית סוכרלוז 120 גר,גרמים,120.00,100 גרם,false,1,25.90,21.5833,true,1,205720
7290017617046,false,נתחי טונה בשמן זית כתית מעולה רביעיה * 140 ג',דרדנל,TR,טונה סטארקיסט בשמן זית 140 גר,גרמים,560.00,100 גרם,false,1,25.90,4.6250,true,1,190865
7290017617084,false,סטארקיסט מיקס טוגו טונה עם שעועית 185 גר',דרדנל אוננטאס גידה,TR,מיקס טוגו טונה עם שעועית סטארקיסט 185 גר,גרמים,185.00,100 גרם,false,1,12.90,6.9730,true,1,195936
7290017617091,false,סטארקיסט מיקס טוגו טונה עם פתיתים 185 גר',דרדנל אוננטאס גידה,TR,מיקס טוגו טונה עם פתיתים סטארקיסט 185 גר,גרמים,185.00,100 גרם,false,1,12.90,6.9730,true,1,195937
7290017617107,false,סארקיסט מיקס טוגו טונה עם 4 דגנים 185 גר',"איטיליאן פוד, אס.פי.",TR,מיקס טוגו טונה עם 4 דגנים סטארקיסט 185 ג,גרמים,185.00,100 גרם,false,1,12.90,6.9730,true,1,195938
7290017617428,false,"סטארקיסט נתחי סלמון עם פסטה, עגבניות וזיתים פיקנטי",סטארקיסט Starkist,PL,מיקס סלמון עם פסטה ברוטב סטארקיסט 160 גר,גרמים,160.00,100 גרם,false,1,14.90,9.3125,true,1,203951
7290017628073,false,ביצים XL חופש 20 יח,גליקסמן שיווק ביצים,IL,ביצים XL חופש 20 יח,Unknown,0.00,Unknown,false,1,32.90,0.0000,true,1,186686
7290017631301,true,נקניק דוקטורסקיה מעו,,,נקניק דוקטורסקיה מעושן 400 גר,גרמים,400.00,100 גרם,false,1,19.90,4.9750,true,1,208618
7290017631325,true,נקניק מולוצניה קרמל,,,נקניק מולוצניה קרמל 400 גר,גרמים,400.00,100 גרם,false,1,19.90,4.9750,true,1,208619
7290017631905,false,מעדן בקר עם כבש 400,,,מעדן בשר עם כבש 400 גר,גרמים,400.00,100 גרם,false,1,20.90,5.2250,true,1,187250
7290017637426,false,שמפו למניעת קשקשים M,מיקי בוגנים,,שמפו למניעת קשקשים 500 מל,מיליליטרים,500.00,"100 מ""ל",false,1,24.90,4.9800,true,1,204394
7290017637563,false,שמפו לתלתלים מושלמים,מיקי בוגנים,,שמפו לתלתלים מושלמים 500 מל,מיליליטרים,500.00,"100 מ""ל",false,1,24.90,4.9800,true,1,204396
7290017637570,false,מרכך לתלתלים מושלמים,מיקי בוגנים,,מרכך לתלתלים מושלמים 500 מל,מיליליטרים,500.00,"100 מ""ל",false,1,24.90,4.9800,true,1,204397
7290017637631,false,מרכך יומיומי יסמין ק,מיקי בוגנים,,מרכך יומיומי יסמין קסום 500 מל,מיליליטרים,500.00,"100 מ""ל",false,1,24.90,4.9800,true,1,204401
7290017641102,false,שוקולד פרימיום 70% ללא סוכר בטעם תפוז 100 גרם,כרמית תעשיות ממתקים,IL,שוקולד מריר אגו פרמיום תפוז 70% ללא סוכ,גרמים,100.00,100 גרם,false,24,8.90,8.9000,true,1,187297
7290017641188,false,קרקר דגנים קמח שיפון,דנוויטה ג'יי. אס. סי,LT,קרקר עם שיפון מלא וסלק 130 גר,גרמים,130.00,100 גרם,false,20,6.90,5.3077,true,1,188098
7290017647425,false,יין גמלא קברנה סוביניון 2018 750 מל,יקב רמת הגולן,,יין גמלא קברנה סוביניון 2018,מיליליטרים,750.00,"100 מ""ל",false,1,64.90,8.6533,true,1,193293
7290017647548,false,יין ירדן מרלו 750 מל,יקב רמת הגולן,IL,יין ירדן מרלו 2018 750 מל,מיליליטרים,750.00,"100 מ""ל",false,1,89.90,11.9867,true,1,201405
7290017675015,false,טחינה היונה 450 גרם,היוצר,IL,טחינה היונה 450 גר,גרמים,450.00,100 גרם,false,24,12.90,2.8667,true,1,194118
7290017677804,false,"רוטב סויה קיקומן ללא חומרים משמרים 444 מ""ל",ראקוטו קאסיי,US,"רוטב קוקומן סויה 444 מ""ל",מיליליטרים,444.00,"100 מ""ל",false,1,19.90,4.4820,true,1,189039
7290017677811,false,"רוטב סויה קיקומן ללא חומרים משמרים 296 מ""ל",קיקומן פודז אינק,NL,"רוטב סויה קיקומן 296 מ""ל",מיליליטרים,296.00,"100 מ""ל",false,1,12.90,4.3581,true,1,189045
7290017712130,false,פרמיו פאוץ סלמון קיט,,,פרמיו פאוץ סלמון קיטן 85 גר,גרמים,85.00,100 גרם,false,1,3.90,4.5882,true,1,204867
7290017712147,false,פרמיו פאוץ עוף לחתלת,,,פרמיו פאוץ עוף לחתלתול 85 גר,גרמים,85.00,100 גרם,false,1,3.90,4.5882,true,1,204866
7290017712161,false,פרמיו פאוץ סלמון בגל,,,פרמיו פאוץ סלמון בגלי 85 גר,גרמים,85.00,100 גרם,false,1,3.90,4.5882,true,1,204865
7290017712192,false,פרמיו נתחי פילה עוף לחתול,פרמיו Premio,FR,פרמיו נתחי פילה עוף ועשבי תיבול 100 גר,גרמים,100.00,100 גרם,false,1,3.90,3.9000,true,1,206905
7290017712208,false,פרמיו נתחי פילה ברוו,סאטורן,DE,פרמיו נתחי פילה ברווז 100 גר,גרמים,100.00,100 גרם,false,1,3.90,3.9000,true,1,206906
7290017712239,false,פרמיו פטה עוף לכלב 150ג',פרמיו Premio,DE,פרמיו פטה עוף לכלב 150 גר,גרמים,150.00,100 גרם,false,1,3.90,2.6000,true,1,204882
7290017712628,false,סלמון לחתול פאוץ 85 ג הורייזן,,,הורייזן סלמון לחתול פאוץ 85 גר,גרמים,85.00,100 גרם,false,1,4.90,5.7647,true,1,207501
7290017712635,false,בקר ברוטב לחתול פאוץ 85 ג הורייזן,,,הורייזן בקר ברוטב לחתול פאוץ 85 גר,גרמים,85.00,100 גרם,false,1,4.90,5.7647,true,1,207502
7290017712727,false,פרמיו גור חתולים בקר וכבד,פרמיו Premio,,פרמיו גור בקר וכבד 100 גר,גרמים,100.00,100 גרם,false,1,3.90,3.9000,true,1,204870
7290017712758,false,פרמיו סלמון לחתול,פרמיו Premio,,פרמיו סלמון 100 גר,גרמים,100.00,100 גרם,false,1,3.90,3.9000,true,1,204869
7290017712765,false,פרימו סלמון ופורל לחתול,פרמיו Premio,,פרמיו סלמון ופורל 100 גר,גרמים,100.00,100 גרם,false,1,3.90,3.9000,true,1,206904
7290017712772,false,פרמיו ברק וכבד לחתול,פרמיו Premio,,פרמיו בקר וכבד 100 גר,גרמים,100.00,100 גרם,false,1,3.90,3.9000,true,1,204871
7290017712789,false,פרמיו סטירליז עוף 100ג',,,פרמיו סטירליז עוף 100 גר,גרמים,100.00,100 גרם,false,1,3.90,3.9000,true,1,204872
7290017712949,false,פרמיו כריות סטרילייז לחתול,פרמיו Premio,,פרמיו כריות סטרילייז 60 גר,גרמים,60.00,100 גרם,false,1,9.90,16.5000,true,1,206902
7290017715735,false,זית סורי מבוקע תומר,עדן,IL,זית סורי מבוקע 560 גר,גרמים,560.00,100 גרם,false,12,8.90,1.5893,true,1,195094
7290017715889,false,גרנולה עם אגוזים 600,,,גרנולה עם אגוזים 600 גר,גרמים,600.00,100 גרם,false,1,19.90,3.3167,true,1,193217
7290017715964,false,מחית תפוח עץ דיאט עם אפרסק 4*113 ג' תומר,Cherry growers inc,,רביעיית רסק תפוח עץ+אפרסק דיאט,גרמים,452.00,100 גרם,false,12,12.90,2.8540,true,1,194532
7290017744162,false,שפרוטים מעושנים ברוט,,,שפרוטים מעושנים ברוטב עגבניות 250 גר,גרמים,250.00,100 גרם,false,12,12.90,5.1600,true,1,191865
7290017746128,false,מארז 10 פיתות ביס לבן,,,פיתות ביס לבן מארז 10 יח,גרמים,550.00,100 גרם,false,1,8.90,1.6182,true,1,194965
7290017746135,false,מארז 10 פיתות ביס כוסמין,,,פיתות ביס כוסמין מארז 10 יח,גרמים,550.00,100 גרם,false,1,14.90,2.7091,true,1,194966
7290017812571,false,מיץ ענבים אדום 100% טבעי 1 ליטר,יקבי כרמל Carmel Winery,IL,מיץ ענבים אדום 100% 1 ליטר,ליטרים,1.00,ליטר,false,1,22.90,22.9000,true,1,191360
7290017812588,false,מיץ ענבים לבן 100% טבעי 1 ליטר,יקבי כרמל Carmel Winery,IL,מיץ ענבים לבן 100% 1 ליטר,ליטרים,1.00,ליטר,false,1,22.90,22.9000,true,1,191361
7290017812885,false,יין קברנה סוביניון בלאן גוורצטרמינר,אגודת הכורמים א.ת אל,IL,יין סובניון בלאן גוורצטרמינר 750 מל,מיליליטרים,750.00,"100 מ""ל",false,12,39.90,5.3200,true,1,196942
7290017812977,false,"יין לבן מתוק מוגז בטעם אננס, 750 מ""ל",קריות זול,IL,יין באז אננס 750 מל,מיליליטרים,750.00,"100 מ""ל",false,12,29.90,3.9867,true,1,197256
7290017870724,false,צלחת 10 מרובעת מתכלה מעץ דקל 10 יח',HINDUSTAN ARECA PROD,IN,"צלחת 10"" מרובעת מתכלה מעץ דקל 10 יח",Unknown,0.00,Unknown,false,1,15.90,0.0000,true,1,202653
7290017870762,false,מגש מלבני מתכלה מעץ דקל 10 יח',HINDUSTAN ARECA PROD,IN,מגש מלבני מתכלה מעץ דקל 10 יח,Unknown,0.00,Unknown,false,1,14.90,0.0000,true,1,202654
7290017871363,false,"סבון ידיים מועשר בשמן מקדמיה פמלי 500 מ""ל יהלום",המאפיה של הרמן,TR,"סבון ידיים פמלי יהלום מעושר בשמן 500 מ""ל",מיליליטרים,500.00,"100 מ""ל",false,1,9.90,1.9800,true,1,191266
7290017871370,false,"סבון ידיים מועשר בשמן אבוקדו פמלי 500 מ""ל יהלום",המאפיה של הרמן,TR,סבון ידיים פמלי יהלום מעושר בשמן אבוקדו,מיליליטרים,500.00,"100 מ""ל",false,1,9.90,1.9800,true,1,191267
7290017871431,false,טוסו חטיף תמרים אגוזי לוז וחמוציות ללא גלוטן וללא תוספת סוכר,טוסו tusso,,חטיף טוסו תמרים אגוז לוז ללא סוכר וגלוט,גרמים,140.00,100 גרם,false,1,16.90,12.0714,true,1,189958
7290017871929,false,"טוסו גרנולה פירות יבשים ואגוזים ללת""ס 300 ג'",,,גרנולה טוסו פירות יבשים אגוזים ללא סוכר,גרמים,300.00,100 גרם,false,1,19.90,6.6333,true,1,191264
7290017871967,false,גלי טוסו בטעם אננס 2,קריות זול,IL,גלי טוסו בטעם אננס 25 גר,גרמים,25.00,100 גרם,false,24,9.90,39.6000,true,1,195108
7290017871974,false,גלי טוסו בטעם תות שד,קריות זול,IL,גלי טוסו בטעם תות שדה 25 גר,גרמים,25.00,100 גרם,false,24,9.90,39.6000,true,1,195107
7290017872049,false,"פמלי אל סבון בניחוח לוונדר ארומטי- שלישייה 500 מ""ל",אברנסל קוסמטיקס,TR,אל סבון פמלי בניחוח לבנדר ארומטי שלישיה,ליטרים,1.50,ליטר,false,1,14.90,9.9333,true,1,195104
7290017872056,false,"פמלי אל סבון סדרה לבנה- שלישייה 500 מ""ל",אברנסל קוסמטיקס,TR,אל סבון פמילי סדרה לבנה שלישייה,מיליליטרים,1500.00,"100 מ""ל",false,1,14.90,0.9933,true,1,195105
7290017872063,false,"פמלי אל סבון ארומתרפי- שלישייה 500 מ""ל",אברנסל קוסמטיקס,TR,פמלי אל סבון ארומתרפי שלישייה,ליטרים,1.50,ליטר,false,1,14.90,9.9333,true,1,195106
7290017872162,false,טוסו עוגיות אגוזי לוז 200 ג',היינץ צפון אמריקה מק,IL,טוסו עוגיות אגוזי לוז 200 גר,גרמים,200.00,100 גרם,false,1,15.90,7.9500,true,1,193268
7290017872179,false,עוגיות טחינה ללא תוספת סוכר,היינץ צפון אמריקה מק,IL,טוסו עוגיות טחינה 200 גר,גרמים,200.00,100 גרם,false,1,15.90,7.9500,true,1,193267
7290017872186,false,עוגיות פקאן ללא תוספת סוכר,היינץ צפון אמריקה מק,IL,טוסו עוגיות פקאן 200 גר,גרמים,200.00,100 גרם,false,1,15.90,7.9500,true,1,193266
7290017872193,false,עוגיות שקדים וקינמון ללא תוספת סוכר,היינץ צפון אמריקה מק,IL,טוסו עוגיות שקדים וקינמון 200 גר,גרמים,200.00,100 גרם,false,1,15.90,7.9500,true,1,193269
7290017872926,false,מרמולייט סטיביה ממתי,,,מרמולייט סטיביה ממתיק 100 גר,גרמים,100.00,100 גרם,false,1,19.90,19.9000,true,1,197908
7290017873169,false,"סבון ידיים מועשר בשמן זית 500 מ""ל יהלום",,TR,סבון ידיים פמלי יהלום שמן זית 500 מל,מיליליטרים,500.00,"100 מ""ל",false,12,9.90,1.9800,true,1,202955
7290017873176,false,"סבון ידיים מועשר בשמן אבוקדו 500 מ""ל יהלום",,TR,סבון ידיים פמלי יהלום שמן אבוקדו 500 מל,מיליליטרים,500.00,"100 מ""ל",false,12,9.90,1.9800,true,1,202954
7290017888095,false,"רביעיית פחיות שוופס מוגז עדין פירות יער 330 מ""ל.",יפאורה תבורי,IL,רביעיית פחיות שוופס מוגז עדין פירות יער,מיליליטרים,1320.00,"100 מ""ל",false,1,14.90,1.1288,true,1,188556
7290017888101,false,"שוויפס מוגז עדין אפרסק מארז רביעייה* 330 מ""ל",יפאורה תבורי,IL,רביעיית פחיות שוופס מוגז עדין אפרסק 330,מיליליטרים,1320.00,"100 מ""ל",false,1,14.90,1.1288,true,1,188555
7290017913094,false,אסותא נוזל רצפות סגו,,,אסותא נוזל רצפות סגול 4 ל,ליטרים,4.00,ליטר,false,1,14.90,3.7250,true,1,188225
7290017913100,false,אסותא נוזל רצפות ירו,,,אסותא נוזל רצפות ירוק 4 ל,ליטרים,4.00,ליטר,false,1,14.90,3.7250,true,1,188226
7290017913131,false,אסותא מרכך לכביסה שח,,,אסותא מרכך כביסה 4 ל לכביסה שחורה,ליטרים,4.00,ליטר,false,1,15.90,3.9750,true,1,188220
7290017913148,false,אסותא מרכך כביסה סגו,,,אסותא מרכך כביסה 4 ל סגול,ליטרים,4.00,ליטר,false,1,15.90,3.9750,true,1,188221
7290017913155,false,אסותא מרכך כביסה לבן,,,אסותא מרכך כביסה 4 ל לבן,ליטרים,4.00,ליטר,false,1,15.90,3.9750,true,1,188222
7290017913162,false,אסותא מרכך כביסה כחו,,,אסותא מרכך כביסה 4 ל כחול,ליטרים,4.00,ליטר,false,1,15.90,3.9750,true,1,188223
7290017913179,false,אסותא מרכך כביסה ורו,,,אסותא מרכך כביסה 4 ל ורוד,ליטרים,4.00,ליטר,false,1,15.90,3.9750,true,1,188224
7290017913230,false,גל כביסה אסותא כחול,,,גל כביסה אסותא כחול 3 ל,ליטרים,3.00,ליטר,false,16,24.90,8.3000,true,1,188571
7290017913520,false,סבון מוצק לבנדר אסות,,,סבון מוצק לבנדר אסותא 4 יח,Unknown,0.00,Unknown,false,1,11.90,0.0000,true,1,198951
7290017913728,false,קפסולות מרוכזות לכבי,,,קפסולות מרוכזות לכביסה אסותא,Unknown,0.00,Unknown,false,1,26.90,0.0000,true,1,198953
7290017925028,false,מארז צרי שוף שלישייה,פארייפאבה אגרואינדוס,BE,מארז בירה שוף צרי שלישייה,Unknown,0.00,Unknown,false,1,39.90,0.0000,true,1,188111
7290017925318,false,בירה בלו מון בק 330,,,"בירה בלו מון בק 330 מ""ל רביעייה",מיליליטרים,1320.00,"100 מ""ל",false,1,39.90,3.0227,true,1,191483
7290017925356,false,בירה באדוואיזר פחית,,,בירה באדוואיזר פחית 500 מל רביעייה,מיליליטרים,2000.00,"100 מ""ל",false,4,34.90,1.7450,true,1,196012
7290017928036,false,מאיר בייגל מקלות גריסיני שומשום 175 ג',מאיר בייגל,,בייגל מאיר מקלות גריסיני שומשום 175 גר,גרמים,175.00,100 גרם,false,1,11.90,6.8000,true,1,191082
7290017928043,false,מאיר בייגל גריסיני קראנץ' מלח 175 ג',מאיר בייגל,,בייגל מאיר גריסיני קראנץ מלח 175 גר,גרמים,175.00,100 גרם,false,1,11.90,6.8000,true,1,191083
7290017928098,false,מאיר בייגל שטוחלה מלח 330 גר',מאיר בייגל,IL,בייגל מאיר שטוחלה מלח 330 גר,גרמים,330.00,100 גרם,false,1,11.90,3.6061,true,1,199425
7290017928210,false,מאיר בייגל בייגלה גדול שומשום 300 גר',מאיר בייגל,,בייגל מאיר גדול שומשום 250 גר,גרמים,250.00,100 גרם,false,1,11.90,4.7600,true,1,191076
7290017928227,false,מאיר בייגל שטוחהלה פינוקים 300 גר',מאיר בייגל,,בייגל מאיר שטוחלה פינוקים 300 גר,גרמים,300.00,100 גרם,false,1,11.90,3.9667,true,1,191080
7290017928272,false,בייגל מאיר פרוטאין ש,,IL,בייגל מאיר פרוטאין שטוח שומשום 170 גר,גרמים,170.00,100 גרם,false,1,11.90,7.0000,true,1,197880
7290017928432,false,מאיר בייגל גריסיני קראנץ פרג 175 גר',מאיר בייגל,,בייגל מאיר גריסיני קראנץ פרג 175 גר,גרמים,175.00,100 גרם,false,1,11.90,6.8000,true,1,191084
7290017928449,false,בייגלה שטוחל'ה PRO עם מלח עשיר בחלבון,מאיר בייגל,,בייגל מאיר שטוחלה פרו מלח 170 גר,גרמים,170.00,100 גרם,false,1,11.90,7.0000,true,1,191069
7290017928463,false,סמאש- שבורים בטעם דבש חרדל ובצל 300גרם,מאיר בייגל,,בייגלה סמאש שבורים בטעם דבש חרדל ובצל,גרמים,300.00,100 גרם,false,12,13.90,4.6333,true,1,196126
7290017928609,false,בייגלה טבעות עם שומשום 300גרם- .חדש,מאיר בייגל,,בייגל מאיר טבעות שומשום 300 גר,גרמים,300.00,100 גרם,false,1,11.90,3.9667,true,1,191074
7290017928616,false,מאיר בייגל שטוחהלה שומשום 300 גר',מאיר בייגל,,בייגל מאיר שטוחלה שומשום 300 גר,גרמים,300.00,100 גרם,false,1,11.90,3.9667,true,1,191078
7290017928661,false,סמאש שבורים בטעם צ'דר ובצל 300 גרם,מאיר בייגל,,בייגלה סמאש שבורים בטעם צדר 300 גר,גרמים,300.00,100 גרם,false,12,13.90,4.6333,true,1,196127
7290017928807,false,בייגלה אצבעות עם שומשום 300גרם - חדש,מאיר בייגל,,בייגל מאיר אצבעות שומשום 300 גר,גרמים,300.00,100 גרם,false,1,11.90,3.9667,true,1,191075
7290017928821,false,מאיר בייגל מקלות גריסיני קלאסי 200 ג',מאיר בייגל,,בייגל מאיר מקלות גריסיני קלאסי 200 גר,גרמים,200.00,100 גרם,false,1,11.90,5.9500,true,1,191081
7290017946368,false,סוד סבון 4 כדוריות לאסלה אוקיינוס 3*50 ג,,,שלישיית סבון אסלה סוד אוקיאנוס,Unknown,0.00,Unknown,false,1,17.90,0.0000,true,1,202506
7290017973487,false,שפרוטים גדולים מעושנ,,,שפרוטים גדולים בשמן ריגה סטאר 200 גר,גרמים,200.00,100 גרם,false,24,7.90,3.9500,true,1,194567
7290017973494,false,שפרוטים בשמן ריגה סט,,,שפרוטים בשמן ריגה סטאר 200 גר,גרמים,200.00,100 גרם,false,24,7.90,3.9500,true,1,194566
7290017973524,false,ממרח חצילים 370 גר,,,ממרח חצילים 370 גר,גרמים,370.00,100 גרם,false,20,7.90,2.1351,true,1,201785
7290017973593,false,מיץ דובדבנים ללא תוס,,,מיץ דובדבנים ללא תוספת סוכר 1 ל,ליטרים,1.00,ליטר,false,1,21.90,21.9000,true,1,205199
7290017973906,false,מיץ אוכמניות שחורות,,,מיץ אוכמניות שחורות ללא תוספת סוכר 1 ל,ליטרים,1.00,ליטר,false,1,21.90,21.9000,true,1,205201
7290017973982,false,פרוסות דג שיבוט אלבי,,,פרוסות דג שיבוט אלבין מיובש עם צילי 100,גרמים,100.00,100 גרם,false,1,13.90,13.9000,true,1,199333
7290018023495,false,טחינה גולמית 500ג' סבא חביב,,,טחינה גולמית 500 מל,מיליליטרים,500.00,"100 מ""ל",false,12,14.90,2.9800,true,1,195380
7290018045695,false,דגנים במילוי קרם קרמל מלוח 480 ג' BON & BON,,DE,דגנים במילוי קרם קרמל מלוח בון אנד בון,גרמים,480.00,100 גרם,false,1,23.90,4.9792,true,1,207033
7290018071205,false,כפפות ניטרו כחולות אלסטיות S 100יח',איזיטאצ,CN,S כפפות ניטרו כחולות ללא אבקה 100 יח,Unknown,0.00,Unknown,false,1,19.90,0.0000,true,1,197367
7290018071212,false,כפפות ניטרו כחולות אלסטיות M ללא אבקה 100יח',איזיטאצ,CN,M כפפות ניטרו כחולות ללא אבקה 100 יח,Unknown,0.00,Unknown,false,1,19.90,0.0000,true,1,197368
7290018071229,false,כפפות ניטרו כחולות אלסטיות L ללא אבקה 100יח',איזיטאצ,CN,L כפפות ניטרו כחולות ללא אבקה 100 יח,Unknown,0.00,Unknown,false,1,19.90,0.0000,true,1,197369
7290018071250,false,כפפות פלסטיק M ללא אבקה 100 יח',Z.P.T.P.Co.Ltd,CN,כפפות שחורות אלסטיות ללא אבקה 100 יח M,Unknown,0.00,Unknown,false,20,11.90,0.0000,true,1,196026
7290018071267,false,כפפות פלסטיקL אלסטיות 100יח',Z.P.T.P.Co.Ltd,CN,כפפות שחורות אלסטיות ללא אבקה 100 יח L,Unknown,0.00,Unknown,false,20,11.90,0.0000,true,1,196027
7290018071274,false,כפפות פלסטיק XL אלסטיות 100 יח',,,כפפות שחורות אלסטיות ללא אבקה 100 יח XL,Unknown,0.00,Unknown,false,20,11.90,0.0000,true,1,196028
7290018071281,false,"נייר אפיה בגליל 25 מטר*37 ס""מ",,,נייר אפיה גליל 25מ*37סמ עם סכין חיתוך,Unknown,0.00,Unknown,false,1,19.90,0.0000,true,1,197371
7290018071311,false,כיסוי ניילון עם גומי ניצמד 30 יח',אשפלסט,,כיסוי ניילון עם גומי נצמד 30 יח,Unknown,0.00,Unknown,false,1,12.90,0.0000,true,1,198137
7290018071397,false,M כפפות שחורות ללא א,איזי טאצ',,M כפפות שחורות ללא אבקה 100 יח,Unknown,0.00,Unknown,false,10,22.90,0.0000,true,1,200224
7290018071410,false,XL כפפות שחורות ללא,איזי טאצ',,XL כפפות שחורות ללא אבקה 100 יח,Unknown,0.00,Unknown,false,10,22.90,0.0000,true,1,200227
7290018071564,false,שקיות אשפה עם שרוך 2,,,שקיות אשפה עם שרוך 20 יח 75*90,Unknown,0.00,Unknown,false,1,14.90,0.0000,true,1,204074
7290018091616,false,מקלות פילו גבינה מעדנות 450 ג',מיוצר עי קונדיטוריית,IL,מקלות פילו גבינה 450 גר,גרמים,450.00,100 גרם,false,1,18.90,4.2000,true,1,193579
7290018165447,false,"יין רזרב גולד מרלו 750 מ""ל",יקבי ברקן שיווק והפצ,IL,יין רזרב גולד מרלו כרם עין זיתים 750 מל,מיליליטרים,750.00,"100 מ""ל",false,12,52.90,7.0533,true,1,195343
7290018192658,false,מארז זוג פטריות פורטובלה ושמפיניון מרינה,"מרינה פטריות הגליל בע""מ",IL,צמד איטלקי,Unknown,0.00,Unknown,false,1,15.50,0.0000,true,1,194271
7290018194065,false,אורז בסמטי 1 קילו PRIMO,,,אורז בסמטי 1 קג,קילוגרמים,1.00,"ק""ג",false,1,8.90,8.9000,true,1,205675
7290018219065,false,שבבי בצל שקית 180 ג' זארובי,,,שבבי בצל שקית 180 גר,גרמים,180.00,100 גרם,false,1,9.90,5.5000,true,1,198001
7290018219287,false,פירורי לחם עם שומשום,,,פירורי לחם עם שומשום 400 גר,גרמים,400.00,100 גרם,false,1,6.90,1.7250,true,1,192358
7290018219294,false,פירורי לחם בתיבול עד,,,פירורי לחם בתיבול עדין 400 גר,גרמים,400.00,100 גרם,false,1,6.90,1.7250,true,1,192359
7290018219584,false,ערמונים אורגניים קלויים קלופים 100 ג' זארובי,,,ערמונים אורגניים קלויים 100 גר,גרמים,100.00,100 גרם,false,1,5.90,5.9000,true,1,202985
7290018219607,false,גרעיני דלעת 200 גר,,,גרעיני דלעת 200 גר,גרמים,200.00,100 גרם,false,1,9.90,4.9500,true,1,192357
7290018219713,false,כוסמת 750 גר,,,כוסמת 750 גר,גרמים,750.00,100 גרם,false,1,10.90,1.4533,true,1,195333
7290018219829,false,פולי קפה 1 קג,,,פולי קפה 1 קג,קילוגרמים,1.00,"ק""ג",false,1,49.90,49.9000,true,1,197991
7290018219966,false,אנטי פסטי 65 ג' זארובי,,,אנטי פסטי 65 גר,גרמים,65.00,100 גרם,false,1,9.90,15.2308,true,1,197999
7290018249055,false,סוויטנגו כמו סוכר באריזה אישי 300 גרם,,,תחליף סוכר סביטאנגו 100 שק 300 גר,גרמים,300.00,100 גרם,false,1,32.90,10.9667,true,1,195573
7290018249222,false,ממתיק סוויטנגו אבקה 100 ג',סוויטאנגו Sweetango,,תחליף סוכר סביטאנגו 100 גר,גרמים,100.00,100 גרם,false,1,14.90,14.9000,true,1,195574
7290018249802,false,ממתיק סוויטאנגו צנצנת 280 גרם,סוויטאנגו Sweetango,IL,תחליף סוכר סביטאנגו צנצנת 280 גר,גרמים,280.00,100 גרם,false,1,26.90,9.6071,true,1,195572
7290018282359,false,אסותא סבון נוזלי 500,,,אסותא סבון נוזלי 500 מל משאבה סגול שלישי,מיליליטרים,1500.00,"100 מ""ל",false,6,12.90,0.8600,true,1,199132
7290018282748,false,אסותא סבון נוזלי 500,,,אסותא סבון נוזלי 500 מל משאבה מעורב שליש,מיליליטרים,1500.00,"100 מ""ל",false,6,12.90,0.8600,true,1,199138
7290018282762,false,אסותא סבון נוזלי 500,,,אסותא סבון נוזלי 500 מל משאבה לבן שלישיה,מיליליטרים,1500.00,"100 מ""ל",false,6,12.90,0.8600,true,1,199137
7290018282960,false,אסותא סבון נוזלי 500,,,אסותא סבון נוזלי 500 מל משאבה כתום שלישי,מיליליטרים,1500.00,"100 מ""ל",false,6,12.90,0.8600,true,1,199136
7290018294901,false,מונלייט אדום יבש 750 מל',יקבי כרמל Carmel Winery,IL,יין מונלייט אדום יבש 750 מל,מיליליטרים,750.00,"100 מ""ל",false,1,34.90,4.6533,true,1,205911
7290018333945,false,חטיף אגוזים רפאלס שקד ווניל בדצ 150 גר *12יח,רפאלס,IL,חטיף אגוזים רפאלס שקד וניל 150 גר,גרמים,150.00,100 גרם,false,1,15.90,10.6000,true,1,199335
7290018333952,false,חטיף אגוזים רפאלס וחמוציות בדצ 150 גר *12יח,רפאלס,IL,חטיף אגוזים רפאלס חמוציות 150 גר,גרמים,150.00,100 גרם,false,1,15.90,10.6000,true,1,199336
7290018333969,false,חטיף גרנולה רפאלס שקדים וטחינה בדצ 150 גר *12יח,רפאלס,IL,חטיף אגוזים רפאלס שקדים וטחינה 150 גר,גרמים,150.00,100 גרם,false,1,15.90,10.6000,true,1,199337
7290018333976,false,חטיף גרנולה רפאלס קשיו וקוקוס בדצ 150 גר *12יח,רפאלס,,חטיף אגוזים רפאלס קשיו וקוקוס 150 גר,גרמים,150.00,100 גרם,false,1,15.90,10.6000,true,1,199338
7290018359112,false,יכין פאסאטה מחית עגבניות איטלקיות 690 ג',זנלכל,IL,פאסאטה מחית עגבניות יכין 690 גר,גרמים,690.00,100 גרם,false,1,8.90,1.2899,true,1,195540
7290018359495,false,תירס מהשדה בלי תוספת סוכר יכין 550 גר',היינץ צפון אמריקה מק,IL,תירס מהשדה ללא סוכר יכין 550 גר,גרמים,550.00,100 גרם,false,1,8.90,1.6182,true,1,195539
7290018359860,false,רסק עגבניות ליקופן - מארז זוג,יכין,,רסק עגבניות ליקופן טבעי 2*200 גר,גרמים,400.00,100 גרם,false,1,14.90,3.7250,true,1,204202
7290018359938,false,"רוטב עגבניות לשקשוקה יכין, 400 גרם",יכין,IL,רוטב עגבניות לשקשוקה יכין 400 גר,גרמים,400.00,100 גרם,false,1,11.90,2.9750,true,1,204697
7290018359952,false,רוטב עגבניות לפסטה יכין 400 גרם,יכין,IL,רוטב עגבניות לפסטה יכין 400 גר,גרמים,400.00,100 גרם,false,1,11.90,2.9750,true,1,204699
7290018359969,false,רוטב עגבניות לפיצה יכין 400 גרם,יכין,IL,רוטב עגבניות לפיצה יכין 400 גר,גרמים,400.00,100 גרם,false,1,11.90,2.9750,true,1,204698
7290018380024,false,מלפפון במלח 13-17+ 20 % 670 ג' תומר,,,מלפפון במלח תומר 13-17 670 גר,גרמים,670.00,100 גרם,false,1,8.90,1.3284,true,1,192920
7290018380215,false,קורנישוון מיני פיקנט,,,קורנישוון מיני פיקנטי 670 גר,גרמים,670.00,100 גרם,false,1,9.90,1.4776,true,1,194531
7290018380482,false,"אורז תאילנדי 1 ק""ג 20X",,,אורז תאילנדי תומר 1 קג,קילוגרמים,1.00,"ק""ג",false,1,6.90,6.9000,true,1,198173
7290018380505,false,"אורז פרסי לבן ארוך 1 קג ""20X",,,אורז פרסי ארוך תומר 1 קג,קילוגרמים,1.00,"ק""ג",false,1,6.90,6.9000,true,1,198174
7290018380727,false,דפי בצק פילו עגולים 400 גר' X16,,,דפי בצק פילו עגולים 400 גר,גרמים,400.00,100 גרם,false,1,15.90,3.9750,true,1,204542
7290018380802,false,תבשיל הודי חומוס 300,,,תבשיל הודי חומוס 300 גר,גרמים,300.00,100 גרם,false,1,11.90,3.9667,true,1,204545
7290018380819,false,תבשיל הודי חצילים 30,,,תבשיל הודי חצילים 300 גר,גרמים,300.00,100 גרם,false,1,11.90,3.9667,true,1,204546
7290018380826,false,תבשיל הודי שעועית אד,,,תבשיל הודי שעועית אדומה 300 גר,גרמים,300.00,100 גרם,false,1,11.90,3.9667,true,1,204544
7290018380888,false,לה פסטה קפוא רביולי,,,לה פסטה קפוא רביולי גבינה 300 גר,גרמים,300.00,100 גרם,false,1,15.90,5.3000,true,1,203992
7290018380895,false,לה פסטה קפוא רביולי,,,לה פסטה קפוא רביולי בטטה 300 גר,גרמים,300.00,100 גרם,false,1,15.90,5.3000,true,1,203991
7290018380901,false,לה פסטה קפוא חונקי כ,,,לה פסטה קפוא חונקי כמרים 300 גר,גרמים,300.00,100 גרם,false,1,13.90,4.6333,true,1,203989
7290018380918,false,לה פסטה קפוא רדיאטור,,,לה פסטה קפוא רדיאטורה 300 גר,גרמים,300.00,100 גרם,false,1,13.90,4.6333,true,1,203990
7290018400456,false,סמוטיז עם פיטאיה 300,,,סמוטיז עם פיטאיה 300 גר,גרמים,300.00,100 גרם,false,12,14.90,4.9667,true,1,202737
7290018400609,false,פיאסטה מקסיקנית 800 ג' סנפרוסט,סנפרוסט,,פיאסטה מקסיקנית סנפרוסט 800 גר,גרמים,800.00,100 גרם,false,12,19.90,2.4875,true,1,194933
7290018400647,false,תערובת של בננה ותמר,"סנפרוסט בע""מ",IL,שייק קייל בננה תמר 300 גר,גרמים,300.00,100 גרם,false,12,14.90,4.9667,true,1,197208
7290018400661,false,לקט פאייה בסגנון ספרדי סנפרוסט 800 ג',"סנפרוסט בע""מ",IL,לקט פאייה בסגנון ספרדי סנפרוסט 800 גר,גרמים,800.00,100 גרם,false,12,19.90,2.4875,true,1,198684
7290018400807,false,טברנה יוונית סנפרוסט,סנפרוסט,,טברנה יוונית סנפרוסט 800 גר,גרמים,800.00,100 גרם,false,12,19.90,2.4875,true,1,194934
7290018440223,false,חווית הצ'אי- מסאלה עוצמתי,קריות זול,IL,תה חווית צאי מסאלה 25 שק,Unknown,0.00,Unknown,false,1,17.90,0.0000,true,1,199348
7290018440230,false,צ'אי ורדים 25 שק' ויסוצקי,קריות זול,IL,תה חווית צאי ורדים 25 שק,Unknown,0.00,Unknown,false,1,17.90,0.0000,true,1,199350
7290018440247,false,צ'אי שקדים 25 שק' ויסוצקי,קריות זול,IL,תה חווית צאי שקדים 25 שק,Unknown,0.00,Unknown,false,1,17.90,0.0000,true,1,199349
7290018440254,false,צ'אי קרמל מלוח 25 שק' ויסוצקי,קריות זול,IL,תה חווית צאי קרמל מלוח 25 שק,Unknown,0.00,Unknown,false,1,17.90,0.0000,true,1,199351
7290018468319,false,נקניקיה צמחית בסגנון צ'וריסוס 400 ג' טירת צבי,טירת צבי,IL,נקניקיה צמחית בסגנון צוריסוס 400 גר,גרמים,400.00,100 גרם,false,1,39.90,9.9750,true,1,204652
7290018468326,false,נקניקיה צמחית בסגנון אמריקאי 400 ג' טירת צבי,טירת צבי,IL,נקניקיה צמחית בסגנון אמריקאי 400 גר,גרמים,400.00,100 גרם,false,1,39.90,9.9750,true,1,204653
7290018471029,false,"סודה בטעם לימון - מארז 6 בקבוקים 500 מ""ל",יפאורה תבורי בעמ,IL,סודה שוופס לימון 500 מל שישייה,ליטרים,3.00,ליטר,false,1,15.90,5.3000,true,1,194923
7290018471180,false,פרוט&ווג אננס תפוח גזר 1 ליטר,פרוט אנד וג' Fruit & Veg,IL,פרוט ווג אננס תפוח גזר 1 ל,ליטרים,1.00,ליטר,false,1,12.90,12.9000,true,1,197379
7290018471210,false,ספרינג קרטונית אגס סברס תפוח 1 ליטר,"יפאורה תבורי בע""מ",IL,ספרינג אגס סברס תפוח 1 ל,ליטרים,1.00,ליטר,false,1,6.90,6.9000,true,1,196727
7290018471463,false,תפוזינה נקטר תפוז מנגו קרטונית 1 ליטר,"יפאורה תבורי בע""מ",IL,נקטר תפוזינה תפוז מנגו 1 ל,ליטרים,1.00,ליטר,false,1,6.90,6.9000,true,1,197376
7290018471470,false,תפוזינה נקטר תפוז פסיפלורה קרטונית 1 ליטר,"יפאורה תבורי בע""מ",IL,נקטר תפוזינה תפוז פסיפלורה 1 ל,ליטרים,1.00,ליטר,false,1,6.90,6.9000,true,1,197377
7290018471487,false,תפוזינה נקטר תפוז אננס קרטונית 1 ליטר,"יפאורה תבורי בע""מ",IL,נקטר תפוזינה תפוז אננס 1 ל,ליטרים,1.00,ליטר,false,1,6.90,6.9000,true,1,197375
7290018471692,false,ספרינג שייק בננה אננס קוקוס פירות יער קרטונית 1 ליטר,"יפאורה תבורי בע""מ",IL,ספרינג שייק בננה קוקוס פירות יער 1 ל,ליטרים,1.00,ליטר,false,1,10.90,10.9000,true,1,198730
7290018471906,false,שוופס מוגז פירות לימונדה ורודה 1.5 ליטר פיקדון,"יפאורה תבורי בע""מ",IL,מים שוופס מוגז לימונדה ורודה 1.5 ל,ליטרים,1.50,ליטר,false,1,8.90,5.9333,true,1,201257
7290018471913,false,שוופס מוגז פירות תפוחים 1.5 ל',"יפאורה תבורי בע""מ",IL,משקה פירות מוגז שוופס 1.5 ל,ליטרים,1.50,ליטר,false,1,8.90,5.9333,true,1,201258
7290018471920,false,שוופס מוגז פירות ענבים 1.5 ליטר פיקדון,"יפאורה תבורי בע""מ",IL,משקה ענבים מוגז שוופס 1.5 ל,ליטרים,1.50,ליטר,false,1,8.90,5.9333,true,1,201259
7290018471937,false,שוופס מוגז פירות תות ליים 1.5 ליטר פיקדון,"יפאורה תבורי בע""מ",IL,משקה מוגז שוופס תות ליים 1.5 ל,ליטרים,1.50,ליטר,false,1,8.90,5.9333,true,1,201260
7290018471944,false,שוופס מוגז פירות לימונייד 1.5 ליטר פיקדון,"יפאורה תבורי בע""מ",IL,מים שוופס מוגז לימונדה 1.5 ל,ליטרים,1.50,ליטר,false,1,8.90,5.9333,true,1,201261
7290018471951,false,שוופס מוגז פירות אשכולית אדומה 1.5 ליטר פיקדון,"יפאורה תבורי בע""מ",IL,משקה פירות מוגז שוופס 1.5 ל,ליטרים,1.50,ליטר,false,1,8.90,5.9333,true,1,201262
7290018507438,false,שניצים נתחי חזה עוף,תנובה גליל שותפות מו,IL,תחי חזה עוף בציפוי פריך בטעם קלאסי 600,גרמים,600.00,100 גרם,false,14,39.90,6.6500,true,1,202174
7290018516041,false,פרמיו דליקט עוף לחתול,פרמיו Premio,,פרמיו דליקט עוף 56 גר,גרמים,56.00,100 גרם,false,1,9.90,17.6786,true,1,204873
7290018516065,false,פרמיו דליקט טונה וסלמון לחתול,פרמיו Premio,DE,פרמיו דליקט טונה וסלמון 56 גר,גרמים,56.00,100 גרם,false,1,9.90,17.6786,true,1,204874
7290018516324,false,פאוץ תפוח ושבולת שועל 120 ג' פירונק,,,פאוץ פרינוק תפוח ושיבולת שועל 120 גר,גרמים,120.00,100 גרם,false,1,4.90,4.0833,true,1,197953
7290018516355,false,מחיט תפוח עץ ושבולות שועל 190 ג' פרינוק גוניור,,,גוניור תפוע ושיבולת שועל 190 גר,גרמים,190.00,100 גרם,false,1,5.90,3.1053,true,1,202563
7290018516362,false,מחיט תפוח עץ בננה ושבולות שועל 190 ג' פרינוק גוניור,,,גוניור תפוע בננה ושיבולת שועל 190 גר,גרמים,190.00,100 גרם,false,1,5.90,3.1053,true,1,202564
7290018516379,false,מחיט סלט פירות ושבולות שועל 190 ג' פרינוק גוניור,,,גוניור סלט פירות ושיבולת שועל 190 גר,גרמים,190.00,100 גרם,false,1,5.90,3.1053,true,1,202565
7290018516577,false,פרמיו דליקט עוף לחתל,סאטורן,DE,פרמיו דליקט עוף לחתלתול 56 גר,גרמים,56.00,100 גרם,false,1,9.90,17.6786,true,1,206909
7290018516584,false,פרמיו דליקט טונה לחת,סאטורן,DE,פרמיו דליקט טונה לחתלתול 56 גר,גרמים,56.00,100 גרם,false,1,9.90,17.6786,true,1,206910
7290018516751,false,פרמיו סופרים עוף לחת,,,פרמיו סופרים עוף וסלמון לחתלתול 3 קג,קילוגרמים,3.00,"ק""ג",false,1,59.90,19.9667,true,1,206898
7290018516768,false,פרמיו פטה עוף לחתלתו,,,פרמיו עוף לחתלתול במרקם פטה 400 גר,גרמים,400.00,100 גרם,false,1,5.90,1.4750,true,1,206913
7290018516799,false,פטה עוף וכבד לחתול בוגר פרמיו 400 ג,,,פרמיו פטה עוף וכבד לחתול בוגר 400 גר,גרמים,400.00,100 גרם,false,1,5.90,1.4750,true,1,206916
7290018516805,false,פרמיו פטה עוף לחתול,,,פרמיו פטה עוף לחתול בוגר 400 גר,גרמים,400.00,100 גרם,false,1,5.90,1.4750,true,1,206917
7290018516829,false,פרמיו סלמון לחתול בוגר במרקם פטה 400 ג,,,פרמיו סלמון לחתול בוגר במרקם פטה 400 גר,גרמים,400.00,100 גרם,false,1,5.90,1.4750,true,1,206912
7290018516836,false,סטרילייז סלמון לחתול,,,סטרילייז סלמון לחתול בוגר פרמיו 400 גר,גרמים,400.00,100 גרם,false,1,5.90,1.4750,true,1,206918
7290018516874,false,פטה בקר ואורז לכלב ב,,,פטה בקר ואורז לכלב בוגר פרמיו 400 גר,גרמים,400.00,100 גרם,false,1,5.90,1.4750,true,1,206919
7290018516966,false,פרמיו סופרים עופות לכלב בוגר,פרמיו Premio,,פרמיו סופרים בקר לכלב בוגר 3 קג,קילוגרמים,3.00,"ק""ג",false,1,49.90,16.6333,true,1,207499
7290018517154,false,פופקורן למיקרוגל חמא,RAMSEY,,פופקורן למיקרו בטעם חמאה,גרמים,300.00,100 גרם,false,1,10.90,3.6333,true,1,197486
7290018517161,false,פופקורן למיקרוגל ליי,RAMSEY,,פופקורן למיקרוגל לייט,גרמים,300.00,100 גרם,false,1,10.90,3.6333,true,1,197488
7290018517215,false,רסק תפוחי עץ ללא תוספת סוכר נאמן 710 ג',,,"רסק תפו""ע ללא תוספת סוכר 710 גר",גרמים,710.00,100 גרם,false,1,10.90,1.5352,true,1,198531
7290018517246,false,רוטב רימונים מרוכז 340 גר',,,רוטב רימונים מרוכז 340 גר,גרמים,340.00,100 גרם,false,1,9.90,2.9118,true,1,198530
7290018542101,false,נייר אפייה אקולוגי 3,,,נייר אפייה אקולוגי 30 יח,Unknown,0.00,Unknown,false,1,7.90,0.0000,true,1,202659
7290018542873,false,מזלגות עץ אר' 50 יח,,,מזלגות עץ 50 יח,Unknown,0.00,Unknown,false,1,8.90,0.0000,true,1,202661
7290018542880,false,כפות עץ אר' 50 יח דנ,,,כפות עץ 50 יח,Unknown,0.00,Unknown,false,1,8.90,0.0000,true,1,202662
7290018564608,false,שף הטבע בזיליקום קצו,,,שף הטבע בזיליקום קצוץ בצנצנת 200 גרם,גרמים,200.00,100 גרם,false,12,15.90,7.9500,true,1,200666
7290018564615,false,שף הטבע צילי חריף בצ,,,שף הטבע צילי חריף בצנצנת 200 גרם,גרמים,200.00,100 גרם,false,12,15.90,7.9500,true,1,200665
7290018564622,false,שף הטבע שום כתוש טבל,בני דרום,IL,שף הטבע שום כתוש טבליות 80 גר,גרמים,80.00,100 גרם,false,1,9.90,12.3750,true,1,207830
7290018564639,false,שף הטבע כוסברה קצוצה,בני דרום,IL,שף הטבע כוסברה קצוצה טבליות 80 גרם,גרמים,80.00,100 גרם,false,20,9.90,12.3750,true,1,200664
7290018564653,false,שף הטבע פטרוזיליה קצ,בני דרום,IL,שף הטבע פטרוזיליה קצוצה טבליות 80 גרם,גרמים,80.00,100 גרם,false,20,9.90,12.3750,true,1,200662
7290018564660,false,שף הטבע צילי חריף טב,בני דרום,IL,שף הטבע צילי חריף טבליות 80 גרם,גרמים,80.00,100 גרם,false,20,9.90,12.3750,true,1,200663
7290018677155,false,תערובת קמחים רב תכלי,נוטרה זון,IT,תערובת קמחים רב תכליתית ללא גלוטן 500 ג,גרמים,500.00,100 גרם,false,1,19.90,3.9800,true,1,198524
7290018677162,false,תערובת רב תכליתית לל,נוטרה זון,IT,תערובת רב תכליתית ללא גלוטן על בסיס עמיל,גרמים,500.00,100 גרם,false,1,22.90,4.5800,true,1,198523
7290018677209,false,סירופ מייפל אורגני 2,,,סירופ מייפל אורגני 250 מל,מיליליטרים,250.00,"100 מ""ל",false,1,27.90,11.1600,true,1,202456
7290018710395,false,סוכר דמררה צנצנת 1 ק,,,סוכר דמררה צנצנת 1 קג,קילוגרמים,1.00,"ק""ג",false,1,13.90,13.9000,true,1,201872
7290018724408,false,דגני בוקר נוגט נטורל,"נטורלה גטרנק בע""מ",IL,דגני בוקר נוגט נטורלה 375 גר,גרמים,375.00,100 גרם,false,1,21.90,5.8400,true,1,208542
7290018724415,false,דגני בוקר בראוניז נט,"נטורלה גטרנק בע""מ",IL,דגני בוקר בראוניז נטורלה 375 גר,גרמים,375.00,100 גרם,false,1,21.90,5.8400,true,1,208543
7290018724422,false,דגני בוקר קינמון נטו,"נטורלה גטרנק בע""מ",IL,דגני בוקר קינמון נטורלה 375 גר,גרמים,375.00,100 גרם,false,1,21.90,5.8400,true,1,208544
7290018724897,false,"פירורי לחם ""נטורלה"" ללא גלוטן 300 גרם",,,פירורי לחם ללא גלוטן נטורלה 300 גר,גרמים,300.00,100 גרם,false,1,16.90,5.6333,true,1,196177
7290018749005,false,כיסונים עבודת יד בית,,,כיסונים עבודת יד ביתי 600 גר,גרמים,600.00,100 גרם,false,1,31.90,5.3167,true,1,195447
7290018749012,false,כיסונים עבודת יד סבת,,,כיסונים עבודת יד סבתא 600 גר,גרמים,600.00,100 גרם,false,1,31.90,5.3167,true,1,195449
7290018749050,false,חינקלי גאורגי במילוי,,,חינקלי גאורגי במילוי בשר 500 גר,גרמים,500.00,100 גרם,false,1,31.90,6.3800,true,1,196496
7290018749067,false,מנטי קלאסי במילוי בש,,,מנטי קלאסי במילוי בשר 500 גר,גרמים,500.00,100 גרם,false,1,31.90,6.3800,true,1,196494
7290018749098,false,כיסונים עבודת יד בסי,,,כיסונים עבודת יד בסיגנון קווקזי 600 גר,גרמים,500.00,100 גרם,false,1,31.90,6.3800,true,1,199409
7290018749104,false,קרפלך במילוי תפוא וב,,,קרפלך במילוי תפוא ובצל 700 גר,גרמים,700.00,100 גרם,false,1,20.90,2.9857,true,1,202037
7290018749111,false,קרפלך במילוי תפוא ופ,,,קרפלך במילוי תפוא ופטריות 700 גר,גרמים,700.00,100 גרם,false,1,20.90,2.9857,true,1,202038
7290018749135,false,קרפלך במילוי דובדבן,,,קרפלך במילוי דובדבן 500 גר,גרמים,500.00,100 גרם,false,1,31.90,6.3800,true,1,202039
7290018749159,false,לביבות תפוא במילוי פ,,,לביבות תפוא במילוי פטריות ובצל 600 גר,גרמים,600.00,100 גרם,false,1,38.90,6.4833,true,1,203340
7290018749166,false,לביבות תפוא במילוי ב,,,לביבות תפוא במילוי בשר 600 גר,גרמים,600.00,100 גרם,false,1,38.90,6.4833,true,1,203339
7290018749173,false,קציצות בסגנון קייב 5,,,קציצות בסגנון קייב 500 גר,גרמים,500.00,100 גרם,false,1,58.90,11.7800,true,1,203341
7290018749210,false,מיני כיסונים קלאסי 7,,,מיני כיסונים קלאסי 700 גר,גרמים,700.00,100 גרם,false,1,31.90,4.5571,true,1,207210
7290018749227,false,כיסונים לארוחה טעימה,,,כיסונים לארוחה טעימה 1 קג,קילוגרמים,1.00,"ק""ג",false,1,29.90,29.9000,true,1,208116
7290018792841,false,אבקת קקאו טבעי 150ג גאנה,גאנס לודרס,IL,אבקת קקאו טבעי 150 גר,גרמים,150.00,100 גרם,false,1,9.90,6.6000,true,1,205270
7290018825020,true,תפוח אדמה לבן גורמה,ביכורי שדה דרום 2002,,תפוח אדמה לבן גורמה דוד משה,קילוגרמים,1.00,"ק""ג",true,,6.90,6.9000,true,1,199410
7290018825624,true,תפוח אדמה לבן גורמה,ביכורי שדה דרום 2002,,תפוח אדמה לבן גורמה ציפס הולנדי,קילוגרמים,1.00,"ק""ג",true,,6.90,6.9000,true,1,200328
7290018860984,false,אטריות ביצים דקות מז,,,אטריות ביצים דקות 400 גר,גרמים,400.00,100 גרם,false,1,9.90,2.4750,true,1,205441
7290018860991,false,אטריות ביצים רחבות מ,,,אטריות ביצים רחבות 400 גר,גרמים,400.00,100 גרם,false,1,9.90,2.4750,true,1,205442
7290018879979,false,מרשמלו רגיל לבן בטעם וניל 150 גרם ויסטהיים,Carmit,,מרשמלו כרמית לבן בטעם וניל 150 גר,גרמים,150.00,100 גרם,false,1,5.90,3.9333,true,1,202602
7290018889305,false,עוגה קריסטלית לב רד וולוט חלבי 225 ג' נטלי,,,קריסטלית לב רד וולוט חלבי 225 גר,גרמים,225.00,100 גרם,false,1,22.90,10.1778,true,1,205036
7290018889404,false,עוגת פס רד וולוט נטלי 550 ג' נטלי,,,פס רד וולוט 550 גר,גרמים,550.00,100 גרם,false,1,43.90,7.9818,true,1,205038
7290018893005,false,"חטיפי בייגלה אפוי בטעם חרדל ודבש, 160 גרם",צ'וקטה Chocketa,RO,בייגלה צוקטה שטוח חרדל ודבש 160 גר,גרמים,160.00,100 גרם,false,12,6.90,4.3125,true,1,199791
7290018893081,false,עוגות מגולגלות במילוי קרם חלבי וציפוי בטעם שוקולד,צ'וקטה Chocketa,,עוגה אישית צוקטה מגולגלת חלב 222 גר,גרמים,222.00,100 גרם,false,1,8.90,4.0090,true,1,199406
7290018893098,false,צ'וקטה ביסקוויט מצופה שוקולד חלב 100 גרם משולש K,צ'וקטה Chocketa,,ביסקוויט מצופה שוקולד חלב צוקטה 100 גר,גרמים,100.00,100 גרם,false,1,6.90,6.9000,true,1,206407
7290018893135,false,מקלות אפויים בתוספת מלח Salty,צ'וקטה Chocketa,,צוקטה גריסיני מלח 120 גר,גרמים,120.00,100 גרם,false,1,7.90,6.5833,true,1,205444
7290018893289,false,עוגות מגולגלות בטעם קקאו - 6 יחידות במארז,צ'וקטה Chocketa,,עוגה אישית צוקטה מגולגלת קקאו 222 גר,גרמים,222.00,100 גרם,false,1,8.90,4.0090,true,1,199405
7290018893340,false,מקלות אפויים בתוספת שומשום Salty,צ'וקטה Chocketa,,צוקטה גריסיני שומשום 120 גר,גרמים,120.00,100 גרם,false,1,7.90,6.5833,true,1,205445
7290018893456,false,צ'וקטה מארז עוגות אישיות במילוי קרם ובציפוי שוקולד 10*30ג,פרדי קונדטוריה אס.פי,IT,עוגות אישיות חלב צוקטה 300 גר,גרמים,300.00,100 גרם,false,12,11.90,3.9667,true,1,198824
7290018893494,false,עלי וופל דקים בטעם חמאה 100 גר',צ'וקטה Chocketa,,עלי וופל חמאה דקים צוקטה 100 גר,גרמים,100.00,100 גרם,false,1,9.90,9.9000,true,1,199794
7290018893609,false,שוקולד מריר פרימיום 85% 100 גרם איגוד רבנים,צ'וקטה Chocketa,ES,שוקולד צקטה מריר 85% 100 גר,גרמים,100.00,100 גרם,false,20,8.90,8.9000,true,1,200828
7290018893654,false,חטיפי בייגלה דקיקים ופריכים מלח צ'וקטה 200 ג',צ'וקטה Chocketa,RO,בייגלה צוקטה בתוספת מלח 200 גר,גרמים,200.00,100 גרם,false,1,6.90,3.4500,true,1,199404
7290018893708,false,עוגיות סנדוויץ' במילוי קרם בטעם שוקולד,צ'וקטה Chocketa,,עוגיות סנדוויץ שוקו צוקטה 250 גר,גרמים,250.00,100 גרם,false,1,6.90,2.7600,true,1,206405
7290018893746,false,בייגלה עגבניות ועשבי תיבול 180 גר,SC ALKA TRADING CO S,RO,בייגלה צוקטה עגבניות ועשבי תיבול 180 גר,גרמים,180.00,100 גרם,false,12,6.90,3.8333,true,1,206944
7290018893753,false,צ'וקטה וופל חמאה בטעם לימון 100 ג,,,עלי וופל חמאה דקים לימון צוקטה 100 גר,גרמים,100.00,100 גרם,false,1,9.90,9.9000,true,1,206266
7290018893807,false,צ'וקטה - שוקולד מריר שלישייה 3 * 100 גרם,צ'וקטה Chocketa,,שוקולד מריר 60% צוקטה 300 גר,גרמים,300.00,100 גרם,false,1,12.90,4.3000,true,1,199792
7290018893951,false,עוגיות וופל חמאה קינמון 100 ג',,BE,עוגיות וופל חמאה קינמון צוקטה 100 גר,גרמים,100.00,100 גרם,false,12,9.90,9.9000,true,1,206943
7290018894019,false,עוגות אישיות במילוי קרם חלבי ובציפוי קרם קקאו,בלקוני Balconi,IT,עוגות אישיות מיקסמקס חלב בלקוני 350 גר,גרמים,350.00,100 גרם,false,1,14.90,4.2571,true,1,208632
7290018894217,false,עוגות אישיות במילוי קרם קקאו ובציפוי קרם קקאו,בלקוני Balconi,IT,עוגות אישיות מיקסמקס קקאו בלקוני 350 גר,גרמים,350.00,100 גרם,false,1,14.90,4.2571,true,1,208631
7290018894248,false,צ'וקטה - שוקולד חלב שלישייה 3 * 100 גרם,צ'וקטה Chocketa,FR,שוקולד חלב צוקטה 300 גר,גרמים,300.00,100 גרם,false,21,12.90,4.3000,true,1,207841
7290018894408,false,קוביות וופל במילוי קרם אגוזי לוז - חלבי,בלקוני Balconi,IT,וופל קוביות אגוזי לוז בלקוני 250 גר,גרמים,250.00,100 גרם,false,1,10.90,4.3600,true,1,208625
7290018894606,false,בלקוני וופל קקאו 175 גרם חלבי OU,בלקוני Balconi,IT,וופל קקאו בלקוני 175 גר,גרמים,175.00,100 גרם,false,1,7.90,4.5143,true,1,208628
7290018894804,false,וופלים במילוי קרם אגוזי לוז - חלבי,בלקוני Balconi,IT,וופל אגוזי לוז בלקוני 175 גר,גרמים,175.00,100 גרם,false,1,7.90,4.5143,true,1,208629
7290018925065,false,פרימור מיץ תפוזים סחוט 2 ליטר,פרימור,IL,מיץ תפוזים סחוט פרימור 2 ל,ליטרים,2.00,ליטר,false,4,29.90,14.9500,true,1,201638
7290018925089,false,פרימור מיץ תפוח עץ צלול 2 ליטר,גניר,IL,מיץ תפוחים צלול מיוצר מרכז פרימור 2 ל,ליטרים,2.00,ליטר,false,4,29.90,14.9500,true,1,201639
7290018972021,false,קיינד א קבב מזרחי 40,,,קיינד א קבב מזרחי 400 גר,גרמים,400.00,100 גרם,false,12,19.90,4.9750,true,1,202213
7290018972038,false,שווארמה 400 ג' קיינד,,,קיינד א שווארמה 400 גר,גרמים,400.00,100 גרם,false,12,19.90,4.9750,true,1,202214
7290018972069,false,קיינד א בולונז 450 ג,,,קיינד א בולונז 450 גר,גרמים,450.00,100 גרם,false,12,19.90,4.4222,true,1,202215
7290018972076,false,קיינד א צילי קון קרנ,,,קיינד א צילי קון קרנה 400 גר,גרמים,400.00,100 גרם,false,12,19.90,4.9750,true,1,202216
7290018972083,false,שוארמה בטורטיה 360 ג' קיינד,,,קיינד א שווארמה בטורטיה 360 גר,גרמים,360.00,100 גרם,false,12,21.90,6.0833,true,1,202217
7290018972144,false,שניצל תירס 500 גר,,,שניצל תירס 500 גר,גרמים,500.00,100 גרם,false,1,16.90,3.3800,true,1,201771
7290018972151,false,נאגטס תירס 500 גר,,,נאגטס תירס 500 גר,גרמים,500.00,100 גרם,false,1,16.90,3.3800,true,1,201767
7290018972182,false,פלאפל 500 גר,,,פלאפל 500 גר,גרמים,500.00,100 גרם,false,1,16.90,3.3800,true,1,201772
7290018972199,false,שניצל צמחי 500 גר,,,שניצל צמחי 500 גר,גרמים,500.00,100 גרם,false,1,16.90,3.3800,true,1,201770
7290018972366,false,"פרוזן אדממה 1 ק""ג",,,אדממה 1 קג,קילוגרמים,1.00,"ק""ג",false,10,15.90,15.9000,true,1,202774
7290018972496,false,מיני עראיס 400ג' קיינד,,,קיינד א מיני עראיס 400 גר,גרמים,400.00,100 גרם,false,12,21.90,5.4750,true,1,202218
7290018972779,false,נודלס טעם בקר להכנה,,,נודלס מנה חמה בקר 72 גר,גרמים,72.00,100 גרם,false,1,5.90,8.1944,true,1,204549
7290018972786,false,נודלס טעם ירקות להכנה מהירה 72 גרם,,,נודלס מנה חמה ירקות 72 גר,גרמים,72.00,100 גרם,false,1,5.90,8.1944,true,1,204548
7290018989005,false,יכין פולפה טבעית 400*3 גר,זנלכל,IL,פולפה טבעית 3*400 גר,גרמים,1200.00,100 גרם,false,1,16.90,1.4083,true,1,204201
7290018989081,false,חומוס הבית להכנת חומוס טרי יכין,זנלכל,IL,חומוס הבית להכנת חומוס טרי 410 גר,גרמים,410.00,100 גרם,false,1,7.90,1.9268,true,1,204696
7290018989128,false,סירופ בטעם ענבים יכין 1 ליטר,זנלכל,IL,סירופ בטעם ענבים יכין 1 ל,ליטרים,1.00,ליטר,false,1,19.90,19.9000,true,1,204695
7290019003182,false,בצל שאלוט שדות בעמק,,,בצל שאלוט שדות בעמק,Unknown,0.00,Unknown,false,1,14.90,0.0000,true,1,201569
7290019003199,false,גינגר שדות בעמק,חקלאי,IL,גינגר שדות בעמק,Unknown,0.00,Unknown,false,1,14.90,0.0000,true,1,201570
7290019003274,false,כרוב סיני שדות בעמק,,,כרוב סיני שדות בעמק,Unknown,0.00,Unknown,false,1,11.90,0.0000,true,1,201573
7290019014362,false,"תרסיס לגיהוץ קל פלירוסול 500 מ""ל טאצ",,,פלירוסול גיהוץ קל טאצ 500 מל,מיליליטרים,500.00,"100 מ""ל",false,1,29.90,5.9800,true,1,202366
7290019056027,false,שוופס מוגז פירות תפוחים ללא סוכר 1.5 ליטר פיקדון,"יפאורה תבורי בע""מ",IL,משקה פירות מוגז שוופס תפוח ללא סוכר 1.5,ליטרים,1.50,ליטר,false,1,8.90,5.9333,true,1,201263
7290019056034,false,שוופס מוגז פירות אננס ללא סוכר 1.5 ליטר פיקדון,"יפאורה תבורי בע""מ",IL,משקה פירות מוגז אננס 1.5 ל,ליטרים,1.50,ליטר,false,1,8.90,5.9333,true,1,201264
7290019056041,false,שוופס מוגז פירות לימונייד ללא סוכר 1.5 ליטר פיקדון,"יפאורה תבורי בע""מ",IL,משקה פירות מוגז שוופס למונייד ללא סוכר,ליטרים,1.50,ליטר,false,1,8.90,5.9333,true,1,201265
7290019056065,false,שוופס מוגז עדין פירות יער 1.5 ליטר פיקדון,"יפאורה תבורי בע""מ",IL,שוופס מוגז עדין פירות יער 1.5 ל,ליטרים,1.50,ליטר,false,1,8.90,5.9333,true,1,201252
7290019056089,false,שוופס מוגז עדין ענבי ריזלינג 1.5 ליטר פיקדון,"יפאורה תבורי בע""מ",IL,שוופס מוגז עדין ריזלינג 1.5 ל,ליטרים,1.50,ליטר,false,1,8.90,5.9333,true,1,201254
7290019056096,false,שוופס מוגז עדין אפרסק 1.5 ליטר פיקדון,"יפאורה תבורי בע""מ",IL,שוופס מוגז עדין אפרסק 1.5 ל,ליטרים,1.50,ליטר,false,1,8.90,5.9333,true,1,201255
7290019056164,false,שוופס סודה 1.5 ליטר רביעייה פיקדון,"יפאורה תבורי בע""מ",IL,שוופס סודה 1.5 ל רביעיה,ליטרים,6.00,ליטר,false,1,11.90,1.9833,true,1,201241
7290019056171,false,שוופס סודה לימון 1.5 ליטר רביעייה פיקדון,"יפאורה תבורי בע""מ",IL,סודה שוופס לימון 1.5 ל רביעיה,ליטרים,6.00,ליטר,false,1,11.90,1.9833,true,1,201243
7290019056188,false,שוופס סודה נענע ליים 1.5 ליטר רביעייה פיקדון,"יפאורה תבורי בע""מ",IL,סודה שוופס נענע ליים 1.5 ל רביעיה,ליטרים,6.00,ליטר,false,1,11.90,1.9833,true,1,201245
7290019056201,false,שוופס סודה פירות יער 1.5 ליטר רביעייה פיקדון,"יפאורה תבורי בע""מ",IL,סודה שוופס פירות יער 1.5 ל רביעיה,ליטרים,6.00,ליטר,false,1,11.90,1.9833,true,1,201249
7290019056232,false,משקה מוגז בטעם ליים מוחיטו 1.5 ל' שוופס,"יפאורה תבורי בע""מ",IL,שוופס ליים מוחיטו 1.5 ל,ליטרים,1.50,ליטר,false,1,8.90,5.9333,true,1,201256
7290019056249,false,שוופס מים בטעמים ענבים 1.5 ליטר פיקדון,"יפאורה תבורי בע""מ",IL,מים שוופס ענבים 1.5 ל,ליטרים,1.50,ליטר,false,1,7.90,5.2667,true,1,201236
7290019056256,false,שוופס מים בטעמים תפוחים 1.5 ליטר פיקדון,"יפאורה תבורי בע""מ",IL,מים שוופס ווטר בטעם תפוח 1.5 ל,מיליליטרים,1500.00,"100 מ""ל",false,1,7.90,0.5267,true,1,201237
7290019056263,false,שוופס מים בטעמים אפרסק 1.5 ליטר פיקדון,"יפאורה תבורי בע""מ",IL,מים שוופס אפרסק 1.5 ל,ליטרים,1.50,ליטר,false,1,7.90,5.2667,true,1,201238
7290019056270,false,שוופס מים בטעמים פירות יער 1.5 ליטר פיקדון,"יפאורה תבורי בע""מ",IL,מים שוופס פירות יער 1.5 ל,ליטרים,1.50,ליטר,false,1,7.90,5.2667,true,1,201239
7290019056294,false,שוופס ג'ינג'ר אייל 1.5 ליטר פיקדון,"יפאורה תבורי בע""מ",IL,שוופס גינגר 1.5 לי,ליטרים,1.50,ליטר,false,1,13.90,9.2667,true,1,201274
7290019056317,false,שוופס ראשן 1.5 ליטר פיקדון,"יפאורה תבורי בע""מ",IL,שוופס רוסציאן 1.5 ל,ליטרים,1.50,ליטר,false,1,13.90,9.2667,true,1,201276
7290019056324,false,שוופס טוניק 1.5 ליטר פיקדון,"יפאורה תבורי בע""מ",IL,שוופס טוניק 1.5 ל,ליטרים,1.50,ליטר,false,1,13.90,9.2667,true,1,201277
7290019056331,false,שוופס טוניק ללא סוכר 1.5 ליטר פיקדון,"יפאורה תבורי בע""מ",IL,שוופס טוניק ללא סוכר 1.5 ל,ליטרים,1.50,ליטר,false,1,13.90,9.2667,true,1,201278
7290019056355,false,משקה בטעם לימונענע עם חתיכות פרי,"יפאורה תבורי בע""מ",IL,משקה תפוזינה מיקס לימונענע 1.5 ל,ליטרים,1.50,ליטר,false,1,8.90,5.9333,true,1,201217
7290019056362,false,תפוזינה ענבים 1.5 ליטר פיקדון,"יפאורה תבורי בע""מ",IL,תפוזינה ענבים 1.5 ל,ליטרים,1.50,ליטר,false,1,8.90,5.9333,true,1,201218
7290019056379,false,תפוזינה תפוזים 1.5 ליטר פיקדון,"יפאורה תבורי בע""מ",IL,תפוזינה תפוזים 1.5 ל,ליטרים,1.50,ליטר,false,1,8.90,5.9333,true,1,201219
7290019056386,false,פתוזינה אשכולית 1.5 ליטר פיקדון,"יפאורה תבורי בע""מ",IL,תפוזינה אשכולית 1.5 ל,ליטרים,1.50,ליטר,false,1,8.90,5.9333,true,1,201220
7290019056393,false,תפוזינה תות בננה 1.5 ליטר פיקדון,"יפאורה תבורי בע""מ",IL,תפוזינה תות בננה 1.5 ל,ליטרים,1.50,ליטר,false,1,8.90,5.9333,true,1,201221
7290019056409,false,תפוזינה מנגו 1.5 ליטר פיקדון,"יפאורה תבורי בע""מ",IL,משקה תפוזינה בטעם מנגו 1.5 ל,ליטרים,1.50,ליטר,false,1,8.90,5.9333,true,1,201222
7290019056416,false,מיץ בטעם לימונדה ורודה 1.5 ל' תפוזינה,"יפאורה תבורי בע""מ",IL,תפוזינה לימונדה 1.5 ל,ליטרים,1.50,ליטר,false,1,8.90,5.9333,true,1,201223
7290019056423,false,מיץ בטעם תפוח רענן 1.5ל' תפוזינה,"יפאורה תבורי בע""מ",IL,משקה תפוזינה תפוח 1.5 ל,ליטרים,1.50,ליטר,false,1,8.90,5.9333,true,1,201224
7290019056461,false,מארז משקה בטעם קולה שישייה * 1.5 ל' אר.סי,"יפאורה תבורי בע""מ",IL,משקה אר סי קולה 1.5 ל שישיה,ליטרים,9.00,ליטר,false,1,39.90,4.4333,true,1,201292
7290019056478,false,ספרינג טי קר אפרסק 1.5ליטר פיקדון,"יפאורה תבורי בע""מ",IL,תה ספרינג אפרסק 1.5 ל,ליטרים,1.50,ליטר,false,1,7.90,5.2667,true,1,201227
7290019056485,false,ספריג תה ירוק לימון לואיזה 1.5 ליטר פיקדון,"יפאורה תבורי בע""מ",IL,תה ספרינג תה ירוק 1.5 ל,מיליליטרים,1500.00,"100 מ""ל",false,1,7.90,0.5267,true,1,201228
7290019056508,false,פרוט ווטר ענבים 1.5 ליטר פיקדון,"יפאורה תבורי בע""מ",IL,משקה פרויט ווטר ענבים 1.5 ל,ליטרים,1.50,ליטר,false,1,8.90,5.9333,true,1,201231
7290019056515,false,פרוט ווטר אננס 1.5 ליטר פיקדון,"יפאורה תבורי בע""מ",IL,משקה פרויט ווטר אננס 1.5 ל,ליטרים,1.50,ליטר,false,1,8.90,5.9333,true,1,201232
7290019056522,false,פרוט ווטר תות 1.5 ליטר פיקדון,"יפאורה תבורי בע""מ",IL,משקה פרויט ווטר תות 1.5 ל,ליטרים,1.50,ליטר,false,1,8.90,5.9333,true,1,201233
7290019056539,false,פרוט ווטר אפרסק 1.5 ליטר פיקדון,"יפאורה תבורי בע""מ",IL,משקה פרויט ווטר אפרסק 1.5 ל,ליטרים,1.50,ליטר,false,1,8.90,5.9333,true,1,201234
7290019056546,false,פרוט ווטר אבטיח 1.5 ליטר פיקדון,"יפאורה תבורי בע""מ",IL,משקה פרויט ווטר אבטיח 1.5 ל,ליטרים,1.50,ליטר,false,1,8.90,5.9333,true,1,201235
7290019056553,false,עין גדי מים מינרלים 2 ליטר*6 יח',עין גדי מים מינרליים,IL,מים מינרלים עין גדי 2 ל שישיה,ליטרים,12.00,ליטר,false,1,12.90,1.0750,true,1,201294
7290019056584,false,ספרינג תפוזים 1.5 ליטר פיקדון,"יפאורה תבורי בע""מ",IL,ספרינג תפוז 1.5 ל,מיליליטרים,1500.00,"100 מ""ל",false,1,8.90,0.5933,true,1,201207
7290019056591,false,ספרינג ענבים 1.5 ליטר פיקדון,"יפאורה תבורי בע""מ",IL,ספרינג ענבים 1.5 ל,מיליליטרים,1500.00,"100 מ""ל",false,1,8.90,0.5933,true,1,201208
7290019056607,false,ספרינג תפוחים 1.5 ליטר פיקדון,"יפאורה תבורי בע""מ",IL,ספרינג תפוחים 1.5 ל,מיליליטרים,1500.00,"100 מ""ל",false,1,8.90,0.5933,true,1,201209
7290019056614,false,ספרינג אפרסק 1.5 ליטר פיקדון,"יפאורה תבורי בע""מ",IL,ספרינג אפרסק 1.5 ל,ליטרים,1.50,ליטר,false,1,8.90,5.9333,true,1,201210
7290019056621,false,ספרינג פירות טרופיים 1.5 ליטר פיקדון,"יפאורה תבורי בע""מ",IL,ספרינג פירות קיץ טרופי 1.5 ל,מיליליטרים,1500.00,"100 מ""ל",false,1,8.90,0.5933,true,1,201211
7290019056638,false,ספרינג תות בננה 1.5 ליטר פיקדון,"יפאורה תבורי בע""מ",IL,ספרינג תות בננה 1.5 ל,מיליליטרים,1500.00,"100 מ""ל",false,1,8.90,0.5933,true,1,201212
7290019056645,false,ספרחנג אגס תפוח סברס 1.5 ליטר פיקדון,"יפאורה תבורי בע""מ",IL,ספרינג אגס סברס תפוח 1.5 ל,מיליליטרים,1500.00,"100 מ""ל",false,1,8.90,0.5933,true,1,201213
7290019056652,false,ספרינג אננס בננה 1.5 ליטר פיקדון,"יפאורה תבורי בע""מ",IL,ספרינג אננס בננה 1.5 ל,מיליליטרים,1500.00,"100 מ""ל",false,1,8.90,0.5933,true,1,201214
7290019056669,false,ספרינג תפוחים גיאט 1.5 ליטר פיקדון,"יפאורה תבורי בע""מ",IL,ספרינג תפוחים דיאט 1.5 ל,מיליליטרים,1500.00,"100 מ""ל",false,1,8.90,0.5933,true,1,201215
7290019056676,false,מיץ דיאט בטעם אשכוליות ואננס 1.5ל' ספרינג,"יפאורה תבורי בע""מ",IL,ספרינג אשכוליות אננס 1.5 ל,מיליליטרים,1500.00,"100 מ""ל",false,1,8.90,0.5933,true,1,201216
7290019056768,false,קריסטל מיץ מנגו 2 ליטר פיקדון,יפאורה תבורי,IL,קריסטל מנגו 2 ל,ליטרים,2.00,ליטר,false,1,7.90,3.9500,true,1,201283
7290019056782,false,משקה מוגז בטעם לימון ליים 2 ל' קריסטל,יפאורה תבורי,IL,קריסטל לימון ליי,ליטרים,2.00,ליטר,false,1,7.90,3.9500,true,1,201285
7290019056812,false,קריסטל מוגז מנטה 2 ליטר פיקדון,יפאורה תבורי,IL,קריסטל מנטה,ליטרים,2.00,ליטר,false,1,7.90,3.9500,true,1,201288
7290019056836,false,קריסטל מוגז תות 2 ליטר פיקדון,יפאורה תבורי,IL,קריסטל תות 2 ל,ליטרים,2.00,ליטר,false,1,7.90,3.9500,true,1,201290
7290019056850,false,ספרינג תה אפרסק דיאט 1.5 ליטר פיקדון,"יפאורה תבורי בע""מ",IL,תה ספרינג דיאט אפרסק 1.5 ל,מיליליטרים,1500.00,"100 מ""ל",false,1,7.90,0.5267,true,1,201230
7290019056973,false,מי עדן 1.5 ליטר שישייה פיקדון,מופק ממקור בזלתי עדן,IL,מים מינרלים מי עדן 1.5 ל שישיה,ליטרים,9.00,ליטר,false,1,12.90,1.4333,true,1,201204
7290019153078,false,"שוופס ביטר למון לייט, 1.5 ליטר פקדון","יפאורה תבורי בע""מ",IL,שוופס ביטר למון לייט 1.5 ל,ליטרים,1.50,ליטר,false,1,13.90,9.2667,true,1,202204
7290019153085,false,"שוופס ללא סוכר מוחיטו, 1.5 ליטר פקדון","יפאורה תבורי בע""מ",IL,שוופס ליים מוחיטו ללא סוכר 1.5 ל,ליטרים,1.50,ליטר,false,1,8.90,5.9333,true,1,202203
7290019153252,false,שוופס סודה תפוח 1.5 ליטר רביעייה פיקדון,"יפאורה תבורי בע""מ",IL,שוופס סודה תפוח 1.5 ל רביעיה,ליטרים,6.00,ליטר,false,1,11.90,1.9833,true,1,204354
7290019153269,false,שוופס סודה אננס 1.5 ליטר רביעייה פיקדון,"יפאורה תבורי בע""מ",IL,שוופס סודה אננס 1.5 ל רביעיה,ליטרים,6.00,ליטר,false,1,11.90,1.9833,true,1,204353
7290019153344,false,"תפוזינה סנגרייה, 1.5 ליטר","יפאורה תבורי בע""מ",IL,תפוזינה סנגרייה 1.5 ל,ליטרים,1.50,ליטר,false,1,8.90,5.9333,true,1,204349
7290019153351,false,מיץ בטעם פינק אוזו 1.5 ל' תפוזינה,"יפאורה תבורי בע""מ",IL,תפוזינה פינק אוזו 1.5 ל,ליטרים,1.50,ליטר,false,1,8.90,5.9333,true,1,204350
7290019153375,false,מיץ בטעם מוחיטו 1.5 ל' תפוזינה,"יפאורה תבורי בע""מ",IL,תפוזינה מוחיטו 1.5 ל,ליטרים,1.50,ליטר,false,1,8.90,5.9333,true,1,204351
7290019167020,false,עוגת גבינה עם פירות יער לייט 80 ג' קינוחי עדן,עדן קינוחים Eden,,קינוח עוגת גבינה פירות יער לייט 82 גר,גרמים,82.00,100 גרם,false,12,6.90,8.4146,true,1,207496
7290019167037,false,תותים בקצפת 82 ג' קינוחי עדן,עדן קינוחים Eden,,קינוח תותים בקצפת עדן 82 גר,גרמים,82.00,100 גרם,false,12,6.90,8.4146,true,1,207494
7290019167044,false,קצפת עם קרם בייגלה מתוק מלוח 82 ג' עדן,עדן קינוחים Eden,,קינוח קצפת עם קרם בייגלה מתוק מלוח 82 גר,גרמים,82.00,100 גרם,false,12,6.90,8.4146,true,1,207495
7290019168096,false,תבנית נייר אפייה אינ,,,תבנית נייר אפייה אינגליש מתכלה 225 ממ,Unknown,0.00,Unknown,false,1,9.90,0.0000,true,1,202657
7290019168119,false,תבנית נייר אפייה אינ,,,תבנית נייר אפייה אינגליש מתכלה 260 ממ,Unknown,0.00,Unknown,false,1,9.90,0.0000,true,1,202658
7290019176039,false,פילה טונה בשמן קנולה,,,פילה טונה בשמן קנולה פלפל לימון 160 גר,גרמים,160.00,100 גרם,false,1,15.90,9.9375,true,1,200944
7290019176046,false,פילה טונה בשמן זית 1,,,פילה טונה בשמן זית 160 גר,גרמים,160.00,100 גרם,false,1,16.90,10.5625,true,1,200948
7290019176053,false,פילה טונה במי מלח 16,,,פילה טונה במי מלח 160 גר,גרמים,160.00,100 גרם,false,1,15.90,9.9375,true,1,200947
7290019176060,false,שמן חמניות מזוכך חמנ,,,שמן חמניות מזוכך חמניית זהב 1 ל,ליטרים,1.00,ליטר,false,1,17.90,17.9000,true,1,205522
7290019176077,false,שמן חמניות מזוכך טיפ,,,שמן חמניות מזוכך טיפת שמש 1 ל,ליטרים,1.00,ליטר,false,1,17.90,17.9000,true,1,205521
7290019226093,false,אננס חתוך תומר 565 ג,,,אננס חתוך תומר 565 גר,גרמים,565.00,100 גרם,false,1,7.90,1.3982,true,1,204772
7290019226109,false,אננס פרוס תומר 565 ג,,,אננס פרוס תומר 565 גר,גרמים,565.00,100 גרם,false,1,7.90,1.3982,true,1,204773
7290019232094,false,חליטת פירות וצמחים בטעם אפרסק 25 שקיקים ויסוצקי,ויסוצקי,IL,חליטת תה הגן הקסום בטעם אפרסק 25 שק,Unknown,0.00,Unknown,false,8,17.90,0.0000,true,1,205212
7290019232155,false,"חליטת ""לילה טוב"" קמומיל לבנדר ו25 שקיקים ויסוצקי",ויסוצקי,IL,תה ויסוצקי לילה טוב קמומיל לבנדר 25 שק,Unknown,0.00,Unknown,false,1,24.90,0.0000,true,1,207921
7290019232162,false,"חליטת ""לילה טוב"" קמומיל מליסה 25 שקיקים ויסוצקי",ויסוצקי,IL,תה ויסוצקי לילה טוב קמומיל מליסה 25 שק,Unknown,0.00,Unknown,false,1,24.90,0.0000,true,1,207922
7290019232353,false,תה ירוק סיני 50 שקיקים ויסוצקי,ויסוצקי,IL,תה ירוק סיני 50 שק,גרמים,75.00,100 גרם,false,12,39.90,53.2000,true,1,205266
7290019232384,false,"תה צאי מוקה 50 גרם, 25 שקיקים",קריות זול,IL,תה חווית צאי מוקה 25 שק,Unknown,0.00,Unknown,false,8,17.90,0.0000,true,1,207928
7290019233008,false,רוטב עגבניות עם קוביות ארטישוק ושמן זית 420ג ויסוצקי,זיתא,IT,רוטב עגבניות שקשוקה ארטישוק 420 גר,גרמים,420.00,100 גרם,false,1,13.90,3.3095,true,1,205277
7290019233015,false,רוטב שקשוקה תבשיל ירקות עם שמן זית כתית מעולה 420ג זיתא,זיתא,IT,שקשוקה ירוקה תבשיל ירקות 420 גר,גרמים,420.00,100 גרם,false,1,13.90,3.3095,true,1,205275
7290019233022,false,שקשוקה חצילים רוטב עגבניות עם קוביות חצילים צלויים,זיתא,IT,רוטב עגבניות שקשוקה חצילים 420 גר,גרמים,420.00,100 גרם,false,1,13.90,3.3095,true,1,205276
7290019233039,false,שקשוקה קלאסית- רוטב עגבניות עם קוביות פלפלים צלויים,זיתא,IT,רוטב עגבניות שקשוקה קלאסית 420 גר,גרמים,420.00,100 גרם,false,1,13.90,3.3095,true,1,205278
7290019297246,false,שזיף מיובש עם גרעין,"דין שיווק וקליה בע""מ",,שזיף מיובש עם גרעין ששון הקולה 250 גר,גרמים,250.00,100 גרם,false,1,17.90,7.1600,true,1,187058
7290019297536,false,חמאת בוטנים עם שברי בוטנים Crazy or Nuts,דין שיווק,,חמאת בוטנים עם שברי בוטנים 510 גר,גרמים,510.00,100 גרם,false,1,11.90,2.3333,true,1,189673
7290019297635,false,שקדים קלויים ששון הק,"דין שיווק וקליה בע""מ",IL,שקד קלוי ששון קלוי 150 גר,גרמים,150.00,100 גרם,false,1,14.90,9.9333,true,1,187061
7290019302315,false,"באזז אבטיח מלון 750 מ""ל",יקבי כרמל,IL,יין מבעבע באזז אבטיח מלון 750 מל,מיליליטרים,750.00,"100 מ""ל",false,12,29.90,3.9867,true,1,205343
7290019302636,false,מארז רביעיית קרומבאכ,,,מארז רביעיית קרומבאכר+כוס 330 מל,מיליליטרים,1320.00,"100 מ""ל",false,1,24.90,1.8864,true,1,208054
7290030944860,false,סטייק דג לשנון אטלנט,,,סטייק דג לשנון אטלנטי פלטוס 1 קג,קילוגרמים,1.00,"ק""ג",false,1,84.90,84.9000,true,1,195812
7290089617210,false,פטריות אסורטי מוחמצו,,CN,פטריות אסורטי מוחמצות 680 גר,גרמים,680.00,100 גרם,false,6,14.90,2.1912,true,1,198159
7290100240137,false,"תרסיס למייבש כביסה כחול 500 מ""ל בדין","זוהר דליה, קיבוץ דלי",IL,"תרסיס ""בדין"" כחול 50",מיליליטרים,500.00,"100 מ""ל",false,1,16.90,3.3800,true,1,173633
7290100240144,false,"תרסיס למייבש כביסה ורוד 500 מ""ל בדין","זוהר דליה, קיבוץ דלי",IL,"תרסיס ""בדין"" ורוד 50",מיליליטרים,500.00,"100 מ""ל",false,1,16.90,3.3800,true,1,173634
7290100240632,false,"פתית 6 דגנים תלמה 250 גר בד""צ",יוניליוור ישראל מזון,IL,פתית 6 דגנים 250 גרם,גרמים,250.00,100 גרם,false,1,15.90,6.3600,true,1,173635
7290100243084,false,מיונז אמיתי הלמנס 789 ג',"יונילוור ארה""ב",,מיונז אמיתי הלמנס 789 גר,גרמים,789.00,100 גרם,false,1,22.90,2.9024,true,1,173637
7290100243671,false,מרכך כביסה אקסטרא בניחוח יסמין מרענן,יוניליוור סנאיי וי ט,TR,"מרכך כביסה ""בדין"" אק",מיליליטרים,960.00,"100 מ""ל",false,1,14.90,1.5521,true,1,173638
7290100245231,false,נמס בכוס מרק בטעם עוף עם אטריות ושקדי מרק-2 שקיות,יוניליוור ישראל מזון,IL,נמס בכוס ועוד בטעם ע,גרמים,50.00,100 גרם,false,1,6.90,13.8000,true,1,173641
7290100249598,false,"רוטב לבישול שום ודבש קנור 320ג' בד""צ",יוניליוור ישראל מזון,IL,רוטב לעוף שום ודבר 320 גר,גרמים,320.00,100 גרם,false,1,10.90,3.4063,true,1,173651
7290100249659,false,רוטב לעוף צ'ילי ושום 320 ג' קנור,יוניליוור ישראל מזון,IL,"רוטב לעוף צ""ילי שום",גרמים,320.00,100 גרם,false,1,10.90,3.4063,true,1,173652
7290100411254,false,בי-לאב מחית תפוח ובננה ללא סוכר 190ג,בילובד Beloved,,מחית לתינוקות בלווד תפוח ובננה ללא סוכר,גרמים,190.00,100 גרם,false,1,5.90,3.1053,true,1,185752
7290100411278,false,בי -לאב מחית אגס ותפוח ללא סוכר 190ג,NOVOFRUCHT SK S.R.O,SK,מחית לתינוקות בלווד תפוח ואגס ללא סוכר,גרמים,190.00,100 גרם,false,1,5.90,3.1053,true,1,185753
7290100412442,false,קוויק מגבונים לניקוי שירותים ואמבטיה מנטה 50יח',,,מגבונים לניקוי שרותים ואמבט קוויק מנטה,Unknown,0.00,Unknown,false,1,8.90,0.0000,true,1,185769
7290100412459,false,קוויק לניקוי שירותים ואמבטיה - בריח לוונדר 50 יח,,,מגבונים לניקוי שרותים ואמבט קוויק לוונדר,Unknown,0.00,Unknown,false,1,8.90,0.0000,true,1,185770
7290100412718,false,"תרחיץ פנים קלאסק מאסק דר עור 150 מ""ל","ד""ר עור DOCTOR OR",,גל ניקוי פנים קלאסי דוקטור אור מאסק 150,מיליליטרים,150.00,"100 מ""ל",false,1,18.90,12.6000,true,1,185789
7290100412756,false,"קרם ידיים לעור יבש פרחי בר ד""ר עור 100 מ""ל","ד""ר עור DOCTOR OR",,קרם ידיים דוקטור אור פרחי בר,Unknown,0.00,Unknown,false,1,10.90,0.0000,true,1,185788
7290100412787,false,"ד""ר עור - תחליב רחצה קלאסי בניחוח פריחת הכותנה 700 מ""ל","ד""ר עור DOCTOR OR",,"תחליב רחצה קלאסי דוקטור אור פרח 700 מ""ל",מיליליטרים,700.00,"100 מ""ל",false,1,14.90,2.1286,true,1,185787
7290100413593,false,מגבונים גדולים XL לניקוי כללי בניחוח פרחי בר,קוויק,,מגבונים לניקוי כללי קוויק XL פרחי בר 40,Unknown,0.00,Unknown,false,1,8.90,0.0000,true,1,185771
7290100658338,false,נוזל כלים אוקסי פלוס עם נוסחת החמצן הפעיל,הנסיך- מפעל לייצור ט,GR,"נוזל כלים ""פלמוליב""",מיליליטרים,750.00,"100 מ""ל",false,1,10.90,1.4533,true,1,173655
7290100680650,false,מנה חמה נודלס-אטריות ירקות טעם תאילנדי אסם 76 ג',THAI PRESIDENT FOODS,TH,מנה חמה נודלס - אטרי,גרמים,76.00,100 גרם,false,1,6.90,9.0789,true,1,173657
7290100680667,false,מנה חמה נודלס-אטריות+ירקות טעם סצ'ואן,THAI PRESIDENT FOODS,TH,מנה חמה נודלס - אטרי,גרמים,77.00,100 גרם,false,1,6.90,8.9610,true,1,173658
7290100680711,false,פירורית זהב אסם זהב 350ג',עינת תעשיות מזון,IL,"פירורית זהב 350 ג""ר",גרמים,350.00,100 גרם,false,1,8.90,2.5429,true,1,173659
7290100680728,false,פירורית רגילה שקית 350 גרם,מיוצר עי קונדיטוריית,IL,"פירורית 350 ג""ר",גרמים,350.00,100 גרם,false,1,7.90,2.2571,true,1,173660
7290100681503,false,עסיס סירופ לימונענע דיאטטי 1 ליטר,בית-השיטה עסיס תעשיו,IL,"""עסיס"" סירופ לימונענ",ליטרים,1.00,ליטר,false,1,17.90,17.9000,true,1,173663
7290100683880,false,אבקה להכנת פירה 260 ג' אסם,"אסם השקעות בע""מ",IL,"אוסם פירה 260 ג""ר",גרמים,260.00,100 גרם,false,1,13.90,5.3462,true,1,173668
7290100684139,false,פסטה מיני מקרוני 500 ג' אסם,פסטה זארה,IT,אסם מיני מקרוני 500,גרמים,500.00,100 גרם,false,1,5.90,1.1800,true,1,173669
7290100684306,false,"רוטב צ'ילי מתוק 600מ""ל אסם",אסם,,"רוטב צ""לי מתוק 600 מ",גרמים,720.00,100 גרם,false,1,16.90,2.3472,true,1,173670
7290100685068,false,פודינג וניל עם פצפוצי שוקולד 110 ג' אסם,אסם תעשיות,IL,פודינג אינסטנט וניל,גרמים,110.00,100 גרם,false,1,6.90,6.2727,true,1,173672
7290100685136,false,"מרק בטעם עוף 1 ק""ג אסם","אסם השקעות בע""מ",IL,אבקת מרק בטעם עוף 1 קג,קילוגרמים,1.00,"ק""ג",false,1,15.90,15.9000,true,1,173673
7290100685334,false,אבקת מרק עוף אמיתי ר.טבעיים 400ג' אסם,"אסם השקעות בע""מ",IL,מרק עוף רכיבים טבעיי,גרמים,400.00,100 גרם,false,1,21.90,5.4750,true,1,173675
7290100685341,false,מרק בטעם עוף זך רכיבים טבעיים 400 ג' אסם,"אסם השקעות בע""מ",IL,אבקת מרק בטעם עוף זך,גרמים,400.00,100 גרם,false,1,15.90,3.9750,true,1,173676
7290100685600,false,פירורית זהב אסם זהב חיטה מלאה 200ג',עינת תעשיות מזון,IL,פירורית זהב חיטה מלאה 200 גר,גרמים,200.00,100 גרם,false,1,7.90,3.9500,true,1,173678
7290100689301,false,אבקת מרק עוף זך עדיף אסם 400 גר',"אסם השקעות בע""מ",IL,מרק טעם עוף זך - עדי,גרמים,400.00,100 גרם,false,1,14.90,3.7250,true,1,173683
7290100700020,false,סוגת גריסי פנינה 500גרם,האי נאם סי או אל.טי.,IL,גריסי פנינה 500 גר,גרמים,500.00,100 גרם,false,1,5.90,1.1800,true,1,173685
7290100700242,false,"אורז מלא עגול סוגת 1 ק""ג","סוגת תעשיות בע""מ",IL,"אורז מלא עגול 1 ק""ג",קילוגרמים,1.00,"ק""ג",false,1,9.90,9.9000,true,1,173688
7290100700273,false,קינואה סוגת 500 גרם,האי נאם סי או אל.טי.,IL,קינואה 500 גר,גרמים,500.00,100 גרם,false,1,12.90,2.5800,true,1,173690
7290100700297,false,עדשים שחורות סוגת 500 ג',,,עדשים מנומרות 500 גר,גרמים,500.00,100 גרם,false,1,7.90,1.5800,true,1,176639
7290100700310,false,"כוסמת 1ק""ג סוגת",,,כוסמת 1 קג,קילוגרמים,1.00,"ק""ג",false,1,15.90,15.9000,true,1,203325
7290100700389,false,"אורז אדום סוגת 1 ק""ג",סוגת תעשיות,IL,"אורז אדום 1 ק""ג",קילוגרמים,1.00,"ק""ג",false,1,12.90,12.9000,true,1,173693
7290100700396,false,"סוגת אורז יסמין קלאסי 1 ק""ג",האי נאם סי או אל.טי.,IL,אורז יסמין קלאסי 1 ק,קילוגרמים,1.00,"ק""ג",false,1,11.90,11.9000,true,1,173694
7290100700587,false,סוגת בורגול 500 גרם,האי נאם סי או אל.טי.,IL,"בורגול 500 גר""",גרמים,500.00,100 גרם,false,1,5.90,1.1800,true,1,173700
7290100701140,false,"אורז ריזוטו 1 ק""ג סוגת","סוגת תעשיות בע""מ",IL,אורז ריזוטו ארבוריו,קילוגרמים,1.00,"ק""ג",false,1,13.90,13.9000,true,1,173707
7290100701157,false,אורז להכנת סושי סוגת,Unknown,,"אורז סושי 1 ק""ג",קילוגרמים,1.00,"ק""ג",false,1,13.90,13.9000,true,1,173708
7290100701300,false,סוגת קינואה אדומה 500גרם,Unknown,,קינואה אדומה 500 גרם,גרמים,500.00,100 גרם,false,1,12.90,2.5800,true,1,173711
7290100701331,false,קמח רב תכליתי שטיבל קמח חיטה לבן בהיר,"שטיבל בע""מ - טחנות ק",IL,"קמח רב תכליתי 1 ק""ג",גרמים,1000.00,100 גרם,false,1,6.90,0.6900,true,1,173713
7290100701348,false,"קמח שיפון מלא 1ק""ג סוגת",טחנות קמח שטיבל באר,IL,"קמח שיפון מלא 1 ק""ג",גרמים,1000.00,100 גרם,false,1,6.90,0.6900,true,1,173714
7290100701409,false,קמח תירס סוגת 500 גר,,,קמח תירס 500גר,גרמים,500.00,100 גרם,false,1,5.90,1.1800,true,1,177289
7290100701454,false,גרישה - בורגול דק,"סוגת תעשיות בע""מ",IL,גרישה 500 גרם,קילוגרמים,0.50,"ק""ג",false,1,5.90,11.8000,true,1,173718
7290100701577,false,קמח לחם קמח חיטה לבן שטיבל,שטיבל טחנות קמח,IL,"קמח לחם 1 ק""ג",גרמים,1000.00,100 גרם,false,1,6.90,0.6900,true,1,173719
7290100701874,false,"קמח כוסמין 1 ק""ג סוגת",טחנות קמח שטיבל באר,IL,"קמח סוגת כוסמין מלא 1 ק""ג",קילוגרמים,1.00,"ק""ג",false,1,14.90,14.9000,true,1,181194
7290100701881,false,קמח פיצה ופוקצ'ה- קמח חיטה לבן בהיר שטיבל,"שטיבל בע""מ - טחנת קמ",IL,"קמח פיצה ופוקצ""ה 1 ק",גרמים,1000.00,100 גרם,false,1,6.90,0.6900,true,1,173721
7290100702260,false,קוסקוס דק סוגת 350 גר',סוגת,IL,"קוסקוס דק 350 ג""ר",גרמים,350.00,100 גרם,false,1,4.90,1.4000,true,1,176081
7290100702277,false,קוסקוס עבה סוגת 350 גר',סוגת,IL,"קוסקוס עבה 350 ג""ר",גרמים,350.00,100 גרם,false,1,4.90,1.4000,true,1,176082
7290100702284,false,קוסקוס מלא סוגת 350 גרם,סוגת,IL,"קוסקוס מלא 350 ג""ר",גרמים,350.00,100 גרם,false,1,4.90,1.4000,true,1,176083
7290100702314,false,סוגת שעועית שחורה 500 גרם,,,שעועית שחור 500 גר,גרמים,500.00,100 גרם,false,1,7.90,1.5800,true,1,176391
7290100702383,false,"קמח תופח סוגת 1 ק""ג",שטיבל טחנות קמח,IL,קמח תופח 1 קג,קילוגרמים,1.00,"ק""ג",false,1,6.90,6.9000,true,1,176256
7290100702604,false,פולנטה מהירת הכנה סוגת 500 ג',,,פולנטה 500גר,גרמים,500.00,100 גרם,false,1,10.90,2.1800,true,1,177290
7290100702611,false,פתיתים אפויים אורז סוגת 500 ג',אסיף,,פתיתים אפויים אורז 500 גר,גרמים,500.00,100 גרם,false,1,5.90,1.1800,true,1,176786
7290100702628,false,פתיתים אפויים קוסקוס סוגת 500 ג',יושלם,,פתיתים אפויים קוסוקס 500 גר,גרמים,500.00,100 גרם,false,1,5.90,1.1800,true,1,176787
7290100702635,false,פתיתים אפויים כוכבים סוגת 500 ג',,,פתיתים אפויים כוכבים 400 גר,גרמים,500.00,100 גרם,false,1,5.90,1.1800,true,1,176788
7290100702642,false,פתיתים אפויים טבעת 500 ג' סוגת,,,פתיתים אפויים טבעות 500 גר,גרמים,500.00,100 גרם,false,1,5.90,1.1800,true,1,176789
7290100702659,false,פתיתים אפויים מקמח מלא סוגת 400ג',,,פתיתים אפויים מקמח מלא 400 גר,גרמים,400.00,100 גרם,false,1,5.90,1.4750,true,1,176790
7290100702673,false,פתיתים אפויים 3 צבעים 400 ג' סוגת,,,פתיתים אפויים 3 בצעים 400 גר,גרמים,400.00,100 גרם,false,1,5.90,1.4750,true,1,176792
7290100702741,false,"סוכר חום בהיר בצנצנת 1 ק""ג סוגת",סוגת,IL,סוכר חום בהיר צנצנת 1קג,קילוגרמים,1.00,"ק""ג",false,1,11.90,11.9000,true,1,177565
7290100702987,false,פתיתי שיבולת שועל דק סוגת 500ג',סוגת תעשיות,,שיבולת שועל 500 גר,גרמים,500.00,100 גרם,false,1,5.90,1.1800,true,1,180077
7290100702994,false,סוגת סוכר דמררה קלאסי בשקית 500 גרם,"סוגת תעשיות בע""מ",IL,סוכר דמררה קלאסי 500 גר,גרמים,500.00,100 גרם,false,1,5.90,1.1800,true,1,179307
7290100703007,false,עדשים שחורות בלוגה סוגת 500 גר',האי נאם סי או אל.טי.,IL,עדשים שחורות בלוגה 500 גר,גרמים,500.00,100 גרם,false,1,7.90,1.5800,true,1,179308
7290100703182,false,תבשיל אישי נודלס בטעם ירקות 65 ג' סוגת,,,תבשיל אישי נודלס בטעם ירקות 65 גר,גרמים,65.00,100 גרם,false,1,4.90,7.5385,true,1,189856
7290100703458,false,כוסמת לא קלוי 500 ג' סוגת,,,כוסמת לא קלויה 500 גר,גרמים,500.00,100 גרם,false,1,7.90,1.5800,true,1,181129
7290100703564,false,פתיתי שיבולת שועל עבה סוגת 500 ג',,,שיבולת שועל עבה 500 גר,גרמים,500.00,100 גרם,false,1,5.90,1.1800,true,1,181407
7290100703625,false,קמח חיטה לבן ללא צורך בניפוי,סוגת,,"קמח סוגת לבן ללא ניפוי 1 ק""ג",קילוגרמים,1.00,"ק""ג",false,1,7.90,7.9000,true,1,182358
7290100703632,false,קמח חיטה מלא ללא צורך בניפוי,סוגת,,"קמח סוגת מלא ללא ניפוי 1 ק""ג",קילוגרמים,1.00,"ק""ג",false,1,7.90,7.9000,true,1,182354
7290100703670,false,"קמח כוסמין ללא ניפוי 1 ק""ג סוגת",Unknown,,"קמח סוגת כוסמין מלא ללא ניפוי 1 ק""ג",קילוגרמים,1.00,"ק""ג",false,1,17.90,17.9000,true,1,182359
7290100703687,false,"קמח חלה ללא ניפוי 1 ק""ג סוגת",סוגת,,"קמח סוגת חלה ללא ניפוי 1 ק""ג",קילוגרמים,1.00,"ק""ג",false,1,7.90,7.9000,true,1,182355
7290100703908,false,סוכר דמררה סוגת בשקי,,,סוכר חום דמררה סוגת 1 קג,קילוגרמים,1.00,"ק""ג",false,1,10.90,10.9000,true,1,183389
7290100703915,false,פופקורן להכנה במיקרוגל בטעם חמאה - מארז 6 שקיות,סוגת,,מארז פופקורן למיקרו חמאה 5+1 540 גר,גרמים,540.00,100 גרם,false,1,9.90,1.8333,true,1,184939
7290100703922,false,פופקורן להכנה במיקרוגל בטעם טבעי - מארז 6 שקיות,סוגת,,מארז פופקורן למיקרו טבעי 5+1 540 גר,גרמים,540.00,100 גרם,false,1,9.90,1.8333,true,1,184940
7290100703960,false,שומשום 500 ג' סוגת,,,שומשום 500 גר,גרמים,500.00,100 גרם,false,1,9.90,1.9800,true,1,184298
7290100704066,false,עדשים צהובות 500 ג' סוגת,האי נאם סי או אל.טי.,IL,עדשים צהובות סוגת 500 גר,גרמים,500.00,100 גרם,false,1,7.90,1.5800,true,1,185367
7290100704141,false,סודה לשתייה 100 ג' סוגת,א.ל. ייצור ושיווק תב,IL,סודה לשתיה 100 גר,גרמים,100.00,100 גרם,false,1,2.90,2.9000,true,1,187217
7290100858592,false,אבקת קקאו עלית שקית 150 ג',הנסיך- מפעל לייצור ט,IL,"קקאו עלית 150 ג""ר",גרמים,150.00,100 גרם,false,1,9.90,6.6000,true,1,173732
7290100924464,false,כדוריות סבון נתלה לאסלה עם אקונומיקה - 3 יח',הנקל סוד,HU,שלישיית סבון אסלה סוד אקונומיקה,Unknown,0.00,Unknown,false,1,17.90,0.0000,true,1,202503
7290100926598,false,"פרסיל אבקת כביסה 5 ק""ג",פרסיל Persil,IL,אבקת כביסה פרסיל 5 קג,קילוגרמים,5.00,"ק""ג",false,1,44.90,8.9800,true,1,173736
7290101488316,false,ליידי ספיד סטיק - דאודורנט סטיק לאישה ללא סימן ורוד סטיק 65 גרם,ליידי ספיד סטיק Lady Speed Stick,US,ליידי ספיד סטיק ללא סימן ורוד,מיליליטרים,50.00,"100 מ""ל",false,1,18.90,37.8000,true,1,173740
7290101488323,false,ליידי ספיד סטיק - דאודורנט סטיק לאישה ללא סימן ירוק סטיק 65 גרם,ליידי ספיד סטיק Lady Speed Stick,BY,"דאודורנט ""ליידי ספיד סטיק ללא סימן ירוק",Unknown,0.00,Unknown,false,1,18.90,0.0000,true,1,173741
7290101551027,false,קפסולות קפה אספרסו חזק במיוחד 14 עלית 10 יח',הנסיך- מפעל לייצור ט,IL,קפסולות קפה עלית חזק במיוחד 50 גר,גרמים,50.00,100 גרם,false,1,15.90,31.8000,true,1,187369
7290101551263,false,סילאן טבעי ללא תוספת סוכר,"פוליבה בע""מ",IL,סילאן יד מרדכי טבעי 700 גר,גרמים,700.00,100 גרם,false,6,21.90,3.1286,true,1,185852
7290101551539,false,יוגורט PRO בטעם אפרסק 0% 20 גרם חלבון בגביע,דנונה - שטראוס,IL,יוגורט דנונה פרו 20 אפרסק 200 גר,גרמים,200.00,100 גרם,false,12,5.90,2.9500,true,1,186370
7290101551577,false,קוואקר שיבות שועל פחית מארז 2*500 גר',קואקר אוטס,GB,מארז זוג קוואקר שיבולת שועל פחית 500 גר,גרמים,500.00,100 גרם,false,12,24.90,4.9800,true,1,207658
7290101551638,false,חטיף צ'יטוס כאפה בטעם קטשופ - מארז 10 יח',"שטראוס פריטו ליי בע""",IL,מארז ציטוס כאפה 20 גר 10 יח,גרמים,200.00,100 גרם,false,1,13.90,6.9500,true,1,186040
7290101582359,false,יין שרדונה המושבה בי,בנימינה Binyamina,,"יין בנימינה המושבה שרדונה 750 מ""ל",מיליליטרים,750.00,"100 מ""ל",false,1,29.90,3.9867,true,1,184763
7290101582373,false,ייו רוזה גרנאש המושבה,בנימינה Binyamina,IL,יין בנימינה המושבה גרנאש בלאש רוזה 2017,מיליליטרים,750.00,"100 מ""ל",false,1,29.90,3.9867,true,1,192630
7290101582403,false,יין שיראז המושבה בינ,בנימינה Binyamina,,"יין בנימינה המושבה שיראז 750 מ""ל",מיליליטרים,750.00,"100 מ""ל",false,1,29.90,3.9867,true,1,184767
7290101812340,false,פטרוצאן מצונן מזרע 7,,,פטרוצאן מצונן מזרע 700 גר,גרמים,700.00,100 גרם,false,,59.90,8.5571,true,1,187247
7290101812883,false,נקניקיות כבש מצונן 7,,,נקניקיות כבש מצונן 700 גר,גרמים,700.00,100 גרם,false,1,36.90,5.2714,true,1,188942
7290101812890,false,נקניקיות מרגז מצונן,,,נקניקיות מרגז מצונן 700 גר,גרמים,700.00,100 גרם,false,1,44.90,6.4143,true,1,188941
7290101812920,false,נקניקיות בוואריה 700,ישרקו שיווק מותגי מז,,נקניקיות בוואריה 700 גרם,גרמים,700.00,100 גרם,false,1,59.90,8.5571,true,1,188687
7290101863410,false,"סיליט ניקוי עוצמתי מכיל אקונומיקה 750 מ""ל",סיליט באנג Cillit Bang,PL,סיליט ספריי אקונומיק,מיליליטרים,750.00,"100 מ""ל",false,1,12.90,1.7200,true,1,173746
7290101864127,false,"ספריי להסרת כתמים 750 מ""ל וניש קליה",קליה וניש Kalia Vanish,IL,"ספריי ""וניש קליה"" 750 מל",מיליליטרים,750.00,"100 מ""ל",false,1,16.90,2.2533,true,1,173747
7290101865261,false,"פיניש נוזל הברקה 800 מ""ל",רקיט בנקיזר,PL,"נוזל הברקה למדיח ""פי",מיליליטרים,800.00,"100 מ""ל",false,1,19.90,2.4875,true,1,173748
7290101866633,false,ווניש קליה ג`ל להסרת כתמים 3 ל',קליה וניש Kalia Vanish,IL,"ג""ל מסיר כתמים ""וניש קליה "" 3ל",ליטרים,3.00,ליטר,false,1,29.90,9.9667,true,1,176026
7290101866787,false,מסיר כתמים ומלבין לכביסה לבנה 3 ל וניש קליה,קליה וניש Kalia Vanish,PL,"נוזל להסרת כתמים ""קליה לבן"" 3ל",ליטרים,3.00,ליטר,false,1,29.90,9.9667,true,1,176025
7290101868958,false,"פיניש נוזל הברקה למדיח בניחוח לימון 500 מ""ל",רקיט בנקיזר,PL,נוזל הברקה פיניש לימון 800מל,מיליליטרים,800.00,"100 מ""ל",false,12,19.90,2.4875,true,1,178256
7290101869702,false,"ג 'ל פיניש AIO MAX מרוכז למדיח 600מ""ל",פיניש רקיט בנקיזר,,"גל למדיח פיניש 600 מ""ל",מיליליטרים,600.00,"100 מ""ל",false,1,29.90,4.9833,true,1,179710
7290101869719,false,ג'ל מרוכז למדיח פיניש all in one max בניחוח לימון,פיניש רקיט בנקיזר,PL,"גל למדיח פיניש לימון 600 מ""ל",מיליליטרים,600.00,"100 מ""ל",false,1,29.90,4.9833,true,1,179711
7290101952282,false,צוריסוס מזרע ארגנטינ,,,צוריסוס מזרע ארגנטינאי 530 גר,גרמים,530.00,100 גרם,false,1,38.90,7.3396,true,1,185481
7290101952329,false,המבורגר מזרע טקסס 40,,,המבורגר מזרע טקסס 400 גר,גרמים,400.00,100 גרם,false,1,26.90,6.7250,true,1,185482
7290101952343,false,המבורגר מזרע מסעדות,,,המבורגר מזרע מסעדות 400 גר,גרמים,400.00,100 גרם,false,1,26.90,6.7250,true,1,185483
7290101952381,false,קבב מזרע מזרחי 600 ג,,,קבב מזרע מזרחי 600 גר,גרמים,600.00,100 גרם,false,1,39.90,6.6500,true,1,185485
7290101952442,false,קבב מזרע רומני 600 ג,,,קבב מזרע רומני 600 גר,גרמים,600.00,100 גרם,false,1,38.90,6.4833,true,1,185486
7290101952657,false,נקניקיות פטרוצאן אמי,,,נקניקיות פטרוצן אמיתי קפוא 700 גר,גרמים,700.00,100 גרם,false,1,51.90,7.4143,true,1,185484
7290102030330,false,תפוצ'יפס קראנצ' בטעם מקסיקני,"שטראוס פריטו ליי בע""",IL,"תפוצ""יפס קראנץ מקסיק",גרמים,200.00,100 גרם,false,1,10.90,5.4500,true,1,173758
7290102031276,false,מארז 8 יחידות אקטימל משקה יוגורט בטעם תות בננה,מיוצר עי קונדיטוריית,IL,שמיניית אקטימל תות ב,גרמים,864.00,100 גרם,false,1,20.90,2.4190,true,1,173759
7290102032334,false,אבקה להכנת משקה קפה בטעם וניל,STRAUSS-ISRAEL,IL,קפה נמס עלית בטעם ונ,גרמים,200.00,100 גרם,false,1,23.90,11.9500,true,1,173760
7290102060764,false,מארז זוג מברשות שיניים מרידול,יבואן ומשווק: ש. שסט,CH,"מברשת שיניים ""מרידול",Unknown,0.00,Unknown,false,10,34.90,0.0000,true,1,173766
7290102060979,false,"אלמקס משחת שיניים משפחתי 100 מ""ל",יבואן ומשווק: ש. שסט,PL,"משחת שיניים ""אלמקס""",מיליליטרים,100.00,"100 מ""ל",false,1,17.90,17.9000,true,1,173767
7290102062195,false,"אלמקס משחת שיניים אלמקס גוניור 75 מ""ל",יבואן ומשווק: ש. שסט,PE,משחת שיניים אלמקס גיוניור 75 מייל,מיליליטרים,75.00,"100 מ""ל",false,1,14.90,19.8667,true,1,176855
7290102300822,false,גבינה צ'דר אנגלית כתומה 200 ג',דאולי צ'יסמייקרס,GB,"גבינת ""צידר"" אנגלית כתומה 200 גר",גרמים,200.00,100 גרם,false,1,24.90,12.4500,true,1,175815
7290102390427,false,יוגורט ביו עם קציפת תות 3% שומן 150 ג' מולר,מולר Muller,IL,יוגורט מולר תות 150 מל,מיליליטרים,150.00,"100 מ""ל",false,1,4.90,3.2667,true,1,173768
7290102390465,false,יוגורט ביו עם קציפת אפרסק ופסיפלורה 3% שומן 150 ג' מולר,מולר Muller,IL,"יוגורט ""מולר"" אפרסק",מיליליטרים,150.00,"100 מ""ל",false,1,4.90,3.2667,true,1,173769
7290102390489,false,יוגורט ביו עם קציפת לימון 3% שומן 150 ג' מולר,מולר Muller,IL,"יוגורט ""מולר"" לימון",מיליליטרים,150.00,"100 מ""ל",false,1,4.90,3.2667,true,1,173770
7290102391844,false,יוגורט ביו עם קציפת פירות יער3% שומן 150 ג' מולר,מולר Muller,IL,"יוגורט ""מולר"" פרי די",מיליליטרים,150.00,"100 מ""ל",false,1,4.90,3.2667,true,1,173773
7290102392049,false,גבינה תבור לאפייה 5% 500 ג' צוריאל,מחלבת משק צוריאל,IL,תבור לאפיה 5% 500 גר,גרמים,500.00,100 גרם,false,1,24.90,4.9800,true,1,173774
7290102392094,false,חלב עיזים 4.1% צוריאל 1 ל' קרטון,מילקו תעשיות בעמ,IL,חלב עיזים בקרטון 1 ל,מיליליטרים,1000.00,"100 מ""ל",false,1,15.90,1.5900,true,1,173775
7290102392254,false,חלב 1% בקרטון 2 ל' טרה,מילקו תעשיות בעמ,IL,חלב 2 ליטר 1%,ליטרים,2.00,ליטר,false,1,11.72,5.8600,true,1,173776
7290102393039,false,מולר מיקס יוגורט קרמי בתוספת פצפוצי שוקולד 170 ג',קריות זול,IL,יוגורט מיקס עם פצפוצי שוקולד מולר 150 גר,גרמים,150.00,100 גרם,false,1,5.90,3.9333,true,1,173781
7290102393060,false,מיקס יוגורט גליליות וופל קרם אגוזים 170 ג' מולר,קריות זול,IL,"יוגורט ""מולר"" מיקס ק",גרמים,170.00,100 גרם,false,1,5.90,3.4706,true,1,173782
7290102393169,false,סימפלי פרוט יוגורט תות 3% שומן 150 ג' מולר,מולר Muller,IL,"יוגורט ""מולר"" סימפלי",גרמים,150.00,100 גרם,false,1,5.50,3.6667,true,1,173783
7290102393176,false,סימפלי פרוט יוגורט אפרסק 3% שומן 150 ג' מולר,מילקו תעשיות בעמ,IL,"יוגורט ""מולר"" סימפלי",גרמים,150.00,100 גרם,false,1,5.50,3.6667,true,1,173784
7290102393190,false,סימפלי פרוט פירות היער 3% שומן 150 ג' מולר,מילקו תעשיות בעמ,IL,"יוגורט ""מולר"" סימפלי",גרמים,150.00,100 גרם,false,1,5.50,3.6667,true,1,173785
7290102393268,false,**טרה גבינה לבנה אריזת חיסכון 5% 750ג,טרה,IL,"גבינה לבנה ""טרה"" 5%",גרמים,750.00,100 גרם,false,1,14.90,1.9867,true,1,173786
7290102393299,false,יוגורט עיזים לשתייה 3% שומן 500 ג' צוריאל,מיוצר עי קוד יצרן HG,IL,יוגורט עיזים לשתייה,גרמים,500.00,100 גרם,false,1,12.90,2.5800,true,1,173787
7290102393947,false,סימפלי פרוט יוגורט בטעם קיווי 3% שומן 150 ג' מולר,מילקו תעשיות בעמ,IL,מולר סימפלי פרוט בטע,גרמים,150.00,100 גרם,false,1,5.50,3.6667,true,1,173791
7290102394081,false,מולר מיקס יוגורט קרמי עם קורנפלקס מצופה שוקולד,מילקו תעשייה בעמ,IL,יוגורט מולר מיקס קרמי קורנפלקס מצופה 170,גרמים,170.00,100 גרם,false,1,5.90,3.4706,true,1,173792
7290102394463,false,נעם גבינה צהובה וואקום 28% 500גרם,Unknown,IL,גבינה צהובה 28% פרוס 500 גרי,גרמים,500.00,100 גרם,false,1,29.90,5.9800,true,1,176810
7290102394821,false,נעם גבינה צהובה דק דק פ.ח 28% 200גר,מילקו תעשיות בעמ,IL,גבינה צהובה דק דק 28,גרמים,200.00,100 גרם,false,1,16.90,8.4500,true,1,173795
7290102394845,false,פרוסות גבינת נעם מופחתת שומן 9%,מילקו תעשיות בעמ,IL,גבינה צהובה אדם לייט,גרמים,200.00,100 גרם,false,1,17.90,8.9500,true,1,173796
7290102395101,false,גבינה עם ממרח שוקולד 200ג' טרה,מילקו תעשיות בעמ,IL,ממרח גבינה ושוקולד 200 גר,גרמים,200.00,100 גרם,false,1,11.90,5.9500,true,1,177339
7290102395217,false,מאגדת שמיניה מולר במתיקות מעודנת 1.2% 8*150 ג',מולר Muller,IL,מאגדת שמיניית מולר במתיקות מעודנת 1.2%,קילוגרמים,1.20,"ק""ג",false,1,19.90,16.5833,true,1,176296
7290102395224,false,מארז 8 גביעים יוגורט ביו בטעם טבעי 1.7%,מולר Muller,IL,"מאגדת שמיניית ""מולר"" נטורל 1.7%",גרמים,1200.00,100 גרם,false,1,18.90,1.5750,true,1,176297
7290102395231,false,מולר נטורל 2.8% ביאנקו מאגדת 8 יח' * 150 ג',מולר Muller,IL,"מאגדת שמיניית ""מולר"" נטורל 2.8%",גרמים,1200.00,100 גרם,false,1,18.90,1.5750,true,1,176298
7290102395262,false,מארז 8 גביעים יוגורט בטעם תות שדה ואפרסק 3% Simply Fruit,מולר Muller,IL,מולר סימפלי פרוט מאג,גרמים,1200.00,100 גרם,false,1,29.90,2.4917,true,1,176441
7290102395378,false,גבינה צהובה נועם 28% וואקום פרוס 360ג',טרה,IL,גבינה צהובה 28% 360גרי,גרמים,360.00,100 גרם,false,1,21.90,6.0833,true,1,176809
7290102395439,false,מארז 8 גביעים יוגורט בטעם פירות יער וקיווי 3% Simply Fruit,מילקו תעשיות בעמ,IL,מולר סימפלי פרוט מאגדת שמינייה,גרמים,1200.00,100 גרם,false,1,29.90,2.4917,true,1,176442
7290102395446,false,מעדן חלב בטעם וניל עם קצפת 123 ג' טרה,טרה,IL,"מעדן ""מו"" וניל עם קצפת 142גר",גרמים,123.00,100 גרם,false,1,2.90,2.3577,true,1,176288
7290102395477,false,מעדן חלב בטעם שוקולד עם קצפת 123 ג' טרה,Unknown,IL,"מעדן ""מו"" שוקולד עם קצפת 123 גר",גרמים,123.00,100 גרם,false,1,2.90,2.3577,true,1,176286
7290102395521,false,"שמנת לבישול 15% שומן 500 מ""ל טרה",מילקו תעשיות בעמ,IL,שמנת לבישול 15% 500מל,מיליליטרים,500.00,"100 מ""ל",false,1,16.90,3.3800,true,1,177567
7290102396399,false,מארז 8 יחידות מעדן חלב בטעם שוקולד 1.5%,טרה,IL,מעדן שוקולד100 גר שמינייה,גרמים,800.00,100 גרם,false,1,14.90,1.8625,true,1,177834
7290102396405,false,מארז 8 יחידות מעדן חלב בטעם וניל 1.5%,טרה,IL,מעדן וניל 100 גר שמינייה,גרמים,800.00,100 גרם,false,1,14.90,1.8625,true,1,177835
7290102396436,false,מעדן שוקולד 1.5% שומן 125 ג' טרה,טרה,IL,מעדן מוו פונץ שוקולד 125גר,גרמים,125.00,100 גרם,false,1,2.90,2.3200,true,1,177790
7290102396443,false,מעדן וניל 1.5% שומן 125 ג' טרה,טרה,IL,מעדן מוו פונץ ווניל 125גר,גרמים,125.00,100 גרם,false,1,2.90,2.3200,true,1,177791
7290102396580,false,מעדן שוקולד ומוס שוקולד 123 ג' טרה,טרה,IL,מעדן מוו שוקולד ומוס שוקולד 123 גר,גרמים,123.00,100 גרם,false,1,2.90,2.3577,true,1,177836
7290102396597,false,מעדן חלב עם מוס בטעם שוקו וניל,טרה,IL,מעדן מוו וניל ומוס שוקולד 123 גר,גרמים,123.00,100 גרם,false,1,2.90,2.3577,true,1,177837
7290102396665,true,גבינה נעם פרוסות 15%,,,גבינה נעם 15% 200 גר,גרמים,200.00,100 גרם,false,1,16.90,8.4500,true,1,179425
7290102396672,true,גבינה נעם 9% 360 גר,,,גבינה נעם 9% 360 גר,גרמים,360.00,100 גרם,false,1,27.90,7.7500,true,1,179426
7290102396719,false,יוגורט ביו עם תות שדה 0% Simply Fruit,מולר Muller,IL,יוגורט מולר סימפלי תות 0% 150גר,גרמים,150.00,100 גרם,false,1,5.50,3.6667,true,1,178260
7290102396740,false,מארז 8 גביעים יוגורט בטעם תות שדה ואפרסק 0% Simply Fruit,מילקו תעשיות בעמ,IL,יוגורט מולר סימפלי תות אפרסק 0% מארז,גרמים,1200.00,100 גרם,false,1,29.90,2.4917,true,1,178263
7290102396795,false,טרה-מוו שישיית שוקו-מאגדת 6*200מל,טרה,IL,"שישיית שוקו טרה 200 מ""ל בשקית",ליטרים,1.20,ליטר,false,1,15.90,13.2500,true,1,178407
7290102397075,false,יוגורט בקרטון 4% שומן 1.5ל' טרה,טרה,IL,יוגורט טרה טבעי 4% קר 1.5ל,ליטרים,1.50,ליטר,false,1,15.90,10.6000,true,1,178913
7290102397204,true,גבינה נעם פרוסות 22%,,,גבינה נעם 22% 200 גר,גרמים,200.00,100 גרם,false,1,16.90,8.4500,true,1,179424
7290102397310,false,מעדן מיני בטעם שוקולד קצפת מוו מאגדת 8 יח' * 70 ג',טרה,IL,מיני מעדן מוו שוקולד קצפת 70 גר שמינייה,גרמים,560.00,100 גרם,false,1,13.90,2.4821,true,1,180123
7290102397334,false,גבינה בולגרית 5% צוריאל גליל 250ג',מחלבת משק צוריאל,IL,בולגרית גלילית 5% בגביע 250 גר,גרמים,250.00,100 גרם,false,1,21.90,8.7600,true,1,179874
7290102397464,false,יוגורט ביו בתוספת גרעינים אגוזים וחמוציות 170 ג' מולר,מולר Muller,IL,יוגורט מולר נטורל פקאן גרעינים וחמוציות,גרמים,170.00,100 גרם,false,1,5.90,3.4706,true,1,182320
7290102397600,false,מיקס יוגורט בתוספת שקדים ובוטנים מקורמלים 170 ג' מולר,מילקו תעשייה בעמ,IL,יוגורט מולר מיקס שקדים ובוטנים בקרמל,גרמים,170.00,100 גרם,false,1,5.90,3.4706,true,1,180670
7290102397617,false,יוגורט ביו קרמי עם כדורים מצופים שוקולד חום לבן,מולר Muller,IL,יוגורט מולר מיקס קליק,גרמים,170.00,100 גרם,false,1,5.90,3.4706,true,1,180671
7290102397679,false,קוטג' וחצי 5% טרה 375 ג',Unknown,IL,קוטג וחצי 5% 375 גר,גרמים,375.00,100 גרם,false,1,8.50,2.2667,true,1,202965
7290102397730,false,פרוסות גבינה אמנטל חצי קשה 30% שומן 200 ג' נעם,Unknown,IL,גבינה אמנטל נעם 200 גר,גרמים,200.00,100 גרם,false,1,18.90,9.4500,true,1,182559
7290102397747,false,פרוסות גבינת מוצרלה נעם מחלב בקר 22%,טרה,IL,גבינה מוצרלה נעם 200 גר,גרמים,200.00,100 גרם,false,1,19.90,9.9500,true,1,182558
7290102397891,false,גבינת מותכת 18% צוריאל 100ג',משק צוריאל,IL,גבינה מותכת צוריאל 100 גר,גרמים,100.00,100 גרם,false,1,7.90,7.9000,true,1,182321
7290102398065,false,**חלב בקרטון 2 ליטר 3% מהדרין - טרה,Unknown,IL,חלב 3% בקרטון 2 ליטר,ליטרים,2.00,ליטר,false,1,12.46,6.2300,true,1,182910
7290102398331,false,חלב דל לקטוז 2% מועשר בויטמין D,Unknown,IL,חלב מועשר דל לקטוז 1 ל,ליטרים,1.00,ליטר,false,1,7.90,7.9000,true,1,184251
7290102398553,false,משקה חלב בטעם שוקו 2% XL אריזה משפחתית,מילקו תעשיות בעמ,IL,שוקו טרה בקבוק 1.5 ל,ליטרים,1.50,ליטר,false,6,16.90,11.2667,true,1,191388
7290102398560,false,שוקו מעושר בבקבוק 1ל' טרה,מילקו תעשיות בעמ,IL,שוקו טרה מועשר בק 1 ל,ליטרים,1.00,ליטר,false,1,11.90,11.9000,true,1,185578
7290102398614,false,משקה חלב בטעם בננה 1 ליטר טרה,מילקו תעשיות בעמ,IL,משקה חלב טרה בטעם בננה בק 1 ל,ליטרים,1.00,ליטר,false,1,11.90,11.9000,true,1,185579
7290102398669,false,משקה חלב עם קפה אייס קפוצ'ינו 1.5%,מילקו תעשיות בעמ,IL,משקה אייס קפוצינו טרה בק 1 ל,ליטרים,1.00,ליטר,false,1,11.90,11.9000,true,1,192305
7290102398805,false,משקה סויה - וניל 1 ליטר משק צוריאל,משק צוריאל,IT,משקה סויה בטעם וניל 1 ל,ליטרים,1.00,ליטר,false,1,10.90,10.9000,true,1,202966
7290102399048,false,פרוסות גבינת קשקבל נעם 200 ג' טרה,טרה,IL,גבינה קשקבל נעם פתיחה חוזרת 200 גר,גרמים,200.00,100 גרם,false,1,22.90,11.4500,true,1,188153
7290102399635,false,"מולר פרופ יוגורט ביו עם קציפת קוקוס ואננס 150 מ""ל",מולר Muller,IL,יוגורט מולר פרופ קוקוס אננס 4.1%,מיליליטרים,150.00,"100 מ""ל",false,1,4.90,3.2667,true,1,192306
7290102399772,false,ממרח חמאת מולר ושמן לפתית במליחות עדינה,Molkerei Weihensteph,DE,מולר ספרדבל ממרח חמאה במליחות עדינה 250,גרמים,250.00,100 גרם,false,1,17.90,7.1600,true,1,192908
7290102399796,false,מעדן יוגורט לבן מועשר בחלבון 200 ג' מולר אקטיב,מולר Muller,IL,יוגורט מולר אקטיב לבן מועשר 200 גר,גרמים,200.00,100 גרם,false,24,5.90,2.9500,true,1,191403
7290102399802,false,יוגורט עם תות מולר אקטיב מועשר בחלבון 200 גר',מולר Muller,IL,יוגורט מולר תות מועשר 200 גר,גרמים,200.00,100 גרם,false,24,5.90,2.9500,true,1,191398
7290102399819,false,יוגורט עם פירות יער מולר אקטיב מועשר בחלבון 200 גר',מולר Muller,IL,יוגורט מולר פירות יער מועשר 200 גר,גרמים,200.00,100 גרם,false,24,5.90,2.9500,true,1,191401
7290102399857,false,"יוגורט אקטיב עם תות 0% , 20 גרם חלבון בגביע",מולר Muller,IL,מולר אקטיב יוגורט מועשר בחלבון תות 0%,גרמים,200.00,100 גרם,false,1,5.90,2.9500,true,1,192912
7290102601547,false,כפיות פרמיום שקוף/קרם/לבן/זהב א'ר 50 דנטס,,,כפיות פרמיום שקוף/קרם 50יח,Unknown,0.00,Unknown,false,1,8.90,0.0000,true,1,178318
7290103120658,false,דאודורנט סטיק ג'ל לגבר Cool Night 24/7,הנסיך- מפעל לייצור ט,US,"ספיד סטיק 24/7 ג""ל ש",Unknown,0.00,Unknown,false,1,18.90,0.0000,true,1,173807
7290103124601,false,"תחליב רחצה נוזל חלב ודבש משאבה 750מ""ל פלמוליב",הנסיך- מפעל לייצור ט,TR,"סבון נוזלי פלמוליב חלב ודבש 750 מ""ל",מיליליטרים,750.00,"100 מ""ל",false,1,18.90,2.5200,true,1,173809
7290103128739,false,בלונס צימרוני אוזניים לתינוק 50 יח',הנסיך- מפעל לייצור ט,GR,מקלות אוזניים בלוס לתינוקות 50יח,יחידה,50.00,יחידה,false,1,6.90,0.1380,true,1,177803
7290103243296,false,עוגה שוקוציפס 450 גר,,,עוגה שוקוציפס 450 גר,גרמים,450.00,100 גרם,false,1,9.90,2.2000,true,1,182140
7290103243302,false,עוגת שוקולד 450 גר,,,עוגת שוקולד 450 גר,גרמים,450.00,100 גרם,false,1,9.90,2.2000,true,1,182138
7290103243319,false,עוגה אנגלית 450 גר,,,עוגה אנגלית 450 גר,גרמים,450.00,100 גרם,false,1,9.90,2.2000,true,1,182139
7290103243326,false,עוגת שיש 450 גר,,,עוגת שיש 450 גר,גרמים,450.00,100 גרם,false,1,9.90,2.2000,true,1,182137
7290103243333,false,עוגת תפוז 450 גר,,,עוגת תפוז 450 גר,גרמים,450.00,100 גרם,false,1,9.90,2.2000,true,1,182136
7290103401429,false,עלית אוריגינס קצב ברזילאי 200ג,הנסיך- מפעל לייצור ט,IL,"קפה ""קצב ברזילאי"" 20",גרמים,200.00,100 גרם,false,1,24.90,12.4500,true,1,173813
7290103681180,false,"יין תבור הר מרלו 750 מ""ל",מיוצר על ידי יקב תבו,IL,"יין תבור הר מרלו 750 מ""ל",מיליליטרים,750.00,"100 מ""ל",false,1,35.90,4.7867,true,1,189267
7290103681210,false,"יין תבור הר יין שרדונה 2018 750 מ""ל",מיוצר על ידי יקב תבו,IL,"יין תבור הר שרדונה 750 מ""ל",מיליליטרים,750.00,"100 מ""ל",false,1,35.90,4.7867,true,1,189269
7290103681227,false,"יין תבור הר גיוורצטרמינר 750 מ""ל",מיוצר על ידי יקב תבו,IL,"יין תבור הר גוורצטרמינר 750 מ""ל",מיליליטרים,750.00,"100 מ""ל",false,1,35.90,4.7867,true,1,189270
7290103681623,false,יין תבור הר מוסקטו ר,יקבי תבור,IL,"יין תבור הר מוסקטו רוזה 750 מ""ל",מיליליטרים,750.00,"100 מ""ל",false,12,35.90,4.7867,true,1,192860
7290103700034,false,מטליות מגבת טאצ בגלי,שניב תעשיות,,מטליות מגבת טאצ בגליל,Unknown,0.00,Unknown,false,1,17.90,0.0000,true,1,173826
7290103700041,false,טאצ' מטליות רב שימושיות מארז תשיעייה,,,מטליות זיז טאצ רב שימושי מארז 9 יח,Unknown,0.00,Unknown,false,1,8.90,0.0000,true,1,173827
7290103700225,false,טאצ רדיד אלומיניום ארוך זוג,שניב תעשיות,,רדיד אלומיניום טאצ ארוך זוג 15 מטר,Unknown,0.00,Unknown,false,1,14.90,0.0000,true,1,173830
7290103700324,false,שאפו זוג שקיות אוכל מתכלות בקרטון 300יח',,,שקיות אוכל טאצ 150 יח זוג,Unknown,0.00,Unknown,false,1,12.90,0.0000,true,1,173831
7290103700379,false,כריות קרצוף טאצ' 3 יח',"שניב תעשיות נייר בע""",,כריות קרצוף טאצ שלישייה,Unknown,0.00,Unknown,false,1,9.90,0.0000,true,1,173833
7290103700386,false,כריות יפניות טאצ' מארז 6יח',"שניב תעשיות נייר בע""",,כריות יפניות טאצ שישייה,Unknown,0.00,Unknown,false,1,9.90,0.0000,true,1,173834
7290103700393,false,טאצ' כריות יפניות עבות עם תעלות 4 יח',"שניב תעשיות נייר בע""",,כריות טאצ קרצוף 4 יח,Unknown,0.00,Unknown,false,1,8.90,0.0000,true,1,173835
7290103700652,false,טאצ' ספוג הפלא מארז שישייה,"שניב תעשיות נייר בע""",,מארז ספוג הפלא טאצ שישייה,יחידה,1.00,יחידה,false,1,9.90,9.9000,true,1,175776
7290103701017,false,נייר אפייה נשלף טאצ 50 יחידות כשלפ,"שניב תעשיות נייר בע""",,נייר אפייה טאצ,יחידה,1.00,יחידה,false,1,8.90,8.9000,true,1,177657
7290103701093,false,טאצ' מטליות מיקרופייבר לרצפה 2 יח',"שניב תעשיות נייר בע""",,מטליות מיקרופייבר טאצי לרצפה 2יח,לא מנהל יחידת מידה,0.00,לא מנהל יחידת מידה,false,1,15.90,0.0000,true,1,178087
7290103701130,false,טאצ' מטליות מיקרופייבר לניקוי כללי 7 יח',,,מטליות מיקרופייבר טאצי לניקוי כללי 7יח,לא מנהל יחידת מידה,0.00,לא מנהל יחידת מידה,false,1,15.90,0.0000,true,1,178086
7290103701147,false,רדיד אלומיניום טאצ' 7.5מטר,שניב תעשיות,,רדיד אלומיניום טאצ 60 מטר,מטרים,60.00,מטר,false,1,32.90,0.5483,true,1,179367
7290103701161,false,טאצ' ניילון נצמד 150מ'',שניב תעשיות,,ניילון נצמד טאצ 150 מטר,מטרים,150.00,מטר,false,1,19.90,0.1327,true,1,179372
7290103701178,false,ספוג הפלא טאצ בלוק,שניב תעשיות,,ספוג הפלא טאצ בלוק,יחידה,1.00,יחידה,false,1,6.90,6.9000,true,1,179366
7290103702212,false,ממחטות טישיו כיס טאצ,"שניב תעשיות נייר בע""",,ממחטות אף טאצ כיס רגיל,Unknown,0.00,Unknown,false,1,7.90,0.0000,true,1,180603
7290103702298,false,טאצ' אשפתון עבה בגליל 77*90 50 יח',"שניב תעשיות נייר בע""",,אשפתון טאצ עבה 50 יח,יחידה,50.00,יחידה,false,1,12.90,0.2580,true,1,179421
7290103702304,false,טאצ' אשפתון עבה במיוחד 35 יח',"שניב תעשיות נייר בע""",,אשפתון טאצ עבה,Unknown,0.00,Unknown,false,1,16.90,0.0000,true,1,179369
7290103702311,false,ממחטות טישיו כיס טאצ,"שניב תעשיות נייר בע""",,ממחטות אף טאצ כיס מנטול,Unknown,0.00,Unknown,false,1,7.90,0.0000,true,1,180604
7290103702540,false,נייר טואלט מהדרות כדור פורח 30 גלילים טאצ',טאץ' Touch,,נייר טואלט טאצ כדור פורח 30 גל,Unknown,0.00,Unknown,false,1,24.90,0.0000,true,1,194895
7290103702656,false,לאבלי מגבות מטבח שיש,,,מגבות נייר לאבלי 6 יח,Unknown,0.00,Unknown,false,1,10.90,0.0000,true,1,180606
7290103702779,false,מפיות שולחן טאצ 150 יח כשלפ,,,מפיות טאצ 150 יח,Unknown,0.00,Unknown,false,1,6.90,0.0000,true,1,186120
7290103703080,false,טאצ זוג שקיות אשפה ע,,,שקיות אשפה 90*78 זוג עם שרוך טאצ 20 יח,Unknown,0.00,Unknown,false,1,22.90,0.0000,true,1,202333
7290103703219,false,דלי מטליות לחות לניקוי כללי בניחוח לימון טאצ',,,טאצ מטליות לחות לניקוי כללי דלי לימון,Unknown,0.00,Unknown,false,1,18.90,0.0000,true,1,193757
7290103703226,false,מטליות לחות לניקוי כ,,,מטליות לחות טאצ לניקוי כללי,Unknown,0.00,Unknown,false,1,8.90,0.0000,true,1,185588
7290103703233,false,מטליות טאצ' לחות תפוח לניקוי כללי דלי,,,טאצ מטליות לחות לניקוי כללי דלי תפוח,Unknown,0.00,Unknown,false,1,18.90,0.0000,true,1,193758
7290103703240,false,מטליות לחות לריצפה טאצ',,,מטליות לחות טאצ לניקוי כללי,Unknown,0.00,Unknown,false,1,9.90,0.0000,true,1,185589
7290103703370,false,טאצ מגבוני טואלט לחים מארז שלישיה,,,מטליות לחות טאצ לניקוי כללי,Unknown,0.00,Unknown,false,1,14.90,0.0000,true,1,185590
7290103703394,false,ניילון ניצמד זוגות ט,,,ניילון ניצמד זוגות טאצ,Unknown,0.00,Unknown,false,1,10.90,0.0000,true,1,202361
7290103703998,false,טאצ מגבונים אנטיבקטריאליים 50 יחי,עלבד,IL,טאצ מגבונים אנטיבקטריאליים 50 יח דיספנסר,Unknown,0.00,Unknown,false,1,10.90,0.0000,true,1,193759
7290103704063,false,נייר טואלט טאצ מהדורת כדור פורח 48 יחי,,,נייר טואלט טאצ כדור פורח 48 גל,Unknown,0.00,Unknown,false,1,36.90,0.0000,true,1,194896
7290103704155,false,נייר מגבת טאצ' 6 גלילים מהדורת 2021,"שניב תעשיות נייר בע""",IL,מגבות נייר טאצ 6 יח,Unknown,0.00,Unknown,false,1,10.90,0.0000,true,1,198352
7290103704162,false,נייר טואלט טאצ' פרימיום 32 גלילים,"שניב תעשיות נייר בע""",IL,נייר טואלט טאצ 32 גל,Unknown,0.00,Unknown,false,1,28.90,0.0000,true,1,197223
7290103704179,false,מגבת נייר למטבח טאצ' 8 יח',,,מגבות נייר טאצ 8 יח,Unknown,0.00,Unknown,false,1,14.90,0.0000,true,1,198353
7290103704186,false,מגבות מטבח כפול טאצ`מהדורת 2021 6 יחידות,,,מגבות טאצ 6 גלילים כפולים,Unknown,0.00,Unknown,false,1,22.90,0.0000,true,1,202362
7290103704193,false,מגבות טאצ 8 גליל כפול,,,מגבות טאצ 8 גלילים כפולים,Unknown,0.00,Unknown,false,1,28.90,0.0000,true,1,202363
7290103704568,false,נייר טואלט טאצ 40 גל,,,נייר טואלט טאצ 40 גל,Unknown,0.00,Unknown,false,1,34.90,0.0000,true,1,197224
7290103704575,false,נייר טואלט טאצ' פרימיום 48 גלילים,,,נייר טואלט טאצ 48 גל,Unknown,0.00,Unknown,false,1,39.90,0.0000,true,1,197225
7290103704766,false,נייר טואלט 24 גליל כפול מהדורת פרח סגול,,,נייר טואלט טאצ כפול 24 גל,Unknown,0.00,Unknown,false,1,37.90,0.0000,true,1,204390
7290103722005,false,נייר טואלט לאבלי לבן,,,"נייר טואלט ""לאבלי"" ל",Unknown,0.00,Unknown,false,1,36.90,0.0000,true,1,173836
7290103746001,false,ממחטות טאצ' 5*100 צץ רץ (19*195),"שניב תעשיות נייר בע""",,"ממחטות ""טאצ"" חמישייה",Unknown,0.00,Unknown,false,1,11.90,0.0000,true,1,173840
7290104061417,false,חומוס טחינה אחלה 400 ג',"שטראוס גרופ בע""מ",IL,חומוס טחינה 400 גר,גרמים,400.00,100 גרם,false,1,10.90,2.7250,true,1,173843
7290104061424,false,חומוס אחלה עם זעתר 400 ג',מיוצר עי קונדיטוריית,IL,חומוס זעתר 400 גר,גרמים,400.00,100 גרם,false,1,10.90,2.7250,true,1,173844
7290104061431,false,חומוס אחלה עם צנובר 400 ג',"שטראוס גרופ בע""מ",IL,חומוס צנובר 400 גר,גרמים,400.00,100 גרם,false,1,10.90,2.7250,true,1,173845
7290104061448,false,חומוס עם חריף 400 ג' אחלה,מיוצר עי קונדיטוריית,IL,חומוס חריף 400 גר,גרמים,400.00,100 גרם,false,1,10.90,2.7250,true,1,173846
7290104062599,false,מארז 8 יחידות מעדן גמדים בטעמי תות ובננה,STRAUSS-ISRAEL,IL,גמדים בכפית 8 תות בננה דיסני,גרמים,800.00,100 גרם,false,1,18.90,2.3625,true,1,173847
7290104066566,false,טחינה שומשום מלא אחלה 500 גר',מיוצר עי קונדיטוריית,IL,טחינה עם שומשום מלא,גרמים,500.00,100 גרם,false,1,14.90,2.9800,true,1,173851
7290104067679,false,טחינה אחלה 400 גרם,מיוצר עי קונדיטוריית,IL,טחינה אחלה 400 גרי,גרמים,400.00,100 גרם,false,1,10.90,2.7250,true,1,177181
7290104500572,false,אפרופו חטיף איטליאנו 50 ג' אסם,מיוצר עי קונדיטוריית,IL,אפרופו איטליאנו 50 ג,גרמים,50.00,100 גרם,false,1,4.90,9.8000,true,1,173856
7290104501661,false,אינסטנט פודינג בטעם וניל צרפתי,מיוצר עי קונדיטוריית,IL,פודינג בטעם וניל צרפ,גרמים,80.00,100 גרם,false,1,5.40,6.7500,true,1,173857
7290104504228,false,מארז אריזות מיני חטיף דובונים - 5 יח',"אסם השקעות בע""מ",IL,"דובונים 5 יח""*20 גר""",גרמים,100.00,100 גרם,false,1,12.90,12.9000,true,1,173859
7290104508189,false,גביעי וופל ממותקים לגלידה 24 יח',בטר אנד דיפרנט,IL,גביעי גלידה ממותקים,גרמים,95.00,100 גרם,false,1,12.90,13.5789,true,1,173861
7290104508943,false,במבה אריזת חסכון 200 גרם,"אסם השקעות בע""מ",IL,"במבה כתומה 200 גר""",גרמים,200.00,100 גרם,false,1,9.90,4.9500,true,1,173863
7290104570513,false,תמר מג'הול 1 ק'ג בד',פרי וירק טמרה ושותפי,IL,תמר מגהול 1קג,קילוגרמים,1.00,"ק""ג",false,1,14.90,14.9000,true,1,177274
7290104720499,false,מארז 8 יחידות מעדן דני בטעם וניל 1.5%,מיוצר עי קונדיטוריית,IL,מארז דני וניל 20% הנ,מיליליטרים,1000.00,"100 מ""ל",false,1,15.90,1.5900,true,1,173864
7290104722530,false,תפוצ'יפס בטעם שמנת ובצל,"שטראוס פריטו ליי בע""",IL,"תפוצ""יפס שמנת בצל 20",גרמים,200.00,100 גרם,false,1,10.90,5.4500,true,1,173868
7290104726262,false,מארז 4 יחידות דני לשתייה בטעם שוקולד + קשים,מיוצר עי קונדיטוריית,IL,דני שלוק 4 שוקולד דיסני V1,גרמים,500.00,100 גרם,false,1,10.90,2.1800,true,1,173873
7290104726712,false,מארז 8 יחידות מעדן מילקי בטעם שוקולד עם קצפת,"שטראוס גרופ בע""מ",IL,מעדן מילקי מארז שמיניה,גרמים,1064.00,100 גרם,false,1,19.90,1.8703,true,1,176458
7290104728310,false,"שמנת עמידה לקצפת 38% שומן 250 מ""ל יוטבתה",מחלבת יטבתה,IL,שמנת עמידה לקצפת 38%,מיליליטרים,250.00,"100 מ""ל",false,1,6.47,2.5880,true,1,173877
7290104729003,false,"יד מרדכי - שמן זית כתית מעולה 2 קלאסי 750 מ""ל",מכוורת יד מרדכי שטרא,IL,שמן זית כתית מעולה 750 מל,מיליליטרים,750.00,"100 מ""ל",false,1,32.90,4.3867,true,1,173878
7290104729010,false,"לבן בטעם תות 3% יוטבתה 100 מ""ל",STRAUSS-ISRAEL,IL,"לבן בטעם תות 130 מ""ל",מיליליטרים,100.00,"100 מ""ל",false,1,1.40,1.4000,true,1,173879
7290104960253,false,"תחליב רחצה נקה 7 לבנדר סגול 750מ""ל",טרופיקל דגיל תעשיות,IL,"תחליב רחצה נקה 7 סגול לבנדר 750 מ""ל",מיליליטרים,750.00,"100 מ""ל",false,1,11.90,1.5867,true,1,179586
7290104960338,false,"נקה 7 תחליב רחצה ארומה אלוורה ותה ירוק 750מ""ל",אמיליה קוסמטיקס,IL,"תחליב רחצה נקה 7 ירוק אלוורה 750 מ""ל",מיליליטרים,750.00,"100 מ""ל",false,1,11.90,1.5867,true,1,179583
7290104960352,false,"נקה 7 תחליב רחצה ארומה שקד וניל 750מ""ל",אמיליה קוסמטיקס,IL,"תחליב רחצה נקה 7 וניל שקד 750 מ""ל",מיליליטרים,750.00,"100 מ""ל",false,1,11.90,1.5867,true,1,179587
7290104961205,false,"נקה 7 תחליב רחצה מגע קטיפה מ""לפפון קיווי 750 מ""ל",טרופיקל דגיל תעשיות,IL,"תחליב רחצה נקה 7 מלפפון ליים 750 מ""ל",מיליליטרים,750.00,"100 מ""ל",false,1,11.90,1.5867,true,1,179588
7290104961243,false,"נקה 7 תחליב רחצה מגע קטיפה קוקוס ליים 750 מ""ל",ג'נרל מילס סאן אדריא,IL,"תחליב רחצה נקה 7 קוקוס יסמין 750 מ""ל",מיליליטרים,750.00,"100 מ""ל",false,1,11.90,1.5867,true,1,179589
7290104961878,false,"שמפו לשיער קרטין אינטנס פורמולה 400 מ""ל נטורל",נטורל פורמולה Natural Formula,IL,"שמפו ""נטורל קרטין אינטנס"" 400 מל",מיליליטרים,400.00,"100 מ""ל",false,1,29.90,7.4750,true,1,176384
7290104963001,false,מגבונים סופטקר בניחוח עדין רביעיה,סופטקר Softcare,,מגבונים לחים סופטקר בניחוח עדן רביעייה,Unknown,0.00,Unknown,false,1,18.90,0.0000,true,1,180338
7290104963018,false,סופטקר רביעיית מגבונים ללא בישום,סופטקר Softcare,,מגבונים לחים סופטקר ללא בישום רביעייה,Unknown,0.00,Unknown,false,1,16.90,0.0000,true,1,180339
7290104963216,false,סופטקר - אל סבון עדין לתינוק לעור רגיש 1 ליטר,קוסמופארם בע''מ,IL,אל סבון סופטקר עדין לתינוק 1 ל,ליטרים,1.00,ליטר,false,1,16.90,16.9000,true,1,180503
7290104963667,false,סופטקר 2 ב1 אלסבון ושמפו אלדמע 1ל',קוסמופארם בע''מ,IL,אל סבון+שמפו סופטקר 2 ב-1 1 ל,ליטרים,1.00,ליטר,false,1,16.90,16.9000,true,1,180504
7290105360250,false,קפסולות 09 עשיר וארומטי למכונת נספרסו עלית 10יח',הנסיך- מפעל לייצור ט,IL,קפסולות בטעם מקיאטו 50 גר,גרמים,50.00,100 גרם,false,1,15.90,31.8000,true,1,176336
7290105360328,false,קפסולות אספרסו חזק למכונות נספרסו 10 יח',הנסיך- מפעל לייצור ט,IL,קפסולות למכונת אספרסו בטעם אספרסו חזק 50,גרמים,50.00,100 גרם,false,1,15.90,31.8000,true,1,176334
7290105360335,false,קפסולות קפה אספרסו עדין וקטיפתי,הנסיך- מפעל לייצור ט,IL,קפסולות למכונת אספרסו בטעם אספרסו 50 גר,גרמים,50.00,100 גרם,false,1,15.90,31.8000,true,1,176335
7290105360878,false,תפוצ'יפס מארז 4 יח' *50ג',"שטראוס פריטו ליי בע""",IL,תפוציפס טבעי 50גר מארז רביעייה,גרמים,200.00,100 גרם,false,1,11.90,5.9500,true,1,177882
7290105362339,false,"שמנת לבישול 15% 250 מ""ל יטבתה מהדרין",מחלבת יטבתה,IL,"שמנת ""יטבתה"" לבישול",מיליליטרים,250.00,"100 מ""ל",false,1,7.90,3.1600,true,1,173881
7290105364289,false,כיף כף - מקלות פצפוצים 40 גרם,"איי, בי, אינבוו",TR,שוקולד כיף כף מקלות פצפוצים 42 גר,גרמים,40.00,100 גרם,false,1,4.90,12.2500,true,1,176190
7290105364302,false,"עלית חטיף שוקולד כיף כף מקלות אגוזים, 40 גרם","איי, בי, אינבוו",TR,שוקולד כיף כף מקלות אגוזים 42 גר,גרמים,42.00,100 גרם,false,1,4.90,11.6667,true,1,176188
7290105364678,false,משקה אקטיביה בטעם אפרסק 1.3% שומן 265 ג' דנונה,מיוצר עי קונדיטוריית,IL,משקה אקטיביה בטעם אפ,גרמים,265.00,100 גרם,false,1,4.90,1.8491,true,1,173884
7290105366023,false,חציל אחלה בטעם כבד 400 גר' אחלה,מיוצר עי קונדיטוריית,IL,"סלט ""אחלה"" חציל בטעם",גרמים,400.00,100 גרם,false,1,14.90,3.7250,true,1,173885
7290105366993,false,סימפוניה גבינה במרקם שמנת פלפל שיפקה חריף 5%,"שטראוס בריאות בע""מ",IL,"גבינת ""סימפוניה"" פלפל שיפקה חריף 200 גר",גרמים,200.00,100 גרם,false,1,10.90,5.4500,true,1,177210
7290105368225,false,חומוס עם פלפל שיפקה אחלה 400 ג',מיוצר עי קונדיטוריית,IL,חומוס אחלה עם פלפל שיפקה,גרמים,400.00,100 גרם,false,1,10.90,2.7250,true,1,175901
7290105368904,false,"שמנת מתוקה להקצפה 32% שומן 250 מ""ל יוטבתה",מחלבת יטבתה,IL,שמנת מתוקה 32% 258 גר,גרמים,258.00,100 גרם,false,1,7.60,2.9457,true,1,176027
7290105368928,false,"שמנת 9% שומן 200 מ""ל יוטבתה",מחלבת יטבתה,IL,"שמנת ""יטבתה"" 9% 200מ",מיליליטרים,200.00,"100 מ""ל",false,1,3.10,1.5500,true,1,173888
7290105369130,false,סימפוניה גבינה במרקם שמנת בצל ירוק 5%,"שטראוס בריאות בע""מ",IL,"גבינת קרם ""סימפוניה"" עם בצל ירוק 5% 200",גרמים,200.00,100 גרם,false,1,10.90,5.4500,true,1,176342
7290105430441,false,תחליב רחצה סחלב שחור וקרם לחות Naturals משאבה,הנסיך- מפעל לייצור ט,TR,"סבון נוזלי פלמוליב סחלב שחור 750 מ""ל",מיליליטרים,750.00,"100 מ""ל",false,1,18.90,2.5200,true,1,179974
7290105430458,false,תחליב רחצה מועשר בשקדים וקרם לחות Naturals משאבה,הנסיך- מפעל לייצור ט,TR,"סבון נוזלי פלמוליב שקדים 750 מ""ל",מיליליטרים,750.00,"100 מ""ל",false,1,18.90,2.5200,true,1,179973
7290105438539,false,קוקי נייר אפייה 40 יח',קוקי,,נייר אפייה קוקי 40 יח,Unknown,0.00,Unknown,false,1,9.90,0.0000,true,1,191230
7290105439499,false,מיונז הולנדי 481 ג' מאסטר שף,רמיה סי.וי. הולנד,NL,מיונז מאסטר שף הולנדי 481 גר,גרמים,483.00,100 גרם,false,1,10.90,2.2567,true,1,180014
7290105439505,false,קרם בטעם מיונז לייט מנה 479 ג' מאסטר שף,רמיה סי.וי. הולנד,NL,מיונז מאסטר שף לייט 479 גר,גרמים,521.00,100 גרם,false,1,9.90,1.9002,true,1,181381
7290105439581,false,חרדל דיז'ון צרפתי 370ג' מ.שף,סאס קווינור,FR,חרדל דיזון מאסטר שף 370 גר,גרמים,370.00,100 גרם,false,1,9.90,2.6757,true,1,180015
7290105474063,false,מעדן מוס לה קט כבד 1,יו פי אף,FR,מעדן מוס לה קט כבד 155 גר,גרמים,155.00,100 גרם,false,1,5.90,3.8065,true,1,177687
7290105500151,false,וודקה פינלנדיה בקבוק,"אלטיה קורפ, הלסינקי,",FI,"וודקה ""פינלנדיה"" 0.7 ל",מיליליטרים,700.00,"100 מ""ל",false,1,59.90,8.5571,true,1,176064
7290105500236,false,וויסקי ג'ק דניאלס מס' 7 Brand No,ג'ק דניאלס Jack Daniel's,US,ויסקי גק דניאלס 700 מל,מיליליטרים,700.00,"100 מ""ל",false,6,109.90,15.7000,true,1,176331
7290105500953,false,"וויסקי ג'ק דניאלס דבש 700 מ""ל",ג'ק דניאל'ס,BE,וויסקי גיק דניאלס דבש 700מל,מיליליטרים,700.00,"100 מ""ל",false,1,109.90,15.7000,true,1,177465
7290105501547,false,מארז וודקה גריי גוס,בקרדי מרטיני,FR,וודקה גריי גוס 700 מל פלוס כוס מתכת,מיליליטרים,700.00,"100 מ""ל",false,6,119.90,17.1286,true,1,200679
7290105691248,false,פריכונים חטיפי טורטיה תירס 60 ג' אוסם,"מיוצר ע""י PT, משווק",IL,חטיפי טורטייה בטעם ת,גרמים,60.00,100 גרם,false,1,6.90,11.5000,true,1,173893
7290105691712,false,עוגיות הפסקת קפה חיטה מלאה אסם 230 גר',היינץ צפון אמריקה מק,IL,עוגיות הפסקת קפה 230,גרמים,230.00,100 גרם,false,1,9.90,4.3043,true,1,173895
7290105691934,false,"קמח שמרים 1ק""ג אוסם",תאי פרזידנט פוד פאבל,IL,קמח שמרים 1 קג,קילוגרמים,1.00,"ק""ג",false,1,9.90,9.9000,true,1,175957
7290105693341,false,במבה מארז 10 יח' * 25 ג' אסם,"אסם השקעות בע""מ",IL,במבה אריזת עשירייה,גרמים,250.00,100 גרם,false,1,15.90,6.3600,true,1,177214
7290105694614,false,פסטה ספגטי מהיר הכנה 500ג' אסם,פסטה זארה,IT,"ספגטי ""אסם"" מהיר הכנה 500 גר",גרמים,500.00,100 גרם,false,1,6.90,1.3800,true,1,175987
7290105694904,false,אבקת מרק פטריות ר.טבעיים אסם 220 ג',"אסם השקעות בע""מ",IL,אבקת מרק פטריות במיכל 220 גר,גרמים,220.00,100 גרם,false,1,14.90,6.7727,true,1,176015
7290105694928,false,אבקת מרק בצל רכיבים טבעיים 220 ג' אסם,"אסם השקעות בע""מ",IL,אבקת מרק בצל במיכל 220 גר,גרמים,220.00,100 גרם,false,1,14.90,6.7727,true,1,176016
7290105695024,false,אסם פתיתים אפויים אורז עם אטריות 500 גר,"אסם השקעות בע""מ",IL,פתיתים אפויים אורז עם אטריות 500 גר,גרמים,500.00,100 גרם,false,1,7.90,1.5800,true,1,176224
7290105695321,false,עוגת שוקולד בראוניז פאדג' 380 ג',מיוצר עי קונדיטוריית,IL,עוגת בראוניס פאדג 380 גר,גרמים,380.00,100 גרם,false,1,15.90,4.1842,true,1,176237
7290105962331,false,זחוק אדום תימני מקורי חריף מאוד,קריניסה ויטמין אס אי,IL,סחוג חריף מאוד 220 גר,גרמים,220.00,100 גרם,false,1,11.90,5.4091,true,1,176186
7290105962980,false,כרוב אדום במיונז 400 ג' אחלה,מיוצר עי קונדיטוריית,IL,"כרוב אדום ""אחלה"" 400 גר",גרמים,400.00,100 גרם,false,1,10.90,2.7250,true,1,175834
7290105962997,false,חצילים אחלה במיונז 400 גר',"שטראוס גרופ בע""מ",IL,"חצילים במיונז ""אחלה"" 400 גר",גרמים,400.00,100 גרם,false,1,10.90,2.7250,true,1,175833
7290105963000,false,מטבוחה אחלה 400 גרם,מיוצר עי קונדיטוריית,IL,"מטבוחה ""אחלה"" 400 גר",גרמים,400.00,100 גרם,false,1,10.90,2.7250,true,1,175832
7290105964564,false,אחלה חומוס אחלה 400ג,מיוצר עי קונדיטוריית,IL,חומוס אחלה 400 גר,גרמים,400.00,100 גרם,false,1,7.90,1.9750,true,1,176057
7290105965738,false,יוגורט לשתיה בטעם תות בננה267 ג' דנונה,מיוצר עי קונדיטוריית,IL,יוגורט דנונה לשתייה תות בננה 267מל,מיליליטרים,267.00,"100 מ""ל",false,1,5.00,1.8727,true,1,177507
7290105966469,false,"חומץ בלסמי יד מרדכי 250מ""ל",אצטייה ג'וזפה קרמוני,IT,"חומץ בלסמי ""יד מרדכי"" 250 מל",מיליליטרים,250.00,"100 מ""ל",false,1,14.90,5.9600,true,1,176486
7290105968098,false,סלט קולסלאו אחלה 500 ג',אחלה - שטראוס,IL,"סלט ""אחלה"" קולסלאו 500 גר",גרמים,500.00,100 גרם,false,1,14.90,2.9800,true,1,176110
7290105968654,false,רביולי בטטה פרווה פסטה נונה 400 ג',מיוצר עי קונדיטוריית,IL,רביולי בטטה 400 גר,גרמים,400.00,100 גרם,false,1,19.90,4.9750,true,1,176056
7290105968777,false,פריכיות עם תחתית שוקולד מריר 70 ג' אנרגי,"טחנת האבן תעשיות בע""",IL,"פריכיות ""אנרגי"" תחתית שוקולד מריר 70 גר",גרמים,70.00,100 גרם,false,1,7.90,11.2857,true,1,176569
7290106520066,false,רבע לשבע במילוי קרם אגוזים ובציפוי שוקולד חלב,הגביע מוצרי וופלים ב,IL,"גלילי וופל ""רבע לשבע"" בציפוי שוקולד במיל",גרמים,160.00,100 גרם,false,1,10.90,6.8125,true,1,176191
7290106520288,false,יוגורט פרו חלבון עם תות 2.4% שומן 150 ג' דנונה,"שטראוס בריאות בע""מ",IL,יוגורט דנונה פרו בטעם תות 150 גר,גרמים,150.00,100 גרם,false,1,4.60,3.0667,true,1,180028
7290106520905,false,סלט טורקי עם פלפל קל,"שטראוס גרופ בע""מ",IL,"סלט טורקי ""אחלה"" 400 גר",גרמים,400.00,100 גרם,false,1,14.90,3.7250,true,1,176448
7290106520912,false,"שמנת לבישול 9% 250 מ""ל יטבתה",מחלבת יטבתה,IL,"שמנת לבישול ""יטבתה"" 9%",מיליליטרים,250.00,"100 מ""ל",false,1,7.90,3.1600,true,1,176570
7290106521049,false,קוביות סלק אחלה 400 גר',מיוצר עי קונדיטוריית,IL,"קוביות סלק ""אחלה"" 400 גר",גרמים,400.00,100 גרם,false,1,14.90,3.7250,true,1,177093
7290106524439,false,תפוצ'יפס טבעי פופס 60גר',"שטראוס פריטו ליי בע""",IL,חטיף תפוציפס פופס 60 גר,גרמים,60.00,100 גרם,false,1,3.90,6.5000,true,1,184124
7290106525368,false,גלילי וופל רבע לשבע שחור לבן 125 גר',הגביע מוצרי וופלים ב,IL,גלילי וופל רבע לשבע שחור לבן 125 גר,גרמים,125.00,100 גרם,false,14,10.90,8.7200,true,1,177180
7290106525399,false,קפסולות 06 ברזיל למכונות נספרסו עלית 10יח',הנסיך- מפעל לייצור ט,IL,קפסולות קפה עלית ברזיל 06 למכונת נספרסו,גרמים,50.00,100 גרם,false,1,15.90,31.8000,true,1,180515
7290106525405,false,קפסולות למכונת נספרסו נטול קפאין,שטראוס קפה בי.וי,IL,קפסולות עלית נטול קפאין 50 ג,גרמים,50.00,100 גרם,false,1,15.90,31.8000,true,1,177886
7290106526822,false,פריכיות אורז עם תחתית שוקולד חלב 80 ג' אנרגי,"טחנת האבן תעשיות בע""",IL,פריכיות אנרגי תחתית שוקולד חלב 80 גר,גרמים,80.00,100 גרם,false,1,7.90,9.8750,true,1,177301
7290106528567,false,דוריטוס גריל עלית 185 ג',הנסיך- מפעל לייצור ט,IL,חטיף דוריטוס גריל 185 גר,גרמים,185.00,100 גרם,false,1,6.90,3.7297,true,1,180243
7290106528628,false,דוריטוס טבעי עלית 185 ג',"שטראוס פריטו ליי בע""",IL,חטיף דוריטוס טבעי 185 גר,גרמים,185.00,100 גרם,false,12,6.90,3.7297,true,1,180244
7290106571921,false,עוגיות פיטנס עוגיות חמוציות 180 גר',מיוצר עי קונדיטוריית,IL,עוגיות אסם חמוציות 180גר,גרמים,180.00,100 גרם,false,1,10.90,6.0556,true,1,177707
7290106572959,false,מארז אפרופו חטיף תירס 5 יחידות,אסם תעשיות,IL,אפרופו מארז חמישייה,גרמים,125.00,100 גרם,false,1,11.90,9.5200,true,1,176544
7290106573086,false,קוסקוס בינוני אמיתי 350X2ג' אסם,"מיוצר ע""י קוד יצרן K",IL,קוסקוס אסם 350גר מארז זוג,גרמים,700.00,100 גרם,false,1,9.90,1.4143,true,1,178750
7290106574953,false,בייגלה שטוחים כעכים שטוחים עם שומשום,מיוצר עי קונדיטוריית,IL,בייגלה שטוחים שומשום 300 גר,גרמים,300.00,100 גרם,false,1,9.90,3.3000,true,1,177074
7290106574977,false,בייגלה שטוחים כעכים שטוחים עם מלח,מיוצר עי קונדיטוריית,IL,בייגלה שטוחים עם מלח 300 גר,גרמים,300.00,100 גרם,false,1,9.90,3.3000,true,1,177076
7290106575257,false,עוגת הבית סופלה בטעם שוקולד 340 ג' אסם,מיוצר עי קונדיטוריית,IL,עוגת הבית סופלה בטעם שוקולד 340 גר,גרמים,340.00,100 גרם,false,1,12.90,3.7941,true,1,177195
7290106575431,false,עוגת הבית סופלה בטעם שוקוניל 340 ג' אסם,מיוצר עי קונדיטוריית,IL,עוגת הבית סופלה בטעם שוקו וניל 340 גר,גרמים,340.00,100 גרם,false,1,12.90,3.7941,true,1,177137
7290106577541,false,כרוב אדום מרובע 400 ג' צבר,סלטי צבר,IL,"כרוב אדום ""צבר"" 400 גר",גרמים,400.00,100 גרם,false,1,12.90,3.2250,true,1,177143
7290106578692,false,אוסם - במבה ביסלי מיקס 80 גרם,פרו מן יו פתרונות אר,IL,חטיף ביסלי במבה מיקס 80גר,גרמים,80.00,100 גרם,false,1,4.90,6.1250,true,1,177548
7290106578821,false,הבית עוגת שמרים קלאסית בטעם שוקולד 350גר.,מיוצר עי קונדיטוריית,IL,עוגת הבית שמרים טעם שוקולד 350 גר,גרמים,350.00,100 גרם,false,1,15.90,4.5429,true,1,177218
7290106653504,false,בוטנים אמריקאים סבבה ברבקיו 50גר',"שטראוס פריטו ליי בע""",IL,בוטנים קלויים סבבה בטעם ברבקיו 50 גרי,גרמים,50.00,100 גרם,false,1,1.90,3.8000,true,1,177175
7290106654099,false,מילקי CAKE עוגות אישיות במילוי קרם חלב,STRAUSS-ISRAEL,,עוגת מילקי קרם חלב 272 גר שמינייה,גרמים,272.00,100 גרם,false,1,19.90,7.3162,true,1,180027
7290106662025,false,תפוצ'יפס טבעי מלח פלפל 50 ג',"שטראוס פריטו ליי בע""",IL,חטיף תפוציפס טבעי מלח פלפל 50 גר,גרמים,50.00,100 גרם,false,1,3.90,7.8000,true,1,180733
7290106663091,false,לאבנה טבעי 9% שטראוס 500ג',הדקלאים אגודת שיתופי,IL,לאבנה 9% 500 גר,גרמים,500.00,100 גרם,false,1,18.90,3.7800,true,1,179778
7290106663183,false,צ'יטוס חטיף טעם גבינה 65ג,,,חטיף ציטוס גבינה 65 גר,גרמים,65.00,100 גרם,false,1,4.30,6.6154,true,1,182422
7290106663558,false,"רוטב טריאקי ורימון יד מרדכי 280מ""ל",אף.סי תבליני בגליל ב,IL,"רוטב יד מרדכי טריאקי רימון 280 מ""ל",גרמים,320.00,100 גרם,false,1,13.90,4.3438,true,1,179283
7290106664555,false,"רוטב שמנת עם עגבניות 9% שומן 250 מ""ל יוטבתה",מחלבת יטבתה,IL,"רוטב שמנת יטבתה עגבניות 9% 250 מ""ל",מיליליטרים,250.00,"100 מ""ל",false,1,10.90,4.3600,true,1,179679
7290106664562,false,רוטב שמנת עם פטריות 9% שומן 258 ג' יוטבתה,מחלבת יטבתה,IL,רוטב שמנת יטבתה פטריות 250מל,גרמים,250.00,100 גרם,false,1,10.90,4.3600,true,1,178804
7290106666788,false,עלית - סוכריות נוסטלגיה דבש ממולאות 80 גרם,פלזנסקי,IL,סוכריות עלית ממולאות בטעם דבש 80 גר,גרמים,80.00,100 גרם,false,1,4.90,6.1250,true,1,179074
7290106667266,false,דוריטוס חמוץ חריף עלית 185 ג',הנסיך- מפעל לייצור ט,IL,חטיף דוריטוס חמוץ חריף 185 גר,גרמים,185.00,100 גרם,false,1,6.90,3.7297,true,1,180242
7290106668577,false,"מיץ לימון טבעי יד מרדכי 250 מ""ל",האי נאם סי או אל.טי.,IT,"מיץ לימון יד מרדכי טבעי 250 מ""ל",מיליליטרים,250.00,"100 מ""ל",false,1,7.90,3.1600,true,1,179281
7290106668713,false,יוגורט עם פירות יער 3% שומן 150 ג' דנונה,מיוצר עי קונדיטוריית,IL,יוגורט דנונה פירות יער 150 גר,גרמים,150.00,100 גרם,false,1,3.90,2.6000,true,1,179276
7290106669857,false,קפסולות 06 אספרסו בטעם וניל עלית 10יח',הנסיך- מפעל לייצור ט,IL,קפסולות עלית אספרסו בטעם וניל 50 גר,גרמים,50.00,100 גרם,false,1,15.90,31.8000,true,1,182202
7290106721807,false,אחלה סלט חציל פיקנטי מהדרין 400ג,"שטראוס גרופ בע""מ",IL,סלט חציל פיקנטי אחלה 400 גר,גרמים,400.00,100 גרם,false,1,10.90,2.7250,true,1,178633
7290106721913,false,מסטיק מאסט MUST ללא סוכר בטעם מנטה מרעננת,"שטראוס גרופ בע""מ",IL,מסטיק מאסט בטעם מנטה 66 גר,גרמים,66.00,100 גרם,false,12,9.90,15.0000,true,1,179077
7290106725867,false,"סירופ מייפל טהור 189 מ""ל יד מרדכי",קוסלסי פוד,CA,"סירופ מייפל יד מרדכי טבעי 189 מ""ל",מיליליטרים,189.00,"100 מ""ל",false,1,29.90,15.8201,true,1,179786
7290106725874,false,"סירופ מייפל טהור יד מרדכי 236 מ""ל",יד מרדכי,,"סירופ מייפל יד מרדכי טבעי 236 מ""ל",מיליליטרים,236.00,"100 מ""ל",false,1,39.90,16.9068,true,1,179787
7290106726178,false,יוגורט PRO עם פירות יער 2.4% 10 גרם חלבון בגביע,מיוצר עי קונדיטוריית,IL,יוגורט דנונה פרו פירות יער 150 גר,גרמים,150.00,100 גרם,false,1,4.60,3.0667,true,1,179774
7290106729650,false,יוגורט עם תות מאגדת 8 יח' * 150ג' דנונה,דנונה - שטראוס,,מארז יוגורט דנונה תות 3% 150 גר,גרמים,1200.00,100 גרם,false,1,24.90,2.0750,true,1,180304
7290107280020,false,מטליות לחות סנו סושי לניקוי כללי שלישיה *50 יח',טרופיקל דגיל- תעשיות,IL,מגבונים לחים סנו סושי לניקוי כללי שלישיה,Unknown,0.00,Unknown,false,1,18.90,0.0000,true,1,177323
7290107280099,false,מגבוני טואלט לחים סנו סופט שלישייה * 48 יח',טרופיקל דגיל- תעשיות,IL,"מגבוני טואלט לחים ""סנו סופט"" שלישייה",Unknown,0.00,Unknown,false,1,14.90,0.0000,true,1,177888
7290107280129,false,שקיות אשפה חזקות גדולות במיוחד XXL,אשפלסט תעשיות,IL,שקיות אשפה סנו סושי חזקות גדולות 20יח,יחידה,20.00,יחידה,false,1,23.90,1.1950,true,1,178635
7290107280341,false,ריצפז מטליות לחות לניקוי הרצפה בניחוח מלון מפנק,"סנו מפעלי ברונוס סע""",IL,ריצפז מטליות לחות מלון מפנק,Unknown,0.00,Unknown,false,12,10.90,0.0000,true,1,191288
7290107280389,false,"סנו - ג'ט מרסס לניקוי בחדר האמבטיה 750 מ""ל","איי, בי, אינבוו",IL,נוזל ניקוי סנו גט לאמבט 750 מל,מיליליטרים,750.00,"100 מ""ל",false,1,10.90,1.4533,true,1,177268
7290107280396,false,"סנו - ג'ט מרסס לניקוי יסודי במטבח 750 מ""ל","סנו מפעלי ברונוס בע""",IL,"נוזל ניקוי ""סנו ג""ט"" למטבח 750 מל",מיליליטרים,750.00,"100 מ""ל",false,1,10.90,1.4533,true,1,177267
7290107280563,false,אוקסיג'ן ג'ל לכביסה בייבי 3ל',"איי, בי, אינבוו",IL,מסיר כתמים סנו אוקסיגין בייבי 3ל,ליטרים,3.00,ליטר,false,1,26.90,8.9667,true,1,178125
7290107280570,false,סנו - מקסימה ג'ל כביסה מרוכז לכביסה צבעונית 3 ליטר,מיוצר עי קונדיטוריית,IL,גיל כביסה סנו מקסימה לכביסה צבעונית 3ל,ליטרים,3.00,ליטר,false,1,28.90,9.6333,true,1,178124
7290107280587,false,סנובון סבון לאסלה דאבל אקשן בריח פרחים ורודים,סנו,,סבון אסלה סנובון דאבל אקשן פרחים ורודים,גרמים,165.00,100 גרם,false,1,11.90,7.2121,true,1,179284
7290107280662,false,"סנו מקסימה בייבי אבקת לכביסה 1.25 ק""ג",,,א.כביסה סנו מקסימה בייבי 1.25 קג,קילוגרמים,1.25,"ק""ג",false,1,17.90,14.3200,true,1,179491
7290107280709,false,"סנו ספארק נוזל הברקה למדיח 700 מ""ל","סנו מפעלי ברונוס בע""",IL,נוזל הברקה למדיח סנו ספארק 900 מל,מיליליטרים,900.00,"100 מ""ל",false,1,14.90,1.6556,true,1,178904
7290107280716,false,מלח למדיח להגנה מפני אבנית סנו ספארק Spark,סנו,IL,מלח למדיח סנו ספארק 2 קג,קילוגרמים,2.00,"ק""ג",false,1,11.90,5.9500,true,1,178905
7290107280723,false,נוזל לניקוי כלים סנו ספארק Spark בניחוח לימון רענן,סנו כימיקלים,IL,נוזל כלים ספארק לימון 700מל,מיליליטרים,700.00,"100 מ""ל",false,1,7.90,1.1286,true,1,178515
7290107280730,false,נוזל לניקוי כלים סנו ספארק Spark בניחוח לבנדר,מיוצר עי קונדיטוריית,IL,נוזל כלים ספארק לבנדר 700מל,מיליליטרים,700.00,"100 מ""ל",false,1,7.90,1.1286,true,1,178514
7290107280747,false,נוזל לניקוי כלים סנו ספארק Spark קלאסי,סנו כימיקלים,IL,נוזל כלים ספארק קלאסי 700מל,מיליליטרים,700.00,"100 מ""ל",false,1,7.90,1.1286,true,1,178516
7290107280761,false,נוזל לניקוי כלים בניחוח לימון רענן סנו ספארק Spark,מיוצר עי קונדיטוריית,IL,נוזל כלים ספארק לימון משאבה 1ל,ליטרים,1.00,ליטר,false,12,10.90,10.9000,true,1,178518
7290107645584,false,אבקת מרק עוף אמיתי רכיבים טבעיים 400 גרם - רבנות,יוניליוור ישראל מזון,IL,מרק קנור עוף אמיתי טבעי 400 גר,גרמים,400.00,100 גרם,false,1,21.90,5.4750,true,1,184656
7290107645591,false,אבקת מרק בטעם עוף 100% רכיבים טבעיים 400 גרם,יוניליוור ישראל מזון,IL,מרק קנור בטעם עוף אמיתי טבעי 400 גר,גרמים,400.00,100 גרם,false,1,14.90,3.7250,true,1,184658
7290107646383,false,מטליות לחות לרצפות לימון סיף מארז 10יח',עלבד משואות יצחק בעמ,IL,סיף מטליות לחות לניקוי רצפות,Unknown,0.00,Unknown,false,1,10.90,0.0000,true,1,182926
7290107646826,false,שוגי חטיף פתיתי תירס קלויים בטעם שוקולד,יוניליוור ישראל מזון,IL,חטיף תלמה שוגי שוקו 156 גר שישייה,גרמים,156.00,100 גרם,false,1,11.90,7.6282,true,1,184653
7290107646895,false,קנור - רוטב פסטה נפוליטנה 415 גרם חתם סופר,קונסורזיו קאסאלאסקו,IT,רוטב פסטה נפוליטנה 415,גרמים,415.00,100 גרם,false,1,12.90,3.1084,true,1,183693
7290107646918,false,רוטב עגבניות ופלפלים לשקשוקה 415 ג' קנור,קונסורזיו קאסאלאסקו,IT,רוטב שקשוקה 415 גר,גרמים,415.00,100 גרם,false,1,12.90,3.1084,true,1,183694
7290107647359,false,דומסטוס סבון אסלה 5 הפועלות בניחות אוקיינוס 3 יח' * 55 ג',יוניליוור פולין,PL,סבון אסלה דומסטוס בניחוח אוקיינוס 3 יח,Unknown,0.00,Unknown,false,1,14.90,0.0000,true,1,184249
7290107647366,false,דומסטוס סבון אסלה 5 הפועלות בניחות ליים 3 יח' * 55 ג',יוניליוור פולין,PL,סבון אסלה דומסטוס בניחוח ליים 3 יח,Unknown,0.00,Unknown,false,1,14.90,0.0000,true,1,184248
7290107647816,false,ברנפלקס ללא סוכר בדצ 500גרם***,יוניליוור ישראל מזון,IL,ברנפלקס ללא סוכר 500,גרמים,500.00,100 גרם,false,1,19.90,3.9800,true,1,184021
7290107647823,false,תלמה ברנפלקס 500 גרם,יוניליוור ישראל מזון,IL,"ברנפלקס 500 ג""ר בד""צ",גרמים,500.00,100 גרם,false,1,19.90,3.9800,true,1,184020
7290107647854,false,"שוגי מופחת סוכר תלמה 500 ג' בד""צ",יוניליוור ישראל מזון,IL,שוגי בדצ 500 גר,גרמים,500.00,100 גרם,false,1,16.90,3.3800,true,1,183331
7290107648943,false,ברנפלקס קרנצים מייפל 375 ג' תלמה,יוניליוור שפע ישראל,IL,ברנפלקס קרנצים מייפל 375 גר,גרמים,375.00,100 גרם,false,12,19.90,5.3067,true,1,185109
7290107648981,false,רוטב עגבניות קלאסי פומודורו 415 ג' קנור,מיוצר עי קונסורזייו,IT,רוטב לפסטה קנור פומודורו 415 גר,גרמים,415.00,100 גרם,false,1,12.90,3.1084,true,1,184655
7290107871990,false,פסטה צינורות 500 ג' אסם,פסטה זארה,IT,"פסטה צינורות 500 ג""ר",גרמים,500.00,100 גרם,false,1,5.90,1.1800,true,1,177972
7290107874502,false,ביסלי גריל מארז 4 יח' * 55 ג' אסם,מיוצר עי קונדיטוריית,IL,ביסלי אסם גריל 55גר מארז רביעייה,גרמים,220.00,100 גרם,false,1,11.90,5.4091,true,1,178747
7290107875271,false,ביסלי ברביקיו מארז 4 יח' * 55 ג' אסם,,,ביסלי אסם ברביקיו 55 גר מארז רביעייה,גרמים,220.00,100 גרם,false,1,11.90,5.4091,true,1,180436
7290107875820,false,קרוטונים אפויים בתיבול ביתי אוסם 180 ג',עינת תעשיות מזון,IL,קרוטונים אפויים אסם בתיבול ביתי 180גר,גרמים,180.00,100 גרם,false,1,10.90,6.0556,true,1,178748
7290107930321,false,קונפיטורה דובדבן יד מרדכי 340 ג',בית אל מזון,IL,קונפיטורה יד מרדכי דובדבן 340 גר,גרמים,340.00,100 גרם,false,1,12.90,3.7941,true,1,179509
7290107931397,false,כיף כף פצפוצים ביסקוויט 40ג',שולן צ'יקולטה גידה ס,TR,חטיף עלית כיף כף פצפצים 40 גר,גרמים,40.00,100 גרם,false,1,4.90,12.2500,true,1,180417
7290107932080,false,חלב בבקבוק 3% שומן 1 ל' יוטבתה,מחלבת יטבתה,IL,חלב יטבתה מעושר 3% בק 1 ל,ליטרים,1.00,ליטר,false,1,7.70,7.7000,true,1,179768
7290107932134,false,חלב בבקבוק 1% שומן 1 ל' יוטבתה,מחלבת יטבתה,IL,חלב יטבתה מעושר 1% בק 1 ל,ליטרים,1.00,ליטר,false,1,7.70,7.7000,true,1,179769
7290107934473,false,מארז 8 יח' אקטיביה יוגורט קרמי 1.5% שומן,דנונה - שטראוס,IL,"יוגורט ""אקטיביה"" 1.5% 150 גר שמינייה",גרמים,1200.00,100 גרם,false,1,20.90,1.7417,true,1,179594
7290107936309,false,דנונה יוגורט 7% יווני לבן 130 ג',"שטראוס בריאות בע""מ",IL,יוגורט דנונה יווני לבן 130 גר,גרמים,130.00,100 גרם,false,1,3.50,2.6923,true,1,181355
7290107937542,false,משקה יוגורט אקטיביה עם תות 1.2% שומן,מיוצר עי קונדיטוריית,IL,משקה אקטיביה תות 1.2% 265 גר,גרמים,265.00,100 גרם,false,1,4.90,1.8491,true,1,180509
7290107937641,false,מסטיק בצנצנת קוביות בזוקה 58 ג',אסקום קונפקשיין,DE,מסטיק בזוקה ללא סוכר 58 גר,גרמים,58.00,100 גרם,false,1,9.90,17.0690,true,1,181347
7290107940467,false,אקטיביה יוגורט 1.5% שומן 200 ג' דנונה,מיוצר עי קונדיטוריית,IL,יוגורט אקטיביה 1.5% 200 גר,גרמים,200.00,100 גרם,false,1,3.90,1.9500,true,1,180792
7290107942355,false,מקלות בטעם טבעי 60 ג' תפוצ'יפס,"שטראוס פריטו ליי בע""",IL,חטיף תפוציפס מקלות טעם טבעי 60 גר,גרמים,60.00,100 גרם,false,1,3.90,6.5000,true,1,202255
7290107943192,false,"שמנת חמוצה מהערבה 27% שומן 200 מ""ל יטבתה",יטבתה,,שמנת חמוצה יטבתה מהערבה 27% 390 גר,מיליליטרים,200.00,"100 מ""ל",false,1,3.90,1.9500,true,1,183720
7290107944472,false,סימפוניה גבינה במרקם שמנת 5% שום שמיר,"שטראוס בריאות בע""מ",IL,גבינת שמנת סימפוניה שום שמיר 5% 200 גר,גרמים,200.00,100 גרם,false,1,10.90,5.4500,true,1,181475
7290107950190,false,מעדן חלב דל קלוריות בטעם שוקולד מריר 0.5% שומן,מיוצר עי קונדיטוריית,IL,מעדן שטראוס דיאט שוקולד מריר 130 גר,גרמים,130.00,100 גרם,false,1,3.20,2.4615,true,1,181354
7290107951715,false,צנצנת מסטיק מאסט קוביות בטעם ענבים 58 ג' עלית,אסקום קונפקשיין,IL,מסטיק מאסט בטעם ענבים קוביות 58 גר,גרמים,58.00,100 גרם,false,12,9.90,17.0690,true,1,182199
7290107953559,false,קפה טורקי עלית לדרך שקיות 24X7ג',הנסיך- מפעל לייצור ט,IL,"קפה טורקי ""עלית"" לדרך 168 גר",גרמים,168.00,100 גרם,false,1,18.90,11.2500,true,1,181978
7290107954709,false,קונפיטורה יד מרדכי פירות יער 340 ג',יד מרדכי,IL,קונפיטורה יד מרדכי פירות יער 340 גר,גרמים,340.00,100 גרם,false,1,12.90,3.7941,true,1,182833
7290107956543,false,דבש טהור מפרחי בר 900 ג' יד מרדכי,STRAUSS-ISRAEL,,דבש טהור 900 גר,גרמים,900.00,100 גרם,false,1,39.90,4.4333,true,1,189348
7290107956642,false,"תרסיס שמן זית יד מרדכי 150 מ""ל",פארייפאבה אגרואינדוס,ES,תרסיס שמן זית יד מרדכי 150 גר,מיליליטרים,150.00,"100 מ""ל",false,1,17.90,11.9333,true,1,184259
7290107956895,false,קפסולות 07 אספרסו בטעם קרמל עלית 10יח',שטראוס,IL,קפסולות קפה עלית אספרסו בטעם קרמל 50 גר,גרמים,50.00,100 גרם,false,1,15.90,31.8000,true,1,184826
7290107956901,false,קפסולות אגוזי לוז למוכנת נספרסו,עלית,,קפסולות עלית אספרסו בטעם אגוזים 150 גר,גרמים,50.00,100 גרם,false,1,15.90,31.8000,true,1,183994
7290107956925,false,קפסולות 13 אוגנדה למכונת נספרסו עלית 10יח',שטראוס קפה בי.וי,IL,קפסולות קפה עלית אוגנדה 13 למכונת נספרסו,גרמים,50.00,100 גרם,false,12,15.90,31.8000,true,1,186371
7290107956932,false,קפסולות 12 אינדונזיה למכונות NESPRESSO,שטראוס קפה בי.וי,IL,קפסולות קפה עלית אינדונזיה 100 גר,גרמים,50.00,100 גרם,false,1,15.90,31.8000,true,1,183750
7290107957991,false,מילקי CAKE מיניס קרם חלב בציפוי שוקולד חלב שקית 16X9ג',בובארד איטליה אס.פי.,IT,עוגיות אישי מילקי קייק מיניס במילוי קרם,גרמים,144.00,100 גרם,false,1,14.90,10.3472,true,1,185688
7290107958035,false,יוגורט במתיקות מעודנת 2% ללא תוספת סוכר- מארז 8 יח,דנונה - שטראוס,IL,יוגורט דנונה מתיקות מעודנת לא סוכר 8 יח,גרמים,1200.00,100 גרם,false,1,17.90,1.4917,true,1,183958
7290107973014,false,פלמוליב סבון ידיים חלב ודבש 300 מ'ל,הנסיך- מפעל לייצור ט,TR,"סבון ידיים פלמוליב חלב ודבש 300 מ""ל",מיליליטרים,300.00,"100 מ""ל",false,1,10.90,3.6333,true,1,180854
7290107973038,false,"פלמוליב סבון ידיים אקווריום 300 מ""ל",הנסיך- מפעל לייצור ט,IT,"סבון ידיים פלמוליב אקווריום 300 מ""ל",מיליליטרים,300.00,"100 מ""ל",false,1,10.90,3.6333,true,1,180853
7290107973793,false,שימורי עגבניות שלמות 400 ג' מאסטר שף,פראנו אריקו ופיגלי ס,IT,עגבניות שלמות מנה 400 גר,גרמים,400.00,100 גרם,false,1,4.90,1.2250,true,1,181008
7290107973861,false,מאסטר שף - עגבניות קצוצות דק שלישיה 400 גרם * 3,קונסרזיו קאסאלאסקו ד,IT,עגבניות מנה קצוצות דק 400 גר שלישייה,גרמים,1200.00,100 גרם,false,1,14.90,1.2417,true,1,181010
7290107974066,false,"עלי טורטיה קמח מלא 20ס""מ 8יח' מאסטר שף 320ג'",אלקטי קורביישיסי,DE,עלי טורטיה מאסטר שף קמח מלא 320 גר,גרמים,320.00,100 גרם,false,1,8.90,2.7813,true,1,180551
7290107974073,false,עלי טורטיה קמח לבן מאסטר שף 320ג',הנסיך- מפעל לייצור ט,DE,עלי טורטיה מאסטר שף קמח לבן 320 גר,גרמים,320.00,100 גרם,false,1,8.90,2.7813,true,1,180550
7290107974080,false,טורטיות קמח לבן מנה 840 ג',הדקלאים אגודת שיתופי,DE,עלי טורטיה מאסטר שף קמח לבן 840 גר,גרמים,756.00,100 גרם,false,1,15.90,2.1032,true,1,180552
7290107974301,false,ליידי ספיד סטיק - דאודורנט ג'ל לאישה אלוורה 45 גרם,ליידי ספיד סטיק Lady Speed Stick,US,ליידי ספיד סטיק אלוורה גל,Unknown,0.00,Unknown,false,1,18.90,0.0000,true,1,182675
7290107974806,false,"מאסטר שף - אורז בסמטי 1 ק""ג",דווה סינג שיהם,,"אורז בסמטי מנה 1 ק""ג",קילוגרמים,1.00,"ק""ג",false,1,11.90,11.9000,true,1,181898
7290107974837,false,ממרח מתובל שום מאסטר שף 253ג',מאסטר שף,,מיונז מאסטר שף מתובל שום 253 גר,גרמים,246.00,100 גרם,false,1,7.90,3.2114,true,1,181382
7290107976916,false,פלמוליב סבון ידיים חלב זייתים 300מל,פלמוליב Palmolive,,"סבון ידיים פלמוליב חלב זיתים 300 מ""ל",מיליליטרים,300.00,"100 מ""ל",false,1,10.90,3.6333,true,1,183296
7290107977456,false,"פלמוליב - ג'ל רחצה ושמפו ספורט לגבר 750 מ""ל",קולגייט פלמוליב,TR,"גל רחצה ושמפו ספורט פלמוליב לגבר 750 מ""ל",מיליליטרים,750.00,"100 מ""ל",false,12,18.90,2.5200,true,1,189668
7290107978330,false,מאסטר שף אטריות דקות 400 ג',הדקלאים אגודת שיתופי,PL,אטריות מאסטר שף דקות 400 גר,גרמים,400.00,100 גרם,false,1,5.90,1.4750,true,1,182868
7290107978453,false,חטיף קראנצ'וס גריל 5,קראנצ'וס,IL,קראנצוס מנה גריל 70 גר,גרמים,70.00,100 גרם,false,1,3.90,5.5714,true,1,183312
7290107978460,false,קראנצוס פלאפל 55 גרם,מנה,IL,קראנצוס מנה פלאפל 70 גר,גרמים,70.00,100 גרם,false,1,3.90,5.5714,true,1,183313
7290107978637,false,"מרידול משחת שיניים 75 מ""ל כשל""פ-מרכז",מרידול Meridol,,"משחת שיניים מרידול 75 מ""ל",מיליליטרים,75.00,"100 מ""ל",false,1,17.90,23.8667,true,1,184464
7290108078770,false,בלון כסף ספרה 2,,,בלון כסף ספרה 2,Unknown,0.00,Unknown,false,1,5.90,0.0000,true,1,183221
7290108201864,false,קולון קפסולות ג'ל כביסה 28 יח,קולון Colon,,קפסולות גל קולון 28 יח,גרמים,607.00,100 גרם,false,1,24.90,4.1021,true,1,185353
7290108350128,false,סנו סושי שקיות אשפה חזקות במיוחד 40 יח',מיוצר עי קונדיטוריית,IL,שקיות אשפה סנו סושי חזקות במיוחד 40יח,יחידה,40.00,יחידה,false,1,24.90,0.6225,true,1,178636
7290108350203,false,כריות קרצוף אקסטרה חזקות עם ספוג מקציף - 6 יח',סנו סושי,US,כריות קרצוף סנו סושי עם ספוג מקציף 6 יח,Unknown,0.00,Unknown,false,1,9.90,0.0000,true,1,180696
7290108350210,false,סנו סושי שקיות אשפה חזקות 30 יח' XL,מיוצר עי קונדיטוריית,IL,שקיות אשפה סנו סושי חזקות במיוחד,Unknown,0.00,Unknown,false,1,24.90,0.0000,true,1,179718
7290108350500,false,סנובון מוצק דאבל אקשן בניחוח תפוז שלישייה,סנו,,סבון אסלה סנובון דאבל אקשן תפוז,Unknown,0.00,Unknown,false,1,11.90,0.0000,true,1,179285
7290108350524,false,טבליות בניחוח לבנדר לבישום ורענון ארונות בגדים,"סנו מפעלי ברונוס בע""",IL,מטהר אוויר סנו פרש בניחוח לבנדר,Unknown,0.00,Unknown,false,1,20.90,0.0000,true,1,204458
7290108350531,false,סנו ספארק נוזל כלים בניחוח קלאסי עם משאבה 1 ל',מיוצר עי קונדיטוריית,IL,נוזל כלים סנו ספארק קלאסי 1 ל,ליטרים,1.00,ליטר,false,1,10.90,10.9000,true,1,179286
7290108350548,false,סנו ספארק נוזל כלים בניחוח לבנדר עם משאבה 1 ל',מיוצר עי קונדיטוריית,IL,נוזל כלים סנו ספארק לבנדר 1 ל,ליטרים,1.00,ליטר,false,1,10.90,10.9000,true,1,179287
7290108350555,false,נוזל כלים סנו ספארק Spark היפואלרגני פריחת השקד,סנו,IL,נוזל כלים סנו ספארק שקד 1 ל,ליטרים,1.00,ליטר,false,1,10.90,10.9000,true,1,179288
7290108350586,false,נוזל לניקוי כלים סנו ספארק Spark בניחוח לימון רענן,סנו,,נוזל כלים סנו ספארק 1.5 ל,ליטרים,1.50,ליטר,false,1,14.90,9.9333,true,1,180287
7290108350623,false,מרכך כביסה סופר מרוכז סופט סילק מקסימה 1 ל' סנו,"סנו מפעלי ברונוס בע""",IL,"מרכך כביסה ""מקסימה"" סופר מרוכז SOFT SILK",ליטרים,1.00,ליטר,false,1,16.90,16.9000,true,1,180646
7290108350654,false,"כיף פיות תרסיס להתרת קשרים 350 מ""ל",קוסמופארם בע''מ,IL,"תרסיס כיף פיות להתרת קשרים 350 מ""ל",מיליליטרים,350.00,"100 מ""ל",false,1,19.90,5.6857,true,1,180220
7290108350715,false,"סנו פורטה FREE נוזל מרוכז להסרת שומנים 750 מ""ל",,,"מסיר שומנים סנו פורטה פרי 750 מ""ל",מיליליטרים,750.00,"100 מ""ל",false,1,14.90,1.9867,true,1,181469
7290108350739,false,משחת שיניים לילדים בטעם סוכריות ג'לי גילאי 2-6,טרופיקל דגיל תעשיות,IL,משחת שיניים אורביטול קידס בטעם סוכ גלי,גרמים,70.00,100 גרם,false,24,8.90,12.7143,true,1,187392
7290108351156,false,סנו - ג'ט לניקוי כללי ורצפות בתוספת חומץ 1.5 ליטר,"סנו מפעלי ברונוס בע""",IL,גל לניקוי כללי ורצפות+חומץ סנו גט פלוס,ליטרים,1.50,ליטר,false,1,11.90,7.9333,true,1,181667
7290108351507,false,מרכך כביסה מקסימה סופט סילק 4 ל' סנו,סנו מקסימה,IL,מרכך כביסה סנו מקסימה 4 ל,ליטרים,4.00,ליטר,false,1,21.90,5.4750,true,1,181522
7290108351514,false,מרכך כביסה בבישום עוצמתי פריחה כחולה,סנו מקסימה,IL,מרכך כביסה סנו מקסימה 4 ל,ליטרים,4.00,ליטר,false,1,21.90,5.4750,true,1,181521
7290108351545,false,"סנו פרש הום מבשם אוויר יבש 200 מ""ל",מיוצר עי קונדיטוריית,IL,"סנופרש הום מבשם יבש סופט סילק 200 מ""ל",מיליליטרים,200.00,"100 מ""ל",false,1,11.90,5.9500,true,1,185295
7290108351552,false,"סנו - ג'ט לניקוי כללי בתוספת חומץ בניחוח לבנדר 750 מ""ל","סנו מפעלי ברונוס בע""",IL,"נוזל ניקוי סנו ג""ט בתוספת חומץ 750 מ""ל",מיליליטרים,750.00,"100 מ""ל",false,1,10.90,1.4533,true,1,183961
7290108351583,false,"סנו - ג'ט פלוס חומץ ג'ל לניקוי אסלות לבנדר 750 מ""ל",טרופיקל דגיל תעשיות,IL,"גל לניקוי אסלות סנו גט 750 מ""ל",מיליליטרים,750.00,"100 מ""ל",false,1,10.90,1.4533,true,1,185328
7290108351590,false,"סנופרש הום בלו בלוסון בניחוח מרכך כביסה 350 מ""ל",סנו פרש Fresh,IL,סנו פרש הום מבשם לבית נטול גז BLUE,מיליליטרים,350.00,"100 מ""ל",false,1,11.90,3.4000,true,1,182850
7290108351613,false,סנו ריצפז פרש הום 2 ליטר בניחוח מלון חלומי,"סנו מפעלי ברונוס בע""",IL,נוזל לניקוי רצפות סנו ריצפז פרש הום 2ל,ליטרים,2.00,ליטר,false,1,19.90,9.9500,true,1,182528
7290108351699,false,סנו - ג'ט מטליות לחות לניקוי כללי בתוספת חומץ לבנדר שלישיה,סנו מפעלי ברונוס על,IL,מטליות סנו לחות לניקוי כללי+חומץ שלישיי,Unknown,0.00,Unknown,false,1,18.90,0.0000,true,1,187278
7290108351767,false,סנו פרש מכשיר אוטומטי +מילוי לבישום,"יצרן מכשיר: זובלה, ש",CN,מכשיר אוטומטי סנו פרש בתוספת מילוי,Unknown,0.00,Unknown,false,6,44.90,0.0000,true,1,186150
7290108351781,false,ג'ל לניקוי אסלות + חומץ ומלח לימון בריח הדרים,"סנו מפעלי ברונוס בע""",IL,"ניקוי אסלות סנו גט בניחוח הדרים 750 מ""ל",מיליליטרים,750.00,"100 מ""ל",false,1,10.90,1.4533,true,1,187389
7290108351804,false,סנו - מקסימה מרכך כביסה מרוכז ג'נטל בריז 1 ליטר,מיוצר עי קונדיטוריית,IL,מרכך מקסימה סופר מרוכז GENTLE BREEZE,ליטרים,1.00,ליטר,false,12,16.90,16.9000,true,1,189099
7290108351811,false,מקסימה מרכך כביסה סופר מרוכז פלור טאצ' 1 ליטר,מיוצר עי קונדיטוריית,IL,מרכך מקסימה סופר מרוכז FLORAL TOUCH,ליטרים,1.00,ליטר,false,1,16.90,16.9000,true,1,189098
7290108351835,false,מרכך כביסה בבישום עוצמתי פלורל טאצ',מיוצר עי קונדיטוריית,IL,מרכך כביסה סנו מקסימה FLORAL TOUCH,ליטרים,4.00,ליטר,false,6,21.90,5.4750,true,1,189883
7290108351910,false,סנו ספארק טבליות למדיח 30 יח',גרופה אינקו,PL,טבליות למדיח סנו ספארק 30 יח,Unknown,0.00,Unknown,false,1,19.90,0.0000,true,1,187647
7290108351972,false,"סנו פרש הום פרש הום מלון בוטיק 200 מ""ל",מיוצר עי קונדיטוריית,IL,"סנופרש הום מבשם מלון בוטיק 200 מ""ל",מיליליטרים,200.00,"100 מ""ל",false,12,11.90,5.9500,true,1,189889
7290108351996,false,"חיטוי בייבי 99.9% לחיטוי וניקוי בסביבת תינוקות 750 מ""ל",סנו,,"מתז בייבי לחיטוי בסביבת תינוקות 750 מ""ל",מיליליטרים,750.00,"100 מ""ל",false,12,12.90,1.7200,true,1,188667
7290108352061,false,משחת שיניים 145ג 'אורביטול Charcoal Go White,טרופיקל דגיל תעשיות,IL,משחת שיניים אורביטול עם פחם פעיל 145 גר,גרמים,145.00,100 גרם,false,1,14.90,10.2759,true,1,207588
7290108352085,false,"אורביטול - מי פה שוקינג פרש 500 מ""ל",טרופיקל דגיל תעשיות,IL,שטיפת מי פה פרש שוקינג 500 מל,מיליליטרים,500.00,"100 מ""ל",false,1,19.90,3.9800,true,1,193163
7290108352146,false,"סנובון נוזלי בניחוח מגנוליה ונרולי 750 מ""ל",סנו מפעלי ברונוס בעמ,IL,סנובון נוזלי בניחוח מגנוליה ונרולי 750 מ,מיליליטרים,750.00,"100 מ""ל",false,12,10.90,1.4533,true,1,192244
7290108352207,false,קפסולות כביסה מקסימה פלורל 40 יח' סנו,טרופיקל דגיל תעשיות,IL,קפסולות לכביסה מקסימה בניחוח פלורל בורסט,Unknown,0.00,Unknown,false,1,29.90,0.0000,true,1,192282
7290108352214,false,סנו - מקסימה קפסולות כביסה בניחוח בריזה מרעננת 40 יח',טרופיקל דגיל תעשיות,IL,קפסולות לכביסה מקסימה בניחוח פרש בריז 40,Unknown,0.00,Unknown,false,1,29.90,0.0000,true,1,192281
7290108352276,false,מטליות לחיטוי ולניקוי רצפות 70*40 + פתח למגב,"סנו מפעלי ברונס בע""מ",IL,מטליות לניקוי וחיטוי רצפות סנו 99.9%,Unknown,0.00,Unknown,false,12,14.90,0.0000,true,1,191801
7290108352283,false,סנו נוזל לחיטוי וניקוי רצפות- 99.9% 2ל',"סנו מפעלי ברונוס בע""",IL,נוזל לחיטוי וניקוי רצפות 99.9% 2 ל,ליטרים,2.00,ליטר,false,8,19.90,9.9500,true,1,191808
7290108352290,false,שלישיית מטליות לחיטוי ולניקוי לחדר האמבטיה,מיוצר עי קונדיטוריית,IL,שלישיית מטליות לחיטוי וניקוי יסודי אמבטי,Unknown,0.00,Unknown,false,8,19.90,0.0000,true,1,191800
7290108352320,false,מבשם אוויר פרש הום נטול גז בניחוח מלון בוטיק,מיוצר עי קונדיטוריית,IL,"סנו פרש הום מלון בוטיק 350 מ""ל",מיליליטרים,350.00,"100 מ""ל",false,12,11.90,3.4000,true,1,192444
7290108352337,false,"סנו - פרש מילוי למטהר אוויר מלון מפנק 250 מ""ל",מיוצר עי קונדיטוריית,IL,סנו פרש הום אוטומטיק מלון מפנק 250 מל,מיליליטרים,250.00,"100 מ""ל",false,12,14.90,5.9600,true,1,192446
7290108352344,false,"סנו - פרש מילוי למטהר אוויר מלון בוטיק 250 מ""ל",מיוצר עי קונדיטוריית,IL,סנו פרש הום אוטומטיק מלון בוטיק 250 מל,מיליליטרים,250.00,"100 מ""ל",false,12,14.90,5.9600,true,1,192445
7290108352351,false,"סנו תרסיס לחיטוי משטחים 99.9% - 400 מ""ל","סנו מפעלי ברונוס בע""",IL,תרסיס לחיטוי משטחים 99.9% 400 מל,מיליליטרים,400.00,"100 מ""ל",false,1,19.90,4.9750,true,1,192283
7290108352450,false,ריצפז פרש הום בניחוח מרכך כביסה בלו בלוסום,סנו מפעלי ברונוס בעמ,IL,סנו ריצפז פרש הום בלו בלוסום 2 ל,ליטרים,2.00,ליטר,false,1,19.90,9.9500,true,1,207583
7290108352511,false,ניקוי וחיטוי מכונת הכביסה בתוספת חומץ סנו מקסימה,"איי, בי, אינבוו",IL,מקסימה לניקוי וחיטוי מכונת כביסה 500 מל,מיליליטרים,500.00,"100 מ""ל",false,1,12.90,2.5800,true,1,198162
7290108352528,false,"מתז לחיטוי וניקוי חדר האמבטיה 99.9% 750 מ""ל","איי, בי, אינבוו",IL,מתז לחיטוי וניקוי חדר אמבטיה סנו 750 מל,מיליליטרים,750.00,"100 מ""ל",false,1,12.90,1.7200,true,1,198266
7290108352566,false,מרכך כביסה בבישום עוצמתי 4 ל' סנו מקסינה,"סנו מפעלי ברונוס בע""",IL,מרכך כביסה גוי 4 ל,ליטרים,4.00,ליטר,false,1,21.90,5.4750,true,1,207584
7290108352573,false,מרכך כביסה מקסימה בבישום עוצמתי 4 ל' סנו,סנו,IL,מרכך כביסה מקסימה קלאם 4 ל,ליטרים,4.00,ליטר,false,1,21.90,5.4750,true,1,207586
7290108352597,false,מגבונים לניקוי כללי בדלי 400 יח' סנו,סנו,,"מגבונים לחים ""סנו"" לניקוי כללי בדלי 400",Unknown,0.00,Unknown,false,1,29.90,0.0000,true,1,180898
7290108352641,false,סנו סושי מטלית הפלא לניקוי כללי במארז שלישייה,סנו מפעלי ברונוס.,CN,סנו סושי מטליות הפלא לניקוי כללי שלישיה,Unknown,0.00,Unknown,false,1,13.90,0.0000,true,1,182845
7290108352689,false,סנו סושי כריות קרצוף ללכלוך קשה 9 יח',טרופיקל דגיל תעשיות,US,כריות קרצוף סנו סושי ללכלוך קשה 9 יח,Unknown,0.00,Unknown,false,1,9.90,0.0000,true,1,180695
7290108352702,false,מגבוני טואלט לחים סנו סופט בוב ספוג שלישיה,סנו סופט Soft,,"מגבוני טואלט לחים ""סנו סופט"" שלישייה",Unknown,0.00,Unknown,false,1,14.90,0.0000,true,1,180281
7290108352788,false,סנו סושי שקיות זיפר 20יח' L,פיין ונטג,CN,שקיות זיפר L סנו סושי 20 יח,Unknown,0.00,Unknown,false,1,10.90,0.0000,true,1,187727
7290108352795,false,סנו סושי שקיות זיפר 50יח' M,סנו סושי,,שקיות זיפר M סנו סושי 50 יח,Unknown,0.00,Unknown,false,1,10.90,0.0000,true,1,187728
7290108352801,false,"שקיות אשפה S לפחים קטנים 56*45 ס""מ בניחוח עדין","סנו מפעלי ברונוס בע""",IL,שקיות אשפה לפחים קטנים סנו סושי 100 יח,Unknown,0.00,Unknown,false,1,19.90,0.0000,true,1,185329
7290108352818,false,מטלית במבוק לניקוי דוחה ריחות רעים,טרופיקל דגיל תעשיות,CN,מטלית במבוק לניקוי סנו סושי,Unknown,0.00,Unknown,false,1,7.90,0.0000,true,1,187280
7290108352825,false,ספוג הפלא נירוסטה סנו סושי 3יח',s.k.a.t ltdסנו מפעלי,CN,ספוג הפלא נירוסטה סנו סושי 3 יח,Unknown,0.00,Unknown,false,1,11.90,0.0000,true,1,185421
7290108352849,false,שלישיית מטליות הפלא לניקוי כללי דקור סנו סושי,טרופיקל דגיל תעשיות,CN,סנו סושי מטליות הפלא לניקוי כללי שלישיה,Unknown,0.00,Unknown,false,12,13.90,0.0000,true,1,196148
7290108352870,false,סנו סושי שקיות צלייה 10יח' מידה XL,מיוצר עי קונדיטוריית,TR,שקיות צלייה XL סנו סושי 10 יח,Unknown,0.00,Unknown,false,1,7.90,0.0000,true,1,187281
7290108352894,false,סנו סושי מפת שולחן חגיגית,שואוגאנג,CN,מפות שולחן חגיגית סנו סושי XL,Unknown,0.00,Unknown,false,24,7.90,0.0000,true,1,187508
7290108352900,false,סנו סושי מגבות הפלא גליל כפול 6 גלילים,סנו מפעלי ברונוס בעמ,IL,סנו סושי מגבות הפלא,Unknown,0.00,Unknown,false,1,22.90,0.0000,true,1,188671
7290108353006,false,שקיות מזון נקשרות סנו סושי 250 יח',מיוצר עי קונדיטוריית,CN,שקיות אוכל סנו סושי XL נקשרות 250 יח,Unknown,0.00,Unknown,false,24,11.90,0.0000,true,1,188670
7290108353068,false,ספוג הפלא נירוסטה עם סיבי קירצוף סנו סושי 2 יח',מיוצר עי קונדיטוריית,CN,כרית קרצוף עם סיבי נירוסטה סנו סושי זוג,Unknown,0.00,Unknown,false,12,10.90,0.0000,true,1,189100
7290108353334,false,"שמפו למניעת קשקשים עם שמן עץ התה ואסאי 700 מ""ל כיף",קוסמופארם בעמ,IL,שמפו כיף למניעת קשקשים עם שמן עץ התה ואס,מיליליטרים,700.00,"100 מ""ל",false,12,11.90,1.7000,true,1,189885
7290108353396,false,צמד מברשות שיניים עם סיבים דקים ורכים במיוחד,יבואן ומשווק: ש. שסט,CN,צמד מברשת שיניים אורביטול פרוכיגניסט 980,Unknown,0.00,Unknown,false,1,19.90,0.0000,true,1,191534
7290108353402,false,צמד מברשות שיניים עם סיבי פחם דקים במיוחד,יבואן ומשווק: ש. שסט,CN,צמד מברשת שיניים אורביטול צארקול,Unknown,0.00,Unknown,false,1,19.90,0.0000,true,1,191532
7290108353419,false,צמד מברשות שיניים עם סיבי הלבנה ספירליים,,,צמד מברשת שיניים אורביטול וויטנינג,Unknown,0.00,Unknown,false,1,19.90,0.0000,true,1,191533
7290108353471,false,סנו - סנובון מעוצב בניחוח ספא,סנו,,סבון אסלה סנובון דיזיין בניחוח ספא,Unknown,0.00,Unknown,false,1,6.90,0.0000,true,1,189129
7290108353495,false,אורביטול - חוט דנטאלי 50 מטר בתוספת שעווה ופלואוריד,,,חוט דנטאלי אורביטול,Unknown,0.00,Unknown,false,1,9.90,0.0000,true,1,207624
7290108353501,false,סנו סושי שקיות אשפה עם ידיות 25 יח' XXL,טרופיקל דגיל תעשיות,TR,שקיות אשפה סנו סושי עם ידיות 25 יח,Unknown,0.00,Unknown,false,1,19.90,0.0000,true,1,191300
7290108353518,false,"תבניות אלומיניום עם ידיות אחיזה 34*29 ס""מ",קריניסה ויטמין אס אי,CN,2 תבניות +ידית XL,Unknown,0.00,Unknown,false,24,10.90,0.0000,true,1,191291
7290108353532,false,"שקיות אשפה נשלפות עם שרוך 65*54 ס""מ L",סנו סושי,IL,שקיות אשפה סנו סושי עם שרוך 100 יח,Unknown,0.00,Unknown,false,1,29.90,0.0000,true,1,191299
7290108353549,false,נייר אפיה סנו סושי 100 יח',"טופ פלסט 2002 בע""מ",IL,דפי נייר אפייה סנו סושי 100 יח,Unknown,0.00,Unknown,false,1,19.90,0.0000,true,1,191298
7290108353556,false,נייר טואלט סופט שלוש שכבות 32 גלילים סנו,טרופיקל דגיל תעשיות,IL,נייר טואלט סנו סופט 3 שכבות 32 גל,Unknown,0.00,Unknown,false,1,44.90,0.0000,true,1,192285
7290108353648,false,סנו סושי - שקיות אוכל מנייר 70 יחידות,סנו מפעלי ברונוס.,TR,סנו סושי שקיות אוכל מנייר,Unknown,0.00,Unknown,false,1,10.90,0.0000,true,1,193159
7290108353716,false,"קרמה - תחליב רחצה חימר פיטאיה 500 מ""ל",קרמה Crema,,תחליב רחצה קרמה חימר פיטאיה 500 מל,מיליליטרים,500.00,"100 מ""ל",false,1,12.90,2.5800,true,1,203405
7290108353891,false,"קרמה - דאודורנט רול און לאישה קרמה מאסק 75 מ""ל","קוסמופארם בע""מ",IL,קרמה רול און מאסק 75 מל,מיליליטרים,75.00,"100 מ""ל",false,1,12.90,17.2000,true,1,194105
7290108353990,false,"קרמה - קרם גוף קרמה מאסק 500 מ""ל",טרופיקל דגיל תעשיות,IL,קרם גוף קרמה מאסק 500 מל,מיליליטרים,500.00,"100 מ""ל",false,1,24.90,4.9800,true,1,196167
7290108354065,false,"קרמה - מן ג'ל רחצה פילינג 700 מ""ל",קוסמופארם בע''מ,IL,גל רחצה לגבר פילינג 700 מל,מיליליטרים,700.00,"100 מ""ל",false,1,18.90,2.7000,true,1,202316
7290108354140,false,קרליין - נושם מגבוני דיאורדורנט פיור ורוד,,,מגבוני דאודורנט נושם פיור ורוד 20 יח,Unknown,0.00,Unknown,false,1,9.90,0.0000,true,1,192681
7290108354270,false,מרכך כביסה מרוכז בבישום עוצמתי 1 ל' סנו מקסימה,מיוצר עי קונדיטוריית,IL,מרכך כביסה מקסימה בניחוח קאלם 1 ל,ליטרים,1.00,ליטר,false,1,16.90,16.9000,true,1,202542
7290108354621,false,"מסיכה לשיער לחות מוגברת עם אפרסק וחמאת מורומורו 500 מ""ל כיף",סנו,IL,מסכה לשיער מוגברת אפרסק כיף 500 מל,מיליליטרים,500.00,"100 מ""ל",false,1,24.90,4.9800,true,1,207635
7290108354911,false,"שמפו, ג'ל רחצה וגילוח מועשר בתמצית אלוורה",טרופיקל דגיל תעשיות,IL,"שמפו/גל רחצה וגילוח 700 מ""ל",מיליליטרים,700.00,"100 מ""ל",false,1,18.90,2.7000,true,1,191804
7290108354973,false,"סבון ידיים ורד ווניל קרמה 300 מ""ל",טרופיקל דגיל תעשיות,IL,סבון ידיים קרמה ורד וניל 300 מל,מיליליטרים,300.00,"100 מ""ל",false,1,10.90,3.6333,true,1,194102
7290108355017,false,"נקה 7 - מרכך לשיער מיניונים 750 מ""ל",נקה 7,,"מרכך מיניונים נקה 7 קידס 750 מ""ל",מיליליטרים,750.00,"100 מ""ל",false,1,11.90,1.5867,true,1,180196
7290108355260,false,"נקה 7-שמפו 3ב1 שמפו ג'ל רחצה וסבון פנים לגבר 750 מ""ל",גוד פוד פרודקטס S.p,IL,שמפו גל רחצה וסבון פנים 750 מל,מיליליטרים,750.00,"100 מ""ל",false,12,11.90,1.5867,true,1,186060
7290108355277,false,"נקה 7 - שמפו ומרכך לגבר 2 ב-1 750 מ""ל",,,שמפו ומרכך לגבר 750 מל,מיליליטרים,750.00,"100 מ""ל",false,12,11.90,1.5867,true,1,186059
7290108355307,false,"נקה 7 - שמפו סירוק קל רוזמרין 750 מ""ל",גוד פוד פרודקטס S.p,IL,"שמפו נקה 7 לסירוק קל 750 מ""ל",מיליליטרים,750.00,"100 מ""ל",false,1,13.90,1.8533,true,1,189130
7290108356014,false,"כיף תחליב רחצה בניחות מסקרפונה ופירות יער 700 מ""ל",,,תחליב רחצה כיף בניחוח מסקרפונה ופירות יע,מיליליטרים,700.00,"100 מ""ל",false,12,12.90,1.8429,true,1,188957
7290108356083,false,"כיף תחליב רחצה בניחות סורבה מנגו 700 מ""ל",,,"תחליב רחצה כיף בניחוח סורבה מנגו 700 מ""ל",מיליליטרים,700.00,"100 מ""ל",false,12,12.90,1.8429,true,1,188668
7290108356106,false,"תחליב רחצה כיף שקדים 700 מ""ל",קריות זול,IL,"תחליב רחצה כיף שקד 700 מ""ל",מיליליטרים,700.00,"100 מ""ל",false,12,11.90,1.7000,true,1,187231
7290108356113,false,"כיף תחליב רחצה דבש 700 מ""ל-מרכז",קוסמופארם בעמ,IL,"תחליב רחצה כיף דבש 700 מ""ל",מיליליטרים,700.00,"100 מ""ל",false,12,11.90,1.7000,true,1,187230
7290108356120,false,"כיף תחליב רחצה קוקוס וניל 700 מ""ל",קריות זול,IL,"תחליב רחצה כיף קוקוס וניל 700 מ""ל",מיליליטרים,700.00,"100 מ""ל",false,12,11.90,1.7000,true,1,187233
7290108356137,false,"כיף - תחליב רחצה לבנדר 700 מ""ל",קריות זול,IL,"תחליב רחצה כיף לבנדר 700 מ""ל",מיליליטרים,700.00,"100 מ""ל",false,12,11.90,1.7000,true,1,187232
7290108356151,false,"תחליב רחצה כיף מאסק יסמין 700 מ""ל",גוד פוד פרודקטס S.p,IL,"תחליב רחצה כיף מאסק יסמין 700 מ""ל",מיליליטרים,700.00,"100 מ""ל",false,12,11.90,1.7000,true,1,187235
7290108356182,false,כיף אל סבון תאנה ותה ירוק 1 ליטר,סנו,IL,אל סבון כיף תאנה ותה ירוק 1 לי,ליטרים,1.00,ליטר,false,1,11.90,11.9000,true,1,194097
7290108356199,false,כיף אל סבון אפרסק ופלפל שחור 1 ליטר,טרופיקל דגיל תעשיות,IL,אל סבון כיף אפרסק ופלפל שחור 1 לי,ליטרים,1.00,ליטר,false,1,11.90,11.9000,true,1,194098
7290108356229,false,ג'ל גילוח לכל סוגי העור מועשר בפחם פעיל,טרופיקל דגיל תעשיות,TR,"גל גילוח קרבון פאוור קרמה מן 200 מ""ל",מיליליטרים,200.00,"100 מ""ל",false,1,12.90,6.4500,true,1,191803
7290108356489,false,"כיף - תחליב רחצה אפרסק וחמאת מורומורו 700 מ""ל",קוסמופארם,IL,תחליב רחצה כיף אפרסק חמאת מורומורו 700,מיליליטרים,700.00,"100 מ""ל",false,1,11.90,1.7000,true,1,203416
7290108356526,false,"קרליין - שמפו 10 לשיער יבש 700 מ""ל",קרליין Careline,IL,שמפו 10 לשיער יבש קרליין 700 מל,מיליליטרים,700.00,"100 מ""ל",false,1,12.90,1.8429,true,1,203393
7290108356564,false,"קרליין - מרכך 10 לשיער רגיל 700 מ""ל",קרליין Careline,IL,מרכך 10 לשיער רגיל קרליין 700 מל,מיליליטרים,700.00,"100 מ""ל",false,1,12.90,1.8429,true,1,203396
7290108356861,false,מגבוני בייבי כיף ללא בישום מארז חמישייה,בייבי כיף Baby,IL,מגבוני בייבי כיף ללא בישום חמישייה,Unknown,0.00,Unknown,false,1,19.90,0.0000,true,1,196163
7290108357028,false,"כיף תחליב רחצה ורד ושמן קוקוי 700 מ""ל",קוסמופארם בעמ,IL,תחליב רחצה כיף ורד ושמן קוקי 700 מל,מיליליטרים,700.00,"100 מ""ל",false,12,11.90,1.7000,true,1,191295
7290108357073,false,"קרליין - נושם ביו דאודורנט ספריי 150 מ""ל Blossoms Citrus לאישה",קרליין Careline,IL,דאו קרליין ספריי נושם ביו ציטרוס בלוסום,Unknown,0.00,Unknown,false,1,12.90,0.0000,true,1,203410
7290108357097,false,"קרליין - נושם ביו דאודורנט ספריי 150 מ""ל Velvet Rose לאישה",קרליין Careline,,דאו קרליין ספריי נושם ביו ולוט רוז,Unknown,0.00,Unknown,false,1,12.90,0.0000,true,1,203412
7290108357196,false,"ג'ט פלוס לניקוי כללי בתוספת תמצית עץ התה 750 מ""ל סנו",מיוצר עי קונדיטוריית,IL,מתז לניקוי וחיטוי גט בתוספת תמצית תה 750,מיליליטרים,750.00,"100 מ""ל",false,1,10.90,1.4533,true,1,198267
7290108357264,false,"פרש אוטומטי מילוי בניחוח מרכך הכביסה אולטרה 375 מ""ל סנו",סנו,IL,סנו פרש אוטומטי מילוי לבישום אויר 250 מל,מיליליטרים,250.00,"100 מ""ל",false,12,14.90,5.9600,true,1,207594
7290108357288,false,אקונומיקה ז'אוול בניחוח פריחה לבנה 4 ל' סנו,סנו ז'אוול Javel,IL,אקונומיקה פריחה לבנה סנו זאוול 4 ל,ליטרים,4.00,ליטר,false,1,16.90,4.2250,true,1,202317
7290108357707,false,"כיף שמפו לשיער רגיל-תפוח זרעי צ'יה 700 מ""ל",גוד פוד פרודקטס S.p,IL,שמפו כיף לשיער רגיל תפוח זרעי ציה 700 גר,מיליליטרים,700.00,"100 מ""ל",false,1,11.90,1.7000,true,1,187717
7290108357714,false,"כיף שמפו לשיער יבש -רימונים ושמן ארגן 700 מ""ל",גוד פוד פרודקטס S.p,IL,שמפו כיף לשיער יבש רימונים ושמן ארגן 700,מיליליטרים,700.00,"100 מ""ל",false,1,11.90,1.7000,true,1,187719
7290108357769,false,"מרכך לשיער רגיל תפוח וזרעי צ'יה 700 מ""ל כיף",גוד פוד פרודקטס S.p,IL,מרכך כיף לשיער רגיל תפוח זרעי ציה 700 גר,מיליליטרים,700.00,"100 מ""ל",false,1,11.90,1.7000,true,1,187718
7290108357776,false,"כיף מרכך לשיער יבש -רימונים ושמן ארגן 700 מ""ל",גוד פוד פרודקטס S.p,IL,מרכך כיף לשיער יבש רימונים ושמן ארגן 700,מיליליטרים,700.00,"100 מ""ל",false,1,11.90,1.7000,true,1,187720
7290108357837,false,שקית מילוי אל סבון בניחוח אצות ים 1 ל' כיף,,,אל סבון כיף שקית מילוי+פקק חסכונית,Unknown,0.00,Unknown,false,1,8.90,0.0000,true,1,203422
7290108357844,false,שקית מילוי אל סבון בניחוח גינסנג 1 ל' כיף,סנו,IL,אל סבון כיף שקית מילוי+פקק חסכונית,Unknown,0.00,Unknown,false,1,8.90,0.0000,true,1,203421
7290108357875,false,"כיף - שמפו לחות מוגברת עם אפרסק וחמאת מורומורו 700 מ""ל",קוסמופארם,IL,שמפו כיף לחות מוגברת אפרסק חמאת מורומורו,מיליליטרים,700.00,"100 מ""ל",false,1,11.90,1.7000,true,1,203414
7290108357882,false,"כיף - מרכך לחות מוגברת עם אפרסק וחמאת מורומורו 700 מ""ל",קוסמופארם,IL,מרכך כיף לחות מוגברת אפרסק חמאת מורומורו,מיליליטרים,700.00,"100 מ""ל",false,1,11.90,1.7000,true,1,203415
7290108358124,false,דפי בישום לחים למייבש הכביסה בניחוח מרכך כביסה 20 יח' מקסימה,,IL,דפי בישום למייבש,Unknown,0.00,Unknown,false,1,12.90,0.0000,true,1,207615
7290108359039,false,שקיות אשפה עם ידיות סנו סושי לפחים 30 יחידות,סנאט גרופ,IL,שקיות אשפה סנו סושי 30 יח לפחים גבוהים,Unknown,0.00,Unknown,false,1,19.90,0.0000,true,1,198163
7290108359046,false,שקיות אשפה EXTRA חזקאות במיוחד XXL סנו סושי 20 יח',,,סנו סושי שקיות חזקות וענקיות,Unknown,0.00,Unknown,false,1,25.90,0.0000,true,1,198547
7290108359145,false,סושי דפי ספוג הפלא 12יח',קריות זול,IL,סנו סושי דפי ספוג הפלא,Unknown,0.00,Unknown,false,24,11.90,0.0000,true,1,207597
7290108359152,false,"תבנית אלומיניום עגולה 25 ס""מ -6 יחי סנו סושי",,,זוג תבניוות עגולות סנו סושי 25 סמ,Unknown,0.00,Unknown,false,1,9.90,0.0000,true,1,207629
7290108359169,false,"תבנית אלומיניום עגולה 628 ס""מ יחי סנו סושי",,,זוג תבניוות עגולות סנו סושי 28 סמ,Unknown,0.00,Unknown,false,1,9.90,0.0000,true,1,207630
7290108359176,false,סופט ממחטות אף 3 שכבות 200יח,סנו,,זוג ממחטות אף סופט לושן 3 שכבות,Unknown,0.00,Unknown,false,48,14.90,0.0000,true,1,208636
7290108359183,false,שקית אשפה חזקות 70*50 60 יח' סנו סושי,,,שקיות אשפה עם ידית סנו סושי 60 יח,Unknown,0.00,Unknown,false,1,21.90,0.0000,true,1,207596
7290108359848,false,בייבי כיף שמפו אל דמע 1 ל',בייבי כיף Baby,IL,שמפו אל דמע בייבי כיף 1 ל,ליטרים,1.00,ליטר,false,1,22.90,22.9000,true,1,187287
7290108359855,false,"בייבי כיף שמפו אל דמע 750 מ""ל",גוד פוד פרודקטס S.p,IL,"שמפו אל דמע בייבי כיף 750 מ""ל",מיליליטרים,750.00,"100 מ""ל",false,1,17.90,2.3867,true,1,187290
7290108359862,false,בייבי כיף אל סבון 1 ליטר,בייבי כיף Baby,IL,אל סבון בייבי כיף 1 ל,ליטרים,1.00,ליטר,false,1,22.90,22.9000,true,1,187285
7290108500677,false,כבד דג שיבוט מעושן בשמן הדג,"איטיליאן פוד, אס.פי.",IT,כבד דג שיבוט בשמן הדג 115 גר,גרמים,115.00,100 גרם,false,1,8.90,7.7391,true,1,185737
7290108501346,false,גבינה מגורדת גאודה 500 גר',Euro יורו מחלבות אירופה,IL,גבינה גאודה מגורדת 500 גר,גרמים,500.00,100 גרם,false,1,24.90,4.9800,true,1,183333
7290108501827,false,קדאיף שערות בצק 450 גר',הנסיך- מפעל לייצור ט,GR,שערות בצק קדאיף 450 גר,גרמים,450.00,100 גרם,false,1,24.90,5.5333,true,1,185065
7290108502251,false,קרקרים טבעי וילי פוד 250 ג',,,קרקרים טבעי 250 גר,גרמים,250.00,100 גרם,false,1,5.90,2.3600,true,1,185739
7290108502268,false,קרקרים במליחות מעודנת ו.פוד 250 גר',,,קרקרים מליחות מעודנת 250 גר,גרמים,250.00,100 גרם,false,1,5.90,2.3600,true,1,185738
7290108502329,false,מארז נתחי טונה בהירה בשמן זית כתית,וילי פוד,,רביעיית נתחי טונה בשמן זית 160 גר,גרמים,640.00,100 גרם,false,1,26.90,4.2031,true,1,185736
7290108502336,true,גבינה גורגונזולה איט,,,גבינה גורגונזולה איטלקית 150 גר,גרמים,150.00,100 גרם,false,1,19.90,13.2667,true,1,205295
7290108502510,false,קרקר קלאסי טבעי וילי,קולוסי אס פי איי,IT,קרקרים טבעי 500 גר,גרמים,500.00,100 גרם,false,1,9.90,1.9800,true,1,185741
7290108502725,false,גבינת גאודה פרוסות 400 גר`וילי פוד,Euro יורו מחלבות אירופה,,גבינת גאודה פרוסות 400 גר,גרמים,400.00,100 גרם,false,1,19.90,4.9750,true,1,185720
7290108502862,false,מלפפונים כבושים במלח 18-25קטנים מאוד 600ג',וילי פוד,TR,מלפפון כבוש במלח 18-25 קטנים מאוד 600 גר,גרמים,600.00,100 גרם,false,1,12.90,2.1500,true,1,186117
7290108503692,true,פיצה מרגריטה עם מוצר,,,פיצה מרגריטה 380 גר,גרמים,380.00,100 גרם,false,,15.90,4.1842,true,1,188414
7290108503708,true,פיצה עם פטריות ומוצר,,,פיצה פטריות 390 גר,גרמים,390.00,100 גרם,false,,15.90,4.0769,true,1,188413
7290108503715,true,פיצה דקה עם זיתים ומ,,,פיצה זיתים 385 גר,גרמים,385.00,100 גרם,false,,15.90,4.1299,true,1,188412
7290108504279,true,גבינה קשקבל צאנק 150,,,גבינה קשקבל צאנק 150 גר,גרמים,150.00,100 גרם,false,,19.90,13.2667,true,1,188415
7290108504286,true,גבינה איבריקו צאנק 1,,,גבינה איבריקו צאנק 150 גר,גרמים,150.00,100 גרם,false,,19.90,13.2667,true,1,188416
7290108504293,true,גבינה מנצגו צאנק 150,,,גבינה מנצגו צאנק 150 גר,גרמים,150.00,100 גרם,false,,19.90,13.2667,true,1,188417
7290108504699,false,נתחי טונה בשמן קנולה רביעיה * 160 ג' וילי פוד,וילי פוד,,נתחי טונה בשמן קנולה 160 גר רביעייה,גרמים,640.00,100 גרם,false,12,19.90,3.1094,true,1,189120
7290108505153,false,יוגורט בטעם טבעי 2% שומן 150 ג',Euro יורו מחלבות אירופה,GR,יוגורט בטעם טבעי 10% 150 גר,גרמים,150.00,100 גרם,false,6,5.90,3.9333,true,1,192167
7290108505160,false,יוגורט+אגסים 150 גרם 4% שומן - דלתא,Euro יורו מחלבות אירופה,GR,יוגורט אגס 4% 150 גר,גרמים,150.00,100 גרם,false,6,5.90,3.9333,true,1,192173
7290108505177,false,יוגורט+אננס 150 גרם 0% שומן - דלתא,Euro יורו מחלבות אירופה,GR,יוגורט אננס 0% 150 גר,גרמים,150.00,100 גרם,false,6,5.90,3.9333,true,1,192172
7290108505191,false,יוגורט עם פצפוצי שוקולד 5% שומן 150 ג',Euro יורו מחלבות אירופה,GR,יוגורט עם פצפוצי שוקולד 5% 150 גר,גרמים,150.00,100 גרם,false,6,5.90,3.9333,true,1,192174
7290108505207,false,יוגורט עם אוכמניות 0% שומן 150 ג',Euro יורו מחלבות אירופה,GR,יוגורט אוכמניות 0% 150 גר,גרמים,150.00,100 גרם,false,6,5.90,3.9333,true,1,192170
7290108505214,false,יוגורט+אפרסק 150 גרם 0% שומן - דלתא,Euro יורו מחלבות אירופה,GR,יוגורט אפרסק 0% 150 גר,גרמים,150.00,100 גרם,false,6,5.90,3.9333,true,1,192171
7290108505733,false,צמות - גבינה חצי קשה 25% שומן 200 ג',אונטד גידה,TR,גבינה צמות חצי קשה 25% 200 גר,גרמים,200.00,100 גרם,false,12,14.90,7.4500,true,1,192159
7290108505740,false,גבינת קשקבל קשה למחצה 25% שומן,Euro יורו מחלבות אירופה,TR,גבינה קשקבל חצי קשה 25% 200 גר,גרמים,200.00,100 גרם,false,12,14.90,7.4500,true,1,192161
7290108506037,false,יוגורט בטעם טבעי 5% שומן דלתא 150 ג',Euro יורו מחלבות אירופה,GR,יוגורט בטעם טבעי 5% 150 גר,גרמים,150.00,100 גרם,false,6,5.90,3.9333,true,1,196845
7290108506426,false,בייגלה קראנצ'י טורקי אותנטי - מוקפא,וילי פוד,TR,בייגלה סימיט קפוא 400 גר,גרמים,400.00,100 גרם,false,10,15.90,3.9750,true,1,191874
7290108506488,false,סופלה שוקולד קפוא 200 ג',ארמה גרופ,TR,סופלה שוקולד קפוא 200 גר,גרמים,200.00,100 גרם,false,12,12.90,6.4500,true,1,191871
7290108506495,false,"כנאפה מאפה בצק ""שערות"" קדאיף וגבינה",ארמה גרופ,TR,כנאפה קפוא 192.5 גר,גרמים,193.00,100 גרם,false,42,12.90,6.6839,true,1,191872
7290108507942,true,ירקות גינה עם טונה 1,,,ירקות גינה עם טונה 160 גר,גרמים,160.00,100 גרם,false,,12.90,8.0625,true,1,196918
7290108508031,false,ויליפוד אננס שלם 830 גרם,אנגס פארם,VN,אננס שלם 830 גר,גרמים,830.00,100 גרם,false,1,10.90,1.3133,true,1,207250
7290108508789,true,רבעי ארטישוק בשמן ות,,,רבעי ארטישוק בשמן ותבלינים 580 גר,גרמים,530.00,100 גרם,false,12,19.90,3.7547,true,1,196262
7290108509052,true,מאפה פילו ממולא גבינ,,,מאפה פילו ממולא גבינה פטה 400 גר,גרמים,400.00,100 גרם,false,1,19.90,4.9750,true,1,197864
7290108509205,false,חטיף אורז אפוי - טבעי לתינוקות 50 גרם,,,חטיף אורז אפוי בטעם טבעי לתינוקות 50 גר,גרמים,50.00,100 גרם,false,12,11.90,23.8000,true,1,200859
7290108509212,false,חטיף אורז אפוי - ירקות לתינוקות 50 גרם,,,חטיף אורז אפוי בטעם ירקות לתינוקות 50 ג,גרמים,50.00,100 גרם,false,12,11.90,23.8000,true,1,200861
7290108509229,false,חטיף אורז אפוי - בננה לתינוקות 50 גרם,,,חטיף אורז אפוי בטעם בננה לתינוקות 50 גר,גרמים,50.00,100 גרם,false,12,11.90,23.8000,true,1,200860
7290108509359,false,פופקורן בציפוי בטעם קרמל 90 ג' ויליפוד,סנרו ס.א,UA,פופקורן בציפוי בטעם קרמל 90 גר,גרמים,90.00,100 גרם,false,12,7.90,8.7778,true,1,200853
7290108509397,true,עלי בצק פילו משולשים,,,עלי בצק פילו משולשים 360 גר,גרמים,360.00,100 גרם,false,1,9.90,2.7500,true,1,197867
7290108509403,true,חלווה טורקית קלאסית,,,חלבה טורקית קלאסית 350 גר,גרמים,350.00,100 גרם,false,1,11.90,3.4000,true,1,197860
7290108509700,false,אורז פרסי דאווט 1 קג,אל טי פוד,IN,אורז פרסי דאווט 1 קג,קילוגרמים,1.00,"ק""ג",false,1,9.90,9.9000,true,1,198555
7290108509984,false,"רוטב סויה 300 מ""ל וילי פוד",,,רוטב סויה 300 מל,מיליליטרים,300.00,"100 מ""ל",false,1,8.90,2.9667,true,1,202246
7290108509991,false,"רוטב טריאקי 300 מ""ל וילי פוד",,,רוטב טריאקי 300 מל,מיליליטרים,300.00,"100 מ""ל",false,1,8.90,2.9667,true,1,202247
7290108620177,false,"יין פאלאס בלנד אדום 750 מ""ל",יקבי ציון,IL,יין פאלאס בלנד אדום 750 מל,מיליליטרים,750.00,"100 מ""ל",false,12,24.90,3.3200,true,1,193729
7290108620207,false,"יין אימפריאל ריזלינג גוורצטרמינר 750 מ""ל",יקבי ציון,IL,יין אימפריאל ריזלינג גוורצטרמינר 750 מל,מיליליטרים,750.00,"100 מ""ל",false,12,29.90,3.9867,true,1,193728
7290108620214,false,"יין פאלאס בלנד לבן 750 מ""ל",יקבי ציון,IL,יין פאלאס בלנד לבן 750 מל,מיליליטרים,750.00,"100 מ""ל",false,12,24.90,3.3200,true,1,193730
7290108620306,false,"יין אימפריאל קברנה סובניון 375 מ""ל",,,יין אימפריאל קברנה סוביניון 375 מל,מיליליטרים,375.00,"100 מ""ל",false,1,17.90,4.7733,true,1,201848
7290109351957,false,פריכיות אורז מלא פיטנס עם שכבת שוקולד חלב,סנורייס בלגיום אן. ו,BE,פריכיות פיטנס שוקולד חלב 100 גר,גרמים,100.00,100 גרם,false,1,7.90,7.9000,true,1,181451
7290109354996,false,פתי בר ללא גלוטן שוקו אוסם 200 ג',מיוצר עי קונדיטוריית,IL,"פתי בר שוקו ללא גלוטן 200 ג""ר",גרמים,200.00,100 גרם,false,1,9.90,4.9500,true,1,180720
7290109358284,false,טבעול שניצל תירס עם חלבון 664 גר',עיצובים 2020 (4.8),IL,שניצל תירס טבעול עם חלבון 664 גר,גרמים,664.00,100 גרם,false,1,29.90,4.5030,true,1,182834
7290109358482,false,עוגיות קרמוגית במילוי קרם בטעם חלבה,היינץ צפון אמריקה מק,IL,קרמוגית אסם במילוי חלווה 200 גר,גרמים,200.00,100 גרם,false,1,9.90,4.9500,true,1,187255
7290109580050,false,נקניקיות צ'וריסוס וונדרס 0% בשר טבעוני ללא גלוטן,זוגלובק וונדרס Wonders,IL,נקניקיות צוריסוס וונדרס 226 גר,גרמים,226.00,100 גרם,false,1,29.90,13.2301,true,1,197888
7290109580166,false,פרימיום סרוולד קלאסי זוגלובק 150 ג',זוגלובק,IL,סרוולד קלאסי פרימיום 150 גר,גרמים,150.00,100 גרם,false,1,24.90,16.6000,true,1,202556
7290109580234,false,"נקניקיות מרגז חריפות וונדרס 0% בשר, טבעוני",זוגלובק וונדרס Wonders,IL,נקניקיות מרגז וונדרס 226 גר,גרמים,226.00,100 גרם,false,1,29.90,13.2301,true,1,202553
7290109580241,false,נאגטס מן הצומח 500 ג' זוגלובק,זוגלובק טבע,IL,נאגטס מן הצומח 500 גר,גרמים,500.00,100 גרם,false,1,22.90,4.5800,true,1,204983
7290109920146,false,"דורגול מסיר אבנית מקומקומים 750 מ""ל",דורינג,,"מסיר אבנית מקומקום דורגול 750 מ""ל",מיליליטרים,750.00,"100 מ""ל",false,1,19.90,2.6533,true,1,182074
7290109920153,false,"מלבין לכביסה לבנה לובן צח, 790 גרם יעקבי",יעקבי,,מלבין לכביסה לבנה וויט ברייט 790 מל,מיליליטרים,790.00,"100 מ""ל",false,1,25.90,3.2785,true,1,198592
7290109920313,false,"אסטוניש מרסס לניקוי חלונות 750 מ""ל",יעקבי- אסטוניש Astonish,,"אסטוניש מרסס מבריק שמשות 750 מ""ל",מיליליטרים,750.00,"100 מ""ל",false,1,14.90,1.9867,true,1,183866
7290109920597,false,"אסטוניש - מרסס לניקוי המקלחון 750 מ""ל",יעקבי- אסטוניש Astonish,,"אסטוניש מרסס למקלחון 750 מ""ל",מיליליטרים,750.00,"100 מ""ל",false,1,14.90,1.9867,true,1,183868
7290109920603,false,"אסטוניש קרם לניקוי במטבח 500מ""ל",,,"קרם מטבח אסטוניש 500 מ""ל",מיליליטרים,500.00,"100 מ""ל",false,1,14.90,2.9800,true,1,184452
7290109920627,false,"אסטוניש קרם ואקונומיקה לניקוי אמבטיות 500 מ""ל",אסטוניש,GB,"קרם אמבטיה עם אקונומיקה אסטוניש 500 מ""ל",מיליליטרים,500.00,"100 מ""ל",false,1,14.90,2.9800,true,1,184451
7290109920665,false,"אסטוניש - מרסס מסיר אוכל שרוף במטבח 750 מ""ל",יעקבי- אסטוניש Astonish,,"אסטוניש מרסס מסיר אוכל שרוף במטבח 750 מ""",מיליליטרים,750.00,"100 מ""ל",false,1,14.90,1.9867,true,1,183870
7290109920740,false,הפי מרכך לכביסה מרוכז לבנדר 1ל',מיפא,,מרכך כביסה הפי מרוכז לבנדר 1 ל,ליטרים,1.00,ליטר,false,1,12.90,12.9000,true,1,183864
7290109920757,false,הפי מרכך לכביסה מרוכז ורדים 1ל',מיפא,,מרכך כביסה הפי מרוכז ורדים 1 ל,ליטרים,1.00,ליטר,false,1,12.90,12.9000,true,1,183863
7290109920825,false,צמד-דורגול אספרסו + דורגול מקציף חלב מתנה,מרקה,CH,ניקוי והסרת אבנית למכונת אספרסו דורגול,מיליליטרים,500.00,"100 מ""ל",false,1,29.90,5.9800,true,1,187159
7290109920849,false,"אסטוניש - מרסס לניקוי כללי בניחוח תפוז 750 מ""ל",יעקבי- אסטוניש Astonish,,אסטוניש מרסס תפוז לניקוי רב תכליתי 750 מ,מיליליטרים,750.00,"100 מ""ל",false,1,14.90,1.9867,true,1,183871
7290109920870,false,הפי מיוחד לכביסה שחורה וכהה,,,גל כביסה הפי מיוחד לבגדי שחור וכהה 1 ל,ליטרים,1.00,ליטר,false,1,14.90,14.9000,true,1,185512
7290109920917,false,"הפי ג'ל אסלות עם כלור 750 מ""ל",אורו,,"גל לניקוי אסלות הפי עם כלור 750 מ""ל",מיליליטרים,750.00,"100 מ""ל",false,1,7.90,1.0533,true,1,185463
7290109921129,false,מרכך כביסה סופר מרוכז בניחות סיגליות 1 ל' יעקבי,מיפא,,מרכך כביסה הפי מרוכז סיגליות 1 ל,ליטרים,1.00,ליטר,false,1,12.90,12.9000,true,1,185464
7290109921303,false,טורבול סופג לחות 2 מגשיות,טורבול,SE,טורבול סלים סופג לחות 2 מגשיות,Unknown,0.00,Unknown,false,1,29.90,0.0000,true,1,196734
7290109921334,false,יעקבי דפי כביסה אידא,מרקה,ES,דפי בד לכביסה אידאל פרוטקט 15 יח,Unknown,0.00,Unknown,false,1,15.90,0.0000,true,1,187758
7290109921372,false,אסטוניש משחה לניקוי תנורים וגריל+ספוג 250 גר',אסטוניש,GB,משחה לתנורים אסטוניש+ספוג,Unknown,0.00,Unknown,false,1,15.90,0.0000,true,1,188255
7290109921488,false,"דורגול לניקוי וחיטוי מכונת הכביסה 500 מ""ל",דורינג,DE,"מסיר אבנית למכונת כביסה דורגול 500 מ""ל",מיליליטרים,500.00,"100 מ""ל",false,1,29.90,5.9800,true,1,189224
7290109921570,false,יעקבי רצפות לניקוי פרקט 1.25 ליטר,וונדפוט,BE,נוזל רצפות יעקובי פרקט 1.25 ל,ליטרים,1.25,ליטר,false,1,14.90,11.9200,true,1,189752
7290109921686,false,פוליבוי מטליות לחות לניקוי רהיטים 24 יח,,,מטליות לניקוי רהיטים פוליבוי 24 יח,Unknown,0.00,Unknown,false,1,11.90,0.0000,true,1,191365
7290109921723,false,"דורגול ג'ל לאסלה 750 מ""ל",,,דורגול גל לאסלה 750 מל,מיליליטרים,750.00,"100 מ""ל",false,1,19.90,2.6533,true,1,196735
7290109921853,false,אסטוניש המשחה המקורית לניקוי עם עוצמה,יעקבי- אסטוניש Astonish,GB,משחת אסטוניש פרימיום עם עוצמה 150 גר,גרמים,150.00,100 גרם,false,1,15.90,10.6000,true,1,195890
7290109921969,false,הפי ג'ל כביסה ורוד 2.5 ל',,,גל כביסה הפי סופרו קולור 3 ל,ליטרים,3.00,ליטר,false,1,24.90,8.3000,true,1,198594
7290109922911,false,דזיטול חיטוי נעליים מפטריות חיידקים וריחות 150מל,,,דזיטול לחיטוי נעליים מפטריות חיידקים,מיליליטרים,150.00,"100 מ""ל",false,1,19.90,13.2667,true,1,201589
7290109923024,false,"אסטוניש - מרסס פרמיום ארומטיק למטבח 750 מ""ל",,,מרסס ארומטיק למטבח אסטוניש 750 מל,מיליליטרים,750.00,"100 מ""ל",false,1,16.90,2.2533,true,1,202975
7290109923031,false,"מרסס פרמיום ארומטיק למקלחון 750 מ""ל אסטוניש",,,מרסס ארומטיק למקלחון אסטוניש 750 מל,מיליליטרים,750.00,"100 מ""ל",false,1,16.90,2.2533,true,1,202976
7290109923048,false,"אסטוניש - מרסס פרמיום ארומטיק לכל הבית 750 מ""ל",,,מרסס ארומטיק לכל הבית אסטוניש 750 מל,מיליליטרים,750.00,"100 מ""ל",false,1,16.90,2.2533,true,1,202977
7290109923093,false,"אסטוניש - קרם כיריים הלוגן ומיקרו 500 מ""ל",,,קרם לכיריים הלוגן ואינדוקציה אסטוניש 500,גרמים,500.00,100 גרם,false,1,19.90,3.9800,true,1,202972
7290109923147,false,"פלא של אקונומיקה 750 מ""ל אסטוניש",יעקבי- אסטוניש Astonish,,מרסס פלא של אקונומיקה אסטוניש 500 מל,מיליליטרים,750.00,"100 מ""ל",false,1,16.90,2.2533,true,1,202973
7290110110277,false,סיידר תפוחים מוגז - מארז רביעייה,"קרלסברג קרואטיה , יב",HR,"סיידר סומרסבי 330 מ""ל רביעייה",ליטרים,1.32,ליטר,false,1,35.90,27.1970,true,1,185125
7290110110369,false,בירה קרלסברג לומה LUMA שישייה,מבשלות בירה בינלאומי,IL,בירה קרלסברג לומה 330 מל שישייה,מיליליטרים,1980.00,"100 מ""ל",false,1,45.90,2.3182,true,1,192847
7290110110574,false,"קוקה קולה זירו לימון פחית 330 מ""ל",החברה המרכזית לייצור,IL,"סליק קולה זירו לימון פח 330 מ""ל",מיליליטרים,330.00,"100 מ""ל",false,1,4.90,1.4848,true,1,185256
7290110113476,false,בירה קרלסברג ללא אלכוהול - שישייה,קרלסברג רומניהיבואן:,RO,"בירה קרלסברג ללא אלכוהול 330 מ""ל שישייה",מיליליטרים,1980.00,"100 מ""ל",false,1,29.90,1.5101,true,1,191566
7290110114787,false,נביעות + תפוח 1.5 ליטר פיקדון,נביעות טבע הגליל בעמ,IL,מים בטעם תפוח נביעות+ 1.5 ל,ליטרים,1.50,ליטר,false,1,9.90,6.6000,true,1,201138
7290110114794,false,נביעות + אפרסק 1.5 ליטר פיקדון,"נביעות טבע הגליל בע""",IL,מים בטעם אפרסק נביעות+ 1.5 ל,ליטרים,1.50,ליטר,false,1,9.90,6.6000,true,1,201139
7290110114800,false,נביעות + ענבים 1.5 ליטר פיקדון,"נביעות טבע הגליל בע""",IL,מים בטעם ענבים נביעות+ 1.5 ל,ליטרים,1.50,ליטר,false,1,9.90,6.6000,true,1,201140
7290110114855,false,"נביעות מים מינרליים, שישיה 6 * 1.5 ליטר פקדון",נביעות טבע הגליל בעמ,IL,מים מינרליים נביעות 1.5 ל שישיה,ליטרים,9.00,ליטר,false,1,12.90,1.4333,true,1,201145
7290110114886,false,מיץ סחוט קלמנטינה 2 ל' פריגת,גת,IL,מיץ סחוט קלמנטינה פריגת 2 ל,ליטרים,2.00,ליטר,false,1,29.90,14.9500,true,1,200690
7290110114893,false,מיץ סחוט תפוז 2 ל' פריגת,פריגת,IL,מיץ סחוט תפוזים פריגת 2 ל,ליטרים,2.00,ליטר,false,1,29.90,14.9500,true,1,200691
7290110114909,false,100% מיץ תפוחים צלול עשוי מרכז,היינץ צפון אמריקה מק,IL,מיץ פריגת סחוט תפוח צלול 2 ל,ליטרים,2.00,ליטר,false,1,29.90,14.9500,true,1,200692
7290110114916,false,מיץ סחוט לימונענע 2 ל' פריגת,פריגת,IL,מיץ פריגת סחוט לימונענע 2 ל,ליטרים,2.00,ליטר,false,1,29.90,14.9500,true,1,200693
7290110114954,false,מיץ תפוזים מתקתקים 100% 2 ל' פריגת,פריגת,IL,משקה פריגת תפוזים מתקתק 100% 2 ל,ליטרים,2.00,ליטר,false,1,24.90,12.4500,true,1,200689
7290110114961,false,מיץ בטעם תפוזים 1.5ל' פריגת,מבשלות בירה בינלאומי,IL,פריגת תפוזים 1.5 ליט,ליטרים,1.50,ליטר,false,1,8.90,5.9333,true,1,201147
7290110114985,false,פריגת אשכולית 1.5 ליטר פיקדון,מבשלות בירה בינלאומי,IL,פריגת אשכוליות 1.5 ל,ליטרים,1.50,ליטר,false,1,8.90,5.9333,true,1,201149
7290110114992,false,פריגת light אשכולית 1.5 ליטר פיקדון,מבשלות בירה בינלאומי,IL,משקה קל אשכולית דיאט פריגת 1.5 ל,ליטרים,1.50,ליטר,false,1,8.90,5.9333,true,1,201137
7290110115005,false,פריגת ענבים 1.5 ליטר פיקדון,מבשלות בירה בינלאומי,IL,פריגת ענבים 1.5 ל,ליטרים,1.50,ליטר,false,1,8.90,5.9333,true,1,201150
7290110115029,false,"פריגת משק""ל תפוח 1.5 ליטר פיקדון",מבשלות בירה בינלאומי,IL,פריגת תפוחים 1.5 ל,ליטרים,1.50,ליטר,false,1,8.90,5.9333,true,1,201152
7290110115036,false,פריגת מנגו 1.5 ליטר פיקדון,מבשלות בירה בינלאומי,IL,פריגת מנגו 1.5 ל,ליטרים,1.50,ליטר,false,1,8.90,5.9333,true,1,201153
7290110115043,false,פריגת לימונענע 1.5 ליטר פיקדון,מבשלות בירה בינלאומי,IL,משקה פריגת לימונענע 1.5ל,ליטרים,1.50,ליטר,false,1,8.90,5.9333,true,1,201154
7290110115050,false,פריגת מיקס תות בננה 1.5 ליטר פיקדון,מבשלות בירה בינלאומי,IL,פריגת תות בננה 1.5 ל,ליטרים,1.50,ליטר,false,1,8.90,5.9333,true,1,201155
7290110115081,false,פריגת צלול ענבים 1.5 ליטר פיקדון,מבשלות בירה לישראל ב,IL,פריגת צלול ענבים 1.5 ל,ליטרים,1.50,ליטר,false,1,8.90,5.9333,true,1,201160
7290110115104,false,פריגת צלול אפרסק 1.5 ליטר פיקדון,מבשלות בירה בינלאומי,IL,פריגת צלול אפרסק 1.5 ל,ליטרים,1.50,ליטר,false,1,8.90,5.9333,true,1,201162
7290110115203,false,קוקה קולה 1.5 ליטר פיקדון,קוקה קולה Coca Cola,IL,קוקה קולה 1.5 ל,ליטרים,1.50,ליטר,false,1,8.90,5.9333,true,1,201170
7290110115210,false,דיאט קוקה קולה 1.5 ליטר פיקדון,קוקה קולה Coca Cola,IL,דיאט קוקה קולה 1.5 ל,ליטרים,1.50,ליטר,false,1,8.90,5.9333,true,1,201171
7290110115227,false,קולה ZERO 1.5 ליטר פיקדון,קוקה קולה Coca Cola,IL,קוקה קולה זירו 1.5 ל,ליטרים,1.50,ליטר,false,1,8.90,5.9333,true,1,201172
7290110115234,false,קולה ZERO נטול 1.5 ליטר פיקדון,החברה המרכזית לייצור,IL,קולה זירו נטול 1.5 ל,ליטרים,1.50,ליטר,false,1,8.90,5.9333,true,1,201173
7290110115241,false,קוקה קולה זירו לימון 1.5 ליטר,החברה המרכזית לייצור,IL,קולה זירו לימון 1.5 ל,ליטרים,1.50,ליטר,false,1,8.90,5.9333,true,1,201174
7290110115265,false,ספרייט 1.5 ליטר LIME פיקדון,החברה המרכזית לייצור,IL,ספרייט ליים 1.5 ל,ליטרים,1.50,ליטר,false,1,8.90,5.9333,true,1,201181
7290110115272,false,ZERO ספרייט זירו 1.5 ליטר פיקדון,החברה המרכזית לייצור,IL,ספרייט זירו 1.5 ל,ליטרים,1.50,ליטר,false,1,8.90,5.9333,true,1,201182
7290110115289,false,ספרייט 19 קל' לימון-נענע 1.5 ליטר פיקדון,החברה המרכזית לייצור,IL,ספרייט לימון נענע 1.5 ל,ליטרים,1.50,ליטר,false,1,8.90,5.9333,true,1,201185
7290110115296,false,פאנטה אורנג' 1.5 ליטר פיקדון,החברה המרכזית לייצור,IL,פאנטה אורנג 1.5 ליט,מיליליטרים,1500.00,"100 מ""ל",false,1,8.90,0.5933,true,1,201186
7290110115302,false,פאנטה ZERO אורנג' 1.5 ליטר פיקדון,החברה המרכזית לייצור,IL,פאנטה זירו אורנג 1.5 ל,ליטרים,1.50,ליטר,false,1,8.90,5.9333,true,1,201187
7290110115319,false,פאנטה אקזוטיק 1.5 ליטר פיקדון,החברה המרכזית לייצור,IL,פאנטה אקזוטיק 1.5 ל,ליטרים,1.50,ליטר,false,1,8.90,5.9333,true,1,201189
7290110115333,false,פאנטה תות 1.5 ליטר פיקדון,החברה המרכזית לייצור,IL,פאנטה תות 1.5 ל,מיליליטרים,1500.00,"100 מ""ל",false,1,8.90,0.5933,true,1,201191
7290110115364,false,קוקה קולה שישיות 1.5 ליטר פיקדון,החברה המרכזית לייצור,IL,קוקה קולה 1.5 ל שישיה,ליטרים,9.00,ליטר,false,1,49.90,5.5444,true,1,201176
7290110115371,false,דיאט קוקה קולה שישיות 1.5 ליטר פיקדון,החברה המרכזית לייצור,IL,קוקה קולה דיאט דל קלוריות 1.5 ל שישיה,ליטרים,9.00,ליטר,false,1,45.90,5.1000,true,1,201177
7290110115388,false,ספרייט ליים שישיות 1.5 ליטר פיקדון,החברה המרכזית לייצור,IL,ספרייט 1.5 ל שישיה,ליטרים,9.00,ליטר,false,1,49.90,5.5444,true,1,201183
7290110115401,false,קינלי סודה שישייה 1.5 ליטר פיקדון,החברה המרכזית לייצור,IL,סודה קינלי 1.5 ל שישיה,ליטרים,9.00,ליטר,false,1,15.90,1.7667,true,1,201195
7290110115418,false,מארז שישייה קוקה קולה זירו 1.5 ל',החברה המרכזית לייצור,IL,קוקה קולה זירו דל קלוריות 1.5 ל שישיה,ליטרים,9.00,ליטר,false,1,45.90,5.1000,true,1,201178
7290110115425,false,FUZE TEA גרין לימונענע -נענע 1.5 ליטר פיקדון,מבשלות בירה בינלאומי,IL,תה קר פיוז טי ירוק לימון נענע 1.5 ל,ליטרים,1.50,ליטר,false,1,8.90,5.9333,true,1,201196
7290110115449,false,אייס תה בטעם מנגו אננס 1.5ל' FUZE TEA,מבשלות בירה בינלאומי,IL,תה קר פיוז מנגו אננס 1.5ל,מיליליטרים,1500.00,"100 מ""ל",false,1,8.90,0.5933,true,1,201198
7290110115463,false,אייס תה בטעם אפרסק 1.5ל' FUZE TEA,מבשלות בירה בינלאומי,IL,תה קר פיוז אפרסק 1.5ל,מיליליטרים,1500.00,"100 מ""ל",false,1,8.90,0.5933,true,1,201200
7290110115494,false,אייס תה בטעם ענבים 1.5ל' FUZE TEA,מבשלות בירה בינלאומי,IL,תה קר פיוז ענבים 1.5ל,מיליליטרים,1500.00,"100 מ""ל",false,1,8.90,0.5933,true,1,201203
7290110115616,false,FUZE tea zero גרין אננס 1.5 ליטר פיקדון,מבשלות בירה בינלאומי,IL,תה קר פיוז טי ירוק זירו אננס 1.5 ל,ליטרים,1.50,ליטר,false,1,8.90,5.9333,true,1,201297
7290110115623,false,משקה פיוז טי זירו ZERO בטעם אפרסק,מבשלות בירה בינלאומי,IL,תה קר פיוז טי זירו אפרסק 1.5 ל,מיליליטרים,1500.00,"100 מ""ל",false,1,8.90,0.5933,true,1,201296
7290110115913,false,"משקה ספורט איזוטוני זירו בטעם אננס 500 מ""ל פאוורייד",Caslino al Piano pla,IT,משקה ספורט זירו בטעם אננס פאוורייד 500,מיליליטרים,500.00,"100 מ""ל",false,1,9.90,1.9800,true,1,204320
7290110116125,false,סירופ בטעם פטל במתיק,סירופ גבעת חיים,IL,סירופ בטעם פטל 750 מל,מיליליטרים,750.00,"100 מ""ל",false,1,19.90,2.6533,true,1,206014
7290110116149,false,"מיץ ענבים 750 מ""ל פריגת",סירופ גבעת חיים,IL,סירופ בטעם ענבים 750 מל,מיליליטרים,750.00,"100 מ""ל",false,1,19.90,2.6533,true,1,206012
7290110116156,false,נביעות+ רכיבי פרי מנגו פסיפלורה 1.5 ליטר,נביעות,IL,נביעות+ רכיבי פרי מנגו פסיפלורה 1.5 ל,ליטרים,1.50,ליטר,false,12,9.90,6.6000,true,1,206002
7290110116170,false,נביעות+ רכיבי פרי קוקוס אננס 1.5 ליטר,נביעות,IL,נביעות+ רכיבי פרי אננס קוקוס 1.5 ל,ליטרים,1.50,ליטר,false,12,9.90,6.6000,true,1,206001
7290110116194,false,"מים לימון ליים 0 קלוריות, 1.5 ל נביעות","נביעות טבע הגליל בע""",IL,נביעות+ סדרת 0 קלוריות לימון ליים 1.5 ל,ליטרים,1.50,ליטר,false,12,9.90,6.6000,true,1,206000
7290110116484,false,מיץ סחוט תות בננה 1 ל' פריגת,Unknown,IL,מיקס תות בננה סחוט 1 ל,ליטרים,1.00,ליטר,false,1,18.90,18.9000,true,1,208066
7290110116507,false,מיץ מיקס אננה בננה אגס 1 ל' פריגת,גת,IL,מיקס אננס בננה אגס סחוט 1 ל,ליטרים,1.00,ליטר,false,1,18.90,18.9000,true,1,208068
7290110116552,false,ספרייט לימון היט 1.5 ליטר LIME פיקדון,החברה המרכזית לייצור,IL,ספרייט למון היט 1.5 ל,ליטרים,1.50,ליטר,false,1,8.90,5.9333,true,1,208125
7290110116569,false,"ספרייט זירו ZERO בק LEMON HIT, 1.5 ליטר",החברה המרכזית לייצור,IL,ספרייט זירו למון היט 1.5 ל,ליטרים,1.50,ליטר,false,1,8.90,5.9333,true,1,208124
7290110320591,false,גבינה בולגרית מעודנת 16%,פיראוס,IL,גבינה בולגרית 16% מעודנת 250 גר,גרמים,250.00,100 גרם,false,1,21.80,8.7200,true,1,182572
7290110320683,false,משקה יוגורט בטעם תות 1.5% - מארז 8 יח',מיוצר עי קונדיטוריית,IL,"משקה יופלה תות 107 מ""ל שמינייה",גרמים,856.00,100 גרם,false,1,17.90,2.0911,true,1,182894
7290110320850,false,פתיתים גבינה חצי קשה מגורדת 28% שומן,תנובה מרכז שיתופי לש,IL,פתיתי עמק 200 גר,גרמים,200.00,100 גרם,false,1,17.90,8.9500,true,1,182890
7290110320867,false,פתיתים גבינה חצי קשה מגורדת 28% שומן,תנובה מרכז שיתופי לש,IL,פתיתי עמק למאפים 28% 500 גר,גרמים,500.00,100 גרם,false,1,37.90,7.5800,true,1,182891
7290110321031,false,מעדן חלב GO יוגורט מועשר בחלבון טבעי 200 ג' יופלה,"תנובה, מחלבת אלון תב",IL,יוגורט יופלה גו 200 גרם,גרמים,200.00,100 גרם,false,1,5.90,2.9500,true,1,183320
7290110321277,false,קוטג' בקטנה % 5 100 ג' תנובה,פארייפאבה אגרואינדוס,IL,קוטג בקטנה תנובה 5% 100 גר,גרמים,100.00,100 גרם,false,1,2.60,2.6000,true,1,184130
7290110321284,false,קוטג' בקטנה 9% 100 ג' תנובה,פארייפאבה אגרואינדוס,IL,קוטג בקטנה תנובה 9% 100 גר,גרמים,100.00,100 גרם,false,1,2.60,2.6000,true,1,184131
7290110321680,false,יוגורט GO בטעם תות 20 גרם חלבון בגביע,מיוצר עי קונדיטוריית,IL,יוגורט יופלה גו תות 200 גר,גרמים,200.00,100 גרם,false,1,5.90,2.9500,true,1,184336
7290110321703,false,יוגורט GO בטעם פירות יער 20 גרם חלבון בגביע,מיוצר עי קונדיטוריית,IL,יוגורט יופלה גו פירות יער 200 גר,גרמים,200.00,100 גרם,false,1,5.90,2.9500,true,1,185203
7290110321789,false,גבינת מסקרפונה 38% השף הלבן 250 ג',תנובה,IL,גבינת מסקרפונה השף הלבן 38% 250 גר,גרמים,250.00,100 גרם,false,1,18.80,7.5200,true,1,184853
7290110322014,false,טופו בטעם טבעי תנובה ALTERNATIVE,שוורצקוף& הנקל דיסלד,IL,טופו תנובה טבעי 300 גר,גרמים,300.00,100 גרם,false,1,12.90,4.3000,true,1,185217
7290110322038,false,טופו פיקנטי תנובה ALTERNATIVE,תנובה Alternative,IL,טופו תנובה פיקנטי 300 גר,גרמים,300.00,100 גרם,false,1,11.80,3.9333,true,1,185219
7290110322946,false,יופלה טיוב יוגורט במרקם חלק בטעם תות בננה כשרות רבנות 348 ג',,,יוגורט יופלה בטעם תות בננה 348 גר,גרמים,348.00,100 גרם,false,1,12.90,3.7069,true,1,186583
7290110323301,false,טל העמק בסגנון אמנטל 32% שומן 200 גרם,עמק - תנובה,IL,טל העמק פרוס 32% 200 גר,גרמים,200.00,100 גרם,false,18,19.90,9.9500,true,1,187478
7290110323585,false,יופלה יוגורט עם דובדבן מופחת קלוריות 200 ג' GO,יופלה Yoplait,,יוגורט יופלה גו דובדבן מופחת קלוריות,גרמים,200.00,100 גרם,false,1,5.90,2.9500,true,1,187203
7290110323592,false,יופלה יוגורט עם אפרסק מופחת קלוריות 200 ג' GO,יופלה Yoplait,,יוגורט יופלה גו אפרסק מופחת קלוריות,גרמים,200.00,100 גרם,false,1,5.90,2.9500,true,1,187204
7290110323714,false,משקה קוקוס שקדים תנובה E אלטרנטיב,מיוצר עי קונדיטוריית,IL,משקה קוקוס שקדים 1 ל,ליטרים,1.00,ליטר,false,1,12.90,12.9000,true,1,187383
7290110324353,false,יוגורט GO לייט בטעם אננס 20 גרם חלבון בגביע,"תנובה בע""מ",IL,יוגורט יופלה גו לייט בטעם אננס 200 גר,גרמים,200.00,100 גרם,false,24,5.90,2.9500,true,1,188693
7290110324551,false,יופלה טיוב יוגורט במרקם חלק בטעם תות 348 ג',יופלה Yoplait,IL,יוגורט יופלה טיוב במרקם תות 348 גר,גרמים,348.00,100 גרם,false,1,12.90,3.7069,true,1,188366
7290110324841,false,מעדן שקדים עם שוקולד מריר אלטרנטיב,מיוצר עי קונדיטוריית,IL,מעדן שקדים עם שוקולד מריר 125 גר,גרמים,125.00,100 גרם,false,1,3.90,3.1200,true,1,191150
7290110324872,false,גבינה צהובה גלבוע 5% שומן 200 גרם,גלבוע - תנובה,IL,גלבוע פרוס 5% 200 גר,גרמים,200.00,100 גרם,false,18,18.90,9.4500,true,1,190970
7290110324926,false,משקה סויה ללא תוספת סוכר E אלטרנטיב,תנובה מרכז שיתופי לש,IL,משקה סויה ללא תוספת סוכר 1 ל,ליטרים,1.00,ליטר,false,16,10.90,10.9000,true,1,189922
7290110325114,false,"משקה יוגורט יופלה גו לייט תות בננה 250 מ""ל - רבנות",מיוצר עי קונדיטוריית,IL,משקה יוגורט גו לייט תות בננה 250 גר,גרמים,250.00,100 גרם,false,30,6.90,2.7600,true,1,189346
7290110325169,false,פרוסות גבינת גאודה 30%,תנובה,IL,גבינה גאודה פרוסות 170 גר,גרמים,170.00,100 גרם,false,1,19.90,11.7059,true,1,191910
7290110325305,false,מעדן סויה GO מועשר בחלבון במתיקות מעודנת,מיוצר עי קונדיטוריית,IL,מעדן סויה גו במתיקות מעודנת 200 גר,מיליליטרים,200.00,"100 מ""ל",false,36,5.90,2.9500,true,1,190583
7290110325312,false,מעדן סויה GO מועשר בחלבון בטעם תות,"תנובה בע""מ",IL,"מעדן סויה בטעם תות בגביע 125 מ""ל",מיליליטרים,200.00,"100 מ""ל",false,36,5.90,2.9500,true,1,190582
7290110325510,false,יופלה טיוב יוגורט במרקם חלק בטעם וניל - 348 ג',"תנובה בע""מ",IL,יוגורט יופלה טיוב בטעם וניל 348 גר,גרמים,348.00,100 גרם,false,16,12.90,3.7069,true,1,190961
7290110325619,false,משקה שיבולת שועל תנובה E אלטרנטיב,מיוצר עי קונדיטוריית,IL,משקה שיבולת שועל 1 ל,ליטרים,1.00,ליטר,false,16,12.90,12.9000,true,1,191376
7290110325701,false,פיראוס צזיקי יווני 9% שומן על בסיס יוגורט,גוד פוד פרודקטס S.p,IL,צזיקי יווני פיראוס 9% 250 גר,גרמים,250.00,100 גרם,false,18,12.90,5.1600,true,1,191818
7290110325879,false,פתיתי גאודה 200 ג' תנובה,תנובה- השף הלבן,IL,פתיתי גבינה גאודה 200 גר,גרמים,200.00,100 גרם,false,1,16.80,8.4000,true,1,191911
7290110325893,false,משקה חלב GO מועשר בחלבון בטעם אייס קפה,מיוצר עי קונדיטוריית,IL,"משקה חלב תנובה גו אייס קפה 340 מ""ל",מיליליטרים,340.00,"100 מ""ל",false,20,8.50,2.5000,true,1,191373
7290110326210,false,יופלה און טופ פצפוצים 157 גרם.,מיוצר עי קונדיטוריית,IL,יוגורט יופלה און טופ פצפוצים 157 גר,גרמים,157.00,100 גרם,false,1,4.90,3.1210,true,1,191912
7290110326227,false,יוגורט און טופ קורנפלקס 157 ג' יופלה,מיוצר עי קונדיטוריית,IL,יוגורט יופלה און טופ קורנפלקס 157 גר,גרמים,157.00,100 גרם,false,1,4.90,3.1210,true,1,191914
7290110326234,false,יוגורט און טופ כוכבים 157 ג' יופלה,מיוצר עי קונדיטוריית,IL,יוגורט יופלה און טופ כוכבים 157 גר,גרמים,157.00,100 גרם,false,1,4.90,3.1210,true,1,191913
7290110326999,false,"משקאות חלב+שוקולד קלאסי 340 מ""ל YOLO בקבוק.",תנובה,IL,משקה חלב שוקולד קלאסי יולו 340 מל,מיליליטרים,340.00,"100 מ""ל",false,20,5.80,1.7059,true,1,193417
7290110327514,false,משקה שיבולת שועל בטעם אגוזי לוז 1 ליטר אלטרנטיב,תנובה מרכז שיתופי לש,IL,משקה שיבולת שועל בטעם אגוזי לוז 1 ל,ליטרים,1.00,ליטר,false,16,12.90,12.9000,true,1,198687
7290110327545,false,מעדן און טופ תות פצפוצים מצופים שוקולד 157ג' יופלה,מיוצר עי קונדיטוריית,IL,יוגורט יופלה און טופ תות פצפוצי שוקולד,גרמים,157.00,100 גרם,false,1,4.90,3.1210,true,1,195222
7290110327828,false,חטיף חלבון GO - חמאת בוטנים 60 ג' חלב נוכרי - רבנות,"בלמונט קונפקציות בע""",US,חטיף חלבון בטעם חמאת בוטנים גו 60 גר,גרמים,60.00,100 גרם,false,1,11.90,19.8333,true,1,198357
7290110328016,false,משקה סויה מועשר בחלבון בטעם אגוזי לוז 250 גרם,תנובה מרכז שיתופי לש,IL,משקה סויה מועשר בחלבון אגוזי לוז 250 גר,גרמים,250.00,100 גרם,false,,5.90,2.3600,true,1,196228
7290110328504,false,טריו - מיקס גבינות מוצרלה סקנדינבית וגאודה 300 גרם,מיוצר עי קונדיטוריית,IL,מיקס מוצרלה/סקנדינבית וגאודה 300 גר,גרמים,300.00,100 גרם,false,1,26.90,8.9667,true,1,196792
7290110328627,false,יוגורט יופלה GO במרקם סמיך בטעם בננה קרמל 0%,מיוצר עי קונדיטוריית,IL,יוגורט יופלה גו במרקם סמיך בננה קרמל 0%,גרמים,200.00,100 גרם,false,12,5.90,2.9500,true,1,197849
7290110328764,false,יוגורט יופלה GO במרקם סמיך עם תות 0%,מיוצר עי קונדיטוריית,IL,יוגורט יופלה גו במרקם סמיך תות 0% 200 גר,גרמים,200.00,100 גרם,false,12,5.90,2.9500,true,1,197851
7290110328771,false,יוגורט יופלה GO במרקם סמיך עם פירות יער 0%,מיוצר עי קונדיטוריית,IL,יוגורט יופלה גו במרקם סמיך פירות יער 0%,גרמים,200.00,100 גרם,false,12,5.90,2.9500,true,1,197850
7290110328788,false,יוגורט יופלה GO במרקם סמיך בטעם אפרסק 0%,תנובה מרכז שיתופי לש,IL,יוגורט יופלה גו במרקם סמיך אפרסק 0% 200,גרמים,200.00,100 גרם,false,12,5.90,2.9500,true,1,197848
7290110328955,false,קוביות גבינת עזים בש,דודוני תעשיית החלב ה,GR,קוביות גבינה עזים בשמן מתובל 350 גר,גרמים,350.00,100 גרם,false,6,26.90,7.6857,true,1,203723
7290110329136,false,מעדן חלב מעושר בחלבון בטעם שוקולד 120 ג' GO,תנובה מרכז שיתופי לש,IL,מעדן חלב גו בטעם שוקולד 12ג חלבון 120 גר,גרמים,120.00,100 גרם,false,20,4.90,4.0833,true,1,200575
7290110329143,false,מעדן חלב מעושר בחלבון בטעם וניל גביע 120 ג' GO,תנובה מרכז שיתופי לש,IL,מעדן חלב גו בטעם וניל 12ג חלבון 120 גר,גרמים,120.00,100 גרם,false,20,4.90,4.0833,true,1,200573
7290110329266,false,יוגורט תנובה מחלב עיזים מלא תנובה 140 ג',קריות זול,IL,יוגורט תנובה מחלב עיזים מלא 140 גר,גרמים,140.00,100 גרם,false,1,5.90,4.2143,true,1,198685
7290110329273,false,יוגורט מחלב עיזים מלא תנובה 750 ג',תנובה,IL,יוגורט תנובה מחלב עיזים מלא 750 גר,גרמים,750.00,100 גרם,false,1,19.90,2.6533,true,1,198686
7290110329303,false,פרוסות צהובה 200 גרם אלטרנטיב אלטרנטיב,תנובה Alternative,IL,פרוסות בטעם צהובה קלאסית אלטרנטיב 200 גר,גרמים,200.00,100 גרם,false,1,22.90,11.4500,true,1,198690
7290110329686,false,"משקה חלב בטעם עוגיות 340 מ""ל GO",מיוצר עי קונדיטוריית,IL,משקה חלב תנובה גו בטעם עוגיות 340 מל,מיליליטרים,340.00,"100 מ""ל",false,20,8.50,2.5000,true,1,200572
7290110329792,false,יוגורט סויה BIO Alternative אפרסק 150 ג' תנובה,מיוצר עי קונדיטוריית,IL,מעדן סויה ביו אפרסק 150 גר,גרמים,150.00,100 גרם,false,1,4.90,3.2667,true,1,202210
7290110329808,false,יוגורט סויה BIO Alternative תות 150 ג' תנובה,מיוצר עי קונדיטוריית,IL,מעדן סויה ביו תות 150 גר,גרמים,150.00,100 גרם,false,1,4.90,3.2667,true,1,202209
7290110329815,false,סויה BIO מתיקות מעודנת גביע 150 גרם אלטרנטיב,מיוצר עי קונדיטוריית,IL,מעדן סויה ביו מתיקות מעודנת 150 גר,גרמים,150.00,100 גרם,false,1,3.90,2.6000,true,1,202208
7290110329822,false,יוגורט סויה BIO Alternative פירות יער 150 ג' תנובה,מיוצר עי קונדיטוריית,IL,מעדן סויה ביו פירות יער 150 גר,גרמים,150.00,100 גרם,false,1,4.90,3.2667,true,1,202207
7290110329846,false,יוגורט סויה BIO Alternative בטעם טבעי 150 ג' תנובה,תנובה Alternative,IL,מעדן סויה ביו טבעי 150 גר,גרמים,150.00,100 גרם,false,1,4.90,3.2667,true,1,202211
7290110329914,false,מאגדת משקה שיבולת שועל ושקדים 100 גרם*6 יח' ביו אלטרנטיב,תנובה מרכז שיתופי לש,IL,שישיית משקה שיבולת שועל שקדים אלטרנטיב,גרמים,600.00,100 גרם,false,1,17.90,2.9833,true,1,205349
7290110550226,false,מטבעות שוקולד מריר לאפיה 400 ג עלית,שטראוס,IL,מטבעות שוקולד לאפיה 400 גר,גרמים,400.00,100 גרם,false,1,34.90,8.7250,true,1,203982
7290110552121,false,יוגורט בתוספת סידן וויטמין ד 100 ג' דנונה,תנובה מרכז שיתופי לש,IL,היוגורט הראשון שלי 100 גר,גרמים,100.00,100 גרם,false,1,2.50,2.5000,true,1,203910
7290110552220,false,יוגורט PRO בטעם תות 0% סוכר לבן 20 גרם חלבון בגביע,"שטראוס בריאות בע""מ",IL,יוגורט דנונה פרו 20 תות ללא סוכר 200 גר,גרמים,200.00,100 גרם,false,12,5.90,2.9500,true,1,201839
7290110552237,false,יוגורט פרו בטעם אפרסק מנגו ללא סוכר 200 ג' דנונה,"שטראוס בריאות בע""מ",IL,יוגורט דנונה פרו 20 אפרסק מנגו ללס 200 ג,גרמים,200.00,100 גרם,false,12,5.90,2.9500,true,1,201840
7290110553098,false,"אנרג'י מיקס תערובת צימוקים, אגוזים ושוקולד חלב",אנרג'י Energy - שטראוס,,מיקס אגוזים אנרגי 100 גר,גרמים,100.00,100 גרם,false,1,17.90,17.9000,true,1,206261
7290110553173,false,אנרג'י - פריכיות בטעם קרמל 40 גרם,סאנורייס בלגיום,IL,פריכיות אנרגי בטעם קרמל 40 גר,גרמים,40.00,100 גרם,false,1,6.90,17.2500,true,1,207017
7290110553180,false,אנרג'י - פריכיות בטעם תפוח קינמון 40 גרם,סאנורייס בלגיום,IL,פריכיות אנרגי בטעם תפוח קינמון 40 גר,גרמים,40.00,100 גרם,false,1,6.90,17.2500,true,1,207018
7290110553425,false,קפה נמס עלית פחית מו,STRAUSS-ISRAEL,PL,קפה נמס עלית 200 גר+20% תוספת,גרמים,240.00,100 גרם,false,12,19.90,8.2917,true,1,202092
7290110554125,false,נודלס סצ'ואן חריף 350 ג' דלישס,אוכל ביתי ניר עציון,IL,נודלס בסגנון סצואן חריף דלישס 350 גר,גרמים,350.00,100 גרם,false,1,26.90,7.6857,true,1,199720
7290110554422,false,רוטב עגבניות ופלפלים לשקשוקה 350 גר' יד מרדכי,אימילאנה,IT,רוטב עגבניות ופלפלים לשקשוקה יד מרדכי,גרמים,350.00,100 גרם,false,1,10.90,3.1143,true,1,202396
7290110554460,false,ציטוס קראנץ צ'דר חלפיניו 65 ג' עלית,,,חטיף ציטוס קראנץ צדר חלפיניו 65 גר,גרמים,65.00,100 גרם,false,48,4.30,6.6154,true,1,204712
7290110554583,false,מארז חטיפי צ'יטוס פאפס בטעם גבינה - 10 יחידות,שטראוס,IL,מארז חטיף ציטוס פאפס גבינה 20 גר 10 יח,גרמים,200.00,100 גרם,false,8,13.90,6.9500,true,1,202222
7290110555009,false,מארז זוג רוטב פסאטה 2* 350 ג' יד מרדכי,אימילאנה,IT,מחית עגבניות פסאטה זוגות 700 גר,גרמים,700.00,100 גרם,false,1,14.90,2.1286,true,1,203985
7290110555078,false,לאבנה עם שמן זית ועשבי תיבול 250 גר',"מחלבות בר בכפר בע""מ",IL,לאבנה עם שמן זית ועשבי תיבול 250 גר,גרמים,250.00,100 גרם,false,1,10.90,4.3600,true,1,203912
7290110555306,false,רבע לשבע טבעוני סינמון באן 25ג' עלית,הגביע מוצרי וופלים ב,IL,רבע לשבע סינמון באן 125 גר,גרמים,125.00,100 גרם,false,14,10.90,8.7200,true,1,204973
7290110556242,false,"שוקולד מריר פרווה 100 גר' בד""ץ תוצרת חוץ","שטראוס גרופ בע""מ.",IL,שוקולד מריר פרה 100 גר,גרמים,100.00,100 גרם,false,1,5.50,5.5000,true,1,207077
7290110557027,false,חומוס עשיר 50% טחינה גולמית 400 ג' אחלה,מיוצר עי קונדיטוריית,IL,חומוס 50% טחינה 400 גר,גרמים,400.00,100 גרם,false,20,13.90,3.4750,true,1,201637
7290110557102,false,מעדן חלב עם שוקולד מועשר בחלבון 150 ג' שטראוס,מיוצר עי קונדיטוריית,IL,מעדן חלב עם שוקולד מועשר בחלבון 150 גר,גרמים,150.00,100 גרם,false,1,4.90,3.2667,true,1,199155
7290110557133,false,מעדן הגולן וניל 125 ג' שטראוס,מיוצר עי קונדיטוריית,IL,מעדן הגולן וניל 125 גר,גרמים,125.00,100 גרם,false,24,2.90,2.3200,true,1,200380
7290110557317,false,יוגורט בתוספת סידן וויטמין ד עם שיבולת שועל 100 ג' דנונה,תנובה מרכז שיתופי לש,IL,היוגורט הראשון שלי עם שיבולת שועל 100 גר,גרמים,100.00,100 גרם,false,1,2.50,2.5000,true,1,203911
7290110557478,false,חומוס גלילי במרקם מעודן 600 גרם,שטראוס,IL,חומוס גלילי אחלה 600 גר,גרמים,600.00,100 גרם,false,6,13.90,2.3167,true,1,202840
7290110557645,false,אנרג'י מיקס צימוקים חמוציות וש.לבן 100 גר שטראוס,Unknown,,מיקס צימוקים חמוציות אנרגי 100 גר,גרמים,100.00,100 גרם,false,1,17.90,17.9000,true,1,206262
7290110558154,false,דנונה לייט אנד פרי עוגת תפוחים 150ג דנונה,"שטראוס בריאות בע""מ",IL,דנונה לייט אנד פרי עוגת תפוחים 150 גר,גרמים,150.00,100 גרם,false,24,4.90,3.2667,true,1,206256
7290110558222,false,"וואו יוגורט עם שכבה בטעם בנופי פאי 5.4%, 150ג דנונה","שטראוס בריאות בע""מ",IL,יוגורט דנונה בנופי פאי 150 גר,גרמים,150.00,100 גרם,false,12,4.60,3.0667,true,1,206252
7290110558239,false,"וואו יוגורט עם שכבה בטעם קראק פאי 5.4%, 150 ג דנונה","שטראוס בריאות בע""מ",IL,יוגורט דנונה קראק פאי 150 גר,גרמים,150.00,100 גרם,false,12,4.60,3.0667,true,1,206253
7290110558253,false,"דנונה ריפרש בננה אננס וצ`יה, 250 גרם","שטראוס בריאות בע""מ",IL,משקה דנונה ריפרש בננה אננס וציה 250 גר,גרמים,250.00,100 גרם,false,12,5.90,2.3600,true,1,204792
7290110558284,false,יוגורט ביו מולטי 200 ג' דנונה,"שטראוס בריאות בע""מ",IL,יוגורט דנונה ביו מולטי 200 גר,גרמים,200.00,100 גרם,false,24,3.90,1.9500,true,1,205509
7290110558307,false,יוגורט דנונה PRO עם שיבולת שועל במתיקות מעודנת,"שטראוס בריאות בע""מ",IL,יוגורט דנונה פרו 20 גר עם שיבולת שועל,גרמים,200.00,100 גרם,false,12,5.90,2.9500,true,1,203888
7290110558314,false,דנונה פרו 20 ג' חלבון ללא סוכר פיסטוק 200 גרם,"שטראוס בריאות בע""מ",IL,דנונה פרו 20 גר ללא סוכר פיסטוק 200 גר,גרמים,200.00,100 גרם,false,12,5.90,2.9500,true,1,206255
7290110558338,false,יוגורט PRO בטעם מתיקות מעודנת 1.5% שומן,"שטראוס בריאות בע""מ",IL,יוגורט דנונה פרו 25 גר חלבון 200 גר,גרמים,200.00,100 גרם,false,12,5.90,2.9500,true,1,203889
7290110558741,false,"גמדים פאוץ תפוח בננה, 100 ג' שטראוס","שטראוס בריאות בע""מ",IL,גבינה לבנה גמדים פאוץ תות בננה 100 גר,גרמים,100.00,100 גרם,false,1,5.90,5.9000,true,1,209103
7290110559014,false,שעועית שחורה טעם הטבע 380ג שטראוס,,,שעועית שחורה טעם הטבע 380 גר,גרמים,380.00,100 גרם,false,16,6.90,1.8158,true,1,206245
7290110559748,false,ריל - מאגדת שקדים קוקוס ושוקולד מריר 35 גרם * 3,ואמואליס פודס,GR,מאגדת רייל שקד קוקוס שוקולד מריר 105 גר,גרמים,105.00,100 גרם,false,1,16.90,16.0952,true,1,205716
7290110559755,false,ריל - מאגדת בוטנים פיסטוק וחמוציות 35 גרם * 3,ואמואליס פודס,GR,מאגדת רייל בוטנים פיסטוק חמוציות 105 גר,גרמים,105.00,100 גרם,false,1,16.90,16.0952,true,1,205715
7290110559762,false,ריל - מאגדת אגוזים תמרם קוקוס 35 גרם * 3,ואמואליס פודס,GR,מאגדת רייל אגוזים תמרים קוקוס 105 גר,גרמים,105.00,100 גרם,false,1,16.90,16.0952,true,1,205714
7290110560300,false,"הפריכיות הטעימות חומוס, עדשים שחורות, קינואה ופלפל שחור",אנרג'י Energy - שטראוס,IL,פריכיות משולש אנרגי פלפל שחור 30 גר,גרמים,30.00,100 גרם,false,1,5.90,19.6667,true,1,187171
7290110560324,false,"הפריכיות הטעימות תפו""א, אורז, אפונה ומלח ים","פרח תעשיו מזון בע""מ",IL,פריכיות משולש אנרגי אפונה ירוקה 30 גר,גרמים,30.00,100 גרם,false,1,5.90,19.6667,true,1,187173
7290110561352,false,דנונה יוגורט ביו פרוביוטי 3% דל לקטוז 150ג',"שטראוס בריאות בע""מ",IL,יוגורט דנונה דל לקטוז 200 גר,גרמים,200.00,100 גרם,false,1,3.60,1.8000,true,1,185015
7290110561604,false,מארז 8 יחידות מעדן גמדים בטעם תות בננה,שטראוס,IL,מעדן גמדים תות בננה 100 גר שמינייה,גרמים,800.00,100 גרם,false,1,18.90,2.3625,true,1,184370
7290110563431,false,"משקה קפה קר בסגנון קלאסי 230 מ""ל 1.6% יוטבתה",האי נאם סי או אל.טי.,AT,"משקה אייס קפה יטבתה בסגנון קלאסי 230 מ""ל",מיליליטרים,230.00,"100 מ""ל",false,1,7.90,3.4348,true,1,187777
7290110563448,false,"משקה קפה קר בסגנון מעודן 230 מ""ל 1.6% יוטבתה",האי נאם סי או אל.טי.,AT,"משקה אייס קפה יטבתה בסגנון מעודן 230 מ""ל",מיליליטרים,230.00,"100 מ""ל",false,1,7.90,3.4348,true,1,187776
7290110563462,false,חלב בבקבוק נטול לקטוז 2% יטבתה 1 ל',מחלבת יטבתה,IL,חלב נטול לקטוז 2% 1 ל,ליטרים,1.00,ליטר,false,1,8.50,8.5000,true,1,188060
7290110564339,false,חומוס אחלה הסידרה המובחר 30% טחינה 400 גר',מיוצר עי קונדיטוריית,IL,חומוס אחלה עשיר 30% טחינה 400 גר,גרמים,400.00,100 גרם,false,1,13.90,3.4750,true,1,184374
7290110564360,false,חומוס אחלה הסידרה המובחר 40% טחינה 400 גר',מיוצר עי קונדיטוריית,IL,חומוס אחלה עשיר 40% טחינה 400 גר,גרמים,400.00,100 גרם,false,1,13.90,3.4750,true,1,184375
7290110564414,false,חומוס אחלה הסידרה המובחר 30% טחינה 600 גר',מיוצר עי קונדיטוריית,IL,חומוס אחלה עשיר 30% טחינה 600 גר,גרמים,600.00,100 גרם,false,1,14.90,2.4833,true,1,184376
7290110564742,false,"משקה קפה קר בסגנון חזק 230 מ""ל 1.2% יוטבתה",האי נאם סי או אל.טי.,AT,"משקה אייס קפה יטבתה חזק 230 מ""ל",מיליליטרים,230.00,"100 מ""ל",false,1,7.90,3.4348,true,1,187775
7290110565435,false,ג'לי לימבו פטל חלבי שטראוס 125ג',STRAUSS-ISRAEL,,"ג""לי לימבו בטעם פטל",גרמים,125.00,100 גרם,false,1,2.00,1.6000,true,1,184303
7290110565527,false,יוגורט PRO פרו 1.5% 20 גרם חלבון בגביע,"שטראוס בריאות בע""מ",IL,יוגורט דנונה פרו עשיר בחלבון 200 גר,גרמים,200.00,100 גרם,false,1,5.90,2.9500,true,1,183957
7290110566975,false,דנונה פרו יוגורט 0% תות עשיר בחלבון 200ג',"שטראוס בריאות בע""מ",IL,יוגורט דנונה פרו תות 200 גר,גרמים,200.00,100 גרם,false,1,5.90,2.9500,true,1,184793
7290110568276,false,משקה וניל פרו Pro מועשר בחלבון 1.5%,מילקוורק,IL,משקה יטבתה פרו וניל 350 גר,מיליליטרים,350.00,"100 מ""ל",false,8,6.50,1.8571,true,1,185317
7290110570224,false,משקה קפה קר בטעם עוגיות 230ג' יוטבתה,אנסטל מילק kg,AT,משקה קפה קר יטבתה בטעם עוגיות 230 מל,מיליליטרים,230.00,"100 מ""ל",false,10,7.90,3.4348,true,1,204634
7290110571184,false,עדשים חומות טעם הטבע 380ג שטראוס,,,עדשים חומות טעם הטבע 380 גר,גרמים,380.00,100 גרם,false,16,6.90,1.8158,true,1,206247
7290110571375,false,"אנרג'י מיקס תערובת צימוקים, תמרים, טופי ושברי פקאן",אנרג'י Energy - שטראוס,,שקדים קוקוס ושוקולד אנרגי 100 גר,גרמים,100.00,100 גרם,false,1,17.90,17.9000,true,1,206263
7290110571382,false,מעדן חלב בטעם וניל מעושר בחלבון 150 ג' שטראוס,"שטראוס בריאות בע""מ",IL,מעדן חלב בטעם וניל מועשר בחלבון 150 גר,גרמים,150.00,100 גרם,false,12,4.90,3.2667,true,1,202838
7290110571412,false,מיני פינוקיות - פאדג' שוקולד בגביע 180 גרם,עלית,IL,מיני פינוקיות בגביע פאדג 180 גר,גרמים,180.00,100 גרם,false,12,10.90,6.0556,true,1,207262
7290110576318,false,מאגדת שלישיית שוקולד אגוז לבן 300 ג' עלית,עלית,FR,שלישיית שוקולד אגוז לבן 100 גר,גרמים,300.00,100 גרם,false,1,24.90,8.3000,true,1,207013
7290110576356,false,"שוקולד ספלנדיד מריר 64% - חלבי , מפולי קקאו מפרו",קימ'ס גריפלנן,BE,שוקולד ספלנדיד מריר פרו 100 גר,גרמים,100.00,100 גרם,false,1,8.90,8.9000,true,1,205712
7290110576370,false,מארז שלישייה שוקולד מריר חלבי עם אגוזי לוז,עלית,FR,שלישיית שוקולד אגוז מריר 100 גר,גרמים,300.00,100 גרם,false,1,24.90,8.3000,true,1,207012
7290110576387,false,מאגדת שלישיית שוקולד אגוז חלב 300 ג' עלית,שטראוס,IL,שלישיית שוקולד אגוז חלב 100 גר,גרמים,300.00,100 גרם,false,1,24.90,8.3000,true,1,207011
7290110576790,false,סקי בטעם מוקה 125 ג' שטראוס,"שטראוס בריאות בע""מ",IL,מעדן גבינה סקי בטעם מוקה 125 גר,גרמים,125.00,100 גרם,false,24,3.70,2.9600,true,1,207085
7290110576851,false,"גמדים לשתיה סלט פירות 8 יח' *100מ""ל",קריות זול,IL,גמדים לשתיה סלט פירות שמינייה,מיליליטרים,864.00,"100 מ""ל",false,6,19.90,2.3032,true,1,207873
7290110577230,false,משקה חלב בטעם פיסטוק יטבתה 1 ליטר,מחלבת יטבתה,IL,משקה חלב בטעם פיסטוק 1 ל,ליטרים,1.00,ליטר,false,12,11.90,11.9000,true,1,207868
7290110577728,false,"משקה שייק חלבון מי גבינה עם פירות יער 350מ""ל יטבתה",מחלבת יטבתה,IL,שייק חלבון מי גבינה פירות יער 350 מל,מיליליטרים,350.00,"100 מ""ל",false,6,7.90,2.2571,true,1,209105
7290111090134,false,"I-CARE שלישיית מגבוני רענון לידיים,12 *3",,,מגבונים I-CARE ריענון שלישייה,Unknown,0.00,Unknown,false,15,7.90,0.0000,true,1,187399
7290111091520,false,"תחליב רחצה ד""ר עור קוקוס 700 מ""ל","ד""ר עור DOCTOR OR",,תחליב רחצה קלאסי דוקטור אור קוקוס 700 מל,מיליליטרים,700.00,"100 מ""ל",false,12,14.90,2.1286,true,1,189854
7290111093005,false,"I-CARE מג'להסרת איפור, 25 יח בפלופק",די פי אל,IL,מגבונים I-CARE להסרת איפור 25 יח,Unknown,0.00,Unknown,false,24,7.90,0.0000,true,1,187398
7290111093470,false,"קוויק מסיר הפלא ספוגית להסרת כתמים, 3 יחידות",,,מסיר הפלא קוויק ספוגית להסרת כתמים,Unknown,0.00,Unknown,false,1,9.90,0.0000,true,1,204789
7290111093760,false,מגבונים לניקוי רצפות בניחוח מרכך כביסה 10 יח' קוויק,,,מגבונים לחים קוויק לניקוי רצפות מרכך 10,Unknown,0.00,Unknown,false,12,10.90,0.0000,true,1,202734
7290111094248,false,"קוויק שקית אשפה חזקה וגדולה במיוחד (90*78), 20 יח'",,,שקיות אשפה עם שרוך חזקות קוייק 90/78,Unknown,0.00,Unknown,false,1,15.90,0.0000,true,1,199323
7290111094613,false,מגבונים לניקוי משקפיים 10 יח' I-CARE,,,מגבונים I-CARE לניקוי משקפיים 24 יח,Unknown,0.00,Unknown,false,24,7.90,0.0000,true,1,187397
7290111095818,false,שקיות אשפה 65X54 עם שרוך קוויק 40 יח',,,שקיות אשפה עם שרוך חזקות קוייק 65/54,Unknown,0.00,Unknown,false,1,15.90,0.0000,true,1,199324
7290111097546,false,מגבונים ניקוי כללי למשטחים בניחוח מרכך כביסה 50 יח' קוויק,,,מגבונים לניקוי כללי קוויק בניחוח מרכך 50,Unknown,0.00,Unknown,false,18,8.90,0.0000,true,1,202735
7290111097836,false,מגבונים דוחה אבק למשטחים בניחוח מרכך כביסה 50 יח' קוויק,,,מגבוני קוויק דוחה אבק בניחוח מרכך 50 יח,Unknown,0.00,Unknown,false,18,8.90,0.0000,true,1,202736
7290111340178,false,מטליות לחות ניקול לניקוי כללי בניחוח מרכך כביסה 50 יח',ניקול,,מטליות לחות לניקוי כללי דוחה אבק 50 יח,Unknown,0.00,Unknown,false,1,10.90,0.0000,true,1,182929
7290111340185,false,מטליות לחות ניקול לניקוי רצפות בניחוח מרכך 10 יח',ניקול,,מטליות לחות רצפה בניחוח מרכך כביסה 10 יח,Unknown,0.00,Unknown,false,1,10.90,0.0000,true,1,182930
7290111340956,false,ניקול מטליות לחות לרצפה בניחוח פריחה לבנה,עלבד,,מטליות לחות רצפה ספא בניחוח מרכך כביסה,Unknown,0.00,Unknown,false,12,10.90,0.0000,true,1,184334
7290111341366,false,מפיות אירוח חד שכבתי 30/30 150 יח',חוגלה קימברלי,SK,מפיות אירוח 150 יח זוג ניקול,Unknown,0.00,Unknown,false,1,7.90,0.0000,true,1,189297
7290111341434,false,דיפנד תחבושת נורמל ACTIVE נשים,,,תחבושת דיפנד אקטיב נורמל 12 יח,Unknown,0.00,Unknown,false,1,16.80,0.0000,true,1,187650
7290111341816,false,נייר אפייה סליידר 25מטר ניקול,אופל,IL,נייר אפייה עם סליידר ניקול 25 מטר,Unknown,0.00,Unknown,false,1,17.80,0.0000,true,1,187648
7290111341984,false,לילי - מגבוני נייר טואלט לח פיור רביעייה,קימברלי,GB,נייר טואלט לח לילי רביעייה,Unknown,0.00,Unknown,false,1,19.90,0.0000,true,1,189852
7290111341991,false,לילי נייר טואלט לח סופרים 48 דפים,עלבד,,נייר טואלט לח לילי סופרים 48 יח,Unknown,0.00,Unknown,false,1,7.90,0.0000,true,1,188847
7290111342004,false,נייר טואלט לח קידס 56 יח' לילי,עלבד,,נייר טואלט לח לילי קידס 56 יח,Unknown,0.00,Unknown,false,1,7.90,0.0000,true,1,188846
7290111342042,false,כריות יפניות לניקוי וקרצוף אנטיבקטריאלי,פלסטו פוליש,IL,כריות יפניות אנטיבקטריאלי ניקול,Unknown,0.00,Unknown,false,1,10.90,0.0000,true,1,191447
7290111342059,false,מטליות לחות לניקוי משטחים אנטיבקטריאלי,ניקול,IL,מטליות לחות אנטיבקטריאלי ניקול,Unknown,0.00,Unknown,false,1,10.90,0.0000,true,1,191449
7290111342073,false,מטליות מקרופייבר למשטחים אנטיבקטריאלי ניקול,סנו,CN,זוג מטליות מיקרופייב אנטיבקטריאלי ניקול,Unknown,0.00,Unknown,false,1,15.80,0.0000,true,1,191448
7290111342189,false,מפיות אירוח צבעוני 150 יחי' ניקול,SHP SLAVOSOVCE,SK,מפיות אירוח ניקול צבעוני 150 יח,Unknown,0.00,Unknown,false,1,7.90,0.0000,true,1,190759
7290111342523,false,מפיות אירוח ניקול 100 יח',חוגלה קימברלי,,מפיות אירוח 100 יח,Unknown,0.00,Unknown,false,1,5.80,0.0000,true,1,190749
7290111343117,false,זוג ממחטות לושן סופט קלינקס -140 דף,קימברלי,IL,מארז זוגי קלינקס ממחטות לושן,Unknown,0.00,Unknown,false,30,13.90,0.0000,true,1,195379
7290111343797,false,מטליות לחות לניקוי חלונות 48 יח' ניקול,עלבד,IL,מטליות לחות לניקוי חלונות,Unknown,0.00,Unknown,false,1,9.80,0.0000,true,1,193703
7290111343841,false,ספוגית הקסם נירוסטה - מארז 3 יחידות,ניקול,CN,ספוגית הקסם נירוסטה ניקול 3 יח,Unknown,0.00,Unknown,false,1,10.90,0.0000,true,1,193705
7290111343858,false,מטליות לחות לרצפה אנטיבקטריאלי 10 יחי',עלבד משואות יצחק,IL,מטליות לחות לניקוי וחיטוי הרצפה אנטיבקטר,Unknown,0.00,Unknown,false,1,10.90,0.0000,true,1,192672
7290111344145,false,מטילות מיקרופייבר אנטיבקטריאליות לרצפה 2 יחי',,,מטליות מיקרופייבר לרצפה מארז זוג,Unknown,0.00,Unknown,false,1,21.90,0.0000,true,1,197373
7290111344206,false,האגיס נטורל קר מגבונים לחים בבישום עדין רביעייה,חוגלה קימברלי,IL,רביעיית מגבוני האגיס נטורל קייר מבושם,Unknown,0.00,Unknown,false,1,21.90,0.0000,true,1,201064
7290111344510,false,נייר אפייה ניקול 100 יח',,,נייר אפייה 100 יח,Unknown,0.00,Unknown,false,1,19.80,0.0000,true,1,198859
7290111344565,false,ניקול שקיות זיפר מארז משולב מידות,,,שקיות דאבל זיפר,Unknown,0.00,Unknown,false,1,13.90,0.0000,true,1,206410
7290111344572,false,שקיות אשפה עם ידיות 25יח,,,שקית אשפה עם ידיות ניקול 25 יח,Unknown,0.00,Unknown,false,8,21.80,0.0000,true,1,200394
7290111344824,false,קוטקס - מגן תחתון אנטיבקטראלי לארג' 52 יח',,CN,מגן תחתון קוטקס אנטיבקטריאלי לארג,Unknown,0.00,Unknown,false,1,16.80,0.0000,true,1,202782
7290111344831,false,קוטקס - מגיני יום אקסטרא פרוטקט נורמל ביג 60 יח',חוגלה קימברלי,CN,מגן תחתון קוטקס אקסטרא פרוטקט נורמל,Unknown,0.00,Unknown,false,1,16.80,0.0000,true,1,202779
7290111344855,false,קוטקס - מגיני יום אקסטרא פרוטקט לארג' ביג 52 יח',חוגלה קימברלי,CN,מגן תחתון קוטקס אקסטרא פרוטקט לארג,Unknown,0.00,Unknown,false,1,16.80,0.0000,true,1,202780
7290111344879,false,קוטקס - מגן תחתון 2 ב-1 לארג' 44 יח',,CN,מגן תחתון קוטקס 2 ב 1 לארג,Unknown,0.00,Unknown,false,1,16.80,0.0000,true,1,202781
7290111344916,false,ניקול כריות יפניות אנטיבקטריאליות 6 יח,,,כריות יפניות אנטיבקטריאליות ניקול 6 יח,Unknown,0.00,Unknown,false,1,10.80,0.0000,true,1,197430
7290111344930,false,מטליות לחות לרצפה בניחוח מרכך כביסה 10 יח' ניקול,עלבד,,מטליות לחות רצפה ספא בניחוח מרכך כביסה,Unknown,0.00,Unknown,false,12,10.90,0.0000,true,1,200395
7290111345050,false,כרית מיקרופייבר לניקוי עדין,,,כרית מיקרופייבר דו צדדי ניקול,Unknown,0.00,Unknown,false,20,11.80,0.0000,true,1,200393
7290111346088,false,נייר טואלט מולט דו שכבתי 30 גל,חוגלה קימברלי,IL,נייר טואלט דו שכבתי מולט 30 גל,Unknown,0.00,Unknown,false,1,29.90,0.0000,true,1,204256
7290111346293,false,מגבת נייר ניקול שישייה מהדורת חג,קימברלי קלארק,IL,נייר מגבת מהדורה 6 יח,Unknown,0.00,Unknown,false,1,11.90,0.0000,true,1,204257
7290111350665,false,דבש טהור לחיץ קליית,חקלאות עין חרוד מאוח,IL,דבש טהור לחיץ קליית גת 350 גר,גרמים,350.00,100 גרם,false,1,19.90,5.6857,true,1,189379
7290111350672,false,דבש טהור קליית גת 700ג',חקלאות עין חרוד מאוח,IL,דבש טהור קליית גת 700 גר בצנצנת,גרמים,700.00,100 גרם,false,1,29.90,4.2714,true,1,189380
7290111350726,false,נאצוס הופופ בטעם מקסיקני 322ג',הוט פופ Hot pop,US,חטיף תירס נאצוס בסגנון מקסיקני 322 גר,גרמים,322.00,100 גרם,false,1,15.90,4.9379,true,1,188630
7290111352966,false,יוגטה סוכריות ממולאות בטעם פירות 250 גרם ללא ג'לטין,סאדאט,TR,סוכריות גומי ממולאות פירות יוגטה 250 גר,גרמים,250.00,100 גרם,false,1,7.90,3.1600,true,1,199378
7290111353550,false,חמאת בוטנים טבעית 350ג',,,חמאת בוטנים 300 גר,גרמים,300.00,100 גרם,false,1,15.90,5.3000,true,1,195656
7290111354038,false,עגבניות חתוכות דק 40,,,עגבניות חתוכות דק 400 גר שלישייה,גרמים,1200.00,100 גרם,false,1,14.90,1.2417,true,1,203449
7290111354045,false,עגבניות קצוצות 400 ג,,,עגבניות קצוצות 400 גר שלישייה,גרמים,1200.00,100 גרם,false,1,14.90,1.2417,true,1,203450
7290111354243,false,טורטייה מקמח חיטה 54,,,טורטייה מקמח חיטה 540 גר,גרמים,540.00,100 גרם,false,1,11.90,2.2037,true,1,203848
7290111354687,false,יוגטה מיני מרשמלו 500גר,,,מיני מרשמלו יוגטה 500 גר,גרמים,500.00,100 גרם,false,1,24.90,4.9800,true,1,208317
7290111564277,false,פריכיות דקות ונימוחות 3 דגנים פיטנס Fitness,פרח תעשיות,IL,פריכיות פיטנס 3 דגנים דקות 120 גר,גרמים,120.00,100 גרם,false,1,9.90,8.2500,true,1,182836
7290111564291,false,פריכיות דקות ונימוחות 3 דגנים וקינואה פיטנס Fitness,פרח תעשיות,IL,פריכיות פיטנס דקות עם קינואה 120 גר,גרמים,120.00,100 גרם,false,1,9.90,8.2500,true,1,182837
7290111564666,false,כדורי בשר צמחוניים עם המון חלבון,עיצובים 2020 (4.8),IL,כדורי בשר טבעול מן הצומח 500 גר,גרמים,500.00,100 גרם,false,1,29.90,5.9800,true,1,184435
7290111564956,false,ביסלי במבה מיקס 200 ג' אסם,פרו מן יו פתרונות אר,IL,ביסלי במבה מיקס 200 גר,גרמים,200.00,100 גרם,false,18,9.90,4.9500,true,1,184871
7290111566103,false,טבעול פלאפל מרכיבים ביתיים בלבד 590 ג',עיצובים 2020 (4.8),IL,פלאפל ביתי טבעול 590 גר,גרמים,590.00,100 גרם,false,1,29.90,5.0678,true,1,184424
7290111566226,false,טבעול שניצל ברוקולי 667 גר',עיצובים 2020 (4.8),IL,טבעול שניצל ברוקולי 667 גר,גרמים,667.00,100 גרם,false,1,29.90,4.4828,true,1,184421
7290111566271,false,טבעול חטיפי תירס 657 גר',עיצובים 2020 (4.8),IL,חטיפי תירס טבעול 657 גר,גרמים,657.00,100 גרם,false,1,29.90,4.5510,true,1,184434
7290111566318,false,טבעול שניצל דק מן הצומח 564 גר',עיצובים 2020 (4.8),IL,טבעול שניצל דק מן הצומח 564 גר,גרמים,564.00,100 גרם,false,1,29.90,5.3014,true,1,184417
7290111566332,false,טבעול נקניקיות וינר צמחוניות 680 גר',עיצובים 2020 (4.8),IL,טבעול נקניקיה וינר 680 גר,גרמים,680.00,100 גרם,false,1,29.90,4.3971,true,1,184419
7290111566417,false,טחון צמחוני עם המון חלבון,עיצובים 2020 (4.8),IL,טבעול טחון מן הצומח 500 גר,גרמים,500.00,100 גרם,false,1,29.90,5.9800,true,1,184431
7290111566547,false,טבעול חזה בגריל צמחוני 99 קלוריות 560ג',עיצובים 2020 (4.8),IL,טבעול חזה בגריל צמחי 560 גר,גרמים,560.00,100 גרם,false,1,29.90,5.3393,true,1,184430
7290111566561,false,טבעול שניצל ברוקולי 99 קלוריות 560גר',עיצובים 2020 (4.8),IL,שניצל ברוקולי טבעול 560 גר,גרמים,560.00,100 גרם,false,1,29.90,5.3393,true,1,184426
7290111566660,false,טבעול קציצות עדשים כתומות 530 גר',עיצובים 2020 (4.8),IL,טבעול קציצות עדשים 530 גר,גרמים,530.00,100 גרם,false,1,29.90,5.6415,true,1,184422
7290111566691,false,טבעול שניצל תרד 99 קלוריות 560 גר',עיצובים 2020 (4.8),IL,שניצל תרד טבעול 99 קלוריות 560 גר,גרמים,560.00,100 גרם,false,1,29.90,5.3393,true,1,184427
7290111566752,false,טבעול שניצל תירס 99 קלוריות 693 גר',עיצובים 2020 (4.8),IL,שניצל תירס לייט טבעול 693 גר,גרמים,693.00,100 גרם,false,1,29.90,4.3146,true,1,184425
7290111566776,false,טבעול נקניקיות קוקטייל צמחוניות 680 גר',עיצובים 2020 (4.8),IL,טבעול נקניקיה קוקטייל 680 גר,גרמים,680.00,100 גרם,false,1,29.90,4.3971,true,1,184420
7290111568206,false,"מיקס ביסלי, אפרופו ופיצוחים מתובלים",פרו מן יו פתרונות אר,IL,ביסלי פארטי מיקס 150 גר,גרמים,150.00,100 גרם,false,1,7.90,5.2667,true,1,184870
7290111568251,false,אטריות נודלס להקפצה אסם אסייתי 350 גר',תאי פרזידנטפוד,TH,אטריות נודלס אסם להקפצה 350 גר,גרמים,350.00,100 גרם,false,1,9.90,2.8286,true,1,184986
7290111568961,false,בייגלה טבעות מלח 400 ג' אסם,אסם,IL,בייגלה טבעות מלח 400 גר,גרמים,400.00,100 גרם,false,1,9.90,2.4750,true,1,185465
7290111873041,false,אצבעות שוקולד ממולא בקרם חלב 50 ג'- מפרץ הרפתקאות,,,שוקולד מפרץ הרפתקאות ממולא קרם חלב,גרמים,50.00,100 גרם,false,1,4.90,9.8000,true,1,186024
7290111930799,false,קראנצ'וס טעם בצל 55גר,מנה,IL,קראנצוס מנה בצל 70 גר,גרמים,70.00,100 גרם,false,1,3.90,5.5714,true,1,183314
7290111930805,false,קראנצ'וס טעם ברביקיו 55 גר',חברת מנה בעמ,IL,קראנצוס מנה ברביקיו 70 גר,גרמים,70.00,100 גרם,false,1,3.90,5.5714,true,1,183315
7290111930850,false,קראנצ'וס טעם פיצה 55גר',קראנצ'וס,IL,קראנצוס מנה פיצה 70 גר,גרמים,70.00,100 גרם,false,1,3.90,5.5714,true,1,183316
7290111930898,false,פוף כוכבים גריל אמריקאי 40 גר',פוף POOF,IL,חטיף פוף כוכבים גריל אמריקאי 40 גר,גרמים,40.00,100 גרם,false,1,4.90,12.2500,true,1,183705
7290111930911,false,פוף חטיף לבבות קלאסי 40 ג',פוף POOF,IL,חטיף פוף לבבות קלאסי 40 גר,גרמים,40.00,100 גרם,false,1,4.90,12.2500,true,1,183702
7290111930928,false,פוף חטיף לבבות גריל 40 ג',פוף POOF,IL,חטיף פוף לבבות גריל 40 גר,גרמים,40.00,100 גרם,false,1,4.90,12.2500,true,1,183703
7290111930935,false,פוף חטיף טבעות קלאסי 40 ג',פוף POOF,IL,חטיף פוף טבעות קלאסי 40 גר,גרמים,40.00,100 גרם,false,1,4.90,12.2500,true,1,183704
7290111932779,false,"בלונס - קרם גוף במרקם מוס סגול 150 מ""ל",,,קרם גוף בלונס במרקם מוס מעושר בפטאיה 150,מיליליטרים,150.00,"100 מ""ל",false,1,19.90,13.2667,true,1,207766
7290111932786,false,"בלונס - ג'ל לניקוי הפנים רגיל יבש 250 מ""ל",,,גל לניקוי פנים בלונס רגיל יבש 250 מל,מיליליטרים,250.00,"100 מ""ל",false,1,19.90,7.9600,true,1,207768
7290111932793,false,גל לניקוי פנים בלונס,,,גל לניקוי פנים בלונס שמן מעורב 250 מל,מיליליטרים,250.00,"100 מ""ל",false,1,19.90,7.9600,true,1,207769
7290111932823,false,"בלונס - קרם גוף במרקם מוס לבן 150 מ""ל",,,קרם גוף בלונס במרקם מוס מעושר בפינגרליים,מיליליטרים,150.00,"100 מ""ל",false,1,19.90,13.2667,true,1,207767
7290111933462,false,"רוטב צ'ילי מתוק מאסטר שף 300 מ""ל",סיטי פוד,,"רוטב צילי מתוק מאסטר שף 300 מ""ל",מיליליטרים,300.00,"100 מ""ל",false,1,9.90,3.3000,true,1,184734
7290111933554,false,עגבניות איטלקיות קוביות - מארז שלישיה,פראנו אנריקו ופיגלי,IT,עגבניות מאסטר שף קוביות 400 גר שלישייה,גרמים,1200.00,100 גרם,false,8,14.90,1.2417,true,1,185832
7290111935961,false,מאסטר שף מחית עגבניות 690 ג',קליסה,IT,מחית עגבניות מאסטר שף 690 גר,גרמים,690.00,100 גרם,false,12,9.90,1.4348,true,1,188208
7290111936296,false,"פלמוליב - ג'ל רחצה ארומה מסאז' 750 מ""ל",קולגייט פלמוליב,TR,סבון נוזלי פלמוליב ארומה סנסיישן מסאז,מיליליטרים,750.00,"100 מ""ל",false,1,18.90,2.5200,true,1,188484
7290111937729,false,"בלונס - קרם גוף שקדים 200 מ""ל",,,קרם גוף בלונס שקדים 200 מל,מיליליטרים,200.00,"100 מ""ל",false,1,19.90,9.9500,true,1,207765
7290111938481,false,"רוטב סויה בהיר מאסטר שף 300 מ""ל",מאסטר שף,TH,"מאסטר שף רוטב סויה בהירה 300 מ""ל",מיליליטרים,300.00,"100 מ""ל",false,1,9.90,3.3000,true,1,192413
7290111938498,false,"מאסטר שף רוטב סויה בהירה 700 מ""ל",תאי סופרים,TH,"רוטב סויה בהירה מאסטר שף 700 מ""ל",מיליליטרים,700.00,"100 מ""ל",false,12,12.90,1.8429,true,1,190693
7290111939181,false,כיסוי ניילון עם גומי במגוון גדלים,קוקי,CN,ניילון נצמד קוקי עם גומי מיקס 20 יח,Unknown,0.00,Unknown,false,1,9.90,0.0000,true,1,191229
7290112000736,false,טבליות למדיח Power All In One,פיניש Finish,,טבליות פיניש אול אין וואן 80 יח,גרמים,1280.00,100 גרם,false,1,59.90,4.6797,true,1,185354
7290112001016,false,"אירוויק פרשמטיק מכשיר אוטמטי ומלוי בניחוח תענוגות האביב 250 מ""ל",,,מכשיר איירוויק פרשמטיק פיור תענוגות האב,Unknown,0.00,Unknown,false,1,39.90,0.0000,true,1,187126
7290112001023,false,"אירוויק ספרי אוטמטי מילוי תענוגות האביב 250 מ""ל",איירוויק Air Wick,,אירוויק מילוי פרשמטיק פיור תענוגות האביב,מיליליטרים,250.00,"100 מ""ל",false,1,14.90,5.9600,true,1,187127
7290112001122,false,טבליות למדיח אול אין ואן 52 יח',פיניש,,טבליות למדיח פיניש אול ין ואן 52 יח,Unknown,0.00,Unknown,false,1,37.90,0.0000,true,1,188113
7290112001436,false,"פיניש מנקה ומחדש בניחוח לימון 250 מ""ל",רקיט בנקיזר,PL,פיניש מנקה ומחדש בניחוח לימון,Unknown,0.00,Unknown,false,1,14.90,0.0000,true,1,193595
7290112002099,false,ג'ל כביסה מרוכז קולון 101 קלאסי,רקיט בנקיזר,IL,גל כביסה קולון כחול 2.5 ל,ליטרים,2.50,ליטר,false,1,24.90,9.9600,true,1,190507
7290112002112,false,ג'ל כביסה מרוכז קולון 101 בניחוח ורדים,רקיט בנקיזר,IL,גל כביסה קולון בניחוח ורדים ורוד 2.5 ל,ליטרים,2.50,ליטר,false,1,24.90,9.9600,true,1,190506
7290112002129,false,ג'ל כביסה מרוכז קולון 101 בניחוח פריחה מרענן,קולון Colon,,גל כביסה קולון בניחוח מרענן ירוק 2.5 ל,ליטרים,2.50,ליטר,false,1,24.90,9.9600,true,1,190508
7290112002136,false,ג'ל כביסה מרוכז קולון 101 קלאסי,רקיט בנקיזר,IL,גל כביסה קולון כחול 4 ל,ליטרים,4.00,ליטר,false,1,35.90,8.9750,true,1,190859
7290112002167,false,ג'ל כביסה מרוכז קולון 101 בניחוח פריחה מרענן,קולון Colon,,קולון גל 4 ל ירוק בניחוח מרנען,ליטרים,4.00,ליטר,false,1,35.90,8.9750,true,1,193594
7290112003140,false,"אירוויק ספרי אוטמטי מילוי מנגו מרענן 250 מ""ל",,,אירוויק מילוי פרשמטיק פיור בניחוח מנגו,Unknown,0.00,Unknown,false,12,14.90,0.0000,true,1,196243
7290112004963,false,"פיניש אולטימייט קפסולות לניקוי כלים במדיח, 25 יחידות",רקיט בנקיזר,PL,קפסולות פיניש אולטימיט 25 יח,Unknown,0.00,Unknown,false,1,39.90,0.0000,true,1,206964
7290112004970,false,פיניש אולטימייט 50 קפסולות גיל,,,קפסולות פיניש אולטימיט 50 יח,Unknown,0.00,Unknown,false,1,59.90,0.0000,true,1,206965
7290112005045,false,וניש תוסף כביסה רב תכליתי לבגדים לבנים,קליה וניש Kalia Vanish,IT,אבקה לבן וניש גולד 480 גר,גרמים,480.00,100 גרם,false,1,16.90,3.5208,true,1,208032
7290112005052,false,וניש תוסף כביסה רב תכליתי לבגדים לבנים,קליה וניש Kalia Vanish,IT,אבקה לבן וניש גולד אריזת חיסכון 1.5 קג,קילוגרמים,1.50,"ק""ג",false,1,39.90,26.6000,true,1,208034
7290112005076,false,וניש תוסף כביסה רב תכליתי לכביסה צבעונית,קליה וניש Kalia Vanish,IT,אבקה ורוד וניש גולד 480 גר,גרמים,480.00,100 גרם,false,1,16.90,3.5208,true,1,208031
7290112005083,false,וניש תוסף כביסה רב תכליתי לכביסה צבעונית,קליה וניש Kalia Vanish,IT,אבקה ורוד וניש גולד אריזת חיסכון 1.5 קג,קילוגרמים,1.50,"ק""ג",false,1,39.90,26.6000,true,1,208033
7290112330352,false,"יוגורט PRO בטעם וניל 0% , 20 גרם חלבון בגביע","שטראוס בריאות בע""מ",IL,יוגורט דנונה פרו וניל 0% 200 גר,גרמים,200.00,100 גרם,false,12,5.90,2.9500,true,1,188657
7290112330390,false,יוגורט PRO בטעם פירות יער 0% 20 גרם חלבון בגביע,"שטראוס בריאות בע""מ",IL,יוגורט דנונה פרו פירות יער0% 200 גר,גרמים,200.00,100 גרם,false,12,5.90,2.9500,true,1,188658
7290112330420,false,דנונה פרו לבן 2.9% שומן 150 ג',מיוצר עי קונדיטוריית,IL,יוגורט דנונה פרו לבן 2.9% 150 גר,גרמים,150.00,100 גרם,false,24,4.80,3.2000,true,1,187752
7290112332585,false,"פריכיות תפו""א, אורז בתיבול סלק ומלח חי 30 גר'","פרח תעשיו מזון בע""מ",IL,"פריכיות משולש תפו""א/אורז סלק ומלח ים 30",גרמים,30.00,100 גרם,false,24,5.90,19.6667,true,1,188823
7290112332691,false,עוגיות קרם אגוזים פסק זמן 200 ג' עלית,הגביע מוצרי ופלים בע,IL,עוגיות עלית קרם פסק זמן 200 גר,גרמים,200.00,100 גרם,false,14,10.90,5.4500,true,1,189033
7290112335487,false,פריכיות טעימות קצח ודגנים 135 ג' שטראוס,אנרג'י Energy - שטראוס,IL,הפריכיות הטעימות קצח ודגנים 135 גר,גרמים,135.00,100 גרם,false,12,11.90,8.8148,true,1,188653
7290112335494,false,הפריכיות הטעימות תפוחי אדמה בטעם פוטטוס,"פרח תעשיות מזון בע""מ",IL,הפריכיות הטעימות פוטטוס 135 גר,גרמים,135.00,100 גרם,false,12,11.90,8.8148,true,1,188652
7290112335500,false,"הפריכיות הטעימות חומוס, אורז, עדשים שחורות וקינואה",אנרג'י Energy - שטראוס,IL,הפריכיות הטעימות חלבון 135 גר,גרמים,135.00,100 גרם,false,12,11.90,8.8148,true,1,188655
7290112336712,false,יוגורט PRO לבן 0% 21 גרם חלבון בגביע,"שטראוס בריאות בע""מ",IL,יוגורט דנונה פרו 21 0% 200 גר,גרמים,200.00,100 גרם,false,1,5.90,2.9500,true,1,188059
7290112338877,false,מעדן גבינה בטעם תות 3% 125ג' סקי,"שטראוס בריאות בע""מ",IL,מעדן גבינה סקי תות 125 גר,גרמים,125.00,100 גרם,false,24,3.70,2.9600,true,1,187319
7290112339362,false,דנונה לייט אנד פריי בטעם קפוצינו 150 גר',דנונה - שטראוס,IL,יוגורט דנונה לייט אנד פריי בטעם קפוצינו,גרמים,150.00,100 גרם,false,24,4.90,3.2667,true,1,190408
7290112339867,false,גמדים לדרך גבינה לבנה עם מחית תות,שטראוס,IL,גבינה לבנה גמדים סקוויז תות לדרך 100 גר,גרמים,100.00,100 גרם,false,1,5.90,5.9000,true,1,187771
7290112339874,false,גמדים לדרך גבינה לבנה עם מחיות תות ובננה,שטראוס,IL,גבינה לבנה גמדים סקוויז תות בננה לדרך,גרמים,100.00,100 גרם,false,1,5.90,5.9000,true,1,187772
7290112340122,false,הפריכיות הטעימות 3 דגנים 135 גרם.,אנרג'י Energy - שטראוס,IL,הפריכיות הטעימות 3 דגנים 135 גר,גרמים,135.00,100 גרם,false,12,11.90,8.8148,true,1,188654
7290112340245,false,צנצנת מסטיק מאסט בטעם דובדבן 66 ג' עלית,"שטראוס גרופ בע""מ",IL,מסטיק מאסט דובדבן בצנצנת 66 גר,גרמים,66.00,100 גרם,false,12,9.90,15.0000,true,1,188348
7290112340252,false,צנצנת מסטיק מאסט בטעם אבטיח מלון 66 ג' עלית,"שטראוס גרופ בע""מ",IL,מסטיק מאסט אבטיח מלון 66 גר,גרמים,66.00,100 גרם,false,12,9.90,15.0000,true,1,188347
7290112340276,false,עוגיות קרם קפה נמס 200 ג' עלית,הגביע מוצרי ופלים בע,IL,עוגיות עלית קרם קפה 200 גר,גרמים,200.00,100 גרם,false,14,10.90,5.4500,true,1,189034
7290112341556,false,אקטיביה עם צ'יה ותות 150 ג' דנונה,דנונה - שטראוס,IL,יוגורט אקטיביה עם ציה ותות 150 גר,גרמים,150.00,100 גרם,false,24,4.60,3.0667,true,1,189687
7290112341679,false,אקטיביה 3% שומן 200 ג' דנונה,מיוצר עי קונדיטוריית,IL,יוגורט אקטיביה 3% 200 גר,גרמים,200.00,100 גרם,false,24,3.90,1.9500,true,1,189689
7290112341686,false,מארז שמיניה אקטיביה 3% 150 ג',מיוצר עי קונדיטוריית,IL,מארז אקטיביה 3% 150 גר שמינייה,גרמים,1200.00,100 גרם,false,3,20.90,1.7417,true,1,189685
7290112342102,false,סימפוניה גבינה במרקם שמנת בצל מקורמל 5%,"שטראוס בריאות בע""מ",IL,גבינת שמנת סימפוניה בצל מקורמל 5% 200 ג,גרמים,200.00,100 גרם,false,12,10.90,5.4500,true,1,191278
7290112342270,false,קפה פלטינום אינטנס מחוזק ב- 10% אספרסו,שטראוס קפה בי.וי,IL,קפה אינטנס 10% אספרסו 125 גר,גרמים,125.00,100 גרם,false,1,19.90,15.9200,true,1,189873
7290112342515,false,דוריטוס צ'יזי טוויסט 55 גר',STRAUSS-ISRAEL,,דוריטוס קול ראנצ 55 גר,גרמים,55.00,100 גרם,false,48,3.20,5.8182,true,1,202002
7290112343260,false,"יטבתה רוטב שמנת קלאסי 9% שומן 260 מ""ל",STRAUSS-ISRAEL,IL,רוטב שמנת קלאסי יטבתה 260 גר,גרמים,260.00,100 גרם,false,18,10.90,4.1923,true,1,190902
7290112343420,false,"משקה חלב עם דגנים מלאים ובננה פרו יטבתה 350מ""ל",מחלבת יטבתה,IL,"משקה חלב יטבתה פרו ארוחת בוקר 350 מ""ל",מיליליטרים,350.00,"100 מ""ל",false,6,7.90,2.2571,true,1,190898
7290112343499,false,חטיף צ'יטוס פאפס אפוי בטעם גבינה,"שטראוס פריטו ליי בע""",IL,ציטוס פאפס בטעם גבינה 55 גר,גרמים,55.00,100 גרם,false,48,3.40,6.1818,true,1,199372
7290112343512,false,חטיף ציטוס פאפס בטעם,"שטראוס פריטו ליי בע""",IL,חטיף ציטוס פאפס בטעם גבינה 160 גר,גרמים,160.00,100 גרם,false,9,6.90,4.3125,true,1,199373
7290112344564,false,רביולי גבינה קלאסי שטראוס 400 ג',"שטראוס גרופ בע""מ",IL,רביולי גבינה קידס 400 גר,גרמים,400.00,100 גרם,false,6,19.90,4.9750,true,1,189697
7290112344724,false,מעדן בטעם שוקולד בלונדי 170 ג' מילקי,מיוצר עי קונדיטוריית,IL,מעדן מילקי בטעם שוקולד בלונדי 170 גר,גרמים,170.00,100 גרם,false,24,3.40,2.0000,true,1,190905
7290112344755,false,מילקי שוקולד 26% פחות סוכר 135 גרם,מיוצר עי קונדיטוריית,IL,מילקי 26% פחות סוכר 135 גר,גרמים,135.00,100 גרם,false,24,2.90,2.1481,true,1,195827
7290112344786,false,קפה פלטינום קלאסיק 200 ג' עלית,שטראוס קפה בי.וי.,IL,קפה פלטינום קלאסיק 200 גר,גרמים,200.00,100 גרם,false,6,24.90,12.4500,true,1,191506
7290112344953,false,סימפוניה חציל קלוי גבינה במקרם שמנת 5%,"שטראוס בריאות בע""מ",IL,גבינת שמנת סימפוניה חציל קלוי 200 גר,גרמים,200.00,100 גרם,false,12,10.90,5.4500,true,1,195202
7290112346629,false,דנונה בר יוגורט+קורנפלקס מצופה שוקולד חלב ולבן 172 גרם,דנונה - שטראוס,IL,יוגורט עם קורנפלקס מצופה שוקולד חלב ולבן,גרמים,172.00,100 גרם,false,24,4.50,2.6163,true,1,192852
7290112346773,false,יוגורט בטעם וניל 0% לייט אנד פרי 10 גרם חלבון בגביע,מיוצר עי קונדיטוריית,IL,יוגורט דנונה לייט אנד פריי וניל עם חלבון,גרמים,150.00,100 גרם,false,24,4.90,3.2667,true,1,196109
7290112346797,false,יוגורט אקטיביה עם שיבולת שועל ושזיף 2.5%,מיוצר עי קונדיטוריית,IL,יוגורט אקטיביה שיבולת שועל ושזיף 150 גר,גרמים,150.00,100 גרם,false,24,4.60,3.0667,true,1,191997
7290112346827,false,"אקטימל ויטמין C פטל 8*100 מ""ל",קריות זול,IL,אקטימל ויטמין סי פטל שמינייה,גרמים,864.00,100 גרם,false,1,20.90,2.4190,true,1,195212
7290112347008,false,גמדים לדרך גבינה לבנה עם מחית תות ושיבולת שועל,מיוצר עי קונדיטוריית,IL,גמדים ארוחת בוקר תות סקוויז 100 גר,גרמים,100.00,100 גרם,false,7,5.90,5.9000,true,1,190896
7290112348142,false,שעועית לבנה 380 גר' בקופסה טעם הטבע,שטראוס טעם הטבע,,שעועית לבנה 380 גר,גרמים,380.00,100 גרם,false,1,6.90,1.8158,true,1,192481
7290112349606,false,מעדן גבינה ויוגורט תות בננה 88 ג' דניאלה,"שטראוס בריאות בע""מ",IL,מעדן גבינה דניאלה תות בננה 88 גר,גרמים,88.00,100 גרם,false,24,4.10,4.6591,true,1,201835
7290112349705,false,פומודורו רוטב עגבניות קלאסי לפסטה 350 גר' יד מרדכי,אמיליאנה קונסרב סוסי,IT,רוטב עגבניות פומודורו לפסטה יד מרדכי,גרמים,350.00,100 גרם,false,1,10.90,3.1143,true,1,191512
7290112349736,false,בזיליקום רוטב עגבניות לפסטה 350 גר' יד מרדכי,אמיליאנה קונסרב סוסי,IT,רוטב עגבניות לפסטה בזיליקום יד מרדכי,גרמים,350.00,100 גרם,false,1,10.90,3.1143,true,1,191511
7290112349743,false,ארביאטה רוטב עגבניות פיקנטי לפסטה 350 ג' יד מרדכי,אימילאנה,IT,רוטב עגבניות ארביאטה פיקנטי יד מרדכי,גרמים,350.00,100 גרם,false,1,10.90,3.1143,true,1,191510
7290112349750,false,פיצה רוטב עגבניות לפיצה 350 גר' יד מרדכי,אימילאנה,IL,רוטב עגבניות לפיצה יד מרדכי 350 גר,גרמים,350.00,100 גרם,false,1,10.90,3.1143,true,1,191509
7290112350275,false,קפסולות LUNGO למכונות נספרסו 55 גר',שטראוס קפה בי.וי,IL,קפסולות קפה עלית לונגו 55 גר,גרמים,55.00,100 גרם,false,12,15.90,28.9091,true,1,191505
7290112350312,false,קפסולות 15 קפה יותר למכונות נספרסו עלית 10יח',הנסיך- מפעל לייצור ט,IL,קפסולות קפה עלית חזק במיוחד 50 גר,גרמים,50.00,100 גרם,false,1,15.90,31.8000,true,1,192851
7290112351067,false,סילאן טבעי 100% תמר מג'הול ללא תוספת סוכר,יד מרדכי,,סילאן יד מרדכי טבעי לחיץ 630 גר,גרמים,630.00,100 גרם,false,9,25.90,4.1111,true,1,191990
7290112351104,false,שוקולד פרה ממולא פיצפוצי אורז 100 ג' עלית,STRAUSS-ISRAEL,IL,שוקולד פרה פיצפוצי אורז 100 גר,גרמים,100.00,100 גרם,false,12,5.50,5.5000,true,1,192352
7290112351128,false,שוקולד פרה סוכריות קופצות 100 ג' עלית,"שטראוס גרופ בע""מ",IL,שוקולד פרה סוכריות קופצות 100 גר,גרמים,100.00,100 גרם,false,12,5.50,5.5000,true,1,193503
7290112351258,false,פינוקיות שחור לבן 200 ג' עלית,הגביע מוצרי ופלים,IL,עוגיות עלית פינוקיות שחור לבן 200 גר,גרמים,200.00,100 גרם,false,14,10.90,5.4500,true,1,193773
7290112354211,false,פיצה מרגריטה 300 ג' דלישס,סקרלינפיצה אס. אר. א,IT,פיצה מרגריטה קפוא דלישס 400 גר,גרמים,400.00,100 גרם,false,1,25.90,6.4750,true,1,199713
7290112354242,false,קונוס פיצה 320 ג' דלישס,,,קונוס פיצה דלישס 280 גר,גרמים,280.00,100 גרם,false,1,25.90,9.2500,true,1,199714
7290112354945,false,תפוצ'יפס wavy טבעי 50ג היתר מכירה,שטראוס פריטו ליי בע”,IL,חטיף תפוציפס טבעי 50 גר,גרמים,50.00,100 גרם,false,1,3.90,7.8000,true,1,207659
7290112354952,false,חטיף תפוצ'יפס WAVY בטעם פפריקה,שטראוס פריטו ליי בע”,IL,חטיף תפוציפס בטעם פפריקה 50 גר,גרמים,50.00,100 גרם,false,1,3.90,7.8000,true,1,207660
7290112355027,false,יוגורט פרו בטעם קרמל מלוח 200 ג' דנונה,"שטראוס בריאות בע""מ",IL,יוגורט דנונה פרו קרמל מלוח 200 גר,גרמים,200.00,100 גרם,false,12,5.90,2.9500,true,1,195825
7290112355102,false,גמדים פאוץ סלט פירות 100 ג' שטראוס,"שטראוס בריאות בע""מ",IL,גמדים פאוץ סלט פירות 100 גר,גרמים,100.00,100 גרם,false,7,5.90,5.9000,true,1,196062
7290112355867,false,מילקי קצפת טופ פיצפוץ 86 גרם,"שטראוס גרופ בע""מ",IL,מעדן מילקי קצפת טופ פיצפוץ 86 גר,גרמים,86.00,100 גרם,false,20,3.90,4.5349,true,1,200381
7290112357045,false,עגבניות איטלקיות מרוסקות 390 גר' בקופסה טעם הטבע,שטראוס טעם הטבע,IT,עגבניות איטלקיות מרוסקות 390 גר,גרמים,390.00,100 גרם,false,1,6.90,1.7692,true,1,192486
7290112357069,false,מחית עגבניות איטלקיות בקופסה 500 גר' טעם הטבע,שטראוס טעם הטבע,IT,מחית עגבניות איטלקיות 390 גר,גרמים,390.00,100 גרם,false,1,6.90,1.7692,true,1,192487
7290112357083,false,אפונת גינה טעם הטבע 380 גר' בקופסה,שטראוס טעם הטבע,,אפונה גינה 380 גר,גרמים,380.00,100 גרם,false,1,6.90,1.8158,true,1,192484
7290112357106,false,שעועית אדומה 380 גר' בקופסה טעם הטבע,שטראוס טעם הטבע,,שעועית אדומה 380 גר,גרמים,380.00,100 גרם,false,1,6.90,1.8158,true,1,192482
7290112357113,false,גרגרי חומוס בקופסה 380 גר' טעם הטבע,שטראוס טעם הטבע,IT,גרגרי חומוס 380 גר,גרמים,380.00,100 גרם,false,1,6.90,1.8158,true,1,192483
7290112358127,false,דנונה פרו חלבון+מגנזיום- וניל ועוגיות 200 גרם,מיוצר עי קונדיטוריית,IL,יוגורט דנונה פרו 20 גר עם מגנזיום 200 גר,גרמים,200.00,100 גרם,false,1,5.90,2.9500,true,1,195203
7290112358431,false,עד חצות דאבל ביסקוויט עם שוקולד חלב -8 אריזות אישיות,הדקלאים אגודת שיתופי,FR,ביסקויט עד חצות דאבל 200 גר,גרמים,200.00,100 גרם,false,10,11.90,5.9500,true,1,197245
7290112490032,false,"נמס בכוס תירס קנור בד""ץ, זוגי 22.5X2 גרם,",יוניליוור,IL,נמס בכוס תירס,גרמים,45.00,100 גרם,false,72,6.90,15.3333,true,1,185974
7290112490117,false,טבלת קליק XL אגוז וופל 85 ג' ורד הגליל,יוניליוור ישראל מזון,IL,טבלת קליק וופל אגוזים 85 גר,גרמים,85.00,100 גרם,false,1,5.90,6.9412,true,1,185795
7290112490209,false,נמס בכוס מרק עגבניות עם קרוטונים רכיבים טבעיים,יוניליוור,,נמס בכוס עגבניות 56 גר,גרמים,56.00,100 גרם,false,1,6.90,12.3214,true,1,185404
7290112490216,false,נמס בכוס מרק עוף עם קרוטונים רכיבים טבעיים,יוניליוור,,נמס בכוס בטעם עוף 48 גר,גרמים,48.00,100 גרם,false,1,6.90,14.3750,true,1,185406
7290112490230,false,נמס בכוס אפונה רכיבים טבעיים 50 ג' קנור,יוניליוור,,נמס בכוס אפונה 50 גר,גרמים,50.00,100 גרם,false,1,6.90,13.8000,true,1,185405
7290112490582,false,חרדל דיזון צרפתי 350 ג' הלמנס,הלמנס hellmann's,,חרדל דיזון הלמנס 350 גר,גרמים,350.00,100 גרם,false,1,12.90,3.6857,true,1,185559
7290112490599,false,חרדל צרפתי עם גרגרים שלמים 350ג',הלמנס hellmann's,,חרדל צרפתי עם גרגרים הלמנס 350 גר,גרמים,350.00,100 גרם,false,1,12.90,3.6857,true,1,185568
7290112490667,false,קונפיטורה 778 משמש 340 גר,אתר חיפה 778,BE,קונפיטורה 778 משמש 340 גר,גרמים,340.00,100 גרם,false,1,11.90,3.5000,true,1,185562
7290112490728,false,מרק עשיר ירקות עם בורגול רכיבים טבעיים 95 ג' קנור,יוניליוור ישראל מזון,IL,מרק עשיר ירקות בורגול רכיבים טבעי,גרמים,95.00,100 גרם,false,60,12.90,13.5789,true,1,185978
7290112490735,false,מרק עשיר עגבניות פסטה ר.טבעי קנור 105ג',יוניליוור,IL,מרק עשיר עגבניות פסטה רכיבים טבעי,גרמים,105.00,100 גרם,false,60,12.90,12.2857,true,1,185977
7290112490742,false,מרק עשיר פטריות עם גריסים רכיבים טבעיים 104 ג' קנור,יוניליוור,IL,מרק עשיר פטריות גריסים רכיבים טבע,גרמים,104.00,100 גרם,false,60,12.90,12.4038,true,1,185975
7290112490759,false,מרק עשיר עוף עם אטריות רכיבים טבעיים 74 ג' קנור,יוניליוור,IL,מרק עשיר עוף אטריות רכיבים טבעי,גרמים,74.00,100 גרם,false,60,12.90,17.4324,true,1,185976
7290112490827,false,"תרסיס למייבש כביסה בייבי 500 מ""ל בדין","זוהר דליה, קיבוץ דלי",IL,"תרסיס בדין למייבש בייבי 500 מ""ל",מיליליטרים,500.00,"100 מ""ל",false,12,16.90,3.3800,true,1,185980
7290112491558,false,שוקולד מריר פרווה מארז 100X6 גר',אתר צפת טבלאות ותעשי,IL,מאגדת שוקולד מריר ורד הגליל שישייה,גרמים,600.00,100 גרם,false,1,19.90,3.3167,true,1,188104
7290112491701,false,ברנפלקס בטעם וניל מעודן 20% חלבון Extra Protein,יוניליוור ישראל מזון,IL,דגני בוקר ברנפלקס אקסטרה פייבר חלבון 375,גרמים,375.00,100 גרם,false,1,21.90,5.8400,true,1,188144
7290112491770,false,בייגלה דקים דקים מלח ב.בייגל 300 גר',בייגל את בייגל מזון,IL,בייגל דקים דקים מלח 300 גר,גרמים,300.00,100 גרם,false,12,9.90,3.3000,true,1,187306
7290112491787,false,בייגלה דקים דקים שומשום ב.בייגל 300 גר',בייגל בייגל BB,IL,בייגל דקים דקים שומשום 300 גר,גרמים,300.00,100 גרם,false,12,9.90,3.3000,true,1,187305
7290112492449,false,"פינוק - שמפו לשיער רגיל 700 מ""ל",יוניליוור ישראל טיפו,IL,פינוק שמפו לשיער רגיל 700 מל,מיליליטרים,700.00,"100 מ""ל",false,12,10.90,1.5571,true,1,192294
7290112492456,false,"פינוק - פינוק לשיער יבש 700 מ""ל",יוניליוור ישראל טיפו,IL,פינוק שמפו לשיער יבש 700 מל,מיליליטרים,700.00,"100 מ""ל",false,12,10.90,1.5571,true,1,192295
7290112492463,false,"שמפו ומרכך לשיער רגיל 700 מ""ל פינוק",יוניליוור ישראל טיפו,IL,פונוק 2 ב-1 לשיער רגיל 700 מל,מיליליטרים,700.00,"100 מ""ל",false,12,10.90,1.5571,true,1,192296
7290112492487,false,"שמפו שמן מרוקאי 700 מ""ל פינוק",יוניליוור ישראל טיפו,IL,שמפו פינוק שמן מרוקאי 700 מל,מיליליטרים,700.00,"100 מ""ל",false,12,10.90,1.5571,true,1,192297
7290112492500,false,"פינוק - שמפו שמן קוקוס 700 מ""ל","יוניליור ישראל, טיפו",IL,פינוק שמפו שמן קוקוס 700 מל,מיליליטרים,700.00,"100 מ""ל",false,12,10.90,1.5571,true,1,192298
7290112492531,false,"מרכך לשיער רגיל 700 מ""ל פינוק",יוניליוור,IL,"מרכך לשיער רגיל פינוק 700 מ""ל",מיליליטרים,700.00,"100 מ""ל",false,12,10.90,1.5571,true,1,190830
7290112492548,false,"פינוק - מרכך לשיער יבש 700 מ""ל",יוניליוור,IL,"מרכך פינוק לשיער יבש 700 מ""ל",מיליליטרים,700.00,"100 מ""ל",false,12,10.90,1.5571,true,1,190833
7290112492593,false,"פינוק - תחליב רחצה ניחוח פינוק 700 מ""ל",יוניליוור,IL,"תחליב רחצה פינוק קלאסי 700 מ""ל",מיליליטרים,700.00,"100 מ""ל",false,12,9.90,1.4143,true,1,190825
7290112492609,false,"פינוק - תחליב רחצה לבנדר וניל 700 מ""ל",יוניליוור,IL,"תחליב רחצה פינוק לבנדר ווניל 700 מ""ל",מיליליטרים,700.00,"100 מ""ל",false,12,9.90,1.4143,true,1,190827
7290112492630,false,"שמפו וג'ל רחצה וסבון פנים לגבר 700 מ""ל פינוק",יוניליוור,IL,"פינוק לגבר 3ב-1 700 מ""ל",מיליליטרים,700.00,"100 מ""ל",false,12,10.90,1.5571,true,1,190828
7290112492715,false,"פינוק שמפו ללא דמעות לסירוק קל לילדים 700 מ""ל",יוניליוור,IL,פינוק שמפו ללא דמעות לסירוק קל לילדים,מיליליטרים,700.00,"100 מ""ל",false,12,12.90,1.8429,true,1,193006
7290112492722,false,"2ב-1 שמפו ומרכך פינוק אל דמע לסירוק קל לילדים 700 מ""ל",יוניליוור,IL,פינוק שמפו ומרכך 2 ב-1 לסירוק קל לילדים,מיליליטרים,700.00,"100 מ""ל",false,12,12.90,1.8429,true,1,193009
7290112492746,false,"פינוק מרכך ללא דמעות לסירוק קל לילדים 700 מ""ל",יוניליוור,IL,"פינוק מרכך לסירוק קל לילדים 700 מ""ל",מיליליטרים,700.00,"100 מ""ל",false,12,12.90,1.8429,true,1,193007
7290112492753,false,"פינוק לילדים אל סבון לרחצה 700 מ""ל",יוניליוור,IL,"פינוק אל סבון לילדים 700 מ""ל",מיליליטרים,700.00,"100 מ""ל",false,12,12.90,1.8429,true,1,193008
7290112492999,false,מרק בטעם עוף קנור 400 ג' צנצנת,יוניליוור ישראל מזון,IL,מרק קנור טעם עוף 400 גרם,גרמים,400.00,100 גרם,false,12,14.90,3.7250,true,1,190814
7290112493293,false,קנור - נמס ירקות וקרוטונים ר.טבעי 44 גרם,יוניליוור,IL,קנור נמס בכוס ירקות רכיבים טבעיים,גרמים,44.00,100 גרם,false,72,6.90,15.6818,true,1,189152
7290112493316,false,מרק אפונה רכיבים טבעיים 117 ג' קנור,יוניליוור,IL,מרק היום אפונה 100% רכיבים טבעיים,גרמים,117.00,100 גרם,false,60,12.90,11.0256,true,1,189124
7290112494153,false,תיבולית בטעם צלי קנור 72 ג',יוניליוור ישראל מזון,IL,תיבולית צלי קנור 72 גרם,גרמים,72.00,100 גרם,false,144,7.90,10.9722,true,1,190786
7290112494221,false,קליק - ביסקויט תפזורת 65 גרם,יוניליוור ישראל מזון,IL,קליק ביסקויט 65 גר,גרמים,65.00,100 גרם,false,1,5.90,9.0769,true,1,189942
7290112494238,false,קליק - כדורים חלב תפזורת 65 גרם,יוניליוור ישראל מזון,IL,קליק כדורים 65 גר,גרמים,65.00,100 גרם,false,1,5.90,9.0769,true,1,189938
7290112494276,false,קליק כריות תפזורת 65 גר,יוניליוור ישראל מזון,IL,קליק כריות 65 גר,גרמים,65.00,100 גרם,false,1,5.90,9.0769,true,1,189940
7290112494283,false,קליק - מעורב חום לבן תפזורת 65 גרם,יוניליוור ישראל מזון,IL,קליק חום לבן 65 גר,גרמים,65.00,100 גרם,false,1,5.90,9.0769,true,1,189939
7290112494313,false,קליק - קורנפלקס תפזורת 65 גרם,יוניליוור ישראל מזון,IL,קליק קורנפלקס 65 גר,גרמים,65.00,100 גרם,false,1,5.90,9.0769,true,1,189941
7290112494344,false,קורנפלקס כספי אלופים תלמה850 גר',יוניליוור שפע ישראל,IL,קורנפלקס של אלופים 850 גר,גרמים,850.00,100 גרם,false,8,18.90,2.2235,true,1,191721
7290112494382,false,פירה בטעם ביתי - מוכן ברגע,יוניליוור ישראל מזון,IL,פירה בטעם ביתי 260 גרם,גרמים,260.00,100 גרם,false,24,11.90,4.5769,true,1,190781
7290112494795,false,"ג'ל לכביסה לבנה וצבעונית בניחוח בדין כחול 2.5 ק""ג","זוהר דליה, קיבוץ דלי",IL,גל כביסה בדין כחול 2.5 ליטר,ליטרים,2.50,ליטר,false,1,29.90,11.9600,true,1,190455
7290112494801,false,ג'ל לכביסה לבנה וצבעונית ורוד 2.5 ל' בדין,זוהר דליה,IL,גל כביסה בדין ורוד 2.5 ליטר,ליטרים,2.50,ליטר,false,1,29.90,11.9600,true,1,190456
7290112494818,false,"ג'ל לכביסה לבנה וצבעונית בייבי 2.5 ק""ג",היינץ צפון אמריקה מק,IL,גל כביסה בדין בייבי 2.5 ליטר,ליטרים,2.50,ליטר,false,1,29.90,11.9600,true,1,190457
7290112494832,false,"דאב - תרחיץ פנים לעור רגיל 180 מ""ל",דאב,IL,תרחיץ פנים דאב רגיל 180 מל,מיליליטרים,180.00,"100 מ""ל",false,12,13.90,7.7222,true,1,194922
7290112495006,false,כריות - כריות נוגט 686 גרם,יוניליוור שפע ישראל,IL,כריות נוגט 686 גר,גרמים,686.00,100 גרם,false,1,24.90,3.6297,true,1,189925
7290112495020,false,כריות צוקולדה תלמה 686 גר'.,יוניליוור שפע ישראל,IL,כריות צוקולדה 686 גר,גרמים,686.00,100 גרם,false,1,24.90,3.6297,true,1,189926
7290112495037,false,דגני בוקר בטעם שוקולד כדורים 375 ג' קוקומן,יוניליוור שפע ישראל,IL,קוקומן כדורים 375 גר,גרמים,375.00,100 גרם,false,1,18.90,5.0400,true,1,189927
7290112495105,false,נשנושים חטיף בטעם שמנת בצל,בייגל את בייגל מזון,IL,נשנושים שמנת בצל 260 גר,גרמים,260.00,100 גרם,false,1,10.90,4.1923,true,1,189936
7290112495167,false,נשנושים משולש שומשום 300ג' ב.בייגל,בייגל את בייגל מזון,IL,נשנושי קרקר משולשי שומשום 300 גר,גרמים,300.00,100 גרם,false,1,10.90,3.6333,true,1,189933
7290112495228,false,"קורנפלקס דבש תלמה 448 ג' בד""צ",יוניליוור שפע ישראל,IL,קורנפלקס דבש 448 גר,גרמים,448.00,100 גרם,false,1,17.90,3.9955,true,1,189929
7290112495242,false,קורנפלקס תלמה מייפל,יוניליוור,IL,קורנפלקס תלמה מייפל 448 גרם,גרמים,448.00,100 גרם,false,12,17.90,3.9955,true,1,190815
7290112495433,false,דגני דליפקאן תוספת אגוזי פקאן ושקדים 400 גר,יוניליור שפע ישראל ב,IL,דליפקאן 400 גר,גרמים,400.00,100 גרם,false,1,21.90,5.4750,true,1,189458
7290112495754,false,רוטב לסלט אלף האיים הלמנס 305 גר',יוניליוור ישראל מזון,IL,רוטב הלמנס אלף האיים 305 גרם,גרמים,305.00,100 גרם,false,12,10.90,3.5738,true,1,191173
7290112495761,false,רוטב אלף האיים לייט חמץ הלמנס 305 ג',יוניליוור ישראל מזון,IL,רוטב הלמנס אלף האיים לייט 305 גרם,גרמים,305.00,100 גרם,false,12,10.90,3.5738,true,1,191172
7290112495785,false,רוטב לסלט שום הלמנס 300ג,יוניליוור ישראל מזון,IL,רוטב הלמנס שום 300 גרם,גרמים,300.00,100 גרם,false,12,10.90,3.6333,true,1,191170
7290112495792,false,רוטב שום לייט 300 ג' הלמנס,יוניליוור ישראל מזון,IL,רוטב הלמנס לסלט שום לייט 300 גרם,גרמים,300.00,100 גרם,false,12,10.90,3.6333,true,1,191169
7290112495808,false,"הלמנס רוטב חרדל ודבש 290 מ""ל",יוניליוור ישראל מזון,IL,רוטב הלמנס חרדל ודבש 305 גרם,גרמים,305.00,100 גרם,false,12,10.90,3.5738,true,1,191171
7290112495815,false,רוטב סלט חרדל דבש לייט הלמנס 305ג',יוניליוור ישראל מזון,IL,רוטב הלמנס חרדל ודבש לייט 305 גרם,גרמים,305.00,100 גרם,false,12,10.90,3.5738,true,1,191174
7290112496027,false,"סירופ שוקולד 580 מ""ל אפיכל",יוניליוור ישראל מזון,IL,סירופ שוקולד 580 גרם,גרמים,580.00,100 גרם,false,12,11.90,2.0517,true,1,191186
7290112496034,false,סירופ מייפל אפיכל 580 גרם,יוניליוור ישראל מזון,IL,סירופ מייפל 580 גרם,גרמים,580.00,100 גרם,false,12,11.90,2.0517,true,1,191185
7290112496270,false,"פתית צ'יפס תפו""א עם עגבניות ועשבי תיבול 22 גר'",JLM גלובל פודס37 דרך,GB,"פתית ציפס תפו""א 22 גר",גרמים,22.00,100 גרם,false,1,3.90,17.7273,true,1,193738
7290112496287,false,פתית - צ'יפס בטטה בטעם טבעי 21 גרם,JLM גלובל פודס37 דרך,GB,"פתית ציפס תפו""א 22 גר",גרמים,22.00,100 גרם,false,1,3.90,17.7273,true,1,193739
7290112496331,false,קורנפלקס בננה תלמה 448 גר'.,אתר שפע,,קורנפלקס בננה 448 גר,גרמים,448.00,100 גרם,false,12,17.90,3.9955,true,1,197798
7290112496430,false,נמס בכוס אקסטרה מרק עגבניות עם המון אטריות,יוניליוור ישראל מזון,IL,נמס בכוס אקסטרה עגבניות 37 גר,גרמים,37.00,100 גרם,false,1,4.30,11.6216,true,1,200425
7290112496447,false,נמס בכוס אקסטרה טעם עוף עם המון אטריות 27ג',יוניליוור ישראל מזון,IL,נמס בכוס אקסטרה טעם עוף 27 גר,גרמים,27.00,100 גרם,false,1,4.30,15.9259,true,1,200426
7290112496461,false,נמס בכוס אקסטרה מרק ירקות עם המון אטריות,יוניליוור ישראל מזון,IL,נמס בכוס אקסטרה ירקות 32 גרם,גרמים,32.00,100 גרם,false,120,4.30,13.4375,true,1,196731
7290112497000,false,סיף - פנטסטיק ניקוי רב תכליתי 1 ליטר,"זוהר דליה, קיבוץ דלי",IL,פנטסטיק סיף ניקוי כללי בניחוח לימון 1 ל,ליטרים,1.00,ליטר,false,12,11.90,11.9000,true,1,192299
7290112497031,false,רוטב עגבניות לקציצות קנור 415 ג',יוניליוור,IT,רוטב עגבניות לקציצות 415 גרם,גרמים,415.00,100 גרם,false,6,12.90,3.1084,true,1,197799
7290112497499,false,טבלה שוקולד לבן ועוגיות קליק 85 ג',אתר צפת טבלאות ותעשי,IL,טבלת שוקולד קליק עוגיות לבן 85 גר,גרמים,85.00,100 גרם,false,1,5.90,6.9412,true,1,198252
7290112497727,false,"פינוק - אל סבון בייבי 700 מ""ל",אתר ליוור,,אל סבון פינוק תינוק 700 מל,מיליליטרים,700.00,"100 מ""ל",false,1,16.90,2.4143,true,1,205773
7290112497826,false,דגני בוקר שוגי 850 ג',תלמה,IL,שוגי 850 גר,גרמים,850.00,100 גרם,false,8,26.90,3.1647,true,1,194133
7290112497994,false,גרנולה פרוטאין בתוספת חלבון ואגוזים תלמה 300 ג',יוניליוור,IL,גרנולה תלמה פרוטאין אגוזים 300 גרם,גרמים,300.00,100 גרם,false,10,15.90,5.3000,true,1,197357
7290112498007,false,גרנולה פרוטאין בתוספת חלבון שקדים וחמוציות תלמה 300 ג',יוניליוור,IL,גרנולה תלמה פרוטאין חמוציות שקדים 300 גר,גרמים,300.00,100 גרם,false,10,15.90,5.3000,true,1,197358
7290112498052,false,מאגדת פתית צ'יפס בטטה 21 גרם*4 יח',JLM גלובל פודס37 דרך,GB,מאגדת פתית ציפס עם בטטה,Unknown,0.00,Unknown,false,12,12.90,0.0000,true,1,197905
7290112498274,false,"אל סבון לידיים לבנדר ווניל פינוק 950 מ""ל",יוניליוור ישראל טיפו,IL,סבון ידיים נוזלי לבנדר פינוק 950 מל,מיליליטרים,950.00,"100 מ""ל",false,1,11.90,1.2526,true,1,198227
7290112498281,false,"אל סבון לידיים בתוספת שמן קוקוס פינוק 950 מ""ל",יוניליוור ישראל טיפו,IL,סבון ידיים נוזלי קוקוס פינוק 950 מל,מיליליטרים,950.00,"100 מ""ל",false,1,11.90,1.2526,true,1,198228
7290112498298,false,"אל סבון ליידים בתוספת שמן מרוקאי פינוק 950 מ""ל",קוסטר אירוסול ולף סנ,TR,סבון ידיים נוזלי מרוקאי פינוק 950 מל,מיליליטרים,950.00,"100 מ""ל",false,1,11.90,1.2526,true,1,198229
7290112498526,false,פתית צ'יפס עם בטטה סגולה בטעם שמנת ובצל,JLM גלובל פודס37 דרך,GB,פתית ציפס בטטה סגולה שמנת בצל 22 גר,גרמים,22.00,100 גרם,false,1,3.90,17.7273,true,1,198495
7290112499455,false,"תחליב רחצה שמן מרוקאי פינוק 700 מ""ל",יוניליוור ישראל טיפו,IL,תחליב רחצה פינוק מרוקאי 700 מל,מיליליטרים,700.00,"100 מ""ל",false,12,9.90,1.4143,true,1,197802
7290112499462,false,תחליב רחצה פינוק בתוספת שמן קוקוס,יוניליוור ישראל טיפו,IL,תחליב רחצה פינוק שמן קוקוס 700 מל,מיליליטרים,700.00,"100 מ""ל",false,12,9.90,1.4143,true,1,197803
7290112499479,false,"פינוק - שמפו בתוספת קרטין 700 מ""ל",יוניליוור,,פינוק שמפו בתוספת קרטין 700 מל,מיליליטרים,700.00,"100 מ""ל",false,12,10.90,1.5571,true,1,196430
7290112499486,false,"פינוק מרכך בתוספת קרטין 700 מ""ל",יוניליוור,IL,"מרכך פינוק בתוספת קרטין 700 מ""ל",מיליליטרים,700.00,"100 מ""ל",false,12,10.90,1.5571,true,1,196432
7290112770004,true,צימיצורי 250 גר,,,צימיצורי 250 גרם,גרמים,250.00,100 גרם,false,1,10.90,4.3600,true,1,184204
7290112770011,true,סלט פלפלים קלויים 40,,,סלט פלפלים קלויים 400 גרם,גרמים,400.00,100 גרם,false,1,15.90,3.9750,true,1,184205
7290112770042,true,מוס סלמון מעושן 250,,,מוס סלמון מעושן 250 גרם,גרמים,250.00,100 גרם,false,1,22.90,9.1600,true,1,184208
7290112770059,true,מטבוחה 400 גר,,,מטבוחה 400 גרם,גרמים,400.00,100 גרם,false,1,12.90,3.2250,true,1,184209
7290112770066,true,פלפלים חריפים 250 גר,,,פלפלים חריפים 250 גרם,גרמים,250.00,100 גרם,false,1,12.90,5.1600,true,1,184210
7290112770073,true,חציל רומני 400 גר,,,חציל רומני 400 גרם,גרמים,400.00,100 גרם,false,1,14.90,3.7250,true,1,184211
7290112770080,true,חומוס ביתי 400 גר,,,חומוס ביתי 400 גרם,גרמים,400.00,100 גרם,false,1,12.90,3.2250,true,1,184212
7290112770103,true,סלט גזר אסייתי 400 ג,,,סלט גזר אסייתי 400 גרם,גרמים,400.00,100 גרם,false,1,12.90,3.2250,true,1,184214
7290112770127,true,חציל בטחינה 400 גר,,,חציל בטחינה 400 גרם,גרמים,400.00,100 גרם,false,1,14.90,3.7250,true,1,184216
7290112770158,true,חמוצים סינים 400 גר,,,חמוצים סינים 400 גר,גרמים,400.00,100 גרם,false,1,12.90,3.2250,true,1,184268
7290112770240,true,פשטידת כרובית 600 גר,,,פשטידת כרובית 600 גר,גרמים,600.00,100 גרם,false,1,36.90,6.1500,true,1,185031
7290112770264,true,פשטידת פלפלים 600 גר,,,פשטידת פלפלים 600 גר,גרמים,600.00,100 גרם,false,1,36.90,6.1500,true,1,185029
7290112770271,true,פשטידת בצל 600 גר,,,פשטידת בצל 600 גר,גרמים,600.00,100 גרם,false,1,36.90,6.1500,true,1,185028
7290112770288,true,פשטידת ברוקולי 600 ג,,,פשטידת ברוקולי 600 גר,גרמים,600.00,100 גרם,false,1,36.90,6.1500,true,1,185030
7290112770332,true,סלט כרוב אדום 400 גר,,,סלט כרוב אדום 400 גרם,גרמים,400.00,100 גרם,false,1,13.90,3.4750,true,1,185584
7290112770349,true,סלט קולסלאו 400 גר,,,סלט קולסלאו 400 גרם,גרמים,400.00,100 גרם,false,1,12.90,3.2250,true,1,185585
7290112770356,true,סלט טורקי 400 גר,,,סלט טורקי 400 גרם,גרמים,400.00,100 גרם,false,1,13.90,3.4750,true,1,185586
7290112770387,true,סלט אבוקדו וביצים 40,,,סלט אבוקדו וביצים 400 גרם,גרמים,400.00,100 גרם,false,1,21.90,5.4750,true,1,187360
7290112770868,true,סלט תירס 400 גר,,,סלט תירס 400 גרם,גרמים,400.00,100 גרם,false,1,12.90,3.2250,true,1,191326
7290112771018,false,חציל מטוגן בטחינה 40,,,חציל מטוגן בטחינה 400 גר,גרמים,400.00,100 גרם,false,1,14.90,3.7250,true,1,197140
7290112771032,false,חצילים ופלפלים קלויי,,,חצילים ופלפלים קלויים 400 גר,גרמים,400.00,100 גרם,false,1,14.90,3.7250,true,1,197141
7290112961327,false,בייגלה כפיות פיזור כפרי 300 ג' אסם,Unknown,IL,בייגלה כפיות פיזור כפרי 300 גר,גרמים,300.00,100 גרם,false,1,9.90,3.3000,true,1,188362
7290112961440,false,פיטנס בר פריכיות שוקולד מריר 84 גר',כרמית,IL,פריכיות פיטנס בר שוקולד מריר 84 גר,גרמים,84.00,100 גרם,false,12,12.90,15.3571,true,1,192500
7290112962287,false,טבעול שווארמה טבעונית 6*450 גרם,מיוצר עי קונדיטוריית,IL,שווארמה צמחונית טבעול 450 גר,גרמים,450.00,100 גרם,false,1,29.90,6.6444,true,1,198291
7290112963918,false,חטיפי קרקר דק רוזמרין 140 ג' פיטנס,נסטלה Nestle,IL,קרקר פיטנס דק רוזמרין 140 גר,גרמים,140.00,100 גרם,false,1,10.90,7.7857,true,1,189030
7290112964410,false,רוטב אוסם אלף האיים לסלט 290 ג' אסם,Unknown,IL,רוטב אלף האיים 290 גר,גרמים,290.00,100 גרם,false,1,10.90,3.7586,true,1,189024
7290112964434,false,רוטב לסלט קיסר 295 ג' אוסם,אסם,IL,"רוטב לסלט קיסר 295 מ""ל",גרמים,295.00,100 גרם,false,1,10.90,3.6949,true,1,189019
7290112964601,false,רוטב בנוסח סצ'ואן הסדרה האסייתית,"אסם השקעות בע""מ",IL,"רוטב אסם בנוסח סצואן 290 מ""ל",גרמים,360.00,100 גרם,false,9,13.90,3.8611,true,1,188673
7290112964625,false,רוטב שום לייט לסלט 310 ג' אסם,אסם,IL,רוטב שום לייט 310 גר,גרמים,310.00,100 גרם,false,1,10.90,3.5161,true,1,189022
7290112964724,false,טבעול המבורגרטבעוני 580 גר',מיוצר עי קונדיטוריית,IL,טבעול המבורגר טיבעוני 580 גר,גרמים,580.00,100 גרם,false,1,29.90,5.1552,true,1,189028
7290112965165,false,מרק נמס בטעם פטריות זוג * 24 ג' אסם,אסם,IL,זוג מרק נמס פטריות אסם 48 גר,גרמים,48.00,100 גרם,false,1,5.90,12.2917,true,1,191010
7290112965240,false,מרק נמס בטעם עגבניות זוג * 44 ג' אסם,Unknown,IL,מרק נמס אסם עגבניות 60 גר זוג,גרמים,60.00,100 גרם,false,1,5.90,9.8333,true,1,191011
7290112965363,false,קציצות קינואה וברוקולי,מיוצר עי קונדיטוריית,IL,קציצות קינואה וברוקולי טבעול 525 גר,גרמים,525.00,100 גרם,false,1,29.90,5.6952,true,1,198292
7290112965684,false,פיטנס - חטיף מולטיגריין עשבי תיבול 25 גרם,מיוצר עי קונדיטוריית,IL,פיטנס חטיף מולטיגריין עשבי תיבול 25 גר,גרמים,25.00,100 גרם,false,24,4.90,19.6000,true,1,194944
7290112965707,false,פיטנס - חטיף מולטיגריין צילי מעודן 25 גרם,"אסם השקעות בע""מ",IL,פיטנס חטיף מולטיגריין צילי מעודן 25 גר,גרמים,25.00,100 גרם,false,24,4.90,19.6000,true,1,194945
7290112965783,false,אוסם - ביסלי פריסטייל על האש 60 גרם,"אסם השקעות בע""מ",IL,ביסלי פריסטייל על האש 60 גר,גרמים,60.00,100 גרם,false,24,3.90,6.5000,true,1,198068
7290112965943,false,טבעול נאגטס ירקות ירוקים 500 גר',טבעול תעשיות מזון בע,IL,טבעול נאגטס ירקות ירוקים 500 גר,גרמים,500.00,100 גרם,false,6,29.90,5.9800,true,1,192148
7290112965967,false,טבעול נאגטס ירקות כתומים 500 גר',טבעול תעשיות מזון בע,IL,טבעול נאגטס ירקות כתומים 500 גר,גרמים,500.00,100 גרם,false,6,29.90,5.9800,true,1,192146
7290112966094,false,עוגת הבית בטעם תפוז - פחות סוכר,מיוצר עי קונדיטוריית,IL,עוגת הבית תפוז מופחת סוכר 400 גר,גרמים,400.00,100 גרם,false,1,12.90,3.2250,true,1,191022
7290112966247,false,לחמית כוסמין 200 ג' אסם,אסם יקנעם,IL,לחמית כוסמין 200 גר,גרמים,200.00,100 גרם,false,12,9.90,4.9500,true,1,192873
7290112966445,false,במבה מתוקה אריזה גדולה 100 ג' אסם,"אסם השקעות בע""מ",IL,במבה מתוקה אריזה גדולה 100 גר,גרמים,100.00,100 גרם,false,40,7.90,7.9000,true,1,189760
7290112967114,false,חטיפי פריכיות פיטנס קטניות ופלפל 60 גר',"פרח תעשיות מזון בע""מ",IL,חטיפי פריכיות פיטנס קטניות ופלפל 60 גר,גרמים,60.00,100 גרם,false,12,8.90,14.8333,true,1,192135
7290112967381,false,פיטנס חטיפי פריכיות קטניות ומלח ים 60 גר',"פרח תעשיות מזון בע""מ",IL,חטיפי פריכיות פיטנס קטניות ומלח 60 גר,גרמים,60.00,100 גרם,false,12,8.90,14.8333,true,1,192134
7290112967572,false,"אסם רוטב ברביקיו 290 מ""ל אסם",אסם,IL,"רוטב ברביקיו 290 מ""ל",גרמים,335.00,100 גרם,false,1,10.90,3.2537,true,1,191002
7290112967848,false,ג'לי תות שדה מופחת סוכר 90 גר אסם,מיוצר עי קונדיטוריית,IL,גלי תות שדה מופחת סוכר 90 גר,גרמים,90.00,100 גרם,false,1,5.90,6.5556,true,1,191024
7290112968807,false,פיטנס - קרקר דק סלק 140 גרם,מפעל אסם יקנעם,IL,קרקר פיטנס דק סלק 140 גר,גרמים,140.00,100 גרם,false,12,10.90,7.7857,true,1,194936
7290112968821,false,פיטנס - קרקר דק בטטה 140 גרם,מפעל אסם יקנעם,IL,קרקר פיטנס דק בטטה 140 גר,גרמים,140.00,100 גרם,false,12,10.90,7.7857,true,1,194937
7290112969286,false,אסם בישולים רוטב חרדל ודבש 330 גר'.,"אסם השקעות בע""מ",IL,רוטב בישולים חרדל ודבש 330 גר,גרמים,330.00,100 גרם,false,1,14.90,4.5152,true,1,195284
7290112969903,false,טבעול נאגטס ירקות לבנים 500 גר',טבעול תעשיות מזון בע,IL,טבעול נאגטס ירקות לבנים 500 גר,גרמים,500.00,100 גרם,false,6,29.90,5.9800,true,1,192147
7290113190375,false,סילאן סירופ תמרים טב,שקדיה,TR,סילאן טבעי שקדיה 900 גר,גרמים,900.00,100 גרם,false,1,18.90,2.1000,true,1,189674
7290113190450,false,ממרח תמרים שקדיה 450,פוליבה,IL,ממרח תמרים 450 גר שקדיה,גרמים,450.00,100 גרם,false,1,5.90,1.3111,true,1,189660
7290113190863,false,סילאן טבעי לחיץ שקדי,שקדיה,IL,סילאן טבעי לחיץ 385 גר,גרמים,385.00,100 גרם,false,1,14.90,3.8701,true,1,197606
7290113192300,false,זיתים חרוזית מושחר A2 בית השיטה 275 גר',בית השיטה,IL,חרוזית מושחר בית השיטה 275 גר,גרמים,560.00,100 גרם,false,12,10.90,1.9464,true,1,192406
7290113192317,false,בית השיטה טבעות זיתים מושחרים 280 גר',בית השיטה,IL,טבעות זיתים מושחרים בית השיטה 280 גר,גרמים,560.00,100 גרם,false,12,10.90,1.9464,true,1,192407
7290113192355,false,חרוזית זיתים ירוקים ללא גלעין 275 ג' בית השיטה,בית השיטה,IL,חרוזית ירוק בית השיטה 275 גר,גרמים,560.00,100 גרם,false,12,10.90,1.9464,true,1,192411
7290113192362,false,טבעות זיתים ירוקים 280 ג' בית השיטה,בית השיטה,IL,טבעות זיתים ירק בית השיטה 280 גר,גרמים,560.00,100 גרם,false,12,10.90,1.9464,true,1,192412
7290113192379,false,בית השיטה זיתים ירוקים מבוקעים א2 340גר',בית השיטה,IL,זיתים ירוקים מבוקעים בית השיטה 340 גר,גרמים,560.00,100 גרם,false,12,10.90,1.9464,true,1,192415
7290113192386,false,זיתים סורי מבוקע A2 בית השיטה 340ג',בית השיטה,IL,זית סורי מבוקע בית השיטה 340 גר,גרמים,560.00,100 גרם,false,12,10.90,1.9464,true,1,192418
7290113192393,false,בית השיטה קוקטייל זיתים א2 336גר',בית השיטה,IL,קוקטייל זיתים בית השיטה 336 גר,גרמים,560.00,100 גרם,false,12,11.90,2.1250,true,1,192420
7290113192478,false,בית השיטה מלפפונים במלח בינוני 10-12 320 גרם,בית השיטה,IL,מלפפון במלח 10-12 בית השיטה 320 גר,גרמים,560.00,100 גרם,false,12,7.90,1.4107,true,1,192428
7290113192485,false,בית השיטה מלפפונים בחומץ בינוני 10-12 290 גרם,בית השיטה,IL,מלפפון חומץ 10-12 בית השיטה 290 גר,גרמים,560.00,100 גרם,false,12,7.90,1.4107,true,1,192429
7290113192492,false,בית השיטה מלפפונים בחומץ קטנים 1317 290 גרם,בית השיטה,IL,מלפפון חומץ 13-17 בית השיטה 290 גר,גרמים,560.00,100 גרם,false,12,10.90,1.9464,true,1,192430
7290113192508,false,בית השיטה מלפפונים במלח קטן 1317 320 גרם,בית השיטה,IL,בית השיטה מלפפון במלח 13-17 320 גר,גרמים,560.00,100 גרם,false,12,10.90,1.9464,true,1,192431
7290113192515,false,בית השיטה מלפפונים במלח קטן מאוד 1825 320 גרם,בית השיטה,IL,מלפפון מלח 18-25 בית השיטה 320 גר,גרמים,560.00,100 גרם,false,12,12.90,2.3036,true,1,192432
7290113192539,false,בית השיטה מלפפונים במלח גדול 79 320 גרם,בית השיטה,IL,מלפפון בית השיטה מלח 7-9 320 גר,גרמים,560.00,100 גרם,false,12,6.90,1.2321,true,1,192434
7290113192546,false,בית השיטה מלפפונים בחומץ גדול 79 290 גרם,בית השיטה,IL,מלפפון חומץ 7-9 בית השיטה 290 גר,גרמים,560.00,100 גרם,false,12,6.90,1.2321,true,1,192435
7290113192560,false,בית השיטה פלפל שיפקה חריף כבוש 230 גרם,בית השיטה,IL,פלפל שיפקה בית השיטה 230 גר,גרמים,560.00,100 גרם,false,12,7.90,1.4107,true,1,192437
7290113192577,false,בית השיטה כרוב כבוש חתוך 430 גרם,בית השיטה,IL,כרוב כבוש בית השיטה 430 גר,גרמים,560.00,100 גרם,false,12,7.90,1.4107,true,1,192438
7290113193031,false,חרוזית קלמטה - זיתים שחורים ללא גלעין קלמטה,שוורצקוף& הנקל דיסלד,IL,חרוזית קלמטה בית השיטה 275 גר,גרמים,560.00,100 גרם,false,12,13.90,2.4821,true,1,191734
7290113193321,false,"שמן זית כתית מעולה בית השיטה 750 מ""ל",בית השיטה,IL,שמן זית בית השיטה 750 מל,מיליליטרים,750.00,"100 מ""ל",false,1,31.90,4.2533,true,1,192877
7290113193888,false,חצילים מוחמצים בית השיטה 320 גר',שוורצקוף& הנקל דיסלד,IL,חצילים מוחמצים בית השיטה 320 גר,גרמים,320.00,100 גרם,false,12,9.90,3.0938,true,1,195809
7290113194090,false,טבעות זיתים קלמטה בית השיטה 280 גר',בית השיטה,IL,טבעות קלמטה בית השיטה 280 גר,גרמים,560.00,100 גרם,false,12,13.90,2.4821,true,1,194947
7290113195042,false,מלפפון חמוץ במלח כבישה ביתית בית השיטה 750 גר',שוורצקוף& הנקל דיסלד,IL,מלפפון במלח כבישה ביתית 750 גר,גרמים,1500.00,100 גרם,false,1,24.90,1.6600,true,1,195650
7290113195196,false,רסק תפוחי עץ 710 גרם,,,"רסק תפו""ע",גרמים,710.00,100 גרם,false,12,11.90,1.6761,true,1,195560
7290113195356,false,שמן קנולה מזוכך בית,בית השיטה,,שמן קנולה בית השיטה 1 ל,ליטרים,1.00,ליטר,false,1,13.90,13.9000,true,1,198817
7290113195363,false,שמן חמניות מזוכך בית,בית השיטה,,שמן חמניות בית השיטה 1 ל,ליטרים,1.00,ליטר,false,1,13.90,13.9000,true,1,198818
7290113195479,false,קמח שקדים 200 גרם - שקדיה,דין שיווק,IL,קמח שקדים 200 גר שקדיה,גרמים,200.00,100 גרם,false,20,13.90,6.9500,true,1,195547
7290113196414,false,"אורז בסמטי שקדיה 1 ק""ג",קריות זול,IN,אורז בסמטי 1 קג,קילוגרמים,1.00,"ק""ג",false,1,11.90,11.9000,true,1,199415
7290113197176,false,חמאת בוטנים טבעית עם,,,חמאת בוטנים טבעית עם שברי בוטנים 450 גר,גרמים,510.00,100 גרם,false,1,16.90,3.3137,true,1,204786
7290113199767,false,ממרח 100% שקדים שקדי,פפאיינס,TW,ממרח 100% שקדים 300 גר,גרמים,300.00,100 גרם,false,1,29.90,9.9667,true,1,204784
7290113300224,false,פאוצ' לה קט סלמון ברוטב 85 ג',"ביופט- מזון לבע""ח",FR,שימורים לחתולים לה קט פאונץ סלמון ברוטב,גרמים,85.00,100 גרם,false,1,4.90,5.7647,true,1,191089
7290113300231,false,פאוצ' לה קט בקר ג'לי 85 ג',"ביופט- מזון לבע""ח",,שימורים לחתולים לה קט פאונץ בקר בגלי 85,גרמים,85.00,100 גרם,false,1,4.90,5.7647,true,1,191090
7290113300262,false,פאוצ' לה קט טונה ג'לי 85 ג',"ביופט- מזון לבע""ח",,שימורים לחתולים לה קט פאונץ טונה בגלי,גרמים,85.00,100 גרם,false,1,4.90,5.7647,true,1,191091
7290114310215,false,"**טרה שמנת מתוקה 38% 250 מ""ל בקבוק.",מילקו תעשיות בעמ,IL,שמנת מתוקה 38% 250 מל בקבוק,מיליליטרים,250.00,"100 מ""ל",false,12,6.47,2.5880,true,1,192104
7290114310222,false,חלב 1.5 ליטר 3% מועשר בסידן וויטמין D.,מילקו תעשיות בעמ,IL,חלב מועשר בסידן 3% 1.5 ל,ליטרים,1.50,ליטר,false,1,12.90,8.6000,true,1,192910
7290114310239,false,חלב טרה נטול לקטוז מועשר בוויטמין D 2% 1.5 ל',מילקו תעשיות בעמ,IL,חלב נטול לקטוז מועשר בויטמין 2% 1.5 ל,ליטרים,1.50,ליטר,false,1,12.90,8.6000,true,1,192911
7290114310246,false,גבינת גרנה פדנו מחלב בקר 29%,מחלבת משק צוריאל,IL,גרנה פדנו צאנק 125 גר,גרמים,125.00,100 גרם,false,1,19.90,15.9200,true,1,195234
7290114310338,false,צפתית מעודנת 5% 225 גר' משק צוריאל,מחלבת משק צוריאל,IL,צפתית מעודנת 5% 225 גר,גרמים,225.00,100 גרם,false,1,17.90,7.9556,true,1,195236
7290114310536,false,יוגורט לייט מעושר בחלבון בטעם וניל מולר 200 ג',מולר Muller,IL,יוגורט לייט מעושר חלבון בטעם וניל 200 גר,גרמים,200.00,100 גרם,false,1,5.90,2.9500,true,1,196204
7290114310550,false,פטה עיזים מעודנת בגביע 5% 200 ג',משק צוריאל,IL,פטה עיזים מעודנת 5% 200 גר,גרמים,200.00,100 גרם,false,1,24.90,12.4500,true,1,197258
7290114310567,false,לאבנה עיזים 5% שומן 200 גרם,משק צוריאל,IL,לאבנה עיזים 5% 200 גר,גרמים,200.00,100 גרם,false,1,14.90,7.4500,true,1,197260
7290114310574,false,גבינת קרם שמנת עיזים 5% 200 גרם צוריאל,משק צוריאל,IL,גבינת קרם שמנת עיזים 5% 200 גר,גרמים,200.00,100 גרם,false,1,14.90,7.4500,true,1,197259
7290114310611,false,"משקה חלב בננה בבקבוק פקק ספורט טרה 250 מ""ל",Unknown,IL,משקה חלב בננה 250 מל,מיליליטרים,250.00,"100 מ""ל",false,1,5.90,2.3600,true,1,197261
7290114310628,false,משקה חלב בטעם וניל עוגיות 1.5% שומן,מילקו תעשיות בעמ,IL,משקה חלב בטעם וניל עוגיות טרה בק 1 ל,ליטרים,1.00,ליטר,false,12,11.90,11.9000,true,1,197131
7290114310673,false,גבינת לאבנה 9% 250 גרם,טרה,IL,לאבנה 9% 250 גר,גרמים,250.00,100 גרם,false,1,12.90,5.1600,true,1,196709
7290114310895,false,סימפלי מולר מאגדת שמינייה מנגו תות 1.5% 150X8 גר',מולר Muller,IL,שמיניית יוגורט סימפלי מנגו תות 1.5% מולר,גרמים,1200.00,100 גרם,false,1,29.90,2.4917,true,1,199317
7290114310963,false,יוגורט מחלב עיזים מלא כ3.8% שומן מועשר 500 גר',משק צוריאל,IL,יוגורט מחלב עיזים מלא כ-3.8% שומן 500 גר,גרמים,500.00,100 גרם,false,1,14.90,2.9800,true,1,200643
7290114311038,false,שמנת מתוקה עמידה 32% 250מל בקבוק,Unknown,IL,שמנת מתוקה להקפצה 32% טרה 250 גר,גרמים,250.00,100 גרם,false,1,7.90,3.1600,true,1,203932
7290114311069,false,יוגורט לבן מועשר בחלבון 0% שומן 200 גרם muller active,מולר Muller,IL,יוגורט מולר אקטיב 0% מועשר בחלבון 150 גר,גרמים,150.00,100 גרם,false,24,5.90,3.9333,true,1,202935
7290114311076,false,"חמאת מולר צהובה עם שום, 200 גרם",מולר Muller,IL,חמאה צהובה עם שום מולר 200 גר,גרמים,200.00,100 גרם,false,30,11.90,5.9500,true,1,203778
7290114311083,false,"חמאת מולר צהובה עם מלח, 200 גרם",מילקו,IL,חמאה צהובה עם מלח מולר 200 גר,גרמים,200.00,100 גרם,false,30,11.90,5.9500,true,1,203777
7290114311298,false,יוגורט קציפת תות בננה מלון 150 ג' מולר,מולר Muller,IL,יוגורט מולר פרופ תות בננה מלון 150 גר,מיליליטרים,150.00,"100 מ""ל",false,1,4.90,3.2667,true,1,205020
7290114311304,false,יוגורט קציפת מנגו פסיפלורה בננה 150 ג' מולר,מולר Muller,IL,יוגורט מולר פרופ מנגו פסיפלורה בננה 150,מיליליטרים,150.00,"100 מ""ל",false,1,4.90,3.2667,true,1,205021
7290114311328,false,חלב נטול לקטוז 2% שומן מועשר בויטמין D,ג'י.אר.אמ.גרופו אלימ,IL,חלב מועשר 2% נטול לקטוז 1 ל,ליטרים,1.00,ליטר,false,1,7.90,7.9000,true,1,206090
7290114311359,false,יוגורט עם קציפת מנגו 3% שומן פרופ 150 ג' מולר,מולר Muller,IL,יוגורט מולר פרופ מנגו 150 גר,מיליליטרים,150.00,"100 מ""ל",false,1,4.90,3.2667,true,1,205022
7290114311434,false,"מולר אקטיב בטעם קרמל מלוח 0% שומן, 200 גרם",מולר Muller,IL,יוגורט מולר אקטיב בטעם קרמל מלוח 200 גר,גרמים,200.00,100 גרם,false,1,5.90,2.9500,true,1,207370
7290114311441,false,"מולר אקטיב בטעם עוגיות חמאה 0% שומן, 200 גרם",מולר Muller,IL,יוגורט מולר אקטיב בטעם עוגיות חמאה 200 ג,גרמים,200.00,100 גרם,false,1,5.90,2.9500,true,1,207371
7290114311458,false,"חלב מועשר 3% וויטמין קרטון, 1 ל טרה",Unknown,IL,חלב מועשר 3% ויטמין די 1 ל,ליטרים,1.00,ליטר,false,12,7.70,7.7000,true,1,206516
7290114600927,false,עלי טורטיה חיטה מלאה מאסטר שף 320 ג',אלקטי קורביישיסי,ES,עלי טורטיה מאסטר שף חיטה מלאה 320 גר,גרמים,320.00,100 גרם,false,16,8.90,2.7813,true,1,194159
7290114600941,false,מיונז מאסטר שף מיונז לחיץ 435 ג',קפה לנדוור,NL,מיונז לחיץ מאסטר שף 435 גר,גרמים,435.00,100 גרם,false,1,14.90,3.4253,true,1,193196
7290114600989,false,"רוטב אלף האיים מאסטר שף 250 מ""ל",קפה לנדוור,,רוטב אלף האיים מאסטר שף 250 מל,מיליליטרים,250.00,"100 מ""ל",false,1,9.90,3.9600,true,1,193195
7290114600996,false,"רוטב שום מאסטר שף 250 מ""ל",קפה לנדוור,NL,רוטב שום מאסטר שף 250 מל,מיליליטרים,250.00,"100 מ""ל",false,1,9.90,3.9600,true,1,193194
7290114602785,false,פרי סלייסים צ'יפס בננה מלוח 90 ג',,,פרי סלייסים ציפס בננה מלוח 90 גר,גרמים,90.00,100 גרם,false,1,12.90,14.3333,true,1,197775
7290114603508,false,"רוטב להקצפה מאסטר שף 300 מ""ל",מאסטר שף,TH,"רוטב להקפצה מאסטר שף 300 מ""ל",מיליליטרים,300.00,"100 מ""ל",false,12,9.90,3.3000,true,1,194160
7290114603539,false,מאסטר שף קרוטונים למרק שום בצל 350ג,מאסטר שף,IL,קרוטונים למרק שום בצל מאסטר שף 350 גר,גרמים,350.00,100 גרם,false,12,18.90,5.4000,true,1,194158
7290114604871,false,קוסקוס בינוני מאסטר שף 350 ג',דוידוביץ,IL,קוסקוס בינוני מאסטר שף 350 גר,גרמים,350.00,100 גרם,false,1,5.90,1.6857,true,1,195403
7290114604925,false,"קרם קוקוס לייט 400 מ""ל מאסטר שף","תאי קוקונאט חברה בע""",TH,קרם קוקוס לייט מאסטר שף 400 מל,מיליליטרים,400.00,"100 מ""ל",false,24,9.90,2.4750,true,1,199262
7290114604949,false,רוטב ברביקיו מאסטר שף 524 ג',רמיה סי.וי. הולנד,NL,רוטב ברביקיו מאסטר שף 524 גר,גרמים,524.00,100 גרם,false,1,12.90,2.4618,true,1,197297
7290114605557,false,נייר עטיפה לסנדוויץ קוקי 80 יח',כרמל,CN,קוקי נייר עטיפה לסנדוויץ,Unknown,0.00,Unknown,false,1,12.90,0.0000,true,1,196749
7290114606530,false,רוטב בטעם מיונז וקטשופ מאסטר שף 515 ג',מאסטר שף,NL,רוטב בטעם מיונז וקטשופ מאסטר שף 515 גר,גרמים,515.00,100 גרם,false,1,14.90,2.8932,true,1,197295
7290114606547,false,מיונז עם פטריות כמהין מאסטר שף 242 ג',מאסטר שף,NL,מיונז עם פטריות כמהין מאסטר שף 242 גר,גרמים,242.00,100 גרם,false,1,14.90,6.1570,true,1,197294
7290114606561,false,מאסטר שף אטריות אורז דקות ורמיצ'לי 400 ג,,TH,אטריות אורז דקות מאסטר שף 400 גר,גרמים,400.00,100 גרם,false,30,9.90,2.4750,true,1,199266
7290114606578,false,מאסטר שף שקדי מרק 400 גר,,,שקדי מרק מאסטר שף 400 גר,גרמים,400.00,100 גרם,false,1,9.90,2.4750,true,1,198976
7290114606592,false,רוטב סויה מסורתית 46% פולי סויה מאסטר שף 620 ג',קריניציה ויטמינה אס,TH,רוטב סויה מאסטר שף מסורתית 620 גר,גרמים,620.00,100 גרם,false,1,15.90,2.5645,true,1,198027
7290114608633,false,"דפי אצה מאסטר שף, 25 גרם",מאסטר שף,,דפי אצה מאסטר שף 25 גר,גרמים,25.00,100 גרם,false,1,11.90,47.6000,true,1,202162
7290114608640,false,קרוטונים לסלט כוסמין מאסטר שף 260 גר',EinatFood,IL,קרוטונים לסלט כוסמין מאסטר שף 260 גר,גרמים,260.00,100 גרם,false,12,18.90,7.2692,true,1,198656
7290115073676,false,מסכות כירוגית שחורות 50 יח',שמחה זה אנחנו,CN,מסכה חד פעמי צבעוני מארז 50 יח,Unknown,0.00,Unknown,false,1,7.90,0.0000,true,1,202632
7290115190014,false,סיגריות מרלבורו רד קצר בוקס,פיליפ מוריס,,מרלבורו רד,Unknown,0.00,Unknown,false,1,36.00,0.0000,false,1,194560
7290115190090,false,סיגריות מרלבורו גולד קצר בוקס,פיליפ מוריס,,מרלבורו גולד,Unknown,0.00,Unknown,false,1,36.00,0.0000,false,1,194549
7290115190137,false,מלברו עדין פיין טאץ 7.1,פיליפ מוריס,,מרלבורו פיין טאץ,Unknown,0.00,Unknown,false,1,31.00,0.0000,false,1,194559
7290115190151,false,סיגריות מרלבורו טאץP,פיליפ מוריס,,מרלבורו טאץ,Unknown,0.00,Unknown,false,1,31.00,0.0000,false,1,194556
7290115190175,false,סיגריות פרלמנט (חפיס,פיליפ מוריס,,פרלמנט סופר סלימס,Unknown,0.00,Unknown,false,1,41.00,0.0000,false,1,194000
7290115190250,false,סיגריות פרלמנט נייטP,פיליפ מוריס,,פרלמנט רגיל קצר,Unknown,0.00,Unknown,false,1,41.00,0.0000,false,1,194003
7290115190359,false,סיגריות ל.מ בלוPP חפ,פיליפ מוריס,,ל.מ כחול לייבל קצר,Unknown,0.00,Unknown,false,1,31.00,0.0000,false,1,194001
7290115190434,false,סיגריות LM לייט וייב סלימס,פיליפ מוריס,IL,ל.מ. וויב סלימס,Unknown,0.00,Unknown,false,1,31.00,0.0000,false,1,194004
7290115190458,false,סיגריות נקסט אדג בוד,פיליפ מוריס,,סיגריות נקסט אדג,Unknown,0.00,Unknown,false,1,27.00,0.0000,false,1,195278
7290115190472,false,סיגריות נקסט פיין אדג',פיליפ מוריס,,סיגריות נקסט פיין אדג,Unknown,0.00,Unknown,false,1,27.00,0.0000,false,1,195614
7290115190496,false,סיגריות נקסט פיין 10,פיליפ מוריס,IL,נקסט לייט ארוך,Unknown,0.00,Unknown,false,1,30.00,0.0000,false,1,196249
7290115190519,false,סיגריות נקסט פיין חפ,פיליפ מוריס,,נקסט פיין,Unknown,0.00,Unknown,false,1,30.00,0.0000,false,1,194553
7290115190533,false,סיגריות נקסט כחול ארוך,פיליפ מוריס,,סיגריות נקסט ריסס 100,Unknown,0.00,Unknown,false,1,28.00,0.0000,false,1,195276
7290115190557,false,סיגריות נקסט כחול קצר,פיליפ מוריס,,סיגריות נקסט ריסס קצר,Unknown,0.00,Unknown,false,1,28.00,0.0000,false,1,194554
7290115190571,false,סיגריות נקסט לילךPP,פיליפ מוריס,,נקסט לילך,Unknown,0.00,Unknown,false,1,30.00,0.0000,false,1,193999
7290115190939,false,אל.אם קפסולות קליק חפיסה,פיליפ מוריס,,סיגריות ל.מ קליק קפסולה,Unknown,0.00,Unknown,false,1,27.00,0.0000,false,1,200334
7290115200027,false,פתי בר פינוקי שוקו 220 גר' אסם.,קריות זול,PL,פתי בר פינוקי שוקו 220 גרם,גרמים,220.00,100 גרם,false,16,9.90,4.5000,true,1,193283
7290115200676,false,עוגיות קרמוגית במילוי קרם בטעם קרמל מלוח,היינץ צפון אמריקה מק,IL,עוגיות קרמוגית קרמל מלוח 200 גר,גרמים,200.00,100 גרם,false,12,9.90,4.9500,true,1,193963
7290115201031,false,אסם פתיבר דובי שוקולד 175 גר',טרופיקל דגיל תעשיות,PL,פתי בר דובי שוקולד 175 גר,גרמים,175.00,100 גרם,false,16,9.90,5.6571,true,1,196806
7290115201703,false,ביסלי בטעם ברביקיו 200 ג' אסם,מיוצר עי קונדיטוריית,IL,ביסלי ברביקיו 200 גר,גרמים,200.00,100 גרם,false,25,7.90,3.9500,true,1,194942
7290115202236,false,טבעול טופו קראנצים 470 גר',עיצובים 2020 (4.8),IL,טופו קראנציים טבעול 470 גר,גרמים,470.00,100 גרם,false,6,29.90,6.3617,true,1,198285
7290115202250,false,טבעול טופו קראנצים צ'ילי פיקנטי 470 גר',קריות זול,IL,טופו קראנצים צילי פיקנטי טבעול 470 גר,גרמים,470.00,100 גרם,false,6,29.90,6.3617,true,1,198286
7290115202816,false,מנה חמה פאוצ' נדלס טעם עוף 70 ג' אסם,Unknown,,מנה חמה פאוצ אטריות בטעם עוף 70 גר,גרמים,70.00,100 גרם,false,1,4.90,7.0000,true,1,196895
7290115202847,false,מנה חמה פאוצ' נדלס ספייסי אסם 70 ג',Unknown,,מנה חמה פאוצ אטריות ספייסי 70 גר,גרמים,70.00,100 גרם,false,1,4.90,7.0000,true,1,196896
7290115202939,false,מנה חמה רייס נודלס עוף פטריות 50 ג' אסם,מיוצר עי קונדיטוריית,TH,מנה חמה רייס נודלס עוף פטריות 50 גר,גרמים,50.00,100 גרם,false,1,8.90,17.8000,true,1,200457
7290115203295,false,פרפקטו פסטה ריציאולי מהדורה 12*500גרם,אסם פרפקטו Perfecto,IT,פרפקטו פסטה ריציאולי 500 גר,גרמים,500.00,100 גרם,false,12,9.90,1.9800,true,1,196861
7290115203486,false,פירורית בטעם ביסלי גריל אסם 200 גר',קיבוץ עינת,IL,פירורית בטעם ביסלי גריל 200 גר,גרמים,200.00,100 גרם,false,1,6.50,3.2500,true,1,197530
7290115205176,false,פיטנס - קרקר דק כפרי פיטנס 140 גרם,נסטלה Nestle,IL,קרקר פיטנס דק כפרי 140 גר,גרמים,140.00,100 גרם,false,12,10.90,7.7857,true,1,200435
7290115206173,false,אסם פתי בר קרמל 500 גר',Unknown,,פתי בר קרמל 500 גר,גרמים,500.00,100 גרם,false,1,12.90,2.5800,true,1,198772
7290115207941,false,סירופ אננס 1 ל' ויטמינצ'יק,בית-השיטה עסיס תעשיו,IL,ויטמינציק אננס 1 ל,ליטרים,1.00,ליטר,false,1,19.90,19.9000,true,1,202424
7290115207965,false,סירופ מנגו ואפרסק 1 ל' ויטמינצ'יק,בית-השיטה עסיס תעשיו,IL,ויטמינציק מנגו אפרסק 1 ל,ליטרים,1.00,ליטר,false,1,19.90,19.9000,true,1,202427
7290115207989,false,סירופ לימון 1 ל' ויטמינצ'יק,בית-השיטה עסיס תעשיו,IL,ויטמינציק לימון 1 ל,ליטרים,1.00,ליטר,false,1,19.90,19.9000,true,1,202425
7290115208009,false,סירופ ענבים 1ל' ויטמינצ'יק,בית-השיטה עסיס תעשיו,IL,ויטמינציק ענבים 1 ל,ליטרים,1.00,ליטר,false,1,19.90,19.9000,true,1,202428
7290115208047,false,סירופ פטל 1 ל' ויטמינצ'יק,בית-השיטה עסיס תעשיו,IL,ויטמינציק פטל 1 ל,ליטרים,1.00,ליטר,false,1,19.90,19.9000,true,1,202423
7290115208061,false,סירופ תפוח 1ל' ויטמינצ'יק,בית השיטה עסיס תעשיו,IL,ויטמינציק תפוח 1 ל,ליטרים,1.00,ליטר,false,1,19.90,19.9000,true,1,202426
7290115670684,false,גרנולה שיבולת שועל עם אגוזי לוז,אנרג'י Energy - שטראוס,,גרנולה אגוזים 400 גר,גרמים,400.00,100 גרם,false,1,14.90,3.7250,true,1,197273
7290115670691,false,גרנולה שיבולת שועל עם פירות יער,אנרג'י Energy - שטראוס,CZ,גרנולה פירות יער 400 גר,גרמים,400.00,100 גרם,false,1,14.90,3.7250,true,1,197274
7290115670707,false,גרנולה שיבולת שועל עם שוקולד ואגוזי לוז,אנרג'י Energy - שטראוס,CZ,גרנולה שוקולד ואגוזים 400 גר,גרמים,400.00,100 גרם,false,1,14.90,3.7250,true,1,197275
7290115671421,false,פולי אספרסו עשירים וארומטיים עוצמה 10 250 ג' עלית,שטראוס קפה בי.וי,IL,פולי אספרסו עוצמה 10 250 גר,גרמים,250.00,100 גרם,false,1,24.90,9.9600,true,1,203175
7290115675696,false,דגני בוקר קראנצ'ים שיבולת שועל עם אגוזים ושקדים,גלידות שטראוס,IL,קוואקר אגוזים 375 גר,גרמים,375.00,100 גרם,false,6,19.90,5.3067,true,1,198429
7290115675702,false,דגני בוקר קראנצ'ים שיבולת שועל עם פירות מיובשים,גלידות שטראוס,IL,קוואקר פירות 375 גר,גרמים,375.00,100 גרם,false,6,19.90,5.3067,true,1,198430
7290115675986,false,יוגורט עם אגוזי לוז ושקדים בקרמל מלוח 4.5%,"שטראוס בריאות בע""מ",IL,דנונה בר עם אגוזים מקורמלים 173 גר,גרמים,173.00,100 גרם,false,12,4.50,2.6012,true,1,196061
7290115676037,false,דנונה ריפרש יוגורט עם תות ודומדמניות 1.6% שומן,מיוצר עי קונדיטוריית,IL,משקה דנונה ריפרש תות דומדמניות 250 גר,גרמים,250.00,100 גרם,false,1,5.90,2.3600,true,1,197751
7290115676051,false,"אקטיביה משקה+שיבולת שועל במתיקות מעודנת 250 מ""ל",מיוצר עי קונדיטוריית,IL,משקה אקטיביה מתיקות מעודנת 265 גר,גרמים,265.00,100 גרם,false,12,4.90,1.8491,true,1,200379
7290115676082,false,משקה דנונה פרו 20 יוגורט תות 255 ג' רבנות,"שטראוס בריאות בע""מ.",IL,משקה יוגורט דנונה פרו תות 255 גר,גרמים,255.00,100 גרם,false,12,6.90,2.7059,true,1,197710
7290115677140,false,"תפוצ'יפס WAVY פפריקה, 200 ג'",שטראוס פריטו ליי בע”,IL,חטיף תפוציפס בטעם פפריקה 200 גר,גרמים,200.00,100 גרם,false,12,10.90,5.4500,true,1,207662
7290115677362,false,נודלס טריאקי 350 ג' דלישס,"טרופיקל דגיל בע""מ אז",IL,נודלס טריאקי עם ירקות וסויה דלישס 350 גר,גרמים,350.00,100 גרם,false,1,26.90,7.6857,true,1,199721
7290115678222,false,מארז 8 גביעים יוגורט Greek בסגנון יווני 6.5% שומן,דנונה - שטראוס,IL,מארז שמיניית יוגורט יווני,Unknown,0.00,Unknown,false,1,24.90,0.0000,true,1,197750
7290115678376,false,מעדן הגולן שוקולד 125 גרם,מיוצר עי קונדיטוריית,IL,מעדן הגולן שוקולד 125 גר,גרמים,125.00,100 גרם,false,24,2.90,2.3200,true,1,198763
7290115678383,false,מעדן הגולן שוקולד מריר 125 גר,מיוצר עי קונדיטוריית,IL,מעדן הגולן שוקולד מריר 125 גר,גרמים,125.00,100 גרם,false,24,2.90,2.3200,true,1,198762
7290115678635,false,נשנושי גבינה -גבינת שמנת 16%+כעכים שטוחים עם מלח,"מחלבת טבע עז בע""מ",IL,נשנושי גבינה 16% עם כעכים שטוחים 67 גר,גרמים,67.00,100 גרם,false,1,9.90,14.7761,true,1,205540
7290115678871,false,שוקולית נוגט 500 ג' עלית,שטראוס גרופ,IL,שוקולית נוגט 500 גר,גרמים,500.00,100 גרם,false,12,14.90,2.9800,true,1,203895
7290115679960,false,ציטוס פופקורן טבעי 60 גר',"שטראוס פריטו ליי בע""",IL,חטיף ציטוס פופקורן בטעם טבעי 60 גר,גרמים,60.00,100 גרם,false,24,3.90,6.5000,true,1,199374
7290116530147,false,"תחליב רחצה שייק פירות יער ירוקים ומאצה פינוק 700 מ""ל",יוניליוור ישראל טיפו,IL,תחליב רחצה פינוק פירות יער 700 מל,מיליליטרים,700.00,"100 מ""ל",false,12,9.90,1.4143,true,1,197804
7290116530161,false,"תחליב רחצה שייק אננס , מלון וחלב פינוק 700 מ""ל",יוניליוור ישראל טיפו,IL,תחליב רחצה פינוק אננס 700 מל,מיליליטרים,700.00,"100 מ""ל",false,12,9.90,1.4143,true,1,197806
7290116530260,false,שוגי קקאו  תלמה 400 ג',יוניליוור שפע ישראל,IL,דגני בוקר שוגי קקאו 400 גר,גרמים,400.00,100 גרם,false,1,16.90,4.2250,true,1,198497
7290116530871,false,מיקס נשנושים 240 ג' בייגל בייגל,בייגל בייגל BB,IL,נשנושים מיקס 240 גר,גרמים,240.00,100 גרם,false,1,10.90,4.5417,true,1,197800
7290116530888,false,ג'ל לכביסה לבנה וצבעונית פינוק כחול בדין 2.5 ל',"זוהר דליה, קיבוץ דלי",IL,גל כביסה בדין פינוק קלאסי 2.5 ל,ליטרים,2.50,ליטר,false,6,29.90,11.9600,true,1,198501
7290116531083,false,ברנפלקס קוקומן שוקו בננה 375ג' תלמה,יוניליוור שפע ישראל,IL,ברנפלקס ללא סוכר שקדים ודבש 400 גר,גרמים,400.00,100 גרם,false,1,19.90,4.9750,true,1,201076
7290116531090,false,דג-דג חטיף אפוי במליחות מעודנת 250 גרם,"דרך השוקולד 1, צפת 1",IL,חטיף דגדג במליחות מעודנת 250 גר,גרמים,250.00,100 גרם,false,1,9.90,3.9600,true,1,202189
7290116531496,false,דגני בוקר קינמונים 375 ג' תלמה,נאוג'אזיס נווזיס UAB,LT,קינמונים 375 גר,גרמים,375.00,100 גרם,false,10,18.90,5.0400,true,1,202967
7290116531571,false,מגבונים סיף לניקוי בניחוח לימון 50 יח',,,סיף מגבונים לניקוי כללי לימון 50 יח,Unknown,0.00,Unknown,false,12,8.90,0.0000,true,1,206957
7290116531649,false,"פינוק שמפו תפוח 700 מ""ל",יוניליוור ישראל טיפו,IL,שמפו פינוק תפוח 700 מל,מיליליטרים,700.00,"100 מ""ל",false,12,10.90,1.5571,true,1,199474
7290116531656,false,פינוק מרכך בניחוח תפוח - מהדורה,יוניליוור ישראל טיפו,IL,מרכך פינוק תפוח 700 מל,מיליליטרים,700.00,"100 מ""ל",false,12,10.90,1.5571,true,1,199475
7290116531762,false,בדין - דפים למייבש כביסה ורוד 40 יחידות,קריות זול,US,בדין דפים למייבש ורוד,Unknown,0.00,Unknown,false,12,17.90,0.0000,true,1,204358
7290116531779,false,בדין - דפים למייבש כביסה כחול 40 יחידות,קריות זול,US,בדין דפים למייבש כחול,Unknown,0.00,Unknown,false,1,17.90,0.0000,true,1,204359
7290116531793,false,הלמנס רוטב לסלט קיסר 295 גרם,יוניליוור ישראל מזון,IL,רוטב הלמנס קיסר 295 גר,גרמים,295.00,100 גרם,false,12,10.90,3.6949,true,1,200427
7290116531830,false,דגני בוקר קינמון 686 ג' כריות,יוניליוור שפע ישראל,IL,כריות קינמון 686 גר,גרמים,686.00,100 גרם,false,1,21.90,3.1924,true,1,200423
7290116532219,false,קורנפלקס תות 448 גרם תלמה רבנות,אתר שפע,,קורנפלקס תות 448 גר,גרמים,448.00,100 גרם,false,12,17.90,3.9955,true,1,204635
7290116532240,false,קליק טבלה שוקולד חלב פצפוצי דגנים ועוגי 85 גרם רבנות,אתר צפת טבלאות ותעשי,IL,שוקולד קליק חלב פצפוצי דגנים ועוגיות 85,גרמים,85.00,100 גרם,false,12,5.90,6.9412,true,1,204893
7290116532387,false,"אל סבון ידיים נוזלי חמאת שיאה 950 מ""ל פינוק",,,סבון ידיים נוזלי חמאת שיאה פינוק 950 מל,מיליליטרים,950.00,"100 מ""ל",false,12,11.90,1.2526,true,1,202971
7290116532394,false,"אל סבון ידיים נוזלי חמאת קקאו 950 מ""ל פינוק",,,סבון ידיים נוזלי חמאת קקאו פינוק 950 מל,מיליליטרים,950.00,"100 מ""ל",false,12,11.90,1.2526,true,1,202970
7290116532875,false,"פינוק סבון נוזלי בייבי 900מ""ל",אתר ליוור,,סבון נוזלי פינוק בייבי 900 מל,מיליליטרים,900.00,"100 מ""ל",false,1,19.90,2.2111,true,1,205774
7290116533094,false,"פינוק שמפו שיער בניחוח ורדים לבנים 700 מ""ל",יוניליוור,,פינוק שמפו בניחוח וורדים לבנים 700 מל,מיליליטרים,700.00,"100 מ""ל",false,12,10.90,1.5571,true,1,206959
7290116533100,false,"פינוק מרכך שיער בניחוח ורדים לבנים 700 מ""ל",יוניליוור,IL,מרכך בניחוח וורדים לבנים פינוק 700 מל,מיליליטרים,700.00,"100 מ""ל",false,12,10.90,1.5571,true,1,206960
7290116930015,false,חטיף חלבון GO קרמל ח.בוטנים קריספי 20 גרם חלבון,תנובה,IL,חטיף חלבון קרמל בוטנים קריספי גו 60 גר,גרמים,60.00,100 גרם,false,72,11.90,19.8333,true,1,204800
7290116930244,false,"תנובה יוגורט ביו 1.5% בד""צ 8*150 גרם",תנובה מרכז שיתופי לש,IL,יוגורט 1.5% שמיניה 150 גר,גרמים,1200.00,100 גרם,false,1,16.90,1.4083,true,1,203865
7290116930282,false,ארוחה בקטנה לאבנה עם קרקרים 150ג' תנובה,תנובה,IL,ארוחה בקטנה לאבנה עם קרקרים 150 גר,גרמים,150.00,100 גרם,false,1,7.90,5.2667,true,1,206440
7290116930435,false,יוגורט יופלה GO במרקם סמיך עם דובדבן 0%,תנובה מרכז שיתופי לש,IL,יוגורט גו במרקם סמיך 0% דובדבן 200 גר,גרמים,200.00,100 גרם,false,12,5.90,2.9500,true,1,203867
7290116930459,false,"משקה SHAKE בננה אננס וקוקוס 230 מ""ל יופלה",יופלה Yoplait,IL,יופלה סנייק בננה אננס וקוקוס 230 מל,מיליליטרים,230.00,"100 מ""ל",false,1,7.90,3.4348,true,1,205348
7290116930466,false,"משקה SHAKE בננה מנגן פסיפלורה והל 230 מ""ל יופלה",יופלה Yoplait,IL,יופלה סנייק מנגו בננה פסיפלורה הל 230 מל,מיליליטרים,230.00,"100 מ""ל",false,1,7.90,3.4348,true,1,205347
7290116930480,false,"משקה SHAKE בננה קיווי תפוח 230 מ""ל יופלה",יופלה Yoplait,IL,יופלה סנייק בננה קיווי תפוח 230 מל,מיליליטרים,230.00,"100 מ""ל",false,1,7.90,3.4348,true,1,205346
7290116930626,false,ארוחה בקטנה ציזיקי עם קרקרים 150ג' תנובה,תנובה,IL,ארוחה בקטנה ציזיקי עם קרקרים 150 גר,גרמים,150.00,100 גרם,false,1,7.90,5.2667,true,1,206441
7290116930701,false,מעדן חלב GO מועשר בחלבון בטעם קרמל מלוח,תנובה מרכז שיתופי לש,IL,מעדן חלב גו בטעם קרמל מלוח 120 גר,גרמים,120.00,100 גרם,false,20,4.90,4.0833,true,1,205344
7290116930725,false,סויה BIO קוקוס גביע 150 גרם אלטרנטיב,תנובה בעמ,IL,מעדן סויה ביו קוקוס 150 גר,גרמים,150.00,100 גרם,false,1,4.50,3.0000,true,1,205997
7290116930954,false,יוגורט טעם פאי תפוחים 3% 150 ג' יופלה,"תנובה בע""מ",IL,יופלה בטעם פאי תפוחים 3% 150 גר,גרמים,150.00,100 גרם,false,1,4.90,3.2667,true,1,207923
7290116931081,false,מעדן סויה - טופי קרמל 125 גרם אלטרנטיב,תנובה מרכז שיתופי לש,IL,מעדן סויה בטעם טופי קרמל 125 גר,גרמים,125.00,100 גרם,false,1,3.90,3.1200,true,1,206442
7290116931104,false,יופלה גו במרקם סמיך עם אננס 0% שומן 200ג',תנובה בעמ,IL,יוגורט גו במרקם סמיך 0% אננס 200 גר,גרמים,200.00,100 גרם,false,12,5.90,2.9500,true,1,205998
7290117260050,false,קונפיטורה חבושים 380 ג' ויליפוד,וילי פוד,,קונפיטורה חבושים 380 גר,גרמים,380.00,100 גרם,false,12,9.90,2.6053,true,1,200847
7290117260098,false,חטיף גבינה לבנה בטעם,,,חטיף גבינה בטעם וניל בציפוי שוקולד 120 ג,גרמים,120.00,100 גרם,false,1,11.90,9.9167,true,1,206179
7290117260685,false,תן בו וניל בציפויים בטעמים שונים 12 יח',,DK,חטיף תן בו מיקס בציפויים שונים 230 גר,גרמים,230.00,100 גרם,false,12,19.90,8.6522,true,1,201856
7290117260937,false,קרקרים עם עגבניות ואורגנו ללא גלוטן 125 ג' ויליפוד,ארמנדומודיאה אס.אר.א,IT,קרקרים עגבניות ואורגנו ללא גלוטן 125 גר,גרמים,125.00,100 גרם,false,,9.90,7.9200,true,1,203435
7290117260968,false,ביסקוויטים ללא גלוטן 125 ג' ויליפוד,וילי פוד,,ביסקוויט ללא גלוטן 125 גר,גרמים,125.00,100 גרם,false,,9.90,7.9200,true,1,203436
7290117260975,true,זיתי קלמטה מגולענים,,,זיתי קלמטה מגולענים במי מלח 300 גר,גרמים,300.00,100 גרם,false,1,8.90,2.9667,true,1,205308
7290117260982,true,זיתים שחורים מגולעני,,,זיתים שחורים מגולענים במי מלח 300 גר,גרמים,300.00,100 גרם,false,1,7.90,2.6333,true,1,205310
7290117261002,true,זיתי קלמטה במי מלח 3,,,זיתי קלמטה במי מלח 350 גר,גרמים,350.00,100 גרם,false,1,8.90,2.5429,true,1,205307
7290117261019,true,זיתים ירוקים ממולאים,,,זיתים ירוקים ממולאים בפלפל במי מלח 300 ג,גרמים,300.00,100 גרם,false,1,8.90,2.9667,true,1,205311
7290117261026,true,זיתים ירוקים מגולעני,,,זיתים ירוקים מגולענים במי מלח 300 גר,גרמים,300.00,100 גרם,false,1,7.90,2.6333,true,1,205309
7290117261194,false,ארוחת פתיתים בהקפאה,,,ארוחת פתיתים בהקפאה עם פטריות 600 גר,גרמים,600.00,100 גרם,false,1,21.90,3.6500,true,1,206187
7290117261217,false,ארוחת אורז בהקפאה עם,,,ארוחת אורז בהקפאה עם ירקות 600 גר,גרמים,600.00,100 גרם,false,1,21.90,3.6500,true,1,206184
7290117261255,false,חטיף מוקצף בטעם שוקולד לבן 180ג' תן בו,,DK,חטיף תן בו שוקולד לבן 180 גר,גרמים,180.00,100 גרם,false,1,19.90,11.0556,true,1,208051
7290117261927,false,גבינת פקורינו מחלב כ,,,גבינת פקורינו מחלב כבשים צאנק 150 גר,גרמים,150.00,100 גרם,false,1,19.90,13.2667,true,1,205300
7290117380147,false,רוטב חרדל ודבש מאסטר,,NL,רוטב חרדל ודבש מאסטר שף 260 גר,גרמים,260.00,100 גרם,false,6,9.90,3.8077,true,1,203921
7290117380178,false,"סוויט פוף שוקולד חלב, 50 גרם","טחנת האבן תעשיות בע""",IL,סוויט פוף שוקולד חלב 50 גר,גרמים,50.00,100 גרם,false,1,4.90,9.8000,true,1,204715
7290117380185,false,"סוויט פוף שוקולד לבן, 50 גרם","טחנת האבן תעשיות בע""",IL,סוויט פוף שוקולד חלב לבן 50 גר,גרמים,50.00,100 גרם,false,1,4.90,9.8000,true,1,204716
7290117380192,false,פוף קראנצ' בטעם גריל 60 גר',מנה,IL,חטיף פוף קראנץ בטעם גריל 60 גרם,גרמים,60.00,100 גרם,false,1,4.90,8.1667,true,1,200680
7290117380215,false,פוף קראנצ' בטעם טאקו 60 גר',מנה,IL,חטיף פוף קראנץ בטעם טאקו 60 גרם,גרמים,60.00,100 גרם,false,1,4.90,8.1667,true,1,200682
7290117380864,false,עוגות בראוניס אישיות בטעם שוקולד 120 ג' סלים דליס פייבר,הלמה הלום,NL,חטיף מרבה סלים דליס פייבר שוקולד 120 גר,גרמים,120.00,100 גרם,false,1,11.90,9.9167,true,1,204625
7290117380871,false,עוגות אישיות בטעם אוכמניות 120 ג' סלים דליס פייבר,הלמה הלום,NL,חטיף מרבה סלים דליס פייבר אוכמניות 120 ג,גרמים,120.00,100 גרם,false,1,11.90,9.9167,true,1,204623
7290117381182,false,רוטב סרירציה מאסטר ש,,,רוטב סרירצה מאסטר שף 360 מל,מיליליטרים,360.00,"100 מ""ל",false,1,14.90,4.1389,true,1,207837
7290117381205,false,שמן שומשום מאסטר שף,,,שמן שומשום מאסטר שף 370 מל,מיליליטרים,370.00,"100 מ""ל",false,1,24.90,6.7297,true,1,207836
7290117381236,false,פוף פריכיות מצופות שוקולד מריר 70 ג,,,פריכיות מצופות שוקולד מריר פוף 70 גר,גרמים,70.00,100 גרם,false,1,7.90,11.2857,true,1,206403
7290117560327,true,קופון ציפר,,,קופון ציפר,Unknown,0.00,Unknown,false,1,0.01,0.0000,true,1,199550
7290117560334,true,קופון ציפר,,,קופון ציפר,Unknown,0.00,Unknown,false,1,0.01,0.0000,true,1,199551
7290117560341,true,קופון ציפר,,,קופון ציפר,Unknown,0.00,Unknown,false,1,0.01,0.0000,true,1,199552
7290117560358,true,קופון ציפר,,,קופון ציפר,Unknown,0.00,Unknown,false,1,0.01,0.0000,true,1,199553
7290117560372,true,קופון ציפר,,,קופון ציפר,Unknown,0.00,Unknown,false,1,0.01,0.0000,true,1,199555
7290117560389,true,קופון ציפר,,,קופון ציפר,Unknown,0.00,Unknown,false,1,0.01,0.0000,true,1,199556
7290117560396,true,קופון ציפר,,,קופון ציפר,Unknown,0.00,Unknown,false,1,0.01,0.0000,true,1,199557
7290117560402,true,קופון ציפר,,,קופון ציפר,Unknown,0.00,Unknown,false,1,0.01,0.0000,true,1,199558
7290117560419,true,קופון ציפר,,,קופון ציפר,Unknown,0.00,Unknown,false,1,0.01,0.0000,true,1,199559
7290117560426,true,קופון ציפר,,,קופון ציפר,Unknown,0.00,Unknown,false,1,0.01,0.0000,true,1,199560
7290117560433,true,קופון ציפר,,,קופון ציפר,Unknown,0.00,Unknown,false,1,0.01,0.0000,true,1,199561
7290117560488,true,קופון ציפר,,,קופון ציפר,Unknown,0.00,Unknown,false,1,0.01,0.0000,true,1,199566
7290117560501,true,קופון ציפר,,,קופון ציפר,Unknown,0.00,Unknown,false,1,0.01,0.0000,true,1,199568
7290117560556,true,קופון ציפר,,,קופון ציפר,Unknown,0.00,Unknown,false,1,0.01,0.0000,true,1,199573
7290117560570,true,קופון ציפר,,,קופון ציפר,Unknown,0.00,Unknown,false,1,0.01,0.0000,true,1,199575
7290117560594,true,קופון ציפר,,,קופון ציפר,Unknown,0.00,Unknown,false,1,0.01,0.0000,true,1,199577
7290117560631,true,קופון ציפר,,,קופון ציפר,Unknown,0.00,Unknown,false,1,0.01,0.0000,true,1,199581
7290117560662,true,קופון ציפר,,,קופון ציפר,Unknown,0.00,Unknown,false,1,0.01,0.0000,true,1,199584
7290117560679,true,קופון ציפר,,,קופון ציפר,Unknown,0.00,Unknown,false,1,0.01,0.0000,true,1,199585
7290117560686,true,קופון ציפר,,,קופון ציפר,Unknown,0.00,Unknown,false,1,0.01,0.0000,true,1,199589
7290117560716,true,קופון ציפר,,,קופון ציפר,Unknown,0.00,Unknown,false,1,0.01,0.0000,true,1,199588
7290117560747,true,קופון ציפר,,,קופון ציפר,Unknown,0.00,Unknown,false,1,0.01,0.0000,true,1,200261
7290117560754,true,קופון ציפר,,,קופון ציפר,Unknown,0.00,Unknown,false,1,0.01,0.0000,true,1,200262
7290117560761,true,קופון ציפר,,,קופון ציפר,Unknown,0.00,Unknown,false,1,0.01,0.0000,true,1,200263
7290117560778,true,קופון ציפר,,,קופון ציפר,Unknown,0.00,Unknown,false,1,0.01,0.0000,true,1,200264
7290117560808,true,קופון ציפר,,,קופון ציפר,Unknown,0.00,Unknown,false,1,0.01,0.0000,true,1,200267
7290117560815,true,קופון ציפר,,,קופון ציפר,Unknown,0.00,Unknown,false,1,0.01,0.0000,true,1,200268
7290117560822,true,קופון ציפר,,,קופון ציפר,Unknown,0.00,Unknown,false,1,0.01,0.0000,true,1,200269
7290117560846,true,קופון ציפר,,,קופון ציפר,Unknown,0.00,Unknown,false,1,0.01,0.0000,true,1,200271
7290117560853,true,קופון ציפר,,,קופון ציפר,Unknown,0.00,Unknown,false,1,0.01,0.0000,true,1,200272
7290117560884,true,קופון ציפר,,,קופון ציפר,Unknown,0.00,Unknown,false,1,0.01,0.0000,true,1,200275
7290117560891,true,קופון ציפר,,,קופון ציפר,Unknown,0.00,Unknown,false,1,0.01,0.0000,true,1,200276
7290117560907,true,קופון ציפר,,,קופון ציפר,Unknown,0.00,Unknown,false,1,0.01,0.0000,true,1,200281
7290117560914,true,קופון ציפר,,,קופון ציפר,Unknown,0.00,Unknown,false,1,0.01,0.0000,true,1,200278
7290117560938,true,קופון ציפר,,,קופון ציפר,Unknown,0.00,Unknown,false,1,0.01,0.0000,true,1,200284
7290117560952,true,קופון ציפר,,,קופון ציפר,Unknown,0.00,Unknown,false,1,0.01,0.0000,true,1,200371
7290117560969,true,קופון ציפר,,,קופון ציפר,Unknown,0.00,Unknown,false,1,0.01,0.0000,true,1,200372
7290117560976,true,קופון ציפר,,,קופון ציפר,Unknown,0.00,Unknown,false,1,0.01,0.0000,true,1,200373
7290117560983,true,קופון ציפר,,,קופון ציפר,Unknown,0.00,Unknown,false,1,0.01,0.0000,true,1,200374
7290117560990,true,קופון ציפר,,,קופון ציפר,Unknown,0.00,Unknown,false,1,0.01,0.0000,true,1,200375
7290117561003,true,קופון ציפר,,,קופון ציפר,Unknown,0.00,Unknown,false,1,0.01,0.0000,true,1,200376
7290117561010,true,קופון ציפר,,,קופון ציפר,Unknown,0.00,Unknown,false,1,0.01,0.0000,true,1,200546
7290117561027,true,קופון ציפר,,,קופון ציפר,Unknown,0.00,Unknown,false,1,0.01,0.0000,true,1,200547
7290117561041,true,קופון ציפר,,,קופון ציפר,Unknown,0.00,Unknown,false,1,0.01,0.0000,true,1,200549
7290117561058,true,קופון ציפר,,,קופון ציפר,Unknown,0.00,Unknown,false,1,0.01,0.0000,true,1,200550
7290117561065,true,קופון ציפר,,,קופון ציפר,Unknown,0.00,Unknown,false,1,0.01,0.0000,true,1,200551
7290117561072,true,קופון ציפר,,,קופון ציפר,Unknown,0.00,Unknown,false,1,0.01,0.0000,true,1,200552
7290117561089,true,קופון ציפר,,,קופון ציפר,Unknown,0.00,Unknown,false,1,0.01,0.0000,true,1,200553
7290117561096,true,קופון ציפר,,,קופון ציפר,Unknown,0.00,Unknown,false,1,0.01,0.0000,true,1,200554
7290117561102,true,קופון ציפר,,,קופון ציפר,Unknown,0.00,Unknown,false,1,0.01,0.0000,true,1,200555
7290117561119,true,קופון ציפר,,,קופון ציפר,Unknown,0.00,Unknown,false,1,0.01,0.0000,true,1,200556
7290117561188,true,קופון ציפר,,,קופון ציפר,Unknown,0.00,Unknown,false,1,0.01,0.0000,true,1,200563
7290117561195,true,קופון ציפר,,,קופון ציפר,Unknown,0.00,Unknown,false,1,0.01,0.0000,true,1,200564
7290117561201,true,קופון ציפר,,,קופון ציפר,Unknown,0.00,Unknown,false,1,0.01,0.0000,true,1,200565
7290117561218,true,קופון ציפר,,,קופון ציפר,Unknown,0.00,Unknown,false,1,0.01,0.0000,true,1,200566
7290117561225,true,קופון ציפר,,,קופון ציפר,Unknown,0.00,Unknown,false,1,0.01,0.0000,true,1,200567
7290117561232,true,קופון ציפר,,,קופון ציפר,Unknown,0.00,Unknown,false,1,0.01,0.0000,true,1,200568
7290117561249,true,קופון ציפר,,,קופון ציפר,Unknown,0.00,Unknown,false,1,0.01,0.0000,true,1,200569
7290117561362,true,קופון ציפר,,,קופון ציפר,Unknown,0.00,Unknown,false,1,0.01,0.0000,true,1,201313
7290117561379,true,קופון ציפר,,,קופון ציפר,Unknown,0.00,Unknown,false,1,0.01,0.0000,true,1,201314
7290117561386,true,קופון ציפר,,,קופון ציפר,Unknown,0.00,Unknown,false,1,0.01,0.0000,true,1,201315
7290117561393,true,קופון ציפר,,,קופון ציפר,Unknown,0.00,Unknown,false,1,0.01,0.0000,true,1,201316
7290117561409,true,קופון ציפר,,,קופון ציפר,Unknown,0.00,Unknown,false,1,0.01,0.0000,true,1,201317
7290117561416,true,קופון ציפר,,,קופון ציפר,Unknown,0.00,Unknown,false,1,0.01,0.0000,true,1,201318
7290117561423,true,קופון ציפר,,,קופון ציפר,Unknown,0.00,Unknown,false,1,0.01,0.0000,true,1,201319
7290117561430,true,קופון ציפר,,,קופון ציפר,Unknown,0.00,Unknown,false,1,0.01,0.0000,true,1,201320
7290117561447,true,קופון ציפר,,,קופון ציפר,Unknown,0.00,Unknown,false,1,0.01,0.0000,true,1,201321
7290117561454,true,קופון ציפר,,,קופון ציפר,Unknown,0.00,Unknown,false,1,0.01,0.0000,true,1,201322
7290117561461,true,קופון ציפר,,,קופון ציפר,Unknown,0.00,Unknown,false,1,0.01,0.0000,true,1,201323
7290117561485,true,קופון ציפר,,,קופון ציפר,Unknown,0.00,Unknown,false,1,0.01,0.0000,true,1,201325
7290117561508,true,קופון ציפר,,,קופון ציפר,Unknown,0.00,Unknown,false,1,0.01,0.0000,true,1,201327
7290117561522,true,קופון ציפר,,,קופון ציפר,Unknown,0.00,Unknown,false,1,0.01,0.0000,true,1,201329
7290117561539,true,קופון ציפר,,,קופון ציפר,Unknown,0.00,Unknown,false,1,0.01,0.0000,true,1,201330
7290117561546,true,קופון ציפר,,,קופון ציפר,Unknown,0.00,Unknown,false,1,0.01,0.0000,true,1,201331
7290117561553,true,קופון ציפר,,,קופון ציפר,Unknown,0.00,Unknown,false,1,0.01,0.0000,true,1,201332
7290117561560,true,קופון ציפר,,,קופון ציפר,Unknown,0.00,Unknown,false,1,0.01,0.0000,true,1,201333
7290117561577,true,קופון ציפר,,,קופון ציפר,Unknown,0.00,Unknown,false,1,0.01,0.0000,true,1,201334
7290117561584,true,קופון ציפר,,,קופון ציפר,Unknown,0.00,Unknown,false,1,0.01,0.0000,true,1,201335
7290117561591,true,קופון ציפר,,,קופון ציפר,Unknown,0.00,Unknown,false,1,0.01,0.0000,true,1,201336
7290117561607,true,קופון ציפר,,,קופון ציפר,Unknown,0.00,Unknown,false,1,0.01,0.0000,true,1,201337
7290117561614,true,קופון ציפר,,,קופון ציפר,Unknown,0.00,Unknown,false,1,0.01,0.0000,true,1,201338
7290117561621,true,קופון ציפר,,,קופון ציפר,Unknown,0.00,Unknown,false,1,0.01,0.0000,true,1,201339
7290117561645,true,קופון ציפר,,,קופון ציפר,Unknown,0.00,Unknown,false,1,0.01,0.0000,true,1,201341
7290117561652,true,קופון ציפר,,,קופון ציפר,Unknown,0.00,Unknown,false,1,0.01,0.0000,true,1,201342
7290117561669,true,קופון ציפר,,,קופון ציפר,Unknown,0.00,Unknown,false,1,0.01,0.0000,true,1,201343
7290117561676,true,קופון ציפר,,,קופון ציפר,Unknown,0.00,Unknown,false,1,0.01,0.0000,true,1,201344
7290117561683,true,קופון ציפר,,,קופון ציפר,Unknown,0.00,Unknown,false,1,0.01,0.0000,true,1,201345
7290117561690,true,קופון ציפר,,,קופון ציפר,Unknown,0.00,Unknown,false,1,0.01,0.0000,true,1,201346
7290117561706,true,קופון ציפר,,,קופון ציפר,Unknown,0.00,Unknown,false,1,0.01,0.0000,true,1,201347
7290117561713,true,קופון ציפר,,,קופון ציפר,Unknown,0.00,Unknown,false,1,0.01,0.0000,true,1,201348
7290117561720,true,קופון ציפר,,,קופון ציפר,Unknown,0.00,Unknown,false,1,0.01,0.0000,true,1,201349
7290117561737,true,קופון ציפר,,,קופון ציפר,Unknown,0.00,Unknown,false,1,0.01,0.0000,true,1,201350
7290117561751,true,קופון ציפר,,,קופון ציפר,Unknown,0.00,Unknown,false,1,0.01,0.0000,true,1,201352
7290117561768,true,קופון ציפר,,,קופון ציפר,Unknown,0.00,Unknown,false,1,0.01,0.0000,true,1,201353
7290117561775,true,קופון ציפר,,,קופון ציפר,Unknown,0.00,Unknown,false,1,0.01,0.0000,true,1,201354
7290117561782,true,קופון ציפר,,,קופון ציפר,Unknown,0.00,Unknown,false,1,0.01,0.0000,true,1,201413
7290117561799,true,קופון ציפר,,,קופון ציפר,Unknown,0.00,Unknown,false,1,0.01,0.0000,true,1,201414
7290117561805,true,קופון ציפר,,,קופון ציפר,Unknown,0.00,Unknown,false,1,0.01,0.0000,true,1,201355
7290117561812,true,קופון ציפר,,,קופון ציפר,Unknown,0.00,Unknown,false,1,0.01,0.0000,true,1,201356
7290117561829,true,קופון ציפר,,,קופון ציפר,Unknown,0.00,Unknown,false,1,0.01,0.0000,true,1,201357
7290117561836,true,קופון ציפר,,,קופון ציפר,Unknown,0.00,Unknown,false,1,0.01,0.0000,true,1,201358
7290117561843,true,קופון ציפר,,,קופון ציפר,Unknown,0.00,Unknown,false,1,0.01,0.0000,true,1,201359
7290117561850,true,קופון ציפר,,,קופון ציפר,Unknown,0.00,Unknown,false,1,0.01,0.0000,true,1,201360
7290117561867,true,קופון ציפר,,,קופון ציפר,Unknown,0.00,Unknown,false,1,0.01,0.0000,true,1,201361
7290117561874,true,קופון ציפר,,,קופון ציפר,Unknown,0.00,Unknown,false,1,0.01,0.0000,true,1,201362
7290117561881,true,קופון ציפר,,,קופון ציפר,Unknown,0.00,Unknown,false,1,0.01,0.0000,true,1,201363
7290117561898,true,קופון ציפר,,,קופון ציפר,Unknown,0.00,Unknown,false,1,0.01,0.0000,true,1,201364
7290117561911,true,קופון ציפר,,,קופון ציפר,Unknown,0.00,Unknown,false,1,0.01,0.0000,true,1,201366
7290117561928,true,קופון ציפר,,,קופון ציפר,Unknown,0.00,Unknown,false,1,0.01,0.0000,true,1,201367
7290117561935,true,קופון ציפר,,,קופון ציפר,Unknown,0.00,Unknown,false,1,0.01,0.0000,true,1,201368
7290117561959,true,קופון ציפר,,,קופון ציפר,Unknown,0.00,Unknown,false,1,0.01,0.0000,true,1,201370
7290117561966,true,קופון ציפר,,,קופון ציפר,Unknown,0.00,Unknown,false,1,0.01,0.0000,true,1,201371
7290117561980,true,קופון ציפר,,,קופון ציפר,Unknown,0.00,Unknown,false,1,0.01,0.0000,true,1,201373
7290117561997,true,קופון ציפר,,,קופון ציפר,Unknown,0.00,Unknown,false,1,0.01,0.0000,true,1,201374
7290117562000,true,קופון ציפר,,,קופון ציפר,Unknown,0.00,Unknown,false,1,0.01,0.0000,true,1,201375
7290117562017,true,קופון ציפר,,,קופון ציפר,Unknown,0.00,Unknown,false,1,0.01,0.0000,true,1,201376
7290117562024,true,קופון ציפר,,,קופון ציפר,Unknown,0.00,Unknown,false,1,0.01,0.0000,true,1,201377
7290117562031,true,קופון ציפר,,,קופון ציפר,Unknown,0.00,Unknown,false,1,0.01,0.0000,true,1,201378
7290117562048,true,קופון ציפר,,,קופון ציפר,Unknown,0.00,Unknown,false,1,0.01,0.0000,true,1,201379
7290117562055,true,קופון ציפר,,,קופון ציפר,Unknown,0.00,Unknown,false,1,0.01,0.0000,true,1,201380
7290117562062,true,קופון ציפר,,,קופון ציפר,Unknown,0.00,Unknown,false,1,0.01,0.0000,true,1,201381
7290117562079,true,קופון ציפר,,,קופון ציפר,Unknown,0.00,Unknown,false,1,0.01,0.0000,true,1,201382
7290117562086,true,קופון ציפר,,,קופון ציפר,Unknown,0.00,Unknown,false,1,0.01,0.0000,true,1,201383
7290117562093,true,קופון ציפר,,,קופון ציפר,Unknown,0.00,Unknown,false,1,0.01,0.0000,true,1,201384
7290117562109,true,קופון ציפר,,,קופון ציפר,Unknown,0.00,Unknown,false,1,0.01,0.0000,true,1,201385
7290117562116,true,קופון ציפר,,,קופון ציפר,Unknown,0.00,Unknown,false,1,0.01,0.0000,true,1,201386
7290117562123,true,קופון ציפר,,,קופון ציפר,Unknown,0.00,Unknown,false,1,0.01,0.0000,true,1,201387
7290117562154,true,קופון ציפר,,,קופון ציפר,Unknown,0.00,Unknown,false,1,0.01,0.0000,true,1,201412
7290117562161,true,קופון ציפר,,,קופון ציפר,Unknown,0.00,Unknown,false,1,0.01,0.0000,true,1,204473
7290117562178,true,קופון ציפר,,,קופון ציפר,Unknown,0.00,Unknown,false,1,0.01,0.0000,true,1,204474
7290117562185,true,קופון ציפר,,,קופון ציפר,Unknown,0.00,Unknown,false,1,0.01,0.0000,true,1,204475
7290117562192,true,קופון ציפר,,,קופון ציפר,Unknown,0.00,Unknown,false,1,0.01,0.0000,true,1,204476
7290117562208,true,קופון ציפר,,,קופון ציפר,Unknown,0.00,Unknown,false,1,0.01,0.0000,true,1,201941
7290117562215,true,קופון ציפר,,,קופון ציפר,Unknown,0.00,Unknown,false,1,0.01,0.0000,true,1,201942
7290117562222,true,קופון ציפר,,,קופון ציפר,Unknown,0.00,Unknown,false,1,0.01,0.0000,true,1,201943
7290117562239,true,קופון ציפר,,,קופון ציפר,Unknown,0.00,Unknown,false,1,0.01,0.0000,true,1,201944
7290117562246,true,קופון ציפר,,,קופון ציפר,Unknown,0.00,Unknown,false,1,0.01,0.0000,true,1,201945
7290117562253,true,קופון ציפר,,,קופון ציפר,Unknown,0.00,Unknown,false,1,0.01,0.0000,true,1,201946
7290117562260,true,קופון ציפר,,,קופון ציפר,Unknown,0.00,Unknown,false,1,0.01,0.0000,true,1,201947
7290117562277,true,קופון ציפר,,,קופון ציפר,Unknown,0.00,Unknown,false,1,0.01,0.0000,true,1,201948
7290117562284,true,קופון ציפר,,,קופון ציפר,Unknown,0.00,Unknown,false,1,0.01,0.0000,true,1,201949
7290117562291,true,קופון ציפר,,,קופון ציפר,Unknown,0.00,Unknown,false,1,0.01,0.0000,true,1,201950
7290117562321,true,קופון ציפר,,,קופון ציפר,Unknown,0.00,Unknown,false,1,0.01,0.0000,true,1,201992
7290117562338,true,קופון ציפר,,,קופון ציפר,Unknown,0.00,Unknown,false,1,0.01,0.0000,true,1,201953
7290117562345,true,קופון ציפר,,,קופון ציפר,Unknown,0.00,Unknown,false,1,0.01,0.0000,true,1,201954
7290117562352,true,קופון ציפר,,,קופון ציפר,Unknown,0.00,Unknown,false,1,0.01,0.0000,true,1,201955
7290117562369,true,קופון ציפר,,,קופון ציפר,Unknown,0.00,Unknown,false,1,0.01,0.0000,true,1,201956
7290117562376,true,קופון ציפר,,,קופון ציפר,Unknown,0.00,Unknown,false,1,0.01,0.0000,true,1,201957
7290117562383,true,קופון ציפר,,,קופון ציפר,Unknown,0.00,Unknown,false,1,0.01,0.0000,true,1,201959
7290117562390,true,קופון ציפר,,,קופון ציפר,Unknown,0.00,Unknown,false,1,0.01,0.0000,true,1,201960
7290117562406,true,קופון ציפר,,,קופון ציפר,Unknown,0.00,Unknown,false,1,0.01,0.0000,true,1,201961
7290117562413,true,קופון ציפר,,,קופון ציפר,Unknown,0.00,Unknown,false,1,0.01,0.0000,true,1,201962
7290117562420,true,קופון ציפר,,,קופון ציפר,Unknown,0.00,Unknown,false,1,0.01,0.0000,true,1,201963
7290117562437,true,קופון ציפר,,,קופון ציפר,Unknown,0.00,Unknown,false,1,0.01,0.0000,true,1,201964
7290117562444,true,קופון ציפר,,,קופון ציפר,Unknown,0.00,Unknown,false,1,0.01,0.0000,true,1,201965
7290117562451,true,קופון ציפר,,,קופון ציפר,Unknown,0.00,Unknown,false,1,0.01,0.0000,true,1,201966
7290117562475,true,קופון ציפר,,,קופון ציפר,Unknown,0.00,Unknown,false,1,0.01,0.0000,true,1,201968
7290117562482,true,קופון ציפר,,,קופון ציפר,Unknown,0.00,Unknown,false,1,0.01,0.0000,true,1,201970
7290117562505,true,קופון ציפר,,,קופון ציפר,Unknown,0.00,Unknown,false,1,0.01,0.0000,true,1,201972
7290117562512,true,קופון ציפר,,,קופון ציפר,Unknown,0.00,Unknown,false,1,0.01,0.0000,true,1,201973
7290117562536,true,קופון ציפר,,,קופון ציפר,Unknown,0.00,Unknown,false,1,0.01,0.0000,true,1,201975
7290117562550,true,קופון ציפר,,,קופון ציפר,Unknown,0.00,Unknown,false,1,0.01,0.0000,true,1,201977
7290117568507,false,קופון ציפר,,,קופון ציפר,Unknown,1.00,Unknown,false,1,0.01,0.0100,true,1,207142
7290117569061,false,קופון ציפר,,,קופון ציפר,Unknown,0.00,Unknown,false,1,0.01,0.0000,true,1,207217
7290117569108,false,קופון ציפר,,,קופון ציפר,Unknown,0.00,Unknown,false,1,0.01,0.0000,true,1,207221
7290117569320,true,קופון ציפר,,,קופון ציפר,Unknown,0.00,Unknown,false,1,0.01,0.0000,true,1,208475
7290117569672,true,קופון ציפר,,,קופון ציפר,Unknown,0.00,Unknown,false,1,0.01,0.0000,true,1,208476
7290165456412,false,לחם ליטאי עם תוספות,ארדי שיווק וסיטונאות,,"לחם ליטאי עם תוספות 1.1 ק""ג",גרמים,1100.00,100 גרם,false,1,16.90,1.5364,true,1,176807
7290166887215,false,לחם שיפון מיוחד פרוס,,,לחם שיפון מיוחד פרוס 350 גר,גרמים,350.00,100 גרם,false,1,9.90,2.8286,true,1,201709
7290166887239,false,לחם שיפון מיוחד גרעי,,,לחם שיפון מיוחד גרעיני חמניות פרוס 350 ג,גרמים,350.00,100 גרם,false,1,11.90,3.4000,true,1,201710
7290207474831,false,וופל בסיס לעוגה,,,וופל בסיס לעוגה,Unknown,0.00,Unknown,false,1,13.90,0.0000,true,1,173900
7290900010367,false,טורטייה שמינייה משקל נקי 360 ג' Avel,Turka Invest,PL,טורטייה אבאל שמינייה,גרמים,360.00,100 גרם,false,1,8.90,2.4722,true,1,184230
7296150000028,false,עלי גפן ממולאים באור,אקמר,,עלי גפן ממולאים 425 גר,גרמים,425.00,100 גרם,false,12,14.90,3.5059,true,1,181546
7297488098169,false,דגש קמח תירס ללא גלו,תבליני העליון 2007 ב,IL,קמח תירס דגש 500 גר,גרמים,500.00,100 גרם,false,15,8.90,1.7800,true,1,187621
7297488098305,false,קמח שקדים ללא גלוטן,תות תעשיות מזון (201,IL,קמח שקדים דגש 250 גר,גרמים,250.00,100 גרם,false,1,24.90,9.9600,true,1,187624
7312040017683,false,וודקה אבסולוט בקבוק,חברת אבסולוט,SE,וודקה אבסולוט 0.7 ל,מיליליטרים,700.00,"100 מ""ל",false,1,69.90,9.9857,true,1,176750
7393714369208,false,סיידר פירות יער קופר,לני אנד לארי,UA,"סיידר קופרברג פירות יער 330 מ""ל",מיליליטרים,330.00,"100 מ""ל",false,12,8.90,2.6970,true,1,187875
7393714507020,false,סיידר תות ליים קופרב,BEVERAGES FOODS & SE,UA,"סיידר קופרברג תות ליים 330 מ""ל",מיליליטרים,330.00,"100 מ""ל",false,12,9.90,3.0000,true,1,187871
7393714508102,false,סיידר קופרברג אגסים,BEVERAGES FOODS & SE,UA,"סיידר קופרברג אגסים 330 מ""ל",מיליליטרים,330.00,"100 מ""ל",false,12,9.90,3.0000,true,1,187870
7393714509604,false,סיידר קופרברג תפוח ב,BEVERAGES FOODS & SE,UA,"סיידר קופרברג תפוח 330 מ""ל",מיליליטרים,330.00,"100 מ""ל",false,12,9.90,3.0000,true,1,187872
7441000720605,false,לבבות דקל בצנצנת 410,אינקופלמיטו אס. אי,EC,לבבות דקל 410 גר,גרמים,410.00,100 גרם,false,1,17.90,4.3659,true,1,193368
7501013101348,false,"נקטר 100% JUMEX מנגו 473 מ""ל",חומקס קומר קומרסאליז,MX,"נקטר גומקס מנגו 473 מ""ל",מיליליטרים,473.00,"100 מ""ל",false,12,8.90,1.8816,true,1,189822
7501013101355,false,"נקטר אפרסק ג'ומקס 473 מ""ל",חומקס קומר קומרסאליז,MX,"נקטר גומקס אפרסק 473 מ""ל",מיליליטרים,473.00,"100 מ""ל",false,12,8.90,1.8816,true,1,189820
7501013101393,false,"נקטר 100% JUMEX אננס 473 מ""ל",חומקס קומר קומרסאליז,MX,"משקה גומקס אננס 473 מ""ל",מיליליטרים,473.00,"100 מ""ל",false,12,8.90,1.8816,true,1,189821
7501013122039,false,ג'ומקס מיץ מנגו קרטונית ליטר תריסר,חומקס קומר קומרסאליז,MX,נקטר גיומקס מנגו קרטונית 1 ל,ליטרים,1.00,ליטר,false,12,9.90,9.9000,true,1,189828
7501013122053,false,ג'ומקס מיץ אפרסק קרטונית ליטר תריסר,חומקס קומר קומרסאליז,MX,נקטר גיומקס אפרסק קרטונית 1 ל,ליטרים,1.00,ליטר,false,12,9.90,9.9000,true,1,189826
7501013122114,false,"נקטר משקה אננס בקרטונית ג'ומקס, 1 ל'",חומקס קומר קומרסאליז,MX,משקה גיומקס אננס קרטונית 1 ל,ליטרים,1.00,ליטר,false,12,9.90,9.9000,true,1,189827
7501013122190,false,ג'ומקס מיץ תפוחים קרטונית ליטר תריסר,חומקס קומר קומרסאליז,MX,משקה גיומקס תפוחים קרטונית 1 ל,ליטרים,1.00,ליטר,false,12,9.90,9.9000,true,1,189830
7501013122992,false,ג'ומקס מיץ קוקוס אננס קרטונית ליטר תריסר,חומקס קומר קומרסאליז,MX,משקה גיומקס קוקוס אננס קרטונית 1 ל,ליטרים,1.00,ליטר,false,12,9.90,9.9000,true,1,189829
7501013138047,false,ג'ומקס פרסקו רימונים קרטונית ליטר תריסר,COMERCIALIZADORA ELO,,נקטר יוניקו פרסקו רמונים 1ל,ליטרים,1.00,ליטר,false,1,9.90,9.9000,true,1,178479
7501013138184,false,יוניקו פרסקו משקה חמוציות קרטונית 1 ל',חומקס קומר קומרסאליז,MX,נקטר יוניקו פרסקו חמוציות 1ל,ליטרים,1.00,ליטר,false,1,9.90,9.9000,true,1,178478
7501035042131,false,טקילה קוארבו גולד 70,,,"טקילה קוארבו גולד 700 מ""ל",מיליליטרים,700.00,"100 מ""ל",false,1,89.90,12.8429,true,1,182838
7501049936945,false,"שישיית בירה סול 330 מ""ל",היינקן,NL,שישיית בירה סול 0.33,ליטרים,1.98,ליטר,false,1,39.90,20.1515,true,1,174871
7501064191398,false,שישיית בירה קורונה אקסטרא *355 מל,קריניציה ויטמינה אס,MX,"בירה קורונה 355 מ""ל שישייה",מיליליטרים,2130.00,"100 מ""ל",false,1,34.90,1.6385,true,1,188809
7502231540858,false,שמרים בוואקום 500 גר,,,שמרים 500 גר,גרמים,500.00,100 גרם,false,1,13.90,2.7800,true,1,181262
7509546061160,false,"משחת שיניים לילדים מיניונים 2-5 75 מ""ל קולגייט",CP UK,MX,משחת שיניים קולגייט לילדים מיניונים 2-5,מיליליטרים,75.00,"100 מ""ל",false,1,14.90,19.8667,true,1,198691
7509546063515,false,ליידי ספיד סטיק -סטיק פרו 5 ספריי 150 מל,קולגייט פלמוליב,BY,ליידי ספיד סטיק פרו 5 ספריי 150 מל,מיליליטרים,150.00,"100 מ""ל",false,12,14.90,9.9333,true,1,208607
7509546666846,false,"קולגייט טוטאל משחת שיניים פחם 75 מ""ל",קולגייט פלמוליב,MX,משחת שיניים קולגייט טוטל פחם 75 מל,מיליליטרים,75.00,"100 מ""ל",false,48,19.90,26.5333,true,1,197759
7509546678702,false,קולגייט משחת שיניים טוטל אנטי טרטר 100 מ,קולגייט-פלמוליב,BR,משחת שיניים טוטאל אנטי טרטר 100 מל,מיליליטרים,100.00,"100 מ""ל",false,48,15.90,15.9000,true,1,206268
7610113000175,false,בקרדי מוחיטו 700 מל,בקרדי מרטיני,DE,"בקרדי מוחיטו 700 מ""ל",מיליליטרים,700.00,"100 מ""ל",false,1,74.90,10.7000,true,1,185098
7610113011652,false,"בקרדי בריזר תפוח 275 מ""ל בקבוק",בקרדי בריזר Bacardi Breezer,BE,בקרדי בריזר תפוח בק 275 מל,מיליליטרים,275.00,"100 מ""ל",false,24,14.90,5.4182,true,1,192366
7610243004463,false,"דורגול - מרסס להסרת אבנית במקלחון 600 מ""ל",יעקבי- דורגול Durgol,CH,"מסיר אבנית דורגול 500 מ""ל",מיליליטרים,500.00,"100 מ""ל",false,1,19.90,3.9800,true,1,183012
7610400010481,false,שוקולד לינדט אקסלנס,לינדט Lindt,FR,"שוקולד ""לינדט אקסלנס",גרמים,100.00,100 גרם,false,20,15.90,15.9000,true,1,174872
7610400014649,false,שוקולד חלב במילוי קרם רך,לינדט ושפרונגלי,CH,"שוקולד ""לינדור"" חלב",גרמים,100.00,100 גרם,false,1,15.90,15.9000,true,1,174874
7610400070577,false,שוקולד מריר אקסלנס עם צ'ילי,לינדט Lindt,CH,"שוקולד ""לינדט אקסלנס",גרמים,100.00,100 גרם,false,1,15.90,15.9000,true,1,178379
7610400074155,false,שוקולד מריר במילוי קרם,"לינדט ושפרונגלי, CH-",CH,"שוקולד ""לינדור"" בודד",גרמים,100.00,100 גרם,false,1,15.90,15.9000,true,1,174878
7610400075770,false,שוקולד מריר עם אגוזי לוז שלמים,לינדט ושפרונגלי,CH,שוקולד לינדט לה גרנד מריר אגוזים 150 גר,גרמים,150.00,100 גרם,false,1,24.90,16.6000,true,1,174879
7610400075787,false,שוקולד חלב עם אגוזי לוז שלמים,"לינדט ושפרונגלי, קיל",CH,"שוקולד ""לינדט"" לה גרנד 150 גר",גרמים,150.00,100 גרם,false,1,24.90,16.6000,true,1,174880
7610400086202,false,שוקולד מריר לה גרנד עם אוכמניות וחמוציות,לינדט Lindt,,שוקולד לינדט לגרנד בלו 150 גר,גרמים,150.00,100 גרם,false,1,24.90,16.6000,true,1,183731
7610400091060,false,שוקולד מריר לינדט אקסלנס בתוספת תפוז ושקדים,לינדט ושפרונגלי,,שוקולד לינדט אקסלנס אורנג 100 גר,גרמים,100.00,100 גרם,false,1,15.90,15.9000,true,1,192344
7613030979647,false,דגני בוקר טריקס פירות עולם היורה 480 ג',ג'נרל מילס סאן אדריא,IL,דגני בוקר טריקס 480 גר,גרמים,480.00,100 גרם,false,1,21.90,4.5625,true,1,184873
7613032045753,false,פיטנס - דגני בוקר שוקולד 375 גרם,נסטלה צרפת איטנקורט,FR,פיטנס שוקולד,גרמים,375.00,100 גרם,false,1,19.90,5.3067,true,1,174888
7613033548192,false,פיטנס - דגני בוקר שוקולד מריר 375 גרם,נסטלה צרפת איטנקורט,FR,"דגני בוקר ""פיטנס"" שו",גרמים,375.00,100 גרם,false,1,19.90,5.3067,true,1,174889
7613033635571,false,פורינה וואן - חתול סטרילייז סלמון 800 גרם,פורינה Purina,US,אוכל חתולים פורינה ONE לסטרילייז סלמון,גרמים,800.00,100 גרם,false,8,39.90,4.9875,true,1,190385
7613035027022,false,מזון לכלבים קטנים גורים פורינה ONE,פורינה Purina,,אוכל כלבים מיני פורינה ONE גור עוף 800 ג,גרמים,800.00,100 גרם,false,8,34.90,4.3625,true,1,190388
7613035379794,false,דנטלייף חטיף דנטלי לכלבים מגזע בינוני - 4 יחידות,פורינה Purina,US,דנטלייף גזע בינוני 115 גר,גרמים,115.00,100 גרם,false,1,14.90,12.9565,true,1,200830
7613035548374,false,דגני בוקר גולדן מיניס מחיטה מלאה ותירס,נסטלה צרפת איטנקורט,FR,דגני בוקר גולדן מיניס 570 גר,גרמים,570.00,100 גרם,false,1,21.90,3.8421,true,1,179779
7613035807778,false,פרפקטו רוטב עגבניות לבולונז 400 ג' אסם,אסם פרפקטו Perfecto,ES,רוטב עגבניות פרפקטו לבולונז 400 גר,גרמים,400.00,100 גרם,false,1,8.90,2.2250,true,1,180829
7613035809109,false,פרפקטו רוטב עגבניות ובזיליקום 400 ג'אסם,אסם פרפקטו Perfecto,ES,רוטב פרפקטו עגבניות ובזיליקום 400 גר,גרמים,400.00,100 גרם,false,1,8.90,2.2250,true,1,180832
7613035809857,false,פרפקטו רוטב עגבניות לפסטה ולבישול 400 ג' אסם,אסם פרפקטו Perfecto,ES,רוטב עגבניות פרפקטו לפסטה 400 גר,גרמים,400.00,100 גרם,false,1,8.90,2.2250,true,1,180830
7613036105637,false,"דוגלי עוף לכלבים בוגרים 12 ק""ג",נסטלה פורינה באק הונ,,אוכל לכלבים דוגלי 12 קג,קילוגרמים,12.00,"ק""ג",false,1,119.90,9.9917,true,1,183199
7613036105651,false,"דוגלי בקר לכלבים בוגרים 12 ק""ג",נסטלה פורינה באק הונ,,אוכל לכלבים דוגלי 12 קג,קילוגרמים,12.00,"ק""ג",false,1,119.90,9.9917,true,1,183200
7613036251389,false,"דוגלי בקר לכלבים פעילים 12 ק""ג",נסטלה פורינה באק הונ,,"אוכל לכלבים דוגלי אקטיב 12 ק""ג",קילוגרמים,12.00,"ק""ג",false,1,119.90,9.9917,true,1,184436
7613036725309,false,דנטלייף חטיף דנטלי לחתול בטעם עוף,פורינה Purina,US,דנטלייף חתול בטעם עוף 140 גר,גרמים,140.00,100 גרם,false,1,10.90,7.7857,true,1,200831
7613036737623,false,דגני בוקר קראנץ מקס,,,דגני בוקר קראנץ מקס 450 גר,גרמים,450.00,100 גרם,false,1,21.90,4.8667,true,1,186594
7613036760195,true,קפסולות דולצה גוסטו,ארבלה,,קפסולות דולצה גוסטו אספרס 112 גר,גרמים,112.00,100 גרם,false,1,28.90,25.8036,true,1,187920
7613036867870,true,קפסולות דולצה גוסטו,ארבלה,,קפסולות דולצה גוסטו אספרס בריסטה 112 גר,גרמים,112.00,100 גרם,false,3,28.90,25.8036,true,1,187921
7613036976695,false,פריסקיז - פאוץ בקר ברוטב 85 גרם,נסטלה פורינה הונגריה,HU,מזון לחתולים פריסקיז פאוצ בקר 85 גר,גרמים,85.00,100 גרם,false,26,4.90,5.7647,true,1,193492
7613037012200,false,גרבר - מחית תפוח מנגו גזר פאוץ 90 גרם,כלורוקס אוקלנד,ES,"מחית תפו""ע מנגו גזר פאוץ 90 גר",גרמים,90.00,100 גרם,false,16,5.90,6.5556,true,1,191380
7613037686906,false,פיטנס - דגני בוקר שקדים ודבש 355 גרם,נסטלה צרפת איטנקורט,FR,פיטנס שקדים ודבש 355 גר,גרמים,355.00,100 גרם,false,1,19.90,5.6056,true,1,190999
7613038268262,false,דגני בוקר צ'יריוס דבש ושקדים במתיקות מעודנת,נסטלה פולין דגני בוק,FR,האני נאט ציריוס 410 גר,גרמים,410.00,100 גרם,false,14,19.90,4.8537,true,1,192214
7613039547731,false,גרבר - מחית תפוח משמש פאוץ 90 גרם,כלורוקס אוקלנד,IL,"מחית תפו""ע משמש פאוץ 90 גר",גרמים,90.00,100 גרם,false,16,5.90,6.5556,true,1,193718
7613039770450,false,סנסשיונל בורגר טבעול 226 ג',ג'נרל מילס סאן אדריא,IL,טבעול סנסשיונל בורגר 226 גר,גרמים,226.00,100 גרם,false,10,29.90,13.2301,true,1,193975
7613039771174,false,טחון צמחוני סנסשיונל מינס,ג'נרל מילס סאן אדריא,IL,טבעול טחון צמחוני 400 גר,גרמים,400.00,100 גרם,false,6,29.90,7.4750,true,1,193976
7613039879382,false,גרבר - מחית תפוחי עץ 190 גרם,מטרנה,PL,"גרבר מחית תפו""ע 190 גר",גרמים,190.00,100 גרם,false,12,6.90,3.6316,true,1,196188
7613039881521,false,גרבר - מחית מנגו 190 גרם,נסטלה פולסקה אס.איי,PL,גרבר מחית מנגו 190 גר,גרמים,190.00,100 גרם,false,12,6.90,3.6316,true,1,195795
7613039881965,false,גרבר מחית גזר תפוח ומנגו 190 גר',נסטלה פולסקה אס.איי,PL,גרבר מחית תפוח מנגו 190 גר,גרמים,190.00,100 גרם,false,12,6.90,3.6316,true,1,195797
7613287008497,false,סטארבקס - פולי קפה פייק פלייס 450 גרם,Unknown,IL,סטארבקס פולי קפה פייק פלייס 450 גר,גרמים,450.00,100 גרם,false,1,49.90,11.0889,true,1,196893
7613287155832,false,מטרנה מחית תפוח פאוץ' 90 גר',כלורוקס אוקלנד,IL,"מחית תפו""ע פאוץ 90 גר",גרמים,90.00,100 גרם,false,16,5.90,6.5556,true,1,196474
7613287155863,false,מטרנה מחית אגס פאוץ' 90 גר',גרבר Gerber,IL,מחית אגס פאוץ 90 גר,גרמים,90.00,100 גרם,false,16,5.90,6.5556,true,1,196475
7613287155894,false,"גרבר - מחית אפרסק כל""פ פאוץ 90 גרם",גרבר Gerber,IL,מחית אפרסק פאוץ 90 גר,גרמים,90.00,100 גרם,false,16,5.90,6.5556,true,1,196473
7613287155924,false,מטרנה מחית תפוח וגזר פאוץ' 90 גר',גרבר Gerber,IL,מחית תפוח גזר פאוץ 90 גר,גרמים,90.00,100 גרם,false,16,5.90,6.5556,true,1,196476
7613287181411,false,מחית סלט פירות ויטמינצ'יק 110 ג',"טרופיקל דגיל בע""מ אז",IL,מחית ויטמינציק סלט פירות 110 גר,גרמים,110.00,100 גרם,false,1,5.90,5.3636,true,1,198989
7613287182326,false,מחית בננה תפוח ויטמינצ'יק 110 ג',"נסטלה ספרד ס.א, מפעל",ES,מחית ויטמינציק בננה תפוח 110 גר,גרמים,110.00,100 גרם,false,1,5.90,5.3636,true,1,198986
7613287182357,false,מחית אגס תפוח ופירות יער ויטמינצ'יק 110 ג',נסטלה,ES,מחית ויטמינציק אגס תפוח פירות יער 110 גר,גרמים,110.00,100 גרם,false,1,5.90,5.3636,true,1,198990
7613287182425,false,מחית בננה תפוח ותות ויטמינצ'יק 110 ג',"טרופיקל דגיל בע""מ אז",IL,מחית ויטמינציק בננה תפוח ותות 110 גר,גרמים,110.00,100 גרם,false,1,5.90,5.3636,true,1,198987
7613287182456,false,מחית אגס תפוח בננה ויטמינצ'יק 110 ג',"נסטלה ספרד ס.א, מפעל",ES,מחית ויטמינציק בננה תפוח ואגס 110 גר,גרמים,110.00,100 גרם,false,1,5.90,5.3636,true,1,198988
7613287186928,false,קפסולות סטארבקס ברקפסט רוסט 12 יח',נסטלה שוויץ - קפה,CH,קפסולות סטארבקס ברקפסט רוסט 56 גר,גרמים,56.00,100 גרם,false,12,21.90,39.1071,true,1,198287
7613287302373,false,קפסולות סטארבקס איטלאן סטייל רוסט 57*10גר',נסטלה שוויץ - קפה,IL,קפסולות סטארבקס רוסט 56 גרם,גרמים,56.00,100 גרם,false,12,21.90,39.1071,true,1,196866
7613287325808,false,אוסם - דיפ אנד ספרד מטבל איולי שום 295 גרם,נסטלה פולין,PL,רוטב איולי שום לחיץ אסם 295 גר,גרמים,295.00,100 גרם,false,1,12.90,4.3729,true,1,199773
7613287325952,false,אוסם - דיפ אנד ספרד מטבל ברבקיו 345 גרם,דפטונה פולין,PL,רוטב ברביקיו לחיץ 345 גר,גרמים,345.00,100 גרם,false,1,12.90,3.7391,true,1,199781
7613287394323,false,אסם מולטי צ'יריוס 14*600 גרם 2021,פרומבראפ - אנגליה,GB,דגני בוקר מולטי ציריוס 600 גר,גרמים,600.00,100 גרם,false,14,21.90,3.6500,true,1,198284
7613287476678,false,דגני בוקר סינימיניס צ'ורוס נסטלה 360 ג',נסטלה אוונקה,PT,דגני בוקר סיני מיניס צורוס 360 גר,גרמים,360.00,100 גרם,false,12,21.90,6.0833,true,1,198743
7613287821348,false,נתחוני עוף טבעוני סנסשיונל טבעול 350 ג',ג'נרל מילס סאן אדריא,CZ,נתחוני עוף טבעוני סנסשיונל 350 גר,גרמים,350.00,100 גרם,false,6,33.90,9.6857,true,1,198745
7614500010013,false,טובלרון - שוקולד חלב קלאסי 100 גרם,,,"טובלרון חלב 100 ג""ר",גרמים,100.00,100 גרם,false,1,9.90,9.9000,true,1,174890
7614500035788,false,טובלרון שוקולד חלב 200 גרם,טובלרון,,שוקולד חלב טובלרון 200 גר,גרמים,200.00,100 גרם,false,1,14.90,7.4500,true,1,179342
7622201050757,false,שוקולד מילקה טבלת חלב עם קרמל 100 ג',מילקה Milka,,"שוקולד ""מילקה"" חלב ע",גרמים,100.00,100 גרם,false,1,5.90,5.9000,true,1,174893
7622201098452,false,מילקה - שוקולד חום לבן 100 גרם,מונדלייז,DE,שוקולד מילקה הפי קאו 100 גר,גרמים,100.00,100 גרם,false,1,5.90,5.9000,true,1,208994
7622201098483,false,שוקולד מילקה חלב מיל,,,שוקולד מילקה חלב מילוי קרם אוורירי 90,גרמים,90.00,100 גרם,false,1,5.90,6.5556,true,1,208995
7622201401900,false,עוגיות מילקה סנסיישן אוראו 156 גר',מונדלז פולסקה פרודקש,PL,עוגיות סנסיישן אוראו מילקה 156 גר,גרמים,156.00,100 גרם,false,1,9.90,6.3462,true,1,194183
7622201502515,false,מילקה - עוגיות קוקי לופ 132 גרם,גיורי קייקס קייאפטי,HU,עוגיות מילקה קוקי לופ 132 גר,גרמים,132.00,100 גרם,false,12,9.90,7.5000,true,1,199509
7622201801809,false,מילקה- שוק' חלב עם אגוזים 100 גר' חדש,מנדלז דויצ'לנד סנקס,DE,שוקולד מילקה חלב שברי אגוזים 100 גר,גרמים,100.00,100 גרם,false,1,5.90,5.9000,true,1,198414
7622201802394,false,שוקולד מילקה טבלה חלב 100 ג',מנדלז דויצ'לנד סנקס,DE,שוקולד חלב מילקה 100 גר,גרמים,100.00,100 גרם,false,1,5.90,5.9000,true,1,198412
7622201808631,false,מיני עוגיות אוראו במילוי קרם בטעם וניל,פי.טי. מונדלז אינדונ,ID,מיני עוגיות אוראו בטעם וניל בכוס 67 גר,גרמים,67.00,100 גרם,false,1,5.90,8.8060,true,1,198416
7622201813390,false,וופל במילוי קרם קקאו בציפוי שוקולד חלב,מונדליז סי.אר. ביסקו,,וופל מילקה במילוי קרם קקאו 150 גר,גרמים,150.00,100 גרם,false,1,9.90,6.6000,true,1,197201
7622201819170,false,שוקולד דארק שקדים מילקה 85 ג',מונדלז דויטשלנד סנאק,DE,שוקולד מילקה דארק שקדים 85 גר,גרמים,85.00,100 גרם,false,1,6.90,8.1176,true,1,199513
7622201819552,false,שוקולד מילקה דארק 85,מונדלז דויטשלנד סנאק,DE,שוקולד מילקה דארק 85 גר,גרמים,85.00,100 גרם,false,1,6.90,8.1176,true,1,199512
7622210078131,false,מילקה שוקולד חלב במילוי קרם שמנת 100 ג',מנדלז דויצ'לנד סנקס,DE,מילקה שוקולד חלב עם דאיים 100 גר,גרמים,100.00,100 גרם,false,1,5.90,5.9000,true,1,182612
7622210117762,false,"קוטדור בונבונירה בושה, 200 גרם כשל""פ",קראפט,,בונ קוטדור 200 גר,גרמים,200.00,100 גרם,false,12,17.90,8.9500,true,1,195270
7622210137234,false,עוגיות אוראו עם דאבל קרם וניל 170 ג',אוראו Oreo,,עוגיות אוראו עם דאבל קרם וניל 170 גר,גרמים,170.00,100 גרם,false,1,8.90,5.2353,true,1,180965
7622210163899,false,שוקולד חלב במילוי סוכריות עדשים,מונדלז דויצ'לנד סנקס,DE,שוקולד חלב מילקה עם עדשים 100 גר,גרמים,100.00,100 גרם,false,1,5.90,5.9000,true,1,181322
7622210229502,false,שוקולד קוטדור בושה מ,,BE,שוקולד קוטדור בושה מיני 1 קג,קילוגרמים,1.00,"ק""ג",false,1,79.90,79.9000,true,1,207368
7622210262202,false,שוקולד מילקה אוראו 1,,,שוקולד מילקה אוראו 100 גר,גרמים,100.00,100 גרם,false,1,5.90,5.9000,true,1,209446
7622210464729,false,"עוגיות אוראו גולדן, 154 גרם",אוראו Oreo,UA,עוגיות אוראו גולדן 154 גר,גרמים,154.00,100 גרם,false,16,7.90,5.1299,true,1,190542
7622210635105,false,"עוגיות אוראו תות, 154 גרם",מונדלז אספנה גאלטס פ,ES,עוגיות אוראו בטעם תות 154 גר,גרמים,154.00,100 גרם,false,1,7.90,5.1299,true,1,189359
7622210638021,false,מיני עוגיות אוראו קראנצ'י בייטס מצופים,מונדלז אספניה ג'לאטס,ES,עוגיות אוראו ביס קראנצי בציפוי שוקולד,גרמים,110.00,100 גרם,false,1,7.90,7.1818,true,1,194187
7622210690883,false,טבלאת שוקולד חלב מונדיאל 270 ג' מילקה,,,שוקולד מילקה מונדיאל 270 גר,גרמים,270.00,100 גרם,false,1,15.90,5.8889,true,1,208523
7622210835338,false,עוגיות אוראו בטעם בראוניז,מנדלז אספנה גאלטס פר,ES,עוגיות אוראו בראוניז 176 גר,גרמים,176.00,100 גרם,false,1,8.90,5.0568,true,1,185017
7622300107949,false,טובלרון שוקולד חלב ע,,,טובלרון צימוק 100 גר,גרמים,100.00,100 גרם,false,1,9.90,9.9000,true,1,192945
7622300200237,false,מילקה שוקולד חלב 250 גרם,מונדליז אוסטרייך פרו,AT,שוקולד חלב מילקה 250 גר,גרמים,250.00,100 גרם,false,1,14.90,5.9600,true,1,179341
7622300270506,false,מילקה גריינס - עוגיות שיבולת שועל מצופות שוקולד 168 ג',מונדלז פולסקה פרודקש,PL,"עוגיות ""מילקה גריינס",גרמים,168.00,100 גרם,false,1,9.90,5.8929,true,1,174894
7622300495046,false,מילקה אקסטרא קקאו 100 ג',מנדלז דויצ'לנד סנקס,DE,"שוקולד ""מילקה"" אקסטרה קקאו 100 גר",גרמים,100.00,100 גרם,false,1,5.90,5.9000,true,1,176328
7622300498429,false,טבלת שוקולד ממולא תות 100ג' מילקה,מונדלייז,DE,"שוקולד ""מילקה"" יוגורט תות 100 גר",גרמים,100.00,100 גרם,false,1,5.90,5.9000,true,1,176759
7622300617820,false,שוקלד מילקה טבלת חלב אוראו 100ג',מנדלז דויצ'לנד סנקס,DE,"שוקולד ""מילקה"" אוראו 100 גר",גרמים,100.00,100 גרם,false,1,5.90,5.9000,true,1,176327
7622300756383,false,ממרח גבינת עם שוקולד מילקה פילדלפיה 175 ג',מונדלייז,DE,ממרח גבינה פילדלפיה עם ממרח שוקולד מילקה,גרמים,175.00,100 גרם,false,1,14.90,8.5143,true,1,196533
7622300756413,false,גבינת פילדלפיה 20% שומן עם תבלינים 175 ג',מונדלז דויצ'לנד פרוד,DE,ממרח גבינה פילדלפיה עם תבלינים 20% 175 ג,גרמים,175.00,100 גרם,false,1,14.90,8.5143,true,1,185143
7622300761363,false,עוגיות אוראו מיני כוסות בטעם שוקו 67 ג',פי.טי. מונדלז אינדונ,ID,עוגיות מיני אוראו קרם שוקולד 67 גר,גרמים,67.00,100 גרם,false,1,5.90,8.8060,true,1,180863
7630477891592,false,קפסולות האוס בלנד לונגו עוצמה 8 - 10 יח',נסטלה שוויץ - קפה,CH,קפסולות סטארבקס האוס בלנד 57 גרם,גרמים,57.00,100 גרם,false,12,21.90,38.4211,true,1,193285
7630477891615,false,קפסולות קפה סומטרה עוצמה 10 - 10 יח',נסטלה שוויץ - קפה,IL,קפסולות סטארבקס סומטרה 55 גרם,גרמים,55.00,100 גרם,false,12,21.90,39.8182,true,1,193289
7630477891639,false,קפסולות קפה ורונה עוצמה 10 - 10 יח',נסטלה שוויץ - קפה,CH,קפסולות סטארבקס ורונה 55 גרם,גרמים,55.00,100 גרם,false,12,21.90,39.8182,true,1,193290
7630477891653,false,סטארבקס - קפסולות אספרסו נטול 57 גרם * 10,נסטלה שוויץ - קפה,IL,קפסולות סטארבקס אספרסו נטול 57 גרם,גרמים,57.00,100 גרם,false,12,21.90,38.4211,true,1,193286
7630477891677,false,קפסולות פייק פלייס לונגו עוצמה 7 - 10 יח',נסטלה שוויץ - קפה,IL,קפסולות סטארבקס פייק פלייס 53 גרם,גרמים,53.00,100 גרם,false,12,21.90,41.3208,true,1,193287
7630477891691,false,סטארבקס - קפסולות קולומביה 57 גרם * 10,נסטלה שוויץ - קפה,IL,קפסולות סטארבקס קולומביה 57 גרם,גרמים,57.00,100 גרם,false,12,21.90,38.4211,true,1,193291
7630477891714,false,סטארבקס - קפסולות אספרסו 57 גרם * 10,נסטלה שוויץ - קפה,CH,קפסולות סטארבקס אספרסו 57 גרם,גרמים,57.00,100 גרם,false,12,21.90,38.4211,true,1,193292
7630477891738,false,סטארבקס - קפסולות אספרסו בלונד 53 גרם * 10,נסטלה שוויץ - קפה,CH,קפסולות סטארבקס אספרסו בלונד 53 גרם,גרמים,53.00,100 גרם,false,12,21.90,41.3208,true,1,193288
7702018439348,false,מארז ידית + 8 סכיני גילוח פיוז'ן 5 להבים,ג'ילט Gillette,,מארז מכשיר ידני פיוזן + 8 סכינים,Unknown,0.00,Unknown,false,1,119.90,0.0000,true,1,183294
7702018471423,false,פיוזן רביעיות- סטארט גילט,פרןקטר אנד גמבל ברלי,PL,גילט פיוזן סטארט רביעייה,Unknown,0.00,Unknown,false,1,39.90,0.0000,true,1,190528
7702018539468,false,גילט ונוס תות- ידית ושלושה סכינים 5להבים מארז,,,מארז גילט ונוס תות ידית+3 סכינים,Unknown,0.00,Unknown,false,6,49.90,0.0000,true,1,198257
7702024074625,false,פיטנס - חטיפי קרקר חיטה מלאה 234 גרם,קומסטיבלס לה רוזה אס,CO,חטיפי קרקר פיטנס חיטה מלאה 234 גר,גרמים,234.00,100 גרם,false,1,10.90,4.6581,true,1,185452
7702024258322,false,"חטיפי קרקר עם חיטה מלאה, צ'יה וזרעי פשתן פיטנס",נסטלה Nestle,CO,קרקר פיטנס חטיפי ציה ופשתן 234 גר,גרמים,234.00,100 גרם,false,24,10.90,4.6581,true,1,194938
7702174068826,false,סוכריות לקקן במילוי טופי בטעמי יוגורט פירות,יוגטה yogueta,CO,לקקן יוגטה פירות 12 יח,Unknown,0.00,Unknown,false,1,8.90,0.0000,true,1,177600
7702174068833,false,סוכריות לקקן במילוי טופי בטעמי גלידת פירות,יוגטה yogueta,CO,לקקן יוגטה גלידה 12 יח,Unknown,0.00,Unknown,false,1,8.90,0.0000,true,1,177599
7702174073783,false,סוכריות על מקל בטעם קולה במילוי גומי לעיסה,הדקלאים אגודת שיתופי,CO,לקקן פין פופ קולה 10 יח,גרמים,180.00,100 גרם,false,1,8.90,4.9444,true,1,179790
7791875005353,false,ריבת חלב הוואנה 450,,,ריבת חלב הוואנה 450 גר,גרמים,450.00,100 גרם,false,1,18.90,4.2000,true,1,203168
7794450008053,false,יין קאטנה מלבק 750 מ,קאטנה זפאטה,,יין קאטנה מלבק 0.75 ל,מיליליטרים,750.00,"100 מ""ל",false,1,69.90,9.3200,true,1,176755
7794450008060,false,יין אלאמוס קברנה 750,קאטנה זפאטה,,יין קאטנה זאפאטה קברנה 0.75ל,מיליליטרים,750.00,"100 מ""ל",false,1,44.90,5.9867,true,1,176202
7794450008077,false,יין אלאמוס שרדנה 750,קאטנה זפאטה,,יין קאטנה זאפאטה שרדנה 0.75ל,מיליליטרים,750.00,"100 מ""ל",false,1,44.90,5.9867,true,1,177318
7794450008084,false,יין אלאמוס מאלבק 750,קאטנה זפאטה,,יין קאטנה זאפאטה מאלבק 0.75ל,מיליליטרים,750.00,"100 מ""ל",false,1,44.90,5.9867,true,1,176203
7798130463187,false,יין ארגנטו קלאסיק רו,,,יין ארגנטו קלאסיק רוזה יבש 750 מל,מיליליטרים,750.00,"100 מ""ל",false,1,39.90,5.3200,true,1,192102
7804414000860,false,יין דון חוליו קברנה סוביניון,לואיס פליפה אדוארדס,,קברנה דון חולין אדוא,מיליליטרים,750.00,"100 מ""ל",false,1,29.90,3.9867,true,1,175496
7804414000877,false,יין דון חוליו צרלו 7,לואיס פליפה אדוארדס,,יין מרלו דון חוליו א,מיליליטרים,750.00,"100 מ""ל",false,1,29.90,3.9867,true,1,175497
7804414001614,false,יין דון חוליו שיראז,לואיס פליפה אדוארדס,,דון חוליו שיראז,מיליליטרים,750.00,"100 מ""ל",false,1,29.90,3.9867,true,1,175499
7804414012344,false,יין סוביניון בלאן דו,לואיס פליפה אדוארדס,,דון חולין סוביניון בלאן,מיליליטרים,750.00,"100 מ""ל",false,1,29.90,3.9867,true,1,182715
7804414012351,false,יין דון חולין מלבק 7,לואיס פליפה אדוארדס,,יין דון חולין מלבק,מיליליטרים,750.00,"100 מ""ל",false,1,29.90,3.9867,true,1,182716
7860001950123,false,מפזר סוכר רשת נירוסטא,,,מפזר סוכר רשת נירוסטא,Unknown,0.00,Unknown,false,1,10.90,0.0000,true,1,207414
7860001951861,false,"מסנן רשת נילון 7 ס""מ",,,"מסנן רשת ניילון 7 ס""מ",Unknown,0.00,Unknown,false,1,4.90,0.0000,true,1,207400
7860001951878,false,מסנן רשת ניילון 16 ס,,,"מסנן רשת ניילון 16 ס""מ",Unknown,0.00,Unknown,false,1,14.90,0.0000,true,1,207401
7860001952370,false,סוגרים 15,,,סוגרים 15,Unknown,0.00,Unknown,false,1,9.90,0.0000,true,1,181566
7860001952752,false,כף עץ טיגון מחורר,,,כף עץ טיגון מחורר,Unknown,0.00,Unknown,false,1,8.90,0.0000,true,1,207411
7860001952769,false,כף עץ טיגון,,,כף עץ טיגון,Unknown,0.00,Unknown,false,1,8.90,0.0000,true,1,207410
7860001952783,false,סט 2 מסנן לכיור פטנט,,,סט 2 מסנן לכיור פטנט,Unknown,0.00,Unknown,false,1,10.90,0.0000,true,1,207398
7860001953360,false,מזרק קרם פיקאסו,,,מזרק קרם פיקאסו,Unknown,0.00,Unknown,false,1,14.90,0.0000,true,1,207397
7860001955869,false,כפפה למנגל,,,כפפה למנגל,Unknown,0.00,Unknown,false,1,24.90,0.0000,true,1,207380
7860001957177,false,סט 13 סוגרים גמבו,,,סט 13 סוגרים גמבו,Unknown,0.00,Unknown,false,1,9.90,0.0000,true,1,207420
7860001958457,false,סט 4 סכינים לסטייק,,,סט 4 סכינים לסטייק,Unknown,0.00,Unknown,false,1,16.90,0.0000,true,1,207421
7860001958839,false,טיימר פורטונה,,,טיימר פורטונה,Unknown,0.00,Unknown,false,1,24.90,0.0000,true,1,207377
7860001962522,false,פומפיה פרמיום גוסטו,,,פומפיה פרמיום גוסטו,Unknown,0.00,Unknown,false,1,19.90,0.0000,true,1,207423
7860001962546,false,חותך ביצים גוסטו,,,חותך ביצים גוסטו,Unknown,0.00,Unknown,false,1,15.90,0.0000,true,1,207376
7860001962577,false,סט 2 משפך גוסטו,,,סט 2 משפך גוסטו,Unknown,0.00,Unknown,false,1,9.90,0.0000,true,1,207419
7860001962744,false,קולב הדבקה 4 מתלים,,,קולב הדבקה 4 מתלים,Unknown,0.00,Unknown,false,1,9.90,0.0000,true,1,207426
7891024030974,false,"קולגייט משחת שיניים טריפל אקשן 75 מ""ל",הנסיך- מפעל לייצור ט,BR,"משחת שיניים קולגייט טריפל אקשן 75 מ""ל",מיליליטרים,75.00,"100 מ""ל",false,1,6.90,9.2000,true,1,180165
7891024124826,false,קולגייט משחת אופטיק ספרקלינג וייט 75מל,הנסיך- מפעל לייצור ט,BR,"משחת שיניים ""קולגייט"" אופטיק וייט 75 מל",מיליליטרים,75.00,"100 מ""ל",false,1,19.90,26.5333,true,1,177336
7896259417293,false,סוכריות קרמל אורגינל,,,סוכריות קרמל אורגינל 660 גר,גרמים,660.00,100 גרם,false,1,19.90,3.0152,true,1,203801
7896259417354,false,סוכריות תות שדה 660,,,סוכריות תות שדה 660 גר,גרמים,660.00,100 גרם,false,1,19.90,3.0152,true,1,203803
8000020000280,false,וורמוט צינזנו אסטי 7,,,"צ""ינזנו מבעבע אסטי 0",מיליליטרים,750.00,"100 מ""ל",false,1,54.90,7.3200,true,1,173966
8000020000365,false,ורמוט צינזאנו ביאנקו,דויד קמפרי,IT,"צ""ינזנו ורמוט ביאנקו",מיליליטרים,750.00,"100 מ""ל",false,1,34.90,4.6533,true,1,173967
8000020004226,false,יין מבעבע צינזנו סקו,DAVIDE CAMPARI,,"יין מבעבע צינזנו סקו 750 מ""ל",מיליליטרים,750.00,"100 מ""ל",false,1,49.90,6.6533,true,1,184807
8000020005247,false,יין מבעבע צינזנו גרנ,,,"יין מבעבע צ""ינזנו גרנד דולצה 750 מ""ל",מיליליטרים,750.00,"100 מ""ל",false,1,39.90,5.3200,true,1,173968
8000020006381,false,יין מבעבע צינזנו רוז,,,"צ""ינזנו מבעבע רוזה 0",מיליליטרים,750.00,"100 מ""ל",false,1,54.90,7.3200,true,1,173969
8000040001106,false,"קאמפרי ביטר אפרטיף 700 מ""ל",קמפרי,,קמפרי 700 מל,מיליליטרים,700.00,"100 מ""ל",false,1,89.90,12.8429,true,1,177075
8000040630269,false,ויסקי גלן גראנט סקוט,,,"ויסקי גלן גראנט סקוטי 12 שנים 700 מ""ל",מיליליטרים,700.00,"100 מ""ל",false,1,159.90,22.8429,true,1,185040
8000070053465,false,קפסולות קפה אספרסו אורו דרגת חוזק 8,לוואצה Lavazza,IT,קפסולות לוואצה אורו חוזק 8,גרמים,50.00,100 גרם,false,1,19.90,39.8000,true,1,208316
8000070053472,false,קפסולות קרמה גוסטו קלאסיקו חוזק 12 57 ג' לוואצה,לוואצה Lavazza,IT,קפסולות לוואצה קרמה גוסטו חוזק 12,גרמים,57.00,100 גרם,false,1,19.90,34.9123,true,1,208312
8000070053526,false,קפסולות קפה אספרסו רוסה דרגת חוזק 10,לוואצה Lavazza,IT,קפסולות לוואצה רוסה חוזק 10,גרמים,50.00,100 גרם,false,1,19.90,39.8000,true,1,208315
8000070055254,false,קפסולות קרמה גוסטו פורטה חוזק 13 55 ג' לוואצה,לוואצה Lavazza,,קפסולות לוואצה קרמה גוסטו חוזק 13,גרמים,55.00,100 גרם,false,1,19.90,36.1818,true,1,208313
8000070059832,false,קפסולות קרמה גוסטו ריקו חוזק 11 55 ג' לוואצה,לוואצה Lavazza,,קפסולות לוואצה קרמה גוסטו חוזק 11,גרמים,55.00,100 גרם,false,1,19.90,36.1818,true,1,208311
8000070081000,false,קפסולות קפה לוואצה הרמניקו 50 ג' 8,לאוג'י לוואצה אס.פי.,IT,קפסולות קפה לוואצה הרמוניקו 8,Unknown,0.00,Unknown,false,1,16.90,0.0000,true,1,189383
8000070081017,false,קפסולות קפה לוואצה דיצ'ו NCC 10,לאוג'י לוואצה אס.פי.,IT,קפסולות קפה לוואצה דיצו 10,Unknown,0.00,Unknown,false,1,16.90,0.0000,true,1,189384
8000070081154,false,קפסולות קפה לוואצה לג'רו NCC 4,Unknown,,קפסולות קפה לוואצה לגרו 4,Unknown,0.00,Unknown,false,1,16.90,0.0000,true,1,189385
8000070081161,false,קפסולות קפה לוואצה אבולג'נטה NCC 4,,,קפסולות קפה לוואצה אבולגנטה 5,Unknown,0.00,Unknown,false,1,16.90,0.0000,true,1,189386
8000113003402,false,"קמח תירס בוואקום 1 ק""ג",מולינו ניקולי אס.פי.,IT,קמח תירס בוואקום 1 ק,קילוגרמים,1.00,"ק""ג",false,1,15.90,15.9000,true,1,173972
8000320010088,false,"רוטב עגבניות במרקם גס 680 מ""ל MUTTI",סיריו,,פסאטה ציריו במרקם גס 680 גר,גרמים,680.00,100 גרם,false,1,11.90,1.7500,true,1,204701
8000320010095,false,"רוטב עגבניות במרקם עדין 700 מ""ל MUTTI",סיריו,,פסאטה ציריו במרקם עדין 700 גר,גרמים,700.00,100 גרם,false,1,11.90,1.7000,true,1,204704
8000380004676,false,קוביות וופל סנדוויץ Sandwich עם וניל וחלב,"א. לואקר, קונפקט ג'י",AT,"וופל וניל 200 ג""ר",גרמים,200.00,100 גרם,false,1,10.90,5.4500,true,1,173981
8000380004911,false,קוביות וופל קואדרטיני Quadratini קרם אגוזים,קריניציה ויטמינה אס,AT,קואדרטיני אגוז 250 ג,גרמים,250.00,100 גרם,false,1,13.90,5.5600,true,1,173983
8000380004942,false,קוביות וופל קואדרטיני Quadratini וניל,לואקר Loacker,AT,"וופל ""לואקר"" קוואדרט",גרמים,250.00,100 גרם,false,1,13.90,5.5600,true,1,173984
8000380005598,false,מארז וופל שוקולד טורטינה Tortina שוקולד מריר,לואקר Loacker,IT,עוגיות שוקולד טורטינ,גרמים,125.00,100 גרם,false,1,15.90,12.7200,true,1,173986
8000380007219,false,וופל לואקר אגוז קלאסי 175ג',קריות זול,AT,וופל לואקר אגוז 175,גרמים,175.00,100 גרם,false,1,10.90,6.2286,true,1,173988
8000380007257,false,וופל גרנדה מצופה שוקולד 200ג',קריניציה ויטמינה אס,IT,"וופל גרדנה 200 ג""ר",גרמים,200.00,100 גרם,false,1,13.90,6.9500,true,1,173989
8000380007264,false,וופל עם קרם בטעם קקאו,קריניציה ויטמינה אס,AT,וופל לואקר קקאו 175,גרמים,175.00,100 גרם,false,1,10.90,6.2286,true,1,173990
8000380007271,false,וופל לואקר קרם חלב 175ג',לואקר Loacker,AT,וופל לואקר חלב 175 ג,גרמים,175.00,100 גרם,false,1,10.90,6.2286,true,1,173991
8000380106028,false,טורטינה לואקר וופל שוקולד ואגוזים שישיה 125ג',קריניציה ויטמינה אס,IT,"עוגיות שוקולד ""טורטי",גרמים,125.00,100 גרם,false,1,15.90,12.7200,true,1,173992
8000380142484,false,קוביות וופל קואדרטיני Quadratini בטעם שוקולד מריר,"אינסטנטה בע""מ",AT,וופל לואקר קוואדרטיני 250 גרם,גרמים,250.00,100 גרם,false,1,13.90,5.5600,true,1,173993
8000380144044,false,וופל גרדנה לואקר שוקולד 200ג',"א. לואקר , AG/SpA, ו",IT,"גרדנה שוקולד 200 ג""ר",גרמים,200.00,100 גרם,false,1,13.90,6.9500,true,1,173994
8000380152704,false,וופל אצבעות גרדנה חטיפי אגוז שוקו' 125גר,"אינסטנטה בע""מ",IT,חטיפי אצבעות גרנדה אגוז 125 גר,גרמים,125.00,100 גרם,false,1,16.90,13.5200,true,1,175958
8000380152728,false,וופל גרדנה אצבעות שוקו 125ג',"אינסטנטה בע""מ",IT,"חטיפי אצבעות ""גרנדה"" שוקולד 125 גר",גרמים,125.00,100 גרם,false,1,16.90,13.5200,true,1,175959
8000380156009,false,לואקר ורד הדולמיטים שוקולד חלב 150 גר',קריניציה ויטמינה אס,IT,שוקולד הדולמיטים חלב 150 גר,גרמים,150.00,100 גרם,false,1,21.90,14.6000,true,1,185723
8000380157570,false,וופל קלאסי לואקר 262,,,וופל לואקר אגוז 262.5 גר,גרמים,263.00,100 גרם,false,1,10.90,4.1445,true,1,195620
8000380157587,false,וופל שוקולד לואקר 26,,,וופל לואקר שוקולד 262.5 גר,גרמים,263.00,100 גרם,false,1,10.90,4.1445,true,1,195621
8000380180721,false,וופל לואקר קקאו וקרם חלב 175ג',קריניציה ויטמינה אס,AT,וופל לואקר קלאסיק שוקו חלב 175 גר,גרמים,175.00,100 גרם,false,1,10.90,6.2286,true,1,180586
8000380180745,false,קוביות וופל קואדרטיני קקאו במילוי קר חלב,"א. לואקר, קונפקט ג'י",AT,וופל קוואדרטיני שוקו חלב 250 גר,גרמים,250.00,100 גרם,false,1,13.90,5.5600,true,1,180314
8000380180837,false,וופל שוקולד לבן וקוקוס גראן פטיסרי Gran Pasticceria,"אינסטנטה בע""מ",IT,וופל לואקר גרנד פטיסרי קוקוס 100 גר,גרמים,100.00,100 גרם,false,1,11.90,11.9000,true,1,181116
8000380181032,false,"לואקר גרדנה חטיפי אצבעות אגוזים ושוקולד לבן, 125 גרם","אינסטנטה בע""מ",IT,"חטיפי אצבעות ""גרנדה"" לבן 125 גרם",גרמים,125.00,100 גרם,false,1,16.90,13.5200,true,1,197426
8000380187119,false,עוגיות אגוזי לוז 100 ג'-לואקר,לואקר Loacker,AT,עוגיות לואקר אגוזי לוז 100 גר,גרמים,100.00,100 גרם,false,1,11.90,11.9000,true,1,198723
8000380192199,false,וופל לואקר דאבל שוקולד 175 גרם,לואקר Loacker,IT,וופל לואקר דאבל שוקולד 175 גר,גרמים,175.00,100 גרם,false,18,10.90,6.2286,true,1,188598
8000380192588,false,קוביות וופל קואדרטיני דאבל שוקולד,קריניציה ויטמינה אס,AT,וופל לואקר קואדרטיני דאבל שוקולד 250 גר,גרמים,250.00,100 גרם,false,18,13.90,5.5600,true,1,188597
8000380201396,false,לואקר וופל טורטינה קרמל 125 גרם,לואקר Loacker,,שישיית שוקולד טורטינה קרמל 126 גרם,גרמים,126.00,100 גרם,false,24,15.90,12.6190,true,1,197145
8000380205523,false,וופל קלאסיק בטעם חמאת בוטנים,לואקר Loacker,AT,וופל לואקר קלאסיק חמאת בוטנים 175 גר,גרמים,175.00,100 גרם,false,18,10.90,6.2286,true,1,203842
8000380206896,false,וופל גרדנה בטעם חמאת בוטנים מצופה,לואקר Loacker,,וופל גרדנה חמאת בוטנים 200 גר,גרמים,200.00,100 גרם,false,10,13.90,6.9500,true,1,203840
8000380207183,false,טורטינה חמאת בוטנים לואקר 6*21גר,לואקר Loacker,,עוגיות טורטינה חמאת בוטנים 126 גר,גרמים,126.00,100 גרם,false,24,15.90,12.6190,true,1,203841
8000420000491,false,יין מבעבע אסטי לבן מ,,,יין מבעבע אסטי לבן מתוק 750מל,מיליליטרים,750.00,"100 מ""ל",false,1,49.90,6.6533,true,1,178227
8000420000538,false,יין מבעבע ברוט לבן י,GANCIA,,יין מבעבע ברוט לבן יבש 750מל,מיליליטרים,750.00,"100 מ""ל",false,1,49.90,6.6533,true,1,178228
8000420742193,false,יין מבעבע פרוסקו לבן,GANCIA,,יין מבעבע פרוסקו לבן יבש 750מל,מיליליטרים,750.00,"100 מ""ל",false,1,49.90,6.6533,true,1,178229
8000500023624,false,חטיפי הפי היפו Happy Hippo במילוי קרם חלב וקקאו,קינדר Kinder,DE,חטיף קינדר הפי היפו חמישייה,גרמים,104.00,100 גרם,false,1,13.90,13.3654,true,1,174000
8000500026731,false,שוקולד ביצי הפתעה קינדר שלישייה,קריות זול,IT,ביצת הפתעה קינדר סופרייז שלישייה,Unknown,0.00,Unknown,false,1,15.90,0.0000,true,1,174002
8000500028124,false,"קינדר ג'וי, שלישיה 3 * 20 גרם",קריות זול,,ביצת הפתעה קינדר גוי שלישייה,גרמים,60.00,100 גרם,false,1,15.90,26.5000,true,1,206892
8000500029350,false,מארז וופל מצופה 3יח' *43 גרם קינדר בואנו,קינדר Kinder,PL,חטיף קינדר בואנו שלישייה,גרמים,129.00,100 גרם,false,1,10.90,8.4496,true,1,174003
8000500032237,false,בונבוניירה פררו רושר 375ג',פררו Ferrero,IT,בונבוניירה פררו רושר 375 גר,גרמים,375.00,100 גרם,false,1,44.90,11.9733,true,1,174004
8000500037874,false,בונבוניירה פררו רושה 200ג',קריות זול,IT,בונבוניירה פררו רושר 200 גר,גרמים,200.00,100 גרם,false,1,25.90,12.9500,true,1,174005
8000500071083,false,אצבעות שוקולד קינדר Kinder שש עשרה יחידות,קינדר Kinder,IT,שוקולד אצבעות קינדר 200 גר,גרמים,200.00,100 גרם,false,1,13.90,6.9500,true,1,174006
8000500121436,false,מארז קינדר בואנו Kinder Bueno לבן שלוש יחידות,קינדר Kinder,PL,חטיף קינדר בואנו לבן שלישייה,גרמים,117.00,100 גרם,false,1,10.90,9.3162,true,1,174008
8000500167656,false,קינדר שוקולד עם דגנים סיריאל 94 ג',,,שוקולד עם דגנים קינדר רביעייה 94 גר,גרמים,94.00,100 גרם,false,24,8.90,9.4681,true,1,190422
8000500227848,false,נוטלה - בי רדי אצבעות ביסקוויט במילוי שוקולד 6 יח' * 22 גרם,Unknown,,חטיף עוגיות נוטלה בי ראדי,גרמים,132.00,100 גרם,false,1,11.90,9.0152,true,1,182895
8000500249352,false,קינדר בואנו מיני מיקס שקית 205 ג',קינדר Kinder,PL,חטיף קינדר בואנו מיני מיקס 205 גר,גרמים,205.00,100 גרם,false,1,19.90,9.7073,true,1,183162
8000500269169,false,קינדר קארדס Kinder Cards - חמישייה,קריות זול,IT,מארז פררו קינדר קארד 128 גר,גרמים,128.00,100 גרם,false,1,13.90,10.8594,true,1,198218
8000500386941,false,"ממרח קקאו עם אגוזי לוז, 900 גרם",קדבורי,IT,ממרח שוקולד נוטלה 900 גר,גרמים,900.00,100 גרם,false,1,28.90,3.2111,true,1,204054
8000570283607,false,מרטיני אסטי Asti יין לבן מתוק מבעבע,מרטיני Martini,IT,"יין מבעבע מרטיני מתוק 750 מ""ל",מיליליטרים,750.00,"100 מ""ל",false,1,64.90,8.6533,true,1,186909
8000570812708,false,יין מבעבע מרטיני רוז,,,יין מבעבע מרטיני רוזה,מיליליטרים,750.00,"100 מ""ל",false,1,64.90,8.6533,true,1,184096
8001010033721,false,רוטב פסטו חדש 135 ג' PONTI,,,רוטב פסטו פונטי 135 גר,גרמים,135.00,100 גרם,false,1,13.90,10.2963,true,1,182015
8001010039501,false,ארטישוק מתובל בפלפל ולימון 300 ג' PONTI ZERO,,,ארטישוק פונטי מתובל בפלפל ולימון 300 גר,גרמים,300.00,100 גרם,false,1,17.90,5.9667,true,1,182013
8001090016003,false,טבליות למדיח הכל באחד,פרוקטר & גמבל,FR,טבליות למדיח כלים פיירי 84 יח,גרמים,1135.00,100 גרם,false,1,54.90,4.8370,true,1,181375
8001090222428,false,"הרבל אסנסס - שמפו חלב קוקוס 400 מ""ל",הרבל אסנס Herbal Essences,,"שמפו הרבל אסנסס חלב קוקוס 400 מ""ל",מיליליטרים,400.00,"100 מ""ל",false,1,19.90,4.9750,true,1,188922
8001090222541,false,"הרבל אסנסס שמפו תות שדה ומנטה 400 מ""ל",הרבל אסנס Herbal Essences,,"שמפו הרבל אסנסס תות שדה ומנטה 400 מ""ל",מיליליטרים,400.00,"100 מ""ל",false,1,19.90,4.9750,true,1,188923
8001090222572,false,"הרבל אסנסס מרכך תות שדה ומנטה 400 מ""ל",הרבל אסנס Herbal Essences,,"מרכך הרבל אסנסס תות שדה ומנטה 400 מ""ל",מיליליטרים,400.00,"100 מ""ל",false,1,19.90,4.9750,true,1,188927
8001090222725,false,"הרבל אסנסס - שמפו שמן מורינגה 400 מ""ל",הרבל אסנס Herbal Essences,,"שמפו הרבל אסנסס שמן מורינגה 400 מ""ל",מיליליטרים,400.00,"100 מ""ל",false,1,19.90,4.9750,true,1,188925
8001090222848,false,"הרבל אסנסס - שמפו שיקום שמן ארגן 400 מ""ל",הרבל אסנס Herbal Essences,,"שמפו הרבל אסנסס שיקום שמן ארגן 400 מ""ל",מיליליטרים,400.00,"100 מ""ל",false,1,19.90,4.9750,true,1,188924
8001090222879,false,"הרבל אסנסס - מרכך שיקום שמן ארגן 400 מ""ל",הרבל אסנס Herbal Essences,,"מרכך הרבל אסנסס שיקום שמן ארגן 400 מ""ל",מיליליטרים,400.00,"100 מ""ל",false,1,19.90,4.9750,true,1,188928
8001090291035,false,"משחת שיניים 3D white להלבנה רעננות ארקטית 75 מ""ל אורל בי",,,משחת שיניים אורל בי רעננות ארטית,מיליליטרים,75.00,"100 מ""ל",false,1,17.90,23.8667,true,1,208520
8001090316103,false,קפסולות לכתמים קשים 45 יח' אריאל,,FR,קפסולות לכביסה אריאל כתמים קשים 45 יח,גרמים,1303.00,100 גרם,false,2,59.90,4.5971,true,1,206342
8001090336354,false,טיטולי פמפרס בייבי דריי מידה 2 46 יח',פרוקטר אנד גמבל,DE,חיטולי פמפרס בייבי דריי מידה 2 46 יח,Unknown,0.00,Unknown,false,1,37.90,0.0000,true,1,190533
8001090336408,false,חיתולים בייבי דריי מידה 3 38 יח' פמפרס,פרוקטר אנד גמבל,DE,חיטולי פמפרס בייבי דריי מידה 3 38 יח,Unknown,0.00,Unknown,false,1,37.90,0.0000,true,1,190534
8001090336446,false,טיטולי פמפרס בייבי דריי מידה 4 34 יח',פרוקטר אנד גמבל,DE,חיטולי פמפרס בייבי דריי מידה 4 34 יח,Unknown,0.00,Unknown,false,1,37.90,0.0000,true,1,190535
8001090336491,false,טיטולי פמפרס בייבי דריי מידה 4+ 31 יח',פרוקטר אנד גמבל,DE,חיטולי פמפרס בייבי דריי מידה 4+ 31 יח,Unknown,0.00,Unknown,false,1,37.90,0.0000,true,1,190536
8001090336521,false,פמפרס בייבי דריי מידה 5 30 יח',פרוקטר אנד גמבל,DE,חיטולי פמפרס בייבי דריי מידה 5 30 יח,Unknown,0.00,Unknown,false,1,37.90,0.0000,true,1,190537
8001090336606,false,טיטולי פמפרס בייבי דריי מידה 6 26 יח',פרוקטר אנד גמבל,DE,חיטולי פמפרס בייבי דריי מידה 6 26 יח,Unknown,0.00,Unknown,false,1,37.90,0.0000,true,1,190538
8001090379337,false,פמפרס פרימיום חיתולי VP מידה 3 40 יח',פרוקטר אנד גמבל,DE,חיטולי פמפרס פרמיום מידה 3 40 יח,Unknown,0.00,Unknown,false,4,39.90,0.0000,true,1,203965
8001090379368,false,פמפרס פרימיום חיתולי VP מידה 4 34 יח',פרוקטר אנד גמבל,TR,חיטולי פמפרס פרמיום מידה 4 34 יח,Unknown,0.00,Unknown,false,4,39.90,0.0000,true,1,203966
8001090458353,false,סבון כלים פעולה אנטי-בקטריאלית אקליפטוס,פיירי Fairy,,"נוזל כלים פיירי אנטי בקטריאלי 515 מ""ל",מיליליטרים,515.00,"100 מ""ל",false,1,9.90,1.9223,true,1,182853
8001090580122,false,"הד אנד שולדרס שמפו סופרים משקם 400 מ""ל",הד אנד שולדרס H&S,,"שמפו האד אנד שולדרס סופרים משקם 400 מ""ל",מיליליטרים,400.00,"100 מ""ל",false,1,19.90,4.9750,true,1,187809
8001090678225,false,"שולדרס מרכך סופרים משקם 275מ""ל",הד אנד שולדרס H&S,RO,"מרכך האד אנד שולדרס סופרים משקם 275 מ""ל",מיליליטרים,275.00,"100 מ""ל",false,1,17.90,6.5091,true,1,187811
8001090678614,false,"שמפו סופרים לחות הד אנד שולדרס 400 מ""ל",הד אנד שולדרס H&S,,"שמפו האד אנד שולדרס סופרים לחות 400 מ""ל",מיליליטרים,400.00,"100 מ""ל",false,1,19.90,4.9750,true,1,187810
8001090721099,false,טבליות ג'ל לכביסה 3 ב-1 בניחוח אביב הרים,פרוקטר אנד גמבל,FR,קפסולות לכביסה אריאל 27 יח,גרמים,729.00,100 גרם,false,1,31.90,4.3759,true,1,185350
8001090721129,false,אריאל קפסולות לכביסה קולור 27 יח,פרוקטר אנד גמבל,FR,קפסולות לכביסה קולור אריאל 27 יח,גרמים,729.00,100 גרם,false,1,31.90,4.3759,true,1,185351
8001090734044,false,מגני תחתון אולוויז לארג' בניחוח רענן,אולוויז Always,,מגן תחתון אולוויז מגה פק לארג פרש 64 יח,Unknown,0.00,Unknown,false,1,18.90,0.0000,true,1,184492
8001090740717,false,מגני תחתון אולוויז נורמל עם ניחוח רענן Fresh Scent,אולוויז Always,,מגן תחתון אולוויז נורמל מגה פק פרש 76 יח,Unknown,0.00,Unknown,false,1,18.90,0.0000,true,1,184499
8001090745903,false,"טייד אלפיין פרש 4 ק""ג אבקה",פרוקטר אנד גמבל,,"אבקת כביסה טייד אלפיין פרש 4 ק""ג",קילוגרמים,4.00,"ק""ג",false,1,29.90,7.4750,true,1,190532
8001090802385,false,טייד קפסולות ג'ל בניחוח לנור 26 יחידות,פרוקטר & גמבל,FR,קפסולות גל כביסה טייד בניחוח לנור 26 יח,גרמים,645.00,100 גרם,false,1,26.90,4.1705,true,1,188520
8001090832450,false,"שמפו פנטן נוסחה קלאסית 660 מ""ל",פרוקטר & גמבל,RO,פנטן שמפו נוסחה קלאסית 660 מל,מיליליטרים,660.00,"100 מ""ל",false,1,19.90,3.0152,true,1,195254
8001090832535,false,"שמפו פנטן שמן מרוקאי משקם 660 מ""ל",פרוקטר & גמבל,RO,פנטן שמפו שמן מרוקאי משקם 660 מל,מיליליטרים,660.00,"100 מ""ל",false,1,19.90,3.0152,true,1,195255
8001090832573,false,"שמפו פנטן לחות מוגברת 660 מ""ל",פרוקטר & גמבל,RO,פנטן שמפו שמן לחות מוגברת 660 מל,מיליליטרים,660.00,"100 מ""ל",false,1,19.90,3.0152,true,1,195256
8001090832610,false,"שמפו פנטן למגע רך כמשי 660 מ""ל",פנטן Pantene,,פנטן שמפו למגע רך כמשי 660 מל,מיליליטרים,660.00,"100 מ""ל",false,1,19.90,3.0152,true,1,195257
8001090832696,false,"פנטן שמפו לתלתלים מושלמים 660 מ""ל",פנטן Pantene,,פנטן שמפו לתלתלים מושלמים 660 מל,מיליליטרים,660.00,"100 מ""ל",false,1,19.90,3.0152,true,1,195258
8001090832818,false,מרכך פנטן הנוסחה הקלאסית לשיער רגיל ומעורב,פרוקטר & גמבל,RO,פנטן מרכך נוסחה קלאסית 660 מל,מיליליטרים,660.00,"100 מ""ל",false,1,19.90,3.0152,true,1,195260
8001090832856,false,"פנטן קונדישנר מרוקאי משקם 660 מ""ל",פרוקטר & גמבל,RO,פנטן מרכך מרוקאי משקם 660 מל,מיליליטרים,660.00,"100 מ""ל",false,1,19.90,3.0152,true,1,195261
8001090832894,false,"פנטן קונדישנר לחות מוגברת 660 מ""ל",פרוקטר & גמבל,RO,פנטן מרכך לחות מוגברת 660 מל,מיליליטרים,660.00,"100 מ""ל",false,1,19.90,3.0152,true,1,195262
8001090832979,false,"פנטן מרכך לתלתלים מושלמים 660 מ""ל",פנטן Pantene,,פנטן מרכך לתלתלים מושלמים 660 מל,מיליליטרים,660.00,"100 מ""ל",false,1,19.90,3.0152,true,1,195264
8001090833051,false,"פנטן מרכך הזנת קרטין 660 מ""ל",פנטן Pantene,,פנטן מרכך הזנת קרטין 660 מל,מיליליטרים,660.00,"100 מ""ל",false,1,19.90,3.0152,true,1,195265
8001090833136,false,אריאל ג'ל כביסה בייבי 2.255 ליטר,אריאל Ariel,FR,גל כביסה אריאל בייבי 2.25 ל,ליטרים,2.25,ליטר,false,4,29.90,13.2889,true,1,187185
8001090833167,false,אריאל ג'ל כביסה ניחוח הרים 2.365 ליטר,פרוקטור אנד גמבל,FR,גל כביסה אריאל ניחוח הרים 2.36 ל,ליטרים,2.36,ליטר,false,4,29.90,12.6695,true,1,187183
8001090833198,false,אריאל ג'ל כביסה ניחוח מרענן 2.365 ליטר,פרוקטור אנד גמבל,FR,גל כביסה אריאל ניחוח מרענן 2.36 ל,ליטרים,2.36,ליטר,false,4,29.90,12.6695,true,1,187182
8001090833228,false,אריאל ג'ל כביסה קולור 2.365 ליטר,אריאל Ariel,FR,גל כביסה אריאל קולור 2.36 ל,ליטרים,2.36,ליטר,false,4,29.90,12.6695,true,1,187184
8001090833259,false,ג'ל כביסה בניחוח הרים,אריאל Ariel,FR,גל כביסה אריאל ניחוח הרים 3.74 ל,ליטרים,3.74,ליטר,false,3,39.90,10.6684,true,1,187186
8001090886460,false,לנור כדוריות הבושם בניחוח אביבי 140 גר,פרוקטר אנד גמבל,GB,מרכך כביסה לינור כדוריות הריח בניחוח אבי,גרמים,140.00,100 גרם,false,6,19.90,14.2143,true,1,188932
8001090899194,false,תחבושות אולוויז פלטינום נורמל 24 יח',אולוויז Always,,תחבושות אולוויז פלטינום נורמל 24 יח,Unknown,0.00,Unknown,false,1,19.90,0.0000,true,1,190520
8001090899255,false,תחבושות אולוויז פלטינום לילה 16 יח',Unknown,,תחבושות אולוויז פלטינום לילה 16 יח,Unknown,0.00,Unknown,false,1,19.90,0.0000,true,1,190522
8001090961907,false,אבקת כביסה אריאל שוש,פרוקטר אנד גמבל,,"אבקת כביסה אריאל שושן צחור 9 ק""ג",קילוגרמים,9.00,"ק""ג",false,1,69.90,7.7667,true,1,190530
8001090961938,false,אבקת כביסה אריאל קול,פרוקטר אנד גמבל,,"אבקת כביסה אריאל קולור 9 ק""ג",קילוגרמים,9.00,"ק""ג",false,1,69.90,7.7667,true,1,190531
8001090992338,false,טבליות למדיח פיירי פלטינום פלוס,פרוקטר & גמבל,FR,קפסולות למדיח פיירי פלטינום פלוס 50 יח,Unknown,0.00,Unknown,false,3,54.90,0.0000,true,1,191811
8001110016303,false,ליקר אמרטו דיסרונו 7,,,"ליקר אמרטו דיסרונו 700 מ""ל",מיליליטרים,700.00,"100 מ""ל",false,1,79.90,11.4143,true,1,181530
8001110589708,false,ליקר דיסארונו וולווט,,,ליקר דיסארונו וולווט 700 מל,מיליליטרים,700.00,"100 מ""ל",false,1,79.90,11.4143,true,1,208077
8001160000888,false,"גטורייד משקה ספורט תפוז 500 מ""ל",,,משקה אנרגיה גטורייד ספורט תפוז בק 500 מל,מיליליטרים,500.00,"100 מ""ל",false,1,9.90,1.9800,true,1,190498
8001250009999,false,ניוקי דה ציקו תפוא 5,דה צ'אקו DE CECCO,,"ניוקי דה ציקו תפו""א 500 גר",גרמים,500.00,100 גרם,false,1,9.90,1.9800,true,1,181991
8001250110015,false,דפי לזניה דה ציקו 50,דה צ'אקו DE CECCO,IT,דפי לזניה דה ציקו 500 גר,גרמים,500.00,100 גרם,false,1,17.90,3.5800,true,1,181960
8001250120069,false,פסטה פטוצלה דה ציקו,,,פסטה פטוצלה דה ציקו 500 גר,גרמים,500.00,100 גרם,false,1,11.90,2.3800,true,1,181961
8001250120076,false,פסטה לינגוויני 500 ג,,,פסטה לינגוויני 500 גר,גרמים,500.00,100 גרם,false,1,11.90,2.3800,true,1,181962
8001250120229,false,פסטה פסטונטי דה ציקו,,,פסטה פסטונטי דה ציקו 500 גר,גרמים,500.00,100 גרם,false,1,11.90,2.3800,true,1,181967
8001250120267,false,פסטה ריגטוני קצר דה,,,פסטה ריגטוני קצר דה ציקו 500 גר,גרמים,500.00,100 גרם,false,1,11.90,2.3800,true,1,181970
8001250120502,false,פסטה קונצילי דה ציקו,,,פסטה קונצילי דה ציקו 500 גר,גרמים,500.00,100 גרם,false,1,11.90,2.3800,true,1,181975
8001250120908,false,פסטה ראקט דה ציקו 50,דה צ'אקו DE CECCO,,פסטה ראקט דה ציקו 500 גר,גרמים,500.00,100 גרם,false,1,11.90,2.3800,true,1,181981
8001250120915,false,פסטה אורקייטה דה ציק,,,פסטה אורקייטה דה ציקו 500 גר,גרמים,500.00,100 גרם,false,1,11.90,2.3800,true,1,181982
8001250201010,false,פסטה פפרדלה ביצים דה,,,פסטה פפרדלה ביצים דה ציקו 250 גר,גרמים,250.00,100 גרם,false,1,11.90,4.7600,true,1,181990
8001250219138,false,רוטב סיציליאנה 400 ג' DE CECCO,,,רוטב סיציליאנה דה ציקו עם זיתים 400 גר,גרמים,400.00,100 גרם,false,1,11.90,2.9750,true,1,181993
8001250219145,false,רוטב ארביאטה 400 ג' DE CECCO,,,רוטב ארביאטה דה ציקו חריף 400 גר,גרמים,400.00,100 גרם,false,1,10.90,2.7250,true,1,181994
8001250250018,false,"שמן זית EXTRA VIRGIN CLASSICO (כחול) 750 מ""ל",VIRGINIAS INDUSTRIAS,IT,"שמן זית דה ציקו אקסטרה ורזין 750 מ""ל",מיליליטרים,750.00,"100 מ""ל",false,1,41.90,5.5867,true,1,181992
8001250511140,false,דפי לזניה ביצים תרד,,,דפי לזניה ביצים תרד דה ציקו 114 גר,גרמים,114.00,100 גרם,false,1,19.90,17.4561,true,1,181989
8001440118944,false,שלישיית עגבניות פולפה *400 ג' צ'יריו,סיריו,,שלישיית עגבניות פולפה ציריו 400 גר,גרמים,1200.00,100 גרם,false,1,14.90,1.2417,true,1,204703
8001620011935,false,מים מינרלים מוגזים שישייה בקבוק אישי,אקווה מינרלה סאן בנד,IT,"מים מוגז עדין ""סאן ב",ליטרים,3.00,ליטר,false,1,13.90,4.6333,true,1,174019
8001620017456,false,"מים מינרלים שישיה ספורט סאן בנדטו 500 מ""ל",סאן בנדטו San Benedetto,,"מים מינרל סאן בנדטו ספורט 500 מ""ל שישייה",מיליליטרים,3000.00,"100 מ""ל",false,1,15.90,0.5300,true,1,185843
8001620018248,false,"מים מינרלים 750 מ""ל סאן בנדטו-פקק ספורט",סאן בנדטו San Benedetto,,"מים מינרליים סאן בנדטו ספורט 750 מ""ל",מיליליטרים,750.00,"100 מ""ל",false,1,3.90,0.5200,true,1,188666
8001660101757,false,יין רופינו קיאנטי 75,,,יין רופינו קיאנטי,מיליליטרים,750.00,"100 מ""ל",false,1,44.90,5.9867,true,1,174020
8001660126750,false,יין רופינו אורבייטו,,,יין רופינו אורבייטו קלאסיקו 0.75לי,מיליליטרים,750.00,"100 מ""ל",false,1,44.90,5.9867,true,1,176859
8001841053646,false,אולוויז תחבושות עבה נורמל פלוס 14 יח',,HU,תחבושות אולוויז עבה נורמל פלוס 14 יח,Unknown,0.00,Unknown,false,8,11.90,0.0000,true,1,188565
8001841053806,false,תחבושות היגייניות אולוויז מקסי עבה לילה,פרוקטר & גמבל,DE,תחבושות אולוויז עבה לילה עבה 9 יח,Unknown,0.00,Unknown,false,10,11.90,0.0000,true,1,188567
8001841062624,false,מארז מגבוני פמפרס ללא בישום - רביעייה,פרוקטר אנד גמבל.,DE,מגבוני פמפרס פרש 52 יח רביעייה,Unknown,0.00,Unknown,false,3,19.90,0.0000,true,1,195381
8001841077949,false,מארז מגבוני פמפרס בניחוח מרענן - רביעייה,פרוקטר אנד גמבל,DE,מגבונים פמפרס פרש 52 יח רביעייה,Unknown,0.00,Unknown,false,1,19.90,0.0000,true,1,189358
8001841500799,false,"הרבל אסנסס - שמפו ללא סולפטים אלוורה ומנגו 380 מ""ל",הרבל אסנס Herbal Essences,FR,שמפו הרבל אסנס אלוורה ומנגו 380 מל,מיליליטרים,380.00,"100 מ""ל",false,6,19.90,5.2368,true,1,195391
8001841500942,false,"הרבל אסנסס - שמפו ללא סולפטים אלוורה ובמבוק 380 מ""ל",הרבל אסנס Herbal Essences,FR,שמפו הרבל אסנס אלוורה ובמבוק 380 מל,מיליליטרים,380.00,"100 מ""ל",false,6,19.90,5.2368,true,1,195392
8001841502601,false,"הרבל אסנסס - מרכך ללא סולפטים אלוורה ובמבוק 275 מ""ל",הרבל אסנס Herbal Essences,FR,מרכך הרבל אסנס אלוורה ובמבוק 275 מל,מיליליטרים,275.00,"100 מ""ל",false,6,19.90,7.2364,true,1,195394
8001841625188,false,סבון כלים פלטינום לימון X3 פעולות להסרת שומנים,פרוקטר אנד גמבל,GB,"נוזל כלים פיירי פלטינום לימון 515 מ""ל",מיליליטרים,515.00,"100 מ""ל",false,16,9.90,1.9223,true,1,191796
8001841625461,false,סבון כלים פלטינום X3 פעולות להסרת שומנים,פרוקטר אנד גמבל,GB,"נוזל כלים פיירי פלטינום אורגינל 515 מ""ל",מיליליטרים,515.00,"100 מ""ל",false,16,9.90,1.9223,true,1,191797
8001841669465,false,אריאל קפסולות לכביסהבניחוח לנור 24 יח',פרוקטר אנד גמבל,FR,קפסולות אריאל בניחוח לנור 24 יח,Unknown,0.00,Unknown,false,1,31.90,0.0000,true,1,195996
8001841669519,false,אריאל טבליות ג'ל כביסה 55 יח',פרוקטר & גמבל,FR,קפסולות לכביסה אריאל 40 יח,קילוגרמים,1.39,"ק""ג",false,1,59.90,43.0935,true,1,192712
8001841680989,false,מגן תחתון אולוויז מגה פק פרו פרש לארג' 60 יחי,פרוקטר & גמבל,DE,מגן תחתון אולוויז מגה פק פרו פרש לארג,Unknown,0.00,Unknown,false,4,18.90,0.0000,true,1,192668
8001841716312,false,הד אנד שולדרס ג'ל רחצה ושמפו ספורט 360מל,"פרוקטר אנד גמבל, צרפ",FR,גל רחצה ושמפו שולדרס ספורט 360 מל,מיליליטרים,360.00,"100 מ""ל",false,1,19.90,5.5278,true,1,198209
8001841716435,false,"הד אנד שולדרס ג'ל רחצה ושמפו לעור רגיש 360 מ""ל","נארז ע""י : א.ג. גילר",FR,גל רחצה ושמפו שולדרס לעור רגיש 360 מל,מיליליטרים,360.00,"100 מ""ל",false,1,19.90,5.5278,true,1,198210
8001841716596,false,"הד אנד שולדרס ג'ל רחצה ושמפו מרענן 360 מ""ל","נארז ע""י : א.ג. גילר",FR,גל רחצה ושמפו שולדרס מרענן 360 מל,מיליליטרים,360.00,"100 מ""ל",false,1,19.90,5.5278,true,1,198211
8001841941929,false,תחבושות אולוייז וליו,פרוקטר אנד גמבל,,תחבושות אולוייז וליו פק לילה אקסטרא 16 י,Unknown,0.00,Unknown,false,8,19.90,0.0000,true,1,198258
8001841958460,false,פיירי טבליות למדיח אורגינל הכל באחד - מארז 48 יח',פרוקטר אנד גמבל,BE,טבליות למדיח כלים פיירי 48 יח,Unknown,0.00,Unknown,false,4,39.90,0.0000,true,1,195383
8001841960081,false,פיירי טבליות למדיח פלטינום הכל באחד - מארז 37 יח',פרוקטר אנד גמבל,BE,טבליות למדיח כלים פיירי פלטינום 37 יח,Unknown,0.00,Unknown,false,4,39.90,0.0000,true,1,195384
8001900628051,false,יין מבעבע למברוסקו ל,קאויקיולי,,יין מבעבע למברוסקו לבן,מיליליטרים,750.00,"100 מ""ל",false,1,27.90,3.7200,true,1,174032
8001931120944,false,"פסטה קן לציפור דק, 500 גרם",GUACCI,,פסטה קן לציפור דק 500 גר,גרמים,500.00,100 גרם,false,1,8.90,1.7800,true,1,183010
8001931120982,false,פסטה עבה 500 גרם קן לציפור - טליאטלה,GUACCI,,פסטה קן לציפור עבה 500 גר,גרמים,500.00,100 גרם,false,1,8.90,1.7800,true,1,183009
8001935221401,false,יין איטלקי וילה אדום,אנטינורי,,יין איטלקי וילה אדום,Unknown,0.00,Unknown,false,1,79.90,0.0000,true,1,176753
8001935353201,false,יין וילה אנטינורי לב,אנטינורי,,יין וילה אנטינורי לבן 0.75ל,מיליליטרים,750.00,"100 מ""ל",false,1,59.90,7.9867,true,1,177317
8001943549122,false,"צ'וקטה מטבעות שוקולד חלב, 40 גרם",צ'וקטה Chocketa,,מטבעות שוקולד צוקטה 40 גר,גרמים,40.00,100 גרם,false,1,4.90,12.2500,true,1,199840
8002205319835,false,מזון לחתולים בוגרים בטעם סלמון פורינה ONE,פורינה Purina,US,אוכל חתולים פורינה ONE לבוגרים סלמון 800,גרמים,800.00,100 גרם,false,8,39.90,4.9875,true,1,190384
8002213004068,false,קמח לפיצה ורוד 1 קג,,,"קמח לפיצה ורוד 1 ק""ג",קילוגרמים,1.00,"ק""ג",false,1,11.90,11.9000,true,1,181725
8002213011301,false,קמח לפסטה כחול 1 קג,,,"קמח לפסטה כחול 1 ק""ג",קילוגרמים,1.00,"ק""ג",false,1,14.90,14.9000,true,1,187828
8002235004091,false,יין זונין פרוסקו 750,,,יין זונין פרוסקו 750 מל,מיליליטרים,750.00,"100 מ""ל",false,1,44.90,5.9867,true,1,203037
8002235039918,false,יין זונין פרוסקו רוז,,,יין זונין פרוסקו רוזה 750 מל,מיליליטרים,750.00,"100 מ""ל",false,1,44.90,5.9867,true,1,203038
8002267016673,false,ביצת שוקולד עם הפתעה,,,ביצת שוקולד עם הפתעה ברבי 110 גר,גרמים,110.00,100 גרם,false,1,15.90,14.4545,true,1,202166
8002270436581,false,סאן פלגרינו מים מוגז,סן-פלגרינו,,"מים מוגזים סאן פלגרינו 500 מ""ל שישייה",מיליליטרים,3000.00,"100 מ""ל",false,1,30.90,1.0300,true,1,184050
8002270866524,false,סאן פלנגרינו מים מינ,סן פלגרינו San Pellegrino,IT,מים מינרלים סן פלגרינו 1ל,ליטרים,1.00,ליטר,false,1,9.90,9.9000,true,1,178930
8002371000353,false,קרואסון במילוי ריבת,,,קרואסון במילוי ריבת תות שדה 250 גר,גרמים,250.00,100 גרם,false,1,12.90,5.1600,true,1,207266
8002371000643,false,קרואסון במילוי קרם ש,,,קרואסון במילוי קרם שוקולד 250 גר,גרמים,250.00,100 גרם,false,1,12.90,5.1600,true,1,207269
8002371000650,false,קרואסון במילוי ריבת,,,קרואסון במילוי ריבת משמש 250 גר,גרמים,250.00,100 גרם,false,1,12.90,5.1600,true,1,207276
8002371000728,false,קרואסון במילוי כפול,,,קרואסון במילוי כפול 400 גר,גרמים,400.00,100 גרם,false,1,18.90,4.7250,true,1,207272
8002450203002,false,משקה כהלי מוגז ורדי,בוסקה,,"משקה כהלי מוגז ורדי אבטיח 750 מ""ל",מיליליטרים,750.00,"100 מ""ל",false,1,24.90,3.3200,true,1,188011
8002450205006,false,משקה כהלי מוגז ורדי,בוסקה,,משקה כהלי מוגז ורדי אפרסק 750 מל,מיליליטרים,750.00,"100 מ""ל",false,1,24.90,3.3200,true,1,182094
8002450208007,false,ורדי גרין אפל ספרקלטיני,בוסקה Bosca,,משקה כהלי מוגז ורדי גריו אפל 750 מל,מיליליטרים,750.00,"100 מ""ל",false,1,24.90,3.3200,true,1,174038
8002650001378,false,קפה אספרסו סקאוולה ג,,,קפה אספרסו סקאוולה גראן גוסטו טחון 250 ג,גרמים,250.00,100 גרם,false,1,24.90,9.9600,true,1,207646
8002650005086,false,קפסולות אספרסו סקאוו,,,קפסולות אספרסו סקאוולה אינטנסו 30 יח,Unknown,0.00,Unknown,false,1,29.90,0.0000,true,1,207642
8002650007738,false,קפסולות אספרסו סקאוו,,,קפסולות אספרסו סקאוולה איטנסו 10 יח,Unknown,0.00,Unknown,false,1,13.90,0.0000,true,1,207639
8002650007745,false,קפסולות אספרסו סקאוו,,,קפסולות אספרסו סקאוולה בלה קרמה 10 יח,Unknown,0.00,Unknown,false,1,13.90,0.0000,true,1,207637
8002650007752,false,קפסולות אספרסו סקאוו,,,קפסולות אספרסו סקאוולה גראן קרו 10 יח,Unknown,0.00,Unknown,false,1,13.90,0.0000,true,1,207638
8002650008087,false,קפה אספרסו סקאוולה א,,,קפה אספרסו סקאוולה אורו טחון פחית 250 גר,גרמים,250.00,100 גרם,false,1,29.90,11.9600,true,1,207644
8002670504279,false,גרנרולו בורגר צמחי 2,,,גרנרולו בורגר צמחי 2*110 גר,גרמים,220.00,100 גרם,false,8,24.90,11.3182,true,1,202219
8002670504286,false,"מיני בורגר, 180 ג' GUSTARE",,,גרנרולו מיני בורגר 6*30 גר,גרמים,180.00,100 גרם,false,8,24.90,13.8333,true,1,202220
8002793000504,false,יין פיציני קיאנטי כת,,,יין פיציני קיאנטי כתום 750 מל,מיליליטרים,750.00,"100 מ""ל",false,1,34.90,4.6533,true,1,180734
8002793000986,false,יין אורבייטו קלאסיק,,,יין אורבייטו קלאסיק 750 מל,מיליליטרים,750.00,"100 מ""ל",false,1,34.90,4.6533,true,1,203248
8002793021196,false,יין אדום חצי יבש פיצ,,,יין אדום חצי יבש פיציני פינוקיו 750 מל,מיליליטרים,750.00,"100 מ""ל",false,1,44.90,5.9867,true,1,206396
8003115851705,false,פנתוני סוויט איטלי 5,BISCOTTIFICIO PRIMAV,IT,פנתוני סוויט איטלי 500 גר,גרמים,500.00,100 גרם,false,12,39.90,7.9800,true,1,194976
8003115852047,false,פנתוני סוויט איטלי 9,BISCOTTIFICIO PRIMAV,IT,פנתוני סוויט איטלי 908 גר,גרמים,908.00,100 גרם,false,1,59.90,6.5969,true,1,194974
8003740003050,false,ספגטי אריגי קפליני 5,,,ספגטי אריגי קפליני 500 גר,גרמים,500.00,100 גרם,false,1,6.50,1.3000,true,1,192224
8003740005054,false,ספגטי אריגי 500 גר,,,ספגטי אריגי 500 גר,גרמים,500.00,100 גרם,false,1,6.50,1.3000,true,1,191133
8003740005801,false,ספגטי חיטה מלאה אריג,,,ספגטי חיטה מלאה אריגי 500 גר,גרמים,500.00,100 גרם,false,1,6.50,1.3000,true,1,185018
8003740007058,false,ספגטי אריגי לינגווינ,,,ספגטי אריגי לינגוויני 500 גר,גרמים,500.00,100 גרם,false,1,6.50,1.3000,true,1,191132
8003740024079,false,פסטה אריגי טורטיליונ,,,פסטה אריגי טורטיליוני 500 גר,גרמים,500.00,100 גרם,false,1,6.50,1.3000,true,1,191129
8003740031077,false,פסטה אריגי פנה ריגטה,,,פסטה אריגי פנה ריגטה 500 גר,גרמים,500.00,100 גרם,false,1,6.50,1.3000,true,1,191126
8003740031886,false,פסטה אריגי פנה חיטה,,,פסטה פאנה רגטה מלאה אריגאי איטליה 500 גר,גרמים,500.00,100 גרם,false,1,6.50,1.3000,true,1,185019
8003740036072,false,פסטה אריגי פוזילי 50,,,פסטה אריגי פוזילי 500 גר,גרמים,500.00,100 גרם,false,1,6.50,1.3000,true,1,191128
8003740036805,false,פסטה אריגי פוזילי חי,,,פסטה פוזילי חיטה מלאה אריגאי איטליה 500,גרמים,500.00,100 גרם,false,1,6.50,1.3000,true,1,185020
8003740037079,false,פסטה אריגי פוזליני 5,,IT,פסטה אריגי פוזליני 500 גר,גרמים,500.00,100 גרם,false,1,6.50,1.3000,true,1,191127
8003740039073,false,פסטה אריגי קונציליונ,,,פסטה אריגי קונציליוני 500 גר,גרמים,500.00,100 גרם,false,1,6.50,1.3000,true,1,191130
8003740047078,false,פסטה אריגי קרסטה 500,,,פסטה אריגי קרסטה 500 גר,גרמים,500.00,100 גרם,false,1,6.50,1.3000,true,1,192219
8003740050306,false,פסטה אריגי פוזילי טר,,,פסטה אריגי פוזילי טריקולור 500 גר,גרמים,500.00,100 גרם,false,1,6.90,1.3800,true,1,192231
8003740058081,false,ספגטי אריגי פרפלה 50,,,ספגטי אריגי פרפלה 500 גר,גרמים,500.00,100 גרם,false,1,6.50,1.3000,true,1,191134
8003740067199,false,רביולי עם גבינה אריג,,,רביולי עם גבינה אריגי 250 גר,גרמים,250.00,100 גרם,false,1,12.90,5.1600,true,1,207353
8003740077075,false,פסטה אריגי ביאווטה 5,,,פסטה אריגי ביאווטה 500 גר,גרמים,500.00,100 גרם,false,1,6.50,1.3000,true,1,192223
8003740088088,false,פסטה אריגי טליאטלה 5,,,פסטה טליאטלה אריגאי איטליה 500 גר,גרמים,500.00,100 גרם,false,1,8.90,1.7800,true,1,185021
8003740102074,false,פסטה אריגי אלפבטו 50,,,פסטה אריגי אלפבטו 500 גר,גרמים,500.00,100 גרם,false,1,6.50,1.3000,true,1,192221
8003740131074,false,פדליני אטריות למרק א,,,פסטה אריגי פידליני 500 גר,גרמים,500.00,100 גרם,false,1,6.50,1.3000,true,1,192222
8003740190071,false,פסטה אריגי אמוריני 5,,,פסטה אריגי אמוריני 500 גר,גרמים,500.00,100 גרם,false,1,6.50,1.3000,true,1,192220
8003740191009,false,דפי לזניה אריגי 500,,,דפי לזניה אריגי 500 גר,גרמים,500.00,100 גרם,false,1,12.90,2.5800,true,1,191135
8003740651060,false,ניוקי אריגי 500 גר,,,ניוקי אריגי 500 גר,גרמים,500.00,100 גרם,false,1,8.90,1.7800,true,1,191136
8003740660765,false,פסטו ירוק 190 גר,,,פסטו ירוק 190 גר,גרמים,190.00,100 גרם,false,1,12.90,6.7895,true,1,191139
8003740667467,false,רוטב פסטה בזיליקום א,,,רוטב פסטה בזיליקום אריגי 320 גר,גרמים,320.00,100 גרם,false,1,9.90,3.0938,true,1,191137
8003740667566,false,רוטב פסטה ארבייאטה א,,,רוטב פסטה ארבייאטה אריגי 320 גר,גרמים,320.00,100 גרם,false,1,9.90,3.0938,true,1,191138
8003740669263,false,רוטב בולונז צמחי ארי,,,רוטב בולונז צמחי אריגי 320 גר,גרמים,320.00,100 גרם,false,1,10.90,3.4063,true,1,198466
8003740669362,false,רוטב פטריות אריגי 32,,,רוטב פטריות אריגי 320 גר,גרמים,320.00,100 גרם,false,1,10.90,3.4063,true,1,206091
8003753158556,false,אילי קפסולות אספרסו קלאסיקו 10 יח' 57 גרם,ג'ייקובס דאו אגרבטס,FR,קפסולות אילי אספרסו קלאסיקו 10 יח,גרמים,57.00,100 גרם,false,1,23.90,41.9298,true,1,197229
8003753158587,false,אילי קפסולות אספרסו פורטה 10 יח' 57 גרם,ג'ייקובס דאו אגרבטס,FR,קפסולות אילי אספרסו פורטה 10 יח,גרמים,57.00,100 גרם,false,1,23.90,41.9298,true,1,197231
8003753900438,false,קפה טחון לאספרסו קליה בינונית,קפה לנדוור,IL,קפה אילי-אספרסו טחון,גרמים,250.00,100 גרם,false,1,39.90,15.9600,true,1,174040
8003866002111,false,קפסולות קפה 10 יח' (כחול) DIEMME MENTE,דאמה קפה Diemme Caffe,,קפסולות קפה דיאמה כחול 10 יח,Unknown,0.00,Unknown,false,1,19.90,0.0000,true,1,182017
8004030022010,false,ירקות גינה עם טונה ריו מרה אינסלטיסימי 160 ג',"בולטון אלימנטרי בע""מ",IT,טונה ריו מארה אינסלטיסימי ירקות גינה 160,גרמים,160.00,100 גרם,false,1,16.90,10.5625,true,1,182674
8004030026018,false,"מקסיקני עם טונה ריו מרה אינסלטיסימי, 160 ג'","בולטון אלימנטרי בע""מ",IT,טונה ריו מארה אינסלטיסימי מקסיקני 160 גר,גרמים,160.00,100 גרם,false,1,16.90,10.5625,true,1,182673
8004030044005,false,נתחי טונה בשמן זית ריו מרה 160 ג',"בולטון אלימנטרי בע""מ",IT,"טונה ריו מרה בשמן זית 160 ג""",גרמים,160.00,100 גרם,false,1,17.90,11.1875,true,1,174047
8004030102033,false,טונה בשמן זית עם מיץ לימון ופלפל שחור - מארז 3 יח',בולטון אלימנטרי,IT,טונה ריו מרה בשמן עם לימון ופלפל שלישיה,גרמים,240.00,100 גרם,false,1,26.90,11.2083,true,1,186936
8004030177000,false,טונה בשמן זית וצ'ילי ריו מרה מארז 80X3 גר',ריו מארה Rio Mare,,טונה ריו מרה בשמן זית עם צילי 80גר שלישי,גרמים,240.00,100 גרם,false,1,26.90,11.2083,true,1,185046
8004030344938,false,טונה בשמן זית ריו מרה שלישיה * 80 ג',"בולטון אלימנטרי בע""מ",IT,טונה ריו מרה בשמן זית 80גר שלישיה,גרמים,240.00,100 גרם,false,1,26.90,11.2083,true,1,178487
8004030845046,false,טונה עם ירקות בתוספת עם אורז ריו מרה אינסלטיסימי 160 ג',בולטון אלימנטרי,IT,טונה ריו מארה אינסלטיסימי עם אורז 160 גר,גרמים,160.00,100 גרם,false,36,16.90,10.5625,true,1,188165
8004030860001,false,ירקות עם קוקוס וטונה ריו מרה אינסלטיסימי 160 ג',"בולטון אלימנטרי בע""מ",IT,טונה ריו מארה אינסלטיסימי קוסקוס 160 גר,גרמים,160.00,100 גרם,false,1,16.90,10.5625,true,1,181384
8004123004893,false,שמן מתובל טעם פטריות,,,"שמן מתובל טעם פטריות כמהין 250 מ""ל",מיליליטרים,250.00,"100 מ""ל",false,1,29.90,11.9600,true,1,193432
8004160521308,false,יין מבעבע מונדורו אס,MONDORO,IT,"יין מבעבע מונדורו אסייסטי 750 מ""ל",מיליליטרים,750.00,"100 מ""ל",false,6,64.90,8.6533,true,1,186710
8004708018963,false,מלח אפור אטלנטי מטחנ,דרוגריה ואלימנטרי אס,IT,מלח אפור אטלנטי במטחנה 70 גר,גרמים,70.00,100 גרם,false,1,14.90,21.2857,true,1,198928
8005110002243,false,רכז עגבניות Doppio Concentr בשפופרת 185 ג' MUTTI,"איי, בי, אינבוו",IT,רכז עגבניות מוטי בשפופרת 185 גר,גרמים,185.00,100 גרם,false,24,7.90,4.2703,true,1,195312
8005110170300,false,עגבניות מרוסקות חתוכות מוטי MUTTI שלישיה *400,מוטי Mutti,IT,עגבניות מרוסקות מוטי 400 גר שלישייה,גרמים,1200.00,100 גרם,false,1,16.90,1.4083,true,1,182026
8005110171215,false,עגבניות חתוכות 690 POLPAPEZZI ג' (כחול) MUTTI,"איי, בי, אינבוו",IT,עגבניות מוטי חתוכות 690 גר,גרמים,690.00,100 גרם,false,1,14.90,2.1594,true,1,182025
8005110180002,false,קטשופ עגבניות מוטי 3,,,קטשופ עגבניות מוטי 340 גר,גרמים,340.00,100 גרם,false,1,11.90,3.5000,true,1,182030
8005110200014,false,רסק עגבניות בתוספת מלח,"איי, בי, אינבוו",IT,רכז עגבניות מוטי 210 גר,גרמים,210.00,100 גרם,false,1,6.90,3.2857,true,1,182024
8005200286584,false,משקה תה בטעם מנגו אננס 1.5 ל' NESTEA,מפעל סאנפלגרינו S.P.,IT,תה קר נסטי מנגו אננס 1.5 ל,ליטרים,1.50,ליטר,false,1,8.90,5.9333,true,1,201135
8005268020175,false,שעועית אדומה במי מלח,,,שעועית אדומה במי מלח 400 גר,גרמים,400.00,100 גרם,false,12,6.90,1.7250,true,1,196141
8005469951452,false,ממרח אנשובי עם שמן חמניות,בנדטו סקלייה סרל,IT,ממרח אנשובי איטלקי 60 גר,גרמים,60.00,100 גרם,false,1,11.90,19.8333,true,1,191310
8005803010357,false,אמור די פאן - קלאסי 125 גרם,"אינסטנטה בע""מ",IT,גריסיני קלאסי 125 גרם,גרמים,125.00,100 גרם,false,1,6.90,5.5200,true,1,197415
8005803010661,false,אמור די פאן - שומשום 125 גרם,"הוסטה איטליה, ס.ר.ל.",IT,גריסיני שומשום 125 גרם,גרמים,125.00,100 גרם,false,1,6.90,5.5200,true,1,197412
8006540110317,false,שמפו מינרלס ביוטין + במבוק לשיער חזק וארוך,פנטן Pantene,RO,פנטן שמפו מיראקלס במבוק 400 מל,מיליליטרים,400.00,"100 מ""ל",false,6,19.90,4.9750,true,1,197882
8006540112823,false,"לנור מרכך כביסה מרוכז בניחוח האוקיינוס 900 מ""ל",פרוקטר אנד גמבל,FR,מרכך כביסה לנור מרוכז בניחוח האוקיינוס,מיליליטרים,900.00,"100 מ""ל",false,1,16.90,1.8778,true,1,197195
8006540222089,false,פמפרס מגבונים היגיינים לתינוקות וילדים TO GO 40 יח',,,מגבונים היגיינים לילדים טו גו פמפרס 40 י,Unknown,0.00,Unknown,false,1,7.90,0.0000,true,1,199507
8006540352960,false,טמפונים טמפקס פרל רג,פרוקטר & גמבל,HK,טמפונים רגולר פרל טמפקס 20 יח,Unknown,0.00,Unknown,false,1,21.90,0.0000,true,1,199516
8006540353004,false,טמפונים טמפקס פרל סו,פרוקטר & גמבל,HK,טמפונים סופר פרל טמפקס 18 יח,Unknown,0.00,Unknown,false,1,21.90,0.0000,true,1,199517
8006540425930,false,קפסולות לכתמים קשים 24 יח' אריאל,פרוקטר אנד גמבל,FR,קפסולות אריאל לכתמים קשים 24 יח,Unknown,0.00,Unknown,false,3,31.90,0.0000,true,1,201078
8006540463550,false,טבליות פיירי פלטינום,פרוקטר & גמבל,FR,טבליות למדיח כלים פיירי פלטינום 63 יח,Unknown,0.00,Unknown,false,4,54.90,0.0000,true,1,205657
8006540495216,false,"מרכך כביסה בניחוח אמאטיסט 900 מ""ל לנור",פרוקטר & גמבל,FR,מרכך כביסה לנור אמאטיסט 900 מל,מיליליטרים,900.00,"100 מ""ל",false,1,16.90,1.8778,true,1,204927
8006540495247,false,"לנור מרכך כביסה בניחוח פרחי בר 900 מ""ל",פרוקטר & גמבל,FR,מרכך כביסה לנור פרחי בר 900 מל,מיליליטרים,900.00,"100 מ""ל",false,1,16.90,1.8778,true,1,204928
8007150901623,false,שמן זרעי ענבים 1 ליטר +1/2 ליטר במארז,,,מארז זוג שמן זרעי ענבים 1.5 ל,ליטרים,1.50,ליטר,false,1,54.90,36.6000,true,1,183263
8007150907175,false,שמן אורז 1 ל,,,שמן אורז 1 ליטר,ליטרים,1.00,ליטר,false,1,34.90,34.9000,true,1,181718
8007153006943,false,שמן זית כתית מעולה 7,,,שמן זית כתית מעולה 750 מל,מיליליטרים,750.00,"100 מ""ל",false,1,34.90,4.6533,true,1,193818
8007153006950,false,שמן זית כתית מעולה 1,,,שמן זית כתית מעולה 1 ל,ליטרים,1.00,ליטר,false,1,44.90,44.9000,true,1,193802
8007153007124,false,שמן זית כתית מעולה פ,,,שמן זית כתית מעולה פירותי מעודן 1 ל,ליטרים,1.00,ליטר,false,1,44.90,44.9000,true,1,200286
8007153034113,false,שמן זרעי ענבים פרציו,,,שמן זרעי ענבים פרציוני 1 ל,ליטרים,1.00,ליטר,false,1,29.90,29.9000,true,1,195371
8007178120310,false,חומץ בלסמי ד'מודנה Giacobazzi,פטורייה ג'יאקובאזי ס,IT,"חומץ בלסמי ג""קובז 50",מיליליטרים,500.00,"100 מ""ל",false,1,21.90,4.3800,true,1,174083
8007178223547,false,קרם מצומצם עם חומץ בלסמי ממודנה,פארייפאבה אגרואינדוס,IT,קרמ בלסמי מצומצם 250מל,מיליליטרים,250.00,"100 מ""ל",false,1,25.90,10.3600,true,1,178926
8008620063032,false,קריץ-קרקר שמן זית רוזמרין 250 ג',,,קרקרים עם שמן זית ור,גרמים,250.00,100 גרם,false,12,9.90,3.9600,true,1,174114
8008660210014,false,מעדן פרי משמש 100% רכיבי פרי,קריניציה ויטמינה אס,IT,מעדן ריבת משמש 300 גר,גרמים,300.00,100 גרם,false,1,13.90,4.6333,true,1,180422
8008660210038,false,מעדן פרי תות שדה 100% רכיבי פרי,קריניציה ויטמינה אס,IT,מעדן ריבת תות שדה 300 גר,גרמים,300.00,100 גרם,false,1,13.90,4.6333,true,1,180424
8008660210045,false,מעדן פרי פירות יער 100% רכיבי פרי,שוורצקוף& הנקל דיסלד,IT,מעדן ריבת פירות יער 300 גר,גרמים,300.00,100 גרם,false,1,13.90,4.6333,true,1,180423
8009470009027,false,סימבה שימורים לכלבים עוף והודו 415 ג',אמ.או.אן.ג'י.אי.אמונ,,אוכל כלבים סימבה עוף והודו 415 גר,גרמים,415.00,100 גרם,false,1,4.90,1.1807,true,1,182808
8009470009072,false,סימבה שימורי חתולים בטעם עוף 415ג',אמ.או.אן.ג'י.אי.אמונ,,אוכל לחתולים סימבה עוף 415 גר,גרמים,415.00,100 גרם,false,1,4.90,1.1807,true,1,182811
8009470009096,false,סימבה שימורי חתולים טעם דגים וטונה 415ג',אמ.או.אן.ג'י.אי.אמונ,,אוכל לחתולים סימבה דג 415 גר,גרמים,415.00,100 גרם,false,1,4.90,1.1807,true,1,182809
8009470009218,false,מעדן לחתול בשר 100 ג' סימבה,,,מעדן לחתולים סימבה בשר 100 גר,גרמים,100.00,100 גרם,false,1,4.90,4.9000,true,1,184910
8009470009225,false,סימבה מעדן לחתול עוף 100 ג',,,אוכל לחתולים סימבה עוף 100 גר,גרמים,100.00,100 גרם,false,1,4.90,4.9000,true,1,184908
8009470009546,false,סימבה שימורי חתולים בטעם כבש 500ג',אמ.או.אן.ג'י.אי.אמונ,,אוכל לחתולים סימבה כבש 415 גר,גרמים,415.00,100 גרם,false,1,4.90,1.1807,true,1,182810
8013399145278,false,סוכריות ג'לי בטעם ליקריץ ללא תוספת סוכר,דיאטורל Dietorelle,IT,סט דיטורל ליקוריש רך 70 גר,גרמים,70.00,100 גרם,false,1,9.90,14.1429,true,1,192623
8013399145315,false,סוכריות ג'לי ללא סוכר בטעם תות,דיאטורל Dietorelle,IT,סט דיטורל תות שקית רך 70 גר,גרמים,70.00,100 גרם,false,1,9.90,14.1429,true,1,192622
8016129000847,false,גבינה פרמרגיו מיושננ,,,גבינה פרמרגיו מיושננת 150 גר,גרמים,150.00,100 גרם,false,1,27.90,18.6000,true,1,182000
8017746286539,false,יין קיאנטי בקש פוגיו,סלבדורי,,"יין קיאנטי בקש פוגיו סו וינצי 750 מ""ל",מיליליטרים,750.00,"100 מ""ל",false,1,44.90,5.9867,true,1,184927
8018075001237,false,יין מתובל מבעבע חצי,,IT,יין מתובל מבעבע חצי מתוק פרגולינו מוחיטו,מיליליטרים,330.00,"100 מ""ל",false,24,11.90,3.6061,true,1,202748
8018075001299,false,יין מתובל מבעבע פרגו,,IT,יין מתובל מבעבע פרגולינו קוקטייל שפריץ,מיליליטרים,330.00,"100 מ""ל",false,24,11.90,3.6061,true,1,202749
8018075001312,false,יין מתובל מבעבע פרגו,,IT,יין מתובל מבעבע פרגולינו פינה קולדה 330,מיליליטרים,330.00,"100 מ""ל",false,24,11.90,3.6061,true,1,202750
8021423011499,false,רבעי ארטישוק על הגריל בשמן חמניות 510 ג' (12),אהלרומנה,,רבעי ארטישוק על הגריל בשמן חמניות 510 ג,גרמים,510.00,100 גרם,false,1,34.90,6.8431,true,1,181683
8022470213393,false,דרגיה פריסקו שקד מרי,ITALIANA CONFETTI-PR,,דרגיה פריסקו שקד מריר 500גר,גרמים,500.00,100 גרם,false,1,34.90,6.9800,true,1,177398
8022470213409,false,דרגיה פריסקו שקד חלב,ITALIANA CONFETTI-PR,,דרגיה פריסקו שקד חלב 500גר,גרמים,500.00,100 גרם,false,1,34.90,6.9800,true,1,177402
8022470213423,false,דרגיה פריסקו לוז מרי,ITALIANA CONFETTI-PR,,דרגיה פריסקו לוז מריר 500גר,גרמים,500.00,100 גרם,false,1,34.90,6.9800,true,1,177397
8022470213485,false,דרגיה פריסקו דובדבן,ITALIANA CONFETTI-PR,,דרגיה פריסקו דובדבן מריר 500גר,גרמים,500.00,100 גרם,false,1,34.90,6.9800,true,1,177400
8022470217773,false,דרגיה פריסקו שקדים ש,ITALIANA CONFETTI-PR,,דרגיה פריסקו שקדים שיש 500גר,גרמים,500.00,100 גרם,false,1,34.90,6.9800,true,1,177403
8022470226362,false,דרזה מקסטרים קשיו חל,ITALIANA CONFETTI-PR,,"דרזה ""מקסטרים"" קשיו חלב 500גר",גרמים,500.00,100 גרם,false,1,34.90,6.9800,true,1,178005
8023492004495,false,טבלאות שוקולד חלב עם,Dg3 dolciaria,IT,שוקולד חלב עם אגוזי לוז 225 גר,גרמים,225.00,100 גרם,false,1,12.90,5.7333,true,1,202948
8023492004525,false,שוקולד מריר עם חמוצי,Dg3 dolciaria,IT,שוקולד מריר עם חמוציות 225 גר,גרמים,225.00,100 גרם,false,1,12.90,5.7333,true,1,202947
8032793344292,false,עגבניות חתוכות דק בק,פומי Pomi,,עגבניות חתוכות דק בקבוק 700 גר,גרמים,700.00,100 גרם,false,1,11.90,1.7000,true,1,192616
8032793344520,false,תרכיז עגבניות רסק עגבניות מרוכז מאוד,פומי Pomi,,רסק עגבניות מרוכז מאוד 200 גר,גרמים,200.00,100 גרם,false,1,7.90,3.9500,true,1,194072
8032880800243,false,פיקניק הפתעה 50 גרם-איגוד רבנים,"הוסטה איטליה, ס.ר.ל.",IT,"פיקניק הפתעה 50 ג""ר",גרמים,50.00,100 גרם,false,1,7.90,15.8000,true,1,174906
8033028910015,false,שעועית ברוטב עגבניות,,,שעועית ברוטב עגבניות 400 גר,גרמים,400.00,100 גרם,false,12,6.90,1.7250,true,1,196142
8033028910022,false,שעועית חמאה לימובסקי,,,שעועית חמאה לימובסקיה 400 גר,גרמים,400.00,100 גרם,false,24,6.90,1.7250,true,1,196140
8033028910053,false,שעועית לבנה במי מלח,,,שעועית לבנה במי מלח 400 גר,גרמים,400.00,100 גרם,false,12,6.90,1.7250,true,1,196139
8033378340043,false,חומץ בלסמי לאונרדי 2,,,"חומץ בלסמי לאונרדי 250 מ""ל",מיליליטרים,250.00,"100 מ""ל",false,1,49.90,19.9600,true,1,182006
8034023209272,false,ארטישוק א-לה רומנה ב,אהלרומנה,,ארטישוק א-לה רומנה בשמן חמניות 510 גר,גרמים,510.00,100 גרם,false,1,34.90,6.8431,true,1,181682
8050705431106,false,עוגיות במילוי קרם בט,,,עוגיות במילוי קרם בטעם שוקולד 300 גר,גרמים,300.00,100 גרם,false,1,18.90,6.3000,true,1,199689
8050705432219,false,עוגיות בטעם קפה עם ק,,,עוגיות בטעם קפה עם קרם חלב 300 גר,גרמים,300.00,100 גרם,false,1,18.90,6.3000,true,1,191424
8053259247278,false,רוטב בלסמי איי סולאי,,,רוטב בלסמי איי סולאי קלאסי 180 גר,גרמים,180.00,100 גרם,false,1,10.90,6.0556,true,1,182005
8076800195033,false,ברילה - צ.א ספגטיני מס3 חדש 500 גרם,ברילה גי.אי.אר פרטלי,IT,ספגטיני ברילה 500 גר,גרמים,500.00,100 גרם,false,1,6.90,1.3800,true,1,174927
8076800195057,false,ברילה - צ.א ספגטי מס5 חדש 500 גרם,ברילה גי.אי.אר פרטלי,IT,ספגטי ברילה מס 5 500 גר,גרמים,500.00,100 גרם,false,1,6.90,1.3800,true,1,174928
8076800195132,false,ברילה - צ.א בבטה מס13 500 גרם,ברילה גי.אי.אר פרטלי,IT,ספגטי ברילה,גרמים,500.00,100 גרם,false,1,6.90,1.3800,true,1,174929
8076800315097,false,ברילה - צ.א בוקטיני מס9 500 גרם,ברילה גי.אי.אר פרטלי,IT,"פסטה ""ברילה"" בוקטיני",גרמים,500.00,100 גרם,false,1,6.90,1.3800,true,1,174930
8076802085738,false,ברילה - צ.ק פנה רגטה חדש 500 גרם,ברילה גי.אי.אר פרטלי,IT,"פסטה ""ברילה"" פנה רגט",גרמים,500.00,100 גרם,false,1,6.90,1.3800,true,1,174931
8076802085837,false,ברילה - צ.ק טורטליוני מס83 500 גרם,הנסיך- מפעל לייצור ט,IT,פסטה ברילה צינור 500 גר,גרמים,500.00,100 גרם,false,15,6.90,1.3800,true,1,174932
8076802085981,false,ברילה - צ.ק פוזילי חדש 500 גרם,ברילה גי.אי.אר פרטלי,IT,פסטה ברילה פוזילי 500 גר,גרמים,500.00,100 גרם,false,1,6.90,1.3800,true,1,174934
8076808050440,false,ברילה פסטה מקרוני מס 44 500 גר,ברילה Barilla,IT,"פסטה ""ברילה"" מקרוני",גרמים,500.00,100 גרם,false,1,6.90,1.3800,true,1,174935
8076808060654,false,ברילה - צ.ק פרפלה חדש 500 גרם,ברילה גי.אי.אר פרטלי,IT,"פסטה ""ברילה"" פרפלה",גרמים,500.00,100 גרם,false,1,6.90,1.3800,true,1,174936
8076808070882,false,ברילה פסטה קנלוני 500ג',פאסטיפיקו ריגו אס.אר,IT,פסטה ברילה קנלוני 250 גר,גרמים,250.00,100 גרם,false,1,13.90,5.5600,true,1,174937
8076808150072,false,ברילה - צ.א ספגטוני מס7 חדש 500 גרם,ברילה גי.אי.אר פרטלי,IT,"ספגטי ""ברילה"" עבה מס",גרמים,500.00,100 גרם,false,1,6.90,1.3800,true,1,174938
8076809512268,false,ברילה - צ.ק גירנדולה חדש 500 גרם,ברילה גי.אי.אר פרטלי,IT,"פסטה ""ברילה"" גירנדול",גרמים,500.00,100 גרם,false,1,6.90,1.3800,true,1,174939
8076809513654,false,בסיס רוטב עגבניות לבולונז 400 ג' ברילה,ברילה גי.אי.אר פרטלי,IT,"רוטב ""ברילה"" בסיס עג",גרמים,400.00,100 גרם,false,1,12.90,3.2250,true,1,174942
8076809513692,false,רוטב פסטה ברילה נפוליטנה 400ג',ברילה גי.אי.אר פרטלי,IT,"רוטב ""ברילה"" נפוליטנ",גרמים,400.00,100 גרם,false,1,12.90,3.2250,true,1,174943
8076809513739,false,רוטב פסטה ברילה בזיליקום 400 ג',ברילה גי.אי.אר פרטלי,IT,"רוטב ""ברילה"" בזיליקו",גרמים,400.00,100 גרם,false,1,12.90,3.2250,true,1,174944
8076809515115,false,טורטליני ריקוטה ותרד,,,טורטליני ריקוטה ותרד 250 גר,גרמים,250.00,100 גרם,false,1,21.90,8.7600,true,1,202574
8076809523561,false,רוטב עגבניות עם עשבי תיבול 400 ג' ברילה,ברילה גי.אי.אר פרטלי,IT,"400 רוטב ""ברילה"" בטעם פי",גרמים,400.00,100 גרם,false,1,12.90,3.2250,true,1,174946
8076809523714,false,"פסטה ברילה טליאטלה, 500 ג'","ש. שסטוביץ בע""מ",IT,"פסטה ""ברילה"" טליאטלה",גרמים,500.00,100 גרם,false,1,22.90,4.5800,true,1,174947
8076809523738,false,פסטה ברילה לזניה 500ג',ברילה גי.אי.אר פרטלי,IT,"לזניה ""ברילה""",גרמים,500.00,100 גרם,false,1,21.90,4.3800,true,1,174948
8076809529419,false,ספגטי מחיטה מלאה מס' 5 500 ג' ברילה,ברילה גי. אי. אר פרט,IT,"ספגטי ""ברילה"" חיטה מ",גרמים,500.00,100 גרם,false,1,13.90,2.7800,true,1,174949
8076809529433,false,ברילה פנטה רגטה מחיטה מלאה 500ג',"ש. שסטוביץ בע""מ",IT,"פנטה רגטה ""ברילה"" חי",גרמים,500.00,100 גרם,false,1,13.90,2.7800,true,1,174950
8076809545440,false,אטריות ללא גלוטין ברילה 400ג',ברילה ג'.אי.אר פרטלי,IT,פסטה ברילה אטריות ללא גלוטן 400 גר,גרמים,400.00,100 גרם,false,1,14.90,3.7250,true,1,179591
8076809547956,false,ברילה - צ.ק קיפרי 500 גרם,ברילה ג'.אי.אר פרטלי,IT,פסטה ברילה קיפרי 500 גר,גרמים,500.00,100 גרם,false,14,6.90,1.3800,true,1,191888
8076809569118,false,רוטב ברילה ארביאטה 4,,,רוטב ברילה ארביאטה 400 גר,גרמים,400.00,100 גרם,false,1,12.90,3.2250,true,1,196816
8076809572873,false,מולינו ביאנקו - ביאנקו גלטי עם פתיתי סוכר 350 גרם,,,עוגיות חמאה מסוכרות 350 גר,גרמים,350.00,100 גרם,false,1,16.90,4.8286,true,1,197123
8076809572897,false,מולינו ביאנקו - מאסין עגולות 350 גרם,,,עוגיות מאקינה עם קרם 350 גר,גרמים,350.00,100 גרם,false,1,16.90,4.8286,true,1,197124
8076809578998,false,ברילה - צ.ק. סטלינה 500 גרם,ברילה Barilla,,פסטה ברילה סטלינה 500 גר,גרמים,500.00,100 גרם,false,1,6.90,1.3800,true,1,197651
8076809580762,false,רוטב פסטו בזיליקום ע,,,רוטב פסטו בזיליקום עם גבית פרמזן 190 גר,גרמים,190.00,100 גרם,false,1,24.90,13.1053,true,1,204629
8410076600622,false,חטיפי גרנולה Crunchy שיבולת שועל מלאה ושבבי שוקולד מריר,ג'נרל מילס סאן אדריא,ES,חטיף נייטשר ואלי קראנץ שבבי שוקולד,גרמים,210.00,100 גרם,false,1,14.90,7.0952,true,1,176469
8410076610379,false,נייטשר ואלי פרוטאין בוטנים ושבבי שוקולד 160 ג',סריילטו ספיין פודס,ES,חטיף נייטשר ואלי פרוטאין בוטנים שבבי שוק,Unknown,0.00,Unknown,false,1,19.90,0.0000,true,1,189381
8410076610386,false,נייטשר ואלי פרוטאין בוטנים עם ציפוי בטעם קרמל מלוח 160 ג',סריילטו ספיין פודס,ES,חטיף נייטשר ואלי פרוטאין בוטנים קרמל מלו,גרמים,160.00,100 גרם,false,1,19.90,12.4375,true,1,189382
8410076621009,false,עוגות אישיות בטעם קרמל עם חתיכות בטעם קרמל מלוח,"גלאטס סירו בע""מ",ES,חטיף פייבר 1 בטעם קרמל מלוח 120 גר,גרמים,120.00,100 גרם,false,5,14.90,12.4167,true,1,195617
8410076621047,false,עוגות אישיות בטעם שוקולד עם חתיכות בטעם שוקולד,"גלאטס סירו בע""מ",ES,חטיף פייבר 1 בטעם שוקולד פאדג 120 גר,גרמים,120.00,100 גרם,false,5,14.90,12.4167,true,1,195616
8410104035112,false,"פיניש - נוזל הברקה 400 מ""ל",רקיט בנקיזר,PL,פיניש נוזל הברקה רגי,מיליליטרים,400.00,"100 מ""ל",false,1,9.90,2.4750,true,1,174952
8410104039134,false,"פיניש מנקה ומחדש מדיח 250מ""ל",הדקלאים אגודת שיתופי,PL,פיניש מנקה ומחדש מדי,מיליליטרים,250.00,"100 מ""ל",false,1,14.90,5.9600,true,1,174953
8410104045111,false,"פיניש מלח למדיח כלים 2ק""ג",פ.פ.ח. שאביט,IL,"מלח למדיח פיניש 2 ק""",קילוגרמים,2.00,"ק""ג",false,1,14.90,7.4500,true,1,174955
8410104437268,false,פיניש מפיג ריח למדיח רגיל,רקיט בנקיזר,PL,פיניש סטופ לריח,Unknown,0.00,Unknown,false,1,14.90,0.0000,true,1,176933
8410113001122,false,יין ויניה אזמרלדה 75,,,יין ויניה אזמרלדה 750 מל,מיליליטרים,750.00,"100 מ""ל",false,6,54.90,7.3200,true,1,196013
8410113009012,false,יין ויניה אזמרלדה רו,,,יין ויניה אזמרלדה רוזה 750 מל,מיליליטרים,750.00,"100 מ""ל",false,6,54.90,7.3200,true,1,196014
8410128768324,false,משקה סויה שקדים קרטונית1 ל' ויוה סוי,ויוה סוי Viva Soy,,משקה שקדים ויוה סוי קרטונית 1 ל,ליטרים,1.00,ליטר,false,1,12.90,12.9000,true,1,192049
8410128768355,false,משקה ויוה סוי סויה קרטונים 1 ל',ויוה סוי Viva Soy,,משקה סויה ויוה סוי קרטונית 1 ל,ליטרים,1.00,ליטר,false,1,11.90,11.9000,true,1,192046
8410128783587,false,ויוה סוי שיבולת שועל,,,משקה שיבולת שועל וי סוי קרטונית 1 ל,ליטרים,1.00,ליטר,false,6,12.90,12.9000,true,1,205261
8410128785734,false,משקה סויה בריסטה ויו,,,משקה סויה בריסטה ויוה סוי קרטונית 1 ל,ליטרים,1.00,ליטר,false,6,11.90,11.9000,true,1,206977
8410161511253,false,ברנדי דה חרז רומטה 7,רומטה,,"ברנדי דה חרז רומטה 700 מ""ל",מיליליטרים,700.00,"100 מ""ל",false,1,74.90,10.7000,true,1,179516
8410179002651,false,זיתים שחורים מגולעני,,,"זיתים שחורים בלי חרצנים 350 מ""ל",גרמים,314.00,100 גרם,false,1,9.90,3.1529,true,1,183791
8410179002767,false,זיתים ירוקים עם אנשו,,,זיתים ירוקים עם אנשובי 300 גר,מיליליטרים,300.00,"100 מ""ל",false,12,9.90,3.3000,true,1,174956
8410179002798,false,זיתים ירוקים ממולאים,,,זיתים ירוקים עם לימון 314 מל,גרמים,314.00,100 גרם,false,1,9.90,3.1529,true,1,176477
8410179002804,false,זיתים ירוקים ממולאים,,,זיתים ירוקים עם גבינה 300 גר,גרמים,314.00,100 גרם,false,1,9.90,3.1529,true,1,174957
8410179002828,false,זיתים ירוקים עם סלמו,,,זיתים ירוקים עם סלמון 300 גר,גרמים,300.00,100 גרם,false,12,9.90,3.3000,true,1,174958
8410179002873,false,זיתים ירוקים ממולאים,,,זיתים ירוקים ממולאים בשרימפס 300 גר,מיליליטרים,300.00,"100 מ""ל",false,12,9.90,3.3000,true,1,174959
8410179002880,false,זיתים ירוקים ממולאים,,,זיתים ירוקים ממולאים בלובסטר 300 גר,מיליליטרים,300.00,"100 מ""ל",false,12,9.90,3.3000,true,1,174960
8410300104612,false,קוביות למרק גלינה בל,,,"קוביות למרק ""גלינה בלנקה"" בטעם פטריות 8",Unknown,0.00,Unknown,false,1,12.90,0.0000,true,1,176302
8410300207665,false,קוביות למרק גלינה בל,,,"קוביות למרק ""גלינה בלנקה"" בטעם עוף 8 יח",Unknown,0.00,Unknown,false,1,12.90,0.0000,true,1,176304
8410300233954,false,מרק גלינה בלנקה להכנ,,,"מרק ""גלינה בלנקה"" להכנה מהירה בטעם עוף",גרמים,15.00,100 גרם,false,1,3.90,26.0000,true,1,174967
8410300233961,false,מרק גלינה בלנקה להכנ,,,"מרק ""גלינה בלנקה"" להכנה מהירה בטעם עוף",גרמים,15.00,100 גרם,false,1,3.90,26.0000,true,1,174968
8410300233978,false,מרק גלינה בלנקה להכנ,,,"מרק ""גלינה בלנקה"" להכנה מהירה בטעם שמפני",גרמים,15.00,100 גרם,false,1,3.90,26.0000,true,1,174969
8410300233985,false,מרק גלינה בלנקה להכנ,,,"מרק ""גלינה בלנקה"" להכנה מהירה בטעם פטריו",גרמים,15.00,100 גרם,false,1,3.90,26.0000,true,1,174970
8410300233992,false,מרק פירה אפונה גלינה,,,"מרק ""גלינה בלנקה"" פירה להכנה מהירה בטעם",גרמים,17.00,100 גרם,false,1,3.90,22.9412,true,1,174971
8410300234005,false,מרק גלינה בלנקה להכנ,,,"מרק ""גלינה בלנקה"" להכנה מהירה בטעם בשר",גרמים,15.00,100 גרם,false,1,3.90,26.0000,true,1,174972
8410300238164,false,קוביות למרק גלינה בל,,,"קוביות למרק ""גלינה בלנקה"" בטעם עוף עם יר",Unknown,0.00,Unknown,false,1,12.90,0.0000,true,1,176303
8410300340232,false,קוביות למרק גלינה בל,,,"קוביות למרק ""גלינה בלנקה"" בטעם בקר על עצ",Unknown,0.00,Unknown,false,1,12.90,0.0000,true,1,176300
8410300351382,false,קוביות מרק עוף ללא מ,יורופוד,,קוביות מרק עוף ללא מלח 8 גר,גרמים,8.00,100 גרם,false,1,12.90,161.2500,true,1,180958
8410342004796,false,שוקולד מריר 85% ללא סוכר טוראס 100ג',צ'יקולטס טוארס,ES,שוקולד מריר טוראס 85% ללא סוכר 100 גר,גרמים,100.00,100 גרם,false,12,14.90,14.9000,true,1,189630
8410376006070,false,בסקוויט גולון מריה 800 ג',,,"ביסקוויט ""גולון"" מר""",גרמים,800.00,100 גרם,false,10,12.90,1.6125,true,1,174973
8410376009392,false,ביסקוויט חיטה מלאה ל,גאלטס גלון סא,ES,גולון ביסקוויט מחיטה,גרמים,170.00,100 גרם,false,1,10.90,6.4118,true,1,174974
8410376010701,false,גולון ביסקוויט מרי ללא סוכר 400 ג',תות תעשיות מזון (201,ES,גולון ביסקוויט מרי ל,גרמים,400.00,100 גרם,false,1,16.90,4.2250,true,1,174976
8410376014051,false,קרקר פיק מיניס גולון,GULLON,,קרקר פיק מיניס גולון 350 גר,גרמים,350.00,100 גרם,false,12,13.90,3.9714,true,1,191124
8410376016789,false,דיאגסטיב ביסקויט חיטה מלאה גולון 400 ג',,,ביסקוויט גולון חיטה מלאה 400 גר,גרמים,400.00,100 גרם,false,20,12.90,3.2250,true,1,187085
8410376017113,false,גולון ביסקוויט סנדוויץ שוקו 500 ג',GULLON,,גולון ביסקוויט סנדוויץ 500 גר,גרמים,500.00,100 גרם,false,20,10.90,2.1800,true,1,174979
8410376037784,false,גולון סנדוויץ שוקולד ללא סוכר 250 ג',תות תעשיות מזון (201,ES,ביסקוויט גולון סנדוויץ שוקו ללא סוכר 250,גרמים,250.00,100 גרם,false,18,14.90,5.9600,true,1,187086
8410376037883,false,גוליאן עוגיות שוקו צפס ללא גלוטן 130 ג ו,תות תעשיות מזון (201,ES,עוגיות גולון שוקו ציפס ללא סוכר 130 גר,גרמים,130.00,100 גרם,false,1,12.90,9.9231,true,1,179895
8410376042481,false,ביסקוויט קרם יוגורט 220ג',גלטס גולון,,ביסקוויט גולון קרם יוגורט ללא סוכר,גרמים,220.00,100 גרם,false,1,14.90,6.7727,true,1,179689
8410376052596,false,גולון עוגיות ללא גלו,,,גולון עוגיות ללא גלוטן אוונה תפוז 180 גר,גרמים,180.00,100 גרם,false,1,10.90,6.0556,true,1,197781
8410376059380,false,גולון- וופל וניל ללא תוספת סוכר 180 ג',,,גולון וופל וניל ללא תוספת סוכר 180 גר,גרמים,180.00,100 גרם,false,12,16.90,9.3889,true,1,195321
8410376059397,false,גולון- וופל שוקולד ללא תוספת סוכר 180 ג',,,גולון וופל שוקולד ללא תוספת סוכר 180 גר,גרמים,180.00,100 גרם,false,12,16.90,9.3889,true,1,195323
8410655002458,false,בירה סאן מיגל ללא גל,SAN MIGUEL,,בירה סאן מיגל ללא גלוטן 330 מל,מיליליטרים,330.00,"100 מ""ל",false,1,10.90,3.3030,true,1,204285
8410660055869,false,שמן זית וילה בלאנקה,,,"שמן זית וילה בלאנקה 750 מ""ל",מיליליטרים,750.00,"100 מ""ל",false,1,29.90,3.9867,true,1,182353
8410702004312,false,יין ויניה לאנזאר אדו,ספרד פליקס סוליס,,"יין ""וינייה לאנזר"" ק",ליטרים,1.00,ליטר,false,1,24.90,24.9000,true,1,174985
8410702005012,false,יין סנגריה פניאסול 1,ספרד פליקס סוליס,,יין סינגריה פניאסול 1ל,ליטרים,1.00,ליטר,false,1,14.90,14.9000,true,1,177850
8410702039802,false,יין סנגריה לבן פניאס,ספרד פליקס סוליס,,יין סינגריה לבן פניאסול 1ל,ליטרים,1.00,ליטר,false,1,14.90,14.9000,true,1,182125
8410793022837,false,בירה אסטרייה דאם רבע,"סי סי דאם, אס.אל, בר",ES,בירה אסטרייה דאם 330 מל רביעייה,מיליליטרים,1320.00,"100 מ""ל",false,1,29.90,2.2652,true,1,195928
8411423041105,false,יין סרו אניון קריאנז,ספרד בודגס אולארה,,יין סרו אניון קריאנזה 0.75ל,מיליליטרים,750.00,"100 מ""ל",false,1,54.90,7.3200,true,1,177319
8413529851039,false,יין ויניה אלברדי רזר,ספרד בודגס אולארה,,יין ויניה אלברדי רזרבה אדום,Unknown,0.00,Unknown,false,1,84.90,0.0000,true,1,176756
8413664611956,false,פאפאס ארגנטה ציפס עם,,,פאפאס ארגנטה ציפס עם עשבי תיבול 160 גר,גרמים,160.00,100 גרם,false,12,17.90,11.1875,true,1,202090
8413664811844,false,פאפאס ארגנטה ציפס עם,,,פאפאס ארגנטה ציפס עם שמן זית 160 גר,גרמים,160.00,100 גרם,false,12,19.90,12.4375,true,1,195902
8413831140326,false,יין מבעבע קאווה פריו,קסניוס,,יין מבעבע קאווה פריול ברוט,מיליליטרים,750.00,"100 מ""ל",false,1,29.90,3.9867,true,1,174990
8413831140371,false,יין קאווה פריול סמי,קובידיס,,"יין קאווה פריול סמי סקו 750 מ""ל",מיליליטרים,750.00,"100 מ""ל",false,1,29.90,3.9867,true,1,179670
8420708018817,false,מנצגו בשלה 150 גרם נ,האי נאם סי או אל.טי.,ES,גבינת מנצגו 150 גר,גרמים,150.00,100 גרם,false,1,29.90,19.9333,true,1,182491
8420822130600,false,"ספריי סופר מסיר שומנים 750מ""ל יעקבי",יעקבי,,מסיר שומנים סופר 750 מל,מיליליטרים,750.00,"100 מ""ל",false,1,15.90,2.1200,true,1,201593
8423207206488,false,מרבה סלים דליס שוקולד חלב חדש,אף.סי תבליני בגליל ב,ES,חטיף מרבה סלים דליס שוקולד חלב,גרמים,120.00,100 גרם,false,1,11.90,9.9167,true,1,178554
8423207206495,false,חטיף מרבה סלים דליס שוקו' מריר 125ג',אף.סי תבליני בגליל ב,ES,חטיף מרבה סלים דליס שוקולד מריר,גרמים,120.00,100 גרם,false,1,11.90,9.9167,true,1,178555
8423207206501,false,מרבה סלים דליס חצי מצופה חדש,סלים דליס Slim Delis,ES,חטיף מרבה סלים דליס חצי מצופה,גרמים,78.00,100 גרם,false,1,11.90,15.2564,true,1,178556
8423207207362,false,סלים דליס חטיף דגנים שוקולד לבן 120 ג',ביסנצ'ורי אס.אל.יו,ES,חטיף מרבה סלים דליס,גרמים,120.00,100 גרם,false,1,11.90,9.9167,true,1,178560
8423207208260,false,מרבה סלים דליס שוקולד חלב ללא גלוטן חדש,ביסנצ'ורי אס.אל.יו,ES,חטיף מרבה סלים דליס חלב ללא גלוטן,גרמים,78.00,100 גרם,false,1,11.90,15.2564,true,1,179386
8423207208680,false,מרבה סלים דליס לילדים עם שוקולד חלב,ביסנצ'ורי אס.אל.יו,ES,חטיף מרבה סלים דליס לילדים עם שוקולד חלב,גרמים,120.00,100 גרם,false,1,11.90,9.9167,true,1,180328
8423207208697,false,מרבה סלים דליס לילדים עם שוקולד לבן חדש,ביסנצ'ורי אס.אל.יו,ES,חטיף מרבה סלים דליס חלב לילדים,גרמים,120.00,100 גרם,false,1,11.90,9.9167,true,1,179992
8423207208703,false,חטיף דגנים מצופה אקסטרה שוקולד מריר,ביסנצ'ורי אס.אל.יו,ES,חטיף סלים דליס שוקולד מריר,גרמים,120.00,100 גרם,false,1,11.90,9.9167,true,1,180116
8423207209885,false,סלים דליס מהדורה מיוחדת שוקולד חלב 120 ג',סלים דליס Slim Delis,,חטיף סלים דליס מהדורה מיוחדת שוקולד חלב,גרמים,120.00,100 גרם,false,1,11.90,9.9167,true,1,184141
8423207210287,false,מרבה סלים דליס שוקולד לבן בטעם יוגורט 120 ג',סלים דליס Slim Delis,,חטיף סלים דליס מצופה שוקולד לבן בטעם יוג,גרמים,120.00,100 גרם,false,16,11.90,9.9167,true,1,186082
8423207210928,false,חטיף דגנים מצופה שוקולד חלב ואגוזי לוז - 5 במארז,ביסנצ'ורי אס.אל.יו,ES,חטיף סלים דליס טופינג אגוזי לוז 90 גר,גרמים,90.00,100 גרם,false,16,11.90,13.2222,true,1,193459
8423207210942,false,חטיף דגנים מצופה שוקולד לבן ופירות יער,אף.סי תבליני בגליל ב,ES,חטיף סלים דליס טופינג פירות יער 90 גר,גרמים,90.00,100 גרם,false,16,11.90,13.2222,true,1,193460
8423207210966,false,חטיף רב דגנים מצופה שוקולד לבן קוקוס ולימון,אף.סי תבליני בגליל ב,ES,חטיף סלים דליס טופינג קוקוס לימון 90 גר,גרמים,90.00,100 גרם,false,16,11.90,13.2222,true,1,193458
8423371005085,false,משפחתי מיקס פיקנטי ס,Unknown,ES,מיקס פיקנטי 100 גר,גרמים,100.00,100 גרם,false,1,9.90,9.9000,true,1,193576
8423371007089,false,משפחתי בוטנים מלוחים,Unknown,ES,בוטנים מלוחים בדבש 150 גר,גרמים,150.00,100 גרם,false,1,9.90,6.6000,true,1,193577
8423371007492,false,גרעיני חמניות סאליסו,Unknown,,גרעיני חמניות סאליסול 140 גר,גרמים,140.00,100 גרם,false,24,9.90,7.0714,true,1,201057
8425206000081,false,ריבת חלב מרדל 450 גר,כלורוקס אוקלנד,ES,ריבת חלב מרדל 450 גר,גרמים,450.00,100 גרם,false,1,19.90,4.4222,true,1,192612
8425206000142,false,מרדל ריבת חלב בבקבוק לחיץ 370 ג',,,ריבת חלב בקבוק לחיץ 370 גר,גרמים,370.00,100 גרם,false,1,19.90,5.3784,true,1,192613
8425206000272,false,מרדל סירופ בטעם ריבת חלב 550 ג',קארו,ES,סירופ בטעם ריבת חלב 550 גר,גרמים,550.00,100 גרם,false,1,19.90,3.6182,true,1,192614
8436024290042,false,זיתים עם שקדים 300 ג,,,זיתים עם שקדים 300 גר,גרמים,300.00,100 גרם,false,12,10.90,3.6333,true,1,196968
8436024290066,false,זיתים עם לימון 300 ג,,,זיתים עם לימון 300 גר,גרמים,300.00,100 גרם,false,12,10.90,3.6333,true,1,196973
8436024290073,false,זיתים עם שרימפס 300,,,זיתים עם שרימפס 300 גר,גרמים,300.00,100 גרם,false,1,10.90,3.6333,true,1,196971
8436024290097,false,זיתים עם סלמון 300 ג,,,זיתים עם סלמון 300 גרם,גרמים,300.00,100 גרם,false,12,10.90,3.6333,true,1,200687
8436024294750,false,זיתים שחורים 280 גרם,,,זיתים שחורים 280 גר,גרמים,280.00,100 גרם,false,24,10.90,3.8929,true,1,196974
8436024298673,false,זיתים שחורים עם לימו,,,זיתים שחורים עם לימון 280 גר,גרמים,280.00,100 גרם,false,1,10.90,3.8929,true,1,204985
8436536181760,false,יין אדום יבש ריאו דה,,,יין אדום יבש ריאו דה לונה 750 מל,מיליליטרים,750.00,"100 מ""ל",false,1,49.90,6.6533,true,1,208890
8436536181784,false,יין אדום יבש גראנד ר,,,יין אדום יבש גראנד רזרב ריאו דה לונה,מיליליטרים,750.00,"100 מ""ל",false,1,59.90,7.9867,true,1,208891
8436536182637,false,יין אדום יבש ריאו דה,,,יין אדום יבש ריאו דה לונה 750 מל,מיליליטרים,750.00,"100 מ""ל",false,1,39.90,5.3200,true,1,208888
8437000906209,false,טורטייה קמח חיטה 320,Azteca foods europe,,טורטייה קמח חיטה 320 גר,גרמים,320.00,100 גרם,false,1,6.90,2.1563,true,1,174992
8437008915456,false,עלי טורטיה 5 דגנים 8,יכין,,עלי טורטיה 5 דגנים 8 יח,גרמים,320.00,100 גרם,false,1,6.90,2.1563,true,1,184562
8593868000050,false,בירה סטארופרמן פרמיו,,,בירה סטרופראמן לאגר,מיליליטרים,500.00,"100 מ""ל",false,1,8.90,1.7800,true,1,174996
8593868000302,false,בירה סטארופרמן פרמיו,,,בירה סטרופראמן בקבוק,מיליליטרים,500.00,"100 מ""ל",false,1,10.90,2.1800,true,1,174997
8594009923429,false,בירה קרושוביצה בהירה,,,"בירה קרושוביצה בהירה פח 500 מ""ל",מיליליטרים,500.00,"100 מ""ל",false,1,9.90,1.9800,true,1,174999
8594071650025,false,עוגת דבש מרלנקה בטעם,Marlenka,,עוגת דבש מרלנקה בטעם קקאו 800 גר,גרמים,800.00,100 גרם,false,1,74.90,9.3625,true,1,177919
8594071650292,false,עוגיות דבש מרלנקה 23,Marlenka,,עוגיות דבש מרלנקה 235 גר,גרמים,235.00,100 גרם,false,1,34.90,14.8511,true,1,177894
8594071650483,false,עוגיות דבש מרלנקה בט,Marlenka,,עוגיות דבש מרלנקה בטעם לימון 235 גר,גרמים,235.00,100 גרם,false,1,34.90,14.8511,true,1,177895
8594071650711,false,עוגת נפוליאון מרלנקה,Marlenka,,עוגת נפוליאון מרלנקה 300 גר,גרמים,300.00,100 גרם,false,1,34.90,11.6333,true,1,178993
8594071650841,false,פחזניות מרלנקה 250 ג,,,פחזניות מרלנקה 250 גר,גרמים,250.00,100 גרם,false,1,34.90,13.9600,true,1,180187
8594403707977,false,בירה באדוויזר לאגר פ,Bud?jovick? Budvar,,בירה באדוויזר לאגר פחית 500 מל,מיליליטרים,500.00,"100 מ""ל",false,24,7.90,1.5800,true,1,204855
8594404001418,false,בירה קוזל כהה בקבוק,פילזנסקי,CZ,בירה קוזל כהה בק 500 מל,מיליליטרים,500.00,"100 מ""ל",false,1,8.50,1.7000,true,1,175001
8594404110110,false,בירה פילזנר אורקוול,Plznsky,IT,"בירה ""פילזנר"" בקבוק",מיליליטרים,500.00,"100 מ""ל",false,1,11.90,2.3800,true,1,175002
8594404115115,false,בירה פילזנר אורקוול,פילזן,CZ,"בירה ""פילזנר אורקול"" פחית 500 מל",מיליליטרים,500.00,"100 מ""ל",false,1,9.90,1.9800,true,1,175004
8606109023593,false,מיץ פרוויטה תפוע ואג,,IL,"מיץ פרוויטה תפו""ע ואגס 750 מל",מיליליטרים,750.00,"100 מ""ל",false,1,10.90,1.4533,true,1,193255
8606109023609,false,מיץ פרוויטה תפוע ודו,,IL,"מיץ פרוויטה תפו""ע ודובדבן חמוץ 750 מל",מיליליטרים,750.00,"100 מ""ל",false,1,10.90,1.4533,true,1,193256
8680395195837,false,ביסקוויט פתי בר אלוו,,,ביסקוויט פתי בר אלוויאן 500 גר,גרמים,500.00,100 גרם,false,1,9.90,1.9800,true,1,204263
8683130008355,false,מיונז הלמנס שום לחיץ 400*8 גר',יוניליוור ישראל שיוו,TR,מיונז הלמנס שום לחיץ 400 גר,גרמים,400.00,100 גרם,false,8,12.90,3.2250,true,1,199472
8683130025581,false,"בדין - מרכך כביסה אקסטרא ענבר 960 מ""ל",יונילוור - תורכיה,TR,מרכך כביסה בדין אקסטרה ענבר 960 מל,מיליליטרים,960.00,"100 מ""ל",false,16,14.90,1.5521,true,1,206008
8690504081913,false,ביסקוויטים חיטה מלאה מצופה.,"אולקר ביסקווי סנאי,",TR,עוגיות מקוויטיס טינס מצופה שוקולד חלב,גרמים,150.00,100 גרם,false,1,9.90,6.6000,true,1,184899
8690504081920,false,טינס מצופה שוקולד מריר 150ג',"אולקר ביסקווי סנאי,",TR,עוגיות מקוויטיס טינס מצופה שוקולד מריר,גרמים,150.00,100 גרם,false,1,9.90,6.6000,true,1,184898
8690504081937,false,טינס מצופה חלב וקפוצינו 150ג',"אולקר ביסקווי סנאי,",TR,עוגיות מקוויטיס טינס שוקולד חלב וקפוצינו,גרמים,150.00,100 גרם,false,1,9.90,6.6000,true,1,184900
8690504153740,false,שוקולד מריר במילוי קרם בטעם שוקולד מריר,ביסקוט ביסקווי סילבר,TR,שוקולד מריר גודיבה עם גאנש מריר 86 גר,גרמים,86.00,100 גרם,false,1,14.90,17.3256,true,1,185355
8690504153849,false,שוקולד חלב במילוי קרם בטעם פרלין אגוזים,"אולקר מקבוצת פלאדיס,",TR,שוקולד חלב גודיבה קרם אגוזים 83 גר,גרמים,83.00,100 גרם,false,1,14.90,17.9518,true,1,185356
8690521016882,false,"דאב תארפי שמפו רגיל 400 מ""ל",יוניליוור,,דאב שמפו לשיער רגיל,מיליליטרים,400.00,"100 מ""ל",false,1,17.90,4.4750,true,1,175005
8690530007147,false,סלפאק מגבות מטבח קומפורט 2 שכבות,,,מגבות מטבח סלפאק שישייה,Unknown,0.00,Unknown,false,1,13.90,0.0000,true,1,191845
8690530015043,false,סלפאק מגבות מטבח שישיה 3 שכבות,איפק,,מגבות מטבח סלפאק שישייה,Unknown,0.00,Unknown,false,4,18.90,0.0000,true,1,187538
8690530036741,false,ממחטות בוטיק סלפאק,,,ממחטות בוטיק סלפאק,Unknown,0.00,Unknown,false,1,5.90,0.0000,true,1,203634
8690530274471,false,נייר טואלט סלפאק קומפורט 2 שכבות 32,,TR,נייר טואלט סלפאק דו שכבתי 32 גל 100%,Unknown,0.00,Unknown,false,1,39.90,0.0000,true,1,185665
8690530284463,false,נייר טואלט 3 שכבות 32 גלילים סלפאק,,TR,נייר טואלט סלפאק 3 שכבות 32 גלילים,Unknown,0.00,Unknown,false,1,49.90,0.0000,true,1,186367
8690530324930,false,נייר טואלט דו שכבתי 32 גליל SILEN,איפק,,נייר טואלט דו-שכבתי 32 גל SILEN,Unknown,0.00,Unknown,false,1,33.90,0.0000,true,1,185664
8690530615120,false,שישיית מגבות מטבח סילין,,,מגבות מטבח סילאן שישייה,Unknown,0.00,Unknown,false,1,11.90,0.0000,true,1,185666
8690558010020,false,נקטר אפרסק דימס 1 ל,,,נקטר אפרסק 1 ליטר,ליטרים,1.00,ליטר,false,12,8.90,8.9000,true,1,175007
8690637073373,false,תה ארל גריי בטעם ברגמוט ליפטון 25 שקיקים,יונילוור - תורכיה,TR,"תה ""ליפטון"" ארל גריי25שקיות",גרמים,50.00,100 גרם,false,1,8.90,17.8000,true,1,175015
8690637073434,false,תה ליפטון ארל גריי 100 שקיקים,ליפטון Lipton,,"תה ""ליפטון"" ארל גריי",גרמים,200.00,100 גרם,false,1,21.90,10.9500,true,1,175016
8690637505607,false,בדין אקסטרה מרכך כביסה בניחוח פינוק כחול,יוניליוור סנאיי וי ט,TR,מרכך כביסה בדין אקסטרה פינוק קלאסי 960,מיליליטרים,960.00,"100 מ""ל",false,16,14.90,1.5521,true,1,198502
8690637505614,false,"מרכך כביסה אקסטרא פינוק קוקוס 960 מ""ל בדין",יוניליוור סנאיי וי ט,TR,מרכך כביסה בדין אקסטרה פינוק קוקוס 960 מ,מיליליטרים,960.00,"100 מ""ל",false,16,14.90,1.5521,true,1,198503
8690637555084,false,"בדין - מרכך כביסה אקסטרה לבן 960 מ""ל",יוניליוור סנאיי וי ט,TR,"מרכך כביסה ""בדין"" אקסטרה תפוז 960מל",מיליליטרים,960.00,"100 מ""ל",false,1,14.90,1.5521,true,1,175019
8690637704291,false,שמפו לשיקום אינטנסיבי לשיער פגום,יוניליוור טורקיה. אז,TR,שמפו דאב משקם 600מל,מיליליטרים,600.00,"100 מ""ל",false,1,15.90,2.6500,true,1,178397
8690637704376,false,שמפו יום יומי לשיער רגיל,יוניליוור טורקיה. אז,TR,שמפו דאב יום יומי 600מל,מיליליטרים,600.00,"100 מ""ל",false,1,15.90,2.6500,true,1,178400
8690637704413,false,מרכך לשיקום אינטנסיבי לשיער פגום,יוניליוור טורקיה. אז,TR,מרכך דאב משקם 600מל,מיליליטרים,600.00,"100 מ""ל",false,1,15.90,2.6500,true,1,178403
8690637704437,false,שמפו עם שמני הזנה לטיפוח לשיער יבש,יוניליוור טורקיה. אז,TR,שמפו דאב שמני הזנה 600מל,מיליליטרים,600.00,"100 מ""ל",false,1,15.90,2.6500,true,1,178398
8690637799594,false,תה ירוק נענע בסגנון מרוקאי 36 ג',בסן בסין סנאיי וי טי,TR,תה ירוק נענע מרוקאי 30גר,גרמים,30.00,100 גרם,false,1,16.90,56.3333,true,1,180697
8690637835643,false,תה ליפטון ירוק לואיזה לימונית 20יח',יונילוור - תורכיה,TR,תה ירוק לואיזה ולימונית 30 גר,גרמים,30.00,100 גרם,false,1,16.90,56.3333,true,1,183256
8690637858734,false,"סיף - ג'ל אקונומיקה לימון 750 מ""ל",יונילוור טורקיה,TR,"סיף גל אקונומיקה לימון 750 מ""ל",מיליליטרים,750.00,"100 מ""ל",false,1,10.90,1.4533,true,1,185565
8690637858741,false,"סיף ג'ל אקונומיקה רוח ים 750 מ""ל",יוניליוור,,"גל אקונומיקה סיף רוח ים 750 מ""ל",מיליליטרים,750.00,"100 מ""ל",false,1,10.90,1.4533,true,1,185564
8690637858758,false,"סיף ג'ל אקונומיקה אורנים 750 מ""ל",יוניליוור,,"סיף גל אקונומיקה אורנים 750 מ""ל",מיליליטרים,750.00,"100 מ""ל",false,1,10.90,1.4533,true,1,185566
8690637865589,false,"דאב תרחיץ ידיים בניחוח מלפפונים 500 מ""ל",,,"סבון ידיים דאב מלפפון 500 מ""ל",מיליליטרים,500.00,"100 מ""ל",false,1,14.90,2.9800,true,1,187978
8690637865596,false,"סבון ידיים דאב הזנה עמוקה 500 מ""ל",קוסטר אירוסול ולף סנ,TR,"סבון ידיים דאב הזנה עור 500 מ""ל",מיליליטרים,500.00,"100 מ""ל",false,1,14.90,2.9800,true,1,187979
8690637871047,false,"שמפו שמן קוקוס וכורכום 600 מ""ל דאב",,TR,"שמפו דאב קוקוס 600 מ""ל",מיליליטרים,600.00,"100 מ""ל",false,16,15.90,2.6500,true,1,185981
8690637871061,false,"דאב שמפו שמן אבוקדו ותמצית קלנדולה 600 מ""ל",יוניליוור,TR,"שמפו דאב אבוקדו 600 מ""ל",מיליליטרים,600.00,"100 מ""ל",false,16,15.90,2.6500,true,1,185982
8690637871108,false,הלמנס חרדל לחיץ 250 גר,,,חרדל הלמנס 250 גר,גרמים,250.00,100 גרם,false,1,12.90,5.1600,true,1,189181
8690637871245,false,הלמנס מיונז אמיתי 395 גר' בקבוק לחיץ.,יוניליוור,TR,מיונז הלמנס אמיתי לחיץ 395 גר,גרמים,395.00,100 גרם,false,8,12.90,3.2658,true,1,188478
8690637916977,false,מרכך עם שמן קוקוס וכורכום למראה שיער משוקם,יונילוור - תורכיה,TR,מרכך דאב קוקוס 600 מל,מיליליטרים,600.00,"100 מ""ל",false,16,15.90,2.6500,true,1,189125
8690637916991,false,"מרכך דאב אבוקדו ותמצית קלנדולה 600 מ""ל",יונילוור - תורכיה,TR,מרכך דאב שמן אבוקדו ותמצית קלנדול 588 מל,מיליליטרים,600.00,"100 מ""ל",false,16,15.90,2.6500,true,1,188902
8690637946301,false,"בדין - מרכך כביסה אקסטרא בייביי כחול 960 מ""ל",יוניליוור סנאיי וי ט,TR,מרכך כביסה בדין אקסטרה בייבי כחל 960 מל,מיליליטרים,960.00,"100 מ""ל",false,16,14.90,1.5521,true,1,192293
8690637946318,false,"בדין מרכך כביסה אקסטרא בייבי צהוב 960מ""ל",יוניליוור סנאיי וי ט,TR,מרכך כביסה בדין אקסטרה בייבי,מיליליטרים,960.00,"100 מ""ל",false,16,14.90,1.5521,true,1,192292
8690637971310,false,"מרכך כביסה אקסטרה בניחוח יערת הדבש 960 מ""ל בדין",יוניליוור סנאיי וי ט,TR,מרכך כביסה בדין אקסטרה יערת דבש 960 מל,מיליליטרים,960.00,"100 מ""ל",false,16,14.90,1.5521,true,1,193893
8690637976995,false,"בדין - מרכך כביסה אקסטרא ורוד סחלבים פראי 960 מ""ל",יוניליוור סנאיי וי ט,TR,מרכך כביסה בדין אקסטרה ורוד 960 מל,מיליליטרים,960.00,"100 מ""ל",false,16,14.90,1.5521,true,1,193894
8690757002376,false,"משחה להברקת נעליים עם ספוג 50 SILVERמ""ל-צבע שחור",סילבר Silver,,משחה להברקת נעליים צבע שחור עם ספוג 50מל,יחידה,1.00,יחידה,false,1,6.90,6.9000,true,1,178177
8690757002444,false,"נוזל להברקת נעליים שחור 75 SILVERמ""ל",סילבר Silver,,נוזל להברקת נעליים שחור 75מל,יחידה,1.00,יחידה,false,1,7.90,7.9000,true,1,178180
8690757002475,false,ספוג להברקת נעליים גדול SILVER -נטורל,סילבר Silver,,נוזל להברקת נעליים גדול,יחידה,1.00,יחידה,false,1,7.90,7.9000,true,1,178183
8690757002819,false,"תרסיס מונע ריח לנעליים 100 מ""ל SILVER",,,"תרסיס מונע ריח לנעליים סילבר 100 מ""ל",מיליליטרים,100.00,"100 מ""ל",false,1,24.90,24.9000,true,1,191364
8690766156367,false,שוקולד גודייבה חלב מעולה 90 גר,"אולקר מקבוצת פלאדיס,",TR,שוקולד גודיבה חלב מעולה 90 גר,גרמים,90.00,100 גרם,false,1,14.90,16.5556,true,1,191039
8690766156374,false,שוקולד גודייבה מריר 72% מוצרי קקאו 90 גר,"אולקר מקבוצת פלאדיס,",TR,שוקולד גודיבה מריר מעולה 72% 90 גר,גרמים,90.00,100 גרם,false,1,14.90,16.5556,true,1,191041
8690766156381,false,שוקולד גודייבה מריר מעולה 90% קקאו 90 גר,"אולקר מקבוצת פלאדיס,",TR,שוקולד גודיבה מריר מעולה 90% 90 גר,גרמים,90.00,100 גרם,false,1,14.90,16.5556,true,1,191042
8690766156398,false,שוקולד חלב מעולה בתוספת שברי שקדים קלויים דבש ומלח 90ג',"אולקר מקבוצת פלאדיס,",TR,שוקולד גודיבה חלב מעולה עם שקדים דבש,גרמים,90.00,100 גרם,false,1,14.90,16.5556,true,1,191044
8690766156404,false,שוקולד מריר מעולה בטעם תפוז אדום 90ג',גודייבה,TR,שוקולד גודיבה מריר מעולה בטעם תפוז אדום,גרמים,90.00,100 גרם,false,1,14.90,16.5556,true,1,191040
8690766156411,false,שוקולד מריר מעולה בטעם פלפל ורוד עם חתיכות תות מסוכר 90ג',"אולקר מקבוצת פלאדיס,",TR,שוקולד גודיבה מריר מעולה בטעם פלפל תות,גרמים,90.00,100 גרם,false,1,14.90,16.5556,true,1,191043
8690770322598,false,"שמרים יבשים 125 גר` בד""צ",בראבו Bravo,,שמרים יבשים 125 גרם,גרמים,125.00,100 גרם,false,1,4.90,3.9200,true,1,175022
8690777203012,false,פלפל ירוק כבוש לא חריף סארה 600ג',יוליניבר,TR,פלפל ירוק כבוש ללא ח,גרמים,600.00,100 גרם,false,1,11.90,1.9833,true,1,175023
8690777204071,false,פלפלים כבושים - חריפים,יוליניבר,TR,"פלפל חריף 640 גר""",גרמים,640.00,100 גרם,false,1,11.90,1.8594,true,1,175024
8690777206051,false,חצילים קלויים על האש סארה 650 גר',קוראהן פזלרמה וי דיס,TR,חציל קלוי על האש 650,גרמים,650.00,100 גרם,false,1,11.90,1.8308,true,1,175025
8690777221405,false,פלפל אדום קלוי על האש סארה 650גרם,קוראהן פזלרמה וי דיס,TR,פלפל אדום קלוי על הא,גרמים,650.00,100 גרם,false,1,11.90,1.8308,true,1,175026
8690784516440,false,"דאק נוזל ג'ל לניקוי מתקדם בניחות לבנדר 750 מ""ל",SC Jonson,,"דאק גל לניקוי מתקדם בניחוח לבנדר 750 מ""ל",מיליליטרים,750.00,"100 מ""ל",false,1,9.90,1.3200,true,1,184286
8690784614665,false,סבון דאק לניקוי אסלה בניחוח ים נתלה,טואלט דאק Toilet Duck,PL,סבון דאק ניקוי אסלה בניחוח ים,Unknown,0.00,Unknown,false,1,5.90,0.0000,true,1,185549
8690784614771,false,סבון דאק לניקוי אסלה בניחוח רענן נתלה,טואלט דאק Toilet Duck,PL,סבון דאק ניקוי אסלה בניחוח רענן,Unknown,0.00,Unknown,false,1,5.90,0.0000,true,1,185550
8690784711777,false,דאק סבון אקטיבי בתוספת אקונומיקה מקציפה בניחוח ים,טואלט דאק Toilet Duck,,סבון נוזלי אקטי דאק ניקוי אסלה בניחוח ים,Unknown,0.00,Unknown,false,1,5.90,0.0000,true,1,188955
8690799021595,false,ריבת תות 1 קג,בוזטופרק גידה סאנאי,,"ריבת תות 1 ק""ג",קילוגרמים,1.00,"ק""ג",false,1,22.90,22.9000,true,1,175950
8690799021618,false,ריבת דובדבן 1 קג,בוזטופרק גידה סאנאי,,"ריבת דובדבן 1 ק""ג",קילוגרמים,1.00,"ק""ג",false,1,22.90,22.9000,true,1,175948
8690799021854,false,ריבת אוכמניות שחורות,בוזטופרק גידה סאנאי,,"ריבת אוכמניות 1 ק""ג",קילוגרמים,1.00,"ק""ג",false,6,22.90,22.9000,true,1,177014
8690799022905,false,ריבת אפרסקים מתין 1,בוזטופרק גידה סאנאי,,"ריבת אפרסק 1 ק""ג",קילוגרמים,1.00,"ק""ג",false,6,22.90,22.9000,true,1,190361
8690799023018,false,ריבת דובדבנים לבנים,בוזטופרק גידה סאנאי,,ריבת דובדבנים לבנים 1 קג,קילוגרמים,1.00,"ק""ג",false,6,22.90,22.9000,true,1,194143
8691058141238,false,ערמונים שלמים קלויים וקלופים 100 ג' Avel,,,ערמונים אבאל שלמים קלויים וקלופים 100 גר,גרמים,100.00,100 גרם,false,1,4.90,4.9000,true,1,184231
8691451018335,false,"דבק בעט סופר גלו גל לוקטייט, כשרות עטרה, 4 גרם",,,עט סופר גלו 4 גר,Unknown,0.00,Unknown,false,1,22.90,0.0000,true,1,191366
8693323099107,false,מרשמלו לבבות בטעם תות ווניל,יוגטה yogueta,,מרשמלו לבבות יוגטה 150 גר,גרמים,150.00,100 גרם,false,1,6.90,4.6000,true,1,200462
8693495051255,false,זוג מברשות שיניים מוזהבות Slimsoft Mikrolince,קולגייט - פלמוליב,CN,זוג מברשות שיניים קולגייט סלים סופט זהב,Unknown,0.00,Unknown,false,1,29.90,0.0000,true,1,183311
8693495052177,false,תחליב רחצה זיתים ואלוורה,קולגייט פלמוליב,TR,"סבון נוזלי פלמוליב זיתים 750 מ""ל",מיליליטרים,750.00,"100 מ""ל",false,1,18.90,2.5200,true,1,184137
8693495052931,false,זוג מברשות שיניים אדוונסט 360 לניקוי כל חלל הפה,קולגייט פלמוליב,CN,זוג מברשות שיניים קולגייט 360 אדוונס,Unknown,0.00,Unknown,false,12,29.90,0.0000,true,1,188866
8693495054058,false,"סבון לומינוס מקדמיה 750 מ""ל פלמוליב",,TR,סבון נוזלי פלמוליב לומינוס מקדמיה 750 מל,מיליליטרים,750.00,"100 מ""ל",false,12,18.90,2.5200,true,1,200684
8694732009107,false,סבון לאסלה אסותא בני,,,סבון לאסלה אסותא בניחוח לבנדר,Unknown,0.00,Unknown,false,1,4.90,0.0000,true,1,191408
8694732009275,false,סבון לאסלה אסותא בני,,,סבון לאסלה אסותא בניחוח לימון שלישייה,Unknown,0.00,Unknown,false,1,9.90,0.0000,true,1,191409
8694732009381,false,סבון לאסלה אסותא בני,,,סבון לאסלה אסותא בניחוח אורנים שלישייה,Unknown,0.00,Unknown,false,1,9.90,0.0000,true,1,191410
8694732009398,false,סבון לאסלה אסותא בני,,,סבון לאסלה אסותא בניחוח לבנדר שלישייה,Unknown,0.00,Unknown,false,1,9.90,0.0000,true,1,191411
8697040108975,false,אסותא סבון נוזלי להיגיינה אישית 1/12,,,"סבון נוזלי אסותא להיגיינה אישית 400 מ""ל",מיליליטרים,400.00,"100 מ""ל",false,1,21.90,5.4750,true,1,180934
8697040108982,false,אסותא סבון נוזלי לש.אינטמ,,,"סבון נוזלי אסותא נשי יום יומי 400 מ""ל",מיליליטרים,400.00,"100 מ""ל",false,1,21.90,5.4750,true,1,180935
8697040109323,false,אסותא סבון מוצק להיגיינה,אטש סונמז,,סבון אסוטא 100 גר,גרמים,100.00,100 גרם,false,1,5.90,5.9000,true,1,179543
8697040109859,false,אסותא סבון נוזלי משא,,,אסותא סבון נוזלי 1 ל משאבה סגול,ליטרים,1.00,ליטר,false,12,9.90,9.9000,true,1,194735
8697040109866,false,אסותא סבון נוזלי משא,,,אסותא סבון נוזלי 1 ל משאבה ירוק,ליטרים,1.00,ליטר,false,12,9.90,9.9000,true,1,194736
8697040109873,false,אסותא סבון נוזלי משא,,,אסותא סבון נוזלי 1 ל משאבה כחול,ליטרים,1.00,ליטר,false,12,9.90,9.9000,true,1,194737
8697040109880,false,אסותא סבון נוזלי משא,,,אסותא סבון נוזלי 1 ל משאבה כתום,ליטרים,1.00,ליטר,false,12,9.90,9.9000,true,1,194738
8697040109897,false,אסותא סבון נוזלי משא,,,אסותא סבון נוזלי 1 ל משאבה צהוב,ליטרים,1.00,ליטר,false,12,9.90,9.9000,true,1,194739
8697040109903,false,אסותא גל רחצה אלוורה,,,אסותא גל רחצה אלוורה 700 מל,מיליליטרים,700.00,"100 מ""ל",false,12,10.90,1.5571,true,1,194740
8697040109910,false,אסותא גל רחצה פירות,,,אסותא גל רחצה פירות יער 700 מל,מיליליטרים,700.00,"100 מ""ל",false,12,10.90,1.5571,true,1,194741
8697040109927,false,אסותא גל רחצה שוקולד,,,אסותא גל רחצה שוקולד 700 מל,מיליליטרים,700.00,"100 מ""ל",false,12,10.90,1.5571,true,1,194742
8697040109934,false,אסותא גל רחצה קוקוס,,,אסותא גל רחצה קוקוס 700 מל,מיליליטרים,700.00,"100 מ""ל",false,12,10.90,1.5571,true,1,194743
8697040109941,false,אסותא גל רחצה ורדים,,,אסותא גל רחצה ורדים 700 מל,מיליליטרים,700.00,"100 מ""ל",false,12,10.90,1.5571,true,1,194744
8697040110039,false,גל רחצה גבר מנטה אסו,,,גל רחצה גבר מנטה אסותא 700 מל,מיליליטרים,700.00,"100 מ""ל",false,1,10.90,1.5571,true,1,198939
8697040110046,false,גל רחצה גבר מנטה ותה,,,גל רחצה גבר מנטה ותה אסותא 700 מל,מיליליטרים,700.00,"100 מ""ל",false,1,10.90,1.5571,true,1,198940
8697040110060,false,גל רחצה יוגורט וניל,,,גל רחצה יוגורט וניל אסותא 700 מל,מיליליטרים,700.00,"100 מ""ל",false,1,10.90,1.5571,true,1,198942
8697418280104,false,עלי טורטייה 1.1 קג,,,"עלי טורטייה 1.1 ק""ג",קילוגרמים,1.10,"ק""ג",false,1,27.90,25.3636,true,1,193442
8697418280128,false,עלי טורטייה 12יח 540,מרום את קונפינו,,"עלי טורטייה 540 ג""ר",גרמים,540.00,100 גרם,false,1,19.90,3.6852,true,1,175533
8697418280180,false,"עלי טורטייה 15 ס""מ 3",פרינסס,,עלי טורטייה 360 גרם,גרמים,360.00,100 גרם,false,1,14.90,4.1389,true,1,193444
8697418280333,false,שערות קדאיף מיובשות,פרנסס און וה,TR,שערות קדאיף יבש 500 גר,גרמים,500.00,100 גרם,false,1,19.90,3.9800,true,1,193367
8697419814018,false,שמן מדרה חמניות 1 ל,אנא גידה קוצאלי,,שמן מדרה חמניות 1ל,ליטרים,1.00,ליטר,false,1,15.90,15.9000,true,1,178581
8697431460378,false,קונפיטורה70% שזיף 450 ג' FRUPPA,פרוטנגו Fruitango,,קונפיטורה שזיפים 70%,גרמים,450.00,100 גרם,false,1,12.90,2.8667,true,1,175536
8697431921701,false,קונפיטורה תות שדה 70% פרי פרופה 454 גר',פרוטנגו Fruitango,,קונפיטורה תות70%,גרמים,450.00,100 גרם,false,1,12.90,2.8667,true,1,178045
8697431921718,false,קונפיטורה דובדבן חמוץ 70% פרי פרופה 454 גר',Barhan gida sanayi v,,קונפיטורה דובדבן70%,גרמים,450.00,100 גרם,false,1,12.90,2.8667,true,1,178042
8697431925143,false,קונפיטורה 70% פירות יער 450 ג' FRUPPA,פרוטנגו Fruitango,,קונפיטורה פירות יער 450 גר,גרמים,450.00,100 גרם,false,1,12.90,2.8667,true,1,178078
8697530910743,false,סיגריות פאל מאל כחול קצר מטאליק,Unknown,,פאל מאל כחול,Unknown,0.00,Unknown,false,1,30.00,0.0000,false,1,175538
8697530910781,false,סיגריות פאל מאל אדום מטאליק,גלוברנדס,,פאל מאל אדום,Unknown,0.00,Unknown,false,1,30.00,0.0000,false,1,175540
8697659224042,false,מטהר אוויר 400 מ'ל OCEAN,אטאק,,"מטהר אוויר אושן 400 מ""ל",מיליליטרים,400.00,"100 מ""ל",false,1,10.90,2.7250,true,1,182085
8697659224059,false,מטהר אוויר 400 מ'ל HOLIDAY,אטאק,,"מטהר אוויר חולידאי 400 מ""ל",מיליליטרים,400.00,"100 מ""ל",false,1,10.90,2.7250,true,1,182083
8697659225186,false,"מטהר אויר כותנה 250 מ""ל",כפרי בריא,TR,"מטהר אוויר יעקובי משב הכותנה 250 מ""ל",מיליליטרים,250.00,"100 מ""ל",false,1,12.90,5.1600,true,1,182712
8697659229818,false,מטהר אוויר יעקובי פר,ATAK,,מטהר אוויר יעקובי פרש מור פטל ותאנה,מיליליטרים,250.00,"100 מ""ל",false,1,12.90,5.1600,true,1,185966
8697659238117,false,מטהר אוויר יעקובי פר,,,מטהר אוויר יעקובי פרש מור הכוכב הצהוב,מיליליטרים,400.00,"100 מ""ל",false,1,19.90,4.9750,true,1,190746
8697659238124,false,"פרש&מור - הכוכב האדום 400 מ""ל",,,מטהר אוויר יעקובי פרש מור הכוכב האדום,מיליליטרים,400.00,"100 מ""ל",false,1,19.90,4.9750,true,1,190747
8697659243197,false,מטהר אוויר פרחי אביב פרש & מור 300 מ''ל,רלוי,,מטהר אוויר פרש מור פרחי אביב 300 מל,מיליליטרים,300.00,"100 מ""ל",false,1,11.90,3.9667,true,1,198599
8697659244385,false,מילוי מטהר אוויר בני,,,מילוי מטהר אוויר בניחוח ורדים אסותא,Unknown,0.00,Unknown,false,1,8.90,0.0000,true,1,198955
8697659244408,false,מילוי מטהר אוויר בני,,,מילוי מטהר אוויר בניחוח יסמין אסותא,Unknown,0.00,Unknown,false,1,8.90,0.0000,true,1,198956
8697659244415,false,מילוי מטהר אוויר בני,,,מילוי מטהר אוויר בניחוח ויולט אסותא,Unknown,0.00,Unknown,false,1,8.90,0.0000,true,1,198957
8697659244439,false,מילוי מטהר אוויר בני,,,מילוי מטהר אוויר בניחוח אוקיינוס אסותא,Unknown,0.00,Unknown,false,1,8.90,0.0000,true,1,198959
8697659244453,false,מילוי מטהר אוויר אנט,,,מילוי מטהר אוויר אנטי טבק אסותא,Unknown,0.00,Unknown,false,1,8.90,0.0000,true,1,198961
8697659244507,false,ספריי מטהר אוויר בני,,,ספריי מטהר אוויר בניחוח אוקיינוס אסותא,מיליליטרים,300.00,"100 מ""ל",false,1,9.90,3.3000,true,1,198965
8697659244514,false,ספריי מטהר אוויר בני,,,ספריי מטהר אוויר בניחוח ורדים אסותא 300,מיליליטרים,300.00,"100 מ""ל",false,1,9.90,3.3000,true,1,198966
8697659244538,false,ספריי מטהר אוויר אנט,,,ספריי מטהר אוויר אנטי טבק אסותא 300 מל,מיליליטרים,300.00,"100 מ""ל",false,1,9.90,3.3000,true,1,198968
8699250030404,false,"זיתים שחור יבש פחית 1.74 ק""ג",מסטוי גידה איבס,TR,זית שחור יבש 1.74 קג,קילוגרמים,1.74,"ק""ג",false,1,34.90,20.0575,true,1,177077
8710447211052,false,"טרזמה - שמפו בוטניק 400 מ""ל",יוניליוור,PL,"שמפו טרזמה בוטניק 400 מ""ל",מיליליטרים,400.00,"100 מ""ל",false,6,15.90,3.9750,true,1,187741
8710447224311,false,מרכך בוטניק בתוספת שמן קוקוס ואלוורה,יוניליוור פולין,PL,"מרכך טרזמה בוטניק 400 מ""ל",מיליליטרים,400.00,"100 מ""ל",false,6,15.90,3.9750,true,1,187743
8710447224366,false,"טרזמה - מרכך קרטיןן 400 מ""ל",יוניליוור,PL,"מרכך טרזמה קרטין 400 מ""ל",מיליליטרים,400.00,"100 מ""ל",false,6,15.90,3.9750,true,1,187742
8710447331095,false,"טרזמה - מסכה בוטניק 300 מ""ל",יוניליוור,PL,"מסכה טרזמה בוטניק 300 מ""ל",מיליליטרים,300.00,"100 מ""ל",false,6,29.90,9.9667,true,1,187744
8710502064814,false,עוגיות שוקולד ציפס במרקם רך 175 ג',בנקטבקריי מרבה בי.וי,NL,עוגיות מרבה שוקולד ציפס במרקם רך,גרמים,175.00,100 גרם,false,1,8.90,5.0857,true,1,181265
8710502100864,false,עוגיות דאבל שוקולד 200 ג' מרבה פטיסרי,מרבה,NL,עוגיות מרבה פטיסרי מאפין רכות 210 גר,גרמים,200.00,100 גרם,false,1,10.90,5.4500,true,1,204718
8710502139017,false,עוגיות מרבה טריפל שוקולד שוקוצ'יפס 180ג',בנקטבקריי מרבה בי.וי,NL,"עוגיות מרבה""טריפל שוקולד צ""יפס 180 גר",גרמים,180.00,100 גרם,false,1,8.90,4.9444,true,1,175544
8710502194801,false,עוגיות שוקולד צ'יפס במרקם רך עם פירות יער,בנקטבקריי מרבה בי.וי,NL,עוגיות מרבה שוקולד ציפס פירות יער 175 גר,מיליליטרים,175.00,"100 מ""ל",false,1,8.90,5.0857,true,1,180855
8710502231018,false,מרבה עוגיות שוקולד צ'יפס מיני 175 ג',"מרבה בע""מ",NL,מרבה עוגיות שוקולד ציפס מיני 175 גר,גרמים,175.00,100 גרם,false,1,9.90,5.6571,true,1,195801
8710502279010,false,מרבה עוגיות שוקולד צ'יפס מצופות שוקולד 175 ג',"מרבה בע""מ",NL,עוגיות מרבה שוקולד ציפס מצופה 175 גר,גרמים,175.00,100 גרם,false,1,8.90,5.0857,true,1,195397
8710502470028,false,עוגיות שוקולד צ'יפס ממולאות בקרם נוגט,קריניציה ויטמינה אס,NL,עוגיות מרבה נוגטלי 225 גר,גרמים,160.00,100 גרם,false,1,8.90,5.5625,true,1,175545
8710800027573,false,סוכריות מיני מנטוס פירות שקית 178ג',מנטוס Mentos,NL,מיני מנטוס שקית,גרמים,178.00,100 גרם,false,1,14.90,8.3708,true,1,175548
8710800961310,false,סוכריות מנטוס תות מארז 37.5X4ג',פרפטי ואן מלה ברדה,NL,מנטוס תות 1/4,גרמים,150.00,100 גרם,false,1,9.90,6.6000,true,1,175549
8710847860829,false,"רקסונה - דאודורנט רול און לאישה כותנה 50 מ""ל",יוניליוור,,דאודורנט רקסונה רולאון כותנה 50 מל,מיליליטרים,50.00,"100 מ""ל",false,1,11.90,23.8000,true,1,192313
8710847942679,false,"טרזמה - שמפו שמן המפ 400 מ""ל",יוניליוור,PL,שמפו טרזמה שמן המפ 400 מל,מיליליטרים,400.00,"100 מ""ל",false,6,15.90,3.9750,true,1,198407
8710908326691,false,"דאב תחליב רחצה פיסטוק 750 מ""ל","יוניליוור גרמניה, gm",DE,"תחליב רחצה דאב אדמונית 750 מ""ל",מיליליטרים,750.00,"100 מ""ל",false,1,19.90,2.6533,true,1,180258
8710912637493,false,גבינה מעושנת פריקו קטן,פריזלנד,,גבינה מעושן קטן 200 גר,גרמים,200.00,100 גרם,false,1,24.90,12.4500,true,1,175485
8711000360606,false,קפסולות אספרסו רוז עוצמה 7,לור L'OR,FR,קפסולות קפה לור אספרסו רוז 10 יח,Unknown,0.00,Unknown,false,10,19.90,0.0000,true,1,192252
8711000362556,false,קפסולות אספרסו סונטוסו 10*52 ג' LOR,גיקובס דאו אגברטס צר,FR,קפסולות קפה לור אספרסו סונטוסו 10 יח,Unknown,0.00,Unknown,false,10,19.90,0.0000,true,1,186076
8711000362570,false,קפסולות אספרסו פורזה עוצמה 9,גיקובס דאו אגברטס צר,FR,קפסולות קפה לור אספרסו פורזה 10 יח,Unknown,0.00,Unknown,false,10,19.90,0.0000,true,1,186075
8711000362617,false,קפסולות אספרסו לונגו פרופונדו עוצמה 8,יוניליוור גרמניה Gm,FR,קפסולות קפה לור אספרסו לונגו 10 יח,Unknown,0.00,Unknown,false,10,19.90,0.0000,true,1,186077
8711000362655,false,קפסולות קפה לור אספר,קראפט,FR,קפסולות קפה לור אספרסו אבסולו 10 יח,Unknown,0.00,Unknown,false,10,19.90,0.0000,true,1,192251
8711000362679,false,לור קפסולות קפה אספרסו קולומביה 52 גר,קריניציה ויטמינה אס,FR,קפסולות קפה לור אספרסו קולומביה 10 יח,Unknown,0.00,Unknown,false,8,19.90,0.0000,true,1,188934
8711000362747,false,קפסולות אספרסו ריסטרטו 10* 52 ג' LOR,גיקובס דאו אגברטס צר,FR,קפסולות קפה לור אספרסו ריסטרטו 10 יח,Unknown,0.00,Unknown,false,10,19.90,0.0000,true,1,186074
8711000371176,false,קפסולות קפה אספרסו קלאסיקו 10*52 ג' ג'ייקובס,קריניציה ויטמינה אס,FR,קפסולות קפה גייקובס אספרסו קלאסיקו 52 ג,גרמים,52.00,100 גרם,false,10,14.90,28.6538,true,1,187191
8711000371183,false,קפסולות קפה אספרסו אינטנסו 10*52 ג' ג'ייקובס,קריניציה ויטמינה אס,FR,קפסולות קפה גייקובס אספרסו אינטנסו 52 ג,גרמים,52.00,100 גרם,false,10,14.90,28.6538,true,1,187192
8711000371206,false,קפסולות קפה אספרסו ריסטרטו 10*52 ג' ג'ייקובס,קריניציה ויטמינה אס,FR,קפסולות קפה גייקובס אספרסו ריסטרטו 52 ג,גרמים,52.00,100 גרם,false,10,14.90,28.6538,true,1,187193
8711000397466,false,לור קפסולות קפה אספרסו ריסטרטו נטול קפאין,קריניציה ויטמינה אס,FR,קפסולות קפה לור אספרסו נטול קפאין 52 גר,גרמים,52.00,100 גרם,false,10,19.90,38.2692,true,1,187187
8711000431108,false,לור קפסולות קפה אספרסו הודו 52 גר,"ג'ייקובס דאו אגרבטס,",FR,קפסולות קפה לור אספרסו הודו 10 יח,Unknown,0.00,Unknown,false,10,19.90,0.0000,true,1,188936
8711700665834,false,דאב סבון מוצק מלפפון 6 יח'* 100 ג',יוניליוור גרמניה (בו,DE,סבון מוצק דאב מלפפונים שישייה,יחידה,1.00,יחידה,false,1,19.90,19.9000,true,1,175798
8712000051099,false,"בירה הייניקן 0% אלכהול 330 מ""ל*6 יח'",פארייפאבה אגרואינדוס,NL,"בירה היינקן 0%330 מ""ל שישייה",מיליליטרים,1980.00,"100 מ""ל",false,1,32.90,1.6616,true,1,184577
8712400802499,false,תרכובת מזון המשך לפעוטות על בסיס חלב שלב 1,פרוטרופיק סיה.,NL,נוטרילון שלב 1 800 גר,גרמים,800.00,100 גרם,false,1,69.90,8.7375,true,1,182670
8712400802512,false,תרכובת מזון המשך לפעוטות על בסיס חלב שלב 2,פרוטרופיק סיה.,NL,נוטרילון שלב 2 800 גר,גרמים,800.00,100 גרם,false,1,69.90,8.7375,true,1,182671
8712400802536,false,תרכובת מזון המשך לפעוטות על בסיס חלב שלב 3,פרוטרופיק סיה.,NL,נוטרילון שלב 3 800 גר,גרמים,800.00,100 גרם,false,1,69.90,8.7375,true,1,182672
8712561611411,false,תחליב רחצה מזין בניחוח מלפפון ותה ירוק,"יוניליוור גרמניה, Gm",DE,"תחליב רחצה דאב תה ירוק ומלפפון 750 מ""ל",מיליליטרים,750.00,"100 מ""ל",false,1,19.90,2.6533,true,1,179143
8712561626286,false,"דאב תחליב רחצה זוהר כמשי 750 מ""ל",יוניליוור,DE,"תחליב רחצה דאב זוהר כמשי 750 מ""ל",מיליליטרים,750.00,"100 מ""ל",false,1,19.90,2.6533,true,1,179144
8712561631570,false,"דאב סבון נוזלי חלב קוקוס 750מ""ל",יוניליוור,DE,"תחליב רחצה דאב חלב קוקוס 750 מ""ל",מיליליטרים,750.00,"100 מ""ל",false,1,19.90,2.6533,true,1,179145
8714599104316,false,ג'ייקובס קפה שחור קלוי וטחון טורקי 200ג',ג'ייקובס Jacobs,,קפה שחור גייקובס קלוי וטחון טורקי 200 גר,גרמים,200.00,100 גרם,false,1,16.90,8.4500,true,1,190554
8714599410806,false,קפה נמס קרוננג בשקית עם סגירה חוזרת,ג'ייקובס Jacobs,RU,קפה גייקובס קרוננג ריפיל 160 גר עם סרירה,גרמים,160.00,100 גרם,false,9,19.90,12.4375,true,1,187190
8714599412220,false,קפה גייקובס וולווט מ,קראפט,,קפה גייקובס וולווט מיובש בהקפאה 95 גר,גרמים,95.00,100 גרם,false,1,17.90,18.8421,true,1,197228
8714599412336,false,קפה נמס בריסטה אמריקנו קלוי וטחון 160 ג' ג'ייקובס,ג'ייקובס דאו אגברטס,RU,קפה גייקובס בריסטה 160 גר,גרמים,160.00,100 גרם,false,1,27.90,17.4375,true,1,198637
8714599513781,false,קפה נמס גולד מיובש בהקפאה 200 ג' ג'ייקובס,אל.אל. סי ג''יקובס ד,RU,"יעקובס גולד מיובש בהקפאה 200 גר כשל""פ",גרמים,200.00,100 גרם,false,1,24.90,12.4500,true,1,179968
8714599513835,false,קפה ג'יקובס נטול קופאין מיובש בהקפאה 200 ג',ג'ייקובס Jacobs,,קפה יעקובס נטול קופאין 200 גר,גרמים,200.00,100 גרם,false,1,32.90,16.4500,true,1,180692
8714599513866,false,"ג'ייקובס קרוננג מיובש בהקפאה כשל""פ 200 ג'",אל.אל.סי גייקובס דאו,UA,"יעקובס קרוננג מיובש בהקפאה 200 גר כשל""פ",גרמים,200.00,100 גרם,false,1,26.90,13.4500,true,1,179967
8714789177229,false,מברשת שיניים אקסטרה קלין מדיום - מארז רביעיה,הנסיך- מפעל לייצור ט,CN,"מברשת שיניים ""קולגיי",Unknown,0.00,Unknown,false,1,9.90,0.0000,true,1,175552
8714789402918,false,נוזל לניקוי כללי ולרצפה בניחוח פרחי בר,הנסיך- מפעל לייצור ט,GR,נוזל לניקוי כללי פרחים אדומים 1.5 ל,ליטרים,1.50,ליטר,false,1,17.90,11.9333,true,1,175557
8714789402970,false,נוזל לניקוי כללי ולרצפה בניחוח פרחי אביב,הנסיך- מפעל לייצור ט,GR,"נוזל לניקוי כללי ""אג",ליטרים,1.50,ליטר,false,1,17.90,11.9333,true,1,175559
8714789450315,false,נוזל כלים בניחוח פריחת הלימון,הנסיך- מפעל לייצור ט,GR,נוזל כלים פלמוליב לימון 1.5ל,ליטרים,1.50,ליטר,false,1,14.90,9.9333,true,1,178483
8714789834467,false,פלמוליב נ.כלים 1.5 ליטר-מרכז,פלמוליב Palmolive,GR,נוזל כלים פלמוליב קלאסי 1.5ל,ליטרים,1.50,ליטר,false,1,14.90,9.9333,true,1,178482
8714789930848,false,"משחת שיניים אופטיק וויט אינסטנט 75 מ""ל קולגייט",הנסיך- מפעל לייצור ט,PL,"משחת שיניים ""קולגייט"" אופטיק וייט 75 מל",מיליליטרים,75.00,"100 מ""ל",false,1,19.90,26.5333,true,1,178040
8715035150300,false,"רוטב סויה קיקומן ללא גלוטן 250 מ""ל",קיקומן פודז יורופ בי,NL,"רוטב סויה קיקומן ללא גלוטן 250 מ""ל",מיליליטרים,250.00,"100 מ""ל",false,6,19.90,7.9600,true,1,185797
8715700110158,false,מיונז לייט היינץ צנצנת 490 גר',ה.י.היינץ הולדינג בי,NL,ממרח היינץ לייט צנצנת 490 גר,גרמים,490.00,100 גרם,false,1,11.90,2.4286,true,1,183744
8715700117805,false,"קטשופ היינץ מתבל עגבניות ללא תוספת סוכר ומלח 425 מ""ל",ה.י היינץ הולדינג בי,NL,"מתבל עגבניות היינץ ללא סוכר ומלח 425 מ""ל",מיליליטרים,425.00,"100 מ""ל",false,10,10.90,2.5647,true,1,191555
8715700419732,false,מתבל עגבניות היינץ 7,ה.י. היינץ,NL,קטשופ היינץ 700 גר,גרמים,700.00,100 גרם,false,1,11.90,1.7000,true,1,177683
8715700422473,false,ממרח מיונז ללא חומרים משמרים 395 ג' היינץ,היינץ Heinz,NL,ממרח היינץ לחיץ 395 גר,גרמים,395.00,100 גרם,false,1,14.90,3.7722,true,1,181529
8715700423906,false,קטשופ מתובל עגבניות 50% פחות סוכר 555ג' היינץ,היינץ צפון אמריקה מק,NL,מתבל עגבניות היינץ 50% פחות סוכר 555 גר,גרמים,550.00,100 גרם,false,1,10.90,1.9818,true,1,184500
8717163607305,false,סבון מוצק גרגירים 4 *100 ג' דאב,יוניליוור גרמניה (בו,DE,רביעיית סבון דאב גרג,גרמים,400.00,100 גרם,false,1,12.90,3.2250,true,1,175565
8717163647233,false,"אקס ספריי גוף בלאק נייט 150 מ""ל",ארנסט. רחוב קומבינצק,RU,דאודורנט אקס ספריי בלאק נייט 150 מל,מיליליטרים,150.00,"100 מ""ל",false,1,11.90,7.9333,true,1,192558
8717163647240,false,"אקס דאודורנט ספריי גוף לגבר שוקולד 150 מ""ל",ארנסט. רחוב קומבינצק,TR,"דאודורנט אקס ספריי שוקולד150 מ""ל",מיליליטרים,150.00,"100 מ""ל",false,6,11.90,7.9333,true,1,188896
8717163647257,false,"אקס ספריי גוף גולד 150 מ""ל",יוניליוור,,דאודורנט אקס ספריי גולד 150 מל,מיליליטרים,150.00,"100 מ""ל",false,1,11.90,7.9333,true,1,192311
8717163655825,false,"רקסונה דאו' ספריי לנשים בניחוח כותנה, 150 מ""ל",יוניליוור,,דאודורנט רקסונה ספריי כותנה 150 מל,מיליליטרים,150.00,"100 מ""ל",false,1,11.90,7.9333,true,1,192310
8717163658314,false,תחליב רחצה מים מיסלריים היפואלרגני לעור רגיש,יוניליוור,DE,"תחליב רחצה דאב מיסלרי לעור רגיש 500 מ""ל",מיליליטרים,500.00,"100 מ""ל",false,12,15.90,3.1800,true,1,187967
8717163663493,false,"רקסונה - דאודורנט ספריי לגבר קובלט דריי 150 מ""ל",יוניליוור,,דאודורנט רקסונה מן ספריי קובלט דריי 150,מיליליטרים,150.00,"100 מ""ל",false,1,11.90,7.9333,true,1,192309
8717163711668,false,"דאודורנט רקסונה ספריי טלק 150 מ""ל",יוניליוור,IL,דאודורנט רקסונה ספריי טלק 150 מל,מיליליטרים,150.00,"100 מ""ל",false,1,11.90,7.9333,true,1,192308
8717163842669,false,"דאב - תחליב רחצה חימר ירוק 500 מ""ל",יוניליוור גרמניה,DE,"תחליב רחצה דאב חימר ירוק 500 מ""ל",מיליליטרים,500.00,"100 מ""ל",false,12,15.90,3.1800,true,1,190821
8717163842676,false,"דאב - תחליב רחצה חימר ורוד 500 מ""ל",יוניליוור גרמניה Gmb,DE,"תחליב רחצה דאב חימר ורוד 500 מ""ל",מיליליטרים,500.00,"100 מ""ל",false,12,15.90,3.1800,true,1,190822
8717644390566,false,סבון מוצק ירוק מלפפון 4* 100 ג' דאב,יוניליוור גרמניה (בו,DE,"סבון מוצק ""דאב"" ירוק",גרמים,400.00,100 גרם,false,1,12.90,3.2250,true,1,175566
8717677336593,false,טוניס שוקולד חלב 180 גרם רבנות - נוכרי,טוניס Tony's,,שוקולד חלב טוניס 180 גר,גרמים,180.00,100 גרם,false,1,19.90,11.0556,true,1,202829
8717677336616,false,טוניס שוקולד מריר+שקדים ומלח 180 גרם רבנות - נוכרי,אלפרד ריטר,NL,שוקולד מריר שקדים ומלח טוניס 180 גר,גרמים,180.00,100 גרם,false,1,19.90,11.0556,true,1,202833
8717677336654,false,טוניס - שוקולד חלב מעולה עם שברי קרמל מלוח,קימס שוקולאטס,NL,שוקולד חלב מעולה קרמל מלוח טוניס 180 גר,גרמים,180.00,100 גרם,false,1,19.90,11.0556,true,1,206930
8717677336661,false,טוניס שוקולד מריר מעולה 70% 180 גרם רבנות - נוכרי,אלפרד ריטר,NL,שוקולד מריר טוניס 180 גר,גרמים,180.00,100 גרם,false,1,19.90,11.0556,true,1,202832
8717677338436,false,טוניס שוקולד חלב+אגוזי לוז 180 גרם רבנות - נוכרי,אלפרד ריטר,NL,שוקולד חלב עם אגוזי לוז טוניס 180 גר,גרמים,180.00,100 גרם,false,1,19.90,11.0556,true,1,202830
8718114047249,false,דאב סבון מוצק 6 יח'* 100 ג',יוניליוור גרמניה (בו,,שישיית סבון מוצק דאב,גרמים,600.00,100 גרם,false,1,19.90,3.3167,true,1,175567
8718692611979,false,"סירופ דיאט פירות יער סודה פטל, 500 מ""ל",,,"סירופ סודה סטרים דיאט פירות יער 500 מ""ל",מיליליטרים,500.00,"100 מ""ל",false,1,22.90,4.5800,true,1,184296
8718700495515,true,בסגנון צדר פרוס 150,,,בסגנון צדר פרוס 150 גר,גרמים,150.00,100 גרם,false,1,8.90,5.9333,true,1,185147
8718700495539,true,בסגנון אמנטל פרוס 15,,,בסגנון אמנטל פרוס 150 גר,גרמים,150.00,100 גרם,false,1,8.90,5.9333,true,1,185639
8718951079205,false,"קולגייט סנסיטיב פרו רליף רפיר פריוונט 75 מ""ל",קולגייט Colgate,,מש שיניים קולגייט סנסיטיב פרו ריליף רפיר,מיליליטרים,75.00,"100 מ""ל",false,1,19.90,26.5333,true,1,182436
8718951166288,false,משחת שיניים Max White קריסטלים לבנים,הנסיך- מפעל לייצור ט,PL,"משחת שיניים קולגייט מקס וייט 125 מ""ל",מיליליטרים,125.00,"100 מ""ל",false,12,16.90,13.5200,true,1,186852
8718951166561,false,משחת שיניים לרעננות מוגברת max fresh cooling crystals,הנסיך- מפעל לייצור ט,PL,"משחת שיניים קולגייט מקס פרש כחול 125 מ""ל",מיליליטרים,125.00,"100 מ""ל",false,12,16.90,13.5200,true,1,186851
8718951176874,false,"קולגייט מי פה מיניון 250 מ""ל",קולגייט-פלמוליב,PL,מי פה קולגייט מיניון 250 מל,מיליליטרים,250.00,"100 מ""ל",false,1,14.90,5.9600,true,1,198693
8718951236790,false,"קולגייט טוטאל משחת שיניים קלין מינט לפה בריא 100 מ""ל",קולגייט Colgate,PL,משחת שיניים קולגייט קלין מינט לפה בריא י,מיליליטרים,100.00,"100 מ""ל",false,48,15.90,15.9000,true,1,187344
8718951236806,false,"קולגייט טוטאל הלבנה להסרת כתמים מהשן 100 מ""ל",קולגייט Colgate,PL,משחת שיניים סמסייעת בהסרת כתמים משטח שן,מיליליטרים,100.00,"100 מ""ל",false,48,15.90,15.9000,true,1,187343
8718951236813,false,"קולגייט טוטאל משחת שיניים ניקוי מתקדם לפה בריא יותר 100 מ""ל",קולגייט Colgate,PL,משחת שיניים קולגייט טוטל ניקוי מתקדם 100,מיליליטרים,100.00,"100 מ""ל",false,48,15.90,15.9000,true,1,187342
8718951240742,false,"קולגייט טוטאל משחת שיניים פסים מרעננים 100 מ""ל",קולגייט Colgate,PL,משחת שיניים קולגייט פסים מרעננים לפה ברי,מיליליטרים,100.00,"100 מ""ל",false,48,15.90,15.9000,true,1,187345
8718951264618,false,"קולגייט אופטיק וייט פחם צ'רקול משחת שיניים, 75 מ""ל",קולגייט-פלמוליב,PL,מ שיניים קולגייט אופטיק וויטן פחם פעיל,מיליליטרים,75.00,"100 מ""ל",false,48,27.90,37.2000,true,1,192304
8718951289833,false,פלמוליב סבון מוצק לומינוס 4*90 ג',קולגייט פלמוליב,TR,סבון מוצק פלמוליב לומינוס רביעייה,גרמים,360.00,100 גרם,false,18,15.90,4.4167,true,1,190692
8718951314009,false,תחליב רחצה פלמוליב נ,,,תחליב רחצה פלמוליב נטורלס פטל שחור 750מל,מיליליטרים,750.00,"100 מ""ל",false,1,18.90,2.5200,true,1,200685
8718951314023,false,"תחליב רחצה אפרסק 750 מ""ל פלמוליב",,,תחליב רחצה פלמוליב נטורלס אפרסק 750 מל,מיליליטרים,750.00,"100 מ""ל",false,1,18.90,2.5200,true,1,200686
8718951315303,false,משחת שיניים קולגייט הגנה מקסימלית - מארז זוג,קולגייט-פלמוליב,PL,משחת שיניים קולגייט זוג,Unknown,0.00,Unknown,false,1,19.90,0.0000,true,1,192635
8718951319806,false,פלמוליב לגבר ג'ל רחצה ושמפו מרענן 750 מל,פלמוליב Palmolive,TR,"גל רחצה ושמפו מרענן פלמוליב לגבר 750 מ""ל",מיליליטרים,750.00,"100 מ""ל",false,12,18.90,2.5200,true,1,191588
8718951320093,false,זוג מברשות 360 אדוונס וויט שיניים קולגייט,קולגייט-פלמוליב,CN,זוג מברשות שיניים קולגייט 360 אדוונס וו,Unknown,0.00,Unknown,false,12,24.80,0.0000,true,1,192592
8718951333048,false,"פלמוליב סבון לידיים למטבח, 300 מ""ל",הנסיך- מפעל לייצור ט,IT,סבון ידיים פלמוליב למטבח 300 מל,מיליליטרים,300.00,"100 מ""ל",false,1,10.90,3.6333,true,1,196493
8718951338395,false,"אגקס תגריד פיור הום סמבוק שחור 500 מ""ל",,GR,אגקס טריגר פיור הום סמבוק שחור 500 מל,מיליליטרים,500.00,"100 מ""ל",false,12,15.90,3.1800,true,1,194156
8718951365865,false,מברשת עם סיבי פחם בצפיפות גבוהה קולגייט,קולגייט פלמוליב,CN,זוג מברשות שיניים קולגייט סיבי פחם,Unknown,0.00,Unknown,false,12,29.90,0.0000,true,1,198031
8718951370135,false,"סבון נוזלי ארומה סנסיישן גלואו 750 מ""ל פלמוליב",קולגייט פלמוליב,TR,סבון נוזלי פלמוליב ארומה סנסיישן גלואו,מיליליטרים,750.00,"100 מ""ל",false,12,18.90,2.5200,true,1,193035
8718951377998,false,מברשת שיניים סופט פואם סיבים רכים,קולגייט Colgate,,קולגייט מברשת סופטנס זוג,Unknown,0.00,Unknown,false,1,24.80,0.0000,true,1,194993
8718951381292,false,"משחת שיניים מקס דיטוקס פואם קולגייט 125 מ""ל",קולגייט Colgate,PL,משחת שיניים קולגייט מקס דיטוקס פואם 125,מיליליטרים,125.00,"100 מ""ל",false,12,16.90,13.5200,true,1,195400
8718951382718,false,"פלמוליב ג'ל רחצה חימר התחדשות 750 מ""ל",קולגייט פלמוליב,TR,גל רחצה פלמוליב חימר התחדשות 750 מל,מיליליטרים,750.00,"100 מ""ל",false,12,18.90,2.5200,true,1,193466
8718951391314,false,"טריגר אנטי בקטריאלי אגקס , 500 מ""ל",אג'קס Ajax,GR,אגקס טריגר אנטי בקטריאלי 500 מל,מיליליטרים,500.00,"100 מ""ל",false,12,15.90,3.1800,true,1,196193
8718951409798,false,זוג מברשות שיניים מקס וויט פחם קולגייט,הנסיך- מפעל לייצור ט,CN,זוג מברשת שיניים מקס וויט פחם,Unknown,0.00,Unknown,false,12,22.90,0.0000,true,1,197760
8718951431614,false,"סבון רחצה סו פירם מינרלים 750 מ""ל פלמוליב",קולגייט פלמוליב,TR,סבון רחצה פלמוליב סו פירם מינרלים 750 מל,מיליליטרים,750.00,"100 מ""ל",false,12,18.90,2.5200,true,1,199260
8718951470323,false,קולגייט מברשת סופט פואם פחם 2יח,קולגייט פלמוליב,CN,מברשות שיניים סופט פואם פחם זוג,Unknown,0.00,Unknown,false,12,29.90,0.0000,true,1,205459
8718951497184,false,תחליב רחצה ים תיכוני,,IT,סבון נוזלי פלמוליב ים תיכוני 750 מל,מיליליטרים,750.00,"100 מ""ל",false,12,18.90,2.5200,true,1,208603
8718951497207,false,"סבון גוף מועשר בלחות 750 מ""ל פלמוליב",,IT,סבון נוזלי פלמוליב מועשר בלחות 750 מל,מיליליטרים,750.00,"100 מ""ל",false,12,18.90,2.5200,true,1,208602
8718951498754,false,שישיית מברשות שיניים סופר פלקסי קולגייט,קולגייט פלמוליב,VN,מברשת שיניים קולגייט שישייה,Unknown,0.00,Unknown,false,1,19.90,0.0000,true,1,204714
8718951509627,false,"משחת שיניים אופטיק וויט לאוהבי קפה 75 מ""ל קולגייט",קולגייט פלמוליב,PL,מ שיניים קולגייט אופטיק וייט לאוהבי קפה,מיליליטרים,75.00,"100 מ""ל",false,48,27.90,37.2000,true,1,203923
8719128110349,false,"סירופ פטל פירות יער סודה, 500 מ""ל",סודהסטרים sodastream,,"סירופ סודה סטרים פירות יער 500 מ""ל",מיליליטרים,500.00,"100 מ""ל",false,1,22.90,4.5800,true,1,184295
8719128110387,false,"סירופ דיאט אשכולית אדומה סודה, 500 מ""ל",,,סירופ סודה סטרים דיאט אשכולית אדומה 500,מיליליטרים,500.00,"100 מ""ל",false,1,22.90,4.5800,true,1,184294
8719128117232,false,סירופ פפסי סודה סטרי,סודה סטרים,IL,סירופ פפסי 440 מל,מיליליטרים,440.00,"100 מ""ל",false,1,22.90,5.2045,true,1,197496
8719128117249,false,"סירופ פפסי מקס – 440 מ""ל",סודה סטרים,IL,סירופ פפסי מקס 440 מל,מיליליטרים,440.00,"100 מ""ל",false,1,22.90,5.2045,true,1,197495
8719128117263,false,"סירופ מירינדה – 440 מ""ל",סודה סטרים,IL,סירופ מירינדה 440 מל,מיליליטרים,440.00,"100 מ""ל",false,1,22.90,5.2045,true,1,197499
8719128117294,false,"דיאט – 440 מ""ל 7UPסירופ",סודה סטרים,IL,סירופ סבן אפ דיאט 440 מל,מיליליטרים,440.00,"100 מ""ל",false,1,22.90,5.2045,true,1,197498
8720181046605,false,דאב - דאודורנט ספריי לאישה אורגינל כחול 150מל,יוניליוור,GB,דאו ספריי דאב אוריגינל 150 מל,מיליליטרים,150.00,"100 מ""ל",false,1,15.90,10.6000,true,1,198017
8720181046612,false,"דאב - דאודורנט רול און לאישה אורגינל 50 מ""ל",יוניליוור,,דאודורנט דאב רול און אורגינל 50 מל,גרמים,50.00,100 גרם,false,12,15.90,31.8000,true,1,197801
8720181204111,false,"אקס תחליב רחצה אפיק פרש 400 מ""ל",יוניליוור,DE,גל רחצה אקס אפיק פרש 400 מל,מיליליטרים,400.00,"100 מ""ל",false,12,9.90,2.4750,true,1,206003
8723400793922,false,מנטוס גליל בטעם דובדבן אריזת רביעיה 150 ג',פרפטי ואן מלה ברדה,NL,מנטוס גליל בטעם דובדבן רביעייה,Unknown,0.00,Unknown,false,1,9.90,0.0000,true,1,197147
8801055707966,false,קפה טייסטר צו'יס נס קפה בריסטה 180ג',נסטלה קוריאה - קפה,IL,"קפה טסטר צ""ויס בריסטה 180 גר",גרמים,180.00,100 גרם,false,1,29.90,16.6111,true,1,180571
8801055709427,false,נסקפה טייסטרס צ'ויס אלטה ריקה 100 ג',לוטה נסטלה קוריאה,KR,נסקפה טסטרס צויס אלטה ריקה 100 גר,גרמים,100.00,100 גרם,false,1,24.90,24.9000,true,1,198914
8801055709458,false,אבקה להכנת משקה קפה בטעם קפוצ'ינו קרמל,נסטלה קוריאה - קפה,,נס קפה קפוצינו בטעם קרמל 170 גר,גרמים,170.00,100 גרם,false,1,19.90,11.7059,true,1,203678
8801055709465,false,אבקה להכנת משקה קפה בטעם קפוצ'ינו וניל,נסטלה קוריאה - קפה,DE,נס קפה קפוצינו בטעם וניל 185 גר,גרמים,185.00,100 גרם,false,1,19.90,10.7568,true,1,203679
8801055709472,false,נסטלה - נסקפה קפוצ'ינו קלאסי 12.50 גרם * 10,נסטלה קוריאה - קפה,DE,נס קפה קפוצינו קלאסיק 125 גר,גרמים,125.00,100 גרם,false,1,19.90,15.9200,true,1,203680
8801055709489,false,אבקה להכנת משקה קפה בטעם קפוצ'ינו אגוזים,נסטלה קוריאה - קפה,,נסקפה קפוצינו בטעם אגוזים 180 גר,גרמים,180.00,100 גרם,false,1,19.90,11.0556,true,1,203681
8801073113428,false,אטריות להכנה מהירה ר,,,אטריות להכנה מהירה ראמן עוף חריף אקסטרים,גרמים,140.00,100 גרם,false,40,11.90,8.5000,true,1,194412
8801073113893,false,אטריות להכנה מהירה ע,,,אטריות להכנה מהירה בטעם עוף חריף קארבו 130 גר,גרמים,130.00,100 גרם,false,40,11.90,9.1538,true,1,195329
8801085020301,false,אטריות נאמן אודון 20,Alpha international,,אטריות נאמן אודון 200גר,גרמים,200.00,100 גרם,false,1,6.90,3.4500,true,1,177528
8802241131664,false,חטיף אצות קלויות עם מלח ים Laverland Crunch,טעמי אסיה Taste of Asia,,חטיף אצות ים קלויות עם מלח 40 גר,גרמים,40.00,100 גרם,false,18,32.90,82.2500,true,1,182931
8802241132821,false,חטיף אצות קלויות עם מלח 3 * 13.5 ג',"מאן גו'ן פוד בע""מ",,חטיף אצות קלויות עם מלח 13.5 גר,גרמים,14.00,100 גרם,false,32,14.90,106.4286,true,1,184284
8809168840471,false,חטיף אצות מיובשות מז,Theppadungporn cocon,KR,חטיף אצות מיובשות 4.5 גר*9 יח,Unknown,0.00,Unknown,false,1,24.90,0.0000,true,1,196371
8850180040028,false,קמח טמפורה להכנת בלי,קרנחם אוטאי פחרה,TH,טמפורה 500גר,גרמים,500.00,100 גרם,false,1,10.90,2.1800,true,1,177538
8850206280049,false,רוטב צ'ילי חריף צ'יל,,,רוטב צילי חריף 250 גר,גרמים,250.00,100 גרם,false,12,17.90,7.1600,true,1,200386
8850291105531,false,חטיף אצות ים עם שקדי,,,חטיף אצות ים עם שקדים פרוסים 40 גר,גרמים,40.00,100 גרם,false,1,12.90,32.2500,true,1,196957
8850291105555,false,חטיף אצות ים עם גרעי,,,חטיף אצות ים עם גרעיני דלעת ושומשום 40 ג,גרמים,40.00,100 גרם,false,1,12.90,32.2500,true,1,196959
8850291105562,false,חטיף אצות ים עם שומש,,,חטיף אצות ים עם שומשום 40 גר,גרמים,40.00,100 גרם,false,1,12.90,32.2500,true,1,196958
8850367992164,false,קרם קוקוס ללא גלוטן,טאפ פאד ונגפורן,CN,קרם קוקוס 250גר,גרמים,250.00,100 גרם,false,1,7.90,3.1600,true,1,178643
8850389105832,false,משקה אלוורה בטעם תפוחים,סאפה פובליק קומפני ל,TH,משקה סאפה בטעם תפוחים 1ל,ליטרים,1.00,ליטר,false,1,13.90,13.9000,true,1,178465
8850389105849,false,משקה אלוורה בטעם אפרסק,סאפה פובליק קומפני ל,TH,משקה סאפה בטעם אפרסק 1ל,ליטרים,1.00,ליטר,false,1,13.90,13.9000,true,1,178466
8850389115336,false,סאפה מלון בקבוק תריסר 1ל',סאפה פובליק קומפני ל,TH,נקטר סאפה בטעם מלון 1 ל,ליטרים,1.00,ליטר,false,1,13.90,13.9000,true,1,184505
8850632604266,false,יוגטה מקלות חמוצות בטעם קולה 50 גרם 24 יח',ג'נרל קנדי בעמ,TH,יוגטה חמצוצים 50 גרם,גרמים,50.00,100 גרם,false,1,3.90,7.8000,true,1,175573
8850632604372,false,יוגטה מקלות חמוצות שטיח - תות שדה 50 גרם,ג'נרל קנדי בעמ,TH,יוגטה חמצוצים 50 גרם,גרמים,50.00,100 גרם,false,1,3.90,7.8000,true,1,175574
8850632604402,false,יוגטה מקלות חמוצות שטיח בטעם מעורב24 יח',"ג'נרל קנדי בע""מ",TH,יוגטה חמצוצים 50 גרם,גרמים,50.00,100 גרם,false,1,3.90,7.8000,true,1,175575
8850854002239,false,רוטב סויה מתוק 700 מ,,,רוטב סויה מתוק 700 מל,מיליליטרים,700.00,"100 מ""ל",false,12,14.90,2.1286,true,1,195960
8851613101378,false,משקה קוקוס ארוי-די,כלורוקס אוקלנד,TH,חלב קוקוס 250 מל,מיליליטרים,250.00,"100 מ""ל",false,1,9.90,3.9600,true,1,192598
8851613101385,false,"חלב קוקוס ארוי-די קרטון 500מ""ל",תאי אגרי פוד פובליק,TH,חלב קוקוס 500 מל,מיליליטרים,500.00,"100 מ""ל",false,1,12.90,2.5800,true,1,192597
8852633020403,false,פניני טפיוקה מזרח ומ,Super J Internationa,TH,פניני טפיוקה 500גר,גרמים,500.00,100 גרם,false,1,13.90,2.7800,true,1,177531
8854661001850,false,קוקטייל פירות ים 500,,,קוקטייל פירות ים 500,גרמים,500.00,100 גרם,false,1,28.90,5.7800,true,1,175582
8854661003212,false,בשר מולים מבושלים 50,,,בשר מולים מבושלים 50,גרמים,500.00,100 גרם,false,1,23.90,4.7800,true,1,175585
8854661003786,false,שרימפס מבושל עם ראש 500 ג',,,שרימפס מבושל עם ראש,גרמים,500.00,100 גרם,false,1,29.90,5.9800,true,1,175586
8854692000976,false,רוטב צילי מתוק 700 ג,KRS,TH,"רוטב צ""ילי מתוק 700",גרמים,700.00,100 גרם,false,1,9.90,1.4143,true,1,175587
8858271003068,false,רוטב סויה מתוקה מקסצ,Yan Wal Yun Corpora,,"רוטב סויה מתוקה מקסצופ 250 מ""ל",מיליליטרים,250.00,"100 מ""ל",false,1,12.90,5.1600,true,1,175596
8858271003174,false,רוטב שזיפים מקסצאפ 7,Yan Wal Yun Corpora,,"רוטב שזיפים מקסצ""אפ 700 מ""ל",מיליליטרים,700.00,"100 מ""ל",false,1,15.90,2.2714,true,1,175599
8858271004300,false,רוטב טריאקי מקסצא'פ,דאנינג יוה פודס קו,CN,רוטב טריאקי 700 מל,מיליליטרים,700.00,"100 מ""ל",false,1,19.90,2.8429,true,1,203155
8858271004423,false,רוטב בישול בטעם טום,Yan Wal Yun Corpora,,"רוטב ""טום ם"" מקסציאפ 250 מל",מיליליטרים,250.00,"100 מ""ל",false,1,12.90,5.1600,true,1,175968
8858271004799,false,רוטב צ'ילי מתוק מזרח,יאן ונזל יון,TH,"רוטב צילי מתוק 700 מ""ל",מיליליטרים,700.00,"100 מ""ל",false,1,12.90,1.8429,true,1,177436
8858744800057,false,ממרח טום יאם 30 גר,קנוקוואן פוד פרודקטס,,מחית טום יאם 30 גר,גרמים,30.00,100 גרם,false,12,6.90,23.0000,true,1,188078
8859103400734,false,דג צנינון מלוח מיובש,,,דג צנינון מלוח מיובש 100 גר,גרמים,100.00,100 גרם,false,1,13.90,13.9000,true,1,180354
8886303210542,false,רוטב קארה קרם קוקונט,ג'ומא,ID,רוטב קארה קרם קוקונט 17% 400 גר,גרמים,400.00,100 גרם,false,1,9.90,2.4750,true,1,184162
8888021200256,false,סוללות אנרגייזר שמינ,יצרן: אנרג'ייזר סינג,SG,סוללות אנרגייזר שמינייה AA,Unknown,0.00,Unknown,false,1,24.90,0.0000,true,1,175603
8888021200720,false,סוללת אנרגייזר שמיני,יצרן: אנרג'ייזר סינג,SG,סוללת אנרגייזר שמינייה AAA,Unknown,0.00,Unknown,false,1,24.90,0.0000,true,1,175604
8888056701117,false,נודלס אינסטנט בטעם ע,,,נודלס אינסטנט בטעם עוף 425 גר,גרמים,425.00,100 גרם,false,1,23.90,5.6235,true,1,199100
8888056707775,false,נודלס אינסטנט בטעם ל,,,נודלס אינסטנט בטעם לובסטר 425 גר,גרמים,425.00,100 גרם,false,1,23.90,5.6235,true,1,199101
8888111030053,false,"מיץ אננס SW טבעי מארז 240X4מ""ל פרימיום",S&W,PH,"מיץ אננס SW רביעייה 240 מ""ל",מיליליטרים,960.00,"100 מ""ל",false,1,14.90,1.5521,true,1,188917
8888757103005,false,"שמן שומשום 300 מ""ל",,,שמן שומשום 300 מל,מיליליטרים,300.00,"100 מ""ל",false,1,18.90,6.3000,true,1,192611
8901138825577,false,"משחת שיניים הימלאיה להגנה מושלמת 75 מ""ל",הימלאיה Himalaya,IN,"משחת שיניים הימלאיה להגנה מושלמת 75 מ""ל",מיליליטרים,75.00,"100 מ""ל",false,1,15.90,21.2000,true,1,185755
8901537024014,false,"אורז בסמטי מובחר 1 ק""ג - דוואט) יורה דיעה",הנסיך- מפעל לייצור ט,IN,"אורז בסמטי ""דאווט"" 1",קילוגרמים,1.00,"ק""ג",false,1,12.90,12.9000,true,1,175769
8906000596999,false,"אורז בסמתי מלא 1ק""ג שוקחה","אינסטנטה בע""מ",IN,"אורז בסמטי מלא 1 ק""ג",קילוגרמים,1.00,"ק""ג",false,1,11.90,11.9000,true,1,181559
8906118240388,false,קורנישונים כבושים 68,אנגל קמצ'ו אלימנטסיו,,קורנישונים כבושים 680 גר,גרמים,680.00,100 גרם,false,1,11.90,1.7500,true,1,204684
8908000959361,false,קורנישונים כבושים בח,,,קורנישונים כבושים בחומץ 680 גר,גרמים,680.00,100 גרם,false,1,11.90,1.7500,true,1,180150
8934878081736,false,אטריות אורז 450 גר,Chanh Khang Company,,אטריות אורז 450גר,מיליליטרים,450.00,"100 מ""ל",false,1,10.90,2.4222,true,1,177533
8934878081811,false,"דפי אורז 22 ס""מ 400 גר'(Trav) ללא גלוטן",דאנינג יוה פודס קו,CN,דפי אורז 400 גר,גרמים,400.00,100 גרם,false,1,16.90,4.2250,true,1,176872
8936018435164,false,דג יבש פרפר 90 גר,,,דג יבש פרפר 90 גר,גרמים,90.00,100 גרם,false,1,9.90,11.0000,true,1,183818
8936018435256,false,דג ירח מלוח מיובש תכ,,,דג ירח מלוח מיובש תכלת 100 גר,גרמים,100.00,100 גרם,false,30,13.90,13.9000,true,1,192113
9001395807015,false,סוכ בננית 300 גר,האוסוירט,,סוכ בננית 300 גר,גרמים,300.00,100 גרם,false,1,10.90,3.6333,true,1,174155
9001414041116,false,פלפל שחור קוטניה 36,,,פלפל שחור קוטניה 36 גר,גרמים,36.00,100 גרם,false,1,15.90,44.1667,true,1,180376
9001414041130,false,פלפל קוטניה 4 סוגים,,,פלפל קוטניה 4 סוגים 35 גר,גרמים,35.00,100 גרם,false,1,15.90,45.4286,true,1,180377
9002859038396,false,גונץ קרקרים עם מלח 250 ג',GUNZ WARENHANDELS,,"קרקרים עם מלח ""גונץ""",גרמים,250.00,100 גרם,false,1,9.90,3.9600,true,1,174163
9002859047510,false,מרשמלו ורוד לבן גונץ,GUNZ WARENHANDELS,,מרשמלו ורוד לבן גונץ 200 גר,גרמים,200.00,100 גרם,false,1,9.90,4.9500,true,1,174165
9002859055553,false,בוגי סוכריות פירות 200ג',GUNZ WARENHANDELS,,"סוכריות ""בוגי"" מטעם פירות בפחי 200גר",גרמים,200.00,100 גרם,false,1,10.90,5.4500,true,1,175912
9002859058172,false,גונץ-בננה ציפוי שוקולד מריר 300ג',GUNZ WARENHANDELS,AT,"אצבעות בננה ""גונץ"" בציפוי שוקולד מריר",גרמים,300.00,100 גרם,false,1,16.90,5.6333,true,1,175914
9002859061240,false,שבבי בצל מטוגן 250 ג,,,שבבי בצל מטוגן 250 גר,גרמים,250.00,100 גרם,false,20,10.90,4.3600,true,1,189001
9002859079375,false,ממתק חמצמץ גונץ בטעם,gunz,,ממתק חמצמץ גונץ בטעם תות 85 גר,גרמים,85.00,100 גרם,false,1,6.90,8.1176,true,1,179067
9002859090530,false,גונץ-בוגי סוכריות בפח תפוז 200 ג',Gunz,,סוכריות בוגי גונץ תפוז בפח 200 גר,גרמים,200.00,100 גרם,false,1,10.90,5.4500,true,1,180616
9002859100536,false,בונבוניירה אצבעות שו,,,בונ אצבעות שוקולד מוצרט גונץ 200 גר,גרמים,200.00,100 גרם,false,1,15.90,7.9500,true,1,184224
9003402660088,false,פחית בירה שטיגל גולדברו Goldbrau,שטיגל Stiegl,LV,"בירה שטיגל גולד בראו פח 500 מ""ל",מיליליטרים,500.00,"100 מ""ל",false,1,8.90,1.7800,true,1,185527
9005835312640,false,קלרו טבליות למדיח לל,קלרו,AT,טבליות למדיח קלרו XXL ללא פוספטים 80 טבל,Unknown,0.00,Unknown,false,1,69.90,0.0000,true,1,189746
9005835312718,false,"קלרו פירמידה מלח למדיח כלים 1 ק""ג CLARO",יעקבי,AT,"מלח אקולוגי למדיח קלרו פירמידה 1 ק""ג",קילוגרמים,1.00,"ק""ג",false,1,14.90,14.9000,true,1,189747
9005835312732,false,"קלרו נוזל הברקה למדיח כלים 500 מ""ל CLARO",יעקבי,AT,"נוזל הברקה קלרו מזרז ייבוש למדיח 500 מ""ל",מיליליטרים,500.00,"100 מ""ל",false,1,14.90,2.9800,true,1,189748
9005835312756,false,"קלרו ניקוי יסודי למדיח כלים 250 מ""ל CLARO",יעקבי,AT,"נוזל לניקוי יסודי קלרו למדיח 250 מ""ל",מיליליטרים,250.00,"100 מ""ל",false,1,14.90,5.9600,true,1,189749
9005835313609,false,קלרו טבליות למדיח כלים 15 יחידות CLARO,,,קלרו טבליות למדיח כלים 15 יח,Unknown,0.00,Unknown,false,1,9.90,0.0000,true,1,201587
9008700111546,false,נקטר דובדבן חמוץ Happy Day,Rauch fruchtsafte gm,,נקטר דובדבן 1 ליטר,ליטרים,1.00,ליטר,false,1,12.90,12.9000,true,1,174170
9008700146982,false,נקטר פירות אדומים רא,Rauch fruchtsafte gm,,"מיץ ""ראוך"" מולטיוויט",Unknown,0.00,Unknown,false,1,12.90,0.0000,true,1,174173
9013100062053,false,ליקר מוצארט קרם שוקו,,,ליקר מוצארט קרם שוקולד גולד 500 מל,מיליליטרים,500.00,"100 מ""ל",false,1,79.90,15.9800,true,1,193660
9028800627679,false,בירה אדלוויס פחית 50,,,בירה אדלוויס פחית 500 מל,מיליליטרים,500.00,"100 מ""ל",false,1,9.90,1.9800,true,1,205046
9310072028750,false,טים טם Tim Tam וופל שוקולד ציפוי כפול,"ארנוטס ביסקוויטס בע""",AU,חטיף ביסקוויט טים טם,גרמים,200.00,100 גרם,false,1,19.90,9.9500,true,1,180142
9312631801118,false,תה פרמיום שחור סלקשן,דילמח,,"תה ""פרמיום"" שחור סלקשן 200 גר",גרמים,200.00,100 גרם,false,24,19.90,9.9500,true,1,176352
9322969000015,false,פריכיות תירס בטעם אורגינל ריל פודס 150 ג',אף.סי תבליני בגליל ב,AU,פריכיות תירס אורגינל 150 גר,גרמים,150.00,100 גרם,false,1,11.90,7.9333,true,1,176315
9322969000022,false,פריכיות תירס עם סויה וזרעי פשתן ללא גלוטן,אף.סי תבליני בגליל ב,AU,פריכיות תירס עם סויה וזרעי פשתן 150 גר,גרמים,150.00,100 גרם,false,1,11.90,7.9333,true,1,176316
9322969000039,false,פריכיות תירס עם 4דגנים מלאים 150ג',,AU,פריכיות תירס עם 4 דגנים מלאים 150 גר,גרמים,150.00,100 גרם,false,6,11.90,7.9333,true,1,185842
9322969000046,false,פריכיות תירס שומשום אורגני ריל פודס 150 ג',אף.סי תבליני בגליל ב,AU,פריכיות תירס עם שומשום 150 גר,גרמים,150.00,100 גרם,false,1,11.90,7.9333,true,1,176317
9414416305528,false,יין פרייבט בין סובינ,,,"יין פרייבט בין סוביניון בלאן 750 מ""ל",מיליליטרים,750.00,"100 מ""ל",false,1,74.90,9.9867,true,1,188874
9414897010904,false,מול ניו זילנדי על חצ,,,מול ניו זילנדי על חצי צדף 1 קג,קילוגרמים,1.00,"ק""ג",false,1,64.90,64.9000,true,1,175043
9720188050109,false,טופוטי ממרח טופו בטעם גבינה 227 ג`,טופוטי ברנדס אינק.ג',IL,ממרח טופו 225 גר,גרמים,225.00,100 גרם,false,1,19.90,8.8444,true,1,175606
9810000950097,false,פטריות חתוכות 400 גר,זאנגזו הינגפינג פודס,,פטריות חתוכות 400גר,גרמים,400.00,100 גרם,false,1,3.90,0.9750,true,1,175619
