code,internal_code,name,manufacturer_name,manufacture_country,manufacturer_item_description,unit_qty,quantity,unit_of_measure,weighted,qty_in_package,price,unit_of_measure_price,allow_discount,status,item_id
14,true,נילוס 200 גר,ישרא גל דברי מזון,,,יח`,1,,false,1,15.60,15.60,false,1,
196,true,גודי פטור מעמ,ספקים שונים,,,יח`,1,,false,1,0.01,0.01,false,1,
319,true,תו סיבוס פטור מעמ,ספקים שונים,,,יח`,1,,false,1,0.01,0.01,false,1,
321,true,תן ביס פטור מעמ,ספקים שונים,,,יח`,1,,false,1,0.01,0.01,false,1,
600,true,סנדוויץ`עובד,קבוצת אסם סחר שות. מוגבלת,,,יח`,1,,false,1,3,3,false,1,
2001,true,אשכולית,פירות בני דרור בעמ,,,"ק""ג",1,,true,1,6.90,6.90,false,1,
2002,true,אשכולית אדומה,תעשיות תוצרת חקלאית אביטן בני,,,"ק""ג",1,,true,1,6.90,6.90,false,1,
2003,true,אבוקדו,גליל שוק מקומי אגשח*שיק ל60 יו,,,"ק""ג",1,,true,1,9.90,9.90,false,1,
2006,true,ארטישוק,אנונה שיווק בעמ*שיק 45 יום*,,,"ק""ג",1,,true,1,10.90,10.90,false,1,
2007,true,בטטה,משק כרמי ייצור ושיווק תוצרת*שי,,,"ק""ג",1,,true,1,9.90,9.90,false,1,
2009,true,בננות,גליל שוק מקומי אגשח*שיק ל60 יו,,,"ק""ג",1,,true,1,8.90,8.90,false,1,
2010,true,בצל יבש,רביבו יהודה חקלאות ונכסים בעמ,,,"ק""ג",1,,true,1,5.90,5.90,false,1,
2012,true,אננס,פירות הכרמל אגשח בעמ*שיק 45 יו,,,יח`,1,,false,1,40,40,false,1,
2013,true,גויאבה,אלדד קליימן שיווק בעמ*שיק 40 י,,,"ק""ג",1,,true,1,12.90,12.90,false,1,
2015,true,דלעת,שוסטר תעשיות מזון בעמ*שיק ל 60,,,"ק""ג",1,,true,1,9.90,9.90,false,1,
2016,true,דלורית,שוסטר תעשיות מזון בעמ*שיק ל 60,,,"ק""ג",1,,true,1,7.90,7.90,false,1,
2017,true,תפוח זהוב,בראשית - אגודה שיתופית*שיק 45,,,"ק""ג",1,,true,1,10.90,10.90,false,1,
2020,true,חסה רגילה,הירוקים של רצון בעמ,,,יח`,1,,false,1,5.90,5.90,false,1,
2021,true,חצילים,שיווק העשור ירקות הזהב*שיק 30,,,"ק""ג",1,,true,1,8.90,8.90,false,1,
2022,true,ירק,א.אדמה (2007) בעמ,,,יח`,1,,false,1,3.90,3.90,false,1,
2023,true,תפוח יונתן,בראשית - אגודה שיתופית*שיק 45,,,"ק""ג",1,,true,1,14.90,14.90,false,1,
2024,true,כרוב לבן,תעשיות תוצרת חקלאית אביטן בני,,,"ק""ג",1,,true,1,4.90,4.90,false,1,
2025,true,כרובית,ד.ע. ימין גידול ושיווק ירקות*ש,,,"ק""ג",1,,true,1,8.90,8.90,false,1,
2027,true,לימון,גליל שוק מקומי אגשח*שיק ל60 יו,,,"ק""ג",1,,true,1,9.90,9.90,false,1,
2028,true,מלפפון,נסים מאיר חקלאי בעמ*שיק 30 יום,,,"ק""ג",1,,true,1,6.90,6.90,false,1,
2033,true,תפוח סמיט,בראשית - אגודה שיתופית*שיק 45,,,"ק""ג",1,,true,1,10.90,10.90,false,1,
2034,true,תפוח סטארקינג חרמון,בראשית - אגודה שיתופית*שיק 45,,,"ק""ג",1,,true,1,10.90,10.90,false,1,
2035,true,סלק,מלוא הסל שיווק ירקות בעמ*שיק 3,,,"ק""ג",1,,true,1,6.90,6.90,false,1,
2036,true,עגבניה,שיווק העשור ירקות הזהב*שיק 30,,,"ק""ג",1,,true,1,6.90,6.90,false,1,
2038,true,פטריות שמפיניון יחידה,מרינה פטריות הגליל בעמ,,,יח`,1,,false,1,9.90,9.90,true,1,
2039,true,פומלה,מהדרין תנופורט יצוא *שיק 30 יו,,,"ק""ג",1,,true,1,9.90,9.90,false,1,
2040,true,פלפל ירוק,ינאי - מרכז פרי והירק בעמ*שיק,,,"ק""ג",1,,true,1,9.90,9.90,false,1,
2041,true,פלפל חריף,שיווק העשור ירקות הזהב*שיק 30,,,"ק""ג",1,,true,1,9.90,9.90,false,1,
2043,true,צנונית,תוצרת הנגב אגודה שיתופית חקלאי,,,יח`,1,,false,1,6.90,6.90,true,1,
2044,true,צנון,עמית בראון שיווק עמ*שיק 40 יום,,,"ק""ג",1,,true,1,7.90,7.90,false,1,
2046,true,קולורבי,דובדבן שיווק בעמ*שיק 60 יום*,,,"ק""ג",1,,true,1,8.90,8.90,false,1,
2047,true,קלמנטינה,תעשיות תוצרת חקלאית אביטן בני,,,"ק""ג",1,,true,1,7.90,7.90,false,1,
2048,true,קישואים,אשר שי אלבז *שיק 30 יום*,,,"ק""ג",1,,true,1,9.90,9.90,false,1,
2049,true,קיווי,בראשית - אגודה שיתופית*שיק 45,,,"ק""ג",1,,true,1,9.90,9.90,false,1,
2050,true,פומלית,תעשיות תוצרת חקלאית אביטן בני,,,"ק""ג",1,,true,1,9.90,9.90,false,1,
2051,true,לפת,מלוא הסל שיווק ירקות בעמ*שיק 3,,,"ק""ג",1,,true,1,7.90,7.90,false,1,
2054,true,שומר,תעשיות תוצרת חקלאית אביטן בני,,,"ק""ג",1,,true,1,8.90,8.90,false,1,
2057,true,תותים,גידול ושיווק אדום ירוק בעמ,,,יח`,1,,false,1,10,10,false,1,
2058,true,תפוא לבן,עוגן שיווק ואריזות בעמ,,,"ק""ג",1,,true,1,3.90,3.90,false,1,
2059,true,תפוזים,הדרי קטיף אריזה ושיווק בעמ*שיק,,,"ק""ג",1,,true,1,5.90,5.90,false,1,
2060,true,תירס ארוז,צמח שיווק תוצרת חקלאית *שיק 30,,,"ק""ג",1,,true,1,13.90,13.90,false,1,
2061,true,פלפל אדום,י.ל. החקלאים שיווק והפצה בעמ*ש,,,"ק""ג",1,,true,1,9.90,9.90,false,1,
2063,true,אגס,טריפל סל בעמ,,,"ק""ג",1,,true,1,13.90,13.90,false,1,
2064,true,כרוב אדום,תעשיות תוצרת חקלאית אביטן בני,,,"ק""ג",1,,true,1,6.90,6.90,false,1,
2065,true,פלפל חריף אדום,דובדבן שיווק בעמ*שיק 60 יום*,,,"ק""ג",1,,true,1,10.90,10.90,false,1,
2066,true,פלפל בהיר,שיווק העשור ירקות הזהב*שיק 30,,,"ק""ג",1,,true,1,10.90,10.90,false,1,
2067,true,פלפל צהוב,ב.ד. גידול ירקות בעמ*שיק 30 יו,,,"ק""ג",1,,true,1,9.90,9.90,false,1,
2068,true,אפרסמון,מור פירות השרון בעמ* שיק 45 יו,,,"ק""ג",1,,true,1,15.90,15.90,false,1,
2072,true,בצל אדום,רביבו יהודה חקלאות ונכסים בעמ,,,"ק""ג",1,,true,1,7.90,7.90,false,1,
2074,true,שרי ארוז,צימן עגבניות שיווק רמת הנגב בע,,,יח`,1,,false,1,9.90,9.90,false,1,
2075,true,שעועית צהובה,נווה ירק בעמ,,,"ק""ג",1,,true,1,16.90,16.90,false,1,
2076,true,וירטיקלית נענע,ורטיקל פילד בעמ*קונסיגנציה*,,,יח`,1,,false,1,5,5,false,1,
2082,true,תפוח פינק,בראשית - אגודה שיתופית*שיק 45,,,"ק""ג",1,,true,1,13.90,13.90,false,1,
2086,true,מג`הול תמר בקופסא,מהדרין תנופורט יצוא *שיק 30 יו,,,יח`,1,,false,1,19.90,19.90,false,1,
2092,true,פלפל שושקה,י.ל. החקלאים שיווק והפצה בעמ*ש,,,"ק""ג",1,,true,1,10.90,10.90,false,1,
2095,true,סברס,מהדרין תנופורט יצוא *שיק 30 יו,,,"ק""ג",1,,true,1,24.90,24.90,false,1,
2098,true,משמש,אלדד קליימן שיווק בעמ*שיק 40 י,,,"ק""ג",1,,true,1,19.90,19.90,false,1,
2099,true,שזיף אדום,בועז את עמיר בעמ*שיק 40 יום*,,,"ק""ג",1,,true,1,13.90,13.90,false,1,
2106,true,חבוש,בכורי שדה דרום 2002 בעמ,,,"ק""ג",1,,true,1,7.90,7.90,false,1,
2113,true,פלפל כתום,י.ל. החקלאים שיווק והפצה בעמ*ש,,,"ק""ג",1,,true,1,9.90,9.90,false,1,
2114,true,ערמונים תפזורת,בכורי שדה דרום 2002 בעמ,,,"ק""ג",1,,true,1,19.90,19.90,false,1,
2115,true,שום טרי בתפזורת,בננות החוף אגשח בעמ,,,"ק""ג",1,,true,1,10,10,false,1,
2116,true,קישואים עגולים,עמית בראון שיווק עמ*שיק 40 יום,,,"ק""ג",1,,true,1,10.90,10.90,false,1,
2120,true,תפוא אדום,עוגן שיווק ואריזות בעמ,,,"ק""ג",1,,true,1,4.90,4.90,false,1,
2122,true,רימון,אלדד קליימן שיווק בעמ*שיק 40 י,,,"ק""ג",1,,true,1,9.90,9.90,false,1,
2123,true,תאנים,ח.ע בסד שיווק פירות בעמ,,,"ק""ג",1,,true,1,29.90,29.90,false,1,
2127,true,ענבים ירוקים טלי,לכיש מושב עובדים להתישבות*30 י,,,"ק""ג",1,,true,1,25.90,25.90,false,1,
2130,true,אנונה,גליל שוק מקומי אגשח*שיק ל60 יו,,,"ק""ג",1,,true,1,17.90,17.90,false,1,
2132,true,ברוקולי ארוז,בננות החוף אגשח בעמ,,,יח`,1,,false,1,10,10,false,1,
2134,true,תפוח נאשי,בראשית - אגודה שיתופית*שיק 45,,,"ק""ג",1,,true,1,15.90,15.90,false,1,
2144,true,קישוא זוקיני,שיווק העשור ירקות הזהב*שיק 30,,,"ק""ג",1,,true,1,10.90,10.90,false,1,
2158,true,תפוזים ברשת,מהדרין תנופורט יצוא *שיק 30 יו,,,"ק""ג",1,,true,1,4.90,4.90,false,1,
2165,true,פטריות תפזורת גדולות למילוי,חוות השמפיניון בעמ,,,"ק""ג",1,,true,1,39.90,39.90,false,1,
2168,true,תפוח ברשת,אמצע השוק בעמ,,,"ק""ג",1,,true,1,9.90,9.90,false,1,
2171,true,פאפיה,עומר יבולים בעמ*שיק ל 60 יום*,,,"ק""ג",1,,true,1,19.90,19.90,false,1,
2173,true,חציל בלדי,י.ל. החקלאים שיווק והפצה בעמ*ש,,,"ק""ג",1,,true,1,9.90,9.90,false,1,
2178,true,חצילונים,נווה ירק בעמ,,,"ק""ג",1,,true,1,7.90,7.90,false,1,
2186,true,תפוח גלה,בראשית - אגודה שיתופית*שיק 45,,,"ק""ג",1,,true,1,10.90,10.90,false,1,
2252,true,פטיה,טריג חברה ליבוא ומסחר בעמ,,,"ק""ג",1,,true,1,19.90,19.90,false,1,
2323,true,גבינה מגורדת מעדנייה,תנובה - חלב,,,"ק""ג",1000,גרם,true,1,48,4.80,false,1,
12001,true,מעושנת,גבינות הכפר בעמ,,,"ק""ג",1000,גרם,true,1,41,4.10,false,1,
14005,true,מקסיקנית,גבינות הכפר בעמ,,,"ק""ג",1000,גרם,true,1,39,3.90,false,1,
46549,true,מוצרלה חריץ תנובה,תנובה - חלב,,,"ק""ג",1000,גרם,true,1,76,7.60,false,1,
46662,true,סקנדינבית 31% תנובה,תנובה - חלב,,,"ק""ג",1000,גרם,true,1,76,7.60,false,1,
47027,true,קשקבל (27% גלעד) תנובה,תנובה - חלב,,,"ק""ג",1000,גרם,true,1,121,12.10,false,1,
47485,true,בולגרית פיראוס 24% פח 3  קג`תנובה,תנובה - חלב,,,"ק""ג",1000,גרם,true,1,56,5.60,false,1,
55183,true,צפתית מלבנית 5% פיראוס מעודנת,תנובה - חלב,,,"ק""ג",1000,גרם,true,1,42,4.20,false,1,
328900,true,נפוליאון טבעי גבינת שמנת 25% מעדניה,תנובה - חלב,,,"ק""ג",1000,גרם,true,1,46,4.60,false,1,
328917,true,נפוליאון זיתים גבינת שמנת 24% מעדניה,תנובה - חלב,,,"ק""ג",1000,גרם,true,1,46,4.60,false,1,
328924,true,נפוליאון שום שמיר גבינת שמנת 25% מעדניה,תנובה - חלב,,,"ק""ג",1000,גרם,true,1,46,4.60,false,1,
395408,true,גבנצ 28% נעם חריץ פיקוח מעדנייה,החב` המרכזית - טרה,,,"ק""ג",1000,גרם,true,1,44.79,4.48,false,1,
395415,true,גבנצ 9% נעם חריץ מעדנייה,החב` המרכזית - טרה,,,"ק""ג",1000,גרם,true,1,76,7.60,false,1,
395422,true,גבנצ 22% נעם חריץ פיקוח מעדנייה,החב` המרכזית - טרה,,,"ק""ג",1000,גרם,true,1,42.58,4.26,false,1,
481043,true,פיתות כוסמין 10  יח`700 גר`,דגנית עין בר תעשיות מזון ואפיה,,,יח`,700,גרם,false,1,14.90,2.13,false,1,
554655,true,מוצרלה נקניק מעושן 22% מעדנייה גד,מחלבות גד שיווק 1992 בעמ,,,"ק""ג",1000,גרם,true,1,86,8.60,false,1,
554792,true,בולגרית 5% 16%  מעודנת- גד מעדניה,מחלבות גד שיווק 1992 בעמ,,,"ק""ג",1000,גרם,true,1,58,5.80,false,1,
554969,true,שמנות 30% גד,מחלבות גד שיווק 1992 בעמ,,,"ק""ג",1000,גרם,true,1,47,4.70,false,1,
554990,true,כדורי מוצרלה במים גד פרסקה מעדניה,מחלבות גד שיווק 1992 בעמ,,,"ק""ג",1000,גרם,true,1,95,9.50,false,1,
644820,true,שניצל ארוז קפוא מוביל חזה פרוס,עוף ירושלים שיווק בעמ,,,"ק""ג",1,,true,1,29.90,29.90,false,1,
654935,true,שיפודי פרגיות קפוא,קורניש חן (1987) בעמ,,,"ק""ג",1,,true,1,59.90,59.90,false,1,
658926,true,פילה מרלוזה 100% דג קפוא תנובה,תנובה קפואים,,,"ק""ג",0,גרם,true,1,33.90,33.90,false,1,
659312,true,פילה סלמון תנובה בואקום קפוא,תנובה קפואים,,,"ק""ג",1,,true,1,74.90,74.90,false,1,
663135,true,קוביות סלומון קפוא,תנובה קפואים,,,יח`,1,,false,1,29.90,29.90,false,1,
684123,true,כתף טרי חלק ללא עצם,אדום אדום - תנובה בקר,,,"ק""ג",1,,true,1,79.90,79.90,true,1,
1053577,true,שריר הזרוע  מס`8 קפוא חבד,בלדי בעמ,,,"ק""ג",1,,true,1,49.90,49.90,false,1,
1415863,true,פילסברי חלה מתוקה (חת כדורים),קונסיגנציה ג`נרל מילס ישראל בע,,,יח`,1,,false,1,11.90,11.90,true,1,
1461105,true,פילסברי לחם מחמצת לבן,קונסיגנציה ג`נרל מילס ישראל בע,,,יח`,1,,false,1,16.90,16.90,true,1,
1461860,true,פילסברי 10 פיתות,קונסיגנציה ג`נרל מילס ישראל בע,,,יח`,1,,false,1,13.90,13.90,false,1,
1516065,true,חזה עוף פרוס דק דק טרי ארוז,קורניש חן (1987) בעמ,,,"ק""ג",1,,true,1,37.90,37.90,true,1,
1714621,true,אסאדו ארוז חלק אדום אדום טרי,אדום אדום - תנובה בקר,,,"ק""ג",1,,true,1,59.90,59.90,false,1,
1714652,true,צלי כתף טרי ארוז חלק,אדום אדום - תנובה בקר,,,"ק""ג",0,גרם,true,1,89.90,89.90,false,1,
1714669,true,פילה מדומה טרי ארוז חלק,אדום אדום - תנובה בקר,,,"ק""ג",100,גרם,true,1,84.90,84.90,true,1,
1714676,true,קוביות לגולש טרי ארוז חלק צוואר צלעות,אדום אדום - תנובה בקר,,,"ק""ג",0,גרם,true,1,69.90,69.90,false,1,
1714683,true,בשר עם עצם טרי ארוז חלק,אדום אדום - תנובה בקר,,,"ק""ג",0,גרם,true,1,54.90,54.90,false,1,
1714690,true,כתף טרי ארוז חלק,אדום אדום - תנובה בקר,,,"ק""ג",0,גרם,true,1,69.90,69.90,false,1,
2139904,true,סטייק טרי ארוז חלק אנטריקוט,אדום אדום - תנובה בקר,,,"ק""ג",0,גרם,true,1,139,139,false,1,
2206019,true,כרעיים עוף טרי ארוז,קורניש חן (1987) בעמ,,,"ק""ג",1,,true,1,25.90,25.90,true,1,
2206033,true,שוקיים עוף טרי ארוז,קורניש חן (1987) בעמ,,,"ק""ג",1,,true,1,29.90,29.90,false,1,
2206040,true,כנפיים עוף טרי ארוז,קורניש חן (1987) בעמ,,,"ק""ג",1,,true,1,12.90,12.90,true,1,
2206057,true,חזה עוף טרי שלם ארוז,קורניש חן (1987) בעמ,,,"ק""ג",1,,true,1,32.90,32.90,true,1,
2206064,true,חזה עוף פרוס טרי ארוז שניצל,קורניש חן (1987) בעמ,,,"ק""ג",1,,true,1,34.90,34.90,true,1,
2206088,true,פרגיות עוף טרי ארוז,קורניש חן (1987) בעמ,,,"ק""ג",1,,true,1,59.90,59.90,false,1,
2206101,true,סטייק פרגית ללא עור,קורניש חן (1987) בעמ,,,"ק""ג",1,,true,1,54.90,54.90,false,1,
2206118,true,כבד עוף לצליה טרי ארוז,קורניש חן (1987) בעמ,,,"ק""ג",1,,true,1,21.90,21.90,false,1,
2206385,true,גרון הודו נקבה טרי ארוז,קורניש חן (1987) בעמ,,,"ק""ג",1,,true,1,25.90,25.90,false,1,
2206408,true,חזה הודו נקבה טרי ארוז מוביל,קורניש חן (1987) בעמ,,,"ק""ג",1,,true,1,25.90,25.90,false,1,
2370031,true,מוצרלה,ג.וילי-פוד אינטרנשיונל **גבינו,,,"ק""ג",1000,גרם,true,1,58,5.80,false,1,
2385455,true,בולגרית מעודנת 24% מעדנייה גד,מחלבות גד שיווק 1992 בעמ,,,"ק""ג",1000,גרם,true,1,65,6.50,false,1,
2385745,true,פקורינו משולשים מעדנייה גד,מחלבות גד שיווק 1992 בעמ,,,"ק""ג",1000,גרם,true,1,155,15.50,false,1,
2410874,true,רבעי פרגיות ממולא,לאטי עזרא בעמ,,,"ק""ג",1,,true,1,50.80,50.80,false,1,
2519089,true,רצועות לשווארמה טרי ארוז חלק אחורי,אדום אדום - תנובה בקר,,,"ק""ג",0,גרם,true,1,74.90,74.90,false,1,
2519607,true,קיט נתחים לקצב טחון חלק,אדום אדום - תנובה בקר,,,"ק""ג",1,,true,1,49.90,49.90,true,1,
2596448,true,חזה בקר  כבוש(קורנדביף),לאטי עזרא בעמ,,,"ק""ג",1,,true,1,40.80,40.80,false,1,
2608219,true,פילסברי מאפה פילו נוגט,קונסיגנציה ג`נרל מילס ישראל בע,,,"ק""ג",10,"ק""ג",true,1,42,4.20,false,1,
2608516,true,פילסברי לחם מחמצת מקמח מלא,קונסיגנציה ג`נרל מילס ישראל בע,,,יח`,1,,false,1,16.90,16.90,true,1,
2750154,true,פילסברי לחמניות יאמיס שישייה,קונסיגנציה ג`נרל מילס ישראל בע,,,יח`,1,,false,1,13.90,13.90,false,1,
2750963,true,פילסברי בגט רוסטיק,קונסיגנציה ג`נרל מילס ישראל בע,,,יח`,1,,false,1,7.90,7.90,false,1,
2750987,true,פילסברי חלה קלועה מתוקה,קונסיגנציה ג`נרל מילס ישראל בע,,,יח`,1,,false,1,11.90,11.90,true,1,
2757535,true,בורקס פילו אצבעות גבינה 700 שלושת האופים,נטו מלינדה סחר בעמ,,,יח`,700,גרם,false,1,20.90,2.99,true,1,
3163601,true,בשר ראש בדץ נווה ציון אשפר קפוא,ישראל פלדמן בעמ,,,"ק""ג",1,"ק""ג",true,1,99,99,false,1,
3163847,true,בשר  מס`4 כתף בקר .,נחמיה לחוביץ בעמ,,,"ק""ג",1,,true,1,33.90,33.90,false,1,
3414406,true,נטיפי אפייה חמאת בוטנים ריסז (283 גרם),ליימן שליסל בעמ,,,יח`,283,גרם,false,1,16.30,5.76,false,1,
3632367,true,פילה ברבוניה,נ.ת.נ.ג.ב החזקות יעוץ וניהול ב,,,יח`,400,גרם,false,1,19.90,4.98,false,1,
3632404,true,פילה מרלוזה ארגנטיני ללא עור מוביל,בלדי בעמ,,,"ק""ג",1,,true,1,32.90,32.90,false,1,
3893843,true,פילה מושט ללא עור,בלו פיש גורמה סולושנס בעמ,,,"ק""ג",1,,true,1,39.90,39.90,false,1,
4014407,true,אמ אנד אם עדשי חמאת בוטנים 46 גרם,מרס ריגלי ישראל בעמ,,,יח`,1,,false,1,5,5,true,1,
4026530,true,פילסברי בורקס ירושלמי,קונסיגנציה ג`נרל מילס ישראל בע,,,"ק""ג",1000,גרם,true,1,42,4.20,false,1,
4033705,true,הבורגריה לחמניות המבוגר ביג לוקס 6 יח`,י.את א. ברמן בעמ,,,יח`,600,גרם,false,1,13.50,2.25,false,1,
4033712,true,לחם עננים מקמח מלא 750 גרם.,י.את א. ברמן בעמ,,,יח`,750,גרם,false,1,15.50,2.07,true,1,
4033729,true,לחם עננים כוסמין 750 גרם,י.את א. ברמן בעמ,,,יח`,750,גרם,false,1,16.50,2.20,true,1,
4033736,true,לחם עננים בסגנון בריוש 500 גר`,י.את א. ברמן בעמ,,,יח`,500,גרם,false,1,14.90,2.98,true,1,
4068332,true,קממבר בקר משולשים מעדנייה גד,מחלבות גד שיווק 1992 בעמ,,,"ק""ג",1000,גרם,true,1,115,11.50,false,1,
4128401,true,פטה פיראוס 20%,תנובה - חלב,,,"ק""ג",1000,גרם,true,1,105,10.50,false,1,
4135324,true,פיראוס בולגרית 5% מעודנת,תנובה - חלב,,,"ק""ג",1000,גרם,true,1,43,4.30,false,1,
4136291,true,צפתית/מעודנת 5%,תנובה - חלב,,,"ק""ג",1000,גרם,true,1,51,5.10,false,1,
4136833,true,בולגרית פיראוס %16למעדניה,תנובה - חלב,,,"ק""ג",1000,גרם,true,1,58,5.80,false,1,
4263041,true,גולש עגל מעובד עטרה לפי משקל (500 גרם),נטו מלינדה סחר - עטרה,,,"ק""ג",1,,true,1,53,53,false,1,
4725426,true,עמק פיקוח 28% חריץ צהובה,תנובה - חלב,,,"ק""ג",1000,גרם,true,1,44.79,4.48,false,1,
4859954,true,כנפיים עוף קפוא מוביל,קורניש חן (1987) בעמ,,,"ק""ג",1,,true,1,9.90,9.90,false,1,
5041198,true,קבב ביתי קפוא מעדני הטלה (1 קג),לאטי עזרא בעמ,,,יח`,1,"ק""ג",false,1,45.90,45.90,false,1,
5358005,true,נסיכת הנילוס שלם,נ.ת.נ.ג.ב החזקות יעוץ וניהול ב,,,"ק""ג",1,,true,1,44.90,44.90,false,1,
5387227,true,בשר מס 8 שריר זרוע,נחמיה לחוביץ בעמ,,,"ק""ג",1,,true,1,39.90,39.90,false,1,
5719158,true,פילסברי בייגל סימיט,קונסיגנציה ג`נרל מילס ישראל בע,,,יח`,1,,false,1,4.50,4.50,true,1,
5992667,true,בולגרית מסורתית מעודנת 5%-16% מעדניה גד,מחלבות גד שיווק 1992 בעמ,,,"ק""ג",1000,גרם,true,1,58,5.80,false,1,
6131706,true,פילה אמנון (מושט) קפוא,נחמיה לחוביץ בעמ,,,"ק""ג",1,,true,1,29.90,29.90,false,1,
6464811,true,בשר  מס`6 פילה מדומה,נחמיה לחוביץ בעמ,,,"ק""ג",1,,true,1,34.90,34.90,false,1,
6464828,true,בשר  מס`8 שריר,ישראל פלדמן בעמ,,,"ק""ג",1,,true,1,39.90,39.90,false,1,
6707079,true,כרעיים עוף קפוא,עוף עוז שיווק בעמ,,,"ק""ג",1,,true,1,25.90,25.90,false,1,
6804068,true,פילסברי בורקס תפוא,קונסיגנציה ג`נרל מילס ישראל בע,,,"ק""ג",10,"ק""ג",true,1,42,4.20,false,1,
6804082,true,פילסברי ביס שוקולד,קונסיגנציה ג`נרל מילס ישראל בע,,,"ק""ג",10,"ק""ג",true,1,42,4.20,false,1,
6804099,true,פילסברי גביניות,קונסיגנציה ג`נרל מילס ישראל בע,,,"ק""ג",10,"ק""ג",true,1,42,4.20,false,1,
6804457,true,פילסברי בורקס תורכי פיצה,קונסיגנציה ג`נרל מילס ישראל בע,,,"ק""ג",10,"ק""ג",true,1,42,4.20,false,1,
6805362,true,חצי בגט פילסברי,קונסיגנציה ג`נרל מילס ישראל בע,,,יח`,1,,false,1,3.20,3.20,true,1,
8345170,true,מקרל  חצאים(מעדנייה),נטו מלינדה סחר בעמ,,,"ק""ג",1000,גרם,true,1,125,12.50,false,1,
8577267,true,עוף טרי שלם ארוז,קורניש חן (1987) בעמ,,,"ק""ג",1,,true,1,19.90,19.90,true,1,
8618007,true,דג פילה סלמון טרי פרוס מגש,מאסטרפוד בעמ,,,"ק""ג",1,,true,1,109,109,false,1,
8618021,true,דג פילה דניס טרי מגש,מאסטרפוד בעמ,,,"ק""ג",1,,true,1,119,119,false,1,
8618038,true,פילה לברק טרי מגש,מאסטרפוד בעמ,,,"ק""ג",1,,true,1,126,126,false,1,
8899505,true,בגט לבן פילסברי,קונסיגנציה ג`נרל מילס ישראל בע,,,יח`,1,,false,1,4.90,4.90,false,1,
8899512,true,פילסברי בגט כפרי,קונסיגנציה ג`נרל מילס ישראל בע,,,יח`,1,,false,1,4.90,4.90,false,1,
9026177,true,לחם כהה אחיד פיקוח,י.את א. ברמן בעמ,,,יח`,750,גרם,false,1,3.90,0.52,false,1,
32147230,true,מיץ לימון 200 מל,דנשר (1963) בעמ,,,יח`,200,"מ""ל",false,1,9.40,4.70,false,1,
40111216,true,באונטי חטיף שוקולד קוקוס 57 גרם,מרס ריגלי ישראל בעמ,,,יח`,57,גרם,false,1,4,7.02,true,1,
41001356,true,בירה בקס פחית 500 מל,הכרם - משקאות חריפים בעמ,,,יח`,500,"מ""ל",false,1,11.90,2.32,true,1,
72940754,true,מילקי וניל,שטראוס גרופ בעמ/מצונן,,,יח`,130,"מ""ל",false,1,2.90,2.23,false,1,
72940761,true,מילקי שוקו,שטראוס גרופ בעמ/מצונן,,,יח`,130,"מ""ל",false,1,2.90,2.23,false,1,
72940952,true,מילקי פי 2 קצפת,שטראוס גרופ בעמ/מצונן,,,יח`,170,"מ""ל",false,1,3.90,2.29,false,1,
72941041,true,מילקי מיני שוקולד,שטראוס גרופ בעמ/מצונן,,,יח`,130,"מ""ל",false,1,2.10,1.62,false,1,
72945308,true,שמרים טריים קובייה שמרית (50 גרם),שטראוס גרופ בעמ/מצונן,,,יח`,50,גרם,false,1,3.90,7.80,false,1,
72961209,true,שמנית 15% 200 מל בדצ פיקוח,תנובה - חלב,,,יח`,200,"מ""ל",false,1,2.40,1.20,false,1,
72961223,true,גיל 3% 200 מל בדצ פיקוח,תנובה - חלב,,,יח`,200,"מ""ל",false,1,1.51,0.76,false,1,
72961506,true,יוגורט עם תות 1.5% פרילי (125 גרם),תנובה - חלב,,,יח`,125,"מ""ל",false,1,3.50,2.80,false,1,
72961520,true,יוגורט עם אננס 1.5% פרילי (125 גרם),תנובה - חלב,,,יח`,125,"מ""ל",false,1,3.50,2.80,false,1,
72961544,true,יוגורט בטעם תות שדה 3% באדי (125 גרם),תנובה - חלב,,,יח`,125,"מ""ל",false,1,3,2.40,false,1,
72986370,true,גלידת פיינטים וניל צרפתי בן אנד גריס,מוצרי איכות אמריקאיים בעמ,,,יח`,420,"מ""ל",false,1,20.30,4.83,true,1,
72986424,true,גלידת פיינטים קרם עוגיות,מוצרי איכות אמריקאיים בעמ,,,יח`,420,"מ""ל",false,1,20.30,4.83,true,1,
72986448,true,גלידת פיינטים טופי קרנץ,מוצרי איכות אמריקאיים בעמ,,,יח`,420,"מ""ל",false,1,20.30,4.83,true,1,
72986455,true,גלידת פיינטים ניו-יורק סופר,מוצרי איכות אמריקאיים בעמ,,,יח`,420,"מ""ל",false,1,20.30,4.83,true,1,
72986479,true,גלידת פיינטים צאנקי מנקי,מוצרי איכות אמריקאיים בעמ,,,יח`,420,"מ""ל",false,1,20.30,4.83,true,1,
72989425,true,גלידת פיינטים שוקולד בראוניס,מוצרי איכות אמריקאיים בעמ,,,יח`,420,"מ""ל",false,1,20.30,4.83,true,1,
72991886,true,גלידת פיינטים בן אנד גריס פיינט 500 מל,מוצרי איכות אמריקאיים בעמ,,,יח`,500,"מ""ל",false,1,20.30,4.06,true,1,
72993637,true,דני שוקולד בודד,שטראוס גרופ בעמ/מצונן,,,יח`,125,"מ""ל",false,1,2.70,2.16,false,1,
80050025,true,טיק טק תפוז,פרימיום-חברה לדברי מתיקה ולמסח,,,יח`,16,גרם,false,1,4.10,25.63,true,1,
80050124,true,טיק טק מנטה,פרימיום-חברה לדברי מתיקה ולמסח,,,יח`,16,גרם,false,1,4.10,25.63,true,1,
80052760,true,בואנו קינדר בודד,פרימיום-חברה לדברי מתיקה ולמסח,,,יח`,1,,false,1,3.90,3.90,false,1,
80052883,true,טיק טק מנטה חזק,פרימיום-חברה לדברי מתיקה ולמסח,,,יח`,16,גרם,false,1,4.10,25.63,true,1,
80136194,true,חטיף היפו אגוזי לוז 5 יח,פרימיום-חברה לדברי מתיקה ולמסח,,,יח`,90,גרם,false,1,12.50,13.89,false,1,
80176800,true,ממרח אגוזי לוז נוטלה (750 גרם),פרימיום-חברה לדברי מתיקה ולמסח,,,יח`,750,גרם,false,1,25.90,3.45,false,1,
80177173,true,ממרח אגוזי לוז נוטלה (350 גרם),פרימיום-חברה לדברי מתיקה ולמסח,,,יח`,350,גרם,false,1,14.90,4.26,false,1,
80177616,true,אצבעות שוקולד קינדר (8  יח`- 100 גרם),פרימיום-חברה לדברי מתיקה ולמסח,,,יח`,1,,false,1,7.90,7.90,false,1,
80310167,true,קינדר מקסי שישיה,פרימיום-חברה לדברי מתיקה ולמסח,,,יח`,125,גרם,false,1,10.90,8.72,false,1,
80761761,true,קינדר בואנו לבן בודד 0.43 גר`,פרימיום-חברה לדברי מתיקה ולמסח,,,יח`,43,גרם,false,1,3.90,9.07,false,1,
80773429,true,מסטיק מנטוס פיור פרש בטעם תות ללס 60 גר,ליימן שליסל בעמ,,,יח`,60,גרם,false,1,10.50,17.50,true,1,
80773443,true,מסטיק מנטוס בטעם מנטה עדין ללס,ליימן שליסל בעמ,,,יח`,60,גרם,false,1,10.50,17.50,true,1,
80776307,true,מסטיק מנטוס ביג בטעם פירות-מנטה  ללס 90,ליימן שליסל בעמ,,,יח`,1,,false,1,17.90,17.90,false,1,
80790990,true,מסטיק מנטוס טעם פירות מנטה ללס,ליימן שליסל בעמ,,,יח`,60,גרם,false,1,10.50,17.50,true,1,
80843184,true,מסטיק מנטוס טעם ענבים ללס 60 גר,ליימן שליסל בעמ,,,יח`,60,גרם,false,1,10.50,17.50,true,1,
80913467,true,מסטיק מנטוס טעם מנטה ללס 60 גר,ליימן שליסל בעמ,,,יח`,60,גרם,false,1,10.50,17.50,true,1,
80945468,true,גומי לעיסה ללא סוכר בטעם מנטה מתוקה 60 ג,ליימן שליסל בעמ,,,יח`,60,גרם,false,1,10.90,18.17,true,1,
80979128,true,מסטיק מנטוס טעם דובדבן ללס 60 גר,ליימן שליסל בעמ,,,יח`,60,גרם,false,1,10.50,17.50,true,1,
87108538,true,סוכריות לעיסה בטעם תות מנטוס (37.5 גרם),ליימן שליסל בעמ,,,יח`,37,גרם,false,1,4,10.81,false,1,
87108651,true,מנטוס רביעיה,ליימן שליסל בעמ,,,יח`,150,גרם,false,1,14.90,9.93,false,1,
87108712,true,מנטוס רביעיה,ליימן שליסל בעמ,,,יח`,150,גרם,false,1,14.90,9.93,false,1,
90162602,true,משקה אנרגיה רד בול (250 מל),דיפלומט היינץ,,,יח`,250,"מ""ל",false,1,6.90,2.64,true,1,
90162800,true,רד בול משקה אנרגיה 250 מל ללס,דיפלומט היינץ,,,יח`,250,"מ""ל",false,1,6.90,2.64,true,1,
90453427,true,רד בול משקה אנרגיה פיטאיה 250 מל,דיפלומט היינץ,,,יח`,250,"מ""ל",false,1,6.90,2.64,true,1,
9800800056,true,נוטלה אנד גו 52 גרם,פרימיום-חברה לדברי מתיקה ולמסח,,,יח`,52,גרם,false,1,5.50,10.58,false,1,
11210000094,true,טבסקו 60 מל,ציון תורג`מן בעמ,,,יח`,60,"מ""ל",false,1,13.50,22.50,false,1,
11210006508,true,רוטב טבסקו,ציון תורג`מן בעמ,,,יח`,60,"מ""ל",false,1,22.40,37.33,false,1,
11210009387,true,טבסקו 60 מל,ציון תורג`מן בעמ,,,יח`,60,"מ""ל",false,1,13.50,22.50,false,1,
16000185517,true,פייבר וואן 555 גר`,קבוצת אסם סחר שות. מוגבלת,,,יח`,555,גרם,false,1,27.60,4.97,true,1,
16000423534,true,נייטשר וואלי 210  גר`שיבולת שועל ושוקולד,ליימן שליסל בעמ,,,יח`,210,גרם,false,1,14.90,7.10,false,1,
16000548404,true,נייטשר וואלי 210  גר`שיבולת שועל ודבש,ליימן שליסל בעמ,,,יח`,175,גרם,false,1,14.90,8.51,false,1,
16000548503,true,נייטשר וואלי 210  גר`מייפל וסוכר חום,ליימן שליסל בעמ,,,יח`,210,גרם,false,1,14.90,7.10,false,1,
16000548909,true,נייטשר וואלי 210  גר`מעורב,ליימן שליסל בעמ,,,יח`,210,גרם,false,1,14.90,7.10,false,1,
18000701223,true,פילסברי תערובת שוקולד,ליימן שליסל בעמ,,,יח`,517,גרם,false,1,18.90,3.66,false,1,
18000703517,true,פילסברי תערובת שיש,ליימן שליסל בעמ,,,יח`,559,גרם,false,1,20.30,3.63,false,1,
22200956932,true,ספיד סטיק 24/7 ג`ל כחול,ש.שסטוביץ בעמ,,,יח`,0,גרם,false,1,16.90,16.90,false,1,
33617340610,true,ואזה מקמח שיפון 275 גר`,גורי מוצרי צריכה (1991) בעמ,,,יח`,275,גרם,false,1,14.90,5.42,true,1,
34000196173,true,טבלת קוקיס אנד קרים-XL,ליימן שליסל בעמ,,,יח`,113,גרם,false,1,11.20,9.91,false,1,
34000544028,true,חטיף גומ טויז תות,ליימן שליסל בעמ,,,יח`,198,גרם,false,1,9.10,4.60,false,1,
37600207188,true,חמאת בוטנים קלאסי 462ג סקיפי,דיפלומט היינץ,,,יח`,462,גרם,false,1,19.90,4.31,false,1,
37600207256,true,חמאת בוטנים עם שברי בוטנים 462ג סקיפי,דיפלומט היינץ,,,יח`,462,גרם,false,1,19.90,4.31,false,1,
37600207287,true,חמאת בוטנים סקיפי עם דבש 462 גרם,דיפלומט היינץ,,,יח`,462,גרם,false,1,19.90,4.31,false,1,
38000138607,true,פרינגלס מלח וחומץ 158 גר`,דיפלומט היינץ,,,יח`,158,גרם,false,1,9.90,6.27,true,1,
38000138638,true,פרינגלס פיצה 158 גר`,דיפלומט היינץ,,,יח`,158,גרם,false,1,9.90,6.27,true,1,
38000138720,true,פרינגלס  קראנצ`158 גר`,דיפלומט היינץ,,,יח`,158,גרם,false,1,9.90,6.27,true,1,
38000183928,true,פרינגלס דבש וחרדל 158 גר`,דיפלומט היינץ,,,יח`,158,גרם,false,1,9.90,6.27,true,1,
38000232152,true,פרינגלס ברביקיו 158 גר`,דיפלומט היינץ,,,יח`,158,גרם,false,1,9.90,6.27,true,1,
38000232176,true,פרינגלס שמנת בצל 158 גר`,דיפלומט היינץ,,,יח`,158,גרם,false,1,9.90,6.27,true,1,
38000232183,true,פרינגלס אורגינל 149 גר`,דיפלומט היינץ,,,יח`,149,גרם,false,1,9.90,6.64,true,1,
40000514510,true,עדשי שוקולד בוטנים אם אנד אם (49 גרם),מרס ריגלי ישראל בעמ,,,יח`,49,גרם,false,1,5,10.20,true,1,
41190007097,true,חומץ תפוחים 946 מל גאלה,מור-ים מרקטינג בעמ,,,יח`,946,"מ""ל",false,1,14.90,1.58,false,1,
41390010309,true,רוטב טריאקי קיקומן (444 מל),דיפלומט היינץ,,,יח`,444,"מ""ל",false,1,32.60,7.34,true,1,
44600300580,true,תרסיס ניקוי כללי קלין אפ  פרש( 946 מל),גורי מוצרי צריכה (1991) בעמ,,,יח`,946,"מ""ל",false,1,21.90,2.32,false,1,
46214372250,true,עוגיות שטרודל תפוח עץ מרבה (225 גרם),ש.שסטוביץ בעמ,,,יח`,225,גרם,false,1,10.90,4.84,true,1,
46214731552,true,עוגיות שוקולד צ`יפס מרבה (225 גרם),ש.שסטוביץ בעמ,,,יח`,225,גרם,false,1,10.90,4.84,true,1,
55369901673,true,רסק תפוחי עץ+אפרסק ללתס רביעייה 452 גר`,מור-ים מרקטינג בעמ,,,יח`,452,גרם,false,1,14.90,3.30,false,1,
55369902564,true,רסק תפוחי עץ ללתס רביעייה 452  גר`אלפסנ,מור-ים מרקטינג בעמ,,,יח`,452,גרם,false,1,14.90,3.30,false,1,
64144090020,true,תרסיס שמן זית פאם (148 מל),ליימן שליסל בעמ,,,יח`,141,גרם,false,1,22.40,15.89,false,1,
70177077563,true,תה ארל גריי טווינינג 25 שקיקים,משה סידס ובנו בעמ,,,יח`,1,,false,1,19.90,19.90,true,1,
70177077693,true,תה אינגליש ברקפסט 25 שקיקים טווינינג,משה סידס ובנו בעמ,,,יח`,1,,false,1,19.90,19.90,true,1,
76840001774,true,גלידת פיינטים שוקולד צ`פיס בן אנד גריס,מוצרי איכות אמריקאיים בעמ,,,יח`,420,"מ""ל",false,1,20.30,4.83,true,1,
76840100156,true,גלידת פיינט צ`רי גרסיה דובדבנים וחתיכות,מוצרי איכות אמריקאיים בעמ,,,יח`,473,גרם,false,1,20.30,4.29,true,1,
76840100583,true,גלידה וניל+בצק  עוגיות ושוקולד ציפס 473ג,מוצרי איכות אמריקאיים בעמ,,,יח`,473,"מ""ל",false,1,20.30,4.29,true,1,
76840400218,true,גלידת פיינטים בן אנד גריס פיינט תות,מוצרי איכות אמריקאיים בעמ,,,יח`,750,"מ""ל",false,1,20.30,2.71,true,1,
76840620029,true,גלידת פיינטים שמנת עם תות,מוצרי איכות אמריקאיים בעמ,,,יח`,473,"מ""ל",false,1,20.30,4.29,true,1,
77245110610,true,סוכריות ללס בטעם מנטה מאסט (80 גרם),שטראוס גרופ בעמ,,,יח`,80,גרם,false,1,9.70,12.13,false,1,
77343000127,true,נר נשמה 26 שעות.,אבאל יזמות בעמ,,,יח`,1,,false,1,2.90,2.90,false,1,
77343000233,true,נרות חימום מנורה שי נר) (50,אבאל יזמות בעמ,,,יח`,1,,false,1,10.50,10.50,true,1,
77343001100,true,נר נשמה מנורה 26 שעות,אבאל יזמות בעמ,,,יח`,1,,false,1,2.90,2.90,true,1,
77975093108,true,סניידרס בייגלה מצופה שוקולד לבן 141 גר`,ליימן שליסל בעמ,,,יח`,141,גרם,false,1,17.90,12.70,false,1,
77975094624,true,סניידרס שברי בייגלה במילוי חמאת בוטנים 2,ליימן שליסל בעמ,,,יח`,283.50,גרם,false,1,15.90,5.61,true,1,
77975094631,true,סניידרס בייגלה במילוי קרם  צ`דר( 226 גר`,ליימן שליסל בעמ,,,יח`,226,גרם,false,1,15.90,7.04,true,1,
77975094761,true,סניידרס שברי בייגל בטעם גבינת צ`אדר,ליימן שליסל בעמ,,,יח`,340,גרם,false,1,15.90,4.68,true,1,
77975094778,true,סניידרס שברי בייגל בטעם דבש וחרדל 340 גר,ליימן שליסל בעמ,,,יח`,340,גרם,false,1,15.90,4.68,true,1,
80518532859,true,שקית בלונים,שמחה זה אנחנו בעמ,,,יח`,1,,false,1,20.90,20.90,false,1,
83581101713,true,ניילון נצמד הנמל (150  מטר).,הנמל אריזות ושיווק (1984) בעמ,,,יח`,1,,false,1,16.90,16.90,false,1,
608614310395,true,קוסקוס 350  גר`גודל בינוני 100% חיטת דור,אבאל יזמות בעמ,,,יח`,350,גרם,false,1,5.90,1.69,false,1,
611745285685,true,אבוקדו בשל ארוז - מור בריאות,קונסיגנציה-מור בריאות בעמ,,,יח`,1,,false,1,7.90,7.90,true,1,
628154383659,true,פרוטי פבלס 311  גר`.,ר.ב מוצרי דגנים בעמ,,,יח`,311,גרם,false,1,22.90,7.36,false,1,
693493014267,true,אבוקדו בשל ארוז-מור  בריאות,קונסיגנציה-מור בריאות בעמ,,,יח`,1,,false,1,9.90,9.90,false,1,
693493065658,true,טחינה הר כנען 100% שומשום 1קג,אבאל יזמות בעמ,,,יח`,1,"ק""ג",false,1,27.90,27.90,true,1,
693493168786,true,תמר מג`הול גמבו 1קג,סהר ותמר בעמ,,,יח`,1000,גרם,false,1,25,2.50,false,1,
693493168823,true,תמר דקל נור 400 גר`,סהר ותמר בעמ,,,יח`,400,גרם,false,1,14.90,3.73,false,1,
710535495539,true,אורז בסמטי  (96% 1  קג) AVEL,אבאל יזמות בעמ,,,יח`,1,"ק""ג",false,1,12.90,12.90,true,1,
728229123590,true,חטיף צ`יפס אורגינל טרה (110  גרם)כשר לפס,משה סידס ובנו בעמ,,,יח`,110,גרם,false,1,14.90,13.55,true,1,
728229123811,true,חטיף צ`יפס ים תיכוני טרה (110 גרם),משה סידס ובנו בעמ,,,יח`,110,גרם,false,1,14.90,13.55,true,1,
728229130444,true,חטיף טרה צ`יפס 110 גר`,משה סידס ובנו בעמ,,,יח`,110,גרם,false,1,14.90,13.55,true,1,
732494000524,true,קרטורס פופקורן קרמל וגבינה 213 גר`,מור-ים מרקטינג בעמ,,,יח`,213,גרם,false,1,25.90,12.16,false,1,
768404001640,true,גלידת פיינטים בטעם קפה,מוצרי איכות אמריקאיים בעמ,,,יח`,420,"מ""ל",false,1,20.30,4.83,true,1,
769904000607,true,שקדי מרק 200  גר`ללא גלוטן,בטר אנד דיפרנט בעמ,,,יח`,200,גרם,false,1,10.50,5.25,false,1,
835811000396,true,נייר אפייה לתבנית מוארכות 30 יח הנמל,הנמל אריזות ושיווק (1984) בעמ,,,יח`,1,,false,1,10.90,10.90,false,1,
835811001232,true,נייר אפיה לתבנית עגול קוטר 26  סמ- 10 יח,הנמל אריזות ושיווק (1984) בעמ,,,יח`,1,,false,1,11.90,11.90,false,1,
835811001652,true,כוס לשתיה קרה 330 סמק 40  יח`הנמל,הנמל אריזות ושיווק (1984) בעמ,,,יח`,1,,false,1,9.90,9.90,false,1,
835811001676,true,מגש הכסף תבנית מלבןגדול 9 יח`,הנמל אריזות ושיווק (1984) בעמ,,,יח`,1,,false,1,10.90,10.90,false,1,
835811003199,true,נייר אפיה לתבנית מלבנית הנמל 16 יח,הנמל אריזות ושיווק (1984) בעמ,,,יח`,1,,false,1,20.90,20.90,true,1,
835811003427,true,צלחות גדול מקנה סוכר 1 קג הנמל,הנמל אריזות ושיווק (1984) בעמ,,,יח`,1,,false,1,37.90,37.90,true,1,
835811003595,true,צלחות קלאסי קטן לבן 65 יח`,הנמל אריזות ושיווק (1984) בעמ,,,יח`,1,,false,1,25.90,25.90,true,1,
835811003823,true,קופסת איחסון מלבן 1 ליטר הנמל 5 יח,הנמל אריזות ושיווק (1984) בעמ,,,יח`,1,,false,1,10.90,10.90,false,1,
835811004189,true,פירורי לחם הנמל (800גרם),הנמל אריזות ושיווק (1984) בעמ,,,יח`,800,גרם,false,1,10.90,1.36,false,1,
835811004202,true,מפת שולחן 6 יח עבה ניילון הנמל,הנמל אריזות ושיווק (1984) בעמ,,,יח`,1,,false,1,10.90,10.90,false,1,
835811004219,true,מפה שולחן 8 יח עבה ניילון הנמל,הנמל אריזות ושיווק (1984) בעמ,,,יח`,45,גרם,false,1,10.90,24.22,false,1,
835811004226,true,מפת שולחן עבה בגליל 45 מטר,הנמל אריזות ושיווק (1984) בעמ,,,יח`,1,,false,1,35.90,35.90,true,1,
835811004424,true,חלב מרוכז 340 גר הנמל,הנמל אריזות ושיווק (1984) בעמ,,,יח`,340,גרם,false,1,12.90,3.79,false,1,
835811004509,true,קערה פסים גדולה לסלט ענק הנמל,הנמל אריזות ושיווק (1984) בעמ,,,יח`,1,,false,1,8.90,8.90,false,1,
835811004547,true,כפות מדיום 50  יח`שקוף הנמל,הנמל אריזות ושיווק (1984) בעמ,,,יח`,1,,false,1,8.50,8.50,false,1,
835811004707,true,פרורי לחם מוזהבים הנמל (440 גרם),הנמל אריזות ושיווק (1984) בעמ,,,יח`,440,גרם,false,1,7.10,1.61,false,1,
835811005018,true,כוסות יהלום 50 יח` הנמל,הנמל אריזות ושיווק (1984) בעמ,,,יח`,1,,false,1,15.90,15.90,true,1,
835811005049,true,נייר אפייה 40 יח מתכלה ירוק הנמל,הנמל אריזות ושיווק (1984) בעמ,,,יח`,1,,false,1,10.90,10.90,true,1,
835811005810,true,מגש הכסף תבנית מרובע קטן +מכסה 10 יח`,הנמל אריזות ושיווק (1984) בעמ,,,יח`,1,,false,1,10.90,10.90,true,1,
835811005940,true,מגש הכסף תבנית אלומ` גדולה + מכסה 8 יח`,הנמל אריזות ושיווק (1984) בעמ,,,יח`,1,,false,1,10.90,10.90,true,1,
835811005957,true,מגש הכסף תבנית אלומ` 90 + מכסה 8 יח`,הנמל אריזות ושיווק (1984) בעמ,,,יח`,1,,false,1,10.90,10.90,true,1,
835811005964,true,מגש הכסף תבנית אלומ` מאורך 20 יח`,הנמל אריזות ושיווק (1984) בעמ,,,יח`,1,,false,1,10.90,10.90,true,1,
835811006213,true,קערות למרק מקנה סוכר טבעי 25  יח`הנמל,הנמל אריזות ושיווק (1984) בעמ,,,יח`,1,,false,1,10.90,10.90,false,1,
835811006220,true,צלחות ענק מקנה סוכר טבעי 25  יח`הנמל,הנמל אריזות ושיווק (1984) בעמ,,,יח`,1,,false,1,13.90,13.90,false,1,
835811006237,true,צלחות קטנות מקנה סוכר טבעי 25  יח`הנמל,הנמל אריזות ושיווק (1984) בעמ,,,יח`,1,,false,1,9.90,9.90,false,1,
835811006244,true,צלחות גדולות מקנה סוכר טבעי 25  יח`הנמל,הנמל אריזות ושיווק (1984) בעמ,,,יח`,1,,false,1,12.90,12.90,false,1,
835811006435,true,מגש הכסף תבנית מלבןעמוק + מכסה 9 יח`,הנמל אריזות ושיווק (1984) בעמ,,,יח`,1,,false,1,10.90,10.90,true,1,
835811006770,true,מגש הכסף תבנית עגול 5 יח`,הנמל אריזות ושיווק (1984) בעמ,,,יח`,1,,false,1,10.90,10.90,true,1,
835811007357,true,סלטינות אובלי 25 יח` הנמל,הנמל אריזות ושיווק (1984) בעמ,,,יח`,1,,false,1,5.90,5.90,true,1,
835811007562,true,תבנית קרטון אינגליש קייק הנמל) (6,הנמל אריזות ושיווק (1984) בעמ,,,יח`,1,,false,1,10.10,10.10,false,1,
835811008347,true,גפרור ענק הנמל,הנמל אריזות ושיווק (1984) בעמ,,,יח`,1,,false,1,6.10,6.10,false,1,
835811008934,true,מזלגות 50  יח`קרם עבה הנמל,הנמל אריזות ושיווק (1984) בעמ,,,יח`,1,,false,1,15.90,15.90,false,1,
835811008958,true,כפיות 50  יח`שקוף עבה הנמל,הנמל אריזות ושיווק (1984) בעמ,,,יח`,1,,false,1,13.90,13.90,false,1,
835811008996,true,כוסות קרטון 50 יח` OZ הנמל,הנמל אריזות ושיווק (1984) בעמ,,,יח`,1,,false,1,19.90,19.90,true,1,
835811009016,true,כוסות קרטון 50 יח` OZ הנמל,הנמל אריזות ושיווק (1984) בעמ,,,יח`,1,,false,1,7.90,7.90,true,1,
835811009115,true,מגש מלבן שקוף הנמל,הנמל אריזות ושיווק (1984) בעמ,,,יח`,1,,false,1,6,6,false,1,
835811009412,true,צלחות קטנות 25  יח`מעורב הנמל,הנמל אריזות ושיווק (1984) בעמ,,,יח`,1,,false,1,10.90,10.90,false,1,
835811009429,true,צלחות גדולות צבע 25  יח`מעורב הנמל,הנמל אריזות ושיווק (1984) בעמ,,,יח`,1,,false,1,16.90,16.90,false,1,
835811009436,true,צלחות ענק צבע 25  יח`מעורב הנמל,הנמל אריזות ושיווק (1984) בעמ,,,יח`,1,,false,1,25.90,25.90,false,1,
839762000641,true,משקה איילנד 1 ליטר מנגו,טמפו משקאות בעמ,,,יח`,1,1 ליטר,false,1,13.90,13.90,true,1,
839762000658,true,משקה גויאבה איילנד (1 ליטר),טמפו משקאות בעמ,,,יח`,1,1 ליטר,false,1,13.90,13.90,true,1,
841058006633,true,ג`ל גילוח מעושר בשיבולת שועל אדג` (198 ג,דנשר (1963) בעמ,,,יח`,200,גרם,false,1,20.70,10.35,false,1,
850006036028,true,מקלונים בטעם סלק בצל 400 גר` עבאדי,תה ויסוצקי (ישראל) בעמ,,,יח`,400,גרם,false,1,18.50,4.63,true,1,
856591000062,true,עוגיות מזרחיות עם מלח עבאדי (400 גרם),תה ויסוצקי (ישראל) בעמ,,,יח`,400,גרם,false,1,18.50,4.63,true,1,
856591000109,true,עוגיות מזרחיות עבאדי 400 גר`,תה ויסוצקי (ישראל) בעמ,,,יח`,400,גרם,false,1,18.50,4.63,false,1,
856591000512,true,עוגיות מזרחיות עבאדי מקלונים פריכים 400,תה ויסוצקי (ישראל) בעמ,,,יח`,400,גרם,false,1,18.50,4.63,true,1,
856591000918,true,מארז חטיף טבעי עבאדי) (8X40,תה ויסוצקי (ישראל) בעמ,,,יח`,320,גרם,false,1,15.90,4.97,false,1,
856591000949,true,עבאדי קטנטנים חטיף טבעי 350 גרם,תה ויסוצקי (ישראל) בעמ,,,יח`,350,גרם,false,1,15.90,4.54,true,1,
884912359155,true,האני באנצס האני רוסטד 340 גר`.,ר.ב מוצרי דגנים בעמ,,,יח`,340,גרם,false,1,22.90,6.74,true,1,
884912365200,true,דגני בוקר אוראו 311 גר`,ר.ב מוצרי דגנים בעמ,,,יח`,311,גרם,false,1,23.50,7.56,false,1,
884912377142,true,האני באנצס וניל 340 גר` .,ר.ב מוצרי דגנים בעמ,,,יח`,340,גרם,false,1,22.90,6.74,true,1,
1000033177105,false,אוהל לילדים צבעוני,אוהב ציון בעמ (מבצעים),,,יח`,1,,false,1,109,109,false,1,
3014260228842,false,קצף גילוח רגיל 200 מל`,דיפלומט מפיצים (1968) בעמ,,,יח`,200,"מ""ל",false,1,14.90,7.45,false,1,
3014260246693,false,סכין גילוח סימפלי ונוס 2 ג`ילט) (4,פארמה דיל (פ.א.ב.) שיווק והפצה,,,יח`,1,יח`,false,1,9.90,9.90,false,1,
3014260283254,false,סכיני גילוח חד פעמי בלו 2 פלוס ג`ילט) (5,פארמה דיל (פ.א.ב.) שיווק והפצה,,,יח`,1,,false,1,10.90,10.90,false,1,
3046920028004,false,אקסלנס 70% קקאו לינדט (100 גרם),משה סידס ובנו בעמ,,,יח`,100,גרם,false,1,16.60,16.60,true,1,
3046920028363,false,אקסלנס 85% קקאו לינדט (100 גרם),משה סידס ובנו בעמ,,,יח`,100,גרם,false,1,16.60,16.60,true,1,
3046920029681,false,אקסלנס 85% מילד לינדט (100 גרם),משה סידס ובנו בעמ,,,יח`,100,גרם,false,1,16.60,16.60,true,1,
3046920029759,false,אקסלנס שוקולד מריר 90% לינדט (100 גרם),משה סידס ובנו בעמ,,,יח`,100,גרם,false,1,16.30,16.30,true,1,
3059943015128,false,אירוויק נטול גז,רקיט בנקיזר (ניר איסט) בעמ,,,יח`,345,"מ""ל",false,1,15.90,4.61,false,1,
3059943016507,false,אירוויק ספריי 240 מל לבנדר,רקיט בנקיזר (ניר איסט) בעמ,,,יח`,240,"מ""ל",false,1,10.90,4.54,false,1,
3059943016569,false,אירוויק ספריי 240 מל פריסיה ויסמין,רקיט בנקיזר (ניר איסט) בעמ,,,יח`,240,"מ""ל",false,1,10.90,4.54,false,1,
3073781161663,false,גבינה לוואש  קרי(מותכת) 8 יח 128 גר,בני ג`ורג` שוקחה (חיפה) בעמ,,,יח`,128,גרם,false,1,11.90,9.30,false,1,
3073781161687,false,גבינה לוואש  קרי(מותכת) 16 יח 256 גר,בני ג`ורג` שוקחה (חיפה) בעמ,,,יח`,256,גרם,false,1,22.70,8.87,false,1,
3073781162790,false,גבינה בייבי בל אדום 120 גר`,א. סיימן סחר בעמ,,,יח`,120,גרם,false,1,22.90,19.08,true,1,
3161911366429,false,חמאה רכה מלוחה 250 גר,א. סיימן סחר בעמ,,,יח`,250,גרם,false,1,22.90,9.16,true,1,
3387390525960,false,דגני קראנץ` נסטלה (500 גרם),קבוצת אסם סחר שות. מוגבלת,,,יח`,500,גרם,false,1,22.90,4.58,true,1,
3387390730852,false,פיטנס 375 גר` דגני בוקר,קבוצת אסם סחר שות. מוגבלת,,,יח`,375,גרם,false,1,20.30,5.41,true,1,
3523230026888,false,פירמידה עיזים שום ועשבי תיבול 140 גרם,א. סיימן סחר בעמ,,,יח`,140,גרם,false,1,22.90,16.36,true,1,
3563490014898,false,חרדל דיזון לחיץ 265 גר,דיפלומט היינץ,,,יח`,265,גרם,false,1,13.20,4.98,false,1,
3574660464337,false,קרפרי מגה פק מגן תחתון אוורירי אלוורה 76,ש.שסטוביץ בעמ,,,יח`,1,,false,1,20.90,20.90,false,1,
3574660464429,false,קרפרי מגה פק מגן תחתון אווורירי 76 יח,ש.שסטוביץ בעמ,,,יח`,1,,false,1,20.90,20.90,false,1,
3574660649987,false,ליסטרין זירו 500 מל-יבוא  מקביל,בית הצעצוע בעמ,,,יח`,500,"מ""ל",false,1,15.90,3.18,true,1,
3574661203577,false,ליסטרין אדוונס וויט 500 מל-יבוא  מקביל,בית הצעצוע בעמ,,,יח`,500,"מ""ל",false,1,15.90,3.18,true,1,
3600521720219,false,קרם לחות ללילה לוריאל (50 מל),לוריאל ישראל קוסמטיקס בעמ,,,יח`,50,"מ""ל",false,1,45.90,91.80,false,1,
3600523605972,false,אלביב מסכה קוקוס 300 מל לוריאל,לוריאל ישראל קוסמטיקס בעמ,,,יח`,300,"מ""ל",false,1,25.90,8.63,false,1,
3600523652280,false,שמפו 6 שמנים 550 מל אלביב,לוריאל ישראל קוסמטיקס בעמ,,,יח`,550,"מ""ל",false,1,15.90,2.89,true,1,
3600523782567,false,שמפו דרים לונג 500 מל אלביב,לוריאל ישראל קוסמטיקס בעמ,,,יח`,500,"מ""ל",false,1,15.90,3.18,true,1,
3600541029323,false,מסיר איפור עמיד במים אסנשיאלס 2 ב-1,לוריאל ישראל קוסמטיקס בעמ,,,יח`,200,"מ""ל",false,1,26.50,13.25,true,1,
3600541740006,false,גרנייה דאודורנט ספריי 72 שעות,לוריאל ישראל קוסמטיקס בעמ,,,יח`,150,"מ""ל",false,1,12.90,8.60,false,1,
3600541937475,false,גרנייה פיור אקטיב 3ב1 ניקוי פנים עם גרג,לוריאל ישראל קוסמטיקס בעמ,,,יח`,150,"מ""ל",false,1,30.90,20.60,false,1,
3600542365796,false,בוטניקל ג`ל ניקוי ענבים 200 מל גרניה,לוריאל ישראל קוסמטיקס בעמ,,,יח`,200,"מ""ל",false,1,26.50,13.25,true,1,
3600542375801,false,קרם גרנייה פיוראקטיב 3ב1 פחם 150 מל,לוריאל ישראל קוסמטיקס בעמ,,,יח`,150,"מ""ל",false,1,30.90,20.60,false,1,
3600542385107,false,דאודורנט רול אינביזיבל פרש,לוריאל ישראל קוסמטיקס בעמ,,,יח`,50,"מ""ל",false,1,12.90,25.80,false,1,
3600542398206,false,ג`ל ניקוי עם אלוורה 200 מל גרנייה,לוריאל ישראל קוסמטיקס בעמ,,,יח`,200,"מ""ל",false,1,25.90,12.95,true,1,
3600542456579,false,מים מיסלר ויטמין סי 400 מל גרנייה,לוריאל ישראל קוסמטיקס בעמ,,,יח`,400,"מ""ל",false,1,30.90,7.73,true,1,
3608580730255,false,ריבת משמש 370גר`,ר.ב מוצרי דגנים בעמ,,,יח`,370,גרם,false,1,20.90,5.65,false,1,
3614223736003,false,דאו ספריי לגבר אדיפיור 150 מל אדידס,דנשר (1963) בעמ,,,יח`,150,"מ""ל",false,1,12.90,8.60,false,1,
3614224050986,false,דאו ספריי לגבר אדיפיור 150  מל( 72 שעות,דנשר (1963) בעמ,,,יח`,150,"מ""ל",false,1,12.90,8.60,false,1,
3614224056537,false,אדידס דאו ספריי לאשה אדיפאוור 150 מל,דנשר (1963) בעמ,,,יח`,150,"מ""ל",false,1,20.30,13.53,true,1,
3661163991146,false,אדידס דאו ספריי לאישה מקש פרש,דנשר (1963) בעמ,,,יח`,150,"מ""ל",false,1,20.30,13.53,true,1,
3661163991344,false,אדידס דאו ספריי לאשה קליימקול 150 מל,דנשר (1963) בעמ,,,יח`,150,"מ""ל",false,1,20.30,13.53,true,1,
4000351109380,false,שמן קנולה 1 ליטר BROLIO.,המותג-לא פעיל להקלדה,,,יח`,1,1 ליטר,false,1,8.90,8.90,false,1,
4000417019004,false,שוקולד ריטר חלבי אגוזים 100 גר`,ליימן שליסל בעמ,,,יח`,100,גרם,false,1,10.90,10.90,true,1,
4000417022004,false,שוקולד ריטר חלבי צימוקים/אגוזים100 גר`,ליימן שליסל בעמ,,,יח`,100,גרם,false,1,10.50,10.50,true,1,
4000417023001,false,שוקולד ריטר חלבי שקד 100 גר`,ליימן שליסל בעמ,,,יח`,100,גרם,false,1,10.90,10.90,true,1,
4000417224002,false,שוקולד ריטר מריר אגוזים 100 גרם,ליימן שליסל בעמ,,,יח`,100,גרם,false,1,10.90,10.90,true,1,
4000522009747,false,בייגלה צי`ו מקלות תפוא 80 גר`,ר.ב מוצרי דגנים בעמ,,,יח`,80,גרם,false,1,4.60,5.75,true,1,
4005808366392,false,שפתון ליובש כחול קלאסי לבלו,אלפא- ב.ד.ף בעמ,,,יח`,1,,false,1,12.90,12.90,true,1,
4005808515554,false,קרם רב שימושי סופר ניוואה 300 מל,אלפא- ב.ד.ף בעמ,,,יח`,300,"מ""ל",false,1,35.90,11.97,true,1,
4005808850907,false,שפתון ליובש הידרו קייר בליסטר,אלפא- ב.ד.ף בעמ,,,יח`,100,גרם,false,1,12.90,12.90,true,1,
4005808890507,false,ניוואה קרם סופט רב שימושי 200 מל יבוא,פארמה דיל (פ.א.ב.) שיווק והפצה,,,יח`,200,"מ""ל",false,1,16.90,8.45,false,1,
4005900036483,false,ספריי בלק אנד ווייט לגבר,אלפא- ב.ד.ף בעמ,,,יח`,1,,false,1,15.90,15.90,true,1,
4005900513069,false,דאודורנט רול-און לגבר DEEP,אלפא- ב.ד.ף בעמ,,,יח`,50,"מ""ל",false,1,13.90,27.80,true,1,
4005900542557,false,דאודורנט רול-און לאישה בלק אנד וויט סילק,אלפא- ב.ד.ף בעמ,,,יח`,1,,false,1,13.90,13.90,true,1,
4005900648181,false,ניוואה תחליב רחצה אלוורה 750 מל,אלפא- ב.ד.ף בעמ,,,יח`,750,"מ""ל",false,1,15.90,2.12,true,1,
4005900816016,false,דאודורנט ספריי יבש לגבר 150 מל,אלפא- ב.ד.ף בעמ,,,יח`,150,"מ""ל",false,1,15.90,10.60,true,1,
4005900816108,false,דאודורנט רול-און לגבר יבש,אלפא- ב.ד.ף בעמ,,,יח`,50,"מ""ל",false,1,13.90,27.80,true,1,
4005900816115,false,דאודורנט רול-און לאישה יבש,אלפא- ב.ד.ף בעמ,,,יח`,100,"מ""ל",false,1,13.90,13.90,true,1,
4005900828088,false,דאודורנט רול-און לגבר פרש,אלפא- ב.ד.ף בעמ,,,יח`,50,"מ""ל",false,1,13.90,27.80,true,1,
4005900978950,false,שפתון לבלו דובדבן בת הים הקטנה,אלפא- ב.ד.ף בעמ,,,יח`,1,,false,1,12.90,12.90,true,1,
4005900978967,false,שפתון לבלו וניל הנסיכה אלזה,אלפא- ב.ד.ף בעמ,,,יח`,1,,false,1,12.90,12.90,true,1,
4005900978974,false,שפתון לבלו סופט רוז יסמין אלאדין,אלפא- ב.ד.ף בעמ,,,יח`,1,,false,1,12.90,12.90,true,1,
4008287058161,false,בירה קרומבאכר פילס בקבוק 6* 330,אגודת הכורמים,,,יח`,1980,"מ""ל",false,1,29.90,1.42,false,1,
4008287762020,false,קרומבאכר חיטה בקבוק בודד 500 מל,אגודת הכורמים,,,יח`,500,"מ""ל",false,1,10.90,2.12,true,1,
4008287905786,false,קרומבאכר חיטה פחית בודד 500 מל,אגודת הכורמים,,,יח`,500,"מ""ל",false,1,9.90,1.92,true,1,
4008400290423,false,קינדר פינגווי עוגת ספוג במילוי חלבי מצופ,תנובה - חלב,,,יח`,120,גרם,false,1,12.90,10.75,false,1,
4009300522966,false,תה ירוק עם נענע פומפדור) (20,ש.שסטוביץ בעמ,,,יח`,30,גרם,false,1,17.90,59.67,true,1,
4009300527909,false,תה חליטת ג`יניג`ר כורכום,ש.שסטוביץ בעמ,,,יח`,40,גרם,false,1,17.30,43.25,true,1,
4009300528845,false,תה ירוק לימונית דבש פומפדור,ש.שסטוביץ בעמ,,,יח`,30,גרם,false,1,21.40,71.33,true,1,
4009900013581,false,מסטיק אורביט סטיקס מארז חמישייה ללס בטע,מרס ריגלי ישראל בעמ,,,יח`,1,,false,1,11.20,11.20,false,1,
4009900385824,false,מסטיק אורביט סטיקס מארז חמישייה ללס בטע,מרס ריגלי ישראל בעמ,,,יח`,1,,false,1,11.50,11.50,false,1,
4009900402965,false,מסטיק אורביט וויט בטעם פירות ללס,מרס ריגלי ישראל בעמ,,,יח`,1,,false,1,11.50,11.50,true,1,
4009900403023,false,מסטיק אורביט וויט בטעם מנטה ללס,מרס ריגלי ישראל בעמ,,,יח`,1,,false,1,11.50,11.50,true,1,
4009900420129,false,מסטיק אורביט פרופשיונל מנטה חזקה ללס,מרס ריגלי ישראל בעמ,,,יח`,1,,false,1,11.50,11.50,true,1,
4009900426039,false,מסטיק איירוויבז בטעם מנטה אקליפטוס ללס,מרס ריגלי ישראל בעמ,,,יח`,1,,false,1,11.50,11.50,true,1,
4009900426121,false,מסטיק איירוויבז בטעם אוכמניות ללס,מרס ריגלי ישראל בעמ,,,יח`,1,,false,1,11.50,11.50,true,1,
4009900465304,false,סקיטלס סוכריות חמוצים 174 גר,מרס ריגלי ישראל בעמ,,,יח`,174,גרם,false,1,9.90,5.69,true,1,
4009900479998,false,מסטיק אורביט בטעם אוכמניות ללס,מרס ריגלי ישראל בעמ,,,יח`,1,,false,1,11.50,11.50,true,1,
4009900482417,false,מסטיק אורביט בטעם פירות ומנטה ללס,מרס ריגלי ישראל בעמ,,,יח`,1,,false,1,11.50,11.50,true,1,
4009900483803,false,מסטיק אירויבז בטעם מנטה אקליפטוס ללס אר,מרס ריגלי ישראל בעמ,,,יח`,84,גרם,false,1,14.30,17.02,false,1,
4009900484060,false,מסטיק אורביט בטעם מנטה חזקה ללס אריזה מ,מרס ריגלי ישראל בעמ,,,יח`,84,גרם,false,1,14.30,17.02,false,1,
4009900496247,false,מסטיק אורביט בטעם פירות ומנטה ללס אריזה,מרס ריגלי ישראל בעמ,,,יח`,84,גרם,false,1,14.30,17.02,false,1,
4009900509770,false,מסטיק אורביט בטעם תות ללס אריזה מוגדלת,מרס ריגלי ישראל בעמ,,,יח`,1,,false,1,14.30,14.30,false,1,
4009900531122,false,מסטיק אורביט פרופשיונל בטעם מנטה עדינה ל,מרס ריגלי ישראל בעמ,,,יח`,1,,false,1,11.50,11.50,true,1,
4009900534918,false,סקיטלס ג`יינט פירות 141 גר`,מרס ריגלי ישראל בעמ,,,יח`,141,גרם,false,1,10.10,7.16,true,1,
4009900536257,false,מסטיק אורביט רפרשרס בטעם מנטה ללס,מרס ריגלי ישראל בעמ,,,יח`,67,גרם,false,1,12.90,19.25,true,1,
4009900536288,false,מסטיק אורביט refreshers פפרמינט בקבוקון,מרס ריגלי ישראל בעמ,,,יח`,67,גרם,false,1,12.90,19.25,true,1,
4009900536486,false,מסטיק אורביט רפרשרס בטעם פירות ומנטה לל,מרס ריגלי ישראל בעמ,,,יח`,67,גרם,false,1,12.90,19.25,true,1,
4009900539401,false,מסטיק פייב באונס בטעם מנטה אישית,מרס ריגלי ישראל בעמ,,,יח`,14.40,גרם,false,1,4.90,34.03,false,1,
4009900539685,false,מסטיק פייב באונס בטעם מנטה בקבוקון,מרס ריגלי ישראל בעמ,,,יח`,67,גרם,false,1,12.90,19.25,true,1,
4009900539746,false,מסטיק פייב באונס בטעם אבטיח בקבוקון,מרס ריגלי ישראל בעמ,,,יח`,67,גרם,false,1,12.90,19.25,true,1,
4009900540551,false,מסטיק אורביט רפרשרס טרופיקל,מרס ריגלי ישראל בעמ,,,יח`,67,גרם,false,1,12.90,19.25,true,1,
4011800528416,false,קורני בייס סויט סול 150 גר`,משה סידס ובנו בעמ,,,יח`,150,גרם,false,1,10.90,7.27,true,1,
4011800617714,false,קורני ביג שוקו בננה 50 גר`,משה סידס ובנו בעמ,,,יח`,50,גרם,false,1,5.90,11.80,true,1,
4011800617813,false,קורני ביג בראוניז 50 גר`,משה סידס ובנו בעמ,,,יח`,50,גרם,false,1,5.90,11.80,true,1,
4011800628512,false,חטיף קורני שישייה שוקולדה,משה סידס ובנו בעמ,,,יח`,150,גרם,false,1,10.90,7.27,true,1,
4011800630515,false,חטיף קורני שישייה שוקולד חלבי ובננה,משה סידס ובנו בעמ,,,יח`,150,גרם,false,1,10.90,7.27,true,1,
4011800632519,false,חטיף קורני שישייה שוקולד חלבי וקוקוס,משה סידס ובנו בעמ,,,יח`,150,גרם,false,1,10.90,7.27,true,1,
4011800633516,false,חטיף קורני שישייה שוקולד מריר,משה סידס ובנו בעמ,,,יח`,150,גרם,false,1,10.90,7.27,true,1,
4011800636517,false,קורני פרי ללתס חטיף דגנים+שוקולד 6 יח`,משה סידס ובנו בעמ,,,יח`,120,גרם,false,1,10.90,9.08,true,1,
4014400901191,false,מרסי 250 גר`,ליימן שליסל בעמ,,,יח`,250,גרם,false,1,26.90,10.76,false,1,
4014400904390,false,סוכריות שטורק וולמיש 325 גר`,ליימן שליסל בעמ,,,יח`,325,גרם,false,1,15.90,4.89,false,1,
4014400910063,false,סוכריות חמאה וורטרס אורגינל (135 גרם),ליימן שליסל בעמ,,,יח`,135,גרם,false,1,9.50,7.04,true,1,
4014400914696,false,וורטר שקית חמאה ללס 80 גר`,ליימן שליסל בעמ,,,יח`,80,גרם,false,1,9.50,11.88,true,1,
4014400914924,false,וורטר ללס קפה 80 גר`,ליימן שליסל בעמ,,,יח`,80,גרם,false,1,9.50,11.88,true,1,
4014400920857,false,וורטר ללס בטעם שוקולד 70גר`,ליימן שליסל בעמ,,,יח`,70,גרם,false,1,9.50,13.57,true,1,
4014400923711,false,חטיפי שוקולד טופיפי (125 גרם),ליימן שליסל בעמ,,,יח`,125,גרם,false,1,14.20,11.36,true,1,
4015400564034,false,מגן תחתון אולווייז מגה פק לונג פלוס 58 י,דיפלומט מפיצים (1968) בעמ,,,יח`,1,,false,1,24.90,24.90,true,1,
4015400564454,false,מגן תחתון אולוויז מגה פק  לארג`68 יח,דיפלומט מפיצים (1968) בעמ,,,יח`,1,,false,1,24.90,24.90,true,1,
4015400598329,false,אולוויז קוואטרו נורמל פלוס 56 יח`,דיפלומט מפיצים (1968) בעמ,,,יח`,1,,false,1,42.90,42.90,true,1,
4015400598381,false,אולוויז קוואטרו לונג פלוס 48 יח`,דיפלומט מפיצים (1968) בעמ,,,יח`,1,,false,1,42.90,42.90,true,1,
4015400681670,false,תחבושות לילה בטוח אולווייז) (18,דיפלומט מפיצים (1968) בעמ,,,יח`,1,,false,1,20.30,20.30,true,1,
4015400690313,false,טמפקס קומפאק פרל רגולר 18 יח,דיפלומט מפיצים (1968) בעמ,,,יח`,1,,false,1,22.90,22.90,true,1,
4015400690498,false,טמפקס קומפאק פרל סופר פלוס 18 יח,דיפלומט מפיצים (1968) בעמ,,,יח`,1,,false,1,22.90,22.90,true,1,
4015400731719,false,תחבושות לילה וליו פק אולווייז) (20,דיפלומט מפיצים (1968) בעמ,,,יח`,1,,false,1,21.40,21.40,true,1,
4015400746812,false,מגן תחתון אולווייז מגה פק נורמל 80 יח`,דיפלומט מפיצים (1968) בעמ,,,יח`,1,,false,1,24.90,24.90,true,1,
4015400755241,false,תחבושות אולוויז וליו פק נורמל פלוס 28 יח,דיפלומט מפיצים (1968) בעמ,,,יח`,1,,false,1,21.40,21.40,true,1,
4015400759294,false,תחבושות אולוייז כפול לונג 24 יח-יבוא מקב,בית הצעצוע בעמ,,,יח`,1,,false,1,15.90,15.90,false,1,
4015400759324,false,תחבושות אולוייז כפול לילה 20 יח-יבוא מקב,בית הצעצוע בעמ,,,יח`,1,,false,1,15.90,15.90,false,1,
4015600762780,false,הד אנד שולדרס שמפו 500 מל,דיפלומט מפיצים (1968) בעמ,,,יח`,500,"מ""ל",false,1,21.90,4.38,true,1,
4015600762902,false,הד אנד שולדרס שמפו 500 מל נענע,דיפלומט מפיצים (1968) בעמ,,,יח`,500,"מ""ל",false,1,21.90,4.38,true,1,
4015600763022,false,הד אנד שולדרס שמפו 500 מל ורוד,דיפלומט מפיצים (1968) בעמ,,,יח`,500,"מ""ל",false,1,21.90,4.38,true,1,
4017040008060,false,דונאטס פילסברי בטעמים,קונסיגנציה ג`נרל מילס ישראל בע,,,יח`,1,,false,1,6.90,6.90,false,1,
4017100198151,false,היט עוגיות וניל בלזן (220 גרם),ליימן שליסל בעמ,,,יח`,220,גרם,false,1,10.50,4.77,true,1,
4017100364112,false,היט עוגיות  סנדוויץ`שוקו בלזן (220 גרם),ליימן שליסל בעמ,,,יח`,220,גרם,false,1,11.20,5.09,true,1,
4022025001929,false,בלו ווין מבעבע כחול 750מל,היכל היין שקד גולן בעמ,,,יח`,750,"מ""ל",false,1,56.90,7.55,true,1,
4022025261002,false,בלו ווין גוורצטאמניר 750 מל,היכל היין שקד גולן בעמ,,,יח`,750,"מ""ל",false,1,52,6.89,true,1,
4053700292455,false,ויט רצועות שעווה,רקיט בנקיזר (ניר איסט) בעמ,,,יח`,1,יח`,false,1,25.90,25.90,false,1,
4064666232409,false,וולפלקס מוס לעיצוב אקסטרה גמיב 200 מל,דיפלומט מפיצים (1968) בעמ,,,יח`,200,"מ""ל",false,1,26.90,13.45,false,1,
4066600999614,false,פאולנר 500 מל,טמפו משקאות בעמ,,,יח`,500,"מ""ל",false,1,12.20,2.38,true,1,
4079400182742,false,בירה פילסנר 4.9% שישייה בקבוק 330 מל,אבאל יזמות בעמ,,,יח`,1.98,1 ליטר,false,1,29.90,14.19,true,1,
4079400330129,false,בירה וולטרס (500 מל),אבאל יזמות בעמ,,,יח`,500,"מ""ל",false,1,6.90,1.32,true,1,
4079400382753,false,בירה וולטרס בק`,אבאל יזמות בעמ,,,יח`,1.98,1 ליטר,false,1,5.90,2.83,false,1,
4084500065536,false,פנטן קרם לחות מוגברת לעיצוב השיער 300 מ,דיפלומט מפיצים (1968) בעמ,,,יח`,300,"מ""ל",false,1,20.90,6.97,true,1,
4084500088917,false,נוזל לניקוי כלים לימון פיירי (650 מל),דיפלומט מפיצים (1968) בעמ,,,יח`,650,"מ""ל",false,1,11.90,1.83,true,1,
4084500853553,false,נוזל כלים אורגינל פיירי (650 מל),דיפלומט מפיצים (1968) בעמ,,,יח`,650,"מ""ל",false,1,11.90,1.83,true,1,
4084500853836,false,פיירי ורדים ומשי 515 מל,דיפלומט מפיצים (1968) בעמ,,,יח`,515,"מ""ל",false,1,11.90,2.31,true,1,
4084500853898,false,פיירי אלוורה ומלפפונים 515 מל,דיפלומט מפיצים (1968) בעמ,,,יח`,515,"מ""ל",false,1,11.90,2.31,true,1,
4100130937163,false,בירה בק`ס (275x6 מל),הכרם - משקאות חריפים בעמ,,,יח`,1.65,1 ליטר,false,1,36.90,21.27,true,1,
4105120623941,false,בירה ויינשטפן בקבוק 500 מל,החברה המרכזית להפצת משקאות בעמ,,,יח`,500,"מ""ל",false,1,13.50,2.64,false,1,
4260147890537,false,איטריות ביצים רצועות 500 גר`,דין שיווק וקליה 2021 בעמ,,,יח`,500,גרם,false,1,11.50,2.30,true,1,
4260147890551,false,איטריות ביצים רצועות 500 גר`,דין שיווק וקליה 2021 בעמ,,,יח`,500,גרם,false,1,11.50,2.30,true,1,
4600659010854,false,וודקה סטוליצ`יניה (700 מל),הכרם - משקאות חריפים בעמ,,,יח`,700,"מ""ל",false,1,81.50,11.60,true,1,
4603400000043,false,וודקה רוסקי יורוסטנדרט (700 מל),יורוסטנדרט בעמ,,,יח`,700,"מ""ל",false,1,59.90,8.51,false,1,
4605561010305,false,פילה הרינג עם שמיר בשמן חתיכות 500 גר`,דילר בי.אמ.די פורמולה בעמ,,,יח`,500,גרם,false,1,27.90,5.58,true,1,
4605561010343,false,פילה הרינג בשמן חתיכות 500 גר`,דילר בי.אמ.די פורמולה בעמ,,,יח`,500,גרם,false,1,27.90,5.58,true,1,
4605561011975,false,פילה הרינג בשמן 150 גר`,דילר בי.אמ.די פורמולה בעמ,,,יח`,150,גרם,false,1,8.90,5.93,false,1,
4605561012613,false,פילה  הרינג(קצוץ) בשמן 400 גר`,דילר בי.אמ.די פורמולה בעמ,,,יח`,400,גרם,false,1,16.90,4.23,true,1,
4605561013009,false,פילה הרינג בשמן 400 גר`,דילר בי.אמ.די פורמולה בעמ,,,יח`,400,גרם,false,1,16.90,4.23,true,1,
4640018993398,false,פיניש קוואנטום 60 קפסולות שקית,רקיט בנקיזר (ניר איסט) בעמ,,,יח`,1,,false,1,61.90,61.90,true,1,
4710068003313,false,מאסטר קפה אמריקנו 250 מל,טמפו משקאות בעמ,,,יח`,250,"מ""ל",false,1,7.60,3.04,true,1,
4810168000066,false,פילה דג הרינג מלוח מצונן עם תבלין 250 גר,דילר בי.אמ.די פורמולה בעמ,,,יח`,250,גרם,false,1,14.90,5.96,true,1,
4810168000998,false,פילה דג הרינג עם בצל 260 גר`,דילר בי.אמ.די פורמולה בעמ,,,יח`,260,גרם,false,1,18.90,7.27,false,1,
4810168001056,false,פילה דג הרינג מלוח מצונן 260 גר`,דילר בי.אמ.די פורמולה בעמ,,,יח`,260,גרם,false,1,18.90,7.27,false,1,
4810168019051,false,פילה דג הרינג מלוח מצונן עם תבלין 200 גר,דילר בי.אמ.די פורמולה בעמ,,,יח`,200,גרם,false,1,14.90,7.45,true,1,
4810168024512,false,פילה דג הרינג עם תבלין 260 גר`,דילר בי.אמ.די פורמולה בעמ,,,יח`,260,גרם,false,1,18.90,7.27,false,1,
4810168057510,false,חתיכות פילה דג הרינג מתובל מלוח בשמן 400,דילר בי.אמ.די פורמולה בעמ,,,יח`,400,גרם,false,1,27.90,6.98,true,1,
4810168058975,false,פילה דג הרינג סקנדינבי מלוח מצונן 260 גר,דילר בי.אמ.די פורמולה בעמ,,,יח`,260,גרם,false,1,18.90,7.27,false,1,
4810168058982,false,חתיכות פילה דג הרינג סקנדינבי מלוח בשמן,דילר בי.אמ.די פורמולה בעמ,,,יח`,400,גרם,false,1,27.90,6.98,true,1,
4823077608513,false,סוכריות טופי חלב 205 גר`,דילר בי.אמ.די.אינטרנשויונל בעמ,,,יח`,205,גרם,false,1,7.90,3.85,false,1,
4823077613203,false,שוקולד רושן מריר עם אגוז שלם 90 גר`,דילר בי.אמ.די.אינטרנשויונל בעמ,,,יח`,90,גרם,false,1,8.90,9.89,true,1,
4823077614767,false,שוקולד רושן חלב נוגט בטעם אגוזי לוז 90 ג,דילר בי.אמ.די.אינטרנשויונל בעמ,,,יח`,90,גרם,false,1,5.90,6.56,true,1,
4823077614804,false,שוקולד רושן חלב נוגט בטעם אוכמניות כחולו,דילר בי.אמ.די.אינטרנשויונל בעמ,,,יח`,90,גרם,false,1,5.90,6.56,true,1,
4823077621659,false,וופל רושן בטעם אגוז 72 גר`,דילר בי.אמ.די.אינטרנשויונל בעמ,,,יח`,72,גרם,false,1,4.90,6.81,true,1,
4823077625589,false,וופל רושן בטעם חלב 216 גר`,דילר בי.אמ.די.אינטרנשויונל בעמ,,,יח`,216,גרם,false,1,7.90,3.66,true,1,
4823077626203,false,שוקולד רושן אורירי מריר 80 גר`,דילר בי.אמ.די.אינטרנשויונל בעמ,,,יח`,80,גרם,false,1,7.90,9.88,true,1,
4823077626227,false,שוקולד אורירי חלב 80 גר`,דילר בי.אמ.די.אינטרנשויונל בעמ,,,יח`,80,גרם,false,1,7.90,9.88,true,1,
4823077626241,false,שוקולד רושן אורירי לבן קרמל 80 גר`,דילר בי.אמ.די.אינטרנשויונל בעמ,,,יח`,80,גרם,false,1,7.90,9.88,true,1,
4823077626364,false,שוקולד רושן אורירי לבן 80 גר`,דילר בי.אמ.די.אינטרנשויונל בעמ,,,יח`,80,גרם,false,1,7.90,9.88,true,1,
4823077631467,false,קרקר עם מלח ים רושן 168 גר`,דילר בי.אמ.די.אינטרנשויונל בעמ,,,יח`,168,גרם,false,1,5.90,3.51,true,1,
4823077631474,false,קרקר קלאסי רושן 168 גר`,דילר בי.אמ.די.אינטרנשויונל בעמ,,,יח`,168,גרם,false,1,5.90,3.51,true,1,
4823077632112,false,וופל רושן בטעם קקאו חלב 216 גר`,דילר בי.אמ.די.אינטרנשויונל בעמ,,,יח`,216,גרם,false,1,7.90,3.66,true,1,
4823077632594,false,שוקולד רושן חלב עם אגוז שלם 90 גר` LACMI,דילר בי.אמ.די.אינטרנשויונל בעמ,,,יח`,90,גרם,false,1,8.90,9.89,true,1,
4823077633317,false,עוגיות שוקולד עם חתיכות שוקולד 150 גר`,דילר בי.אמ.די.אינטרנשויונל בעמ,,,יח`,150,גרם,false,1,7.90,5.27,true,1,
4823077633331,false,עוגיות רושן בטעם תפוז 150 גר`,דילר בי.אמ.די.אינטרנשויונל בעמ,,,יח`,150,גרם,false,1,7.90,5.27,true,1,
4823077633348,false,עוגיות רושן עם חתיכות בוטנים 150 גר`,דילר בי.אמ.די.אינטרנשויונל בעמ,,,יח`,150,גרם,false,1,7.90,5.27,true,1,
4823077634222,false,עוגיות תפוז 135 גר`,דילר בי.אמ.די.אינטרנשויונל בעמ,,,יח`,135,גרם,false,1,7.90,5.85,true,1,
4823077634277,false,עוגיות תות שדה 135 גר`,דילר בי.אמ.די.אינטרנשויונל בעמ,,,יח`,135,גרם,false,1,7.90,5.85,true,1,
4823077636004,false,עוגיות קקאו דובדבן 135 גר`,דילר בי.אמ.די.אינטרנשויונל בעמ,,,יח`,135,גרם,false,1,7.90,5.85,true,1,
4823077636097,false,עוגיות פטל 420 גר`,דילר בי.אמ.די.אינטרנשויונל בעמ,,,יח`,420,גרם,false,1,17.90,4.26,true,1,
4823077636172,false,וופל רושן בטעם לימון 216 גר,דילר בי.אמ.די.אינטרנשויונל בעמ,,,יח`,216,גרם,false,1,7.90,3.66,true,1,
4891228430061,false,סכיני גילוח לנשים עם אלוורה שיק) (10,ש.שסטוביץ בעמ,,,יח`,1,,false,1,28.50,28.50,false,1,
4903001904192,false,רוטב סויה יאמסה פרימיום 500 מל`,ליימן שליסל בעמ,,,יח`,500,"מ""ל",false,1,18.30,3.66,false,1,
5000157143365,false,מתבל בטעם מיונז וקטשופ 425 מל,דיפלומט היינץ,,,יח`,425,גרם,false,1,15.90,3.74,false,1,
5000159407236,false,מרס חטיף שוקולד עם קרמל 51 גרם,מרס ריגלי ישראל בעמ,,,יח`,50,גרם,false,1,4,8,true,1,
5000159414197,false,מלטיזרס 135 גר`,מרס ריגלי ישראל בעמ,,,יח`,135,גרם,false,1,11.90,8.81,false,1,
5000159452540,false,סניקרס חטיף שוקולד עם בוטנים חמישייה ברי,מרס ריגלי ישראל בעמ,,,יח`,200,גרם,false,1,11.90,5.95,true,1,
5000159461122,false,סניקרס חטיף שוקולד עם בוטנים 50 גרם,מרס ריגלי ישראל בעמ,,,יח`,57,גרם,false,1,4,7.02,true,1,
5000159538626,false,טוויקס חטיף שוקולד מארז,מרס ריגלי ישראל בעמ,,,יח`,200,גרם,false,1,11.90,5.95,true,1,
5000168199245,false,שוקולד חלב מעולה בתוספת חתיכות קרם קרמל,תה ויסוצקי (ישראל) בעמ,,,יח`,90,גרם,false,1,15.90,17.67,true,1,
5000204153729,false,מילוי אוטומטי לבנדר וניל 269 מל גלייד,דנשר (1963) בעמ,,,יח`,269,"מ""ל",false,1,18.90,7.03,false,1,
5000204153842,false,גלייד ספריי אוטומטי מילוי(מילוי  בניחוח,דנשר (1963) בעמ,,,יח`,269,"מ""ל",false,1,18.90,7.03,false,1,
5000204167856,false,גלייד מילוי אוטומטי פסטיבל קינמון 269 מ,דנשר (1963) בעמ,,,יח`,269,"מ""ל",false,1,18.90,7.03,false,1,
5000204243000,false,דאק נוזל אפרסק על חלל 750 מל,דנשר (1963) בעמ,,,יח`,750,"מ""ל",false,1,11.90,1.59,false,1,
5000204657883,false,משחת נעליים חומה קיווי,דנשר (1963) בעמ,,,יח`,44,גרם,false,1,7.40,16.82,false,1,
5000204657913,false,קיוי שחור משחת נעליים בקופסא,דנשר (1963) בעמ,,,יח`,1,,false,1,8.10,8.10,false,1,
5000204658187,false,משחת נעליים קראון שחור קיווי (75 מל),דנשר (1963) בעמ,,,יח`,75,גרם,false,1,19.30,25.73,false,1,
5000204661392,false,משחת נעליים שחורה קיווי אקסרא לארג`,דנשר (1963) בעמ,,,יח`,88,"מ""ל",false,1,14.20,16.14,false,1,
5000394137486,false,דורסל אופטימום רביעיות AA,דיפלומט מפיצים (1968) בעמ,,,יח`,1,,false,1,17.90,17.90,false,1,
5000394137516,false,דורסל אופטימום רביעיות AAA,דיפלומט מפיצים (1968) בעמ,,,יח`,1,,false,1,17.90,17.90,false,1,
5010038454831,false,בירה בלו מון (330 מל),הכרם - משקאות חריפים בעמ,,,יח`,330,"מ""ל",false,1,13.90,4.12,true,1,
5010123703547,false,ליסטרין פרש בורסט 500 מל-יבוא מקביל,בית הצעצוע בעמ,,,יח`,500,"מ""ל",false,1,15.90,3.18,true,1,
5010123703585,false,ליסטרין קולמינט 500 מל-יבוא מקביל,בית הצעצוע בעמ,,,יח`,500,"מ""ל",false,1,15.90,3.18,true,1,
5010182997253,false,קוטל ג`וקים מקס ספריי רייד (300 מל),דנשר (1963) בעמ,,,יח`,300,"מ""ל",false,1,20.30,6.77,false,1,
5010182997680,false,קוטל נמלים רייד (300 מל),דנשר (1963) בעמ,,,יח`,300,"מ""ל",false,1,20.30,6.77,false,1,
5010182997918,false,טואלט דאק ג`ל לאסלה,דנשר (1963) בעמ,,,יח`,55,גרם,false,1,13.50,24.55,false,1,
5010622005012,false,חוט דנטלי אורל בי 50 מטר,פארמה דיל (פ.א.ב.) שיווק והפצה,,,יח`,1,,false,1,10.90,10.90,false,1,
5010622005029,false,חוט דנטלי אורל בי עם שעווה מנטה,פארמה דיל (פ.א.ב.) שיווק והפצה,,,יח`,1,,false,1,10.90,10.90,false,1,
5010677551281,false,בריזר לימון בבקבוק בקרדי (275 מל),טמפו משקאות בעמ,,,יח`,275,"מ""ל",false,1,15.30,5.45,true,1,
5010677552387,false,בריזר אננס בקרדי (275 מל),טמפו משקאות בעמ,,,יח`,275,"מ""ל",false,1,15.30,5.45,true,1,
5010677554398,false,בריזר אבטיח בבקבוק בקרדי (275 מל),טמפו משקאות בעמ,,,יח`,275,"מ""ל",false,1,15.30,5.45,true,1,
5012251012249,false,תרחיץ פלינג לפנים בתוספת פחם פעיל 150 מ,פארמה דיל (פ.א.ב.) שיווק והפצה,,,יח`,0,"מ""ל",false,1,14.90,14.90,false,1,
5013931015741,false,ידית הפלא לשטיפת כלים דיש מטיק,דנשר (1963) בעמ,,,יח`,1,,false,1,19.90,19.90,true,1,
5014271310428,false,מעדן סנט דלפור דובדבן שחור,א. סיימן סחר בעמ,,,יח`,284,גרם,false,1,21.90,7.71,false,1,
5014271370422,false,מעדן סנט דלפור אפרסק,א. סיימן סחר בעמ,,,יח`,284,גרם,false,1,21.90,7.71,false,1,
5014271400426,false,מעדן סנט דלפור תות שדה,א. סיימן סחר בעמ,,,יח`,284,גרם,false,1,21.90,7.71,false,1,
5014271795980,false,מעדן סנט דלפור חמוציות ואוכמניות,א. סיימן סחר בעמ,,,יח`,284,גרם,false,1,21.90,7.71,false,1,
5029053002408,false,נייר טואלט קלינקס 9 לבן,קימברלי קלארק ישראל שיווק בעמ,,,יח`,1,,false,1,33.90,33.90,false,1,
5029053002439,false,נייר טואלט קלינקס 9 צהוב,קימברלי קלארק ישראל שיווק בעמ,,,יח`,1,,false,1,33.90,33.90,false,1,
5029053032658,false,טישו קלינקס שמינייה,קימברלי קלארק ישראל שיווק בעמ,,,יח`,240,גרם,false,1,9.90,4.13,true,1,
5029053578309,false,קלינקס טישו אולטרה סופט קוביה,קימברלי קלארק ישראל שיווק בעמ,,,יח`,1,,false,1,6.90,6.90,false,1,
5060639129102,false,משקה אנר`גי Mango Loco מונסטר 500 nk,החברה המרכזית להפצת משקאות בעמ,,,יח`,500,"מ""ל",false,1,6.90,1.32,true,1,
5060751219033,false,משקה אולטרה פרדייס מונסטר 500 מל,החברה המרכזית להפצת משקאות בעמ,,,יח`,500,"מ""ל",false,1,6.90,1.32,true,1,
5200133120476,false,גליליות וופלים 400 גרם אגוזים  וקקאו גול,דיפלומט היינץ,,,יח`,400,גרם,false,1,18.50,4.63,false,1,
5200133120483,false,גליליות וופלים 400 גרם וניל גולדן ברייק,דיפלומט היינץ,,,יח`,400,גרם,false,1,18.50,4.63,false,1,
5201178801047,false,קרם ניוואה 150 מל,אלפא- ב.ד.ף בעמ,,,יח`,150,"מ""ל",false,1,20.90,13.93,false,1,
5201347400545,false,ויט ארומטיק שעווה לפנים,רקיט בנקיזר (ניר איסט) בעמ,,,יח`,1,יח`,false,1,25.90,25.90,false,1,
5201940010011,false,זיתים שחורים בפח,ג.וילי-פוד אינטרנשיונל בעמ,,,יח`,454,גרם,false,1,15.20,3.35,true,1,
5201940010110,false,זיתים שחורים קלמנטה בפח,ג.וילי-פוד אינטרנשיונל בעמ,,,יח`,454,גרם,false,1,16.30,3.59,true,1,
5202390015618,false,צהובה טבעונית אורגינל,דיפלומט היינץ,,,יח`,200,גרם,false,1,24.40,12.20,true,1,
5202390020407,false,בסגנון פטה טבעוני 200 גר,דיפלומט היינץ,,,יח`,200,גרם,false,1,26.90,13.45,true,1,
5391523057929,false,סימילאק גולד שלב 1 700 גר`,שקד תבל בעמ-סימילק,,,יח`,700,גרם,false,1,74.90,10.70,true,1,
5391523057943,false,סימילאק גולד שלב 3 700 גר`,שקד תבל בעמ-סימילק,,,יח`,700,גרם,false,1,74.90,10.70,true,1,
5391523058087,false,סימילאק אדוונס פלוס שלב 2 700 גר,שקד תבל בעמ-סימילק,,,יח`,700,גרם,false,1,68.90,9.84,true,1,
5410076933129,false,אריאל 3 קג`,דיפלומט מפיצים (1968) בעמ,,,יח`,3000,גרם,false,1,35.60,1.19,false,1,
5410103161518,false,קרם לחות פעולה משולשת רגיל לוריאל,לוריאל ישראל קוסמטיקס בעמ,,,יח`,50,"מ""ל",false,1,45.90,91.80,false,1,
5410126006087,false,ביסקוויט בטעם קרמל לוטוס (700 גרם),דיפלומט היינץ,,,יח`,700,גרם,false,1,29.50,4.21,false,1,
5410126006360,false,לוטוס עוגיות סנדוויץ במילוי לוטוס 150 גר,דיפלומט היינץ,,,יח`,150,גרם,false,1,9.90,6.60,false,1,
5410126106183,false,לוטוס קרמל 312 גר`,דיפלומט היינץ,,,יח`,312,גרם,false,1,20.30,6.51,true,1,
5410126116953,false,ממרח ביסקוויט קרמל לוטוס (400 גרם),דיפלומט היינץ,,,יח`,400,גרם,false,1,23.40,5.85,true,1,
5410126666038,false,עוגיות לוטוס 2*18 279 גר`,דיפלומט היינץ,,,יח`,279,גרם,false,1,13.90,4.98,true,1,
5410126726947,false,ממרח עוגיות לוטוס  קראנץ`380 גר`,דיפלומט היינץ,,,יח`,380,גרם,false,1,24.40,6.42,true,1,
5410228267508,false,בירה באדוויזר בקבוק 330 מל,הכרם - משקאות חריפים בעמ,,,יח`,330,"מ""ל",false,1,7.90,2.30,false,1,
5410291021991,false,ממרח אגוזי לוז עם קקאו צ`וקטה (700 גרם),ש.שסטוביץ בעמ,,,יח`,700,גרם,false,1,20.90,2.99,false,1,
5410291022752,false,ממרח צ`וקטה 350  גר`פרווה,ש.שסטוביץ בעמ,,,יח`,350,גרם,false,1,13.90,3.97,false,1,
5410658902413,false,קפסולות קפה דרגת חוזק 8 fortisimo Espres,אבאל יזמות בעמ,,,יח`,1,,false,1,13.20,13.20,true,1,
5410658902420,false,קפסולות קפה דרגת חוזק 10 fortisimo RISTR,אבאל יזמות בעמ,,,יח`,1,,false,1,13.20,13.20,true,1,
5410658902437,false,קפסולות קפה דרגת חוזק 7 fortisimo Lungo,אבאל יזמות בעמ,,,יח`,1,,false,1,13.20,13.20,true,1,
5411188110835,false,משקה שקדים אלפרו (1 ליטר),שטראוס גרופ בעמ,,,יח`,1,1 ליטר,false,1,13.90,13.90,true,1,
5411188112709,false,משקה שקדים ללס אלפרו (1 ליטר),שטראוס גרופ בעמ,,,יח`,1,1 ליטר,false,1,13.90,13.90,true,1,
5411188115366,false,משקה שיבולת שועל אלפרו (1 ליטר),שטראוס גרופ בעמ,,,יח`,1,1 ליטר,false,1,13.90,13.90,true,1,
5411188115472,false,משקה סויה 1 ליטר אלפרו,שטראוס גרופ בעמ,,,יח`,1,1 ליטר,false,1,13.90,13.90,true,1,
5411188134985,false,אלפרו NOT MILK שיבולת שועל 3.5% שומן 1 ל,שטראוס גרופ בעמ/מצונן,,,יח`,1,1 ליטר,false,1,13.90,13.90,false,1,
5411188135005,false,אלפרו NOT MILK שיבולת שועל 1.8% ליטר,שטראוס גרופ בעמ/מצונן,,,יח`,1,1 ליטר,false,1,13.90,13.90,false,1,
5411188543398,false,משקה סויה ללס אלפרו 1 ליטר,שטראוס גרופ בעמ,,,יח`,1,1 ליטר,false,1,13.90,13.90,true,1,
5411223030081,false,בירה דובדבן לינדמנס קריק (250 מל),הכרם - משקאות חריפים בעמ,,,יח`,250,"מ""ל",false,1,14.90,5.84,false,1,
5411681038001,false,בירה טריפל מרדסו (330 מל),הכרם - משקאות חריפים בעמ,,,יח`,330,"מ""ל",false,1,16.50,4.91,true,1,
5411686700118,false,בירה פירות לייפמנס (250 מל),הכרם - משקאות חריפים בעמ,,,יח`,250,"מ""ל",false,1,14.90,5.84,false,1,
5413149922907,false,אריאל 5  קג`קולור,דיפלומט מפיצים (1968) בעמ,,,יח`,5,"ק""ג",false,1,45.90,9.18,true,1,
5701932026964,false,הוט פופ 600 גר`,ליימן שליסל בעמ,,,יח`,600,גרם,false,1,16.90,2.82,true,1,
5701932026995,false,הוט פופ לייט 600גר`,ליימן שליסל בעמ,,,יח`,600,גרם,false,1,16.90,2.82,true,1,
5711953103285,false,פטינה מעדנייה שטראוס,שטראוס גרופ בעמ/מצונן,,,"ק""ג",1000,גרם,true,1,32,3.20,false,1,
5711953106583,false,גבינת שמנת עשבי טבעי 200  גר`ארלה,שטראוס גרופ בעמ/מצונן,,,יח`,200,גרם,false,1,16.90,8.45,true,1,
5711953106590,false,ארלה גבינת שמנת שום 200 גר`,שטראוס גרופ בעמ/מצונן,,,יח`,200,גרם,false,1,16.90,8.45,true,1,
5740900403215,false,ממרח לורפק עם מלח 250 גר`,שטראוס גרופ בעמ/מצונן,,,יח`,250,גרם,false,1,17.90,7.16,false,1,
5740900403222,false,ממרח לורפק עם מלח מופחת שומן 250 גר`,שטראוס גרופ בעמ/מצונן,,,יח`,250,גרם,false,1,17.90,7.16,false,1,
5740900403239,false,ממרח לורפק ללא מלח 250 גר`,שטראוס גרופ בעמ/מצונן,,,יח`,250,גרם,false,1,17.90,7.16,false,1,
5740900403253,false,ממרח לורפק עם מלח 500 גר`,שטראוס גרופ בעמ/מצונן,,,יח`,500,גרם,false,1,28.90,5.78,false,1,
5740900403260,false,ממרח לורפק ללא מלח מופחת שומן 250 גר`,שטראוס גרופ בעמ/מצונן,,,יח`,250,גרם,false,1,17.90,7.16,false,1,
5740900403864,false,ממרח לורפק 200  גר`עם מלח,שטראוס גרופ בעמ/מצונן,,,יח`,200,גרם,false,1,12.80,6.40,false,1,
5900020015174,false,פיטנס חטיפי דגנים שוקולד מריר,קבוצת אסם סחר שות. מוגבלת,,,יח`,141,גרם,false,1,17.50,12.41,true,1,
5900020018908,false,פיטנס חטיפי דגנים קרם עוגיות,קבוצת אסם סחר שות. מוגבלת,,,יח`,141,גרם,false,1,17.30,12.27,true,1,
5900020026552,false,האני נאט צ`יריוס עידן הקרח 625 גרם,קבוצת אסם סחר שות. מוגבלת,,,יח`,625,גרם,false,1,22.90,3.66,false,1,
5900020029669,false,חטיף דגנים פירות יער מארז 6 יח פיטנס,קבוצת אסם סחר שות. מוגבלת,,,יח`,23.50,גרם,false,1,18.30,77.87,true,1,
5900020033314,false,פיטנס חטיפי דגנים ליון 150 גר`,קבוצת אסם סחר שות. מוגבלת,,,יח`,150,גרם,false,1,17.50,11.67,true,1,
5900020039590,false,פיטנס חטיף דגנים קלאסי 6.*23.5גר,קבוצת אסם סחר שות. מוגבלת,,,יח`,141,גרם,false,1,17.50,12.41,true,1,
5900020039620,false,פיטנס חטיף דגנים שקדים 6*23.5גר,קבוצת אסם סחר שות. מוגבלת,,,יח`,141,גרם,false,1,17.50,12.41,true,1,
5900352000770,false,גלרטקה דובדבן 190 גר`,יעד ממתקים בעמ,,,יח`,190,גרם,false,1,10.90,5.74,true,1,
5900352002576,false,גלרטקה אוכמניות 190 גר`,יעד ממתקים בעמ,,,יח`,190,גרם,false,1,10.90,5.74,true,1,
5901414200411,false,היט מיניס קרם קקאו 130גר בלזן.,ליימן שליסל בעמ,,,יח`,130,גרם,false,1,8.40,6.46,true,1,
5901888020546,false,חטיף דגנים עם קינואה ומלח ים 70 גר` FR,דנשר (1963) בעמ,,,יח`,70,גרם,false,1,13.90,19.86,true,1,
5901888020560,false,חטיף דגנים עם קינואה בטעם עשבי תיבול 7,דנשר (1963) בעמ,,,יח`,70,גרם,false,1,13.90,19.86,true,1,
5902198160403,false,xl ten פחית 250 מל ללס,טמפו משקאות בעמ,,,יח`,250,"מ""ל",false,1,4.90,1.84,true,1,
5906485301012,false,משקה אנרגיה אקסל (250 מל),טמפו משקאות בעמ,,,יח`,250,"מ""ל",false,1,4.90,1.84,true,1,
5997321701806,false,קלגון 1  קג`- אבקת אבנית,רקיט בנקיזר (ניר איסט) בעמ,,,יח`,1,"ק""ג",false,1,31.90,31.90,false,1,
6001067022558,false,מב`שיניים אקסטרא קלין,רון ביוטיפול בעמ,,,יח`,1,,false,1,4,4,false,1,
6102017501939,false,מצת גז לכיריים,אוהב ציון בעמ (מבצעים),,,יח`,1,,false,1,8.90,8.90,false,1,
6111094000273,false,דארי קוסקוס שעורה 500 גר`,תומר יבוא ושיווק מוצרי מזון (1,,,יח`,500,גרם,false,1,10.90,2.18,false,1,
6901022100409,false,ג`ינג`ר כתוש טרי לירון,ביג פוד כחול לבן בעמ*שיק 30 יו,,,יח`,100,גרם,false,1,6,6,false,1,
6901022100416,false,שום כתוש טרי לירון,ביג פוד כחול לבן בעמ*שיק 30 יו,,,יח`,100,גרם,false,1,6,6,false,1,
7038513866328,false,גורדן מברשת שיניים לילדים 6-8 סטפ 3,דנשר (1963) בעמ,,,יח`,1,,false,1,11.50,11.50,true,1,
7038516140418,false,מברשת שיניים ג`ורדן טוטאל רביעייה,דנשר (1963) בעמ,,,יח`,1,,false,1,21.40,21.40,true,1,
7271730901261,false,ארוחת אטריות עם גבינה 156  גר`וויקי מאק,מור-ים מרקטינג בעמ,,,יח`,156,גרם,false,1,11.90,7.63,false,1,
7290000000374,false,פטריות שמפיניון א.א,חוות השמפיניון בעמ,,,יח`,1,,false,1,10.10,10.10,true,1,
7290000000794,false,סלרי חתוך,יראון - עבודות חקלאיות בעמ,,,יח`,1,,false,1,5.90,5.90,false,1,
7290000023083,false,ערק אשקלון (700 מל),טמפו משקאות בעמ,,,יח`,700,"מ""ל",false,1,50.90,7.23,false,1,
7290000023809,false,קלאסיק קברנה סובניון יקבי ברקן (750 מל),טמפו משקאות בעמ,,,יח`,750,"מ""ל",false,1,33.90,4.48,true,1,
7290000024219,false,אמרלד ריזלינג רזרבד 750 מל,טמפו משקאות בעמ,,,יח`,750,"מ""ל",false,1,45.90,6.08,true,1,
7290000024264,false,רזרב מרלו יקבי ברקן (750 מל),טמפו משקאות בעמ,,,יח`,750,"מ""ל",false,1,45.90,6.08,true,1,
7290000024530,false,יין אדום מתוק קידוש של סגל 750 מל,טמפו משקאות בעמ,,,יח`,750,"מ""ל",false,1,16.30,2.13,false,1,
7290000040042,false,יוגורט ביו 3% תות יופלה (150 גרם),תנובה - חלב,,,יח`,150,"מ""ל",false,1,5.20,3.47,false,1,
7290000040066,false,יופלה דובדבן 3%,תנובה - חלב,,,יח`,150,"מ""ל",false,1,5.20,3.47,false,1,
7290000040301,false,גבינת קממבר 24% עין גדי (125  גרם)קולקשי,תנובה - חלב,,,יח`,125,גרם,false,1,18.90,15.12,false,1,
7290000040318,false,גבינת עדי ברי 24% קולאז` (125  גרם)קולקש,תנובה - חלב,,,יח`,125,גרם,false,1,18.90,15.12,false,1,
7290000040462,false,גבינת טוסטי,תנובה - חלב,,,יח`,200,גרם,false,1,17.90,8.95,false,1,
7290000040974,false,חלב 2% דל לקטוז בקרטון תנובה (1 ליטר),תנובה - חלב,,,יח`,1,1 ליטר,false,1,7.20,7.20,false,1,
7290000041407,false,גיל 125 גרם,תנובה - חלב,,,יח`,125,"מ""ל",false,1,0.95,0.76,false,1,
7290000041445,false,קוטג`250 5%,תנובה - חלב,,,יח`,250,גרם,false,1,5.50,2.20,false,1,
7290000041452,false,גבינת  קוטג`9% מהדרין תנובה (250 גרם),תנובה - חלב,,,יח`,250,גרם,false,1,5.70,2.28,false,1,
7290000041865,false,לבן 4.5% יטבתה (200 מל),שטראוס גרופ בעמ/מצונן,,,יח`,200,"מ""ל",false,1,2.20,1.10,false,1,
7290000041872,false,לבן 3%,שטראוס גרופ בעמ/מצונן,,,יח`,200,"מ""ל",false,1,2.20,1.10,false,1,
7290000042015,false,חלב 3% בשקית בדצ תנובה (1  ליטר)פיקוח,תנובה - חלב,,,יח`,1,1 ליטר,false,1,5.43,5.43,false,1,
7290000042435,false,חלב דל שומן 1% בקרטון תנובה (1  ליטר)פיק,תנובה - חלב,,,יח`,1000,"מ""ל",false,1,5.86,0.59,false,1,
7290000042855,false,שוקו שקית,שטראוס גרופ בעמ/מצונן,,,יח`,225,"מ""ל",false,1,2.60,1.16,false,1,
7290000043012,false,שוקו עמיד 2% תנובה (250 מל),תנובה - חלב,,,יח`,250,"מ""ל",false,1,4.70,1.88,false,1,
7290000043814,false,השף הלבן שמנת עמיד 38% קר 250,תנובה - חלב,,,יח`,250,"מ""ל",false,1,6.47,2.59,false,1,
7290000043890,false,רויון 1.5% תנובה (1 ליטר),תנובה - חלב,,,יח`,1,1 ליטר,false,1,11.50,11.50,false,1,
7290000044712,false,יוגורט עם תות 1.5% פרילי (500 גרם),תנובה - חלב,,,יח`,500,"מ""ל",false,1,10.90,2.18,false,1,
7290000044880,false,יוגורט בטעם תות שדה 3% באדי (500 גרם),תנובה - חלב,,,יח`,500,"מ""ל",false,1,9.50,1.90,false,1,
7290000045573,false,גבינת נעמה,תנובה - חלב,,,יח`,200,גרם,false,1,15.90,7.95,false,1,
7290000045580,false,גבינת חורש,תנובה - חלב,,,יח`,240,גרם,false,1,18.60,7.75,false,1,
7290000045917,false,פרומעז גבינת עיזים 23% קולקשיין תנובה,תנובה - חלב,,,יח`,200,גרם,false,1,26.90,13.45,false,1,
7290000046020,false,גבינת גלבוע 22% תנובה,תנובה - חלב,,,"ק""ג",1000,גרם,true,1,42.58,4.26,false,1,
7290000046327,false,גבינה צהובה 22% גלבוע (200 גרם),תנובה - חלב,,,יח`,200,גרם,false,1,13.20,6.60,false,1,
7290000046563,false,קולאג 23% פרמזן חריץ תנובה,תנובה - חלב,,,"ק""ג",1000,גרם,true,1,113,11.30,false,1,
7290000047546,false,גבינה כנען 500,תנובה - חלב,,,יח`,500,גרם,false,1,24.90,4.98,false,1,
7290000047621,false,גבינה לבנה 250  גר`5%,תנובה - חלב,,,יח`,250,גרם,false,1,4.98,1.99,false,1,
7290000047942,false,גבינה לבנה 250 גר 9%,תנובה - חלב,,,יח`,250,גרם,false,1,4.70,1.88,false,1,
7290000048185,false,גבינה לבנה 5% תנובה (250  גרם)פיקוח,תנובה - חלב,,,יח`,250,גרם,false,1,4.98,1.99,false,1,
7290000048192,false,גבינה לבנה 9% תנובה (250 גרם),תנובה - חלב,,,יח`,250,גרם,false,1,4.70,1.88,false,1,
7290000048437,false,גבינת צפתית  (2005%  גרם)פיראוס תנובה,תנובה - חלב,,,יח`,200,גרם,false,1,15.90,7.95,false,1,
7290000049458,false,גבינה בולגרית עיזים  (25016%  גרם)פיראוס,תנובה - חלב,,,יח`,250,גרם,false,1,28.50,11.40,false,1,
7290000050447,false,יוגורט ביו 3% תות יופלה (500 גרם),תנובה - חלב,,,יח`,1,1 ליטר,false,1,12.90,12.90,false,1,
7290000050454,false,יוגורט ביו 3% אפרסק יופלה (500 גרם),תנובה - חלב,,,יח`,500,"מ""ל",false,1,12.90,2.58,false,1,
7290000051307,false,הפסקת אוכל דגני עוגי וחלבי ווניל,תנובה - חלב,,,יח`,150,"מ""ל",false,1,9.90,6.60,false,1,
7290000051352,false,חלב של פעם 3.8% בקרטון תנובה (1 ליטר),תנובה - חלב,,,יח`,1,1 ליטר,false,1,7.70,7.70,false,1,
7290000051710,false,לאבנה עם שמן זית וזעתר 9% פיראוס תנובה,תנובה - חלב,,,יח`,263,גרם,false,1,14.20,5.40,false,1,
7290000051956,false,טל העמק 9% חריץ תנובה,תנובה - חלב,,,"ק""ג",1000,גרם,true,1,82,8.20,false,1,
7290000052311,false,עמק פרוס בקופסא 200  גר`15% שומן,תנובה - חלב,,,יח`,200,גרם,false,1,16.30,8.15,false,1,
7290000052649,false,לאבנה אסלית  (5005%  גרם)פיראוס תנובה,תנובה - חלב,,,יח`,500,גרם,false,1,20.90,4.18,false,1,
7290000052946,false,יופלה לבן מעודן שמינייה בדצ,תנובה - חלב,,,יח`,1.20,1 ליטר,false,1,20.90,17.42,false,1,
7290000053219,false,טל העמק 32% צהובה,תנובה - חלב,,,"ק""ג",1000,גרם,true,1,55,5.50,false,1,
7290000053981,false,מאגדת 8 גביעים 4 תות 4 אפרסק,תנובה - חלב,,,יח`,1.20,1 ליטר,false,1,27.90,23.25,false,1,
7290000055329,false,יופלה משקה יוגורט 250 מל תות מלון,תנובה - חלב,,,יח`,250,גרם,false,1,5.90,2.36,false,1,
7290000055336,false,יופלה משקה יוגורט 250 מל בננה אפרסק,תנובה - חלב,,,יח`,250,גרם,false,1,5.90,2.36,false,1,
7290000055350,false,עמק פיקוח 28% צהובה מעדנייה,תנובה - חלב,,,"ק""ג",1000,גרם,true,1,44.79,4.48,false,1,
7290000055893,false,חמאה מהדרין תנובה (200  גרם)פיקוח,תנובה - חלב,,,יח`,1,,false,1,7.80,7.80,false,1,
7290000056272,false,גבינה לבנה 5% עם זיתים תנובה (250 גרם),תנובה - חלב,,,יח`,250,גרם,false,1,5.70,2.28,false,1,
7290000056890,false,יופלה דיאט טעמים שונים 6+2 8*150 מל,תנובה - חלב,,,יח`,1200,"מ""ל",false,1,31.90,2.66,false,1,
7290000056906,false,יופלה לבן שמינייה 1.5%,תנובה - חלב,,,יח`,1200,"מ""ל",false,1,17.90,1.49,false,1,
7290000056951,false,שמנת עמידה לבישול 15% השף הלבן (500 מל),תנובה - חלב,,,יח`,500,"מ""ל",false,1,15.90,3.18,false,1,
7290000057088,false,גבינת עמק דק 200 גר,תנובה - חלב,,,יח`,200,גרם,false,1,16.30,8.15,false,1,
7290000057118,false,סמי עמק 400 גר,תנובה - חלב,,,יח`,400,גרם,false,1,22.20,5.55,false,1,
7290000057132,false,יוגורט ביו 1.5% תנובה (200 גרם),תנובה - חלב,,,יח`,200,גרם,false,1,3.20,1.60,false,1,
7290000058030,false,שטוזים משקה יוגורט תות יופלה (100x8 מל),תנובה - חלב,,,יח`,1,,false,1,20.90,20.90,false,1,
7290000058047,false,שמנת 38% 500 מל עם פקק פיקוח,תנובה - חלב,,,יח`,500,"מ""ל",false,1,12.94,2.59,false,1,
7290000058979,false,גיל בטעם תות,תנובה - חלב,,,יח`,125,"מ""ל",false,1,1.60,1.28,false,1,
7290000060088,false,בייגלה מקלות עם מלח אסם (400 גרם),קבוצת אסם סחר שות. מוגבלת,,,יח`,400,גרם,false,1,11.50,2.88,true,1,
7290000060200,false,פתיתים אפויים קוסקוס אסם (500 גרם),קבוצת אסם סחר שות. מוגבלת,,,יח`,500,גרם,false,1,7.70,1.54,true,1,
7290000060248,false,פסטה תלתלים אסם (500 גרם),קבוצת אסם סחר שות. מוגבלת,,,יח`,500,גרם,false,1,6.10,1.22,true,1,
7290000060408,false,פתיתים אפויים טבעות אסם (500 גרם),קבוצת אסם סחר שות. מוגבלת,,,יח`,500,גרם,false,1,7.70,1.54,true,1,
7290000060576,false,פתיתים אפויים כוכבים אסם (500 גרם),קבוצת אסם סחר שות. מוגבלת,,,יח`,500,גרם,false,1,7.70,1.54,true,1,
7290000060781,false,פסטה מסולסלים אסם (500 גרם),קבוצת אסם סחר שות. מוגבלת,,,יח`,500,גרם,false,1,6.10,1.22,true,1,
7290000060828,false,פסטה קרניים בינוניות אסם (500 גרם),קבוצת אסם סחר שות. מוגבלת,,,יח`,500,גרם,false,1,6.10,1.22,true,1,
7290000060842,false,פסטה צדפים גדולים אסם (500 גרם),קבוצת אסם סחר שות. מוגבלת,,,יח`,500,גרם,false,1,6.10,1.22,true,1,
7290000060880,false,ספגטי אסם (500 גרם),קבוצת אסם סחר שות. מוגבלת,,,יח`,500,גרם,false,1,6.10,1.22,true,1,
7290000060903,false,פתיתים אפויים אורז אסם (500 גרם),קבוצת אסם סחר שות. מוגבלת,,,יח`,500,גרם,false,1,7.70,1.54,true,1,
7290000060958,false,אטריות מובחרות בינוניות אסם (400 גרם),קבוצת אסם סחר שות. מוגבלת,,,יח`,400,גרם,false,1,8.50,2.13,true,1,
7290000060965,false,אטריות רחבות אסם (400 גרם),קבוצת אסם סחר שות. מוגבלת,,,יח`,400,גרם,false,1,8.50,2.13,true,1,
7290000061061,false,קרקר בצל אסם (250 גרם),קבוצת אסם סחר שות. מוגבלת,,,יח`,250,גרם,false,1,11.20,4.48,true,1,
7290000061108,false,רוטב טריאקי אסם (290 מל),קבוצת אסם סחר שות. מוגבלת,,,יח`,290,"מ""ל",false,1,13.20,4.55,true,1,
7290000061214,false,פתיתים אפויים 500 גר` קוסקוס+בצל אסם,קבוצת אסם סחר שות. מוגבלת,,,יח`,500,גרם,false,1,7.70,1.54,true,1,
7290000061245,false,עוגיות שוקוצ`יפס,קבוצת אסם סחר שות. מוגבלת,,,יח`,220,גרם,false,1,13.20,6,false,1,
7290000061450,false,פתיתים אפויים 500 גר`3 צבעים אסם,קבוצת אסם סחר שות. מוגבלת,,,יח`,500,גרם,false,1,7.70,1.54,true,1,
7290000062129,false,אינסטנט פודינג בטעם וניל אסם (1 קג),קבוצת אסם סחר שות. מוגבלת,,,יח`,1,"ק""ג",false,1,24.90,24.90,false,1,
7290000063140,false,שקדי מרק אסם (400 גרם),קבוצת אסם סחר שות. מוגבלת,,,יח`,400,גרם,false,1,13.20,3.30,true,1,
7290000063157,false,קמח תופח אסם (1 קג),קבוצת אסם סחר שות. מוגבלת,,,יח`,1,"ק""ג",false,1,11.20,11.20,false,1,
7290000064758,false,קוסקוס בינוני אסם (350 גרם),קבוצת אסם סחר שות. מוגבלת,,,יח`,350,גרם,false,1,9.10,2.60,false,1,
7290000064871,false,מנה חמה פירה עם בצל אסם (56 גרם),קבוצת אסם סחר שות. מוגבלת,,,יח`,56,גרם,false,1,7.50,13.39,true,1,
7290000065090,false,מיני קרוטונים למרק וסלט,קבוצת אסם סחר שות. מוגבלת,,,יח`,400,גרם,false,1,27.50,6.88,false,1,
7290000065335,false,מנה חמה פירה עם ירקות אסם (55 גרם),קבוצת אסם סחר שות. מוגבלת,,,יח`,55,גרם,false,1,7.50,13.64,true,1,
7290000065557,false,מנה חמה קוסקוס עם ירקות אסם (84 גרם),קבוצת אסם סחר שות. מוגבלת,,,יח`,62,גרם,false,1,7.50,12.10,true,1,
7290000066141,false,ביסלי חטיף בטעם גריל אסם (70 גרם),קבוצת אסם סחר שות. מוגבלת,,,יח`,70,גרם,false,1,4,5.71,true,1,
7290000066158,false,ביסלי חטיף בטעם בצל אסם (67 גרם),קבוצת אסם סחר שות. מוגבלת,,,יח`,67,גרם,false,1,4,5.97,false,1,
7290000066172,false,ביסלי חטיף בטעם פיצה אסם (70 גרם),קבוצת אסם סחר שות. מוגבלת,,,יח`,70,גרם,false,1,4,5.71,true,1,
7290000066196,false,ביסלי חטיף בטעם גריל אסם (200 גרם),קבוצת אסם סחר שות. מוגבלת,,,יח`,200,גרם,false,1,9.10,4.55,true,1,
7290000066264,false,דובונים חטיף תפוחי אדמה אסם (40 גרם),קבוצת אסם סחר שות. מוגבלת,,,יח`,40,גרם,false,1,5.80,14.50,true,1,
7290000066295,false,במבה מתוקה בטעם תות אסם (30 גרם),קבוצת אסם סחר שות. מוגבלת,,,יח`,30,גרם,false,1,3,10,false,1,
7290000066318,false,במבה אסם (80 גרם),קבוצת אסם סחר שות. מוגבלת,,,יח`,80,גרם,false,1,4.40,5.50,true,1,
7290000066332,false,אפרופו חטיף תירס אסם (50 גרם),קבוצת אסם סחר שות. מוגבלת,,,יח`,50,גרם,false,1,5.70,11.40,true,1,
7290000066431,false,חטיף פופקו חמאה ודבש אסם (80 גרם),קבוצת אסם סחר שות. מוגבלת,,,יח`,80,גרם,false,1,6.10,7.63,true,1,
7290000067544,false,פירורית זהב אסם (200 גרם),קבוצת אסם סחר שות. מוגבלת,,,יח`,200,גרם,false,1,7.10,3.55,false,1,
7290000067599,false,מנה חמה ספגטי בולונז אסם (65 גרם),קבוצת אסם סחר שות. מוגבלת,,,יח`,65,גרם,false,1,7.50,11.54,true,1,
7290000067735,false,ניוקי בצקיות מקמח אסם פרפקטו (500 גרם),קבוצת אסם סחר שות. מוגבלת,,,יח`,500,גרם,false,1,13.90,2.78,false,1,
7290000068138,false,פודינג בטעם וניל 80  גר`אסם,קבוצת אסם סחר שות. מוגבלת,,,יח`,80,גרם,false,1,5.90,7.38,false,1,
7290000068190,false,אבקה להכנת ג`לי בטעם תות אסם (90 גרם),קבוצת אסם סחר שות. מוגבלת,,,יח`,90,גרם,false,1,7.80,8.67,false,1,
7290000068770,false,במבה יום הולדת אסם (80 גרם),קבוצת אסם סחר שות. מוגבלת,,,יח`,80,גרם,false,1,4.40,5.50,true,1,
7290000069715,false,חטיפי קרקר מלוח אסם (300 גרם),קבוצת אסם סחר שות. מוגבלת,,,יח`,300,גרם,false,1,13.20,4.40,true,1,
7290000070322,false,מרק פטריות אסם (400 גרם),קבוצת אסם סחר שות. מוגבלת,,,יח`,400,גרם,false,1,24.90,6.23,true,1,
7290000070353,false,מרק בצל רכיבים טבעיים אסם (400 גרם),קבוצת אסם סחר שות. מוגבלת,,,יח`,400,גרם,false,1,24.90,6.23,true,1,
7290000070919,false,בייגלה רשתות עם מלח אסם (400 גרם),קבוצת אסם סחר שות. מוגבלת,,,יח`,400,גרם,false,1,14.20,3.55,true,1,
7290000072241,false,רוטב פיצה אסם (290 מל),קבוצת אסם סחר שות. מוגבלת,,,יח`,290,"מ""ל",false,1,13.20,4.55,true,1,
7290000072623,false,קטשופ אסם (750 גרם),קבוצת אסם סחר שות. מוגבלת,,,יח`,750,גרם,false,1,11.90,1.59,true,1,
7290000072753,false,קפה טייסטרס צ`ויס נסקפה (200 גרם),קבוצת אסם סחר שות. מוגבלת,,,יח`,200,גרם,false,1,29.90,14.95,false,1,
7290000072777,false,טייסטר צ ויס נטול 200 גר,קבוצת אסם סחר שות. מוגבלת,,,יח`,200,גרם,false,1,36.90,18.45,false,1,
7290000072968,false,סיני מיניס בטעם קינמון נסטלה (500 גרם),קבוצת אסם סחר שות. מוגבלת,,,יח`,375,גרם,false,1,22.90,6.11,true,1,
7290000073415,false,מנה חמה פסטה ברוטב פיצה אסם (61 גרם),קבוצת אסם סחר שות. מוגבלת,,,יח`,61,גרם,false,1,7.50,12.30,true,1,
7290000073750,false,מנה חמה נודלס בטעם עוף אסם (70 גרם),קבוצת אסם סחר שות. מוגבלת,,,יח`,70,גרם,false,1,8.50,12.14,true,1,
7290000073767,false,מנה חמה נודלס בטעם בקר אסם (70 גרם),קבוצת אסם סחר שות. מוגבלת,,,יח`,70,גרם,false,1,8.50,12.14,true,1,
7290000073774,false,מנה חמה נודלס בטעם פיקנטי אסם (70 גרם),קבוצת אסם סחר שות. מוגבלת,,,יח`,76,גרם,false,1,8.50,11.18,true,1,
7290000074153,false,ביסקוויט פתי בר שוקולד אסם (500 גרם),קבוצת אסם סחר שות. מוגבלת,,,יח`,500,גרם,false,1,12.90,2.58,false,1,
7290000074184,false,ביסקוויט פתי בר אסם (500 גרם),קבוצת אסם סחר שות. מוגבלת,,,יח`,500,גרם,false,1,12.20,2.44,true,1,
7290000074245,false,קרם קרקר אסם (250 גרם),קבוצת אסם סחר שות. מוגבלת,,,יח`,250,גרם,false,1,11.20,4.48,true,1,
7290000074276,false,קרקר פיקנטי אסם (250 גרם),קבוצת אסם סחר שות. מוגבלת,,,יח`,250,גרם,false,1,11.20,4.48,true,1,
7290000074481,false,קרקר לחמית אגוזים אסם (160 גרם),קבוצת אסם סחר שות. מוגבלת,,,יח`,160,גרם,false,1,12.20,7.63,true,1,
7290000074696,false,קרם קרקר אסם (1 קג),קבוצת אסם סחר שות. מוגבלת,,,יח`,1,"ק""ג",false,1,30.50,30.50,false,1,
7290000074764,false,קרקר זהב אסם (900 גרם),קבוצת אסם סחר שות. מוגבלת,,,יח`,900,גרם,false,1,30.50,3.39,false,1,
7290000075204,false,קרקר לחמית חיטה מלאה אסם (250 גרם),קבוצת אסם סחר שות. מוגבלת,,,יח`,250,גרם,false,1,10,4,true,1,
7290000075693,false,עוגת הבית שמרים בריוש שוקולד 360 גר`,קבוצת אסם סחר שות. מוגבלת,,,יח`,360,גרם,false,1,19.30,5.36,false,1,
7290000076126,false,בייגלה שמיניות עם מלח אסם (80 גרם),קבוצת אסם סחר שות. מוגבלת,,,יח`,80,גרם,false,1,3.60,4.50,false,1,
7290000076133,false,בייגלה שמיניות עם מלח אסם (400 גרם),קבוצת אסם סחר שות. מוגבלת,,,יח`,400,גרם,false,1,10.10,2.53,true,1,
7290000077017,false,קרמוגית משהו שוקולוד,קבוצת אסם סחר שות. מוגבלת,,,יח`,200,גרם,false,1,13.20,6.60,false,1,
7290000077253,false,קרקר לחמית כפרית אסם (190 גרם),קבוצת אסם סחר שות. מוגבלת,,,יח`,190,גרם,false,1,12.20,6.42,true,1,
7290000078762,false,פריכונים בדבש מאורז מלא אסם (80 גרם),קבוצת אסם סחר שות. מוגבלת,,,יח`,80,גרם,false,1,9.10,11.38,true,1,
7290000079233,false,קרם קרקר דל נתרן אסם (250 גרם),קבוצת אסם סחר שות. מוגבלת,,,יח`,250,גרם,false,1,12.20,4.88,true,1,
7290000100128,false,פירות קפואים תות 300  גר`סנפרוסט,תנובה קפואים,,,יח`,300,גרם,false,1,17.30,5.77,true,1,
7290000100135,false,פירות קפואים דובדבן 300  גר`סנפרוסט,תנובה קפואים,,,יח`,300,גרם,false,1,16.90,5.63,true,1,
7290000100593,false,פרוסות אנטיפסטי לתנור 600  גר`סנפרוסט,תנובה קפואים,,,יח`,600,גרם,false,1,22.90,3.82,true,1,
7290000101132,false,לקט קטניות לחמין 800 גר סנפרוסט,תנובה קפואים,,,יח`,800,גרם,false,1,21.40,2.68,true,1,
7290000101927,false,אוכמניות כחולות מקופאים 300 גר סנפרוסט,תנובה קפואים,,,יח`,300,גרם,false,1,16.90,5.63,true,1,
7290000101934,false,מיקס פירות יער מוקפאים 300 גר סנפרוסט,תנובה קפואים,,,יח`,300,גרם,false,1,16.90,5.63,true,1,
7290000101958,false,מנגו חתוך מוקפא סנפרוסט (300 גרם),תנובה קפואים,,,יח`,300,גרם,false,1,16.90,5.63,true,1,
7290000101989,false,מיקס דובדבן חמוץ מוקפאים 300 גר סנפרוסט,תנובה קפואים,,,יח`,300,גרם,false,1,17.30,5.77,true,1,
7290000103365,false,מרק ירקות עשיר סנפרוסט (550 גרם),תנובה קפואים,,,יח`,560,גרם,false,1,19.40,3.46,true,1,
7290000103730,false,לקט ירקןת להקפצה עם פסטה 800  גר`סנפרוסט,תנובה קפואים,,,יח`,800,גרם,false,1,25.50,3.19,true,1,
7290000103846,false,מרק אפונה עשיר בירקות סנפרוסט (572 גרם),תנובה קפואים,,,יח`,572,גרם,false,1,19.40,3.39,true,1,
7290000104188,false,שעועית אדומה מבושלת 800  גר`סנפרוסט,תנובה קפואים,,,יח`,800,גרם,false,1,21.40,2.68,true,1,
7290000104201,false,אפונה עדינה מוקפאת סנפרוסט (600 גרם),תנובה קפואים,,,יח`,600,גרם,false,1,20.90,3.48,true,1,
7290000104218,false,במיה 600  גר`סנפרוסט,תנובה קפואים,,,יח`,600,גרם,false,1,19.30,3.22,true,1,
7290000104683,false,שעועית ירוקה שלמה סנפרוסט (800 גרם),תנובה קפואים,,,יח`,800,גרם,false,1,23.40,2.93,true,1,
7290000104690,false,גרעיני תירס מוקפאים סנפרוסט (800 גרם),תנובה קפואים,,,יח`,800,גרם,false,1,18.90,2.36,true,1,
7290000104706,false,גזר גמדי מוקפא סנפרוסט (800 גרם),תנובה קפואים,,,יח`,800,גרם,false,1,20.30,2.54,true,1,
7290000104713,false,פול ירוק 800  גר`סנפרוסט,תנובה קפואים,,,יח`,800,גרם,false,1,27.50,3.44,true,1,
7290000104720,false,שעועית ירוקה חתוכה סנפרוסט (800 גרם),תנובה קפואים,,,יח`,800,גרם,false,1,21.40,2.68,true,1,
7290000104744,false,כרובית מוקפאת סנפרוסט (800 גרם),תנובה קפואים,,,יח`,800,גרם,false,1,27.60,3.45,true,1,
7290000104751,false,כרוב ניצנים סנפרוסט (800 גרם),תנובה קפואים,,,יח`,800,גרם,false,1,27.50,3.44,true,1,
7290000104768,false,עלי תרד סנפרוסט (800 גרם),תנובה קפואים,,,יח`,800,גרם,false,1,28.60,3.58,true,1,
7290000104799,false,שעועית לבנה מבושלת סנפרוסט (800 גרם),תנובה קפואים,,,יח`,800,גרם,false,1,21.40,2.68,true,1,
7290000104805,false,גרגרי חומוס מבושלים סנפרוסט (800 גרם),תנובה קפואים,,,יח`,800,גרם,false,1,21.40,2.68,true,1,
7290000104829,false,קלחוני תירס 1 קג סנפרוסט,תנובה קפואים,,,יח`,1,"ק""ג",false,1,22.50,22.50,true,1,
7290000104836,false,שעועית עדינה שלמה סנפרוסט (600 גרם),תנובה קפואים,,,יח`,600,גרם,false,1,24.40,4.07,true,1,
7290000104874,false,לקט מוקפא לקוסקוס סנפרוסט (800 גרם),תנובה קפואים,,,יח`,800,גרם,false,1,24.50,3.06,true,1,
7290000104881,false,לקט אפונה וגזר מוקפאים סנפרוסט (800 גרם),תנובה קפואים,,,יח`,800,גרם,false,1,18.30,2.29,true,1,
7290000104911,false,לקט נורמנדי מוקפא סנפרוסט (800 גרם),תנובה קפואים,,,יח`,800,גרם,false,1,17.90,2.24,true,1,
7290000107165,false,חטיף סויה אדממה סנפרוסט (400 גרם),תנובה קפואים,,,יח`,400,גרם,false,1,15.30,3.83,true,1,
7290000107189,false,תחתיות ארטישוק סנפרוסט (400 גרם),תנובה קפואים,,,יח`,400,גרם,false,1,24.40,6.10,true,1,
7290000107295,false,ברוקולי סנפרוסט (800 גרם),תנובה קפואים,,,יח`,800,גרם,false,1,27.50,3.44,true,1,
7290000107622,false,פסטה וירקות אל איטליה 800  גר`סנפרוסט,תנובה קפואים,,,יח`,800,גרם,false,1,24.50,3.06,true,1,
7290000111063,false,מיונז אמיתי תלמה (250 גרם),יוניליוור ישראל שיווק בעמ,,,יח`,250,גרם,false,1,6.50,2.60,true,1,
7290000111117,false,מרכך כביסה לבן בדין (4 ליטר),יוניליוור ישראל שיווק בעמ,,,יח`,4,1 ליטר,false,1,19.90,4.98,false,1,
7290000111186,false,מיונז אמיתי תלמה (500 גרם),יוניליוור ישראל שיווק בעמ,,,יח`,500,גרם,false,1,9.90,1.98,false,1,
7290000111353,false,מיונז אמיתי תלמה (1 קג),יוניליוור ישראל שיווק בעמ,,,יח`,1,"ק""ג",false,1,17.90,17.90,false,1,
7290000111360,false,חרדל אמיתי תלמה (250 גרם),יוניליוור ישראל שיווק בעמ,,,יח`,250,גרם,false,1,7.40,2.96,false,1,
7290000111384,false,חרדל אמיתי תלמה (550 גרם),יוניליוור ישראל שיווק בעמ,,,יח`,550,גרם,false,1,9.90,1.80,true,1,
7290000112220,false,בארכה טחינה 100% שומשום,קבוצת אסם סחר שות. מוגבלת,,,יח`,500,גרם,false,1,14.90,2.98,true,1,
7290000112497,false,מרק עשיר עוף עם אטריות קנור (68 גרם),יוניליוור ישראל שיווק בעמ,,,יח`,75,גרם,false,1,10.90,14.53,true,1,
7290000112619,false,מרק עוף אמיתי בשרי קנור (400 גרם),יוניליוור ישראל שיווק בעמ,,,יח`,400,גרם,false,1,26.50,6.63,true,1,
7290000116204,false,מרק דגש זך טעם עוף קנור (1 קג),יוניליוור ישראל שיווק בעמ,,,יח`,1,"ק""ג",false,1,18.30,18.30,false,1,
7290000116945,false,רוטב סויה קלאסי קנור (300 מל),יוניליוור ישראל שיווק בעמ,,,יח`,300,"מ""ל",false,1,13.90,4.63,true,1,
7290000117171,false,נמס בכוס מרק עוף דל קל,יוניליוור ישראל שיווק בעמ,,,יח`,46,גרם,false,1,7.50,16.30,false,1,
7290000118277,false,אבקה לקניידלך קנור (2  יח`- 130 גרם),יוניליוור ישראל שיווק בעמ,,,יח`,130,גרם,false,1,13.90,10.69,true,1,
7290000120836,false,מיונז אמיתי הלמנס (394 גרם),יוניליוור ישראל שיווק בעמ,,,יח`,433,גרם,false,1,14.20,3.28,true,1,
7290000120874,false,מיונז לייט הלמנס (424 גרם),יוניליוור ישראל שיווק בעמ,,,יח`,476,גרם,false,1,14.20,2.98,true,1,
7290000121031,false,גבינה חתול 120ג,נטו מלינדה סחר בעמ,,,יח`,120,גרם,false,1,12.20,10.17,true,1,
7290000121093,false,מון בלאן שויצרית,נטו מלינדה סחר בעמ,,,יח`,120,גרם,false,1,12.40,10.33,true,1,
7290000121109,false,מון בלאן זיתים,נטו מלינדה סחר בעמ,,,יח`,120,גרם,false,1,14,11.67,true,1,
7290000129785,false,מרכך כביסה ירוק בדין (4 ליטר),יוניליוור ישראל שיווק בעמ,,,יח`,4,1 ליטר,false,1,19.90,4.98,false,1,
7290000134147,false,מוסקט טחון 40 גר`,תבליני טעם וריח בעמ,,,יח`,40,גרם,false,1,13.90,34.75,false,1,
7290000134307,false,קינמון טחון 50 גר`,תבליני טעם וריח בעמ,,,יח`,50,גרם,false,1,6.90,13.80,false,1,
7290000134352,false,קינמון טחון 90 גר`,תבליני טעם וריח בעמ,,,יח`,90,גרם,false,1,9.90,11,true,1,
7290000134666,false,רוזמרין 15 גר`,תבליני טעם וריח בעמ,,,יח`,15,גרם,false,1,6.90,46,false,1,
7290000134826,false,זעתר מעורב 100 גר`,תבליני טעם וריח בעמ,,,יח`,100,גרם,false,1,9.90,9.90,true,1,
7290000134840,false,כורכום טחון 100 גר`,תבליני טעם וריח בעמ,,,יח`,100,גרם,false,1,9.90,9.90,true,1,
7290000134871,false,פלפל שחור טחון 100 גר`,תבליני טעם וריח בעמ,,,יח`,100,גרם,false,1,12.90,12.90,true,1,
7290000134970,false,חוואיג` 100 גר`,תבליני טעם וריח בעמ,,,יח`,100,גרם,false,1,9.90,9.90,true,1,
7290000134987,false,פלפל שחור גרוס 90 גר`,תבליני טעם וריח בעמ,,,יח`,90,גרם,false,1,12.90,14.33,true,1,
7290000135113,false,משקה אנרגיה אקסל נענע ליים ללס (250 מל,טמפו משקאות בעמ,,,יח`,250,"מ""ל",false,1,4.90,1.84,true,1,
7290000135595,false,פפסי מקס דובדבן 1.5 ליטר,טמפו משקאות בעמ,,,יח`,1500,"מ""ל",false,1,8.60,0.57,false,1,
7290000136141,false,פפסי 1.5 ליטר,טמפו משקאות בעמ,,,יח`,1.50,1 ליטר,false,1,9.90,6.40,true,1,
7290000136158,false,פפסי מקס 1.5 ליטר,טמפו משקאות בעמ,,,יח`,1.50,1 ליטר,false,1,8.90,5.73,true,1,
7290000136165,false,מירנדה 1.5 ליטר,טמפו משקאות בעמ,,,יח`,1.50,1 ליטר,false,1,9.90,6.40,true,1,
7290000136172,false,סבן אפ 1.5 ליטר,טמפו משקאות בעמ,,,יח`,1.50,1 ליטר,false,1,9.90,6.40,true,1,
7290000136240,false,סודה טמפו 1.5 ליטר,טמפו משקאות בעמ,,,יח`,1.50,1 ליטר,false,1,3,1.80,false,1,
7290000136288,false,סיידר הגליל סירופ טעם תפוחים 330 מל,טמפו משקאות בעמ,,,יח`,330,"מ""ל",false,1,15.90,4.82,true,1,
7290000136301,false,סיידר הגליל סירופ טעם ענבים 330 מל,טמפו משקאות בעמ,,,יח`,330,"מ""ל",false,1,15.90,4.82,true,1,
7290000136431,false,ג`אמפ בטעם אפרסק צלול 1.5 ליטר,טמפו משקאות בעמ,,,יח`,1.50,1 ליטר,false,1,7.50,4.80,true,1,
7290000136516,false,ג`אמפ בטעם מנגו פסיפלורה 1.5 ליטר,טמפו משקאות בעמ,,,יח`,1.50,1 ליטר,false,1,7.50,4.80,true,1,
7290000136523,false,ג`אמפ בטעם ענבים 1.5 ליטר,טמפו משקאות בעמ,,,יח`,1.50,1 ליטר,false,1,7.50,4.80,true,1,
7290000136561,false,ג`אמפ בטעם תות בננה 1.5 ליטר,טמפו משקאות בעמ,,,יח`,1.50,1 ליטר,false,1,7.50,4.80,true,1,
7290000136585,false,ג`אמפ בטעם תפוזים 1.5 ליטר,טמפו משקאות בעמ,,,יח`,1.50,1 ליטר,false,1,7.50,4.80,true,1,
7290000136608,false,ג`אמפ בטעם תפוח צלול 1.5 ליטר,טמפו משקאות בעמ,,,יח`,1.50,1 ליטר,false,1,7.50,4.80,true,1,
7290000136691,false,סבן אפ 1.5 ליטר שישייה,טמפו משקאות בעמ,,,יח`,9,1 ליטר,false,1,42.30,4.50,false,1,
7290000136752,false,סבן אפ דיאט 1.5 שישיה,טמפו משקאות בעמ,,,יח`,9,1 ליטר,false,1,37.90,4.01,false,1,
7290000136776,false,פפסי מקס 1.5 ליטר שישיה,טמפו משקאות בעמ,,,יח`,9,1 ליטר,false,1,38.90,4.12,false,1,
7290000136790,false,סודה טמפו 1.5 ליטר שישייה,טמפו משקאות בעמ,,,יח`,9,1 ליטר,false,1,18.90,1.90,true,1,
7290000136813,false,סודה בטעם אננס 1.5 ליטר רביעייה טמפו,טמפו משקאות בעמ,,,יח`,6,1 ליטר,false,1,12.90,1.95,false,1,
7290000143187,false,שמפו ומרכך לגבר הוואי (700 מל),הנקל סוד בעמ,,,יח`,700,"מ""ל",false,1,8.90,1.27,false,1,
7290000144467,false,שמן חמניות מזוכך עץ הזית (1 ליטר),סוגת תעשיות בעמ,,,יח`,1,1 ליטר,false,1,17.90,17.90,true,1,
7290000144474,false,שמן קנולה מזוכך עץ הזית (1 ליטר),סוגת תעשיות בעמ,,,יח`,1,1 ליטר,false,1,16.90,16.90,true,1,
7290000146652,false,הוואי סבון מוצק ורוד 100  גר`רביעייה,הנקל סוד בעמ,,,יח`,400,גרם,false,1,12.90,3.23,false,1,
7290000148380,false,פיסטוקים קלויים קליית גת (200 גרם),ליימן שליסל בעמ,,,יח`,200,גרם,false,1,19.90,9.95,true,1,
7290000148489,false,גרעיני דלעת שקית 200 גר`,ליימן שליסל בעמ,,,יח`,200,גרם,false,1,9.90,4.95,false,1,
7290000148618,false,קשיו מטוגן שקית 200 גר,ליימן שליסל בעמ,,,יח`,200,גרם,false,1,18.90,9.45,true,1,
7290000148748,false,גרעיני חמניה 200 גר`,ליימן שליסל בעמ,,,יח`,200,גרם,false,1,6.90,3.45,true,1,
7290000148939,false,שקדים קלויים קליית גת (200 גרם),ליימן שליסל בעמ,,,יח`,200,גרם,false,1,15.90,7.95,false,1,
7290000149615,false,סבון מוצק לתינוק נקה  (100x47 גרם),החברה הדרומית לשיווק בעמ,,,יח`,400,גרם,false,1,11.90,2.98,true,1,
7290000161358,false,מיונז אמיתי משמן קנולה תלמה (500 גרם),יוניליוור ישראל שיווק בעמ,,,יח`,500,גרם,false,1,16.30,3.26,true,1,
7290000166605,false,סיף פנטסטיק 4 ליטר כללי יסמין,יוניליוור ישראל שיווק בעמ,,,יח`,4,"ק""ג",false,1,27.50,6.88,true,1,
7290000168173,false,ברנפלקס קרנצ`ים 375  גר`בדצ,יוניליוור ישראל שיווק בעמ,,,יח`,375,גרם,false,1,24.40,6.51,true,1,
7290000169538,false,נמס בכוס עגבניות וקרוטונים,יוניליוור ישראל שיווק בעמ,,,יח`,17,גרם,false,1,7.60,44.71,true,1,
7290000174723,false,שוקולית אבקת שוקו עלית (500 גרם),שטראוס גרופ בעמ,,,יח`,500,גרם,false,1,13.20,2.64,false,1,
7290000176062,false,קפה טורקי עלית (100 גרם),שטראוס גרופ בעמ,,,יח`,100,גרם,false,1,9.10,9.10,false,1,
7290000176079,false,קפה טורקי עם הל עלית (100 גרם),שטראוס גרופ בעמ,,,יח`,100,גרם,false,1,10.90,10.90,false,1,
7290000176413,false,נס קפה קטן פח,שטראוס גרופ בעמ,,,יח`,50,גרם,false,1,10.50,21,false,1,
7290000176420,false,קפה נמס עלית (200 גרם),שטראוס גרופ בעמ,,,יח`,200,גרם,false,1,19.90,9.95,false,1,
7290000178707,false,חטיף צ`יפס בטעם טבעי תפוצ`יפס (50 גרם),שטראוס פריטו ליי בעמ,,,יח`,50,גרם,false,1,4,8,false,1,
7290000178721,false,חטיף צ`יפס בטעם טבעי תפוצ`יפס (200 גרם),שטראוס פריטו ליי בעמ,,,יח`,200,גרם,false,1,11.50,5.75,true,1,
7290000185330,false,סילאן טבעי 900 גרם,תה ויסוצקי (ישראל) בעמ,,,יח`,900,גרם,false,1,24.90,2.77,true,1,
7290000186030,false,מגבוני האגיס רביעייה עם תחליב,קימברלי קלארק ישראל שיווק בעמ,,,יח`,1,,false,1,33.90,33.90,true,1,
7290000187921,false,נייר טואלט קלאסיק לבן לילי) (32,קימברלי קלארק ישראל שיווק בעמ,,,יח`,1969,גרם,false,1,40.90,2.08,false,1,
7290000187938,false,נייר טואלט פסטל לילי 32 גלילים,קימברלי קלארק ישראל שיווק בעמ,,,יח`,1,,false,1,33.90,33.90,false,1,
7290000188591,false,מגן תחתון יאנג קוטקס) (60,קימברלי קלארק ישראל שיווק בעמ,,,יח`,1,יח`,false,1,16.90,16.90,false,1,
7290000189659,false,מטליות לחות לניקוי רצפה ניקול) (10,קימברלי קלארק ישראל שיווק בעמ,,,יח`,1,יח`,false,1,15.90,15.90,true,1,
7290000190198,false,מטליות לניקוי וחיטוי ניקול,קימברלי קלארק ישראל שיווק בעמ,,,יח`,1,,false,1,12.90,12.90,true,1,
7290000191539,false,ממחטות טישו לילי) (100x5,קימברלי קלארק ישראל שיווק בעמ,,,יח`,593,גרם,false,1,15.90,2.68,false,1,
7290000191546,false,מגבוני לילי צבעוני שלישייה,קימברלי קלארק ישראל שיווק בעמ,,,יח`,420,גרם,false,1,11.90,2.83,false,1,
7290000193083,false,תחבושות נובה-לי לילי) (28,קימברלי קלארק ישראל שיווק בעמ,,,יח`,1,,false,1,12.20,12.20,false,1,
7290000193205,false,תח`לילי נטורל לילה,קימברלי קלארק ישראל שיווק בעמ,,,יח`,1,יח`,false,1,16.90,16.90,false,1,
7290000193472,false,מגן תחתון נטורל נורמל לילי) (60,קימברלי קלארק ישראל שיווק בעמ,,,יח`,1,יח`,false,1,16.90,16.90,false,1,
7290000193649,false,תחבושות נורמל עם כנפיים לילי) (24,קימברלי קלארק ישראל שיווק בעמ,,,יח`,1,יח`,false,1,16.90,16.90,false,1,
7290000193656,false,תחבושות נטורל סופר עם כנפיים לילי) (24,קימברלי קלארק ישראל שיווק בעמ,,,יח`,1,יח`,false,1,16.90,16.90,false,1,
7290000194288,false,משטח החתלה האגיס) (10,קימברלי קלארק ישראל שיווק בעמ,,,יח`,1,,false,1,28.50,28.50,false,1,
7290000194837,false,שקיות מזון גדולות עם ידית ניקול) (200,קימברלי קלארק ישראל שיווק בעמ,,,יח`,1,,false,1,14.90,14.90,true,1,
7290000195216,false,ניקול נייר אפייה 50 דף בשקית,קימברלי קלארק ישראל שיווק בעמ,,,יח`,1,,false,1,10.90,10.90,false,1,
7290000195537,false,מגבוני האגיס דיילי קר ללא בישום 4*64,קימברלי קלארק ישראל שיווק בעמ,,,יח`,1,,false,1,21.90,21.90,true,1,
7290000195773,false,מגבוני האגיס סנסיטיב קייר ללא בישום 4*64,קימברלי קלארק ישראל שיווק בעמ,,,יח`,1,,false,1,21.90,21.90,true,1,
7290000196763,false,שקיות אשפה חזקות במיוחד 65x52 ניקול) (40,קימברלי קלארק ישראל שיווק בעמ,,,יח`,1,יח`,false,1,29.90,29.90,true,1,
7290000197029,false,שקיות  ריצ`רץ`רב תכליתיות ניקול) (12,קימברלי קלארק ישראל שיווק בעמ,,,יח`,12,יח`,false,1,15.90,1.33,false,1,
7290000197081,false,ניילון נצמד ניקול 150 מטר סליידר,קימברלי קלארק ישראל שיווק בעמ,,,יח`,150,,false,1,39.90,0.27,true,1,
7290000197425,false,חיתולי פרידום דריי שלב 3 האגיס) (52,קימברלי קלארק ישראל שיווק בעמ,,,יח`,1,,false,1,43.90,43.90,true,1,
7290000197456,false,חיתולי פרידום דריי שלב 4 האגיס) (44,קימברלי קלארק ישראל שיווק בעמ,,,יח`,1,,false,1,43.90,43.90,true,1,
7290000197463,false,חיתולי פרידום דריי שלב +4 האגיס) (40,קימברלי קלארק ישראל שיווק בעמ,,,יח`,1,,false,1,43.90,43.90,true,1,
7290000197470,false,שקיות רב שימושיות ניקול) (250,קימברלי קלארק ישראל שיווק בעמ,,,יח`,200,יח`,false,1,15.90,0.08,false,1,
7290000197548,false,חיתולי פרידום דריי שלב 5 האגיס) (36,קימברלי קלארק ישראל שיווק בעמ,,,יח`,1,,false,1,43.90,43.90,true,1,
7290000197678,false,חיתולי פרידום דריי שלב 6 האגיס) (30,קימברלי קלארק ישראל שיווק בעמ,,,יח`,1,,false,1,43.90,43.90,true,1,
7290000197753,false,זוג ניילון נצמד ניקול (30x2 מטר),קימברלי קלארק ישראל שיווק בעמ,,,יח`,1,יח`,false,1,14.90,14.90,true,1,
7290000201818,false,טיטולי פרימיום שלב  (522יח),קימברלי קלארק ישראל שיווק בעמ,,,יח`,1,,false,1,40.70,40.70,true,1,
7290000201832,false,חיתולי פרימיום שלב 3 טיטולים) (50,קימברלי קלארק ישראל שיווק בעמ,,,יח`,1,,false,1,40.70,40.70,true,1,
7290000201849,false,חיתולי פרימיום שלב 4 טיטולים) (40,קימברלי קלארק ישראל שיווק בעמ,,,יח`,1,,false,1,40.70,40.70,true,1,
7290000201856,false,חיתולי פרימיום שלב 4+ טיטולים) (38,קימברלי קלארק ישראל שיווק בעמ,,,יח`,1,,false,1,40.70,40.70,true,1,
7290000201863,false,חיתולי פרימיום שלב 5 טיטולים) (34,קימברלי קלארק ישראל שיווק בעמ,,,יח`,1,,false,1,40.70,40.70,true,1,
7290000201870,false,חיתולי פרימיום שלב 6 טיטולים) (30,קימברלי קלארק ישראל שיווק בעמ,,,יח`,1,,false,1,40.70,40.70,true,1,
7290000204086,false,כריות קרצוף סקוטש ניקול) (3,קימברלי קלארק ישראל שיווק בעמ,,,יח`,3,יח`,false,1,13.90,4.63,true,1,
7290000204147,false,כרית יפנית רביעייה ניקול,קימברלי קלארק ישראל שיווק בעמ,,,יח`,4,יח`,false,1,13.90,3.48,true,1,
7290000204215,false,כריות יפניות ניקול) (6,קימברלי קלארק ישראל שיווק בעמ,,,יח`,600,גרם,false,1,13.90,2.32,true,1,
7290000204239,false,ניקול מטליות רצפה רביעיה,קימברלי קלארק ישראל שיווק בעמ,,,יח`,4,יח`,false,1,14.90,3.73,true,1,
7290000204512,false,מטליות לחות לרצפה בריח לימון 10 יח,קימברלי קלארק ישראל שיווק בעמ,,,יח`,1,,false,1,15.90,15.90,true,1,
7290000204611,false,ספוגית הקסם המקורית ניקול) (6,קימברלי קלארק ישראל שיווק בעמ,,,יח`,6,יח`,false,1,12.90,2.15,true,1,
7290000205915,false,האגיס חיתולי אקסטרה קר 40 יח,קימברלי קלארק ישראל שיווק בעמ,,,יח`,1,,false,1,46.90,46.90,false,1,
7290000207063,false,רוטב עגבניות 240  גר`פריכוז יכין,זנלכל בעמ,,,יח`,240,גרם,false,1,5.90,2.46,false,1,
7290000207162,false,רוטב עגבניות 22% יכין (100 גרם),זנלכל בעמ,,,יח`,100,גרם,false,1,3.50,3.50,true,1,
7290000208008,false,חריסה יכין A2,זנלכל בעמ,,,יח`,570,גרם,false,1,10.50,1.84,false,1,
7290000208022,false,עגבניות מרוסקות יכין (800 גרם),זנלכל בעמ,,,יח`,800,גרם,false,1,10.90,1.36,false,1,
7290000208077,false,אפונת גינה גדולה יכין (550 גרם),זנלכל בעמ,,,יח`,550,גרם,false,1,9.50,1.73,true,1,
7290000208114,false,אפונת גינה וגזר יכין (550 גרם),זנלכל בעמ,,,יח`,550,גרם,false,1,9.50,1.73,true,1,
7290000208138,false,סירופ דיאט בטעם ענבים יכין (1 ליטר),זנלכל בעמ,,,יח`,1000,"מ""ל",false,1,17.90,1.79,false,1,
7290000208145,false,תירס לייט יכין (550 גרם),זנלכל בעמ,,,יח`,550,גרם,false,1,10.90,1.98,false,1,
7290000208213,false,שעועית לבנה ברוטב עגבניות יכין (580 גרם),זנלכל בעמ,,,יח`,580,גרם,false,1,10.50,1.81,true,1,
7290000208220,false,שעועית צ`ילי מקסיקני חריף יכין (550 גרם),זנלכל בעמ,,,יח`,580,גרם,false,1,11.50,1.98,false,1,
7290000208312,false,גרעיני תירס מתוק יכין,זנלכל בעמ,,,יח`,400,גרם,false,1,7.50,1.88,true,1,
7290000208329,false,גרעיני תירס מתוק יכין (550 גרם),זנלכל בעמ,,,יח`,550,גרם,false,1,9.50,1.73,true,1,
7290000208336,false,רוטב עגבניות 22% יכין (240 גרם),זנלכל בעמ,,,יח`,240,גרם,false,1,5.50,2.29,true,1,
7290000208404,false,פול מצרי יכין (550 גרם),זנלכל בעמ,,,יח`,550,גרם,false,1,10.50,1.91,false,1,
7290000208428,false,חומוס שלם יכין (550 גרם),זנלכל בעמ,,,יח`,550,גרם,false,1,10.50,1.91,true,1,
7290000208459,false,ירקות מעורבים יכין (550 גרם),זנלכל בעמ,,,יח`,550,גרם,false,1,10.90,1.98,false,1,
7290000208480,false,תירס בטעם חמאה יכין A2,זנלכל בעמ,,,יח`,550,גרם,false,1,10.90,1.98,false,1,
7290000208534,false,תירס קיד גרעיני תירס מתוק יכין (550 גרם),זנלכל בעמ,,,יח`,550,גרם,false,1,10.90,1.98,false,1,
7290000208800,false,תירס קיד גרעיני תירס מתוק יכין (400 גרם),זנלכל בעמ,,,יח`,340,גרם,false,1,7.50,2.21,false,1,
7290000208855,false,רוטב לפסטה קלאסי יכין (240 גרם),זנלכל בעמ,,,יח`,240,גרם,false,1,6.50,2.71,false,1,
7290000208893,false,תירס לייט יכין (400 גרם),זנלכל בעמ,,,יח`,340,גרם,false,1,7.50,2.21,true,1,
7290000208930,false,עגבניות מרוסקות עם שום יכין (240 גרם),זנלכל בעמ,,,יח`,240,גרם,false,1,6.50,2.71,false,1,
7290000208947,false,עגבניות מרוסקות יכין (240 גרם),זנלכל בעמ,,,יח`,240,גרם,false,1,6.50,2.71,false,1,
7290000208978,false,רוטב עגבניות  (10028%  גרם)פריכוז יכין,זנלכל בעמ,,,יח`,100,גרם,false,1,4.10,4.10,false,1,
7290000209012,false,חומץ 5% יכין (1 ליטר),זנלכל בעמ,,,יח`,1,1 ליטר,false,1,7.90,7.90,true,1,
7290000209043,false,מיץ לימון משומר לתיבול יכין (1 ליטר),זנלכל בעמ,,,יח`,1,1 ליטר,false,1,8.50,8.50,true,1,
7290000209371,false,מארז גרעיני תירס מתוק יכין (200x3 גרם),זנלכל בעמ,,,יח`,600,גרם,false,1,15.90,2.65,false,1,
7290000209388,false,תירס לייט שלשות OZ6,זנלכל בעמ,,,יח`,165,גרם,false,1,15.90,9.64,false,1,
7290000209524,false,סירופ דיאט בטעם פטל יכין (1 ליטר),זנלכל בעמ,,,יח`,1000,"מ""ל",false,1,17.90,1.79,false,1,
7290000209722,false,רוטב עגבניות 28% יכין (580  גרם)פריכוז,זנלכל בעמ,,,יח`,580,גרם,false,1,11.90,2.05,false,1,
7290000209906,false,עגבניות מרוסקות בצל 240  גר`יכין,זנלכל בעמ,,,יח`,240,גרם,false,1,6.50,2.71,false,1,
7290000209944,false,רוטב מתובל לשקשוקה יכין (240 גרם),זנלכל בעמ,,,יח`,240,גרם,false,1,6.50,2.71,false,1,
7290000209951,false,רוטב לפיצה יכין (240 גרם),זנלכל בעמ,,,יח`,240,גרם,false,1,6.50,2.71,false,1,
7290000210469,false,עגבניות שלמות מקולפות יכין (800 גרם),זנלכל בעמ,,,יח`,800,גרם,false,1,10.90,1.36,false,1,
7290000211169,false,אורז בסגנון תאילנדי סוגת (1 קג),סוגת תעשיות בעמ,,,יח`,1,"ק""ג",false,1,7.90,7.90,true,1,
7290000211381,false,סוכר חום שקית 1 קג סוגת,סוגת תעשיות בעמ,,,יח`,1,"ק""ג",false,1,15.90,15.90,false,1,
7290000211442,false,אורז בסגנון פרסי קלאסי סוגת (1 קג),סוגת תעשיות בעמ,,,יח`,1,"ק""ג",false,1,10.90,10.90,false,1,
7290000211503,false,סוכר לבן סוגת (1 קג),סוגת תעשיות בעמ,,,יח`,1,"ק""ג",false,1,4,4,false,1,
7290000211985,false,אורז ריזוטו עגול סוגת (1 קג),סוגת תעשיות בעמ,,,יח`,1,"ק""ג",false,1,11.50,11.50,false,1,
7290000238029,false,בצק עלים מרודד מעדנות (1 קג),תנובה קפואים,,,יח`,1000,גרם,false,1,24.40,2.44,false,1,
7290000238036,false,מלווח מעדנות (6 יח` - 700 גרם),תנובה קפואים,,,יח`,700,גרם,false,1,18.30,2.61,false,1,
7290000238173,false,בורקס גבינה מעדנות,תנובה קפואים,,,יח`,800,גרם,false,1,24.80,3.10,false,1,
7290000238180,false,בורקס תפוא מעדנות,תנובה קפואים,,,יח`,800,גרם,false,1,21.40,2.68,false,1,
7290000244761,false,קרם ידיים ולוטה (80 גרם),הנקל סוד בעמ,,,יח`,80,"מ""ל",false,1,12.20,15.25,true,1,
7290000245072,false,מרכך כביסה בייבי סוד (4 ליטר),גורי שיווק בעמ,,,יח`,4,1 ליטר,false,1,17.90,4.48,false,1,
7290000245089,false,מרכך כביסה סוד סופט 4 ליטר סגול,גורי שיווק בעמ,,,יח`,4,1 ליטר,false,1,17.90,4.48,false,1,
7290000245270,false,אבקת כביסה פרסיל 1.250 קג`,גורי שיווק בעמ,,,יח`,1.25,"ק""ג",false,1,16.30,13.04,false,1,
7290000253220,false,שוקולדצ`יפס לאפייה 260  גר`אופנהיימר,תה ויסוצקי (ישראל) בעמ,,,יח`,260,גרם,false,1,12.90,4.96,false,1,
7290000253251,false,אופניימר שוקו ציפס לבן 250 גר,תה ויסוצקי (ישראל) בעמ,,,יח`,250,גרם,false,1,12.90,5.16,false,1,
7290000262239,false,נייר טואלט לב מולט) (48,קימברלי קלארק ישראל שיווק בעמ,,,יח`,2770,גרם,false,1,41.90,1.51,false,1,
7290000262413,false,האגיס חיתולי אקסטרה קר מידה 5 34,קימברלי קלארק ישראל שיווק בעמ,,,יח`,1,,false,1,46.90,46.90,false,1,
7290000263359,false,חיתולי ליטל בייביס שלב 1 האגיס) (40,קימברלי קלארק ישראל שיווק בעמ,,,יח`,1,,false,1,35.60,35.60,false,1,
7290000267029,false,שקד מולבן חצוי 100 גר`,דין שיווק וקליה 2021 בעמ,,,יח`,100,גרם,false,1,10.90,10.90,true,1,
7290000267036,false,שקד מולבן משובב 100 גר`,דין שיווק וקליה 2021 בעמ,,,יח`,100,גרם,false,1,10.90,10.90,true,1,
7290000272726,false,חומץ 5% עסיס (1 ליטר),קבוצת אסם סחר שות. מוגבלת,,,יח`,1,1 ליטר,false,1,8.40,8.40,false,1,
7290000286228,false,כרית יפנית סנו סושי) (6,החברה הדרומית לשיווק בעמ,,,יח`,6,יח`,false,1,12.90,2.15,true,1,
7290000286297,false,אנטי קאלק מסיר אבן מקומקום,החברה הדרומית לשיווק בעמ,,,יח`,700,"מ""ל",false,1,10.90,1.56,true,1,
7290000286594,false,סנו X לימון במיכל,החברה הדרומית לשיווק בעמ,,,יח`,600,גרם,false,1,10.90,1.82,false,1,
7290000286761,false,ניילון נצמד סנו סושי (30x2 מטר),החברה הדרומית לשיווק בעמ,,,יח`,1,,false,1,12.90,12.90,true,1,
7290000286921,false,קל רסס וכבס סנו (750 מל),החברה הדרומית לשיווק בעמ,,,יח`,750,"מ""ל",false,1,13.90,1.85,true,1,
7290000287102,false,שמפו שטיחים ספריי סנו (600 מל),החברה הדרומית לשיווק בעמ,,,יח`,600,"מ""ל",false,1,20.90,3.48,true,1,
7290000287409,false,סנובון תות לאסלה סנו (55x3 גרם),החברה הדרומית לשיווק בעמ,,,יח`,165,גרם,false,1,12.90,7.82,true,1,
7290000287430,false,סנובון לאסלה לימון סנו (55x3 גרם),החברה הדרומית לשיווק בעמ,,,יח`,165,גרם,false,1,12.90,7.82,true,1,
7290000287621,false,אנטי קאלק לאסלה 750 מל,החברה הדרומית לשיווק בעמ,,,יח`,750,"מ""ל",false,1,12.90,1.72,true,1,
7290000288024,false,אקונומיקה ז`אוול לימון סנו (4 ליטר),החברה הדרומית לשיווק בעמ,,,יח`,4000,"מ""ל",false,1,17.90,0.45,false,1,
7290000288031,false,אקונומיקה כחולה סנו (4 ליטר),החברה הדרומית לשיווק בעמ,,,יח`,4,1 ליטר,false,1,12.20,3.05,false,1,
7290000288048,false,ז`אוול מרסס לניקוי כללי לבנדר סנו (1 ליט,החברה הדרומית לשיווק בעמ,,,יח`,1,1 ליטר,false,1,19.90,19.90,true,1,
7290000288079,false,לימון 2 ליטר JAVEL אקונומיקה,החברה הדרומית לשיווק בעמ,,,יח`,2,1 ליטר,false,1,10.90,5.45,true,1,
7290000288253,false,קוטל מעופפים קיי 400 סנו (630 מל),החברה הדרומית לשיווק בעמ,,,יח`,630,"מ""ל",false,1,25.90,4.11,true,1,
7290000288642,false,סנו מקסימה4 ליטר ורוד פסים,החברה הדרומית לשיווק בעמ,,,יח`,4,1 ליטר,false,1,22.40,5.60,true,1,
7290000289069,false,סנו ז`אוול מרסס 1 ליטר,החברה הדרומית לשיווק בעמ,,,יח`,1,1 ליטר,false,1,19.90,19.90,true,1,
7290000289380,false,ז`אוול מונטבלאן ג`ל לאסלות סנו (750 מל),החברה הדרומית לשיווק בעמ,,,יח`,750,"מ""ל",false,1,11.90,1.59,false,1,
7290000289472,false,סושי שקיות אשפה גדולות 50 יח`,החברה הדרומית לשיווק בעמ,,,יח`,1,,false,1,18.90,18.90,false,1,
7290000289748,false,מסיר שומנים פורטה פלוס סנו (750 מל),החברה הדרומית לשיווק בעמ,,,יח`,750,"מ""ל",false,1,14.90,1.99,true,1,
7290000292311,false,פוליויקס 2 ליטר,החברה הדרומית לשיווק בעמ,,,יח`,2,1 ליטר,false,1,21.90,10.95,true,1,
7290000292557,false,סנומט דוחה יתושים מילוי סנו) (45,החברה הדרומית לשיווק בעמ,,,יח`,1,,false,1,20.90,20.90,true,1,
7290000293073,false,סנו מקסימה4 ליטר לבן,החברה הדרומית לשיווק בעמ,,,יח`,4,1 ליטר,false,1,22.40,5.60,true,1,
7290000293943,false,אנטי קלאק מרסס  ברזים/כיורים,החברה הדרומית לשיווק בעמ,,,יח`,1,1 ליטר,false,1,20.90,20.90,true,1,
7290000294773,false,אקונומיקה ז`אוול לבנדר סנו (4 ליטר),החברה הדרומית לשיווק בעמ,,,יח`,4000,"מ""ל",false,1,17.90,0.45,false,1,
7290000294780,false,אקונומיקה ז`אוול סמיכה סנו (4 ליטר),החברה הדרומית לשיווק בעמ,,,יח`,4000,"מ""ל",false,1,17.90,0.45,false,1,
7290000295121,false,מטלית ריצפה זיגזג סנו סושי) (3,החברה הדרומית לשיווק בעמ,,,יח`,1,,false,1,10.90,10.90,true,1,
7290000295299,false,כרית יפנית לכלים אקטיב סנו סושי) (4,החברה הדרומית לשיווק בעמ,,,יח`,1,,false,1,10.90,10.90,true,1,
7290000295343,false,סנו מקסימה 1.25 קג`,החברה הדרומית לשיווק בעמ,,,יח`,1.25,"ק""ג",false,1,14.90,11.92,true,1,
7290000295404,false,שקיות אשפה לפח 65x54 סנו סושי) (60,החברה הדרומית לשיווק בעמ,,,יח`,1,,false,1,23.90,23.90,true,1,
7290000295503,false,שקיות סנדביצ`ים סנו סושי) (150x2,החברה הדרומית לשיווק בעמ,,,יח`,1,,false,1,15.90,15.90,false,1,
7290000295541,false,רב מגבת ג`מבו סנו סושי,החברה הדרומית לשיווק בעמ,,,יח`,390,גרם,false,1,20.90,5.36,true,1,
7290000295558,false,סושי רדיד אלומיניום צמד,החברה הדרומית לשיווק בעמ,,,יח`,1,,false,1,12.90,12.90,true,1,
7290000295565,false,סנו  סושי- רדיד אלומיניום צמד 7.5*45,החברה הדרומית לשיווק בעמ,,,יח`,1,,false,1,18.90,18.90,true,1,
7290000295794,false,ספוגיות אל חלד סנו) (3,החברה הדרומית לשיווק בעמ,,,יח`,1,,false,1,10.90,10.90,true,1,
7290000300900,false,טבעול-שניצל תירס 750 גרם,קבוצת אסם סחר שות. מוגבלת,,,יח`,750,גרם,false,1,25.40,3.39,false,1,
7290000303598,false,שעועית לבנה אפויה 570  גר`פרי גליל,ויטה -פרי גליל (החדשה) בעמ,,,יח`,570,גרם,false,1,6.90,1.21,false,1,
7290000305882,false,קוליאס 120גרם,סטארקיסט דיפלומט היינץ,,,יח`,120,גרם,false,1,7.10,5.92,false,1,
7290000307343,false,שעועית ירוקה 550גר,ויטה -פרי גליל (החדשה) בעמ,,,יח`,550,גרם,false,1,6.90,1.25,false,1,
7290000311128,false,עוגיות מובחרות בטעם חמאה מן (300 גרם),רוקחמן בעמ,,,יח`,300,גרם,false,1,8.90,2.97,false,1,
7290000311180,false,וופל עשיריות 25*10 מן,רוקחמן בעמ,,,יח`,250,גרם,false,1,8.40,3.36,false,1,
7290000311203,false,וופל שוקולד מן (200 גרם),רוקחמן בעמ,,,יח`,200,גרם,false,1,5.50,2.75,false,1,
7290000311210,false,וופלים לימון מן (200 גרם),רוקחמן בעמ,,,יח`,200,גרם,false,1,5.50,2.75,false,1,
7290000311227,false,וופלים 200  גר`קפה מן,רוקחמן בעמ,,,יח`,200,גרם,false,1,5.50,2.75,false,1,
7290000311234,false,וופל 200  גר`וניל מן,רוקחמן בעמ,,,יח`,200,גרם,false,1,5.50,2.75,false,1,
7290000311258,false,ופל מן מצופה 250 גר מן,רוקחמן בעמ,,,יח`,250,גרם,false,1,6.90,2.76,true,1,
7290000311319,false,וופלים מצופים מן (1 קג),רוקחמן בעמ,,,יח`,1,"ק""ג",false,1,26.90,26.90,false,1,
7290000311357,false,וופל אגוזית 10יח*28גר מן,רוקחמן בעמ,,,יח`,280,גרם,false,1,12.90,4.61,false,1,
7290000311364,false,וופל בטעם שוקולד 10יח*21גר מן,רוקחמן בעמ,,,יח`,210,גרם,false,1,8.40,4,false,1,
7290000311425,false,ופלים מצופים מן (22x10 גרם),רוקחמן בעמ,,,יח`,200,גרם,false,1,9.90,4.95,false,1,
7290000311470,false,מינימן בטעם שוקולד ללא ת.סוכר,רוקחמן בעמ,,,יח`,200,גרם,false,1,10.90,5.45,false,1,
7290000311517,false,וופלים 500 גר לימון מן,רוקחמן בעמ,,,יח`,500,גרם,false,1,10.90,2.18,false,1,
7290000311708,false,עוגיות חיטה מלאה מן (300 גרם),רוקחמן בעמ,,,יח`,300,גרם,false,1,8.90,2.97,false,1,
7290000311715,false,עוגיות כוכבים בטעם שוקולד מן (300 גרם),רוקחמן בעמ,,,יח`,300,גרם,false,1,8.90,2.97,false,1,
7290000311722,false,עוגיות בטעם וניל 300  גר`מן,רוקחמן בעמ,,,יח`,300,גרם,false,1,8.90,2.97,false,1,
7290000311746,false,עוגיות בטעם קרמל מן (300 גרם),רוקחמן בעמ,,,יח`,300,גרם,false,1,8.90,2.97,false,1,
7290000311869,false,מן ופלים ללתס בטעם שוקולד,רוקחמן בעמ,,,יח`,180,גרם,false,1,9.50,5.28,false,1,
7290000311883,false,מן עוגיות גרנולה ללתס 200 גר`,רוקחמן בעמ,,,יח`,200,גרם,false,1,10.90,5.45,false,1,
7290000313160,false,חברים זהבה 3 דובים שוקו,קבוצת אסם סחר שות. מוגבלת,,,יח`,250,גרם,false,1,8.90,3.56,false,1,
7290000313290,false,נודלס אטריות מסולסלות אסם (50x4 גרם),קבוצת אסם סחר שות. מוגבלת,,,יח`,200,גרם,false,1,9.90,4.95,false,1,
7290000315133,false,ציר בקר קנור (300 גרם),יוניליוור ישראל שיווק בעמ,,,יח`,300,גרם,false,1,27.50,9.17,true,1,
7290000334745,false,אמריקן צ`יפס תפוגן (1.5 קג),קבוצת אסם סחר שות. מוגבלת,,,יח`,1.50,"ק""ג",false,1,25.90,17.27,false,1,
7290000339191,false,רן אבקת הלבנה,יוניליוור ישראל שיווק בעמ,,,יח`,350,גרם,false,1,19.90,5.69,true,1,
7290000345284,false,תה קלאסיק ויסוצקי) (100,תה ויסוצקי (ישראל) בעמ,,,יח`,150,גרם,false,1,17.30,11.53,false,1,
7290000345291,false,תה ארל גריי ויסוצקי) (25,תה ויסוצקי (ישראל) בעמ,,,יח`,37.50,גרם,false,1,17.30,46.13,true,1,
7290000345307,false,תה ארל גריי ויסוצקי (50),תה ויסוצקי (ישראל) בעמ,,,יח`,75,גרם,false,1,27.90,37.20,false,1,
7290000346120,false,תה קסם הקינמון ויסוצקי הגן הקסום) (25,תה ויסוצקי (ישראל) בעמ,,,יח`,62.50,גרם,false,1,17.90,28.64,true,1,
7290000346137,false,תה הילולי פירות ויסוצקי הגן הקסום) (25,תה ויסוצקי (ישראל) בעמ,,,יח`,62.50,גרם,false,1,17.90,28.64,true,1,
7290000346168,false,תה שומר ויסוצקי הגן הקסום) (25,תה ויסוצקי (ישראל) בעמ,,,יח`,37.50,גרם,false,1,17.90,47.73,true,1,
7290000346199,false,תה פירות היער ויסוצקי הגן הקסום) (25,תה ויסוצקי (ישראל) בעמ,,,יח`,67.50,גרם,false,1,17.90,26.52,true,1,
7290000346205,false,תה קמומיל ויסוצקי הגן הקסום) (25,תה ויסוצקי (ישראל) בעמ,,,יח`,37.50,גרם,false,1,17.90,47.73,true,1,
7290000347738,false,תה ירוק נענע ויסוצקי (25),תה ויסוצקי (ישראל) בעמ,,,יח`,37.50,גרם,false,1,27.90,74.40,true,1,
7290000347752,false,תה ירוק לימונית ולואיזה ויסוצקי (25),תה ויסוצקי (ישראל) בעמ,,,יח`,1,,false,1,27.90,27.90,true,1,
7290000363899,false,נקניקיות פיקנטיות 400  גר`טירת צבי,תנובה קפואים,,,יח`,400,גרם,false,1,15.20,3.80,true,1,
7290000364261,false,סלסולי כתף בקר 120  גר`טירת צבי,תנובה קפואים,,,יח`,120,גרם,false,1,17.30,14.42,true,1,
7290000364278,false,סלסולי סלמי איטלקי 120  גר`טירת צבי,תנובה קפואים,,,יח`,120,גרם,false,1,17.30,14.42,true,1,
7290000364285,false,דקניקים סלסולי הודו טירת צבי (120 גרם),תנובה קפואים,,,יח`,120,גרם,false,1,17.30,14.42,true,1,
7290000364292,false,סלסולי פסטרמה גחלים 120  גר`טירת צבי,תנובה קפואים,,,יח`,120,גרם,false,1,17.30,14.42,true,1,
7290000364803,false,נקניקיות קרנץ אמריקאי 500  גר`טירת צבי,תנובה קפואים,,,יח`,500,גרם,false,1,30.50,6.10,false,1,
7290000364858,false,נקניקיות עוף טירת צבי (1 קג),תנובה קפואים,,,יח`,1,"ק""ג",false,1,23.90,23.90,true,1,
7290000364872,false,נקניקיות עוף טירת צבי (400 גרם),תנובה קפואים,,,יח`,400,גרם,false,1,15.20,3.80,true,1,
7290000367590,false,צמד כפרי 800  גר`טירת צבי,תנובה קפואים,,,יח`,800,גרם,false,1,37.70,4.71,true,1,
7290000377209,false,בוטנים מטוגנים קליית גת (200 גרם),ליימן שליסל בעמ,,,יח`,200,גרם,false,1,7.90,3.95,false,1,
7290000377445,false,נאש צ אנס שקית 200 גר,ליימן שליסל בעמ,,,יח`,200,גרם,false,1,8.90,4.45,true,1,
7290000377452,false,גרעיני אבטיח 200  גר`גת,ליימן שליסל בעמ,,,יח`,200,גרם,false,1,11.90,5.95,false,1,
7290000379432,false,לחמניה אנג`ל,שלמה א. אנג`ל בעמ,,,יח`,75,גרם,false,1,2.10,2.80,false,1,
7290000379623,false,לחם שחור פיקוח,שלמה א. אנג`ל בעמ,,,יח`,750,גרם,false,1,4.40,0.59,false,1,
7290000408316,false,יוגורט ביו 3% דנונה (200 גרם),שטראוס גרופ בעמ/מצונן,,,יח`,200,"מ""ל",false,1,3.70,1.85,false,1,
7290000412481,false,נוזל לניקוי אסלות 00 סנו (1 ליטר),החברה הדרומית לשיווק בעמ,,,יח`,1,1 ליטר,false,1,8.90,8.90,true,1,
7290000416021,false,ממרח בטעם שוקולד השחר העולה (500 גרם),השחר העולה תעשית ממתקים בעמ,,,יח`,500,גרם,false,1,14.90,2.98,true,1,
7290000416045,false,ממרח בטעם שוקולד השחר העולה (1 קג),השחר העולה תעשית ממתקים בעמ,,,יח`,1,"ק""ג",false,1,25.90,25.90,true,1,
7290000416076,false,צימקאו השחר העולה (400 גרם),השחר העולה תעשית ממתקים בעמ,,,יח`,400,גרם,false,1,13.50,3.38,true,1,
7290000416618,false,ממרח 400  גר`פרווה השחר,השחר העולה תעשית ממתקים בעמ,,,יח`,400,גרם,false,1,12.90,3.23,true,1,
7290000416632,false,ממרח פרווה 1  קג`השחר,השחר העולה תעשית ממתקים בעמ,,,יח`,1,"ק""ג",false,1,25.90,25.90,true,1,
7290000416809,false,ממרח חצי חצי 350  גר`השחר,השחר העולה תעשית ממתקים בעמ,,,יח`,350,גרם,false,1,12.90,3.69,true,1,
7290000419220,false,קפה שחור קפה לנדוור (100x3 גרם),ש.שסטוביץ בעמ,,,יח`,300,גרם,false,1,19.90,6.63,false,1,
7290000419374,false,קפה לנדוור לבוקר שלישיה,ש.שסטוביץ בעמ,,,יח`,300,גרם,false,1,19.90,6.63,false,1,
7290000420325,false,פופקורן פופסטאר חמישייה טבעי,דנשר (1963) בעמ,,,יח`,500,גרם,false,1,18.50,3.70,true,1,
7290000420332,false,פופקורן פופסטאר חמישייה חמאה,דנשר (1963) בעמ,,,יח`,500,גרם,false,1,18.50,3.70,true,1,
7290000420417,false,גלילונית לפח 60 יח`,דנשר (1963) בעמ,,,יח`,1,,false,1,20.30,20.30,true,1,
7290000446547,false,חמאת בוטנים טבעית בי   די (350 גרם),בטר אנד דיפרנט בעמ,,,יח`,350,גרם,false,1,14.90,4.26,false,1,
7290000446554,false,חמאת בוטנים טבעית בי   די (1 קג),בטר אנד דיפרנט בעמ,,,יח`,510,גרם,false,1,27.90,5.47,false,1,
7290000446776,false,אורז תפוח קל ללא סוכר בי   די (500 גרם),בטר אנד דיפרנט בעמ,,,יח`,500,גרם,false,1,19.90,3.98,false,1,
7290000450209,false,נתחי טונה בהירה בשמן פוסידון (108 גרם),נטו מלינדה סחר בעמ,,,יח`,108,גרם,false,1,7,6.48,false,1,
7290000453125,false,שמרים טריים ומשפר אפיה שמרית (50x2 גרם),שטראוס גרופ בעמ/מצונן,,,יח`,100,גרם,false,1,7.90,7.90,false,1,
7290000453415,false,בצק עלים מצונן ומוכן לאפייה 300  גר`שימר,שטראוס גרופ בעמ/מצונן,,,יח`,300,גרם,false,1,17.90,5.97,false,1,
7290000453422,false,בצק פילו מוכן לאפייה 300  גר`שימרית,שטראוס גרופ בעמ/מצונן,,,יח`,300,גרם,false,1,17.90,5.97,false,1,
7290000461625,false,בייגלה שמונה שמונה 400 גר`,יוניליוור ישראל שיווק בעמ,,,יח`,400,גרם,false,1,11.50,2.88,true,1,
7290000461656,false,בייגלה אחד אחד 400 גר`,יוניליוור ישראל שיווק בעמ,,,יח`,400,גרם,false,1,11.50,2.88,true,1,
7290000461724,false,גדול גדול שומשום,יוניליוור ישראל שיווק בעמ,,,יח`,400,גרם,false,1,15.20,3.80,true,1,
7290000462103,false,סחוג תימני,שטראוס גרופ בעמ/מצונן,,,יח`,150,גרם,false,1,8.90,5.93,false,1,
7290000474090,false,חלב 1% בקרטון טרה (1  ליטר)פ,החב` המרכזית - טרה,,,יח`,1,1 ליטר,false,1,5.86,5.86,false,1,
7290000474373,false,שמנת חמוצה 15% טרה (200 מל),החב` המרכזית - טרה,,,יח`,200,"מ""ל",false,1,2.40,1.20,false,1,
7290000474502,false,גבינה לבנה 5% 250  גר`פיקוח,החב` המרכזית - טרה,,,יח`,250,גרם,false,1,4.98,1.99,false,1,
7290000474540,false,גבינת טוב טעם,החב` המרכזית - טרה,,,יח`,250,גרם,false,1,11.50,4.60,false,1,
7290000480107,false,שיבולת שועל קוואקר (500 גרם),שטראוס פריטו ליי בעמ,,,יח`,500,גרם,false,1,11.90,2.38,false,1,
7290000481029,false,10 פיתות בטעם ביתי דגנית עין בר,דגנית עין בר תעשיות מזון ואפיה,,,יח`,1000,גרם,false,1,9.90,0.99,false,1,
7290000481074,false,לחם טריו 750  גר`דגנית עין בר,דגנית עין בר תעשיות מזון ואפיה,,,יח`,750,גרם,false,1,15.90,2.12,false,1,
7290000481197,false,לחם מחמצת גרעינים ושיבולת שועל,דגנית עין בר תעשיות מזון ואפיה,,,יח`,550,גרם,false,1,17.90,3.25,false,1,
7290000481517,false,שתי פוקצ`ות עם שמן זית זעתר ושומשום,דגנית עין בר תעשיות מזון ואפיה,,,יח`,320,גרם,false,1,11.90,3.72,false,1,
7290000481531,false,לחמניות חיטה מלאה דגנית עין בר) (10,דגנית עין בר תעשיות מזון ואפיה,,,יח`,750,גרם,false,1,12.90,1.72,false,1,
7290000481883,false,לחמניות אצבע דגנית עין בר) (10,דגנית עין בר תעשיות מזון ואפיה,,,יח`,750,גרם,false,1,12.90,1.72,false,1,
7290000482033,false,קוקי ענק שקיות צליה 5 יח,ש.שסטוביץ בעמ,,,יח`,1,,false,1,14.20,14.20,true,1,
7290000484747,false,עלית הארק יקב הגליל (700 מל),יקב הגליל שיווק בעמ,,,יח`,700,"מ""ל",false,1,59.90,8.51,false,1,
7290000490601,false,מאגדת מצופה דיאט שמינייה,פלקו בעמ,,,יח`,400,גרם,false,1,31.90,7.98,false,1,
7290000490625,false,מאגדת שלגונים ציפוי שוקו 8יח,פלקו בעמ,,,יח`,1,,false,1,26.50,26.50,false,1,
7290000490717,false,מאגדת גלית 8 יח`,פלקו בעמ,,,יח`,1,,false,1,22.90,22.90,false,1,
7290000490762,false,מאגדת מצופה דיאט שמינייה,פלקו בעמ,,,יח`,400,גרם,false,1,30.90,7.73,false,1,
7290000493176,false,רוטב צלי אסם (22 גרם),קבוצת אסם סחר שות. מוגבלת,,,יח`,22,גרם,false,1,6.10,27.73,false,1,
7290000493183,false,רוטב פטריות אסם (30 גרם),קבוצת אסם סחר שות. מוגבלת,,,יח`,30,גרם,false,1,5.40,18,false,1,
7290000497044,false,לחם אקטיב ברמן (750 גרם),י.את א. ברמן בעמ,,,יח`,750,גרם,false,1,15.90,2.12,false,1,
7290000497112,false,לחם אחיד כהה פרוס ברמן (750  גרם)פי,י.את א. ברמן בעמ,,,יח`,750,גרם,false,1,6.90,0.92,false,1,
7290000497198,false,פיתות אסלי ברמן) (10,י.את א. ברמן בעמ,,,יח`,1000,גרם,false,1,10.90,1.09,false,1,
7290000497228,false,לחמניות שישייה,י.את א. ברמן בעמ,,,יח`,450,גרם,false,1,10.90,2.42,false,1,
7290000497273,false,לחמניות אקטיב ברמן,י.את א. ברמן בעמ,,,יח`,450,גרם,false,1,14.50,3.22,false,1,
7290000497303,false,לחמניות מקמח מלא ברמן) (6,י.את א. ברמן בעמ,,,יח`,540,גרם,false,1,12.90,2.39,false,1,
7290000497358,false,חלומית חלה מתוקה קלועה ברמן (500 גרם),י.את א. ברמן בעמ,,,יח`,500,גרם,false,1,12.90,2.58,false,1,
7290000497426,false,לחם לענין פלוס ברמן,י.את א. ברמן בעמ,,,יח`,750,גרם,false,1,14.60,1.95,false,1,
7290000497488,false,חלה פלוס  ברמן( 500 גרם),י.את א. ברמן בעמ,,,יח`,500,גרם,false,1,14.50,2.90,false,1,
7290000497532,false,לחם ברמן לעניין פרוס ברמן (750 גרם),י.את א. ברמן בעמ,,,יח`,750,גרם,false,1,14.50,1.93,false,1,
7290000497570,false,דגנים פלוס ברמן (500 גרם),י.את א. ברמן בעמ,,,יח`,500,גרם,false,1,14.50,2.90,false,1,
7290000498003,false,לחם מקמח מלא 750  גר`E FREE ברמן,י.את א. ברמן בעמ,,,יח`,750,גרם,false,1,15.90,2.12,true,1,
7290000498034,false,לחם מקמח כוסמין מלא 750  גר`E FREE,י.את א. ברמן בעמ,,,יח`,750,גרם,false,1,15.90,2.12,false,1,
7290000498256,false,10 לחמניות בשקית ברמן,י.את א. ברמן בעמ,,,יח`,750,גרם,false,1,12.90,1.72,false,1,
7290000498355,false,לחם כהה פיקוח,י.את א. ברמן בעמ,,,יח`,750,גרם,false,1,4.40,0.59,false,1,
7290000498362,false,לחם לבן אחיד פיקוח מוביל,י.את א. ברמן בעמ,,,יח`,750,גרם,false,1,5.10,0.68,false,1,
7290000498393,false,חלה רגילה (500  גרם)פיקוח,י.את א. ברמן בעמ,,,יח`,500,גרם,false,1,4.90,0.98,false,1,
7290000498409,false,חלה מתוקה,י.את א. ברמן בעמ,,,יח`,500,גרם,false,1,9.90,1.98,false,1,
7290000504209,false,סוכרזית דיאט טיפ נוזל,שטראוס גרופ בעמ,,,יח`,220,"מ""ל",false,1,17.90,8.14,false,1,
7290000504278,false,סוכרזית פטנט) (700,שטראוס גרופ בעמ,,,יח`,574,גרם,false,1,14.90,2.60,false,1,
7290000521008,false,יין אדום יבש של סגל (750 מל),טמפו משקאות בעמ,,,יח`,750,"מ""ל",false,1,22.90,3.01,true,1,
7290000523125,false,מלח ים יבש מלח הארץ (250 גרם),סוגת תעשיות בעמ,,,יח`,200,גרם,false,1,5.90,2.95,false,1,
7290000523224,false,מלח ים יבש מלח הארץ (500 גרם),סוגת תעשיות בעמ,,,יח`,500,גרם,false,1,7.90,1.58,false,1,
7290000523514,false,מלח ים יבש מופחת נתרן מלח הארץ (250 גרם),סוגת תעשיות בעמ,,,יח`,200,גרם,false,1,10.50,5.25,false,1,
7290000523521,false,מלח הארץ מועשר ביוד 250 גר`,סוגת תעשיות בעמ,,,יח`,200,גרם,false,1,5.90,2.95,false,1,
7290000523804,false,מלח עדין מלח הארץ (1 קג),סוגת תעשיות בעמ,,,יח`,1,"ק""ג",false,1,7.20,7.20,false,1,
7290000525969,false,מיץ תפוזים סחוט טבעי פרימור (1 ליטר),שטראוס גרופ בעמ/מצונן,,,יח`,1,1 ליטר,false,1,16.90,16.90,false,1,
7290000530086,false,נקניק סלמי מעושן 7000 זוגלובק (600 גרם),זוגלובק שיווק בעמ,,,יח`,800,גרם,false,1,37.70,4.71,false,1,
7290000530116,false,נקניק סלמי בשן זוגלובק (470 גרם),זוגלובק שיווק בעמ,,,יח`,700,גרם,false,1,29.50,4.21,false,1,
7290000530291,false,נקניק מבשר הודו זוגלובק,זוגלובק שיווק בעמ,,,יח`,0,גרם,false,1,21,21,false,1,
7290000530413,false,המבורגר זהב,זוגלובק שיווק בעמ,,,יח`,400,גרם,false,1,19.90,4.98,false,1,
7290000530468,false,נקניקיות וניר 1 קג` זוגלובק,זוגלובק שיווק בעמ,,,יח`,1,"ק""ג",false,1,31.60,31.60,true,1,
7290000530598,false,נקניקיות וינר זוגלובק (500 גרם),זוגלובק שיווק בעמ,,,יח`,500,גרם,false,1,18.30,3.66,true,1,
7290000530703,false,מארז פסטרמה חרמון+תה,זוגלובק שיווק בעמ,,,יח`,800,גרם,false,1,35.60,4.45,true,1,
7290000533353,false,בצק עלים זוגלובק 1 קג,זוגלובק שיווק בעמ,,,יח`,1,"ק""ג",false,1,22.40,22.40,false,1,
7290000536316,false,שניצל מן הצומח זוגלובק (1 קג),זוגלובק שיווק בעמ,,,יח`,1,"ק""ג",false,1,39.70,39.70,false,1,
7290000536743,false,קריספי סטיקס תירס,זוגלובק שיווק בעמ,,,יח`,500,גרם,false,1,21.40,4.28,true,1,
7290000537566,false,נקניקיות עוף זוגלובק (400 גרם),זוגלובק שיווק בעמ,,,יח`,400,גרם,false,1,15.20,3.80,true,1,
7290000537603,false,נקניקיות עוף זוגלובק (1 קג),זוגלובק שיווק בעמ,,,יח`,1,"ק""ג",false,1,32.60,32.60,true,1,
7290000538709,false,תה מעושן 200,זוגלובק שיווק בעמ,,,יח`,200,גרם,false,1,16.30,8.15,false,1,
7290000552194,false,קישקע קפוא טיבון ויל (500 גרם),נטו מלינדה סחר בעמ,,,יח`,500,גרם,false,1,12.90,2.58,false,1,
7290000552569,false,סטייק בורגר 400 גר` טיבונוויל,נטו מלינדה סחר בעמ,,,יח`,400,גרם,false,1,21.40,5.35,true,1,
7290000552989,false,בשר טחון-טיבון,נטו מלינדה סחר בעמ,,,יח`,500,גרם,false,1,29.50,5.90,false,1,
7290000554457,false,גבינה צפתית 5% גד (350 גרם),מחלבות גד שיווק 1992 בעמ,,,יח`,350,גרם,false,1,21.90,6.26,false,1,
7290000554471,false,גבינה מוצרלה 22% גד (180 גרם),מחלבות גד שיווק 1992 בעמ,,,יח`,180,גרם,false,1,17.90,9.94,false,1,
7290000554532,false,גבינה צפתית מעודנת 5% גד (200 גרם),מחלבות גד שיווק 1992 בעמ,,,יח`,200,גרם,false,1,16.90,8.45,false,1,
7290000554600,false,מוצרלה מגורדת 22% גד (300 גרם),מחלבות גד שיווק 1992 בעמ,,,יח`,300,גרם,false,1,27.90,9.30,false,1,
7290000554686,false,לבנה בשמן  זית-גד- מדף,מחלבות גד שיווק 1992 בעמ,,,יח`,250,גרם,false,1,14.90,5.96,false,1,
7290000554815,false,גבינת מוצרלה נקניק מעדנייה גד,מחלבות גד שיווק 1992 בעמ,,,"ק""ג",1000,גרם,true,1,83,8.30,false,1,
7290000554822,false,גבינת ריקוטה 5% גד (250 גרם),מחלבות גד שיווק 1992 בעמ,,,יח`,250,גרם,false,1,15.90,6.36,true,1,
7290000554839,false,גבינת מסקרפונה 40% גד (250 גרם),מחלבות גד שיווק 1992 בעמ,,,יח`,250,גרם,false,1,22.90,9.16,false,1,
7290000560533,false,אדג`ג`ל גילוח 200 מל ירוק,דנשר (1963) בעמ,,,יח`,200,גרם,false,1,20.70,10.35,false,1,
7290000561325,false,אגוז לוז טבעי 150  גר`פיצוחי חממה,בוטנת בעמ,,,יח`,150,גרם,false,1,13.90,9.27,false,1,
7290000561387,false,תערובת פיצוחים קלוים ללא מלח פיצוחי חממה,בוטנת בעמ,,,יח`,150,גרם,false,1,17.50,11.67,false,1,
7290000571119,false,גאודה 30% חריץ מעדניה,מחלבות גד שיווק 1992 בעמ,,,"ק""ג",1000,גרם,true,1,105,10.50,false,1,
7290000571485,false,יוגרעז יוגורט מחלב עזים 1 ליטר,מחלבות גד שיווק 1992 בעמ,,,יח`,1,1 ליטר,false,1,21.80,21.80,false,1,
7290000572055,false,חלבה ללתס עם סיבים ואגוזים,אחדות בעמ,,,יח`,400,גרם,false,1,16.90,4.23,false,1,
7290000572208,false,חלבה וניל אחוה (100 גרם),אחדות בעמ,,,יח`,100,גרם,false,1,3.50,3.50,false,1,
7290000572215,false,חלבה 80  גר`מצופה,אחדות בעמ,,,יח`,80,גרם,false,1,3.50,4.38,false,1,
7290000572222,false,חלבה וניל אחוה (500 גרם),אחדות בעמ,,,יח`,500,גרם,false,1,11.90,2.38,false,1,
7290000572628,false,חטיפי חלבה ללתס 275  גר`אחוה,אחדות בעמ,,,יח`,275,גרם,false,1,13.90,5.05,false,1,
7290000572673,false,חלבה וניל קקאו ואגוזים אחוה (25x12 גרם),אחדות בעמ,,,יח`,300,גרם,false,1,13.90,4.63,false,1,
7290000572819,false,טחינה גולמית אחוה (1 קג),אחדות בעמ,,,יח`,1,"ק""ג",false,1,21.90,21.90,true,1,
7290000574035,false,לחם אחיד פרוס דגנית עין בר (750 גרם),דגנית עין בר תעשיות מזון ואפיה,,,יח`,750,גרם,false,1,6.90,0.92,false,1,
7290000574141,false,לחם חיטה מלאה 750  גר`דגנית,דגנית עין בר תעשיות מזון ואפיה,,,יח`,750,גרם,false,1,14.90,1.99,false,1,
7290000574172,false,לחם קל חיטה מלאה 750  גר`דגנית,דגנית עין בר תעשיות מזון ואפיה,,,יח`,750,גרם,false,1,15.90,2.12,false,1,
7290000574257,false,לחם שחור פרוס קל 750  גר`דגנית,דגנית עין בר תעשיות מזון ואפיה,,,יח`,750,גרם,false,1,15.90,2.12,false,1,
7290000574455,false,לחם חיטה מלא+כוסמין  דגנית,דגנית עין בר תעשיות מזון ואפיה,,,יח`,750,גרם,false,1,14.50,1.93,false,1,
7290000599571,false,צמר פלדה 200  גר`shiny,מ.א.ייצור ויבוא מטליות בעמ,,,יח`,200,גרם,false,1,5.90,2.95,false,1,
7290000599977,false,כרית יפנית תשיעיה shiny,מ.א.ייצור ויבוא מטליות בעמ,,,יח`,9,גרם,false,1,10.90,121.11,false,1,
7290000644783,false,פילה סלמון תנובה מנות,תנובה קפואים,,,"ק""ג",1,,true,1,89.90,89.90,false,1,
7290000652177,false,נתחי נסיכת הנילוס 100%  דג- תנובה,תנובה קפואים,,,"ק""ג",1,,true,1,59.90,59.90,false,1,
7290000654973,false,גזר ארוז,מפעלי יופי אגשח בעמ*שיק 45 יום,,,"ק""ג",1,,true,1,5.90,5.90,false,1,
7290000662817,false,סלמון מעושן 100  גר`תנובה,תנובה - חלב,,,יח`,100,גרם,false,1,19.90,19.90,false,1,
7290000688084,false,מי עדן ספורט 1/2 ליטר,יפאורה,,,יח`,500,"מ""ל",false,1,2.50,0.44,false,1,
7290000688381,false,מים מינרלים פקק ספורט מי עדן (500x6 מל),יפאורה,,,יח`,3,1 ליטר,false,1,12.90,3.70,true,1,
7290000688503,false,מי עדן 0.75 ליטר ספורט שישייה,יפאורה,,,יח`,4.50,1 ליטר,false,1,14.90,2.91,false,1,
7290000692227,false,נוזל לניקוי כלים קלאסי פלמוליב (1 ליטר),ש.שסטוביץ בעמ,,,יח`,1,1 ליטר,false,1,15.20,15.20,false,1,
7290000803067,false,אלמקס משחת שיניים ילדים 75מל,ש.שסטוביץ בעמ,,,יח`,75,גרם,false,1,16.90,22.53,true,1,
7290000841557,false,סטרילי לחיטוי ושטיפה פירות וירקות,סטרילי מעבדות בעמ,,,יח`,700,"מ""ל",false,1,13.30,1.90,false,1,
7290000979427,false,עגבניות שרי כתום ארוז,צימן עגבניות *לא פעיל*,,,יח`,500,גרם,false,1,9.90,1.98,false,1,
7290000993461,false,עגבניות שרי צהוב פרמיום ארוז,צימן עגבניות *לא פעיל*,,,יח`,1,,false,1,9.90,9.90,false,1,
7290000993560,false,עגבניות שרי מנומר ארוז,צימן עגבניות *לא פעיל*,,,יח`,500,גרם,false,1,9.90,1.98,false,1,
7290000995410,false,נבטים סיני,א.אדמה (2007) בעמ,,,יח`,1,,false,1,7.90,7.90,false,1,
7290001041123,false,שקד מולבן פרוס 100 גר`,מיה תעשיות מזון מ.ת.מ. בעמ,,,יח`,100,גרם,false,1,12.50,12.50,false,1,
7290001041161,false,שעועית לבנה מיה (1 קג),מיה תעשיות מזון מ.ת.מ. בעמ,,,יח`,1,"ק""ג",false,1,20.30,20.30,true,1,
7290001041178,false,אפונה מיה (1 קג),מיה תעשיות מזון מ.ת.מ. בעמ,,,יח`,1,"ק""ג",false,1,9.10,9.10,false,1,
7290001041192,false,עדשים אדומות מיה (1 קג),מיה תעשיות מזון מ.ת.מ. בעמ,,,יח`,1,"ק""ג",false,1,12.90,12.90,true,1,
7290001041208,false,עדשים ירוקות מיה (1 קג),מיה תעשיות מזון מ.ת.מ. בעמ,,,יח`,1,"ק""ג",false,1,13.20,13.20,true,1,
7290001041215,false,חיטה 1 קג`,מיה תעשיות מזון מ.ת.מ. בעמ,,,יח`,1,"ק""ג",false,1,7.90,7.90,false,1,
7290001041260,false,שומשום מיה (400 גרם),מיה תעשיות מזון מ.ת.מ. בעמ,,,יח`,400,גרם,false,1,13.20,3.30,false,1,
7290001121054,false,צמד חמד 700 גר` יחיעם,מעדני יחיעם (1993) בעמ,,,יח`,700,גרם,false,1,26.90,3.84,true,1,
7290001136287,false,נקה 7 שמפו 750 מל ירוק,החברה הדרומית לשיווק בעמ,,,יח`,750,"מ""ל",false,1,11.90,1.59,true,1,
7290001136683,false,נקה 7 מרכך 750 מל ירוק,החברה הדרומית לשיווק בעמ,,,יח`,750,"מ""ל",false,1,11.90,1.59,true,1,
7290001201510,false,ביצים ארוזות M מ. לסר) (30 פיקוח,מ לסר בעמ - חברה לשיווק ביצים,,,יח`,1,,false,1,27.87,27.87,false,1,
7290001201589,false,ביצים ארוזות L מ. לסר) (12 פיקוח,מ לסר בעמ - חברה לשיווק ביצים,,,יח`,1,,false,1,12.05,12.05,false,1,
7290001201596,false,ביצים 12 יחידות M פיקוח,מ לסר בעמ - חברה לשיווק ביצים,,,יח`,1,,false,1,11.15,11.15,false,1,
7290001201602,false,ביצים 18  יח`L פיקוח,מ לסר בעמ - חברה לשיווק ביצים,,,יח`,1,,false,1,18.07,18.07,false,1,
7290001209516,false,סטייק עין 800  גר`עטרה,נטו מלינדה סחר - עטרה,,,יח`,800,גרם,false,1,56,7,false,1,
7290001216040,false,טחינה רגילה 500 גר` אל ארז,סוגת תעשיות בעמ,,,יח`,500,גרם,false,1,17.90,3.58,false,1,
7290001216057,false,טחינה אל ארז 1 קג,סוגת תעשיות בעמ,,,יח`,1,"ק""ג",false,1,32.90,32.90,false,1,
7290001245705,false,אקונומיקה מבושמת 4 ליטר טאצ`,סאסאטק אגשח בעמ,,,יח`,4,1 ליטר,false,1,10.90,2.73,false,1,
7290001245798,false,נוזל כלים לימון 1.6 ליטר טאצ,סאסאטק אגשח בעמ,,,יח`,1600,"מ""ל",false,1,10.90,0.68,false,1,
7290001245828,false,נוזל כלים קלאסי 1.6 ליטר טאצ,סאסאטק אגשח בעמ,,,יח`,1600,"מ""ל",false,1,10.90,0.68,false,1,
7290001246054,false,פותח סתימות 1 ליטר טאצ,סאסאטק אגשח בעמ,,,יח`,1000,"מ""ל",false,1,13.90,1.39,false,1,
7290001246085,false,נוזל לניקוי חלונות 1 ליטר טאצ,סאסאטק אגשח בעמ,,,יח`,1000,"מ""ל",false,1,6.90,0.69,false,1,
7290001246108,false,תרסיס מסיר אבנית 750 מל טאצ`,סאסאטק אגשח בעמ,,,יח`,750,"מ""ל",false,1,12.90,1.72,false,1,
7290001246528,false,מרכך כביסה מרוכז פרפיום  מיסטרי( 1 ליטר),סאסאטק אגשח בעמ,,,יח`,1,1 ליטר,false,1,11.90,11.90,false,1,
7290001246757,false,נוזל רצפות 2 ליטר מלון בוטיק טאצ,סאסאטק אגשח בעמ,,,יח`,2,1 ליטר,false,1,18.90,9.45,false,1,
7290001246764,false,נוזל רצפות 2 ליטר ספא מפנק טא`צ,סאסאטק אגשח בעמ,,,יח`,2,1 ליטר,false,1,18.90,9.45,false,1,
7290001247068,false,נקטר תות בננה ספרינג (1 ליטר),יפאורה,,,יח`,1,1 ליטר,false,1,7.30,7.30,false,1,
7290001247082,false,נקטר עגבניות  ספרינג( 1  ליטר),יפאורה,,,יח`,1,1 ליטר,false,1,7.30,7.30,false,1,
7290001247105,false,נקטר אפרסקים ספרינג (1 ליטר),יפאורה,,,יח`,1,1 ליטר,false,1,7.30,7.30,false,1,
7290001247112,false,נקטר לימונענע  ספרינג( 1 ליטר),יפאורה,,,יח`,1,1 ליטר,false,1,7.30,7.30,false,1,
7290001247129,false,נקטר תפוזים ספרינג (1 ליטר),יפאורה,,,יח`,1,1 ליטר,false,1,7.30,7.30,false,1,
7290001247143,false,נקטר תפוחים ספרינג (1 ליטר),יפאורה,,,יח`,1,1 ליטר,false,1,7.30,7.30,false,1,
7290001305188,false,פלמוליב כלים שקוף לימון 750 בקבוק חדש,ש.שסטוביץ בעמ,,,יח`,750,"מ""ל",false,1,13.90,1.85,true,1,
7290001407547,false,טחינה בארכה שומשום מלא פי 6 סידן,קבוצת אסם סחר שות. מוגבלת,,,יח`,500,גרם,false,1,14.20,2.84,false,1,
7290001407813,false,חלבה בארכה שאמית+פיסטוק 350 גר`,קבוצת אסם סחר שות. מוגבלת,,,יח`,350,גרם,false,1,16.30,4.66,false,1,
7290001436790,false,מרגז מיני אקסטרה 500  גר`8 יח,בלדי בעמ,,,יח`,500,גרם,false,1,28.90,5.78,false,1,
7290001462010,false,אריסה מרוקאית תבליני ביטון יוחאי.,נטו מלינדה סחר בעמ,,,יח`,250,גרם,false,1,15.20,6.08,true,1,
7290001482094,false,וילי פוד פרמז`נו 200 גר`,ג.וילי-פוד אינטרנשיונל **גבינו,,,יח`,200,גרם,false,1,17.90,8.95,false,1,
7290001491010,false,תה ירוק יסמין ויסוצקי (25),תה ויסוצקי (ישראל) בעמ,,,יח`,37.50,גרם,false,1,27.90,74.40,true,1,
7290001491096,false,תה ירוק לימונית ולואיזה ויסוצקי (50),תה ויסוצקי (ישראל) בעמ,,,יח`,75,גרם,false,1,44.90,59.87,false,1,
7290001567814,false,סלמי מעושן בסגנון איטלקי 300 גרם,מעדני יחיעם (1993) בעמ,,,יח`,300,גרם,false,1,22.40,7.47,true,1,
7290001588499,false,פפאיה אורגנית שקל ארוז,שדות תוצרת מזון אורגנית ש.ק.ד,,,"ק""ג",1,,true,1,22.90,22.90,false,1,
7290001591680,false,קניידלך מקמח מצה 500  גר`שלושת האופים,נטו מלינדה סחר בעמ,,,יח`,500,גרם,false,1,18.90,3.78,false,1,
7290001591710,false,המבורגר אנגוס 600  גר`טיבון ויל,נטו מלינדה סחר בעמ,,,יח`,600,גרם,false,1,23.90,3.98,false,1,
7290001594858,false,מארז שישייה בירה טובורג רד (330x6 מל),החברה המרכזית להפצת משקאות בעמ,,,יח`,1.98,1 ליטר,false,1,43.90,21.26,true,1,
7290001594865,false,בירה קרלסברג (330x6 מל),החברה המרכזית להפצת משקאות בעמ,,,יח`,1.98,1 ליטר,false,1,36.90,17.73,true,1,
7290001670057,false,כפיות לבן 100 יח` הנמל,הנמל אריזות ושיווק (1984) בעמ,,,יח`,1,,false,1,11.90,11.90,true,1,
7290001670255,false,כוסות קרטון 8B 50 יח` הנמל,הנמל אריזות ושיווק (1984) בעמ,,,יח`,1,,false,1,10.90,10.90,true,1,
7290001710111,false,נקניקיות מרגז חריפות מעדני הטלה 500 גר`,לאטי עזרא בעמ,,,יח`,500,גרם,false,1,20.80,4.16,false,1,
7290001710128,false,נקניקיות צוריסוס מעדני הטלה 500 גר`,לאטי עזרא בעמ,,,יח`,500,גרם,false,1,20.80,4.16,false,1,
7290001713167,false,קצף ניקוי כלים סינטריים סנט  מוריץ( 1 לי,קומפלקס כימיקלים בעמ,,,יח`,100,"מ""ל",false,1,12.90,12.90,false,1,
7290001739617,false,נפנפף למנגל 2.5,אוהב ציון בעמ (מבצעים),,,יח`,1,,false,1,4.90,4.90,false,1,
7290001780428,false,מאגדת גלידה לייט שוקו 6 יח`,נגה גלידות שותפות מוגבלת,,,יח`,312,גרם,false,1,30.50,9.78,false,1,
7290001791349,false,אקונומיקה פיסגה ריחנית סנו (4 ליטר),החברה הדרומית לשיווק בעמ,,,יח`,4,1 ליטר,false,1,12.90,3.23,true,1,
7290001865439,false,אל סבון נוזלי וניל פמילי (1 ליטר),דנשר (1963) בעמ,,,יח`,1,1 ליטר,false,1,15.90,15.90,true,1,
7290001865453,false,אל סבון נוזלי לבנדר פמילי (1 ליטר),דנשר (1963) בעמ,,,יח`,1,1 ליטר,false,1,15.90,15.90,true,1,
7290001946121,false,פפריקה מתוקה 400 גר,דין שיווק וקליה 2021 בעמ,,,יח`,400,גרם,false,1,20.90,5.23,true,1,
7290001946404,false,סלט שום כתוש תבליני ביטון יוחאי (250 גרם,נטו מלינדה סחר בעמ,,,יח`,250,גרם,false,1,15.20,6.08,true,1,
7290001973233,false,מגבונים קמיל בלו מילוי+דיספנסר 120 יח,פישר תעשיות פרמצבטיות בעמ,,,יח`,120,יח`,false,1,11.90,0.10,false,1,
7290001990148,false,סוכר גולדן קלאסי סוגת (1 קג),סוגת תעשיות בעמ,,,יח`,1,"ק""ג",false,1,14.90,14.90,false,1,
7290002000136,false,שעווה למיקרו מגע משי הדבש (500 גרם),דנשר (1963) בעמ,,,יח`,500,גרם,false,1,23.50,4.70,false,1,
7290002000266,false,מגע המשי שעווה תפוח למיקרוגל,דנשר (1963) בעמ,,,יח`,500,גרם,false,1,23.50,4.70,false,1,
7290002007357,false,דליקטס שקיות צלייה קטן הנמל) (10,הנמל אריזות ושיווק (1984) בעמ,,,יח`,1,,false,1,6.40,6.40,false,1,
7290002007890,false,כוסות 100  יח`200 PP הנמל,הנמל אריזות ושיווק (1984) בעמ,,,יח`,100,יח`,false,1,9.90,0.10,false,1,
7290002007975,false,צלחות קטן 50 יח` הנמל,הנמל אריזות ושיווק (1984) בעמ,,,יח`,50,יח`,false,1,10.90,0.22,true,1,
7290002007982,false,מזלגות לבן 100 יח` הנמל,הנמל אריזות ושיווק (1984) בעמ,,,יח`,100,יח`,false,1,11.90,0.12,true,1,
7290002007999,false,צלחות גדול 50 יח` הנמל,הנמל אריזות ושיווק (1984) בעמ,,,יח`,1,,false,1,15.90,15.90,true,1,
7290002008071,false,עטרות נייר הנמל,הנמל אריזות ושיווק (1984) בעמ,,,יח`,1,,false,1,7.10,7.10,false,1,
7290002008156,false,עטרות נייר הנמל,הנמל אריזות ושיווק (1984) בעמ,,,יח`,1,,false,1,8.40,8.40,false,1,
7290002008309,false,עטרות נייר הנמל,הנמל אריזות ושיווק (1984) בעמ,,,יח`,1,,false,1,7.60,7.60,false,1,
7290002008460,false,עטרות נייר הנמל,הנמל אריזות ושיווק (1984) בעמ,,,יח`,1,,false,1,5.40,5.40,false,1,
7290002008507,false,נייר אפיה הנמל 50 יח`,הנמל אריזות ושיווק (1984) בעמ,,,יח`,1,,false,1,9.90,9.90,true,1,
7290002008903,false,נייר חתוך לשבת הנמל.,הנמל אריזות ושיווק (1984) בעמ,,,יח`,1,,false,1,21.40,21.40,false,1,
7290002008989,false,קישקשים 225  יח`הנמל,הנמל אריזות ושיווק (1984) בעמ,,,יח`,1,,false,1,8.90,8.90,false,1,
7290002019114,false,רוטב עגבניות מרוכז 28 580  גר`פריניר,אבאל יזמות בעמ,,,יח`,580,גרם,false,1,8.50,1.47,true,1,
7290002019787,false,רוטב עגבניות מרוכז עגבניות 22% 260  גר`פ,אבאל יזמות בעמ,,,יח`,260,גרם,false,1,3.90,1.50,true,1,
7290002019794,false,רוטב עגבניות מרוכז 22% 100  גר`פריניר,אבאל יזמות בעמ,,,יח`,100,גרם,false,1,1.90,1.90,true,1,
7290002026365,false,טבעות בצל 500 גר אריסטו,מוצרי איכות אמריקאיים בעמ,,,יח`,500,גרם,false,1,13.20,2.64,true,1,
7290002026587,false,וופל בלגי קפוא 280 גר`,מוצרי איכות אמריקאיים בעמ,,,יח`,280,גרם,false,1,16.30,5.82,true,1,
7290002037163,false,לחם אחיד פרוס ודש ברמן (750 גרם),י.את א. ברמן בעמ,,,יח`,750,גרם,false,1,6.90,0.92,false,1,
7290002037309,false,לחמניות המבורגר מאפיית ודש 8),י.את א. ברמן בעמ,,,יח`,400,גרם,false,1,12.50,3.13,false,1,
7290002037637,false,לחמניות הבית מתוקות מאפיית ודש) (4,י.את א. ברמן בעמ,,,יח`,400,גרם,false,1,11.90,2.98,false,1,
7290002040019,false,קוסקוס רגיל מזון קוסקוס (350 גרם),הנמל אריזות ושיווק (1984) בעמ,,,יח`,350,גרם,false,1,6.90,1.97,false,1,
7290002040064,false,קוסקוס דק מזון קוסקוס (350 גרם),הנמל אריזות ושיווק (1984) בעמ,,,יח`,350,גרם,false,1,6.90,1.97,false,1,
7290002040071,false,קוסקוס עבה מזון קוסקוס (350 גרם),הנמל אריזות ושיווק (1984) בעמ,,,יח`,350,גרם,false,1,6.90,1.97,false,1,
7290002040095,false,קוסקוס מארז שלושיהשקיות 3*350גר,הנמל אריזות ושיווק (1984) בעמ,,,יח`,1,,false,1,14.90,14.90,false,1,
7290002043188,false,ציפס אורז חום מלא צ`לי חריף 60 גר` אקסטר,א.ל.ייצור ושיווק תבלינים בעמ,,,יח`,60,גרם,false,1,7.50,12.50,true,1,
7290002043218,false,ציפס אורז חום מלא מלח 60 גר` אקסטרה,א.ל.ייצור ושיווק תבלינים בעמ,,,יח`,60,גרם,false,1,7.50,12.50,true,1,
7290002043225,false,ציפס אורז חום מלא פפריקה 60 גר` אקסטרה,א.ל.ייצור ושיווק תבלינים בעמ,,,יח`,60,גרם,false,1,7.50,12.50,true,1,
7290002043782,false,ציפס אורז חום מלא טקסס בקביקין 60 גר` אק,א.ל.ייצור ושיווק תבלינים בעמ,,,יח`,60,גרם,false,1,7.50,12.50,true,1,
7290002057093,false,זיתים מנזלינו גדול,קבוצת יבנה מוצרי מזון אגודה שי,,,יח`,600,גרם,false,1,10.90,1.82,false,1,
7290002065555,false,לחמניות אנג`ל) (6,שלמה א. אנג`ל בעמ,,,יח`,450,גרם,false,1,10.90,2.42,false,1,
7290002065616,false,לחם שיפון גרעינים פרוס אחדות (750 גרם),שלמה א. אנג`ל בעמ,,,יח`,750,גרם,false,1,12.50,1.67,false,1,
7290002077725,false,סלמון מעושן דלידג (100 גרם),נטו מלינדה סחר בעמ,,,יח`,100,גרם,false,1,19.90,19.90,false,1,
7290002107071,false,בולגרית עיזים מעודנת 16% 200 גר`,החב` המרכזית - טרה,,,יח`,200,גרם,false,1,26.20,13.10,false,1,
7290002107491,false,גבינה עיזים 5% למריחה 250 גר`,החב` המרכזית - טרה,,,יח`,250,גרם,false,1,16.70,6.68,true,1,
7290002109372,false,בורקס פילו אצבעות בולגרית 700 גר`,נטו מלינדה סחר בעמ,,,יח`,700,גרם,false,1,20.90,2.99,true,1,
7290002128311,false,נר נשמה בכוס זכוכית שבועי מנורה שי נר,אבאל יזמות בעמ,,,יח`,1,,false,1,10.90,10.90,true,1,
7290002128946,false,נר נשמה בכוס ל48 שעות מנורה שי נר,אבאל יזמות בעמ,,,יח`,1,,false,1,5.50,5.50,true,1,
7290002129462,false,פיצה איטלקית דקה שלושת האופים מארז זוג,נטו מלינדה סחר בעמ,,,יח`,640,גרם,false,1,27.90,4.36,true,1,
7290002129486,false,פיצה איטלקית דקה 340 גר` שלושת האופים,נטו מלינדה סחר בעמ,,,יח`,340,גרם,false,1,15.90,4.68,true,1,
7290002130567,false,דבש טהור מפרחי בר יד מרדכי (350 גרם),שטראוס גרופ בעמ,,,יח`,350,גרם,false,1,17.30,4.94,false,1,
7290002130581,false,דבש טהור מפרחי בר יד מרדכי (1 קג),שטראוס גרופ בעמ,,,יח`,1,"ק""ג",false,1,45.90,45.90,false,1,
7290002132011,false,עוגיות מזרחיות עם שומשום עבאדי (400 גר),תה ויסוצקי (ישראל) בעמ,,,יח`,400,גרם,false,1,18.50,4.63,true,1,
7290002195054,false,המבורגר קפוא בלדי (400 גרם),בלדי בעמ,,,יח`,400,גרם,false,1,12.90,3.23,false,1,
7290002195078,false,קבב כבש קפוא בלדי (400 גרם),בלדי בעמ,,,יח`,400,גרם,false,1,12.90,3.23,false,1,
7290002195085,false,קבב מזרחי קפוא בלדי (400 גרם),בלדי בעמ,,,יח`,400,גרם,false,1,12.90,3.23,false,1,
7290002195092,false,קבב רומני קפוא בלדי (400 גרם),בלדי בעמ,,,יח`,400,גרם,false,1,12.90,3.23,false,1,
7290002211013,false,קמח 1 קג,טחנת קמח רוט קרית גת,,,יח`,1,"ק""ג",false,1,4.40,4.40,false,1,
7290002211044,false,סולת 1 קג,טחנת קמח רוט קרית גת,,,יח`,1,"ק""ג",false,1,5.90,5.90,false,1,
7290002239185,false,אפונה גינה 800  גר`פרי גליל,ויטה -פרי גליל (החדשה) בעמ,,,יח`,800,גרם,false,1,10.90,1.36,false,1,
7290002239277,false,גזר גמדי 800  גר`פרי גליל,ויטה -פרי גליל (החדשה) בעמ,,,יח`,800,גרם,false,1,10.90,1.36,false,1,
7290002239307,false,שעועית צהובה חתוכה 800  גר`פרי גליל,ויטה -פרי גליל (החדשה) בעמ,,,יח`,800,גרם,false,1,10.90,1.36,false,1,
7290002253006,false,שום כתוש דורות (200 גרם),קבוצת אסם סחר שות. מוגבלת,,,יח`,200,גרם,false,1,16.90,8.45,false,1,
7290002253105,false,קוביות שום כתוש דורות (80 גרם),קבוצת אסם סחר שות. מוגבלת,,,יח`,80,גרם,false,1,15.20,19,false,1,
7290002253167,false,פטרוזיליה קצוצה דורות (70 גרם),קבוצת אסם סחר שות. מוגבלת,,,יח`,70,גרם,false,1,12.20,17.43,false,1,
7290002259664,false,רדיד אלומיניום 0.86,גורי ע.ע.ע בעמ,,,יח`,1,,false,1,56.90,56.90,false,1,
7290002278528,false,ספוג כלים כרית שבת כלין 2 יח,מ.א.ייצור ויבוא מטליות בעמ,,,יח`,1,,false,1,9.10,9.10,false,1,
7290002281405,false,סלט סלמון) (2*160 מעושן ויליגר,נטו מלינדה סחר בעמ,,,יח`,320,גרם,false,1,10.90,3.41,false,1,
7290002281498,false,ריץ` מגורדת 500 גר על בסיס חלב,נטו מלינדה סחר בעמ,,,יח`,500,גרם,false,1,25.90,5.18,true,1,
7290002317005,false,טבעות זיתים מושחר מוטולה,אבאל יזמות בעמ,,,יח`,560,גרם,false,1,10.90,1.95,true,1,
7290002317081,false,זית חרוזית A2 מוטולה,אבאל יזמות בעמ,,,יח`,560,גרם,false,1,10.90,1.95,true,1,
7290002317128,false,מלפפון במלח 10-12 מוטולה,אבאל יזמות בעמ,,,יח`,560,גרם,false,1,10.90,1.95,true,1,
7290002317166,false,מלפפון בחומץ 10-12 מוטולה,אבאל יזמות בעמ,,,יח`,560,גרם,false,1,10.90,1.95,true,1,
7290002317173,false,מלפפונים בחומץ 13-17 מוטולה,אבאל יזמות בעמ,,,יח`,560,גרם,false,1,10.90,1.95,true,1,
7290002317265,false,מלפפון במלח 7-9 מוטולה,אבאל יזמות בעמ,,,יח`,560,גרם,false,1,8.90,1.59,true,1,
7290002317319,false,מלפפון בחומץ 7-9 מוטולה,אבאל יזמות בעמ,,,יח`,348,גרם,false,1,8.90,2.56,true,1,
7290002317326,false,זיתים מנזלינו 12-15 מוטולה,אבאל יזמות בעמ,,,יח`,560,גרם,false,1,9.90,1.77,true,1,
7290002317357,false,פלפל שיפקה חריף צנצנת זכוכית מוטולה,אבאל יזמות בעמ,,,יח`,550,גרם,false,1,9.90,1.80,true,1,
7290002317371,false,חרוזית מושחר A2 מוטולה,אבאל יזמות בעמ,,,יח`,560,גרם,false,1,10.90,1.95,true,1,
7290002317456,false,פלפל אדום רצועות מוטולה,אבאל יזמות בעמ,,,יח`,330,גרם,false,1,9.90,3,true,1,
7290002317579,false,טבעות זיתים ירוק מוטולה,אבאל יזמות בעמ,,,יח`,560,גרם,false,1,10.90,1.95,true,1,
7290002317609,false,כרוב כבוש מוטולה,אבאל יזמות בעמ,,,יח`,560,גרם,false,1,9.90,1.77,true,1,
7290002317852,false,מלפפון ביתי בצנצנת מוטולה (900גר`),אבאל יזמות בעמ,,,יח`,900,גרם,false,1,30.90,3.43,true,1,
7290002319016,false,אבקת אפיה מיה (10x10 גרם),מיה תעשיות מזון מ.ת.מ. בעמ,,,יח`,100,גרם,false,1,3.30,3.30,true,1,
7290002319023,false,סוכר ווניל עשירייה,מיה תעשיות מזון מ.ת.מ. בעמ,,,יח`,100,גרם,false,1,2.90,2.90,true,1,
7290002319061,false,קוקוס טחון מיה (100 גרם),מיה תעשיות מזון מ.ת.מ. בעמ,,,יח`,100,גרם,false,1,4,4,false,1,
7290002319078,false,שומשום 100 גר`,מיה תעשיות מזון מ.ת.מ. בעמ,,,יח`,100,גרם,false,1,4,4,false,1,
7290002319092,false,קמח תפוחי אדמה 500 גר`,מיה תעשיות מזון מ.ת.מ. בעמ,,,יח`,500,גרם,false,1,5,1,false,1,
7290002319139,false,שעועית לבנה מיה (500 גרם),מיה תעשיות מזון מ.ת.מ. בעמ,,,יח`,500,גרם,false,1,11.20,2.24,true,1,
7290002319160,false,אפונה ירוקה מיה (500 גרם),מיה תעשיות מזון מ.ת.מ. בעמ,,,יח`,500,גרם,false,1,7.40,1.48,true,1,
7290002319177,false,פופקורן מיה (500 גרם),מיה תעשיות מזון מ.ת.מ. בעמ,,,יח`,500,גרם,false,1,7.40,1.48,false,1,
7290002319184,false,עדשים אדומות מיה (500 גרם),מיה תעשיות מזון מ.ת.מ. בעמ,,,יח`,500,גרם,false,1,10.10,2.02,true,1,
7290002319191,false,עדשים ירוקות מיה (500 גרם),מיה תעשיות מזון מ.ת.מ. בעמ,,,יח`,500,גרם,false,1,9.10,1.82,true,1,
7290002319375,false,קורנפלור 200 גר`,מיה תעשיות מזון מ.ת.מ. בעמ,,,יח`,200,גרם,false,1,5.10,2.55,false,1,
7290002319528,false,קמח מצה 200 גר`,קבוצת אסם סחר שות. מוגבלת,,,יח`,200,גרם,false,1,4,2,false,1,
7290002319610,false,שקדים טחונים 100 גר`,מיה תעשיות מזון מ.ת.מ. בעמ,,,יח`,100,גרם,false,1,12.50,12.50,false,1,
7290002319740,false,אגוזים טחונים 100 גר`,מיה תעשיות מזון מ.ת.מ. בעמ,,,יח`,100,גרם,false,1,12.50,12.50,false,1,
7290002319771,false,תמצית אפיה בטעם וניל מיה (50 מל),מיה תעשיות מזון מ.ת.מ. בעמ,,,יח`,50,"מ""ל",false,1,4,8,false,1,
7290002319825,false,אבקת סוכר 100 גר`,מיה תעשיות מזון מ.ת.מ. בעמ,,,יח`,100,גרם,false,1,2.70,2.70,true,1,
7290002327059,false,בצק עלים מרודד שלושת האופים (1 קג),נטו מלינדה סחר בעמ,,,יח`,1000,גרם,false,1,18.90,1.89,true,1,
7290002327066,false,קונכיות 625 גר` שלושת האופים,נטו מלינדה סחר בעמ,,,יח`,625,גרם,false,1,22.90,3.66,true,1,
7290002329718,false,עוגת דבש עשירה עוגלה,בני פאוזי שמשום (2009) בעמ,,,יח`,350,גרם,false,1,7.90,2.26,true,1,
7290002331025,false,נביעות 500 תו-גוווו,החברה המרכזית להפצת משקאות בעמ,,,יח`,500,"מ""ל",false,1,3.40,0.62,false,1,
7290002331360,false,נביעות שישיה 0.500 טו גוווווו,החברה המרכזית להפצת משקאות בעמ,,,יח`,3,1 ליטר,false,1,17,5.07,true,1,
7290002345015,false,דק דק סינטה אל גאוצו,נטו מלינדה סחר בעמ,,,יח`,250,גרם,false,1,25.40,10.16,true,1,
7290002348139,false,תחתיות ארטישוק ויליגר (390 גרם),נטו מלינדה סחר בעמ,,,יח`,425,גרם,false,1,11.20,2.64,true,1,
7290002348306,false,קוקטיל פירות וילגר 850 גר`,נטו מלינדה סחר בעמ,,,יח`,850,גרם,false,1,10.90,1.28,false,1,
7290002360124,false,פומפדור חליטת צמחים ורד הבר והיביסקו חדש,ש.שסטוביץ בעמ,,,יח`,30,גרם,false,1,17.30,57.67,true,1,
7290002360155,false,חליטת צמחים שומר פומפדור) (20,ש.שסטוביץ בעמ,,,יח`,40,גרם,false,1,17.30,43.25,true,1,
7290002360278,false,תה מנטה פומפדור) (20,ש.שסטוביץ בעמ,,,יח`,45,גרם,false,1,17.30,38.44,true,1,
7290002360285,false,תה קמומיל פומפדור) (20,ש.שסטוביץ בעמ,,,יח`,30,גרם,false,1,17.30,57.67,true,1,
7290002371526,false,סלסולי פסטרמה שום וצ`ילי 120  גר`טירת צב,תנובה קפואים,,,יח`,120,גרם,false,1,17.30,14.42,true,1,
7290002371533,false,סלסולי פסטרמה בדבש טירת צבי (120 גרם),תנובה קפואים,,,יח`,120,גרם,false,1,17.30,14.42,true,1,
7290002371540,false,נקניקים קורנדביף 120  גר`טירת צבי,תנובה קפואים,,,יח`,120,גרם,false,1,17.30,14.42,true,1,
7290002371854,false,נקניקיות עוף חריפות 1  קג`טירת צבי,תנובה קפואים,,,יח`,1,1 ליטר,false,1,34.60,34.60,true,1,
7290002374312,false,שמן קנולה מזוכך 6% מילומור (1 ליטר),סוגת תעשיות בעמ,,,יח`,1,1 ליטר,false,1,11.90,11.90,false,1,
7290002374640,false,שמן קנולה פלוס אומגה 3 עץ הזית (1 ליטר),סוגת תעשיות בעמ,,,יח`,1,1 ליטר,false,1,17.90,17.90,false,1,
7290002399483,false,מטיאס פרובנציאל 265  גר`מיקי,מעדני מיקי תעשיות מזון דגים וס,,,יח`,265,גרם,false,1,18.30,6.91,false,1,
7290002407348,false,שמן זית ג`השאן כתית מעולה 750 מל`,אבאל יזמות בעמ,,,יח`,750,"מ""ל",false,1,35.90,4.79,true,1,
7290002407645,false,שמן זית כתית  מעולה( 750  מל)ארץ הגליל,אבאל יזמות בעמ,,,יח`,750,"מ""ל",false,1,30.90,4.12,true,1,
7290002410829,false,קבב מרוקאי חריף מעדני הטלה 800 גר`,לאטי עזרא בעמ,,,יח`,800,גרם,false,1,44.90,5.61,false,1,
7290002507451,false,קציצות דג סלומון 750 גר,נטו מלינדה סחר בעמ,,,יח`,750,גרם,false,1,32.60,4.35,true,1,
7290002512004,false,מלווח צנעני (900 גרם),צנעני מוצרי בצק בעמ,,,יח`,900,גרם,false,1,19.90,2.21,false,1,
7290002517603,false,בזיליקום 10 גר`,תבליני טעם וריח בעמ,,,יח`,10,גרם,false,1,6.90,69,false,1,
7290002618263,false,טבעות בצל 600  גר`שף הטבע,קפוא-זן תעשיות מזון בעמ - תפוג,,,יח`,600,גרם,false,1,15.90,2.65,false,1,
7290002627210,false,גפילטע פיש מדגי קרפיון וכסיף בעלז 560 ג,נטו מלינדה סחר בעמ,,,יח`,560,גרם,false,1,10.90,1.95,false,1,
7290002628064,false,בשר בקר טחון קפוא בלדי (500 גרם),בלדי בעמ,,,יח`,500,גרם,false,1,16.90,3.38,false,1,
7290002628088,false,טחון הודו בלדי 500,בלדי בעמ,,,יח`,500,גרם,false,1,11.20,2.24,false,1,
7290002628293,false,טחון עוף בלדי 500,בלדי בעמ,,,יח`,500,גרם,false,1,11.20,2.24,false,1,
7290002661153,false,לחם דני קל פרוס ברמן (1 קג),י.את א. ברמן בעמ,,,יח`,1000,גרם,false,1,15.90,1.59,false,1,
7290002661214,false,`לחם גלילי קל 75,י.את א. ברמן בעמ,,,יח`,700,גרם,false,1,12.50,1.79,false,1,
7290002692768,false,תרסיס שמן קנולה מזוכך ללא תוספת גז 200 מ,סוגת תעשיות בעמ,,,יח`,200,"מ""ל",false,1,21.90,10.95,true,1,
7290002692775,false,תרסיס מופחת קלוריות בטעם חמאה,סוגת תעשיות בעמ,,,יח`,200,"מ""ל",false,1,21.90,10.95,true,1,
7290002692782,false,תרסיס שמן זית כתית מעולה ללא תוספת גז 15,סוגת תעשיות בעמ,,,יח`,150,"מ""ל",false,1,21.90,14.60,false,1,
7290002735014,false,מלווח ארוז יינון 800 גר`,קפוא-זן תעשיות מזון בעמ - תפוג,,,יח`,800,גרם,false,1,14.90,1.86,false,1,
7290002735021,false,ג`חנון ארוז 750  גר`יינון,קפוא-זן תעשיות מזון בעמ - תפוג,,,יח`,750,גרם,false,1,14.90,1.99,false,1,
7290002735113,false,בורקס גבינה ינון 800 גר`,קפוא-זן תעשיות מזון בעמ - תפוג,,,יח`,800,גרם,false,1,17.90,2.24,false,1,
7290002735274,false,ג חנון אפוי 600 גר יינון,קפוא-זן תעשיות מזון בעמ - תפוג,,,יח`,600,גרם,false,1,17.90,2.98,false,1,
7290002752332,false,מנטוס גליל פירות,ליימן שליסל בעמ,,,יח`,37.50,גרם,false,1,4,10.67,false,1,
7290002752493,false,סוכריות מנטה טיק טק (16x4 גרם),פרימיום-חברה לדברי מתיקה ולמסח,,,יח`,250,גרם,false,1,12.20,4.88,false,1,
7290002753223,false,סוכריות תפוז טיק טק (16x4 גרם),פרימיום-חברה לדברי מתיקה ולמסח,,,יח`,250,גרם,false,1,12.20,4.88,false,1,
7290002757511,false,קציצות דג לבישול דלידג (750 גרם),נטו מלינדה סחר בעמ,,,יח`,750,גרם,false,1,30.50,4.07,true,1,
7290002782759,false,קרם גוף מספר 2 פנינה רוזנבלום (340 מל),פנינה רוזנבלום בעמ,,,יח`,400,"מ""ל",false,1,23.90,5.98,false,1,
7290002800361,false,המבורגר ואקום 500  גר`מסעדות,לאטי עזרא בעמ,,,יח`,500,גרם,false,1,23.90,4.78,false,1,
7290002814016,false,מסיר שומנים קר סנט מוריץ (750 מל),קומפלקס כימיקלים בעמ,,,יח`,750,"מ""ל",false,1,14.90,1.99,false,1,
7290002814078,false,אנטרטיק לניקוי,קומפלקס כימיקלים בעמ,,,יח`,1,1 ליטר,false,1,8.90,8.90,true,1,
7290002814290,false,קצף מרוכז 1 ליטר בלנקו בניחוח,קומפלקס כימיקלים בעמ,,,יח`,1,1 ליטר,false,1,13.90,13.90,true,1,
7290002814528,false,ניקוי אסלות NO.1,קומפלקס כימיקלים בעמ,,,יח`,1,1 ליטר,false,1,6.90,6.90,true,1,
7290002824183,false,קרם גבינה 5% סקי (500 גרם),שטראוס גרופ בעמ/מצונן,,,יח`,500,גרם,false,1,9.50,1.90,false,1,
7290002824466,false,יוגורט ביו 0% דנונה (200 גרם),שטראוס גרופ בעמ/מצונן,,,יח`,200,"מ""ל",false,1,3.70,1.85,false,1,
7290002824640,false,קרם גבינה 5% סקי (250 גרם),שטראוס גרופ בעמ/מצונן,,,יח`,250,גרם,false,1,4.97,1.99,false,1,
7290002825722,false,כרוב אדום במיונז אחלה (500 גרם),שטראוס גרופ בעמ/מצונן,,,יח`,575,גרם,false,1,15.60,2.71,true,1,
7290002839910,false,בזיליקום עלים 40 גר`,וואלי מרקט 2018 א.ד.ע. בעמ,,,יח`,1,,false,1,8.90,8.90,false,1,
7290002868996,false,קוטג`5% מועשר 250 גר`,החב` המרכזית - טרה,,,יח`,250,גרם,false,1,5.60,2.24,false,1,
7290002871248,false,בירה טובורג רד (500 מל),החברה המרכזית להפצת משקאות בעמ,,,יח`,500,"מ""ל",false,1,8.10,1.38,false,1,
7290002871361,false,בירה קרלסברג (500 מל),החברה המרכזית להפצת משקאות בעמ,,,יח`,500,"מ""ל",false,1,8.10,1.38,false,1,
7290002881940,false,סרדינים בשמן צמחי 125 גר`,תומר יבוא ושיווק מוצרי מזון (1,,,יח`,125,גרם,false,1,5.90,4.72,false,1,
7290002881988,false,סרדין מרוקאי בשמן ולימון 125 גר`,תומר יבוא ושיווק מוצרי מזון (1,,,יח`,125,גרם,false,1,5.90,4.72,false,1,
7290002904694,false,דאודורנט ספריי לגבר טיטניום (180 מל),החברה הדרומית לשיווק בעמ,,,יח`,150,"מ""ל",false,1,15.90,10.60,false,1,
7290002909576,false,בשר בקר טחון לקציצות ולקבב 500 גר`,בלדי בעמ,,,יח`,500,גרם,false,1,12.90,2.58,false,1,
7290002909880,false,פולי סויה אדממה בלדי (400 גרם),בלדי בעמ,,,יח`,400,גרם,false,1,6.90,1.73,false,1,
7290002921349,false,דבק סופר גלו לוקטיט אריזה זוגית יעקובי,יעקב יעקבי ובניו בעמ,,,יח`,1,,false,1,15.90,15.90,false,1,
7290002922117,false,עוגיות פרימיום אקלר,אקלר בעמ,,,יח`,1,,false,1,22.90,22.90,false,1,
7290002929642,false,נתחי טונה בהירה בשמן ויליגר (140x4 גרם),נטו מלינדה סחר בעמ,,,יח`,460,גרם,false,1,21.90,4.76,false,1,
7290002971986,false,קמח שיפון ללא צורך בניפוי שטיבל,אבאל יזמות בעמ,,,יח`,1,"ק""ג",false,1,9.50,9.50,true,1,
7290002971993,false,קמח כוסמין מלא ללא צורך בניפוי 1 קג שטיב,אבאל יזמות בעמ,,,יח`,1000,גרם,false,1,14.90,1.49,false,1,
7290002972006,false,קמח בהיר) (405ללא צורך  בניפוי( 1  קג),אבאל יזמות בעמ,,,יח`,1,"ק""ג",false,1,9.50,9.50,true,1,
7290002972365,false,קמח תופח ללא צורך בניפוי 1 קג שטיבל,אבאל יזמות בעמ,,,יח`,1,"ק""ג",false,1,8.90,8.90,true,1,
7290002972426,false,קמח  מלא% 80 ללא צורך בניפוי 1 קג,אבאל יזמות בעמ,,,יח`,1,"ק""ג",false,1,9.50,9.50,true,1,
7290002973812,false,קמח כוסמין  (80% 1  קג)ללא צורך בניפוי ש,אבאל יזמות בעמ,,,יח`,1000,גרם,false,1,14.90,1.49,false,1,
7290002973829,false,קמח כוסמין  לבן( 1  קג) ללא צורך ניפוי ש,אבאל יזמות בעמ,,,יח`,1000,גרם,false,1,14.90,1.49,false,1,
7290002974222,false,קמח עוגיות ללא צורך בניפוי 1 קג שטיבל,אבאל יזמות בעמ,,,יח`,1,"ק""ג",false,1,9.50,9.50,true,1,
7290002974239,false,קמח עוגות 1 קג שטיבל,אבאל יזמות בעמ,,,יח`,1,"ק""ג",false,1,9.50,9.50,true,1,
7290002974314,false,קמח פיצה 1 קג שטיבל,אבאל יזמות בעמ,,,יח`,1,"ק""ג",false,1,11.50,11.50,true,1,
7290002987963,false,חומוס אחלה 1 קג,שטראוס גרופ בעמ/מצונן,,,יח`,10000,גרם,false,1,14.50,0.15,false,1,
7290003009183,false,סירופ דיאט 750 מל בטעם תפוחים פריגת,החברה המרכזית להפצת משקאות בעמ,,,יח`,750,"מ""ל",false,1,23.90,3.19,false,1,
7290003009312,false,בוטן קלוי קליית גת (200 גרם),ליימן שליסל בעמ,,,יח`,200,גרם,false,1,7.90,3.95,false,1,
7290003009329,false,בוטנים אמריקאיים קליית גת (200 גרם),ליימן שליסל בעמ,,,יח`,200,גרם,false,1,6.90,3.45,true,1,
7290003009336,false,קבוקים קליית גת (200 גרם),ליימן שליסל בעמ,,,יח`,200,גרם,false,1,6.90,3.45,true,1,
7290003009640,false,מיץ סחוט תפוזים טבעי פריגת (1 ליטר),החב` המרכזית - טרה,,,יח`,1,1 ליטר,false,1,16.90,16.90,true,1,
7290003011087,false,אורז בסמטי 1 קג` שקית כחולה דין שיווק,דין שיווק וקליה 2021 בעמ,,,יח`,1,"ק""ג",false,1,12.20,12.20,true,1,
7290003015627,false,ריצפז פרש 2 ליטר אפרסק,החברה הדרומית לשיווק בעמ,,,יח`,2,1 ליטר,false,1,20.90,10.45,true,1,
7290003015634,false,ריצפז פרש 2 ליטר פסיפלורה,החברה הדרומית לשיווק בעמ,,,יח`,2,1 ליטר,false,1,20.90,10.45,true,1,
7290003026036,false,קמיל בלו סנסטיב אל סבון,פישר תעשיות פרמצבטיות בעמ,,,יח`,1,1 ליטר,false,1,34.90,34.90,true,1,
7290003026234,false,תחליב לתינוק קמיל בלו סנסיטיב 500 מל,פישר תעשיות פרמצבטיות בעמ,,,יח`,500,"מ""ל",false,1,33.60,6.72,true,1,
7290003029181,false,שוקו 2% בבקבוק יטבתה (1 ליטר),שטראוס גרופ בעמ/מצונן,,,יח`,1,1 ליטר,false,1,11.90,11.90,false,1,
7290003029372,false,משקה חלב בטעם בננה 2% יטבתה (1 ליטר,שטראוס גרופ בעמ/מצונן,,,יח`,1,1 ליטר,false,1,11.90,11.90,false,1,
7290003029389,false,שוקו בננה בקבוק,שטראוס גרופ בעמ/מצונן,,,יח`,250,"מ""ל",false,1,5.50,2.20,false,1,
7290003029433,false,שוקו 2% עם פקק ספורט יטבתה (250 מל),שטראוס גרופ בעמ/מצונן,,,יח`,250,"מ""ל",false,1,5.60,2.24,false,1,
7290003029532,false,משקה מוקה 2% יטבתה (1 ליטר),שטראוס גרופ בעמ/מצונן,,,יח`,1,1 ליטר,false,1,11.90,11.90,false,1,
7290003029792,false,שוקו 2% יטבתה (225x8 מל),שטראוס גרופ בעמ/מצונן,,,יח`,1.80,1 ליטר,false,1,19.90,11.06,false,1,
7290003029907,false,משקה חלב אייס קפה 2% יטבתה (1 ליטר,שטראוס גרופ בעמ/מצונן,,,יח`,1,1 ליטר,false,1,11.90,11.90,false,1,
7290003072804,false,פסטרמה של פעם עם 200 גר` טירת צבי,תנובה קפואים,,,יח`,200,גרם,false,1,26.90,13.45,true,1,
7290003072859,false,רוסטביף 120  גר`טירת צבי,תנובה קפואים,,,יח`,120,גרם,false,1,30.50,25.42,true,1,
7290003102891,false,שקיות צליה הוסט 10  יח`בקופסא,אינטרסן 1996 בעמ,,,יח`,1,,false,1,5.40,5.40,false,1,
7290003102976,false,צימרוני אוזניים טוליפס) (200,אינטרסן 1996 בעמ,,,יח`,20000,גרם,false,1,4.90,0.02,true,1,
7290003107247,false,שמרים יבשים 33  גר`שטיבל,אבאל יזמות בעמ,,,יח`,33,גרם,false,1,7.50,22.73,true,1,
7290003107353,false,משפר אפייה ביתי (10*3 גר`)שטיבל,אבאל יזמות בעמ,,,יח`,30,גרם,false,1,6.90,23,true,1,
7290003107360,false,קמח לבן בהיר 1 קג ללא צורך בניפוי,אבאל יזמות בעמ,,,יח`,1000,גרם,false,1,8.90,0.89,false,1,
7290003126958,false,טופו משק צוריאל (300 גרם),החב` המרכזית - טרה,,,יח`,300,גרם,false,1,12.70,4.23,true,1,
7290003141159,false,חטיפי מרשמלו יוגטה (180 גרם),ליימן שליסל בעמ,,,יח`,180,גרם,false,1,9.90,5.50,false,1,
7290003142477,false,ערמונים קלופים קלויים קלית גת.,ליימן שליסל בעמ,,,יח`,100,גרם,false,1,6.90,6.90,false,1,
7290003143139,false,סילאן קליית גת (900 גרם),ליימן שליסל בעמ,,,יח`,900,גרם,false,1,16.30,1.81,true,1,
7290003143146,false,ממרח תמרים קליית גת (450 גרם),ליימן שליסל בעמ,,,יח`,450,גרם,false,1,7.10,1.58,false,1,
7290003143276,false,מרשמלו מגולגל יוגטה (180 גרם),ליימן שליסל בעמ,,,יח`,180,גרם,false,1,9.90,5.50,false,1,
7290003144310,false,תערובת אגוזים וחמוציות150 גר`,ליימן שליסל בעמ,,,יח`,150,גרם,false,1,16.90,11.27,true,1,
7290003145751,false,אגוזי קשיו קלויים קליית גת (200 גרם),ליימן שליסל בעמ,,,יח`,200,גרם,false,1,15.90,7.95,true,1,
7290003145959,false,פקאן טבעי 150 גר,ליימן שליסל בעמ,,,יח`,150,גרם,false,1,20.90,13.93,false,1,
7290003217014,false,פיתות תנעמי בטעם ביתי דגנית עין בר) (5,דגנית עין בר תעשיות מזון ואפיה,,,יח`,500,גרם,false,1,5.50,1.10,false,1,
7290003217052,false,פיתות כפריות קלות 5  יח`דגנית,דגנית עין בר תעשיות מזון ואפיה,,,יח`,500,גרם,false,1,6.30,1.26,false,1,
7290003229109,false,פסטרמה הודו בפפריקה טירת צבי (400 גרם),תנובה קפואים,,,יח`,400,גרם,false,1,34.60,8.65,true,1,
7290003229116,false,פסטרמה בדבש 3% שומן טירת צבי (400 גרם),תנובה קפואים,,,יח`,400,גרם,false,1,34.60,8.65,true,1,
7290003229147,false,סלמי בסגנון איטלקי טירת צבי (300 גרם),תנובה קפואים,,,יח`,300,גרם,false,1,31.60,10.53,true,1,
7290003229154,false,סלמי קוניאק טירת צבי (300 גרם),תנובה קפואים,,,יח`,300,גרם,false,1,31.60,10.53,true,1,
7290003229192,false,כתף בקר מעושן 400  גר`טירת צבי,תנובה קפואים,,,יח`,400,גרם,false,1,37.70,9.43,true,1,
7290003229208,false,פסטרמה ספרדית 360  גר`2% טירת צבי,תנובה קפואים,,,יח`,360,גרם,false,1,34.60,9.61,true,1,
7290003229222,false,סלמי תה משובח 300 גר` טירת צבי,תנובה קפואים,,,יח`,300,גרם,false,1,24.40,8.13,false,1,
7290003268252,false,לחם חיטה מלא לילדים דגנית,דגנית עין בר תעשיות מזון ואפיה,,,יח`,750,גרם,false,1,14.50,1.93,false,1,
7290003268429,false,לחם ירוק מקמח מלא דגנית עין בר (750 גרם),דגנית עין בר תעשיות מזון ואפיה,,,יח`,750,גרם,false,1,14.90,1.99,false,1,
7290003268641,false,חלה קלועה מתוקה 500  גר`דגנית,דגנית עין בר תעשיות מזון ואפיה,,,יח`,500,גרם,false,1,12.90,2.58,false,1,
7290003287253,false,מרגז ארוז 500 גר קצבייה,בלדי בעמ,,,יח`,500,גרם,false,1,28.90,5.78,false,1,
7290003287260,false,צ`וריסוס ארוז 600 גר קצביה,בלדי בעמ,,,יח`,600,גרם,false,1,28.90,4.82,false,1,
7290003287284,false,קבב ביתי ארוז 600 גר קצביה,בלדי בעמ,,,יח`,600,גרם,false,1,28.90,4.82,false,1,
7290003321155,false,דנונה פרי בר פקאן,שטראוס גרופ בעמ/מצונן,,,יח`,175,"מ""ל",false,1,4.50,2.57,false,1,
7290003332007,false,קפה שחור עם הל נח`לה אדום (250 גרם),סובחי נחלה ובניו בעמ,,,יח`,250,גרם,false,1,15.20,6.08,false,1,
7290003387410,false,פדים להסרת איפור בלונס (80x3),ש.שסטוביץ בעמ,,,יח`,1,יח`,false,1,21.90,21.90,false,1,
7290003401369,false,נטורל פורמולה קרם לחות קלאסי,החברה הדרומית לשיווק בעמ,,,יח`,400,"מ""ל",false,1,23.40,5.85,true,1,
7290003401376,false,נטורל פורמולה קרם לחות,החברה הדרומית לשיווק בעמ,,,יח`,400,"מ""ל",false,1,23.40,5.85,true,1,
7290003411276,false,עמבה 500  גר`הנמל,הנמל אריזות ושיווק (1984) בעמ,,,יח`,600,גרם,false,1,11.50,1.92,false,1,
7290003411566,false,צמרוני עץ 200  יח`הנמל,הנמל אריזות ושיווק (1984) בעמ,,,יח`,1,,false,1,3.20,3.20,false,1,
7290003411689,false,ליפתן לבן 25 יח` הנמל,הנמל אריזות ושיווק (1984) בעמ,,,יח`,1,,false,1,4.90,4.90,true,1,
7290003411696,false,מרקיות לבן 25 יח` הנמל,הנמל אריזות ושיווק (1984) בעמ,,,יח`,25,יח`,false,1,9.90,0.40,true,1,
7290003411726,false,קיסמים הנמל) (300,הנמל אריזות ושיווק (1984) בעמ,,,יח`,1,,false,1,5.40,5.40,false,1,
7290003411832,false,גרנולה אגוזים הנמל (400 גרם),הנמל אריזות ושיווק (1984) בעמ,,,יח`,400,גרם,false,1,11.30,2.83,false,1,
7290003411849,false,גרנולה תמרים 400 גר הנמל,הנמל אריזות ושיווק (1984) בעמ,,,יח`,400,גרם,false,1,11.30,2.83,false,1,
7290003411856,false,גרנולה תפוח עץ הנמל (400 גרם),הנמל אריזות ושיווק (1984) בעמ,,,יח`,400,גרם,false,1,11.30,2.83,false,1,
7290003411993,false,גפרורים,הנמל אריזות ושיווק (1984) בעמ,,,יח`,1,,false,1,3,3,false,1,
7290003427154,false,שמן זית כתית מעולה 750 מל זיתא,תה ויסוצקי (ישראל) בעמ,,,יח`,750,"מ""ל",false,1,29.90,3.99,false,1,
7290003438006,false,אוליביה ממרח פסטו איטלקי 180 גר`,תה ויסוצקי (ישראל) בעמ,,,יח`,190,גרם,false,1,14.90,7.84,false,1,
7290003438013,false,אוליביה ממרח זיתים ירוקים (190 גרם),תה ויסוצקי (ישראל) בעמ,,,יח`,190,גרם,false,1,14.90,7.84,false,1,
7290003438020,false,אוליביה ממרח עגבניות מיובשות (190 גרם),תה ויסוצקי (ישראל) בעמ,,,יח`,190,גרם,false,1,14.90,7.84,false,1,
7290003438853,false,אוליביה אריסה חריפה (185 גרם),תה ויסוצקי (ישראל) בעמ,,,יח`,180,גרם,false,1,14.90,8.28,false,1,
7290003438990,false,אוליביה עיטורי עגבניות מיובשות (280 גרם),תה ויסוצקי (ישראל) בעמ,,,יח`,280,גרם,false,1,18.90,6.75,true,1,
7290003450602,false,חרדל היינץ (255 גרם),דיפלומט היינץ,,,יח`,255,גרם,false,1,13.20,5.18,false,1,
7290003514007,false,שקדי מרק מנה (400 גרם),ש.שסטוביץ בעמ,,,יח`,400,גרם,false,1,11.20,2.80,false,1,
7290003521081,false,סרקל שמפו 1 ליטר,פישר תעשיות פרמצבטיות בעמ,,,יח`,1,1 ליטר,false,1,31.90,31.90,false,1,
7290003524297,false,אספרגוס לבן צינצנת 330 גר`,נטו מלינדה סחר בעמ,,,יח`,330,גרם,false,1,10.90,3.30,false,1,
7290003526444,false,אננס חתוך ויליגר A2 מהדרין,נטו מלינדה סחר בעמ,,,יח`,560,גרם,false,1,7.90,1.41,false,1,
7290003550753,false,נתחי טונה בהירה בשמן פוסידון (108x4 גרם),נטו מלינדה סחר בעמ,,,יח`,432,גרם,false,1,22.90,5.30,false,1,
7290003570928,false,קבב בלדי ארוז 500  גר`קצביה,בלדי בעמ,,,יח`,500,גרם,false,1,28.90,5.78,false,1,
7290003578061,false,לבבות דקל שלמים וילי פוד (400 גרם),ג.וילי-פוד אינטרנשיונל בעמ,,,יח`,400,גרם,false,1,13.90,3.48,false,1,
7290003578078,false,קוקטייל פירות 850 גר`,ג.וילי-פוד אינטרנשיונל בעמ,,,יח`,850,גרם,false,1,10.90,1.28,false,1,
7290003578108,false,חתיכות אננס בסירופ קל וילי פוד (850 גרם),ג.וילי-פוד אינטרנשיונל בעמ,,,יח`,820,גרם,false,1,9.90,1.21,false,1,
7290003578177,false,תירס צעיר שלם וילי פוד (410 גרם),ג.וילי-פוד אינטרנשיונל בעמ,,,יח`,410,גרם,false,1,7.50,1.83,false,1,
7290003578313,false,דובדבן חמוץ ללא חרצן,ג.וילי-פוד אינטרנשיונל בעמ,,,יח`,720,גרם,false,1,9.50,1.32,true,1,
7290003578412,false,חצאי אפרסקים בסירופ קל תפארת (820 גרם),ג.וילי-פוד אינטרנשיונל בעמ,,,יח`,820,גרם,false,1,10.90,1.33,false,1,
7290003643004,false,אורז בסמטי קלאסי סוגת (1 קג),סוגת תעשיות בעמ,,,יח`,1,"ק""ג",false,1,14.90,14.90,true,1,
7290003643387,false,סוכר לבן בצנצנת סוגת (1 קג),סוגת תעשיות בעמ,,,יח`,1,"ק""ג",false,1,8.90,8.90,false,1,
7290003643646,false,סוכר דמררה סוגת 1 קג,סוגת תעשיות בעמ,,,יח`,1000,גרם,false,1,12.90,1.29,false,1,
7290003643684,false,אפונה סוגת (500 גרם),סוגת תעשיות בעמ,,,יח`,500,גרם,false,1,7.90,1.58,true,1,
7290003643707,false,גריסים סוגת (500 גרם),סוגת תעשיות בעמ,,,יח`,500,גרם,false,1,6.50,1.30,true,1,
7290003643714,false,חומוס סוגת (500 גרם),סוגת תעשיות בעמ,,,יח`,500,גרם,false,1,8.90,1.78,true,1,
7290003643738,false,חיטה סוגת (500 גרם),סוגת תעשיות בעמ,,,יח`,500,גרם,false,1,6.50,1.30,true,1,
7290003643745,false,כוסמת סוגת (500 גרם),סוגת תעשיות בעמ,,,יח`,500,גרם,false,1,8.90,1.78,true,1,
7290003643752,false,עדשים ירוקות סוגת (500 גרם),סוגת תעשיות בעמ,,,יח`,500,גרם,false,1,8.90,1.78,true,1,
7290003643769,false,עדשים אדומות סוגת (500 גרם),סוגת תעשיות בעמ,,,יח`,500,גרם,false,1,8.90,1.78,true,1,
7290003643776,false,פופקורן סוגת (500 גרם),סוגת תעשיות בעמ,,,יח`,500,גרם,false,1,7.50,1.50,true,1,
7290003643806,false,שעועית לבנה יבשה סוגת (500 גרם),סוגת תעשיות בעמ,,,יח`,500,גרם,false,1,13.90,2.78,true,1,
7290003643820,false,חומוס ענק סוגת (500 גרם),סוגת תעשיות בעמ,,,יח`,500,גרם,false,1,13.90,2.78,true,1,
7290003681051,false,פקאן סיני מסוכר 100  גר`מיה,מיה תעשיות מזון מ.ת.מ. בעמ,,,יח`,100,גרם,false,1,18.90,18.90,false,1,
7290003681303,false,שעועית מעורבת 500  גר`מיה,מיה תעשיות מזון מ.ת.מ. בעמ,,,יח`,500,גרם,false,1,13.20,2.64,false,1,
7290003681334,false,קוקוס מיה (400 גרם),מיה תעשיות מזון מ.ת.מ. בעמ,,,יח`,400,גרם,false,1,13.20,3.30,false,1,
7290003681365,false,קישוט לעוגה 70  גר`צבעוני,מיה תעשיות מזון מ.ת.מ. בעמ,,,יח`,200,גרם,false,1,7.10,3.55,false,1,
7290003681693,false,חומוס לבן ענק מיה (500 גרם),מיה תעשיות מזון מ.ת.מ. בעמ,,,יח`,500,גרם,false,1,12.20,2.44,false,1,
7290003681716,false,גריסי פנינה מיה (500 גרם),מיה תעשיות מזון מ.ת.מ. בעמ,,,יח`,500,גרם,false,1,7.40,1.48,false,1,
7290003681785,false,אורז בסגנון פרסי זהב מיה (1 קג),מיה תעשיות מזון מ.ת.מ. בעמ,,,יח`,1,"ק""ג",false,1,8.10,8.10,false,1,
7290003718610,false,במיה 400  גר`בלדי בדץ,בלדי בעמ,,,יח`,400,גרם,false,1,10.90,2.73,false,1,
7290003718627,false,פול ירוק 400  גר`בלדי בדץ,בלדי בעמ,,,יח`,400,גרם,false,1,10.90,2.73,false,1,
7290003726141,false,טופו משק גאיה (300 גרם),מחלבות גד שיווק 1992 בעמ,,,יח`,320,גרם,false,1,12.90,4.03,false,1,
7290003726592,false,טופו ויילר 300 גר` בטע,שטראוס גרופ בעמ/מצונן,,,יח`,300,גרם,false,1,12.50,4.17,true,1,
7290003726615,false,טופו ויילר 300 גר`,שטראוס גרופ בעמ/מצונן,,,יח`,300,גרם,false,1,12.50,4.17,true,1,
7290003726868,false,טופו חומוס בתוספת עגבניות מיובשות 300 גר,שטראוס גרופ בעמ/מצונן,,,יח`,300,גרם,false,1,13.90,4.63,true,1,
7290003744428,false,אובלטים מלוחים דקדקים קימל ברט (300 גרם),שוקוטרייד בעמ,,,יח`,300,גרם,false,1,13.20,4.40,false,1,
7290003744831,false,אובלטים 300  גר`עם בצל,שוקוטרייד בעמ,,,יח`,300,גרם,false,1,13.20,4.40,false,1,
7290003744848,false,אובלטים 300  גר`עם גריל,שוקוטרייד בעמ,,,יח`,300,גרם,false,1,13.20,4.40,false,1,
7290003744855,false,אובלטים 300  גר`עם שומשום,שוקוטרייד בעמ,,,יח`,300,גרם,false,1,13.20,4.40,false,1,
7290003744862,false,אובלטים מלוחים דקיקים זעתר ברט (300 גרם),שוקוטרייד בעמ,,,יח`,300,גרם,false,1,13.20,4.40,false,1,
7290003781065,false,קורנישונים כבושום בחומץ 680  גר`וילי פוד,ג.וילי-פוד אינטרנשיונל בעמ,,,יח`,690,גרם,false,1,10.90,1.58,false,1,
7290003804320,false,תיבולית שום,יוניליוור ישראל שיווק בעמ,,,יח`,80,גרם,false,1,10.90,13.63,true,1,
7290003805501,false,פתית בסגנון שוודי תלמה (300 גרם),יוניליוור ישראל שיווק בעמ,,,יח`,300,גרם,false,1,19.30,6.43,true,1,
7290003805587,false,פתית חיטה מלאה תלמה (250 גרם),יוניליוור ישראל שיווק בעמ,,,יח`,250,גרם,false,1,19.30,7.72,true,1,
7290003807178,false,רוטב סויה סגנון סיני קנור (300 מל),יוניליוור ישראל שיווק בעמ,,,יח`,300,"מ""ל",false,1,13.90,4.63,true,1,
7290003807482,false,רוטב טריאקי קנור (300 מל),יוניליוור ישראל שיווק בעמ,,,יח`,300,"מ""ל",false,1,13.90,4.63,true,1,
7290003864478,false,סרדינים בשמן צמחי וילי פוד (110 גרם),ג.וילי-פוד אינטרנשיונל בעמ,,,יח`,110,גרם,false,1,6.10,5.55,true,1,
7290003882922,false,עלי גפן ממולאים באורז 400 גר`.,ג.וילי-פוד אינטרנשיונל בעמ,,,יח`,400,גרם,false,1,9.90,2.48,false,1,
7290003962037,false,שום כתוש 200 גר`.,מטעמי אביטלי,,,יח`,200,גרם,false,1,12.90,6.45,false,1,
7290003962112,false,שום כתוש 400 גר`,מטעמי אביטלי,,,יח`,400,גרם,false,1,17.90,4.48,false,1,
7290003962419,false,עמבה 250 גר`,מטעמי אביטלי,,,יח`,250,גרם,false,1,12.90,5.16,false,1,
7290003989096,false,חצילים פיקנטי אחלה (500 גרם),שטראוס גרופ בעמ/מצונן,,,יח`,575,גרם,false,1,16.60,2.89,true,1,
7290003989539,false,רביולי עם גבינה שטראוס (400 גרם),שטראוס גרופ בעמ/מצונן,,,יח`,400,גרם,false,1,21.70,5.43,true,1,
7290003989553,false,טורטליני פטריות 400  גר`שטראוס,שטראוס גרופ בעמ/מצונן,,,יח`,400,גרם,false,1,21.70,5.43,true,1,
7290003996094,false,סלרי חסלט,יעל ירק עלים לשיווק בעמ,,,יח`,1,,false,1,7.90,7.90,false,1,
7290003996117,false,כרוב לבן חסלט,יעל ירק עלים לשיווק בעמ,,,"ק""ג",1,,true,1,14.90,14.90,false,1,
7290003996209,false,פטריות א.א. חסלט,יעל ירק עלים לשיווק בעמ,,,יח`,1,,false,1,9.90,9.90,false,1,
7290003996575,false,סלק וואקום שקית 500  גר- חסלט,יעל ירק עלים לשיווק בעמ,,,יח`,3,1 ליטר,false,1,6.90,2.30,false,1,
7290003996742,false,תרד קצוץ 300 גרם חסלט,יעל ירק עלים לשיווק בעמ,,,יח`,300,גרם,false,1,13.90,4.63,false,1,
7290004011284,false,בסיס להכנת קצפת צמחי ריץ` (212 מל),נטו מלינדה סחר בעמ,,,יח`,212,"מ""ל",false,1,10.10,4.76,true,1,
7290004011338,false,קצפת מתוקה מוכנה ספריי ריץ` (250 מל),נטו מלינדה סחר בעמ,,,יח`,250,"מ""ל",false,1,17.90,7.16,true,1,
7290004011345,false,קצפת 250 מל פרווה ארוסול,נטו מלינדה סחר בעמ,,,יח`,250,"מ""ל",false,1,17.90,7.16,true,1,
7290004011819,false,המבורגר ריב אנטריקוט אל גאוצ`ו 360 גר,נטו מלינדה סחר בעמ,,,יח`,360,גרם,false,1,24.40,6.78,true,1,
7290004030100,false,מיץ תפוזים סחוט וולנסיה 1 ליטר,תנובה - פריניב,,,יח`,1,1 ליטר,false,1,17.90,17.90,false,1,
7290004030834,false,מיץ רימונים 1 ליטר,תנובה - פריניב,,,יח`,1,1 ליטר,false,1,25.90,25.90,false,1,
7290004061487,false,טבעות עוף700  גר`טופ שף,קפוא-זן תעשיות מזון בעמ - תפוג,,,יח`,700,גרם,false,1,15.90,2.27,false,1,
7290004063016,false,מלח שולחן מעולה סלית (1  קג)פיקוח,סוגת תעשיות בעמ,,,יח`,1,"ק""ג",false,1,1.90,1.90,false,1,
7290004063115,false,מלח מטבח גס ארזינא (1  קג)פיקוח,סוגת תעשיות בעמ,,,יח`,1,"ק""ג",false,1,1.90,1.90,false,1,
7290004064099,false,מטחנה מלח מהרי ההימלאיה,סוגת תעשיות בעמ,,,יח`,250,גרם,false,1,17.90,7.16,true,1,
7290004064174,false,מלח ההימלאיה דק בצנצנת 1 קג`,סוגת תעשיות בעמ,,,יח`,1,"ק""ג",false,1,17.90,17.90,true,1,
7290004064297,false,מלח מועשר ביוד בצנצנת 1 קג מלח הארץ,סוגת תעשיות בעמ,,,יח`,1000,גרם,false,1,9.90,0.99,false,1,
7290004064303,false,מלח אטלנטי בצנצנת 800  גר`מלח הארץ,סוגת תעשיות בעמ,,,יח`,800,גרם,false,1,19.90,2.49,false,1,
7290004068172,false,יוגורט עיזים 5% גד (600 גרם),מחלבות גד שיווק 1992 בעמ,,,יח`,600,גרם,false,1,18.90,3.15,false,1,
7290004078942,false,ליידי ספיד סטיק 24/7 פיור פרשנס,ש.שסטוביץ בעמ,,,יח`,65,גרם,false,1,18.90,29.08,false,1,
7290004119225,false,יוגורט ביו 3% אננס יופלה (150 גרם),תנובה - חלב,,,יח`,150,"מ""ל",false,1,5.20,3.47,false,1,
7290004119928,false,מעדן חלב 3% בטעם וניל קרלו (125 גרם),תנובה - חלב,,,יח`,125,"מ""ל",false,1,2.90,2.32,false,1,
7290004119973,false,מעדן קרלו שוקו 125 גר`,תנובה - חלב,,,יח`,125,"מ""ל",false,1,2.90,2.32,false,1,
7290004120061,false,מעדן חלב 1.5% שוניל קרלו (125 גרם),תנובה - חלב,,,יח`,125,"מ""ל",false,1,3,2.40,false,1,
7290004120108,false,דיאט יופלה דובדבן,תנובה - חלב,,,יח`,150,"מ""ל",false,1,5.20,3.47,false,1,
7290004120566,false,גבינה בולגרית  (25024%  גרם)פיראוס תנובה,תנובה - חלב,,,יח`,250,גרם,false,1,22.90,9.16,false,1,
7290004120573,false,גבינה בולגרית  (25016%  גרם)פיראוס תנובה,תנובה - חלב,,,יח`,250,גרם,false,1,23.90,9.56,false,1,
7290004120634,false,גבינה בולגרית  (2505%  גרם)פיראוס תנובה,תנובה - חלב,,,יח`,250,גרם,false,1,21.90,8.76,false,1,
7290004120832,false,חלב 3% מהדרין תנובה (2  ליטר)פי,תנובה - חלב,,,יח`,2,1 ליטר,false,1,12.46,6.23,false,1,
7290004121525,false,מאגדת 8 יופלה 3%,תנובה - חלב,,,יח`,1.20,1 ליטר,false,1,29.90,24.92,false,1,
7290004121754,false,יופלה עוגת גבינה ותות 3%,תנובה - חלב,,,יח`,150,"מ""ל",false,1,5.20,3.47,false,1,
7290004121853,false,גבינה בולגרית קוביות  (2005%  גרם)פיראוס,תנובה - חלב,,,יח`,200,גרם,false,1,22.90,11.45,false,1,
7290004122119,false,פתיתי פרמז`ן השף הלבן (100 גרם),תנובה - חלב,,,יח`,100,גרם,false,1,13.50,13.50,false,1,
7290004122195,false,גוש חלב פרוס,תנובה - חלב,,,יח`,200,גרם,false,1,14.50,7.25,false,1,
7290004122270,false,גבינה צהובה קלאסית 28% עמק (200 גרם),תנובה - חלב,,,יח`,200,גרם,false,1,16.10,8.05,false,1,
7290004122348,false,גבינה צהובה מופחתת שומן 9% עמק (200 גרם),תנובה - חלב,,,יח`,200,גרם,false,1,16.90,8.45,false,1,
7290004122676,false,גבינה חמד לייט  (2505%  גרם)פיראוס תנובה,תנובה - חלב,,,יח`,250,גרם,false,1,17.90,7.16,false,1,
7290004122683,false,אצבעות עמק,תנובה - חלב,,,יח`,172,גרם,false,1,16.80,9.77,false,1,
7290004124205,false,יוגורט ביו דיאט 0% תות יופלה (150 גרם),תנובה - חלב,,,יח`,150,"מ""ל",false,1,5.20,3.47,false,1,
7290004124847,false,קצפת צמחית השף הלבן 500,תנובה - חלב,,,יח`,500,"מ""ל",false,1,15.90,3.18,false,1,
7290004125370,false,שמנת 9%,תנובה - חלב,,,יח`,200,"מ""ל",false,1,3.70,1.85,false,1,
7290004125400,false,אשל 4.5% מהדרין תנובה (200  מל)פיקוח,תנובה - חלב,,,יח`,200,"מ""ל",false,1,1.69,0.85,false,1,
7290004125417,false,גיל 3% מהדרין תנובה (200  מל)פיקוח,תנובה - חלב,,,יח`,200,"מ""ל",false,1,1.51,0.76,false,1,
7290004125455,false,שמנת חמוצה 15% מהדרין תנובה (200 מל),תנובה - חלב,,,יח`,200,"מ""ל",false,1,2.40,1.20,false,1,
7290004125462,false,שמנת חמוצה 15% תנובה (500 מל),תנובה - חלב,,,יח`,500,"מ""ל",false,1,6,1.20,false,1,
7290004125509,false,שמנת חמוצה 15% תנובה (100 מל),תנובה - חלב,,,יח`,100,"מ""ל",false,1,1.70,1.70,false,1,
7290004125585,false,משקה סויה 1 ליטר וניל על הבוקר,תנובה - חלב,,,יח`,1,1 ליטר,false,1,10.90,10.90,false,1,
7290004125721,false,שמנת עמידה לבישול 15% השף הלבן (250 מל),תנובה - חלב,,,יח`,250,"מ""ל",false,1,8.20,3.28,false,1,
7290004125738,false,השף הלבן שמנת להקצפה 250,תנובה - חלב,,,יח`,250,"מ""ל",false,1,6.70,2.68,false,1,
7290004125776,false,גבינה צהובה קלאסית 28% עמק (400 גרם),תנובה - חלב,,,יח`,400,גרם,false,1,29.20,7.30,false,1,
7290004126872,false,משקה שוק שוקו 250 מל,תנובה - חלב,,,יח`,250,"מ""ל",false,1,5.90,2.36,false,1,
7290004127329,false,גבינת  קוטג`5% תנובה (250 גרם),תנובה - חלב,,,יח`,250,גרם,false,1,5.70,2.28,false,1,
7290004127336,false,גבינת  קוטג`9% תנובה (250 גרם),תנובה - חלב,,,יח`,250,גרם,false,1,5.50,2.20,false,1,
7290004127800,false,גבינה לבנה 5% תנובה (500  גרם)פיק,תנובה - חלב,,,יח`,500,גרם,false,1,9.96,1.99,false,1,
7290004127817,false,גבינה לבנה 9% תנובה (500 גרם),תנובה - חלב,,,יח`,500,גרם,false,1,9.50,1.90,false,1,
7290004127862,false,גבינה לבנה 5% תנובה (750 גרם),תנובה - חלב,,,יח`,750,גרם,false,1,14.94,1.99,false,1,
7290004128432,false,פתיתים מיוחדים לפיצה,תנובה - חלב,,,יח`,500,גרם,false,1,22.30,4.46,false,1,
7290004129101,false,גבינת נפוליאון 225  גר`טבעי גביע,תנובה - חלב,,,יח`,225,גרם,false,1,14.90,6.62,false,1,
7290004129156,false,גבינת נפוליאון 225  גר`שום שמיר גביע,תנובה - חלב,,,יח`,225,גרם,false,1,14.90,6.62,false,1,
7290004129767,false,יופלה לבן שמינייה 3%,תנובה - חלב,,,יח`,1200,"מ""ל",false,1,17.90,1.49,false,1,
7290004130794,false,משקה סויה במתיקות מופחתת תנובה (1 ליטר),תנובה - חלב,,,יח`,1,1 ליטר,false,1,10.90,10.90,false,1,
7290004130916,false,יופלה שמנת עם פירות יער,תנובה - חלב,,,יח`,150,"מ""ל",false,1,5.20,3.47,false,1,
7290004131050,false,חלב שקית 1 ליטר %1פיקוח,תנובה - חלב,,,יח`,1,1 ליטר,false,1,4.81,4.81,false,1,
7290004131074,false,חלב 3% מהדרין תנובה (1 ליטר),תנובה - חלב,,,יח`,1,1 ליטר,false,1,6.23,6.23,false,1,
7290004131432,false,יופלה-קרם יוגורט 3%,תנובה - חלב,,,יח`,200,"מ""ל",false,1,3.90,1.95,false,1,
7290004131456,false,יופלה-קרם יוגורט 1.5%,תנובה - חלב,,,יח`,200,"מ""ל",false,1,3.90,1.95,false,1,
7290004131814,false,גבינת צפתית מעודנת  (2005%  גרם)פיראוס ת,תנובה - חלב,,,יח`,200,גרם,false,1,15.90,7.95,false,1,
7290004132552,false,משקה סויה 1 ליטר דיא,תנובה - חלב,,,יח`,1,1 ליטר,false,1,10.90,10.90,false,1,
7290004132606,false,קרלו מיני שמינייה וניל,תנובה - חלב,,,יח`,800,"מ""ל",false,1,13.90,1.74,false,1,
7290004132712,false,אצבעות עמק,תנובה - חלב,,,יח`,174,גרם,false,1,16.90,9.71,false,1,
7290004133511,false,מאגדת שמינייה יופלה,תנובה - חלב,,,יח`,1.20,1 ליטר,false,1,20.90,17.42,false,1,
7290004135058,false,קרלו מיני שמינייה שוקולד,תנובה - חלב,,,יח`,800,"מ""ל",false,1,13.90,1.74,false,1,
7290004135072,false,קרלו מיני שמינייה שוקולד,תנובה - חלב,,,יח`,800,"מ""ל",false,1,13.90,1.74,false,1,
7290004135119,false,מעדן חלב בטעם וניל בדץ קרלו (100x8 גרם),תנובה - חלב,,,יח`,800,"מ""ל",false,1,13.90,1.74,false,1,
7290004135225,false,מעדן בטעם שוקולד 0% תנובה (150 גרם),תנובה - חלב,,,יח`,150,"מ""ל",false,1,4,2.67,false,1,
7290004135614,false,גבינה בולגרית מעודנת  (2505%  גרם)פיראוס,תנובה - חלב,,,יח`,250,גרם,false,1,22.90,9.16,false,1,
7290004136857,false,מעדן ג`לי בטעם פטל תנובה (125 גרם),תנובה - חלב,,,יח`,125,"מ""ל",false,1,2.40,1.92,false,1,
7290004136864,false,ג`לי אננס+חתיכות,תנובה - חלב,,,יח`,125,"מ""ל",false,1,2.70,2.16,false,1,
7290004136871,false,ג`לי אפרסק+חתיכות,תנובה - חלב,,,יח`,125,"מ""ל",false,1,2.70,2.16,false,1,
7290004137021,false,שמנת עמידה לבישול 10% השף הלבן (250 מל),תנובה - חלב,,,יח`,250,"מ""ל",false,1,8.20,3.28,false,1,
7290004137311,false,גבינה צהובה מופחתת שומן 9% עמק (400 גרם),תנובה - חלב,,,יח`,400,גרם,false,1,30.80,7.70,false,1,
7290004137809,false,לאבנה אסלית 5% גביע (250  גרם)פיראוס תנו,תנובה - חלב,,,יח`,250,גרם,false,1,13.50,5.40,false,1,
7290004199203,false,קיסמי שיניים במבוק מלחיה לב הוסטס) (300,אינטרסן 1996 בעמ,,,יח`,1,,false,1,4.50,4.50,false,1,
7290004199807,false,כפפות לאטקס 100 יח מידה  -L,אינטרסן 1996 בעמ,,,יח`,1,,false,1,30.90,30.90,false,1,
7290004219819,false,קומפלטה מלבין חלבי,ג.וילי-פוד אינטרנשיונל בעמ,,,יח`,200,גרם,false,1,10.90,5.45,false,1,
7290004219826,false,מלבין קפה הולנדי 400 גר`,ג.וילי-פוד אינטרנשיונל בעמ,,,יח`,400,גרם,false,1,20.90,5.23,false,1,
7290004225285,false,גבינה בסגנון דנאבלו 100 גר,נטו מלינדה סחר בעמ,,,יח`,100,גרם,false,1,14.20,14.20,true,1,
7290004230944,false,מקלות פילו גבינה שלושת האופים,נטו מלינדה סחר בעמ,,,יח`,600,גרם,false,1,20.90,3.48,true,1,
7290004263515,false,מעורב-עטרה,נטו מלינדה סחר - עטרה,,,יח`,800,גרם,false,1,19.60,2.45,false,1,
7290004492274,false,בייגלה גל גל 400 גר`,יוניליוור ישראל שיווק בעמ,,,יח`,400,גרם,false,1,11.50,2.88,true,1,
7290004492762,false,נשנושים חטיף תירס בייגל בייגל (325 גרם),יוניליוור ישראל שיווק בעמ,,,יח`,325,גרם,false,1,14.50,4.46,true,1,
7290004494148,false,מרלו 750 מל D דלתון,הכרם - משקאות חריפים בעמ,,,יח`,750,"מ""ל",false,1,65.90,8.75,true,1,
7290004575632,false,ריאו קרמבו י16ח וניל,ריאו נתניה ביחר לגלידה וממתקים,,,יח`,1,,false,1,21.90,21.90,false,1,
7290004584306,false,גמדים רביעייה תות בננה,שטראוס גרופ בעמ/מצונן,,,יח`,400,"מ""ל",false,1,11.70,2.93,true,1,
7290004584351,false,גבינת במרקם שמנת 5% סימפוניה 200 גר (200,שטראוס גרופ בעמ/מצונן,,,יח`,200,גרם,false,1,12.20,6.10,false,1,
7290004584528,false,יוגורט ביו 1.7% דנונה (200 גרם),שטראוס גרופ בעמ/מצונן,,,יח`,200,"מ""ל",false,1,3.70,1.85,false,1,
7290004585907,false,דני וניל בודד,שטראוס גרופ בעמ/מצונן,,,יח`,130,"מ""ל",false,1,2.70,2.08,false,1,
7290004603175,false,מלח הים האדום גס מלח הארץ (500 גרם),סוגת תעשיות בעמ,,,יח`,500,גרם,false,1,7.90,1.58,false,1,
7290004658953,false,סוביניון בלאן פי.סי יין לבן יבש 750 מל,אגודת הכורמים,,,יח`,750,"מ""ל",false,1,41.90,5.55,true,1,
7290004685027,false,חיטה מלאה פלוס לחם הארץ (500 גרם),י.את א. ברמן בעמ,,,יח`,500,גרם,false,1,16.20,3.24,false,1,
7290004685126,false,לחם 5 דגנים פרוס לחם הארץ (750 גרם),י.את א. ברמן בעמ,,,יח`,750,גרם,false,1,16.20,2.16,false,1,
7290004685157,false,לחם שיפון 100% פרוס לחם הארץ (750 גרם),י.את א. ברמן בעמ,,,יח`,750,גרם,false,1,16.20,2.16,false,1,
7290004685195,false,לחם 10 דגנים פרוס לחם הארץ (750 גרם),י.את א. ברמן בעמ,,,יח`,750,גרם,false,1,16.20,2.16,false,1,
7290004685225,false,לחם פומפרניקל פרוס לחם הארץ (750 גרם),י.את א. ברמן בעמ,,,יח`,750,גרם,false,1,16.20,2.16,false,1,
7290004685430,false,100% לחם כומסין 500 גר לחם הארץ,י.את א. ברמן בעמ,,,יח`,500,גרם,false,1,16.20,3.24,false,1,
7290004685454,false,לחם שיבולת שועל 500  גר`ברמן,י.את א. ברמן בעמ,,,יח`,500,גרם,false,1,16.90,3.38,false,1,
7290004731083,false,אל סבון נוזלי ג`ינסנג כיף (1 ליטר),החברה הדרומית לשיווק בעמ,,,יח`,1,1 ליטר,false,1,15.20,15.20,true,1,
7290004737900,false,חלב מרוכז הולנדי וילי פוד (397 גרם),ג.וילי-פוד אינטרנשיונל בעמ,,,יח`,397,גרם,false,1,10.90,2.75,false,1,
7290005079290,false,גבנצ 15% נעם חריץ מעדנייה,החב` המרכזית - טרה,,,"ק""ג",1000,גרם,true,1,68,6.80,false,1,
7290005084355,false,משחת שיניים דואל קר סנסודיין (75 מל),גורי ע.ע.ע בעמ,,,יח`,75,גרם,false,1,22.90,30.53,true,1,
7290005174513,false,חצילים במיונז אחלה (500 גרם),שטראוס גרופ בעמ/מצונן,,,יח`,500,גרם,false,1,16.20,3.24,true,1,
7290005174551,false,חומוס אחלה (125 גרם),שטראוס גרופ בעמ/מצונן,,,יח`,125,גרם,false,1,5.10,4.08,false,1,
7290005174568,false,חצילים אחלה יום יום 125 גר`,שטראוס גרופ בעמ/מצונן,,,יח`,125,גרם,false,1,5.10,4.08,false,1,
7290005174575,false,טחינה אחלה (125 גרם),שטראוס גרופ בעמ/מצונן,,,יח`,125,גרם,false,1,5,4,false,1,
7290005197758,false,חיוכים שוקו 150,שטראוס גרופ בעמ,,,יח`,150,גרם,false,1,6.10,4.07,false,1,
7290005199578,false,קפה PLATINUM נטול 200 גר,שטראוס גרופ בעמ,,,יח`,200,גרם,false,1,24.90,12.45,false,1,
7290005200786,false,תפוצ`יפס 50 גר שמנת בצל,שטראוס פריטו ליי בעמ,,,יח`,50,גרם,false,1,4,8,false,1,
7290005201455,false,קפה נמס ארומה קלאסי עלית (200 גרם),שטראוס גרופ בעמ,,,יח`,200,גרם,false,1,27.50,13.75,true,1,
7290005201882,false,קפה טורקי עלית (200 גרם),שטראוס גרופ בעמ,,,יח`,200,גרם,false,1,16.30,8.15,true,1,
7290005230035,false,צלחת ענק לבן בייסיק 50 יח`,פאלאס תעשיות נטו (2014) בעמ,,,יח`,1,,false,1,19.90,19.90,false,1,
7290005230042,false,צלחת קטנה לבן 50 יח פאלאס,פאלאס תעשיות נטו (2014) בעמ,,,יח`,1,,false,1,12.90,12.90,true,1,
7290005230059,false,צלחת מרק לבנה 25 יח פאלאס .,פאלאס תעשיות נטו (2014) בעמ,,,יח`,1,,false,1,9.90,9.90,false,1,
7290005230059,false,צלחת מרק לבנה 25 יח פאלאס .,פאלאס תעשיות נטו (2014) בעמ,,,יח`,2500,גרם,false,1,5,0.20,false,1,
7290005230066,false,ליפתניות לבן 25 יח פאלאס,פאלאס תעשיות נטו (2014) בעמ,,,יח`,1,,false,1,5.90,5.90,true,1,
7290005230455,false,צלחת מרכזית חד פעמי 30  יח`פאלאס,פאלאס תעשיות נטו (2014) בעמ,,,יח`,1,,false,1,16.90,16.90,false,1,
7290005230769,false,צלחת גדולה לבן 50 יח פאלאס,פאלאס תעשיות נטו (2014) בעמ,,,יח`,1,,false,1,16.90,16.90,true,1,
7290005230806,false,כוסות לשתיה קרה 100/180,פאלאס תעשיות נטו (2014) בעמ,,,יח`,1,,false,1,9.90,9.90,true,1,
7290005230813,false,קערית אובלית לבן 25 יח פאלאס,פאלאס תעשיות נטו (2014) בעמ,,,יח`,1,,false,1,9.20,9.20,true,1,
7290005287206,false,טונה סטאריקיסט בשמן 160  גר`רביעייה,סטארקיסט דיפלומט היינץ,,,יח`,640,גרם,false,1,25.90,4.05,true,1,
7290005287213,false,טונה סטארקיסט בשמן 160  גר`רביעייה בדצ,סטארקיסט דיפלומט היינץ,,,יח`,640,גרם,false,1,25.90,4.05,true,1,
7290005287251,false,טונה סטארקיסט במים 160  גר`רביעייה,סטארקיסט דיפלומט היינץ,,,יח`,640,גרם,false,1,25.90,4.05,true,1,
7290005287510,false,ס.ק בשמן עם פלפל חריף 160 גרם בי,סטארקיסט דיפלומט היינץ,,,יח`,160,גרם,false,1,9.90,6.19,false,1,
7290005287527,false,ס.ק בשמן עם לימון פ.ק 160 גרם בי,סטארקיסט דיפלומט היינץ,,,יח`,160,גרם,false,1,9.90,6.19,false,1,
7290005287695,false,סטרקיסט סלט טונה 85 גר`,סטארקיסט דיפלומט היינץ,,,יח`,85,גרם,false,1,6.10,7.18,false,1,
7290005296246,false,פותח סתימות DRAIN OUT,יעקב יעקבי ובניו בעמ,,,יח`,946,"מ""ל",false,1,26.90,2.84,false,1,
7290005418716,false,נטורל קרם לחות 400 מל,החברה הדרומית לשיווק בעמ,,,יח`,400,"מ""ל",false,1,23.40,5.85,true,1,
7290005423055,false,מתז פורטה פלוס לימון 1 ליטר XL סנו,החברה הדרומית לשיווק בעמ,,,יח`,1000,"מ""ל",false,1,18.90,1.89,true,1,
7290005423253,false,סנו מקסימה למייבש 750 מל,החברה הדרומית לשיווק בעמ,,,יח`,750,"מ""ל",false,1,18.90,2.52,true,1,
7290005423567,false,מטליות לניקוי בגליל צהוב סנו סושי) (40,החברה הדרומית לשיווק בעמ,,,יח`,1,,false,1,20.90,20.90,true,1,
7290005423635,false,דוחה חרקים 2 ליטר,החברה הדרומית לשיווק בעמ,,,יח`,2,1 ליטר,false,1,24.40,12.20,true,1,
7290005423734,false,סנו מקסימה4 ליטר תכלת,החברה הדרומית לשיווק בעמ,,,יח`,4,1 ליטר,false,1,22.40,5.60,true,1,
7290005423918,false,סנו מקסימה4 ליטר כחול,החברה הדרומית לשיווק בעמ,,,יח`,4,1 ליטר,false,1,22.40,5.60,true,1,
7290005424014,false,פיסגה אבקת כביסה  סנו-120 כביסות (6 קג),החברה הדרומית לשיווק בעמ,,,יח`,6000,גרם,false,1,49.90,0.83,false,1,
7290005424403,false,אל סבון נוזלי כיף (1 ליטר),החברה הדרומית לשיווק בעמ,,,יח`,1,1 ליטר,false,1,15.20,15.20,true,1,
7290005424762,false,ריצפז+דוחה חרקים+ווקס,החברה הדרומית לשיווק בעמ,,,יח`,2,1 ליטר,false,1,27.50,13.75,false,1,
7290005424915,false,סנומוד נטול גזפציולי 150 מל,החברה הדרומית לשיווק בעמ,,,יח`,150,"מ""ל",false,1,11.90,7.93,true,1,
7290005425196,false,א.כביסה סנו מקסימה 2.5 קג`,החברה הדרומית לשיווק בעמ,,,יח`,2.50,"ק""ג",false,1,25.90,10.36,true,1,
7290005425646,false,קליר נוזל לניקוי רב תכליתי סנו (1 ליטר),החברה הדרומית לשיווק בעמ,,,יח`,1,1 ליטר,false,1,12.90,12.90,true,1,
7290005425912,false,סנו אוקסיג`ן 4 ליטר,החברה הדרומית לשיווק בעמ,,,יח`,4,1 ליטר,false,1,33.90,8.48,true,1,
7290005426803,false,סנו מקסימה4 ליטר סגול,החברה הדרומית לשיווק בעמ,,,יח`,4,1 ליטר,false,1,22.40,5.60,true,1,
7290005427107,false,מגבת הפלא סנו סושי (6),החברה הדרומית לשיווק בעמ,,,יח`,570,גרם,false,1,13.90,2.44,true,1,
7290005428852,false,מגבוני טישו צבעוני סנו) (100x5,החברה הדרומית לשיווק בעמ,,,יח`,650,גרם,false,1,12.90,1.98,false,1,
7290005429279,false,סנו מקסימה 6 קג`,החברה הדרומית לשיווק בעמ,,,יח`,6,"ק""ג",false,1,49.90,8.32,false,1,
7290005430480,false,מטלית הפלא מיקרופייבר סנו סושי,החברה הדרומית לשיווק בעמ,,,יח`,1,,false,1,7.90,7.90,true,1,
7290005430510,false,נייר טואלט לבן סנו סופט (18.4x40 מטר),החברה הדרומית לשיווק בעמ,,,יח`,570,גרם,false,1,36.90,6.47,true,1,
7290005430602,false,סנו אוקסיג`ן מרסס מסיר כתמים,החברה הדרומית לשיווק בעמ,,,יח`,750,"מ""ל",false,1,19.90,2.65,true,1,
7290005431883,false,מלבי חלבי 165  גר`עדן קינוחים,תנובה - חלב,,,יח`,165,"מ""ל",false,1,7.20,4.36,false,1,
7290005559587,false,מאפה נקניקיה מעדנות,תנובה קפואים,,,יח`,800,גרם,false,1,31.70,3.96,false,1,
7290005559907,false,פיצה משפחתית גבינה מעדנות (500 גרם),תנובה קפואים,,,יח`,500,גרם,false,1,27.50,5.50,false,1,
7290005559914,false,פיצה משפחתית זיתים מעדנות (550 גרם),תנובה קפואים,,,יח`,550,גרם,false,1,27.50,5,false,1,
7290005559990,false,בצק פילאס תורכי מעדנות (600 גרם),תנובה קפואים,,,יח`,600,גרם,false,1,25.40,4.23,false,1,
7290005576010,false,חסה מהדרין גלאט עלים,רביבים עלי דשא בעמ,,,יח`,1,,false,1,7.90,7.90,false,1,
7290005576027,false,פטרוזליה גלאט,רביבים עלי דשא בעמ,,,יח`,1,,false,1,6.90,6.90,false,1,
7290005576034,false,כוסברה גלאט,רביבים עלי דשא בעמ,,,יח`,1,,false,1,6.90,6.90,false,1,
7290005576041,false,שמיר גלאט,רביבים עלי דשא בעמ,,,יח`,1,,false,1,6.90,6.90,false,1,
7290005576065,false,סלרי גלאט,רביבים עלי דשא בעמ,,,יח`,1,,false,1,7.90,7.90,false,1,
7290005576072,false,מנגולד עלי סלק גלאט,רביבים עלי דשא בעמ,,,יח`,1,,false,1,7.90,7.90,false,1,
7290005576089,false,בצל ירוק גלאט,רביבים עלי דשא בעמ,,,יח`,1,,false,1,7.90,7.90,false,1,
7290005591761,false,דבש לחיץ 400  גר`יד מרדכי,שטראוס גרופ בעמ,,,יח`,400,גרם,false,1,21.90,5.48,false,1,
7290005610509,false,צנונית ארוזה,תוצרת הנגב אגודה שיתופית חקלאי,,,יח`,1,,false,1,6.90,6.90,true,1,
7290005838002,false,דניאלה מעדן בטעם וניל שטראוס (88 גרם),שטראוס גרופ בעמ/מצונן,,,יח`,150,"מ""ל",false,1,4,2.67,false,1,
7290005839078,false,יוגורט ביו 3% דנונה (150x8 גרם),שטראוס גרופ בעמ/מצונן,,,יח`,1.20,1 ליטר,false,1,17.50,14.58,false,1,
7290005839108,false,סימפוניה 200 גר +5%זיתים,שטראוס גרופ בעמ/מצונן,,,יח`,200,גרם,false,1,12.20,6.10,false,1,
7290005839313,false,מילקי טופ מגולגלת,שטראוס גרופ בעמ/מצונן,,,יח`,130,"מ""ל",false,1,4.90,3.77,false,1,
7290005896439,false,בירה בקבוק מכבי (500 מל),טמפו משקאות בעמ,,,יח`,500,"מ""ל",false,1,7.50,1.26,false,1,
7290005896453,false,מכבי חוזר 7.9 500 מל בקבוק,טמפו משקאות בעמ,,,יח`,500,"מ""ל",false,1,8.50,1.46,false,1,
7290005938245,false,ממרח פסטו קלאסי 220,נטו מלינדה סחר בעמ,,,יח`,190,גרם,false,1,20.30,10.68,false,1,
7290005966088,false,ירדן הר חרמון אדום 750 מל,היכל היין שקד גולן בעמ,,,יח`,750,"מ""ל",false,1,37.90,5.01,true,1,
7290005992575,false,גבינה בולגרית למריחה 5% גד (250 גרם),מחלבות גד שיווק 1992 בעמ,,,יח`,250,גרם,false,1,17.90,7.16,false,1,
7290005992735,false,לאבנה 5% גד (250 גרם),מחלבות גד שיווק 1992 בעמ,,,יח`,250,גרם,false,1,12.90,5.16,false,1,
7290005996221,false,פסטרמה של פעם דק דק (120  גר`)יחיעם,מעדני יחיעם (1993) בעמ,,,יח`,120,גרם,false,1,11.20,9.33,false,1,
7290005996238,false,פסטרמה בדבש דק דק (120  גר`)יחיעם,מעדני יחיעם (1993) בעמ,,,יח`,120,גרם,false,1,11.20,9.33,false,1,
7290005996276,false,פסטרמה ברביקין דק דק (120  גר`)יחיעם,מעדני יחיעם (1993) בעמ,,,יח`,120,גרם,false,1,11.20,9.33,false,1,
7290006199942,false,מאגדת גלידל פרי דובדבן,פלקו בעמ,,,יח`,640,גרם,false,1,25.90,4.05,false,1,
7290006229427,false,מים מינרלים סאן בנדטו (500x6 מל),טמפו משקאות בעמ,,,יח`,3,1 ליטר,false,1,15,4.40,true,1,
7290006241191,false,אגוזי מלך טבעיים קליית גת (150 גרם),ליימן שליסל בעמ,,,יח`,150,גרם,false,1,17.90,11.93,false,1,
7290006241214,false,שקדים טבעיים קליית גת (200 גרם),ליימן שליסל בעמ,,,יח`,200,גרם,false,1,17.90,8.95,false,1,
7290006241504,false,פריגת קפוא תפוזים 280 מל,החב` המרכזית - טרה,,,יח`,280,"מ""ל",false,1,15.60,5.57,true,1,
7290006251107,false,תה צ`אי מסאלה ויסוצקי) (25,תה ויסוצקי (ישראל) בעמ,,,יח`,50,גרם,false,1,17.90,35.80,false,1,
7290006251275,false,תה ירוק סיני ויסוצקי (25),תה ויסוצקי (ישראל) בעמ,,,יח`,37.50,גרם,false,1,27.90,74.40,true,1,
7290006251282,false,תה חמוציות ויסוצקי הגן הקסום) (25,תה ויסוצקי (ישראל) בעמ,,,יח`,75,גרם,false,1,17.90,23.87,true,1,
7290006251374,false,תה ירוק לימונית וג`ינג`ר ויסוצקי (25),תה ויסוצקי (ישראל) בעמ,,,יח`,25,גרם,false,1,27.90,111.60,true,1,
7290006251589,false,תה ירוק נענע ויסוצקי (50),תה ויסוצקי (ישראל) בעמ,,,יח`,75,גרם,false,1,44.90,59.87,false,1,
7290006265500,false,פטריות שמפניון ארוז,קונס`-מרינה פטריות הגליל בעמ*ש,,,יח`,2.50,1 ליטר,false,1,9.90,3.96,false,1,
7290006271181,false,ג`חנון אפוי מעדנות (5 יח` - 750 גרם),תנובה קפואים,,,יח`,750,גרם,false,1,28.50,3.80,false,1,
7290006271648,false,מיני בורקס תפוח אדמה מעדנות (800 גרם),תנובה קפואים,,,יח`,650,גרם,false,1,26.20,4.03,false,1,
7290006271655,false,מיני בורקס במילוי גבינה מעדנות (800 גרם),תנובה קפואים,,,יח`,800,גרם,false,1,28.50,3.56,false,1,
7290006272072,false,מעדנות חטיפי פיצה 650 גר`,תנובה קפואים,,,יח`,650,גרם,false,1,35.90,5.52,false,1,
7290006306296,false,רביולי גבינה לילדים פסטה נונה (400 גרם),מחלבות גד שיווק 1992 בעמ,,,יח`,400,גרם,false,1,24.90,6.23,true,1,
7290006306302,false,רביולי פרמזן ריקוטה פסטה נונה (400 גרם),מחלבות גד שיווק 1992 בעמ,,,יח`,400,גרם,false,1,24.90,6.23,true,1,
7290006306319,false,רביולי בטטה פסטה נונה (400 גרם),מחלבות גד שיווק 1992 בעמ,,,יח`,400,גרם,false,1,24.90,6.23,true,1,
7290006306357,false,רביולי גבינת עיזים פסטה נונה (400 גרם),מחלבות גד שיווק 1992 בעמ,,,יח`,400,גרם,false,1,26.90,6.73,true,1,
7290006342072,false,גרעין לבן 200  גר`ששון הקולה,דין שיווק וקליה 2021 בעמ,,,יח`,200,גרם,false,1,10.90,5.45,false,1,
7290006342447,false,גרעין אבטיח 200 גרם ששון הקולה,דין שיווק וקליה 2021 בעמ,,,יח`,200,גרם,false,1,13.90,6.95,false,1,
7290006374738,false,קונפיטורת תות יד מרדכי 340 גר`,שטראוס גרופ בעמ,,,יח`,340,גרם,false,1,12.90,3.79,false,1,
7290006492432,false,גבינה מוצרלה בייבי 18% גד (150 גרם),מחלבות גד שיווק 1992 בעמ,,,יח`,170,גרם,false,1,14.90,8.76,false,1,
7290006492616,false,בולגרית פרוסות  -2505%גד,מחלבות גד שיווק 1992 בעמ,,,יח`,250,גרם,false,1,27.90,11.16,false,1,
7290006492630,false,גבינה עיזים גדעז 20% גד (180 גרם),מחלבות גד שיווק 1992 בעמ,,,יח`,180,גרם,false,1,23.90,13.28,false,1,
7290006492685,false,גבינת לאבנה עיזים 5% גד (250 גרם),מחלבות גד שיווק 1992 בעמ,,,יח`,250,גרם,false,1,18.90,7.56,false,1,
7290006492852,false,גבינה לבנה עיזים 5% גד (250 גרם),מחלבות גד שיווק 1992 בעמ,,,יח`,250,גרם,false,1,17.90,7.16,true,1,
7290006494917,false,טוסו וופל ללתס במילוי בטעם שוקולד,דנשר (1963) בעמ,,,יח`,200,גרם,false,1,12.50,6.25,false,1,
7290006511157,false,פטריות שמפניון שלמות וילי פוד (400 גרם),ג.וילי-פוד אינטרנשיונל בעמ,,,יח`,400,גרם,false,1,8.50,2.13,false,1,
7290006511751,false,שלישית פטריות חתוכות,ג.וילי-פוד אינטרנשיונל בעמ,,,יח`,870,גרם,false,1,12.50,1.44,false,1,
7290006567048,false,פתיתי קוסקוס ישראלי אסם (350 גרם),קבוצת אסם סחר שות. מוגבלת,,,יח`,350,גרם,false,1,9.10,2.60,false,1,
7290006582355,false,סילאן שקדיה (900 גרם),דין שיווק וקליה 2021 בעמ,,,יח`,900,גרם,false,1,16.30,1.81,false,1,
7290006582539,false,חמוציות 250  גר`שקדיה,דין שיווק וקליה 2021 בעמ,,,יח`,250,גרם,false,1,9.90,3.96,false,1,
7290006618078,false,אסטוניש מרסס צהוב למטבח,יעקב יעקבי ובניו בעמ,,,יח`,750,"מ""ל",false,1,11.90,1.59,false,1,
7290006644480,false,תפוזינה תפוזים 500מל,יפאורה,,,יח`,500,"מ""ל",false,1,5.90,1.12,true,1,
7290006644510,false,תפוזינה ענבים 0.5 ליטר,יפאורה,,,יח`,500,"מ""ל",false,1,5.90,1.12,true,1,
7290006652027,false,במבה אסם (15x20 גרם),קבוצת אסם סחר שות. מוגבלת,,,יח`,300,גרם,false,1,25.40,8.47,false,1,
7290006653819,false,קוסקוס דק אסם (350 גרם),קבוצת אסם סחר שות. מוגבלת,,,יח`,350,גרם,false,1,9.10,2.60,false,1,
7290006664037,false,גמדים רביעייה דגנים,שטראוס גרופ בעמ/מצונן,,,יח`,400,"מ""ל",false,1,11.90,2.98,true,1,
7290006664051,false,אקטימל 1.8% דנונה (100x14 מל),שטראוס גרופ בעמ/מצונן,,,יח`,1.40,1 ליטר,false,1,30.90,22.07,false,1,
7290006664532,false,יוגורט ביו 3% תות דנונה (150 גרם),שטראוס גרופ בעמ/מצונן,,,יח`,150,"מ""ל",false,1,3.90,2.60,false,1,
7290006664655,false,אקטימל דנונה (100x8 מל),שטראוס גרופ בעמ/מצונן,,,יח`,800,"מ""ל",false,1,20.90,2.61,false,1,
7290006664693,false,יוגורט ביו 3% אפרסק דנונה (150 גרם),שטראוס גרופ בעמ/מצונן,,,יח`,150,"מ""ל",false,1,3.90,2.60,false,1,
7290006664990,false,יוגורט ביו 1.7% דנונה (150x8 גרם),שטראוס גרופ בעמ/מצונן,,,יח`,1.20,1 ליטר,false,1,17.50,14.58,false,1,
7290006681065,false,טעמקור XL,גלידות שטראוס בעמ,,,יח`,100,גרם,false,1,6.60,6.60,true,1,
7290006703903,false,בשר בקר טחון חלק מעדני הטלה 1 קג,לאטי עזרא בעמ,,,יח`,1,"ק""ג",false,1,40.80,40.80,false,1,
7290006714381,false,בשר עוף טחון מעדני הטלה 500 גר`,לאטי עזרא בעמ,,,יח`,500,גרם,false,1,13.90,2.78,false,1,
7290006714398,false,בשר הודו טחון קפוא מעדני הטלה 500 גר`,לאטי עזרא בעמ,,,יח`,500,גרם,false,1,13.90,2.78,false,1,
7290006739124,false,בצק פילאס 500  גר`זוגלובק,זוגלובק שיווק בעמ,,,יח`,500,גרם,false,1,19.30,3.86,false,1,
7290006739292,false,פסטרממיה תבור 330,זוגלובק שיווק בעמ,,,יח`,330,גרם,false,1,30.50,9.24,true,1,
7290006739346,false,נקניקיות פרגיות זוגלובק (400 גרם),זוגלובק שיווק בעמ,,,יח`,400,גרם,false,1,19.30,4.83,false,1,
7290006739407,false,שניצל תירס לייט זוגלובק (630 גרם),זוגלובק שיווק בעמ,,,יח`,600,גרם,false,1,37.70,6.28,true,1,
7290006739414,false,סלמי קוניאק זוגלובק (300 גרם),זוגלובק שיווק בעמ,,,יח`,350,גרם,false,1,32.60,9.31,true,1,
7290006739421,false,סלמי איטלקי מעושן זוגלובק (300 גרם),זוגלובק שיווק בעמ,,,יח`,300,גרם,false,1,30.50,10.17,true,1,
7290006739445,false,שניצל תירס זוגלובק (750 גרם),זוגלובק שיווק בעמ,,,יח`,750,גרם,false,1,27.50,3.67,true,1,
7290006741363,false,בורקס תפוא 800 בדצ,זוגלובק שיווק בעמ,,,יח`,800,גרם,false,1,20.70,2.59,false,1,
7290006741387,false,מלוואח 700  גר`בדצ,זוגלובק שיווק בעמ,,,יח`,700,גרם,false,1,18.30,2.61,false,1,
7290006742292,false,פסטרממיה בדבש 330 גר`,זוגלובק שיווק בעמ,,,יח`,330,גרם,false,1,30.50,9.24,true,1,
7290006742315,false,חזה הודו ברביקיו 330 גר`,זוגלובק שיווק בעמ,,,יח`,330,גרם,false,1,30.50,9.24,true,1,
7290006753915,false,נקניקיות מיני מרגז חריפות מעדני הטלה 500,לאטי עזרא בעמ,,,יח`,500,גרם,false,1,29.90,5.98,false,1,
7290006764072,false,בירה גולדסטאר (500 מל),טמפו משקאות בעמ,,,יח`,500,"מ""ל",false,1,7.70,1.30,false,1,
7290006764485,false,בירה שחורה בבקבוק נשר מאלט (330x6 מל),טמפו משקאות בעמ,,,יח`,1.98,1 ליטר,false,1,28.90,13.69,false,1,
7290006775023,false,עוגה אנגלית אחוה (450  גרם)אחוה,אחדות בעמ,,,יח`,450,גרם,false,1,11.90,2.64,true,1,
7290006775030,false,עוגת שוקו צ`יפס אחוה (450  גרם)אחוה,אחדות בעמ,,,יח`,450,גרם,false,1,11.90,2.64,true,1,
7290006775047,false,עוגת שוקולד אחוה (450  גרם)אחוה,אחדות בעמ,,,יח`,450,גרם,false,1,11.90,2.64,true,1,
7290006775085,false,עוגת שמרים שוקולד אחוה (400 גרם),אחדות בעמ,,,יח`,400,גרם,false,1,11.90,2.98,false,1,
7290006775344,false,עוגת שמרים קינמון/אגוזים 400  גר`אחוה,אחדות בעמ,,,יח`,400,גרם,false,1,11.90,2.98,false,1,
7290006775900,false,עוגיות מיני מרוקאיות אחוה (500 גרם),אחדות בעמ,,,יח`,500,גרם,false,1,9.90,1.98,false,1,
7290006784360,false,חלונית 1 ליטר,קומפלקס כימיקלים בעמ,,,יח`,1,1 ליטר,false,1,6.90,6.90,true,1,
7290006788399,false,דאו נושם רול און קרליין ירוק,החברה הדרומית לשיווק בעמ,,,יח`,75,גרם,false,1,13.90,18.53,true,1,
7290006822192,false,פריגת אושן ספריי 1 ליטר,החברה המרכזית להפצת משקאות בעמ,,,יח`,1,1 ליטר,false,1,13.90,13.90,false,1,
7290006983152,false,קרוטונים מתובלים למרק אסם (400 גרם),קבוצת אסם סחר שות. מוגבלת,,,יח`,400,גרם,false,1,21.40,5.35,false,1,
7290006983527,false,עוגת הבית עשירות תפוח ופרורים 400 גר`,קבוצת אסם סחר שות. מוגבלת,,,יח`,400,גרם,false,1,19.60,4.90,false,1,
7290006983763,false,עוגת הבית בטעם שוקולד אסם (400 גרם),קבוצת אסם סחר שות. מוגבלת,,,יח`,400,גרם,false,1,12.50,3.13,false,1,
7290006983787,false,עוגת הבית שוקוצ`יפס אסם (400 גרם),קבוצת אסם סחר שות. מוגבלת,,,יח`,400,גרם,false,1,12.50,3.13,false,1,
7290006983794,false,עוגת הבית תפוז אסם (400 גרם),קבוצת אסם סחר שות. מוגבלת,,,יח`,400,גרם,false,1,12.50,3.13,false,1,
7290008023542,false,סיף פנטסטיק שמפו רצפות 4 ליטר,יוניליוור ישראל שיווק בעמ,,,יח`,4,1 ליטר,false,1,21.40,5.35,true,1,
7290008116862,false,בלנאום בייבי שמן אמבט ביסייק 500 מל,שקד תבל בעמ,,,יח`,500,"מ""ל",false,1,70.90,14.18,false,1,
7290008154222,false,שניצלונים 700  גר`עוף טוב,קבוצת אסם סחר שות. מוגבלת,,,יח`,700,גרם,false,1,13.90,1.99,false,1,
7290008175173,false,חמאה מפינלנד ללא תוספת מלח (200 גרם),ג.וילי-פוד אינטרנשיונל **גבינו,,,יח`,200,גרם,false,1,11.90,5.95,false,1,
7290008175210,false,פרמז`נו מגורדת 90 גר`,ג.וילי-פוד אינטרנשיונל **גבינו,,,יח`,90,גרם,false,1,15.90,17.67,false,1,
7290008175692,false,איטריות נודלס 400 גר`,ג.וילי-פוד אינטרנשיונל בעמ,,,יח`,400,גרם,false,1,8.90,2.23,false,1,
7290008175814,false,פטריות חתוך 400 גר`,ג.וילי-פוד אינטרנשיונל בעמ,,,יח`,400,גרם,false,1,5.50,1.38,false,1,
7290008268011,false,אוכמניות טרי ארוז 250 גר,בראשית - אגודה שיתופית*שיק 45,,,יח`,250,גרם,false,1,10,4,false,1,
7290008330107,false,מרכך כביסה סגול בדין (4 ליטר),יוניליוור ישראל שיווק בעמ,,,יח`,4,1 ליטר,false,1,19.90,4.98,false,1,
7290008330381,false,בדין דפי מרכך,יוניליוור ישראל שיווק בעמ,,,יח`,1,,false,1,19.60,19.60,false,1,
7290008343503,false,ג`חנון אפוי 650 גר` שלושת האופים,נטו מלינדה סחר בעמ,,,יח`,650,גרם,false,1,21.90,3.37,true,1,
7290008343558,false,סיגרים בשר 1 קג שלושת האופים,נטו מלינדה סחר בעמ,,,יח`,1,"ק""ג",false,1,20.90,20.90,true,1,
7290008343565,false,סיגרים תפוא 1 קג שלושת האופים,נטו מלינדה סחר בעמ,,,יח`,1,"ק""ג",false,1,20.90,20.90,true,1,
7290008343572,false,אגרול סיני 1 קג -שלושת האופים,נטו מלינדה סחר בעמ,,,יח`,1,"ק""ג",false,1,20.90,20.90,true,1,
7290008343602,false,קובה בשר מטוגן 1 קג,נטו מלינדה סחר בעמ,,,יח`,1,"ק""ג",false,1,20.90,20.90,true,1,
7290008343619,false,פסטלים תפוא 1 קג שלושת האופים,נטו מלינדה סחר בעמ,,,יח`,1,"ק""ג",false,1,20.90,20.90,true,1,
7290008343626,false,כדורי פלאפל 1 קג -שלושת האופים,נטו מלינדה סחר בעמ,,,יח`,1,"ק""ג",false,1,20.90,20.90,true,1,
7290008344272,false,המבורגר 100% 400 גר` טיבונוויל,נטו מלינדה סחר בעמ,,,יח`,400,גרם,false,1,21.40,5.35,true,1,
7290008345576,false,איקרא ביתית לבנה 300 גר`,נטו מלינדה סחר בעמ,,,יח`,300,גרם,false,1,20.90,6.97,false,1,
7290008347211,false,אצבעות דג מצופות דלידג (700 גרם),נטו מלינדה סחר בעמ,,,יח`,700,גרם,false,1,24.40,3.49,true,1,
7290008409049,false,מיני מיני דק שניצלונים בציפוי שומשום מאמ,תנובה קפואים,,,יח`,500,גרם,false,1,28.50,5.70,false,1,
7290008409100,false,אצבעות שניצל שומשום מאמא עוף (700 גרם),תנובה קפואים,,,יח`,600,גרם,false,1,38.80,6.47,false,1,
7290008409124,false,שניצל ג`ונגל מאמא עוף (700 גרם),תנובה קפואים,,,יח`,700,גרם,false,1,38.80,5.54,false,1,
7290008409216,false,שניצל דק דק פריך מאמא עוף (700 גרם),תנובה קפואים,,,יח`,700,גרם,false,1,43.80,6.26,false,1,
7290008409223,false,שניצל דק דק מתובל מאמא עוף (700 גרם),תנובה קפואים,,,יח`,700,גרם,false,1,45.80,6.54,false,1,
7290008409407,false,שניצל דק דק צ`יפס מאמא עוף (700 גרם),תנובה קפואים,,,יח`,0,גרם,false,1,43.80,43.80,false,1,
7290008409551,false,שניצל עוף ציפוי מעודן מאמא עוף,תנובה קפואים,,,יח`,700,גרם,false,1,45.80,6.54,false,1,
7290008409582,false,שניצל עוף אמיתי ביתי מאמא עוף,תנובה קפואים,,,יח`,700,גרם,false,1,45.80,6.54,false,1,
7290008409605,false,כוכבי עוף בציפוי מעודן 700 גר` מאמא עוף,תנובה קפואים,,,יח`,700,גרם,false,1,38.80,5.54,false,1,
7290008409773,false,קציצות עוף ביתי 700 גר` מאמא עוף,תנובה קפואים,,,יח`,700,גרם,false,1,34.70,4.96,false,1,
7290008443616,false,נקה 7 מרכך 750 מל ורוד,החברה הדרומית לשיווק בעמ,,,יח`,750,"מ""ל",false,1,11.90,1.59,true,1,
7290008464024,false,בירה לא מסוננת גולדסטאר (500 מל),טמפו משקאות בעמ,,,יח`,500,"מ""ל",false,1,8.90,1.72,false,1,
7290008464130,false,בירה לא מסוננת גולדסטאר (330x6 מל),טמפו משקאות בעמ,,,יח`,1.98,1 ליטר,false,1,43.80,21.21,true,1,
7290008464345,false,בקבוק גולדסטאר 330 מל,טמפו משקאות בעמ,,,יח`,330,"מ""ל",false,1,6.80,1.97,false,1,
7290008464468,false,בירה בפחית גולדסטאר (500 מל),טמפו משקאות בעמ,,,יח`,500,"מ""ל",false,1,8.50,1.64,false,1,
7290008464604,false,הייניקן פחית 500 מל,טמפו משקאות בעמ,,,יח`,500,"מ""ל",false,1,12.50,2.44,false,1,
7290008464697,false,בירה 7.9% אלכוהול מכבי (330x6 מל),טמפו משקאות בעמ,,,יח`,1.98,1 ליטר,false,1,36.60,17.58,true,1,
7290008464703,false,בירה מכבי (330x6 מל),טמפו משקאות בעמ,,,יח`,1.98,1 ליטר,false,1,36.60,17.58,true,1,
7290008464734,false,בירה גולדסטאר סלו ברו 330 מל בקבוק שישי,טמפו משקאות בעמ,,,יח`,1.98,1 ליטר,false,1,43.80,21.21,true,1,
7290008464741,false,בירה גולדסטאר 330 מל בקבוק שישייה,טמפו משקאות בעמ,,,יח`,1.98,1 ליטר,false,1,40.70,19.65,true,1,
7290008464796,false,בירה הייניקן 330 מל בקבוק שישייה,טמפו משקאות בעמ,,,יח`,1.98,1 ליטר,false,1,35.90,17.22,true,1,
7290008464987,false,מי סודה טמפו (1.5x6 ליטר),טמפו משקאות בעמ,,,יח`,9,1 ליטר,false,1,17.30,1.92,false,1,
7290008493413,false,פירורי גריסיני מאיר בייגל (200 גרם),דנשר (1963) בעמ,,,יח`,200,גרם,false,1,6.40,3.20,false,1,
7290008493710,false,מאיר בייגל פרורי גרסיני זהב 200גר,דנשר (1963) בעמ,,,יח`,200,גרם,false,1,6.40,3.20,false,1,
7290008636933,false,אגוזי מלך גרוסים 100 גר`,מיה תעשיות מזון מ.ת.מ. בעמ,,,יח`,100,גרם,false,1,12.50,12.50,false,1,
7290008636957,false,שקדים מולבנים גרוסים 100 גר`,מיה תעשיות מזון מ.ת.מ. בעמ,,,יח`,100,גרם,false,1,12.50,12.50,false,1,
7290008636964,false,שקדים מולבנים שבבים 100 גר`,מיה תעשיות מזון מ.ת.מ. בעמ,,,יח`,100,גרם,false,1,12.50,12.50,false,1,
7290008644112,false,מטבוחה 125אחלה יום יום,שטראוס גרופ בעמ/מצונן,,,יח`,125,גרם,false,1,5,4,false,1,
7290008644235,false,מבחר עלי בייבי 120 גרם-טעם הטבע,שטראוס גרופ בעמ/מצונן,,,יח`,120,גרם,false,1,10.10,8.42,false,1,
7290008644945,false,סלט המושבה שטראוס 450 גר`-טעם הטבע,שטראוס גרופ בעמ/מצונן,,,יח`,450,גרם,false,1,11.20,2.49,false,1,
7290008645935,false,חומוס אחלה (750 גרם),שטראוס גרופ בעמ/מצונן,,,יח`,750,גרם,false,1,9.90,1.32,false,1,
7290008670012,false,קברנה סובניון רקנטי 750 מל,היכל היין שקד גולן בעמ,,,יח`,750,"מ""ל",false,1,56,7.43,true,1,
7290008670029,false,יין מרלו רקנטי 750 מל,היכל היין שקד גולן בעמ,,,יח`,750,"מ""ל",false,1,56,7.43,true,1,
7290008670210,false,שירז רקנאטי 750 מל,היכל היין שקד גולן בעמ,,,יח`,750,"מ""ל",false,1,56,7.43,true,1,
7290008690713,false,נקטר חמוציות אושן ספריי פריגת (1 ליטר),החברה המרכזית להפצת משקאות בעמ,,,יח`,1,1 ליטר,false,1,13.90,13.90,false,1,
7290008693134,false,דניאלה מעדן בטעם תות שטראוס (88 גרם),שטראוס גרופ בעמ/מצונן,,,יח`,150,"מ""ל",false,1,4,2.67,false,1,
7290008745239,false,תפוצ`יפס 50 גר קראנץ`,שטראוס פריטו ליי בעמ,,,יח`,55,גרם,false,1,4,7.27,false,1,
7290008747547,false,תפוצ`יפס 200 גר` קראנץ`,שטראוס פריטו ליי בעמ,,,יח`,200,גרם,false,1,11.50,5.75,true,1,
7290008753111,false,תפוצ`יפס 50 גר  קראנץ`מקסיקני,שטראוס פריטו ליי בעמ,,,יח`,50,גרם,false,1,4,8,false,1,
7290008757072,false,משקה מוגז בטעם תות שוופס (330 מל),יפאורה,,,יח`,330,"מ""ל",false,1,3.80,1.06,true,1,
7290008757386,false,מפז פחית ענבים,יפאורה,,,יח`,330,"מ""ל",false,1,3.80,1.06,true,1,
7290008757980,false,נקטר רימונים ספרינג (1 ליטר),יפאורה,,,יח`,1,1 ליטר,false,1,7.30,7.30,false,1,
7290008775816,false,ערגליות שוקו אסם (300 גרם),קבוצת אסם סחר שות. מוגבלת,,,יח`,300,גרם,false,1,12.20,4.07,true,1,
7290008775823,false,ערגליות תות אסם (300 גרם),קבוצת אסם סחר שות. מוגבלת,,,יח`,300,גרם,false,1,12.20,4.07,true,1,
7290008792264,false,מפיות  טאצ`100 יח,שניב תעשיות נייר בעמ,,,יח`,1,,false,1,5.90,5.90,false,1,
7290008801010,false,קברנה/מרלו פי.סי אדום יבש 750 מל,אגודת הכורמים,,,יח`,750,"מ""ל",false,1,41.90,5.55,true,1,
7290008801089,false,יין אדום ייבש קרבנה סובניון 375 מל,אגודת הכורמים,,,יח`,375,"מ""ל",false,1,19.90,5.23,false,1,
7290008801157,false,סלקטד מרלו יקבי כרמל (750 מל),אגודת הכורמים,,,יח`,750,"מ""ל",false,1,30.90,4.08,true,1,
7290008801522,false,קונקורד אדום מתוק 750 מל קינג דיוויד,אגודת הכורמים,,,יח`,750,"מ""ל",false,1,22.90,3.01,true,1,
7290008801539,false,כרמל 120 אדום מתוק 750 מל קינג דיוויד,אגודת הכורמים,,,יח`,750,"מ""ל",false,1,22.90,3.01,true,1,
7290008801546,false,מוסקט מתוק 750 מל קינג דיוויד,אגודת הכורמים,,,יח`,750,"מ""ל",false,1,22.90,3.01,true,1,
7290008801843,false,סלקטד קברנה סובניון יקבי כרמל (750 מל),אגודת הכורמים,,,יח`,750,"מ""ל",false,1,30.90,4.08,true,1,
7290008801850,false,סלקטד אמרלד ריזלינג יקבי כרמל (750 מל),אגודת הכורמים,,,יח`,750,"מ""ל",false,1,30.90,4.08,true,1,
7290008802291,false,מרלו פי.סי אדום יבש 750 מל,אגודת הכורמים,,,יח`,750,"מ""ל",false,1,41.90,5.55,true,1,
7290008802512,false,וינו אדום 750 מל,אגודת הכורמים,,,יח`,750,"מ""ל",false,1,20.90,2.75,true,1,
7290008802529,false,וינו לבן 750 מל,אגודת הכורמים,,,יח`,750,"מ""ל",false,1,20.90,2.75,true,1,
7290008803090,false,מרלו אזורית אדום יבש 750 מל,אגודת הכורמים,,,יח`,750,"מ""ל",false,1,54.90,7.28,true,1,
7290008805520,false,קברנה מרלו סלקטד אדום יבש 750 מל,אגודת הכורמים,,,יח`,750,"מ""ל",false,1,30.90,4.08,true,1,
7290008805964,false,קברנה שיראז אזורית אדום יבש 750 מל,אגודת הכורמים,,,יח`,750,"מ""ל",false,1,54.90,7.28,true,1,
7290008849586,false,אוליביה רוטב לעוף ריבת בצל,תה ויסוצקי (ישראל) בעמ,,,יח`,310,גרם,false,1,14.90,4.81,true,1,
7290008849609,false,אוליביה רוטב לעוף שום דבש (330 גרם),תה ויסוצקי (ישראל) בעמ,,,יח`,275,"מ""ל",false,1,14.90,5.42,true,1,
7290008975551,false,תחליף חלב שלב 3 מהדרין מטרנה (700 גרם),קבוצת אסם סחר שות. מוגבלת,,,יח`,700,גרם,false,1,57.10,8.16,true,1,
7290008989091,false,פריכיות אורז שלישיה,בטר אנד דיפרנט בעמ,,,יח`,300,גרם,false,1,13.50,4.50,false,1,
7290008989169,false,פצפוצי אורז בי   די (500 גרם),בטר אנד דיפרנט בעמ,,,יח`,500,גרם,false,1,19.90,3.98,false,1,
7290008989671,false,ציפוי לשניצל פריך ללא גלוטן 300 גר`,בטר אנד דיפרנט בעמ,,,יח`,300,גרם,false,1,9.10,3.03,false,1,
7290010002023,false,כורכום תבליני מימון (100 גרם),א.ל.ייצור ושיווק תבלינים בעמ,,,יח`,100,גרם,false,1,13.20,13.20,false,1,
7290010002030,false,כמון טחון תבליני מימון (100 גרם),א.ל.ייצור ושיווק תבלינים בעמ,,,יח`,100,גרם,false,1,13.20,13.20,false,1,
7290010002061,false,פלפל לבן טחון תבליני מימון (100 גרם),א.ל.ייצור ושיווק תבלינים בעמ,,,יח`,100,גרם,false,1,21.40,21.40,false,1,
7290010002078,false,פלפל שחור טחון תבליני מימון (100 גרם),א.ל.ייצור ושיווק תבלינים בעמ,,,יח`,100,גרם,false,1,17.30,17.30,false,1,
7290010002092,false,פלפל שחור גרוס דק תבליני מימון (90 גרם),א.ל.ייצור ושיווק תבלינים בעמ,,,יח`,90,גרם,false,1,17.30,19.22,false,1,
7290010002108,false,פלפל שחור גרוס גס תבליני מימון (90 גרם),א.ל.ייצור ושיווק תבלינים בעמ,,,יח`,90,גרם,false,1,17.30,19.22,false,1,
7290010002122,false,פפריקה הונגרית מתוקה 100 גר`,א.ל.ייצור ושיווק תבלינים בעמ,,,יח`,100,גרם,false,1,13.20,13.20,false,1,
7290010002139,false,פפריקה הונגרית חריפה 100 גר`,א.ל.ייצור ושיווק תבלינים בעמ,,,יח`,100,גרם,false,1,13.20,13.20,false,1,
7290010002146,false,פפריקה מרוקאית מתוקה 100 גר`,א.ל.ייצור ושיווק תבלינים בעמ,,,יח`,100,גרם,false,1,13.20,13.20,false,1,
7290010002191,false,מקלות קינמון תבליני מימון (50 גרם),א.ל.ייצור ושיווק תבלינים בעמ,,,יח`,50,גרם,false,1,14.90,29.80,false,1,
7290010002207,false,קינמון טחון תבליני מימון (100 גרם),א.ל.ייצור ושיווק תבלינים בעמ,,,יח`,100,גרם,false,1,12.20,12.20,false,1,
7290010002214,false,צ`ילי גרוס תבליני מימון (70 גרם),א.ל.ייצור ושיווק תבלינים בעמ,,,יח`,70,גרם,false,1,13.20,18.86,false,1,
7290010002283,false,תיבול על האש 100 גר`,א.ל.ייצור ושיווק תבלינים בעמ,,,יח`,100,גרם,false,1,13.20,13.20,false,1,
7290010002313,false,ראס אל חנות 100 גר`,א.ל.ייצור ושיווק תבלינים בעמ,,,יח`,100,גרם,false,1,13.20,13.20,false,1,
7290010002320,false,תבלין לגריל עוף תבליני מימון (100 גרם),א.ל.ייצור ושיווק תבלינים בעמ,,,יח`,100,גרם,false,1,13.20,13.20,false,1,
7290010002344,false,תיבול לדג 100 גר`,א.ל.ייצור ושיווק תבלינים בעמ,,,יח`,100,גרם,false,1,13.20,13.20,false,1,
7290010002368,false,תערובת  חווג`למרק 100 גר`,א.ל.ייצור ושיווק תבלינים בעמ,,,יח`,100,גרם,false,1,13.20,13.20,false,1,
7290010002375,false,תבלין מדראס קארי תבליני מימון (100 גרם),א.ל.ייצור ושיווק תבלינים בעמ,,,יח`,100,גרם,false,1,13.20,13.20,false,1,
7290010002696,false,צ`יפס אורז חום מלא שמנת בצל 60 גר` אקסטר,א.ל.ייצור ושיווק תבלינים בעמ,,,יח`,60,גרם,false,1,7.50,12.50,true,1,
7290010002726,false,תבלין לפרגיות 100 גר`,א.ל.ייצור ושיווק תבלינים בעמ,,,יח`,100,גרם,false,1,13.20,13.20,false,1,
7290010003686,false,עלי דפנה שקית תבליני מימון (20 גרם),א.ל.ייצור ושיווק תבלינים בעמ,,,יח`,20,גרם,false,1,7.10,35.50,false,1,
7290010003693,false,פפריקה מתוקה תבליני מימון (80 גרם),א.ל.ייצור ושיווק תבלינים בעמ,,,יח`,80,גרם,false,1,7.10,8.88,false,1,
7290010003709,false,פלפל שחור טחון תבליני מימון (50 גרם),א.ל.ייצור ושיווק תבלינים בעמ,,,יח`,50,גרם,false,1,9.10,18.20,false,1,
7290010003754,false,כמון טחון תבליני מימון (50 גרם),א.ל.ייצור ושיווק תבלינים בעמ,,,יח`,50,גרם,false,1,7.10,14.20,false,1,
7290010003761,false,כורכום טחון תבליני מימון (80 גרם),א.ל.ייצור ושיווק תבלינים בעמ,,,יח`,80,גרם,false,1,7.10,8.88,false,1,
7290010003778,false,תבלין לגריל עוף תבליני מימון (80 גרם),א.ל.ייצור ושיווק תבלינים בעמ,,,יח`,80,גרם,false,1,7.10,8.88,false,1,
7290010003792,false,מלח לימון תבליני מימון (100 גרם),א.ל.ייצור ושיווק תבלינים בעמ,,,יח`,100,גרם,false,1,7.10,7.10,false,1,
7290010003808,false,זעתר ושומשום בשקית תבליני מימון (80 גרם),א.ל.ייצור ושיווק תבלינים בעמ,,,יח`,80,גרם,false,1,7.10,8.88,false,1,
7290010003822,false,פפריקה חריפה בשקית תבליני מימון (80 גרם),א.ל.ייצור ושיווק תבלינים בעמ,,,יח`,80,גרם,false,1,7.10,8.88,false,1,
7290010003839,false,קינמון טחון תבליני מימון (80 גרם),א.ל.ייצור ושיווק תבלינים בעמ,,,יח`,80,גרם,false,1,7.10,8.88,false,1,
7290010003846,false,אורגנו תבליני מימון (20 גרם),א.ל.ייצור ושיווק תבלינים בעמ,,,יח`,20,גרם,false,1,7.10,35.50,false,1,
7290010045006,false,עוגיות חמאה פריכות לחמי (200 גרם),אבאל יזמות בעמ,,,יח`,200,גרם,false,1,19.90,9.95,true,1,
7290010045013,false,עוגיות חמאה צרפתיות לחמי (200 גרם),אבאל יזמות בעמ,,,יח`,200,גרם,false,1,19.90,9.95,true,1,
7290010045051,false,עוגיות מלבן שקדים לחמי (200 גרם),אבאל יזמות בעמ,,,יח`,200,גרם,false,1,19.90,9.95,true,1,
7290010045068,false,עוגיות נסיכה לחמי (250 גרם),אבאל יזמות בעמ,,,יח`,250,גרם,false,1,19.90,7.96,true,1,
7290010051021,false,בזיליקום א.אדמה,א.אדמה (2007) בעמ,,,יח`,1,,false,1,5.90,5.90,false,1,
7290010051045,false,סלט ביבי מיקס בנספק,א.אדמה (2007) בעמ,,,יח`,1,,false,1,9.90,9.90,false,1,
7290010051052,false,פטרוזליה א. אדמה,א.אדמה (2007) בעמ,,,יח`,120,גרם,false,1,3.90,3.25,false,1,
7290010051076,false,לבבות חסה קיסר,א.אדמה (2007) בעמ,,,יח`,1,,false,1,11.90,11.90,false,1,
7290010051144,false,תרד עלים א.אדמה,א.אדמה (2007) בעמ,,,יח`,180,גרם,false,1,9.90,5.50,false,1,
7290010051168,false,כוסברה א. אדמה,א.אדמה (2007) בעמ,,,יח`,1,,false,1,3.90,3.90,false,1,
7290010051175,false,שמיר א. אדמה,א.אדמה (2007) בעמ,,,יח`,1,,false,1,3.90,3.90,false,1,
7290010051182,false,עלי נענע א. אדמה,א.אדמה (2007) בעמ,,,יח`,1,,false,1,3.90,3.90,false,1,
7290010051199,false,שורש פטרוזיליה א. אדמה,א.אדמה (2007) בעמ,,,יח`,1,,false,1,5.90,5.90,false,1,
7290010051205,false,עלי סלרי א. אדמה,א.אדמה (2007) בעמ,,,יח`,1,,false,1,5.90,5.90,false,1,
7290010051212,false,סלרי ראש.,א.אדמה (2007) בעמ,,,יח`,300,גרם,false,1,5.90,1.97,false,1,
7290010051267,false,לוף  ארוז- א.אדמה,א.אדמה (2007) בעמ,,,יח`,1,,false,1,10.90,10.90,false,1,
7290010051281,false,עלה רוקולה 110 גר,א.אדמה (2007) בעמ,,,יח`,110,גרם,false,1,9.90,9,false,1,
7290010051298,false,סלק עלים ארוז מנגולד א.אד,א.אדמה (2007) בעמ,,,יח`,1,,false,1,5.90,5.90,false,1,
7290010051335,false,בצל ירוק,א.אדמה (2007) בעמ,,,יח`,1,,false,1,5.90,5.90,false,1,
7290010051373,false,לבבות חסה בשקית,א.אדמה (2007) בעמ,,,יח`,1,,false,1,10.90,10.90,false,1,
7290010051403,false,שיבה,א.אדמה (2007) בעמ,,,יח`,1,,false,1,5.90,5.90,false,1,
7290010051434,false,חסה סלנובה,א.אדמה (2007) בעמ,,,יח`,1,,false,1,11.90,11.90,false,1,
7290010051724,false,מלפפון בייבי,א.אדמה (2007) בעמ,,,יח`,1,,false,1,9.90,9.90,false,1,
7290010065332,false,מחית פרינוק 190 גר`,גורי מוצרי צריכה (1991) בעמ,,,יח`,190,גרם,false,1,7.50,3.95,true,1,
7290010065349,false,מחית סלט פירות שלב 3 פרינוק (190 גרם),גורי מוצרי צריכה (1991) בעמ,,,יח`,190,גרם,false,1,7.50,3.95,true,1,
7290010066513,false,טונה בשמן צמחי 158  גר`רביעייה פילטונה,פילטונה תעשיות בעמ,,,יח`,632,גרם,false,1,23.90,3.78,false,1,
7290010066575,false,טונה במי מלח 158  גר`רביעייה פילטונה,פילטונה תעשיות בעמ,,,יח`,632,גרם,false,1,23.90,3.78,false,1,
7290010066582,false,טונה בשמן קנולה 158  גר`רביעייה פילטונה,פילטונה תעשיות בעמ,,,יח`,632,גרם,false,1,23.90,3.78,false,1,
7290010066599,false,פילטונה נתחי טונה בשמן זית רביעייה,פילטונה תעשיות בעמ,,,יח`,640,גרם,false,1,28.90,4.52,false,1,
7290010116980,false,שוקולית אבקת שוקו עלית (850 גרם),שטראוס גרופ בעמ,,,יח`,850,גרם,false,1,20.30,2.39,true,1,
7290010117864,false,חטיף תירס חריף אש דוריטוס (70 גרם),שטראוס פריטו ליי בעמ,,,יח`,70,גרם,false,1,4,5.71,true,1,
7290010118328,false,חטיף צ`יפס בטעם טבעי תפוצ`יפס (40x6 גרם),שטראוס פריטו ליי בעמ,,,יח`,240,גרם,false,1,13.20,5.50,false,1,
7290010124107,false,סטייק בורגר 400  גר`בלדי,בלדי בעמ,,,יח`,400,גרם,false,1,16.90,4.23,false,1,
7290010129652,false,עוגיות לקפה 350  גר`אנג`ל,שיבולים יצור ושיווק מוצרי מאפה,,,יח`,350,גרם,false,1,15.90,4.54,false,1,
7290010153503,false,שעועית ענק מיה (400 גרם),מיה תעשיות מזון מ.ת.מ. בעמ,,,יח`,400,גרם,false,1,12.80,3.20,false,1,
7290010153510,false,בורגול מיה (500 גרם),מיה תעשיות מזון מ.ת.מ. בעמ,,,יח`,500,גרם,false,1,6.10,1.22,true,1,
7290010153527,false,ג`ריש 500 גר` מיה,מיה תעשיות מזון מ.ת.מ. בעמ,,,יח`,500,גרם,false,1,6.40,1.28,true,1,
7290010153534,false,קמח תירס 400 גר`,מיה תעשיות מזון מ.ת.מ. בעמ,,,יח`,400,גרם,false,1,7.40,1.85,false,1,
7290010153695,false,פול 400 גר,מיה תעשיות מזון מ.ת.מ. בעמ,,,יח`,400,גרם,false,1,9.40,2.35,false,1,
7290010153770,false,ציפוי לשניצל פיקנטי 500 גר` מיה,מיה תעשיות מזון מ.ת.מ. בעמ,,,יח`,500,גרם,false,1,12.20,2.44,true,1,
7290010153787,false,ציפוי לשניצל עם שומשום 500 גר` מיה,מיה תעשיות מזון מ.ת.מ. בעמ,,,יח`,500,גרם,false,1,12.20,2.44,true,1,
7290010153800,false,ציפוי לשניצל עם תיבול עדין מיה (500 גרם),מיה תעשיות מזון מ.ת.מ. בעמ,,,יח`,500,גרם,false,1,12.20,2.44,true,1,
7290010153817,false,ריבת חלב מיה (400 גרם),מיה תעשיות מזון מ.ת.מ. בעמ,,,יח`,400,גרם,false,1,15.20,3.80,false,1,
7290010153879,false,ריבת חלב בטעם שמנת 400 גר`,מיה תעשיות מזון מ.ת.מ. בעמ,,,יח`,400,גרם,false,1,15.20,3.80,false,1,
7290010154005,false,סחוג תימני תבליני ביטון יוחאי (250 גרם),נטו מלינדה סחר בעמ,,,יח`,250,גרם,false,1,15.20,6.08,true,1,
7290010154012,false,לימון בלאדי תבליני ביטון יוחאי (250 גרם),נטו מלינדה סחר בעמ,,,יח`,250,גרם,false,1,16.60,6.64,true,1,
7290010154029,false,אריסה מתוקה תבליני ביטון יוחאי (250 גרם),נטו מלינדה סחר בעמ,,,יח`,250,גרם,false,1,15.60,6.24,true,1,
7290010154241,false,סלט חזרת ביתית תבליני ביטון יוחאי (250 ג,נטו מלינדה סחר בעמ,,,יח`,250,גרם,false,1,15.20,6.08,true,1,
7290010154265,false,פלפל צ`ומה תבליני ביטון יוחאי (250 גרם),נטו מלינדה סחר בעמ,,,יח`,250,גרם,false,1,16.30,6.52,true,1,
7290010154418,false,סחוג אדום 130 גר ביטון,נטו מלינדה סחר בעמ,,,יח`,130,גרם,false,1,9.40,7.23,true,1,
7290010154425,false,סחוג ירוק 130 גר ביטון,נטו מלינדה סחר בעמ,,,יח`,130,גרם,false,1,9.40,7.23,true,1,
7290010195268,false,פופקורן פופסטאר חמישייה מופחת שומן טבעי,דנשר (1963) בעמ,,,יח`,425,גרם,false,1,18.50,4.35,true,1,
7290010195275,false,פופקורן פופסטאר חמישייה מופחת שומן חמאה,דנשר (1963) בעמ,,,יח`,425,גרם,false,1,18.50,4.35,true,1,
7290010237548,false,פפסי קול מקס 500 מל,טמפו משקאות בעמ,,,יח`,500,"מ""ל",false,1,4,0.74,true,1,
7290010237685,false,בירה הייניקן 330 בקבוק,טמפו משקאות בעמ,,,יח`,330,"מ""ל",false,1,10.30,3.03,false,1,
7290010237784,false,בירה שנדי למון ליים מכבי (330x6 מל),טמפו משקאות בעמ,,,יח`,1.98,1 ליטר,false,1,37.90,18.23,true,1,
7290010237890,false,בירה היינקן (500 מל),טמפו משקאות בעמ,,,יח`,500,"מ""ל",false,1,8.90,1.54,false,1,
7290010259830,false,מנת השף מרק+נודלס פיקנטי,ג.וילי-פוד אינטרנשיונל בעמ,,,יח`,70,גרם,false,1,5.50,7.86,false,1,
7290010259854,false,מנת השף מרק+נודלס פטריות,ג.וילי-פוד אינטרנשיונל בעמ,,,יח`,70,גרם,false,1,5.50,7.86,false,1,
7290010259861,false,מנת השף מרק+נודלס ירקות,ג.וילי-פוד אינטרנשיונל בעמ,,,יח`,70,גרם,false,1,5.50,7.86,false,1,
7290010259991,false,צנימים וילי פוד (250 גרם),ג.וילי-פוד אינטרנשיונל בעמ,,,יח`,250,גרם,false,1,9.10,3.64,true,1,
7290010278916,false,שקית 10 מודפס,שמחה זה אנחנו בעמ,,,יח`,1,,false,1,8.90,8.90,false,1,
7290010328093,false,ממרח חלבה אחוה (400 גרם),אחדות בעמ,,,יח`,400,גרם,false,1,10.90,2.73,false,1,
7290010328239,false,טחינה מתובלת משומשום טבעי אחוה (500 גרם),אחדות בעמ,,,יח`,500,גרם,false,1,12.90,2.58,true,1,
7290010328246,false,טחינה משומשום מלא אחוה (500 גרם),אחדות בעמ,,,יח`,500,גרם,false,1,11.90,2.38,true,1,
7290010328253,false,טחינה משומשום טבעי אחוה (500 גרם),אחדות בעמ,,,יח`,500,גרם,false,1,11.90,2.38,true,1,
7290010328468,false,מיני חלווה ב 3 טעמים אחוה,אחדות בעמ,,,יח`,216,גרם,false,1,11.90,5.51,true,1,
7290010328505,false,חטיפי מיני חלוה ללתס 15 יח`,אחדות בעמ,,,יח`,1,,false,1,11.90,11.90,true,1,
7290010328680,false,עוגה בטעם שוקולד עם שוקוצ`יפס מריר ולבן,אחדות בעמ,,,יח`,450,גרם,false,1,11.90,2.64,true,1,
7290010328710,false,קצפיות במגש 180  גר`אחוה,אחדות בעמ,,,יח`,180,גרם,false,1,8.50,4.72,false,1,
7290010472390,false,דני שמיניה,שטראוס גרופ בעמ/מצונן,,,יח`,1,1 ליטר,false,1,16.80,16.80,false,1,
7290010546152,false,גרנולה תמרים 400  גר`מנדל,גורי מוצרי צריכה (1991) בעמ,,,יח`,400,גרם,false,1,20.90,5.23,false,1,
7290010627004,false,טחינה ירושלים 500 גר`,תה ויסוצקי (ישראל) בעמ,,,יח`,500,גרם,false,1,16.90,3.38,false,1,
7290010627844,false,טחינה ירושלים 500  גר`שומשום מלא,תה ויסוצקי (ישראל) בעמ,,,יח`,500,גרם,false,1,16.90,3.38,false,1,
7290010632787,false,צימרוני אוזניים מעץ אינטרסן) (300,אינטרסן 1996 בעמ,,,יח`,300,יח`,false,1,4.90,0.02,false,1,
7290010711123,false,4 כרות פלדה מתכת shiny,מ.א.ייצור ויבוא מטליות בעמ,,,יח`,1,,false,1,6.90,6.90,false,1,
7290010711543,false,כף אשפה עם גומי,מ.א.ייצור ויבוא מטליות בעמ,,,יח`,1,,false,1,6.40,6.40,false,1,
7290010711550,false,דלי איטלקי עם פיה יוגב,מ.א.ייצור ויבוא מטליות בעמ,,,יח`,1,,false,1,12.50,12.50,false,1,
7290010711901,false,מטליות מיקרו רצפה שלישייה shiny,מ.א.ייצור ויבוא מטליות בעמ,,,יח`,1,,false,1,13.90,13.90,false,1,
7290010711918,false,מטליות מיקרו לניקוי כללי מעוצבות shiny,מ.א.ייצור ויבוא מטליות בעמ,,,יח`,1,,false,1,8.90,8.90,false,1,
7290010711932,false,מטליות תשיעייה רב שימושיות פרימיום shiny,מ.א.ייצור ויבוא מטליות בעמ,,,יח`,1,,false,1,8.90,8.90,false,1,
7290010748860,false,קרם ידיים אפקטיב קר,פישר תעשיות פרמצבטיות בעמ,,,יח`,150,"מ""ל",false,1,19.90,13.27,true,1,
7290010748891,false,אפקטיב קר קרם גוף 700 מל,פישר תעשיות פרמצבטיות בעמ,,,יח`,700,"מ""ל",false,1,34.90,4.99,false,1,
7290010838219,false,סטיביה מרמולייט) (100,דנשר (1963) בעמ,,,יח`,100,יח`,false,1,28.90,0.29,false,1,
7290010838431,false,טואלט דאק 750 מל זוג,דנשר (1963) בעמ,,,יח`,1.50,1 ליטר,false,1,19.90,13.27,false,1,
7290010883356,false,כפפות אלוורה גדול סנו סושי,החברה הדרומית לשיווק בעמ,,,יח`,1,,false,1,11.90,11.90,true,1,
7290010883363,false,כפפות אלוורה קטן סנו סושי,החברה הדרומית לשיווק בעמ,,,יח`,1,,false,1,11.90,11.90,true,1,
7290010922864,false,גולש בקר ארוז קפוא  אשפר( 800 גר`),בלדי בעמ,,,יח`,800,גרם,false,1,29.90,3.74,false,1,
7290010922871,false,טחון בקר 1 קג ארוז קפוא -אשפר,בלדי בעמ,,,יח`,1000,גרם,false,1,29.90,2.99,false,1,
7290010931330,false,מטבוחה אחלה (500 גרם),שטראוס גרופ בעמ/מצונן,,,יח`,500,גרם,false,1,15.60,3.12,true,1,
7290010945146,false,קוטג`3% מועשר 250 גר`,החב` המרכזית - טרה,,,יח`,250,גרם,false,1,5.60,2.24,false,1,
7290010945450,false,גבינה לבנה 3% 250  גר`פיקוח,החב` המרכזית - טרה,,,יח`,250,גרם,false,1,4.98,1.99,false,1,
7290010945481,false,גבינה לבנה 5% 500  גר`פיקוח,החב` המרכזית - טרה,,,יח`,500,גרם,false,1,9.96,1.99,false,1,
7290011015985,false,סירופ דיאט 750 מל בטעם אננס פריגת,החברה המרכזית להפצת משקאות בעמ,,,יח`,750,"מ""ל",false,1,23.90,3.19,false,1,
7290011017873,false,פחית זירו סליק קוקה-קולה (330 מל),החברה המרכזית להפצת משקאות בעמ,,,יח`,330,"מ""ל",false,1,4.30,1.21,true,1,
7290011017880,false,פחית דיאט קולה סליק קוקה-קולה (330 מל),החברה המרכזית להפצת משקאות בעמ,,,יח`,330,"מ""ל",false,1,4.30,1.21,true,1,
7290011026066,false,סרקל שמפו+מרכך 1 ליטר,פישר תעשיות פרמצבטיות בעמ,,,יח`,1,1 ליטר,false,1,31.90,31.90,false,1,
7290011065430,false,צ`ילי מטחנה 50 גר,א.ל.ייצור ושיווק תבלינים בעמ,,,יח`,50,גרם,false,1,19.30,38.60,false,1,
7290011103088,false,זיקוקים 6 יח בשקית 15 סמ,שמחה זה אנחנו בעמ,,,יח`,1,,false,1,14.90,14.90,false,1,
7290011115203,false,סבון מוצק נקה 7 רביעייה,החברה הדרומית לשיווק בעמ,,,יח`,400,גרם,false,1,11.90,2.98,true,1,
7290011115289,false,סבון מוצק נקה 7 רביעייה,החברה הדרומית לשיווק בעמ,,,יח`,400,גרם,false,1,11.90,2.98,true,1,
7290011126452,false,תה קמומיל ונענע ויסוצקי הגן הקסום) (25,תה ויסוצקי (ישראל) בעמ,,,יח`,37.50,גרם,false,1,17.90,47.73,true,1,
7290011126469,false,תה קמומיל ודבש ויסוצקי הגן הקסום) (25,תה ויסוצקי (ישראל) בעמ,,,יח`,37.50,גרם,false,1,17.90,47.73,true,1,
7290011132583,false,פפסי מקס 500 מל שישייה,טמפו משקאות בעמ,,,יח`,3,1 ליטר,false,1,22.90,7.03,false,1,
7290011133375,false,בירה שנדי אפרסק מכבי (330x6 מל),טמפו משקאות בעמ,,,יח`,1.98,1 ליטר,false,1,37.90,18.23,true,1,
7290011153885,false,נייר אכיל בוב ספוג,שמחה זה אנחנו בעמ,,,יח`,13,גרם,false,1,17.90,137.69,false,1,
7290011194215,false,דניאלה מעדן בטעם בננה שטראוס (88 גרם),שטראוס גרופ בעמ/מצונן,,,יח`,150,"מ""ל",false,1,4,2.67,false,1,
7290011194246,false,גבינת  קוטג`5% שטראוס (250 גרם),שטראוס גרופ בעמ/מצונן,,,יח`,250,גרם,false,1,6.10,2.44,false,1,
7290011223038,false,עלים לקרמשניט 300 גר`,דנשר (1963) בעמ,,,יח`,300,גרם,false,1,18.60,6.20,false,1,
7290011223045,false,בישקוטים ליידיפינגרז בונומי (200 גרם),דנשר (1963) בעמ,,,יח`,200,גרם,false,1,8.50,4.25,false,1,
7290011223243,false,ג`ל לאסלה לבנדר טואלט דאק (55 מל),דנשר (1963) בעמ,,,יח`,55,"מ""ל",false,1,13.50,24.55,false,1,
7290011254254,false,שוקו צ`יפס בטעם שוקולד מיה (300 גרם),מיה תעשיות מזון מ.ת.מ. בעמ,,,יח`,300,גרם,false,1,8.10,2.70,false,1,
7290011254346,false,קינואה מיה (1 קג),מיה תעשיות מזון מ.ת.מ. בעמ,,,יח`,1,"ק""ג",false,1,30.50,30.50,true,1,
7290011254605,false,תערובת לקדירה לקט חמין 600 גר`,מיה תעשיות מזון מ.ת.מ. בעמ,,,יח`,600,גרם,false,1,14.50,2.42,false,1,
7290011254612,false,תערובת לקדירה לקט בריאות 600 גר`,מיה תעשיות מזון מ.ת.מ. בעמ,,,יח`,600,גרם,false,1,14.50,2.42,false,1,
7290011254728,false,ג`לטין טהור 25 גר`,מיה תעשיות מזון מ.ת.מ. בעמ,,,יח`,25,גרם,false,1,12.90,51.60,false,1,
7290011254759,false,שעועית שחורה 500  גר`מיה,מיה תעשיות מזון מ.ת.מ. בעמ,,,יח`,500,גרם,false,1,12.50,2.50,false,1,
7290011254773,false,שעועית ארגנטינאית מיה (500 גרם),מיה תעשיות מזון מ.ת.מ. בעמ,,,יח`,500,גרם,false,1,13.20,2.64,false,1,
7290011378233,false,מאגת חלבה ללא סוכר ווניל,קבוצת אסם סחר שות. מוגבלת,,,יח`,1,,false,1,13.20,13.20,false,1,
7290011378769,false,מאגדת חלבה וניל,קבוצת אסם סחר שות. מוגבלת,,,יח`,1,,false,1,13.20,13.20,false,1,
7290011378776,false,מאגדת חלבה פיסטוק,קבוצת אסם סחר שות. מוגבלת,,,יח`,1,,false,1,13.20,13.20,false,1,
7290011438142,false,משקה בטעם קפה בקבוק 350,שטראוס גרופ בעמ/מצונן,,,יח`,350,"מ""ל",false,1,6.30,1.80,false,1,
7290011447281,false,תחליף חלב שלב 2 חלבי מטרנה (700 גרם),קבוצת אסם סחר שות. מוגבלת,,,יח`,700,גרם,false,1,57.10,8.16,true,1,
7290011447373,false,תחליף חלב שלב 2 מהדרין מטרנה (700 גרם),קבוצת אסם סחר שות. מוגבלת,,,יח`,700,גרם,false,1,57.10,8.16,true,1,
7290011499051,false,גבינת פטה כבשים 20% גד (250 גרם),מחלבות גד שיווק 1992 בעמ,,,יח`,250,גרם,false,1,27.90,11.16,false,1,
7290011499105,false,גבינה בולגרית 5% גד (250 גרם),מחלבות גד שיווק 1992 בעמ,,,יח`,250,גרם,false,1,24.90,9.96,false,1,
7290011499112,false,גבינה בולגרית 16% גד (250 גרם),מחלבות גד שיווק 1992 בעמ,,,יח`,250,גרם,false,1,23.90,9.56,false,1,
7290011499129,false,בולגרית לסלט 5% 200 גר`,מחלבות גד שיווק 1992 בעמ,,,יח`,200,גרם,false,1,21.90,10.95,false,1,
7290011499303,false,פטה עיזים מעודנת 5% גד,מחלבות גד שיווק 1992 בעמ,,,יח`,250,גרם,false,1,31.90,12.76,false,1,
7290011499327,false,גבינה בולגרית מעודנת 5% גד (250 גרם),מחלבות גד שיווק 1992 בעמ,,,יח`,250,גרם,false,1,23.90,9.56,false,1,
7290011499358,false,גבינה פטה עיזים 20% גד (200 גרם),מחלבות גד שיווק 1992 בעמ,,,יח`,200,גרם,false,1,27.90,13.95,false,1,
7290011499365,false,גבינת חלומי 24% מחלב בקר גד (200 גרם),מחלבות גד שיווק 1992 בעמ,,,יח`,200,גרם,false,1,22.90,11.45,false,1,
7290011499419,false,גבינת במרקם שמנת 5% טבעי גד,מחלבות גד שיווק 1992 בעמ,,,יח`,200,גרם,false,1,12.90,6.45,false,1,
7290011499525,false,לאבנה דרוזית 9% גד (500 גרם),מחלבות גד שיווק 1992 בעמ,,,יח`,500,גרם,false,1,20.90,4.18,false,1,
7290011499624,false,גבינת שמנת 30% 200  גר`גד,מחלבות גד שיווק 1992 בעמ,,,יח`,200,גרם,false,1,13.90,6.95,true,1,
7290011499853,false,גבינת שמנת 30% זיתים 200  גר`גד,מחלבות גד שיווק 1992 בעמ,,,יח`,200,גרם,false,1,13.90,6.95,true,1,
7290011515683,false,מאגדת אקסטרים וניל 6 יח`,נגה גלידות שותפות מוגבלת,,,יח`,432,גרם,false,1,32.90,7.62,false,1,
7290011524548,false,גרגרי חומוס מוקפאים 800  גר`פרי גליל,ויטה -פרי גליל (החדשה) בעמ,,,יח`,800,גרם,false,1,10.90,1.36,false,1,
7290011524555,false,שעועית לבנה מבושלת קפוא 800  גר`פרי גליל,ויטה -פרי גליל (החדשה) בעמ,,,יח`,800,גרם,false,1,10.90,1.36,false,1,
7290011530747,false,שייק איט) (150*3,בלדי בעמ,,,יח`,450,גרם,false,1,29.90,6.64,true,1,
7290011570088,false,ריבת חלב גלעם לייט גלוטן 400 גר קומידה,תומר יבוא ושיווק מוצרי מזון (1,,,יח`,400,גרם,false,1,20.90,5.23,false,1,
7290011587451,false,גרנולה+פירות ואגוזים 600  גר`תומר,תומר יבוא ושיווק מוצרי מזון (1,,,יח`,600,גרם,false,1,13.90,2.32,false,1,
7290011587833,false,תומר עגבניות מיובשות בשמן 340 גר`,תומר יבוא ושיווק מוצרי מזון (1,,,יח`,340,גרם,false,1,12.90,3.79,false,1,
7290011598211,false,סנו אנטי קאלק 4ב1 700 מל,החברה הדרומית לשיווק בעמ,,,יח`,700,"מ""ל",false,1,15.90,2.27,true,1,
7290011598402,false,סנו מקסימה4 ליטר ורוד,החברה הדרומית לשיווק בעמ,,,יח`,4,1 ליטר,false,1,22.40,5.60,true,1,
7290011607197,false,קולון 5  קג`101 כתמים,רקיט בנקיזר (ניר איסט) בעמ,,,יח`,5,"ק""ג",false,1,41.90,8.38,false,1,
7290011618025,false,נגיסי אורז לתינוקות טעם טבעי,דנשר (1963) בעמ,,,יח`,1,,false,1,14.90,14.90,false,1,
7290011668570,false,גרנולה פירות יבשים 500 גר פנינה רוזנבלום,פנינה רוזנבלום בעמ,,,יח`,500,גרם,false,1,31.60,6.32,true,1,
7290011765422,false,בוב ספוג אל סבון כיף (750 מל),החברה הדרומית לשיווק בעמ,,,יח`,750,"מ""ל",false,1,11.90,1.59,true,1,
7290011765446,false,משחת שיניים אורביטול בוב ספוג 70 גרם,החברה הדרומית לשיווק בעמ,,,יח`,70,גרם,false,1,9.90,14.14,true,1,
7290011765613,false,מתז עובש בניחוח לימון 1 לייטר סנו,החברה הדרומית לשיווק בעמ,,,יח`,1000,"מ""ל",false,1,18.90,1.89,true,1,
7290011772468,false,אקונומיקה אמה 4 ליטר,עיסא ערטול בעמ,,,יח`,4000,"מ""ל",false,1,9.90,0.25,false,1,
7290011800840,false,טחינה בלאדי רפי כהן צבר (400 גרם),קבוצת אסם סחר שות. מוגבלת,,,יח`,400,גרם,false,1,17.30,4.33,false,1,
7290011860271,false,ביסבול כדורי פירה תפוגן (700 גרם),קבוצת אסם סחר שות. מוגבלת,,,יח`,700,גרם,false,1,12.90,1.84,false,1,
7290011876388,false,קציצות עוף ובקר מאמא עוף (600 גרם),תנובה קפואים,,,יח`,600,גרם,false,1,34.70,5.78,false,1,
7290011877866,false,סנו מקסימה 6 קג מאסק,החברה הדרומית לשיווק בעמ,,,יח`,6,"ק""ג",false,1,49.90,8.32,false,1,
7290011931162,false,סוכרלוז נוזלי סוכרזית (220 מל),שטראוס גרופ בעמ,,,יח`,220,"מ""ל",false,1,24.90,11.32,false,1,
7290011947309,false,זית סורי עם לימון כבוש זיתא (230 גרם),תה ויסוצקי (ישראל) בעמ,,,יח`,230,גרם,false,1,14.90,6.48,false,1,
7290011947316,false,זיתי קלמטה 215 גר,תה ויסוצקי (ישראל) בעמ,,,יח`,215,גרם,false,1,14.90,6.93,false,1,
7290011947781,false,מיקס זית ירוק וזית קלמטה ללא גלעין עם שמ,תה ויסוצקי (ישראל) בעמ,,,יח`,190,גרם,false,1,14.90,7.84,false,1,
7290011947798,false,זית קלמטה ללא גלעין עם שמן זית כתית מעול,תה ויסוצקי (ישראל) בעמ,,,יח`,190,גרם,false,1,14.90,7.84,false,1,
7290011964658,false,מלח לימון 170 גר`,תבליני טעם וריח בעמ,,,יח`,170,גרם,false,1,9.90,5.82,true,1,
7290011969141,false,מגבונים לחים טייגר 72 יח,פאלאס תעשיות נטו (2014) בעמ,,,יח`,1,,false,1,4.50,4.50,true,1,
7290011996109,false,רוטב צ`ילי מתוק טעמי אסיה (700 מל),טחנת האבן קואופ בעמ,,,יח`,700,"מ""ל",false,1,10.90,1.56,false,1,
7290011996123,false,אצות נורי גולד טעמי אסיה) (10,טחנת האבן קואופ בעמ,,,יח`,25,גרם,false,1,12.90,51.60,true,1,
7290011996178,false,רוטב סויה בסגנון יפני 300 מל,טחנת האבן קואופ בעמ,,,יח`,300,"מ""ל",false,1,11.90,3.97,false,1,
7290011996185,false,חומץ אורז לבן לסושי טעמי אסיה (250 מל),טחנת האבן קואופ בעמ,,,יח`,250,"מ""ל",false,1,11.90,4.76,true,1,
7290011996222,false,מי קוקוס טעמי אסיה (400 מל),טחנת האבן קואופ בעמ,,,יח`,400,"מ""ל",false,1,9.90,2.48,false,1,
7290011996581,false,רוטב חמוץ מתוק 300 מל,טחנת האבן קואופ בעמ,,,יח`,300,"מ""ל",false,1,11.90,3.97,false,1,
7290011996604,false,רוטב פאד תאי טעמי אסיה (300 מל),טחנת האבן קואופ בעמ,,,יח`,366,גרם,false,1,19.90,5.44,false,1,
7290011996758,false,קמח טמפורה כשר מזרח ומערב 500 גר`,טחנת האבן קואופ בעמ,,,יח`,500,גרם,false,1,12.90,2.58,false,1,
7290011996789,false,פנקו טעמי אסיה (200 גרם),טחנת האבן קואופ בעמ,,,יח`,200,גרם,false,1,11.90,5.95,false,1,
7290011996888,false,רוטב טריאקי טעמי אסיה (300 מל),טחנת האבן קואופ בעמ,,,יח`,300,"מ""ל",false,1,12.90,4.30,false,1,
7290012001994,false,חרדל דיגון גרעינים 350 גרם,דיפלומט היינץ,,,יח`,340,גרם,false,1,14.20,4.18,false,1,
7290012022005,false,קריספיות,דילייט 2005 בעמ,,,יח`,60,גרם,false,1,12.90,21.50,false,1,
7290012022050,false,קריספיות חיטה מלאה,דילייט 2005 בעמ,,,יח`,75,גרם,false,1,13.90,18.53,false,1,
7290012022067,false,קריספיות קידס 30 גרם,דילייט 2005 בעמ,,,יח`,30,גרם,false,1,10.90,36.33,false,1,
7290012116537,false,א.כביסה סנו מקסימה 2.5 קג`,החברה הדרומית לשיווק בעמ,,,יח`,2.50,"ק""ג",false,1,25.90,10.36,true,1,
7290012116612,false,מברשת שיניים אורביטול) (4,החברה הדרומית לשיווק בעמ,,,יח`,1,,false,1,13.20,13.20,true,1,
7290012117091,false,סנו מקסימה 6 קג,החברה הדרומית לשיווק בעמ,,,יח`,6,"ק""ג",false,1,49.90,8.32,false,1,
7290012117275,false,סנוקליר שקית מילוי 750 מל,החברה הדרומית לשיווק בעמ,,,יח`,750,"מ""ל",false,1,6.90,0.92,true,1,
7290012117350,false,ריצפז פרש 2 ליטר לילך,החברה הדרומית לשיווק בעמ,,,יח`,2,1 ליטר,false,1,20.90,10.45,true,1,
7290012117428,false,ג`ל רחצה ושמפו מנטה לגבר קרמה (700 מל),החברה הדרומית לשיווק בעמ,,,יח`,700,"מ""ל",false,1,16,2.29,true,1,
7290012117534,false,סנו מקסימה מרכך 1 ליטר כחול,החברה הדרומית לשיווק בעמ,,,יח`,1,1 ליטר,false,1,18.90,18.90,true,1,
7290012117541,false,סנו מקסימה מרכך 1 ליטר צהוב,החברה הדרומית לשיווק בעמ,,,יח`,1,1 ליטר,false,1,18.90,18.90,true,1,
7290012117558,false,סנו מקסימה מרכך 1 ליטר ורוד בהיר,החברה הדרומית לשיווק בעמ,,,יח`,1,1 ליטר,false,1,18.90,18.90,true,1,
7290012117732,false,סנו מקסימה4 ליטר,החברה הדרומית לשיווק בעמ,,,יח`,4,1 ליטר,false,1,22.40,5.60,true,1,
7290012117916,false,סנו אינסטלטור נוזלי 1 ליטר,החברה הדרומית לשיווק בעמ,,,יח`,1,1 ליטר,false,1,27.90,27.90,true,1,
7290012193163,false,אל סבון פרחי בר ורוד פמילי (1 ליטר),דנשר (1963) בעמ,,,יח`,1,1 ליטר,false,1,15.90,15.90,true,1,
7290012212154,false,מלפפון במלח קטן צנצנת זכוכית,אבאל יזמות בעמ,,,יח`,560,גרם,false,1,12.90,2.30,true,1,
7290012226120,false,קבנוס זוגלובק (45x3 גרם),זוגלובק שיווק בעמ,,,יח`,135,גרם,false,1,12.50,9.26,true,1,
7290012226939,false,קבנוס 135 גר` עם צ`ילי חריף זוגלובק,זוגלובק שיווק בעמ,,,יח`,135,גרם,false,1,12.50,9.26,true,1,
7290012227172,false,חרמון כפרית 300 גר`+ברביקיו 300 גר`,זוגלובק שיווק בעמ,,,יח`,600,גרם,false,1,35.60,5.93,true,1,
7290012227325,false,סלמי מעושן דק דק 120 גר` זוגלובק,זוגלובק שיווק בעמ,,,יח`,120,גרם,false,1,14.80,12.33,true,1,
7290012227592,false,זוג חרמון כפרית  ותה- מחפוד,זוגלובק שיווק בעמ,,,יח`,600,גרם,false,1,36.70,6.12,false,1,
7290012227608,false,זוג חרמון כפרית וחרמון ברבקיו-מחפוד,זוגלובק שיווק בעמ,,,יח`,600,גרם,false,1,36.70,6.12,false,1,
7290012227622,false,חרמון כפרית דבש 400  גר- מחפוד,זוגלובק שיווק בעמ,,,יח`,400,גרם,false,1,21.40,5.35,false,1,
7290012227769,false,פסטרמה ברביקיו 400 גר`(מחפוד),זוגלובק שיווק בעמ,,,יח`,400,גרם,false,1,21.40,5.35,false,1,
7290012227783,false,תה מעושן 400 גר`(מחפוד),זוגלובק שיווק בעמ,,,יח`,400,גרם,false,1,21.40,5.35,false,1,
7290012227912,false,קבנוס מעודן 135 גרם,זוגלובק שיווק בעמ,,,יח`,135,גרם,false,1,11.20,8.30,true,1,
7290012227981,false,פסטרמה ברביקין 120 גר` זוגלובק,זוגלובק שיווק בעמ,,,יח`,120,גרם,false,1,14.80,12.33,true,1,
7290012227998,false,חזה בקר 120 גר` זוגלובק,זוגלובק שיווק בעמ,,,יח`,120,גרם,false,1,14.80,12.33,true,1,
7290012228278,false,נקנקיות בוקוורסט הודו ובקר 310 גר,זוגלובק שיווק בעמ,,,יח`,310,גרם,false,1,21.40,6.90,false,1,
7290012228407,false,נקנקיות ג`מבו מחפוד 1.5 קג זוגלובק,זוגלובק שיווק בעמ,,,יח`,1500,גרם,false,1,38.90,2.59,false,1,
7290012228766,false,קבנוס מחפוד 120 גר זוגלובק,זוגלובק שיווק בעמ,,,יח`,120,גרם,false,1,10.90,9.08,true,1,
7290012275241,false,טונה בוניטו בודד בשמן,בני פאוזי שמשום (2009) בעמ,,,יח`,1,,false,1,4.90,4.90,false,1,
7290012309878,false,חלבה עם פיסטוקים 500  גר`ששון הקולה,דין שיווק וקליה 2021 בעמ,,,יח`,500,גרם,false,1,13.90,2.78,false,1,
7290012309939,false,חלבה מסולסלת 500 גר`,דין שיווק וקליה 2021 בעמ,,,יח`,500,גרם,false,1,17.90,3.58,true,1,
7290012413636,false,תה ירוק צ`אי מסאלה ויסוצקי (25),תה ויסוצקי (ישראל) בעמ,,,יח`,37.50,גרם,false,1,27.90,74.40,true,1,
7290012522581,false,שניצל תירס ללא גלוטן טבעול (664 גרם),קבוצת אסם סחר שות. מוגבלת,,,יח`,750,גרם,false,1,20.30,2.71,false,1,
7290012561405,false,בצל קצוץ ומטוגן דורות (180 גרם),קבוצת אסם סחר שות. מוגבלת,,,יח`,180,גרם,false,1,13.20,7.33,false,1,
7290012645020,false,יוגורט 500 מל חלב הארץ,שטראוס גרופ בעמ/מצונן,,,יח`,500,"מ""ל",false,1,12.80,2.56,true,1,
7290012645112,false,יוגורט עיזים 750 מל בדלי,שטראוס גרופ בעמ/מצונן,,,יח`,750,"מ""ל",false,1,20.90,2.79,false,1,
7290012645129,false,יוגורט כבשים 750 מל בדלי חלב הארץ,שטראוס גרופ בעמ/מצונן,,,יח`,750,"מ""ל",false,1,20.90,2.79,false,1,
7290012803222,false,טוסו וופל בלגי ללתס בטעם לימון 200 גר`,דנשר (1963) בעמ,,,יח`,200,גרם,false,1,11.50,5.75,true,1,
7290012803321,false,סוכרלוז מרמולייט) (200,דנשר (1963) בעמ,,,יח`,200,גרם,false,1,49.90,24.95,false,1,
7290012803451,false,טוסו שוקולד מריר ללתס 100  גר`62%,דנשר (1963) בעמ,,,יח`,100,גרם,false,1,14.20,14.20,false,1,
7290012803765,false,טוסו שוקולד מריר ללתס 100 גר`,דנשר (1963) בעמ,,,יח`,100,גרם,false,1,14.20,14.20,false,1,
7290012803789,false,טוסו שוקולד מריר+אגוזים ללתס 100 גר`,דנשר (1963) בעמ,,,יח`,100,גרם,false,1,14.20,14.20,false,1,
7290012823381,false,סנו מקסימה מרכך 1 ליטר ורוד פסים,החברה הדרומית לשיווק בעמ,,,יח`,1,1 ליטר,false,1,18.90,18.90,true,1,
7290012823398,false,ריצפז פרש מטליות חד פעמיות 10 יח`,החברה הדרומית לשיווק בעמ,,,יח`,1,,false,1,12.90,12.90,true,1,
7290012823602,false,נייר טואלט סופט 32 גלילים,החברה הדרומית לשיווק בעמ,,,יח`,1,,false,1,35.90,35.90,true,1,
7290012823947,false,סנו מקסימה מרכך 750 מל שחור,החברה הדרומית לשיווק בעמ,,,יח`,750,"מ""ל",false,1,18.90,2.52,true,1,
7290012864001,false,נבטי חמניה,א.אדמה (2007) בעמ,,,יח`,1,,false,1,10.90,10.90,false,1,
7290012864025,false,אלפלפא,א.אדמה (2007) בעמ,,,יח`,1,,false,1,7.90,7.90,false,1,
7290012884986,false,צ`יפס לתנור עד 4% שומן תפוגן (1.5 קג),קבוצת אסם סחר שות. מוגבלת,,,יח`,1500,גרם,false,1,26.50,1.77,false,1,
7290012901355,false,ארוחת אטריות עם גבינה 206 גר`Doodles,מור-ים מרקטינג בעמ,,,יח`,206,גרם,false,1,11.90,5.78,false,1,
7290012911477,false,קרם קוקוס טעמי אסיה (400 מל),טחנת האבן קואופ בעמ,,,יח`,400,גרם,false,1,11.90,2.98,false,1,
7290012911675,false,פטריות שטאקה טעמי אסיה (85 גרם),טחנת האבן קואופ בעמ,,,יח`,85,גרם,false,1,22.90,26.94,false,1,
7290012911804,false,שמן שומשום טעמי אסיה (150 מל),טחנת האבן קואופ בעמ,,,יח`,150,"מ""ל",false,1,16.90,11.27,true,1,
7290012911866,false,דפי אורז מרובעים 22 סמ,טחנת האבן קואופ בעמ,,,יח`,300,גרם,false,1,12.90,4.30,false,1,
7290012911941,false,רוטב צילי מתוק ללתס 700 מל,טחנת האבן קואופ בעמ,,,יח`,700,"מ""ל",false,1,15.90,2.27,false,1,
7290012931086,false,מטאטא מליציה שייני,מ.א.ייצור ויבוא מטליות בעמ,,,יח`,1,יח`,false,1,17.60,17.60,false,1,
7290012931611,false,3 כריות ברזל לקרצוף חזק shiny,מ.א.ייצור ויבוא מטליות בעמ,,,יח`,1,,false,1,7.90,7.90,false,1,
7290012936838,false,הל טחון 35 גר`,א.ל.ייצור ושיווק תבלינים בעמ,,,יח`,35,גרם,false,1,15.90,45.43,false,1,
7290012936937,false,בהרט תבליני מימון (40 גרם),א.ל.ייצור ושיווק תבלינים בעמ,,,יח`,40,גרם,false,1,13.20,33,false,1,
7290012936944,false,אגוז מוסקט טחון תבליני מימון (40 גרם),א.ל.ייצור ושיווק תבלינים בעמ,,,יח`,40,גרם,false,1,16.30,40.75,false,1,
7290012938580,false,הלבנה עדינה סנסודיין (75 מל),גורי ע.ע.ע בעמ,,,יח`,75,"מ""ל",false,1,22.90,30.53,true,1,
7290012938740,false,משחת שיניים בטעם מנטה סנסודיין (75 מל),גורי ע.ע.ע בעמ,,,יח`,75,גרם,false,1,22.90,30.53,true,1,
7290012938924,false,אקווה פרש מי פה 500 מל,גורי ע.ע.ע בעמ,,,יח`,500,"מ""ל",false,1,22.40,4.48,true,1,
7290012962448,false,מדליק פחם נוזלי 250 מל,אינטרסן 1996 בעמ,,,יח`,250,"מ""ל",false,1,10.10,4.04,false,1,
7290012962561,false,קיסמי שיניים במבוק הוסטס) (500,אינטרסן 1996 בעמ,,,יח`,1,,false,1,5.50,5.50,true,1,
7290012996610,false,טבליות אסלה-קופסא,יעקב יעקבי ובניו בעמ,,,יח`,400,גרם,false,1,17.10,4.28,false,1,
7290013027399,false,לחם אנג`ל 100 בתוספת שיפון-קל 750גר,שלמה א. אנג`ל בעמ,,,יח`,750,גרם,false,1,13.90,1.85,false,1,
7290013083661,false,מטרנה אקסטרא קייר 700  גר`שלב 1,קבוצת אסם סחר שות. מוגבלת,,,יח`,700,גרם,false,1,63.90,9.13,true,1,
7290013083678,false,מטרנה אקסטרא קייר 700  גר`שלב 2,קבוצת אסם סחר שות. מוגבלת,,,יח`,700,גרם,false,1,63.90,9.13,true,1,
7290013117212,false,בורקס פילו גבינה מעדנות,תנובה קפואים,,,יח`,600,גרם,false,1,24.40,4.07,false,1,
7290013117229,false,בורקס פילו תפוא מעדנות,תנובה קפואים,,,יח`,600,גרם,false,1,24.40,4.07,false,1,
7290013117243,false,בורקס פילו בולגרית מעדנות,תנובה קפואים,,,יח`,600,גרם,false,1,24.40,4.07,false,1,
7290013117410,false,בצק פריך מתוק 900 גר` מעדנות,תנובה קפואים,,,יח`,900,גרם,false,1,25.50,2.83,false,1,
7290013117427,false,בצק פריך מלוח 900 גר` מעדנות,תנובה קפואים,,,יח`,900,גרם,false,1,25.50,2.83,false,1,
7290013117526,false,בצק שמרים מתוק מעדנות,תנובה קפואים,,,יח`,900,גרם,false,1,24.40,2.71,false,1,
7290013121028,false,לחם לבן גרין לייט (500 גרם),גורי ע.ע.ע בעמ,,,יח`,500,גרם,false,1,19.90,3.98,false,1,
7290013121035,false,לחם פשתן 500  גר`ללא גלוטן,גורי ע.ע.ע בעמ,,,יח`,500,גרם,false,1,20.90,4.18,false,1,
7290013121158,false,לחמניות  סנדוויץ`גרין לייט (115x4 גרם),גורי ע.ע.ע בעמ,,,יח`,1,,false,1,18.90,18.90,false,1,
7290013121165,false,לחמניות נקנקיה ללא גלוטן,גורי ע.ע.ע בעמ,,,יח`,460,גרם,false,1,18.90,4.11,false,1,
7290013121691,false,שלישיית לאפות 80  גר`ליחידה ללא גולטן גר,גורי ע.ע.ע בעמ,,,יח`,240,גרם,false,1,18.90,7.88,false,1,
7290013121769,false,שליש באגט ללס וללא גלוטן,גורי ע.ע.ע בעמ,,,יח`,400,גרם,false,1,18.50,4.63,false,1,
7290013128324,false,ענבים שחורים,לכיש מושב עובדים להתישבות*30 י,,,"ק""ג",1,,true,1,15.90,15.90,false,1,
7290013144157,false,סחלב 130 גרם מימונס,א.ל.ייצור ושיווק תבלינים בעמ,,,יח`,130,גרם,false,1,11.90,9.15,true,1,
7290013144171,false,תערובת עוגת שוקולד 560 גר`,א.ל.ייצור ושיווק תבלינים בעמ,,,יח`,560,גרם,false,1,19.90,3.55,true,1,
7290013144195,false,תערובת כדורי שוקולד 500 גר`,א.ל.ייצור ושיווק תבלינים בעמ,,,יח`,500,גרם,false,1,19.90,3.98,true,1,
7290013144218,false,תערובת עוגת וניל מימונס (560 גרם),א.ל.ייצור ושיווק תבלינים בעמ,,,יח`,560,גרם,false,1,19.90,3.55,true,1,
7290013144232,false,פודינג בטעם וניל 85 גר` מימונס,א.ל.ייצור ושיווק תבלינים בעמ,,,יח`,85,גרם,false,1,6.90,8.12,true,1,
7290013144270,false,קרם פטיסייר 100 גר`,א.ל.ייצור ושיווק תבלינים בעמ,,,יח`,100,גרם,false,1,12.90,12.90,false,1,
7290013144317,false,גלילית וופל למילוי ג`וני,א.ל.ייצור ושיווק תבלינים בעמ,,,יח`,400,גרם,false,1,24.90,6.23,false,1,
7290013144393,false,תמצית אפיה בטעם וניל מימונס (50 מל),א.ל.ייצור ושיווק תבלינים בעמ,,,יח`,50,גרם,false,1,5.90,11.80,false,1,
7290013144409,false,תמצית אפיה בטעם רום מימונס (50 מל),א.ל.ייצור ושיווק תבלינים בעמ,,,יח`,50,גרם,false,1,5.90,11.80,false,1,
7290013144522,false,צבע מאכל ירוק מימונס (50 מל),א.ל.ייצור ושיווק תבלינים בעמ,,,יח`,50,גרם,false,1,6.90,13.80,false,1,
7290013144539,false,צבע מאכל אדום מימונס (50 מל),א.ל.ייצור ושיווק תבלינים בעמ,,,יח`,50,גרם,false,1,6.90,13.80,false,1,
7290013144560,false,צבע מאכל כחול מימונס (50 מל),א.ל.ייצור ושיווק תבלינים בעמ,,,יח`,50,גרם,false,1,6.90,13.80,false,1,
7290013144614,false,סירופ מייפל אמיתי מימונס (236 מל),א.ל.ייצור ושיווק תבלינים בעמ,,,יח`,236,"מ""ל",false,1,36.90,15.64,true,1,
7290013144768,false,סירופ שוקולד מימונס (500 גרם),א.ל.ייצור ושיווק תבלינים בעמ,,,יח`,500,"מ""ל",false,1,16.90,3.38,true,1,
7290013144911,false,מיקס שוקולד צ`יפס מריר וחלב 250 גר`,א.ל.ייצור ושיווק תבלינים בעמ,,,יח`,250,גרם,false,1,15.90,6.36,false,1,
7290013145017,false,אגוז מלך קלוף מימונס (100 גרם),א.ל.ייצור ושיווק תבלינים בעמ,,,יח`,100,גרם,false,1,13.90,13.90,false,1,
7290013145024,false,אגוז מלך טחון מימונס (100 גרם),א.ל.ייצור ושיווק תבלינים בעמ,,,יח`,100,גרם,false,1,13.90,13.90,false,1,
7290013145031,false,אגוז לוז מסוכר מימונס (100 גרם),א.ל.ייצור ושיווק תבלינים בעמ,,,יח`,100,גרם,false,1,13.90,13.90,false,1,
7290013145116,false,שקד מולבן מקלות מימונס (100 גרם),א.ל.ייצור ושיווק תבלינים בעמ,,,יח`,100,גרם,false,1,11.90,11.90,true,1,
7290013145215,false,שומשום מימונס (400 גרם),א.ל.ייצור ושיווק תבלינים בעמ,,,יח`,400,גרם,false,1,14.90,3.73,false,1,
7290013145277,false,עלים לקרמשניט 300 גר,א.ל.ייצור ושיווק תבלינים בעמ,,,יח`,300,גרם,false,1,17.90,5.97,false,1,
7290013145390,false,שוקולד צ`יפס מימונס (250 גרם),א.ל.ייצור ושיווק תבלינים בעמ,,,יח`,250,גרם,false,1,11.90,4.76,false,1,
7290013145406,false,שוקולד צ`יפס לבן מימונס (250 גרם),א.ל.ייצור ושיווק תבלינים בעמ,,,יח`,250,גרם,false,1,11.90,4.76,false,1,
7290013145437,false,שוקולד צ`יפס 45% מימונס (250 גרם),א.ל.ייצור ושיווק תבלינים בעמ,,,יח`,250,גרם,false,1,14.90,5.96,false,1,
7290013145444,false,שוקולד צ`יפס 66% מוצקים מימונס (250 גרם),א.ל.ייצור ושיווק תבלינים בעמ,,,יח`,250,גרם,false,1,17.90,7.16,false,1,
7290013145451,false,קקאו 150  גר`שקית מימונס,א.ל.ייצור ושיווק תבלינים בעמ,,,יח`,150,גרם,false,1,10.90,7.27,false,1,
7290013145567,false,מיני מיני עדשים מימונס (90 גרם),א.ל.ייצור ושיווק תבלינים בעמ,,,יח`,90,גרם,false,1,12.90,14.33,false,1,
7290013145574,false,ערכת קישוט לעוגות מימונס (100 גרם),א.ל.ייצור ושיווק תבלינים בעמ,,,יח`,100,גרם,false,1,14.90,14.90,false,1,
7290013145628,false,סוכריות צבעוניות לקישוט 200 גר,א.ל.ייצור ושיווק תבלינים בעמ,,,יח`,200,גרם,false,1,10.90,5.45,false,1,
7290013145710,false,דובדבנים מסוכרים מימונס (100 גרם),א.ל.ייצור ושיווק תבלינים בעמ,,,יח`,100,גרם,false,1,10.90,10.90,false,1,
7290013145840,false,סוכר וניל מימונס (10x10 גרם),א.ל.ייצור ושיווק תבלינים בעמ,,,יח`,10,יח`,false,1,3.90,0.39,false,1,
7290013145857,false,אבקת אפיה מימונס (10x10 גרם),א.ל.ייצור ושיווק תבלינים בעמ,,,יח`,10,יח`,false,1,3.90,0.39,false,1,
7290013145956,false,שמרים יבשים בואקום מימונס (500 גרם),א.ל.ייצור ושיווק תבלינים בעמ,,,יח`,500,גרם,false,1,13.90,2.78,false,1,
7290013145963,false,שמרים יבשים בואקום מימונס (125 גרם),א.ל.ייצור ושיווק תבלינים בעמ,,,יח`,125,גרם,false,1,6.90,5.52,false,1,
7290013146816,false,אבקת סוכר שקית 500 מימונס,א.ל.ייצור ושיווק תבלינים בעמ,,,יח`,500,גרם,false,1,7.90,1.58,false,1,
7290013153593,false,פריגת תפוזים מתקתק 100% 1 ליטר,החב` המרכזית - טרה,,,יח`,1000,"מ""ל",false,1,11.90,1.16,false,1,
7290013215017,false,דואט פטריות-יחידה,חוות השמפיניון בעמ,,,יח`,1,,false,1,18.90,18.90,false,1,
7290013268020,false,סנו מקסימה מרכך 1 ליטר כחול פסים,החברה הדרומית לשיווק בעמ,,,יח`,1,1 ליטר,false,1,18.90,18.90,true,1,
7290013268037,false,סנו מקסימה מרכך 1 ליטר סגול,החברה הדרומית לשיווק בעמ,,,יח`,1,1 ליטר,false,1,18.90,18.90,true,1,
7290013268242,false,ריצפז פרש הום בניחוח מלון מפנק 2 ליטר,החברה הדרומית לשיווק בעמ,,,יח`,2,1 ליטר,false,1,22.90,11.45,true,1,
7290013268839,false,פוליוויקס פרקט סנו (2 ליטר),החברה הדרומית לשיווק בעמ,,,יח`,2000,"מ""ל",false,1,20.90,1.05,false,1,
7290013268884,false,ריצפז פרש 2 ליטר מאסק,החברה הדרומית לשיווק בעמ,,,יח`,2,1 ליטר,false,1,20.90,10.45,true,1,
7290013268938,false,סנובון שלישיה מאסק,החברה הדרומית לשיווק בעמ,,,יח`,195,גרם,false,1,12.90,6.62,true,1,
7290013268983,false,סנו מקסימה מרכך 1 ליטר MOMENTS OF JOY,החברה הדרומית לשיווק בעמ,,,יח`,1,1 ליטר,false,1,18.90,18.90,true,1,
7290013268990,false,מקסימה מרכך סופר מרוכז ביו סנו (1 ליטר),החברה הדרומית לשיווק בעמ,,,יח`,1,1 ליטר,false,1,18.90,18.90,true,1,
7290013269263,false,מקסימה ג`ל כביסה 3 ליטר,החברה הדרומית לשיווק בעמ,,,יח`,3,1 ליטר,false,1,34.60,11.53,true,1,
7290013269287,false,מקסימה ג`ל כביסה 3 ליטר,החברה הדרומית לשיווק בעמ,,,יח`,3000,1 ליטר,false,1,34.60,0.01,true,1,
7290013269621,false,ריצפז פרש הום בניחוח מלון בוטיק 2 ליטר,החברה הדרומית לשיווק בעמ,,,יח`,2,1 ליטר,false,1,22.90,11.45,true,1,
7290013269638,false,סושי ספוג הפלא אקסטרה סנו) (6,החברה הדרומית לשיווק בעמ,,,יח`,1,,false,1,12.90,12.90,true,1,
7290013269645,false,ריצפז פרש מטליות חד פעמיות 10 יח`,החברה הדרומית לשיווק בעמ,,,יח`,1,,false,1,12.90,12.90,true,1,
7290013269652,false,פוליויקס גרניט פורצלן 2 ליטר,החברה הדרומית לשיווק בעמ,,,יח`,2,1 ליטר,false,1,23.90,11.95,true,1,
7290013269669,false,ריצפז 3 ליטר פנטזיה,החברה הדרומית לשיווק בעמ,,,יח`,3,1 ליטר,false,1,13.90,4.63,true,1,
7290013269751,false,ריצפז פרש מטליות חד פעמיות 10 יח`,החברה הדרומית לשיווק בעמ,,,יח`,1,,false,1,12.90,12.90,true,1,
7290013269911,false,קוטל חרקים קיי 333 סנו (750 מל),החברה הדרומית לשיווק בעמ,,,יח`,750,"מ""ל",false,1,30.90,4.12,true,1,
7290013284051,false,פריניר טריו זיתים 560ג.,אבאל יזמות בעמ,,,יח`,560,גרם,false,1,8.90,1.59,true,1,
7290013284075,false,פריניר טבעות זיתים מושחרים 560ג.,אבאל יזמות בעמ,,,יח`,560,גרם,false,1,8.90,1.59,true,1,
7290013284082,false,פריניר זית מושחר ללא גלעין 560ג,אבאל יזמות בעמ,,,יח`,560,גרם,false,1,8.90,1.59,true,1,
7290013284105,false,פריניר זיתים טבעות ירוק a2,אבאל יזמות בעמ,,,יח`,560,גרם,false,1,8.50,1.52,true,1,
7290013284112,false,פריניר זיתים חרוזית ירוק a2,אבאל יזמות בעמ,,,יח`,0,גרם,false,1,8.50,8.50,true,1,
7290013284136,false,פריניר מלפפון במלח 7-9 560ג.,אבאל יזמות בעמ,,,יח`,560,גרם,false,1,6.90,1.23,true,1,
7290013284143,false,פריניר מלפפונים במלח 10-12 560ג.,אבאל יזמות בעמ,,,יח`,560,גרם,false,1,7.90,1.41,true,1,
7290013284150,false,פריניר מלפפונים במלח 13-17 560ג,אבאל יזמות בעמ,,,יח`,560,גרם,false,1,9.90,1.77,true,1,
7290013284174,false,פריניר מלפפונים בחומץ 7-9 560גר.,אבאל יזמות בעמ,,,יח`,560,גרם,false,1,6.90,1.23,true,1,
7290013284198,false,פריניר מלפפון בחומץ 13-17,אבאל יזמות בעמ,,,יח`,1,,false,1,9.90,9.90,true,1,
7290013284204,false,פריניר מלפפון חומץ 18-25,אבאל יזמות בעמ,,,יח`,560,גרם,false,1,9.90,1.77,true,1,
7290013284310,false,רוטב פסטה 240  גר`פריניר,אבאל יזמות בעמ,,,יח`,240,גרם,false,1,5.90,2.46,true,1,
7290013284662,false,רוטב פיצה 240  גר`פריניר,אבאל יזמות בעמ,,,יח`,240,גרם,false,1,5.90,2.46,true,1,
7290013310101,false,שיפודי במבוק ג`מבו 50 יח,אינטרסן 1996 בעמ,,,יח`,1,,false,1,6.50,6.50,false,1,
7290013310378,false,כפפות ניטריל כחולות S איזי טאצ`) (80,אינטרסן 1996 בעמ,,,יח`,80,יח`,false,1,25.90,0.32,false,1,
7290013310385,false,כפפות ניטריל כחולות M איזי טאצ`) (80,אינטרסן 1996 בעמ,,,יח`,80,יח`,false,1,25.90,0.32,false,1,
7290013310408,false,כפפות ניטריל ללא אבקה XL 80 יח`,אינטרסן 1996 בעמ,,,יח`,80,יח`,false,1,25.90,0.32,false,1,
7290013358356,false,פירורי לחם מוזהבים מאסטר שף (320גרם),ש.שסטוביץ בעמ,,,יח`,320,גרם,false,1,7.90,2.47,false,1,
7290013358363,false,פירורי לחם פנקו מוזהבים 300  גר`מנה מאסט,ש.שסטוביץ בעמ,,,יח`,300,גרם,false,1,11.20,3.73,false,1,
7290013358417,false,רוטב טריאקי מאסטר שף (300 מל),ש.שסטוביץ בעמ,,,יח`,300,"מ""ל",false,1,12.90,4.30,false,1,
7290013358462,false,מיני קרוטונים שום בצל 350 גר` מנה מאסטר,ש.שסטוביץ בעמ,,,יח`,350,גרם,false,1,19.90,5.69,false,1,
7290013358530,false,רוטב צ`ילי מתוק מאסטר שף (700 מל),ש.שסטוביץ בעמ,,,יח`,700,"מ""ל",false,1,14.90,2.13,false,1,
7290013358578,false,אטריות אורז רחבות 400 גר` מנה מאסטר שף,ש.שסטוביץ בעמ,,,יח`,400,גרם,false,1,10.90,2.73,false,1,
7290013358585,false,נודלס ביצים 400 גר` מנה מאסטר שף,ש.שסטוביץ בעמ,,,יח`,400,גרם,false,1,10.90,2.73,false,1,
7290013430083,false,אלכסנדר בלונד בירה 330 מל,אגודת הכורמים,,,יח`,330,"מ""ל",false,1,13.90,4.12,true,1,
7290013430090,false,בירה אלכסנדר אמברה בקבוק 330 מל,אגודת הכורמים,,,יח`,330,"מ""ל",false,1,13.90,4.12,true,1,
7290013430250,false,אלכסנדר חיטה ישראלית בקבוק בודד 330 מל,אגודת הכורמים,,,יח`,330,"מ""ל",false,1,13.90,4.12,true,1,
7290013472199,false,ערמונים קלופים 100 גר`,ג.וילי-פוד אינטרנשיונל בעמ,,,יח`,100,גרם,false,1,5.90,5.90,false,1,
7290013492005,false,תפוא ננסי מיקרוגל,א.אדמה (2007) בעמ,,,יח`,1,,false,1,8.90,8.90,false,1,
7290013531117,false,רוטב פסטה לילדים יכין (240 גר`),זנלכל בעמ,,,יח`,240,גרם,false,1,6.90,2.88,false,1,
7290013531612,false,רוטב נפוליטנה יכין (240 גרם),זנלכל בעמ,,,יח`,240,גרם,false,1,6.90,2.88,false,1,
7290013531759,false,שעועית לבנה מבושלת במים יכין (550 גרם),זנלכל בעמ,,,יח`,550,גרם,false,1,11.50,2.09,false,1,
7290013534057,false,צ`יפס בטטה 100 גרכשלפ,מיה תעשיות מזון מ.ת.מ. בעמ,,,יח`,100,גרם,false,1,11.20,11.20,true,1,
7290013579232,false,אוכמניות כחולות קפואות 250  גר`SHAKE IT,בלדי בעמ,,,יח`,250,גרם,false,1,9.90,3.96,false,1,
7290013579492,false,פיטאיה קפואה 250  גר`shake it עדה חרדית,בלדי בעמ,,,יח`,250,גרם,false,1,10.90,4.36,false,1,
7290013580009,false,המבורגר זהב 400  גר`בלדי,בלדי בעמ,,,יח`,400,גרם,false,1,16.90,4.23,false,1,
7290013585233,false,ספרייט זירו 330 מלסילק,החברה המרכזית להפצת משקאות בעמ,,,יח`,330,"מ""ל",false,1,4.30,1.21,true,1,
7290013585387,false,בקבוק זירו קוקה-קולה (1 ליטר),החברה המרכזית להפצת משקאות בעמ,,,יח`,1000,"מ""ל",false,1,7.90,0.76,false,1,
7290013585394,false,בקבוק קוקה-קולה (1 ליטר),החברה המרכזית להפצת משקאות בעמ,,,יח`,1000,"מ""ל",false,1,7.90,0.76,false,1,
7290013608260,false,מיץ רימונים סחוט פרימור (1 ליטר),שטראוס גרופ בעמ/מצונן,,,יח`,1,1 ליטר,false,1,21.90,21.90,false,1,
7290013645364,false,עוגיות מזרחיות ללא גלוטן GFREE 200 גר`,גורי מוצרי צריכה (1991) בעמ,,,יח`,200,גרם,false,1,20.70,10.35,false,1,
7290013675194,false,שניצל אמיתי ביתי ללא גלוטן מאמא עוף,תנובה קפואים,,,יח`,700,גרם,false,1,35.60,5.09,false,1,
7290013675545,false,שניצל כלי תחבורה מאמא עוף (700 גרם),תנובה קפואים,,,יח`,700,גרם,false,1,36.90,5.27,false,1,
7290013677648,false,שמן זית למאור(לא  למאכל),מיה תעשיות מזון מ.ת.מ. בעמ,,,יח`,1,1 ליטר,false,1,24.40,24.40,false,1,
7290013677822,false,גריסי פנינה 1 קג,מיה תעשיות מזון מ.ת.מ. בעמ,,,יח`,1,"ק""ג",false,1,11.20,11.20,false,1,
7290013677846,false,כוסמת מיה (1 קג),מיה תעשיות מזון מ.ת.מ. בעמ,,,יח`,1,"ק""ג",false,1,14.50,14.50,false,1,
7290013713025,false,בירה ג`מס בקבוק פילס 330 מל,אגודת הכורמים,,,יח`,330,"מ""ל",false,1,13.90,4.12,true,1,
7290013713049,false,בירה ג`מס בקבוק 8.80%  אלכוהול( 330 מל),אגודת הכורמים,,,יח`,330,"מ""ל",false,1,13.90,4.12,true,1,
7290013725769,false,נודלס עבה 400 גר`,דין שיווק וקליה 2021 בעמ,,,יח`,400,גרם,false,1,8.50,2.13,false,1,
7290013847812,false,ס.ק טונה ילופין בשמן זית מעולה 140 גר`,סטארקיסט דיפלומט היינץ,,,יח`,140,גרם,false,1,11.20,8,false,1,
7290013848345,false,מטליות לניקוי לחיטוי ולניקוי 50 יח סנו,החברה הדרומית לשיווק בעמ,,,יח`,1,,false,1,20.90,20.90,true,1,
7290013848758,false,סנו מקסימה ג`ל מרוכז בייבי,החברה הדרומית לשיווק בעמ,,,יח`,3,1 ליטר,false,1,33.90,11.30,false,1,
7290013903594,false,רסק תפוחי עץ ליב 670 גר`,ל.י.ב. (לחיות יותר בטבע) בעמ,,,יח`,670,גרם,false,1,12.20,1.82,true,1,
7290013906205,false,פסטרמה שום וצילי טירת צבי (400 גרם),תנובה קפואים,,,יח`,400,גרם,false,1,34.60,8.65,true,1,
7290013906212,false,נקניקיות וינר 1  קג`טירת צבי,תנובה קפואים,,,יח`,1,1 ליטר,false,1,34.60,34.60,true,1,
7290013906441,false,קבנוס 120  גר`טירת צבי,תנובה קפואים,,,יח`,120,גרם,false,1,13.20,11,false,1,
7290013906458,false,קבנוס 120  גר`פיקנטי טירת צבי,תנובה קפואים,,,יח`,120,גרם,false,1,13.20,11,false,1,
7290013906694,false,נקניקיות עוף 1.5,תנובה קפואים,,,יח`,1.50,"ק""ג",false,1,40.90,27.27,false,1,
7290013927002,false,עוגיות דקליות בטעם שוקולד אחוה (400 גרם),אחדות בעמ,,,יח`,400,גרם,false,1,9.90,2.48,false,1,
7290013927019,false,עוגיות דקליות בטעם קינמון אחוה (400 גרם),אחדות בעמ,,,יח`,400,גרם,false,1,9.90,2.48,false,1,
7290013927033,false,מעמולים במגש אחוה (600 גרם),אחדות בעמ,,,יח`,600,גרם,false,1,10.90,1.82,false,1,
7290013927040,false,עוגיות ממולאות שוקולד אחוה (600 גרם),אחדות בעמ,,,יח`,600,גרם,false,1,10.90,1.82,false,1,
7290013927057,false,עוגיות שוקולד צ`יפס אחוה (400 גרם),אחדות בעמ,,,יח`,400,גרם,false,1,9.90,2.48,false,1,
7290013927064,false,עוגיות גרנולה 400 גר`,אחדות בעמ,,,יח`,400,גרם,false,1,9.90,2.48,false,1,
7290013927156,false,עוגת פירות יער ללתס 450  גר`אחוה,אחדות בעמ,,,יח`,450,גרם,false,1,13.90,3.09,false,1,
7290013927323,false,עוגת בראוניס 400 גרם אחדות,אחדות בעמ,,,יח`,400,גרם,false,1,12.90,3.23,false,1,
7290013927514,false,רוגעלך קינמון במגש 400  גר`אחוה,אחדות בעמ,,,יח`,400,גרם,false,1,10.90,2.73,false,1,
7290013927637,false,חלבה אחוה ללתס 400 גר`,אחדות בעמ,,,יח`,400,גרם,false,1,13.90,3.48,false,1,
7290013927644,false,עוגיות כתר בטעם תות מגש 400  גר`אחדות,אחדות בעמ,,,יח`,400,גרם,false,1,9.90,2.48,false,1,
7290014002135,false,תה ירוק מיקס 5 טעמים ויסוצקי (25),תה ויסוצקי (ישראל) בעמ,,,יח`,37.50,גרם,false,1,27.90,74.40,true,1,
7290014002197,false,הגן הקסום קמומיל לימונית 25 שקיקים,תה ויסוצקי (ישראל) בעמ,,,יח`,37.50,גרם,false,1,17.90,47.73,true,1,
7290014002203,false,חליטת לימונית לואיזה ויסוצקי) (25,תה ויסוצקי (ישראל) בעמ,,,יח`,37.50,גרם,false,1,17.90,47.73,true,1,
7290014002944,false,תה חמדת השקד ויסוצקי הגן הקסום) (25,תה ויסוצקי (ישראל) בעמ,,,יח`,1,,false,1,17.90,17.90,true,1,
7290014046047,false,צמד פסטרמות 600 גר` יחיעם,מעדני יחיעם (1993) בעמ,,,יח`,600,גרם,false,1,26.90,4.48,true,1,
7290014046474,false,נקניקיות עוף 1.5 קג,מעדני יחיעם (1993) בעמ,,,יח`,1.50,"ק""ג",false,1,31.60,21.07,true,1,
7290014059085,false,סנסודיין שיקום והגנה 75 מל,גורי ע.ע.ע בעמ,,,יח`,75,"מ""ל",false,1,24.90,33.20,true,1,
7290014083813,false,שפורטים בשמן וילי פוד (190 גרם),ג.וילי-פוד אינטרנשיונל בעמ,,,יח`,190,גרם,false,1,8.90,4.68,false,1,
7290014094345,false,ששון הקולה גרעיני חמניה קלופים,דין שיווק וקליה 2021 בעמ,,,יח`,300,גרם,false,1,11.90,3.97,false,1,
7290014094352,false,אגוז מלך טבעי ששון הקולה (200 גרם),דין שיווק וקליה 2021 בעמ,,,יח`,200,גרם,false,1,15.90,7.95,true,1,
7290014094376,false,שזיפים ללא גלעין 250 גר`,דין שיווק וקליה 2021 בעמ,,,יח`,250,גרם,false,1,25.90,10.36,false,1,
7290014094383,false,משמש בקופסא ששון הקולה 250 גר`,דין שיווק וקליה 2021 בעמ,,,יח`,250,גרם,false,1,25.90,10.36,false,1,
7290014094390,false,חמוציות מסוכרות ששון הקולה 250 גר`,דין שיווק וקליה 2021 בעמ,,,יח`,250,גרם,false,1,13.90,5.56,false,1,
7290014094406,false,צימוק לבן ששון הקולה (330 גרם),דין שיווק וקליה 2021 בעמ,,,יח`,330,גרם,false,1,18.90,5.73,false,1,
7290014094529,false,רוטב סויה 300  מל- אהרוני,דין שיווק וקליה 2021 בעמ,,,יח`,300,"מ""ל",false,1,11.90,3.97,false,1,
7290014094536,false,רוטב סויה 623  מל- אהרוני,דין שיווק וקליה 2021 בעמ,,,יח`,623,"מ""ל",false,1,20.90,3.35,false,1,
7290014094543,false,תרסיס שמן קנולה מזוכך 186 מל שקדיה,דין שיווק וקליה 2021 בעמ,,,יח`,186,"מ""ל",false,1,13.90,7.47,true,1,
7290014094628,false,פקאן טבעי ששון הקולה (200 גרם),דין שיווק וקליה 2021 בעמ,,,יח`,200,גרם,false,1,28.90,14.45,false,1,
7290014094796,false,משמש מיובש ומסוכר 300 גר` בשקית ששון הקו,דין שיווק וקליה 2021 בעמ,,,יח`,300,גרם,false,1,21.90,7.30,true,1,
7290014094826,false,שזיפים ללא גלעין 300 גר,דין שיווק וקליה 2021 בעמ,,,יח`,300,גרם,false,1,23.90,7.97,true,1,
7290014094857,false,פקאן סיני 150 גר`,דין שיווק וקליה 2021 בעמ,,,יח`,150,גרם,false,1,20.90,13.93,false,1,
7290014094864,false,פיסטוק קלוי 170  גר`ששון הקולה,דין שיווק וקליה 2021 בעמ,,,יח`,170,גרם,false,1,17.90,10.53,false,1,
7290014094895,false,אגוזי מלך קלופים ששון הקולה (150 גרם),דין שיווק וקליה 2021 בעמ,,,יח`,150,גרם,false,1,10.90,7.27,true,1,
7290014094901,false,פקאן טבעי 150 גר`,דין שיווק וקליה 2021 בעמ,,,יח`,150,גרם,false,1,20.90,13.93,false,1,
7290014095861,false,שיבולת שועל דקה שקדיה (500 גרם),דין שיווק וקליה 2021 בעמ,,,יח`,500,גרם,false,1,7.10,1.42,true,1,
7290014095960,false,שיבולת שועל עבה שקדיה (500 גרם),דין שיווק וקליה 2021 בעמ,,,יח`,500,גרם,false,1,7.10,1.42,true,1,
7290014204478,false,קרם גוף מספר 4 פנינה רוזנבלום (340 מל),פנינה רוזנבלום בעמ,,,יח`,400,"מ""ל",false,1,23.90,5.98,false,1,
7290014204560,false,אל סבון נוזלי פנינה רוזנבלום (500x3 גרם),פנינה רוזנבלום בעמ,,,יח`,1.50,1 ליטר,false,1,10.90,7.27,true,1,
7290014204676,false,מסיכה לאחר החלקה 500 מל פנינה רוזנבלום,פנינה רוזנבלום בעמ,,,יח`,500,"מ""ל",false,1,36.70,7.34,true,1,
7290014217164,false,פטרוזיליה 20 גר`,תבליני טעם וריח בעמ,,,יח`,20,גרם,false,1,9.90,49.50,true,1,
7290014217171,false,תיבול גריל דג 100 גר`,תבליני טעם וריח בעמ,,,יח`,100,גרם,false,1,9.90,9.90,true,1,
7290014217225,false,גריל עוף 120 גר`,תבליני טעם וריח בעמ,,,יח`,120,גרם,false,1,9.90,8.25,true,1,
7290014217263,false,תיבול לפרגית 100 גר`,תבליני טעם וריח בעמ,,,יח`,100,גרם,false,1,9.90,9.90,true,1,
7290014217348,false,צ`ילי כתוש 70 גר`,תבליני טעם וריח בעמ,,,יח`,70,גרם,false,1,9.90,14.14,true,1,
7290014217355,false,קרי אבקה 100 גר`,תבליני טעם וריח בעמ,,,יח`,100,גרם,false,1,9.90,9.90,true,1,
7290014217362,false,תיבול לקציצות 100 גר`,תבליני טעם וריח בעמ,,,יח`,100,גרם,false,1,9.90,9.90,true,1,
7290014217478,false,תערובת עשבי תיבול 30 גר`,תבליני טעם וריח בעמ,,,יח`,30,גרם,false,1,9.90,33,true,1,
7290014218505,false,פיצות 360 גר` שלישייה מעדנות,תנובה קפואים,,,יח`,1080,גרם,false,1,32.90,3.05,false,1,
7290014218932,false,חטיפי פיצה בתוספת זיתים 710 גר` מעדנות,תנובה קפואים,,,יח`,710,גרם,false,1,35.90,5.06,false,1,
7290014256620,false,יין ספארקלינג קריניאנו 750 מל BUZZ,אגודת הכורמים,,,יח`,750,"מ""ל",false,1,28.90,3.81,true,1,
7290014256637,false,יין ספארקלינג מוסקטו 750 מל BUZZ,אגודת הכורמים,,,יח`,750,"מ""ל",false,1,28.90,3.81,true,1,
7290014258877,false,מטרנה מהדרין ספיישל 700 גרם,קבוצת אסם סחר שות. מוגבלת,,,יח`,700,גרם,false,1,71.30,10.19,false,1,
7290014325050,false,קורנפלור מיה (500 גרם),מיה תעשיות מזון מ.ת.מ. בעמ,,,יח`,500,גרם,false,1,9.40,1.88,false,1,
7290014397453,false,אוקסיג`ן ג`ל 3 ליטר כביסה לבנה,החברה הדרומית לשיווק בעמ,,,יח`,3,1 ליטר,false,1,32.60,10.87,true,1,
7290014397675,false,מקסימה מרכך חלב ודבש סנו (4 ליטר),החברה הדרומית לשיווק בעמ,,,יח`,4,1 ליטר,false,1,22.40,5.60,true,1,
7290014397682,false,מקסימה ז`אוול כביסה 6 קג `+1מתנה,החברה הדרומית לשיווק בעמ,,,יח`,1,,false,1,49.90,49.90,false,1,
7290014397873,false,סנו מקסימה מרכך כביסה 4 ליטר gentle bree,החברה הדרומית לשיווק בעמ,,,יח`,4000,"מ""ל",false,1,22.40,0.56,true,1,
7290014435704,false,סלמון מעושן 100 גר,סלטי שמיר 2006 בעמ,,,יח`,100,גרם,false,1,22.90,22.90,false,1,
7290014435803,false,מטיאס הולנדי פרובנציאל עם בצל בשמן 200,סלטי שמיר 2006 בעמ,,,יח`,200,גרם,false,1,19.90,9.95,false,1,
7290014435810,false,הרינג כבוש עם בצל במרינת חמוץ מתוק 220 ג,סלטי שמיר 2006 בעמ,,,יח`,220,גרם,false,1,19.90,9.05,false,1,
7290014435827,false,פילה מקרל מעושן בשמן ויטהול 180 גר,סלטי שמיר 2006 בעמ,,,יח`,180,גרם,false,1,25.90,14.39,false,1,
7290014435841,false,פילה מטיאס  הולנדי בשמן 200 גר,סלטי שמיר 2006 בעמ,,,יח`,200,גרם,false,1,19.90,9.95,false,1,
7290014455245,false,גרנה פדנו משולש גד -200גר`,מחלבות גד שיווק 1992 בעמ,,,יח`,200,גרם,false,1,27.90,13.95,false,1,
7290014455252,false,גבינת גרנה פדנו מגורדת 29% גד (100 גרם),מחלבות גד שיווק 1992 בעמ,,,יח`,100,גרם,false,1,14.90,14.90,false,1,
7290014455320,false,כדורי מוצרלה פרסקה גד (100 גרם),מחלבות גד שיווק 1992 בעמ,,,יח`,100,גרם,false,1,9.50,9.50,false,1,
7290014459472,false,תפוגן אמריקאן צ`יפס 2 קג`,קבוצת אסם סחר שות. מוגבלת,,,יח`,2,"ק""ג",false,1,31.60,15.80,false,1,
7290014459632,false,צ`פיס טוגן 1.5 קג`,קבוצת אסם סחר שות. מוגבלת,,,יח`,1.50,"ק""ג",false,1,15.90,10.60,false,1,
7290014466609,false,יין גמלא מרלו 750 מל,היכל היין שקד גולן בעמ,,,יח`,750,"מ""ל",false,1,60.90,8.08,true,1,
7290014471412,false,מוזלי בוטנים אגוזים ושקדים 1קג - שקדיה,דין שיווק וקליה 2021 בעמ,,,יח`,1,"ק""ג",false,1,21.40,21.40,true,1,
7290014471429,false,מוזלי עם פירות שקדיה (1 קג),דין שיווק וקליה 2021 בעמ,,,יח`,1,"ק""ג",false,1,21.40,21.40,true,1,
7290014471436,false,מוזלי צימוקים תפוח קינומון 1קג - שקדיה,דין שיווק וקליה 2021 בעמ,,,יח`,1,"ק""ג",false,1,21.40,21.40,true,1,
7290014471443,false,גרנולה אגוזים 1קג - שקדיה,דין שיווק וקליה 2021 בעמ,,,יח`,1,"ק""ג",false,1,21.40,21.40,true,1,
7290014472433,false,קונפיטוריה תות שדה 450 גר`,דין שיווק וקליה 2021 בעמ,,,יח`,450,גרם,false,1,11.90,2.64,false,1,
7290014472471,false,גרעינים שחור ענק 200  גר`פרימיום ששון הק,דין שיווק וקליה 2021 בעמ,,,יח`,200,גרם,false,1,6.90,3.45,false,1,
7290014472488,false,שקד קלויים 250  גר`ששון הקולה,דין שיווק וקליה 2021 בעמ,,,יח`,250,גרם,false,1,25.90,10.36,false,1,
7290014472495,false,קשיו קלוי 250  גר`פרימיום ששון הקולה,דין שיווק וקליה 2021 בעמ,,,יח`,250,גרם,false,1,20.90,8.36,false,1,
7290014472501,false,פיסטוק קלוי 250  גר`פרימיום ששון הקולה,דין שיווק וקליה 2021 בעמ,,,יח`,250,גרם,false,1,25.90,10.36,false,1,
7290014472518,false,בוטנים קלוים 250  גר`פרימיום ששון הקולה,דין שיווק וקליה 2021 בעמ,,,יח`,250,גרם,false,1,9.90,3.96,false,1,
7290014472525,false,תערובת פיצוחים 250  גר`פרימיום ששון הקול,דין שיווק וקליה 2021 בעמ,,,יח`,250,גרם,false,1,20.90,8.36,false,1,
7290014503137,false,יין אדום יבש יובלים יקב דלתון (750 מל),הכרם - משקאות חריפים בעמ,,,יח`,750,"מ""ל",false,1,50.90,6.75,true,1,
7290014525016,false,מרבה סלים פרוט בטעם יוגורט ותות,ש.שסטוביץ בעמ,,,יח`,182,גרם,false,1,14.90,8.19,true,1,
7290014525023,false,מרבה סלים פרוט בטעם פירות יער,ש.שסטוביץ בעמ,,,יח`,182,גרם,false,1,14.90,8.19,true,1,
7290014581036,false,הלהבה פחם 2 קג,פחם קוואנגו סחר בעמ,,,יח`,2000,גרם,false,1,11.90,0.60,false,1,
7290014581678,false,מנגל שחור עם רגליים,פחם קוואנגו סחר בעמ,,,יח`,1,,false,1,99.90,99.90,false,1,
7290014648050,false,LA BELLE למיקרוגל גר 500דבש שעווה,פארמה דיל (פ.א.ב.) שיווק והפצה,,,יח`,1,,false,1,17.50,17.50,false,1,
7290014648081,false,סכיני גילוח חדפ 10 יחידות,פארמה דיל (פ.א.ב.) שיווק והפצה,,,יח`,1,,false,1,10.90,10.90,false,1,
7290014648142,false,LA BELLE סמק  -70% 100אלכוהול,פארמה דיל (פ.א.ב.) שיווק והפצה,,,יח`,1,,false,1,7.90,7.90,false,1,
7290014648197,false,KERATIN אבקת הבהרה לשיער 10גר,פארמה דיל (פ.א.ב.) שיווק והפצה,,,יח`,1,,false,1,9.10,9.10,false,1,
7290014648906,false,LA BELLEמסיר לק מהציפורניים 100 מל,פארמה דיל (פ.א.ב.) שיווק והפצה,,,יח`,100,"מ""ל",false,1,3.90,3.90,false,1,
7290014648920,false,קיסמיים דנטלים 200 יח pharma dent,פארמה דיל (פ.א.ב.) שיווק והפצה,,,יח`,1,,false,1,9.90,9.90,false,1,
7290014648937,false,קיסמי שיניים משולבים בחוט דנטלי בטעם מנט,פארמה דיל (פ.א.ב.) שיווק והפצה,,,יח`,1,,false,1,9.90,9.90,false,1,
7290014673021,false,פלפל שחור שלם תבליני מימון (100 גרם),א.ל.ייצור ושיווק תבלינים בעמ,,,יח`,100,גרם,false,1,17.30,17.30,false,1,
7290014673380,false,כמון טחון 250 גר`,א.ל.ייצור ושיווק תבלינים בעמ,,,יח`,250,גרם,false,1,23.40,9.36,false,1,
7290014673434,false,פלפל שחור גרוס דק שקית 80 גר`,א.ל.ייצור ושיווק תבלינים בעמ,,,יח`,80,גרם,false,1,11.20,14,false,1,
7290014673618,false,זנגביל 30  גר- צנצנת,א.ל.ייצור ושיווק תבלינים בעמ,,,יח`,30,גרם,false,1,13.20,44,false,1,
7290014692299,false,גבינת ברי 125 גר,ג.וילי-פוד אינטרנשיונל **גבינו,,,יח`,125,גרם,false,1,14.90,11.92,false,1,
7290014692305,false,גבינת קממבר 125 גר,ג.וילי-פוד אינטרנשיונל **גבינו,,,יח`,125,גרם,false,1,14.90,11.92,false,1,
7290014692541,false,פתיתים מגורדת וילי פוד (500  גרם)GOLDEN,ג.וילי-פוד אינטרנשיונל **גבינו,,,יח`,500,גרם,false,1,20.90,4.18,false,1,
7290014692565,false,גרעיני תירס מתוק וילי פוד (320 גרם),ג.וילי-פוד אינטרנשיונל בעמ,,,יח`,320,גרם,false,1,5.50,1.72,false,1,
7290014749764,false,שניצל עוף ביתי עדין כזה 700  גר`עוף טוב,קבוצת אסם סחר שות. מוגבלת,,,יח`,700,גרם,false,1,46.90,6.70,true,1,
7290014758100,false,יוגורט ביו 3% תנובה (150x8 גרם),תנובה - חלב,,,יח`,1200,גרם,false,1,16.90,1.41,false,1,
7290014758117,false,יוגורט ביו 1.5% תנובה (150x8 גרם),תנובה - חלב,,,יח`,1200,גרם,false,1,16.90,1.41,false,1,
7290014758162,false,חלב עיזים מלא 3.6% שומן תנובה (1 ליטר),תנובה - חלב,,,יח`,1,1 ליטר,false,1,15.30,15.30,false,1,
7290014759084,false,גבינת נפוליאון 225  גר`16% גביע,תנובה - חלב,,,יח`,225,גרם,false,1,14.90,6.62,false,1,
7290014759909,false,פטה עיזים 5% 250  גר`גביע פיראוס תנובה,תנובה - חלב,,,יח`,250,גרם,false,1,28.50,11.40,false,1,
7290014759978,false,קצ`קאבל פלח גלעד 200  גר`קולקשיין תנובה,תנובה - חלב,,,יח`,200,גרם,false,1,27.90,13.95,false,1,
7290014759985,false,פרמזן פלח גבע 23% 200  גר`קולקשיין תנובה,תנובה - חלב,,,יח`,200,גרם,false,1,23.90,11.95,false,1,
7290014759992,false,פלח רוקפור גליל 26% 140  גר`קולקשיין תנו,תנובה - חלב,,,יח`,200,גרם,false,1,18.90,9.45,false,1,
7290014760134,false,מעדן סויה בטעם וניל 125  גר`תנובה,תנובה - חלב,,,יח`,125,גרם,false,1,4.60,3.68,false,1,
7290014760141,false,משקה שקדים טרי תנובה (1 ליטר),תנובה - חלב,,,יח`,1000,"מ""ל",false,1,12.20,1.22,false,1,
7290014760448,false,גבינה צהובה 22% שומן גלבוע (400 גרם),תנובה - חלב,,,יח`,400,גרם,false,1,22.90,5.73,false,1,
7290014760912,false,גבינה צהובה 28% מהדרין גוש חלב (400 גרם),תנובה - חלב,,,יח`,400,גרם,false,1,25.90,6.48,false,1,
7290014761018,false,גיל בטעם וניל,תנובה - חלב,,,יח`,125,"מ""ל",false,1,1.60,1.28,false,1,
7290014761056,false,מעדן שוקולד חלב יולו (123 גרם),תנובה - חלב,,,יח`,123,"מ""ל",false,1,4.90,3.98,false,1,
7290014761063,false,מעדן שוקולד מריר יולו (123 גרם),תנובה - חלב,,,יח`,123,"מ""ל",false,1,4.90,3.98,false,1,
7290014761070,false,מעדן שוקולד לבן יולו (123 גרם),תנובה - חלב,,,יח`,123,"מ""ל",false,1,4.90,3.98,false,1,
7290014761193,false,יוגורט עם פירות יער 1.5% פרילי (125 גרם),תנובה - חלב,,,יח`,125,"מ""ל",false,1,3.50,2.80,false,1,
7290014761414,false,יולו מעדן שכבות שוקולד חלבי לבן,תנובה - חלב,,,יח`,123,"מ""ל",false,1,4.90,3.98,false,1,
7290014761612,false,יולו מעדן שכבות שוקולד מריר לבן,תנובה - חלב,,,יח`,123,"מ""ל",false,1,4.90,3.98,false,1,
7290014762756,false,גבינת שמנת 16% עם בצל נפוליאון (225 גרם),תנובה - חלב,,,יח`,225,גרם,false,1,14.90,6.62,false,1,
7290014762831,false,גבינת נפוליאון 225  גר`חלפיניו גביע,תנובה - חלב,,,יח`,225,גרם,false,1,14.90,6.62,false,1,
7290014762848,false,פתיתי גלבוע 22% 500 גר,תנובה - חלב,,,יח`,500,גרם,false,1,34.60,6.92,false,1,
7290014762909,false,פתיתי מוצרלה 200 גרם,תנובה - חלב,,,יח`,200,גרם,false,1,15.90,7.95,false,1,
7290014763272,false,משקה סויה BIO עם תות בננה בתוספת חיידקי,תנובה - חלב,,,יח`,250,גרם,false,1,6.80,2.72,false,1,
7290014763371,false,גבינת שמנת נפוליאון 16% בטעם טבעי מעדניה,תנובה - חלב,,,"ק""ג",1000,גרם,true,1,41,4.10,false,1,
7290014785007,false,גרגרי טפיוקה קטנים 400  גר`טעמי אסיה,טחנת האבן קואופ בעמ,,,יח`,400,גרם,false,1,9.90,2.48,false,1,
7290014785571,false,אטריות מוכנות להקפצה 200 גר`,טחנת האבן קואופ בעמ,,,יח`,200,גרם,false,1,5.50,2.75,true,1,
7290014791336,false,מי עדן ספורט 1,יפאורה,,,יח`,1000,"מ""ל",false,1,3.90,0.36,false,1,
7290014855458,false,מגבונים בייביסיטר רביעייה,שקד תבל בעמ,,,יח`,1,,false,1,19.30,19.30,true,1,
7290014905160,false,הפי מבשם פניני ריח יעקבי (130 גרם),יעקב יעקבי ובניו בעמ,,,יח`,1,,false,1,11.90,11.90,false,1,
7290014905733,false,נוזל לניקוי חלונות הפי (750 מל),יעקב יעקבי ובניו בעמ,,,יח`,750,"מ""ל",false,1,10.10,1.35,false,1,
7290014910461,false,ערק יודה 700 מל,יורוסטנדרט בעמ,,,יח`,700,"מ""ל",false,1,55.90,7.94,false,1,
7290014940901,false,לחם פשוט מלא לילדים פרוס אנג`ל (750 גרם),שלמה א. אנג`ל בעמ,,,יח`,500,גרם,false,1,14.50,2.90,false,1,
7290014949744,false,אוטן אקטיב ספריי יבש דוחה יתושים,דנשר (1963) בעמ,,,יח`,100,גרם,false,1,21.70,21.70,false,1,
7290015037204,false,כרוב לבן 400  גר`חסלט,יעל ירק עלים לשיווק בעמ,,,יח`,400,גרם,false,1,11.90,2.98,false,1,
7290015037211,false,כרוב אדום 400  גר`חסלט,יעל ירק עלים לשיווק בעמ,,,יח`,400,גרם,false,1,11.90,2.98,false,1,
7290015037228,false,סלט קולסלו 400  גר`חסלט,יעל ירק עלים לשיווק בעמ,,,יח`,400,גרם,false,1,11.90,2.98,false,1,
7290015037235,false,חסה אייזנברג קצוצה 300 גר חסלט,יעל ירק עלים לשיווק בעמ,,,יח`,300,גרם,false,1,12.90,4.30,false,1,
7290015037242,false,לקט ים תיכוני 350 גר חסלט,יעל ירק עלים לשיווק בעמ,,,יח`,350,גרם,false,1,12.90,3.69,false,1,
7290015037266,false,שבבי גזר 400  גר`חסלט,יעל ירק עלים לשיווק בעמ,,,יח`,400,גרם,false,1,11.90,2.98,false,1,
7290015037273,false,פטרוזיליה חסלט,יעל ירק עלים לשיווק בעמ,,,יח`,1,,false,1,6.40,6.40,false,1,
7290015037280,false,כוסברה חסלט,יעל ירק עלים לשיווק בעמ,,,יח`,1,,false,1,6.40,6.40,false,1,
7290015037396,false,נענע חסלט,יעל ירק עלים לשיווק בעמ,,,יח`,1,,false,1,6.40,6.40,false,1,
7290015037402,false,בצל ירוק חסלט,יעל ירק עלים לשיווק בעמ,,,יח`,1,,false,1,7.40,7.40,false,1,
7290015037419,false,סלרי חסלט,יעל ירק עלים לשיווק בעמ,,,יח`,1,,false,1,7.40,7.40,false,1,
7290015037426,false,עלי סלק חסלט,יעל ירק עלים לשיווק בעמ,,,יח`,1,,false,1,7.40,7.40,false,1,
7290015037433,false,חסה רגילה חסלט,יעל ירק עלים לשיווק בעמ,,,יח`,1,,false,1,7.40,7.40,false,1,
7290015037440,false,כרוב לבן שלם חסלט,יעל ירק עלים לשיווק בעמ,,,"ק""ג",0,"ק""ג",true,1,14.90,14.90,false,1,
7290015037655,false,כרובית קפוא 600  גר`חסלט,יעל ירק עלים לשיווק בעמ,,,יח`,600,גרם,false,1,30.90,5.15,false,1,
7290015037662,false,ברוקולי קפוא 600  גר`חסלט,יעל ירק עלים לשיווק בעמ,,,יח`,600,גרם,false,1,30.90,5.15,false,1,
7290015039246,false,טונה בשמן רביעייה 160  גר- וילי פוד,ג.וילי-פוד אינטרנשיונל בעמ,,,יח`,640,גרם,false,1,22.90,3.58,true,1,
7290015039253,false,עלי גפן במי מלח 620 גר,ג.וילי-פוד אינטרנשיונל בעמ,,,יח`,620,גרם,false,1,9.90,1.60,false,1,
7290015039338,false,טונה במים רביעייה 160  גר- וילי פוד,ג.וילי-פוד אינטרנשיונל בעמ,,,יח`,640,גרם,false,1,22.90,3.58,true,1,
7290015129121,false,אטריות גל קונג`אק נודלס ללא גלוטן סקיני,נטורפוד בעמ,,,יח`,270,גרם,false,1,10.90,4.04,false,1,
7290015129145,false,אטריות קונג`אק צורת ספגטי ללא גלוטן סקינ,נטורפוד בעמ,,,יח`,270,גרם,false,1,10.90,4.04,false,1,
7290015129220,false,איטריות גל קונג`אק בצורת קוסקוס סקיני פס,נטורפוד בעמ,,,יח`,270,גרם,false,1,10.90,4.04,false,1,
7290015129251,false,איטריות גל קונג`אק בצורת פסטה פטוצ`יני ס,נטורפוד בעמ,,,יח`,270,גרם,false,1,10.90,4.04,false,1,
7290015150088,false,מחית עגבניות קלה בלה איטליה (700 גרם),תה ויסוצקי (ישראל) בעמ,,,יח`,700,גרם,false,1,15.20,2.17,true,1,
7290015150118,false,עגבניות חתוכות דק בלה איטליה 3*400,תה ויסוצקי (ישראל) בעמ,,,יח`,1.20,"ק""ג",false,1,18.90,15.75,false,1,
7290015150590,false,תה ירוק ג`ינג`ר חריף ויסוצקי (25),תה ויסוצקי (ישראל) בעמ,,,יח`,50,גרם,false,1,27.90,55.80,true,1,
7290015155830,false,פאוץ`פרינוק תפוח בננה 120 גר`,גורי מוצרי צריכה (1991) בעמ,,,יח`,120,גרם,false,1,6.50,5.42,true,1,
7290015156769,false,פאוץ`פרינוק תפוח אכומניות 120 גר`,גורי מוצרי צריכה (1991) בעמ,,,יח`,120,גרם,false,1,6.50,5.42,true,1,
7290015156790,false,פאוץ`פרינוק לפתן פירות 120 גר`,גורי מוצרי צריכה (1991) בעמ,,,יח`,120,גרם,false,1,6.50,5.42,true,1,
7290015161558,false,קמח שיבולת שועל מלאה ללא גלוטן 500 גר`,י.איטליאנו אחזקות בעמ,,,יח`,500,גרם,false,1,28,5.60,false,1,
7290015161978,false,פסטה עדשים אדומות חומוס ופשתן GF אורגנית,י.איטליאנו אחזקות בעמ,,,יח`,250,גרם,false,1,18.90,7.56,false,1,
7290015251174,false,סבון ידיים ירוק שלישייה 3*500מל.,סאסאטק אגשח בעמ,,,יח`,1.50,1 ליטר,false,1,11.90,7.93,false,1,
7290015251204,false,סבון ידיים ורוד שלישייה 3*500מל,סאסאטק אגשח בעמ,,,יח`,1.50,1 ליטר,false,1,11.90,7.93,false,1,
7290015282000,false,איקרה אדומה 200גר,סלטי שמיר 2006 בעמ,,,יח`,200,גרם,false,1,13.90,6.95,false,1,
7290015282024,false,איקרה לבנה 200גר,סלטי שמיר 2006 בעמ,,,יח`,200,גרם,false,1,13.90,6.95,false,1,
7290015282581,false,חומוס אבו גוש עם חריף 200גר,סלטי שמיר 2006 בעמ,,,יח`,200,גרם,false,1,10.90,5.45,true,1,
7290015282604,false,טחינה מיוחדת 200גר,סלטי שמיר 2006 בעמ,,,יח`,200,גרם,false,1,10.90,5.45,true,1,
7290015282628,false,חציל בטעם כבד 200גר,סלטי שמיר 2006 בעמ,,,יח`,200,גרם,false,1,12.90,6.45,true,1,
7290015282635,false,חומוס מסבחה 200 גר,סלטי שמיר 2006 בעמ,,,יח`,200,גרם,false,1,10.90,5.45,true,1,
7290015282673,false,חציל במיונז ביתי 200גר,סלטי שמיר 2006 בעמ,,,יח`,200,גרם,false,1,10.90,5.45,true,1,
7290015282680,false,קישוא בטעם כבד 200גר,סלטי שמיר 2006 בעמ,,,יח`,200,גרם,false,1,10.90,5.45,true,1,
7290015282697,false,כרוב אדום 200גר,סלטי שמיר 2006 בעמ,,,יח`,200,גרם,false,1,10.90,5.45,true,1,
7290015282727,false,גזר מרוקאי ברוטב פיקנטי 200 גר,סלטי שמיר 2006 בעמ,,,יח`,200,גרם,false,1,12.90,6.45,true,1,
7290015282741,false,חציל תאילנדי 200 גר,סלטי שמיר 2006 בעמ,,,יח`,200,גרם,false,1,12.90,6.45,true,1,
7290015282796,false,סלט תפוח אדמה 200 גר,סלטי שמיר 2006 בעמ,,,יח`,200,גרם,false,1,12.90,6.45,true,1,
7290015324007,false,פלפל שחור גרוס 80 גר`,תבליני טעם וריח בעמ,,,יח`,80,גרם,false,1,9.90,12.38,false,1,
7290015324014,false,פלפל שחור טחון 80 גר`,תבליני טעם וריח בעמ,,,יח`,80,גרם,false,1,9.90,12.38,false,1,
7290015324038,false,פפריקה מתוקה בשמן 80 גר`,תבליני טעם וריח בעמ,,,יח`,80,גרם,false,1,5.90,7.38,false,1,
7290015324052,false,פפריקה מתוקה 80 גר`,תבליני טעם וריח בעמ,,,יח`,80,גרם,false,1,5.90,7.38,false,1,
7290015324069,false,גריל עוף 80 גר`,תבליני טעם וריח בעמ,,,יח`,80,גרם,false,1,5.90,7.38,false,1,
7290015324083,false,מלח לימון 80 גר`,תבליני טעם וריח בעמ,,,יח`,80,גרם,false,1,5.90,7.38,false,1,
7290015324090,false,כמון טחון 80 גר`,תבליני טעם וריח בעמ,,,יח`,80,גרם,false,1,5.90,7.38,false,1,
7290015324106,false,כורכום טחון 80 גר`,תבליני טעם וריח בעמ,,,יח`,80,גרם,false,1,5.90,7.38,false,1,
7290015324151,false,חוואיג`למרק 80 גר`,תבליני טעם וריח בעמ,,,יח`,80,גרם,false,1,6.90,8.63,false,1,
7290015324519,false,תערובת לפיצה 80 גר`,תבליני טעם וריח בעמ,,,יח`,80,גרם,false,1,5.90,7.38,false,1,
7290015325752,false,מגבונים רביעייה אסותא,עיסא ערטול בעמ,,,יח`,1,,false,1,16.90,16.90,false,1,
7290015347273,false,נטיפי שוקולד לאפייה שוקולדמריר 250גר,מיה תעשיות מזון מ.ת.מ. בעמ,,,יח`,250,גרם,false,1,10.90,4.36,false,1,
7290015347358,false,מיה סודה לשתיה קרטון 50 גר,מיה תעשיות מזון מ.ת.מ. בעמ,,,יח`,50,גרם,false,1,4,8,false,1,
7290015347464,false,קינואה מעורבת 400 גר` מיה,מיה תעשיות מזון מ.ת.מ. בעמ,,,יח`,400,גרם,false,1,21.40,5.35,true,1,
7290015347488,false,סוכר דמררה שקית מיה (1 קג),מיה תעשיות מזון מ.ת.מ. בעמ,,,יח`,1,"ק""ג",false,1,13.20,13.20,false,1,
7290015347525,false,צ`יפס בטטה עם שום ורוזמרין 80 גר מיה,מיה תעשיות מזון מ.ת.מ. בעמ,,,יח`,80,גרם,false,1,11.20,14,true,1,
7290015350150,false,יין אדום חצי יבש של סגל (750 מל),טמפו משקאות בעמ,,,יח`,750,"מ""ל",false,1,22.90,3.01,true,1,
7290015350242,false,ברנדי שטוק 84  דבש( 750 מל),טמפו משקאות בעמ,,,יח`,750,"מ""ל",false,1,69.90,9.28,false,1,
7290015366663,false,אקוה פרש 100 מל עדין,גורי ע.ע.ע בעמ,,,יח`,100,גרם,false,1,7.90,7.90,true,1,
7290015366670,false,משחת שיניים בטעם מנטה אקוהפרש (100 מל),גורי ע.ע.ע בעמ,,,יח`,100,"מ""ל",false,1,7.90,7.90,true,1,
7290015437431,false,רכז רימונים 420 מל תומר,תומר יבוא ושיווק מוצרי מזון (1,,,יח`,420,"מ""ל",false,1,20.90,4.98,false,1,
7290015470094,false,טוסו שוקולד מריר תפוז ללא סוכר,דנשר (1963) בעמ,,,יח`,100,גרם,false,1,14.20,14.20,false,1,
7290015596817,false,קרם גוף מעושר בשמן קוקוס 450 מל דר פיש,פישר תעשיות פרמצבטיות בעמ,,,יח`,450,"מ""ל",false,1,25.90,5.76,true,1,
7290015652070,false,קשיו קלוי 150 גר` שקית,דין שיווק וקליה 2021 בעמ,,,יח`,150,גרם,false,1,13.90,9.27,true,1,
7290015652087,false,תערובת פיצוחים 150 גר` בשקית,דין שיווק וקליה 2021 בעמ,,,יח`,150,גרם,false,1,13.90,9.27,true,1,
7290015652254,false,גרעיני חמניה קלויים ששון הקולה (400 גרם),דין שיווק וקליה 2021 בעמ,,,יח`,400,גרם,false,1,10,2.50,false,1,
7290015652261,false,בוטנים קלויים 300 גר`,דין שיווק וקליה 2021 בעמ,,,יח`,300,גרם,false,1,10,3.33,false,1,
7290015652278,false,תערובת פיצוחים 250 גר`,דין שיווק וקליה 2021 בעמ,,,יח`,250,גרם,false,1,20,8,false,1,
7290015652285,false,אגוזים קלופים דין שיווק (250 גרם),דין שיווק וקליה 2021 בעמ,,,יח`,250,גרם,false,1,20,8,false,1,
7290015652292,false,קבוקים עם שומשום 400 גר`,דין שיווק וקליה 2021 בעמ,,,יח`,400,גרם,false,1,10,2.50,false,1,
7290015652308,false,מנצ`ס 300 גר`,דין שיווק וקליה 2021 בעמ,,,יח`,300,גרם,false,1,10,3.33,false,1,
7290015652315,false,חמוציות מסוכרות ששון הקולה (300 גרם),דין שיווק וקליה 2021 בעמ,,,יח`,300,גרם,false,1,10,3.33,false,1,
7290015652322,false,בוטנים אמריקאים מצופים 400 גר`,דין שיווק וקליה 2021 בעמ,,,יח`,400,גרם,false,1,10,2.50,false,1,
7290015652407,false,פיסטוק קלוי ששון הקולה (250 גרם),דין שיווק וקליה 2021 בעמ,,,יח`,250,גרם,false,1,20,8,false,1,
7290015781008,false,יין מרלו ויז`יון טפרברג (750 מל),יקב טפרברג 1870 בעמ (יינות ומש,,,יח`,750,"מ""ל",false,1,41.90,5.55,true,1,
7290015781046,false,יין לבן חצי יבש VISION,יקב טפרברג 1870 בעמ (יינות ומש,,,יח`,750,"מ""ל",false,1,41.90,5.55,true,1,
7290015781091,false,יין קברנה סובניון VISION,יקב טפרברג 1870 בעמ (יינות ומש,,,יח`,750,"מ""ל",false,1,41.90,5.55,true,1,
7290015781114,false,יין אדום אימפרשיין מרלו טפרברג (750 מל),יקב טפרברג 1870 בעמ (יינות ומש,,,יח`,750,"מ""ל",false,1,51.90,6.88,true,1,
7290015781121,false,יין קברנה סובניון 750 מל IMPRESSION,יקב טפרברג 1870 בעמ (יינות ומש,,,יח`,750,"מ""ל",false,1,51.90,6.88,true,1,
7290015781275,false,יין לבן מוסקטו מתוק טפרברג (750 מל),יקב טפרברג 1870 בעמ (יינות ומש,,,יח`,750,"מ""ל",false,1,41.90,5.55,true,1,
7290015781664,false,אלגרו למברוסקו לבן 750 מל טפרברג,יקב טפרברג 1870 בעמ (יינות ומש,,,יח`,750,"מ""ל",false,1,36.90,4.88,true,1,
7290015855013,false,פלפלונים -טינקרבל א.אדמה,א.אדמה (2007) בעמ,,,יח`,1,,false,1,9.90,9.90,false,1,
7290015855037,false,פלפל צ`ילי בשקית,א.אדמה (2007) בעמ,,,יח`,1,,false,1,9.90,9.90,false,1,
7290015855143,false,שום קלוף 170 גרם,א.אדמה (2007) בעמ,,,יח`,170,גרם,false,1,12.90,7.59,false,1,
7290015855181,false,גינג`ר יחידה טרי,א.אדמה (2007) בעמ,,,יח`,1,,false,1,8.90,8.90,false,1,
7290015855938,false,עלי בייבי א.אדמה,א.אדמה (2007) בעמ,,,יח`,250,גרם,false,1,14.90,5.96,false,1,
7290015855990,false,לקט ירקות למרק טרי,א.אדמה (2007) בעמ,,,יח`,1,,false,1,14.90,14.90,false,1,
7290015858106,false,ממרח פסטו ביתי 180 גר-על לחם,שטראוס גרופ בעמ/מצונן,,,יח`,180,גרם,false,1,17.90,9.94,false,1,
7290015858113,false,ממרח עגבניות מיובשות 180 גר-על לחם,שטראוס גרופ בעמ/מצונן,,,יח`,180,גרם,false,1,17.90,9.94,false,1,
7290015858151,false,ממרח שום 180 גר- עללחם,שטראוס גרופ בעמ/מצונן,,,יח`,180,גרם,false,1,17.90,9.94,false,1,
7290015858175,false,ממרח פלפלים קלויים 180 גר-על  לחם,שטראוס גרופ בעמ/מצונן,,,יח`,180,גרם,false,1,17.90,9.94,false,1,
7290015858229,false,זיתי קלמטה 180 גר על לחם,שטראוס גרופ בעמ/מצונן,,,יח`,180,גרם,false,1,17.90,9.94,false,1,
7290015858243,false,צ`ימיצ`ורי 180 גר על לחם,שטראוס גרופ בעמ/מצונן,,,יח`,180,גרם,false,1,17.90,9.94,false,1,
7290015858427,false,מארז עללחם 240 גר`,שטראוס גרופ בעמ/מצונן,,,יח`,240,גרם,false,1,23.90,9.96,false,1,
7290015858434,false,שום כתוש 250  גר`על לחם,שטראוס גרופ בעמ/מצונן,,,יח`,250,גרם,false,1,14.90,5.96,false,1,
7290015865692,false,ענבי ציון תענוג פרי תות שדה 400 גר`,אבאל יזמות בעמ,,,יח`,400,גרם,false,1,17.90,4.48,true,1,
7290015865722,false,ענבי ציון קונפיטורה לייט תות שדה 400 גר`,אבאל יזמות בעמ,,,יח`,400,גרם,false,1,20.90,5.23,true,1,
7290015865746,false,ענבי ציון קונפיטורה לייט פירות יער 400 ג,אבאל יזמות בעמ,,,יח`,400,גרם,false,1,20.90,5.23,true,1,
7290015872096,false,חומוס  אסלי( 700 גר`),סלטי שמיר 2006 בעמ,,,יח`,700,גרם,false,1,10.90,1.56,false,1,
7290015968331,false,נורת לד w6 אור לבן אינטרסן,אינטרסן 1996 בעמ,,,יח`,1,,false,1,16.30,16.30,true,1,
7290015968348,false,נורת לד 9W אור לבן אינטרסן,אינטרסן 1996 בעמ,,,יח`,1,,false,1,16.30,16.30,true,1,
7290015968973,false,כפפות ניטריל שחורות סייף טאץ M ללא אבקה,אינטרסן 1996 בעמ,,,יח`,1,,false,1,24.90,24.90,true,1,
7290015968980,false,כפפות ניטריל שחורות סייף טאץ L ללא אבקה,אינטרסן 1996 בעמ,,,יח`,1,,false,1,24.90,24.90,true,1,
7290016006292,false,נקטר מנגו בננה ספרינג (1 ליטר),יפאורה,,,יח`,1,1 ליטר,false,1,7.30,7.30,false,1,
7290016006339,false,מים מינרלים מי עדן (1x4 ליטר),יפאורה,,,יח`,4,1 ליטר,false,1,10,2.20,false,1,
7290016006346,false,שוופס סודה 500 מל שישייה,יפאורה,,,יח`,3000,"מ""ל",false,1,14.20,0.41,false,1,
7290016087222,false,רוטב עגבניות לשקשוקה 230  גר`פריניר,אבאל יזמות בעמ,,,יח`,230,גרם,false,1,5.90,2.57,true,1,
7290016087475,false,עגבניות חתוכות דק 400  גר`פריניר,אבאל יזמות בעמ,,,יח`,400,גרם,false,1,4.30,1.08,false,1,
7290016087499,false,עגבניות חתוכות דק שליישיה 400  גר`פריניר,אבאל יזמות בעמ,,,יח`,1.20,"ק""ג",false,1,12.90,10.75,true,1,
7290016087574,false,פריניר זיתים חרוזית ירוק 390 גר,אבאל יזמות בעמ,,,יח`,390,גרם,false,1,6.90,1.77,true,1,
7290016136739,false,פתיתים פוזילי ללא גלוטן 340 גר (פסטה),גורי מוצרי צריכה (1991) בעמ,,,יח`,340,גרם,false,1,14.90,4.38,false,1,
7290016150117,false,סלק אדום בוואקום 500 גרם,ביג פוד כחול לבן בעמ*שיק 30 יו,,,יח`,1,,false,1,8.90,8.90,true,1,
7290016197495,false,מטליות מיקרופייבר לרצפה ניקול) (2,קימברלי קלארק ישראל שיווק בעמ,,,יח`,1,,false,1,26.90,26.90,true,1,
7290016197617,false,תחבושת דיפנד אקסטרא EXTRA,קימברלי קלארק ישראל שיווק בעמ,,,יח`,1,,false,1,20.90,20.90,true,1,
7290016197624,false,תחבושת דיפנד סופר SUPER,קימברלי קלארק ישראל שיווק בעמ,,,יח`,1,,false,1,26.90,26.90,true,1,
7290016197839,false,השקית החזקה XL,קימברלי קלארק ישראל שיווק בעמ,,,יח`,1,,false,1,26.90,26.90,false,1,
7290016197877,false,שקית לפחי מטבח קטניםM,קימברלי קלארק ישראל שיווק בעמ,,,יח`,1,,false,1,23.90,23.90,false,1,
7290016217759,false,סלט חציל מרוקאי 200 גר,סלטי שמיר 2006 בעמ,,,יח`,200,גרם,false,1,12.90,6.45,true,1,
7290016246018,false,בארכה מיקס פינוקיות חלבה 10*20גר`,קבוצת אסם סחר שות. מוגבלת,,,יח`,200,גרם,false,1,13.20,6.60,false,1,
7290016277470,false,שיבולת שועל 350  גר`דקה,דין שיווק וקליה 2021 בעמ,,,יח`,350,גרם,false,1,4.60,1.31,true,1,
7290016277630,false,צנובר קטן,דין שיווק וקליה 2021 בעמ,,,יח`,150,גרם,false,1,31.90,21.27,false,1,
7290016302059,false,מארז עשיריית ביס פרנה,קונסיגנציה ג`נרל מילס ישראל בע,,,יח`,1,,false,1,11.90,11.90,false,1,
7290016319309,false,פמלי אל סבון מאסק קלאסי 1 ל`,דנשר (1963) בעמ,,,יח`,1,1 ליטר,false,1,15.90,15.90,true,1,
7290016320343,false,דאק זוג נוזל ג`ל לניקוי מתקדם בניחוח לבנ,דנשר (1963) בעמ,,,יח`,1.50,1 ליטר,false,1,19.90,13.27,false,1,
7290016321548,false,רצועות שעווה לגוף קמומיל מגע הדבש,דנשר (1963) בעמ,,,יח`,1,,false,1,30.50,30.50,false,1,
7290016321661,false,פרש וואנס רביעייה מגבונים לחים ללא בישום,דנשר (1963) בעמ,,,יח`,1,,false,1,16.90,16.90,true,1,
7290016321678,false,פרש וואנס רביעייה מגבונים לחים קמומיל,דנשר (1963) בעמ,,,יח`,1,,false,1,16.90,16.90,true,1,
7290016321883,false,נייר טואלט לח לילדים מארז שלישייה פרש ו,דנשר (1963) בעמ,,,יח`,1,,false,1,15.90,15.90,false,1,
7290016321890,false,נייר טואלט לח למובגרים מארז שלישייה פרש,דנשר (1963) בעמ,,,יח`,1,,false,1,15.90,15.90,false,1,
7290016329278,false,רביעיות מגבונים קמיל בלו 64 יח פישר,פישר תעשיות פרמצבטיות בעמ,,,יח`,1,,false,1,20.90,20.90,true,1,
7290016372342,false,עגבניות חתוכות לקוביות בלה איטליה 400 גר,תה ויסוצקי (ישראל) בעמ,,,יח`,1.20,"ק""ג",false,1,18.90,15.75,false,1,
7290016372373,false,רסק עגבניות בלה איטליה 140*2 גר`,תה ויסוצקי (ישראל) בעמ,,,יח`,280,גרם,false,1,9.90,3.54,false,1,
7290016372397,false,תה ירוק תפוז גינגר וכורכום 25 שקיקיים,תה ויסוצקי (ישראל) בעמ,,,יח`,1,,false,1,27.90,27.90,true,1,
7290016372489,false,חליטת ג`ינג`ר ולימון-סודות  הצמחים 25 שק,תה ויסוצקי (ישראל) בעמ,,,יח`,0,גרם,false,1,22.40,22.40,true,1,
7290016372496,false,חליטת ג``ינג`ר ודבש-סודות  הצמחים 25 שק,תה ויסוצקי (ישראל) בעמ,,,יח`,0,גרם,false,1,22.40,22.40,true,1,
7290016387254,false,משטח לייבוש כלים דו צדדי,מ.א.ייצור ויבוא מטליות בעמ,,,יח`,1,,false,1,10.10,10.10,false,1,
7290016387339,false,מטליות מיקרופייבר ג`מבו לריצפה,מ.א.ייצור ויבוא מטליות בעמ,,,יח`,1,,false,1,18.30,18.30,false,1,
7290016387841,false,50 אטבי ג`ויצבועוניים,מ.א.ייצור ויבוא מטליות בעמ,,,יח`,1,,false,1,11.90,11.90,false,1,
7290016509786,false,פרסיל ג`ל 2.5 ליטר ירוק,גורי שיווק בעמ,,,יח`,2.50,1 ליטר,false,1,35.90,14.36,true,1,
7290016509809,false,פרסיל ג`ל 2.5 ליטר קולור,גורי שיווק בעמ,,,יח`,2.50,1 ליטר,false,1,35.90,14.36,true,1,
7290016510287,false,תחליב רחצה הוואי קרם דבש 700 מל,הנקל סוד בעמ,,,יח`,700,"מ""ל",false,1,10.90,1.56,false,1,
7290016564006,false,מבריקל  הפלא- ספוג לכלים שלישייה,אבאל יזמות בעמ,,,יח`,1,,false,1,9.90,9.90,false,1,
7290016564211,false,מארז 3 מטליות מייקרופבר למטבח מבריקל,אבאל יזמות בעמ,,,יח`,1,,false,1,11.90,11.90,true,1,
7290016564235,false,זוג מטליות מיקרופייבר לרצפה גדולות מבריק,אבאל יזמות בעמ,,,יח`,1,,false,1,18.90,18.90,true,1,
7290016564266,false,כיסוי הפלא 30 יח מבריקל,אבאל יזמות בעמ,,,יח`,1,,false,1,10.90,10.90,true,1,
7290016564280,false,כריות קרצוף מבריקל הפלא,אבאל יזמות בעמ,,,יח`,1,,false,1,8.90,8.90,true,1,
7290016564297,false,מארז זוג שקיות סנדוויץ 300 גר מבריקל,אבאל יזמות בעמ,,,יח`,1,,false,1,12.90,12.90,true,1,
7290016564365,false,מבריק כל לניקוי כללי לבנדר 750 גר,אבאל יזמות בעמ,,,יח`,750,"מ""ל",false,1,12.90,1.72,true,1,
7290016564402,false,מטליות מיקרופייבר מארז שמיניה מבריקל,אבאל יזמות בעמ,,,יח`,1,,false,1,10.90,10.90,true,1,
7290016564426,false,מבריקל שקיות אשפה ג`מבו XXL עם ידית 25,אבאל יזמות בעמ,,,יח`,1,,false,1,15.90,15.90,true,1,
7290016564433,false,מבריקל מארז רביעית כרית יפנית,אבאל יזמות בעמ,,,יח`,1,,false,1,10.90,10.90,true,1,
7290016621358,false,קמיל אל סבון נוזלי ניקיון והזנה ורוד 1 ל,פישר תעשיות פרמצבטיות בעמ,,,יח`,1,1 ליטר,false,1,16.90,16.90,true,1,
7290016682243,false,מיץ אשכולית אדומה 1 ליטר פרי ניב,תנובה - פריניב,,,יח`,1,1 ליטר,false,1,16.90,16.90,true,1,
7290016682328,false,מיץ תפוזים עשוי מרכז 2 ליטר,תנובה - פריניב,,,יח`,2,1 ליטר,false,1,21.90,10.80,true,1,
7290016682335,false,מיץ תפוזים סחוט 2 ליטר פרי ניב,תנובה - פריניב,,,יח`,2,1 ליטר,false,1,26.90,13.30,false,1,
7290016682441,false,מיץ תפוזים עשוי מרכז 1 ליטר,תנובה - פריניב,,,יח`,1,1 ליטר,false,1,13.90,13.90,false,1,
7290016717099,false,סלקטד אדום חצי יבש 750 מל,אגודת הכורמים,,,יח`,750,"מ""ל",false,1,30.90,4.08,true,1,
7290016717631,false,יין לבן מבעבע מוסקטו 750 מל,אגודת הכורמים,,,יח`,750,"מ""ל",false,1,41.90,5.55,true,1,
7290016717754,false,יין היובל ישן נושן יקבי כרמל (750 מל),אגודת הכורמים,,,יח`,750,"מ""ל",false,1,20.90,2.75,true,1,
7290016866643,false,משחת שיניים פרודונטקס פרש 75 מל,גורי ע.ע.ע בעמ,,,יח`,75,"מ""ל",false,1,31.90,42.53,true,1,
7290016866667,false,משחת שיניים פרודונטקס פלאוריד 75 מל,גורי ע.ע.ע בעמ,,,יח`,75,"מ""ל",false,1,31.90,42.53,true,1,
7290016967074,false,לחם חיטה מלאה 750 גר אנג`ל,שלמה א. אנג`ל בעמ,,,יח`,750,גרם,false,1,15.90,2.12,false,1,
7290016967456,false,לחם מחמצת כוסמין,שלמה א. אנג`ל בעמ,,,יח`,600,גרם,false,1,16.90,2.82,false,1,
7290017023199,false,מוגז פירות 330 מל סליק תות ליים שוופס.,יפאורה,,,יח`,330,"מ""ל",false,1,3.90,1.09,false,1,
7290017023212,false,שוופס רביעיות מוגז פירות 330 מל סליק תפ,יפאורה,,,יח`,1.32,1 ליטר,false,1,13.90,9.62,true,1,
7290017023663,false,שוופס רביעיות מוגז פירות 330 מל סליק ל,יפאורה,,,יח`,1.32,1 ליטר,false,1,13.90,9.62,true,1,
7290017023670,false,שוופס למונייד 330 מל פחית בודד,יפאורה,,,יח`,330,"מ""ל",false,1,3.90,1.09,false,1,
7290017023816,false,ספרינג פירות טרופיים רבעייה,יפאורה,,,יח`,1,1 ליטר,false,1,12.90,12.90,false,1,
7290017023977,false,ספרינג תות בננה 250 מל,יפאורה,,,יח`,250,"מ""ל",false,1,3.50,1.28,false,1,
7290017031705,false,משחת שיניים קלין פרש סנסודיין (75 מל),גורי ע.ע.ע בעמ,,,יח`,75,גרם,false,1,22.90,30.53,true,1,
7290017031859,false,משחת שיניים אולטקא קלין 75 מל פרודונטקס,גורי ע.ע.ע בעמ,,,יח`,75,"מ""ל",false,1,31.90,42.53,true,1,
7290017044019,false,מגבונים אסותא בדלי עיסא ערטול) (400,עיסא ערטול בעמ,,,יח`,1,,false,1,20.90,20.90,false,1,
7290017062693,false,מרכך מרוכז  לבן( 1  ליטר)טאצ`,סאסאטק אגשח בעמ,,,יח`,1,1 ליטר,false,1,11.90,11.90,false,1,
7290017062716,false,מרכך מרוכז  ורוד( 1  ליטר)טאצ`,סאסאטק אגשח בעמ,,,יח`,1,1 ליטר,false,1,11.90,11.90,false,1,
7290017062747,false,נוזל כלים תפוח  (36% 750 מל)+משאבה  טאצ,סאסאטק אגשח בעמ,,,יח`,750,"מ""ל",false,1,10.90,1.45,false,1,
7290017062754,false,נוזל כלים לימון  (36% 750 מל)+משאבה  טא,סאסאטק אגשח בעמ,,,יח`,750,"מ""ל",false,1,10.90,1.45,false,1,
7290017065007,false,מוצרלה פרוסה 200 גר-מדף,מחלבות גד שיווק 1992 בעמ,,,יח`,200,גרם,false,1,18.90,9.45,false,1,
7290017065137,false,ריקוטה למריחה 5% טבעית 200  גר`מחלבות גד,מחלבות גד שיווק 1992 בעמ,,,יח`,200,גרם,false,1,10.90,5.45,false,1,
7290017065168,false,גבינה כחולה 100  גר`מחלבות גד,מחלבות גד שיווק 1992 בעמ,,,יח`,100,גרם,false,1,17.90,17.90,false,1,
7290017065175,false,גבינת מנצ`גו פרוסה 150  גר`מחלבות גד,מחלבות גד שיווק 1992 בעמ,,,יח`,150,גרם,false,1,21.90,14.60,false,1,
7290017065380,false,גרנה פדנו שבבים 100  גר`מחלבות גד,מחלבות גד שיווק 1992 בעמ,,,יח`,100,גרם,false,1,15.90,15.90,false,1,
7290017065434,false,פרוסות גאודה הולנדית 200  גר`גד,מחלבות גד שיווק 1992 בעמ,,,יח`,200,גרם,false,1,22.90,11.45,false,1,
7290017065618,false,פקורינו פרוס 150  גר`גד,מחלבות גד שיווק 1992 בעמ,,,יח`,150,גרם,false,1,21.90,14.60,false,1,
7290017065649,false,קרם פטיסייר 250  גר`גד,מחלבות גד שיווק 1992 בעמ,,,יח`,250,"מ""ל",false,1,19.90,7.96,false,1,
7290017065731,false,גבינת שמנת ניו יורק 30% עם כמהין 200 גר`,מחלבות גד שיווק 1992 בעמ,,,יח`,200,גרם,false,1,13.90,6.95,true,1,
7290017068848,false,סוכריות קישוט לעוגה צבעוני 200  גר`` צנצ,מיה תעשיות מזון מ.ת.מ. בעמ,,,יח`,200,גרם,false,1,10.90,5.45,false,1,
7290017068855,false,סוכריות קישוט לעוגה חום 200  גר`צנצנת,מיה תעשיות מזון מ.ת.מ. בעמ,,,יח`,200,גרם,false,1,10.90,5.45,false,1,
7290017068886,false,ג`לי דובונים בציפוי שמן 350  גר`מיה,מיה תעשיות מזון מ.ת.מ. בעמ,,,יח`,350,גרם,false,1,15.90,4.54,false,1,
7290017068893,false,ג`לי דגיגים בציפוי סוכר 350 גר מיה,מיה תעשיות מזון מ.ת.מ. בעמ,,,יח`,350,גרם,false,1,15.90,4.54,false,1,
7290017068909,false,ג`לי לבבות בציפוי שמן 350 גר מיה,מיה תעשיות מזון מ.ת.מ. בעמ,,,יח`,350,גרם,false,1,15.90,4.54,false,1,
7290017068930,false,ג`לי בינס חמוצמוץ 375  גר`מיה,מיה תעשיות מזון מ.ת.מ. בעמ,,,יח`,375,גרם,false,1,15.90,4.24,false,1,
7290017068978,false,שיבולת שועל מלאה להכנה מהירה 500 גר בזיפ,מיה תעשיות מזון מ.ת.מ. בעמ,,,יח`,500,גרם,false,1,10.90,2.18,true,1,
7290017088051,false,חיתולים בייביסיטר מידה 3 (52 יח),שקד תבל בעמ,,,יח`,1,,false,1,34.90,34.90,true,1,
7290017105550,false,רסק עגבניות 100  גר`רביעייה יכין,זנלכל בעמ,,,יח`,400,גרם,false,1,12.90,3.23,false,1,
7290017105895,false,גרגרי חומוס מסעדות 550  גר`יכין,זנלכל בעמ,,,יח`,550,גרם,false,1,10.90,1.98,true,1,
7290017106069,false,קוביות סלק 550  גר`יכין,זנלכל בעמ,,,יח`,550,גרם,false,1,10.90,1.98,false,1,
7290017121048,false,פלפל צ`ומה 250 גר על לחם,שטראוס גרופ בעמ/מצונן,,,יח`,250,גרם,false,1,14.90,5.96,false,1,
7290017121390,false,לימון בלאדי250 גר על לחם,שטראוס גרופ בעמ/מצונן,,,יח`,250,גרם,false,1,14.90,5.96,false,1,
7290017142005,false,שמן קוקוס אורגני כתית 320 מל עץ הזית,סוגת תעשיות בעמ,,,יח`,320,"מ""ל",false,1,31.90,9.97,true,1,
7290017142111,false,פתיתי טונה בהירה בשמן זית אריזת to go עץ,סוגת תעשיות בעמ,,,יח`,85,גרם,false,1,10.90,12.82,true,1,
7290017142159,false,נתחי טונה בהירה בשמן זית 80 גר` שלישייה,סוגת תעשיות בעמ,,,יח`,240,גרם,false,1,24.90,10.38,true,1,
7290017142289,false,תרסיס שמן חמניות 200 מל ללא תוספת גז עץ,סוגת תעשיות בעמ,,,יח`,200,"מ""ל",false,1,21.90,10.95,true,1,
7290017142340,false,שמן זרעי ענבים מזוכך 1 ליטר עץ הזית,סוגת תעשיות בעמ,,,יח`,1,1 ליטר,false,1,30.90,30.90,true,1,
7290017142395,false,פסטה עם טונה בשמן זית 160 גר` עץ הזית,סוגת תעשיות בעמ,,,יח`,160,גרם,false,1,14.90,9.31,true,1,
7290017275482,false,סירופ בטעם ענבים 900 מל,אחדות בעמ,,,יח`,900,"מ""ל",false,1,15.90,1.77,false,1,
7290017289175,false,יין פטיט סירה 750 מל ישראלי,יקב טפרברג 1870 בעמ (יינות ומש,,,יח`,750,"מ""ל",false,1,23.90,3.15,true,1,
7290017289205,false,יין קברנה סוביניון 750 מל ישראלי,יקב טפרברג 1870 בעמ (יינות ומש,,,יח`,750,"מ""ל",false,1,23.90,3.15,true,1,
7290017291123,false,שום יבש,חברת יוסף אופנהימר 1986 בעמ,,,יח`,1,,false,1,5,5,false,1,
7290017297088,false,ציפס 2 קג,ויטה -פרי גליל (החדשה) בעמ,,,יח`,2000,גרם,false,1,22.90,1.15,false,1,
7290017297095,false,סטייק ציפס 2 קג,ויטה -פרי גליל (החדשה) בעמ,,,יח`,2000,גרם,false,1,22.90,1.15,false,1,
7290017297118,false,ציפס אמריקאי 2 קג,ויטה -פרי גליל (החדשה) בעמ,,,יח`,2000,גרם,false,1,22.90,1.15,false,1,
7290017304885,false,לחם שיפון וחיטה מלאה 750 גר אנג`ל,שלמה א. אנג`ל בעמ,,,יח`,750,גרם,false,1,16.90,2.25,false,1,
7290017374390,false,סט שירותים מיוחד,מ.א.ייצור ויבוא מטליות בעמ,,,יח`,1,,false,1,22.40,22.40,false,1,
7290017374925,false,מטאטא  אמור+ מקל,מ.א.ייצור ויבוא מטליות בעמ,,,יח`,1,,false,1,20.90,20.90,false,1,
7290017440309,false,שמפו קידס דר פישר 750 מל,פישר תעשיות פרמצבטיות בעמ,,,יח`,750,"מ""ל",false,1,17.90,2.39,false,1,
7290017457574,false,סוד כדוריות נתלה שלשות פרחים מהדורה מיוח,גורי שיווק בעמ,,,יח`,1,,false,1,17.90,17.90,false,1,
7290017477169,false,אגוזי קשיו 250  גר`ששון הקולה,דין שיווק וקליה 2021 בעמ,,,יח`,250,גרם,false,1,20,8,false,1,
7290017513393,false,תה ירוק סופר גרין ויסוצקי (25),תה ויסוצקי (ישראל) בעמ,,,יח`,1,,false,1,27.90,27.90,true,1,
7290017513409,false,תה ירוק סופר פלפל ויסוצקי (25),תה ויסוצקי (ישראל) בעמ,,,יח`,1,,false,1,27.90,27.90,true,1,
7290017513485,false,מחית עגבניות רוסטיקה בלה איטליה  איטליה(,תה ויסוצקי (ישראל) בעמ,,,יח`,680,גרם,false,1,15.50,2.28,true,1,
7290017513775,false,בייגלהמצופים שוקולד חלב 140  גר`פליפז,תה ויסוצקי (ישראל) בעמ,,,יח`,140,גרם,false,1,8.90,6.36,true,1,
7290017513782,false,בייגלה מצופים שוקולד מריר 140  גר`פליפז,תה ויסוצקי (ישראל) בעמ,,,יח`,140,גרם,false,1,8.90,6.36,true,1,
7290017589633,false,רזרב קברנה סובניון יקבי ברקן (750  מל)G,טמפו משקאות בעמ,,,יח`,750,"מ""ל",false,1,52.90,7.01,true,1,
7290017599236,false,סוכרזית סטיוויה 200 טבליות,שטראוס גרופ בעמ,,,יח`,1,,false,1,26.90,26.90,false,1,
7290017599267,false,סוכרזית סוכרלוז 120  גר`שקיות,שטראוס גרופ בעמ,,,יח`,120,גרם,false,1,25.90,21.58,false,1,
7290017617046,false,טונה בשמן זית כתית מעולה 140 גר` סטארקיס,סטארקיסט דיפלומט היינץ,,,יח`,560,גרם,false,1,27.90,4.98,true,1,
7290017617084,false,סטארקיסט מיקס טוגו טונה עם שעועית 185 גר,סטארקיסט דיפלומט היינץ,,,יח`,185,גרם,false,1,13.90,7.51,false,1,
7290017617428,false,סטארקיסט מיקס סלמון עם עם פסטה ברוטב עגב,סטארקיסט דיפלומט היינץ,,,יח`,160,גרם,false,1,15.90,9.94,false,1,
7290017617435,false,סטארקיסט מיקס סלמון עם עדשים קינואה וירק,סטארקיסט דיפלומט היינץ,,,יח`,160,גרם,false,1,15.90,9.94,false,1,
7290017618111,false,עוגיות מלבן שקדים עם טריפל שוקולד 180 גר,אבאל יזמות בעמ,,,יח`,180,גרם,false,1,19.90,11.06,true,1,
7290017637532,false,שמפו BLOND לשיער בלונד/בהיר מיקי בוגנים,סאסטק מיקי בוגנים,,,יח`,500,"מ""ל",false,1,40.90,8.18,false,1,
7290017647722,false,גמלא בלאנקו 750 מל,היכל היין שקד גולן בעמ,,,יח`,750,"מ""ל",false,1,65.90,8.75,true,1,
7290017682617,false,מגב עם  תפסן+  מקל( 40  סמ) CLING,מ.א.ייצור ויבוא מטליות בעמ,,,יח`,1,,false,1,16.90,16.90,false,1,
7290017682945,false,מגב חד להב סיליקון silicone one,מ.א.ייצור ויבוא מטליות בעמ,,,יח`,1,,false,1,25.90,25.90,false,1,
7290017724126,false,עוגיות טחינה 250 גר`,אקלר בעמ,,,יח`,250,גרם,false,1,22.90,9.16,false,1,
7290017724171,false,עוגיות סנדוויץ ריבה ללתס 250 גרם,אקלר בעמ,,,יח`,250,גרם,false,1,22.90,9.16,false,1,
7290017724263,false,עוגיות בטהובן ללתס 300 גרם,אקלר בעמ,,,יח`,300,גרם,false,1,22.90,7.63,false,1,
7290017724287,false,עוגיות אצבעות פקאן ללתס 250 גרם,אקלר בעמ,,,יח`,250,גרם,false,1,22.90,9.16,false,1,
7290017812052,false,קברנה סוביניון 750 מל אקסלנס שיראז,אגודת הכורמים,,,יח`,750,"מ""ל",false,1,27.90,3.68,true,1,
7290017812069,false,ריזלינג שרדונה 750 מל אקסלנס,אגודת הכורמים,,,יח`,750,"מ""ל",false,1,27.90,3.68,true,1,
7290017812373,false,פי.סי יין לבן מבושל 375 מל שרדונה,אגודת הכורמים,,,יח`,375,"מ""ל",false,1,20.90,5.49,false,1,
7290017812571,false,תירוש אדום 1 ליטר 100% טבעי,אגודת הכורמים,,,יח`,1,1 ליטר,false,1,21.20,21.20,true,1,
7290017812588,false,תירוש לבן 1 ליטר 100% טבעי,אגודת הכורמים,,,יח`,1,1 ליטר,false,1,20.90,20.90,true,1,
7290017812663,false,תירוש מבעבע לבן 750 מל,אגודת הכורמים,,,יח`,750,"מ""ל",false,1,20.90,2.75,true,1,
7290017871370,false,סבון ידיים מעושר בשמן אבוקדו 500 מל פמ,דנשר (1963) בעמ,,,יח`,500,"מ""ל",false,1,10.90,2.18,false,1,
7290017871707,false,טוסו חטיף פצפוצי אורז וקוקוס ללתס ללא ג,דנשר (1963) בעמ,,,יח`,0,גרם,false,1,16.90,16.90,false,1,
7290017871974,false,ג`לי בטעם תות שדה 25  גר`טוסו,דנשר (1963) בעמ,,,יח`,25,גרם,false,1,11.90,47.60,false,1,
7290017872056,false,אל סבון סדרה לבנה מארז שלישייה 500 מל פ,דנשר (1963) בעמ,,,יח`,1.50,1 ליטר,false,1,16.90,11.27,false,1,
7290017872063,false,אל סבון ארומתרפי מארז שלישייה 500 מל פמ,דנשר (1963) בעמ,,,יח`,1.50,1 ליטר,false,1,16.90,11.27,false,1,
7290017872650,false,סבון ידיים יהלום 500 מל עם שמן לבנדר פ,דנשר (1963) בעמ,,,יח`,500,"מ""ל",false,1,10.90,2.18,false,1,
7290017888644,false,אננס בננה כוכרכום 350 מל fruit   veg,יפאורה,,,יח`,350,"מ""ל",false,1,7.90,2.17,true,1,
7290017888729,false,שוופס סודה 1 ליטר,יפאורה,,,יח`,1,1 ליטר,false,1,4.90,4.90,true,1,
7290017888972,false,מי עדן פקק ספורט 1 ליטר,יפאורה,,,יח`,1,1 ליטר,false,1,3.90,3.90,true,1,
7290017907215,false,קמח למאפי שמרים תמי 500 גר`,י.איטליאנו אחזקות בעמ,,,יח`,500,גרם,false,1,19.90,3.98,false,1,
7290017913162,false,אסותא מרכך כביסה 4  ליטר(כחול),עיסא ערטול בעמ,,,יח`,4000,"מ""ל",false,1,15.90,0.40,false,1,
7290017917283,false,רביעיות מגבונים קמיל בלו 64 יח פישר ללא,פישר תעשיות פרמצבטיות בעמ,,,יח`,1,,false,1,20.90,20.90,true,1,
7290017917382,false,קמיל אל סבון נוזלי להרגעת העור ירוק 1 לי,פישר תעשיות פרמצבטיות בעמ,,,יח`,1,"מ""ל",false,1,16.90,1690,true,1,
7290017928036,false,מקלות גריסני שומשום 200  גר`מאיר בייגל,דנשר (1963) בעמ,,,יח`,200,גרם,false,1,12.90,6.45,true,1,
7290017928043,false,מקלות גריסני קראנץ מלח 175  גר`מאיר בייג,דנשר (1963) בעמ,,,יח`,175,גרם,false,1,12.90,7.37,true,1,
7290017928098,false,בייגלה שטוח מלח 330  גר`מאיר בייגל,דנשר (1963) בעמ,,,יח`,330,גרם,false,1,12.90,3.91,false,1,
7290017928463,false,שברי בייגלה בטעם דבש חרדל  ובצל( 300 גר`,דנשר (1963) בעמ,,,יח`,300,גרם,false,1,13.90,4.63,true,1,
7290017928616,false,בייגלה שטוחלה שומשום 300  גר`מאיר בייגל,דנשר (1963) בעמ,,,יח`,300,גרם,false,1,12.90,4.30,false,1,
7290017928685,false,בייגלה שמיניות מלח 400  גר`מאיר בייגל,דנשר (1963) בעמ,,,יח`,400,גרם,false,1,12.90,3.23,false,1,
7290017928746,false,מאיר בייגל פרורי בייגלה 200 גר`,דנשר (1963) בעמ,,,יח`,200,גרם,false,1,7.90,3.95,false,1,
7290017928821,false,מקלות גריסני קלאסי 200  גר`מאיר בייגל,דנשר (1963) בעמ,,,יח`,200,גרם,false,1,12.90,6.45,true,1,
7290017932231,false,סירופ מייפל טהור גאלה 250 מל,מור-ים מרקטינג בעמ,,,יח`,250,"מ""ל",false,1,27.90,11.16,false,1,
7290017947105,false,לחם בסגנון אמריקה 500  גר`אנג`ל,שלמה א. אנג`ל בעמ,,,יח`,500,גרם,false,1,14.90,2.98,false,1,
7290017947464,false,פיתות כוסמין  שמינייה( 400  גר`)אנג`ל,שלמה א. אנג`ל בעמ,,,יח`,1,,false,1,16.90,16.90,false,1,
7290017947495,false,לחמניות כוסמין 6  יח(450  גר`)אנג`ל,שלמה א. אנג`ל בעמ,,,יח`,450,גרם,false,1,14.90,3.31,false,1,
7290017947891,false,לחם כוסמין וחיטה מלאה 750  גר`אנגל,שלמה א. אנג`ל בעמ,,,יח`,750,גרם,false,1,16.90,2.25,false,1,
7290017947921,false,לחמניות המבורגר שישייה,שלמה א. אנג`ל בעמ,,,יח`,450,גרם,false,1,14.90,3.31,false,1,
7290017947938,false,לחמניות מיני המבורגר אמריקה 400  גר`אנג`,שלמה א. אנג`ל בעמ,,,יח`,400,גרם,false,1,14.90,3.73,false,1,
7290018045695,false,דגני בוקר בון בון במילוי קרם בטעם קרמל מ,ר.ב מוצרי דגנים בעמ,,,יח`,480,גרם,false,1,23.90,4.98,true,1,
7290018045893,false,דגני בוקר בון בון במילוי קרם נוגט 480 גר,ר.ב מוצרי דגנים בעמ,,,יח`,480,גרם,false,1,23.90,4.98,true,1,
7290018131831,false,מאגדת שלגוני מילקה 4*66 גרם,נגה גלידות שותפות מוגבלת,,,יח`,284,גרם,false,1,32.90,11.58,false,1,
7290018131879,false,אקסטרים טילון ריבת חלב 6*72 גרם,נגה גלידות שותפות מוגבלת,,,יח`,432,גרם,false,1,32.90,7.62,false,1,
7290018131954,false,מאגדת לה פרוטה שוקולד תות 5*70 גרם,נגה גלידות שותפות מוגבלת,,,יח`,350,גרם,false,1,28.90,8.26,false,1,
7290018132388,false,מטרנה גולד שלב 2 700 גר`,קבוצת אסם סחר שות. מוגבלת,,,יח`,700,גרם,false,1,74.90,10.70,true,1,
7290018165027,false,רזרב גולד אדישיין רוזה 750 מל-יקבי  ברק,טמפו משקאות בעמ,,,יח`,750,"מ""ל",false,1,53,7.03,false,1,
7290018165447,false,רזרב גולד  מרלו( 750  מל)יקבי ברקן,טמפו משקאות בעמ,,,יח`,750,"מ""ל",false,1,53,7.03,true,1,
7290018182017,false,קיסמי שיניים משולבים בחוט דנטלי בתוספת פ,פארמה דיל (פ.א.ב.) שיווק והפצה,,,יח`,1,,false,1,9.90,9.90,false,1,
7290018249123,false,אינסטנט פודינג בטעם וניל 50 גרSWEETANGO,אבאל יזמות בעמ,,,יח`,50,גרם,false,1,12.90,25.80,true,1,
7290018249154,false,ממרח אגוזי לוז סוויטאנגו 350 גר`,אבאל יזמות בעמ,,,יח`,350,גרם,false,1,35.90,10.26,true,1,
7290018249222,false,אבקת סוכר 100  גר`SWEETANGO,אבאל יזמות בעמ,,,יח`,100,גרם,false,1,14.90,14.90,false,1,
7290018249802,false,ממתיק sweetango צנצנת 280  גר`נטו,אבאל יזמות בעמ,,,יח`,280,גרם,false,1,27.90,9.96,true,1,
7290018282731,false,אל סבון מרובע ריח מאסק 500 מל LA BELLE,פארמה דיל (פ.א.ב.) שיווק והפצה,,,יח`,500,"מ""ל",false,1,9.90,1.98,false,1,
7290018294208,false,סלקטד אדום ישראלי 750 מל,אגודת הכורמים,,,יח`,750,"מ""ל",false,1,30.90,4.08,true,1,
7290018294918,false,מונלייט מוסקטו ורוד מבעבע 750 מל,אגודת הכורמים,,,יח`,750,"מ""ל",false,1,35.90,4.75,true,1,
7290018344163,false,חטיף חלווה משומשום מלא בתוספת פולי קקאו,אבאל יזמות בעמ,,,יח`,70,גרם,false,1,8.90,12.71,true,1,
7290018344729,false,עוגיות כוסמין  אנרג`פקאן ללא סוכר,אבאל יזמות בעמ,,,יח`,200,גרם,false,1,25.90,12.95,true,1,
7290018344736,false,עוגיות  אנרג`שוקולד צמקאו ללא סוכר,אבאל יזמות בעמ,,,יח`,200,גרם,false,1,25.90,12.95,true,1,
7290018344774,false,עוגיות כוסמין  אנרג`אוכמניות ללא סוכר,אבאל יזמות בעמ,,,יח`,200,גרם,false,1,25.90,12.95,true,1,
7290018359495,false,תירס מהשדה בלי תוספת  סוכר( 550  גר`)יכי,זנלכל בעמ,,,יח`,550,גרם,false,1,10.90,1.98,false,1,
7290018359556,false,תירס מהשדה בלי תוספת  סוכר( 400  גר)יכין,זנלכל בעמ,,,יח`,400,גרם,false,1,7.90,1.98,false,1,
7290018359716,false,רוטב לפיצה טוסקנה יכין (240 גרם),זנלכל בעמ,,,יח`,240,גרם,false,1,6.90,2.88,false,1,
7290018359969,false,רוטב עגבניות לפיצה 400  גר`יכין,זנלכל בעמ,,,יח`,400,גרם,false,1,12.50,3.13,false,1,
7290018400036,false,סנפרוסט חגיגת טעמים כתומים 800 גר,תנובה קפואים,,,יח`,800,גרם,false,1,22.90,2.86,true,1,
7290018440193,false,בייגלה מצופים קרם בטעם חמאת בוטנים 140,תה ויסוצקי (ישראל) בעמ,,,יח`,140,גרם,false,1,8.90,6.36,true,1,
7290018440209,false,בייגלה בציפוי  פאדג`לבן 140  גר`פליפז,תה ויסוצקי (ישראל) בעמ,,,יח`,140,גרם,false,1,8.90,6.36,true,1,
7290018440223,false,צ`אי מסאלה 25 שקיקים,תה ויסוצקי (ישראל) בעמ,,,יח`,1,,false,1,20.90,20.90,true,1,
7290018440230,false,צ`אי ורדים 25 שקיקים,תה ויסוצקי (ישראל) בעמ,,,יח`,1,,false,1,20.90,20.90,true,1,
7290018440247,false,צ`אי שקדים 25 שקיקים,תה ויסוצקי (ישראל) בעמ,,,יח`,1,,false,1,20.90,20.90,true,1,
7290018440254,false,צ`אי קרמל מלוח 25 שקיקים,תה ויסוצקי (ישראל) בעמ,,,יח`,1,,false,1,20.90,20.90,true,1,
7290018440438,false,טונה בשמן זית easy flip שלישייה 3*65 גר`,תה ויסוצקי (ישראל) בעמ,,,יח`,195,גרם,false,1,26.90,13.79,true,1,
7290018440476,false,בייגלה מצופה בקרם עוגת גבינה ותותים 140,תה ויסוצקי (ישראל) בעמ,,,יח`,140,גרם,false,1,8.90,6.36,true,1,
7290018440483,false,בייגלה מצופה בקרמל מלוח ושוקולד 140 גר`,תה ויסוצקי (ישראל) בעמ,,,יח`,140,גרם,false,1,8.90,6.36,true,1,
7290018440490,false,סלט טונה עם קוסקוס 150 ג,תה ויסוצקי (ישראל) בעמ,,,יח`,150,גרם,false,1,15.90,10.60,true,1,
7290018440896,false,חליטת ג`ינג`ר וכורכום אפקט הג`ינג`ר 25 י,תה ויסוצקי (ישראל) בעמ,,,יח`,37.50,גרם,false,1,17.90,47.73,true,1,
7290018468326,false,נקניקיה צמחית בסגנון ניו יורק 400  גר`.,תנובה קפואים,,,יח`,400,גרם,false,1,40.90,10.23,true,1,
7290018468432,false,נקניק טבעוני בטעם מעושן 100 גר טירת צבי,תנובה - חלב,,,יח`,100,גרם,false,1,18.90,18.90,false,1,
7290018471180,false,פרוט אנד  ווג`אננס תפוח גזר 1 ליטר,יפאורה,,,יח`,1000,"מ""ל",false,1,12.90,1.26,true,1,
7290018471197,false,פרוט אנד  ווג`תפוח בננה מלון נענע 1 ליטר,יפאורה,,,יח`,1000,"מ""ל",false,1,12.90,1.26,true,1,
7290018471395,false,פרוט אנד  ווג`תפוח רימון סלק וגי`נג`ר 1,יפאורה,,,יח`,1000,"מ""ל",false,1,12.90,1.26,true,1,
7290018471449,false,ספרינג שייק בננה תמר תפוז 1 ליטר,יפאורה,,,יח`,1,1 ליטר,false,1,12.90,12.90,true,1,
7290018471487,false,תפוזינה נקטר תפוז אננס 1 ליטר,יפאורה,,,יח`,1000,"מ""ל",false,1,7.30,0.73,false,1,
7290018471692,false,ספרינג שייק בננה אננס קוקוס פ.יער 1 ליטר,יפאורה,,,יח`,1,1 ליטר,false,1,12.90,12.90,true,1,
7290018471906,false,משקה מוגז שוופס (1.5 ליטר) לימונדה ורוד,יפאורה,,,יח`,1.50,1 ליטר,false,1,9.50,6.13,true,1,
7290018471913,false,משקה מוגז שוופס (1.5 ליטר) תפוחים,יפאורה,,,יח`,1.50,1 ליטר,false,1,9.50,6.13,true,1,
7290018471920,false,משקה מוגז פירות שוופס (1.5 ליטר) ענבים,יפאורה,,,יח`,1.50,1 ליטר,false,1,9.50,6.13,true,1,
7290018471937,false,משקה מוגז פירות שוופס (1.5 ליטר) תות ל,יפאורה,,,יח`,1.50,1 ליטר,false,1,9.50,6.13,true,1,
7290018471944,false,משקה מוגז פירות שוופס (1.5 ליטר) לימונ,יפאורה,,,יח`,1.50,1 ליטר,false,1,9.50,6.13,true,1,
7290018471951,false,משקה מוגז פירות שוופס (1.5 ליטר) אשכול,יפאורה,,,יח`,1.50,1 ליטר,false,1,9.50,6.13,true,1,
7290018493878,false,סרקל שמפו 750 מל,פישר תעשיות פרמצבטיות בעמ,,,יח`,750,"מ""ל",false,1,20.90,2.79,false,1,
7290018493885,false,סרקל מרכך 750 מל,פישר תעשיות פרמצבטיות בעמ,,,יח`,750,"מ""ל",false,1,20.90,2.79,false,1,
7290018493892,false,קמיל בלו סנסיטיב אל סבון 750 מל,פישר תעשיות פרמצבטיות בעמ,,,יח`,750,"מ""ל",false,1,20.90,2.79,false,1,
7290018500231,false,לחם וויקאנד 750  גר`אנג`ל,שלמה א. אנג`ל בעמ,,,יח`,750,גרם,false,1,16.90,2.25,false,1,
7290018516324,false,פאוץ`פרינוק תפוח ושיבולת שועל 120 גר`,גורי מוצרי צריכה (1991) בעמ,,,יח`,120,גרם,false,1,6.50,5.42,true,1,
7290018540817,false,לחם ארטיזנל מחמצת כוסמין 500  גר`אנג`ל,שלמה א. אנג`ל בעמ,,,יח`,500,גרם,false,1,18.90,3.78,false,1,
7290018540824,false,לחם ארטיזנל מחמצת כפרי 500  גר`אנג`ל,שלמה א. אנג`ל בעמ,,,יח`,500,גרם,false,1,17.90,3.58,false,1,
7290018571064,false,מקלוני טופי 450 גרם כשלפ,מיה תעשיות מזון מ.ת.מ. בעמ,,,יח`,450,גרם,false,1,16.90,3.76,false,1,
7290018571071,false,טופי פספסים 450 גרם כשלפ,מיה תעשיות מזון מ.ת.מ. בעמ,,,יח`,450,גרם,false,1,16.90,3.76,false,1,
7290018571422,false,לקקנים מולטיקולור מיקס 65 יח`,מיה תעשיות מזון מ.ת.מ. בעמ,,,יח`,100,גרם,false,1,23.70,23.70,false,1,
7290018571491,false,ריבת חלב אמיתי זכוכית 340 גר`,מיה תעשיות מזון מ.ת.מ. בעמ,,,יח`,340,גרם,false,1,15.90,4.68,false,1,
7290018571699,false,קמח שקדים 250  גר`זיפר מיה,מיה תעשיות מזון מ.ת.מ. בעמ,,,יח`,250,גרם,false,1,25.90,10.36,false,1,
7290018571705,false,אורז יסמין 1 קג מיה,מיה תעשיות מזון מ.ת.מ. בעמ,,,יח`,1,"ק""ג",false,1,11.90,11.90,true,1,
7290018571712,false,אורז פרסי 1 קג מיה,מיה תעשיות מזון מ.ת.מ. בעמ,,,יח`,1,"ק""ג",false,1,10.90,10.90,true,1,
7290018571729,false,אורז ריזוטו 1 קג מיה,מיה תעשיות מזון מ.ת.מ. בעמ,,,יח`,1,"ק""ג",false,1,9.90,9.90,false,1,
7290018571798,false,סוכריות ג`לי שמחות 2 צבעים 540 גר`,מיה תעשיות מזון מ.ת.מ. בעמ,,,יח`,540,גרם,false,1,21.40,3.96,false,1,
7290018652886,false,מאגדת שלגונים מצופים שוקו בננה 8 יח`,נגה גלידות שותפות מוגבלת,,,יח`,476,גרם,false,1,26.90,5.65,false,1,
7290018703182,false,פראוד חטיף חלבון שוקולד בוטנים קרמל 29 ג,דיפלומט היינץ,,,יח`,29,גרם,false,1,9.90,34.14,false,1,
7290018770245,false,זית ירוק מגולען בטעם רוזמרין 190 גר`,אבאל יזמות בעמ,,,יח`,190,גרם,false,1,13.90,7.32,true,1,
7290018825020,false,תפוא לבן לאפייה דוד משה גורמה,תוצרת הנגב אגודה שיתופית חקלאי,,,"ק""ג",1,,true,1,5.90,5.90,false,1,
7290018825228,false,תפוא אדום לטיגון דוד משה גורמה,תוצרת הנגב אגודה שיתופית חקלאי,,,"ק""ג",1,,true,1,5.90,5.90,false,1,
7290018825419,false,תפוא אפיה אדום,תוצרת הנגב אגודה שיתופית חקלאי,,,"ק""ג",1,,true,1,3.90,3.90,false,1,
7290018825464,false,אבוקדו ארוז בקטנה דוד משה,תוצרת הנגב אגודה שיתופית חקלאי,,,יח`,1,,false,1,9.90,9.90,false,1,
7290018825617,false,תפוא אפיה לבן,תוצרת הנגב אגודה שיתופית חקלאי,,,"ק""ג",1,,true,1,3.90,3.90,false,1,
7290018835005,false,ציפס אורז חום מלא מלח פלפל ושמן זית 60 ג,א.ל.ייצור ושיווק תבלינים בעמ,,,יח`,60,גרם,false,1,7.50,12.50,true,1,
7290018878743,false,חמישיות שוקולד מריר (5*100  גר`)כרמית,כרמית תעשיות ממתקים בעמ,,,יח`,500,גרם,false,1,18.90,3.78,false,1,
7290018893104,false,צ`וקטה ביסקוויט מצופה שוקולד מריר 100 גר,ש.שסטוביץ בעמ,,,יח`,100,גרם,false,1,8.90,8.90,true,1,
7290018893265,false,צ`וקטה עוגות אישיות מריר 240 גרם,ש.שסטוביץ בעמ,,,יח`,240,גרם,false,1,13.90,5.79,true,1,
7290018893319,false,צ`וקטה שוקולד מריר 85% בלגי 100 גר`,ש.שסטוביץ בעמ,,,יח`,100,גרם,false,1,10.90,10.90,false,1,
7290018893425,false,צ`וקטה ממרח דואו 700 גר`,ש.שסטוביץ בעמ,,,יח`,700,גרם,false,1,20.90,2.99,false,1,
7290018893647,false,ביסקוויט במילוי קרם בטעם וניל בציפוי שו,ש.שסטוביץ בעמ,,,יח`,150,גרם,false,1,10.90,7.27,true,1,
7290018893661,false,צ`וקטה עוגות אישיות בציפוי שוקולד מריר(,ש.שסטוביץ בעמ,,,יח`,240,גרם,false,1,13.90,5.79,true,1,
7290018893845,false,פתי בר 400  גר`צ`וקטה,ש.שסטוביץ בעמ,,,יח`,400,גרם,false,1,7.50,1.88,false,1,
7290018893876,false,צ`וקטה עוגות אישיות וניל 200 גרם,ש.שסטוביץ בעמ,,,יח`,200,גרם,false,1,13.90,6.95,true,1,
7290018893906,false,צ`וקטה עוגיות סנדביץ וניל 250 גר`,ש.שסטוביץ בעמ,,,יח`,250,גרם,false,1,8.90,3.56,true,1,
7290018894200,false,בלקוני וופל קוביות וניל 250 גר`,ש.שסטוביץ בעמ,,,יח`,250,גרם,false,1,13.90,5.56,true,1,
7290018925065,false,מיץ תפוזים סחוט פרימור (2 ליטר),שטראוס גרופ בעמ/מצונן,,,יח`,2,1 ליטר,false,1,27.90,13.80,false,1,
7290018929377,false,כף אשפה  מתקפל(איטליה),מ.א.ייצור ויבוא מטליות בעמ,,,יח`,1,,false,1,10.50,10.50,false,1,
7290018989081,false,חומוס הבית 410  גר`יכין,זנלכל בעמ,,,יח`,410,גרם,false,1,8.90,2.17,false,1,
7290019036395,false,ארטישוק 400  גר`קפוא,א.ג בחירה חכמה בעמ,,,יח`,400,גרם,false,1,9.90,2.48,false,1,
7290019036425,false,במיה 400  גר`קפוא,א.ג בחירה חכמה בעמ,,,יח`,400,גרם,false,1,6.90,1.73,false,1,
7290019056027,false,משקה מוגז פירות שוופס (1.5 ליטר) תפוחי,יפאורה,,,יח`,1.50,1 ליטר,false,1,9.50,6.13,true,1,
7290019056034,false,משקה מוגז פירות שוופס (1.5 ליטר) אננס,יפאורה,,,יח`,1.50,1 ליטר,false,1,9.50,6.13,true,1,
7290019056041,false,משקה מוגז פירות שוופס (1.5 ליטר) לימונ,יפאורה,,,יח`,1.50,1 ליטר,false,1,9.50,6.13,true,1,
7290019056065,false,שוופס מוגז עדין( 1.5 ליטר) פירות יער,יפאורה,,,יח`,1.50,1 ליטר,false,1,9.50,6.13,true,1,
7290019056096,false,שוופס מוגז עדין( 1.5 ליטר) אפרסק,יפאורה,,,יח`,1.50,1 ליטר,false,1,9.50,6.13,true,1,
7290019056164,false,מי סודה (1.5x4  ליטר)שוופס,יפאורה,,,יח`,6,1 ליטר,false,1,12.20,1.83,false,1,
7290019056171,false,מי סודה (1.5x4  ליטר)בטעם לימון שוופס,יפאורה,,,יח`,6,1 ליטר,false,1,12.20,1.83,false,1,
7290019056188,false,רביעייה שוופס סודה 1.5 ליטרנענע ליים,יפאורה,,,יח`,6,1 ליטר,false,1,12.20,1.83,false,1,
7290019056195,false,רביעייה שוופס סודה 1.5 ליטר למון גראס ג,יפאורה,,,יח`,6,1 ליטר,false,1,12.20,1.83,false,1,
7290019056201,false,רביעייה שוופס סודה 1.5 ליטר פירות יער,יפאורה,,,יח`,6,1 ליטר,false,1,12.20,1.83,false,1,
7290019056249,false,שוופס מים 1.5 ליטר בטעם ענבים,יפאורה,,,יח`,1.50,1 ליטר,false,1,9.50,6.13,true,1,
7290019056256,false,שוופס מים 1.5 ליטר בטעם תפוחים,יפאורה,,,יח`,1.50,1 ליטר,false,1,9.50,6.13,true,1,
7290019056263,false,שוופס מים 1.5 ליטר בטעם אפרסק,יפאורה,,,יח`,1.50,1 ליטר,false,1,9.50,6.13,true,1,
7290019056270,false,שוופס מים 1.5 ליטר בטעם פירות יער,יפאורה,,,יח`,1.50,1 ליטר,false,1,9.50,6.13,true,1,
7290019056287,false,שוופס מים 1.5 ליטר בטעם אפרסק ללא סוכר,יפאורה,,,יח`,1.50,1 ליטר,false,1,9.50,6.13,true,1,
7290019056300,false,משקה שוופס (1.5  ליטר)ביטר למון,יפאורה,,,יח`,1.50,1 ליטר,false,1,12.90,8.40,false,1,
7290019056331,false,שוופס מי טוניק (1.5  ליטר)ללס,יפאורה,,,יח`,1.50,"מ""ל",false,1,12.90,840,false,1,
7290019056355,false,משקה תפוזינה 1.5 ליטר לימונענע,יפאורה,,,יח`,1.50,1 ליטר,false,1,9.50,6.13,true,1,
7290019056362,false,משקה קל תפוזינה 1.5 ליטר ענבים,יפאורה,,,יח`,1.50,1 ליטר,false,1,9.50,6.13,true,1,
7290019056379,false,משקה קל תפוזינה 1.5 ליטר תפוזים,יפאורה,,,יח`,1.50,1 ליטר,false,1,9.50,6.13,true,1,
7290019056386,false,משקה קל תפוזינה 1.5 ליטר אשכוליות,יפאורה,,,יח`,1.50,"מ""ל",false,1,9.50,613.33,true,1,
7290019056393,false,משקה קל תפוזינה 1.5 ליטר תות בננה,יפאורה,,,יח`,1.50,1 ליטר,false,1,9.50,6.13,true,1,
7290019056409,false,משקה קל תפוזינה 1.5 ליטר מנגו,יפאורה,,,יח`,1.50,1 ליטר,false,1,9.50,6.13,true,1,
7290019056430,false,משקה קל תפוזינה 1.5 ליטר תפוזים לייט,יפאורה,,,יח`,1.50,1 ליטר,false,1,9.50,6.13,true,1,
7290019056447,false,משקה קל תפוזינה 1.5 ליטר אשכוליות לייט,יפאורה,,,יח`,1.50,1 ליטר,false,1,9.50,6.13,true,1,
7290019056461,false,קולה אר. סי (1.5x6.  ליטר).,יפאורה,,,יח`,9000,"מ""ל",false,1,39.90,0.42,false,1,
7290019056478,false,ספרינג תה 1.5 ליטר בטעם אפרסק,יפאורה,,,יח`,1.50,1 ליטר,false,1,9.50,6.13,true,1,
7290019056485,false,ספרינג תה ירוק 1.5 ליטר בטעם לימון לואיז,יפאורה,,,יח`,1.50,1 ליטר,false,1,9.50,6.13,true,1,
7290019056508,false,פרוט ווטר 1.5 ליטר בטעם ענבים,יפאורה,,,יח`,1.50,1 ליטר,false,1,9.50,6.13,true,1,
7290019056515,false,פרוט ווטר 1.5 ליטר בטעם אננס,יפאורה,,,יח`,1.50,1 ליטר,false,1,9.50,6.13,true,1,
7290019056539,false,פרוט ווטר 1.5 ליטר בטעם אפרסק,יפאורה,,,יח`,1.50,1 ליטר,false,1,9.50,6.13,true,1,
7290019056546,false,פרוט ווטר 1.5 ליטר בטעם אבטיח,יפאורה,,,יח`,1.50,1 ליטר,false,1,9.50,6.13,true,1,
7290019056553,false,מים מינרלים עין גדי (2x6 ליטר),יפאורה,,,יח`,1.20,1 ליטר,false,1,13.70,9.92,false,1,
7290019056560,false,מים עין גדי בודד 2 ליטר,יפאורה,,,יח`,2,1 ליטר,false,1,3.30,1.65,false,1,
7290019056577,false,משקה קל ספרינג 1.5 ליטר מנגו,יפאורה,,,יח`,1.50,1 ליטר,false,1,9.50,6.13,true,1,
7290019056584,false,משקה קל ספרינג 1.5 ליטר תפוזים,יפאורה,,,יח`,1.50,1 ליטר,false,1,9.50,6.13,true,1,
7290019056591,false,משקה קל ספרינג 1.5 ליטר ענבים,יפאורה,,,יח`,1.50,1 ליטר,false,1,9.50,6.13,true,1,
7290019056607,false,משקה קל ספרינג 1.5 ליטר תפוחים,יפאורה,,,יח`,1.50,1 ליטר,false,1,9.50,6.13,true,1,
7290019056621,false,משקה קל ספרינג 1.5 ליטר פירות טרופיים,יפאורה,,,יח`,1.50,1 ליטר,false,1,9.50,6.13,true,1,
7290019056638,false,משקה קל ספרינג 1.5 ליטר תות בננה,יפאורה,,,יח`,1.50,1 ליטר,false,1,9.50,6.13,true,1,
7290019056645,false,משקה קל ספרינג 1.5 ליטר אגס תפוח סברס,יפאורה,,,יח`,1.50,1 ליטר,false,1,9.50,6.13,true,1,
7290019056652,false,משקה קל ספרינג 1.5 ליטר אננס בננה,יפאורה,,,יח`,1.50,1 ליטר,false,1,9.50,6.13,true,1,
7290019056676,false,משקה קל ספרינג 1.5 ליטר אשכוליות אננס די,יפאורה,,,יח`,1.50,1 ליטר,false,1,9.50,6.13,true,1,
7290019056959,false,מי עדן בודד 1.5 ליטר,יפאורה,,,יח`,1.50,1 ליטר,false,1,2.80,1.67,false,1,
7290019056973,false,מים מינרלים (1.5x6  ליטר)מי עדן,יפאורה,,,יח`,9,1 ליטר,false,1,13.90,1.34,false,1,
7290019075103,false,קמיל בלו אקסטרה סופט שמפו לתינוק 1 ליטר,פישר תעשיות פרמצבטיות בעמ,,,יח`,1,1 ליטר,false,1,33.90,33.90,false,1,
7290019094210,false,כרוב לבן 400  גר`הרב אפרתי,רביבים עלי דשא בעמ,,,יח`,400,גרם,false,1,12.90,3.23,false,1,
7290019094227,false,כרוב אדום 400  גר`מצונן הרב אפרתי,רביבים עלי דשא בעמ,,,יח`,400,גרם,false,1,12.90,3.23,false,1,
7290019094234,false,קולסלאו 400  גר`מצונן הרב אפרתי,רביבים עלי דשא בעמ,,,יח`,300,גרם,false,1,12.90,4.30,false,1,
7290019101833,false,כוסות נייר b8 פאלאס) (50,פאלאס תעשיות נטו (2014) בעמ,,,יח`,50,יח`,false,1,8.90,0.18,false,1,
7290019145080,false,מרקש ערק לימון 700 מל,אבאל יזמות בעמ,,,יח`,700,"מ""ל",false,1,40.90,5.80,true,1,
7290019145288,false,מרקש ערק לימונענע 700 מל,אבאל יזמות בעמ,,,יח`,700,"מ""ל",false,1,40.90,5.80,true,1,
7290019145486,false,מרקש ערק פסיפלורה 700 מל,אבאל יזמות בעמ,,,יח`,700,"מ""ל",false,1,40.90,5.80,true,1,
7290019153023,false,אר.סי ללא סוכר 1.5 ליטר רביעייה,יפאורה,,,יח`,6,1 ליטר,false,1,26,4.28,false,1,
7290019153252,false,סודה תפוח (1.5*4  ליטר)שוופס,יפאורה,,,יח`,6,1 ליטר,false,1,12.20,1.83,false,1,
7290019153269,false,סודה אננס (1.5*4  ליטר)שוופס,יפאורה,,,יח`,6,1 ליטר,false,1,12.20,1.83,false,1,
7290019153535,false,שוופס רביעיות מוגז פירות למונייד ללס 33,יפאורה,,,יח`,1.32,1 ליטר,false,1,13.90,9.62,true,1,
7290019153566,false,משקה קל ספרינג 1.5 ליטר רימון אוכמניות,יפאורה,,,יח`,1.50,1 ליטר,false,1,9.50,6.13,true,1,
7290019232162,false,ויסוצקי פלוס חליטת קמומיל מליסה לילה טוב,תה ויסוצקי (ישראל) בעמ,,,יח`,1,,false,1,26.90,26.90,false,1,
7290019232179,false,ויסוצקי פלוס תה ירוק נענע עם ויטמינים,תה ויסוצקי (ישראל) בעמ,,,יח`,1,,false,1,26.90,26.90,false,1,
7290019232193,false,ויסוצקי פלוס תה ירוק לימונית ג`נג`ר עם ו,תה ויסוצקי (ישראל) בעמ,,,יח`,1,,false,1,26.90,26.90,false,1,
7290019232834,false,בייגלה מצופים בקרם עוגיות ושוקולד 140 גר,תה ויסוצקי (ישראל) בעמ,,,יח`,140,גרם,false,1,8.90,6.36,true,1,
7290019297239,false,צימוק כהה 330 גר`,דין שיווק וקליה 2021 בעמ,,,יח`,330,גרם,false,1,12.90,3.91,false,1,
7290019297451,false,מי ורדים 500 מל דין שיווק,דין שיווק וקליה 2021 בעמ,,,יח`,500,"מ""ל",false,1,21.40,4.28,false,1,
7290019297543,false,חמאת בוטנים 510 גר` דין שיווק,דין שיווק וקליה 2021 בעמ,,,יח`,510,גרם,false,1,14.20,2.78,true,1,
7290019297628,false,שקד טבעי 150 גרם ששון הקולה,דין שיווק וקליה 2021 בעמ,,,יח`,150,גרם,false,1,13.90,9.27,true,1,
7290019297635,false,שקדים קלויים 150 גר ששון הקולה,דין שיווק וקליה 2021 בעמ,,,יח`,150,גרם,false,1,17.90,11.93,false,1,
7290019393016,false,קמח חיטה לבן ללא צורך בניפוי 1 קג,אבאל יזמות בעמ,,,יח`,1,"ק""ג",false,1,7.90,7.90,true,1,
7290019393061,false,קמח כוסמין 100% ללא צורך בניפוי 1 קג,אבאל יזמות בעמ,,,יח`,1,"ק""ג",false,1,15.90,15.90,true,1,
7290100240144,false,בדין תרסיס למייבש כביסה,יוניליוור ישראל שיווק בעמ,,,יח`,500,"מ""ל",false,1,20.30,4.06,true,1,
7290100240656,false,פתית שיפון תלמה (300 גרם),יוניליוור ישראל שיווק בעמ,,,יח`,300,גרם,false,1,19.30,6.43,true,1,
7290100243671,false,בדין אקסטרא כחול 960 מל,יוניליוור ישראל שיווק בעמ,,,יח`,960,"מ""ל",false,1,17.30,1.80,true,1,
7290100245231,false,נמס בכוס ועוד טעם עוף שקדי מרק,יוניליוור ישראל שיווק בעמ,,,יח`,50,גרם,false,1,7.60,15.20,true,1,
7290100659090,false,פרי חטיפים ללס מארז 5 תמרים וקינמו,ש.שסטוביץ בעמ,,,יח`,100,גרם,false,1,16.90,16.90,false,1,
7290100680650,false,מנה חמה נודלס תאילנדי,קבוצת אסם סחר שות. מוגבלת,,,יח`,76,גרם,false,1,8.50,11.18,true,1,
7290100680667,false,מנה חמה נודלס בסגנון סצ`ואן אסם (76 גרם),קבוצת אסם סחר שות. מוגבלת,,,יח`,76,גרם,false,1,8.50,11.18,true,1,
7290100680711,false,פירורית זהב אסם (350 גרם),קבוצת אסם סחר שות. מוגבלת,,,יח`,350,גרם,false,1,10.10,2.89,false,1,
7290100681138,false,אפרופו מארז שלישיה,קבוצת אסם סחר שות. מוגבלת,,,יח`,150,גרם,false,1,14.50,9.67,true,1,
7290100685136,false,אבקת מרק בטעם עוף אסם (1 קג),קבוצת אסם סחר שות. מוגבלת,,,יח`,1,"ק""ג",false,1,15.90,15.90,true,1,
7290100685334,false,אבקת מרק עוף אמיתי מרכיבים 400 גר`,קבוצת אסם סחר שות. מוגבלת,,,יח`,400,גרם,false,1,24.90,6.23,true,1,
7290100685341,false,אבקת מרק רכיבים 400 גר`,קבוצת אסם סחר שות. מוגבלת,,,יח`,400,גרם,false,1,18.30,4.58,true,1,
7290100685938,false,עוגת הבית דבש ותפוח עץ 400 גרם,קבוצת אסם סחר שות. מוגבלת,,,יח`,400,גרם,false,1,19.60,4.90,false,1,
7290100687109,false,במבה במילוי נוגט אסם (60 גרם),קבוצת אסם סחר שות. מוגבלת,,,יח`,60,גרם,false,1,4.40,7.33,true,1,
7290100689301,false,מרק בטעם עוף זך אסם (400 גרם),קבוצת אסם סחר שות. מוגבלת,,,יח`,400,גרם,false,1,17.30,4.33,true,1,
7290100700020,false,גריסי פנינה סוגת (500 גרם),סוגת תעשיות בעמ,,,יח`,200,גרם,false,1,7.50,3.75,true,1,
7290100700068,false,שעועית צבעונית 500 גר`,סוגת תעשיות בעמ,,,יח`,500,גרם,false,1,12.90,2.58,true,1,
7290100700075,false,פירורי לחם מוזהבים סוגת (200 גרם),סוגת תעשיות בעמ,,,יח`,200,גרם,false,1,4.90,2.45,true,1,
7290100700242,false,אורז מלא עגול סוגת (1 קג),סוגת תעשיות בעמ,,,יח`,1000,גרם,false,1,10.90,1.09,false,1,
7290100700273,false,קינואה 500 גר`,סוגת תעשיות בעמ,,,יח`,500,גרם,false,1,16.90,3.38,true,1,
7290100700297,false,עדשים מנומרות סוגת (500 גרם),סוגת תעשיות בעמ,,,יח`,500,גרם,false,1,8.90,1.78,true,1,
7290100700372,false,אורז בסמטי מלא סוגת (1 קג),סוגת תעשיות בעמ,,,יח`,1,"ק""ג",false,1,14.90,14.90,false,1,
7290100700396,false,אורז יסמין סוגת (1 קג),סוגת תעשיות בעמ,,,יח`,1,"ק""ג",false,1,13.50,13.50,true,1,
7290100700587,false,בורגול סוגת (500 גרם),סוגת תעשיות בעמ,,,יח`,500,גרם,false,1,6.50,1.30,true,1,
7290100701126,false,שעועית מש סוגת (500 גרם),סוגת תעשיות בעמ,,,יח`,500,גרם,false,1,13.90,2.78,true,1,
7290100701157,false,אורז להכנת סושי סוגת (1 קג),סוגת תעשיות בעמ,,,יח`,1,"ק""ג",false,1,12.90,12.90,false,1,
7290100701300,false,קינואה אדומה סוגת (500 גרם),סוגת תעשיות בעמ,,,יח`,500,גרם,false,1,16.90,3.38,true,1,
7290100701454,false,בורגול דק גרישה סוגת (500 גרם),סוגת תעשיות בעמ,,,יח`,500,גרם,false,1,6.50,1.30,true,1,
7290100702994,false,סוכר דמררה בשקית סוגת (500 גרם),סוגת תעשיות בעמ,,,יח`,500,גרם,false,1,7.50,1.50,true,1,
7290100703007,false,עדשים שחורות בלוגה סוגת (500 גרם),סוגת תעשיות בעמ,,,יח`,500,גרם,false,1,8.90,1.78,true,1,
7290100704516,false,חומוס מיני סוגת (500 גרם),סוגת תעשיות בעמ,,,יח`,500,גרם,false,1,6.90,1.38,true,1,
7290100704660,false,קינואה מיקס 500 גר`,סוגת תעשיות בעמ,,,יח`,500,גרם,false,1,16.90,3.38,true,1,
7290100704691,false,אורז אדום סוגת (500גרם),סוגת תעשיות בעמ,,,יח`,500,גרם,false,1,10.90,2.18,false,1,
7290100850916,false,חטיף תירס חמוץ חריף דוריטוס (70 גרם),שטראוס פריטו ליי בעמ,,,יח`,70,גרם,false,1,4,5.71,true,1,
7290100850923,false,חטיף תירס גריל דוריטוס (70 גרם),שטראוס פריטו ליי בעמ,,,יח`,70,גרם,false,1,4,5.71,true,1,
7290100850930,false,חטיף תירס בטעם טבעי דוריטוס (70 גרם),שטראוס פריטו ליי בעמ,,,יח`,70,גרם,false,1,4,5.71,true,1,
7290100858592,false,אבקת קקאו עלית (150 גרם),שטראוס גרופ בעמ,,,יח`,150,גרם,false,1,9.90,6.60,false,1,
7290100858608,false,אבקת קקאו עלית (500 גרם),שטראוס גרופ בעמ,,,יח`,500,גרם,false,1,24.50,4.90,false,1,
7290100921401,false,שמפו קרטין מחזק הוואי (700 מל),הנקל סוד בעמ,,,יח`,700,"מ""ל",false,1,8.90,1.27,false,1,
7290100921623,false,סוד כדוריות נתלה לאסלה אקונומיקה,גורי שיווק בעמ,,,יח`,1,,false,1,8.90,8.90,true,1,
7290100924464,false,כדוריות שלישייה אקנומיקה,גורי שיווק בעמ,,,יח`,1,,false,1,17.90,17.90,false,1,
7290100925768,false,נוזל כלים פירות סוד (650 מל),גורי שיווק בעמ,,,יח`,650,"מ""ל",false,1,6.90,1.06,false,1,
7290100926147,false,פרסיל אבקת כביסה 2.5  קג`קולור,גורי שיווק בעמ,,,יח`,2.50,"ק""ג",false,1,26.90,10.76,true,1,
7290100926598,false,אבקת כביסה פרסיל 5 קג`,גורי שיווק בעמ,,,יח`,5,"ק""ג",false,1,43.80,8.76,false,1,
7290101110279,false,בליסימו שוקולד 1.3 ליטר פאג`ג פקאן,פלקו בעמ,,,יח`,1.30,1 ליטר,false,1,19.90,15.31,true,1,
7290101112600,false,בליסימו מילקשייק וניל מוקה 1.3,פלקו בעמ,,,יח`,1.30,1 ליטר,false,1,19.90,15.31,true,1,
7290101112921,false,מאגדת גלידל פרי פירות טרופים 8 יח,פלקו בעמ,,,יח`,640,גרם,false,1,25.90,4.05,false,1,
7290101113157,false,מאגדת גלידל חלבי וניל 6 יח פלדמן,פלקו בעמ,,,יח`,1,,false,1,27.90,27.90,false,1,
7290101113430,false,מאגדת גלידל ריפל שוקלוד 6 יח,פלקו בעמ,,,יח`,1,,false,1,27.90,27.90,false,1,
7290101113591,false,מאגדת טילונים שוקולד לבן עם עוגיות יולו,פלקו בעמ,,,יח`,1,,false,1,22.90,22.90,false,1,
7290101113676,false,מאגדת שלגון רמזור שישייה,פלקו בעמ,,,יח`,1,,false,1,10.90,10.90,false,1,
7290101113768,false,מאגדת שלגון יולו עוגיות שוקולד חלב 4 יח`,פלקו בעמ,,,יח`,200,גרם,false,1,18.90,9.45,false,1,
7290101113904,false,קרמבו מנבו 12  יח`וניל,פלקו בעמ,,,יח`,1,,false,1,23.90,23.90,false,1,
7290101486688,false,פרי חטיפי בריאות דגנים עם שוקולד ללס,ש.שסטוביץ בעמ,,,יח`,90,גרם,false,1,16.90,18.78,false,1,
7290101488316,false,ליידי ספיד סטיק ללא סימן ורוד חדש,ש.שסטוביץ בעמ,,,יח`,50,"מ""ל",false,1,22.90,45.80,true,1,
7290101488323,false,ליידי ספיד סטיק ללא סימן ירוק חדש,ש.שסטוביץ בעמ,,,יח`,65,"מ""ל",false,1,22.90,35.23,true,1,
7290101551027,false,קפסולות 14 למכונות נספרו עלית) (10,שטראוס גרופ בעמ,,,יח`,50,גרם,false,1,18.50,37,true,1,
7290101551263,false,סילאן טבעי 700  גר`יד מרדכי,שטראוס גרופ בעמ,,,יח`,700,גרם,false,1,19.90,2.84,false,1,
7290101551300,false,סילאן טבעי לחיץ 380  גר`יד מרדכי .,שטראוס גרופ בעמ,,,יח`,380,גרם,false,1,15.90,4.18,false,1,
7290101551539,false,דנונה פרו 20  גר`אפרסק,שטראוס גרופ בעמ/מצונן,,,יח`,200,גרם,false,1,6.10,3.05,false,1,
7290101551584,false,חטיף צ`יפס קידס תפוצ`יפס) (10*20,שטראוס פריטו ליי בעמ,,,יח`,200,גרם,false,1,13.90,6.95,false,1,
7290101864127,false,ספריי להסרת כתמים וניש קליה (750 מל),רקיט בנקיזר (ניר איסט) בעמ,,,יח`,750,"מ""ל",false,1,20.90,2.79,true,1,
7290101865261,false,נוזל הברקה למדיח כלים פיניש (800 מל),רקיט בנקיזר (ניר איסט) בעמ,,,יח`,800,"מ""ל",false,1,20.90,2.61,false,1,
7290101866633,false,ג`ל להסרת כתמים וניש קליה (3 ליטר),רקיט בנקיזר (ניר איסט) בעמ,,,יח`,3,1 ליטר,false,1,30.90,10.30,true,1,
7290101868958,false,פיניש נוזל הברקה 800 מל לימון,רקיט בנקיזר (ניר איסט) בעמ,,,יח`,800,"מ""ל",false,1,20.90,2.61,false,1,
7290101994503,false,כרזה  לדלת- פו הדב,שמחה זה אנחנו בעמ,,,יח`,1,,false,1,10.90,10.90,false,1,
7290101999584,false,נרות ג`מבו  כוכבים- הלו קיטי,שמחה זה אנחנו בעמ,,,יח`,1,,false,1,6.90,6.90,false,1,
7290102030330,false,תפוצ`יפס 200 גר` קראנץ` מקסיקני,שטראוס פריטו ליי בעמ,,,יח`,200,גרם,false,1,11.50,5.75,true,1,
7290102031276,false,שמיניית אקטימל תות בננה,שטראוס גרופ בעמ/מצונן,,,יח`,800,"מ""ל",false,1,20.90,2.61,false,1,
7290102032334,false,קפה נמס וניל עלית (200 גרם),שטראוס גרופ בעמ,,,יח`,200,גרם,false,1,21.90,10.95,false,1,
7290102300822,false,גבינת צ`דר אנגלית כתומה 200 גרם,א. סיימן סחר בעמ,,,יח`,200,גרם,false,1,25.90,12.95,true,1,
7290102302253,false,גאודה עיזים 200 גר`,א. סיימן סחר בעמ,,,יח`,200,גרם,false,1,32.90,16.45,true,1,
7290102302864,false,גבינה גאודה פסטו ירוק 200 גר`,א. סיימן סחר בעמ,,,יח`,200,גרם,false,1,32.90,16.45,true,1,
7290102390427,false,יוגורט ביו פרופ 3% תות מולר (150 גרם),החב` המרכזית - טרה,,,יח`,150,"מ""ל",false,1,5.30,3.53,false,1,
7290102390465,false,מולר מעדן אפרסק 150 מל,החב` המרכזית - טרה,,,יח`,150,"מ""ל",false,1,5.30,3.53,false,1,
7290102390489,false,יוגורט ביו פרופ 3% לימון מולר (150 גרם),החב` המרכזית - טרה,,,יח`,150,"מ""ל",false,1,5.30,3.53,false,1,
7290102391844,false,מולר יוגורט פרי פרופ יער 150 מל,החב` המרכזית - טרה,,,יח`,150,"מ""ל",false,1,5.30,3.53,false,1,
7290102392094,false,חלב עיזים מלא 4.1% משק צוריאל (1 ליטר),החב` המרכזית - טרה,,,יח`,1,1 ליטר,false,1,17.40,17.40,false,1,
7290102393039,false,מולר מיקס יוגורט קרמי,החב` המרכזית - טרה,,,יח`,170,גרם,false,1,6.20,3.65,false,1,
7290102393169,false,מולר סימפלי פרויט תות שדה,החב` המרכזית - טרה,,,יח`,150,גרם,false,1,5.30,3.53,true,1,
7290102393176,false,מולר סימפלי פרויט אפרסק,החב` המרכזית - טרה,,,יח`,150,גרם,false,1,5.30,3.53,true,1,
7290102393190,false,מולר סימפלי פרויט פירות היער,החב` המרכזית - טרה,,,יח`,150,גרם,false,1,5.30,3.53,true,1,
7290102393268,false,גבינה לבנה 5% 750  גר`פיקוח,החב` המרכזית - טרה,,,יח`,750,גרם,false,1,14.94,1.99,false,1,
7290102393299,false,יוגורט עיזים 500  גר`לשתיה,החב` המרכזית - טרה,,,יח`,500,גרם,false,1,13.40,2.68,false,1,
7290102393947,false,מולר סימפלי פרויט קיווי,החב` המרכזית - טרה,,,יח`,150,"מ""ל",false,1,5.30,3.53,true,1,
7290102394463,false,גבינה צהובה ואקום 28%,החב` המרכזית - טרה,,,יח`,500,גרם,false,1,29.40,5.88,false,1,
7290102394821,false,גבינה צהובה 200  גר`דק דק 28% אדם נעם,החב` המרכזית - טרה,,,יח`,200,גרם,false,1,17.40,8.70,false,1,
7290102394845,false,גבינה צהובה 200  גר`דק דק 9% נעם,החב` המרכזית - טרה,,,יח`,200,גרם,false,1,17.80,8.90,false,1,
7290102395217,false,מאגדת שמיניי ה במתיקות מעודנת 2%,החב` המרכזית - טרה,,,יח`,1,,false,1,19.20,19.20,false,1,
7290102395224,false,יוגורט ביו נטורל 1.7% מולר (150x8 גרם),החב` המרכזית - טרה,,,יח`,1200,גרם,false,1,18.80,1.57,false,1,
7290102395231,false,יוגורט ביו נטורל 2.8% מולר (150x8 גרם),החב` המרכזית - טרה,,,יח`,1,,false,1,18.80,18.80,false,1,
7290102395446,false,מעדן בטעם וניל עם קצפת מוו (123 גרם),החב` המרכזית - טרה,,,יח`,123,גרם,false,1,3,2.44,false,1,
7290102395477,false,מעדן בטעם שוקולד קצפת מוו (123 גרם),החב` המרכזית - טרה,,,יח`,123,גרם,false,1,3,2.44,false,1,
7290102395521,false,שמנת לבישול 15% 500 מל,החב` המרכזית - טרה,,,יח`,500,"מ""ל",false,1,17.40,3.48,false,1,
7290102396405,false,מעדן בטעם וניל מוו (100x8 גרם),החב` המרכזית - טרה,,,יח`,800,גרם,false,1,14.20,1.78,false,1,
7290102396436,false,מעדן בטעם שוקולד 1.5% שומן מוו (125 גר,החב` המרכזית - טרה,,,יח`,125,גרם,false,1,2.90,2.32,true,1,
7290102396443,false,מעדן בטעם וניל 1.5% שומן מוו (125 גרם),החב` המרכזית - טרה,,,יח`,125,גרם,false,1,2.90,2.32,true,1,
7290102396580,false,מעדן מוו שוקולד ומוס שוקולד,החב` המרכזית - טרה,,,יח`,123,גרם,false,1,3,2.44,false,1,
7290102396597,false,מעדן מוו וניל ומוס שוקולד,החב` המרכזית - טרה,,,יח`,123,גרם,false,1,3,2.44,false,1,
7290102396665,false,גבינה צהובה דקה דקה 15% נעם (200 גרם),החב` המרכזית - טרה,,,יח`,200,גרם,false,1,17.80,8.90,false,1,
7290102396719,false,יוגורט 0% תות סימפלי מולר (150 גרם),החב` המרכזית - טרה,,,יח`,150,גרם,false,1,5.30,3.53,true,1,
7290102397204,false,גבינה צהובה נעם דק דק פתח סגור 200 גר,החב` המרכזית - טרה,,,יח`,200,גרם,false,1,17.80,8.90,false,1,
7290102397310,false,מאגדת שמינייה מיני מוו שוקולד קצפת,החב` המרכזית - טרה,,,יח`,1,,false,1,13.20,13.20,false,1,
7290102397464,false,מולר  נטורל+פקאן גרעינים וחמוציות 150,החב` המרכזית - טרה,,,יח`,150,גרם,false,1,6.20,4.13,false,1,
7290102397600,false,מולר מיקס שקדים ובוטנים בקרמל 170 גרם,החב` המרכזית - טרה,,,יח`,170,גרם,false,1,6.20,3.65,false,1,
7290102397617,false,מולר מיקס קליק 170 גרם,החב` המרכזית - טרה,,,יח`,170,גרם,false,1,6.20,3.65,false,1,
7290102397679,false,קוטג`וחצי 5% 375 גר,החב` המרכזית - טרה,,,יח`,375,גרם,false,1,8.30,2.21,false,1,
7290102397730,false,גבינה צהובה אמנטל 30% נעם (200 גרם),החב` המרכזית - טרה,,,יח`,200,גרם,false,1,17.80,8.90,false,1,
7290102397891,false,גבינה מותכת 100 גר צוריאל,החב` המרכזית - טרה,,,יח`,100,גרם,false,1,7.90,7.90,false,1,
7290102398065,false,חלב קרטון 2 ליטר 3% מהדרין וסט,החב` המרכזית - טרה,,,יח`,2,1 ליטר,false,1,12.46,6.23,false,1,
7290102398331,false,חלב מועשר דל לקטוז 1 ליטר טרה,החב` המרכזית - טרה,,,יח`,1,1 ליטר,false,1,7.50,7.50,false,1,
7290102398553,false,משקה שוקו בקבוק 1.5 ליטר בבקבוק,החב` המרכזית - טרה,,,יח`,1500,"מ""ל",false,1,16.70,1.11,false,1,
7290102398560,false,משקה שוקו מועשר בבקבוק 1 ליטר טרה,החב` המרכזית - טרה,,,יח`,1,1 ליטר,false,1,12.10,12.10,false,1,
7290102398577,false,שוקו מעושר בבקבוק 250 מל טרה,החב` המרכזית - טרה,,,יח`,250,"מ""ל",false,1,5.20,2.08,false,1,
7290102398614,false,משקה חלב בטעם בננה 1 ליטר טרה,החב` המרכזית - טרה,,,יח`,1,1 ליטר,false,1,12.10,12.10,false,1,
7290102398638,false,משקה חלב בטעם מוקה 1 ליטר טרה,החב` המרכזית - טרה,,,יח`,1,1 ליטר,false,1,12.10,12.10,false,1,
7290102398669,false,משקה חלב אייס קפוצינו 1 ליטר טרה,החב` המרכזית - טרה,,,יח`,1,1 ליטר,false,1,12.10,12.10,false,1,
7290102398782,false,משקה סויה קלאסי 1 ליטר משק צוריאל,החב` המרכזית - טרה,,,יח`,1,1 ליטר,false,1,10.90,10.90,false,1,
7290102398799,false,משקה סויה במתיקות מופחת 1 ליטר משק צוריא,החב` המרכזית - טרה,,,יח`,1,1 ליטר,false,1,10.90,10.90,false,1,
7290102398805,false,משקה סויה בטעם וניל 1 ליטר משק צוריאל,החב` המרכזית - טרה,,,יח`,1,1 ליטר,false,1,10.90,10.90,false,1,
7290102398836,false,משקה שקדים קלאסי 1 ליטר משק צוריאל,החב` המרכזית - טרה,,,יח`,1000,"מ""ל",false,1,12.90,1.29,false,1,
7290102399796,false,יוגורט מולר אקטיב לבן חלבון 25 גר,החב` המרכזית - טרה,,,יח`,200,גרם,false,1,6.20,3.10,true,1,
7290102399802,false,יוגורט מולר אקטיב תות חלבון 20גר,החב` המרכזית - טרה,,,יח`,200,גרם,false,1,6.20,3.10,true,1,
7290102399819,false,יוגורט מולר אקטיב פירות יער חלבון 20גר,החב` המרכזית - טרה,,,יח`,200,גרם,false,1,6.20,3.10,true,1,
7290102840175,false,אינסטנט פודינג בטעם וניל מיה (85 גרם),מיה תעשיות מזון מ.ת.מ. בעמ,,,יח`,85,גרם,false,1,5,5.88,false,1,
7290102840182,false,פודינג בטעם שוקולד 85  גר`מיה,מיה תעשיות מזון מ.ת.מ. בעמ,,,יח`,85,גרם,false,1,5,5.88,false,1,
7290102840205,false,ג`לי בטעם תות 90  גר`מיה,מיה תעשיות מזון מ.ת.מ. בעמ,,,יח`,90,גרם,false,1,5,5.56,false,1,
7290103120658,false,ספיד סטיק 24/7 גל שחור,ש.שסטוביץ בעמ,,,יח`,85,גרם,false,1,16.90,19.88,false,1,
7290103126797,false,קולגייט סנסיטיב פרו ריליף 75 מל,ש.שסטוביץ בעמ,,,יח`,110,גרם,false,1,19.90,18.09,false,1,
7290103152956,false,פאלאס תבנית גדולה/רחבה/עמוקה/עגולה,פאלאס תעשיות נטו (2014) בעמ,,,יח`,1,,false,1,1.60,1.60,true,1,
7290103152987,false,פאלאס תבניות אלומיניום קטן/אינגליש,פאלאס תעשיות נטו (2014) בעמ,,,יח`,1,,false,1,1.30,1.30,true,1,
7290103153656,false,מפה 45 מטר סופר עבה פאלאס,פאלאס תעשיות נטו (2014) בעמ,,,יח`,1,,false,1,36.70,36.70,false,1,
7290103156466,false,כפות חד פעמיות לפיד (100),פאלאס תעשיות נטו (2014) בעמ,,,יח`,1,,false,1,10.90,10.90,true,1,
7290103156473,false,כפיות לפיד (100),פאלאס תעשיות נטו (2014) בעמ,,,יח`,1,,false,1,10.90,10.90,true,1,
7290103156480,false,מזלג חד פעמי לפיד (100),פאלאס תעשיות נטו (2014) בעמ,,,יח`,1,,false,1,10.90,10.90,true,1,
7290103156497,false,סכין חד פעמי לפיד (100),פאלאס תעשיות נטו (2014) בעמ,,,יח`,1,,false,1,10.90,10.90,true,1,
7290103400194,false,כרוב לבן 400 ג בדצ ירקות שטראוס טעם הטבע,שטראוס גרופ בעמ/מצונן,,,יח`,400,גרם,false,1,9,2.25,false,1,
7290103401429,false,קפה PLATINUM ברזילאי 200 גר,שטראוס גרופ בעמ,,,יח`,200,גרם,false,1,24.90,12.45,true,1,
7290103404758,false,כרוב אדום במיונז אחלה (120 גרם),שטראוס גרופ בעמ/מצונן,,,יח`,120,גרם,false,1,5.10,4.25,false,1,
7290103408206,false,עלי חסה ערבית שטופים 250 גר טעם הטבע,שטראוס גרופ בעמ/מצונן,,,יח`,250,גרם,false,1,10.10,4.04,false,1,
7290103702212,false,טאצ ממחטות כיס,שניב תעשיות נייר בעמ,,,יח`,1,,false,1,7.50,7.50,false,1,
7290103702649,false,ממחטות עדן חמישייה,שניב תעשיות נייר בעמ,,,יח`,1,,false,1,12.90,12.90,false,1,
7290103702663,false,מגבות מטבח לובלי שמנייה,שניב תעשיות נייר בעמ,,,יח`,1,,false,1,14.90,14.90,false,1,
7290103702779,false,מפיות  טאצ`150 יח,שניב תעשיות נייר בעמ,,,יח`,1,,false,1,8.50,8.50,false,1,
7290103704155,false,מגבות  טאצ`6,שניב תעשיות נייר בעמ,,,יח`,1,,false,1,11.90,11.90,false,1,
7290103704568,false,נייר טואלט  טאצ`40 גלילים פרמיום,שניב תעשיות נייר בעמ,,,יח`,1,,false,1,32.90,32.90,false,1,
7290103704575,false,טואלט  טאצ`48 פרמיום,שניב תעשיות נייר בעמ,,,יח`,1,,false,1,38.90,38.90,false,1,
7290103746001,false,ממחטות  טאצ`חמישייה צבעוני 500 דף,שניב תעשיות נייר בעמ,,,יח`,1,,false,1,13.90,13.90,false,1,
7290104061417,false,חומוס עם טחינה אחלה (400 גרם),שטראוס גרופ בעמ/מצונן,,,יח`,400,גרם,false,1,12.10,3.03,false,1,
7290104061424,false,חומוס וזעתר אחלה (400 גרם),שטראוס גרופ בעמ/מצונן,,,יח`,400,גרם,false,1,12.10,3.03,false,1,
7290104061431,false,חומוס עם צנובר אחלה (400 גרם),שטראוס גרופ בעמ/מצונן,,,יח`,400,גרם,false,1,12.10,3.03,false,1,
7290104061448,false,חומוס וחריף אחלה (400 גרם),שטראוס גרופ בעמ/מצונן,,,יח`,400,גרם,false,1,12.10,3.03,false,1,
7290104062599,false,מעדן בטעם תות בננה גמדים (100x8 גרם),שטראוס גרופ בעמ/מצונן,,,יח`,800,"מ""ל",false,1,19.20,2.40,false,1,
7290104065934,false,עלי רוקט שטראוס 150 גר`-טעם הטבע,שטראוס גרופ בעמ/מצונן,,,יח`,150,גרם,false,1,10.50,7,false,1,
7290104066566,false,טחינה משומשום מלא אחלה (500 גרם),שטראוס גרופ בעמ/מצונן,,,יח`,500,גרם,false,1,15.60,3.12,true,1,
7290104067693,false,חומוס אחלה עם תוספת חריף 150 גר,שטראוס גרופ בעמ/מצונן,,,יח`,150,גרם,false,1,6.10,4.07,false,1,
7290104501661,false,פודינג בטעם וניל צרפתי 80  גר`אסם,קבוצת אסם סחר שות. מוגבלת,,,יח`,80,גרם,false,1,6.80,8.50,false,1,
7290104504228,false,דובונים חטיף תפוחי אדמה אסם (20x5 גרם),קבוצת אסם סחר שות. מוגבלת,,,יח`,100,גרם,false,1,15.20,15.20,true,1,
7290104508189,false,גביעי גלידה אסם) (24,קבוצת אסם סחר שות. מוגבלת,,,יח`,95,גרם,false,1,15.20,16,false,1,
7290104508943,false,במבה אסם (200 גרם),קבוצת אסם סחר שות. מוגבלת,,,יח`,200,גרם,false,1,10.50,5.25,true,1,
7290104570162,false,תמר כבוש 500  גר`בית שאן שוקחה,בני ג`ורג` שוקחה (חיפה) בעמ,,,יח`,500,גרם,false,1,13.90,2.78,false,1,
7290104720499,false,מארז 8 דני וניל,שטראוס גרופ בעמ/מצונן,,,יח`,1,1 ליטר,false,1,16.80,16.80,false,1,
7290104721762,false,קפה טורקי עלית (85x3 גרם),שטראוס גרופ בעמ,,,יח`,255,גרם,false,1,19.90,7.80,false,1,
7290104721953,false,לקט מסולסלים 350 גרם שטראוס טעם הטבע,שטראוס גרופ בעמ/מצונן,,,יח`,350,גרם,false,1,13.50,3.86,false,1,
7290104722530,false,תפוצ`יפס 200 גר` שמנת בצל,שטראוס פריטו ליי בעמ,,,יח`,200,גרם,false,1,11.50,5.75,true,1,
7290104728310,false,שמנת עמידה לקצפת 38% שומן 250 מל,שטראוס גרופ בעמ/מצונן,,,יח`,250,"מ""ל",false,1,6.47,2.59,false,1,
7290104729003,false,שמן זית כתית מעולה יד מרדכי (750 מל),שטראוס גרופ בעמ,,,יח`,750,"מ""ל",false,1,34.90,4.65,true,1,
7290104851223,false,צלחת מרק קרם 25 יח פאלאס,פאלאס תעשיות נטו (2014) בעמ,,,יח`,1,,false,1,12.90,12.90,true,1,
7290104851612,false,צלחת לפתן קרם 25 יח פאלאס,פאלאס תעשיות נטו (2014) בעמ,,,יח`,1,,false,1,7.90,7.90,true,1,
7290104851964,false,מפת שולחן עבה במיוחד 6  יח`פאלאס,פאלאס תעשיות נטו (2014) בעמ,,,יח`,1,,false,1,9.90,9.90,false,1,
7290104851971,false,מפת שולחן עבה במיוחד 8 יח פאלאס,פאלאס תעשיות נטו (2014) בעמ,,,יח`,1,,false,1,9.90,9.90,false,1,
7290104960239,false,תחליב רחצה בניחוח קמומיל נקה  (7507 מל),החברה הדרומית לשיווק בעמ,,,יח`,750,"מ""ל",false,1,11.90,1.59,true,1,
7290104960246,false,תחליב רחצה נקה 7 ורוד ורד,החברה הדרומית לשיווק בעמ,,,יח`,750,"מ""ל",false,1,11.90,1.59,true,1,
7290104960352,false,תחליב רחצה נקה 7 וניל שקד,החברה הדרומית לשיווק בעמ,,,יח`,750,"מ""ל",false,1,11.90,1.59,true,1,
7290104961878,false,שמפו קרטין טהור נטורל פורמולה (400 מל),החברה הדרומית לשיווק בעמ,,,יח`,400,"מ""ל",false,1,31.90,7.98,false,1,
7290104961885,false,מרכך קרטין נטורל פורמולה (400 מל),החברה הדרומית לשיווק בעמ,,,יח`,400,"מ""ל",false,1,31.90,7.98,false,1,
7290104965647,false,דאו נושם רול און קרליין sweet kiss,החברה הדרומית לשיווק בעמ,,,יח`,75,גרם,false,1,13.90,18.53,true,1,
7290105360328,false,קפסולות 10 חזק ועוצמתי עלית) (10,שטראוס גרופ בעמ,,,יח`,50,גרם,false,1,18.50,37,true,1,
7290105360335,false,קפסולות 7 עדין וקטיפתי עלית) (10,שטראוס גרופ בעמ,,,יח`,50,גרם,false,1,18.50,37,true,1,
7290105362339,false,שמנת לבישול 15% יטבתה (250 מל),שטראוס גרופ בעמ/מצונן,,,יח`,250,"מ""ל",false,1,8.60,3.44,true,1,
7290105363602,false,מקלות כיף כף קלאסי עלית (40 גרם),שטראוס גרופ בעמ,,,יח`,40,גרם,false,1,5.70,14.25,true,1,
7290105364289,false,כיף כף מקלות פצפוצים,שטראוס גרופ בעמ,,,יח`,40,גרם,false,1,5.70,14.25,true,1,
7290105364302,false,מקלות כיף כף אגוזים עלית (42 גרם),שטראוס גרופ בעמ,,,יח`,42,גרם,false,1,5.70,13.57,true,1,
7290105366023,false,חצילים בטעם כבד אחלה (400 גרם),שטראוס גרופ בעמ/מצונן,,,יח`,400,גרם,false,1,16.20,4.05,true,1,
7290105366047,false,טחינה לבנה אחלה (400 גרם),שטראוס גרופ בעמ/מצונן,,,יח`,400,גרם,false,1,16.20,4.05,true,1,
7290105366993,false,סימפוניה 200 גר פלפל שיפקה חריף,שטראוס גרופ בעמ/מצונן,,,יח`,200,גרם,false,1,12.20,6.10,false,1,
7290105368904,false,שמנת עמידה לקצפת 32% שומן,שטראוס גרופ בעמ/מצונן,,,יח`,250,"מ""ל",false,1,7.70,3.08,false,1,
7290105368928,false,שמנת חמוצה 9% יטבתה (200 מל),שטראוס גרופ בעמ/מצונן,,,יח`,200,"מ""ל",false,1,3.20,1.60,false,1,
7290105431516,false,חטיף תמרים ובוטנים פרי (5  יח`- 125 גרם),ש.שסטוביץ בעמ,,,יח`,125,גרם,false,1,16.90,13.52,false,1,
7290105436382,false,פרי מארז 5 תמרים קשיו,ש.שסטוביץ בעמ,,,יח`,125,גרם,false,1,16.90,13.52,false,1,
7290105439499,false,מיונז הולנדי מאסטר שף (483 גר`),ש.שסטוביץ בעמ,,,יח`,483,גרם,false,1,12.50,2.59,false,1,
7290105439505,false,מיונז לייט 479 גר מנה מאסטר שף,ש.שסטוביץ בעמ,,,יח`,479,גרם,false,1,12.90,2.69,false,1,
7290105439581,false,חרדל דיז`ון צרפתי מאסטר שף (370 גרם),ש.שסטוביץ בעמ,,,יח`,370,גרם,false,1,12.90,3.49,false,1,
7290105691224,false,חטיף טורטיה שום ובצל אסם (60 גרם),קבוצת אסם סחר שות. מוגבלת,,,יח`,60,גרם,false,1,9,15,true,1,
7290105691248,false,חטיף טורטיה תירס אסם (60 גרם),קבוצת אסם סחר שות. מוגבלת,,,יח`,60,גרם,false,1,9,15,true,1,
7290105691934,false,קמח שמרים אסם (1 קג),קבוצת אסם סחר שות. מוגבלת,,,יח`,1,"ק""ג",false,1,12.20,12.20,false,1,
7290105693341,false,במבה אסם (25x10 גרם),קבוצת אסם סחר שות. מוגבלת,,,יח`,250,גרם,false,1,17.30,6.92,true,1,
7290105693457,false,עוגת הבית דמקה שוקו וניל 320  גר`בחושות,קבוצת אסם סחר שות. מוגבלת,,,יח`,320,גרם,false,1,12.50,3.91,false,1,
7290105693952,false,פירורית זהב שומשום אסם (200 גרם),קבוצת אסם סחר שות. מוגבלת,,,יח`,200,גרם,false,1,7.50,3.75,false,1,
7290105695024,false,פתיתים אפויים 500 גר` אורז עם אטריות אסם,קבוצת אסם סחר שות. מוגבלת,,,יח`,1,,false,1,7.70,7.70,true,1,
7290105695321,false,עוגת בראוניז פאדג`,קבוצת אסם סחר שות. מוגבלת,,,יח`,400,גרם,false,1,19.60,4.90,false,1,
7290105695895,false,עוגת הבית דמקה דבש אסם (320 גרם),קבוצת אסם סחר שות. מוגבלת,,,יח`,320,גרם,false,1,12.50,3.91,false,1,
7290105964564,false,חומוס אחלה (400 גרם),שטראוס גרופ בעמ/מצונן,,,יח`,400,גרם,false,1,9.10,2.28,false,1,
7290105965738,false,דנונה לשתיה תות בננה,שטראוס גרופ בעמ/מצונן,,,יח`,263,"מ""ל",false,1,5.20,1.98,false,1,
7290105968098,false,סלט קולסלאו אחלה (500 גרם),שטראוס גרופ בעמ/מצונן,,,יח`,500,גרם,false,1,16.80,3.36,true,1,
7290105968654,false,רביולי עם בטטה פרווה שטראוס (400 גרם),שטראוס גרופ בעמ/מצונן,,,יח`,400,גרם,false,1,21.70,5.43,true,1,
7290105968777,false,אנרג`י פריכיות תחתית שוקולד מריר,שטראוס גרופ בעמ,,,יח`,80,גרם,false,1,9.40,11.75,false,1,
7290106520066,false,רבע לשבע - רגיל,שטראוס גרופ בעמ,,,יח`,160,גרם,false,1,14.20,8.88,false,1,
7290106520905,false,סלט טורקי אחלה (400 גרם),שטראוס גרופ בעמ/מצונן,,,יח`,400,גרם,false,1,17.20,4.30,true,1,
7290106524439,false,חטיף פופס תפוצ`יפס (60 גרם),שטראוס פריטו ליי בעמ,,,יח`,60,גרם,false,1,4,6.67,false,1,
7290106525368,false,רבע לשבע שחור לבן 160 גר`,שטראוס גרופ בעמ,,,יח`,125,גרם,false,1,14.20,11.36,false,1,
7290106525399,false,קפסולות קפה עליתברזיל)(10,שטראוס גרופ בעמ,,,יח`,50,גרם,false,1,18.50,37,true,1,
7290106526822,false,אנרג`י פריכיות תחתית שוקולד,שטראוס גרופ בעמ,,,יח`,70,גרם,false,1,9.40,13.43,false,1,
7290106528567,false,חטיף תירס גריל דוריטוס (185 גרם),שטראוס פריטו ליי בעמ,,,יח`,185,גרם,false,1,7.90,4.27,false,1,
7290106528628,false,חטיף תירס בטעם טבעי דוריטוס (185 גרם),שטראוס פריטו ליי בעמ,,,יח`,185,גרם,false,1,7.90,4.27,false,1,
7290106528949,false,סלט ערוגות שטראוס 450 גר`-טעם הטבע,שטראוס גרופ בעמ/מצונן,,,יח`,450,גרם,false,1,11.80,2.62,false,1,
7290106572027,false,קרקר לחמית חמישה דגנים אסם (190 גרם),קבוצת אסם סחר שות. מוגבלת,,,יח`,190,גרם,false,1,10,5.26,true,1,
7290106573277,false,קריספי טאפאס זיתים,קבוצת אסם סחר שות. מוגבלת,,,יח`,150,גרם,false,1,13.20,8.80,false,1,
7290106573598,false,חומוס לבנוני צבר (400 גרם),קבוצת אסם סחר שות. מוגבלת,,,יח`,400,גרם,false,1,13.30,3.33,false,1,
7290106573628,false,חומוס עם טחינה צבר (400 גרם),קבוצת אסם סחר שות. מוגבלת,,,יח`,400,גרם,false,1,13.30,3.33,false,1,
7290106574793,false,עוגת הבית שוקוצ`יפס אסם (350 גרם),קבוצת אסם סחר שות. מוגבלת,,,יח`,350,גרם,false,1,12.50,3.57,false,1,
7290106574953,false,בייגלה שטוחים עם שומשום,קבוצת אסם סחר שות. מוגבלת,,,יח`,300,גרם,false,1,10.10,3.37,true,1,
7290106574977,false,בייגלה שטוחים טבעות עם מלח אסם (300 גר,קבוצת אסם סחר שות. מוגבלת,,,יח`,300,גרם,false,1,10.10,3.37,true,1,
7290106575257,false,עוגת הבית סופלה טעם שוקולד,קבוצת אסם סחר שות. מוגבלת,,,יח`,340,גרם,false,1,12.50,3.68,false,1,
7290106575431,false,עוגת הבית סופלה טעם שוקו וניל,קבוצת אסם סחר שות. מוגבלת,,,יח`,340,גרם,false,1,12.50,3.68,false,1,
7290106576513,false,חומוס צבר (400 גרם),קבוצת אסם סחר שות. מוגבלת,,,יח`,500,גרם,false,1,12.20,2.44,false,1,
7290106576537,false,חומוס מסעדה צבר (700 גרם),קבוצת אסם סחר שות. מוגבלת,,,יח`,700,גרם,false,1,10.90,1.56,false,1,
7290106576919,false,לה קרמריה 1.4 סורבה תות לימון,נגה גלידות שותפות מוגבלת,,,יח`,1.40,1 ליטר,false,1,23.40,16.71,true,1,
7290106576971,false,לה קרמריה 1.4 שוקולד,נגה גלידות שותפות מוגבלת,,,יח`,1.40,1 ליטר,false,1,23.40,16.71,true,1,
7290106576995,false,לה קרמריה 1.4 סורבה לייט,נגה גלידות שותפות מוגבלת,,,יח`,1.40,1 ליטר,false,1,23.40,16.71,true,1,
7290106577282,false,טחינה אמיתית צבר (400 גרם),קבוצת אסם סחר שות. מוגבלת,,,יח`,400,גרם,false,1,12.50,3.13,false,1,
7290106577527,false,צבר מרובע קולסלו 400 גר`,קבוצת אסם סחר שות. מוגבלת,,,יח`,400,גרם,false,1,12.80,3.20,false,1,
7290106577541,false,סלט כרוב אדום צבר (400 גרם),קבוצת אסם סחר שות. מוגבלת,,,יח`,400,גרם,false,1,11.80,2.95,false,1,
7290106578692,false,במבה ביסלי מיקס 80 גר`,קבוצת אסם סחר שות. מוגבלת,,,יח`,80,גרם,false,1,4.40,5.50,true,1,
7290106578821,false,עוגת הבית שמרים שוקולד קלאסית,קבוצת אסם סחר שות. מוגבלת,,,יח`,350,גרם,false,1,19.30,5.51,false,1,
7290106653689,false,לקט לסלט אסייתי 350 גר`-טעם הטבע,שטראוס גרופ בעמ/מצונן,,,יח`,350,גרם,false,1,11.20,3.20,false,1,
7290106654099,false,מארז מילקי CAKE שמיניה,שטראוס גרופ בעמ/מצונן,,,יח`,272,גרם,false,1,20.30,7.46,false,1,
7290106656734,false,חיוכים וניל600 גר בדצ,שטראוס גרופ בעמ,,,יח`,600,גרם,false,1,19.30,3.22,false,1,
7290106663091,false,לאבנה 9% שטראוס (500 גרם),שטראוס גרופ בעמ/מצונן,,,יח`,500,גרם,false,1,18.30,3.66,false,1,
7290106663503,false,קונפיטורת תות לייט יד מרדכי (230 גרם),שטראוס גרופ בעמ,,,יח`,230,גרם,false,1,12.90,5.61,false,1,
7290106664067,false,לאבנה שמן זית וזעתר %10שומן,שטראוס גרופ בעמ/מצונן,,,יח`,400,גרם,false,1,15.50,3.88,false,1,
7290106664562,false,רוטב שמנת עם פטריות 9% יטבתה (250 מל),שטראוס גרופ בעמ/מצונן,,,יח`,250,"מ""ל",false,1,10.10,4.04,true,1,
7290106668577,false,יד מרדכי מיץ לימון 250 מל,שטראוס גרופ בעמ,,,יח`,250,"מ""ל",false,1,7.90,3.16,true,1,
7290106668713,false,יוגורט 3% פירות יער דנונה (150 גרם),שטראוס גרופ בעמ/מצונן,,,יח`,150,גרם,false,1,3.90,2.60,false,1,
7290106720626,false,חטיף תירס בטעם גבינה צ`יטוס (80 גרם),שטראוס פריטו ליי בעמ,,,יח`,80,גרם,false,1,5,6.25,false,1,
7290106721913,false,מאסט ללא סוכר צנצנת,שטראוס גרופ בעמ,,,יח`,66,גרם,false,1,11.50,17.42,true,1,
7290106723689,false,עלי תרד בייבי 200 גר`שטראוס טעם הטבע,שטראוס גרופ בעמ/מצונן,,,יח`,200,גרם,false,1,11.20,5.60,false,1,
7290106725867,false,סירופ מייפל טהור ללס יד מרדכי 189 גר,שטראוס גרופ בעמ,,,יח`,189,"מ""ל",false,1,31.60,16.72,true,1,
7290106729650,false,יוגורט תות 3% דנונה (150x8 גרם),שטראוס גרופ בעמ/מצונן,,,יח`,1200,גרם,false,1,25.90,2.16,false,1,
7290107280013,false,מגבוני בד לחים ליטופים) (72x5,החברה הדרומית לשיווק בעמ,,,יח`,1,,false,1,20.90,20.90,true,1,
7290107280020,false,מטליות לחות לניקוי כללי סושי סנו) (50x3,החברה הדרומית לשיווק בעמ,,,יח`,1,,false,1,19.90,19.90,true,1,
7290107280099,false,מגבוני טואלט לחים סנו סופט) (48x3,החברה הדרומית לשיווק בעמ,,,יח`,1,,false,1,15.90,15.90,false,1,
7290107280129,false,שקיות אשפה חזקות 90x78 סנו סושי) (20,החברה הדרומית לשיווק בעמ,,,יח`,1,,false,1,24.90,24.90,false,1,
7290107280341,false,ריצפז פרש מטליות חד פעמיות ניחוח מלון מפ,החברה הדרומית לשיווק בעמ,,,יח`,1,,false,1,12.90,12.90,true,1,
7290107280563,false,ג`ל בייבי סנו אוקסיג`ן (3 ליטר),החברה הדרומית לשיווק בעמ,,,יח`,3,1 ליטר,false,1,32.60,10.87,true,1,
7290107280570,false,מקסימה ג`ל כביסהבלי להפריד,החברה הדרומית לשיווק בעמ,,,יח`,3,1 ליטר,false,1,34.60,11.53,true,1,
7290107280600,false,ספארק טבליות למדיח סנו) (100,החברה הדרומית לשיווק בעמ,,,יח`,1,,false,1,50.90,50.90,true,1,
7290107280709,false,ספארק נוזל הברקה למדיח סנו (700 מל),החברה הדרומית לשיווק בעמ,,,יח`,900,"מ""ל",false,1,17.30,1.92,true,1,
7290107280723,false,נוזל לניקוי כלים לימון 700 מל,החברה הדרומית לשיווק בעמ,,,יח`,700,"מ""ל",false,1,8.90,1.27,true,1,
7290107280747,false,נוזל לניקוי כלים קלאסי 700 מל,החברה הדרומית לשיווק בעמ,,,יח`,700,"מ""ל",false,1,8.90,1.27,true,1,
7290107280761,false,נוזל לניקוי כלים בניחוח לימון 1ליטר,החברה הדרומית לשיווק בעמ,,,יח`,1,1 ליטר,false,1,12.20,12.20,false,1,
7290107645584,false,מרק עוף רכיבים טבעיים 400  גר`קנור,יוניליוור ישראל שיווק בעמ,,,יח`,400,גרם,false,1,29.50,7.38,true,1,
7290107645591,false,מרק טעם עוף רכיבים טבעיים 400  גר`קנור,יוניליוור ישראל שיווק בעמ,,,יח`,400,גרם,false,1,18.30,4.58,true,1,
7290107646154,false,מאגדת חטיפי ילדים קוקומן פצפוצים שישייה,יוניליוור ישראל שיווק בעמ,,,יח`,126,גרם,false,1,16.30,12.94,true,1,
7290107646826,false,מאגדת חטיפי ילדים שוגי שוקו שישייה,יוניליוור ישראל שיווק בעמ,,,יח`,156,גרם,false,1,16.30,10.45,true,1,
7290107646963,false,ממרח ספייסי מיו 250  גר`תלמה.,יוניליוור ישראל שיווק בעמ,,,יח`,250,גרם,false,1,7.90,3.16,true,1,
7290107647816,false,ברנפלקס ללתס 500  גר`בדצ,יוניליוור ישראל שיווק בעמ,,,יח`,500,גרם,false,1,23.40,4.68,true,1,
7290107648943,false,ברנפלקס קרנצ`ים מייפל 375 גר`,יוניליוור ישראל שיווק בעמ,,,יח`,375,גרם,false,1,24.40,6.51,true,1,
7290107871990,false,פסטה צינורות מהדרין אסם (500 גרם),קבוצת אסם סחר שות. מוגבלת,,,יח`,500,גרם,false,1,6.10,1.22,true,1,
7290107874502,false,ביסלי חטיף בטעם גריל אסם (55x4 גרם),קבוצת אסם סחר שות. מוגבלת,,,יח`,220,גרם,false,1,13.20,6,true,1,
7290107875158,false,אסם-מארז במבה קלאסי.,קבוצת אסם סחר שות. מוגבלת,,,יח`,240,גרם,false,1,14.20,5.92,false,1,
7290107875271,false,ביסלי ברביקיו מארז 4יח*55גרם,קבוצת אסם סחר שות. מוגבלת,,,יח`,220,גרם,false,1,13.20,6,true,1,
7290107875400,false,לה קרמריה 1.4 פיסטוק מוקה פרווה בדצ,נגה גלידות שותפות מוגבלת,,,יח`,1.40,1 ליטר,false,1,23.40,16.71,true,1,
7290107877619,false,במבה במילוי נוגט אסם (30x5 גרם),קבוצת אסם סחר שות. מוגבלת,,,יח`,150,גרם,false,1,16.30,10.87,true,1,
7290107879569,false,מאגדת לה פרוטה מנגו,נגה גלידות שותפות מוגבלת,,,יח`,350,גרם,false,1,28.50,8.14,false,1,
7290107930321,false,קונפיטורת דובדבן יד מרדכי (340 גרם),שטראוס גרופ בעמ,,,יח`,340,גרם,false,1,12.90,3.79,false,1,
7290107932080,false,חלב 3% מועשר בבקבוק יטבתה (1 ליטר),שטראוס גרופ בעמ/מצונן,,,יח`,1000,"מ""ל",false,1,7.80,0.78,false,1,
7290107932134,false,חלב מועשר 1% בבקבוק יטבתה (1 ליטר),שטראוס גרופ בעמ/מצונן,,,יח`,1000,"מ""ל",false,1,7.80,0.78,false,1,
7290107933155,false,לקט סלנובה 200 גר ירקות שטראוס טעם הטבע,שטראוס גרופ בעמ/מצונן,,,יח`,200,גרם,false,1,13.20,6.60,false,1,
7290107936309,false,דנונה יווני לבן 7%,שטראוס גרופ בעמ/מצונן,,,יח`,130,גרם,false,1,3.50,2.69,false,1,
7290107936958,false,עד חצות אצבעות 125  גר`עלית,שטראוס גרופ בעמ,,,יח`,125,גרם,false,1,12.20,9.76,false,1,
7290107937542,false,משקה אקטייביה תות 1.2%,שטראוס גרופ בעמ/מצונן,,,יח`,250,"מ""ל",false,1,4.90,1.96,false,1,
7290107937627,false,צנצנת קוביות ספירמינט גומי לעיסה 58גר,שטראוס גרופ בעמ,,,יח`,58,גרם,false,1,11.50,19.83,true,1,
7290107937856,false,קפסולות קפה עלית 100% גואטמלה) (10,שטראוס גרופ בעמ,,,יח`,50,גרם,false,1,18.50,37,true,1,
7290107939027,false,גזר דק דק 250 גר שטראוס ירקות טעם הטבע,שטראוס גרופ בעמ/מצונן,,,יח`,250,גרם,false,1,7.90,3.16,false,1,
7290107940467,false,אקטיביה יוגורט קרמי 1.5% דנונה (200 גרם),שטראוס גרופ בעמ/מצונן,,,יח`,200,גרם,false,1,4.20,2.10,false,1,
7290107941259,false,עדשים ירוקות מבושלות 475 גר ירקות שטראוס,שטראוס גרופ בעמ/מצונן,,,יח`,475,גרם,false,1,13.20,2.78,false,1,
7290107941266,false,שעועית אדומה מבושלת 475 גר ירקות שטראוס,שטראוס גרופ בעמ/מצונן,,,יח`,475,גרם,false,1,14.90,3.14,false,1,
7290107943369,false,קוואקר שיבולת שועל ללא גולטן 511 גר`,שטראוס פריטו ליי בעמ,,,יח`,511,גרם,false,1,21.40,4.19,false,1,
7290107944472,false,סימפוניה 200 גר שום שמיר 5%,שטראוס גרופ בעמ/מצונן,,,יח`,200,גרם,false,1,12.20,6.10,false,1,
7290107950190,false,מעדן שטראוס דיאט שוקולד מריר,שטראוס גרופ בעמ/מצונן,,,יח`,130,גרם,false,1,3.30,2.54,false,1,
7290107950206,false,מעדן שטראוס דיאט שוקולד 0%,שטראוס גרופ בעמ/מצונן,,,יח`,130,גרם,false,1,3.30,2.54,false,1,
7290107951104,false,בפלות שוקולד 200  גר`עלית,שטראוס גרופ בעמ,,,יח`,200,גרם,false,1,4.90,2.45,false,1,
7290107951715,false,צנצנת קוביות ענבים 58 גר,שטראוס גרופ בעמ,,,יח`,58,גרם,false,1,11.50,19.83,true,1,
7290107953559,false,מארז טורקי לדרך כשלפ,שטראוס גרופ בעמ,,,יח`,168,גרם,false,1,19.50,11.61,false,1,
7290107956901,false,קפסולות אספרסו בטעם אגוזים עלית,שטראוס גרופ בעמ,,,יח`,50,גרם,false,1,18.50,37,true,1,
7290107956925,false,קפסולות קפה עלית אוגנדה 13 למכונות נספרו,שטראוס גרופ בעמ,,,יח`,50,גרם,false,1,18.50,37,true,1,
7290107957991,false,מילקי מיניייס cake,שטראוס גרופ בעמ/מצונן,,,יח`,144,גרם,false,1,13.90,9.65,false,1,
7290107958035,false,מארז 8 דנונה מתיקות מעודנת ללא סוכר וממת,שטראוס גרופ בעמ/מצונן,,,יח`,1.20,1 ליטר,false,1,18.90,15.75,false,1,
7290107973861,false,מארז עגבניות קצוצות דק שלישייה מנה מאסט,ש.שסטוביץ בעמ,,,יח`,1200,גרם,false,1,16.90,1.41,false,1,
7290107974073,false,עלי טורטיה קמח לבן 320 גר` מנה מאסטר שף,ש.שסטוביץ בעמ,,,יח`,320,גרם,false,1,11.20,3.50,false,1,
7290107974080,false,עלי טורטיה קמח לבן 744  גר`מנה מאסטר שף,ש.שסטוביץ בעמ,,,יח`,744,גרם,false,1,16.90,2.27,false,1,
7290107974820,false,ממרח מתובל ספייסי 252 גר מנה מאסטר שף,ש.שסטוביץ בעמ,,,יח`,252,גרם,false,1,9.10,3.61,false,1,
7290107975292,false,ליידי ספיד סטיק נערות ורוד 65 גר`,ש.שסטוביץ בעמ,,,יח`,65,גרם,false,1,19.90,30.62,true,1,
7290107975360,false,ליידי ספיד סטיק פיור פרש ג`ל 24/7,ש.שסטוביץ בעמ,,,יח`,65,"מ""ל",false,1,18.90,29.08,false,1,
7290107977753,false,מרידול משחת שיינים פרודונט אקספרט 75 מל,ש.שסטוביץ בעמ,,,יח`,75,"מ""ל",false,1,25.90,34.53,false,1,
7290107978347,false,מאסטר שף איטריות בינוניות 400 גר,ש.שסטוביץ בעמ,,,יח`,400,גרם,false,1,6.90,1.73,false,1,
7290107978453,false,קראנצוס גריל 55 גר`,ש.שסטוביץ בעמ,,,יח`,55,גרם,false,1,3.50,6.36,true,1,
7290107978460,false,קראנצוס פלאפל 55 גר`,ש.שסטוביץ בעמ,,,יח`,55,גרם,false,1,3.50,6.36,true,1,
7290108350128,false,סושי-שקיות אשפה חזקות במיוחד,החברה הדרומית לשיווק בעמ,,,יח`,1,,false,1,24.90,24.90,false,1,
7290108350616,false,סנו מקסימה מרכך 1 ליטר blue blossom,החברה הדרומית לשיווק בעמ,,,יח`,1,1 ליטר,false,1,18.90,18.90,true,1,
7290108350623,false,מקסימה מרכך כביסה סופט סילק סנו (1 ליטר),החברה הדרומית לשיווק בעמ,,,יח`,1,1 ליטר,false,1,18.90,18.90,true,1,
7290108351149,false,סנו ג`ט פלוס לניקוי כללי ורצפות בתוספת,החברה הדרומית לשיווק בעמ,,,יח`,1.50,1 ליטר,false,1,13.90,9.27,true,1,
7290108351507,false,מרכך כביסה מקסימה Soft Silk,החברה הדרומית לשיווק בעמ,,,יח`,4,1 ליטר,false,1,22.40,5.60,true,1,
7290108351514,false,מרכך כביסה מקסימה 4 ליטר Blue Dlosson,החברה הדרומית לשיווק בעמ,,,יח`,4000,"מ""ל",false,1,22.40,0.56,true,1,
7290108351552,false,ג`ט פלוס לניקוי כללי+חומץ 750 ל סנו,החברה הדרומית לשיווק בעמ,,,יח`,750,"מ""ל",false,1,14.90,1.99,true,1,
7290108351583,false,ג`ט פלוס לניקוי אסלות+חומץ  750 ל סנו,החברה הדרומית לשיווק בעמ,,,יח`,750,"מ""ל",false,1,10.90,1.45,true,1,
7290108351590,false,סנופרש הום נטול גז 350 מל הום בלו בלוסו,החברה הדרומית לשיווק בעמ,,,יח`,350,"מ""ל",false,1,12.90,3.69,true,1,
7290108351606,false,סנופרש הום נטול גז 350 מל הום סופט סילק,החברה הדרומית לשיווק בעמ,,,יח`,350,"מ""ל",false,1,12.90,3.69,true,1,
7290108351613,false,ריצפז פרש הום בניחות מלון חלומי 2 ליטר,החברה הדרומית לשיווק בעמ,,,יח`,2,1 ליטר,false,1,22.90,11.45,true,1,
7290108351699,false,מגבונים  ג`ט+ חומץ מארז שלישייה,החברה הדרומית לשיווק בעמ,,,יח`,1,,false,1,20.90,20.90,true,1,
7290108351781,false,ג`ט פלוס לניקוי אסלות בניחוח הדרים,החברה הדרומית לשיווק בעמ,,,יח`,750,"מ""ל",false,1,10.90,1.45,true,1,
7290108351804,false,סנו מקסימה סופר מרוכז (1 ליטר)- בריזה,החברה הדרומית לשיווק בעמ,,,יח`,1,1 ליטר,false,1,18.90,18.90,true,1,
7290108351835,false,סנו מקסימהמרכך כביסה 4 ליטר floral touch,החברה הדרומית לשיווק בעמ,,,יח`,4000,"מ""ל",false,1,22.40,0.56,true,1,
7290108351927,false,ספארק טבליות למדיח סנו) (70,החברה הדרומית לשיווק בעמ,,,יח`,1,,false,1,39.90,39.90,false,1,
7290108351934,false,סבון אסלה מוצק RINGS ניחוח לימון שלישייה,החברה הדרומית לשיווק בעמ,,,יח`,1,,false,1,15.90,15.90,true,1,
7290108351972,false,סנופרש הום מלון בוטיק 200 מל סנו,החברה הדרומית לשיווק בעמ,,,יח`,200,"מ""ל",false,1,13.50,6.75,true,1,
7290108352153,false,סנובון נוזלי בניחוח לוטוס וסחלב 750 מל,החברה הדרומית לשיווק בעמ,,,יח`,750,"מ""ל",false,1,11.90,1.59,true,1,
7290108352207,false,מקסימהקפסולות לכביסה 40  יח`בניחוח flora,החברה הדרומית לשיווק בעמ,,,יח`,1,,false,1,37.90,37.90,true,1,
7290108352214,false,מקסימה קפסולות לכביסה 40  יח`בניחוח fres,החברה הדרומית לשיווק בעמ,,,יח`,1,,false,1,37.90,37.90,true,1,
7290108352290,false,שלישיית מטליות לחיטוי ולניקוי לחדר אמבטי,החברה הדרומית לשיווק בעמ,,,יח`,1,,false,1,20.90,20.90,true,1,
7290108352399,false,ריצפז פרש הום בניחוח פלורל  טאצ`2 ליטר,החברה הדרומית לשיווק בעמ,,,יח`,2,1 ליטר,false,1,22.90,11.45,true,1,
7290108352443,false,סנובון מוצק שלישייה לוטוס וסחלב סנו (55x,החברה הדרומית לשיווק בעמ,,,יח`,165,גרם,false,1,18.90,11.45,true,1,
7290108352450,false,ריצפז פרש הום בלו בוסום 2 ליטר,החברה הדרומית לשיווק בעמ,,,יח`,2,1 ליטר,false,1,22.90,11.45,true,1,
7290108352566,false,מקסימה מרכך כביסה 4 ליטר ג`וי,החברה הדרומית לשיווק בעמ,,,יח`,4000,"מ""ל",false,1,22.40,0.56,true,1,
7290108352573,false,סנו מקסימה 4 ליטר CALM,החברה הדרומית לשיווק בעמ,,,יח`,4,1 ליטר,false,1,20.40,5.10,true,1,
7290108352672,false,מטלית הפלא לריצפה צמד במארז סנו סושי,החברה הדרומית לשיווק בעמ,,,יח`,1,,false,1,20.90,20.90,true,1,
7290108352689,false,כרית קרצוף ללכלוך קשה סנו סושי) (9,החברה הדרומית לשיווק בעמ,,,יח`,1,,false,1,11.90,11.90,true,1,
7290108352825,false,ספוג הפלא נירוסטה סנו סושי,החברה הדרומית לשיווק בעמ,,,יח`,1,,false,1,12.90,12.90,true,1,
7290108352900,false,סנו סושי מגבות נייר בגליל כפול,החברה הדרומית לשיווק בעמ,,,יח`,1,,false,1,25.90,25.90,true,1,
7290108353099,false,ממחטות אף סנו סופט חמישייה,החברה הדרומית לשיווק בעמ,,,יח`,1,,false,1,12.90,12.90,false,1,
7290108353501,false,שקיות אשפה עם ידיות 25 יח סנו סושי,החברה הדרומית לשיווק בעמ,,,יח`,1,,false,1,20.90,20.90,false,1,
7290108353532,false,שקית אשפה בגליל 100 יח סנו סושי,החברה הדרומית לשיווק בעמ,,,יח`,1,,false,1,30.90,30.90,true,1,
7290108353730,false,קרמה תחליב רחצה חימר אוכמניות כחולות 500,החברה הדרומית לשיווק בעמ,,,יח`,500,"מ""ל",false,1,13.90,2.78,true,1,
7290108353808,false,תחליב רחצה נקה 7מדגסקר ניחוח אמבר,החברה הדרומית לשיווק בעמ,,,יח`,750,"מ""ל",false,1,11.90,1.59,true,1,
7290108353839,false,כפפות ניטריל מידה M סנו סושי,החברה הדרומית לשיווק בעמ,,,יח`,1,,false,1,30.90,30.90,true,1,
7290108354065,false,קרמה ג`ל רחצה פילינג לגבר 700 מל,החברה הדרומית לשיווק בעמ,,,יח`,700,"מ""ל",false,1,16,2.29,false,1,
7290108354164,false,כיף שלישיית אל סבון קטיפתי מעושר בשמנים,החברה הדרומית לשיווק בעמ,,,יח`,1500,"מ""ל",false,1,20.90,1.39,true,1,
7290108354270,false,מקסימה מרכך כביסה מרוכז 1ליטר קאלם,החברה הדרומית לשיווק בעמ,,,יח`,1,1 ליטר,false,1,18.90,18.90,true,1,
7290108354485,false,קרליין מרכך 10 שמן ארגן 700,החברה הדרומית לשיווק בעמ,,,יח`,700,"מ""ל",false,1,15.90,2.27,true,1,
7290108354591,false,תחליב רחצה נקה 7 ביו 750 מל ירוק,החברה הדרומית לשיווק בעמ,,,יח`,750,"מ""ל",false,1,11.90,1.59,true,1,
7290108354614,false,נקה 7 מרכך ביו 750 מל ירוק,החברה הדרומית לשיווק בעמ,,,יח`,750,"מ""ל",false,1,11.90,1.59,true,1,
7290108354751,false,ג`ט פלוס לניקוי כללי+סודה 750 ל סנו,החברה הדרומית לשיווק בעמ,,,יח`,750,"מ""ל",false,1,13.90,1.85,true,1,
7290108354850,false,דאודורנט רול און קרמה בריזת ים 75 מל,החברה הדרומית לשיווק בעמ,,,יח`,75,"מ""ל",false,1,13.90,18.53,true,1,
7290108354911,false,קרמה מן 3ב1 שמפו גל רחצה וגילוח 700 מל,החברה הדרומית לשיווק בעמ,,,יח`,700,"מ""ל",false,1,16,2.29,true,1,
7290108355000,false,שמפו לילדים מיניונים נקה  (7507 מל),החברה הדרומית לשיווק בעמ,,,יח`,750,"מ""ל",false,1,11.90,1.59,true,1,
7290108355147,false,תחליב רחצה שמנהי הזנה נקה  (7507 מל),החברה הדרומית לשיווק בעמ,,,יח`,750,"מ""ל",false,1,11.90,1.59,true,1,
7290108355154,false,נקה 7 שמפו שמני הזנה750 מל,החברה הדרומית לשיווק בעמ,,,יח`,750,"מ""ל",false,1,11.90,1.59,true,1,
7290108355161,false,נקה 7 מרכך שמני הזנה750 מל,החברה הדרומית לשיווק בעמ,,,יח`,750,"מ""ל",false,1,11.90,1.59,true,1,
7290108355192,false,מרכך קרטין נטורל למניעת קשקשים (400 מל),החברה הדרומית לשיווק בעמ,,,יח`,400,"מ""ל",false,1,31.90,7.98,false,1,
7290108356106,false,תחליב רחצה כיף ניחוח שקד700 מל,החברה הדרומית לשיווק בעמ,,,יח`,700,"מ""ל",false,1,12.90,1.84,true,1,
7290108356137,false,תחליב רחצה כיף ניחוח לבנדר 700 מל,החברה הדרומית לשיווק בעמ,,,יח`,700,"מ""ל",false,1,12.90,1.84,true,1,
7290108356151,false,תחליב רחצה כיף ניחוחמאסק יסמין 700 מל,החברה הדרומית לשיווק בעמ,,,יח`,700,"מ""ל",false,1,12.90,1.84,true,1,
7290108356168,false,תחליב רחצה כיף ניחוח אוקיינס700 מל,החברה הדרומית לשיווק בעמ,,,יח`,700,"מ""ל",false,1,12.90,1.84,true,1,
7290108356489,false,כיף תחליב רחצה אפרסק וחמאת מורומורו 700,החברה הדרומית לשיווק בעמ,,,יח`,700,"מ""ל",false,1,12.90,1.84,true,1,
7290108356519,false,קרליין שמפו 10 לשיער רגיל 700,החברה הדרומית לשיווק בעמ,,,יח`,700,"מ""ל",false,1,15.90,2.27,true,1,
7290108356526,false,קרליין שמפו 10 לשיער יבש 700,החברה הדרומית לשיווק בעמ,,,יח`,700,"מ""ל",false,1,15.90,2.27,true,1,
7290108356533,false,קרליין שמפו 10 לשיער מתולתל 700,החברה הדרומית לשיווק בעמ,,,יח`,700,"מ""ל",false,1,15.90,2.27,true,1,
7290108356540,false,קרליין שמפו 10 לשיער צבוע 700,החברה הדרומית לשיווק בעמ,,,יח`,700,"מ""ל",false,1,15.90,2.27,true,1,
7290108356564,false,קרליין מרכך 10 לשיער רגיל 700,החברה הדרומית לשיווק בעמ,,,יח`,700,"מ""ל",false,1,15.90,2.27,true,1,
7290108357028,false,כיף תחליב רחצה ורד ושמן קוקוי 700,החברה הדרומית לשיווק בעמ,,,יח`,700,"מ""ל",false,1,12.90,1.84,true,1,
7290108357097,false,קרליין נושם BIO דאודורנט ספריי velvet ro,החברה הדרומית לשיווק בעמ,,,יח`,150,"מ""ל",false,1,13.90,9.27,true,1,
7290108357189,false,סנו מקסימה למייבש 750 מל,החברה הדרומית לשיווק בעמ,,,יח`,750,"מ""ל",false,1,18.90,2.52,true,1,
7290108357202,false,סנו קליר 1 ליטר בלו בלוסום אקדח,החברה הדרומית לשיווק בעמ,,,יח`,1000,"מ""ל",false,1,12.90,1.29,true,1,
7290108357233,false,סנו קליר מטליות לחות לניקוי והברקה 50 יח,החברה הדרומית לשיווק בעמ,,,יח`,1,,false,1,12.90,12.90,false,1,
7290108357257,false,סנו פרש מכשיר אוטומטי עם מילוי מרכך אולט,החברה הדרומית לשיווק בעמ,,,יח`,1,,false,1,45.90,45.90,false,1,
7290108357264,false,סנו אוטומטיק אולטרא פרש,החברה הדרומית לשיווק בעמ,,,יח`,250,"מ""ל",false,1,14.90,5.96,false,1,
7290108357288,false,אקונומיקה ז`אוול בניחוח פריחה לבנה  סנו(,החברה הדרומית לשיווק בעמ,,,יח`,4000,"מ""ל",false,1,17.90,0.45,false,1,
7290108357295,false,סנו אוקסיג`ן פאוור מרסס מסיר כתמים,החברה הדרומית לשיווק בעמ,,,יח`,750,"מ""ל",false,1,19.90,2.65,true,1,
7290108357653,false,סנובון bubbles ג`ל בניחוח אוקיינוס שליש,החברה הדרומית לשיווק בעמ,,,יח`,1,,false,1,15.90,15.90,false,1,
7290108357707,false,כיף שמפו לשיער רגיל תפוח זרעי צ`יה 700,החברה הדרומית לשיווק בעמ,,,יח`,700,"מ""ל",false,1,12.90,1.84,true,1,
7290108357769,false,כיף מרכךלשיער רגיל תפוח זרעי צ`יה 700,החברה הדרומית לשיווק בעמ,,,יח`,700,"מ""ל",false,1,12.90,1.84,true,1,
7290108357875,false,כיף שמפו לשיער רגיל אפרסק וחמאת מורומורו,החברה הדרומית לשיווק בעמ,,,יח`,700,"מ""ל",false,1,12.90,1.84,true,1,
7290108357882,false,כיף מרכך לשיער רגיל אפרסק וחמאת מורומורו,החברה הדרומית לשיווק בעמ,,,יח`,700,"מ""ל",false,1,12.90,1.84,true,1,
7290108359060,false,סנו סושי כריות לניקוי כלים לשבת,החברה הדרומית לשיווק בעמ,,,יח`,1,,false,1,12.90,12.90,true,1,
7290108359077,false,סנו סופט לושן 120 ממחטות אף 3 שכבות,החברה הדרומית לשיווק בעמ,,,יח`,1,,false,1,13.90,13.90,false,1,
7290108359084,false,כיסוי ניילון עם גומי 30  יח`מידה M,החברה הדרומית לשיווק בעמ,,,יח`,1,,false,1,10.90,10.90,true,1,
7290108359183,false,שקיות אשפה לפח 52*70 סנו סושי) (60,החברה הדרומית לשיווק בעמ,,,יח`,1,,false,1,23.90,23.90,true,1,
7290108359886,false,בייבי כיף תחליב רחצה 1 ליטר,החברה הדרומית לשיווק בעמ,,,יח`,1,1 ליטר,false,1,22.90,22.90,true,1,
7290108359985,false,סנו ז`אוול מרסס ניחוח פריחה לבנה 1 ליטר,החברה הדרומית לשיווק בעמ,,,יח`,1,1 ליטר,false,1,19.90,19.90,true,1,
7290108501827,false,קדאיף שערות בצק 450  גר`וילי פוד,ג.וילי-פוד אינטרנשיונל **גבינו,,,יח`,450,גרם,false,1,20.90,4.64,false,1,
7290108502725,false,גבינת גאודה פרוסות 400  גר`וילי פוד,ג.וילי-פוד אינטרנשיונל **גבינו,,,יח`,400,גרם,false,1,20.90,5.23,false,1,
7290108502763,false,גבינת קממבר 200  גר`וילי פוד,ג.וילי-פוד אינטרנשיונל **גבינו,,,יח`,200,גרם,false,1,20.90,10.45,false,1,
7290108503043,false,מארז תפוחונים (3 יח +1 ),ג.וילי-פוד אינטרנשיונל בעמ,,,יח`,0,גרם,false,1,15.90,15.90,false,1,
7290108505719,false,גבינת מוצרלה מרוגדת 25%  שומן(200 גר`)יו,ג.וילי-פוד אינטרנשיונל **גבינו,,,יח`,200,גרם,false,1,14.90,7.45,true,1,
7290108506624,false,עיזים צ`אנק 150  גר`וילי פוד,ג.וילי-פוד אינטרנשיונל **גבינו,,,יח`,150,גרם,false,1,17.90,11.93,true,1,
7290108507065,false,גבינת פרמג`אנו רג`יאנו מגורדת 100 גר,ג.וילי-פוד אינטרנשיונל **גבינו,,,יח`,100,גרם,false,1,14.90,14.90,false,1,
7290108507904,false,גבינה בולגרית מעודנת 14% אחוז 500 גרם,ג.וילי-פוד אינטרנשיונל **גבינו,,,יח`,500,גרם,false,1,19.90,3.98,false,1,
7290108508703,false,טורטיה ללא גלוטן 270 גר כשלפ,ג.וילי-פוד אינטרנשיונל בעמ,,,יח`,270,גרם,false,1,8.90,3.30,false,1,
7290108509090,false,גבינה מותכת משולשים 200 גר 14% שומן,ג.וילי-פוד אינטרנשיונל **גבינו,,,יח`,200,גרם,false,1,15.90,7.95,false,1,
7290108509359,false,פופקורן בציפוי בטעם קרמל 90 גר`,ג.וילי-פוד אינטרנשיונל בעמ,,,יח`,90,גרם,false,1,6.90,7.67,true,1,
7290108509571,false,גבינת פטה עם צ`לי ופפריקה 153 גר`,ג.וילי-פוד אינטרנשיונל **גבינו,,,יח`,153,גרם,false,1,16.90,11.05,false,1,
7290108509588,false,גבינת פטה עם עשבי תיבול 153 גר`,ג.וילי-פוד אינטרנשיונל **גבינו,,,יח`,153,גרם,false,1,16.90,11.05,false,1,
7290108509595,false,גבינת פטה עם עגבניות מיובשות וריחן 153 ג,ג.וילי-פוד אינטרנשיונל **גבינו,,,יח`,153,גרם,false,1,16.90,11.05,false,1,
7290108509816,false,גבינת בייבי מוצרלה 22% שומן 200 גרם,ג.וילי-פוד אינטרנשיונל **גבינו,,,יח`,200,גרם,false,1,14.90,7.45,true,1,
7290108509908,false,מנת השף אטריות להכנה מהירה בטעם ירקות,ג.וילי-פוד אינטרנשיונל בעמ,,,יח`,1,,false,1,4.90,4.90,true,1,
7290108509915,false,מנת השף אטריות להכנה מהירה בטעם סיני פ,ג.וילי-פוד אינטרנשיונל בעמ,,,יח`,1,,false,1,4.90,4.90,true,1,
7290108509922,false,מנת השף אטריות להכנה מהירה בטעם עוף 85,ג.וילי-פוד אינטרנשיונל בעמ,,,יח`,1,,false,1,4.90,4.90,true,1,
7290109351025,false,חומוסטחינה חלק צבר (400 גרם),קבוצת אסם סחר שות. מוגבלת,,,יח`,400,גרם,false,1,15.20,3.80,false,1,
7290109352916,false,פיטנס בר פריכיות שוקולד לבן 84 גרם,קבוצת אסם סחר שות. מוגבלת,,,יח`,84,גרם,false,1,16.30,19.40,true,1,
7290109354996,false,פתי בר שוקו ללא גלוטן 200 גרם,קבוצת אסם סחר שות. מוגבלת,,,יח`,200,גרם,false,1,11.20,5.60,true,1,
7290109358765,false,קראנץ` רולס 450 גר דגני בוקר,קבוצת אסם סחר שות. מוגבלת,,,יח`,450,גרם,false,1,22.90,5.09,true,1,
7290109580043,false,שניצל תירס 1.75 קג בדצ זוגלובק,זוגלובק שיווק בעמ,,,יח`,1.80,גרם,false,1,50.90,2827.78,true,1,
7290109580104,false,רוסטביף פרימיום 150  גר`זוגלובק,זוגלובק שיווק בעמ,,,יח`,150,גרם,false,1,25.90,17.27,false,1,
7290109580111,false,צלעות אסאדו מעושנות פרימיום 120 גר`,זוגלובק שיווק בעמ,,,יח`,150,גרם,false,1,25.90,17.27,false,1,
7290109580166,false,סרוולד קלאסי פרימיום 150  גר`זוגלובק,זוגלובק שיווק בעמ,,,יח`,150,גרם,false,1,25.90,17.27,false,1,
7290109580449,false,סלמי בטעם כמהין פרימיום 180  גר`זוגלובק,זוגלובק שיווק בעמ,,,יח`,180,גרם,false,1,25.90,14.39,false,1,
7290109920146,false,דורגול מסיר אבנית 750 מל,יעקב יעקבי ובניו בעמ,,,יח`,750,"מ""ל",false,1,21.50,2.87,false,1,
7290109920580,false,אסטוניש מרסס עם אקונומיקה,יעקב יעקבי ובניו בעמ,,,יח`,750,"מ""ל",false,1,11.90,1.59,false,1,
7290109920603,false,אסטוניש קרם מטבח 500 מל,יעקב יעקבי ובניו בעמ,,,יח`,500,"מ""ל",false,1,19.50,3.90,false,1,
7290109923031,false,אסטוניש מרסס פרימיום ארומטיק למקלחון 750,יעקב יעקבי ובניו בעמ,,,יח`,750,"מ""ל",false,1,15.90,2.12,false,1,
7290110110277,false,סיידר סומרסבי רביעייה 330 מל,החברה המרכזית להפצת משקאות בעמ,,,יח`,1.32,1 ליטר,false,1,37.70,27.65,true,1,
7290110110369,false,קרלסברג לומה 6*330 מל,החברה המרכזית להפצת משקאות בעמ,,,יח`,1980,"מ""ל",false,1,34.90,1.67,false,1,
7290110110659,false,פחית ספרייט ליים330 מל סליק,החברה המרכזית להפצת משקאות בעמ,,,יח`,330,"מ""ל",false,1,4.30,1.21,true,1,
7290110114787,false,נביעות פלוס 1.5 ליטר תפוח,החברה המרכזית להפצת משקאות בעמ,,,יח`,1.50,1 ליטר,false,1,9.20,5.93,false,1,
7290110114794,false,נביעות פלוס 1.5 ליטר אפרסק,החברה המרכזית להפצת משקאות בעמ,,,יח`,1.50,1 ליטר,false,1,9.20,5.93,false,1,
7290110114800,false,נביעות פלוס 1.5 ליטר ענבים,החברה המרכזית להפצת משקאות בעמ,,,יח`,1.50,1 ליטר,false,1,9.20,5.93,false,1,
7290110114855,false,נביעות 1.5 ליטר שישייה,החברה המרכזית להפצת משקאות בעמ,,,יח`,9,1 ליטר,false,1,13.90,1.34,true,1,
7290110114893,false,פריגת סחוט תפוז 2 ליטר,החב` המרכזית - טרה,,,יח`,2,1 ליטר,false,1,30.90,15.30,true,1,
7290110114954,false,פריגת תפוזים מתקתק 2 ליטר,החב` המרכזית - טרה,,,יח`,2,1 ליטר,false,1,25.90,12.80,true,1,
7290110114961,false,משקה קל בטעם תפוזים פריגת (1.5 ליטר),החברה המרכזית להפצת משקאות בעמ,,,יח`,1500,"מ""ל",false,1,9.90,0.64,false,1,
7290110114985,false,משקה קל בטעם אשכוליות פריגת (1.5 ליטר),החברה המרכזית להפצת משקאות בעמ,,,יח`,1500,"מ""ל",false,1,9.90,0.64,false,1,
7290110115005,false,משקה קל בטעם ענבים פריגת (1.5 ליטר),החברה המרכזית להפצת משקאות בעמ,,,יח`,1500,"מ""ל",false,1,9.90,0.64,false,1,
7290110115036,false,משקה קל בטעם מנגו פריגת (1.5 ליטר),החברה המרכזית להפצת משקאות בעמ,,,יח`,1500,"מ""ל",false,1,9.90,0.64,false,1,
7290110115043,false,משקה קל בטעם לימונענע פריגת (1.5 ליטר),החברה המרכזית להפצת משקאות בעמ,,,יח`,1500,"מ""ל",false,1,9.90,0.64,false,1,
7290110115050,false,משקה קל בטעם תות בננה פריגת (1.5 ליטר),החברה המרכזית להפצת משקאות בעמ,,,יח`,1500,"מ""ל",false,1,9.90,0.64,false,1,
7290110115104,false,פריגת צלול בטעם אפרסק 1.5 ליטר,החברה המרכזית להפצת משקאות בעמ,,,יח`,1500,"מ""ל",false,1,9.90,0.64,false,1,
7290110115128,false,פריגת צלול בטעם לימונענע 1.5 ליטר,החברה המרכזית להפצת משקאות בעמ,,,יח`,1500,"מ""ל",false,1,9.90,0.64,false,1,
7290110115203,false,קוקה קולה 1.5 ליטר,החברה המרכזית להפצת משקאות בעמ,,,יח`,0,1 ליטר,false,1,9.20,9.20,false,1,
7290110115210,false,קוקה קולה דיאט 1.5 ליטר,החברה המרכזית להפצת משקאות בעמ,,,יח`,1.50,1 ליטר,false,1,9.20,5.93,false,1,
7290110115227,false,קוקה קולה זירו 1.5 ליטר,החברה המרכזית להפצת משקאות בעמ,,,יח`,1.50,1 ליטר,false,1,9.20,5.93,false,1,
7290110115234,false,קוקה קולה זירו נטול 1.5 ליטר,החברה המרכזית להפצת משקאות בעמ,,,יח`,1500,"מ""ל",false,1,9.20,0.59,false,1,
7290110115241,false,קוקה קולה זירו לימון 1.5 ליטר,החברה המרכזית להפצת משקאות בעמ,,,יח`,1500,"מ""ל",false,1,9.20,0.59,false,1,
7290110115258,false,קוקה קולה זירו מנגו 1.5 ליטר,החברה המרכזית להפצת משקאות בעמ,,,יח`,1.50,"מ""ל",false,1,9.20,593.33,false,1,
7290110115265,false,ספרייט ליים 1.5 ליטר,החברה המרכזית להפצת משקאות בעמ,,,יח`,1.50,1 ליטר,false,1,9.20,5.93,true,1,
7290110115272,false,ספרייט זירו 1.5 ליטר,החברה המרכזית להפצת משקאות בעמ,,,יח`,1.50,1 ליטר,false,1,9.20,5.93,true,1,
7290110115289,false,ספרייט לימון-נענע 1.5 ליטר,החברה המרכזית להפצת משקאות בעמ,,,יח`,1.50,1 ליטר,false,1,8.80,5.67,true,1,
7290110115296,false,פאנטה  אורנג`1.5 ליטר,החברה המרכזית להפצת משקאות בעמ,,,יח`,1.50,1 ליטר,false,1,9.90,6.40,false,1,
7290110115302,false,פאנטה  אורנג`זירו 1.5 ליטר,החברה המרכזית להפצת משקאות בעמ,,,יח`,1.50,1 ליטר,false,1,9.90,6.40,false,1,
7290110115333,false,פאנטה תות 1.5 ליטר,החברה המרכזית להפצת משקאות בעמ,,,יח`,1.50,1 ליטר,false,1,9.90,6.40,false,1,
7290110115340,false,פאנטה ענבים 1.5 ליטר,החברה המרכזית להפצת משקאות בעמ,,,יח`,1.50,1 ליטר,false,1,9.90,6.40,false,1,
7290110115364,false,קוקה קולה 1.5 ליטר מארז שישייה,החברה המרכזית להפצת משקאות בעמ,,,יח`,9,1 ליטר,false,1,52.90,5.68,false,1,
7290110115371,false,קוקה קולה דיאט 1.5 ליטר מארז שישייה,החברה המרכזית להפצת משקאות בעמ,,,יח`,9,1 ליטר,false,1,52.90,5.68,false,1,
7290110115418,false,קוקה קולה זירו 1.5 ליטר מארז שישייה,החברה המרכזית להפצת משקאות בעמ,,,יח`,9,1 ליטר,false,1,52.90,5.68,false,1,
7290110115425,false,פיוז תה 1.5 ליטר בטעם גרין לימון-נענע,החברה המרכזית להפצת משקאות בעמ,,,יח`,1.50,1 ליטר,false,1,9.70,6.27,false,1,
7290110115449,false,פיוז תה 1.5 ליטר בטעם מנגו אננס,החברה המרכזית להפצת משקאות בעמ,,,יח`,1.50,1 ליטר,false,1,9.70,6.27,false,1,
7290110115463,false,פיוז תה 1.5 ליטר בטעם אפרסק,החברה המרכזית להפצת משקאות בעמ,,,יח`,1.50,1 ליטר,false,1,9.70,6.27,false,1,
7290110115494,false,פיוז תה 1.5 ליטר בטעם ענבים,החברה המרכזית להפצת משקאות בעמ,,,יח`,1.50,1 ליטר,false,1,9.70,6.27,false,1,
7290110115586,false,משקה קל בטעם תפוזים 40% פחות סוכר פריגת,החברה המרכזית להפצת משקאות בעמ,,,יח`,1500,"מ""ל",false,1,9.90,0.64,false,1,
7290110115616,false,פיוז תה זירו 1.5 ליטר בטעם אננס,החברה המרכזית להפצת משקאות בעמ,,,יח`,1.50,1 ליטר,false,1,9.70,6.27,false,1,
7290110115623,false,פיוז תה זירו 1.5 ליטר בטעם אפרסק,החברה המרכזית להפצת משקאות בעמ,,,יח`,1.50,1 ליטר,false,1,9.70,6.27,false,1,
7290110116125,false,סירופ בטעם פטל 750 מל פריגת,החברה המרכזית להפצת משקאות בעמ,,,יח`,750,"מ""ל",false,1,25.90,3.45,false,1,
7290110116194,false,נביעות פלוס לימון ליים 0 קלוריות 1.5 ליט,החברה המרכזית להפצת משקאות בעמ,,,יח`,1.50,1 ליטר,false,1,9.90,6.40,false,1,
7290110116217,false,נביעות פלוס אשכולית 0 קלוריות 1.5 ליטר,החברה המרכזית להפצת משקאות בעמ,,,יח`,1.50,1 ליטר,false,1,9.90,6.40,false,1,
7290110116552,false,ספרייט למןו היט 1.5 ליטר,החברה המרכזית להפצת משקאות בעמ,,,יח`,1.50,1 ליטר,false,1,9.20,5.93,false,1,
7290110116569,false,ספרייט למון היט זירו 1.5 ליטר,החברה המרכזית להפצת משקאות בעמ,,,יח`,1.50,1 ליטר,false,1,9.20,5.93,true,1,
7290110320591,false,בולגרית 16% במרקם מעודן 250 גר,תנובה - חלב,,,יח`,250,גרם,false,1,21.90,8.76,false,1,
7290110320867,false,פתיתי עמק למאפים 28% 500 גר,תנובה - חלב,,,יח`,500,גרם,false,1,35.60,7.12,false,1,
7290110321277,false,קוטג בקטנה 5% מהדרין 100  גר`תנובה,תנובה - חלב,,,יח`,100,גרם,false,1,2.70,2.70,false,1,
7290110321284,false,קוטג בקטנה 9% מהדרין 100  גר`תנובה,תנובה - חלב,,,יח`,100,גרם,false,1,2.70,2.70,false,1,
7290110321703,false,יוגורט גו פירות יער 200 מל,תנובה - חלב,,,יח`,200,"מ""ל",false,1,5.90,2.95,false,1,
7290110322014,false,טופו בטעם טבעי 300  גר`תנובה,תנובה - חלב,,,יח`,300,גרם,false,1,11.90,3.97,false,1,
7290110322021,false,טופו בטעם בזיליקום 300  גר`תנובה,תנובה - חלב,,,יח`,300,גרם,false,1,11.90,3.97,false,1,
7290110322038,false,טופו בטעם פיקנטי 300  גר`תנובה,תנובה - חלב,,,יח`,300,גרם,false,1,11.90,3.97,false,1,
7290110323585,false,יוגורט גו לייט דובדבן 200 מל,תנובה - חלב,,,יח`,200,גרם,false,1,5.60,2.80,false,1,
7290110323714,false,משקה קוקוס שקדים 1 ליטר תנובה,תנובה - חלב,,,יח`,1000,"מ""ל",false,1,12.50,1.25,false,1,
7290110324353,false,יוגורט גו לייט אננס 200 מל,תנובה - חלב,,,יח`,200,"מ""ל",false,1,5.90,2.95,false,1,
7290110324551,false,יופלה טיוב במרקם חלק בטעם תות 348  גר`מה,תנובה - חלב,,,יח`,348,גרם,false,1,12.90,3.71,false,1,
7290110324711,false,ממרח סויה 9% בטעם טבעי 250 גר` תנובה,תנובה - חלב,,,יח`,250,גרם,false,1,9.90,3.96,true,1,
7290110324728,false,ממרח סויה 9% עם שום שמיר ( 250 גר`) תנוב,תנובה - חלב,,,יח`,250,גרם,false,1,9.90,3.96,true,1,
7290110324858,false,מעדן שקדים בטעם אגוזי 125 גר`,תנובה - חלב,,,יח`,125,גרם,false,1,3.90,3.12,false,1,
7290110324872,false,גבינה צהובה גלבוע  (5% 200  גר`)תנובה,תנובה - חלב,,,יח`,200,גרם,false,1,18.90,9.45,false,1,
7290110324926,false,משקה סויה ללתס 1 ליטר תנובה,תנובה - חלב,,,יח`,1,"מ""ל",false,1,10.90,1090,false,1,
7290110325084,false,מאגדת שימינייה מיני קרלו שוניל 800 גר`,תנובה - חלב,,,יח`,800,גרם,false,1,15.90,1.99,false,1,
7290110325114,false,משקה גו לייט תות בננה 250 מל,תנובה - חלב,,,יח`,250,"מ""ל",false,1,6.20,2.48,false,1,
7290110325169,false,פרוסות גאודה 170 גר` קולקשיין תנובה,תנובה - חלב,,,יח`,170,גרם,false,1,19.90,11.71,false,1,
7290110325305,false,מעדן גו סויה מעודן 200 מל,תנובה - חלב,,,יח`,200,"מ""ל",false,1,5.80,2.90,false,1,
7290110325312,false,מעדן גו סויה תות 200 מל,תנובה - חלב,,,יח`,200,"מ""ל",false,1,5.90,2.95,false,1,
7290110325619,false,משקה שיבולת שועל 1 ליטר תנובה,תנובה - חלב,,,יח`,1000,"מ""ל",false,1,12.20,1.22,false,1,
7290110325701,false,צזיקי יוני 9% שומן על בסיס  יוגורט( 250,תנובה - חלב,,,יח`,250,גרם,false,1,11.90,4.76,false,1,
7290110325893,false,משקה גו אייס קפה 340 מל,תנובה - חלב,,,יח`,340,גרם,false,1,8.90,2.62,false,1,
7290110326210,false,יופלה און טופ פצפוצים 157 גר`,תנובה - חלב,,,יח`,157,גרם,false,1,4.90,3.12,false,1,
7290110326227,false,יופלה און טופ קורנפלקס 157 גר`,תנובה - חלב,,,יח`,157,גרם,false,1,4.90,3.12,false,1,
7290110326234,false,יופלה און טופ כוכבים 157 גר`,תנובה - חלב,,,יח`,157,גרם,false,1,4.90,3.12,false,1,
7290110326241,false,יופלה און טופ גרנולה 157  גר`תנובה,תנובה - חלב,,,יח`,157,גרם,false,1,4.90,3.12,false,1,
7290110326333,false,פרוסות גבינה סקנדינבית 170  גר`קולקשיין,תנובה - חלב,,,יח`,170,גרם,false,1,17.90,10.53,false,1,
7290110327064,false,משקה קפה שיבולת שועל בטעם  קרמל( 1 ליטר),תנובה - חלב,,,יח`,1000,"מ""ל",false,1,12.90,1.29,false,1,
7290110327514,false,משקה שיבולת שועל בטעם אגוזי לוז 1 ליטר א,תנובה - חלב,,,יח`,1000,"מ""ל",false,1,12.20,1.22,false,1,
7290110327545,false,יופלה און טופ בטעם תות בתופסת פצפוצים מ,תנובה - חלב,,,יח`,157,גרם,false,1,4.90,3.12,false,1,
7290110328504,false,טריו מיקס מוצרלה סקנדינבית וגאודה 300 גר,תנובה - חלב,,,יח`,300,גרם,false,1,24.90,8.30,false,1,
7290110328627,false,יוגורט גו סמיך בננה קרמל 0% שומן 200 ג,תנובה - חלב,,,יח`,200,גרם,false,1,5.90,2.95,false,1,
7290110328764,false,יוגורט גו סמיך תות 0% שומן 200 גרם,תנובה - חלב,,,יח`,200,גרם,false,1,5.90,2.95,false,1,
7290110328788,false,יוגורט גו סמיך אפרסק 0% שומן 200 גרם,תנובה - חלב,,,יח`,200,גרם,false,1,5.90,2.95,false,1,
7290110328955,false,קוביות גבינת עזים בשמן מתובל 350 גר`,תנובה - חלב,,,יח`,350,גרם,false,1,25.90,7.40,false,1,
7290110329136,false,מעדן חלב גו בטעם שוקולד 12  גר`חלבון,תנובה - חלב,,,יח`,120,גרם,false,1,5.90,4.92,false,1,
7290110329143,false,מעדן חלב גו בטעם שוקולד 12  גר`חלבון,תנובה - חלב,,,יח`,120,גרם,false,1,5.90,4.92,false,1,
7290110329303,false,פרוסות בטעם צהובה קלאסית 200 גרם alterna,תנובה - חלב,,,יח`,200,גרם,false,1,22.90,11.45,false,1,
7290110329686,false,משקה חלב גו בטעם עוגיות 340 מל,תנובה - חלב,,,יח`,340,גרם,false,1,8.90,2.62,false,1,
7290110329716,false,משקה קפה קר בטעם קפוצ`ינו 230 מל,תנובה - חלב,,,יח`,230,"מ""ל",false,1,7.90,3.43,false,1,
7290110329723,false,משקה קפה קר בטעם לאטה 230 מל,תנובה - חלב,,,יח`,230,"מ""ל",false,1,7.90,3.43,false,1,
7290110329730,false,משקה חלב עם שוקולד וקפה בסגנון לאטה 230,תנובה - חלב,,,יח`,230,"מ""ל",false,1,7.90,3.43,false,1,
7290110329792,false,סויה BIO אפרסק גביע 150 גרם Alternative,תנובה - חלב,,,יח`,150,גרם,false,1,4.50,3,true,1,
7290110329808,false,סויה BIO תות גביע 150 גרם Alternative,תנובה - חלב,,,יח`,150,גרם,false,1,4.50,3,true,1,
7290110329815,false,סויה BIO מתיקות מעודנת גביע 150 גרם Alte,תנובה - חלב,,,יח`,150,גרם,false,1,4.50,3,true,1,
7290110329822,false,סויה BIO פירות יער גביע 150 גרם Alternat,תנובה - חלב,,,יח`,150,גרם,false,1,4.50,3,true,1,
7290110329839,false,פרוסות צהובה בטעם זיתים 200 גרם alternat,תנובה - חלב,,,יח`,200,גרם,false,1,22.90,11.45,false,1,
7290110329846,false,סויה BIO טבעי גביע 150 גרם Alternative,תנובה - חלב,,,יח`,150,גרם,false,1,4.50,3,true,1,
7290110552121,false,היוגורט הראשון שלי 100 גר`,שטראוס גרופ בעמ/מצונן,,,יח`,100,גרם,false,1,2.50,2.50,false,1,
7290110552220,false,דנונה פרו ללא סוכר בטעם תות 200 גר`,שטראוס גרופ בעמ/מצונן,,,יח`,200,"מ""ל",false,1,5.90,2.95,false,1,
7290110553623,false,צ`יטוס קראנץ צ`דר חלפיניו 80 גר`,שטראוס פריטו ליי בעמ,,,יח`,80,גרם,false,1,5,6.25,false,1,
7290110554422,false,רוטב עגבניות ופלפלים לשקשוקה 350  גר`יד,שטראוס גרופ בעמ,,,יח`,350,גרם,false,1,11.90,3.40,true,1,
7290110554699,false,קפסולות קפה עולה למכונות נספרו עלית,שטראוס גרופ בעמ,,,יח`,1,,false,1,19.90,19.90,true,1,
7290110554705,false,קפסולות קפה יוניקו למכונות נספרו עלית,שטראוס גרופ בעמ,,,יח`,1,,false,1,19.90,19.90,true,1,
7290110554712,false,קפסולות קפה נחת למכונות נספרו עלית,שטראוס גרופ בעמ,,,יח`,1,,false,1,19.90,19.90,true,1,
7290110555368,false,רבע לשבע טבעוני מרשמלו 120 גר עלית,שטראוס גרופ בעמ,,,יח`,120,גרם,false,1,14.20,11.83,false,1,
7290110556242,false,שוקולד פרה מריר פרווה עלית (100 גרם),שטראוס גרופ בעמ,,,יח`,100,גרם,false,1,5.90,5.90,false,1,
7290110557027,false,חומוס אחלה 50% טחינה 400 גרם,שטראוס גרופ בעמ/מצונן,,,יח`,400,גרם,false,1,15.20,3.80,false,1,
7290110557102,false,מעדן חלב עם שוקולד מעושר בחלבון,שטראוס גרופ בעמ/מצונן,,,יח`,150,גרם,false,1,5.40,3.60,true,1,
7290110557133,false,מעדן הגולן וניל 125 גרם,שטראוס גרופ בעמ/מצונן,,,יח`,125,"מ""ל",false,1,2.90,2.32,true,1,
7290110557317,false,היוגורט הראשון שלי עם שיבולת שועל 100 גר,שטראוס גרופ בעמ/מצונן,,,יח`,100,גרם,false,1,2.50,2.50,false,1,
7290110557478,false,חומוס אחלה גלילי 600 גר`,שטראוס גרופ בעמ/מצונן,,,יח`,600,גרם,false,1,13.90,2.32,false,1,
7290110558154,false,דנונה לייט אנד פרי עוגת תפוחים 150 גר`,שטראוס גרופ בעמ/מצונן,,,יח`,150,גרם,false,1,4.70,3.13,true,1,
7290110558222,false,דנונה WOW בנופי 150 גר`,שטראוס גרופ בעמ/מצונן,,,יח`,150,גרם,false,1,4.60,3.07,true,1,
7290110558239,false,דנונה WOW קראק פאי 150 גר`,שטראוס גרופ בעמ/מצונן,,,יח`,150,גרם,false,1,4.60,3.07,true,1,
7290110558284,false,דנונה ביו מולטי 200 גר`,שטראוס גרופ בעמ/מצונן,,,יח`,200,גרם,false,1,3.90,1.95,false,1,
7290110558307,false,דנונה פרו 20  גר`עם שיבולת שועל (200גר`),שטראוס גרופ בעמ/מצונן,,,יח`,200,גרם,false,1,6.70,3.35,false,1,
7290110558314,false,דנונה פרו ללא סוכר בטעם פיסטוק 200 גר`,שטראוס גרופ בעמ/מצונן,,,יח`,200,"מ""ל",false,1,5.90,2.95,false,1,
7290110558666,false,דניאלה מעדן בטעם תפוח (88 גרם),שטראוס גרופ בעמ/מצונן,,,יח`,150,"מ""ל",false,1,4,2.67,false,1,
7290110558918,false,עלי חסה  קראנצ`שטופים 150  גר`טעם הטבע ש,שטראוס גרופ בעמ/מצונן,,,יח`,150,גרם,false,1,10.10,6.73,false,1,
7290110559748,false,ריל מאגדת שקדים קוקוס ושוקולד מריר שטראו,שטראוס גרופ בעמ,,,יח`,105,גרם,false,1,15.90,15.14,true,1,
7290110560324,false,פריכיות משולשות-אפונה  ירוקה 30  גר`אנרג,שטראוס גרופ בעמ,,,יח`,30,גרם,false,1,4.90,16.33,false,1,
7290110561352,false,דנונה דל לקטוז ביו 200 גר`,שטראוס גרופ בעמ/מצונן,,,יח`,200,"מ""ל",false,1,3.70,1.85,false,1,
7290110563431,false,משקה קפה קר בסגנון קלאסי  (2301.6% גר`),שטראוס גרופ בעמ/מצונן,,,יח`,230,"מ""ל",false,1,7.90,3.43,true,1,
7290110563462,false,חלב נטול לקטוז 2% יטבתה בקבוק,שטראוס גרופ בעמ/מצונן,,,יח`,1,1 ליטר,false,1,7.90,7.90,false,1,
7290110564339,false,חומוס הסדרה המובחרת עשיר 30% טחינה 400 ג,שטראוס גרופ בעמ/מצונן,,,יח`,400,גרם,false,1,15.20,3.80,false,1,
7290110564360,false,חומוס הסדרה המובחרת עשיר 40% טחינה 400 ג,שטראוס גרופ בעמ/מצונן,,,יח`,400,גרם,false,1,15.20,3.80,false,1,
7290110564414,false,חומוס הסדרה המובחרת 30% טחינה 600 גר`,שטראוס גרופ בעמ/מצונן,,,יח`,600,גרם,false,1,16.30,2.72,false,1,
7290110565435,false,מעדן ג`לי בטעם פטל חלבי שטראוס (125 גרם,שטראוס גרופ בעמ/מצונן,,,יח`,125,גרם,false,1,2.10,1.68,true,1,
7290110565527,false,דנונה פרו 20  גר`חלבון,שטראוס גרופ בעמ/מצונן,,,יח`,200,"מ""ל",false,1,5.90,2.95,false,1,
7290110566975,false,דנונה פרו 200  גר`תות,שטראוס גרופ בעמ/מצונן,,,יח`,200,"מ""ל",false,1,5.90,2.95,false,1,
7290110570224,false,משקה קפה קר בטעם עוגיות (230  גר`)יטבתה,שטראוס גרופ בעמ/מצונן,,,יח`,230,"מ""ל",false,1,7.90,3.43,true,1,
7290110571184,false,עדשים חומות 380  גר`טעם הטבע שטראוס,שטראוס גרופ בעמ,,,יח`,380,גרם,false,1,7.90,2.08,true,1,
7290110571382,false,מעדן חלב בטעם וניל מועשר בחלבון,שטראוס גרופ בעמ/מצונן,,,יח`,150,גרם,false,1,5.40,3.60,true,1,
7290110571405,false,מיני פינוקיות בגביע פסק זמן 180 גר`,שטראוס גרופ בעמ,,,יח`,180,גרם,false,1,11.90,6.61,false,1,
7290110572129,false,כיף כף מקלות שוקולד לבן,שטראוס גרופ בעמ,,,יח`,40,גרם,false,1,5.70,14.25,true,1,
7290110572884,false,קפסולות 20 למכונות נספרו עלית) (10,שטראוס גרופ בעמ,,,יח`,50,גרם,false,1,18.50,37,true,1,
7290110576318,false,מארז שלישיית אגוז לבן (3*100) עלית,שטראוס גרופ בעמ,,,יח`,300,גרם,false,1,25.90,8.63,false,1,
7290110576356,false,ספלנדיד שוקולד מריר פרו 64% עלית,שטראוס גרופ בעמ,,,יח`,100,גרם,false,1,9.90,9.90,true,1,
7290110576363,false,ספלנדיד שוקולד מריר אוגנדה 80% עלית,שטראוס גרופ בעמ,,,יח`,100,גרם,false,1,9.90,9.90,true,1,
7290110576370,false,מארז שלישיית אגוז מריר (3X100 ) עלית,שטראוס גרופ בעמ,,,יח`,300,גרם,false,1,25.90,8.63,false,1,
7290110576387,false,מארז שלישיית אגוז חלב(3X100 ) עלית,שטראוס גרופ בעמ,,,יח`,300,גרם,false,1,25.90,8.63,false,1,
7290110576868,false,גמדים רביעייה סלט פירות,שטראוס גרופ בעמ/מצונן,,,יח`,400,"מ""ל",false,1,11.70,2.93,true,1,
7290111340178,false,ניקול מטליות לחות לשיש ניחוח מרכך כביסה,קימברלי קלארק ישראל שיווק בעמ,,,יח`,1,,false,1,13.90,13.90,true,1,
7290111340185,false,ניקול מטליות לחות לריצפה ניחוח מרכך כביס,קימברלי קלארק ישראל שיווק בעמ,,,יח`,1,,false,1,15.90,15.90,true,1,
7290111342059,false,מטליות לחות אנטיבקטריאלי,קימברלי קלארק ישראל שיווק בעמ,,,יח`,1,,false,1,14.90,14.90,false,1,
7290111342738,false,נייר טואלט לילי לח מארז רביעייה kids,קימברלי קלארק ישראל שיווק בעמ,,,יח`,0,גרם,false,1,22.90,22.90,false,1,
7290111343117,false,קלינקס לושן סופט פק זוגות 140 דף,קימברלי קלארק ישראל שיווק בעמ,,,יח`,1,,false,1,14.90,14.90,false,1,
7290111343841,false,ספוגית הקסם נירוסטה 3 יח ניקול,קימברלי קלארק ישראל שיווק בעמ,,,יח`,1,,false,1,13.90,13.90,true,1,
7290111344206,false,מגבוני האגיס נטורל קייר מבושם 4*64,קימברלי קלארק ישראל שיווק בעמ,,,יח`,1,,false,1,21.90,21.90,true,1,
7290111344572,false,שקיות אשפה ניקול עם ידית נשיאה,קימברלי קלארק ישראל שיווק בעמ,,,יח`,1,,false,1,26.90,26.90,true,1,
7290111344732,false,קלינקס אלרג`י קומפורט 140 דף,קימברלי קלארק ישראל שיווק בעמ,,,יח`,1,,false,1,14.90,14.90,false,1,
7290111344824,false,מגן תחתון קוטקס אנטיבקטראלי 52 יח`,קימברלי קלארק ישראל שיווק בעמ,,,יח`,1,,false,1,16.90,16.90,false,1,
7290111344831,false,מגן תחתון קוטקס אקסטרא פרוטקט נורמל ביג,קימברלי קלארק ישראל שיווק בעמ,,,יח`,1,,false,1,16.90,16.90,false,1,
7290111344855,false,מגן תחתון קוטקס אקסטרא פרוטקט  לארג`52 י,קימברלי קלארק ישראל שיווק בעמ,,,יח`,1,,false,1,16.90,16.90,false,1,
7290111344930,false,מטליות לחות לרצפה בניחוח מרכך כביסה ארומ,קימברלי קלארק ישראל שיווק בעמ,,,יח`,1,,false,1,14.90,14.90,true,1,
7290111345814,false,לילי נטורל קייל 30 גלילים,קימברלי קלארק ישראל שיווק בעמ,,,יח`,1,,false,1,35.90,35.90,false,1,
7290111346293,false,מגבת נייר רב שימושית שישייה ניקול,קימברלי קלארק ישראל שיווק בעמ,,,יח`,1,,false,1,12.90,12.90,false,1,
7290111346347,false,קלינקס טישו אוריגינל חמישייה,קימברלי קלארק ישראל שיווק בעמ,,,יח`,1,,false,1,15.90,15.90,true,1,
7290111350047,false,תמרים ללא חרצנים 500  גר`קלית גת,ליימן שליסל בעמ,,,יח`,500,גרם,false,1,12.20,2.44,false,1,
7290111350092,false,מארז חטיפי לואקר 200 גר`,ליימן שליסל בעמ,,,יח`,200,גרם,false,1,21.40,10.70,false,1,
7290111352508,false,סילאן טבעי 840  גר`קליית גת,ליימן שליסל בעמ,,,יח`,840,גרם,false,1,20.90,2.49,true,1,
7290111352942,false,סוכריות טופי (850  גר`)יוגטה,ליימן שליסל בעמ,,,יח`,850,גרם,false,1,22.40,2.64,false,1,
7290111352966,false,יוגטה גומי מקלות ממולאות 250  גר`יוגטה,ליימן שליסל בעמ,,,יח`,250,גרם,false,1,8.90,3.56,false,1,
7290111352973,false,קוביות  חמוצות( 220 גר`)יוגטה,ליימן שליסל בעמ,,,יח`,220,גרם,false,1,8.90,4.05,false,1,
7290111353680,false,גרעיני חמנייה 350 גרם קליית גת,ליימן שליסל בעמ,,,יח`,350,גרם,false,1,10,2.86,false,1,
7290111564291,false,פיטנס פריכיות דקות עם קינואה 120  גר`אסם,קבוצת אסם סחר שות. מוגבלת,,,יח`,120,גרם,false,1,13.20,11,true,1,
7290111564666,false,כדורי בשר מן הצומח 500 גר` טבעול,קבוצת אסם סחר שות. מוגבלת,,,יח`,500,גרם,false,1,30.90,6.18,true,1,
7290111565038,false,לה קרמריה 1.4 וניל קוקילידה,נגה גלידות שותפות מוגבלת,,,יח`,1.40,1 ליטר,false,1,23.40,16.71,true,1,
7290111566240,false,שניצל דק בטעם צ`לי חריף 564 גר` טבעול,קבוצת אסם סחר שות. מוגבלת,,,יח`,564,גרם,false,1,34.60,6.13,true,1,
7290111566318,false,שניצל דק מן הצומח 564 גר` טבעול,קבוצת אסם סחר שות. מוגבלת,,,יח`,564,גרם,false,1,34.60,6.13,true,1,
7290111566332,false,נקניקיות טינר צמחוניות 680 גר` טבעול,קבוצת אסם סחר שות. מוגבלת,,,יח`,680,גרם,false,1,34.60,5.09,true,1,
7290111566417,false,טחון מן הצומח טבעול (500גרם),קבוצת אסם סחר שות. מוגבלת,,,יח`,500,גרם,false,1,34.60,6.92,true,1,
7290111566547,false,חזה בגריל צמחוני 99 קלוריות 560 גר` טבע,קבוצת אסם סחר שות. מוגבלת,,,יח`,560,גרם,false,1,30.90,5.52,true,1,
7290111566561,false,שניצל ברוקולי 99 קלוריות 560 גר` טבעול,קבוצת אסם סחר שות. מוגבלת,,,יח`,560,גרם,false,1,34.60,6.18,true,1,
7290111566714,false,המבורגר צמחוני 99 קלוריות 600 גר` טבעול,קבוצת אסם סחר שות. מוגבלת,,,יח`,600,גרם,false,1,34.60,5.77,true,1,
7290111566752,false,שניצל תירס 99 קלוריות 693 גר` טבעול,קבוצת אסם סחר שות. מוגבלת,,,יח`,693,גרם,false,1,34.60,4.99,true,1,
7290111566776,false,נקניקיות קוקטייל צמחונית 680 גר` טבעול,קבוצת אסם סחר שות. מוגבלת,,,יח`,680,גרם,false,1,34.60,5.09,true,1,
7290111568251,false,נודלס אטריות להקפצה 350  גר`אסם,קבוצת אסם סחר שות. מוגבלת,,,יח`,350,גרם,false,1,10.90,3.11,false,1,
7290111568961,false,בייגלה טבעות מלח 400 גר` אסם,קבוצת אסם סחר שות. מוגבלת,,,יח`,400,גרם,false,1,11.50,2.88,true,1,
7290111930805,false,קראנצוס ברביקיו 55 גר`,ש.שסטוביץ בעמ,,,יח`,55,גרם,false,1,3.50,6.36,true,1,
7290111930850,false,קראנצוס פיצה 55 גר`,ש.שסטוביץ בעמ,,,יח`,55,גרם,false,1,3.50,6.36,true,1,
7290111933554,false,מארז עגבניות קוביות שלישייה מאסטר שף,ש.שסטוביץ בעמ,,,יח`,1200,גרם,false,1,16.90,1.41,false,1,
7290111935961,false,מחית עגבניות 690  גר`מאסטר שף,ש.שסטוביץ בעמ,,,יח`,690,גרם,false,1,10.90,1.58,false,1,
7290111936784,false,פרי חטיפי בריאות מארז 5 תמרים ואגוזי לוז,ש.שסטוביץ בעמ,,,יח`,125,גרם,false,1,16.90,13.52,false,1,
7290111937248,false,פרי חטיפי בריאות מארז 5 תמרים קשיו ונגיע,ש.שסטוביץ בעמ,,,יח`,125,גרם,false,1,16.90,13.52,false,1,
7290111937255,false,פרי חטיפי בריאות מארז 5 תמרים בוטנים ואג,ש.שסטוביץ בעמ,,,יח`,125,גרם,false,1,16.90,13.52,false,1,
7290111938498,false,רוטב סויה בהירה מאסטר שף (700 מל),ש.שסטוביץ בעמ,,,יח`,700,"מ""ל",false,1,14.90,2.13,false,1,
7290112001221,false,קולון מנקה מכונות רגיל 250 מל,רקיט בנקיזר (ניר איסט) בעמ,,,יח`,250,"מ""ל",false,1,20.90,8.36,false,1,
7290112002112,false,קולון ג`ל 2.5 ליטר בניחוח ורדים ורוד,רקיט בנקיזר (ניר איסט) בעמ,,,יח`,2.50,1 ליטר,false,1,25.90,10.36,true,1,
7290112002129,false,קולון ג`ל 2.5 ליטר בניחוח מרענן ירוק,רקיט בנקיזר (ניר איסט) בעמ,,,יח`,2.50,1 ליטר,false,1,25.90,10.36,true,1,
7290112002136,false,קולון ג`ל 4 ליטר רגיל כחול,רקיט בנקיזר (ניר איסט) בעמ,,,יח`,4,1 ליטר,false,1,35.90,8.98,false,1,
7290112002143,false,קולון ג`ל 4 ליטר לילך סגול,רקיט בנקיזר (ניר איסט) בעמ,,,יח`,4,1 ליטר,false,1,35.90,8.98,false,1,
7290112002150,false,קולון ג`ל 4 ליטר בניחוח ורדים,רקיט בנקיזר (ניר איסט) בעמ,,,יח`,4,1 ליטר,false,1,35.90,8.98,false,1,
7290112002167,false,קולון ג`ל 4 ליטר בניחוח פריחה מרענן ירוק,רקיט בנקיזר (ניר איסט) בעמ,,,יח`,4,1 ליטר,false,1,35.90,8.98,false,1,
7290112004208,false,פיניש 50 טבליות לימון AIO MAX,רקיט בנקיזר (ניר איסט) בעמ,,,יח`,1,,false,1,41.90,41.90,true,1,
7290112004314,false,דטול תרסיס מנקה ומחטא רימונים 750 מל,רקיט בנקיזר (ניר איסט) בעמ,,,יח`,750,"מ""ל",false,1,15.90,2.12,true,1,
7290112004413,false,ספריי להסרת כתמים וניש קליה לבן (750 מל,רקיט בנקיזר (ניר איסט) בעמ,,,יח`,750,"מ""ל",false,1,20.90,2.79,true,1,
7290112004703,false,וניש ג`ליסימו ורוד 750 מל,רקיט בנקיזר (ניר איסט) בעמ,,,יח`,750,"מ""ל",false,1,20.90,2.79,false,1,
7290112004710,false,וניש ג`ליסימו לבן 750 מל,רקיט בנקיזר (ניר איסט) בעמ,,,יח`,750,"מ""ל",false,1,20.90,2.79,false,1,
7290112005045,false,וניש מסיר כתמים א.לכביסה לבנה 480 גר`,רקיט בנקיזר (ניר איסט) בעמ,,,יח`,480,גרם,false,1,17.90,3.73,true,1,
7290112005083,false,וניש אבקה לכביסה צבעונית,רקיט בנקיזר (ניר איסט) בעמ,,,יח`,1.50,גרם,false,1,40.90,2726.67,false,1,
7290112005168,false,פיניש קוואנטום לימון 60 קפסולות,רקיט בנקיזר (ניר איסט) בעמ,,,יח`,1,,false,1,61.90,61.90,true,1,
7290112192509,false,פרורי לחם 250  גר`-gfreeללא  גלוטן,גורי מוצרי צריכה (1991) בעמ,,,יח`,250,גרם,false,1,17.40,6.96,false,1,
7290112193292,false,מסכה מתולתלות 500 מל,גורי ע.ע.ע בעמ,,,יח`,500,"מ""ל",false,1,28.90,5.78,true,1,
7290112193315,false,קרם לחות מתולתלות 400 מל,גורי ע.ע.ע בעמ,,,יח`,400,"מ""ל",false,1,28.90,7.23,true,1,
7290112193582,false,תערובת לעוגה 500 גר GFREE,גורי מוצרי צריכה (1991) בעמ,,,יח`,500,גרם,false,1,19.60,3.92,false,1,
7290112197184,false,דגני בוקר במילוי קרמל מלוח ללא גלוטן.,גורי מוצרי צריכה (1991) בעמ,,,יח`,375,גרם,false,1,22.90,6.11,true,1,
7290112197191,false,דגני בוקר כהים במילוי קרם וניל ללא גלוטן,גורי מוצרי צריכה (1991) בעמ,,,יח`,375,גרם,false,1,22.90,6.11,true,1,
7290112330352,false,דנונה פרו 200  גר`וניל 0% שומן,שטראוס גרופ בעמ/מצונן,,,יח`,200,"מ""ל",false,1,5.90,2.95,false,1,
7290112330390,false,דנונה פרו 200  גר`פירות יער 0% שומן,שטראוס גרופ בעמ/מצונן,,,יח`,200,"מ""ל",false,1,5.90,2.95,false,1,
7290112332585,false,פריכיות משולשות-אורז  בתיבול סלק ומלח ים,שטראוס גרופ בעמ,,,יח`,30,גרם,false,1,4.90,16.33,false,1,
7290112332875,false,מאסט קוביות מנטה עדינה 86 גר`,שטראוס גרופ בעמ,,,יח`,86,גרם,false,1,14.90,17.33,false,1,
7290112334749,false,קפה טורקי עלית (200 גרם) 10% תוספת,שטראוס גרופ בעמ,,,יח`,220,גרם,false,1,16.30,7.41,true,1,
7290112335111,false,מאסט קוביות בטעם בזוקה 86 גר`,שטראוס גרופ בעמ,,,יח`,86,גרם,false,1,14.90,17.33,false,1,
7290112335487,false,פריכיות הטעימות קצח ודגנים 135,שטראוס גרופ בעמ,,,יח`,135,גרם,false,1,14.20,10.52,false,1,
7290112335500,false,הפריכיות הטעימות חלבון 135 גר`,שטראוס גרופ בעמ,,,יח`,135,גרם,false,1,14.20,10.52,false,1,
7290112336613,false,עד חצות סנדוויץ 135  גר`עלית,שטראוס גרופ בעמ,,,יח`,135,גרם,false,1,12.20,9.04,false,1,
7290112336637,false,מאסט סוכריות יוגרוט תות אוכמניות 80 גר`,שטראוס גרופ בעמ,,,יח`,80,גרם,false,1,9.70,12.13,false,1,
7290112336644,false,מאסט סוכריות לימון 80 גר ללא סוכר,שטראוס גרופ בעמ,,,יח`,80,גרם,false,1,9.70,12.13,false,1,
7290112336712,false,דנונה פרו 21% חלבון 0,שטראוס גרופ בעמ/מצונן,,,יח`,200,"מ""ל",false,1,6.10,3.05,false,1,
7290112337474,false,מאסט סוכריות פטל לימון 80 גר ללא סוכר,שטראוס גרופ בעמ,,,יח`,80,גרם,false,1,9.70,12.13,false,1,
7290112339362,false,דנונה לייט אנד פריי בטעם קפוצ`נו 150 גר`,שטראוס גרופ בעמ/מצונן,,,יח`,150,"מ""ל",false,1,4.90,3.27,true,1,
7290112339867,false,גמדים סקוויז בודד תות (100 גר`),שטראוס גרופ בעמ/מצונן,,,יח`,100,גרם,false,1,6,6,false,1,
7290112339874,false,גמדים סקוויז בודד תות בננה (100 גר`),שטראוס גרופ בעמ/מצונן,,,יח`,100,גרם,false,1,6,6,false,1,
7290112340122,false,פריכיות טעימות 3 דגנים 135 גר`,שטראוס גרופ בעמ,,,יח`,135,גרם,false,1,14.20,10.52,false,1,
7290112340276,false,עוגיות קרם קפה עלית 200 גר` עלית,שטראוס גרופ בעמ,,,יח`,200,גרם,false,1,11.90,5.95,false,1,
7290112341679,false,אקטיביה יוגורט 3% דנונה (200 גרם),שטראוס גרופ בעמ/מצונן,,,יח`,200,גרם,false,1,4.20,2.10,false,1,
7290112342102,false,סימפוניה בצל מקורמל 5% שטראוס,שטראוס גרופ בעמ/מצונן,,,יח`,200,גרם,false,1,12.20,6.10,false,1,
7290112342270,false,קפה אינטנס 10% פלטינום,שטראוס גרופ בעמ,,,יח`,125,גרם,false,1,19.90,15.92,false,1,
7290112343420,false,יטבתה פרו ארוחת בוקר 350 מל,שטראוס גרופ בעמ/מצונן,,,יח`,350,"מ""ל",false,1,7.90,2.26,false,1,
7290112343499,false,צ`יטוס 55 גר` puffs,שטראוס פריטו ליי בעמ,,,יח`,60,גרם,false,1,3.90,6.50,true,1,
7290112344724,false,מעדן מוס שוקולד בלונדי 133  גר`מילקי,שטראוס גרופ בעמ/מצונן,,,יח`,133,גרם,false,1,3.40,2.56,false,1,
7290112344755,false,מילקי עם 26% פחות  סוכר( 135 גר`),שטראוס גרופ בעמ/מצונן,,,יח`,135,גרם,false,1,2.90,2.15,false,1,
7290112344786,false,קפה PLATINUMקלאסי 200 גר,שטראוס גרופ בעמ,,,יח`,200,גרם,false,1,24.90,12.45,true,1,
7290112346360,false,בפלות אחת אחת בציפוי שוקלוד חלב עלית,שטראוס גרופ בעמ,,,יח`,180,גרם,false,1,14.90,8.28,false,1,
7290112346537,false,פינוקיות בטעם טורטית 200 גר` עלית,שטראוס גרופ בעמ,,,יח`,200,גרם,false,1,11.90,5.95,false,1,
7290112346773,false,דנונה לייט אנד פריי וניל עם חלבון,שטראוס גרופ בעמ/מצונן,,,יח`,150,גרם,false,1,4.70,3.13,true,1,
7290112347473,false,מארז לייט אנד פריי תות ואפרסק דנונה,שטראוס גרופ בעמ/מצונן,,,יח`,1200,גרם,false,1,28.70,2.39,false,1,
7290112348616,false,קפה נמס אגוזי לוז (100  גר)עלית,שטראוס גרופ בעמ,,,יח`,100,גרם,false,1,17.30,17.30,false,1,
7290112349316,false,בזוקה ביג פופים בטעם תות,שטראוס גרופ בעמ,,,יח`,86,גרם,false,1,15.50,18.02,false,1,
7290112349606,false,דניאלה מעדן בטעם תות בננה שטראוס (88 גרם,שטראוס גרופ בעמ/מצונן,,,יח`,150,"מ""ל",false,1,4,2.67,false,1,
7290112349736,false,רוטב עגבניות לפסטה 350  גר`בזיליקום,שטראוס גרופ בעמ,,,יח`,350,גרם,false,1,11.90,3.40,true,1,
7290112349897,false,מאסט קוביות מנטה ללס 86 גר`,שטראוס גרופ בעמ,,,יח`,86,גרם,false,1,14.90,17.33,false,1,
7290112350312,false,קפסולות 15 למכונות נספרו עלית) (10,שטראוס גרופ בעמ,,,יח`,50,גרם,false,1,18.50,37,true,1,
7290112351463,false,סוכריות שלישיית fresh פטל לימון ללס מאס,שטראוס גרופ בעמ,,,יח`,45,גרם,false,1,9.90,22,false,1,
7290112351470,false,סוכריות שלישיית fresh רימון תות ללס מאס,שטראוס גרופ בעמ,,,יח`,45,גרם,false,1,9.90,22,false,1,
7290112354211,false,דלישס שטראוס פיצה מרגריטה,קפוא-זן תעשיות מזון בעמ - תפוג,,,יח`,400,גרם,false,1,27.90,6.98,true,1,
7290112354945,false,תפוצ`יפס (50  גרם)היתר מכירה,שטראוס פריטו ליי בעמ,,,יח`,50,גרם,false,1,4,8,false,1,
7290112354952,false,תפוצ`יפס פפריקה (50  גרם)היתר מכירה,שטראוס פריטו ליי בעמ,,,יח`,50,גרם,false,1,4,8,false,1,
7290112354969,false,תפוצ`יפס 200 גר` (יבול חול/היתר מכירה),שטראוס פריטו ליי בעמ,,,יח`,200,גרם,false,1,11.50,5.75,true,1,
7290112355027,false,דנונה פרו 20  גר`חלבון בטעם קרמל  מלוח(,שטראוס גרופ בעמ/מצונן,,,יח`,200,"מ""ל",false,1,5.90,2.95,false,1,
7290112355393,false,רוטב שמנת עם בטטה 9% יטבתה (250 מל),שטראוס גרופ בעמ/מצונן,,,יח`,250,"מ""ל",false,1,10.10,4.04,true,1,
7290112357083,false,אפונת גינה 380 גר טעם הטבע קופסה,שטראוס גרופ בעמ,,,יח`,380,גרם,false,1,7.90,2.08,true,1,
7290112357106,false,שעועית אדומה 380  גר`טעם הטבע קופסה,שטראוס גרופ בעמ,,,יח`,380,גרם,false,1,7.90,2.08,true,1,
7290112358431,false,ביסקוויט עד חצות דאבל 200 גר`,שטראוס גרופ בעמ,,,יח`,200,גרם,false,1,14.50,7.25,false,1,
7290112359353,false,קפה טורקי  אלדין( 200  גר`)עלית,שטראוס גרופ בעמ,,,יח`,200,גרם,false,1,20.90,10.45,false,1,
7290112480309,false,צלחת גדולה קרם 100 יח לפיד,פאלאס תעשיות נטו (2014) בעמ,,,יח`,1,,false,1,39.90,39.90,true,1,
7290112482211,false,פאלאס תבניות אלומניום ענק,פאלאס תעשיות נטו (2014) בעמ,,,יח`,1,,false,1,1.90,1.90,true,1,
7290112482242,false,צלחות קטנה 25 יח טופ סטאר,פאלאס תעשיות נטו (2014) בעמ,,,יח`,1,,false,1,8.90,8.90,true,1,
7290112483430,false,כפות שקופות לפיד 50 יח,פאלאס תעשיות נטו (2014) בעמ,,,יח`,1,,false,1,7.90,7.90,true,1,
7290112483454,false,מזלגות שקופות לפיד 50 יח,פאלאס תעשיות נטו (2014) בעמ,,,יח`,1,,false,1,7.90,7.90,true,1,
7290112483461,false,סכינים שקופות לפיד 50 יח,פאלאס תעשיות נטו (2014) בעמ,,,יח`,1,,false,1,7.90,7.90,true,1,
7290112484895,false,צלחות גדולות 1 קג,פאלאס תעשיות נטו (2014) בעמ,,,יח`,1,יח`,false,1,39.90,39.90,true,1,
7290112485861,false,כוסות נייר b8 פאלאס) (50,פאלאס תעשיות נטו (2014) בעמ,,,יח`,50,יח`,false,1,8.90,0.18,false,1,
7290112490032,false,מרק נמס בכוס תירס קנור,יוניליוור ישראל שיווק בעמ,,,יח`,45,גרם,false,1,7.60,16.89,true,1,
7290112490117,false,קליק טבלאות שוקולד עם וופל ואגוזים 85 גר,יוניליוור ישראל שיווק בעמ,,,יח`,85,גרם,false,1,6.70,7.88,true,1,
7290112490216,false,מרק נמס בכוס טעם עוף קנור (2*24 גר`),יוניליוור ישראל שיווק בעמ,,,יח`,48,גרם,false,1,7.60,15.83,true,1,
7290112490230,false,מרק נמס בכוס אפונה קנור) (25*2,יוניליוור ישראל שיווק בעמ,,,יח`,50,גרם,false,1,7.60,15.20,true,1,
7290112490667,false,קונפיטורת משמשים  (788 340  גר`),יוניליוור ישראל שיווק בעמ,,,יח`,340,גרם,false,1,14.50,4.26,true,1,
7290112490674,false,קונפיטורת דובדבנים  (788 340  גר`),יוניליוור ישראל שיווק בעמ,,,יח`,340,גרם,false,1,14.50,4.26,true,1,
7290112490698,false,קונפיטורה לייט תות שדה 778,יוניליוור ישראל שיווק בעמ,,,יח`,260,גרם,false,1,14.50,5.58,true,1,
7290112490742,false,מרק עשיר פטריות עם גריסים קנור רכיבים טב,יוניליוור ישראל שיווק בעמ,,,יח`,104,גרם,false,1,13.90,13.37,true,1,
7290112491701,false,ברנפלקס חלבון 375 גר`,יוניליוור ישראל שיווק בעמ,,,יח`,375,גרם,false,1,23.40,6.24,true,1,
7290112491770,false,בייגלה דק דק מלח 300 גר`,יוניליוור ישראל שיווק בעמ,,,יח`,300,גרם,false,1,11.50,3.83,true,1,
7290112492449,false,שמפו פינוק שיער רגיל 700 מל,יוניליוור ישראל שיווק בעמ,,,יח`,700,גרם,false,1,13.50,1.93,true,1,
7290112492456,false,שמפו לשיער יבש פינוק (700 מל),יוניליוור ישראל שיווק בעמ,,,יח`,700,"מ""ל",false,1,13.50,1.93,true,1,
7290112492463,false,שמפו פינוק2ב (7001 מל),יוניליוור ישראל שיווק בעמ,,,יח`,700,"מ""ל",false,1,13.50,1.93,true,1,
7290112492470,false,שמפו ומרכך פינוק 2ב (7001 מל),יוניליוור ישראל שיווק בעמ,,,יח`,700,"מ""ל",false,1,13.50,1.93,true,1,
7290112492487,false,שמפו פינוקשמן מרוקאי (700מל),יוניליוור ישראל שיווק בעמ,,,יח`,700,"מ""ל",false,1,13.50,1.93,true,1,
7290112492500,false,שמפו פינוקשמן קוקוס (700מל),יוניליוור ישראל שיווק בעמ,,,יח`,700,"מ""ל",false,1,13.50,1.93,true,1,
7290112492531,false,מרכך לשיער רגיל (700  מל)פינוק,יוניליוור ישראל שיווק בעמ,,,יח`,700,"מ""ל",false,1,13.50,1.93,true,1,
7290112492548,false,מרכך לשיער יבש (700  מל)פינוק,יוניליוור ישראל שיווק בעמ,,,יח`,700,"מ""ל",false,1,13.50,1.93,true,1,
7290112492593,false,תחליב רחצה רגיל 700 מל פינוק,יוניליוור ישראל שיווק בעמ,,,יח`,700,"מ""ל",false,1,14.20,2.03,true,1,
7290112492609,false,תחליב רחצה לבנדר ווניל (700  מל)פינוק,יוניליוור ישראל שיווק בעמ,,,יח`,700,"מ""ל",false,1,14.20,2.03,true,1,
7290112492982,false,מרק פטריות רכיבים טבעיים 400  גר`קנור,יוניליוור ישראל שיווק בעמ,,,יח`,400,גרם,false,1,29.50,7.38,true,1,
7290112492999,false,אבקת מרק טעם עוף 400  גר`קנור,יוניליוור ישראל שיווק בעמ,,,יח`,400,גרם,false,1,17.30,4.33,true,1,
7290112493088,false,נמס בכוס עדשים 100% רכיבים טביעיים קנור,יוניליוור ישראל שיווק בעמ,,,יח`,54,גרם,false,1,7.90,14.63,false,1,
7290112493095,false,נמס בכוס עגבניות חריף 100% רכיבים טביעיי,יוניליוור ישראל שיווק בעמ,,,יח`,48,גרם,false,1,7.90,16.46,false,1,
7290112493293,false,נמס בכוס ירקות 100% רכיבים טביעיים קנור,יוניליוור ישראל שיווק בעמ,,,יח`,44,גרם,false,1,7.90,17.95,true,1,
7290112493316,false,מרק היום אפונה 100% רכיבים טביעיים קנור,יוניליוור ישראל שיווק בעמ,,,יח`,117,גרם,false,1,13.90,11.88,true,1,
7290112494153,false,תיבוליות ניחוח צלי  קנור( 72 גרם),יוניליוור ישראל שיווק בעמ,,,יח`,72,גרם,false,1,10.90,15.14,true,1,
7290112494283,false,חטיף כדורים מעורב חום לבו 65  גר`קליק,יוניליוור ישראל שיווק בעמ,,,יח`,65,גרם,false,1,6.40,9.85,true,1,
7290112494344,false,קורנפלקס של אלופים תלמה (850 גרם)רבנות,יוניליוור ישראל שיווק בעמ,,,יח`,850,גרם,false,1,18.90,2.22,false,1,
7290112494795,false,ג`ל כביסה לבנה וצבעונית בניחוח בדין כחול,יוניליוור ישראל שיווק בעמ,,,יח`,2.50,1 ליטר,false,1,30.90,12.36,true,1,
7290112495006,false,כריות נוגט 686  גר`תלמה,יוניליוור ישראל שיווק בעמ,,,יח`,686,גרם,false,1,25.90,3.78,false,1,
7290112495037,false,קוקומן כדורים 375  גר`תלמה,יוניליוור ישראל שיווק בעמ,,,יח`,375,גרם,false,1,22.40,5.97,true,1,
7290112495105,false,נישנושים תפוא שמנת בצל 260 גר`,יוניליוור ישראל שיווק בעמ,,,יח`,260,גרם,false,1,14.50,5.58,true,1,
7290112495167,false,נשנושי קרקר משולשי שומשום 300 גר,יוניליוור ישראל שיווק בעמ,,,יח`,300,גרם,false,1,14.50,4.83,true,1,
7290112495174,false,נשנושי קרקר קוקטייל שומשום 300 גר`,יוניליוור ישראל שיווק בעמ,,,יח`,300,גרם,false,1,14.50,4.83,true,1,
7290112495433,false,דליפקאן תוספת אגוזי פקאן ושקדים תלמה (40,יוניליוור ישראל שיווק בעמ,,,יח`,400,גרם,false,1,24.40,6.10,true,1,
7290112495594,false,שמיניות גדולות ללא מלח 400 גר בייגל בייג,יוניליוור ישראל שיווק בעמ,,,יח`,400,גרם,false,1,14.20,3.55,true,1,
7290112495754,false,רוטב לסלט אלף האיים הלמנס (305 מל),יוניליוור ישראל שיווק בעמ,,,יח`,305,"מ""ל",false,1,13.90,4.56,true,1,
7290112495761,false,רוטב לסלט אלף האיים לייט הלמנס (305 מל),יוניליוור ישראל שיווק בעמ,,,יח`,305,"מ""ל",false,1,13.90,4.56,true,1,
7290112495785,false,רוטב לסלט שום (300  גרם)הלמנס,יוניליוור ישראל שיווק בעמ,,,יח`,300,גרם,false,1,13.90,4.63,true,1,
7290112495792,false,רוטב שום לייט 300 גר הלמנס,יוניליוור ישראל שיווק בעמ,,,יח`,300,גרם,false,1,13.90,4.63,true,1,
7290112495808,false,רוטב לסלט חרדל ודבש הלמנס (305 מל),יוניליוור ישראל שיווק בעמ,,,יח`,305,"מ""ל",false,1,13.90,4.56,true,1,
7290112495976,false,פריכיות אורז מצופות שוקולד חלב מעולה פתי,יוניליוור ישראל שיווק בעמ,,,יח`,35,גרם,false,1,5.90,16.86,true,1,
7290112495983,false,פריכיות אורז מצופות שוקולד חלב מעולה ושב,יוניליוור ישראל שיווק בעמ,,,יח`,39,גרם,false,1,5.90,15.13,true,1,
7290112496188,false,אקס בושם כיס אפולו,יוניליוור ישראל שיווק בעמ,,,יח`,1,,false,1,11,11,true,1,
7290112496201,false,אקס בושם כיס שוקולד,יוניליוור ישראל שיווק בעמ,,,יח`,1,,false,1,11,11,true,1,
7290112496218,false,טריאקיהפחתה של%50 סוכר ונתרן,יוניליוור ישראל שיווק בעמ,,,יח`,340,"מ""ל",false,1,13.90,4.09,true,1,
7290112496270,false,פתית ציפס תפוא בתוספת עגבניות ועשבי תיבו,יוניליוור ישראל שיווק בעמ,,,יח`,22,גרם,false,1,5.90,26.82,true,1,
7290112496287,false,פתית ציפס בטטה בטעם טבעי 21 גר.,יוניליוור ישראל שיווק בעמ,,,יח`,21,גרם,false,1,5.90,28.10,true,1,
7290112496294,false,פתית ציפס אפונה בתוספת צ`לי 22 גר.,יוניליוור ישראל שיווק בעמ,,,יח`,22,גרם,false,1,5.90,26.82,true,1,
7290112496331,false,קורנפלקס בננה 448  גר`תלמה,יוניליוור ישראל שיווק בעמ,,,יח`,448,גרם,false,1,16.90,3.77,true,1,
7290112496447,false,נמס בכוס אקסטרה טעם עוף,יוניליוור ישראל שיווק בעמ,,,יח`,27,גרם,false,1,5.90,21.85,false,1,
7290112496461,false,נמס בכוס אקסטרא ירקות 32 גר`,יוניליוור ישראל שיווק בעמ,,,יח`,32,גרם,false,1,5.90,18.44,false,1,
7290112497123,false,אבקת להכנת סחלב קנור (112 גר`),יוניליוור ישראל שיווק בעמ,,,יח`,112,גרם,false,1,14.50,12.95,true,1,
7290112497727,false,אל סבון בייבי 700 מל פינוק,יוניליוור ישראל שיווק בעמ,,,יח`,700,"מ""ל",false,1,15.90,2.27,true,1,
7290112498007,false,גרנולה פרוטאין בתוספת חלבון שקדים וחמוצי,יוניליוור ישראל שיווק בעמ,,,יח`,300,גרם,false,1,15.90,5.30,true,1,
7290112498069,false,קוקומן בטעם שוקולד 375  גר`כשלפ,יוניליוור ישראל שיווק בעמ,,,יח`,375,גרם,false,1,23.50,6.27,true,1,
7290112498526,false,פתית ציפס בטטה סגולה שמנת בצל,יוניליוור ישראל שיווק בעמ,,,יח`,22,גרם,false,1,5.90,26.82,true,1,
7290112499479,false,פינוק שמפו בתוספת קרטין 700 מל,יוניליוור ישראל שיווק בעמ,,,יח`,700,"מ""ל",false,1,13.50,1.93,true,1,
7290112499639,false,טילון סופר מגנום וניל צ`פי ושוקולד,גלידות שטראוס בעמ,,,יח`,1,,false,1,9.90,9.90,true,1,
7290112499837,false,מגנום דואט שוקו לד עם נוגט שטראוס,גלידות שטראוס בעמ,,,יח`,90,גרם,false,1,9.90,11,true,1,
7290112700834,false,סוכריות סודה בצורת צמיד עם שעון LOL,שמחה זה אנחנו בעמ,,,יח`,1,,false,1,9.90,9.90,false,1,
7290112961266,false,בייגלה כפיות פיזור איטלקי 300 גר` אסם,קבוצת אסם סחר שות. מוגבלת,,,יח`,300,גרם,false,1,10.10,3.37,true,1,
7290112961327,false,בייגלה כפיות פיזור כפרי 300 גר` אסם,קבוצת אסם סחר שות. מוגבלת,,,יח`,300,גרם,false,1,10.10,3.37,true,1,
7290112962287,false,שווארמה טבעונית 450 גר` טבעול,קבוצת אסם סחר שות. מוגבלת,,,יח`,450,גרם,false,1,34.60,7.69,true,1,
7290112963918,false,חטיפי קרקר דק רוזמרין 140 גר` פיטנס,קבוצת אסם סחר שות. מוגבלת,,,יח`,140,גרם,false,1,12.90,9.21,true,1,
7290112964410,false,רוטב אלף האיים לסלט ( 290 גר`) אסם,קבוצת אסם סחר שות. מוגבלת,,,יח`,290,"מ""ל",false,1,13.20,4.55,true,1,
7290112964458,false,רוטב לסלט וינגרט אסם (295 מל),קבוצת אסם סחר שות. מוגבלת,,,יח`,295,"מ""ל",false,1,13.20,4.47,true,1,
7290112964472,false,רוטב שום לסלט (290 גר`) אסם,קבוצת אסם סחר שות. מוגבלת,,,יח`,290,"מ""ל",false,1,13.20,4.55,true,1,
7290112964724,false,המבורגר טבעוני 580 גר` טבעול,קבוצת אסם סחר שות. מוגבלת,,,יח`,504,גרם,false,1,34.60,6.87,true,1,
7290112965240,false,זוג מרק נמס עגבניות 60  גר`אסם בדצ,קבוצת אסם סחר שות. מוגבלת,,,יח`,60,גרם,false,1,6.90,11.50,false,1,
7290112965264,false,מרק נמס סוף זוג אפונה בדצ,קבוצת אסם סחר שות. מוגבלת,,,יח`,52,גרם,false,1,6.90,13.27,false,1,
7290112965288,false,מרק נמס בטעם ירקות אסם 52 גר`,קבוצת אסם סחר שות. מוגבלת,,,יח`,52,גרם,false,1,6.90,13.27,false,1,
7290112965325,false,אורז ספרדי 140  גר`אסם,קבוצת אסם סחר שות. מוגבלת,,,יח`,140,גרם,false,1,12.50,8.93,false,1,
7290112965660,false,חטיף מולטיגריין מלח פלפל ( 25 גר`) פיטנס,קבוצת אסם סחר שות. מוגבלת,,,יח`,1,,false,1,5.90,5.90,false,1,
7290112965981,false,ארוחת דגנים 450 גר` טבעול גורמה,קבוצת אסם סחר שות. מוגבלת,,,יח`,450,גרם,false,1,35.90,7.98,true,1,
7290112966001,false,ארוחת ירוקים 450 גר` טבעול גורמה,קבוצת אסם סחר שות. מוגבלת,,,יח`,450,גרם,false,1,35.90,7.98,true,1,
7290112966445,false,במבה מתוקה אריזה גדולה 100  גר`אסם,קבוצת אסם סחר שות. מוגבלת,,,יח`,100,גרם,false,1,9.90,9.90,false,1,
7290112966803,false,אינסטנט פודינג בטעם שוקולד אסם (88 גרם),קבוצת אסם סחר שות. מוגבלת,,,יח`,88,גרם,false,1,5.90,6.70,false,1,
7290112967114,false,חטיפי פריכיות קטניות ופלפל 60 גר` פיטנס,קבוצת אסם סחר שות. מוגבלת,,,יח`,60,גרם,false,1,9.90,16.50,false,1,
7290112967572,false,רוטב ברביקיו ( 290 מל) אסם,קבוצת אסם סחר שות. מוגבלת,,,יח`,250,גרם,false,1,13.20,5.28,true,1,
7290112968784,false,חטיפי כרובית 450 גר` טבעול,קבוצת אסם סחר שות. מוגבלת,,,יח`,450,גרם,false,1,34.60,7.69,true,1,
7290112968807,false,חטיפי קרקר דק סלק 140 גר` פיטנס,קבוצת אסם סחר שות. מוגבלת,,,יח`,140,גרם,false,1,12.90,9.21,true,1,
7290112968821,false,חטיפי קרקר דק בטטה 140 גר` פיטנס,קבוצת אסם סחר שות. מוגבלת,,,יח`,140,גרם,false,1,12.90,9.21,true,1,
7290113190450,false,ממרח תמרים 450 גר` שקדיה,דין שיווק וקליה 2021 בעמ,,,יח`,450,גרם,false,1,6.50,1.44,true,1,
7290113191747,false,דפי אורז מרובעים 250 גר,דין שיווק וקליה 2021 בעמ,,,יח`,250,גרם,false,1,9.90,3.96,true,1,
7290113192164,false,אגוזי קשיו קלופים 150  גר`ששון הקולה,דין שיווק וקליה 2021 בעמ,,,יח`,150,גרם,false,1,15.90,10.60,false,1,
7290113192171,false,מיקס אגוזים שקדים וחמוציות 150  גר`ששון,דין שיווק וקליה 2021 בעמ,,,יח`,150,גרם,false,1,15.90,10.60,false,1,
7290113192300,false,חרוזית מושחר 275 גר` בית השיטה,קבוצת אסם סחר שות. מוגבלת,,,יח`,275,גרם,false,1,11.50,4.18,false,1,
7290113192324,false,זיתים ירוקים שלמים בינוניים 560  גר`בית,קבוצת אסם סחר שות. מוגבלת,,,יח`,560,גרם,false,1,10.90,1.95,false,1,
7290113192331,false,זיתים ירוקים שלמים גדולים 340 גר`,קבוצת אסם סחר שות. מוגבלת,,,יח`,340,גרם,false,1,10.90,3.21,false,1,
7290113192348,false,זית ירוק טעם שום  (34017-19 גר`),קבוצת אסם סחר שות. מוגבלת,,,יח`,340,גרם,false,1,11.50,3.38,true,1,
7290113192355,false,זיתים חרוזית ירוק A2 בית השיטה,קבוצת אסם סחר שות. מוגבלת,,,יח`,560,גרם,false,1,11.50,2.05,true,1,
7290113192362,false,זיתים ירוקים טבעות (560  גרם)בית השיטה,קבוצת אסם סחר שות. מוגבלת,,,יח`,560,גרם,false,1,11.90,2.13,false,1,
7290113192379,false,זיתים ירוקים מבוקעים A2 בית השיטה,קבוצת אסם סחר שות. מוגבלת,,,יח`,560,גרם,false,1,11.50,2.05,false,1,
7290113192386,false,זיתים סורי מבוקע A2 בית השיטה,קבוצת אסם סחר שות. מוגבלת,,,יח`,560,גרם,false,1,11.90,2.13,false,1,
7290113192393,false,קוקטייל זיתים בית השיטה (336 גרם),קבוצת אסם סחר שות. מוגבלת,,,יח`,336,גרם,false,1,12.90,3.84,false,1,
7290113192478,false,מלפפון במלח 10-12 A2 בית השיטה,קבוצת אסם סחר שות. מוגבלת,,,יח`,320,גרם,false,1,8.40,2.63,true,1,
7290113192485,false,מלפפון בחומץ 10-12 A2 בית השיטה ( 290 גר,קבוצת אסם סחר שות. מוגבלת,,,יח`,290,גרם,false,1,8.40,2.90,true,1,
7290113192508,false,מלפפון במלח 13-17 A2 בית  השיטה( 320 גר`,קבוצת אסם סחר שות. מוגבלת,,,יח`,320,גרם,false,1,10.90,3.41,false,1,
7290113192515,false,מלפפון במלח 18-25 A2 בית  השיטה( 320 גר`,קבוצת אסם סחר שות. מוגבלת,,,יח`,320,גרם,false,1,13.50,4.22,false,1,
7290113192522,false,מלפפון בחומץ 18-25 A2 בית  השיטה( 320 גר,קבוצת אסם סחר שות. מוגבלת,,,יח`,320,גרם,false,1,13.50,4.22,false,1,
7290113192553,false,מלפפון במלח בלאדי 13-17 בית  השיטה( 320,קבוצת אסם סחר שות. מוגבלת,,,יח`,320,גרם,false,1,10.90,3.41,false,1,
7290113192560,false,פלפל חריף כבוש שיפקה בית השיטה (430 גר`),קבוצת אסם סחר שות. מוגבלת,,,יח`,430,גרם,false,1,7.90,1.84,true,1,
7290113192577,false,כרוב כבוש בית השיטה (430 גר`),קבוצת אסם סחר שות. מוגבלת,,,יח`,430,גרם,false,1,8.90,2.07,false,1,
7290113192881,false,טורטיה חיטה מופחת קלוריות 270 גר,דין שיווק וקליה 2021 בעמ,,,יח`,270,גרם,false,1,10.90,4.04,true,1,
7290113193017,false,קוקטייל זיתים 275  גר`בית השיטה,קבוצת אסם סחר שות. מוגבלת,,,יח`,275,גרם,false,1,13.50,4.91,false,1,
7290113193321,false,שמן זית כתית מעולה 750 מל בית השיטה,קבוצת אסם סחר שות. מוגבלת,,,יח`,750,"מ""ל",false,1,30.90,4.12,false,1,
7290113193406,false,טבעות קוקטייל זיתים 280  גר`בית השיטה,קבוצת אסם סחר שות. מוגבלת,,,יח`,280,גרם,false,1,12.90,4.61,false,1,
7290113193888,false,חצילים מוחמצים 320  גר`בית השיטה,קבוצת אסם סחר שות. מוגבלת,,,יח`,320,גרם,false,1,10.90,3.41,true,1,
7290113195356,false,שמן קנולה מזוכך בית השיטה 1 ליטר,קבוצת אסם סחר שות. מוגבלת,,,יח`,1,"מ""ל",false,1,14.90,1490,false,1,
7290113195363,false,שמן חמניות מזוכך בית השיטה 1 ליטר,קבוצת אסם סחר שות. מוגבלת,,,יח`,1,"מ""ל",false,1,14.90,1490,false,1,
7290113195967,false,שיבולת שועל 500 גרם פחית שקדיה,דין שיווק וקליה 2021 בעמ,,,יח`,500,גרם,false,1,10.90,2.18,true,1,
7290113196001,false,פסטה ספגטי שקדיה 500 גר` .,דין שיווק וקליה 2021 בעמ,,,יח`,500,גרם,false,1,4.90,0.98,true,1,
7290113196018,false,פסטה ביסלי שקדיה 500 גר`.,דין שיווק וקליה 2021 בעמ,,,יח`,500,גרם,false,1,4.90,0.98,true,1,
7290113196025,false,פסטה צינורות שקדיה 500 גר` .,דין שיווק וקליה 2021 בעמ,,,יח`,500,גרם,false,1,4.90,0.98,true,1,
7290113196032,false,פסטה צדפים שקדיה 500 גר` .,דין שיווק וקליה 2021 בעמ,,,יח`,500,גרם,false,1,4.90,0.98,true,1,
7290113196414,false,אורז בסמטי 1 קג שקדיה,דין שיווק וקליה 2021 בעמ,,,יח`,1,"ק""ג",false,1,10.90,10.90,false,1,
7290113196896,false,תרסיס שמן זית 170 מל שקדיה,דין שיווק וקליה 2021 בעמ,,,יח`,170,"מ""ל",false,1,13.90,8.18,true,1,
7290113197169,false,שקדיה חמאת בוטנים עם שברי בוטנים 510 גר,דין שיווק וקליה 2021 בעמ,,,יח`,510,גרם,false,1,16.90,3.31,false,1,
7290113197176,false,שקדיה חמאת בוטנים 510 גר,דין שיווק וקליה 2021 בעמ,,,יח`,510,גרם,false,1,16.90,3.31,false,1,
7290113198562,false,סוכריות גומי בטעם תות שדה 200 גר`,דין שיווק וקליה 2021 בעמ,,,יח`,200,גרם,false,1,10.90,5.45,true,1,
7290113198579,false,סוכריות גומי דובונים בטעמי פירות 200 גר`,דין שיווק וקליה 2021 בעמ,,,יח`,200,גרם,false,1,10.90,5.45,true,1,
7290113198586,false,סוכריות גומי נחשים בטעם אפרסק 200 גר`,דין שיווק וקליה 2021 בעמ,,,יח`,200,גרם,false,1,10.90,5.45,true,1,
7290113198609,false,סוכריות גומי נחשים בטעמי פירות 200 גר`,דין שיווק וקליה 2021 בעמ,,,יח`,200,גרם,false,1,10.90,5.45,true,1,
7290113560109,false,משחת שיניים פרודונטקס 75 מל,גורי ע.ע.ע בעמ,,,יח`,75,"מ""ל",false,1,31.90,42.53,true,1,
7290114310215,false,טרה שמנת מתוקה עמידה בקבוק 38% 250 מל,החב` המרכזית - טרה,,,יח`,250,"מ""ל",false,1,6.47,2.59,false,1,
7290114310222,false,חלב מועשר בסידן ווטמין D  טרה( 1.5 ליט,החב` המרכזית - טרה,,,יח`,1.50,"מ""ל",false,1,12.50,833.33,false,1,
7290114310239,false,חלב נטול לקטוז  מעושר( 1.5  ליטר)בויטמין,החב` המרכזית - טרה,,,יח`,1.50,"מ""ל",false,1,12.50,833.33,false,1,
7290114310345,false,מעדן יוגרוט בטעם תות  (1.5% 125 גר`),החב` המרכזית - טרה,,,יח`,125,גרם,false,1,3,2.40,true,1,
7290114310536,false,יוגורט מולר אקטיב וניל חלבון 25 גר`,החב` המרכזית - טרה,,,יח`,200,גרם,false,1,6.20,3.10,true,1,
7290114310567,false,צוריאל לאבנה עיזים 5% 200 גר,החב` המרכזית - טרה,,,יח`,200,גרם,false,1,14.60,7.30,true,1,
7290114310611,false,משקה חלב בננה בבקבוק 250 מל טרה,החב` המרכזית - טרה,,,יח`,250,"מ""ל",false,1,5.20,2.08,false,1,
7290114310628,false,משקה חלב וניל עוגיות 1 ליטר,החב` המרכזית - טרה,,,יח`,1,1 ליטר,false,1,12.10,12.10,false,1,
7290114310901,false,גבינה לבנה 5% 250  גר`פיקוח,החב` המרכזית - טרה,,,יח`,250,גרם,false,1,4.98,1.99,false,1,
7290114311014,false,אייס קפוצ`ינו פקק ספורט 250 מל טרה,החב` המרכזית - טרה,,,יח`,250,"מ""ל",false,1,5.20,2.08,false,1,
7290114311069,false,יוגורט מולר אקטיב 0% לבן חלבון 25 גר,החב` המרכזית - טרה,,,יח`,200,גרם,false,1,6.20,3.10,true,1,
7290114311298,false,קציפת תות בננה מלון מולר פרופ 150 גר`,החב` המרכזית - טרה,,,יח`,150,"מ""ל",false,1,5.30,3.53,false,1,
7290114311304,false,קציפת מנגו פסיפלורה בננה מולר פרופ 150 ג,החב` המרכזית - טרה,,,יח`,150,"מ""ל",false,1,5.30,3.53,false,1,
7290114311328,false,חלב נטול לקטוז מועשר בוויטמין D טרה,החב` המרכזית - טרה,,,יח`,1,1 ליטר,false,1,7.50,7.50,false,1,
7290114311458,false,חלב קרטון 3% מועשר ויטמין די 1 ליטר,החב` המרכזית - טרה,,,יח`,1,1 ליטר,false,1,7.10,7.10,false,1,
7290114600927,false,עלי טורטיה חיטה מלאה 320 גר` מאסטר שף,ש.שסטוביץ בעמ,,,יח`,320,גרם,false,1,11.20,3.50,false,1,
7290114600941,false,מאסטר שף מיונז לחיץ 435 גר`,ש.שסטוביץ בעמ,,,יח`,435,גרם,false,1,15.90,3.66,false,1,
7290114603041,false,פרי גרנולה אגוזים בוטנים וקוקוס 300 גר`,ש.שסטוביץ בעמ,,,יח`,300,גרם,false,1,11.90,3.97,false,1,
7290114603539,false,קרוטונים למרק שום בצל 350  גר`מאסטר שף,ש.שסטוביץ בעמ,,,יח`,350,גרם,false,1,19.90,5.69,false,1,
7290114603607,false,פוף PLAY בטעם חמוץ מתוק 40 גר`,ש.שסטוביץ בעמ,,,יח`,40,גרם,false,1,5,12.50,true,1,
7290114604895,false,ממרח ספייסי לחיץ 446 גר` מאסטר שף,ש.שסטוביץ בעמ,,,יח`,446,גרם,false,1,15.90,3.57,false,1,
7290114604901,false,ממרח שום לחיץ 444 גר` מאסטר שף,ש.שסטוביץ בעמ,,,יח`,444,גרם,false,1,15.90,3.58,false,1,
7290114606547,false,מיונז עם פטריות כמהין 242 גר` מאסטר שף,ש.שסטוביץ בעמ,,,יח`,242,גרם,false,1,15.90,6.57,false,1,
7290114606561,false,אטריות אורז דקות 400 גר` מנה מאסטר שף,ש.שסטוביץ בעמ,,,יח`,400,גרם,false,1,10.90,2.73,false,1,
7290114606592,false,רוטב סויה מאסטר שף מסוריתית פולי סויה,ש.שסטוביץ בעמ,,,יח`,620,גרם,false,1,12.90,2.08,false,1,
7290114606608,false,רוטב סויה דל נתרן מאסטר שף 40% פולי סוי,ש.שסטוביץ בעמ,,,יח`,620,גרם,false,1,12.90,2.08,false,1,
7290115073676,false,מארז מסכה לפנים 50  יח`צבעוני,שמחה זה אנחנו בעמ,,,יח`,1,,false,1,9.90,9.90,false,1,
7290115200003,false,פתי בר פינוקי וניל 200  גר`אסם,קבוצת אסם סחר שות. מוגבלת,,,יח`,220,גרם,false,1,11.90,5.41,true,1,
7290115200027,false,פתי בר פינוקי שוקו 200  גר`אסם,קבוצת אסם סחר שות. מוגבלת,,,יח`,220,גרם,false,1,13.20,6,true,1,
7290115200881,false,בייגלה שטוחים שומשום במליחות מעודנת אסם,קבוצת אסם סחר שות. מוגבלת,,,יח`,300,גרם,false,1,10.10,3.37,true,1,
7290115201031,false,פתי בר דובי שוקולד 175  גר`אסם,קבוצת אסם סחר שות. מוגבלת,,,יח`,175,גרם,false,1,11.90,6.80,true,1,
7290115201451,false,לביבות בטטה וקארי 455 גר` טבעול גורמה,קבוצת אסם סחר שות. מוגבלת,,,יח`,455,גרם,false,1,35.90,7.89,true,1,
7290115201475,false,לביבות כרישה 434 גר` טבעול גורמה,קבוצת אסם סחר שות. מוגבלת,,,יח`,434,גרם,false,1,35.90,8.27,true,1,
7290115201536,false,לביבות כרובית 442 גר` טבעול גורמה,קבוצת אסם סחר שות. מוגבלת,,,יח`,442,גרם,false,1,35.90,8.12,true,1,
7290115201680,false,ביסלי חטיף בטעם ברביקין אסם (70 גרם),קבוצת אסם סחר שות. מוגבלת,,,יח`,70,גרם,false,1,4,5.71,true,1,
7290115201703,false,ביסלי חטיף בטעם ברביקין אסם (200 גרם),קבוצת אסם סחר שות. מוגבלת,,,יח`,200,גרם,false,1,9.10,4.55,true,1,
7290115201727,false,ביסלי חטיף בטעם בצל אסם (200 גרם),קבוצת אסם סחר שות. מוגבלת,,,יח`,200,גרם,false,1,9.10,4.55,true,1,
7290115202212,false,לביבות סלק 434 גר` טבעול גורמה,קבוצת אסם סחר שות. מוגבלת,,,יח`,434,גרם,false,1,35.90,8.27,true,1,
7290115202236,false,טופו קראנצי`ם 470 גרם טבעול,קבוצת אסם סחר שות. מוגבלת,,,יח`,470,גרם,false,1,34.60,7.36,true,1,
7290115202250,false,טופו קראנצי`ם צ`ילי פיקנטי 470 גרם טבעול,קבוצת אסם סחר שות. מוגבלת,,,יח`,470,גרם,false,1,34.60,7.36,true,1,
7290115202786,false,מנה חמה  פאוצ`נודלס אטריות בקר,קבוצת אסם סחר שות. מוגבלת,,,יח`,70,גרם,false,1,4.50,6.43,false,1,
7290115202816,false,מנה חמה  פאוצ`נודלס אטריות טעם עוף,קבוצת אסם סחר שות. מוגבלת,,,יח`,70,גרם,false,1,4.50,6.43,false,1,
7290115202847,false,מנה חמה  פאוצ`נודלס ספייסי,קבוצת אסם סחר שות. מוגבלת,,,יח`,70,גרם,false,1,4.50,6.43,false,1,
7290115203172,false,במבה פרו 80 גר`,קבוצת אסם סחר שות. מוגבלת,,,יח`,80,גרם,false,1,4.30,5.38,true,1,
7290115203486,false,פירורית טעם ביסלי גריל אסם (200 גרם),קבוצת אסם סחר שות. מוגבלת,,,יח`,200,גרם,false,1,7.50,3.75,false,1,
7290115204056,false,קטשופ 56% פחות סוכר 690 גרם אסם,קבוצת אסם סחר שות. מוגבלת,,,יח`,690,גרם,false,1,12.20,1.77,false,1,
7290115204292,false,בגט אותנטיק לבן 240 גר`,קבוצת אסם סחר שות. מוגבלת,,,יח`,1,,false,1,6.90,6.90,false,1,
7290115204995,false,לחמית ים תיכוני 160  גר`אסם,קבוצת אסם סחר שות. מוגבלת,,,יח`,160,גרם,false,1,11.50,7.19,true,1,
7290115205176,false,חטיפי קרקר כפרי 140 גר` פיטנס,קבוצת אסם סחר שות. מוגבלת,,,יח`,140,גרם,false,1,12.90,9.21,true,1,
7290115205251,false,פיטנס בר פריכיות קרמל מלוח 84 גרם,קבוצת אסם סחר שות. מוגבלת,,,יח`,84,גרם,false,1,16.30,19.40,true,1,
7290115205312,false,חטיפי קרקר זיתים 140 גר` thin deli פיטנס,קבוצת אסם סחר שות. מוגבלת,,,יח`,140,גרם,false,1,12.90,9.21,true,1,
7290115205619,false,פתי בר פינוקי עוגת גבינה 220  גר`אסם,קבוצת אסם סחר שות. מוגבלת,,,יח`,220,גרם,false,1,11.90,5.41,false,1,
7290115205695,false,בצק לפיצה מצונן 460 גר` בונז`ור,קבוצת אסם סחר שות. מוגבלת,,,יח`,460,גרם,false,1,19.90,4.33,false,1,
7290115205718,false,בצק עלים מצונן 230  גר`בונז`ור,קבוצת אסם סחר שות. מוגבלת,,,יח`,230,גרם,false,1,15.90,6.91,false,1,
7290115205978,false,פתי בר אצבעות שוקולד 180  גר`אסם,קבוצת אסם סחר שות. מוגבלת,,,יח`,180,גרם,false,1,13.20,7.33,false,1,
7290115207484,false,צבר חציל על האש 400 גר`,קבוצת אסם סחר שות. מוגבלת,,,יח`,400,גרם,false,1,16.90,4.23,false,1,
7290115207507,false,צבר סלט טורקי 360 גר`,קבוצת אסם סחר שות. מוגבלת,,,יח`,360,גרם,false,1,17.30,4.81,false,1,
7290115207620,false,רוטב סויה קלאסי אסם (290 מל),קבוצת אסם סחר שות. מוגבלת,,,יח`,290,"מ""ל",false,1,19.30,6.66,true,1,
7290115207682,false,רוטב סויה בסגנון סיני אסם (290 מל),קבוצת אסם סחר שות. מוגבלת,,,יח`,290,"מ""ל",false,1,13.20,4.55,true,1,
7290115207774,false,המבורגר פטריות 480 גר` טבעול,קבוצת אסם סחר שות. מוגבלת,,,יח`,480,גרם,false,1,34.60,7.21,true,1,
7290115207989,false,ויטמינצ`יק לימון 1 ליטר,קבוצת אסם סחר שות. מוגבלת,,,יח`,1000,"מ""ל",false,1,20.90,2.09,false,1,
7290115208009,false,ויטמינצ`יק ענבים 1 ליטר,קבוצת אסם סחר שות. מוגבלת,,,יח`,1000,"מ""ל",false,1,20.90,2.09,false,1,
7290115208047,false,סירופ פטל ויטמינצ`יק (1 ליטר),קבוצת אסם סחר שות. מוגבלת,,,יח`,1000,"מ""ל",false,1,20.90,2.09,false,1,
7290115208061,false,ויטמינצ`יק תפוח 1 ליטר,קבוצת אסם סחר שות. מוגבלת,,,יח`,1000,"מ""ל",false,1,20.90,2.09,false,1,
7290115208344,false,בייגלה כפיות שמנת בצל אסם (300 גרם),קבוצת אסם סחר שות. מוגבלת,,,יח`,300,גרם,false,1,10.10,3.37,true,1,
7290115208566,false,אסם קרמוגית מיניס קרם בייגלה 200 גר`,קבוצת אסם סחר שות. מוגבלת,,,יח`,200,גרם,false,1,13.20,6.60,false,1,
7290115208597,false,קרמוגית מיניס קרמל מלוח 200 גר` אסם,קבוצת אסם סחר שות. מוגבלת,,,יח`,200,גרם,false,1,13.20,6.60,false,1,
7290115208801,false,קרקר לחמית דבש ואגוזים אסם (190 גרם),קבוצת אסם סחר שות. מוגבלת,,,יח`,190,גרם,false,1,12.20,6.42,true,1,
7290115209198,false,במבה אורירית 80  גר`אסם,קבוצת אסם סחר שות. מוגבלת,,,יח`,80,גרם,false,1,4.40,5.50,true,1,
7290115209235,false,ביסקוויט פתי בר קפה אסם (500 גרם),קבוצת אסם סחר שות. מוגבלת,,,יח`,500,גרם,false,1,12.90,2.58,false,1,
7290115403299,false,עוגיות פרפריות 450 גר`,שיבולים יצור ושיווק מוצרי מאפה,,,יח`,450,גרם,false,1,15.90,3.53,false,1,
7290115403312,false,עוגיות מלוחות קריספי עגול 450 גר`,שיבולים יצור ושיווק מוצרי מאפה,,,יח`,450,גרם,false,1,15.90,3.53,false,1,
7290115403367,false,עוגיותקוואקר פריכות 500 גר,שיבולים יצור ושיווק מוצרי מאפה,,,יח`,500,גרם,false,1,15.90,3.18,false,1,
7290115403442,false,עוגיות ממולאות טעם שוקולד 500 גר`,שיבולים יצור ושיווק מוצרי מאפה,,,יח`,500,גרם,false,1,15.90,3.18,false,1,
7290115403459,false,עוגיות נסיכה בטעם תות 500 גר`,שיבולים יצור ושיווק מוצרי מאפה,,,יח`,500,גרם,false,1,15.90,3.18,false,1,
7290115403473,false,עוגיות עינוגי שוקולד 500 גר`,שיבולים יצור ושיווק מוצרי מאפה,,,יח`,500,גרם,false,1,15.90,3.18,false,1,
7290115403480,false,עוגיות בסגנון מרוקאי מיני 500 גר`,שיבולים יצור ושיווק מוצרי מאפה,,,יח`,500,גרם,false,1,15.90,3.18,false,1,
7290115403503,false,עוגיות פרסה תמרים 500 גר`,שיבולים יצור ושיווק מוצרי מאפה,,,יח`,500,גרם,false,1,15.90,3.18,false,1,
7290115403510,false,עוגיות מגולגלות תמרים 500 גר`,שיבולים יצור ושיווק מוצרי מאפה,,,יח`,500,גרם,false,1,15.90,3.18,false,1,
7290115403541,false,עוגיות גרייבה 500 גר`,שיבולים יצור ושיווק מוצרי מאפה,,,יח`,500,גרם,false,1,15.90,3.18,false,1,
7290115403565,false,עוגיות קיפל וניל 500 גר`,שיבולים יצור ושיווק מוצרי מאפה,,,יח`,500,גרם,false,1,15.90,3.18,false,1,
7290115670707,false,אנרג`י גרנולה שוקולד ואגוזים 400 גרם,שטראוס גרופ בעמ,,,יח`,400,גרם,false,1,13.90,3.48,false,1,
7290115671155,false,סוכריות שלישיית fresh ענבים ללס מאסט,שטראוס גרופ בעמ,,,יח`,45,גרם,false,1,9.90,22,false,1,
7290115671353,false,מיני פינוקיות שחור לבן 180 גר`,שטראוס גרופ בעמ,,,יח`,180,גרם,false,1,11.90,6.61,false,1,
7290115675696,false,קוואקר דגני בוקר קרנצי`ם ואגוזים 375 גרם,שטראוס פריטו ליי בעמ,,,יח`,375,גרם,false,1,20.90,5.57,true,1,
7290115675719,false,קוואקר דגני בוקר קראנצי`ם ושוקולד 375 גר,שטראוס פריטו ליי בעמ,,,יח`,375,גרם,false,1,20.90,5.57,true,1,
7290115675986,false,דנונה בר עם אגוזים מקורמלים 173 גרם,שטראוס גרופ בעמ/מצונן,,,יח`,173,"מ""ל",false,1,4.50,2.60,false,1,
7290115676037,false,משקה דנונה ריפרש תות דומדמניות,שטראוס גרופ בעמ/מצונן,,,יח`,250,גרם,false,1,5.50,2.20,false,1,
7290115676082,false,משקה דנונה פרו תות,שטראוס גרופ בעמ/מצונן,,,יח`,225,גרם,false,1,6.90,3.07,false,1,
7290115676099,false,משקה דנונה פרו וניל,שטראוס גרופ בעמ/מצונן,,,יח`,225,גרם,false,1,6.90,3.07,false,1,
7290115677140,false,תפוצ`יפס פפריקה 200 גר` (היתר מכירה),שטראוס פריטו ליי בעמ,,,יח`,200,גרם,false,1,11.50,5.75,true,1,
7290115678222,false,מארז דנונה יווני שמינייה 6.5%,שטראוס גרופ בעמ/מצונן,,,יח`,1000,"מ""ל",false,1,25.90,2.59,false,1,
7290115678376,false,מעדן הגולן שוקולד 125 גרם,שטראוס גרופ בעמ/מצונן,,,יח`,1,,false,1,2.90,2.90,true,1,
7290115678383,false,מעדן הגולן שוקולד מריר 125 גרם,שטראוס גרופ בעמ/מצונן,,,יח`,1,,false,1,2.90,2.90,true,1,
7290116530062,false,הלמנס רוטב לסלט וינגרט 295 גרם,יוניליוור ישראל שיווק בעמ,,,יח`,295,"מ""ל",false,1,13.90,4.71,true,1,
7290116530185,false,דלישקד קרמל מלוח תלמה (400 גרם),יוניליוור ישראל שיווק בעמ,,,יח`,400,גרם,false,1,24.40,6.10,true,1,
7290116530871,false,נשנושים מיקס 240 גר`,יוניליוור ישראל שיווק בעמ,,,יח`,240,גרם,false,1,14.50,6.04,true,1,
7290116531083,false,ברנפלקס תלמה שקדים ודבש 400 גר`,יוניליוור ישראל שיווק בעמ,,,יח`,400,גרם,false,1,23.40,5.85,true,1,
7290116531090,false,דגדג חטיף אפוי במליחות מעודנת 250 גר`,יוניליוור ישראל שיווק בעמ,,,יח`,250,גרם,false,1,10.90,4.36,true,1,
7290116531496,false,קינמונים דגנים פריכים מצופים קינמון 375,יוניליוור ישראל שיווק בעמ,,,יח`,375,גרם,false,1,22.40,5.97,true,1,
7290116532219,false,קורנפלקס תות 448  גר`תלמה,יוניליוור ישראל שיווק בעמ,,,יח`,448,גרם,false,1,16.90,3.77,true,1,
7290116532585,false,ברנפלקס קרנצ`ים דבש וקינמון 375 גר`,יוניליוור ישראל שיווק בעמ,,,יח`,375,גרם,false,1,24.40,6.51,true,1,
7290116532615,false,שמפו פינוק בתוספת תמצית גוג`י ברי 700 מ,יוניליוור ישראל שיווק בעמ,,,יח`,700,גרם,false,1,13.50,1.93,true,1,
7290116532622,false,מרכך פינוק בתוספת תמצית גוג`י ברי 700 מ,יוניליוור ישראל שיווק בעמ,,,יח`,700,"מ""ל",false,1,13.50,1.93,true,1,
7290116532769,false,גרנולה פרוטאין בתוספת חלבון תפוח וקינמון,יוניליוור ישראל שיווק בעמ,,,יח`,300,גרם,false,1,15.90,5.30,true,1,
7290116532882,false,נישנושים איירביס טעם בצל 155 גר`,יוניליוור ישראל שיווק בעמ,,,יח`,155,גרם,false,1,14.50,9.35,false,1,
7290116532899,false,נישנושים איירביס טעם פלאפל 155 גר`,יוניליוור ישראל שיווק בעמ,,,יח`,155,גרם,false,1,14.50,9.35,false,1,
7290116532905,false,נישנושים איירביס טעם ברביקיו 155 גר`,יוניליוור ישראל שיווק בעמ,,,יח`,155,גרם,false,1,14.50,9.35,false,1,
7290116533063,false,שוגי בטעם קרטיב ענבים 400  גר`תלמה,יוניליוור ישראל שיווק בעמ,,,יח`,400,גרם,false,1,23.90,5.98,true,1,
7290116533094,false,שמפו לשיער בניחוח ורדים לבנים (700 מל),יוניליוור ישראל שיווק בעמ,,,יח`,700,"מ""ל",false,1,13.50,1.93,true,1,
7290116930282,false,ארוחה בקטנה לאבנה עם קרקרים 150 גר`,תנובה - חלב,,,יח`,150,גרם,false,1,7.90,5.27,false,1,
7290116930435,false,יוגורט גו סמיך דובדבן 0% שומן 200 גרם,תנובה - חלב,,,יח`,200,גרם,false,1,5.90,2.95,false,1,
7290116930626,false,ארוחה בקטנה צזיקי עם קרקרים 150 גר`,תנובה - חלב,,,יח`,150,גרם,false,1,7.90,5.27,false,1,
7290116931081,false,מעדן סויה בטעם טופי קרמל 125 גר`,תנובה - חלב,,,יח`,125,גרם,false,1,4.60,3.68,false,1,
7290116931104,false,יוגורט גו סמיך אננס 0% שומן 200 גרם,תנובה - חלב,,,יח`,200,גרם,false,1,5.90,2.95,false,1,
7290117260449,false,גבינה בולגרית מעודנת 5% למריחה טבעי 200,ג.וילי-פוד אינטרנשיונל **גבינו,,,יח`,200,גרם,false,1,10.90,5.45,false,1,
7290117260456,false,גבינה בולגרית מעודנת 5% למריחה זיתים 200,ג.וילי-פוד אינטרנשיונל **גבינו,,,יח`,200,גרם,false,1,10.90,5.45,false,1,
7290117260470,false,גבינה בולגרית מעודנת 5% למריחה שום 200 ג,ג.וילי-פוד אינטרנשיונל **גבינו,,,יח`,200,גרם,false,1,10.90,5.45,false,1,
7290117260562,false,חמאה בגביע יורו 225 גר`,ג.וילי-פוד אינטרנשיונל **גבינו,,,יח`,250,גרם,false,1,17.90,7.16,false,1,
7290117260890,false,פופקורן בטעם קוקוס 90 גר`,ג.וילי-פוד אינטרנשיונל בעמ,,,יח`,90,גרם,false,1,6.90,7.67,true,1,
7290117261088,false,בוראטה גבינת מוצרלה רכה 18% שומן 125 גר`,ג.וילי-פוד אינטרנשיונל **גבינו,,,יח`,125,גרם,false,1,20.90,16.72,false,1,
7290117261354,false,גבינת ריקוטה 5% 200 גר`,ג.וילי-פוד אינטרנשיונל **גבינו,,,יח`,200,גרם,false,1,10.90,5.45,true,1,
7290117261378,false,גבינת קשקבל לייט 250  גר`8% שומן,ג.וילי-פוד אינטרנשיונל **גבינו,,,יח`,250,גרם,false,1,15.90,6.36,true,1,
7290117261385,false,גבינת פטה לייט 500  גר`8% שומן,ג.וילי-פוד אינטרנשיונל **גבינו,,,יח`,500,גרם,false,1,28.90,5.78,true,1,
7290117261392,false,גבינת מסקרפונה 200  גר`35% שומן,ג.וילי-פוד אינטרנשיונל **גבינו,,,יח`,200,גרם,false,1,15.90,7.95,true,1,
7290117261415,false,יוגורט פרוביוטי 2.7% 125 גר`,ג.וילי-פוד אינטרנשיונל **גבינו,,,יח`,125,"מ""ל",false,1,3.90,3.12,false,1,
7290117261439,false,יוגורט פרוביוטי עם פירות יער 2% 125גרם,ג.וילי-פוד אינטרנשיונל **גבינו,,,יח`,125,"מ""ל",false,1,3.90,3.12,false,1,
7290117261774,false,כדורי גבינת בייבי מוצרלה 14% שומן 150 גר,ג.וילי-פוד אינטרנשיונל **גבינו,,,יח`,150,גרם,false,1,15.90,10.60,false,1,
7290117261989,false,גבינת מנורי רכה מחלב צאן 43% שומן 170 גר,ג.וילי-פוד אינטרנשיונל **גבינו,,,יח`,170,גרם,false,1,16.90,9.94,false,1,
7290117262542,false,מאפה דונאטס 45 גר`,ג.וילי-פוד אינטרנשיונל **גבינו,,,יח`,45,גרם,false,1,5.90,13.11,false,1,
7290117262573,false,מאפה דונאטס בציפוי טעם תות ושוקולד לבן 5,ג.וילי-פוד אינטרנשיונל **גבינו,,,יח`,1,,false,1,5.90,5.90,false,1,
7290117262580,false,מאפה דונאטס בציפוי טעם שוקולד וסוכריות 5,ג.וילי-פוד אינטרנשיונל **גבינו,,,יח`,1,,false,1,5.90,5.90,false,1,
7290117262597,false,מאפה דונאטס בציפוי עוגיות קרמל 57 גר`,ג.וילי-פוד אינטרנשיונל **גבינו,,,יח`,1,,false,1,5.90,5.90,false,1,
7290117262603,false,מאפה דונאטס בעיטור קקאו ובראוניס 58 גר`,ג.וילי-פוד אינטרנשיונל **גבינו,,,יח`,1,,false,1,5.90,5.90,false,1,
7290117263020,false,משקה יוגורט פרוביוטי פירות יער 200 מל,ג.וילי-פוד אינטרנשיונל **גבינו,,,יח`,200,"מ""ל",false,1,4.90,2.45,false,1,
7290117263037,false,מאפה דונאטס ציפוי טעם שוקולד,ג.וילי-פוד אינטרנשיונל **גבינו,,,יח`,1,,false,1,5.90,5.90,false,1,
7290117263044,false,מאפה דונאטס ציפוי שוקולדופסי וניל,ג.וילי-פוד אינטרנשיונל **גבינו,,,יח`,1,,false,1,5.90,5.90,false,1,
7290117263051,false,מאפה דונאטס במילוי קרם קרמל,ג.וילי-פוד אינטרנשיונל **גבינו,,,יח`,1,,false,1,6.90,6.90,false,1,
7290117263068,false,מאפה דונאטס ציפוי טעם קרמל,ג.וילי-פוד אינטרנשיונל **גבינו,,,יח`,1,,false,1,5.90,5.90,false,1,
7290117263075,false,מאפה דונאטס במילוי קרם אגוזים וציפוי שוק,ג.וילי-פוד אינטרנשיונל **גבינו,,,יח`,1,,false,1,6.90,6.90,false,1,
7290117263082,false,מאפה דונאטס 45 גר`,ג.וילי-פוד אינטרנשיונל **גבינו,,,יח`,45,גרם,false,1,5.90,13.11,false,1,
7290117263112,false,מאפה דונאטס ציפוי סוכריות טעם מסטיק,ג.וילי-פוד אינטרנשיונל **גבינו,,,יח`,45,גרם,false,1,5.90,13.11,false,1,
7290117263129,false,מאפה דונאטס במילוי מנגו וציפוי שבבי תפוז,ג.וילי-פוד אינטרנשיונל **גבינו,,,יח`,1,,false,1,6.90,6.90,false,1,
7290117380192,false,פוף קראנצ בטעם גריל 60 גר`,ש.שסטוביץ בעמ,,,יח`,60,גרם,false,1,4.90,8.17,true,1,
7290117380215,false,פוף קראנצ בטעם טאקו 60 גר`,ש.שסטוביץ בעמ,,,יח`,60,גרם,false,1,4.90,8.17,true,1,
7290117383711,false,פלמוליב תחליב רחצה חלב ודבש 750מל זוג,ש.שסטוביץ בעמ,,,יח`,1500,"מ""ל",false,1,30,2,true,1,
7290117383728,false,פלמוליב תחליב רחצה לומינוס אבוקדו 750מל,ש.שסטוביץ בעמ,,,יח`,1500,"מ""ל",false,1,30,2,true,1,
7290117823798,false,ערכת אנטיגן מארז 5 יח`,שמחה זה אנחנו בעמ,,,יח`,1,,false,1,35,35,false,1,
7290117900932,false,גרעיני אבטיח קלויים 130 גר,דין שיווק וקליה 2021 בעמ,,,יח`,130,גרם,false,1,10,7.69,false,1,
7290117900949,false,בוטנים מצופים אמריקאים 250גר,דין שיווק וקליה 2021 בעמ,,,יח`,250,גרם,false,1,10,4,false,1,
7290117900963,false,בוטנים קלויים 270גר ששון הקולה,דין שיווק וקליה 2021 בעמ,,,יח`,270,גרם,false,1,10,3.70,false,1,
7290117900970,false,שקדים קלויים 180 גר ששון הקולה,דין שיווק וקליה 2021 בעמ,,,יח`,180,גרם,false,1,15,8.33,false,1,
7290117900994,false,פקאן סיני מסוכר 140 גר ששון הקולה,דין שיווק וקליה 2021 בעמ,,,יח`,140,גרם,false,1,15,10.71,false,1,
7290117901007,false,פיסטוקים קלויים 130 גר ששון הקולה,דין שיווק וקליה 2021 בעמ,,,יח`,130,גרם,false,1,15,11.54,false,1,
7290117901014,false,אגוזי קשיו קלויים 160 גר ששון הקולה,דין שיווק וקליה 2021 בעמ,,,יח`,160,גרם,false,1,15,9.38,false,1,
7290117901021,false,קבוקים בוטנים מצופים 220גר,דין שיווק וקליה 2021 בעמ,,,יח`,220,גרם,false,1,10,4.55,false,1,
7290117901038,false,אגוזי מלך קלופים 190 גר ששון הקולה,דין שיווק וקליה 2021 בעמ,,,יח`,190,גרם,false,1,15,7.89,false,1,
7290117901045,false,בוטן רביולי 200  גר`ששון הקולה,דין שיווק וקליה 2021 בעמ,,,יח`,200,גרם,false,1,15,7.50,false,1,
7290117901052,false,שקדים קלופים 180 גר ששון הקולה,דין שיווק וקליה 2021 בעמ,,,יח`,180,גרם,false,1,15,8.33,false,1,
7290117901175,false,שקדים קלופים 250  גר`שקדיה,דין שיווק וקליה 2021 בעמ,,,יח`,250,גרם,false,1,20,8,false,1,
7290117901182,false,בוטן קליפה קלוי 350  גר`שקדיה,דין שיווק וקליה 2021 בעמ,,,יח`,350,גרם,false,1,10,2.86,false,1,
7290119041312,false,עוגיות ממולאות טעם שוקולד מצופה,שיבולים יצור ושיווק מוצרי מאפה,,,יח`,350,גרם,false,1,15.90,4.54,false,1,
7290119041367,false,עוגיות סהרונים מצופות-אדל,שיבולים יצור ושיווק מוצרי מאפה,,,יח`,350,גרם,false,1,15.90,4.54,false,1,
7290119041411,false,עוגיות נסיכה טעם תות מצופות-אדל,שיבולים יצור ושיווק מוצרי מאפה,,,יח`,350,גרם,false,1,15.90,4.54,false,1,
7290119041466,false,עוגיות בסגנון מרוקאי עגולות  מצופות- אדל,שיבולים יצור ושיווק מוצרי מאפה,,,יח`,350,גרם,false,1,15.90,4.54,false,1,
7290119041510,false,עוגיות בסגנון מרוקאי עבות  מצופות- אדל,שיבולים יצור ושיווק מוצרי מאפה,,,יח`,350,גרם,false,1,15.90,4.54,false,1,
7290119041565,false,עוגיות פיצפוצי שוקו  מצופות- אדל,שיבולים יצור ושיווק מוצרי מאפה,,,יח`,350,גרם,false,1,15.90,4.54,false,1,
7290119041619,false,עוגיות פסים עלים מסוכרות  מצופות- אדל,שיבולים יצור ושיווק מוצרי מאפה,,,יח`,350,גרם,false,1,15.90,4.54,false,1,
7290119041664,false,עוגיות רשת שוקו מסוכרות  מצופות- אדל,שיבולים יצור ושיווק מוצרי מאפה,,,יח`,350,גרם,false,1,15.90,4.54,false,1,
7290119041718,false,עוגיות קוואקר ופצפוצי שוקו  מצופות- אדל,שיבולים יצור ושיווק מוצרי מאפה,,,יח`,350,גרם,false,1,15.90,4.54,false,1,
7290900010367,false,טורטיה 360 גר AVEL,אבאל יזמות בעמ,,,יח`,360,גרם,false,1,9.90,2.75,true,1,
7297488098183,false,קמח אורז ללא גלוטן דוכן גן שמואל 500 גרם,נטורפוד בעמ,,,יח`,500,גרם,false,1,10.90,2.18,false,1,
7501013101430,false,יוניקו פרסקו משק,טמפו משקאות בעמ,,,יח`,473,"מ""ל",false,1,9.90,2.03,true,1,
7501013122053,false,נקטר אפרסק קרטונית ליטר גומקס,טמפו משקאות בעמ,,,יח`,1,1 ליטר,false,1,10.60,10.60,false,1,
7501013122114,false,נקטר אננס קרטונית ליטר גומקס,טמפו משקאות בעמ,,,יח`,1,1 ליטר,false,1,10.60,10.60,false,1,
7501013122992,false,משקה קוקוס אננס קרטונית ליטר גו`מקס,טמפו משקאות בעמ,,,יח`,1,1 ליטר,false,1,10.60,10.60,false,1,
7501064191398,false,בירה קורונה 355 מל בקבוק שישייה,תימקו בירה בעמ,,,יח`,2.13,1 ליטר,false,1,35.90,16.01,true,1,
7509546061672,false,ספיד סטיק אקסטרים לגבר 50 גר`,ש.שסטוביץ בעמ,,,יח`,50,גרם,false,1,18.30,36.60,false,1,
7509546666846,false,קולגייט טוטאל משחת שיניים פחם 75 מל,ש.שסטוביץ בעמ,,,יח`,1,,false,1,20.90,20.90,false,1,
7610113011652,false,בריזר תפוח בבקבוק בקרדי (275 מל),טמפו משקאות בעמ,,,יח`,275,"מ""ל",false,1,15.30,5.45,true,1,
7610400068505,false,לינדט לינדור בונבוניירה שוקולד חלב200 גר,משה סידס ובנו בעמ,,,יח`,200,גרם,false,1,34.60,17.30,true,1,
7610400085946,false,לינדט לגרנד ד.אלמונד סולט 150 גרם,משה סידס ובנו בעמ,,,יח`,150,גרם,false,1,26.50,17.67,true,1,
7613030979647,false,טריקס נסטלה (480 גרם),קבוצת אסם סחר שות. מוגבלת,,,יח`,480,גרם,false,1,22.90,4.77,true,1,
7613032045753,false,פיטנס שוקולד נסטלה (375 גרם),קבוצת אסם סחר שות. מוגבלת,,,יח`,375,גרם,false,1,20.30,5.41,true,1,
7613035622623,false,פיטנס גרנולה שקדים ודבש נסטלה (300 גרם),קבוצת אסם סחר שות. מוגבלת,,,יח`,300,גרם,false,1,17.30,5.77,false,1,
7613035635845,false,פיטנס גרנולה שוקולד 300 גר` אסם,קבוצת אסם סחר שות. מוגבלת,,,יח`,300,גרם,false,1,17.30,5.77,false,1,
7613035807778,false,רוטב עגבניות לבולנז פרפקטו,קבוצת אסם סחר שות. מוגבלת,,,יח`,400,גרם,false,1,11.20,2.80,true,1,
7613035809109,false,רוטב עגבניות ובזיליקום פרפקטו,קבוצת אסם סחר שות. מוגבלת,,,יח`,400,גרם,false,1,11.20,2.80,true,1,
7613035809123,false,רוטב עגבניות עם פלפלים פרפקטו,קבוצת אסם סחר שות. מוגבלת,,,יח`,400,גרם,false,1,11.20,2.80,true,1,
7613035809857,false,רוטב עגבניות לפסטה פרפקטו,קבוצת אסם סחר שות. מוגבלת,,,יח`,400,גרם,false,1,11.20,2.80,true,1,
7613036314114,false,נס קפה גולד 200 גר`,קבוצת אסם סחר שות. מוגבלת,,,יח`,200,גרם,false,1,46.90,23.45,false,1,
7613036520492,false,רוטב עגבניות לפיצה 400  גר`פרפקטו,קבוצת אסם סחר שות. מוגבלת,,,יח`,400,גרם,false,1,11.20,2.80,true,1,
7613037012095,false,פיטנס גרנולה שוקולד קינואה ושקדים נסטלה,קבוצת אסם סחר שות. מוגבלת,,,יח`,300,גרם,false,1,17.50,5.83,false,1,
7613037686906,false,פיטנס שקדים ודבש (355 גרם) נסטלה,קבוצת אסם סחר שות. מוגבלת,,,יח`,355,גרם,false,1,20.30,5.72,true,1,
7613039547632,false,מחית תפוח בננה תות פאוץ 90  גר`גרבר,קבוצת אסם סחר שות. מוגבלת,,,יח`,90,גרם,false,1,7.90,8.78,false,1,
7613039547731,false,מחית תפוח משמש פאוץ 90  גר`גרבר,קבוצת אסם סחר שות. מוגבלת,,,יח`,90,גרם,false,1,7.90,8.78,false,1,
7613039547922,false,מחית תפוח בננה אגס פאוץ 90  גר`גרבר,קבוצת אסם סחר שות. מוגבלת,,,יח`,90,גרם,false,1,7.90,8.78,false,1,
7613039770450,false,סנסשיונל בורגר 226 גר` טבעול,קבוצת אסם סחר שות. מוגבלת,,,יח`,226,גרם,false,1,29.90,13.23,true,1,
7613287008497,false,סטארבקס פולי קפה פייק פלייס 450גר,קבוצת אסם סחר שות. מוגבלת,,,יח`,450,גרם,false,1,50.90,11.31,false,1,
7613287821348,false,נתחי סויה SENSATIONAL,קבוצת אסם סחר שות. מוגבלת,,,יח`,350,גרם,false,1,34.60,9.89,true,1,
7622010001858,false,אוראו וניל 176 גר`,דיפלומט היינץ,,,יח`,176,גרם,false,1,10.10,5.74,true,1,
7622201050757,false,שוקולד חלב עם קרמל מילקה (100 גרם),דיפלומט היינץ,,,יח`,100,גרם,false,1,6.50,6.50,true,1,
7622201139278,false,גבינת פילדלפיה שמנת 150 גר` (27% שומן),נטו מלינדה סחר בעמ,,,יח`,150,גרם,false,1,14.90,9.93,true,1,
7622201401900,false,עוגיות מילקה סנביישן אוראו 156 גר`,דיפלומט היינץ,,,יח`,156,גרם,false,1,13.90,8.91,true,1,
7622201502515,false,מילקה קוקי לופ 132 גר`,דיפלומט היינץ,,,יח`,132,גרם,false,1,13.50,10.23,true,1,
7622201521493,false,גבינת פילדלפיה שום ועשבי תיבול 150 גר` (,נטו מלינדה סחר בעמ,,,יח`,150,גרם,false,1,14.90,9.93,true,1,
7622201798154,false,פילדלפיה לייט 150 גר`,נטו מלינדה סחר בעמ,,,יח`,150,גרם,false,1,14.90,9.93,true,1,
7622201801809,false,שוקולד חלב עם אגוזים מילקה (100 גרם),דיפלומט היינץ,,,יח`,100,גרם,false,1,6.50,6.50,true,1,
7622201802363,false,מילקה-שוק` חלבי עם צימוקים ואגוזים 100,דיפלומט היינץ,,,יח`,100,גרם,false,1,6.50,6.50,true,1,
7622201802394,false,שוקולד חלב מילקה (100 גרם),דיפלומט היינץ,,,יח`,100,גרם,false,1,6.50,6.50,true,1,
7622201808631,false,אוראו מיני כוסות בטעם וניל 67 גר`,דיפלומט היינץ,,,יח`,67,גרם,false,1,7.90,11.79,false,1,
7622201809188,false,מילקה ביסקויט מצופה שוקולד 150 גר`,דיפלומט היינץ,,,יח`,150,גרם,false,1,13.50,9,true,1,
7622201813390,false,וופל במילוי קרם קקאו מילקה (150 גרם),דיפלומט היינץ,,,יח`,150,גרם,false,1,15.20,10.13,true,1,
7622201819170,false,שוקולד דארק שקדים 85  גר`מילקה,דיפלומט היינץ,,,יח`,85,גרם,false,1,8.90,10.47,true,1,
7622201823733,false,עוגיות מילקה ת`ניס דקות 151 גר`,דיפלומט היינץ,,,יח`,151,גרם,false,1,13.50,8.94,false,1,
7622210078131,false,שוקולד חלב דיים מילקה (100 גרם),דיפלומט היינץ,,,יח`,100,גרם,false,1,6.50,6.50,true,1,
7622210137234,false,עוגיות אוראו עם דאבל קרם וניל 170גרם,דיפלומט היינץ,,,יח`,170,גרם,false,1,11.20,6.59,true,1,
7622210163899,false,שוקולד חלב עם עדשים 100  גר`מילקה,דיפלומט היינץ,,,יח`,100,גרם,false,1,6.50,6.50,true,1,
7622210453327,false,מילקה סנסייטן 156 גר`,דיפלומט היינץ,,,יח`,156,גרם,false,1,13.50,8.65,true,1,
7622210638021,false,אוראו ביס קראנ`צי בציפוי שוקולד 110 גר`,דיפלומט היינץ,,,יח`,110,גרם,false,1,8.90,8.09,true,1,
7622210826053,false,שוקולד מילקה אוראו סנדביץ 92 גר`,דיפלומט היינץ,,,יח`,92,גרם,false,1,6.50,7.07,true,1,
7622300270506,false,עוגיות מילקה גריינס שיבולת שועל,דיפלומט היינץ,,,יח`,168,גרם,false,1,13.50,8.04,true,1,
7622300315283,false,אוראו וניל 154 גר`בדצ,דיפלומט היינץ,,,יח`,154,גרם,false,1,8.90,5.78,false,1,
7622300441715,false,עוגיות מילקה השוקומיני150 גר,דיפלומט היינץ,,,יח`,150,גרם,false,1,13.50,9,true,1,
7622300489434,false,עוגיות אוראו בציפוי שוקולד חלבי 246 גרם,דיפלומט היינץ,,,יח`,246,גרם,false,1,20.30,8.25,true,1,
7622300503079,false,ביסקוויט מצופה שוקולד מילקה (200 גרם),דיפלומט היינץ,,,יח`,200,גרם,false,1,13.50,6.75,true,1,
7622300617820,false,שוקולד אוראו מילקה (100 גרם),דיפלומט היינץ,,,יח`,100,גרם,false,1,6.50,6.50,true,1,
7622300761363,false,עוג מיני אוראו קרם שוקולד 67 גרם,דיפלומט היינץ,,,יח`,67,גרם,false,1,7.90,11.79,true,1,
7622300772314,false,אוראו וניל 66 גר`,דיפלומט היינץ,,,יח`,66,גרם,false,1,4.50,6.82,false,1,
7622400005190,false,שוקולד חלב ולבן מילקה (100 גרם),דיפלומט היינץ,,,יח`,100,גרם,false,1,6.50,6.50,true,1,
7630477891639,false,קפסולות קפה סומטרה (10  יח) סטארבקס( 55,קבוצת אסם סחר שות. מוגבלת,,,יח`,55,גרם,false,1,21.90,39.82,true,1,
7630477891714,false,קפסולות קפה אספרסו (10  יח) סטארבקס( 57,קבוצת אסם סחר שות. מוגבלת,,,יח`,57,גרם,false,1,21.90,38.42,true,1,
7630477891738,false,קפסולות קפה אספרסו בלונד (10 יח)סטארבקס,קבוצת אסם סחר שות. מוגבלת,,,יח`,53,גרם,false,1,21.90,41.32,true,1,
7702018321582,false,דאודורנט סטיק מתקדם ג`ילט (45 מל),דיפלומט מפיצים (1968) בעמ,,,יח`,50,גרם,false,1,17.90,35.80,false,1,
7702018404476,false,סירייס קצף גילוח הגנה 250 מל,דיפלומט מפיצים (1968) בעמ,,,יח`,250,גרם,false,1,15.90,6.36,false,1,
7702018482740,false,וונוס סכיני גילוח חדפ חמישייה יבוא מקבי,פארמה דיל (פ.א.ב.) שיווק והפצה,,,יח`,1,,false,1,9.90,9.90,false,1,
7702018978106,false,דאודורנט קליר ג`ל 70  גר`AI,פארמה דיל (פ.א.ב.) שיווק והפצה,,,יח`,70,"מ""ל",false,1,15.90,22.71,false,1,
7702174066631,false,לקקן יוגטה פינפופ 10 יחידות,ליימן שליסל בעמ,,,יח`,180,גרם,false,1,7.90,4.39,true,1,
7702174068826,false,לקקן יוגטה12 יח`,ליימן שליסל בעמ,,,יח`,216,גרם,false,1,11.90,5.51,false,1,
7702174068833,false,לקקן יוגטה גלידה12 יח`,ליימן שליסל בעמ,,,יח`,216,גרם,false,1,11.90,5.51,false,1,
7702174070201,false,לקקן יוגטה מג`יק 12 יח`,ליימן שליסל בעמ,,,יח`,1,,false,1,11.90,11.90,false,1,
7702174073844,false,לקקן PIN POP פירות 48 יח`,ליימן שליסל בעמ,,,יח`,1,,false,1,21.40,21.40,false,1,
7792860006218,false,סוכריות לקקן בייבי דול לריטייר (24 גרם),משה סידס ובנו בעמ,,,יח`,24,גרם,false,1,3,12.50,true,1,
7798304600011,false,אוכמניות- טרי 125 גר,בראשית - אגודה שיתופית*שיק 45,,,יח`,125,גרם,false,1,10,8,false,1,
7804414000860,false,קברנה סוביניון דון חוליו (750 מל),הכרם - משקאות חריפים בעמ,,,יח`,750,"מ""ל",false,1,31.50,4.16,true,1,
7804632390255,false,אוכמניות טרי 125 גר,בראשית - אגודה שיתופית*שיק 45,,,יח`,125,גרם,false,1,10,8,false,1,
7804651030026,false,אוכמניות-טרי 125 גר,איגל טרייטדינג שיווק חקלאי בעמ,,,יח`,125,גרם,false,1,10,8,false,1,
8000215204240,false,משקה אורז ושקדים ביו אורגני ויטאריז 1 לי,נטורפוד בעמ,,,יח`,1,1 ליטר,false,1,13.90,13.90,true,1,
8000215204394,false,משקה אורז ואגוזי לוז ביו אורגני ויטאריז,נטורפוד בעמ,,,יח`,1,1 ליטר,false,1,17.90,17.90,false,1,
8000215204554,false,משקה קוקוס ויטאריז 1 ליטר,נטורפוד בעמ,,,יח`,1,1 ליטר,false,1,13.90,13.90,false,1,
8000380003723,false,גרנד פטיסרי 100  גר`אגוז,ליימן שליסל בעמ,,,יח`,100,גרם,false,1,15.20,15.20,true,1,
8000380004676,false,וופל  סנדוויץ`בטעם וניל לואקר (200 גרם),ליימן שליסל בעמ,,,יח`,200,גרם,false,1,15.20,7.60,true,1,
8000380004911,false,קוארדטיני 250  גר`אגוז,ליימן שליסל בעמ,,,יח`,250,גרם,false,1,16.30,6.52,true,1,
8000380004966,false,קוארדטיני 250  גר`קקאו,ליימן שליסל בעמ,,,יח`,250,גרם,false,1,16.30,6.52,true,1,
8000380005598,false,טורטינה שישיה מריר 125 גר,ליימן שליסל בעמ,,,יח`,125,גרם,false,1,18.90,15.12,false,1,
8000380007257,false,וופל לואקר גרדנה 200 גר`,ליימן שליסל בעמ,,,יח`,200,גרם,false,1,16.60,8.30,true,1,
8000380106028,false,טורטינה שישיה אורגינל לואקר 125 גר,ליימן שליסל בעמ,,,יח`,125,גרם,false,1,18.90,15.12,false,1,
8000380152704,false,מארז חטיפי אצבעות גרדנה אגוז 125 גר,ליימן שליסל בעמ,,,יח`,125,גרם,false,1,17.90,14.32,true,1,
8000380152728,false,מארז חטיפי אצבעות גרדנה שוקולד 125 גר,ליימן שליסל בעמ,,,יח`,125,גרם,false,1,17.90,14.32,true,1,
8000380153534,false,טורטינה שישיה לבן 125 גר`,ליימן שליסל בעמ,,,יח`,125,גרם,false,1,18.90,15.12,false,1,
8000380157570,false,לואקר אגוז 262.5 גר,ליימן שליסל בעמ,,,יח`,262.50,גרם,false,1,12.20,4.65,false,1,
8000380180721,false,לואקר קלאסי שוקו חלב 175קג,ליימן שליסל בעמ,,,יח`,175,גרם,false,1,11.90,6.80,false,1,
8000380180745,false,קוארדטיני 250  גר` שוקו-חלב,ליימן שליסל בעמ,,,יח`,250,גרם,false,1,16.30,6.52,false,1,
8000380189281,false,מארז מיני מיקס לואקר בשקית,ליימן שליסל בעמ,,,יח`,210,גרם,false,1,25.90,12.33,false,1,
8000380192199,false,וופל בטעם דאבל שוקולד לואקר (175 גרם),ליימן שליסל בעמ,,,יח`,175,גרם,false,1,11.90,6.80,false,1,
8000380192243,false,וופלים מלבנים פריכיים בטעם אגוז 200 גר`,ליימן שליסל בעמ,,,יח`,200,גרם,false,1,13.90,6.95,false,1,
8000380201525,false,חטיפי גרנד פטיסרי אגוזי לוז שישייה,ליימן שליסל בעמ,,,יח`,126,גרם,false,1,18.90,15,false,1,
8000500023624,false,חטיף הפי היפו קינדר (5  יח`- 103.5 גרם),פרימיום-חברה לדברי מתיקה ולמסח,,,יח`,90,גרם,false,1,12.50,13.89,false,1,
8000500023976,false,בונבוניירת רפאלו פררו (150 גרם),פרימיום-חברה לדברי מתיקה ולמסח,,,יח`,150,גרם,false,1,16.90,11.27,false,1,
8000500026731,false,ביצת הפתעה קינדר (20x3 גרם),פרימיום-חברה לדברי מתיקה ולמסח,,,יח`,60,גרם,false,1,15.90,26.50,true,1,
8000500028124,false,קינדר ג`וי מארז שלישייה,פרימיום-חברה לדברי מתיקה ולמסח,,,יח`,60,גרם,false,1,15.90,26.50,false,1,
8000500037874,false,רושר בוני 200 גר`,פרימיום-חברה לדברי מתיקה ולמסח,,,יח`,200,גרם,false,1,25.90,12.95,false,1,
8000500071083,false,אצבעות שוקולד קינדר (16  יח`- 200 גרם),פרימיום-חברה לדברי מתיקה ולמסח,,,יח`,200,גרם,false,1,11.90,5.95,false,1,
8000500121436,false,קינדר בואנו וופל לבן שלישייה (39x3גרם),פרימיום-חברה לדברי מתיקה ולמסח,,,יח`,117,גרם,false,1,10.90,9.32,true,1,
8000500167656,false,קינדר שוקולד עם דגנים,פרימיום-חברה לדברי מתיקה ולמסח,,,יח`,1,,false,1,8.50,8.50,false,1,
8000500172810,false,סוכריות תות שדה טיק טק (16x4 גרם),פרימיום-חברה לדברי מתיקה ולמסח,,,יח`,250,גרם,false,1,12.20,4.88,false,1,
8000500214138,false,קינדר בואנו דארק שלשה,פרימיום-חברה לדברי מתיקה ולמסח,,,יח`,129,גרם,false,1,10.90,8.45,false,1,
8000500227848,false,נוטלה 132  גר`B ready,פרימיום-חברה לדברי מתיקה ולמסח,,,יח`,132,גרם,false,1,12.90,9.77,false,1,
8000500249352,false,קינדר בואנו מיני מיקס,פרימיום-חברה לדברי מתיקה ולמסח,,,יח`,0,גרם,false,1,19.90,19.90,false,1,
8000500256213,false,קינדר שוקולד מיני 120 גר`,פרימיום-חברה לדברי מתיקה ולמסח,,,יח`,120,גרם,false,1,9.90,8.25,false,1,
8000500267103,false,10 עוגות אישית בעטיפה אישית 39  גר`קינדר,פרימיום-חברה לדברי מתיקה ולמסח,,,יח`,390,גרם,false,1,20.90,5.36,true,1,
8000500269169,false,קינדר קארדס 5  יח`128 גר`,פרימיום-חברה לדברי מתיקה ולמסח,,,יח`,128,גרם,false,1,14.90,11.64,false,1,
8000500386941,false,נוטלה ממרח קקאו עם אגוזי לוז 900 גר`,פרימיום-חברה לדברי מתיקה ולמסח,,,יח`,900,גרם,false,1,32.90,3.66,true,1,
8000798000307,false,מברשת מגהץ,מ.א.ייצור ויבוא מטליות בעמ,,,יח`,1,יח`,false,1,6.40,6.40,false,1,
8000798085052,false,מטאטא גולד עם מקל שייני,מ.א.ייצור ויבוא מטליות בעמ,,,יח`,1,,false,1,19.60,19.60,false,1,
8001003100164,false,סוכריות ג`לי 450 גר` יוגטה,ליימן שליסל בעמ,,,יח`,450,גרם,false,1,12.90,2.87,false,1,
8001003100218,false,יוגטה גומי 800 גר` ג`לי,ליימן שליסל בעמ,,,יח`,800,גרם,false,1,21.40,2.68,false,1,
8001090065964,false,תחבושות אולוויז דיסקרט נורמל 12  יח`,דיפלומט מפיצים (1968) בעמ,,,יח`,1,,false,1,19.90,19.90,false,1,
8001090111715,false,תחתונים אולוויז דיסקריט אלסטיים 9 יח M,דיפלומט מפיצים (1968) בעמ,,,יח`,1,,false,1,34.90,34.90,true,1,
8001090184412,false,פיירי אורגינל לימון 900 מל,דיפלומט מפיצים (1968) בעמ,,,יח`,900,"מ""ל",false,1,12.90,1.43,true,1,
8001090336354,false,חיתולי ביביי דריי מידה  (2 46  יח)פמפרס,דיפלומט מפיצים (1968) בעמ,,,יח`,1,,false,1,31.90,31.90,true,1,
8001090336408,false,חיתולי ביביי דריי מידה  (3 38  יח)פמפרס,דיפלומט מפיצים (1968) בעמ,,,יח`,1,,false,1,31.90,31.90,true,1,
8001090336491,false,חיתולי ביביי דריי מידה  +(4 31  יח)פמפר,דיפלומט מפיצים (1968) בעמ,,,יח`,1,,false,1,31.90,31.90,true,1,
8001090336521,false,חיתולי ביביי דריי מידה 5( 30  יח)פמפרס,דיפלומט מפיצים (1968) בעמ,,,יח`,1,,false,1,31.90,31.90,true,1,
8001090336606,false,חיתולי ביביי דריי  מידה( 26  יח`)פמפרס,דיפלומט מפיצים (1968) בעמ,,,יח`,1,,false,1,31.90,31.90,true,1,
8001090364203,false,אורל בי משחה שיניים G E להלבנה עדינה,דיפלומט מפיצים (1968) בעמ,,,יח`,75,גרם,false,1,18.90,25.20,true,1,
8001090377487,false,מסכה לחות מוגברת 300 מל פנטן,דיפלומט מפיצים (1968) בעמ,,,יח`,300,"מ""ל",false,1,30.90,10.30,true,1,
8001090379399,false,חיתולי פמפרס פרימיום vp מידה 5 30 יח`,דיפלומט מפיצים (1968) בעמ,,,יח`,1,,false,1,33.90,33.90,true,1,
8001090458353,false,פיירי אנטי בקטריאלי 515 מל,דיפלומט מפיצים (1968) בעמ,,,יח`,515,"מ""ל",false,1,11.90,2.31,true,1,
8001090493637,false,הד שולדרסשמפו לגבראולטרא טוטאל קר 450 מ,דיפלומט מפיצים (1968) בעמ,,,יח`,450,"מ""ל",false,1,21.90,4.87,true,1,
8001090678195,false,שולדרס מרכך סופרים לחות 275 מל,דיפלומט מפיצים (1968) בעמ,,,יח`,275,"מ""ל",false,1,17.90,6.51,true,1,
8001090721099,false,אריאל טבליות לכביסה 27 יחידות,דיפלומט מפיצים (1968) בעמ,,,יח`,1,,false,1,35.90,35.90,true,1,
8001090737809,false,מגן תחתון אולדייז סינגל טנגה 36 יחידות,דיפלומט מפיצים (1968) בעמ,,,יח`,1,,false,1,15.90,15.90,false,1,
8001090740717,false,מגן תחתון אולדייז נורמל אולווייז) (76,דיפלומט מפיצים (1968) בעמ,,,יח`,1,,false,1,24.90,24.90,true,1,
8001090832450,false,שמפו נוסחה קלאסית 660 מל פנטן,דיפלומט מפיצים (1968) בעמ,,,יח`,660,"מ""ל",false,1,20.90,3.17,true,1,
8001090832535,false,שמפו שמן מרוקאי משקם 660 מל פנטן,דיפלומט מפיצים (1968) בעמ,,,יח`,660,"מ""ל",false,1,20.90,3.17,true,1,
8001090832818,false,קונדישנר נוסחה קלאסית 660 מל פנטן,דיפלומט מפיצים (1968) בעמ,,,יח`,660,"מ""ל",false,1,20.90,3.17,true,1,
8001090832856,false,קונדישנר מרוקאי משקם 660 מל פנטן,דיפלומט מפיצים (1968) בעמ,,,יח`,660,"מ""ל",false,1,20.90,3.17,true,1,
8001090832894,false,קונדישנר לחות מוגברת 660 מל פנטן,דיפלומט מפיצים (1968) בעמ,,,יח`,660,"מ""ל",false,1,20.90,3.17,true,1,
8001090832931,false,קונדישנר למגע רך כמשי 660 מל פנטן,דיפלומט מפיצים (1968) בעמ,,,יח`,660,"מ""ל",false,1,20.90,3.17,true,1,
8001090833136,false,אריאל ג`ל כביסה 2.255 ליטר בייבי,דיפלומט מפיצים (1968) בעמ,,,יח`,2.2550,1 ליטר,false,1,34.60,15.34,true,1,
8001090899224,false,תחבושות אולוויז פלטינום לונג 20 יח,דיפלומט מפיצים (1968) בעמ,,,יח`,1,,false,1,21.40,21.40,true,1,
8001090899255,false,תחבושות אולוויז פלטינום לילה 16 יח,דיפלומט מפיצים (1968) בעמ,,,יח`,1,,false,1,21.40,21.40,true,1,
8001090899286,false,תחבושות אולוויז פלטינום לילה בטוח 14 יח,דיפלומט מפיצים (1968) בעמ,,,יח`,1,,false,1,21.40,21.40,true,1,
8001090985439,false,פיירי קפסולות למדיח פלטינום 30 יח,דיפלומט מפיצים (1968) בעמ,,,יח`,1,,false,1,40.90,40.90,false,1,
8001100059259,false,וופל קוביות בטעם אגוזי לוז 250  גר`Baloc,אבאל יזמות בעמ,,,יח`,250,גרם,false,1,13.90,5.56,true,1,
8001160000888,false,גוטרייד ספורט תפוז,טמפו משקאות בעמ,,,יח`,500,"מ""ל",false,1,10.90,2.12,true,1,
8001160001786,false,גטורייד ספורט כחול,טמפו משקאות בעמ,,,יח`,500,"מ""ל",false,1,10.90,2.12,true,1,
8001440118944,false,שלישיית עגבניות פולפה צ`יריו 400 גר`,דיפלומט היינץ,,,יח`,1.20,"ק""ג",false,1,15.90,13.25,false,1,
8001620011935,false,סאן בנדטו מוגז שישייה 500 מל,טמפו משקאות בעמ,,,יח`,3,1 ליטר,false,1,15,4.40,true,1,
8001620017456,false,סאן בנדטו פקק ספורט מל שישייה,טמפו משקאות בעמ,,,יח`,3000,"מ""ל",false,1,15.20,0.45,false,1,
8001620018408,false,פרוטה מנגו תפוח 400 מל,טמפו משקאות בעמ,,,יח`,400,"מ""ל",false,1,7.50,1.80,false,1,
8001841053684,false,אולוויז עבה לונג +12יח`,דיפלומט מפיצים (1968) בעמ,,,יח`,1,,false,1,10.90,10.90,false,1,
8001841053806,false,תחבושת עבה ללילה אולווייז) (10,דיפלומט מפיצים (1968) בעמ,,,יח`,1,,false,1,10.90,10.90,false,1,
8001841137179,false,הד אנד שולדרס הנוסחה הקלאסית 275 מל,דיפלומט מפיצים (1968) בעמ,,,יח`,275,"מ""ל",false,1,17.90,6.51,true,1,
8001841216584,false,תחבושות לילה בטוח אולווייז) (36,דיפלומט מפיצים (1968) בעמ,,,יח`,1,,false,1,42.90,42.90,true,1,
8001841500942,false,הרבל אסנס שמפו ללא סולפטים אלוורה ובמב,דיפלומט מפיצים (1968) בעמ,,,יח`,380,"מ""ל",false,1,20.90,5.50,true,1,
8001841625188,false,נוזל כלים פלטינום לימון פיירי (515 מל),דיפלומט מפיצים (1968) בעמ,,,יח`,515,"מ""ל",false,1,11.90,2.31,true,1,
8001841625287,false,נוזל כלים פיירי פלטינום לימון 1.015 מל,דיפלומט מפיצים (1968) בעמ,,,יח`,1.0150,1 ליטר,false,1,19.30,19.01,true,1,
8001841625461,false,נוזל כלים פלטינום אורגינל פיירי (515 מל,דיפלומט מפיצים (1968) בעמ,,,יח`,515,"מ""ל",false,1,11.90,2.31,true,1,
8001841625508,false,נוזל כלים פיירי פלטינום 1.015 מל,דיפלומט מפיצים (1968) בעמ,,,יח`,1.0150,1 ליטר,false,1,19.30,19.01,true,1,
8001841640204,false,טייד קפסולות בניחוח לנור 58 יח`,דיפלומט מפיצים (1968) בעמ,,,יח`,1,,false,1,56.90,56.90,false,1,
8001841660530,false,קרם לחות פנטן מיראקלס במבוק 270 מל,דיפלומט מפיצים (1968) בעמ,,,יח`,270,"מ""ל",false,1,20.90,7.74,true,1,
8001841669465,false,אריאל טבליות לכביסה 24 יחידות,דיפלומט מפיצים (1968) בעמ,,,יח`,1,,false,1,35.90,35.90,true,1,
8001841669519,false,אריאל קפסולות לכביסה 55 יח,דיפלומט מפיצים (1968) בעמ,,,יח`,1.57,"ק""ג",false,1,60.90,38.79,true,1,
8001841680989,false,מגן תחתון אולווייז מגה פק פרש  לארג`60 י,דיפלומט מפיצים (1968) בעמ,,,יח`,1,,false,1,24.90,24.90,true,1,
8001841893990,false,פיירי קפסולות למדיח פלטינום 30 יח,דיפלומט מפיצים (1968) בעמ,,,יח`,1,,false,1,39.90,39.90,true,1,
8001841960081,false,טבליות למדיח פלטינום הכל באחד פיירי) (37,דיפלומט מפיצים (1968) בעמ,,,יח`,1,,false,1,39.90,39.90,true,1,
8002270015649,false,מים סאן פלגרינו 250 מל,טמפו משקאות בעמ,,,יח`,250,"מ""ל",false,1,6.50,2.48,false,1,
8002270866524,false,מים מינרלים מוגזים סאן פלגרינו (1 ליטר),טמפו משקאות בעמ,,,יח`,1000,"מ""ל",false,1,10.90,1.06,false,1,
8004030044005,false,ריו מרה טונה בשמן זית 160 ג,ש.שסטוביץ בעמ,,,יח`,160,גרם,false,1,20.30,12.69,false,1,
8004030102033,false,ריו מארה טונה בשמן זית לימון ופלפל שלייש,ש.שסטוביץ בעמ,,,יח`,240,גרם,false,1,29.90,12.46,false,1,
8004030177000,false,ריו מארה טונה בשמן זית עם צ`לי שלישיות 8,ש.שסטוביץ בעמ,,,יח`,240,גרם,false,1,29.90,12.46,false,1,
8004030381681,false,ריו מרה טונה בשמן זית 2*160 גר`,ש.שסטוביץ בעמ,,,יח`,320,גרם,false,1,34.90,10.91,false,1,
8004800004819,false,וופלים מצופים שוקולד עם קרם פסיפלורה ואג,תה ויסוצקי (ישראל) בעמ,,,יח`,110,גרם,false,1,12.90,11.73,true,1,
8004800005519,false,לאגו מיני רול-גלילי וופל במילוי קרם אג,תה ויסוצקי (ישראל) בעמ,,,יח`,125,גרם,false,1,10.90,8.72,true,1,
8005110170300,false,עגבניות חתוכות דק 400 גר` שלישייה פולפה,רסטרטו יבוא ושיווק בעמ*אין החז,,,יח`,1200,גרם,false,1,17.90,1.49,true,1,
8005200256587,false,נסטי בטעם אפרסק 1.5 ליטר,טמפו משקאות בעמ,,,יח`,1500,"מ""ל",false,1,9.90,0.64,true,1,
8005200286584,false,נסטי בטעם מנגו אננס 1.5 ליטר,טמפו משקאות בעמ,,,יח`,1500,"מ""ל",false,1,9.90,0.64,true,1,
8005200316588,false,נסטי בטעם דיאט אפרסק 1.5 ליטר,טמפו משקאות בעמ,,,יח`,1500,"מ""ל",false,1,8.90,0.57,true,1,
8006540027042,false,לנור מרכך מרוכז בניחוח פרחי בר 897 מל,דיפלומט מפיצים (1968) בעמ,,,יח`,897,"מ""ל",false,1,15.90,1.77,true,1,
8006540112854,false,לנור מרכך מרוכז בניחוח סחלב 900 מל,דיפלומט מפיצים (1968) בעמ,,,יח`,900,"מ""ל",false,1,15.90,1.77,true,1,
8006540353004,false,טמפונים פרל סופר טמפקס) (18,דיפלומט מפיצים (1968) בעמ,,,יח`,1,,false,1,34,34,true,1,
8006540425930,false,אריאל טבליות לכביסה 24 יחידות,דיפלומט מפיצים (1968) בעמ,,,יח`,1,,false,1,35.90,35.90,true,1,
8006540463550,false,טבליות למדיח פלטינום פיירי 63 יח`,דיפלומט מפיצים (1968) בעמ,,,יח`,1,,false,1,54.90,54.90,false,1,
8006540491539,false,פיירי פלטינום אורגינל 780 מל,דיפלומט מפיצים (1968) בעמ,,,יח`,780,"מ""ל",false,1,12.90,1.65,true,1,
8006540495186,false,לנור מרכך כביסה בייבי 900 מל,דיפלומט מפיצים (1968) בעמ,,,יח`,900,"מ""ל",false,1,15.90,1.77,true,1,
8008245004847,false,ממרח אגוזי לוז וקקאו 300  גר`מובנפיק,א. סיימן סחר בעמ,,,יח`,300,גרם,false,1,15.90,5.30,true,1,
8008245004861,false,ממרח אגוזי לוז עם חלב 300  גר`מובנפיק,א. סיימן סחר בעמ,,,יח`,300,גרם,false,1,15.90,5.30,true,1,
8008660210021,false,מעדן דובדבן מנז אנד גאסר (300 גרם),תה ויסוצקי (ישראל) בעמ,,,יח`,300,גרם,false,1,18.30,6.10,false,1,
8017938005122,false,חומץ תפוחים אורגני נטורפוד 750 מל,נטורפוד בעמ,,,יח`,1,,false,1,19.50,19.50,false,1,
8024985003988,false,מחית פירות סמוצ`י תפוחים ובננה אורגנית ל,נטורפוד בעמ,,,יח`,100,גרם,false,1,5.90,5.90,true,1,
8024985005234,false,מחית פירות סמוצ`י תפוח עץ ומנגו אורגנית,נטורפוד בעמ,,,יח`,100,גרם,false,1,5.90,5.90,true,1,
8024985008051,false,מחית פירות סמוצ`י פירות אדומים אורגנית ל,נטורפוד בעמ,,,יח`,100,גרם,false,1,5.90,5.90,true,1,
8032793344520,false,תרכיז עגבניות פומי מרוכז מאוד 200 גרם,גורי מוצרי צריכה (1991) בעמ,,,יח`,200,גרם,false,1,7.90,3.95,true,1,
8076800195057,false,ספגטיני מספר 5 ברילה (500 גרם),בית הצעצוע בעמ,,,יח`,500,גרם,false,1,7.50,1.50,true,1,
8076802085738,false,פסטה פנה ריגטה מספר 73 ברילה (500 גרם),בית הצעצוע בעמ,,,יח`,500,גרם,false,1,7.50,1.50,true,1,
8076808060654,false,פרפלה מספר 65 ברילה (500 גרם),בית הצעצוע בעמ,,,יח`,500,גרם,false,1,7.50,1.50,true,1,
8076808070882,false,קנלוני מספר 88 ברילה (250 גרם),ש.שסטוביץ בעמ,,,יח`,250,גרם,false,1,15.90,6.36,false,1,
8076808150072,false,ספגטי מספר 7 ברילה (500 גרם),בית הצעצוע בעמ,,,יח`,500,גרם,false,1,7.50,1.50,true,1,
8076809513395,false,רוטב לפסטה פומודורו ברילה (400 גרם),ש.שסטוביץ בעמ,,,יח`,400,גרם,false,1,15.90,3.98,false,1,
8076809513692,false,רוטב לפסטה נפולטנה ברילה (400 גרם),ש.שסטוביץ בעמ,,,יח`,400,גרם,false,1,15.90,3.98,false,1,
8076809513739,false,רוטב לפסטה בזיליקום ברילה (400 גרם),ש.שסטוביץ בעמ,,,יח`,400,גרם,false,1,15.90,3.98,false,1,
8076809523561,false,רוטב לפסטה טוסקנה ברילה (400 גרם),ש.שסטוביץ בעמ,,,יח`,400,גרם,false,1,15.90,3.98,false,1,
8076809523714,false,טליאטלה ברילה (500 גרם),ש.שסטוביץ בעמ,,,יח`,500,גרם,false,1,26.90,5.38,false,1,
8076809523738,false,לזניה ברילה (500 גרם),ש.שסטוביץ בעמ,,,יח`,500,גרם,false,1,24.90,4.98,false,1,
8076809529433,false,פסטה פנה ריגטה חיטה מלאה ברילה (500 גרם),ש.שסטוביץ בעמ,,,יח`,500,גרם,false,1,15.90,3.18,false,1,
8076809545440,false,ספגטי מספר 5 ללא גלוטן ברילה (400 גרם),ש.שסטוביץ בעמ,,,יח`,400,גרם,false,1,15.90,3.98,false,1,
8076809545457,false,פסטה פנה ריגטה ללא גלוטן ברילה (400 גרם),ש.שסטוביץ בעמ,,,יח`,400,גרם,false,1,15.90,3.98,false,1,
8076809545464,false,פסטה פוזילי ללא גלוטן ברילה (400 גרם),ש.שסטוביץ בעמ,,,יח`,400,גרם,false,1,15.90,3.98,false,1,
8121300208780,false,טרוביה תחליף סוכר לכל מטרה 360 גר`,גורי ע.ע.ע בעמ,,,יח`,360,גרם,false,1,35.90,9.97,true,1,
8410076610492,false,נייטשר וואלי צ`ואי חטיף חמאת בוטנים,ליימן שליסל בעמ,,,יח`,150,גרם,false,1,14.90,9.93,false,1,
8410076621009,false,חטיף פייברONE טעם קרמל מלוח,ליימן שליסל בעמ,,,יח`,1,,false,1,15.90,15.90,true,1,
8410076621047,false,חטיף פייברONE בטעם שוקולד,ליימן שליסל בעמ,,,יח`,1,,false,1,15.90,15.90,true,1,
8410104045111,false,פינש מלח למדיח 2 קג`,רקיט בנקיזר (ניר איסט) בעמ,,,יח`,2,"ק""ג",false,1,15.90,7.95,false,1,
8410655001147,false,סאן מיגל בירה 4.5% פחית 500מל,אבאל יזמות בעמ,,,יח`,500,"מ""ל",false,1,9.90,1.92,true,1,
8412168002529,false,מחייה 13 ערק לימונים 700 מל,אגודת הכורמים,,,יח`,700,"מ""ל",false,1,50.90,7.23,false,1,
8412168002543,false,מחייה 13 ערק שקדים 700 מל,אגודת הכורמים,,,יח`,700,"מ""ל",false,1,50.90,7.23,false,1,
8412168003106,false,מחייה 13 ערק פסיפלורה 700 מל,אגודת הכורמים,,,יח`,700,"מ""ל",false,1,50.90,7.23,false,1,
8413376022965,false,גבינת עיזים רכה 29% שומן 110 גר`,ג.וילי-פוד אינטרנשיונל **גבינו,,,יח`,110,גרם,false,1,13.90,12.64,false,1,
8420822130600,false,סופר מסיר שומנים 750 מל יעקובי,יעקב יעקבי ובניו בעמ,,,יח`,750,"מ""ל",false,1,16.90,2.25,false,1,
8423207206488,false,מרבה סלים דליס שוקולד חלב,ש.שסטוביץ בעמ,,,יח`,120,גרם,false,1,14.90,12.42,true,1,
8423207206495,false,מרבה סלים דליס שוקולד מריר,ש.שסטוביץ בעמ,,,יח`,120,גרם,false,1,14.90,12.42,true,1,
8423207206501,false,מרבה סלים דליס חצי מצופה,ש.שסטוביץ בעמ,,,יח`,78,גרם,false,1,14.90,19.10,true,1,
8423207208680,false,סלים דליס לילדים עם שוקולד חלבי,ש.שסטוביץ בעמ,,,יח`,78,גרם,false,1,14.90,19.10,true,1,
8423207208703,false,סלים דליס מהדורה מיוחדת עם שוקולד מריר,ש.שסטוביץ בעמ,,,יח`,78,גרם,false,1,14.90,19.10,true,1,
8423207209748,false,מרבה סלים דליס שוקולד מריר בנגיעות מריר,ש.שסטוביץ בעמ,,,יח`,120,גרם,false,1,14.90,12.42,true,1,
8423207209885,false,סלים דליס מהדורה מיוחדת עם שוקולד חלב,ש.שסטוביץ בעמ,,,יח`,120,גרם,false,1,14.90,12.42,true,1,
8423207210287,false,מרבה סלים דליס שוקולד לבן בטעם יוגורט,ש.שסטוביץ בעמ,,,יח`,120,גרם,false,1,14.90,12.42,true,1,
8425206000081,false,מרדל ריבת חלב 450 גר,גורי מוצרי צריכה (1991) בעמ,,,יח`,450,גרם,false,1,18.90,4.20,false,1,
8435495805199,false,אבקת כביסה  תינוקלין- 66 כביסות (3 קג),ליימן שליסל בעמ,,,יח`,3,"ק""ג",false,1,44.90,14.97,false,1,
8435495807605,false,תינוקלין מרכך כביסה היפואלרגני 1 ליטר,ליימן שליסל בעמ,,,יח`,1,1 ליטר,false,1,20.90,20.90,false,1,
8435495807636,false,תינוקולין ג`ל כביסה 2 ליטר BABY SENSITV,ליימן שליסל בעמ,,,יח`,2,1 ליטר,false,1,35.90,17.95,false,1,
8435495819363,false,תינוקלין מרכך כביסה 1 ליטר Gentle fresh,ליימן שליסל בעמ,,,יח`,1,1 ליטר,false,1,20.90,20.90,false,1,
8436575292205,false,נסטלה חמשושים מאגדת,נגה גלידות שותפות מוגבלת,,,יח`,180,גרם,false,1,23.70,13.17,true,1,
8445290427120,false,פיטנס שוקולד מריר ובננה 330 גר`,קבוצת אסם סחר שות. מוגבלת,,,יח`,330,גרם,false,1,20.30,6.15,true,1,
8606018615827,false,פיינט אוראו 300 גר`,נגה גלידות שותפות מוגבלת,,,יח`,300,גרם,false,1,22.90,7.63,false,1,
8681863065485,false,מלח מתובל פיקנטי 110 גר`,ג.וילי-פוד אינטרנשיונל בעמ,,,יח`,110,גרם,false,1,15.90,14.45,false,1,
8683130012666,false,מגנום דאבל עוגיות,גלידות שטראוס בעמ,,,יח`,90,גרם,false,1,9.90,11,true,1,
8683130025574,false,בדין אקסטרא לבנדר 960 מל,יוניליוור ישראל שיווק בעמ,,,יח`,960,"מ""ל",false,1,17.30,1.80,true,1,
8683130025581,false,בדין אקסטרא ענבר 960 מל .,יוניליוור ישראל שיווק בעמ,,,יח`,960,"מ""ל",false,1,17.30,1.80,true,1,
8683323063024,false,יוגטה שטיחים תותי פרוטי 220 גר`,ליימן שליסל בעמ,,,יח`,220,גרם,false,1,8.90,4.05,false,1,
8686868600037,false,אביזרי שיער,אל האופק שיווק וסחר,,,יח`,1,,false,1,5.90,5.90,false,1,
8686868600068,false,אביזרי שיער סרטים וקשתות,אל האופק שיווק וסחר,,,יח`,1,,false,1,8.90,8.90,false,1,
8686868600075,false,אביזרי שיער סיכות פפיון גדולות,אל האופק שיווק וסחר,,,יח`,1,,false,1,9.90,9.90,false,1,
8686868600105,false,אביזרי שיער,אל האופק שיווק וסחר,,,יח`,1,,false,1,12.90,12.90,false,1,
8686868600129,false,אביזרי שיער,אל האופק שיווק וסחר,,,יח`,1,,false,1,14.90,14.90,false,1,
8686868600150,false,אביזרי שיער,אל האופק שיווק וסחר,,,יח`,1,,false,1,17.90,17.90,false,1,
8686868600204,false,אביזרי מניקור,אל האופק שיווק וסחר,,,יח`,1,,false,1,9.90,9.90,false,1,
8690504153740,false,שוקולד מריר עם גאנש מריר 86 גר,תה ויסוצקי (ישראל) בעמ,,,יח`,1,,false,1,14.90,14.90,false,1,
8690526019185,false,וופל במילוי קרם שוקולד חלב 142 גר`,גורי ע.ע.ע בעמ,,,יח`,142,גרם,false,1,8.90,6.27,true,1,
8690531032377,false,פלפלים צהובים חריפים 350 גר`,דין שיווק וקליה 2021 בעמ,,,יח`,350,גרם,false,1,9.10,2.60,false,1,
8690637073373,false,תה ארל גריי ברגמוט ליפטון) (25,יוניליוור ישראל שיווק בעמ,,,יח`,50,גרם,false,1,8.70,17.40,true,1,
8690637073434,false,תה ארל גריי ברגמוט ליפטון) (100,יוניליוור ישראל שיווק בעמ,,,יח`,200,גרם,false,1,21.90,10.95,false,1,
8690637503856,false,ממרח  לחיץ( 355  גר`)הלמנס,יוניליוור ישראל שיווק בעמ,,,יח`,355,גרם,false,1,16.30,4.59,true,1,
8690637688195,false,ליפטון תה ירוק מעטפה קלאסי,יוניליוור ישראל שיווק בעמ,,,יח`,30,גרם,false,1,17.90,59.67,true,1,
8690637835643,false,ליפטון תה ירוק לואיזה ולימונית,יוניליוור ישראל שיווק בעמ,,,יח`,30,גרם,false,1,18.50,61.67,true,1,
8690637842382,false,מגנום דאבל פרי יער,גלידות שטראוס בעמ,,,יח`,90,גרם,false,1,9.90,11,true,1,
8690637858734,false,סיף ג`ל אקונומיקה לימון 750 מל,יוניליוור ישראל שיווק בעמ,,,יח`,750,"מ""ל",false,1,13.20,1.76,true,1,
8690637858758,false,סיף ג`ל אקונומיקה אורנים 750 מל,יוניליוור ישראל שיווק בעמ,,,יח`,750,"מ""ל",false,1,13.20,1.76,true,1,
8690637871245,false,מיונז אמיתי לחיץ הלמנס (395 גרם),יוניליוור ישראל שיווק בעמ,,,יח`,395,גרם,false,1,16.30,4.13,true,1,
8690637890666,false,מאגדת מגנום דאבל פיסטוק,גלידות שטראוס בעמ,,,יח`,282,גרם,false,1,35.50,12.59,false,1,
8690637946301,false,בדין אקסטרא בייבי 960 מל,יוניליוור ישראל שיווק בעמ,,,יח`,960,"מ""ל",false,1,17.30,1.80,true,1,
8690637946318,false,בדין אקסטרא בייבי טלק960 מל,יוניליוור ישראל שיווק בעמ,,,יח`,960,"מ""ל",false,1,17.30,1.80,true,1,
8690637971310,false,בדין אקסטרא יערת הדבש (960מל),יוניליוור ישראל שיווק בעמ,,,יח`,960,"מ""ל",false,1,17.30,1.80,true,1,
8690637989612,false,מאגדת מגנום דאבל דולצ`ה גולד,גלידות שטראוס בעמ,,,יח`,282,גרם,false,1,35.50,12.59,false,1,
8690637989629,false,מגנום דאבל דולצ`ה גולד,גלידות שטראוס בעמ,,,יח`,90,גרם,false,1,9.90,11,true,1,
8690766156367,false,טבלת שוקולד חלב מעולה 90  גר`גודייבה,תה ויסוצקי (ישראל) בעמ,,,יח`,90,גרם,false,1,15.90,17.67,true,1,
8690766156374,false,שוקולד מריר מעולה 72%  גודייבה( 90 גר`),תה ויסוצקי (ישראל) בעמ,,,יח`,90,גרם,false,1,15.90,17.67,true,1,
8690766156381,false,שוקולד מריר מעולה 90% גודייבה (90 גר`),תה ויסוצקי (ישראל) בעמ,,,יח`,90,גרם,false,1,15.90,17.67,true,1,
8690766156404,false,שוקולד מריר בטעם תפוז אדום 90 גר`,תה ויסוצקי (ישראל) בעמ,,,יח`,90,גרם,false,1,15.90,17.67,true,1,
8690770322079,false,שמרים יבשים 450 גר` בדצ הנמל,הנמל אריזות ושיווק (1984) בעמ,,,יח`,450,גרם,false,1,13.20,2.93,true,1,
8690770322598,false,שמרים יבשים לאפיה הנמל (125 גרם),הנמל אריזות ושיווק (1984) בעמ,,,יח`,125,גרם,false,1,5.90,4.72,true,1,
8690777203012,false,פלפל ירוק כבוש לא חריף סרה (600 גרם),ג.וילי-פוד אינטרנשיונל בעמ,,,יח`,600,גרם,false,1,14.20,2.37,true,1,
8690777204071,false,פלפל חריף כבוש סרה (640 גרם),ג.וילי-פוד אינטרנשיונל בעמ,,,יח`,640,גרם,false,1,14.20,2.22,true,1,
8690777206051,false,חציל קלוי על האש סרה (650 גרם),ג.וילי-פוד אינטרנשיונל בעמ,,,יח`,650,גרם,false,1,14.20,2.18,true,1,
8690784617338,false,קיווי נוזל לניקוי נעליים בצבע  חום- יבוא,פארמה דיל (פ.א.ב.) שיווק והפצה,,,יח`,1,,false,1,11.90,11.90,false,1,
8691058141238,false,ערמונים שלמים קלויים וקלופים 100  גר`Ave,אבאל יזמות בעמ,,,יח`,100,גרם,false,1,5.50,5.50,true,1,
8691707036014,false,אוזמו שוקולד בצורת ביצה,מוחמד נעמה (1994) בעמ,,,יח`,1,,false,1,3.90,3.90,true,1,
8691707066035,false,אוזמו בורגר ביסקוויט סנדוויץ ממולא,מוחמד נעמה (1994) בעמ,,,יח`,1,,false,1,2.90,2.90,true,1,
8691707087962,false,אוזמו סוכריה שוקולד על מקל,מוחמד נעמה (1994) בעמ,,,יח`,1,,false,1,2.90,2.90,true,1,
8691707590042,false,אוזמו וופל בצורת טילון ממולא שוקולד (4יח,מוחמד נעמה (1994) בעמ,,,יח`,1,,false,1,6.90,6.90,true,1,
8693323099107,false,יוגטה מרשמלו לבבות 150 גר`,ליימן שליסל בעמ,,,יח`,150,גרם,false,1,9.90,6.60,false,1,
8693495002325,false,אג`קס נוזל ניקוי רצפות פרחים ורוד 2 ליטר,פארמה דיל (פ.א.ב.) שיווק והפצה,,,יח`,2,1 ליטר,false,1,15.90,7.95,false,1,
8693495002349,false,אג`קס נוזל ניקוי רצפות פרחים סגול 2 ליטר,פארמה דיל (פ.א.ב.) שיווק והפצה,,,יח`,2,1 ליטר,false,1,15.90,7.95,false,1,
8693495041461,false,קולגייט מברשת סלים סופט פחם זוג,ש.שסטוביץ בעמ,,,יח`,1,,false,1,25.90,25.90,false,1,
8693495051002,false,קולגייט מברשת ילדים מיניונים 6+,ש.שסטוביץ בעמ,,,יח`,1,,false,1,10.90,10.90,false,1,
8693495053792,false,פלמוליב סבון מוצק זיתים רביעייה-יבוא מקב,פארמה דיל (פ.א.ב.) שיווק והפצה,,,יח`,1,,false,1,10.90,10.90,false,1,
8697431925143,false,קונפיטורה 70% פירות יער 450  גר`תומר,תומר יבוא ושיווק מוצרי מזון (1,,,יח`,450,גרם,false,1,15.90,3.53,false,1,
8697826469092,false,טורטיה קטנה 540 גר` 12יח,דין שיווק וקליה 2021 בעמ,,,יח`,540,גרם,false,1,10.90,2.02,true,1,
8699141054595,false,אוזמו האפי ביסקוויט במילוי,מוחמד נעמה (1994) בעמ,,,יח`,1,,false,1,1.90,1.90,true,1,
8710428005762,false,סימילאק איזומיל טף,שקד תבל בעמ-סימילק,,,יח`,400,גרם,false,1,47.90,11.98,false,1,
8710502139017,false,עוגיות טריפל שוקולד צ`יפס מרבה (180 גרם),ש.שסטוביץ בעמ,,,יח`,225,גרם,false,1,10.90,4.84,true,1,
8710502279010,false,עוגיות שוקולד צ`יפס מצופות שוקולד ( 175,ש.שסטוביץ בעמ,,,יח`,175,גרם,false,1,10.90,6.23,true,1,
8710502470028,false,עוגיות נוגטלי מרבה (160 גרם),ש.שסטוביץ בעמ,,,יח`,160,גרם,false,1,10.90,6.81,true,1,
8710800027573,false,מיני מנטוס שקית,ליימן שליסל בעמ,,,יח`,178,גרם,false,1,14.90,8.37,false,1,
8710800961310,false,מנטוס רביעיה,ליימן שליסל בעמ,,,יח`,150,גרם,false,1,14.90,9.93,false,1,
8710847973970,false,תחליב רחצה  אלוורה( 750  מל)דאב,יוניליוור ישראל שיווק בעמ,,,יח`,750,"מ""ל",false,1,18.90,2.52,true,1,
8711000362631,false,קפסולות קפה אספרסו אוניקס) (1252  גר`לור,דיפלומט היינץ,,,יח`,0,גרם,false,1,20.90,20.90,true,1,
8711000362655,false,קפסולות קפה אספרסו אבסולו) (9 52  גר`לור,דיפלומט היינץ,,,יח`,1,,false,1,20.90,20.90,true,1,
8711000371176,false,קפסולות קפה אספרסו קלאסיקו ג`ייקבוס עוצמ,דיפלומט היינץ,,,יח`,1,,false,1,16.90,16.90,true,1,
8711000371183,false,קפסולות קפה אספרסו קלאסיקו אינטנסו עוצמה,דיפלומט היינץ,,,יח`,1,,false,1,16.90,16.90,true,1,
8711000371206,false,קפסולות קפה אספרסו ריסטרטו ג`ייקבוס(עוצ,דיפלומט היינץ,,,יח`,1,,false,1,16.90,16.90,true,1,
8711000371244,false,קפסולות קפה אספרסו לונגו גייקבוס,דיפלומט היינץ,,,יח`,1,,false,1,16.90,16.90,true,1,
8711000471296,false,קפסולות קפה אספרסו ריסטרטו) (13 52  גר`ל,דיפלומט היינץ,,,יח`,1,,false,1,20.90,20.90,true,1,
8712000051099,false,בירה היינקן 0.0% 330 מל שישייה,טמפו משקאות בעמ,,,יח`,1.98,1 ליטר,false,1,32.40,15.45,true,1,
8712400802499,false,תחליף חלב שלב 1 נוטרילון (800 גרם),דיפלומט היינץ,,,יח`,800,גרם,false,1,64.90,8.11,true,1,
8712400802512,false,תחליף חלב שלב 2 נוטרילון (800 גרם),דיפלומט היינץ,,,יח`,800,גרם,false,1,64.90,8.11,true,1,
8712400802536,false,תחליף חלב שלב 3 נוטרילון (800 גרם),דיפלומט היינץ,,,יח`,800,גרם,false,1,64.90,8.11,true,1,
8712561594608,false,תחליב רחצה להזנה עמוקה דאב (750 מל),יוניליוור ישראל שיווק בעמ,,,יח`,750,"מ""ל",false,1,18.90,2.52,true,1,
8712561611411,false,דאב תחליב רחצה ירוק ומלפפון 750 מל,יוניליוור ישראל שיווק בעמ,,,יח`,750,"מ""ל",false,1,18.90,2.52,true,1,
8712561626286,false,תחליב רחצה זוהר כמשי דאב (750 מל),יוניליוור ישראל שיווק בעמ,,,יח`,750,"מ""ל",false,1,18.90,2.52,true,1,
8714599104316,false,קפה שחור 200  גר`קלוי וטחון טורקי ג`ייקו,דיפלומט היינץ,,,יח`,200,גרם,false,1,15.90,7.95,false,1,
8714599410806,false,ג`ייקובס קרוננג מיובש בהקפאה 160  גר`שקי,דיפלומט היינץ,,,יח`,160,גרם,false,1,18.90,11.81,true,1,
8714599513781,false,ג`יקובס גולד 200  גר`מיובש בהקפאה,דיפלומט היינץ,,,יח`,200,גרם,false,1,24.90,12.45,false,1,
8714599513866,false,קפה נמס קרוננג ג`יקובס 200 גר`,דיפלומט היינץ,,,יח`,200,גרם,false,1,24.90,12.45,false,1,
8714789303925,false,קולגייט מברשת 360 סנסטיב זוג,ש.שסטוביץ בעמ,,,יח`,1,,false,1,25.90,25.90,false,1,
8714789402918,false,אגקס חגיגת הפרחים אדום 1.5 ליטר חדש,ש.שסטוביץ בעמ,,,יח`,1.50,1 ליטר,false,1,20.90,13.93,false,1,
8714789930848,false,קולגייט משחת אופטיק וייט הלבנה מיידית 75,איינשטיין-צור יבוא-יצוא וסחר ב,,,יח`,75,גרם,false,1,14.90,19.87,false,1,
8715700110141,false,מיונז צנצנת 460  גר`היינץ,דיפלומט היינץ,,,יח`,460,גרם,false,1,12.90,2.80,true,1,
8715700419695,false,רוטב ברביקין מתוק 500  גר`היינץ,דיפלומט היינץ,,,יח`,500,גרם,false,1,18.30,3.66,false,1,
8715700419732,false,מתבל עגבניות היינץ (700 גרם),דיפלומט היינץ,,,יח`,700,גרם,false,1,13.20,1.89,true,1,
8715700421322,false,רוטב ברביקין צ`ילי 490  גר`היינץ,דיפלומט היינץ,,,יח`,490,גרם,false,1,18.30,3.73,false,1,
8715700422473,false,ממרח לחיץ היינץ 395 גר ללא חומר משמר,דיפלומט היינץ,,,יח`,395,גרם,false,1,17.30,4.38,false,1,
8715700423906,false,היינץ מתבל עגבניות 555 גר,דיפלומט היינץ,,,יח`,555,גרם,false,1,13.20,2.38,true,1,
8717163714850,false,דאודורנט ספריי קוקוס  ויסמין( 150  מל),יוניליוור ישראל שיווק בעמ,,,יח`,150,"מ""ל",false,1,16.30,10.87,true,1,
8717677336593,false,שוקולד חלב טוניס שוקולונלי 180 גר`,ליימן שליסל בעמ,,,יח`,180,גרם,false,1,20.90,11.61,false,1,
8717677336630,false,שוקולד חלב עם שקדים ודבש טוניס שוקולונלי,ליימן שליסל בעמ,,,יח`,180,גרם,false,1,20.90,11.61,false,1,
8717677338436,false,שוקולד חלב עם אגוזי לוז קצוצים טוניס שוק,ליימן שליסל בעמ,,,יח`,180,גרם,false,1,20.90,11.61,false,1,
8718951048461,false,אג`קס חלונות 750 מל יבוא מקביל טריפל א,אופאל יאצא בעמ,,,יח`,750,"מ""ל",false,1,11.90,1.59,true,1,
8718951236783,false,קולגייט משחת שיניים טוטל פרש סטריפ 100 מ,איינשטיין-צור יבוא-יצוא וסחר ב,,,יח`,100,"מ""ל",false,1,13.90,13.90,false,1,
8718951236790,false,קולגייט טוטאל משחת שיניים קלין מינט לפה,ש.שסטוביץ בעמ,,,יח`,100,"מ""ל",false,1,17.90,17.90,true,1,
8718951236806,false,קולגייט טוטאל משחת שיניים המסייעת בהסרת,ש.שסטוביץ בעמ,,,יח`,100,"מ""ל",false,1,17.90,17.90,true,1,
8718951253827,false,קולגייט משחת שיניים אופטיק פחם 75 מל,איינשטיין-צור יבוא-יצוא וסחר ב,,,יח`,75,"מ""ל",false,1,14.90,19.87,true,1,
8718951312722,false,קולגייט מקס פרש ווייט קריסטל,איינשטיין-צור יבוא-יצוא וסחר ב,,,יח`,100,"מ""ל",false,1,14.90,14.90,false,1,
8718951315303,false,משחת שיניים להגנה מפני עששת 100*2 קולגיי,ש.שסטוביץ בעמ,,,יח`,200,גרם,false,1,20.90,10.45,false,1,
8718951320093,false,קולגייט מברשות 360 אדוונס וויט 2יח,ש.שסטוביץ בעמ,,,יח`,1,,false,1,25.90,25.90,false,1,
8718951345119,false,אגק`ס ניקוי כללי עוצמת ה7 היביסקוס ( 2 ל,ש.שסטוביץ בעמ,,,יח`,2,1 ליטר,false,1,23.90,11.95,false,1,
8718951382787,false,קולגיט אופטיק וויט חימר ומינרלים 75 מל,ש.שסטוביץ בעמ,,,יח`,75,"מ""ל",false,1,30.90,41.20,false,1,
8718951461444,false,קולגייט טוטאל הלבנה ביטיוב2*100 מל,ש.שסטוביץ בעמ,,,יח`,200,"מ""ל",false,1,30.90,15.45,false,1,
8718951470538,false,קולגייט משחת שיניים מקס פרש 2*125 מל,ש.שסטוביץ בעמ,,,יח`,250,"מ""ל",false,1,30.90,12.36,false,1,
8718951509627,false,קולגיט אופטיק וויט לאוהבי קפה 75 מל,ש.שסטוביץ בעמ,,,יח`,75,"מ""ל",false,1,30.90,41.20,false,1,
8719200998001,false,בלו בנד בלי מלח 250 גר`,דיפלומט היינץ,,,יח`,200,גרם,false,1,4.60,2.30,false,1,
8719200998018,false,מרגרינה מחמאה בטעם חמאה 200  גר`בלובנד,דיפלומט היינץ,,,יח`,200,גרם,false,1,4.90,2.45,false,1,
8719200998032,false,מרגרינה למריחה בטעם חמאה (250  גרם)מזולה,דיפלומט היינץ,,,יח`,250,גרם,false,1,11.20,4.48,false,1,
8719200998049,false,מרגרינה למריחה בטעם טבעי (250  גרם)מזולה,דיפלומט היינץ,,,יח`,250,גרם,false,1,11.20,4.48,false,1,
8719200998094,false,מזולה אפייה ללא מלח 200 גר,דיפלומט היינץ,,,יח`,200,גרם,false,1,7.10,3.55,false,1,
8719200998100,false,מרגרינה לאפייה בטעם חמאה מזולה (200 גרם),דיפלומט היינץ,,,יח`,200,גרם,false,1,7.10,3.55,false,1,
8720181046605,false,דאודורנט ספריי אורגינל (150  מל)דאב,יוניליוור ישראל שיווק בעמ,,,יח`,150,"מ""ל",false,1,16.50,11,false,1,
8720181046612,false,דאודורנט רול און אורגינל דאב (50 מל),יוניליוור ישראל שיווק בעמ,,,יח`,50,גרם,false,1,16.30,32.60,true,1,
8720181090202,false,דאב תחליב רחצה שמן זית 750 מל,יוניליוור ישראל שיווק בעמ,,,יח`,750,"מ""ל",false,1,18.90,2.52,true,1,
8720181114496,false,אקס דאו ספריי לגבר DARK TEMPTATION 150 מ,איינשטיין-צור יבוא-יצוא וסחר ב,,,יח`,150,"מ""ל",false,1,10.90,7.27,true,1,
8720181114519,false,אקס גולד דאו ספריי לגבר 150 מל(יבוא  מ,איינשטיין-צור יבוא-יצוא וסחר ב,,,יח`,150,"מ""ל",false,1,10.90,7.27,true,1,
8723400756552,false,מנטוס רביעיה,ליימן שליסל בעמ,,,יח`,150,גרם,false,1,14.90,9.93,false,1,
8801055707966,false,קפה טייסטרס צ`ויס בריסטה נסקפה (180 גרם),קבוצת אסם סחר שות. מוגבלת,,,יח`,180,גרם,false,1,32.90,18.28,false,1,
8801055709458,false,נס קפה קפוצ`ינו קרמל 170 גר`,קבוצת אסם סחר שות. מוגבלת,,,יח`,170,גרם,false,1,19.90,11.71,false,1,
8801055709465,false,נס קפה קפוצ`ינו וניל 185 גר`,קבוצת אסם סחר שות. מוגבלת,,,יח`,185,גרם,false,1,19.90,10.76,false,1,
8801055709526,false,נס קפה קפוצ`ינו שוקולד לבן 180 גר`,קבוצת אסם סחר שות. מוגבלת,,,יח`,180,גרם,false,1,19.90,11.06,false,1,
8802241131664,false,חטיף אצות ים קלויות 9 יח עם מלח,טחנת האבן קואופ בעמ,,,יח`,40.50,גרם,false,1,31.90,78.77,false,1,
8850389103111,false,סאפה 300 מל אלוורה ענבים,טמפו משקאות בעמ,,,יח`,300,"מ""ל",false,1,8.90,2.87,true,1,
8850389105832,false,משקה אלוורה תפוחים סאפה (1 ליטר),טמפו משקאות בעמ,,,יח`,1,1 ליטר,false,1,14.90,14.90,false,1,
8850389105849,false,משקה אלוורה אפרסק סאפה (1 ליטר),טמפו משקאות בעמ,,,יח`,1,1 ליטר,false,1,14.90,14.90,false,1,
8850632604259,false,יוגטה חמצוצים מקלות 50 גר`,ליימן שליסל בעמ,,,יח`,50,גרם,false,1,4,8,false,1,
8850632604266,false,חיספוסים מקלות בטעם קולה יוגטה (50 גרם),ליימן שליסל בעמ,,,יח`,50,גרם,false,1,4,8,false,1,
8850632604372,false,חמצוצים שטיח בטעם תות שדה יוגטה (50 גרם),ליימן שליסל בעמ,,,יח`,50,גרם,false,1,4,8,false,1,
8850632604402,false,יוגטה חמצוצים שטיח 50 גר`,ליימן שליסל בעמ,,,יח`,50,גרם,false,1,4,8,false,1,
8851613101378,false,חלב קוקוס 250 מל Aroy D,גורי מוצרי צריכה (1991) בעמ,,,יח`,250,"מ""ל",false,1,10.90,4.36,false,1,
8851613101385,false,משקה קוקוס גורי צריכה (500 מל),גורי מוצרי צריכה (1991) בעמ,,,יח`,500,"מ""ל",false,1,13.90,2.78,false,1,
8857101301008,false,רוטב צ`ילי מתוק וילי פוד (700 מל),ג.וילי-פוד אינטרנשיונל בעמ,,,יח`,700,"מ""ל",false,1,11.20,1.60,false,1,
8888021200720,false,סוללות אנרג ייזר-שמיניה,דנשר (1963) בעמ,,,יח`,1,,false,1,26.90,26.90,false,1,
8901314308436,false,מברשת שיניים קולגייט זיג זג מדיום שישייה,פארמה דיל (פ.א.ב.) שיווק והפצה,,,יח`,1,,false,1,13.90,13.90,false,1,
8901314308443,false,מברשת שיניים קולגייט זיג זג סופט שישייה,פארמה דיל (פ.א.ב.) שיווק והפצה,,,יח`,1,,false,1,13.90,13.90,false,1,
8901537024014,false,אורז בסמטי דאווט וילי פוד (1 קג),ג.וילי-פוד אינטרנשיונל בעמ,,,יח`,1,"ק""ג",false,1,11.90,11.90,false,1,
9000101537550,false,פרסיל פאוור קאפס יוניברסל,גורי שיווק בעמ,,,יח`,1,,false,1,60.90,60.90,true,1,
9001616202445,false,זוג מוצצי סיליקון 0-6 איי לאב מאמי-בן  (,אלפא קוסמטיקה בעמ,,,יח`,1,,false,1,36.90,36.90,false,1,
9001616202452,false,מוצצים 6+ סיליקון פרל-בנים  ( תכלת),אלפא קוסמטיקה בעמ,,,יח`,1,,false,1,36.90,36.90,false,1,
9001616702693,false,מוצצים 0-6 סיליקון בעלי חיים  בת(ורוד),אלפא קוסמטיקה בעמ,,,יח`,1,,false,1,36.90,36.90,false,1,
9002975393843,false,הריבו גולדברס 70 גר`,משה סידס ובנו בעמ,,,יח`,70,גרם,false,1,7.90,11.29,true,1,
9044400851672,false,סוכריות פז פו הדוב +3 מילויים,ר.ב מוצרי דגנים בעמ,,,יח`,25.50,גרם,false,1,13.20,51.76,false,1,
9120097310545,false,חטיף מיני מיניונים מצונן 102.5 גר`,ג.וילי-פוד אינטרנשיונל **גבינו,,,יח`,102.50,גרם,false,1,15.90,15.51,false,1,
9720188060108,false,שמנת טופו צוריאל,החב` המרכזית - טרה,,,יח`,340,גרם,false,1,21.90,6.44,false,1,
