code,internal_code,name,manufacturer_name,manufacture_country,manufacturer_item_description,unit_qty,quantity,unit_of_measure,weighted,qty_in_package,price,unit_of_measure_price,allow_discount,status,item_id
40084107,false,ביצת הפתעה קינדר,פרדי קונדטוריה אס פי,IT,פררו,גרמים,20.00,100 גרם,false,,4.90,0.2450,true,1,29222
40111216,false,באונטי חטיף בודד 57,מרס,NL,מרס,גרמים,57.00,100 גרם,false,,3.90,0.0684,true,1,32112
42061939,false,בקבוק בירה בקס 500 מ,Beck and Co,DE,בקבוק בירה בקס 500 מ,מיליליטרים,500.00,"100 מ""ל",false,,9.90,0.0198,true,1,12065
50398904,false,קרם חמצן 6% בקבוק 60,גדעון קוסמטיקס,IL,אינדולה,מיליליטרים,60.00,"100 מ""ל",false,,4.90,0.0817,true,1,5695
54051140,false,אלפרו מעדן סויה בטעם,ALPRO,BE,אלפרו,מיליליטרים,500.00,"100 מ""ל",false,,16.90,0.0338,true,1,15813
54051157,false,אלפרו מעדן סויה בטעם,ALPRO,BE,אלפרו,מיליליטרים,500.00,"100 מ""ל",false,,16.90,0.0338,true,1,15814
59082637,false,דאו רקסונה רול און,יוניליוור  פיליפינים,PH,REXONA,מיליליטרים,50.00,"100 מ""ל",false,,11.90,0.2380,true,1,20130
59092513,false,דאו רקסונה רול און א,יוניליוור HPC,PH,REXONA,מיליליטרים,50.00,"100 מ""ל",false,,11.90,0.2380,true,1,41391
72940754,false,מילקי בטעם וניל,שטראוס גרופ,IL,שטראוס,גרמים,134.00,100 גרם,false,,2.80,0.0209,true,1,17989
72940761,false,מילקי בטעם שוקולד,שטראוס גרופ,IL,שטראוס,גרמים,134.00,100 גרם,false,,2.80,0.0209,true,1,17990
72940952,false,מילקי אקסטרה קצפת,שטראוס גרופ,IL,שטראוס,גרמים,111.00,100 גרם,false,,3.50,0.0315,true,1,17991
72940976,false,כרוב אדום 250,שטראוס גרופ,IL,שטראוס,גרמים,250.00,100 גרם,false,,7.50,0.0300,true,1,17992
72940983,false,חומוס אחלה 250,שטראוס גרופ,IL,שטראוס,גרמים,250.00,100 גרם,false,,6.90,0.0276,true,1,17993
72941041,false,מיני מילקי בטעם שוקו,שטראוס גרופ,IL,שטראוס,גרמים,71.00,100 גרם,false,,2.00,0.0282,true,1,17994
72945308,false,שמרים טריים בקוביה 2,"פאקא תעשיות בע""מ",IL,תוצרת מסחרית,גרמים,50.00,100 גרם,false,,3.40,0.0680,true,1,17995
72961209,false,שמנית 15% 200מל בדצ,תנובה,IL,תנובה,מיליליטרים,200.00,"100 מ""ל",false,,2.40,0.0120,true,1,21298
72961223,false,גיל 3% 200מל בדצ,תנובה,IL,תנובה,מיליליטרים,200.00,"100 מ""ל",false,,1.51,0.0076,true,1,21300
72961506,false,פרילי תות גביע 125 ג,תנובה,IL,פרילי,גרמים,125.00,100 גרם,false,,3.30,0.0264,true,1,21301
72961520,false,פרילי אננס גביע 125,תנובה,IL,פרילי,גרמים,125.00,100 גרם,false,,3.30,0.0264,true,1,21303
72961544,false,באדי יוגרט תות גביע,תנובה,IL,באדי,גרמים,125.00,100 גרם,false,,2.90,0.0232,true,1,21304
72964132,false,פרילי טבע 1.9% גביע,תנובה,IL,פרילי,גרמים,200.00,100 גרם,false,,4.70,0.0235,true,1,21310
72986233,false,באדי מעדן וניל גביע,תנובה,IL,באדי,גרמים,125.00,100 גרם,false,,2.90,0.0232,true,1,21312
72986240,false,באדי מעדן שוקו גביע,תנובה,IL,באדי,גרמים,125.00,100 גרם,false,,2.90,0.0232,true,1,21313
72986370,false,*מבצע* פיינט וניל FT,מוצרי איכות אמריקאיי,IL,בן & ג'ריס,מיליליטרים,500.00,"100 מ""ל",false,,18.90,0.0378,true,1,24073
72986424,false,*מבצע* פיינט קרם עוג,מוצרי איכות אמריקאיי,IL,בן & ג'ריס,מיליליטרים,500.00,"100 מ""ל",false,,18.90,0.0378,true,1,24074
72986448,false,*מבצע* פיינט טופי קר,מוצרי איכות אמריקאיי,IL,בן & ג'ריס,מיליליטרים,500.00,"100 מ""ל",false,,18.90,0.0378,true,1,24075
72986479,false,*מבצע* פיינט צאנקי מ,מוצרי איכות אמריקאיי,IL,בן & ג'ריס,גרמים,500.00,100 גרם,false,,18.90,0.0378,true,1,24077
72989425,false,*מבצע* פיינט שוקולד,מוצרי איכות אמריקאיי,IL,בן & ג'ריס,מיליליטרים,500.00,"100 מ""ל",false,,18.90,0.0378,true,1,24078
72991886,false,*מבצע* פיינט דולצ`ה,מוצרי איכות אמריקאיי,IL,בן & ג'ריס,גרמים,500.00,100 גרם,false,,18.90,0.0378,true,1,24079
72993637,false,דני שוקולד,שטראוס גרופ,IL,שטראוס,גרמים,125.00,100 גרם,false,,2.60,0.0208,true,1,17998
76106071,false,מיץ ליים משומר 200 מ,סידג,CH,מיץ לימון משומר,מיליליטרים,200.00,"100 מ""ל",false,,6.90,0.0345,true,1,8193
80050025,false,טיק טק תפוז,פררו,ZA,פררו,גרמים,16.00,100 גרם,false,,2.90,0.1812,true,1,29224
80050124,false,טיק טק מנטה,פררו,ZA,פררו,גרמים,16.00,100 גרם,false,,2.90,0.1812,true,1,29225
80050278,false,פררו רושה שלישיה,פררו,IT,פררו,גרמים,37.50,100 גרם,false,,4.90,0.1307,true,1,29226
80052760,false,קינדר בואנו שוקולד,פררו,PL,פררו,גרמים,43.00,100 גרם,false,,3.70,0.0860,true,1,29231
80083665,false,גנדולה - עוגיות אורג,,,גנדולה - עוגיות אורג,גרמים,250.00,100 גרם,false,,15.90,0.0636,true,1,39242
80083696,false,גנדולה - עוגיות דגני,,,גנדולה - עוגיות דגני,גרמים,250.00,100 גרם,false,,15.90,0.0636,true,1,39243
80083764,false,גנדולה - עוגיות דגני,,,גנדולה - עוגיות דגני,גרמים,250.00,100 גרם,false,,15.90,0.0636,true,1,39244
80136194,false,קינדר הפי-היפו חמישי,פררו,IT,פררו,גרמים,103.00,100 גרם,false,,11.90,0.1155,true,1,29233
80177173,false,ממרח נוטלה 350 גרם,פררו,IT,פררו,גרמים,350.00,100 גרם,false,,13.90,0.0397,true,1,29235
80177180,false,קינדר קאונטרי,פררו,IT,פררו,גרמים,24.00,100 גרם,false,,2.00,0.0833,true,1,29236
80177609,false,קינדר 50 גרם,פררו,IT,פררו,גרמים,50.00,100 גרם,false,,3.70,0.0740,true,1,29237
80177616,false,קינדר 100,פררו,IT,פררו,גרמים,100.00,100 גרם,false,,6.90,0.0690,true,1,29259
80761761,false,קינדר בואנו לבן,פררו,PL,פררו,גרמים,39.00,100 גרם,false,,3.70,0.0949,true,1,29239
80773429,false,מנטוס פיור פרש תות ב,פרפטי ואן מלה,TR,מנטוס,גרמים,60.00,100 גרם,false,,9.90,0.1650,true,1,13555
80773443,false,מנטוס פיור פרש מנטה,פרפטי ואן מלה,TR,מנטוס,גרמים,60.00,100 גרם,false,,9.90,0.1650,true,1,13556
80776307,false,מנטוס פיור פרש פירות,פרפטי ואן מלה,TR,מנטוס,גרמים,90.00,100 גרם,false,,16.90,0.1878,true,1,13557
80790990,false,מנטוס פיור פרש פירות,פרפטי ואן מלה,TR,מנטוס,גרמים,60.00,100 גרם,false,,9.90,0.1650,true,1,13560
80794233,false,מנטוס פיור פרש מנטה,פרפטי ואן מלה,TR,מנטוס,גרמים,90.00,100 גרם,false,,16.90,0.1878,true,1,13562
80843184,false,מנטוס פיור פרש טעם ע,פרפטי ואן מלה,TR,מנטוס,גרמים,60.00,100 גרם,false,,9.90,0.1650,true,1,34855
80862260,false,מסטיק פיור וויט XXL,פרפטי ואן מלה,TR,מסטיק פיור וויט XXL,גרמים,150.00,100 גרם,false,,16.90,0.1127,true,1,38035
80864295,false,מנטוס וויט מנטה עדינ,פרפטי ואן מלה,TR,מנטוס,גרמים,60.00,100 גרם,false,,9.90,0.1650,true,1,34975
80913467,false,מנטוס פיור פרש מנטה,פרפטי ואן מלה,TR,מנטוס,גרמים,60.00,100 גרם,false,,9.90,0.1650,true,1,13581
80929277,false,מסטיק פיור וויט XXL,פרפטי ואן מלה,TR,מסטיק פיור וויט XXL,גרמים,150.00,100 גרם,false,,16.90,0.1127,true,1,38036
80945468,false,מנטוס וויט מנטה מתוק,פרפטי ואן מלה,TR,מנטוס,גרמים,60.00,100 גרם,false,,9.90,0.1650,true,1,34976
80954521,false,מסטיק פיור פרש בטעם,פרפטי ואן מלה,NL,מסטיק פיור פרש בטעם,גרמים,28.00,100 גרם,false,,4.50,0.1607,true,1,13589
80957706,false,מסטיק פיור וויט XXL,פרפטי ואן מלה,TR,מסטיק פיור וויט XXL,גרמים,150.00,100 גרם,false,,16.90,0.1127,true,1,38037
80974215,false,מנטוס פיור פרש תות ב,פרפטי ואן מלה,TR,מנטוס,גרמים,90.00,100 גרם,false,,16.90,0.1878,true,1,13591
80977070,false,מסטיק פיור פרש בטעם,פרפטי ואן מלה,NL,מסטיק פיור פרש בטעם,גרמים,28.00,100 גרם,false,,4.50,0.1607,true,1,13592
80979128,false,מנטוס פיור פרש טעם ד,פרפטי ואן מלה,TR,מנטוס,גרמים,60.00,100 גרם,false,,9.90,0.1650,true,1,34856
80986348,false,מנטוס וויט טעם מנטה,פרפטי ואן מלה,TR,מנטוס,גרמים,60.00,100 גרם,false,,9.90,0.1650,true,1,34977
80995128,false,מנטוס מסטיק בטעם הדר,פרפטי ואן מלה,TR,מנטוס,גרמים,60.00,100 גרם,false,,9.90,0.1650,true,1,42463
87108538,false,מנטוס תות,פרפטי ואן מלה,NL,מנטוס,גרמים,37.50,100 גרם,false,,2.90,0.0773,true,1,13596
87108651,false,מנטוס רביעייה,פרפטי ואן מלה,NL,מנטוס,גרמים,160.00,100 גרם,false,,10.90,0.0681,true,1,13597
87108712,false,מנטוס רביעייה,פרפטי ואן מלה,NL,מנטוס,גרמים,160.00,100 גרם,false,,10.90,0.0681,true,1,13598
87311396,false,מנטוס פירות ריינבואו,פרפטי ואן מלה,NL,מנטוס,גרמים,38.00,100 גרם,false,,2.90,0.0763,true,1,13602
88888000,true,Temp SuperDept,,,Temp SuperDept,,0.00,,false,,0.00,0.0000,true,1,1073
88888001,true,מכולת,,,מכולת,,0.00,,false,,0.00,0.0000,true,1,1074
88888002,true,פירות וירקות,,,פירות וירקות,,0.00,,false,,0.00,0.0000,true,1,1075
88888003,true,קצביה,,,קצביה,,0.00,,false,,0.00,0.0000,true,1,1076
88888004,true,קפואים,,,קפואים,,0.00,,false,,0.00,0.0000,true,1,1077
88888005,true,מעדניה,,,מעדניה,,0.00,,false,,0.00,0.0000,true,1,1078
88888006,true,משקאות,,,משקאות,,0.00,,false,,0.00,0.0000,true,1,1079
88888007,true,תינוקות,,,תינוקות,,0.00,,false,,0.00,0.0000,true,1,1080
88888008,true,חומרי ניקוי,,,חומרי ניקוי,,0.00,,false,,0.00,0.0000,true,1,1081
88888009,true,טיפוח והגינה,,,טיפוח והגינה,,0.00,,false,,0.00,0.0000,true,1,1082
88888010,true,לא מזון,,,לא מזון,,0.00,,false,,0.00,0.0000,true,1,1083
88888011,true,קופונים/מבצעים,,,קופונים/מבצעים,,0.00,,false,,0.00,0.0000,true,1,1084
88888013,true,מאפית,,,מאפית,,0.00,,false,,0.00,0.0000,true,1,1085
88888014,true,דין שיווק זכיינות,,,דין שיווק זכיינות,,0.00,,false,,0.00,0.0000,true,1,1086
88888015,true,"ווק זכיינות ללא מע""מ",,,"ווק זכיינות ללא מע""מ",,0.00,,false,,0.00,0.0000,true,1,1087
88888016,true,תרומות,,,תרומות,,0.00,,false,,0.00,0.0000,true,1,1088
88888017,true,י מחפוד ארוז זכיינות,,,י מחפוד ארוז זכיינות,,0.00,,false,,0.00,0.0000,true,1,1089
88888018,true,קפואים מחפוד זכיינות,,,קפואים מחפוד זכיינות,,0.00,,false,,0.00,0.0000,true,1,1090
88888020,true,מחלקת חלב,,,מחלקת חלב,,0.00,,false,,0.00,0.0000,true,1,1091
88888021,true,אוכל מוכן,,,אוכל מוכן,,0.00,,false,,0.00,0.0000,true,1,1092
88888022,true,אוכל מוכן - חדש,,,אוכל מוכן - חדש,,0.00,,false,,0.00,0.0000,true,1,1093
88888023,true,שימוש פנימי,,,שימוש פנימי,,0.00,,false,,0.00,0.0000,true,1,1094
88888024,true,אריזות כללי,,,אריזות כללי,,0.00,,false,,0.00,0.0000,true,1,1095
88888025,true,ביגוד,,,ביגוד,,0.00,,false,,0.00,0.0000,true,1,1096
88888026,true,אחזקה,,,אחזקה,,0.00,,false,,0.00,0.0000,true,1,1097
88888027,true,כלים מתכלים,,,כלים מתכלים,,0.00,,false,,0.00,0.0000,true,1,1098
88888028,true,צרכי משרד,,,צרכי משרד,,0.00,,false,,0.00,0.0000,true,1,1099
88888029,true,אחזקת קופות ומחשבים,,,אחזקת קופות ומחשבים,,0.00,,false,,0.00,0.0000,true,1,1100
88888030,true,אריזות שקיות גופיה,,,אריזות שקיות גופיה,,0.00,,false,,0.00,0.0000,true,1,1101
88888031,true,"פירות וירקות עם מע""מ",,,"פירות וירקות עם מע""מ",,0.00,,false,,0.00,0.0000,true,1,1102
88888032,true,פיצוחיה יוחננוף,,,פיצוחיה יוחננוף,,0.00,,false,,0.00,0.0000,true,1,1103
88888033,true,"חיה יוחננוף ללא מע""מ",,,"חיה יוחננוף ללא מע""מ",,0.00,,false,,0.00,0.0000,true,1,34186
88888040,true,צביה זכיינות - גורמה,,,צביה זכיינות - גורמה,,0.00,,false,,0.00,0.0000,true,1,1104
88888041,true,קפואים זכיינות גורמה,,,קפואים זכיינות גורמה,,0.00,,false,,0.00,0.0000,true,1,1105
88888042,true,זכיינות מעדני גורמה,,,זכיינות מעדני גורמה,,0.00,,false,,0.00,0.0000,true,1,1106
88888043,true,דגים טריים גורמה,,,דגים טריים גורמה,,0.00,,false,,0.00,0.0000,true,1,1107
88888044,true,דגת הארץ קונסיגנציה,,,דגת הארץ קונסיגנציה,,0.00,,false,,0.00,0.0000,true,1,1108
88888050,true,לחמים ומאפים,,,לחמים ומאפים,,0.00,,false,,0.00,0.0000,true,1,1109
88888052,true,סלטים ונקניקים,,,סלטים ונקניקים,,0.00,,false,,0.00,0.0000,true,1,1110
88888053,true,ללא גלוטן וללא סוכר,,,ללא גלוטן וללא סוכר,,0.00,,false,,0.00,0.0000,true,1,1111
88888054,true,בעלי חיים,,,בעלי חיים,,0.00,,false,,0.00,0.0000,true,1,1112
88888055,true,זול סטוק,,,זול סטוק,,0.00,,false,,0.00,0.0000,true,1,37494
88888090,true,עגלות לקוחות ומחסן,,,עגלות לקוחות ומחסן,,0.00,,false,,0.00,0.0000,true,1,1113
88888099,true,שווה פלוס,,,שווה פלוס,,0.00,,false,,0.00,0.0000,true,1,1114
88888100,true,א. יעקב,,,א. יעקב,,0.00,,false,,0.00,0.0000,true,1,36819
88888101,true,עמלת משיכת מזומן,,,עמלת משיכת מזומן,,0.00,,false,,0.00,0.0000,true,1,1115
88888991,true,שחר ריטייל  סיגריות,,,שחר ריטייל  סיגריות,,0.00,,false,,0.00,0.0000,true,1,1116
88888992,true,יתן ספקים לבתי מרקחת,,,יתן ספקים לבתי מרקחת,,0.00,,false,,0.00,0.0000,true,1,1117
88888993,true,סלטים טיב השדה,,,סלטים טיב השדה,,0.00,,false,,0.00,0.0000,true,1,1118
90087066,false,*מבצע* מיץ תפוזים 10,ראוך,HU,מיץ תפוזים 1 ל,ליטרים,1.00,ליטר,false,,9.90,9.9000,true,1,22299
90087547,false,*מבצע* מיץ עגב 100%,ראוך,HU,*מבצע* מיץ עגב 100%,ליטרים,1.00,ליטר,false,,9.90,9.9000,true,1,22301
90087769,false,*מבצע* מיץ אננס 100%,ראוך,HU,*מבצע* מיץ אננס 100%,ליטרים,1.00,ליטר,false,,9.90,9.9000,true,1,22302
90087974,false,"חומץ תפוחים 750 מ""ל",ראוך,AT,ראוך,מיליליטרים,750.00,"100 מ""ל",false,,11.90,0.0159,true,1,22304
90162602,false,רד בול משקה אנרגיה 2,רד בול,AT,משקה רד בול,מיליליטרים,250.00,"100 מ""ל",false,,5.90,0.0236,true,1,25734
90446269,false,"רד בול אבטיח 250 מ""ל",רד בול,AT,רד בול,מיליליטרים,250.00,"100 מ""ל",false,,5.90,0.0236,true,1,39659
8112100298,false,שמן שומשום טהור,flavor full foods,TW,flavor,מיליליטרים,185.00,"100 מ""ל",false,,14.90,0.0805,true,1,29417
9800800056,false,נוטלה אנד גו,פררו,DE,נוטלה,גרמים,52.00,100 גרם,false,,4.90,0.0942,true,1,29246
11210000094,false,"טבסקו רגיל 60 מ""ל",מקאילהייני קו,US,טבסקו,מיליליטרים,60.00,"100 מ""ל",false,,10.90,0.1817,true,1,17258
11210007253,false,"טבסקו שום 60 מ""ל",חב' מקאילהייני,US,טבסקו,מיליליטרים,60.00,"100 מ""ל",false,,10.90,0.1817,true,1,17259
11210009387,false,טבסקו פלפל ירוק 60 מ,חב' מקאילהייני,US,טבסקו,מיליליטרים,60.00,"100 מ""ל",false,,10.90,0.1817,true,1,17260
11210607040,false,"טבסקו מעושן ""ציפוטלי",חב' מקאילהייני,US,טבסקו,מיליליטרים,60.00,"100 מ""ל",false,,10.90,0.1817,true,1,17261
16000185517,false,פייבר וואן 555 גרם,נסטלה,PT,FIBER ONE,גרמים,555.00,100 גרם,false,,24.90,0.0449,true,1,36291
16000281684,false,חטיפי קראנצי פקאן חמ,ג'נרל מילס,US,נייטשר ואלי,גרמים,210.00,100 גרם,false,,18.90,0.0900,true,1,13608
16000423534,false,חטיפי קראנצי שוקולד,ג'נרל מילס,US,נייטשר ואלי,גרמים,210.00,100 גרם,false,,18.90,0.0900,true,1,13609
16000548404,false,חטיפי קראנצי דבש חמי,ג'נרל מילס,ES,נייטשר ואלי,גרמים,210.00,100 גרם,false,,18.90,0.0900,true,1,13611
16000548602,false,חטיפי קראנצי קינמון,ג'נרל מילס,ES,נייטשר ואלי,גרמים,210.00,100 גרם,false,,18.90,0.0900,true,1,13613
16000548909,false,חטיפי קראנצי מיקס חמ,ג'נרל מילס,ES,נייטשר ואלי,גרמים,210.00,100 גרם,false,,18.90,0.0900,true,1,13614
16229924263,false,קרם קוקוס 250 מ,ויט ורלד קומפני,,קרם קוקוס 250 מ,מיליליטרים,250.00,"100 מ""ל",false,,9.90,0.0396,true,1,7041
18000701223,false,תערובת לעוגת שוקולד,ג'נרל מילס,IL,פילסברי,גרמים,500.00,100 גרם,false,,16.90,0.0338,true,1,13616
18000703494,false,תערובת לעוגת וניל פי,ג'נרל מילס,IL,פילסברי,גרמים,500.00,100 גרם,false,,16.90,0.0338,true,1,13617
18000766413,false,תערובת לעוגת בראוניס,ג'נרל מילס,IL,פילסברי,גרמים,550.00,100 גרם,false,,16.90,0.0307,true,1,13619
21200513152,false,ספוגי קרצוף שלישיה,M3,CA,סקוטש-ברייט,יח',3.00,יח',false,,14.90,4.9667,true,1,8865
21200572357,false,ספוגי קרצוף שלישיה,M3,CA,סקוטש-ברייט,יח',3.00,יח',false,,14.90,4.9667,true,1,8866
30000315989,false,קוואקר פרוטאין חמוצי,BEVERAGES FOODS & SE,US,קוואקר,גרמים,372.00,100 גרם,false,,20.90,0.0562,true,1,16803
31290140176,false,שוקולד גודייבה פיור,גודייבה,TR,גודייבה,גרמים,90.00,100 גרם,false,,14.90,0.1656,true,1,19767
33617000026,false,ואזה מקמח מלאה,,,פת מקמח מלא 260 גרם,גרמים,260.00,100 גרם,false,,12.90,0.0496,true,1,7042
33617340610,false,ואזה מקמח שיפון,,,פת מקמח שיפון 275 גרם,גרמים,275.00,100 גרם,false,,12.90,0.0469,true,1,7045
34000544028,false,מקלות ליקריץ תות 198,הרשי,US,הרשי,גרמים,198.00,100 גרם,false,,6.90,0.0348,true,1,13632
35000458476,true,*מבצע* קולגייט מברשת,קולגייט פלמוליב,VN,קולגייט,יח',4.00,יח',false,,17.90,4.4750,true,1,22731
37600207188,false,חמאת בוטנים סקיפי קל,הורמל,US,סקיפי,גרמים,462.00,100 גרם,false,,17.90,0.0387,true,1,25501
37600207256,false,חמאת בוטנים סקיפי עם,הורמל,US,סקיפי,גרמים,462.00,100 גרם,false,,17.90,0.0387,true,1,25502
38000138638,false,פרינגלס פיצה 158 גרם,פרינגלס,US,פרינגלס,גרמים,158.00,100 גרם,false,,8.90,0.0563,true,1,25505
38000183928,false,פרינגלס חרדל ודבש 15,פרינגלס,US,פרינגלס,גרמים,158.00,100 גרם,false,,8.90,0.0563,true,1,25508
38000197840,false,פרינגלס גלי בטעם חרי,פרינגלס,US,פרינגלס,גרמים,137.00,100 גרם,false,,8.90,0.0650,true,1,25509
38000232152,false,פרינגלס ברביקיו 158,פרינגלס,US,פרינגלס,גרמים,158.00,100 גרם,false,,8.90,0.0563,true,1,25511
38000232176,false,פרינגלס שמנת בצל 158,פרינגלס,US,פרינגלס,גרמים,158.00,100 גרם,false,,8.90,0.0563,true,1,25512
38000232183,false,פרינגלס אורגינל 149,פרינגלס,US,פרינגלס,גרמים,149.00,100 גרם,false,,8.90,0.0597,true,1,25513
38527591053,false,*מבצע* קוואקר ריבועי,BEVERAGES FOODS & SE,US,קוואקר,גרמים,411.00,100 גרם,false,,16.90,0.0411,true,1,16804
38527591060,false,*מבצע* קוואקר ריבועי,BEVERAGES FOODS & SE,US,קוואקר,גרמים,411.00,100 גרם,false,,16.90,0.0411,true,1,16805
40000512943,false,M&M's שוקולד 303 גרם,מרס,US,אמ אנד אמס,גרמים,303.00,100 גרם,false,,19.90,0.0657,true,1,32145
40000513568,false,M&M's שוקולד 156 גרם,מרס,US,M&M's שוקולד 156 גרם,גרמים,156.00,100 גרם,false,,9.90,0.0635,true,1,32147
40000514480,false,M&M's שוקולד 48 גרם,מרס,US,מ&מ'ס,גרמים,48.00,100 גרם,false,,4.90,0.1021,true,1,32150
40000514510,false,M&M's בוטנים 49 גרם,מרס,US,מ&מ'ס,גרמים,49.00,100 גרם,false,,4.90,0.1000,true,1,32151
40232885518,false,אוכמניות,,,אוכמניות,יח,1.00,יח,false,,9.90,9.9000,true,1,24141
41390001079,false,רוטב סויה דל מלח קיק,קיקומן פודז אינק,US,קיקומן,מיליליטרים,444.00,"100 מ""ל",false,,19.90,0.0448,true,1,25521
41390010309,false,רוטב טריאקי קיקומן 4,קיקומן פודז אינק,US,קיקומן,מיליליטרים,444.00,"100 מ""ל",false,,19.90,0.0448,true,1,25522
44164063914,false,פתיל צף עגול מוכן,,,פתיל צף עגול מוכן,יחידה,0.00,יחידה,false,,4.90,0.0000,true,1,30129
46214382259,false,מרבה עוגיות בראוניז,,,מרבה עוגיות בראוניז,גרמים,200.00,100 גרם,false,,9.90,0.0495,true,1,22736
46214731552,false,מרבה עוגיות  37% שוק,Merba BV,NL,מרבה,גרמים,225.00,100 גרם,false,,9.90,0.0440,true,1,22737
48256214758,false,אבקה להסרת כתמים אוק,אסטוניש,GB,אסטוניש,קילוגרמים,1.00,"ק""ג",false,,25.90,25.9000,true,1,13292
50000100347,false,פריסקיז מעדני החתול,נסטלה פורינה  USA מק,US,FRISKIES,קילוגרמים,4.43,"ק""ג",false,,35.90,8.1038,true,1,32498
50000237951,false,פריסקיז פארטי מיקס ג,,,פריסקיז פארטי מיקס ג,גרמים,60.00,100 גרם,false,,14.90,0.2483,true,1,40917
50000238910,false,פריסקיז פארטי מיקס א,,,פריסקיז פארטי מיקס א,גרמים,60.00,100 גרם,false,,14.90,0.2483,true,1,39709
50000426942,false,פנסי פיסט צאנקי בשר,,,פנסי פיסט צאנקי בשר,יחידה,0.00,יחידה,false,,5.90,0.0000,true,1,32514
50000429448,false,פנסי פיסט פטה מוס סל,נסטלה פורינה  USA סט,US,FANCY FEAST,גרמים,85.00,100 גרם,false,,5.90,0.0694,true,1,32519
50000429844,false,פנסי פיסט פטה הודו ו,נסטלה פורינה  USA ג',US,FANCY FEAST,גרמים,85.00,100 גרם,false,,5.90,0.0694,true,1,32521
50000574414,false,פריסקיז פארטי מיקס,,,פריסקיז פארטי מיקס,גרמים,59.00,100 גרם,false,,14.90,0.2525,true,1,39710
51500255162,false,*מבצע* JIF חמאת בוטנ,smuckers,US,*מבצע* JIF חמאת בוטנ,גרמים,454.00,100 גרם,false,,14.90,0.0328,true,1,34587
54881000048,false,*מבצע* תה במבחר פרי,אחמד תה אנגליה,,*מבצע* תה במבחר פרי,יח',20.00,יח',false,,8.90,0.4450,true,1,36626
54881000055,false,*מבצע* תה שחור מבחר,אחמד תה אנגליה,,*מבצע* תה שחור מבחר,יח',20.00,יח',false,,8.90,0.4450,true,1,35596
54881000062,false,*מבצע* תה שחור לימונ,אחמד תה אנגליה,,*מבצע* תה שחור לימונ,יח',20.00,יח',false,,8.90,0.4450,true,1,35597
54881000208,false,*מבצע* תה שחור לימון,אחמד תה אנגליה,,*מבצע* תה שחור לימון,יח',20.00,יח',false,,8.90,0.4450,true,1,36627
54881003971,false,*מבצע* תה ירוק מבחר,אחמד תה אנגליה,,*מבצע* תה ירוק מבחר,יח',20.00,יח',false,,9.90,0.4950,true,1,35598
54881005654,false,*מבצע* תה ירוק  יסמי,אחמד תה אנגליה,,*מבצע* תה ירוק  יסמי,יח',20.00,יח',false,,9.90,0.4950,true,1,36629
54881007115,false,*מבצע* תה שחור וניל,אחמד תה אנגליה,,*מבצע* תה שחור וניל,יח',20.00,יח',false,,8.90,0.4450,true,1,35600
54881007535,false,*מבצע* תה ירוק בטעם,אחמד תה אנגליה,,*מבצע* תה ירוק בטעם,יח',20.00,יח',false,,9.90,0.4950,true,1,35602
54881008945,false,*מבצע* תה ירוק אחמד,אחמד תה אנגליה,,*מבצע* תה ירוק אחמד,יח',20.00,יח',false,,9.90,0.4950,true,1,35603
54881012423,false,*מבצע* תה ירוק בטעם,אחמד תה אנגליה,,*מבצע* תה ירוק בטעם,יח',20.00,יח',false,,9.90,0.4950,true,1,35605
62558202381,false,סירופ מייפל אורגני נ,דיקסר קוויבק,CA,סירופ מייפל אורגני נ,מיליליטרים,250.00,"100 מ""ל",false,,26.90,0.1076,true,1,17266
64144090013,false,תרסיס שמן טעם חמאה פ,קונגרה,US,פאם,מיליליטרים,148.00,"100 מ""ל",false,,17.90,0.1209,true,1,13639
64144090020,false,תרסיס שמן זית פאם,קונגרה,US,פאם,מיליליטרים,148.00,"100 מ""ל",false,,17.90,0.1209,true,1,13640
64144090051,false,תרסיס שמן קנולה פאם,קונגרה,US,פאם,מיליליטרים,148.00,"100 מ""ל",false,,17.90,0.1209,true,1,13641
70080000016,false,חרדל לחיץ 297 אמריק',"פלוקמן בע""מ",US,חרדל לחיץ 297 אמריק',גרמים,297.00,100 גרם,false,,7.90,0.0266,true,1,17267
76840001767,false,*מבצע* פינט wake & n,מוצרי איכות אמריקאיי,IL,בן & ג'ריס,מיליליטרים,500.00,"100 מ""ל",false,,18.90,0.0378,true,1,24081
76840001774,false,*מבצע* פיינט שוקולד,מוצרי איכות אמריקאיי,IL,בן & ג'ריס,מיליליטרים,500.00,"100 מ""ל",false,,18.90,0.0378,true,1,24082
76840002351,false,*מבצע* פיינט Gimme s,מוצרי איכות אמריקאיי,IL,בן & ג'ריס,מיליליטרים,500.00,"100 מ""ל",false,,18.90,0.0378,true,1,35173
76840100156,false,*מבצע* גלידת שמנת עם,מוצרי איכות אמריקאיי,IL,בן & ג'ריס,מיליליטרים,473.00,"100 מ""ל",false,,18.90,0.0400,true,1,35404
76840100583,false,*מבצע* פיינט בצק עוג,מוצרי איכות אמריקאיי,IL,בן & ג'ריס,מיליליטרים,473.00,"100 מ""ל",false,,18.90,0.0400,true,1,24085
76840620029,false,*מבצע* פיינט תות שדה,מוצרי איכות אמריקאיי,IL,בן & ג'ריס,מיליליטרים,476.00,"100 מ""ל",false,,18.90,0.0397,true,1,24096
76840620036,false,*מבצע* פיינט חצי אפו,מוצרי איכות אמריקאיי,IL,בן & ג'ריס,מיליליטרים,500.00,"100 מ""ל",false,,18.90,0.0378,true,1,24097
77245110610,false,סוכריות מאסט ללא סוכ,MIESZKO S.A - MS. JO,PL,עלית,גרמים,80.00,100 גרם,false,,6.90,0.0863,true,1,15831
77343000233,false,נרות חימום 50 יח יצו,"מנורה שי נר בע""מ",IL,מנורה,יח',50.00,יח',false,,8.90,0.1780,true,1,30131
77975094624,false,שברי בייגלה במילוי ח,סניידרס,US,סניידרס,גרמים,283.50,100 גרם,false,,15.90,0.0561,true,1,13659
77975094631,false,סנדוויץ בייגלה במילו,סניידרס,US,סניידרס,גרמים,226.00,100 גרם,false,,15.90,0.0704,true,1,13660
77975094761,false,שברי בייגלה צדר סניי,סניידרס,US,סניידרס,גרמים,340.00,100 גרם,false,,15.90,0.0468,true,1,13661
77975094778,false,שברי בייגלה דבש וחרד,סניידרס,US,סניידרס,גרמים,340.00,100 גרם,false,,15.90,0.0468,true,1,13662
84909008046,false,נוזל אגוז קוקוס 400,סיאנד אי,TH,מזרח ומערב,מיליליטרים,400.00,"100 מ""ל",false,,6.90,0.0173,true,1,17269
85696608044,false,*מבצע* טופו ללא גלוט,Morinaga nutritional,US,*מבצע* טופו ללא גלוט,גרמים,349.00,100 גרם,false,,11.90,0.0341,true,1,29432
183837123408,false,אורז בסמטי אוצרות הו,,IN,אורז בסמטי אוצרות הו,קילוגרמים,5.00,"ק""ג",false,,32.90,6.5800,true,1,40759
305213079004,false,ווזלין תחליב גוף צהו,יוניליוור,US,יוניליוור,מיליליטרים,600.00,"100 מ""ל",false,,19.90,0.0332,true,1,20155
608614249114,false,סט מצעים זוגי 180*16,,,סט מצעים זוגי 180*16,יח',1.00,יח',false,,59.90,59.9000,true,1,30271
611745285685,false,אבוקדו בשל ארוז יחיד,משתנה,IL,פטריות פורטובלה,יח',1.00,יח',false,,7.90,7.9000,true,1,33638
613008742409,false,אריזונה אפרסק ליטר,נובה טרייד אל טי די,BG,אריזונה,ליטרים,1.00,ליטר,false,,10.90,10.9000,true,1,12375
613008755461,false,אריזונה אוכמניות ליט,נובה טרייד אל טי די,BG,אריזונה,ליטרים,1.00,ליטר,false,,10.90,10.9000,true,1,12380
645173911038,false,קורנישון מיני 670 גר,קולמן,IN,תומר,גרמים,720.00,100 גרם,false,,10.90,0.0151,true,1,22308
649870165695,false,חטיף נייטיב לכלב מקל,,,חטיף נייטיב לכלב מקל,גרמים,80.00,100 גרם,false,,15.90,0.1988,true,1,32641
649870165718,false,חטיף נייטיב לכלב עיג,,,חטיף נייטיב לכלב עיג,גרמים,80.00,100 גרם,false,,15.90,0.1988,true,1,32643
649870165725,false,חטיף נייטיב לכלב משק,,,חטיף נייטיב לכלב משק,גרמים,80.00,100 גרם,false,,15.90,0.1988,true,1,32644
649870166081,false,נייטיב בקר ברוטב לחת,,TH,נייטיב בקר ברוטב לחת,גרמים,85.00,100 גרם,false,,4.90,0.0576,true,1,34741
649870166098,false,נייטיב עוף ברוטב לחת,,TH,נייטיב עוף ברוטב לחת,גרמים,85.00,100 גרם,false,,4.90,0.0576,true,1,34742
649870166135,false,נייטיב טונה ברוטב לח,,TH,נייטיב טונה ברוטב לח,גרמים,85.00,100 גרם,false,,4.90,0.0576,true,1,34752
649870166166,false,נייטיב פטה עוף לחתול,,TH,נייטיב פטה עוף לחתול,גרמים,85.00,100 גרם,false,,4.90,0.0576,true,1,34753
651080161510,false,קיסמים בשילוב חוט דנ,"פלקרס רנור ארה""ב",CN,קיסמים בשילוב חוט דנ,יח',36.00,יח',false,,9.90,0.2750,true,1,8203
651080647519,false,קיסמים בשילוב חוט דנ,"פלקרס רנור ארה""ב",CN,קיסמים בשילוב חוט דנ,יח',1.00,יח',false,,9.90,9.9000,true,1,8204
693493014267,false,אבוקדו בשל ארוז יחיד,משתנה,IL,פטריות פורטובלה,יח',1.00,יח',false,,7.90,7.9000,true,1,33639
693493034463,false,סרדין בלימון,U.P.A,MA,U.P.A,גרמים,125.00,100 גרם,false,,4.90,0.0392,true,1,24005
693493126397,false,כפפות קירצוף מסיליקו,,,כפפות קירצוף מסיליקו,יח',1.00,יח',false,,17.90,17.9000,true,1,26234
693493168786,false,"תמר מג'הול 1 ק""ג פרמ",,,"תמר מג'הול 1 ק""ג פרמ",קילוגרמים,1.00,"ק""ג",false,,24.90,24.9000,true,1,42071
693493168823,false,תמר דקל נור 400 גרם,,,תמר דקל נור 400 גרם,גרמים,400.00,100 גרם,false,,10.90,0.0273,true,1,42083
693493179065,false,שרי ליקופן,,,שרי ליקופן,יח',1.00,יח',false,,8.90,8.9000,true,1,36593
728229123590,false,טרה ציפס ירקות,Global Gourmet Produ,IL,טרה,גרמים,110.00,100 גרם,false,,14.90,0.1355,true,1,8205
728229124764,false,טרה ציפס בטטה עם מלח,Global Gourmet Produ,IL,טרה,גרמים,110.00,100 גרם,false,,14.90,0.1355,true,1,8207
728229130154,false,טרה ציפס בטטה וסלק,Global Gourmet Produ,IL,טרה,גרמים,110.00,100 גרם,false,,14.90,0.1355,true,1,8210
753182231761,false,משקה אנרגיה בלו ללא,אקוביט,PL,בלו,מיליליטרים,250.00,"100 מ""ל",false,,4.20,0.0168,true,1,7808
768404001640,false,*מבצע* פיינט קפה FT,מוצרי איכות אמריקאיי,IL,בן & ג'ריס,גרמים,500.00,100 גרם,false,,18.90,0.0378,true,1,24098
769904000607,false,שקדי מרק ברפוד 200 ג,משובח תעשיות מזון,IL,b&d,גרמים,200.00,100 גרם,false,,9.90,0.0495,true,1,3953
769904000997,false,דגש שקדי מרק.,משובח תעשיות מזון,IL,משובח,גרמים,200.00,100 גרם,false,,13.90,0.0695,true,1,2783
818570007066,false,תמצית וניל טהור ווטק,וטקינס,US,תמצית וניל טהור ווטק,מיליליטרים,29.00,"100 מ""ל",false,,29.90,1.0310,true,1,3888
833949000264,false,סירופ מייפל אמיתי 10,דיקסר קוויבק,CA,סירופ מייפל אמיתי 10,מיליליטרים,330.00,"100 מ""ל",false,,26.90,0.0815,true,1,17277
835811000396,false,נייר אפיה לתבנית מוא,הנמל,,נייר אפיה לתבנית מוא,יח,30.00,יח,false,,9.90,0.3300,true,1,10262
835811000433,false,סכינים 50 יח` קרם  ע,"גרנג יוניברס , הונג",TR,הנמל,יח',50.00,יח',false,,12.90,0.2580,true,1,10266
835811001140,false,שומשום 400 גר`,,,שומשום 400 גר`,גרמים,400.00,100 גרם,false,,9.90,0.0248,true,1,10270
835811001713,false,ניילון נצמד  150 מ`,,,ניילון נצמד  150 מ`,מטרים,150.00,מטר,false,,14.90,0.0993,true,1,10280
835811002215,false,מאפינס צבעוני 200 יח,,,מאפינס צבעוני 200 יח,יח',200.00,יח',false,,11.90,0.0595,true,1,10293
835811003458,false,מזלגות אלגנט שקוף 50,,,מזלגות אלגנט שקוף 50,יח',50.00,יח',false,,7.90,0.1580,true,1,40647
835811003489,false,כפיות אלגנט שקוף 50,,,כפיות אלגנט שקוף 50,יח',50.00,יח',false,,7.90,0.1580,true,1,40650
835811004189,false,פירורי לחם מוזהבים ז,הנמל,IL,פירורי לחם מוזהבים ז,גרמים,800.00,100 גרם,false,,9.90,0.0124,true,1,34982
835811004202,false,מפה שולחן  6 יח` עבה,,,מפה שולחן  6 יח` עבה,יח',6.00,יח',false,,8.90,1.4833,true,1,10314
835811004219,false,מפה שולחן 8 יח עבה נ,,,מפה שולחן 8 יח עבה נ,יח',8.00,יח',false,,8.90,1.1125,true,1,10315
835811004226,false,מפת ניילון  בגליל  4,,,מפת ניילון  בגליל  4,מטרים,45.00,מטר,false,,29.90,0.6644,true,1,10316
835811004455,false,קש מנייר 125 יח',הנמל,,קש מנייר 125 יח',יח',1.00,יח',false,,8.90,8.9000,true,1,35060
835811004707,false,פרורי לחם מוזהב 440,"י.את א. ברמן בע""מ",IL,הנמל,גרמים,440.00,100 גרם,false,,6.90,0.0157,true,1,10329
835811004790,false,מגש הגשה  עגול מחולק,פולין חד פעמי סין,CN,הנמל,יח',1.00,יח',false,,8.90,8.9000,true,1,10330
835811004813,false,מגש מאורך  מחולק  שק,הנג טונג,CN,הנמל,יח',1.00,יח',false,,7.90,7.9000,true,1,10331
835811005117,false,קערה מעוטרת קטנה 1 י,בי רייט,CN,הנמל,יח',1.00,יח',false,,4.90,4.9000,true,1,10336
835811005247,false,קערה 16 אונז` 4 יח`,הנג טונג,CN,הנמל,יח',4.00,יח',false,,7.90,1.9750,true,1,10338
835811005339,false,זוג שקיות אוכל ארוז,,,שקיות אוכל זוג בקרטו,יח',300.00,יח',false,,7.90,0.0263,true,1,10339
835811005407,false,*מבצע* קפה לדרך ענק,"צח ייבוא ושיווק בע""מ",IL,הנמל,יח',12.00,יח',false,,12.90,1.0750,true,1,10340
835811005421,false,"שיפודים עבה  25 ס""מ",,,"שיפודים עבה 25 ס""מ 75 יח'",יח',75.00,יח',false,,2.90,0.0387,true,1,10341
835811005728,false,עלים ל-קרמשניט 400 ג,"רונית מאפים בע""מ",IL,הנמל,גרמים,400.00,100 גרם,false,,14.90,0.0373,true,1,10345
835811006176,false,כוס קינוח קריסטל 60,,,כוס קינוח קריסטל 60,יח',24.00,יח',false,,12.90,0.5375,true,1,10360
835811006213,false,קערות למרק  מקנה סוכ,,,קערות למרק  מקנה סוכ,יח',25.00,יח',false,,13.90,0.5560,true,1,10363
835811006220,false,צלחות ענק מקנה סוכר,,,צלחות ענק מקנה סוכר,יח',25.00,יח',false,,14.90,0.5960,true,1,10364
835811006244,false,צלחות גדולות מקנה סו,,,צלחות גדולות מקנה סו,יח',25.00,יח',false,,13.90,0.5560,true,1,10366
835811007166,false,כוסות קפה לדרך + מכס,"צח ייבוא ושיווק בע""מ",IL,הנמל,יח',16.00,יח',false,,11.90,0.7438,true,1,10390
835811007296,false,כפיות אלגנט 50 יח,,,כפיות אלגנט 50 יח,יח',50.00,יח',false,,7.90,0.1580,true,1,40655
835811007302,false,כפות אלגנט  50 יח,,,כפות אלגנט  50 יח,יח',50.00,יח',false,,7.90,0.1580,true,1,40651
835811007319,false,מזלגות אלגנט  50 יח,,,מזלגות אלגנט  50 יח,יח',50.00,יח',false,,7.90,0.1580,true,1,40652
835811007326,false,סכינים אלגנט  50 יח,,,סכינים אלגנט  50 יח,יח',50.00,יח',false,,7.90,0.1580,true,1,40653
835811007494,false,גלטין טהור מדגים  2,,,גלטין טהור מדגים  2,גרמים,28.00,100 גרם,false,,8.90,0.3179,true,1,10399
835811008699,false,כפות 50 יח` שקוף עבה,"גרנג יוניברס , הונג",TR,הנמל,יח',50.00,יח',false,,12.90,0.2580,true,1,10404
835811008910,false,ליפתן הגשה 8 יח`,בי רייט,CN,הנמל,יח',8.00,יח',false,,7.90,0.9875,true,1,10411
835811008934,false,מזלגות 50 יח`  שקוף,"גרנג יוניברס , הונג",TR,הנמל,יח',50.00,יח',false,,12.90,0.2580,true,1,10412
835811008958,false,כפיות 50 יח`  שקוף ע,"גרנג יוניברס , הונג",TR,הנמל,יח',50.00,יח',false,,12.90,0.2580,true,1,10414
835811008989,false,כוסות קרטון 50  12OZ,,,כוסות קרטון 50  12OZ,יח',50.00,יח',false,,19.90,0.3980,true,1,10415
835811008996,false,כוסות קרטון  50  10O,,,כוסות קרטון  50  10O,יח',50.00,יח',false,,14.90,0.2980,true,1,10416
835811009115,false,מגש מלבן 1 יח` שקוף,בי רייט,CN,הנמל,יח',1.00,יח',false,,5.90,5.9000,true,1,10420
835811009795,false,כוס מרובעת 20יח  10,בי רייט,CN,הנמל,יח',10.00,יח',false,,15.90,1.5900,true,1,10439
839762000658,false,משקה איילנד גויאבה,The Egyptian Co. for,EG,איילנד,ליטרים,1.00,ליטר,false,,11.50,11.5000,true,1,12382
850006036028,false,*מבצע* מאפה חיטה מקל,,,*מבצע* מאפה חיטה מקל,גרמים,400.00,100 גרם,false,,14.90,0.0373,true,1,37759
851621000050,false,בירה בלאנק 1664 שישי,,PL,בירה בלאנק 1664 שישי,מיליליטרים,1980.00,"100 מ""ל",false,,39.90,0.0202,true,1,40131
852852004008,false,מלפפונים במלח 18-25,פרי חן,IL,מלפפונים במלח 18-25,גרמים,540.00,100 גרם,false,,8.90,0.0165,true,1,35565
855958006563,false,צורו טונה ועוף 56 ג,,,צורו טונה ועוף 56 ג,גרמים,56.00,100 גרם,false,,15.90,0.2839,true,1,42776
856591000055,false,עוגיות מזרחיות קריספ,עבאדי,IL,עבאדי,גרמים,400.00,100 גרם,false,,17.90,0.0447,true,1,19773
856591000062,false,עוגיות מזרחיות מלח 4,עבאדי,IL,עבאדי,גרמים,400.00,100 גרם,false,,17.90,0.0447,true,1,19774
856591000109,false,עוגיות מזרחיות פריך,עבאדי,IL,עבאדי,גרמים,400.00,100 גרם,false,,17.90,0.0447,true,1,19777
856591000512,false,*מבצע* עוגיות מזרחיו,עבאדי,IL,עבאדי,גרמים,400.00,100 גרם,false,,14.90,0.0373,true,1,19784
856591000949,false,*מבצע* חטיף טבעי קטנ,עבאדי,IL,*מבצע* חטיף טבעי קטנ,גרמים,350.00,100 גרם,false,,14.90,0.0426,true,1,34776
856591000970,false,*מבצע* מאפה חיטה מקל,,,*מבצע* מאפה חיטה מקל,גרמים,400.00,100 גרם,false,,14.90,0.0373,true,1,37760
859547004084,false,*מבצע* ספוג ניקוי סק,,,*מבצע* ספוג ניקוי סק,יח',1.00,יח',false,,14.90,14.9000,true,1,43011
859547004329,false,*מבצע* ספוג ניקוי סק,,,*מבצע* ספוג ניקוי סק,יח',1.00,יח',false,,14.90,14.9000,true,1,43010
884912359155,false,דגני בוקר האני בנצ'ס,פוסט,US,האניבנצס רוסטד,גרמים,340.00,100 גרם,false,,21.90,0.0644,true,1,38147
884912359162,false,דגני בוקר האני בנצ'ס,פוסט,US,האניבנצס אלמונד,גרמים,340.00,100 גרם,false,,21.90,0.0644,true,1,38148
884912359421,false,דגני בוקר האני באנצ',פוסט,US,האניבנצס רוסטד,גרמים,340.00,100 גרם,false,,21.90,0.0644,true,1,38149
884912365200,false,דגני אוראו 311 גרם,,,דגני אוראו 311 גרם,גרמים,311.00,100 גרם,false,,19.90,0.0640,true,1,41853
893594002051,false,פופקורנס גבינת צ'דר,pepsico inc.frito la,US,פופקורנס גבינת צ'דר,גרמים,28.00,100 גרם,false,,5.50,0.1964,true,1,40762
893594002068,false,פופקורנס מלח ים 28 ג,pepsico inc.frito la,US,פופקורנס מלח ים 28 ג,גרמים,28.00,100 גרם,false,,5.50,0.1964,true,1,40760
1230000116022,false,המבורגר ביונד מיט 2*,chubs nhy,US,ביונד מיט,גרמים,226.00,100 גרם,false,,27.90,0.1235,true,1,38940
2122607011109,false,עמק לייט חריץ במשקל,תנובה,IL,תנובה,קילוגרמים,1.00,"ק""ג",true,,70.00,70.0000,true,1,36457
3014260262693,false,מכשיר ונוס+2 סכינים,פרוקטר אנד גמבל,PL,Gillette,יח',1.00,יח',false,,29.90,29.9000,true,1,8481
3014260262709,false,סכיני גילוח ונוס רבי,פרוקטר אנד גמבל,PL,Gillette,יח',4.00,יח',false,,39.90,9.9750,true,1,8482
3014260287030,false,גילט חמישייה,פרוקטר אנד גמבל,PL,Gillette,יח',5.00,יח',false,,7.90,1.5800,true,1,8486
3046920010801,false,לינדט אקסלנס הזלנט 1,לינדט,FR,לינדט,גרמים,100.00,100 גרם,false,,14.90,0.1490,true,1,3890
3046920028721,false,לינדט אקסלנס שוקולד,לינדט,FR,לינדט,גרמים,50.00,100 גרם,false,,14.90,0.2980,true,1,3896
3046920029674,false,לינדט אקסלנס שוקולד,לינדט,FR,לינדט,גרמים,100.00,100 גרם,false,,14.90,0.1490,true,1,3897
3059940007768,false,איירוויק ספריי וניל,RECKITT BENCKISER UK,GB,איירויק,מיליליטרים,240.00,"100 מ""ל",false,,9.90,0.0413,true,1,7440
3059943015128,false,איירוויק נטול גז,RECKITT BENCKISER PR,PL,איירויק,מיליליטרים,345.00,"100 מ""ל",false,,12.90,0.0374,true,1,7442
3059943016507,false,איירוויק ספריי לבנדר,RECKITT BENCKISER UK,GB,איירויק,מיליליטרים,240.00,"100 מ""ל",false,,9.90,0.0413,true,1,7443
3059943016569,false,איירוויק ספריי פריסי,RECKITT BENCKISER UK,GB,איירויק,מיליליטרים,240.00,"100 מ""ל",false,,9.90,0.0413,true,1,7444
3059944022415,false,*מבצע* ויט ארומטיק ר,RECKITT BENCKISER FR,FR,ויט,יח',10.00,יח',false,,19.90,1.9900,true,1,7447
3073781161663,false,גבינה מותכת לוואש קי,פרומאג'רי בל דום סאם,FR,לואש קירי,גרמים,128.00,100 גרם,false,,11.90,0.0930,true,1,33969
3073781161687,false,גבינה לוואש קירי 256,פרומאג'רי בל דום סאם,FR,לואש קירי,גרמים,256.00,100 גרם,false,,22.90,0.0895,true,1,33970
3073781161700,false,גבינה לוואש קירי 480,פרומאג'רי בל דום סאם,FR,לואש קירי,גרמים,480.00,100 גרם,false,,37.90,0.0790,true,1,33971
3141360054405,false,פיניש ציטרו,RECKITT BENCKISER HU,HU,פיניש,יח',1.00,יח',false,,14.90,14.9000,true,1,7451
3161911229199,false,*מבצע* חמאה רכה אלוו,אלוויר,FR,אלוויר,גרמים,250.00,100 גרם,false,,19.90,0.0796,true,1,14944
3161911393210,false,חמאה נורמנדי מלוחה א,אלוויר,FR,אל-ויר,גרמים,200.00,100 גרם,false,,18.90,0.0945,true,1,37305
3178530402278,false,עוגיות גאלט חמאה 150,סן מישל,FR,סן מישל,גרמים,150.00,100 גרם,false,,16.90,0.1127,true,1,14954
3178530402353,false,מדלן עוגיות רכות 175,סן מישל,FR,סן מישל,גרמים,175.00,100 גרם,false,,10.90,0.0623,true,1,14955
3178530407938,false,עוגיות מיני מדלן עם,סן מישל,FR,סן מישל,גרמים,175.00,100 גרם,false,,11.90,0.0680,true,1,14957
3178530412703,false,*מבצע* דונאט עם שוקו,סן מישל,FR,סן מישל,גרמים,180.00,100 גרם,false,,11.90,0.0661,true,1,14961
3178530417340,false,*מבצע* בראוניז שוקול,סן מישל,FR,סן מישל,גרמים,210.00,100 גרם,false,,11.90,0.0567,true,1,34919
3178530417357,false,*מבצע* בראוניז שוקול,סן מישל,FR,סן מישל,גרמים,210.00,100 גרם,false,,11.90,0.0567,true,1,34920
3178530417418,false,*מבצע* דונאט עם שוקו,סן מישל,FR,סן מישל,גרמים,180.00,100 גרם,false,,11.90,0.0661,true,1,14963
3387390320244,false,פיטנס פירות 375 גרם,נסטלה צרפת איטנקורט,FR,FITNESS,גרמים,375.00,100 גרם,false,,19.90,0.0531,true,1,4215
3387390730852,false,דגני פיטנס 375 גרם.,נסטלה צרפת איטנקורט,FR,FITNESS,גרמים,375.00,100 גרם,false,,19.90,0.0531,true,1,4217
3523230025638,false,בושה עיזים טבעי 125,אוריאל,FR,בושה עיזים טבעי 125,גרמים,125.00,100 גרם,false,,24.90,0.1992,true,1,14974
3523230026826,false,*מבצע* גבינת עיזים ל,אוריאל,FR,מרסי שף,גרמים,140.00,100 גרם,false,,19.90,0.1421,true,1,14976
3523230026888,false,*מבצע* גבינת עיזים ש,אוריאל,FR,מרסי שף,גרמים,140.00,100 גרם,false,,19.90,0.1421,true,1,14977
3523230038959,false,בושה עיזים מפוחם 125,אוריאל,FR,בושה עיזים מפוחם 125,גרמים,125.00,100 גרם,false,,24.90,0.1992,true,1,14978
3523230045827,false,*מבצע* גבינת סנט מור,אוריאל,FR,סנט מור,גרמים,160.00,100 גרם,false,,23.90,0.1494,true,1,14979
3563490014898,false,חרדל דיזון לחיץ 265,REINE DE DIJON S.A,FR,ריין דיז'ון,גרמים,265.00,100 גרם,false,,9.90,0.0374,true,1,25535
3574660089547,false,*מבצע* אובה קלאסי נו,Johnson Toilet-IT,GR,אובה,יח',32.00,יח',false,,20.90,0.6531,true,1,22743
3574660115154,false,*מבצע* אובה קלאסי סו,Johnson Toilet-IT,GR,אובה,יח',32.00,יח',false,,20.90,0.6531,true,1,22745
3574661003924,false,"מי פה ליסטרין 500 מ""",גונסון אנד גונסון,IT,ליסטרין,מיליליטרים,500.00,"100 מ""ל",false,,17.90,0.0358,true,1,18952
3574661352275,false,ליסטרין קידס ברי 250,גונסון אנד גונסון,IT,ליסטרין קידס ברי,מיליליטרים,250.00,"100 מ""ל",false,,9.90,0.0396,true,1,18961
3574661363998,false,"מי פה ליסטרין 500 מ""",גונסון אנד גונסון,IT,ליסטרין,מיליליטרים,500.00,"100 מ""ל",false,,17.90,0.0358,true,1,18965
3574661487328,false,קרפרי מגן תחתון רגיל,Johnson Toilet-IT,GR,קרפרי,יח',56.00,יח',false,,15.90,0.2839,true,1,22810
3574661487618,false,קרפרי מגן תחתון מקסי,Johnson Toilet-IT,GR,קרפרי,יח',48.00,יח',false,,15.90,0.3313,true,1,22812
3574661487625,false,קרפרי מגן תחתון מקסי,Johnson Toilet-IT,GR,קרפרי,יח',48.00,יח',false,,15.90,0.3313,true,1,22813
3574661487632,false,קרפרי מגן תחתון לארג,Johnson Toilet-IT,GR,קרפרי,יח',64.00,יח',false,,22.90,0.3578,true,1,22814
3574661491806,false,"מי פה ליסטרין 500 מ""",גונסון אנד גונסון,IT,ליסטרין,מיליליטרים,500.00,"100 מ""ל",false,,17.90,0.0358,true,1,18968
3574661552576,false,קרפרי מגן תחתון רגיל,Johnson Toilet-IT,GR,קרפרי,יח',56.00,יח',false,,15.90,0.2839,true,1,22817
3574661552804,false,קרפרי מגן תחתון אלוו,Johnson Toilet-IT,GR,קרפרי,יח',56.00,יח',false,,15.90,0.2839,true,1,22818
3574661552811,false,קרפרי כותון אוורירי,Johnson Toilet-IT,GR,קרפרי,יח',56.00,יח',false,,15.90,0.2839,true,1,22819
3574661554877,false,קרפרי כותון מבושם 56,Johnson Toilet-IT,GR,קרפרי,יח',56.00,יח',false,,15.90,0.2839,true,1,22820
3574661643359,false,"מי פה ליסטרין 500 מ""",גונסון אנד גונסון,IT,ליסטרין,מיליליטרים,500.00,"100 מ""ל",false,,17.90,0.0358,true,1,38079
3574661650029,false,"מי פה ליסטרין 500 מ""",גונסון אנד גונסון,IT,ליסטרין,מיליליטרים,500.00,"100 מ""ל",false,,17.90,0.0358,true,1,38080
3574669907729,false,גונסון בייבי שמפו גו,גונסון,IT,גונסונס בייבי,מיליליטרים,750.00,"100 מ""ל",false,,24.90,0.0332,true,1,39351
3600523651870,false,שמפו ארגנין לחיזוק ס,לוריאל,TR,שמפו ארגנין לחיזוק ס,מיליליטרים,550.00,"100 מ""ל",false,,15.90,0.0289,true,1,6177
3600523651900,false,מרכך שיער לחיזוק סיב,לוריאל,TR,מרכך שיער לחיזוק סיב,מיליליטרים,550.00,"100 מ""ל",false,,15.90,0.0289,true,1,6179
3600523652242,false,שמפו מטפח קולור פרוט,לוריאל,TR,שמפו מטפח קולור פרוט,מיליליטרים,550.00,"100 מ""ל",false,,15.90,0.0289,true,1,6181
3600523652280,false,שמפו 6 שמנים מופלאים,לוריאל,TR,שמפו 6 שמנים מופלאים,מיליליטרים,550.00,"100 מ""ל",false,,15.90,0.0289,true,1,6184
3600523652297,false,מרכך שיער 6 שמנים מו,לוריאל,TR,מרכך שיער 6 שמנים מו,מיליליטרים,550.00,"100 מ""ל",false,,15.90,0.0289,true,1,6185
3600523755806,false,שמפו שמן קוקוס להזנה,לוריאל,TR,שמפו שמן קוקוס להזנה,מיליליטרים,550.00,"100 מ""ל",false,,15.90,0.0289,true,1,6187
3600523756322,false,מרכך שיער שמן קוקוס,לוריאל,TR,מרכך שיער שמן קוקוס,מיליליטרים,550.00,"100 מ""ל",false,,15.90,0.0289,true,1,6188
3600541740006,false,*מבצע* דאודורנט ספרי,סופרוקוס,FR,גרנייה,מיליליטרים,150.00,"100 מ""ל",false,,11.90,0.0793,true,1,6221
3600542385091,false,*מבצע* דאודרנט רול,קוסמופול,PL,גרנייה,מיליליטרים,50.00,"100 מ""ל",false,,11.90,0.2380,true,1,6229
3600542385268,false,*מבצע* דאודרנט רול,קוסמופול,PL,גרנייה,מיליליטרים,50.00,"100 מ""ל",false,,11.90,0.2380,true,1,6233
3600542421720,false,*מבצע* מסכה פרוקטיס,אינטרביוטי קוסמטיק ב,IL,*מבצע* מסכה פרוקטיס,מיליליטרים,390.00,"100 מ""ל",false,,29.90,0.0767,true,1,34410
3600542431828,false,צבע לשיער שחור מספר,קוסמופול,PL,גרנייה,יח',1.00,יח',false,,19.90,19.9000,true,1,36810
3600542431880,false,צבע לשיער בלונד מספר,קוסמופול,PL,גרנייה,יח',1.00,יח',false,,19.90,19.9000,true,1,36823
3600542431941,false,צבע לשיער חום זהוב 5,קוסמופול,PL,גרנייה,יח',1.00,יח',false,,19.90,19.9000,true,1,36896
3607345264912,false,דאודורנט ספריי לגבר,,,פיוזן ספריי גוף,מיליליטרים,150.00,"100 מ""ל",false,,16.90,0.1127,true,1,8216
3800016701161,false,חצאי שזיף בסירופ 710,פרוקטו סליבאן GSC,BG,חצאי שזיף בסירופ 710,מיליליטרים,710.00,"100 מ""ל",false,,9.90,0.0139,true,1,12704
3800020423578,false,קיט קאט צאנקי 40 גרם,נסטלה,BG,נסטלה,גרמים,40.00,100 גרם,false,,3.90,0.0975,true,1,4219
3838824127149,false,*מבצע* צבע לשיער פאל,שוורצקופף והנקל,DE,שוורצקוף,יח',1.00,יח',false,,16.90,16.9000,true,1,5697
3838824127163,false,*מבצע* צבע לשיער פאל,שוורצקופף והנקל,DE,שוורצקוף,יח',1.00,יח',false,,16.90,16.9000,true,1,5698
3838824127200,false,*מבצע* צבע לשיער פאל,שוורצקופף והנקל,DE,שוורצקוף,יח',1.00,יח',false,,16.90,16.9000,true,1,5699
3838824127224,false,*מבצע* צבע לשיער פאל,שוורצקופף והנקל,DE,שוורצקוף,יח',1.00,יח',false,,16.90,16.9000,true,1,5700
3838824127248,false,*מבצע* צבע לשיער פאל,שוורצקופף והנקל,DE,שוורצקוף,יח',1.00,יח',false,,16.90,16.9000,true,1,5701
3838824127262,false,*מבצע* צבע לשיער פאל,שוורצקופף והנקל,DE,שוורצקוף,יח',1.00,יח',false,,16.90,16.9000,true,1,5702
3838824127507,false,*מבצע* צבע לשיער פאל,שוורצקופף והנקל,DE,שוורצקוף,יח',1.00,יח',false,,16.90,16.9000,true,1,5706
3838824127583,false,*מבצע* צבע לשיער פאל,שוורצקופף והנקל,DE,שוורצקוף,יח',1.00,יח',false,,16.90,16.9000,true,1,5707
3838824127644,false,*מבצע* צבע לשיער פאל,שוורצקופף והנקל,DE,שוורצקוף,יח',1.00,יח',false,,16.90,16.9000,true,1,5708
3838824193915,false,*מבצע* צבע לשיער פאל,שוורצקופף והנקל,DE,שוורצקוף,יח',1.00,יח',false,,16.90,16.9000,true,1,5709
3838824240275,false,*מבצע* צבע לשיער פאל,שוורצקופף והנקל,DE,פלטה,יח',1.00,יח',false,,16.90,16.9000,true,1,5710
3838824276007,false,*מבצע* צבע לשיער פאל,שוורצקופף והנקל,DE,שוורצקוף,יח',1.00,יח',false,,16.90,16.9000,true,1,5711
3838824327099,false,*מבצע* צבע שיער פלטה,שוורצקופף והנקל,DE,שוורצקוף,יח',1.00,יח',false,,16.90,16.9000,true,1,5712
3838824332178,false,*מבצע* צבע שיער פלטה,שוורצקופף והנקל,DE,שוורצקוף,יח',1.00,יח',false,,16.90,16.9000,true,1,5716
3838824380827,false,*מבצע* צבע שיער פלטה,שוורצקופף והנקל,DE,שוורצקוף,יח',1.00,יח',false,,16.90,16.9000,true,1,37194
3838824380902,false,*מבצע* צבע שיער פלטה,שוורצקופף והנקל,DE,שוורצקוף,יח',1.00,יח',false,,16.90,16.9000,true,1,37195
3838824380940,false,*מבצע* צבע שיער פלטה,שוורצקופף והנקל,DE,שוורצקוף,יח',1.00,יח',false,,16.90,16.9000,true,1,37196
3838824380988,false,*מבצע* צבע שיער פלטה,שוורצקופף והנקל,DE,שוורצקוף,יח',1.00,יח',false,,16.90,16.9000,true,1,37197
3838824381022,false,*מבצע* צבע לשיער פלט,שוורצקופף והנקל,DE,שוורצקוף,יח',1.00,יח',false,,16.90,16.9000,true,1,37198
4000415004408,false,שוקולד שוגטן מריר אג,לודוויג שוקולד,DE,שוגטן,גרמים,100.00,100 גרם,false,,5.90,0.0590,true,1,23752
4000415028305,false,שוקולד שוגטן לאטה מו,לודוויג שוקולד,DE,שוגטן,גרמים,100.00,100 גרם,false,,5.90,0.0590,true,1,38847
4000415039707,false,שוקולד שוגטן בלאק אנ,לודוויג שוקולד,DE,שוגטן,גרמים,100.00,100 גרם,false,,5.90,0.0590,true,1,38472
4000415040109,false,שוקולד שוגטן קרמל בר,לודוויג שוקולד,DE,שוגטן,גרמים,100.00,100 גרם,false,,5.90,0.0590,true,1,23754
4000415065904,false,שוקולד סאלוט אגוזים,,,שוקולד סאלוט אגוזים 100 ג,גרמים,100.00,100 גרם,false,,4.90,0.0490,true,1,41658
4000415066000,false,שוקולד סאלוט חלב 100,,,שוקולד סאלוט חלב 100,גרמים,100.00,100 גרם,false,,4.90,0.0490,true,1,41659
4000415111908,false,שוקולד שוגטן סטרצ'יא,לודוויג שוקולד,DE,שוגטן,גרמים,100.00,100 גרם,false,,5.90,0.0590,true,1,38473
4000415143800,false,שוקולד שוגטן טרילוגי,לודוויג שוקולד,DE,שוגטן,גרמים,100.00,100 גרם,false,,5.90,0.0590,true,1,38474
4000415440701,false,שוקו פאן שישיות בוטנ,,,שוקו פאן שישיות בוטנ,גרמים,216.00,100 גרם,false,,9.90,0.0458,true,1,40756
4000415730109,false,שוקולד שוגטן מריר אג,לודוויג שוקולד,DE,שוגטן,גרמים,100.00,100 גרם,false,,5.90,0.0590,true,1,38476
4000415749606,false,שוקולד שוגטן יום הול,לודוויג שוקולד,DE,שוגטן,גרמים,100.00,100 גרם,false,,5.90,0.0590,true,1,38477
4000415851705,false,שוקולד שוגטן נוגט 10,לודוויג שוקולד,DE,שוגטן,גרמים,100.00,100 גרם,false,,5.90,0.0590,true,1,38478
4000417022004,false,שוקולד ריטר צימוק אג,ריטר ספורט,DE,ריטר ספורט,גרמים,100.00,100 גרם,false,,7.90,0.0790,true,1,13674
4000417023001,false,*מבצע* שוקולד ריטר ח,ריטר ספורט,DE,ריטר ספורט,גרמים,100.00,100 גרם,false,,8.90,0.0890,true,1,13675
4000417025005,false,שוקולד ריטר מרציפן,ריטר ספורט,DE,ריטר ספורט,גרמים,100.00,100 גרם,false,,7.90,0.0790,true,1,13677
4000417026002,false,שוקולד ריטר פרלין,ריטר ספורט,DE,ריטר ספורט,גרמים,100.00,100 גרם,false,,7.90,0.0790,true,1,13678
4000417101211,false,גלילי וופל  אמיצ'לי,,,גלילי וופל  אמיצ'לי,גרמים,150.00,100 גרם,false,,17.90,0.1193,true,1,35909
4000417211002,false,שוקולד ריטר מוס קרמל,ריטר ספורט,DE,ריטר ספורט,גרמים,100.00,100 גרם,false,,7.90,0.0790,true,1,13680
4000417222008,false,שוקולד ריטר חלב עם ש,ריטר ספורט,DE,ריטר ספורט,גרמים,100.00,100 גרם,false,,7.90,0.0790,true,1,13686
4000417294005,false,שוקולד ריטר 100 גרם,ריטר ספורט,DE,ריטר ספורט,גרמים,100.00,100 גרם,false,,7.90,0.0790,true,1,13692
4000417708007,false,*מבצע* שוקולד ריטר ס,ריטר ספורט,DE,ריטר ספורט,גרמים,100.00,100 גרם,false,,8.90,0.0890,true,1,13697
4000539280740,false,לינדט אקסלנס 78% 100,לינדט,FR,לינדט,גרמים,100.00,100 גרם,false,,14.90,0.1490,true,1,40879
4000607850004,false,שוגטן חלב,לודוויג שוקולד,,שוגטן חלב,גרמים,100.00,100 גרם,false,,5.90,0.0590,true,1,38479
4000607851001,false,שוקולד שוגטן אגוזים,לודוויג שוקולד,DE,שוגטן,גרמים,100.00,100 גרם,false,,5.90,0.0590,true,1,38507
4000607852008,false,שוקולד שוגטן מריר,לודוויג שוקולד,DE,שוגטן,גרמים,100.00,100 גרם,false,,5.90,0.0590,true,1,38480
4000607854606,false,שוקולד ילדים שוגטן 1,לודוויג שוקולד,DE,שוגטן,גרמים,100.00,100 גרם,false,,5.90,0.0590,true,1,23764
4000607854705,false,שוקולד שוגטן תות,לודוויג שוקולד,DE,שוגטן,גרמים,100.00,100 גרם,false,,5.90,0.0590,true,1,38481
4000799136887,false,מאונט האגן – קפה נמס,,,מאונט האגן – קפה נמס,גרמים,100.00,100 גרם,false,,36.90,0.3690,true,1,39248
4002448017684,false,סיליט באנג ספרי 750,RECKITT BENCKISER PR,PL,סיליט,מיליליטרים,750.00,"100 מ""ל",false,,12.90,0.0172,true,1,7453
4002590000022,false,סוכריות קלפני,קלפני,DE,קלפני,גרמים,150.00,100 גרם,false,,9.90,0.0660,true,1,13706
4004666042004,false,מלרוד מרסס משמיד עוב,מלרוד,DE,מלרוד,מיליליטרים,500.00,"100 מ""ל",false,,29.90,0.0598,true,1,13297
4004666107819,false,מלרוד מרסס לניקוי וט,,,מלרוד מרסס לניקוי וט,מיליליטרים,500.00,"100 מ""ל",false,,22.90,0.0458,true,1,13298
4005808366392,false,שפתון לבלו כחול בבלי,ביירסדורף,DE,לבלו,גרמים,4.80,100 גרם,false,,9.90,2.0625,true,1,31219
4005808368280,false,שפתון לבלו דובדבן בב,ביירסדורף,DE,לבלו,גרמים,4.80,100 גרם,false,,9.90,2.0625,true,1,31220
4005808702107,false,ניוואה קרם גוף לעור,ביירסדורף,DE,ניוואה,מיליליטרים,500.00,"100 מ""ל",false,,23.90,0.0478,true,1,1128
4005808850723,false,שפתון לבלו תות בבליס,ביירסדורף,DE,לבלו,גרמים,4.80,100 גרם,false,,9.90,2.0625,true,1,31230
4005900521262,false,*מבצע* ניוואה ג'ל רח,ביירסדורף,DE,ניוואה,מיליליטרים,500.00,"100 מ""ל",false,,12.90,0.0258,true,1,1143
4005900555915,false,*מבצע* קרם רחצה ניוו,ביירסדורף,DE,ניוואה,מיליליטרים,750.00,"100 מ""ל",false,,12.90,0.0172,true,1,31238
4005900874962,false,ניוואה דאודורנט רול,ביירסדורף,DE,ניוואה,מיליליטרים,50.00,"100 מ""ל",false,,19.90,0.3980,true,1,38916
4005900978950,false,שפתון לובלו בטעם דוב,ביירסדורף,DE,לבלו,גרמים,4.80,100 גרם,false,,9.90,2.0625,true,1,42859
4005900978967,false,שפתון לובלו בטעם וני,ביירסדורף,DE,לבלו,גרמים,4.80,100 גרם,false,,9.90,2.0625,true,1,42860
4006387085407,false,*מבצע* שלישיית פילטר,בריטה,,בריטה,יח',3.00,יח',false,,79.00,26.3333,true,1,15753
4006529002170,false,עוגיות גולד רינג 400,,,עוגיות גולד רינג 400,גרמים,400.00,100 גרם,false,,8.90,0.0223,true,1,38052
4007745058804,false,מיונז אמיתי אורגני -,הורליין,DE,נטורפוד,גרמים,340.00,100 גרם,false,,24.90,0.0732,true,1,39805
4008287058161,false,*מבצע* קרומבאכר פילס,קרומבכר בראורי,DE,*מבצע* קרומבאכר פילס,ליטרים,1.98,ליטר,false,,29.90,15.1010,true,1,5990
4008287905786,false,קרומבאכר חיטה פחית 0,קרומבכר בראורי,DE,קרומבאכר חיטה פחית 0,מיליליטרים,500.00,"100 מ""ל",false,,9.90,0.0198,true,1,5992
4009300522935,false,*מבצע* פומפדור תה יר,TEEKANNE- POMPADOU,DE,פומפדור,גרמים,30.00,100 גרם,false,,14.90,0.4967,true,1,22841
4009300522966,false,*מבצע* פומפדור תה יר,TEEKANNE- POMPADOU,DE,פומפדור,גרמים,30.00,100 גרם,false,,14.90,0.4967,true,1,22842
4009300524588,false,*מבצע* פומפדור חליטת,TEEKANNE- POMPADOU,DE,פומפדור,גרמים,30.00,100 גרם,false,,10.90,0.3633,true,1,22843
4009300526438,false,*מבצע* פומפדור תה יר,TEEKANNE- POMPADOU,DE,פומפדור,גרמים,30.00,100 גרם,false,,14.90,0.4967,true,1,22848
4009300527909,false,*מבצע* פומפדור חליטת,TEEKANNE- POMPADOU,DE,פומפדור,גרמים,40.00,100 גרם,false,,10.90,0.2725,true,1,22850
4009900402965,false,אורביט וויט פירות בק,ריגלי,PL,אורביט,יח',46.00,יח',false,,9.90,0.2152,true,1,32160
4009900403023,false,אורביט וויט קלאסי בק,ריגלי,PL,אורביט,יח',46.00,יח',false,,9.90,0.2152,true,1,32161
4009900420129,false,אורביט פרופשנל פפרמי,ריגלי,PL,אורביט,יח',46.00,יח',false,,9.90,0.2152,true,1,32165
4009900426039,false,אירוובס מנטה אקליפטו,מרס,PL,איירוויבז,יח',46.00,יח',false,,9.90,0.2152,true,1,32167
4009900426121,false,אירוובס אוכמניות בקב,מרס,PL,איירוויבז,יח',46.00,יח',false,,9.90,0.2152,true,1,32168
4009900455299,false,סקיטלס בטעם פירות 17,ריגלי,CZ,סקיטלס,גרמים,174.00,100 גרם,false,,8.90,0.0511,true,1,32169
4009900465304,false,סקיטלס בטעם חמוץ 174,ריגלי,CZ,סקיטלס,גרמים,174.00,100 גרם,false,,8.90,0.0511,true,1,32173
4009900479998,false,אורביט אוכמניות בקבו,ריגלי,PL,אורביט,יח',46.00,יח',false,,9.90,0.2152,true,1,32174
4009900482417,false,אורביט בקבוקון בבלמי,ריגלי,PL,אורביט,גרמים,14.00,100 גרם,false,,9.90,0.7071,true,1,32176
4009900483803,false,אירוובס מנטה אקליפטו,ריגלי,GB,אורביט,גרמים,84.00,100 גרם,false,,12.90,0.1536,true,1,32177
4009900484060,false,אורביט בקבוק פפרמינט,ריגלי,GB,אורביט,גרמים,84.00,100 גרם,false,,12.90,0.1536,true,1,32179
4009900484091,false,אורביט בקבוק ספירמינ,ריגלי,GB,אורביט,גרמים,84.00,100 גרם,false,,12.90,0.1536,true,1,32180
4009900484305,false,אורביט בקבוק סוויטמי,ריגלי,GB,אורביט,גרמים,64.00,100 גרם,false,,12.90,0.2016,true,1,32181
4009900491044,false,אירוובס בקבוק אוכמני,ריגלי,GB,אורביט,גרמים,84.00,100 גרם,false,,12.90,0.1536,true,1,32184
4009900496247,false,אורביט בקבוק בבלמינט,ריגלי,GB,אורביט,גרמים,84.00,100 גרם,false,,12.90,0.1536,true,1,32185
4009900509770,false,אורביט בקבוק תות 60,ריגלי,GB,אורביט,גרמים,84.00,100 גרם,false,,12.90,0.1536,true,1,32191
4009900531122,false,אורביט פרופשיונל ספי,ריגלי,PL,אורביט,יח',46.00,יח',false,,9.90,0.2152,true,1,32203
4009900531573,false,סקיטלס סמודיס 174ג',ריגלי,CZ,סקיטלס,גרמים,174.00,100 גרם,false,,8.90,0.0511,true,1,32204
4009900534611,false,איירוויבז מלון ומנטה,מרס,PL,איירוויבז,יח',46.00,יח',false,,9.90,0.2152,true,1,32207
4009900534918,false,סקיטלס בטעם פירות 17,ריגלי,CZ,סקיטלס,גרמים,174.00,100 גרם,false,,8.90,0.0511,true,1,35884
4009900536257,false,אורביט רפרשרס ספירמי,ריגלי,PL,מרס ריגלי,גרמים,67.00,100 גרם,false,,11.90,0.1776,true,1,32209
4009900536288,false,אורביט רפרשרס פפרמינ,ריגלי,PL,מרס ריגלי,גרמים,67.00,100 גרם,false,,11.90,0.1776,true,1,32210
4009900536486,false,אורביט רפרשרס באבלמי,ריגלי,PL,מרס ריגלי,גרמים,67.00,100 גרם,false,,11.90,0.1776,true,1,32211
4009900539340,false,סקיטלס ג'יינט סאוור,ריגלי,CZ,סקיטלס,גרמים,141.00,100 גרם,false,,8.90,0.0631,true,1,36360
4009900539685,false,מסטיק פייב באונס בטע,דרמרס,PL,מסטיק פייב באונס בטע,גרמים,61.80,100 גרם,false,,11.90,0.1926,true,1,37445
4009900539746,false,מסטיק פייב באונס בטע,דרמרס,PL,מסטיק פייב באונס בטע,גרמים,61.80,100 גרם,false,,11.90,0.1926,true,1,37446
4009900540551,false,אורביט רפרשרס טרופיק,ריגלי,PL,מרס ריגלי,גרמים,67.00,100 גרם,false,,11.90,0.1776,true,1,36361
4010492052612,false,אפולו סטיק רך לכלב ע,,,אפולו סטיק רך לכלב ע,יחידה,0.00,יחידה,false,,9.90,0.0000,true,1,32761
4011100001220,false,מרס מיני 403 גרם,מרס,NL,מרס,גרמים,403.00,100 גרם,false,,19.90,0.0494,true,1,32213
4011100002227,false,באונטי מיני 403 גרם,מרס,NL,מרס,גרמים,403.00,100 גרם,false,,19.90,0.0494,true,1,32214
4011800528416,false,קורני חטיפי דגנים בו,Schwartauer,DE,קורני,גרמים,150.00,100 גרם,false,,12.90,0.0860,true,1,3902
4011800630515,false,קורני חטיפי דגנים שו,Schwartauer,DE,קורני,גרמים,150.00,100 גרם,false,,12.90,0.0860,true,1,3909
4013227013391,false,אוטום קרים כשר,קוימנס,NL,אוטום,מיליליטרים,700.00,"100 מ""ל",false,,39.90,0.0570,true,1,12077
4014400900217,false,מרסי 400 גרם,שטורק,DE,מרסי,גרמים,400.00,100 גרם,false,,39.90,0.0997,true,1,13716
4014400901191,false,מרסי 250 גרם,שטורק,DE,מרסי,גרמים,250.00,100 גרם,false,,24.90,0.0996,true,1,13718
4014400904277,false,סוכריות אייס פרש,שטורק,DE,שטורק,גרמים,425.00,100 גרם,false,,14.90,0.0351,true,1,13722
4014400904376,false,סוכריות שוקולד,שטורק,DE,שטורק,גרמים,325.00,100 גרם,false,,14.90,0.0458,true,1,13723
4014400904390,false,סוכריות וולמיש,שטורק,DE,שטורק,גרמים,325.00,100 גרם,false,,14.90,0.0458,true,1,13724
4014400907902,false,סוכריות וורטר בוקס,שטורק,DE,וורטרס אורגינל,גרמים,42.00,100 גרם,false,,5.90,0.1405,true,1,13725
4014400910063,false,סוכריות חמאה וורטר,שטורק,DE,וורטרס אורגינל,גרמים,135.00,100 גרם,false,,7.90,0.0585,true,1,13729
4014400913910,false,סוכריות חמאה וורטר ב,שטורק,DE,וורטרס אורגינל,גרמים,125.00,100 גרם,false,,7.90,0.0632,true,1,13730
4014400914696,false,סוכריות וורטר חמאה,שטורק,DE,וורטרס אורגינל,גרמים,80.00,100 גרם,false,,7.90,0.0988,true,1,13734
4014400914924,false,סוכריות וורטר קפה,שטורק,DE,וורטרס אורגינל,גרמים,80.00,100 גרם,false,,7.90,0.0988,true,1,13735
4014400920857,false,סוכריות וורטר שוקולד,שטורק,DE,וורטר,גרמים,70.00,100 גרם,false,,7.90,0.1129,true,1,13738
4014400923711,false,טופיפי 125 גרם,שטורק,DE,טופיפי,גרמים,125.00,100 גרם,false,,11.90,0.0952,true,1,13739
4014400925319,false,פופקורן קרמל וורטר 1,שטורק,DE,פופקורן קרמל וורטר 1,גרמים,140.00,100 גרם,false,,14.90,0.1064,true,1,13740
4014400929010,false,חטיף וופל מיני קנופר,אוגוסט שטורק,DE,חטיף וופל מיני קנופר,גרמים,200.00,100 גרם,false,,17.90,0.0895,true,1,36731
4014400931327,false,פופקורן קרמל וורטר א,שטורק,DE,פופקורן קרמל וורטר א,גרמים,140.00,100 גרם,false,,14.90,0.1064,true,1,38972
4015000280211,false,*מבצע* דאודורנט רול,שוורצקופף והנקל,DE,פה,מיליליטרים,50.00,"100 מ""ל",false,,9.90,0.1980,true,1,5717
4015000615884,false,*מבצע* דאודורנט ספרי,שוורצקופף והנקל,DE,פה,מיליליטרים,200.00,"100 מ""ל",false,,9.90,0.0495,true,1,5721
4015000615891,false,*מבצע* דאודורנט ספרי,שוורצקופף והנקל,DE,פה,מיליליטרים,200.00,"100 מ""ל",false,,9.90,0.0495,true,1,5722
4015000615921,false,*מבצע* דאודורנט ספרי,שוורצקופף והנקל,DE,פה,מיליליטרים,200.00,"100 מ""ל",false,,9.90,0.0495,true,1,5723
4015000997430,false,*מבצע* דאודורנט ספרי,שוורצקופף והנקל,DE,פה,מיליליטרים,200.00,"100 מ""ל",false,,9.90,0.0495,true,1,5725
4015400564034,false,מגן תח.אולוויז +L מג,פרוקטר אנד גמבל,DE,אולוויז,יח',68.00,יח',false,,16.90,0.2485,true,1,8496
4015400564454,false,מגן תח.אולוויז L מגה,פרוקטר אנד גמבל,DE,אולוויז,יח',68.00,יח',false,,16.90,0.2485,true,1,8497
4015400681670,false,אולוויז לילה 18 יח,פרוקטר אנד גמבל,DE,אולוויז,יח',18.00,יח',false,,16.90,0.9389,true,1,8504
4015400690405,false,טמפונים טמפקס קומפאק,p&g,HU,טמפקס,יח',18.00,יח',false,,19.90,1.1056,true,1,8506
4015400690498,false,טמפונים טמפקס קומפאק,p&g,HU,טמפקס,יח',18.00,יח',false,,19.90,1.1056,true,1,8507
4015400731719,false,אולוויז דואו נייט 20,פרוקטר אנד גמבל,DE,Fem Care,יח',20.00,יח',false,,16.90,0.8450,true,1,8510
4015400746812,false,מגן תח.אולוויז N מגה,פרוקטר אנד גמבל,DE,אולוויז,יח',80.00,יח',false,,16.90,0.2112,true,1,8517
4015600762742,false,"שמפו שולדרס 500 מ""ל",פרוקטר אנד גמבל,FR,H&S,מיליליטרים,500.00,"100 מ""ל",false,,18.90,0.0378,true,1,8525
4015600762902,false,"שמפו שולדרס 500 מ""ל",פרוקטר אנד גמבל,FR,H&S,מיליליטרים,500.00,"100 מ""ל",false,,18.90,0.0378,true,1,8527
4015600762940,false,"שמפו שולדרס 500 מ""ל",פרוקטר אנד גמבל,FR,Head&shoulders,מיליליטרים,500.00,"100 מ""ל",false,,18.90,0.0378,true,1,8528
4015600763022,false,"שמפו שולדרס 500 מ""ל",פרוקטר אנד גמבל,FR,Head&shoulders,מיליליטרים,500.00,"100 מ""ל",false,,18.90,0.0378,true,1,8529
4015600766900,false,"שמפו שולדרס 500 מ""ל",פרוקטר אנד גמבל,FR,Head&shoulders,מיליליטרים,500.00,"100 מ""ל",false,,18.90,0.0378,true,1,8532
4017100198151,false,עוגיות היט וניל 220,באלסן,PL,עוגיות היט וניל 220 גרם,גרמים,220.00,100 גרם,false,,7.90,0.0359,true,1,13748
4017100219900,false,גליליות וופלטון,,,גליליות וופלטון,גרמים,100.00,100 גרם,false,,10.90,0.1090,true,1,13756
4017100290008,false,בסקוויט בלזן מצופה ש,בלזן פולסקה,PL,בלזן,גרמים,125.00,100 גרם,false,,10.90,0.0872,true,1,13757
4017100291005,false,בלזן בסקוויט מצופה ש,בלזן פולסקה,DE,בלזן,גרמים,125.00,100 גרם,false,,10.90,0.0872,true,1,13758
4018722100188,false,אלב גולד - אטריות כו,,,אלב גולד - אטריות כו,גרמים,250.00,100 גרם,false,,14.90,0.0596,true,1,39255
4022025001905,false,*מבצע* בלו ווין מבעב,היי סישל סוהן טראבן,DE,*מבצע* בלו ווין מבעב,מיליליטרים,750.00,"100 מ""ל",false,,49.90,0.0665,true,1,29349
4022025001929,false,*מבצע* בלו ווין מבעב,היי סישל סוהן טראבן,DE,*מבצע* בלו ווין מבעב,מיליליטרים,750.00,"100 מ""ל",false,,49.90,0.0665,true,1,29350
4022025002100,false,*מבצע* בלו ווין מבעב,היי סישל סוהן טראבן,DE,*מבצע* בלו ווין מבעב,מיליליטרים,750.00,"100 מ""ל",false,,49.90,0.0665,true,1,29352
4022025261002,false,*מבצע* בלו ווין גוור,לנגוט טראבן,DE,בלו ווין,מיליליטרים,750.00,"100 מ""ל",false,,44.90,0.0599,true,1,29353
4025700001962,false,מילקה שוקולד לבן 100,מונדלייז,DE,מילקה,גרמים,100.00,100 גרם,false,,5.90,0.0590,true,1,25539
4045787068221,false,*מבצע* צבע לשיער פרו,שוורצקופף והנקל,DE,אינדולה,יח',1.00,יח',false,,13.90,13.9000,true,1,5730
4045787068290,false,*מבצע* צבע לשיער פרו,שוורצקופף והנקל,DE,אינדולה,יח',1.00,יח',false,,13.90,13.9000,true,1,5735
4045787068320,false,*מבצע* צבע לשיער פרו,שוורצקופף והנקל,DE,אינדולה,יח',1.00,יח',false,,13.90,13.9000,true,1,5738
4045787068467,false,*מבצע* צבע לשיער פרו,שוורצקופף והנקל,DE,אינדולה,יח',1.00,יח',false,,13.90,13.9000,true,1,5747
4045787068504,false,*מבצע* צבע לשיער פרו,שוורצקופף והנקל,DE,אינדולה,יח',1.00,יח',false,,13.90,13.9000,true,1,5749
4052197000017,false,*מבצע* בירה חיטה בנד,ביטבורגר,DE,בנדקטינר,מיליליטרים,500.00,"100 מ""ל",false,,9.90,0.0198,true,1,7883
4052197002806,false,בירה בנדקטינר פחית מ,ביטבורגר,DE,בנדקטינר,ליטרים,2.00,ליטר,false,,29.90,14.9500,true,1,7887
4056800943739,false,קרם חמצן 6% לצביעת ה,פרוקטר אנד גמבל,FR,Wella,מיליליטרים,60.00,"100 מ""ל",false,,3.90,0.0650,true,1,8554
4056800943791,false,קרם חמצן להבהרת השיע,פרוקטר אנד גמבל,FR,Wella,מיליליטרים,60.00,"100 מ""ל",false,,3.90,0.0650,true,1,8555
4066600601920,false,"פאולנר פחית 500 מ""ל",,,"פאולנר פחית 500 מ""ל",מיליליטרים,500.00,"100 מ""ל",false,,9.90,0.0198,true,1,12388
4066600999614,false,"בירה פאולנר 500 מ""ל",פאולנר,DE,פאולנר,מיליליטרים,500.00,"100 מ""ל",false,,10.90,0.0218,true,1,12391
4067700014849,false,"יגרמייסטר 70 ס""ל",יגרמייסטר,DE,יגרמייסטר,מיליליטרים,700.00,"100 מ""ל",false,,79.90,0.1141,true,1,12081
4072700001188,false,בקבוק פרנסיסקאנר דונ,Franziskaner,DE,Franziskaner,מיליליטרים,500.00,"100 מ""ל",false,,10.90,0.0218,true,1,12082
4072700003649,false,בקבוק פרנסיסקאנר בהי,Franziskaner,DE,Franziskaner,מיליליטרים,500.00,"100 מ""ל",false,,10.90,0.0218,true,1,12083
4084500739253,false,אורל בי משחה לובן מה,,,אורל בי משחה לובן מה,יח,1.00,יח,false,,19.90,19.9000,true,1,8571
4084500853836,false,פיירי ורדים ומשי 515,פרוקטר אנד גמבל,GB,פיירי,מיליליטרים,515.00,"100 מ""ל",false,,8.90,0.0173,true,1,8573
4084500853898,false,פיירי אלוורה ומלפפונ,פרוקטר אנד גמבל,GB,פיירי,מיליליטרים,515.00,"100 מ""ל",false,,8.90,0.0173,true,1,8574
4100130937163,false,*מבצע* בירה בקס שישי,Beck and Co,DE,Beck and Co,ליטרים,1.65,ליטר,false,,21.90,13.2727,true,1,12084
4100470106700,false,חומץ תפוחים אורגני ל,,,חומץ תפוחים אורגני ל,גרמים,750.00,100 גרם,false,,21.90,0.0292,true,1,39258
4105120623941,false,"בירה ויינשטפן 500 מ""",קרלסברג ישראל,DE,"בירה ויינשטפן 500 מ""",מיליליטרים,500.00,"100 מ""ל",false,,10.90,0.0218,true,1,9002
4600659010854,false,*מבצע* סטולי פרימיום,אס פי איי,RU,וודקה סטולי אדום,מיליליטרים,700.00,"100 מ""ל",false,,59.90,0.0856,true,1,12089
4602486002071,false,"וודקה בלנקאיה 700 מ""",,RU,"וודקה בלנקאיה 700 מ""",מיליליטרים,700.00,"100 מ""ל",false,,54.90,0.0784,true,1,7895
4603400000043,false,*מבצע* וודקה רוסקי ס,,,וודקה רוסקי סטנדרט 700,מיליליטרים,700.00,"100 מ""ל",false,,59.90,0.0856,true,1,7003
4605561010305,false,פילה הרינג עם שמיר ב,,,פילה הרינג עם שמיר ב,גרמים,500.00,100 גרם,false,,25.90,0.0518,true,1,36419
4605561010343,false,פילה הרינג בשמן חתיכ,,,פילה הרינג בשמן חתיכ,גרמים,500.00,100 גרם,false,,25.90,0.0518,true,1,36420
4605561011975,false,חתיכות פילה הרינג בש,,,חתיכות פילה הרינג בש,גרמים,150.00,100 גרם,false,,7.90,0.0527,true,1,30511
4607002990290,false,מלפפונים מוחמצים 680,,RU,מלפפונים מוחמצים 680,גרמים,680.00,100 גרם,false,,11.90,0.0175,true,1,36618
4607002990474,false,עגבניות מוחמצות 680,,RU,עגבניות מוחמצות 680,גרמים,680.00,100 גרם,false,,11.90,0.0175,true,1,36619
4607012351005,false,גרעיני חמניות מרטין,מרטין,RU,מרטין,גרמים,200.00,100 גרם,false,,12.90,0.0645,true,1,31323
4607012351999,false,גרעיני מרטין עם מלח,מרטין,RU,מרטין,גרמים,200.00,100 גרם,false,,12.90,0.0645,true,1,31324
4607012352453,false,גרעיני חמניות מרטין,מרטין,RU,מרטין,גרמים,150.00,100 גרם,false,,9.90,0.0660,true,1,31325
4640018993343,false,*מבצע* טבליות פיניש,רקיט בנקיזר,PL,*מבצע* טבליות פיניש,יח',30.00,יח',false,,34.90,1.1633,true,1,7460
4640018993350,false,*מבצע* טבליות פיניש,רקיט בנקיזר,PL,*מבצע* טבליות פיניש,יח',30.00,יח',false,,34.90,1.1633,true,1,7461
4640018993398,false,פיניש קוואנטום 60 יח,רקיט בנקיזר,PL,פיניש קוואנטום 60 יח,יח',60.00,יח',false,,59.90,0.9983,true,1,7463
4710068001692,false,מאסטר קפה לאטה 240 מ,L.S XILAGORA,TW,מאסטר קפה,מיליליטרים,240.00,"100 מ""ל",false,,5.90,0.0246,true,1,12393
4710068001715,false,מאסטר קפה טרמיסו 240,L.S XILAGORA,TW,מאסטר קפה,מיליליטרים,240.00,"100 מ""ל",false,,5.90,0.0246,true,1,12394
4710068001739,false,מאסטר קפה קולומביאני,L.S XILAGORA,TW,מאסטר קפה,מיליליטרים,240.00,"100 מ""ל",false,,5.90,0.0246,true,1,12395
4710068002798,false,מאסטר קפה ווניל 240,L.S XILAGORA,TW,מאסטר קפה,מיליליטרים,240.00,"100 מ""ל",false,,5.90,0.0246,true,1,12397
4740098098331,false,קוקטייל בלו לאגון 0.,אה לי קוק,EE,אה לי קוק,מיליליטרים,330.00,"100 מ""ל",false,,9.90,0.0300,true,1,39608
4740098098355,false,קוקטייל מוחיטו 0.33,אה לי קוק,EE,אה לי קוק,מיליליטרים,330.00,"100 מ""ל",false,,9.90,0.0300,true,1,37778
4740098098379,false,קוקטייל מרגריטה 0.33,אה לי קוק,EE,אה לי קוק,מיליליטרים,330.00,"100 מ""ל",false,,9.90,0.0300,true,1,37779
4740098098393,false,קוקטייל סקס און דה ב,אה לי קוק,EE,אה לי קוק,מיליליטרים,330.00,"100 מ""ל",false,,9.90,0.0300,true,1,37780
4750142003426,false,בירה פילזנר אקסטרה פ,צ'סו אלוס,LV,פילזנר,מיליליטרים,500.00,"100 מ""ל",false,,6.90,0.0138,true,1,31336
4750142016518,false,בירה צ'סו לא מסוננת,צ'סו אלוס,LV,צ'סו,מיליליטרים,568.00,"100 מ""ל",false,,8.90,0.0157,true,1,31337
4750142021505,false,בירה פילזנר פחית 0.5,צ'סו אלוס,LV,פילזנר,מיליליטרים,500.00,"100 מ""ל",false,,6.90,0.0138,true,1,31338
4751007738064,false,*מבצע* לרסן שפרוטים,ס.י.א קרבלה,LV,*מבצע* לרסן שפרוטים,גרמים,160.00,100 גרם,false,,9.90,0.0619,true,1,39115
4751007738095,false,*מבצע* לרסן סלט סלמו,ס.י.א קרבלה,LV,*מבצע* לרסן סלט סלמו,גרמים,220.00,100 גרם,false,,9.90,0.0450,true,1,39119
4791021002789,false,תה ירוק 2 ג' 100 ש',,,תה ירוק 200 גרם,גרמים,200.00,100 גרם,false,,21.90,0.1095,true,1,3860
4791021944720,false,תה ארלגרי ספשל 2 ג',,,תה ארל גריי ספיישל 200 גר,גרמים,200.00,100 גרם,false,,23.90,0.1195,true,1,3870
4792032060454,false,גרין קוקו - מי קוקוס,,,גרין קוקו - מי קוקוס,גרמים,330.00,100 גרם,false,,8.90,0.0270,true,1,39259
4800888150080,false,דאב דאו רולאון,יוניליוור  פיליפינים,PH,DOVE,מיליליטרים,50.00,"100 מ""ל",false,,14.90,0.2980,true,1,20162
4800888219510,false,דאב דאו סטיק מלפפוני,יונילוור מקסיקו - HP,MX,DOVE,גרמים,50.00,100 גרם,false,,14.90,0.2980,true,1,34315
4800888219534,false,דאב דאו סטיק אוריגינ,,,דאב דאו סטיק לאישה,גרמים,50.00,100 גרם,false,,14.90,0.2980,true,1,20173
4801234159856,false,גלייד מיני גל,SC Jonson,ID,גלייד,גרמים,75.00,100 גרם,false,,6.90,0.0920,true,1,8234
4801234159863,false,גלייד מיני גל,SC Jonson,ID,גלייד,גרמים,75.00,100 גרם,false,,6.90,0.0920,true,1,8235
4810168000011,false,פילה דג הרינג מלוח מ,סנטה ברמור,BY,פילה דג הרינג מלוח מ,גרמים,250.00,100 גרם,false,,12.90,0.0516,true,1,30516
4810168000066,false,פילה דג הרינג מלוח מ,סנטה ברמור,BY,פילה דג הרינג מלוח מ,גרמים,250.00,100 גרם,false,,12.90,0.0516,true,1,30517
4810168000998,false,חתיכות פילה דג הרינג,סנטה ברמור,BY,חתיכות פילה דג הרינג,גרמים,260.00,100 גרם,false,,17.90,0.0688,true,1,30518
4810168001056,false,חתיכות פילה דג הרינג,סנטה ברמור,BY,חתיכות פילה דג הרינג,גרמים,260.00,100 גרם,false,,17.90,0.0688,true,1,30519
4810168018795,false,חתיכות פילה דג הרינג,סנטה ברמור,BY,חתיכות פילה דג הרינג,גרמים,200.00,100 גרם,false,,12.90,0.0645,true,1,30520
4810168024512,false,חתיכות פילה דג הרינג,סנטה ברמור,BY,חתיכות פילה דג הרינג,גרמים,260.00,100 גרם,false,,17.90,0.0688,true,1,30522
4810168058975,false,חתיכות פילה דג הרינג,סנטה ברמור,BY,חתיכות פילה דג הרינג,גרמים,260.00,100 גרם,false,,17.90,0.0688,true,1,40394
4810168058982,false,חתיכות פילה דג הרינג,סנטה ברמור,BY,חתיכות פילה דג הרינג,גרמים,400.00,100 גרם,false,,26.90,0.0672,true,1,40428
4820080720584,false,וודקה חלבנדר 700 מיל,,,וודקה חלבנדר 700 מיל,מיליליטרים,700.00,"100 מ""ל",false,,54.90,0.0784,true,1,7007
4860019001346,false,מים מינרלים בורזומי,,,מים מינרלים בורזומי 500,מיליליטרים,500.00,"100 מ""ל",false,,6.90,0.0138,true,1,7010
4860019001414,false,מים בורזומי 750 מל,,,מים בורזומי 750 מל,מיליליטרים,750.00,"100 מ""ל",false,,7.90,0.0105,true,1,7011
4891228430085,false,שיק אקסטרים 3 קומפור,Schick,CN,שיק,יח',4.00,יח',false,,14.90,3.7250,true,1,22872
4891228430092,false,שיק אקסטרים 3 קומפור,Schick,CN,שיק,יח',4.00,יח',false,,14.90,3.7250,true,1,22873
4903001904192,false,"רוטב סויה 500 מ""ל יא",יאמאסה,JP,"רוטב סויה 500 מ""ל",מיליליטרים,500.00,"100 מ""ל",false,,17.90,0.0358,true,1,13769
4903001925784,false,רוטב סויה פרימיום דל,,,רוטב סויה פרימיום דל,מיליליטרים,500.00,"100 מ""ל",false,,17.90,0.0358,true,1,13770
4987176071545,false,מברשות שיניים אורל ב,,,מברשות שיניים אורל ב,יח,6.00,יח,false,,9.90,1.6500,true,1,37073
5000054351900,false,פריסקיז פטה דג אוקיי,,,פריסקיז פטה דג אוקיי,גרמים,156.00,100 גרם,false,,6.90,0.0442,true,1,40082
5000054353300,false,פריסקיז פטה סלמון 15,,,פריסקיז פטה סלמון 15,גרמים,156.00,100 גרם,false,,6.90,0.0442,true,1,40083
5000054357100,false,פריסקיז פטה מיקס גרי,,,פריסקיז פטה מיקס גרי,גרמים,156.00,100 גרם,false,,6.90,0.0442,true,1,40085
5000054359500,false,פריסקיז פטה כבד ועוף,,,פריסקיז פטה כבד ועוף,גרמים,156.00,100 גרם,false,,6.90,0.0442,true,1,40086
5000157143365,false,היינץ מיוקטשופ 425 ג,HEINZ,PL,היינץ,מיליליטרים,425.00,"100 מ""ל",false,,14.90,0.0351,true,1,25540
5000159407236,false,מרס חטיף בודד 51 גרם,מרס,NL,מרס,גרמים,51.00,100 גרם,false,,3.90,0.0765,true,1,32224
5000159409179,false,סניקרס מיני 403 גרם,מרס,NL,מרס,גרמים,403.00,100 גרם,false,,19.90,0.0494,true,1,32225
5000159414197,false,מלטיזרס 135 גרם,מרס,US,מלטיזרס 135 גרם,גרמים,135.00,100 גרם,false,,9.90,0.0733,true,1,38720
5000159442572,false,טוויקס מיני 403 גרם,מרס,NL,מרס,גרמים,403.00,100 גרם,false,,19.90,0.0494,true,1,32226
5000159452540,false,מארז סניקרס חמישייה,מרס,NL,מארז סניקרס חמישייה,גרמים,250.00,100 גרם,false,,9.90,0.0396,true,1,32227
5000159452663,false,מארז מרס חמישייה 250,מרס,NL,מארז מרס חמישייה 250,גרמים,250.00,100 גרם,false,,9.90,0.0396,true,1,32228
5000159452977,false,מיקס מיני 400 גרם,מרס,NL,מרס,גרמים,400.00,100 גרם,false,,19.90,0.0497,true,1,32229
5000159459228,false,טוויקס חטיף בודד 50,מרס,NL,מרס,גרמים,50.00,100 גרם,false,,3.90,0.0780,true,1,32232
5000159461122,false,סניקרס חטיף בודד 50,מרס,NL,מרס,גרמים,50.00,100 גרם,false,,3.90,0.0780,true,1,32233
5000159536400,false,טוויקס סטיקס 99 קלור,מרס,IL,מרס,גרמים,200.00,100 גרם,false,,16.90,0.0845,true,1,32249
5000159538626,false,מארז טוויקס חמישייה,מרס,NL,מארז טוויקס חמישייה,גרמים,250.00,100 גרם,false,,9.90,0.0396,true,1,32250
5000159538640,false,מארז באונטי חמישייה,מרס,NL,מארז באונטי חמישייה,גרמים,250.00,100 גרם,false,,9.90,0.0396,true,1,32251
5000168199245,false,שוקולד גודייבה פיור,גודייבה,TR,גודייבה,גרמים,90.00,100 גרם,false,,14.90,0.1656,true,1,19797
5000189974579,false,קיט קט מיני 200 גרם,נסטלה,DE,סמרטיס,גרמים,200.00,100 גרם,false,,13.90,0.0695,true,1,4222
5000204114867,false,*מבצע* גלייד אורסול,coster aerosol vail,TR,גלייד,מיליליטרים,300.00,"100 מ""ל",false,,7.90,0.0263,true,1,8236
5000204114928,false,*מבצע* גלייד ארוסול,coster aerosol vail,TR,גלייד,מיליליטרים,300.00,"100 מ""ל",false,,7.90,0.0263,true,1,8237
5000204115048,false,*מבצע* גלייד אורסול,coster aerosol vail,TR,גלייד,מיליליטרים,300.00,"100 מ""ל",false,,7.90,0.0263,true,1,8239
5000204133509,false,שקיות זיפלוק גדולות,אס.סי.גונסון ובניו,US,שקיות זיפלוק גדולות,יחי,19.00,יחי,false,,12.90,0.6789,true,1,8242
5000204153729,false,גלייד מילוי ספריי או,coster aerosol vail,TR,גלייד,מיליליטרים,269.00,"100 מ""ל",false,,17.90,0.0665,true,1,8251
5000204167856,false,גלייד מילוי ספריי או,coster aerosol vail,TR,גלייד,מיליליטרים,269.00,"100 מ""ל",false,,17.90,0.0665,true,1,35912
5000204196894,false,רייד נוזל מילוי אקלי,גונסון שנגחאי,CN,רייד נוזל מילוי,מיליליטרים,56.00,"100 מ""ל",false,,19.90,0.3554,true,1,8258
5000204254617,false,דאק סבון מוצק לאסלה,דאופלור אס.פי.אי כונ,IT,דאק,גרמים,38.60,100 גרם,false,,7.90,0.2047,true,1,37545
5000394140820,false,דורסל שישיות AA פלוס,דורסל,BE,דורסל,יח,6.00,יח,false,,21.90,3.6500,true,1,35803
5000394141827,false,דורסל C פלוס פאוור 2,דורסל,US,דורסל,יח',2.00,יח',false,,24.90,12.4500,true,1,42395
5010026515933,false,מוזלי מורנפלייק קריס,,GB,מוזלי מורנפלייק קריס,גרמים,750.00,100 גרם,false,,23.90,0.0319,true,1,39981
5010038454831,false,בקבוק בירה בלומון 33,בירה מלכה,IL,מלכה,מיליליטרים,330.00,"100 מ""ל",false,,12.90,0.0391,true,1,12094
5010123703585,false,"ליסטרין מי פה 500 מ""",גונסון אנד גונסון,IT,ליסטרין,מיליליטרים,500.00,"100 מ""ל",false,,14.90,0.0298,true,1,28194
5010182996799,false,דאק ג'ל אסלה פרחי בר,DEOFLOR,IT,דאק,מיליליטרים,55.00,"100 מ""ל",false,,9.90,0.1800,true,1,8270
5010182997338,false,דאק ג'ל אסלה רענן יר,DEOFLOR,IT,דאק,מיליליטרים,55.00,"100 מ""ל",false,,9.90,0.1800,true,1,8273
5010182997918,false,דאק ג'ל אסלה ים כחול,DEOFLOR,IT,דאק,גרמים,55.00,100 גרם,false,,9.90,0.1800,true,1,8275
5010182998847,false,"דאק נוזל ים 750 מ""ל",,,"דאק נוזל ים 750 מ""ל",מיליליטרים,750.00,"100 מ""ל",false,,8.90,0.0119,true,1,8276
5010182998861,false,"דאק נוזל רענן 750 מ""",,,"דאק נוזל רענן 750 מ""",מיליליטרים,750.00,"100 מ""ל",false,,8.90,0.0119,true,1,8277
5010265002911,false,רייויטה - פת פריכה מ,,,רייויטה - פת פריכה מ,גרמים,250.00,100 גרם,false,,12.90,0.0516,true,1,39262
5010327000046,false,"וויסקי גרנטס 700 מ""ל",גרנט'ס,,וויסקי גרנטס,מיליליטרים,700.00,"100 מ""ל",false,,69.90,0.0999,true,1,12095
5010677551281,false,בקרדי בריזר לימון,טמפו,DE,בקרדי,מיליליטרים,275.00,"100 מ""ל",false,,13.90,0.0505,true,1,12403
5010677551397,false,בקרדי בריזר לימון לי,"בקרדי בע""מ",DE,בקרדי בריזר לימון ליים,מיליליטרים,275.00,"100 מ""ל",false,,13.90,0.0505,true,1,12404
5010677552387,false,בקרדי בריזר אננס,טמפו,DE,בקרדי,מיליליטרים,275.00,"100 מ""ל",false,,13.90,0.0505,true,1,12405
5010677554398,false,בקרדי בריזר אבטיח,טמפו,DE,בקרדי,מיליליטרים,275.00,"100 מ""ל",false,,13.90,0.0505,true,1,12406
5010677850100,false,*מבצע* וודקה גרייגוס,,,*מבצע* וודקה גרייגוס,מיליליטרים,700.00,"100 מ""ל",false,,104.90,0.1499,true,1,14627
5011417552247,false,איירוויק נטול גז,RECKITT BENCKISER PR,PL,איירויק,מיליליטרים,345.00,"100 מ""ל",false,,12.90,0.0374,true,1,7472
5013965953354,false,אורל בי משחה 123 פרש,,,אורל בי משחה 123 פרש,מיליליטרים,100.00,"100 מ""ל",false,,8.90,0.0890,true,1,8612
5014271002675,false,סאנט דלפור תפוח קינמ,סאנטדלפור,FR,סאנטדלפור,גרמים,284.00,100 גרם,false,,19.90,0.0701,true,1,14988
5014271300429,false,סאנט דלפור משמש 284,סאנטדלפור,FR,סאנטדלפור,גרמים,284.00,100 גרם,false,,19.90,0.0701,true,1,14990
5014271310428,false,סאנט דלפור דובדבן 28,סאנטדלפור,FR,סאנטדלפור,גרמים,284.00,100 גרם,false,,19.90,0.0701,true,1,14991
5014271330426,false,סאנט דלפור אוכמניות,סאנטדלפור,FR,סאנטדלפור,גרמים,284.00,100 גרם,false,,19.90,0.0701,true,1,14992
5014271350424,false,סאנט דלפור ארבע פירו,סאנטדלפור,FR,סאנטדלפור,גרמים,284.00,100 גרם,false,,19.90,0.0701,true,1,14993
5014271360423,false,סאנט דלפור תפוז 284,סאנטדלפור,FR,סאנטדלפור,גרמים,284.00,100 גרם,false,,19.90,0.0701,true,1,14994
5014271370422,false,סאנט דלפור אפרסק 284,סאנטדלפור,FR,סאנטדלפור,גרמים,284.00,100 גרם,false,,19.90,0.0701,true,1,14995
5014271400426,false,סאנט דלפור תות שדה 2,סאנטדלפור,FR,סאנטדלפור,גרמים,284.00,100 גרם,false,,19.90,0.0701,true,1,14997
5014271795980,false,סאנט דלפור חמוציות ו,סאנטדלפור,FR,סאנטדלפור,גרמים,284.00,100 גרם,false,,19.90,0.0701,true,1,14998
5024546366609,false,*מבצע* ויסקי לאודרס,,,וויסקי לאודרס,מיליליטרים,700.00,"100 מ""ל",false,,69.90,0.0999,true,1,7911
5026489483955,false,חטיף חומוס סיסולט 45,איט ריל,GB,חטיף חומוס סיסולט 45,גרמים,45.00,100 גרם,false,,6.90,0.1533,true,1,3915
5028349100316,false,וויסקי היילנד ציף 0.,,,וויסקי היילנד ציף 0.7,מיליליטרים,700.00,"100 מ""ל",false,,59.90,0.0856,true,1,7014
5029053534596,false,טמפונים קוטקס נורמל,KC Czech,CZ,קוטקס,יח',32.00,יח',false,,22.90,0.7156,true,1,11772
5029053538426,false,האגיס ליטל סוו,KC Czech,CZ,האגיס,יח',11.00,יח',false,,29.90,2.7182,true,1,11777
5035766044673,false,סיידר תפוחים סטרונגב,,,סיידר תפוחים סטרונגבאו 33,מיליליטרים,330.00,"100 מ""ל",false,,7.50,0.0227,true,1,12409
5060045588128,false,*מבצע* ג'ים בים לבן,בים סנטורי,ES,וויסקי גלנפידיך 12 שנה,מיליליטרים,700.00,"100 מ""ל",false,,74.90,0.1070,true,1,12106
5060045590190,false,*מבצע* ג'ים בים דבש,בים סנטורי,ES,וויסקי גלנפידיך 12 שנה,מיליליטרים,700.00,"100 מ""ל",false,,74.90,0.1070,true,1,34306
5060255492185,false,אברקלין 6ל (ירוק ),MARDEL,GB,רנדי,קילוגרמים,6.00,"ק""ג",false,,69.90,11.6500,true,1,32794
5060517886486,false,משקה אנרגיה מונסטר א,מונסטר אנרג'י לימטד,RS,מונסטר,מיליליטרים,500.00,"100 מ""ל",false,,6.50,0.0130,true,1,9003
5060517886516,false,משקה אנרגיה מונסטר א,מונסטר אנרג'י לימטד,RS,משקה אנרגיה מונסטר א,מיליליטרים,500.00,"100 מ""ל",false,,6.50,0.0130,true,1,9004
5060639128051,false,משקה אנרגיה מונסטר א,מונסטר אנרג'י לימטד,RS,משקה אנרגיה מונסטר א,מיליליטרים,500.00,"100 מ""ל",false,,6.50,0.0130,true,1,9006
5060639129102,false,משקה אנרגיה מונסטר מ,מונסטר אנרג'י לימטד,RS,משקה אנרגיה מונסטר מ,מיליליטרים,500.00,"100 מ""ל",false,,6.50,0.0130,true,1,9007
5060751218173,false,משקה אנרגיה מונסטר א,מונסטר אנרג'י לימטד,RS,משקה אנרגיה מונסטר א,מיליליטרים,500.00,"100 מ""ל",false,,6.50,0.0130,true,1,38960
5060751219033,false,משקה אנרגיה מונסטר א,מונסטר אנרג'י לימטד,RS,משקה אנרגיה מונסטר א,מיליליטרים,500.00,"100 מ""ל",false,,6.50,0.0130,true,1,38961
5099864006384,false,סימילאק מהדרין שלב 2,אבוט מעבדות רפואיות,ES,סימילאק,גרמים,900.00,100 גרם,false,,69.90,0.0777,true,1,18976
5200133120476,false,גליליות וופלים 400 ג,"ד.פ.מ בע""מ",GR,גולדן ברייק,גרמים,400.00,100 גרם,false,,15.90,0.0398,true,1,25547
5201004020338,false,גליליות עם קרם אגוזי,פפדופולוס,GR,גליליות עם קרם אגוזי,גרמים,400.00,100 גרם,false,,19.90,0.0497,true,1,3920
5201085540084,false,סוכריות ג'לי 700 גרם,פאלאס אס איי,GR,סוכריות ג'לי 700 גרם,גרמים,700.00,100 גרם,false,,14.90,0.0213,true,1,7810
5201178801047,false,*מבצע* ניוואה קרם רב,ביירסדורף,DE,ניוואה,מיליליטרים,150.00,"100 מ""ל",false,,16.90,0.1127,true,1,1149
5201347160326,false,"קלגון גל 750 מ""ל",RECKITT BENCKISER It,IT,קלגון,מיליליטרים,750.00,"100 מ""ל",false,,29.90,0.0399,true,1,7484
5201347400545,false,*מבצע* ויט ארומטיק ר,RECKITT BENCKISER FR,FR,ויט,יח',20.00,יח',false,,19.90,0.9950,true,1,7485
5202300043007,false,קולסטון חום שטני,פרוקטר אנד גמבל,DE,Wella,מיליליטרים,60.00,"100 מ""ל",false,,16.90,0.2817,true,1,36214
5202390015618,false,צהובה טבעונית אורגינ,,GR,צהובה טבעונית אורגינ,גרמים,200.00,100 גרם,false,,21.90,0.1095,true,1,25557
5202390020407,false,בסגנון פטה טבעונית 2,אריביה אס.אי,GR,בסגנון פטה טבעונית 2,גרמים,200.00,100 גרם,false,,23.90,0.1195,true,1,25560
5391523057929,false,סימילאק גולד שלב 1 7,אבוט מעבדות רפואיות,ES,סימילאק,גרמים,700.00,100 גרם,false,,69.90,0.0999,true,1,18984
5391523057936,false,סימילאק גולד שלב 2 7,אבוט מעבדות רפואיות,ES,סימילאק,גרמים,700.00,100 גרם,false,,69.90,0.0999,true,1,18985
5391523057943,false,סימילאק גולד שלב 3 7,אבוט מעבדות רפואיות,ES,סימילאק,גרמים,700.00,100 גרם,false,,69.90,0.0999,true,1,18986
5391523058063,false,סימילאק אדבנס שלב  1,אבוט מעבדות רפואיות,IE,סימילאק,גרמים,700.00,100 גרם,false,,64.90,0.0927,true,1,18987
5391523058070,false,סימילאק אדבנס שלב  3,אבוט מעבדות רפואיות,IE,סימילאק,גרמים,700.00,100 גרם,false,,64.90,0.0927,true,1,18988
5391523058087,false,סימילאק אדבנס שלב  2,אבוט מעבדות רפואיות,IE,סימילאק,גרמים,700.00,100 גרם,false,,64.90,0.0927,true,1,18989
5410126006087,false,עוגיות לוטוס 700 גרם,לוטוס ביקרי נ.וי.,BE,לוטוס,גרמים,700.00,100 גרם,false,,23.90,0.0341,true,1,25563
5410126006360,false,לוטוס עוגיות סנדוויץ,לוטס,BE,לוטוס,גרמים,150.00,100 גרם,false,,8.90,0.0593,true,1,35302
5410126116953,false,ממרח עוגיות לוטוס קר,לוטוס ביקרי נ.וי.,BE,לוטוס,גרמים,400.00,100 גרם,false,,19.90,0.0497,true,1,25568
5410126716016,false,ביסקויט בטעם קרמל לו,לוטוס ביקרי נ.וי.,BE,לוטוס,גרמים,250.00,100 גרם,false,,10.90,0.0436,true,1,25570
5410126726947,false,ממרח עוגיות לוטוס קר,לוטוס ביקרי נ.וי.,BE,לוטוס,גרמים,380.00,100 גרם,false,,19.90,0.0524,true,1,25571
5410173210055,false,קפה טחון לפילטר,קופי רומבוטס,BE,רומבוטס,גרמים,70.00,100 גרם,false,,14.90,0.2129,true,1,13773
5410228142089,false,"לף בלונד 330 מ""ל",קרלסברג יבוא יצוא,BE,לף,מיליליטרים,330.00,"100 מ""ל",false,,9.90,0.0300,true,1,12770
5410228267515,false,*מבצע* שישיית בקבוקי,איי.בי. אינבוו,GB,*מבצע* שישיית בקבוקי,מיליליטרים,1980.00,"100 מ""ל",false,,27.90,0.0141,true,1,12109
5410291022011,false,ממרח אגוזי לוז צוקטה,נאטרא מאלה,BE,צוקטה,גרמים,350.00,100 גרם,false,,11.90,0.0340,true,1,22885
5410316983693,false,סמירנוף אייס,IBBLS,IT,סמירנוף אייס,מיליליטרים,250.00,"100 מ""ל",false,,12.90,0.0516,true,1,9011
5410769800097,false,בקבוק צ'רי שוף 330 מ,דובל,BE,דובל,מיליליטרים,330.00,"100 מ""ל",false,,14.90,0.0452,true,1,12112
5411188081852,false,אלפרו סויה וניל 1 לי,ALPRO,BE,אלפרו,ליטרים,1.00,ליטר,false,,14.90,14.9000,true,1,15837
5411188094159,false,אלפרו מעדן סויה בטעם,ALPRO,BE,אלפרו,מיליליטרים,500.00,"100 מ""ל",false,,16.90,0.0338,true,1,15838
5411188094173,false,אלפרו מעדן סויה בטעם,ALPRO,BE,אלפרו,מיליליטרים,500.00,"100 מ""ל",false,,16.90,0.0338,true,1,22889
5411188096108,false,*מבצע* אלפרו סויה לב,ALPRO,BE,אלפרו,מיליליטרים,250.00,"100 מ""ל",false,,7.90,0.0316,true,1,15839
5411188106159,false,אלפרו סויה לייט בטעם,,,אלפרו סויה לייט בטעם,ליטרים,1.00,ליטר,false,,14.90,14.9000,true,1,15840
5411188110835,false,אלפרו משקה שקדים 1 ל,ALPRO,BE,אלפרו,ליטרים,1.00,ליטר,false,,13.90,13.9000,true,1,15841
5411188112709,false,אלפרו משקה שקדים ללא,ALPRO,BE,אלפרו,ליטרים,1.00,ליטר,false,,13.90,13.9000,true,1,15845
5411188115366,false,אלפרו משקה שיבולת שו,ALPRO,BE,אלפרו,ליטרים,1.00,ליטר,false,,13.90,13.9000,true,1,15847
5411188115434,false,אלפרו משקה בריסטה סו,ALPRO,BE,אלפרו,ליטרים,1.00,ליטר,false,,13.90,13.9000,true,1,36769
5411188115472,false,אלפרו סויה 1 ליטר,ALPRO,BE,אלפרו,ליטרים,1.00,ליטר,false,,13.90,13.9000,true,1,15849
5411188120742,false,אלפרו משקה שקדים בטע,ALPRO,BE,אלפרו,ליטרים,1.00,ליטר,false,,13.90,13.9000,true,1,15853
5411188120957,false,*מבצע* אלפרו תערובת,ALPRO,BE,אלפרו,מיליליטרים,250.00,"100 מ""ל",false,,7.90,0.0316,true,1,22892
5411188121923,false,אלפרו סויה סידן שליש,ALPRO,BE,אלפרו,מיליליטרים,750.00,"100 מ""ל",false,,14.90,0.0199,true,1,15856
5411188121978,false,אלפרו סויה סידן שליש,ALPRO,BE,אלפרו,מיליליטרים,750.00,"100 מ""ל",false,,14.90,0.0199,true,1,15857
5411188124689,false,אלפרו משקה שיבולת שו,ALPRO,BE,אלפרו,ליטרים,1.00,ליטר,false,,13.90,13.9000,true,1,15861
5411188127697,false,אלפרו בריסטה שיבולת,ALPRO,BE,אלפרו,ליטרים,1.00,ליטר,false,,13.90,13.9000,true,1,15866
5411188129899,false,אלפרו בריסטה שקדים 1,ALPRO,BE,אלפרו,ליטרים,1.00,ליטר,false,,13.90,13.9000,true,1,15867
5411188134985,false,אלפרו 3.5% שומן שבול,אלפרו,BE,אלפרו 3.5% שומן שבול,ליטרים,1.00,ליטר,false,,13.90,13.9000,true,1,34621
5411188135005,false,אלפרו 1.8% שומן שבול,אלפרו,BE,אלפרו 1.8% שומן שבול,ליטרים,1.00,ליטר,false,,13.90,13.9000,true,1,34622
5411188300328,false,אלפרו סויה שוקו 1 לי,ALPRO,BE,אלפרו,ליטרים,1.00,ליטר,false,,11.90,11.9000,true,1,15870
5411188513483,false,אלפרו סויה לבישול 14,אלפרו,BE,אלפרו סויה לבישול 14,מיליליטרים,250.00,"100 מ""ל",false,,9.90,0.0396,true,1,36740
5411188543398,false,אלפרו סויה ללס 1 ליט,ALPRO,BE,אלפרו,ליטרים,1.00,ליטר,false,,13.90,13.9000,true,1,15872
5411681014005,false,"בקבוק דובל 330 מ""ל",דובל,BE,דובל,מיליליטרים,330.00,"100 מ""ל",false,,12.90,0.0391,true,1,12115
5411681038001,false,בקבוק מרדסו 10 טריפל,דובל,BE,דובל,מיליליטרים,330.00,"100 מ""ל",false,,12.90,0.0391,true,1,12116
5413149655522,false,אריאל 1.25 קג,פרוקטר אנד גמבל,TR,Ariel,קילוגרמים,1.25,"ק""ג",false,,17.90,14.3200,true,1,36266
5600286004072,false,תפוחונים אורגניים -,,,תפוחונים אורגניים -,גרמים,40.00,100 גרם,false,,7.90,0.1975,true,1,39268
5601036205534,false,*מבצע* צבע לשיער אקס,ליברמו,BE,לוריאל אקסלנס,יח',1.00,יח',false,,35.90,35.9000,true,1,6240
5601036205558,false,*מבצע* צבע לשיער אקס,ליברמו,BE,לוריאל אקסלנס,יח',1.00,יח',false,,35.90,35.9000,true,1,6242
5601036205589,false,*מבצע* צבע לשיער אקס,ליברמו,BE,לוריאל אקסלנס,יח',1.00,יח',false,,35.90,35.9000,true,1,6243
5601036205602,false,*מבצע* צבע לשיער אקס,ליברמו,BE,לוריאל אקסלנס,יח',1.00,יח',false,,35.90,35.9000,true,1,6245
5601217129420,false,דפים לכביסה שומר צבע,מוטרסיו,IT,וולייט,יח',20.00,יח',false,,19.90,0.9950,true,1,7486
5701932026964,false,פופקורן הוטפופ מלח,פופז,US,הוטפופ,גרמים,600.00,100 גרם,false,,14.90,0.0248,true,1,13779
5701932026971,false,פופקורן הוטפופ חמאה,פופז,US,הוטפופ,גרמים,600.00,100 גרם,false,,14.90,0.0248,true,1,13780
5706516031358,false,פופקורן הוטפופ מופחת,פופז,US,הוטפופ,גרמים,600.00,100 גרם,false,,14.90,0.0248,true,1,13782
5711953103285,true,פטינה 21% שומן במשקל,ארלה,DK,פטינה,קילוגרמים,1.00,"ק""ג",true,,29.00,29.0000,true,1,18005
5711953105807,false,בלוז בסגנון דנאבלו,ארלה,DK,בלוז,קילוגרמים,1.00,"ק""ג",true,,69.00,69.0000,true,1,18006
5711953106590,false,ארלה גבינת שמנת שום,ארלה,DK,ארלה,גרמים,200.00,100 גרם,false,,14.90,0.0745,true,1,18009
5711953106606,false,ארלה גבינת שמנת עשבי,ארלה,DK,ארלה,גרמים,200.00,100 גרם,false,,14.90,0.0745,true,1,18010
5740900403215,false,ממרח לורפק עם מלח 25,ארלה,DK,ארלה,גרמים,250.00,100 גרם,false,,16.90,0.0676,true,1,18014
5740900403222,false,ממרח לורפק עם מלח מו,ארלה,DK,ארלה,גרמים,250.00,100 גרם,false,,16.90,0.0676,true,1,18015
5740900403239,false,ממרח לורפק בלי מלח 2,ארלה,DK,ארלה,גרמים,250.00,100 גרם,false,,16.90,0.0676,true,1,18016
5740900403246,false,ממרח לורפק בלי מלח 5,ארלה,DK,ארלה,גרמים,500.00,100 גרם,false,,27.90,0.0558,true,1,18017
5740900403253,false,ממרח לורפק עם מלח 50,ארלה,DK,ארלה,גרמים,500.00,100 גרם,false,,27.90,0.0558,true,1,18018
5740900403260,false,ממרח לורפק ללא מלח מ,ארלה,DK,ארלה,גרמים,250.00,100 גרם,false,,16.90,0.0676,true,1,18019
5740900403284,false,חמאת לורפק ללא מלח 2,ארלה,DK,?????,גרמים,200.00,100 גרם,false,,11.50,0.0575,true,1,18020
5740900403864,false,חמאת לורפק עם מלח 20,ארלה,DK,?????,גרמים,200.00,100 גרם,false,,11.50,0.0575,true,1,34623
5900020012814,false,נסקוויק 500 גרם,נסטלה פולין דגני בוק,PL,NESQUIK,גרמים,500.00,100 גרם,false,,19.90,0.0398,true,1,4224
5900020015174,false,חטיפי דגנים פיטנס דג,נסטלה פולין ברים,PL,FITNESS,גרמים,141.00,100 גרם,false,,14.90,0.1057,true,1,4225
5900020018908,false,חטיפי דגנים פיטנס דג,נסטלה פולין ברים,PL,FITNESS,גרמים,141.00,100 גרם,false,,14.90,0.1057,true,1,4226
5900020020710,false,חטיף דגנים שוקו וניל,נסטלה פולין ברים,PL,CRUNCH,גרמים,150.00,100 גרם,false,,14.90,0.0993,true,1,4228
5900020020741,false,נסקויק בר דגנים שוקו,נסטלה פולין ברים,PL,NESQUIK,גרמים,150.00,100 גרם,false,,14.90,0.0993,true,1,4229
5900020022325,false,חטיף דגנים סיני מיני,נסטלה פולין דגני בוק,PL,CINI-MINIS,גרמים,150.00,100 גרם,false,,14.90,0.0993,true,1,4231
5900020024770,false,חטיפי דגנים פיטנס דג,סי.פי.פולין,PL,FITNESS,גרמים,135.00,100 גרם,false,,14.90,0.1104,true,1,4232
5900020024817,false,פיטנס חטיף דגנים 22.,סי.פי.פולין,PL,FITNESS,גרמים,135.00,100 גרם,false,,14.90,0.1104,true,1,4233
5900020026552,false,צ'ריוס האני נאט 625,ג.נרל מילס,US,CHEERIOS,גרמים,625.00,100 גרם,false,,19.90,0.0318,true,1,4238
5900020029669,false,חטיפי דגנים פיטנס דג,נסטלה פולין ברים,PL,FITNESS,גרמים,141.00,100 גרם,false,,14.90,0.1057,true,1,4240
5900020031877,false,חטיף דגנים צ'יריוס 2,נסטלה פולין דגני בוק,PL,CINI-MINIS,גרמים,132.00,100 גרם,false,,14.90,0.1129,true,1,4242
5900020033314,false,חטיף דגנים ליון 25*6,נסטלה פולין דגני בוק,PL,CINI-MINIS,גרמים,150.00,100 גרם,false,,14.90,0.0993,true,1,4245
5900020034021,false,פיטנס חטיף דגנים שוק,סי.פי.פולין,PL,FITNESS,גרמים,141.00,100 גרם,false,,14.90,0.1057,true,1,4247
5900020034991,false,קראנץ' צדפים 450 גרם,אסם,IL,CRUNCH,גרמים,450.00,100 גרם,false,,19.90,0.0442,true,1,4248
5900020036407,false,דגני שוקולד וקרמל לי,ג.נרל מילס,US,CHEERIOS,גרמים,480.00,100 גרם,false,,19.90,0.0415,true,1,4250
5900020037916,false,ציריוס שבולת שועל 37,ג.נרל מילס,US,CHEERIOS,גרמים,375.00,100 גרם,false,,14.90,0.0397,true,1,4251
5900020039590,false,חטיפי דגנים פיטנס קל,סי.פי.פולין,PL,FITNESS,גרמים,141.00,100 גרם,false,,14.90,0.1057,true,1,34833
5900020039620,false,חטיפי דגנים פיטנס שק,סי.פי.פולין,PL,FITNESS,גרמים,141.00,100 גרם,false,,14.90,0.1057,true,1,34834
5900352002866,false,חטיף אליבי 49 גרם,,,חטיף אליבי 49 גרם,גרמים,49.00,100 גרם,false,,2.50,0.0510,true,1,23765
5900352012605,false,חטיף אליבי קוקוס 49,,,חטיף אליבי 49 גרם,גרמים,49.00,100 גרם,false,,2.50,0.0510,true,1,23766
5900627066715,false,טבליות פיניש AIO 100,RECKITT BENCKISER PR,PL,פיניש,יח',100.00,יח',false,,59.90,0.5990,true,1,7494
5900907000583,false,מלפפון בחומץ 920 ג',סגל דברים טובים,PL,מלפפון בחוצץ 430ג,גרמים,430.00,100 גרם,false,,15.50,0.0360,true,1,3871
5900951283963,false,סניקרס קרימי ח.בוטני,מרס,NL,מרס,גרמים,50.00,100 גרם,false,,3.90,0.0780,true,1,32253
5900951284571,false,פדיגרי בקר 400 גרם(ה,,,פדיגרי בקר 400 גרם(ה,יחידה,0.00,יחידה,false,,9.90,0.0000,true,1,32813
5901414200411,false,עוגיות היט מיניס 130,בלזן פולסקה,PL,בלזן,גרמים,130.00,100 גרם,false,,5.90,0.0454,true,1,13784
5901483060022,false,תה מרווה 2 ג'  20 ש',,,חליטת תה מרווה 40ג,גרמים,40.00,100 גרם,false,,8.90,0.2225,true,1,3881
5901483060060,false,תה שומר 2.0 ג' 20 ש',ביופלוייד,PL,חליטות תה,גרמים,50.00,100 גרם,false,,8.90,0.1780,true,1,3882
5901483081027,false,תה לואיזה 1.75 ג' 20,,,חליטת לואיזה 35ג,גרמים,35.00,100 גרם,false,,8.90,0.2543,true,1,3886
5902198160403,false,אקס אל משקה אנרגיה,טמפו,IL,XL,מיליליטרים,250.00,"100 מ""ל",false,,3.80,0.0152,true,1,12419
5904941750312,false,משקה אנרגיה מוחיטו,אקוביט,PL,בלו,מיליליטרים,250.00,"100 מ""ל",false,,4.20,0.0168,true,1,7813
5904941751241,false,משקה אנרגיה בלו דיי,אקוביט,PL,בלו,מיליליטרים,250.00,"100 מ""ל",false,,4.20,0.0168,true,1,7814
5904941751302,false,משקה אנרגיה בלו,אקוביט,PL,בלו,מיליליטרים,250.00,"100 מ""ל",false,,3.90,0.0156,true,1,7815
5904941751920,false,משקה אנרגיה בלו דיי,אקוביט,PL,בלו,מיליליטרים,250.00,"100 מ""ל",false,,4.20,0.0168,true,1,7824
5904941751975,false,משקה אנרגיה בלו דיי,אקוביט,PL,בלו,מיליליטרים,250.00,"100 מ""ל",false,,4.20,0.0168,true,1,7825
5906485301012,false,אקס אל משקה אנרגיה,טמפו,IL,XL,מיליליטרים,250.00,"100 מ""ל",false,,4.00,0.0160,true,1,12420
5997321701806,false,קלגון 1 קג,RECKITT BENCKISER PR,PL,קלגון,קילוגרמים,1.00,"ק""ג",false,,29.90,29.9000,true,1,7496
5997321770307,false,*מבצע* ויט רצועות שע,RECKITT BENCKISER FR,FR,ויט,יח',12.00,יח',false,,19.90,1.6583,true,1,7497
5998623526739,false,*מבצע* גוורצטרמינר 7,דנוביאנה,HU,*מבצע* גוורצטרמינר 7,מיליליטרים,750.00,"100 מ""ל",false,,29.90,0.0399,true,1,14631
5998749108574,false,1X8X60G ויסקס טמפביף,,,1X8X60G ויסקס טמפביף,יחידה,0.00,יחידה,false,,9.90,0.0000,true,1,32819
6001067027324,false,*מבצע* קולגייט מברשת,קולגייט פלמוליב,IL,קולגייט מברשת ילדים,יח',1.00,יח',false,,29.90,29.9000,true,1,22904
6009188004828,false,קיט קאט צ'אנקי לבן 4,נסטלה,DE,נסטלה,גרמים,40.00,100 גרם,false,,3.90,0.0975,true,1,42330
6086142555800,false,עלי קייל אורגני,,,עלי קייל אורגני,גרמים,140.00,100 גרם,false,,11.90,0.0850,true,1,30225
6086142556890,false,בזיליקום אורגני,,,בזיליקום אורגני,יח,1.00,יח,false,,9.90,9.9000,true,1,30233
6086142556968,false,נענע אורגנית,,,נענע אורגנית,יח,1.00,יח,false,,9.90,9.9000,true,1,30234
6086142557194,false,עלי חסה אורגנית,,,עלי חסה אורגנית,יח,1.00,יח,false,,12.90,12.9000,true,1,36377
6111049000150,false,סרדין בלימון,U.P.A,MA,U.P.A,גרמים,125.00,100 גרם,false,,4.90,0.0392,true,1,24022
6111049002055,false,סרדין רגיל,U.P.A,MA,U.P.A,גרמים,125.00,100 גרם,false,,4.90,0.0392,true,1,24024
6111094000013,false,קוסקוס בינוני 1 קג,Marchesi srl,MA,תומר,קילוגרמים,1.00,"ק""ג",false,,17.90,17.9000,true,1,22315
6111094000198,false,קוסקוס דארי דק 350 ג,קרמה מן,MA,דארי,גרמים,350.00,100 גרם,false,,6.90,0.0197,true,1,22316
6111094000228,false,"קוסקוס דארי 1ק""ג",,,"קוסקוס 1ק""ג+10%",קילוגרמים,1.00,"ק""ג",false,,17.90,17.9000,true,1,22317
6111094000808,false,קוסקוס דארי 1.1 קג,,,"קוסקוס 1ק""ג+10%",קילוגרמים,1.10,"ק""ג",false,,17.90,16.2727,true,1,22318
6111094002123,false,דארי אט' מרוקאיות 50,דארי,MA,דארי אט' מרוקאיות 50,גרמים,550.00,100 גרם,false,,8.90,0.0162,true,1,42526
6112012100075,false,קולפן פלסטיק,,,קולפן פלסטיק,יח',1.00,יח',false,,12.90,12.9000,true,1,26238
6112012100358,false,שישיית קולבי פלסטיק,,,שישיית קולבי פלסטיק,יח',6.00,יח',false,,9.90,1.6500,true,1,26242
6112012100440,false,מגשית לקרח,,,מגשית לקרח,יח',1.00,יח',false,,8.90,8.9000,true,1,26244
6112012100662,false,כותש שום,,,כותש שום,יח',1.00,יח',false,,12.90,12.9000,true,1,26250
6112012100990,false,כפיות קטנות,,,כפיות קטנות,יח',6.00,יח',false,,8.90,1.4833,true,1,26266
6112013100180,false,סכין לפיצה,,,סכין לפיצה,יח',1.00,יח',false,,9.90,9.9000,true,1,26274
6112013100388,false,פותחן ליין,,,פותחן ליין,יח',1.00,יח',false,,9.90,9.9000,true,1,26276
6112013100999,false,סוגרים לשקיות,,,סוגרים לשקיות,יח',8.00,יח',false,,9.90,1.2375,true,1,26286
6112014100240,false,מרית סיליקון לאפיה,,,מרית סיליקון לאפיה,יח',1.00,יח',false,,11.90,11.9000,true,1,26292
6112014100561,false,דבק דו צדדי,,,דבק דו צדדי,יח',1.00,יח',false,,9.90,9.9000,true,1,26295
6112015100294,false,מגב מתכת,,,מגב מתכת,יח',1.00,יח',false,,21.90,21.9000,true,1,26306
6112015100454,false,מברשת ידנית,,,מברשת ידנית,יח',1.00,יח',false,,9.90,9.9000,true,1,26312
6112015100508,false,מברשת לאסלה,,,מברשת לאסלה,יח',1.00,יח',false,,3.90,3.9000,true,1,26316
6112015100782,false,פומפה,,,פומפה,יח',1.00,יח',false,,14.90,14.9000,true,1,26321
6112015100867,false,שלישיית מברשות,,,שלישיית מברשות,יח',3.00,יח',false,,9.90,3.3000,true,1,26325
6112015100928,false,מטאטא/מגב סיליקון,,,מטאטא/מגב סיליקון,יח',1.00,יח',false,,24.90,24.9000,true,1,26326
6112015100959,false,מגב,,,מגב,יח',1.00,יח',false,,16.90,16.9000,true,1,26329
6112016100088,false,מטאטא,,,מטאטא,יח',1.00,יח',false,,14.90,14.9000,true,1,26337
6112016100101,false,מברשת לניקוי אבק,,,מברשת לניקוי אבק,יח',1.00,יח',false,,11.90,11.9000,true,1,26338
6112016100514,false,תחתית לסיר מברזל,,,תחתית לסיר מברזל,יח',1.00,יח',false,,9.90,9.9000,true,1,26341
6112016100712,false,סוגרים לשקיות,,,סוגרים לשקיות,יח',12.00,יח',false,,11.90,0.9917,true,1,26343
6112017100056,false,מברשת לניקוי כלים,,,מברשת לניקוי כלים,יח',1.00,יח',false,,7.90,7.9000,true,1,26351
6112017101350,false,מצע לירקות,,,מצע לירקות,יח',1.00,יח',false,,9.90,9.9000,true,1,26360
6112017102487,false,סלסלת עלים 5.5 ליטר,,,סלסלת עלים 5.5 ליטר,יח',1.00,יח',false,,7.90,7.9000,true,1,26376
6112017103354,false,אטבי כביסה סיליקון 1,,,אטבי כביסה סיליקון 1,יח',12.00,יח',false,,7.90,0.6583,true,1,26393
6112017103897,false,סכין שלישייה צבעוני,,,סכין שלישייה צבעוני,יח',1.00,יח',false,,9.90,9.9000,true,1,26401
6112017104153,false,ספוג מסאז',,,ספוג מסאז',יח',1.00,יח',false,,7.90,7.9000,true,1,26402
6112017104573,false,מטאטא שחור לבן,,,מטאטא שחור לבן,יח',1.00,יח',false,,23.90,23.9000,true,1,26405
6112017104580,false,מטאטא,,,מטאטא,יח',1.00,יח',false,,39.90,39.9000,true,1,26406
6112017105327,false,משטח קריסטל,,,משטח קריסטל,יח',1.00,יח',false,,9.90,9.9000,true,1,26408
6112017105853,false,מגב מתכת,,,מגב מתכת,יח,1.00,יח,false,,26.90,26.9000,true,1,26411
6112017106034,false,כף מסננת,,,כף מסננת,יח,1.00,יח,false,,13.90,13.9000,true,1,26412
6112017106096,false,מסנן כיור אמריקאי,,,מסנן כיור אמריקאי,יח,1.00,יח,false,,14.90,14.9000,true,1,26413
6112017106195,false,מגן לכרית זוג,,,מגן לכרית זוג,יח,1.00,יח,false,,32.90,32.9000,true,1,26417
6112017106232,false,מתלה קיר למטאטא/מגב,,,מתלה קיר למטאטא/מגב,יחידה,0.00,יחידה,false,,19.90,0.0000,true,1,26418
6112017106249,false,כרית קירצוף מסיליקון,,,כרית קירצוף מסיליקון,יח,1.00,יח,false,,9.90,9.9000,true,1,26419
6112017106331,false,סט קופסאות איחסון,,,סט קופסאות איחסון,יח',1.00,יח',false,,14.90,14.9000,true,1,26420
6112017106478,false,מתקן לסקוטש מחולק עם,,,מתקן לסקוטש מחולק עם,יח,1.00,יח,false,,11.90,11.9000,true,1,26426
6112017106492,false,מתקן לסקוטש מחולק לש,,,מתקן לסקוטש מחולק לש,יח,1.00,יח,false,,11.90,11.9000,true,1,26427
6112017106607,false,בקבוק לסבון נוזלי+מת,,,בקבוק לסבון נוזלי+מת,יח,1.00,יח,false,,19.90,19.9000,true,1,26428
6112017106614,false,מקל מטאטא,,,מקל מטאטא,יח',1.00,יח',false,,5.90,5.9000,true,1,26429
6112017106676,false,מברשת לניקוי גב עץ,,,מברשת לניקוי גב עץ,יח,1.00,יח,false,,12.90,12.9000,true,1,26431
6185238870916,false,מתלה כביסה,,,מתלה כביסה,יח',1.00,יח',false,,59.90,59.9000,true,1,6849
6254879302985,false,קרש חיתוך 230*300,,,קרש חיתוך 230*300,יח',1.00,יח',false,,14.90,14.9000,true,1,37642
6254879302992,false,קרש חיתוך מעץ במבוק,,,קרש חיתוך מעץ במבוק,יח',1.00,יח',false,,19.90,19.9000,true,1,37643
6254879303005,false,בוצ'ר מעץ במבוק 280*,,,בוצ'ר מעץ במבוק 280*,יח',1.00,יח',false,,39.90,39.9000,true,1,37644
6322211596474,false,רכבי שלט,,,רכבי שלט,יח',1.00,יח',false,,39.90,39.9000,true,1,43014
6322218284534,false,מכונית מירוץ שלט,,,מכונית מירוץ שלט,יח',1.00,יח',false,,39.90,39.9000,true,1,43015
6322218979096,false,מסוק רחף,,,מסוק רחף,יח',1.00,יח',false,,39.90,39.9000,true,1,43016
6322218982096,false,כדור אורות,,,כדור אורות,יח',1.00,יח',false,,39.90,39.9000,true,1,43017
6901022100409,false,ג'ינג'ר כתוש - לירון,,,ג'ינג'ר כתוש - לירון,יח',1.00,יח',false,,4.90,4.9000,true,1,42554
6901022100416,false,שום כתוש - לירון,,,שום כתוש - לירון,יח',1.00,יח',false,,4.90,4.9000,true,1,42555
6906539758204,false,כפפות 100 יח' XL,,,כפפות 100 יח' XL,יח',100.00,יח',false,,9.90,0.0990,true,1,33512
6907151000788,false,כפפות ויטריל שחורות,,,כפפות ויטריל שחורות,יח',100.00,יח',false,,24.90,0.2490,true,1,35969
6913245100685,false,מנורת לילה קטנה שקופ,,,מנורת לילה קטנה שקופ,יח',1.00,יח',false,,19.90,19.9000,true,1,26437
6921052701001,false,אצות וואקמה 40 גרם,qingdao sun growing,CN,אצות וואקמה 40 גרם,גרמים,40.00,100 גרם,false,,8.90,0.2225,true,1,29440
6921850614718,false,נורת לד 15 וואט שליש,,,נורת לד 15 וואט שליש,יח',1.00,יח',false,,35.90,35.9000,true,1,26442
6922822407697,false,מגנטים בייסיק 110 יח,,,מגנטים בייסיק 110 יח,יח',110.00,יח',false,,89.90,0.8173,true,1,43006
6922822407703,false,מגנטים לונה פארק 100,,,מגנטים לונה פארק 100,יח',100.00,יח',false,,89.90,0.8990,true,1,43007
6925374202437,false,שלישיית מתלים פלסטיק,,,שלישיית מתלים פלסטיק,יח',3.00,יח',false,,9.90,3.3000,true,1,26446
6931191500076,false,מספריים לבשר,,,מספריים לבשר,יח',1.00,יח',false,,11.90,11.9000,true,1,26448
6931191500380,false,מברשת אפיה מסיליקון,,,מברשת אפיה מסיליקון,יח',1.00,יח',false,,11.90,11.9000,true,1,26450
6931191500434,false,מועך תפוחי אדמה,,,מועך תפוחי אדמה,יח',1.00,יח',false,,9.90,9.9000,true,1,26452
6931191500571,false,קרש חיתוך פלסטיק,,,קרש חיתוך פלסטיק,יח',1.00,יח',false,,14.90,14.9000,true,1,26454
6931191500588,false,פטיש לשניצל,,,פטיש לשניצל,יח',1.00,יח',false,,11.90,11.9000,true,1,26455
6931191500649,false,דבק סופר גלו רביעייה,,,דבק סופר גלו רביעייה,יח',4.00,יח',false,,9.90,2.4750,true,1,26457
6931191500793,false,תחתית + ידית עץ,,,תחתית + ידית עץ,יח',1.00,יח',false,,9.90,9.9000,true,1,26459
6934731200078,false,אטריות טריות דקות 20,,,אטריות טריות דקות 20,גרמים,200.00,100 גרם,false,,6.90,0.0345,true,1,29444
6934931265020,false,מכסה אוניברסלי לסירי,,,מכסה אוניברסלי לסירי,יח',3.00,יח',false,,39.90,13.3000,true,1,26464
6934931267246,false,מצית גז,,,מצית גז,יח,1.00,יח,false,,9.90,9.9000,true,1,26465
6934931272028,false,כף אשפה מתקפל,,,כף אשפה מתקפל,יח',1.00,יח',false,,19.90,19.9000,true,1,34497
6936065430442,false,כבל USB אורך 2 מטר,,,כבל USB אורך 2 מטר,1,1.00,1,false,,12.90,12.9000,true,1,39651
6936065431036,false,כבל מולטי,,,כבל מולטי,1,1.00,1,false,,24.90,24.9000,true,1,42248
6936065498749,false,כבל USB אורך 2 מטר,,,כבל USB אורך 2 מטר,1,1.00,1,false,,12.90,12.9000,true,1,39652
6936745600783,false,חומץ אורז,qingdao sun growing,CN,daniyan,מיליליטרים,500.00,"100 מ""ל",false,,15.90,0.0318,true,1,29447
6942021102988,false,גביע לקידוש,,,גביע לקידוש,יח',1.00,יח',false,,11.90,11.9000,true,1,37354
6945305614047,false,רביעיית מתלים ניקל,,,רביעיית מתלים ניקל,יח',4.00,יח',false,,9.90,2.4750,true,1,26471
6985425120028,false,רביעיית ספוגי רחצה,,,רביעיית ספוגי רחצה,יח',4.00,יח',false,,9.90,2.4750,true,1,26485
6985425120035,false,פקק פטנט לאמבטיה,,,פקק פטנט לאמבטיה,יח',1.00,יח',false,,5.90,5.9000,true,1,26486
6985425120066,false,חבל כביסה מבד,,,חבל כביסה מבד,מטרים,10.00,מטר,false,,11.90,1.1900,true,1,26487
6985425120110,false,דבק נייר,,,דבק נייר,יח',1.00,יח',false,,14.90,14.9000,true,1,26490
6985425120301,false,אטבי כביסה 30 יחידות,,,אטבי כביסה 30 יחידות,יח',30.00,יח',false,,8.90,0.2967,true,1,26495
6985425120387,false,אקדח גינה סט,,,אקדח גינה סט,יח',1.00,יח',false,,21.90,21.9000,true,1,26497
6985425120394,false,דבק בד שחור,,,דבק בד שחור,יח',1.00,יח',false,,21.90,21.9000,true,1,26498
6985425120677,false,מסננת איכותית מאלומי,,,מסננת איכותית מאלומי,יח',1.00,יח',false,,16.90,16.9000,true,1,26503
6985425120684,false,מסננת גדולה,,,מסננת גדולה,יח',1.00,יח',false,,13.90,13.9000,true,1,26504
6985425120844,false,סט ששת,,,סט ששת,יח',5.00,יח',false,,19.90,3.9800,true,1,26508
6985425120851,false,רביעיית כפות עץ,,,רביעיית כפות עץ,יח',4.00,יח',false,,11.90,2.9750,true,1,26509
7160589856238,false,מוצרי נייס,,,מוצרי נייס,יח',1.00,יח',false,,3.90,3.9000,true,1,23966
7162108012026,false,סט מצעים דגם טנריף ז,,,סט מצעים דגם טנריף ז,יח,1.00,יח,false,,59.90,59.9000,true,1,42181
7162108013023,false,סט מצעים דגם זיג זג,,,סט מצעים דגם זיג זג,יח',1.00,יח',false,,59.90,59.9000,true,1,42182
7162109046020,false,סט מצעים דגם קלאופטר,,,סט מצעים דגם קלאופטר,יח',1.00,יח',false,,59.90,59.9000,true,1,42186
7162110048020,false,סט מצעים דגם קניה זו,,,סט מצעים דגם קניה זו,יח',1.00,יח',false,,59.90,59.9000,true,1,42188
7162111052026,false,סט מצעים דגם אריאן ז,,,סט מצעים דגם אריאן ז,יח',1.00,יח',false,,59.90,59.9000,true,1,42190
7162203034008,false,פוך חורף מסה יחיד,,,פוך חורף מסה יחיד,יח',1.00,יח',false,,69.90,69.9000,true,1,42890
7162203034015,false,פוך חורף מסה זוגי,,,פוך חורף מסה זוגי,יח',1.00,יח',false,,79.90,79.9000,true,1,42891
7180589856540,false,מוצרי נייס,,,מוצרי נייס,יח',1.00,יח',false,,3.90,3.9000,true,1,23967
7270137700071,false,סט 3 חלקים למנגל,,,סט 3 חלקים למנגל,יח',3.00,יח',false,,29.90,9.9667,true,1,28937
7270137700101,false,רשת צלייה בינונית,,,רשת צלייה בינונית,יח',1.00,יח',false,,19.90,19.9000,true,1,28938
7271730901261,false,מקרוני אנד צ'יז אדום,,,פסטה עם גבינה,גרמים,156.00,100 גרם,false,,10.90,0.0699,true,1,17283
7290000000002,false,לחם אחיד כהה 750 גרם,אנג'ל,IL,אנג'ל,גרמים,750.00,100 גרם,false,,3.90,0.0052,true,1,29689
7290000000005,false,חלה רגילה,,IL,חלה רגילה,יח',1.00,יח',false,,3.90,3.9000,true,1,6109
7290000000015,false,עיתון ידיעות שבת,,,עיתון ידיעות שבת,יח',1.00,יח',false,,16.50,16.5000,true,1,13289
7290000000079,false,מים 1.5 ליטר קר,,,מים 1.5 ליטר קר,ליטרים,1.50,ליטר,false,,5.00,3.3333,true,1,26090
7290000000090,false,עיתון לאשה,,,עיתון לאשה,יח',1.00,יח',false,,21.90,21.9000,true,1,13290
7290000000245,false,עגבניות שרי - ארוז,,,עגבניות שרי - ארוז,יח',1.00,יח',false,,8.90,8.9000,true,1,1636
7290000000311,false,"תפו""א אדום אפייה",,,"תפו""א אדום אפייה",קילוגרמים,1.00,"ק""ג",true,,2.90,2.9000,true,1,1637
7290000000343,false,גזר בתפזורת,משתנה,IL,גזר בתפזורת,קילוגרמים,1.00,"ק""ג",true,,3.90,3.9000,true,1,1638
7290000000344,false,"תפו""א אדום בתפזורת",משתנה,IL,"תפו""א אדום בתפזורת",קילוגרמים,1.00,"ק""ג",true,,5.90,5.9000,true,1,1639
7290000000345,false,"תפו""א לבן בתפזורת",משתנה,IL,"תפו""א לבן בתפזורת",קילוגרמים,1.00,"ק""ג",true,,4.90,4.9000,true,1,1640
7290000000374,false,פטריות שמפניון,משתנה,IL,פטריות שמפניון,יח',1.00,יח',false,,7.90,7.9000,true,1,28929
7290000000473,false,קישוא זוקיני,משתנה,IL,קישוא זוקיני,קילוגרמים,1.00,"ק""ג",true,,9.90,9.9000,true,1,1641
7290000000503,false,"תפו""א אדום אפייה",,,"תפו""א אדום אפייה",קילוגרמים,1.00,"ק""ג",true,,2.90,2.9000,true,1,35365
7290000000594,false,"תפ""ע נאשי",,,"תפ""ע נאשי",קילוגרמים,1.00,"ק""ג",true,,13.90,13.9000,true,1,26674
7290000000602,false,אגס,משתנה,IL,אגס,קילוגרמים,1.00,"ק""ג",true,,11.90,11.9000,true,1,26677
7290000000606,false,אבוקדו,משתנה,IL,אבוקדו,קילוגרמים,1.00,"ק""ג",true,,9.90,9.9000,true,1,1642
7290000000608,false,אפרסמון,,,אפרסמון,קילוגרמים,1.00,"ק""ג",true,,9.90,9.9000,true,1,35280
7290000000610,false,חבוש,,,חבוש,קילוגרמים,1.00,"ק""ג",true,,7.90,7.9000,true,1,26678
7290000000612,false,"תפו""א ירושלמי",משתנה,IL,"תפו""א ירושלמי",קילוגרמים,1.00,"ק""ג",true,,12.90,12.9000,true,1,31958
7290000000613,false,רימון,,,רימון,קילוגרמים,1.00,"ק""ג",true,,6.90,6.9000,true,1,34916
7290000000619,false,בצל אדום,משתנה,IL,בצל אדום,קילוגרמים,1.00,"ק""ג",true,,4.90,4.9000,true,1,1645
7290000000620,false,בצל יבש,משתנה,IL,בצל יבש,קילוגרמים,1.00,"ק""ג",true,,3.90,3.9000,true,1,1646
7290000000622,false,בטטה,משתנה,IL,בטטה,קילוגרמים,1.00,"ק""ג",true,,7.90,7.9000,true,1,1647
7290000000623,false,בננה,משתנה,IL,בננה,קילוגרמים,1.00,"ק""ג",true,,6.90,6.9000,true,1,1648
7290000000624,false,ברוקולי יח',משתנה,IL,ברוקולי ארוז,יח',1.00,יח',false,,8.90,8.9000,true,1,31377
7290000000625,false,דלורית,משתנה,IL,דלורית,קילוגרמים,1.00,"ק""ג",true,,4.90,4.9000,true,1,1649
7290000000635,false,גזר ארוז,משתנה,IL,גזר ארוז,קילוגרמים,1.00,"ק""ג",true,,2.90,2.9000,true,1,1650
7290000000644,false,דלעת ערמונים,משתנה,IL,דלעת ערמונים,קילוגרמים,1.00,"ק""ג",true,,12.90,12.9000,true,1,1651
7290000000646,false,פומלית,,,פומלית,קילוגרמים,1.00,"ק""ג",true,,5.90,5.9000,true,1,35110
7290000000648,false,פלפל כתום,משתנה,IL,פלפל כתום,קילוגרמים,1.00,"ק""ג",true,,7.90,7.9000,true,1,1652
7290000000652,false,דלעת יפנית,נורגר מאג'רי,IL,דלעת יפנית,קילוגרמים,1.00,"ק""ג",true,,7.90,7.9000,true,1,1655
7290000000660,false,חסה ערבית,משתנה,IL,חסה,יח',1.00,יח',false,,3.90,3.9000,true,1,31379
7290000000661,false,חציל,משתנה,IL,חציל,קילוגרמים,1.00,"ק""ג",true,,5.90,5.9000,true,1,1656
7290000000662,false,חסה עגולה,משתנה,IL,חסה עגולה,יח',1.00,יח',false,,4.90,4.9000,true,1,1657
7290000000665,false,חציל בלאדי,משתנה,IL,חציל בלאדי,קילוגרמים,1.00,"ק""ג",true,,6.90,6.9000,true,1,34534
7290000000666,false,פטריות בתפזורת,משתנה,IL,פטריות בתפזורת,קילוגרמים,1.00,"ק""ג",true,,31.90,31.9000,true,1,31959
7290000000681,false,כרוב לבן,משתנה,IL,כרוב לבן,קילוגרמים,1.00,"ק""ג",true,,2.90,2.9000,true,1,1659
7290000000682,false,כרוב אדום,משתנה,IL,כרוב אדום,קילוגרמים,1.00,"ק""ג",true,,3.90,3.9000,true,1,1660
7290000000691,false,לימון,משתנה,IL,לימון,קילוגרמים,1.00,"ק""ג",true,,6.90,6.9000,true,1,1662
7290000000695,false,מלפפון,משתנה,IL,מלפפון,קילוגרמים,1.00,"ק""ג",true,,5.90,5.9000,true,1,1664
7290000000696,false,מלון,משתנה,IL,מלון,קילוגרמים,1.00,"ק""ג",true,,6.90,6.9000,true,1,33917
7290000000701,false,מנגו,נטרה,IL,מנגו,קילוגרמים,1.00,"ק""ג",true,,8.90,8.9000,true,1,34268
7290000000702,false,לימון ארוז אוצר בית,משתנה,IL,לימון,קילוגרמים,1.00,"ק""ג",true,,6.90,6.9000,true,1,42406
7290000000715,false,סלק,משתנה,IL,סלק,קילוגרמים,1.00,"ק""ג",true,,3.90,3.9000,true,1,1667
7290000000722,false,אפרסמון  קרמבו,,,אפרסמון  קרמבו,קילוגרמים,1.00,"ק""ג",true,,10.90,10.9000,true,1,35532
7290000000725,false,עגבניה,משתנה,IL,עגבניה,קילוגרמים,1.00,"ק""ג",true,,5.90,5.9000,true,1,1668
7290000000728,false,עגבניות שרי שקיל,משתנה,IL,עגבניה שרי במשקל,קילוגרמים,1.00,"ק""ג",true,,12.90,12.9000,true,1,35538
7290000000731,false,סברס,משתנה,IL,סברס,קילוגרמים,1.00,"ק""ג",true,,24.90,24.9000,true,1,34446
7290000000734,false,פלפל צהוב,משתנה,IL,פלפל צהוב,קילוגרמים,1.00,"ק""ג",true,,7.90,7.9000,true,1,1669
7290000000735,false,פלפל ירוק,משתנה,IL,פלפל ירוק,קילוגרמים,1.00,"ק""ג",true,,7.90,7.9000,true,1,1670
7290000000737,false,פלפל בהיר,משתנה,IL,פלפל בהיר,קילוגרמים,1.00,"ק""ג",true,,7.90,7.9000,true,1,1671
7290000000739,false,פלפל חריף,משתנה,IL,פלפל חריף,קילוגרמים,1.00,"ק""ג",true,,8.90,8.9000,true,1,1672
7290000000740,false,ענבים לבנים במשקל,משתנה,IL,ענבים לבנים,קילוגרמים,1.00,"ק""ג",true,,22.90,22.9000,true,1,1673
7290000000741,false,ענבים שחורים במשקל,משתנה,IL,ענבים שחורים,קילוגרמים,1.00,"ק""ג",true,,16.90,16.9000,true,1,34244
7290000000742,false,פלפל אדום,משתנה,IL,פלפל אדום,קילוגרמים,1.00,"ק""ג",true,,7.90,7.9000,true,1,1674
7290000000744,false,פומלה,,,פומלה,קילוגרמים,1.00,"ק""ג",true,,5.90,5.9000,true,1,1675
7290000000745,false,גויאבה,,,גויאבה,קילוגרמים,1.00,"ק""ג",true,,14.90,14.9000,true,1,1676
7290000000746,false,תאנים,נסטי,IL,תאנים,קילוגרמים,1.00,"ק""ג",true,,24.90,24.9000,true,1,24135
7290000000748,false,פטאיה,,,פטאיה,קילוגרמים,1.00,"ק""ג",true,,19.90,19.9000,true,1,24136
7290000000750,false,צנונית ארוזה,משתנה,IL,צנונית חבילה,יח',1.00,יח',false,,4.90,4.9000,true,1,31381
7290000000753,false,קישוא עגול,משתנה,IL,קישוא עגול,קילוגרמים,1.00,"ק""ג",true,,9.90,9.9000,true,1,36516
7290000000754,false,קלמנטינה,משתנה,IL,קלמנטינה,קילוגרמים,1.00,"ק""ג",true,,5.90,5.9000,true,1,35012
7290000000755,false,קישואים,משתנה,IL,קישואים,קילוגרמים,1.00,"ק""ג",true,,6.90,6.9000,true,1,1678
7290000000756,false,קולורבי,משתנה,IL,קולורבי,קילוגרמים,1.00,"ק""ג",true,,7.90,7.9000,true,1,1679
7290000000757,false,קיווי,משתנה,IL,קיווי,קילוגרמים,1.00,"ק""ג",true,,11.90,11.9000,true,1,1680
7290000000764,false,אשכולית אדומה,משתנה,IL,אשכולית אדומה,קילוגרמים,1.00,"ק""ג",true,,5.90,5.9000,true,1,1681
7290000000775,false,שומר,משתנה,IL,שומר,קילוגרמים,1.00,"ק""ג",true,,6.90,6.9000,true,1,1682
7290000000783,false,"תפו""א אדום ארוז",משתנה,IL,"תפו""א אדום ארוז",קילוגרמים,1.00,"ק""ג",true,,3.90,3.9000,true,1,1685
7290000000785,false,"תפו""א לבן ארוז",משתנה,IL,"תפו""א לבן ארוז",קילוגרמים,1.00,"ק""ג",true,,2.90,2.9000,true,1,1686
7290000000787,false,"תפ""ע חרמון",משתנה,IL,"תפו""ע חרמון",קילוגרמים,1.00,"ק""ג",true,,9.90,9.9000,true,1,26680
7290000000788,false,"תפ""ע סמיט",משתנה,IL,"תפו""ע סמיט",קילוגרמים,1.00,"ק""ג",true,,9.90,9.9000,true,1,26681
7290000000789,false,תירס.,משתנה,IL,תירס,קילוגרמים,1.00,"ק""ג",true,,7.90,7.9000,true,1,1687
7290000000792,false,"תפ""ע זהוב",משתנה,IL,"תפו""ע מוזהב",קילוגרמים,1.00,"ק""ג",true,,9.90,9.9000,true,1,26682
7290000000797,false,תפוז,משתנה,IL,תפוז גדול,קילוגרמים,1.00,"ק""ג",true,,5.90,5.9000,true,1,1688
7290000000803,false,אנונה,משתנה,IL,אנונה,קילוגרמים,1.00,"ק""ג",true,,16.90,16.9000,true,1,35406
7290000000890,false,ראש קוקוס,,,ראש קוקוס,יח',1.00,יח',false,,3.90,3.9000,true,1,26685
7290000000897,false,"תפ""ע פינק ליידי",משתנה,IL,"תפו""ע פינק ליידי",קילוגרמים,1.00,"ק""ג",true,,14.90,14.9000,true,1,26686
7290000000947,false,דלעת ספגטי,משתנה,IL,דלעת ספגטי,קילוגרמים,1.00,"ק""ג",true,,7.90,7.9000,true,1,1691
7290000002217,false,מים מינרלים קטן,,,מים מינרלים קטן,יח',1.00,יח',false,,2.50,2.5000,true,1,12996
7290000002220,false,מים מינרלים גדול,,,מים מינרלים גדול,יח',1.00,יח',false,,2.50,2.5000,true,1,12997
7290000006550,false,שקית גופיה יוחננוף,,,שקית גופיה יוחננוף,יח',1.00,יח',false,,0.10,0.1000,true,1,3814
7290000006888,false,שום יבש יחידה,משתנה,IL,שום יבש יחידה,יח',1.00,יח',false,,3.90,3.9000,true,1,1694
7290000022277,false,תפוז פרוס מסוכר בסיר,ניצני הדר,,תפוז פרוס מסוכר בסיר,קילוגרמים,1.00,"ק""ג",true,,79.00,79.0000,true,1,41010
7290000022376,false,אגוזי מלך יבוא במשקל,,,אגוזי מלך יבוא במשקל,קילוגרמים,1.00,"ק""ג",true,,39.90,39.9000,true,1,39830
7290000022406,false,אנרגי/ לוזינה במשקל,ניצני הדר,,אנרגי/ לוזינה במשקל,קילוגרמים,1.00,"ק""ג",true,,69.00,69.0000,true,1,40999
7290000022420,false,רצועות תפוז בשוקולד,ניצני הדר,,רצועות תפוז בשוקולד,קילוגרמים,1.00,"ק""ג",true,,69.00,69.0000,true,1,41000
7290000022437,false,תותית בשוקולד במשקל,ניצני הדר,,תותית בשוקולד במשקל,קילוגרמים,1.00,"ק""ג",true,,59.00,59.0000,true,1,41002
7290000022444,false,בננית בשוקולד במשקל,ניצני הדר,,בננית בשוקולד במשקל,קילוגרמים,1.00,"ק""ג",true,,59.00,59.0000,true,1,41003
7290000022451,false,בוטנים בשוקולד במשקל,ניצני הדר,,בוטנים בשוקולד במשקל,קילוגרמים,1.00,"ק""ג",true,,59.00,59.0000,true,1,41004
7290000022468,false,לוז אשכולות בשוקולד,ניצני הדר,,לוז אשכולות בשוקולד,קילוגרמים,1.00,"ק""ג",true,,79.00,79.0000,true,1,41005
7290000023007,false,ברנדי שטוק 84,ברקן סגל,IL,שטוק,מיליליטרים,750.00,"100 מ""ל",false,,64.90,0.0865,true,1,12424
7290000023083,false,"עארק אשקלון 700 מ""ל",ברקן סגל,IL,ערק אשקלון,מיליליטרים,700.00,"100 מ""ל",false,,49.90,0.0713,true,1,12425
7290000023809,false,קברנה סובניון קלאסיק,ברקן סגל,IL,קלאסיק,מיליליטרים,750.00,"100 מ""ל",false,,32.90,0.0439,true,1,12426
7290000023816,false,אמרלד ריזלינג קלאסיק,ברקן סגל,IL,קלאסיק,מיליליטרים,750.00,"100 מ""ל",false,,32.90,0.0439,true,1,12427
7290000023847,false,יין קלאסיק שרדונה,,,יין קלאסיק שרדונה,מיליליטרים,750.00,"100 מ""ל",false,,32.90,0.0439,true,1,12429
7290000023977,false,מרלו קלאסיק,ברקן סגל,IL,קלאסיק,מיליליטרים,750.00,"100 מ""ל",false,,32.90,0.0439,true,1,12431
7290000024202,false,יין רזרב קברנה,ברקן סגל,IL,ספיישל רזרב,מיליליטרים,750.00,"100 מ""ל",false,,39.90,0.0532,true,1,12432
7290000024264,false,יין רזרב מרלו,ברקן סגל,IL,ספיישל רזרב,מיליליטרים,750.00,"100 מ""ל",false,,39.90,0.0532,true,1,12434
7290000024523,false,מיץ ענבים תירוש סגל,ברקן סגל,IL,מיץ ענבים תירוש סגל,ליטרים,1.00,ליטר,false,,12.90,12.9000,true,1,12437
7290000024530,false,יין אדום מתוק לקידוש,ברקן סגל,IL,סגל,מיליליטרים,750.00,"100 מ""ל",false,,12.90,0.0172,true,1,12438
7290000024905,false,וודקה קגלביץ קלאסיקה,ברקן סגל,IL,קגלביץ,מיליליטרים,700.00,"100 מ""ל",false,,49.90,0.0713,true,1,12443
7290000036151,false,קורנפלור 500 גרם,גלעם,IL,גלעם,גרמים,500.00,100 גרם,false,,6.90,0.0138,true,1,22324
7290000040035,false,פרגית עם עצם לתנור,משתנה,IL,פרגית לתנור גורמה,קילוגרמים,1.00,"ק""ג",true,,59.90,59.9000,true,1,26985
7290000040042,false,יופלה יוגורט תות %3,תנובה,IL,יופלה,גרמים,150.00,100 גרם,false,,4.80,0.0320,true,1,21317
7290000040066,false,יופלה יוגורט דובדבן,תנובה,IL,יופלה,גרמים,150.00,100 גרם,false,,4.80,0.0320,true,1,21318
7290000040080,false,יופלה יוגורט אפרסק %,תנובה,IL,יופלה,גרמים,150.00,100 גרם,false,,4.80,0.0320,true,1,21319
7290000040301,false,קממבר עין גדי חפיסה,תנובה,IL,קולאז,גרמים,125.00,100 גרם,false,,17.90,0.1432,true,1,21320
7290000040318,false,ברי עדי חפיסה 24%  1,תנובה,IL,קולאז,גרמים,125.00,100 גרם,false,,18.90,0.1512,true,1,21321
7290000040462,false,טוסטי עמק אמריקאי אד,תנובה,IL,עמק,גרמים,200.00,100 גרם,false,,16.90,0.0845,true,1,21322
7290000040974,false,חלב טרי דל לקטוז 1 ל,תנובה,IL,תנובה,ליטרים,1.00,ליטר,false,,6.80,6.8000,true,1,21323
7290000041407,false,גיל גביע 125 מל 3% ב,תנובה,IL,תנובה,מיליליטרים,125.00,"100 מ""ל",false,,0.94,0.0075,true,1,21324
7290000041445,false,קוטג תנובה גביע 250,תנובה,IL,תנובה,גרמים,250.00,100 גרם,false,,5.50,0.0220,true,1,21325
7290000041858,false,שמנת חמוצה 15% מועשר,שטראוס גרופ,IL,יטבתה,מיליליטרים,200.00,"100 מ""ל",false,,2.40,0.0120,true,1,18023
7290000041865,false,לבן 4.5% שומן- מהדרי,שטראוס גרופ,IL,יטבתה,גרמים,207.00,100 גרם,false,,2.00,0.0097,true,1,18024
7290000042435,false,חלב תנובה טרי קרט+ פ,תנובה,IL,תנובה,ליטרים,1.00,ליטר,false,,5.80,5.8000,true,1,21335
7290000042640,false,חלב עמיד קרטון 250 מ,תנובה,IL,תנובה,מיליליטרים,250.00,"100 מ""ל",false,,2.50,0.0100,true,1,21340
7290000042855,false,שוקו יטבתה שקית,שטראוס גרופ,IL,יטבתה,מיליליטרים,225.00,"100 מ""ל",false,,2.50,0.0111,true,1,18027
7290000043012,false,שוק.שוקו עמיד 2% בקר,תנובה,IL,תנובה,מיליליטרים,250.00,"100 מ""ל",false,,4.50,0.0180,true,1,21343
7290000043463,false,קשיו ברביקיו במשקל,,,קשיו ברביקיו במשקל,קילוגרמים,1.00,"ק""ג",true,,99.00,99.0000,true,1,37620
7290000043609,false,זיתי ירוק ענק במשקל,,,זיתי ירוק ענק במשקל,קילוגרמים,1.00,"ק""ג",true,,39.00,39.0000,true,1,37658
7290000043814,false,שמנת להקצפה  38% 250,תנובה,IL,השף הלבן,מיליליטרים,250.00,"100 מ""ל",false,,6.40,0.0256,true,1,21346
7290000043890,false,רוויון קרטון 1 ליטר,תנובה,IL,רוויון,ליטרים,1.00,ליטר,false,,10.90,10.9000,true,1,21347
7290000044712,false,פרילי תות גביע 500 ג,תנובה,IL,פרילי,גרמים,500.00,100 גרם,false,,9.90,0.0198,true,1,21350
7290000044880,false,באדי יוגורט תות גביע,תנובה,IL,באדי,גרמים,500.00,100 גרם,false,,8.90,0.0178,true,1,21352
7290000045573,false,נעמה משולשים 200 גרם,תנובה,IL,נעמה,גרמים,200.00,100 גרם,false,,13.90,0.0695,true,1,21354
7290000045580,false,נעמה חורש משולשים 24,תנובה,IL,חורש,גרמים,240.00,100 גרם,false,,16.90,0.0704,true,1,21355
7290000045917,false,פרומעז גבינת עזים גל,תנובה,IL,קולאז,גרמים,200.00,100 גרם,false,,24.90,0.1245,true,1,21357
7290000046006,false,גבינת עמק 28%.,תנובה,IL,עמק,קילוגרמים,1.00,"ק""ג",true,,44.79,44.7900,true,1,21238
7290000046020,false,גבינה גלבוע חריץ %22,תנובה,IL,גלבוע,קילוגרמים,1.00,"ק""ג",true,,42.50,42.5000,true,1,21358
7290000046327,false,גלבוע פרוס 200 גרם %,תנובה,IL,גלבוע,גרמים,200.00,100 גרם,false,,12.90,0.0645,true,1,21359
7290000046549,false,מוצרלה חריץ מהדרין 2,תנובה,IL,קולאז,קילוגרמים,1.00,"ק""ג",true,,79.00,79.0000,true,1,21360
7290000046563,false,קולאז פרמזן 23%,תנובה,IL,קולאז,קילוגרמים,1.00,"ק""ג",true,,110.00,110.0000,true,1,21243
7290000046662,false,סקנדינבי 31%,תנובה,IL,עמק,קילוגרמים,1.00,"ק""ג",true,,79.00,79.0000,true,1,21244
7290000047027,false,קולאז קשקבל 27%,תנובה,IL,קולאז,קילוגרמים,1.00,"ק""ג",true,,119.00,119.0000,true,1,21245
7290000047034,false,קולאז רוקפור 25%,תנובה,IL,קולאז,קילוגרמים,1.00,"ק""ג",true,,120.00,120.0000,true,1,21246
7290000047485,false,בולגרית 24%,תנובה,IL,פיראוס,קילוגרמים,1.00,"ק""ג",true,,57.00,57.0000,true,1,21361
7290000047546,false,כנען גבינה לבנה 5% 5,תנובה,IL,השף הלבן,גרמים,500.00,100 גרם,false,,22.90,0.0458,true,1,21362
7290000047942,false,גבינה לבנה  9% 250 ג,תנובה,IL,תנובה,גרמים,250.00,100 גרם,false,,4.70,0.0188,true,1,21364
7290000048185,false,גבינה לבנה  5% 250 ג,תנובה,IL,תנובה,גרמים,250.00,100 גרם,false,,4.95,0.0198,true,1,21365
7290000048192,false,גבינה לבנה  9% 250 ג,תנובה,IL,תנובה,גרמים,250.00,100 גרם,false,,4.70,0.0188,true,1,21366
7290000048437,false,פיראוס צפתית גביע 20,תנובה,IL,פיראוס,גרמים,200.00,100 גרם,false,,13.90,0.0695,true,1,21369
7290000049458,false,פיראוס פטה עזים 16%,תנובה,IL,פיראוס,גרמים,250.00,100 גרם,false,,26.90,0.1076,true,1,21372
7290000050447,false,יופלה תות 3% גביע 50,תנובה,IL,יופלה,גרמים,500.00,100 גרם,false,,12.90,0.0258,true,1,21377
7290000050454,false,יופלה אפרסק 3% גביע,תנובה,IL,יופלה,גרמים,500.00,100 גרם,false,,12.90,0.0258,true,1,21378
7290000051307,false,הפסקת אוכל דגני עוגי,תנובה,IL,תנובה,קילוגרמים,1.00,"ק""ג",false,,8.90,8.9000,true,1,21382
7290000051376,false,יופלה דיאט אננס גביע,תנובה,IL,יופלה,גרמים,150.00,100 גרם,false,,4.80,0.0320,true,1,21384
7290000052311,false,עמק לייט פרוס 200 גר,תנובה,IL,תנובה,גרמים,200.00,100 גרם,false,,15.90,0.0795,true,1,21391
7290000052649,false,פיראוס לאבנה 5% גביע,תנובה,IL,פיראוס,גרמים,500.00,100 גרם,false,,18.90,0.0378,true,1,21392
7290000053219,false,טל העמק 32%,תנובה,IL,עמק,קילוגרמים,1.00,"ק""ג",true,,55.00,55.0000,true,1,21248
7290000055329,false,יופלה משקה יוגורט תו,תנובה,IL,יופלה,גרמים,250.00,100 גרם,false,,4.90,0.0196,true,1,21405
7290000055336,false,יופלה משקה יוגורט בנ,תנובה,IL,יופלה,גרמים,250.00,100 גרם,false,,4.90,0.0196,true,1,21406
7290000055343,false,יופלה משקה יוגורט טר,תנובה,IL,יופלה,גרמים,250.00,100 גרם,false,,4.90,0.0196,true,1,21407
7290000055893,false,חמאה משמנת מפוסטרת 2,תנובה,IL,תנובה,גרמים,200.00,100 גרם,false,,7.80,0.0390,true,1,21412
7290000056081,false,מאגדת פרילי טבע  6 *,תנובה,IL,פרילי,קילוגרמים,1.20,"ק""ג",false,,21.90,18.2500,true,1,21413
7290000056845,false,חלב טרי 1.5 ליטר 3%,תנובה,IL,תנובה,ליטרים,1.50,ליטר,false,,9.30,6.2000,true,1,21418
7290000056890,false,מאג 8*150ג דיאט יופל,תנובה,IL,יופלה,ליטרים,1.20,ליטר,false,,28.90,24.0833,true,1,21420
7290000056951,false,שמנת לבישול 15% 500,תנובה,IL,השף הלבן,מיליליטרים,500.00,"100 מ""ל",false,,15.90,0.0318,true,1,21422
7290000057088,false,עמק פרוס דק דק 200 ג,תנובה,IL,תנובה,גרמים,200.00,100 גרם,false,,15.90,0.0795,true,1,21425
7290000057149,false,יוגורט תנובה טבעי 3%,תנובה,IL,תנובה,גרמים,200.00,100 גרם,false,,3.00,0.0150,true,1,21428
7290000058030,false,יופלה משקה יוגורט תו,תנובה,IL,יופלה,מיליליטרים,800.00,"100 מ""ל",false,,19.90,0.0249,true,1,21433
7290000058047,false,שמנת להקצפה 38% 500,תנובה,IL,השף הלבן,מיליליטרים,500.00,"100 מ""ל",false,,12.80,0.0256,true,1,21434
7290000058979,false,גיל בטעם תות 3% 125,תנובה,IL,תנובה,גרמים,125.00,100 גרם,false,,1.30,0.0104,true,1,21439
7290000060071,false,אסם חטיפי פריכונים ט,פרח תעשיות,IL,אסם,גרמים,80.00,100 גרם,false,,7.50,0.0938,true,1,4255
7290000060088,false,בייגלה מקלות מלוחים,אסם,IL,אסם,גרמים,400.00,100 גרם,false,,9.90,0.0248,true,1,4256
7290000060156,false,אטריות ביצים דקות 20,אסם,IL,אסם,גרמים,200.00,100 גרם,false,,5.90,0.0295,true,1,4257
7290000060200,false,פתיתים אפויים קוסקוס,אסם,IL,אסם,גרמים,500.00,100 גרם,false,,6.90,0.0138,true,1,4259
7290000060217,false,מקרוני 500 גרם,זארה,IT,אסם,גרמים,500.00,100 גרם,false,,5.40,0.0108,true,1,4260
7290000060316,false,פרפקטו ספגטי 3 500 ג,זארה,IT,פרפקטו,גרמים,500.00,100 גרם,false,,6.90,0.0138,true,1,4262
7290000060330,false,פרפקטו ספירלי 500 גר,זארה,IT,פרפקטו,גרמים,500.00,100 גרם,false,,6.90,0.0138,true,1,4264
7290000060408,false,פתיתים אפויים טבעות,אסם,IL,אסם,גרמים,500.00,100 גרם,false,,6.90,0.0138,true,1,4265
7290000060415,false,פרפקטו לזאניה 500 גר,פסטה לנסי,IT,פרפקטו,גרמים,500.00,100 גרם,false,,12.90,0.0258,true,1,4266
7290000060576,false,פתיתים אפויים כוכבים,אסם,IL,אסם,גרמים,500.00,100 גרם,false,,6.90,0.0138,true,1,4270
7290000060880,false,ספגטי 500 גרם,זארה,IT,אסם,גרמים,500.00,100 גרם,false,,5.40,0.0108,true,1,4275
7290000060903,false,פתיתים אורז 500 גרם,אסם,IL,אסם,גרמים,500.00,100 גרם,false,,6.90,0.0138,true,1,4276
7290000060958,false,אטריות בינוניות 400,אסם,IL,אסם,גרמים,400.00,100 גרם,false,,5.90,0.0148,true,1,4277
7290000060965,false,אטריות רחבות 400 גרם,אסם,IL,אסם,גרמים,400.00,100 גרם,false,,5.90,0.0148,true,1,4278
7290000061061,false,קרקר בצל 250 גרם,אסם,IL,אסם,גרמים,250.00,100 גרם,false,,9.90,0.0396,true,1,4280
7290000061108,false,רוטב טריאקי 290 מל',אסם,IL,אסם,מיליליטרים,290.00,"100 מ""ל",false,,8.90,0.0307,true,1,4282
7290000061214,false,פתיתים קוסקוס עם בצל,אסם,IL,אסם,גרמים,500.00,100 גרם,false,,6.90,0.0138,true,1,4283
7290000061450,false,פתיתים קוסקוס 3 צבעי,אסם,IL,אסם,גרמים,500.00,100 גרם,false,,6.90,0.0138,true,1,4286
7290000061764,false,נס קפה רד מאג 200 גר,נסטלה ספרד קפה,ES,NESCAFE,גרמים,200.00,100 גרם,false,,19.90,0.0995,true,1,4287
7290000062129,false,אסם פודינג אינסטנט ו,אסם,IL,אסם,קילוגרמים,1.00,"ק""ג",false,,23.90,23.9000,true,1,4289
7290000062952,false,מיני קרוטונים למרק ו,עינת תעשיות מזון אגו,IL,אסם,גרמים,250.00,100 גרם,false,,14.90,0.0596,true,1,4292
7290000063102,false,קמח עוגה תופח מאליו,אסם,IL,אסם,גרמים,350.00,100 גרם,false,,4.90,0.0140,true,1,4295
7290000063133,false,שקדי מרק רכיבים טבעי,אסם,IL,אסם,גרמים,100.00,100 גרם,false,,4.90,0.0490,true,1,4296
7290000063140,false,שקדי מרק רכיבים טבעי,אסם,IL,אסם,גרמים,400.00,100 גרם,false,,9.90,0.0248,true,1,4297
7290000063157,false,קמח עוגה תופח מאליו,אסם,IL,אסם,קילוגרמים,1.00,"ק""ג",false,,8.90,8.9000,true,1,4298
7290000064758,false,קוסקוס אמיתי 350 גרם,קוסקוס,IL,אסם,גרמים,350.00,100 גרם,false,,7.50,0.0214,true,1,4304
7290000064871,false,"מנה חמה פירה תפו""א ו",אסם,IL,מנה חמה,גרמים,87.00,100 גרם,false,,4.90,0.0563,true,1,4305
7290000065335,false,מנה חמה פירה וירקות,אסם,IL,מנה חמה,גרמים,55.00,100 גרם,false,,4.90,0.0891,true,1,4307
7290000065557,false,מנה חמה קוסקוס רכיבי,אסם,IL,מנה חמה,גרמים,84.00,100 גרם,false,,4.90,0.0583,true,1,4309
7290000065977,false,אסם חטיפי פריכונים ת,פרח תעשיות,IL,אסם,גרמים,80.00,100 גרם,false,,7.50,0.0938,true,1,4315
7290000066141,false,ביסלי גריל 70 גרם,אסם,IL,ביסלי,גרמים,70.00,100 גרם,false,,3.90,0.0557,true,1,4317
7290000066196,false,ביסלי גריל 200 גרם,אסם,IL,ביסלי,גרמים,200.00,100 גרם,false,,6.90,0.0345,true,1,4322
7290000066264,false,דובונים 40 גרם,אסם,IL,דובונים,גרמים,40.00,100 גרם,false,,3.90,0.0975,true,1,4326
7290000066295,false,במבה מתוקה מחומרים ט,אסם,IL,במבה,גרמים,30.00,100 גרם,false,,2.50,0.0833,true,1,4327
7290000066318,false,במבה קלאסי 80 גרם,אסם,IL,במבה,גרמים,80.00,100 גרם,false,,3.90,0.0487,true,1,4329
7290000066332,false,אפרופו 50 גרם,אסם,IL,אפרופו,גרמים,50.00,100 גרם,false,,3.90,0.0780,true,1,4330
7290000066349,false,אפרופו 100 גרם,אסם,IL,אפרופו,גרמים,100.00,100 גרם,false,,7.90,0.0790,true,1,4331
7290000066431,false,פופקו חמאה ודבש 80 ג,אסם,IL,פופקו,גרמים,80.00,100 גרם,false,,4.50,0.0563,true,1,4332
7290000067407,false,פירורית מתובל 200 גר,עינת תעשיות מזון אגו,IL,אסם,גרמים,200.00,100 גרם,false,,5.90,0.0295,true,1,4338
7290000067544,false,פירורית פירורי לחם ז,עינת תעשיות מזון אגו,IL,אסם,גרמים,200.00,100 גרם,false,,5.90,0.0295,true,1,4340
7290000067599,false,מנה חמה ספגטי בולונז,אסם,IL,מנה חמה,גרמים,55.00,100 גרם,false,,4.90,0.0891,true,1,4343
7290000068138,false,אינסטנט פודינג וניל,אסם,IL,אסם,גרמים,80.00,100 גרם,false,,4.90,0.0613,true,1,4349
7290000068190,false,ג'לי תות שדה צבעים ט,אסם,IL,אסם,גרמים,85.00,100 גרם,false,,5.90,0.0694,true,1,4352
7290000068206,false,ג'לי משמש צבעים טבעי,אסם,IL,אסם,גרמים,85.00,100 גרם,false,,5.90,0.0694,true,1,4353
7290000068237,false,ג'לי פטל צבעים טבעיי,אסם,IL,אסם,גרמים,85.00,100 גרם,false,,5.90,0.0694,true,1,4354
7290000068343,false,פריכונים מאורז מלא 1,פרח תעשיות,IL,אסם,גרמים,140.00,100 גרם,false,,6.90,0.0493,true,1,4358
7290000068770,false,במבה יום הולדת 80 גר,אסם,IL,במבה,גרמים,80.00,100 גרם,false,,3.90,0.0487,true,1,4360
7290000068787,false,במבה יום הולדת 25 גר,אסם,IL,במבה,גרמים,25.00,100 גרם,false,,2.00,0.0800,true,1,4361
7290000069258,false,פרפקטו פנה ריגאטה 50,זארה,IT,פרפקטו,גרמים,500.00,100 גרם,false,,6.90,0.0138,true,1,4363
7290000069364,false,אסם פריכונים עגול או,פרח תעשיות,IL,אסם,גרמים,140.00,100 גרם,false,,6.90,0.0493,true,1,4364
7290000070308,false,מרק עוף אמיתי 400 גר,אסם,IL,אסם,גרמים,400.00,100 גרם,false,,16.90,0.0422,true,1,4373
7290000070322,false,אבקת מרק פטריות רכיב,אסם,IL,אסם,גרמים,400.00,100 גרם,false,,23.90,0.0597,true,1,4374
7290000070353,false,אבקת מרק בצל רכיבים,אסם,IL,אסם,גרמים,400.00,100 גרם,false,,23.90,0.0597,true,1,4375
7290000070919,false,בייגלה רשתות מלח 400,אסם,IL,אסם,גרמים,400.00,100 גרם,false,,11.90,0.0298,true,1,4377
7290000072067,false,במבה במילוי קרם חלבה,אסם,IL,במבה,גרמים,60.00,100 גרם,false,,4.90,0.0817,true,1,4379
7290000072241,false,רוטב פיצה 290 מל,אסם,IL,אסם,מיליליטרים,290.00,"100 מ""ל",false,,8.90,0.0307,true,1,4383
7290000072623,false,קטשופ אסם 750 גרם,אסם,IL,אסם,גרמים,750.00,100 גרם,false,,9.90,0.0132,true,1,4385
7290000072753,false,טסטר צויס 200 גר',נסטלה קוריאה - קפה,KR,TASTER'S CHOICE,גרמים,200.00,100 גרם,false,,29.90,0.1495,true,1,4388
7290000072777,false,טסטרס צויס נטול קופא,,,טסטרס צויס נטול קופאין 20,גרמים,200.00,100 גרם,false,,35.90,0.1795,true,1,4389
7290000072968,false,סיני מיניס 500 גרם,נסטלה פולין דגני בוק,PL,CINI-MINIS,גרמים,500.00,100 גרם,false,,19.90,0.0398,true,1,4392
7290000073125,false,מ.חמה פסטה עם עגב חר,אסם,IL,מנה חמה,גרמים,62.00,100 גרם,false,,4.90,0.0790,true,1,4393
7290000073415,false,מ.חמה פסטה ברוטב פיצ,אסם,IL,מנה חמה,גרמים,61.00,100 גרם,false,,4.90,0.0803,true,1,4394
7290000073750,false,מ.חמה נודלס טעם עוף,טאי רזידנט,TH,מנה חמה,גרמים,70.00,100 גרם,false,,4.90,0.0700,true,1,4396
7290000073767,false,מ.חמה נודלס טעם בקר,טאי רזידנט,TH,מנה חמה,גרמים,76.00,100 גרם,false,,4.90,0.0645,true,1,4397
7290000073774,false,מ.חמה נודלס טעם צילי,טאי רזידנט,TH,מנה חמה,גרמים,70.00,100 גרם,false,,4.90,0.0700,true,1,4398
7290000074153,false,פתי בר שוקו 500 גרם,אסם,IL,אסם,גרמים,500.00,100 גרם,false,,9.90,0.0198,true,1,4402
7290000074184,false,פתי בר 500 גרם,אסם,IL,אסם,גרמים,500.00,100 גרם,false,,9.90,0.0198,true,1,4403
7290000074245,false,קרם קרקר 250 גרם,אסם,IL,אסם,גרמים,250.00,100 גרם,false,,8.90,0.0356,true,1,4404
7290000074252,false,קרקר שומשום 250 גרם,אסם,IL,אסם,גרמים,250.00,100 גרם,false,,8.90,0.0356,true,1,4405
7290000074276,false,קרקר קלאסי 250 גרם,אסם,IL,אסם,גרמים,250.00,100 גרם,false,,9.90,0.0396,true,1,4406
7290000074375,false,קרקר זהב 150 גרם,אסם,IL,אסם,גרמים,150.00,100 גרם,false,,6.90,0.0460,true,1,4409
7290000074481,false,לחמית אגוזים 160 גרם,אסם,IL,לחמית,גרמים,160.00,100 גרם,false,,9.90,0.0619,true,1,4411
7290000074764,false,קרקר זהב 900 גרם,אסם,IL,אסם,גרמים,900.00,100 גרם,false,,26.90,0.0299,true,1,4416
7290000075204,false,לחמית חיטה מלאה 250,אסם,IL,לחמית,גרמים,250.00,100 גרם,false,,7.90,0.0316,true,1,4419
7290000075693,false,עוגת הבית שמרים בריו,אסם,IL,הבית,גרמים,350.00,100 גרם,false,,14.90,0.0426,true,1,4420
7290000076126,false,בייגלה שמיניות קטנות,אסם,IL,אסם,גרמים,80.00,100 גרם,false,,2.90,0.0362,true,1,4421
7290000076133,false,בייגלה שמיניות קטנות,אסם,IL,אסם,גרמים,400.00,100 גרם,false,,9.90,0.0248,true,1,4422
7290000076645,false,אסם טוסטעים חיטה מלא,ון-דר-מולן,NL,אסם,גרמים,100.00,100 גרם,false,,9.90,0.0990,true,1,4424
7290000077253,false,לחמית כפרית 190 גרם,אסם,IL,לחמית,גרמים,190.00,100 גרם,false,,9.90,0.0521,true,1,4426
7290000078762,false,חטיפי פריכונים אורז,הרטו בלגיה,BE,אסם,גרמים,80.00,100 גרם,false,,7.50,0.0938,true,1,4429
7290000079233,false,קרם קרקר דל נתרן 250,אסם,IL,אסם,גרמים,250.00,100 גרם,false,,9.90,0.0396,true,1,4431
7290000080765,false,אסם טוסטעים עם שומשו,ון-דר-מולן,NL,אסם,גרמים,100.00,100 גרם,false,,9.90,0.0990,true,1,4437
7290000081663,false,בייגלה טבעות שומשום,אסם,IL,אסם,גרמים,300.00,100 גרם,false,,9.90,0.0330,true,1,4439
7290000085159,false,פרורי בסקוויט וניל 2,גטניו אם החיטה,IL,גטניו,גרמים,250.00,100 גרם,false,,5.90,0.0236,true,1,8010
7290000085654,false,לחמניה מאפית 4 יח,,,לחמניה מאפית 4 יח,יח',4.00,יח',false,,13.90,3.4750,true,1,37120
7290000089188,false,פומפידיתא יין אדום מ,אליעז בנימינה,IL,בנימינה,ליטרים,1.00,ליטר,false,,17.90,17.9000,true,1,17060
7290000090597,false,בוטן קאטאצ'נג במשקל,,,בוטן קאטאצ'נג במשקל,קילוגרמים,1.00,"ק""ג",true,,55.00,55.0000,true,1,36461
7290000090825,false,מנגו טבעי ללא סוכר ב,,,מנגו טבעי ללא סוכר ב,קילוגרמים,1.00,"ק""ג",true,,99.00,99.0000,true,1,36185
7290000090986,false,לימון פרסי שחור ולבן,,,לימון פרסי שחור ולבן,קילוגרמים,1.00,"ק""ג",true,,70.00,70.0000,true,1,33984
7290000092003,false,גרעין שחור קלוי במלח,,,גרעין שחור קלוי במלח,קילוגרמים,1.00,"ק""ג",true,,29.00,29.0000,true,1,33986
7290000092010,false,גרעין לבן קלוי במשקל,,,גרעין לבן קלוי במשקל,קילוגרמים,1.00,"ק""ג",true,,59.00,59.0000,true,1,33987
7290000092027,false,פקאן קלוף קלוי במשקל,,,פקאן קלוף קלוי במשקל,קילוגרמים,1.00,"ק""ג",true,,110.00,110.0000,true,1,33988
7290000092034,false,קשיו קלוי במשקל,,,קשיו קלוי במשקל,קילוגרמים,1.00,"ק""ג",true,,89.00,89.0000,true,1,33989
7290000092041,false,פיסטוק קלוי במשקל,,,פיסטוק קלוי במשקל,קילוגרמים,1.00,"ק""ג",true,,89.00,89.0000,true,1,33990
7290000092058,false,פיסטוק אפגני קלוי במ,,,פיסטוק אפגני קלוי במ,קילוגרמים,1.00,"ק""ג",true,,89.00,89.0000,true,1,33991
7290000092065,false,גרעין אבטיח קלוי במש,,,גרעין אבטיח קלוי במש,קילוגרמים,1.00,"ק""ג",true,,59.00,59.0000,true,1,33992
7290000092072,false,בוטן קלוי במשקל,,,בוטן קלוי במשקל,קילוגרמים,1.00,"ק""ג",true,,39.00,39.0000,true,1,33993
7290000092089,false,בוטן קלוי ללא מלח במ,,,בוטן קלוי ללא מלח במ,קילוגרמים,1.00,"ק""ג",true,,39.00,39.0000,true,1,33994
7290000092096,false,בוטן קלוי בקליפה במש,,,בוטן קלוי בקליפה במש,קילוגרמים,1.00,"ק""ג",true,,35.00,35.0000,true,1,33995
7290000092102,false,שקד קלוי במשקל,,,שקד קלוי במשקל,קילוגרמים,1.00,"ק""ג",true,,89.00,89.0000,true,1,33996
7290000092119,false,שקד קלוי בקליפה במשק,,,שקד קלוי בקליפה במשק,קילוגרמים,1.00,"ק""ג",true,,79.00,79.0000,true,1,33997
7290000092133,false,בונדוק קלוי במשקל,,,בונדוק קלוי במשקל,קילוגרמים,1.00,"ק""ג",true,,89.00,89.0000,true,1,33998
7290000092140,false,חומוס קלוי במשקל,,,חומוס קלוי במשקל,קילוגרמים,1.00,"ק""ג",true,,39.00,39.0000,true,1,33999
7290000092157,false,אגוזי מלך קלופים פרי,,,אגוזי מלך קלופים פרי,קילוגרמים,1.00,"ק""ג",true,,64.90,64.9000,true,1,33946
7290000092164,false,שקד טבעי במשקל,,,שקד טבעי במשקל,קילוגרמים,1.00,"ק""ג",true,,69.00,69.0000,true,1,34000
7290000092171,false,פקאן טבעי במשקל,,,פקאן טבעי במשקל,קילוגרמים,1.00,"ק""ג",true,,95.00,95.0000,true,1,34001
7290000092188,false,קשיו טבעי במשקל,,,קשיו טבעי במשקל,קילוגרמים,1.00,"ק""ג",true,,79.00,79.0000,true,1,34002
7290000092195,false,אגוז ברזיל טבעי במשק,,,אגוז ברזיל טבעי במשק,קילוגרמים,1.00,"ק""ג",true,,89.00,89.0000,true,1,34003
7290000092201,false,מקדמיה טבעי במשקל,,,מקדמיה טבעי במשקל,קילוגרמים,1.00,"ק""ג",true,,150.00,150.0000,true,1,34004
7290000092218,false,משמש מיובש במשקל,,,משמש מיובש במשקל,קילוגרמים,1.00,"ק""ג",true,,53.00,53.0000,true,1,34005
7290000092225,false,שזיף מגולען מיובש במ,,,שזיף מגולען מיובש במ,קילוגרמים,1.00,"ק""ג",true,,45.00,45.0000,true,1,34006
7290000092232,false,צימוק בהיר גדול במשק,,,צימוק בהיר גדול במשק,קילוגרמים,1.00,"ק""ג",true,,39.00,39.0000,true,1,34007
7290000092249,false,צימוק כהה במשקל,,,צימוק כהה במשקל,קילוגרמים,1.00,"ק""ג",true,,29.00,29.0000,true,1,34008
7290000092256,false,אננס טבעי מיובש במשק,,,אננס טבעי מיובש במשק,קילוגרמים,1.00,"ק""ג",true,,89.00,89.0000,true,1,34009
7290000092263,false,חמוציות ללא סוכר במש,,,חמוציות ללא סוכר במש,קילוגרמים,1.00,"ק""ג",true,,49.00,49.0000,true,1,34010
7290000092270,false,צנובר טבעי במשקל,,,צנובר טבעי במשקל,קילוגרמים,1.00,"ק""ג",true,,180.00,180.0000,true,1,34011
7290000092287,false,תמר מג'הול ענק במשקל,,,תמר מג'הול ענק במשקל,קילוגרמים,1.00,"ק""ג",true,,54.90,54.9000,true,1,34012
7290000092294,false,שקד מולבן משובב במשק,,,שקד מולבן משובב במשק,קילוגרמים,1.00,"ק""ג",true,,79.00,79.0000,true,1,34013
7290000092300,false,שקד מולבן פרוס במשקל,,,שקד מולבן פרוס במשקל,קילוגרמים,1.00,"ק""ג",true,,79.00,79.0000,true,1,34014
7290000092324,false,שקד מולבן שלם במשקל,,,שקד מולבן שלם במשקל,קילוגרמים,1.00,"ק""ג",true,,79.00,79.0000,true,1,34016
7290000092331,false,גרעיני דלעת קלופים ב,,,גרעיני דלעת קלופים ב,קילוגרמים,1.00,"ק""ג",true,,39.00,39.0000,true,1,26104
7290000092355,false,פקאן סיני במשקל,,,פקאן סיני במשקל,קילוגרמים,1.00,"ק""ג",true,,99.00,99.0000,true,1,34017
7290000092362,false,קבוקים במשקל,,,קבוקים במשקל,קילוגרמים,1.00,"ק""ג",true,,25.00,25.0000,true,1,34018
7290000092379,false,בוטנים אמריקאיים במש,,,בוטנים אמריקאיים במש,קילוגרמים,1.00,"ק""ג",true,,28.00,28.0000,true,1,34019
7290000092386,false,רביולי במשקל,,,רביולי במשקל,קילוגרמים,1.00,"ק""ג",true,,65.00,65.0000,true,1,34020
7290000092393,false,מאנצס במשקל,,,מאנצס במשקל,קילוגרמים,1.00,"ק""ג",true,,59.00,59.0000,true,1,34021
7290000092409,false,תאילנדי סושי במשקל,,,תאילנדי סושי במשקל,קילוגרמים,1.00,"ק""ג",true,,65.00,65.0000,true,1,34022
7290000092423,false,חטיף אפונה במשקל,,,חטיף אפונה במשקל,קילוגרמים,1.00,"ק""ג",true,,39.00,39.0000,true,1,34023
7290000092447,false,חטיף פול במשקל,,,חטיף פול במשקל,קילוגרמים,1.00,"ק""ג",true,,49.00,49.0000,true,1,34024
7290000092454,false,תירס קלוי במשקל,,,תירס קלוי במשקל,קילוגרמים,1.00,"ק""ג",true,,49.00,49.0000,true,1,34025
7290000092478,false,קשיוקו במשקל,,,קשיוקו במשקל,קילוגרמים,1.00,"ק""ג",true,,89.00,89.0000,true,1,34027
7290000092515,false,פיסטוק טבעי קלוף במש,,,פיסטוק טבעי קלוף במש,קילוגרמים,1.00,"ק""ג",true,,130.00,130.0000,true,1,34028
7290000092553,false,פפריקה חריפה במשקל,,,פפריקה חריפה במשקל,קילוגרמים,1.00,"ק""ג",true,,40.00,40.0000,true,1,34030
7290000092560,false,פפריקה חריפה בשמן במ,,,פפריקה חריפה בשמן במ,קילוגרמים,1.00,"ק""ג",true,,40.00,40.0000,true,1,34031
7290000092577,false,פפריקה מתוקה במשקל,,,פפריקה מתוקה במשקל,קילוגרמים,1.00,"ק""ג",true,,40.00,40.0000,true,1,34032
7290000092584,false,פפריקה מתוקה בשמן במ,,,פפריקה מתוקה בשמן במ,קילוגרמים,1.00,"ק""ג",true,,40.00,40.0000,true,1,34033
7290000092591,false,פלפל חריף שלם במשקל,,,פלפל חריף שלם במשקל,קילוגרמים,1.00,"ק""ג",true,,50.00,50.0000,true,1,34034
7290000092607,false,פלפל מתוק שלם במשקל,,,פלפל מתוק שלם במשקל,קילוגרמים,1.00,"ק""ג",true,,50.00,50.0000,true,1,34035
7290000092652,false,כמון שלם במשקל,,,כמון שלם במשקל,קילוגרמים,1.00,"ק""ג",true,,50.00,50.0000,true,1,34040
7290000092676,false,"מקלות קנמון 8 ס""מ במ",,,"מקלות קנמון 8 ס""מ במ",קילוגרמים,1.00,"ק""ג",true,,60.00,60.0000,true,1,34042
7290000092690,false,פלפל אנגלי שלם במשקל,,,פלפל אנגלי שלם במשקל,קילוגרמים,1.00,"ק""ג",true,,60.00,60.0000,true,1,34044
7290000092720,false,פפריקה מעושנת במשקל,,,פפריקה מעושנת במשקל,קילוגרמים,1.00,"ק""ג",true,,50.00,50.0000,true,1,34047
7290000092744,false,קצח במשקל,,,קצח במשקל,קילוגרמים,1.00,"ק""ג",true,,50.00,50.0000,true,1,34049
7290000092775,false,גריל דג במשקל,,,גריל דג במשקל,קילוגרמים,1.00,"ק""ג",true,,70.00,70.0000,true,1,34052
7290000092782,false,גריל עוף במשקל,,,גריל עוף במשקל,קילוגרמים,1.00,"ק""ג",true,,70.00,70.0000,true,1,34053
7290000092799,false,טוסקנה במשקל,,,טוסקנה במשקל,קילוגרמים,1.00,"ק""ג",true,,60.00,60.0000,true,1,34054
7290000092805,false,כוסברה טחונה במשקל,,,כוסברה טחונה במשקל,קילוגרמים,1.00,"ק""ג",true,,60.00,60.0000,true,1,34055
7290000092812,false,כורכום טחון במשקל,,,כורכום טחון במשקל,קילוגרמים,1.00,"ק""ג",true,,60.00,60.0000,true,1,34056
7290000092829,false,כמון טחון במשקל,,,כמון טחון במשקל,קילוגרמים,1.00,"ק""ג",true,,60.00,60.0000,true,1,34057
7290000092843,false,קארי הודי במשקל,,,קארי הודי במשקל,קילוגרמים,1.00,"ק""ג",true,,60.00,60.0000,true,1,34059
7290000092874,false,תבלין לדג במשקל,,,תבלין לדג במשקל,קילוגרמים,1.00,"ק""ג",true,,60.00,60.0000,true,1,34062
7290000092881,false,תבלין לפיצה במשקל,,,תבלין לפיצה במשקל,קילוגרמים,1.00,"ק""ג",true,,60.00,60.0000,true,1,34063
7290000092898,false,זנגביל טחון במשקל,,,זנגביל טחון במשקל,קילוגרמים,1.00,"ק""ג",true,,70.00,70.0000,true,1,34064
7290000092928,false,תבלין על האש במשקל,,,תבלין על האש במשקל,קילוגרמים,1.00,"ק""ג",true,,70.00,70.0000,true,1,34066
7290000092935,false,פילדלפיה במשקל,,,פילדלפיה במשקל,קילוגרמים,1.00,"ק""ג",true,,70.00,70.0000,true,1,34067
7290000092942,false,פלפל שחור שלם במשקל,,,פלפל שחור שלם במשקל,קילוגרמים,1.00,"ק""ג",true,,70.00,70.0000,true,1,34068
7290000092966,false,תבלין לשווארמה במשקל,,,תבלין לשווארמה במשקל,קילוגרמים,1.00,"ק""ג",true,,70.00,70.0000,true,1,34070
7290000092980,false,אורגנו במשקל,,,אורגנו במשקל,קילוגרמים,1.00,"ק""ג",true,,40.00,40.0000,true,1,34072
7290000092997,false,בזיליקום מיובש במשקל,,,בזיליקום מיובש במשקל,קילוגרמים,1.00,"ק""ג",true,,80.00,80.0000,true,1,34073
7290000093017,false,פטרוזיליה יבשה במשקל,,,פטרוזיליה יבשה במשקל,קילוגרמים,1.00,"ק""ג",true,,100.00,100.0000,true,1,34075
7290000093024,false,פלפל שחור טחון במשקל,,,פלפל שחור טחון במשקל,קילוגרמים,1.00,"ק""ג",true,,80.00,80.0000,true,1,34076
7290000093062,false,טימין במשקל,,,טימין במשקל,קילוגרמים,1.00,"ק""ג",true,,70.00,70.0000,true,1,34080
7290000093079,false,"תערובת לתפו""א אפוי (",,,"תערובת לתפו""א אפוי (",קילוגרמים,1.00,"ק""ג",true,,80.00,80.0000,true,1,34081
7290000093093,false,חוויאג לקפה במשקל,,,חוויאג לקפה במשקל,קילוגרמים,1.00,"ק""ג",true,,90.00,90.0000,true,1,34083
7290000093109,false,פלפל שחור גרוס במשקל,,,פלפל שחור גרוס במשקל,קילוגרמים,1.00,"ק""ג",true,,80.00,80.0000,true,1,34084
7290000093147,false,ראס אל חנות במשקל,,,ראס אל חנות במשקל,קילוגרמים,1.00,"ק""ג",true,,100.00,100.0000,true,1,34088
7290000093154,false,פלפל לבן במשקל,,,פלפל לבן במשקל,קילוגרמים,1.00,"ק""ג",true,,100.00,100.0000,true,1,34089
7290000093185,false,ציפורן שלם במשקל,,,ציפורן שלם במשקל,קילוגרמים,1.00,"ק""ג",true,,130.00,130.0000,true,1,34092
7290000093192,false,מוסקט טחון במשקל,,,מוסקט טחון במשקל,קילוגרמים,1.00,"ק""ג",true,,190.00,190.0000,true,1,34093
7290000093253,false,בהרט לקציצות במשקל,,,בהרט לקציצות במשקל,קילוגרמים,1.00,"ק""ג",true,,100.00,100.0000,true,1,34095
7290000093277,false,הל טחון במשקל,,,הל טחון במשקל,קילוגרמים,1.00,"ק""ג",true,,199.00,199.0000,true,1,34097
7290000093314,false,חילבה טחונה במשקל,,,חילבה טחונה במשקל,קילוגרמים,1.00,"ק""ג",true,,30.00,30.0000,true,1,34100
7290000093321,false,בצל יבש במשקל,,,בצל יבש במשקל,קילוגרמים,1.00,"ק""ג",true,,50.00,50.0000,true,1,34101
7290000093338,false,בצל מטוגן במשקל,,,בצל מטוגן במשקל,קילוגרמים,1.00,"ק""ג",true,,50.00,50.0000,true,1,34102
7290000093369,false,קינמון טחון במשקל,,,קינמון טחון במשקל,קילוגרמים,1.00,"ק""ג",true,,60.00,60.0000,true,1,34105
7290000093376,false,שום גבישי במשקל,,,שום גבישי במשקל,קילוגרמים,1.00,"ק""ג",true,,50.00,50.0000,true,1,34106
7290000093406,false,זעתר מוכן במשקל,,,זעתר מוכן במשקל,קילוגרמים,1.00,"ק""ג",true,,90.00,90.0000,true,1,34109
7290000093451,false,תערובת לאורז צהוב במ,,,תערובת לאורז צהוב במ,קילוגרמים,1.00,"ק""ג",true,,90.00,90.0000,true,1,34114
7290000093468,false,תוספת לאורז במשקל,,,תוספת לאורז במשקל,קילוגרמים,1.00,"ק""ג",true,,90.00,90.0000,true,1,34115
7290000093475,false,חוויא'ג מרק במשקל,,,חוויא'ג מרק במשקל,קילוגרמים,1.00,"ק""ג",true,,90.00,90.0000,true,1,34116
7290000093499,false,שומשום לבן במשקל,,,שומשום לבן במשקל,קילוגרמים,1.00,"ק""ג",true,,25.00,25.0000,true,1,34118
7290000093505,false,גרעיני חמניה קלופים,,,גרעיני חמניה קלופים,קילוגרמים,1.00,"ק""ג",true,,25.00,25.0000,true,1,34119
7290000093512,false,פופקורן מוכן,,,פופקורן מוכן,יחידה,0.00,יחידה,false,,5.00,0.0000,true,1,34120
7290000093529,false,סוכריות גומי במשקל,,,סוכריות גומי במשקל,קילוגרמים,1.00,"ק""ג",true,,39.00,39.0000,true,1,34121
7290000093536,false,גרעין שחור קלוי ללא,,,גרעין שחור קלוי ללא,קילוגרמים,1.00,"ק""ג",true,,29.00,29.0000,true,1,34122
7290000093543,false,מעורב קלוי עם מלח,,,מעורב קלוי עם מלח,קילוגרמים,1.00,"ק""ג",true,,89.00,89.0000,true,1,34123
7290000093550,false,תאנים מיובשות במשקל,,,תאנים מיובשות במשקל,קילוגרמים,1.00,"ק""ג",true,,49.00,49.0000,true,1,34124
7290000093581,false,קוקוס רצועות מיובש ב,,,קוקוס רצועות מיובש ב,קילוגרמים,1.00,"ק""ג",true,,69.00,69.0000,true,1,34127
7290000093628,false,לקט ירקות,,,לקט ירקות,קילוגרמים,1.00,"ק""ג",true,,120.00,120.0000,true,1,34130
7290000093635,false,מנגו מיובש במשקל,,,מנגו מיובש במשקל,קילוגרמים,1.00,"ק""ג",true,,79.00,79.0000,true,1,34131
7290000093642,false,תערובת בריאות במשקל,,,תערובת בריאות במשקל,קילוגרמים,1.00,"ק""ג",true,,89.00,89.0000,true,1,34132
7290000093659,false,גרעיני מלון קלוי במש,,,גרעיני מלון קלוי במש,קילוגרמים,1.00,"ק""ג",true,,49.00,49.0000,true,1,34133
7290000093666,false,אגוזי מלך בקליפה במש,,,אגוזי מלך בקליפה במש,קילוגרמים,1.00,"ק""ג",true,,29.00,29.0000,true,1,34134
7290000093680,false,צימוק בהיר קטן במשקל,,,צימוק בהיר קטן במשקל,קילוגרמים,1.00,"ק""ג",true,,39.00,39.0000,true,1,34135
7290000093697,false,חמוציות עם סוכר במשק,,,חמוציות עם סוכר במשק,קילוגרמים,1.00,"ק""ג",true,,39.00,39.0000,true,1,34136
7290000093703,false,בוטנים טבעי במשקל,,,בוטנים טבעי במשקל,קילוגרמים,1.00,"ק""ג",true,,29.00,29.0000,true,1,34137
7290000093710,false,פישתן במשקל,,,פישתן במשקל,קילוגרמים,1.00,"ק""ג",true,,14.00,14.0000,true,1,34138
7290000093727,false,בונדוק טבעי במשקל,,,בונדוק טבעי במשקל,קילוגרמים,1.00,"ק""ג",true,,79.00,79.0000,true,1,34139
7290000093741,false,חטיף ריזוטו במשקל,,,חטיף ריזוטו במשקל,קילוגרמים,1.00,"ק""ג",true,,69.00,69.0000,true,1,34140
7290000093758,false,קשיו שקד מעושן,,,קשיו שקד מעושן,קילוגרמים,1.00,"ק""ג",true,,99.00,99.0000,true,1,34141
7290000093789,false,חטיף פפריקה טוויסט ב,,,חטיף פפריקה טוויסט ב,קילוגרמים,1.00,"ק""ג",true,,69.00,69.0000,true,1,34143
7290000093802,false,אננס מסוכר במשקל,,,אננס מסוכר במשקל,קילוגרמים,1.00,"ק""ג",true,,49.00,49.0000,true,1,34144
7290000093826,false,תבלין מעורב ירושלמי,,,תבלין מעורב ירושלמי,קילוגרמים,1.00,"ק""ג",true,,70.00,70.0000,true,1,34145
7290000093840,false,תמר עם אגוז במשקל,,,תמר עם אגוז במשקל,קילוגרמים,1.00,"ק""ג",true,,69.00,69.0000,true,1,34147
7290000093864,false,זרעי צ'יה במשקל,,,זרעי צ'יה במשקל,קילוגרמים,1.00,"ק""ג",true,,39.00,39.0000,true,1,34149
7290000093871,false,פרג במשקל,,,פרג במשקל,קילוגרמים,1.00,"ק""ג",true,,40.00,40.0000,true,1,34150
7290000093888,false,עלי דפנה 20 גרם,,,עלי דפנה 20 גרם,יחידה,0.00,יחידה,false,,3.00,0.0000,true,1,34151
7290000093895,false,"תפו""ע מיובש במשקל",,,"תפו""ע מיובש במשקל",קילוגרמים,1.00,"ק""ג",true,,49.00,49.0000,true,1,34152
7290000093901,false,מקדמיה קלוי במשקל,,,מקדמיה קלוי במשקל,קילוגרמים,1.00,"ק""ג",true,,159.00,159.0000,true,1,34153
7290000093949,false,פפאיה במשקל,,,פפאיה במשקל,קילוגרמים,1.00,"ק""ג",true,,39.00,39.0000,true,1,34157
7290000093956,false,ג'ינג'ר דל סוכר במשק,,,ג'ינג'ר דל סוכר במשק,קילוגרמים,1.00,"ק""ג",true,,49.00,49.0000,true,1,34158
7290000093963,false,בננה צ'יפס במשקל,,,בננה צ'יפס במשקל,קילוגרמים,1.00,"ק""ג",true,,39.00,39.0000,true,1,34159
7290000093987,false,זיתי קלמטה מגולען גד,,,זיתי קלמטה מגולען גד,קילוגרמים,1.00,"ק""ג",true,,39.00,39.0000,true,1,34178
7290000093994,false,זיתי קלמטה עם חרצן ג,,,זיתי קלמטה עם חרצן ג,קילוגרמים,1.00,"ק""ג",true,,49.00,49.0000,true,1,34179
7290000094007,false,זית ירוק מבוקע ענק ב,,,זית ירוק מבוקע ענק ב,קילוגרמים,1.00,"ק""ג",true,,45.00,45.0000,true,1,34180
7290000094014,false,מיקס זיתים ירוק  שחו,,,מיקס זיתים ירוק  שחו,קילוגרמים,1.00,"ק""ג",true,,49.00,49.0000,true,1,34181
7290000094021,false,זית ירוק מבוקע במשקל,,,זית ירוק מבוקע במשקל,קילוגרמים,1.00,"ק""ג",true,,45.00,45.0000,true,1,34182
7290000094038,false,זיתי טסוס במשקל,,,זיתי טסוס במשקל,קילוגרמים,1.00,"ק""ג",true,,49.00,49.0000,true,1,34183
7290000094045,false,זית טבעי שחור מצומק,,,זית טבעי שחור מצומק,קילוגרמים,1.00,"ק""ג",true,,45.00,45.0000,true,1,34184
7290000094052,false,מיאסי תירס במשקל,,,מיאסי תירס במשקל,קילוגרמים,1.00,"ק""ג",true,,69.00,69.0000,true,1,34161
7290000094069,false,קריספי סויה במשקל,,,קריספי סויה במשקל,קילוגרמים,1.00,"ק""ג",true,,89.00,89.0000,true,1,34162
7290000094076,false,אלמנדוס במשקל,,,אלמנדוס במשקל,קילוגרמים,1.00,"ק""ג",true,,59.00,59.0000,true,1,34163
7290000094106,false,מלח לימון במשקל,,,מלח לימון במשקל,קילוגרמים,1.00,"ק""ג",true,,29.00,29.0000,true,1,34164
7290000094113,false,סודה לשתיה במשקל,,,סודה לשתיה במשקל,קילוגרמים,1.00,"ק""ג",true,,25.00,25.0000,true,1,34165
7290000094427,false,חטיף פלפל שחור במשקל,,,חטיף פלפל שחור במשקל,קילוגרמים,1.00,"ק""ג",true,,65.00,65.0000,true,1,26105
7290000095509,false,זית ענק ירוק מגולען,,,זית ענק ירוק מגולען,קילוגרמים,1.00,"ק""ג",true,,49.00,49.0000,true,1,34637
7290000095516,false,זית ענק ירוק שלם במש,,,זית ענק ירוק שלם במש,קילוגרמים,1.00,"ק""ג",true,,45.00,45.0000,true,1,34638
7290000096131,false,תוספת חגיגית לסלט במ,,,תוספת חגיגית לסלט במ,קילוגרמים,1.00,"ק""ג",true,,70.00,70.0000,true,1,34262
7290000096209,false,גרעיני אבטיח מחבת במ,,,גרעיני אבטיח מחבת במ,קילוגרמים,1.00,"ק""ג",true,,59.00,59.0000,true,1,34503
7290000096278,false,חרדל צהוב גרגרים במש,,,חרדל צהוב גרגרים במש,קילוגרמים,1.00,"ק""ג",true,,50.00,50.0000,true,1,34515
7290000096292,false,אבקת שום במשקל,,,אבקת שום במשקל,קילוגרמים,1.00,"ק""ג",true,,50.00,50.0000,true,1,34517
7290000097961,false,חמוציות שלמות ללא סו,,,חמוציות שלמות ללא סו,קילוגרמים,1.00,"ק""ג",true,,79.00,79.0000,true,1,34167
7290000097985,false,תבלין לבשר במשקל,,,תבלין לבשר במשקל,קילוגרמים,1.00,"ק""ג",true,,70.00,70.0000,true,1,34168
7290000097992,false,קוקוס טחון במשקל,,,קוקוס טחון במשקל,קילוגרמים,1.00,"ק""ג",true,,29.00,29.0000,true,1,34169
7290000098128,false,רביולי פלאפל במשקל,,,רביולי פלאפל במשקל,קילוגרמים,1.00,"ק""ג",true,,65.00,65.0000,true,1,26109
7290000098456,false,סנדביץ עובד,,,סנדביץ עובד,יח',1.00,יח',false,,2.00,2.0000,true,1,35695
7290000100029,false,פתיתי כרובית 800 גרם,"סנפרוסט בע""מ",IL,סנפרוסט,גרמים,800.00,100 גרם,false,,19.90,0.0249,true,1,27613
7290000100128,false,תות מוקפא 300 גרם,"סנפרוסט בע""מ",IL,סנפרוסט,גרמים,300.00,100 גרם,false,,12.90,0.0430,true,1,27618
7290000100135,false,דובדבן מוקפא 300 גרם,"סנפרוסט בע""מ",IL,סנפרוסט,גרמים,300.00,100 גרם,false,,12.90,0.0430,true,1,27619
7290000100296,false,שייק תות בננה,"סנפרוסט בע""מ",IL,סנפרוסט,גרמים,300.00,100 גרם,false,,12.90,0.0430,true,1,27627
7290000100593,false,פרוסות אנטיפסטי לתנו,"סנפרוסט בע""מ",IL,סנפרוסט,גרמים,600.00,100 גרם,false,,22.90,0.0382,true,1,27631
7290000101114,false,תרומה לבית אלמוג שיל,,,תרומה לבית אלמוג שיל,יח',1.00,יח',false,,10.00,10.0000,true,1,26114
7290000101132,false,לקט לחמין 800 גרם,"סנפרוסט בע""מ",IL,סנפרוסט,גרמים,800.00,100 גרם,false,,21.90,0.0274,true,1,27634
7290000101927,false,אוכמניות כחולות מוקפ,"סנפרוסט בע""מ",IL,סנפרוסט,גרמים,300.00,100 גרם,false,,12.90,0.0430,true,1,27637
7290000101934,false,מיקס פירות יער מוקפא,"סנפרוסט בע""מ",IL,סנפרוסט,גרמים,300.00,100 גרם,false,,12.90,0.0430,true,1,27638
7290000101941,false,אננס מוקפא 300 גרם,"סנפרוסט בע""מ",IL,סנפרוסט,גרמים,300.00,100 גרם,false,,12.90,0.0430,true,1,27639
7290000101958,false,מנגו מוקפא 300 גרם,"סנפרוסט בע""מ",IL,סנפרוסט,גרמים,300.00,100 גרם,false,,12.90,0.0430,true,1,27640
7290000103365,false,מרק ירקות סנפרוסט 55,"סנפרוסט בע""מ",IL,סנפרוסט,גרמים,550.00,100 גרם,false,,16.90,0.0307,true,1,27644
7290000103433,false,*מבצע* לקט ירקות לתנ,"סנפרוסט בע""מ",IL,סנפרוסט,גרמים,800.00,100 גרם,false,,16.90,0.0211,true,1,27648
7290000103471,false,מיני ברוקולי 600ג,"סנפרוסט בע""מ",IL,סנפרוסט,גרמים,600.00,100 גרם,false,,15.90,0.0265,true,1,27652
7290000103730,false,לקט להקפצה עם פסטה,"סנפרוסט בע""מ",IL,סנפרוסט,גרמים,800.00,100 גרם,false,,22.90,0.0286,true,1,27656
7290000103815,false,לקט להקפצה בסגנון,"סנפרוסט בע""מ",IL,סנפרוסט,גרמים,800.00,100 גרם,false,,22.90,0.0286,true,1,27658
7290000103846,false,מרק אפונה סנפרוסט 57,"סנפרוסט בע""מ",IL,סנפרוסט,גרמים,570.00,100 גרם,false,,16.90,0.0296,true,1,27661
7290000103860,false,מרק עדשים סנפרוסט 57,"סנפרוסט בע""מ",IL,סנפרוסט,גרמים,570.00,100 גרם,false,,16.90,0.0296,true,1,27662
7290000103877,false,מרק שעועית סנפרוסט 6,"סנפרוסט בע""מ",IL,סנפרוסט,גרמים,640.00,100 גרם,false,,16.90,0.0264,true,1,27663
7290000104072,false,עדשים ירוקות סנפרוסט,"סנפרוסט בע""מ",IL,סנפרוסט,גרמים,800.00,100 גרם,false,,19.90,0.0249,true,1,27664
7290000104188,false,שעועית אדומה סנפרוסט,"סנפרוסט בע""מ",IL,סנפרוסט,גרמים,800.00,100 גרם,false,,18.90,0.0236,true,1,27665
7290000104201,false,אפונה עדינה סנפרוסט,"סנפרוסט בע""מ",IL,סנפרוסט,גרמים,600.00,100 גרם,false,,16.90,0.0282,true,1,27666
7290000104218,false,במיה קפואה סנפרוסט,"סנפרוסט בע""מ",IL,סנפרוסט,גרמים,600.00,100 גרם,false,,15.90,0.0265,true,1,27667
7290000104683,false,שעועית שלמה סנפרוסט,"סנפרוסט בע""מ",IL,סנפרוסט,גרמים,800.00,100 גרם,false,,19.90,0.0249,true,1,27671
7290000104690,false,תירס קפוא,"סנפרוסט בע""מ",IL,סנפרוסט,גרמים,800.00,100 גרם,false,,17.90,0.0224,true,1,27672
7290000104706,false,גזר גמדי 800 גרם,"סנפרוסט בע""מ",IL,סנפרוסט,גרמים,800.00,100 גרם,false,,16.90,0.0211,true,1,27673
7290000104713,false,*מבצע* פול ירוק 800,"סנפרוסט בע""מ",IL,סנפרוסט,גרמים,800.00,100 גרם,false,,20.90,0.0261,true,1,27674
7290000104720,false,שעועית ירוקה חתוכה ס,"סנפרוסט בע""מ",IL,סנפרוסט,גרמים,800.00,100 גרם,false,,17.90,0.0224,true,1,27675
7290000104737,false,שעועית צהובה חתוכה,"סנפרוסט בע""מ",IL,סנפרוסט,גרמים,800.00,100 גרם,false,,17.90,0.0224,true,1,27676
7290000104744,false,כרובית סנפרוסט,"סנפרוסט בע""מ",IL,סנפרוסט,גרמים,800.00,100 גרם,false,,23.90,0.0299,true,1,27677
7290000104768,false,*מבצע* תרד עלים 800,"סנפרוסט בע""מ",IL,סנפרוסט,גרמים,800.00,100 גרם,false,,19.90,0.0249,true,1,27679
7290000104775,false,תרד מדליונים,"סנפרוסט בע""מ",IL,סנפרוסט,גרמים,800.00,100 גרם,false,,23.90,0.0299,true,1,27680
7290000104799,false,*מבצע* שעועית לבנה ס,"סנפרוסט בע""מ",IL,סנפרוסט,גרמים,800.00,100 גרם,false,,14.90,0.0186,true,1,27681
7290000104805,false,גרגירי חומוס,"סנפרוסט בע""מ",IL,סנפרוסט,גרמים,800.00,100 גרם,false,,18.90,0.0236,true,1,27682
7290000104829,false,תירס קלחונים,"סנפרוסט בע""מ",IL,סנפרוסט,קילוגרמים,1.00,"ק""ג",false,,19.90,19.9000,true,1,27683
7290000104836,false,שעועית עדינה ירוקה,"סנפרוסט בע""מ",IL,סנפרוסט,גרמים,600.00,100 גרם,false,,19.90,0.0332,true,1,27684
7290000104874,false,*מבצע* לקט לקוסקוס,"סנפרוסט בע""מ",IL,סנפרוסט,גרמים,800.00,100 גרם,false,,16.90,0.0211,true,1,27685
7290000104881,false,אפונה וגזר 800 גר,"סנפרוסט בע""מ",IL,סנפרוסט,גרמים,800.00,100 גרם,false,,14.90,0.0186,true,1,27686
7290000104911,false,*מבצע* לקט נורמנדי 8,"סנפרוסט בע""מ",IL,סנפרוסט,גרמים,800.00,100 גרם,false,,16.90,0.0211,true,1,27688
7290000106175,false,"לקט כפרי 2 ק""ג","סנפרוסט בע""מ",IL,סנפרוסט,קילוגרמים,2.00,"ק""ג",false,,38.90,19.4500,true,1,27690
7290000106526,false,חגיגה ירוקה להקפצה 8,"סנפרוסט בע""מ",IL,סנפרוסט,גרמים,800.00,100 גרם,false,,22.90,0.0286,true,1,27691
7290000107189,false,תחתיות ארטישוק 400 ג,"סנפרוסט בע""מ",IL,סנפרוסט,גרמים,400.00,100 גרם,false,,20.90,0.0522,true,1,27694
7290000107295,false,ברוקולי תפרחת 800 גר,"סנפרוסט בע""מ",IL,סנפרוסט,גרמים,800.00,100 גרם,false,,24.90,0.0311,true,1,27695
7290000107615,false,מנה אסייתית סנפרוסט,"סנפרוסט בע""מ",IL,סנפרוסט,גרמים,800.00,100 גרם,false,,22.90,0.0286,true,1,27696
7290000107622,false,פסטה וירקות סנפרוסט,"סנפרוסט בע""מ",IL,סנפרוסט,גרמים,800.00,100 גרם,false,,22.90,0.0286,true,1,27697
7290000110844,false,כיפלי גריל,אתר שפע - Food,IL,TELMA,גרמים,70.00,100 גרם,false,,4.90,0.0700,true,1,20178
7290000111224,false,פאל מאל כחול בודד,BAT,TR,פאל מאל,יח',20.00,יח',false,,29.60,1.4800,true,1,29963
7290000111226,false,פאל מאל אדום ארוך בו,BAT,TR,פאל מאל,יח',20.00,יח',false,,29.60,1.4800,true,1,29965
7290000111229,false,נקסט אורגינל בודד,פיליפ מוריס,TR,NEXT,יח',20.00,יח',false,,29.60,1.4800,true,1,29968
7290000111230,false,נקסט פיין טייסט בודד,פיליפ מוריס,TR,NEXT,יח',20.00,יח',false,,29.60,1.4800,true,1,29969
7290000111231,false,נקסט פיין טייסט 100,פיליפ מוריס,TR,NEXT,יח',20.00,יח',false,,29.60,1.4800,true,1,29970
7290000111233,false,נקסט ריסס קצר בודד,פיליפ מוריס,TR,NEXT,יח',20.00,יח',false,,29.60,1.4800,true,1,29972
7290000111235,false,מרלבורו גולד קצר בוד,פיליפ מוריס,TR,Marlboro,יח',20.00,יח',false,,35.10,1.7550,true,1,29974
7290000111236,false,מרלבורו רד קצר בודד,פיליפ מוריס,TR,Marlboro,יח',20.00,יח',false,,35.10,1.7550,true,1,29975
7290000111239,false,מרלבורו גולד 100 בוד,פיליפ מוריס,TR,Marlboro,יח',20.00,יח',false,,35.10,1.7550,true,1,29978
7290000111241,false,וינסטון כחול בודד,JTI,CH,winston,יח',20.00,יח',false,,32.90,1.6450,true,1,29980
7290000111244,false,וינסטון קוד בודד,JTI,CH,winston,יח',20.00,יח',false,,30.70,1.5350,true,1,29983
7290000111246,false,ל.מ בלו קצר,פיליפ מוריס,TR,l&m,יח',20.00,יח',false,,30.70,1.5350,true,1,29985
7290000111247,false,ל.מ רד קצר בודד,פיליפ מוריס,TR,l&m,יח',20.00,יח',false,,30.70,1.5350,true,1,29986
7290000111248,false,ל.מ בלו ארוך בודד,פיליפ מוריס,TR,l&m,יח',20.00,יח',false,,30.70,1.5350,true,1,29987
7290000111252,false,פרלמנט קצר בודד,פיליפ מוריס,TR,Parliament,יח',20.00,יח',false,,40.60,2.0300,true,1,29991
7290000111256,false,פאל מאל כחול ארוך,BAT,TR,פאל מאל,יח',20.00,יח',false,,29.60,1.4800,true,1,29994
7290000111262,false,סיגריות כאמל בודד,JTI,CH,כאמל,יח',20.00,יח',false,,30.70,1.5350,true,1,29999
7290000111263,false,כאמל כחול בודד,JTI,CH,כאמל,יח',20.00,יח',false,,30.70,1.5350,true,1,30000
7290000111264,false,סיגריות אירופה בודד,דובק,IL,אירופה,יח',20.00,יח',false,,29.60,1.4800,true,1,30001
7290000111266,false,סיגריות גולף בודד,דובק,IL,גולף,יח',20.00,יח',false,,30.70,1.5350,true,1,30003
7290000111267,false,גולף ארוך סילבר בודד,דובק,IL,גולף,יח',20.00,יח',false,,30.70,1.5350,true,1,30004
7290000111271,false,אל די כחול בודד,JTI,TR,אל די,יח',20.00,יח',false,,27.50,1.3750,true,1,30008
7290000111272,false,אל די אדום בודד,JTI,TR,אל די,יח',20.00,יח',false,,27.50,1.3750,true,1,30009
7290000111273,false,ל.מ קפסולה,פיליפ מוריס,TR,l&m,יח',20.00,יח',false,,30.70,1.5350,true,1,30010
7290000111275,false,סיגריות מוסטנג בודד,דובק,IL,מוסטנג,יח',20.00,יח',false,,25.30,1.2650,true,1,30012
7290000111276,false,סיגריות מונטנה בודד,דובק,IL,מונטנה,יח',20.00,יח',false,,30.70,1.5350,true,1,30013
7290000111277,false,אל די ארוך בודד,JTI,TR,אל די,יח',20.00,יח',false,,27.50,1.3750,true,1,30014
7290000111279,false,"מרלבורו טאץ' 5 מ""ג",פיליפ מוריס,TR,Marlboro,גרמים,5.00,100 גרם,false,,30.70,6.1400,true,1,30015
7290000111291,false,סיגריות כאמל צהוב סו,JTI,CH,כאמל,יח',20.00,יח',false,,30.70,1.5350,true,1,30026
7290000111296,false,ל.מ וייב סלימס,פיליפ מוריס,TR,l&m,יח',20.00,יח',false,,30.70,1.5350,true,1,30030
7290000111384,false,חרדל תלמה 550גר' 12X,אתר חיפה ממרחים - Fo,IL,TELMA,גרמים,550.00,100 גרם,false,,7.50,0.0136,true,1,20186
7290000112220,false,טחינה בארכה 500 גרם,,,טחינה בארכה 500 גרם,גרמים,500.00,100 גרם,false,,13.90,0.0278,true,1,4440
7290000112497,false,מרק עשיר עוף עם אטרי,אתר חיפה אבקות - Foo,IL,KNORR,גרמים,68.00,100 גרם,false,,9.90,0.1456,true,1,20188
7290000112619,false,*מבצע* קנור עוף אמית,אתר חיפה אבקות - Foo,IL,KNORR,גרמים,400.00,100 גרם,false,,16.90,0.0422,true,1,20191
7290000116204,false,"*מבצע* דגש ט.עוף בד""",אתר חיפה אבקות - Foo,IL,KNORR,קילוגרמים,1.00,"ק""ג",false,,14.90,14.9000,true,1,20200
7290000116884,false,קנור ברביקיו מופחת נ,אתר חיפה  778 - Food,IL,KNORR,מיליליטרים,300.00,"100 מ""ל",false,,9.90,0.0330,true,1,20201
7290000117171,false,קנור מ.ט.עוף דל קל ב,יוניליוור,IL,KNORR,גרמים,48.00,100 גרם,false,,6.50,0.1354,true,1,20205
7290000117720,false,נמס בכוס פטריות 43ג,אתר חיפה אבקות - Foo,IL,KNORR,גרמים,43.00,100 גרם,false,,6.50,0.1512,true,1,20209
7290000118277,false,קנור קניידל 12*130גר,אתר חיפה אבקות - Foo,IL,KNORR,גרמים,130.00,100 גרם,false,,8.90,0.0685,true,1,20211
7290000120836,false,הלמנס מיונז אמיתי 39,"יונילוור ארה""ב - HPC",US,HELLMANNS,גרמים,394.00,100 גרם,false,,11.90,0.0302,true,1,20218
7290000120874,false,הלמנ'ס לייט 424גר',"יונילוור ארה""ב - HPC",US,HELLMANNS,גרמים,424.00,100 גרם,false,,11.90,0.0281,true,1,20219
7290000121031,false,גבינה מותכת למריחה ה,שלושת האופים,IL,מון בלאן,גרמים,120.00,100 גרם,false,,8.90,0.0742,true,1,15001
7290000121079,false,מון-בלאן שום ושמ,שלושת האופים,IL,מון בלאן,גרמים,120.00,100 גרם,false,,8.90,0.0742,true,1,15003
7290000121093,false,מון-בלאן שווצרית 120,שלושת האופים,IL,מון בלאן,גרמים,120.00,100 גרם,false,,8.90,0.0742,true,1,15004
7290000121109,false,מון-בלאן עם זיתי,שלושת האופים,IL,מון בלאן,גרמים,120.00,100 גרם,false,,8.90,0.0742,true,1,15005
7290000121154,false,מון בלאן סלומון,שלושת האופים,IL,מון בלאן,גרמים,120.00,100 גרם,false,,8.90,0.0742,true,1,15006
7290000122830,false,רוטב סצ'ואן בקבוק 37,אתר חיפה  778 - Food,IL,KNORR,מיליליטרים,300.00,"100 מ""ל",false,,9.90,0.0330,true,1,20229
7290000123363,false,צמקאו 500גר'12X,אתר צפת ממרחים וצימא,IL,EFICOL,גרמים,500.00,100 גרם,false,,10.50,0.0210,true,1,20230
7290000125251,false,בדין לכביסה ביד 2 לי,אתר ליוור - HPC,IL,BADIN,ליטרים,2.00,ליטר,false,,22.90,11.4500,true,1,20233
7290000129457,false,קנור רוטב פטריות באב,אתר חיפה אבקות - Foo,IL,KNORR,גרמים,28.00,100 גרם,false,,3.90,0.1393,true,1,20240
7290000129785,false,מרכך כביסה בדין ירוק,אתר ליוור - HPC,IL,BADIN,ליטרים,4.00,ליטר,false,,19.90,4.9750,true,1,20241
7290000133645,false,אורביטול שלישיה,טרופיקל דגיל קוסמטיק,IL,אורביטול,גרמים,435.00,100 גרם,false,,15.90,0.0366,true,1,9258
7290000133904,false,דאופרש פסיפלורה,סנו,IL,דואופרש,מיליליטרים,300.00,"100 מ""ל",false,,10.90,0.0363,true,1,9261
7290000134147,false,מוסקט טחון 40 גרם מי,"תבליני טעם וריח בע""מ",IL,"תבליני טעם וריח בע""מ",גרמים,40.00,100 גרם,false,,12.90,0.3225,true,1,25065
7290000134307,false,קינמון טחון שקית 50,"תבליני טעם וריח בע""מ",IL,"תבליני טעם וריח בע""מ",גרמים,50.00,100 גרם,false,,5.90,0.1180,true,1,25066
7290000134314,false,תבלין לפיצה 120 גרם,"תבליני טעם וריח בע""מ",IL,"תבליני טעם וריח בע""מ",גרמים,120.00,100 גרם,false,,9.90,0.0825,true,1,25067
7290000134338,false,שום אבקה 90 גרם מיכל,"תבליני טעם וריח בע""מ",IL,"תבליני טעם וריח בע""מ",גרמים,90.00,100 גרם,false,,9.90,0.1100,true,1,25068
7290000134352,false,קינמון טחון 90 גרם מ,"תבליני טעם וריח בע""מ",IL,"תבליני טעם וריח בע""מ",גרמים,80.00,100 גרם,false,,9.90,0.1238,true,1,25069
7290000134376,false,פפריקה בשמן 90 גר מי,"תבליני טעם וריח בע""מ",IL,"תבליני טעם וריח בע""מ",גרמים,90.00,100 גרם,false,,9.90,0.1100,true,1,25070
7290000134550,false,עלי דפנה בשקית 12 יח,"תבליני טעם וריח בע""מ",IL,"תבליני טעם וריח בע""מ",גרמים,20.00,100 גרם,false,,5.90,0.2950,true,1,25071
7290000134673,false,ג'ינג'ר טחון (זנגביל,"תבליני טעם וריח בע""מ",IL,"תבליני טעם וריח בע""מ",גרמים,30.00,100 גרם,false,,6.90,0.2300,true,1,25072
7290000134826,false,זעתר 100 גרם מיכל גד,"תבליני טעם וריח בע""מ",IL,"תבליני טעם וריח בע""מ",גרמים,100.00,100 גרם,false,,9.90,0.0990,true,1,25074
7290000134833,false,כמון 100 גרם מיכל גד,"תבליני טעם וריח בע""מ",IL,"תבליני טעם וריח בע""מ",גרמים,100.00,100 גרם,false,,9.90,0.0990,true,1,25075
7290000134840,false,כורכום 100 גרם מיכל,"תבליני טעם וריח בע""מ",IL,"תבליני טעם וריח בע""מ",גרמים,100.00,100 גרם,false,,9.90,0.0990,true,1,25076
7290000134857,false,פפריקה מתוקה 100 גרם,"תבליני טעם וריח בע""מ",IL,"תבליני טעם וריח בע""מ",גרמים,100.00,100 גרם,false,,9.90,0.0990,true,1,25077
7290000134864,false,פפריקה חריפה 100 גרם,"תבליני טעם וריח בע""מ",IL,"תבליני טעם וריח בע""מ",גרמים,100.00,100 גרם,false,,9.90,0.0990,true,1,25078
7290000134871,false,פלפל שחור טחון 100 ג,"תבליני טעם וריח בע""מ",IL,"תבליני טעם וריח בע""מ",גרמים,90.00,100 גרם,false,,12.90,0.1433,true,1,25079
7290000134970,false,חוואיג' 100 גרם מיכל,"תבליני טעם וריח בע""מ",IL,"תבליני טעם וריח בע""מ",גרמים,100.00,100 גרם,false,,9.90,0.0990,true,1,25080
7290000134987,false,פלפל שחור גרוס 90גר,"תבליני טעם וריח בע""מ",IL,"תבליני טעם וריח בע""מ",גרמים,90.00,100 גרם,false,,12.90,0.1433,true,1,25081
7290000135052,false,אקס אל מנגו משקה אנר,טמפו,IL,XL,מיליליטרים,250.00,"100 מ""ל",false,,3.80,0.0152,true,1,12448
7290000135311,false,פפסי מקס ליים 1.5 לי,טמפו,IL,פפסי מקס,ליטרים,1.50,ליטר,false,,6.90,4.6000,true,1,12454
7290000135465,false,"*מבצע* סודה 500 מ""ל",טמפו,IL,"*מבצע* סודה 500 מ""ל",ליטרים,6.00,ליטר,false,,24.90,4.1500,true,1,34352
7290000135595,false,פפסי מקס דובדבן 1.5,טמפו,IL,פפסי מקס דובדבן 1.5,ליטרים,1.50,ליטר,false,,6.90,4.6000,true,1,41168
7290000136141,false,פפסי קולה 1.5 ליטר,טמפו,IL,פפסי קולה 1.5 ליטר,ליטרים,1.50,ליטר,false,,7.40,4.9333,true,1,36085
7290000136158,false,פפסי מקס 1.5 ליטר,טמפו,IL,פפסי מקס 1.5 ליטר,ליטרים,1.50,ליטר,false,,6.90,4.6000,true,1,36091
7290000136165,false,מירנדה  1.5 ליטר,טמפו,IL,מירנדה  1.5 ליטר,ליטרים,1.50,ליטר,false,,7.40,4.9333,true,1,36086
7290000136172,false,סבן אפ 1.5 ליטר,טמפו,IL,סבן אפ 1.5 ליטר,ליטרים,1.50,ליטר,false,,7.40,4.9333,true,1,36087
7290000136189,false,סבן אפ דיאט 1.5 ליטר,טמפו,IL,סבן אפ דיאט 1.5 ליטר,ליטרים,1.50,ליטר,false,,7.40,4.9333,true,1,36088
7290000136240,false,סודה 1.5 ליטר,טמפו,IL,סודה 1.5 ליטר,ליטרים,1.50,ליטר,false,,2.90,1.9333,true,1,36079
7290000136264,false,מי טוניק 1.5 ליטר,טמפו,IL,מי טוניק 1.5 ליטר,ליטרים,1.50,ליטר,false,,8.90,5.9333,true,1,36057
7290000136288,false,ג'ויסר סירופ בטעם תפ,טמפו,IL,סיידר,מיליליטרים,330.00,"100 מ""ל",false,,11.90,0.0361,true,1,41922
7290000136295,false,ג'ויסר סירופ בטעם פט,טמפו,IL,סיידר,מיליליטרים,330.00,"100 מ""ל",false,,11.90,0.0361,true,1,41923
7290000136301,false,ג'ויסר סירופ בטעם ענ,טמפו,IL,סיידר,מיליליטרים,330.00,"100 מ""ל",false,,11.90,0.0361,true,1,41924
7290000136455,false,ג'אמפ אשכוליות 1.5 ל,טמפו,IL,ג'אמפ,ליטרים,1.50,ליטר,false,,7.50,5.0000,true,1,36065
7290000136516,false,ג'אמפ מנגו 1.5 ליטר,טמפו,IL,ג'אמפ,ליטרים,1.50,ליטר,false,,7.50,5.0000,true,1,36067
7290000136523,false,ג'אמפ ענבים 1.5 ליטר,טמפו,IL,ג'אמפ,ליטרים,1.50,ליטר,false,,7.50,5.0000,true,1,36068
7290000136561,false,ג'אמפ תות בננה 1.5 ל,טמפו,IL,ג'אמפ,ליטרים,1.50,ליטר,false,,7.50,5.0000,true,1,36069
7290000136646,false,נשר מאלט 1.5 ליטר,טמפו,IL,נשר מאלט 1.5 ליטר,ליטרים,1.50,ליטר,false,,8.90,5.9333,true,1,36058
7290000136653,false,נשר מאלט  דיאט 1.5 ל,טמפו,IL,נשר מאלט  דיאט 1.5 ל,ליטרים,1.50,ליטר,false,,8.90,5.9333,true,1,36059
7290000136776,false,פפסי מקס שישייה 1.5,טמפו,IL,פפסי מקס שישייה 1.5,ליטרים,9.00,ליטר,false,,35.90,3.9889,true,1,36090
7290000136790,false,סודה 1.5 ליטר שישייה,טמפו,IL,סודה 1.5 ליטר שישייה,ליטרים,9.00,ליטר,false,,16.70,1.8556,true,1,36080
7290000136844,false,אקווה נובה שישייה 2,טמפו,IL,אקווה נובה,ליטרים,12.00,ליטר,false,,11.30,0.9417,true,1,36060
7290000136868,false,סאן בנדטו שישייה 1.5,טמפו,IL,סאן בנדטו,ליטרים,9.00,ליטר,false,,18.90,2.1000,true,1,36061
7290000136875,false,סאן בנדטו  מוגז שישי,טמפו,IL,סאן בנדטו,ליטרים,9.00,ליטר,false,,18.90,2.1000,true,1,36062
7290000137513,false,גלידונית בטעם וניל ב,גלידות שטראוס,IL,קרמיסימו,מיליליטרים,950.00,"100 מ""ל",false,,49.90,0.0525,true,1,7720
7290000137643,false,מאגדת טעמקור באריזה,גלידות שטראוס,IL,שטראוס,גרמים,400.00,100 גרם,false,,37.90,0.0947,true,1,7721
7290000139227,false,דגן תירס תפוח ומתוק,אשבול,IL,אשבול,גרמים,150.00,100 גרם,false,,7.90,0.0527,true,1,36208
7290000143194,false,שמפו + מרכך לשיער רג,טרופיקל דגיל קוסמטיק,IL,הוואי,מיליליטרים,700.00,"100 מ""ל",false,,10.90,0.0156,true,1,5768
7290000144160,false,*מבצע* שמן זית כתית,שמן תעשיות,IL,עץ הזית,מיליליטרים,750.00,"100 מ""ל",false,,29.90,0.0399,true,1,19714
7290000144467,false,*מבצע* שמן חמניות בר,שמן תעשיות,IL,עץ הזית,ליטרים,1.00,ליטר,false,,13.90,13.9000,true,1,19715
7290000144474,false,שמן קנולה בריאות מהט,שמן תעשיות,IL,עץ הזית,ליטרים,1.00,ליטר,false,,15.90,15.9000,true,1,19716
7290000146928,false,טום וג'רי משחת שיניי,טרופיקל דגיל קוסמטיק,IL,טום וגרי,מיליליטרים,50.00,"100 מ""ל",false,,9.90,0.1980,true,1,5781
7290000146997,false,טום וג'רי משחת שיניי,טרופיקל דגיל קוסמטיק,IL,טום וגרי,מיליליטרים,50.00,"100 מ""ל",false,,9.90,0.1980,true,1,5782
7290000148380,false,*מבצע* פיסטוק קלית ג,"ג'י אנד ג'י בע""מ",IL,קליית גת,גרמים,200.00,100 גרם,false,,15.90,0.0795,true,1,13793
7290000148489,false,גרעיני דלעת,"ג'י אנד ג'י בע""מ",IL,קליית גת,גרמים,200.00,100 גרם,false,,8.90,0.0445,true,1,13794
7290000148618,false,*מבצע* קשיו מטוגן,"ג'י אנד ג'י בע""מ",IL,קליית גת,גרמים,200.00,100 גרם,false,,15.90,0.0795,true,1,13795
7290000148748,false,גרעיני חמניה,"ג'י אנד ג'י בע""מ",IL,קליית גת,גרמים,200.00,100 גרם,false,,5.90,0.0295,true,1,13796
7290000148939,false,שקד קלוי קליית גת,"ג'י אנד ג'י בע""מ",IL,קליית גת,גרמים,200.00,100 גרם,false,,16.90,0.0845,true,1,13797
7290000149615,false,סבון נקה מוצק רביעיה,"גליל כימיכלים בע""מ",IL,נקה 7,גרמים,400.00,100 גרם,false,,10.90,0.0273,true,1,9262
7290000149851,false,סינטבון כפול,סנו,IL,סינטבון,גרמים,460.00,100 גרם,false,,9.50,0.0207,true,1,9263
7290000149905,false,טקסטיל שמפו נוזל,סנו,IL,טקסטיל,ליטרים,1.00,ליטר,false,,13.90,13.9000,true,1,9264
7290000150352,false,פסטרמה איטלקית,עוף טוב,IL,עוף טוב,קילוגרמים,1.00,"ק""ג",true,,65.00,65.0000,true,1,4195
7290000150956,false,עוף טוב מקלוני קבנוס,,,עוף טוב מקלוני קבנוס,גרמים,160.00,100 גרם,false,,9.90,0.0619,true,1,4443
7290000151106,false,פסטרמה אמריקאית,עוף טוב,IL,עוף טוב,קילוגרמים,1.00,"ק""ג",true,,65.00,65.0000,true,1,4202
7290000152943,false,סלמי+פסטרמה 350 גרם,עוף טוב,IL,עוף טוב,גרמים,700.00,100 גרם,false,,22.90,0.0327,true,1,4453
7290000158105,false,*מבצע* שניצל עוף מינ,עוף טוב,IL,עוף טוב,גרמים,700.00,100 גרם,false,,24.90,0.0356,true,1,4463
7290000166605,false,*מבצע* סיף כללי 4 ל,אתר ליוור - HPC,IL,CIF,ליטרים,4.00,ליטר,false,,17.90,4.4750,true,1,20274
7290000168173,false,ברנפלקס קרנצים 375,אתר שפע - Food,IL,TELMA,גרמים,375.00,100 גרם,false,,19.90,0.0531,true,1,20283
7290000169538,false,נמס בכוס עגבניות 62ג,אתר חיפה אבקות - Foo,IL,KNORR,גרמים,17.00,100 גרם,false,,6.50,0.3824,true,1,20298
7290000169798,false,עוגי מופחת סוכר 500,אתר שפע - Food,IL,TELMA,גרמים,500.00,100 גרם,false,,19.90,0.0398,true,1,20299
7290000174723,false,שוקולית בקופסא 500 ג,שטראוס גרופ,IL,עלית,גרמים,500.00,100 גרם,false,,11.90,0.0238,true,1,15882
7290000176062,false,קפה טורקי 100 גרם,שטראוס גרופ,IL,עלית,גרמים,100.00,100 גרם,false,,8.90,0.0890,true,1,15884
7290000176079,false,קפה עם הל,שטראוס גרופ,IL,עלית,גרמים,100.00,100 גרם,false,,8.90,0.0890,true,1,15885
7290000176116,false,"קפה טורקי 1 ק""ג",שטראוס גרופ,IL,עלית,קילוגרמים,1.00,"ק""ג",false,,76.90,76.9000,true,1,15887
7290000176147,false,מוקה פילטר בריק 500,ELITE CAFE SP. ZO.O,PL,עלית,גרמים,500.00,100 גרם,false,,49.90,0.0998,true,1,15888
7290000176413,false,קפה נמס 50 גרם,שטראוס גרופ,IL,עלית,גרמים,50.00,100 גרם,false,,8.90,0.1780,true,1,15890
7290000176420,false,קפה נמס עלית 200  גר,שטראוס גרופ,IL,עלית,גרמים,200.00,100 גרם,false,,18.90,0.0945,true,1,15891
7290000176468,false,קפה נמס האג,שטראוס גרופ,IL,האג,גרמים,50.00,100 גרם,false,,10.90,0.2180,true,1,15892
7290000176475,false,קפה האג נמס 200,שטראוס גרופ,IL,האג,גרמים,200.00,100 גרם,false,,34.90,0.1745,true,1,15893
7290000178707,false,תפוציפס 50 גר,שטראוס פריטו ליי (מל,IL,עלית,גרמים,50.00,100 גרם,false,,3.50,0.0700,true,1,16808
7290000178721,false,תפוציפס 200 גר,שטראוס פריטו ליי (מל,IL,עלית,גרמים,200.00,100 גרם,false,,9.90,0.0495,true,1,16809
7290000185330,false,*מבצע* סילאן טבעי תמ,טעמי הגליל,IL,*מבצע* סילאן טבעי תמ,גרמים,900.00,100 גרם,false,,21.90,0.0243,true,1,39822
7290000185590,false,*מבצע* סילאן טבעי בב,חצר כינרת מוצרי תמר,IL,*מבצע* סילאן טבעי בב,גרמים,635.00,100 גרם,false,,17.90,0.0282,true,1,19813
7290000186030,false,רביעיית מגבוני האגיס,קימברלי קלארק,GB,האגיס,יח',224.00,יח',false,,24.90,0.1112,true,1,11784
7290000186535,false,לילי טריו לבן 32 גלי,חוגלה קימברלי,IL,לילי,מטרים,537.00,מטר,false,,38.90,0.0724,true,1,11786
7290000186931,false,סקוטש ניקול חתוך 12,UFO,US,ניקול,יח',12.00,יח',false,,9.90,0.8250,true,1,11787
7290000187952,false,לילי טריו 32 גלילים,חוגלה קימברלי,IL,לילי,מטרים,537.00,מטר,false,,38.90,0.0724,true,1,11792
7290000188355,false,מגבות נייר ניקול שיש,חוגלה קימברלי,IL,ניקול,מטרים,64.80,מטר,false,,10.90,0.1682,true,1,11794
7290000188591,false,מגן תחתון קוטקס יאנג,KC China,CN,קוטקס,יח',60.00,יח',false,,15.90,0.2650,true,1,11800
7290000189079,false,תבניות אינגליש 6 יח,בראבו,CN,ניקול,יח',6.00,יח',false,,9.90,1.6500,true,1,11804
7290000189116,false,תבניות עגולות 5 יח נ,בראבו,CN,ניקול,יח',5.00,יח',false,,9.90,1.9800,true,1,11805
7290000189215,false,מטלית מיקרופייבר לרצ,סידורסקי,CN,מטלית מיקרופייבר לרצ,יח',1.00,יח',false,,9.90,9.9000,true,1,41434
7290000189482,false,תבנית קרטון מרובעת.,דוקארט,IL,ניקול,יח',4.00,יח',false,,9.90,2.4750,true,1,11812
7290000189499,false,תבנית קרטון עגולה,דוקארט,IL,ניקול,יח',3.00,יח',false,,9.90,3.3000,true,1,11813
7290000189598,false,מטליות לחות לניקוי כ,על בד,IL,ניקול,יח',50.00,יח',false,,9.90,0.1980,true,1,11817
7290000189734,false,מטליות לחות לפרקט,על בד,IL,ניקול,יח',10.00,יח',false,,11.90,1.1900,true,1,11820
7290000190150,false,מפיות ניקול מודפס 20,,,מפיות ניקול מודפס 20,יח',20.00,יח',false,,5.90,0.2950,true,1,11825
7290000190198,false,מטליות לחות לניקוי נ,על בד,IL,ניקול,יח',50.00,יח',false,,9.90,0.1980,true,1,11827
7290000191225,false,האגיס ליטל ביייביס ש,חוגלה קימברלי,IL,האגיס,יח',44.00,יח',false,,29.90,0.6795,true,1,11831
7290000193014,false,אינטרלוד פדיות,Ontex,CZ,אינטרלוד,יח',50.00,יח',false,,9.90,0.1980,true,1,11840
7290000193076,false,מטליות לרצפה ניקול ש,עופרטקס,IL,ניקול,יח',3.00,יח',false,,9.90,3.3000,true,1,11841
7290000193083,false,נובה לי גמבו 28 יח,Ontex,CZ,נובה לי,יח',28.00,יח',false,,9.90,0.3536,true,1,11842
7290000193205,false,לילי נטורל לילה,Ontex,BE,לילי נטורל,יח',20.00,יח',false,,15.90,0.7950,true,1,11843
7290000193472,false,מגן תחתון לילי,,,מגן תחתון לילי,יח',62.00,יח',false,,15.90,0.2565,true,1,11844
7290000193540,false,לילי פדיות,,,לילי פדיות,יח',52.00,יח',false,,15.90,0.3058,true,1,11845
7290000193618,false,מגן תחתון לילי,,,מגן תחתון לילי,יח',62.00,יח',false,,15.90,0.2565,true,1,11846
7290000193649,false,לילי תחבושת בודד,,,לילי תחבושת בודד,יח',24.00,יח',false,,15.90,0.6625,true,1,11847
7290000193656,false,לילי תחבושת בודד,,,לילי תחבושת בודד,יח',24.00,יח',false,,15.90,0.6625,true,1,11848
7290000193793,false,לילי נטורל נורמל,Ontex,BE,לילי נטורל,יח',20.00,יח',false,,15.90,0.7950,true,1,11850
7290000196039,false,מפות ניקול זוג,דיספובד,IL,ניקול,יח',2.00,יח',false,,9.90,4.9500,true,1,11859
7290000197012,false,שקיות ריץ רץ קטנות ע,קילת,IL,ניקול,יח',15.00,יח',false,,12.90,0.8600,true,1,11862
7290000197029,false,שקיות ריץ רץ לאחסון,קילת,IL,ניקול,יח',12.00,יח',false,,12.90,1.0750,true,1,11863
7290000197425,false,האגיס פרידום דריי של,,,האגיס פרידום דריי שלב 3,יח',52.00,יח',false,,41.90,0.8058,true,1,11873
7290000197456,false,האגיס פרידום דריי של,,,האגיס פרידום דריי שלב 4,יח',44.00,יח',false,,41.90,0.9523,true,1,11875
7290000197463,false,האגיס פרידום דריי של,,,האגיס פרידום דריי שלב +4,יח',40.00,יח',false,,41.90,1.0475,true,1,11876
7290000197470,false,שקיות רב שימושי,"אשפלסט תעשיות בע""מ",IL,ניקול,יח',250.00,יח',false,,13.90,0.0556,true,1,11877
7290000197548,false,האגיס פרידום דריי של,,,האגיס פרידום דריי שלב 5,יח',36.00,יח',false,,41.90,1.1639,true,1,11878
7290000197678,false,האגיס פרידום דריי של,,,האגיס פרידום דריי שלב 6,יח',30.00,יח',false,,41.90,1.3967,true,1,11880
7290000201832,false,טיטולים פרימיום שלב,,,טיטולים פרימיום שלב 3 52,יח',50.00,יח',false,,29.90,0.5980,true,1,11891
7290000201849,false,טיטולים פרימיום שלב,,,טיטולים פרימיום שלב 4 42,יח',40.00,יח',false,,29.90,0.7475,true,1,11892
7290000201856,false,טיטולים פרימיום שלב,,,טיטולים פרימיום שלב 4+ 40,יח',38.00,יח',false,,29.90,0.7868,true,1,11893
7290000201863,false,טיטולים פרימיום שלב,,,טיטולים פרימיום שלב 5 36,יח',34.00,יח',false,,29.90,0.8794,true,1,11894
7290000201870,false,טיטולים פרימיום שלב,,,טיטולים פרימיום שלב 6 34,יח',30.00,יח',false,,29.90,0.9967,true,1,11895
7290000204147,false,כרית יפנית רביעיה,פלסטו פוליש,IL,ניקול,יח',4.00,יח',false,,9.90,2.4750,true,1,11899
7290000204215,false,כרית יפנית ניקול שיש,פלסטו פוליש,IL,ניקול,יח',8.00,יח',false,,9.90,1.2375,true,1,11900
7290000204253,false,מטליות ניקול תשיעיה,נועם אורים תעשיות בע,IL,ניקול,יח',9.00,יח',false,,9.90,1.1000,true,1,11902
7290000204307,false,ניקול מטליות בגליל,נועם אורים תעשיות בע,IL,ניקול,יח',40.00,יח',false,,20.90,0.5225,true,1,11903
7290000204512,false,מטליות לחות לרצפה בר,על בד,IL,ניקול,יח',10.00,יח',false,,9.90,0.9900,true,1,11904
7290000204611,false,ספוגית הקסם שישיה,UFO,US,ניקול,יח',6.00,יח',false,,9.90,1.6500,true,1,11905
7290000205069,false,לחמניות יאמיס 8 יח',,IL,לחמניות יאמיס 8 יח',יח',8.00,יח',false,,13.90,1.7375,true,1,41686
7290000205076,false,מבצע מאפים במשקל,,,מבצע מאפים במשקל,קילוגרמים,1.00,"ק""ג",true,,29.00,29.0000,true,1,41858
7290000205762,false,האגיס אקסטרה קייר מי,חוגלה קימברלי,IL,האגיס,יח',48.00,יח',false,,46.90,0.9771,true,1,11906
7290000205915,false,האגיס אקסטרה קייר מי,חוגלה קימברלי,IL,האגיס,יח',40.00,יח',false,,46.90,1.1725,true,1,11907
7290000207063,false,פריכוז יכין 240 גרם,זנלכל,IL,רסק עגבניות 260 גרם,גרמים,240.00,100 גרם,false,,4.90,0.0204,true,1,11600
7290000207162,false,רוטב עגבניות 22% יכי,זנלכל,IL,רסק עגבניות 100 גרם,גרמים,100.00,100 גרם,false,,2.50,0.0250,true,1,11602
7290000207438,false,עגבניות קוביות יכין,זנלכל,IL,עגבניות קוביות יכין 800 ג,גרמים,800.00,100 גרם,false,,9.90,0.0124,true,1,11603
7290000208008,false,חריסה יכין 570 גרם,זנלכל,IL,חריסה,גרמים,570.00,100 גרם,false,,9.50,0.0167,true,1,11604
7290000208022,false,עגבניות מרוסקות יכין,זנלכל,IL,עגבניות מרוסקות יכין,גרמים,800.00,100 גרם,false,,9.90,0.0124,true,1,11605
7290000208077,false,אפונה יכין 550 גרם,זנלכל,IL,אפונה גדולה 550 גרם,גרמים,550.00,100 גרם,false,,8.50,0.0155,true,1,11606
7290000208091,false,אפונה קטנה יכין 550,זנלכל,IL,אפונה קטנה יכין 550,גרמים,550.00,100 גרם,false,,9.90,0.0180,true,1,11607
7290000208114,false,אפונה וגזר יכין 550,זנלכל,IL,אפונה וגזר יכין 550 גרם,גרמים,550.00,100 גרם,false,,8.50,0.0155,true,1,11608
7290000208138,false,סירופ דיאט ענבים 1 ל,,,סירופ דיאט ענבים 1 ל,מיליליטרים,1000.00,"100 מ""ל",false,,16.90,0.0169,true,1,11609
7290000208145,false,תירס לייט יכין 550 ג,זנלכל,IL,תירס לייט יכין 550 ג,גרמים,550.00,100 גרם,false,,9.90,0.0180,true,1,11610
7290000208213,false,שעועית ברוטב יכין 58,זנלכל,IL,שעועית אפויה יכין 580 גרם,גרמים,580.00,100 גרם,false,,8.90,0.0153,true,1,11612
7290000208220,false,שעועית צ'לי יכין 580,זנלכל,IL,שעועית צילי חריפה,גרמים,580.00,100 גרם,false,,9.90,0.0171,true,1,11613
7290000208244,false,רוטב שקשוקה יכין 570,זנלכל,IL,רוטב שקשוקה יכין 570,גרמים,570.00,100 גרם,false,,9.50,0.0167,true,1,11614
7290000208251,false,שעועית ירוקה יכין 55,זנלכל,IL,שעועית ירוקה יכין,גרמים,550.00,100 גרם,false,,9.90,0.0180,true,1,11615
7290000208312,false,תירס מתוק יכין 400 ג,זנלכל,IL,תירס מתוק יכין 400 ג,גרמים,400.00,100 גרם,false,,6.50,0.0163,true,1,11617
7290000208329,false,תירס  מתוק יכין 550,זנלכל,IL,תירס יכין 550 גרם,גרמים,550.00,100 גרם,false,,8.50,0.0155,true,1,11618
7290000208336,false,רוטב עגבניות 22% יכי,זנלכל,IL,רסק עגבניות 260 גרם,גרמים,240.00,100 גרם,false,,4.50,0.0188,true,1,11619
7290000208343,false,עגבניות מרוסקות עם ש,זנלכל,IL,עגבניות מרוסקות עם שום 80,גרמים,800.00,100 גרם,false,,9.90,0.0124,true,1,11620
7290000208367,false,עגבניות מרוסקות בזיל,זנלכל,IL,עגבניות מרוסקות 800 גרם,גרמים,800.00,100 גרם,false,,9.90,0.0124,true,1,11622
7290000208404,false,פול יכין 550 גרם,זנלכל,IL,פול 550 גרם,גרמים,550.00,100 גרם,false,,8.90,0.0162,true,1,11623
7290000208428,false,חומוס יכין 550 גרם,זנלכל,IL,חומוס 550 גרם,גרמים,550.00,100 גרם,false,,8.90,0.0162,true,1,11624
7290000208459,false,"לקט תפו""א יכין 550 ג",זנלכל,IL,"לקט תפו""א יכין 550 ג",גרמים,550.00,100 גרם,false,,9.90,0.0180,true,1,11625
7290000208800,false,*מבצע* תירס ואקום קי,זנלכל,IL,*מבצע* תירס ואקום קי,גרמים,400.00,100 גרם,false,,5.90,0.0148,true,1,11628
7290000208855,false,רוטב עגבניות לפסטה י,זנלכל,IL,רוטב פסטה 260 גרם,גרמים,240.00,100 גרם,false,,5.50,0.0229,true,1,11629
7290000208893,false,תירס לייט יכין 400 ג,זנלכל,IL,תירס לייט יכין 400 ג,גרמים,400.00,100 גרם,false,,6.50,0.0163,true,1,11630
7290000208930,false,עגבניות קצוצות עם שו,זנלכל,IL,רוטב פסטה 260 גרם,גרמים,240.00,100 גרם,false,,5.50,0.0229,true,1,11631
7290000208947,false,עגבניות קצוצות יכין,זנלכל,IL,רוטב פסטה 260 גרם,גרמים,240.00,100 גרם,false,,5.50,0.0229,true,1,11632
7290000209012,false,חומץ 5% 1יכין  ליטר,זנלכל,IL,חומץ הדרים 1 ליטר,ליטרים,1.00,ליטר,false,,6.90,6.9000,true,1,11634
7290000209043,false,רוטב לימון יכין 1 לי,זנלכל,IL,מיץ לימון משומר 1 ליטר,ליטרים,1.00,ליטר,false,,6.90,6.9000,true,1,11635
7290000209173,false,חומצה אצטית 5% יכין,זנלכל,IL,חומצה אצטית 5% יכין,מיליליטרים,1000.00,"100 מ""ל",false,,4.90,0.0049,true,1,11636
7290000209371,false,מארז שלישיית תירס מת,זנלכל,IL,מארז שלישיית תירס מת,גרמים,600.00,100 גרם,false,,14.90,0.0248,true,1,11637
7290000209388,false,תירס לייט יכין 200*3,זנלכל,IL,תירס לייט יכין 200*3,גרמים,600.00,100 גרם,false,,14.90,0.0248,true,1,11638
7290000209555,false,סירופ דיאט תפוחים  1,,,סירופ דיאט תפוחים  1,מיליליטרים,1000.00,"100 מ""ל",false,,16.90,0.0169,true,1,11641
7290000209579,false,סירופ דיאט אננס 1 לי,,,סירופ דיאט אננס 1 לי,מיליליטרים,1000.00,"100 מ""ל",false,,16.90,0.0169,true,1,11642
7290000209708,false,עגבניות קצוצות עם בז,זנלכל,IL,רוטב פסטה 260 גרם,גרמים,240.00,100 גרם,false,,5.50,0.0229,true,1,11643
7290000209722,false,*מבצע* פריכוז עגבניו,זנלכל,IL,פריכוז עגבניות 580 גרם,גרמים,580.00,100 גרם,false,,9.90,0.0171,true,1,11644
7290000209906,false,עגבניות קצוצות עם בצ,זנלכל,IL,רוטב פסטה 260 גרם,גרמים,240.00,100 גרם,false,,5.50,0.0229,true,1,11645
7290000209913,false,קוביות עגבניות במיץ,זנלכל,IL,רוטב פסטה 260 גרם,גרמים,240.00,100 גרם,false,,5.50,0.0229,true,1,11646
7290000209944,false,רוטב שקשוקה יכין 240,זנלכל,IL,רוטב שקשוקה 260 גרם,גרמים,240.00,100 גרם,false,,5.50,0.0229,true,1,11647
7290000209951,false,רוטב פיצה יכין 240 ג,זנלכל,IL,רוטב פיצה 260 גרם,גרמים,240.00,100 גרם,false,,5.50,0.0229,true,1,11648
7290000209968,false,רוטב לזניה יכין 240,זנלכל,IL,רוטב לזניה 260 גרם,גרמים,240.00,100 גרם,false,,5.50,0.0229,true,1,11649
7290000210469,false,עגבניות שלמות יכין 8,זנלכל,IL,עגבניות שלמות 800 גרם,גרמים,800.00,100 גרם,false,,9.90,0.0124,true,1,11650
7290000211169,false,אורז תאילנדי 1 קג,סוגת תעשיות בעמ,IL,סוגת,קילוגרמים,1.00,"ק""ג",false,,6.90,6.9000,true,1,1156
7290000211312,false,"*מבצע* אורז מלא 1 ק""",סוגת תעשיות בעמ,IL,סוגת,קילוגרמים,1.00,"ק""ג",false,,6.90,6.9000,true,1,1157
7290000211374,false,"קמח מלא 1 ק""ג",טחנת קמח דגן-שטיבל,IL,סוגת,קילוגרמים,1.00,"ק""ג",false,,6.90,6.9000,true,1,1158
7290000211381,false,*מבצע* סוכר חום בשקי,"טונגט היולט שוגר בע""",ZA,סוגת,קילוגרמים,1.00,"ק""ג",false,,10.90,10.9000,true,1,1159
7290000211442,false,*מבצע* אורז פרסי 1 ק,סוגת תעשיות בעמ,IL,סוגת,קילוגרמים,1.00,"ק""ג",false,,9.90,9.9000,true,1,1160
7290000211503,false,"סוכר 1 ק""ג","סוגת תעשיות בע""מ",IL,סוגת,קילוגרמים,1.00,"ק""ג",false,,3.90,3.9000,true,1,1161
7290000211626,false,"אורז חיש 1 ק""ג",,,"אורז חיש 1 ק""ג",קילוגרמים,1.00,"ק""ג",false,,7.90,7.9000,true,1,1162
7290000211985,false,*מבצע* אורז עגול 1 ק,סוגת תעשיות בעמ,IL,סוגת,קילוגרמים,1.00,"ק""ג",false,,7.90,7.9000,true,1,1164
7290000212272,false,"ופלים בטעם שוקו 1 ק""",,,"ופלים בטעם שוקו 1 ק""",קילוגרמים,1.00,"ק""ג",false,,15.90,15.9000,true,1,39887
7290000212401,false,מצופים שוקו 400,,,מצופים שוקו 400,גרמים,400.00,100 גרם,false,,8.90,0.0223,true,1,19814
7290000225449,false,קופון יוחננוף כדוריו,,,קופון יוחננוף כדוריו,יח',1.00,יח',false,,0.01,0.0100,true,1,43214
7290000226514,false,עוגת דובוש טעם ריבת,,,עוגת דובוש ריבת חלב,גרמים,450.00,100 גרם,false,,39.90,0.0887,true,1,29108
7290000226552,false,עוגת טורט טעם ריבת ח,קפולסקי שיווק וקמעונ,IL,קפולסקי,קילוגרמים,1.10,"ק""ג",false,,64.90,59.0000,true,1,29110
7290000231785,false,מארז פחיות קוקה קולה,,,מארז פחיות קוקה קולה,ליטרים,4.95,ליטר,false,,34.90,7.0505,true,1,37237
7290000238029,false,בצק עלים מעדנות 1 קג,מעדנות,IL,מעדנות,קילוגרמים,1.00,"ק""ג",false,,15.90,15.9000,true,1,27505
7290000238036,false,*מבצע* מלאווח מעדנות,מעדנות,IL,מעדנות,גרמים,700.00,100 גרם,false,,12.90,0.0184,true,1,27506
7290000238173,false,בורקס גבינה 800 גרם,מעדנות,IL,מעדנות,גרמים,800.00,100 גרם,false,,16.90,0.0211,true,1,27507
7290000238180,false,"בורקס תפו""א 800 גרם",מעדנות,IL,מעדנות,גרמים,800.00,100 גרם,false,,16.90,0.0211,true,1,27508
7290000240541,false,בצק עלים ריבועים,מעדנות,IL,מעדנות,גרמים,800.00,100 גרם,false,,22.90,0.0286,true,1,27509
7290000244082,false,סבון נוזלי שלישיה,דגיל,IL,הוואי,ליטרים,1.50,ליטר,false,,16.90,11.2667,true,1,5783
7290000245072,false,*מבצע* מ. כביסה סוד,הנקל סוד,IL,הנקל סוד,ליטרים,4.00,ליטר,false,,16.90,4.2250,true,1,25888
7290000245089,false,*מבצע* מ. כביסה סוד,הנקל סוד,IL,הנקל סוד,ליטרים,4.00,ליטר,false,,16.90,4.2250,true,1,25889
7290000245157,false,*מבצע* מ. כביסה סוד,הנקל סוד,IL,הנקל סוד,ליטרים,4.00,ליטר,false,,16.90,4.2250,true,1,25890
7290000245270,false,פרסיל מילוי,הנקל סוד,IL,הנקל סוד,קילוגרמים,1.25,"ק""ג",false,,14.90,11.9200,true,1,25891
7290000245478,false,קומפקט סוד בייבי 1.2,הנקל סוד,IL,הנקל סוד,קילוגרמים,1.25,"ק""ג",false,,12.90,10.3200,true,1,25894
7290000245508,false,קומפקט סוד 1.25,הנקל סוד,IL,הנקל סוד,קילוגרמים,1.25,"ק""ג",false,,12.90,10.3200,true,1,25895
7290000245515,false,קומפקט סוד 1.25,הנקל סוד,IL,הנקל סוד,קילוגרמים,1.25,"ק""ג",false,,12.90,10.3200,true,1,25896
7290000245539,false,קומפקט סוד 1.25,הנקל סוד,IL,הנקל סוד,קילוגרמים,1.25,"ק""ג",false,,12.90,10.3200,true,1,25897
7290000245782,false,*מבצע* מ. כביסה סוד,הנקל סוד,IL,הנקל סוד,ליטרים,4.00,ליטר,false,,16.90,4.2250,true,1,25898
7290000248875,false,קופון יוחננוף שעועית,,,קופון יוחננוף שעועית,יח',1.00,יח',false,,0.01,0.0100,true,1,43216
7290000253220,false,שוקולד ציפס 260 גר,אופנהיימר,IL,אופנהיימר,גרמים,300.00,100 גרם,false,,10.90,0.0363,true,1,19815
7290000253251,false,שוקולד ציפס לבן 250,אופנהיימר,IL,אופנהיימר,גרמים,250.00,100 גרם,false,,10.90,0.0436,true,1,19816
7290000253374,false,מיני שוקולד צ'יפס 66,אופנהיימר,IL,מיני שוקולד צ'יפס 66,גרמים,250.00,100 גרם,false,,14.90,0.0596,true,1,19817
7290000258744,false,מאפים במשקל פרימיום,,,מאפים במשקל פרימיום,קילוגרמים,1.00,"ק""ג",true,,47.00,47.0000,true,1,40656
7290000262413,false,האגיס אקסטרה קייר מי,חוגלה קימברלי,IL,האגיס,יח',34.00,יח',false,,46.90,1.3794,true,1,11915
7290000263359,false,חיתולים ליטל בייביז,KC Turkey,TR,האגיס,יח',1.00,יח',false,,29.90,29.9000,true,1,11919
7290000267029,false,שקד מולבן חצוי 100 ג,"דין שיווק וקלייה בע""",US,השף,גרמים,100.00,100 גרם,false,,9.90,0.0990,true,1,3502
7290000267036,false,שקד מולבן 100 גרם,"דין שיווק וקלייה בע""",US,השף,גרמים,100.00,100 גרם,false,,9.90,0.0990,true,1,3503
7290000267050,false,שקדים טחונים 100 גרם,"דין שיווק וקלייה בע""",US,השף,גרמים,100.00,100 גרם,false,,9.90,0.0990,true,1,3505
7290000267104,false,שקד מרוסק 100 גרם,"דין שיווק וקלייה בע""",US,השף,גרמים,100.00,100 גרם,false,,9.90,0.0990,true,1,3506
7290000267548,false,אגוז גרוס 100 גרם,"דין שיווק וקלייה בע""",US,השף,גרמים,100.00,100 גרם,false,,9.90,0.0990,true,1,3509
7290000267586,false,גרעיני חמניה קלופים,"דין שיווק וקלייה בע""",US,השף,גרמים,150.00,100 גרם,false,,4.90,0.0327,true,1,3511
7290000272467,false,עסיס סירופ פטל דיאט,בית השיטה עסיס תעשיו,IL,עסיס,ליטרים,1.00,ליטר,false,,16.90,16.9000,true,1,4475
7290000272696,false,עסיס מיץ לימון משומר,בית השיטה עסיס תעשיו,IL,עסיס,ליטרים,1.00,ליטר,false,,8.50,8.5000,true,1,4476
7290000272726,false,עסיס חומץ טבעי 5% 1ל,בית השיטה עסיס תעשיו,IL,עסיס,ליטרים,1.00,ליטר,false,,5.90,5.9000,true,1,4477
7290000286228,false,סנו סושי כריות שישיה,סדובסקי,IL,סנו סושי,יח',6.00,יח',false,,9.90,1.6500,true,1,9270
7290000286297,false,אנטי קאלק מסיר אבן 7,סנו,IL,אנטי קאלק,מיליליטרים,700.00,"100 מ""ל",false,,9.90,0.0141,true,1,9271
7290000286525,false,ספוג לרחצה פרינה,קוסמופארם,IL,כיף,יח',1.00,יח',false,,9.90,9.9000,true,1,9274
7290000286631,false,מילוי X סנו,סנו,IL,סנו,גרמים,600.00,100 גרם,false,,6.90,0.0115,true,1,9278
7290000286761,false,ניילון נצמד סושי זוג,FV.HK,CN,סנו סושי,מטרים,60.00,מטר,false,,9.90,0.1650,true,1,9279
7290000286921,false,סנו רסס כבס,סנו,IL,סנו,מיליליטרים,750.00,"100 מ""ל",false,,11.90,0.0159,true,1,9283
7290000286945,false,סנו רהיט נוזל,סנו,IL,סנו,מיליליטרים,500.00,"100 מ""ל",false,,25.90,0.0518,true,1,9284
7290000287195,false,סנו רהיט ארוסול,סנו,IL,סנו,מיליליטרים,300.00,"100 מ""ל",false,,13.90,0.0463,true,1,9286
7290000287355,false,סנו סופר פוליש,סנו,IL,סנו,ליטרים,1.00,ליטר,false,,27.90,27.9000,true,1,9287
7290000287430,false,סנובון שלישיה,סנו,IL,סנובון,יח',3.00,יח',false,,10.90,3.6333,true,1,9289
7290000287485,false,סנובון שלישיה,סנו,IL,סנובון,גרמים,165.00,100 גרם,false,,10.90,0.0661,true,1,9290
7290000287492,false,סנובון נוזלי,סנו,IL,סנובון,מיליליטרים,750.00,"100 מ""ל",false,,8.90,0.0119,true,1,9291
7290000287621,false,אנטי קאלק לאסלות,סנו,IL,סנו,מיליליטרים,750.00,"100 מ""ל",false,,9.90,0.0132,true,1,9292
7290000288017,false,אקונומיקה זאוול 1 לי,סנו,IL,סנו ז'אוול,ליטרים,1.00,ליטר,false,,8.90,8.9000,true,1,9295
7290000288024,false,אקונומיקה זאוול 4 לי,סנו,IL,סנו ז'אוול,ליטרים,4.00,ליטר,false,,16.90,4.2250,true,1,9296
7290000288048,false,זאוול מרסס 1 ליטר,סנו,IL,סנו ז'אוול,ליטרים,1.00,ליטר,false,,17.90,17.9000,true,1,9298
7290000288086,false,זאוול אבקת מילוי,סנו,IL,סנו,גרמים,600.00,100 גרם,false,,9.90,0.0165,true,1,9299
7290000288109,false,מקסימה אבקה 1.250,סנו,IL,מקסימה,קילוגרמים,1.25,"ק""ג",false,,13.90,11.1200,true,1,9300
7290000288253,false,קיי 400,סנו,IL,סנו,מיליליטרים,630.00,"100 מ""ל",false,,19.90,0.0316,true,1,9301
7290000288352,false,קיי 300,סנו,IL,סנו,מיליליטרים,630.00,"100 מ""ל",false,,19.90,0.0316,true,1,9304
7290000288390,false,קיי 600,סנו,IL,סנו,מיליליטרים,500.00,"100 מ""ל",false,,19.90,0.0398,true,1,9306
7290000288420,false,סנו די,קוסמופארם,IL,סנודי,מיליליטרים,175.00,"100 מ""ל",false,,19.90,0.1137,true,1,9308
7290000288642,false,מרכך מקסימה 4 ליטר,סנו,IL,מקסימה,ליטרים,4.00,ליטר,false,,21.90,5.4750,true,1,9310
7290000288659,false,סנו די כדורית ג'ונגל,קוסמופארם,IL,סנודי,מיליליטרים,50.00,"100 מ""ל",false,,19.90,0.3980,true,1,9311
7290000288727,false,מקסימה אבקה 1.250,סנו,IL,מקסימה,קילוגרמים,1.25,"ק""ג",false,,13.90,11.1200,true,1,9312
7290000289069,false,זאוול מרסס 1 ליטר,סנו,IL,סנו ז'אוול,ליטרים,1.00,ליטר,false,,17.90,17.9000,true,1,9316
7290000289472,false,שקיות אשפה סושי 50 י,"אשפלסט תעשיות בע""מ",IL,סנו סושי,יח',50.00,יח',false,,18.90,0.3780,true,1,9319
7290000289748,false,סנו פורטה פלוס 750 מ,סנו,IL,סנו,מיליליטרים,750.00,"100 מ""ל",false,,13.90,0.0185,true,1,9323
7290000289885,false,סנופרש ענק,סנו,IL,סנופרש,מיליליטרים,375.00,"100 מ""ל",false,,9.90,0.0264,true,1,9324
7290000291932,false,סנובון נוזלי כחול,סנו,IL,סנובון,מיליליטרים,750.00,"100 מ""ל",false,,8.90,0.0119,true,1,9327
7290000291963,false,אקונומיקה זאוול 1 לי,סנו,IL,סנו ז'אוול,ליטרים,1.00,ליטר,false,,8.90,8.9000,true,1,9328
7290000292137,false,סנו עור 500 מיל,סנו,IL,סנו,מיליליטרים,500.00,"100 מ""ל",false,,29.90,0.0598,true,1,9330
7290000292311,false,*מבצע* סנו פוליוקס 2,סנו,IL,פוליויקס,ליטרים,2.00,ליטר,false,,19.90,9.9500,true,1,9331
7290000292434,false,סנו רהיט מילוי,סנו,IL,סנו,מיליליטרים,500.00,"100 מ""ל",false,,14.90,0.0298,true,1,9332
7290000292557,false,סנומט מילוי נוזל,זובאלה,IT,סנומט,יח',1.00,יח',false,,15.90,15.9000,true,1,9333
7290000292687,false,*מבצע* סנובון כחול ש,סנו,IL,סנובון,יח',3.00,יח',false,,12.90,4.3000,true,1,9335
7290000292915,false,"סנו רסס ונגב 750 מ""ל",סנו,IL,סנו,מיליליטרים,750.00,"100 מ""ל",false,,10.90,0.0145,true,1,9337
7290000292939,false,סנו אקווה בלו 100 גר,סנו,IL,סנו,גרמים,100.00,100 גרם,false,,12.90,0.1290,true,1,9338
7290000293073,false,מרכך מקסימה 4 ליטר,סנו,IL,מקסימה,ליטרים,4.00,ליטר,false,,21.90,5.4750,true,1,9339
7290000293530,false,סנו סופג לחות,סנו,IL,סנו,גרמים,340.00,100 גרם,false,,11.90,0.0350,true,1,9341
7290000293837,false,דאודרנט גל קרמה מן,קוסמופארם,IL,כיף,יח',1.00,יח',false,,13.90,13.9000,true,1,9344
7290000293943,false,אנטי קאלק מרסס 1 ליט,סנו,IL,אנטי קאלק,ליטרים,1.00,ליטר,false,,16.90,16.9000,true,1,9345
7290000294391,false,סנו ג'ט 4 ליטר,סנו,IL,סנו ג'ט,ליטרים,4.00,ליטר,false,,17.90,4.4750,true,1,9346
7290000294773,false,אקונומיקה זאוול 4 לי,סנו,IL,סנו ז'אוול,יח',1.00,יח',false,,16.90,16.9000,true,1,9349
7290000294780,false,אקונומיקה זאוול סמיכ,סנו,IL,סנו ז'אוול,ליטרים,4.00,ליטר,false,,16.90,4.2250,true,1,9350
7290000295404,false,*מבצע* שקיות אשפה סו,"אשפלסט תעשיות בע""מ",IL,סנו סושי,יח',60.00,יח',false,,17.90,0.2983,true,1,9355
7290000295503,false,שקיות מזון זוג סנו,"אשפלסט תעשיות בע""מ",IL,סנו סושי,יח',300.00,יח',false,,13.90,0.0463,true,1,9356
7290000295558,false,צמד נייר אלומניום קצ,בורסה פזרי,TR,סנו סושי,מטרים,15.00,מטר,false,,9.90,0.6600,true,1,9358
7290000295565,false,צמד נייר אלומניום אר,בורסה פזרי,TR,סנו סושי,מטרים,15.00,מטר,false,,15.90,1.0600,true,1,9359
7290000295589,false,טלק סנו 200 גרם,קוסמופארם,IL,בייבי כיף,גרמים,200.00,100 גרם,false,,14.90,0.0745,true,1,9361
7290000295749,false,ספוג סאקי מסאג,קוסמופארם,IL,כיף,יח',1.00,יח',false,,10.90,10.9000,true,1,9362
7290000295794,false,ספוגיות מתכת 3 יח' ס,,,ספוגיות מתכת 3 יח' ס,יח',3.00,יח',false,,9.90,3.3000,true,1,42325
7290000300900,false,טבעול שניצל תירס 750,טבעול ישראל,IL,טבעול,גרמים,750.00,100 גרם,false,,24.90,0.0332,true,1,4484
7290000303581,false,פול מצרי,"פרי הגליל בע""""מ",IL,פרי הגליל,גרמים,340.00,100 גרם,false,,7.90,0.0232,true,1,17069
7290000303598,false,שעועית אפויה 580 גרם,"פרי הגליל בע""""מ",IL,פרי הגליל,גרמים,580.00,100 גרם,false,,7.90,0.0136,true,1,17070
7290000303604,false,גרגירי חומוס 550 גרם,"פרי הגליל בע""""מ",IL,פרי הגליל,גרמים,550.00,100 גרם,false,,7.90,0.0144,true,1,17071
7290000307015,false,אפונה בקופסא 550 גרם,"פרי הגליל בע""""מ",IL,פרי הגליל,גרמים,550.00,100 גרם,false,,7.90,0.0144,true,1,17072
7290000307046,false,אפונה וגזר 550 גרם,"פרי הגליל בע""""מ",IL,פרי הגליל,גרמים,550.00,100 גרם,false,,7.90,0.0144,true,1,17073
7290000307220,false,תירס ואקום פרי הגליל,"פרי הגליל בע""""מ",IL,פרי הגליל,גרמים,340.00,100 גרם,false,,4.90,0.0144,true,1,17074
7290000307237,false,תירס פרי גליל 550 גר,"פרי הגליל בע""""מ",IL,פרי הגליל,גרמים,550.00,100 גרם,false,,7.90,0.0144,true,1,17075
7290000307800,false,פול קפוא 800 גרם,"פרי הגליל בע""""מ",IL,פרי הגליל,גרמים,800.00,100 גרם,false,,10.90,0.0136,true,1,17081
7290000311180,false,וופלית צבעונית 10 יח,"רוקחמן בע""מ",IL,מן,גרמים,250.00,100 גרם,false,,6.90,0.0276,true,1,17475
7290000311203,false,וופל מן שוקו 200 גרם,"רוקחמן בע""מ",IL,מן,גרמים,200.00,100 גרם,false,,4.30,0.0215,true,1,17476
7290000311210,false,וופל מן לימון 200 גר,"רוקחמן בע""מ",IL,מן,גרמים,200.00,100 גרם,false,,4.30,0.0215,true,1,17477
7290000311227,false,וופל מן 200 גרם קפה,"רוקחמן בע""מ",IL,מן,גרמים,200.00,100 גרם,false,,4.30,0.0215,true,1,17478
7290000311234,false,וופל מן וניל 200 גרם,"רוקחמן בע""מ",IL,מן,גרמים,200.00,100 גרם,false,,4.30,0.0215,true,1,17479
7290000311258,false,וופלים מצופים מן 250,"רוקחמן בע""מ",IL,מן,גרמים,250.00,100 גרם,false,,6.50,0.0260,true,1,17480
7290000311357,false,וופל אגוזית עשיריה 2,"רוקחמן בע""מ",IL,מן,גרמים,200.00,100 גרם,false,,9.90,0.0495,true,1,17483
7290000311425,false,וופל מצופה עשירייה מ,"רוקחמן בע""מ",IL,מן,גרמים,220.00,100 גרם,false,,6.90,0.0314,true,1,17486
7290000311432,false,עוגיות מן גרנולה קינ,"רוקחמן בע""מ",IL,מן,גרמים,200.00,100 גרם,false,,8.90,0.0445,true,1,34509
7290000311500,false,וופל מן שוקו 500 גרם,"רוקחמן בע""מ",IL,מן,גרמים,500.00,100 גרם,false,,8.90,0.0178,true,1,17488
7290000311708,false,עוגיות מן חיטה מלאה,"רוקחמן בע""מ",IL,מן,גרמים,300.00,100 גרם,false,,6.50,0.0217,true,1,17489
7290000311715,false,עוגיות מן שוקו 300 ג,"רוקחמן בע""מ",IL,מן,גרמים,500.00,100 גרם,false,,6.50,0.0130,true,1,17490
7290000311845,false,עוגיות מן חיטה מלאה,"רוקחמן בע""מ",IL,מן,גרמים,200.00,100 גרם,false,,8.90,0.0445,true,1,17494
7290000311869,false,וופל מן שוקולד ללא ס,"רוקחמן בע""מ",IL,מן,גרמים,180.00,100 גרם,false,,7.90,0.0439,true,1,17495
7290000311876,false,וופל מן וניל ללא סוכ,"רוקחמן בע""מ",IL,מן,גרמים,180.00,100 גרם,false,,7.90,0.0439,true,1,17496
7290000311883,false,עוגיות מן גרנולה ללא,"רוקחמן בע""מ",IL,מן,גרמים,200.00,100 גרם,false,,8.90,0.0445,true,1,17497
7290000311890,false,וופל מן לימון ללא סו,"רוקחמן בע""מ",IL,מן,גרמים,180.00,100 גרם,false,,7.90,0.0439,true,1,17498
7290000313160,false,עוגיות שוקולד זהבה 2,אסם,IL,אסם,גרמים,250.00,100 גרם,false,,7.90,0.0316,true,1,4488
7290000313184,false,עוגיות גן חיות וניל,אסם,IL,אסם,גרמים,250.00,100 גרם,false,,7.90,0.0316,true,1,4489
7290000313290,false,נודלס אטריות מסולסלו,טאי רזידנט,TH,אסם,גרמים,200.00,100 גרם,false,,8.90,0.0445,true,1,4491
7290000315126,false,קנור ציר עוף 300גר,אתר חיפה אבקות - Foo,IL,KNORR,גרמים,300.00,100 גרם,false,,24.90,0.0830,true,1,20307
7290000315133,false,קנור ציר בקר 300גר,אתר חיפה אבקות - Foo,IL,KNORR,גרמים,300.00,100 גרם,false,,24.90,0.0830,true,1,20308
7290000318127,false,נקניקיות ביס 380 גרם,מעדני יחיעם,IL,יחיעם,גרמים,380.00,100 גרם,false,,11.90,0.0313,true,1,3418
7290000318493,false,כתף בקר מפולפל,מעדני יחיעם,IL,יחיעם,קילוגרמים,1.00,"ק""ג",true,,99.00,99.0000,true,1,3402
7290000318530,false,רוסטביף יחיעם,מעדני יחיעם,IL,יחיעם,קילוגרמים,1.00,"ק""ג",true,,134.00,134.0000,true,1,3403
7290000318806,false,נקניק סרוולד,מעדני יחיעם,IL,יחיעם,קילוגרמים,1.00,"ק""ג",true,,139.00,139.0000,true,1,3404
7290000318837,false,קורנדביף בקר,מעדני יחיעם,IL,יחיעם,קילוגרמים,1.00,"ק""ג",true,,99.00,99.0000,true,1,3405
7290000318929,false,סלמי בנוסח צרפתי,מעדני יחיעם,IL,יחיעם,קילוגרמים,1.00,"ק""ג",true,,139.00,139.0000,true,1,3406
7290000318943,false,פסטרמה של פעם 200 גר,מעדני יחיעם,IL,יחיעם,גרמים,200.00,100 גרם,false,,21.90,0.1095,true,1,3427
7290000319063,false,כתף בקר מפולפל 150 ג,מעדני יחיעם,,כתף בקר מפולפל 150 ג,גרמים,150.00,100 גרם,false,,22.90,0.1527,true,1,3428
7290000319131,false,*מבצע* נקניקיות עוף,מעדני יחיעם,IL,יחיעם,גרמים,400.00,100 גרם,false,,9.90,0.0248,true,1,3430
7290000319292,false,נקניקיות וינר פלוס 1,מעדני יחיעם,IL,יחיעם,קילוגרמים,1.00,"ק""ג",false,,19.90,19.9000,true,1,3431
7290000319520,false,סלמי צרפתי 100 גר,מעדני יחיעם,IL,יחיעם,גרמים,100.00,100 גרם,false,,19.90,0.1990,true,1,3434
7290000319704,false,כתף בקר מעושן,מעדני יחיעם,IL,יחיעם,קילוגרמים,1.00,"ק""ג",true,,109.00,109.0000,true,1,3409
7290000319728,false,איטלקי מפולפל,מעדני יחיעם,IL,יחיעם,קילוגרמים,1.00,"ק""ג",true,,69.00,69.0000,true,1,3410
7290000319803,false,קבנוס קלאסי יחיעם 12,מעדני יחיעם,IL,יחיעם,גרמים,125.00,100 גרם,false,,12.90,0.1032,true,1,3437
7290000319834,false,קבנוס פפרוני קלאסי 1,מעדני יחיעם,IL,יחיעם,גרמים,125.00,100 גרם,false,,12.90,0.1032,true,1,3438
7290000334684,false,טבעות בצל 700 גרם,תפוגן,IL,תפוגן,גרמים,700.00,100 גרם,false,,16.90,0.0241,true,1,4495
7290000339191,false,רן אבקת הלבנה,זוהר דליה - 3P Local,IL,BADIN,גרמים,350.00,100 גרם,false,,17.90,0.0511,true,1,20316
7290000341071,false,בדין בייבי 2 ל,אתר ליוור - HPC,IL,BADIN,ליטרים,2.00,ליטר,false,,14.90,7.4500,true,1,20322
7290000342832,false,מרכך כביסה בדין צהוב,אתר ליוור - HPC,IL,BADIN,ליטרים,4.00,ליטר,false,,19.90,4.9750,true,1,20323
7290000342856,false,מרכך כביסה בדין כחול,אתר ליוור - HPC,IL,BADIN,ליטרים,4.00,ליטר,false,,19.90,4.9750,true,1,20324
7290000345260,false,תה קלאסי 25 יח,ויסוצקי,IL,ויסוצקי,גרמים,38.00,100 גרם,false,,6.90,0.1816,true,1,19825
7290000345284,false,תה קלאסיק 100/1.5 טע,ויסוצקי,IL,ויסוצקי,גרמים,150.00,100 גרם,false,,16.90,0.1127,true,1,19826
7290000345291,false,ארל גריי 25,ויסוצקי,IL,ויסוצקי,גרמים,38.00,100 גרם,false,,14.90,0.3921,true,1,19827
7290000345307,false,*מבצע* ארל גריי 50,ויסוצקי,IL,ויסוצקי,גרמים,75.00,100 גרם,false,,22.90,0.3053,true,1,19828
7290000345536,false,נענע 25,ויסוצקי,IL,ויסוצקי,גרמים,38.00,100 גרם,false,,17.90,0.4711,true,1,19829
7290000346120,false,*מבצע* קסם הקינמון,ויסוצקי,IL,ויסוצקי,גרמים,75.00,100 גרם,false,,16.90,0.2253,true,1,19832
7290000346137,false,*מבצע* הילולי פירות,ויסוצקי,IL,ויסוצקי,גרמים,75.00,100 גרם,false,,16.90,0.2253,true,1,19833
7290000346168,false,*מבצע* שומר,ויסוצקי,IL,ויסוצקי,גרמים,50.00,100 גרם,false,,16.90,0.3380,true,1,19836
7290000346199,false,*מבצע* פירות יער,ויסוצקי,IL,ויסוצקי,גרמים,75.00,100 גרם,false,,16.90,0.2253,true,1,19837
7290000346205,false,*מבצע* קמומיל 25,ויסוצקי,IL,ויסוצקי,גרמים,38.00,100 גרם,false,,16.90,0.4447,true,1,19838
7290000346212,false,*מבצע* מנטה 25,ויסוצקי,IL,ויסוצקי,גרמים,50.00,100 גרם,false,,16.90,0.3380,true,1,19839
7290000347738,false,*מבצע* תה ירוק נענע,ויסוצקי,IL,ויסוצקי,גרמים,937.00,100 גרם,false,,17.90,0.0191,true,1,19843
7290000355382,false,עגבניות מרוסקות בזיל,"מילוז(1989)בע""""מ",IL,טל,גרמים,800.00,100 גרם,false,,6.90,0.0086,true,1,17083
7290000355412,false,עגבניות מרוסקות עם ש,"מילוז(1989)בע""""מ",IL,טל,גרמים,800.00,100 גרם,false,,6.90,0.0086,true,1,17086
7290000355757,false,עגבניות מרוסקות טל,"מילוז(1989)בע""""מ",IL,טל,גרמים,800.00,100 גרם,false,,6.90,0.0086,true,1,17091
7290000359465,false,מארז פחיות פאנטה 15,,,מארז פחיות פאנטה 15,ליטרים,4.95,ליטר,false,,34.90,7.0505,true,1,37238
7290000363011,false,סלמי קוניאק,טירת- צבי,IL,טירת- צבי,קילוגרמים,1.00,"ק""ג",true,,79.00,79.0000,true,1,27388
7290000363189,false,סרוולד,טירת- צבי,IL,טירת- צבי,קילוגרמים,1.00,"ק""ג",true,,145.00,145.0000,true,1,27389
7290000363363,false,קבנוס מיוחד 160,טירת- צבי,IL,טירת- צבי,גרמים,160.00,100 גרם,false,,12.90,0.0806,true,1,27424
7290000363462,false,סלמי איטלקי,טירת- צבי,IL,טירת- צבי,קילוגרמים,1.00,"ק""ג",true,,79.00,79.0000,true,1,27391
7290000363486,false,סלמי תה,טירת- צבי,IL,טירת- צבי,קילוגרמים,1.00,"ק""ג",true,,50.00,50.0000,true,1,27392
7290000363899,false,נקניקיות פיקנטיות 40,טירת- צבי,IL,טירת- צבי,גרמים,400.00,100 גרם,false,,10.90,0.0273,true,1,37680
7290000364261,false,סלסולי כתף בקר 120 ג,טירת- צבי,IL,טירת- צבי,גרמים,120.00,100 גרם,false,,12.90,0.1075,true,1,27426
7290000364278,false,סלסולי סלמי איטלקי 1,טירת- צבי,IL,טירת- צבי,גרמים,120.00,100 גרם,false,,12.90,0.1075,true,1,27427
7290000364285,false,סלסולי פסטרמה הודו 1,טירת- צבי,IL,טירת- צבי,גרמים,120.00,100 גרם,false,,12.90,0.1075,true,1,27428
7290000364292,false,סלסולי פסטרמה גחלים,טירת- צבי,IL,טירת- צבי,גרמים,120.00,100 גרם,false,,12.90,0.1075,true,1,27429
7290000364803,false,נקניקיות בקר בסגנון,טירת צבי,,נקניקיות בקר בסגנון,גרמים,500.00,100 גרם,false,,26.90,0.0538,true,1,38440
7290000364858,false,"נקניקיות עוף  1 ק""ג",טירת- צבי,IL,טירת- צבי,קילוגרמים,1.00,"ק""ג",false,,22.90,22.9000,true,1,27431
7290000364872,false,נקניקיות עוף 400 ג,טירת- צבי,IL,טירת- צבי,גרמים,400.00,100 גרם,false,,10.90,0.0273,true,1,27432
7290000364957,false,נקניקיות מינימיניעוף,טירת- צבי,IL,טירת- צבי,גרמים,700.00,100 גרם,false,,24.90,0.0356,true,1,27433
7290000365046,false,כתף בקר מעושן,טירת- צבי,IL,טירת- צבי,קילוגרמים,1.00,"ק""ג",true,,89.00,89.0000,true,1,27397
7290000365107,false,כתף בקר מפולפל,טירת- צבי,IL,טירת- צבי,קילוגרמים,1.00,"ק""ג",true,,89.00,89.0000,true,1,27399
7290000365398,false,פסטרמה הודו בדבש,טירת- צבי,IL,טירת- צבי,קילוגרמים,1.00,"ק""ג",true,,79.00,79.0000,true,1,27402
7290000365909,false,פסטרמה הודו מעושנת,טירת- צבי,IL,טירת- צבי,קילוגרמים,1.00,"ק""ג",true,,79.00,79.0000,true,1,27406
7290000365954,false,פסטרמה הודו גחלים,טירת- צבי,IL,טירת- צבי,קילוגרמים,1.00,"ק""ג",true,,79.00,79.0000,true,1,27407
7290000367590,false,צמד כפרי טירת צבי,טירת- צבי,IL,טירת- צבי,גרמים,800.00,100 גרם,false,,25.90,0.0324,true,1,27436
7290000369297,false,גבינת שמנת בטעמים 30,גבינות ניצן,IL,גבינות ניצן,קילוגרמים,1.00,"ק""ג",true,,45.00,45.0000,true,1,6526
7290000369341,false,לאבנה אבו גוש 12%,גבינות ניצן,IL,גבינות ניצן,קילוגרמים,1.00,"ק""ג",true,,50.00,50.0000,true,1,6527
7290000369365,false,בולגרית למריחה,גבינות ניצן,IL,גבינות ניצן,גרמים,200.00,100 גרם,false,,13.90,0.0695,true,1,6535
7290000369617,false,כדורי בולגרית בשמן,גבינות ניצן,IL,גבינות ניצן,גרמים,150.00,100 גרם,false,,16.90,0.1127,true,1,6536
7290000369709,false,חמאה מתובלת,גבינות ניצן,IL,גבינות ניצן,גרמים,100.00,100 גרם,false,,13.90,0.1390,true,1,6537
7290000377209,false,בוטן מטוגן 200 גרם,"ג'י אנד ג'י בע""מ",IL,קליית גת,גרמים,200.00,100 גרם,false,,6.90,0.0345,true,1,13800
7290000377445,false,מנצס 200 גרם,"ג'י אנד ג'י בע""מ",IL,קליית גת,גרמים,200.00,100 גרם,false,,7.90,0.0395,true,1,13801
7290000377452,false,גרעיני אבטיח קליית ג,"ששון ושות' בע""מ",IL,קליית גת,גרמים,200.00,100 גרם,false,,11.90,0.0595,true,1,13802
7290000400013,false,עוף טרי שלם,משתנה,IL,עוף שלם גורמה,קילוגרמים,1.00,"ק""ג",true,,19.90,19.9000,true,1,26986
7290000400020,false,עוף טרי מפורק,משתנה,IL,עוף מפורק גורמה,קילוגרמים,1.00,"ק""ג",true,,21.90,21.9000,true,1,26987
7290000400037,false,כרעיים עוף טרי פרימי,משתנה,IL,כרעיים עוף גורמה,קילוגרמים,1.00,"ק""ג",true,,29.90,29.9000,true,1,26988
7290000400044,false,שוקיים עוף טרי פרימי,משתנה,IL,שוקיים עוף גורמה,קילוגרמים,1.00,"ק""ג",true,,39.90,39.9000,true,1,26989
7290000400051,false,ירכיים עוף טרי פרימי,משתנה,IL,ירכיים עוף גורמה,קילוגרמים,1.00,"ק""ג",true,,29.90,29.9000,true,1,26990
7290000400068,false,כנפיים עוף טרי פרימי,משתנה,IL,כנפיים עוף גורמה,קילוגרמים,1.00,"ק""ג",true,,16.90,16.9000,true,1,26991
7290000400075,false,חזה עוף חצוי טרי נקי,משתנה,IL,חזה עוף שלם גורמה,קילוגרמים,1.00,"ק""ג",true,,42.90,42.9000,true,1,26992
7290000400082,false,פילה עוף טרי פרימיום,משתנה,IL,פילה שניצל גורמה,קילוגרמים,1.00,"ק""ג",true,,49.90,49.9000,true,1,26993
7290000400099,false,שניצל עוף טרי דק דק,משתנה,IL,שניצל עוף גורמה,קילוגרמים,1.00,"ק""ג",true,,49.90,49.9000,true,1,26994
7290000400112,false,שיפודי פרגיות טרי,משתנה,IL,שיפודי פרגיות גורמה,קילוגרמים,1.00,"ק""ג",true,,69.90,69.9000,true,1,26995
7290000400129,false,סטייק פרגית טרי פרימ,משתנה,IL,סטייק פרגיות גורמה,קילוגרמים,1.00,"ק""ג",true,,69.90,69.9000,true,1,26996
7290000400174,false,קורקבן עוף טרי,משתנה,IL,קורקבן עוף גורמה,קילוגרמים,1.00,"ק""ג",true,,9.90,9.9000,true,1,26998
7290000400228,false,טחון עוף טרי,משתנה,IL,טחון עוף גורמה,קילוגרמים,1.00,"ק""ג",true,,49.90,49.9000,true,1,26999
7290000400303,false,שניצל טרי ארוז,,,שניצל טרי ארוז,קילוגרמים,1.00,"ק""ג",true,,29.90,29.9000,true,1,34470
7290000400440,false,פילה עוף טרי ארוז,,,פילה עוף טרי ארוז,קילוגרמים,1.00,"ק""ג",true,,34.90,34.9000,true,1,38497
7290000400617,false,חזה כבש טרי,משתנה,IL,חזה טלה גורמה,קילוגרמים,1.00,"ק""ג",true,,54.90,54.9000,true,1,27004
7290000400624,false,אצבעות אנטריקוט,משתנה,IL,אצבעות אנטריקוט מתובל גור,קילוגרמים,1.00,"ק""ג",true,,79.90,79.9000,true,1,27005
7290000400655,false,כבד בקר טרי,משתנה,IL,כבד בקר טרי גורמה,קילוגרמים,1.00,"ק""ג",true,,29.90,29.9000,true,1,27007
7290000400679,false,לבבות עוף טרי,משתנה,IL,לבבות עוף גורמה,קילוגרמים,1.00,"ק""ג",true,,29.90,29.9000,true,1,27009
7290000400693,false,פרגיות טרי פרימיום,משתנה,IL,פרגיות גורמה,קילוגרמים,1.00,"ק""ג",true,,69.90,69.9000,true,1,27011
7290000400709,false,צוואר כבש טרי,משתנה,IL,צוואר טלה גורמה,קילוגרמים,1.00,"ק""ג",true,,74.90,74.9000,true,1,27012
7290000400716,false,צלעות כבש טרי,משתנה,IL,צלעות טלה גורמה,קילוגרמים,1.00,"ק""ג",true,,169.90,169.9000,true,1,27013
7290000400761,false,כבד עוף טרי,משתנה,IL,כבד עוף טרי גורמה,קילוגרמים,1.00,"ק""ג",true,,24.90,24.9000,true,1,27014
7290000400778,false,לשון בקר טרי,משתנה,IL,לשון בקר טרי גורמה,קילוגרמים,1.00,"ק""ג",true,,64.90,64.9000,true,1,27015
7290000401027,false,חזה הודו טרי,משתנה,IL,חזה הודו נקבה גורמה,קילוגרמים,1.00,"ק""ג",true,,34.90,34.9000,true,1,27018
7290000401034,false,כנפיים הודו טרי,משתנה,IL,כנפיים הודו נקבה גורמה,קילוגרמים,1.00,"ק""ג",true,,15.90,15.9000,true,1,27019
7290000401041,false,גרון הודו טרי פרימיו,משתנה,IL,גרון הודו גורמה,קילוגרמים,1.00,"ק""ג",true,,29.90,29.9000,true,1,27020
7290000401058,false,הודו אדום טרי נקבה,משתנה,IL,הודו אדום נקבה גורמה,קילוגרמים,1.00,"ק""ג",true,,54.90,54.9000,true,1,27021
7290000401089,false,שווארמה הודו טרי,משתנה,IL,שווארמה הודו נקבה גורמה,קילוגרמים,1.00,"ק""ג",true,,69.90,69.9000,true,1,27023
7290000401096,false,רצועות שווארמה טרי,משתנה,IL,רצועות שווארמה גורמה,קילוגרמים,1.00,"ק""ג",true,,74.90,74.9000,true,1,27024
7290000401171,false,טחון הודו אדום טרי,משתנה,IL,טחון הודו אדום גורמה,קילוגרמים,1.00,"ק""ג",true,,59.90,59.9000,true,1,27026
7290000401225,false,שוקיים הודו טרי נקבה,משתנה,IL,שוקיים הודו נקבה גורמה,קילוגרמים,1.00,"ק""ג",true,,29.90,29.9000,true,1,27027
7290000402086,false,שריר עגל מעובד מופשר,משתנה,IL,שריר עגל מיושן מובחר גורמ,קילוגרמים,1.00,"ק""ג",true,,59.90,59.9000,true,1,27032
7290000402116,false,סינטה עגל מעובד מופש,משתנה,IL,סינטה עגל מיושן מובחר גור,קילוגרמים,1.00,"ק""ג",true,,139.90,139.9000,true,1,27034
7290000402277,false,בשר ראש טרי,משתנה,IL,בשר ראש טרי גורמה,קילוגרמים,1.00,"ק""ג",true,,69.90,69.9000,true,1,27037
7290000403014,false,אנטריקוט טרי ברזיל,משתנה,IL,אנטריקוט טרי גורמה,קילוגרמים,1.00,"ק""ג",true,,119.90,119.9000,true,1,27039
7290000403021,false,צלעות בקר טרי,משתנה,IL,צלעות בקר טרי גורמה,קילוגרמים,1.00,"ק""ג",true,,79.90,79.9000,true,1,27040
7290000403045,false,כתף בקר טרי,משתנה,IL,כתף בקר טרי גורמה,קילוגרמים,1.00,"ק""ג",true,,79.90,79.9000,true,1,27041
7290000403052,false,צלי כתף טרי,משתנה,IL,צלי כתף טרי גורמה,קילוגרמים,1.00,"ק""ג",true,,95.90,95.9000,true,1,27042
7290000403069,false,פילה מדומה טרי,משתנה,IL,פילה מדומה טרי גורמה,קילוגרמים,1.00,"ק""ג",true,,79.90,79.9000,true,1,27043
7290000403083,false,צוואר בקר טרי ללא עצ,משתנה,IL,צוואר טרי גורמה,קילוגרמים,1.00,"ק""ג",true,,59.90,59.9000,true,1,27045
7290000403199,false,אסאדו טרי עם עצם,משתנה,IL,אסאדו\ שפונדרה טרי גורמה,קילוגרמים,1.00,"ק""ג",true,,64.90,64.9000,true,1,27050
7290000403212,false,אוסובוקו עגל טרי,משתנה,IL,אוסובוקו טרי גורמה,קילוגרמים,1.00,"ק""ג",true,,69.90,69.9000,true,1,27052
7290000403250,false,טחון בקר+כבש מעובד מ,משתנה,IL,טחון בקר טרי + כבש גורמה,קילוגרמים,1.00,"ק""ג",true,,69.90,69.9000,true,1,27055
7290000403335,false,שקדים בקר טרי,משתנה,IL,שקדים בקר טרי גורמה,קילוגרמים,1.00,"ק""ג",true,,189.90,189.9000,true,1,27061
7290000403342,false,ריאות בקר טרי,משתנה,IL,ריאות בקר טרי גורמה,קילוגרמים,1.00,"ק""ג",true,,24.90,24.9000,true,1,27062
7290000403366,false,לב בקר טרי,משתנה,IL,לב בקר טרי גורמה,קילוגרמים,1.00,"ק""ג",true,,29.90,29.9000,true,1,27063
7290000403373,false,נתח קצבים טרי,משתנה,IL,רוטפלש נתח קצבים טרי גורמ,קילוגרמים,1.00,"ק""ג",true,,109.90,109.9000,true,1,27064
7290000405551,false,מעורב ירושלמי,משתנה,IL,מעורב ירושלמי גורמה,קילוגרמים,1.00,"ק""ג",true,,69.90,69.9000,true,1,27075
7290000405568,false,קוקטייל עוף מקוצב,משתנה,IL,מעורב ירושלמי גורמה,קילוגרמים,1.00,"ק""ג",true,,59.90,59.9000,true,1,27076
7290000405674,false,שייטל טרי,משתנה,IL,שייטל טרי,קילוגרמים,1.00,"ק""ג",true,,99.90,99.9000,true,1,27081
7290000405698,false,שפיץ צאך טרי,משתנה,IL,שייטל טרי,קילוגרמים,1.00,"ק""ג",true,,139.90,139.9000,true,1,27083
7290000405728,false,אונטריב טרי,משתנה,IL,פרגית לתנור גורמה,קילוגרמים,1.00,"ק""ג",true,,79.90,79.9000,true,1,27085
7290000405742,false,קורקבן הודו טרי,משתנה,IL,קורקבן הודו טרי גורמה,קילוגרמים,1.00,"ק""ג",true,,9.90,9.9000,true,1,27087
7290000405759,false,כבד הודו טרי,משתנה,IL,כבד הודו טרי גורמה,קילוגרמים,1.00,"ק""ג",true,,16.90,16.9000,true,1,27088
7290000405780,false,אסאדו טרי ללא עצם,משתנה,,שפונדרה טרי ללא עצם,קילוגרמים,1.00,"ק""ג",true,,69.90,69.9000,true,1,27091
7290000405896,false,כתף כבש טרי,משתנה,IL,כתף כבש טרי גורמה,קילוגרמים,1.00,"ק""ג",true,,119.90,119.9000,true,1,27097
7290000405988,false,אוסובוקו מעובד מופשר,משתנה,IL,אוסובוקו מצונן,קילוגרמים,1.00,"ק""ג",true,,64.90,64.9000,true,1,27103
7290000406077,false,שניצל עגל טרי,משתנה,IL,שניצל עגל טרי,קילוגרמים,1.00,"ק""ג",true,,89.90,89.9000,true,1,27108
7290000407227,false,סינטה דק דק טרי,משתנה,,סינטה דק דק טרי,קילוגרמים,1.00,"ק""ג",true,,149.90,149.9000,true,1,27116
7290000407234,false,שומן כבש,משתנה,,שומן כבש,קילוגרמים,1.00,"ק""ג",true,,89.90,89.9000,true,1,27117
7290000407326,false,טחון בקר פרימיום טרי,מעדני גורמה,IL,טחון בקר פרימיום טרי,קילוגרמים,1.00,"ק""ג",true,,59.90,59.9000,true,1,27120
7290000407456,false,דנוור סטייק,משתנה,,דנוור סטייק,קילוגרמים,1.00,"ק""ג",true,,119.90,119.9000,true,1,27130
7290000407470,false,רוסטביף טרי לתנור,משתנה,,רוסטביף טרי לתנור,קילוגרמים,1.00,"ק""ג",true,,84.90,84.9000,true,1,27131
7290000407517,false,כנפית עוף טרי,משתנה,IL,כנפית עוף טרי,קילוגרמים,1.00,"ק""ג",true,,19.90,19.9000,true,1,27135
7290000407524,false,שוקית כנף עוף טרי,משתנה,IL,שוקית כנף עוף טרי,קילוגרמים,1.00,"ק""ג",true,,19.90,19.9000,true,1,27136
7290000407562,false,אוסובוקו הודו,משתנה,,אוסובוקו הודו,קילוגרמים,1.00,"ק""ג",true,,39.90,39.9000,true,1,27139
7290000407692,false,כרעיים טרי ארוז,משתנה,,כרעיים טרי ארוז,קילוגרמים,1.00,"ק""ג",true,,22.90,22.9000,true,1,27144
7290000407708,false,חזה עוף ארוז טרי,משתנה,,חזה עוף ארוז טרי,קילוגרמים,1.00,"ק""ג",true,,24.90,24.9000,true,1,27145
7290000407739,false,מעורב ישראלי,,,מעורב ישראלי,קילוגרמים,1.00,"ק""ג",true,,69.90,69.9000,true,1,27146
7290000408156,false,רצועות חזה להקפצה,משתנה,,רצועות חזה להקפצה,קילוגרמים,1.00,"ק""ג",true,,49.90,49.9000,true,1,27150
7290000408194,false,אסאדו עם עצם מעובד מ,משתנה,,שפונדרה טרי ללא עצם,קילוגרמים,1.00,"ק""ג",true,,64.90,64.9000,true,1,27154
7290000408316,false,דנונה ביו  3% 200 גר,שטראוס גרופ,IL,שטראוס,גרמים,200.00,100 גרם,false,,3.50,0.0175,true,1,18035
7290000408354,false,בר דנונה פצפוצים,שטראוס גרופ,IL,שטראוס,גרמים,175.00,100 גרם,false,,4.30,0.0246,true,1,18036
7290000409146,false,צלע עגל מעובד מופשר,משתנה,,צלע עגל מעובד מופשר,קילוגרמים,1.00,"ק""ג",true,,89.90,89.9000,true,1,27168
7290000409207,false,דואט למרק,,,דואט למרק,קילוגרמים,1.00,"ק""ג",true,,16.90,16.9000,true,1,27171
7290000409214,false,שווארמה פרגית חתוך ט,,,שווארמה פרגית חתוך ט,קילוגרמים,1.00,"ק""ג",true,,69.90,69.9000,true,1,27172
7290000409238,false,טחון עוף מוזל טרי,משתנה,,טחון עוף מוזל טרי,קילוגרמים,1.00,"ק""ג",true,,29.90,29.9000,true,1,27173
7290000409313,false,שוקיים טרי ארוז,משתנה,,שוקיים טרי ארוז,קילוגרמים,1.00,"ק""ג",true,,24.90,24.9000,true,1,27179
7290000409344,false,אנטריקוט טרי פרימיום,,,אנטריקוט טרי פרימיום,קילוגרמים,1.00,"ק""ג",true,,179.90,179.9000,true,1,27182
7290000409351,false,אנטריקוט טרי דק פרימ,,,אנטריקוט טרי דק פרימ,קילוגרמים,1.00,"ק""ג",true,,179.90,179.9000,true,1,27183
7290000409733,false,בשר טחון מקוצב טרי,משתנה,IL,המבורגר טרי גורמה,קילוגרמים,1.00,"ק""ג",true,,79.90,79.9000,true,1,34584
7290000409856,false,שריר בקר טרי ברזיל מ,,,שריר בקר טרי ברזיל מ,קילוגרמים,1.00,"ק""ג",true,,49.90,49.9000,true,1,36956
7290000412481,false,מנקה אסלות 1 ליטר,סנו,IL,OO,ליטרים,1.00,ליטר,false,,7.90,7.9000,true,1,9366
7290000416021,false,ממרח השחר 500 גרם,,,ממרח השחר 500 גרם,גרמים,500.00,100 גרם,false,,13.90,0.0278,true,1,8986
7290000416045,false,"ממרח השחר 1 ק""ג",השחר העולה תעשייות מ,IL,השחר העולה,קילוגרמים,1.00,"ק""ג",false,,23.90,23.9000,true,1,8987
7290000416076,false,צמקאו 400 גרם,השחר העולה תעשייות מ,IL,השחר העולה,גרמים,400.00,100 גרם,false,,10.90,0.0273,true,1,8988
7290000416618,false,ממרח השחר פרווה 400,השחר העולה תעשייות מ,IL,השחר העולה,גרמים,400.00,100 גרם,false,,11.90,0.0298,true,1,8991
7290000416632,false,"ממרח השחר פרווה 1 ק""",השחר העולה תעשייות מ,IL,השחר העולה,קילוגרמים,1.00,"ק""ג",false,,19.90,19.9000,true,1,8992
7290000416809,false,ממרח חלב חצי חצי 350,השחר העולה תעשייות מ,IL,ממרח חלב חצי חצי 350,גרמים,350.00,100 גרם,false,,10.90,0.0311,true,1,8993
7290000416854,false,קקאו השחר 150 ג,השחר העולה תעשייות מ,IL,השחר העולה,גרמים,150.00,100 גרם,false,,8.90,0.0593,true,1,8994
7290000416878,false,קקאו השחר 500 גרם,השחר העולה תעשייות מ,IL,השחר העולה,גרמים,500.00,100 גרם,false,,20.90,0.0418,true,1,8995
7290000419107,false,לנדוור כחול המקורי ט,קפה לנדוור,IL,לנדוור,גרמים,100.00,100 גרם,false,,7.90,0.0790,true,1,22914
7290000419220,false,לנדוור לבוקר 3*100 ג,קפה לנדוור,IL,לנדוור,גרמים,300.00,100 גרם,false,,18.90,0.0630,true,1,22916
7290000419374,false,לנדוור טחון טורקי 3*,קפה לנדוור,IL,לנדוור,גרמים,300.00,100 גרם,false,,18.90,0.0630,true,1,22917
7290000419909,false,לנדוור אספרסו טחון ט,קפה לנדוור,IL,לנדוור,גרמים,100.00,100 גרם,false,,7.90,0.0790,true,1,22919
7290000420325,false,*מבצע* פופקורן בטעם,Preston farms,US,פופפסטאר,גרמים,500.00,100 גרם,false,,12.90,0.0258,true,1,8280
7290000420332,false,*מבצע* פופקורן בטעם,Preston farms,US,פופפסטאר,גרמים,500.00,100 גרם,false,,12.90,0.0258,true,1,8281
7290000420417,false,גלילונית,"אשפלסט תעשיות בע""מ",IL,גלילונית,יח',60.00,יח',false,,17.90,0.2983,true,1,8282
7290000430102,false,קוביות קרח,"אייס (קיובס) בע""מ -",IL,מיסטר אייס,קילוגרמים,2.00,"ק""ג",false,,8.90,4.4500,true,1,5987
7290000446127,false,פריכיות ללא מלח ללא,,,פריכיות ללא מלח ללא,גרמים,100.00,100 גרם,false,,3.90,0.0390,true,1,3956
7290000446547,false,חמאת בוטנים ממרח טבע,"בטר אנד דיפרנט בע""מ",IL,בטר אנד דיפרנט,גרמים,350.00,100 גרם,false,,13.90,0.0397,true,1,3959
7290000446554,false,חמאת בוטנים טבעית 1,בטר אנד דיפרנט,IL,חמאת בוטנים טבעית 1,קילוגרמים,1.00,"ק""ג",false,,26.90,26.9000,true,1,3960
7290000446776,false,פיצפוצי אורז מלא ללא,"תירפז בע""מ",IL,בטר אנד דיפרנט,גרמים,500.00,100 גרם,false,,18.90,0.0378,true,1,3963
7290000450209,false,טונה פוסידון בשמן 10,פוסידון,IL,פוסידון,גרמים,108.00,100 גרם,false,,5.50,0.0509,true,1,15007
7290000452159,false,קופון יוחננוף סרדיני,,,קופון יוחננוף סרדיני,יח',1.00,יח',false,,0.01,0.0100,true,1,41229
7290000453019,false,שימרית שמרים טריים ב,"פאקא תעשיות בע""מ",IL,תוצרת מסחרית,גרמים,50.00,100 גרם,false,,4.20,0.0840,true,1,18037
7290000453125,false,שימרית שמרים טרי שקי,"פאקא תעשיות בע""מ",IL,תוצרת מסחרית,גרמים,100.00,100 גרם,false,,7.40,0.0740,true,1,18038
7290000453200,false,בלילה לפנקייק שמרית,"פאקא תעשיות בע""מ",DE,?????,גרמים,750.00,100 גרם,false,,21.90,0.0292,true,1,34632
7290000453408,false,בצק פיצה דק  מצונן ו,"פאקא תעשיות בע""מ",FR,שמרית,גרמים,415.00,100 גרם,false,,16.90,0.0407,true,1,18039
7290000453415,false,בצק עלים מצונן ומוכן,"פאקא תעשיות בע""מ",FR,שמרית,גרמים,300.00,100 גרם,false,,14.90,0.0497,true,1,18040
7290000453422,false,בצק פילו מוכן לאפייה,"פאקא תעשיות בע""מ",FR,שמרית,גרמים,300.00,100 גרם,false,,14.90,0.0497,true,1,18041
7290000453446,false,בצק פיצה קראסט שמרית,"פאקא תעשיות בע""מ",IL,בצק פיצה קראסט שמרית,גרמים,500.00,100 גרם,false,,19.90,0.0398,true,1,35510
7290000453781,false,שמרים יבשים שמרית 12,"פאקא תעשיות בע""מ",PT,שמרית,גרמים,125.00,100 גרם,false,,5.90,0.0472,true,1,15910
7290000453798,false,שמרים אקטיבים 500 גר,"פאקא תעשיות בע""מ",IL,פאקא,גרמים,500.00,100 גרם,false,,12.90,0.0258,true,1,15911
7290000453866,false,נטורינה קוקוס לאפייה,"פאקא תעשיות בע""מ",IL,שמרית,גרמים,200.00,100 גרם,false,,7.50,0.0375,true,1,18043
7290000453897,false,מרגרינה בטעם חמאה,"פאקא תעשיות בע""מ",IL,שמרית,גרמים,200.00,100 גרם,false,,4.90,0.0245,true,1,18046
7290000454641,false,סופגניה 4ב13,,,סופגניה 4ב13,יח',4.00,יח',false,,13.00,3.2500,true,1,43107
7290000461625,false,שמונה שמונה 400גר',אתר בייגל - Food,IL,B&B,גרמים,400.00,100 גרם,false,,9.90,0.0248,true,1,20328
7290000461656,false,בייגלה אחד אחד 400 ג,אתר בייגל - Food,IL,B&B,גרמים,400.00,100 גרם,false,,9.90,0.0248,true,1,20329
7290000461700,false,בייגלה גדול גדול 400,אתר בייגל - Food,IL,B&B,גרמים,400.00,100 גרם,false,,11.90,0.0298,true,1,20330
7290000461724,false,גדול גדול שומשום 400,אתר בייגל - Food,IL,B&B,גרמים,400.00,100 גרם,false,,11.90,0.0298,true,1,20331
7290000461793,false,ארוך ארוך 150גר' x16,אתר בייגל - Food,IL,B&B,גרמים,150.00,100 גרם,false,,5.90,0.0393,true,1,20333
7290000462172,false,זחוק תימני ירוק חריף,"זהבי הכרם בועז בע""מ-",IL,תוצרת מסחרית,גרמים,150.00,100 גרם,false,,7.90,0.0527,true,1,18052
7290000462981,false,זחוק חריף אש 150 גרם,"זהבי הכרם בועז בע""מ-",IL,שטראוס,גרמים,150.00,100 גרם,false,,8.90,0.0593,true,1,18056
7290000467320,false,חומוס אבו מרוואן 400,צבר,IL,סלטי צבר,גרמים,400.00,100 גרם,false,,13.90,0.0348,true,1,4524
7290000474090,false,חלב בקרטון 1%- 1 ליט,טרה,IL,חלב טרה,ליטרים,1.00,ליטר,false,,5.80,5.8000,true,1,17553
7290000474373,false,"שמנת חמוצה 200 מ""ל ב",טרה,IL,טרה,מיליליטרים,200.00,"100 מ""ל",false,,2.40,0.0120,true,1,17554
7290000474502,false,גבינה לבנה 250 גרם 5,טרה,IL,טרה,גרמים,250.00,100 גרם,false,,4.95,0.0198,true,1,17556
7290000474540,false,טוב טעם 3% - 250 גרם,טרה,IL,גבינות טרה,גרמים,250.00,100 גרם,false,,10.20,0.0408,true,1,17557
7290000474830,false,גבנצ מגורדת 28% 500,טרה,IL,גבינות קשות,גרמים,500.00,100 גרם,false,,32.90,0.0658,true,1,17558
7290000474908,false,ג.נעם 28% מהדרין,טרה,IL,טרה,קילוגרמים,1.00,"ק""ג",true,,43.70,43.7000,true,1,17528
7290000474960,false,ג.נעם 9% מהדרין,,,ג.נעם 9% מהדרין,קילוגרמים,1.00,"ק""ג",true,,70.00,70.0000,true,1,17530
7290000474977,false,ג.נעם 22% מהדרין,,,ג.נעם 22% מהדרין,קילוגרמים,1.00,"ק""ג",true,,41.90,41.9000,true,1,17531
7290000480107,false,*מבצע* קוואקר פח 500,FRITO-LAY TRADING CO,GB,קוואקר,גרמים,500.00,100 גרם,false,,9.90,0.0198,true,1,16811
7290000480442,false,קואקר שקית 500 גרם,FRITO-LAY TRADING CO,GB,קוואקר,גרמים,500.00,100 גרם,false,,11.90,0.0238,true,1,16812
7290000481029,false,פיתות מארז 10 יח,,,פיתות מארז 10 יח,יח,10.00,יח,false,,9.90,0.9900,true,1,29690
7290000481043,false,פיתות כוסמין 10 יח,,IL,דגנית,גרמים,700.00,100 גרם,false,,13.90,0.0199,true,1,35176
7290000481074,false,לחם משלושה קמחים מלא,דגנית עין בר,IL,דגנית עין בר,גרמים,750.00,100 גרם,false,,14.90,0.0199,true,1,39458
7290000481883,false,לחמניות אצבע 10 יח,דגנית עין בר,IL,דגנית עין בר,גרמים,750.00,100 גרם,false,,10.90,0.0145,true,1,29692
7290000482033,false,קוקי ענק שקיות צליה,קוקי,FI,קוקי,יח',5.00,יח',false,,9.90,1.9800,true,1,22923
7290000483641,false,1X25X75G המרשלג מרצ',המרשלג,IL,המרשלג,גרמים,75.00,100 גרם,false,,7.90,0.1053,true,1,3921
7290000484112,false,קופון יוחננוף קרם רב,,,קופון יוחננוף קרם רב,יח',1.00,יח',false,,0.01,0.0100,true,1,43000
7290000484747,false,"עראק עלית 700 מ""ל",,,עראק עלית,מיליליטרים,700.00,"100 מ""ל",false,,54.90,0.0784,true,1,13454
7290000485546,false,קופון יוחננוף פסטה ל,,,קופון יוחננוף פסטה ל,יח',1.00,יח',false,,0.01,0.0100,true,1,43215
7290000493176,false,אבקת רוטב צלי לבשר 3,אסם,IL,אסם,גרמים,22.00,100 גרם,false,,3.90,0.1773,true,1,4527
7290000493183,false,אבקת רוטב פטריות 3 3,אסם,IL,אסם,גרמים,30.00,100 גרם,false,,3.90,0.1300,true,1,4528
7290000501253,false,בס טרי,משתנה,IL,בס טרי גורמה,קילוגרמים,1.00,"ק""ג",true,,49.90,49.9000,true,1,27188
7290000501291,false,קרפיון טרי,משתנה,IL,קרפיון טרי מנוקה,קילוגרמים,1.00,"ק""ג",true,,29.90,29.9000,true,1,27192
7290000501314,false,בורי טרי,משתנה,IL,בורי טרי גורמה,קילוגרמים,1.00,"ק""ג",true,,49.90,49.9000,true,1,27194
7290000501581,false,אמנון טרי במשקל,משתנה,IL,אמנון טרי גורמה,קילוגרמים,1.00,"ק""ג",true,,38.90,38.9000,true,1,27208
7290000501598,false,דניס טרי במשקל,משתנה,IL,דניס טרי גורמה,קילוגרמים,1.00,"ק""ג",true,,69.90,69.9000,true,1,27209
7290000501697,false,דג ברמונדי טרי,משתנה,,דג ברמונדי טרי,קילוגרמים,1.00,"ק""ג",true,,54.90,54.9000,true,1,27211
7290000501796,false,נתחי פילה סלמון טרי,,,נתחי פילה סלמון טרי,קילוגרמים,1.00,"ק""ג",true,,119.90,119.9000,true,1,38132
7290000501826,false,פילה נסיכת הנילוס טר,משתנה,IL,פילה נסיכת הנילוס טר,קילוגרמים,1.00,"ק""ג",true,,84.90,84.9000,true,1,27214
7290000501901,false,פילה דניס טרי יחידה,,,פילה דניס טרי יחידה,יח',1.00,יח',false,,17.90,17.9000,true,1,27219
7290000501925,false,פילה אמנון טרי יחידה,,IL,פילה אמנון טרי יחידה,יח',1.00,יח',false,,14.90,14.9000,true,1,27220
7290000501963,false,פילה לברק טרי יחידה,,,פילה לברק טרי יחידה,יח',1.00,יח',false,,17.90,17.9000,true,1,27222
7290000501987,false,דניס טרי יחידה,,,דניס טרי יחידה,גרמים,400.00,100 גרם,false,,29.90,0.0747,true,1,27224
7290000501994,false,לברק טרי יחידה כ-400,,,לברק טרי יחידה כ-400,גרמים,400.00,100 גרם,false,,34.90,0.0872,true,1,27225
7290000502175,false,נסיכת הנילוס טרי פרו,,,נסיכת הנילוס טרי פרו,קילוגרמים,1.00,"ק""ג",true,,84.90,84.9000,true,1,27236
7290000502311,false,פילה סלמון טרי,,,פילה סלמון טרי,קילוגרמים,1.00,"ק""ג",true,,119.90,119.9000,true,1,27244
7290000502540,false,פילה נסיכת הנילוס טר,,,פילה נסיכת הנילוס טר,קילוגרמים,1.00,"ק""ג",true,,59.90,59.9000,true,1,36975
7290000504049,false,סוכרזית קנקן,"סוכרזית בע""מ",IL,סוכרזית,גרמים,98.00,100 גרם,false,,17.90,0.1827,true,1,15920
7290000504278,false,סוכרזית,"סוכרזית בע""מ",IL,סוכרזית,גרמים,57.00,100 גרם,false,,13.90,0.2439,true,1,15923
7290000518176,false,מתוק וקל 250 שקיות,מתוק וקל,IL,מתוק וקל,גרמים,250.00,100 גרם,false,,16.90,0.0676,true,1,2618
7290000518220,false,סוכרה דיאט 100 שקיות,מתוק וקל,IL,סוכרה דיאט,גרמים,80.00,100 גרם,false,,23.90,0.2987,true,1,2620
7290000518251,false,מתוק וקל זהב 100 שקי,מתוק וקל,IL,מתוק וקל,גרמים,100.00,100 גרם,false,,10.90,0.1090,true,1,2621
7290000518336,false,צמר גפן מתוק מוש,מתוק וקל,,צמר גפן מתוק מוש,גרמים,10.00,100 גרם,false,,4.90,0.4900,true,1,34402
7290000521008,false,*מבצע* יין אדום סגל,ברקן סגל,IL,סגל רגיל,מיליליטרים,750.00,"100 מ""ל",false,,19.90,0.0265,true,1,12484
7290000521015,false,*מבצע* יין לבן סגל,ברקן סגל,IL,סגל רגיל,מיליליטרים,750.00,"100 מ""ל",false,,19.90,0.0265,true,1,12485
7290000521404,false,*מבצע* קברנה סוביניו,ברקן סגל,IL,מרום גליל,מיליליטרים,750.00,"100 מ""ל",false,,27.90,0.0372,true,1,12491
7290000521411,false,*מבצע* יין מרום גליל,ברקן סגל,IL,מרום גליל,מיליליטרים,750.00,"100 מ""ל",false,,27.90,0.0372,true,1,12492
7290000522166,false,חלב הרים טהור 3% ללא,"מחלבות רמה""ג",IL,חלב הרים,ליטרים,1.00,ליטר,false,,10.50,10.5000,true,1,22330
7290000522272,false,שמנת עמידה לקפה 10%,מחלבות רמת הגולן,IL,מחלבות רמת הגולן,מיליליטרים,500.00,"100 מ""ל",false,,8.90,0.0178,true,1,22331
7290000522319,false,חלב טרי מהגולן 3%,מחלבות רמת הגולן,IL,רמת הגולן,ליטרים,1.00,ליטר,false,,6.00,6.0000,true,1,33482
7290000523125,false,מלח ים 250 גרם,מלח הארץ אילת,IL,מלח הארץ,גרמים,250.00,100 גרם,false,,5.40,0.0216,true,1,1165
7290000523224,false,מלח ים 500 גרם,מלח הארץ אילת,IL,מלח הארץ,גרמים,500.00,100 גרם,false,,7.90,0.0158,true,1,1166
7290000523521,false,מלח מועשר יוד 250 גר,מלח הארץ אילת,IL,מלח הארץ,גרמים,250.00,100 גרם,false,,5.90,0.0236,true,1,1168
7290000523804,false,"מלח עדין 1 ק""ג צנצנת",מלח הארץ אילת,IL,מלח הארץ,קילוגרמים,1.00,"ק""ג",false,,6.90,6.9000,true,1,1169
7290000523811,false,"מלח גס 1 ק""ג צנצנת",מלח הארץ אילת,IL,מלח הארץ,קילוגרמים,1.00,"ק""ג",false,,6.90,6.9000,true,1,1170
7290000525969,false,מיץ תפוזים סחוט 1 לי,"גניר (1992) בע""מ",IL,תוצרת מסחרית,ליטרים,1.00,ליטר,false,,15.90,15.9000,true,1,18058
7290000530024,false,סלמי תה מעושן,זוגלובק,IL,זוגלובק,קילוגרמים,1.00,"ק""ג",true,,46.00,46.0000,true,1,28581
7290000530048,false,סלמי פפרוני,זוגלובק,IL,זוגלובק,קילוגרמים,1.00,"ק""ג",true,,56.00,56.0000,true,1,28583
7290000530062,false,סלמי מעושן איטלקי,זוגלובק,IL,זוגלובק,קילוגרמים,1.00,"ק""ג",true,,80.00,80.0000,true,1,28584
7290000530086,false,*מבצע* סלמי מעושן 70,זוגלובק,IL,זוגלובק,גרמים,600.00,100 גרם,false,,24.90,0.0415,true,1,28615
7290000530109,false,זוג קבאנוס וואקום,זוגלובק,IL,זוגלובק,גרמים,360.00,100 גרם,false,,24.90,0.0692,true,1,28616
7290000530116,false,סלמי בשן 470 גרם,זוגלובק,IL,זוגלובק,גרמים,470.00,100 גרם,false,,24.90,0.0530,true,1,28617
7290000530178,false,סלמי קוניאק,זוגלובק,IL,זוגלובק,קילוגרמים,1.00,"ק""ג",true,,83.00,83.0000,true,1,28585
7290000530192,false,סרבלד,זוגלובק,IL,זוגלובק,קילוגרמים,1.00,"ק""ג",true,,124.00,124.0000,true,1,28586
7290000530260,false,מרטדלה,זוגלובק,IL,זוגלובק,קילוגרמים,1.00,"ק""ג",true,,35.00,35.0000,true,1,28587
7290000530291,false,נקניק מבשר הודו,זוגלובק,IL,זוגלובק,גרמים,750.00,100 גרם,false,,18.90,0.0252,true,1,28618
7290000530369,false,פסטרמה גולן,זוגלובק,IL,זוגלובק,קילוגרמים,1.00,"ק""ג",true,,79.00,79.0000,true,1,28588
7290000530413,false,המבורגר זהב 400 ג,זוגלובק,IL,זוגלובק,גרמים,400.00,100 גרם,false,,19.90,0.0497,true,1,28619
7290000530444,false,כתף בקר מעושן,זוגלובק,IL,זוגלובק,קילוגרמים,1.00,"ק""ג",true,,109.00,109.0000,true,1,28589
7290000530468,false,נקניקיות וינר 1 קג,זוגלובק,IL,זוגלובק,קילוגרמים,1.00,"ק""ג",false,,23.90,23.9000,true,1,28620
7290000530598,false,וינר גוליבר 500 גרם,זוגלובק,IL,זוגלובק,גרמים,500.00,100 גרם,false,,11.90,0.0238,true,1,28621
7290000530703,false,נקניק תה +חרמון 800,זוגלובק,IL,זוגלובק,גרמים,800.00,100 גרם,false,,25.90,0.0324,true,1,28623
7290000531410,false,פסטרמה בדבש טהור,זוגלובק,IL,זוגלובק,קילוגרמים,1.00,"ק""ג",true,,79.00,79.0000,true,1,28591
7290000531601,false,סטיק בורגר 400 גרם,זוגלובק,IL,זוגלובק,גרמים,400.00,100 גרם,false,,19.90,0.0497,true,1,28624
7290000532400,false,פסטרמה ברביקיו,זוגלובק,IL,זוגלובק,קילוגרמים,1.00,"ק""ג",true,,79.00,79.0000,true,1,28593
7290000532721,false,טורו כתף בקר פלפל,זוגלובק,IL,זוגלובק,קילוגרמים,1.00,"ק""ג",true,,99.00,99.0000,true,1,28594
7290000533353,false,בצק עלים 1 קג,זוגלובק,IL,זוגלובק,קילוגרמים,1.00,"ק""ג",false,,13.90,13.9000,true,1,28626
7290000533681,false,פסטרמה מעושנת הבית,זוגלובק,IL,זוגלובק,קילוגרמים,1.00,"ק""ג",true,,79.00,79.0000,true,1,28596
7290000534718,false,פסטרמה תבור דל שומן,זוגלובק,IL,זוגלובק,קילוגרמים,1.00,"ק""ג",true,,79.00,79.0000,true,1,28597
7290000534800,false,פסטרמה רומנית,זוגלובק,IL,זוגלובק,קילוגרמים,1.00,"ק""ג",true,,79.00,79.0000,true,1,28598
7290000536743,false,קריספי סטיקס תירס,זוגלובק,IL,זוגלובק,גרמים,500.00,100 גרם,false,,11.90,0.0238,true,1,28632
7290000537566,false,נקניקיות עוף 400 גרם,זוגלובק,IL,זוגלובק,גרמים,400.00,100 גרם,false,,9.90,0.0248,true,1,28636
7290000537603,false,נקניקיות עוף 1 קג,זוגלובק,IL,זוגלובק,קילוגרמים,1.00,"ק""ג",false,,23.90,23.9000,true,1,28637
7290000551234,false,שאריות נקניק,,,שאריות נקניק,קילוגרמים,1.00,"ק""ג",true,,25.00,25.0000,true,1,26129
7290000552569,false,סטייק בורגר 400 גרם,טיבון ויל,IL,טיבון ויל,גרמים,400.00,100 גרם,false,,17.90,0.0447,true,1,15017
7290000554006,false,קאשקבל משולשים 26%,מחלבות גד,IL,מחלבות גד,קילוגרמים,1.00,"ק""ג",true,,125.00,125.0000,true,1,14733
7290000554402,false,מלבי,מחלבות גד,IL,מחלבות גד,גרמים,160.00,100 גרם,false,,5.50,0.0344,true,1,14734
7290000554457,false,צפתית 5% 350 גר,מחלבות גד,IL,מחלבות גד,גרמים,350.00,100 גרם,false,,19.90,0.0569,true,1,14735
7290000554471,false,מוצרלה 180 גרם,מחלבות גד,IL,מחלבות גד,גרמים,180.00,100 גרם,false,,15.90,0.0883,true,1,14736
7290000554532,false,צפתית מעודנת 5% 200ג,מחלבות גד,IL,מחלבות גד,גרמים,200.00,100 גרם,false,,13.90,0.0695,true,1,14737
7290000554600,false,מוצרלה מגורדת,מחלבות גד,IL,מחלבות גד,גרמים,300.00,100 גרם,false,,24.90,0.0830,true,1,14738
7290000554655,false,מוצרלה נקניק מעושן 2,מחלבות גד,IL,מחלבות גד,קילוגרמים,1.00,"ק""ג",true,,79.00,79.0000,true,1,14740
7290000554754,false,מוצרלה בייבי  18% מה,מחלבות גד,IL,מחלבות גד,קילוגרמים,1.00,"ק""ג",true,,93.00,93.0000,true,1,14742
7290000554792,false,בולגרית מעודנת 5%,דשן,IL,מחלבות גד,קילוגרמים,1.00,"ק""ג",true,,56.00,56.0000,true,1,14673
7290000554815,false,מוצרלה 22%,מחלבות גד,IL,מחלבות גד,קילוגרמים,1.00,"ק""ג",true,,80.00,80.0000,true,1,14743
7290000554822,false,ריקוטה,מחלבות גד,IL,מחלבות גד,גרמים,250.00,100 גרם,false,,13.90,0.0556,true,1,14744
7290000554839,false,מסקרפונה 250 גרם,מחלבות גד,IL,מחלבות גד,גרמים,250.00,100 גרם,false,,19.90,0.0796,true,1,14745
7290000554891,false,בולגרית מעודנת 16%,דשן,IL,מחלבות גד,קילוגרמים,1.00,"ק""ג",true,,56.00,56.0000,true,1,14674
7290000554969,false,גבינת שמנת טבעית 30%,מחלבות גד,IL,מחלבות גד,קילוגרמים,1.00,"ק""ג",true,,45.00,45.0000,true,1,14677
7290000554976,false,גבינת שמנת זיתים 30%,מחלבות גד,IL,מחלבות גד,קילוגרמים,1.00,"ק""ג",true,,45.00,45.0000,true,1,14678
7290000554990,false,מוצרלה  פרסקה כדורים,מחלבות גד,IL,מחלבות גד,קילוגרמים,1.00,"ק""ג",true,,89.00,89.0000,true,1,14680
7290000560533,false,ג'ל גילוח ירוק לעור,אנרג'ייזר,US,אדג',מיליליטרים,200.00,"100 מ""ל",false,,15.90,0.0795,true,1,8285
7290000560540,false,ג'ל גילוח כתום לעור,אנרג'ייזר,US,אדג',מיליליטרים,200.00,"100 מ""ל",false,,15.90,0.0795,true,1,8286
7290000568621,false,מאפים במשקל בשקית,,,מאפים במשקל בשקית,קילוגרמים,1.00,"ק""ג",true,,42.00,42.0000,true,1,33935
7290000571119,false,גאודה בקר 30%,מחלבה בית יצחק,IL,בית יצחק,קילוגרמים,1.00,"ק""ג",true,,103.00,103.0000,true,1,21276
7290000571188,false,גאודה-תום עזים במשקל,מחלבה בית יצחק,IL,בית יצחק,קילוגרמים,1.00,"ק""ג",true,,139.00,139.0000,true,1,21278
7290000571232,false,גאודה טבעי פרוס 200,מחלבה בית יצחק,IL,בית יצחק,גרמים,150.00,100 גרם,false,,22.90,0.1527,true,1,21450
7290000571294,false,גאודה מעושנת במשקל 3,מחלבה בית יצחק,IL,בית יצחק,קילוגרמים,1.00,"ק""ג",true,,103.00,103.0000,true,1,21279
7290000572208,false,חלוה 100 גרם אחוה,"אחדות ביח""ר לטחינה ח",IL,אחוה,גרמים,100.00,100 גרם,false,,2.90,0.0290,true,1,4148
7290000572222,false,חלוה בלוק 500 גרם אח,"אחדות ביח""ר לטחינה ח",IL,אחוה,גרמים,500.00,100 גרם,false,,10.90,0.0218,true,1,4150
7290000572628,false,חטיפי חלוה ללא תוספת,"אחדות ביח""ר לטחינה ח",IL,אחוה,גרמים,275.00,100 גרם,false,,12.90,0.0469,true,1,4154
7290000572673,false,"חלוה בקופסת שי ""חטיף","אחדות ביח""ר לטחינה ח",IL,אחוה,גרמים,300.00,100 גרם,false,,12.90,0.0430,true,1,4155
7290000572819,false,טחינה גולמית אחוה 1,"אחדות ביח""ר לטחינה ח",,טחינה גולמית אחוה 1,קילוגרמים,1.00,"ק""ג",false,,18.90,18.9000,true,1,41909
7290000574028,false,לחם שחור מעושר פלוס,,IL,דגנית עין בר,גרמים,750.00,100 גרם,false,,6.90,0.0092,true,1,29694
7290000574035,false,לחם אחיד פרוס 750 גר,דגנית עין בר,IL,לחם אחיד פרוס 750 גר,גרמים,750.00,100 גרם,false,,5.90,0.0079,true,1,29695
7290000574066,false,לחם מלא עם שיפון,דגנית עין בר,IL,לחם מלא עם שיפון,גרמים,750.00,100 גרם,false,,13.90,0.0185,true,1,29697
7290000574141,false,לחם חיטה מלא,דגנית עין בר,IL,לחם חיטה מלא,גרמים,750.00,100 גרם,false,,11.90,0.0159,true,1,29699
7290000574172,false,לחם קל מחיטה מלאה,דגנית עין בר,IL,לחם קל מחיטה מלאה,גרמים,750.00,100 גרם,false,,11.90,0.0159,true,1,29701
7290000574257,false,לחם אחיד פרוס- קל,דגנית עין בר,IL,לחם אחיד פרוס- קל,גרמים,750.00,100 גרם,false,,13.90,0.0185,true,1,29702
7290000574370,false,לחם שיפון אמיתי קל,דגנית עין בר,IL,לחם שיפון אמיתי קל,גרמים,750.00,100 גרם,false,,13.90,0.0185,true,1,29704
7290000574455,false,לחם  חיטה וכוסמין,דגנית עין בר,IL,לחם  חיטה וכוסמין,גרמים,750.00,100 גרם,false,,13.90,0.0185,true,1,29705
7290000584621,false,קופון יוחננוף ספרינג,,,קופון יוחננוף ספרינג,יח',1.00,יח',false,,0.01,0.0100,true,1,40731
7290000584867,false,קופון יוחננוף מגוון,,,קופון יוחננוף מגוון,יח',1.00,יח',false,,0.01,0.0100,true,1,43212
7290000585659,false,עוגת קראנץ מאפית,,,עוגת קראנץ מאפית,יח',1.00,יח',false,,24.90,24.9000,true,1,37165
7290000599564,false,צמר פלדה Classic,,,צמר פלדה Classic,1,70.00,1,false,,2.90,0.0414,true,1,5947
7290000599946,false,6 ספוגי הפלא Shiny,מ.א ייצור ושיווק מטל,IL,Shiny,יח',6.00,יח',false,,4.90,0.8167,true,1,5949
7290000623559,false,צדר אנגלי כתום,שבינגטון,GB,שבינגטון,קילוגרמים,1.00,"ק""ג",true,,109.00,109.0000,true,1,14887
7290000631004,false,כבד עוף קפוא,,,כבד עוף קפוא,קילוגרמים,1.00,"ק""ג",true,,14.90,14.9000,true,1,38260
7290000632544,false,סופגניה מיני 6ב14,,,סופגניה מיני 6ב14,יח,6.00,יח,false,,14.00,2.3333,true,1,43101
7290000644783,false,סלמון מנות רביעיה תנ,טרוטל,NO,דגי תנובה,קילוגרמים,1.00,"ק""ג",true,,79.90,79.9000,true,1,27362
7290000646299,false,פילה נסיכת הנילוס תנ,,,פילה נסיכת הנילוס תנ,קילוגרמים,1.00,"ק""ג",true,,54.90,54.9000,true,1,27364
7290000652177,false,נתחי פילה נסיכה 100%,,,נתחי פילה נסיכה 100%,קילוגרמים,1.00,"ק""ג",true,,59.90,59.9000,true,1,27365
7290000652894,false,סטייק דג טונה 100% ת,,,סטייק דג טונה 100% ת,קילוגרמים,1.00,"ק""ג",true,,44.90,44.9000,true,1,27371
7290000658926,false,פילה מרלוזה 100% דג,הרמס,AR,תנובה,קילוגרמים,1.00,"ק""ג",true,,29.90,29.9000,true,1,35005
7290000659312,false,פילה סלמון תנובה קפו,,,תנובה,קילוגרמים,1.00,"ק""ג",true,,69.90,69.9000,true,1,27377
7290000663098,false,שווארמה ריב אנטריקוט,זוהר בשר,IL,שווארמה ריב אנטריקוט,גרמים,300.00,100 גרם,false,,34.90,0.1163,true,1,27383
7290000663104,false,שווארמה פרגית 300 גר,זוהר בשר,IL,שווארמה פרגית 300 גר,גרמים,300.00,100 גרם,false,,34.90,0.1163,true,1,27384
7290000663135,false,קוביות סלמון 300 גרם,commercial mares de,CL,תנובה,גרמים,300.00,100 גרם,false,,29.90,0.0997,true,1,35526
7290000688374,false,מים מינרליים מי עדן,מי עדן,IL,מי עדן,ליטרים,1.98,ליטר,false,,14.90,7.5253,true,1,13021
7290000688381,false,מים מינרליים מי עדן,מי עדן,IL,מי עדן,ליטרים,3.00,ליטר,false,,12.90,4.3000,true,1,13022
7290000688503,false,מים מינרליים מי עדן,מי עדן,IL,מי עדן,ליטרים,4.50,ליטר,false,,14.90,3.3111,true,1,13023
7290000692210,false,*מבצע* אג'קס ניקוי ר,Colgate - Greece,GR,אג'קס,ליטרים,2.00,ליטר,false,,19.90,9.9500,true,1,22941
7290000692227,false,פלמוליב צילינדר קלאס,Colgate - Greece,GR,פלמוליב  כלים,ליטרים,1.00,ליטר,false,,13.90,13.9000,true,1,22942
7290000692456,false,אג'קס חלונות זוג 750,,,אגקס חלונות זוג,ליטרים,1.50,ליטר,false,,24.90,16.6000,true,1,22944
7290000749853,false,מארז פחיות קוקה קולה,,,מארז פחיות קוקה קולה,ליטרים,4.95,ליטר,false,,34.90,7.0505,true,1,37240
7290000784519,false,קופון יוחננוף נייר א,,,קופון יוחננוף נייר א,יח',1.00,יח',false,,0.01,0.0100,true,1,43213
7290000800127,false,מקרל בעישון קר,,,פלמידה בעישון קר,קילוגרמים,1.00,"ק""ג",true,,70.00,70.0000,true,1,22700
7290000803067,false,אלמקס ילדים משחת שינ,CP-Poland swidnica,PL,אלמקס,גרמים,75.00,100 גרם,false,,15.90,0.2120,true,1,22950
7290000805924,false,לה-קט 2.85 קג דגים,"ביופט בע""מ",IL,לה קט,קילוגרמים,2.85,"ק""ג",false,,59.90,21.0175,true,1,32958
7290000848549,false,קופון יוחננוף פרסיל,,,קופון יוחננוף פרסיל,יח',1.00,יח',false,,0.01,0.0100,true,1,38268
7290000852171,false,אוזני פיל מאפית.,,,אוזני פיל מאפית.,קילוגרמים,1.00,"ק""ג",true,,29.00,29.0000,true,1,35187
7290000859651,false,אוזני המן טעמים מובח,,,אוזני המן טעמים מובח,קילוגרמים,1.00,"ק""ג",true,,39.00,39.0000,true,1,37370
7290000895413,false,קופון יוחננוף מטליות,,,קופון יוחננוף מטליות,יח',1.00,יח',false,,0.01,0.0100,true,1,41228
7290000907970,false,כפרית,טירת- צבי,IL,טירת- צבי,קילוגרמים,1.00,"ק""ג",true,,50.00,50.0000,true,1,27411
7290000912349,false,כדורי מוצרלה 22%,מחלבת פרי זה לי,IL,מחלבת פרי זה לי,קילוגרמים,1.00,"ק""ג",true,,69.00,69.0000,true,1,6951
7290000922997,false,גבינת חלומי 21%,מחלבת פרי זה לי,IL,מחלבת פרי זה לי,קילוגרמים,1.00,"ק""ג",true,,75.00,75.0000,true,1,6953
7290000946580,false,תיק רב פעמי יוחננוף,,,תיק רב פעמי יוחננוף,יח',1.00,יח',false,,3.90,3.9000,true,1,29209
7290000963631,false,משטח עץ,,,משטח עץ,יח',1.00,יח',false,,6.00,6.0000,true,1,26153
7290000996608,false,גבינה גרוזינית/ערקית,מחלבת פרי זה לי,IL,מחלבת פרי זה לי,קילוגרמים,1.00,"ק""ג",true,,60.00,60.0000,true,1,6956
7290000996615,false,צפתית קשה 5%,מחלבת פרי זה לי,IL,מחלבת פרי זה לי,קילוגרמים,1.00,"ק""ג",true,,69.00,69.0000,true,1,6957
7290000997728,false,טבורוג 5%,מחלבת פרי זה לי,IL,מחלבת פרי זה לי,קילוגרמים,1.00,"ק""ג",true,,35.00,35.0000,true,1,6961
7290000999524,false,ג.סולוגוני 18%,מחלבת פרי זה לי,IL,מחלבת פרי זה לי,קילוגרמים,1.00,"ק""ג",true,,69.00,69.0000,true,1,6963
7290001009123,false,לחם 100% כוסמין 600,,,לחם 100% כוסמין 600,גרמים,600.00,100 גרם,false,,14.90,0.0248,true,1,14245
7290001009178,false,לחם 100% שיפון 900 ג,,,לחם 100% שיפון,גרמים,900.00,100 גרם,false,,14.90,0.0166,true,1,14247
7290001022085,false,פקורינו מחלב כבשים 3,היחוס דה סלבדור,ES,פקורינו מחלב כבשים 3,קילוגרמים,1.00,"ק""ג",true,,100.00,100.0000,true,1,42521
7290001022146,false,גבינת פרמזן 27%,זנטי,IT,וילי פוד,קילוגרמים,1.00,"ק""ג",true,,85.00,85.0000,true,1,42246
7290001041147,false,חומוס גדול 1 ק''ג,"מיה תעשיות מזון בע""מ",IL,מיה,קילוגרמים,1.00,"ק""ג",false,,10.90,10.9000,true,1,14326
7290001041178,false,אפונה ירוקה 1 ק''ג,"מיה תעשיות מזון בע""מ",IL,מיה,קילוגרמים,1.00,"ק""ג",false,,6.90,6.9000,true,1,14329
7290001041185,false,פופקורן 1 ק''ג,"מיה תעשיות מזון בע""מ",IL,מיה,קילוגרמים,1.00,"ק""ג",false,,8.90,8.9000,true,1,14330
7290001041192,false,עדשים אדומות 1 ק''ג,"מיה תעשיות מזון בע""מ",IL,מיה,קילוגרמים,1.00,"ק""ג",false,,11.90,11.9000,true,1,14331
7290001041208,false,עדשים ירוקות 1 ק''ג,"מיה תעשיות מזון בע""מ",IL,מיה,קילוגרמים,1.00,"ק""ג",false,,11.90,11.9000,true,1,14332
7290001041215,false,חיטה 1 ק''ג,"מיה תעשיות מזון בע""מ",IL,מיה,קילוגרמים,1.00,"ק""ג",false,,5.90,5.9000,true,1,14333
7290001041222,false,חומוס לבן ענק 1 ק''ג,"מיה תעשיות מזון בע""מ",IL,מיה,קילוגרמים,1.00,"ק""ג",false,,15.90,15.9000,true,1,14334
7290001041260,false,שומשום 400 גר,"מיה תעשיות מזון בע""מ",IL,מיה,גרמים,400.00,100 גרם,false,,8.90,0.0223,true,1,14335
7290001041994,false,סוכר דמררה צנצנת 1 ק,מיה,IL,סוכר דמררה צנצנת 1 ק,קילוגרמים,1.00,"ק""ג",false,,9.90,9.9000,true,1,34657
7290001045633,false,משקה קל לימונענע 400,פרימור,IL,משקה קל לימונענע 400,מיליליטרים,400.00,"100 מ""ל",false,,7.90,0.0198,true,1,40009
7290001045657,false,מיץ תפוחים צלול 400,פרימור,,מיץ תפוחים צלול 400,מיליליטרים,400.00,"100 מ""ל",false,,7.90,0.0198,true,1,40010
7290001045688,false,מיץ תפוזים סחוט 400,פרימור,IL,מיץ תפוזים סחוט 400,מיליליטרים,400.00,"100 מ""ל",false,,7.90,0.0198,true,1,40008
7290001121238,false,נקניק קורנדביף 180 ג,מעדני יחיעם,IL,יחיעם,גרמים,180.00,100 גרם,false,,22.90,0.1272,true,1,3443
7290001121979,false,סלמי הרץ 150 גרם,מעדני יחיעם,IL,יחיעם,גרמים,150.00,100 גרם,false,,22.90,0.1527,true,1,3448
7290001123775,false,שווארמה פרגיות 500 ג,טיבון ויל,IL,טיבון ויל,גרמים,500.00,100 גרם,false,,19.90,0.0398,true,1,15027
7290001123782,false,שווארמה הודו 500 גרם,טיבון ויל,IL,טיבון ויל,גרמים,500.00,100 גרם,false,,19.90,0.0398,true,1,15028
7290001133484,false,פילה סלמון  נורבגי ק,סקרגרק,NO,בלדי,קילוגרמים,1.00,"ק""ג",true,,64.90,64.9000,true,1,23803
7290001135068,false,שניצל קפוא ארוז,"נטו מלינדה סחר בע""מ",IL,שניצל קפוא ארוז,קילוגרמים,1.00,"ק""ג",true,,34.90,34.9000,true,1,42247
7290001136287,false,נקה 7 שמפו,"אמיליה קוסמטיקס בע""מ",IL,נקה 7,מיליליטרים,750.00,"100 מ""ל",false,,10.90,0.0145,true,1,9383
7290001136294,false,נקה 7 שמפו,"אמיליה קוסמטיקס בע""מ",IL,נקה 7,מיליליטרים,750.00,"100 מ""ל",false,,10.90,0.0145,true,1,9384
7290001136683,false,נקה 7 מרכך,"אמיליה קוסמטיקס בע""מ",IL,נקה 7,מיליליטרים,750.00,"100 מ""ל",false,,10.90,0.0145,true,1,9387
7290001172650,false,כוס נייר אספרסו 4oz,,,כוס נייר אספרסו 4oz,יח',50.00,יח',false,,6.90,0.1380,true,1,6270
7290001172827,false,מארז 10 יח' גביע עגו,בנדע,IL,אור שני,יח',1.00,יח',false,,6.90,6.9000,true,1,6271
7290001216040,false,טחינה 500 ג אל ארז,,,טחינה 500 ג אל ארז,גרמים,500.00,100 גרם,false,,15.90,0.0318,true,1,12200
7290001216057,false,"טחינה 1 ק""ג אל ארז",,,"טחינה 1 ק""ג אל ארז",קילוגרמים,1.00,"ק""ג",false,,28.90,28.9000,true,1,12201
7290001216231,false,טחינה מלאה 500 ג אל,,,טחינה מלאה 500 ג אל,גרמים,500.00,100 גרם,false,,16.90,0.0338,true,1,12202
7290001247068,false,ספרינג קרטוניות תות,יפאורה תבורי,IL,ספרינג,ליטרים,1.00,ליטר,false,,6.70,6.7000,true,1,13040
7290001247099,false,ספרינג קרטוניות מנגו,יפאורה תבורי,IL,ספרינג,ליטרים,1.00,ליטר,false,,6.70,6.7000,true,1,13042
7290001247112,false,ספרינג קרטוניות לימו,יפאורה תבורי,IL,ספרינג,ליטרים,1.00,ליטר,false,,6.70,6.7000,true,1,13044
7290001247129,false,ספרינג קרטוניות תפוז,יפאורה תבורי,IL,ספרינג,ליטרים,1.00,ליטר,false,,6.70,6.7000,true,1,13045
7290001247143,false,ספרינג קרטוניות תפוח,יפאורה תבורי,IL,ספרינג,ליטרים,1.00,ליטר,false,,6.70,6.7000,true,1,13046
7290001258040,false,גבינת רוקפור 30%,,,גבינת רוקפור 32%,קילוגרמים,1.00,"ק""ג",true,,95.00,95.0000,true,1,16994
7290001258200,false,גבינת שמנת 25%,גבינות יעקבס,IL,משק יעקבס,קילוגרמים,1.00,"ק""ג",true,,35.00,35.0000,true,1,17001
7290001258255,false,גבינת גאודה 28%,,,גבינת גאודה 30%,קילוגרמים,1.00,"ק""ג",true,,95.00,95.0000,true,1,17005
7290001258323,false,גבינת גאודה 28%,,,גבינת גאודה 30%,קילוגרמים,1.00,"ק""ג",true,,95.00,95.0000,true,1,17009
7290001258439,false,גבינת עז מה 5%,,,גבינת עז מה 5%,קילוגרמים,1.00,"ק""ג",true,,59.00,59.0000,true,1,17010
7290001258453,false,גבינת קממברט/אגוזים,,,גבינת קממברט/אגוזים,קילוגרמים,1.00,"ק""ג",true,,95.00,95.0000,true,1,17011
7290001258514,false,ריקוטה 5%,גבינות יעקבס,IL,משק יעקבס,קילוגרמים,1.00,"ק""ג",true,,39.00,39.0000,true,1,17013
7290001258576,false,גאודה ואקום 28% 200,גבינות יעקבס,IL,משק יעקבס,גרמים,200.00,100 גרם,false,,19.70,0.0985,true,1,17026
7290001258668,false,גבינת עזים 5% 250 גר,גבינות יעקבס,IL,משק יעקבס,גרמים,250.00,100 גרם,false,,14.90,0.0596,true,1,17029
7290001258729,false,לבנה עיזים 5% 250 גר,גבינות יעקבס,IL,משק יעקבס,גרמים,250.00,100 גרם,false,,13.90,0.0556,true,1,17031
7290001258774,false,*מבצע* בייבי מוצרלה,גבינות יעקבס,IL,משק יעקבס,גרמים,150.00,100 גרם,false,,9.90,0.0660,true,1,17032
7290001258958,false,מוצרלה מגורדת 24% 20,גבינות יעקבס,IL,משק יעקבס,גרמים,200.00,100 גרם,false,,22.50,0.1125,true,1,17035
7290001258972,false,חלומי 27% 200 גרם,גבינות יעקבס,IL,משק יעקבס,גרמים,200.00,100 גרם,false,,17.90,0.0895,true,1,17036
7290001265642,false,שלישיית מעדני לה-קט,FIDELE SAS,FR,לה קט,קילוגרמים,1.20,"ק""ג",false,,19.90,16.5833,true,1,32960
7290001305058,false,פלמוליב חלב ודבש 500,CP - Turkey+60,TR,פלמוליב סבון,מיליליטרים,500.00,"100 מ""ל",false,,15.90,0.0318,true,1,22955
7290001305188,false,*מבצע* פלמוליב כלים,Colgate - Greece,GR,פלמוליב  כלים,מיליליטרים,750.00,"100 מ""ל",false,,8.90,0.0119,true,1,22956
7290001327180,false,קרמיסימו גלידה חלבית,גלידות שטראוס,IL,קרמיסימו,ליטרים,1.33,ליטר,false,,18.90,14.2105,true,1,7729
7290001327791,false,קרמיסימו גלידה חלבית,גלידות שטראוס,IL,קרמיסימו,ליטרים,1.33,ליטר,false,,18.90,14.2105,true,1,7732
7290001343845,false,*מבצע* גרנולה פירות,"דין שיווק וקלייה בע""",IL,שקדיה,קילוגרמים,1.00,"ק""ג",false,,19.90,19.9000,true,1,3513
7290001407127,false,פרוסות חלבה וניל,,,פרוסות חלבה וניל,גרמים,400.00,100 גרם,false,,12.90,0.0323,true,1,4550
7290001407134,false,פרוסות חלבה שוקו וני,,,פרוסות חלבה שוקו וניל עם,גרמים,400.00,100 גרם,false,,12.90,0.0323,true,1,4551
7290001407592,false,טחינה בארכה מועשר בס,,,"טחינה שומשום 1 ק""ג",קילוגרמים,1.00,"ק""ג",false,,19.90,19.9000,true,1,4554
7290001407820,false,חלבה שאמית בארכה,,,חלבה שאמית בארכה,גרמים,350.00,100 גרם,false,,14.90,0.0426,true,1,4558
7290001419779,false,וופל עלמה 200 גרם,"גילרו בע""מ",IL,גילרו,גרמים,200.00,100 גרם,false,,2.90,0.0145,true,1,8020
7290001419793,false,גביעי גלידה 12 יח,"גילרו בע""מ",IL,גילרו,יח',12.00,יח',false,,9.90,0.8250,true,1,8021
7290001436790,false,מרגז מיני אקסטרה חרי,בלדי,IL,בלדי,גרמים,500.00,100 גרם,false,,27.90,0.0558,true,1,23819
7290001461105,false,לחם מחמצת,,,לחם רוסטיק לבן,יח',1.00,יח',false,,16.90,16.9000,true,1,40174
7290001476208,false,ברי פקאן משולשים צאן,גדישון,IL,מחלבות גד,קילוגרמים,1.00,"ק""ג",true,,129.00,129.0000,true,1,14754
7290001482094,false,פרמז'נו 200 גרם,זנטי,IT,וילי פוד,גרמים,200.00,100 גרם,false,,22.90,0.1145,true,1,11023
7290001482186,false,אננס חתוך 565 גרם,טקרנג,TH,אננס חתוך 565 גרם,גרמים,565.00,100 גרם,false,,5.90,0.0104,true,1,11024
7290001485019,false,גבינת קרם שמנת טבעי,טרה,IL,טרה,גרמים,200.00,100 גרם,false,,10.90,0.0545,true,1,17571
7290001491010,false,*מבצע* תה ירוק יסמין,ויסוצקי,IL,ויסוצקי,גרמים,937.50,100 גרם,false,,17.90,0.0191,true,1,19855
7290001515310,false,כרית קרצוף יפנית סקו,,,כרית קרצוף יפנית סקו,יח',6.00,יח',false,,11.90,1.9833,true,1,8890
7290001567708,false,*מבצע* נקניקיות עוף,מעדני יחיעם,IL,יחיעם,גרמים,400.00,100 גרם,false,,10.90,0.0273,true,1,3450
7290001567760,false,פסטרמה של פעם 300ג,מעדני יחיעם,IL,יחיעם,גרמים,300.00,100 גרם,false,,24.90,0.0830,true,1,3453
7290001594377,false,"פריגת תפוזים 500 מ""ל",פריגת,IL,פריגת,מיליליטרים,500.00,"100 מ""ל",false,,5.00,0.0100,true,1,9028
7290001594384,false,פריגת אשכוליות 500 מ,פריגת,IL,פריגת,מיליליטרים,500.00,"100 מ""ל",false,,5.00,0.0100,true,1,9029
7290001594391,false,"פריגת ענבים 500 מ""ל",פריגת,IL,פריגת,מיליליטרים,500.00,"100 מ""ל",false,,5.00,0.0100,true,1,9030
7290001594575,false,בירה טובורג פחית 500,החברה המרכזית קולה,,בירה טובורג פחית 500,מיליליטרים,500.00,"100 מ""ל",false,,8.90,0.0178,true,1,40130
7290001594810,false,מאלטי בירה שחורה מאר,,,מאלטי בירה שחורה מאר,יחידה,0.00,יחידה,false,,24.90,0.0000,true,1,41267
7290001594858,false,*מבצע* טובורג שישיה,קרלסברג ישראל,IL,טובורג,ליטרים,1.98,ליטר,false,,29.90,15.1010,true,1,9032
7290001594865,false,*מבצע* קרלסברג שישיה,קרלסברג ישראל,IL,קרלסברג,ליטרים,1.98,ליטר,false,,29.90,15.1010,true,1,9033
7290001648995,false,קפה רגואן שלישיה,,,קפה רגואן שלישיה,גרמים,300.00,100 גרם,false,,12.90,0.0430,true,1,24126
7290001670057,false,כפיות לבן 100 יחידות,בי רייט,CN,הנמל,יח',100.00,יח',false,,9.90,0.0990,true,1,10442
7290001670064,false,סכינים  לבן 100 יחיד,בי רייט,CN,הנמל,יח',100.00,יח',false,,9.90,0.0990,true,1,10443
7290001670071,false,כפות לבן 100 יחידות,בי רייט,CN,הנמל,יח',100.00,יח',false,,9.90,0.0990,true,1,10444
7290001670255,false,כוסות קרטון 8B  50,,,כוסות קרטון 8B  50,יח',50.00,יח',false,,8.90,0.1780,true,1,10447
7290001670668,false,קרחונית 12 יחידות,סאדאת איסטנבול,TR,הנמל,יח',12.00,יח',false,,3.90,0.3250,true,1,10451
7290001670736,false,כפפות נילון שקוף 100,,,כפפות נילון שקוף 100,יח,100.00,יח,false,,4.90,0.0490,true,1,10452
7290001670873,false,צלחות 1 ק``ג,אריזות מדף - פלזית,IL,הנמל,יח',66.00,יח',false,,38.90,0.5894,true,1,10455
7290001690147,false,טעם טוב גבינה מותכת,שלושת האופים,IL,מון בלאן,גרמים,120.00,100 גרם,false,,8.90,0.0742,true,1,36560
7290001710111,false,נקניקיות מרגז ארוז 5,מעדני הטלה,IL,מעדני הטלה,גרמים,500.00,100 גרם,false,,19.90,0.0398,true,1,15035
7290001713082,false,תרסיס מסיר שומנים קר,,IL,תרסיס מסיר שומנים קר,ליטרים,1.00,ליטר,false,,9.90,9.9000,true,1,38251
7290001713112,false,תרסיס מסיר אבנית יוח,,IL,תרסיס מסיר אבנית יוח,ליטרים,1.00,ליטר,false,,8.90,8.9000,true,1,38252
7290001713150,false,מתז אקונומיקה קצף 1,"קומפלקס כימיקלים בע""",IL,סנט מוריץ,ליטרים,1.00,ליטר,false,,9.90,9.9000,true,1,10903
7290001713310,false,קצף אקונומיקה בריח ל,,,קצף אקונומיקה בריח ל,ליטרים,1.00,ליטר,false,,8.90,8.9000,true,1,37660
7290001713440,false,תרסיס לניקוי חלונות,"קומפלקס בע""מ",IL,תרסיס לניקוי חלונות,ליטרים,1.00,ליטר,false,,5.90,5.9000,true,1,37451
7290001713457,false,סבון אסלה מרוכז כחול,"קומפלקס בע""מ",TR,סבון אסלה מרוכז כחול,יח',3.00,יח',false,,10.90,3.6333,true,1,39809
7290001713884,false,מטליות מיקרופייבר לר,קומפלקס ייבוא,CN,מטליות מיקרופייבר לר,יח',1.00,יח',false,,12.90,12.9000,true,1,36576
7290001713921,false,אקונומיקה מבושמת 4 ל,"קומפלקס כימיקלים בע""",IL,סנט מוריץ,ליטרים,4.00,ליטר,false,,8.90,2.2250,true,1,10917
7290001780428,false,לייט שוקולד 6 יח’,גלידות נסטלה,IL,גלידות נסטלה,יח',6.00,יח',false,,28.90,4.8167,true,1,15586
7290001791349,false,אקונומיקה פיסגה 4 לי,סנו,IL,פסגה,ליטרים,4.00,ליטר,false,,9.90,2.4750,true,1,9393
7290001855232,false,שמן למאור 1 ליטר,,,שמן למאור 1 ליטר,ליטרים,1.00,ליטר,false,,11.90,11.9000,true,1,3833
7290001865439,false,*מבצע* פמלי אל סבון,אינטרקוסמא,IL,פמלי,ליטרים,1.00,ליטר,false,,9.90,9.9000,true,1,8292
7290001865453,false,*מבצע* פמלי אל סבון,אינטרקוסמא,IL,פמלי,ליטרים,1.00,ליטר,false,,9.90,9.9000,true,1,8293
7290001865460,false,*מבצע* אל סבון משאבה,אינטרקוסמא,IL,פמלי,ליטרים,1.00,ליטר,false,,9.90,9.9000,true,1,8294
7290001873489,false,קרפצ'יו בלאק אנגוס 1,טיבון ויל,IL,black angus,גרמים,120.00,100 גרם,false,,14.90,0.1242,true,1,15040
7290001915004,false,שווארמה עגל (דונר) 5,לאטי עזרא,IL,מעדני הטלה,גרמים,500.00,100 גרם,false,,39.90,0.0798,true,1,40018
7290001915011,false,שווארמה פרגית מתובלת,לאטי עזרא,IL,מעדני הטלה,גרמים,500.00,100 גרם,false,,39.90,0.0798,true,1,39986
7290001973233,false,מגבונים קמיל 120,"ד""ר פישר",IL,קמיל בלו סנסיטיב,יח',120.00,יח',false,,10.90,0.0908,true,1,14452
7290001979082,false,קוקיס במשקל.,,,קוקיס במשקל.,קילוגרמים,1.00,"ק""ג",true,,47.00,47.0000,true,1,33936
7290001979099,false,מאפים במשקל.,,,מאפים במשקל.,קילוגרמים,1.00,"ק""ג",true,,42.00,42.0000,true,1,35536
7290001979129,false,אוזני המן במשקל,,,אוזני המן במשקל,קילוגרמים,1.00,"ק""ג",true,,28.00,28.0000,true,1,36562
7290001989272,false,איקרה לבנה/אדומה,"סלטי שמיר 2006 בע""מ",IL,מעדני מיקי,קילוגרמים,1.00,"ק""ג",true,,49.00,49.0000,true,1,19642
7290001989364,false,מקרל בשמן,"סלטי שמיר 2006 בע""מ",IL,מעדני מיקי,קילוגרמים,1.00,"ק""ג",true,,119.00,119.0000,true,1,19643
7290001989395,false,הרינג כבוש עם בצל,"סלטי שמיר 2006 בע""מ",IL,מעדני מיקי,קילוגרמים,1.00,"ק""ג",true,,55.00,55.0000,true,1,19645
7290001990261,false,"חומוס 1 ק""ג","סוגת תעשיות בע""מ",IL,סוגת,קילוגרמים,1.00,"ק""ג",false,,14.90,14.9000,true,1,1180
7290001990407,false,"עדשים ירוקים 1 ק""ג","סוגת תעשיות בע""מ",IL,סוגת,קילוגרמים,1.00,"ק""ג",false,,13.80,13.8000,true,1,1184
7290001990414,false,"עדשים אדומים 1 ק""ג","סוגת תעשיות בע""מ",IL,סוגת,קילוגרמים,1.00,"ק""ג",false,,13.80,13.8000,true,1,1185
7290001990421,false,פופקורן 1 קג,"סוגת תעשיות בע""מ",IL,סוגת,קילוגרמים,1.00,"ק""ג",false,,9.90,9.9000,true,1,1186
7290002000266,false,שעווה טבעית להסרת שי,ש.שוורץ,IL,מגע המשי,גרמים,500.00,100 גרם,false,,19.90,0.0398,true,1,8298
7290002002857,false,ניירות להסרת שיער בש,ALSOM BIGANDO,FR,מגע המשי,יח',50.00,יח',false,,19.90,0.3980,true,1,8299
7290002007234,false,אבקת סוכר 100 גרם,,,אבקת סוכר 100 גרם,גרמים,100.00,100 גרם,false,,1.60,0.0160,true,1,10459
7290002007371,false,פרורי לחם 500 גרם,הנמל,IL,הנמל,גרמים,500.00,100 גרם,false,,6.50,0.0130,true,1,10462
7290002007500,false,קסמים חבית 500 יחידו,הנג טונג,CN,הנמל,יח',500.00,יח',false,,2.90,0.0058,true,1,10466
7290002007623,false,כוסות ליין 50 יחידות,,,כוסות יין 50 יח,יח',50.00,יח',false,,3.90,0.0780,true,1,10468
7290002007852,false,תמצית וניל 55 מל`,ממתקי עלה ייצור שווק,IL,עלה,מיליליטרים,55.00,"100 מ""ל",false,,2.90,0.0527,true,1,10472
7290002007890,false,כוסות 100 יח` 200  P,אריזות מדף - פלזית,IL,הנמל,יח',100.00,יח',false,,8.90,0.0890,true,1,10473
7290002007975,false,צלחות קטן 50 יחידות,אריזות מדף - פלזית,IL,הנמל,יח',50.00,יח',false,,8.90,0.1780,true,1,10476
7290002007982,false,מזלגות  לבן 100 יחיד,בי רייט,CN,הנמל,יח',100.00,יח',false,,9.90,0.0990,true,1,10477
7290002007999,false,צלחות גדול 50  יחידו,אריזות מדף - פלזית,IL,הנמל,יח',50.00,יח',false,,12.90,0.2580,true,1,10478
7290002008019,false,גמבו שוקו 200 גרם,ממתקי עלה ייצור שווק,IL,הנמל,גרמים,200.00,100 גרם,false,,7.90,0.0395,true,1,10480
7290002008057,false,תמצית רום 55 מל`,ממתקי עלה ייצור שווק,IL,עלה,מיליליטרים,55.00,"100 מ""ל",false,,2.90,0.0527,true,1,10482
7290002008187,false,קשים מתקפלים  40 יחי,הנג טונג,CN,הנמל,יח',40.00,יח',false,,1.90,0.0475,true,1,10487
7290002008507,false,נייר אפיה 50 יח` 42*,הנמל,NO,הנמל,יח',50.00,יח',false,,7.90,0.1580,true,1,10493
7290002008651,false,קמח תפוח אדמה 500,בשקביץ,IL,הנמל,גרמים,500.00,100 גרם,false,,5.90,0.0118,true,1,10495
7290002008743,false,סוכר וניל 10 יחידות,,,סוכר וניל 10 יחידות,גרמים,100.00,100 גרם,false,,1.90,0.0190,true,1,10496
7290002008750,false,אבקת אפיה 10 יחידות,,,אבקת אפיה 10 יחידות,יח',10.00,יח',false,,1.90,0.1900,true,1,10497
7290002008828,false,גמבו שוקו לבן 200 גר,ממתקי עלה ייצור שווק,IL,הנמל,גרמים,200.00,100 גרם,false,,7.90,0.0395,true,1,10499
7290002008934,false,גמבו עגול 200 גרם,ממתקי עלה ייצור שווק,IL,הנמל,גרמים,200.00,100 גרם,false,,7.90,0.0395,true,1,10500
7290002008989,false,קישקשים 225 יחידות,,,קישקשים 225 יחידות,יח',225.00,יח',false,,6.90,0.0307,true,1,10501
7290002013006,false,פסטרמה מקסיקנית,זוגלובק,IL,זוגלובק,קילוגרמים,1.00,"ק""ג",true,,79.00,79.0000,true,1,28603
7290002013174,false,פסטרמה של פעם,זוגלובק,IL,זוגלובק,קילוגרמים,1.00,"ק""ג",true,,79.00,79.0000,true,1,28605
7290002019787,false,רוטב עגבניות פרי ניר,פריניר,IL,פריניר,גרמים,260.00,100 גרם,false,,3.90,0.0150,true,1,8023
7290002019794,false,רוטב עגבניות פרי ניר,פריניר,IL,פריניר,גרמים,100.00,100 גרם,false,,1.90,0.0190,true,1,8024
7290002026341,false,בטטה צ'יפס רגיל שקית,,,צ'יפס בטטה 500 גרם,גרמים,500.00,100 גרם,false,,19.90,0.0398,true,1,24100
7290002026365,false,טבעות בצל רשת 500 גר,,,טבעות בצל 500גרם,גרמים,500.00,100 גרם,false,,8.90,0.0178,true,1,24102
7290002026587,false,וופל בלגי פרווה בראנ,מוצרי איכות אמריקאיי,IL,בראנץ וקראנץ,גרמים,280.00,100 גרם,false,,10.90,0.0389,true,1,24105
7290002040019,false,קוסקוס רגיל  350 גרם,קוסקוס,IL,הנמל,גרמים,350.00,100 גרם,false,,5.50,0.0157,true,1,10502
7290002040064,false,קוסקוס דק   350 גרם,קוסקוס,IL,הנמל,גרמים,350.00,100 גרם,false,,5.50,0.0157,true,1,10503
7290002040071,false,קוסקוס עבה 350 גרם,קוסקוס,IL,הנמל,גרמים,350.00,100 גרם,false,,5.50,0.0157,true,1,10504
7290002043102,false,*מבצע* פריכיות אורז,מימונס אפיה,BG,פריכיות אורז חום מלא,גרמים,200.00,גרם,false,,12.90,0.0645,true,1,6750
7290002043188,false,ציפס אורז חום מלא  צ,מימונס אפיה,BG,ציפס פריכיות,גרמים,60.00,גרם,false,,6.90,0.1150,true,1,6751
7290002043218,false,ציפס אורז חום מלא מל,מימונס אפיה,BG,ציפס פריכיות,גרמים,60.00,גרם,false,,6.90,0.1150,true,1,6752
7290002043232,false,צ'יפס אורז חום מלא ט,מימונס אפיה,BG,ציפס אורז חום מלא,גרמים,120.00,גרם,false,,11.90,0.0992,true,1,6754
7290002043591,false,ציפס אורז חום מלא פפ,מימונס אפיה,BG,ציפס אורז חום מלא,גרמים,120.00,גרם,false,,11.90,0.0992,true,1,6755
7290002043782,false,ציפס אורז חום מלא טק,מימונס אפיה,BG,ציפס פריכיות,גרמים,60.00,גרם,false,,6.90,0.1150,true,1,6756
7290002043829,false,*מבצע* פריכיות מלח ה,מימונס אפיה,BG,פריכיות אורז חום מלא,גרמים,200.00,גרם,false,,12.90,0.0645,true,1,6757
7290002053354,false,נודלס סיני 300 גרם,פ.פ.ח טאביט,PL,אוריינטל,גרמים,300.00,100 גרם,false,,13.90,0.0463,true,1,7116
7290002057017,false,זיתים נובו ענק,קבוצת יבנה,IL,קבוצת יבנה,גרמים,330.00,100 גרם,false,,8.90,0.0270,true,1,17404
7290002057031,false,זיתים מבוקעים 540 גר,קבוצת יבנה,IL,קבוצת יבנה,גרמים,540.00,100 גרם,false,,8.90,0.0165,true,1,17405
7290002057062,false,זיתים ירוקים בינוני,קבוצת יבנה,IL,קבוצת יבנה,גרמים,540.00,100 גרם,false,,6.90,0.0128,true,1,17408
7290002057093,false,זיתים ירוקים גדול 54,קבוצת יבנה,IL,קבוצת יבנה,גרמים,540.00,100 גרם,false,,7.90,0.0146,true,1,17411
7290002057123,false,חרוזית 540 גרם,קבוצת יבנה,IL,קבוצת יבנה,גרמים,540.00,100 גרם,false,,9.50,0.0176,true,1,17413
7290002057161,false,זיתים חתוכים מרינד ח,קבוצת יבנה,IL,קבוצת יבנה,גרמים,540.00,100 גרם,false,,8.90,0.0165,true,1,17417
7290002057178,false,זיתים טבעי גדול,קבוצת יבנה,IL,קבוצת יבנה,גרמים,340.00,100 גרם,false,,8.90,0.0262,true,1,17418
7290002057185,false,טבעות זית ירוק 540 ג,קבוצת יבנה,IL,קבוצת יבנה,גרמים,540.00,100 גרם,false,,9.20,0.0170,true,1,17419
7290002057345,false,"מלפפון במלח 3 ק""ג 30",קבוצת יבנה,IL,קבוצת יבנה,קילוגרמים,3.00,"ק""ג",false,,19.90,6.6333,true,1,17423
7290002057352,false,מלפפון במלח 7-9 540,קבוצת יבנה,IL,קבוצת יבנה,גרמים,540.00,100 גרם,false,,6.50,0.0120,true,1,17424
7290002057369,false,מלפפון 10-12 מלח 540,קבוצת יבנה,IL,קבוצת יבנה,גרמים,540.00,100 גרם,false,,7.50,0.0139,true,1,17425
7290002057376,false,מלפפון 13-17 מלח 540,קבוצת יבנה,IL,קבוצת יבנה,גרמים,540.00,100 גרם,false,,9.90,0.0183,true,1,17426
7290002057383,false,מלפפון 18-25 במלח 54,קבוצת יבנה,IL,קבוצת יבנה,גרמים,540.00,100 גרם,false,,12.90,0.0239,true,1,17427
7290002057451,false,מלפפון בחומץ 7-9 540,קבוצת יבנה,IL,קבוצת יבנה,גרמים,540.00,100 גרם,false,,6.50,0.0120,true,1,17431
7290002057468,false,מלפפון בחומץ 10-12 5,קבוצת יבנה,IL,קבוצת יבנה,גרמים,540.00,100 גרם,false,,7.50,0.0139,true,1,17432
7290002057475,false,מלפפון בחומץ 13-17 5,קבוצת יבנה,IL,קבוצת יבנה,גרמים,540.00,100 גרם,false,,9.90,0.0183,true,1,17433
7290002057482,false,מלפפון בחומץ 18-25 5,קבוצת יבנה,IL,קבוצת יבנה,גרמים,540.00,100 גרם,false,,12.90,0.0239,true,1,17434
7290002057604,false,שיפקה 540 גרם,קבוצת יבנה,IL,קבוצת יבנה,גרמים,540.00,100 גרם,false,,5.50,0.0102,true,1,17437
7290002057628,false,טבעות זית שחור 560 ג,קבוצת יבנה,IL,קבוצת יבנה,גרמים,560.00,100 גרם,false,,8.90,0.0159,true,1,17438
7290002057703,false,חצילים 540 גרם,קבוצת יבנה,IL,קבוצת יבנה,גרמים,540.00,100 גרם,false,,6.90,0.0128,true,1,17439
7290002057734,false,חרוזית שחור 540 גרם,קבוצת יבנה,IL,קבוצת יבנה,גרמים,540.00,100 גרם,false,,8.90,0.0165,true,1,17440
7290002065555,false,לחמניות 6 ארוך,אנג'ל,IL,אנג'ל,גרמים,450.00,100 גרם,false,,10.90,0.0242,true,1,2902
7290002105145,false,בשר מס 2 מחפוד קפוא,,,בשר מס 2 מחפוד קפוא,קילוגרמים,1.00,"ק""ג",true,,44.90,44.9000,true,1,33568
7290002105176,false,בשר מס 4 מחפוד  קפוא,,,כתף מס 4 מחפוד קפוא,קילוגרמים,1.00,"ק""ג",true,,44.90,44.9000,true,1,33535
7290002105183,false,בשר מס 5 מחפוד קפוא,,,בשר מס 5 מחפוד קפוא,קילוגרמים,1.00,"ק""ג",true,,99.90,99.9000,true,1,33569
7290002105190,false,בשר מס 6 מחפוד קפוא,,,בשר מס 6 מחפוד קפוא,קילוגרמים,1.00,"ק""ג",true,,59.90,59.9000,true,1,33570
7290002105220,false,בשר מס 8 מחפוד קפוא,,,בשר מס 8 מחפוד קפוא,קילוגרמים,1.00,"ק""ג",true,,54.90,54.9000,true,1,33571
7290002105503,false,המבורגר מחפוד 500 גר,,,המבורגר מחפוד 500 גרם,גרמים,500.00,100 גרם,false,,18.90,0.0378,true,1,33574
7290002105510,false,קבב מזרחי מחפוד 500,,,קבב מזרחי מחפוד 500 גרם,גרמים,500.00,100 גרם,false,,18.90,0.0378,true,1,33575
7290002107071,false,פטה עזים מעודנת 16%,מחלבת משק צוריאל,IL,משק צוריאל,גרמים,200.00,100 גרם,false,,23.90,0.1195,true,1,17575
7290002107385,false,מה עז - גליל גבינת ע,מחלבת משק צוריאל,IL,משק צוריאל,גרמים,180.00,100 גרם,false,,20.90,0.1161,true,1,17576
7290002107491,false,*מבצע* גבינת עיזים מ,מחלבת משק צוריאל,IL,משק צוריאל,גרמים,250.00,100 גרם,false,,10.90,0.0436,true,1,17577
7290002128014,false,נרות שבת מס 4 מנורה,"מנורה שי נר בע""מ",IL,מנורה,יח',4.00,יח',false,,3.90,0.9750,true,1,30137
7290002128045,false,נרות הבדלה,"מנורה שי נר בע""מ",IL,מנורה,יח',1.00,יח',false,,4.90,4.9000,true,1,30140
7290002128212,false,נרות שבת מס 6 מנורה,"מנורה שי נר בע""מ",IL,מנורה,יח',6.00,יח',false,,3.90,0.6500,true,1,30145
7290002128236,false,נרות שבת מס 10 מנורה,"מנורה שי נר בע""מ",IL,מנורה,יח',10.00,יח',false,,3.90,0.3900,true,1,30146
7290002128250,false,נרות מס 16,,IL,מנורה,יח',1.00,יח',false,,3.90,3.9000,true,1,30147
7290002128267,false,נרות מס 20,,IL,מנורה,יח',1.00,יח',false,,3.90,3.9000,true,1,30148
7290002128311,false,נר נשמה שבועי,"מנורה שי נר בע""מ",IL,מנורה,יח',1.00,יח',false,,9.90,9.9000,true,1,30150
7290002128670,false,נר הבדלה דונג,,IL,מנורה,יח',1.00,יח',false,,7.90,7.9000,true,1,30153
7290002128700,false,נרות חימום 50 מנורה,"מנורה שי נר בע""מ",IL,מנורה,יח',50.00,יח',false,,11.90,0.2380,true,1,30155
7290002128786,false,כוסיות לנריות,"מנורה שי נר בע""מ",IL,מנורה,יח',2.00,יח',false,,3.90,1.9500,true,1,30158
7290002128946,false,נר 48 שעות,"מנורה שי נר בע""מ",IL,מנורה,יח',1.00,יח',false,,4.50,4.5000,true,1,30159
7290002130567,false,דבש 350 גרם,שטראוס גרופ,IL,יד מרדכי,גרמים,350.00,100 גרם,false,,16.90,0.0483,true,1,15943
7290002130581,false,"דבש יד מרדכי 1 ק""ג",שטראוס גרופ,IL,יד מרדכי,קילוגרמים,1.00,"ק""ג",false,,42.90,42.9000,true,1,15945
7290002132011,false,עוגיות עבאדי 400 גר,עבאדי,IL,עבאדי,גרמים,400.00,100 גרם,false,,17.90,0.0447,true,1,19857
7290002133032,false,קשקבל מגורד 300 גרם,"מחלבת השומרון בע""מ",IL,מחלבת השומרון,גרמים,300.00,100 גרם,false,,27.90,0.0930,true,1,33678
7290002133070,false,קשקבל טורקי 26%,"מחלבת השומרון בע""מ",IL,מחלבת השומרון,קילוגרמים,1.00,"ק""ג",true,,108.00,108.0000,true,1,33672
7290002133148,false,צפתית רכה 5%,"מחלבת השומרון בע""מ",IL,מחלבת השומרון,קילוגרמים,1.00,"ק""ג",true,,49.00,49.0000,true,1,33679
7290002150077,false,"בד""צ פלאפל אמיתי 400","חמים וטעים בע""מ",IL,"חמים וטעים בע""מ",גרמים,400.00,100 גרם,false,,12.90,0.0323,true,1,12020
7290002150732,false,קרפלך בשר 400 גרם,"חמים וטעים בע""מ",IL,"חמים וטעים בע""מ",גרמים,400.00,100 גרם,false,,12.90,0.0323,true,1,12025
7290002150817,false,"סיגר תפו""א 400 גרם","חמים וטעים בע""מ",IL,"חמים וטעים בע""מ",גרמים,400.00,100 גרם,false,,12.90,0.0323,true,1,12027
7290002150848,false,אגרול 400 גרם,"חמים וטעים בע""מ",IL,"חמים וטעים בע""מ",גרמים,400.00,100 גרם,false,,12.90,0.0323,true,1,12029
7290002150862,false,קובה בשר מטוגן 400,"חמים וטעים בע""מ",IL,"חמים וטעים בע""מ",גרמים,400.00,100 גרם,false,,12.90,0.0323,true,1,12030
7290002157953,false,טונה ויליגר קנולה 4*,ויליגר,IL,ויליגר,גרמים,560.00,100 גרם,false,,19.90,0.0355,true,1,15056
7290002157960,false,טונה ויליגר במים 4*1,ויליגר,IL,ויליגר,גרמים,560.00,100 גרם,false,,19.90,0.0355,true,1,15057
7290002190141,false,ריבת חלב,גלעם,IL,גלעם,גרמים,450.00,100 גרם,false,,13.90,0.0309,true,1,22338
7290002190516,false,ממרח ריבת חלב 500 גר,גלעם,IL,גלעם,גרמים,500.00,100 גרם,false,,13.90,0.0278,true,1,22339
7290002195054,false,המבורגר בלדי 400 גרם,בלדי,IL,בלדי,גרמים,400.00,100 גרם,false,,11.90,0.0298,true,1,23838
7290002195078,false,קבב כבש בלדי 400 גרם,בלדי,IL,בלדי,גרמים,400.00,100 גרם,false,,11.90,0.0298,true,1,23839
7290002195085,false,קבב מזרחי בלדי 400 ג,בלדי,IL,בלדי,גרמים,400.00,100 גרם,false,,11.90,0.0298,true,1,23840
7290002195092,false,קבב רומני בלדי 400 ג,בלדי,IL,בלדי,גרמים,400.00,100 גרם,false,,11.90,0.0298,true,1,23841
7290002198031,false,פסטרמה פרגיות ללחמני,זוגלובק,IL,זוגלובק,קילוגרמים,1.00,"ק""ג",true,,79.00,79.0000,true,1,28639
7290002198048,false,פסטרמנה הודו בתיבול,זוגלובק,IL,זוגלובק,קילוגרמים,1.00,"ק""ג",true,,79.00,79.0000,true,1,28640
7290002198062,false,פסטרמה הודו אקסטרה מ,זוגלובק,IL,זוגלובק,קילוגרמים,1.00,"ק""ג",true,,79.00,79.0000,true,1,36535
7290002198109,false,צלעות אסאדו מעושנת מ,זוגלובק,IL,זוגלובק,קילוגרמים,1.00,"ק""ג",true,,124.00,124.0000,true,1,36980
7290002208235,false,פוקורינו כבשים,מחלבת משק דותן,IL,משק דותן,קילוגרמים,1.00,"ק""ג",true,,125.00,125.0000,true,1,6969
7290002239215,false,אפונה וגזר קפוא פרי,"פרי הגליל בע""""מ",IL,פרי הגליל,גרמים,800.00,100 גרם,false,,9.90,0.0124,true,1,17103
7290002239277,false,גזר גמדי גליל,"פרי הגליל בע""""מ",IL,פרי הגליל,גרמים,800.00,100 גרם,false,,8.90,0.0111,true,1,17104
7290002239338,false,שעועית ירוקה חתוכה 8,"פרי הגליל בע""""מ",IL,פרי הגליל,גרמים,800.00,100 גרם,false,,9.90,0.0124,true,1,17106
7290002239369,false,שעועית ירוקה שלמה,"פרי הגליל בע""""מ",IL,פרי הגליל,גרמים,800.00,100 גרם,false,,9.90,0.0124,true,1,17107
7290002239420,false,תירס קפוא 800 גר,"פרי הגליל בע""""מ",IL,פרי הגליל,גרמים,800.00,100 גרם,false,,9.90,0.0124,true,1,17108
7290002253006,false,דורות שום כתוש טרי 2,דורות,IL,דורות,גרמים,200.00,100 גרם,false,,16.90,0.0845,true,1,4562
7290002253105,false,דורות קוביות שום טרי,דורות,IL,דורות,גרמים,80.00,100 גרם,false,,10.90,0.1363,true,1,4564
7290002253150,false,דורות בזיליקום קצוץ,דורות,IL,דורות,גרמים,70.00,100 גרם,false,,9.90,0.1414,true,1,4565
7290002253167,false,דורות פטרוזיליה קצוצ,דורות,IL,דורות,גרמים,70.00,100 גרם,false,,9.90,0.1414,true,1,4566
7290002253181,false,דורות כוסברה קצוצה 7,דורות,IL,דורות,גרמים,70.00,100 גרם,false,,9.90,0.1414,true,1,4568
7290002253198,false,דורות ג'ינג'ר טרי כת,דורות,IL,דורות,גרמים,90.00,100 גרם,false,,9.90,0.1100,true,1,4569
7290002253235,false,רוטב פסטו דורות 160,דורות,IL,דורות,גרמים,160.00,100 גרם,false,,10.90,0.0681,true,1,4570
7290002259640,false,רדיד אלומיניום דיאמו,ריינולדס,US,דיימונד,מטרים,7.60,מטר,false,,11.90,1.5658,true,1,10587
7290002259664,false,רדיד אלומיניום ארוך,ריינולדס,US,דיימונד,מטרים,60.40,מטר,false,,54.90,0.9089,true,1,10589
7290002265153,false,פלמידה בעישון קר ווא,אס.פי.פיש האוס,IL,אס.פי.פיש האוס,קילוגרמים,1.00,"ק""ג",true,,80.00,80.0000,true,1,22716
7290002265160,false,פלמידה בשמן,אס.פי.פיש האוס,IL,אס.פי.פיש האוס,קילוגרמים,1.00,"ק""ג",true,,95.00,95.0000,true,1,22705
7290002265191,false,מקרוסקה בואקום,,,מקרוסקה בואקום,קילוגרמים,1.00,"ק""ג",true,,99.00,99.0000,true,1,22717
7290002265245,false,פילה הרינג כבוש,אס.פי.פיש האוס,IL,אס.פי.פיש האוס,קילוגרמים,1.00,"ק""ג",true,,50.00,50.0000,true,1,22708
7290002278528,false,כרית שבת כלין 2 יח',מ.א ייצור ושיווק מטל,IL,Bianco,יח',2.00,יח',false,,6.90,3.4500,true,1,5951
7290002281405,false,סלט דג סלמון 2*160 ג,ויליגר,IL,ויליגר,גרמים,320.00,100 גרם,false,,9.90,0.0309,true,1,15064
7290002281498,false,צהובה מגורדת ריץ 500,שלושת האופים,PL,ריץ,גרמים,500.00,100 גרם,false,,17.90,0.0358,true,1,15065
7290002291046,false,המבורגר בלדי 480 גרם,בלדי,IL,בלדי,גרמים,480.00,100 גרם,false,,22.90,0.0477,true,1,23844
7290002319016,false,אבקת אפיה עשיריות,"מיה תעשיות מזון בע""מ",IL,מיה,גרמים,100.00,100 גרם,false,,1.90,0.0190,true,1,14338
7290002319023,false,סוכר וניל עשיריות,"מיה תעשיות מזון בע""מ",IL,מיה,גרמים,100.00,100 גרם,false,,1.90,0.0190,true,1,14339
7290002319061,false,קוקוס טחון 100 גרם,מיה,IL,קוקוס טחון 100 גרם,גרמים,100.00,100 גרם,false,,3.70,0.0370,true,1,34659
7290002319078,false,שומשום 100 גרם,"מיה תעשיות מזון בע""מ",IL,מיה,גרמים,100.00,100 גרם,false,,2.90,0.0290,true,1,14341
7290002319092,false,קמח תפוחי אדמה 500 ג,,,קמח תפוחי אדמה 500 ג,גרמים,500.00,100 גרם,false,,4.90,0.0098,true,1,14342
7290002319115,false,חומוס גדול 500 גרם,"מיה תעשיות מזון בע""מ",IL,מיה,גרמים,500.00,100 גרם,false,,6.90,0.0138,true,1,14343
7290002319160,false,אפונה 500 גרם,"מיה תעשיות מזון בע""מ",IL,מיה,גרמים,500.00,100 גרם,false,,4.90,0.0098,true,1,14347
7290002319177,false,פופקורן 500 גרם,"מיה תעשיות מזון בע""מ",IL,מיה,גרמים,500.00,100 גרם,false,,4.90,0.0098,true,1,14348
7290002319184,false,עדשים אדומות 500 גרם,"מיה תעשיות מזון בע""מ",IL,מיה,גרמים,500.00,100 גרם,false,,6.90,0.0138,true,1,14349
7290002319191,false,עדשים ירוקות 500 גרם,"מיה תעשיות מזון בע""מ",IL,מיה,גרמים,500.00,100 גרם,false,,6.90,0.0138,true,1,14350
7290002319207,false,כוסמת 500 גרם,"מיה תעשיות מזון בע""מ",IL,מיה,גרמים,500.00,100 גרם,false,,5.90,0.0118,true,1,14351
7290002319221,false,חיטה 500 גרם,"מיה תעשיות מזון בע""מ",IL,מיה,גרמים,500.00,100 גרם,false,,3.50,0.0070,true,1,14353
7290002319375,false,קורנפלור 200 גרם (חד,"מיה תעשיות מזון בע""מ",IL,מיה,גרמים,200.00,100 גרם,false,,2.90,0.0145,true,1,14355
7290002319610,false,שקדים טחונים 100 גרם,מיה,IL,שקדים טחונים 100 גרם,גרמים,100.00,100 גרם,false,,9.90,0.0990,true,1,34662
7290002319771,false,תמצית אפיה וניל,"מיה תעשיות מזון בע""מ",IL,מיה,מיליליטרים,50.00,"100 מ""ל",false,,2.90,0.0580,true,1,14361
7290002319788,false,תמצית אפיה רום,"מיה תעשיות מזון בע""מ",IL,מיה,מיליליטרים,50.00,"100 מ""ל",false,,2.90,0.0580,true,1,14362
7290002319795,false,תמצית אפיה שקדים 60,מיה,IL,תמצית אפיה שקדים 60,מיליליטרים,60.00,"100 מ""ל",false,,3.90,0.0650,true,1,34665
7290002319825,false,אבקת סוכר 100 גרם,"מיה תעשיות מזון בע""מ",IL,מיה,גרמים,100.00,100 גרם,false,,1.90,0.0190,true,1,14363
7290002327028,false,גחנון שלושת האופים 6,אופרה,IL,אופרה,גרמים,650.00,100 גרם,false,,13.90,0.0214,true,1,15067
7290002327042,false,"בורקס תפו""א שלושת הא",אופרה,IL,אופרה,גרמים,800.00,100 גרם,false,,15.90,0.0199,true,1,15068
7290002327059,false,"בצק עלים 1 ק""ג",אופרה,IL,אופרה,קילוגרמים,1.00,"ק""ג",false,,16.90,16.9000,true,1,15069
7290002327073,false,בורקס גבינה שלושת,אופרה,IL,אופרה,גרמים,800.00,100 גרם,false,,16.90,0.0211,true,1,15071
7290002331360,false,*מבצע* נביעות ספורט,נביעות,IL,נביעות,ליטרים,3.00,ליטר,false,,12.90,4.3000,true,1,9042
7290002331421,false,נביעות שישיה 755,נביעות,IL,נביעות,ליטרים,4.53,ליטר,false,,16.90,3.7307,true,1,9043
7290002331483,false,נביעות בייבי 320 מל,נביעות,IL,נביעות,ליטרים,1.92,ליטר,false,,13.90,7.2396,true,1,9044
7290002331490,false,מים נביעות 1 ליטר,נביעות,IL,נביעות,ליטרים,1.00,ליטר,false,,2.90,2.9000,true,1,9045
7290002345015,false,סינטה דק דק אל גאוצו,טיבון ויל,IL,אל גאוצו,גרמים,250.00,100 גרם,false,,16.90,0.0676,true,1,15072
7290002345022,false,אנטריקוט דק דק 250 ג,טיבון ויל,IL,אל גאוצו,גרמים,250.00,100 גרם,false,,15.90,0.0636,true,1,15073
7290002345060,false,גבינת מאסדם הולנדי,ויזר,NL,גבינת מאסדם הולנדי,קילוגרמים,1.00,"ק""ג",true,,75.00,75.0000,true,1,14889
7290002349914,false,מטליות מיקרופייבר יו,,IL,מטליות מיקרופייבר יו,יח',5.00,יח',false,,5.90,1.1800,true,1,41877
7290002349921,false,מטליות מיקרופייבר לר,,IL,מטליות מיקרופייבר לר,יח',2.00,יח',false,,12.90,6.4500,true,1,41875
7290002349938,false,מטליות מיקרופייבר מק,,IL,מטליות מיקרופייבר מק,יח',5.00,יח',false,,11.90,2.3800,true,1,41878
7290002349945,false,כריות יפניות יוחננוף,,IL,כריות יפניות יוחננוף,יח',12.00,יח',false,,11.90,0.9917,true,1,41874
7290002349969,false,כריות קרצוף ללכלוך ק,,IL,כריות קרצוף ללכלוך ק,יח',3.00,יח',false,,6.90,2.3000,true,1,41879
7290002349983,false,מטליות רצפה מיקרופיי,,IL,מטליות רצפה מיקרופיי,יח',3.00,יח',false,,12.90,4.3000,true,1,41876
7290002353836,false,סרדין רוברט בשמן זית,רמירז,PT,סרדין רוברט,גרמים,140.00,100 גרם,false,,8.90,0.0636,true,1,15083
7290002360124,false,*מבצע* פומפדור חליטת,TEEKANNE- POMPADOU,DE,פומפדור,גרמים,30.00,100 גרם,false,,10.90,0.3633,true,1,22957
7290002360155,false,*מבצע* פומפדור חליטת,TEEKANNE- POMPADOU,DE,פומפדור,גרמים,30.00,100 גרם,false,,10.90,0.3633,true,1,22958
7290002360285,false,*מבצע* פומפדור חליטת,TEEKANNE- POMPADOU,DE,פומפדור,גרמים,30.00,100 גרם,false,,10.90,0.3633,true,1,22962
7290002370017,false,*מבצע* גבינת גאודה ב,רובין הולנד,NL,וילי פוד,קילוגרמים,1.00,"ק""ג",true,,90.00,90.0000,true,1,10957
7290002370420,false,גבינת גאודה - הולנד,אמלטי,NL,וילי פוד,קילוגרמים,1.00,"ק""ג",true,,69.00,69.0000,true,1,10976
7290002370475,false,*מבצע* גבינת דנהבלו,קסריאס,ES,יורו צ'יז,קילוגרמים,1.00,"ק""ג",true,,55.00,55.0000,true,1,10977
7290002370789,false,*מבצע* גבינת כבשים ע,אל פסטור,ES,*מבצע* גבינת כבשים ע,קילוגרמים,1.00,"ק""ג",true,,120.00,120.0000,true,1,37022
7290002370901,false,גבינת עיזים משולש 32,אלמטאה,NL,וילי פוד,קילוגרמים,1.00,"ק""ג",true,,100.00,100.0000,true,1,38540
7290002370925,false,*מבצע* גבינת גאודה ע,רובין הולנד,NL,וילי פוד,קילוגרמים,1.00,"ק""ג",true,,90.00,90.0000,true,1,37020
7290002370970,false,גבינת איבריקו משולש,,,גבינת איבריקו 31%,קילוגרמים,1.00,"ק""ג",true,,94.00,94.0000,true,1,38542
7290002370994,false,*מבצע* גאודה עם פטרי,רובין הולנד,NL,*מבצע* גאודה עם פטרי,קילוגרמים,1.00,"ק""ג",true,,110.00,110.0000,true,1,37021
7290002371533,false,סלסולי פסטרמה דבש 12,טירת- צבי,IL,טירת- צבי,גרמים,120.00,100 גרם,false,,12.90,0.1075,true,1,27443
7290002371571,false,פסטרמה פרגית לבאגט,טירת- צבי,IL,טירת- צבי,קילוגרמים,1.00,"ק""ג",true,,79.00,79.0000,true,1,27412
7290002371854,false,נקניקיות חריפות טירת,טירת- צבי,IL,טירת- צבי,קילוגרמים,1.00,"ק""ג",false,,22.90,22.9000,true,1,27445
7290002371939,false,סרוולד צרפתי 120 ג,טירת- צבי,IL,טירת- צבי,גרמים,120.00,100 גרם,false,,23.90,0.1992,true,1,27446
7290002374268,false,שמן חמניות מילומור,סוגת,IL,שמן חמניות מילומור,ליטרים,1.00,ליטר,false,,10.90,10.9000,true,1,35644
7290002374312,true,"שמן קנולה ""מילומור""",שמן תעשיות,IL,עץ הזית,ליטרים,1.00,ליטר,false,,10.90,10.9000,true,1,19723
7290002374640,false,שמן קנולה בריאות מהט,שמן תעשיות,IL,עץ הזית,ליטרים,1.00,ליטר,false,,16.50,16.5000,true,1,19726
7290002385455,false,בולגרית מעודנת 24% מ,דשן,IL,מחלבות גד,קילוגרמים,1.00,"ק""ג",true,,61.00,61.0000,true,1,14689
7290002385509,false,גבינת שמנת שום שמיר,מחלבות גד,IL,מחלבות גד,קילוגרמים,1.00,"ק""ג",true,,45.00,45.0000,true,1,14693
7290002385738,false,מנצ'גו משולשים 34%,גדישון,IL,מחלבות גד,קילוגרמים,1.00,"ק""ג",true,,135.00,135.0000,true,1,14756
7290002404583,false,*מבצע* יין קברנה ברא,,,*מבצע* יין קברנה ברא,מיליליטרים,750.00,"100 מ""ל",false,,32.90,0.0439,true,1,13355
7290002404613,false,*מבצע* יין וירטואוז,יקבי ארזה,IL,ארזה,מיליליטרים,750.00,"100 מ""ל",false,,42.90,0.0572,true,1,13358
7290002404958,false,*מבצע* יין גנוסר 1 ל,יקבי ארזה,IL,גנוסר,ליטרים,1.00,ליטר,false,,15.90,15.9000,true,1,13363
7290002410348,false,רוסטביף עגל ברשת-ואק,מעדני הטלה,IL,מעדני הטלה,קילוגרמים,1.00,"ק""ג",true,,49.90,49.9000,true,1,15092
7290002410713,false,קישקע 500 גרם,מעדני הטלה,IL,מעדני הטלה,גרמים,500.00,100 גרם,false,,9.90,0.0198,true,1,15094
7290002410829,false,קבב מרוקאי 800 גרם,מעדני הטלה,IL,מעדני הטלה,גרמים,800.00,100 גרם,false,,43.90,0.0549,true,1,15095
7290002410874,false,רבעי פרגיות ממולאות,מעדני הטלה,IL,מעדני הטלה,קילוגרמים,1.00,"ק""ג",true,,49.90,49.9000,true,1,15096
7290002461562,false,נקניקיות מיני מרגז 5,מעדני הטלה,IL,מעדני הטלה,גרמים,500.00,100 גרם,false,,24.90,0.0498,true,1,15104
7290002479109,false,"דבש 1 ק""ג עמק חפר",מכוורת עמק חפר,IL,"דבש 1 ק""ג עמק חפר",גרמים,1000.00,100 גרם,false,,39.90,0.0399,true,1,32374
7290002479352,false,דבש 350 גר עמק חפר,מכוורת עמק חפר,IL,דבש 350 גר עמק חפר,גרמים,350.00,100 גרם,false,,15.90,0.0454,true,1,32375
7290002479925,false,דבש לחיץ 350 גרם עמק,מכוורת עמק חפר,IL,דבש לחיץ 350 גרם עמק,גרמים,350.00,100 גרם,false,,16.90,0.0483,true,1,32376
7290002485025,false,חומוס מסעדות 500,"סלטי שמיר 2006 בע""מ",IL,סלטי שמיר,גרמים,500.00,100 גרם,false,,13.90,0.0278,true,1,19646
7290002485049,false,חומוס מסבחה 500,"סלטי שמיר 2006 בע""מ",IL,סלטי שמיר,גרמים,500.00,100 גרם,false,,13.90,0.0278,true,1,19647
7290002487364,false,בורקס פילו גבינה וזי,שגמור,IL,שגמור,גרמים,700.00,100 גרם,false,,16.90,0.0241,true,1,15106
7290002507604,false,פיצת השף-שגב 320 גרם,שלושת האופים,IL,שלושת האופים,גרמים,320.00,100 גרם,false,,12.90,0.0403,true,1,15113
7290002511229,false,*מבצע* בולגרית מעודנ,"מחלבת המושבה בע""מ",IL,מחלבת המושבה,קילוגרמים,1.00,"ק""ג",true,,40.00,40.0000,true,1,22666
7290002511236,false,*מבצע* בולגרית מעודנ,"מחלבת המושבה בע""מ",IL,מחלבת המושבה,קילוגרמים,1.00,"ק""ג",true,,40.00,40.0000,true,1,22667
7290002511243,false,בולגרית 16%,"מחלבת המושבה בע""מ",IL,מחלבת המושבה,קילוגרמים,1.00,"ק""ג",true,,45.00,45.0000,true,1,22635
7290002511250,false,ג. שמנת שמיר 30%,"מחלבת המושבה בע""מ",IL,מחלבת המושבה,קילוגרמים,1.00,"ק""ג",true,,39.00,39.0000,true,1,22636
7290002511267,false,ג. שמנת פסטו 30%,"מחלבת המושבה בע""מ",IL,מחלבת המושבה,קילוגרמים,1.00,"ק""ג",true,,39.00,39.0000,true,1,22637
7290002511274,false,ג. שמנת זיתים 30%,"מחלבת המושבה בע""מ",IL,מחלבת המושבה,קילוגרמים,1.00,"ק""ג",true,,39.00,39.0000,true,1,22638
7290002511427,false,*מבצע* אצבעות שוקולד,"מחלבת המושבה בע""מ",IL,מחלבת המושבה,קילוגרמים,1.00,"ק""ג",true,,57.00,57.0000,true,1,22641
7290002512004,false,צנעני מלווח 16*900גר,צנעני מוצרי בצק,IL,צנעני,גרמים,900.00,100 גרם,false,,19.90,0.0221,true,1,7987
7290002512011,false,צנעני גחנון 15*900גר,צנעני מוצרי בצק,IL,צנעני,גרמים,900.00,100 גרם,false,,19.90,0.0221,true,1,7988
7290002512035,false,צנעני בצק עלים 1 קג,צנעני מוצרי בצק,IL,צנעני,קילוגרמים,1.00,"ק""ג",false,,17.90,17.9000,true,1,7989
7290002512066,false,ג'חנון אפוי למיקרוגל,YOAL,IL,ג'חנון אפוי למיקרוגל,גרמים,650.00,100 גרם,false,,19.90,0.0306,true,1,7990
7290002512509,false,מלוואח אלפא 700 גרם,,,מלוואח אלפא 700 גרם,גרמים,700.00,100 גרם,false,,9.90,0.0141,true,1,7994
7290002512547,false,בצק עלים אלפא,,,בצק עלים אלפא,גרמים,750.00,100 גרם,false,,9.90,0.0132,true,1,7995
7290002512554,false,גחנון אלפא 700 גרם,,,גחנון אלפא 700 גרם,גרמים,700.00,100 גרם,false,,9.90,0.0141,true,1,7996
7290002515333,false,"קמיל אל סבון 500 מ""ל","ד""ר פישר",IL,קמיל בלו סנסיטיב,מיליליטרים,500.00,"100 מ""ל",false,,17.90,0.0358,true,1,14453
7290002517337,false,אורגנו שקית 20 גרם,"תבליני טעם וריח בע""מ",IL,"תבליני טעם וריח בע""מ",גרמים,20.00,100 גרם,false,,5.90,0.2950,true,1,25087
7290002542780,false,שישיית בירה סטלה 330,,,שישיית בירה סטלה 330,ליטרים,1.98,ליטר,false,,34.90,17.6263,true,1,34962
7290002542810,false,"בירה הוגרדן 330 מ""ל",,BE,"בירה הוגרדן 330 מ""ל",מיליליטרים,330.00,"100 מ""ל",false,,9.90,0.0300,true,1,34964
7290002542865,false,שישיית בירה הוגרדן,,BE,שישיית בירה הוגרדן,ליטרים,1.98,ליטר,false,,49.90,25.2020,true,1,34966
7290002560333,false,שקיות אוכל מארז שלשה,,,שקיות אוכל מארז שלשה,יח,3.00,יח,false,,7.90,2.6333,true,1,3832
7290002596448,false,חזה בקר כבוש קפוא.,מעדני הטלה,IL,מעדני הטלה,קילוגרמים,1.00,"ק""ג",true,,39.90,39.9000,true,1,15118
7290002603689,false,מקלות פילו תפוא XL,שגמור,IL,שגמור,גרמים,450.00,100 גרם,false,,16.90,0.0376,true,1,15127
7290002603696,false,מקלות פילו גבינה XL,שגמור,IL,שגמור,גרמים,450.00,100 גרם,false,,16.90,0.0376,true,1,15128
7290002608509,false,לחם מחמצת זיתי קלמטה,,,לחם רוסטיק לבן,יח',1.00,יח',false,,16.90,16.9000,true,1,40177
7290002608516,false,לחם מחמצת מקמח מלא,,,לחם רוסטיק לבן,יח',1.00,יח',false,,16.90,16.9000,true,1,40178
7290002627210,false,גפילטע פיש קציצות צד,דלידג,IL,דלידג,גרמים,560.00,100 גרם,false,,9.90,0.0177,true,1,15129
7290002627753,false,*מבצע* פיצה זוג יוחנ,סוילה אס.אר.אל ויטו,IT,יוחננוף,גרמים,640.00,100 גרם,false,,19.90,0.0311,true,1,15130
7290002651116,false,גחנון חמסי 1 קג לא א,חמסי,IL,חמסי,קילוגרמים,1.00,"ק""ג",false,,15.90,15.9000,true,1,15131
7290002651123,false,מלאווח חמסי 1 קג,חמסי,IL,חמסי,קילוגרמים,1.00,"ק""ג",false,,15.90,15.9000,true,1,15132
7290002651253,false,גחנון אפוי חמסי 600,חמסי,IL,חמסי,גרמים,600.00,100 גרם,false,,15.90,0.0265,true,1,15133
7290002674221,false,משחת שיניים אקווה פר,גלקסוסמיתקליין,GB,אקווה פרש,מיליליטרים,100.00,"100 מ""ל",false,,11.90,0.1190,true,1,10590
7290002692393,false,"שמן קנולה מועשר ""עץ",שמן תעשיות,IL,עץ הזית,ליטרים,1.00,ליטר,false,,15.90,15.9000,true,1,19727
7290002692478,false,*מבצע* שמן זית כתית,שמן תעשיות,IL,עץ הזית,מיליליטרים,750.00,"100 מ""ל",false,,29.90,0.0399,true,1,19729
7290002692768,false,"תרסיס שמן קנולה  ""עץ",שמן תעשיות,IL,עץ הזית,מיליליטרים,200.00,"100 מ""ל",false,,15.90,0.0795,true,1,19731
7290002692782,false,תרסיס שמן זית ללא תו,שמן תעשיות,IL,עץ הזית,מיליליטרים,200.00,"100 מ""ל",false,,15.90,0.0795,true,1,19733
7290002695028,false,סטייק עוף.,כל הבשר,IL,כל הבשר,קילוגרמים,1.00,"ק""ג",true,,21.90,21.9000,true,1,13487
7290002695073,false,בשר מס' 6  מוכשר קפו,כל הבשר,AR,כל הבשר,קילוגרמים,1.00,"ק""ג",true,,39.90,39.9000,true,1,13490
7290002695103,false,בשר מס' 5 מוכשר קפוא,כל הבשר,AR,כל הבשר,קילוגרמים,1.00,"ק""ג",true,,39.90,39.9000,true,1,13492
7290002695127,false,טחון הודו זוגות,כל הבשר,IL,כל הבשר,קילוגרמים,1.00,"ק""ג",false,,14.90,14.9000,true,1,13493
7290002695448,false,סטייק אנטריקוט מעובד,כל הבשר,IL,כל הבשר,קילוגרמים,1.00,"ק""ג",true,,39.90,39.9000,true,1,13503
7290002695608,false,טחון בקר זוגות 2*500,כל הבשר,IL,כל הבשר,קילוגרמים,1.00,"ק""ג",false,,25.90,25.9000,true,1,13509
7290002695684,false,גולש בקר במגש .,כל הבשר,IL,כל הבשר,קילוגרמים,1.00,"ק""ג",true,,33.90,33.9000,true,1,13511
7290002695752,false,טחון עוף זוגות,כל הבשר,IL,כל השר,קילוגרמים,1.00,"ק""ג",false,,14.90,14.9000,true,1,13513
7290002695851,false,בשר טחון בקר 100%.,כל הבשר,IL,כל הבשר,גרמים,500.00,100 גרם,false,,22.90,0.0458,true,1,13518
7290002715504,false,מגיק בכוס טעם עוף,ויינברג,SG,מג'יק,גרמים,70.00,100 גרם,false,,4.50,0.0643,true,1,15137
7290002715511,false,מגיק בכוס בשר,ויינברג,SG,מג'יק,גרמים,70.00,100 גרם,false,,4.50,0.0643,true,1,15138
7290002715528,false,מגיק בכוס ירקות,ויינברג,SG,מג'יק,גרמים,70.00,100 גרם,false,,4.50,0.0643,true,1,15139
7290002715580,false,מגיק בכוס סיני,ויינברג,SG,מג'יק,גרמים,70.00,100 גרם,false,,4.50,0.0643,true,1,15140
7290002730262,false,*מבצע* פלמוליב כלים,Colgate - Greece,GR,פלמוליב  כלים,מיליליטרים,750.00,"100 מ""ל",false,,8.90,0.0119,true,1,22964
7290002730811,false,קולגייט אדומה ג'ל פס,CP-Poland swidnica,PL,קולגייט,מיליליטרים,100.00,"100 מ""ל",false,,11.90,0.1190,true,1,22971
7290002735014,false,מלווח ארוז - יינון,יינון,IL,יינון,גרמים,750.00,100 גרם,false,,13.90,0.0185,true,1,3840
7290002735021,false,ג'חנון ארוז - יינון,יינון,IL,יינון,גרמים,750.00,100 גרם,false,,13.90,0.0185,true,1,3841
7290002735274,false,ג'חנון אפוי - יינון,יינון,IL,יינון,גרמים,600.00,100 גרם,false,,16.90,0.0282,true,1,3846
7290002750963,false,באגט רוסטיק,,,בגט רוסטיק,יח',1.00,יח',false,,7.90,7.9000,true,1,40166
7290002752332,false,מנטוס פירות,פרפטי ואן מלה,NL,מנטוס,גרמים,37.50,100 גרם,false,,2.90,0.0773,true,1,13813
7290002752349,false,גליל מנטוס סוכריות ל,פרפטי ואן מלה,NL,מנטוס,גרמים,37.50,100 גרם,false,,2.90,0.0773,true,1,13814
7290002752493,false,טיק טק  מנטה רביעייה,פררו,EC,פררו,גרמים,64.00,100 גרם,false,,9.90,0.1547,true,1,29257
7290002753223,false,טיק טק תפוז רביעיה,פררו,EC,פררו,גרמים,64.00,100 גרם,false,,9.90,0.1547,true,1,29258
7290002757139,false,מלאווח 700 גרם שלושת,אופרה,IL,אופרה,גרמים,700.00,100 גרם,false,,9.90,0.0141,true,1,15144
7290002757146,false,קובה חמוסטה למרק 1 ק,,IL,שלושת האופים,קילוגרמים,1.00,"ק""ג",false,,17.90,17.9000,true,1,15145
7290002757511,false,קציצות דג לבישול 750,דלידג,IL,דלידג,גרמים,750.00,100 גרם,false,,24.90,0.0332,true,1,15146
7290002757528,false,בורקס פילו תפוא,שגמור,IL,שגמור,גרמים,500.00,100 גרם,false,,16.90,0.0338,true,1,15147
7290002757535,false,בורקס פילו אצבעות גב,שגמור,IL,שגמור,גרמים,700.00,100 גרם,false,,16.90,0.0241,true,1,15148
7290002766056,false,שרי תמר וויטני,,,שרי תמר וויטני,יח',1.00,יח',false,,8.90,8.9000,true,1,1699
7290002768043,false,תיאדנט גדול,,,תיאדנט גדול,מיליליטרים,150.00,"100 מ""ל",false,,14.90,0.0993,true,1,9400
7290002769316,false,קראנץ שמרים 500 גרם,ר.כ עוגיות הזהב,IL,קראנץ 500 גרם,גרמים,500.00,100 גרם,false,,11.90,0.0238,true,1,36991
7290002769996,false,עוגת קראנץ 500 גרם,ר.כ עוגיות הזהב,IL,עוגת קראנץ 500 גרם,גרמים,500.00,100 גרם,false,,14.90,0.0298,true,1,35985
7290002771104,false,קפה קלוי וטחון עם הל,,,קפה אלנחלה הל 500 גרם,גרמים,500.00,100 גרם,false,,29.90,0.0598,true,1,1633
7290002771111,false,קפה קלוי וטחון עם הל,,,קפה אלנחלה הל 250 גרם,גרמים,250.00,100 גרם,false,,15.90,0.0636,true,1,1634
7290002771128,false,קפה קלוי וטחון בלי ה,,,קפה אלנחלה 250 גרם,גרמים,250.00,100 גרם,false,,15.90,0.0636,true,1,1635
7290002782131,false,*מבצע* דאודורנט ספרי,ביסקול,IL,פנינה רוזנבלום בע'מ,מיליליטרים,150.00,"100 מ""ל",false,,19.90,0.1327,true,1,17195
7290002782735,false,דאודורנט ספריי לגבר,ביסקול,IL,פנינה רוזנבלום בע'מ,מיליליטרים,150.00,"100 מ""ל",false,,17.90,0.1193,true,1,17196
7290002782742,false,דאודורנט ספריי לאישה,ביסקול,IL,פנינה רוזנבלום בע'מ,מיליליטרים,150.00,"100 מ""ל",false,,17.90,0.1193,true,1,17197
7290002782759,false,*מבצע* קרם גוף 340 מ,א.ל ארמן,IL,פנינה רוזנבלום בע'מ,מיליליטרים,340.00,"100 מ""ל",false,,19.90,0.0585,true,1,17198
7290002793304,false,*מבצע* ספייר צילינדר,סודה סטרים,IL,*מבצע* ספייר צילינדר,יח',1.00,יח',false,,99.00,99.0000,true,1,15760
7290002793311,false,שירות והחלפה מילוי ג,סודה סטרים,IL,סודה סטרים,יח',1.00,יח',false,,56.90,56.9000,true,1,15761
7290002800361,false,המבורגר מסעדות 500,מעדני הטלה,IL,מעדני הטלה,גרמים,500.00,100 גרם,false,,22.90,0.0458,true,1,15157
7290002805151,false,*מבצע* סיף רצפות 4 ל,אתר ליוור - HPC,IL,CIF,ליטרים,4.00,ליטר,false,,17.90,4.4750,true,1,20374
7290002814016,false,מסיר שומנים קר מתז 7,"קומפלקס כימיקלים בע""",IL,סנט מוריץ,מיליליטרים,750.00,"100 מ""ל",false,,12.90,0.0172,true,1,10918
7290002814054,false,מתז אנטרטיק מתז 1 לי,"קומפלקס כימיקלים בע""",IL,סנט מוריץ,ליטרים,1.00,ליטר,false,,9.90,9.9000,true,1,10921
7290002814078,false,אנטרטיק 1 ליטר צילינ,"קומפלקס כימיקלים בע""",IL,סנט מוריץ,ליטרים,1.00,ליטר,false,,4.90,4.9000,true,1,10922
7290002814306,false,כדוריות סבון אסלה עם,,TR,כדוריות סבון אסלה עם,יח',3.00,יח',false,,9.90,3.3000,true,1,43097
7290002814528,false,אסלות 1 ליטר צילינדר,"קומפלקס כימיקלים בע""",IL,סנט מוריץ,ליטרים,1.00,ליטר,false,,4.90,4.9000,true,1,10933
7290002814580,false,טורנדו גרגירים לפתיח,"קומפלקס כימיקלים בע""",IL,טורנדו,גרמים,200.00,100 גרם,false,,9.90,0.0495,true,1,10935
7290002814603,false,מסיר שומנים קר מבושם,"קומפלקס כימיקלים בע""",IL,סנט מוריץ,מיליליטרים,750.00,"100 מ""ל",false,,9.90,0.0132,true,1,10937
7290002814801,false,כדוריות סבון אסלה פר,,TR,כדוריות סבון אסלה פר,יח',3.00,יח',false,,9.90,3.3000,true,1,43099
7290002814818,false,כדוריות סבון אסלה עם,,TR,כדוריות סבון אסלה עם,יח',3.00,יח',false,,9.90,3.3000,true,1,43100
7290002814825,false,סבון אסלה כדוריות של,"קומפלקס כימיקלים בע""",,סבון אסלה כדוריות של,יח,3.00,יח,false,,9.90,3.3000,true,1,10939
7290002814900,false,סבון אסלה כדוריות של,"קומפלקס כימיקלים בע""",,סבון אסלה כדוריות של,יח,3.00,יח,false,,9.90,3.3000,true,1,10943
7290002824183,false,סקי 500 גרם 5%,שטראוס גרופ,IL,שטראוס,גרמים,500.00,100 גרם,false,,9.30,0.0186,true,1,18075
7290002824466,false,דנונה ביו  0% 200 גר,שטראוס גרופ,IL,שטראוס,מיליליטרים,200.00,"100 מ""ל",false,,3.50,0.0175,true,1,18076
7290002824640,false,סקי 5% 250 גרם,שטראוס גרופ,IL,שטראוס,גרמים,250.00,100 גרם,false,,4.95,0.0198,true,1,18077
7290002825722,false,כרוב אדום 500,שטראוס גרופ,IL,שטראוס,גרמים,500.00,100 גרם,false,,13.90,0.0278,true,1,18079
7290002862222,false,פירורי לחם לבנים 1 ק,,,פירורי לחם לבנים 1 ק,יח',1.00,יח',false,,9.90,9.9000,true,1,29901
7290002862444,false,פירורי לחם מוזהבים 1,,,פירורי לחם מוזהב 800ג,קילוגרמים,1.00,"ק""ג",false,,9.90,9.9000,true,1,29909
7290002862482,false,פירורי לחם מתובלים ק,,,פירורי לחם מתובלים 500ג,גרמים,500.00,100 גרם,false,,7.90,0.0158,true,1,29910
7290002868996,false,קוטג' 5% 250 גרם נעם,טרה,IL,טרה,גרמים,250.00,100 גרם,false,,5.30,0.0212,true,1,17581
7290002871248,false,טובורג חוזר,קרלסברג ישראל,IL,טובורג,מיליליטרים,500.00,"100 מ""ל",false,,7.90,0.0158,true,1,9049
7290002871361,false,קרלסברג חוזר,קרלסברג ישראל,IL,קרלסברג,מיליליטרים,500.00,"100 מ""ל",false,,7.90,0.0158,true,1,9050
7290002879138,false,חומץ תפוחים 700מל מי,קרל קונה,DE,אנדלסים,מיליליטרים,750.00,"100 מ""ל",false,,15.90,0.0212,true,1,17288
7290002881209,false,*מבצע* רסק תפוחי עץ,,,רסק תפוחי עץ,גרמים,720.00,100 גרם,false,,9.90,0.0138,true,1,22346
7290002881216,false,*מבצע* רסק תפוחי עץ,,,רסק תפוחי עץ,גרמים,700.00,100 גרם,false,,9.90,0.0141,true,1,22347
7290002881230,false,אננס חתוך 820 גרם,"אניס פארם בע""מ",VN,אננס חתוך 820 גרם,גרמים,820.00,100 גרם,false,,7.50,0.0091,true,1,22348
7290002881407,false,נודלס דק 400 ג,אופאל,CN,תומר,גרמים,400.00,100 גרם,false,,7.90,0.0198,true,1,22354
7290002881414,false,נודלס עבה 400 ג,אופאל,CN,תומר,גרמים,400.00,100 גרם,false,,7.90,0.0198,true,1,22355
7290002881506,false,חמאת בוטנים,,,חמאת בוטנים,גרמים,510.00,100 גרם,false,,12.90,0.0253,true,1,22357
7290002881612,false,לפתן דובדבנים חמוצים,Fructo sliven jsc,BG,תומר,גרמים,700.00,100 גרם,false,,8.90,0.0127,true,1,22362
7290002881742,false,לבבות דקל חתוך,Inaexpo,EC,תומר,גרמים,220.00,100 גרם,false,,7.90,0.0359,true,1,22365
7290002881803,false,שמן קנולה 1 ליטר תומ,,BE,????,ליטרים,1.00,ליטר,false,,8.90,8.9000,true,1,34597
7290002881940,false,סרדין מרוקאי בשמן 12,,,סרדין מרוקאי בשמן 125 גרם,גרמים,125.00,100 גרם,false,,4.90,0.0392,true,1,22369
7290002881957,false,סרדין מרוקאי חריף 12,,,סרדין מרוקאי חריף 125 גרם,גרמים,125.00,100 גרם,false,,4.90,0.0392,true,1,22370
7290002900313,false,פסטרמה בסגנון ספרדי,טירת- צבי,IL,טירת- צבי,קילוגרמים,1.00,"ק""ג",true,,79.00,79.0000,true,1,27413
7290002900436,false,פסטרמה בסגנון איטלקי,טירת- צבי,IL,טירת- צבי,קילוגרמים,1.00,"ק""ג",true,,79.00,79.0000,true,1,27414
7290002904694,false,טיטניום דאו ספריי,"אמיליה קוסמטיקס בע""מ",IL,טיטניום,מיליליטרים,180.00,"100 מ""ל",false,,14.90,0.0828,true,1,9403
7290002909569,false,פילה ברבוניה 400 גרם,טאנ-היי,,פילה ברבוניה 400 גרם,גרמים,400.00,100 גרם,false,,24.90,0.0622,true,1,23861
7290002909804,false,פילה מרלוזה ללא עור,אל מאריסקו,AR,בלדי,קילוגרמים,1.00,"ק""ג",true,,29.90,29.9000,true,1,23866
7290002909880,false,פולי סויה -אדממה 400,ZHEJIANG,CN,בלדי,גרמים,400.00,100 גרם,false,,6.90,0.0173,true,1,23867
7290002919926,false,בשר מס 4 חלק קפוא,JBS S.A,BR,בלדי,קילוגרמים,1.00,"ק""ג",true,,34.90,34.9000,true,1,41687
7290002920311,false,ברי צאן 25%,טבע עז,IL,מחלבות גד,קילוגרמים,1.00,"ק""ג",true,,125.00,125.0000,true,1,14758
7290002921165,false,הזלין ספריי לניקוי ר,פריקה,DE,הזלין,מיליליטרים,400.00,"100 מ""ל",false,,37.90,0.0947,true,1,13300
7290002921349,false,לוקטייט סופר גלו 3 -,הנקל סוד,TR,סופר,יח',1.00,יח',false,,15.90,15.9000,true,1,13303
7290002925729,false,מ.שיניים גם וגם,,,מ.שיניים גם וגם,מיליליטרים,120.00,"100 מ""ל",false,,14.90,0.1242,true,1,9404
7290002929642,false,טונה ויליגר בשמן 4*1,ויליגר,IL,ויליגר,גרמים,560.00,100 גרם,false,,19.90,0.0355,true,1,15165
7290002954040,false,שמן תירס 1 ליטר,לסיור,FR,שוקחה,ליטרים,1.00,ליטר,false,,14.90,14.9000,true,1,28387
7290002954187,false,"אורז יסמין 5 ק""ג",,,"אורז יסמין 5 ק""ג",קילוגרמים,5.00,"ק""ג",false,,41.90,8.3800,true,1,28388
7290002954477,false,אורז אוסטרלי עגול 5,רייס גריורז למיטד,AU,סנוויט,קילוגרמים,5.00,"ק""ג",false,,42.90,8.5800,true,1,28390
7290002971955,false,קמח שטיבל 650  ל.צ.נ,טחנת קמח דגן-שטיבל,IL,קמח שטיבל 650  ל.צ.נ,קילוגרמים,1.00,"ק""ג",false,,7.90,7.9000,true,1,11731
7290002971962,false,קמח חיטה מלא % 100 ל,טחנת קמח דגן-שטיבל,IL,קמח חיטה מלא % 100 ל,קילוגרמים,1.00,"ק""ג",false,,7.90,7.9000,true,1,11732
7290002971986,false,קמח שיפון מלא  ל.צ.נ,טחנת קמח דגן-שטיבל,IL,קמח שיפון מלא  ל.צ.נ,קילוגרמים,1.00,"ק""ג",false,,7.90,7.9000,true,1,11733
7290002971993,false,קמח כוסמין מלא שטיבל,טחנת קמח דגן-שטיבל,IL,קמח כוסמין מלא שטיבל,קילוגרמים,1.00,"ק""ג",false,,12.90,12.9000,true,1,11734
7290002972006,false,קמח שטיבל  405 ל.צ.נ,טחנת קמח דגן-שטיבל,IL,קמח שטיבל  405 ל.צ.נ,קילוגרמים,1.00,"ק""ג",false,,7.90,7.9000,true,1,11735
7290002972365,false,קמח שטיבל 13 תופחל.צ,טחנת קמח דגן-שטיבל,IL,קמח שטיבל 13 תופחל.צ,קילוגרמים,1.00,"ק""ג",false,,7.90,7.9000,true,1,11736
7290002972426,false,קמח  שטיבל 80% ל.צ.נ,טחנת קמח דגן-שטיבל,IL,קמח  שטיבל 80% ל.צ.נ,קילוגרמים,1.00,"ק""ג",false,,7.90,7.9000,true,1,11737
7290002972518,false,קמח רב תכליתי 2.27 ק,טחנת קמח דגן-שטיבל,IL,קמח רב תכליתי 2.27 ק,גרמים,2270.00,100 גרם,false,,14.90,0.0066,true,1,11738
7290002973669,false,שטיבל 2 קמח לחם  ל.צ,טחנת קמח דגן-שטיבל,IL,שטיבל,קילוגרמים,1.00,"ק""ג",false,,7.90,7.9000,true,1,11739
7290002973676,false,קמח שטיבל 18 - חלה ל,טחנת קמח דגן-שטיבל,IL,שטיבל,קילוגרמים,1.00,"ק""ג",false,,7.90,7.9000,true,1,11740
7290002973829,false,קמח כוסמין לבן  ל.צ.,"שטיבל בע""מ",IL,שטיבל,קילוגרמים,1.00,"ק""ג",false,,13.90,13.9000,true,1,11742
7290002974222,false,קמח עוגיות שטיבל 4 ל,"שטיבל בע""מ",IL,שטיבל,קילוגרמים,1.00,"ק""ג",false,,7.90,7.9000,true,1,11744
7290002974239,false,קמח עוגות שטיבל 5 ל.,"שטיבל בע""מ",IL,שטיבל,קילוגרמים,1.00,"ק""ג",false,,7.90,7.9000,true,1,11745
7290002974314,false,קמח פיצה שטיבל 440 ל,טחנת קמח דגן-שטיבל,IL,שטיבל,קילוגרמים,1.00,"ק""ג",false,,9.90,9.9000,true,1,11746
7290002974338,false,קמח מניטובה 17.5% חל,טחנת קמח דגן-שטיבל,IL,קמח מניטובה 17.5% חל,קילוגרמים,1.00,"ק""ג",false,,11.90,11.9000,true,1,36260
7290002974352,false,קמח מלא חיטה ישראלית,טחנת קמח דגן-שטיבל,IL,קמח מלא חיטה ישראלית,קילוגרמים,1.00,"ק""ג",false,,8.50,8.5000,true,1,36261
7290002986294,false,פתיבר גמבו 600 גרם,,,פתיבר גמבו 600 גרם,גרמים,600.00,100 גרם,false,,10.90,0.0182,true,1,8034
7290002986300,false,פתיבר גמבו שוקו 600,,,פתיבר גמבו שוקו 600 גרם,גרמים,600.00,100 גרם,false,,10.90,0.0182,true,1,8035
7290003006021,false,קוביה פטה עם זיתים 2,גבינות ניצן,IL,גבינות ניצן,קילוגרמים,1.00,"ק""ג",true,,70.00,70.0000,true,1,6529
7290003009183,false,סירופ פריגת דיאט תפו,סירופ - גבעת חיים,IL,סירופ דיאט,מיליליטרים,750.00,"100 מ""ל",false,,21.90,0.0292,true,1,9058
7290003009312,false,בוטן קלוי 200 גרם,"ששון ושות' בע""מ",IL,קליית גת,גרמים,200.00,100 גרם,false,,6.90,0.0345,true,1,13818
7290003009329,false,בוטן אמריקאי 200 גרם,"ג'י אנד ג'י בע""מ",IL,קליית גת,גרמים,200.00,100 גרם,false,,5.90,0.0295,true,1,13819
7290003009336,false,קבוקים 200 גרם,"ג'י אנד ג'י בע""מ",IL,קליית גת,גרמים,200.00,100 גרם,false,,5.90,0.0295,true,1,13820
7290003009596,false,סירופ פריגת דיאט אשכ,סירופ - גבעת חיים,IL,סירופ דיאט,מיליליטרים,750.00,"100 מ""ל",false,,21.90,0.0292,true,1,9060
7290003009640,false,סחוט תפוז 1 ליטר,פריגת מצוננים,IL,סחוט טבעי,ליטרים,1.00,ליטר,false,,15.90,15.9000,true,1,17582
7290003015627,false,*מבצע* ריצפז פרש 2 ל,סנו,IL,ריצפז,ליטרים,2.00,ליטר,false,,14.90,7.4500,true,1,9408
7290003015634,false,*מבצע* ריצפז פרש 2,סנו,IL,ריצפז,ליטרים,2.00,ליטר,false,,14.90,7.4500,true,1,9409
7290003015641,false,*מבצע* ריצפז פרש 2 ל,סנו,IL,ריצפז,ליטרים,2.00,ליטר,false,,14.90,7.4500,true,1,9410
7290003026029,false,קמיל בלו סנסיטיב 500,"ד""ר פישר",IL,קמיל בלו סנסיטיב,גרמים,500.00,100 גרם,false,,17.90,0.0358,true,1,14455
7290003026227,false,*מבצע* קמיל אלדמע 1,"ד""ר פישר",IL,קמיל בלו סנסיטיב,ליטרים,1.00,ליטר,false,,24.90,24.9000,true,1,14458
7290003026319,false,*מבצע* משחה לתינוק ק,"ד""ר פישר",IL,קמיל בלו סנסיטיב,גרמים,120.00,100 גרם,false,,14.90,0.1242,true,1,14460
7290003029181,false,שוקו 1 ליטר,שטראוס גרופ,IL,יטבתה,ליטרים,1.00,ליטר,false,,11.90,11.9000,true,1,18084
7290003029372,false,בננה 1 ליטר,שטראוס גרופ,IL,יטבתה,ליטרים,1.00,ליטר,false,,11.90,11.9000,true,1,18086
7290003029389,false,"בננה פקק 250 מ""ל",שטראוס גרופ,IL,יטבתה,מיליליטרים,250.00,"100 מ""ל",false,,5.50,0.0220,true,1,18087
7290003029433,false,"שוקו פקק 250 מ""ל",שטראוס גרופ,IL,יטבתה,מיליליטרים,250.00,"100 מ""ל",false,,5.50,0.0220,true,1,18088
7290003029532,false,מוקה 1 ליטר,שטראוס גרופ,IL,יטבתה,ליטרים,1.00,ליטר,false,,11.90,11.9000,true,1,18089
7290003029792,false,מארז 8 שקיות שוקו,שטראוס גרופ,IL,יטבתה,ליטרים,1.80,ליטר,false,,18.90,10.5000,true,1,18091
7290003029815,false,חלב 3% בקבוק 2 ליטר,שטראוס גרופ,IL,יטבתה,ליטרים,2.00,ליטר,false,,14.90,7.4500,true,1,18092
7290003029907,false,אייס קפה 1 ליטר,שטראוס גרופ,IL,יטבתה,ליטרים,1.00,ליטר,false,,11.90,11.9000,true,1,18094
7290003031702,false,"נקניקיות הודו 1 ק""ג",טירת- צבי,IL,טירת צבי,קילוגרמים,1.00,"ק""ג",false,,24.90,24.9000,true,1,27451
7290003031740,false,*מבצע* פסטרמה בדבש מ,טירת- צבי,IL,טירת צבי,גרמים,400.00,100 גרם,false,,24.90,0.0622,true,1,27453
7290003031788,false,*מבצע* פסטרמה+סלמי מ,טירת- צבי,IL,טירת צבי,גרמים,800.00,100 גרם,false,,24.90,0.0311,true,1,27454
7290003054657,false,חרדל דיז'ון אקסטרא פ,REINE DE DIJON S.A,FR,ריין דיז'ון,גרמים,370.00,100 גרם,false,,9.90,0.0268,true,1,25634
7290003055050,false,"מ.אף ""סיון 150"" דף ר",חי,IL,סיון,יח',150.00,יח',false,,5.90,0.0393,true,1,12037
7290003055081,false,טישו סיון נילון 100,חי,IL,סיון,יח',100.00,יח',false,,2.90,0.0290,true,1,12039
7290003055166,false,פנסי מעורב פסטל 100,חי,IL,פנסי,יח',100.00,יח',false,,4.90,0.0490,true,1,12041
7290003055203,false,מפיות סיון קולקשיין,maki,PL,סיון,יח',20.00,יח',false,,6.90,0.3450,true,1,12043
7290003055548,false,טישו  פיור שביעיה,חי,IL,פיור,יח',7.00,יח',false,,13.90,1.9857,true,1,12047
7290003069682,false,בצק פילאס 500 גרם,שגמור,IL,שגמור,גרמים,500.00,100 גרם,false,,16.90,0.0338,true,1,15174
7290003072804,false,*מבצע* פסטרמה של פעם,טירת- צבי,IL,טירת צבי,גרמים,200.00,100 גרם,false,,17.90,0.0895,true,1,27468
7290003072811,false,*מבצע* נקניקיות בראט,טירת- צבי,IL,טירת צבי,גרמים,320.00,100 גרם,false,,17.90,0.0559,true,1,27469
7290003072965,false,קבנוס חריף מעושן 120,טירת- צבי,IL,טירת- צבי,גרמים,120.00,100 גרם,false,,9.90,0.0825,true,1,38442
7290003072972,false,קבנוס בתיבול שום 120,טירת- צבי,IL,טירת- צבי,גרמים,120.00,100 גרם,false,,9.90,0.0825,true,1,38443
7290003102136,false,צמר גפן COTTON SOFT,A.P. Ltd,TR,כוטון סופט,גרמים,100.00,100 גרם,false,,4.50,0.0450,true,1,5844
7290003102280,false,צימרוני שסתום לתינוק,,,צמרוני אוזניים לתינוק 55,יח',55.00,יח',false,,3.50,0.0636,true,1,5845
7290003102587,false,מברשת לבקבוק+מברשת ל,N.L. Product,CN,טוליפס,יח',1.00,יח',false,,6.90,6.9000,true,1,5846
7290003102891,false,שקיות צליה הוסטס 10י,B.P. Ltd,TR,הוסטס,יח',10.00,יח',false,,3.50,0.3500,true,1,5847
7290003102976,false,צימרוני אוז' פל' בקו,S.T.O Co Ltd,CN,כוטון סופט,יח',200.00,יח',false,,3.90,0.0195,true,1,5848
7290003107148,false,קמח לבן 1 קג,טחנות קמח דגן בעמ,IL,דגן,קילוגרמים,1.00,"ק""ג",false,,3.90,3.9000,true,1,12856
7290003107216,false,קמח לבן בהיר ארוז,טחנות קמח דגן בעמ,IL,דגן,קילוגרמים,1.00,"ק""ג",false,,5.90,5.9000,true,1,12857
7290003107223,false,"סולת לנדא ארוז 1 ק""ג",טחנות קמח דגן בעמ,IL,דגן,קילוגרמים,1.00,"ק""ג",false,,6.00,6.0000,true,1,12858
7290003107353,false,משפר אפיה שלישיה,,,משפר אפיה שלישיה,גרמים,30.00,100 גרם,false,,5.90,0.1967,true,1,12861
7290003107360,false,"קמח בהיר1 ק""ג דגן מנ",טחנות קמח דגן בעמ,IL,"קמח בהיר1 ק""ג דגן מנ",קילוגרמים,1.00,"ק""ג",false,,7.90,7.9000,true,1,12862
7290003121083,false,מגיק שקית,ויינברג,SG,מג'יק,גרמים,85.00,100 גרם,false,,2.50,0.0294,true,1,15177
7290003121090,false,מגיק שקית,ויינברג,SG,מג'יק,גרמים,85.00,100 גרם,false,,2.50,0.0294,true,1,15178
7290003121106,false,מגיק שקית,ויינברג,SG,מג'יק,גרמים,85.00,100 גרם,false,,2.50,0.0294,true,1,15179
7290003126712,false,יוגורט עיזים טבעי 15,מחלבת משק צוריאל,IL,משק צוריאל,גרמים,150.00,100 גרם,false,,5.80,0.0387,true,1,17584
7290003130399,false,אקווה פרש מברשת ילדי,גלקסוסמיתקליין,IN,אקווה פרש,יח',1.00,יח',false,,7.90,7.9000,true,1,10592
7290003142361,false,פופקורן הוטפופ מתוק,פופז,US,הוטפופ,גרמים,500.00,100 גרם,false,,14.90,0.0298,true,1,42060
7290003142422,false,גרעיני חמניה ללא מלח,"ג'י אנד ג'י בע""מ",IL,קליית גת,גרמים,180.00,100 גרם,false,,5.90,0.0328,true,1,13825
7290003143139,false,סילאן 900 גרם קליית,,,סילאן 900 גרם,גרמים,900.00,100 גרם,false,,12.90,0.0143,true,1,13829
7290003143146,false,ממרח תמרים 450 גרם,,,ממרח תמרים 450 גרם,גרמים,450.00,100 גרם,false,,4.90,0.0109,true,1,13830
7290003143276,false,יוגטה מרשמלו 180 גרם,תות ממתקי איכות,IL,יוגטה,גרמים,180.00,100 גרם,false,,6.90,0.0383,true,1,13833
7290003143337,false,סילאן טבעי לחיץ 350,,,סילאן 900 גרם,גרמים,350.00,100 גרם,false,,14.90,0.0426,true,1,13834
7290003144310,false,תערובת אגוזים וחמוצי,קליית גת,IL,קליית גת,גרמים,150.00,100 גרם,false,,15.90,0.1060,true,1,13845
7290003144419,false,סילאן טבעי 710 גרם ק,,,סילאן 900 גרם,גרמים,710.00,100 גרם,false,,19.90,0.0280,true,1,13846
7290003145751,false,*מבצע* קשיו קלוי 200,"ששון ושות' בע""מ",IL,קליית גת,גרמים,200.00,100 גרם,false,,15.90,0.0795,true,1,13885
7290003145782,false,צנובר טבעי 100 גרם,"ששון ושות' בע""מ",IL,קליית גת,גרמים,100.00,100 גרם,false,,22.90,0.2290,true,1,13886
7290003145959,false,פקאן טבעי 150 גרם,,,פקאן טבעי 150 גרם,גרמים,150.00,100 גרם,false,,19.90,0.1327,true,1,13887
7290003185726,false,קבב מזרחי 500 גרם,טיבון ויל,IL,טיבון ויל,גרמים,500.00,100 גרם,false,,17.90,0.0358,true,1,15181
7290003189045,false,צהובה הלנדית 22% א.ח,צי תעשיות מזון יבנה,IL,כפיר,קילוגרמים,1.00,"ק""ג",true,,35.00,35.0000,true,1,17371
7290003189076,false,פיצרלה מגורדת,צי תעשיות מזון יבנה,IL,כפיר,גרמים,500.00,100 גרם,false,,18.90,0.0378,true,1,17372
7290003189137,false,"צהובה שוויצרית 1 ק""ג",צי תעשיות מזון יבנה,IL,כפיר,קילוגרמים,1.00,"ק""ג",false,,33.90,33.9000,true,1,17373
7290003189144,false,"צהובה הולנדית 1 ק""ג",צי תעשיות מזון יבנה,IL,כפיר,קילוגרמים,1.00,"ק""ג",false,,33.90,33.9000,true,1,17374
7290003189199,false,צהובה חריפה 24% א.ח.,צי תעשיות מזון יבנה,IL,כפיר,קילוגרמים,1.00,"ק""ג",true,,35.00,35.0000,true,1,17367
7290003189267,false,הצהובה הטובה 5% 200,צי תעשיות מזון יבנה,IL,כפיר,גרמים,200.00,100 גרם,false,,13.90,0.0695,true,1,17376
7290003189274,false,צהובה מעושנת 22% א.ח,צי תעשיות מזון יבנה,IL,כפיר,קילוגרמים,1.00,"ק""ג",true,,40.00,40.0000,true,1,17377
7290003189380,false,צהובה שום שמיר א.ח.נ,צי תעשיות מזון יבנה,IL,כפיר,קילוגרמים,1.00,"ק""ג",true,,40.00,40.0000,true,1,17368
7290003220380,false,עוגיות סנדביץ שוקו,מגדנית הדר,IL,מעדני מלך,גרמים,150.00,100 גרם,false,,3.50,0.0233,true,1,8041
7290003220397,false,עוגיות סנדביץ וניל,מגדנית הדר,IL,מעדני מלך,גרמים,150.00,100 גרם,false,,3.50,0.0233,true,1,8042
7290003220403,false,קרקר מעדני המלך,מגדנית הדר,IL,מעדני מלך,גרמים,110.00,100 גרם,false,,2.90,0.0264,true,1,8043
7290003220410,false,קרקר מעדני המלך,מגדנית הדר,IL,מעדני מלך,גרמים,110.00,100 גרם,false,,2.90,0.0264,true,1,8044
7290003220434,false,פתיבר מעדני המלך וני,מגדנית הדר,IL,מעדני מלך,גרמים,110.00,100 גרם,false,,2.90,0.0264,true,1,8046
7290003220465,false,פתיבר 500 גרם מעדני,מגדנית הדר,IL,מעדני מלך,גרמים,500.00,100 גרם,false,,7.90,0.0158,true,1,8049
7290003220526,false,רוטב צילי חריף ווק 7,תאי פרידה אינדסטרי ב,TH,WOK,מיליליטרים,700.00,"100 מ""ל",false,,10.90,0.0156,true,1,8052
7290003220588,false,צילי מתוק ללא סוכר ו,תאי פרידה אינדסטרי ב,TH,WOK,מיליליטרים,700.00,"100 מ""ל",false,,13.90,0.0199,true,1,8055
7290003220595,false,אורז לסושי ווק 1 קג,"מיה תעשיות מזון בע""מ",IL,WOK,קילוגרמים,1.00,"ק""ג",false,,10.90,10.9000,true,1,8056
7290003220649,false,"שמן שומשום 150 מ""ל",הו צ'קינג הינג אוי פ,SG,WOK,מיליליטרים,150.00,"100 מ""ל",false,,13.90,0.0927,true,1,8057
7290003220717,false,אצות נורי לסושי 10 י,ג'י וואן גלובול נאט,TH,WOK,יח',10.00,יח',false,,9.90,0.9900,true,1,8059
7290003220748,false,רוטב סויה ווק 640 מל,ליאנג סאנג האנד הואד,TH,WOK,מיליליטרים,640.00,"100 מ""ל",false,,10.90,0.0170,true,1,8061
7290003220786,false,"מקלות אורז 5 מ""מ",אסיאן סופירה פודס חב,TH,WOK,גרמים,400.00,100 גרם,false,,8.90,0.0223,true,1,8065
7290003220830,false,"חומץ אורז 500 מ""ל",דיאמונד פריזרוד פודס,TH,WOK,מיליליטרים,500.00,"100 מ""ל",false,,14.90,0.0298,true,1,8068
7290003220939,false,מקלוני אורז דקים,אסיאן סופירה פודס חב,TH,WOK,גרמים,400.00,100 גרם,false,,8.90,0.0223,true,1,8070
7290003220977,false,ביסקויט ירח חצי מצופ,מגדנית הדר,IL,הדר,גרמים,175.00,100 גרם,false,,5.90,0.0337,true,1,8072
7290003222070,false,פיתות 13 יח,מאפיית המכבים,,פיתה תימנית 3+10,יח',13.00,יח',false,,9.90,0.7615,true,1,14290
7290003222094,false,פיתה ביס 11 יח,מאפיית המכבים,IL,פיתה ביס 12 יח,יח',11.00,יח',false,,8.90,0.8091,true,1,14291
7290003229116,false,פסטרמה בדבש טירת צבי,טירת- צבי,IL,טירת- צבי,גרמים,400.00,100 גרם,false,,25.90,0.0647,true,1,27480
7290003229154,false,נקניק קוניאק טירת צב,טירת- צבי,IL,טירת- צבי,גרמים,300.00,100 גרם,false,,25.90,0.0863,true,1,27483
7290003229192,false,כתף בקר טירת צבי 400,טירת- צבי,IL,טירת- צבי,גרמים,400.00,100 גרם,false,,25.90,0.0647,true,1,27484
7290003229208,false,פסטרמה ספרדית 360 ג,טירת- צבי,IL,טירת- צבי,גרמים,360.00,100 גרם,false,,25.90,0.0719,true,1,27485
7290003229222,false,סלמי תה 300 גרם,טירת- צבי,IL,טירת- צבי,גרמים,300.00,100 גרם,false,,21.90,0.0730,true,1,27487
7290003258284,false,קרם גוף מספר 3,א.ל ארמן,IL,פנינה רוזנבלום בע'מ,מיליליטרים,350.00,"100 מ""ל",false,,28.90,0.0826,true,1,17199
7290003258406,false,"ווקס לשיער 100 מ""ל",ארמן,IL,פנינה רוזנבלום בע'מ,מיליליטרים,100.00,"100 מ""ל",false,,16.90,0.1690,true,1,17200
7290003268252,false,לחם חיטה לילדים,דגנית עין בר,IL,לחם חיטה לילדים,גרמים,750.00,100 גרם,false,,12.90,0.0172,true,1,29706
7290003268429,false,לחם ירוק,דגנית עין בר,IL,לחם ירוק,גרמים,750.00,100 גרם,false,,13.90,0.0185,true,1,29707
7290003287055,false,שיפודי פרגית 500 גרם,בלדי,IL,בלדי,גרמים,500.00,100 גרם,false,,39.90,0.0798,true,1,23871
7290003287253,false,נקניקיות מרגז 500 גר,בלדי,IL,בלדי,גרמים,500.00,100 גרם,false,,27.90,0.0558,true,1,23873
7290003287284,false,קבב ביתי 600 גרם הקצ,בלדי,IL,בלדי,גרמים,600.00,100 גרם,false,,27.90,0.0465,true,1,23875
7290003318100,false,וופל שוקו מנעמים 200,,,וופל מנעמית 200 גרם,גרמים,200.00,100 גרם,false,,3.50,0.0175,true,1,28952
7290003318131,false,מנעמים אגוז 200 גרם,,,וופל מנעמית 200 גרם,גרמים,200.00,100 גרם,false,,3.50,0.0175,true,1,28953
7290003318599,false,וופל וניל מנעמים 200,,,וופל מנעמית 200 גרם,גרמים,200.00,100 גרם,false,,3.50,0.0175,true,1,28955
7290003321292,false,סקי 9% 250 גרם,שטראוס גרופ,IL,שטראוס,גרמים,250.00,100 גרם,false,,4.70,0.0188,true,1,18096
7290003387205,false,ספיד סטיק בסיסי ירוק,Colgate - USA,US,ספיד סטיק,גרמים,56.00,100 גרם,false,,16.90,0.3018,true,1,22988
7290003400500,false,חטיף קרמל נאטרייגס 4,,,חטיף קרמל נאטרייגס 4,גרמים,47.00,100 גרם,false,,4.90,0.1043,true,1,13534
7290003401369,false,קרם לחות נטורל קלאסי,"אמיליה קוסמטיקס בע""מ",IL,נטורל פורמולה,מיליליטרים,400.00,"100 מ""ל",false,,19.90,0.0497,true,1,9411
7290003401376,false,קרם לחות נטורל קלאסי,"אמיליה קוסמטיקס בע""מ",IL,נטורל פורמולה,מיליליטרים,400.00,"100 מ""ל",false,,19.90,0.0497,true,1,9412
7290003401420,false,קרם לחות נטורל קלאסי,"אמיליה קוסמטיקס בע""מ",IL,נטורל פורמולה,מיליליטרים,400.00,"100 מ""ל",false,,19.90,0.0497,true,1,9413
7290003401635,false,קרם לחות ברגע נטורל,"אמיליה קוסמטיקס בע""מ",IL,נטורל פורמולה,מיליליטרים,400.00,"100 מ""ל",false,,20.90,0.0522,true,1,9414
7290003401642,false,קרם לחות ברגע נטורל,"אמיליה קוסמטיקס בע""מ",IL,נטורל פורמולה,מיליליטרים,400.00,"100 מ""ל",false,,20.90,0.0522,true,1,9415
7290003402809,false,חטיף ריזס שוקולד לבן,,,חטיף ריזס שוקולד לבן,גרמים,39.00,100 גרם,false,,3.90,0.1000,true,1,13535
7290003411573,false,צלחות עמוקות לבן  30,אריזות מדף - פלזית,IL,הנמל,יח',30.00,יח',false,,14.90,0.4967,true,1,10511
7290003411696,false,מרקיות  לבן 25 יחידו,פלסטכים תורכיה,IL,הנמל,יח',25.00,יח',false,,6.90,0.2760,true,1,10513
7290003411726,false,קסמים מלחיה 300 יחיד,הנג טונג,CN,הנמל,יח',300.00,יח',false,,3.50,0.0117,true,1,10515
7290003423909,false,חטיף הרשי שוקולד לבן,,,חטיף שוקולד לבן עם שברי ע,גרמים,43.00,100 גרם,false,,4.90,0.1140,true,1,13888
7290003427154,false,*מבצע* שמן זית כתית,זיתא - י.ט.ב תעשיות,IL,זיתא,מיליליטרים,750.00,"100 מ""ל",false,,27.90,0.0372,true,1,1119
7290003438006,false,אוליביה פסטו איטלקי,אוליביה,IL,אוליביה,גרמים,190.00,100 גרם,false,,12.90,0.0679,true,1,19860
7290003438013,false,אולביה זיתים ירוקים,אוליביה,IL,אוליביה,גרמים,190.00,100 גרם,false,,12.90,0.0679,true,1,19861
7290003438020,false,ממרח עגבניות אוליביה,אוליביה,IL,אוליביה,גרמים,190.00,100 גרם,false,,12.90,0.0679,true,1,19862
7290003444009,false,חטיף ריזס במילוי חמא,,,חטיף ריזס במילוי חמאת בוט,גרמים,42.00,100 גרם,false,,3.90,0.0929,true,1,13890
7290003450602,false,חרדל לחיץ 255 גרם,היינץ צפון אמריקה מק,US,היינץ,גרמים,255.00,100 גרם,false,,7.90,0.0310,true,1,25637
7290003457991,false,קורנטו מאגדת שישיית,גלידות שטראוס,IL,קורנטו,גרמים,360.00,100 גרם,false,,32.90,0.0914,true,1,7735
7290003461677,false,*מבצע* חומוס אסלי 1,"סלטי שמיר 2006 בע""מ",IL,אסלי,קילוגרמים,1.00,"ק""ג",false,,11.90,11.9000,true,1,36218
7290003461868,false,*מבצע* חציל במיונז א,"סלטי שמיר 2006 בע""מ",IL,אסלי,קילוגרמים,1.00,"ק""ג",false,,11.90,11.9000,true,1,36219
7290003478002,false,סחוג של רומיה 150 גר,הסחוג הביתי של רומיה,IL,הסחוג הביתי של רומיה,גרמים,150.00,100 גרם,false,,8.90,0.0593,true,1,26189
7290003478019,false,סחוג של רומיה 150 גר,הסחוג הביתי של רומיה,IL,הסחוג הביתי של רומיה,גרמים,150.00,100 גרם,false,,8.90,0.0593,true,1,26190
7290003478026,false,סחוג אקסטרה חריף של,הסחוג הביתי של רומיה,IL,הסחוג הביתי של רומיה,גרמים,120.00,100 גרם,false,,9.90,0.0825,true,1,36786
7290003478040,false,העמבה של רומיה 250 ג,הסחוג הביתי של רומיה,IL,הסחוג הביתי של רומיה,גרמים,250.00,100 גרם,false,,9.90,0.0396,true,1,26191
7290003478132,false,פלפל צומה רומיה 250,,,פלפל צומה רומיה 250,גרמים,250.00,100 גרם,false,,9.90,0.0396,true,1,26192
7290003478149,false,אריסה רומיה 250 גרם,הסחוג הביתי של רומיה,IL,הסחוג הביתי של רומיה,גרמים,250.00,100 גרם,false,,9.90,0.0396,true,1,26193
7290003478200,false,לימון כבוש 250 גרם,הסחוג הביתי של רומיה,IL,הסחוג הביתי של רומיה,גרמים,250.00,100 גרם,false,,9.90,0.0396,true,1,26195
7290003514007,false,מנה שקדי מרק מנה 400,Mana,IL,מנה,גרמים,400.00,100 גרם,false,,9.90,0.0248,true,1,22991
7290003521074,false,סרקל 1 ליטר,"ד""ר פישר",IL,סרקל,ליטרים,1.00,ליטר,false,,28.90,28.9000,true,1,14462
7290003521081,false,סרקל 1 ליטר,"ד""ר פישר",IL,סרקל,ליטרים,1.00,ליטר,false,,28.90,28.9000,true,1,14463
7290003521166,false,סרקל קרם רוזמרין,"ד""ר פישר",IL,סרקל,מיליליטרים,325.00,"100 מ""ל",false,,24.90,0.0766,true,1,14464
7290003521203,false,*מבצע* סרקל שמפו 2 ל,"ד""ר פישר",IL,סרקל,ליטרים,2.00,ליטר,false,,35.90,17.9500,true,1,14466
7290003521340,false,קמיל בלו קלאסיק 2 לי,"ד""ר פישר",IL,קמיל בלו,ליטרים,2.00,ליטר,false,,33.90,16.9500,true,1,14468
7290003521395,false,קמיל בלו 2 ליטר אל ס,"ד""ר פישר",IL,קמיל בלו סנסיטיב,ליטרים,2.00,ליטר,false,,37.90,18.9500,true,1,14469
7290003550753,false,טונה פוסידון רביעיה,פוסידון,IL,פוסידון,גרמים,432.00,100 גרם,false,,19.90,0.0461,true,1,15188
7290003570164,false,מינוט שווארמה פרגית,בלדי,IL,מינוט שווארמה פרגית,גרמים,300.00,100 גרם,false,,26.90,0.0897,true,1,23897
7290003570928,false,קבב בלדי 500 גרם הקצ,בלדי,IL,בלדי,גרמים,500.00,100 גרם,false,,27.90,0.0558,true,1,23899
7290003578108,false,אננס חתוך וילי פוד 8,טקרנג,TH,וילי פוד,גרמים,850.00,100 גרם,false,,8.90,0.0105,true,1,11033
7290003578177,false,תירס גמדי 410 גרם,מג'סטיק פוד,TH,וילי פוד,גרמים,410.00,100 גרם,false,,6.90,0.0168,true,1,11036
7290003578313,false,דובדבנים בסירופ 680,יורוביקה,HR,וילי פוד,גרמים,680.00,100 גרם,false,,9.90,0.0146,true,1,11039
7290003578672,false,שמן חמניות,בירני,TR,שמן חמניות,ליטרים,1.00,ליטר,false,,11.90,11.9000,true,1,35696
7290003598311,false,מינוט סטייק 300 גרם,בלדי,IL,בלדי,גרמים,300.00,100 גרם,false,,26.90,0.0897,true,1,23908
7290003598472,false,סלמון מנות נורבגי קפ,סאנסי,NO,בלדי,קילוגרמים,1.00,"ק""ג",true,,74.90,74.9000,true,1,23909
7290003610334,false,בשר מס 4 חלק קפוא,,UY,בלדי,קילוגרמים,1.00,"ק""ג",true,,34.90,34.9000,true,1,37822
7290003643004,false,אורז בסמטי 1 קג,סוגת תעשיות בעמ,IL,סוגת,קילוגרמים,1.00,"ק""ג",false,,12.90,12.9000,true,1,1187
7290003643158,false,קורנפלור 200 גר,"י. כהן בע""מ",IL,סוגת,גרמים,200.00,100 גרם,false,,2.90,0.0145,true,1,1191
7290003643325,false,קוסקוס בינוני 350 ג,"אסיף תעשיות מזון בע""",IL,סוגת,גרמים,350.00,100 גרם,false,,4.90,0.0140,true,1,1195
7290003643387,false,"סוכר לבן בצנצנת 1ק""ג","סוגת תעשיות בע""מ",IL,סוגת,קילוגרמים,1.00,"ק""ג",false,,7.90,7.9000,true,1,1196
7290003643646,false,*מבצע* סוכר דמררה צנ,סוגת תעשיות בעמ,IL,סוגת,קילוגרמים,1.00,"ק""ג",false,,9.90,9.9000,true,1,1197
7290003643684,false,אפונה 500 גרם,"סוגת תעשיות בע""מ",IL,סוגת,גרמים,500.00,100 גרם,false,,5.90,0.0118,true,1,1198
7290003643714,false,חומוס 500 גרם,"סוגת תעשיות בע""מ",IL,סוגת,גרמים,500.00,100 גרם,false,,7.90,0.0158,true,1,1200
7290003643738,false,חיטה 500 גרם,"סוגת תעשיות בע""מ",IL,סוגת,גרמים,500.00,100 גרם,false,,4.90,0.0098,true,1,1201
7290003643752,false,עדשים ירוקים 500 גרם,"סוגת תעשיות בע""מ",IL,סוגת,גרמים,500.00,100 גרם,false,,6.90,0.0138,true,1,1203
7290003643769,false,עדשים אדומים 500 גרם,"סוגת תעשיות בע""מ",IL,סוגת,גרמים,500.00,100 גרם,false,,6.90,0.0138,true,1,1204
7290003643776,false,פופקורן 500 גרם,"סוגת תעשיות בע""מ",IL,סוגת,גרמים,500.00,100 גרם,false,,5.50,0.0110,true,1,1205
7290003643783,false,קוקוס 100 גרם,"סוגת תעשיות בע""מ",IL,סוגת,גרמים,100.00,100 גרם,false,,3.90,0.0390,true,1,1206
7290003643806,false,שעועית לבנה 500 גרם,"סוגת תעשיות בע""מ",IL,סוגת,גרמים,500.00,100 גרם,false,,11.90,0.0238,true,1,1207
7290003643813,false,שעועית אדומה 500 גר,"סוגת תעשיות בע""מ",IL,סוגת,גרמים,500.00,100 גרם,false,,10.90,0.0218,true,1,1208
7290003681334,false,קוקוס טחון 400 גרם,מיה,IL,קוקוס טחון 400 גרם,גרמים,400.00,100 גרם,false,,9.90,0.0248,true,1,34668
7290003681365,false,קישוט לעוגה בצנצנת 7,"מיה תעשיות מזון בע""מ",IL,מיה,גרמים,70.00,100 גרם,false,,4.90,0.0700,true,1,14367
7290003681693,false,חומוס לבן ענק 500 גר,"מיה תעשיות מזון בע""מ",IL,מיה,גרמים,500.00,100 גרם,false,,9.90,0.0198,true,1,14368
7290003718993,false,פילה סלמון נורבגי קפ,סקרגרק,NO,בלדי,קילוגרמים,1.00,"ק""ג",true,,64.90,64.9000,true,1,38173
7290003726141,false,טופו משק גאיה 300 גר,,,גבינת טופו טבעי 300 גרם,גרמים,300.00,100 גרם,false,,10.90,0.0363,true,1,14759
7290003726615,true,טופו ויילר 300 גרם,משק ויילר,IL,משק ויילר,גרמים,300.00,100 גרם,false,,10.90,0.0363,true,1,18098
7290003726684,false,טופו חומוס בטעם טבעי,משק ויילר,IL,ויילר,גרמים,300.00,100 גרם,false,,11.90,0.0397,true,1,18099
7290003726868,false,טופו חומוס בתוספת עג,משק ויילר,IL,ויילר,גרמים,300.00,100 גרם,false,,11.90,0.0397,true,1,37028
7290003779499,false,גינגר יח',נסטלה צרפת קפה,IL,גינגר טרי ארוז,גרמים,200.00,100 גרם,false,,7.90,0.0395,true,1,36495
7290003781652,false,צלפים 350 גרם,טינטאש,TR,וילי פוד,גרמים,350.00,100 גרם,false,,8.90,0.0254,true,1,11043
7290003804252,false,תיבולית הודי בדצ 12x,אתר חיפה אבקות - Foo,IL,KNORR,גרמים,72.00,100 גרם,false,,7.90,0.1097,true,1,20385
7290003804320,false,תיבולית שום פטרוזליה,אתר חיפה אבקות - Foo,IL,KNORR,גרמים,72.00,100 גרם,false,,7.90,0.1097,true,1,20386
7290003804368,false,תיבולית בזיליקום בדצ,אתר חיפה אבקות - Foo,IL,KNORR,גרמים,72.00,100 גרם,false,,7.90,0.1097,true,1,20389
7290003804382,false,תיבולית פטריות בדצ 1,אתר חיפה אבקות - Foo,IL,KNORR,גרמים,72.00,100 גרם,false,,7.90,0.1097,true,1,20391
7290003805129,false,פירה ביתי,,,פירה ביתי,גרמים,260.00,100 גרם,false,,10.90,0.0419,true,1,20396
7290003805501,false,פתית שוודי 300 גרם,אתר שפע - Food,IL,PATIT,גרמים,300.00,100 גרם,false,,14.90,0.0497,true,1,20399
7290003805587,false,פתית חיטה מלאה 250 ג,אתר שפע - Food,IL,PATIT,גרמים,250.00,100 גרם,false,,14.90,0.0596,true,1,20403
7290003807178,false,רוטב סויה בסגנון סינ,אתר חיפה  778 - Food,IL,KNORR,מיליליטרים,300.00,"100 מ""ל",false,,9.90,0.0330,true,1,20419
7290003807482,false,קנור טריאקי 370גר,אתר חיפה  778 - Food,IL,KNORR,מיליליטרים,300.00,"100 מ""ל",false,,9.90,0.0330,true,1,20422
7290003864478,false,סרדין מרוקאי 110 גרם,גולדן פרייז,TH,וילי פוד,גרמים,110.00,100 גרם,false,,4.90,0.0445,true,1,11048
7290003864485,false,סרדין ברוטב עגבניות,גולדן פרייז,TH,וילי פוד,גרמים,110.00,100 גרם,false,,4.90,0.0445,true,1,11049
7290003864492,false,סרדין בשמן חריף 110,גולדן פרייז,TH,וילי פוד,גרמים,110.00,100 גרם,false,,4.90,0.0445,true,1,11050
7290003882502,false,שמן תירס,יונקה גידה,TR,וילי פוד,ליטרים,1.00,ליטר,false,,11.90,11.9000,true,1,11051
7290003882922,false,עלי גפן ממולאים 400,,,עלי גפן ממולאים 400 גרם,גרמים,400.00,100 גרם,false,,8.90,0.0223,true,1,11053
7290003893027,false,מרלוזה ארגנטינאי במש,פארגיפקו דל סאדסטה,AR,ווינר פוד,קילוגרמים,1.00,"ק""ג",true,,29.90,29.9000,true,1,7404
7290003893645,false,מקרל שלם קפוא.,פאלגיה מאלוי,NO,וינר פוד,קילוגרמים,1.00,"ק""ג",true,,21.90,21.9000,true,1,7405
7290003893843,false,פילה אמנון 5-7 ללא ע,איינן צ'דקסין,CN,וינר פוד,קילוגרמים,1.00,"ק""ג",true,,29.90,29.9000,true,1,7409
7290003896141,false,חטיף אלמנדוס 200 גרם,"ג'י אנד ג'י בע""מ",IL,קליית גת,גרמים,200.00,100 גרם,false,,8.90,0.0445,true,1,13892
7290003989096,false,חציל פיקנטי 500,שטראוס גרופ,IL,שטראוס,גרמים,500.00,100 גרם,false,,15.90,0.0318,true,1,18101
7290003989539,false,רביולי גבינה 400 EAT,שטראוס גרופ,IL,שטראוס,גרמים,400.00,100 גרם,false,,19.90,0.0497,true,1,18102
7290003989553,false,טרטוליני פטריות 400,שטראוס גרופ,IL,שטראוס,גרמים,400.00,100 גרם,false,,19.90,0.0497,true,1,18103
7290003996063,false,שמיר חסלט,סאאדת,IL,שמיר חסלט,יח',1.00,יח',false,,6.90,6.9000,true,1,32269
7290003996094,false,סלרי חסלט,עבאדי,IL,סלרי חסלט,יח',1.00,יח',false,,7.90,7.9000,true,1,32272
7290004011284,false,ריץ בסיס להכנת קצפת,ריץ',US,ריץ',מיליליטרים,212.00,"100 מ""ל",false,,6.90,0.0325,true,1,15192
7290004011345,false,ריץ קצפת פרווה ארוסו,ריץ',US,ריץ',מיליליטרים,250.00,"100 מ""ל",false,,8.90,0.0356,true,1,15195
7290004011819,false,המבורגר ריב אנטריקוט,טיבון ויל,IL,טיבון ויל,גרמים,360.00,100 גרם,false,,21.90,0.0608,true,1,15199
7290004011826,false,מיני המבורגר ריב אל,טיבון ויל,IL,טיבון ויל,גרמים,320.00,100 גרם,false,,21.90,0.0684,true,1,15200
7290004014407,false,עדשי שוקולד אם אנד א,מרס,US,מ&מ'ס,גרמים,48.00,100 גרם,false,,4.90,0.1021,true,1,32255
7290004026776,false,לחם מחמצת אגוזים וצי,,,לחם רוסטיק,יח',1.00,יח',false,,16.90,16.9000,true,1,40185
7290004030018,false,"מיץ לימון 500 מ""ל",פריניב,IL,פרי ניב,מיליליטרים,500.00,"100 מ""ל",false,,6.90,0.0138,true,1,30079
7290004030100,false,מיץ תפוזים סחוט וולנ,פריניב,IL,פריניב,ליטרים,1.00,ליטר,false,,15.90,15.9000,true,1,30084
7290004030216,false,מיץ חמוציות 1 ליטר,פריניב,IL,פרי ניב,ליטרים,1.00,ליטר,false,,12.90,12.9000,true,1,30087
7290004030445,false,תפוזים סחוט 1 ליטר,פריניב,IL,פרי ניב,ליטרים,1.00,ליטר,false,,13.90,13.9000,true,1,30092
7290004030544,false,לימונענע 1 ליטר,פריניב,IL,פרי ניב,ליטרים,1.00,ליטר,false,,12.90,12.9000,true,1,30095
7290004063016,false,מלח שולחן,,,מלח שולחן,קילוגרמים,1.00,"ק""ג",false,,1.70,1.7000,true,1,1209
7290004063115,false,מלח מטבח,,,מלח מטבח,קילוגרמים,1.00,"ק""ג",false,,1.70,1.7000,true,1,1211
7290004064082,false,מטחנה מלח ים טבעי,מלח הארץ אילת,IL,מלח הארץ,גרמים,250.00,100 גרם,false,,12.90,0.0516,true,1,1213
7290004064099,false,*מבצע* מטחנה מלח מהר,מלח הארץ אילת,IL,מלח הארץ,גרמים,300.00,100 גרם,false,,13.90,0.0463,true,1,1214
7290004064105,false,*מבצע* מטחנה מלח עשב,מלח הארץ אילת,IL,מלח הארץ,גרמים,250.00,100 גרם,false,,13.90,0.0556,true,1,1215
7290004064174,false,מלח ההימלאיה דק בצנצ,מלח הארץ אילת,IL,מלח ההימלאיה דק בצנצ,קילוגרמים,1.00,"ק""ג",false,,14.90,14.9000,true,1,1216
7290004064181,false,מלח ההימלאיה גס בצנצ,מלח הארץ אילת,IL,מלח ההימלאיה גס בצנצ,קילוגרמים,1.00,"ק""ג",false,,14.90,14.9000,true,1,1217
7290004064280,false,מלח מופחת נתרן בצנצנ,מלח הארץ אילת,IL,מלח הארץ,גרמים,600.00,100 גרם,false,,16.90,0.0282,true,1,1220
7290004064297,false,מלח מועשר ביוד בצנצנ,מלח הארץ אילת,IL,מלח הארץ,קילוגרמים,1.00,"ק""ג",false,,8.90,8.9000,true,1,1221
7290004064358,false,"מלח דק 1 ק""ג",,IL,מלח הארץ,קילוגרמים,1.00,"ק""ג",false,,4.90,4.9000,true,1,1223
7290004064372,false,*מבצע* מטחנת מלח אקס,מלח הארץ אילת,IL,מלח הארץ,גרמים,250.00,100 גרם,false,,13.90,0.0556,true,1,1225
7290004064389,false,מלח דק הימלאייה 250,מלח הארץ אילת,IL,מלח הארץ,גרמים,250.00,100 גרם,false,,9.90,0.0396,true,1,1226
7290004068394,false,קממבר בקר גלגל  25%,טבע עז,IL,מחלבות גד,קילוגרמים,1.00,"ק""ג",true,,99.00,99.0000,true,1,14708
7290004068424,false,גאודה בקר גלגל 30%,גדישון,IL,מחלבות גד,קילוגרמים,1.00,"ק""ג",true,,110.00,110.0000,true,1,14769
7290004068585,false,גאודה עיזים גלגל 30%,מחלבת אמלטי הולנד,NL,מחלבות גד,קילוגרמים,1.00,"ק""ג",true,,130.00,130.0000,true,1,14770
7290004068912,false,גרנה פדנו צ'אנקים,מחלבות גד,IT,מחלבות גד,קילוגרמים,1.00,"ק""ג",true,,130.00,130.0000,true,1,14771
7290004078270,false,פלמוליב צילינדר לימו,Colgate - Greece,GR,פלמוליב  כלים,ליטרים,1.00,ליטר,false,,13.90,13.9000,true,1,23004
7290004078942,false,ליידי ספיד סטיק גל ב,Colgate - USA,US,ליידי ספיד סטיק,גרמים,85.00,100 גרם,false,,24.90,0.2929,true,1,23007
7290004119225,false,יופלה יוגורט אננס %3,תנובה,IL,יופלה,גרמים,150.00,100 גרם,false,,4.80,0.0320,true,1,21492
7290004119928,false,קרלו מעדן וניל רביעי,תנובה,IL,קרלו,גרמים,125.00,100 גרם,false,,2.90,0.0232,true,1,21494
7290004119973,false,קרלו מעדן שוקו רביעי,תנובה,IL,קרלו,גרמים,125.00,100 גרם,false,,2.90,0.0232,true,1,21495
7290004120061,false,קרלו שוניל 1.5% 125,תנובה,IL,קרלו,גרמים,125.00,100 גרם,false,,2.90,0.0232,true,1,21496
7290004120108,false,יופלה דיאט יוגורט דו,תנובה,IL,יופלה,גרמים,150.00,100 גרם,false,,4.80,0.0320,true,1,21497
7290004120566,false,*מבצע* פיראוס בולגרי,תנובה,IL,פיראוס,גרמים,250.00,100 גרם,false,,18.90,0.0756,true,1,21501
7290004120573,false,*מבצע* פיראוס בולגרי,תנובה,IL,פיראוס,גרמים,250.00,100 גרם,false,,18.90,0.0756,true,1,21502
7290004120634,false,*מבצע* פיראוס בולגרי,תנובה,IL,פיראוס,גרמים,250.00,100 גרם,false,,18.90,0.0756,true,1,21503
7290004121488,false,יופלה דיאט אפרסק 0%,תנובה,IL,יופלה,גרמים,150.00,100 גרם,false,,4.80,0.0320,true,1,21505
7290004121525,false,מאגדת שמיניה יופלה פ,תנובה,IL,יופלה,ליטרים,1.20,ליטר,false,,28.90,24.0833,true,1,21506
7290004121754,false,יופלה יוגורט עוגת גב,תנובה,IL,יופלה,גרמים,150.00,100 גרם,false,,4.80,0.0320,true,1,21507
7290004121839,false,פיראוס פטה כבשים 20%,תנובה,IL,פיראוס,גרמים,250.00,100 גרם,false,,24.90,0.0996,true,1,21508
7290004121853,false,פיראוס קוביות בולגרי,תנובה,IL,פיראוס,גרמים,200.00,100 גרם,false,,19.90,0.0995,true,1,21509
7290004122119,false,פתיתי פרמזן לפסטה 10,תנובה,IL,השף הלבן,גרמים,100.00,100 גרם,false,,10.90,0.1090,true,1,21511
7290004122195,false,גוש חלב פרוס 200 %28,תנובה,IL,תנובה,גרמים,200.00,100 גרם,false,,12.90,0.0645,true,1,21512
7290004122270,false,עמק פרוס בקופסא 200,תנובה,IL,תנובה,גרמים,200.00,100 גרם,false,,15.90,0.0795,true,1,21513
7290004122348,false,עמק לייט פרוס 200 גר,תנובה,IL,תנובה,גרמים,200.00,100 גרם,false,,16.90,0.0845,true,1,21514
7290004122676,false,פיראוס חמד לייט 5%,תנובה,IL,פיראוס,גרמים,250.00,100 גרם,false,,17.90,0.0716,true,1,21517
7290004122683,false,אצבעות 28% חטיף גבינ,תנובה,IL,תנובה,גרמים,172.00,100 גרם,false,,15.90,0.0924,true,1,21518
7290004124168,false,יופלה ביו 3%,,,יופלה ביו 3%,יח',1.00,יח',false,,2.00,2.0000,true,1,21522
7290004124205,false,יופלה דיאט יוגורט תו,תנובה,IL,יופלה,גרמים,150.00,100 גרם,false,,4.80,0.0320,true,1,21524
7290004124847,false,קצפת צמחית השף הלבן,תנובה,IL,השף הלבן,מיליליטרים,500.00,"100 מ""ל",false,,14.90,0.0298,true,1,21525
7290004125370,false,שמנת אורגינל 9% 200מ,תנובה,IL,תנובה,מיליליטרים,200.00,"100 מ""ל",false,,3.50,0.0175,true,1,21527
7290004125400,false,אשל 4.5% 200מל מהדרי,תנובה,IL,תנובה,מיליליטרים,206.00,"100 מ""ל",false,,1.65,0.0080,true,1,21528
7290004125417,false,גיל 3% 200מל מהדרין,תנובה,IL,תנובה,מיליליטרים,206.00,"100 מ""ל",false,,1.51,0.0073,true,1,21529
7290004125455,false,שמנת אורגינל 15% 200,תנובה,IL,תנובה,מיליליטרים,200.00,"100 מ""ל",false,,2.40,0.0120,true,1,21530
7290004125462,false,שמנת אורגינל 15% 500,תנובה,IL,תנובה,מיליליטרים,500.00,"100 מ""ל",false,,6.00,0.0120,true,1,21531
7290004125509,false,שמנת 100 גרם 15% חצי,תנובה,IL,תנובה,מיליליטרים,100.00,"100 מ""ל",false,,1.60,0.0160,true,1,21532
7290004125578,false,משקה סויה מועשר 1 לי,תנובה,IL,תנובה,ליטרים,1.00,ליטר,false,,9.90,9.9000,true,1,21533
7290004125585,false,משקה סויה וניל על הב,תנובה,IL,תנובה,ליטרים,1.00,ליטר,false,,9.90,9.9000,true,1,21534
7290004125721,false,שמנת לבישול 15% 250,תנובה,IL,השף הלבן,מיליליטרים,250.00,"100 מ""ל",false,,7.90,0.0316,true,1,21536
7290004125738,false,שמנת מתוקה להקצפה32%,תנובה,IL,השף הלבן,מיליליטרים,250.00,"100 מ""ל",false,,6.00,0.0240,true,1,21537
7290004125776,false,עמק פרוס 28% 400 גרם,תנובה,IL,תנובה,גרמים,400.00,100 גרם,false,,27.90,0.0697,true,1,21538
7290004126674,false,טל העמק לייט %9 200,תנובה,IL,תנובה,גרמים,200.00,100 גרם,false,,18.90,0.0945,true,1,21540
7290004126759,false,יופלה דיאט פירות יער,תנובה,IL,יופלה,גרמים,150.00,100 גרם,false,,4.80,0.0320,true,1,21541
7290004127329,false,קוטג תנובה  גביע 250,תנובה,IL,תנובה,גרמים,250.00,100 גרם,false,,5.50,0.0220,true,1,21544
7290004127336,false,קוטג תנובה גביע 250,תנובה,IL,תנובה,גרמים,250.00,100 גרם,false,,5.50,0.0220,true,1,21545
7290004127800,false,גבינה לבנה 5% 500 גר,תנובה,IL,תנובה,גרמים,500.00,100 גרם,false,,9.90,0.0198,true,1,21546
7290004127817,false,גבינה לבנה 9% 500 גר,תנובה,IL,תנובה,גרמים,500.00,100 גרם,false,,9.30,0.0186,true,1,21547
7290004127862,false,גבינה לבנה 5% 750 גר,תנובה,IL,תנובה,גרמים,750.00,100 גרם,false,,14.70,0.0196,true,1,21548
7290004127916,false,גבינה לבנה 0.5% 500,תנובה,IL,תנובה,גרמים,500.00,100 גרם,false,,9.30,0.0186,true,1,21549
7290004128333,false,פיראוס לאבנה גביע 50,תנובה,IL,פיראוס,גרמים,500.00,100 גרם,false,,18.90,0.0378,true,1,21551
7290004128401,false,פטה כבשים 20%,תנובה,IL,פיראוס,קילוגרמים,1.00,"ק""ג",true,,100.00,100.0000,true,1,21284
7290004128432,false,פתיתים מיוחדים לפיצה,תנובה,IL,השף הלבן,גרמים,500.00,100 גרם,false,,21.90,0.0438,true,1,21554
7290004129101,false,נפוליאון טבעי גביע 2,תנובה,IL,נפוליאון,גרמים,225.00,100 גרם,false,,12.90,0.0573,true,1,21555
7290004129156,false,נפוליאון שום שמיר גב,תנובה,IL,נפוליאון,גרמים,225.00,100 גרם,false,,12.90,0.0573,true,1,21557
7290004129767,false,יופלה לבן 3% מאגדת 8,תנובה,IL,יופלה,ליטרים,1.20,ליטר,false,,16.90,14.0833,true,1,21561
7290004130695,false,משקה אייס קפה תנובה,תנובה,IL,תנובה,ליטרים,1.00,ליטר,false,,12.50,12.5000,true,1,21562
7290004130794,false,משקה סויה טבעי במתיק,תנובה,IL,תנובה,ליטרים,1.00,ליטר,false,,9.90,9.9000,true,1,21563
7290004130916,false,יופלה פירות יער בשמנ,תנובה,IL,יופלה,גרמים,150.00,100 גרם,false,,4.80,0.0320,true,1,21564
7290004131074,false,חלב תנובה טרי1ל קרטו,תנובה,IL,תנובה,ליטרים,1.00,ליטר,false,,6.20,6.2000,true,1,21566
7290004131432,false,יופלה לבן 3% גביע 20,תנובה,IL,יופלה,גרמים,200.00,100 גרם,false,,3.70,0.0185,true,1,21570
7290004131531,false,שוקו תנובה בקבוק 1 ל,תנובה,IL,תנובה,ליטרים,1.00,ליטר,false,,11.90,11.9000,true,1,21572
7290004131814,false,פיראוס צפתית 5% מעוד,תנובה,IL,פיראוס,גרמים,200.00,100 גרם,false,,13.90,0.0695,true,1,21574
7290004132552,false,משקה סויה לייט בטעם,תנובה,IL,תנובה,ליטרים,1.00,ליטר,false,,9.90,9.9000,true,1,21581
7290004132606,false,מאגדת קרלו מיני וניל,תנובה,IL,קרלו,גרמים,800.00,100 גרם,false,,13.20,0.0165,true,1,21582
7290004132712,false,חטיף אצבעות גבינת מו,תנובה,IL,תנובה,גרמים,172.00,100 גרם,false,,15.90,0.0924,true,1,21583
7290004133511,false,יופלה מאגדת שמיניה ל,תנובה,IL,יופלה,ליטרים,1.20,ליטר,false,,19.90,16.5833,true,1,21589
7290004135058,false,מאגדת קרלו מיני שוקו,תנובה,IL,קרלו,גרמים,800.00,100 גרם,false,,13.20,0.0165,true,1,21596
7290004135225,false,מעדן חלב דל קלוריות,תנובה,IL,תנובה,גרמים,150.00,100 גרם,false,,3.80,0.0253,true,1,21599
7290004135324,false,פיראוס בולגרית מעודנ,תנובה,IL,פיראוס,קילוגרמים,1.00,"ק""ג",true,,43.00,43.0000,true,1,21601
7290004135614,false,*מבצע* בולגרית פיראו,תנובה,IL,פיראוס,גרמים,250.00,100 גרם,false,,18.90,0.0756,true,1,21602
7290004136598,false,מארז הפסקת אוכל חלב,תנובה,IL,תנובה,יח',1.00,יח',false,,8.90,8.9000,true,1,21609
7290004136857,false,ג'לי תנובה פטל,תנובה,IL,תנובה,גרמים,125.00,100 גרם,false,,2.20,0.0176,true,1,21610
7290004136864,false,ג'לי תנובה אננס עם ח,תנובה,IL,תנובה,גרמים,125.00,100 גרם,false,,2.60,0.0208,true,1,21611
7290004136871,false,ג'לי תנובה אפרסק עם,תנובה,IL,תנובה,גרמים,125.00,100 גרם,false,,2.60,0.0208,true,1,21612
7290004137021,false,שמנת לבישול 10% 250,תנובה,IL,השף הלבן,מיליליטרים,250.00,"100 מ""ל",false,,7.90,0.0316,true,1,21614
7290004137311,false,עמק לייט פרוס 400 גר,תנובה,IL,תנובה,גרמים,400.00,100 גרם,false,,29.90,0.0747,true,1,21615
7290004147020,false,גיישנית מקורית/יפאני,,,גיישנית מקורית/יפאני,יח',1.00,יח',false,,19.90,19.9000,true,1,23775
7290004147051,false,קיסמי שיניים וולטרס,,,קיסמי שיניים וולטרס,יח',1.00,יח',false,,9.90,9.9000,true,1,23776
7290004147150,false,מגוון ספוגי רחצה,,,מגוון ספוגי רחצה,יח',1.00,יח',false,,9.90,9.9000,true,1,23777
7290004147310,false,מראות חייל,,,מראות חייל,יח',1.00,יח',false,,9.90,9.9000,true,1,23779
7290004147839,false,מראות הגדלה פי 5,,,מראות הגדלה פי 5,יח',1.00,יח',false,,14.90,14.9000,true,1,23781
7290004150112,false,חומוס מזרחי פיקנטי פ,"סלטי שמיר 2006 בע""מ",IL,חומוס מזרחי פיקנטי פ,גרמים,300.00,100 גרם,false,,14.90,0.0497,true,1,41100
7290004150129,false,טחינה פיקנטי פרימיום,"סלטי שמיר 2006 בע""מ",IL,טחינה פיקנטי פרימיום,גרמים,300.00,100 גרם,false,,14.90,0.0497,true,1,41101
7290004150143,false,חציל במיונז פיקנטי פ,"סלטי שמיר 2006 בע""מ",IL,חציל במיונז פיקנטי פ,גרמים,300.00,100 גרם,false,,14.90,0.0497,true,1,41103
7290004150167,false,"תפו""א במיונז פיקנטי","סלטי שמיר 2006 בע""מ",IL,"תפו""א במיונז פיקנטי",גרמים,300.00,100 גרם,false,,14.90,0.0497,true,1,41105
7290004150204,false,מטבוחה פיקנטי פרימיו,"סלטי שמיר 2006 בע""מ",IL,מטבוחה פיקנטי פרימיו,גרמים,300.00,100 גרם,false,,14.90,0.0497,true,1,41109
7290004150211,false,תורכי איסטנבול פיקנט,"סלטי שמיר 2006 בע""מ",IL,תורכי איסטנבול פיקנט,גרמים,300.00,100 גרם,false,,14.90,0.0497,true,1,41110
7290004150235,false,חומוס עם חריף פיקנטי,"סלטי שמיר 2006 בע""מ",IL,חומוס עם חריף פיקנטי,גרמים,300.00,100 גרם,false,,14.90,0.0497,true,1,41120
7290004165017,false,"*מבצע* רסק תפו""ע טבע",זנלכל,IL,רסק תפוע ללא סוכר 560 גרם,גרמים,560.00,100 גרם,false,,7.90,0.0141,true,1,11668
7290004194178,false,עוף קפוא מס 1 מחפוד,,,עוף קפוא מס 1 מחפוד,קילוגרמים,1.00,"ק""ג",true,,24.90,24.9000,true,1,33593
7290004194208,false,כרעיים קפוא מחפוד,,,כרעיים עוף מחפוד,קילוגרמים,1.00,"ק""ג",true,,29.90,29.9000,true,1,33595
7290004194239,false,חזה עוף קפוא מחפוד,,,חזה עוף קפוא מחפוד,קילוגרמים,1.00,"ק""ג",true,,29.90,29.9000,true,1,33596
7290004194253,false,כנפיים קפוא מחפוד,,,כנפיים עוף מחפוד,קילוגרמים,1.00,"ק""ג",true,,11.90,11.9000,true,1,33597
7290004194260,false,שוקיים עוף קפוא מחפו,,,שוקיים עוף מחפוד,קילוגרמים,1.00,"ק""ג",true,,31.90,31.9000,true,1,33598
7290004194277,false,ירכיים קפוא מחפוד,,,ירכיים עוף מחפוד,קילוגרמים,1.00,"ק""ג",true,,29.90,29.9000,true,1,33599
7290004194307,false,כבד עוף קפוא מחפוד,,,כבד עוף קפוא חלק מחפוד,קילוגרמים,1.00,"ק""ג",true,,25.90,25.9000,true,1,33601
7290004194345,false,שניצל עוף מחפוד קפוא,,,שניצל עוף מחפוד קפוא,קילוגרמים,1.00,"ק""ג",true,,32.90,32.9000,true,1,33602
7290004194536,false,חזה עוף טרי ארוז מחפ,עוף ירושלים מהדרין ב,IL,חזה מחפוד טרי ארוז,קילוגרמים,1.00,"ק""ג",true,,29.90,29.9000,true,1,33605
7290004194543,false,כרעיים מחפוד טרי ארו,עוף ירושלים מהדרין ב,IL,כרעיים מחפוד טרי ארוז,קילוגרמים,1.00,"ק""ג",true,,29.90,29.9000,true,1,33606
7290004194550,false,כנפיים מחפוד טרי ארו,עוף ירושלים מהדרין ב,IL,כנפיים מחפוד טרי ארוז,קילוגרמים,1.00,"ק""ג",true,,12.90,12.9000,true,1,33607
7290004194567,false,ירכיים מחפוד טרי ארו,,,יריכיים עוף טרי ארוז מחפו,קילוגרמים,1.00,"ק""ג",true,,29.90,29.9000,true,1,33608
7290004194574,false,שוקיים מחפוד טרי ארו,עוף ירושלים מהדרין ב,IL,שוקיים מחפוד טרי ארוז,קילוגרמים,1.00,"ק""ג",true,,32.90,32.9000,true,1,33609
7290004194581,false,פרגיות מחפוד טרי ארו,עוף ירושלים מהדרין ב,IL,פרגיות מחפוד טרי ארוז,קילוגרמים,1.00,"ק""ג",true,,69.90,69.9000,true,1,33610
7290004194635,false,שניצל מחפוד טרי ארוז,עוף ירושלים מהדרין ב,IL,שניצל מחפוד טרי ארוז,קילוגרמים,1.00,"ק""ג",true,,34.90,34.9000,true,1,33613
7290004199326,false,כוס אימון מהפכנית פי,J.B. Comp Lt,CN,טוליפס,יח',1.00,יח',false,,14.90,14.9000,true,1,5858
7290004199579,false,"פלסטר ""100 ""SUNNY PL",A.U. In,CN,סאני פלסטר,יח',100.00,יח',false,,9.90,0.0990,true,1,5859
7290004199784,false,*מבצע* כפפות לאטקס 1,T.G. Sdn,TH,סייף טאצ,יח',100.00,יח',false,,17.90,0.1790,true,1,5860
7290004199791,false,*מבצע* כפפות לאטקס 1,T.G. Sdn,TH,סייף טאצ,יח',100.00,יח',false,,17.90,0.1790,true,1,5861
7290004219826,false,מלבין קפה 400 גרם,פריסלנד,NL,וילי פוד,גרמים,400.00,100 גרם,false,,19.90,0.0497,true,1,11058
7290004228804,false,עלי סיגר שלושת האופי,שלושת האופים,IL,עלי סיגר שלושת האופי,גרמים,450.00,100 גרם,false,,11.90,0.0264,true,1,34730
7290004255305,false,נר נשמה שבועי/פלסטיק,"מנורה שי נר בע""מ",IL,מנורה,יח',1.00,יח',false,,8.90,8.9000,true,1,30165
7290004255428,false,נר נשמה דוד,"מנורה שי נר בע""מ",IL,מנורה,יח',1.00,יח',false,,1.50,1.5000,true,1,30168
7290004255602,false,נרות חימום מנורה 8 ש,,,נרות חימום מנורה 8 ש,יח',50.00,יח',false,,24.90,0.4980,true,1,36429
7290004255619,false,נרות חימום 100 יח' מ,"מנורה שי נר בע""מ",IL,מנורה,יח',100.00,יח',false,,21.90,0.2190,true,1,30169
7290004255824,false,פתיל שמן מנורה,"מנורה שי נר בע""מ",,פתיל שמן מנורה,יח',1.00,יח',false,,2.90,2.9000,true,1,30170
7290004255879,false,נר הבדלה דקורטיבי,,IL,מנורה,יח',1.00,יח',false,,10.90,10.9000,true,1,30171
7290004256197,false,גאודה עיזים הולנדית,וויסר קאשנדל בי.וי נ,NL,גקס-ציס,קילוגרמים,1.00,"ק""ג",true,,105.00,105.0000,true,1,14896
7290004324858,false,קבב כבש 500 גרם,טיבון ויל,IL,טיבון ויל,גרמים,500.00,100 גרם,false,,17.90,0.0358,true,1,15233
7290004480332,false,גאודה בקר משולשים 30,גדישון,IL,מחלבות גד,קילוגרמים,1.00,"ק""ג",true,,110.00,110.0000,true,1,36945
7290004480349,false,גאודה עיזים משולשים,מחלבת אמלטי הולנד,NL,מחלבות גד,קילוגרמים,1.00,"ק""ג",true,,130.00,130.0000,true,1,36946
7290004480363,false,קאשקבל גלגל 26%,מחלבות גד,IL,מחלבות גד,קילוגרמים,1.00,"ק""ג",true,,125.00,125.0000,true,1,36948
7290004492274,false,גל-גל 400גר' 12x,אתר בייגל - Food,IL,B&B,גרמים,400.00,100 גרם,false,,9.90,0.0248,true,1,20426
7290004494131,false,גליל קברנה סוביניון,דלתון,IL,גליל קברנה סוביניון,מיליליטרים,750.00,"100 מ""ל",false,,54.90,0.0732,true,1,12126
7290004494377,false,שיראז דלתון,דלתון,IL,שיראז דלתון,מיליליטרים,750.00,"100 מ""ל",false,,54.90,0.0732,true,1,12129
7290004494919,false,כנען קברנה-שיראז (דל,,,יין יובלים דלתון שיראז,מיליליטרים,750.00,"100 מ""ל",false,,37.90,0.0505,true,1,12131
7290004537241,false,אפונה 800 גרם,,,אפונה 800 גרם,גרמים,800.00,100 גרם,false,,8.90,0.0111,true,1,34860
7290004544546,false,שליש בגט 4 יח 400 גר,מאפיית אריאל,IL,אריאל,גרמים,400.00,100 גרם,false,,17.90,0.0447,true,1,42863
7290004544553,false,לחמניה המבורגר 4 יח,מאפיית אריאל,IL,אריאל,גרמים,360.00,100 גרם,false,,17.90,0.0497,true,1,42864
7290004555122,false,גרנולה בלי תוספת סוכ,שוק הפיצוחים,,גרנולה בלי תוספת סוכ,יחידה,0.00,יחידה,false,,19.90,0.0000,true,1,41012
7290004584306,false,4 גמדים תות בננה,שטראוס גרופ,IL,שטראוס,גרמים,400.00,100 גרם,false,,10.90,0.0273,true,1,18104
7290004584351,false,סימפוניה החמישית,שטראוס גרופ,IL,שטראוס,גרמים,200.00,100 גרם,false,,10.90,0.0545,true,1,18105
7290004584528,false,דנונה ביו  1.7% 200,שטראוס גרופ,IL,שטראוס,גרמים,200.00,100 גרם,false,,3.50,0.0175,true,1,18106
7290004585907,false,דני וניל,שטראוס גרופ,IL,שטראוס,גרמים,125.00,100 גרם,false,,2.60,0.0208,true,1,18107
7290004645175,false,טונה פרוס כהה קפוא ר,,,טונה פרוס כהה קפוא ר,קילוגרמים,1.00,"ק""ג",true,,39.90,39.9000,true,1,31119
7290004645748,false,פילה אמנון ללא עור 9,,,פילה אמנון ללא עור 9,קילוגרמים,1.00,"ק""ג",true,,29.90,29.9000,true,1,35089
7290004645809,false,סלמון מנות עם עור רו,,,סלמון מנות עם עור רו,קילוגרמים,1.00,"ק""ג",true,,89.90,89.9000,true,1,35561
7290004645816,false,סלמון ללא עור מארז 4,,,סלמון ללא עור מארז 4,קילוגרמים,1.00,"ק""ג",true,,94.90,94.9000,true,1,35534
7290004645823,false,נילוס פרוס רוזנרס,,,נילוס פרוס רוזנרס,קילוגרמים,1.00,"ק""ג",true,,49.90,49.9000,true,1,35533
7290004652401,false,ג'חנון ללא מרגרינה ש,שגמור,IL,ג'חנון ללא מרגרינה ש,גרמים,650.00,100 גרם,false,,18.90,0.0291,true,1,35879
7290004658847,false,"תירוש אדום 187 מ""ל",יקבי כרמל,IL,"תירוש אדום 187 מ""ל",מיליליטרים,187.00,"100 מ""ל",false,,5.90,0.0316,true,1,5998
7290004658953,false,סוביניון בלאן פרייבט,יקבי כרמל,IL,Private collection,מיליליטרים,750.00,"100 מ""ל",false,,39.90,0.0532,true,1,6000
7290004658960,false,ריזלינג יבש פרייבט ק,יקבי כרמל,IL,Private collection,מיליליטרים,750.00,"100 מ""ל",false,,39.90,0.0532,true,1,6001
7290004731083,false,אל סבון כיף 1 ליטר,קוסמופארם,IL,כיף,ליטרים,1.00,ליטר,false,,11.90,11.9000,true,1,9417
7290004731410,false,סקוטש סושי ענק,סנו,IL,סנו סושי,יח',3.00,יח',false,,9.90,3.3000,true,1,9421
7290004731472,false,כיף אל סבון שלישייה,קוסמופארם,IL,כיף,ליטרים,1.50,ליטר,false,,18.90,12.6000,true,1,9422
7290004731519,false,*מבצע* מקסימה למייבש,סנו,IL,סנו,מיליליטרים,750.00,"100 מ""ל",false,,14.90,0.0199,true,1,9423
7290004737719,false,אספרגוס שלם,heze sanqing food,CN,וילי פוד,גרמים,330.00,100 גרם,false,,9.90,0.0300,true,1,11063
7290004737900,false,חלב מרוכז,,,חלב ממותק,גרמים,397.00,100 גרם,false,,9.90,0.0249,true,1,11064
7290004768294,false,פילה אמנון קפוא 7-9,BAIYANG,CN,הדייג,קילוגרמים,1.00,"ק""ג",true,,29.90,29.9000,true,1,23914
7290004861025,false,בולגרית 5%,"מחלבת המושבה בע""מ",IL,מחלבת המושבה,קילוגרמים,1.00,"ק""ג",true,,45.00,45.0000,true,1,22671
7290004861056,false,צפתית 5% - המושבה,"מחלבת המושבה בע""מ",IL,מחלבת המושבה,קילוגרמים,1.00,"ק""ג",true,,42.00,42.0000,true,1,22672
7290004861063,false,גבינת קש 9%,"מחלבת המושבה בע""מ",IL,מחלבת המושבה,קילוגרמים,1.00,"ק""ג",true,,45.00,45.0000,true,1,22651
7290004861278,false,ג. שמנת 30%,"מחלבת המושבה בע""מ",IL,מחלבת המושבה,קילוגרמים,1.00,"ק""ג",true,,39.00,39.0000,true,1,22655
7290004861285,false,טבורוג 9%,"מחלבת המושבה בע""מ",IL,מחלבת המושבה,קילוגרמים,1.00,"ק""ג",true,,35.00,35.0000,true,1,22656
7290004861315,false,לאבנה כפרית 5%,"מחלבת המושבה בע""מ",IL,מחלבת המושבה,קילוגרמים,1.00,"ק""ג",true,,42.00,42.0000,true,1,22657
7290004861421,false,גבינת חלומי 30%,"מחלבת המושבה בע""מ",IL,מחלבת המושבה,קילוגרמים,1.00,"ק""ג",true,,85.00,85.0000,true,1,22660
7290004861520,false,5% ג. שמנת טבעי,"מחלבת המושבה בע""מ",IL,מחלבת המושבה,קילוגרמים,1.00,"ק""ג",true,,30.00,30.0000,true,1,22662
7290004861551,false,ג. שמנת זיתים 5%,"מחלבת המושבה בע""מ",IL,מחלבת המושבה,קילוגרמים,1.00,"ק""ג",true,,30.00,30.0000,true,1,22663
7290004862589,false,ג. שמנת שמיר 5%,"מחלבת המושבה בע""מ",IL,מחלבת המושבה,קילוגרמים,1.00,"ק""ג",true,,30.00,30.0000,true,1,22664
7290004944049,false,טחינה אסלי 400 גרם,"סלטי שמיר 2006 בע""מ",IL,אסלי,גרמים,400.00,100 גרם,false,,9.90,0.0248,true,1,36221
7290004944056,false,חציל במיונז אסלי 400,"סלטי שמיר 2006 בע""מ",IL,אסלי,גרמים,400.00,100 גרם,false,,9.90,0.0248,true,1,36222
7290004982355,false,גבינת צ'דר טריפל 34%,שבינגטון,GB,גבינת צ'דר טריפל 34%,קילוגרמים,1.00,"ק""ג",true,,130.00,130.0000,true,1,14897
7290004982393,false,*מבצע* גבינת ברס בלו,בנוגראן,FR,ברס בלו,קילוגרמים,1.00,"ק""ג",true,,160.00,160.0000,true,1,14898
7290005008184,false,פלמוליב תחליב רחצה ש,CP - Turkey+60,TR,פלמוליב סבון,מיליליטרים,500.00,"100 מ""ל",false,,15.90,0.0318,true,1,23009
7290005008481,false,ספיד סטיק גל בסיסי ס,Colgate - USA,US,ספיד סטיק,גרמים,85.00,100 גרם,false,,19.90,0.2341,true,1,23011
7290005011405,false,עמבה הודית 500 גר.,תבליני שמש,IL,תבליני שמש,גרמים,500.00,100 גרם,false,,9.90,0.0198,true,1,17294
7290005041129,false,"קבב מזרחי 1 ק""ג",מעדני הטלה,IL,מעדני הטלה,קילוגרמים,1.00,"ק""ג",false,,45.90,45.9000,true,1,15238
7290005041198,false,קבב כבש ביתי 1 קג,מעדני הטלה,IL,מעדני הטלה,קילוגרמים,1.00,"ק""ג",false,,45.90,45.9000,true,1,15241
7290005068058,false,תירס קל פרי גליל 550,"פרי הגליל בע""""מ",IL,פרי הגליל,גרמים,550.00,100 גרם,false,,6.90,0.0125,true,1,17115
7290005079290,false,צהובה נעם 15% מהדרין,טרה,IL,טרה,קילוגרמים,1.00,"ק""ג",true,,64.00,64.0000,true,1,17537
7290005079344,false,מוצרלה 22% נעם,טרה,IL,נעם,קילוגרמים,1.00,"ק""ג",true,,77.00,77.0000,true,1,17540
7290005079412,false,אמנטל חריץ נעם,טרה,IL,נעם,קילוגרמים,1.00,"ק""ג",true,,57.00,57.0000,true,1,17541
7290005084355,false,סנסודיין דואל,גלקסוסמיתקליין,GB,סנסודיין,גרמים,75.00,100 גרם,false,,21.90,0.2920,true,1,10594
7290005113222,false,מיקס זיתים 540 גרם,קבוצת יבנה,IL,קבוצת יבנה,גרמים,540.00,100 גרם,false,,9.90,0.0183,true,1,17448
7290005174551,false,חומוס יום-יום 125 גר,שטראוס גרופ,IL,שטראוס,גרמים,125.00,100 גרם,false,,4.70,0.0376,true,1,18109
7290005174568,false,חציל במיונז 125 גרם,שטראוס גרופ,IL,שטראוס,גרמים,125.00,100 גרם,false,,4.70,0.0376,true,1,18110
7290005174575,false,טחינה 125 משובחת,שטראוס גרופ,IL,שטראוס,גרמים,125.00,100 גרם,false,,4.70,0.0376,true,1,18111
7290005175428,false,קמח תירס פולנטה 500,ריבארה,AR,וילי פוד,גרמים,500.00,100 גרם,false,,5.90,0.0118,true,1,11065
7290005197758,false,עוגיות חיוכים 150 גר,אפיפית נצרת תעשיות ב,IL,עלית,גרמים,150.00,100 גרם,false,,4.90,0.0327,true,1,15956
7290005199738,false,מאסט פלוס,שטראוס גרופ,IL,עלית,גרמים,28.00,100 גרם,false,,4.00,0.1429,true,1,15960
7290005200786,false,תפוציפס 50/65 גרם,שטראוס פריטו ליי (מל,IL,עלית,גרמים,50.00,100 גרם,false,,3.50,0.0700,true,1,16825
7290005201882,false,קפה טורקי שקית 200 ג,שטראוס גרופ,IL,עלית,גרמים,200.00,100 גרם,false,,15.90,0.0795,true,1,15964
7290005270000,false,עלי סיגר 500 גרם,"חמים וטעים בע""מ",IL,"חמים וטעים בע""מ",גרמים,500.00,100 גרם,false,,13.90,0.0278,true,1,12031
7290005287206,false,ס.ק  טונה בשמן 160גר,"סטארקיסט פודור בע""מ",IL,סטארקיסט,גרמים,640.00,100 גרם,false,,24.90,0.0389,true,1,25639
7290005287251,false,ס.ק  טונה במים 160גר,"סטארקיסט פודור בע""מ",IL,סטארקיסט,גרמים,640.00,100 גרם,false,,24.90,0.0389,true,1,25641
7290005287657,false,ממרח טונה סטארקיסט 1,"סטארקיסט פודור בע""מ",,סטארקיסט,גרמים,160.00,100 גרם,false,,5.90,0.0369,true,1,35527
7290005326523,false,אוליביה פסטו פטרוזיל,,,אוליביה פסטו פטרוזיליה ונ,גרמים,180.00,100 גרם,false,,12.90,0.0717,true,1,19875
7290005384295,false,ג. גאודה חצי קשה 28%,,,ג. גאודה חצי קשה 27%,קילוגרמים,1.00,"ק""ג",true,,47.00,47.0000,true,1,10986
7290005387043,false,בשר מס 2 חלק קפוא.,JBS S.A,BR,בלדי,קילוגרמים,1.00,"ק""ג",true,,39.90,39.9000,true,1,37332
7290005403989,false,במיה 600 גר,,,במיה 600 גר,גרמים,600.00,100 גרם,false,,7.90,0.0132,true,1,30531
7290005418709,false,קרם לחות ברגע נטורל,"אמיליה קוסמטיקס בע""מ",IL,נטורל פורמולה,מיליליטרים,400.00,"100 מ""ל",false,,20.90,0.0522,true,1,9432
7290005418716,false,קרם לחות ברגע נטורל,"אמיליה קוסמטיקס בע""מ",IL,נטורל פורמולה,מיליליטרים,400.00,"100 מ""ל",false,,20.90,0.0522,true,1,9433
7290005423055,false,סנו פורטה פלוס 1  לי,סנו,IL,סנו פורטה פלוס 1  לי,מיליליטרים,1000.00,"100 מ""ל",false,,17.90,0.0179,true,1,9435
7290005423253,false,*מבצע* מקסימה למייבש,סנו,IL,סנו,מיליליטרים,750.00,"100 מ""ל",false,,14.90,0.0199,true,1,9437
7290005423543,false,אורביטול הלבנה 145 ג,טרופיקל דגיל קוסמטיק,IL,אורביטול,גרמים,145.00,100 גרם,false,,7.90,0.0545,true,1,9444
7290005423567,false,סושי מטליות 40,זינרגד,IL,סנו סושי,יח',40.00,יח',false,,18.90,0.4725,true,1,9445
7290005423635,false,ריצפז דוחה תיקנים 2,סנו,IL,ריצפז,ליטרים,2.00,ליטר,false,,20.90,10.4500,true,1,9446
7290005423734,false,מרכך מקסימה 4 ליטר,סנו,IL,מקסימה,ליטרים,4.00,ליטר,false,,21.90,5.4750,true,1,9447
7290005423871,false,אורביטול שלישיה,טרופיקל דגיל קוסמטיק,IL,אורביטול,גרמים,435.00,100 גרם,false,,15.90,0.0366,true,1,9449
7290005423918,false,מרכך מקסימה 4 ליטר,סנו,IL,מקסימה,ליטרים,4.00,ליטר,false,,21.90,5.4750,true,1,9451
7290005424311,false,רב קוטל,סנו,IL,סנו,מיליליטרים,500.00,"100 מ""ל",false,,19.90,0.0398,true,1,9454
7290005424403,false,אל סבון כיף 1 ליטר,קוסמופארם,IL,כיף,ליטרים,1.00,ליטר,false,,11.90,11.9000,true,1,9455
7290005424700,false,סנו פורטה פלוס 1 ליט,סנו,IL,סנו פורטה פלוס 1 ליט,מיליליטרים,1000.00,"100 מ""ל",false,,17.90,0.0179,true,1,9458
7290005424762,false,ריצפז חרקים+ווקס,סנו,IL,ריצפז,ליטרים,2.00,ליטר,false,,25.90,12.9500,true,1,9460
7290005424847,false,מפיות 150,איפק,TR,סנו סושי,יח',150.00,יח',false,,6.90,0.0460,true,1,9464
7290005425073,false,דואופרש אפרסק,סנו,IL,דואופרש,מיליליטרים,300.00,"100 מ""ל",false,,10.90,0.0363,true,1,9467
7290005425110,false,*מבצע* מרסס חיטוי מש,סנו,,*מבצע* מרסס חיטוי מש,מיליליטרים,750.00,"100 מ""ל",false,,9.90,0.0132,true,1,9469
7290005425127,false,*מבצע* מרסס מנקה שומ,סנו,,*מבצע* מרסס מנקה שומ,מיליליטרים,750.00,"100 מ""ל",false,,9.90,0.0132,true,1,9470
7290005425202,false,"מקסימה ביו 2.5 ק""ג",סנו,IL,מקסימה,קילוגרמים,2.50,"ק""ג",false,,23.90,9.5600,true,1,9472
7290005425646,false,סנוקליר 1 ליטר,סנו,IL,סנוקליר,ליטרים,1.00,ליטר,false,,10.90,10.9000,true,1,9473
7290005426186,false,סקוטש שלישייה ענק,סנו,IL,סנו סושי,יח',3.00,יח',false,,17.90,5.9667,true,1,9478
7290005426193,false,ספוג הפלא,U.F.O.,US,סנו סושי,יח',6.00,יח',false,,9.90,1.6500,true,1,9479
7290005426230,false,מטלית הפלא לרצפה סנו,N.S.,CN,סנו סושי,יח',1.00,יח',false,,10.90,10.9000,true,1,9480
7290005426575,false,קרמה לחות יבש,קוסמופארם,IL,קרמה,מיליליטרים,400.00,"100 מ""ל",false,,16.90,0.0422,true,1,9485
7290005426940,false,קיי 300 פלוס 8,סנו,IL,סנו,מיליליטרים,400.00,"100 מ""ל",false,,19.90,0.0497,true,1,9488
7290005427725,false,מגבונים ליטופים חמיש,טרופיקל דגיל קוסמטיק,IL,ליטופים,יח',5.00,יח',false,,17.90,3.5800,true,1,9503
7290005427763,false,אל סבון כיף 2 ליטר ג,קוסמופארם,IL,כיף,ליטרים,2.00,ליטר,false,,19.90,9.9500,true,1,9504
7290005427787,false,קרמה לחות שיער,קוסמופארם,IL,קרמה,מיליליטרים,400.00,"100 מ""ל",false,,16.90,0.0422,true,1,9505
7290005429279,false,"מקסימה ז'אול 6 ק""ג",סנו,IL,מקסימה,קילוגרמים,6.00,"ק""ג",false,,44.90,7.4833,true,1,9514
7290005430602,false,*מבצע* אוקסיגן מסיר,סנו,IL,אוקסיג'ן,מיליליטרים,750.00,"100 מ""ל",false,,14.90,0.0199,true,1,9517
7290005431883,false,מלבי חלבי 165 גרם,תנובה,IL,תנובה,גרמים,165.00,100 גרם,false,,5.90,0.0358,true,1,21631
7290005431906,false,קדאיף 82 גרם,תנובה,IL,תנובה,גרמים,82.00,100 גרם,false,,5.90,0.0720,true,1,21633
7290005431913,false,עוגת גבינה פירורים 9,תנובה,IL,תנובה,גרמים,92.00,100 גרם,false,,5.90,0.0641,true,1,21634
7290005431920,false,עוגת גבינה פירורים ל,תנובה,IL,תנובה,גרמים,78.00,100 גרם,false,,5.90,0.0756,true,1,21635
7290005431937,false,טירמיסו 82 גרם,תנובה,IL,תנובה,גרמים,82.00,100 גרם,false,,5.90,0.0720,true,1,21636
7290005431968,false,מלבי שמנת 150 גרם,תנובה,IL,תנובה,גרמים,150.00,100 גרם,false,,6.90,0.0460,true,1,21638
7290005477669,false,דרמפון סבון נוזלי,"אמיליה קוסמטיקס בע""מ",IL,דרמפון,ליטרים,1.00,ליטר,false,,17.90,17.9000,true,1,9520
7290005500688,false,*מבצע* מסכה לשיער 1,ארמן,IL,פנינה רוזנבלום בע'מ,קילוגרמים,1.00,"ק""ג",false,,26.90,26.9000,true,1,17202
7290005500893,false,ג'ל לעיצוב השיער לקו,א.ל ארמן,IL,פנינה רוזנבלום בע'מ,קילוגרמים,1.00,"ק""ג",false,,15.90,15.9000,true,1,17203
7290005500978,false,"מסיר לק ריחני 200 מ""",,,פנינה,מיליליטרים,200.00,"100 מ""ל",false,,9.90,0.0495,true,1,17205
7290005509445,false,מיני קוקיס בטעם חמאה,Carmit,IL,כרמית,גרמים,600.00,100 גרם,false,,15.90,0.0265,true,1,12207
7290005559907,false,פיצה משפחתית גבינה,מעדנות,IL,מעדנות,גרמים,500.00,100 גרם,false,,19.90,0.0398,true,1,27527
7290005559914,false,פיצה משפחתית זיתים,מעדנות,IL,מעדנות,גרמים,550.00,100 גרם,false,,19.90,0.0362,true,1,27528
7290005559990,false,*מבצע* בצק פילאס טור,מעדנות,IL,מעדנות,גרמים,600.00,100 גרם,false,,19.90,0.0332,true,1,27530
7290005591761,false,דבש לחיץ 400 גרם,שטראוס גרופ,IL,יד מרדכי,גרמים,400.00,100 גרם,false,,19.90,0.0497,true,1,15965
7290005610509,false,צנונית ארוזה,,,צנונית ארוזה,יח',1.00,יח',false,,4.90,4.9000,true,1,35304
7290005617430,false,ספוג מסאג' דו צדדי,saniteks,TR,נופר,יח',1.00,יח',false,,5.90,5.9000,true,1,10526
7290005651366,false,בונזו כבד 3 קג,,,בונזו כבד 3 קג,גרמים,3000.00,100 גרם,false,,49.90,0.0166,true,1,33001
7290005651427,false,בונזו מולטיפק 3*400,FIDELE SAS,FR,בונזו,קילוגרמים,1.23,"ק""ג",false,,17.90,14.5528,true,1,33002
7290005680052,false,*מבצע* אובה קלאסי סו,Johnson Toilet-IT,GR,אובה,יח',32.00,יח',false,,20.90,0.6531,true,1,23014
7290005719189,false,לחם מחמצת שיפון אגוז,,,לחם כוסמין,יח',1.00,יח',false,,16.90,16.9000,true,1,40186
7290005838002,false,דניאלה וניל,שטראוס גרופ,IL,שטראוס,מיליליטרים,150.00,"100 מ""ל",false,,3.90,0.0260,true,1,18113
7290005838613,false,סקי וניל 125 בודד,שטראוס גרופ,IL,שטראוס,גרמים,125.00,100 גרם,false,,3.70,0.0296,true,1,18114
7290005838972,false,סקי יום יום 5%,שטראוס גרופ,IL,שטראוס,גרמים,125.00,100 גרם,false,,3.10,0.0248,true,1,18115
7290005839078,false,מארז 8 חסכון - ביו 3,שטראוס גרופ,IL,שטראוס,קילוגרמים,1.20,"ק""ג",false,,15.90,13.2500,true,1,18116
7290005839108,false,סימפוניה 5% עם זתים,שטראוס גרופ,IL,שטראוס,גרמים,200.00,100 גרם,false,,10.90,0.0545,true,1,18117
7290005839313,false,מילקי טופ מגולגלת,שטראוס גרופ,IL,שטראוס,גרמים,134.00,100 גרם,false,,4.50,0.0336,true,1,18118
7290005896439,false,מכבי בקבוק חוזר 500,טמפו,IL,מכבי,מיליליטרים,500.00,"100 מ""ל",false,,6.90,0.0138,true,1,12508
7290005896453,false,"מכבי 7.9 חוזר 500 מ""",טמפו,IL,מכבי,מיליליטרים,500.00,"100 מ""ל",false,,6.90,0.0138,true,1,12509
7290005896460,false,בירה איגל לארג 7.8%,טמפו,IL,טמפו,מיליליטרים,500.00,"100 מ""ל",false,,6.50,0.0130,true,1,12510
7290005938238,false,צימיצורי 220 גרם,פרסקו חצבה,IL,פרסקו חצבה,גרמים,220.00,100 גרם,false,,17.90,0.0814,true,1,15245
7290005938627,false,ממרח עגבניות מיובשות,פרסקו חצבה,IL,פרסקו,גרמים,220.00,100 גרם,false,,17.90,0.0814,true,1,35754
7290005992018,false,יוגורט עיזים,גדיה,IL,מחלבות גד,גרמים,500.00,100 גרם,false,,12.90,0.0258,true,1,14773
7290005992247,false,גבינת חלומי  24%,מחלבות גד,IL,מחלבות גד,קילוגרמים,1.00,"ק""ג",true,,99.00,99.0000,true,1,14712
7290005992575,false,בולגרית למריחה,מחלבות גד,IL,מחלבות גד,גרמים,250.00,100 גרם,false,,15.90,0.0636,true,1,14775
7290005992735,false,לבנה 250 גרם,מחלבות גד,IL,מחלבות גד,גרמים,250.00,100 גרם,false,,11.90,0.0476,true,1,14776
7290005992858,false,פטה עזים מעודנת  5%,דשן,IL,מחלבות גד,קילוגרמים,1.00,"ק""ג",true,,110.00,110.0000,true,1,14714
7290005992872,false,צפתית פרח במים  5%,מחלבות גד,IL,מחלבות גד,קילוגרמים,1.00,"ק""ג",true,,60.00,60.0000,true,1,14777
7290005992889,false,גבינת שמנת שום  שמיר,מחלבות גד,IL,מחלבות גד,קילוגרמים,1.00,"ק""ג",true,,45.00,45.0000,true,1,14715
7290005992902,false,גבינת שמנת ירקות 30%,מחלבות גד,IL,מחלבות גד,קילוגרמים,1.00,"ק""ג",true,,45.00,45.0000,true,1,14716
7290005992957,false,פטה עיזים מסורתית 20,טבע עז,IL,מחלבות גד,קילוגרמים,1.00,"ק""ג",true,,110.00,110.0000,true,1,14718
7290005996078,false,סרוולט הונגרי 125 גר,מעדני יחיעם,IL,יחיעם,גרמים,125.00,100 גרם,false,,25.90,0.2072,true,1,3466
7290005996153,false,נקניקיות צרפתיות פרי,מעדני יחיעם,IL,מעדני יחיעם,גרמים,280.00,100 גרם,false,,19.90,0.0711,true,1,3467
7290005996160,false,נקניקיות צוריסו פרימ,מעדני יחיעם,IL,מעדני יחיעם,גרמים,280.00,100 גרם,false,,19.90,0.0711,true,1,3468
7290005996221,false,פסטרמה של פעם דק דק,מעדני יחיעם,IL,יחיעם,גרמים,120.00,גרם,false,,12.90,0.1075,true,1,3469
7290005996238,false,פסטרמה בדבש דק דק 12,מעדני יחיעם,IL,יחיעם,גרמים,120.00,גרם,false,,12.90,0.1075,true,1,3470
7290005996276,false,פסטרמה ברביקיו דק דק,מעדני יחיעם,IL,יחיעם,גרמים,120.00,גרם,false,,12.90,0.1075,true,1,3471
7290006185501,false,*מבצע* סבון נוזלי 1,סאסא קוסמטיקס,IL,פנינה רוזנבלום בע'מ,ליטרים,1.00,ליטר,false,,8.90,8.9000,true,1,17206
7290006185518,false,*מבצע* סבון נוזלי 1,סאסא קוסמטיקס,IL,פנינה רוזנבלום בע'מ,ליטרים,1.00,ליטר,false,,8.90,8.9000,true,1,17207
7290006185952,false,מגבונים לחים להסרת א,דן מור חומרי טבע וכי,IL,מגבונים לחים להסרת א,יח',1.00,יח',false,,7.90,7.9000,true,1,17208
7290006229588,false,"בירה איגל 500 מ""ל פח",טמפו,IL,טמפו,מיליליטרים,500.00,"100 מ""ל",false,,5.90,0.0118,true,1,12524
7290006241153,false,פקאן סיני 150 גרם,"ג'י אנד ג'י בע""מ",IL,גאשרס,גרמים,150.00,100 גרם,false,,17.90,0.1193,true,1,13893
7290006241191,false,אגוז מלך 150 גרם,"ששון ושות' בע""מ",IL,גאשרס,גרמים,150.00,100 גרם,false,,16.90,0.1127,true,1,13894
7290006241214,false,שקד טבעי 200 גרם,"ג'י אנד ג'י בע""מ",IL,קליית גת,גרמים,200.00,100 גרם,false,,16.90,0.0845,true,1,13895
7290006241689,false,קפוא לימון 340,פריגת מצוננים,IL,פריז_א,גרמים,340.00,100 גרם,false,,9.90,0.0291,true,1,17592
7290006243713,false,בורקס גבינה 800 גרם,,,בורקס גבינה,גרמים,800.00,100 גרם,false,,11.90,0.0149,true,1,15388
7290006251107,false,צ'אי מסאלה 25,ויסוצקי,IL,ויסוצקי,גרמים,50.00,100 גרם,false,,18.90,0.3780,true,1,19877
7290006251275,false,*מבצע* תה ירוק סיני,ויסוצקי,IL,ויסוצקי,גרמים,937.50,100 גרם,false,,17.90,0.0191,true,1,19878
7290006251343,false,*מבצע* מנגו פסיפלורה,ויסוצקי,IL,ויסוצקי,גרמים,38.00,100 גרם,false,,16.90,0.4447,true,1,19880
7290006251374,false,*מבצע* תה ירוק לימונ,ויסוצקי,IL,ויסוצקי,גרמים,937.50,100 גרם,false,,17.90,0.0191,true,1,19881
7290006251589,false,*מבצע* תה ירוק נענע,ויסוצקי,IL,ויסוצקי,גרמים,50.00,100 גרם,false,,37.90,0.7580,true,1,19882
7290006256089,false,גאטו נגרו קברנה סובי,,AR,גאטו נגרו קברנה סובי,מיליליטרים,750.00,"100 מ""ל",false,,39.90,0.0532,true,1,35606
7290006256102,false,גאטו נגרו מרלו,,AR,גאטו נגרו מרלו,מיליליטרים,750.00,"100 מ""ל",false,,39.90,0.0532,true,1,35607
7290006265500,false,פטריות שמפניון,סודות המזרח,IL,פטריות שמפניון,יח',1.00,יח',false,,8.90,8.9000,true,1,31963
7290006265548,false,נבטים סיניים,"סוכרזית בע""מ",IL,נבטים סיניים,יח',1.00,יח',false,,5.90,5.9000,true,1,31964
7290006265890,false,נבטי חמניה,סולימר,IL,נבטי חמניה,יח',1.00,יח',false,,8.90,8.9000,true,1,31965
7290006271174,false,גחנון מעדנות 700 גרם,מעדנות,IL,מעדנות,גרמים,700.00,100 גרם,false,,17.90,0.0256,true,1,27531
7290006271181,false,*מבצע* גחנון אפוי,מעדנות,IL,מעדנות,גרמים,750.00,100 גרם,false,,21.90,0.0292,true,1,27532
7290006271655,false,בורקס גבינה מיני,מעדנות,IL,מעדנות,גרמים,800.00,100 גרם,false,,24.90,0.0311,true,1,27535
7290006272072,false,*מבצע* חטיפי פיצה מע,מעדנות,IL,מעדנות,גרמים,650.00,100 גרם,false,,27.90,0.0429,true,1,27537
7290006272430,false,בצק עלים חמאה,מעדנות,IL,מעדנות,גרמים,600.00,100 גרם,false,,27.90,0.0465,true,1,27538
7290006306296,false,רביולי במילוי גבינה,פסטה נונה,IL,פסטה נונה,גרמים,400.00,100 גרם,false,,23.90,0.0597,true,1,14782
7290006306302,false,רביולי במילוי גבינות,פסטה נונה,IL,פסטה נונה,גרמים,400.00,100 גרם,false,,23.90,0.0597,true,1,14783
7290006306319,false,רביולי במילוי בטטה 4,פסטה נונה,IL,פסטה נונה,גרמים,400.00,100 גרם,false,,23.90,0.0597,true,1,14784
7290006306326,false,רביולי במילוי פטריות,פסטה נונה,IL,פסטה נונה,גרמים,400.00,100 גרם,false,,23.90,0.0597,true,1,14785
7290006342645,false,טורטיה גדולה 840 גרם,סיטוגלוגידה,TR,טורטיה גדולה 840 גרם,גרמים,840.00,100 גרם,false,,14.90,0.0177,true,1,3528
7290006374738,false,קונפיטורת תות יד מרד,"בית אל מזון בע""מ",IL,יד מרדכי,גרמים,340.00,100 גרם,false,,11.90,0.0350,true,1,15969
7290006376046,false,סוכר חום 1קג' שק' פר,ר.ס,IL,פרמיום,קילוגרמים,1.00,"ק""ג",false,,8.90,8.9000,true,1,17296
7290006439451,false,"אורז בסמטי גולד 5 ק""",צ'מאן לאל סטיה,IN,גולד,קילוגרמים,5.00,"ק""ג",false,,39.90,7.9800,true,1,28396
7290006449849,false,"תמר מג'הול 1 ק""ג",,,"תמר מג'הול 1 ק""ג",קילוגרמים,1.00,"ק""ג",false,,16.90,16.9000,true,1,1717
7290006449955,false,מלפפון בייבי יח',,,מלפפון בייבי יח',יח',1.00,יח',false,,8.90,8.9000,true,1,31994
7290006492432,false,מוצרלה ביבי,מחלבות גד,IL,מחלבות גד,גרמים,150.00,100 גרם,false,,12.90,0.0860,true,1,14792
7290006492616,false,בולגרית 5% פרוסות,דשן,IL,מחלבות גד,גרמים,250.00,100 גרם,false,,25.90,0.1036,true,1,14793
7290006492630,false,גבינת עיזים גליל,מחלבות גד,IL,מחלבות גד,גרמים,180.00,100 גרם,false,,21.90,0.1217,true,1,14794
7290006492685,false,לבנה עיזים 250גר,מחלבות גד,IL,מחלבות גד,גרמים,250.00,100 גרם,false,,16.90,0.0676,true,1,14796
7290006492852,false,גבינת עיזים 5% למריח,מחלבות גד,IL,מחלבות גד,גרמים,250.00,100 גרם,false,,15.90,0.0636,true,1,14797
7290006492913,false,לבנה ציזיקי למריחה,מחלבות גד,IL,מחלבות גד,גרמים,250.00,100 גרם,false,,12.90,0.0516,true,1,14798
7290006494917,false,וופל בטעם שוקולד ללא,"גילרו בע""מ",IL,טוסו,גרמים,180.00,100 גרם,false,,7.90,0.0439,true,1,8303
7290006494924,false,וופל בטעם לימון ללא,"גילרו בע""מ",IL,וופל טוסו,גרמים,200.00,100 גרם,false,,9.90,0.0495,true,1,8304
7290006511010,false,פרמז'נו  29% שומן  צ,זנטי,IT,וילי פוד,קילוגרמים,1.00,"ק""ג",true,,99.00,99.0000,true,1,10989
7290006511157,false,פטריות שלמות 400 גרם,אוקוצמפ,PL,וילי פוד,גרמים,400.00,100 גרם,false,,7.90,0.0198,true,1,11073
7290006511683,false,פולי סויה קפוא 454 ג,קו.אל.טי.די.קיאוניונ,CN,וילי פוד,גרמים,454.00,100 גרם,false,,8.90,0.0196,true,1,11074
7290006511706,false,*מבצע* גאודה עם כמון,רובין הולנד,NL,בטעם גאודה כמון 30.4%,קילוגרמים,1.00,"ק""ג",true,,90.00,90.0000,true,1,37024
7290006511751,false,שלישיית פיטריות חתוך,לוטס,NL,וילי פוד,גרמים,290.00,100 גרם,false,,11.90,0.0410,true,1,11075
7290006546388,false,תחתיות ארטישוק 400 ג,"פרי הגליל בע""""מ",IL,פרי הגליל,גרמים,400.00,100 גרם,false,,9.90,0.0248,true,1,17123
7290006546395,false,לקט העונה 800 גר,"פרי הגליל בע""""מ",IL,פרי הגליל,גרמים,800.00,100 גרם,false,,8.90,0.0111,true,1,17124
7290006554017,false,עוגיות מרוקאיות,ארקד,IL,ארקד,גרמים,500.00,100 גרם,false,,17.90,0.0358,true,1,23974
7290006554024,false,עוגיות ביתיות תמרים,ארקד,IL,ארקד,גרמים,500.00,100 גרם,false,,17.90,0.0358,true,1,23975
7290006554031,false,עוגיות ביתיות אגוזים,ארקד,IL,ארקד,גרמים,500.00,100 גרם,false,,17.90,0.0358,true,1,23976
7290006554048,false,חיתוכיות תות שדה 250,ארקד,IL,ארקד,גרמים,250.00,100 גרם,false,,17.90,0.0716,true,1,23977
7290006554055,false,עוגיות בטעם טחינה,ארקד,IL,ארקד,גרמים,300.00,100 גרם,false,,17.90,0.0597,true,1,23978
7290006554062,false,עוגיות גרנולה,ארקד,IL,ארקד,גרמים,250.00,100 גרם,false,,17.90,0.0716,true,1,23979
7290006554079,false,עוגיות גרנולה ללא סו,ארקד,IL,ארקד,גרמים,250.00,100 גרם,false,,17.90,0.0716,true,1,23980
7290006554123,false,עוגיות שקדים,ארקד,IL,ארקד,גרמים,250.00,100 גרם,false,,17.90,0.0716,true,1,23983
7290006554161,false,עוגיות משקפיים,ארקד,IL,ארקד,גרמים,250.00,100 גרם,false,,17.90,0.0716,true,1,23986
7290006554307,false,עוגיות מרוקאיות ללא,ארקד,IL,ארקד,גרמים,350.00,100 גרם,false,,17.90,0.0511,true,1,23990
7290006554345,false,עוגיות תמרים ללא סוכ,ארקד,IL,ארקד,גרמים,250.00,100 גרם,false,,17.90,0.0716,true,1,23993
7290006582355,false,סילאן 900 גרם,טעמי הגליל,IL,שקדיה,גרמים,900.00,100 גרם,false,,9.90,0.0110,true,1,3530
7290006618146,false,הפי נוזל להדלקת פחמי,דה טורן,NL,הפי,מיליליטרים,500.00,"100 מ""ל",false,,14.90,0.0298,true,1,13310
7290006644480,false,תפוזינה תפוזים 0.5 ל,יפאורה תבורי,IL,תפוזינה,מיליליטרים,500.00,"100 מ""ל",false,,5.00,0.0100,true,1,13076
7290006644527,false,תפוזינה תות בננה 0.5,יפאורה תבורי,IL,תפוזינה,מיליליטרים,500.00,"100 מ""ל",false,,5.00,0.0100,true,1,13078
7290006652027,false,במבה יום הולדת קדמ.מ,אסם,IL,במבה,גרמים,300.00,100 גרם,false,,23.90,0.0797,true,1,4581
7290006653765,false,פרפקטו פסטה פטוצ'יני,זארה,IT,פרפקטו,גרמים,500.00,100 גרם,false,,6.90,0.0138,true,1,4583
7290006653819,false,קוסקוס דק 350 גרם,קוסקוס,IL,אסם,גרמים,350.00,100 גרם,false,,7.50,0.0214,true,1,4584
7290006664037,false,גמדים תפוח בננה רביע,שטראוס גרופ,IL,שטראוס,גרמים,400.00,100 גרם,false,,10.90,0.0273,true,1,18119
7290006664051,false,אקטימל לבן 14,שטראוס גרופ,IL,שטראוס,ליטרים,1.40,ליטר,false,,29.90,21.3571,true,1,18120
7290006664310,false,סקי 3% 250 גרם,שטראוס גרופ,IL,שטראוס,גרמים,250.00,100 גרם,false,,4.70,0.0188,true,1,18122
7290006664402,false,סקי% 5 750 גרם,שטראוס גרופ,IL,שטראוס,גרמים,750.00,100 גרם,false,,13.60,0.0181,true,1,18123
7290006664655,false,אקטימל לבן שמינייה,שטראוס גרופ,IL,שטראוס,מיליליטרים,864.00,"100 מ""ל",false,,19.90,0.0230,true,1,18126
7290006664693,false,דנונה אפרסק  3%,שטראוס גרופ,IL,שטראוס,גרמים,180.00,100 גרם,false,,3.50,0.0194,true,1,18127
7290006664990,false,מארז 8 חסכון - ביו 1,שטראוס גרופ,IL,שטראוס,קילוגרמים,1.20,"ק""ג",false,,15.90,13.2500,true,1,18129
7290006681003,false,קרמיסימו גלידת שרבט,גלידות שטראוס,IL,קרמיסימו,ליטרים,1.33,ליטר,false,,18.90,14.2105,true,1,7738
7290006681553,false,קרמבו 1/8 וניל,גלידות שטראוס,IL,שטראוס,יח',8.00,יח',false,,13.90,1.7375,true,1,7741
7290006681560,false,קרמבו 1/8 מוקה,גלידות שטראוס,IL,שטראוס,יח',8.00,יח',false,,13.90,1.7375,true,1,7742
7290006696717,false,תירוש אפרת לבן 1 ליט,,,תירוש אפרת לבן 1 ליטר,ליטרים,1.00,ליטר,false,,12.90,12.9000,true,1,13394
7290006704511,false,"תפו""א למיקרו",,,"תפו""א למיקרו",יח',1.00,יח',false,,6.90,6.9000,true,1,31995
7290006704542,false,עלי תרד ניוזילנדי,"סנפרוסט בע""מ",IL,תרד שטוף,יח',1.00,יח',false,,8.90,8.9000,true,1,31983
7290006704573,false,בצל ירוק יח',,,בצל ירוק יח',יח,1.00,יח,false,,5.90,5.9000,true,1,31996
7290006704740,false,שורש פטרוזיליה יח',,,שורש פטרוזיליה יח',יח,1.00,יח,false,,5.90,5.9000,true,1,31997
7290006704757,false,סלרי ראש יח',,,סלרי ראש יח',יח,1.00,יח,false,,5.90,5.9000,true,1,31998
7290006704801,false,סלק עלים יח',,,סלק עלים יח',יח,1.00,יח,false,,5.90,5.9000,true,1,31999
7290006707079,false,כרעיים עוף קפוא,,,כרעיים עוף קפוא,קילוגרמים,1.00,"ק""ג",true,,27.90,27.9000,true,1,37954
7290006707512,false,שניצל קפוא ארוז,"נטו מלינדה סחר בע""מ",IL,שניצל קפוא ארוז,קילוגרמים,1.00,"ק""ג",true,,34.90,34.9000,true,1,42614
7290006712981,false,קולגייט משחת ילדים 6,CP-Poland swidnica,PL,קולגייט,מיליליטרים,50.00,"100 מ""ל",false,,11.90,0.2380,true,1,23017
7290006714428,false,רגל עגל פרוס.,מעדני הטלה,IL,מעדני הטלה,קילוגרמים,1.00,"ק""ג",true,,34.90,34.9000,true,1,15248
7290006738615,false,קבב זהב 400 ג,זוגלובק,IL,זוגלובק,גרמים,400.00,100 גרם,false,,19.90,0.0497,true,1,28647
7290006739346,false,נקניקיות פרגיות 400,זוגלובק,IL,זוגלובק,גרמים,400.00,100 גרם,false,,13.90,0.0348,true,1,28654
7290006739407,false,שניצל תירס לייט630 ג,זוגלובק,IL,זוגלובק,גרמים,630.00,100 גרם,false,,21.90,0.0348,true,1,28655
7290006739414,false,נקניק קוניאק 300 גרם,זוגלובק,IL,זוגלובק,גרמים,300.00,100 גרם,false,,25.90,0.0863,true,1,28656
7290006739421,false,מעושן איטלקי 300 גרם,זוגלובק,IL,זוגלובק,גרמים,300.00,100 גרם,false,,25.90,0.0863,true,1,28657
7290006739445,false,שניצל תירס 750 גרם,זוגלובק,IL,זוגלובק,גרמים,750.00,100 גרם,false,,21.90,0.0292,true,1,28658
7290006742162,false,המבורגר מזרחי 400 גר,זוגלובק,IL,זוגלובק,גרמים,400.00,100 גרם,false,,19.90,0.0497,true,1,28670
7290006742278,false,פסטרממיה צלויה 330 ג,זוגלובק,IL,זוגלובק,גרמים,330.00,100 גרם,false,,25.90,0.0785,true,1,28672
7290006742315,false,חזה הודו ברביקיו 330,זוגלובק,IL,זוגלובק,גרמים,330.00,100 גרם,false,,25.90,0.0785,true,1,28675
7290006764058,false,בירה נשר חוזר,טמפו,IL,נשר לבן,מיליליטרים,500.00,"100 מ""ל",false,,5.20,0.0104,true,1,12525
7290006764072,false,"גולדסטאר חוזר 500 מ""",טמפו,IL,גולדסטאר,מיליליטרים,500.00,"100 מ""ל",false,,6.90,0.0138,true,1,12527
7290006764096,false,בירה איגל חוזר 3.8%,טמפו,IL,איגל,מיליליטרים,500.00,"100 מ""ל",false,,4.90,0.0098,true,1,12528
7290006764157,false,גולדסטאר לא מסונן בק,טמפו,IL,גולדסטאר לא מסונן בק,מיליליטרים,500.00,"100 מ""ל",false,,7.90,0.0158,true,1,12532
7290006764485,false,נשר מאלט שישייה 330,טמפו,IL,נ.מאלט,ליטרים,1.98,ליטר,false,,26.90,13.5859,true,1,12535
7290006764737,false,"דיאט נשר מאלט 500 מ""",טמפו,IL,נ.מאלט,מיליליטרים,500.00,"100 מ""ל",false,,4.90,0.0098,true,1,12537
7290006765000,false,טורטיה מקמח מלא 540ג,מוטלוקל,TR,טורטיה מקמח מלא 540ג,גרמים,540.00,100 גרם,false,,9.90,0.0183,true,1,3533
7290006775016,false,עוגת תפוז 450 גרם,"אחדות ביח""ר לטחינה ח",IL,אחוה,גרמים,450.00,100 גרם,false,,9.90,0.0220,true,1,4158
7290006775023,false,עוגה אנגלית 450 גרם,"אחדות ביח""ר לטחינה ח",IL,אחוה,גרמים,450.00,100 גרם,false,,9.90,0.0220,true,1,4159
7290006775030,false,עוגת שוקו ציפס 450 ג,"אחדות ביח""ר לטחינה ח",IL,אחוה,גרמים,450.00,100 גרם,false,,9.90,0.0220,true,1,4160
7290006775047,false,עוגה בטעם שוקולד 450,"אחדות ביח""ר לטחינה ח",IL,אחוה,גרמים,450.00,100 גרם,false,,9.90,0.0220,true,1,4161
7290006775054,false,עוגת שיש 450 גרם,"אחדות ביח""ר לטחינה ח",IL,אחוה,גרמים,450.00,100 גרם,false,,9.90,0.0220,true,1,4162
7290006775085,false,עוגת שמרים במילוי קר,"אחדות ביח""ר לטחינה ח",IL,אחוה,גרמים,400.00,100 גרם,false,,9.90,0.0248,true,1,4164
7290006775344,false,עוגת שמרים במילוי קר,"אחדות ביח""ר לטחינה ח",IL,אחוה,גרמים,400.00,100 גרם,false,,9.90,0.0248,true,1,4166
7290006784360,false,חלונית 1 ליטר,"קומפלקס כימיקלים בע""",IL,חלונית,ליטרים,1.00,ליטר,false,,5.90,5.9000,true,1,10946
7290006788405,false,"דאו רולאון 75 מ""ל","אמיליה קוסמטיקס בע""מ",IL,קרליין,מיליליטרים,75.00,"100 מ""ל",false,,11.90,0.1587,true,1,9534
7290006788429,false,"דאו רולאון 75 מ""ל","אמיליה קוסמטיקס בע""מ",IL,קרליין,מיליליטרים,75.00,"100 מ""ל",false,,11.90,0.1587,true,1,9536
7290006788436,false,"דאו רולאון 75 מ""ל","אמיליה קוסמטיקס בע""מ",IL,קרליין,מיליליטרים,75.00,"100 מ""ל",false,,11.90,0.1587,true,1,9537
7290006788467,false,דאו ספריי קרוליין 20,"אמיליה קוסמטיקס בע""מ",IL,קרליין,מיליליטרים,200.00,"100 מ""ל",false,,11.90,0.0595,true,1,9540
7290006805355,false,תערובת לכדורי שוקולד,ג'נרל מילס,IL,פילסברי,גרמים,500.00,100 גרם,false,,16.90,0.0338,true,1,13896
7290006805850,false,תערובת לפנקייק פילסב,ג'נרל מילס,IL,פילסברי,גרמים,450.00,100 גרם,false,,16.90,0.0376,true,1,13897
7290006822192,false,אושן ספריי דיאט 1 לי,פריגת,IL,אושן ספריי,ליטרים,1.00,ליטר,false,,11.90,11.9000,true,1,9075
7290006920829,false,צדר פרוסה 350 גרם,צי תעשיות מזון יבנה,IL,כפיר,גרמים,350.00,100 גרם,false,,14.90,0.0426,true,1,17383
7290006920843,false,מוצרלה פרוסה 350 גרם,צי תעשיות מזון יבנה,IL,כפיר,גרמים,350.00,100 גרם,false,,14.90,0.0426,true,1,17385
7290006920911,false,הולנדית פרוסה 350 גר,צי תעשיות מזון יבנה,IL,כפיר,גרמים,350.00,100 גרם,false,,14.90,0.0426,true,1,17386
7290006920942,false,צהובה טובה 350 גרם,צי תעשיות מזון יבנה,IL,כפיר,גרמים,350.00,100 גרם,false,,14.90,0.0426,true,1,17387
7290006983176,false,לחמית שיפון 230 גרם,אסם,IL,לחמית,גרמים,230.00,100 גרם,false,,7.90,0.0343,true,1,4589
7290006983206,false,פלאפל בקלי קלות 180,אסם,IL,אסם,גרמים,180.00,100 גרם,false,,9.50,0.0528,true,1,4590
7290006983763,false,עוגת הבית שוקולד 400,אסם,IL,הבית,גרמים,400.00,100 גרם,false,,10.90,0.0273,true,1,4592
7290006983770,false,עוגת הבית שיש 400 גר,אסם,IL,הבית,גרמים,400.00,100 גרם,false,,10.90,0.0273,true,1,4593
7290006983787,false,עוגת הבית שוקולד צ'י,אסם,IL,הבית,גרמים,400.00,100 גרם,false,,10.90,0.0273,true,1,4594
7290006983794,false,עוגת הבית תפוז 400 ג,אסם,IL,הבית,גרמים,400.00,100 גרם,false,,10.90,0.0273,true,1,4595
7290006992161,false,מטרנה דייסת קורנפלור,מטרנה,IL,מטרנה,גרמים,200.00,100 גרם,false,,12.90,0.0645,true,1,4597
7290006992192,false,מטרנה דייסת סולת 200,מטרנה,IL,מטרנה,גרמים,200.00,100 גרם,false,,12.90,0.0645,true,1,4599
7290006992208,false,מטרנה דייסת דגנים 20,מטרנה,IL,מטרנה,גרמים,200.00,100 גרם,false,,12.90,0.0645,true,1,4600
7290006992390,false,מטרנה דייסת וניל 200,מטרנה,IL,מטרנה,גרמים,200.00,100 גרם,false,,12.90,0.0645,true,1,4601
7290008000796,false,משחת שיניים סופרמן י,כצט,IL,כצט,גרמים,50.00,100 גרם,false,,10.90,0.2180,true,1,10600
7290008000826,false,משחה ברבי,כצט,IL,כצט,גרמים,50.00,100 גרם,false,,10.90,0.2180,true,1,10601
7290008023542,false,*מבצע* סיף רצפות 4 ל,אתר ליוור - HPC,IL,CIF,ליטרים,4.00,ליטר,false,,17.90,4.4750,true,1,20446
7290008104050,false,פמינה תחליב אינטימית,כצט,IL,כצט,מיליליטרים,220.00,"100 מ""ל",false,,21.90,0.0995,true,1,10605
7290008154222,false,*מבצע* שניצלונים עוף,עוף טוב,IL,עוף טוב,גרמים,700.00,100 גרם,false,,12.90,0.0184,true,1,4602
7290008175173,false,חמאה 200 גרם ללא מלח,,,חמאה ללא מלח,גרמים,200.00,100 גרם,false,,11.90,0.0595,true,1,11079
7290008175210,false,פרמז'נו מגורדת 90 גר,זנטי,IT,וילי פוד,גרמים,90.00,100 גרם,false,,14.90,0.1656,true,1,11080
7290008175760,false,*מבצע* גבינת  מנצגו,אלפסטור,ES,וילי פוד,קילוגרמים,1.00,"ק""ג",true,,90.00,90.0000,true,1,10992
7290008175777,false,*מבצע* גבינת איבריקו,,,גבינת איבריקו 31%,קילוגרמים,1.00,"ק""ג",true,,80.00,80.0000,true,1,10993
7290008175814,false,פטריות חתוכות 400 גר,אוקוצמפ,PL,וילי פוד,גרמים,400.00,100 גרם,false,,4.90,0.0123,true,1,11084
7290008175906,false,גבינת עיזים  32%,אלמטאה,NL,וילי פוד,קילוגרמים,1.00,"ק""ג",true,,100.00,100.0000,true,1,10994
7290008190909,false,מיני קוקיס שוקו ציפס,Carmit,IL,כרמית,גרמים,600.00,100 גרם,false,,15.90,0.0265,true,1,12213
7290008343466,false,בצק פילו 500 גרם,שגמור,IL,שגמור,גרמים,500.00,100 גרם,false,,16.90,0.0338,true,1,15253
7290008343558,false,סיגרים בשר 1 קג,שלושת האופים,IL,שלושת האופים,קילוגרמים,1.00,"ק""ג",false,,17.90,17.9000,true,1,15256
7290008343565,false,סיגרים תפוא 1 קג,שלושת האופים,IL,שלושת האופים,קילוגרמים,1.00,"ק""ג",false,,17.90,17.9000,true,1,15257
7290008343572,false,"אגרול סיני 1 ק""ג",,IL,שלושת האופים,קילוגרמים,1.00,"ק""ג",false,,17.90,17.9000,true,1,15258
7290008343619,false,פסטלים תפוא 1 קג,שלושת האופים,IL,שלושת האופים,קילוגרמים,1.00,"ק""ג",false,,17.90,17.9000,true,1,15260
7290008343626,false,פלאפל 1 קג,שלושת האופים,IL,שלושת האופים,קילוגרמים,1.00,"ק""ג",false,,17.90,17.9000,true,1,15261
7290008344272,false,המבורגר 100% בשר 400,טיבון ויל,IL,טיבון ויל,גרמים,400.00,100 גרם,false,,17.90,0.0447,true,1,15263
7290008345576,false,איקרה לבנה 300 ג,דלי דג,IL,דלידג,גרמים,300.00,100 גרם,false,,18.90,0.0630,true,1,15266
7290008345583,false,איקרה ורודה 300 ג,דלי דג,IL,דלידג,גרמים,300.00,100 גרם,false,,18.90,0.0630,true,1,15267
7290008347211,false,אצבעות דג 700 גרם,דלידג,IL,דלידג,גרמים,700.00,100 גרם,false,,19.90,0.0284,true,1,15269
7290008403238,false,ברי איסיני 30%,איסיני סנט מר,FR,סנט מר,קילוגרמים,1.00,"ק""ג",true,,125.00,125.0000,true,1,14910
7290008409049,false,שניצלונים מיני מיני,תנובה גליל,IL,מאמא עוף,גרמים,500.00,100 גרם,false,,25.90,0.0518,true,1,27718
7290008409124,false,שניצל גונגל 700 גרם,תנובה גליל,IL,מאמא עוף,גרמים,700.00,100 גרם,false,,34.90,0.0499,true,1,27720
7290008409216,false,שניצל דק דק פריך,תנובה גליל,IL,מאמא עוף,גרמים,700.00,100 גרם,false,,39.90,0.0570,true,1,27721
7290008409223,false,שניצל דק מתובל,תנובה גליל,IL,מאמא עוף,גרמים,700.00,100 גרם,false,,39.90,0.0570,true,1,27722
7290008409315,false,שניצלונים מיני מיני,תנובה גליל,IL,מאמא עוף,גרמים,500.00,100 גרם,false,,25.90,0.0518,true,1,27723
7290008409407,false,שניצל דק דק ציפס,תנובה גליל,IL,מאמא עוף,גרמים,700.00,100 גרם,false,,39.90,0.0570,true,1,27727
7290008409551,false,מאמא עוף שניצל אמיתי,תנובה גליל,IL,מאמא עוף,גרמים,700.00,100 גרם,false,,39.90,0.0570,true,1,27732
7290008415071,false,צבר חומוס עם טחינה 1,צבר,IL,סלטי צבר,גרמים,150.00,100 גרם,false,,4.90,0.0327,true,1,4604
7290008415514,false,צבר חומוס עם חריף 15,צבר,IL,סלטי צבר,גרמים,150.00,100 גרם,false,,4.90,0.0327,true,1,4605
7290008443616,false,נקה 7 קונדישינר,"אמיליה קוסמטיקס בע""מ",IL,נקה 7,מיליליטרים,750.00,"100 מ""ל",false,,10.90,0.0145,true,1,9551
7290008443647,false,נקה 7 מרכך,"אמיליה קוסמטיקס בע""מ",IL,נקה 7,מיליליטרים,750.00,"100 מ""ל",false,,10.90,0.0145,true,1,9553
7290008461221,false,סרדין רוברט שמן חמני,רמירז,PT,סרדין רוברט שמן חמני,גרמים,140.00,100 גרם,false,,6.90,0.0493,true,1,15273
7290008461238,false,סרדין רוברט חריף 140,רמירז,PT,סרדין רוברט חריף,גרמים,140.00,100 גרם,false,,6.90,0.0493,true,1,15274
7290008461283,false,טריפל צ'דר 200 גרם,שבינגטון,AO,שבינגטון,גרמים,200.00,100 גרם,false,,23.90,0.1195,true,1,15275
7290008462204,false,*מבצע* חרדל דיזון 38,בונגראן,FR,בונגראן,גרמים,380.00,100 גרם,false,,11.90,0.0313,true,1,15276
7290008462259,false,*מבצע* חרדל דיזון גר,בונגראן,FR,בונגראן,גרמים,380.00,100 גרם,false,,13.90,0.0366,true,1,15277
7290008464024,false,פחית גולדסטאר לא מסו,טמפו,IL,גולדסטאר לא מסונן,מיליליטרים,500.00,"100 מ""ל",false,,8.90,0.0178,true,1,12544
7290008464222,false,פחית מכבי 7.9% 500 מ,טמפו,IL,מכבי,מיליליטרים,500.00,"100 מ""ל",false,,7.90,0.0158,true,1,12546
7290008464406,false,"פחית פפסי 330 מ""ל",טמפו,IL,פפסי מקס,מיליליטרים,330.00,"100 מ""ל",false,,4.00,0.0121,true,1,12554
7290008464468,false,"גולדסטאר פחית 500 מ""",טמפו,IL,גולדסטאר,מיליליטרים,500.00,"100 מ""ל",false,,7.90,0.0158,true,1,12555
7290008464475,false,"מכבי 500 מ""ל פחית",טמפו,IL,מכבי,מיליליטרים,500.00,"100 מ""ל",false,,6.90,0.0138,true,1,12556
7290008464604,false,"הייניקן פחית 500 מ""ל",טמפו,IL,היינקן,מיליליטרים,500.00,"100 מ""ל",false,,11.90,0.0238,true,1,12559
7290008464697,false,*מבצע* מכבי שישייה 7,טמפו,IL,מכבי,ליטרים,1.98,ליטר,false,,24.90,12.5758,true,1,12566
7290008464741,false,*מבצע* גולדסטאר שישי,טמפו,IL,גולדסטאר,ליטרים,1.98,ליטר,false,,24.90,12.5758,true,1,12569
7290008464796,false,*מבצע* הייניקן שישיי,טמפו,IL,היינקן,ליטרים,1.98,ליטר,false,,29.90,15.1010,true,1,12570
7290008466684,false,עוגיות פרימיום חלבי,,,עוגיות פרימיום חלבי,גרמים,250.00,100 גרם,false,,18.90,0.0756,true,1,36438
7290008466707,false,עוגיות פרימיום 250 ג,,,עוגיות פרימיום 250 ג,גרמים,250.00,100 גרם,false,,18.90,0.0756,true,1,24778
7290008493710,false,פירורי גריסיני זהב 2,מאיר בייגל,IL,מאיר בייגל,גרמים,200.00,100 גרם,false,,5.90,0.0295,true,1,39836
7290008611091,false,סלמון מנות נורבגי קפ,סיבורן,NO,סלמון מנות נורבגי קפ,קילוגרמים,1.00,"ק""ג",true,,74.90,74.9000,true,1,36279
7290008634045,false,"פלסטר ""30 ""SUNNY PLA",A.U. In,CN,סאני פלסטר,יח',30.00,יח',false,,6.90,0.2300,true,1,5864
7290008634663,false,בקבוק גדול-שלישיה במ,R.B.P. Co Lt,TH,טוליפס,יח',3.00,יח',false,,14.90,4.9667,true,1,5865
7290008634700,false,*מבצע* כפפות לאטקס 1,T.G. Sdn,TH,סייף טאצ,יח',100.00,יח',false,,17.90,0.1790,true,1,5866
7290008636650,false,קמח מצה 500 גרם,מיה,IL,קמח מצה 500 גרם,גרמים,500.00,100 גרם,false,,5.90,0.0118,true,1,35780
7290008636919,false,קקאו הולנדי 200 גרם,מיה,IL,קקאו הולנדי 200 גרם,גרמים,200.00,100 גרם,false,,8.90,0.0445,true,1,34681
7290008636926,false,קקאו הולנדי 500 גרם,מיה,IL,קקאו הולנדי 500 גרם,גרמים,500.00,100 גרם,false,,13.90,0.0278,true,1,34682
7290008644112,false,מטבוחה יום יום 125 ג,שטראוס גרופ,IL,שטראוס,גרמים,125.00,100 גרם,false,,4.70,0.0376,true,1,18131
7290008644235,false,סלט עלי בייבי,שטראוס גרופ,IL,שטראוס,גרמים,120.00,100 גרם,false,,9.90,0.0825,true,1,17988
7290008644945,false,סלט המושבה משפחתי,שטראוס גרופ,IL,שטראוס,גרמים,450.00,100 גרם,false,,10.90,0.0242,true,1,18133
7290008670012,false,רקנאטי קברנה סוביניו,רקנאטי,IL,רקנאטי,מיליליטרים,750.00,"100 מ""ל",false,,49.90,0.0665,true,1,29367
7290008670029,false,רקנאטי מרלו,רקנאטי,IL,רקנאטי,מיליליטרים,750.00,"100 מ""ל",false,,49.90,0.0665,true,1,29368
7290008670142,false,יין יסמין רקאנטי יסמ,רקנאטי,IL,רקנאטי,מיליליטרים,750.00,"100 מ""ל",false,,34.90,0.0465,true,1,29369
7290008670159,false,יין יסמין רקאנטי יסמ,רקנאטי,IL,רקנאטי,מיליליטרים,750.00,"100 מ""ל",false,,34.90,0.0465,true,1,29370
7290008679428,false,כפפות רנדי בינוני,רנמארק,TH,כפפות רנדי בינוני,יח,1.00,יח,false,,4.90,4.9000,true,1,7136
7290008679459,false,כפפות רנדי בינוני,רנמארק,TH,כפפות רנדי בינוני,יח,1.00,יח,false,,4.90,4.9000,true,1,7138
7290008690713,false,מיץ חמוציות אושן ספר,פריגת,IL,אושן ספריי,ליטרים,1.00,ליטר,false,,11.90,11.9000,true,1,9078
7290008693134,false,דניאלה תות,שטראוס גרופ,IL,שטראוס,גרמים,88.00,100 גרם,false,,3.90,0.0443,true,1,18135
7290008713917,false,שיפון כהה 750 ג,אורנים,IL,אנג'ל,גרמים,750.00,100 גרם,false,,12.90,0.0172,true,1,2911
7290008745239,false,תפוציפס קראנצ',שטראוס פריטו ליי (מל,IL,עלית,גרמים,50.00,100 גרם,false,,3.50,0.0700,true,1,16826
7290008747547,false,תפוציפס קראנצ' טבעי,שטראוס פריטו ליי (מל,IL,עלית,גרמים,200.00,100 גרם,false,,9.90,0.0495,true,1,16828
7290008750264,false,מאסט מסטיק,שטראוס גרופ,IL,עלית,גרמים,28.00,100 גרם,false,,4.00,0.1429,true,1,15978
7290008752244,false,תפוציפס אקסטרא,שטראוס פריטו ליי (מל,IL,עלית,גרמים,50.00,100 גרם,false,,3.50,0.0700,true,1,16829
7290008753111,false,תפוציפס מקסיקני,שטראוס פריטו ליי (מל,IL,עלית,גרמים,50.00,100 גרם,false,,3.50,0.0700,true,1,16830
7290008754415,false,מאסט ללא סוכר,שטראוס גרופ,IL,עלית,גרמים,28.00,100 גרם,false,,4.00,0.1429,true,1,15986
7290008754422,false,מאסט חדש,שטראוס גרופ,IL,עלית,גרמים,28.00,100 גרם,false,,4.00,0.1429,true,1,15987
7290008757980,false,ספרינג קרטוניות רימו,יפאורה תבורי,IL,ספרינג,ליטרים,1.00,ליטר,false,,6.70,6.7000,true,1,13097
7290008775816,false,ערגליות שוקולד 300 ג,אסם,IL,ערגליות,גרמים,300.00,100 גרם,false,,9.90,0.0330,true,1,4609
7290008775823,false,ערגליות תות שדה 300,אסם,IL,ערגליות,גרמים,300.00,100 גרם,false,,9.90,0.0330,true,1,4610
7290008784542,false,סאקי מסג',,,סאקי מסג',יח',1.00,יח',false,,7.90,7.9000,true,1,23782
7290008801010,false,קברנה מרלו פרייבט קו,יקבי כרמל,IL,Private collection,מיליליטרים,750.00,"100 מ""ל",false,,39.90,0.0532,true,1,6002
7290008801119,false,סוביניון בלאן סלקטד,יקבי כרמל,IL,סלקטד,מיליליטרים,750.00,"100 מ""ל",false,,29.90,0.0399,true,1,6004
7290008801157,false,מרלו סלקטד,יקבי כרמל,IL,סלקטד,מיליליטרים,750.00,"100 מ""ל",false,,29.90,0.0399,true,1,6005
7290008801478,false,יין טופז,יקבי כרמל,IL,טופז זהב,מיליליטרים,750.00,"100 מ""ל",false,,18.90,0.0252,true,1,6008
7290008801522,false,יין קונקורד,יקבי כרמל,IL,קינג דויד,מיליליטרים,750.00,"100 מ""ל",false,,19.90,0.0265,true,1,6009
7290008801546,false,יין מוסקט קינג דייוי,יקבי כרמל,IL,קינג דויד,מיליליטרים,750.00,"100 מ""ל",false,,19.90,0.0265,true,1,6011
7290008801843,false,קברנה סובניון סלקטד,יקבי כרמל,IL,סלקטד,מיליליטרים,750.00,"100 מ""ל",false,,29.90,0.0399,true,1,6012
7290008801850,false,ריזלינג סלקטד,יקבי כרמל,IL,סלקטד,מיליליטרים,750.00,"100 מ""ל",false,,29.90,0.0399,true,1,6013
7290008802291,false,מרלו פרייבט קולקשיין,יקבי כרמל,IL,Private collection,מיליליטרים,750.00,"100 מ""ל",false,,39.90,0.0532,true,1,6014
7290008802512,false,יין וינו אדום,יקבי כרמל,IL,וינו,מיליליטרים,750.00,"100 מ""ל",false,,19.90,0.0265,true,1,6015
7290008802529,false,יין וינו לבן,יקבי כרמל,IL,וינו,מיליליטרים,750.00,"100 מ""ל",false,,19.90,0.0265,true,1,6016
7290008804189,false,*מבצע* קברנה סדרה אז,יקבי כרמל,IL,גליל עליון,מיליליטרים,750.00,"100 מ""ל",false,,54.90,0.0732,true,1,6019
7290008804332,false,יין שיראז פרייבט קול,יקבי כרמל,IL,Private collection,מיליליטרים,750.00,"100 מ""ל",false,,39.90,0.0532,true,1,6020
7290008805049,false,יין רוזה סלקטד,יקבי כרמל,IL,סלקטד,מיליליטרים,750.00,"100 מ""ל",false,,29.90,0.0399,true,1,6026
7290008805384,false,יין מוסקט סלקטד,יקבי כרמל,IL,סלקטד,מיליליטרים,750.00,"100 מ""ל",false,,29.90,0.0399,true,1,6027
7290008805520,false,יין קברנה/מרלו סלקטד,יקבי כרמל,IL,סלקטד,מיליליטרים,750.00,"100 מ""ל",false,,29.90,0.0399,true,1,6028
7290008805964,false,*מבצע* קברנה שיראז ס,יקבי כרמל,IL,גליל עליון,מיליליטרים,750.00,"100 מ""ל",false,,54.90,0.0732,true,1,6029
7290008806985,false,קרמיסימו נשנושים 60,גלידות שטראוס,IL,קרמיסימו,גרמים,630.00,100 גרם,false,,49.90,0.0792,true,1,7747
7290008807029,false,יין אמרלד ריזלינג טב,יקבי בינימינה,IL,בנימינה,מיליליטרים,750.00,"100 מ""ל",false,,19.90,0.0265,true,1,17131
7290008835435,false,בשר מס 5 חלק קפוא,sociedad anonima car,AR,בלדי,קילוגרמים,1.00,"ק""ג",true,,69.90,69.9000,true,1,41865
7290008835442,false,בשר מס 6 חלק קפוא,sociedad anonima car,AR,בלדי,קילוגרמים,1.00,"ק""ג",true,,39.90,39.9000,true,1,41852
7290008836401,false,ישן נושן 1 ל,,,ישן נושן 1 ל,ליטרים,1.00,ליטר,false,,16.90,16.9000,true,1,13402
7290008836494,false,תירוש אפרת 1 ליטר,,,תירוש אפרת 1 ליטר,ליטרים,1.00,ליטר,false,,12.90,12.9000,true,1,13403
7290008849609,false,רוטב לעוף שום,אוליביה,IL,אוליביה,גרמים,330.00,100 גרם,false,,12.90,0.0391,true,1,19892
7290008849661,false,ממרח עגבניות מיובשות,אוליביה,IL,אוליביה,גרמים,180.00,100 גרם,false,,11.90,0.0661,true,1,21640
7290008849845,false,אריסה פיקנטית,אוליביה,IL,אוליביה,גרמים,185.00,100 גרם,false,,11.90,0.0643,true,1,21643
7290008866019,false,ברי עיזים בייבי 28%,גבינות יעקבס,,ברי עיזים בייבי 28%,קילוגרמים,1.00,"ק""ג",true,,139.00,139.0000,true,1,35618
7290008899321,false,חלה מאפית קלועה רגיל,,,לחם טוסקאני דגנים,יח',1.00,יח',false,,10.90,10.9000,true,1,36632
7290008909860,false,קוקה קולה זירו 1.5 ל,קוקה קולה ישראל,IL,קוקה קולה ZERO,ליטרים,1.50,ליטר,false,,8.10,5.4000,true,1,9086
7290008945202,false,*מבצע* גלילונית משרד,קילט ניהול פרוייקטים,IL,גלילונית,יח',50.00,יח',false,,12.90,0.2580,true,1,8306
7290008975551,false,מטרנה מהדרין חיסכון,מטרנה,IL,מטרנה,גרמים,700.00,100 גרם,false,,47.90,0.0684,true,1,4612
7290008975780,false,בונזו גזע קטן 3 קג,"ביופט בע""מ",IL,בונזו,קילוגרמים,3.00,"ק""ג",false,,49.90,16.6333,true,1,33007
7290008989091,false,פריכיות אורז 310 גרם,"בטר אנד דיפרנט בע""מ",IL,בטר אנד דיפרנט,גרמים,310.00,100 גרם,false,,11.90,0.0384,true,1,3966
7290009190991,false,עמלת משיכת מזמן,,,עמלת משיכת מזמן,יח',1.00,יח',false,,5.00,5.0000,true,1,26160
7290010023141,false,*מבצע* לימונענע,ויסוצקי,IL,ויסוצקי,גרמים,50.00,100 גרם,false,,16.90,0.3380,true,1,19896
7290010051076,false,לבבות חסה ארוז,,,לבבות חסה ארוז,יח',1.00,יח',false,,10.90,10.9000,true,1,31451
7290010065318,false,מחית פרינוק גדול,פרוטה פודווין איי.אס,CZ,רנדי,גרמים,190.00,100 גרם,false,,5.90,0.0311,true,1,7155
7290010065332,false,מחית פרינוק גדול,פרוטה פודווין איי.אס,CZ,רנדי,גרמים,190.00,100 גרם,false,,5.90,0.0311,true,1,7156
7290010065349,false,מחית פרינוק גדול,פרוטה פודווין איי.אס,CZ,רנדי,גרמים,190.00,100 גרם,false,,5.90,0.0311,true,1,7157
7290010065745,false,מחית פרינוק גדול,פרוטה פודווין איי.אס,CZ,רנדי,גרמים,190.00,100 גרם,false,,5.90,0.0311,true,1,7159
7290010066513,false,*מבצע* פילטונה בשמן,תעשיות פילטונה,IL,פילטונה בשמן רביעיה 158 ג,גרמים,632.00,100 גרם,false,,19.90,0.0315,true,1,28355
7290010066575,false,*מבצע* פילטונה במים,תעשיות פילטונה,IL,פילטונה במים רביעיה 158 ג,גרמים,632.00,100 גרם,false,,19.90,0.0315,true,1,28356
7290010066582,false,*מבצע* פילטונה רביעי,תעשיות פילטונה,IL,פילטונה רביעיה בשמן קנולה,גרמים,632.00,100 גרם,false,,19.90,0.0315,true,1,28357
7290010066599,false,פילטונה רביעיה בשמן,תעשיות פילטונה,IL,פילטונה רביעיה בשמן זית 1,גרמים,632.00,100 גרם,false,,27.90,0.0441,true,1,28358
7290010066957,false,נתחי טונה בשמן צמחי,,,פרינס,גרמים,960.00,100 גרם,false,,29.90,0.0311,true,1,28359
7290010116980,false,שוקולית 850 גרם,שטראוס גרופ,IL,עלית,גרמים,850.00,100 גרם,false,,14.90,0.0175,true,1,15998
7290010117864,false,דוריטוס חריף אש 70 ג,שטראוס פריטו ליי (מל,IL,עלית,גרמים,70.00,100 גרם,false,,3.20,0.0457,true,1,16831
7290010118328,false,מארז תפוציפס שישיה 6,שטראוס פריטו ליי (מל,IL,תפוציפס,גרמים,240.00,100 גרם,false,,11.90,0.0496,true,1,16834
7290010124107,false,סטייק בורגר 400 גרם,בלדי,IL,בלדי,גרמים,400.00,100 גרם,false,,15.90,0.0398,true,1,23922
7290010124190,false,שניצל בקר מלינסה 250,בלדי,IL,בלדי,גרמים,250.00,100 גרם,false,,12.90,0.0516,true,1,23923
7290010124213,false,סינטה בקר דק דק 250,בלדי,IL,בלדי,גרמים,250.00,100 גרם,false,,16.90,0.0676,true,1,23924
7290010124503,false,שומן כבש 200 גרם.,בלדי,IL,בלדי,גרמים,200.00,100 גרם,false,,10.90,0.0545,true,1,23926
7290010125524,false,עוגת דבש אנטיקוביץ 4,אנטיקוביץ,IL,אנטיקוביץ,גרמים,450.00,100 גרם,false,,8.90,0.0198,true,1,42139
7290010153503,false,שעועית בובס 400 גרם,"מיה תעשיות מזון בע""מ",IL,מיה,גרמים,400.00,100 גרם,false,,7.90,0.0198,true,1,14375
7290010153510,false,בורגול 500 גרם,"מיה תעשיות מזון בע""מ",IL,מיה,גרמים,500.00,100 גרם,false,,3.90,0.0078,true,1,14376
7290010153695,false,פול גדול 400 גרם,"מיה תעשיות מזון בע""מ",IL,מיה,גרמים,400.00,100 גרם,false,,7.90,0.0198,true,1,14379
7290010154005,false,סחוג תימני 250 גר,תבליני יוחאי ביטון,IL,תבליני יוחאי ביטון,גרמים,250.00,100 גרם,false,,12.90,0.0516,true,1,15278
7290010154012,false,לימון כבוש 250 גרם,תבליני יוחאי ביטון,IL,תבליני יוחאי ביטון,גרמים,250.00,100 גרם,false,,12.90,0.0516,true,1,15279
7290010154036,false,עמבה 250 גר,תבליני יוחאי ביטון,IL,תבליני יוחאי ביטון,גרמים,250.00,100 גרם,false,,12.90,0.0516,true,1,15281
7290010154050,false,ממרח שיפקה כבוש ביטו,תבליני יוחאי ביטון,IL,תבליני יוחאי ביטון,גרמים,250.00,100 גרם,false,,12.90,0.0516,true,1,39497
7290010154241,false,חזרת ביתית 250 גר,תבליני יוחאי ביטון,IL,תבליני יוחאי ביטון,גרמים,250.00,100 גרם,false,,12.90,0.0516,true,1,15282
7290010154265,false,פלפל צומה 250 ביטון,תבליני יוחאי ביטון,IL,תבליני יוחאי ביטון,גרמים,250.00,100 גרם,false,,12.90,0.0516,true,1,15283
7290010154425,false,סחוג ירוק 130 גרם בי,תבליני יוחאי ביטון,IL,ביטון,גרמים,130.00,100 גרם,false,,7.90,0.0608,true,1,15285
7290010154548,false,ממרח שום טבעי 235 גר,תבליני יוחאי ביטון,IL,תבליני יוחאי ביטון,גרמים,235.00,100 גרם,false,,12.90,0.0549,true,1,15286
7290010154555,false,ממרח לימון כבוש 250,תבליני יוחאי ביטון,IL,תבליני יוחאי ביטון,גרמים,250.00,100 גרם,false,,12.90,0.0516,true,1,15287
7290010154678,false,אריסה מרוקאית 250 גר,תבליני יוחאי ביטון,IL,תבליני יוחאי ביטון,גרמים,250.00,100 גרם,false,,12.90,0.0516,true,1,15288
7290010154685,false,סלט שום כתוש 250 גרם,תבליני יוחאי ביטון,IL,תבליני יוחאי ביטון,גרמים,250.00,100 גרם,false,,12.90,0.0516,true,1,15289
7290010163069,false,צנובר 100 גרם,"דין שיווק וקלייה בע""",TR,ששון הקולה,גרמים,100.00,100 גרם,false,,19.90,0.1990,true,1,3541
7290010173174,false,גליל אלון,יקב רמת הגולן,IL,גליל אלון,מיליליטרים,750.00,"100 מ""ל",false,,49.90,0.0665,true,1,29374
7290010173181,false,גליל אלה,יקב רמת הגולן,IL,גליל אלה,מיליליטרים,750.00,"100 מ""ל",false,,49.90,0.0665,true,1,29375
7290010195268,false,*מבצע* פופקורן מופחת,,,*מבצע* פופקורן מופחת,גרמים,425.00,100 גרם,false,,12.90,0.0304,true,1,8310
7290010237548,false,פפסי מקס בקבוק 500 מ,טמפו,IL,פפסי מקס,מיליליטרים,500.00,"100 מ""ל",false,,3.90,0.0078,true,1,12576
7290010237890,false,בירה הייניקן חוזר,טמפו,IL,היינקן,מיליליטרים,500.00,"100 מ""ל",false,,8.90,0.0178,true,1,12586
7290010259359,false,אטריות נודלס 200 ג,פוג'יאן לונגאי,CN,וילי פוד,גרמים,200.00,100 גרם,false,,4.90,0.0245,true,1,11090
7290010259366,false,אטריות מסולסלות נודל,פוג'יאן לונגאי,CN,וילי פוד,גרמים,200.00,100 גרם,false,,4.90,0.0245,true,1,11091
7290010259977,false,שמן קנולה 1 ליטר,בונגי פולין אס.פי.זד,PL,וילי פוד,ליטרים,1.00,ליטר,false,,8.90,8.9000,true,1,41088
7290010259991,false,*מבצע* צנימים 250 ג,דן קייק,PT,וילי פוד,גרמים,250.00,100 גרם,false,,6.90,0.0276,true,1,11099
7290010328093,false,ממרח חלוה 400 גרם,"אחדות ביח""ר לטחינה ח",IL,אחוה,גרמים,400.00,100 גרם,false,,10.70,0.0267,true,1,4167
7290010328246,false,טחינה משומשום מלא אח,"אחדות ביח""ר לטחינה ח",IL,אחוה,גרמים,500.00,100 גרם,false,,9.90,0.0198,true,1,4170
7290010328253,false,טחינה אחוה 500 גרם,"אחדות ביח""ר לטחינה ח",IL,אחוה,גרמים,500.00,100 גרם,false,,9.90,0.0198,true,1,4171
7290010328468,false,חטיפי מיני חלוה בטעמ,"אחדות ביח""ר לטחינה ח",IL,אחוה,גרמים,216.00,100 גרם,false,,9.90,0.0458,true,1,4172
7290010328505,false,חטיפי מיני חלוה ללא,"אחדות ביח""ר לטחינה ח",IL,אחוה,גרמים,150.00,100 גרם,false,,9.90,0.0660,true,1,4174
7290010328680,false,עוגה בטעם שוקולד עם,"אחדות ביח""ר לטחינה ח",IL,אחוה,גרמים,450.00,100 גרם,false,,9.90,0.0220,true,1,4175
7290010328710,false,קצפיות במגש 180 גרם,"אחדות ביח""ר לטחינה ח",IL,אחוה,גרמים,180.00,100 גרם,false,,7.90,0.0439,true,1,4176
7290010328819,false,ממרח שומשום בטעם שוק,"אחדות ביח""ר לטחינה ח",IL,אחוה,גרמים,400.00,100 גרם,false,,10.70,0.0267,true,1,4179
7290010429554,false,שמן זית 2 קלאסי 750,שטראוס גרופ,IL,יד מרדכי,מיליליטרים,750.00,"100 מ""ל",false,,32.90,0.0439,true,1,16002
7290010471669,false,דנונה בר תות קורנפלק,שטראוס גרופ,IL,שטראוס,גרמים,175.00,100 גרם,false,,4.30,0.0246,true,1,18136
7290010472307,false,גמדים לשתיה שמינייה,שטראוס גרופ,IL,שטראוס,גרמים,864.00,100 גרם,false,,19.90,0.0230,true,1,18138
7290010513703,false,צ'ופסטיקס צפצפה,guilin fengzhu tradi,CN,מזרח ומערב,יח',20.00,יח',false,,6.90,0.3450,true,1,29449
7290010513727,false,פנקו פרורי לחם,qingdao sun growing,CN,מזרח ומערב,גרמים,200.00,100 גרם,false,,7.90,0.0395,true,1,29450
7290010535408,false,קופסא למברשות שיניים,,,קופסא למברשות שיניים,יח',1.00,יח',false,,13.90,13.9000,true,1,23785
7290010535699,false,חוט דנטאלי 50מ',,,חוט דנטאלי 50מ',מטרים,50.00,מטר,false,,9.90,0.1980,true,1,23786
7290010627004,false,טחינה ירושלים 500 גר,טחינה ירושלים בעמ,IL,טחינה ירושלים,גרמים,500.00,100 גרם,false,,15.90,0.0318,true,1,19899
7290010627844,false,טחינה ירושלים 500 גר,טחינה ירושלים בעמ,IL,טחינה ירושלים,גרמים,500.00,100 גרם,false,,15.90,0.0318,true,1,19900
7290010632121,false,כוס אימון עם ידיות ו,B.B.N.M.F.,CN,טוליפס,יח',1.00,יח',false,,16.90,16.9000,true,1,5871
7290010632558,false,נובי91193-כפית ארוכה,E. I. CO Ltd,CN,נובי,יח',18.00,יח',false,,18.90,1.0500,true,1,5877
7290010632640,false,מוצץ גומי בליסטר 3יח,B.R Works,IN,טוליפס,יח',3.00,יח',false,,12.90,4.3000,true,1,5880
7290010632657,false,מוצץ גומי בליסטר 3יח,B.R Works,IN,טוליפס,יח',3.00,יח',false,,12.90,4.3000,true,1,5881
7290010632787,false,צימרוני אוזניים עץ 3,L.Y.Q. Tradi,CN,כוטון סופט,יח',300.00,יח',false,,3.50,0.0117,true,1,5883
7290010650019,false,אנדיב/עולש,פמילי,IL,אנדיב/עולש,גרמים,220.00,100 גרם,false,,9.90,0.0450,true,1,32329
7290010650033,false,בצלי שלוט,פנחס,IL,בצלי שלוט,גרמים,350.00,100 גרם,false,,10.90,0.0311,true,1,32331
7290010650040,false,פטריות שיטאקי טרי,"פנטה אמפאק בע""מ",IL,פטריות שיטאקי טרי,גרמים,100.00,100 גרם,false,,8.90,0.0890,true,1,32332
7290010650088,false,פטריות שמפניון מיובש,,,פטריות שמפניון מיובש,גרמים,25.00,100 גרם,false,,7.90,0.3160,true,1,32335
7290010650194,false,גינגר יח',"פסח בא בע""מ",IL,גינגר מגשית 250 גרם,גרמים,250.00,100 גרם,false,,7.90,0.0316,true,1,32339
7290010650255,false,לקט פטריות למרק,,,לקט פטריות למרק,גרמים,25.00,100 גרם,false,,9.90,0.3960,true,1,32342
7290010650279,false,לקט פטריות לפסטה,,,לקט פטריות לפסטה,גרמים,25.00,100 גרם,false,,9.90,0.3960,true,1,32343
7290010650354,false,שורש כורכום טרי ארוז,פסטה לנסי,IL,שורש כורכום טרי ארוז,גרמים,120.00,100 גרם,false,,10.90,0.0908,true,1,32346
7290010650385,false,ליים ארוז 400 גרם,פסטה נונה,IL,ליים ארוז 400 גרם,גרמים,400.00,100 גרם,false,,10.90,0.0273,true,1,34290
7290010650576,false,פטריות שינוקי יחידה,"פנטה אמפאק בע""מ",IL,פטריות שיטאקי טרי,יח,1.00,יח,false,,9.90,9.9000,true,1,32351
7290010650590,false,ריזוטו פטריות מיובשו,,,ריזוטו פטריות מיובשות,גרמים,275.00,100 גרם,false,,10.90,0.0396,true,1,32352
7290010650767,false,אנדיב אדום 220 גרם,פמילי,IL,אנדיב/עולש,גרמים,220.00,100 גרם,false,,17.90,0.0814,true,1,32360
7290010650798,false,תבשיל בורגול ופטריות,,,תבשיל בורגול ופטריות,גרמים,140.00,100 גרם,false,,13.90,0.0993,true,1,32361
7290010650804,false,תבשיל פתיתים ופטריות,,,תבשיל פתיתים ופטריות,גרמים,140.00,100 גרם,false,,13.90,0.0993,true,1,32362
7290010650828,false,פטריות שי-מגי לבן,עינת תעשיות מזון אגו,IL,פטריות שי-מגי,גרמים,150.00,100 גרם,false,,11.90,0.0793,true,1,32363
7290010650996,false,פטריות שי-מגי חומות,עינת תעשיות מזון אגו,IL,פטריות שי-מגי,גרמים,150.00,100 גרם,false,,11.90,0.0793,true,1,32371
7290010656592,false,תירוש 100% טהור אפרת,,,תירוש 100% טהור אפרת,ליטרים,1.00,ליטר,false,,15.90,15.9000,true,1,13408
7290010711123,false,4 כריות מתכת Shiny,מ.א ייצור ושיווק מטל,CN,Shiny,יח',4.00,יח',false,,6.90,1.7250,true,1,5953
7290010711932,false,9 מטליות רב שימושיות,נועם אורים תעשיות בע,IL,Shiny,יח',9.00,יח',false,,6.90,0.7667,true,1,5959
7290010718627,false,*מבצע* סבון נוזלי 1,סאסא קוסמטיקס,IL,פנינה רוזנבלום בע'מ,ליטרים,1.00,ליטר,false,,8.90,8.9000,true,1,17210
7290010718634,false,*מבצע* סבון נוזלי 1,סאסא קוסמטיקס,IL,פנינה רוזנבלום בע'מ,ליטרים,1.00,ליטר,false,,8.90,8.9000,true,1,17211
7290010719013,false,"שמן זית אחיה 750מ""ל",ארץ זית שמן מובחר -,IL,משק אחיה,מיליליטרים,750.00,"100 מ""ל",false,,38.90,0.0519,true,1,2722
7290010748891,false,קרם גוף דר פישר אפקט,"ד""ר פישר",IL,אפקטיב קר,מיליליטרים,700.00,"100 מ""ל",false,,32.90,0.0470,true,1,39605
7290010757893,false,"בורקס תפו""א ללא גלוט",מאפיית אריאל,IL,"בורקס תפו""א ללא גלוט",גרמים,500.00,100 גרם,false,,19.90,0.0398,true,1,36384
7290010757923,false,ריבועי בצק עלים ללא,מאפיית אריאל,IL,ריבועי בצק עלים ללא,גרמים,450.00,100 גרם,false,,17.90,0.0398,true,1,36387
7290010757961,false,ג'חנון ללא גלוטן 450,מאפיית אריאל,IL,ג'חנון ללא גלוטן 450,גרמים,450.00,100 גרם,false,,19.90,0.0442,true,1,36391
7290010766949,false,ממרח ארטישוק,אוליביה,IL,אוליביה,גרמים,180.00,100 גרם,false,,12.90,0.0717,true,1,19905
7290010777082,false,פיתות עשיריה אופים,פיתה אקספרס,IL,פיתה אקספרס,יח',10.00,יח',false,,12.90,1.2900,true,1,6938
7290010777150,false,פיתות שאשא חיטה מלאה,פיתה אקספרס,IL,פיתה אקספרס,יח',6.00,יח',false,,13.90,2.3167,true,1,6942
7290010777242,false,פיתות 10 יח',,,פיתות 10 יח,יח',10.00,יח',false,,15.90,1.5900,true,1,6944
7290010777297,false,פיתות עשיריה אופים,פיתה אקספרס,IL,פיתה אקספרס,יח',10.00,יח',false,,12.90,1.2900,true,1,6946
7290010777358,false,פיתה 100% כוסמין מלא,פיתה אקספרס,IL,פיתה אקספרס,יח',8.00,יח',false,,15.90,1.9875,true,1,6948
7290010777488,false,פיתה מחמצת 100% קמח,,IL,שאשא,יח,10.00,יח,false,,15.90,1.5900,true,1,37781
7290010777525,false,פיתות 100% כוסמין מל,פיתה אקספרס,IL,פיתות 100% כוסמין מל,גרמים,300.00,100 גרם,false,,15.90,0.0530,true,1,36856
7290010814701,false,שוקולד חלב ללא סוכר,כרמית,IL,אגו,גרמים,85.00,100 גרם,false,,4.90,0.0576,true,1,12223
7290010838219,false,ממתיק סטיביה 100 שקי,קיפל,IL,מרמולייט,יח',100.00,יח',false,,29.90,0.2990,true,1,8313
7290010838424,false,דאק נוזל רענון זוג 2,SC Jonson,NL,דאק,ליטרים,1.50,ליטר,false,,18.90,12.6000,true,1,8314
7290010838431,false,דאק נוזל ים זוג 2*75,SC Jonson,NL,דאק,ליטרים,1.50,ליטר,false,,18.90,12.6000,true,1,8315
7290010849505,false,*מבצע* למברוסקו די ל,קאויקיולי,IT,די לואיג'י,מיליליטרים,750.00,"100 מ""ל",false,,24.90,0.0332,true,1,12132
7290010849529,false,*מבצע* למברוסקו די ל,קאויקיולי,IT,די לואיג'י,מיליליטרים,750.00,"100 מ""ל",false,,24.90,0.0332,true,1,12134
7290010883356,false,כפפות אלוורה,Z.H.RUBBER,CN,סנו סושי,יח',2.00,יח',false,,8.90,4.4500,true,1,9559
7290010883363,false,כפפות אלוורה,Z.H.RUBBER,CN,סנו סושי,יח',2.00,יח',false,,8.90,4.4500,true,1,9560
7290010883370,false,כפפות אלוורה,Z.H.RUBBER,CN,סנו סושי,יח',2.00,יח',false,,8.90,4.4500,true,1,9561
7290010931330,false,מטבוחה 500,שטראוס גרופ,IL,שטראוס,גרמים,500.00,100 גרם,false,,13.90,0.0278,true,1,18141
7290010945146,false,קוטג' 3% 250 גרם-נעם,טרה,IL,טרה,גרמים,250.00,100 גרם,false,,5.30,0.0212,true,1,17600
7290010945450,false,גבינה לבנה 250 גרם 3,טרה,IL,טרה,גרמים,250.00,100 גרם,false,,4.70,0.0188,true,1,17602
7290010945481,false,גבינה לבנה 500 גרם 5,טרה,IL,טרה,גרמים,500.00,100 גרם,false,,9.90,0.0198,true,1,17603
7290011015862,false,סירופ פריגת דיאט לימ,סירופ - גבעת חיים,IL,סירופ דיאט,מיליליטרים,750.00,"100 מ""ל",false,,21.90,0.0292,true,1,9088
7290011015985,false,סירופ דיאט אננס פריג,סירופ - גבעת חיים,IL,סירופ דיאט,מיליליטרים,750.00,"100 מ""ל",false,,21.90,0.0292,true,1,35291
7290011017866,false,פחית קוקה קולה 330 מ,קוקה קולה ישראל,IL,קוקה קולה,מיליליטרים,330.00,"100 מ""ל",false,,5.00,0.0152,true,1,9091
7290011017873,false,פחית קולה זירו 330 מ,קוקה קולה ישראל,IL,קוקה קולה ZERO,מיליליטרים,330.00,"100 מ""ל",false,,5.00,0.0152,true,1,9092
7290011018184,false,פיוזטי אפרסק 500 מל,FUZE TEA,IL,FUZE TEA,מיליליטרים,500.00,"100 מ""ל",false,,6.00,0.0120,true,1,9095
7290011018214,false,פיוז טי תה קר בטעם מ,,,פיוז טי תה קר בטעם מ,מיליליטרים,500.00,"100 מ""ל",false,,6.00,0.0120,true,1,43150
7290011018368,false,בירה ויינשטפיין שישי,קרלסברג ישראל,DE,ויינשטפן,ליטרים,1.98,ליטר,false,,59.90,30.2525,true,1,9101
7290011026066,false,סרקל 1 ליטר 2ב-1,"ד""ר פישר",IL,סרקל,ליטרים,1.00,ליטר,false,,28.90,28.9000,true,1,14480
7290011045357,false,חטיף UP תמר פיסטוק 5,ניצני הדר,,חטיף UP תמר פיסטוק 5,גרמים,50.00,100 גרם,false,,6.90,0.1380,true,1,41073
7290011045623,false,ג'עלה 350 גרם בקופסא,ניצני הדר,,ג'עלה 350 גרם בקופסא,גרמים,350.00,100 גרם,false,,24.90,0.0711,true,1,41904
7290011064020,false,בולגרית בעיר 200ג,גבינות ניצן,IL,גבינות עמיר ניצן,גרמים,200.00,100 גרם,false,,13.90,0.0695,true,1,6538
7290011064075,false,לבנה אבו גוש 200 גרם,גבינות ניצן,IL,גבינות עמיר ניצן,גרמים,200.00,100 גרם,false,,13.90,0.0695,true,1,6539
7290011064099,false,מעדן פלפל עם גבינה,גבינות ניצן,IL,גבינות ניצן,גרמים,125.00,100 גרם,false,,19.90,0.1592,true,1,6540
7290011115241,false,סבון נקה מוצק רביעיה,"גליל כימיכלים בע""מ",IL,נקה 7,גרמים,400.00,100 גרם,false,,10.90,0.0273,true,1,9565
7290011115258,false,סבון נקה מוצק רביעיה,"גליל כימיכלים בע""מ",IL,נקה 7,גרמים,400.00,100 גרם,false,,10.90,0.0273,true,1,9566
7290011115265,false,סבון נקה מוצק רביעיה,"גליל כימיכלים בע""מ",IL,נקה 7,גרמים,400.00,100 גרם,false,,10.90,0.0273,true,1,9567
7290011115289,false,סבון נקה מוצק רביעיה,"גליל כימיכלים בע""מ",IL,נקה 7,גרמים,400.00,100 גרם,false,,10.90,0.0273,true,1,9569
7290011126209,false,*מבצע* תפוח קינמון ס,ויסוצקי,IL,ויסוצקי,גרמים,115.00,100 גרם,false,,16.90,0.1470,true,1,19907
7290011126452,false,*מבצע* קמומיל ונענע,ויסוצקי,IL,ויסוצקי,גרמים,37.50,100 גרם,false,,16.90,0.4507,true,1,19912
7290011126469,false,*מבצע* קמומיל ודבש,ויסוצקי,IL,ויסוצקי,גרמים,38.00,100 גרם,false,,16.90,0.4447,true,1,19913
7290011131371,false,מוזלי קראנצ'י תפוח ד,וויטליה,MK,גרין,קילוגרמים,1.00,"ק""ג",false,,24.90,24.9000,true,1,3922
7290011131654,false,מוזלי קראנצ'י ביג מי,וויטליה,MK,גרין,קילוגרמים,1.00,"ק""ג",false,,24.90,24.9000,true,1,3924
7290011133368,false,*מבצע* מכבי שנדי שיש,טמפו,IL,שנדי,ליטרים,1.98,ליטר,false,,27.90,14.0909,true,1,12593
7290011133375,false,*מבצע* שנדי שישייה א,טמפו,IL,שנדי,ליטרים,1.98,ליטר,false,,27.90,14.0909,true,1,12594
7290011142001,false,לחם שיפון בורודינסקי,,,לחם דואט 550 גרם,גרמים,550.00,100 גרם,false,,11.90,0.0216,true,1,30585
7290011142025,false,לחם שיפון דואט 600 ג,,,לחם שיפון דואט 600 גרם,גרמים,600.00,100 גרם,false,,11.90,0.0198,true,1,30587
7290011142032,false,לחם שיפון קל בורודינ,,,לחם שיפון קל בורודינסקי 6,גרמים,630.00,100 גרם,false,,11.90,0.0189,true,1,30588
7290011142049,false,לחם קל לבריאות 630 ג,,,לחם קל לבריאות 630 גרם,גרמים,630.00,100 גרם,false,,11.90,0.0189,true,1,30589
7290011142148,false,לחמניות המבורגר שמינ,,,לחמניות המבורגר שמינ,גרמים,450.00,100 גרם,false,,10.90,0.0242,true,1,30593
7290011142193,false,לחמניות עם צימוקים ר,,,לחמניות עם צימוקים רביעיה,גרמים,400.00,100 גרם,false,,11.90,0.0298,true,1,30595
7290011142315,false,לחם פרנה רביעייה 550,,,לחם פרנה רביעייה 550 גרם,גרמים,550.00,100 גרם,false,,13.90,0.0253,true,1,30596
7290011142407,false,"לחם 7 דגנים 1 ק""ג",,,"לחם שבעה דגנים 1.100 ק""ג",קילוגרמים,1.10,"ק""ג",false,,15.90,14.4545,true,1,30597
7290011142445,false,לחם כוסמין בריוש 600,אלון חברה ליצור שיוו,IL,לחם כוסמין בריוש 600,גרמים,620.00,100 גרם,false,,14.90,0.0240,true,1,30599
7290011142650,false,לחם 100% שיפון 900 ג,,IL,לחם 100% שיפון 900 ג,גרמים,900.00,100 גרם,false,,15.90,0.0177,true,1,30604
7290011148959,false,פלפל טינקרבל יח',קוליוס,IL,פלפל טינקרבל,גרמים,200.00,100 גרם,false,,8.90,0.0445,true,1,32003
7290011154035,false,תרכיז תפוחיים סחוט 5,טעמי הגליל,IL,תרכיז תפוחיים סחוט 5,מיליליטרים,500.00,"100 מ""ל",false,,21.90,0.0438,true,1,13898
7290011154080,false,תרכיז תפוחיים צלול 5,טעמי הגליל,IL,תרכיז תפוחיים צלול 5,מיליליטרים,500.00,"100 מ""ל",false,,21.90,0.0438,true,1,13899
7290011194215,false,דניאלה בננה,שטראוס גרופ,IL,שטראוס,מיליליטרים,150.00,"100 מ""ל",false,,3.90,0.0260,true,1,18142
7290011194246,false,קוטג'  5% 250 גרם,שטראוס גרופ,IL,שטראוס,גרמים,250.00,100 גרם,false,,5.80,0.0232,true,1,18143
7290011223038,false,עלים לקרמשניט 300 גר,Bonomi,IT,וונט וונט,גרמים,300.00,100 גרם,false,,14.90,0.0497,true,1,8316
7290011223045,false,בישקוטים 200 גרם,Bonomi,IT,דנש,גרמים,200.00,100 גרם,false,,5.90,0.0295,true,1,8317
7290011223229,false,דאק ג'ל אסלה טיפות ט,DEOFLOR,IT,דאק,מיליליטרים,55.00,"100 מ""ל",false,,9.90,0.1800,true,1,8321
7290011223243,false,דאק ג'ל אסלה לבנדר 5,DEOFLOR,IT,דאק,מיליליטרים,55.00,"100 מ""ל",false,,9.90,0.1800,true,1,8322
7290011239275,false,חטיפי קוקוס 330 גרם,"בני ריאד מחרום בע""מ",IL,חטיפי קוקוס 330 גרם,גרמים,330.00,100 גרם,false,,14.90,0.0452,true,1,42343
7290011239312,false,חטיפי שומשום 330 גרם,"בני ריאד מחרום בע""מ",IL,חטיפי שומשום 330 גרם,גרמים,330.00,100 גרם,false,,14.90,0.0452,true,1,42347
7290011239404,false,בקלאווה 330 גרם בקופ,"בני ריאד מחרום בע""מ",IL,בקלאווה 330 גרם בקופ,גרמים,330.00,100 גרם,false,,14.90,0.0452,true,1,34176
7290011239657,false,רחת לוקום 500 גרם בק,"בני ריאד מחרום בע""מ",IL,רחת לוקום 500 גרם בק,יחידה,0.00,יחידה,false,,14.90,0.0000,true,1,34177
7290011249212,false,וופל בלגי עלמה 200 ג,"גילרו בע""מ",IL,וופל בלגי עלמה 200 ג,גרמים,200.00,100 גרם,false,,2.90,0.0145,true,1,8076
7290011249748,false,רולים במילוי 100 גרם,"גילרו בע""מ",IL,גילרו,גרמים,100.00,100 גרם,false,,2.90,0.0290,true,1,8080
7290011249755,false,רולים במילוי 100 גרם,"גילרו בע""מ",IL,גילרו,גרמים,100.00,100 גרם,false,,2.90,0.0290,true,1,8081
7290011254025,false,דוחן 500 גרם,"מיה תעשיות מזון בע""מ",IL,מיה,גרמים,500.00,100 גרם,false,,6.90,0.0138,true,1,14385
7290011254032,false,קינואה 500 גרם,"מיה תעשיות מזון בע""מ",IL,מיה,גרמים,500.00,100 גרם,false,,9.90,0.0198,true,1,14386
7290011254254,false,שוקולד ציפס 300 גרם,"מיה תעשיות מזון בע""מ",IL,מיה,גרמים,300.00,100 גרם,false,,6.90,0.0230,true,1,14404
7290011254346,false,קינואה 1 ק''ג,"מיה תעשיות מזון בע""מ",IL,מיה,קילוגרמים,1.00,"ק""ג",false,,15.90,15.9000,true,1,14405
7290011254759,false,שעועית שחורה 500 גרם,"מיה תעשיות מזון בע""מ",IL,מיה,גרמים,500.00,100 גרם,false,,7.90,0.0158,true,1,14410
7290011254780,false,שעועית ארגנטינאית 1,"מיה תעשיות מזון בע""מ",IL,מיה,קילוגרמים,1.00,"ק""ג",false,,14.90,14.9000,true,1,14413
7290011300982,false,"סבון נוזלי 500 מ""ל",סאסא קוסמטיקס,IL,פנינה רוזנבלום בע'מ,מיליליטרים,500.00,"100 מ""ל",false,,5.90,0.0118,true,1,17213
7290011300999,false,"סבון נוזלי 500 מ""ל",סאסא קוסמטיקס,IL,פנינה רוזנבלום בע'מ,מיליליטרים,500.00,"100 מ""ל",false,,5.90,0.0118,true,1,17214
7290011369224,false,קומלפט למקלחת לידר,,,קומלפט למקלחת לידר,יח',1.00,יח',false,,59.90,59.9000,true,1,26518
7290011369460,false,מזלף למקלחת ענן,,,מזלף למקלחת ענן,יח',1.00,יח',false,,19.90,19.9000,true,1,26521
7290011378028,false,חלבה ללא סוכר 350 גר,רושדי תעשיות מזון,IL,חלבה ללא סוכר 350 גר,גרמים,350.00,100 גרם,false,,13.90,0.0397,true,1,4618
7290011378233,false,"לל""ס מאגדת 6 יחידות",רושדי תעשיות מזון,IL,"לל""ס מאגדת 6 יחידות חטיף",יח',6.00,יח',false,,10.90,1.8167,true,1,4619
7290011378769,false,מאגדת חטיף חלבה- וני,רושדי תעשיות מזון,IL,מאגדת חטיף חלבה- וניל,גרמים,126.00,100 גרם,false,,10.90,0.0865,true,1,4622
7290011378776,false,מאגדת חטיף חלבה - פי,רושדי תעשיות מזון,IL,מאגדת חטיף חלבה - פיסטוק,גרמים,126.00,100 גרם,false,,10.90,0.0865,true,1,4623
7290011379018,false,מארז פטריות זוג,,IL,מארז פטריות זוג,יח',1.00,יח',false,,15.90,15.9000,true,1,32006
7290011379926,false,סלרי עלים יח',,,סלרי עלים יח',יח,1.00,יח,false,,4.90,4.9000,true,1,32009
7290011417284,false,שום ישראלי יחידה,,,שום ישראלי יחידה,יח,1.00,יח,false,,4.90,4.9000,true,1,41911
7290011435226,false,*מבצע* דבש לחיץ 650,שטראוס גרופ,IL,יד מרדכי,גרמים,650.00,100 גרם,false,,29.90,0.0460,true,1,16004
7290011438142,false,"אייס קפה 350 מ""ל",שטראוס גרופ,IL,יטבתה,מיליליטרים,350.00,"100 מ""ל",false,,6.20,0.0177,true,1,18146
7290011447014,false,מטרנה דייסת סלט פירו,מטרנה,IL,מטרנה,גרמים,200.00,100 גרם,false,,12.90,0.0645,true,1,4626
7290011447267,false,מטרנה חלבי חיסכון של,מטרנה,IL,מטרנה,גרמים,700.00,100 גרם,false,,47.90,0.0684,true,1,4627
7290011447281,false,מטרנה חלבי שלב 2 חיס,מטרנה,IL,מטרנה,גרמים,700.00,100 גרם,false,,47.90,0.0684,true,1,4628
7290011447304,false,מטרנה חלבי שלב 3 חיס,מטרנה,IL,מטרנה,גרמים,700.00,100 גרם,false,,47.90,0.0684,true,1,4629
7290011447359,false,מטרנה מהדרין שלב 1 ח,מטרנה,IL,מטרנה,גרמים,700.00,100 גרם,false,,47.90,0.0684,true,1,4630
7290011447373,false,מטרנה מהדרין שלב 2 ח,מטרנה,IL,מטרנה,גרמים,700.00,100 גרם,false,,47.90,0.0684,true,1,4631
7290011447748,false,"סופר קט 3 ק""ג בטעם א",מעברות,IL,סופר קט,קילוגרמים,3.00,"ק""ג",false,,49.90,16.6333,true,1,25678
7290011447908,false,"סופר קט עוף 3 ק""ג",מעברות,IL,סופר קט,קילוגרמים,3.00,"ק""ג",false,,49.90,16.6333,true,1,33016
7290011459826,false,כדור ספוג לרחיצת הגו,Ningbo cleaning indu,CN,נופר,יח',3.00,יח',false,,7.90,2.6333,true,1,10535
7290011499051,false,פטה כבשים 250גר,גדישון,IL,מחלבות גד,גרמים,250.00,100 גרם,false,,24.90,0.0996,true,1,14799
7290011499105,false,בולגרית 5% 250 גרם,דשן,IL,מחלבות גד,גרמים,250.00,100 גרם,false,,21.90,0.0876,true,1,14800
7290011499112,false,בולגרית גד 16% 250גר,דשן,IL,מחלבות גד,גרמים,250.00,100 גרם,false,,21.90,0.0876,true,1,14801
7290011499129,false,בולגרית קוביות,דשן,IL,מחלבות גד,גרמים,200.00,100 גרם,false,,19.90,0.0995,true,1,14802
7290011499327,false,בולגרית מעודנת חלב ב,דשן,IL,מחלבות גד,גרמים,250.00,100 גרם,false,,21.90,0.0876,true,1,14806
7290011499358,false,פטה עיזים 200 גרם,טבע עז,IL,מחלבות גד,גרמים,200.00,100 גרם,false,,24.90,0.1245,true,1,14809
7290011499365,false,גבינת חלומי 200 גרם,מחלבות גד,IL,מחלבות גד,גרמים,200.00,100 גרם,false,,19.90,0.0995,true,1,14810
7290011499419,false,גבינה במרקם שמנת 5%,מחלבות גד,IL,מחלבות גד,גרמים,200.00,100 גרם,false,,11.90,0.0595,true,1,14811
7290011499525,false,לבנה 9% 500 גרם,מחלבות גד,IL,מחלבות גד,גרמים,500.00,100 גרם,false,,19.90,0.0398,true,1,14812
7290011499624,false,גבינת שמנת ניו יורק,מחלבות גד,IL,מחלבות גד,גרמים,200.00,100 גרם,false,,12.90,0.0645,true,1,14813
7290011502867,false,גרנולה 500 גרם,"דין שיווק וקלייה בע""",IL,ששון הקולה,גרמים,500.00,100 גרם,false,,12.90,0.0258,true,1,3548
7290011505806,false,קיסמי שיניים דנטאליי,W.H.J.C. Co,CN,הוסטס,יח',200.00,יח',false,,7.90,0.0395,true,1,5891
7290011514075,false,סט תפירה קטן,,,סט תפירה קטן,יח',1.00,יח',false,,9.90,9.9000,true,1,26524
7290011514105,false,מסנן סיליקון,,,מסנן סיליקון,יח',1.00,יח',false,,14.90,14.9000,true,1,26525
7290011514273,false,מתקן לסקוטש ואקום,,,מתקן לסקוטש ואקום,יח',1.00,יח',false,,9.90,9.9000,true,1,26527
7290011514280,false,וואקום סקוטש פתוח,,,וואקום סקוטש פתוח,יח',1.00,יח',false,,6.90,6.9000,true,1,26528
7290011514464,false,גומיות צבעוניות,,,גומיות צבעוניות,יח',1.00,יח',false,,7.90,7.9000,true,1,26530
7290011514594,false,מסננים לכיור-זוג,,,מסננים לכיור-זוג,יח',2.00,יח',false,,7.90,3.9500,true,1,26534
7290011514709,false,זוג מתלים וואקום,,,זוג מתלים וואקום,יח',2.00,יח',false,,9.90,4.9500,true,1,26537
7290011514761,false,סיכות בטחון,,,סיכות בטחון,יח',1.00,יח',false,,5.90,5.9000,true,1,26539
7290011514877,false,תחתית לכסא מלבד,,,תחתית לכסא מלבד,יח',1.00,יח',false,,10.90,10.9000,true,1,26540
7290011514990,false,מספריים מקצועיות,,,מספריים מקצועיות,יח',1.00,יח',false,,10.90,10.9000,true,1,26541
7290011515683,false,אקסטרים וניל 6 יח',גלידות נסטלה,IL,אקסטרים,יח',6.00,יח',false,,32.90,5.4833,true,1,15598
7290011515911,false,לייט ריבת חלב 6 יח’,גלידות נסטלה,IL,גלידות נסטלה,יח',6.00,יח',false,,28.90,4.8167,true,1,15599
7290011518561,false,אקטימל 14 תות,שטראוס גרופ,IL,שטראוס,ליטרים,1.40,ליטר,false,,29.90,21.3571,true,1,18151
7290011524548,false,גרגירי חומוס 800ג,"פרי הגליל בע""""מ",IL,פרי הגליל,גרמים,800.00,100 גרם,false,,9.90,0.0124,true,1,17148
7290011524555,false,שעועית לבנה 800ג,"פרי הגליל בע""""מ",IL,פרי הגליל,גרמים,800.00,100 גרם,false,,11.90,0.0149,true,1,17149
7290011524968,false,"פולי סויה 1ק""ג","פרי הגליל בע""""מ",IL,GREEN @ FRESH,קילוגרמים,1.00,"ק""ג",false,,14.90,14.9000,true,1,17151
7290011525712,false,*מבצע* קמיל בלו סנסט,"ד""ר פישר",IL,קמיל בלו סנסיטיב,ליטרים,1.00,ליטר,false,,24.90,24.9000,true,1,14488
7290011525729,false,*מבצע* קמיל בלו סנסט,"ד""ר פישר",IL,קמיל בלו סנסיטיב,ליטרים,1.00,ליטר,false,,24.90,24.9000,true,1,14489
7290011530471,false,"פולי סויה אדממה 1 ק""",,CN,בלדי,קילוגרמים,1.00,"ק""ג",false,,14.90,14.9000,true,1,37201
7290011530525,false,שייק איט TUESDAY צהו,ELH,IL,שייק איט TUESDAY צהו,גרמים,450.00,100 גרם,false,,29.90,0.0664,true,1,23928
7290011530549,false,שייק איט SUNDAY ורוד,ELH,IL,שייק איט SUNDAY ורוד,גרמים,450.00,100 גרם,false,,29.90,0.0664,true,1,23930
7290011530747,false,שייק איט WEDNESDAY ס,ELH,IL,שייק איט WEDNESDAY ס,גרמים,450.00,100 גרם,false,,29.90,0.0664,true,1,23933
7290011530945,false,קרפציו עגל 210 גר',בלדי,IL,בלדי,גרמים,210.00,100 גרם,false,,39.90,0.1900,true,1,23935
7290011570507,false,קמח נטול גלוטן כרגיל,אשבל -מזון פונקציונל,IL,אשבל,גרמים,450.00,100 גרם,false,,15.90,0.0353,true,1,22378
7290011570934,false,קמח כרגיל לפנקייק 40,אשבל מזון פונקציונאל,IL,כרגיל,גרמים,400.00,100 גרם,false,,15.90,0.0398,true,1,22385
7290011587307,false,תחתיות ארטישוק,Egyptian spanish co,EG,תומר,גרמים,400.00,100 גרם,false,,9.90,0.0248,true,1,22389
7290011587444,false,מוזלי עם פירות,Vitalia nikola ltd,MK,תומר,גרמים,600.00,100 גרם,false,,12.90,0.0215,true,1,22390
7290011587468,false,מוזלי עם אגוזים,Vitalia nikola ltd,MK,תומר,גרמים,600.00,100 גרם,false,,12.90,0.0215,true,1,22392
7290011587697,false,ממרח עגבניות פסטו 36,Sunto gida sun ve ti,TR,תומר,גרמים,360.00,100 גרם,false,,11.90,0.0331,true,1,22397
7290011587758,false,נודלס דק 200 גרם,אופאל,CN,תומר,גרמים,200.00,100 גרם,false,,4.90,0.0245,true,1,22399
7290011587765,false,נודלס עבה 200 גרם,,,נודלס עבה 200 גרם,גרמים,200.00,100 גרם,false,,4.90,0.0245,true,1,22400
7290011593087,false,שמן זית כתית מעולה ס,שמן זית סבא חביב,IL,סבא חביב,מיליליטרים,750.00,"100 מ""ל",false,,29.90,0.0399,true,1,1756
7290011598211,false,*מבצע* אנטי קאלק 700,סנו,IL,אנטי קאלק,מיליליטרים,700.00,"100 מ""ל",false,,14.90,0.0213,true,1,9575
7290011598402,false,מרכך מקסימה 4 ליטר,סנו,IL,מקסימה,ליטרים,4.00,ליטר,false,,21.90,5.4750,true,1,9577
7290011607180,false,קולון 101 1.250,זוהר דליה,IL,קולון,קילוגרמים,1.25,"ק""ג",false,,12.90,10.3200,true,1,7519
7290011615260,false,*מבצע* טורטיה 540 גר,מוטלוקאל גידה סאן טי,TR,וילי פוד,גרמים,540.00,100 גרם,false,,7.90,0.0146,true,1,11103
7290011618025,false,נגיסי אורז לתינוקות,want-want,CN,וונט וונט,גרמים,50.00,100 גרם,false,,14.90,0.2980,true,1,8325
7290011618124,false,נגיסי אורז לתינוקות,want-want,CN,וונט וונט,גרמים,50.00,100 גרם,false,,14.90,0.2980,true,1,8326
7290011622428,false,כתמטמינים חטיף בריאו,אשבול,IL,גולדן הארט,גרמים,45.00,100 גרם,false,,5.90,0.1311,true,1,7211
7290011622664,false,כתמטמינים טחינה חטיף,אשבול,IL,גולדן הארט,גרמים,45.00,100 גרם,false,,5.90,0.1311,true,1,7215
7290011622817,false,חטיף דגנים במילוי קר,אשבול,IL,חטיף דגנים במילוי קר,גרמים,70.00,100 גרם,false,,15.90,0.2271,true,1,42616
7290011644000,false,מקלות תירס מתוקים ממ,סנקי,IL,מקלות תירס מתוקים ממ,גרמים,80.00,100 גרם,false,,4.90,0.0613,true,1,31339
7290011666255,false,סוללות AA אלקליין אנ,,,סוללות AA אלקליין אנ,יח',8.00,יח',false,,10.80,1.3500,true,1,39892
7290011668136,false,*מבצע* מסכת שיער מחל,א.ל ארמן,IL,פנינה רוזנבלום בע'מ,קילוגרמים,1.00,"ק""ג",false,,26.90,26.9000,true,1,17215
7290011668143,false,*מבצע* מסכה משקמת לש,א.ל ארמן,IL,פנינה רוזנבלום בע'מ,קילוגרמים,1.00,"ק""ג",false,,26.90,26.9000,true,1,17216
7290011668419,false,*מבצע* שמפו לשיער רג,א.ל ארמן,IL,פנינה רוזנבלום בע'מ,מיליליטרים,750.00,"100 מ""ל",false,,8.90,0.0119,true,1,17221
7290011668433,false,*מבצע* שמפו לשיער צב,א.ל ארמן,IL,פנינה רוזנבלום בע'מ,מיליליטרים,750.00,"100 מ""ל",false,,8.90,0.0119,true,1,17223
7290011668440,false,*מבצע* מרכך לשיער צב,א.ל ארמן,IL,פנינה רוזנבלום בע'מ,מיליליטרים,750.00,"100 מ""ל",false,,8.90,0.0119,true,1,17224
7290011668464,false,*מבצע* מרכך לשיער גל,א.ל ארמן,IL,פנינה רוזנבלום בע'מ,מיליליטרים,750.00,"100 מ""ל",false,,8.90,0.0119,true,1,17226
7290011723200,false,טחינה הר ברכה 500 גר,הר ברכה,IL,הר ברכה,גרמים,500.00,100 גרם,false,,17.90,0.0358,true,1,8090
7290011725419,false,פטרוזיליה מהדרין - א,קונספסיון/ פניסקור/,IL,פטרוזיליה מהדרין,יח',1.00,יח',false,,4.90,4.9000,true,1,35266
7290011725426,false,כוסברה מהדרין - ארוז,קונסרבאס פרדו,IL,כוסברה מהדרין,יח',1.00,יח',false,,4.90,4.9000,true,1,35268
7290011725433,false,נענע מהדרין - ארוז,קונסרווס אל.ג'י. זאס,IL,נענע מהדרין,יח',1.00,יח',false,,4.90,4.9000,true,1,35269
7290011725440,false,שמיר מהדרין - ארוז,קונסרבס,IL,שמיר מהדרין,יח',1.00,יח',false,,4.90,4.9000,true,1,35270
7290011725457,false,בצל ירוק מהדרין - אר,קלדש הולמן,IL,בצל ירוק מהדרין,יח',1.00,יח',false,,5.90,5.9000,true,1,35271
7290011725464,false,סלרי עלים מהדרין - א,,IL,סלרי עלים מהדרין,יח',1.00,יח',false,,5.90,5.9000,true,1,35272
7290011725471,false,סלק עלים מהדרין - אר,קוסמופארם,IL,עלי סלק מהדרין,יח',1.00,יח',false,,5.90,5.9000,true,1,35273
7290011725525,false,לבבות חסה,קילט ניהול פרוייקטים,IL,רוזמרין מהדרין,יח',1.00,יח',false,,10.90,10.9000,true,1,35278
7290011743833,false,סנסודיין פרונאמל 75,גלקסוסמיתקליין,GB,סנסודיין,גרמים,75.00,100 גרם,false,,25.90,0.3453,true,1,10622
7290011765095,false,קרמה גל גילוח,קוסמופארם,TR,קרמה מן,מיליליטרים,200.00,"100 מ""ל",false,,13.90,0.0695,true,1,9581
7290011765408,false,שמפו+מרכך בוב ספוג,קוסמופארם,IL,כיף,מיליליטרים,750.00,"100 מ""ל",false,,9.90,0.0132,true,1,9594
7290011765446,false,משחת שיניים בוב ספוג,טרופיקל דגיל קוסמטיק,IL,אורביטול,גרמים,70.00,100 גרם,false,,7.90,0.1129,true,1,9597
7290011765613,false,מסיר עובש בניחוח לימ,סנו,IL,מסיר עובש בניחוח לימ,מיליליטרים,1000.00,"100 מ""ל",false,,15.90,0.0159,true,1,9599
7290011800840,false,צבר טחינה בלאדי רפי,צבר,IL,סלטי צבר,גרמים,400.00,100 גרם,false,,14.90,0.0373,true,1,4635
7290011877088,false,צמד רדיד אלומניום קצ,,,צמד רדיד אלומניום 30,מטרים,15.00,מטר,false,,14.90,0.9933,true,1,9600
7290011877095,false,צמד רדיד אלומיניום א,בורסה פזרי,TR,סנו סושי,מטרים,15.00,מטר,false,,19.90,1.3267,true,1,9601
7290011877101,false,סנו מוד,סנו,IL,סנומוד,מיליליטרים,150.00,"100 מ""ל",false,,9.90,0.0660,true,1,9602
7290011877156,false,סנופרש יבש,סנו,IL,סנופרש,מיליליטרים,375.00,"100 מ""ל",false,,9.90,0.0264,true,1,9603
7290011877446,false,קרם למניעת גירויים ב,קוסמופארם,IL,בייבי כיף,מיליליטרים,100.00,"100 מ""ל",false,,9.90,0.0990,true,1,9604
7290011877842,false,סנו סושי שקיות וואקו,,,סנו סושי שקיות וואקו,יח',2.00,יח',false,,24.90,12.4500,true,1,9606
7290011877859,false,סנו אינסטלטור 200 ג,סנו,IL,סנו אינסטלטור,גרמים,200.00,100 גרם,false,,13.90,0.0695,true,1,9607
7290011877866,false,"מקסימה מאסק 6 ק""ג",סנו,IL,מקסימה,קילוגרמים,6.00,"ק""ג",false,,44.90,7.4833,true,1,9608
7290011931162,false,סוכרלייט נוזלי,"סוכרזית בע""מ",IL,סוכרזית,גרמים,220.00,100 גרם,false,,22.90,0.1041,true,1,16011
7290011947309,false,זית סורי מבוקע עם לי,זיתא - י.ט.ב תעשיות,IL,זיתא,גרמים,220.00,100 גרם,false,,13.50,0.0614,true,1,19921
7290011947316,false,זיתי קלמטה  215 גרם,זיתא - י.ט.ב תעשיות,IL,זיתא,גרמים,215.00,100 גרם,false,,13.50,0.0628,true,1,19922
7290011947743,false,מיקס זית ירוק וזית ק,זיתא - י.ט.ב תעשיות,IL,זיתא,גרמים,215.00,100 גרם,false,,13.50,0.0628,true,1,19937
7290011947781,false,מיקס זית ירוק וזית ק,זיתא - י.ט.ב תעשיות,IL,זיתא,גרמים,190.00,100 גרם,false,,13.90,0.0732,true,1,19939
7290011947798,false,זית קלמטה ללא גלעין,זיתא - י.ט.ב תעשיות,IL,זיתא,גרמים,190.00,100 גרם,false,,13.90,0.0732,true,1,19940
7290011964344,false,שום גבישי 120 גרם מי,"תבליני טעם וריח בע""מ",IL,"תבליני טעם וריח בע""מ",גרמים,120.00,100 גרם,false,,9.90,0.0825,true,1,25099
7290011964566,false,גריל עוף מיכל 400 גר,"תבליני טעם וריח בע""מ",IL,"תבליני טעם וריח בע""מ",גרמים,400.00,100 גרם,false,,22.90,0.0572,true,1,25101
7290011964603,false,כורכום טחון מיכל 400,"תבליני טעם וריח בע""מ",IL,"תבליני טעם וריח בע""מ",גרמים,400.00,100 גרם,false,,22.90,0.0572,true,1,25104
7290011964702,false,תערובת תיבול לשווארמ,"תבליני טעם וריח בע""מ",IL,"תבליני טעם וריח בע""מ",גרמים,100.00,100 גרם,false,,9.90,0.0990,true,1,25109
7290011987015,false,פילה הרינג בואקום 20,אס.פי.פיש האוס,IL,אס.פי.פיש האוס,גרמים,200.00,100 גרם,false,,10.90,0.0545,true,1,22723
7290011987466,false,סלמון מעושן פרוס 200,אס.פי.פיש האוס,IL,אס.פי.פיש האוס,גרמים,200.00,100 גרם,false,,38.90,0.1945,true,1,22724
7290011987480,false,סלמון פרוס 300 גרם,אס.פי.פיש האוס,IL,אס.פי.פיש,גרמים,300.00,100 גרם,false,,56.90,0.1897,true,1,22725
7290012001994,false,חרדל דיז'ון גרעינים,REINE DE DIJON S.A,FR,ריין דיז'ון,גרמים,350.00,100 גרם,false,,9.90,0.0283,true,1,25680
7290012022203,false,קליליות חיטה מלאה,דילייט 2005,IL,קליליות,גרמים,100.00,100 גרם,false,,13.90,0.1390,true,1,26215
7290012022227,false,קליליות חיטה,דילייט 2005,IL,קליליות,גרמים,60.00,100 גרם,false,,11.90,0.1983,true,1,26217
7290012022272,false,קליליות קידס,דילייט 2005,IL,קליליות,גרמים,30.00,100 גרם,false,,10.50,0.3500,true,1,26218
7290012025495,false,*מבצע* טחינה אסלי 1,"סלטי שמיר 2006 בע""מ",IL,אסלי,קילוגרמים,1.00,"ק""ג",false,,11.90,11.9000,true,1,36223
7290012025822,false,סלק אסלי 400 גרם,"סלטי שמיר 2006 בע""מ",IL,אסלי,גרמים,400.00,100 גרם,false,,9.90,0.0248,true,1,36224
7290012071003,false,קמיל בלו משחה לתינוק,"ד""ר פישר",IL,קמיל בלו,גרמים,200.00,100 גרם,false,,19.90,0.0995,true,1,14490
7290012116032,false,מרכך פיות 750 מיל,קוסמופארם,IL,כיף,מיליליטרים,750.00,"100 מ""ל",false,,10.90,0.0145,true,1,9614
7290012116261,false,ג'ל חיטוי סנו מדיק 5,סנו,IL,ג'ל חיטוי סנו מדיק 5,מיליליטרים,500.00,"100 מ""ל",false,,19.90,0.0398,true,1,9619
7290012116537,false,"מקסימה מאסק 2.5 ק""ג",סנו,IL,מקסימה,קילוגרמים,2.50,"ק""ג",false,,23.90,9.5600,true,1,9621
7290012116551,false,אנטי קלאק 4ב1 2 ל,סנו,IL,אנטי קאלק,ליטרים,2.00,ליטר,false,,19.90,9.9500,true,1,9622
7290012116612,false,רביעיית מברשת שיניים,z.h. plastic,CN,אורביטול,יח',4.00,יח',false,,10.90,2.7250,true,1,9623
7290012116674,false,דאודרנט גל קרמה מן,קוסמופארם,IL,כיף,יח',1.00,יח',false,,13.90,13.9000,true,1,9625
7290012117091,false,"מקסימה סנסטיב 6 ק""ג",סנו,IL,מקסימה,קילוגרמים,6.00,"ק""ג",false,,44.90,7.4833,true,1,9632
7290012117275,false,סנוקליר שקית מילוי 7,סנו,IL,סנוקליר,מיליליטרים,750.00,"100 מ""ל",false,,5.90,0.0079,true,1,9634
7290012117435,false,*מבצע* גל רחצה לגבר,קוסמופארם,IL,קרמה מן,מיליליטרים,700.00,"100 מ""ל",false,,14.90,0.0213,true,1,9638
7290012117466,false,קרמה תחליב פנים,קוסמופארם,IL,קרמה,יח',1.00,יח',false,,12.90,12.9000,true,1,9639
7290012117534,false,מרכך מקסימה מרוכז 1,סנו,IL,מקסימה,ליטרים,1.00,ליטר,false,,17.90,17.9000,true,1,9640
7290012117541,false,מרכך מקסימה מרוכז 1,,,מרכך מקסימה מרוכז 1,ליטרים,1.00,ליטר,false,,17.90,17.9000,true,1,9641
7290012117558,false,מרכך מקסימה מרוכז 1,סנו,IL,מקסימה,ליטרים,1.00,ליטר,false,,17.90,17.9000,true,1,9642
7290012117626,false,מי פה בוב ספוג 250 מ,קוסמופארם,IL,אורביטול,מיליליטרים,250.00,"100 מ""ל",false,,9.90,0.0396,true,1,9646
7290012117732,false,מרכך מקסימה 4 ליטר,סנו,IL,מקסימה,ליטרים,4.00,ליטר,false,,21.90,5.4750,true,1,9649
7290012117916,false,סנו אינסטלטור נוזלי,סנו,IL,סנו אינסטלטור,ליטרים,1.00,ליטר,false,,26.90,26.9000,true,1,9651
7290012139598,false,"חול קיטי 10 ק""ג",,,"חול קיטי 10 ק""ג",קילוגרמים,10.00,"ק""ג",false,,49.90,4.9900,true,1,36399
7290012159480,false,יין לבן חצי יבש מבעב,,,יין לבן חצי יבש מבעבע,מיליליטרים,700.00,"100 מ""ל",false,,24.90,0.0356,true,1,7021
7290012159497,false,יין לבן יבש מבעבע,,,יין לבן יבש מבעבע,מיליליטרים,700.00,"100 מ""ל",false,,24.90,0.0356,true,1,7022
7290012191374,false,מדליק פחמים,,IL,מנורה,יח',1.00,יח',false,,5.90,5.9000,true,1,30177
7290012191985,false,גפרורים,S.M.P.L,IN,S.M.P.L,יח',10.00,יח',false,,2.50,0.2500,true,1,30178
7290012191992,false,גפרורים ארוכים,S.M.P.L,IN,S.M.P.L,יח',45.00,יח',false,,4.90,0.1089,true,1,30179
7290012226021,false,סלמי מעושן פראג 400,זוגלובק,IL,זוגלובק,גרמים,400.00,100 גרם,false,,14.90,0.0373,true,1,28680
7290012226120,false,קבנוס 135 גרם,זוגלובק,IL,זוגלובק,גרמים,135.00,100 גרם,false,,9.90,0.0733,true,1,28681
7290012226342,false,נקניקיה טבעונית עשיר,זוגלובק,IL,זוגלובק,גרמים,460.00,100 גרם,false,,24.90,0.0541,true,1,28682
7290012226922,false,קבנוס בטעם שום 135 ג,זוגלובק,IL,זוגלובק,גרמים,135.00,100 גרם,false,,9.90,0.0733,true,1,28687
7290012226939,false,קבנוס בטעם צילי 135,זוגלובק,IL,זוגלובק,גרמים,135.00,100 גרם,false,,9.90,0.0733,true,1,28688
7290012226991,false,נקניקיות גמבו 1.5 קג,זוגלובק,IL,זוגלובק,קילוגרמים,1.50,"ק""ג",false,,26.90,17.9333,true,1,28692
7290012227172,false,פסטרמה כפרית+ חרמון,זוגלובק,IL,זוגלובק,גרמים,600.00,100 גרם,false,,25.90,0.0432,true,1,28695
7290012227325,false,סלמי מעושן דק דק 120,זוגלובק,IL,זוגלובק,גרמים,120.00,100 גרם,false,,12.90,0.1075,true,1,28697
7290012227615,false,נקניקיות עוף 800 גרם,זוגלובק,IL,זוגלובק,גרמים,800.00,100 גרם,false,,23.90,0.0299,true,1,28703
7290012227776,false,פסטרמה הודו מחפוד 40,זוגלובק,IL,זוגלובק,גרמים,400.00,100 גרם,false,,19.90,0.0497,true,1,28707
7290012227783,false,תה מעושן מחפוד 400 ג,זוגלובק,IL,זוגלובק,גרמים,400.00,100 גרם,false,,17.90,0.0447,true,1,28708
7290012227912,false,קבנוס מעודן 135 גרם,זוגלובק,IL,זוגלובק,גרמים,135.00,100 גרם,false,,9.90,0.0733,true,1,28711
7290012227974,false,פסטרמה בדבש 120 גרם,זוגלובק,IL,זוגלובק,גרמים,120.00,100 גרם,false,,12.90,0.1075,true,1,28712
7290012227981,false,פסטרמה ברביקיו 120 ג,זוגלובק,IL,זוגלובק,גרמים,120.00,100 גרם,false,,12.90,0.1075,true,1,28713
7290012227998,false,חזה בקר 120 גרם,זוגלובק,IL,זוגלובק,גרמים,120.00,100 גרם,false,,12.90,0.1075,true,1,28714
7290012228124,false,קבנוס סטיקס 50 גרם,זוגלובק,IL,זוגלובק,גרמים,50.00,100 גרם,false,,9.90,0.1980,true,1,28717
7290012228766,false,קבנוס מחפוד 120 גרם,זוגלובק,,קבנוס מחפוד 120 גרם,גרמים,120.00,100 גרם,false,,9.90,0.0825,true,1,28745
7290012245275,false,גולד צ'יפס בטטה קריס,קפוא זן,IL,גולד צ'יפס בטטה קריס,קילוגרמים,1.00,"ק""ג",false,,25.90,25.9000,true,1,43081
7290012247729,false,כנפיים עוף קפוא,"נטו מלינדה סחר בע""מ",,כנפיים עוף קפוא,קילוגרמים,1.00,"ק""ג",true,,8.90,8.9000,true,1,37595
7290012275401,false,"בירה מולר 500 מ""ל",ואן פור,GR,????,מיליליטרים,500.00,"100 מ""ל",false,,3.90,0.0078,true,1,34332
7290012309878,false,חלבה פיסטוק 500 גרם,אחדות,IL,ששון הקולה,גרמים,500.00,100 גרם,false,,14.90,0.0298,true,1,3553
7290012313141,false,מלפפון במלח פרוסות,קבוצת יבנה,IL,קבוצת יבנה,גרמים,320.00,100 גרם,false,,6.50,0.0203,true,1,17453
7290012313400,false,זית סורי מבוקע  215,קבוצת יבנה,IL,זית סורי מבוקע  215,גרמים,215.00,100 גרם,false,,11.90,0.0553,true,1,39051
7290012313424,false,זית קלמטה שלם 215 גר,קבוצת יבנה,IL,זית קלמטה שלם 215 גר,גרמים,215.00,100 גרם,false,,11.90,0.0553,true,1,39053
7290012313431,false,זית מרוקאי יבש 215 ג,קבוצת יבנה,IL,זית מרוקאי יבש 215 ג,גרמים,215.00,100 גרם,false,,11.90,0.0553,true,1,39054
7290012367717,false,*מבצע* קרם ידים אפקט,"ד""ר פישר",IL,אפקטיב קר,מיליליטרים,150.00,"100 מ""ל",false,,11.90,0.0793,true,1,14493
7290012367908,false,שמן אלוורה לתינוק 20,"ד""ר פישר",IL,"ד""ר פישר",מיליליטרים,200.00,"100 מ""ל",false,,16.90,0.0845,true,1,14494
7290012404955,false,ספרינג Collection נק,יפאורה תבורי,IL,ספרינג,ליטרים,1.25,ליטר,false,,12.40,9.9200,true,1,13121
7290012404993,false,ספרינג Collection נק,יפאורה תבורי,IL,ספרינג,ליטרים,1.25,ליטר,false,,11.90,9.5200,true,1,13123
7290012470479,false,אסלונית,,,אסלונית,יח',1.00,יח',false,,9.90,9.9000,true,1,23789
7290012483608,false,אורז בסמטי מובחר 5 ק,lt foods,IN,DAAWAT,קילוגרמים,5.00,"ק""ג",false,,49.90,9.9800,true,1,11108
7290012522581,false,טבעול שניצל תירס ללא,טבעול ישראל,IL,טבעול,גרמים,664.00,100 גרם,false,,19.90,0.0300,true,1,4641
7290012561405,false,דורות בצל חצי מטוגן,דורות,IL,דורות,גרמים,180.00,100 גרם,false,,9.90,0.0550,true,1,4646
7290012576423,false,ספיישל רזרב גוורצטרמ,טמפו,IL,ספיישל רזרב גוורצטרמ,מיליליטרים,750.00,"100 מ""ל",false,,54.90,0.0732,true,1,35741
7290012576607,false,יין פרימייר אדום,ברקן סגל,IL,פרמייר,מיליליטרים,750.00,"100 מ""ל",false,,26.90,0.0359,true,1,12599
7290012576614,false,יין פרימייר לבן,ברקן סגל,IL,פרמייר,מיליליטרים,750.00,"100 מ""ל",false,,26.90,0.0359,true,1,12600
7290012642036,false,לה פסטה 5 ספגטי,מוטלו,TR,לה פסטה,גרמים,400.00,100 גרם,false,,3.50,0.0088,true,1,22411
7290012642562,false,מיץ שזיפים,,,מיץ שזיפים,מיליליטרים,946.00,"100 מ""ל",false,,16.50,0.0174,true,1,22413
7290012642586,false,ערמונים 100 גרם,Tangshan huiyuan foo,CN,תומר,גרמים,100.00,100 גרם,false,,4.90,0.0490,true,1,22414
7290012645020,false,*מבצע* יוגורט עיזים,חלב הארץ,IL,חלב הארץ,גרמים,500.00,100 גרם,false,,9.90,0.0198,true,1,18155
7290012645181,false,*מבצע* לאבנה עיזים 5,חלב הארץ,IL,*מבצע* לאבנה עיזים 5,גרמים,200.00,100 גרם,false,,9.90,0.0495,true,1,37583
7290012645389,false,יוגורט עיזים טבעי 1,חלב הארץ,IL,חלב הארץ,ליטרים,1.00,ליטר,false,,21.90,21.9000,true,1,18171
7290012665059,false,קובה מרק 400 גרם,"חמים וטעים בע""מ",IL,"חמים וטעים בע""מ",גרמים,400.00,100 גרם,false,,12.90,0.0323,true,1,12032
7290012724817,false,נענע יח',,,נענע יח',יח,1.00,יח,false,,3.90,3.9000,true,1,32018
7290012724824,false,שמיר יח',,,שמיר יח',יח,1.00,יח,false,,3.90,3.9000,true,1,32019
7290012724831,false,כוסברה יח',,,כוסברה יח',יח,1.00,יח,false,,3.90,3.9000,true,1,32020
7290012724848,false,פטרוזיליה יח',,,פטרוזיליה יח',יח,1.00,יח,false,,3.90,3.9000,true,1,32021
7290012779152,false,ראשי פאק-צוי מהדרין,,,ראשי פאק-צוי מהדרין,יחידה,0.00,יחידה,false,,13.90,0.0000,true,1,32022
7290012803055,false,ממתיק על בסיס סוכרלו,קיפל,IL,מרמולייט,גרמים,100.00,100 גרם,false,,19.90,0.1990,true,1,8336
7290012803215,false,וופל בלגי ללא סוכר ב,"גילרו בע""מ",IL,טוסו,גרמים,200.00,100 גרם,false,,9.90,0.0495,true,1,8337
7290012803222,false,וופל בלגי בטעם לימון,"גילרו בע""מ",IL,טוסו,גרמים,200.00,100 גרם,false,,9.90,0.0495,true,1,8338
7290012803314,false,סוכרלוז 300 טבליות,קיפל,IL,מרמולייט,גרמים,22.00,100 גרם,false,,39.90,1.8136,true,1,8339
7290012803451,false,שוקולד מריר 62% 100,ALTINMARKA,TR,טוסו,גרמים,100.00,100 גרם,false,,8.90,0.0890,true,1,8342
7290012803765,false,שוקולד מריר 100 גרם,ALTINMARKA,TR,טוסו,גרמים,100.00,100 גרם,false,,8.90,0.0890,true,1,8345
7290012803772,false,שוקולד חלב 100 גרם,ALTINMARKA,TR,טוסו,גרמים,100.00,100 גרם,false,,8.90,0.0890,true,1,8346
7290012803789,false,שוקולד מריר אגוזים 1,ALTINMARKA,TR,טוסו,גרמים,100.00,100 גרם,false,,8.90,0.0890,true,1,8347
7290012823251,false,אל סבון כיף 1 ליטר,קוסמופארם,IL,כיף,ליטרים,1.00,ליטר,false,,11.90,11.9000,true,1,9653
7290012823381,false,מרכך מקסימה מרוכז 1,סנו,IL,מקסימה,ליטרים,1.00,ליטר,false,,17.90,17.9000,true,1,9656
7290012823398,false,*מבצע* מטליות סנו רי,דינאמיק תעשיות,IL,ריצפז,יח',10.00,יח',false,,9.90,0.9900,true,1,9657
7290012823558,false,מטליות לחות סושי לרי,דינאמיק,IL,סנו סושי,יח',10.00,יח',false,,10.90,1.0900,true,1,9659
7290012823565,false,מטליות ענק לחות לפרק,דינאמיק תעשיות,IL,פוליויקס,יח',10.00,יח',false,,14.90,1.4900,true,1,9660
7290012823923,false,מרכך כביסה מרוכז סנו,סנו,IL,מקסימה,מיליליטרים,750.00,"100 מ""ל",false,,16.90,0.0225,true,1,9670
7290012823947,false,מרכך כביסה מרוכז סנו,סנו,IL,מקסימה,מיליליטרים,750.00,"100 מ""ל",false,,16.90,0.0225,true,1,9671
7290012850073,false,מחית סלט פירות 190 ג,NOVOFRUCHT SK S.R.O,SK,BELOVED,גרמים,190.00,100 גרם,false,,5.90,0.0311,true,1,19027
7290012884986,false,ציפס לתנור עד 4% שומ,תפוגן,IL,תפוגן,קילוגרמים,1.50,"ק""ג",false,,24.90,16.6000,true,1,4647
7290012899348,false,טבעות זיתים מושחרים,פרי חן,IL,טבעות זיתים מושחרים,גרמים,550.00,100 גרם,false,,8.90,0.0162,true,1,35380
7290012899867,false,מלפפון במלח 10-12 יח,פרי חן,IL,מלפפון במלח 10-12 יח,גרמים,540.00,100 גרם,false,,6.50,0.0120,true,1,35397
7290012921032,false,בקבוק בירה מלכה אדמו,בירה מלכה,IL,מלכה,מיליליטרים,330.00,"100 מ""ל",false,,12.90,0.0391,true,1,12141
7290012931611,false,3 כריות ברזל לקרצוף,מ.א ייצור ושיווק מטל,CN,Shiny,יח',3.00,יח',false,,5.90,1.9667,true,1,5961
7290012938405,false,רדיד אלומיניום רחב ו,ריינולדס,US,דיימונד,מטרים,7.60,מטר,false,,16.90,2.2237,true,1,10625
7290012938580,false,סנסודיין הלבנה עדינה,,,סנסודיין הלבנה עדינה,גרמים,75.00,100 גרם,false,,21.90,0.2920,true,1,10627
7290012938597,false,"סנסודיין רליף 75 מ""ל","סמית קליין ביצ'ם בע""",SK,סנסודיין,מיליליטרים,75.00,"100 מ""ל",false,,25.90,0.3453,true,1,10628
7290012938740,false,"סנסודיין מנטה 75 מ""ל",גלקסוסמיתקליין,GB,סנסודיין,מיליליטרים,75.00,"100 מ""ל",false,,21.90,0.2920,true,1,10629
7290012962165,false,כפפות משק בית איזי ט,B.H.R. & P.P,CN,איזי טאצ',יח',2.00,יח',false,,3.90,1.9500,true,1,5894
7290012962578,false,צימרוני אוזניים עץ ב,S.T.O Co Ltd,CN,כוטון סופט,יח',300.00,יח',false,,6.90,0.0230,true,1,5900
7290012962684,false,שקיות צליה ג'מבו 50X,B.P. Ltd,TR,הוסטס,יח',5.00,יח',false,,3.50,0.7000,true,1,5901
7290012975875,false,כוסות יהלום 75 יח 22,,,כוסות יהלום 75 יח 22,יח,75.00,יח,false,,9.90,0.1320,true,1,40639
7290012982873,false,פילה אמנון 7-9 קפוא.,ג.עופר,CN,ווינר פוד,קילוגרמים,1.00,"ק""ג",true,,24.90,24.9000,true,1,7413
7290012982927,false,פילה לברק 5-7 קפוא.,"יאנגגינג סיפורט בע""מ",CN,פילה לברק 5-7 קפוא.,קילוגרמים,1.00,"ק""ג",true,,44.90,44.9000,true,1,7414
7290013027399,false,לחם אנגל 100% קל,אנג'ל,IL,אנג'ל,גרמים,750.00,100 גרם,false,,12.90,0.0172,true,1,2915
7290013068361,false,*מבצע* שמן זית אליעד,אליעד,IL,שמן זית אליעד 750 מל,מיליליטרים,750.00,"100 מ""ל",false,,31.90,0.0425,true,1,24111
7290013068682,false,*מבצע* שמן זית אליעד,אליעד,IL,שמן זית אליעד 750 מל,מיליליטרים,750.00,"100 מ""ל",false,,31.90,0.0425,true,1,24113
7290013068699,false,*מבצע* שמן זית אליעד,אליעד,IL,אליעד בית בד בגולן,מיליליטרים,750.00,"100 מ""ל",false,,31.90,0.0425,true,1,24114
7290013068705,false,*מבצע* שמן זית אליעד,אליעד,IL,שמן זית אליעד 750 מל,מיליליטרים,750.00,"100 מ""ל",false,,31.90,0.0425,true,1,24115
7290013083661,false,מטרנה אקסטרה קר שלב,מטרנה,IL,מטרנה,גרמים,700.00,100 גרם,false,,58.90,0.0841,true,1,4648
7290013083678,false,מטרנה אקסטרה קר שלב,מטרנה,IL,מטרנה,גרמים,700.00,100 גרם,false,,58.90,0.0841,true,1,4649
7290013083685,false,מטרנה אקסטרה קר שלב,מטרנה,IL,מטרנה,גרמים,700.00,100 גרם,false,,58.90,0.0841,true,1,4650
7290013117212,false,בורקס פילו גבינה,מעדנות,IL,מעדנות,גרמים,600.00,100 גרם,false,,19.90,0.0332,true,1,27540
7290013117229,false,"בורקס פילו תפו""א",מעדנות,IL,מעדנות,גרמים,600.00,100 גרם,false,,19.90,0.0332,true,1,27541
7290013117243,false,בורקס פילו בולגרית,מעדנות,IL,מעדנות,גרמים,600.00,100 גרם,false,,19.90,0.0332,true,1,27543
7290013117410,false,*מבצע* בצק פריך מתוק,מעדנות,IL,מעדנות,גרמים,900.00,100 גרם,false,,19.90,0.0221,true,1,27544
7290013117427,false,*מבצע* בצק פריך מלוח,מעדנות,IL,מעדנות,גרמים,900.00,100 גרם,false,,19.90,0.0221,true,1,27545
7290013117526,false,*מבצע* בצק שמרים למא,מעדנות,IL,מעדנות,גרמים,900.00,100 גרם,false,,19.90,0.0221,true,1,27546
7290013121028,false,לחם לבן 500 גרם,אביב קונדיטוריה מעול,IL,גרין לייט,גרמים,500.00,100 גרם,false,,17.90,0.0358,true,1,10631
7290013121035,false,לחם פשתן 500 גרם,אביב קונדיטוריה מעול,IL,גרין לייט,גרמים,500.00,100 גרם,false,,18.90,0.0378,true,1,10632
7290013121158,false,רביעיית לחמניות סנדו,אביב קונדיטוריה מעול,IL,גרין לייט,גרמים,460.00,100 גרם,false,,17.90,0.0389,true,1,10635
7290013121165,false,שישיית לחמניות נקניק,אביב קונדיטוריה מעול,IL,גרין לייט,גרמים,460.00,100 גרם,false,,17.90,0.0389,true,1,10636
7290013144171,false,*מבצע* תערובת עוגת ש,מימונס אפיה,IL,א.ל ייצור ושיווק תבלינים,גרמים,560.00,100 גרם,false,,12.90,0.0230,true,1,24892
7290013144232,false,פודינג וניל 80 גרם,מימונס אפיה,IL,א.ל ייצור ושיווק תבלינים,גרמים,80.00,100 גרם,false,,4.90,0.0613,true,1,24896
7290013144249,false,פודינג שוקולד 95ג,מימונס אפיה,IL,א.ל ייצור ושיווק תבלינים,גרמים,95.00,100 גרם,false,,4.90,0.0516,true,1,24897
7290013144263,false,תערובת מלבי 112 גרם,מימונס אפיה,IL,א.ל ייצור ושיווק תבלינים,גרמים,112.00,100 גרם,false,,9.90,0.0884,true,1,24898
7290013144317,false,גלילית וופל למילוי 1,מימונס אפיה,IL,הגביע,יח',18.00,יח',false,,21.90,1.2167,true,1,24901
7290013144393,false,תמצית וניל 50 גרם,מימונס אפיה,IL,א.ל ייצור ושיווק תבלינים,גרמים,50.00,100 גרם,false,,4.90,0.0980,true,1,24902
7290013144409,false,תמצית רום 50 גרם,מימונס אפיה,IL,א.ל ייצור ושיווק תבלינים,גרמים,50.00,100 גרם,false,,4.90,0.0980,true,1,24903
7290013144508,false,"תמצית מי ורדים 50 מ""",מימונס אפיה,IL,א.ל ייצור ושיווק תבלינים,מיליליטרים,50.00,"100 מ""ל",false,,9.90,0.1980,true,1,24906
7290013144539,false,"צבע מאכל 50 מ""ל",מימונס אפיה,IL,א.ל ייצור ושיווק תבלינים,מיליליטרים,50.00,"100 מ""ל",false,,4.30,0.0860,true,1,24909
7290013144614,false,סירופ מייפל 100% 236,מימונס אפיה,CA,LES INDUSRIES,מיליליטרים,236.00,"100 מ""ל",false,,29.90,0.1267,true,1,24911
7290013144768,false,*מבצע* סירופ שוקולד,מימונס אפיה,IL,א.ל ייצור ושיווק תבלינים,גרמים,500.00,100 גרם,false,,10.90,0.0218,true,1,24913
7290013145017,false,אגוז מלך קלוף 100 גר,מימונס אפיה,IL,א.ל ייצור ושיווק תבלינים,גרמים,100.00,100 גרם,false,,12.90,0.1290,true,1,24915
7290013145024,false,אגוז מלך טחון 100 גר,מימונס אפיה,IL,א.ל ייצור ושיווק תבלינים,גרמים,100.00,100 גרם,false,,13.80,0.1380,true,1,24916
7290013145031,false,אגוזי לוז מסוכרים 10,מימונס אפיה,IL,א.ל ייצור ושיווק תבלינים,גרמים,100.00,100 גרם,false,,13.90,0.1390,true,1,24917
7290013145109,false,שקד טבעי מולבן 100 ג,מימונס אפיה,IL,א.ל ייצור ושיווק תבלינים,גרמים,100.00,100 גרם,false,,12.90,0.1290,true,1,24921
7290013145161,false,פקאן מסוכר 100 גרם,מימונס אפיה,IL,א.ל ייצור ושיווק תבלינים,גרמים,100.00,100 גרם,false,,15.90,0.1590,true,1,24925
7290013145178,false,קוקוס טחון לבן 100ג,מימונס אפיה,IL,א.ל ייצור ושיווק תבלינים,גרמים,100.00,100 גרם,false,,4.50,0.0450,true,1,24926
7290013145192,false,שומשום 100 גרם,מימונס אפיה,IL,א.ל ייצור ושיווק תבלינים,גרמים,100.00,100 גרם,false,,4.60,0.0460,true,1,24927
7290013145215,false,שומשום 400 גרם,מימונס אפיה,IL,א.ל ייצור ושיווק תבלינים,גרמים,400.00,100 גרם,false,,14.90,0.0373,true,1,24928
7290013145246,false,גרעין חמנייה מקולף 1,מימונס אפיה,IL,א.ל ייצור ושיווק תבלינים,גרמים,100.00,100 גרם,false,,5.50,0.0550,true,1,24929
7290013145277,false,עלים לקרמשניט 300 גר,מימונס אפיה,IL,מימונס,גרמים,300.00,100 גרם,false,,16.90,0.0563,true,1,24930
7290013145390,false,שוקולד ציפס 250 גרם,מימונס אפיה,IL,אינטרגטה,גרמים,250.00,100 גרם,false,,8.90,0.0356,true,1,24931
7290013145406,false,שוקולד ציפס לבן 250,מימונס אפיה,IL,אינטרגטה,גרמים,250.00,100 גרם,false,,9.90,0.0396,true,1,24932
7290013145437,false,שוקולד ציפס מריר 250,מימונס אפיה,IL,אינטרגטה,גרמים,250.00,100 גרם,false,,13.90,0.0556,true,1,24933
7290013145444,false,שוקולד צ'יפס 66%,מימונס אפיה,IL,אינטרגטה,גרמים,250.00,100 גרם,false,,15.90,0.0636,true,1,24934
7290013145567,false,מיני עדשים 90 גרם,מימונס אפיה,IL,א.ל ייצור ושיווק תבלינים,גרמים,90.00,100 גרם,false,,10.90,0.1211,true,1,24937
7290013145628,false,סוכריות צבעוניות לקי,א.ל ייצור ושיווק תבל,IL,א.ל ייצור ושיווק תבלינים,גרמים,200.00,100 גרם,false,,8.90,0.0445,true,1,24940
7290013145710,false,דובדבנים מסוכרים 100,מימונס אפיה,IL,א.ל ייצור ושיווק תבלינים,גרמים,100.00,100 גרם,false,,9.90,0.0990,true,1,24941
7290013145840,false,סוכר וניל 10יח,מימונס אפיה,IL,י. כהן,גרמים,100.00,100 גרם,false,,2.20,0.0220,true,1,24944
7290013145857,false,אבקת אפיה 10יח,מימונס אפיה,IL,י. כהן,גרמים,100.00,100 גרם,false,,2.20,0.0220,true,1,24945
7290013145871,false,שמרים יבשים סטיק 5יח,מימונס אפיה,IL,א.ל ייצור ושיווק תבלינים,גרמים,55.00,100 גרם,false,,9.90,0.1800,true,1,24947
7290013145918,false,אבקת סוכר 100 גרם,מימונס אפיה,IL,א.ל ייצור ושיווק תבלינים,גרמים,100.00,100 גרם,false,,1.90,0.0190,true,1,24949
7290013145956,false,שמרים יבשים 500 גרם,מימונס אפיה,CN,ANGEL YEAST,גרמים,500.00,100 גרם,false,,13.90,0.0278,true,1,24951
7290013145963,false,שמרים יבשים מימונס 1,מימונס אפיה,CN,ANGEL YEAST,גרמים,125.00,100 גרם,false,,5.90,0.0472,true,1,24952
7290013145970,false,קורנפלור 200 גרם,מימונס אפיה,IL,א.ל ייצור ושיווק תבלינים,גרמים,200.00,100 גרם,false,,3.90,0.0195,true,1,24953
7290013146007,false,*מבצע* מלית פרג 400,מימונס אפיה,IL,א.ל ייצור ושיווק תבלינים,גרמים,400.00,100 גרם,false,,13.90,0.0348,true,1,24954
7290013146199,false,*מבצע* קרם נוגט 350ג,מימונס אפיה,IL,אינטרגטה,גרמים,350.00,100 גרם,false,,13.90,0.0397,true,1,24960
7290013146298,false,טארטלטים-תחתיות בצק,א.ל ייצור ושיווק תבל,IL,מימונס,גרמים,120.00,100 גרם,false,,20.90,0.1742,true,1,24962
7290013146663,false,*מבצע* אטריות צבעוני,מימונס אפיה,,מימונס,גרמים,55.00,100 גרם,false,,9.90,0.1800,true,1,24967
7290013146670,false,*מבצע* סוכריות לב לק,מימונס אפיה,,מימונס,גרמים,60.00,100 גרם,false,,9.90,0.1650,true,1,24968
7290013153418,false,סחוט לימונענע 1 ליטר,פריגת מצוננים,IL,סחוט טבעי,ליטרים,1.00,ליטר,false,,16.10,16.1000,true,1,17607
7290013153593,false,פריגת 100% תפוזים מת,"גת,גבעת חיים",IL,פריגת,ליטרים,1.00,ליטר,false,,11.90,11.9000,true,1,17615
7290013267665,false,סולרו מיני קלאסי - פ,גלידות שטראוס,IL,סולרו,גרמים,354.00,100 גרם,false,,23.90,0.0675,true,1,7751
7290013268020,false,מרכך מקסימה מרוכז 1,סנו,IL,מקסימה,ליטרים,1.00,ליטר,false,,17.90,17.9000,true,1,9672
7290013268037,false,מרכך מקסימה מרוכז 1,סנו,IL,מקסימה,ליטרים,1.00,ליטר,false,,17.90,17.9000,true,1,9673
7290013268242,false,*מבצע* ריצפז פרש הום,סנו,IL,ריצפז,ליטרים,2.00,ליטר,false,,19.90,9.9500,true,1,9678
7290013268440,false,צמד מברשות שיניים בו,קוסמופארם,CN,אורביטול,יח',2.00,יח',false,,16.90,8.4500,true,1,9680
7290013268563,false,דאו ספרי קרמה מן,"אמיליה קוסמטיקס בע""מ",IL,קרמה מן,מיליליטרים,200.00,"100 מ""ל",false,,12.90,0.0645,true,1,9682
7290013268839,false,פוליווקס פרקט 2 ליטר,סנו,IL,פוליויקס,ליטרים,2.00,ליטר,false,,19.90,9.9500,true,1,9692
7290013268884,false,*מבצע* ריצפז פרש 2 ל,סנו,IL,ריצפז,ליטרים,2.00,ליטר,false,,14.90,7.4500,true,1,9693
7290013268891,false,אוקסיג'ן ג'ל 3 ליטר,סנו,IL,אוקסיג'ן,ליטרים,3.00,ליטר,false,,28.90,9.6333,true,1,9694
7290013268907,false,מקסימה גל 3 ליטר,סנו,IL,מקסימה,ליטרים,3.00,ליטר,false,,28.90,9.6333,true,1,9695
7290013268983,false,מרכך מקסימה מרוכז בב,סנו,IL,מקסימה,ליטרים,1.00,ליטר,false,,17.90,17.9000,true,1,34208
7290013268990,false,מרכך מקסימה מרוכז 1,סנו,IL,מקסימה,ליטרים,1.00,ליטר,false,,17.90,17.9000,true,1,9697
7290013269003,false,מרכך מקסימה בייבי מר,סנו,IL,מקסימה,ליטרים,1.00,ליטר,false,,17.90,17.9000,true,1,9698
7290013269263,false,מקסימה גל 3 ליטר,סנו,IL,מקסימה,ליטרים,3.00,ליטר,false,,28.90,9.6333,true,1,9701
7290013269287,false,מקסימה גל 3 ליטר,סנו,IL,מקסימה,ליטרים,3.00,ליטר,false,,28.90,9.6333,true,1,9702
7290013269638,false,ספוג הפלא סנו סושי,U.F.O.,US,סנו סושי,יח',6.00,יח',false,,9.90,1.6500,true,1,9707
7290013269645,false,*מבצע* מטליות סנו רי,דגיל,IL,ריצפז,יח',10.00,יח',false,,9.90,0.9900,true,1,9708
7290013269652,false,*מבצע* פוליווקס 2 לי,סנו,IL,פוליויקס,ליטרים,2.00,ליטר,false,,14.90,7.4500,true,1,9709
7290013269669,false,ריצפז פנטזיה 3 ליטר,סנו,IL,ריצפז,ליטרים,3.00,ליטר,false,,12.90,4.3000,true,1,9710
7290013269751,false,*מבצע* מטליות סנו רי,דגיל,IL,ריצפז,יח',10.00,יח',false,,9.90,0.9900,true,1,9713
7290013269850,false,נייר אפיה אקולוגי 50,טופלסט,IL,סנו סושי,יח',50.00,יח',false,,14.90,0.2980,true,1,9716
7290013269867,false,זוג מפות סנו,ווינפאק,IL,סנו סושי,יח',2.00,יח',false,,9.90,4.9500,true,1,9717
7290013269911,false,K333,סנו,IL,סנו,מיליליטרים,750.00,"100 מ""ל",false,,29.90,0.0399,true,1,9718
7290013284310,false,רוטב פסטה 240 ג פרי,פריניר,IL,פריניר,גרמים,240.00,100 גרם,false,,4.90,0.0204,true,1,8091
7290013284662,false,רוטב פיצה 240 ג פרי,פריניר,IL,פריניר,גרמים,240.00,100 גרם,false,,4.90,0.0204,true,1,8092
7290013310118,false,ממחטות כיס שישיה תלת,F. Srl,IT,פנטזיה,יח',6.00,יח',false,,3.90,0.6500,true,1,5907
7290013310385,false,כפפות ניטריל 80 יח מ,G.G. Co Ltd,TH,איזי טאצ',יח',80.00,יח',false,,24.90,0.3112,true,1,5911
7290013310408,false,כפפות ניטריל 80 יח מ,G.G. Co Ltd,TH,איזי טאצ',יח',80.00,יח',false,,24.90,0.3112,true,1,37539
7290013358356,false,מאסטר שף פירורי לחם,EinatFood,IL,מנה,גרמים,320.00,100 גרם,false,,6.90,0.0216,true,1,23025
7290013358363,false,מאסטר שף  פירורי לחם,Mana,IL,מנה,גרמים,300.00,100 גרם,false,,9.90,0.0330,true,1,23026
7290013358486,false,מאסטר שף פירורים  מו,Mana,IL,מנה,גרמים,300.00,100 גרם,false,,4.90,0.0163,true,1,23035
7290013358578,false,מאסטר שף  אטריות אור,ליינג טונג רייס פלוו,TH,מנה מאסטר שף,גרמים,400.00,100 גרם,false,,7.90,0.0198,true,1,23042
7290013358806,false,*מבצע* מנה מאגדת פרי,Mana,IL,מנה,גרמים,264.00,100 גרם,false,,9.90,0.0375,true,1,23044
7290013361998,false,"סטייק ציפס 2 ק""ג","פרי הגליל בע""""מ",IL,פרי הגליל,קילוגרמים,2.00,"ק""ג",false,,22.90,11.4500,true,1,17155
7290013366085,false,תירס סופר סוויט ארוז,,,תירס סופר סוויט ארוז,יח',1.00,יח',false,,21.90,21.9000,true,1,31170
7290013366252,false,נבטוטים,שיפקה,IL,נבטי בזיל,יח',1.00,יח',false,,8.90,8.9000,true,1,31176
7290013366634,false,חסה סלנובה,שמיניית מעדן חלב שוק,IL,ראשי סלנובה,יח',1.00,יח',false,,11.90,11.9000,true,1,31182
7290013366641,false,עלי רוקולה,שמן שאן,IL,עלי רוקולה,יח',1.00,יח',false,,11.90,11.9000,true,1,31183
7290013366665,false,חסה גמביט קראנצ'ית ב,,,חסה גמביט קראנצ'ית ב,יח',1.00,יח',false,,13.90,13.9000,true,1,42843
7290013366719,false,באק צ'וי,,,באק צ'וי,יח',1.00,יח',false,,13.90,13.9000,true,1,31189
7290013389114,false,"ניוקי תפו""א",,,"ניוקי תפו""א",גרמים,500.00,100 גרם,false,,5.90,0.0118,true,1,22422
7290013389138,false,ניוקי שלושה צבעים,,,ניוקי שלושה צבעים,גרמים,500.00,100 גרם,false,,5.90,0.0118,true,1,22424
7290013389145,false,מיני ניוקי 500 גרם,,,מיני ניוקי 500 גרם,גרמים,500.00,100 גרם,false,,5.90,0.0118,true,1,22425
7290013389381,false,"קמח תירס פולנטה 1 ק""",מולינו פילה,IT,"קמח תירס פולנטה 1 ק""",קילוגרמים,1.00,"ק""ג",false,,9.90,9.9000,true,1,39113
7290013412409,false,טופ פד סופגנית מקסי,DPL,IL,די פי אל,יח,15.00,יח,false,,8.90,0.5933,true,1,19030
7290013440648,false,אבטיח 5 יח׳,גלידות נסטלה,IL,גלידות נסטלה,גרמים,540.00,100 גרם,false,,25.90,0.0480,true,1,15603
7290013442284,false,גבינת ברי 22% 140 גר,מוטק'ה החולב,IL,גבינת ברי 22% 140 גר,גרמים,140.00,100 גרם,false,,25.90,0.1850,true,1,42629
7290013442291,false,גבינת קממבר 22% 140,מוטק'ה החולב,IL,גבינת קממבר 22% 140,גרמים,140.00,100 גרם,false,,25.90,0.1850,true,1,42630
7290013442307,false,גבינת קממבר פקאן 23%,מוטק'ה החולב,IL,גבינת קממבר פקאן 23%,גרמים,140.00,100 גרם,false,,25.90,0.1850,true,1,42631
7290013442314,false,גבינת סנט מור 22% 15,מוטק'ה החולב,IL,גבינת סנט מור 22% 15,גרמים,150.00,100 גרם,false,,28.90,0.1927,true,1,42632
7290013442345,false,גבינת ארוטן כמהין 23,מוטק'ה החולב,IL,גבינת ארוטן כמהין 23,גרמים,150.00,100 גרם,false,,29.90,0.1993,true,1,42635
7290013472199,false,ערמונים קלופים וקלוי,הבי ליקואן,CN,וילי פוד,גרמים,100.00,100 גרם,false,,4.90,0.0490,true,1,11110
7290013472908,false,בולגריה קוביות 400ג,קוליוס,GR,וילי פוד,גרמים,400.00,100 גרם,false,,19.90,0.0497,true,1,11119
7290013504456,false,ספוג שומר טריות למקר,Ningbo cleaning indu,CN,נופר,יח',1.00,יח',false,,9.90,9.9000,true,1,10542
7290013520067,false,לחמניה עשיריה ארוז,,,לחמניה עשיריה ארוז,יח',10.00,יח',false,,13.90,1.3900,true,1,28503
7290013520111,false,לחמניית המבורגר 6 יח,,IL,אגמי,גרמים,600.00,100 גרם,false,,13.90,0.0232,true,1,28506
7290013520463,false,לחם כוסמין 600 גרם,מאפיית אגמי,,לחם כוסמין 600 גרם,גרמים,600.00,100 גרם,false,,15.90,0.0265,true,1,28510
7290013520500,false,לחמניות כוסמין 8 יח,מאפיית אגמי,IL,לחמניות כוסמין 8 יח,גרמים,400.00,100 גרם,false,,15.90,0.0398,true,1,28512
7290013525260,false,חציל במיונז,"סלטי שמיר 2006 בע""מ",IL,סלטי שמיר,גרמים,160.00,100 גרם,false,,5.90,0.0369,true,1,19656
7290013525710,false,חומוס עם טחינה,"סלטי שמיר 2006 בע""מ",IL,סלטי שמיר,גרמים,160.00,100 גרם,false,,5.90,0.0369,true,1,19657
7290013525789,false,עריסה 150 גרם,"סלטי שמיר 2006 בע""מ",IL,סלטי שמיר,גרמים,150.00,100 גרם,false,,9.90,0.0660,true,1,19658
7290013525796,false,סחוג תימני 150גרם,"סלטי שמיר 2006 בע""מ",IL,סלטי שמיר,גרמים,150.00,100 גרם,false,,9.90,0.0660,true,1,19659
7290013525802,false,סחוג אדום 150 גרם,"סלטי שמיר 2006 בע""מ",IL,סלטי שמיר,גרמים,150.00,100 גרם,false,,9.90,0.0660,true,1,19660
7290013525819,false,שום כתוש 150 גרם,"סלטי שמיר 2006 בע""מ",IL,סלטי שמיר,גרמים,150.00,100 גרם,false,,9.90,0.0660,true,1,19661
7290013531117,false,רוטב  פסטה לילדים יכ,זנלכל,IL,רוטב פסטה בולונז 260 גרם,גרמים,240.00,100 גרם,false,,5.50,0.0229,true,1,11671
7290013531490,false,פול מתובל יכין 550 ג,זנלכל,IL,פול מתובל יכין 550 ג,גרמים,550.00,100 גרם,false,,9.90,0.0180,true,1,11673
7290013531612,false,רוטב  נפוליטנה יכין,זנלכל,IL,רוטב פסטה 260 גרם,גרמים,240.00,100 גרם,false,,5.50,0.0229,true,1,11675
7290013531629,false,רוטב  פומודורו יכין,זנלכל,IL,רוטב פסטה 260 גרם,גרמים,240.00,100 גרם,false,,5.50,0.0229,true,1,11676
7290013531759,false,*מבצע* שעועית במים י,זנלכל,IL,שעועית אפויה יכין 580 גרם,גרמים,550.00,100 גרם,false,,8.90,0.0162,true,1,11682
7290013534057,false,צ'יפס בטטה 100 גרם,מיה,,צ'יפס בטטה 100 גרם,גרמים,100.00,100 גרם,false,,7.90,0.0790,true,1,14414
7290013540874,false,פילטונה בשמן קנולה 4,תעשיות פילטונה,IL,פילטונה בשמן 414 גרם,גרמים,414.00,100 גרם,false,,13.90,0.0336,true,1,28363
7290013558800,false,עלי תרד 250 גרם,ששון ציון,IL,עלי תרד 500 גרם,גרמים,250.00,100 גרם,false,,12.90,0.0516,true,1,26651
7290013558824,false,שורש בזיל\רוזמרין\רו,תאי,IL,בזיליקום,גרמים,100.00,100 גרם,false,,7.50,0.0750,true,1,26652
7290013558855,false,לבבות חסה,רימון,IL,עלי רומית,יח',1.00,יח',false,,10.90,10.9000,true,1,26653
7290013580009,false,המבורגר זהב 400 גרם,בלדי,IL,בלדי,גרמים,400.00,100 גרם,false,,15.90,0.0398,true,1,23940
7290013585387,false,קוקה קולה זירו 1 ליט,קוקה קולה ישראל,IL,קוקה קולה,ליטרים,1.00,ליטר,false,,6.50,6.5000,true,1,9128
7290013585394,false,קוקה קולה 1 ליטר,קוקה קולה ישראל,IL,קוקה קולה,ליטרים,1.00,ליטר,false,,6.90,6.9000,true,1,9129
7290013585967,false,פחיות ספרייט זירו שי,קוקה קולה ישראל,IL,קוקה קולה,ליטרים,1.98,ליטר,false,,22.00,11.1111,true,1,9144
7290013608260,false,מיץ רימונים 100%מיץ,"גניר (1992) בע""מ",IL,תוצרת מסחרית,ליטרים,1.00,ליטר,false,,22.90,22.9000,true,1,18174
7290013608482,false,נקטר מנגו ‏1‏ל,גניר,IL,פרימור,ליטרים,1.00,ליטר,false,,7.90,7.9000,true,1,31362
7290013608550,false,נקטר תפוזים ‏1‏ל,גניר,IL,פרימור,ליטרים,1.00,ליטר,false,,7.90,7.9000,true,1,31366
7290013608635,false,משקה לימונים עם נענע,גניר,IL,פרימור,ליטרים,1.00,ליטר,false,,7.90,7.9000,true,1,31370
7290013608673,false,נקטר תפוחי עץ ‏1‏ל,גניר,IL,פרימור,ליטרים,1.00,ליטר,false,,7.90,7.9000,true,1,31372
7290013645364,false,עוגיות מזרחיות,"מוצרי הכט בע""מ",IL,GFREE,גרמים,200.00,100 גרם,false,,16.90,0.0845,true,1,7230
7290013652157,false,שלישית מגבונים להסרת,"ד""ר פישר",IL,נטורל קר,יח',90.00,יח',false,,24.90,0.2767,true,1,14498
7290013652164,false,שלישית מגבונים להסרת,"ד""ר פישר",IL,נטורל קר,יח',90.00,יח',false,,24.90,0.2767,true,1,14499
7290013652171,false,שלישיית מגבונים להסר,"ד""ר פישר",IL,נטורל קר,יח',90.00,יח',false,,24.90,0.2767,true,1,14500
7290013675545,false,שניצל כלי תחבורה 700,תנובה גליל,IL,מאמא עוף,גרמים,700.00,100 גרם,false,,34.90,0.0499,true,1,27756
7290013677839,false,בורגול 1 ק''ג,"מיה תעשיות מזון בע""מ",IL,מיה,קילוגרמים,1.00,"ק""ג",false,,6.90,6.9000,true,1,14434
7290013677846,false,כוסמת 1 ק'ג,"מיה תעשיות מזון בע""מ",IL,מיה,קילוגרמים,1.00,"ק""ג",false,,11.90,11.9000,true,1,14435
7290013702036,false,שוופס Water אפרסק 0.,יפאורה תבורי,IL,שוופס,מיליליטרים,500.00,"100 מ""ל",false,,5.00,0.0100,true,1,13126
7290013787156,false,רוטב שמנת וגרנדה פדנ,תנובה,IL,פסטה ריקו,גרמים,200.00,100 גרם,false,,11.90,0.0595,true,1,21644
7290013787170,false,רוטב שמנת פטריות 200,תנובה,IL,פסטה ריקו,גרמים,200.00,100 גרם,false,,11.90,0.0595,true,1,21646
7290013787392,false,*מבצע* רביולי גבינות,תנובה,IL,פסטה ריקו,גרמים,330.00,100 גרם,false,,21.90,0.0664,true,1,21649
7290013847454,false,טונה סטארקיסט בשמן ק,"סטארקיסט פודור בע""מ",IL,סטארקיסט,גרמים,640.00,100 גרם,false,,24.90,0.0389,true,1,25691
7290013847553,false,ס.ק  דל נתרן במים 16,"סטארקיסט פודור בע""מ",IL,סטארקיסט,גרמים,640.00,100 גרם,false,,24.90,0.0389,true,1,25693
7290013848017,false,סנו נירוסטה מתז 500,סנו,IL,סנו נירוסטה מתז 500,מיליליטרים,500.00,"100 מ""ל",false,,19.90,0.0398,true,1,9719
7290013848345,false,*מבצע* מטליות לחות ל,סנו,IL,*מבצע* מטליות לחות ל,יח',150.00,יח',false,,17.90,0.1193,true,1,9721
7290013848727,false,סנו פרש מכשיר אוטומט,סנו,IL,סנו פרש מכשיר אוטומט,יח',1.00,יח',false,,44.90,44.9000,true,1,9727
7290013848758,false,ג'ל כביסה מקסימה ביי,סנו,IL,מקסימה,ליטרים,3.00,ליטר,false,,34.90,11.6333,true,1,9729
7290013883407,false,*מבצע* דזיטול מרסס ל,מרקה,ES,דזיטול,מיליליטרים,750.00,"100 מ""ל",false,,12.90,0.0172,true,1,13314
7290013906212,false,"נקניקיות וינר 1 ק""ג",טירת- צבי,IL,טירת- צבי,קילוגרמים,1.00,"ק""ג",false,,22.90,22.9000,true,1,27490
7290013906236,false,סלמי גלבוע 400 גרם,טירת- צבי,IL,טירת צבי,גרמים,400.00,100 גרם,false,,19.90,0.0497,true,1,27491
7290013906441,false,קבנוס טירת צבי 120 ג,טירת- צבי,IL,טירת- צבי,גרמים,120.00,100 גרם,false,,9.90,0.0825,true,1,27494
7290013906489,false,חטיפי קבנוס טירת צבי,טירת- צבי,IL,טירת- צבי,גרמים,120.00,100 גרם,false,,9.90,0.0825,true,1,38444
7290013906694,false,*מבצע* נקניקיות עוף,טירת צבי,IL,*מבצע* נקניקיות עוף,קילוגרמים,1.50,"ק""ג",false,,29.90,19.9333,true,1,36872
7290013927101,false,עוגת תפוחים ללא תוספ,"אחדות ביח""ר לטחינה ח",IL,עוגת תפוחים ללא סוכר,גרמים,450.00,100 גרם,false,,11.90,0.0264,true,1,4180
7290013927200,false,עוגת שוקולד ציפס עשי,"אחדות ביח""ר לטחינה ח",IL,אחוה,גרמים,400.00,100 גרם,false,,10.90,0.0273,true,1,4182
7290013927804,false,טחינה גולמית מלא אחו,"אחדות ביח""ר לטחינה ח",,טחינה גולמית מלא אחו,קילוגרמים,1.00,"ק""ג",false,,18.90,18.9000,true,1,41910
7290013927996,false,עוגת שמרים קרנץ בטעם,"אחדות ביח""ר לטחינה ח",IL,אחוה,גרמים,400.00,100 גרם,false,,9.90,0.0248,true,1,4189
7290014002197,false,*מבצע* חליטת קמומיל,ויסוצקי,IL,ויסוצקי,גרמים,50.00,100 גרם,false,,16.90,0.3380,true,1,19962
7290014002203,false,*מבצע* חליטת לימונית,ויסוצקי,IL,ויסוצקי,גרמים,50.00,100 גרם,false,,16.90,0.3380,true,1,19963
7290014002944,false,*מבצע* חמדת שקד,ויסוצקי,IL,ויסוצקי,גרמים,75.00,100 גרם,false,,16.90,0.2253,true,1,19973
7290014046474,false,*מבצע* נקניקיות עוף,מעדני יחיעם,IL,יחיעם,קילוגרמים,1.50,"ק""ג",false,,26.90,17.9333,true,1,3479
7290014059085,false,סנסודיין שיקום והגנה,"סמית קליין ביצ'ם בע""",GB,סנסודיין,מיליליטרים,75.00,"100 מ""ל",false,,25.90,0.3453,true,1,10640
7290014059436,false,סנסודיין לשיקום והגנ,"סמית קליין ביצ'ם בע""",GB,סנסודיין,מיליליטרים,75.00,"100 מ""ל",false,,25.90,0.3453,true,1,10641
7290014066359,false,לנדוור קפסולות אספרס,קפה לנדוור,IL,לנדוור,גרמים,50.00,100 גרם,false,,16.90,0.3380,true,1,23050
7290014066366,false,לנדוור קפסולות אספרס,קפה לנדוור,IL,לנדוור,גרמים,50.00,100 גרם,false,,16.90,0.3380,true,1,23051
7290014066373,false,לנדוור קפסולות אספרס,קפה לנדוור,IL,לנדוור,גרמים,50.00,100 גרם,false,,16.90,0.3380,true,1,23052
7290014066533,false,לנדוור קפסולות אספרס,קפה לנדוור,IL,לנדוור,גרמים,50.00,100 גרם,false,,16.90,0.3380,true,1,23056
7290014079014,false,לבבות קיסר,תאי גרנלוקס,IL,לבבות קיסר,יח',1.00,יח',false,,9.90,9.9000,true,1,32023
7290014079076,false,אלפלפא,תאי פרידה אינדסטרי ב,IL,אלפלפא,יח',1.00,יח',false,,5.90,5.9000,true,1,32024
7290014079144,false,קייל יח',תבור,IL,כרוב קייל,יח',1.00,יח',false,,10.90,10.9000,true,1,32026
7290014079328,false,פרסה יח',,,פרסה יח',יח,1.00,יח,false,,7.90,7.9000,true,1,32028
7290014079540,false,"שום מקולף ארוז 1 ק""ג",תבליני יוחאי ביטון,IL,שום מקולף ארוז,גרמים,1000.00,100 גרם,false,,29.90,0.0299,true,1,32031
7290014079847,false,צמד פטריות בייבי בלה,,,צמד פטריות בייבי בלה,יח',2.00,יח',false,,15.90,7.9500,true,1,32035
7290014079854,false,לבבות חסה ארוז,,,לבבות חסה ארוז,יח',1.00,יח',false,,10.90,10.9000,true,1,32036
7290014083813,false,שפרוטים מעושנים בשמן,Briavais Vilns,LV,וילי פוד,גרמים,190.00,100 גרם,false,,7.90,0.0416,true,1,11134
7290014092532,false,דלעת ארוזה,,,דלעת ארוזה,קילוגרמים,1.00,"ק""ג",true,,8.90,8.9000,true,1,32041
7290014094260,false,שום מקולף ארוז,תבליני יוחאי ביטון,IL,שום מקולף ארוז,גרמים,170.00,100 גרם,false,,9.90,0.0582,true,1,32042
7290014094529,false,"רוטב סויה 300 מ""ל אה",גוואנגזו,CN,אהרוני,מיליליטרים,300.00,"100 מ""ל",false,,9.90,0.0330,true,1,3590
7290014094536,false,"רוטב סויה 700 מ""ל אה",ליאן יו,TH,אהרוני,מיליליטרים,700.00,"100 מ""ל",false,,18.90,0.0270,true,1,3591
7290014126343,false,עוגיות בישקוטים וניל,Bonomi,IT,דנש,גרמים,200.00,100 גרם,false,,5.90,0.0295,true,1,8350
7290014126428,false,סטיביה 150 טבליות,Surel,CN,מרמולייט,יח',150.00,יח',false,,24.90,0.1660,true,1,8352
7290014204010,false,*מבצע* מרכך לשיער צב,א.ל ארמן,IL,פנינה רוזנבלום בע'מ,מיליליטרים,750.00,"100 מ""ל",false,,8.90,0.0119,true,1,17232
7290014204027,false,*מבצע* שמפו יומי 750,א.ל ארמן,IL,פנינה רוזנבלום בע'מ,מיליליטרים,750.00,"100 מ""ל",false,,8.90,0.0119,true,1,17233
7290014204034,false,*מבצע* מרכך יומי 750,א.ל ארמן,IL,פנינה רוזנבלום בע'מ,מיליליטרים,750.00,"100 מ""ל",false,,8.90,0.0119,true,1,17234
7290014204560,false,*מבצע* שלישיית סבון,יהודה אריאל,IL,פנינה רוזנבלום,מיליליטרים,1500.00,"100 מ""ל",false,,10.90,0.0073,true,1,17235
7290014204614,false,גרנולה בריא מהטבע שו,אפקט טבעי,IL,פנינה רוזנבלום בע'מ,גרמים,400.00,100 גרם,false,,24.90,0.0622,true,1,17236
7290014204683,false,*מבצע* סבון משאבה 1,יהודה אריאל,IL,פנינה רוזנבלום בע'מ,ליטרים,1.00,ליטר,false,,8.90,8.9000,true,1,17241
7290014204690,false,*מבצע* סבון משאבה 1,יהודה אריאל,IL,פנינה רוזנבלום בע'מ,ליטרים,1.00,ליטר,false,,8.90,8.9000,true,1,17242
7290014204706,false,*מבצע* סבון משאבה 1,יהודה אריאל,IL,פנינה רוזנבלום בע'מ,ליטרים,1.00,ליטר,false,,8.90,8.9000,true,1,17243
7290014204874,false,רוטב עוף 800 גרם,"פוליבה בע""מ",IL,פנינה רוזנבלום,גרמים,800.00,100 גרם,false,,16.90,0.0211,true,1,17245
7290014205000,false,צלחת גדולה לבן 50 יח,,,צלחת גדולה לבן 50 יח,יח',50.00,יח',false,,12.90,0.2580,true,1,28961
7290014205017,false,צלחת קטנה לבן 50 יח,,,צלחת קטנה לבן 50 יח,יח',50.00,יח',false,,8.90,0.1780,true,1,28962
7290014205024,false,קעריות אובליות לבן 2,,,קעריות אובליות לבן 2,יח',25.00,יח',false,,5.90,0.2360,true,1,28963
7290014205031,false,לפתניות לבן 25 יח,,,לפתניות לבן 25 יח,יח',25.00,יח',false,,3.90,0.1560,true,1,28964
7290014205062,false,כוסות שקוף 100 יח',,,כוסות שקוף 100 יח',יח',100.00,יח',false,,7.90,0.0790,true,1,28967
7290014205130,false,צלחת גדולה צבעוני 25,,,צלחת גדולה צבעוני 25,יח',25.00,יח',false,,9.90,0.3960,true,1,28971
7290014205147,false,צלחת קטנה צבעוני 25,,,צלחת קטנה צבעוני 25,יח',25.00,יח',false,,5.90,0.2360,true,1,28972
7290014205154,false,קעריות אובלי צבעוני,,,קעריות אובלי צבעוני,יח',25.00,יח',false,,5.90,0.2360,true,1,28973
7290014205161,false,ליפתניות צבעוני 25 י,,,ליפתניות צבעוני 25 י,יח',25.00,יח',false,,3.90,0.1560,true,1,28974
7290014205178,false,מרקיה צבעוני 25 יח,,,מרקיה צבעוני 25 יח,יח',25.00,יח',false,,6.90,0.2760,true,1,28975
7290014205185,false,צלחת ענק צבעוני 25 י,,,צלחת ענק צבעוני 25 י,יח',25.00,יח',false,,16.90,0.6760,true,1,28976
7290014205598,false,"פחם 2 ק""ג",,,"פחם 2 ק""ג",קילוגרמים,2.00,"ק""ג",false,,13.90,6.9500,true,1,28991
7290014205642,false,נפנף למנגל,,,נפנף למנגל,יח',1.00,יח',false,,3.90,3.9000,true,1,28992
7290014205659,false,לבבות דקל שלם 400 גר,,,לבבות דקל שלם 400 גר,גרמים,400.00,100 גרם,false,,9.90,0.0248,true,1,42128
7290014206281,false,מדליק פחם ראש גפרור,,,שווה,יח,1.00,יח,false,,4.90,4.9000,true,1,28995
7290014206496,false,מפה מוטבעת בגליל אל,,,מפה מוטבעת בגליל אל,מטרים,15.00,מטר,false,,34.90,2.3267,true,1,29003
7290014206519,false,שקיות הקפאה 200 יח,,,שקיות הקפאה 200 יח,יח',1.00,יח',false,,6.90,6.9000,true,1,29005
7290014217003,false,פפריקה בטעם מעושן 90,"תבליני טעם וריח בע""מ",IL,"תבליני טעם וריח בע""מ",גרמים,90.00,100 גרם,false,,9.90,0.1100,true,1,25110
7290014217010,false,T-BUL לדגים   90 גרם,"תבליני טעם וריח בע""מ",IL,"תבליני טעם וריח בע""מ",גרמים,90.00,100 גרם,false,,9.90,0.1100,true,1,25111
7290014217027,false,T-BUL לעוף   120 גרם,"תבליני טעם וריח בע""מ",IL,"תבליני טעם וריח בע""מ",גרמים,120.00,100 גרם,false,,9.90,0.0825,true,1,25112
7290014217065,false,אורגנו 40 גרם מיכל ג,"תבליני טעם וריח בע""מ",IL,"תבליני טעם וריח בע""מ",גרמים,30.00,100 גרם,false,,9.90,0.3300,true,1,25113
7290014217119,false,תערובת תיבול לצ'יפס,"תבליני טעם וריח בע""מ",IL,"תבליני טעם וריח בע""מ",גרמים,100.00,100 גרם,false,,9.90,0.0990,true,1,25114
7290014217140,false,ראס אל חנות 100גרם מ,"תבליני טעם וריח בע""מ",IL,"תבליני טעם וריח בע""מ",גרמים,100.00,100 גרם,false,,9.90,0.0990,true,1,25115
7290014217157,false,תערובת תיבול טוסקנה,"תבליני טעם וריח בע""מ",IL,"תבליני טעם וריח בע""מ",גרמים,120.00,100 גרם,false,,9.90,0.0825,true,1,25116
7290014217164,false,פטרוזיליה 20 גרם מיכ,"תבליני טעם וריח בע""מ",IL,"תבליני טעם וריח בע""מ",גרמים,20.00,100 גרם,false,,9.90,0.4950,true,1,25117
7290014217201,false,סומק 45  גרם מיכל קט,"תבליני טעם וריח בע""מ",IL,"תבליני טעם וריח בע""מ",גרמים,45.00,100 גרם,false,,6.90,0.1533,true,1,25119
7290014217225,false,גריל עוף 120 גרם מיכ,"תבליני טעם וריח בע""מ",IL,"תבליני טעם וריח בע""מ",גרמים,120.00,100 גרם,false,,9.90,0.0825,true,1,25120
7290014217263,false,פרגית תיבול 100גרם מ,"תבליני טעם וריח בע""מ",IL,"תבליני טעם וריח בע""מ",גרמים,100.00,100 גרם,false,,9.90,0.0990,true,1,25121
7290014217355,false,קרי אבקה 100 גרם מיכ,"תבליני טעם וריח בע""מ",IL,"תבליני טעם וריח בע""מ",גרמים,100.00,100 גרם,false,,9.90,0.0990,true,1,25123
7290014217362,false,קציצות תערובת תיבול,"תבליני טעם וריח בע""מ",IL,"תבליני טעם וריח בע""מ",גרמים,100.00,100 גרם,false,,9.90,0.0990,true,1,25124
7290014217485,false,קייג'ון תערובת 100גר,"תבליני טעם וריח בע""מ",IL,"תבליני טעם וריח בע""מ",גרמים,100.00,100 גרם,false,,9.90,0.0990,true,1,25126
7290014217492,false,פילדלפיה תערובת 100ג,"תבליני טעם וריח בע""מ",IL,"תבליני טעם וריח בע""מ",גרמים,100.00,100 גרם,false,,9.90,0.0990,true,1,25127
7290014218321,false,בורקס יפו גבינה 600ג,מעדנות,IL,מעדנות,גרמים,600.00,100 גרם,false,,17.90,0.0298,true,1,27554
7290014218338,false,בורקס יפו תפוא 600ג,מעדנות,IL,מעדנות,גרמים,600.00,100 גרם,false,,15.90,0.0265,true,1,27555
7290014218536,false,בצק עלים מופחת שומן,מעדנות,IL,מעדנות,קילוגרמים,1.00,"ק""ג",false,,21.90,21.9000,true,1,27562
7290014218932,false,*מבצע* חטיפי פיצה בת,מעדנות,IL,מעדנות,גרמים,650.00,100 גרם,false,,27.90,0.0429,true,1,27587
7290014256637,false,*מבצע* מוסקטו באזז י,יקבי כרמל,IL,סלקטד,מיליליטרים,750.00,"100 מ""ל",false,,23.90,0.0319,true,1,6035
7290014258716,false,מטרנה צמחי 700 גרם,מטרנה,IL,מטרנה,גרמים,700.00,100 גרם,false,,49.90,0.0713,true,1,4657
7290014258723,false,מטרנה צמחי 700 גרם ש,מטרנה,IL,מטרנה,גרמים,700.00,100 גרם,false,,66.90,0.0956,true,1,4658
7290014258730,false,מטרנה צמחי שלב 3 700,מטרנה,IL,מטרנה,גרמים,700.00,100 גרם,false,,66.90,0.0956,true,1,4659
7290014288294,false,מפה בגליל אל בד עם ר,,,מפה בגליל אל בד עם ר,מטרים,20.00,מטר,false,,34.90,1.7450,true,1,29013
7290014288584,false,נייר אפיה 50 יח 37*4,,,נייר אפיה 50 יח 37*4,יח',50.00,יח',false,,7.90,0.1580,true,1,29018
7290014288614,false,רדיד אלומיניום 30 מט,,,רדיד אלומיניום 30 מט,מטרים,30.00,מטר,false,,15.90,0.5300,true,1,29019
7290014288676,false,מגש אובלי בינוני צבע,,,מגש אובלי בינוני צבע,יח',20.00,יח',false,,12.90,0.6450,true,1,29020
7290014288706,false,קערה לסלט ענקית 10 י,,,קערה לסלט ענקית 10 י,יח',10.00,יח',false,,7.90,0.7900,true,1,29022
7290014288720,false,"כוסות 330 מ""ל 40 יח",,,"כוסות 330 מ""ל 40 יח",יח',40.00,יח',false,,7.90,0.1975,true,1,29023
7290014288737,false,כוסות מעוטרות 40 יח',,,כוסות מעוטרות 40 יח',יח',40.00,יח',false,,11.90,0.2975,true,1,29024
7290014288980,false,נייר טישו חמישייה 10,,,נייר טישו חמישייה 10,יח',5.00,יח',false,,9.90,1.9800,true,1,29034
7290014325043,false,"פודינג וניל 1 ק""ג",מיה,IL,"פודינג וניל 1 ק""ג",קילוגרמים,1.00,"ק""ג",false,,13.90,13.9000,true,1,34727
7290014325050,false,קורנפלור 500 גרם,"מיה תעשיות מזון בע""מ",IL,מיה,גרמים,500.00,100 גרם,false,,3.90,0.0078,true,1,34696
7290014338593,false,שמן קנולה 1 ליטר יוח,ברוקלמן,DE,יוחננוף,ליטרים,1.00,ליטר,false,,8.90,8.9000,true,1,29648
7290014397163,false,סנו פרש מילוי,סנו,IL,סנו פרש מילוי,יח',1.00,יח',false,,12.90,12.9000,true,1,9743
7290014397170,false,סנו פרש מילוי סופט ב,סנו,IL,סנו פרש מילוי סופט ב,יח',1.00,יח',false,,12.90,12.9000,true,1,9744
7290014397279,false,שקיות מזון XL 300 יח,"אשפלסט תעשיות בע""מ",IL,סנו סושי,יח',300.00,יח',false,,11.90,0.0397,true,1,9747
7290014397286,false,מרכך מקסימה מרוכז 1,סנו,IL,מקסימה,ליטרים,1.00,ליטר,false,,17.90,17.9000,true,1,9748
7290014397453,false,אוקסיגין לבן גל 3 לי,סנו,IL,אוקסיג'ן,ליטרים,3.00,ליטר,false,,28.90,9.6333,true,1,9749
7290014397514,false,סנופרש הום תרסיס,סנו,IL,סנופרש,מיליליטרים,350.00,"100 מ""ל",false,,10.90,0.0311,true,1,9752
7290014397538,false,סנופרש הום תרסיס,סנו,IL,סנופרש,מיליליטרים,350.00,"100 מ""ל",false,,10.90,0.0311,true,1,9754
7290014397767,false,*מבצע* ריצפז פרש הום,סנו,IL,ריצפז,ליטרים,2.00,ליטר,false,,19.90,9.9500,true,1,9764
7290014397842,false,מכשיר סנומט דוחה יתו,סנו,IL,מכשיר סנומט דוחה יתושים 9,יח',2.00,יח',false,,37.90,18.9500,true,1,9768
7290014397873,false,מרכך מקסימה 4 ליטר,סנו,IL,מקסימה,ליטרים,4.00,ליטר,false,,21.90,5.4750,true,1,9770
7290014426061,false,משחה הלו קיטי,כצט,IL,כצט,גרמים,50.00,100 גרם,false,,10.90,0.2180,true,1,10644
7290014435360,false,חומוס עם רוטב חריף,"סלטי שמיר 2006 בע""מ",IL,סלטי שמיר,גרמים,400.00,100 גרם,false,,10.90,0.0273,true,1,19662
7290014435704,false,סלמון מעושן 100 גרם,שמיר פל דגים,IL,שמיר,גרמים,100.00,100 גרם,false,,19.90,0.1990,true,1,19666
7290014435803,false,מטיאס הולנדי (פרובנצ,"סלטי שמיר 2006 בע""מ",IL,שמיר,גרמים,180.00,100 גרם,false,,18.90,0.1050,true,1,19668
7290014435810,false,הרינג כבוש במרינת חמ,שמיר פל דגים,IL,שמיר,גרמים,180.00,100 גרם,false,,18.90,0.1050,true,1,19669
7290014435827,false,פילה מקרל מעושן בשמן,שמיר פל דגים,IL,שמיר,גרמים,180.00,100 גרם,false,,24.90,0.1383,true,1,19670
7290014435841,false,פילה מטיאס  הולנדי ב,שמיר פל דגים,IL,שמיר,גרמים,180.00,100 גרם,false,,18.90,0.1050,true,1,19672
7290014435872,false,סלט הרינג עם מיונז 1,שמיר פל דגים,IL,שמיר,גרמים,200.00,100 גרם,false,,18.90,0.0945,true,1,19673
7290014455245,false,גרנה פדנו משולש 200ג,מחלבות גד,IT,גד,גרמים,200.00,100 גרם,false,,23.90,0.1195,true,1,14823
7290014455252,false,גרנה פדנו מגורד 100ג,מחלבות גד,IT,גד,גרמים,100.00,100 גרם,false,,10.90,0.1090,true,1,14824
7290014455320,false,מוצרלה פרסקה 100גרם,,,מוצרלה פרסקה 100גרם,גרמים,100.00,100 גרם,false,,8.90,0.0890,true,1,14827
7290014455467,false,מעדן שיבולת שועל וחל,מחלבות גד,IL,מעדני גד,גרמים,150.00,100 גרם,false,,5.50,0.0367,true,1,14829
7290014455627,false,יוגורט עיזים דובדבן,מחלבות גד,IL,מחלבות גד,גרמים,125.00,100 גרם,false,,6.00,0.0480,true,1,14834
7290014471429,false,*מבצע* מיזלי פירות 1,"דין שיווק וקלייה בע""",IL,שקדיה,קילוגרמים,1.00,"ק""ג",false,,19.90,19.9000,true,1,3612
7290014471436,false,*מבצע* מיזלי צימוקים,"דין שיווק וקלייה בע""",IL,שקדיה,קילוגרמים,1.00,"ק""ג",false,,19.90,19.9000,true,1,3613
7290014471443,false,*מבצע* גרנולה צימוקי,"דין שיווק וקלייה בע""",IL,שקדיה,קילוגרמים,1.00,"ק""ג",false,,19.90,19.9000,true,1,3614
7290014472990,false,ממרח 100% שקדים 300,שקרצי,IL,שקדיה,גרמים,300.00,100 גרם,false,,29.90,0.0997,true,1,3625
7290014480209,false,"תפ""ע זהוב ברשת",משתנה,IL,"תפו""ע סמיט",קילוגרמים,1.00,"ק""ג",true,,6.90,6.9000,true,1,26690
7290014480216,false,"תפ""ע סמיט ברשת",משתנה,IL,"תפו""ע סמיט",קילוגרמים,1.00,"ק""ג",true,,6.90,6.9000,true,1,26691
7290014480223,false,"תפ""ע חרמון ברשת",משתנה,IL,"תפו""ע סמיט",קילוגרמים,1.00,"ק""ג",true,,6.90,6.9000,true,1,26692
7290014480230,false,"תפ""ע גלה ברשת",משתנה,IL,"תפו""ע גאלה",קילוגרמים,1.00,"ק""ג",true,,6.90,6.9000,true,1,26693
7290014501942,false,"מרלו גליל 750 מ""ל",הרי גליל,IL,"מרלו גליל 750 מ""ל",מיליליטרים,750.00,"100 מ""ל",false,,64.90,0.0865,true,1,38133
7290014525290,false,מרבה סלים דליס קריספ,Biocentury,NL,מרבה,גרמים,125.00,100 גרם,false,,10.90,0.0872,true,1,23062
7290014525306,false,מרבה סלים דליס קריספ,Biocentury,NL,מרבה,גרמים,125.00,100 גרם,false,,10.90,0.0872,true,1,23063
7290014525665,false,מרבה על חלל עוגיות ק,"מרבה בע""מ",NL,מרבה על חלל עוגיות ק,גרמים,140.00,100 גרם,false,,9.90,0.0707,true,1,23080
7290014525672,false,מרבה על חלל עוגיות ע,"מרבה בע""מ",NL,מרבה על חלל עוגיות ע,גרמים,140.00,100 גרם,false,,9.90,0.0707,true,1,23081
7290014534650,false,לה פסטה צינור,מוטלו,TR,לה פסטה,גרמים,400.00,100 גרם,false,,3.50,0.0088,true,1,22440
7290014534674,false,לה פסטה פרפר,מוטלו,TR,לה פסטה,גרמים,400.00,100 גרם,false,,3.50,0.0088,true,1,22442
7290014534681,false,לה פסטה בורג,מוטלו,TR,לה פסטה,גרמים,400.00,100 גרם,false,,3.50,0.0088,true,1,22443
7290014534698,false,לה פסטה תלתל,מוטלו,TR,לה פסטה,גרמים,400.00,100 גרם,false,,3.50,0.0088,true,1,22444
7290014547322,false,זוג מברשות שיניים סנ,,,זוג מברשות שיניים סנ,יח',2.00,יח',false,,29.90,14.9500,true,1,10647
7290014547353,false,זוג מברשות שיניים סנ,,,זוג מברשות שיניים סנ,יח',2.00,יח',false,,19.90,9.9500,true,1,10649
7290014634060,false,ריבה לייט פירות יער,הדרום תעשיות מזון בע,IL,ריבה לייט פירות יער,גרמים,500.00,100 גרם,false,,21.90,0.0438,true,1,12805
7290014634077,false,ריבה לייט תות 500 גר,הדרום תעשיות מזון בע,IL,ריבה לייט תות 500 גר,גרמים,500.00,100 גרם,false,,21.90,0.0438,true,1,12806
7290014692299,false,*מבצע* גבינת ברי 125,ארלה,DK,וילי פוד,גרמים,125.00,100 גרם,false,,14.90,0.1192,true,1,11136
7290014692305,false,*מבצע* גבינת קממבר 1,ארלה,DK,CASTELLO,גרמים,125.00,100 גרם,false,,14.90,0.1192,true,1,11137
7290014692541,false,צהובה מגורדת גולדן 5,מנטואה סורגלטי,IT,אודם מגורדת,גרמים,500.00,100 גרם,false,,19.50,0.0390,true,1,11140
7290014692565,false,גרעיני תירס מתוק 320,מגסטיק פוד,TH,וילי פוד,גרמים,320.00,100 גרם,false,,4.90,0.0153,true,1,11141
7290014692817,false,*מבצע* גבינת מוצרלה,,,גבינת מוצרלה מגורדת 200 ג,גרמים,200.00,100 גרם,false,,12.90,0.0645,true,1,11144
7290014704602,false,מארז קפה טורקי יוחננ,רג'ואן,IL,מארז קפה טורקי יוחננ,גרמים,255.00,100 גרם,false,,13.90,0.0545,true,1,42388
7290014749078,false,מקלוני קבנוס עוף טוב,עוף טוב,IL,עוף טוב,גרמים,200.00,100 גרם,false,,15.90,0.0795,true,1,4712
7290014749245,false,*מבצע* ע.ט צונגו רצו,עוף טוב,IL,*מבצע* ע.ט צונגו רצו,גרמים,600.00,100 גרם,false,,29.90,0.0498,true,1,4715
7290014749764,false,עוף טוב שניצל עוף בי,עוף טוב,IL,עוף טוב,גרמים,700.00,100 גרם,false,,34.90,0.0499,true,1,4721
7290014758100,false,מאגדת יוגורט ביו 3%,אוליביה,IL,תנובה,ליטרים,1.20,ליטר,false,,15.90,13.2500,true,1,21655
7290014758117,false,מאגדת יוגורט ביו  1.,תנובה,IL,תנובה,ליטרים,1.20,ליטר,false,,15.90,13.2500,true,1,21656
7290014759084,false,נפוליאון 16% גביע 22,תנובה,IL,נפוליאון,גרמים,225.00,100 גרם,false,,12.90,0.0573,true,1,21672
7290014759909,false,גבינת פטה 5% 250 גרם,תנובה,IL,פיראוס,גרמים,250.00,100 גרם,false,,26.90,0.1076,true,1,21680
7290014759978,false,קשקבל גלעד 27% פלח 2,תנובה,IL,קולאז,גרמים,200.00,100 גרם,false,,24.90,0.1245,true,1,21681
7290014759985,false,פלח פרמזן גבע 23% 20,תנובה,IL,קולאז,גרמים,200.00,100 גרם,false,,23.90,0.1195,true,1,21682
7290014760141,false,משקה שקדים טרי 1 ליט,תנובה,IL,משקה שקדים טרי 1 ליט,ליטרים,1.00,ליטר,false,,11.90,11.9000,true,1,21689
7290014760448,false,גלבוע 22%  400 גרם,תנובה,IL,תנובה,גרמים,400.00,100 גרם,false,,22.90,0.0572,true,1,21694
7290014760912,false,גוש חלב 28% 400 גרם,תנובה,IL,תנובה,גרמים,400.00,100 גרם,false,,24.90,0.0622,true,1,21708
7290014761018,false,גיל בטעם וניל 125 גר,תנובה,IL,תנובה,גרמים,125.00,100 גרם,false,,1.30,0.0104,true,1,21710
7290014761056,false,YOLO מעדן שוקולד חלב,תנובה,IL,YOLO,גרמים,123.00,100 גרם,false,,4.30,0.0350,true,1,21711
7290014761063,false,YOLO מעדן שוקולד מרי,תנובה,IL,YOLO,גרמים,123.00,100 גרם,false,,4.30,0.0350,true,1,21712
7290014761070,false,YOLO מעדן שוקולד לבן,תנובה,IL,YOLO,גרמים,123.00,100 גרם,false,,4.30,0.0350,true,1,21713
7290014761193,false,פרילי פירות יער 1.5%,תנובה,IL,פרילי,גרמים,125.00,100 גרם,false,,3.30,0.0264,true,1,21714
7290014761414,false,YOLO מעדן שכבות שוקו,תנובה,IL,יולו,גרמים,122.00,100 גרם,false,,4.30,0.0352,true,1,21722
7290014761438,false,בולגרית 24% סמי מעדנ,תנובה,IL,פיראוס,גרמים,400.00,100 גרם,false,,25.90,0.0647,true,1,21723
7290014761612,false,YOLO מעדן שכבות שוקו,תנובה,IL,יולו,גרמים,122.00,100 גרם,false,,4.30,0.0352,true,1,21726
7290014762756,false,נפוליאון 16% עם בצל,תנובה,IL,נפוליאון,גרמים,225.00,100 גרם,false,,12.90,0.0573,true,1,21748
7290014762800,false,מעדן סויה שוקולד גבי,תנובה,IL,תנובה,מיליליטרים,125.00,"100 מ""ל",false,,3.70,0.0296,true,1,21753
7290014762831,false,נפוליאון זיתים עם חל,תנובה,IL,נפוליאון,גרמים,225.00,100 גרם,false,,12.90,0.0573,true,1,21754
7290014762909,false,מוצרלה פתיתים 20% שו,תנובה,IL,תנובה,גרמים,200.00,100 גרם,false,,15.90,0.0795,true,1,21758
7290014763272,false,יוגורט סויה לשתיה תו,תנובה,IL,משקה סויה,מיליליטרים,236.00,"100 מ""ל",false,,4.90,0.0208,true,1,21764
7290014763395,false,עמק סמי מעדניה  600,תנובה,IL,עמק,גרמים,600.00,100 גרם,false,,29.90,0.0498,true,1,21769
7290014821064,false,כבל 2 מטר מיקרו USB,,,כבל 2 מטר מיקרו USB,יח',1.00,יח',false,,29.90,29.9000,true,1,35128
7290014821569,false,כבל 2 מטר לאייפון,,,כבל 2 מטר לאייפון,יח',1.00,יח',false,,29.90,29.9000,true,1,35129
7290014855434,false,מגבוני בייביסיטר פרפ,DPL,IL,בייביסיטר פרופורמנס,יח',288.00,יח',false,,14.90,0.0517,true,1,19046
7290014855458,false,מגבוני בייביסיטר פרפ,DPL,IL,בייביסיטר פרופורמנס,יח',288.00,יח',false,,14.90,0.0517,true,1,19047
7290014860063,false,מקלוני אורז ללא גלוט,oriental food co.ltd,TH,oriental,גרמים,454.00,100 גרם,false,,10.90,0.0240,true,1,29451
7290014860070,false,מקלוני אורז ללא גלוט,oriental food co.ltd,TH,oriental,גרמים,454.00,100 גרם,false,,10.90,0.0240,true,1,29452
7290014860094,false,מקלוני אורז ללא גלוט,oriental food co.ltd,TH,oriental,גרמים,454.00,100 גרם,false,,10.90,0.0240,true,1,29454
7290014860155,false,מחצלת במבו שטוחה 24*,GOILIN FENGZHU TRADI,CN,מזרח ומערב,יח',1.00,יח',false,,7.90,7.9000,true,1,29456
7290014860247,false,שבבי אורז 227 ג,oriental food co.ltd,TH,מזרח ומערב,גרמים,227.00,100 גרם,false,,9.90,0.0436,true,1,29457
7290014890145,false,גבינת שמנת טבעי 25%,גבינות יעקבס,IL,משק יעקבס,גרמים,225.00,100 גרם,false,,9.90,0.0440,true,1,17041
7290014890152,false,גבינת שמנת זיתים 25%,גבינות יעקבס,IL,משק יעקבס,גרמים,225.00,100 גרם,false,,9.90,0.0440,true,1,17042
7290014890169,false,גבינת שמנת שום שמיר,גבינות יעקבס,IL,משק יעקבס,גרמים,225.00,100 גרם,false,,9.90,0.0440,true,1,17043
7290014890176,false,*מבצע* ריקוטה 5% 250,גבינות יעקבס,IL,משק יעקבס,גרמים,250.00,100 גרם,false,,9.90,0.0396,true,1,17044
7290014890206,false,קרם פרש 40% 250 גרם,גבינות יעקבס,IL,קרם פרש 40% 250 גרם,גרמים,250.00,100 גרם,false,,14.90,0.0596,true,1,17046
7290014890572,false,יוגורט עיזים,גבינות יעקבס,IL,יוגורט עיזים,מיליליטרים,850.00,"100 מ""ל",false,,20.90,0.0246,true,1,37405
7290014901247,false,שמפו קרטין לאחר החלק,ארמן,IL,סטייל,מיליליטרים,750.00,"100 מ""ל",false,,24.90,0.0332,true,1,10653
7290014901254,false,מרכך קרטין לאחר החלק,ארמן,IL,סטייל,מיליליטרים,750.00,"100 מ""ל",false,,24.90,0.0332,true,1,10654
7290014901261,false,מסכת קרטין לאחר החלק,ארמן,IL,סטייל,מיליליטרים,500.00,"100 מ""ל",false,,36.90,0.0738,true,1,10655
7290014901315,false,סנסודיין סדרת פרימיו,"סמית קליין ביצ'ם בע""",GB,סנסודיין,מיליליטרים,75.00,"100 מ""ל",false,,25.90,0.3453,true,1,10657
7290014901896,false,מי פה סנסודיין 500 מ,גלקסוסמיתקליין,GB,סנסודיין,מיליליטרים,500.00,"100 מ""ל",false,,25.90,0.0518,true,1,10662
7290014905160,false,מטהר אוויר פניני ריח,רלווי,IT,הפי,גרמים,130.00,100 גרם,false,,10.90,0.0838,true,1,13315
7290014931008,false,פטרוזיליה עם שורש,תחנת קמח המפרץ,IL,פטרוזיליה,יח',1.00,יח',false,,6.90,6.9000,true,1,26657
7290014931015,false,כוסברה עם שורש,תיבולים,IL,כוסברה,יח',1.00,יח',false,,7.50,7.5000,true,1,26658
7290014931053,false,בזיליקום עם שורש,"תירפז בע""מ",IL,בזיליקום,יח',1.00,יח',false,,7.50,7.5000,true,1,26661
7290014931077,false,עירית עם שורש,תעשיות תמרוקים שיק 1,IL,עירית,יח',1.00,יח',false,,7.50,7.5000,true,1,26663
7290014931084,false,אורגנו עם שורש,תפוגן,IL,אורגנו,יח',1.00,יח',false,,7.50,7.5000,true,1,26664
7290014931107,false,נענע עם שורש,קלסיקלטת,IL,נענע,יח',1.00,יח',false,,7.50,7.5000,true,1,26666
7290014931206,false,שורש גרגיר נחלים,"הקסטר בע""מ",IL,גרגיר נחלים,יח',1.00,יח',false,,8.90,8.9000,true,1,26669
7290014940901,false,לחם פשוט מלא 750 גרם,אנג'ל,IL,לחם פשוט מלא 750 גרם,גרמים,750.00,100 גרם,false,,13.90,0.0185,true,1,6119
7290014962521,false,משחת שיניים טפטפים ג,כצט,IL,כצט,מיליליטרים,50.00,"100 מ""ל",false,,10.90,0.2180,true,1,10665
7290014974562,false,גביעי גלידה 24 יח,"גילרו בע""מ",IL,גילרו,גרמים,120.00,100 גרם,false,,5.90,0.0492,true,1,8100
7290015025478,false,קרם פנים לעור יבש 13,אינטרקוסמא,IL,פנג'ל,מיליליטרים,130.00,"100 מ""ל",false,,29.90,0.2300,true,1,8359
7290015025959,false,*מבצע* מארז מגבונים,על בד,IL,פרשוואנס,יח',4.00,יח',false,,14.90,3.7250,true,1,8361
7290015037204,false,כרוב לבן חסלט 400 גר,,,כרוב לבן חסלט 400 גרם,גרמים,400.00,100 גרם,false,,11.90,0.0298,true,1,32308
7290015037211,false,כרוב אדום חסלט 400 ג,,,כרוב אדום חסלט 400 גרם,גרמים,400.00,100 גרם,false,,11.90,0.0298,true,1,32309
7290015037228,false,סלט קולסלאו חסלט 400,,,סלט קולסלאו חסלט 400 גרם,גרמים,400.00,100 גרם,false,,11.90,0.0298,true,1,32310
7290015037235,false,חסה אייסברג,,,חסה אייסברג,גרמים,280.00,100 גרם,false,,12.90,0.0461,true,1,32311
7290015037242,false,לקט ים תיכוני,,,לקט ים תיכוני,גרמים,350.00,100 גרם,false,,12.90,0.0369,true,1,32312
7290015037273,false,פטרוזיליה חסלט,נסטלה שוויץ - רורשאך,IL,פטרוזיליה חסלט,יח',1.00,יח',false,,6.40,6.4000,true,1,32314
7290015037280,false,כוסברה חסלט,ס.ר.ל פוסטל,IL,כוסברה חסלט,יח',1.00,יח',false,,6.40,6.4000,true,1,32315
7290015037396,false,נענע חסלט,סאלט,IL,נענע חסלט,יח',1.00,יח',false,,6.40,6.4000,true,1,32318
7290015037402,false,בצל ירוק חסלט,סאמיט,IL,בצל ירוק חסלט,יח',1.00,יח',false,,7.40,7.4000,true,1,32319
7290015037419,false,סלרי חסלט,עבאדי,IL,סלרי חסלט,יח',1.00,יח',false,,7.40,7.4000,true,1,32320
7290015037426,false,עלי סלק חסלט,סאן רייז,IL,עלי סלק חסלט,יח',1.00,יח',false,,7.40,7.4000,true,1,32321
7290015037433,false,חסה ערבית חסלט,נסטלה קוריאה - קפה,IL,חסה ערבית חסלט,יח',1.00,יח',false,,7.40,7.4000,true,1,32322
7290015037440,false,כרוב לבן שלם חסלט,סאסאטק,IL,כרוב לבן שלם חסלט,קילוגרמים,1.00,"ק""ג",true,,14.90,14.9000,true,1,32323
7290015037655,false,כרובית קפוא 600 גרם,י.ש. ירקות עליים,IL,כרובית קפוא 600 גרם,גרמים,600.00,100 גרם,false,,29.90,0.0498,true,1,37220
7290015037662,false,ברוקולי קפוא 600 גרם,י.ש. ירקות עליים,IL,ברוקולי קפוא 600 גרם,גרמים,600.00,100 גרם,false,,29.90,0.0498,true,1,37221
7290015037693,false,לבבות חסה - מגשית,נסטלה שוויץ - רורשאך,IL,פטרוזיליה חסלט,יח',1.00,יח',false,,12.90,12.9000,true,1,35472
7290015039246,false,טונה רביעייה בשמן,טרופיקל,TH,וילי פוד,גרמים,640.00,100 גרם,false,,19.90,0.0311,true,1,11149
7290015039253,false,עלי גפן בצנצנת 620 ג,קורהאן,TR,וילי פוד,גרמים,620.00,100 גרם,false,,8.90,0.0144,true,1,11150
7290015039338,false,טונה במים רביעיה 160,,,טונה במים רביעיה 160*4 גר,גרמים,640.00,100 גרם,false,,19.90,0.0311,true,1,11151
7290015129121,false,סקיני פסטה נודלס.,הוויזאי וונגיה,CN,סקיני פסטה,גרמים,270.00,100 גרם,false,,10.90,0.0404,true,1,17324
7290015129145,false,סקיני פסטה ספגטי.,הוויזאי וונגיה,CN,סקיני פסטה,גרמים,270.00,100 גרם,false,,10.90,0.0404,true,1,17325
7290015129312,false,סקיני סופ - תבשיל מר,,,סקיני סופ - תבשיל מר,גרמים,234.00,100 גרם,false,,19.90,0.0850,true,1,39271
7290015129657,false,סקיני פסטה פנה,,,סקיני פסטה פנה,גרמים,270.00,100 גרם,false,,10.90,0.0404,true,1,39276
7290015139250,false,"שוקולד מריר לל""ס פצפ",כרמית,IL,כרמית,גרמים,85.00,100 גרם,false,,4.90,0.0576,true,1,12233
7290015139267,false,"שוקולד מריר לל""ס שקד",כרמית,,כרמית,גרמים,85.00,100 גרם,false,,4.90,0.0576,true,1,12234
7290015150088,false,*מבצע* מחית עגבניות,,,מחית עגבניות,גרמים,700.00,100 גרם,false,,9.90,0.0141,true,1,19986
7290015150118,false,עגבניות חתוכות דק 3*,ויסוצקי,IL,עגבניות חתוכות דק,קילוגרמים,1.20,"ק""ג",false,,16.90,14.0833,true,1,19989
7290015155410,false,פרמיו כריות דנטל 60,,,פרמיו כריות דנטל 60,יחידה,0.00,יחידה,false,,9.90,0.0000,true,1,33047
7290015155823,false,מחית פרינוק תפוח 120,פרוטה פודווין איי.אס,CZ,רנדי,גרמים,120.00,100 גרם,false,,5.90,0.0492,true,1,7235
7290015155830,false,מחית פרינוק תפוח בננ,פרוטה פודווין איי.אס,CZ,רנדי,גרמים,120.00,100 גרם,false,,5.90,0.0492,true,1,7236
7290015155847,false,מחית פרינוק סלט פירו,פרוטה פודווין איי.אס,CZ,רנדי,גרמים,120.00,100 גרם,false,,5.90,0.0492,true,1,7237
7290015156769,false,מחית פרינוק תפוח ואו,פרוטה פודווין איי.אס,CZ,רנדי,גרמים,120.00,100 גרם,false,,5.90,0.0492,true,1,7246
7290015156776,false,מחית פרינוק פירות טר,פרוטה פודווין איי.אס,CZ,רנדי,גרמים,120.00,100 גרם,false,,5.90,0.0492,true,1,7247
7290015156790,false,מחית פרינוק לפתן פיר,פרוטה פודווין איי.אס,CZ,רנדי,גרמים,120.00,100 גרם,false,,5.90,0.0492,true,1,7248
7290015156813,false,מחית פרינוק פירות מע,פרוטה פודווין איי.אס,CZ,רנדי,גרמים,120.00,100 גרם,false,,5.90,0.0492,true,1,7249
7290015164856,false,מחית קארי אדומה,theppadungporn cocon,TH,mae ploy,גרמים,400.00,100 גרם,false,,19.90,0.0497,true,1,29461
7290015178174,false,פסטו בטעם פרמז'ן אול,אוליביה,IL,אוליביה,גרמים,180.00,100 גרם,false,,11.90,0.0661,true,1,21798
7290015178228,false,מאזטים- ארטישוק בסלס,אוליביה,IL,אוליביה,גרמים,190.00,100 גרם,false,,11.90,0.0626,true,1,21801
7290015178266,false,רוטב פלפלת שחורה,אוליביה,IL,אוליביה,גרמים,480.00,100 גרם,false,,12.90,0.0269,true,1,40986
7290015193139,false,רוטב צ'ילי מתוק ללא,תאי פרידה אינדסטרי ב,TH,WOK,מיליליטרים,300.00,"100 מ""ל",false,,8.90,0.0297,true,1,8127
7290015193573,false,"מקלות אורז 2 מ""מ",אסיאן סופירה פודס חב,TH,WOK,גרמים,400.00,100 גרם,false,,8.90,0.0223,true,1,8146
7290015193665,false,קמח מצה 500 גרם חמץ,,,קמח מצה 500 גרם,גרמים,500.00,100 גרם,false,,5.90,0.0118,true,1,8152
7290015282000,false,איקרה אדומה 200 גרם,"סלטי שמיר 2006 בע""מ",IL,שמיר,גרמים,200.00,100 גרם,false,,12.90,0.0645,true,1,19676
7290015282390,false,סלט תורכי 200 גרם,"סלטי שמיר 2006 בע""מ",IL,סלטי שמיר,גרמים,200.00,100 גרם,false,,11.90,0.0595,true,1,19684
7290015282598,false,חומוס מסעדות 200 גרם,"סלטי שמיר 2006 בע""מ",IL,סלטי שמיר,גרמים,200.00,100 גרם,false,,9.90,0.0495,true,1,19686
7290015282604,false,טחינה מיוחדת 200 גרם,"סלטי שמיר 2006 בע""מ",IL,סלטי שמיר,גרמים,200.00,100 גרם,false,,9.90,0.0495,true,1,19687
7290015282628,false,חציל בטעם כבד 200 גר,"סלטי שמיר 2006 בע""מ",IL,סלטי שמיר,גרמים,200.00,100 גרם,false,,11.90,0.0595,true,1,19689
7290015282635,false,חומוס מסבחה 200 גרם,"סלטי שמיר 2006 בע""מ",IL,סלטי שמיר,גרמים,200.00,100 גרם,false,,9.90,0.0495,true,1,19690
7290015282642,false,חומוס אבו גוש 200 גר,"סלטי שמיר 2006 בע""מ",IL,סלטי שמיר,גרמים,200.00,100 גרם,false,,9.90,0.0495,true,1,19691
7290015282673,false,חציל במיונז ביתי 200,"סלטי שמיר 2006 בע""מ",IL,סלטי שמיר,גרמים,200.00,100 גרם,false,,9.90,0.0495,true,1,19693
7290015282680,false,קישוא בטעם כבד 200 ג,"סלטי שמיר 2006 בע""מ",IL,סלטי שמיר,גרמים,200.00,100 גרם,false,,11.90,0.0595,true,1,19694
7290015282697,false,כרוב אדום 200 גרם,"סלטי שמיר 2006 בע""מ",IL,סלטי שמיר,גרמים,200.00,100 גרם,false,,11.90,0.0595,true,1,19695
7290015282710,false,קוביות סלק 200 גרם,"סלטי שמיר 2006 בע""מ",IL,סלטי שמיר,גרמים,200.00,100 גרם,false,,9.90,0.0495,true,1,19696
7290015282727,false,גזר מרוקאי  פיקנטי 2,"סלטי שמיר 2006 בע""מ",IL,סלטי שמיר,גרמים,200.00,100 גרם,false,,11.90,0.0595,true,1,19697
7290015282734,false,מטבוחה ביתית 200 גרם,"סלטי שמיר 2006 בע""מ",IL,סלטי שמיר,גרמים,200.00,100 גרם,false,,11.90,0.0595,true,1,19698
7290015282741,false,חציל תאילנדי 200 גרם,"סלטי שמיר 2006 בע""מ",IL,סלטי שמיר,גרמים,200.00,100 גרם,false,,11.90,0.0595,true,1,19699
7290015282796,false,תפוחי אדמה 200 גרם,"סלטי שמיר 2006 בע""מ",IL,סלטי שמיר,גרמים,200.00,100 גרם,false,,11.90,0.0595,true,1,19703
7290015320481,false,שוקולד מריר 60% 100ג,,,שוקולד מריר 60% 100גר,גרמים,100.00,100 גרם,false,,3.90,0.0390,true,1,23773
7290015324007,false,פלפל שחור גרוס שקית,"תבליני טעם וריח בע""מ",IL,"תבליני טעם וריח בע""מ",גרמים,80.00,100 גרם,false,,9.90,0.1238,true,1,25136
7290015324014,false,פלפל שחור טחון שקית,"תבליני טעם וריח בע""מ",IL,"תבליני טעם וריח בע""מ",גרמים,80.00,100 גרם,false,,9.90,0.1238,true,1,25137
7290015324038,false,פפריקה בשמן שקית 80,"תבליני טעם וריח בע""מ",IL,"תבליני טעם וריח בע""מ",גרמים,80.00,100 גרם,false,,5.90,0.0738,true,1,25138
7290015324045,false,פפריקה חריפה שקית 80,"תבליני טעם וריח בע""מ",IL,"תבליני טעם וריח בע""מ",גרמים,80.00,100 גרם,false,,5.90,0.0738,true,1,25139
7290015324052,false,פפריקה מתוקה שקית 80,"תבליני טעם וריח בע""מ",IL,"תבליני טעם וריח בע""מ",גרמים,80.00,100 גרם,false,,5.90,0.0738,true,1,25140
7290015324069,false,גריל עוף שקית 80 גרם,"תבליני טעם וריח בע""מ",IL,"תבליני טעם וריח בע""מ",גרמים,80.00,100 גרם,false,,5.90,0.0738,true,1,25141
7290015324076,false,זעתר מעורב שקית 80 ג,"תבליני טעם וריח בע""מ",IL,"תבליני טעם וריח בע""מ",גרמים,80.00,100 גרם,false,,5.90,0.0738,true,1,25142
7290015324083,false,מלח לימון שקית 80 גר,"תבליני טעם וריח בע""מ",IL,"תבליני טעם וריח בע""מ",גרמים,80.00,100 גרם,false,,5.90,0.0738,true,1,25143
7290015324090,false,כמון טחון שקית 80 גר,"תבליני טעם וריח בע""מ",IL,"תבליני טעם וריח בע""מ",גרמים,80.00,100 גרם,false,,5.90,0.0738,true,1,25144
7290015324106,false,כורכום טחון שקית 80,"תבליני טעם וריח בע""מ",IL,"תבליני טעם וריח בע""מ",גרמים,80.00,100 גרם,false,,5.90,0.0738,true,1,25145
7290015324113,false,בהרט שקית 80 גרם,"תבליני טעם וריח בע""מ",IL,"תבליני טעם וריח בע""מ",גרמים,80.00,100 גרם,false,,5.90,0.0738,true,1,25146
7290015324120,false,שום גבישי שקית 80 גר,"תבליני טעם וריח בע""מ",IL,"תבליני טעם וריח בע""מ",גרמים,80.00,100 גרם,false,,7.90,0.0988,true,1,25147
7290015324151,false,חוואיג' למרק שקית 80,"תבליני טעם וריח בע""מ",IL,"תבליני טעם וריח בע""מ",גרמים,80.00,100 גרם,false,,5.90,0.0738,true,1,25148
7290015324168,false,על האש תיבול שקית 80,"תבליני טעם וריח בע""מ",IL,"תבליני טעם וריח בע""מ",גרמים,80.00,100 גרם,false,,5.90,0.0738,true,1,25149
7290015324175,false,שוארמה תיבול שקית 80,"תבליני טעם וריח בע""מ",IL,"תבליני טעם וריח בע""מ",גרמים,80.00,100 גרם,false,,5.90,0.0738,true,1,25150
7290015324519,false,פיצה שקית 80 גרם,"תבליני טעם וריח בע""מ",IL,טעם וריח,גרמים,80.00,100 גרם,false,,5.90,0.0738,true,1,25159
7290015324526,false,פרגיות שקית 80 גרם,"תבליני טעם וריח בע""מ",IL,טעם וריח,גרמים,80.00,100 גרם,false,,5.90,0.0738,true,1,25160
7290015324533,false,רוזמרין 55 גרם מיכל,"תבליני טעם וריח בע""מ",IL,טעם וריח,גרמים,55.00,100 גרם,false,,9.90,0.1800,true,1,25161
7290015324540,false,טימין 30 גרם מיכל גד,"תבליני טעם וריח בע""מ",IL,טעם וריח,גרמים,30.00,100 גרם,false,,9.90,0.3300,true,1,25162
7290015324557,false,בהרט לבישול 80 גרם מ,"תבליני טעם וריח בע""מ",IL,טעם וריח,גרמים,80.00,100 גרם,false,,9.90,0.1238,true,1,25163
7290015324564,false,כוזברה טחונה 70 גרם,"תבליני טעם וריח בע""מ",IL,טעם וריח,גרמים,70.00,100 גרם,false,,9.90,0.1414,true,1,25164
7290015324571,false,פפריקה מתוקה בשמן בס,"תבליני טעם וריח בע""מ",IL,טעם וריח,גרמים,400.00,100 גרם,false,,19.90,0.0497,true,1,25165
7290015324588,false,פלפל לבן טחון 100 גר,"תבליני טעם וריח בע""מ",IL,"תבליני טעם וריח בע""מ",גרמים,100.00,100 גרם,false,,12.90,0.1290,true,1,25166
7290015324663,false,צילי גרוס חריף אש 70,"תבליני טעם וריח בע""מ",IL,"תבליני טעם וריח בע""מ",גרמים,70.00,100 גרם,false,,9.90,0.1414,true,1,25170
7290015347273,false,נטיפי שוקולד אמיתי 2,מיה,IL,נטיפי שוקולד אמיתי 2,גרמים,250.00,100 גרם,false,,8.90,0.0356,true,1,34699
7290015347464,false,קינואה מעורבת 400 גר,"מיה תעשיות מזון בע""מ",IL,מיה,גרמים,400.00,100 גרם,false,,14.90,0.0373,true,1,14440
7290015347488,false,"סוכר דמררה שקית 1 ק""",מיה,IL,"סוכר דמררה שקית 1 ק""",קילוגרמים,1.00,"ק""ג",false,,8.90,8.9000,true,1,34704
7290015347525,false,צ'יפס בטטה עם שום ור,מיה,,צ'יפס בטטה עם שום ור,גרמים,80.00,100 גרם,false,,7.90,0.0988,true,1,14441
7290015347532,false,צ'יפס בטטה עם שמן זי,מיה,,צ'יפס בטטה עם שמן זי,גרמים,80.00,100 גרם,false,,7.90,0.0988,true,1,14442
7290015350150,false,*מבצע* יין אדום סגל,ברקן סגל,IL,סגל רגיל,מיליליטרים,750.00,"100 מ""ל",false,,19.90,0.0265,true,1,12614
7290015366663,false,"אקווה פרש 100 מ""ל",גלקסוסמיתקליין,SK,אקווה פרש,גרמים,100.00,100 גרם,false,,5.90,0.0590,true,1,10678
7290015366670,false,"אקווה פרש 100 מ""ל",גלקסוסמיתקליין,SK,אקווה פרש,גרמים,100.00,100 גרם,false,,5.90,0.0590,true,1,10679
7290015395045,false,קינואה 400 גרם,"שקדיה גבע תעשיות בע""",IL,שקדיה,גרמים,400.00,100 גרם,false,,9.90,0.0248,true,1,3628
7290015470094,false,שוקולד מריר תפוז,ALTINMARKA,TR,טוסו,גרמים,100.00,100 גרם,false,,8.90,0.0890,true,1,8362
7290015514866,false,שקית גופיה בודד.,,,שקית גופיה בודד.,יח',1.00,יח',false,,0.10,0.1000,true,1,3819
7290015596817,false,*מבצע* קרם גוף אפקטי,"ד""ר פישר",,"ד""ר פישר",מיליליטרים,450.00,"100 מ""ל",false,,21.90,0.0487,true,1,14513
7290015596831,false,*מבצע* קרם גוף אפקטי,"ד""ר פישר",,"ד""ר פישר",מיליליטרים,450.00,"100 מ""ל",false,,21.90,0.0487,true,1,14514
7290015603188,false,אטריות ביצים,xiamen zhongshi impo,CN,מזרח ומערב,גרמים,454.00,100 גרם,false,,10.90,0.0240,true,1,29462
7290015603195,false,אטריות עם תרד,xiamen zhongshi impo,CN,מזרח ומערב,גרמים,454.00,100 גרם,false,,10.90,0.0240,true,1,29463
7290015603201,false,אטריות מחיטה מלאה,xiamen zhongshi impo,CN,מזרח ומערב,גרמים,454.00,100 גרם,false,,10.90,0.0240,true,1,29464
7290015603225,false,אטריות עם גזר,xiamen zhongshi impo,CN,מזרח ומערב,גרמים,454.00,100 גרם,false,,10.90,0.0240,true,1,29466
7290015603522,false,נוזל אגוזי קוקוס 400,asiatic agro industr,TH,asiatic,מיליליטרים,400.00,"100 מ""ל",false,,6.90,0.0173,true,1,29468
7290015603546,false,"קרם קוקוס 400 מ""ל",theppadungporn cocon,TH,מזרח ומערב,מיליליטרים,400.00,"100 מ""ל",false,,8.90,0.0223,true,1,29469
7290015603560,false,שימורי קרם קוקוס,asiatic agro industr,TH,מזרח ומערב,מיליליטרים,400.00,"100 מ""ל",false,,9.90,0.0248,true,1,29470
7290015603584,false,ג'ינג'ר לבן כבוש ללא,Laiwu Taifeng,CN,ג'ינג'ר לבן כבוש ללא,גרמים,160.00,100 גרם,false,,7.90,0.0494,true,1,29471
7290015603591,false,ג'ינג'ר ורוד כבוש לל,,CN,ג'ינג'ר ורוד כבוש לל,גרמים,160.00,100 גרם,false,,7.90,0.0494,true,1,29472
7290015644433,false,לחם מחמצת 100% שיפון,אנג'ל,IL,אנגל,גרמים,650.00,100 גרם,false,,16.90,0.0260,true,1,2920
7290015695800,false,נבטי ברוקולי אורגני,,,נבטי ברוקולי אורגני,יח',1.00,יח',false,,10.90,10.9000,true,1,30236
7290015695817,false,נבטי קייל אורגני,,,נבטי קייל אורגני,יח',1.00,יח',false,,10.90,10.9000,true,1,30237
7290015695855,false,נבטי חמניה אורגני,,,נבטי חמניה אורגני,יח',1.00,יח',false,,10.90,10.9000,true,1,30241
7290015695886,false,מיקס נבטים אורגני,,,מיקס נבטים אורגני,יח',1.00,יח',false,,10.90,10.9000,true,1,30243
7290015695893,false,מיקס נבטוטים אורגני,,,מיקס נבטוטים אורגני,יח',1.00,יח',false,,10.90,10.9000,true,1,30244
7290015695916,false,מיקס נבטים ענק אורגנ,,,מיקס נבטים ענק אורגנ,יח',1.00,יח',false,,19.90,19.9000,true,1,30245
7290015695923,false,נבטים סיניים אורגני,,,נבטים סיניים אורגני,יח',1.00,יח',false,,9.90,9.9000,true,1,30246
7290015695947,false,נבטי אפונה אורגני,,,נבטי אפונה אורגני,יח',1.00,יח',false,,10.90,10.9000,true,1,30247
7290015695961,false,מיקס עלי בייבי אורגנ,,,מיקס עלי בייבי אורגנ,גרמים,140.00,100 גרם,false,,12.90,0.0921,true,1,30249
7290015699730,false,סבון דה מארסיי לרצפו,וונדהפוט,BE,הפי,ליטרים,1.50,ליטר,false,,11.90,7.9333,true,1,13320
7290015710084,false,ביצים 12 יח גדול,ביצי משק דוידי,IL,ביצי משק דוידי,יח',12.00,יח',false,,12.05,1.0042,true,1,42300
7290015710145,false,ביצים 30 יח' גדול,ביצי משק דוידי,IL,ביצי משק דוידי,יח',30.00,יח',false,,30.10,1.0033,true,1,42303
7290015710763,false,ביצי חופש 12 יח' גדו,ביצי משק דוידי,IL,ביצי חופש 12 יח' גדו,יח',12.00,יח',false,,19.90,1.6583,true,1,42310
7290015710770,false,ביצים 12 יח' גדול או,ביצי משק דוידי,IL,ביצים 12 יח' גדול או,יח',12.00,יח',false,,19.90,1.6583,true,1,42307
7290015733120,false,מטרנה גולד 700 גרם ש,מטרנה,IL,מטרנה גולד 700 גרם ש,גרמים,700.00,100 גרם,false,,74.90,0.1070,true,1,4743
7290015733144,false,מטרנה גולד 700 גרם ש,מטרנה,IL,מטרנה גולד 700 גרם ש,גרמים,700.00,100 גרם,false,,74.90,0.1070,true,1,4744
7290015733229,false,מטרנה אקסטרה קר מהדר,מטרנה,IL,מטרנה,גרמים,700.00,100 גרם,false,,58.90,0.0841,true,1,4747
7290015733243,false,מטרנה אקסטרה קר מהדר,מטרנה,IL,מטרנה,גרמים,700.00,100 גרם,false,,58.90,0.0841,true,1,4748
7290015733427,false,מטרנה דייסת וניל גם,מטרנה,IL,מטרנה,גרמים,300.00,100 גרם,false,,17.90,0.0597,true,1,4749
7290015733441,false,מטרנה דייסת דגנים גם,מטרנה,IL,מטרנה,גרמים,300.00,100 גרם,false,,17.90,0.0597,true,1,4750
7290015733977,false,מטרנה HMO קומפורט 70,מטרנה,IL,מטרנה,גרמים,700.00,100 גרם,false,,67.90,0.0970,true,1,4753
7290015745178,false,מנגל נירוסטה ארוך,,,מנגל נירוסטה ארוך,יח',1.00,יח',false,,79.90,79.9000,true,1,30757
7290015766005,false,שרי תמר וויטני,,,שרי תמר וויטני,יח',1.00,יח',false,,8.90,8.9000,true,1,1728
7290015766012,false,שרי ליקופן,,,שרי ליקופן,יח',1.00,יח',false,,8.90,8.9000,true,1,1729
7290015766029,false,שרי כתום,,,שרי כתום,יח',1.00,יח',false,,8.90,8.9000,true,1,1730
7290015766043,false,עגבניות שרי מיקס,,,עגבניות שרי מיקס,יח',1.00,יח',false,,8.90,8.9000,true,1,1732
7290015781008,false,"מרלו ויז'ן 750 מ""ל",יקב טפרברג,IL,טפרברג,מיליליטרים,750.00,"100 מ""ל",false,,39.90,0.0532,true,1,13411
7290015781015,false,יין מלבק ויז'ן 750 מ,יקב טפרברג,IL,טפרברג,מיליליטרים,750.00,"100 מ""ל",false,,39.90,0.0532,true,1,13412
7290015781046,false,יין לבן חצי יבש ויז',יקב טפרברג,IL,טפרברג,מיליליטרים,750.00,"100 מ""ל",false,,39.90,0.0532,true,1,13413
7290015781053,false,יין לבן יבש ויז'ן 75,יקב טפרברג,IL,טפרברג,מיליליטרים,750.00,"100 מ""ל",false,,39.90,0.0532,true,1,13414
7290015781091,false,קברנה סוביניון ויז'ן,יקב טפרברג,IL,טפרברג,מיליליטרים,750.00,"100 מ""ל",false,,39.90,0.0532,true,1,13417
7290015781114,false,"מרלו אימפרשן 750 מ""ל",יקב טפרברג,IL,טפרברג,מיליליטרים,750.00,"100 מ""ל",false,,49.90,0.0665,true,1,13419
7290015781121,false,קברנה סוביניון אימפר,יקב טפרברג,IL,טפרברג,מיליליטרים,750.00,"100 מ""ל",false,,49.90,0.0665,true,1,13420
7290015781138,false,שרדונה אימפרשן 750 מ,יקב טפרברג,IL,טפרברג,מיליליטרים,750.00,"100 מ""ל",false,,49.90,0.0665,true,1,13421
7290015781152,false,יין רוזה אימפרשן 750,יקב טפרברג,IL,טפרברג,מיליליטרים,750.00,"100 מ""ל",false,,49.90,0.0665,true,1,13423
7290015781169,false,יין אדום חצי יבש אימ,יקב טפרברג,IL,טפרברג,מיליליטרים,750.00,"100 מ""ל",false,,49.90,0.0665,true,1,13424
7290015781268,false,יין מוסקטו אדום 750,יקב טפרברג,IL,טפרברג,מיליליטרים,750.00,"100 מ""ל",false,,39.90,0.0532,true,1,13426
7290015781275,false,יין מוסקטו לבן 750 מ,יקב טפרברג,IL,טפרברג,מיליליטרים,750.00,"100 מ""ל",false,,39.90,0.0532,true,1,13427
7290015781282,false,יין גוורצטרמינר אימפ,יקב טפרברג,IL,טפרברג,מיליליטרים,750.00,"100 מ""ל",false,,49.90,0.0665,true,1,13428
7290015781299,false,"שיראז ויז'ן 750 מ""ל",יקב טפרברג,IL,טפרברג,מיליליטרים,750.00,"100 מ""ל",false,,39.90,0.0532,true,1,13429
7290015804400,false,עגבניות מרוסקות רגיל,טל וטרי,IL,טל וטרי,גרמים,250.00,100 גרם,false,,2.90,0.0116,true,1,17166
7290015814980,false,קבב מסעדות חלק.,,,קבב מסעדות חלק.,קילוגרמים,1.00,"ק""ג",true,,52.90,52.9000,true,1,13531
7290015858106,false,פסטו ביתי עללחם 180,מדשא תעשיות מזון,IL,עללחם,גרמים,180.00,100 גרם,false,,15.90,0.0883,true,1,18184
7290015858113,false,ממרח עגבניות מיובשות,מדשא תעשיות מזון,IL,עללחם,גרמים,180.00,100 גרם,false,,15.90,0.0883,true,1,18185
7290015858144,false,ממרח ארטישוק עללחם 1,מדשא תעשיות מזון,IL,עללחם,גרמים,180.00,100 גרם,false,,15.90,0.0883,true,1,18186
7290015858151,false,ממרח שום 180 גרם עלל,מדשא תעשיות מזון,IL,עללחם,גרמים,180.00,100 גרם,false,,15.90,0.0883,true,1,18187
7290015858175,false,ממרח פלפלים קלויים ע,מדשא תעשיות מזון,IL,עללחם,גרמים,180.00,100 גרם,false,,15.90,0.0883,true,1,18188
7290015858229,false,טפנד זיתי קלמטה עללח,מדשא תעשיות מזון,IL,עללחם,גרמים,180.00,100 גרם,false,,15.90,0.0883,true,1,18190
7290015858243,false,צימיצורי עללחם 180 ג,מדשא תעשיות מזון,IL,עללחם,גרמים,180.00,100 גרם,false,,15.90,0.0883,true,1,18191
7290015858328,false,איולי פסטו עללחם 295,מדשא תעשיות מזון,IL,איולי פסטו עללחם 295,גרמים,295.00,100 גרם,false,,14.90,0.0505,true,1,42985
7290015888196,false,שמן חמניות 1 ליטר,"אל אל סי ""בונגי סי א",RU,שמן חמניות 1 ליטר,ליטרים,1.00,ליטר,false,,12.70,12.7000,true,1,34538
7290015951227,false,יין גמלא סירה,יקב רמת הגולן,IL,יין גמלא סירה,מיליליטרים,750.00,"100 מ""ל",false,,59.90,0.0799,true,1,29386
7290015968102,false,*מבצע* קיסמי שיניים,W.H.J.C. Co,CN,הוסטס,יח',100.00,יח',false,,9.90,0.0990,true,1,5917
7290015968782,false,*מבצע* פדים להסרת אי,,CN,כוטון סופט,יח',3.00,יח',false,,12.90,4.3000,true,1,5928
7290016006292,false,ספרינג קרטוניות מנגו,יפאורה תבורי,IL,ספרינג,ליטרים,1.00,ליטר,false,,6.70,6.7000,true,1,13166
7290016006339,false,מים מינרליים מי עדן,,,מים מינרליים מי עדן,ליטרים,4.00,ליטר,false,,9.90,2.4750,true,1,13168
7290016006346,false,שוופס סודה 0.5 ל' שי,יפאורה תבורי,IL,שוופס,מיליליטרים,500.00,"100 מ""ל",false,,13.90,0.0278,true,1,13169
7290016077759,false,רוטב ברביקיו קלאסי 4,HEINZ,NL,רוטב ברביקיו קלאסי 4,גרמים,480.00,100 גרם,false,,16.90,0.0352,true,1,25713
7290016083323,false,מעמול תמרים 500 גרם,,,מעמול תמרים 500 גרם,גרמים,500.00,100 גרם,false,,11.90,0.0238,true,1,15484
7290016083347,false,רולדה תמרים 500 גרם,,,רולדה תמרים 500 גרם,גרמים,500.00,100 גרם,false,,11.90,0.0238,true,1,15486
7290016087123,false,רוטב פסטה 240 ג פרי,פריניר,IL,פריניר,גרמים,240.00,100 גרם,false,,4.90,0.0204,true,1,8162
7290016087147,false,רוטב פיצה מרגריטה 24,פריניר,IL,פריניר,גרמים,240.00,100 גרם,false,,4.90,0.0204,true,1,8163
7290016087222,false,רוטב עגבניות פרי ניר,פרי ניב,IL,פרי ניר,גרמים,230.00,100 גרם,false,,4.90,0.0213,true,1,8164
7290016096491,false,טונה בשמן צמחי שלישי,תעשיות פילטונה,IL,פילטונה,גרמים,240.00,100 גרם,false,,11.90,0.0496,true,1,36297
7290016096507,false,טונה בשמן קנולה שליש,תעשיות פילטונה,IL,פילטונה,גרמים,240.00,100 גרם,false,,11.90,0.0496,true,1,28367
7290016096811,false,רביעיית ממרח טונה 16,,,רביעיית ממרח טונה 16,גרמים,640.00,100 גרם,false,,19.90,0.0311,true,1,28372
7290016096934,false,סלט טונה זוג 2*160 ג,תעשיות פילטונה,IL,סלט טונה זוג 2*160 ג,גרמים,320.00,100 גרם,false,,11.90,0.0372,true,1,28373
7290016136722,false,פתיתים פנה ללא גלוטן,malino andriani,IT,GFREE,גרמים,340.00,100 גרם,false,,9.90,0.0291,true,1,7270
7290016136739,false,פתיתים פוזילי ללא גל,malino andriani,IT,GFREE,גרמים,340.00,100 גרם,false,,9.90,0.0291,true,1,7271
7290016144000,false,קמח חיטה 80% ללא צור,,,קמח חיטה 80% ללא צור,קילוגרמים,1.00,"ק""ג",false,,9.90,9.9000,true,1,33485
7290016144017,false,קמח חיטה מלא 100% לל,,,קמח חיטה מלא 100% לל,קילוגרמים,1.00,"ק""ג",false,,9.90,9.9000,true,1,33486
7290016144024,false,קמח כוסמין מלא 100%,,,קמח כוסמין מלא 100%,קילוגרמים,1.00,"ק""ג",false,,14.90,14.9000,true,1,33487
7290016144031,false,קמח חיטה לבן מנופה 1,,,קמח חיטה לבן מנופה 1,קילוגרמים,1.00,"ק""ג",false,,6.90,6.9000,true,1,33488
7290016144048,false,קמח כוסמין לבן ללא צ,,,קמח כוסמין לבן ללא צ,קילוגרמים,1.00,"ק""ג",false,,16.90,16.9000,true,1,33489
7290016144055,false,קמח כוסמין 80% ללא צ,,,קמח כוסמין 80% ללא צ,קילוגרמים,1.00,"ק""ג",false,,14.90,14.9000,true,1,33490
7290016150117,false,סלק וואקום 500 גרם,,,סלק וואקום 500 גרם,יח',1.00,יח',false,,5.90,5.9000,true,1,1737
7290016162264,false,עוגת גבינה רנססנס 45,קפולסקי שיווק וקמעונ,IL,קפולסקי,גרמים,450.00,100 גרם,false,,39.90,0.0887,true,1,29137
7290016197488,false,שלישיית מטליות קסם ל,UFO,US,ניקול,יח',1.00,יח',false,,9.90,9.9000,true,1,11949
7290016197495,false,זוג מטלית מיקרופייבר,UFO,CN,ניקול,יח',1.00,יח',false,,15.90,15.9000,true,1,11950
7290016197853,false,שקית אשפה לפחים קטני,"אשפלסט תעשיות בע""מ",IL,ניקול,יח',50.00,יח',false,,15.90,0.3180,true,1,11956
7290016197877,false,שקיות אשפה קטנות M 5,,,שקיות אשפה קטנות M 5,יח',50.00,יח',false,,19.90,0.3980,true,1,11957
7290016217735,false,חציל על האש 200 גרם,"סלטי שמיר 2006 בע""מ",IL,סלטי שמיר,גרמים,200.00,100 גרם,false,,9.90,0.0495,true,1,19706
7290016217759,false,חציל מרוקאי 200 גרם,"סלטי שמיר 2006 בע""מ",IL,סלטי שמיר,גרמים,200.00,100 גרם,false,,11.90,0.0595,true,1,19708
7290016217988,false,סלמון גרבדלקס 100 גר,שמיר פל דגים,IL,שמיר,גרמים,100.00,100 גרם,false,,19.90,0.1990,true,1,19711
7290016233384,false,גפילטע פיש 7 קציצות,דג טעים ירושלים,IL,תומר,גרמים,550.00,100 גרם,false,,14.90,0.0271,true,1,22462
7290016246018,false,חלבה מיקס פינוקיות ב,רושדי תעשיות מזון,IL,בארכה,גרמים,200.00,100 גרם,false,,11.90,0.0595,true,1,4755
7290016246308,false,מאגדת חטיף חלבה - ונ,בארכה,IL,מאגדת חטיף חלבה - פיסטוק,גרמים,126.00,100 גרם,false,,10.90,0.0865,true,1,4759
7290016246445,false,טחינה בארכה שומשום מ,רושדי תעשיות מזון,IL,בארכה,גרמים,310.00,100 גרם,false,,10.90,0.0352,true,1,4760
7290016276763,false,מעדן שזיף 284 גרם שק,לינוי סיטי,CN,שקדיה,גרמים,284.00,100 גרם,false,,7.90,0.0278,true,1,3660
7290016277470,false,שיבולת שועל דקה 350,"דין שיווק וקלייה בע""",IL,שיבולת שועל דקה 350,גרמים,350.00,100 גרם,false,,3.90,0.0111,true,1,3674
7290016277487,false,שיבולת שועל עבה 350,"דין שיווק וקלייה בע""",IL,שיבולת שועל עבה 350,גרמים,350.00,100 גרם,false,,3.90,0.0111,true,1,3675
7290016302042,false,סנדוויץ פרנה 4 יח,,,סנדוויץ פרנה 4 יח,יח',4.00,יח',false,,11.90,2.9750,true,1,37118
7290016302059,false,עשיריית ביס פרנה,,,עשיריית ביס פרנה,יח',4.00,יח',false,,11.90,2.9750,true,1,37119
7290016319200,false,עוגיות סנדוויץ' קקאו,אפיפית,IL,טוסו,מיליליטרים,300.00,"100 מ""ל",false,,16.90,0.0563,true,1,8366
7290016319309,false,*מבצע* פמלי אל סבון,אינטרקוסמא,IL,פמלי,ליטרים,1.00,ליטר,false,,9.90,9.9000,true,1,8368
7290016320343,false,דאק נוזל לניקוי מתקד,SC Jonson,NL,דאק,ליטרים,1.50,ליטר,false,,18.90,12.6000,true,1,8369
7290016321661,false,*מבצע* מארז מגבונים,על בד,IL,פרשוואנס,יח',288.00,יח',false,,14.90,0.0517,true,1,8372
7290016321678,false,*מבצע* מארז מגבונים,על בד,IL,פרשוואנס,יח',4.00,יח',false,,14.90,3.7250,true,1,8373
7290016321883,false,מארז נייר טואלט לח ק,עלבד משואות יצחק,IL,פרשוואנס,יח',3.00,יח',false,,14.90,4.9667,true,1,8375
7290016321890,false,מארז נייר טואלט לח ש,עלבד משואות יצחק,IL,פרשוואנס,יח',3.00,יח',false,,14.90,4.9667,true,1,8376
7290016329308,false,*מבצע* סרקל קרם רוזמ,"ד""ר פישר",IL,"ד""ר פישר",מיליליטרים,325.00,"100 מ""ל",false,,24.90,0.0766,true,1,14540
7290016370096,false,זית מרוקאי יבש 340 ג,קבוצת יבנה,IL,זית מרוקאי יבש 340 ג,גרמים,340.00,100 גרם,false,,11.90,0.0350,true,1,37374
7290016370270,false,זית קלמטה ללא גלעין,קבוצת יבנה,,זית קלמטה ללא גלעין,גרמים,560.00,100 גרם,false,,11.90,0.0213,true,1,17460
7290016370300,false,זית קלמטה שלם,קוזט אס.איי.פיין פוצ,GR,זית קלמטה שלם,גרמים,560.00,100 גרם,false,,13.90,0.0248,true,1,35260
7290016370317,false,זית קלמטה ללא גלעין,קוזט אס.איי.פיין פוצ,GR,זית קלמטה ללא גלעין,גרמים,560.00,100 גרם,false,,13.90,0.0248,true,1,35261
7290016370973,false,פלפל קלוי על האש 540,קבוצת יבנה,GR,קבוצת יבנה,גרמים,540.00,100 גרם,false,,9.90,0.0183,true,1,17471
7290016372342,false,עגבניות שלישייה קובי,גרנד איטליה,IT,גרנד איטליה,קילוגרמים,1.20,"ק""ג",false,,16.90,14.0833,true,1,20019
7290016372397,false,*מבצע* תה ירוק כורכו,ויסוצקי,IL,ויסוצקי,גרמים,937.50,100 גרם,false,,17.90,0.0191,true,1,20022
7290016372458,false,*מבצע* לימונית לואיז,ויסוצקי,IL,ויסוצקי,גרמים,70.00,100 גרם,false,,29.90,0.4271,true,1,20024
7290016400243,false,מפיות נייר מעוטרות 2,,,מפיות נייר מעוטרות 2,יח',20.00,יח',false,,5.90,0.2950,true,1,29045
7290016400663,false,מלקחיים לסלט,,,מלקחיים לסלט,יח',1.00,יח',false,,4.90,4.9000,true,1,29049
7290016400670,false,מלקחיים למנגל,,,מלקחיים למנגל,יח',1.00,יח',false,,9.90,9.9000,true,1,29050
7290016400731,false,מנגל פח+רשת,,,מנגל פח+רשת,יח',1.00,יח',false,,29.90,29.9000,true,1,29053
7290016400793,false,"מפיות נייר ""שווה"" 10",,IL,"מפיות נייר ""שווה"" 10",יח',100.00,יח',false,,4.90,0.0490,true,1,36307
7290016400809,false,"מפיות נייר כהה ""שווה",,IL,"מפיות נייר כהה ""שווה",יח',100.00,יח',false,,4.90,0.0490,true,1,36308
7290016400960,false,מפת פלנל חלקה שווה,,,מפת פלנל חלקה שווה,יח',1.00,יח',false,,6.90,6.9000,true,1,34304
7290016400977,false,מפת פלנל עם ראנר,,,מפת פלנל עם ראנר,יח',1.00,יח',false,,4.90,4.9000,true,1,29057
7290016401820,false,תבניות רוסטר עבות 4,,,תבניות רוסטר עבות 4,יח',4.00,יח',false,,7.90,1.9750,true,1,29061
7290016401844,false,תבניות רוסטר גדול עב,,,תבניות רוסטר גדול עב,יח',2.00,יח',false,,7.90,3.9500,true,1,29062
7290016401851,false,תבניות אובן עבות 4 י,,,תבניות אובן עבות 4 י,יח',1.00,יח',false,,7.90,7.9000,true,1,29063
7290016408140,false,טרליני כעכים בטעם רו,אפוליה פוד,IT,טרליני כעכים,גרמים,225.00,100 גרם,false,,6.90,0.0307,true,1,12265
7290016408294,false,מרשמלו ורוד לבן וסטה,Carmit,IL,כרמית,גרמים,150.00,100 גרם,false,,4.50,0.0300,true,1,12270
7290016408393,false,קרקר עם שומשום 130 ג,דוויטה ג'יי אס,,קרקר עם שומשום 130 ג,גרמים,130.00,100 גרם,false,,5.90,0.0454,true,1,12273
7290016408423,false,קרקר עם זיתים שחורים,דוויטה ג'יי אס,,קרקר עם זיתים שחורים,גרמים,130.00,100 גרם,false,,5.90,0.0454,true,1,12276
7290016408447,false,קרקר עם עגבניות ובזי,דוויטה ג'יי אס,,קרקר עם עגבניות ובזי,גרמים,130.00,100 גרם,false,,5.90,0.0454,true,1,12278
7290016416961,false,מוס גבינה תות שדה 40,קפולסקי שיווק וקמעונ,IL,קפולסקי,גרמים,400.00,100 גרם,false,,39.90,0.0997,true,1,29142
7290016437621,false,האגיס פרידום דריי פנ,קימברלי קלארק צ'כיה,CZ,האגיס,יח',36.00,יח',false,,41.90,1.1639,true,1,11962
7290016437645,false,האגיס פרידום דריי פנ,קימברלי קלארק צ'כיה,CZ,האגיס,יח',32.00,יח',false,,41.90,1.3094,true,1,11963
7290016437652,false,האגיס פרידום דריי פנ,קימברלי קלארק צ'כיה,CZ,האגיס,יח',26.00,יח',false,,41.90,1.6115,true,1,11964
7290016475067,false,פיתה עראקית 4 יח,מאפיית המכבים,,פיתה עראקית 4 יח,יח',4.00,יח',false,,10.90,2.7250,true,1,14298
7290016509304,false,כדוריות לניקוי שירות,הנקל סוד,HU,הנקל סוד,מיליליטרים,50.00,"100 מ""ל",false,,7.90,0.1580,true,1,25916
7290016509342,false,*מבצע* מארז שלשות כד,הנקל סוד,RS,סוד,גרמים,150.00,100 גרם,false,,14.90,0.0993,true,1,25918
7290016509786,false,*מבצע* פרסיל ג'ל ירו,הנקל סוד,IL,פרסיל,ליטרים,2.50,ליטר,false,,29.90,11.9600,true,1,25922
7290016509809,false,*מבצע* פרסיל ג'ל קול,הנקל סוד,IL,פרסיל,ליטרים,2.50,ליטר,false,,29.90,11.9600,true,1,25924
7290016509823,false,*מבצע* פרסיל ג'ל בלו,הנקל סוד,IL,פרסיל,ליטרים,2.50,ליטר,false,,29.90,11.9600,true,1,25926
7290016509847,false,*מבצע* פרסיל ג'ל בלא,הנקל סוד,IL,הנקל סוד,ליטרים,2.50,ליטר,false,,29.90,11.9600,true,1,25928
7290016510102,false,מרכך מי קוקוס לשיער,טרופיקל דגיל קוסמטיק,IL,הוואי,מיליליטרים,700.00,"100 מ""ל",false,,10.90,0.0156,true,1,5789
7290016510232,false,תחליב רחצה יוגורט קו,דגיל,IL,תחליב רחצה יוגורט קו,מיליליטרים,700.00,"100 מ""ל",false,,11.90,0.0170,true,1,5791
7290016510317,false,תחליב רחצה לגבר פול,דגיל,IL,תחליב רחצה לגבר פול,מיליליטרים,700.00,"100 מ""ל",false,,11.90,0.0170,true,1,5795
7290016510324,false,תחליב רחצה לגבר אירי,דגיל,IL,תחליב רחצה לגבר אירי,מיליליטרים,700.00,"100 מ""ל",false,,11.90,0.0170,true,1,5796
7290016510775,false,תחליב רחצה רגעים שמי,דגיל,IL,תחליב רחצה רגעים שמי,מיליליטרים,700.00,"100 מ""ל",false,,11.90,0.0170,true,1,5802
7290016523447,false,אטריות ביצים 300 גרם,פוג'יאן לונגאי,CN,מזרח ומערב,גרמים,300.00,100 גרם,false,,7.90,0.0263,true,1,29474
7290016564006,false,מבריקל הפלא 3 יח',,,מבריקל הפלא 3 יח',יח',3.00,יח',false,,9.90,3.3000,true,1,29064
7290016564266,false,כיסוי הפלא מבריקל 30,,IL,כיסוי הפלא מבריקל 30,יח',30.00,יח',false,,9.90,0.3300,true,1,34301
7290016584004,false,חטיפוני גזר 130 גר,,,חטיפוני גזר 130 גר,גרמים,130.00,100 גרם,false,,5.90,0.0454,true,1,32043
7290016584011,false,חטיפוני גזר 350 גר,,,חטיפוני גזר 350 גר,גרמים,350.00,100 גרם,false,,11.90,0.0340,true,1,32044
7290016584103,false,גזר צבעוני ארוז,,,גזר צבעוני ארוז,יח',1.00,יח',false,,10.90,10.9000,true,1,32048
7290016584219,false,שעועית ירוקה שלמה טר,,,שעועית ירוקה שלמה טר,יח',1.00,יח',false,,14.90,14.9000,true,1,32050
7290016621341,false,*מבצע* קמיל אל סבון,,IL,דר פישר,ליטרים,1.00,ליטר,false,,12.90,12.9000,true,1,14546
7290016621358,false,*מבצע* קמיל אל סבון,,IL,דר פישר,ליטרים,1.00,ליטר,false,,12.90,12.9000,true,1,14547
7290016651362,false,קיסם +חוט דנטאלי 100,,,קיסם +חוט דנטאלי 100,יח',1.00,יח',false,,9.90,9.9000,true,1,23793
7290016682038,false,"מיץ תפוזים 400 מ""ל",פרי ניב,IL,פרי ניב,מיליליטרים,400.00,"100 מ""ל",false,,8.40,0.0210,true,1,30114
7290016682083,false,"מיץ תות בננה 400 מ""ל",פרי ניב,IL,פרי ניב,מיליליטרים,400.00,"100 מ""ל",false,,8.40,0.0210,true,1,30118
7290016682199,false,*מבצע* שייק תות בננה,פריניב,IL,פרי ניב,ליטרים,1.00,ליטר,false,,12.90,12.9000,true,1,30126
7290016682250,false,מיץ תפוגזר 1 ליטר,פרי ניב,IL,מיץ תפוגזר 1 ליטר,ליטרים,1.00,ליטר,false,,15.90,15.9000,true,1,41913
7290016682335,false,מיץ תפוזים 2 ליטר,פריניב,IL,פרי ניב,ליטרים,2.00,ליטר,false,,24.90,12.4500,true,1,35789
7290016682342,false,*מבצע* 100% מיץ תפוז,פרי ניב,IL,פרי ניב,ליטרים,2.00,ליטר,false,,24.90,12.4500,true,1,35790
7290016682359,false,*מבצע* 100% מיץ תפוז,פרי ניב,IL,פרי ניב,ליטרים,2.00,ליטר,false,,24.90,12.4500,true,1,35791
7290016682373,false,לימונדה בלאדי 2 ליטר,פריניב,IL,פרי ניב,ליטרים,2.00,ליטר,false,,19.50,9.7500,true,1,35793
7290016682380,false,מיץ לימונדה לואיזה 2,פריניב,IL,פרי ניב,ליטרים,2.00,ליטר,false,,19.50,9.7500,true,1,35794
7290016682441,false,מיץ תפוזים 1 ליטר,פרי ניב,IL,מיץ תפוזים 1 ליטר,ליטרים,1.00,ליטר,false,,12.90,12.9000,true,1,36484
7290016693041,false,*מבצע* יין אמירים רז,יקבי ארזה,IL,אמירים,מיליליטרים,750.00,"100 מ""ל",false,,18.90,0.0252,true,1,13375
7290016693058,false,*מבצע* יין אמירים רז,יקבי ארזה,IL,אמירים,מיליליטרים,750.00,"100 מ""ל",false,,18.90,0.0252,true,1,13376
7290016693751,false,מיץ תירוש טללים 1 לי,יקבי ארזה,IL,מיץ תירוש טללים 1 לי,מיליליטרים,1000.00,"100 מ""ל",false,,10.90,0.0109,true,1,13385
7290016717044,false,*מבצע* באזז בטעם מנג,יקבי כרמל,IL,סלקטד,מיליליטרים,750.00,"100 מ""ל",false,,23.90,0.0319,true,1,6068
7290016717099,false,סלקטד אדום חצי יבש,יקבי כרמל,IL,סלקטד,מיליליטרים,750.00,"100 מ""ל",false,,29.90,0.0399,true,1,6071
7290016717235,false,"קונקורד אדום 187 מ""ל",יקבי כרמל,IL,"קונקורד אדום 187 מ""ל",מיליליטרים,187.00,"100 מ""ל",false,,5.90,0.0316,true,1,6074
7290016717631,false,יין מוסקטו לבן מבעבע,יקבי כרמל,IL,Private collection,מיליליטרים,750.00,"100 מ""ל",false,,39.90,0.0532,true,1,6076
7290016717754,false,"ישן נושן 750 מ""ל",יקבי כרמל,IL,"ישן נושן 750 מ""ל",מיליליטרים,750.00,"100 מ""ל",false,,18.90,0.0252,true,1,6077
7290016823004,false,בזיליקום יח',"סורין בראן אויי בע""מ",IL,בזיליקום,יח',1.00,יח',false,,4.90,4.9000,true,1,32051
7290016823028,false,עירית יח',,IL,בזיליקום,יח',1.00,יח',false,,4.90,4.9000,true,1,32053
7290016823042,false,אורגנו יח',,IL,בזיליקום,יח',1.00,יח',false,,4.90,4.9000,true,1,32055
7290016823059,false,טימין - קורנית יח',,IL,בזיליקום,יח',1.00,יח',false,,4.90,4.9000,true,1,32056
7290016823066,false,רוזמרין יח',,IL,בזיליקום,יח',1.00,יח',false,,4.90,4.9000,true,1,32057
7290016823073,false,מרווה יח',,IL,בזיליקום,יח',1.00,יח',false,,4.90,4.9000,true,1,32058
7290016823257,false,חסה סלנובה,,,חסה סלנובה,יח',1.00,יח',false,,11.90,11.9000,true,1,32064
7290016823448,false,ברוקולי יח',סקינג סטד,IL,ברוקולי,גרמים,500.00,100 גרם,false,,8.90,0.0178,true,1,32068
7290016823523,false,צנונית ארוזה,,,צנונית ארוזה,גרמים,500.00,100 גרם,false,,4.90,0.0098,true,1,32072
7290016865943,false,פטוצ'יני 400 גרם אור,פ.פ.ח טאביט,PL,פטוצ'יני 400 גרם אור,גרמים,400.00,100 גרם,false,,13.90,0.0348,true,1,7275
7290016866643,false,משחת שיניים פרודונטק,גלקסוסמיתקליין,SK,פרודונטקס,מיליליטרים,75.00,"100 מ""ל",false,,30.90,0.4120,true,1,10719
7290016866650,false,משחת שיניים פרודונטק,גלקסוסמיתקליין,SK,פרודונטקס,מיליליטרים,75.00,"100 מ""ל",false,,30.90,0.4120,true,1,10720
7290016866667,false,משחת שיניים פרודונטק,גלקסוסמיתקליין,SK,פרודונטקס,מיליליטרים,75.00,"100 מ""ל",false,,30.90,0.4120,true,1,10721
7290016866674,false,משחת שיניים פרודונטק,גלקסוסמיתקליין,SK,פרודונטקס,מיליליטרים,75.00,"100 מ""ל",false,,30.90,0.4120,true,1,10722
7290016866704,false,שמפו קרטין פלוס ויטמ,ארמן,IL,סטייל,מיליליטרים,750.00,"100 מ""ל",false,,24.90,0.0332,true,1,10724
7290016883176,false,*מבצע* מיזלי פתיתי ש,"דין שיווק וקלייה בע""",IL,שקדיה,קילוגרמים,1.00,"ק""ג",false,,19.90,19.9000,true,1,3679
7290016912494,false,תרחיץ פנים אפקטיב 18,"ד""ר פישר",IL,דר פישר,מיליליטרים,180.00,"100 מ""ל",false,,17.90,0.0994,true,1,14556
7290016912500,false,תרחיץ פנים אפקטיב 18,"ד""ר פישר",IL,דר פישר,מיליליטרים,180.00,"100 מ""ל",false,,17.90,0.0994,true,1,14557
7290016912609,false,סרקל מסכה לילדים 200,,IL,סרקל,מיליליטרים,200.00,"100 מ""ל",false,,24.90,0.1245,true,1,14558
7290016967074,false,חיטה מלאה 750 גרם,אנג'ל,IL,אנגל,גרמים,750.00,100 גרם,false,,16.90,0.0225,true,1,6122
7290016980103,false,בייבי בטטה,משתנה,IL,פטל אדום,יח',1.00,יח',false,,5.90,5.9000,true,1,1742
7290016998184,false,עלי חסה ערבית שטופים,נטורזה,,כרוב לבן חסלט 400 גרם,גרמים,250.00,100 גרם,false,,9.90,0.0396,true,1,33648
7290016998191,false,מיקס עלי בייבי 120גר,נטורזה,,כרוב לבן חסלט 400 גרם,גרמים,120.00,100 גרם,false,,8.90,0.0742,true,1,33649
7290016998207,false,לקט קסם השדה 350 גרם,נטורזה,,כרוב לבן חסלט 400 גרם,גרמים,350.00,100 גרם,false,,10.90,0.0311,true,1,33650
7290016998214,false,עלי תרד בייבי 200גר.,נטורזה,,כרוב לבן חסלט 400 גרם,גרמים,200.00,100 גרם,false,,9.90,0.0495,true,1,33651
7290016998221,false,מיקס צבעי הטבע 350גר,נטורזה,,כרוב לבן חסלט 400 גרם,גרמים,350.00,100 גרם,false,,10.90,0.0311,true,1,33652
7290016998238,false,כרוב לבן קצוץ 400 גר,נטורזה,,כרוב לבן חסלט 400 גרם,גרמים,400.00,100 גרם,false,,7.90,0.0198,true,1,33653
7290016998245,false,מיקס שורשים 400גר.,נטורזה,,כרוב לבן חסלט 400 גרם,גרמים,400.00,100 גרם,false,,9.90,0.0248,true,1,33654
7290016998252,false,חסה אייסברג חתוכה 30,נטורזה,,כרוב לבן חסלט 400 גרם,גרמים,300.00,100 גרם,false,,8.90,0.0297,true,1,33655
7290016998269,false,לקט קולסלאו 400 גרם,נטורזה,,כרוב לבן חסלט 400 גרם,גרמים,400.00,100 גרם,false,,7.90,0.0198,true,1,33656
7290016998276,false,גזר חתוך דק 250 גרם,נטורזה,,כרוב לבן חסלט 400 גרם,גרמים,250.00,100 גרם,false,,6.90,0.0276,true,1,33657
7290016998283,false,לקט סלונובה 200 גרם,נטורזה,,כרוב לבן חסלט 400 גרם,גרמים,200.00,100 גרם,false,,11.90,0.0595,true,1,33658
7290016998320,false,לבבות קיסר 500 גרם,נטורזה,,כרוב לבן חסלט 400 גרם,גרמים,500.00,100 גרם,false,,9.90,0.0198,true,1,38547
7290016998337,false,עלי רוקט 150 גרם,נטורזה,,כרוב לבן חסלט 400 גרם,גרמים,150.00,100 גרם,false,,8.90,0.0593,true,1,33662
7290016998368,false,לקט ירקות למוקפץ 500,נטורזה,,כרוב לבן חסלט 400 גרם,גרמים,500.00,100 גרם,false,,12.90,0.0258,true,1,33665
7290017023182,false,שוופס מוגז פירות תפו,,,שוופס מוגז פירות תפו,מיליליטרים,330.00,"100 מ""ל",false,,5.00,0.0152,true,1,13184
7290017023199,false,שוופס מוגז פירות תות,,,שוופס מוגז פירות תות,מיליליטרים,330.00,"100 מ""ל",false,,5.00,0.0152,true,1,13185
7290017023205,false,שוופס מוגז פירות ענב,,,שוופס מוגז פירות ענב,מיליליטרים,330.00,"100 מ""ל",false,,5.00,0.0152,true,1,13186
7290017023212,false,שוופס מוגז פירות תפו,,,שוופס מוגז פירות תפו,מיליליטרים,1320.00,"100 מ""ל",false,,11.90,0.0090,true,1,13187
7290017023229,false,שוופס מוגז פירות תות,,,שוופס מוגז פירות תות,מיליליטרים,1320.00,"100 מ""ל",false,,11.90,0.0090,true,1,13188
7290017023236,false,שוופס מוגז פירות ענב,,,שוופס מוגז פירות ענב,מיליליטרים,1320.00,"100 מ""ל",false,,11.90,0.0090,true,1,13189
7290017023663,false,שוופס מוגז פירות למו,,,שוופס מוגז פירות למו,מיליליטרים,1320.00,"100 מ""ל",false,,11.90,0.0090,true,1,13206
7290017023854,false,"שוופס סודה 250 מ""ל ר",יפאורה תבורי,IL,"שוופס סודה 250 מ""ל ר",מיליליטרים,1000.00,"100 מ""ל",false,,11.90,0.0119,true,1,13215
7290017023878,false,שוופס סודה נענע ליים,יפאורה תבורי,IL,שוופס סודה נענע ליים,מיליליטרים,1000.00,"100 מ""ל",false,,11.90,0.0119,true,1,13217
7290017031477,false,סנסודיין רליף הלבנה,"סמית קליין ביצ'ם בע""",SK,סנסודיין,מיליליטרים,75.00,"100 מ""ל",false,,25.90,0.3453,true,1,10730
7290017031705,false,סנסודיין קלין&פרש 75,גלקסוסמיתקליין,GB,סנסודיין,גרמים,75.00,100 גרם,false,,21.90,0.2920,true,1,10733
7290017058573,false,פרוסות פלפל חלפניו ב,אינדיה אגרו אקספורט,IN,תומר,גרמים,340.00,100 גרם,false,,6.50,0.0191,true,1,22486
7290017058689,false,*מבצע* זית שחור טבעי,מסנווי גידה,TR,*מבצע* זית שחור טבעי,גרמים,400.00,100 גרם,false,,12.90,0.0323,true,1,22490
7290017058733,false,מארז שלישייה חומוס ת,קשקמט,HU,תומר,גרמים,600.00,100 גרם,false,,7.90,0.0132,true,1,35058
7290017065007,false,מוצרלה פרוסה גד 200,מחלבות גד,IL,מחלבות גד,גרמים,200.00,100 גרם,false,,16.90,0.0845,true,1,14843
7290017065137,false,ריקוטה למריחה 5% טבע,מחלבות גד,IL,מחלבות גד,גרמים,200.00,100 גרם,false,,9.90,0.0495,true,1,14845
7290017065144,false,ריקוטה למריחה 5% עם,מחלבות גד,IL,מחלבות גד,גרמים,200.00,100 גרם,false,,9.90,0.0495,true,1,14846
7290017065212,false,קרם מסקרפונה 250 גרם,מחלבות גד,IL,מחלבות גד,גרמים,250.00,100 גרם,false,,19.90,0.0796,true,1,14851
7290017065236,false,בולגרית מעודנת 24% 2,דשן,IL,מחלבות גד,גרמים,250.00,100 גרם,false,,21.90,0.0876,true,1,14852
7290017065441,false,פרוסות גאודה עיזים 2,מחלבות גד,IL,מחלבות גד,גרמים,200.00,100 גרם,false,,31.90,0.1595,true,1,14863
7290017065526,false,קוואטרו פורמאג'י 300,מחלבות גד,IL,מחלבות גד,גרמים,300.00,100 גרם,false,,27.90,0.0930,true,1,14870
7290017065588,false,יוגורט יווני 600 גרם,מחלבות גד,IL,מחלבות גד,גרמים,600.00,100 גרם,false,,15.90,0.0265,true,1,14871
7290017065649,false,קרם פטיסייר 250 גרם,מחלבות גד,IL,מחלבות גד,גרמים,250.00,100 גרם,false,,18.90,0.0756,true,1,14875
7290017065663,false,פטה עיזים מעודנת 16%,דשן,IL,מחלבות גד,גרמים,250.00,100 גרם,false,,29.90,0.1196,true,1,14877
7290017065731,false,גבינת שמנת כמהין ניו,מחלבות גד,IL,מחלבות גד,גרמים,200.00,100 גרם,false,,12.90,0.0645,true,1,14881
7290017068367,false,שמרים יבשים 125 גרם,מיה,IL,שמרים יבשים 125 גרם,גרמים,125.00,100 גרם,false,,3.90,0.0312,true,1,34707
7290017068374,false,שמרים יבשים 500 גרם,מיה,IL,שמרים יבשים 500 גרם,גרמים,500.00,100 גרם,false,,11.90,0.0238,true,1,34708
7290017068848,false,קישוט לעוגה צבעוני 2,מיה,IL,קישוט לעוגה צבעוני 2,גרמים,200.00,100 גרם,false,,7.90,0.0395,true,1,34550
7290017068978,false,שיבולת שועל מלאה להכ,מיה,IL,שיבולת שועל מלאה להכ,גרמים,500.00,100 גרם,false,,8.90,0.0178,true,1,38981
7290017068985,false,שיבולת שועל מלאה עבה,מיה,IL,שיבולת שועל מלאה עבה,גרמים,500.00,100 גרם,false,,8.90,0.0178,true,1,38982
7290017088051,false,חיתולי בייביסיטר מיד,די פי אל,IL,בייביסיטר,יח',50.00,יח',false,,32.90,0.6580,true,1,19059
7290017088068,false,חיתולי בייביסיטר מיד,די פי אל,IL,בייביסיטר,יח',42.00,יח',false,,32.90,0.7833,true,1,19060
7290017088075,false,חיתולי בייביסיטר מיד,די פי אל,IL,בייביסיטר,יח',40.00,יח',false,,32.90,0.8225,true,1,19061
7290017088082,false,חיתולי בייביסיטר מיד,די פי אל,IL,בייביסיטר,יח',36.00,יח',false,,32.90,0.9139,true,1,19062
7290017088099,false,חיתולי בייביסיטר מיד,די פי אל,IL,בייביסיטר,יח',34.00,יח',false,,32.90,0.9676,true,1,19063
7290017088327,false,מגבוני בייביסיטר אקס,DPL,IL,בייביסיטר פרופורמנס,יח',288.00,יח',false,,14.90,0.0517,true,1,19065
7290017088815,false,תחבושות בריז נורמל 1,EUROFIL,IT,BREEZE,יח',12.00,יח',false,,14.90,1.2417,true,1,34344
7290017088822,false,תחבושות בריז אקסטרה,EUROFIL,IT,BREEZE,יח',10.00,יח',false,,14.90,1.4900,true,1,34345
7290017088969,false,חיתולי בייביסיטר מיד,TZMOSA,PL,חיתולי בייביסיטר מיד,יח',42.00,יח',false,,25.90,0.6167,true,1,35614
7290017088983,false,חיתולי בייביסיטר מיד,TZMOSA,PL,חיתולי בייביסיטר מיד,יח',38.00,יח',false,,25.90,0.6816,true,1,35615
7290017094854,false,סלט קולסלאו אסלי 400,"סלטי שמיר 2006 בע""מ",IL,אסלי,גרמים,400.00,100 גרם,false,,10.90,0.0273,true,1,36232
7290017094861,false,חומוס עם רוטב מסבחה,"סלטי שמיר 2006 בע""מ",IL,אסלי,גרמים,400.00,100 גרם,false,,9.90,0.0248,true,1,36225
7290017105062,false,חומוס יכין 200 גרם,זנלכל,IL,חומוס יכין 200 גרם,גרמים,200.00,100 גרם,false,,4.90,0.0245,true,1,11687
7290017105079,false,שעועית ברוטב יכין 20,זנלכל,IL,שעועית ברוטב יכין 20,גרמים,200.00,100 גרם,false,,4.90,0.0245,true,1,11688
7290017105086,false,שעועית צ'ילי יכין 20,זנלכל,IL,שעועית צ'ילי יכין 20,גרמים,200.00,100 גרם,false,,4.90,0.0245,true,1,11689
7290017105123,false,פול יכין 200 גרם,זנלכל,IL,פול יכין 200 גרם,גרמים,200.00,100 גרם,false,,4.90,0.0245,true,1,11693
7290017105468,false,שלישיית אפונה קטנה י,זנלכל,IL,שלישיית אפונה קטנה י,גרמים,600.00,100 גרם,false,,14.90,0.0248,true,1,11702
7290017105550,false,מאגדת רביעיית רסק עג,זנלכל,IL,יכין,גרמים,400.00,100 גרם,false,,11.90,0.0298,true,1,11704
7290017105895,false,גרגירי חומוס בבישול,יכין,IL,יכין,גרמים,560.00,100 גרם,false,,9.90,0.0177,true,1,11714
7290017129884,false,מאגדת שוקולד מריר 44,כרמית,IL,מאגדת שוקולד מריר 44,גרמים,85.00,100 גרם,false,,14.90,0.1753,true,1,39489
7290017129983,false,שוקו צ'יפס לבן פרווה,Carmit,IL,כרמית,גרמים,250.00,100 גרם,false,,9.90,0.0396,true,1,12324
7290017139272,false,פמינה תחליב אינטימית,כצט,IL,כצט,מיליליטרים,220.00,"100 מ""ל",false,,21.90,0.0995,true,1,10738
7290017140056,false,קמח חומוס 500 גרם,אופק מן הטבע,IL,קמח חומוס 500 גרם,גרמים,500.00,100 גרם,false,,14.90,0.0298,true,1,34356
7290017140650,false,תערובת לעוגת שוקולד,אופק מן הטבע,IL,תערובת לעוגת שוקולד,גרמים,500.00,100 גרם,false,,17.90,0.0358,true,1,37414
7290017142005,false,"*מבצע* שמן קוקוס עה""",אקספלונקה,LK,עץ הזית,מיליליטרים,320.00,"100 מ""ל",false,,19.90,0.0622,true,1,19734
7290017142111,false,טונה TO GO בשמן זית,שמן תעשיות,IL,עץ הזית,גרמים,85.00,100 גרם,false,,9.90,0.1165,true,1,19740
7290017142128,false,*מבצע* שמן זית כתית,שמן תעשיות,IL,עץ הזית,מיליליטרים,750.00,"100 מ""ל",false,,29.90,0.0399,true,1,19741
7290017142159,false,*מבצע* נתחי טונה בהי,שמן תעשיות,IL,עץ הזית,גרמים,240.00,100 גרם,false,,19.90,0.0829,true,1,19742
7290017142180,false,פילה טונה בטעם פלפל,שמן תעשיות,IL,עץ הזית,גרמים,120.00,100 גרם,false,,14.90,0.1242,true,1,19744
7290017142289,false,תרסיס שמן חמניות ללא,שמן תעשיות,IL,עץ הזית,מיליליטרים,200.00,"100 מ""ל",false,,15.90,0.0795,true,1,19749
7290017142388,false,שמן חמניות בריאות פל,שמן תעשיות,IL,עץ הזית,ליטרים,1.00,ליטר,false,,15.90,15.9000,true,1,19753
7290017142395,false,פסטה עם טונה בשמן זי,,,עץ הזית,גרמים,160.00,100 גרם,false,,13.90,0.0869,true,1,19754
7290017142456,false,*מבצע* נתחי טונה בשמ,,,עץ הזית,גרמים,320.00,100 גרם,false,,20.90,0.0653,true,1,19758
7290017142500,false,תרסיס שמן זית בטעם ש,קונפניה,IT,תרסיס שמן זית בטעם ש,מיליליטרים,150.00,"100 מ""ל",false,,17.90,0.1193,true,1,40089
7290017142609,false,תרסיס שמן זית בטעם ל,קונפניה,IT,תרסיס שמן זית בטעם ל,מיליליטרים,150.00,"100 מ""ל",false,,17.90,0.1193,true,1,40090
7290017142623,false,תרסיס שמן זית בטעם צ,קונפניה,IT,תרסיס שמן זית בטעם צ,מיליליטרים,150.00,"100 מ""ל",false,,17.90,0.1193,true,1,40091
7290017189246,false,מיני פנקייק 500 ג,,ES,מיני פנקייק 500 ג,גרמים,500.00,100 גרם,false,,21.90,0.0438,true,1,39719
7290017266046,false,וופל קראנץ שוקולד 30,"גילרו בע""מ",IL,עלמה,גרמים,600.00,100 גרם,false,,14.90,0.0248,true,1,42686
7290017266725,false,חטיף מיני קראנצ' 40,"גילרו בע""מ",IL,עלמה,גרמים,480.00,100 גרם,false,,14.90,0.0310,true,1,42684
7290017266909,false,וופלים במילוי קרם בט,"גילרו בע""מ",IL,וופלים במילוי קרם בט,גרמים,200.00,100 גרם,false,,3.90,0.0195,true,1,38878
7290017266916,false,וופלים במילוי קרם בט,"גילרו בע""מ",IL,וופלים במילוי קרם בט,גרמים,200.00,100 גרם,false,,3.90,0.0195,true,1,38879
7290017275345,false,טחינה גולמית בקבוק ל,"אחדות ביח""ר לטחינה ח",IL,טחינה גולמית בקבוק ל,גרמים,350.00,100 גרם,false,,7.90,0.0226,true,1,36985
7290017275482,false,סירופ בטעם ענבים 900,"אחדות ביח""ר לטחינה ח",IL,סירופ בטעם ענבים 900,מיליליטרים,900.00,"100 מ""ל",false,,15.90,0.0177,true,1,36986
7290017289175,false,פטיט סירה ישראלי 750,יקב טפרברג,IL,פטיט סירה ישראלי 750,מיליליטרים,750.00,"100 מ""ל",false,,21.90,0.0292,true,1,13440
7290017289182,false,יין לבן חצי יבש ישרא,יקב טפרברג,IL,יין לבן חצי יבש ישרא,מיליליטרים,750.00,"100 מ""ל",false,,21.90,0.0292,true,1,13441
7290017296142,false,גרנולה חלבה ושוקולד,אפקט טבעי,IL,פנינה רוזנבלום בע'מ,גרמים,500.00,100 גרם,false,,24.90,0.0498,true,1,17253
7290017297149,false,גרגירי חומוס להכנת ח,"פרי הגליל בע""""מ",IL,פרי הגליל,גרמים,550.00,100 גרם,false,,7.90,0.0144,true,1,17175
7290017297194,false,לקט ירקות לתנור 800,ויטה פרי גליל,IL,לקט ירקות לתנור 800,גרמים,800.00,100 גרם,false,,16.90,0.0211,true,1,17179
7290017297323,false,רוטב עגבניות מרוכז ט,"מילוז(1989)בע""""מ",IL,טל,גרמים,100.00,100 גרם,false,,1.50,0.0150,true,1,34974
7290017297330,false,רוטב עגבניות מרוכז B,טל וטרי,IL,טל וטרי,גרמים,240.00,100 גרם,false,,2.90,0.0121,true,1,37099
7290017297644,false,*מבצע* ברוקולי קפוא,"פרי הגליל בע""""מ",IL,פרי הגליל,גרמים,800.00,100 גרם,false,,13.90,0.0174,true,1,35970
7290017297682,false,כרובית קפואה 800 גרם,,,כרובית,גרמים,800.00,100 גרם,false,,9.90,0.0124,true,1,35971
7290017303567,false,"מלוחים קצח ""תמר"" 500",,,"מלוחים קצח ""תמר"" 500",גרמים,500.00,100 גרם,false,,11.90,0.0238,true,1,15503
7290017303574,false,"מלוחים שומשום ""תמר""",,,"מלוחים שומשום ""תמר""",גרמים,500.00,100 גרם,false,,11.90,0.0238,true,1,15504
7290017303604,false,"עוגיות גרנולה ""תמר""",,,"עוגיות גרנולה ""תמר""",גרמים,600.00,100 גרם,false,,11.90,0.0198,true,1,15507
7290017303611,false,"כעכים קקאו ""תמר"" 500",,,"כעכים קקאו ""תמר"" 500",גרמים,500.00,100 גרם,false,,11.90,0.0238,true,1,15508
7290017303628,false,"עוגיות כתר תות ""תמר""",,,"עוגיות כתר תות ""תמר""",גרמים,600.00,100 גרם,false,,11.90,0.0198,true,1,15509
7290017303673,false,עוגיות שוקוציפס לבן,,,עוגיות שוקוציפס לבן,גרמים,600.00,100 גרם,false,,11.90,0.0198,true,1,15514
7290017303680,false,"כעכים מרוקאי ""תמר"" 5",,,"כעכים מרוקאי ""תמר"" 5",גרמים,500.00,100 גרם,false,,11.90,0.0238,true,1,15515
7290017304885,false,שיפון וחיטה מלאה  75,אנג'ל,IL,אנגל,גרמים,750.00,100 גרם,false,,16.90,0.0225,true,1,6126
7290017386348,false,שקד מולבן טחון 250 ג,,,שקד מולבן טחון 250 ג,גרמים,250.00,100 גרם,false,,16.90,0.0676,true,1,40114
7290017406381,false,פירורי לחם מתובלים ג,,,פירורי לחם מתובלים 500ג,גרמים,500.00,100 גרם,false,,7.90,0.0158,true,1,29913
7290017406398,false,פירורי לחם מתובלים ש,,,פירורי לחם מתובלים 500ג,גרמים,500.00,100 גרם,false,,7.90,0.0158,true,1,29914
7290017440231,false,שמפו סרקל לשיער מתול,"ד""ר פישר",IL,סרקל,ליטרים,1.00,ליטר,false,,28.90,28.9000,true,1,14565
7290017440248,false,מרכך סרקל לשיער מתול,"ד""ר פישר",IL,סרקל,ליטרים,1.00,ליטר,false,,28.90,28.9000,true,1,14566
7290017440286,false,"מרכך קידס 750 מ""ל",,,"מרכך קידס 750 מ""ל",מיליליטרים,750.00,"100 מ""ל",false,,16.90,0.0225,true,1,14568
7290017440309,false,"שמפו קידס 750 מ""ל",,,"שמפו קידס 750 מ""ל",מיליליטרים,750.00,"100 מ""ל",false,,16.90,0.0225,true,1,14569
7290017440323,false,שמפו+מרכך קידס 750 מ,,,שמפו+מרכך קידס 750 מ,מיליליטרים,750.00,"100 מ""ל",false,,16.90,0.0225,true,1,14570
7290017440682,false,"ד""ר פישר שמפו BLOND","ד""ר פישר",IL,"ד""ר פישר שמפו BLOND",מיליליטרים,400.00,"100 מ""ל",false,,29.90,0.0747,true,1,14572
7290017457574,false,*מבצע* מארז שלשות כד,הנקל סוד,RS,סוד,גרמים,150.00,100 גרם,false,,14.90,0.0993,true,1,25935
7290017513485,false,*מבצע* מחית עגבניות,,,מחית עגבניות,גרמים,680.00,100 גרם,false,,9.90,0.0146,true,1,20045
7290017513775,false,בייגלה פליפז מצופה ש,אולקר מקבוצת פלאדיס,TR,פליפז,גרמים,140.00,100 גרם,false,,8.90,0.0636,true,1,20048
7290017513782,false,בייגלה פליפז מצופה ש,אולקר מקבוצת פלאדיס,TR,פליפז,גרמים,140.00,100 גרם,false,,8.90,0.0636,true,1,20049
7290017589633,false,*מבצע* יין רזרב קברנ,ברקן סגל,IL,ספיישל רזרב,מיליליטרים,750.00,"100 מ""ל",false,,39.90,0.0532,true,1,12618
7290017599229,false,סוכרזית סוכרלוז 200,ביסקול,IL,סוכרזית סוכרלוז 200,יח',200.00,יח',false,,19.90,0.0995,true,1,36507
7290017599236,false,סוכרזית סטיוויה 200,ביסקול,IL,סוכרזית סטיוויה 200,יח',200.00,יח',false,,22.90,0.1145,true,1,36508
7290017599250,false,סוכרזית קלאסי 120 שק,ביסקול,IL,סוכרזית קלאסי 120 שק,גרמים,100.00,100 גרם,false,,15.90,0.1590,true,1,39953
7290017599267,false,סוכרזית סוכרלוז 120,ביסקול,IL,סוכרזית סוכרלוז 120,גרמים,120.00,100 גרם,false,,24.90,0.2075,true,1,39954
7290017599304,false,סוכרזית סטיוויה כפית,ביסקול,IL,סוכרזית סטיוויה כפית,גרמים,400.00,100 גרם,false,,34.90,0.0872,true,1,40891
7290017616223,false,שעועית ירוקה שלמה יו,,,שעועית ירוקה שלמה יו,גרמים,800.00,100 גרם,false,,6.90,0.0086,true,1,36910
7290017616278,false,שעועית ירוקה חתוכה 8,,,שעועית ירוקה חתוכה 8,גרמים,800.00,100 גרם,false,,6.90,0.0086,true,1,36911
7290017616315,false,שעועית ירוקה שלמה עד,,,שעועית ירוקה שלמה עד,גרמים,600.00,100 גרם,false,,9.90,0.0165,true,1,36942
7290017616339,false,אפונה עדינה 600 גרם,,,אפונה עדינה 600 גרם,גרמים,600.00,100 גרם,false,,9.90,0.0165,true,1,36913
7290017616452,false,אפונה וגזר 800 גרם,,,אפונה וגזר 800 גרם,גרמים,800.00,100 גרם,false,,8.90,0.0111,true,1,36914
7290017616483,false,לקט ירקות מעורבים קפ,,,לקט ירקות מעורבים קפ,גרמים,800.00,100 גרם,false,,8.90,0.0111,true,1,36915
7290017616759,false,לקט לקוסקוס 800 גרם,,,לקט לקוסקוס 800 גרם,גרמים,800.00,100 גרם,false,,8.90,0.0111,true,1,36916
7290017616971,false,תחתיות ארטישוק 400 ג,,,תחתיות ארטישוק 400 ג,גרמים,400.00,100 גרם,false,,7.90,0.0198,true,1,36918
7290017616995,false,פולי סויה אדממה 600,,,פולי סויה אדממה 600,גרמים,600.00,100 גרם,false,,9.90,0.0165,true,1,36920
7290017641188,false,קרקר עם שיפון מלא וס,דוויטה ג'יי אס,,קרקר עם שיפון מלא וס,גרמים,130.00,100 גרם,false,,5.90,0.0454,true,1,12331
7290017641201,false,קרקר עם שיפון מלא וק,דוויטה ג'יי אס,,קרקר עם שיפון מלא וק,גרמים,130.00,100 גרם,false,,5.90,0.0454,true,1,12333
7290017641997,false,שוקולד פרימיום70% לל,,IL,שוקולד פרימיום70% לל,גרמים,100.00,100 גרם,false,,7.90,0.0790,true,1,39495
7290017677804,false,רוטב סויה קיקומן 444,קיקומן פודז אינק,US,קיקומן,מיליליטרים,444.00,"100 מ""ל",false,,19.90,0.0448,true,1,25725
7290017696393,false,בורגר פטריות מן הצומ,עבאדי,IL,אנדיב ארוז,יח',1.00,יח',false,,34.90,34.9000,true,1,32079
7290017712215,false,פרמיו שימורי מזון מל,,,פרמיו שימורי מזון מל,יחידה,0.00,יחידה,false,,4.90,0.0000,true,1,33096
7290017712673,false,הוריזן בקר וכבד לכלב,,,הוריזן בקר וכבד לכלב,יחידה,0.00,יחידה,false,,4.90,0.0000,true,1,33115
7290017712727,false,פרמיו גור בקר וכבד 1,,,פרמיו גור בקר וכבד 1,גרמים,100.00,100 גרם,false,,4.90,0.0490,true,1,33120
7290017712734,false,פרמיו גור עוף וכבד 1,,,פרמיו גור עוף וכבד 1,גרמים,100.00,100 גרם,false,,4.90,0.0490,true,1,33121
7290017712741,false,פרמיו כבש 100 ג',,,פרמיו כבש 100 ג',גרמים,100.00,100 גרם,false,,4.90,0.0490,true,1,33122
7290017712758,false,פרמיו סלמון 100 ג',,,פרמיו סלמון 100 ג',גרמים,100.00,100 גרם,false,,4.90,0.0490,true,1,33123
7290017729275,false,סיון גליל נייר מודפס,,,סיון גליל נייר מודפס,יח',6.00,יח',false,,13.90,2.3167,true,1,12049
7290017729657,false,פנסי לבן 150 חד שכבת,חי,IL,פנסי,יח',150.00,יח',false,,5.90,0.0393,true,1,35568
7290017812052,false,אקסלנס שיראז קברנה ס,יקבי כרמל,IL,יקבי כרמל,מיליליטרים,750.00,"100 מ""ל",false,,24.90,0.0332,true,1,6081
7290017812571,false,תירוש אדום 1 ליטר 10,יקבי כרמל,IL,מיץ ענבים,ליטרים,1.00,ליטר,false,,19.90,19.9000,true,1,6088
7290017812588,false,תירוש לבן 1 ליטר 100,יקבי כרמל,IL,מיץ ענבים,ליטרים,1.00,ליטר,false,,19.90,19.9000,true,1,6089
7290017812618,false,תירוש רוזה 1 ליטר 10,יקבי כרמל,IL,מיץ ענבים,ליטרים,1.00,ליטר,false,,19.90,19.9000,true,1,6090
7290017812830,false,רוזה פרייבט קולקשיין,יקבי כרמל,IL,Private collection,מיליליטרים,750.00,"100 מ""ל",false,,39.90,0.0532,true,1,34679
7290017812847,false,יין גוורצטרמינר סלקט,יקבי כרמל,IL,סלקטד,מיליליטרים,750.00,"100 מ""ל",false,,29.90,0.0399,true,1,6093
7290017812977,false,*מבצע* יין באזז אננס,יקבי כרמל,IL,סלקטד,מיליליטרים,750.00,"100 מ""ל",false,,23.90,0.0319,true,1,6095
7290017841304,false,סכינים חושן וינטאג',,,סכינים חושן וינטאג',יח',10.00,יח',false,,4.90,0.4900,true,1,29072
7290017841595,false,חושן קערה עגולה לסלט,,,חושן קערה עגולה לסלט,יח',1.00,יח',false,,5.90,5.9000,true,1,35768
7290017842127,false,נייר לעטיפת סנדוויץ',מ.ב.נייר,IL,אמנון ותמר,יח',100.00,יח',false,,8.90,0.0890,true,1,39687
7290017842141,false,נייר אפיה 40 יח שווה,,,נייר אפיה 40 יח שווה,יח',40.00,יח',false,,7.90,0.1975,true,1,36642
7290017842806,false,צלחות ענקיות מעלי דק,,,צלחות ענקיות מעלי דק,יח',10.00,יח',false,,14.90,1.4900,true,1,36368
7290017842813,false,צלחות גדולות מעלי דק,,,צלחות גדולות מעלי דק,יח',10.00,יח',false,,12.90,1.2900,true,1,36369
7290017842820,false,צלחות קטנות מעלי דקל,,,צלחות קטנות מעלי דקל,יח',10.00,יח',false,,9.90,0.9900,true,1,36370
7290017842837,false,מרקיות מעלי דקל שווה,,,מרקיות מעלי דקל שווה,יח',10.00,יח',false,,9.90,0.9900,true,1,36371
7290017842851,false,מגשים עגולים ענקיים,,,מגשים עגולים ענקיים,יח',5.00,יח',false,,9.90,1.9800,true,1,36373
7290017842875,false,מגשים אובלים בינונים,,,מגשים אובלים בינונים,יח',5.00,יח',false,,9.90,1.9800,true,1,36375
7290017871363,false,פמלי סבון ידיים יהלו,,,פמילי,מיליליטרים,500.00,"100 מ""ל",false,,9.90,0.0198,true,1,8378
7290017871370,false,פמלי סבון ידיים יהלו,,,פמילי,מיליליטרים,500.00,"100 מ""ל",false,,9.90,0.0198,true,1,8379
7290017871424,false,חטיף תמרים ובוטנים ל,תות תעשיות מזון,IL,טוסו,גרמים,140.00,100 גרם,false,,16.90,0.1207,true,1,8381
7290017871431,false,חטיף תמרים אגוזי לוז,תות תעשיות מזון,IL,טוסו,גרמים,140.00,100 גרם,false,,16.90,0.1207,true,1,8382
7290017871554,false,חטיף תמרים ושברי קקא,תות תעשיות מזון,IL,טוסו,גרמים,140.00,100 גרם,false,,16.90,0.1207,true,1,8388
7290017872049,false,אל סבון פמלי בניחוח,אברנסל קוסמטיקס,TR,פמלי,ליטרים,1.50,ליטר,false,,13.90,9.2667,true,1,8404
7290017872056,false,אל סבון פמלי סדרה לב,אברנסל קוסמטיקס,TR,פמלי,ליטרים,1.50,ליטר,false,,13.90,9.2667,true,1,8405
7290017872063,false,אל סבון פמלי ארומתרפ,אברנסל קוסמטיקס,TR,פמלי,ליטרים,1.50,ליטר,false,,13.90,9.2667,true,1,8406
7290017872667,false,פמלי סבון ידיים יהלו,,,פמילי,מיליליטרים,500.00,"100 מ""ל",false,,9.90,0.0198,true,1,8416
7290017873039,false,גלילונית סנדוויץ' זו,"קינג באג בע""מ",TH,גלילונית,יח',320.00,יח',false,,9.90,0.0309,true,1,35854
7290017888033,false,פרוט & וג' בננה מלון,יפאורה תבורי,IL,פרוט & וג' בננה מלון,מיליליטרים,350.00,"100 מ""ל",false,,7.50,0.0214,true,1,13227
7290017888644,false,פרוט& וג' אננס בננה,יפאורה תבורי,IL,פרוט& וג' אננס בננה,מיליליטרים,350.00,"100 מ""ל",false,,7.50,0.0214,true,1,13244
7290017888729,false,שוופס סודה 1 ל',יפאורה תבורי,IL,יפאורה,ליטרים,1.00,ליטר,false,,3.90,3.9000,true,1,13246
7290017888972,false,מים מינרליים מי עדן,יפאורה תבורי,IL,מי עדן,ליטרים,1.00,ליטר,false,,3.90,3.9000,true,1,13257
7290017894010,false,גרין קוקו - מי קוקוס,,,גרין קוקו - מי קוקוס,יחידה,0.00,יחידה,false,,18.90,0.0000,true,1,39278
7290017894089,false,דגש קמח שיבולת שועל,,,דגש קמח שיבולת שועל,יחידה,500.00,יחידה,false,,19.90,0.0398,true,1,39283
7290017894256,false,דגש - פריכיות אורז מ,,,דגש - פריכיות אורז מ,יחידה,230.00,יחידה,false,,13.90,0.0604,true,1,39289
7290017917382,false,*מבצע* קמיל אל סבון,,IL,דר פישר,ליטרים,1.00,ליטר,false,,12.90,12.9000,true,1,14584
7290017917399,false,מגבון טיפולי קמיל בל,"ד""ר פישר",IL,קמיל בלו,יח,100.00,יח,false,,14.90,0.1490,true,1,14585
7290017917450,false,*מבצע* קמיל בלו סנסי,,,*מבצע* קמיל בלו סנסי,ליטרים,1.00,ליטר,false,,24.90,24.9000,true,1,14586
7290017917467,false,*מבצע* קמיל בלו אל ס,,,*מבצע* קמיל בלו אל ס,ליטרים,1.00,ליטר,false,,24.90,24.9000,true,1,14587
7290017917764,false,*מבצע* קרם גוף אפקטי,"ד""ר פישר",,"ד""ר פישר",מיליליטרים,450.00,"100 מ""ל",false,,21.90,0.0487,true,1,14595
7290017917986,false,"ד""ר פישר אולטרסול בי","ד""ר פישר",IL,אולטרסול,מיליליטרים,250.00,"100 מ""ל",false,,59.90,0.2396,true,1,14596
7290017925554,false,*מבצע* בירה באדוויזר,באדוויזר בודוואר צכי,,*מבצע* בירה באדוויזר,ליטרים,1.65,ליטר,false,,24.90,15.0909,true,1,37179
7290017928036,false,מקלות גריסיני שומשום,מאיר בייגל,IL,מאיר בייגל,גרמים,175.00,100 גרם,false,,11.90,0.0680,true,1,8417
7290017928043,false,גריסיני קראנץ' עם מל,מאיר בייגל,IL,מאיר בייגל,גרמים,175.00,100 גרם,false,,11.90,0.0680,true,1,8418
7290017928098,false,שטוחלה מלח 330 גרם,מאיר בייגל,IL,מאיר בייגל,גרמים,330.00,100 גרם,false,,10.90,0.0330,true,1,35638
7290017928227,false,בייגלה פינוקים שטוח',מאיר בייגל,IL,מאיר בייגל,גרמים,300.00,100 גרם,false,,10.90,0.0363,true,1,8420
7290017928463,false,*מבצע* שברי בייגלה ב,סבימקס,BG,*מבצע* שברי בייגלה ב,גרמים,300.00,100 גרם,false,,10.00,0.0333,true,1,8422
7290017928630,false,גריסיני קראנץ' פינוק,מאיר בייגל,IL,מאיר בייגל,גרמים,175.00,100 גרם,false,,11.90,0.0680,true,1,25730
7290017928661,false,*מבצע* שברי בייגלה ב,סבימקס,BG,*מבצע* שברי בייגלה ב,גרמים,300.00,100 גרם,false,,10.00,0.0333,true,1,8424
7290017928807,false,בייגלה אצבעות עם שומ,מאיר בייגל,IL,מאיר בייגל,גרמים,300.00,100 גרם,false,,10.90,0.0363,true,1,8425
7290017928821,false,מקלות גריסיני קלאסי,מאיר בייגל,IL,מאיר בייגל,גרמים,200.00,100 גרם,false,,11.90,0.0595,true,1,8426
7290017946368,false,*מבצע* מארז שלשות כד,הנקל סוד,RS,סוד,גרמים,150.00,100 גרם,false,,14.90,0.0993,true,1,25961
7290017946474,false,"תחליב רחצה 700 מ""ל",דגיל,IL,"תחליב רחצה 700 מ""ל",מיליליטרים,700.00,"100 מ""ל",false,,11.90,0.0170,true,1,5808
7290017947105,false,לחם בסגנון אמריקה אנ,אנג'ל,IL,אנגל,גרמים,500.00,100 גרם,false,,14.90,0.0298,true,1,6127
7290017947464,false,פיתות כוסמין שמיניה,אנג'ל,IL,אנגל,8   יח,8.00,8   יח,false,,15.90,1.9875,true,1,6128
7290017947495,false,לחמניות כוסמין 6 יחי,אנג'ל,IL,לחמניות כוסמין,גרמים,450.00,100 גרם,false,,15.90,0.0353,true,1,6131
7290017947891,false,כוסמין וחיטה מלאה 75,אנג'ל,IL,אנגל,גרמים,750.00,100 גרם,false,,16.90,0.0225,true,1,6133
7290017947921,false,שישיית לחמניות המבור,אנג'ל,IL,אנגל,יח,6.00,יח,false,,14.90,2.4833,true,1,6135
7290017947938,false,לחמניות מיני המבורגר,אנג'ל,IL,לחמניות,גרמים,400.00,100 גרם,false,,14.90,0.0373,true,1,6136
7290017973029,false,ריבת תות שדה 900 גרם,"י.א.א עולם הפרי בע""מ",IL,רוסמן,גרמים,900.00,100 גרם,false,,19.90,0.0221,true,1,12825
7290017973036,false,קונפיטורת פירות יער,"י.א.א עולם הפרי בע""מ",IL,רוסמן,גרמים,900.00,100 גרם,false,,19.90,0.0221,true,1,12826
7290017973074,false,ריבת אפרסק 900 גרם,"י.א.א עולם הפרי בע""מ",IL,רוסמן,גרמים,900.00,100 גרם,false,,19.90,0.0221,true,1,12828
7290018023495,false,טחינה סבא חביב 500 ג,מ.א ושות',IL,סבא חביב,גרמים,500.00,100 גרם,false,,14.90,0.0298,true,1,1770
7290018045084,false,*מבצע* דגנים במילוי,monday,DE,*מבצע* דגנים במילוי,גרמים,480.00,100 גרם,false,,15.90,0.0331,true,1,36569
7290018045497,false,*מבצע* דגנים במילוי,monday,DE,*מבצע* דגנים במילוי,גרמים,480.00,100 גרם,false,,15.90,0.0331,true,1,36570
7290018045695,false,*מבצע* דגנים במילוי,monday,DE,*מבצע* דגנים במילוי,גרמים,480.00,100 גרם,false,,15.90,0.0331,true,1,36571
7290018045893,false,*מבצע* דגנים במילוי,monday,DE,*מבצע* דגנים במילוי,גרמים,480.00,100 גרם,false,,15.90,0.0331,true,1,36572
7290018071434,false,מימיה עם קש סיליקון,J.B. Comp Lt,CN,טוליפס,יח',1.00,יח',false,,21.90,21.9000,true,1,39127
7290018091029,false,מקלות פילו תפוא 450,מעדנות,IL,מעדנות,גרמים,450.00,100 גרם,false,,17.90,0.0398,true,1,27591
7290018091074,false,בצק עוגיות שוקולד צ',מעדנות,IL,בצק עוגיות שוקולד צ',גרמים,300.00,100 גרם,false,,16.90,0.0563,true,1,38897
7290018091234,false,פיצה מקסיקנית מעדנות,מעדנות,IL,מעדנות,גרמים,260.00,100 גרם,false,,14.90,0.0573,true,1,27597
7290018091272,false,בצק עוגיות קקאו טריפ,מעדנות,IL,בצק עוגיות קקאו טריפ,גרמים,300.00,100 גרם,false,,16.90,0.0563,true,1,38898
7290018091661,false,פיצה שוק,תנובה,IL,פיצה שוק,גרמים,380.00,100 גרם,false,,19.90,0.0524,true,1,35432
7290018091821,false,פיצה נפוליטנה מעדנות,מעדנות,IL,מעדנות,גרמים,200.00,100 גרם,false,,14.90,0.0745,true,1,27608
7290018098592,false,שווארמה 300 גרם beef,כל טוב,,שווארמה 300 גרם beef,גרמים,300.00,100 גרם,false,,21.90,0.0730,true,1,39372
7290018131831,false,מאגדת שלגון מילקה ונ,גלידות נסטלה,IL,גלידות נסטלה,יח,4.00,יח,false,,32.90,8.2250,true,1,15639
7290018131855,false,אקסטרים בראוניז 6 יח,גלידות נסטלה,IL,אקסטרים,יח',6.00,יח',false,,32.90,5.4833,true,1,15640
7290018131879,false,אקסטרים ריבת חלב 6 י,גלידות נסטלה,IL,אקסטרים,יח',6.00,יח',false,,32.90,5.4833,true,1,15641
7290018131930,false,מאגדת לה פרוטה בננה,גלידות נסטלה,IL,לה פרוטה,גרמים,350.00,100 גרם,false,,27.90,0.0797,true,1,15643
7290018131954,false,מאגדת לה פרוטה תות ש,גלידות נסטלה,IL,לה פרוטה,גרמים,350.00,100 גרם,false,,27.90,0.0797,true,1,15644
7290018156124,false,שלישיית אל סבון קמיל,"ד""ר פישר",IL,קמיל,גרמים,1.50,100 גרם,false,,19.90,13.2667,true,1,14602
7290018156483,false,"סרקל שמפו 750 מ""ל","ד""ר פישר",,"ד""ר פישר",מיליליטרים,750.00,"100 מ""ל",false,,24.90,0.0332,true,1,14604
7290018156490,false,"סרקל מרכך 750 מ""ל","ד""ר פישר",,"ד""ר פישר",מיליליטרים,750.00,"100 מ""ל",false,,24.90,0.0332,true,1,14605
7290018165447,false,*מבצע* יין רזרב מרלו,ברקן סגל,IL,ספיישל רזרב,מיליליטרים,750.00,"100 מ""ל",false,,39.90,0.0532,true,1,12621
7290018186008,false,שרי אשכולות ארוז,,,שרי אשכולות ארוז,גרמים,460.00,100 גרם,false,,8.90,0.0193,true,1,1744
7290018192023,false,סלרי חתוך יח',,,סלרי חתוך יח',יח',1.00,יח',false,,5.90,5.9000,true,1,32092
7290018192658,false,מארז פטריות זוג איטל,,IL,מארז פטריות זוג,יח',1.00,יח',false,,15.90,15.9000,true,1,32105
7290018194065,false,אורז בסמטי פרימו 1 ק,וינדו רייס מיילז פרי,IN,אורז בסמטי פרימו 1 ק,קילוגרמים,1.00,"ק""ג",false,,9.90,9.9000,true,1,37604
7290018198148,false,קריספי צ'יפס קלאסי ת,אסם,IL,קריספי צ'יפס קלאסי ת,קילוגרמים,1.25,"ק""ג",false,,22.90,18.3200,true,1,34527
7290018198209,false,צ'יפס בטטה קראנצי 50,"תעשיות תפוגן בע""מ",IL,צ'יפס בטטה קראנצי 50,גרמים,500.00,100 גרם,false,,17.90,0.0358,true,1,4766
7290018198254,false,קריספי צ'יפס פוטטוס,אסם,IL,קריספי צ'יפס פוטטוס,קילוגרמים,1.25,"ק""ג",false,,22.90,18.3200,true,1,34528
7290018208052,false,תמר לח חיאני 500 גרם,,,תמר לח חיאני 500 גרם,גרמים,500.00,100 גרם,false,,9.90,0.0198,true,1,42268
7290018236635,false,*מבצע* עוף טוב צ'ונג,עוף טוב,IL,*מבצע* עוף טוב צ'ונג,גרמים,600.00,100 גרם,false,,29.90,0.0498,true,1,4768
7290018237281,false,נקניק סלמי ירדן 550,עוף טוב,IL,עוף טוב,גרמים,550.00,100 גרם,false,,21.90,0.0398,true,1,35248
7290018237410,false,פסטרמה במעשנה מנתח ש,"עוף טוב (שאן) בע""מ",IL,פסטרמה במעשנה מנתח ש,גרמים,300.00,100 גרם,false,,26.90,0.0897,true,1,35043
7290018237489,false,פסטרמה ברביקיו דק דק,"עוף טוב (שאן) בע""מ",IL,פסטרמה ברביקיו דק דק,גרמים,220.00,100 גרם,false,,19.90,0.0905,true,1,37115
7290018237502,false,כתף בקר דק דק 200 גר,"עוף טוב (שאן) בע""מ",IL,כתף בקר דק דק 200 גר,גרמים,200.00,100 גרם,false,,19.90,0.0995,true,1,37117
7290018237922,false,*מבצע* שניצלונים בצי,עוף טוב,IL,עוף טוב,גרמים,700.00,100 גרם,false,,12.90,0.0184,true,1,38062
7290018237960,false,כתף בקר עוף טוב 265,עוף טוב,IL,עוף טוב,גרמים,265.00,100 גרם,false,,24.90,0.0940,true,1,40234
7290018237984,false,סלמי פפרוני מפולפל 3,עוף טוב,IL,עוף טוב,גרמים,320.00,100 גרם,false,,24.90,0.0778,true,1,40235
7290018249154,false,סוויטאנגו ממרח קקאו,"אחדות ביח""ר לטחינה ח",,סוויטאנגו ממרח קקאו,גרמים,350.00,100 גרם,false,,32.90,0.0940,true,1,39796
7290018249994,false,סוויטאנגו ממתיק 700,מתבל תעשיות מזון,IL,סוויטאנגו ממתיק 700,גרמים,700.00,100 גרם,false,,59.90,0.0856,true,1,17346
7290018282038,false,מגבוני טואלט לחים של,,,מגבוני טואלט לחים של,יח,3.00,יח,false,,9.90,3.3000,true,1,34942
7290018282199,false,אל סבון משאבה יוחננו,,,אל סבון משאבה יוחננו,ליטרים,1.00,ליטר,false,,8.90,8.9000,true,1,34934
7290018282595,false,אל סבון משאבה יוחננו,,,אל סבון משאבה יוחננו,ליטרים,1.00,ליטר,false,,8.90,8.9000,true,1,34936
7290018282793,false,מטליות לניקוי רצפה י,,,מטליות לניקוי רצפה י,יח,1.00,יח,false,,7.90,7.9000,true,1,34939
7290018282847,false,אל סבון משאבה יוחננו,,,אל סבון משאבה יוחננו,ליטרים,1.00,ליטר,false,,8.90,8.9000,true,1,34937
7290018294192,false,בלנד היינן פרייבט קו,יקבי כרמל,IL,Private collection,מיליליטרים,750.00,"100 מ""ל",false,,39.90,0.0532,true,1,36654
7290018294352,false,*מבצע* ארק כרמל,יקבי כרמל,IL,*מבצע* ארק כרמל,מיליליטרים,700.00,"100 מ""ל",false,,49.90,0.0713,true,1,37316
7290018294383,false,*מבצע* פינו גריג'יו,יקבי כרמל,IL,גליל עליון,מיליליטרים,750.00,"100 מ""ל",false,,54.90,0.0732,true,1,38686
7290018294901,false,מונלייט אדום יבש 750,יקבי כרמל,IL,מונלייט אדום יבש 750,מיליליטרים,750.00,"100 מ""ל",false,,34.90,0.0465,true,1,39977
7290018296042,false,לחם טוסט אמריקה 500,מאפיית אגמי,,לחם טוסט אמריקה 500,גרמים,500.00,100 גרם,false,,12.90,0.0258,true,1,34923
7290018296448,false,לחם בריוש 500 גרם,מאפיית אגמי,IL,אגמי,גרמים,500.00,100 גרם,false,,13.90,0.0278,true,1,37057
7290018296455,false,לחם דגנים קל חלי ממן,מאפיית אגמי,IL,אגמי,גרמים,750.00,100 גרם,false,,16.90,0.0225,true,1,37055
7290018296608,false,לחם בריאות ושובע 9 ד,,,לחם בריאות תשע דגנים,גרמים,600.00,100 גרם,false,,13.90,0.0232,true,1,28516
7290018296615,false,10 פיתה ביס כוסמין מ,מאפיית אגמי,IL,10 פיתה ביס כוסמין מ,גרמים,450.00,100 גרם,false,,15.90,0.0353,true,1,28517
7290018296653,false,לחם אחיד פלוס כוסמין,מאפיית אגמי,IL,אגמי,גרמים,700.00,100 גרם,false,,16.90,0.0241,true,1,37056
7290018296806,false,לחם בריאות ושובע מוע,,,לחם בריאות קל,גרמים,600.00,100 גרם,false,,13.90,0.0232,true,1,28519
7290018296813,false,10 פיתה קלה ביס,,,לחם בריאות זיתים,יח',450.00,יח',false,,13.90,0.0309,true,1,28520
7290018333006,false,שוקולד פרימיום70% לל,,IL,שוקולד פרימיום70% לל,גרמים,100.00,100 גרם,false,,7.90,0.0790,true,1,39496
7290018343296,false,*מבצע* אלכוג'ל 100 מ,"ד""ר פישר",IL,"ד""ר פישר",מיליליטרים,100.00,"100 מ""ל",false,,9.90,0.0990,true,1,40265
7290018343319,false,"שמפו לשיער מתולתל ד""","ד""ר פישר",IL,"שמפו לשיער מתולתל ד""",מיליליטרים,400.00,"100 מ""ל",false,,29.90,0.0747,true,1,14606
7290018343517,false,*מבצע* מגבונים לניקו,"ד""ר פישר",IL,*מבצע* מגבונים לניקו,יח',60.00,יח',false,,9.90,0.1650,true,1,14614
7290018359129,false,עגבניות פולפה יכין 6,אמיליאנה קונסרב,IT,עגבניות פולפה יכין 6,גרמים,690.00,100 גרם,false,,10.90,0.0158,true,1,35500
7290018359334,false,פריכוז שף יכין 580 ג,זנלכל,IL,פריכוז שף,גרמים,580.00,100 גרם,false,,9.90,0.0171,true,1,11722
7290018359358,false,מארז פריכוז יכין 3*2,יכין,,מארז פריכוז יכין 3*2,גרמים,600.00,100 גרם,false,,12.90,0.0215,true,1,35501
7290018359471,false,קראנצ'י חטיף תפוחים,,TR,קראנצ'י חטיף תפוחים,גרמים,18.00,100 גרם,false,,5.90,0.3278,true,1,34796
7290018359495,false,תירס מהשדה יכין 550,זנלכל,IL,תירס מהשדה יכין 550,גרמים,550.00,100 גרם,false,,9.90,0.0180,true,1,11723
7290018359518,false,שלישיית תירס מהשדה י,זנלכל,IL,שלישיית תירס מהשדה י,גרמים,600.00,100 גרם,false,,14.90,0.0248,true,1,11724
7290018359556,false,*מבצע* תירס מהשדה יכ,זנלכל,IL,*מבצע* תירס מהשדה יכ,גרמים,400.00,100 גרם,false,,6.90,0.0173,true,1,11725
7290018359686,false,*מבצע* חומוס ענק יכי,יכין,IL,*מבצע* חומוס ענק יכי,גרמים,550.00,100 גרם,false,,8.90,0.0162,true,1,34537
7290018359938,false,*מבצע* רוטב עגבניות,יכין,IL,*מבצע* רוטב עגבניות,גרמים,400.00,100 גרם,false,,9.90,0.0248,true,1,38904
7290018359945,false,*מבצע* חאריפה -רוטב,יכין,IL,*מבצע* חאריפה -רוטב,גרמים,400.00,100 גרם,false,,9.90,0.0248,true,1,38905
7290018359952,false,*מבצע* רוטב עגבניות,יכין,IL,*מבצע* רוטב עגבניות,גרמים,400.00,100 גרם,false,,9.90,0.0248,true,1,38906
7290018359969,false,*מבצע* רוטב עגבניות,יכין,IL,*מבצע* רוטב עגבניות,גרמים,400.00,100 גרם,false,,9.90,0.0248,true,1,38907
7290018380215,false,קורנישון מיני פיקנטי,קולמן,IN,תומר,גרמים,720.00,100 גרם,false,,10.90,0.0151,true,1,22514
7290018380871,false,פטיסון 670 גרם,אי סי אס,MD,תומר,גרמים,670.00,100 גרם,false,,14.90,0.0222,true,1,36190
7290018394038,false,פטריות שיטאקי מיובשו,,,פטריות שיטאקי מיובשות,גרמים,25.00,100 גרם,false,,7.90,0.3160,true,1,32373
7290018394083,false,שום פנינה,,IL,פטריות יער,יח',1.00,יח',false,,13.90,13.9000,true,1,34815
7290018394113,false,פטריות שי מגי דואט,,IL,פטריות יער,גרמים,300.00,100 גרם,false,,17.90,0.0597,true,1,37018
7290018394151,false,מיקס פטריות אקזוטי י,"פנטה אמפאק בע""מ",IL,פטריות שיטאקי טרי,גרמים,400.00,100 גרם,false,,24.90,0.0622,true,1,38813
7290018400036,false,חגיגת טעמים כתומים 8,"סנפרוסט בע""מ",IL,חגיגת טעמים כתומים 8,גרמים,800.00,100 גרם,false,,22.90,0.0286,true,1,27704
7290018400616,false,לקט ירקות ירוקים להק,תנובה,IL,לקט ירקות ירוקים להק,גרמים,700.00,100 גרם,false,,22.90,0.0327,true,1,27709
7290018400647,false,בננה תמר סמוטיז,"סנפרוסט בע""מ",IL,סנפרוסט,גרמים,300.00,100 גרם,false,,12.90,0.0430,true,1,27710
7290018400661,false,לקט פאייה בסגנון ספר,"סנפרוסט בע""מ",IL,סנפרוסט,גרמים,800.00,100 גרם,false,,22.90,0.0286,true,1,34549
7290018400807,false,טברנה יוונית סנפרוסט,"סנפרוסט בע""מ",IL,סנפרוסט,גרמים,800.00,100 גרם,false,,22.90,0.0286,true,1,27711
7290018440070,false,תרכיז עגבניות בשפורפ,אמיליאנה קונסרב,IT,תרכיז עגבניות בשפורפ,מיליליטרים,200.00,"100 מ""ל",false,,8.90,0.0445,true,1,20068
7290018440209,false,בייגלה פליפז בציפוי,אולקר מקבוצת פלאדיס,TR,פליפז,גרמים,140.00,100 גרם,false,,8.90,0.0636,true,1,20070
7290018440384,false,*מבצע* תה ירוק מאטה,ויסוצקי,IL,ויסוצקי,גרמים,937.50,100 גרם,false,,17.90,0.0191,true,1,35067
7290018440391,false,*מבצע* תה ירוק מאטה,ויסוצקי,IL,ויסוצקי,גרמים,937.50,100 גרם,false,,17.90,0.0191,true,1,35068
7290018440438,false,*מבצע* טונה EASY  בש,קאלבו קונסרבס ס.ל.ו,ES,*מבצע* טונה EASY  בש,גרמים,195.00,100 גרם,false,,22.90,0.1174,true,1,37344
7290018440445,false,*מבצע* טונה בשמן זית,קאלבו קונסרבס ס.ל.ו,ES,*מבצע* טונה בשמן זית,גרמים,160.00,100 גרם,false,,12.90,0.0806,true,1,37347
7290018440483,false,בייגלה פליפז מצופה ב,אולקר מקבוצת פלאדיס,TR,פליפז,גרמים,140.00,100 גרם,false,,8.90,0.0636,true,1,34381
7290018440490,false,*מבצע* סלט טונה עם ק,קאלבו קונסרבס ס.ל.ו,ES,*מבצע* סלט טונה עם ק,גרמים,150.00,100 גרם,false,,12.90,0.0860,true,1,37349
7290018440520,false,*מבצע* סלט טונה מקסי,קאלבו קונסרבס ס.ל.ו,ES,*מבצע* סלט טונה מקסי,גרמים,150.00,100 גרם,false,,12.90,0.0860,true,1,37352
7290018441985,false,פרצלס עם הכל,מוצרי איכות אמריקאיי,IL,בראנץ וקראנץ,גרמים,280.00,100 גרם,false,,14.90,0.0532,true,1,35175
7290018468418,false,פסטרמה צמחונית בטעם,טירת צבי,IL,פסטרמה צמחונית בטעם,גרמים,120.00,100 גרם,false,,17.90,0.1492,true,1,42568
7290018471029,false,שוופס סודה לימון 0.5,יפאורה תבורי,IL,שוופס,מיליליטרים,500.00,"100 מ""ל",false,,13.90,0.0278,true,1,13261
7290018471180,false,*מבצע* פרוט & ווג' א,יפאורה תבורי,IL,*מבצע* פרוט & ווג' א,ליטרים,1.00,ליטר,false,,9.90,9.9000,true,1,13266
7290018471197,false,*מבצע* פרוט & ווג' ת,יפאורה תבורי,IL,*מבצע* פרוט & ווג' ת,ליטרים,1.00,ליטר,false,,9.90,9.9000,true,1,13267
7290018471395,false,*מבצע* פרוט & ווג' ת,יפאורה תבורי,IL,*מבצע* פרוט & ווג' ת,ליטרים,1.00,ליטר,false,,9.90,9.9000,true,1,13271
7290018471401,false,*מבצע* פרוט & ווג' א,יפאורה תבורי,IL,*מבצע* פרוט & ווג' א,ליטרים,1.00,ליטר,false,,9.90,9.9000,true,1,13272
7290018471449,false,ספרינג שייק בננה תמר,יפאורה תבורי,IL,ספרינג שייק בננה תמר,ליטרים,1.00,ליטר,false,,11.90,11.9000,true,1,34417
7290018471456,false,ספרינג שייק אננס מנג,יפאורה תבורי,IL,ספרינג שייק אננס מנג,ליטרים,1.00,ליטר,false,,11.90,11.9000,true,1,34418
7290018471463,false,תפוזינה נקטר קרטונית,יפאורה תבורי,IL,תפוזינה נקטר קרטונית,ליטרים,1.00,ליטר,false,,6.80,6.8000,true,1,13273
7290018471470,false,תפוזינה נקטר קרטונית,יפאורה תבורי,IL,תפוזינה נקטר קרטונית,ליטרים,1.00,ליטר,false,,6.80,6.8000,true,1,13274
7290018471616,false,שוופס אינדיאן טוניק,יפאורה תבורי,IL,שוופס אינדיאן טוניק,ליטרים,1.00,ליטר,false,,9.10,9.1000,true,1,13280
7290018471630,false,שוופס טוניק מלפפון ל,יפאורה תבורי,IL,שוופס טוניק מלפפון ל,ליטרים,1.00,ליטר,false,,9.10,9.1000,true,1,13282
7290018471692,false,ספרינג שייק בננה אננ,יפאורה תבורי,IL,ספרינג שייק בננה אננ,ליטרים,1.00,ליטר,false,,11.90,11.9000,true,1,34419
7290018471906,false,שוופס מוגז פירות לימ,יפאורה תבורי,IL,שוופס פרוטס,ליטרים,1.50,ליטר,false,,8.80,5.8667,true,1,36136
7290018471913,false,שוופס מוגז פירות תפו,יפאורה תבורי,IL,שוופס פרוטס,ליטרים,1.50,ליטר,false,,8.80,5.8667,true,1,36137
7290018471920,false,שוופס מוגז פירות ענב,יפאורה תבורי,IL,שוופס פרוטס,ליטרים,1.50,ליטר,false,,8.80,5.8667,true,1,36138
7290018471937,false,שוופס מוגז פירות תות,יפאורה תבורי,IL,שוופס פרוטס,ליטרים,1.50,ליטר,false,,8.80,5.8667,true,1,36139
7290018471944,false,שוופס מוגז פירות לימ,יפאורה תבורי,IL,שוופס פרוטס,ליטרים,1.50,ליטר,false,,8.80,5.8667,true,1,36140
7290018471951,false,שוופס מוגז פירות אשכ,יפאורה תבורי,IL,שוופס פרוטס,ליטרים,1.50,ליטר,false,,8.80,5.8667,true,1,36141
7290018493144,false,*מבצע* קמיל אל סבון,,IL,דר פישר,ליטרים,1.00,ליטר,false,,12.90,12.9000,true,1,14620
7290018493878,false,שמפו סרקל משאבה 750,דר פישר,IL,שמפו סרקל משאבה 750,מיליליטרים,750.00,"100 מ""ל",false,,19.90,0.0265,true,1,34435
7290018493892,false,אל סבון קמיל בלו סנס,דר פישר,IL,אל סבון קמיל בלו סנס,מיליליטרים,750.00,"100 מ""ל",false,,19.90,0.0265,true,1,34437
7290018493908,false,קמיל בלו סנסטיב  אל,דר פישר,IL,קמיל בלו סנסטיב  אל,מיליליטרים,750.00,"100 מ""ל",false,,19.90,0.0265,true,1,34438
7290018493915,false,שמן גוף לתינוק מועשר,דר פישר,IL,שמן גוף לתינוק מועשר,מיליליטרים,200.00,"100 מ""ל",false,,17.90,0.0895,true,1,37702
7290018493977,false,*מבצע* אל סבון בתמצי,,IL,דר פישר,ליטרים,1.00,ליטר,false,,12.90,12.9000,true,1,35421
7290018500361,false,לחם אחיד פרוס אנגל 9,,,לחם אחיד פרוס אנגל 9,גרמים,900.00,100 גרם,false,,8.30,0.0092,true,1,39937
7290018500385,false,חלה רגילה אנג'ל 650,,,חלה רגילה אנג'ל 650,גרמים,650.00,100 גרם,false,,5.10,0.0078,true,1,40026
7290018516324,false,מחית פרינוק תפוח ושי,פרוטה פודווין איי.אס,CZ,רנדי,גרמים,120.00,100 גרם,false,,5.90,0.0492,true,1,34954
7290018516331,false,מחית פרינוק תפוח בננ,פרוטה פודווין איי.אס,CZ,רנדי,גרמים,120.00,100 גרם,false,,5.90,0.0492,true,1,34955
7290018516355,false,מחית פרינוק ג'וניור,פרוטה פודווין איי.אס,CZ,רנדי,גרמים,190.00,100 גרם,false,,5.90,0.0311,true,1,36354
7290018516362,false,מחית פרינוק ג'וניור,פרוטה פודווין איי.אס,CZ,רנדי,גרמים,190.00,100 גרם,false,,5.90,0.0311,true,1,36382
7290018516379,false,מחית פרינוק ג'וניור,פרוטה פודווין איי.אס,CZ,רנדי,גרמים,190.00,100 גרם,false,,5.90,0.0311,true,1,36383
7290018516393,false,פרמיו מיקס,,,פרמיו מיקס,קילוגרמים,3.00,"ק""ג",false,,59.90,19.9667,true,1,35817
7290018516546,false,פרימיו קליקט טונה 56,,,פרימיו קליקט טונה 56,גרמים,90.00,100 גרם,false,,9.90,0.1100,true,1,39703
7290018516614,false,הורייזן מחית בשר סלמ,,,הורייזן מחית בשר סלמ,גרמים,90.00,100 גרם,false,,9.90,0.1100,true,1,39700
7290018516744,false,פרימיו סופרים עוף וס,,,פרימיו סופרים עוף וס,קילוגרמים,3.00,"ק""ג",false,,59.90,19.9667,true,1,42799
7290018516751,false,פרימיו סופרים עוף לח,,,פרימיו סופרים עוף לח,קילוגרמים,3.00,"ק""ג",false,,59.90,19.9667,true,1,42800
7290018516928,false,פרימו בקר וכבד במרקם,,,פרימו בקר וכבד במרקם,גרמים,300.00,100 גרם,false,,9.90,0.0330,true,1,39707
7290018516942,false,פרימיו סופרים מועשר,,,פרימיו סופרים מועשר,קילוגרמים,3.00,"ק""ג",false,,49.90,16.6333,true,1,42801
7290018516959,false,פרימיו סופרים מועשר,,,פרימיו סופרים מועשר,קילוגרמים,3.00,"ק""ג",false,,49.90,16.6333,true,1,42802
7290018540817,false,לחם מחמצת כוסמין ארט,,IL,אנגל,גרמים,500.00,100 גרם,false,,18.90,0.0378,true,1,35961
7290018571507,false,סוכריות ויטמין סי יל,מיה,IL,סוכריות ויטמין סי יל,גרמים,175.00,100 גרם,false,,39.90,0.2280,true,1,42493
7290018571521,false,סוכריות מולטי ויטמין,מיה,IL,סוכריות מולטי ויטמין,גרמים,175.00,100 גרם,false,,39.90,0.2280,true,1,42495
7290018571538,false,סוכריות חורף פרופולי,מיה,IL,סוכריות חורף פרופולי,גרמים,175.00,100 גרם,false,,39.90,0.2280,true,1,42496
7290018571620,false,סוכריות מולטי ויטמין,מיה,IL,סוכריות מולטי ויטמין,גרמים,240.00,100 גרם,false,,39.90,0.1662,true,1,42502
7290018652039,false,*מבצע* לה קרמריה קרמ,גלידות נסטלה,IL,לה קרמריה,ליטרים,1.40,ליטר,false,,17.90,12.7857,true,1,15647
7290018652213,false,*מבצע* מאגדת קראנץ',פרונרי איטליה,IT,*מבצע* מאגדת קראנץ',יח',6.00,יח',false,,19.90,3.3167,true,1,36882
7290018652671,false,*מבצע* לה קרמריה שוק,גלידות נסטלה,IL,לה קרמריה,ליטרים,1.40,ליטר,false,,17.90,12.7857,true,1,36883
7290018652688,false,*מבצע* לה קרמריה טרו,גלידות נסטלה,IL,לה קרמריה,ליטרים,1.40,ליטר,false,,17.90,12.7857,true,1,36884
7290018652886,false,מצופים שוקו בננה 8 י,גלידות נסטלה,IL,גלידות נסטלה,יח',8.00,יח',false,,27.90,3.4875,true,1,40916
7290018652909,false,אספרסו שוקולד 6 יח’,גלידות נסטלה,IL,גלידות נסטלה,יח',6.00,יח',false,,28.90,4.8167,true,1,36867
7290018652923,false,תות עוגת גבינה 6 יח’,גלידות נסטלה,IL,גלידות נסטלה,יח',6.00,יח',false,,28.90,4.8167,true,1,36868
7290018687567,false,נוזל רצפה 2 ליטר יוח,,,נוזל רצפה 2 ליטר יוח,ליטרים,2.00,ליטר,false,,9.90,4.9500,true,1,34929
7290018687574,false,נוזל רצפה 2 ליטר יוח,,,נוזל רצפה 2 ליטר יוח,ליטרים,2.00,ליטר,false,,9.90,4.9500,true,1,34930
7290018687598,false,ג'ל כביסה 3 ליטר יוח,,,ג'ל כביסה 3 ליטר יוח,ליטרים,3.00,ליטר,false,,17.90,5.9667,true,1,34932
7290018687604,false,ג'ל כביסה 3 ליטר יוח,,,ג'ל כביסה 3 ליטר יוח,ליטרים,3.00,ליטר,false,,17.90,5.9667,true,1,34933
7290018687611,false,מרכך כביסה מרוכז יוח,,,מרכך כביסה מרוכז יוח,ליטרים,1.00,ליטר,false,,8.90,8.9000,true,1,34926
7290018687628,false,מרכך כביסה מרוכז יוח,,,מרכך כביסה מרוכז יוח,ליטרים,1.00,ליטר,false,,8.90,8.9000,true,1,34927
7290018687635,false,מרכך כביסה מרוכז יוח,,,מרכך כביסה מרוכז יוח,ליטרים,1.00,ליטר,false,,8.90,8.9000,true,1,34928
7290018687840,false,ג'ל כביסה ירוק 5 ליט,,,ג'ל כביסה ירוק 5 ליט,ליטרים,5.00,ליטר,false,,26.90,5.3800,true,1,36643
7290018687857,false,ג'ל כביסה כחול 5 ליט,,,ג'ל כביסה כחול 5 ליט,ליטרים,5.00,ליטר,false,,26.90,5.3800,true,1,36644
7290018687895,false,קפסולות ג'ל מרוכזות,,,קפסולות ג'ל מרוכזות,יח',36.00,יח',false,,24.90,0.6917,true,1,36928
7290018687918,false,נוזל כלים יוחננוף לי,,,נוזל כלים יוחננוף לי,מיליליטרים,750.00,"100 מ""ל",false,,6.90,0.0092,true,1,36921
7290018687925,false,נוזל כלים יוחננוף תפ,,,נוזל כלים יוחננוף תפ,מיליליטרים,750.00,"100 מ""ל",false,,6.90,0.0092,true,1,36922
7290018687932,false,נוזל כלים יוחננוף לב,,,נוזל כלים יוחננוף לב,מיליליטרים,750.00,"100 מ""ל",false,,6.90,0.0092,true,1,36923
7290018687949,false,נוזל כלים יוחננוף לי,,,נוזל כלים יוחננוף לי,ליטרים,1.50,ליטר,false,,9.90,6.6000,true,1,36924
7290018687956,false,נוזל כלים יוחננוף תפ,,,נוזל כלים יוחננוף תפ,ליטרים,1.50,ליטר,false,,9.90,6.6000,true,1,36925
7290018687963,false,נוזל כלים יוחננוף לב,,,נוזל כלים יוחננוף לב,ליטרים,1.50,ליטר,false,,9.90,6.6000,true,1,36926
7290018687987,false,קפסולות ג'ל מרוכזות,,,קפסולות ג'ל מרוכזות,יח',36.00,יח',false,,24.90,0.6917,true,1,36929
7290018687994,false,ג'ל מרוכז לכביסה צבע,"גליל כימיכלים בע""מ",IL,ג'ל מרוכז לכביסה צבע,ליטרים,3.00,ליטר,false,,17.90,5.9667,true,1,37669
7290018708118,false,חלבה שאמית וניל פיסט,,,חלבה שאמית בארכה,גרמים,350.00,100 גרם,false,,14.90,0.0426,true,1,36544
7290018720011,false,ביסקוויט קרנבל חיות,הגביע,IL,ביסקוויט קרנבל חיות,גרמים,250.00,100 גרם,false,,5.90,0.0236,true,1,34424
7290018720028,false,ביסקוויט אותיות 250,הגביע,IL,ביסקוויט אותיות 250,גרמים,250.00,100 גרם,false,,5.90,0.0236,true,1,34425
7290018720103,false,וופל ללא סוכר,"גילרו בע""מ",IL,מעדני המלך,גרמים,250.00,100 גרם,false,,7.90,0.0316,true,1,35023
7290018720110,false,יאמי עוגיות ממולאות,הגביע,IL,יאמי עוגיות ממולאות,גרמים,150.00,100 גרם,false,,6.90,0.0460,true,1,35255
7290018720189,false,ביסקוויט קסטה בטעם ש,הגביע,IL,מעדני מלך,גרמים,200.00,100 גרם,false,,5.50,0.0275,true,1,40763
7290018720219,false,*מבצע* פצפוצי אורז ל,,IL,*מבצע* פצפוצי אורז ל,גרמים,250.00,100 גרם,false,,9.90,0.0396,true,1,40764
7290018720226,false,*מבצע* פצפוצי אורז 2,,IL,*מבצע* פצפוצי אורז 2,גרמים,250.00,100 גרם,false,,9.90,0.0396,true,1,40765
7290018757116,false,קמח שקדים 250 גרם לל,"אשבל פונקציות בע""מ",IL,קמח שקדים 250 גרם לל,גרמים,250.00,100 גרם,false,,28.90,0.1156,true,1,17347
7290018792841,false,אבקת קקאו טבעי 150 ג,אברמוביץ עזר קקאו וש,GH,אבקת קקאו טבעי 150 ג,גרמים,150.00,100 גרם,false,,9.90,0.0660,true,1,39823
7290018795842,false,שיני שום קלופות 500,,,שיני שום קלופות 500,גרמים,500.00,100 גרם,false,,16.90,0.0338,true,1,40098
7290018823002,false,מלפפון בייבי אורגני,,,מלפפון בייבי אורגני,גרמים,250.00,100 גרם,false,,9.90,0.0396,true,1,36282
7290018823200,false,שרי אורגני 500 גרם,,,שרי אורגני 500 גרם,גרמים,500.00,100 גרם,false,,12.90,0.0258,true,1,36283
7290018823408,false,פלפל סוויט בייט אורג,,,פלפל סוויט בייט אורג,גרמים,300.00,100 גרם,false,,9.90,0.0330,true,1,36284
7290018824016,false,מגבונים לחים יוחננוף,,IL,מגבונים לחים יוחננוף,יח,1.00,יח,false,,16.90,16.9000,true,1,41256
7290018824894,false,"מנגו 1 ק""ג",א.מ. שרון שיווק,VN,שייקי,קילוגרמים,1.00,"ק""ג",false,,27.90,27.9000,true,1,28795
7290018824917,false,"תות שדה 1 ק""ג",א.מ. שרון שיווק,EG,שייקי,קילוגרמים,1.00,"ק""ג",false,,19.90,19.9000,true,1,28797
7290018824955,false,"אננס 1 ק""ג",א.מ. שרון שיווק,EC,שייקי,קילוגרמים,1.00,"ק""ג",false,,24.90,24.9000,true,1,28801
7290018824979,false,"דובדבן 1 ק""ג",א.מ. שרון שיווק,PL,שייקי,קילוגרמים,1.00,"ק""ג",false,,34.90,34.9000,true,1,28803
7290018824986,false,"אוכמניות כחולות 1 ק""",א.מ. שרון שיווק,PE,שייקי,קילוגרמים,1.00,"ק""ג",false,,34.90,34.9000,true,1,28804
7290018825020,false,"תפו""א גורמה",משתנה,IL,"תפו""א לבן ארוז",קילוגרמים,1.00,"ק""ג",true,,5.90,5.9000,true,1,35247
7290018825815,false,"תפו""א גורמה בייבי",משתנה,IL,"תפו""א לבן ארוז",קילוגרמים,1.00,"ק""ג",true,,4.90,4.9000,true,1,35410
7290018860717,false,אטריות אורז ללא גלוט,,,אטריות אורז ללא גלוט,גרמים,454.00,100 גרם,false,,10.90,0.0240,true,1,36663
7290018860724,false,אטריות אורז ללא גלוט,,,אטריות אורז ללא גלוט,גרמים,454.00,100 גרם,false,,10.90,0.0240,true,1,36664
7290018878224,false,מיני קוקיס בטעם שוקו,Carmit,IL,כרמית,גרמים,600.00,100 גרם,false,,15.90,0.0265,true,1,39939
7290018879979,false,מרשמלו לבן בטעם וניל,Carmit,IL,כרמית,גרמים,150.00,100 גרם,false,,4.50,0.0300,true,1,36631
7290018893036,false,ביסקוויט סנדוויץ בטע,ארלוי,ES,צ'וקטה,גרמים,176.00,100 גרם,false,,6.90,0.0392,true,1,35333
7290018893111,false,צ'וקטה שוקולד מריר ב,נטרה,BE,צ'וקטה שוקולד מריר ב,גרמים,100.00,100 גרם,false,,8.90,0.0890,true,1,36589
7290018893258,false,מארז עוגה אישית צוקט,פרדי קונדטוריה אס פי,IT,יוגטה,גרמים,300.00,100 גרם,false,,11.90,0.0397,true,1,34852
7290018893296,false,עוגיות חמאה מצופות ש,דסטרופר,BE,צ'וקטה,גרמים,100.00,100 גרם,false,,9.90,0.0990,true,1,35821
7290018893319,false,צ'וקטה שוקולד מריר ב,נטרה,BE,צ'וקטה שוקולד מריר ב,גרמים,100.00,100 גרם,false,,8.90,0.0890,true,1,36590
7290018893500,false,צ'וקטה עוגיות סנדווי,ארלוי,ES,צ'וקטה עוגיות סנדווי,גרמים,180.00,100 גרם,false,,4.90,0.0272,true,1,36583
7290018893647,false,עוגיות סנדוויץ שוקול,דסטרופר,BE,צוקטה,גרמים,150.00,100 גרם,false,,9.90,0.0660,true,1,35340
7290018893708,false,צ'וקטה עוגיות סנדווי,ארלוי,ES,צ'וקטה עוגיות סנדווי,גרמים,250.00,100 גרם,false,,7.90,0.0316,true,1,36586
7290018893722,false,בישקוטים צ'וקטה 200,דניסטה,PT,בישקוטים צ'וקטה 200,גרמים,200.00,100 גרם,false,,5.90,0.0295,true,1,38522
7290018893807,false,מארז שוקולד מריר 60%,צ'וקטה,ES,יוגטה,גרמים,300.00,100 גרם,false,,12.90,0.0430,true,1,35050
7290018893814,false,מארז טבלאות שוקולד מ,צ'וקטה,ES,מארז טבלאות שוקולד מ,גרמים,500.00,100 גרם,false,,17.90,0.0358,true,1,35341
7290018893906,false,צ'וקטה עוגיות סנדווי,ארלוי,ES,צ'וקטה עוגיות סנדווי,גרמים,250.00,100 גרם,false,,7.90,0.0316,true,1,36588
7290018893913,false,מקלות בייגלה עם ממרח,נאטקו,IT,מקלות בייגלה עם ממרח,גרמים,52.00,100 גרם,false,,4.90,0.0942,true,1,43152
7290018893920,false,לוקיטוס סוכריות ג'לי,לאבדס,GR,לוקיטוס סוכריות ג'לי,גרמים,700.00,100 גרם,false,,17.90,0.0256,true,1,42772
7290018893937,false,לוקיטוס סוכריות ג'לי,לאבדס,GR,לוקיטוס סוכריות ג'לי,גרמים,300.00,100 גרם,false,,9.90,0.0330,true,1,42774
7290018894019,false,*מבצע* בלקוני עוגות,בלקוני,IT,*מבצע* בלקוני עוגות,גרמים,350.00,100 גרם,false,,11.90,0.0340,true,1,36721
7290018894040,false,שוקולד חלב חמישייה צ,נטרה,FR,שוקולד חלב חמישייה צ,גרמים,500.00,100 גרם,false,,19.90,0.0398,true,1,42768
7290018894408,false,*מבצע* בלקוני וופל ק,בלקוני,IT,*מבצע* בלקוני וופל ק,גרמים,250.00,100 גרם,false,,9.90,0.0396,true,1,36724
7290018894606,false,בלקוני וופל קקאו 175,בלקוני,IT,בלקוני וופל קקאו 175,גרמים,175.00,100 גרם,false,,7.90,0.0451,true,1,36726
7290018894804,false,בלקוני וופל אגוזי לו,בלקוני,IT,בלקוני וופל אגוזי לו,גרמים,175.00,100 גרם,false,,7.90,0.0451,true,1,36727
7290018921067,false,*מבצע* תחליב רחצה אפ,דר פישר,IL,*מבצע* תחליב רחצה אפ,מיליליטרים,700.00,"100 מ""ל",false,,12.90,0.0184,true,1,36326
7290018921166,false,*מבצע* אל סבון מועשר,,IL,דר פישר,ליטרים,1.00,ליטר,false,,12.90,12.9000,true,1,35423
7290018921203,false,*מבצע* קרם החתלה קמו,דר פישר,,*מבצע* קרם החתלה קמו,גרמים,120.00,100 גרם,false,,14.90,0.1242,true,1,41257
7290018921265,false,*מבצע* תחליב רחצה אפ,דר פישר,IL,*מבצע* תחליב רחצה אפ,מיליליטרים,700.00,"100 מ""ל",false,,12.90,0.0184,true,1,36327
7290018921456,false,*מבצע* תחליב רחצה אפ,דר פישר,IL,*מבצע* תחליב רחצה אפ,מיליליטרים,700.00,"100 מ""ל",false,,12.90,0.0184,true,1,36333
7290018921609,false,*מבצע* קרם החתלה קלנ,דר פישר,,*מבצע* קרם החתלה קלנ,גרמים,120.00,100 גרם,false,,14.90,0.1242,true,1,41258
7290018921654,false,*מבצע* תחליב רחצה אפ,דר פישר,IL,*מבצע* תחליב רחצה אפ,מיליליטרים,700.00,"100 מ""ל",false,,12.90,0.0184,true,1,36334
7290018921807,false,*מבצע* משחת החתלה צמ,דר פישר,,*מבצע* משחת החתלה צמ,גרמים,120.00,100 גרם,false,,14.90,0.1242,true,1,41259
7290018925065,false,מיץ תפוזים סחוט 2 לי,"גניר (1992) בע""מ",IL,תוצרת מסחרית,ליטרים,2.00,ליטר,false,,25.90,12.9500,true,1,35865
7290018925096,false,משקה קל תפוזים,גניר,IL,משקה קל תפוזים,ליטרים,1.50,ליטר,false,,7.90,5.2667,true,1,35743
7290018925102,false,משקה קל ענבים,גניר,IL,משקה קל ענבים,ליטרים,1.50,ליטר,false,,7.90,5.2667,true,1,35744
7290018925126,false,משקה קל תפוחי עץ,גניר,IL,משקה קל תפוחי עץ,ליטרים,1.50,ליטר,false,,7.90,5.2667,true,1,35746
7290018925133,false,משקה קל מנגו,גניר,IL,משקה קל מנגו,ליטרים,1.50,ליטר,false,,7.90,5.2667,true,1,35747
7290018925157,false,משקה קל לימונים,גניר,IL,משקה קל לימונים,ליטרים,1.50,ליטר,false,,7.90,5.2667,true,1,35749
7290018925164,false,משקה קל תות בננה,גניר,IL,משקה קל תות בננה,ליטרים,1.50,ליטר,false,,7.90,5.2667,true,1,35750
7290018989005,false,*מבצע* פולפה טבעית 3,יכין,IL,*מבצע* פולפה טבעית 3,גרמים,1200.00,100 גרם,false,,9.90,0.0083,true,1,36671
7290018989081,false,חומוס הבית להכנת חומ,יכין,IL,חומוס הבית להכנת חומ,גרמים,410.00,100 גרם,false,,7.90,0.0193,true,1,38635
7290018989128,false,סירופ בטעם ענבים יכי,יכין,IL,סירופ בטעם ענבים יכי,ליטרים,1.00,ליטר,false,,18.90,18.9000,true,1,38908
7290018989135,false,סירופ בטעם פטל יכין,יכין,IL,סירופ בטעם פטל יכין,ליטרים,1.00,ליטר,false,,18.90,18.9000,true,1,38909
7290019039198,false,נר זיכרון,,IL,מנורה,יח',1.00,יח',false,,9.90,9.9000,true,1,40142
7290019056027,false,שוופס מוגז פירות תפו,יפאורה תבורי,IL,שוופס פרוטס,ליטרים,1.50,ליטר,false,,7.90,5.2667,true,1,36142
7290019056034,false,שוופס מוגז פירות אננ,יפאורה תבורי,IL,שוופס פרוטס,ליטרים,1.50,ליטר,false,,7.90,5.2667,true,1,36143
7290019056041,false,שוופס מוגז פירות לימ,יפאורה תבורי,IL,שוופס פרוטס,ליטרים,1.50,ליטר,false,,7.90,5.2667,true,1,36144
7290019056058,false,שוופס מוגז עדין תפוח,יפאורה תבורי,IL,שוופס,ליטרים,1.50,ליטר,false,,8.30,5.5333,true,1,36130
7290019056065,false,שוופס מוגז עדין פירו,יפאורה תבורי,IL,שוופס,ליטרים,1.50,ליטר,false,,8.30,5.5333,true,1,36131
7290019056072,false,שוופס מוגז עדין אננס,יפאורה תבורי,IL,שוופס,ליטרים,1.50,ליטר,false,,8.30,5.5333,true,1,36132
7290019056089,false,שוופס מוגז עדין ענבי,יפאורה תבורי,IL,שוופס,ליטרים,1.50,ליטר,false,,8.30,5.5333,true,1,36133
7290019056119,false,שוופס סודה 1.5 ליטר,יפאורה תבורי,IL,שוופס,ליטרים,1.50,ליטר,false,,3.20,2.1333,true,1,36162
7290019056126,false,שוופס סודה לימון 1.5,יפאורה תבורי,IL,שוופס,ליטרים,1.50,ליטר,false,,3.20,2.1333,true,1,36163
7290019056133,false,שוופס סודהנענע ליים,יפאורה תבורי,IL,שוופס,ליטרים,1.50,ליטר,false,,3.20,2.1333,true,1,36164
7290019056157,false,שוופס סודה פירות יער,יפאורה תבורי,IL,שוופס,ליטרים,1.50,ליטר,false,,3.20,2.1333,true,1,36166
7290019056164,false,שוופס סודה רביעייה 1,יפאורה תבורי,IL,שוופס,ליטרים,6.00,ליטר,false,,11.50,1.9167,true,1,36167
7290019056171,false,שוופס סודה לימון רבי,יפאורה תבורי,IL,שוופס,ליטרים,6.00,ליטר,false,,11.50,1.9167,true,1,36168
7290019056188,false,שוופס סודה נענע ליים,יפאורה תבורי,IL,שוופס,ליטרים,6.00,ליטר,false,,11.50,1.9167,true,1,36169
7290019056201,false,שוופס סודה פירות יער,יפאורה תבורי,IL,שוופס,ליטרים,6.00,ליטר,false,,11.50,1.9167,true,1,36171
7290019056232,false,שוופס מוגז עדין ליים,יפאורה תבורי,IL,שוופס,ליטרים,1.50,ליטר,false,,8.50,5.6667,true,1,36135
7290019056249,false,שוופס מים בטעמים ענב,יפאורה תבורי,IL,שוופס,ליטרים,1.50,ליטר,false,,7.90,5.2667,true,1,36125
7290019056256,false,שוופס מים בטעמים תפו,יפאורה תבורי,IL,שוופס,ליטרים,1.50,ליטר,false,,7.90,5.2667,true,1,36126
7290019056263,false,שוופס מים בטעמים אפר,יפאורה תבורי,IL,שוופס,ליטרים,1.50,ליטר,false,,7.90,5.2667,true,1,36127
7290019056270,false,שוופס מים בטעמים פיר,יפאורה תבורי,IL,שוופס,ליטרים,1.50,ליטר,false,,7.90,5.2667,true,1,36128
7290019056287,false,שוופס מים בטעמים אפר,יפאורה תבורי,IL,שוופס,ליטרים,1.50,ליטר,false,,7.90,5.2667,true,1,36129
7290019056300,false,שוופס ביטר למון 1.5,יפאורה תבורי,IL,שוופס,ליטרים,1.50,ליטר,false,,12.00,8.0000,true,1,36145
7290019056317,false,שוופס ראשן 1.5 ליטר,יפאורה תבורי,IL,שוופס,ליטרים,1.50,ליטר,false,,12.00,8.0000,true,1,36146
7290019056324,false,שוופס טוניק 1.5 ליטר,יפאורה תבורי,IL,שוופס,ליטרים,1.50,ליטר,false,,12.00,8.0000,true,1,36147
7290019056331,false,שוופס טוניק ללא סוכר,יפאורה תבורי,IL,שוופס,ליטרים,1.50,ליטר,false,,11.50,7.6667,true,1,36148
7290019056355,false,תפוזינה לימונענע 1.5,יפאורה תבורי,IL,תפוזינה,ליטרים,1.50,ליטר,false,,8.30,5.5333,true,1,36107
7290019056362,false,תפוזינה ענבים 1.5 לי,יפאורה תבורי,IL,תפוזינה,ליטרים,1.50,ליטר,false,,8.30,5.5333,true,1,36108
7290019056393,false,תפוזינה תות בננה 1.5,יפאורה תבורי,IL,תפוזינה,ליטרים,1.50,ליטר,false,,8.30,5.5333,true,1,36111
7290019056409,false,תפוזינה מנגו 1.5 ליט,יפאורה תבורי,IL,תפוזינה,ליטרים,1.50,ליטר,false,,8.30,5.5333,true,1,36112
7290019056416,false,תפוזינה לימונדה ורוד,יפאורה תבורי,IL,תפוזינה,ליטרים,1.50,ליטר,false,,8.30,5.5333,true,1,36113
7290019056423,false,תפוזינה תפוחים 1.5 ל,יפאורה תבורי,IL,תפוזינה,ליטרים,1.50,ליטר,false,,8.30,5.5333,true,1,36114
7290019056430,false,תפוזינה תפוזים לייט,יפאורה תבורי,IL,תפוזינה,ליטרים,1.50,ליטר,false,,7.80,5.2000,true,1,36115
7290019056447,false,תפוזינה אשכוליות ליי,יפאורה תבורי,IL,תפוזינה,ליטרים,1.50,ליטר,false,,7.80,5.2000,true,1,36116
7290019056454,false,RC קולה 1.5 ליטר,יפאורה תבורי,IL,RC קולה 1.5 ליטר,ליטרים,1.50,ליטר,false,,6.90,4.6000,true,1,36159
7290019056461,false,RC קולה שישייה 1.5 ל,יפאורה תבורי,IL,RC,ליטרים,9.00,ליטר,false,,39.90,4.4333,true,1,36149
7290019056478,false,ספרינג תה אפרסק 1.5,יפאורה תבורי,IL,ספרינג תה,ליטרים,1.50,ליטר,false,,7.50,5.0000,true,1,36117
7290019056492,false,ספרינג תה מנגו אפרסק,יפאורה תבורי,IL,ספרינג תה,ליטרים,1.50,ליטר,false,,7.50,5.0000,true,1,36119
7290019056508,false,פרוט ווטר ענבים 1.5,יפאורה תבורי,IL,פרוט ווטר,ליטרים,1.50,ליטר,false,,8.30,5.5333,true,1,36120
7290019056515,false,פרוט ווטר אננס 1.5 ל,יפאורה תבורי,IL,פרוט ווטר,ליטרים,1.50,ליטר,false,,8.30,5.5333,true,1,36121
7290019056522,false,פרוט ווטר תות 1.5 לי,יפאורה תבורי,IL,פרוט ווטר,ליטרים,1.50,ליטר,false,,8.30,5.5333,true,1,36122
7290019056539,false,פרוט ווטר אפרסק 1.5,יפאורה תבורי,IL,פרוט ווטר,ליטרים,1.50,ליטר,false,,8.30,5.5333,true,1,36123
7290019056546,false,פרוט ווטר אבטיח 1.5,יפאורה תבורי,IL,פרוט ווטר,ליטרים,1.50,ליטר,false,,8.30,5.5333,true,1,36124
7290019056553,false,מים מינרלים עין גדי,עין גדי,IL,עין גדי,ליטרים,12.00,ליטר,false,,12.70,1.0583,true,1,36160
7290019056577,false,ספרינג מנגו 1.5 ליטר,יפאורה תבורי,IL,ספרינג,ליטרים,1.50,ליטר,false,,8.30,5.5333,true,1,36096
7290019056584,false,ספרינג תפוזים 1.5 לי,יפאורה תבורי,IL,ספרינג,ליטרים,1.50,ליטר,false,,8.30,5.5333,true,1,36097
7290019056591,false,ספרינג ענבים 1.5 ליט,יפאורה תבורי,IL,ספרינג,ליטרים,1.50,ליטר,false,,8.30,5.5333,true,1,36098
7290019056607,false,ספרינג תפוחים 1.5 לי,יפאורה תבורי,IL,ספרינג,ליטרים,1.50,ליטר,false,,8.30,5.5333,true,1,36099
7290019056621,false,ספרינג פירות טרופיים,יפאורה תבורי,IL,ספרינג,ליטרים,1.50,ליטר,false,,8.30,5.5333,true,1,36101
7290019056638,false,ספרינג תות בננה 1.5,יפאורה תבורי,IL,ספרינג,ליטרים,1.50,ליטר,false,,8.30,5.5333,true,1,36102
7290019056645,false,ספרינג אגס תפוח סברס,יפאורה תבורי,IL,ספרינג,ליטרים,1.50,ליטר,false,,8.30,5.5333,true,1,36103
7290019056669,false,ספרינג תפוחים דיאט 1,יפאורה תבורי,IL,ספרינג,ליטרים,1.50,ליטר,false,,7.80,5.2000,true,1,36105
7290019056676,false,ספרינג אשכוליות אננס,יפאורה תבורי,IL,ספרינג,ליטרים,1.50,ליטר,false,,7.80,5.2000,true,1,36106
7290019056720,false,קריסטל מיץ ענבים 2 ל,יפאורה תבורי,IL,קריסטל,ליטרים,2.00,ליטר,false,,6.90,3.4500,true,1,36150
7290019056737,false,קריסטל מיץ אשכולית 2,יפאורה תבורי,IL,קריסטל,ליטרים,2.00,ליטר,false,,6.90,3.4500,true,1,36151
7290019056744,false,קריסטל תפוזים 2 ליטר,יפאורה תבורי,IL,קריסטל,ליטרים,2.00,ליטר,false,,6.90,3.4500,true,1,36152
7290019056768,false,קריסטל מנגו 2 ליטר,יפאורה תבורי,IL,קריסטל,ליטרים,2.00,ליטר,false,,6.90,3.4500,true,1,36154
7290019056782,false,קריסטל מוגז למון ליי,יפאורה תבורי,IL,קריסטל,ליטרים,2.00,ליטר,false,,6.90,3.4500,true,1,36155
7290019056973,false,מים מינרלים מי עדן 1,יפאורה תבורי,IL,מי עדן,ליטרים,9.00,ליטר,false,,12.70,1.4111,true,1,36161
7290019074366,false,"ד""ר פישר אקטיב קר תח",,,"ד""ר פישר אקטיב קר תח",מיליליטרים,450.00,"100 מ""ל",false,,14.90,0.0331,true,1,40066
7290019074762,false,"ד""ר פישר אקטיב קר תח",,,"ד""ר פישר אקטיב קר תח",מיליליטרים,450.00,"100 מ""ל",false,,14.90,0.0331,true,1,40067
7290019074885,false,*מבצע* קמיל בלו אקסט,,,*מבצע* קמיל בלו אקסט,מיליליטרים,500.00,"100 מ""ל",false,,24.90,0.0498,true,1,42174
7290019075400,false,*מבצע* תחליב רחצה אפ,דר פישר,IL,*מבצע* תחליב רחצה אפ,מיליליטרים,700.00,"100 מ""ל",false,,12.90,0.0184,true,1,41681
7290019075608,false,*מבצע* תחליב רחצה אפ,דר פישר,IL,*מבצע* תחליב רחצה אפ,מיליליטרים,700.00,"100 מ""ל",false,,12.90,0.0184,true,1,41682
7290019075899,false,קמיל בלו אקסטרה סופט,,,קמיל בלו אקסטרה סופט,ליטרים,1.00,ליטר,false,,32.90,32.9000,true,1,42177
7290019105077,false,מארז מטליות לחות יוח,טרופיקל,,מארז מטליות לחות יוח,יח',3.00,יח',false,,14.90,4.9667,true,1,37280
7290019105084,false,אל סבון יוחננוף מרענ,טרופיקל,,אל סבון יוחננוף מרענ,ליטרים,1.50,ליטר,false,,10.90,7.2667,true,1,37076
7290019105145,false,מארז מטליות לחות יוח,טרופיקל,IL,מארז מטליות לחות יוח,יח',3.00,יח',false,,14.90,4.9667,true,1,42812
7290019105282,false,אל סבון יוחננוף מרענ,טרופיקל,,אל סבון יוחננוף מרענ,ליטרים,1.50,ליטר,false,,10.90,7.2667,true,1,37077
7290019105473,false,אל סבון יוחננוף מרענ,טרופיקל,,אל סבון יוחננוף מרענ,ליטרים,1.50,ליטר,false,,10.90,7.2667,true,1,37078
7290019105671,false,אל סבון יוחננוף מרענ,טרופיקל,,אל סבון יוחננוף מרענ,ליטרים,1.50,ליטר,false,,10.90,7.2667,true,1,37080
7290019105824,false,מטליות לניקוי רצפה י,,,מטליות לניקוי רצפה י,יח',10.00,יח',false,,7.90,0.7900,true,1,36927
7290019105862,false,מגבונים לחים מארז חמ,טרופיקל,,מגבונים לחים מארז חמ,יח',5.00,יח',false,,10.90,2.1800,true,1,37081
7290019105879,false,אל סבון יוחננוף מרענ,טרופיקל,,אל סבון יוחננוף מרענ,ליטרים,1.50,ליטר,false,,10.90,7.2667,true,1,37082
7290019153085,false,שוופס מוחיטו ללא סוכ,יפאורה תבורי,IL,שוופס,ליטרים,1.50,ליטר,false,,8.30,5.5333,true,1,36990
7290019153252,false,שוופס סודה תפוח רביע,יפאורה תבורי,IL,שוופס,ליטרים,6.00,ליטר,false,,11.50,1.9167,true,1,38527
7290019153269,false,שוופס סודה אננס רביע,יפאורה תבורי,IL,שוופס,ליטרים,6.00,ליטר,false,,11.50,1.9167,true,1,38528
7290019153290,false,שוופס סודה תפוח 1.5,יפאורה תבורי,IL,שוופס,ליטרים,1.50,ליטר,false,,3.20,2.1333,true,1,41023
7290019153313,false,פרוט & וג' תפוח חמוצ,יפאורה תבורי,IL,פרוט & וג' תפוח חמוצ,מיליליטרים,350.00,"100 מ""ל",false,,7.50,0.0214,true,1,39234
7290019153344,false,תפוזינה סנגרייה 1.5,יפאורה תבורי,IL,תפוזינה,ליטרים,1.50,ליטר,false,,8.30,5.5333,true,1,38969
7290019153351,false,תפוזינה פינק אוזו 1.,יפאורה תבורי,IL,תפוזינה,ליטרים,1.50,ליטר,false,,8.30,5.5333,true,1,38970
7290019153375,false,תפוזינה מוחיטו 1.5 ל,יפאורה תבורי,IL,תפוזינה,ליטרים,1.50,ליטר,false,,8.30,5.5333,true,1,38971
7290019167020,false,עוגת גבינה עם פירות,תנובה,IL,עוגת גבינה עם פירות,גרמים,82.00,100 גרם,false,,5.90,0.0720,true,1,43078
7290019167037,false,תותים בקצפת,תנובה,IL,תותים בקצפת,גרמים,82.00,100 גרם,false,,5.90,0.0720,true,1,43079
7290019167044,false,קצפת עם קרם בייגלה מ,תנובה,IL,קצפת עם קרם בייגלה מ,גרמים,82.00,100 גרם,false,,5.90,0.0720,true,1,43080
7290019203018,false,טורטייה מחומוס מונבט,"אופא מזון בריאות בע""",IL,טורטייה מחומוס מונבט,גרמים,180.00,100 גרם,false,,19.90,0.1106,true,1,37426
7290019204008,false,פסטרמה 4 פלפלים 350,עוף טוב,IL,עוף טוב,גרמים,350.00,100 גרם,false,,24.90,0.0711,true,1,40236
7290019204107,false,פסטרמה בטעם אווז 320,עוף טוב,IL,עוף טוב,גרמים,320.00,100 גרם,false,,24.90,0.0778,true,1,40237
7290019204206,false,פסטרמה בסגנון רומני,עוף טוב,IL,עוף טוב,גרמים,320.00,100 גרם,false,,24.90,0.0778,true,1,40238
7290019229001,false,נוזל רצפה יוחננוף בנ,"גליל כימיכלים בע""מ",IL,נוזל רצפה יוחננוף בנ,ליטרים,2.00,ליטר,false,,9.90,4.9500,true,1,37670
7290019229025,false,נוזל לניקוי פרקט יוח,"גליל כימיכלים בע""מ",IL,נוזל לניקוי פרקט יוח,ליטרים,2.00,ליטר,false,,12.90,6.4500,true,1,37659
7290019229032,false,ג'ל OXY מסיר כתמים ל,"גליל כימיכלים בע""מ",IL,ג'ל OXY מסיר כתמים ל,ליטרים,3.00,ליטר,false,,22.90,7.6333,true,1,37671
7290019229049,false,ג'ל כביסה לתינוק יוח,"גליל כימיכלים בע""מ",IL,ג'ל כביסה לתינוק יוח,ליטרים,3.00,ליטר,false,,22.90,7.6333,true,1,42118
7290019229346,false,נוזל כלים יוחננוף לי,"גליל כימיכלים בע""מ",IL,נוזל כלים יוחננוף לי,ליטרים,1.00,ליטר,false,,7.90,7.9000,true,1,39035
7290019229360,false,נוזל כלים לבנדר יוחנ,"גליל כימיכלים בע""מ",IL,נוזל כלים לבנדר יוחנ,ליטרים,1.00,ליטר,false,,7.90,7.9000,true,1,39036
7290019229377,false,נוזל כלים תפוח יוחננ,"גליל כימיכלים בע""מ",IL,נוזל כלים תפוח יוחננ,ליטרים,1.00,ליטר,false,,7.90,7.9000,true,1,39037
7290019229407,false,מטליות לחות יוחננוף,"גליל כימיכלים בע""מ",IL,מטליות לחות יוחננוף,יח',400.00,יח',false,,17.90,0.0447,true,1,41849
7290019232162,false,חליטת לילה טוב קמומי,ויסוצקי,,חליטת לילה טוב קמומי,יח',25.00,יח',false,,24.90,0.9960,true,1,42842
7290019232186,false,סטיי וול תה ירוק לימ,ויסוצקי,,סטיי וול תה ירוק לימ,יח',25.00,יח',false,,24.90,0.9960,true,1,42839
7290019232353,false,*מבצע* תה ירוק סיני,ויסוצקי,IL,ויסוצקי,גרמים,75.00,100 גרם,false,,37.90,0.5053,true,1,40988
7290019232827,false,הולגריין ביסקוויט במ,,,הולגריין ביסקוויט במ,גרמים,300.00,100 גרם,false,,10.90,0.0363,true,1,37763
7290019232834,false,בייגלה פליפז מצופה ק,אולקר מקבוצת פלאדיס,TR,פליפז,גרמים,140.00,100 גרם,false,,8.90,0.0636,true,1,37758
7290019233008,false,*מבצע* רוטב עגבניות,דליציה דורה אס.אר.אל,IT,*מבצע* רוטב עגבניות,גרמים,420.00,100 גרם,false,,9.90,0.0236,true,1,37764
7290019233022,false,*מבצע* רוטב עגבניות,דליציה דורה אס.אר.אל,IT,*מבצע* רוטב עגבניות,גרמים,420.00,100 גרם,false,,9.90,0.0236,true,1,37766
7290019233039,false,*מבצע* רוטב עגבניות,דליציה דורה אס.אר.אל,IT,*מבצע* רוטב עגבניות,גרמים,420.00,100 גרם,false,,9.90,0.0236,true,1,37767
7290019297383,false,מעדן משמש 284 גרם שק,לינוי סיטי,CN,שקדיה,גרמים,284.00,100 גרם,false,,7.90,0.0278,true,1,3697
7290019297406,false,מעדן דובדבן 284 גרם,לינוי סיטי,CN,שקדיה,גרמים,284.00,100 גרם,false,,7.90,0.0278,true,1,3699
7290019297420,false,מעדן תות שדה 284 גרם,לינוי סיטי,CN,שקדיה,גרמים,284.00,100 גרם,false,,7.90,0.0278,true,1,3701
7290019297437,false,מעדן אוכמניות 284 גר,לינוי סיטי,CN,שקדיה,גרמים,284.00,100 גרם,false,,7.90,0.0278,true,1,3702
7290019297512,false,רוטב רימונים 350 גרם,סיטוגלוגידה,TR,שקדיה,גרמים,350.00,100 גרם,false,,9.90,0.0283,true,1,3703
7290019302315,false,*מבצע* יין באזז אבטי,יקבי כרמל,IL,סלקטד,מיליליטרים,750.00,"100 מ""ל",false,,23.90,0.0319,true,1,38975
7290019308003,false,גרגירי חומוס 800 גרם,,,גרגירי חומוס 800 גרם,גרמים,800.00,100 גרם,false,,8.90,0.0111,true,1,36931
7290032147230,false,מיץ לימון משומר,סידג,CH,מיץ לימון משומר,מיליליטרים,200.00,"100 מ""ל",false,,6.90,0.0345,true,1,8427
7290100240144,false,*מבצע* בדין תרסיס מי,זוהר דליה - 3P Local,IL,BADIN,מיליליטרים,500.00,"100 מ""ל",false,,14.90,0.0298,true,1,20468
7290100240632,false,פתית 6 דגנים 250 גרם,אתר שפע - Food,IL,PATIT,גרמים,250.00,100 גרם,false,,14.90,0.0596,true,1,20469
7290100240656,false,פתית שיפון 300 גרם,אתר שפע - Food,IL,PATIT,גרמים,300.00,100 גרם,false,,14.90,0.0497,true,1,20470
7290100243671,false,בדין אקסטרא 960 מל,יונילוור - תורכיה,TR,BADIN,מיליליטרים,960.00,"100 מ""ל",false,,15.90,0.0166,true,1,20477
7290100245231,false,נמס בכוס+ט.עוף שקדי,אתר חיפה אבקות - Foo,IL,KNORR,גרמים,50.00,100 גרם,false,,6.50,0.1300,true,1,20483
7290100249598,false,רוטב לבישול שום ודבש,אתר חיפה  778 - Food,IL,KNORR,גרמים,320.00,100 גרם,false,,9.90,0.0309,true,1,20507
7290100249659,false,רוטב לעוף צ'ילי מתוק,,IL,קנור,גרמים,320.00,100 גרם,false,,9.90,0.0309,true,1,20510
7290100411254,false,מחית תפוח ובננה 190,NOVOFRUCHT SK S.R.O,SK,BELOVED,גרמים,190.00,100 גרם,false,,5.90,0.0311,true,1,19079
7290100412343,false,מגבוני קוויק לניקוי,DPL,IL,קוויק,יח',50.00,יח',false,,8.90,0.1780,true,1,19083
7290100412442,false,מגבוני קוויק לניקוי,DPL,IL,קוויק,יח',50.00,יח',false,,8.90,0.1780,true,1,19087
7290100412763,false,"ד""ר עור תחליב רחצה ל","אמיליה קוסמטיקס בע""מ",IL,"ד""ר עור",מיליליטרים,700.00,"100 מ""ל",false,,14.90,0.0213,true,1,19097
7290100412770,false,"ד""ר עור תחליב רחצה מ","אמיליה קוסמטיקס בע""מ",IL,"ד""ר עור",מיליליטרים,700.00,"100 מ""ל",false,,14.90,0.0213,true,1,19098
7290100412831,false,"ד""ר עור תחליב רחצה ו","אמיליה קוסמטיקס בע""מ",IL,"ד""ר עור",מיליליטרים,700.00,"100 מ""ל",false,,14.90,0.0213,true,1,19103
7290100680711,false,פירורית זהב 350 גרם,עינת תעשיות מזון אגו,IL,אסם,גרמים,350.00,100 גרם,false,,7.90,0.0226,true,1,4773
7290100680728,false,פירורית 350 גרם,אסם,IL,אסם,גרמים,350.00,100 גרם,false,,6.90,0.0197,true,1,4774
7290100681015,false,פודינג אינסטנט ריבת,אסם,IL,אסם,גרמים,84.00,100 גרם,false,,5.50,0.0655,true,1,4776
7290100681503,false,עסיס לימונענע דיאט 1,בית השיטה עסיס תעשיו,IL,עסיס,ליטרים,1.00,ליטר,false,,16.90,16.9000,true,1,4780
7290100681510,false,עסיס אשכולית אדומה ד,בית השיטה עסיס תעשיו,IL,עסיס,ליטרים,1.00,ליטר,false,,16.90,16.9000,true,1,4781
7290100683880,false,פירה 260 גרם,אסם,IL,אסם,גרמים,260.00,100 גרם,false,,13.90,0.0535,true,1,4788
7290100684139,false,מיני מקרוני 500 גרם,זארה,IT,אסם,גרמים,500.00,100 גרם,false,,5.40,0.0108,true,1,4789
7290100685136,false,מרק טעם עוף 1קג,אסם,IL,אסם,קילוגרמים,1.00,"ק""ג",false,,14.90,14.9000,true,1,4793
7290100685334,false,מרק עוף רכיבים טבעיי,אסם,IL,אסם,גרמים,400.00,100 גרם,false,,19.90,0.0497,true,1,4794
7290100685341,false,מרק זך טעם עוף רכיבי,אסם,IL,אסם,גרמים,400.00,100 גרם,false,,14.90,0.0373,true,1,4795
7290100685600,false,פירורית זהב חיטה מלא,עינת תעשיות מזון אגו,IL,אסם,גרמים,200.00,100 גרם,false,,6.90,0.0345,true,1,4798
7290100686171,false,מארז ביסלי גריל 6*35,אסם,IL,ביסלי,גרמים,210.00,100 גרם,false,,12.90,0.0614,true,1,4801
7290100687109,false,במבה במילוי קרם נוגט,אסם,IL,במבה,גרמים,60.00,100 גרם,false,,4.90,0.0817,true,1,4804
7290100689301,false,עדיף זך טעם עוף 400,אסם,IL,אסם,גרמים,400.00,100 גרם,false,,13.90,0.0348,true,1,4807
7290100700006,false,"חיטה 1 ק""ג","סוגת תעשיות בע""מ",IL,סוגת,קילוגרמים,1.00,"ק""ג",false,,8.90,8.9000,true,1,1228
7290100700020,false,גריסי פנינה 500 גרם,"סוגת תעשיות בע""מ",IL,סוגת,גרמים,500.00,100 גרם,false,,4.90,0.0098,true,1,1229
7290100700075,false,פירורי לחם מוזהבים ס,"סוגת תעשיות בע""מ",IL,סוגת,גרמים,200.00,100 גרם,false,,3.90,0.0195,true,1,1231
7290100700242,false,"אורז מלא עגול 1 ק""ג",סוגת תעשיות בעמ,IL,סוגת,קילוגרמים,1.00,"ק""ג",false,,9.90,9.9000,true,1,1232
7290100700273,false,*מבצע* קינואה 500 גר,"סוגת תעשיות בע""מ",IL,סוגת,גרמים,500.00,100 גרם,false,,12.90,0.0258,true,1,1234
7290100700297,false,עדשים שחורות מנומרות,"סוגת תעשיות בע""מ",IL,סוגת,גרמים,500.00,100 גרם,false,,7.90,0.0158,true,1,1235
7290100700334,false,קינואה 1קג,"סוגת תעשיות בע""מ",IL,סוגת,גרמים,500.00,100 גרם,false,,19.90,0.0398,true,1,1238
7290100700372,false,"אורז בסמטי מלא 1 ק""ג",סוגת תעשיות בעמ,IL,סוגת,קילוגרמים,1.00,"ק""ג",false,,13.90,13.9000,true,1,1239
7290100700389,false,"*מבצע* אורז אדום 1ק""",סוגת תעשיות בעמ,IL,סוגת,קילוגרמים,1.00,"ק""ג",false,,9.90,9.9000,true,1,1240
7290100700396,false,"אורז יסמין 1 ק""ג",סוגת תעשיות בעמ,IL,סוגת,קילוגרמים,1.00,"ק""ג",false,,11.90,11.9000,true,1,1241
7290100700419,false,"בורגול 1 ק""ג","סוגת תעשיות בע""מ",IL,סוגת,קילוגרמים,1.00,"ק""ג",false,,7.50,7.5000,true,1,1242
7290100700563,false,*מבצע* אורז מיקס קלא,סוגת תעשיות בעמ,IL,סוגת,קילוגרמים,1.00,"ק""ג",false,,9.90,9.9000,true,1,1243
7290100700587,false,בורגול 500 גרם,"סוגת תעשיות בע""מ",IL,סוגת,גרמים,500.00,100 גרם,false,,4.90,0.0098,true,1,1244
7290100701140,false,*מבצע* אורז ריזוטו א,סוגת תעשיות בעמ,IL,סוגת,קילוגרמים,1.00,"ק""ג",false,,8.90,8.9000,true,1,1246
7290100701157,false,"אורז סושי 1 ק""ג",סוגת תעשיות בעמ,IL,סוגת,קילוגרמים,1.00,"ק""ג",false,,11.90,11.9000,true,1,1247
7290100701300,false,*מבצע* קינואה אדומה,,,*מבצע* קינואה אדומה,גרמים,500.00,100 גרם,false,,12.90,0.0258,true,1,1248
7290100701331,false,קמח רב תכליתי מספר 1,"שטיבל בע""מ",IL,סוגת,קילוגרמים,1.00,"ק""ג",false,,6.90,6.9000,true,1,1250
7290100701348,false,קמח שיפון מלא מספר 7,"שטיבל בע""מ",IL,סוגת,קילוגרמים,1.00,"ק""ג",false,,6.90,6.9000,true,1,1251
7290100701454,false,גרישה 500 גר,"סוגת תעשיות בע""מ",IL,סוגת,גרמים,500.00,100 גרם,false,,4.90,0.0098,true,1,1257
7290100701577,false,קמח לחם מספר 2,"שטיבל בע""מ",IL,סוגת,קילוגרמים,1.00,"ק""ג",false,,6.90,6.9000,true,1,1258
7290100701881,false,קמח פיצה ופוקצה מספר,"שטיבל בע""מ",IL,סוגת,קילוגרמים,1.00,"ק""ג",false,,6.90,6.9000,true,1,1262
7290100702260,false,קוסקוס דק 350 ג,"אסיף תעשיות מזון בע""",IL,סוגת,גרמים,350.00,100 גרם,false,,4.90,0.0140,true,1,1267
7290100702277,false,קוסקוס עבה 350 ג,"אסיף תעשיות מזון בע""",IL,סוגת,גרמים,350.00,100 גרם,false,,4.90,0.0140,true,1,1268
7290100702383,false,"קמח תופח 1 ק""ג","שטיבל בע""מ",IL,סוגת,קילוגרמים,1.00,"ק""ג",false,,6.90,6.9000,true,1,1274
7290100702611,false,פתיתים אפויים 500ג,"אסיף תעשיות מזון בע""",IL,סוגת,גרמים,500.00,100 גרם,false,,5.90,0.0118,true,1,1281
7290100702628,false,פתיתים אפויים 500 גר,"אסיף תעשיות מזון בע""",IL,סוגת,גרמים,500.00,100 גרם,false,,5.90,0.0118,true,1,1282
7290100702635,false,פתיתים אפויים 500 גר,"אסיף תעשיות מזון בע""",IL,סוגת,גרמים,500.00,100 גרם,false,,5.90,0.0118,true,1,1283
7290100702642,false,פתיתים אפויים 500 גר,"אסיף תעשיות מזון בע""",IL,סוגת,גרמים,500.00,100 גרם,false,,5.90,0.0118,true,1,1284
7290100702666,false,פתיתים עם בצל 400ג,,,פתיתים עם בצל 400ג,גרמים,400.00,100 גרם,false,,5.90,0.0148,true,1,1286
7290100702673,false,פתיתים 3 צבעים 400ג,,,פתיתים 3 צבעים 400ג,גרמים,400.00,100 גרם,false,,5.90,0.0148,true,1,1287
7290100703007,false,עדשים שחורות בלוגה 5,"סוגת תעשיות בע""מ",IL,סוגת,גרמים,500.00,100 גרם,false,,7.90,0.0158,true,1,1310
7290100703434,false,בורגול חום,"סוגת תעשיות בע""מ",IL,סוגת,גרמים,500.00,100 גרם,false,,4.90,0.0098,true,1,1322
7290100703908,false,סוכר דמררה בשקית 1קג,סוגת תעשיות בעמ,IL,סוגת,קילוגרמים,1.00,"ק""ג",false,,8.90,8.9000,true,1,1345
7290100704264,false,עדשים שחורות בלוגה 1,"סוגת תעשיות בע""מ",IL,סוגת,קילוגרמים,1.00,"ק""ג",false,,14.90,14.9000,true,1,1367
7290100704493,false,*מבצע* קמח שמרים פיצ,"שטיבל בע""מ",IL,שטיבל,קילוגרמים,1.00,"ק""ג",false,,7.90,7.9000,true,1,1382
7290100704578,false,"קמח כוסמין לבן 1 ק""ג",טחנת קמח דגן-שטיבל,IL,"קמח כוסמין לבן 1 ק""ג",קילוגרמים,1.00,"ק""ג",false,,14.90,14.9000,true,1,1385
7290100704615,false,סוכר לבן דמררה דק דק,סוגת,IL,סוכר לבן דמררה דק דק,גרמים,500.00,100 גרם,false,,7.90,0.0158,true,1,35508
7290100704622,false,סוכר דמררה דק דק בצנ,סוגת,IL,סוכר דמררה דק דק בצנ,גרמים,500.00,100 גרם,false,,7.90,0.0158,true,1,35509
7290100704660,false,*מבצע* קינואה מיקס 5,"סוגת תעשיות בע""מ",IL,סוגת,גרמים,500.00,100 גרם,false,,12.90,0.0258,true,1,1390
7290100850916,false,דוריטוס חמוץ חריף 70,שטראוס פריטו ליי (מל,IL,עלית,גרמים,70.00,100 גרם,false,,3.20,0.0457,true,1,16837
7290100850923,false,דוריטוס גריל 70 גרם,שטראוס פריטו ליי (מל,IL,עלית,גרמים,70.00,100 גרם,false,,3.20,0.0457,true,1,16838
7290100850930,false,דוריטוס טבעי 70 גרם,שטראוס פריטו ליי (מל,IL,עלית,גרמים,70.00,100 גרם,false,,3.20,0.0457,true,1,16839
7290100851968,false,קפה נמס 200 גר זוג,שטראוס גרופ,IL,עלית,גרמים,400.00,100 גרם,false,,36.90,0.0922,true,1,16041
7290100858592,false,קקאו עלית 150 גרם,שטראוס גרופ,IL,עלית,גרמים,150.00,100 גרם,false,,9.90,0.0660,true,1,16051
7290100858608,false,קקאו עלית 500 גרם,שטראוס גרופ,IL,עלית,גרמים,500.00,100 גרם,false,,23.90,0.0478,true,1,16052
7290100921401,false,שמפו קרטין מחזק לשיע,טרופיקל דגיל קוסמטיק,IL,הוואי,מיליליטרים,700.00,"100 מ""ל",false,,10.90,0.0156,true,1,5809
7290100921593,false,כדוריות לניקוי שירות,הנקל סוד,HU,הנקל סוד,מיליליטרים,50.00,"100 מ""ל",false,,7.90,0.1580,true,1,25972
7290100921609,false,כדוריות לניקוי שירות,הנקל סוד,HU,הנקל סוד,מיליליטרים,50.00,"100 מ""ל",false,,7.90,0.1580,true,1,25973
7290100921616,false,כדוריות לניקוי שירות,הנקל סוד,HU,הנקל סוד,מיליליטרים,50.00,"100 מ""ל",false,,7.90,0.1580,true,1,25974
7290100924204,false,אבקת כביסה פרסיל 8 ק,הנקל סוד,IL,הנקל סוד,קילוגרמים,8.00,"ק""ג",false,,49.90,6.2375,true,1,25976
7290100924457,false,*מבצע* מארז כדוריות,הנקל סוד,HU,הנקל סוד,גרמים,150.00,100 גרם,false,,14.90,0.0993,true,1,25977
7290100924464,false,*מבצע* מארז כדוריות,הנקל סוד,HU,הנקל סוד,גרמים,150.00,100 גרם,false,,14.90,0.0993,true,1,25978
7290100924693,false,כדוריות כחול אקונומי,הנקל סוד,HU,הנקל סוד,מיליליטרים,50.00,"100 מ""ל",false,,7.90,0.1580,true,1,25988
7290100925669,false,דפים למכונת כביסה 10,הנקל סוד,IE,דפים למכונת כביסה 10,יח',10.00,יח',false,,12.90,1.2900,true,1,26005
7290100925676,false,דפים למכונת כביסה 20,הנקל סוד,IE,דפים למכונת כביסה 20,יח',20.00,יח',false,,19.90,0.9950,true,1,26006
7290100928516,false,גל סוד לכביסה ביד 1,הנקל סוד,IL,הנקל סוד,ליטרים,1.00,ליטר,false,,13.90,13.9000,true,1,26018
7290101488316,false,ליידי ספיד סטיק ללא,Colgate - USA,US,ליידי ספיד סטיק,גרמים,65.00,100 גרם,false,,21.90,0.3369,true,1,23098
7290101488323,false,ליידי ספיד סטיק ללא,Colgate - USA,US,ליידי ספיד סטיק,גרמים,65.00,100 גרם,false,,21.90,0.3369,true,1,23099
7290101501138,false,כרובית ארוזה יחידה,,,כרובית ארוזה יחידה,יחידה,0.00,יחידה,false,,9.90,0.0000,true,1,1748
7290101501237,false,עגבניה מגי,משתנה,IL,עגבניה,קילוגרמים,1.00,"ק""ג",true,,13.90,13.9000,true,1,1749
7290101551027,false,קפסולות למכונה 14,שטראוס גרופ,IL,עלית,גרמים,50.00,100 גרם,false,,15.90,0.3180,true,1,16057
7290101551263,false,*מבצע* סילאן טבעי 70,מכוורת יד מרדכי,IL,יד מרדכי,גרמים,700.00,100 גרם,false,,19.90,0.0284,true,1,16059
7290101551300,false,סילאן טבעי לחיץ 380,מכוורת יד מרדכי,IL,יד מרדכי,גרמים,380.00,100 גרם,false,,14.90,0.0392,true,1,16060
7290101551539,false,דנונה פרו 20 גר אפרס,שטראוס גרופ,IL,דנונה פרו,גרמים,200.00,100 גרם,false,,5.90,0.0295,true,1,18199
7290101551577,false,זוג קוואקר פחית 2*50,FRITO-LAY TRADING CO,GB,קוואקר,קילוגרמים,1.00,"ק""ג",false,,19.90,19.9000,true,1,16840
7290101551584,false,מארז תפוציפס קידס 10,שטראוס פריטו ליי (מל,IL,עלית,גרמים,200.00,100 גרם,false,,12.90,0.0645,true,1,16841
7290101551614,false,*מבצע* מארז ציטוס קר,שטראוס פריטו ליי (מל,IL,עלית,גרמים,240.00,100 גרם,false,,10.90,0.0454,true,1,16843
7290101551638,false,מארז ציטוס כאפה 20*1,שטראוס פריטו ליי (מל,IL,עלית,גרמים,200.00,100 גרם,false,,12.90,0.0645,true,1,16845
7290101821151,false,דבק מגע,,,דבק מגע,יח',1.00,יח',false,,4.90,4.9000,true,1,26556
7290101863410,false,סיליט באנג אקונומיקה,RECKITT BENCKISER PR,PL,סיליט,מיליליטרים,750.00,"100 מ""ל",false,,12.90,0.0172,true,1,7522
7290101864127,false,קליה ספריי 750 מיל,RECKITT BENCKISER PR,PL,וניש,מיליליטרים,750.00,"100 מ""ל",false,,16.90,0.0225,true,1,7523
7290101865261,false,פיניש נוזל הברקה 800,RECKITT BENCKISER PR,PL,פיניש,מיליליטרים,800.00,"100 מ""ל",false,,19.90,0.0249,true,1,7524
7290101866633,false,קליה גל 3 ל,סאסאטק,IL,וניש,ליטרים,3.00,ליטר,false,,29.90,9.9667,true,1,7527
7290101866787,false,קליה גל להלבנה 3 ליט,סאסאטק,IL,וניש,ליטרים,3.00,ליטר,false,,29.90,9.9667,true,1,7528
7290101868460,false,קולון 101 8 קג,זוהר דליה,IL,קולון,קילוגרמים,8.00,"ק""ג",false,,54.90,6.8625,true,1,7532
7290101868958,false,פיניש נוזל הברקה 800,RECKITT BENCKISER PR,PL,פיניש,מיליליטרים,800.00,"100 מ""ל",false,,19.90,0.0249,true,1,7533
7290101869726,false,פיניש גל 1 ליטר,RECKITT BENCKISER PR,PL,פיניש,ליטרים,1.00,ליטר,false,,42.90,42.9000,true,1,7540
7290101869733,false,פיניש גל לימון 1 ליט,RECKITT BENCKISER PR,PL,פיניש,ליטרים,1.00,ליטר,false,,42.90,42.9000,true,1,7541
7290101869788,false,אירוויק אוטומטי מילו,RECKITT BENCKISER UK,GB,איירויק,מיליליטרים,250.00,"100 מ""ל",false,,14.90,0.0596,true,1,7546
7290101869795,false,אירוויק אוטומטי מילו,RECKITT BENCKISER UK,GB,איירויק,מיליליטרים,250.00,"100 מ""ל",false,,14.90,0.0596,true,1,7547
7290101869801,false,איירוויק מכשיר חשמלי,RECKITT BENCKISER HU,HU,איירויק,מיליליטרים,19.00,"100 מ""ל",false,,26.90,1.4158,true,1,7548
7290101869825,false,אירוויק מילוי חשמלי,RECKITT BENCKISER HU,HU,איירויק,מיליליטרים,19.00,"100 מ""ל",false,,16.90,0.8895,true,1,7550
7290101869917,false,אירוויק אוטומטי מילו,RECKITT BENCKISER UK,GB,איירויק,מיליליטרים,250.00,"100 מ""ל",false,,14.90,0.0596,true,1,7553
7290102030330,false,תפוציפס מקסיקני 200,שטראוס פריטו ליי (מל,IL,עלית,גרמים,200.00,100 גרם,false,,9.90,0.0495,true,1,16854
7290102031276,false,אקטימל 8 תות בננה,שטראוס גרופ,IL,שטראוס,מיליליטרים,864.00,"100 מ""ל",false,,19.90,0.0230,true,1,18218
7290102060979,false,*מבצע* אלמקס משחת שי,CP-Poland swidnica,PL,אלמקס,מיליליטרים,100.00,"100 מ""ל",false,,14.90,0.1490,true,1,23102
7290102062195,false,אלמקס ג'וניור משחת ש,CP-Poland swidnica,PE,אלמקס,מיליליטרים,75.00,"100 מ""ל",false,,15.90,0.2120,true,1,23104
7290102300822,false,צ'דר אנגלי כתום 200,שבינגטון,GB,שבינגטון,גרמים,200.00,100 גרם,false,,23.90,0.1195,true,1,15299
7290102300877,false,צדר אנגלי לבן.,שבינגטון,GB,שבינגטון,קילוגרמים,1.00,"ק""ג",true,,129.00,129.0000,true,1,15301
7290102302260,false,גרנה פדנה 200 גרם,אמברוסי,IT,אמברוסי,גרמים,200.00,100 גרם,false,,32.90,0.1645,true,1,15304
7290102302932,false,תחליף גבינה טבעונית,zieglerr,DE,גאיה,גרמים,150.00,100 גרם,false,,22.90,0.1527,true,1,15331
7290102302987,false,תחליף גבינה טבעונית,zieglerr,DE,גאיה,גרמים,150.00,100 גרם,false,,22.90,0.1527,true,1,15335
7290102390427,false,Muller Froop תות 150,,,Muller Froop תות 150,גרמים,150.00,100 גרם,false,,4.80,0.0320,true,1,17624
7290102390465,false,Muller Froop אפרסק פ,טרה,IL,MULLER,גרמים,150.00,100 גרם,false,,4.80,0.0320,true,1,17625
7290102390489,false,Muller Froop לימון 1,טרה,IL,MULLER,גרמים,150.00,100 גרם,false,,4.80,0.0320,true,1,17626
7290102391301,false,מולר יוגורט טבעי,טרה,IL,MULLER,מיליליטרים,150.00,"100 מ""ל",false,,2.50,0.0167,true,1,17627
7290102391844,false,Muller Froop פירות י,טרה,IL,MULLER,גרמים,150.00,100 גרם,false,,4.80,0.0320,true,1,17629
7290102392049,false,תבור- גבינה לאפייה 5,מחלבת משק צוריאל,IL,משק צוריאל,גרמים,500.00,100 גרם,false,,22.90,0.0458,true,1,17630
7290102392094,false,חלב עיזים בקרטון 1 ל,מחלבת משק צוריאל,IL,משק צוריאל,ליטרים,1.00,ליטר,false,,14.90,14.9000,true,1,17631
7290102393039,false,Muller mix פצפוצי שו,טרה,IL,MULLER,גרמים,170.00,100 גרם,false,,5.50,0.0324,true,1,17636
7290102393169,false,תות שדה Muller Simpl,טרה,IL,MULLER,גרמים,150.00,100 גרם,false,,4.80,0.0320,true,1,17639
7290102393176,false,אפרסק Muller Simply,טרה,IL,MULLER,גרמים,150.00,100 גרם,false,,4.80,0.0320,true,1,17640
7290102393190,false,פירות יער Muller Sim,טרה,IL,MULLER,גרמים,150.00,100 גרם,false,,4.80,0.0320,true,1,17641
7290102393268,false,גבינה לבנה 750 גרם 5,טרה,IL,טרה,גרמים,750.00,100 גרם,false,,14.70,0.0196,true,1,17642
7290102393299,false,יוגורט עיזים לשתייה,מחלבת משק צוריאל,IL,משק צוריאל,גרמים,500.00,100 גרם,false,,11.90,0.0238,true,1,17643
7290102393848,false,יוגורט עיזים עם תות,מחלבת משק צוריאל,IL,משק צוריאל,גרמים,150.00,100 גרם,false,,5.80,0.0387,true,1,17645
7290102393947,false,קיווי Muller Simply,טרה,IL,MULLER,גרמים,150.00,100 גרם,false,,4.80,0.0320,true,1,17647
7290102394081,false,Muller mix קורנפלקס,טרה,IL,MULLER,גרמים,170.00,100 גרם,false,,5.50,0.0324,true,1,17648
7290102394258,false,מה עז 9% 180 גרם,מחלבת משק צוריאל,IL,משק צוריאל,גרמים,180.00,100 גרם,false,,22.50,0.1250,true,1,17649
7290102394463,false,גבנצ 28% ואקום 500 ג,טרה,IL,טרה,גרמים,500.00,100 גרם,false,,23.90,0.0478,true,1,17651
7290102394821,false,גבנצ 28% דק דק 200 ג,טרה,IL,טרה,גרמים,200.00,100 גרם,false,,15.20,0.0760,true,1,17653
7290102394845,false,גבנצ 9% דק דק 200 ג',טרה,IL,טרה,גרמים,200.00,100 גרם,false,,16.90,0.0845,true,1,17654
7290102395224,false,מאגדת שמיניה מולר 1.,טרה,IL,MULLER,ליטרים,1.20,ליטר,false,,16.50,13.7500,true,1,17658
7290102395231,false,מאגדת שמינייה מולר נ,טרה,IL,MULLER,קילוגרמים,1.20,"ק""ג",false,,16.50,13.7500,true,1,17659
7290102395262,false,מאגדת שמינייה תות שד,טרה,IL,MULLER,קילוגרמים,1.20,"ק""ג",false,,29.90,24.9167,true,1,17660
7290102395378,false,גבנצ 28% ואקום 360 ג,טרה,IL,טרה,גרמים,360.00,100 גרם,false,,19.90,0.0553,true,1,17662
7290102395439,false,מאגדת שמינייה פירות,טרה,IL,MULLER,קילוגרמים,1.20,"ק""ג",false,,29.90,24.9167,true,1,17663
7290102395446,false,מוו וניל קצפת,טרה,IL,טרה,גרמים,123.00,100 גרם,false,,2.90,0.0236,true,1,17664
7290102395477,false,מוו שוקולד קצפת,טרה,IL,טרה,גרמים,123.00,100 גרם,false,,2.90,0.0236,true,1,17665
7290102396399,false,מאגדת שמינייה - מעדן,טרה,IL,טרה,גרמים,800.00,100 גרם,false,,12.90,0.0161,true,1,17682
7290102396405,false,מאגדת שמינייה - מעדן,טרה,IL,טרה,גרמים,800.00,100 גרם,false,,12.90,0.0161,true,1,17683
7290102396436,false,מוו מעדן שוקולד 1.5%,טרה,IL,טרה,גרמים,125.00,100 גרם,false,,2.70,0.0216,true,1,17686
7290102396443,false,מוו מעדן וניל 1.5% 1,טרה,IL,טרה,גרמים,125.00,100 גרם,false,,2.70,0.0216,true,1,17687
7290102396580,false,מוו שוקולד ומוס שוקו,טרה,IL,טרה,גרמים,123.00,100 גרם,false,,2.90,0.0236,true,1,17694
7290102396597,false,מוו וניל ומוס שוקולד,טרה,IL,טרה,גרמים,123.00,100 גרם,false,,2.90,0.0236,true,1,17695
7290102396665,false,גבנצ 15% דק דק 200 ג,טרה,IL,טרה,גרמים,200.00,100 גרם,false,,15.20,0.0760,true,1,17697
7290102396672,false,גבנצ 9% דק דק 360 ג',טרה,IL,טרה,גרמים,360.00,100 גרם,false,,25.90,0.0719,true,1,17698
7290102396719,false,תות 0% Muller Simply,טרה,IL,MULLER,גרמים,150.00,100 גרם,false,,4.80,0.0320,true,1,17699
7290102396740,false,מאגדת שמינייה מולר ס,טרה,IL,MULLER,קילוגרמים,1.20,"ק""ג",false,,29.90,24.9167,true,1,17702
7290102397204,false,גבנצ 22% דק דק 200 ג,טרה,IL,טרה,גרמים,200.00,100 גרם,false,,15.20,0.0760,true,1,17723
7290102397464,false,Natural + פקאן  גרעי,מילקו,IL,מולר נטורל,גרמים,170.00,100 גרם,false,,5.50,0.0324,true,1,17736
7290102397600,false,Muller mix שקדים ובו,טרה,IL,MULLER,גרמים,170.00,100 גרם,false,,5.50,0.0324,true,1,17745
7290102397617,false,Muller mix קליק,טרה,IL,MULLER,גרמים,170.00,100 גרם,false,,5.50,0.0324,true,1,17746
7290102397679,false,קוטג' וחצי 5% 375 גר,מילקו,IL,טרה,גרמים,375.00,100 גרם,false,,7.50,0.0200,true,1,17748
7290102397730,false,אמנטל פתיחה חוזרת 20,טרה,IL,נעם,גרמים,200.00,100 גרם,false,,16.90,0.0845,true,1,17753
7290102397747,false,מוצרלה נעם פתיחה חוז,טרה,IL,טרה,גרמים,200.00,100 גרם,false,,17.90,0.0895,true,1,17754
7290102398065,false,חלב בקרטון 3% 2 ליטר,טרה,IL,טרה,ליטרים,2.00,ליטר,false,,12.40,6.2000,true,1,17770
7290102398331,false,חלב 1 ליטר מועשר דל,טרה,IL,חלב טרה,ליטרים,1.00,ליטר,false,,7.40,7.4000,true,1,17790
7290102398560,false,שוקו טרה מועשר בבקבו,טרה,IL,טרה,ליטרים,1.00,ליטר,false,,11.00,11.0000,true,1,17805
7290102398577,false,שוקו מועשר בבקבוק 25,טרה,IL,טרה,מיליליטרים,250.00,"100 מ""ל",false,,5.30,0.0212,true,1,17806
7290102398614,false,משקה חלב בטעם בננה 1,טרה,IL,טרה,ליטרים,1.00,ליטר,false,,11.00,11.0000,true,1,17809
7290102398638,false,משקה חלב בטעם מוקה,טרה,IL,טרה,ליטרים,1.00,ליטר,false,,11.00,11.0000,true,1,17810
7290102398669,false,אייס קפוצ'ינו 1 ליטר,טרה,IL,טרה,ליטרים,1.00,ליטר,false,,11.00,11.0000,true,1,17812
7290102398782,false,משקה סויה קלאסי משק,ואל סויה,IT,משק,ליטרים,1.00,ליטר,false,,10.90,10.9000,true,1,17818
7290102398799,false,משקה סויה במתיקות מו,ואל סויה,IT,משק,ליטרים,1.00,ליטר,false,,10.90,10.9000,true,1,17819
7290102398805,false,משקה סויה בטעם וניל,ואל סויה,IT,משק,ליטרים,1.00,ליטר,false,,10.90,10.9000,true,1,17820
7290102398836,false,משקה שקדים קלאסי משק,ואל סויה,IT,משק,ליטרים,1.00,ליטר,false,,12.90,12.9000,true,1,17822
7290102399048,false,קשקבל נעם פתיחה חוזר,מילקו,IL,טרה,גרמים,200.00,100 גרם,false,,22.90,0.1145,true,1,17833
7290102399635,false,Muller Froop TROPICA,מילקו,IL,מולר,גרמים,150.00,100 גרם,false,,4.80,0.0320,true,1,17880
7290102399789,false,*מבצע* ממרח חמאת מול,מילקו,DE,מולר,גרמים,250.00,100 גרם,false,,15.90,0.0636,true,1,17885
7290102399802,false,Muller Active יוגורט,מילקו,IL,מולר,גרמים,20.00,100 גרם,false,,5.90,0.2950,true,1,17887
7290102399819,false,מולר אקטיב יוגורט חל,מילקו,IL,מולר,גרמים,20.00,100 גרם,false,,5.90,0.2950,true,1,17888
7290102399857,false,Muller Active לייט י,מילקו,IL,מולר,מיליליטרים,200.00,"100 מ""ל",false,,5.90,0.0295,true,1,17891
7290102840175,false,פודינג וניל 85 גרם,"מיה תעשיות מזון בע""מ",IL,מיה,גרמים,85.00,100 גרם,false,,2.90,0.0341,true,1,34722
7290102840205,false,גלי תות 90 גרם,"מיה תעשיות מזון בע""מ",IL,מיה,גרמים,90.00,100 גרם,false,,2.90,0.0322,true,1,34725
7290103124601,false,פלמוליב חלב ודבש 750,CP - Turkey+60,TR,פלמוליב חלב ודבש 750,מיליליטרים,750.00,"100 מ""ל",false,,19.90,0.0265,true,1,23111
7290103400194,false,כרוב לבן קצוץ 400 גר,שטראוס גרופ,IL,שטראוס,גרמים,400.00,100 גרם,false,,8.90,0.0223,true,1,18221
7290103400255,false,סלט קולסלאו 400 גרם,שטראוס גרופ,IL,שטראוס,גרמים,400.00,100 גרם,false,,8.90,0.0223,true,1,18223
7290103401429,false,פלטיניום קצב ברזילאי,שטראוס גרופ,IL,עלית,גרמים,200.00,100 גרם,false,,24.90,0.1245,true,1,16073
7290103404758,false,כרוב 120,שטראוס גרופ,IL,שטראוס,גרמים,125.00,100 גרם,false,,4.70,0.0376,true,1,18225
7290103408206,false,עלי חסה שטופים 250,שטראוס גרופ,IL,שטראוס,גרמים,250.00,100 גרם,false,,9.90,0.0396,true,1,18228
7290103681180,false,"יין הר מרלו 750 מ""ל",,,הר אדום,מיליליטרים,750.00,"100 מ""ל",false,,35.90,0.0479,true,1,17908
7290103681210,false,"יין הר שרדונה 750 מ""",,,הר לבן,מיליליטרים,750.00,"100 מ""ל",false,,35.90,0.0479,true,1,17910
7290103681227,false,יין הר גוורצטרמינר 7,,,הר לבן,מיליליטרים,750.00,"100 מ""ל",false,,35.90,0.0479,true,1,17911
7290103681234,false,"יין הר רוזה 750 מ""ל",,,הר לבן,מיליליטרים,750.00,"100 מ""ל",false,,35.90,0.0479,true,1,17912
7290103681623,false,יין הר מוסקטו רוזה 7,,,הר לבן,מיליליטרים,750.00,"100 מ""ל",false,,35.90,0.0479,true,1,17919
7290104061417,false,חומוס טחינה 400 גרם,שטראוס גרופ,IL,שטראוס,גרמים,400.00,100 גרם,false,,10.90,0.0273,true,1,18229
7290104061424,false,חומוס זעתר 400 גרם,שטראוס גרופ,IL,שטראוס,גרמים,400.00,100 גרם,false,,10.90,0.0273,true,1,18230
7290104061431,false,חומוס צנובר 400 גרם,שטראוס גרופ,IL,שטראוס,גרמים,400.00,100 גרם,false,,10.90,0.0273,true,1,18231
7290104061448,false,חומוס חריף 400 גרם,שטראוס גרופ,IL,שטראוס,גרמים,400.00,100 גרם,false,,10.90,0.0273,true,1,18232
7290104062599,false,גמדים בכפית 8 תות בנ,שטראוס גרופ,IL,שטראוס,גרמים,800.00,100 גרם,false,,17.90,0.0224,true,1,18233
7290104066566,false,טחינה 500 גרם,שטראוס גרופ,IL,שטראוס,גרמים,500.00,100 גרם,false,,13.90,0.0278,true,1,18237
7290104068539,false,מאסט מלון ואבטיח,שטראוס גרופ,IL,עלית,גרמים,28.00,100 גרם,false,,4.00,0.1429,true,1,16096
7290104068546,false,מאסט קולה קרח ולימון,שטראוס גרופ,IL,עלית,גרמים,28.00,100 גרם,false,,4.00,0.1429,true,1,16097
7290104500572,false,אפרופו איטליאנו 50 ג,אסם,IL,אפרופו,גרמים,50.00,100 גרם,false,,3.90,0.0780,true,1,4808
7290104501661,false,פודינג בטעם וניל צרפ,אסם,IL,אסם,גרמים,84.00,100 גרם,false,,4.90,0.0583,true,1,4809
7290104504228,false,דובונים קדמ.מארז אחי,אסם,IL,דובונים,גרמים,100.00,100 גרם,false,,12.90,0.1290,true,1,4812
7290104508943,false,במבה קלאסי 200 גרם,אסם,IL,במבה,גרמים,200.00,100 גרם,false,,8.90,0.0445,true,1,4819
7290104570162,false,תמר כבוש 500 גרם,"ששון ושות' בע""מ",IL,תמר כבוש 500 גרם,גרמים,500.00,100 גרם,false,,12.90,0.0258,true,1,28419
7290104721762,false,מארז טורקי 3*85 גרם,שטראוס גרופ,IL,עלית,גרמים,255.00,100 גרם,false,,18.90,0.0741,true,1,16099
7290104721953,false,לקט מסולסלים 350 גרם,שטראוס גרופ,IL,שטראוס,גרמים,350.00,100 גרם,false,,12.90,0.0369,true,1,18243
7290104722530,false,תפוציפס 200-180 גרם,שטראוס פריטו ליי (מל,IL,עלית,גרמים,200.00,100 גרם,false,,9.90,0.0495,true,1,16859
7290104728310,false,שמנת להקצפה 38% מהדר,שטראוס גרופ,IL,יטבתה,מיליליטרים,250.00,"100 מ""ל",false,,6.40,0.0256,true,1,18252
7290104729003,false,שמן זית כ.מעולה 750,שטראוס גרופ,IL,יד מרדכי,מיליליטרים,750.00,"100 מ""ל",false,,32.90,0.0439,true,1,16108
7290104729010,false,לבן בטעם תות 100 מל',שטראוס גרופ,IL,יטבתה,מיליליטרים,100.00,"100 מ""ל",false,,1.40,0.0140,true,1,18254
7290104960246,false,סבון ארומה 750 מל,"אמיליה קוסמטיקס בע""מ",IL,נקה 7,מיליליטרים,750.00,"100 מ""ל",false,,9.90,0.0132,true,1,9778
7290104960253,false,סבון ארומה 750 מל,"אמיליה קוסמטיקס בע""מ",IL,נקה 7,מיליליטרים,750.00,"100 מ""ל",false,,9.90,0.0132,true,1,9779
7290104960338,false,סבון ארומה 750 מל,"אמיליה קוסמטיקס בע""מ",IL,נקה 7,מיליליטרים,750.00,"100 מ""ל",false,,9.90,0.0132,true,1,9780
7290104960352,false,סבון ארומה 750 מל,"אמיליה קוסמטיקס בע""מ",IL,נקה 7,מיליליטרים,750.00,"100 מ""ל",false,,9.90,0.0132,true,1,9781
7290104961205,false,נקה 7 תחליב רחצה 750,"אמיליה קוסמטיקס בע""מ",IL,נקה 7,מיליליטרים,750.00,"100 מ""ל",false,,9.90,0.0132,true,1,9783
7290104961243,false,נקה 7 תחליב רחצה 750,"אמיליה קוסמטיקס בע""מ",IL,נקה 7,מיליליטרים,750.00,"100 מ""ל",false,,9.90,0.0132,true,1,9785
7290104961250,false,נקה 7 תחליב רחצה 750,"אמיליה קוסמטיקס בע""מ",IL,נקה 7,מיליליטרים,750.00,"100 מ""ל",false,,9.90,0.0132,true,1,9786
7290104961557,false,"ספריי טיטניום 150 מ""","אמיליה קוסמטיקס בע""מ",IL,טיטניום,מיליליטרים,150.00,"100 מ""ל",false,,10.90,0.0727,true,1,9795
7290104961878,false,שמפו קרטין אינטנס 40,"אמיליה קוסמטיקס בע""מ",IL,נטורל פורמולה,מיליליטרים,400.00,"100 מ""ל",false,,29.90,0.0747,true,1,9796
7290104961885,false,מרכך קרטין אינטנס 40,"אמיליה קוסמטיקס בע""מ",IL,נטורל פורמולה,מיליליטרים,400.00,"100 מ""ל",false,,29.90,0.0747,true,1,9797
7290104962073,false,טיטניום דאו ספריי,"אמיליה קוסמטיקס בע""מ",IL,טיטניום,מיליליטרים,180.00,"100 מ""ל",false,,14.90,0.0828,true,1,9806
7290104962080,false,"ספריי טיטניום 150 מ""","אמיליה קוסמטיקס בע""מ",IL,טיטניום,מיליליטרים,150.00,"100 מ""ל",false,,10.90,0.0727,true,1,9807
7290104963155,false,שמן תינוקות סופטקר 5,סנו,IL,סופטקר,מיליליטרים,500.00,"100 מ""ל",false,,24.90,0.0498,true,1,9831
7290104963216,false,אלסבון עדין סופטקר 1,סנו,IL,סופטקר,ליטרים,1.00,ליטר,false,,15.90,15.9000,true,1,9835
7290104963223,false,אלסבון סופטקר 1 ליטר,סנו,IL,סופטקר,ליטרים,1.00,ליטר,false,,15.90,15.9000,true,1,9836
7290104963650,false,שמפו סופטקר 1 ליטר,סנו,IL,סופטקר,ליטרים,1.00,ליטר,false,,15.90,15.9000,true,1,9840
7290104965647,false,דאודורנט רול און נוש,"אמיליה קוסמטיקס בע""מ",IL,קרליין,מיליליטרים,75.00,"100 מ""ל",false,,11.90,0.1587,true,1,9862
7290105100054,false,מטריה אוטומט,יושימין,CN,tomi,יח',1.00,יח',false,,15.90,15.9000,true,1,25188
7290105100108,false,מטריה גמבו ארוך,יושימין,CN,tomi,יח',1.00,יח',false,,19.90,19.9000,true,1,25189
7290105100160,false,מטריה שקוף ילדים,יושימין,CN,tomi,יח',1.00,יח',false,,19.90,19.9000,true,1,25192
7290105100221,false,מטריה גמבו אוטומט,יושימין,CN,tomi,יח',1.00,יח',false,,29.90,29.9000,true,1,25193
7290105100245,false,מטריה אוטומט ארוך,יושימין,CN,tomi,יח',1.00,יח',false,,19.90,19.9000,true,1,25194
7290105107534,false,מטריה רב צלעות,יושימין,CN,tomi,יח',1.00,יח',false,,29.90,29.9000,true,1,25252
7290105360250,false,קפסולות 09 למכונות N,שטראוס גרופ,IL,עלית,גרמים,50.00,100 גרם,false,,15.90,0.3180,true,1,16112
7290105360328,false,קפסולות 10 למכונות N,שטראוס גרופ,IL,עלית,גרמים,50.00,100 גרם,false,,15.90,0.3180,true,1,16113
7290105362339,false,שמנת לבישול 15% מהדר,שטראוס גרופ,IL,יטבתה,מיליליטרים,250.00,"100 מ""ל",false,,7.90,0.0316,true,1,18256
7290105363602,false,כיף כף מקלות 40 גרם,SOLEN CIKOLATA GIDA,TR,עלית,גרמים,40.00,100 גרם,false,,4.70,0.1175,true,1,16122
7290105364302,false,כיף כף מקלות 42 גרם,,,כיף כף מקלות 42 גרם,גרמים,42.00,100 גרם,false,,4.70,0.1119,true,1,16124
7290105364678,false,משקה אקטיביה אפרסק 1,שטראוס גרופ,IL,שטראוס,גרמים,265.00,100 גרם,false,,4.90,0.0185,true,1,18257
7290105366023,false,חציל בטעם כבד 400 גר,שטראוס גרופ,IL,שטראוס,גרמים,400.00,100 גרם,false,,14.90,0.0373,true,1,18259
7290105366047,false,טחינה לבנה 400 גר,שטראוס גרופ,IL,שטראוס,גרמים,400.00,100 גרם,false,,14.90,0.0373,true,1,18261
7290105366993,false,סימפוניה פילפל שיפקה,שטראוס גרופ,IL,שטראוס,גרמים,200.00,100 גרם,false,,10.90,0.0545,true,1,18263
7290105368331,false,מילקי בטעם תות,שטראוס גרופ,IL,שטראוס,גרמים,133.00,100 גרם,false,,2.80,0.0211,true,1,18268
7290105368904,false,שמנת מתוקה להקצפה 32,שטראוס גרופ,IL,יטבתה,מיליליטרים,250.00,"100 מ""ל",false,,7.30,0.0292,true,1,18271
7290105368928,false,שמנת  9% 200 גר-מהדר,שטראוס גרופ,IL,יטבתה,מיליליטרים,200.00,"100 מ""ל",false,,2.90,0.0145,true,1,18272
7290105369130,false,סימפוניה בצל ירוק,שטראוס גרופ,IL,שטראוס,גרמים,200.00,100 גרם,false,,10.90,0.0545,true,1,18274
7290105431516,false,*מבצע* פרי  חטיפי בר,FREE,IL,פרי,גרמים,90.00,100 גרם,false,,14.90,0.1656,true,1,23133
7290105438539,false,קוקי נייר אפייה 40 י,קוקי,IL,קוקי,יח',40.00,יח',false,,9.90,0.2475,true,1,23154
7290105439499,false,מאסטר שף  מיונז 483,Remia,NL,מאסטר שף,גרמים,483.00,100 גרם,false,,11.90,0.0246,true,1,23156
7290105439505,false,מאסטר שף קרם בטעם מי,Remia,NL,מאסטר שף,גרמים,521.00,100 גרם,false,,11.90,0.0228,true,1,23157
7290105439581,false,מאסטר שף חרדל דיז'ון,Covinor sas,FR,מאסטר שף,גרמים,370.00,100 גרם,false,,9.90,0.0268,true,1,23158
7290105474018,false,לה קט פטה עוף 100 ג,,,לה קט פטה עוף 100 ג,גרמים,100.00,100 גרם,false,,4.90,0.0490,true,1,42805
7290105474124,false,בונזו 12 קג,"ביופט בע""מ",IL,בונזו,קילוגרמים,12.00,"ק""ג",false,,129.90,10.8250,true,1,33186
7290105474179,false,מארז מען לה קט פטה מ,LA NORMANDISE SA,FR,לה קט,גרמים,400.00,100 גרם,false,,16.90,0.0422,true,1,33191
7290105500151,false,*מבצע* פינלנדיה 700,,,וודקה פינלנדיה,מיליליטרים,700.00,"100 מ""ל",false,,54.90,0.0784,true,1,14646
7290105691224,false,חטיפי פריכונים טורטי,פרח תעשיות,IL,אסם,גרמים,60.00,100 גרם,false,,6.90,0.1150,true,1,4827
7290105691248,false,חטיפי פריכונים טורטי,פרח תעשיות,IL,אסם,גרמים,60.00,100 גרם,false,,6.90,0.1150,true,1,4828
7290105691712,false,עוגיות הפסקת קפה חיט,אסם,IL,אסם,גרמים,220.00,100 גרם,false,,10.90,0.0495,true,1,4831
7290105691897,false,קוסקוס עם חיטה מלאה,קוסקוס,IL,אסם,גרמים,350.00,100 גרם,false,,8.90,0.0254,true,1,4832
7290105691934,false,קמח שמרים 1קג,תחנת קמח המפרץ,IL,אסם,קילוגרמים,1.00,"ק""ג",false,,8.90,8.9000,true,1,4833
7290105693341,false,במבה מארז 10*25 גרם,אסם,IL,במבה,גרמים,250.00,100 גרם,false,,13.90,0.0556,true,1,4841
7290105694614,false,ספגטי מהיר הכנה 500,זארה,IT,אסם,גרמים,500.00,100 גרם,false,,5.40,0.0108,true,1,4845
7290105694928,false,אב.מרק בצל ר.טבעי.מי,אסם,IL,אסם,גרמים,220.00,100 גרם,false,,15.90,0.0723,true,1,4849
7290105695024,false,פתיתים אפויים אורז ע,אסם,IL,אסם,גרמים,500.00,100 גרם,false,,6.90,0.0138,true,1,4851
7290105695321,false,עוגת בראוניס פאדג',אסם,IL,הבית,גרמים,350.00,100 גרם,false,,14.90,0.0426,true,1,4855
7290105695536,false,אבקת מרק ירקות שורש,אסם,IL,אסם,גרמים,220.00,100 גרם,false,,15.90,0.0723,true,1,4856
7290105964564,false,חומוס 400 אחלה,שטראוס גרופ,IL,שטראוס,גרמים,400.00,100 גרם,false,,8.90,0.0223,true,1,18278
7290105965738,false,דנונה לשתיה תות בננה,שטראוס גרופ,IL,שטראוס,גרמים,267.00,100 גרם,false,,4.80,0.0180,true,1,18280
7290105966469,false,חומץ בלסמי יד מרדכי,ACATAIA GIUSEPPE CRE,IT,יד מרדכי,מיליליטרים,250.00,"100 מ""ל",false,,13.90,0.0556,true,1,16145
7290105968654,false,רביולי בטטה פרווה 40,שטראוס גרופ,IL,שטראוס,גרמים,400.00,100 גרם,false,,19.90,0.0497,true,1,18283
7290105968777,false,פרכיות דגנים בשוקולד,שטראוס גרופ,IL,עלית,גרמים,80.00,100 גרם,false,,7.90,0.0988,true,1,16147
7290106520066,false,רבע לשבע גלילי ופל,הגביע מוצרי וופלים,IL,עלית,גרמים,120.00,100 גרם,false,,10.90,0.0908,true,1,16148
7290106520288,false,דנונה WOW תות 2.4% ש,שטראוס גרופ,IL,דנונה פרו,גרמים,150.00,100 גרם,false,,4.60,0.0307,true,1,18284
7290106520905,false,סלט טורקי  400 גרם,שטראוס גרופ,IL,שטראוס,גרמים,400.00,100 גרם,false,,14.90,0.0373,true,1,18289
7290106520912,false,שמנת לבישול 9% מהדרי,שטראוס גרופ,IL,יטבתה,מיליליטרים,250.00,"100 מ""ל",false,,7.90,0.0316,true,1,18290
7290106521926,false,קפה טורקי שקית 150 ג,שטראוס גרופ,IL,עלית,גרמים,150.00,100 גרם,false,,12.90,0.0860,true,1,16154
7290106525320,false,שוקולית לאפיה 500 גר,שטראוס גרופ,IL,עלית,גרמים,500.00,100 גרם,false,,14.90,0.0298,true,1,16157
7290106525399,false,קפסולות 06 ברזיל למכ,שטראוס גרופ,IL,עלית,גרמים,50.00,100 גרם,false,,15.90,0.3180,true,1,16159
7290106525405,false,מארז קפסולות קפה נטו,שטראוס גרופ,IL,עלית,גרמים,50.00,100 גרם,false,,15.90,0.3180,true,1,16160
7290106526822,false,פריכיות מצופות אנרגי,שטראוס גרופ,IL,אנרג'י,גרמים,70.00,100 גרם,false,,7.90,0.1129,true,1,16164
7290106528567,false,דוריטוס גריל 185 גרם,שטראוס פריטו ליי (מל,IL,עלית,גרמים,185.00,100 גרם,false,,6.90,0.0373,true,1,16870
7290106528949,false,לקט ערוגות 450 גרם,שטראוס גרופ,IL,שטראוס,גרמים,450.00,100 גרם,false,,10.90,0.0242,true,1,18303
7290106571921,false,עוגיות פיטנס חמוציות,אסם,IL,FITNESS,גרמים,180.00,100 גרם,false,,10.90,0.0606,true,1,4870
7290106572027,false,לחמית חמישה דגנים,אסם,IL,לחמית,גרמים,190.00,100 גרם,false,,7.90,0.0416,true,1,4872
7290106572065,false,אסם חטיפי פרכ.טורטיה,פרח תעשיות,IL,אסם,גרמים,60.00,100 גרם,false,,6.90,0.1150,true,1,4873
7290106573024,false,עסיס אננס דיאט 1 ליט,בית השיטה,IL,עסיס,ליטרים,1.00,ליטר,false,,16.90,16.9000,true,1,4879
7290106573598,false,חומוס צבר לבנוני 400,צבר,IL,סלטי צבר,גרמים,400.00,100 גרם,false,,11.90,0.0298,true,1,4885
7290106573628,false,חומוס צבר טחינה 400,צבר,IL,סלטי צבר,גרמים,400.00,100 גרם,false,,11.90,0.0298,true,1,4886
7290106574953,false,בייגלה שטוחים שומשום,אסם,IL,אסם,גרמים,300.00,100 גרם,false,,10.90,0.0363,true,1,4895
7290106574977,false,בייגלה שטוחים מלח 30,אסם,IL,אסם,גרמים,300.00,100 גרם,false,,10.90,0.0363,true,1,4896
7290106575257,false,עוגת סופלה בטעם שוקו,אסם,IL,הבית,גרמים,340.00,100 גרם,false,,10.90,0.0321,true,1,4898
7290106575332,false,פתיתים 400 גרם,קוסקוס,IL,אסם,גרמים,400.00,100 גרם,false,,6.90,0.0173,true,1,4900
7290106576513,false,חומוס צבר 400 גרם,צבר,IL,סלטי צבר,גרמים,400.00,100 גרם,false,,8.90,0.0223,true,1,4909
7290106576537,false,חומוס מסעדות 700 גרם,צבר,IL,סלטי צבר,גרמים,700.00,100 גרם,false,,10.90,0.0156,true,1,4910
7290106576834,false,*מבצע* לה קרמריה פונ,גלידות נסטלה,IL,לה קרמריה,ליטרים,1.40,ליטר,false,,17.90,12.7857,true,1,15654
7290106576858,false,*מבצע* לה קרמריה תות,גלידות נסטלה,IL,לה קרמריה,ליטרים,1.40,ליטר,false,,17.90,12.7857,true,1,15655
7290106576919,false,*מבצע* לה קרמריה סור,גלידות נסטלה,IL,לה קרמריה,ליטרים,1.40,ליטר,false,,17.90,12.7857,true,1,15656
7290106576995,false,*מבצע* לה קרמריה ליי,גלידות נסטלה,IL,לה קרמריה,ליטרים,1.40,ליטר,false,,17.90,12.7857,true,1,15659
7290106577039,false,*מבצע* לה קרמריה שוק,גלידות נסטלה,IL,לה קרמריה,ליטרים,1.40,ליטר,false,,17.90,12.7857,true,1,15660
7290106577541,false,סלט כרוב אדום צבר 40,צבר,IL,סלטי צבר,גרמים,400.00,100 גרם,false,,11.90,0.0298,true,1,4916
7290106578692,false,במבה וביסלי מיקס 80,אסם,IL,ביסלי,גרמים,80.00,100 גרם,false,,3.90,0.0487,true,1,4926
7290106578821,false,עוגת הבית שמרים שוקו,אסם,IL,הבית,גרמים,350.00,100 גרם,false,,14.90,0.0426,true,1,4927
7290106652996,false,כיף כף מקלות קוקוס,סולן בעבור שטראוס,TR,עלית,גרמים,40.00,100 גרם,false,,4.70,0.1175,true,1,43211
7290106653689,false,לקט לסלט אסייתי 350,"שטראוס מזון טרי בע""מ",IL,שטראוס,גרמים,350.00,100 גרם,false,,10.90,0.0311,true,1,18304
7290106654099,false,מארז מילקי cake שמינ,אירו קייקס אס פי איי,IT,מאגדת מילקי cake,גרמים,272.00,100 גרם,false,,19.90,0.0732,true,1,18306
7290106656734,false,חיוכים וניל 600 גרם,אפיפית נצרת תעשיות ב,IL,עלית,גרמים,600.00,100 גרם,false,,16.90,0.0282,true,1,16175
7290106663121,false,מילקי cake,TSC,IT,מאגדת מילקי cake,גרמים,34.00,100 גרם,false,,2.90,0.0853,true,1,18315
7290106663558,false,רוטב טריאקי רימון,"בית אל מזון בע""מ",IL,עלית,מיליליטרים,280.00,"100 מ""ל",false,,12.90,0.0461,true,1,16207
7290106664067,false,לאבנה שמן זית וזעתר,בר תבור,IL,לאבנה,גרמים,400.00,100 גרם,false,,14.90,0.0373,true,1,18317
7290106664555,false,רוטב שמנת עם עגבניות,שטראוס גרופ,IL,יטבתה,מיליליטרים,250.00,"100 מ""ל",false,,10.90,0.0436,true,1,18319
7290106667266,false,דוריטוס חמוץ חריף 18,שטראוס פריטו ליי (מל,IL,עלית,גרמים,185.00,100 גרם,false,,6.90,0.0373,true,1,16897
7290106668577,false,מיץ לימון טבעי,יורופוד,IT,מיץ לימון טבעי,מיליליטרים,250.00,"100 מ""ל",false,,7.90,0.0316,true,1,16219
7290106668713,false,דנונה פירות יער 3%,שטראוס גרופ,IL,שטראוס,גרמים,150.00,100 גרם,false,,3.50,0.0233,true,1,18332
7290106669857,false,קפסולות אספרסו בטעם,שטראוס גרופ,IL,עלית,גרמים,50.00,100 גרם,false,,15.90,0.3180,true,1,16228
7290106720626,false,ציטוס צדר גבינה 80 ג,שטראוס פריטו ליי (מל,IL,עלית,גרמים,80.00,100 גרם,false,,4.50,0.0563,true,1,16900
7290106721913,false,צנצנת מסטיק מאסט פפר,שטראוס גרופ,IL,עלית,גרמים,66.00,100 גרם,false,,9.90,0.1500,true,1,16234
7290106721920,false,צנצנת מסטיק מאסט ספי,שטראוס גרופ,IL,עלית,גרמים,66.00,100 גרם,false,,9.90,0.1500,true,1,16235
7290106723689,false,עלי תרד בייבי שטראוס,שטראוס גרופ,IL,שטראוס,גרמים,200.00,100 גרם,false,,10.90,0.0545,true,1,18338
7290106725867,false,סירופ מייפל טבעי 189,ציטדל,CA,סירופ מייפל טבעי 189,מיליליטרים,189.00,"100 מ""ל",false,,29.90,0.1582,true,1,39645
7290106726178,false,דנונה WOW פירות יער,שטראוס גרופ,IL,דנונה פרו,גרמים,150.00,100 גרם,false,,4.60,0.0307,true,1,18340
7290106729650,false,מארז דנונה 8 תות 3%,שטראוס גרופ,IL,דנונה,קילוגרמים,1.20,"ק""ג",false,,23.90,19.9167,true,1,18349
7290106922334,false,כיסא פלסטיק לבן,,,כיסא פלסטיק לבן,יח',1.00,יח',false,,19.90,19.9000,true,1,29955
7290106922341,false,כסא דגם אלה,,,כסא דגם אלה,יח',1.00,יח',false,,19.90,19.9000,true,1,29956
7290107280013,false,מגבונים ליטופים חמיש,טרופיקל דגיל קוסמטיק,IL,ליטופים,יח',5.00,יח',false,,17.90,3.5800,true,1,9864
7290107280020,false,שלישיית מטליות לחות,דינאמיק,IL,סנו סושי,יח',150.00,יח',false,,17.90,0.1193,true,1,9865
7290107280068,false,זוג תבניות אלומיניום,,,זוג תבניות אלומיניום לאפי,יח',2.00,יח',false,,8.90,4.4500,true,1,9867
7290107280082,false,תבנית אלומיניום סנו,,,תבנית אלומיניום סנו סושי,יח',7.00,יח',false,,8.90,1.2714,true,1,9869
7290107280099,false,מגבוני טואלט סנו סופ,דגיל,IL,סנו סופט,יח',144.00,יח',false,,14.90,0.1035,true,1,9870
7290107280341,false,*מבצע* מטליות סנו רי,דגיל,IL,ריצפז,יח',10.00,יח',false,,9.90,0.9900,true,1,9876
7290107280549,false,מרסס K400,סנו,IL,סנו,מיליליטרים,300.00,"100 מ""ל",false,,11.90,0.0397,true,1,9883
7290107280570,false,מקסימה ג'ל 3 ליטר,סנו,IL,מקסימה,ליטרים,3.00,ליטר,false,,28.90,9.6333,true,1,9885
7290107280600,false,*מבצע* טבליות למדיח,גרופה אינקו,PL,ספארק,יח',100.00,יח',false,,49.90,0.4990,true,1,9888
7290107280655,false,א.כביסה מקסימה בייבי,סנו,IL,מקסימה,קילוגרמים,3.25,"ק""ג",false,,30.90,9.5077,true,1,9890
7290107280709,false,*מבצע* סנו ספארק נוז,,,סנו ספארק נוזל הבקרה למדי,מיליליטרים,700.00,"100 מ""ל",false,,10.90,0.0156,true,1,9892
7290107280716,false,סנו ספארק מלח מדיח 2,סנו,IL,"סנו ספארק מלח מדיח 2 ק""ג",קילוגרמים,2.00,"ק""ג",false,,10.90,5.4500,true,1,9893
7290107280723,false,סנו ספארק לכלים 700,סנו,IL,ספארק,מיליליטרים,700.00,"100 מ""ל",false,,8.90,0.0127,true,1,9894
7290107280730,false,סנו ספארק לכלים 700,סנו,IL,ספארק,מיליליטרים,700.00,"100 מ""ל",false,,8.90,0.0127,true,1,9895
7290107280747,false,סנו ספארק לכלים 700,סנו,IL,ספארק,מיליליטרים,700.00,"100 מ""ל",false,,8.90,0.0127,true,1,9896
7290107280754,false,סנו ספארק לכלים 700,סנו,IL,ספארק,מיליליטרים,700.00,"100 מ""ל",false,,8.90,0.0127,true,1,9897
7290107280761,false,נוזל כלים סנו ספארק,סנו,IL,ספארק,ליטרים,1.00,ליטר,false,,10.90,10.9000,true,1,9898
7290107645584,false,*מבצע* קנור עוף אמית,יוניליוור,IL,*מבצע* קנור עוף אמית,גרמים,400.00,100 גרם,false,,19.90,0.0497,true,1,20570
7290107645591,false,קנור ט.עוף ר.טבעי 40,אתר חיפה אבקות - Foo,IL,KNORR,גרמים,400.00,100 גרם,false,,17.90,0.0447,true,1,20571
7290107646062,false,*מבצע* קנור בצל ר.טב,יוניליוור,IL,*מבצע* קנור בצל ר.טב,גרמים,400.00,100 גרם,false,,19.90,0.0497,true,1,20581
7290107646154,false,חטיף דגנים קוקומן שי,אתר צפת חטיפים - Foo,IL,תלמה,גרמים,126.00,100 גרם,false,,12.90,0.1024,true,1,20583
7290107646826,false,חטיף דגנים שוגי שוקו,אתר צפת חטיפים - Foo,IL,תלמה,גרמים,156.00,100 גרם,false,,12.90,0.0827,true,1,20596
7290107646833,false,חטיף דגנים שוגי פצפו,אתר צפת חטיפים - Foo,IL,תלמה,גרמים,138.00,100 גרם,false,,12.90,0.0935,true,1,20597
7290107646895,false,קנור רוטב פסטה נפולי,יוניליוור,IL,קנור רוטב פסטה נפולי,גרמים,415.00,100 גרם,false,,9.90,0.0239,true,1,20601
7290107646918,false,קנור רוטב שקשוקה 415,יוניליוור,IL,קנור רוטב שקשוקה 415,גרמים,415.00,100 גרם,false,,9.90,0.0239,true,1,20603
7290107646963,false,ממרח ספייסי מיו 250,תלמה,IL,ממרח ספייסי מיו 250,גרמים,250.00,100 גרם,false,,7.90,0.0316,true,1,38095
7290107646970,false,ממרח איולי שום 250 ג,תלמה,IL,ממרח איולי שום 250 ג,גרמים,250.00,100 גרם,false,,7.90,0.0316,true,1,38096
7290107647366,false,דומסטוס סבון אסלה לי,,,דומסטוס סבון אסלה לי,גרמים,55.00,100 גרם,false,,14.90,0.2709,true,1,20616
7290107647656,false,סולרו פרוט בוסט - קו,גלידות שטראוס,IL,סולרו,גרמים,290.00,100 גרם,false,,23.90,0.0824,true,1,7762
7290107647731,false,קוקומן חום לבן 375 ג,אתר שפע - Food,IL,TELMA,גרמים,375.00,100 גרם,false,,19.90,0.0531,true,1,20623
7290107647816,false,ברנפלקס ללא סוכר 500,אתר שפע - Food,IL,TELMA,גרמים,500.00,100 גרם,false,,19.90,0.0398,true,1,20629
7290107648974,false,קנור רוטב לפסטה בזיל,יוניליוור,IL,קנור רוטב לפסטה בזיל,גרמים,415.00,100 גרם,false,,9.90,0.0239,true,1,20654
7290107648981,false,קנור רוטב לפסטה פומו,יוניליוור,IL,קנור רוטב לפסטה פומו,גרמים,415.00,100 גרם,false,,9.90,0.0239,true,1,20655
7290107649605,false,קליק טבלה קורנפלקס 8,אתר צפת טבלאות ותעשי,IL,KLIK,גרמים,85.00,100 גרם,false,,4.90,0.0576,true,1,20668
7290107698306,false,גופיות חורף לבן 0,,,גופיות חורף לבן 0,יח',1.00,יח',false,,22.90,22.9000,true,1,28234
7290107698313,false,גופית חורף לגבר לבן,,,גופית חורף לגבר לבן,יח',1.00,יח',false,,22.90,22.9000,true,1,28235
7290107698337,false,גופית חורף לגבר שחור,,,גופית חורף לגבר שחור,יח',1.00,יח',false,,22.90,22.9000,true,1,28237
7290107698344,false,גופית חורף וי שחור,,,גופית חורף וי שחור,יח',1.00,יח',false,,22.90,22.9000,true,1,28238
7290107871297,false,אסם פריכונים מיני עש,פרח תעשיות,IL,אסם,גרמים,25.00,100 גרם,false,,3.90,0.1560,true,1,4938
7290107871990,false,פסטה צינורות 500 גרם,זארה,IT,אסם,גרמים,500.00,100 גרם,false,,5.40,0.0108,true,1,4944
7290107874427,false,אסם פריכונים מיני זע,פרח תעשיות,IL,אסם,גרמים,25.00,100 גרם,false,,3.90,0.1560,true,1,4955
7290107874441,false,אסם פריכונים מיני בצ,פרח תעשיות,IL,אסם,גרמים,25.00,100 גרם,false,,3.90,0.1560,true,1,4956
7290107874502,false,מארז ביסלי גריל 4*55,אסם,IL,אסם,גרמים,220.00,100 גרם,false,,10.90,0.0495,true,1,4958
7290107875271,false,מארז ביסלי ברביקיו 4,אסם,IL,אסם,גרמים,220.00,100 גרם,false,,10.90,0.0495,true,1,4962
7290107875400,false,*מבצע* לה קרמריה פרו,גלידות נסטלה,IL,לה קרמריה,ליטרים,1.40,ליטר,false,,17.90,12.7857,true,1,15667
7290107877619,false,במבה במילוי נוגט מאר,אסם,IL,במבה,גרמים,150.00,100 גרם,false,,12.90,0.0860,true,1,4983
7290107879132,false,פיטנס מיני פריכיות ש,כרמית,IL,פיטנס,גרמים,22.00,100 גרם,false,,4.90,0.2227,true,1,5000
7290107879521,false,לה פרוטה תות 5 יח',גלידות נסטלה,IL,לה פרוטה,גרמים,350.00,100 גרם,false,,23.90,0.0683,true,1,15674
7290107879569,false,לה פרוטה מנגו 5 יח',גלידות נסטלה,IL,לה פרוטה,גרמים,350.00,100 גרם,false,,23.90,0.0683,true,1,15675
7290107930321,false,קונפיטורת דובדבן 340,"בית אל מזון בע""מ",IL,יד מרדכי,גרמים,340.00,100 גרם,false,,11.90,0.0350,true,1,16264
7290107931397,false,כיף כף פצפצים 40 גרם,SOLEN CIKOLATA GIDA,TR,עלית,גרמים,40.00,100 גרם,false,,4.70,0.1175,true,1,16265
7290107932080,false,חלב בבקבוק 3% מועשר-,מחלבת יטבתה,IL,יטבתה,ליטרים,1.00,ליטר,false,,7.30,7.3000,true,1,18354
7290107932134,false,חלב בבקבוק 1% מועשר-,מחלבת יטבתה,IL,יטבתה,ליטרים,1.00,ליטר,false,,7.30,7.3000,true,1,18356
7290107933155,false,לקט סלנובה 200ג,שטראוס גרופ,IL,שטראוס,גרמים,200.00,100 גרם,false,,12.90,0.0645,true,1,18358
7290107933193,false,סלק מבושל 500 ג,לס לגוסודה סנצונוניו,ES,ירקות שטראוס,גרמים,500.00,100 גרם,false,,7.90,0.0158,true,1,18359
7290107936309,false,דנונה יווני לבן,שטראוס,IL,דנונה,גרמים,130.00,100 גרם,false,,3.20,0.0246,true,1,18374
7290107936965,false,עד חצות עיגולים 225,עלית,IL,עד חצות,גרמים,225.00,100 גרם,false,,11.90,0.0529,true,1,16296
7290107937542,false,משקה אקטיביה תות 1.2,שטראוס גרופ,IL,שטראוס,גרמים,268.00,100 גרם,false,,4.90,0.0183,true,1,18377
7290107937627,false,צנצנת מסטיק מאסט קוב,שטראוס גרופ,IL,עלית,גרמים,58.00,100 גרם,false,,9.90,0.1707,true,1,16304
7290107937641,false,צנצנת מסטיק מאסט בזו,שטראוס גרופ,IL,עלית,גרמים,58.00,100 גרם,false,,9.90,0.1707,true,1,16306
7290107937856,false,קפסולות 11 גואטמלה ל,שטראוס גרופ,IL,עלית,גרמים,50.00,100 גרם,false,,15.90,0.3180,true,1,16307
7290107938396,false,אקטימל שמיניה תות,שטראוס גרופ,IL,שטראוס,גרמים,864.00,100 גרם,false,,19.90,0.0230,true,1,18379
7290107939027,false,גזר דקדק 250 גרם,שטראוס,IL,גזר דקדק 250 גרם,גרמים,250.00,100 גרם,false,,6.50,0.0260,true,1,18383
7290107940030,false,חומוס אחלה 650 גרם,שטראוס גרופ,IL,שטראוס,גרמים,650.00,100 גרם,false,,8.90,0.0137,true,1,18392
7290107940467,false,אקטיביה 200 גרם 1.5%,שטראוס גרופ,IL,אקטיביה,גרמים,200.00,100 גרם,false,,3.90,0.0195,true,1,18397
7290107941259,false,עדשים ירוקות מבושלות,הורקסה לס לגונס דה ס,ES,טעם הטבע,גרמים,475.00,100 גרם,false,,10.90,0.0229,true,1,18401
7290107941273,false,חומוס מבושל 475 גרם,הורקסה לס לגונס דה ס,ES,טעם  הטבע,גרמים,475.00,100 גרם,false,,10.90,0.0229,true,1,18403
7290107943192,false,שמנת חמוצה מהערבה 27,מחלבת יטבתה,IL,יטבתה,מיליליטרים,200.00,"100 מ""ל",false,,4.10,0.0205,true,1,18427
7290107943369,false,*מבצע* שיבולת שועל ל,קוואקר אוטס קומפני,US,קוואקר,גרמים,511.00,100 גרם,false,,16.90,0.0331,true,1,16925
7290107944472,false,סימפוניה שום שמיר 5%,שטראוס גרופ,IL,שטראוס,גרמים,200.00,100 גרם,false,,10.90,0.0545,true,1,18433
7290107945165,false,קונפיטורת משמש יד מר,"בית אל מזון בע""מ",IL,יד מרדכי,גרמים,340.00,100 גרם,false,,11.90,0.0350,true,1,16349
7290107950190,false,מעדן שטראוס דיאט מרי,שטראוס גרופ,IL,שטראוס,גרמים,130.00,100 גרם,false,,3.20,0.0246,true,1,18491
7290107950206,false,מעדן שטראוס דיאט שוק,שטראוס גרופ,IL,שטראוס,גרמים,130.00,100 גרם,false,,3.20,0.0246,true,1,18492
7290107951104,false,בפלות שוקולד 200 גרם,שטראוס,IL,עלית,גרמים,200.00,100 גרם,false,,3.90,0.0195,true,1,16378
7290107951111,false,בפלות לימון 200 גרם,שטראוס,IL,עלית,גרמים,200.00,100 גרם,false,,3.90,0.0195,true,1,16379
7290107951715,false,צנצנת מסטיק מאסט קוב,שטראוס גרופ,IL,עלית,גרמים,58.00,100 גרם,false,,9.90,0.1707,true,1,16394
7290107953559,false,*מבצע* מארז קפה טורק,שטראוס קפה בי.וי,IL,עלית,גרמים,168.00,100 גרם,false,,16.90,0.1006,true,1,16404
7290107954976,false,יטבתה פרו קפה 350,מחלבת יטבתה,IL,יטבתה,מיליליטרים,350.00,"100 מ""ל",false,,6.50,0.0186,true,1,18540
7290107956642,false,*מבצע* תרסיס שמן זית,סובנה,ES,*מבצע* תרסיס שמן זית,מיליליטרים,150.00,"100 מ""ל",false,,15.90,0.1060,true,1,16444
7290107956895,false,קפסולות אספרסו בטעם,שטראוס גרופ,IL,עלית,גרמים,50.00,100 גרם,false,,15.90,0.3180,true,1,16450
7290107956901,false,קפסולות אספרסו למכונ,שטראוס גרופ,IL,עלית,גרמים,50.00,100 גרם,false,,15.90,0.3180,true,1,16451
7290107956925,false,קפסולות 13 אוגנדה למ,שטראוס גרופ,IL,עלית,גרמים,50.00,100 גרם,false,,15.90,0.3180,true,1,16452
7290107956932,false,קפסולות 12 אינדונזיה,שטראוס גרופ,IL,עלית,גרמים,50.00,100 גרם,false,,15.90,0.3180,true,1,16453
7290107957069,false,צנצנת מסטיק בזוקה,שטראוס גרופ,IL,עלית,גרמים,66.00,100 גרם,false,,9.90,0.1500,true,1,16456
7290107957076,false,צנצנת מסטיק בזוקה,שטראוס גרופ,IL,עלית,גרמים,66.00,100 גרם,false,,9.90,0.1500,true,1,16457
7290107957229,false,נטיפי שוקולד ציפס מר,"פוליבה בע""מ",IL,עלית,גרמים,250.00,100 גרם,false,,10.90,0.0436,true,1,16458
7290107957991,true,מילקי מינייס,TCS,IT,מילקי,גרמים,144.00,100 גרם,false,,13.90,0.0965,true,1,18570
7290107958035,false,מארז 8 דנונה מתיקות,שטראוס גרופ,IL,שטראוס,ליטרים,1.20,ליטר,false,,17.90,14.9167,true,1,18571
7290107973014,false,פלמוליב סבון ידיים ח,CP - Turkey+60,TR,פלמוליב,מיליליטרים,300.00,"100 מ""ל",false,,10.90,0.0363,true,1,23184
7290107973311,false,קולגייט מברשת 360 פח,קולגייט פלמוליב,CH,קולגייט מברשת 360 סנסטיב,יח',2.00,יח',false,,24.90,12.4500,true,1,23189
7290107973809,false,מאסטר שף עגבניות קוב,פראנו אנריקו ופיגלי,IT,מאסטר שף,גרמים,400.00,100 גרם,false,,4.90,0.0123,true,1,23195
7290107974066,false,*מבצע* מאסטר שף עלי,אלקאטי קורביישיסי,TR,מאסטר שף,גרמים,320.00,100 גרם,false,,7.90,0.0247,true,1,23201
7290107974073,false,*מבצע* מאסטר שף עלי,אלקאטי קורביישיסי,TR,מאסטר שף,גרמים,320.00,100 גרם,false,,7.90,0.0247,true,1,23202
7290107974301,false,ליידי ספיד סטיק אלוו,Colgate - USA,US,ליידי ספיד סטיק,גרמים,65.00,100 גרם,false,,24.90,0.3831,true,1,23204
7290107975360,false,ליידי ספיד סטיק פיור,Colgate - USA,US,ליידי ספיד סטיק,גרמים,65.00,100 גרם,false,,24.90,0.3831,true,1,23224
7290107975544,false,קולגייט משחת ילדים 6,CP-Poland swidnica,PL,קולגייט,מיליליטרים,50.00,"100 מ""ל",false,,11.90,0.2380,true,1,23225
7290107976916,false,פלמוליב סבון ידיים ח,Colgate -ITALY,IT,פלמוליב,מיליליטרים,300.00,"100 מ""ל",false,,10.90,0.0363,true,1,23246
7290107977456,false,פלמוליב לגבר ג'ל רחצ,CP - Turkey+60,TR,פלמוליב לגבר ג'ל רחצ,מיליליטרים,750.00,"100 מ""ל",false,,19.90,0.0265,true,1,23247
7290107978323,false,מאסטר שף איטריות דקי,פי.פי.איג' ארטלקס ג',PL,מאסטר שף,גרמים,400.00,100 גרם,false,,3.90,0.0097,true,1,23250
7290107978330,false,מאסטר שף איטריות דקו,פי.פי.איג' ארטלקס ג',PL,מאסטר שף,גרמים,400.00,100 גרם,false,,3.90,0.0097,true,1,23251
7290107978347,false,מאסטר שף איטריות בינ,פי.פי.איג' ארטלקס ג',PL,מאסטר שף,גרמים,400.00,100 גרם,false,,3.90,0.0097,true,1,23252
7290108201864,false,קולון קפסולות לכביסה,פרופייל,PL,קולון,יח',28.00,יח',false,,24.90,0.8893,true,1,7588
7290108350128,false,שקיות אשפה סנו סושי,"אשפלסט תעשיות בע""מ",IL,סנו סושי,יח',40.00,יח',false,,22.90,0.5725,true,1,9909
7290108350203,false,כריות קירצוף +ספוג ס,סנו,IL,כריות קירצוף +ספוג ס,יח',6.00,יח',false,,9.50,1.5833,true,1,9914
7290108350524,false,טבליות ריחניות לארון,סנו,IL,טבליות ריחניות לארון,יח',1.00,יח',false,,15.90,15.9000,true,1,9921
7290108350531,false,נוזל כלים סנו ספארק,סנו,IL,ספארק,ליטרים,1.00,ליטר,false,,10.90,10.9000,true,1,9922
7290108350548,false,נוזל כלים סנו ספארק,סנו,IL,ספארק,ליטרים,1.00,ליטר,false,,10.90,10.9000,true,1,9923
7290108350555,false,נוזל כלים סנו ספארק,סנו,IL,ספארק,ליטרים,1.00,ליטר,false,,10.90,10.9000,true,1,9924
7290108350586,false,סנו ספארק לכלים 1.5,סנו,IL,ספארק,ליטרים,1.50,ליטר,false,,13.90,9.2667,true,1,9925
7290108350616,false,מרכך מקסימה מרוכז 1,סנו,IL,מקסימה,ליטרים,1.00,ליטר,false,,17.90,17.9000,true,1,9928
7290108350623,false,מרכך מקסימה מרוכז 1,סנו,IL,מקסימה,ליטרים,1.00,ליטר,false,,17.90,17.9000,true,1,9929
7290108350647,false,קרם להתרת קשרים כיף,קוסמופארם,IL,כיף,מיליליטרים,350.00,"100 מ""ל",false,,19.90,0.0569,true,1,9931
7290108350722,false,משחת שיניים אורביטול,טרופיקל דגיל קוסמטיק,IL,אורביטול,גרמים,70.00,100 גרם,false,,8.90,0.1271,true,1,9937
7290108350739,false,משחת שיניים אורביטול,טרופיקל דגיל קוסמטיק,IL,אורביטול,גרמים,70.00,100 גרם,false,,8.90,0.1271,true,1,9938
7290108351149,false,*מבצע* ג'ל סנו ג'ט ל,סנו,IL,*מבצע* ג'ל סנו ג'ט ל,ליטרים,1.50,ליטר,false,,9.90,6.6000,true,1,9962
7290108351156,false,*מבצע* ג'ט לניקוי כל,סנו,IL,*מבצע* ג'ט לניקוי כל,ליטרים,1.50,ליטר,false,,9.90,6.6000,true,1,9963
7290108351507,false,מרכך מקסימה 4 ליטר,סנו,IL,מקסימה,ליטרים,4.00,ליטר,false,,21.90,5.4750,true,1,9965
7290108351514,false,מרכך מקסימה 4 ליטר,סנו,IL,מקסימה,ליטרים,4.00,ליטר,false,,21.90,5.4750,true,1,9966
7290108351552,false,*מבצע* מרסס סנו ג'ט,סנו,IL,*מבצע* מרסס סנו ג'ט,מיליליטרים,750.00,"100 מ""ל",false,,9.90,0.0132,true,1,9970
7290108351569,false,*מבצע* מקסימה למייבש,סנו,IL,סנו,מיליליטרים,750.00,"100 מ""ל",false,,14.90,0.0199,true,1,9971
7290108351583,false,סנו ג'ט פלוס לניקוי,סנו,IL,סנו ג'ט,מיליליטרים,750.00,"100 מ""ל",false,,9.90,0.0132,true,1,9973
7290108351613,false,*מבצע* ריצפז פרש הום,סנו,IL,ריצפז,ליטרים,2.00,ליטר,false,,19.90,9.9500,true,1,9976
7290108351699,false,*מבצע* מגבוני ניקוי,סנו,IL,*מבצע* מגבוני ניקוי,יח',3.00,יח',false,,17.90,5.9667,true,1,9984
7290108351705,false,פניני בישום לכביסה 2,סנו,IL,מקסימה,גרמים,275.00,100 גרם,false,,19.90,0.0724,true,1,9985
7290108351712,false,פניני בישום לכביסה 2,סנו,IL,מקסימה,גרמים,275.00,100 גרם,false,,19.90,0.0724,true,1,9986
7290108351781,false,סנו ג'ט פלוס לניקוי,סנו,IL,סנו ג'ט,מיליליטרים,750.00,"100 מ""ל",false,,9.90,0.0132,true,1,9992
7290108351804,false,מרכך מקסימה מרוכז 1,סנו,IL,מקסימה,ליטרים,1.00,ליטר,false,,17.90,17.9000,true,1,9993
7290108351811,false,מרכך מקסימה מרוכז 1,סנו,IL,מקסימה,ליטרים,1.00,ליטר,false,,17.90,17.9000,true,1,9994
7290108351835,false,מרכך מקסימה 4 ליטר,סנו,IL,מקסימה,ליטרים,4.00,ליטר,false,,21.90,5.4750,true,1,9995
7290108351866,false,מקסימה בושם כביסה בו,סנו,IL,מקסימה בושם כביסה בו,מיליליטרים,600.00,"100 מ""ל",false,,19.90,0.0332,true,1,9998
7290108351910,false,טבליות למדיח סנו ספא,גרופה אינקו,PL,ספארק,יח',30.00,יח',false,,19.90,0.6633,true,1,10000
7290108351941,false,סבון אסלה מוצק RINGS,סנו,IL,סנו,יח',3.00,יח',false,,12.90,4.3000,true,1,10002
7290108351958,false,סבון אסלה מוצק RINGS,סנו,IL,סנו,יח',3.00,יח',false,,12.90,4.3000,true,1,10003
7290108351972,false,מבשם יבש סנו פרש הום,סנו,IL,מבשם יבש סנו פרש הום,מיליליטרים,200.00,"100 מ""ל",false,,10.90,0.0545,true,1,10005
7290108351989,false,מבשם יבש סנו פרש הום,סנו,IL,מבשם יבש סנו פרש הום,מיליליטרים,200.00,"100 מ""ל",false,,10.90,0.0545,true,1,10006
7290108352061,false,משחת שיניים אורביטול,סנו,IL,משחת שיניים אורביטול,גרמים,145.00,100 גרם,false,,14.90,0.1028,true,1,41297
7290108352092,false,*מבצע* אורביטול משחת,סנו,IL,*מבצע* אורביטול משחת,גרמים,145.00,100 גרם,false,,10.90,0.0752,true,1,10013
7290108352146,false,סנובון נוזלי בניחוח,סנו,IL,סנובון,מיליליטרים,750.00,"100 מ""ל",false,,8.90,0.0119,true,1,10015
7290108352153,false,סנובון נוזלי בניחוח,סנו,IL,סנובון,מיליליטרים,750.00,"100 מ""ל",false,,8.90,0.0119,true,1,10016
7290108352207,false,*מבצע* קפסולות לכביס,סנו,IL,*מבצע* קפסולות לכביס,יחי,40.00,יחי,false,,29.90,0.7475,true,1,10017
7290108352214,false,*מבצע* קפסולות לכביס,סנו,IL,*מבצע* קפסולות לכביס,יחי,40.00,יחי,false,,29.90,0.7475,true,1,10018
7290108352252,false,נוזל כלים סנו ספארק,סנו,IL,ספארק,ליטרים,1.00,ליטר,false,,10.90,10.9000,true,1,10020
7290108352269,false,מגבונים לניקוי כללי,סנו,IL,מגבונים לניקוי כללי,יח',400.00,יח',false,,29.90,0.0747,true,1,10021
7290108352399,false,*מבצע* ריצפז פרש הום,סנו,IL,ריצפז,ליטרים,2.00,ליטר,false,,19.90,9.9500,true,1,36684
7290108352436,false,*מבצע* סנובון כחול ש,סנו,IL,סנובון,יח',3.00,יח',false,,12.90,4.3000,true,1,10033
7290108352443,false,*מבצע* סנובון כחול ש,סנו,IL,סנובון,יח',3.00,יח',false,,12.90,4.3000,true,1,10034
7290108352450,false,*מבצע* ריצפז פרש הום,סנו,IL,ריצפז,ליטרים,2.00,ליטר,false,,19.90,9.9500,true,1,10035
7290108352481,false,סנו מוד נרסיסוס  150,סנו,IL,סנומוד,מיליליטרים,150.00,"100 מ""ל",false,,9.90,0.0660,true,1,10037
7290108352511,false,מקסימה לניקוי וחיטוי,סנו,IL,מקסימה לניקוי וחיטוי,מיליליטרים,500.00,"100 מ""ל",false,,11.90,0.0238,true,1,10038
7290108352528,false,*מבצע* מרסס לחיטוי ו,סנו,,*מבצע* מרסס לחיטוי ו,מיליליטרים,750.00,"100 מ""ל",false,,9.90,0.0132,true,1,10039
7290108352566,false,מרכך מקסימה 4 ליטר,סנו,IL,מקסימה,ליטרים,4.00,ליטר,false,,21.90,5.4750,true,1,35645
7290108352573,false,מרכך מקסימה 4 ליטר,סנו,IL,מקסימה,ליטרים,4.00,ליטר,false,,21.90,5.4750,true,1,37674
7290108352641,false,מטלית הפלא לניקוי כל,סנו,IL,מטלית הפלא לניקוי כל,יח',3.00,יח',false,,14.90,4.9667,true,1,10045
7290108352672,false,מטליות הפלא לריצפה ז,סנו,IL,מטליות הפלא לריצפה ז,יח',2.00,יח',false,,19.90,9.9500,true,1,10048
7290108352689,false,כריות קירצוף סנו סוש,סנו,IL,כריות קירצוף סנו סוש,יח',9.00,יח',false,,9.50,1.0556,true,1,10049
7290108352702,false,מגבוני טואלט לחים של,סנו,IL,מגבוני טואלט לחים של,יח',3.00,יח',false,,14.90,4.9667,true,1,10050
7290108352795,false,שקיות זיפר 50 יח סנו,סנו,IL,שקיות זיפר 50 יח סנו,יח',50.00,יח',false,,9.90,0.1980,true,1,10057
7290108352801,false,סנו סושי שקיות אשפה,סנו,IL,סנו סושי,יח',100.00,יח',false,,18.90,0.1890,true,1,10058
7290108352825,false,ספוג הפלא נירוסטה 3,סנו,IL,סנו,יח',3.00,יח',false,,9.90,3.3000,true,1,10060
7290108352849,false,מטלית הפלא לניקוי כל,סנו,IL,מטלית הפלא לניקוי כל,יח',3.00,יח',false,,14.90,4.9667,true,1,10061
7290108352863,false,שקיות צלייה L,סנו,IL,סנו סושי,יח',20.00,יח',false,,7.90,0.3950,true,1,10063
7290108352870,false,שקיות צלייה XL,סנו,IL,סנו סושי,יח',10.00,יח',false,,7.90,0.7900,true,1,10064
7290108352894,false,מפת שולחן חגיגית סנו,סנו,IL,מפת שולחן חגיגית סנו,יח',1.00,יח',false,,7.90,7.9000,true,1,10065
7290108353006,false,שקיות מזון עם ידית 2,"אשפלסט תעשיות בע""מ",IL,סנו סושי,יח',250.00,יח',false,,11.90,0.0476,true,1,10075
7290108353013,false,תבנית אפייה מנייר אי,,,סנו סושי,יח',5.00,יח',false,,11.90,2.3800,true,1,10076
7290108353020,false,תבנית אפייה מלבנית,,,סנו סושי,יח',4.00,יח',false,,11.90,2.9750,true,1,10077
7290108353037,false,תבנית אפייה עגולה מנ,,,סנו סושי,יח',4.00,יח',false,,11.90,2.9750,true,1,10078
7290108353044,false,תבנית אפייה מנייר מא,,,סנו סושי,יח',24.00,יח',false,,11.90,0.4958,true,1,10079
7290108353068,false,זוג כריות קירצוף עם,סנו,IL,זוג כריות קירצוף עם,יח',2.00,יח',false,,9.90,4.9500,true,1,10081
7290108353099,false,טישו סופט חמישייה,ישרפייפר,IL,סנו סופט,יח',5.00,יח',false,,12.90,2.5800,true,1,10083
7290108353372,false,מארז זוג מברשות שיני,סנו,IL,מארז זוג מברשות שיני,יח',2.00,יח',false,,29.90,14.9500,true,1,39973
7290108353471,false,סנובון דיזיין בניחוח,סנו,IL,סנובון דיזיין בניחוח,יחידה,0.00,יחידה,false,,6.90,0.0000,true,1,10091
7290108353488,false,סנובון דיזיין בניחוח,,,סנובון דיזיין בניחוח,יחידה,0.00,יחידה,false,,6.90,0.0000,true,1,10092
7290108353518,false,זוג תבניות עם ידיות,סנו,IL,זוג תבניות עם ידיות,יח',2.00,יח',false,,10.90,5.4500,true,1,10094
7290108353525,false,תבניות גדולות 4 יח ע,סנו,IL,תבניות גדולות 4 יח ע,יח',4.00,יח',false,,10.90,2.7250,true,1,10095
7290108353532,false,שקיות אשפה 100 יח' ב,סנו,IL,שקיות אשפה 100 יח' ב,יח',100.00,יח',false,,29.90,0.2990,true,1,10096
7290108353549,false,נייר אפייה סנו סושי,,,נייר אפייה סנו סושי,יח',100.00,יח',false,,19.90,0.1990,true,1,10097
7290108353648,false,שקיות מזון מנייר 70,"אשפלסט תעשיות בע""מ",IL,סנו סושי,יח',70.00,יח',false,,10.90,0.1557,true,1,10103
7290108353655,false,מפיות אירוח עבות לבנ,סנו,IL,מפיות אירוח עבות לבנ,יח',50.00,יח',false,,9.90,0.1980,true,1,10104
7290108353686,false,מטלית חלומית לרצפה ס,N.S.,CN,סנו סושי,יח',1.00,יח',false,,10.90,10.9000,true,1,10106
7290108353709,false,כפפות ניטריל מידה s,סנו,IL,כפפות ניטריל מידה s,יח',80.00,יח',false,,28.90,0.3612,true,1,39982
7290108353723,false,*מבצע* תחליב רחצה קר,קרמה,,*מבצע* תחליב רחצה קר,מיליליטרים,500.00,"100 מ""ל",false,,9.90,0.0198,true,1,37385
7290108353730,false,*מבצע* תחליב רחצה קר,קרמה,,*מבצע* תחליב רחצה קר,מיליליטרים,500.00,"100 מ""ל",false,,9.90,0.0198,true,1,37386
7290108353747,false,*מבצע* תחליב רחצה אי,סנו,IL,*מבצע* תחליב רחצה אי,מיליליטרים,600.00,"100 מ""ל",false,,12.90,0.0215,true,1,41320
7290108353778,false,נקה 7 תחליב רחצה בני,"אמיליה קוסמטיקס בע""מ",IL,נקה 7,מיליליטרים,750.00,"100 מ""ל",false,,9.90,0.0132,true,1,10108
7290108353785,false,נקה 7 תחליב רחצה בני,"אמיליה קוסמטיקס בע""מ",IL,נקה 7,מיליליטרים,750.00,"100 מ""ל",false,,9.90,0.0132,true,1,10109
7290108353792,false,נקה 7 תחליב רחצה בני,"אמיליה קוסמטיקס בע""מ",IL,נקה 7,מיליליטרים,750.00,"100 מ""ל",false,,9.90,0.0132,true,1,10110
7290108353808,false,נקה 7 תחליב רחצה בני,"אמיליה קוסמטיקס בע""מ",IL,נקה 7,מיליליטרים,750.00,"100 מ""ל",false,,9.90,0.0132,true,1,10111
7290108353839,false,כפפות ניטריל מידה m,סנו,IL,כפפות ניטריל מידה m,יח',80.00,יח',false,,28.90,0.3612,true,1,39983
7290108353846,false,כפפות ניטריל מידה L,סנו,IL,כפפות ניטריל מידה L,יח',80.00,יח',false,,28.90,0.3612,true,1,39984
7290108353891,false,דאודורנט רול און קרמ,,,קרמה,מיליליטרים,75.00,"100 מ""ל",false,,12.90,0.1720,true,1,10113
7290108353907,false,דאודורנט רול און קרמ,,,קרמה,מיליליטרים,75.00,"100 מ""ל",false,,12.90,0.1720,true,1,10114
7290108353969,false,דאודורנט ספריי קרמה,"אמיליה קוסמטיקס בע""מ",IL,קרמה,מיליליטרים,150.00,"100 מ""ל",false,,12.90,0.0860,true,1,34985
7290108353983,false,*מבצע* קרם גוף קרמה,קוסמופארם,IL,קרמה,מיליליטרים,500.00,"100 מ""ל",false,,19.90,0.0398,true,1,10115
7290108353990,false,*מבצע* קרם גוף קרמה,קוסמופארם,IL,קרמה,מיליליטרים,500.00,"100 מ""ל",false,,19.90,0.0398,true,1,10116
7290108354034,false,*מבצע* סבון ידיים קר,קוסמופארם,IL,קרמה,גרמים,300.00,100 גרם,false,,7.90,0.0263,true,1,10118
7290108354164,false,סבון נוזלי כיף שלשה,סנו,IL,סבון נוזלי כיף שלשה,מיליליטרים,1500.00,"100 מ""ל",false,,19.90,0.0133,true,1,10121
7290108354263,false,משחת שיניים אורביטול,טרופיקל דגיל קוסמטיק,IL,אורביטול,גרמים,70.00,100 גרם,false,,8.90,0.1271,true,1,10123
7290108354270,false,מרכך מקסימה מרוכז 1,סנו,IL,מקסימה,ליטרים,1.00,ליטר,false,,17.90,17.9000,true,1,35646
7290108354416,false,*מבצע* תחליב רחצהיוג,סנו,IL,*מבצע* תחליב רחצהיוג,מיליליטרים,600.00,"100 מ""ל",false,,12.90,0.0215,true,1,41323
7290108354430,false,שמפו כיף שמן קוקוס ו,סנו,IL,שמפו כיף שמן קוקוס ו,מיליליטרים,700.00,"100 מ""ל",false,,11.90,0.0170,true,1,10126
7290108354447,false,מרכך כיף קוקוס וקרטי,סנו,IL,מרכך כיף קוקוס וקרטי,מיליליטרים,700.00,"100 מ""ל",false,,11.90,0.0170,true,1,10127
7290108354492,false,שמפו 10 שמן ארגן קרל,סנו,IL,שמפו 10 שמן ארגן קרל,מיליליטרים,700.00,"100 מ""ל",false,,12.90,0.0184,true,1,37395
7290108354591,false,נקה 7 תחליב רחצה ביו,"אמיליה קוסמטיקס בע""מ",IL,נקה 7,מיליליטרים,750.00,"100 מ""ל",false,,9.90,0.0132,true,1,39599
7290108354614,false,נקה 7 מרכך ביו,"אמיליה קוסמטיקס בע""מ",IL,נקה 7,מיליליטרים,750.00,"100 מ""ל",false,,10.90,0.0145,true,1,39601
7290108354621,false,מסיכה לשיער לחות מוג,,IL,מסיכה לשיער לחות מוג,מיליליטרים,500.00,"100 מ""ל",false,,24.90,0.0498,true,1,39974
7290108354706,false,*מבצע* תחליב רחצה קר,קרמה,,*מבצע* תחליב רחצה קר,מיליליטרים,500.00,"100 מ""ל",false,,9.90,0.0198,true,1,35648
7290108354713,false,*מבצע* תחליב רחצה קר,קרמה,,*מבצע* תחליב רחצה קר,מיליליטרים,500.00,"100 מ""ל",false,,9.90,0.0198,true,1,35649
7290108354751,false,*מבצע* מרסס סנו ג'ט,סנו,IL,*מבצע* מרסס סנו ג'ט,מיליליטרים,750.00,"100 מ""ל",false,,9.90,0.0132,true,1,10128
7290108354850,false,דאודורנט רול און קרמ,,,קרמה,מיליליטרים,75.00,"100 מ""ל",false,,12.90,0.1720,true,1,10130
7290108354911,false,*מבצע* קרמה מן 3 ב-1,סנו,IL,*מבצע* קרמה מן 3 ב-1,מיליליטרים,700.00,"100 מ""ל",false,,14.90,0.0213,true,1,10135
7290108354973,false,*מבצע* סבון ידיים קר,קוסמופארם,IL,קרמה,גרמים,300.00,100 גרם,false,,7.90,0.0263,true,1,10137
7290108355031,false,אל סבון ילדים נקה מי,סנו,IL,נקה 7,מיליליטרים,750.00,"100 מ""ל",false,,10.90,0.0145,true,1,10141
7290108355055,false,לחות עם גלייז נטורל,קוסמופארם,IL,נטורל פורמולה,מיליליטרים,400.00,"100 מ""ל",false,,29.90,0.0747,true,1,10142
7290108355062,false,לחות עם קרטין נטורל,קוסמופארם,IL,נטורל פורמולה,מיליליטרים,400.00,"100 מ""ל",false,,29.90,0.0747,true,1,10143
7290108355079,false,לחות עם קוקוס נטורל,קוסמופארם,IL,נטורל פורמולה,מיליליטרים,400.00,"100 מ""ל",false,,29.90,0.0747,true,1,10144
7290108355147,false,סבון ארומה 750 מל,"אמיליה קוסמטיקס בע""מ",IL,נקה 7,מיליליטרים,750.00,"100 מ""ל",false,,9.90,0.0132,true,1,10150
7290108355154,false,נקה 7 שמפו,"אמיליה קוסמטיקס בע""מ",IL,נקה 7,מיליליטרים,750.00,"100 מ""ל",false,,10.90,0.0145,true,1,10151
7290108355161,false,נקה 7 קונדישינר,"אמיליה קוסמטיקס בע""מ",IL,נקה 7,מיליליטרים,750.00,"100 מ""ל",false,,10.90,0.0145,true,1,10152
7290108355178,false,קרם ידיים קרמה חמאת,קוסמופארם,IL,קרמה,מיליליטרים,100.00,"100 מ""ל",false,,9.90,0.0990,true,1,10153
7290108355185,false,מסיכת קרטין אינטנס 3,"אמיליה קוסמטיקס בע""מ",IL,נטורל פורמולה,מיליליטרים,350.00,"100 מ""ל",false,,39.90,0.1140,true,1,10154
7290108355192,false,מרכך קרטין אינטנס 40,"אמיליה קוסמטיקס בע""מ",IL,נטורל פורמולה,מיליליטרים,400.00,"100 מ""ל",false,,29.90,0.0747,true,1,10155
7290108355208,false,שמפו קרטין אינטנס 40,"אמיליה קוסמטיקס בע""מ",IL,נטורל פורמולה,מיליליטרים,400.00,"100 מ""ל",false,,29.90,0.0747,true,1,10156
7290108355260,false,נקה 7 שמפו +ג'ל וסבו,"אמיליה קוסמטיקס בע""מ",IL,נקה 7,מיליליטרים,750.00,"100 מ""ל",false,,10.90,0.0145,true,1,10159
7290108355284,false,תרסיס קרם/תרסיס נקה,סנו,IL,תרסיס קרם/תרסיס נקה,מיליליטרים,350.00,"100 מ""ל",false,,14.90,0.0426,true,1,10161
7290108355307,false,שמפו נקה 7 סירוק קל,סנו,IL,שמפו נקה 7 סירוק קל,מיליליטרים,750.00,"100 מ""ל",false,,12.90,0.0172,true,1,10163
7290108355314,false,מרכך קרם/תרסיס נקה 7,סנו,IL,מרכך קרם/תרסיס נקה 7,מיליליטרים,750.00,"100 מ""ל",false,,12.90,0.0172,true,1,10164
7290108355451,false,דאודורנט רול און קרמ,,,קרמה,מיליליטרים,75.00,"100 מ""ל",false,,12.90,0.1720,true,1,10165
7290108355802,false,*מבצע* קרמה תחליב רח,,,קרמה,מיליליטרים,700.00,"100 מ""ל",false,,14.90,0.0213,true,1,10189
7290108356106,false,כיף רחצה מילק שקד 70,קוסמופארם,IL,כיף,מיליליטרים,700.00,"100 מ""ל",false,,10.90,0.0156,true,1,10203
7290108356113,false,כיף רחצה מילק דבש 70,קוסמופארם,IL,כיף,מיליליטרים,700.00,"100 מ""ל",false,,10.90,0.0156,true,1,10204
7290108356120,false,כיף רחצה מילק קוקוס,קוסמופארם,IL,כיף,מיליליטרים,700.00,"100 מ""ל",false,,10.90,0.0156,true,1,10205
7290108356137,false,כיף רחצה מילק לבנדר,קוסמופארם,IL,כיף,מיליליטרים,700.00,"100 מ""ל",false,,10.90,0.0156,true,1,10206
7290108356151,false,כיף רחצה מילק מאסק י,קוסמופארם,IL,כיף,מיליליטרים,700.00,"100 מ""ל",false,,10.90,0.0156,true,1,10208
7290108356168,false,כיף רחצה מילק אוקיינ,קוסמופארם,IL,כיף,מיליליטרים,700.00,"100 מ""ל",false,,10.90,0.0156,true,1,10209
7290108356175,false,אל סבון כיף 1 ליטר א,קוסמופארם,IL,כיף,ליטרים,1.00,ליטר,false,,11.90,11.9000,true,1,10210
7290108356182,false,אל סבון כיף 1 ליטר ת,קוסמופארם,IL,כיף,ליטרים,1.00,ליטר,false,,11.90,11.9000,true,1,10211
7290108356199,false,אל סבון כיף 1 ליטר א,קוסמופארם,IL,כיף,ליטרים,1.00,ליטר,false,,11.90,11.9000,true,1,10212
7290108356229,false,קרמה ג'ל גילוח,קוסמופארם,TR,קרמה מן,מיליליטרים,200.00,"100 מ""ל",false,,13.90,0.0695,true,1,10213
7290108356298,false,*מבצע* כיף מוס רחצה,,IL,*מבצע* כיף מוס רחצה,מיליליטרים,150.00,"100 מ""ל",false,,9.90,0.0660,true,1,35327
7290108356489,false,תחליב רחצה אפרסק וחמ,קוסמופארם,IL,כיף,מיליליטרים,700.00,"100 מ""ל",false,,10.90,0.0156,true,1,37389
7290108356519,false,שמפו 10 לשיער רגיל ק,סנו,IL,שמפו 10 לשיער רגיל ק,מיליליטרים,700.00,"100 מ""ל",false,,12.90,0.0184,true,1,36675
7290108356526,false,שמפו 10 לשיער יבש קר,סנו,IL,שמפו 10 לשיער יבש קר,מיליליטרים,700.00,"100 מ""ל",false,,12.90,0.0184,true,1,36676
7290108356533,false,שמפו 10 לשיער מתולתל,סנו,IL,שמפו 10 לשיער מתולתל,מיליליטרים,700.00,"100 מ""ל",false,,12.90,0.0184,true,1,36677
7290108356540,false,שמפו 10 לשיער צבוע ק,סנו,IL,שמפו 10 לשיער צבוע ק,מיליליטרים,700.00,"100 מ""ל",false,,12.90,0.0184,true,1,36678
7290108356557,false,שמפו 10 למניעת קשקשי,סנו,IL,שמפו 10 למניעת קשקשי,מיליליטרים,700.00,"100 מ""ל",false,,12.90,0.0184,true,1,36679
7290108356564,false,מרכך 10 לשיער רגיל ק,סנו,IL,מרכך 10 לשיער רגיל ק,מיליליטרים,700.00,"100 מ""ל",false,,12.90,0.0184,true,1,36680
7290108356571,false,מרכך 10 לשיער יבש קר,סנו,IL,מרכך 10 לשיער יבש קר,מיליליטרים,700.00,"100 מ""ל",false,,12.90,0.0184,true,1,36681
7290108356588,false,מרכך 10 לשיער מתולתל,סנו,IL,מרכך 10 לשיער מתולתל,מיליליטרים,700.00,"100 מ""ל",false,,12.90,0.0184,true,1,36682
7290108356595,false,מרכך 10 לשיער צבוע ק,סנו,IL,מרכך 10 לשיער צבוע ק,מיליליטרים,700.00,"100 מ""ל",false,,12.90,0.0184,true,1,36683
7290108356816,false,כיף סבון גרניום ופטצ,,IL,כיף סבון גרניום ופטצ,ליטרים,1.00,ליטר,false,,14.90,14.9000,true,1,39976
7290108356854,false,*מבצע* מגבוני בייבי,סנו,IL,*מבצע* מגבוני בייבי,יח',5.00,יח',false,,17.90,3.5800,true,1,10223
7290108356861,false,*מבצע* מגבוני בייבי,סנו,IL,*מבצע* מגבוני בייבי,יח',5.00,יח',false,,17.90,3.5800,true,1,10224
7290108357004,false,שמפו כיף ושמן קוקוי,סנו,IL,שמפו כיף ושמן קוקוי,מיליליטרים,700.00,"100 מ""ל",false,,11.90,0.0170,true,1,10225
7290108357011,false,מרכך כיף ושמן קוקוי,סנו,IL,מרכך כיף ושמן קוקוי,מיליליטרים,700.00,"100 מ""ל",false,,11.90,0.0170,true,1,10226
7290108357042,false,קרליין נושם ביו דאוד,סנו,IL,קרליין נושם ביו דאוד,מיליליטרים,75.00,"100 מ""ל",false,,12.90,0.1720,true,1,37396
7290108357059,false,קרליין נושם ביו דאוד,סנו,IL,קרליין נושם ביו דאוד,מיליליטרים,75.00,"100 מ""ל",false,,12.90,0.1720,true,1,37397
7290108357097,false,קרליין נושם ביו דאוד,סנו,IL,קרליין נושם ביו דאוד,מיליליטרים,150.00,"100 מ""ל",false,,12.90,0.0860,true,1,37400
7290108357189,false,*מבצע* מקסימה למייבש,סנו,IL,סנו,מיליליטרים,750.00,"100 מ""ל",false,,14.90,0.0199,true,1,10228
7290108357196,false,*מבצע* מרסס סנו ג'ט,סנו,IL,*מבצע* מרסס סנו ג'ט,מיליליטרים,750.00,"100 מ""ל",false,,9.90,0.0132,true,1,34209
7290108357202,false,סנוקליר בלו בלוסום,סנו,IL,סנוקליר,ליטרים,1.00,ליטר,false,,10.90,10.9000,true,1,10229
7290108357226,false,אבקה להלבנה עוצמתית,סנו,IL,אבקה להלבנה עוצמתית,קילוגרמים,1.40,"ק""ג",false,,29.90,21.3571,true,1,36685
7290108357240,false,אבקה עוצמתית להסרת כ,סנו,IL,אבקה עוצמתית להסרת כ,קילוגרמים,1.40,"ק""ג",false,,29.90,21.3571,true,1,36686
7290108357257,false,סנו פרש מכשיר אוטומט,סנו,IL,סנו פרש מכשיר אוטומט,יח',1.00,יח',false,,44.90,44.9000,true,1,39595
7290108357288,false,אקונומיקה מבושמת בני,סנו,IL,סנו ז'אוול,ליטרים,4.00,ליטר,false,,16.90,4.2250,true,1,36692
7290108357295,false,אוקסיג'ן מסיר כתמים,סנו,IL,אוקסיג'ן,מיליליטרים,750.00,"100 מ""ל",false,,17.90,0.0239,true,1,39597
7290108357301,false,מרסס K300 קוטל תיקני,,,מרסס K301,מיליליטרים,300.00,"100 מ""ל",false,,11.90,0.0397,true,1,37676
7290108357400,false,*מבצע* קרמה תחליב רח,,,קרמה,מיליליטרים,700.00,"100 מ""ל",false,,14.90,0.0213,true,1,10231
7290108357653,false,סנובון באבלס בניחוח,,,סנובון באבלס בניחוח,יח',3.00,יח',false,,15.90,5.3000,true,1,42850
7290108357660,false,סנובון באבלס בניחוח,,,סנובון באבלס בניחוח,יח',3.00,יח',false,,15.90,5.3000,true,1,42852
7290108357707,false,שמפו כיף תפוח זרעי צ,סנו,IL,שמפו כיף תפוח זרעי צ,מיליליטרים,700.00,"100 מ""ל",false,,11.90,0.0170,true,1,10236
7290108357714,false,שמפו כיף רימונים ושמ,סנו,IL,שמפו כיף רימונים ושמ,מיליליטרים,700.00,"100 מ""ל",false,,11.90,0.0170,true,1,10237
7290108357745,false,שמפו+מרכך כיף תאנה ו,סנו,IL,שמפו+מרכך כיף תאנה ו,מיליליטרים,700.00,"100 מ""ל",false,,11.90,0.0170,true,1,10239
7290108357769,false,מרכך כיף תפוח זרעי צ,סנו,IL,מרכך כיף תפוח זרעי צ,מיליליטרים,700.00,"100 מ""ל",false,,11.90,0.0170,true,1,10241
7290108357837,false,כיף אל סבון כחול שקי,סנו,IL,כיף אל סבון כחול שקי,ליטרים,1.00,ליטר,false,,7.90,7.9000,true,1,38851
7290108357844,false,כיף אל סבון ורוד שקי,סנו,IL,כיף אל סבון ורוד שקי,ליטרים,1.00,ליטר,false,,7.90,7.9000,true,1,38852
7290108357851,false,כיף ג'ל רחצה ELIXIR,קוסמופארם,IL,כיף,מיליליטרים,700.00,"100 מ""ל",false,,10.90,0.0156,true,1,36687
7290108357868,false,כיף ג'ל רחצה ELIXIR,קוסמופארם,IL,כיף,מיליליטרים,700.00,"100 מ""ל",false,,10.90,0.0156,true,1,36688
7290108357875,false,שמפו לחות מוגברת עם,סנו,IL,שמפו לחות מוגברת עם,מיליליטרים,700.00,"100 מ""ל",false,,11.90,0.0170,true,1,37391
7290108358070,false,*מבצע* קרמה תחליב רח,,,קרמה,מיליליטרים,700.00,"100 מ""ל",false,,14.90,0.0213,true,1,10245
7290108358087,false,*מבצע* קרמה תחליב רח,,,קרמה,מיליליטרים,700.00,"100 מ""ל",false,,14.90,0.0213,true,1,10246
7290108358094,false,*מבצע* תחליב רחצה קר,קרמה,,*מבצע* תחליב רחצה קר,מיליליטרים,500.00,"100 מ""ל",false,,9.90,0.0198,true,1,35651
7290108358124,false,דפי בישום לחים למייב,סנו,IL,דפי בישום לחים למייב,יח',20.00,יח',false,,12.90,0.6450,true,1,42322
7290108359060,false,כריות ניקוי לשבת סנו,סנו,IL,כריות ניקוי לשבת סנו,יח',4.00,יח',false,,9.90,2.4750,true,1,35328
7290108359077,false,ממחטות אף 3 שכבות בת,סנו,IL,ממחטות אף 3 שכבות בת,יח',120.00,יח',false,,12.90,0.1075,true,1,36691
7290108359084,false,כיסוי ניילון עם גומי,סנו,IL,כיסוי ניילון עם גומי,יח',30.00,יח',false,,9.90,0.3300,true,1,41301
7290108359091,false,כיסוי ניילון עם גומי,סנו,IL,כיסוי ניילון עם גומי,יח',30.00,יח',false,,9.90,0.3300,true,1,41302
7290108359114,false,חמגשית אלומיניום עם,סנו,IL,חמגשית אלומיניום עם,יח',10.00,יח',false,,9.90,0.9900,true,1,37068
7290108359152,false,תבניות אלומיניום עגו,סנו,IL,תבניות אלומיניום עגו,יח',6.00,יח',false,,9.90,1.6500,true,1,41303
7290108359169,false,תבניות אלומיניום עגו,סנו,IL,תבניות אלומיניום עגו,יח',6.00,יח',false,,9.90,1.6500,true,1,41304
7290108359176,false,ממחטות אף 3 שכבות סו,,IL,ממחטות אף 3 שכבות סו,יח',200.00,יח',false,,12.90,0.0645,true,1,42851
7290108359183,false,שקיות אשפה עם ידיות,סנו,IL,סנו סושי,יח',60.00,יח',false,,21.90,0.3650,true,1,41298
7290108359824,false,קרם גוף בייבי כיף 50,קוסמופארם,IL,כיף,מיליליטרים,500.00,"100 מ""ל",false,,19.90,0.0398,true,1,10248
7290108359879,false,אל סבון בייבי כיף 75,קוסמופארם,IL,כיף,מיליליטרים,750.00,"100 מ""ל",false,,14.90,0.0199,true,1,10251
7290108359893,false,תחליב רחצה בייבי כיף,קוסמופארם,IL,כיף,מיליליטרים,750.00,"100 מ""ל",false,,14.90,0.0199,true,1,10252
7290108359985,false,זאוול קצף ניקוי בתוס,סנו,IL,סנו ז'אוול,ליטרים,1.00,ליטר,false,,17.90,17.9000,true,1,36693
7290108500677,false,*מבצע* כבד דג שיבוט,lcan Ehf,IS,וילי פוד,גרמים,115.00,100 גרם,false,,7.90,0.0687,true,1,11171
7290108501346,false,גבינת גאודה מגורדת 2,אמרלנד,DE,סיי צייז,גרמים,500.00,100 גרם,false,,24.90,0.0498,true,1,11185
7290108501490,false,גבינת מוצרלה פרוסות,ליטא,DE,גבינת מוצרלה פרוסות,גרמים,150.00,100 גרם,false,,12.90,0.0860,true,1,11197
7290108501827,false,שערות קדאיף 450 גרם,הלניק,TW,יאניס,גרמים,450.00,100 גרם,false,,19.90,0.0442,true,1,11226
7290108501988,false,*מבצע* חטיף שקדים וח,ואמראליס,GR,*מבצע* חטיף שקדים וח,גרמים,140.00,100 גרם,false,,9.90,0.0707,true,1,11240
7290108502305,false,*מבצע* גרנה פדנו משו,זאנטי,IT,וילי פוד,גרמים,150.00,100 גרם,false,,16.90,0.1127,true,1,11255
7290108502329,false,רביעית נתחי טונה בשמ,גולדן פרייז,TH,רביעית נתחי טונה בשמ,גרמים,640.00,100 גרם,false,,26.90,0.0420,true,1,11256
7290108502541,false,*מבצע* גבינת שמנת טב,אטלסר&אלפרי קאסורק,DE,*מבצע* גבינת שמנת טב,גרמים,200.00,100 גרם,false,,8.90,0.0445,true,1,11268
7290108502589,false,*מבצע* גבינת שמנת שו,אטלסר&אלפרי קאסורק,DE,*מבצע* גבינת שמנת שו,גרמים,200.00,100 גרם,false,,8.90,0.0445,true,1,11272
7290108502725,false,גבינת גאודה פרוסות 4,אמרלנד,DE,גבינת גאודה פרוסות 4,גרמים,400.00,100 גרם,false,,19.90,0.0497,true,1,11282
7290108502862,false,*מבצע* מלפפונים במלח,אורהנזי,TR,*מבצע* מלפפונים במלח,גרמים,600.00,100 גרם,false,,8.90,0.0148,true,1,11288
7290108503043,false,מארז תפוחונים 88 גרם,ינטאי,CN,תפוחונים,גרמים,88.00,100 גרם,false,,14.90,0.1693,true,1,11298
7290108503067,false,*מבצע* פרמג'נו משולש,זאנטי,IT,וילי פוד,גרמים,150.00,100 גרם,false,,13.90,0.0927,true,1,11300
7290108503791,false,ניוקי תפוחי אדמה 3 צ,סיימה אלימנטרי,IT,ניוקי תפוחי אדמה 3 צ,1,1.00,1,false,,11.90,11.9000,true,1,42884
7290108504293,false,*מבצע* מנצגו צאנק 15,אל פסטור,ES,*מבצע* מנצגו צאנק 15,גרמים,150.00,100 גרם,false,,15.90,0.1060,true,1,11379
7290108504378,false,*מבצע* גבינת שמנת עם,אטלסר&אלפרי קאסורק,DE,*מבצע* גבינת שמנת עם,גרמים,200.00,100 גרם,false,,8.90,0.0445,true,1,11386
7290108504385,false,*מבצע* גבינת שמנת עם,אטלסר&אלפרי קאסורק,DE,*מבצע* גבינת שמנת עם,גרמים,200.00,100 גרם,false,,8.90,0.0445,true,1,11387
7290108505153,false,יוגורט יווני 10% שומ,MEVGAL,GR,יורו,גרמים,150.00,100 גרם,false,,4.90,0.0327,true,1,11421
7290108505177,false,יוגורט בטעם אננס 0%,MEVGAL,GR,יורו,גרמים,150.00,100 גרם,false,,4.90,0.0327,true,1,11423
7290108505191,false,יוגורט עם פצפוצי שוק,MEVGAL,GR,יורו,גרמים,150.00,100 גרם,false,,4.90,0.0327,true,1,11425
7290108505214,false,יוגורט בטעם אפרסק 0%,MEVGAL,GR,יורו,גרמים,150.00,100 גרם,false,,4.90,0.0327,true,1,11427
7290108505719,false,מוצרלה מגורדת 25% שו,איווק,TR,יורו,גרמים,200.00,100 גרם,false,,14.90,0.0745,true,1,11441
7290108505733,false,צמות גבינה חצי קשה 2,איווק,TR,יורו,גרמים,200.00,100 גרם,false,,12.90,0.0645,true,1,11443
7290108505740,false,*מבצע* קשקבל חצי קשה,איווק,TR,יורו,גרמים,200.00,100 גרם,false,,12.90,0.0645,true,1,11444
7290108506426,false,*מבצע* סימיט בייגלה,סראי,TR,*מבצע* סימיט בייגלה,גרמים,400.00,100 גרם,false,,12.90,0.0323,true,1,42808
7290108506495,false,*מבצע* כנאפה קפוא,ארמה גרופ,TR,פינוקים,גרמים,192.50,100 גרם,false,,9.90,0.0514,true,1,11471
7290108506501,false,אצבעות בצק פילו ממול,סיהאן גידה,TR,אצבעות בצק פילו ממול,גרמים,500.00,100 גרם,false,,15.90,0.0318,true,1,36450
7290108506518,false,אצבעות בצק פילו ממול,סיהאן גידה,TR,אצבעות בצק פילו ממול,גרמים,500.00,100 גרם,false,,15.90,0.0318,true,1,36451
7290108506532,false,*מבצע* גליליות וופל,בן& אר.פי.סי,GR,פינוקים,גרמים,400.00,100 גרם,false,,9.90,0.0248,true,1,11472
7290108506648,false,רביולי דלעת 250 גרם,ארמנדו,IT,פסטה איטליה,גרמים,250.00,100 גרם,false,,9.90,0.0396,true,1,11476
7290108506679,false,רביולי חצילים ומוצרל,ארמנדו,IT,פסטה איטליה,גרמים,250.00,100 גרם,false,,9.90,0.0396,true,1,11479
7290108506709,false,*מבצע* גבינת פרמג'אנ,זנטי,IT,וילי פוד,גרמים,150.00,100 גרם,false,,17.90,0.1193,true,1,11481
7290108506815,false,*מבצע* גליליות וופל,בן& אר.פי.סי,GR,פינוקים,גרמים,400.00,100 גרם,false,,9.90,0.0248,true,1,11482
7290108506969,false,מאפה בורקס מים תורכי,גידה,TR,EURO,גרמים,300.00,100 גרם,false,,14.90,0.0497,true,1,11486
7290108507010,false,מאפה בורקס מים תורכי,גידה,TR,EURO,גרמים,300.00,100 גרם,false,,14.90,0.0497,true,1,11488
7290108507058,false,ביסקוויט פריך בשוקול,מודרן צ'יקולטה,TR,ביסקוויט פריך בשוקול,גרמים,100.00,100 גרם,false,,6.90,0.0690,true,1,36267
7290108507065,false,גבינת פרמג'יאנו רג'י,זאנטי,IT,גבינת פרמג'יאנו רג'י,גרמים,100.00,100 גרם,false,,13.90,0.1390,true,1,11489
7290108507072,false,שבבי גבינת גרנה פדנו,זנאטי,IT,וילי פוד,גרמים,100.00,100 גרם,false,,9.90,0.0990,true,1,11490
7290108507188,false,*מבצע* כנאפה אריזה מ,גידה,TR,כנאפה אריזה משפחתית,גרמים,657.50,100 גרם,false,,19.90,0.0303,true,1,11491
7290108507652,false,ביסקוויט פריך בשוקול,מודרן צ'יקולטה,TR,ביסקוויט פריך בשוקול,גרמים,100.00,100 גרם,false,,6.90,0.0690,true,1,36269
7290108507911,false,קינואה עם טונה וירקו,גידא,TR,קינואה עם טונה וירקו,גרמים,160.00,100 גרם,false,,11.90,0.0744,true,1,11510
7290108508031,false,אננס שלם 830 גרם,נטריישן,TH,אננס שלם 830 גרם,גרמים,830.00,100 גרם,false,,10.90,0.0131,true,1,42120
7290108508451,false,משקה יוגורט טבעי 3.2,אקר,TR,משקה יוגורט טבעי 3.2,מיליליטרים,200.00,"100 מ""ל",false,,4.90,0.0245,true,1,11526
7290108508499,false,איירן משקה יוגורט בג,אקר,TR,איירן משקה יוגורט בג,מיליליטרים,293.00,"100 מ""ל",false,,4.90,0.0167,true,1,11530
7290108508963,false,*מבצע* גבינת קשקבל מ,איווק,TR,יורו,גרמים,200.00,100 גרם,false,,13.90,0.0695,true,1,11540
7290108509182,false,גבינת פטה 17% שומן 2,סוטאש,TR,יורו,גרמים,250.00,100 גרם,false,,12.90,0.0516,true,1,11549
7290108509359,false,פופקורן בציפוי בטעם,אלאלסי,UA,פופקורן בציפוי בטעם,גרמים,90.00,100 גרם,false,,7.90,0.0878,true,1,35699
7290108509397,false,עלי בצק פילו 360 גרם,ארמה גרופ,TR,וילי פוד,גרמים,360.00,100 גרם,false,,9.90,0.0275,true,1,11553
7290108509588,false,גבינה מלוחה עם עשבי,,GR,גבינה מלוחה עם עשבי,גרמים,153.00,100 גרם,false,,15.90,0.1039,true,1,43153
7290108509700,false,"אורז פרסי דוואט 1 ק""",וילי פוד,IL,"אורז פרסי דוואט 1 ק""",קילוגרמים,1.00,"ק""ג",false,,9.90,9.9000,true,1,34653
7290108509908,false,מנת השף אטריות להכנה,נמצ'או,TH,מנת השף אטריות להכנה,גרמים,85.00,100 גרם,false,,3.90,0.0459,true,1,36292
7290108509915,false,מנת השף אטריות להכנה,נמצ'או,TH,מנת השף אטריות להכנה,גרמים,85.00,100 גרם,false,,3.90,0.0459,true,1,36293
7290108509922,false,מנת השף אטריות להכנה,נמצ'או,TH,מנת השף אטריות להכנה,גרמים,85.00,100 גרם,false,,3.90,0.0459,true,1,36294
7290109260259,false,אוזניה VIMAX,,,אוזניה VIMAX,יח',1.00,יח',false,,19.90,19.9000,true,1,26805
7290109351025,false,חומוסטחינה 400 גרם,צבר,IL,צבר,גרמים,400.00,100 גרם,false,,13.90,0.0348,true,1,5008
7290109351957,false,פיטנס פריכיות גדולות,הרבטו בלגיה,IL,פיטנס,גרמים,100.00,100 גרם,false,,7.90,0.0790,true,1,5023
7290109351971,false,פיטנס בר פריכיות שוק,,,פיטנס בר פריכיות שוק,גרמים,84.00,100 גרם,false,,11.90,0.1417,true,1,5024
7290109352916,false,פיטנס בר פריכיות שוק,,,פיטנס בר פריכיות שוק,גרמים,84.00,100 גרם,false,,11.90,0.1417,true,1,5030
7290109353494,false,פרפקטו פארפאלה 500 ג,זארה,IT,פרפקטו,גרמים,500.00,100 גרם,false,,6.90,0.0138,true,1,5037
7290109354057,false,לה פרוטה  אננס תפוז,גלידות נסטלה,IL,לה פרוטה,גרמים,350.00,100 גרם,false,,23.90,0.0683,true,1,15683
7290109354101,false,לחמית ללא גלוטן 200,אסם,IL,לחמית,גרמים,200.00,100 גרם,false,,9.90,0.0495,true,1,5042
7290109354996,false,פתי בר ללא גלוטן שוק,אסם,IL,אסם,גרמים,200.00,100 גרם,false,,7.90,0.0395,true,1,5060
7290109358130,false,לה פרוטה אננס פסיפלו,גלידות נסטלה,IL,לה פרוטה,גרמים,300.00,100 גרם,false,,23.90,0.0797,true,1,15694
7290109358284,false,שניצל תירס טבעול עם,טבעול ישראל,IL,שניצל תירס טבעול עם,גרמים,664.00,100 גרם,false,,29.90,0.0450,true,1,5077
7290109358482,false,קרמוגית במילוי חלבה,אסם,IL,אסם,גרמים,200.00,100 גרם,false,,9.90,0.0495,true,1,5078
7290109580043,false,"שניצל תירס 1.75 ק""ג",זוגלובק,IL,זוגלובק,קילוגרמים,1.75,"ק""ג",false,,49.90,28.5143,true,1,28759
7290109580050,false,נקניקיות צ'וריסוס וו,זוגלובק,IL,נקניקיות צ'וריסוס וו,גרמים,226.00,100 גרם,false,,26.90,0.1190,true,1,33904
7290109580067,false,טחון וונדרס 340 גרם,זוגלובק,IL,טחון וונדרס 340 גרם,גרמים,340.00,100 גרם,false,,26.90,0.0791,true,1,33905
7290109580098,false,קבנוס בטעם סרירצה 13,זוגלובק,IL,זוגלובק,גרמים,135.00,100 גרם,false,,9.90,0.0733,true,1,37540
7290109580104,false,רוסטביף 150 גרם,זוגלובק,IL,זוגלובק,גרמים,150.00,100 גרם,false,,22.90,0.1527,true,1,28760
7290109580111,false,צלעות אסאדו מעושנות,זוגלובק,IL,זוגלובק,גרמים,120.00,100 גרם,false,,22.90,0.1908,true,1,36855
7290109580135,false,קורדנדביף 180 גרם זו,זוגלובק,IL,זוגלובק,גרמים,180.00,100 גרם,false,,22.90,0.1272,true,1,28762
7290109580210,false,נקניקיות ריינהולד'ס,זוגלובק,IL,זוגלובק,גרמים,300.00,100 גרם,false,,19.90,0.0663,true,1,36651
7290109580227,false,נקניקיות ריינהולד'ס,זוגלובק,IL,זוגלובק,גרמים,300.00,100 גרם,false,,19.90,0.0663,true,1,36652
7290109580319,false,בורגר וונדרס 280 גרם,זוגלובק,IL,בורגר וונדרס 280 גרם,גרמים,280.00,100 גרם,false,,26.90,0.0961,true,1,36933
7290109920146,false,דורגול מסיר אבנית 75,,,יעקבי,מיליליטרים,750.00,"100 מ""ל",false,,19.90,0.0265,true,1,13321
7290109920313,false,אסטוניש מרסס מבריק ש,אסטוניש,GB,אסטוניש,מיליליטרים,750.00,"100 מ""ל",false,,10.90,0.0145,true,1,13324
7290109920597,false,אסטוניש מרסס לניקוי,אסטוניש,GB,אסטוניש,מיליליטרים,750.00,"100 מ""ל",false,,10.90,0.0145,true,1,13327
7290109921372,false,אסטוניש משחה לניקוי,,,אסטוניש משחה לניקוי,מיליליטרים,250.00,"100 מ""ל",false,,17.90,0.0716,true,1,13340
7290109921723,false,דורגול מסיר אבנית לא,,,יעקבי,מיליליטרים,750.00,"100 מ""ל",false,,19.90,0.0265,true,1,13342
7290109921853,false,אסטוניש משחת פרימיום,אסטוניש,GB,יעקבי,גרמים,150.00,100 גרם,false,,17.90,0.1193,true,1,13343
7290109923024,false,*מבצע* אסטוניש מרסס,אסטוניש,GB,*מבצע* אסטוניש מרסס,מיליליטרים,750.00,"100 מ""ל",false,,13.90,0.0185,true,1,37429
7290109923147,false,*מבצע* אסטוניש מרסס,אסטוניש,GB,*מבצע* אסטוניש מרסס,מיליליטרים,750.00,"100 מ""ל",false,,13.90,0.0185,true,1,40589
7290110002039,false,חיטה תפוחה עם קקאו 4,אורגניק אגרו פודס,PL,חיטה תפוחה עם קקאו 4,גרמים,400.00,100 גרם,false,,13.90,0.0348,true,1,42834
7290110110277,false,*מבצע* סיידר סומרסבי,"מב""י",IL,סומרסבי,מיליליטרים,1320.00,"100 מ""ל",false,,24.90,0.0189,true,1,9173
7290110110369,false,*מבצע* קרלסברג שישיי,קרלסברג ישראל,IL,*מבצע* קרלסברג שישיי,ליטרים,1.98,ליטר,false,,34.90,17.6263,true,1,9174
7290110110659,false,פחית ספרייט ליים 330,,,פחית פאנטה,מיליליטרים,330.00,"100 מ""ל",false,,5.00,0.0152,true,1,9188
7290110110703,false,פחיות ספרייט ליים שי,קוקה קולה ישראל,IL,קוקה קולה,ליטרים,1.98,ליטר,false,,22.00,11.1111,true,1,9191
7290110113377,false,מארז רביעיית קוקה קו,קוקה קולה,IL,מארז רביעיית קוקה קו,ליטרים,4.00,ליטר,false,,23.90,5.9750,true,1,41169
7290110113384,false,מארז רביעיית קוקה קו,קוקה קולה,IL,מארז רביעיית קוקה קו,ליטרים,4.00,ליטר,false,,23.90,5.9750,true,1,41170
7290110114787,false,נביעות+ תפוח 1.5 ליט,,IL,נביעות+ תפוח 1.5 ליט,ליטרים,1.50,ליטר,false,,8.00,5.3333,true,1,35990
7290110114794,false,נביעות+ אפרסק 1.5 לי,,IL,נביעות+ אפרסק 1.5 לי,ליטרים,1.50,ליטר,false,,8.00,5.3333,true,1,35991
7290110114800,false,נביעות+ ענבים 1.5 לי,,IL,נביעות+ ענבים 1.5 לי,ליטרים,1.50,ליטר,false,,8.00,5.3333,true,1,35992
7290110114855,false,*מבצע* נביעות שישייה,,IL,*מבצע* נביעות שישייה,ליטרים,9.00,ליטר,false,,12.90,1.4333,true,1,35997
7290110114954,false,פריגת 100% תפוזים מת,"גת,גבעת חיים",IL,פריגת,ליטרים,2.00,ליטר,false,,22.90,11.4500,true,1,35787
7290110114961,false,פריגת תפוזים 1.5 ליט,פריגת,IL,פריגת,ליטרים,1.50,ליטר,false,,8.80,5.8667,true,1,35998
7290110114985,false,פריגת אשכולית 1.5 לי,פריגת,IL,פריגת,ליטרים,1.50,ליטר,false,,8.80,5.8667,true,1,36000
7290110114992,false,פריגת לייט אשכוליות,פריגת,IL,פריגת,ליטרים,1.50,ליטר,false,,8.30,5.5333,true,1,36001
7290110115005,false,פריגת ענבים 1.5 ליטר,פריגת,IL,פריגת,ליטרים,1.50,ליטר,false,,8.80,5.8667,true,1,36002
7290110115029,false,פריגת תפוח 1.5 ליטר,פריגת,IL,פריגת,ליטרים,1.50,ליטר,false,,8.80,5.8667,true,1,36004
7290110115036,false,פריגת מנגו 1.5 ליטר,פריגת,IL,פריגת,ליטרים,1.50,ליטר,false,,8.80,5.8667,true,1,36005
7290110115043,false,פריגת לימונענע 1.5 ל,פריגת,IL,פריגת,ליטרים,1.50,ליטר,false,,8.80,5.8667,true,1,36006
7290110115050,false,פריגת מיקס תות בננה,פריגת,IL,פריגת,ליטרים,1.50,ליטר,false,,8.80,5.8667,true,1,36007
7290110115081,false,פריגת צלול ענבים 1.5,פריגת,IL,פריגת צלול ענבים 1.5,ליטרים,1.50,ליטר,false,,8.30,5.5333,true,1,36009
7290110115104,false,פריגת צלול אפרסק 1.5,פריגת,IL,פריגת צלול אפרסק 1.5,ליטרים,1.50,ליטר,false,,8.30,5.5333,true,1,36011
7290110115128,false,פריגת צלול לימונענע,פריגת,IL,פריגת צלול לימונענע,ליטרים,1.50,ליטר,false,,8.30,5.5333,true,1,36013
7290110115203,false,קוקה קולה 1.5 ליטר,,IL,קוקה קולה 1.5 ליטר,ליטרים,1.50,ליטר,false,,8.60,5.7333,true,1,36024
7290110115210,false,קוקה קולה דיאט 1.5 ל,קוקה קולה,IL,DIET COKE,ליטרים,1.50,ליטר,false,,8.10,5.4000,true,1,36025
7290110115227,false,קוקה קולה זירו 1.5 ל,קוקה קולה,IL,DIET COKE,ליטרים,1.50,ליטר,false,,8.30,5.5333,true,1,36026
7290110115234,false,קוקה קולה זירו נטול,קוקה קולה,IL,קוקה קולה זירו נטול,ליטרים,1.50,ליטר,false,,8.30,5.5333,true,1,36027
7290110115241,false,קוקה קולה זירו לימון,קוקה קולה,IL,DIET COKE,ליטרים,1.50,ליטר,false,,8.30,5.5333,true,1,36028
7290110115265,false,ספרייט 1.5 ליטר,קוקה קולה,IL,ספרייט,ליטרים,1.50,ליטר,false,,8.80,5.8667,true,1,36036
7290110115272,false,ספרייט זירו 1.5 ליטר,קוקה קולה,IL,ספרייט,ליטרים,1.50,ליטר,false,,8.30,5.5333,true,1,36037
7290110115289,false,ספרייט 19 קל' לימון,קוקה קולה,IL,ספרייט,ליטרים,1.50,ליטר,false,,8.30,5.5333,true,1,36038
7290110115296,false,פאנטה אורנג' 1.5 ליט,קוקה קולה,IL,פאנטה,ליטרים,1.50,ליטר,false,,8.80,5.8667,true,1,36042
7290110115302,false,פאנטה זירו אורנג' 1.,קוקה קולה,IL,פאנטה,ליטרים,1.50,ליטר,false,,8.30,5.5333,true,1,36043
7290110115319,false,פאנטה אקזוטיק 1.5 לי,קוקה קולה,IL,פאנטה,ליטרים,1.50,ליטר,false,,8.80,5.8667,true,1,36044
7290110115333,false,פאנטה תות 1.5 ליטר,קוקה קולה,IL,פאנטה,ליטרים,1.50,ליטר,false,,8.80,5.8667,true,1,36046
7290110115357,false,סודה 1.5 ליטר,קוקה קולה,IL,סודה 1.5 ליטר,ליטרים,1.50,ליטר,false,,3.30,2.2000,true,1,36634
7290110115364,false,קוקה קולה שישייה 1.5,קוקה קולה,IL,קוקה קולה שישייה 1.5,ליטרים,9.00,ליטר,false,,49.30,5.4778,true,1,36030
7290110115371,false,דיאט קוקה קולה שישיי,קוקה קולה,IL,דיאט קוקה קולה שישיי,ליטרים,9.00,ליטר,false,,46.10,5.1222,true,1,36031
7290110115388,false,*מבצע* ספרייט ליים ש,קוקה קולה,IL,ספרייט,ליטרים,9.00,ליטר,false,,44.90,4.9889,true,1,36039
7290110115395,false,*מבצע* ספרייט זירו ש,קוקה קולה,IL,ספרייט,ליטרים,9.00,ליטר,false,,42.90,4.7667,true,1,36040
7290110115401,false,סודה קינלי שישייה 1.,קוקה קולה,IL,קינלי סודה,ליטרים,9.00,ליטר,false,,14.70,1.6333,true,1,36041
7290110115418,false,קוקה קולה זירו שישיי,קוקה קולה,IL,קוקה קולה זירו שישיי,ליטרים,9.00,ליטר,false,,46.10,5.1222,true,1,36032
7290110115425,false,פיוזטי לימון נענע גר,קוקה קולה,IL,פיוזטי,ליטרים,1.50,ליטר,false,,8.50,5.6667,true,1,36048
7290110115449,false,פיוזטי מנגו אננס 1.5,קוקה קולה,IL,פיוזטי,ליטרים,1.50,ליטר,false,,9.00,6.0000,true,1,36050
7290110115456,false,פיוזטי אפרסק 19 קל',קוקה קולה,IL,פיוזטי,ליטרים,1.50,ליטר,false,,8.50,5.6667,true,1,36051
7290110115463,false,פיוזטי אפרסק 1.5 ליט,קוקה קולה,IL,פיוזטי,ליטרים,1.50,ליטר,false,,9.00,6.0000,true,1,36052
7290110115494,false,פיוזטי ענבים 1.5 ליט,קוקה קולה,IL,פיוזטי,ליטרים,1.50,ליטר,false,,9.00,6.0000,true,1,36054
7290110115593,false,פריגת אשכוליות 19 קל,פריגת,IL,פריגת אשכוליות 19 קל,ליטרים,1.50,ליטר,false,,8.30,5.5333,true,1,36015
7290110115623,false,פיוז-טי זירו אפרסק,FUZE TEA,IL,FUZE TEA,ליטרים,1.50,ליטר,false,,8.50,5.6667,true,1,36189
7290110115661,false,פיוזטי זירו אפרסק 50,FUZE TEA,IL,FUZE TEA,מיליליטרים,500.00,"100 מ""ל",false,,6.00,0.0120,true,1,43151
7290110116064,false,פאנטה זירו פירות ירו,קוקה קולה,IL,פאנטה,ליטרים,1.50,ליטר,false,,8.30,5.5333,true,1,39604
7290110116125,false,סירופ בטעם פטל 750 מ,סירופ - גבעת חיים,IL,סירופ בטעם פטל 750 מ,מיליליטרים,750.00,"100 מ""ל",false,,22.90,0.0305,true,1,41177
7290110116132,false,סירופ בטעם לימון 750,סירופ - גבעת חיים,IL,סירופ בטעם לימון 750,מיליליטרים,750.00,"100 מ""ל",false,,22.90,0.0305,true,1,41178
7290110116149,false,סירופ בטעם ענבים 750,סירופ - גבעת חיים,IL,סירופ בטעם ענבים 750,מיליליטרים,750.00,"100 מ""ל",false,,22.90,0.0305,true,1,41179
7290110116194,false,נביעות + לימון ליים,,IL,נביעות + לימון ליים,ליטרים,1.50,ליטר,false,,8.60,5.7333,true,1,41173
7290110116217,false,נביעות + אשכולית 0 ק,,IL,נביעות + אשכולית 0 ק,ליטרים,1.50,ליטר,false,,8.60,5.7333,true,1,41174
7290110116385,false,פחית מרשמלו זירו 330,קוקה קולה ישראל,IL,קוקה קולה ZERO,מיליליטרים,330.00,"100 מ""ל",false,,5.00,0.0152,true,1,41389
7290110116392,false,סירופ בטעם תפוזים 75,סירופ - גבעת חיים,IL,סירופ בטעם תפוזים 75,מיליליטרים,750.00,"100 מ""ל",false,,22.90,0.0305,true,1,41180
7290110116552,false,ספרייט למון היט 1.5,קוקה קולה,IL,ספרייט,ליטרים,1.50,ליטר,false,,8.80,5.8667,true,1,42846
7290110116569,false,ספרייט למון היט 1.5,קוקה קולה,IL,ספרייט,ליטרים,1.50,ליטר,false,,8.30,5.5333,true,1,42845
7290110320591,false,*מבצע* בולגרית פיראו,תנובה,IL,פיראוס,גרמים,250.00,100 גרם,false,,18.90,0.0756,true,1,21818
7290110320683,false,משקה יופלה 360 בטעם,תנובה,IL,תנובה,מיליליטרים,856.00,"100 מ""ל",false,,16.90,0.0197,true,1,21826
7290110320850,false,פתיתי עמק 28% שומן,תנובה,IL,עמק,גרמים,200.00,100 גרם,false,,14.90,0.0745,true,1,21834
7290110320867,false,פתיתי עמק 28% שומן,תנובה,IL,עמק,גרמים,500.00,100 גרם,false,,28.90,0.0578,true,1,21835
7290110320935,false,פרוסות מוצרלה תנובה,תנובה,IL,מוצרלה,גרמים,150.00,100 גרם,false,,15.90,0.1060,true,1,21839
7290110321277,false,קוטג' בקטנה 100 גרם,תנובה,IL,תנובה,גרמים,100.00,100 גרם,false,,2.50,0.0250,true,1,21864
7290110321284,false,קוטג' בקטנה 100 גרם,תנובה,IL,תנובה,גרמים,100.00,100 גרם,false,,2.50,0.0250,true,1,21865
7290110321604,false,פיראוס בולגרית קוביו,תנובה,IL,פיראוס,גרמים,200.00,100 גרם,false,,19.90,0.0995,true,1,21880
7290110321680,false,יופלה GO יוגורט מועש,תנובה,IL,יופלה GO יוגורט מועש,גרמים,200.00,100 גרם,false,,5.50,0.0275,true,1,21886
7290110321697,false,יופלה GO יוגורט מועש,תנובה,IL,יופלה GO יוגורט מועש,גרמים,200.00,100 גרם,false,,5.50,0.0275,true,1,21887
7290110322014,false,טופו טבעי 300 גרם,תנובה,,טופו טבעי 300 גרם,גרמים,300.00,100 גרם,false,,11.90,0.0397,true,1,21908
7290110322038,false,טופו פיקנטי 300 גרם,תנובה,,טופו פיקנטי 300 גרם,גרמים,300.00,100 גרם,false,,11.90,0.0397,true,1,21910
7290110322946,false,*מבצע* יופלה טיוב יו,תנובה,IL,יופלה,גרמים,348.00,100 גרם,false,,9.90,0.0284,true,1,21930
7290110323301,false,טל העמק 32% 200 גר,תנובה,IL,תנובה,גרמים,200.00,100 גרם,false,,17.90,0.0895,true,1,21952
7290110323585,false,יופלה GO יוגורט לייט,תנובה,IL,יופלה GO יוגורט לייט,גרמים,200.00,100 גרם,false,,5.50,0.0275,true,1,21969
7290110323592,false,יופלה GO יוגורט לייט,תנובה,IL,יופלה GO יוגורט לייט,גרמים,200.00,100 גרם,false,,5.50,0.0275,true,1,21970
7290110323714,false,משקה קוקוס שקדים 1לי,תנובה,IL,משקה קוקוס שקדים 1לי,ליטרים,1.00,ליטר,false,,11.90,11.9000,true,1,21980
7290110324070,false,גבינת חלומי מחלב בקר,תנובה,IL,גבינת חלומי מחלב בקר,גרמים,200.00,100 גרם,false,,17.90,0.0895,true,1,22000
7290110324353,false,יופלה GO לייט אננס,תנובה,IL,יופלה GO לייט אננס,גרמים,200.00,100 גרם,false,,5.50,0.0275,true,1,22016
7290110324551,false,*מבצע* יופלה טיוב יו,תנובה,IL,יופלה,גרמים,348.00,100 גרם,false,,9.90,0.0284,true,1,22033
7290110324711,false,*מבצע* ממרח סויה בטע,תנובה,IL,תנובה,גרמים,250.00,100 גרם,false,,7.90,0.0316,true,1,22046
7290110324841,false,מעדן שקדים עם שוקולד,תנובה,IL,תנובה,גרמים,125.00,100 גרם,false,,3.90,0.0312,true,1,22056
7290110324858,false,מעדן שקדים בטעם אגוז,תנובה,IL,תנובה,גרמים,125.00,100 גרם,false,,3.90,0.0312,true,1,22057
7290110324872,false,גבינת גלבוע 5% 200 ג,תנובה,IL,גלבוע,גרמים,200.00,100 גרם,false,,17.90,0.0895,true,1,22058
7290110324926,false,משקה סויה ללא תוספת,תנובה,IL,תנובה,ליטרים,1.00,ליטר,false,,9.90,9.9000,true,1,22063
7290110325114,false,משקה יוגורט יופלה GO,תנובה,IL,תנובה,גרמים,250.00,100 גרם,false,,5.90,0.0236,true,1,22075
7290110325169,false,פרוסות גאודה 170 גר',תנובה,IL,תנובה,גרמים,170.00,100 גרם,false,,17.90,0.1053,true,1,22077
7290110325305,false,מעדן סויה GO 20 גרם,תנובה,IL,מעדן סויה GO 20 גרם,גרמים,200.00,100 גרם,false,,5.50,0.0275,true,1,22082
7290110325510,false,*מבצע* יופלה טיוב ונ,תנובה,IL,יופלה,גרמים,348.00,100 גרם,false,,9.90,0.0284,true,1,22096
7290110325619,false,משקה שיבולת שועל 1 ל,תנובה,IL,משקה שיבולת שועל 1 ל,ליטרים,1.00,ליטר,false,,11.90,11.9000,true,1,22100
7290110325893,false,תנובה גו אייס קפה 34,תנובה,IL,גו,מיליליטרים,340.00,"100 מ""ל",false,,7.50,0.0221,true,1,22124
7290110326210,false,יופלה און טופ פצפוצי,תנובה,IL,תנובה,גרמים,157.00,100 גרם,false,,4.90,0.0312,true,1,22140
7290110326234,false,יופלה און טופ כוכבים,תנובה,IL,תנובה,גרמים,157.00,100 גרם,false,,4.90,0.0312,true,1,22142
7290110327187,false,מעדן חלב גו בטעם קפה,תנובה,IL,יופלה,גרמים,150.00,100 גרם,false,,5.50,0.0367,true,1,22203
7290110327514,false,משקה שיבולת שועל בטע,תנובה,IL,משקה שיבולת שועל בטע,ליטרים,1.00,ליטר,false,,11.90,11.9000,true,1,34543
7290110327545,false,יופלה און טופ בטעם ת,תנובה,IL,תנובה,גרמים,157.00,100 גרם,false,,4.90,0.0312,true,1,22223
7290110327804,false,חטיף חלבון GO בטעם ב,בלמונט קונפקציות,US,חטיף חלבון GO בטעם ב,גרמים,60.00,100 גרם,false,,11.90,0.1983,true,1,37108
7290110327828,false,חטיף חלבון GO בטעם ח,בלמונט קונפקציות,US,חטיף חלבון GO בטעם ח,גרמים,60.00,100 גרם,false,,11.90,0.1983,true,1,37110
7290110328092,false,פיראוס פטה יוונית קו,תנובה,IL,פיראוס פטה יוונית קו,גרמים,150.00,100 גרם,false,,17.90,0.1193,true,1,22248
7290110328504,false,טריו- מיקס מוצרלה סק,תנובה,IL,טריו- מיקס מוצרלה סק,גרמים,300.00,100 גרם,false,,24.90,0.0830,true,1,22269
7290110328627,false,יוגורט גו סמיך 0% בנ,תנובה,IL,יוגורט גו סמיך 0% בנ,גרמים,200.00,100 גרם,false,,5.90,0.0295,true,1,22272
7290110328641,false,טופו טבעי אלטרנטיב ז,תנובה,IL,טופו טבעי אלטרנטיב ז,גרמים,500.00,100 גרם,false,,17.90,0.0358,true,1,34361
7290110328764,false,יוגורט גו סמיך 0% תו,תנובה,IL,יוגורט גו סמיך 0% תו,גרמים,200.00,100 גרם,false,,5.90,0.0295,true,1,22277
7290110328788,false,יוגורט גו סמיך 0% אפ,תנובה,IL,יוגורט גו סמיך 0% אפ,גרמים,200.00,100 גרם,false,,5.90,0.0295,true,1,22279
7290110329136,false,מעדן חלב גו בטעם שוק,תנובה,IL,מעדן חלב גו בטעם שוק,גרמים,120.00,100 גרם,false,,4.50,0.0375,true,1,35427
7290110329143,false,מעדן חלב גו בטעם וני,תנובה,IL,מעדן חלב גו בטעם וני,גרמים,120.00,100 גרם,false,,4.50,0.0375,true,1,35428
7290110329266,false,יוגורט תנובה מחלב עי,תנובה,IL,יוגורט תנובה מחלב עי,גרמים,140.00,100 גרם,false,,5.50,0.0393,true,1,34544
7290110329303,false,פרוסות בטעם צהובה קל,תנובה,IL,פרוסות בטעם צהובה קל,גרמים,200.00,100 גרם,false,,21.90,0.1095,true,1,34546
7290110329426,false,טופו טבעי + רוטב קרם,תנובה,IL,טופו טבעי + רוטב קרם,גרמים,310.00,100 גרם,false,,12.90,0.0416,true,1,37851
7290110329686,false,משקה חלב גו בטעם עוג,תנובה,IL,גו,מיליליטרים,340.00,"100 מ""ל",false,,7.50,0.0221,true,1,35425
7290110329716,false,משקה קפה קר בטעם קפו,תנובה,IL,משקה קפה קר בטעם קפו,מיליליטרים,230.00,"100 מ""ל",false,,6.90,0.0300,true,1,37842
7290110329723,false,משקה קפה קר בטעם לאט,תנובה,IL,משקה קפה קר בטעם לאט,מיליליטרים,230.00,"100 מ""ל",false,,6.90,0.0300,true,1,37843
7290110329730,false,משקה חלב עם שוקולד ו,תנובה,IL,משקה חלב עם שוקולד ו,מיליליטרים,230.00,"100 מ""ל",false,,6.90,0.0300,true,1,37844
7290110329792,false,סויה BIO אפרסק גביע,תנובה,IL,סויה BIO אפרסק גביע,גרמים,150.00,100 גרם,false,,4.20,0.0280,true,1,36318
7290110329808,false,סויה BIO תות גביע אל,תנובה,IL,סויה BIO תות גביע אל,גרמים,150.00,100 גרם,false,,4.20,0.0280,true,1,36319
7290110329815,false,סויה BIO מתיקות מעוד,תנובה,IL,סויה BIO מתיקות מעוד,גרמים,150.00,100 גרם,false,,4.20,0.0280,true,1,36320
7290110329822,false,סויה BIO פירות יער ג,תנובה,IL,סויה BIO פירות יער ג,גרמים,150.00,100 גרם,false,,4.20,0.0280,true,1,36321
7290110329846,false,סויה BIO טבעי גביע א,תנובה,IL,סויה BIO טבעי גביע א,גרמים,150.00,100 גרם,false,,4.20,0.0280,true,1,36322
7290110472474,false,מטען קיר פרימיום,,,מטען קיר פרימיום,יח',1.00,יח',false,,49.90,49.9000,true,1,35122
7290110474362,false,חצובה למקרן חימום,,,חצובה למקרן חימום,יח',1.00,יח',false,,69.00,69.0000,true,1,36246
7290110475857,false,מקרן חימום 2500 וואט,,,מקרן חימום 2500 וואט,יח',1.00,יח',false,,399.00,399.0000,true,1,43092
7290110475932,false,זרוע לרכב למזגן,,,זרוע לרכב למזגן,יח',1.00,יח',false,,29.90,29.9000,true,1,35166
7290110476588,false,כבל אייפון metal cha,,,כבל אייפון metal cha,יח',1.00,יח',false,,29.90,29.9000,true,1,42326
7290110476601,false,כבל METAL CHARGE טיי,,,כבל METAL CHARGE טיי,יח',1.00,יח',false,,29.90,29.9000,true,1,35134
7290110476632,false,כבל IN CHARGE מיקרו,,,כבל IN CHARGE מיקרו,יח',1.00,יח',false,,29.90,29.9000,true,1,35137
7290110550363,false,פריכיות משולשות קינו,שטראוס גרופ,IL,פריכיות משולשות קינו,גרמים,65.00,100 גרם,false,,9.90,0.1523,true,1,36764
7290110550370,false,פריכיות משולשות קינו,שטראוס גרופ,IL,פריכיות משולשות קינו,גרמים,65.00,100 גרם,false,,9.90,0.1523,true,1,41905
7290110551261,false,נשנושי תירס 500 גרם,או.וי אינטרנשיונל אי,TH,נשנושי תירס 500 גרם,גרמים,500.00,100 גרם,false,,11.90,0.0238,true,1,42965
7290110552121,false,היוגורט הראשון שלי 1,שטראוס,IL,היוגורט הראשון שלי 1,גרמים,100.00,100 גרם,false,,2.30,0.0230,true,1,37563
7290110552220,false,דנונה פרו 20 גר ללא,שטראוס גרופ,IL,דנונה פרו,גרמים,200.00,100 גרם,false,,5.90,0.0295,true,1,36242
7290110552237,false,דנונה פרו 20 גר ללא,שטראוס גרופ,IL,דנונה פרו,גרמים,200.00,100 גרם,false,,5.90,0.0295,true,1,36236
7290110552817,false,צנצנת מסטיק מאסט בטע,שטראוס גרופ,IL,עלית,גרמים,58.00,100 גרם,false,,9.90,0.1707,true,1,39944
7290110553029,false,פריכיות חלבון קייל ח,שטראוס גרופ,IL,פריכיות חלבון קייל ח,גרמים,60.00,100 גרם,false,,9.90,0.1650,true,1,36765
7290110553036,false,פריכיות חלבון בטטה ס,שטראוס גרופ,IL,פריכיות חלבון בטטה ס,גרמים,60.00,100 גרם,false,,9.90,0.1650,true,1,36766
7290110553098,false,*מבצע* אנרג'י מיקס צ,וויטוורטס,GB,*מבצע* אנרג'י מיקס צ,גרמים,100.00,100 גרם,false,,12.90,0.1290,true,1,40883
7290110553104,false,קפוצ'ינו סטיק קלאסי,שטראוס,IL,קפוצ'ינו סטיק קלאסי,גרמים,130.00,100 גרם,false,,16.90,0.1300,true,1,42974
7290110553135,false,קפוצ'ינו סטיק וניל 1,שטראוס,IL,קפוצ'ינו סטיק וניל 1,גרמים,130.00,100 גרם,false,,16.90,0.1300,true,1,42975
7290110553173,false,פריכיות אנרג'י בטעם,סנו רייס,BE,פריכיות אנרג'י בטעם,גרמים,40.00,100 גרם,false,,5.90,0.1475,true,1,41912
7290110553180,false,פריכיות אנרג'י בטעם,סנו רייס,BE,פריכיות אנרג'י בטעם,גרמים,40.00,100 גרם,false,,5.90,0.1475,true,1,41915
7290110553340,false,*מבצע* קפה נמס מילקש,שטראוס קפה בי.וי,IL,עלית,גרמים,200.00,100 גרם,false,,10.90,0.0545,true,1,39352
7290110553623,false,ציטוס קראנץ צ'דר חלפ,שטראוס פריטו ליי (מל,IL,עלית,גרמים,80.00,100 גרם,false,,4.50,0.0563,true,1,39225
7290110554125,false,*מבצע* נודלס סצ'ואן,ניר עציון,IL,*מבצע* נודלס סצ'ואן,גרמים,350.00,100 גרם,false,,21.90,0.0626,true,1,35758
7290110554422,false,רוטב עגבניות ופלפלים,אמיליאנה קונסרב,IT,יד מרדכי,גרמים,350.00,100 גרם,false,,10.90,0.0311,true,1,36767
7290110554514,false,קפה טורקי אתיופיה 10,שטראוס גרופ,IL,עלית,גרמים,100.00,100 גרם,false,,8.90,0.0890,true,1,39355
7290110554583,false,מארז ציטוס פאפס 20*1,שטראוס פריטו ליי (מל,IL,עלית,גרמים,200.00,100 גרם,false,,12.90,0.0645,true,1,36316
7290110554699,false,*מבצע* קפסולות קפה ע,שטראוס קפה בי.וי,IL,*מבצע* קפסולות קפה ע,גרמים,50.00,100 גרם,false,,14.90,0.2980,true,1,41916
7290110554705,false,*מבצע* קפסולות קפה י,שטראוס קפה בי.וי,IL,*מבצע* קפסולות קפה י,גרמים,50.00,100 גרם,false,,14.90,0.2980,true,1,41917
7290110554712,false,*מבצע* קפסולות קפה נ,שטראוס קפה בי.וי,IL,*מבצע* קפסולות קפה נ,גרמים,50.00,100 גרם,false,,14.90,0.2980,true,1,41918
7290110554729,false,קפסולות למכונה 4,שטראוס גרופ,IL,עלית,גרמים,50.00,100 גרם,false,,15.90,0.3180,true,1,37041
7290110554798,false,פולי אספרסו עשירים 0,שטראוס קפה בי.וי,IL,פולי אספרסו עשירים 0,גרמים,250.00,100 גרם,false,,21.90,0.0876,true,1,37312
7290110555009,false,פסאטה זוג 2*350 גרם,אמיליאנה,IT,פסאטה זוג 2*350 גרם,גרמים,700.00,100 גרם,false,,11.90,0.0170,true,1,39952
7290110555078,false,*מבצע* לאבנה עם שמן,בר בכפר,IL,*מבצע* לאבנה עם שמן,גרמים,250.00,100 גרם,false,,9.90,0.0396,true,1,37575
7290110555306,false,רבע לשבע טבעוני סינמ,שטראוס גרופ,IL,עלית,גרמים,125.00,100 גרם,false,,10.90,0.0872,true,1,39145
7290110555603,false,שוקולוטה ספלנדיד 220,גיאלוסיס,GR,שוקולוטה ספלנדיד 220,גרמים,220.00,100 גרם,false,,21.90,0.0995,true,1,42981
7290110556242,false,שוקולד מריר פרווה בד,שטראוס גרופ,IL,עלית,גרמים,100.00,100 גרם,false,,4.90,0.0490,true,1,40886
7290110557102,false,מעדן חלב עם שוקולד מ,שטראוס,IL,מעדן חלב עם שוקולד מ,גרמים,150.00,100 גרם,false,,5.00,0.0333,true,1,34999
7290110557133,false,מעדן הגולן וניל,שטראוס,IL,מעדן הגולן וניל,גרמים,125.00,100 גרם,false,,2.90,0.0232,true,1,35511
7290110557317,false,היוגורט הראשון שלי ש,שטראוס,IL,היוגורט הראשון שלי ש,גרמים,100.00,100 גרם,false,,2.30,0.0230,true,1,37565
7290110557478,false,חומוס גלילי 600 גרם,שטראוס גרופ,IL,חומוס גלילי 600 גרם,גרמים,600.00,100 גרם,false,,12.90,0.0215,true,1,37092
7290110557645,false,*מבצע* אנרג'י מיקס צ,וויטוורטס,GB,*מבצע* אנרג'י מיקס צ,גרמים,100.00,100 גרם,false,,12.90,0.1290,true,1,40884
7290110558130,false,אקטיביה עם שבולת שוע,שטראוס,IL,אקטיביה,גרמים,150.00,100 גרם,false,,4.60,0.0307,true,1,39043
7290110558154,false,דנונה לייט אנד פרי ע,שטראוס גרופ,IL,דנונה,גרמים,150.00,100 גרם,false,,4.50,0.0300,true,1,40771
7290110558222,false,בנופי wow,שטראוס גרופ,IL,דנונה פרו,גרמים,150.00,100 גרם,false,,4.60,0.0307,true,1,40767
7290110558253,false,דנונה ריפרש בננה אננ,שטראוס,IL,דנונה ריפרש בננה אננ,גרמים,250.00,100 גרם,false,,5.50,0.0220,true,1,38935
7290110558284,false,דנונה ביו מולטי 200,שטראוס,IL,דנונה ביו מולטי 200,גרמים,200.00,100 גרם,false,,4.20,0.0210,true,1,40045
7290110558307,false,דנונה פרו 20 גרם עם,שטראוס,,דנונה פרו 20 גרם עם,גרמים,200.00,100 גרם,false,,6.30,0.0315,true,1,37567
7290110558314,false,דנונה פרו ללא סוכר פ,שטראוס גרופ,IL,דנונה פרו,גרמים,200.00,100 גרם,false,,5.90,0.0295,true,1,40773
7290110558338,false,דנונה פרו 25 גרם חלב,שטראוס,,דנונה פרו 25 גרם חלב,גרמים,200.00,100 גרם,false,,5.90,0.0295,true,1,37568
7290110558918,true,עלי חסה קראנצ שטופים,שטראוס בריאות ירקות,IL,עלי חסה קראנצ שטופים,גרמים,150.00,100 גרם,false,,9.90,0.0660,true,1,40796
7290110559007,false,שעועית חומה ט. הטבע,קונסרב איטליה,IT,טעם הטבע,גרמים,380.00,100 גרם,false,,6.90,0.0182,true,1,40893
7290110559014,false,שעועית שחורה ט. הטבע,קונסרב איטליה,IT,טעם הטבע,גרמים,380.00,100 גרם,false,,6.90,0.0182,true,1,40894
7290110559748,false,*מבצע* מאגדת אנרגי ש,ואמואליס פודס,GR,*מבצע* מאגדת אנרגי ש,100 1,105.00,100 1,false,,12.90,0.1229,true,1,39558
7290110559755,false,*מבצע* מאגדת אנרגי ב,ואמואליס פודס,GR,*מבצע* מאגדת אנרגי ב,100 1,105.00,100 1,false,,12.90,0.1229,true,1,39559
7290110559762,false,*מבצע* מאגדת אנרגי ר,ואמואליס פודס,GR,*מבצע* מאגדת אנרגי ר,100 1,105.00,100 1,false,,12.90,0.1229,true,1,39560
7290110560300,false,פריכיות משולשות פלפל,,,פריכיות משולשות פלפל,גרמים,30.00,100 גרם,false,,4.90,0.1633,true,1,16482
7290110560317,false,פריכיות משולשות מלח,,,פריכיות משולשות מלח,גרמים,30.00,100 גרם,false,,4.90,0.1633,true,1,16483
7290110560324,false,פריכיות משולשות אפונ,,,פריכיות משולשות אפונ,גרמים,30.00,100 גרם,false,,4.90,0.1633,true,1,16484
7290110561352,false,דנונה דל לקטוז 200 ג,שטראוס גרופ,IL,שטראוס,גרמים,200.00,100 גרם,false,,3.50,0.0175,true,1,18609
7290110561604,false,שמיניית גמדים תות בנ,שטראוס גרופ,IL,שטראוס,גרמים,800.00,100 גרם,false,,17.90,0.0224,true,1,18619
7290110563431,false,משקה קפה קר בסגנון ק,אנסטל מילק,AT,משקה קפה קר בסגנון ק,מיליליטרים,230.00,"100 מ""ל",false,,7.90,0.0343,true,1,18622
7290110563448,false,משקה קפה קר בסגנון מ,אנסטל מילק,AT,משקה קפה קר בסגנון מ,מיליליטרים,230.00,"100 מ""ל",false,,7.90,0.0343,true,1,18623
7290110563462,false,חלב בבקבוק נטול לקטו,מחלבת יטבתה,IL,יטבתה,ליטרים,1.00,ליטר,false,,7.90,7.9000,true,1,18625
7290110564339,false,חומוס הסדרה המובחרת,שטראוס גרופ,IL,שטראוס,גרמים,400.00,100 גרם,false,,12.90,0.0323,true,1,18632
7290110564360,false,חומוס הסדרה המובחרת,שטראוס גרופ,IL,שטראוס,גרמים,400.00,100 גרם,false,,12.90,0.0323,true,1,18633
7290110564414,false,חומוס הסדרה המובחרת,שטראוס גרופ,IL,שטראוס,גרמים,600.00,100 גרם,false,,14.90,0.0248,true,1,18637
7290110564742,false,משקה קפה קר בסגנון ח,אנסטל מילק,AT,משקה קפה קר בסגנון ח,מיליליטרים,230.00,"100 מ""ל",false,,7.90,0.0343,true,1,18643
7290110565435,false,לימבו פטל קו חלבי,שטראוס גרופ,IL,שטראוס,גרמים,125.00,100 גרם,false,,2.00,0.0160,true,1,18649
7290110565527,false,דנונה פרו 20 גר 1.5%,שטראוס גרופ,IL,דנונה פרו,גרמים,200.00,100 גרם,false,,5.90,0.0295,true,1,18651
7290110565572,false,*מבצע* מארז קפה טורק,שטראוס קפה בי.וי,IL,עלית,גרמים,168.00,100 גרם,false,,16.90,0.1006,true,1,16511
7290110566623,false,קפסולות 08 קולומביה,שטראוס גרופ,IL,עלית,גרמים,50.00,100 גרם,false,,15.90,0.3180,true,1,16523
7290110566975,false,דנונה פרו 20 גר תות,שטראוס גרופ,IL,דנונה פרו,גרמים,200.00,100 גרם,false,,5.90,0.0295,true,1,18660
7290110568238,false,קצפת צמחית 21%,מחלבת יטבתה,IL,יטבתה,מיליליטרים,250.00,"100 מ""ל",false,,7.90,0.0316,true,1,18673
7290110568276,false,יטבתה פרו וניל 350,מחלבת יטבתה,IL,יטבתה,מיליליטרים,350.00,"100 מ""ל",false,,6.50,0.0186,true,1,18674
7290110568559,false,*מבצע* מארז דוריטוס,שטראוס פריטו ליי (מל,IL,עלית,גרמים,250.00,100 גרם,false,,10.90,0.0436,true,1,16945
7290110568566,false,*מבצע* מארז דוריטוס,שטראוס פריטו ליי (מל,IL,עלית,גרמים,250.00,100 גרם,false,,10.90,0.0436,true,1,16946
7290110570224,false,משקה קפה קר בטעם עוג,אנסטל מילק,AT,משקה קפה קר בטעם עוג,מיליליטרים,230.00,"100 מ""ל",false,,7.90,0.0343,true,1,40797
7290110570576,false,פולי אספרסו עשירים 1,שטראוס קפה בי.וי,IL,פולי אספרסו עשירים 1,גרמים,500.00,100 גרם,false,,39.90,0.0798,true,1,37313
7290110571375,false,*מבצע* אנרג'י מיקס צ,וויטוורטס,GB,*מבצע* אנרג'י מיקס צ,גרמים,100.00,100 גרם,false,,12.90,0.1290,true,1,40885
7290110571405,false,מיני פינוקיות פסק זמ,הגביע,IL,עלית,גרמים,180.00,100 גרם,false,,9.90,0.0550,true,1,42976
7290110571412,false,מיני פינוקיות פאדג',הגביע,IL,עלית,גרמים,180.00,100 גרם,false,,9.90,0.0550,true,1,42977
7290110572129,false,כיף כף מקלות שוקולד,סולן בעבור שטראוס,TR,עלית,גרמים,40.00,100 גרם,false,,4.70,0.1175,true,1,42971
7290110572884,false,קפסולות למכונה 20,שטראוס גרופ,IL,עלית,גרמים,50.00,100 גרם,false,,15.90,0.3180,true,1,42978
7290110572969,false,כיף כף פצפצים קרם לב,SOLEN CIKOLATA GIDA,TR,עלית,גרמים,40.00,100 גרם,false,,4.70,0.1175,true,1,40887
7290110572976,false,כיף כף פצפצים קרם לב,שולן צ'יקולטה,TR,כיף כף פצפצים קרם לב,גרמים,135.00,100 גרם,false,,9.90,0.0733,true,1,40888
7290110576318,false,מארז שלישיית שוקולד,סמואה,FR,עלית,גרמים,300.00,100 גרם,false,,24.90,0.0830,true,1,41906
7290110576356,false,ספלנדיד שוקולד מריר,קימס,BE,ספלנדיד שוקולד מריר,גרמים,100.00,100 גרם,false,,7.90,0.0790,true,1,39941
7290110576363,false,ספלנדיד שוקולד מריר,קימס,BE,ספלנדיד שוקולד מריר,גרמים,100.00,100 גרם,false,,7.90,0.0790,true,1,39942
7290110576370,false,מארז שלישיית שוקולד,סמואה,FR,עלית,גרמים,300.00,100 גרם,false,,24.90,0.0830,true,1,41907
7290110576387,false,מארז שלישיית שוקולד,סמואה,FR,עלית,גרמים,300.00,100 גרם,false,,24.90,0.0830,true,1,41908
7290110576752,false,שוקולד ספלנדיד מריר,קימס,BE,שוקולד ספלנדיד מריר,גרמים,100.00,100 גרם,false,,9.90,0.0990,true,1,42972
7290110576776,false,שוקולד ספלנדיד מריר,קימס,BE,שוקולד ספלנדיד מריר,גרמים,100.00,100 גרם,false,,9.90,0.0990,true,1,42973
7290111091520,false,"ד""ר עור תחליב רחצה ק","אמיליה קוסמטיקס בע""מ",IL,"ד""ר עור",מיליליטרים,700.00,"100 מ""ל",false,,14.90,0.0213,true,1,19116
7290111093005,false,מגבונים להסרת איפור,די.פי.אל תעשיות מוצר,IL,ICARE,יח',25.00,יח',false,,7.90,0.3160,true,1,19117
7290111093685,false,שלישיית מגבונים לניק,,,שלישיית מגבונים לניק,1,1.00,1,false,,15.90,15.9000,true,1,42148
7290111093982,false,"ד""ר עור תחליב רחצה פ","אמיליה קוסמטיקס בע""מ",IL,"ד""ר עור",מיליליטרים,700.00,"100 מ""ל",false,,14.90,0.0213,true,1,41862
7290111094392,false,"ד""ר עור תחליב רחצה ק","אמיליה קוסמטיקס בע""מ",IL,"ד""ר עור",מיליליטרים,700.00,"100 מ""ל",false,,14.90,0.0213,true,1,41863
7290111096921,false,מגבוני קוויק לניקוי,DPL,IL,קוויק,יח',50.00,יח',false,,8.90,0.1780,true,1,35017
7290111097041,false,מארז מגבונים בייביסי,קיבוץ עמיר dpl,IL,ביבי סיטר,יח',528.00,יח',false,,19.90,0.0377,true,1,34731
7290111340178,false,מטליות לחות לניקוי כ,על בד,IL,ניקול,יח',50.00,יח',false,,9.90,0.1980,true,1,11972
7290111340185,false,מטליות לחות לרצפה ני,על בד,IL,ניקול,יח',10.00,יח',false,,9.90,0.9900,true,1,11973
7290111341373,false,לילי פסטל 30 גלילים,חוגלה קימברלי,,לילי פסטל,מטרים,883.00,מטר,false,,32.90,0.0373,true,1,11981
7290111341816,false,נייר אפיה עם סליידר,אופל,IL,ניקול,מטרים,25.00,מטר,false,,19.90,0.7960,true,1,11987
7290111342004,false,לילי מגבונים לחים קי,על בד,IL,לילי,יח',1.00,יח',false,,7.90,7.9000,true,1,11992
7290111342042,false,כריות יפניות אנטיבקט,,,כריות יפניות אנטיבקט,יח',4.00,יח',false,,9.90,2.4750,true,1,11993
7290111342073,false,מטליות מיקרובייבר אנ,,,מטליות מיקרובייבר אנ,יח',2.00,יח',false,,9.90,4.9500,true,1,11995
7290111343117,false,*מבצע* קלינקס לושן ס,קימברלי קלארק,IL,קלינקס,יח,140.00,יח,false,,11.90,0.0850,true,1,11998
7290111343841,false,ספוגית הקסם נירוסטה,UFO,CN,ניקול,יח',3.00,יח',false,,9.90,3.3000,true,1,12003
7290111343858,false,מטליות לחות לניקוי ו,,IL,ניקול,יח',10.00,יח',false,,9.90,0.9900,true,1,12004
7290111344503,false,האגיס אקסטרה קייר מי,חוגלה קימברלי,IL,האגיס,יח',36.00,יח',false,,46.90,1.3028,true,1,12009
7290111344558,false,שקיות אשפה  100 יח L,אליף,TR,שקיות אשפה  100 יח L,יח,100.00,יח,false,,29.90,0.2990,true,1,36462
7290111344824,false,מגן תחתון קוטקס אנטי,KC China,CN,קוטקס,יח',52.00,יח',false,,15.90,0.3058,true,1,35896
7290111344855,false,מגן תחתון קוטקס אקסט,KC China,CN,קוטקס,יח',52.00,יח',false,,15.90,0.3058,true,1,35898
7290111344930,false,מטליות לחות לריצפה ב,,IL,ניקול,יח',10.00,יח',false,,9.90,0.9900,true,1,35497
7290111344978,false,רדיד אלומיניום עבה ו,"אופל בע""מ",IL,ניקול,מטרים,61.00,מטר,false,,36.90,0.6049,true,1,34989
7290111345753,false,תחבושות  קוטקס כותנה,KC Turkey,TR,קוטקס,יח',28.00,יח',false,,15.90,0.5679,true,1,37135
7290111345814,false,נייר טואלט לילי נטור,קימברלי קלארק,IL,לילי,מטרים,150.00,מטר,false,,32.90,0.2193,true,1,36295
7290111350047,false,תמרים ללא חרצנים קלי,קליית גת,IL,תמרים ללא חרצנים קלי,גרמים,500.00,100 גרם,false,,12.90,0.0258,true,1,13909
7290111350719,false,נאצ'וס בסגנון מסעדות,מסטיזו פודס,US,נאצ'וס בסגנון מסעדות,גרמים,322.00,100 גרם,false,,16.90,0.0525,true,1,13926
7290111350726,false,נאצ'וס בסגנון מקסיקנ,מסטיזו פודס,US,נאצ'וס בסגנון מקסיקנ,גרמים,322.00,100 גרם,false,,16.90,0.0525,true,1,13927
7290111351747,false,טורטיה 320 גרם 8 יח,,DE,טורטיה 320 גרם 8 יח,גרמים,320.00,100 גרם,false,,7.90,0.0247,true,1,13960
7290111352430,false,ממרח תמרים טבעי 440,טעמי הגליל,IL,קליית גת,גרמים,440.00,100 גרם,false,,11.90,0.0270,true,1,13967
7290111352966,false,סוכריות גומי ממולאות,סאדאט,TR,יוגטה,גרמים,250.00,100 גרם,false,,5.90,0.0236,true,1,13985
7290111352973,false,קוביות חמוצות יוגטה,סאדאט,TR,יוגטה,גרמים,220.00,100 גרם,false,,5.90,0.0268,true,1,13986
7290111353475,false,שטיחים חמוצים בטעם פ,סאדאט,TR,יוגטה,גרמים,200.00,100 גרם,false,,5.90,0.0295,true,1,14002
7290111354038,false,*מבצע* מארז עגבניות,פראנו אנריקו,IT,*מבצע* מארז עגבניות,גרמים,1200.00,100 גרם,false,,12.90,0.0108,true,1,39223
7290111354045,false,*מבצע* מארז עגבניות,פראנו אנריקו,IT,*מבצע* מארז עגבניות,גרמים,1200.00,100 גרם,false,,12.90,0.0108,true,1,39224
7290111534010,false,פס גבינה שמנת ופירור,קפולסקי שיווק וקמעונ,IL,קפולסקי,גרמים,400.00,100 גרם,false,,39.90,0.0997,true,1,29144
7290111563492,false,סלט מטבוחה חריפה צבר,צבר,IL,סלטי צבר,גרמים,400.00,100 גרם,false,,11.90,0.0298,true,1,5123
7290111564291,false,פיטנס פריכיות דקות ע,פרח תעשיות,IL,פיטנס פריכיות דקות ע,גרמים,120.00,100 גרם,false,,9.90,0.0825,true,1,5138
7290111564727,false,קרמוגית במילוי קרם א,אסם,IL,אסם,גרמים,200.00,100 גרם,false,,9.90,0.0495,true,1,5147
7290111565038,false,*מבצע* לה קרמריה וני,גלידות נסטלה,IL,לה קרמריה,ליטרים,1.40,ליטר,false,,17.90,12.7857,true,1,15703
7290111566127,false,*מבצע* אוראו מיני סנ,גלידות נסטלה,IT,גלידות נסטלה,יח',6.00,יח',false,,15.90,2.6500,true,1,15709
7290111566240,false,שניצל דק בטעם צ'ילי,טבעול ישראל,IL,שניצל דק בטעם צ'ילי,גרמים,564.00,100 גרם,false,,29.90,0.0530,true,1,5177
7290111566318,false,שניצל דק טבעול,טבעול ישראל,IL,שניצל דק טבעול,גרמים,564.00,100 גרם,false,,29.90,0.0530,true,1,5180
7290111566332,false,נקניקיות וינר טבעול,טבעול ישראל,IL,נקניקיות וינר טבעול,גרמים,680.00,100 גרם,false,,29.90,0.0440,true,1,5181
7290111566547,false,חזה בגריל טבעול,טבעול ישראל,IL,חזה בגריל טבעול,גרמים,560.00,100 גרם,false,,29.90,0.0534,true,1,5187
7290111566561,false,שניצל ברוקולי 99 קלו,טבעול ישראל,IL,שניצל ברוקולי 99 קלו,גרמים,560.00,100 גרם,false,,29.90,0.0534,true,1,5188
7290111566691,false,שניצל תרד 99 קלוריות,טבעול ישראל,IL,שניצל תרד 99 קלוריות,גרמים,560.00,100 גרם,false,,29.90,0.0534,true,1,5192
7290111566714,false,המבורגר 99 קלוריות ט,טבעול ישראל,IL,המבורגר 99 קלוריות ט,גרמים,600.00,100 גרם,false,,29.90,0.0498,true,1,5193
7290111566776,false,נקניקיות קוקטייל טבע,טבעול ישראל,IL,נקניקיות קוקטייל טבע,גרמים,680.00,100 גרם,false,,29.90,0.0440,true,1,5196
7290111568206,false,ביסלי פארטי מיקס 150,אסם,IL,ביסלי,גרמים,150.00,100 גרם,false,,6.90,0.0460,true,1,5210
7290111568299,false,נודלס אטריות עם תרד,,IT,נודלס אטריות עם תרד,גרמים,300.00,100 גרם,false,,8.90,0.0297,true,1,5213
7290111568961,false,בייגלה טבעות מלוחים,אסם,IL,אסם,גרמים,400.00,100 גרם,false,,9.90,0.0248,true,1,5227
7290111703461,false,שולחן לבן מתקפל 1.8,,,שולחן לבן מתקפל 1.8,יח',1.00,יח',false,,169.00,169.0000,true,1,30760
7290111930904,false,פוף כוכבים בצל 40 גר,מנה,IL,פוף כוכבים בצל 40 גר,גרמים,40.00,100 גרם,false,,3.90,0.0975,true,1,23291
7290111930911,false,פוף לבבות קלאסי 40 ג,מנה,IL,פוף לבבות קלאסי 40 ג,גרמים,40.00,100 גרם,false,,3.90,0.0975,true,1,23292
7290111930928,false,פוף לבבות גריל 40 גר,מנה,IL,פוף לבבות גריל 40 גר,גרמים,40.00,100 גרם,false,,3.90,0.0975,true,1,23293
7290111930935,false,פוף טבעות קלאסי 40 ג,מנה,IL,פוף טבעות קלאסי 40 ג,גרמים,40.00,100 גרם,false,,3.90,0.0975,true,1,23294
7290111932502,false,*מבצע* קולגייט משחת,CP-Poland swidnica,PL,קולגייט,מיליליטרים,75.00,"100 מ""ל",false,,24.90,0.3320,true,1,23310
7290111933554,false,מאסטר שף עגבניות קוב,קונסוריזיו קאסאלסקו,IT,מאסטר שף,גרמים,1200.00,100 גרם,false,,15.90,0.0133,true,1,23323
7290111933561,false,מאסטר שף תערובת ציפו,טסט וסנט,TH,מאסטר שף,גרמים,250.00,100 גרם,false,,7.90,0.0316,true,1,23324
7290111935527,false,קולגייט טוטאל קלין מ,cp,PL,קולגייט טוטאל קלין מ,מיליליטרים,100.00,"100 מ""ל",false,,29.90,0.2990,true,1,23334
7290111936784,false,פרי מארז 5 חטיפים תמ,טבעית מוצרים מן הטבע,IL,פרי מארז 5 חטיפים תמ,יח',5.00,יח',false,,14.90,2.9800,true,1,23359
7290111937248,false,פרי מארז חטיפי תמרים,טבעית מוצרים מן הטבע,IL,פרי מארז חטיפי תמרים,יח',5.00,יח',false,,14.90,2.9800,true,1,23365
7290111937255,false,פרי מארז 5 חטיפים תמ,טבעית מוצרים מן הטבע,IL,פרי מארז 5 חטיפים תמ,יח',5.00,יח',false,,14.90,2.9800,true,1,23366
7290111938498,false,מאסטר שף רוטב סויה ב,קי.אר.אס. ספייסי פוד,TH,רוטב סויה מנה 500מל,מיליליטרים,700.00,"100 מ""ל",false,,12.90,0.0184,true,1,23377
7290111939181,false,קוקי ניילון נצמד עם,קוקי,CN,קוקי,יח,20.00,יח,false,,9.90,0.4950,true,1,23389
7290112000156,false,*מבצע* אירוויק מפיץ,רקיט בנקיזר,HU,אירוויק,יח',1.00,יח',false,,14.90,14.9000,true,1,7605
7290112000286,false,סיליט ג'ל אסלות לימו,RECKITT BENCKISER PR,PL,סיליט ג'ל אסלות לימו,מיליליטרים,750.00,"100 מ""ל",false,,9.90,0.0132,true,1,7612
7290112000293,false,סיליט ג'ל אסלות פרש,RECKITT BENCKISER PR,PL,סיליט ג'ל אסלות פרש,מיליליטרים,750.00,"100 מ""ל",false,,9.90,0.0132,true,1,7613
7290112000392,false,*מבצע* דטול תרסיס לא,רקיט בנקיזר,PL,דטול,מיליליטרים,750.00,"100 מ""ל",false,,9.90,0.0132,true,1,7617
7290112000408,false,*מבצע* דטול תרסיס לנ,רקיט בנקיזר,PL,דטול,מיליליטרים,750.00,"100 מ""ל",false,,9.90,0.0132,true,1,7618
7290112000736,false,*מבצע* פיניש טבליות,רקיט בנקיזר,PL,פיניש,יח',80.00,יח',false,,54.90,0.6862,true,1,7628
7290112000798,false,*מבצע* דטול תרסיס חי,רקיט בנקיזר,GB,דטול,מיליליטרים,750.00,"100 מ""ל",false,,9.90,0.0132,true,1,7629
7290112001023,false,אירוויק אוטומטי מילו,RECKITT BENCKISER UK,GB,איירויק,מיליליטרים,250.00,"100 מ""ל",false,,14.90,0.0596,true,1,7640
7290112001030,false,אירוויק אוטומטי מילו,RECKITT BENCKISER UK,GB,איירויק,מיליליטרים,250.00,"100 מ""ל",false,,14.90,0.0596,true,1,7641
7290112001221,false,קולון מנקה מכונה 250,רקיט בנקיזר,ES,קולון,מיליליטרים,250.00,"100 מ""ל",false,,19.90,0.0796,true,1,7642
7290112001238,false,קולון מנקה מכונה לימ,רקיט בנקיזר,ES,קולון,מיליליטרים,250.00,"100 מ""ל",false,,19.90,0.0796,true,1,7643
7290112001436,false,פיניש מחדש מדיח לימו,RECKITT BENCKISER PR,PL,פיניש,מיליליטרים,250.00,"100 מ""ל",false,,14.90,0.0596,true,1,7645
7290112001870,false,סיליט באנג אמבטיות 7,RECKITT BENCKISER PR,PL,סיליט,מיליליטרים,750.00,"100 מ""ל",false,,12.90,0.0172,true,1,7651
7290112002099,true,*מבצע* קולון ג'ל כבי,זוהר,IL,קולון,ליטרים,2.50,ליטר,false,,21.90,8.7600,true,1,7657
7290112002105,true,*מבצע* קולון ג'ל כבי,זוהר,IL,קולון,ליטרים,2.50,ליטר,false,,21.90,8.7600,true,1,7658
7290112002112,true,*מבצע* קולון ג'ל כבי,זוהר,IL,קולון,ליטרים,2.50,ליטר,false,,21.90,8.7600,true,1,7659
7290112002136,false,קולון גל 4 ליטר,זוהר,IL,קולון,ליטרים,4.00,ליטר,false,,34.90,8.7250,true,1,7661
7290112002143,false,קולון גל 4 ליטר,זוהר,IL,קולון,ליטרים,4.00,ליטר,false,,34.90,8.7250,true,1,7662
7290112002150,false,קולון גל 4 ליטר,זוהר,IL,קולון,ליטרים,4.00,ליטר,false,,34.90,8.7250,true,1,7663
7290112002167,false,קולון גל 4 ליטר,זוהר,IL,קולון,ליטרים,4.00,ליטר,false,,34.90,8.7250,true,1,7664
7290112002235,false,אירוויק פחית ג'ל ורד,קינגקינג,CN,אירוויק,גרמים,70.00,100 גרם,false,,7.90,0.1129,true,1,7671
7290112002983,false,סיליט ספריי לניקוי כ,רקיט בנקיזר,PL,סיליט,מיליליטרים,750.00,"100 מ""ל",false,,17.90,0.0239,true,1,7685
7290112002990,false,סיליט ספריי מסיר שומ,רקיט בנקיזר,PL,סיליט,מיליליטרים,750.00,"100 מ""ל",false,,17.90,0.0239,true,1,7686
7290112003140,false,אירוויק אוטומטי מילו,RECKITT BENCKISER UK,GB,איירויק,מיליליטרים,250.00,"100 מ""ל",false,,14.90,0.0596,true,1,7691
7290112003188,false,קולון קפסולות לכביסה,רקיט בנקיזר,IT,ג'ל לכביסה,יח',60.00,יח',false,,54.90,0.9150,true,1,7692
7290112003256,false,קולון לבנדר 101 1.25,זוהר דליה,IL,קולון,קילוגרמים,1.25,"ק""ג",false,,12.90,10.3200,true,1,7693
7290112004109,false,*מבצע* דטול מגבונים,רקיט בנקיזר,PL,דטול,יח,1.00,יח,false,,21.90,21.9000,true,1,7705
7290112004314,false,*מבצע* תרסיס מנקה ומ,רקיט בנקיזר,PL,????,מיליליטרים,750.00,"100 מ""ל",false,,9.90,0.0132,true,1,34604
7290112004413,false,קליה ספריי לבן 750 מ,RECKITT BENCKISER PR,PL,וניש,מיליליטרים,750.00,"100 מ""ל",false,,16.90,0.0225,true,1,37466
7290112004611,false,*מבצע* וניש מולטי פא,RECKITT BENCKISER It,IT,*מבצע* וניש מולטי פא,מיליליטרים,200.00,"100 מ""ל",false,,14.90,0.0745,true,1,37147
7290112004703,false,וניש גליסימו ורוד 75,רקיט בנקיזר,IT,וניש גליסימו ורוד 75,מיליליטרים,750.00,"100 מ""ל",false,,19.90,0.0265,true,1,42625
7290112004710,false,וניש גליסימו לבן 750,רקיט בנקיזר,IT,וניש גליסימו לבן 750,מיליליטרים,750.00,"100 מ""ל",false,,19.90,0.0265,true,1,42626
7290112004772,false,אירוויק מילוי חשמלי,RECKITT BENCKISER HU,HU,איירויק,מיליליטרים,19.00,"100 מ""ל",false,,16.90,0.8895,true,1,40012
7290112004963,false,*מבצע* טבליות פיניש,רקיט בנקיזר,PL,*מבצע* טבליות פיניש,יח',25.00,יח',false,,34.90,1.3960,true,1,40983
7290112004970,false,*מבצע* טבליות פיניש,רקיט בנקיזר,PL,*מבצע* טבליות פיניש,יח',50.00,יח',false,,54.90,1.0980,true,1,40984
7290112005045,false,*מבצע* וניש אבקה להס,רקיט בנקיזר,IT,*מבצע* וניש אבקה להס,גרמים,480.00,100 גרם,false,,14.90,0.0310,true,1,40035
7290112005052,false,וניש אבקה לכביסה לבנ,רקיט בנקיזר,IT,וניש אבקה לכביסה לבנ,גרמים,1500.00,100 גרם,false,,39.90,0.0266,true,1,40038
7290112005076,false,*מבצע* וניש אבקה לכב,רקיט בנקיזר,IT,*מבצע* וניש אבקה לכב,גרמים,480.00,100 גרם,false,,14.90,0.0310,true,1,40036
7290112005083,false,וניש אבקה לכביסה צבע,רקיט בנקיזר,IT,וניש אבקה לכביסה צבע,גרמים,1500.00,100 גרם,false,,39.90,0.0266,true,1,40039
7290112190468,false,שמן זית ספרדי טבעי 7,,ES,אוליב אויל,מיליליטרים,750.00,"100 מ""ל",false,,24.90,0.0332,true,1,29800
7290112190529,false,שמן זית יוחננוף 750,אסאס דל סור,ES,אוליב אויל,מיליליטרים,750.00,"100 מ""ל",false,,24.90,0.0332,true,1,29803
7290112192295,false,עוגיות סנדוויץ תות ל,"מוצרי הכט בע""מ",IL,עוגיות סנדוויץ תות ל,גרמים,200.00,100 גרם,false,,16.90,0.0845,true,1,7333
7290112192509,false,פירורי לחם 250 גרם ל,"מוצרי הכט בע""מ",IL,פירורי לחם 250 גרם ל,גרמים,250.00,100 גרם,false,,15.90,0.0636,true,1,7335
7290112192561,false,משחת שיניים פרודונטק,ג'י.אס.קיי קונסיומר,IE,פרודונטקס,מיליליטרים,75.00,"100 מ""ל",false,,35.90,0.4787,true,1,10744
7290112192578,false,משחת שיניים פרודונטק,ג'י.אס.קיי קונסיומר,IE,פרודונטקס,מיליליטרים,75.00,"100 מ""ל",false,,35.90,0.4787,true,1,10745
7290112192882,false,משחת שיניים סנסודיין,G.S.K,GB,סנסודיין,מיליליטרים,75.00,"100 מ""ל",false,,33.90,0.4520,true,1,10751
7290112193278,false,"שמפו מתולתלות 600 מ""",א.ל ארמן,IL,"שמפו מתולתלות 600 מ""",מיליליטרים,600.00,"100 מ""ל",false,,22.90,0.0382,true,1,39358
7290112193285,false,"מרכך מתולתלות 600 מ""",א.ל ארמן,IL,"מרכך מתולתלות 600 מ""",מיליליטרים,600.00,"100 מ""ל",false,,22.90,0.0382,true,1,39359
7290112193292,false,"מסכה מתולתלות 500 מ""",א.ל ארמן,IL,"מסכה מתולתלות 500 מ""",מיליליטרים,500.00,"100 מ""ל",false,,29.90,0.0598,true,1,39360
7290112193315,false,קרם לחות מתולתלות 40,א.ל ארמן,IL,קרם לחות מתולתלות 40,מיליליטרים,400.00,"100 מ""ל",false,,29.90,0.0747,true,1,39361
7290112194916,false,סבון שלישיה,,,סבון שלישיה,ליטרים,1.50,ליטר,false,,8.90,5.9333,true,1,29817
7290112195630,false,שמן זית יוחננוף 750,אסאס דל סור,ES,אוליב אויל,מיליליטרים,750.00,"100 מ""ל",false,,24.90,0.0332,true,1,36078
7290112195784,false,תות שדה 300 גר פרוסט,גרין האוס,EG,פרוסטי,גרמים,0.00,100 גרם,false,,6.90,0.0000,true,1,41855
7290112197177,false,*מבצע* דגני בוקר במי,נטורל קייקס,IL,*מבצע* דגני בוקר במי,גרמים,375.00,100 גרם,false,,16.90,0.0451,true,1,37416
7290112197184,false,*מבצע* דגני בוקר במי,נטורל קייקס,IL,*מבצע* דגני בוקר במי,גרמים,375.00,100 גרם,false,,16.90,0.0451,true,1,37417
7290112197719,false,פיצה משפחתית זיתים 3,נטורל קייקס,IL,GFREE,גרמים,330.00,100 גרם,false,,23.90,0.0724,true,1,42619
7290112330352,false,דנונה פרו 20 גר וניל,שטראוס גרופ,IL,דנונה פרו,גרמים,200.00,100 גרם,false,,5.90,0.0295,true,1,18683
7290112330390,false,דנונה פרו 20 גר פירו,שטראוס גרופ,IL,דנונה פרו,גרמים,200.00,100 גרם,false,,5.90,0.0295,true,1,18685
7290112330420,false,דנונה פרו לבן 12 גר,שטראוס גרופ,IL,דנונה פרו,גרמים,150.00,100 גרם,false,,4.60,0.0307,true,1,18687
7290112332585,false,"פריכיות משולשות תפו""",,,"פריכיות משולשות תפו""",גרמים,30.00,100 גרם,false,,4.90,0.1633,true,1,16566
7290112332691,false,עוגיות קרם פסק זמן 2,הגביע,IL,עלית,גרמים,200.00,100 גרם,false,,9.90,0.0495,true,1,16572
7290112332899,false,צנצנת מסטיק בזוקה פו,שטראוס גרופ,IL,עלית,גרמים,58.00,100 גרם,false,,9.90,0.1707,true,1,16576
7290112334596,false,שוקולית 850 גרם+ 10%,שטראוס גרופ,IL,עלית,גרמים,935.00,100 גרם,false,,14.90,0.0159,true,1,16577
7290112334749,false,קפה טורקי שקית 200+,שטראוס גרופ,IL,עלית,גרמים,200.00,100 גרם,false,,15.90,0.0795,true,1,16578
7290112335043,false,מרשמלו בזוקה 150 גרם,טופגאם תעשיות ממתקים,IL,עלית,גרמים,150.00,100 גרם,false,,5.90,0.0393,true,1,16581
7290112335111,false,מסטיק מאסט קוביות בז,שטראוס עלית,DE,שטראוס עלית,גרמים,86.00,100 גרם,false,,12.90,0.1500,true,1,16585
7290112335487,false,פרכיות גדולות 3 דגני,עלית,IL,פרכיות גדולות 3 דגני,גרמים,135.00,100 גרם,false,,10.90,0.0807,true,1,16586
7290112335500,false,פרכיות גדולות חלבון,עלית,IL,פרכיות גדולות חלבון,גרמים,135.00,100 גרם,false,,10.90,0.0807,true,1,16588
7290112336637,false,סוכריות מאסט ללא סוכ,שטראוס גרופ,PL,סוכריות מאסט ללא סוכר,גרמים,80.00,100 גרם,false,,6.90,0.0863,true,1,16602
7290112336644,false,סוכריות מאסט ללא סוכ,שטראוס גרופ,PL,סוכריות מאסט ללא סוכר,גרמים,80.00,100 גרם,false,,6.90,0.0863,true,1,16603
7290112336651,false,סוכריות מאסט ללא סוכ,שטראוס גרופ,PL,סוכריות מאסט ללא סוכר,גרמים,80.00,100 גרם,false,,6.90,0.0863,true,1,16604
7290112336712,false,דנונה פרו 21 גר 0% ש,שטראוס גרופ,IL,דנונה פרו,גרמים,200.00,100 גרם,false,,5.90,0.0295,true,1,18720
7290112337474,false,סוכריות מאסט ללא סוכ,שטראוס גרופ,PL,סוכריות מאסט ללא סוכר,גרמים,80.00,100 גרם,false,,6.90,0.0863,true,1,16607
7290112337481,false,סוכריות מאסט ללא סוכ,שטראוס גרופ,PL,סוכריות מאסט ללא סוכר,גרמים,80.00,100 גרם,false,,6.90,0.0863,true,1,16608
7290112338877,false,סקי תות,שטראוס גרופ,IL,שטראוס,גרמים,125.00,100 גרם,false,,3.70,0.0296,true,1,18722
7290112339362,false,דנונה לייט אנד פריי,שטראוס,IL,דנונה,גרמים,150.00,100 גרם,false,,4.50,0.0300,true,1,18737
7290112339867,false,גמדים סקוויז בודד תו,שטראוס,IL,גמדים,גרמים,100.00,100 גרם,false,,5.90,0.0590,true,1,18753
7290112339874,false,גמדים סקוויז בודד תו,שטראוס,IL,גמדים,גרמים,100.00,100 גרם,false,,5.90,0.0590,true,1,18754
7290112340122,false,פרכיות גדולות 3 דגני,עלית,IL,פרכיות גדולות 3 דגני,גרמים,135.00,100 גרם,false,,10.90,0.0807,true,1,16617
7290112340245,false,צנצנת מסטיק מאסט דוב,שטראוס גרופ,IL,עלית,גרמים,66.00,100 גרם,false,,9.90,0.1500,true,1,16619
7290112340252,false,צנצנת מסטיק מאסט אבט,שטראוס גרופ,IL,עלית,גרמים,66.00,100 גרם,false,,9.90,0.1500,true,1,16620
7290112340276,false,עוגיות קרם קפה נמס 2,הגביע,IL,עלית,גרמים,200.00,100 גרם,false,,9.90,0.0495,true,1,16622
7290112340900,false,קפה טורקי האג 200 גר,שטראוס גרופ,IL,האג,גרמים,200.00,100 גרם,false,,24.90,0.1245,true,1,16624
7290112341556,false,אקטיביה עם צ'יה ותות,שטראוס,IL,אקטיביה,גרמים,150.00,100 גרם,false,,4.60,0.0307,true,1,18767
7290112341679,false,אקטיביה  3% 200ג',שטראוס גרופ,IL,אקטיביה,גרמים,200.00,100 גרם,false,,3.90,0.0195,true,1,18768
7290112342102,false,סימפוניה בצל מקורמל,שטראוס גרופ,IL,שטראוס,גרמים,200.00,100 גרם,false,,10.90,0.0545,true,1,18777
7290112343499,false,ציטוס puffs,שטראוס פריטו ליי (מל,IL,עלית,גרמים,55.00,100 גרם,false,,3.10,0.0564,true,1,34959
7290112343512,false,ציטוס puffs,שטראוס פריטו ליי (מל,IL,עלית,גרמים,160.00,100 גרם,false,,6.90,0.0431,true,1,34960
7290112344564,false,רביולי גבינה 400 גר,שטראוס גרופ,IL,שטראוס,גרמים,400.00,100 גרם,false,,19.90,0.0497,true,1,18790
7290112344724,false,מילקי בטעם שוקולד בל,שטראוס גרופ,IL,שטראוס,גרמים,133.00,100 גרם,false,,3.30,0.0248,true,1,18795
7290112344755,false,מילקי עם 26% פחות סו,שטראוס גרופ,IL,שטראוס,גרמים,135.00,100 גרם,false,,2.80,0.0207,true,1,18796
7290112344786,false,פלטיניום קלאסי 200 ג,שטראוס גרופ,IL,עלית,גרמים,200.00,100 גרם,false,,24.90,0.1245,true,1,16656
7290112344953,false,סימפוניה חציל קלוי 2,שטראוס גרופ,IL,שטראוס,גרמים,200.00,100 גרם,false,,10.90,0.0545,true,1,18804
7290112346360,false,בפלות אחת אחת מצופה,טוטיז בינגו סיאי,GR,עלית,גרמים,180.00,100 גרם,false,,12.90,0.0717,true,1,16669
7290112346537,false,פינוקיות בטעם טורטית,הגביע,IL,עלית,גרמים,200.00,100 גרם,false,,9.90,0.0495,true,1,16670
7290112346773,false,דנונה לייט אד פריי ו,שטראוס גרופ,IL,דנונה,גרמים,150.00,100 גרם,false,,4.50,0.0300,true,1,18827
7290112346797,false,אקטיביה עם שיבולת שו,שטראוס,IL,אקטיביה,גרמים,150.00,100 גרם,false,,4.60,0.0307,true,1,18829
7290112347008,false,גמדים ארוחת בוקר תות,שטראוס,IL,גמדים,גרמים,100.00,100 גרם,false,,5.90,0.0590,true,1,18838
7290112347473,false,מארז לייט אנד פריי ת,שטראוס גרופ,IL,שטראוס,ליטרים,1.20,ליטר,false,,26.90,22.4167,true,1,18847
7290112348142,false,שעועית לבנה ט. הטבע,קונסרב איטליה,IT,טעם הטבע,גרמים,380.00,100 גרם,false,,6.90,0.0182,true,1,16678
7290112348999,false,פרכיות גדולות תירס ד,עלית,IL,פרכיות גדולות תירס ד,גרמים,135.00,100 גרם,false,,10.90,0.0807,true,1,16688
7290112349606,false,דניאלה תות בננה,שטראוס גרופ,IL,שטראוס,גרמים,88.00,100 גרם,false,,3.90,0.0443,true,1,36243
7290112349705,false,רוטב עגבניות קלאסי ל,אמיליאנה קונסרב,IT,יד מרדכי,גרמים,350.00,100 גרם,false,,10.90,0.0311,true,1,16699
7290112349736,false,רוטב עגבניות בזיליקו,אמיליאנה קונסרב,IT,יד מרדכי,גרמים,350.00,100 גרם,false,,10.90,0.0311,true,1,16700
7290112349750,false,רוטב עגבניות לפיצה 3,אמיליאנה קונסרב,IT,יד מרדכי,גרמים,350.00,100 גרם,false,,10.90,0.0311,true,1,16702
7290112350275,false,קפסולות למכונת נספרס,שטראוס גרופ,IL,עלית,גרמים,50.00,100 גרם,false,,15.90,0.3180,true,1,16704
7290112350312,false,קפסולות למכונה 15,שטראוס גרופ,IL,עלית,גרמים,50.00,100 גרם,false,,15.90,0.3180,true,1,16706
7290112351067,false,סילאן טבעי לחיץ 630,,,סילאן טבעי לחיץ 630,גרמים,630.00,100 גרם,false,,24.90,0.0395,true,1,16709
7290112351524,false,עלי סלנובה טעם הטבע,שטראוס בריאות ירקות,IL,טעם הטבע,גרמים,200.00,100 גרם,false,,12.90,0.0645,true,1,18879
7290112353887,false,משקה קפה קר בטעם אגו,אנסטל מילק,AT,משקה קפה קר בטעם אגו,מיליליטרים,230.00,"100 מ""ל",false,,7.90,0.0343,true,1,18883
7290112354174,false,*מבצע* פסטה רוזה דלי,גסטרונומיה,IT,*מבצע* פסטה רוזה דלי,גרמים,280.00,100 גרם,false,,16.90,0.0604,true,1,35756
7290112354204,false,*מבצע* ספגטי עגבניות,גסטרונומיה,IT,*מבצע* ספגטי עגבניות,גרמים,280.00,100 גרם,false,,16.90,0.0604,true,1,35759
7290112354235,false,*מבצע* ברקטה פיצה דל,סקרלינפיצה אס.אר.אל,IT,*מבצע* ברקטה פיצה דל,גרמים,280.00,100 גרם,false,,19.90,0.0711,true,1,35762
7290112354945,false,תפוציפס wavy טבעי 50,שטראוס פריטו ליי (מל,IL,עלית,גרמים,50.00,100 גרם,false,,3.50,0.0700,true,1,42885
7290112355027,false,דנונה פרו 20 גר בטעם,שטראוס גרופ,IL,דנונה פרו,גרמים,200.00,100 גרם,false,,5.90,0.0295,true,1,18896
7290112355102,false,גמדים פאוץ סלט פירות,שטראוס,IL,?????,גרמים,100.00,100 גרם,false,,5.90,0.0590,true,1,18900
7290112355386,false,רוטב שמנת בטעם קרמל,מחלבת יטבתה,IL,יטבתה,מיליליטרים,260.00,"100 מ""ל",false,,10.90,0.0419,true,1,37581
7290112355393,false,רוטב שמנת עם בטטה 9%,שטראוס גרופ,IL,יטבתה,מיליליטרים,257.00,"100 מ""ל",false,,10.90,0.0424,true,1,42642
7290112356536,false,קקאו עלית 150 גרם+10,שטראוס גרופ,IL,עלית,גרמים,165.00,100 גרם,false,,9.90,0.0600,true,1,16749
7290112357045,false,עגבניות איטלקיות מרו,קונסרב איטליה,IT,טעם הטבע,גרמים,390.00,100 גרם,false,,6.50,0.0167,true,1,16751
7290112357083,false,אפונת גינה ט. הטבע 3,קונסרב איטליה,IT,טעם הטבע,גרמים,380.00,100 גרם,false,,6.90,0.0182,true,1,16754
7290112357106,false,שעועית אדומה ט. הטבע,קונסרב איטליה,IT,טעם הטבע,גרמים,380.00,100 גרם,false,,6.90,0.0182,true,1,16755
7290112357113,false,גרגירי חומוס ט. הטבע,קונסרב איטליה,IT,טעם הטבע,גרמים,380.00,100 גרם,false,,6.90,0.0182,true,1,16756
7290112357175,false,קפסולות למכונת נספרס,שטראוס גרופ,IL,עלית,גרמים,50.00,100 גרם,false,,15.90,0.3180,true,1,16757
7290112357892,false,שלשיית סוכריות מקס פ,הליקון גידה,TR,עלית,גרמים,45.00,100 גרם,false,,7.90,0.1756,true,1,16759
7290112358004,false,פסק זמן קראנץ',שטראוס גרופ,IL,עלית,גרמים,32.00,100 גרם,false,,4.90,0.1531,true,1,16760
7290112358127,false,דנונה פרו 20 גרם עם,שטראוס,,דנונה פרו 20 גרם עם,גרמים,20.00,100 גרם,false,,6.30,0.3150,true,1,18916
7290112358219,false,רוטב צ'ילי מתוק,"בית אל מזון בע""מ",IL,עלית,מיליליטרים,300.00,"100 מ""ל",false,,12.90,0.0430,true,1,16765
7290112358233,false,רוטב צ'ילי חריף,"בית אל מזון בע""מ",IL,עלית,מיליליטרים,300.00,"100 מ""ל",false,,12.90,0.0430,true,1,16766
7290112358240,false,רוטב גריל 300 גרם,"בית אל מזון בע""מ",IL,עלית,גרמים,300.00,100 גרם,false,,12.90,0.0430,true,1,16767
7290112358431,false,עד חצות דאבל 200 גרם,שטראוס גרופ,IL,עלית,גרמים,200.00,100 גרם,false,,11.90,0.0595,true,1,16769
7290112358554,false,מארז נמס לדרך עלית,שטראוס רומניה,RO,נמס לדרך,יח',26.00,יח',false,,10.90,0.4192,true,1,16770
7290112490117,false,קליק טבלה וופל ואגוז,אתר צפת טבלאות ותעשי,IL,KLIK,גרמים,85.00,100 גרם,false,,4.90,0.0576,true,1,20678
7290112490209,false,נמס בכוס עגבניות קרו,אתר חיפה אבקות - Foo,IL,KNORR,גרמים,56.00,100 גרם,false,,6.50,0.1161,true,1,20680
7290112490216,false,נמס בכוס ט.עוף קרוטו,אתר חיפה אבקות - Foo,IL,KNORR,גרמים,48.00,100 גרם,false,,6.50,0.1354,true,1,20681
7290112490230,false,נמס בכוס אפונה ר.טבע,אתר חיפה אבקות - Foo,IL,KNORR,גרמים,50.00,100 גרם,false,,6.50,0.1300,true,1,20682
7290112490599,false,חרדל צרפתי עם גרגרים,יוניליוור,IL,הלמנס,גרמים,350.00,100 גרם,false,,12.90,0.0369,true,1,20689
7290112490650,false,778 קונפיטורת תותשדה,אתר חיפה  778 - Food,IL,778,גרמים,340.00,100 גרם,false,,11.90,0.0350,true,1,20690
7290112490674,false,778 קונפיטורת דובדבן,אתר חיפה  778 - Food,IL,778,גרמים,340.00,100 גרם,false,,11.90,0.0350,true,1,20692
7290112490698,false,778 קונפיטורת תות לי,אתר חיפה  778 - Food,IL,778,גרמים,260.00,100 גרם,false,,12.90,0.0496,true,1,20694
7290112490742,false,מרק עשיר פטריות גריס,יוניליוור,IL,קנור,גרמים,104.00,100 גרם,false,,11.90,0.1144,true,1,20698
7290112490759,false,מרק עשיר עוף אטריות,יוניליוור,IL,קנור,גרמים,74.00,100 גרם,false,,11.90,0.1608,true,1,20699
7290112490827,false,*מבצע* בדין תרסיס מי,זוהר דליה - 3P Local,IL,BADIN,מיליליטרים,500.00,"100 מ""ל",false,,14.90,0.0298,true,1,20702
7290112491558,false,מאגדת שישייה מריר פר,אתר צפת טבלאות ותעשי,IL,ROSE OF GALILEE,גרמים,600.00,100 גרם,false,,17.90,0.0298,true,1,20730
7290112491701,false,"ברנפלקס חלבון בד""ץ 3",אתר שפע - Food,IL,TELMA,גרמים,375.00,100 גרם,false,,19.90,0.0531,true,1,20733
7290112491770,false,דקים דקים מלח 300 גר,אתר בייגל - Food,IL,B&B,גרמים,300.00,100 גרם,false,,9.90,0.0330,true,1,20734
7290112491794,false,דקים דקים שמנת בצל 3,אתר בייגל - Food,IL,B&B,גרמים,300.00,100 גרם,false,,9.90,0.0330,true,1,20736
7290112492449,false,"שמפו פינוק 700 מ""ל",אתר ליוור - HPC,IL,PINUK,מיליליטרים,700.00,"100 מ""ל",false,,11.90,0.0170,true,1,20748
7290112492456,false,שמפו פינוק לשיער יבש,אתר ליוור - HPC,IL,PINUK,מיליליטרים,700.00,"100 מ""ל",false,,11.90,0.0170,true,1,20749
7290112492470,false,פינוק 2 ב-1 לשיער יב,אתר ליוור - HPC,IL,PINUK,מיליליטרים,700.00,"100 מ""ל",false,,11.90,0.0170,true,1,20751
7290112492579,false,פינוק מרכך שמן קוקוס,אתר ליוור - HPC,IL,PINUK,מיליליטרים,700.00,"100 מ""ל",false,,11.90,0.0170,true,1,20760
7290112492593,false,פינוק תחליב רחצה קלא,אתר ליוור - HPC,IL,PINUK,מיליליטרים,700.00,"100 מ""ל",false,,9.90,0.0141,true,1,20761
7290112492609,false,פינוק סבון נוזלי  לב,אתר ליוור - HPC,IL,PINUK,מיליליטרים,700.00,"100 מ""ל",false,,9.90,0.0141,true,1,20762
7290112492746,false,מרכך פינוק ילדים 700,אתר ליוור - HPC,IL,פינוק,מיליליטרים,700.00,"100 מ""ל",false,,11.90,0.0170,true,1,20769
7290112492753,false,פינוק סבון נוזלי  יל,אתר ליוור - HPC,IL,PINUK,מיליליטרים,700.00,"100 מ""ל",false,,9.90,0.0141,true,1,20770
7290112492982,false,*מבצע* קנור פטריות ר,יוניליוור,IL,*מבצע* קנור פטריות ר,גרמים,400.00,100 גרם,false,,19.90,0.0497,true,1,20786
7290112492999,false,*מבצע* קנור ט.עוף 40,אתר חיפה אבקות - Foo,IL,KNORR,גרמים,400.00,100 גרם,false,,12.90,0.0323,true,1,20787
7290112493316,false,עשיר אפונה רכיבים טב,יוניליוור,IL,קנור,גרמים,117.00,100 גרם,false,,11.90,0.1017,true,1,20802
7290112493927,false,קרמיסימו 1.33 ל' ריב,גלידות שטראוס,IL,קרמיסימו,ליטרים,1.33,ליטר,false,,18.90,14.2105,true,1,7768
7290112493934,false,קרמיסימו 1.33 ל' וני,גלידות שטראוס,IL,קרמיסימו,ליטרים,1.33,ליטר,false,,18.90,14.2105,true,1,7769
7290112493965,false,קרמיסימו 1.33 ל'  ונ,גלידות שטראוס,IL,קרמיסימו,ליטרים,1.33,ליטר,false,,18.90,14.2105,true,1,7770
7290112494153,false,קנור תיבולית בניחוח,אתר חיפה אבקות - Foo,IL,KNORR,גרמים,72.00,100 גרם,false,,7.90,0.1097,true,1,20809
7290112494221,false,קליק ביסקויט תפזורת,אתר צפת חטיפים - Foo,IL,KLIK,גרמים,65.00,100 גרם,false,,4.90,0.0754,true,1,20812
7290112494238,false,קליק כדורים חלב תפזו,אתר צפת חטיפים - Foo,IL,KLIK,גרמים,65.00,100 גרם,false,,4.90,0.0754,true,1,20813
7290112494283,false,קליק מעורב חום לבן ת,אתר צפת חטיפים - Foo,IL,KLIK,גרמים,65.00,100 גרם,false,,4.90,0.0754,true,1,20816
7290112494313,false,קליק קורנפלקס תפזורת,אתר צפת חטיפים - Foo,IL,KLIK,גרמים,65.00,100 גרם,false,,4.90,0.0754,true,1,20818
7290112494382,false,פירה ביתי 260גר,אתר חיפה אבקות - Foo,IL,KNORR,גרמים,260.00,100 גרם,false,,10.90,0.0419,true,1,20821
7290112494795,false,*מבצע* ג'ל כביסה כחו,אתר ליוור - HPC,IL,בדין,ליטרים,2.50,ליטר,false,,24.90,9.9600,true,1,20835
7290112494801,false,*מבצע* ג'ל כביסה ורו,אתר ליוור - HPC,IL,בדין,ליטרים,2.50,ליטר,false,,24.90,9.9600,true,1,20836
7290112494825,false,תרחיץ פנים דאב לעור,אתר ליוור - HPC,IL,DOVE,מיליליטרים,180.00,"100 מ""ל",false,,16.90,0.0939,true,1,20838
7290112494832,false,תרחיץ פנים דאב לעור,אתר ליוור - HPC,IL,DOVE,מיליליטרים,180.00,"100 מ""ל",false,,16.90,0.0939,true,1,20839
7290112495006,false,כריות נוגט 686 גרם,אתר שפע - Food,IL,TELMA,גרמים,686.00,100 גרם,false,,24.90,0.0363,true,1,20845
7290112495037,false,קוקומן כדורים 375 גר,אתר שפע - Food,IL,TELMA,גרמים,375.00,100 גרם,false,,19.90,0.0531,true,1,20848
7290112495044,false,קוקומן פצפוצים 375 ג,אתר שפע - Food,IL,TELMA,גרמים,375.00,100 גרם,false,,19.90,0.0531,true,1,20849
7290112495105,false,נשנושים שמנת בצל 260,אתר בייגל - Food,IL,B&B,גרמים,260.00,100 גרם,false,,11.90,0.0458,true,1,20851
7290112495143,false,קוקטייל מלוח 300ג,אתר בייגל - Food,IL,B&B,גרמים,300.00,100 גרם,false,,11.90,0.0397,true,1,20854
7290112495150,false,נשנושים עגול מלוח 30,אתר בייגל - Food,IL,B&B,גרמים,300.00,100 גרם,false,,11.90,0.0397,true,1,20855
7290112495174,false,קוקטייל שומשום 300ג,אתר בייגל - Food,IL,B&B,גרמים,300.00,100 גרם,false,,11.90,0.0397,true,1,20857
7290112495228,false,קורנפלקס דבש 448 גרם,אתר שפע - Food,IL,TELMA,גרמים,448.00,100 גרם,false,,17.90,0.0400,true,1,20858
7290112495280,false,ברנפלקס קינמון 400 ג,אתר שפע - Food,IL,TELMA,גרמים,400.00,100 גרם,false,,19.90,0.0497,true,1,20863
7290112495433,false,*מבצע* דליפקאן 400 ג,אתר שפע - Food,IL,TELMA,גרמים,400.00,100 גרם,false,,19.90,0.0497,true,1,20868
7290112495488,false,קורנפלקס ללא גלוטן 5,מולינו - 3P איטליה F,IT,TELMA,גרמים,500.00,100 גרם,false,,14.90,0.0298,true,1,20872
7290112495594,false,שמיניות גדולות ללא מ,אתר בייגל - Food,IL,B&B,גרמים,400.00,100 גרם,false,,11.90,0.0298,true,1,20875
7290112495662,false,קרקר חיטה מלאהעםפשתן,אפיפית - 3P Local Fo,IL,B&B,גרמים,300.00,100 גרם,false,,8.90,0.0297,true,1,20877
7290112495754,false,הלמנס לסלט אלף האיים,אתר חיפה ממרחים - Fo,IL,HELLMANNS,מיליליטרים,305.00,"100 מ""ל",false,,9.90,0.0325,true,1,20883
7290112495761,false,הלמנס לסלט אלף האיים,אתר חיפה ממרחים - Fo,IL,HELLMANNS,מיליליטרים,305.00,"100 מ""ל",false,,9.90,0.0325,true,1,20884
7290112495785,false,הלמנ'ס לסלט שום 300ג,אתר חיפה ממרחים - Fo,IL,HELLMANNS,מיליליטרים,300.00,"100 מ""ל",false,,9.90,0.0330,true,1,20886
7290112495792,false,הלמנס רוטב לסלט שום,,,הלמנס רוטב לסלט שום,גרמים,300.00,100 גרם,false,,9.90,0.0330,true,1,20887
7290112495808,false,הלמנס לסלט חרדל דבש,אתר חיפה ממרחים - Fo,IL,HELLMANNS,מיליליטרים,305.00,"100 מ""ל",false,,9.90,0.0325,true,1,20888
7290112495938,false,קרקר משפחתי 6 דגנים,אפיפית - 3P Local Fo,IL,B&B,גרמים,200.00,100 גרם,false,,8.90,0.0445,true,1,20898
7290112495976,false,פתית פריכיות שוקולד,"גוד פוד בע""מ",PL,פתית פריכיות שוקולד,גרמים,35.00,100 גרם,false,,3.90,0.1114,true,1,20899
7290112495983,false,פתית פריכיות שוקולד,"גוד פוד בע""מ",PL,פתית פריכיות שוקולד,גרמים,39.00,100 גרם,false,,3.90,0.1000,true,1,20900
7290112496027,false,אפיכל סירופ שוקולד 5,אתר חיפה  778 - Food,IL,EFICOL,גרמים,580.00,100 גרם,false,,11.90,0.0205,true,1,20901
7290112496034,false,אפיכל סירופ מייפל 58,אתר חיפה  778 - Food,IL,EFICOL,גרמים,580.00,100 גרם,false,,11.90,0.0205,true,1,20902
7290112496218,false,טריאקי מופחת נתרן 34,אתר חיפה  778 - Food,IL,KNORR,מיליליטרים,340.00,"100 מ""ל",false,,9.90,0.0291,true,1,20905
7290112496270,false,פתית צ'יפס עגבניות ו,,,פתית צ'יפס עגבניות ו,גרמים,22.00,100 גרם,false,,4.90,0.2227,true,1,20906
7290112496287,false,פתית צ'יפס בטטה 21 ג,,,פתית צ'יפס בטטה 21 ג,גרמים,21.00,100 גרם,false,,4.90,0.2333,true,1,20907
7290112496294,false,פתית צ'יפס אפונה וצי,,,פתית צ'יפס אפונה וצי,גרמים,22.00,100 גרם,false,,4.90,0.2227,true,1,20908
7290112496430,false,נמס בכוס אקסטרה עגבנ,אתר חיפה אבקות - Foo,IL,KNORR,גרמים,37.00,100 גרם,false,,3.90,0.1054,true,1,20910
7290112496447,false,נמס בכוס אקסטרה טעם,אתר חיפה אבקות - Foo,IL,KNORR,גרמים,27.00,100 גרם,false,,3.90,0.1444,true,1,20911
7290112496461,false,נמס בכוס אקסטרה ירקו,אתר חיפה אבקות - Foo,IL,KNORR,גרמים,35.00,100 גרם,false,,3.90,0.1114,true,1,20912
7290112497031,false,קנור רוטב לקציצות 41,יוניליוור,IL,קנור רוטב לקציצות 41,גרמים,415.00,100 גרם,false,,9.90,0.0239,true,1,20928
7290112497123,false,*מבצע* סחלב,אתר חיפה אבקות - Foo,IL,KNORR,גרמים,112.00,100 גרם,false,,9.90,0.0884,true,1,20929
7290112497369,false,דאב דאו רולאון טלק 5,יוניליוור  פיליפינים,PH,DOVE,מיליליטרים,50.00,"100 מ""ל",false,,14.90,0.2980,true,1,20934
7290112497499,false,קליק טבלאות עם שוקול,,,קליק טבלאות עם פצפוצים,גרמים,85.00,100 גרם,false,,4.90,0.0576,true,1,20935
7290112497505,false,ווזלין תחליב גוף ירו,יוניליוור,US,יוניליוור,מיליליטרים,600.00,"100 מ""ל",false,,19.90,0.0332,true,1,20936
7290112497994,false,גרנולה פרוטאין בתוספ,תלמה,IL,גרנולה פרוטאין בתוספ,גרמים,300.00,100 גרם,false,,15.90,0.0530,true,1,20945
7290112498007,false,גרנולה פרוטאין בתוספ,תלמה,IL,גרנולה פרוטאין בתוספ,גרמים,300.00,100 גרם,false,,15.90,0.0530,true,1,20946
7290112498069,false,קוקומן ללא גלוטן 375,אתר שפע - Food,IL,TELMA,גרמים,375.00,100 גרם,false,,19.90,0.0531,true,1,20947
7290112498267,false,אל סבון ידיים פינוק,אתר ליוור - HPC,IL,אל סבון ידיים פינוק,מיליליטרים,950.00,"100 מ""ל",false,,11.90,0.0125,true,1,20954
7290112498274,false,אל סבון ידיים פינוק,אתר ליוור - HPC,IL,אל סבון ידיים פינוק,מיליליטרים,950.00,"100 מ""ל",false,,11.90,0.0125,true,1,20955
7290112498281,false,אל סבון ידיים פינוק,אתר ליוור - HPC,IL,אל סבון ידיים פינוק,מיליליטרים,950.00,"100 מ""ל",false,,11.90,0.0125,true,1,20956
7290112498526,false,פתית צ'יפס עם בטטה ס,,,פתית צ'יפס עם בטטה ס,גרמים,22.00,100 גרם,false,,4.90,0.2227,true,1,34386
7290112498748,false,מאגדת מיני סולרו תות,גלידות שטראוס,IL,סולרו,גרמים,325.00,100 גרם,false,,23.90,0.0735,true,1,7775
7290112498922,false,מיני מגנום לבן,גלידות שטראוס,IL,מגנום,גרמים,250.00,100 גרם,false,,26.90,0.1076,true,1,7781
7290112499097,false,מיני מגנום מריר,גלידות שטראוס,IL,מגנום,גרמים,240.00,100 גרם,false,,26.90,0.1121,true,1,37026
7290112499189,false,גלידת קרמיסימו חד קר,גלידות שטראוס,IL,קרמיסימו,ליטרים,1.33,ליטר,false,,18.90,14.2105,true,1,39550
7290112499219,false,לייט מיני גודיז- פיס,גלידות שטראוס,IL,שטראוס,גרמים,235.00,100 גרם,false,,21.90,0.0932,true,1,38279
7290112499462,false,תחליב רחצה ש. קוקוס,אתר ליוור - HPC,IL,PINUK,מיליליטרים,700.00,"100 מ""ל",false,,9.90,0.0141,true,1,35942
7290112499493,false,דאו רקסונה ספריי בני,יונילוור ארגנטינה -,AR,REXONA,מיליליטרים,150.00,"100 מ""ל",false,,11.90,0.0793,true,1,36492
7290112499509,false,דאו רקסונה ספריי בני,קוסטר - תורכיה,TR,REXONA,מיליליטרים,150.00,"100 מ""ל",false,,11.90,0.0793,true,1,41392
7290112499776,false,לייט מיני גודיז- שלו,גלידות שטראוס,IL,שטראוס,מיליליטרים,350.00,"100 מ""ל",false,,21.90,0.0626,true,1,7787
7290112499943,false,מיני מגנום קלאסיק חו,גלידות שטראוס,IL,מגנום,גרמים,250.00,100 גרם,false,,26.90,0.1076,true,1,7792
7290112961266,false,בייגלה כפיות איטלקי,אסם,IL,אסם,גרמים,300.00,100 גרם,false,,10.90,0.0363,true,1,5261
7290112961372,false,חטיפי פריכיות דקות פ,אסם,IL,חטיפי פריכיות דקות פ,גרמים,60.00,100 גרם,false,,8.90,0.1483,true,1,5265
7290112961440,false,פיטנס בר פריכיות שוק,,,פיטנס בר פריכיות שוק,גרמים,84.00,100 גרם,false,,11.90,0.1417,true,1,5268
7290112961464,false,חטיפי פריכיות דקות פ,אסם,IL,חטיפי פריכיות דקות פ,גרמים,60.00,100 גרם,false,,8.90,0.1483,true,1,5269
7290112961754,false,עוגיות שוקוצ'יפס קרם,אסם,IL,אסם,גרמים,220.00,100 גרם,false,,9.90,0.0450,true,1,5280
7290112962287,false,שווארמה טבעונית טבעו,טבעול ישראל,IL,שווארמה טבעונית טבעו,גרמים,450.00,100 גרם,false,,29.90,0.0664,true,1,5290
7290112963918,false,קרקר דק רוזמרין פיטנ,,CO,קרקר דק רוזמרין פיטנ,גרמים,140.00,100 גרם,false,,11.90,0.0850,true,1,5309
7290112964434,false,רוטב לסלט קיסר 290 מ,אסם,IL,אסם,מיליליטרים,290.00,"100 מ""ל",false,,8.90,0.0307,true,1,5321
7290112964601,false,רוטב בנוסח סצ'ואן 36,אסם,IL,אסם,גרמים,360.00,100 גרם,false,,12.90,0.0358,true,1,5328
7290112964625,false,רוטב שום לייט 5% שומ,אסם,IL,אסם,מיליליטרים,290.00,"100 מ""ל",false,,8.90,0.0307,true,1,5329
7290112965240,false,זוג מרק נמס סוף עגבנ,אסם,IL,אסם,גרמים,44.00,100 גרם,false,,5.50,0.1250,true,1,5340
7290112965288,false,זוג מרק נמס ירקות 30,אסם,IL,אסם,גרמים,30.00,100 גרם,false,,5.50,0.1833,true,1,5342
7290112965301,false,זוג מרק נמס טעם עוף,אסם,IL,אסם,גרמים,38.00,100 גרם,false,,5.50,0.1447,true,1,5343
7290112965660,false,פיטנס חטיף מולטיגריי,,IL,פיטנס חטיף מולטיגריי,גרמים,25.00,100 גרם,false,,4.90,0.1960,true,1,5352
7290112965684,false,פיטנס חטיף מולטיגריי,,IL,פיטנס חטיף מולטיגריי,גרמים,25.00,100 גרם,false,,4.90,0.1960,true,1,5353
7290112965707,false,פיטנס חטיף מולטיגריי,,IL,פיטנס חטיף מולטיגריי,גרמים,25.00,100 גרם,false,,4.90,0.1960,true,1,5354
7290112965868,false,קרם קרקר במליחות מעו,אסם,IL,אסם,גרמים,250.00,100 גרם,false,,8.90,0.0356,true,1,5360
7290112965905,false,בייגלה שמיניות במליח,אסם,IL,אסם,גרמים,400.00,100 גרם,false,,9.90,0.0248,true,1,5362
7290112965943,false,טבעול נאגטס ירקות יר,טבעול ישראל,IL,טבעול נאגטס ירקות יר,גרמים,500.00,100 גרם,false,,29.90,0.0598,true,1,5364
7290112965967,false,טבעול נאגטס ירקות כת,טבעול ישראל,IL,טבעול נאגטס ירקות כת,גרמים,500.00,100 גרם,false,,29.90,0.0598,true,1,5365
7290112965981,false,ארוחת דגנים טבעול גו,טבעול ישראל,IL,ארוחת דגנים טבעול גו,גרמים,450.00,100 גרם,false,,34.90,0.0776,true,1,37209
7290112966001,false,ארוחת ירוקים טבעול ג,טבעול ישראל,IL,ארוחת ירוקים טבעול ג,גרמים,450.00,100 גרם,false,,34.90,0.0776,true,1,37216
7290112966025,false,בייגלה כפיות כפרי 60,אסם,IL,אסם,גרמים,60.00,100 גרם,false,,2.90,0.0483,true,1,5366
7290112966094,false,עוגת הבית תפוז מופחת,אסם,IL,הבית,גרמים,400.00,100 גרם,false,,10.90,0.0273,true,1,5369
7290112966247,false,לחמית כוסמין 200 גרם,אסם,IL,לחמית,גרמים,200.00,100 גרם,false,,9.90,0.0495,true,1,5376
7290112966803,false,פודינג אינסטנט שוקול,אסם,IL,אסם,גרמים,88.00,100 גרם,false,,5.50,0.0625,true,1,5392
7290112967114,false,חטיפי פריכיות דקות פ,אסם,IL,חטיפי פריכיות דקות פ,גרמים,60.00,100 גרם,false,,8.90,0.1483,true,1,5394
7290112967381,false,חטיפי פריכיות דקות פ,אסם,IL,חטיפי פריכיות דקות פ,גרמים,60.00,100 גרם,false,,8.90,0.1483,true,1,5396
7290112967572,false,רוטב ברביקיו 335 גרם,אסם,IL,אסם,גרמים,335.00,100 גרם,false,,8.90,0.0266,true,1,5401
7290112967824,false,אבקת בישולים מיקס קל,אסם,IL,אבקת בישולים מיקס קל,גרמים,200.00,100 גרם,false,,18.90,0.0945,true,1,5407
7290112967848,false,ג'לי תות שדה מופחת ס,אסם,IL,אסם,גרמים,90.00,100 גרם,false,,5.90,0.0656,true,1,5408
7290112968449,false,כרוב אדום צבר 250 גר,צבר,IL,כרוב אדום צבר 250 גר,גרמים,250.00,100 גרם,false,,9.90,0.0396,true,1,5424
7290112968807,false,קרקר דק סלק פיטנס 14,,CO,קרקר דק סלק פיטנס 14,גרמים,140.00,100 גרם,false,,11.90,0.0850,true,1,5432
7290112968821,false,קרקר דק בטטה פיטנס 1,,CO,קרקר דק בטטה פיטנס 1,גרמים,140.00,100 גרם,false,,11.90,0.0850,true,1,5433
7290113190450,false,ממרח תמרים 450 גרם,טעמי הגליל,IL,ירדן,גרמים,450.00,100 גרם,false,,5.90,0.0131,true,1,3716
7290113190757,false,חלבה תלתלים בטעם וני,חיאל עמר שומרון,,חלבה תלתלים בטעם וני,גרמים,300.00,100 גרם,false,,13.90,0.0463,true,1,3717
7290113192300,false,חרוזית מושחר 560 גרם,בית השיטה,IL,בית השיטה,גרמים,560.00,100 גרם,false,,9.90,0.0177,true,1,5464
7290113192317,false,טבעות זיתים מושחרים,בית השיטה,IL,בית השיטה,גרמים,560.00,100 גרם,false,,10.90,0.0195,true,1,5465
7290113192331,false,זית ירוק גדול 340 גר,בית השיטה,IL,בית השיטה,גרמים,340.00,100 גרם,false,,9.90,0.0291,true,1,5466
7290113192348,false,זית מנזולינו טעם שום,בית השיטה,IL,בית השיטה,גרמים,560.00,100 גרם,false,,9.90,0.0177,true,1,5467
7290113192355,false,חרוזית ירוק 560 גרם,בית השיטה,IL,בית השיטה,גרמים,560.00,100 גרם,false,,9.90,0.0177,true,1,5468
7290113192362,false,טבעות זיתים ירוקים 5,בית השיטה,IL,בית השיטה,גרמים,560.00,100 גרם,false,,10.90,0.0195,true,1,5469
7290113192379,false,זיתים ירוקים מבוקעים,בית השיטה,IL,בית השיטה,גרמים,560.00,100 גרם,false,,10.90,0.0195,true,1,5470
7290113192386,false,זית סורי מבוקע 560 ג,בית השיטה,IL,בית השיטה,גרמים,560.00,100 גרם,false,,9.90,0.0177,true,1,5471
7290113192393,false,קוקטייל זיתים 560 גר,בית השיטה,IL,בית השיטה,גרמים,560.00,100 גרם,false,,10.90,0.0195,true,1,5472
7290113192478,false,מלפפון במלח 12-10 56,בית השיטה,IL,בית השיטה,גרמים,560.00,100 גרם,false,,7.50,0.0134,true,1,5476
7290113192485,false,מלפפון בחומץ 12-10 5,בית השיטה,IL,בית השיטה,גרמים,560.00,100 גרם,false,,7.50,0.0134,true,1,5477
7290113192492,false,מלפפון בחומץ 17-13 5,בית השיטה,IL,בית השיטה,גרמים,560.00,100 גרם,false,,10.90,0.0195,true,1,5478
7290113192508,false,מלפפון מלח 17-13 560,בית השיטה,IL,בית השיטה,גרמים,560.00,100 גרם,false,,10.90,0.0195,true,1,5479
7290113192515,false,מלפפון במלח 18-25 56,בית השיטה,IL,בית השיטה,גרמים,560.00,100 גרם,false,,11.90,0.0213,true,1,5480
7290113192522,false,מלפפון בחומץ 25-18 5,בית השיטה,IL,בית השיטה,גרמים,560.00,100 גרם,false,,11.90,0.0213,true,1,5481
7290113192539,false,מלפפון מלח 7-9 560 ג,בית השיטה,IL,בית השיטה,גרמים,560.00,100 גרם,false,,6.50,0.0116,true,1,5482
7290113192546,false,מלפפון בחומץ 9-7 560,בית השיטה,IL,בית השיטה,גרמים,560.00,100 גרם,false,,6.50,0.0116,true,1,5483
7290113192553,false,מלפפון במלח בלאדי 13,בית השיטה,IL,מלפפון במלח בלאדי 13,גרמים,560.00,100 גרם,false,,10.90,0.0195,true,1,5484
7290113192560,false,פלפל שיפקה 560 גרם,בית השיטה,IL,בית השיטה,גרמים,560.00,100 גרם,false,,7.50,0.0134,true,1,5485
7290113192577,false,כרוב כבוש 560 גרם,בית השיטה,IL,בית השיטה,גרמים,560.00,100 גרם,false,,7.50,0.0134,true,1,5486
7290113192881,false,טורטיה חיטה מופחתת ק,,,טורטיה חיטה מופחתת ק,גרמים,270.00,100 גרם,false,,9.90,0.0367,true,1,28152
7290113192997,false,זית שחור יבש בית השי,בית השיטה,IL,זית שחור יבש בית השי,גרמים,340.00,100 גרם,false,,12.90,0.0379,true,1,5488
7290113193017,false,קוקטייל זיתים חרוזית,בית השיטה,IL,קוקטייל זיתים חרוזית,גרמים,560.00,100 גרם,false,,11.90,0.0213,true,1,5490
7290113193031,false,חרוזית קלמטה 560 גרם,בית השיטה,IL,חרוזית קלמטה 560 גרם,גרמים,560.00,100 גרם,false,,11.90,0.0213,true,1,5491
7290113193321,false,בית השיטה שמן זית כת,בית השיטה,IL,בית השיטה שמן זית כת,מיליליטרים,750.00,"100 מ""ל",false,,29.90,0.0399,true,1,5492
7290113193369,false,תרסיס שמן קנולה מזוכ,פוד אירוסולס ספיין,ES,תרסיס שמן קנולה מזוכ,מיליליטרים,150.00,"100 מ""ל",false,,13.90,0.0927,true,1,5493
7290113193406,false,קוקטייל טבעות זיתים,בית השיטה,IL,קוקטייל טבעות זיתים,גרמים,560.00,100 גרם,false,,12.90,0.0230,true,1,5494
7290113193888,false,חצילים מוחמצים 320 ג,בית השיטה עסיס תעשיו,IL,חצילים מוחמצים 320 ג,גרמים,320.00,100 גרם,false,,9.90,0.0309,true,1,5495
7290113196056,false,עוגת קראנץ מאפית,,,עוגת קראנץ מאפית,יחידה,0.00,יחידה,false,,24.90,0.0000,true,1,33939
7290113196063,false,לחם מחמצת מאפית,,,לחם מחמצת מאפית,יח',1.00,יח',false,,16.90,16.9000,true,1,33940
7290113196070,false,חלה מאפית,,,חלה מאפית,יחידה,0.00,יחידה,false,,10.90,0.0000,true,1,33941
7290113196087,false,בגט רוסטיק,,,בגט רוסטיק,יח',1.00,יח',false,,7.90,7.9000,true,1,33942
7290113196094,false,לחם איטלקי,,,לחם איטלקי,יחידה,0.00,יחידה,false,,5.90,0.0000,true,1,33943
7290113196100,false,באגט מאפית,,,באגט מאפית,יחידה,0.00,יחידה,false,,4.50,0.0000,true,1,33944
7290113196117,false,בייגלה מאפית,,,בייגלה מאפית,יחידה,0.00,יחידה,false,,4.30,0.0000,true,1,33955
7290113196124,false,חצי באגט מאפית,,,חצי באגט מאפית,יחידה,0.00,יחידה,false,,3.30,0.0000,true,1,33956
7290113196131,false,לחמניית המבורגר מאפי,,,לחמניית המבורגר מאפי,יחידה,0.00,יחידה,false,,2.90,0.0000,true,1,33957
7290113196148,false,לחמניה מאפית,,,לחמניה מאפית,יחידה,0.00,יחידה,false,,3.70,0.0000,true,1,33958
7290113196155,false,לחמניה מאפית,,,לחמניה מאפית,יחידה,0.00,יחידה,false,,1.90,0.0000,true,1,33959
7290113196179,false,סופגניה מאפית,,,סופגניה מאפית,יחידה,0.00,יחידה,false,,3.90,0.0000,true,1,35401
7290113196186,false,דונאטס א. חלב נוכרי,,,דונאטס א. חלב נוכרי,יחידה,0.00,יחידה,false,,7.90,0.0000,true,1,33960
7290113196254,false,פיתות מאפית עבודת יד,,,פיתות מאפית עבודת יד,יח,10.00,יח,false,,13.50,1.3500,true,1,33962
7290113196292,false,מבצע מאפית 5 שח,,,מבצע מאפית 5 שח,יחידה,0.00,יחידה,false,,5.00,0.0000,true,1,33964
7290113196308,false,מבצע מאפית 10 שח,,,מבצע מאפית 10 שח,יחידה,0.00,יחידה,false,,10.00,0.0000,true,1,33965
7290113196315,false,מבצע מאפית 15 שח,,,מבצע מאפית 15 שח,יחידה,0.00,יחידה,false,,15.00,0.0000,true,1,33966
7290113196322,false,מבצע מאפית 20 שח,,,מבצע מאפית 20 שח,יחידה,0.00,יחידה,false,,20.00,0.0000,true,1,33967
7290113196414,false,"אורז בסמטי 1 ק""ג שקד",דאבה סינג שאם סינג,IN,"אורז בסמטי 1 ק""ג שקד",קילוגרמים,1.00,"ק""ג",false,,9.90,9.9000,true,1,38691
7290113196490,false,פריכיות כוסמת צ'יה ב,זנבר המכללה לטבעונות,IL,פריכיות כוסמת צ'יה ב,גרמים,150.00,100 גרם,false,,9.90,0.0660,true,1,35298
7290113196513,false,פריכיות כוסמת שקדים,זנבר המכללה לטבעונות,IL,פריכיות כוסמת שקדים,גרמים,150.00,100 גרם,false,,9.90,0.0660,true,1,35299
7290113196759,false,ירקות מעורבים 750 גר,בית השיטה עסיס תעשיו,IL,ירקות מעורבים 750 גר,גרמים,750.00,100 גרם,false,,27.90,0.0372,true,1,37605
7290113197800,false,פלפל קלוי 680 גרם בי,,,פלפל קלוי 680 גרם בי,גרמים,680.00,100 גרם,false,,11.90,0.0175,true,1,38070
7290113199323,false,טורטיה מיני 150 גרם,א. אקסולר גידה,TR,טורטיה מיני 150 גרם,גרמים,150.00,100 גרם,false,,4.90,0.0327,true,1,40158
7290113199378,false,פרכיות כוסמת דקות בת,זנבר המכללה לטבעונות,IL,פרכיות כוסמת דקות בת,גרמים,95.00,100 גרם,false,,9.90,0.1042,true,1,40154
7290113199385,false,פרכיות כוסמת דקות בת,זנבר המכללה לטבעונות,IL,פרכיות כוסמת דקות בת,גרמים,100.00,100 גרם,false,,9.90,0.0990,true,1,40152
7290113199880,false,טורטיה בתוספת קמח כו,מוטלוקל,IL,טורטיה בתוספת קמח כו,גרמים,360.00,100 גרם,false,,9.90,0.0275,true,1,39380
7290113251625,false,חלווה פקאן ללס 400 ג,אבו נור,,חלווה פקאן ללס 400 ג,גרמים,400.00,100 גרם,false,,19.90,0.0497,true,1,37639
7290113251632,false,חלווה קקאו ללס 400 ג,אבו נור,,חלווה קקאו ללס 400 ג,גרמים,400.00,100 גרם,false,,19.90,0.0497,true,1,37640
7290113251649,false,חלווה אגוזי מלך ללס,אבו נור,,חלווה אגוזי מלך ללס,גרמים,400.00,100 גרם,false,,19.90,0.0497,true,1,37641
7290113302259,false,חטיף בונזו נאגטס בקר,,,חטיף בונזו נאגטס בקר,גרמים,80.00,100 גרם,false,,12.90,0.1613,true,1,33258
7290113302273,false,חטיף בונזו עצם קלציו,,,חטיף בונזו עצם קלציו,גרמים,80.00,100 גרם,false,,12.90,0.1613,true,1,33260
7290113302341,false,חטיפי בונזו עוף ואור,,,חטיפי בונזו עוף ואור,גרמים,80.00,100 גרם,false,,12.90,0.1613,true,1,33267
7290113303591,false,חטיף בונזו סנוויצוני,,,חטיף בונזו סנוויצוני,גרמים,80.00,100 גרם,false,,12.90,0.1613,true,1,35918
7290113303607,false,חטיף בונזו נגיסי עוף,,,חטיף בונזו נגיסי עוף,גרמים,80.00,100 גרם,false,,12.90,0.1613,true,1,35919
7290113303614,false,חטיף בונזו ברווז,,,חטיף בונזו ברווז,גרמים,80.00,100 גרם,false,,12.90,0.1613,true,1,35920
7290113560055,false,מי פה פרדונטקס 500 מ,G.S.K,GB,פרדונטקס,מיליליטרים,500.00,"100 מ""ל",false,,29.90,0.0598,true,1,10763
7290113560109,false,משחת שיניים פרודונטק,גלקסוסמיתקליין,SK,פרודונטקס,מיליליטרים,75.00,"100 מ""ל",false,,30.90,0.4120,true,1,10765
7290113560277,false,זוג מברשות שיניים סנ,,,זוג מברשות שיניים סנ,יח',2.00,יח',false,,29.90,14.9500,true,1,42122
7290113634770,false,אנטריקוט בורגר 880גר,משתנה,IL,אנטריקוט בורגר 880גר' גור,גרמים,880.00,100 גרם,false,,59.90,0.0681,true,1,27338
7290113634787,false,קציצות אנטריקוט 800ג,משתנה,IL,קציצות אנטריקוט 800גר' גו,גרמים,800.00,100 גרם,false,,54.90,0.0686,true,1,27339
7290113634794,false,נקנקיות מרגז 500גר',משתנה,IL,נקנקיות מרגז 500גר' גורמה,גרמים,500.00,100 גרם,false,,34.90,0.0698,true,1,27340
7290113634848,false,קבב קציצות ביתי 800,משתנה,IL,קבב קציצות ביתי 800גר' גו,גרמים,800.00,100 גרם,false,,54.90,0.0686,true,1,27345
7290113660007,false,"כוס 330 סמ""ק 40 יח'",,,"כוס 330 סמ""ק 40 יח'",יח',40.00,יח',false,,7.90,0.1975,true,1,6345
7290113660090,false,כוס נייר 2.5 אונז אמ,,IL,כוס נייר 2.5 אונז אמ,יח',50.00,יח',false,,4.90,0.0980,true,1,34342
7290113660106,false,כוסות קרטון 50 יח 8B,,,כוסות קרטון 50 יח 8B,יח',50.00,יח',false,,8.90,0.1780,true,1,6346
7290113660595,false,8 יח' מיכל מלבני 650,,,8 יח' מיכל מלבני 650,יח',1.00,יח',false,,14.90,14.9000,true,1,6356
7290113660601,false,7 יח' מיכל מלבני 1 ל,,,7 יח' מיכל מלבני 1 ל,יח',1.00,יח',false,,14.90,14.9000,true,1,6357
7290113660618,false,6 יח' מיכל מלבני 2 ל,,,6 יח' מיכל מלבני 2 ל,יח',1.00,יח',false,,14.90,14.9000,true,1,6358
7290113660625,false,4 יח' מיכל מלבני 2.5,,,4 יח' מיכל מלבני 2.5,יח',1.00,יח',false,,14.90,14.9000,true,1,6359
7290113660700,false,תבניות נייר אפיה אינ,קורקנט,CN,אור שני,יח',2.00,יח',false,,8.90,4.4500,true,1,6360
7290113660779,false,תבנית נייר מאפינס גד,קורקנט,CN,מנגט,יח',12.00,יח',false,,6.90,0.5750,true,1,6363
7290113660786,false,תבנית נייר מאפינס קט,קורקנט,CN,מנגט,יח',12.00,יח',false,,6.90,0.5750,true,1,6364
7290113660793,false,תבנית נייר מאפינס עט,קורקנט,CN,מנגט,יח',12.00,יח',false,,6.90,0.5750,true,1,6365
7290113660816,false,תבניות נייר מלבני 4,G.L.T.D,CN,תבניות נייר מלבני 4,יח',4.00,יח',false,,8.90,2.2250,true,1,6367
7290113660984,false,נייר לעטיפת סנדוויץ',מ.ב.נייר,IL,אמנון ותמר,יח',100.00,יח',false,,8.90,0.0890,true,1,6372
7290113661622,false,"כוס יהלום 250 סמ""ק 4",,,"כוס יהלום 250 סמ""ק 4",יח',40.00,יח',false,,8.90,0.2225,true,1,6418
7290113662124,false,מפת שולחן דקורטיבית,,,מפת שולחן דקורטיבית,יח',1.00,יח',false,,6.90,6.9000,true,1,6428
7290113662353,false,כוסות שתיה קרה ח.פ,,,כוסות שתיה קרה ח.פ,יח,100.00,יח,false,,7.90,0.0790,true,1,6432
7290113662704,false,כפיות מיני לקינוח 40,,,כפיות מיני לקינוח 40,יח,1.00,יח,false,,6.90,6.9000,true,1,35479
7290113662841,false,כוס שיש אור שני 40 י,,,כוס שיש אור שני 40 י,יח',1.00,יח',false,,8.90,8.9000,true,1,35530
7290113662896,false,"צלחות 9"" בייסיק 50 י",,,"צלחות 9"" בייסיק 50 י",יח',50.00,יח',false,,18.90,0.3780,true,1,36979
7290113662919,false,צלחות 9 מתכלות,,,צלחות 9 מתכלות,יח',20.00,יח',false,,15.90,0.7950,true,1,39861
7290113662926,false,צלחות 10 מתכלות,,,צלחות 10 מתכלות,יח',20.00,יח',false,,19.90,0.9950,true,1,39862
7290113663053,false,כוסות קרטון 16 אונז,,,כוסות קרטון 16 אונז,יח,25.00,יח,false,,10.90,0.4360,true,1,39378
7290114310215,false,שמנת מתוקה 38% 250 מ,טרה,IL,טרה,מיליליטרים,250.00,"100 מ""ל",false,,6.40,0.0256,true,1,17945
7290114310239,false,חלב נטול לקטוז מועשר,מילקו,IL,טרה,ליטרים,1.50,ליטר,false,,10.90,7.2667,true,1,17947
7290114310246,false,גרנדה פדנו צ'אנק 125,מחלבת משק צוריאל,IL,צוריאל,גרמים,125.00,100 גרם,false,,18.90,0.1512,true,1,17948
7290114310338,false,צפתית מעודנת 5% בגבי,מחלבת משק צוריאל,IL,משק צוריאל,גרמים,225.00,100 גרם,false,,16.30,0.0724,true,1,17953
7290114310345,false,מו מעדן בטעם תות,טרה,IL,טרה,גרמים,125.00,100 גרם,false,,2.70,0.0216,true,1,17954
7290114310536,false,מולר אקטיב לייט יוגו,מילקו,IL,מולר,מיליליטרים,200.00,"100 מ""ל",false,,5.90,0.0295,true,1,17964
7290114310550,false,פטה עיזים מעודנת 5%,מחלבת משק צוריאל,IL,פטה עיזים מעודנת 5%,גרמים,200.00,100 גרם,false,,23.90,0.1195,true,1,17966
7290114310611,false,משקה חלב בננה בבקבוק,טרה,IL,טרה,מיליליטרים,250.00,"100 מ""ל",false,,5.30,0.0212,true,1,17972
7290114310628,false,משקה חלב בטעם וניל ע,טרה,IL,טרה,ליטרים,1.00,ליטר,false,,11.00,11.0000,true,1,17973
7290114310895,false,מאגדת שמינייה מנגו ו,טרה,IL,MULLER,קילוגרמים,1.20,"ק""ג",false,,29.90,24.9167,true,1,34843
7290114311014,false,משקה אייס קפוצ'ינו 2,טרה,IL,טרה,מיליליטרים,250.00,"100 מ""ל",false,,5.30,0.0212,true,1,37739
7290114311038,false,שמנת מתוקה להקצפה 32,טרה,IL,שמנת מתוקה להקצפה 32,מיליליטרים,250.00,"100 מ""ל",false,,6.90,0.0276,true,1,37752
7290114311069,false,Muller Active יוגורט,מילקו,IL,מולר,גרמים,200.00,100 גרם,false,,5.50,0.0275,true,1,36962
7290114311076,false,מולר חמאה עם שום 200,מולר,IL,מולר חמאה עם שום 200,גרמים,200.00,100 גרם,false,,11.90,0.0595,true,1,37741
7290114311304,false,Muller Froop מנגו פס,טרה,IL,MULLER,גרמים,150.00,100 גרם,false,,4.80,0.0320,true,1,40053
7290114311359,false,Muller Froop תות 150,טרה,IL,MULLER,גרמים,150.00,100 גרם,false,,4.80,0.0320,true,1,40054
7290114311458,false,חלב3 ליטר מועשר ויטמ,טרה,IL,חלב טרה,ליטרים,1.00,ליטר,false,,7.40,7.4000,true,1,41025
7290114600927,false,*מבצע* מאסטר שף עלי,אלקאטי קורביישיסי,TR,מאסטר שף,גרמים,320.00,100 גרם,false,,7.90,0.0247,true,1,23405
7290114600941,false,מאסטר שף מיונז לחיץ,Remia,NL,מאסטר שף,מיליליטרים,435.00,"100 מ""ל",false,,12.90,0.0297,true,1,23406
7290114604925,false,קרם קוקוס לייט מאסטר,תאי קוקנאט קו לטידי,TH,מנה מאסטר שף,מיליליטרים,400.00,"100 מ""ל",false,,8.90,0.0223,true,1,35051
7290114604932,false,*מבצע* רוטב ברביקיו,Remia,NL,*מבצע* רוטב ברביקיו,גרמים,520.00,100 גרם,false,,10.90,0.0210,true,1,35059
7290114604963,false,מאסטר שף פירורים מתו,EinatFood,IL,מנה,גרמים,230.00,100 גרם,false,,6.90,0.0300,true,1,23427
7290114605571,false,תבניות מתקפלות קוקי,כרמל פרנקל,IL,תבניות מתקפלות קוקי,יח',1.00,יח',false,,9.90,9.9000,true,1,37464
7290114606387,false,*מבצע* משחת שיניים א,קולגייט פלמוליב,PL,*מבצע* משחת שיניים א,מיליליטרים,150.00,"100 מ""ל",false,,39.90,0.2660,true,1,23428
7290114606530,false,מאסטר שף רוטב בטעם מ,Remia,NL,מאסטר שף,גרמים,515.00,100 גרם,false,,12.90,0.0250,true,1,23429
7290114606547,false,מאסטר שף מיונז עם פט,Remia,NL,מאסטר שף,גרמים,242.00,100 גרם,false,,12.90,0.0533,true,1,23430
7290114606578,false,שקדי מרק מאסטר שף 40,מנה,IL,שקדי מרק מאסטר שף 40,גרמים,400.00,100 גרם,false,,10.90,0.0273,true,1,34822
7290114608640,false,קרוטונים כוסמין לסלט,עינת תעשיות מזון אגו,IL,קרוטונים כוסמין לסלט,גרמים,260.00,100 גרם,false,,19.90,0.0765,true,1,34769
7290115200003,false,פתי בר פינוקי וניל 2,אסם,PL,אסם,גרמים,220.00,100 גרם,false,,9.90,0.0450,true,1,5505
7290115200027,false,פתי בר פינוקי שוקו 2,אסם,PL,אסם,גרמים,220.00,100 גרם,false,,9.90,0.0450,true,1,5506
7290115200676,false,קרמוגית במילוי קרמל,אסם,IL,אסם,גרמים,200.00,100 גרם,false,,9.90,0.0495,true,1,5512
7290115200782,false,חמישיית פיתות מאפית,,,חמישיית פיתות מאפית,יח,5.00,יח,false,,6.90,1.3800,true,1,34265
7290115200881,false,בייגלה שטוחים שומשום,אסם,IL,אסם,גרמים,300.00,100 גרם,false,,10.90,0.0363,true,1,5517
7290115201031,false,פתי בר דובי שוקולד 1,אסם,PL,אסם,גרמים,175.00,100 גרם,false,,9.90,0.0566,true,1,5519
7290115201680,false,ביסלי ברביקיו 70 גרם,אסם,IL,ביסלי,גרמים,67.00,100 גרם,false,,3.90,0.0582,true,1,5525
7290115201703,false,ביסלי ברביקיו 200 גר,אסם,IL,ביסלי,גרמים,200.00,100 גרם,false,,6.90,0.0345,true,1,5526
7290115202236,false,טופו קראנצים טבעול 4,טבעול ישראל,IL,טופו קראנצים טבעול 4,גרמים,470.00,100 גרם,false,,29.90,0.0636,true,1,35826
7290115202250,false,טופו קראנצים פיקנטי,טבעול ישראל,IL,טופו קראנצים פיקנטי,גרמים,470.00,100 גרם,false,,29.90,0.0636,true,1,35827
7290115202434,false,חומוס צבר עם זעתר 37,צבר,IL,סלטי צבר,גרמים,375.00,100 גרם,false,,11.90,0.0317,true,1,5532
7290115202786,false,מנה חמה פאוצ' נודלס,אסם,IL,מנה חמה פאוצ' נודלס,גרמים,70.00,100 גרם,false,,3.90,0.0557,true,1,5536
7290115202816,false,מנה חמה פאוצ' נודלס,אסם,IL,מנה חמה פאוצ' נודלס,גרמים,70.00,100 גרם,false,,3.90,0.0557,true,1,5537
7290115202847,false,מנה חמה פאוצ' נודלס,אסם,IL,מנה חמה פאוצ' נודלס,גרמים,70.00,100 גרם,false,,3.90,0.0557,true,1,5538
7290115202939,false,מנה חמה רייס נודלס,תאי פרזידנט מזון,TH,מנה חמה רייס נודלס,גרמים,50.00,100 גרם,false,,6.90,0.1380,true,1,35958
7290115203134,false,פופקו במבה 80 גרם,אסם,IL,פופקו,גרמים,80.00,100 גרם,false,,4.50,0.0563,true,1,5540
7290115203172,false,במבה פרו 80 גרם,אסם,IL,במבה,גרמים,80.00,100 גרם,false,,3.90,0.0487,true,1,41232
7290115203486,false,פירורית בטעם ביסלי ג,עינת תעשיות מזון אגו,IL,אסם,גרמים,200.00,100 גרם,false,,5.90,0.0295,true,1,5547
7290115203806,false,רוטב בסיסי לבישול 29,אסם,IL,אסם,מיליליטרים,290.00,"100 מ""ל",false,,12.90,0.0445,true,1,35412
7290115203905,false,עשריית פיתות כוסמין,,,עשריית פיתות כוסמין,יח,10.00,יח,false,,15.00,1.5000,true,1,36640
7290115204056,false,קטשופ מופחת סוכר 690,אסם,IL,אסם,גרמים,690.00,100 גרם,false,,9.90,0.0143,true,1,5553
7290115204131,false,סחוג ירוק צבר 190 גר,צבר,IL,סחוג ירוק צבר 190 גר,גרמים,190.00,100 גרם,false,,10.90,0.0574,true,1,36647
7290115204155,false,סחוג אדום צבר 190 גר,צבר,IL,סחוג אדום צבר 190 גר,גרמים,190.00,100 גרם,false,,10.90,0.0574,true,1,36648
7290115205176,false,קרקר דק כפרי פיטנס 1,,CO,קרקר דק כפרי פיטנס 1,גרמים,140.00,100 גרם,false,,11.90,0.0850,true,1,35584
7290115205251,false,פיטנס בר פריכיות קרמ,,,פיטנס בר פריכיות קרמ,גרמים,84.00,100 גרם,false,,11.90,0.1417,true,1,42331
7290115205312,false,קרקר דק זיתים פיטנס,,CO,קרקר דק זיתים פיטנס,גרמים,140.00,100 גרם,false,,11.90,0.0850,true,1,38057
7290115205527,false,פיטנס חטיף מולטיגריי,,IL,פיטנס חטיף מולטיגריי,גרמים,25.00,100 גרם,false,,4.90,0.1960,true,1,39811
7290115205633,false,נקניקיות טבעול סנסשי,טבעול צ'כיה,,נקניקיות טבעול סנסשי,גרמים,350.00,100 גרם,false,,34.90,0.0997,true,1,36847
7290115205695,false,בצק מצונן לפיצה בונז,נסטלה,CH,בצק מצונן לפיצה בונז,גרמים,510.00,100 גרם,false,,17.90,0.0351,true,1,36748
7290115205718,false,בצק מצונן עלים בונז',נסטלה,CH,בצק מצונן עלים בונז',גרמים,251.00,100 גרם,false,,14.90,0.0594,true,1,36749
7290115207163,false,פרפקטו ניוקי בזיליקו,איטלניוקי,IT,פרפקטו,גרמים,500.00,100 גרם,false,,10.90,0.0218,true,1,36546
7290115207484,false,צבר חציל על האש 360,צבר,IL,סלטי צבר,גרמים,360.00,100 גרם,false,,14.90,0.0414,true,1,36548
7290115207507,false,צבר סלט טורקי 360 גר,צבר,IL,סלטי צבר,גרמים,360.00,100 גרם,false,,14.90,0.0414,true,1,36549
7290115207620,false,רוטב סויה קלאסי 290,אסם,IL,אסם,מיליליטרים,290.00,"100 מ""ל",false,,12.90,0.0445,true,1,38068
7290115207798,false,בורגר חריף טבעוני טב,טבעול ישראל,IL,בורגר חריף טבעוני טב,גרמים,420.00,100 גרם,false,,29.90,0.0712,true,1,37461
7290115207941,false,ויטמינציק אננס 1 ליט,אסם,IL,ויטמינציק אננס 1 ליט,ליטרים,1.00,ליטר,false,,21.90,21.9000,true,1,36657
7290115207989,false,ויטמינציק לימון 1 לי,אסם,IL,ויטמינציק לימון 1 לי,ליטרים,1.00,ליטר,false,,21.90,21.9000,true,1,36661
7290115208009,false,ויטמינציק ענבים 1 לי,אסם,IL,ויטמינציק ענבים 1 לי,ליטרים,1.00,ליטר,false,,21.90,21.9000,true,1,36658
7290115208047,false,ויטמינציק פטל  1 ליט,אסם,IL,ויטמינציק פטל  1 ליט,ליטרים,1.00,ליטר,false,,21.90,21.9000,true,1,36659
7290115208061,false,ויטמינציק תפוח 1 ליט,אסם,IL,ויטמינציק תפוח 1 ליט,ליטרים,1.00,ליטר,false,,21.90,21.9000,true,1,36662
7290115208344,false,בייגלה כפיות שמנת בצ,אסם,IL,אסם,גרמים,300.00,100 גרם,false,,10.90,0.0363,true,1,41235
7290115208597,false,קרמוגית מיניס קרמל מ,אסם,IL,אסם,גרמים,200.00,100 גרם,false,,9.90,0.0495,true,1,40030
7290115208801,false,לחמית דבש ואגוזים 19,אסם,IL,לחמית,גרמים,190.00,100 גרם,false,,9.90,0.0521,true,1,41236
7290115209198,false,במבה אוורירית 80 גרם,אסם,IL,במבה,גרמים,80.00,100 גרם,false,,3.90,0.0487,true,1,39815
7290115209235,false,פתי בר קפה 500 גרם,אסם,IL,אסם,גרמים,500.00,100 גרם,false,,9.90,0.0198,true,1,42333
7290115400274,false,*מבצע* מיני דובשניות,קפולסקי א.ד.ל.,IL,*מבצע* מיני דובשניות,גרמים,400.00,100 גרם,false,,8.90,0.0223,true,1,41933
7290115405774,false,פחזניות ממולאות בטעם,קפולסקי א.ד.ל.,IL,פחזניות ממולאות בטעם,גרמים,180.00,100 גרם,false,,13.90,0.0772,true,1,38865
7290115405781,false,פחזניות ממולאות בטעם,קפולסקי א.ד.ל.,IL,פחזניות ממולאות בטעם,גרמים,180.00,100 גרם,false,,13.90,0.0772,true,1,38866
7290115405798,false,פחזניות ממולאות בטעם,קפולסקי א.ד.ל.,IL,פחזניות ממולאות בטעם,גרמים,180.00,100 גרם,false,,13.90,0.0772,true,1,38867
7290115405811,false,קינוח אישי גבינה פיר,קפולסקי א.ד.ל.,IL,קפולסקי,גרמים,200.00,100 גרם,false,,14.90,0.0745,true,1,39366
7290115405828,false,קינוח אישי גבינה אוכ,קפולסקי א.ד.ל.,IL,קפולסקי,גרמים,200.00,100 גרם,false,,14.90,0.0745,true,1,39367
7290115670691,false,גרנולה שיבולת שועל ע,אמקו ספול אס,CZ,גרנולה שיבולת שועל ע,גרמים,400.00,100 גרם,false,,13.90,0.0348,true,1,35955
7290115670707,false,גרנולה שוקולד ואגוזי,אמקו ספול אס,CZ,גרנולה שוקולד ואגוזי,גרמים,400.00,100 גרם,false,,13.90,0.0348,true,1,16784
7290115671155,false,שלשיית סוכריות פרש ע,הליקון גידה,TR,עלית,גרמים,45.00,100 גרם,false,,7.90,0.1756,true,1,36469
7290115671223,false,צנצנת מסטיק מאסט פאן,שטראוס גרופ,IL,עלית,גרמים,58.00,100 גרם,false,,9.90,0.1707,true,1,36470
7290115671339,false,מיני פינוקיות בראוני,הגביע,IL,עלית,גרמים,180.00,100 גרם,false,,9.90,0.0550,true,1,36426
7290115671346,false,מיני פינוקיות טופי ק,הגביע,IL,עלית,גרמים,180.00,100 גרם,false,,9.90,0.0550,true,1,36427
7290115671353,false,מיני פינוקיות שחור ל,הגביע,IL,עלית,גרמים,180.00,100 גרם,false,,9.90,0.0550,true,1,36428
7290115671421,false,פולי אספרסו עשירים 1,שטראוס קפה בי.וי,IL,פולי אספרסו עשירים 1,גרמים,250.00,100 גרם,false,,21.90,0.0876,true,1,37314
7290115675696,false,*מבצע* קוואקר אגוזים,BEVERAGES FOODS & SE,US,קוואקר,גרמים,375.00,100 גרם,false,,16.90,0.0451,true,1,34519
7290115675702,false,*מבצע* קוואקר פירות,BEVERAGES FOODS & SE,US,קוואקר,גרמים,375.00,100 גרם,false,,16.90,0.0451,true,1,34520
7290115676037,false,דנונה ריפרש תות דומד,שטראוס,IL,דנונה ריפרש תות דומד,גרמים,250.00,100 גרם,false,,5.50,0.0220,true,1,18926
7290115676051,false,"משקה אקטיביה עם ש""ש",שטראוס גרופ,IL,שטראוס,גרמים,265.00,100 גרם,false,,4.90,0.0185,true,1,35517
7290115676082,false,משקה דנונה פרו 20 תו,שטראוס,IL,משקה דנונה פרו 20 תו,גרמים,255.00,100 גרם,false,,6.90,0.0271,true,1,18928
7290115676099,false,משקה דנונה פרו 20 ונ,שטראוס,IL,משקה דנונה פרו 20 ונ,גרמים,255.00,100 גרם,false,,6.90,0.0271,true,1,18929
7290115677089,false,קונפיטורת תפוח וקינמ,"בית אל מזון בע""מ",IL,יד מרדכי,גרמים,340.00,100 גרם,false,,11.90,0.0350,true,1,34787
7290115677362,false,*מבצע* נודלס טריאקי,ניר עציון,IL,*מבצע* נודלס טריאקי,גרמים,350.00,100 גרם,false,,21.90,0.0626,true,1,35763
7290115677423,false,*מבצע* אורז קארי ירו,ניר עציון,IL,*מבצע* אורז קארי ירו,גרמים,350.00,100 גרם,false,,21.90,0.0626,true,1,35765
7290115677966,false,ממרח אבוקדו,ג'י. אר. סימפלוט,MX,ממרח אבוקדו,גרמים,200.00,100 גרם,false,,14.90,0.0745,true,1,35077
7290115678222,false,מארז יוגורט יווני שמ,שטראוס,IL,מארז יוגורט יווני שמ,גרמים,1040.00,100 גרם,false,,24.90,0.0239,true,1,18945
7290115678376,false,מעדן הגולן שוקולד 12,שטראוס,IL,מעדן הגולן שוקולד 12,גרמים,125.00,100 גרם,false,,2.90,0.0232,true,1,34629
7290115678383,false,מעדן הגולן שוקולד מר,שטראוס,IL,מעדן הגולן שוקולד מר,גרמים,125.00,100 גרם,false,,2.90,0.0232,true,1,34630
7290115678598,false,חסה אייסברג חתוך גס,שטראוס גרופ,IL,שטראוס,גרמים,300.00,100 גרם,false,,9.90,0.0330,true,1,35521
7290115678635,false,נשנושי גבינה 16% עם,טבע עז,IL,נשנושי גבינה 16% עם,גרמים,67.00,100 גרם,false,,9.90,0.1478,true,1,40050
7290115678642,false,נשנושי גבינה 16% עם,טבע עז,IL,נשנושי גבינה 16% עם,גרמים,67.00,100 גרם,false,,9.90,0.1478,true,1,40051
7290116071534,false,כבל 2M TYPE C NEW VI,,,כבל 2M TYPE C NEW VI,יחידה,0.00,יחידה,false,,29.90,0.0000,true,1,26870
7290116071572,false,אוזניה NEW VIMAX דגם,,,אוזניה NEW VIMAX דגם,יחידה,0.00,יחידה,false,,19.90,0.0000,true,1,26874
7290116071589,false,אוזניה NEW VIMAX דגם,,,אוזניה NEW VIMAX דגם,יחידה,0.00,יחידה,false,,24.90,0.0000,true,1,26875
7290116071756,false,מטען רכב NEW VIMAX ר,,,מטען רכב NEW VIMAX ר,יחידה,0.00,יחידה,false,,24.90,0.0000,true,1,26892
7290116513997,false,גרבי גבר חמישיה,,,גרבי גבר חמישיה,1,5.00,1,false,,9.90,1.9800,true,1,43259
7290116514000,false,גרבי נשים חמישיה,,,גרבי נשים חמישיה,1,5.00,1,false,,9.90,1.9800,true,1,43253
7290116514918,false,גרבי גבר חורף,,,גרבי גבר חורף,1,2.00,1,false,,19.90,9.9500,true,1,43248
7290116514925,false,גרבי גבר חורף,,,גרבי גבר חורף,1,2.00,1,false,,19.90,9.9500,true,1,43249
7290116514956,false,גרבי נשים חורף,,,גרבי נשים חורף,1,2.00,1,false,,19.90,9.9500,true,1,43250
7290116514963,false,גרבי נשים חורף,,,גרבי נשים חורף,1,2.00,1,false,,19.90,9.9500,true,1,43251
7290116514987,false,גרבי נשים חורף,,,גרבי נשים חורף,1,2.00,1,false,,19.90,9.9500,true,1,43252
7290116530062,false,הלמנ'ס רוטב ויניגרט,אתר חיפה ממרחים - Fo,IL,HELLMANNS,גרמים,295.00,100 גרם,false,,9.90,0.0336,true,1,34312
7290116530161,false,פינוק תחליב רחצה שיי,אתר ליוור - HPC,IL,PINUK,מיליליטרים,700.00,"100 מ""ל",false,,9.90,0.0141,true,1,20969
7290116530185,false,*מבצע* דלישקד תלמה 4,אתר שפע - Food,IL,TELMA,גרמים,400.00,100 גרם,false,,19.90,0.0497,true,1,34888
7290116530482,false,מארז קורנפלקס של אלו,תלמה,IL,מארז קורנפלקס של אלו,גרמים,150.00,100 גרם,false,,12.90,0.0860,true,1,34887
7290116530871,false,נשנושים מיקס 240 גרם,אתר בייגל - Food,IL,B&B,גרמים,240.00,100 גרם,false,,11.90,0.0496,true,1,20977
7290116531069,false,*מבצע* מרק בצל קנור,יוניליוור,IL,*מבצע* מרק בצל קנור,גרמים,225.00,100 גרם,false,,14.90,0.0662,true,1,36362
7290116531083,false,ברנפלקס ללא תוספת סו,אתר שפע - Food,IL,TELMA,גרמים,500.00,100 גרם,false,,19.90,0.0398,true,1,35670
7290116531090,false,חטיף אפוי במליחות עד,בייגל את בייגל מזון,IL,חטיף אפוי במליחות עד,גרמים,250.00,100 גרם,false,,9.90,0.0396,true,1,36364
7290116531243,false,שמפו  ומרכך 2ב1  למנ,אתר ליוור - HPC,IL,פינוק,מיליליטרים,700.00,"100 מ""ל",false,,11.90,0.0170,true,1,35819
7290116531496,false,דגנים פריכים מצופים,נבסיז,LT,דגנים פריכים מצופים,גרמים,375.00,100 גרם,false,,19.90,0.0531,true,1,37258
7290116531557,false,מאגדת פתית פריכיות ת,גוד פוד פרודקטס,PL,מאגדת פתית פריכיות ת,גרמים,150.00,100 גרם,false,,11.90,0.0793,true,1,36525
7290116531564,false,מאגדת פתית פריכיות ק,גוד פוד פרודקטס,PL,מאגדת פתית פריכיות ק,גרמים,150.00,100 גרם,false,,11.90,0.0793,true,1,36526
7290116531762,false,*מבצע* בדין דפי מרכך,"קלינטסט - 3p ארה""ב",US,BADIN,יח',40.00,יח',false,,14.90,0.3725,true,1,36527
7290116531779,false,*מבצע* בדין דפי מרכך,"קלינטסט - 3p ארה""ב",US,BADIN,יח',40.00,יח',false,,14.90,0.3725,true,1,36529
7290116531793,false,רוטב לסלט קיסר הלמנ',אתר חיפה ממרחים - Fo,IL,HELLMANNS,גרמים,295.00,100 גרם,false,,9.90,0.0336,true,1,35680
7290116531830,false,כריות קינמון 686 גרם,אתר שפע - Food,IL,TELMA,גרמים,686.00,100 גרם,false,,23.90,0.0348,true,1,35927
7290116531885,false,מיונז טבעוני הלמנס 5,יוניליוור,IL,מיונז טבעוני הלמנס 5,גרמים,500.00,100 גרם,false,,12.90,0.0258,true,1,40803
7290116531892,false,רוטב ברביקיו מעושן י,אתר חיפה  778 - Food,IL,KNORR,גרמים,350.00,100 גרם,false,,9.90,0.0283,true,1,37255
7290116531939,false,קרמיסימו גלידונית 60,גלידות שטראוס,IL,קרמיסימו,מיליליטרים,955.00,"100 מ""ל",false,,49.90,0.0523,true,1,38280
7290116532219,false,קורנפלקס תות 448 גרם,אתר שפע - Food,IL,TELMA,גרמים,448.00,100 גרם,false,,17.90,0.0400,true,1,38083
7290116532240,false,קליק טבלאות עם שוקול,,,קליק טבלאות עם פצפוצים,גרמים,85.00,100 גרם,false,,4.90,0.0576,true,1,38084
7290116532264,false,מאגדת גודיז פרי אפרס,גלידות שטראוס,IL,שטראוס,גרמים,300.00,100 גרם,false,,21.90,0.0730,true,1,38281
7290116532387,false,אל סבון ידיים פינוק,אתר ליוור - HPC,IL,אל סבון ידיים פינוק,מיליליטרים,950.00,"100 מ""ל",false,,11.90,0.0125,true,1,37526
7290116532479,false,גלידת פיינט קליק שוק,גלידות שטראוס,IL,גלידת פיינט קליק שוק,מיליליטרים,520.00,"100 מ""ל",false,,21.90,0.0421,true,1,39548
7290116532486,false,גלידת פיינט קליק וני,גלידות שטראוס,IL,גלידת פיינט קליק וני,מיליליטרים,520.00,"100 מ""ל",false,,21.90,0.0421,true,1,39549
7290116532585,false,ברנפלקס קרנצים דבש ו,אתר שפע - Food,IL,TELMA,גרמים,375.00,100 גרם,false,,19.90,0.0531,true,1,38493
7290116532721,false,הלמנס לסלט לימון וזע,אתר חיפה ממרחים - Fo,IL,HELLMANNS,גרמים,295.00,100 גרם,false,,9.90,0.0336,true,1,41393
7290116532738,false,הלמנס לסלט רוטב איטל,אתר חיפה ממרחים - Fo,IL,HELLMANNS,גרמים,295.00,100 גרם,false,,9.90,0.0336,true,1,41394
7290116532769,false,גרנולה פרוטאין תפוח,תלמה,IL,גרנולה פרוטאין תפוח,גרמים,300.00,100 גרם,false,,15.90,0.0530,true,1,40798
7290116533063,false,שוגי קרטיב ענבים 400,אתר שפע - Food,IL,TELMA,גרמים,400.00,100 גרם,false,,19.90,0.0497,true,1,39057
7290116533216,false,*מבצע* מרק ירקות קנו,יוניליוור,IL,*מבצע* מרק ירקות קנו,גרמים,235.00,100 גרם,false,,14.90,0.0634,true,1,41395
7290116850146,false,משחיז סכינים,,,משחיז סכינים,יח',1.00,יח',false,,24.90,24.9000,true,1,35484
7290116850252,false,מסננת סיליקון עגולה,,,מסננת סיליקון עגולה,יח',1.00,יח',false,,16.90,16.9000,true,1,31924
7290116850566,false,פורס ביצים,,,פורס ביצים,יח',1.00,יח',false,,13.90,13.9000,true,1,35492
7290116850597,false,סכין שף קצר,,,סכין שף קצר,יח',1.00,יח',false,,9.90,9.9000,true,1,35846
7290116851365,false,יעה+מקל,,,יעה+מקל,יח',1.00,יח',false,,13.90,13.9000,true,1,36403
7290116851785,false,סוחט לימונים ידני,,,סוחט לימונים ידני,יח',1.00,יח',false,,24.90,24.9000,true,1,39444
7290116851808,false,מברשת אסלה גומי עם מ,,,מברשת אסלה גומי עם מ,יח',1.00,יח',false,,39.90,39.9000,true,1,41063
7290116851815,false,מברשת אסלה גומי עם מ,,,מברשת אסלה גומי עם מ,יח',1.00,יח',false,,39.90,39.9000,true,1,41064
7290116930282,false,ארוחה בקטנה לאבנה עם,תנובה,IL,ארוחה בקטנה לאבנה עם,גרמים,150.00,100 גרם,false,,7.50,0.0500,true,1,40642
7290116930435,false,יוגורט גו סמיך 0% דו,תנובה,IL,יוגורט גו סמיך 0% דו,גרמים,200.00,100 גרם,false,,5.90,0.0295,true,1,37853
7290116930442,false,יופלה שייק בננה מנגו,תנובה,IL,יופלה שייק בננה מנגו,מיליליטרים,230.00,"100 מ""ל",false,,7.90,0.0343,true,1,38889
7290116930459,false,יופלה שייק מנגו בננה,קבוצת המזון אקטשלאר,IL,יופלה שייק מנגו בננה,מיליליטרים,230.00,"100 מ""ל",false,,7.90,0.0343,true,1,38890
7290116930466,false,יופלה שייק מנגו בננה,קבוצת המזון אקטשלאר,IL,יופלה שייק מנגו בננה,מיליליטרים,230.00,"100 מ""ל",false,,7.90,0.0343,true,1,38891
7290116930480,false,יופלה שייק בננה קיוו,קבוצת המזון אקטשלאר,IL,יופלה שייק בננה קיוו,מיליליטרים,230.00,"100 מ""ל",false,,7.90,0.0343,true,1,38892
7290116930626,false,ארוחה בקטנה ציזיקי ע,תנובה,IL,ארוחה בקטנה ציזיקי ע,גרמים,150.00,100 גרם,false,,7.50,0.0500,true,1,40643
7290116930701,false,מעדן חלב גו בטעם קרמ,תנובה,IL,מעדן חלב גו בטעם קרמ,גרמים,120.00,100 גרם,false,,4.50,0.0375,true,1,38893
7290116930725,false,סויה BIO קוקוס גביע,תנובה,IL,סויה BIO קוקוס גביע,גרמים,150.00,100 גרם,false,,4.20,0.0280,true,1,41276
7290116931081,false,מעדן סויה בטעם טופי,תנובה,IL,תנובה,מיליליטרים,125.00,"100 מ""ל",false,,3.70,0.0296,true,1,41098
7290116931104,false,יוגורט גו סמיך 0% אנ,תנובה,IL,יוגורט גו סמיך 0% אנ,גרמים,200.00,100 גרם,false,,5.90,0.0295,true,1,40644
7290117030752,false,מארז תבניות אלומיניו,,,מארז תבניות אלומיניו,יח',7.00,יח',false,,6.90,0.9857,true,1,40742
7290117030769,false,מארז תבניות אלומיניו,,,מארז תבניות אלומיניו,יח',7.00,יח',false,,6.90,0.9857,true,1,40743
7290117030776,false,מארז תבניות אלומיניו,,,מארז תבניות אלומיניו,יח',7.00,יח',false,,6.90,0.9857,true,1,40744
7290117030783,false,מארז תבניות אלומיניו,,,מארז תבניות אלומיניו,יח',4.00,יח',false,,6.90,1.7250,true,1,40745
7290117030790,false,מארז תבניות אלומיניו,,,מארז תבניות אלומיניו,יח',10.00,יח',false,,6.90,0.6900,true,1,40746
7290117030813,false,מארז תבניות אלומיניו,,,מארז תבניות אלומיניו,יח',4.00,יח',false,,6.90,1.7250,true,1,40748
7290117030820,false,מארז תבניות אלומיניו,,,מארז תבניות אלומיניו,יח',4.00,יח',false,,6.90,1.7250,true,1,40749
7290117031506,false,כוסות נייר 40 יח' 8B,,,כוסות נייר 40 יח' 8B,יח',40.00,יח',false,,7.90,0.1975,true,1,41931
7290117031513,false,כוסות נייר גודל 10 4,,,כוסות נייר גודל 10 4,יח',40.00,יח',false,,11.90,0.2975,true,1,38884
7290117031537,false,כוסות נייר גודל 16 4,,,כוסות נייר גודל 16 4,יח',40.00,יח',false,,17.90,0.4475,true,1,38885
7290117031544,false,כוסות נייר גודל 4 40,,,כוסות נייר גודל 4 40,יח',40.00,יח',false,,6.90,0.1725,true,1,38886
7290117031742,false,קערית אובלית חושן שק,,,קערית אובלית חושן שק,יח',8.00,יח',false,,7.90,0.9875,true,1,41185
7290117031766,false,קערית אובלית חושן שח,,,קערית אובלית חושן שח,יח',8.00,יח',false,,7.90,0.9875,true,1,41159
7290117031780,false,צלחת בינוני חושן שקו,,,צלחת בינוני חושן שקו,יח',8.00,יח',false,,9.90,1.2375,true,1,41161
7290117031803,false,צלחת בינוני חושן שחו,,,צלחת בינוני חושן שחו,יח',8.00,יח',false,,9.90,1.2375,true,1,41162
7290117031827,false,צלחת גדולה חושן שקוף,,,צלחת גדולה חושן שקוף,יח',8.00,יח',false,,14.90,1.8625,true,1,41145
7290117031858,false,צלחת ענקית חושן לבן,,,צלחת ענקית חושן לבן,יח',8.00,יח',false,,18.90,2.3625,true,1,41147
7290117031865,false,צלחת ענקית חושן שקוף,,,צלחת ענקית חושן שקוף,יח',8.00,יח',false,,18.90,2.3625,true,1,41148
7290117032008,false,מזלגות איכותי 40 יח,,,מזלגות איכותי 40 יח,יח',40.00,יח',false,,5.90,0.1475,true,1,40814
7290117032015,false,מזלגות איכותי 40 יח,,,מזלגות איכותי 40 יח,יח',40.00,יח',false,,5.90,0.1475,true,1,40815
7290117032046,false,סכינים איכותי 40 יח,,,סכינים איכותי 40 יח,יח',40.00,יח',false,,5.90,0.1475,true,1,40818
7290117032060,false,כפות איכותי 40 יח קר,,,כפות איכותי 40 יח קר,יח',40.00,יח',false,,5.90,0.1475,true,1,40820
7290117032077,false,כפות איכותי 40 יח שק,,,כפות איכותי 40 יח שק,יח',40.00,יח',false,,5.90,0.1475,true,1,40821
7290117032091,false,כפיות איכותי 40 יח ק,,,כפיות איכותי 40 יח ק,יח',40.00,יח',false,,5.90,0.1475,true,1,40823
7290117032107,false,כפיות איכותי 40 יח ש,,,כפיות איכותי 40 יח ש,יח',40.00,יח',false,,5.90,0.1475,true,1,40824
7290117032589,false,צלחת גדולה 60 יח' לב,,,צלחת גדולה 60 יח' לב,יח',60.00,יח',false,,22.90,0.3817,true,1,41932
7290117032596,false,צלחת גדולה 60 יח' קר,,,צלחת גדולה 60 יח' קר,יח',60.00,יח',false,,22.90,0.3817,true,1,42142
7290117035009,false,גרעיני תירס לפופקורן,איי אס טי פופקורן,BG,גרעיני תירס לפופקורן,גרמים,500.00,100 גרם,false,,9.90,0.0198,true,1,39563
7290117035016,false,גרעיני תירס לפופקורן,איי אס טי פופקורן,BG,גרעיני תירס לפופקורן,גרמים,500.00,100 גרם,false,,9.90,0.0198,true,1,39564
7290117260098,false,חטיף גבינה לבנה בטעם,ז'ייאסבי,LT,חטיף גבינה לבנה בטעם,גרמים,120.00,100 גרם,false,,14.90,0.1242,true,1,40867
7290117260104,false,חטיף גבינה לבנה בטעם,ז'ייאסבי,LT,חטיף גבינה לבנה בטעם,גרמים,120.00,100 גרם,false,,14.90,0.1242,true,1,40868
7290117260111,false,חטיף גבינה לבנה בטעם,ז'ייאסבי,LT,חטיף גבינה לבנה בטעם,גרמים,120.00,100 גרם,false,,14.90,0.1242,true,1,40869
7290117260449,false,*מבצע* גבינה בולגרית,"חת""ס",IL,*מבצע* גבינה בולגרית,גרמים,200.00,100 גרם,false,,9.90,0.0495,true,1,37956
7290117260456,false,*מבצע* גבינה בולגרית,"חת""ס",IL,*מבצע* גבינה בולגרית,גרמים,200.00,100 גרם,false,,9.90,0.0495,true,1,37959
7290117260463,false,*מבצע* גבינה בולגרית,"חת""ס",IL,*מבצע* גבינה בולגרית,גרמים,200.00,100 גרם,false,,9.90,0.0495,true,1,37960
7290117260470,false,*מבצע* גבינה בולגרית,"חת""ס",IL,*מבצע* גבינה בולגרית,גרמים,200.00,100 גרם,false,,9.90,0.0495,true,1,37961
7290117260562,false,חמאה בגביע 225 ג,,TR,חמאה בגביע 225 ג,גרמים,225.00,100 גרם,false,,16.90,0.0751,true,1,42922
7290117260579,false,חטיף קראנצי על בסיס,נאוגסיס,LT,חטיף קראנצי על בסיס,גרמים,80.00,100 גרם,false,,7.90,0.0988,true,1,41859
7290117260586,false,חטיף קראנצי על בסיס,נאוגסיס,LT,חטיף קראנצי על בסיס,גרמים,80.00,100 גרם,false,,7.90,0.0988,true,1,41860
7290117260685,false,תן בו בטעם וניל בציפ,אלויראסמינדה,DK,תן בו,גרמים,230.00,100 גרם,false,,19.90,0.0865,true,1,36303
7290117260821,false,גבינת כבשים צ'אנק עם,אל פסטור,ES,גבינת כבשים צ'אנק עם,גרמים,150.00,100 גרם,false,,26.90,0.1793,true,1,36998
7290117260890,false,פופקורן בטעם קוקוס,אלאלסי,UA,פופקורן בטעם קוקוס,גרמים,90.00,100 גרם,false,,7.90,0.0878,true,1,36567
7290117261354,false,*מבצע* גבינת ריקוטה,קאאנלאר גידה,TR,*מבצע* גבינת ריקוטה,גרמים,200.00,100 גרם,false,,7.90,0.0395,true,1,39818
7290117261361,false,גבינת ריקוטה 5% 400,קאאנלאר גידה,TR,גבינת ריקוטה 5% 400,גרמים,400.00,100 גרם,false,,19.90,0.0497,true,1,39819
7290117261415,false,יוגורט פרוביוטי 2.7%,סוטאש,TR,יוגורט פרוביוטי 2.7%,גרמים,125.00,100 גרם,false,,2.90,0.0232,true,1,42607
7290117261422,false,יוגורט פרוביוטי עם ת,סוטאש,TR,יוגורט פרוביוטי עם ת,גרמים,125.00,100 גרם,false,,2.90,0.0232,true,1,42608
7290117261446,false,יוגורט פרוביוטי עם א,סוטאש,TR,יוגורט פרוביוטי עם א,גרמים,125.00,100 גרם,false,,2.90,0.0232,true,1,42610
7290117261644,false,פרוסות צהובה טבעונית,קוליוס,GR,פרוסות צהובה טבעונית,גרמים,140.00,100 גרם,false,,14.90,0.1064,true,1,37965
7290117261651,false,מגורדת טבעונית בטעם,קוליוס,GR,מגורדת טבעונית בטעם,גרמים,200.00,100 גרם,false,,14.90,0.0745,true,1,37970
7290117261675,false,מגורדת טבעונית בטעם,קוליוס,GR,מגורדת טבעונית בטעם,גרמים,200.00,100 גרם,false,,14.90,0.0745,true,1,37971
7290117262153,false,מיני מאפה פילו במילו,אייווניקי,GR,מיני מאפה פילו במילו,גרמים,450.00,100 גרם,false,,24.90,0.0553,true,1,42441
7290117262221,false,משקה יוגורט פרוביוטי,אקר,TR,משקה יוגורט פרוביוטי,מיליליטרים,200.00,"100 מ""ל",false,,4.90,0.0245,true,1,40876
7290117262238,false,משקה יוגורט פרוביוטי,אקר,TR,משקה יוגורט פרוביוטי,מיליליטרים,200.00,"100 מ""ל",false,,4.90,0.0245,true,1,40877
7290117262245,false,משקה יוגורט פרוביוטי,אקר,TR,משקה יוגורט פרוביוטי,מיליליטרים,200.00,"100 מ""ל",false,,4.90,0.0245,true,1,40878
7290117262290,false,פרלינים אגוזים במילו,עלית צ'קולטה,TR,פרלינים אגוזים במילו,גרמים,50.00,100 גרם,false,,4.90,0.0980,true,1,43102
7290117262306,false,קורנפלקס מצופים שוקו,עלית צ'קולטה,TR,קורנפלקס מצופים שוקו,גרמים,50.00,100 גרם,false,,4.90,0.0980,true,1,43103
7290117262313,false,פצפוצי דגנים פריכים,עלית צ'קולטה,TR,פצפוצי דגנים פריכים,גרמים,50.00,100 גרם,false,,4.90,0.0980,true,1,43104
7290117262320,false,ביסקוויט מצופה שוקול,עלית צ'קולטה,TR,ביסקוויט מצופה שוקול,גרמים,40.00,100 גרם,false,,4.90,0.1225,true,1,43105
7290117380178,true,סוויט פוף שוקולד חלב,תחנת האבן,IL,סוויט פוף שוקולד חלב,גרמים,50.00,100 גרם,false,,4.90,0.0980,true,1,39521
7290117380871,false,מרבה סלים דליס בטעם,Biocentury,NL,מרבה,גרמים,120.00,100 גרם,false,,10.90,0.0908,true,1,39059
7290117381236,false,פוף פרכיות מצופות שו,בנליאן פודס,RS,פוף פרכיות מצופות שו,גרמים,70.00,100 גרם,false,,7.90,0.1129,true,1,41028
7290117383711,false,פלמוליב תחליב חלב וד,CP - Turkey+60,TR,פלמוליב תחליב חלב וד,ליטרים,1.50,ליטר,false,,29.90,19.9333,true,1,43074
7290117383728,false,פלמוליב תחליב לומינו,CP - Turkey+60,TR,פלמוליב תחליב לומינו,ליטרים,1.50,ליטר,false,,29.90,19.9333,true,1,43075
7290117383735,false,פלמוליב תחליב חימר ו,CP - Turkey+60,TR,פלמוליב תחליב חימר ו,ליטרים,1.50,ליטר,false,,29.90,19.9333,true,1,43076
7290117383742,false,פלמוליב תחליב מרענן,CP - Turkey+60,TR,פלמוליב תחליב מרענן,ליטרים,1.50,ליטר,false,,29.90,19.9333,true,1,43077
7290117823798,false,בדקת אנטיגן מהירה 5,,,בדקת אנטיגן מהירה 5,יח,5.00,יח,false,,34.90,6.9800,true,1,37346
7290117825662,false,כפפות ניטריל שחורות,,,כפפות ניטריל שחורות,יח',100.00,יח',false,,24.90,0.2490,true,1,40591
7290117825679,false,כפפות ניטריל שחורות,,,כפפות ניטריל שחורות,יח',100.00,יח',false,,24.90,0.2490,true,1,40592
7290117825747,false,כפפות ניטריל שחורות,,,כפפות ניטריל שחורות,יח',100.00,יח',false,,24.90,0.2490,true,1,40593
7290117860038,false,תחליב רחצה יוגורט בנ,"טרופיקל גליל בע""מ",IL,תחליב רחצה יוגורט בנ,מיליליטרים,700.00,"100 מ""ל",false,,14.90,0.0213,true,1,43062
7290117860045,false,שמפו מטפח לשיער רגיל,"טרופיקל גליל בע""מ",IL,שמפו מטפח לשיער רגיל,מיליליטרים,700.00,"100 מ""ל",false,,14.90,0.0213,true,1,43035
7290117860083,false,קרם רחצה בניחוח אירו,"טרופיקל גליל בע""מ",IL,קרם רחצה בניחוח אירו,מיליליטרים,700.00,"100 מ""ל",false,,14.90,0.0213,true,1,43063
7290117860137,false,קרם רחצה בניחוח פרח,"טרופיקל גליל בע""מ",IL,קרם רחצה בניחוח פרח,מיליליטרים,700.00,"100 מ""ל",false,,14.90,0.0213,true,1,43064
7290117860144,false,שמפו למניעת קשקשים,"טרופיקל גליל בע""מ",IL,שמפו למניעת קשקשים,מיליליטרים,700.00,"100 מ""ל",false,,14.90,0.0213,true,1,43036
7290117860182,false,תחליב רחצה בניחוח מג,"טרופיקל גליל בע""מ",IL,תחליב רחצה בניחוח מג,מיליליטרים,700.00,"100 מ""ל",false,,14.90,0.0213,true,1,43055
7290117860199,false,שמפו מעניק לחות לשיע,"טרופיקל גליל בע""מ",IL,שמפו מעניק לחות לשיע,מיליליטרים,700.00,"100 מ""ל",false,,14.90,0.0213,true,1,43037
7290117860236,false,קרם רחצה בניחוח ויול,"טרופיקל גליל בע""מ",IL,קרם רחצה בניחוח ויול,מיליליטרים,700.00,"100 מ""ל",false,,14.90,0.0213,true,1,43056
7290117860243,false,מרכך מעניק לחות לשיע,"טרופיקל גליל בע""מ",IL,מרכך מעניק לחות לשיע,מיליליטרים,700.00,"100 מ""ל",false,,14.90,0.0213,true,1,43045
7290117860298,false,שמפו קרטין מחזק,"טרופיקל גליל בע""מ",IL,שמפו קרטין מחזק,מיליליטרים,700.00,"100 מ""ל",false,,14.90,0.0213,true,1,43038
7290117860342,false,מרכך קרטין מחזק,"טרופיקל גליל בע""מ",IL,מרכך קרטין מחזק,מיליליטרים,700.00,"100 מ""ל",false,,14.90,0.0213,true,1,43046
7290117860496,false,שמפו + מרכך לגבר 2 ב,"טרופיקל גליל בע""מ",IL,שמפו + מרכך לגבר 2 ב,מיליליטרים,700.00,"100 מ""ל",false,,14.90,0.0213,true,1,43040
7290117860540,false,שמפו עדין לילדים,"טרופיקל גליל בע""מ",IL,שמפו עדין לילדים,מיליליטרים,700.00,"100 מ""ל",false,,14.90,0.0213,true,1,43041
7290117860649,false,שמפו ללא סולפטים,"טרופיקל גליל בע""מ",IL,שמפו ללא סולפטים,מיליליטרים,700.00,"100 מ""ל",false,,14.90,0.0213,true,1,43049
7290117860694,false,מרכך ללא סולפטים,"טרופיקל גליל בע""מ",IL,מרכך ללא סולפטים,מיליליטרים,700.00,"100 מ""ל",false,,14.90,0.0213,true,1,43050
7290117860793,false,מרכך מעניק נפח,"טרופיקל גליל בע""מ",IL,מרכך מעניק נפח,מיליליטרים,700.00,"100 מ""ל",false,,14.90,0.0213,true,1,43052
7290117860847,false,שמפו לגבר רעננות קרי,"טרופיקל גליל בע""מ",IL,שמפו לגבר רעננות קרי,מיליליטרים,700.00,"100 מ""ל",false,,14.90,0.0213,true,1,43053
7290117860946,false,תחליב רחצה יוגורט בנ,"טרופיקל גליל בע""מ",IL,תחליב רחצה יוגורט בנ,מיליליטרים,700.00,"100 מ""ל",false,,14.90,0.0213,true,1,43060
7290117901205,false,טורטיה דגנים 420 ג,מוטלוקל,TR,טורטיה דגנים 420 ג,גרמים,420.00,100 גרם,false,,9.90,0.0236,true,1,42245
7290118420378,false,פתי בר פינוקים תותים,אסם,PL,אסם,גרמים,220.00,100 גרם,false,,9.90,0.0450,true,1,43306
7290589856775,false,מוצרי נייס,,,מוצרי נייס,יח',1.00,יח',false,,5.90,5.9000,true,1,23968
7291044126723,false,מפזר חום לאמבטיה 200,,,מפזר חום לאמבטיה 200,יח,1.00,יח,false,,119.90,119.9000,true,1,42966
7291044126730,false,מפזר חום שוכב/עומד 2,,,מפזר חום שוכב/עומד 2,יח,1.00,יח,false,,49.90,49.9000,true,1,42967
7291062010554,false,"צלחת אוריינטל 25 ס""מ",,,"צלחת אוריינטל 25 ס""מ",יח',1.00,יח',false,,6.90,6.9000,true,1,25481
7296021015199,false,מזלג עוגה פריז שישיה,,,מזלג עוגה פריז שישיה,יח',6.00,יח',false,,22.90,3.8167,true,1,1845
7296021015236,false,מזלגות פריז שישיה,,,מזלגות פריז שישיה,יח',6.00,יח',false,,29.90,4.9833,true,1,1848
7296021022562,false,"מיכל מלבן 180 מ""ל",,,"מיכל מלבן 180 מ""ל",יח',1.00,יח',false,,10.90,10.9000,true,1,1867
7296021023330,false,"מיכל מלבן 900 מ""ל",,,"מיכל מלבן 900 מ""ל",יח',1.00,יח',false,,17.90,17.9000,true,1,1869
7296021023347,false,מיכל מלבן 1.1 ליטר,,,מיכל מלבן 1.1 ליטר,יח',1.00,יח',false,,24.90,24.9000,true,1,1870
7296021023354,false,מיכל מלבן 2.4 ליטר,,,מיכל מלבן 2.4 ליטר,יח',1.00,יח',false,,30.90,30.9000,true,1,1871
7296021040016,false,קולפן פרפקטו,,,קולפן פרפקטו,יח',1.00,יח',false,,21.90,21.9000,true,1,1888
7296021040047,false,מקצפת ביצים פרפקטו,,,מקצפת ביצים פרפקטו,יח',1.00,יח',false,,22.90,22.9000,true,1,1891
7296021046889,false,מאג זכוכית,,,מאג זכוכית,יח',1.00,יח',false,,4.90,4.9000,true,1,1909
7296021047053,false,מצית גז,,,מצית גז,יח',1.00,יח',false,,11.90,11.9000,true,1,1910
7296021107405,false,קלף בצק מקבילית,,,קלף בצק מקבילית,יח',1.00,יח',false,,4.90,4.9000,true,1,1924
7296021108952,false,כד מידה פטיסרי,,,כד מידה פטיסרי,יח',1.00,יח',false,,17.90,17.9000,true,1,1942
7296021116322,false,ספל טרמי נירוסטה,,,ספל טרמי נירוסטה,יח',1.00,יח',false,,14.90,14.9000,true,1,1968
7296021122767,false,כפית סט 6 - תמר סכום,,,כפית סט 6 - תמר סכום,יח',1.00,יח',false,,10.90,10.9000,true,1,37708
7296021125713,false,מיכל אחסון 0.5 ליטר,,,מיכל אחסון 0.5 ליטר,יח,1.00,יח,false,,11.90,11.9000,true,1,2006
7296021129940,false,צנצנת מלח ופלפל עם י,ade,CN,נעמן,יח',1.00,יח',false,,9.90,9.9000,true,1,2035
7296021131394,false,סכין רב שימושית,,,סכין רב שימושית,יח',1.00,יח',false,,10.90,10.9000,true,1,2039
7296021134487,false,"סוטז 30 ס""מ 5 ליטר",,,"סוטז 30 ס""מ 5 ליטר",יח,1.00,יח,false,,79.90,79.9000,true,1,2071
7296021137846,false,קולפן Y נירוסטה,,,קולפן Y נירוסטה,יח,1.00,יח,false,,15.90,15.9000,true,1,2093
7296021137860,false,חותך רצועות כרוב,,,חותך רצועות כרוב,יח',1.00,יח',false,,17.90,17.9000,true,1,2094
7296021141850,false,פורס ביצים יחיד,,,פורס ביצים יחיד,יח',1.00,יח',false,,13.90,13.9000,true,1,2115
7296021152221,false,סוחט לימון  ידני פלס,,,סוחט לימון  ידני פלס,יח',1.00,יח',false,,11.90,11.9000,true,1,2154
7296021161186,false,צנצנת זכוכית מרובעת,,,צנצנת זכוכית מרובעת,יח',1.00,יח',false,,12.90,12.9000,true,1,2170
7296021161193,false,צנצנת זכוכית מרובעת,,,צנצנת זכוכית מרובעת,יח',1.00,יח',false,,14.90,14.9000,true,1,2171
7296021161216,false,מלחייה זכוכית,ade,CN,נעמן,יח',1.00,יח',false,,11.90,11.9000,true,1,2172
7296021161537,false,קופסת אחסון זכוכית 8,,,קופסת אחסון זכוכית 8,יח,1.00,יח,false,,22.90,22.9000,true,1,2174
7296021161612,false,קופסאת אחסון זכוכית,,,קופסאת אחסון זכוכית,יח,1.00,יח,false,,26.90,26.9000,true,1,2180
7296021166266,false,קערת בול פלסטיק 330,,,קערת בול פלסטיק 330,יח',1.00,יח',false,,5.90,5.9000,true,1,2187
7296021166273,false,קערה לסלט 3.5 ליטר פ,,,קערה לסלט 3.5 ליטר פ,יח',1.00,יח',false,,14.90,14.9000,true,1,2188
7296021170881,false,מסננת תה רשת כפולה נ,,,מסננת תה רשת כפולה נ,יח,1.00,יח,false,,9.90,9.9000,true,1,37623
7296021171031,false,סט 3 קולפנים,,,סט 3 קולפנים,יח',1.00,יח',false,,14.90,14.9000,true,1,2229
7296021191367,false,תבנית לקוביות קרח עם,,,תבנית לקוביות קרח עם,יח',1.00,יח',false,,10.90,10.9000,true,1,2287
7296021228483,false,קערת אחסון עגולה פלס,,,קערת אחסון עגולה פלס,יח',1.00,יח',false,,29.90,29.9000,true,1,34561
7296021228513,false,קערת אחסון עגולה 5.6,,,קערת אחסון עגולה 5.6,יח',1.00,יח',false,,9.90,9.9000,true,1,34563
7296021249501,false,מיכל אחסון 1.2 ליטר,,,מיכל אחסון 1.2 ליטר,יח,1.00,יח,false,,24.90,24.9000,true,1,2334
7296021249518,false,מיכל אחסון 1.7 ליטר,,,מיכל אחסון 1.7 ליטר,יח,1.00,יח,false,,27.90,27.9000,true,1,2335
7296021255304,false,"כוס מאג נעמן 355 מ""ל",,,"כוס מאג נעמן 355 מ""ל",יח,1.00,יח,false,,8.90,8.9000,true,1,2347
7296021256745,false,הופכן סיליקון אפור,,,הופכן סיליקון אפור,יח',1.00,יח',false,,17.90,17.9000,true,1,2349
7296021259821,false,"כוס מאג נעמן 355 מ""ל",,,"כוס מאג נעמן 355 מ""ל",יח,1.00,יח,false,,8.90,8.9000,true,1,2363
7296021265969,false,"מחבת 26 ס""מ",,,"מחבת 26 ס""מ",יח',1.00,יח',false,,54.90,54.9000,true,1,36552
7296021266676,false,מסננת ידית עץ פרפקטו,,,מסננת ידית עץ פרפקטו,יח',1.00,יח',false,,12.90,12.9000,true,1,34969
7296021266690,false,מסננת ידית עץ פרפקטו,,,מסננת ידית עץ פרפקטו,יח',1.00,יח',false,,16.90,16.9000,true,1,34971
7296021266713,false,מסננת ידית עץ פרפקטו,,,מסננת ידית עץ פרפקטו,יח',1.00,יח',false,,22.90,22.9000,true,1,34972
7296021266881,false,כף מסננת ידית אפורה,,,כף מסננת ידית אפורה,יח',1.00,יח',false,,14.90,14.9000,true,1,37717
7296021266959,false,"מועך תפו""א  ידית אפו",,,"מועך תפו""א  ידית אפו",יח',1.00,יח',false,,14.90,14.9000,true,1,37721
7296021266966,false,מצקת נירוסטה ידית אפ,,,מצקת נירוסטה ידית אפ,יח',1.00,יח',false,,19.90,19.9000,true,1,37722
7296021266973,false,תרווד מחורץ ידית אפו,,,תרווד מחורץ ידית אפו,יח',1.00,יח',false,,14.90,14.9000,true,1,37723
7296021273162,false,סכין סט 6 ירקות אדום,,,סכין סט 6 ירקות אדום,יח',1.00,יח',false,,13.90,13.9000,true,1,37729
7296021273636,false,סכין סט 6 ירקות כחול,,,סכין סט 6 ירקות כחול,יח',1.00,יח',false,,13.90,13.9000,true,1,37749
7296021409554,false,מועך שום,,,מועך שום,יח',1.00,יח',false,,16.90,16.9000,true,1,2401
7296021615559,false,כף לסלט מיני נירוסטה,,,כף לסלט מיני נירוסטה,יח,1.00,יח,false,,8.90,8.9000,true,1,2426
7296021625015,false,כפות סתיו שישיה,,,כפות סתיו שישיה,יח',6.00,יח',false,,29.90,4.9833,true,1,2432
7296021655739,false,נפה לקמח נירוסטה,,,נפה לקמח נירוסטה,יח,1.00,יח,false,,29.90,29.9000,true,1,2459
7296021669477,false,מזלף לקצפת 3 ראשים,,,מזלף לקצפת 3 ראשים,יח',1.00,יח',false,,14.90,14.9000,true,1,2479
7296021669514,false,מגרדת 4 צדדים,,,מגרדת 4 צדדים,יח',1.00,יח',false,,29.90,29.9000,true,1,2481
7296049014600,false,קוברה מסחטת הדרים חש,,,קוברה מסחטת הדרים חש,ליטרים,1.00,ליטר,false,,59.90,59.9000,true,1,43222
7296049226973,false,לקיטשן מאג זכוכית די,,,לקיטשן מאג זכוכית די,יח,1.00,יח,false,,5.90,5.9000,true,1,42998
7296058000069,false,מארז פריכיות 310 גרם,פרח תעשיות,IL,מארז פריכיות 310 גרם,גרמים,310.00,100 גרם,false,,13.50,0.0435,true,1,40978
7296058000366,false,פריכיות דקות ללא מלח,פרח תעשיות,IL,פריכיות דקות ללא מלח,גרמים,100.00,100 גרם,false,,6.90,0.0690,true,1,40980
7296058110010,false,פריכיות אורז מלא 110,פרח תעשיות,IL,פריכיות אורז מלא 110,גרמים,110.00,100 גרם,false,,4.90,0.0445,true,1,40979
7296107000002,false,מלפפון במלח 7-9 670,,IL,פרי חן,גרמים,670.00,100 גרם,false,,5.50,0.0082,true,1,33618
7296107000453,false,טבעות זיתים ירוקים 5,,IL,פרי חן,גרמים,560.00,100 גרם,false,,7.90,0.0141,true,1,33621
7296107000507,false,מלפפונים בחומץ 18-25,פרי חן,IL,מלפפונים בחומץ 18-25,גרמים,540.00,100 גרם,false,,8.90,0.0165,true,1,35378
7296107000958,false,קוקטייל זיתים,פרי חן,IL,קוקטייל זיתים,גרמים,560.00,100 גרם,false,,7.90,0.0141,true,1,35383
7297395000019,false,בדי בדיקה 20 יח',,,בדי בדיקה 20 יח',יח',20.00,יח',false,,7.90,0.3950,true,1,26588
7297461005191,false,שמיכת פלאנל זוגית 20,,,שמיכת פלאנל זוגית 20,יח,1.00,יח,false,,29.90,29.9000,true,1,30281
7297488098152,false,דגש קמח חומוס,"תבליני העליון בע""מ",IL,דגש,גרמים,500.00,100 גרם,false,,18.90,0.0378,true,1,2849
7297488098169,false,דגש קמח תירס,"תבליני העליון בע""מ",IL,דגש,גרמים,500.00,100 גרם,false,,11.90,0.0238,true,1,2850
7297488098299,false,דגש קמח טפיוקה,"תבליני העליון בע""מ",IL,דגש,גרמים,500.00,100 גרם,false,,10.90,0.0218,true,1,2859
7297488098688,false,דגש פצפוצי אורז מלא,"תירפז בע""מ",IL,דגש,גרמים,450.00,100 גרם,false,,20.90,0.0464,true,1,2862
7297488199590,false,דגש פצפוצי אורז,"תירפז בע""מ",IL,דגש,גרמים,450.00,100 גרם,false,,20.90,0.0464,true,1,2865
7297623220196,false,נעלי בריאות נשים,,,נעלי בריאות נשים,יח',1.00,יח',false,,20.90,20.9000,true,1,42924
7297623220202,false,נעלי בריאות גברים,,,נעלי בריאות גברים,יח',1.00,יח',false,,20.90,20.9000,true,1,42925
7298171161139,false,מטריית חורף ילדים מו,,,מטריית חורף ילדים מו,יחידה,0.00,יחידה,false,,12.90,0.0000,true,1,31938
7312040017683,false,"וודקה אבסולוט 700 מ""",,,"וודקה אבסולוט 700 מ""ל",מיליליטרים,700.00,"100 מ""ל",false,,59.90,0.0856,true,1,12625
7380580005255,false,מוצרי נייס,,,מוצרי נייס,יח',1.00,יח',false,,7.90,7.9000,true,1,23969
7393714368584,false,פחית קופרברג סיידר ת,קופרברג,SE,קופרברג,מיליליטרים,330.00,"100 מ""ל",false,,8.90,0.0270,true,1,12157
7393714369000,false,פחית קופרברג סיידר א,קופרברג,SE,קופרברג,מיליליטרים,330.00,"100 מ""ל",false,,8.90,0.0270,true,1,12158
7393714369208,false,פחית קופרברג סיידר פ,קופרברג,SE,קופרברג,מיליליטרים,330.00,"100 מ""ל",false,,8.90,0.0270,true,1,12159
7393714507020,false,בקבוק קופרברג סיידר,קופרברג,SE,קופרברג,מיליליטרים,330.00,"100 מ""ל",false,,8.90,0.0270,true,1,12160
7393714509604,false,בקבוק קופרברג סיידר,קופרברג,SE,קופרברג,מיליליטרים,330.00,"100 מ""ל",false,,8.90,0.0270,true,1,12162
7394376123337,false,אוטלי שיבולת שועל או,טרנסומס פוד,SE,אוטלי,ליטרים,1.00,ליטר,false,,13.90,13.9000,true,1,23441
7394376615825,false,אוטלי שיבולת שועל בת,טרנסומס פוד,SE,אוטלי,ליטרים,1.00,ליטר,false,,13.90,13.9000,true,1,23442
7480588956563,false,מוצרי נייס,,,מוצרי נייס,יח',1.00,יח',false,,9.90,9.9000,true,1,23970
7501013122039,true,נקטר ג'ומקס קרטונית,תומקס קומרסאליזדורה,MX,ג'ומקס,ליטרים,1.00,ליטר,false,,9.50,9.5000,true,1,12637
7501013122053,true,נקטר ג'ומקס קרטונית,תומקס קומרסאליזדורה,MX,ג'ומקס,ליטרים,1.00,ליטר,false,,9.50,9.5000,true,1,12638
7501013122114,true,נקטר ג'ומקס קרטונית,תומקס קומרסאליזדורה,MX,ג'ומקס,ליטרים,1.00,ליטר,false,,9.50,9.5000,true,1,12639
7501013122992,true,נקטר ג'ומקס קרטונית,תומקס קומרסאליזדורה,MX,ג'ומקס,ליטרים,1.00,ליטר,false,,9.50,9.5000,true,1,12641
7501013138184,false,משקה חמוציות יוניקו,תומקס קומרסאליזדורה,MX,משקה חמוציות יוניקו,מיליליטרים,1000.00,"100 מ""ל",false,,11.50,0.0115,true,1,12647
7501049936945,false,*מבצע* בירה סול שישי,,MX,*מבצע* בירה סול שישי,ליטרים,1.98,ליטר,false,,29.90,15.1010,true,1,12648
7501064191398,false,בירה קורונה שישיה,סרבסריה מודלו,MX,corona extra,ליטרים,2.13,ליטר,false,,34.90,16.3850,true,1,22596
7502231540896,false,שמרים פליישמן 500 גר,,,שמרים יבשים 500 ג,גרמים,500.00,100 גרם,false,,10.90,0.0218,true,1,12865
7509546061665,false,ספיד סטיק אקסטרים אי,Colgate - USA,US,ספיד סטיק,גרמים,85.00,100 גרם,false,,19.90,0.2341,true,1,41881
7509546061672,false,ספיד סטיק אקסטרים סט,Colgate - USA,US,ספיד סטיק,גרמים,50.00,100 גרם,false,,16.90,0.3380,true,1,41882
7509546666846,false,קולגייט טוטאל משחת ש,קולגייט פלמוליב,MX,קולגייט טוטאל משחת ש,מיליליטרים,75.00,"100 מ""ל",false,,19.90,0.2653,true,1,23447
7509546678702,false,קולגייט משחת שיניים,CP-Poland swidnica,PL,קולגייט,מיליליטרים,100.00,"100 מ""ל",false,,16.90,0.1690,true,1,40736
7610100034084,false,מיונז טומי 265 גרם,טומי,CH,טומי,גרמים,265.00,100 גרם,false,,9.90,0.0374,true,1,14006
7610113000175,false,"בקרדי מוחיטו 700 מ""ל",תאגיד בקרדי,IT,בקרדי,מיליליטרים,700.00,"100 מ""ל",false,,74.90,0.1070,true,1,14655
7610113011652,false,בקרדי בריזר תפוח,טמפו,DE,בקרדי,מיליליטרים,275.00,"100 מ""ל",false,,13.90,0.0505,true,1,12649
7610243004463,false,דורגול מרסס להסרת אב,דורינג,CH,דורגול מרסס להסרת אב,מיליליטרים,600.00,"100 מ""ל",false,,19.90,0.0332,true,1,13344
7610400014649,false,לינדור שוקולד בודד ח,לינדט ושפרונגלי קילש,CH,שוקולד לינדור 100 גרם,גרמים,100.00,100 גרם,false,,14.90,0.1490,true,1,3933
7610400074155,false,לינדור שוקולד בודד 6,לינדט ושפרונגלי קילש,CH,שוקולד לינדור 100 גרם,גרמים,100.00,100 גרם,false,,14.90,0.1490,true,1,3937
7610400075770,false,לינדט לה גרנד שוקולד,לינדט,FR,לינדט,גרמים,150.00,100 גרם,false,,24.90,0.1660,true,1,3938
7610400075787,false,לינדט לה גרנד שוקולד,לינדט,FR,לינדט,גרמים,150.00,100 גרם,false,,24.90,0.1660,true,1,3939
7610400091060,false,לינדט אקסלנס שוקולד,לינדט ושפרונגלי קילש,CH,שוקולד לינדט תפוז,גרמים,100.00,100 גרם,false,,14.90,0.1490,true,1,3941
7610700607046,false,סוכריות ריקולה ללא ת,ריקולה,CH,ללא סוכר,גרמים,50.00,100 גרם,false,,12.90,0.2580,true,1,17517
7610700607077,false,סוכריות ריקולה ללא ת,,,סוכריות ריקולה ללא ת,גרמים,50.00,100 גרם,false,,12.90,0.2580,true,1,42467
7613030979647,false,טריקס 480 גרם,נסטלה,US,TRIX,גרמים,480.00,100 גרם,false,,19.90,0.0415,true,1,5566
7613032045753,false,פיטנס שוקולד 375 גרם,נסטלה צרפת איטנקורט,FR,FITNESS,גרמים,375.00,100 גרם,false,,19.90,0.0531,true,1,5571
7613033548192,false,פיטנס שוקולד מריר 37,נסטלה צרפת איטנקורט,FR,FITNESS,גרמים,375.00,100 גרם,false,,19.90,0.0531,true,1,5585
7613035548374,false,גולדן מיניס 570 גרם,נסטלה פולין דגני בוק,PL,CINI-MINIS,גרמים,570.00,100 גרם,false,,19.90,0.0349,true,1,5601
7613035618794,false,פורינה ONE חתול בוגר,פורינה,IT,פורינה,קילוגרמים,3.00,"ק""ג",false,,119.90,39.9667,true,1,33301
7613035622623,false,גרנולה פיטנס דבש 300,CPW,BE,פיטנס,גרמים,300.00,100 גרם,false,,14.90,0.0497,true,1,5602
7613035758834,false,פיטנס סופר גרנולה חמ,CPW,BE,פיטנס,גרמים,300.00,100 גרם,false,,14.90,0.0497,true,1,5605
7613035807778,false,פרפקטו רוטב עגבניות,נסטלה ספרד,ES,פרפקטו,גרמים,400.00,100 גרם,false,,8.90,0.0223,true,1,5606
7613035809109,false,פרפקטו רוטב עגבניות,נסטלה ספרד,ES,פרפקטו,גרמים,400.00,100 גרם,false,,8.90,0.0223,true,1,5607
7613035809123,false,פרפקטו רוטב עגבניות,נסטלה ספרד,ES,פרפקטו,גרמים,400.00,100 גרם,false,,8.90,0.0223,true,1,5608
7613035809857,false,פרפקטו רוטב עגבניות,נסטלה ספרד,ES,פרפקטו,גרמים,400.00,100 גרם,false,,8.90,0.0223,true,1,5609
7613036105606,false,דוגלי בוגר בקר 4*3 ק,נסטלה פורינה באק הונ,HU,דוגלי,קילוגרמים,3.00,"ק""ג",false,,49.90,16.6333,true,1,33307
7613036288958,false,דוגלי מארז אקטיב 4*3,נסטלה פורינה באק הונ,HU,דוגלי,קילוגרמים,3.00,"ק""ג",false,,49.90,16.6333,true,1,33314
7613036387798,false,פיטנס יוגורט 350 גרם,נסטלה צרפת איטנקורט,FR,FITNESS,גרמים,350.00,100 גרם,false,,19.90,0.0569,true,1,5615
7613036880534,false,מחית מרק ירקות גרבר,ארג'זה - פולין,PL,מחית מרק ירקות גרבר,גרמים,190.00,100 גרם,false,,5.90,0.0311,true,1,5626
7613036976657,false,פאוץ פריסקיז הודו 85,,,פאוץ פריסקיז הודו 85,גרמים,85.00,100 גרם,false,,5.90,0.0694,true,1,33316
7613036976671,false,פאוץ' פריסקיז עוף 85,,,פאוץ' פריסקיז עוף 85,גרמים,85.00,100 גרם,false,,5.90,0.0694,true,1,33317
7613036976695,false,פאוץ' פריסקיז בקר 85,,,פאוץ' פריסקיז בקר 85,גרמים,85.00,100 גרם,false,,5.90,0.0694,true,1,33318
7613036976718,false,פאוץ' פריסקיז ברווז,,,פאוץ' פריסקיז ברווז,גרמים,85.00,100 גרם,false,,5.90,0.0694,true,1,33319
7613036976732,false,פאוץ פריסקיז סלמון 8,,,פאוץ פריסקיז סלמון 8,גרמים,85.00,100 גרם,false,,5.90,0.0694,true,1,33320
7613037012200,false,גרבר פאוצ' בטעם תפוח,נסטלה ספרד,ES,גרבר פאוצ' בטעם תפוח,גרמים,90.00,100 גרם,false,,5.90,0.0656,true,1,5639
7613037686906,false,פיטנס דבש ושקדים 355,נסטלה צרפת איטנקורט,FR,FITNESS,גרמים,355.00,100 גרם,false,,19.90,0.0561,true,1,5648
7613037687132,false,פיטנס שקדים ודבש 585,נסטלה צרפת איטנקורט,FR,FITNESS,גרמים,585.00,100 גרם,false,,25.90,0.0443,true,1,5649
7613038268262,false,צ'ריוס האני נאט מופח,ג.נרל מילס,US,CHEERIOS,גרמים,410.00,100 גרם,false,,19.90,0.0485,true,1,5653
7613039547632,false,גרבר פאוצ' בטעם תפוח,נסטלה ספרד,ES,גרבר פאוצ' בטעם תפוח,גרמים,90.00,100 גרם,false,,5.90,0.0656,true,1,5656
7613039547731,false,גרבר פאוצ' בטעם תפוח,נסטלה ספרד,ES,גרבר פאוצ' בטעם תפוח,גרמים,90.00,100 גרם,false,,5.90,0.0656,true,1,5657
7613039547922,false,גרבר פאוצ' בטעם תפוח,נסטלה ספרד,ES,גרבר פאוצ' בטעם תפוח,גרמים,90.00,100 גרם,false,,5.90,0.0656,true,1,5658
7613039771174,false,טחון טבעול סנסשיונל,טבעול צ'כיה,,טחון טבעול סנסשיונל,גרמים,400.00,100 גרם,false,,34.90,0.0872,true,1,5661
7613039879382,false,"מחית תפו""ע גרבר 190",ארג'זה - פולין,PL,"מחית תפו""ע גרבר 190",גרמים,190.00,100 גרם,false,,5.90,0.0311,true,1,5662
7613039880807,false,מחית תפוח גזר גרבר 1,ארג'זה - פולין,PL,מחית תפוח גזר גרבר 1,גרמים,190.00,100 גרם,false,,5.90,0.0311,true,1,5663
7613039881965,false,מחית תפוח גזר מנגו ג,ארג'זה - פולין,PL,מחית תפוח גזר מנגו ג,גרמים,190.00,100 גרם,false,,5.90,0.0311,true,1,5665
7613287155863,false,גרבר פאוצ' בטעם אגס,נסטלה ספרד,ES,גרבר פאוצ' בטעם אגס,גרמים,90.00,100 גרם,false,,5.90,0.0656,true,1,5669
7613287155924,false,גרבר פאוצ' בטעם תפוח,נסטלה ספרד,ES,גרבר פאוצ' בטעם תפוח,גרמים,90.00,100 גרם,false,,5.90,0.0656,true,1,5671
7613287181411,false,פאוצ' ויטמינצ'יק סלט,,IL,פאוצ' ויטמינצ'יק סלט,גרמים,110.00,100 גרם,false,,4.90,0.0445,true,1,34906
7613287182326,false,פאוצ' ויטמינצ'יק בננ,,IL,פאוצ' ויטמינצ'יק בננ,גרמים,110.00,100 גרם,false,,4.90,0.0445,true,1,34907
7613287182357,false,פאוצ' ויטמינצ'יק אגס,,IL,פאוצ' ויטמינצ'יק אגס,גרמים,110.00,100 גרם,false,,4.90,0.0445,true,1,34908
7613287182425,false,פאוצ' ויטמינצ'יק תפו,,IL,פאוצ' ויטמינצ'יק תפו,גרמים,110.00,100 גרם,false,,4.90,0.0445,true,1,34909
7613287182456,false,פאוצ' ויטמינצ'יק אגס,,IL,פאוצ' ויטמינצ'יק אגס,גרמים,110.00,100 גרם,false,,4.90,0.0445,true,1,34910
7613287186928,false,סטארבקס קפסולות ברקפ,נסטלה,CH,סטארבקס קפסולות ברקפ,גרמים,56.00,100 גרם,false,,21.90,0.3911,true,1,34837
7613287325808,false,רוטב איולי שום לחיץ,אסם,PL,רוטב איולי שום לחיץ,גרמים,295.00,100 גרם,false,,14.90,0.0505,true,1,35433
7613287325822,false,רוטב מיקס לחיץ,אסם,PL,רוטב מיקס לחיץ,גרמים,295.00,100 גרם,false,,14.90,0.0505,true,1,35439
7613287325853,false,רוטב ספייסי איולי לח,אסם,PL,רוטב ספייסי איולי לח,גרמים,295.00,100 גרם,false,,14.90,0.0505,true,1,35434
7613287394323,false,מולטי ציריוס 600 גרם,CP UK,GB,CHEERIOS,גרמים,600.00,100 גרם,false,,19.90,0.0332,true,1,34532
7613287476494,false,מיונז לחיץ,אסם,PL,מיונז לחיץ,גרמים,280.00,100 גרם,false,,14.90,0.0532,true,1,35442
7613287476678,false,סיני מיניס צ'ורוס 36,נסטלה,US,TRIX,גרמים,360.00,100 גרם,false,,19.90,0.0553,true,1,34835
7613287855640,false,סטארבקס קפסולות גווט,נסטלה,CH,סטארבקס קפסולות גווט,גרמים,52.00,100 גרם,false,,21.90,0.4212,true,1,41237
7622010001858,false,אוראו וניל 176 גרם ב,מונדלייז,ES,אוראו,גרמים,176.00,100 גרם,false,,8.90,0.0506,true,1,25742
7622201050757,false,מילקה-שוק' חלב עם קר,מונדלייז,DE,מילקה,גרמים,100.00,100 גרם,false,,5.90,0.0590,true,1,25743
7622201137052,false,מילקה מיני קוקיז 110,מונדלייז,ES,מילקה מיני קוקיז 110,גרמים,110.00,100 גרם,false,,7.90,0.0718,true,1,25747
7622201139278,false,גבינת פילדלפיה 27% ש,מונדלז,ES,פילדלפיה,גרמים,150.00,100 גרם,false,,11.90,0.0793,true,1,15340
7622201401900,false,עוגיות מילקה סנסיישן,מונדלייז,PL,מילקה,גרמים,156.00,100 גרם,false,,10.90,0.0699,true,1,25748
7622201502515,false,מילקה קוקי לופ 132 ג,מונדלייז,PL,מילקה,גרמים,132.00,100 גרם,false,,10.90,0.0826,true,1,35305
7622201521493,false,פילדלפיה שום ועשבי ת,מונדלז,ES,פילדלפיה,גרמים,150.00,100 גרם,false,,11.90,0.0793,true,1,39478
7622201798154,false,פילדלפיה לייט 150 גר,מונדלז,ES,פילדלפיה,גרמים,150.00,100 גרם,false,,11.90,0.0793,true,1,35301
7622201801809,false,מילקה- שוק' חלב עם א,מונדלייז,DE,מילקה,גרמים,100.00,100 גרם,false,,5.90,0.0590,true,1,34512
7622201802363,false,מילקה -שוק' חלב עם צ,מונדלייז,DE,מילקה,גרמים,100.00,100 גרם,false,,5.90,0.0590,true,1,34510
7622201802394,false,מילקה - שוק' חלב 100,מונדלייז,DE,מילקה,גרמים,100.00,100 גרם,false,,5.90,0.0590,true,1,34511
7622201808631,false,אוראו מיני כוסות בטע,מונדלז,ID,אוראו,גרמים,67.00,100 גרם,false,,6.90,0.1030,true,1,34513
7622201813390,false,מילקה וואפל במילוי ק,מונדלייז,PL,מילקה,גרמים,150.00,100 גרם,false,,10.90,0.0727,true,1,33953
7622210078131,false,מילקה דיים 100 גרם ח,מונדלייז,DE,מילקה,גרמים,100.00,100 גרם,false,,5.90,0.0590,true,1,25749
7622210137234,false,עוגיות אוראו דאבל קר,מונדלייז,ES,אוראו,גרמים,170.00,100 גרם,false,,9.90,0.0582,true,1,25750
7622210163899,false,מילקה שוקולד חלב עם,מונדלייז,DE,מילקה,גרמים,100.00,100 גרם,false,,5.90,0.0590,true,1,25751
7622210453327,false,עוגיות מילקה סנסיישן,מונדלייז,PL,מילקה,גרמים,156.00,100 גרם,false,,10.90,0.0699,true,1,25752
7622210637994,false,אוראו ביס קראנ'צי או,מונדלייז,ES,אוראו,גרמים,110.00,100 גרם,false,,7.90,0.0718,true,1,25756
7622210638021,false,אוראו ביס קראנ'צי בצ,מונדלייז,ES,אוראו,גרמים,110.00,100 גרם,false,,7.90,0.0718,true,1,25757
7622210664150,false,עוגיות אוראו וניל 39,,,אוראו,גרמים,396.00,100 גרם,false,,14.90,0.0376,true,1,41683
7622210826053,false,שוקולד מילקה אוראו ס,מונדלייז,HU,מילקה,גרמים,92.00,100 גרם,false,,5.90,0.0641,true,1,25767
7622300270506,false,מילקה גריינס - עוגיו,מונדלייז,PL,מילקה,גרמים,168.00,100 גרם,false,,10.90,0.0649,true,1,25775
7622300489427,false,עוגיות אוראו בציפוי,מונדלייז,ES,אוראו,גרמים,246.00,100 גרם,false,,14.90,0.0606,true,1,25779
7622300489434,false,עוגיות אוראו בציפוי,מונדלייז,ES,אוראו,גרמים,246.00,100 גרם,false,,14.90,0.0606,true,1,25780
7622300495046,false,מילקה אקסטרה קקאו 10,מונדלייז,DE,מילקה,גרמים,100.00,100 גרם,false,,5.90,0.0590,true,1,25781
7622300503079,false,מילקה מוו 200 גרם,מונדלייז,PL,מילקה,גרמים,168.00,100 גרם,false,,10.90,0.0649,true,1,25783
7622300617820,false,מילקה אוראו 100 גרם,מונדלייז,DE,מילקה,גרמים,100.00,100 גרם,false,,5.90,0.0590,true,1,25784
7622400005190,false,מילקה חום לבן חדש,מונדלייז,DE,מילקה,גרמים,100.00,100 גרם,false,,5.90,0.0590,true,1,25786
7630477891615,false,סטארבקס קפסולות סומט,נסטלה,CH,סטארבקס קפסולות סומט,גרמים,55.00,100 גרם,false,,21.90,0.3982,true,1,5675
7630477891639,false,סטארבקס קפסולות ורונ,נסטלה,CH,סטארבקס קפסולות ורונ,גרמים,55.00,100 גרם,false,,21.90,0.3982,true,1,5676
7630477891653,false,סטארבקס קפסולות אספר,נסטלה,CH,סטארבקס קפסולות אספר,גרמים,57.00,100 גרם,false,,21.90,0.3842,true,1,5677
7630477891677,false,סטארבקס קפסולות פייק,נסטלה,CH,סטארבקס קפסולות פייק,גרמים,53.00,100 גרם,false,,21.90,0.4132,true,1,5678
7630477891691,false,סטארבקס קפסולות קולו,נסטלה,CH,סטארבקס קפסולות קולו,גרמים,57.00,100 גרם,false,,21.90,0.3842,true,1,5679
7630477891714,false,סטארבקס קפסולות אספר,נסטלה,CH,סטארבקס קפסולות אספר,גרמים,57.00,100 גרם,false,,21.90,0.3842,true,1,5680
7630477891738,false,סטארבקס קפסולות אספר,נסטלה,CH,סטארבקס קפסולות אספר,גרמים,53.00,100 גרם,false,,21.90,0.4132,true,1,5681
7638900248357,false,סוללות 2032 זוג,אנרג'ייזר,CN,סוללות 2032 זוג,יח',1.00,יח',false,,19.90,19.9000,true,1,8431
7638900426663,false,סוללת אנרגייזר 9V,אנרג'ייזר,US,אנרג'ייזר,יח',1.00,יח',false,,24.90,24.9000,true,1,8437
7690589856667,false,מוצרי נייס,,,מוצרי נייס,יח',1.00,יח',false,,12.90,12.9000,true,1,23971
7702018263783,false,סכיני גילוח מאכ 3 שמ,,,סכיני גילוח מאכ 3 שמ,יח',1.00,יח',false,,69.90,69.9000,true,1,8668
7702018469802,false,מארז גילט ונוס סוויר,,,מארז גילט ונוס סוויר,יח,1.00,יח,false,,39.90,39.9000,true,1,39383
7702018866984,false,סכיני פיוזן ידני 4 י,פרוקטר אנד גמבל,PL,Gillette,יח',4.00,יח',false,,59.90,14.9750,true,1,8690
7702024074625,false,חטיפי קרקר פיטנס חיט,,CO,חטיפי קרקר פיטנס חיט,גרמים,234.00,100 גרם,false,,11.90,0.0509,true,1,5683
7702024258322,false,חטיפי קרקר פיטנס צ'י,,CO,חטיפי קרקר פיטנס צ'י,גרמים,234.00,100 גרם,false,,11.90,0.0509,true,1,5685
7702174066631,false,לקקנים פין פופ 10 יח,אלדור,EC,יוגטה,יח',10.00,יח',false,,7.90,0.7900,true,1,14012
7702174068826,false,לקקן יוגטה 12 יח שקי,אלדור,EC,יוגטה,גרמים,300.00,100 גרם,false,,8.90,0.0297,true,1,14015
7702174070201,false,לקקן יוגטה 12 יח שקי,אלדור,EC,יוגטה,גרמים,216.00,100 גרם,false,,8.90,0.0412,true,1,14018
7702174073783,false,לקקן פין פופ טעם קול,אלדור,CO,יוגטה לקקנים,גרמים,180.00,100 גרם,false,,7.90,0.0439,true,1,14019
7754617035551,false,ת.חרום ניידת ליתיום,,,ת.חרום ניידת ליתיום,יח',1.00,יח',false,,34.90,34.9000,true,1,31955
7791875005353,false,הוואנה דולצה דה לצה,פרימיום ברנד,ES,הוואנה דולצה דה לצה,גרמים,450.00,100 גרם,false,,18.90,0.0420,true,1,38869
7798141877836,false,גאטו נגרו סוביניון ב,,AR,גאטו נגרו סוביניון ב,מיליליטרים,750.00,"100 מ""ל",false,,39.90,0.0532,true,1,35755
7798150160066,false,אוכמניות,,,אוכמניות,יח,1.00,יח,false,,9.90,9.9000,true,1,42919
7798304600011,false,אוכמניות,,,אוכמניות,יח,1.00,יח,false,,9.90,9.9000,true,1,42547
7804414000860,false,*מבצע* דון חוליו קבר,לואיס פליפה אדוארדס,CL,דון חוליו,מיליליטרים,750.00,"100 מ""ל",false,,24.90,0.0332,true,1,12163
7804414000877,false,*מבצע* דון חוליו מרל,לואיס פליפה אדוארדס,CL,דון חוליו,מיליליטרים,750.00,"100 מ""ל",false,,24.90,0.0332,true,1,12164
7804414000884,false,*מבצע* דון חוליו שרד,לואיס פליפה אדוארדס,CL,דון חוליו,מיליליטרים,750.00,"100 מ""ל",false,,24.90,0.0332,true,1,12165
7804414012351,false,*מבצע* דון חוליו מלב,לואיס פליפה אדוארדס,CL,דון חוליו,מיליליטרים,750.00,"100 מ""ל",false,,24.90,0.0332,true,1,12171
7804414012368,false,*מבצע* דון חוליו רוז,לואיס פליפה אדוארדס,CL,דון חוליו,מיליליטרים,750.00,"100 מ""ל",false,,24.90,0.0332,true,1,12172
7891024124826,false,קולגייט משחת אופטיק,Colgate - Brazil,BR,קולגייט,מיליליטרים,75.00,"100 מ""ל",false,,19.90,0.2653,true,1,23452
7900250001006,false,מברשת שיער,,,מברשת שיער,יח',1.00,יח',false,,15.90,15.9000,true,1,23972
8000070038868,false,קפה לוואצה גוסטו,לווצה טורינו,IT,LAVAZZA,גרמים,250.00,100 גרם,false,,29.90,0.1196,true,1,14025
8000215204219,false,Vitariz - משקה אורז,,,משקה אורז אורגני,ליטרים,1.00,ליטר,false,,12.90,12.9000,true,1,17350
8000215204240,false,Vitariz - משקה שקדים,נטורפוד,IT,משקה שקדים אורגני,ליטרים,1.00,ליטר,false,,12.90,12.9000,true,1,17351
8000215204271,false,ויטריז משקה אישי אור,אלינור,IT,ויטריז משקה אישי אור,מיליליטרים,200.00,"100 מ""ל",false,,3.90,0.0195,true,1,17353
8000215204370,false,ויטריז לבישול - תחלי,,,ויטריז לבישול - תחלי,גרמים,200.00,100 גרם,false,,6.90,0.0345,true,1,39298
8000215204554,false,Vitariz - משקה אורז,,,Vitariz - משקה אורז,יחידה,0.00,יחידה,false,,12.90,0.0000,true,1,39300
8000215204561,false,Vitasi - משקה שקדים,,,Vitasi - משקה שקדים,יחידה,0.00,יחידה,false,,15.90,0.0000,true,1,39301
8000215204653,false,Vitasi - משקה סויה א,,,Vitasi - משקה סויה א,יחידה,0.00,יחידה,false,,10.90,0.0000,true,1,39302
8000215204677,false,Vitariz - משקה שיבול,אלינור,IT,Vitariz - משקה שיבול,ליטרים,1.00,ליטר,false,,12.90,12.9000,true,1,37306
8000215204714,false,Primavena - משקה שיב,,,משקה שיבולת שועל אורגני,ליטרים,1.00,ליטר,false,,12.90,12.9000,true,1,17354
8000380003723,false,לואקר אגוז גרנד פטיס,לואקר,IT,לואקר,גרמים,100.00,100 גרם,false,,11.90,0.1190,true,1,14046
8000380003761,false,לואקר קוקוס גרנד פטי,לואקר,IT,לואקר קוקוס,גרמים,100.00,100 גרם,false,,11.90,0.1190,true,1,14048
8000380004669,false,וופל לואקר קקאו 200,לואקר,AT,לואקר,גרמים,200.00,100 גרם,false,,11.90,0.0595,true,1,14050
8000380004676,false,וופל וניל 200 גרם,לואקר,AT,לואקר,גרמים,200.00,100 גרם,false,,11.90,0.0595,true,1,14051
8000380004881,false,וופל לואקר קודרטיני,לואקר,AT,לואקר,גרמים,220.00,100 גרם,false,,13.90,0.0632,true,1,14052
8000380004911,false,וופל לואקר קודרטיני,לואקר,AT,לואקר,גרמים,250.00,100 גרם,false,,13.90,0.0556,true,1,14053
8000380004942,false,וופל לואקר קודרטיני,לואקר,AT,לואקר,גרמים,250.00,100 גרם,false,,13.90,0.0556,true,1,14055
8000380004966,false,וופל לואקר קודרטיני,לואקר,AT,לואקר,גרמים,250.00,100 גרם,false,,13.90,0.0556,true,1,14056
8000380005598,false,טורטינה שישייה מריר,לואקר,IT,לואקר,גרמים,125.00,100 גרם,false,,15.90,0.1272,true,1,14057
8000380007219,false,לואקר אגוז 175 גרם,לואקר,AT,לואקר,גרמים,175.00,100 גרם,false,,10.90,0.0623,true,1,14063
8000380007257,false,וופל גרדנה אגוז 200,לואקר,IT,לואקר,גרמים,200.00,100 גרם,false,,13.90,0.0695,true,1,14065
8000380007264,false,לואקר קקאו 175 גרם,לואקר,AT,לואקר,גרמים,175.00,100 גרם,false,,10.90,0.0623,true,1,14066
8000380007271,false,לואקר חלב 175 גרם,לואקר,AT,לואקר,גרמים,175.00,100 גרם,false,,10.90,0.0623,true,1,14067
8000380106028,false,טורטינה שישייה חלב,לואקר,IT,לואקר,גרמים,125.00,100 גרם,false,,15.90,0.1272,true,1,14069
8000380142484,false,וופל לואקר קודרטיני,לואקר,AT,לואקר,גרמים,250.00,100 גרם,false,,13.90,0.0556,true,1,14070
8000380144044,false,וופל גרדנה שוקולד 20,לואקר,AT,וופל גרדנה שוקולד 200גר,גרמים,200.00,100 גרם,false,,13.90,0.0695,true,1,14072
8000380153534,false,טורטינה שישייה לבן,לואקר,IT,לואקר,גרמים,125.00,100 גרם,false,,15.90,0.1272,true,1,14081
8000380157440,false,שוקולד לואקר אגוזי ל,לואקר,IT,לואקר,גרמים,85.00,100 גרם,false,,6.90,0.0812,true,1,14093
8000380180721,false,לואקר אגוז 175 גרם ש,לואקר,AT,לואקר,גרמים,175.00,100 גרם,false,,10.90,0.0623,true,1,14099
8000380180745,false,וופל לואקר קודרטיני,לואקר,AT,לואקר,גרמים,250.00,100 גרם,false,,13.90,0.0556,true,1,14100
8000380180837,false,לואקר שוקולד לבן,לואקר,IT,לואקר,גרמים,100.00,100 גרם,false,,11.90,0.1190,true,1,14102
8000380187119,false,עוגיות אגוזי לוז לוא,לואקר,IT,עוגיות לואקר,גרמים,100.00,100 גרם,false,,14.90,0.1490,true,1,14111
8000380187249,false,עוגיות שקדים לואקר 1,לואקר,IT,עוגיות לואקר,גרמים,100.00,100 גרם,false,,14.90,0.1490,true,1,14112
8000380187300,false,עוגיות פתיתי שלג לוא,לואקר,IT,עוגיות לואקר,גרמים,120.00,100 גרם,false,,14.90,0.1242,true,1,14113
8000380189281,false,מארז מיני מיקס לואקר,לואקר,AT,לואקר,גרמים,210.00,100 גרם,false,,19.90,0.0948,true,1,14114
8000380192199,false,לואקר אגוז 175 גרם ד,לואקר,AT,לואקר,גרמים,175.00,100 גרם,false,,10.90,0.0623,true,1,14116
8000380192243,false,לואקר מקסי בטעם אגוז,לואקר,IT,לואקר מקסי בטעם אגוז,גרמים,200.00,100 גרם,false,,12.90,0.0645,true,1,14117
8000380192250,false,לואקר מקסי בטעם שוקו,לואקר,IT,לואקר מקסי בטעם שוקו,גרמים,200.00,100 גרם,false,,12.90,0.0645,true,1,14118
8000380201396,false,טורטינה שישייה קרמל,לואקר,IT,לואקר,גרמים,126.00,100 גרם,false,,15.90,0.1262,true,1,14120
8000380201525,false,חטיפי גראנד פטיסרי,לואקר,IT,לואקר,גרמים,126.00,100 גרם,false,,15.90,0.1262,true,1,35799
8000380201549,false,חטיפי גראנד פטיסרי,לואקר,IT,לואקר,גרמים,126.00,100 גרם,false,,15.90,0.1262,true,1,35800
8000380205400,false,וופל לואקר קודרטיני,לואקר,AT,לואקר,גרמים,250.00,100 גרם,false,,13.90,0.0556,true,1,38039
8000380205523,false,לואקר חמאת בוטנים 17,לואקר,AT,לואקר,גרמים,175.00,100 גרם,false,,10.90,0.0623,true,1,38040
8000380206896,false,וופל גרדנה חמאת בוטנ,לואקר,IT,לואקר,גרמים,200.00,100 גרם,false,,13.90,0.0695,true,1,38041
8000380207183,false,טורטינה שישייה חמאת,לואקר,IT,לואקר,גרמים,126.00,100 גרם,false,,15.90,0.1262,true,1,38042
8000500009673,false,פררו רושה 300 גרם,פררו,IT,פררו,גרמים,300.00,100 גרם,false,,44.90,0.1497,true,1,29260
8000500023624,false,קינדר הפי-היפו חמישי,פררו,IT,פררו,גרמים,103.00,100 גרם,false,,11.90,0.1155,true,1,29262
8000500023976,false,רפאלו 150 גרם,פררו,IT,פררו,גרמים,150.00,100 גרם,false,,14.90,0.0993,true,1,29263
8000500026731,false,ביצת קינדר שלישייה,פררו,IT,פררו,יח',3.00,יח',false,,13.90,4.6333,true,1,29264
8000500029350,false,בואנו שלשות חלב,פררו,PL,פררו,גרמים,129.00,100 גרם,false,,9.90,0.0767,true,1,29265
8000500032237,false,פררו רושה 375 גרם,פררו,IT,פררו,גרמים,375.00,100 גרם,false,,39.90,0.1064,true,1,29266
8000500037874,false,פררו רושה 200 גרם,פררו,IT,פררו,גרמים,200.00,100 גרם,false,,22.90,0.1145,true,1,29269
8000500071083,false,קינדר 200,פררו,IT,פררו,גרמים,200.00,100 גרם,false,,11.90,0.0595,true,1,29271
8000500121436,false,בואנו שלשות לבן,פררו,PL,פררו,גרמים,129.00,100 גרם,false,,9.90,0.0767,true,1,29275
8000500167656,false,קינדר שוקולד עם דגני,פררו,IT,קינדר שוקולד עם דגני,גרמים,94.00,100 גרם,false,,7.90,0.0840,true,1,29281
8000500172810,false,טיק טק רביעייה,אלדור,EC,יוגטה,גרמים,64.00,100 גרם,false,,9.90,0.1547,true,1,29283
8000500217740,false,קינדר בואנו מיני,פררו,PL,קינדר,גרמים,86.00,100 גרם,false,,10.90,0.1267,true,1,29288
8000500247167,false,פררו קולקשיין,פררו,IT,פררו,גרמים,269.00,100 גרם,false,,39.90,0.1483,true,1,29294
8000500256213,false,שוקולד קינדר מיני 12,פררו,IT,שוקולד קינדר מיני 12,גרמים,120.00,100 גרם,false,,9.90,0.0825,true,1,29300
8000500267103,false,*מבצע* קינדר דליס 10,פררו,IT,*מבצע* קינדר דליס 10,יח',10.00,יח',false,,17.90,1.7900,true,1,29302
8000500269169,false,קינדר קארדס חמישייה,פררו,IT,קינדר קארדס חמישייה,גרמים,128.00,100 גרם,false,,12.90,0.1008,true,1,41388
8000500328750,false,פררו רונדנואר 141 גר,פררו,DE,פררו רונדנואר 141 גר,גרמים,141.00,100 גרם,false,,26.90,0.1908,true,1,29309
8000500386941,false,נוטלה 900 גרם,פררו,IT,נוטלה 900 גרם,גרמים,900.00,100 גרם,false,,29.90,0.0332,true,1,38432
8001090016003,false,פיירי טבליות למדיח 8,פרוקטר אנד גמבל,BE,פיירי,יח',84.00,יח',false,,44.90,0.5345,true,1,8697
8001090184375,false,"פיירי אורגינל 900 מ""",פרוקטר אנד גמבל,GB,פיירי,מיליליטרים,900.00,"100 מ""ל",false,,11.90,0.0132,true,1,40587
8001090336354,false,פמפרס בייבי דריי מיד,פרוקטר אנד גמבל,PL,פמפרס,יח,46.00,יח,false,,29.90,0.6500,true,1,8715
8001090336491,false,פמפרס בייבי דריי מיד,פרוקטר אנד גמבל,PL,פמפרס,יח,31.00,יח,false,,29.90,0.9645,true,1,8718
8001090336521,false,פמפרס בייבי דריי מיד,פרוקטר אנד גמבל,PL,פמפרס,יח,30.00,יח,false,,29.90,0.9967,true,1,8719
8001090336606,false,פמפרס בייבי דריי מיד,פרוקטר אנד גמבל,PL,פמפרס,יח,26.00,יח,false,,29.90,1.1500,true,1,8720
8001090375230,false,"פנטן מרכך 200 מ""ל",פרוקטר אנד גמבל,RO,Pantene,מיליליטרים,200.00,"100 מ""ל",false,,13.90,0.0695,true,1,8727
8001090375285,false,"פנטן מרכך 200 מ""ל",פרוקטר אנד גמבל,RO,Pantene,מיליליטרים,200.00,"100 מ""ל",false,,13.90,0.0695,true,1,8728
8001090379368,false,פמפרס פרימיום VP מיד,פרוקטר אנד גמבל,TR,Pampers,יח',34.00,יח',false,,29.90,0.8794,true,1,8730
8001090493637,false,שמפו שולדרס אולטרא 4,פרוקטר אנד גמבל,RO,H&S,מיליליטרים,450.00,"100 מ""ל",false,,18.90,0.0420,true,1,8740
8001090580122,false,שמפו שולדרס סופרים,פרוקטר אנד גמבל,FR,H&S,מיליליטרים,400.00,"100 מ""ל",false,,18.90,0.0472,true,1,8745
8001090678195,false,מרכך שולדרס סופרים 2,פרוקטר אנד גמבל,FR,H&S,מיליליטרים,275.00,"100 מ""ל",false,,9.90,0.0360,true,1,8747
8001090678225,false,מרכך שולדרס סופרים 2,פרוקטר אנד גמבל,FR,H&S,מיליליטרים,275.00,"100 מ""ל",false,,9.90,0.0360,true,1,8748
8001090678614,false,שמפו שולדרס סופרים,פרוקטר אנד גמבל,FR,H&S,מיליליטרים,400.00,"100 מ""ל",false,,18.90,0.0472,true,1,8750
8001090721129,false,אריאל קפסולות לכביסה,פרוקטר אנד גמבל,FR,Ariel,יח',27.00,יח',false,,29.90,1.1074,true,1,8755
8001090734044,false,מגן תחתון אולווייז מ,פרוקטר אנד גמבל,UA,אולוייז,יח',64.00,יח',false,,16.90,0.2641,true,1,8757
8001090740717,false,מגן תחתון אולדייז מג,פרוקטר אנד גמבל,DE,Fem Care,יח',76.00,יח',false,,16.90,0.2224,true,1,8759
8001090832450,false,פנטן שמפו נוסחה קלאס,פרוקטר אנד גמבל,RO,פנטן,מיליליטרים,660.00,"100 מ""ל",false,,19.90,0.0302,true,1,8774
8001090832535,false,פנטן שמפו שמן מרוקאי,פרוקטר אנד גמבל,RO,פנטן,מיליליטרים,660.00,"100 מ""ל",false,,19.90,0.0302,true,1,8775
8001090832573,false,פנטן שמפו לחות מוגבר,פרוקטר אנד גמבל,RO,פנטן,מיליליטרים,660.00,"100 מ""ל",false,,19.90,0.0302,true,1,8776
8001090832610,false,פנטן שמפו למגע רך כמ,פרוקטר אנד גמבל,RO,פנטן,מיליליטרים,660.00,"100 מ""ל",false,,19.90,0.0302,true,1,8777
8001090832771,false,פנטן שמפו הזנת קרטין,פרוקטר אנד גמבל,RO,פנטן,מיליליטרים,660.00,"100 מ""ל",false,,19.90,0.0302,true,1,8779
8001090832818,false,פנטן קונדישנר נוסחה,פרוקטר אנד גמבל,RO,פנטן,מיליליטרים,660.00,"100 מ""ל",false,,19.90,0.0302,true,1,8780
8001090832856,false,פנטן קונדישנר מרוקאי,פרוקטר אנד גמבל,RO,פנטן,מיליליטרים,660.00,"100 מ""ל",false,,19.90,0.0302,true,1,8781
8001090832894,false,פנטן קונדישנר לחות מ,פרוקטר אנד גמבל,RO,פנטן,מיליליטרים,660.00,"100 מ""ל",false,,19.90,0.0302,true,1,8782
8001090832931,false,פנטן קונדישנר למגע ר,פרוקטר אנד גמבל,RO,פנטן,מיליליטרים,660.00,"100 מ""ל",false,,19.90,0.0302,true,1,8783
8001090832979,false,פנטן מרכך לתלתלים מו,פרוקטר אנד גמבל,RO,פנטן,מיליליטרים,660.00,"100 מ""ל",false,,19.90,0.0302,true,1,8784
8001090833051,false,פנטן מרכך הזנת קרטין,פרוקטר אנד גמבל,RO,פנטן,מיליליטרים,660.00,"100 מ""ל",false,,19.90,0.0302,true,1,8785
8001090899194,false,תחבושת אולוויז פלטינ,פרוקטר אנד גמבל,DE,אולוויז,יח,24.00,יח,false,,16.90,0.7042,true,1,8798
8001090899224,false,תחבושת אולוויז פלטינ,פרוקטר אנד גמבל,DE,אולוויז,יח,20.00,יח,false,,16.90,0.8450,true,1,8799
8001090899255,false,תחבושת אולוויז פלטינ,פרוקטר אנד גמבל,DE,אולוויז,יח,16.00,יח,false,,16.90,1.0562,true,1,8800
8001090899286,false,תחבושת אולוויז פלטינ,פרוקטר אנד גמבל,DE,אולוויז,יח,14.00,יח,false,,16.90,1.2071,true,1,8801
8001090992338,false,פיירי טבליות למדיח פ,פרוקטר אנד גמבל,BE,פיירי,יח',50.00,יח',false,,44.90,0.8980,true,1,8811
8001160000888,false,משקה גטורייד ספורט ת,ALOE VERA HEAVEN SRL,IT,גטורייד,מיליליטרים,500.00,"100 מ""ל",false,,9.90,0.0198,true,1,12650
8001160001786,false,משקה גטורייד ספורט כ,ALOE VERA HEAVEN SRL,IT,גטורייד,מיליליטרים,500.00,"100 מ""ל",false,,9.90,0.0198,true,1,12651
8001505000177,false,Fiordifrutta - מעדן,,,Fiordifrutta - מעדן,יחידה,250.00,יחידה,false,,19.90,0.0796,true,1,39304
8001620015636,false,פרוטה מיקס פירות 400,סאן בנדטו,,פרוטה מיקס פירות 400,מיליליטרים,400.00,"100 מ""ל",false,,6.50,0.0163,true,1,37037
8001620017456,false,סאן בנדטו שישייה 500,טמפו,,סאן בנדטו שישייה 500,מיליליטרים,3000.00,"100 מ""ל",false,,13.90,0.0046,true,1,12655
8001620018408,false,פרוטה מנגו תפוח 400,סאן בנדטו,,פרוטה מנגו תפוח 400,מיליליטרים,400.00,"100 מ""ל",false,,6.50,0.0163,true,1,37038
8001841006710,false,לנור כדוריות בניחוח,פרוקטר אנד גמבל,GB,לנור,גרמים,210.00,100 גרם,false,,24.90,0.1186,true,1,8815
8001841053646,false,תחבוושת אולוויז עבה,פרוקטר אנד גמבל,HU,אולוויז,יח',14.00,יח',false,,9.90,0.7071,true,1,8816
8001841053684,false,תחבושות אולוויז עבה,פרוקטר אנד גמבל,HU,אולוויז,יח',12.00,יח',false,,9.90,0.8250,true,1,8817
8001841096889,false,פיירי קלאסי לימון 90,פרוקטר אנד גמבל,TR,פיירי,מיליליטרים,900.00,"100 מ""ל",false,,6.90,0.0077,true,1,8818
8001841104799,false,פמפרס פרימיום VP מיד,פרוקטר אנד גמבל,TR,Pampers,יח',46.00,יח',false,,29.90,0.6500,true,1,8820
8001841137179,false,קונדישנר הד שולדרס 2,פרוקטר אנד גמבל,RO,הד שולדרס,מיליליטרים,275.00,"100 מ""ל",false,,9.90,0.0360,true,1,8822
8001841137216,false,קונדישנר הד שולדרס 2,פרוקטר אנד גמבל,RO,הד שולדרס,מיליליטרים,275.00,"100 מ""ל",false,,9.90,0.0360,true,1,8823
8001841500942,false,הרבל אסנס שמפו ללא ס,פרוקטר אנד גמבל,FR,הרבל אסנסס,מיליליטרים,380.00,"100 מ""ל",false,,14.90,0.0392,true,1,8833
8001841566771,false,לנור כדוריות 210 גרם,פרוקטר אנד גמבל,US,לנור,גרמים,210.00,100 גרם,false,,24.90,0.1186,true,1,8836
8001841625188,false,פיירי לימון פלטיניום,פרוקטר אנד גמבל,GB,פיירי,מיליליטרים,515.00,"100 מ""ל",false,,8.90,0.0173,true,1,8838
8001841625461,false,פיירי פלטיניום 515 מ,פרוקטר אנד גמבל,GB,פיירי,מיליליטרים,515.00,"100 מ""ל",false,,8.90,0.0173,true,1,8840
8001841680989,false,מגן תח. אולוויז מגה,פרוקטר אנד גמבל,DE,אולוויז,יח',60.00,יח',false,,16.90,0.2817,true,1,8846
8001841716596,false,שולדרס ג'ל רחצה ושמפ,,FR,שולדרס,מיליליטרים,360.00,"100 מ""ל",false,,16.90,0.0469,true,1,34469
8001841941929,false,אולוויז וליו פק לילי,פרוקטר אנד גמבל,DE,אולוויז,יח',16.00,יח',false,,16.90,1.0562,true,1,35622
8001841943961,false,לנור כדוריות 210 גרם,פרוקטר אנד גמבל,US,לנור,גרמים,210.00,100 גרם,false,,24.90,0.1186,true,1,8847
8002270015656,false,מים סאן פלגרינו 750,ברקן סגל,IL,ס.פלגרינו,מיליליטרים,750.00,"100 מ""ל",false,,9.50,0.0127,true,1,12656
8002450201008,false,*מבצע* ורדי רסברי,בוסקה,IT,ורדי,מיליליטרים,750.00,"100 מ""ל",false,,19.90,0.0265,true,1,12175
8002450202005,false,*מבצע* ורדי אסאי,בוסקה,IT,ורדי,מיליליטרים,750.00,"100 מ""ל",false,,19.90,0.0265,true,1,12176
8002450204009,false,*מבצע* ורדי אפרסק,בוסקה,IT,ורדי,מיליליטרים,750.00,"100 מ""ל",false,,19.90,0.0265,true,1,12178
8002450205006,false,*מבצע* ורדי תות שדה,בוסקה,IT,ורדי,מיליליטרים,750.00,"100 מ""ל",false,,19.90,0.0265,true,1,12179
8002450206003,false,*מבצע* ורדי רימונים,בוסקה,IT,ורדי,מיליליטרים,750.00,"100 מ""ל",false,,19.90,0.0265,true,1,12180
8002450208007,false,*מבצע* ורדי גרין אפל,בוסקה,IT,ורדי,מיליליטרים,750.00,"100 מ""ל",false,,19.90,0.0265,true,1,12184
8002450209004,false,*מבצע* ורדי רוזה,בוסקה,IT,ורדי,מיליליטרים,750.00,"100 מ""ל",false,,19.90,0.0265,true,1,12186
8003653008258,false,"מגב לרצפה 44 ס""מ עם",TONKITA,IT,טונקיטה,יח',1.00,יח',false,,19.90,19.9000,true,1,8904
8003653008708,false,"מגב ריצפה 55 ס""מ",TONKITA,IT,טונקיטה,יח',1.00,יח',false,,29.90,29.9000,true,1,8905
8003653010305,false,מטאטא,TONKITA,IT,טונקיטה,יח',1.00,יח',false,,24.90,24.9000,true,1,8906
8004030022010,false,ריו מארה אינסלטיסימי,בולטון,IT,ריו מרה טונה ירקות גינה 1,גרמים,160.00,100 גרם,false,,16.90,0.1056,true,1,23463
8004030026018,false,ריו מרה אנסלטיסימי מ,בולטון,IT,ריו מרה טונה מקסיקני 160,גרמים,160.00,100 גרם,false,,16.90,0.1056,true,1,23464
8004030102033,false,ריו מרה טונה בשמן זי,BOLTON GROUP- RIO,IT,ריו מרה,גרמים,240.00,100 גרם,false,,27.90,0.1162,true,1,23467
8004030177000,false,ריו מרה טונה בשמן זי,BOLTON GROUP- RIO,IT,ריו מרה,גרמים,240.00,100 גרם,false,,27.90,0.1162,true,1,23470
8004030344938,false,ריו מרה טונה בשמן זי,BOLTON GROUP- RIO,IT,ריו מרה,גרמים,240.00,100 גרם,false,,27.90,0.1162,true,1,23473
8004800000064,false,*מבצע* גלילי וופל לא,לאגו,IT,*מבצע* גלילי וופל לא,גרמים,100.00,100 גרם,false,,9.90,0.0990,true,1,40991
8004800000071,false,*מבצע* גלילי וופל לא,לאגו,IT,*מבצע* גלילי וופל לא,גרמים,100.00,100 גרם,false,,9.90,0.0990,true,1,40992
8004800004826,false,*מבצע* וופל לאגו במי,לאגו,IT,*מבצע* וופל לאגו במי,גרמים,98.00,100 גרם,false,,9.90,0.1010,true,1,40994
8004800005502,false,*מבצע* גלילי וופל לא,לאגו,IT,*מבצע* גלילי וופל לא,גרמים,125.00,100 גרם,false,,7.90,0.0632,true,1,40995
8004800005519,false,*מבצע* גלילי וופל לא,לאגו,IT,*מבצע* גלילי וופל לא,גרמים,125.00,100 גרם,false,,7.90,0.0632,true,1,40996
8004800005526,false,*מבצע* גלילי וופל לא,לאגו,IT,*מבצע* גלילי וופל לא,גרמים,125.00,100 גרם,false,,7.90,0.0632,true,1,40997
8005110551253,false,רוטב לפיצה 400 גרם,mutti s.p.a,IT,MUTTI,גרמים,400.00,100 גרם,false,,7.90,0.0198,true,1,29894
8005200256587,false,נסטי בטעם אפרסק 1.5,סן-פלגרינו,IL,נסטי,ליטרים,1.50,ליטר,false,,8.30,5.5333,true,1,36093
8005803010357,false,גריסיני קלאסי 125 גר,הוסטה איטליה,IT,גריסיני קלאסי 125 גר,גרמים,125.00,100 גרם,false,,5.90,0.0472,true,1,14128
8005803010371,false,גריסיני רוזמרין 125,הוסטה איטליה,IT,גריסיני רוזמרין 125,גרמים,125.00,100 גרם,false,,5.90,0.0472,true,1,14129
8005803010586,false,גריסיני פיצה 125 גרם,הוסטה איטליה,IT,גריסיני פיצה 125 גרם,גרמים,125.00,100 גרם,false,,5.90,0.0472,true,1,14130
8005803010661,false,גריסיני שומשום 125 ג,הוסטה איטליה,IT,גריסיני שומשום 125 ג,גרמים,125.00,100 גרם,false,,5.90,0.0472,true,1,14131
8006050090239,false,חומץ בלסמי ממודנה -,,,חומץ בלסמי ממודנה -,גרמים,500.00,100 גרם,false,,27.90,0.0558,true,1,39313
8006540091937,false,לנור כדוריות בניחוח,פרוקטר אנד גמבל,GB,לנור,גרמים,210.00,100 גרם,false,,24.90,0.1186,true,1,35557
8006540112793,false,מרכך לנור מרוכז בניח,פרוקטר אנד גמבל,FR,לנור,מיליליטרים,900.00,"100 מ""ל",false,,14.90,0.0166,true,1,8852
8006540112823,false,מרכך לנור מרוכז בניח,פרוקטר אנד גמבל,FR,לנור,מיליליטרים,900.00,"100 מ""ל",false,,14.90,0.0166,true,1,8853
8006540112854,false,מרכך לנור מרוכז בניח,פרוקטר אנד גמבל,FR,לנור,מיליליטרים,900.00,"100 מ""ל",false,,14.90,0.0166,true,1,8854
8006540353004,false,טמפונים טמפקס פרל סו,פרוקטר אנד גמבל,HU,Fem Care,יח',18.00,יח',false,,19.90,1.1056,true,1,35989
8006540358498,false,טמפונים טמפקס פרל סו,פרוקטר אנד גמבל,HU,Fem Care,יח',18.00,יח',false,,19.90,1.1056,true,1,36210
8006540404850,false,תחבושות אולוויז דיסק,p&g,DE,תחבושות אולוויז דיסק,יח',10.00,יח',false,,14.90,1.4900,true,1,41667
8006540404898,false,תחבושות אולוויז דיסק,p&g,DE,תחבושות אולוויז דיסק,יח',8.00,יח',false,,14.90,1.8625,true,1,41668
8006540404935,false,תחבושות אולוויז דיסק,p&g,DE,תחבושות אולוויז דיסק,יח',12.00,יח',false,,14.90,1.2417,true,1,41669
8006540425930,false,אריאל קפסולות לכביסה,פרוקטר אנד גמבל,FR,Ariel,יח',24.00,יח',false,,29.90,1.2458,true,1,36397
8006540463550,false,פיירי טבליות למדיח פ,פרוקטר אנד גמבל,BE,פיירי,יח',63.00,יח',false,,44.90,0.7127,true,1,40121
8006540491539,false,פיירי פלטינום אורגינ,פרוקטר אנד גמבל,GB,פיירי,מיליליטרים,780.00,"100 מ""ל",false,,11.90,0.0153,true,1,40641
8006540495186,false,מרכך לנור מרוכז בייב,פרוקטר אנד גמבל,FR,לנור,מיליליטרים,900.00,"100 מ""ל",false,,14.90,0.0166,true,1,39552
8006540495216,false,מרכך לנור מרוכז בניו,פרוקטר אנד גמבל,FR,לנור,מיליליטרים,900.00,"100 מ""ל",false,,14.90,0.0166,true,1,39734
8006540495247,false,מרכך לנור מרוכז פרחי,פרוקטר אנד גמבל,FR,לנור,מיליליטרים,900.00,"100 מ""ל",false,,14.90,0.0166,true,1,42825
8007178120310,false,חומץ בלסמי גקובזי 50,FATTORIE GIACOBAZZI,IT,ז'קובזי,מיליליטרים,500.00,"100 מ""ל",false,,17.90,0.0358,true,1,25803
8007520024402,false,מור יוניקו מונופקטאי,,,מור יוניקו מונופקטאי,גרמים,150.00,100 גרם,false,,5.90,0.0393,true,1,42751
8007520024426,false,מור יוניקו מונופקטאי,,,מור יוניקו מונופקטאי,גרמים,150.00,100 גרם,false,,5.90,0.0393,true,1,42753
8007520024501,false,פאוץ מיגליאור כבש 10,,,פאוץ מיגליאור כבש 10,גרמים,100.00,100 גרם,false,,4.90,0.0490,true,1,38617
8007520024532,false,פאוץ מיגליאור הודו 1,,,פאוץ מיגליאור הודו 1,גרמים,100.00,100 גרם,false,,4.90,0.0490,true,1,38618
8007520098038,false,מורנדו בוגר מיני עוף,,,מורנדו בוגר מיני עוף,קילוגרמים,1.50,"ק""ג",false,,29.90,19.9333,true,1,38551
8008245004847,false,*מבצע* ממרח אגוזי לו,נאטקו,IT,*מבצע* ממרח אגוזי לו,גרמים,300.00,100 גרם,false,,12.90,0.0430,true,1,15350
8008245004861,false,*מבצע* ממרח אגוזי לו,נאטקו,IT,*מבצע* ממרח אגוזי לו,גרמים,300.00,100 גרם,false,,12.90,0.0430,true,1,15351
8008660210038,false,*מבצע* מעדן תות שדה,מנד אנד גאסר,IT,*מבצע* מעדן תות שדה,גרמים,300.00,100 גרם,false,,14.90,0.0497,true,1,20073
8008660210045,false,*מבצע* מעדן פירות יע,מנד אנד גאסר,IT,*מבצע* מעדן פירות יע,גרמים,300.00,100 גרם,false,,14.90,0.0497,true,1,20074
8008660210069,false,*מבצע* מעדן פרי אפרס,מנד אנד גאסר,IT,*מבצע* מעדן פרי אפרס,גרמים,320.00,100 גרם,false,,14.90,0.0466,true,1,20076
8008857114194,false,פסטה רג'יה ללא גלוטן,רגיה,IT,פסטה רג'יה ללא גלוטן,גרמים,400.00,100 גרם,false,,8.90,0.0223,true,1,39120
8008857200057,false,פסטה רג'יה ספגטי שטו,רגיה,IT,תומר,גרמים,500.00,100 גרם,false,,4.90,0.0098,true,1,22528
8008857200194,false,פסטה רג'יה ספגטי 500,רגיה,IT,תומר,גרמים,500.00,100 גרם,false,,4.90,0.0098,true,1,22529
8008857200200,false,פסטה רג'יה ספגטי דק,,,פסטה רג'יה איטלקית 500 גר,גרמים,500.00,100 גרם,false,,4.90,0.0098,true,1,22530
8008857300238,false,פסטה רג'יה גליל 500,רגיה,IT,תומר,גרמים,500.00,100 גרם,false,,4.90,0.0098,true,1,22531
8008857300344,false,פסטה רג'יה צינור 500,רגיה,IT,תומר,גרמים,500.00,100 גרם,false,,4.90,0.0098,true,1,22532
8008857300481,false,פסטה רג'יה בורג  500,רגיה,IT,תומר,גרמים,500.00,100 גרם,false,,4.90,0.0098,true,1,22534
8008857300580,false,פסטה רג'יה איטלקית 5,,,פסטה רג'יה איטלקית 5,גרמים,500.00,100 גרם,false,,4.90,0.0098,true,1,22536
8008857300634,false,פסטה רג'יה תלתל 500,רגיה,IT,תומר,גרמים,500.00,100 גרם,false,,4.90,0.0098,true,1,22537
8008857300641,false,פסטה רג'יה קונכיה 50,רגיה,IT,תומר,גרמים,500.00,100 גרם,false,,4.90,0.0098,true,1,22538
8008857406152,false,אטריות עגולות עבות 5,רגיה,IT,תומר,גרמים,500.00,100 גרם,false,,7.90,0.0158,true,1,22542
8008857500003,false,אטריות עגולות דקות ר,רגיה,IT,תומר,גרמים,500.00,100 גרם,false,,7.90,0.0158,true,1,22543
8008857601052,false,לזניה רג'יה 500 גרם,giglio specialite pa,IT,לזניה רג'יה 500 גרם,גרמים,500.00,100 גרם,false,,8.90,0.0178,true,1,22544
8008912010034,false,ספגטי ליגורי מספר 3,פסטה ליגורי,IT,ליגורי,גרמים,500.00,100 גרם,false,,7.90,0.0158,true,1,20077
8008912010072,false,פסטה ליגורי 500 גר מ,פסטה ליגורי,IT,ליגורי,גרמים,500.00,100 גרם,false,,7.90,0.0158,true,1,20078
8008912010300,false,פסטה ליגורי פרפלה 50,פסטה ליגורי,IT,ליגורי,גרמים,500.00,100 גרם,false,,7.90,0.0158,true,1,20080
8008912010317,false,פסטה ליגורי פוזילי 5,פסטה ליגורי,IT,ליגורי,גרמים,500.00,100 גרם,false,,7.90,0.0158,true,1,20081
8008912010423,false,פסטה ליגורי פנה ריגט,פסטה ליגורי,IT,ליגורי,גרמים,500.00,100 גרם,false,,7.90,0.0158,true,1,20083
8008990000040,false,מטאטא,TONKITA,IT,טונקיטה,יח',1.00,יח',false,,24.90,24.9000,true,1,8911
8008990000750,false,מברשת לניקוי אסלות,TONKITA,IT,טונקיטה,יח',1.00,יח',false,,7.90,7.9000,true,1,8917
8008990002167,false,יעה עם מקל מתכת,,,יעה עם מקל מתכת,יח',1.00,יח',false,,16.90,16.9000,true,1,8924
8008990008923,false,דלי אובלי 13 ל,,,דלי אובלי 13 ל,ליטרים,13.00,ליטר,false,,19.90,1.5308,true,1,8927
8008990061508,false,מטאטא,TONKITA,IT,טונקיטה,יח',1.00,יח',false,,24.90,24.9000,true,1,8928
8009470009041,false,"סימבה בקר לחתול 2 ק""",,,"סימבה בקר לחתול 2 ק""",קילוגרמים,2.00,"ק""ג",false,,34.90,17.4500,true,1,38557
8009470009171,false,סימבה לכלב צייד 415,,,סימבה לכלב צייד 415,גרמים,415.00,100 גרם,false,,4.00,0.0096,true,1,33361
8009470016063,false,"סימבה עוף לחתול 2 ק""",,,"סימבה עוף לחתול 2 ק""",קילוגרמים,2.00,"ק""ג",false,,34.90,17.4500,true,1,38558
8017938005764,false,מיץ תפוחים אורגני 10,,,מיץ תפוחים אורגני 10,יחידה,0.00,יחידה,false,,20.90,0.0000,true,1,39319
8024985000079,false,נטורה נובה - מחית תפ,,,נטורה נובה - מחית תפ,גרמים,200.00,100 גרם,false,,8.90,0.0445,true,1,39324
8024985000086,false,נטורה נובה - מחית תפ,,,נטורה נובה - מחית תפ,גרמים,200.00,100 גרם,false,,8.90,0.0445,true,1,39325
8024985000116,false,נטורה נובה - מחית תפ,,,נטורה נובה - מחית תפ,גרמים,200.00,100 גרם,false,,8.90,0.0445,true,1,39326
8024985002783,false,נטורה נובה - סמוזי ג,,,נטורה נובה - סמוזי ג,גרמים,100.00,100 גרם,false,,4.90,0.0490,true,1,39327
8024985002967,false,נטורה נובה - סמוזי ב,,,נטורה נובה - סמוזי ב,גרמים,100.00,100 גרם,false,,4.90,0.0490,true,1,39330
8024985003988,false,נטורה נובה - סמוזי ת,נטורה נובה,IT,נטורה נובה - סמוזי ת,גרמים,100.00,100 גרם,false,,4.90,0.0490,true,1,17359
8024985004299,false,נטורה נובה - סמוזי פ,,,נטורה נובה - סמוזי פ,גרמים,400.00,100 גרם,false,,19.90,0.0497,true,1,39331
8024985005234,false,נטורה נובה - סמוזי מ,נטורה נובה,IT,נטורה נובה - סמוזי מ,גרמים,100.00,100 גרם,false,,4.90,0.0490,true,1,17360
8024985008051,false,נטורה נובה - סמוזי פ,נטורה נובה,IT,נטורה נובה - סמוזי פ,גרמים,100.00,100 גרם,false,,4.90,0.0490,true,1,17363
8032793342458,false,*מבצע* עגבניות מרוסק,קונסוריזיו דל פרומוד,IT,*מבצע* עגבניות מרוסק,גרמים,700.00,100 גרם,false,,8.90,0.0127,true,1,7362
8032793344292,false,*מבצע* עגבניות חתוכו,קונסוריזיו דל פרומוד,IT,*מבצע* עגבניות חתוכו,גרמים,700.00,100 גרם,false,,8.90,0.0127,true,1,7365
8032793344520,false,רסק עגבניות בשפורפרת,קונסוריזיו דל פרומוד,IT,רסק עגבניות בשפורפרת,גרמים,200.00,100 גרם,false,,7.90,0.0395,true,1,7366
8032804430501,false,פליסיה קופסא - פוזיל,,,פליסיה קופסא - פוזיל,גרמים,250.00,100 גרם,false,,12.90,0.0516,true,1,39341
8032804430761,false,פליסיה קופסא - לזניה,,,פליסיה קופסא - לזניה,גרמים,250.00,100 גרם,false,,19.90,0.0796,true,1,39342
8032804430914,false,פליסיה קופסא - פנה ש,,,פליסיה קופסא - פנה ש,גרמים,340.00,100 גרם,false,,16.90,0.0497,true,1,39343
8032804430976,false,פליסיה קופסא - ריגטו,,,פליסיה קופסא - ריגטו,גרמים,340.00,100 גרם,false,,16.90,0.0497,true,1,39345
8032804432000,false,פליסיה קופסא - פנה כ,,,פליסיה קופסא - פנה כ,גרמים,340.00,100 גרם,false,,16.90,0.0497,true,1,39347
8076800105735,false,"פנה ריגטה ברילה 1 ק""",ברילה,IT,"פנה ריגטה ברילה 1 ק""",קילוגרמים,1.00,"ק""ג",false,,12.90,12.9000,true,1,42110
8076800105988,false,"פוזילי ברילה 1 ק""ג",ברילה,IT,"פוזילי ברילה 1 ק""ג",קילוגרמים,1.00,"ק""ג",false,,12.90,12.9000,true,1,42111
8076800195019,false,ברילה צ.א ספגטי מס1,BARILLA,IT,ברילה,גרמים,500.00,100 גרם,false,,6.90,0.0138,true,1,23479
8076800195033,false,פסטה ברילה צורות צ.א,BARILLA,IT,ברילה,גרמים,500.00,100 גרם,false,,6.90,0.0138,true,1,23480
8076800195057,false,פסטה ברילה צורות צ.א,BARILLA,IT,ברילה,גרמים,500.00,100 גרם,false,,6.90,0.0138,true,1,23481
8076800195132,false,פסטה ברילה צורות צ.א,BARILLA,IT,ברילה,גרמים,500.00,100 גרם,false,,6.90,0.0138,true,1,23482
8076800315097,false,פסטה ברילה צורות צ.א,BARILLA,IT,ברילה,גרמים,500.00,100 גרם,false,,6.90,0.0138,true,1,23483
8076802085738,false,פסטה ברילה צורות צ.ק,BARILLA,IT,ברילה,גרמים,500.00,100 גרם,false,,6.90,0.0138,true,1,23487
8076802085837,false,פסטה ברילה צורות צ.ק,BARILLA,IT,ברילה,גרמים,500.00,100 גרם,false,,6.90,0.0138,true,1,23488
8076802085981,false,פסטה ברילה צורות צ.ק,BARILLA,IT,ברילה,גרמים,500.00,100 גרם,false,,6.90,0.0138,true,1,23490
8076808060654,false,פסטה ברילה צורות צ.ק,BARILLA,IT,ברילה,גרמים,500.00,100 גרם,false,,6.90,0.0138,true,1,23492
8076808070882,false,ברילה צ.מ קנלוני מס8,BARILLA,IT,ברילה,גרמים,500.00,100 גרם,false,,10.90,0.0218,true,1,23493
8076808150072,false,פסטה ברילה צורות צ.א,BARILLA,IT,ברילה,גרמים,500.00,100 גרם,false,,6.90,0.0138,true,1,23494
8076809512268,false,פסטה ברילה צורות צ.ק,BARILLA,IT,ברילה,גרמים,500.00,100 גרם,false,,6.90,0.0138,true,1,23496
8076809513388,false,ברילה רוטב ארביאטה 4,BARILLA,IT,ברילה,גרמים,400.00,100 גרם,false,,14.90,0.0373,true,1,23497
8076809513692,false,ברילה רוטב נפולטנה 4,BARILLA,IT,ברילה,מיליליטרים,333.00,"100 מ""ל",false,,14.90,0.0447,true,1,23501
8076809513739,false,ברילה רוטב בזיליקום,BARILLA,IT,ברילה,גרמים,400.00,100 גרם,false,,14.90,0.0373,true,1,23503
8076809523738,false,ברילה צ.מ לזניה 500,BARILLA,IT,ברילה,גרמים,500.00,100 גרם,false,,19.90,0.0398,true,1,23511
8076809545440,false,ברילה ספגטי ללא גלוט,ברילה,IT,ברילה,גרמים,400.00,100 גרם,false,,14.90,0.0373,true,1,23519
8076809545457,false,ברילה צינורות ללא גל,ברילה,IT,ברילה,גרמים,400.00,100 גרם,false,,14.90,0.0373,true,1,23520
8076809545464,false,ברילה ספירלי ללא גלו,ברילה,IT,ברילה,גרמים,400.00,100 גרם,false,,14.90,0.0373,true,1,23521
8076809547956,false,פסטה ברילה צורות צ.ק,BARILLA,IT,ברילה,גרמים,500.00,100 גרם,false,,6.90,0.0138,true,1,23526
8076809580496,false,ברילה צ.מ פפירי,ברילה,IT,ברילה,גרמים,500.00,100 גרם,false,,12.90,0.0258,true,1,36439
8121300206946,false,*מבצע* טרוביה- סטיבי,cargil,US,טרוביה,גרמים,80.00,100 גרם,false,,9.90,0.1238,true,1,10766
8121300207004,false,*מבצע* טרוביה- סטיבי,cargil,US,טרוביה,גרמים,270.00,100 גרם,false,,24.90,0.0922,true,1,10767
8121300208780,false,טרוביה תחליף סוכר לכ,MSI EXPRESS,US,טרוביה תחליף סוכר לכ,גרמים,360.00,100 גרם,false,,34.90,0.0969,true,1,41268
8121300209466,false,טרוביה תחליף סוכר חו,MSI EXPRESS,US,טרוביה תחליף סוכר חו,גרמים,320.00,100 גרם,false,,34.90,0.1091,true,1,41269
8358110076302,false,כוסות לחיים 40 יחידו,בי רייט,CN,הנמל,יח',40.00,יח',false,,6.90,0.1725,true,1,10523
8410001135304,false,סקוטש ברייט כרית ניק,3M,US,סקוטש ברייט כרית ניק,יח',1.00,יח',false,,16.90,16.9000,true,1,42124
8410076600622,false,חטיפי קראנצי שבבי שו,ג'נרל מילס,ES,נייטשר ואלי,גרמים,210.00,100 גרם,false,,18.90,0.0900,true,1,14136
8410076600790,false,חטיפי דגנים נייצ'ר ו,,ES,נייצ'ר ואלי,גרמים,210.00,100 גרם,false,,14.90,0.0710,true,1,28455
8410076610379,false,נייצר ואלי שוקולד פר,ג'נרל מילס,ES,נייצר ואלי,גרמים,160.00,100 גרם,false,,23.90,0.1494,true,1,14140
8410076610386,false,נייצר ואלי קרמל פרוט,ג'נרל מילס,ES,נייצר ואלי,גרמים,160.00,100 גרם,false,,23.90,0.1494,true,1,14141
8410076610492,false,חטיפי צ'ואי בוטנים ח,ג'נרל מילס,ES,נייטשר ואלי,גרמים,210.00,100 גרם,false,,14.90,0.0710,true,1,14142
8410076610508,false,חטיפי צ'ואי שוקולד ח,ג'נרל מילס,ES,נייטשר ואלי,גרמים,210.00,100 גרם,false,,14.90,0.0710,true,1,14143
8410076621009,false,*מבצע* חטיף פייבר 1,גורפו זירו,ES,פייבר,גרמים,120.00,100 גרם,false,,12.90,0.1075,true,1,14159
8410076621047,false,*מבצע* חטיף פייבר 1,גורפו זירו,ES,פייבר,גרמים,120.00,100 גרם,false,,12.90,0.1075,true,1,14160
8410104039134,false,פיניש מחדש מדיח 250,RECKITT BENCKISER PR,PL,פיניש,מיליליטרים,250.00,"100 מ""ל",false,,14.90,0.0596,true,1,7711
8410104044916,false,פיניש 2.7 קג,RECKITT BENCKISER HU,DE,פיניש,קילוגרמים,2.70,"ק""ג",false,,39.90,14.7778,true,1,7712
8410104045111,false,פיניש מלח 2 קג,חברת המלח,IL,פיניש,קילוגרמים,2.00,"ק""ג",false,,14.90,7.4500,true,1,7713
8410104437268,false,פיניש ציטרופרש,RECKITT BENCKISER HU,HU,פיניש,יח',1.00,יח',false,,14.90,14.9000,true,1,7716
8410104511340,false,*מבצע* ויט רצועות הס,RECKITT BENCKISER FR,FR,ויט,יח',12.00,יח',false,,19.90,1.6583,true,1,7717
8410128768324,false,ויוה סוי משקה שקדים,קלידאד פסקואל,ES,ויוה סוי,ליטרים,1.00,ליטר,false,,11.90,11.9000,true,1,12667
8410128768355,false,ויוה סוי משקה סויה ק,קלידאד פסקואל,ES,ויוה סוי,ליטרים,1.00,ליטר,false,,10.90,10.9000,true,1,12668
8410128785734,false,ויוה סוי סויה בריסטה,קלידאד פסקואל,ES,ויוה סוי,ליטרים,1.00,ליטר,false,,10.90,10.9000,true,1,42923
8410179100043,false,*מבצע* שמן זית כתית,PONTU BORGES ACEITES,ES,שמן זית כתית מעולה,מיליליטרים,750.00,"100 מ""ל",false,,31.90,0.0425,true,1,24117
8410793262936,false,בקבוק דאורה דאם 330,,,בקבוק דאורה דאם 330,מיליליטרים,330.00,"100 מ""ל",false,,10.90,0.0330,true,1,9255
8412168002529,false,*מבצע* ערק מחייה 13,דיסטילריאס לה הורטנה,ES,מחייה,מיליליטרים,700.00,"100 מ""ל",false,,49.90,0.0713,true,1,6099
8420708012822,false,קשקבל בשלה 200 גרם,סאן ויסנצ'אה,ES,סאן ויסנצ'אה,גרמים,200.00,100 גרם,false,,24.90,0.1245,true,1,15358
8420708018817,false,מנצ'גו 150 גרם,סאן ויסנצ'אה,ES,סאן ויסנצ'ה,גרמים,150.00,100 גרם,false,,26.90,0.1793,true,1,15361
8420822130600,false,סופר מסיר שומנים 750,קה לורדה,ES,סופר מסיר שומנים 750,מיליליטרים,750.00,"100 מ""ל",false,,16.90,0.0225,true,1,36750
8420822130624,false,סופר מסיר כתמים  750,קה לורדה,ES,סופר מסיר כתמים  750,מיליליטרים,750.00,"100 מ""ל",false,,18.90,0.0252,true,1,36751
8421002292156,false,*מבצע* ארקוס סכין שף,,,*מבצע* ארקוס סכין שף,1,1.00,1,false,,79.90,79.9000,true,1,42393
8423207206495,false,מרבה סלים דליס שוקול,Biocentury,ES,מרבה,גרמים,120.00,100 גרם,false,,10.90,0.0908,true,1,23535
8423207206501,false,מרבה סלים דליס חצי מ,Biocentury,ES,מרבה,גרמים,120.00,100 גרם,false,,10.90,0.0908,true,1,23536
8423207208703,false,מרבה סלים דליס מהדור,Biocentury,ES,מרבה,גרמים,120.00,100 גרם,false,,10.90,0.0908,true,1,23541
8423207208871,false,*מבצע* פריכיות תירס,ביסנצ'ורי,ES,סלים דליס,גרמים,130.00,100 גרם,false,,7.90,0.0608,true,1,7367
8423207208888,false,*מבצע* פריכיות תירס,ביסנצ'ורי,ES,סלים דליס,גרמים,123.50,100 גרם,false,,7.90,0.0640,true,1,7368
8423207208895,false,*מבצע* פריכיות תירס,ביסנצ'ורי,ES,סלים דליס,גרמים,123.50,100 גרם,false,,7.90,0.0640,true,1,7369
8423207210928,false,מרבה סלים טופינג אגו,Vndmer,ES,מרבה,גרמים,90.00,100 גרם,false,,10.90,0.1211,true,1,23547
8423207210966,false,מרבה סלים טופינג קוק,Vndmer,ES,מרבה,גרמים,90.00,100 גרם,false,,10.90,0.1211,true,1,23549
8423207210980,false,מרבה סלים טופינג קלי,Vndmer,ES,מרבה,גרמים,90.00,100 גרם,false,,10.90,0.1211,true,1,23550
8424842050085,false,צ'יפס בטעם חרדל ודבש,RUBIO,ES,צ'יפס בטעם חרדל ודבש,גרמים,125.00,100 גרם,false,,12.90,0.1032,true,1,42562
8425206000081,false,ריבת חלב 450 גרם,MARDEL,ES,רנדי,גרמים,450.00,100 גרם,false,,19.90,0.0442,true,1,7371
8435495805199,false,תינוקלין 3 קג,פרוקטר אנד גמבל,TR,Tinokleen,קילוגרמים,3.00,"ק""ג",false,,39.90,13.3000,true,1,14175
8435495807605,false,מרכך תינוקלין לבן 1,סארוהאן,TR,מרכך תינוקלין לבן 1,מיליליטרים,1000.00,"100 מ""ל",false,,19.90,0.0199,true,1,14177
8435495807636,false,גל כביסה תינוקלין 2,,TR,תינוקלין,ליטרים,2.00,ליטר,false,,29.90,14.9500,true,1,14178
8435495819363,false,מרכך תינוקלין 1 ליטר,סארוהאן,TR,מרכך תינוקלין 1 ליטר,מיליליטרים,1000.00,"100 מ""ל",false,,19.90,0.0199,true,1,35281
8436575292205,false,*מבצע* חמשושים 15 יח,,,*מבצע* חמשושים 15 יח,גרמים,180.00,100 גרם,false,,17.90,0.0994,true,1,15735
8437008915456,false,טורטיה 5 דגנים,Azteca foods europe,ES,תומר,גרמים,320.00,100 גרם,false,,6.90,0.0216,true,1,22550
8445290341587,false,פנסי פטה דג לבן ועוף,,,פנסי פטה דג לבן ועוף,גרמים,85.00,100 גרם,false,,5.90,0.0694,true,1,40920
8445290341617,false,פנסי פטה עוף וסלמן 8,,,פנסי פטה עוף וסלמן 8,גרמים,85.00,100 גרם,false,,5.90,0.0694,true,1,39715
8445290341655,false,פנסי פטה עוף 85 ג,,,פנסי פטה עוף 85 ג,גרמים,85.00,100 גרם,false,,5.90,0.0694,true,1,39716
8445290427120,false,פיטנס שוקולד מריר וב,נסטלה צרפת איטנקורט,FR,FITNESS,גרמים,330.00,100 גרם,false,,19.90,0.0603,true,1,41238
8594006931328,false,בקבוק פרימטור וויצן,,CZ,בקבוק פרימטור וויצן,מיליליטרים,500.00,"100 מ""ל",false,,13.90,0.0278,true,1,12191
8680530570062,false,"סודה קסטל 6*200 מ""ל",,,"סודה קסטל 6*200 מ""ל",ליטרים,1.20,ליטר,false,,9.90,8.2500,true,1,38993
8681692200040,false,רקסי בוגר לחתול,,,רקסי בוגר לחתול,קילוגרמים,1.00,"ק""ג",false,,19.90,19.9000,true,1,42754
8681692200095,false,מייפוד גורי חתול 1 ק,,,מייפוד גורי חתול 1 ק,קילוגרמים,1.00,"ק""ג",false,,22.90,22.9000,true,1,38565
8682376710435,false,נייר טואלט בלינו 32,,,נייר טואלט בלינו 32,מטרים,512.00,מטר,false,,26.90,0.0525,true,1,43005
8683130008355,false,מיונז עם שום הלמנס ל,"בסטפוד - 3P ארה""ב Fo",US,HELLMANNS,גרמים,400.00,100 גרם,false,,14.90,0.0373,true,1,34953
8683130008935,false,קטשיונז 425 גר',"בסטפוד - 3P ארה""ב Fo",US,HELLMANNS,גרמים,425.00,100 גרם,false,,14.90,0.0351,true,1,36309
8683130025574,false,בדין אקסטרא לבנדר 96,יונילוור - תורכיה,TR,BADIN,מיליליטרים,960.00,"100 מ""ל",false,,15.90,0.0166,true,1,38085
8683130025581,false,בדין אקסטרא ענבר 960,יונילוור - תורכיה,TR,BADIN,מיליליטרים,960.00,"100 מ""ל",false,,15.90,0.0166,true,1,38086
8683323063024,false,חמצוצים בטעם תותי פר,סאדאט,TR,יוגטה,גרמים,220.00,100 גרם,false,,5.90,0.0268,true,1,14182
8690120060170,false,וופל מצופה שוקולד חל,טורקו,TR,וופל מצופה שוקולד חל,גרמים,35.00,100 גרם,false,,1.50,0.0429,true,1,38032
8690120060408,false,וופל מצופה שוקולד אג,טורקו,TR,וופל מצופה שוקולד אג,גרמים,32.00,100 גרם,false,,1.50,0.0469,true,1,38033
8690120129006,false,וופל מצופה שוקולד מר,טורקו,TR,וופל מצופה שוקולד מר,גרמים,35.00,100 גרם,false,,1.50,0.0429,true,1,38034
8690325106093,false,פסטה פוזילי 400 גרם,TAT MAKARNA,TR,פסטה פוזילי 400 גרם,גרמים,400.00,100 גרם,false,,3.50,0.0088,true,1,38837
8690325118096,false,פסטה פנה 400 גרם,TAT MAKARNA,TR,פסטה פנה 400 גרם,גרמים,400.00,100 גרם,false,,3.50,0.0088,true,1,38843
8690325122093,false,פסטה ספגטי 400 גרם,TAT MAKARNA,TR,פסטה ספגטי 400 גרם,גרמים,400.00,100 גרם,false,,3.50,0.0088,true,1,38844
8690504081913,false,טינס מצופה שוקולד חל,ויסוצקי,IL,ויסוצקי,גרמים,150.00,100 גרם,false,,9.90,0.0660,true,1,20090
8690504081920,false,טינס מצופה שוקולד מר,ויסוצקי,IL,ויסוצקי,גרמים,150.00,100 גרם,false,,9.90,0.0660,true,1,20091
8690504081937,false,טינס מצופה שוקולד חל,ויסוצקי,IL,ויסוצקי,גרמים,150.00,100 גרם,false,,9.90,0.0660,true,1,20092
8690504153740,false,טבלת ש. מריר עם ש. מ,גודייבה,TR,טבלת ש. מריר עם ש. מ,גרמים,86.00,100 גרם,false,,13.90,0.1616,true,1,20094
8690526009278,false,חטיף קרמל 126גר,eti gida sanayi,TR,ETI,גרמים,126.00,100 גרם,false,,7.90,0.0627,true,1,10771
8690526009353,false,חטיף נוגט 140גר,eti gida sanayi,TR,ETI,גרמים,140.00,100 גרם,false,,7.90,0.0564,true,1,10776
8690526019185,false,וופל חלב 142גר,eti gida sanayi,TR,ETI,גרמים,142.00,100 גרם,false,,4.90,0.0345,true,1,10780
8690526029207,false,וופל במילוי קרם קקאו,eti gida sanayi,TR,ETI,גרמים,145.00,100 גרם,false,,7.90,0.0545,true,1,35630
8690526029238,false,וופל ש.מריר 3*50 גרם,eti gida sanayi,TR,ETI,גרמים,150.00,100 גרם,false,,7.90,0.0527,true,1,35631
8690572783931,false,*מבצע* דאודורנט ספרי,שוורצקופף והנקל,DE,פה,מיליליטרים,200.00,"100 מ""ל",false,,9.90,0.0495,true,1,5816
8690572788851,false,"שמפו ביו -טק 400 מ""ל",שוורצקופף והנקל,DE,גליס,מיליליטרים,400.00,"100 מ""ל",false,,16.90,0.0422,true,1,5829
8690572794715,false,"מרכך להזנה 400 מ""ל",שוורצקופף והנקל,DE,גליס,מיליליטרים,400.00,"100 מ""ל",false,,16.90,0.0422,true,1,37200
8690637073373,false,ליפטון ארלגרי 25 מעט,יונילוור - תורכיה,TR,LIPTON TEA,גרמים,50.00,100 גרם,false,,7.90,0.1580,true,1,20984
8690637073434,false,*מבצע* ליפטון ארלגרי,,,תה ליפטון ארל גריי,גרמים,200.00,100 גרם,false,,19.90,0.0995,true,1,20985
8690637504426,false,סיף קרם לימון,יונילוור - תורכיה,TR,CIF,מיליליטרים,500.00,"100 מ""ל",false,,10.90,0.0218,true,1,35675
8690637505607,false,בדין אקסטרא פינוק כח,יונילוור - תורכיה,TR,BADIN,מיליליטרים,960.00,"100 מ""ל",false,,15.90,0.0166,true,1,34318
8690637506956,false,דאב שמפו למניעת קשקש,יונילוור - תורכיה,TR,DOVE,מיליליטרים,600.00,"100 מ""ל",false,,15.90,0.0265,true,1,41117
8690637555084,false,בדין אקסטרא פריחת הת,יונילוור - תורכיה,TR,BADIN,מיליליטרים,960.00,"100 מ""ל",false,,15.90,0.0166,true,1,20991
8690637704376,false,"דאב שמפו 600 מ""ל",יונילוור - תורכיה,TR,DOVE,מיליליטרים,600.00,"100 מ""ל",false,,15.90,0.0265,true,1,21009
8690637704390,false,"דאב מרכך 600 מ""ל",יונילוור - תורכיה,TR,DOVE,מיליליטרים,600.00,"100 מ""ל",false,,15.90,0.0265,true,1,21010
8690637704413,false,"דאב מרכך משקם 600 מ""",יונילוור - תורכיה,TR,DOVE,מיליליטרים,600.00,"100 מ""ל",false,,15.90,0.0265,true,1,21011
8690637704437,false,"דאב שמפו 600 מ""ל",יונילוור - תורכיה,TR,DOVE,מיליליטרים,600.00,"100 מ""ל",false,,15.90,0.0265,true,1,21012
8690637799594,false,ליפטון ירוקנענעמרוקא,יוניליוור,TR,ליפטון,גרמים,30.00,100 גרם,false,,16.90,0.5633,true,1,21017
8690637835643,false,תה ירוק לימונית לואי,יוניליוור,TR,ליפטון,גרמים,30.00,100 גרם,false,,16.90,0.5633,true,1,21018
8690637858734,false,סיף גל אקונומיקה לימ,יונילוור - תורכיה,TR,CIF,מיליליטרים,750.00,"100 מ""ל",false,,10.90,0.0145,true,1,21022
8690637866654,false,ליפטון תה ירוק קלאסי,,,ליפטון תה ירוק קלאסי,יח',50.00,יח',false,,24.90,0.4980,true,1,21027
8690637871061,false,"דאב שמפו 600 מ""ל",יונילוור - תורכיה,TR,DOVE,מיליליטרים,600.00,"100 מ""ל",false,,15.90,0.0265,true,1,21031
8690637916991,false,"דאב מרכך 600 מ""ל",יונילוור - תורכיה,TR,DOVE,מיליליטרים,600.00,"100 מ""ל",false,,15.90,0.0265,true,1,21043
8690637946301,false,בדין אקסטרא בייבי מת,יונילוור - תורכיה,TR,BADIN,מיליליטרים,960.00,"100 מ""ל",false,,15.90,0.0166,true,1,21049
8690637946318,false,בדין אקסטרא בייבי טל,יונילוור - תורכיה,TR,BADIN,מיליליטרים,960.00,"100 מ""ל",false,,15.90,0.0166,true,1,21050
8690637971310,false,בדין אקסטרא בניחוח י,יונילוור - תורכיה,TR,BADIN,מיליליטרים,960.00,"100 מ""ל",false,,15.90,0.0166,true,1,21051
8690637976995,false,בדין אקסטרא ורוד בני,יונילוור - תורכיה,TR,BADIN,מיליליטרים,960.00,"100 מ""ל",false,,15.90,0.0166,true,1,21054
8690734006830,false,סקושט ברייט 9 יח,M3,ES,סקוטש-ברייט,יח',9.00,יח',false,,14.90,1.6556,true,1,8931
8690766156367,false,שוקולד גודייבה חלב פ,גודייבה,TR,גודייבה,גרמים,90.00,100 גרם,false,,14.90,0.1656,true,1,20107
8690766156374,false,שוקולד מריר מעולה 72,גודייבה,TR,גודייבה,גרמים,90.00,100 גרם,false,,14.90,0.1656,true,1,20108
8690766156404,false,שוקולד מריר מעולה בט,גודייבה,TR,גודייבה,גרמים,90.00,100 גרם,false,,14.90,0.1656,true,1,20111
8690777203012,false,פלפל ירוק כבוש לא חר,קורהאן,TR,SERA,גרמים,300.00,100 גרם,false,,10.90,0.0363,true,1,11576
8690777204071,false,פלפל חריף 640 גרם,קורהאן,TR,SERA,גרמים,640.00,100 גרם,false,,10.90,0.0170,true,1,11577
8690777206051,false,חצילים קלויים 650 גר,קורהאן,TR,SERA,גרמים,650.00,100 גרם,false,,10.90,0.0168,true,1,11578
8690777221405,false,פלפל אדום קלוי על הא,קורהאן,TR,SERA,גרמים,650.00,100 גרם,false,,10.90,0.0168,true,1,11580
8690784516440,false,דאק נוזל בניחוח לבנד,ג'ונסון,NL,טואלט דאק נוזל,מיליליטרים,750.00,"100 מ""ל",false,,8.90,0.0119,true,1,8447
8690784614665,false,דאק סבון מוצק לאסלה,דאופלור אס.פי.אי כונ,IT,דאק,גרמים,38.60,100 גרם,false,,7.90,0.2047,true,1,8452
8690784614771,false,דאק סבון מוצק לאסלה,דאופלור אס.פי.אי כונ,IT,דאק,גרמים,38.60,100 גרם,false,,7.90,0.2047,true,1,8453
8691459106805,false,סט 3 קופסאות אחסון,,,סט 3 קופסאות אחסון,יח',3.00,יח',false,,24.90,8.3000,true,1,26625
8693357092518,false,שישיית כוסות מים שופ,,,שישיית כוסות מים שופ,יח',6.00,יח',false,,9.90,1.6500,true,1,2531
8694686405857,false,"מיטו מזון לחתול 1 ק""",,,"מיטו מזון לחתול 1 ק""",קילוגרמים,1.00,"ק""ג",false,,21.90,21.9000,true,1,33445
8696287302429,false,סט 3 קופסאות איחסון,,,סט 3 קופסאות איחסון,יח',3.00,יח',false,,14.90,4.9667,true,1,26627
8696486406416,false,"מיצ'ו חתולים 3 ק""ג",נסטלה פורינה  USA מק,US,"מיצ'ו חתולים 3 ק""ג",קילוגרמים,3.00,"ק""ג",false,,69.90,23.3000,true,1,33446
8697826469092,false,טורטיה קטנה 540 גרם,מוטלוקל,TR,טורטיה קטנה 540 גרם,גרמים,540.00,100 גרם,false,,9.90,0.0183,true,1,3726
8698996001150,false,ממחטות כיס עשיריה מי,לילה,TR,מיילו,יח',100.00,יח',false,,5.90,0.0590,true,1,12051
8710447224175,false,טרזמה שמפו משקם ביוט,,,טרזמה,מיליליטרים,400.00,"100 מ""ל",false,,14.90,0.0373,true,1,21059
8710447275306,false,דאב קרם ידיים,אתר ליוור - HPC,IL,DOVE,מיליליטרים,75.00,"100 מ""ל",false,,9.90,0.1320,true,1,21066
8710502279010,false,מרבה עוגיות שוקולד צ,"י.מרבה ישראל בע""מ",NL,עוגיות שוקולד ציפס,גרמים,225.00,100 גרם,false,,9.90,0.0440,true,1,23574
8710552274614,false,קליה קצף שטיחים,RECKITT BENCKISER UK,GB,וניש,מיליליטרים,600.00,"100 מ""ל",false,,29.90,0.0498,true,1,7719
8710800961310,false,מנטוס רביעייה,פרפטי ואן מלה,NL,מנטוס,גרמים,160.00,100 גרם,false,,10.90,0.0681,true,1,14228
8710847973970,false,תחליב דאב רחצה אלוור,יוניליוור גרמניה (בו,DE,DOVE,מיליליטרים,750.00,"100 מ""ל",false,,15.90,0.0212,true,1,21101
8710908326691,false,דאב תח. רחצה אדמונית,יוניליוור גרמניה (בו,DE,DOVE,מיליליטרים,750.00,"100 מ""ל",false,,15.90,0.0212,true,1,21119
8710908693809,false,מסכת קרטין טרזמה,,,מסכת קרטין טרזמה,מיליליטרים,300.00,"100 מ""ל",false,,29.90,0.0997,true,1,21129
8711000362556,false,לור קפסולות קפה אספר,JDE,FR,L'OR,גרמים,52.00,100 גרם,false,,16.90,0.3250,true,1,25818
8711000362570,false,לור קפסולות קפה אספר,JDE,FR,L'OR,גרמים,52.00,100 גרם,false,,16.90,0.3250,true,1,25819
8711000362631,false,לור קפסולות קפה אספר,JDE,FR,L'OR,גרמים,52.00,100 גרם,false,,16.90,0.3250,true,1,25821
8711000362747,false,לור קפסולות קפה אספר,JDE,FR,L'OR,גרמים,52.00,100 גרם,false,,16.90,0.3250,true,1,25824
8711000371176,false,ג'ייקובס קפסולות קפה,JDE,FR,גייקובס,גרמים,52.00,100 גרם,false,,14.90,0.2865,true,1,25825
8711000371183,false,ג'ייקובס קפסולות קפה,JDE,FR,גייקובס,גרמים,52.00,100 גרם,false,,14.90,0.2865,true,1,25826
8711000371206,false,ג'ייקובס קפסולות קפה,JDE,FR,גייקובס,גרמים,52.00,100 גרם,false,,14.90,0.2865,true,1,25827
8711000371244,false,ג'ייקובס קפסולות אספ,JDE,FR,גייקובס,גרמים,52.00,100 גרם,false,,14.90,0.2865,true,1,25828
8711000397466,false,לור קפסולות קפה אספר,JDE,FR,L'OR,גרמים,52.00,100 גרם,false,,16.90,0.3250,true,1,25829
8711000431108,false,לור קפסולות קפה אספר,JDE,FR,L'OR,גרמים,52.00,100 גרם,false,,16.90,0.3250,true,1,25830
8711528211145,false,גבינת גאודה בקר,הנרי בליך,NL,הנרי וילך,קילוגרמים,1.00,"ק""ג",true,,105.00,105.0000,true,1,15372
8712000051099,false,*מבצע* הייניקן שישיי,הייניקן,NL,*מבצע* הייניקן שישיי,מיליליטרים,1980.00,"100 מ""ל",false,,29.90,0.0151,true,1,12670
8712400802499,false,נוטריליון שלב 1 800,נוטרישיה קאלק ב. ו.,NL,נוטרישה-נוטרילון,גרמים,800.00,100 גרם,false,,59.90,0.0749,true,1,25833
8712400802512,false,נוטרליון שלב 2 800 ג,נוטרישיה קאלק ב. ו.,NL,נוטרישה-נוטרילון,גרמים,800.00,100 גרם,false,,59.90,0.0749,true,1,25834
8712400802536,false,נוטריליון שלב 3 800,נוטרישיה קאלק ב. ו.,NL,נוטרישה-נוטרילון,גרמים,800.00,100 גרם,false,,59.90,0.0749,true,1,25835
8712561594608,false,דאב תח. רח' הזנה עמו,יוניליוור גרמניה (בו,DE,DOVE,מיליליטרים,750.00,"100 מ""ל",false,,15.90,0.0212,true,1,21154
8712561611411,false,דאב תח. רחצה ירוק 75,יוניליוור גרמניה (בו,DE,DOVE,מיליליטרים,750.00,"100 מ""ל",false,,15.90,0.0212,true,1,21156
8712561631570,false,דאב תח. רחצה קוקוס 7,יוניליוור גרמניה (בו,DE,DOVE,מיליליטרים,750.00,"100 מ""ל",false,,15.90,0.0212,true,1,21159
8712561646024,false,דאב תח. רחצה קרם פיס,יוניליוור גרמניה (בו,DE,DOVE,מיליליטרים,750.00,"100 מ""ל",false,,15.90,0.0212,true,1,36815
8714599512159,false,גייקובס 190 גרם,,,גייקובס 190 גרם,גרמים,190.00,100 גרם,false,,23.90,0.1258,true,1,33637
8714599513781,false,ג'ייקובס גולד מיובש,מונדלייז,DE,ג'ייקובס,גרמים,200.00,100 גרם,false,,24.90,0.1245,true,1,25840
8714599513835,false,ג'ייקובס נטול קפאין,JDE,RU,ג'ייקובס נטול קפאין,גרמים,200.00,100 גרם,false,,32.90,0.1645,true,1,25841
8714599513866,false,ג'ייקובס קרוננג מיוב,מונדלייז,DE,ג'ייקובס,גרמים,200.00,100 גרם,false,,24.90,0.1245,true,1,25842
8714789218465,false,קולגייט מברשת 360 זו,CP- China-SH,CN,קולגייט,יח',2.00,יח',false,,24.90,12.4500,true,1,23588
8714789303925,false,קולגייט מברשת 360 סנ,קולגייט פלמוליב,CH,קולגייט מברשת 360 סנסטיב,יח',2.00,יח',false,,24.90,12.4500,true,1,23591
8714789402918,false,*מבצע* אגקס חגיגת הפ,Colgate - Greece,GR,אג'קס,ליטרים,1.50,ליטר,false,,15.90,10.6000,true,1,23592
8715300238306,false,חמאה הולנדית ללא מלח,פריזלנד קמפינה,,חמאה הולנדית ללא מלח,גרמים,200.00,100 גרם,false,,12.90,0.0645,true,1,40758
8715700110141,false,SG מיונז צנצנת 460 ג,ה.י. היינץ,NL,היינץ,גרמים,460.00,100 גרם,false,,9.90,0.0215,true,1,25850
8715700110158,false,SG מיונז לייט צנצנת,ה.י. היינץ,NL,היינץ,גרמים,490.00,100 גרם,false,,9.90,0.0202,true,1,25851
8715700115641,false,היינץ ממרח לחיץ לייט,ה.י. היינץ,NL,היינץ,גרמים,420.00,100 גרם,false,,14.90,0.0355,true,1,25853
8715700117805,false,היינץ קטשופ ללא תוספ,HEINZ,NL,HEINZ,גרמים,425.00,100 גרם,false,,9.90,0.0233,true,1,25855
8715700419732,false,קטשופ היינץ 700 גרם,ה.י. היינץ,NL,היינץ,גרמים,700.00,100 גרם,false,,9.90,0.0141,true,1,25859
8715700422473,false,היינץ ממרח לחיץ ללא,ה.י. היינץ,NL,היינץ,גרמים,395.00,100 גרם,false,,14.90,0.0377,true,1,25864
8715700423906,false,היינץ מתבל עגבניות 5,ה.י. היינץ,NL,היינץ,גרמים,550.00,100 גרם,false,,9.90,0.0180,true,1,25866
8717163647226,false,אקס בודי ספריי בלק 1,יוניליוור HPC,GB,AXE,מיליליטרים,150.00,"100 מ""ל",false,,9.90,0.0660,true,1,21184
8717163648667,false,אקס גל רחצה אייס צ'י,יוניליוור גרמניה (בו,DE,AXE,מיליליטרים,400.00,"100 מ""ל",false,,13.90,0.0348,true,1,21193
8717163655764,false,דאו רקסונה ספריי,קוסטר - תורכיה,TR,REXONA,מיליליטרים,150.00,"100 מ""ל",false,,11.90,0.0793,true,1,21195
8717163655825,false,דאו רקסונה ספריי,קוסטר - תורכיה,TR,REXONA,מיליליטרים,150.00,"100 מ""ל",false,,11.90,0.0793,true,1,21196
8717163947692,false,אקס ג'ל רחצה 400מל,יוניליוור גרמניה (בו,DE,AXE,מיליליטרים,400.00,"100 מ""ל",false,,13.90,0.0348,true,1,21216
8717677336616,false,טבלאות שוקולד מריר ע,טוניס/שוקולונלי,NL,טבלאות שוקולד מריר ע,גרמים,180.00,100 גרם,false,,17.90,0.0994,true,1,36754
8717677336630,false,טבלאות שוקולד חלב עם,טוניס/שוקולונלי,NL,טבלאות שוקולד חלב עם,גרמים,180.00,100 גרם,false,,17.90,0.0994,true,1,36755
8717677336661,false,טבלאות שוקולד מריר 7,טוניס/שוקולונלי,NL,טבלאות שוקולד מריר 7,גרמים,180.00,100 גרם,false,,17.90,0.0994,true,1,36756
8717677338436,false,טבלאות שוקולד חלב עם,טוניס/שוקולונלי,NL,טבלאות שוקולד חלב עם,גרמים,180.00,100 גרם,false,,17.90,0.0994,true,1,36757
8718114734484,false,*מבצע* מיונז מאיי 32,בונגראן,FR,בונגראן,גרמים,320.00,100 גרם,false,,11.90,0.0372,true,1,15380
8718951030206,false,קולגייט סנסיטיב מולט,CP-Poland swidnica,PL,קולגייט,מיליליטרים,75.00,"100 מ""ל",false,,17.90,0.2387,true,1,23615
8718951079205,false,*מבצע* קולגייט סנסטי,Colgate - Brazil,BR,קולגייט,מיליליטרים,75.00,"100 מ""ל",false,,17.90,0.2387,true,1,23623
8718951144064,false,*מבצע* מרידול מברשת,,,מברשת שיניים מרידול זוג,יח',2.00,יח',false,,24.90,12.4500,true,1,23632
8718951166288,false,קולגייט משחת מקס ויי,cp,PL,קולגייט,מיליליטרים,125.00,"100 מ""ל",false,,17.90,0.1432,true,1,23638
8718951166561,false,קולגייט משחת מקס פרש,cp,PL,קולגייט,מיליליטרים,125.00,"100 מ""ל",false,,17.90,0.1432,true,1,23639
8718951167094,false,פלמוליב צילינדר תפוז,Colgate - Greece,GR,פלמוליב  כלים,ליטרים,1.00,ליטר,false,,13.90,13.9000,true,1,23640
8718951236790,false,קולגייט משחת טוטל קל,CP-Poland swidnica,PL,קולגייט,מיליליטרים,100.00,"100 מ""ל",false,,16.90,0.1690,true,1,23656
8718951236806,false,קולגייט משחת טוטל הל,CP-Poland swidnica,PL,קולגייט,מיליליטרים,100.00,"100 מ""ל",false,,16.90,0.1690,true,1,23657
8718951236813,false,קולגייט משחת טוטל אד,CP-Poland swidnica,PL,קולגייט,מיליליטרים,100.00,"100 מ""ל",false,,16.90,0.1690,true,1,23658
8718951259409,false,פלמוליב תחליב רחצה נ,CP - Turkey+60,TR,פלמוליב תחליב רחצה נ,מיליליטרים,750.00,"100 מ""ל",false,,19.90,0.0265,true,1,42770
8718951264618,false,קולגייט משחת אופטיק,CP-Poland swidnica,PL,קולגייט,מיליליטרים,75.00,"100 מ""ל",false,,29.90,0.3987,true,1,23665
8718951313927,false,פלמוליב סבון ידיים ח,CP - Turkey+60,TR,פלמוליב,מיליליטרים,300.00,"100 מ""ל",false,,10.90,0.0363,true,1,23675
8718951315303,false,קולגייט אדומה 2*100,cp,PL,קולגייט,מיליליטרים,200.00,"100 מ""ל",false,,19.90,0.0995,true,1,23676
8718951320093,false,קולגייט זוג מברשות 3,קולגייט פלמוליב,CN,קולגייט,יח,2.00,יח,false,,34.90,17.4500,true,1,23678
8718951333048,false,פלמוליב סבון ידיים ל,Colgate -ITALY,IT,פלמוליב,מיליליטרים,300.00,"100 מ""ל",false,,10.90,0.0363,true,1,23684
8718951338128,false,ליידי ספיד סטיק רול,Colgate - USA,US,ליידי ספיד סטיק רול,מיליליטרים,50.00,"100 מ""ל",false,,14.90,0.2980,true,1,39783
8718951350137,false,פלמוליב תחליב רחצה נ,CP - Turkey+60,TR,פלמוליב תחליב רחצה נ,מיליליטרים,750.00,"100 מ""ל",false,,19.90,0.0265,true,1,42767
8718951366015,false,*מבצע* משחת שיניים ל,cp,PL,*מבצע* משחת שיניים ל,מיליליטרים,75.00,"100 מ""ל",false,,39.90,0.5320,true,1,42771
8718951377998,false,קולגייט מברשת סופטנס,קולגייט פלמוליב,CN,קןלגייט,יח',2.00,יח',false,,34.90,17.4500,true,1,23698
8718951381292,false,קולגייט משחת מקס דיט,cp,PL,קולגייט,מיליליטרים,125.00,"100 מ""ל",false,,17.90,0.1432,true,1,23699
8718951382787,false,*מבצע* קולגייט משחת,CP-Poland swidnica,PL,קולגייט,מיליליטרים,75.00,"100 מ""ל",false,,24.90,0.3320,true,1,36440
8718951385290,false,*מבצע* אג'קס ניקוי ר,Colgate - Greece,GR,אג'קס,ליטרים,2.00,ליטר,false,,19.90,9.9500,true,1,23703
8718951391253,false,*מבצע* אגקס אנטי בקט,Colgate - Greece,GR,אג'קס,ליטרים,1.50,ליטר,false,,15.90,10.6000,true,1,23704
8718951400597,false,פלמוליב תחליב רחצה ק,CP - Turkey+60,TR,פלמוליב תחליב רחצה ק,מיליליטרים,750.00,"100 מ""ל",false,,19.90,0.0265,true,1,40063
8718951412378,false,מרידול משחת שיניים נ,קולגייט פלמוליב,PL,מרידול משחת שיניים נ,מיליליטרים,75.00,"100 מ""ל",false,,24.90,0.3320,true,1,39826
8718951428522,false,סבון רחצה לגבר 4ב1פל,CP - Turkey+60,TR,סבון רחצה לגבר 4ב1פל,מיליליטרים,750.00,"100 מ""ל",false,,19.90,0.0265,true,1,35591
8718951431614,false,סבון רחצה סו פירם מי,CP - Turkey+60,TR,סבון רחצה סו פירם מי,מיליליטרים,750.00,"100 מ""ל",false,,19.90,0.0265,true,1,35055
8718951433120,false,קולגייט טוטאל ג'וניו,קולגייט פלמוליב,PL,קולגייט טוטאל ג'וניו,מיליליטרים,50.00,"100 מ""ל",false,,16.90,0.3380,true,1,40738
8718951470538,false,*מבצע* קולגייט מקס פ,cp,PL,*מבצע* קולגייט מקס פ,מיליליטרים,250.00,"100 מ""ל",false,,19.90,0.0796,true,1,37089
8718951509627,false,*מבצע* קולגייט משחת,קולגייט פלמוליב,PL,קולגייט,מיליליטרים,75.00,"100 מ""ל",false,,24.90,0.3320,true,1,37626
8719128117249,false,*מבצע* סירופ פפסי מק,סודה סטרים,IL,*מבצע* סירופ פפסי מק,מיליליטרים,440.00,"100 מ""ל",false,,19.90,0.0452,true,1,15777
8719128117294,false,*מבצע* סירופ סבן אפ,סודה סטרים,IL,*מבצע* סירופ סבן אפ,מיליליטרים,440.00,"100 מ""ל",false,,19.90,0.0452,true,1,15780
8719128118734,false,מילוי מיכל CQC עד 60,,,מילוי מיכל CQC עד 60,יח',1.00,יח',false,,59.90,59.9000,true,1,38912
8719200998001,false,בלובנד בלי מלח 60*20,אתר חיפה מרגרינה - F,IL,BLUE BAND,גרמים,200.00,100 גרם,false,,4.30,0.0215,true,1,25868
8719200998018,false,מחמאה  60*200 ג,אתר חיפה מרגרינה - F,IL,BLUE BAND,גרמים,200.00,100 גרם,false,,4.30,0.0215,true,1,25869
8719200998032,false,מזולה בטעם חמאה 48*2,אתר חיפה מרגרינה - F,IL,MAZOLA,גרמים,250.00,100 גרם,false,,9.90,0.0396,true,1,25871
8719200998094,false,מזולה לאפיה ללא מלח,אתר חיפה מרגרינה - F,IL,MAZOLA,גרמים,200.00,100 גרם,false,,6.50,0.0325,true,1,25877
8719200998100,false,מזולה לאפיה בטעם חמא,אתר חיפה מרגרינה - F,IL,MAZOLA,גרמים,200.00,100 גרם,false,,6.50,0.0325,true,1,25878
8720181046605,false,דאב ספריי אינביזיבל,יונילוור ארגנטינה -,AR,DOVE,מיליליטרים,150.00,"100 מ""ל",false,,14.90,0.0993,true,1,21225
8720181046612,false,דאב רולאון אוריגינל,יוניליוור HPC,PH,DOVE,מיליליטרים,50.00,"100 מ""ל",false,,14.90,0.2980,true,1,21226
8720181090202,false,דאב תח. רחצה שמן זית,יוניליוור גרמניה (בו,DE,DOVE,מיליליטרים,750.00,"100 מ""ל",false,,15.90,0.0212,true,1,21227
8720181114465,false,דאו אקס ספריי כחול,,,דאו אקס ספריי כחול,מיליליטרים,150.00,"100 מ""ל",false,,9.90,0.0660,true,1,39103
8720181114489,false,דאו אקס ספריי שחור,,,דאו אקס ספריי שחור,מיליליטרים,150.00,"100 מ""ל",false,,9.90,0.0660,true,1,39105
8720181114496,false,דאו אקס ספריי חום,,,דאו אקס ספריי חום,מיליליטרים,150.00,"100 מ""ל",false,,9.90,0.0660,true,1,39106
8720181114519,false,"אקס  150 מ""ל",,,"אקס  150 מ""ל",מיליליטרים,150.00,"מ""ל",false,,9.90,0.0660,true,1,43106
8720181123955,false,אקס ג'ל רחצה ריצ'ארג,יוניליוור גרמניה (בו,DE,AXE,מיליליטרים,400.00,"100 מ""ל",false,,13.90,0.0348,true,1,35818
8720181204111,false,אקס גל רחצה  אפיק פר,יוניליוור גרמניה (בו,DE,AXE,מיליליטרים,400.00,"100 מ""ל",false,,13.90,0.0348,true,1,39070
8723400756552,false,מנטוס רביעייה,פרפטי ואן מלה,NL,מנטוס,גרמים,160.00,100 גרם,false,,10.90,0.0681,true,1,14229
8723400782544,false,סוכריות מנטוס בשקית,פרפטי ואן מלה,NL,סוכריות מנטוס בשקית,גרמים,160.00,100 גרם,false,,9.90,0.0619,true,1,14235
8723400793922,false,מנטוס דובדבן רביעייה,פרפטי ואן מלה,NL,מנטוס,גרמים,150.00,100 גרם,false,,10.90,0.0727,true,1,14236
8801055706440,false,טסטר צוייס טו גו 20,,,טסטר צוייס טו גו 20 יח,גרמים,36.00,100 גרם,false,,9.90,0.2750,true,1,5686
8801055707966,false,טסטר צוייס בריסטה 18,נסטלה קוריאה - קפה,KR,TASTER'S CHOICE,גרמים,180.00,100 גרם,false,,29.90,0.1661,true,1,5691
8801055709427,false,טסטר צ'ויס אלטה ריקה,נסטלה קוריאה - קפה,KR,טסטר צ'ויס אלטה ריקה,גרמים,100.00,100 גרם,false,,23.90,0.2390,true,1,35562
8801055709434,false,טסטר צ'ויס קולומביה,נסטלה קוריאה - קפה,KR,טסטר צ'ויס קולומביה,גרמים,100.00,100 גרם,false,,23.90,0.2390,true,1,35563
8801055709458,false,נסקפה קפוצ'ינו קרמל,נסטלה,KR,נסקפה קפוצ'ינו קרמל 10*17,גרמים,170.00,100 גרם,false,,17.90,0.1053,true,1,36859
8801055709465,false,נסקפה קפוצ'ינו וניל,נסטלה,KR,נסקפה קפוצ'ינו וניל 10*18,גרמים,185.00,100 גרם,false,,17.90,0.0968,true,1,36860
8801055709472,false,נסקפה קפוצ'ינו קלאסי,נסטלה,,נסקפה קפוצ'ינו קלאסיק 10*,גרמים,125.00,100 גרם,false,,17.90,0.1432,true,1,36861
8801055709489,false,נס קפה קפוצינו אגוזי,נסטלה,,נס קפה קפוצינו אגוזים,גרמים,180.00,100 גרם,false,,17.90,0.0994,true,1,36862
8801055709526,false,נס קפה קפוצינו שוקול,נסטלה,,נס קפה קפוצינו אגוזים,גרמים,180.00,100 גרם,false,,17.90,0.0994,true,1,38069
8809168840471,false,חטיף אצות מיובשות 9,ג'י וואן גלובול נאט,KR,חטיף אצות מיובשות,יח',9.00,יח',false,,24.90,2.7667,true,1,29478
8850180040028,false,טמפורה,malinee food product,TH,gogi,גרמים,500.00,100 גרם,false,,10.90,0.0218,true,1,29479
8850206250592,false,רוטב צ'ילי סיראצ'ה 5,קרמה,TH,רוטב צ'ילי סיראצ'ה 5,גרמים,530.00,100 גרם,false,,19.90,0.0375,true,1,29480
8850367992164,false,"קרם קוקוס 250 מ""ל",theppadungporn cocon,TH,chaokkou,מיליליטרים,250.00,"100 מ""ל",false,,7.90,0.0316,true,1,29484
8850389103111,false,משקה סאפה ענבים 300,אדיר סחר,TH,משקה סאפה ענבים 300,מיליליטרים,300.00,"100 מ""ל",false,,6.90,0.0230,true,1,12673
8850389103128,false,משקה סאפה תפוח 300 מ,אדיר סחר,TH,משקה סאפה תפוח 300 מ,מיליליטרים,300.00,"100 מ""ל",false,,6.90,0.0230,true,1,12674
8850389104637,false,משקה סאפה אפרסק 300,אדיר סחר,TH,משקה סאפה אפרסק 300,מיליליטרים,300.00,"100 מ""ל",false,,6.90,0.0230,true,1,12675
8850389105825,false,סאפה ענבים 1 ליטר,SAPPE PUBLIC COMPANY,TH,סאפה,ליטרים,1.00,ליטר,false,,12.70,12.7000,true,1,12676
8850389105832,false,סאפה תפוח 1 ליטר,SAPPE PUBLIC COMPANY,TH,סאפה,ליטרים,1.00,ליטר,false,,12.70,12.7000,true,1,12677
8850389105849,false,סאפה אפרסק 1 ליטר,SAPPE PUBLIC COMPANY,TH,סאפה,ליטרים,1.00,ליטר,false,,12.70,12.7000,true,1,12678
8850632604259,false,מקלות חמוצים טעם תות,סאאדת,TR,יוגטה,יח',24.00,יח',false,,3.90,0.1625,true,1,14237
8850632604266,false,מקלות חמוצים טעם קול,סאאדת,TR,יוגטה,יח',24.00,יח',false,,3.90,0.1625,true,1,14238
8850632604372,false,מקלות חמוצים טעם תות,סאאדת,TR,יוגטה,יח',24.00,יח',false,,3.90,0.1625,true,1,14239
8850632605201,false,מקלות חמוצים מעורב,סאאדת,TR,יוגטה,יח',24.00,יח',false,,3.90,0.1625,true,1,14241
8851613101378,false,"חלב קוקוס 250 מ""ל",תאי וורלד,TH,רנדי,מיליליטרים,250.00,"100 מ""ל",false,,9.90,0.0396,true,1,7383
8851613101385,false,"חלב קוקוס 500 מ""ל",תאי וורלד,TH,רנדי,מיליליטרים,500.00,"100 מ""ל",false,,12.90,0.0258,true,1,7384
8858271002870,false,רוטב פאד תאי,yan wal yun corpara,TH,maxchup,מיליליטרים,250.00,"100 מ""ל",false,,10.90,0.0436,true,1,29501
8858271002887,false,"רוטב טרייאקי 250 מ""ל",yan wal yun corpara,TH,מזרח ומערב,מיליליטרים,250.00,"100 מ""ל",false,,9.90,0.0396,true,1,29502
8858271003020,false,רוטב סויה פורמולה 1,,TH,רוטב סויה פורמולה 1,מיליליטרים,700.00,"100 מ""ל",false,,15.90,0.0227,true,1,29503
8858271003075,false,רוטב סויה מתוקה,yan wal yun corpara,TH,maxchup,מיליליטרים,700.00,"100 מ""ל",false,,16.90,0.0241,true,1,29506
8858271004126,false,רוטב חמוץ מתוק,yan wal yun corpara,TH,maxchup,מיליליטרים,700.00,"100 מ""ל",false,,15.90,0.0227,true,1,29512
8858271004300,false,רוטב טרייאקי,yan wal yun corpara,TH,maxchup,מיליליטרים,700.00,"100 מ""ל",false,,19.90,0.0284,true,1,29513
8858271005451,false,רוטב סויה פורמולה 1,yan wal yun corpara,TH,רוטב סויה מנה 500מל,מיליליטרים,250.00,"100 מ""ל",false,,10.90,0.0436,true,1,29517
8888021200256,false,סוללות אנרגייזר שמינ,אנרג'ייזר,US,אנרג'ייזר,יח',8.00,יח',false,,24.90,3.1125,true,1,8462
8888021200720,false,סוללות אנרגייזר שמינ,אנרג'ייזר,US,אנרג'ייזר,יח',8.00,יח',false,,24.90,3.1125,true,1,8463
8888111030053,false,רביעיית מיץ אננס 960,פילפאק,PH,S&W,מיליליטרים,960.00,"100 מ""ל",false,,14.90,0.0155,true,1,7867
8888757103005,false,300 שמן שומשום,אוך אייק גואן פוד אי,SG,רנדי,מיליליטרים,300.00,"100 מ""ל",false,,19.90,0.0663,true,1,7385
8901138500306,false,משחת שיניים 100 גרם,הימלאיה,IN,הימלאיה,גרמים,100.00,100 גרם,false,,14.90,0.1490,true,1,19132
8901138825591,false,הימלאיה משחת שיניים,הימלאיה,IN,הימלאיה,מיליליטרים,75.00,"100 מ""ל",false,,14.90,0.1987,true,1,19133
8901537024014,false,"אורז בסמטי 1 ק""ג",lt foods,IN,DAAWAT,קילוגרמים,1.00,"ק""ג",false,,11.90,11.9000,true,1,11597
8901571005833,false,מברשת שיניים סנסודיי,,,מברשת שיניים סנסודיי,יח',3.00,יח',false,,15.90,5.3000,true,1,36943
8934878081798,false,"דף אורז 16 ס""מ",chanh khang company,VN,trav,גרמים,400.00,100 גרם,false,,11.90,0.0298,true,1,29527
8934878081811,false,"דף אורז 22 ס""מ",chanh khang company,VN,trav,גרמים,400.00,100 גרם,false,,11.90,0.0298,true,1,29528
8938535541366,false,דפי אורז צבעוניים לל,יאמאסה,JP,דפי אורז צבעוניים לל,גרמים,400.00,100 גרם,false,,14.90,0.0373,true,1,29529
9000100760591,false,*מבצע* דאודורנט רול,שוורצקופף והנקל,DE,פה,מיליליטרים,50.00,"100 מ""ל",false,,9.90,0.1980,true,1,5839
9000100806657,false,*מבצע* דאודורנט רול,שוורצקופף והנקל,DE,פה,מיליליטרים,50.00,"100 מ""ל",false,,9.90,0.1980,true,1,5840
9000101329322,false,כדוריות לאסלה בניחוח,הנקל,RS,כדוריות לאסלה בניחוח,גרמים,50.00,100 גרם,false,,9.90,0.1980,true,1,35623
9000101329742,false,כדוריות לאסלה בניחוח,הנקל,RS,כדוריות לאסלה בניחוח,גרמים,50.00,100 גרם,false,,9.90,0.1980,true,1,35624
9000101372878,false,פרסיל קפסולות דיסקס,הנקל סוד,HU,פרסיל,יח',22.00,יח',false,,34.90,1.5864,true,1,26028
9000101375299,false,*מבצע* ברף דלקס סבון,הנקל,RS,*מבצע* ברף דלקס סבון,גרמים,193.00,100 גרם,false,,14.90,0.0772,true,1,41895
9000101418163,false,*מבצע* ברף בניחוח מת,הנקל,RS,*מבצע* ברף בניחוח מת,גרמים,193.00,100 גרם,false,,14.90,0.0772,true,1,37105
9000101509069,false,*מבצע* ברף בריליאנט,הנקל,RS,*מבצע* ברף בריליאנט,גרמים,126.00,100 גרם,false,,14.90,0.1183,true,1,41679
9000101520965,false,*מבצע* ברף בניחוח מת,הנקל,RS,*מבצע* ברף בניחוח מת,גרמים,193.00,100 גרם,false,,14.90,0.0772,true,1,37106
9000101521436,false,כדוריות לאסלה בניחוח,הנקל,RS,כדוריות לאסלה בניחוח,גרמים,50.00,100 גרם,false,,9.90,0.1980,true,1,35625
9000101537550,false,*מבצע* פרסיל פאוור ק,הנקל,IL,*מבצע* פרסיל פאוור ק,יח',52.00,יח',false,,49.90,0.9596,true,1,39855
9001395807015,false,בננית 300ג,האווזווירט,AT,חטיף בננה מצופה,גרמים,300.00,100 גרם,false,,9.90,0.0330,true,1,23774
9001616202360,false,*מבצע* זוג מוצצי סיל,מאמ,AT,מאמ,יח',2.00,יח',false,,32.90,16.4500,true,1,29925
9001616202377,false,*מבצע* זוג מוצצי סיל,מאמ,AT,מאמ,יח',2.00,יח',false,,32.90,16.4500,true,1,29926
9001616203626,false,זוג פטמות לבקבוק תינ,מאמ,AT,מאמ,יח',1.00,יח',false,,24.90,24.9000,true,1,29930
9001616702808,false,*מבצע* זוג מוצצי סיל,מאמ,AT,מאמ,יח',2.00,יח',false,,32.90,16.4500,true,1,29942
9001616702969,false,*מבצע* בקבוק לתינוק,מאמ,AT,מאמ,יח',1.00,יח',false,,32.90,32.9000,true,1,29945
9001616702976,false,*מבצע* בקבוק לתינוק,מאמ,AT,מאמ,יח',1.00,יח',false,,32.90,32.9000,true,1,29946
9001616813856,false,מארז שלישיית מוצצי ס,מאמ,AT,מארז שלישיית מוצצי ס,יח',3.00,יח',false,,34.90,11.6333,true,1,39148
9002975393812,false,סוכריות הריבו האפי צ,,,סוכריות הריבו האפי צ,גרמים,70.00,100 גרם,false,,6.90,0.0986,true,1,37628
9002975393829,false,סוכריות הריבו פיצ'ס,,,סוכריות הריבו פיצ'ס,גרמים,70.00,100 גרם,false,,6.90,0.0986,true,1,37629
9002975393843,false,סוכריות הריבו גולדבר,,,סוכריות הריבו גולדבר,גרמים,70.00,100 גרם,false,,6.90,0.0986,true,1,37631
9002975393850,false,סוכריות הריבו וורמס,,,סוכריות הריבו וורמס,גרמים,70.00,100 גרם,false,,6.90,0.0986,true,1,37632
9003400304939,false,בירה שטיגל חיטה 0.5,שטיגל,AT,שטיגל,מיליליטרים,500.00,"100 מ""ל",false,,10.90,0.0218,true,1,31340
9003402660088,false,בירה שטיגל פחית גולד,שטיגל,AT,שטיגל,מיליליטרים,500.00,"100 מ""ל",false,,8.90,0.0178,true,1,31341
9044400826861,false,סוכריות פז בטעם בננה,פז פרודקשיין יורו,AT,סוכריות פז בטעם בננה,גרמים,68.00,100 גרם,false,,8.90,0.1309,true,1,41227
9044400851672,false,סוכריות פז,פז פרודקשיין יורו,AT,סוכריות פז,גרמים,25.50,100 גרם,false,,10.90,0.4275,true,1,41226
9120025839896,false,חטיף מילקה מצונן 128,בובארד,IT,חטיף מילקה מצונן 128,גרמים,128.00,100 גרם,false,,14.90,0.1164,true,1,41398
9120097310583,false,חטיף שוקו בננה מיניו,בובארד,IT,חטיף שוקו בננה מיניו,גרמים,108.00,100 גרם,false,,14.90,0.1380,true,1,40870
9322969000046,false,פריכיות תירס עם שומש,ריל פוד,AU,פריכיות תירס עם שומש,גרמים,150.00,100 גרם,false,,11.90,0.0793,true,1,8469
9720188050109,false,טופוטי - ממרח טופו ב,מחלבת משק צוריאל,US,משק צוריאל,גרמים,225.00,100 גרם,false,,19.90,0.0884,true,1,17985
9771565025005,false,עיתון מעריב שישי,,,עיתון מעריב שישי,יח',1.00,יח',false,,6.00,6.0000,true,1,30061
