code,internal_code,name,manufacturer_name,manufacture_country,manufacturer_item_description,unit_qty,quantity,unit_of_measure,weighted,qty_in_package,price,unit_of_measure_price,allow_discount,status,item_id
55,true,משלוחים לבית,,,משלוחים לבית,יחידה,0.00,יחידה,false,,29.90,0.0000,true,1,32808
103,true,לחמניה בריאות,,,לחמניה בריאות,,1.00,יח',false,,3.20,3.2000,true,1,18315
163,true,פטריות שמפיניון תפזו,,,פטריות שמפיניון תפזו,קילוגרמים,1.00,"ק""ג",true,,36.90,36.9000,true,1,14114
164,true,פטריות חורש תפזורת,,,פטריות חורש תפזורת,קילוגרמים,1.00,"ק""ג",true,,36.90,36.9000,true,1,14115
211,true,טחון הודו אדום טרי ל,,,טחון הודו אדום טרי ל,קילוגרמים,1.00,"ק""ג",true,,59.90,59.9000,true,1,10297
301,true,בקבוק ריק חוזר בירה,,,בקבוק ריק חוזר בירה,יחידה,0.00,יחידה,false,,1.20,0.0000,true,1,2633
374,true,פטריות שמפניון,,,פטריות שמפניון,,1.00,יח',false,,8.90,8.9000,true,1,17812
395,true,לחמניה/כריך ילדים,,,לחמניה/כריך ילדים,,1.00,יח',false,,2.50,2.5000,true,1,1006
478,true,וילון לאמבטיה,,,וילון לאמבטיה,יחידה,0.00,יחידה,false,,19.00,0.0000,true,1,40819
505,true,כלי בית טקסטיל,,,כלי בית טקסטיל,יחידה,0.00,יחידה,false,,44.90,0.0000,true,1,39150
561,true,חמץ חמץ,,,חמץ חמץ,יחידה,0.00,יחידה,false,,100.00,0.0000,true,1,25442
652,true,כריך פרצל,,,כריך פרצל,,1.00,יח',false,,4.50,4.5000,true,1,1013
996,true,חלה קלועה,,,חלה קלועה,,1.00,יח',false,,10.90,10.9000,true,1,1016
997,true,מיני חלה,,,מיני חלה,יחידה,0.00,יחידה,false,,6.90,0.0000,true,1,29286
998,true,חלה מתוקה קלועה,,,חלה מתוקה קלועה,,1.00,יח',false,,12.90,12.9000,true,1,1017
1003,true,לחמניה עגולה כפרית,,,לחמניה עגולה כפרית,,1.00,יח',false,,3.00,3.0000,true,1,1018
1009,true,בגט שלם,,,בגט שלם,,1.00,יח',false,,4.80,4.8000,true,1,1021
1011,true,לחמנית קוראסול,,,לחמנית קוראסול,,1.00,יח',false,,3.90,3.9000,true,1,1022
1014,true,בגט רוסטיק,,,בגט רוסטיק,,1.00,יח',false,,7.90,7.9000,true,1,1023
1019,true,בגט פיסל,,,בגט פיסל,,1.00,יח',false,,4.90,4.9000,true,1,1024
1020,true,שליש בגט,,,שליש בגט,,1.00,יח',false,,3.20,3.2000,true,1,1025
1025,true,בומבולונה ביס,,,בומבולונה ביס,,25.00,100 גרם,false,,3.30,0.1320,true,1,1026
1028,true,חצי בגט,,,חצי בגט,,1.00,יח',false,,3.30,3.3000,true,1,1027
1043,true,כרוב לבן כשר,,,כרוב לבן כשר,קילוגרמים,1.00,"ק""ג",true,,14.90,14.9000,true,1,13083
1058,true,חלה רגילה/חלה ציפורי,,,חלה רגילה/חלה ציפורי,,500.00,100 גרם,false,,3.90,0.0078,true,1,1818
1070,true,סופגניה מיוחדת עם תו,,,סופגניה מיוחדת עם תו,,1.00,יח',false,,5.90,5.9000,true,1,1028
1073,true,סופגניה גדולה בודדת,,,סופגניה גדולה בודדת,יחידה,0.00,יחידה,false,,3.90,0.0000,true,1,29288
1074,true,כרוב אדום כשר,,,כרוב אדום כשר,קילוגרמים,1.00,"ק""ג",true,,14.90,14.9000,true,1,13084
1079,true,מיני סופגניה בודדת,,,מיני סופגניה בודדת,יחידה,0.00,יחידה,false,,3.30,0.0000,true,1,29289
1091,true,צנונית בייבי,,,צנונית בייבי,,400.00,100 גרם,false,,5.90,0.0148,true,1,13085
1095,true,בייבי בטטה,,,בייבי בטטה,,1.00,יח',false,,5.90,5.9000,true,1,17813
1108,true,לחמנית יאמיס,,,לחמנית יאמיס,,1.00,יח',false,,2.70,2.7000,true,1,1032
1128,true,אגס חום,,,אגס חום,קילוגרמים,1.00,"ק""ג",true,,15.90,15.9000,true,1,17815
1212,true,לחמנית כריך/ביס/לבן/,,,לחמנית כריך/ביס/לבן/,,1.00,יח',false,,2.50,2.5000,true,1,1034
1475,true,עגבניות מגי (שקיל),,,עגבניות מגי (שקיל),קילוגרמים,1.00,"ק""ג",true,,13.90,13.9000,true,1,27378
1488,true,אשכולית אדומה,,,אשכולית אדומה,קילוגרמים,1.00,"ק""ג",true,,5.90,5.9000,true,1,17824
1494,true,תפו`א לבן תפזורת,,,תפו`א לבן תפזורת,קילוגרמים,1.00,"ק""ג",true,,4.90,4.9000,true,1,17829
1495,true,תפו`א אדום תפזורת,,,תפו`א אדום תפזורת,קילוגרמים,1.00,"ק""ג",true,,4.90,4.9000,true,1,17830
1500,true,פלפל כתום,,,פלפל כתום,קילוגרמים,1.00,"ק""ג",true,,9.90,9.9000,true,1,17833
1501,true,עגבניות,,,עגבניות,קילוגרמים,1.00,"ק""ג",true,,6.90,6.9000,true,1,17834
1502,true,מלפפונים,,,מלפפונים,קילוגרמים,1.00,"ק""ג",true,,5.90,5.9000,true,1,17835
1503,true,גזר ארוז,,,גזר ארוז,קילוגרמים,1.00,"ק""ג",true,,3.90,3.9000,true,1,17836
1504,true,סלק,,,סלק,קילוגרמים,1.00,"ק""ג",true,,3.90,3.9000,true,1,17837
1505,true,כרוב לבן,,,כרוב לבן,קילוגרמים,1.00,"ק""ג",true,,3.90,3.9000,true,1,17838
1506,true,כרוב אדום,,,כרוב אדום,קילוגרמים,1.00,"ק""ג",true,,5.90,5.9000,true,1,17839
1507,true,כרובית,,,כרובית,קילוגרמים,1.00,"ק""ג",true,,8.90,8.9000,true,1,17840
1510,true,קישואים,,,קישואים,קילוגרמים,1.00,"ק""ג",true,,7.90,7.9000,true,1,17842
1511,true,חצילים,,,חצילים,קילוגרמים,1.00,"ק""ג",true,,6.90,6.9000,true,1,17843
1513,true,פלפל ירוק,,,פלפל ירוק,קילוגרמים,1.00,"ק""ג",true,,7.90,7.9000,true,1,17844
1514,true,פלפל בהיר,,,פלפל בהיר,קילוגרמים,1.00,"ק""ג",true,,8.90,8.9000,true,1,17845
1515,true,פלפל חריף,,,פלפל חריף,קילוגרמים,1.00,"ק""ג",true,,7.90,7.9000,true,1,17846
1516,true,פלפל אדום,,,פלפל אדום,קילוגרמים,1.00,"ק""ג",true,,9.90,9.9000,true,1,17847
1517,true,פלפל רומרו,,,פלפל רומרו,קילוגרמים,1.00,"ק""ג",true,,12.90,12.9000,true,1,17848
1518,true,מלון,,,מלון,קילוגרמים,1.00,"ק""ג",true,,7.90,7.9000,true,1,17849
1519,true,בצל יבש,,,בצל יבש,קילוגרמים,1.00,"ק""ג",true,,4.90,4.9000,true,1,17850
1521,true,קולורבי,,,קולורבי,קילוגרמים,1.00,"ק""ג",true,,6.90,6.9000,true,1,17851
1522,true,חסה ערבית,,,חסה ערבית,,1.00,יח',false,,4.90,4.9000,true,1,17852
1527,true,פטרוזיליה גומי,,,פטרוזיליה גומי,,1.00,יח',false,,3.50,3.5000,true,1,13086
1528,true,כוסברה גומי,,,כוסברה גומי,,1.00,יח',false,,3.50,3.5000,true,1,13087
1529,true,שמיר גומי,,,שמיר גומי,,1.00,יח',false,,3.50,3.5000,true,1,13088
1530,true,נענע גומי,,,נענע גומי,,1.00,יח',false,,3.50,3.5000,true,1,13089
1531,true,לפת,,,לפת,קילוגרמים,1.00,"ק""ג",true,,5.90,5.9000,true,1,17856
1535,true,תפו`א אדום ארוז,,,תפו`א אדום ארוז,קילוגרמים,1.00,"ק""ג",true,,4.90,4.9000,true,1,17859
1541,true,ארטישוק,,,ארטישוק,קילוגרמים,1.00,"ק""ג",true,,18.90,18.9000,true,1,17863
1542,true,ערמונים,,,ערמונים,קילוגרמים,1.00,"ק""ג",true,,17.90,17.9000,true,1,17864
1545,true,שום ארוז ייבוא יח',,,שום ארוז ייבוא יח',,1.00,יח',false,,4.90,4.9000,true,1,17866
1547,true,שומר,,,שומר,קילוגרמים,1.00,"ק""ג",true,,6.90,6.9000,true,1,17868
1548,true,תות שדה ביח',,,תות שדה ביח',,1.00,יח',false,,19.90,19.9000,true,1,15584
1550,true,תפו`א לבן ארוז,,,תפו`א לבן ארוז,קילוגרמים,1.00,"ק""ג",true,,3.90,3.9000,true,1,17869
1551,true,לימון,,,לימון,קילוגרמים,1.00,"ק""ג",true,,7.90,7.9000,true,1,17870
1552,true,תפוז,,,תפוז,קילוגרמים,1.00,"ק""ג",true,,5.90,5.9000,true,1,17871
1553,true,ענב לבן,,,ענב לבן,קילוגרמים,1.00,"ק""ג",true,,29.90,29.9000,true,1,17872
1555,true,תפוז ארוז,,,תפוז ארוז,קילוגרמים,1.00,"ק""ג",true,,4.90,4.9000,true,1,17874
1556,true,בננה מובחרת,,,בננה מובחרת,קילוגרמים,1.00,"ק""ג",true,,6.90,6.9000,true,1,17875
1557,true,צנון,,,צנון,קילוגרמים,1.00,"ק""ג",true,,6.90,6.9000,true,1,17876
1558,true,אשכולית צהובה,,,אשכולית צהובה,קילוגרמים,1.00,"ק""ג",true,,5.90,5.9000,true,1,17877
1560,true,דלעת ארוזה,,,דלעת ארוזה,קילוגרמים,1.00,"ק""ג",true,,9.90,9.9000,true,1,17879
1561,true,תפוח עץ זהוב,,,תפוח עץ זהוב,קילוגרמים,1.00,"ק""ג",true,,9.90,9.9000,true,1,17880
1562,true,תפוח עץ יונתן,,,תפוח עץ יונתן,קילוגרמים,1.00,"ק""ג",true,,9.90,9.9000,true,1,17881
1563,true,תפוח עץ חרמון,,,תפוח עץ חרמון,קילוגרמים,1.00,"ק""ג",true,,9.90,9.9000,true,1,17882
1564,true,תפוח עץ סמיט,,,תפוח עץ סמיט,קילוגרמים,1.00,"ק""ג",true,,8.90,8.9000,true,1,17883
1568,true,רימון,,,רימון,קילוגרמים,1.00,"ק""ג",true,,9.90,9.9000,true,1,17886
1570,true,קלמנטינה,,,קלמנטינה,קילוגרמים,1.00,"ק""ג",true,,5.90,5.9000,true,1,17887
1571,true,פלפל שושקה,,,פלפל שושקה,קילוגרמים,1.00,"ק""ג",true,,12.90,12.9000,true,1,17888
1572,true,אבוקדו מובחר,,,אבוקדו מובחר,קילוגרמים,1.00,"ק""ג",true,,7.90,7.9000,true,1,17889
1574,true,בטטה מתוקה,,,בטטה מתוקה,קילוגרמים,1.00,"ק""ג",true,,8.90,8.9000,true,1,17891
1576,true,אגס,,,אגס,קילוגרמים,1.00,"ק""ג",true,,11.90,11.9000,true,1,17892
1581,true,פלפל צהוב,,,פלפל צהוב,קילוגרמים,1.00,"ק""ג",true,,9.90,9.9000,true,1,17895
1588,true,תירס ארוז,,,תירס ארוז,קילוגרמים,1.00,"ק""ג",true,,9.90,9.9000,true,1,17899
1590,true,משורית סרט 1590 ממ,,,פומלה,קילוגרמים,1.00,"ק""ג",true,,6.90,6.9000,true,1,17900
1591,true,ענב אדום,,,ענב אדום,קילוגרמים,1.00,"ק""ג",true,,29.90,29.9000,true,1,17901
1601,true,סלרי חתוך ליח,,,סלרי חתוך ליח,,1.00,יח',false,,5.90,5.9000,true,1,13090
1604,true,אפרסמון,,,אפרסמון,קילוגרמים,1.00,"ק""ג",true,,13.90,13.9000,true,1,17907
1607,true,תפו`א קטן אפיה ארוז,,,תפו`א קטן אפיה ארוז,קילוגרמים,1.00,"ק""ג",true,,3.90,3.9000,true,1,17909
1608,true,זנגוויל\גינגיר תפזור,,,זנגוויל\גינגיר תפזור,קילוגרמים,1.00,"ק""ג",true,,22.90,22.9000,true,1,17910
1610,true,שרי אשכולות לקג,,,שרי אשכולות לקג,קילוגרמים,1.00,"ק""ג",true,,18.90,18.9000,true,1,17911
1613,true,דלורית,,,דלורית,קילוגרמים,1.00,"ק""ג",true,,5.90,5.9000,true,1,17912
1615,true,בצל אדום,,,בצל אדום,קילוגרמים,1.00,"ק""ג",true,,5.90,5.9000,true,1,17914
1616,true,כוסברה כשר,,,כוסברה כשר,,1.00,יח',false,,5.90,5.9000,true,1,13091
1617,true,אננס,,,אננס,,1.00,יח',false,,37.90,37.9000,true,1,17915
1618,true,אפרסמון קרמבו,,,אפרסמון קרמבו,קילוגרמים,1.00,"ק""ג",true,,12.90,12.9000,true,1,17916
1619,true,פומלית,,,פומלית,קילוגרמים,1.00,"ק""ג",true,,5.90,5.9000,true,1,17917
1620,true,קיווי,,,קיווי,קילוגרמים,1.00,"ק""ג",true,,15.90,15.9000,true,1,17918
1645,true,תפוח עץ גלה,,,תפוח עץ גלה,קילוגרמים,1.00,"ק""ג",true,,9.90,9.9000,true,1,17927
1683,true,תפוח עץ פינק קריפס,,,תפוח עץ פינק קריפס,קילוגרמים,1.00,"ק""ג",true,,13.90,13.9000,true,1,17937
1708,true,גזר תפזורת,,,גזר תפזורת,קילוגרמים,1.00,"ק""ג",true,,4.90,4.9000,true,1,17944
1814,true,בצלצלי שאלוט,,,בצלצלי שאלוט,,280.00,100 גרם,false,,14.90,0.0532,true,1,13092
1841,true,תפוח פינק קריפס מאר,,,תפוח פינק קריפס מאר,,600.00,100 גרם,false,,16.90,0.0282,true,1,17965
1854,true,שרי מיניאפלם,,,שרי מיניאפלם,,1.00,יח',false,,8.90,8.9000,true,1,17967
1859,true,שיבה ליח',,,שיבה ליח',,1.00,יח',false,,4.90,4.9000,true,1,13093
1876,true,עירית ליח,,,עירית ליח,,1.00,יח',false,,5.90,5.9000,true,1,14117
1880,true,רוקולה ליח,,,רוקולה ליח,,100.00,100 גרם,false,,7.90,0.0790,true,1,13096
2000,true,"בורקס גבינה/תפו""א",,,"בורקס גבינה/תפו""א",קילוגרמים,1.00,"ק""ג",true,,42.00,42.0000,true,1,1035
2001,true,מב בורקס תורכי בטעמי,,,*מבצע* בורקס תורכי ב,קילוגרמים,1.00,"ק""ג",true,,35.00,35.0000,true,1,1036
3075,true,פילו מתוק בטעמים,,,פילו מתוק בטעמים,קילוגרמים,1.00,"ק""ג",true,,42.00,42.0000,true,1,1047
3080,true,עוגת סבתא שוקולד,,,עוגת סבתא שוקולד,,1.00,יח',false,,25.90,25.9000,true,1,1048
3500,true,עוף טרי שלם,,,עוף טרי שלם,קילוגרמים,1.00,"ק""ג",true,,18.90,18.9000,true,1,17799
3501,true,כרעיים עוף טרי,,,כרעיים עוף טרי,קילוגרמים,1.00,"ק""ג",true,,24.90,24.9000,true,1,5836
3502,true,חזה עוף טרי,,,חזה עוף טרי,קילוגרמים,1.00,"ק""ג",true,,26.90,26.9000,true,1,17800
3506,true,גרון הודו זכר טרי,,,גרון הודו זכר טרי,קילוגרמים,1.00,"ק""ג",true,,29.90,29.9000,true,1,5838
3507,true,שניצל עוף פרוס טרי,,,שניצל עוף פרוס טרי,קילוגרמים,1.00,"ק""ג",true,,34.90,34.9000,true,1,5839
3508,true,כנפים הודו טרי,,,כנפים הודו טרי,קילוגרמים,1.00,"ק""ג",true,,15.90,15.9000,true,1,5840
3511,true,חזה הודו טרי,,,חזה הודו טרי,קילוגרמים,1.00,"ק""ג",true,,33.90,33.9000,true,1,5841
3512,true,שוארמה נקבה טרי,,,שוארמה נקבה טרי,קילוגרמים,1.00,"ק""ג",true,,69.90,69.9000,true,1,5842
3515,true,שוקיים הודו טרי,,,שוקיים הודו טרי,קילוגרמים,1.00,"ק""ג",true,,26.90,26.9000,true,1,5844
3516,true,שווארמה הודו זכר טרי,,,שווארמה הודו זכר טרי,קילוגרמים,1.00,"ק""ג",true,,69.90,69.9000,true,1,5845
3517,true,שוקיים פטם טרי,,,שוקיים פטם טרי,קילוגרמים,1.00,"ק""ג",true,,28.90,28.9000,true,1,17801
3520,true,ירכיים עוף טרי,,,ירכיים עוף טרי,קילוגרמים,1.00,"ק""ג",true,,26.90,26.9000,true,1,17802
3522,true,שוארמה פרגיות טרי,,,שוארמה פרגיות טרי,קילוגרמים,1.00,"ק""ג",true,,54.90,54.9000,true,1,5846
3529,true,הודו שלם טרי,,,הודו שלם טרי,קילוגרמים,1.00,"ק""ג",true,,29.60,29.6000,true,1,5848
3531,true,גרון הודו נקבה טרי,,,גרון הודו נקבה טרי,קילוגרמים,1.00,"ק""ג",true,,29.90,29.9000,true,1,5850
3534,true,סטייק פרגית טרי,,,סטייק פרגית טרי,קילוגרמים,1.00,"ק""ג",true,,49.90,49.9000,true,1,5851
3535,true,פילה עוף טרי,,,פילה עוף טרי,קילוגרמים,1.00,"ק""ג",true,,34.90,34.9000,true,1,17803
3540,true,שוק הודו מפורק טרי,,,שוק הודו מפורק טרי,קילוגרמים,1.00,"ק""ג",true,,54.90,54.9000,true,1,5852
3546,true,בשר עוף טרי טחון,,,בשר עוף טרי טחון,קילוגרמים,1.00,"ק""ג",true,,36.90,36.9000,true,1,10298
3611,true,זנבות הודו טרי,,,זנבות הודו טרי,קילוגרמים,1.00,"ק""ג",true,,5.90,5.9000,true,1,5854
4650,true,5 יח' לחמניות שמיניה,,,5 יח' לחמניות שמיניה,,1.00,יח',false,,15.90,15.9000,true,1,1050
5201,true,לחמניית דגנים,,,לחמניית דגנים,,1.00,יח',false,,3.90,3.9000,true,1,1052
5202,true,לחמניה שמיניה דגנים,,,לחמניה שמיניה דגנים,,1.00,יח',false,,3.90,3.9000,true,1,1053
5300,true,חמוצים מיוחדים,,,חמוצים מיוחדים,קילוגרמים,1.00,"ק""ג",true,,50.00,50.0000,true,1,12368
5504,true,דונאטס בטעמים מצופה,,,דונאטס בטעמים מצופה,,45.00,100 גרם,false,,6.90,0.1533,true,1,16862
6164,true,אגוז מלך קלוף,,,*מבצע* אגוז מלך קלוף,קילוגרמים,1.00,"ק""ג",true,,59.00,59.0000,true,1,18572
6302,true,6 יח' שליש בגט,,,6 יח' שליש בגט,,1.00,יח',false,,15.90,15.9000,true,1,1054
6303,true,6 יח' יאמיס,,,6 יח' יאמיס,,1.00,יח',false,,15.90,15.9000,true,1,1055
6501,true,4 יח' לחמניות בריאות,,,4 יח' לחמניות בריאות,,1.00,יח',false,,14.90,14.9000,true,1,1060
6607,true,משמש מיובש,,,משמש מיובש,קילוגרמים,1.00,"ק""ג",true,,49.00,49.0000,true,1,18573
6669,true,פאקן טבעי,,,פאקן טבעי,קילוגרמים,1.00,"ק""ג",true,,99.00,99.0000,true,1,18574
6683,true,חמניות קלופות,,,חמניות קלופות,קילוגרמים,1.00,"ק""ג",true,,45.00,45.0000,true,1,18575
6725,true,קופון פחיות קולה/זיר,,,קופון פחיות קולה/זיר,יחידה,0.00,יחידה,false,,0.01,0.0000,true,1,23926
6751,true,מנצ`יס,,,מנצ`יס,קילוגרמים,1.00,"ק""ג",true,,47.00,47.0000,true,1,18576
7147,true,תערובת פיצוחים,,,תערובת פיצוחים,קילוגרמים,1.00,"ק""ג",true,,89.00,89.0000,true,1,18577
7208,true,שקד טבעי ענק,,,שקד טבעי ענק,קילוגרמים,1.00,"ק""ג",true,,69.00,69.0000,true,1,18578
7321,true,סטייק סלמון מבושל,,,סטייק סלמון מבושל,קילוגרמים,1.00,"ק""ג",true,,80.00,80.0000,true,1,12712
7396,true,גרעין מלון קלוי,,,גרעין מלון קלוי,קילוגרמים,1.00,"ק""ג",true,,31.00,31.0000,true,1,18580
7451,true,גרעין שחור קלוי,,,גרעין שחור קלוי,קילוגרמים,1.00,"ק""ג",true,,19.00,19.0000,true,1,18582
7664,true,שרי תמר תפזורת לובלו,,,שרי תמר תפזורת לובלו,קילוגרמים,1.00,"ק""ג",true,,22.90,22.9000,true,1,18001
7703,true,אגוז ברזיל טבעי,,,אגוז ברזיל טבעי,קילוגרמים,1.00,"ק""ג",true,,90.00,90.0000,true,1,18584
7949,true,בונדוק טבעי,,,בונדוק טבעי,קילוגרמים,1.00,"ק""ג",true,,110.00,110.0000,true,1,18585
8328,true,מנגו מסוכר,,,מנגו מסוכר,קילוגרמים,1.00,"ק""ג",true,,41.00,41.0000,true,1,18586
8625,true,פרלינים במשקל,,,פרלינים במשקל,קילוגרמים,1.00,"ק""ג",true,,89.00,89.0000,true,1,18587
8731,true,בוטן טבעי,,,בוטן טבעי,קילוגרמים,1.00,"ק""ג",true,,28.00,28.0000,true,1,18588
9999,true,פיקדון בקבוקים,,,פיקדון בקבוקים,יחידה,0.00,יחידה,false,,0.30,0.0000,true,1,27
979181,true,ירקות חמוצים תפזורת,,,ירקות חמוצים תפזורת,קילוגרמים,1.00,"ק""ג",true,,39.00,39.0000,true,1,28787
979198,true,תבלינים שונים,,,תבלינים שונים,קילוגרמים,1.00,"ק""ג",true,,85.00,85.0000,true,1,28788
40084107,false,ביצת שוקולד הפתעה קינדר,פרדי קונדטוריה אס פי,IT,ביצת הפתעה קינדר 20,,20.00,100 גרם,false,,6.90,0.3450,true,1,14052
59068914,false,סיגריות פאל מאל סילבר דמי סלימס,,,פאל מאל סילבר דמי סל,יחידה,0.00,יחידה,false,,26.00,0.0000,false,1,1637
72917367,false,טעמי חטיף במילוי קרם נוגט וקרמל,"שטראוס גרופ בע""מ",IL,טעמי 40 גר',,40.00,100 גרם,false,,3.90,0.0975,true,1,8452
72940754,false,מעדן מילקי בטעם וניל עם קצפת,"שטראוס גרופ בע""מ",IL,"מילקי וניל 170 מ""ל",,170.00,"100 מ""ל",false,,2.90,0.0171,true,1,8965
72940761,false,מעדן מילקי בטעם שוקולד עם קצפת,מיוצר עי קונדיטוריית,IL,מילקי שוקולד מהדרין,,170.00,"100 מ""ל",false,,2.90,0.0171,true,1,8966
72940952,false,מעדן מילקי בטעם שוקולד עם אקסטרה קצפת,"שטראוס גרופ בע""מ",IL,מילקי אקסטראה קצפת מ,,110.00,"100 מ""ל",false,,3.50,0.0318,true,1,8967
72940983,false,חומוס אחלה 250 גרם,אחלה - שטראוס,IL,אחלה חומוס 250ג,,250.00,100 גרם,false,,6.90,0.0276,true,1,8969
72941041,false,מעדן מילקי מיני בטעם שוקולד עם קצפת,"שטראוס גרופ בע""מ",IL,מיני מילקי שוקולד 70,,70.00,"100 מ""ל",false,,2.10,0.0300,true,1,8970
72945308,false,קוביות שמרים לאפיה שמרית 2*25 ג',"פאקא תעשיות בע""מ",IL,שמרית קוביות שמרים ל,,50.00,100 גרם,false,,3.40,0.0680,true,1,8971
72961209,false,**תנובה שמנת חמוצה 15% 200מל,תנובה מרכז שיתופי לש,IL,"שמנת חמוצהבד""צ תנובה",,200.00,"100 מ""ל",false,,2.40,0.0120,true,1,9903
72961506,false,יוגורט עם תות 1.5% שומן 125 ג' פרילי,מיוצר עי קונדיטוריית,IL,פרילי תות 1.5% 125מל,,125.00,"100 מ""ל",false,,3.50,0.0280,true,1,9906
72961520,false,יוגורט עם אננס 1.5% שומן 125 ג' פרילי,מיוצר עי קונדיטוריית,IL,פרילי אננס 1.5% 125מ,,125.00,"100 מ""ל",false,,3.50,0.0280,true,1,9908
72961544,false,באדי יוגורט בטעם תות שדה 3%,מחלבת אלון תבור,IL,באדי תות 125מל,,125.00,"100 מ""ל",false,,2.90,0.0232,true,1,9909
72963753,false,שמנת אורגינל של פעם 27% שומן 200 ג' תנובה,תנובה מרכז שיתופי לש,IL,תנובה שמנת של פעם 27,,200.00,"100 מ""ל",false,,4.20,0.0210,true,1,9913
72964132,false,פרילי טבע עם גרנולה 1.5% 200מל,מיוצר עי קונדיטוריית,IL,פרילי טבע עם גרנולה,,200.00,"100 מ""ל",false,,4.70,0.0235,true,1,9914
72964422,false,תנובה יוגורט פרחים 4.5% 200מל,מחלבת תנובה,IL,תנובה יוגורט פרחים 4,,200.00,"100 מ""ל",false,,2.60,0.0130,true,1,9915
72986370,false,"גלידת בן & ג'ריס פיינטים וניל 500מ""ל",מוצרי איכות אמריקאים,IL,גלידת פיינטים וניל צ,,420.00,"100 מ""ל",false,,17.50,0.0417,true,1,5154
72986424,false,"גלידת בן & ג'ריס פיינטים קרם עוגיות 500מ""ל",מוצרי איכות אמריקאיי,IL,גלידת פיינטים קרם עו,,420.00,"100 מ""ל",false,,17.50,0.0417,true,1,5155
72986448,false,"גלידת בן & ג'ריס פיינטים טופי קראנץ 500מ""ל",מוצרי איכות אמריקאיי,IL,גלידת טופי קרנץ,,420.00,"100 מ""ל",false,,17.50,0.0417,true,1,5156
72986455,false,"ניו יורק סופר גלידת שוקולד, חתיכות פאדג' ואגוזים",מוצרי איכות אמריקאיי,IL,גלידת פיינטים ניו-יו,,420.00,"100 מ""ל",false,,17.50,0.0417,true,1,5157
72986479,false,"צ'אנקי מנקי גלידת וניל, בננות, חתיכות פאדג' ואגוזים",מוצרי איכות אמריקאיי,IL,גלידת פיינטים צאנקי,,420.00,"100 מ""ל",false,,17.50,0.0417,true,1,5158
72989425,false,"גלידת בן & ג'ריס פיינטים שוקולד בראוניז 500מ""ל",מוצרי איכות אמריקאיי,IL,גלידת פיינטים שוקולד,,500.00,"100 מ""ל",false,,17.50,0.0350,true,1,5159
72993637,false,מעדן חלב בטעם שוקולד 125 ג' דני,מחלבת אחיהוד,IL,דני מהדרין שוקו בודד,,125.00,"100 מ""ל",false,,2.80,0.0224,true,1,8973
72994061,false,חטיף פסק זמן GOOD גלילית לבן 40 גרם,שולן צ'יקולטה גידה ס,TR,פסק זמן 36גר,,36.00,100 גרם,false,,4.90,0.1361,true,1,58105
76136184,false,פאל מאל סופרסלימס כחול קופסה,BAT,,פאל מאל בלו סופרסלימ,יחידה,0.00,יחידה,false,,29.00,0.0000,false,1,1642
80050124,false,סוכריות טיק טק בטעם מנטה,קדבורי,ZA,טיק טק סוכריות,,16.00,100 גרם,false,,3.19,0.1994,true,1,14054
80177173,false,ממרח אגוזי לוז עם קקאו,נוטלה Nutella,IT,ממרח נוטלה קקאו עם א,,350.00,100 גרם,false,,15.90,0.0454,true,1,14063
80773429,false,מסטיק מנטוס פיור פרש בבקבוק בינוני בטעם תות 60 ג',"פרפטי ואן מלה ג'ידה,",TR,מסטיק מנטוס בקבוק בט,,60.00,100 גרם,false,,9.90,0.1650,true,1,4506
80776307,false,מסטיק מנטוס ביג בבקבוק מעוגל טעם פירות מנטה 90 ג',פרפטי ואן מלה,TR,מסטיק מנטוס ביג בקבו,,90.00,100 גרם,false,,17.90,0.1989,true,1,4508
80790990,false,מסטיק מנטוס בבקבוק מעוגל בטעם פירות -מנטה 60 ג',"פרפטי ואן מלה ג'ידה,",TR,מסטיק מנטוס בקבוק בט,,60.00,100 גרם,false,,9.90,0.1650,true,1,4510
80874652,false,קינדר קארדס 120 גרם - בודד,פררו,IT,קינדר קארדס חטיף בוד,,25.60,100 גרם,false,,3.90,0.1523,true,1,14069
80896081,false,מסטיק מנטוס פיור פרש בבקבוק בינוני בטעם אבטיח 60 ג',"פרפטי ואן מלה ג'ידה,",TR,מסטיק מנטוס בקבוק בט,,60.00,100 גרם,false,,9.90,0.1650,true,1,4518
80913467,false,מסטיק מנטו בבקבוק מעוגל בטעם מנטה 60 ג',פרפטי ואן מלה ברדה,TR,מסטיק מנטוס בקבוק בט,,60.00,100 גרם,false,,9.90,0.1650,true,1,4519
87108538,false,סוכריות מנטוס Mentos תות שדה,הדקלאים אגודת שיתופי,NL,מנטוס תות בגליל 37.5,,37.50,100 גרם,false,,2.90,0.0773,true,1,4522
87108651,false,מארז סוכריות מנטוס Mentos מנטה,הדקלאים אגודת שיתופי,NL,סוכריות מנטוס מנטה 1,,150.00,100 גרם,false,,10.90,0.0727,true,1,4523
87108712,false,מארז סוכריות מנטוס Mentos פירות,פרפטי ואן מלה ברדה,NL,סוכריות מנטוס פירות,,150.00,100 גרם,false,,10.90,0.0727,true,1,4524
87311396,false,סוכריות מנטוס Mentos ריינבואו,פרפטי ואן מלה,NL,מנטוס סוכריות גליל,,37.00,100 גרם,false,,2.90,0.0784,true,1,4526
90087011,false,מיץ תפוחים 100% קרטונית ראוך,ראוך Rauch,HU,מיץ תפוחים 1 ליטר,ליטרים,1.00,ליטר,false,,11.50,11.5000,true,1,9554
90087974,false,"חומץ תפוחים 5% 750 מֿֿֿֿ""ל 12X",ראוך פרוכטסאפה,AT,חומץ תפוחים 5% תומר,,750.00,"100 מ""ל",false,,11.90,0.0159,true,1,9559
90162602,false,"משקה רד בול מוגז פחית 250 מ""ל",רד בול ג'י.אם.בי. אץ,AT,משקה אנרגיה RED BULL,,250.00,"100 מ""ל",false,,5.90,0.0236,true,1,1990
90162800,false,רד בול משקה אנרגיה ללא סוכר פקדון 30 אג,רד בול ג'י.אם.בי. אץ,AT,משקה אנרגיה ללא סוכר,,250.00,"100 מ""ל",false,,5.90,0.0236,true,1,1991
198888886,false,עיגול אגורות,,,עיגול אגורות,יחידה,0.00,יחידה,false,,1.00,0.0000,true,1,15424
11210002500,false,"רוטב טבסקו בפאלו 150 מ""ל","ניצן מותגי מזון בע""מ",US,טבסקו רוטב כנפי באפא,,150.00,"100 מ""ל",false,,23.90,0.1593,true,1,13499
11210009387,false,רוטב טבסקו פלפל ירוק,מקאילהייני אייבורי,US,רוטב ירוק 60 מל,,60.00,"100 מ""ל",false,,10.90,0.1817,true,1,13502
11210698055,false,רוטב טבסקו סרירציה 566 גרם,מקאילהייני קו,US,רוטב טבסקו סרירצ'ה,,566.00,"100 מ""ל",false,,24.90,0.0440,true,1,13504
13300555392,false,פילסברי מיקס בראוניז שוקולד חלב 521 ג',,US,תערובת עוגה מיקס ברא,,432.00,100 גרם,false,,15.90,0.0368,true,1,28916
16000185517,false,דגני בוקר פייבר וואן עתירי סובין FIBRE1,בטר אנד דיפרנט,US,פייבר1- דגני בוקר עת,,555.00,100 גרם,false,,24.90,0.0449,true,1,21024
16000548404,false,ניטשר ואלי חטיף קראנצי גרנולה שיבולת שועל 210 ג',ג'נרל מילס סאן אדריא,ES,חטיף קראנצי גרנולה ש,,210.00,100 גרם,false,,18.90,0.0900,true,1,4529
16000548503,false,ניטשר ואלי קראנצי חטיף גרנולהומייפל 10 יח' 210 ג',ג'נרל מילס סאן אדריא,ES,חטיף קראנצי גרנולה מ,,210.00,100 גרם,false,,18.90,0.0900,true,1,4531
16000548909,false,חטיף ניישטר וואלי 1/5 בריאות מעורב 210 ג,ג'נרל מילס סאן אדריא,ES,חטיף קראנצי גרנולה מ,,210.00,100 גרם,false,,18.90,0.0900,true,1,4533
16229924263,false,"קרם קוקוס 250 מ""ל.",ויט ורלד קומפני,VN,"קרם קוקוס 250 מ""ל.",,250.00,"100 מ""ל",false,,9.90,0.0396,true,1,17599
25675120006,false,חמצוצים 4 צבעים טעמים טבעי 100 גרם,פאסין,NL,חמצוצים חמצוצים טבעי,,100.00,100 גרם,false,,8.90,0.0890,true,1,1517
30000315989,false,קוואקר פרוטאין חמוציות ושקדים 372 גר,קוואקר אוטס קומפני,US,פרוטאין חמוציות ושקד,,372.00,100 גרם,false,,20.90,0.0562,true,1,9288
31200001597,false,חמוציות אושן ספריי קליית גת בשקית 170 גרם,אושן ספריי,US,חמוציות ממותקות ומיו,,170.00,100 גרם,false,,10.90,0.0641,true,1,4539
36000516876,false,ממחטות נייר קלינקס לושן 3 שכבות 75 דף,חוגלה קימברלי,GB,קלינקס לושן תלת שכבת,יחידה,0.00,יחידה,false,,10.90,0.0000,true,1,3194
36000516890,false,ממחטות אף עם אלוורה + ויטמין E תלת שכבתי,קלינקס Kleenex,GB,קלינקס לושן תלת שכבת,יחידה,0.00,יחידה,false,,19.90,0.0000,true,1,3195
37600207188,false,חמאת בוטנים סקיפי קלאסי 462 גר',חברת המזון אלגוד,US,סקיפי חמאת בוטנים קל,,462.00,100 גרם,false,,17.90,0.0387,true,1,1993
37600207256,false,חמאת בוטנים סקיפי עם שברי בוטנים 462 גר',חברת המזון אלגוד,US,סקיפי חמאת בוטנים עם,,462.00,100 גרם,false,,17.90,0.0387,true,1,1994
37600207287,false,חמאת בוטנים סקיפי עם דבש,חברת המזון אלגוד.,US,סקיפי חמאת בוטנים עם,,462.00,100 גרם,false,,17.90,0.0387,true,1,1995
38000232152,false,פרינגלס ברביקיו 158 גרם – חדש,פרינגלס מניופקצ'ורינ,US,פרינגלס ביג ברביקיו,,158.00,100 גרם,false,,8.90,0.0563,true,1,10360
38000232176,false,חטיף צ'יפס שמנת חמוצה ובצל,פרינגלס מניופקצ'ורינ,US,פרינגלס ביג שמנת בצל,,158.00,100 גרם,false,,8.90,0.0563,true,1,10361
38000232183,false,פרינגלס אוריגינל 149 גרם,פרינגלס מניופקצ'ורינ,US,פרינגלס ביג אורגינל,,158.00,100 גרם,false,,8.90,0.0563,true,1,10362
38527591060,false,דגני קוואקר מרובעים Quaker Squares עם סוכר חום,BEVERAGES FOODS & SE,US,דגני בוקר מרובעים קו,,412.00,100 גרם,false,,19.90,0.0483,true,1,9290
40000514480,false,M&M אריזה קטנה's שוקולד אריזה קטנה 48 גרם,M&M אם אנד אם,US,עדשי שוקולד M&M שוקו,,48.00,100 גרם,false,,4.90,0.1021,true,1,7671
42400108153,false,דגני בוקר צבעוניים בטעם פירות טוטי פרוטיס,פוסט Post,US,דגני פרוטיס פוסט 354,,354.00,100 גרם,false,,19.90,0.0562,true,1,21450
46214731552,false,עוגיות שוקולד ציפס מובחרות 225 ג',קריניציה ויטמינה אס,NL,מרבה עוגיות שוקולד צ,,225.00,100 גרם,false,,9.90,0.0440,true,1,7925
50000084500,false,מזון יבש לחתול בטעם נתחי ברביקיו פריסקיז Friskies,נסטלה פורינה,US,פריסקיז מעדני השף מנ,קילוגרמים,1.43,"ק""ג",false,,35.90,25.1049,true,1,6548
50000100347,false,"פריסקיז - מעדני החתול מועשר בחלב 1.40 ק""ג",נסטלה פורינה USA מק,US,פריסקיז מעדני החתול,קילוגרמים,1.40,"ק""ג",false,,35.90,25.6429,true,1,6550
50000237951,false,פריסקיז פרטי מיקס גר,פורינה,US,פריסקיז פארטי מיקס מ,,60.00,100 גרם,false,,11.90,0.1983,true,1,21028
50000574414,false,פריסקיז פרטי מיקס פק,פורינה,US,פריסקיז פארטי מיקס פ,,60.00,100 גרם,false,,11.90,0.1983,true,1,21030
52100040806,false,תערובת שום בצל פלפל שחור ומלח ים 120 גר,מקורמיק,US,תערובת תיבול שום בצל,,120.00,100 גרם,false,,25.90,0.2158,true,1,21471
54881000062,false,תה שחור לימונית וקמומיל 20 שקיות אחמד,אחמד תה אנגליה,,תה שחור לימונית וקמו,,695.00,100 גרם,false,,8.90,0.0128,true,1,22407
54881016001,false,חליטות פרי 4 טעמים 20 שקיקים אחמד,,,תה 4 סוגי חליטות פרי,,695.00,100 גרם,false,,8.90,0.0128,true,1,22419
64144090020,false,"ספריי שמן PAM בטעם שמן זית 141 מ""ל",קונאגרה פודס,US,תרסיס שמן זית פאם 14,,148.00,100 גרם,false,,17.90,0.1209,true,1,4544
64144090051,false,"ספריי שמן PAM קנולה אורגינל 148 מ""ל",קונאגרה פודס,US,תרסיס שמן קנולה פאם,,148.00,"100 מ""ל",false,,17.90,0.1209,true,1,4545
70177077563,false,תה ארל גריי 25 שקיות טוינינגס 50 גר,אר. טווינינגס אנד קו,PL,טווינינג ארל גריי 50,,50.00,100 גרם,false,,18.90,0.3780,true,1,5068
70177077693,false,תה אנגליש ברקפסט 25 שקיות טוינינגס 50 גר,אר. טווינינגס אנד קו,PL,טווינינג אינגליש ברק,,50.00,100 גרם,false,,18.90,0.3780,true,1,5069
76840002542,false,"גלידת בן & ג'ריס פיינט נטפליקס וצ'ילד 500מ""ל",מוצרי איכות אמריקאים,IL,גלידת פיינטים נטפליק,,420.00,"100 מ""ל",false,,17.50,0.0417,true,1,5163
76840100156,false,"בן אנד גריס גלידת צרי גרסיה 500 מ""ל",מוצרי איכות אמריקאיי,IL,בן&גרי גלידה צרי גרס,,473.00,100 גרם,false,,17.50,0.0370,true,1,20624
76840100583,false,"גלידת וניל עם בצק עוגיות בן וג'ירי 473 מ""ל",מוצרי איכות אמריקאיי,IL,גלידה וניל +בצק עוגי,,473.00,"100 מ""ל",false,,17.50,0.0370,true,1,5165
76840400218,false,"גלידה בן&ג'ריס תות שדה ועוגת גבינה 500מ""ל",מוצרי איכות אמריקאיי,IL,בן&גריס גלידה תות שד,,475.00,"100 מ""ל",false,,17.50,0.0368,true,1,5166
77245110610,false,סוכריות מאסט ללא סוכר בטעם מנטה 80 ג'עלית,MIESZKO S.A - MS. JO,PL,סוכריות מאסט ללא סוכ,,80.00,100 גרם,false,,6.90,0.0863,true,1,8462
77975022757,false,בייגלה קשה מבצק שאור בסגנון אמריקאי,סניידרס Snyder's,US,סניידרס בייגלה אמריק,,382.00,100 גרם,false,,15.90,0.0416,true,1,20352
77975094631,false,סנדביץ בייגלה במילוי קרם בטעם צ'דר 226 גרם סניידרס,סניידרס Snyder's,US,סניידרס בייגלה סנדוו,,266.00,100 גרם,false,,15.90,0.0598,true,1,20354
77975094761,false,שברי בייגלה סניידרס בטעם צידר 340 גרם,סניידרס Snyder's,US,סניידרס צ'דר 340 גרם,,340.00,100 גרם,false,,15.90,0.0468,true,1,20355
611745285432,false,שלישיית מגבות מטבח,,,סט 3 מגבות מטבח,יחידה,0.00,יחידה,false,,14.90,0.0000,true,1,32706
611745285685,true,אבוקדו בשל יח,,,אבוקדו בשל יח,,470.00,100 גרם,false,,8.90,0.0189,true,1,18016
613008753320,false,"אריזונה ג'ינסנג ודבש בקבוק 450 מ""ל.",אריזונה Arizona,BG,אריזונה ג'נסנג ודבש,,450.00,"100 מ""ל",false,,8.50,0.0189,true,1,13864
613008753382,false,"בקבוק אריזונה אוכמניות 450 מ""ל",נובה טרייד אל טי די,BG,אריזונה אוכמנייות 45,,450.00,"100 מ""ל",false,,8.50,0.0189,true,1,13865
693493065672,false,טחינה מלאה הר כנען 100% שומשום 500 גר,,IL,טחינה מלאה הר כנען -,,500.00,100 גרם,false,,15.90,0.0318,true,1,26199
728229124764,false,חטיף ציפס בטטה עם מלח ים 110 גרם,היין פיוצ'ור נטורל פ,US,טרה צ'יפס חטיף בטטה,,110.00,100 גרם,false,,14.90,0.1355,true,1,5081
728229130154,false,חטיף על בסיס בטטה וסלק בטעם טבעי,הונדורס צ'יפס יצור א,HN,טרה צ'יפס חטיף בטטה,,110.00,100 גרם,false,,14.90,0.1355,true,1,5083
753182231761,false,"משקה אנרגיה BLU ללא תוספת סוכר 250 מ""ל",אקווה ויט,PL,בלו סיקס ללא סוכר 25,,250.00,"100 מ""ל",false,,4.20,0.0168,true,1,694
768404001640,false,"גלידה בן&ג'ריס קפה משפחתית 500מ""ל",מוצרי איכות אמריקאיי,IL,גלידה פיינטס קפה 473,,473.00,"100 מ""ל",false,,17.50,0.0370,true,1,5167
769904000997,false,דגש שקדי מרק ללא גלו,משובח תעשיות מזון,IL,דגש שקדי מרק ללא גלו,,200.00,100 גרם,false,,14.90,0.0745,true,1,18198
810044130133,false,ספוג ניקוי סקראב דדי,,,ספוג ניקוי דו צדדי ב,יחידה,0.00,יחידה,false,,17.90,0.0000,true,1,60311
835811000426,false,מזלגות קרם עבה במיוחד 50 יח',"גרנג יוניברס , הונג",TR,מזלגות 50 יח' קרם עב,יחידה,0.00,יחידה,false,,12.90,0.0000,true,1,2766
835811003427,false,"צלחות גדולות מקנה סוכר 1 ק""ג",,,צלחות גדול מקנה סוכר,יחידה,0.00,יחידה,false,,34.90,0.0000,true,1,62375
835811005339,false,שקיות אוכל קרטון הנמל זוג*150 יח',,,זוג שקיות אוכל הנמל,,300.00,יח',false,,7.90,0.0263,true,1,2805
835811005803,false,שקיות אשפה עם ידיות 25 יח' X90-מרכז,תעשיות והשקעה אל רסא,IL,הנמל שקיות אשפה עם י,יחידה,0.00,יחידה,false,,12.90,0.0000,true,1,2808
835811006497,false,אבקת סוכר 500 גרם הנמל,ר.ס. חברה ליבוא ויצו,IL,אבקת סוכר 500 גר,,500.00,100 גרם,false,,8.90,0.0178,true,1,2818
835811007180,false,פופ קורן הנמל 500 גר,יבוא ושיווק: הנמל אר,IL,פופ קורן הנמל 500 גר,,500.00,100 גרם,false,,5.90,0.0118,true,1,19709
835811008934,false,מזלגות 50 יח שקוף/קרם עבה במיוחד,"גרנג יוניברס , הונג",TR,מזלגות 50 יח עבה במי,יחידה,0.00,יחידה,false,,12.90,0.0000,true,1,2831
835811008958,false,כפיות 50 יח שקוף/קרם עבה במיוחד,"גרנג יוניברס , הונג",TR,כפיות 50 יח שקוף עבה,יחידה,0.00,יחידה,false,,12.90,0.0000,true,1,2833
835811009016,false,כוסות קרטון 50 יח 4 OZ,הנמל,CN,כוסות קרטון 50 יח 4O,יחידה,0.00,יחידה,false,,7.90,0.0000,true,1,2837
851621000043,false,"בירה 1664 Blanc בקבוק 330 מ""ל",,,בירה BLANC בקבוק 330,,330.00,"100 מ""ל",false,,7.80,0.0236,true,1,19571
851621000050,false,בירה חיטה בטעם הדרים 1664 בלאנק - שישייה,קרלסברג ספליי קומפאנ,PL,בירה BLANC שישיה 330,ליטרים,1.98,ליטר,false,,39.90,20.1515,true,1,2588
859547004329,false,ספוג ניקוי צבעוני סקראב דדי Scrub Daddy,סקארקיסט,US,ספוג ניקוי כלים בצבע,,34.00,100 גרם,false,,17.90,0.5265,true,1,21489
859547004688,false,ספוג קרצוף סקראב דדי,,,כריות קרצוף סקאור דד,,46.00,100 גרם,false,,17.90,0.3891,true,1,21491
884912365200,false,דגני בוקר אוראו 311 גרם מתכון חדש,פוסט לקיוויל,US,דגני בוקר עם פירורי,,311.00,100 גרם,false,,19.90,0.0640,true,1,21500
3014260228842,false,"ג'ילט קצף גילוח רגיל - 200 מ""ל",מולינו ניקולי s.p.a,GB,קצף גילוח רגיל ג'ילט,,200.00,"100 מ""ל",false,,13.90,0.0695,true,1,10370
3046920028363,false,שוקולד מריר אקסלנס 85%,לינדט ושפרונגלי,FR,לינדט אקסלנס 85% 100,,100.00,100 גרם,false,,14.90,0.1490,true,1,5092
3046920028752,false,לינדט אקסלנס מינט 100 גרם,לינדט ושפרונגלי,FR,לינדט אקסלנס מריר מנ,,100.00,100 גרם,false,,14.90,0.1490,true,1,5093
3046920029759,false,שוקולד מריר אקסלנס 90% קקאו,לינדט ושפרונגלי ג'י.,DE,לינדט אקסלנס 90% 100,,100.00,100 גרם,false,,14.90,0.1490,true,1,5096
3059940007768,false,"אירוויק ספריי בניחוח וניל ואורכידאה 240 מ""ל",איירוויק Air Wick,GB,אירוויק ספרי וניל או,,240.00,"100 מ""ל",false,,9.90,0.0413,true,1,7738
3073781177220,false,גבינת בייבי בל רול 1,מחלבות בל,FR,גבינת בייבי בל רול 1,,102.00,100 גרם,false,,21.90,0.2147,true,1,26381
3141360054405,false,פיניש מפיץ ריח למדיח בניחוח לימון וליים,הדקלאים אגודת שיתופי,HU,פיניש מפיץ ריח לימון,יחידה,0.00,יחידה,false,,14.90,0.0000,true,1,7748
3161911229199,false,חמאה רכה אלוויר 250 גרם,אלל אה וויר,FR,אלוויר חמאה רכה 250ג,,250.00,100 גרם,false,,19.90,0.0796,true,1,16262
3161911366429,false,חמאה רכה מלוחה אלוויר 250 גרם,ארזינא,FR,אלוויר חמאה רכה מלוח,,250.00,100 גרם,false,,19.90,0.0796,true,1,16263
3161911393210,false,אלוויר חמאה נורמנדי מלוחה 200 גרם,אלוויר,FR,חמאת נורמנדי מלוחה 2,,200.00,100 גרם,false,,16.90,0.0845,true,1,26382
3162330060479,false,בירה SAER BRAU 6*250,,,בירה SAER BRAU 6*250,ליטרים,1.50,ליטר,false,,14.90,9.9333,true,1,60832
3178530407938,false,עוגיות מיני מדלן עם פצפוצי שוקולד,סן מישל St Michel,FR,עוגיות שוקולד צ'יפס,,175.00,100 גרם,false,,11.90,0.0680,true,1,16267
3178530417357,false,בראוניז שוקולד לבן סאן מישל 210 גרם,סן מישל,FR,בראוניז שוקולד לבן ס,,210.00,100 גרם,false,,16.90,0.0805,true,1,26387
3245412211393,false,שוקולד חלב מעולה קרפ,,FR,שוקולד חלב מעולה קרפ,,300.00,100 גרם,false,,7.90,0.0263,true,1,28963
3245412211409,false,שוקולד חלב מעולה עם,,FR,שוקולד חלב מעולה עם,,300.00,100 גרם,false,,15.90,0.0530,true,1,28964
3270190111108,false,קרפור מוזלי פירות 7,,,קרפור מוזלי פירות 7,,750.00,100 גרם,false,,15.90,0.0212,true,1,45309
3270190151654,false,שוקולד מריר מעולה עם,,FR,שוקולד מריר מעולה עם,,100.00,100 גרם,false,,5.90,0.0590,true,1,28968
3270190174936,false,שוקולד חלב עם תכולת,,FR,שוקולד חלב עם תכולת,,100.00,100 גרם,false,,5.90,0.0590,true,1,28969
3387390525960,false,קראנץ' דגנים פריכים עם שוקולד 500 גרם,הנסיך- מפעל לייצור ט,FR,דגני קראנץ' נסטלה 50,,500.00,100 גרם,false,,19.90,0.0398,true,1,6573
3523230026826,false,גבינה עיזים למריחה פירמידה 140 גר,אוריאל,FR,פרמידה עיזים טבעי 14,,140.00,100 גרם,false,,23.90,0.1707,true,1,16272
3523230026888,false,גב עיזים למריחה שום ועשבי תיבול פירמידה,סואניון SOIGNON,FR,פרמידה עיזים שום ועש,,140.00,100 גרם,false,,23.90,0.1707,true,1,16273
3560070249343,false,קרפור- שוקולד חלב עם,,FR,קרפור- שוקולד חלב עם,,100.00,100 גרם,false,,5.90,0.0590,true,1,73230
3560070582884,false,קרפור סטייליס עם שוק,,,קרפור סטייליס עם שוק,,300.00,100 גרם,false,,8.90,0.0297,true,1,45275
3560070659517,false,קרפור-תה ארל גריי 20,,,קרפור-תה ארל גריי 20,,36.00,100 גרם,false,,10.90,0.3028,true,1,60887
3560070669981,false,שוקולד מריר מעולה 80,,FR,שוקולד מריר מעולה 80,,80.00,100 גרם,false,,4.90,0.0613,true,1,28970
3560070701407,false,שוקולד מריר מעולה עם,,FR,שוקולד מריר מעולה עם,,100.00,100 גרם,false,,5.90,0.0590,true,1,28971
3560070720859,false,שוקולד מריר מעולה 72,,FR,שוקולד מריר מעולה 72,,80.00,100 גרם,false,,4.90,0.0613,true,1,28972
3560070800230,false,קרפור שוקו קרלס 375,,,קרפור שוקו קרלס 375,,375.00,100 גרם,false,,6.90,0.0184,true,1,45321
3560070800353,false,קרפור הוני בולז 375,,,קרפור הוני בולז 375,,375.00,100 גרם,false,,6.90,0.0184,true,1,45344
3560070820221,false,קרפור-חטיף דגנים אגו,,,קרפור-חטיף דגנים אגו,,125.00,100 גרם,false,,5.90,0.0472,true,1,61146
3560070826186,false,קרפור מוזלי שוקולד ו,,,קרפור מוזלי שוקולד ו,,750.00,100 גרם,false,,14.90,0.0199,true,1,45297
3560070888153,false,קרפור-תה ירוק בטעם ל,,,קרפור-תה ירוק בטעם ל,,40.00,100 גרם,false,,6.90,0.1725,true,1,61058
3560071005191,false,קרפור -שוקולד לבן עם,,FR,קרפור -שוקולד לבן עם,,100.00,100 גרם,false,,5.90,0.0590,true,1,73249
3560071006327,false,שוקולד מריר מעולה קר,,FR,שוקולד מריר מעולה קר,,200.00,100 גרם,false,,5.90,0.0295,true,1,28973
3560071013127,false,קרפור סטייליס עם שוק,,,קרפור סטייליס עם שוק,,300.00,100 גרם,false,,8.90,0.0297,true,1,45298
3560071013196,false,קרפור סטייליס בטעם ט,,,קרפור סטייליס בטעם ט,,500.00,100 גרם,false,,9.90,0.0198,true,1,45286
3560071015725,false,קרפור פיברה עם 5 פיר,,,קרפור פיברה עם 5 פיר,,500.00,100 גרם,false,,11.90,0.0238,true,1,45333
3560071018566,false,קרפור-חטיף דגנים בוט,,,קרפור-חטיף דגנים בוט,,125.00,100 גרם,false,,5.90,0.0472,true,1,61135
3560071081256,false,קרפור-תה שחור 20 יחי,,,קרפור-תה שחור 20 יחי,,36.00,100 גרם,false,,9.90,0.2750,true,1,60854
3560071081263,false,קרפור-תה ירוק סיני 2,,,קרפור-תה ירוק סיני 2,,36.00,100 גרם,false,,9.90,0.2750,true,1,60876
3560071081270,false,קרפור-תה ירוק נענע 2,,,קרפור-תה ירוק נענע 2,,36.00,100 גרם,false,,9.90,0.2750,true,1,60865
3560071090821,false,קרפור שוקו בולז 375,,,קרפור שוקו בולז 375,,375.00,100 גרם,false,,6.90,0.0184,true,1,45322
3560071095659,false,קרפור-חטיף דגנים קוק,,,קרפור-חטיף דגנים קוק,,125.00,100 גרם,false,,5.90,0.0472,true,1,61158
3560071188689,false,בירה Walberg 6*250 מ,,,בירה Walberg 6*250 מ,ליטרים,1.50,ליטר,false,,17.90,11.9333,true,1,60811
3560071341947,false,שמן זית כתית מעולה ב,,FR,שמן זית כתית מעולה ב,,750.00,"100 מ""ל",false,,11.50,0.0153,true,1,36306
3560071431914,false,קפסולות קפה קרפור עו,,FR,קפסולות קפה קרפור עו,,52.00,100 גרם,false,,6.90,0.1327,true,1,46028
3560071431945,false,קפסולות קפה קרפור עו,,FR,קפסולות קפה קרפור עו,,52.00,100 גרם,false,,6.90,0.1327,true,1,46050
3560071432003,false,קפסולות קפה קרפור עו,,FR,קפסולות קפה קרפור עו,,52.00,100 גרם,false,,6.90,0.1327,true,1,46051
3560071432034,false,קפסולות קפה נטול קרפ,,FR,קפסולות קפה נטול קרפ,,52.00,100 גרם,false,,6.90,0.1327,true,1,46052
3560071432065,false,קפסולות קפה קרפור עו,,FR,קפסולות קפה קרפור עו,,52.00,100 גרם,false,,6.90,0.1327,true,1,46053
3560071432096,false,קפסולות קפה קרפור עו,,FR,קפסולות קפה קרפור עו,,52.00,100 גרם,false,,6.90,0.1327,true,1,46054
3560071432157,false,קפסולות קפה וניל קרפ,,FR,קפסולות קפה וניל קרפ,,52.00,100 גרם,false,,6.90,0.1327,true,1,46055
3560071432188,false,קפסולות קפה קרמל קרפ,,FR,קפסולות קפה קרמל קרפ,,52.00,100 גרם,false,,6.90,0.1327,true,1,46056
3560071432218,false,קפסולות קפה אגוז קרפ,,FR,קפסולות קפה אגוז קרפ,,52.00,100 גרם,false,,6.90,0.1327,true,1,46057
3560071432249,false,קפסולות קפה ברזיל קר,,FR,קפסולות קפה ברזיל קר,,52.00,100 גרם,false,,6.90,0.1327,true,1,46058
3560071432270,false,קפסולות קפה קולומביה,,FR,קפסולות קפה קולומביה,,52.00,100 גרם,false,,6.90,0.1327,true,1,46059
3560071432300,false,קפסולות קפה אתיופיה,,FR,קפסולות קפה אתיופיה,,52.00,100 גרם,false,,6.90,0.1327,true,1,46060
3560071432331,false,קפסולות קפה לאוס קרפ,,FR,קפסולות קפה לאוס קרפ,,52.00,100 גרם,false,,6.90,0.1327,true,1,46061
3560071432362,false,קפסולות קפה קניה קרפ,,FR,קפסולות קפה קניה קרפ,,52.00,100 גרם,false,,6.90,0.1327,true,1,46062
3560071432393,false,קפסולות קפה קוסטה רי,,FR,קפסולות קפה קוסטה רי,,52.00,100 גרם,false,,6.90,0.1327,true,1,46063
3560071432515,false,קפסולות קפה קרפור עו,,FR,קפסולות קפה קרפור עו,,52.00,100 גרם,false,,6.90,0.1327,true,1,46064
3560071432690,false,קפסולות קפה קרפור עו,,FR,קפסולות קפה קרפור עו,,52.00,100 גרם,false,,6.90,0.1327,true,1,46065
3560071442545,false,בירה SAER BRAU 6*250,,,בירה SAER BRAU 6*250,ליטרים,1.50,ליטר,false,,14.90,9.9333,true,1,60843
3574660115154,false,או-בה טמפונים קלאסי סופר 32יח',ג'ונסון אנד ג'ונסון,GR,אובה קלאסי סופר אובה,יחידה,0.00,יחידה,false,,23.90,0.0000,true,1,7930
3574661098531,false,ניוטרוגינה תחליב גוף מועשר לעור יבש/רגיש,ניוטרוג'ינה Neutrogena,GR,ניוטרוג'ינה תחליב גו,,400.00,"100 מ""ל",false,,33.90,0.0847,true,1,7943
3574661363998,false,"מי פה ליסטרין תה ירוק 500 מ""ל",גונסון אנד גונסון,IT,מי פה תה ירוק ליסטרי,,500.00,"100 מ""ל",false,,17.90,0.0358,true,1,10906
3574669907729,false,"ג'ונסון שמפו לתינוק גולד 750 מ""ל",גונסון אנד גונסון,IT,ג'ונסונס בייבי שמפו,,750.00,"100 מ""ל",false,,24.90,0.0332,true,1,21632
3600523642489,false,מסכת הזנה אינטנסיבית 6 שמנים לשיער יבש,לוריאל - אלביב Elvive,TR,מסכה לשיער 6 שמנים א,,300.00,"100 מ""ל",false,,24.90,0.0830,true,1,17614
3600523652259,false,"לוריאל - אלביב מרכך קולור פרוטקט 550 מ""ל",לוריאל,TR,מרכך קולור אלביב 550,,550.00,"100 מ""ל",false,,15.90,0.0289,true,1,17618
3600523953677,false,לוריאל - דרמו רויטליפט קלאסי יום SPF30 עברית,,,קרם לחות יום רויטליפ,,50.00,"100 מ""ל",false,,64.90,1.2980,true,1,27277
3600524051334,false,מרכך אלביב יאלורונית,לוריאל,TR,אלביב מרכך היאלורוני,,400.00,"100 מ""ל",false,,13.90,0.0348,true,1,27278
3608580730248,false,קונפיטורה דובדובן 370 ג' בוני מאמן,אנדרוס,FR,קונפיטורה דובדבן 370,,370.00,100 גרם,false,,16.90,0.0457,true,1,7613
3608580730255,false,קונפיטורה בטעם משמש 370 גר BONNE MAMAN,אנדרוס,FR,קונפיטורה משמש 370 ג,,370.00,100 גרם,false,,16.90,0.0457,true,1,7614
3616180424948,false,קרפור הום -30 מפיות,,,קרפור הום -30 מפיות,יחידה,0.00,יחידה,false,,5.90,0.0000,true,1,67419
3616180425150,false,קרפור הום -30 מפיות,,,קרפור הום -30 מפיות,יחידה,0.00,יחידה,false,,5.90,0.0000,true,1,67424
3616180425174,false,קרפור הום -30 מפיות,,,קרפור הום -30 מפיות,יחידה,0.00,יחידה,false,,5.90,0.0000,true,1,67425
3616180425198,false,קרפור הום -30 מפיות,,,קרפור הום -30 מפיות,יחידה,0.00,יחידה,false,,5.90,0.0000,true,1,67427
4000417025005,false,שוקולד ריטר ספורט מרציפן 100 גרם חלב נוכרי,ריטר ספורט Ritter sport,DE,שוקולד ריטר ספורט מר,,100.00,100 גרם,false,,7.90,0.0790,true,1,4557
4000417222008,false,שוקולד ריטר ספורט חלב+שברי אגוזים 100 גרם חלב נוכרי,ריטר ספורט Ritter sport,DE,ריטר שוקולד ספורט חל,,100.00,100 גרם,false,,7.90,0.0790,true,1,4559
4001518106112,false,טורינוס מקלות פריכים עם רוזמרין 125ג',,DE,מקלות מאפים עם רוזמר,,125.00,100 גרם,false,,15.90,0.1272,true,1,21509
4002448017684,false,"סיליט באנג ספריי רב שימושי כתום 750 מ""ל",הדקלאים אגודת שיתופי,PL,סיליט באנג ספריי רב,,750.00,"100 מ""ל",false,,12.90,0.0172,true,1,7749
4005808366392,false,שפתון כחול בליסטר לבלו,טרופיקל דגיל תעשיות,DE,שפתון כחול למניעת יו,,4.80,100 גרם,false,,9.90,2.0625,true,1,16815
4005808368280,false,לבלו דובדבן בליסטר שפתון,טרופיקל דגיל תעשיות,DE,שפתון דובדבן לבלו 4.,,4.80,100 גרם,false,,9.90,2.0625,true,1,16816
4005808502004,false,לבלו שפתון סופט ורוד בליסטר 5.5מל,ביירסדורף,DE,שפתון לבלו ורוד בשרי,,4.80,100 גרם,false,,9.90,2.0625,true,1,16818
4005900036483,false,"ניוואה - דאודורנט ספריי לגבר שקוף בלק וווי 150 מ""ל",בטר אנד דיפרנט,DE,ניוואה דאודורנט ספרי,,150.00,"100 מ""ל",false,,15.90,0.1060,true,1,16836
4005900639554,false,"ניוואה - דאודורנט רול און לאישה פרש נטורל לאישה ללא אלומיניום 50 מ""ל",ביירסדורף AG,DE,דאודורנט רול און מענ,,50.00,"100 מ""ל",false,,11.90,0.2380,true,1,26455
4005900816016,false,"ניוואה - דאודורנט ספריי לאישה פרש טבעי לאישה 150 מ""ל",טרופיקל דגיל תעשיות,DE,NIVEA דאודורנט ספריי,,150.00,"100 מ""ל",false,,13.90,0.0927,true,1,26457
4005900833723,false,"ניוואה - פאוור פרש ג'ל רחצה לגבר 500 מ""ל",,,ג'ל רחצה לגבר ניוואה,,500.00,"100 מ""ל",false,,14.90,0.0298,true,1,26458
4007745058804,false,מיונז אמיתי אורגני נ,אף.סי תבליני בגליל ב,DE,מיונז אורגני 340 גרם,,340.00,100 גרם,false,,24.90,0.0732,true,1,18200
4008287051032,false,בירה קרומבאכר פילס 0.50 ליטר פחית,מנדלז סי.אר. פרודקשן,DE,בירה קרומבכר פילס בפ,,500.00,"100 מ""ל",false,,9.90,0.0198,true,1,18741
4008287058161,false,בירה קרומבאכר פילס 4.8% שישיה 6 * 330 מל,מנדלז סי.אר. פרודקשן,DE,בירה קרומבכר פילס שי,ליטרים,1.98,ליטר,false,,29.90,15.1010,true,1,18742
4009300525684,false,תה חליטת פומפדור לימון וגינגיר 20 יח,פומפדור Pompadour,DE,פומפדור חליטת לימוןג,,35.00,100 גרם,false,,10.90,0.3114,true,1,21635
4009300526438,false,פומפדור תה ירוק קלאסי 30 גרם,"איטיליאן פוד, אס.פי.",DE,פומפדור תה ירוק קלאס,,30.00,100 גרם,false,,16.90,0.5633,true,1,7985
4009300528845,false,"פומפדור תה ירוק עם לימונית דבש 30 מ""ל",פומפדור Pompadour,DE,פומפדור תה ירוק לימו,,30.00,100 גרם,false,,16.90,0.5633,true,1,7986
4009900013581,false,מסטיק אורביט ספרמינט סטיקס משפחתי-חמישיות,אורביט Orbit,DE,אורביט סטיקס ספירמינ,,65.00,100 גרם,false,,9.90,0.1523,true,1,7677
4009900403023,false,מסטיק אורביט בקבוקון דאבל white קלאסי 64ג',"ב.א מזון בע""מ",PL,אורביט וויט מנטה בקב,,64.00,100 גרם,false,,9.90,0.1547,true,1,7681
4009900406918,false,מסטיק הובה בובה טייפ טריפל מיקס 56ג',הובה בובה Hubba Bubba,GB,הובה בובה טייפ טריפל,,56.00,100 גרם,false,,6.90,0.1232,true,1,7682
4009900426121,false,מסטיק אורביט איירוויז בקבוקון אוכמניות 64ג',איירוויבס Airwaves,PL,בקבוקון בקבוקון מסטי,,64.00,100 גרם,false,,9.90,0.1547,true,1,7685
4009900455299,false,סוכריות סקיטלס פירות 174 גרם,סקיטלס Skittles,CZ,סקיטלס פירות 174 גר,,174.00,100 גרם,false,,8.80,0.0506,true,1,7686
4009900465304,false,סוכריות סקיטלס פירות חמוצים 174 גרם,סקיטלס Skittles,CZ,סקיטלס פירות חמוצים,,174.00,100 גרם,false,,8.80,0.0506,true,1,7687
4009900479998,false,מסטיק אורביט בטעם אוכמניות ללא סוכר,ריגלי פולין,PL,אורביט מסטיק בקבוקון,,64.00,100 גרם,false,,9.90,0.1547,true,1,7688
4009900482417,false,מסטיק אורביט פירות מנטה בקבוקון באבל מינט 45יח,ריגלי פולין,PL,אורביט באבל מינט בקב,,64.00,100 גרם,false,,9.90,0.1547,true,1,7690
4009900484091,false,מסטיק אורביט פרופשיונל בטעם מנטה ללא סוכר,אורביט Orbit,GB,אורביט פרופשיונל ספי,,84.00,100 גרם,false,,12.90,0.1536,true,1,7693
4009900531122,false,"מסטיק בטעם מנטה ספירמינט, 64 ג' פרופשיונל אורפיט",מרס נדרלנד,PL,אורביט פרופשייונל ספ,,64.00,100 גרם,false,,9.90,0.1547,true,1,7707
4009900532327,false,סוכריות סקיטלס סמודיס בטעמי יוגורט ופירות,סקיטלס Skittles,GB,סוכריות סקיטלס סמודי,,38.00,100 גרם,false,,2.90,0.0763,true,1,7709
4009900534611,false,מסטיק איירוויבז בקבוקון בטעם מלון ומנטה,ריגלי,IL,איירוויבז בטעם מלון,,64.00,100 גרם,false,,9.90,0.1547,true,1,7710
4009900536257,false,מסטיק אורביט רפרשרס ספירמינט בקבוקון ללא סוכר 67 גר',מרס ריגלי קונפקשונרי,PL,מסטיק אורביט רפרשרס,,67.00,100 גרם,false,,11.90,0.1776,true,1,21557
4009900536486,false,מסטיק אורביט רפרשרס באבלמינט בקבוקון ללא סוכר 67 גר',מרס ריגלי קונפקשונרי,PL,מסטיק אורביט רפרשרס,,67.00,100 גרם,false,,11.90,0.1776,true,1,21559
4009900540551,false,מסטיק אורביט רפרשרס טרופיקל בקבוקון ללא סוכר,מרס פולין,PL,אורביט רפרשרס טרופיק,,67.00,100 גרם,false,,11.90,0.1776,true,1,21565
4011100001220,false,מארז שוקולד מארס מיניס,מרס הולנד בי.וי.,NL,מרס מיני 403 גרם,,403.00,100 גרם,false,,19.90,0.0494,true,1,7711
4011800567613,false,קורני מילק דארק וואיט 4 יח 120 גר,מיוצר עי קונדיטוריית,DE,חטיף דגנים סנדוויץ ש,,120.00,100 גרם,false,,11.90,0.0992,true,1,5103
4011800628512,false,חטיף קורני שוקולד חלב 6 יח 150 גר,מיוצר עי קונדיטוריית,DE,חטיף דגנים עם שוקולד,,150.00,100 גרם,false,,11.90,0.0793,true,1,5108
4011800630515,false,חטיף קורני שוקולד חלב ובננה 6 יח 150 גר,מיוצר עי קונדיטוריית,DE,חטיף דגנים עם שוקולד,,150.00,100 גרם,false,,11.90,0.0793,true,1,5110
4011800632519,false,חטיף דגנים עם שוקולד חלב וקוקוס,מיוצר עי קונדיטוריית,DE,חטיף דגנים עם שוקולד,,150.00,100 גרם,false,,11.90,0.0793,true,1,5111
4011800633516,false,חטיף דגנים עם שוקולד מריר מעולה,שוורטאוור וורקה,DE,חטיף דגנים שוקולד מר,,138.00,100 גרם,false,,11.90,0.0862,true,1,5112
4011800636517,false,חטיף קורני Corny Free עם שוקולד חלב,מיוצר עי קונדיטוריית,DE,חטיף דגנים פרי עם שו,,120.00,100 גרם,false,,11.90,0.0992,true,1,5114
4014400910063,false,סוכריות וורטר אורגינל שקית 135 גרם,ליימן מותגים,DE,סוכריות חמאה וורטר 1,,135.00,100 גרם,false,,7.90,0.0585,true,1,4576
4014400914696,false,סוכריות חמאה וורטר אור ללא סוכר 80 גרם,ליימן מותגים,DE,80 סוכריות חמאה וורט,,80.00,100 גרם,false,,7.90,0.0988,true,1,4578
4014400920857,false,סוכריות וורטר Werther's בטעם שוקולד ללא סוכר,קריניציה ויטמינה אס,DE,וורטרס ללא סוכר טעם,,70.00,100 גרם,false,,7.90,0.1129,true,1,4580
4014400923711,false,טופיפי 125 גר' - חלב נוכרי,ליימן מותגים,DE,טופיפי בונבונירה שוק,,125.00,100 גרם,false,,9.90,0.0792,true,1,4581
4014400929010,false,וופל מיני קנופרס 200 גר 10 גר*20 יחידות,אוגוסט שטורק,DE,וופל מיני קנופרס 200,,200.00,100 גרם,false,,9.90,0.0495,true,1,20364
4015000031394,false,"ספטיל - משחה להסרת כתמים 200 מ""ל",ספטיל saptil,IL,מסיר כתמים ספטיל 200,,200.00,100 גרם,false,,14.90,0.0745,true,1,12811
4015000615921,false,"פה - דאודורנט ספריי לגבר ספורט 200 מ""ל",שוורצקופף והנקל,DE,דאו' ספריי פה לגבר 2,,200.00,"100 מ""ל",false,,9.90,0.0495,true,1,19728
4015400564034,false,מגני תחתון אולוויז לונג פלוס עם ניחוח,פרוקטר אנד גמבל,DE,מגן תחתון לונג פלוס,יחידה,0.00,יחידה,false,,17.90,0.0000,true,1,10378
4015400564454,false,מגני תחתון אולוויז לארג' עם ניחוח מגה פק,פרוקטר אנד גמבל,DE,מגן תחתון לארג מגה פ,יחידה,0.00,יחידה,false,,17.90,0.0000,true,1,10379
4015400731719,false,תחבושות היגייניות אולוויז יום ולילה Day & Night,פרוקטר אנד גמבל,UA,תחבושות וליו פק לילה,יחידה,0.00,יחידה,false,,17.90,0.0000,true,1,10390
4015400746812,false,מגני תחתון אולוויז נורמל עם ניחוח מגה פק,פרוקטר אנד גמבל,UA,מגן תחתון מגה פק נור,יחידה,0.00,יחידה,false,,17.90,0.0000,true,1,10391
4015400755241,false,תחבושות היגייניות אולוויז אולטרה נורמל - 28 יח',פרוקטר אנד גמבל,UA,תחבושות וליו פק נורמ,יחידה,0.00,יחידה,false,,17.90,0.0000,true,1,10393
4015400990482,false,אריאל אבקת כביסה קולור 3 קג,אריאל Ariel,,אבקת כביסה אריאל קול,קילוגרמים,3.00,"ק""ג",false,,34.90,11.6333,true,1,10396
4017100364112,false,עוגיות היט Hit במילוי קרם בטעם שוקולד,הדקלאים אגודת שיתופי,PL,היט עוגיות סנדביץ בט,,220.00,100 גרם,false,,7.90,0.0359,true,1,4591
4022025261002,false,יין בלו ווין גוורצטרמינר 750 מל,לנגוט טראבן,DE,יין בלו נאן בלו וויי,,750.00,"100 מ""ל",false,,49.90,0.0665,true,1,14171
4033100024146,false,סיגריות וינסטון קוד,JTI,,וינסטון קופסא בודדת,יחידה,0.00,יחידה,false,,32.00,0.0000,false,1,1667
4079400330129,false,"בירה פילסנר וולטרס 4.9% 500 מ""ל בפחית",,,בירה וולטרס פחית 4.9,,500.00,"100 מ""ל",false,,6.90,0.0138,true,1,15799
4084500853836,false,"נוזל כלים פיירי ורדים ומשי 515 מ""ל",פרוקטר אנד גמבל,GB,פיירי נוזל כלים ורדי,,515.00,"100 מ""ל",false,,8.90,0.0173,true,1,10414
4260147890513,false,אטריות ביצים דקות ורמיצ'לי 500ג',דין שיווק,PL,אטריות ביצים דקות במ,,500.00,100 גרם,false,,12.90,0.0258,true,1,28574
4603400000043,false,"וודקה רוסקיי סטנדרט 700 מ""ל",רוסקי סטנדרט וודקה,RU,רוסקי סטנדרט 700מ'ל,,700.00,"100 מ""ל",false,,59.90,0.0856,true,1,4140
4603928000976,false,"וודקה בלוגה נובל 700 מ""ל+כוס",מרינסקי ליקרו ונבאנצ,RU,בלוגה וודקה 700מל,,700.00,"100 מ""ל",false,,119.90,0.1713,true,1,12359
4710068001715,false,"מאסטר קפה טירמיסו 240 מ""ל",יוני פרזינדנט אנטרפר,TW,מאסטר קפה טירמיסו 24,,240.00,"100 מ""ל",false,,5.90,0.0246,true,1,13872
4800888219534,false,דאב - דאודורנט סטיק לאישה אנטי פרספירמט 50 גרם,"חברת זולברג, גוברנור",IL,דאורדורנט סטיק אוריג,,50.00,100 גרם,false,,14.90,0.2980,true,1,19998
4903001904192,false,"רוטב סויה יאמסה פרימיום 500 מ""ל",הדקלאים אגודת שיתופי,JP,רוטב סויה יאמאסה פרמ,,500.00,"100 מ""ל",false,,17.90,0.0358,true,1,4592
4903001925784,false,"רוטב סויה יאמאסה פרמיום דל מלח 500 מ""ל",הדקלאים אגודת שיתופי,JP,רוטב סויה יאמאסה דל,,500.00,"100 מ""ל",false,,17.90,0.0358,true,1,4593
5000157143365,false,מתבל בטעם מיונז וקטשופ היינץ 425 ג',היינץ Heinz,PL,מתבל בטעם מיונז וקטש,,425.00,"100 מ""ל",false,,14.90,0.0351,true,1,2003
5000159407236,false,חטיף שוקולד מרס 51 ג',מרס הולנד בי.וי.,NL,חטיף מרס 51 גרם,,51.00,100 גרם,false,,3.90,0.0765,true,1,7721
5000159409179,false,מארז חטיפי מיני סניקרס Snickers,סניקרס Snickers,NL,סניקרס מיני 403 גרם,,403.00,100 גרם,false,,19.90,0.0494,true,1,7722
5000159452540,false,מאגדת סניקרס חמישייה 250 גרם,סניקרס Snickers,NL,חטיף סניקרס מארז 5*2,יחידה,250.00,יחידה,false,,9.90,0.0396,true,1,21567
5000159452663,false,מרס מארז חמישייה 5*50 גרם,מרס,NL,חטיף מרס מארז 5*2 22,,225.00,100 גרם,false,,9.90,0.0440,true,1,21568
5000159459228,false,חטיף שוקולד טוויקס 50 ג',"נארז ע""י : א.ג. גילר",NL,חטיף טויקס 50 גרם,,50.00,100 גרם,false,,3.90,0.0780,true,1,7726
5000159538626,false,מארז טוויקס חמישייה,טוויקס Twix,NL,חטיף טוויקס מארז 5*2,,250.00,100 גרם,false,,9.90,0.0396,true,1,21574
5000159538640,false,מאגדת באונטי חמישייה 250 גרם,באונטי,NL,חטיף באונטי מארז 5*2,,285.00,100 גרם,false,,9.90,0.0347,true,1,21575
5000189974579,false,מארז מיני חטיפי קיט קט Kit Kat,ליימן מותגים,DE,קיט קט מיני 200 גרם,,200.00,100 גרם,false,,10.00,0.0500,true,1,21241
5000204114898,false,"גלייד ארוסול בניחוח מרכך כביסה 300 מ""ל",אס.סי גונוסון,NL,גלייד ארוסול בניחוח,,300.00,"100 מ""ל",false,,9.30,0.0310,true,1,2119
5010026515919,false,מורנפלייק מוזלי נאטי 650 גרם,מורנפלייק Mornflake,GB,מוזלי קריספי אגוזים,,650.00,100 גרם,false,,23.90,0.0368,true,1,20369
5010182997338,false,"טואלט דאק ג'ל אסלה ניחוח רענן 55 מ""ל","איטיליאן פוד, אס.פי.",IT,דאק ג'ל אסלה ניחוח ר,,55.00,100 גרם,false,,9.90,0.1800,true,1,2149
5010182997918,false,"טואלט דאק ג'ל אסלה בניחוח ים 55 מ""ל","איטיליאן פוד, אס.פי.",IT,דאק ג'ל אסלה ניחוח י,,55.00,100 גרם,false,,9.90,0.1800,true,1,2152
5010677850100,false,וודקה גריי גוס בקבוק,גריי גוס,FR,"גריי גוס 700 מ""ל",,700.00,"100 מ""ל",false,,104.90,0.1499,true,1,4915
5011157630281,false,אורז לבן ארוך בסמטי טילדה Tilda,טילדה Tilda,GB,טילדה אורז הימשלי בס,קילוגרמים,1.00,"ק""ג",false,,19.90,19.9000,true,1,8005
5014271310428,false,סן דלפו מעדן דבדבן שחור ללא סוכ 284 ג',המאפיה של הרמן,FR,סאן דלפור מעדן דובדב,,284.00,100 גרם,false,,19.90,0.0701,true,1,16277
5014271330426,false,מעדן סאנט דלפור אוכמניות כחולות 284 גר,סנדלפור St.dalfour,FR,סאן דלפור מעדן אוכמנ,,284.00,100 גרם,false,,19.90,0.0701,true,1,16278
5014271350424,false,מעדן סאנט דלפור ארבע פירות 284 גר,המאפיה של הרמן,FR,סאן דלפור מעדן ארבע,,284.00,100 גרם,false,,19.90,0.0701,true,1,16279
5014271400426,false,סן דלפו מעדן תות שדה ללא סוכר 284 ג',המאפיה של הרמן,FR,סאן דלפור מעדן תות ש,,284.00,100 גרם,false,,19.90,0.0701,true,1,16283
5014271795980,false,מעדן סאנט דלפור אוכמניות וחמוציות 284 גר,סנדלפור St.dalfour,FR,סאן דלפור מעדן חמוצי,,284.00,100 גרם,false,,19.90,0.0701,true,1,16285
5021349701019,false,"וויסקי ויסקי טומינטול 10 שנה 700 מ""ל",אנגוס דנדי,GB,טומינטול סקוטש וויסק,,700.00,"100 מ""ל",false,,169.90,0.2427,true,1,18707
5029053002408,false,נייר טואלט קלינקס פרימיום לבן - מארז 9 גלילים,קימברלי קלארק ישראל,IL,נייר טואלט קליניקס ל,,275.00,מטר,false,,32.90,0.1196,true,1,3196
5029053002439,false,נייר טואלט קלינקס פרימיום צהוב - מארז 9 גלילים,חוגלה קימברלי,GB,נייר טואלט קליניקס צ,,243.00,מטר,false,,32.90,0.1354,true,1,3197
5029053039725,false,ממחטות נייר קלינקס נטורל פרש קופסה 72 דף,קימברלי קלארק,FR,טישו נטורל פרש קופסא,יחידה,0.00,יחידה,false,,10.90,0.0000,true,1,19794
5029053510828,false,קוטקס - תחבושות אולטרה סופר + כנפיים 22 יח',קימברלי קלארק,GB,תחבושת אולטרה סופר+כ,יחידה,0.00,יחידה,false,,16.90,0.0000,true,1,3200
5029053523446,false,קוטקס - תחבושות אולטרה נייט + כנפיים 20 יח',קימברלי קלארק,GB,תחבושות אולטרה נייט+,יחידה,0.00,יחידה,false,,16.90,0.0000,true,1,3201
5029054220085,false,האגיס - מגבוני האגיס אקסטרה קר לא מבושם 56 יח' * 4,קימברלי קלארק,IL,האגיס אקסטרה קר מגבו,יחידה,0.00,יחידה,false,,27.90,0.0000,true,1,3209
5035766044772,false,"סיידר תפוח סטרונגבאו רביעיה 5% 330 מ""ל",סטאסן ס.א,BE,סטרונגבאו סיידר תפוח,ליטרים,1.32,ליטר,false,,29.90,22.6515,true,1,3390
5060319129422,false,חליטת דיטוקס אורגנית 25 גרם הייר ליבינג,אונלי נטורל פרודקטס,PT,הייר ליבינג - חליטת,,40.00,100 גרם,false,,16.90,0.4225,true,1,18225
5060517886486,false,"מונסטר משקה אנרגיה קלאסי 500 מ""ל",מונסטר אנרג'י Monster Energy,RU,מונסטר אנרג'י פחית 5,,500.00,"100 מ""ל",false,,6.50,0.0130,true,1,2592
5060751218173,false,"משקה אנרגיה מונסטר Pipline punch פח 500 מ""ל",מונסטר אנרג'י לימטד,IE,מונסטר פייפלין פאנץ',,500.00,"100 מ""ל",false,,6.50,0.0130,true,1,19575
5060751219033,false,"משקה אנרגיה מונסטר ULTRA PARADISE פח 500 מ""ל",מונסטר אנרג'י לימטד,IE,מונסטר אולטרה פרדייז,,500.00,"100 מ""ל",false,,6.50,0.0130,true,1,19576
5099864006384,false,סימילאק למהדרין שלב 2 אריזת חיסכון 900 ג.,אבוט מעבדות רפואיות,ES,"סימילאק מהדרין בד""צ",,900.00,100 גרם,false,,69.90,0.0777,true,1,18684
5099864006391,false,סימילאק למהדרין שלב 3 אריזת חיסכון 900 ג,אבוט מעבדות רפואיות,ES,"סימילאק מהדרין בד""צ",,900.00,100 גרם,false,,69.90,0.0777,true,1,18685
5201940010110,false,זיתים שחורים מזן קלמטה בפח 454 גרם,סיוארס אס.איי,GR,זיתים שחורים קלמטה ו,,250.00,100 גרם,false,,14.90,0.0596,true,1,1255
5391523057929,false,סימילאק גולד שלב 1 תרכובת מזון על בסיס חלב,אבוט מעבדות רפואיות,ES,סימילאק גולדשלב 1 7,,700.00,100 גרם,false,,69.90,0.0999,true,1,18686
5391523057936,false,סימילאק גולד שלב 2 תרכובת מזון על בסיס חלב,אבוט מעבדות רפואיות,ES,סימילאק גולד שלב 2,,700.00,100 גרם,false,,69.90,0.0999,true,1,18687
5391523057943,false,סימילאק גולד שלב 3 תרכובת מזון על בסיס חלב,אבוט מעבדות רפואיות,ES,סימילאק גולד שלב 3 7,,700.00,100 גרם,false,,69.90,0.0999,true,1,18688
5391523058063,false,סימילאק אדבנס פלוס 1 תרכובת מזון על בסיס חלב,טרופיקל דגיל תעשיות,IE,סימילאק אדוואנס פלוס,,700.00,100 גרם,false,,64.90,0.0927,true,1,18689
5391523058070,false,סימילאק אדבנס פלוס 3 תרכובת מזון על בסיס חלב,טרופיקל דגיל תעשיות,IE,סימילאק אדוונס פלוס,,700.00,100 גרם,false,,64.90,0.0927,true,1,18690
5391523058087,false,סימילאק אדבנס פלוס 2 תרכובת מזון על בסיס חלב,טרופיקל דגיל תעשיות,IE,סימילאק אדוואנס פלוס,,700.00,100 גרם,false,,64.90,0.0927,true,1,18691
5410126006087,false,ביסקוויט לוטוס קרמל 700 גרם,לוטוס ביקרי נ.וי.,BE,לוטוס עוגיות קרמל 70,,700.00,100 גרם,false,,23.90,0.0341,true,1,2012
5410126106183,false,ביסקויט לוטוס קרמל 312 גר 50 יח ארוז,כלורוקס אוקלנד,BE,ביסקוויט קרמל 312גרם,,312.00,100 גרם,false,,16.90,0.0542,true,1,2015
5410126116953,false,ממרח עוגיות לוטוס קרמל 400 גר,לוטוס בייקרי בלגיה נ,BE,לוטוס ממרח ביסקוויט,,400.00,100 גרם,false,,19.90,0.0497,true,1,2016
5410126666038,false,עוגיות לוטוס 18*2 279 גרם,לוטוס ביקרי,BE,עוגיות לוטוס 279 גרם,,279.00,100 גרם,false,,11.50,0.0412,true,1,2017
5410126716016,false,"ביסקוויט בטעם קרמל לוטוס בד""צ 250 ג'",לוטוס ביקרי בלגיה,BE,ביסקוויט בטעם קרמל ל,,250.00,100 גרם,false,,10.90,0.0436,true,1,2018
5410291021991,false,ממרח אגוזי לוז עם קקאו,צ'וקטה Chocketa,BE,צ`וקטה ממרח אגוזי לו,,700.00,100 גרם,false,,19.90,0.0284,true,1,8006
5410291022011,false,ממרח אגוזי לוז עם קקאו 350 גרם חלב נכרי,צ'וקטה Chocketa,BE,צ`וקטה ממרח אגוזי לו,,350.00,100 גרם,false,,11.90,0.0340,true,1,8007
5411081008192,false,"בירה קסטיל רוז 330 מ""ל פחית",,,בירה קסטיל רוז' 300,,330.00,"100 מ""ל",false,,11.90,0.0361,true,1,59969
5411188081852,false,אלפרו משקה סויה בטעם וניל 1 ל',הנסיך- מפעל לייצור ט,BE,אלפרו משקה סויה בטעם,יחידה,0.00,יחידה,false,,15.20,0.0000,true,1,8464
5411188110835,false,אלפרו חלב סויה שקדים וניל 1ל',הנסיך- מפעל לייצור ט,BE,אלפרו משקה שקדים 1 ל,ליטרים,1.00,ליטר,false,,15.50,15.5000,true,1,8467
5411188112709,false,"משקה קוקוס אלפרו 1 ליטר משקה שקדים לל""ס",הנסיך- מפעל לייצור ט,BE,אלפרו משקה שקדים ללא,יחידה,0.00,יחידה,false,,15.50,0.0000,true,1,8469
5411188115366,false,משקה קוקוס אלפרו 1 ליטר משקה שיבולת שועל 1 ליטר,הנסיך- מפעל לייצור ט,BE,אלפרו משקה שיבולת שו,יחידה,0.00,יחידה,false,,15.50,0.0000,true,1,8470
5411188115472,false,אלפרו משקה סויה 1 ליטר,הנסיך- מפעל לייצור ט,BE,אלפרו משקה סויה 1 לי,ליטרים,1.00,ליטר,false,,15.20,15.2000,true,1,8471
5411188120742,false,משקה קוקוס אלפרו 1 ליטר שקדים וניל 1 ל',הנסיך- מפעל לייצור ט,BE,אלפרו משקה שקדים בטע,ליטרים,1.00,ליטר,false,,15.50,15.5000,true,1,8473
5411188129899,false,משקה אלפרו בריסטה שקדים 1 ליטר,הנסיך- מפעל לייצור ט,BE,אלפרו משקה בריסטה שק,יחידה,0.00,יחידה,false,,15.50,0.0000,true,1,8482
5411188134985,false,אלפרו 3.5% NOT M*LK שיבולת שועל 1 ליטר בית יוסף,הנסיך- מפעל לייצור ט,BE,אלפרו 3.5% שומן NOT,ליטרים,1.00,ליטר,false,,15.20,15.2000,true,1,22093
5411188135005,false,אלפרו 1.8% NOT M*LK שיבולת שועל 1 ליטר בית יוסף,הנסיך- מפעל לייצור ט,BE,אלפרו 1.8% שומן NOT,ליטרים,1.00,ליטר,false,,15.20,15.2000,true,1,22094
5411188543398,false,אלפרו משקה סויה ללא סוכר 1 ליטר,הנסיך- מפעל לייצור ט,BE,אלפרו משקה סויה ללא,ליטרים,1.00,ליטר,false,,15.20,15.2000,true,1,8484
5413548040479,false,בונבוניירה רפאלו 240 גרם,קדבורי,PL,בונבוניירה רפאלו 240,,240.00,100 גרם,false,,24.90,0.1037,true,1,14078
5600286004089,false,תפוחונים חמצמץ אורגני 40 גרם,נטורפוד,PT,נטורפוד - תפוחונים א,,40.00,100 גרם,false,,7.90,0.1975,true,1,18227
5601008200444,false,גודיס Goodies עוגיות טבעת מצופות שוקולד חלב,הנסיך- מפעל לייצור ט,PT,גודיס עוגיות טבעת מצ,,150.00,100 גרם,false,,4.90,0.0327,true,1,8012
5601008200468,false,עוגיות מרבה גודיס טבעת מצופה שוקו' לבן 150ג',קריניציה ויטמינה אס,PT,גודיס עוגיות טבעת מצ,,150.00,100 גרם,false,,4.90,0.0327,true,1,8014
5601217129420,false,וולייט דפים לשמירה על צבע הבגד 20 יח,ווליט Woolite,IT,וולייט דפים 20 יח',יחידה,0.00,יחידה,false,,19.90,0.0000,true,1,7776
5701932026964,false,פופקורן להכנה במיקרוגל בטעם טבעי 6 שקיות,ליימן מותגים,US,הוט פופ .פופקורן עם,,600.00,100 גרם,false,,14.90,0.0248,true,1,4596
5701932026971,false,פופקורן להכנה במיקרוגל בטעם חמאה 6 שקיות,ליימן מותגים,US,הוט פופ פופקורן בטעם,,600.00,100 גרם,false,,14.90,0.0248,true,1,4597
5706516031358,false,פופקורן להכנה במיקרוגל בטעם טבעי מופחת שומן 5 שקיות,ליימן מותגים,US,הוט פופ 100 קלוריות,,160.00,100 גרם,false,,14.90,0.0931,true,1,4599
5711953106583,false,גבינת שמנת בטעם טבעי 200 גרם ארלה,ארלה פודס אמבה,DK,ארלה גבינת שמנת טבעי,,200.00,100 גרם,false,,15.60,0.0780,true,1,8975
5711953106590,false,גבינת שמנת ארלה שמנת שום 200 גרם,ארלה פודס אמבה,DK,ארלה גבינת שמנת שום,,200.00,100 גרם,false,,15.60,0.0780,true,1,8976
5740900403215,false,ממרח מחמאת לורפק עם מלח 250 ג',לורפאק Lurpak,DK,ממרח לורפק עם מלח 25,,250.00,100 גרם,false,,13.90,0.0556,true,1,8979
5740900403239,false,ממרח מחמאת לורפק ללא מלח 250 ג',לורפאק Lurpak,DK,ממרח לורפק ללא מלח 2,,250.00,100 גרם,false,,13.90,0.0556,true,1,8981
5740900403246,false,ממרח מחמאת לורפק ללא מלח 500 ג',לורפאק Lurpak,DK,ממרח לורפק ללא מלח 5,,500.00,100 גרם,false,,29.20,0.0584,true,1,8982
5740900403260,false,ממרח מחמאת לורפק ללא מלח 27% פחות שומן,ארלה פודס אמבה,DK,ממרח לורפק ללא מלח מ,,250.00,100 גרם,false,,13.90,0.0556,true,1,8984
5900020012814,false,דגנים נסקוויק מלחמת הכוכבים 500 גרם,מיוצר עי קונדיטוריית,PL,דגני בוקר נסקוויק נס,,500.00,100 גרם,false,,19.90,0.0398,true,1,6576
5900020015174,false,חטיף דגנים פיטנס Fitness עם שוקולד מריר,מיוצר עי קונדיטוריית,PL,פיטנס חטיף דגנים שוק,,141.00,100 גרם,false,,9.80,0.0695,true,1,6577
5900020018908,false,חטיף פיטנס דגנים עם עוגיות ופצפוצי שוקולד לבן,מיוצר עי קונדיטוריית,PL,פיטנס חטיף דגנים קרם,,141.00,100 גרם,false,,9.80,0.0695,true,1,6578
5900020020710,false,נסטלה - קראנץ' שוקו וניל חטיף דגנים 25 גרם * 6,נסטלה פולין ברים,PL,חטיף דגנים קראנץ בר,,150.00,100 גרם,false,,9.80,0.0653,true,1,6580
5900020026552,false,דגני בוקר האני נאט צ'יריוס בטעם דבש ושקדים,נסטלה צרפת איטנקורט,FR,האני נאט ציריוס נסטל,,625.00,100 גרם,false,,19.90,0.0318,true,1,6589
5900020029669,false,פיטנס - חטיף דגנים פירות יער 23.50 גרם * 6,נסטלה פולין ברים,PL,פיטנס חטיף דגנים פיר,,141.00,100 גרם,false,,9.80,0.0695,true,1,6592
5900020037916,false,דגני בוקר שיבולת שועל צ'ריוס 375ג',ג'נרל מילס סאן אדריא,US,צ'יריוס שיבולת שועל,,375.00,100 גרם,false,,14.90,0.0397,true,1,21037
5900020041142,false,קורנפלקס פיטנס 500 ג' אסם,סי.פי.פולין,PL,קורנפלקס פיטנס 500גר,,500.00,100 גרם,false,,12.90,0.0258,true,1,66991
5900627063233,false,טבליות למדיח AIO 50 יח פיניש,רקיט בנקיזר,PL,50 יח AIO טבליות פינ,,800.00,100 גרם,false,,39.90,0.0499,true,1,7780
5901414200411,false,ביסקוויט מיניס ממולא שוקולד היט 130 גר,בלזן פולסקה,PL,היט מיניס קרם קקאו 1,,130.00,100 גרם,false,,5.90,0.0454,true,1,4600
5902198160403,false,"משקה אנרגיה XL TEN פחית לל""ס 250מ""ל","טמפו משקאות בע""מ",IL,אקס אל משקה אנרגיה ט,,250.00,"100 מ""ל",false,,3.80,0.0152,true,1,3394
5902768862553,true,עוגיות בוגטי שוקולד,,,עוגיות בוגטי שוקולד,,155.00,100 גרם,false,,5.90,0.0381,true,1,45092
5904941751302,false,"משקה אנרגיה בלו 250 מ""ל- בודד",אקו - ביט,PL,בלו משקה אנרגיה 250,,250.00,"100 מ""ל",false,,3.90,0.0156,true,1,697
5906485301012,false,"משקה אנרגיה XL פחית 250 מ""ל","טמפו משקאות בע""מ",IL,אקס אל משקה אנרגיה 2,,250.00,"100 מ""ל",false,,4.00,0.0160,true,1,3395
5941021000639,false,טבלת שוקולד חלב אגוז היידי גראנדור 100 ג',,,טבלת היידי גראנדור ח,,100.00,100 גרם,false,,9.90,0.0990,true,1,28923
5941021001674,false,טבלת שוקולד היידי גראנדור 80% 80 ג',,,טבלת היידי גראנדור 8,,80.00,100 גרם,false,,9.90,0.1238,true,1,28928
5941021004309,false,"שוקולד היידי גראנדור פלורנטין, 100 ג'",,,טבלת היידי גראנדור פ,,100.00,100 גרם,false,,9.90,0.0990,true,1,28930
5997321701806,false,אבקה למניעת אבנית במכונת כביסה 2 ב-1,רקיט בנקיזר פולין,PL,"קלגון אבקה 1 ק""ג",קילוגרמים,1.00,"ק""ג",false,,29.90,29.9000,true,1,7782
6001067017523,false,קולגייט מברשת שיניים ילדים ספידרמן-ברבי 5+,יבואן ומשווק: ש. שסט,CN,מברשת שיניים ספידרמן,יחידה,0.00,יחידה,false,,9.90,0.0000,true,1,8015
6008165274629,false,פאל מאל כחול ארוך סטרים פילטר חפיסה,יושלם,,פאל מאל כחול ארוך סט,יחידה,0.00,יחידה,false,,29.00,0.0000,false,1,1698
6111094000198,false,קוסקוס דארי דק 350 גרם,קרמה מן,MA,קוסקוס דק דארי 350 ג,,350.00,100 גרם,false,,6.90,0.0197,true,1,9563
6111094000242,false,תומר קוסקוס דארי דק 500גר,דרי קוספט,MA,קוסקוס דק דארי 500 ג,,500.00,100 גרם,false,,10.00,0.0200,true,1,9565
6111094000808,false,"קוסקוס דארי בינוני תומר 1 ק""ג + 10% תוספת",דרי קוספט,MA,קוסקוס בינוני דארי 1,קילוגרמים,1.10,"ק""ג",false,,15.90,14.4545,true,1,9567
6912977000140,false,אטריות שעועית 250 גר' ( Yantai)ללא גלוטן,יאנטאי ינסידה לנוגקא,CN,אטריות שעועית ללא גל,,250.00,100 גרם,false,,8.80,0.0352,true,1,15510
6920220650028,false,חנוכיית פח זהב /כסף,,,חנוכיה פח זהב/כסף,יחידה,0.00,יחידה,false,,4.90,0.0000,true,1,57809
7046110075036,false,מברשת שיניים אוליטימייט רביעייה - סופט,,,מארז מב.שיניים אולטי,יחידה,0.00,יחידה,false,,10.00,0.0000,true,1,2163
7290000000004,false,לחמניית אצבע עם נקני,,,לחמניית אצבע עם נקני,יחידה,0.00,יחידה,false,,9.90,0.0000,true,1,18471
7290000000104,false,סנדוויץ' עובד,,,סנדוויץ' עובד,יחידה,0.00,יחידה,false,,5.00,0.0000,true,1,32810
7290000000311,false,קרואסון ביס בטעמים ח,,,קרואסון ביס בטעמים ח,קילוגרמים,1.00,"ק""ג",true,,45.50,45.5000,true,1,1002
7290000000465,false,לחמניה שמינייה,,,לחמניה שמינייה,,1.00,יח',false,,4.50,4.5000,true,1,1011
7290000000626,false,ברוקולי ארוז במגשית,,,ברוקולי ארוז במגשית,,1.00,יח',false,,9.90,9.9000,true,1,32384
7290000000978,true,חסה כשר,,,חסה כשר,,1.00,יח',false,,6.90,6.9000,true,1,13100
7290000000985,true,פטרוזיליה כשר,,,פטרוזיליה כשר,,1.00,יח',false,,5.90,5.9000,true,1,13101
7290000001056,false,לחם אחיד 750 גרם,,,לחם אחיד 750 גרם,,750.00,100 גרם,false,,3.90,0.0052,true,1,37515
7290000001104,false,פטריות חורש מיני ארוז 200 ג',מרינה פטריות,IL,פטריות חורש ארוז,,1.00,יח',false,,8.90,8.9000,true,1,14120
7290000001110,false,לחמניה עגולה לבנה,,,לחמניה עגולה לבנה,,1.00,יח',false,,3.00,3.0000,true,1,1033
7290000001579,true,סלרי אמריקאי כשר,,,סלרי אמריקאי כשר,,1.00,יח',false,,5.90,5.9000,true,1,13102
7290000001586,true,שמיר כשר,,,שמיר כשר,,1.00,יח',false,,5.90,5.9000,true,1,13103
7290000001593,true,נענע כשר,,,נענע כשר,,1.00,יח',false,,4.90,4.9000,true,1,13104
7290000001609,true,מנגולד כשר,,,מנגולד כשר,,1.00,יח',false,,6.90,6.9000,true,1,13105
7290000002021,false,רוגלך פרווה,,,רוגלך פרווה,קילוגרמים,1.00,"ק""ג",true,,45.50,45.5000,true,1,1044
7290000002057,false,בורקיטס בולגרי בטעמי,,,בורקיטס בולגרי בטעמי,קילוגרמים,1.00,"ק""ג",true,,42.00,42.0000,true,1,1046
7290000002667,false,בולגרית מסורתית גד 5,,,בולגרית מסורתית גד 5,קילוגרמים,1.00,"ק""ג",true,,60.00,60.0000,true,1,5179
7290000002872,false,צפתית במים גד 5% במש,,,צפתית במים גד 5% במש,קילוגרמים,1.00,"ק""ג",true,,68.00,68.0000,true,1,5181
7290000002889,false,גבינות שמנת שום שמיר,,,גבינות שמנת שום שמיר,קילוגרמים,1.00,"ק""ג",true,,50.00,50.0000,true,1,5182
7290000002902,false,גבינות שמנת ירקות גד,,,גבינות שמנת ירקות גד,קילוגרמים,1.00,"ק""ג",true,,50.00,50.0000,true,1,20647
7290000003285,false,פטינה מחלבת ארלה 21%,,,פטינה מחלבת ארלה 21%,קילוגרמים,1.00,"ק""ג",true,,29.00,29.0000,true,1,8963
7290000003503,false,כנפיים עוף טרי,,,כנפיים עוף טרי,קילוגרמים,1.00,"ק""ג",true,,10.90,10.9000,true,1,5837
7290000003836,false,שניצל פרימיום עוף טר,,,שניצל פרימיום עוף טר,קילוגרמים,1.00,"ק""ג",true,,39.90,39.9000,true,1,23607
7290000004006,false,קאשקבל משולשים גד 26,,,קאשקבל משולשים גד 26,קילוגרמים,1.00,"ק""ג",true,,138.00,138.0000,true,1,5185
7290000004444,false,שקיות גופיה 20 מקרו,,,שקיות גופיה 20 מקרו,יחידה,0.00,יחידה,false,,0.10,0.0000,true,1,26680
7290000004792,false,בולגרית מעודנת גד 5%,,,בולגרית מעודנת גד 5%,קילוגרמים,1.00,"ק""ג",true,,60.00,60.0000,true,1,5188
7290000004815,false,מוצרלה גד 22% במשקל,,,מוצרלה גד 22% במשקל,קילוגרמים,1.00,"ק""ג",true,,88.00,88.0000,true,1,5189
7290000004969,false,גבינות שמנת טבעי גד,,,גבינות שמנת טבעי גד,קילוגרמים,1.00,"ק""ג",true,,50.00,50.0000,true,1,5193
7290000004976,false,גבינות שמנת זיתים גד,,,גבינות שמנת זיתים גד,קילוגרמים,1.00,"ק""ג",true,,50.00,50.0000,true,1,5194
7290000005025,false,בייגל בטעמים,,,בייגל בטעמים,,1.00,יח',false,,3.90,3.9000,true,1,1051
7290000008955,false,חמניות קלויות,,,חמניות קלויות,קילוגרמים,1.00,"ק""ג",true,,41.00,41.0000,true,1,18589
7290000009351,false,בשר טחון חלק טרי,,,בשר טחון חלק טרי,קילוגרמים,1.00,"ק""ג",true,,49.90,49.9000,true,1,28995
7290000009355,false,צלעות בקר חלק טרי,,,צלעות בקר חלק טרי,קילוגרמים,1.00,"ק""ג",true,,59.90,59.9000,true,1,28998
7290000009359,false,כתף חלק טרי,,,כתף חלק טרי,קילוגרמים,1.00,"ק""ג",true,,64.90,64.9000,true,1,29002
7290000009362,false,צלי כתף טרי,,,צלי כתף טרי,קילוגרמים,1.00,"ק""ג",true,,89.90,89.9000,true,1,29005
7290000009363,false,צלי כתף חלק טרי,,,צלי כתף חלק טרי,קילוגרמים,1.00,"ק""ג",true,,89.90,89.9000,true,1,29006
7290000009367,false,פילה מדומה חלק טרי,,,פילה מדומה חלק טרי,קילוגרמים,1.00,"ק""ג",true,,74.90,74.9000,true,1,29010
7290000009371,false,שריר חלק טרי,,,שריר חלק טרי,קילוגרמים,1.00,"ק""ג",true,,59.90,59.9000,true,1,29014
7290000009375,false,אנטריקוט חלק טרי,,,אנטריקוט חלק טרי,קילוגרמים,1.00,"ק""ג",true,,139.90,139.9000,true,1,29018
7290000009390,false,אסאדו חלק טרי,,,אסאדו חלק טרי,קילוגרמים,1.00,"ק""ג",true,,69.90,69.9000,true,1,29025
7290000009431,false,רבע כבש טרי,,,רבע כבש טרי,קילוגרמים,1.00,"ק""ג",true,,119.90,119.9000,true,1,29055
7290000009433,false,צלעות טלה טרי,,,צלעות טלה טרי,קילוגרמים,1.00,"ק""ג",true,,189.90,189.9000,true,1,29057
7290000009434,false,אסאדו טלה טרי,,,אסאדו טלה טרי,קילוגרמים,1.00,"ק""ג",true,,99.90,99.9000,true,1,29058
7290000009435,false,צוואר טלה טרי,,,צוואר טלה טרי,קילוגרמים,1.00,"ק""ג",true,,74.90,74.9000,true,1,29059
7290000009438,false,צלעות מחפוד טרי,,,צלעות מחפוד טרי,קילוגרמים,1.00,"ק""ג",true,,79.90,79.9000,true,1,25906
7290000009439,false,כתף מחפוד טרי,,,כתף מחפוד טרי,קילוגרמים,1.00,"ק""ג",true,,74.90,74.9000,true,1,25907
7290000009440,false,צלי כתף מחפוד טרי,,,צלי כתף מחפוד טרי,קילוגרמים,1.00,"ק""ג",true,,114.90,114.9000,true,1,25908
7290000009441,false,פילה מדומה מחפוד טרי,,,פילה מדומה מחפוד טרי,קילוגרמים,1.00,"ק""ג",true,,84.90,84.9000,true,1,25909
7290000009442,false,שריר מחפוד טרי,,,שריר מחפוד טרי,קילוגרמים,1.00,"ק""ג",true,,74.90,74.9000,true,1,25910
7290000009443,false,אוסובוקו מחפוד טרי,,,אוסובוקו מחפוד טרי,קילוגרמים,1.00,"ק""ג",true,,69.90,69.9000,true,1,25911
7290000009446,false,אסאדו ע.ע מחפוד טרי,,,אסאדו ע.ע מחפוד טרי,קילוגרמים,1.00,"ק""ג",true,,69.90,69.9000,true,1,25914
7290000009447,false,סינטה מחפוד טרי,,,סינטה מחפוד טרי,קילוגרמים,1.00,"ק""ג",true,,124.90,124.9000,true,1,25915
7290000009449,false,פילה מחפוד טרי,,,פילה מחפוד טרי,קילוגרמים,1.00,"ק""ג",true,,184.90,184.9000,true,1,25916
7290000009453,false,חזה בקר מחפוד טרי,,,חזה בקר מחפוד טרי,קילוגרמים,1.00,"ק""ג",true,,69.90,69.9000,true,1,34551
7290000009458,false,צוואר ע.ע מחפוד,,,צוואר ע.ע מחפוד,קילוגרמים,1.00,"ק""ג",true,,59.90,59.9000,true,1,35274
7290000009459,false,חזה ע.ע מחפוד,,,חזה ע.ע מחפוד,קילוגרמים,1.00,"ק""ג",true,,59.90,59.9000,true,1,35307
7290000009460,false,כתף ע.ע מחפוד,,,כתף ע.ע מחפוד,קילוגרמים,1.00,"ק""ג",true,,59.90,59.9000,true,1,35351
7290000009464,false,אנטריקוט ע.ע טרי,,,אנטריקוט ע.ע טרי,קילוגרמים,1.00,"ק""ג",true,,94.90,94.9000,true,1,35521
7290000009465,false,אנטריקוט ע.ע מחפוד ט,,,אנטריקוט ע.ע מחפוד ט,קילוגרמים,1.00,"ק""ג",true,,104.90,104.9000,true,1,35541
7290000009479,false,שומן כבש טרי,,,שומן כבש טרי,קילוגרמים,1.00,"ק""ג",true,,99.90,99.9000,true,1,35938
7290000009480,false,עצמות מח חלק טרי,,,עצמות מח חלק טרי,קילוגרמים,1.00,"ק""ג",true,,24.90,24.9000,true,1,35958
7290000009485,false,לשון בקר מחפוד טרי,,,לשון בקר מחפוד טרי,קילוגרמים,1.00,"ק""ג",true,,69.90,69.9000,true,1,36204
7290000009487,false,בשר ראש בקר מחפוד טר,,,בשר ראש בקר מחפוד טר,קילוגרמים,1.00,"ק""ג",true,,54.90,54.9000,true,1,36225
7290000009511,false,שייטל בקר מחפוד טרי,,,שייטל בקר מחפוד טרי,קילוגרמים,1.00,"ק""ג",true,,110.90,110.9000,true,1,36501
7290000009515,false,אווזית בקר מחפוד טרי,,,אווזית בקר מחפוד טרי,קילוגרמים,1.00,"ק""ג",true,,89.90,89.9000,true,1,36523
7290000010110,false,5 יח' לחמנית קוראסו,,,5 יח' לחמנית קוראסו,,1.00,יח',false,,16.90,16.9000,true,1,1064
7290000010250,false,5 יח' בייגלה בטעמים,,,5 יח' בייגלה בטעמים,,1.00,יח',false,,17.90,17.9000,true,1,1066
7290000010500,false,5 יח' לחמניות חיטה,,,5 יח' לחמניות חיטה,,1.00,יח',false,,13.50,13.5000,true,1,12459
7290000011040,false,5 יח' לחמניה קשר,,,5 יח' לחמניה קשר,,1.00,יח',false,,13.90,13.9000,true,1,1067
7290000011236,false,בולגרית מעודנת המושב,,,בולגרית מעודנת המושב,קילוגרמים,1.00,"ק""ג",true,,40.00,40.0000,true,1,5293
7290000011243,false,בולגרית קשה המושבה 1,,,בולגרית קשה המושבה 1,קילוגרמים,1.00,"ק""ג",true,,45.00,45.0000,true,1,5294
7290000011250,false,שמנת שום שמיר המושב,,,שמנת שום שמיר המושב,קילוגרמים,1.00,"ק""ג",true,,39.00,39.0000,true,1,5295
7290000011274,false,שמנת זיתים המושבה 30,,,שמנת זיתים המושבה 30,קילוגרמים,1.00,"ק""ג",true,,39.00,39.0000,true,1,5296
7290000014510,false,חסה עגולה,,,חסה עגולה,,1.00,יח',false,,5.90,5.9000,true,1,18003
7290000023809,false,"יין ברקן קלאסיק קברנה סובניון 750מ""ל",יקבי ברקן שיווק והפצ,IL,קלאסיק קברנה סובניון,,750.00,"100 מ""ל",false,,32.90,0.0439,true,1,3404
7290000023816,false,"יין ברקן קלאסיק אמרלד ריזלינג 750מ""ל",יקבי ברקן שיווק והפצ,IL,קלאסיק אמרלד ריזלינג,,750.00,"100 מ""ל",false,,32.90,0.0439,true,1,3405
7290000023977,false,"יין ברקן קלאסיק מרלו 750 מ""ל",יקבי ברקן שיווק והפצ,IL,קלאסיק מרלו 750מל.,,750.00,"100 מ""ל",false,,32.90,0.0439,true,1,3411
7290000025786,false,דניס נקי טרי,,,דניס נקי טרי,קילוגרמים,1.00,"ק""ג",true,,69.90,69.9000,true,1,15623
7290000026650,false,צפתית פיראוס 5% במשק,,,צפתית פיראוס 5% במשק,קילוגרמים,1.00,"ק""ג",true,,55.00,55.0000,true,1,9886
7290000026677,false,מאפה רוגלים,,,מאפה רוגלים,קילוגרמים,1.00,"ק""ג",true,,49.00,49.0000,true,1,29430
7290000026806,false,קרפיון נקי טרי,,,קרפיון נקי טרי,קילוגרמים,1.00,"ק""ג",true,,34.90,34.9000,true,1,15625
7290000026813,false,אמנון טרי נקי,,,אמנון טרי נקי,קילוגרמים,1.00,"ק""ג",true,,36.90,36.9000,true,1,15626
7290000026851,false,בורי נקי טרי,,,בורי נקי טרי,קילוגרמים,1.00,"ק""ג",true,,49.90,49.9000,true,1,15627
7290000026893,false,פלפלית בלימון חריף,,,ברמונדי נקי,קילוגרמים,1.00,"ק""ג",true,,49.90,49.9000,true,1,15631
7290000027742,false,לברק נקי טרי,,,לברק נקי טרי,קילוגרמים,1.00,"ק""ג",true,,69.90,69.9000,true,1,15638
7290000027988,false,סלמון טרי,,,סלמון טרי,קילוגרמים,1.00,"ק""ג",true,,79.90,79.9000,true,1,15641
7290000027995,false,פילה סלמון טרי,,,פילה סלמון טרי,קילוגרמים,1.00,"ק""ג",true,,99.90,99.9000,true,1,15645
7290000032665,false,רוטב עגבניות 28% 580ג' פרי זה,,,רוטב עגבניות 28% ברי,,580.00,100 גרם,false,,7.90,0.0136,true,1,3085
7290000035324,false,בולגרית חלב נוכרי פי,,,בולגרית חלב נוכרי פי,קילוגרמים,1.00,"ק""ג",true,,39.00,39.0000,true,1,9887
7290000040042,false,יוגורט תות %3 גביע 150 ג' יופלה,תנובה בעמ,IL,יופלה תות שובב 3% 15,,150.00,"100 מ""ל",false,,5.20,0.0347,true,1,9918
7290000040066,false,יוגורט דובדבן 3% שומן 150 ג' יופלה,תנובה מרכז שיתופי לש,IL,יופלה דובדבן פראי 3%,,150.00,"100 מ""ל",false,,5.20,0.0347,true,1,9919
7290000040080,false,יוגורט אפרסק 3% שומן 150 ג' יופלה,תנובה בעמ,IL,יופלה אפרסק מאוהב 3%,,150.00,"100 מ""ל",false,,5.20,0.0347,true,1,9920
7290000040301,false,"גבינת קולאז קממבר עין גדי 24%, 125 ג'",תנובה מרכז שיתופי לש,IL,תנובה גבינת קממבר עי,,125.00,100 גרם,false,,17.90,0.1432,true,1,9921
7290000040318,false,גבינת ברי 24% קולאז עדי תנובה 125 ג',תנובה מרכז שיתופי לש,IL,תנובה גבינת ברי 24%,,125.00,100 גרם,false,,18.90,0.1512,true,1,9922
7290000040974,false,חלב תנובה קרטון דל לקטוז 2% 1ל,תנובה מרכז שיתופי לש,IL,חלב תנובה קרטון דל ל,ליטרים,1.00,ליטר,false,,6.80,6.8000,true,1,9924
7290000041858,false,"שמנת חמוצה 15% יטבתה 200 מ""ל מהדרין",שטראוס גרופ,IL,יטבתה שמנת חמוצה 15%,,200.00,"100 מ""ל",false,,2.60,0.0130,true,1,8986
7290000042435,false,חלב דל שומן בקרטון+פקק 1 ליטר 1%,תנובה מרכז שיתופי לש,IL,חלב תנובה בקרטון 1%,ליטרים,1.00,ליטר,false,,5.80,5.8000,true,1,9933
7290000042855,false,יוטבתה שוקו שקית 225מל,שטראוס גרופ,IL,יטבתה שוקו שקית 225,,225.00,"100 מ""ל",false,,2.50,0.0111,true,1,8989
7290000043012,false,"שוקו עמיד 2% בקרטון 250 מ""ל תנובה",תנובה מרכז שיתופי לש,IL,שוק שוקו עמיד 2% בקר,,250.00,"100 מ""ל",false,,4.50,0.0180,true,1,9938
7290000043814,false,"שמנת מתוקה להקצפה 38% 250 מ""ל תנובה",תנובה מרכז שיתופי לש,IL,שף לבן שמנת לקצפת עמ,,250.00,"100 מ""ל",false,,6.40,0.0256,true,1,9940
7290000043890,false,רוויון קרטון 1 ליטר %1.5,תנובה מרכז שיתופי לש,IL,ריויון 1.5% 1ל,ליטרים,1.00,ליטר,false,,11.50,11.5000,true,1,9941
7290000043944,false,כד יוגורט תנובה 4% שומן 1.5 ליטר,מיוצר עי קונדיטוריית,IL,יוגורט כדים תנובה 1.,ליטרים,1.50,ליטר,false,,16.60,11.0667,true,1,9942
7290000044712,false,יוגורט עם תות 1.5% שומן 500 ג' פרילי,מיוצר עי קונדיטוריית,IL,פרילי תות 1.5% 500מל,,500.00,"100 מ""ל",false,,9.90,0.0198,true,1,9944
7290000044880,false,באדי יוגורט תות 3% שומן 500 ג' תנובה,מיוצר עי קונדיטוריית,IL,באדי תות 3% 500מל,,500.00,"100 מ""ל",false,,9.10,0.0182,true,1,9946
7290000045573,false,גבינת מותכת משולשים 25% שומן 200 ג' נעמה,תנובה,IL,נעמה גבינת מותכת 25%,,200.00,100 גרם,false,,13.90,0.0695,true,1,9947
7290000045580,false,"גבינת מותכת נעמה חורש 25%, 240 ג'",תנובה מרכז שיתופי לש,IL,נעמה גבינת מותכת 25%,,240.00,100 גרם,false,,16.90,0.0704,true,1,9948
7290000045917,false,תנובה גבינת פרומעז 23% גלילית 200ג,תנובה,IL,תנובה גבינת פרומעז 2,,200.00,100 גרם,false,,24.90,0.1245,true,1,9950
7290000046327,false,"גבינת גלבוע פרוס 22%, 200 ג' תנובה",תנובה מרכז שיתופי לש,IL,גלבוע גבינה פרוסה 22,,200.00,100 גרם,false,,12.90,0.0645,true,1,9951
7290000046563,false,גבע פרמזן תנובה במשק,תנובה מרכז שיתופי לש,IL,גבע פרמזן תנובה במשק,קילוגרמים,1.00,"ק""ג",true,,110.00,110.0000,true,1,9891
7290000047027,false,גבינה גלעד קצקאבל27%,תנובה מרכז שיתופי לש,IL,קשקבל גלעד במשקל,קילוגרמים,1.00,"ק""ג",true,,119.00,119.0000,true,1,9892
7290000047034,false,"גבינה רוקפור גליל ק""",תנובה מרכז שיתופי לש,IL,רוקפור גליל במשקל,קילוגרמים,1.00,"ק""ג",true,,120.00,120.0000,true,1,9893
7290000047485,false,בולגרית פיראוס 24% ב,תנובה מרכז שיתופי לש,IL,בולגרית פיראוס 24% ב,קילוגרמים,1.00,"ק""ג",true,,60.00,60.0000,true,1,9894
7290000047546,false,כנען גבינה לבנה 5% 500 גרם ללא מלח,תנובה מרכז שיתופי לש,IL,שף לבן כנען 5% 500ג,,500.00,100 גרם,false,,24.00,0.0480,true,1,9952
7290000048185,false,גבינה לבנה 5% שומן 250 ג' תנובה,מיוצר עי קונדיטוריית,IL,גבינה לבנה רכה 5% תנ,,250.00,100 גרם,false,,4.95,0.0198,true,1,9955
7290000048192,false,גבינה לבנה 9% שומן 250 ג' תנובה,מחלבת אלון תבור,IL,גבינה לבנה רכה 9% בד,,250.00,100 גרם,false,,5.00,0.0200,true,1,9956
7290000048276,false,סלמון הילטון שמיר מע,,,סלמון הילטון שמיר מע,קילוגרמים,1.00,"ק""ג",true,,189.00,189.0000,true,1,6318
7290000048306,false,מקרל מעושן שלם שמיר,,,מקרל מעושן שלם שמיר,קילוגרמים,1.00,"ק""ג",true,,89.00,89.0000,true,1,6319
7290000048307,false,גבינת קוטג 5% עם זיתים 250ירוקים גרם,מיוצר עי קונדיטוריית,IL,קוטג תנובה עם זיתים,,250.00,100 גרם,false,,5.70,0.0228,true,1,9957
7290000048413,false,גבינה חמד %16 שקית 250 ג' פיראוס,תנובה מרכז שיתופי לש,IL,פיראוס חמד 16% 250ג,,250.00,100 גרם,false,,18.90,0.0756,true,1,9958
7290000048437,false,גבינה צפתית 5% 200 ג' פיראוס,פארייפאבה אגרואינדוס,IL,פיראוס צפתית 5% 200,,200.00,100 גרם,false,,14.60,0.0730,true,1,9959
7290000050447,false,יוגורט תות 500 ג' יופלה,מיוצר עי קונדיטוריית,IL,יופלהYYY תות 3% 500מ,,500.00,"100 מ""ל",false,,12.90,0.0258,true,1,9964
7290000051307,false,מארז הפסקת אוכל עם דגני עוגי ומשקה חלב עמיד בטעם וניל,תנובה מרכז שיתופי לש,IL,חלב תנובה הפ.אוכל עו,,150.00,"100 מ""ל",false,,9.30,0.0620,true,1,9967
7290000052311,false,עמק פרוס בקופסא 200 גר 15% שומן,תנובה מרכז שיתופי לש,IL,עמק מהדרין 15% 200 ג,,200.00,100 גרם,false,,16.50,0.0825,true,1,9973
7290000052649,false,גבינת לאבנה 5% שומן 500 ג' פיראוס,תנובה מרכז שיתופי לש,IL,פיראוס לאבנה 5% 500ג,,500.00,100 גרם,false,,18.90,0.0378,true,1,9974
7290000052717,false,קוטג' 5%עם שום שמיר 250 ג' תנובה,מיוצר עי קונדיטוריית,IL,קוטג תנובה עם שום שמ,,250.00,100 גרם,false,,5.70,0.0228,true,1,9975
7290000052946,false,"יופלה לבן מעודן מאגדת שמינייה בד""צ",תנובה מרכז שיתופי לש,IL,יופלה בדץ מעודן 8*15,ליטרים,1.20,ליטר,false,,21.50,17.9167,true,1,9976
7290000053219,false,חריץ טל העמק 32% שומ,תנובה מרכז שיתופי לש,IL,טל העמק 32% במשקל,קילוגרמים,1.00,"ק""ג",true,,61.00,61.0000,true,1,9896
7290000055015,false,גבינת פיראוס פטה כבשים 5% 250 ג' פיראוס,תנובה מרכז שיתופי לש,IL,פיראוס גבינת פטה כבש,,250.00,100 גרם,false,,25.90,0.1036,true,1,9979
7290000055329,false,משקה יוגורט יופלה בטעם תות-מלון 250 גר,תנובה מרכז שיתופי לש,IL,יופלה משקה יוגורט תו,,250.00,"100 מ""ל",false,,4.90,0.0196,true,1,9981
7290000055336,false,משקה יוגורט יופלה בטעם בננה אפרסק 250 גר,תנובה מרכז שיתופי לש,IL,יופלה משקה יוגורט בנ,,250.00,"100 מ""ל",false,,4.90,0.0196,true,1,9982
7290000055343,false,משקה יוגורט יופלה בטעם טרופי 250 גר,תנובה מרכז שיתופי לש,IL,יופלה משקה יוגורט טר,,250.00,"100 מ""ל",false,,4.90,0.0196,true,1,9983
7290000055350,false,גבינה צהובה חריץ עמק 28% במשקל,תנובה מרכז שיתופי לש,IL,עמק קלאסית 28% במשקל,קילוגרמים,1.00,"ק""ג",true,,41.30,41.3000,true,1,9897
7290000055893,false,חמאה משמנת מפוסטרת 200ג' כ.מהדרין,תנובה מרכז שיתופי לש,IL,חמאה מהדרין תנובה 20,,200.00,100 גרם,false,,8.20,0.0410,true,1,9985
7290000056845,false,חלב טרי 3% הומוגני קרטון 1.5 ל' תנובה,פארייפאבה אגרואינדוס,IL,חלב תנובה בקרטון 3%,ליטרים,1.50,ליטר,false,,9.30,6.2000,true,1,9990
7290000056906,false,מאגדת לבן טבעי 1.5% שומן 8 יח' * 150 ג' יופלה,מחלבת אלון תבור,IL,יופלה לבן 1.5% 8*150,ליטרים,1.20,ליטר,false,,18.50,15.4167,true,1,9993
7290000056951,false,שמנת לבישול 15% 500 מל עמיד השף הלבן,תנובה מרכז שיתופי לש,IL,שף לבן שמנת לבישול +,,500.00,"100 מ""ל",false,,16.60,0.0332,true,1,9994
7290000057088,false,עמק פרוס דק דק 200 גרם 28%,תנובה מרכז שיתופי לש,IL,עמק דק דק 28% 200גר,,200.00,100 גרם,false,,16.70,0.0835,true,1,9996
7290000057118,false,עמק סמי מעדנייה כשרות מהדרין,תנובה מרכז שיתופי לש,IL,עמק סמי 28% 400 גר,,400.00,100 גרם,false,,21.90,0.0547,true,1,9997
7290000057132,false,יוגורט תנובה טבעי 1.5% גביע 200 גרם,מחלבת אלון תבור,IL,תנובה יוגורט טבעי 1.,,200.00,"100 מ""ל",false,,3.00,0.0150,true,1,9998
7290000057149,false,יוגורט תנובה טבעי 3% גביע 200 גרם,מיוצר עי קונדיטוריית,IL,תנובה יוגורט טבעי 3%,,200.00,100 גרם,false,,3.00,0.0150,true,1,9999
7290000057552,false,יופלה דיאט עוגת גבינה ותות 0% גביע 150ג',תנובה בעמ,IL,יופלה דיאט ע.גבינה ו,,150.00,"100 מ""ל",false,,5.00,0.0333,true,1,10001
7290000058030,false,"יופלה שטוזים משקה יוגורט תות 8 יח' * 100 מ""ל",מיוצר עי קונדיטוריית,IL,יופלה שטוזים משקה יו,,800.00,"100 מ""ל",false,,20.90,0.0261,true,1,10003
7290000058047,false,**שף לבן שמנת מתוקה מהדרין 38% פקק 500מ,תנובה מרכז שיתופי לש,IL,שף לבן שמנת מתוקה מה,,500.00,"100 מ""ל",false,,12.80,0.0256,true,1,10004
7290000060071,false,אוסם - חטיפי פריכונים מאורז מלא קלוי 80גר,"מיוצר ע""י PT, משווק",IL,חטיפי פריכונים מאורז,,80.00,100 גרם,false,,7.50,0.0938,true,1,6599
7290000060088,false,בייגלה אסם מקלות מלוחים 400 גרם,מיוצר עי קונדיטוריית,IL,בייגלה אסם מקלות מלו,,400.00,100 גרם,false,,9.90,0.0248,true,1,6600
7290000060163,false,פסטה אסם אטריות דקות 400גר,"אסם השקעות בע""מ",IL,אטריות דקות אסם 400,,400.00,100 גרם,false,,5.90,0.0148,true,1,6601
7290000060200,false,פסטה אסם פתיתים אפויים קוסקוס 500גר,"אסם השקעות בע""מ",IL,פתיתים אפויים קוסקוס,,500.00,100 גרם,false,,6.90,0.0138,true,1,6602
7290000060217,false,פסטה אסם מקרוני 7 500 גר,פסטה זארה,IT,פסטה מקרוני אסם 500,,500.00,100 גרם,false,,5.40,0.0108,true,1,6603
7290000060248,false,פסטה אסם פתיתים תלתלים 500 גר',פסטה זארה,IT,פסטה תלתלים אסם 500,,500.00,100 גרם,false,,5.40,0.0108,true,1,6604
7290000060316,false,פסטה פרפקטו ספגטי 500ג' אסם,פסטה זארה,IT,פסטה ספגטי פרפקטו 50,,500.00,100 גרם,false,,6.90,0.0138,true,1,6605
7290000060408,false,פסטה אסם פתיתים אפויים טבעות 500 גר,"אסם השקעות בע""מ",IL,פתיתים אפויים טבעות,,500.00,100 גרם,false,,6.90,0.0138,true,1,6608
7290000060415,false,פסטה פרפקטו לזאניה אסם 500ג',פסטה לנסי,IL,לזאניה פרפקטו 500 ג,,500.00,100 גרם,false,,12.90,0.0258,true,1,6609
7290000060576,false,פסטה אסם פתיתים אפוי כוכב 500גר,"אסם השקעות בע""מ",IL,פתיתים אפויים כוכבים,,500.00,100 גרם,false,,6.90,0.0138,true,1,6612
7290000060781,false,פסטה אסם פתיתים מסולסלים 500גר,פסטה זארה,IT,פסטה מסולסלים אסם 50,,500.00,100 גרם,false,,5.40,0.0108,true,1,6613
7290000060842,false,פסטה אסם פתיתים צדפים גדולים 500גר,פסטה זארה,IT,פסטה צדפים גדולים אס,,500.00,100 גרם,false,,5.40,0.0108,true,1,6615
7290000060880,false,פסטה מס' 8 ספגטי אסם 500ג',פסטה זארה,IT,ספגטי אסם 500 גרם,,500.00,100 גרם,false,,5.40,0.0108,true,1,6617
7290000060903,false,פסטה אסם פתיתים אפויים אורז 500גר,"אסם השקעות בע""מ",IL,פתיתים אפויים אורז א,,500.00,100 גרם,false,,6.90,0.0138,true,1,6618
7290000060958,false,פסטה אסם אטריות בינוניות 400 גרם,"אסם השקעות בע""מ",IL,אטריות בינוניות אסם,,400.00,100 גרם,false,,5.90,0.0148,true,1,6620
7290000060965,false,פסטה אסם אטריות רחבות 400גר,"אסם השקעות בע""מ",IL,אטריות רחבות אסם 400,,400.00,100 גרם,false,,5.90,0.0148,true,1,6621
7290000061025,false,בולגרית המושבה 5% במ,,,בולגרית המושבה 5% במ,קילוגרמים,1.00,"ק""ג",true,,45.00,45.0000,true,1,5299
7290000061056,false,צפתית פרח המושבה 5%,,,צפתית פרח המושבה 5%,קילוגרמים,1.00,"ק""ג",true,,42.00,42.0000,true,1,5300
7290000061061,false,קרקר בצל אסם 250 גרם,"אסם השקעות בע""מ",IL,אסם קרקר בצל 250גרם,,250.00,100 גרם,false,,9.90,0.0396,true,1,6623
7290000061063,false,קש המושבה 9% במשקל,,,קש המושבה 9% במשקל,קילוגרמים,1.00,"ק""ג",true,,45.00,45.0000,true,1,5301
7290000061085,false,"רוטב צילי מתוק 290 מ""ל-בקבוק","אסם השקעות בע""מ",IL,אסם רוטב צ'ילי מתוק,,290.00,"100 מ""ל",false,,8.90,0.0307,true,1,6624
7290000061108,false,"רוטב טריאקי 290 מ""ל-בקבוק","אסם השקעות בע""מ",IL,רוטב טריאקי אסם 290,,290.00,"100 מ""ל",false,,8.90,0.0307,true,1,6625
7290000061214,false,פתיתים אפויים קוסקוס עם בצל אסם 500 גר',"אסם השקעות בע""מ",IL,פתיתים קוסקוס בצל אס,,500.00,100 גרם,false,,6.90,0.0138,true,1,6626
7290000061278,false,גבינת שמנת טבעית המו,,,גבינת שמנת טבעית המו,קילוגרמים,1.00,"ק""ג",true,,39.00,39.0000,true,1,5304
7290000061285,false,טבורג המושבה 10% במש,,,טבורג המושבה 10% במש,קילוגרמים,1.00,"ק""ג",true,,35.00,35.0000,true,1,5305
7290000061315,false,לאבנה טבעי המושבה 5%,,,לאבנה טבעי המושבה 5%,קילוגרמים,1.00,"ק""ג",true,,42.00,42.0000,true,1,5306
7290000061450,false,פתיתים אפויים קוסקוס צבעוני אסם 500 גר',"אסם השקעות בע""מ",IL,פתיתים קוסקוס 3 צבעי,,500.00,100 גרם,false,,6.90,0.0138,true,1,6629
7290000061764,false,נסקפה רד מאג טעם חדש 200ג',נסטלה ספרד קפה,ES,נס קפה רד מאג טעם חד,,200.00,100 גרם,false,,19.90,0.0995,true,1,6630
7290000062952,false,אוסם - מיני קרוטונים למרק ולסלט 250 גרם,עינת תעשיות מזון אגו,IL,מיני קרוטונים למרק ו,,250.00,100 גרם,false,,13.90,0.0556,true,1,6634
7290000063102,false,קמח עוגה אסם תופח מאליו 350ג',"אסם השקעות בע""מ",IL,קמח תופח קטן אסם 350,,350.00,100 גרם,false,,4.90,0.0140,true,1,6636
7290000063140,false,שקדי מרק רכיבים טבעיים בשקית 400 ג' אסם,"אסם השקעות בע""מ",IL,שקדי מרק רכיבים טבעי,,400.00,100 גרם,false,,9.80,0.0245,true,1,6638
7290000063157,false,"קמח עוגה תופח מאליו 1 ק""ג","אסם השקעות בע""מ",IL,קמח עוגה תופח מאליו,קילוגרמים,1.00,"ק""ג",false,,8.90,8.9000,true,1,6639
7290000064758,false,קוסקוס בינוני אמיתי אסם 350 ג',"מיוצר ע""י קוד יצרן K",IL,קוסקוס אמיתי אסם 350,,350.00,100 גרם,false,,7.50,0.0214,true,1,6642
7290000064871,false,"אוסם - מנה חמה פירה תפו""א עם בצל 56 גרם","אסם השקעות בע""מ",IL,"מנה חמה פירה תפו""א ו",,56.00,100 גרם,false,,4.90,0.0875,true,1,6643
7290000065090,false,מיני קרוטונים למרק ולסלט 400 ג' אסם,עינת תעשיות מזון אגו,IL,מיני קרוטונים למרק ו,,400.00,100 גרם,false,,21.90,0.0547,true,1,6644
7290000065557,false,אוסם - מנה חמה קוסקוס עם ירקות 84 גרם,"אסם תעשיות מזון בע""מ",IL,מנה חמה קוסקוס וירקו,,84.00,100 גרם,false,,4.90,0.0583,true,1,6647
7290000066134,false,ביסלי בטעם פלאפל 70 גרם,"אסם השקעות בע""מ",IL,ביסלי פלאפל 70גרם,,70.00,100 גרם,false,,3.90,0.0557,true,1,6652
7290000066141,false,ביסלי בטעם גריל 70 גרם,"אסם השקעות בע""מ",IL,ביסלי גריל 70 גר'.,,70.00,100 גרם,false,,3.90,0.0557,true,1,6653
7290000066196,false,ביסלי גדול בטעם גריל 200 ג' אסם,מיוצר עי קונדיטוריית,IL,ביסלי גריל 200גרם,,200.00,100 גרם,false,,6.90,0.0345,true,1,6657
7290000066226,false,ביסלי בטעם פיצה 200 ג' אסם,מיוצר עי קונדיטוריית,IL,ביסלי טעם פיצה 200גר,,200.00,100 גרם,false,,6.90,0.0345,true,1,6659
7290000066264,false,אוסם - חטיף דובונים 40 גרם,"אסם השקעות בע""מ",IL,דובונים 40גרם,,40.00,100 גרם,false,,3.90,0.0975,true,1,6660
7290000066295,false,אסם במבה תות מחומרים טבעיים 30גר,מיוצר עי קונדיטוריית,IL,במבה מתוקה מחומרים ט,,30.00,100 גרם,false,,2.50,0.0833,true,1,6661
7290000066318,false,במבה קלאסי 40*80גרם,"אסם השקעות בע""מ",IL,במבה קלאסי 80 גרם,,80.00,100 גרם,false,,3.90,0.0487,true,1,6663
7290000066332,false,אפרופו חטיף אסם 50ג',מיוצר עי קונדיטוריית,IL,אפרופו 50 גרם,,50.00,100 גרם,false,,3.90,0.0780,true,1,6664
7290000066349,false,אפרופו גדול אסם 100ג',מיוצר עי קונדיטוריית,IL,אפרופו 100גרם,,100.00,100 גרם,false,,7.90,0.0790,true,1,6665
7290000066431,false,פופקו חטיף תירס בטעם חמאה ודבש 80 גרם,מיוצר עי קונדיטוריית,IL,פופקו חמאה ודבש 80גר,,80.00,100 גרם,false,,4.50,0.0563,true,1,6666
7290000067544,false,פירורית זהב שקית 200גר,עינת תעשיות מזון אגו,IL,אסם פירורית פירורי ל,,200.00,100 גרם,false,,5.90,0.0295,true,1,6673
7290000068138,false,אסם פודינג אינסטנט וניל 80 גרם,מיוצר עי קונדיטוריית,IL,אסם פודינג אינסטנט ו,,80.00,100 גרם,false,,4.90,0.0613,true,1,6680
7290000068190,false,ג'לי תות שדה צבע טבעי 85 ג',מיוצר עי קונדיטוריית,IL,אסם ג'לי תות שדה צבע,,90.00,100 גרם,false,,5.90,0.0656,true,1,6683
7290000068343,false,אוסם - פירכונים מאורז מלא 140 גרם,"מיוצר ע""י PT, משווק",IL,פריכונים מאורז מלא א,,140.00,100 גרם,false,,6.90,0.0493,true,1,6689
7290000068585,false,גד גאודה עיזים משולש,,,גאודה עיזים גלגל גד,קילוגרמים,1.00,"ק""ג",true,,137.00,137.0000,true,1,5209
7290000068701,false,שקדי מרק רכיבים טבעיים 400 גרם-מיכל,"אסם השקעות בע""מ",IL,שקדי מרק במיכל אסם 4,,400.00,100 גרם,false,,16.50,0.0413,true,1,6690
7290000068770,false,במבה יום הולדת 80 גרם,"אסם השקעות בע""מ",IL,במבה יום הולדת 80גרם,,80.00,100 גרם,false,,3.90,0.0487,true,1,6691
7290000068787,false,במבה יום הולדת 25 גרם,מיוצר עי קונדיטוריית,IL,במבה יום הולדת 25גרם,,25.00,100 גרם,false,,2.00,0.0800,true,1,6692
7290000069258,false,פסטה פרפקטו פנה ריגאטה 500ג' אסם,פסטה זארה,IT,פנה ריגאטה פרפקטו 50,,500.00,100 גרם,false,,6.90,0.0138,true,1,6693
7290000069364,false,פריכונים עגולים אורז דל נתרן אסם 140 גרם,"מיוצר ע""י PT, משווק",IL,פריכונים מאורז מלא ל,,140.00,100 גרם,false,,6.90,0.0493,true,1,6694
7290000069518,false,ג'ינג'ר דל סוכר,,,ג'ינג'ר דל סוכר,קילוגרמים,1.00,"ק""ג",true,,99.00,99.0000,true,1,28714
7290000070308,false,אבקת מרק עוף אמיתי במיכל 400 גרם,"אסם השקעות בע""מ",IL,מרק עוף אמיתי אסם 40,,400.00,100 גרם,false,,16.90,0.0422,true,1,6699
7290000070322,false,אבקת מרק פטריות רכיבים טבעיים אוסם 400 ג',"אסם השקעות בע""מ",IL,אבקת מרק פטריות רכיב,,400.00,100 גרם,false,,23.90,0.0597,true,1,6700
7290000070353,false,אבקת מרק בצל רכיבים טבעיים 400 ג' אסם,"אסם השקעות בע""מ",IL,אבקת מרק בצל רכיבים,,400.00,100 גרם,false,,23.90,0.0597,true,1,6701
7290000072241,false,"רוטב פיצה 290 מ""ל-בקבוק","אסם השקעות בע""מ",IL,אסם רוטב פיצה 290מל,,290.00,"100 מ""ל",false,,8.90,0.0307,true,1,6709
7290000072623,false,קטשופ אסם בקבוק לחיץ 750 גרם,"אסם השקעות בע""מ",IL,אסם קטשופ בקבוק לחיץ,,750.00,100 גרם,false,,9.90,0.0132,true,1,6710
7290000072630,false,קטשופ אסם חריף 750 גרם-בקבוק,"אסם השקעות בע""מ",IL,אסם קטשופ חריף 750 ג,,750.00,100 גרם,false,,12.90,0.0172,true,1,6711
7290000072753,false,קפה טייסטר צ'ויס קפה מגורען 200ג',נסטלה קוריאה - קפה,IL,נס קפה טייסטרס צ'ויס,,200.00,100 גרם,false,,29.90,0.1495,true,1,6712
7290000072760,false,נסקפה טייסטרס צויס 100 גר אוריגנל,נסטלה,KR,טייסטרס צ'וייס 100גר,,100.00,100 גרם,false,,27.90,0.2790,true,1,6713
7290000072777,false,קפה טייסטר צ'ויס מגור' נ.קפאין 200ג',לוטה נסטלה קוריאה,IL,טייסטרס צוייס נטול ק,,200.00,100 גרם,false,,35.90,0.1795,true,1,6714
7290000072968,false,דגנים סיני מיניס מלחמת הכוכבים 500 גרם,נסטלה פולין דגני בוק,PL,סיני מיניס דגני נסטל,,500.00,100 גרם,false,,19.90,0.0398,true,1,6716
7290000073125,false,אוסם - מנה חמה פסטה עם עגבניות 62 גרם,"אסם השקעות בע""מ",IL,מנה חמה פסטה עם עגבנ,,62.00,100 גרם,false,,4.90,0.0790,true,1,6717
7290000073330,false,קשיו ענק קלוי,,,קשיו ענק קלוי,קילוגרמים,1.00,"ק""ג",true,,89.00,89.0000,true,1,18599
7290000073415,false,אוסם - מנה חמה פסטה ברוטב פיצה 61 גרם,"אסם השקעות בע""מ",IL,מנה חמה פסטה ברוטב פ,,61.00,100 גרם,false,,4.90,0.0803,true,1,6718
7290000073750,false,מנה חמה נודלס אטר+ירקות טעם עוף 70 גרם,טאי רזידנט,TH,מנה חמה נודלס בטעם ע,,70.00,100 גרם,false,,4.90,0.0700,true,1,6719
7290000073767,false,מנה חמה נודלס אטר.+ירקות טעם בקר 70 גרם,טאי רזידנט,TH,מנה חמה נודלס בטעם ב,,70.00,100 גרם,false,,4.90,0.0700,true,1,6720
7290000073774,false,מנה חמה נודלס אטר+ירקות טעם צילי 70 גרם,טאי רזידנט,TH,מנה חמה נודלס בטעם פ,,70.00,100 גרם,false,,4.90,0.0700,true,1,6721
7290000074153,false,ביסקוויט פתיבר שוקו,מיוצר עי קונדיטוריית,IL,אסם פתי בר שוקו 500ג,,500.00,100 גרם,false,,9.90,0.0198,true,1,6722
7290000074184,false,אוסם - פתי בר בינוני 500 גרם,"אסם השקעות בע""מ",IL,אסם פתי בר 500גרם.,,500.00,100 גרם,false,,9.90,0.0198,true,1,6723
7290000074245,false,אוסם - קרם קרקר אסם 250 גרם,"אסם השקעות בע""מ",IL,אסם קרם קרקר 250גרם,,250.00,100 גרם,false,,8.90,0.0356,true,1,6724
7290000074375,false,אוסם - קרקר זהב 150 גרם,"אסם השקעות בע""מ",IL,אסם קרקר זהב 150גרם,,150.00,100 גרם,false,,6.90,0.0460,true,1,6728
7290000074481,false,לחמית אגוזים אסם 160 ג',"אסם השקעות בע""מ",IL,לחמית אגוזים 160גרם,,160.00,100 גרם,false,,9.90,0.0619,true,1,6729
7290000074696,false,אסם קרם קרקר 4*1קג ח,"אסם השקעות בע""מ",IL,אסם קרם קרקר 1קג,קילוגרמים,1.00,"ק""ג",false,,22.90,22.9000,true,1,6731
7290000074764,false,קרקר זהב אסם 900 גרם,אסם תעשיות,IL,קרקר זהב אסם 900 גרם,,900.00,100 גרם,false,,22.90,0.0254,true,1,6734
7290000075204,false,אוסם - לחמית חיטה מלאה 250 גרם,"אסם השקעות בע""מ",IL,לחמית חיטה מלאה 250ג,,250.00,100 גרם,false,,7.90,0.0316,true,1,6737
7290000075693,false,עוגת הבית שמרים בריוש שוקולד 360ג',מיוצר עי קונדיטוריית,IL,עוגת שמרים בריוש שוק,,360.00,100 גרם,false,,14.90,0.0414,true,1,6738
7290000075761,false,עוגיות קוקיס מיסטר ש,,,גרעין אבטיח קלוי,קילוגרמים,1.00,"ק""ג",true,,59.00,59.0000,true,1,18601
7290000076133,false,בייגלה שמיניות קטנות 400 גרם אסם,"אסם השקעות בע""מ",IL,בייגלה אסם שמיניות ק,,400.00,100 גרם,false,,9.90,0.0248,true,1,6740
7290000076188,false,תבלינים קבוצה 4,,,תבלינים קבוצה 4,קילוגרמים,1.00,"ק""ג",true,,103.00,103.0000,true,1,18602
7290000076478,false,דלעת מקולפת טבעי,,,דלעת מקולפת טבעי,קילוגרמים,1.00,"ק""ג",true,,60.00,60.0000,true,1,18603
7290000076508,false,צימוק חום,,,צימוק חום,קילוגרמים,1.00,"ק""ג",true,,29.00,29.0000,true,1,18605
7290000076546,false,שקד ספרדי קלוי,,,שקד ספרדי קלוי,קילוגרמים,1.00,"ק""ג",true,,98.00,98.0000,true,1,18606
7290000076553,false,צנובר,,,צנובר,קילוגרמים,1.00,"ק""ג",true,,195.00,195.0000,true,1,18607
7290000076645,false,אוסם - טוסטעים חיטה מלאה 100 גרם,ון דר מולן האלום,NL,טוסטעים חיטה מלאה אס,,100.00,100 גרם,false,,9.90,0.0990,true,1,6741
7290000076690,false,שקד מסוכר,,,שקד מסוכר,קילוגרמים,1.00,"ק""ג",true,,88.00,88.0000,true,1,18609
7290000076744,false,בונדוק קלוי,,,בונדוק קלוי,קילוגרמים,1.00,"ק""ג",true,,130.00,130.0000,true,1,18611
7290000076867,false,שקד מלובן,,,שקד מלובן,קילוגרמים,1.00,"ק""ג",true,,120.00,120.0000,true,1,18613
7290000076881,false,פקאן סיני,,,פקאן סיני,קילוגרמים,1.00,"ק""ג",true,,118.00,118.0000,true,1,18614
7290000077017,false,עוגיות קרמוגית וקרם שוקולד אסם 200 גרם,מיוצר עי קונדיטוריית,IL,אסם קרמוגית במילוי ש,,200.00,100 גרם,false,,9.90,0.0495,true,1,6742
7290000077024,false,פיסטוק ענק קלוי,,,פיסטוק ענק קלוי,קילוגרמים,1.00,"ק""ג",true,,88.00,88.0000,true,1,18615
7290000077253,false,אוסם - לחמית כפרית עם דגנים מלאים 190 גרם,"אסם השקעות בע""מ",IL,לחמית כפרית 190גרם,,190.00,100 גרם,false,,9.90,0.0521,true,1,6743
7290000077321,false,בוטן מסוכר,,,בוטן מסוכר,קילוגרמים,1.00,"ק""ג",true,,36.00,36.0000,true,1,18623
7290000077475,false,בוטנים קלויים,,,בוטנים קלויים,קילוגרמים,1.00,"ק""ג",true,,30.00,30.0000,true,1,18631
7290000077482,false,גרעין לבן קלוי,,,גרעין לבן קלוי,קילוגרמים,1.00,"ק""ג",true,,45.00,45.0000,true,1,18632
7290000077772,false,קבוקים,,,*מבצע* קבוקים,קילוגרמים,1.00,"ק""ג",true,,26.00,26.0000,true,1,18637
7290000077789,false,תאנים מיובשות,,,תאנים מיובשות,קילוגרמים,1.00,"ק""ג",true,,49.00,49.0000,true,1,18638
7290000077796,false,שזיף ללא גרעינים,,,שזיף ללא גרעינים,קילוגרמים,1.00,"ק""ג",true,,39.00,39.0000,true,1,18639
7290000077857,false,צימוק לבן,,,צימוק לבן,קילוגרמים,1.00,"ק""ג",true,,37.00,37.0000,true,1,18641
7290000077864,false,משמש אוזבקי,,,משמש אוזבקי,קילוגרמים,1.00,"ק""ג",true,,55.00,55.0000,true,1,18642
7290000077987,false,אננס פלחים,,,*מבצע* אננס פלחים,קילוגרמים,1.00,"ק""ג",true,,25.00,25.0000,true,1,18644
7290000078021,false,בננה צ`יפס,,,בננה צ`יפס,קילוגרמים,1.00,"ק""ג",true,,35.00,35.0000,true,1,18646
7290000078212,false,קרוטונים מתובלים 250 ג' אסם,עינת תעשיות מזון אגו,IL,קרוטונים מתובלים אסם,,250.00,100 גרם,false,,13.90,0.0556,true,1,6746
7290000078335,false,אוכמניות / חמוציות,,,*מבצע* אוכמניות / חמ,קילוגרמים,1.00,"ק""ג",true,,39.00,39.0000,true,1,18649
7290000078359,false,פפאיה,,,פפאיה,קילוגרמים,1.00,"ק""ג",true,,21.00,21.0000,true,1,18650
7290000078564,false,קשיו מסוכר,,,קשיו מסוכר,קילוגרמים,1.00,"ק""ג",true,,77.00,77.0000,true,1,18655
7290000078601,false,קשיו טבעי,,,קשיו טבעי,קילוגרמים,1.00,"ק""ג",true,,84.00,84.0000,true,1,18656
7290000078687,false,חטיפים בטעמים,,,חטיפים בטעמים,קילוגרמים,1.00,"ק""ג",true,,31.00,31.0000,true,1,18657
7290000078762,false,אוסם - חטיפי פריכונים מאורז מלא בטעם דבש 80גר,סנורייס בלגיום אן. ו,BE,חטיפי פריכונים אורז,,80.00,100 גרם,false,,7.50,0.0938,true,1,6747
7290000080758,false,אוסם - טוסטעים פת קלוי 100 גרם,ון דר מולן האלום,NL,טוסטעים פת קלוי אסם,,100.00,100 גרם,false,,9.90,0.0990,true,1,6749
7290000081663,false,בייגלה אסם טבעות שומשום 300 גרם,מיוצר עי קונדיטוריית,IL,בייגלה אסם טבעות שומ,,300.00,100 גרם,false,,9.90,0.0330,true,1,6751
7290000085180,false,גטניו פתי בר וניל 470 גרם,"אחים גטניו בע""מ",,גטניו - פתיבר וניל 4,,470.00,100 גרם,false,,9.90,0.0211,true,1,42698
7290000089045,false,כפיר הולנדית 22%,,,הולנדי במשקל,קילוגרמים,1.00,"ק""ג",true,,35.00,35.0000,true,1,6522
7290000089388,false,מעדן הרינג בסגנון מט,,,מעדן הרינג בסגנון מט,קילוגרמים,1.00,"ק""ג",true,,70.00,70.0000,true,1,6323
7290000095408,false,נעם 28% חריץ מעדניה,,,נעם 28% חריץ מעדניה,קילוגרמים,1.00,"ק""ג",true,,44.79,44.7900,true,1,2413
7290000095415,false,נעם 9% חריץ מעדניה-,,,נעם 9% חריץ מעדניה-,קילוגרמים,1.00,"ק""ג",true,,75.00,75.0000,true,1,2414
7290000095422,false,גבינת נועם 22% חריץ,,,גבינת נועם 22% חריץ,קילוגרמים,1.00,"ק""ג",true,,42.58,42.5800,true,1,2415
7290000100018,false,גביניות,,,גביניות,קילוגרמים,1.00,"ק""ג",true,,42.00,42.0000,true,1,1071
7290000100081,false,לחמניה קשר/קלועה,,,לחמניה קשר/קלועה,,1.00,יח',false,,2.90,2.9000,true,1,12468
7290000100128,false,פירות קפואים תות סנפרוסט 300 ג',"סנפרוסט בע""מ",IL,סדרת פירות קפואים-תו,,300.00,100 גרם,false,,12.90,0.0430,true,1,9792
7290000100135,false,פירות קפואים סנפרוסט דובדבן 300 גר,"סנפרוסט בע""מ",IL,סדרת פירות קפואים-דו,,300.00,100 גרם,false,,12.90,0.0430,true,1,9793
7290000100615,false,5 יח' חליות לחמניו,,,5 יח' חליות לחמניו,,1.00,יח',false,,11.90,11.9000,true,1,1081
7290000101927,false,אוכמניות כחולות מוקפאות סנפרוסט 300 גרם,"איי, בי, אינבוו",IL,אוכמניות כחולות מוקפ,,300.00,100 גרם,false,,12.90,0.0430,true,1,9803
7290000101934,false,מיקס פירות יער מוקפאות 300 ג' סנפרוסט,"סנפרוסט בע""מ",IL,מיקס פירות יער 300 ג,,300.00,100 גרם,false,,12.90,0.0430,true,1,9804
7290000101941,false,אננס חתוך מוקפא סנפרוסט 300ג',"סנפרוסט בע""מ",IL,אננס מוקפא 300 גרם,,300.00,100 גרם,false,,12.90,0.0430,true,1,9805
7290000101958,false,מנגו חתוך מוקפא סנפרוסט 300ג',"סנפרוסט בע""מ",IL,מנגו מוקפא 300 גרם,,300.00,100 גרם,false,,12.90,0.0430,true,1,9806
7290000103123,false,5 יח' גבטה/ג'בטה כפ,,,5 יח' גבטה/ג'בטה כפ,,1.00,יח',false,,21.90,21.9000,true,1,1084
7290000103365,false,מרק ירקות 550 ג' סנפרוסט,"איי, בי, אינבוו",IL,סנפרוסט מרק ירקות 50,,500.00,100 גרם,false,,17.90,0.0358,true,1,9809
7290000103457,false,מיני כרובית סנפרוסט 600 גר,"סנפרוסט בע""מ",IL,מיני כרובית 600 גרם,,600.00,100 גרם,false,,15.90,0.0265,true,1,9811
7290000103471,false,מיני ברוקולי סנפרוסט 600 גר',"סנפרוסט בע""מ",IL,סנפרוסט מיני ברוקולי,,600.00,100 גרם,false,,15.90,0.0265,true,1,9812
7290000103839,false,מרק כתום קפוא 570 ג' סנפרוסט,"סנפרוסט בע""מ",IL,סנפרוסט מרק כתום קפו,,572.00,100 גרם,false,,16.90,0.0295,true,1,9821
7290000103860,false,מרק עדשים קפוא 570 ג' סנפרוסט,"איי, בי, אינבוו",IL,סנפרוסט מרק עדשים קפ,,572.00,100 גרם,false,,16.90,0.0295,true,1,9823
7290000103877,false,מרק שעועית קפוא 640 ג' סנפרוסט,"סנפרוסט בע""מ",IL,סנפרוסט מרק שעועית ק,,644.00,100 גרם,false,,16.90,0.0262,true,1,9824
7290000104072,false,עדשים ירוקות מבושלות מוקפאות 800 ג' סנפרוסט,"איי, בי, אינבוו",IL,סנפרוסט עדשים ירוקות,,800.00,100 גרם,false,,18.90,0.0236,true,1,9825
7290000104188,false,שעועית אדומה מבושלת סנפרוסט 800 גרם,"סנפרוסט בע""מ",IL,סנפרוסט שעועית אדומה,,800.00,100 גרם,false,,18.90,0.0236,true,1,9826
7290000104201,false,אפונה עדינה סנפרוסט 600 גרם,"איי, בי, אינבוו",IL,אפונה עדינה סנפרוסט,,600.00,100 גרם,false,,12.90,0.0215,true,1,9827
7290000104218,false,סנפרוסט במיה 600 גרם,"איי, בי, אינבוו",IL,סנפרוסט במיה 600גר,,600.00,100 גרם,false,,15.90,0.0265,true,1,9828
7290000104676,false,אפונה קפואה סנפרוסט 800 גרם,"איי, בי, אינבוו",IL,אפונת גינה סנפרוסט 8,,800.00,100 גרם,false,,14.90,0.0186,true,1,9831
7290000104683,false,שעועית ירוקה שלמה 800 גר סנפרוסט,"סנפרוסט בע""מ",IL,שעועית שלמה סנפרוסט,,800.00,100 גרם,false,,19.90,0.0249,true,1,9832
7290000104690,false,תירס גרעינים 800 גרם סנפרוסט,"איי, בי, אינבוו",IL,תירס גרעינים 800גר,,800.00,100 גרם,false,,17.90,0.0224,true,1,9833
7290000104713,false,פול ירוק 800 גר סנפרוסט,"איי, בי, אינבוו",IL,פול ירוק 800גר,,800.00,100 גרם,false,,22.90,0.0286,true,1,9835
7290000104720,false,שעועית ירוקה חתוכה 800גר סנפרוסט,"סנפרוסט בע""מ",IL,שעועית ירוקה חתוכה ס,,800.00,100 גרם,false,,17.90,0.0224,true,1,9836
7290000104737,false,שעועית צהובה חתוכה סנפרוסט 800גר,"סנפרוסט בע""מ",IL,שעועית צהובה חתוכה ס,,800.00,100 גרם,false,,17.90,0.0224,true,1,9837
7290000104744,false,כרובית 800 גר סנפרוסט,"סנפרוסט בע""מ",IL,כרובית 800גר,,800.00,100 גרם,false,,23.90,0.0299,true,1,9838
7290000104768,false,תרד עלים סנפרוסט 800 ג ',"איי, בי, אינבוו",IL,תרד עלים 800 גרם,,800.00,100 גרם,false,,23.90,0.0299,true,1,9840
7290000104799,false,שעועית לבנה מבושלת סנפרוסט 800גר,"איי, בי, אינבוו",IL,שעועית לבנה מבושלת 8,,800.00,100 גרם,false,,18.90,0.0236,true,1,9842
7290000104805,false,גרגירי חומוס קפוא 800 ג' סנפרוסט,"איי, בי, אינבוו",IL,גרגירי חומוס קפוא 80,,800.00,100 גרם,false,,18.90,0.0236,true,1,9843
7290000104836,false,שעועית עדינה שלמה 600 גר סנפרוסט,"סנפרוסט בע""מ",IL,שעועית עדינה שלמה סנ,,600.00,100 גרם,false,,17.90,0.0298,true,1,9845
7290000104874,false,ירקות לקוסקוס של אמא סנפרוסט 800ג',"סנפרוסט בע""מ",IL,לקט קוסקוס 800גר,,800.00,100 גרם,false,,21.90,0.0274,true,1,9846
7290000104911,false,לקט נורמנדי 800 גר סנפרוסט,"איי, בי, אינבוו",IL,לקט נורמנדי 800גר,,800.00,100 גרם,false,,21.90,0.0274,true,1,9849
7290000105312,false,שריר הזרוע מס` 8 K מ,,,שריר הזרוע מס` 8 K מ,קילוגרמים,1.00,"ק""ג",true,,59.90,59.9000,true,1,15292
7290000106526,false,ירקות מעורבים מוקפאים חגיגה ירוקה להקפצה,"איי, בי, אינבוו",IL,סנפרוסט חגיגה ירוקה,,800.00,100 גרם,false,,22.90,0.0286,true,1,9850
7290000107165,false,פולי סויה אדממה סנפרוסט 400 ג',"איי, בי, אינבוו",IL,פולי סויה אדממה קפוא,,400.00,100 גרם,false,,13.90,0.0348,true,1,9851
7290000107189,false,תחתיות ארטישוק 400 גרם סנפרוסט,"איי, בי, אינבוו",IL,תחתיות ארטישוק 400גר,,400.00,100 גרם,false,,20.90,0.0522,true,1,9852
7290000107295,false,תפרחות ברוקולי סנפרוסט 800 ג',"איי, בי, אינבוו",IL,תפרחות ברוקולי 800ג,,800.00,100 גרם,false,,24.90,0.0311,true,1,9853
7290000107615,false,ירקות ואננס להקפצה מנה אסייתית צבעונית ועשירה,"איי, בי, אינבוו",IL,סנפרוסט מנה אסייתי צ,,800.00,100 גרם,false,,22.90,0.0286,true,1,9854
7290000112220,false,בארכה טחינה 100% שומשום 500 גרם,רושדי תעשיות מזון בע,IL,בארכה טחינה 100% שומ,,500.00,100 גרם,false,,13.90,0.0278,true,1,6752
7290000112237,false,בארכה טחינה 100% שומשום 6*1000גרם,רושדי תעשיות מזון בע,IL,בארכה טחינה 100% שומ,קילוגרמים,1.00,"ק""ג",false,,19.90,19.9000,true,1,6753
7290000116945,false,קנור סויה קלאסי בדצ 350ג PAL,יוניליוור ישראל מזון,IL,רוטב סויה קנור 300מל,,300.00,"100 מ""ל",false,,9.90,0.0330,true,1,3754
7290000117720,false,קנור - נמס בכוס זוג פטריות 21.50 גרם * 2,יוניליוור ישראל מזון,IL,מרק נמס בכוס פטריות,,43.00,100 גרם,false,,6.50,0.1512,true,1,3756
7290000121031,false,גבינה מותכת 14% למריחה 120ג' החתול,שלושת האופים,IL,מון בלאן גבינת חתול,,120.00,100 גרם,false,,8.90,0.0742,true,1,5939
7290000121147,false,גבינה מון בלאן לייט 7% פיקנטי 120ג',"שלושת האופים בע""מ",IL,מון בלאן פיקנטי 7% 1,,120.00,100 גרם,false,,8.90,0.0742,true,1,20845
7290000122607,false,עמק לייט 9% חריץ כשר,,,עמק לייט 9% חריץ כשר,קילוגרמים,1.00,"ק""ג",true,,73.00,73.0000,true,1,9899
7290000133117,false,בולגרית מעודנת השומר,,,בולגרית מעודנת השומר,קילוגרמים,1.00,"ק""ג",true,,39.00,39.0000,true,1,18342
7290000134147,false,טעם וריח מוסקט טחון מיכל 40גר,"תבליני טעם וריח בע""מ",IL,טעם וריח מוסקט טחון,,40.00,100 גרם,false,,12.90,0.3225,true,1,14268
7290000134314,false,תבלין תיבול לפיצה 120 ג',"תבליני טעם וריח בע""מ",IL,תערובת תיבול לפיצה ט,,120.00,100 גרם,false,,9.90,0.0825,true,1,14270
7290000134376,false,תבלין פפריקה בשמן 90 גר',"תבליני טעם וריח בע""מ",IL,טעם וריח פפריקה בשמן,,90.00,100 גרם,false,,9.90,0.1100,true,1,14273
7290000134840,false,תבלין כורכום טחון 100 גר',"תבליני טעם וריח בע""מ",IL,טעם וריח ת.כורכום במ,,100.00,100 גרם,false,,9.90,0.0990,true,1,14278
7290000134871,false,תבלין פלפל שחור טחון 100 גר',"תבליני טעם וריח בע""מ",IL,טעם וריח ת. פלפל שחו,,100.00,100 גרם,false,,12.90,0.1290,true,1,14281
7290000134987,false,תבלין פלפל שחור גרוס 90 גר',"תבליני טעם וריח בע""מ",IL,טעם וריח פלפל שחור ג,,90.00,100 גרם,false,,12.90,0.1433,true,1,14282
7290000135045,false,"XL TEN משקה אנרגיה פתוח ללא סוכר 250 מ""ל","טמפו משקאות בע""מ",IL,אקס אל TEN פחית תפוח,,250.00,"100 מ""ל",false,,3.80,0.0152,true,1,3424
7290000135151,false,"טמפו סודה למון ליים בקבוק 250 מ""ל",טמפו משקאות בעמ,IL,סודה נגיעות לימון 27,,275.00,"100 מ""ל",false,,3.90,0.0142,true,1,19836
7290000135168,false,"פפסי מקס ליים פחית צרה מארז שישייה 330 מ""ל",אלפא S.A,AL,שישיית פחיות פפסי מק,ליטרים,1.98,ליטר,false,,17.90,9.0404,true,1,19837
7290000135311,false,פפסי מקס ליים 1.5 ליטר בודד,"טמפו משקאות בע""מ",IL,פפסי מקס ליים 1.5 ל',ליטרים,1.50,ליטר,false,,6.90,4.6000,true,1,3429
7290000135342,false,"מי סודה טמפו בקבוק 500 מ""ל",,,"סודה טמפו 500 מ""ל בק",,500.00,"100 מ""ל",false,,3.90,0.0078,true,1,19839
7290000135632,false,"רביעיית פחיות גולדסטאר לא מסונן 500 מ""ל",טמפו,IL,גולדסטאר לא מסונן פח,ליטרים,2.00,ליטר,false,,35.90,17.9500,true,1,19846
7290000136141,false,משקה בטעם קולה 1.5ל' פפסי,פפסי Pepsi,IL,פפסי קולה 1.5 ליטר,ליטרים,1.50,ליטר,false,,7.40,4.9333,true,1,19855
7290000136165,false,מירינדה בקבוק 1.5 לי,מירינדה Mirinda,IL,מירינדה 1.5 ליטר,ליטרים,1.50,ליטר,false,,7.40,4.9333,true,1,19857
7290000136288,false,סירופ בטעם תפוחים סיידר הגליל JUICER,סיידר הגליל,IL,סיידר הגליל JUICER ס,,330.00,"100 מ""ל",false,,11.60,0.0352,true,1,19863
7290000136516,false,משקה בטעם מנגו פסיפלורה תריסר 1.5 ל' ג'אמפ,טמפו 7.5%,IL,ג`אמפ פסיפלורה 1.5 ל,ליטרים,1.50,ליטר,false,,7.50,5.0000,true,1,19870
7290000136523,false,משקה בטעם ענבים תריסר 1.5 ל' ג'אמפ,טמפו 7.5%,IL,ג`אמפ ענבים 1.5 ליטר,ליטרים,1.50,ליטר,false,,7.50,5.0000,true,1,19871
7290000136561,false,משקה בטעם תות בננה תריסר 1.5 ל' ג'אמפ,טמפו 7.5%,IL,ג`אמפ תות בננה 1.5 ל,ליטרים,1.50,ליטר,false,,7.50,5.0000,true,1,19872
7290000136660,false,סודה רגיל 1.5 ליטר,טמפו,IL,טמפו סודה 1.5 ליטר,ליטרים,1.50,ליטר,false,,2.90,1.9333,true,1,19876
7290000136684,false,פפסי מקס פיקדון 1.5 ליטר,טמפו,IL,פפסי מקס 1.5 ליטר,ליטרים,1.50,ליטר,false,,6.90,4.6000,true,1,19878
7290000136691,false,מארז שישייה סבן אפ 1.5 ל',סבן אפ 7up,IL,סבן אפ 6*1.5 ליטר,ליטרים,9.00,ליטר,false,,39.50,4.3889,true,1,19879
7290000136752,false,סבן אפ דיאט מארז שישייה 1.5 ל' FREE,"טמפו משקאות בע""מ",IL,סבן אפ דיאט 6*1.5 לי,ליטרים,9.00,ליטר,false,,36.50,4.0556,true,1,19880
7290000136769,false,מארז שישיה בטעם קולה 1.5 ל' פפסי,פפסי Pepsi,IL,פפסי קולה 6*1.5 ליטר,ליטרים,9.00,ליטר,false,,31.80,3.5333,true,1,19881
7290000136776,false,שישיית פפסי מקס דל קלוריות 1.5 ליטר,פפסי Pepsi,IL,פפסי מקס 6*1.5 ליטר,ליטרים,9.00,ליטר,false,,35.90,3.9889,true,1,19882
7290000136820,false,סודה בטעם פירות יער מארז ריבעיה * 1.5 ל' טמפו,טמפו 7.5%,IL,טמפו סודה פירות יער,ליטרים,6.00,ליטר,false,,11.10,1.8500,true,1,19886
7290000136837,false,גזוז בנגיעות טעם אפרסק - מארז רביעייה,טמפו 7.5%,IL,טמפו סודה אפרסק 1.5,ליטרים,6.00,ליטר,false,,11.10,1.8500,true,1,19887
7290000136844,false,מארז מים מזוככים אקווה נובה שישיית 2 ליטר,אקווה נובה Aqua Nova,IL,אקווה נובה 6*2 ליטר,ליטרים,12.00,ליטר,false,,11.30,0.9417,true,1,19888
7290000136868,false,שישיית מים מינרלים סאן בנדטו,סאן בנדטו San Benedetto,IL,מים סאן בנדטו 6* 1.5,ליטרים,9.00,ליטר,false,,18.90,2.1000,true,1,19890
7290000136875,false,מארז מים מינרלים מוגז 6* 1.5 ל' סאן בנדטו,סאן בנדטו San Benedetto,IL,סאן בנדטו מים מינרלי,ליטרים,9.00,ליטר,false,,18.90,2.1000,true,1,19891
7290000144160,false,"שמן זית כתית מעולה מודגש""עץ-הזית"" 750 מ""ל","מרקאולאו, ספרד.אבסה,",IL,שמן זית כתית מעולה א,,750.00,"100 מ""ל",false,,30.90,0.0412,true,1,6123
7290000144467,false,שמן חמניות מועשר בנוגדי חמצון 1 ל' עץ הזית,"נארז ע""י : א.ג. גילר",GR,שמן חמניות בריאות מה,ליטרים,1.00,ליטר,false,,14.90,14.9000,true,1,6124
7290000144474,false,שמן עץ הזית קנולה 1 ליטר בריאות מהטבע,שמן תעשיות,EE,שמן קנולה בריאות עץ,ליטרים,1.00,ליטר,false,,14.90,14.9000,true,1,6125
7290000146676,false,הוואי - סבון מוצק לגבר 100 גרם רביעייה,טרופיקל דגיל קוסמטיק,IL,סבון מוצק לגבר הוואי,,400.00,100 גרם,false,,11.90,0.0298,true,1,2981
7290000146683,false,הוואי - סבון מוצק אפקט דאודורנט 100 גרם רביעייה,טרופיקל דגיל קוסמטיק,IL,סבון מוצק אפקט דאודו,,400.00,100 גרם,false,,11.90,0.0298,true,1,2982
7290000146997,false,"טום וג'רי - משחת שיניים מסטיק 50 מ""ל",טרופיקל דגיל קוסמטיק,IL,משחת שיניים טום וגרי,,50.00,"100 מ""ל",false,,9.20,0.1840,true,1,2984
7290000148748,false,גרעיני חמניה שקית קליית גת 200 גרם,"ג'י אנד ג'י בע""מ",IL,גרעיני חמניה 200 גרם,,200.00,100 גרם,false,,5.90,0.0295,true,1,4605
7290000148939,false,שקדים קלויים קלית גת 200 ג',"ג'י אנד ג'י בע""מ",IL,שקדים קלויים 200 גרם,,200.00,100 גרם,false,,15.90,0.0795,true,1,4606
7290000149851,false,סינטבון סבון מארז 460X2ג',יבואן ומשווק: ש. שסט,IL,סינטבון כפול 460גר,,460.00,100 גרם,false,,9.50,0.0207,true,1,10980
7290000151885,false,נקניק הודו יחידה עוף טוב 700ג',עוף טוב,IL,נקניק הודו יחידה 700,,700.00,100 גרם,false,,14.90,0.0213,true,1,7314
7290000170053,false,שוקולד פרה חלב 100 גרם,"תופינית בע""מ",IL,שוקולד חלב פרה 100 ג,,100.00,100 גרם,false,,5.20,0.0520,true,1,8485
7290000174723,false,שוקולית אבקה להכנת משקה שוקו 500 גרם,הנסיך- מפעל לייצור ט,IL,שוקולית 500 גרם,,500.00,100 גרם,false,,12.50,0.0250,true,1,8492
7290000175760,false,מנציגו כבשים ויליפו,,,מנציגו כבשים ויליפו,קילוגרמים,1.00,"ק""ג",true,,90.00,90.0000,true,1,1238
7290000175777,false,איבריקו ויליפוד31%,,,איבריקו ויליפוד31%,קילוגרמים,1.00,"ק""ג",true,,80.00,80.0000,true,1,1239
7290000175906,false,גאודה עיזים ויליפוד,,,גאודה עיזים ויליפוד,קילוגרמים,1.00,"ק""ג",true,,100.00,100.0000,true,1,1240
7290000176413,false,קפה נמס עלית 50 גרם,הנסיך- מפעל לייצור ט,IL,עלית נמס 50 גר',,50.00,100 גרם,false,,8.90,0.1780,true,1,8499
7290000176420,false,קפה נמס אבקתי 200ג עלית,שטראוס קפה בי.וי,IL,קפה נמס עלית פחית 20,,200.00,100 גרם,false,,19.90,0.0995,true,1,8500
7290000176468,false,קפה נמס נטול קפאין 50 ג' קפה האג,"איי, בי, אינבוו",IL,האג קפה נטול קפאין 5,,50.00,100 גרם,false,,10.90,0.2180,true,1,8501
7290000178707,false,תפוצ'יפס טבעי 50 גרם,"שטראוס פריטו ליי בע""",IL,תפוציפס טבעי 50 גרם,,50.00,100 גרם,false,,3.50,0.0700,true,1,9293
7290000185224,false,סילאן בקבוק לחיץ תמר כנרת 650 גר,,IL,סילאן בקבוק לחיץ תמר,,650.00,100 גרם,false,,15.90,0.0245,true,1,9426
7290000185590,false,סילאן טבעי בבקבוק לחיץ 650 גרם,חצר כינרת מוצרי תמר,IL,סילאן 100% תמרים טבע,,635.00,100 גרם,false,,19.90,0.0313,true,1,47633
7290000186030,false,מארז רביעייה מגבוני בתחליב וויטמין E האגיס,קימברלי קלארק,GB,האגיס בייבי ספא מגבו,יחידה,0.00,יחידה,false,,27.90,0.0000,true,1,19797
7290000186535,false,נייר טואלט טריו לבן 32 גלילים לילי,קימברלי קלארק ישראל,IL,לילי נייר טואלט טריו,,537.00,מטר,false,,41.90,0.0780,true,1,3211
7290000186931,false,ניקול כריות קרצוף חתוכות 12 יח',UFO,US,ניקול כריות קרצוף חת,יחידה,0.00,יחידה,false,,9.90,0.0000,true,1,3212
7290000187938,false,לילי - נייר טואולט נייר טואלט פסטל 32 יח',קימברלי קלארק,IL,"נייר טואלט ""לילי"" פס",,588.00,מטר,false,,42.90,0.0730,true,1,3214
7290000187952,false,נייר טואלט טריו לילי פרימיום 32גליל,קימברלי קלארק,IL,נייר טאולט לילי טריו,,537.00,מטר,false,,41.90,0.0780,true,1,3215
7290000188591,false,קוטקס - מגן תחתון סילק יאנג 60 יח',קימברלי קלארק,CN,מגן תחתון סילק יאנג,יחידה,0.00,יחידה,false,,17.90,0.0000,true,1,32717
7290000189192,false,מגבת רב שימושית סופר ניקול 64 דף,קימברלי קולומביה,CO,ניקול מטלית חכמה יומ,,64.00,יח',false,,18.90,0.2953,true,1,3223
7290000189550,false,זוג אשפתון ניקול ענק מתכלה 10 יח,אשפלסט,IL,אשפתון זוג ענק 20,יחידה,0.00,יחידה,false,,24.90,0.0000,true,1,3230
7290000189659,false,מטליות לחות לרצפה ניקול 10 יח'-מרכז,עלבד משואות יצחק בעמ,IL,ניקול מטליות לחות לר,יחידה,0.00,יחידה,false,,9.90,0.0000,true,1,3232
7290000189871,false,ניקול שקיות אשפה L עם שרוך 55 יח',אשפלסט,IL,אשפתון 55 שקיות,יחידה,0.00,יחידה,false,,19.90,0.0000,true,1,3234
7290000190068,false,מפיות אירוח לבן 100 יחי' ניקול,חוגלה קימברלי,IL,מפיות לבן ניקול 100,יחידה,0.00,יחידה,false,,7.90,0.0000,true,1,3235
7290000190150,false,מפיות נייר מודפסות 3 שכבות ניקול 20 יח',PALOMA,SI,מפיות תלת שכבתיות ני,יחידה,0.00,יחידה,false,,6.90,0.0000,true,1,3236
7290000191393,false,מגבוני טישיו רכים שביעייה מולט 100X7יח',,IL,מגבוני מולט לב אדום,יחידה,0.00,יחידה,false,,20.90,0.0000,true,1,3240
7290000192581,false,מגבת נייר גליל כפול ניקול 12=6 גליל,,IL,מגבת כפולה ניקול 6=1,,129.70,מטר,false,,20.90,0.1611,true,1,3244
7290000193014,false,פדיות אינטרלוד מגיני יום לילי 50יח',חוגלה קימברלי,CZ,מגן תחתון אינטרלוד ל,יחידה,0.00,יחידה,false,,9.90,0.0000,true,1,3245
7290000193083,false,לילי - תחבושות נובה לי 28 יח',חוגלה קימברלי,CZ,תחבושות נובה לי לילי,יחידה,0.00,יחידה,false,,9.90,0.0000,true,1,32719
7290000193472,false,לילי מגני תחתון נטורל נורמל 60 יח',חוגלה קימברלי,IL,מגן תחתון נטורל נורמ,יחידה,0.00,יחידה,false,,15.90,0.0000,true,1,3247
7290000193656,false,לילי תחבושות נטורל אולטרה סופר פלוס 24 יח',Ontex,IL,תחבושות נטורל אולטרה,יחידה,0.00,יחידה,false,,15.90,0.0000,true,1,3251
7290000194253,false,כנפיים עוף קפוא ארוז,,,כנפיים עוף קפוא ארוז,קילוגרמים,1.00,"ק""ג",true,,11.90,11.9000,true,1,15303
7290000194260,false,מחפוד-שוקיים עוף קפו,,,מחפוד-שוקיים עוף קפו,קילוגרמים,1.00,"ק""ג",true,,31.90,31.9000,true,1,15304
7290000194284,false,מחפוד - פרגיות עוף ק,,,מחפוד - פרגיות עוף ק,קילוגרמים,1.00,"ק""ג",true,,59.90,59.9000,true,1,15306
7290000194307,false,מחפוד-כבד עוף קפוא מ,,,מחפוד-כבד עוף קפוא מ,קילוגרמים,1.00,"ק""ג",true,,32.90,32.9000,true,1,15307
7290000194837,false,ניקול - שקיות מזון + ידיות קשירה אקסטרה לארג' 200 יח',קילת,CN,ניקול שקיות מזון עם,יחידה,0.00,יחידה,false,,10.90,0.0000,true,1,3254
7290000195216,false,נייר אפייה בשקית ניקול 50 יח',אופל,IL,ניקול נייר אפייה בשק,יחידה,0.00,יחידה,false,,10.90,0.0000,true,1,36884
7290000195773,false,האגיס - מגבוני האגיס סנסטיב קר לא מבושם 64 יח' * 4,חוגלה קימברלי,IL,מגבוני האגיס סנסטיב,יחידה,0.00,יחידה,false,,20.90,0.0000,true,1,3259
7290000196763,false,ניקול שקיות לאשפה השקית החזקה 40 יח',אשפלסט,IL,ניקול השקית החזקה,יחידה,0.00,יחידה,false,,21.90,0.0000,true,1,3261
7290000197029,false,ניקול שקיות ניילון ריצרץ לאחסון 12יח',קילת,IL,ניקול שקיות ניילון ר,יחידה,0.00,יחידה,false,,12.90,0.0000,true,1,3263
7290000197081,false,ניילון נצמד אריזת חיסכון ניקול 150 מ',אופל,IL,ניילונית נצמד ניקול,,150.00,מטר,false,,26.90,0.1793,true,1,3264
7290000197326,false,רדיד אלומניום ניקול זוגי 30X7.5מ',אופל,IL,ניקול רדיד אלומיניום,,15.00,מטר,false,,10.90,0.7267,true,1,3267
7290000197425,false,האגיס פרידום דריי שלב 3 54 יחידות,קימברלי קלארק ישראל,IL,האגיס פרידום דריי של,יחידה,0.00,יחידה,false,,44.90,0.0000,true,1,3269
7290000197432,false,שקיות אוכל סנדביצ'ון ניקול מארז 150X2יח',אשלפסט תעשיות בעמ,IL,ניקול שקיות אוכל זוג,יחידה,0.00,יחידה,false,,13.90,0.0000,true,1,3270
7290000197456,false,האגיס פרידום דריי שלב 4 44 יחידות,קימברלי קלארק ישראל,IL,האגיס פרידום דריי של,יחידה,0.00,יחידה,false,,44.90,0.0000,true,1,3271
7290000197463,false,האגיס פרידום דריי שלב 4+ 42 יחידות,קימברלי קלארק ישראל,IL,האגיס פרידום דריי של,יחידה,0.00,יחידה,false,,44.90,0.0000,true,1,3272
7290000197470,false,מקפיאון שקיות הקפאה מתכלות ניקול 250יח',אשלפסט תעשיות בעמ,IL,"ניקול שקיות רב""ש 250",יחידה,0.00,יחידה,false,,14.90,0.0000,true,1,3273
7290000197548,false,האגיס פרידום דריי שלב 5 38 יחידות,קימברלי קלארק ישראל,IL,האגיס פרידום דריי של,יחידה,0.00,יחידה,false,,44.90,0.0000,true,1,3274
7290000197654,false,ניקול אשפתון שקיות אשפה ענקיות 45 יח',"אשפלסט תעשיות בע""מ",IL,אשפתון שקיות אשפה ענ,יחידה,0.00,יחידה,false,,21.90,0.0000,true,1,3275
7290000197678,false,האגיס פרידום דריי שלב 6 34 יחידות,קימברלי קלארק ישראל,IL,האגיס פרידום דריי ש,יחידה,0.00,יחידה,false,,44.90,0.0000,true,1,3276
7290000197753,false,ניילון נצמד אנטי בטקריאלי ניקול 30X2מ',GTC,CN,ניקול ניילונית זוג,,60.00,מטר,false,,10.90,0.1817,true,1,3277
7290000197876,false,ניקול תבנית אלומיניום 4 יח' 2 מכסים,פאלאס,CN,ניקול תבנית אלומיניו,יחידה,0.00,יחידה,false,,9.90,0.0000,true,1,3278
7290000197982,false,רדיד אלומיניום עבה 45 ניקול 7.5 מ' זוגי,אופל,IL,ניקול רדיד אלומיניום,,15.00,מטר,false,,21.90,1.4600,true,1,3281
7290000199313,false,קוטקס - תחבושות יאנג 30 יח',KC Turkey,IL,תחבושות קוטקס יאנג 2,יחידה,0.00,יחידה,false,,16.90,0.0000,true,1,3283
7290000201818,false,טיטולים פרימיום שלב 2 (3-6) 64 יח',חוגלה קימברלי,IL,טיטולים פרימיום שלב,יחידה,0.00,יחידה,false,,33.90,0.0000,true,1,3285
7290000204086,false,ניקול כרית קרצוף מארז שלישייה,חוגלה קימברלי,US,ניקול כרית קרצוף,יחידה,0.00,יחידה,false,,9.90,0.0000,true,1,3292
7290000204147,false,ניקול כריות יפניות 2 ב 1 רביעייה,פלסטו פוליש (ברקן),IL,כריות יפניות 2 ב 1 ר,יחידה,0.00,יחידה,false,,9.90,0.0000,true,1,3293
7290000204512,false,מטליות לחות לרצפה בניחוח לימון 10 יח' ניקול,עלבד משואות יצחק בעמ,IL,מטליות לחות לרצפה בר,יחידה,0.00,יחידה,false,,9.90,0.0000,true,1,3297
7290000204611,false,ספוגית הקסם ניקול שישייה,UFO INC,US,ניקול ספוגית הקסם*6,יחידה,0.00,יחידה,false,,9.90,0.0000,true,1,3298
7290000205915,false,חיתולי האגיס אקסטרה קייר מידה 4 40יח,חוגלה קימברלי,IL,האגיס אקסטרה קייר מי,יחידה,0.00,יחידה,false,,49.90,0.0000,true,1,3300
7290000207063,false,רסק עגבניות פריכוז 28% 240 גרם יכין,היינץ צפון אמריקה מק,IL,רוטב עגבניות פריכוז,,240.00,100 גרם,false,,4.10,0.0171,true,1,3086
7290000207162,false,רוטב עגבניות מרכיב טבעי 100 ג' יכין,"זנלכל בע""מ",IL,רוטב עגבניות 100 גרם,,100.00,100 גרם,false,,2.50,0.0250,true,1,3087
7290000207438,false,עגבניות 2.5 A קוביות 850 גרם יכין,"זנלכל בע""מ",IL,עגבניות לקוביות יכין,,800.00,100 גרם,false,,9.90,0.0124,true,1,3088
7290000207764,false,חטיף יפני,,,חטיף יפני,קילוגרמים,1.00,"ק""ג",true,,65.00,65.0000,true,1,18669
7290000208022,false,עגבניות מרוסקות פריכוז 800 ג' יכין,"זנלכל בע""מ",IL,עגבניות מרוסקות יכין,,800.00,100 גרם,false,,9.90,0.0124,true,1,3089
7290000208077,false,אפונת גינה רגילה 550 גרם יכין,"זנלכל בע""מ",IL,אפונת גינה גדולה L י,,335.00,100 גרם,false,,8.50,0.0254,true,1,3090
7290000208114,false,"אפונה וגזר יכין A2 פ""ק בית יוסף","זנלכל בע""מ",IL,אפונת גינה וגזר יכין,,330.00,100 גרם,false,,8.50,0.0258,true,1,3091
7290000208145,false,גרעיני תירס מתוק לייט 550 גרם יכין,"זנלכל בע""מ",IL,גרעיני תירס לייט יכי,,335.00,100 גרם,false,,9.90,0.0296,true,1,3093
7290000208213,false,שעועית לבנה אפויה A2 ברוטב עגבניות יכין 560ג',היינץ צפון אמריקה מק,IL,שעועית לבנה ברוטב עג,,355.00,100 גרם,false,,8.90,0.0251,true,1,3094
7290000208220,false,"שעועית צ'לי יכין פ""ק A2 בית יוסף",היינץ צפון אמריקה מק,IL,שעועית צילי חריף יכי,,355.00,100 גרם,false,,9.90,0.0279,true,1,3095
7290000208312,false,גרעיני תירס מתוק בואקום יכין 400 גר',"זנלכל בע""מ",IL,גרעיני תירס מתוק יכי,,400.00,100 גרם,false,,6.50,0.0163,true,1,3099
7290000208329,false,גרעיני תירס מתוק 550 גרם יכין,"זנלכל בע""מ",IL,גרעיני תירס מתוק יכי,,335.00,100 גרם,false,,8.50,0.0254,true,1,3100
7290000208336,false,רסק יכין 240גר 22% יכין בית יוסף,"זנלכל בע""מ",IL,רוטב עגבניות יכין 24,,240.00,100 גרם,false,,4.50,0.0188,true,1,3101
7290000208404,false,A2 פול מצרי 550 גרם יכין,"זנלכל בע""מ",IL,פול מצרי יכין 550 גר,,350.00,100 גרם,false,,8.90,0.0254,true,1,3105
7290000208428,false,גרגרי חומוס שלם 550 גרם יכין,"זנלכל בע""מ",IL,חומוס שלם יכין 550 ג,,290.00,100 גרם,false,,8.90,0.0307,true,1,3106
7290000208534,false,גרעיני תירס מתוק לילדים 550 גרם יכין,"זנלכל בע""מ",IL,גרעיני תירס קיד מתוק,,335.00,100 גרם,false,,9.90,0.0296,true,1,3108
7290000208800,false,גרעיני תירס מתוק לילדים 400 גרם יכין,זנלכל,IL,תירס קיד מתוק יכין 4,,400.00,100 גרם,false,,6.50,0.0163,true,1,3109
7290000208855,false,רוטב לפסטה קלאסי 240 גרם יכין,"זנלכל בע""מ",IL,רוטב לפסטה קלאסי יכי,,260.00,100 גרם,false,,5.50,0.0212,true,1,3110
7290000208893,false,גרעיני תירס מתוק לייט 400 גרם יכין,היינץ צפון אמריקה מק,IL,תירס לייט יכין 400 ג,,400.00,100 גרם,false,,6.50,0.0163,true,1,3111
7290000208930,false,עגבניות מרוסקות בתוספת שום 240 גרם יכין,"זנלכל בע""מ",IL,עגבניות מרוסקות עם ש,,260.00,100 גרם,false,,5.50,0.0212,true,1,3112
7290000208978,false,פריכוז 100 גרם יכין בית יוסף,היינץ צפון אמריקה מק,IL,רוטב עגבניות פריכוז,,100.00,100 גרם,false,,3.00,0.0300,true,1,3114
7290000209012,false,חומץ הדרים 5% יכין 1,"זנלכל בע""מ",IL,חומץ הדרים 5% יכין 1,ליטרים,1.00,ליטר,false,,5.90,5.9000,true,1,3115
7290000209043,false,מיץ לימון משומר 1 ל' יכין,היינץ צפון אמריקה מק,IL,מיץ לימון משומר יכין,ליטרים,1.00,ליטר,false,,4.90,4.9000,true,1,3116
7290000209371,false,שלישיית תירס יכין 165 גר OZ 6,היינץ צפון אמריקה מק,IL,תירס שלישיה יכין 3*1,,495.00,100 גרם,false,,14.90,0.0301,true,1,3120
7290000209388,false,תירס גרגרים לייט וואקום מארז 60X3ג',זנלכל,IL,תירס לייט שלישיה יכי,,420.00,100 גרם,false,,14.90,0.0355,true,1,3121
7290000209579,false,סירופ דיאט אננס 1 ל' יכין,"זנלכל בע""מ",IL,סירופ דייאט אננס יכי,ליטרים,1.00,ליטר,false,,16.90,16.9000,true,1,3125
7290000209722,false,רסק עגבניות 28% פריכוז 580 גרם יכין,"זנלכל בע""מ",IL,רוטב עגבניות מרוכז מ,,580.00,100 גרם,false,,10.90,0.0188,true,1,3128
7290000209906,false,עגבניות מרוסקות בתוספת בצל 240 גרם יכין,זנלכל,IL,עגבניות מרוסקות עם ב,,260.00,100 גרם,false,,5.50,0.0212,true,1,3129
7290000209913,false,עגבניות חתוכות לקוביות 240 גרם יכין,"זנלכל בע""מ",IL,עגבניות לקוביות יכין,,260.00,100 גרם,false,,5.50,0.0212,true,1,3130
7290000209944,false,רוטב לעגבניות בסיס לשקשוקה 240 ג' יכין,"זנלכל בע""מ",IL,רוטב לעגבניות לשקשוק,,260.00,100 גרם,false,,5.50,0.0212,true,1,3131
7290000209951,false,רוטב עגבניות לפיצה 260 גרם יכין,"זנלכל בע""מ",IL,רוטב עגבניות לפיצה י,,260.00,"100 מ""ל",false,,5.50,0.0212,true,1,3132
7290000209968,false,רוטב עגבניות ללזניה יכין 240 גרם,"זנלכל בע""מ",IL,רוטב ללזניה יכין 240,,260.00,100 גרם,false,,5.50,0.0212,true,1,3133
7290000211138,false,סיימן גבינת עיזים הו,,,סיימן גבינת עיזים הו,קילוגרמים,1.00,"ק""ג",true,,179.00,179.0000,true,1,16250
7290000211145,false,סיימן גבינת גאודה במ,,,*מבצע* סיימן גבינת ג,קילוגרמים,1.00,"ק""ג",true,,95.00,95.0000,true,1,16251
7290000211169,false,"אורז תאילנדי אחד אחד סוגת 1 ק""ג",האי נאם סי או אל.טי.,IL,אורז תאילנדי 1 ק'ג,קילוגרמים,1.00,"ק""ג",false,,6.90,6.9000,true,1,6127
7290000211312,false,סוגת אורז מלא פרסי אחד אחד 1 קג,האי נאם סי או אל.טי.,IL,אורז מלא אחד אחד 1קג,קילוגרמים,1.00,"ק""ג",false,,7.70,7.7000,true,1,6128
7290000211374,false,קמח חיטה מלא סוגת 1,טחנת קמח דגן-שטיבל,IL,"קמח מלא סוגת 1 ק""ג",קילוגרמים,1.00,"ק""ג",false,,6.90,6.9000,true,1,6129
7290000211442,false,"סוגת אורז פרסי קלאסי שקית 1 ק""ג",האי נאם סי או אל.טי.,IL,סוגת אורז פרסי קלאסי,קילוגרמים,1.00,"ק""ג",false,,10.90,10.9000,true,1,6131
7290000211503,false,סוכר לבן ארוז בשקית,"סוגת תעשיות בע""מ",IL,"סוכר סוגת לבן 1 ק""ג",קילוגרמים,1.00,"ק""ג",false,,3.90,3.9000,true,1,6132
7290000211626,false,"סוגת אורז חיש 1 ק""ג",סוגת תעשיות,IL,"אורז חיש 1 ק""ג",קילוגרמים,1.00,"ק""ג",false,,7.90,7.9000,true,1,6133
7290000211985,false,"אורז ריזוטו עגול סוגת 1 ק""ג","סוגת תעשיות בע""מ",IL,סוגת אורז עגול 1קג,קילוגרמים,1.00,"ק""ג",false,,11.90,11.9000,true,1,6134
7290000212173,false,וופל טעם שוקולד מנעמים 500 ג',,,ופל שוקו מנעמים 500,,500.00,100 גרם,false,,9.90,0.0198,true,1,59373
7290000214003,false,חלבה ממולאת,,,חלבה ממולאת,קילוגרמים,1.00,"ק""ג",true,,59.00,59.0000,true,1,28746
7290000222497,false,פקאן מצופה בטעמים,,,פקאן מצופה בטעמים,קילוגרמים,1.00,"ק""ג",true,,99.00,99.0000,true,1,28747
7290000222572,false,קוקוס מיובש טבעי,,,קוקוס מיובש טבעי,קילוגרמים,1.00,"ק""ג",true,,89.00,89.0000,true,1,28749
7290000238029,false,"בצק עלים צרפתי מרודד מעדנות 1ק""ג",מיוצר עי קונדיטוריית,IL,"בצק עלים 1ק""ג",קילוגרמים,1.00,"ק""ג",false,,15.90,15.9000,true,1,13148
7290000238036,false,מלווח עגול מעדנות 700 ג',מיוצר עי קונדיטוריית,IL,מעדנות מלווח 700גר,,700.00,100 גרם,false,,13.90,0.0199,true,1,13149
7290000238173,false,מעדנות בורקס גבינה 800גר,מיוצר עי קונדיטוריית,IL,בורקס גבינה מעדנות 8,,800.00,100 גרם,false,,16.90,0.0211,true,1,13150
7290000238180,false,בורקס תפוחי אדמה מעדנות 800ג',מיוצר עי קונדיטוריית,IL,"בורקס תפו""א 800גר",,800.00,100 גרם,false,,16.90,0.0211,true,1,13151
7290000243566,false,"שמן קנולה בריאות 750 מ""ל",סקנולה,EE,שמן קנולה בריאות עץ,,750.00,"100 מ""ל",false,,11.90,0.0159,true,1,6135
7290000244761,false,קרם ידיים וולוטה 80 גרם,טרופיקל דגיל קוסמטיק,IL,"קרם ולוטה 80 מ""ל",,100.00,"100 מ""ל",false,,9.90,0.0990,true,1,2988
7290000245089,false,סוד סופט מרכך כביסה סגול 4 ליטר,"הנקל סוד בע""מ",IL,מרכך כביסה סוד סגול,ליטרים,4.00,ליטר,false,,17.90,4.4750,true,1,12812
7290000245294,false,"א.כ. פרסיל סופרא שקית 2.5 ק""ג","הנקל סוד בע""מ",IL,אבקת כביסה פרסיל 2.5,קילוגרמים,2.50,"ק""ג",false,,25.90,10.3600,true,1,12816
7290000245799,false,סוד סופט מרכך כביסה כחול 4 ליטר,"הנקל סוד בע""מ",IL,מרכך כביסה סוד כחול,ליטרים,4.00,ליטר,false,,17.90,4.4750,true,1,12819
7290000253220,false,שוקולד צ'יפס חום אופנהיימר 260 גר',אופנהיימר,IL,שוקולד צ'יפס אופנהיי,,260.00,100 גרם,false,,10.90,0.0419,true,1,9429
7290000253251,false,שוקולד צ'יפס לבן אופנהיימר 250 גרם,אופנהיימר,IL,שוקולד צ'יפס לבן אופ,,250.00,100 גרם,false,,10.90,0.0436,true,1,9430
7290000254066,false,פילה אמנון 5-7 קפוא,,,פילה אמנון 5-7 קפוא,קילוגרמים,1.00,"ק""ג",true,,27.90,27.9000,true,1,59500
7290000262031,false,נייר טואלט מולט לב 32 גלילים,חוגלה קימברלי,IL,נייר טואלט מולט לב 3,,563.00,מטר,false,,31.90,0.0567,true,1,3301
7290000262413,false,חיתולי האגיס אקסטרה קייר מידה 5 34יח,חוגלה קימברלי,IL,האגיס אקסטרה קייר מי,יחידה,0.00,יחידה,false,,49.90,0.0000,true,1,3304
7290000263913,false,חמוציות,,,חמוציות,קילוגרמים,1.00,"ק""ג",true,,69.00,69.0000,true,1,18670
7290000267500,false,קליפות הדר מצופות בשוקולד 200 גרם,"דין שיווק וקלייה בע""",IL,קליפות הדר בציפוי שו,,200.00,100 גרם,false,,11.90,0.0595,true,1,28576
7290000272443,false,סירופ עסיס דיאט תפוזים צ.טבעי 1 ל',בית-השיטה עסיס תעשיו,IL,סירופ דיאט תפוז עסיס,יחידה,0.00,יחידה,false,,16.90,0.0000,true,1,6754
7290000272696,false,עסיס מיץ לימון טבעי משומר 1 ל' אסם,בית-השיטה עסיס תעשיו,IL,מיץ לימון משומר עסיס,ליטרים,1.00,ליטר,false,,8.90,8.9000,true,1,6756
7290000272726,false,חומץ טבעי 5% עסיס 1 ל' אסם,בית השיטה עסיס תעשיו,IL,חומץ טבעי 5% עסיס 1,ליטרים,1.00,ליטר,false,,5.90,5.9000,true,1,6757
7290000286228,false,כרית קרצוף לכלים סנו סושי 6יח',סנו מפעלי ברונו בעמ,IL,סנו סושי שישיות כריו,יחידה,0.00,יחידה,false,,9.90,0.0000,true,1,10984
7290000286549,false,סנו סושי מטליות לניקוי כללי 9 יח',נועם אורים תעשיות בע,IL,סנו סושי מטליות לכל,יחידה,0.00,יחידה,false,,9.90,0.0000,true,1,10988
7290000286891,false,סנו מגן קריסטל 1 ליטר,"סנו מפעלי ברונוס בע""",IL,סנו מגן קריסטל 1 לי,ליטרים,1.00,ליטר,false,,28.00,28.0000,true,1,10992
7290000286921,false,"סנוקל רסס וכבס 750 מ""ל",סנו מפעלי ברונוס בעמ,IL,סנוקל רסס כבס,,750.00,"100 מ""ל",false,,11.90,0.0159,true,1,10994
7290000287102,false,"סנו שמפו שטיחים אירוסול 600 מ""ל",מיוצר עי קונדיטוריית,IL,סנו שמפו שטיחים אירו,,600.00,"100 מ""ל",false,,19.90,0.0332,true,1,10996
7290000288017,false,ז'אוול אקונומיקה 1ל'-לימון,"סנו מפעלי ברונוס בע""",IL,סנו זאוול 1ליטר לימו,ליטרים,1.00,ליטר,false,,8.90,8.9000,true,1,11007
7290000288048,false,סנו זאוול מרסס מונבלאן 1 ליטר,סנו,IL,סנו ג'אוול מרסס אילנ,ליטרים,1.00,ליטר,false,,17.90,17.9000,true,1,11010
7290000288079,false,סנו - ז'אוול אקונומיקה לימון 2 ליטר,"סנו מפעלי ברונוס בע""",IL,סנו זאוול בריח לימון,ליטרים,2.00,ליטר,false,,11.90,5.9500,true,1,11011
7290000288086,false,"סנו ז'אוול אבקת ואקונומיקה לימון 600 מ""ל",מיוצר עי קונדיטוריית,IL,אבקת ניקוי ג'אוול לי,,600.00,100 גרם,false,,9.90,0.0165,true,1,11012
7290000289069,false,סנו - ז'אוול מרסס קצף ניקוי בתוספת אקונומיקה בריח לימון 1 ליטר,"סנו מפעלי ברונוס בע""",IL,סנו ג'אוול מרסס לימו,ליטרים,1.00,ליטר,false,,17.90,17.9000,true,1,11026
7290000289472,false,סנו סושי שקיות 76*90 50 יח' XXL,מיוצר עי קונדיטוריית,IL,סנו סושי שקיות HD 76,יחידה,0.00,יחידה,false,,18.90,0.0000,true,1,11029
7290000289496,false,"סנו - ז'אוול ג'ל קרם לניקוי כללי לימון 750 מ""ל",הורביץ סחר,IL,סנו ג'אוול ג'ל קרם ל,,750.00,"100 מ""ל",false,,10.90,0.0145,true,1,11030
7290000289748,false,"סנו פורטה פלוס מסיר שומנים לתנור 750מ""ל","סנו מפעלי ברונוס בע""",IL,סנו פורטה פלוס לתנור,,750.00,"100 מ""ל",false,,13.90,0.0185,true,1,11033
7290000289885,false,"סנו פרש ענק אושן כחול 375 מ""ל",סנו,IL,סנו פרש ענק אושן כחו,,375.00,"100 מ""ל",false,,9.80,0.0261,true,1,11034
7290000291932,false,"סנובון לניקוי לבנדר 750מ""ל","איי, בי, אינבוו",IL,סנובון נוזלי בניחוח,,750.00,"100 מ""ל",false,,8.90,0.0119,true,1,11037
7290000291963,false,סנו ז'אוול סמיכה לימון 1 ל',סנו,IL,סנו ז'אוול סמיכה לימ,יחידה,0.00,יחידה,false,,8.90,0.0000,true,1,11038
7290000292311,false,סנו פוליווקס לרצפות סחלבים 2ל',"סנו מפעלי ברונוס בע""",IL,סנו פוליווקס סחלבים,ליטרים,2.00,ליטר,false,,19.90,9.9500,true,1,11041
7290000293073,false,מרכך כביסה מקסימה ביו לבן 4 ל' סנו,"סנו מפעלי ברונוס בע""",IL,מרכך כביסה סנו מקסימ,ליטרים,4.00,ליטר,false,,21.90,5.4750,true,1,11050
7290000293837,false,"קרמה מן דאודורנט ג'ל אנטיפרספירנט 70 מ""ל",קוסמופארם בעמ,IL,דאודורנט ג'ל קרמה מן,,70.00,"100 מ""ל",false,,15.90,0.2271,true,1,22977
7290000294780,false,סנו - ז'אוול אקונומיקה סמיכה מבושמת 4 ליטר,"סנו מפעלי ברונוס בע""",IL,סנו ז'אוול סמיכה 4 ל,ליטרים,4.00,ליטר,false,,16.90,4.2250,true,1,11060
7290000295121,false,מטליות זיגזג סנו סושי לניקוי רצפות 3יח',עופרטקס,IL,מטלית זיגזג 3יח,יחידה,0.00,יחידה,false,,11.90,0.0000,true,1,11061
7290000295299,false,סנו סושי כריות הפלא רב תכלתיות רביעייה,סנו מפעלי ברונו בעמ,IL,כריות יפניות סנו סוש,יחידה,0.00,יחידה,false,,9.70,0.0000,true,1,11062
7290000295367,false,"מקסימה ז'אוול 2.5ק""ג אבקת כביסה מרכז",הורביץ סחר,IL,אבקת כביסה סנו מקסימ,קילוגרמים,2.50,"ק""ג",false,,22.90,9.1600,true,1,11065
7290000295503,false,סנו סושי שקיות אוכל מתכלות זוג *150 יח',"אשפלסט תעשיות בע""מ",CN,סנו סושי צמד שקיות א,יחידה,0.00,יחידה,false,,13.90,0.0000,true,1,11067
7290000295541,false,סנו רב מגבת גמבו 75 דפים בגליל,מיוצר עי קונדיטוריית,IL,סנו רב מגבת גמבו,יחידה,0.00,יחידה,false,,19.90,0.0000,true,1,11068
7290000295558,false,רדיד אלומיניום סנו סושי זוגי 30X7.5מ',מולינו ניקולי s.p.a,TR,צמד רדיד אלומיניום ק,,15.00,מטר,false,,9.90,0.6600,true,1,11069
7290000295565,false,רדיד אלומיניום סנו סושי זוגי 45X7.5מ',בורסה פזרי,TR,רדיד אלומיניום רחב ב,,15.00,מטר,false,,15.90,1.0600,true,1,11070
7290000295572,false,"סנו מנקה אסלות 00 זוג * 750 מ""ל",מיוצר עי קונדיטוריית,IL,מנקה אסלות 00 צמד,ליטרים,1.50,ליטר,false,,16.90,11.2667,true,1,11071
7290000295749,false,ספוג כייף סאקי מסאז 1יח',גוד פוד פרודקטס S.p,IL,סנו ספוג סאקי כיף 26,יחידה,0.00,יחידה,false,,10.90,0.0000,true,1,11073
7290000295824,false,רדיד אלומיניום סנו סושי 100X0.30מטר,מולינו ניקולי s.p.a,IL,סנו סושי רדיד אלומינ,,100.00,מטר,false,,49.90,0.4990,true,1,11075
7290000300877,false,סיימן גבינת צדר אנגל,,,*מבצע* סיימן גבינת צ,קילוגרמים,1.00,"ק""ג",true,,109.00,109.0000,true,1,16252
7290000300884,false,סיימן גבינת צ'דר אנג,,,סיימן גבינת צ'דר אנג,קילוגרמים,1.00,"ק""ג",true,,130.00,130.0000,true,1,16253
7290000300900,false,טבעול שניצל תירס 8*750גרם רכיבים טבעיים,עיצובים 2020 (4.8),IL,שניצל תירס טבעול רכי,,750.00,100 גרם,false,,21.90,0.0292,true,1,7331
7290000311180,false,מאגדת וופלית מן 250 גרם,"רוקחמן בע""מ",IL,מאגדת ופלית צבעונית,,250.00,100 גרם,false,,6.90,0.0276,true,1,21523
7290000311364,false,מן וופל בטעם שוקולד 10יח אדום,רוקחמן,,מאגדת ופל TAKE1 עשיר,,210.00,100 גרם,false,,6.30,0.0300,true,1,21531
7290000313160,false,עוגיות חברים זהבה ו-3 הדובים שוקו' אסם 250 גר',היינץ צפון אמריקה מק,IL,חברים זהבה ושלושת הד,,250.00,100 גרם,false,,7.90,0.0316,true,1,6758
7290000313184,false,עוגיות חברים גן חיות וניל אסם 250 גר',הגביע מוצרי וופלים ב,IL,חברים ביסקויט גן חיו,,250.00,100 גרם,false,,7.90,0.0316,true,1,6759
7290000318677,false,סלמי סרוולט 150 ג' יחיעם,מעדני יחיעם,IL,סלמי סרוולט 150גר יח,,150.00,100 גרם,false,,22.90,0.1527,true,1,5680
7290000318943,false,פסטרמה של פעם 200 גר,תאי פרזידנט פוד פאבל,IL,פסטרמה של פעם 200 גר,,200.00,100 גרם,false,,21.90,0.1095,true,1,5682
7290000319124,false,סלמי סרוולד יחיעם 25,מעדני יחיעם,IL,סלמי סרוולט 250 גרם,,250.00,100 גרם,false,,33.90,0.1356,true,1,5683
7290000319131,false,נקניקיות עוף 400 ג' יחיעם,מעדני יחיעם,IL,נקניקיות עוף יחיעם 4,,400.00,100 גרם,false,,10.90,0.0273,true,1,5684
7290000319803,false,קבנוס קלאסי 125 ג' יחיעם,תאי פרזידנט פוד פאבל,IL,קבנוס קלאסי 125גר,,125.00,100 גרם,false,,11.90,0.0952,true,1,5686
7290000321750,false,"פילה אמנון 5-7 בד""צ",,,"פילה אמנון 5-7 בד""צ",קילוגרמים,1.00,"ק""ג",true,,24.90,24.9000,true,1,26491
7290000334684,false,טבעות בצל 700 גרם תפוגן,"תעשיות תפוגן בע""מ",IL,טבעות בצל 700 גרם,,700.00,100 גרם,false,,16.90,0.0241,true,1,7338
7290000334745,false,"אמריקאן צ'יפס תפוגן 1.5 ק""ג","תעשיות תפוגן בע""מ",IL,"אמריקאן ציפס 1.5 ק""ג",קילוגרמים,1.50,"ק""ג",false,,24.90,16.6000,true,1,7339
7290000345215,false,תה ויסוצקי קלאסיק 100/1 כחול מעודן,מולינו ניקולי s.p.a,IL,תה ויסוצקי קלאסיק 10,,100.00,100 גרם,false,,15.90,0.1590,true,1,9436
7290000345284,false,תה ויסוצקי קלאסיק טעם עשיר 100/1.5יח',מולינו ניקולי s.p.a,IL,תה ויסוצקי 1.5 קלאסי,,150.00,100 גרם,false,,16.90,0.1127,true,1,9439
7290000345291,false,תה ארל גריי 25 שקיקים ויסוצקי,ויסוצקי,IL,תה ארל גריי 1.5/25,,37.50,100 גרם,false,,14.90,0.3973,true,1,9440
7290000345307,false,תה ארל גריי 50 שקיקים ויסוצקי,מולינו ניקולי s.p.a,IL,תה ארל גריי 1.5/50,,75.00,100 גרם,false,,27.90,0.3720,true,1,9441
7290000346021,false,חליטת קמומיל בבונג גן קסום 50 שקיקים,בית ויסוצקי,IL,תה קמומיל 50 שקיקים,,75.00,100 גרם,false,,29.90,0.3987,true,1,9444
7290000346120,false,חליטת קסם הקינמון 25 שקיקים גן קסום,HIQ FOOD PRODUCTS,IL,תה קסם הקנמון 25 שקי,,62.50,100 גרם,false,,17.90,0.2864,true,1,9445
7290000346168,false,תה ויסוצקי חליטת שומר הגן הקסום 25יח',HIQ FOOD PRODUCTS,IL,תה חליטת שומר גן קסו,,37.50,100 גרם,false,,17.90,0.4773,true,1,9447
7290000346199,false,חליטת פירות היער 25 שקיקים גן קסום,HIQ FOOD PRODUCTS,IL,תה פירות יער 25 שקיק,,67.50,100 גרם,false,,17.90,0.2652,true,1,9448
7290000346205,false,חליטת קמומיל 25 שקיקים הגן קסום,HIQ FOOD PRODUCTS,IL,תה קמומיל 25 שקיקים,,37.50,100 גרם,false,,17.90,0.4773,true,1,9449
7290000346960,false,תה ויסוצקי נענע 1.7 גרם 50יח',בית ויסוצקי,IL,תה נענע 50 שקיקים 1.,,75.00,100 גרם,false,,29.90,0.3987,true,1,9451
7290000347738,false,תה ירוק נענע 25 שקיקים 1.5 גרם,HIQ FOOD PRODUCTS,IL,תה ירוק נענע 25 שקיק,,37.50,100 גרם,false,,22.90,0.6107,true,1,9452
7290000347752,false,תה ירוק לימונית ולואיזה 25 שקיקים *1.5 ג'' ויסוצקי,HIQ FOOD PRODUCTS,IL,תה ירוק לימונית ולוא,,37.50,100 גרם,false,,22.90,0.6107,true,1,9453
7290000363363,false,קבנוס מיוחד 160 גרםטירת צבי,הנסיך- מפעל לייצור ט,IL,קבנוס מיוחד 160 גרם,,160.00,100 גרם,false,,12.90,0.0806,true,1,9720
7290000363899,false,נקניקיות פיקנטיות טירת צבי 400 גר',טירת- צבי,IL,נקניקיות פיקנטיות 40,,400.00,100 גרם,false,,10.90,0.0273,true,1,9721
7290000364261,false,דקניקים סלסולי כתף בקר 120 ג' טירת צבי,הנסיך- מפעל לייצור ט,IL,סלסולי כתף בקר 120 ג,,120.00,100 גרם,false,,12.90,0.1075,true,1,9723
7290000364278,false,דקניקים סילסולי סלמי איטלקי 120 ג' טירת צבי,הנסיך- מפעל לייצור ט,IL,סלסולי סלמי איטלקי מ,,120.00,100 גרם,false,,12.90,0.1075,true,1,9724
7290000364292,false,דקניקים סלסולי פסטרמה הודו על גחלים 120 ג' טירת צבי,הנסיך- מפעל לייצור ט,IL,סלסולי פסטרמה גחלים,,120.00,100 גרם,false,,12.90,0.1075,true,1,9726
7290000364803,false,נקניקיות קרנץ אמריקאי טירת צבי 500 ג',הנסיך- מפעל לייצור ט,IL,נקניקיות קרנץ אמריקא,,500.00,100 גרם,false,,26.90,0.0538,true,1,9729
7290000367590,false,צמד כפרי סלמי+פסטרמה 800 גרם טירת צבי,טיב טירת צבי 2000,IL,צמד כפרי נק.סלמי+פסט,,800.00,100 גרם,false,,25.90,0.0324,true,1,9734
7290000369037,false,קוביות בולגרית מתובלות 200 גר,נטורל קייקס,IL,ניצן פטה קוביות בטעמ,,200.00,100 גרם,false,,16.90,0.0845,true,1,2359
7290000369341,false,לאבנה אבו גוש ניצן מ,גבינות ניצן,IL,לאבנה אבו גוש ניצן מ,קילוגרמים,1.00,"ק""ג",true,,50.00,50.0000,true,1,2358
7290000369709,false,ניצן חמאה ט.שונים 10,"ניצן מותגי מזון בע""מ",IL,ניצן חמאה ט.שונים 10,,100.00,100 גרם,false,,13.50,0.1350,true,1,36872
7290000370420,false,גבינת גאודה מהולנד 3,,,גבינת גאודה מהולנד 3,קילוגרמים,1.00,"ק""ג",true,,69.00,69.0000,true,1,18936
7290000377209,false,בוטנים מטוגנים קליית,"ג'י אנד ג'י בע""מ",IL,בוטנים מטוגן 200.,,200.00,100 גרם,false,,6.90,0.0345,true,1,4607
7290000377612,false,"מיץ סחוט תפוזים פריגת 400 מ""ל",גת גבעת חיים,IL,פריגת סחוט תפוזים 40,,400.00,"100 מ""ל",false,,10.30,0.0258,true,1,2419
7290000379258,false,חלת קונדיטורית ארוזה 500 ג' אנג'ל,מאפיית שלמה א. אנג'ל,IL,חלת קונדיטורית אנגל,,500.00,100 גרם,false,,12.90,0.0258,true,1,13038
7290000382210,false,שקיות גופיה ינות בית,,,שקיות גופיה ינות בית,יחידה,0.00,יחידה,false,,0.10,0.0000,true,1,7
7290000382227,false,שקיות גופיה מגה בעיר,,,שקיות גופיה מגה בעיר,יחידה,0.00,יחידה,false,,0.10,0.0000,true,1,37210
7290000384356,false,אמנטל 27% ויליפוד,,,אמנטל 27% ויליפוד,קילוגרמים,1.00,"ק""ג",true,,56.00,56.0000,true,1,1248
7290000385738,false,מנצ`גו משולש. מע.,,,*מבצע* מנצ`גו משולש.,קילוגרמים,1.00,"ק""ג",true,,130.00,130.0000,true,1,5213
7290000403238,false,סיימן ברי איסיני מעד,,,סיימן ברי איסיני מעד,קילוגרמים,1.00,"ק""ג",true,,125.00,125.0000,true,1,16254
7290000408316,false,יוגורט דנונה דל לקטוז 200 גרם,מיוצר עי קונדיטוריית,IL,דנונה טבעי 3% 200מל,,200.00,"100 מ""ל",false,,3.70,0.0185,true,1,8990
7290000408354,false,יוגורט עם אורז מצופה שוקולד קקאו 175 ג' דנונה,"שטראוס בריאות בע""מ",IL,דנונה קראנצ' פצפוצים,,175.00,"100 מ""ל",false,,4.50,0.0257,true,1,8991
7290000412481,false,סנו - מנקה אסלות 00 1 ליטר,מיוצר עי קונדיטוריית,IL,מנקה אסלות 1 ליטר 00,ליטרים,1.00,ליטר,false,,7.90,7.9000,true,1,11077
7290000416021,false,ממרח שוקולד השחר חלבי 500 גר',השחר העולה,IL,ממרח שוקולד השחר 500,,500.00,100 גרם,false,,12.90,0.0258,true,1,10658
7290000416045,false,ממרח שוקולד השחר דלי,השחר העולה תעשייות מ,IL,ממרח שוקולד השחר 1 ק,קילוגרמים,1.00,"ק""ג",false,,23.90,23.9000,true,1,10659
7290000416618,false,"ממרח שוקולד השחר פרווה בד""צ 400 גר'",השחר העולה תעשייות מ,IL,ממרח שוקולד פרווה הש,,400.00,100 גרם,false,,11.90,0.0298,true,1,10662
7290000416632,false,"ממרח שוקולד השחר פרווה 1ק""ג",השחר העולה תעשית ממת,IL,ממרח שוקולד פרווה הש,קילוגרמים,1.00,"ק""ג",false,,22.90,22.9000,true,1,10663
7290000419220,false,לנדוור כחול המקורי קפה טחון טורקי 3*100 גרם 16 יח',קפה לנדוור,IL,לנדוור כחול המקורי ק,,300.00,100 גרם,false,,18.90,0.0630,true,1,8022
7290000419923,false,לנדוור קפה אספרסו טחון בואקום 200 גר,קפה לנדוור,IL,לנדוור קפה אספרסו טח,,200.00,100 גרם,false,,19.90,0.0995,true,1,8026
7290000420417,false,גלילונית שקיות אשפה 50*70 - 60 יח',"איטיליאן פוד, אס.פי.",IL,גלילונית שקיות אשפה,יחידה,0.00,יחידה,false,,17.90,0.0000,true,1,2167
7290000436616,false,דובשניות בשקית 180 גר',,,דובשניות ברמן 180 גר,,180.00,100 גרם,false,,5.90,0.0328,true,1,20481
7290000448026,false,נפוליאון גבינת שמנת,,,נפוליאון גבינת שמנת,קילוגרמים,1.00,"ק""ג",true,,40.00,40.0000,true,1,22482
7290000453019,false,שמרים טריים לאפייה שקית שמרית 50 ג',"פאקא תעשיות בע""מ",IL,שמרית שמרים טריים לא,,50.00,100 גרם,false,,4.20,0.0840,true,1,8992
7290000453125,false,שמרית שמרים טריים לאפייה +משפר אפייה 100ג,"פאקא תעשיות בע""מ",IL,שמרית שמרים טריים לא,,100.00,100 גרם,false,,7.40,0.0740,true,1,8993
7290000453200,false,בלילה להכנת פנקייק עם רכיבים ביתיים,"פאקא תעשיות בע""מ",DE,בלילה מצוננת פנקייק,,750.00,100 גרם,false,,21.90,0.0292,true,1,22097
7290000453408,false,בצק פיצה דק מצונן ומוכן לאפייה שמרית,"פאקא תעשיות בע""מ",FR,שמרית בצק פיצה דק מצ,,415.00,100 גרם,false,,16.90,0.0407,true,1,8994
7290000453415,false,בצק עלים מצונן ומוכן לאפייה שמרית,"פאקא תעשיות בע""מ",FR,שמרית בצק עלים מצונן,,300.00,100 גרם,false,,14.90,0.0497,true,1,8995
7290000453422,false,בצק פילו מצונן ומוכן לאפייה שמרית,"פאקא תעשיות בע""מ",FR,שמרית בצק פילו מוכן,,300.00,100 גרם,false,,14.90,0.0497,true,1,8996
7290000453446,false,פיצה קראסט בצק שמרים מצונן להכנת פיצה ופוקצ'ה,"פאקא תעשיות בע""מ",IL,פיצה קראסט שמרית מצו,,500.00,100 גרם,false,,19.90,0.0398,true,1,22101
7290000453798,false,שמרית שמרים יבשים אקטיביים 500 גר',"גי' בי' רכיבים בע""מ",IL,שמרים יבשים אקטיביים,,500.00,100 גרם,false,,12.90,0.0258,true,1,8511
7290000453866,false,נטורינה קוקוס לאפייה שמרית 200ג',גרונבאנג- גרונדנסק א,IL,נטורינה קוקוס שטראוס,,200.00,100 גרם,false,,7.50,0.0375,true,1,8997
7290000455456,false,נסיכת הנילוס פילה פר,,,נסיכת הנילוס פילה פר,קילוגרמים,1.00,"ק""ג",true,,69.90,69.9000,true,1,12924
7290000462141,false,סחוג אדום חריף מאוד (מכסה אדום) 150 גרם,קריניסה ויטמין אס אי,IL,סחוג אדום חריף מאוד,,150.00,100 גרם,false,,7.90,0.0527,true,1,9001
7290000462172,false,סחוג ירוק חריף מאוד מ.ירוק 150 גרם,קריניסה ויטמין אס אי,IL,סחוג ירוק חריף מאוד,,150.00,100 גרם,false,,7.90,0.0527,true,1,9002
7290000467153,false,צבר חומוס סמיר הגדול 400גר,סלטי צבר,IL,צבר חומוס סמיר הגדול,,400.00,100 גרם,false,,13.90,0.0348,true,1,7342
7290000474076,false,חלב 3% טרה 1ל' קרטון מהדרין,טרה,IL,טרה חלב בקרטון 3% 1,ליטרים,1.00,ליטר,false,,6.20,6.2000,true,1,2422
7290000474502,false,גבינה לבנה 5% 250ג' טרה מהדרין,טרה,IL,טרה גבינה לבנה 5% 25,,250.00,100 גרם,false,,4.95,0.0198,true,1,2425
7290000474540,false,גבינה טוב טעם 3% טרה 250ג' מהדרין,טרה,IL,טוב טעם גבינה 3% 250,,250.00,100 גרם,false,,11.50,0.0460,true,1,2426
7290000480107,false,קוואקר שיבולת שועל פחית 500 גר',וולקרס סנקס לימיטד,GB,"קוואקר מהיר אטוס לל""",,500.00,100 גרם,false,,11.90,0.0238,true,1,9295
7290000480442,false,קוואקר שיבולת שועל שקית 500 גר',פריטו ליי FRITO-LAY,IL,שיבולת שועל בשקית קו,,500.00,100 גרם,false,,11.90,0.0238,true,1,9296
7290000481029,false,עשיריית פיתות תנעמי,יוניליוור גרמניה Gm,IL,פיתות 10 יחידות בטעם,קילוגרמים,1.00,"ק""ג",false,,9.90,9.9000,true,1,1828
7290000481043,true,עשיריית פיתות כוסמין,,,עשיריית פיתות כוסמין,,700.00,100 גרם,false,,13.90,0.0199,true,1,19256
7290000481074,false,לחם משלושה קמחים מלאים 750 גר,דגנית עין בר,IL,לחם טריו מלא דגנית 7,,750.00,100 גרם,false,,14.90,0.0199,true,1,19257
7290000481197,false,לחם מחמצת גרעינים וש,דגנית עין בר,IL,לחם מחמצת גרעינים וש,,550.00,100 גרם,false,,17.90,0.0325,true,1,74718
7290000481203,false,לחם מחמצת מקמח מלא ד,דגנית עין בר,IL,לחם מחמצת מקמח מלא ד,,550.00,100 גרם,false,,17.90,0.0325,true,1,74719
7290000481517,false,שתי פוקצ'ות עם שמן ז,דגנית עין בר,IL,שתי פוקאצ'ות עם שמן,,320.00,100 גרם,false,,11.90,0.0372,true,1,77735
7290000481531,false,דגנית עין בר לחמניות אצבע מחיטה מלאה בשקית 750 ג',יוניליוור גרמניה Gm,IL,לחמניות 10 יחידות חי,,750.00,100 גרם,false,,10.90,0.0145,true,1,1830
7290000481883,false,דגנית עין בר מארז לחמניות 10 יח'*75 ג',יוניליוור גרמניה Gm,IL,10 לחמניות דגנית,,750.00,100 גרם,false,,10.90,0.0145,true,1,1833
7290000482019,false,שקיות קוקי רגיל צליה 10יח',"ש. שסטוביץ בע""מ",IL,שקיות קוקי רגיל 10יח,יחידה,0.00,יחידה,false,,9.90,0.0000,true,1,8028
7290000482033,false,שקיות קוקי ענק בתנור ובמיקרוגל 5 יח,הנסיך- מפעל לייצור ט,IL,שקיות קוקי ענק בתנור,יחידה,0.00,יחידה,false,,9.90,0.0000,true,1,8029
7290000484747,false,עראק עלית 700 מל 40% כהל,יקב הגליל שווק בעמ,IL,"עלית הארק 40% 700 מ""",,700.00,"100 מ""ל",false,,54.90,0.0784,true,1,10671
7290000490601,false,מאגדת גלידל וניל 8 יח דיאט,הגלידות של פלדמן,IL,גלידל מאגדת בטעם וני,,400.00,100 גרם,false,,29.90,0.0747,true,1,13222
7290000490762,false,מאגדת גלידל שוקו 8 יח דיאט,הגלידות של פלדמן,IL,גלידל מאגדת בטעם שוק,,400.00,100 גרם,false,,29.90,0.0747,true,1,13225
7290000493183,false,אבקת רוטב פטריות לבשר-30 גרם,"אסם השקעות בע""מ",IL,אסם אבקת רוטב פטריות,,30.00,100 גרם,false,,3.90,0.1300,true,1,6781
7290000496360,false,פילה בקלה דרום אפרי,,,פילה בקלה דרום אפרי,קילוגרמים,1.00,"ק""ג",true,,43.90,43.9000,true,1,28279
7290000504025,false,סוכרזית פטריה 300 טבליות,אף.סי תבליני בגליל ב,IL,סוכרזית פטריה 300 טב,,246.00,100 גרם,false,,7.90,0.0321,true,1,8512
7290000504278,false,סוכרזית - קלאסי פטנט 700 טבליות,אף.סי תבליני בגליל ב,IL,סוכרזית פטנט 700 טבל,,574.00,100 גרם,false,,13.90,0.0242,true,1,8516
7290000511212,false,גבינה ערקית המושבה.,,,גבינה ערקית המושבה.,קילוגרמים,1.00,"ק""ג",true,,80.00,80.0000,true,1,5314
7290000521008,false,"יין אדום יבש סגל 750 מ""ל",כרמי צבי - אחים סגל,IL,אדום יבש סגל.,,750.00,"100 מ""ל",false,,21.90,0.0292,true,1,3432
7290000521015,false,"יין סגל לבן יבש 750מ""ל","מיוצר ע""י כרמי צבי-",IL,"לבן סגל 750 מ""ל",,750.00,"100 מ""ל",false,,21.90,0.0292,true,1,3433
7290000521022,false,סגל לבן חצי יבש 750 מל פקדון,"מיוצר ע""י כרמי צבי-",IL,סגל לבן חצי יבש 750,,750.00,"100 מ""ל",false,,21.90,0.0292,true,1,3434
7290000522272,false,"שמנת לקפה 10% שומן 500 מ""ל",מחלבות רמת הגולן,IL,חלב הרים שמנת לקפה 1,,500.00,"100 מ""ל",false,,8.90,0.0178,true,1,9571
7290000523125,false,מלח הארץ הים האדום 250 ג' עדין,חברת מלח הארץ אילת ב,IL,מלח ים יבש הארץ 250,,250.00,100 גרם,false,,5.40,0.0216,true,1,6136
7290000523224,false,מלח הארץ הים האדום 500 ג' עדין,חברת מלח הארץ אילת ב,IL,מלח ים יבש הארץ 500,,500.00,100 גרם,false,,7.90,0.0158,true,1,6137
7290000523514,false,מלח הארץ 50% מכמות הנתרן 250 גרם,חברת מלח הארץ אילת ב,IL,מלח 50% פחות נתרן הא,,250.00,100 גרם,false,,9.90,0.0396,true,1,6138
7290000523804,false,"מלח עדין צנצנת 1 ק""ג מלח הארץ",חברת מלח הארץ אילת ב,IL,מלח עדין בצנצנת הארץ,קילוגרמים,1.00,"ק""ג",false,,6.90,6.9000,true,1,6140
7290000523811,false,"צנצנת מלח גס 1 ק""ג מלח הארץ",חברת מלח הארץ אילת ב,IL,מלח גס בצנצנת הארץ 1,קילוגרמים,1.00,"ק""ג",false,,6.90,6.9000,true,1,6141
7290000525969,false,פרימור סחוט תפוזים טבעי 1ל',"גניר (1992) בע""מ",IL,פרימור מיץ תפוזים 1ל,ליטרים,1.00,ליטר,false,,15.80,15.8000,true,1,9004
7290000530086,false,נקניק סלמי מעושן 600 ג' זוגלובק,זוגלובק,IL,סלמי מעושן 7000 א.מ.,,600.00,100 גרם,false,,24.90,0.0415,true,1,13778
7290000530109,false,קבנוס זוגי בואקום זוגלובק 180ג',זוגלובק,IL,זוג קבנוס בוואקום 36,,360.00,100 גרם,false,,24.90,0.0692,true,1,13779
7290000530116,false,נקניק סלמי מעושן בשן 470 ג' זוגלובק,זוגלובק,IL,סלמי מעושן בשן זוגלו,,470.00,100 גרם,false,,24.90,0.0530,true,1,13780
7290000530468,false,נקניקיות וינר זוגלוב,זוגלובק,IL,נקניקיות וינר טרי 1ק,קילוגרמים,1.00,"ק""ג",false,,23.90,23.9000,true,1,13783
7290000530598,false,נקניקיות וינר 500 ג' טרי זוגלובק,זוגלובק,IL,נקניקיות וינר טרי זו,,500.00,100 גרם,false,,15.50,0.0310,true,1,13784
7290000530703,false,זוג במארז חרמון הודו + סלמי תה זוגלובק 800 גר',זוגלובק,IL,זוג תה 400 + חרמון 4,,800.00,100 גרם,false,,25.90,0.0324,true,1,13785
7290000533353,false,"בצק עלים צרפתי 1 ק""ג זוגלובק",מאפיית אריאל וגידרון,IL,זוגלובק בצק עלים 1קג,קילוגרמים,1.00,"ק""ג",false,,13.80,13.8000,true,1,13788
7290000537566,false,נקניקיות עוף טרי 400 ג' זוגלובק,זוגלובק,IL,נקניקיות עוף טרי 400,,400.00,100 גרם,false,,9.90,0.0248,true,1,13792
7290000537603,false,נקניקיות עוף זוגלובק,זוגלובק,IL,"נקנקיות עוף 1 ק""ג -ז",קילוגרמים,1.00,"ק""ג",false,,23.90,23.9000,true,1,13793
7290000538709,false,סלמי תה מעושן 200 ג' זוגלובק,זוגלובק,IL,תה מעושן 200 גרם,,200.00,100 גרם,false,,14.90,0.0745,true,1,13794
7290000552194,false,קישקע קפוא 500 גרם,טיבון ויל אחזקות בעמ,IL,קישקע קפוא 500 גרם,,500.00,100 גרם,false,,14.90,0.0298,true,1,20846
7290000554402,false,מלבי מעדן חלב גד 170,"מיוצר ע""י קוד יצרן E",IL,"גד מלבי 160 מ""ל",,160.00,"100 מ""ל",false,,5.90,0.0369,true,1,5220
7290000554457,false,גבינה צפתית מיני 5% גד 350ג',"מחלבות גד בע""מ",IL,גד צפתית מיני 5% 350,,350.00,100 גרם,false,,21.90,0.0626,true,1,5221
7290000554532,false,גבינה צפתית מעודנת במלח ים 5% 200 ג' גד,הנסיך- מפעל לייצור ט,IL,גד צפתית מעודנת במלח,,200.00,100 גרם,false,,11.90,0.0595,true,1,5223
7290000554600,false,מוצרלה מגורדת 18% 300 גרם - רובין,מחלבות גד בעמ,IL,גד מוצרלה מגורדת %18,,300.00,100 גרם,false,,26.60,0.0887,true,1,5224
7290000554624,false,ירח מתוק 3% 150 גרם רובין,"מיוצר ע""י קוד יצרן E",IL,גד ירח מתוק 150מל,,150.00,100 גרם,false,,5.90,0.0393,true,1,5225
7290000554686,false,לאבנה שמן זית וזעתר 5% 250 גרם - רבנות,מחלבות גד בעמ,IL,גד לאבנה בשמן זית וז,,250.00,100 גרם,false,,15.50,0.0620,true,1,5226
7290000554822,false,גבינת ריקוטה טבעי 5% שומן 250 ג' גד,מחלבות גד בעמ,IL,גד ריקוטה טבעי 5% 25,,250.00,100 גרם,false,,14.30,0.0572,true,1,5227
7290000554839,false,שמנת מתוקה קשה בסגנון איטלקי 40% שומן 250 ג' גד,מחלבות גד בעמ,IL,גד מסקרפונה 40% 250ג,,250.00,100 גרם,false,,22.90,0.0916,true,1,5228
7290000560533,false,אדג' ג'ל ירוק לעור רגיל 198גרם,אס.סי ג'ונסון ובניו,US,ג'ל גילוח ירוק לעור,,200.00,"100 מ""ל",false,,14.90,0.0745,true,1,2169
7290000574035,false,לחם אחיד פרוס 750ג' דגנית עין בר,יוניליוור גרמניה Gm,IL,לחם אחיד פרוס דגנית,,750.00,100 גרם,false,,5.90,0.0079,true,1,1837
7290000574141,false,לחם חיטה מלא 750ג' דגנית עין בר,דגנית עין בר תעשיות,IL,לחם חיטה מלאה דגנית,,750.00,100 גרם,false,,11.90,0.0159,true,1,1840
7290000574172,false,לחם קל מחיטה מלאה 750 ג' דגנית עין בר,יוניליוור גרמניה Gm,IL,לחם קל חיטה מלאה דגנ,,750.00,100 גרם,false,,11.90,0.0159,true,1,1841
7290000574455,false,לחם חיטה מלא פלוס כוסמין 750 ג' דגנית עין בר,דגנית עין בר,IL,לחם חיטה מלא+כוסמין,,750.00,100 גרם,false,,13.90,0.0185,true,1,1844
7290000599441,false,סחבות מגולגלות שייני,,,סחבות מגולגלות שייני,יחידה,0.00,יחידה,false,,10.90,0.0000,true,1,4945
7290000604343,false,תמר דקל נור 400גר,,,תמר דקל נור 400גר,,400.00,100 גרם,false,,9.90,0.0248,true,1,14468
7290000608202,false,לחם כוסמין מלא בחוש,,,לחם כוסמין מלא בחוש,,1.00,יח',false,,17.90,17.9000,true,1,1088
7290000610267,false,לבבות עוף ארוז קפוא,,,לבבות עוף ארוז קפוא,קילוגרמים,1.00,"ק""ג",true,,19.90,19.9000,true,1,17106
7290000644783,false,סלמון מנות רביעיה תנ,טרוטל,NO,דגי תנובה נתחי פילה,קילוגרמים,1.00,"ק""ג",true,,79.90,79.9000,true,1,10288
7290000652177,false,נתחי פילה נסיכת הנילוס קפוא,,,נתחי פילה נסיכה 100%,קילוגרמים,1.00,"ק""ג",true,,59.90,59.9000,true,1,10289
7290000652542,false,פילה אמנון 5-7 100% דג,,CN,פילה אמנון 5-7 100%,קילוגרמים,1.00,"ק""ג",true,,29.90,29.9000,true,1,10291
7290000654546,false,פילה אמנון קפוא 100% דג,תנובה,IL,פילה אמנון 7-9 100%,קילוגרמים,1.00,"ק""ג",true,,29.90,29.9000,true,1,10294
7290000655376,false,פילה דניס קפוא שקיל,,TR,פילה דניס קפוא,קילוגרמים,1.00,"ק""ג",true,,89.90,89.9000,true,1,22684
7290000659312,false,דגי תנובה פילה סלומון קפוא בוואקום,PEQUERA DEL,IL,דגי תנובה פילה סלמון,קילוגרמים,1.00,"ק""ג",true,,69.90,69.9000,true,1,10295
7290000662213,false,נתח פילה סלמון תנובה,הרמס,NO,נתח פילה סלמון קפוא,קילוגרמים,1.00,"ק""ג",true,,79.90,79.9000,true,1,10296
7290000663036,false,פילה אמנון קפוא ללא עור 100% דג תנובה,תנובה,IL,פילה אמנון ללא עור 1,קילוגרמים,1.00,"ק""ג",true,,34.90,34.9000,true,1,22686
7290000663166,false,דג פילה הייק דרום אפריקאי,,,פילה הייק דרום אפריק,קילוגרמים,1.00,"ק""ג",true,,49.90,49.9000,true,1,22687
7290000680123,false,כנפיים עוף טרי ארוז,,,כנפיים עוף טרי ארוז,קילוגרמים,1.00,"ק""ג",true,,10.90,10.9000,true,1,16319
7290000680130,false,שוקיים עוף טרי ארוז,,,שוקיים עוף טרי ארוז,קילוגרמים,1.00,"ק""ג",true,,28.90,28.9000,true,1,16320
7290000680147,false,כרעיים עוף טרי ארוז,,,כרעיים עוף טרי ארוז,קילוגרמים,1.00,"ק""ג",true,,26.90,26.9000,true,1,16321
7290000680154,false,שניצל עוף טרי ארוז,,,שניצל עוף טרי ארוז,קילוגרמים,1.00,"ק""ג",true,,34.90,34.9000,true,1,16322
7290000680161,false,חזה עוף שלם טרי ארוז,,,חזה עוף שלם טרי ארוז,קילוגרמים,1.00,"ק""ג",true,,31.90,31.9000,true,1,16323
7290000680178,false,ירכיים עוף טרי ארוז,,,ירכיים עוף טרי ארוז,קילוגרמים,1.00,"ק""ג",true,,26.90,26.9000,true,1,16324
7290000680185,false,פילה עוף טרי ארוז,,,פילה עוף טרי ארוז,קילוגרמים,1.00,"ק""ג",true,,34.90,34.9000,true,1,16325
7290000680444,false,עוף שלם טרי ארוז,,,עוף שלם טרי ארוז,קילוגרמים,1.00,"ק""ג",true,,18.90,18.9000,true,1,16327
7290000680451,false,כבד עוף טרי ארוז.,,,כבד עוף טרי ארוז.,קילוגרמים,1.00,"ק""ג",true,,19.90,19.9000,true,1,16328
7290000680468,false,קורקבן עוף טרי ארוז,,,קורקבן עוף טרי ארוז,קילוגרמים,1.00,"ק""ג",true,,9.90,9.9000,true,1,16329
7290000680475,false,לבבות עוף טרי ארוז,,,לבבות עוף טרי ארוז,קילוגרמים,1.00,"ק""ג",true,,27.90,27.9000,true,1,16330
7290000680482,false,פרגית עוף טרי ארוז ש,,,פרגית עוף טרי ארוז ש,קילוגרמים,1.00,"ק""ג",true,,59.90,59.9000,true,1,16331
7290000680529,false,שניצל עוף טרי ארוז,,,שניצל עוף טרי ארוז,קילוגרמים,1.00,"ק""ג",true,,36.90,36.9000,true,1,16333
7290000681298,false,חזה עוף טרי מחפוד אר,,,חזה עוף טרי מחפוד אר,קילוגרמים,1.00,"ק""ג",true,,32.90,32.9000,true,1,16336
7290000681304,false,כרעיים עוף טרי מחפוד,,,כרעיים עוף טרי מחפוד,קילוגרמים,1.00,"ק""ג",true,,32.90,32.9000,true,1,16337
7290000681380,false,שניצל עוף טרי מחפוד,,,שניצל עוף טרי מחפוד,קילוגרמים,1.00,"ק""ג",true,,34.90,34.9000,true,1,16345
7290000688084,false,מי עדן בקבוק ספורט 5,מופק ממקור בזלתי עדן,IL,מי עדן 1/2 ליטר ספור,,500.00,"100 מ""ל",false,,2.80,0.0056,true,1,4276
7290000688374,false,"שישיית מי עדן קטקטים 250 מ""ל","מי עדן בע""מ",IL,"מי עדן בייבי 330 מ""ל",ליטרים,1.98,ליטר,false,,14.90,7.5253,true,1,4278
7290000688381,false,שישיית מי עדן פקק ספורט 0.5 ליטר,"מי עדן בע""מ",IL,מי עדן פקק ספורט 6*5,ליטרים,3.00,ליטר,false,,12.90,4.3000,true,1,4279
7290000688466,false,מי עדן GYM בקבוק ספו,מופק ממקור בזלתי עדן,IL,מי עדן ג'ים 750מל,,750.00,"100 מ""ל",false,,2.90,0.0039,true,1,4280
7290000688503,false,"שישיית מי עדן ג'ים 750 מ""ל","מי עדן בע""מ",IL,מי עדן ג'ים 6*750מל,ליטרים,4.50,ליטר,false,,14.90,3.3111,true,1,4281
7290000692227,false,נוזל כלים פלמוליב צילינדר קלאסי 1 ליטר,יבואן ומשווק: ש. שסט,GR,פלמוליב לכלים קלאסי-,יחידה,0.00,יחידה,false,,12.90,0.0000,true,1,8034
7290000692456,false,אג'קס חלונות זוג 750*2 מל ספריי ורפיל,הנסיך- מפעל לייצור ט,GR,אגקס חלונות זוג,ליטרים,1.50,ליטר,false,,24.90,16.6000,true,1,8036
7290000704287,false,מנגו מיובש ללא סוכר,,,מנגו מיובש ללא סוכר,קילוגרמים,1.00,"ק""ג",true,,89.00,89.0000,true,1,28772
7290000704355,false,אננס טבעי ללא סוכר ל,,,אננס טבעי ללא סוכר ל,קילוגרמים,1.00,"ק""ג",true,,89.00,89.0000,true,1,28773
7290000707369,false,כרעיים עוף טרי ארוז,,,כרעיים עוף טרי ארוז,קילוגרמים,1.00,"ק""ג",true,,26.90,26.9000,true,1,6430
7290000707383,false,שוקיים עוף טרי ארוז,,,שוקיים עוף טרי ארוז,קילוגרמים,1.00,"ק""ג",true,,28.90,28.9000,true,1,6432
7290000707420,false,עוף שלם טרי ארוז,,,עוף שלם טרי ארוז,קילוגרמים,1.00,"ק""ג",true,,19.90,19.9000,true,1,6434
7290000707437,false,כנפיים עוף טרי ארוז,,,כנפיים עוף טרי ארוז,קילוגרמים,1.00,"ק""ג",true,,10.90,10.9000,true,1,6435
7290000707468,false,כבד עוף טרי ארוז,,,כבד עוף טרי ארוז,קילוגרמים,1.00,"ק""ג",true,,19.90,19.9000,true,1,6438
7290000707543,false,פילה עוף טרי ארוז,,,פילה עוף טרי ארוז,קילוגרמים,1.00,"ק""ג",true,,34.90,34.9000,true,1,6440
7290000708151,false,שניצל עוף טרי ארוז,,,שניצל עוף טרי ארוז,קילוגרמים,1.00,"ק""ג",true,,34.90,34.9000,true,1,6453
7290000708847,false,חזה עוף שלם טרי ארוז,,,חזה עוף שלם טרי ארוז,קילוגרמים,1.00,"ק""ג",true,,31.90,31.9000,true,1,72936
7290000725600,false,סקנדינבית חריץ מע.,,,סקנדינבית חריץ מע.,קילוגרמים,1.00,"ק""ג",true,,79.00,79.0000,true,1,9902
7290000740212,false,נקניקיות ג'מבו שקיל,,,נקניקיות ג'מבו שקיל,קילוגרמים,1.00,"ק""ג",true,,19.90,19.9000,true,1,13777
7290000835961,false,פילה אמנון 7-9 בוואק,,,פילה אמנון 7-9 בוואק,קילוגרמים,1.00,"ק""ג",true,,24.90,24.9000,true,1,12966
7290000910291,false,פלפל צ`ילי,,,פלפל צ`ילי,,100.00,100 גרם,false,,5.90,0.0590,true,1,13106
7290000970263,false,לוקום במשקל,,,לוקום במשקל,קילוגרמים,1.00,"ק""ג",true,,85.00,85.0000,true,1,28778
7290000977383,false,פקאן קלוי,דין שיווק,IL,*מבצע* פקאן קלוי,קילוגרמים,1.00,"ק""ג",true,,119.00,119.0000,true,1,28780
7290000977650,false,פיסטוק מקולף,,,פיסטוק מקולף,קילוגרמים,1.00,"ק""ג",true,,150.00,150.0000,true,1,18674
7290000978871,false,חמוציות ללא סוכר,דין שיווק,IL,*מבצע* חמוציות ללא ס,קילוגרמים,1.00,"ק""ג",true,,59.00,59.0000,true,1,18675
7290000979167,false,תמר מג`הול ג'מבו,,,*מבצע* תמר מג`הול ג',קילוגרמים,1.00,"ק""ג",true,,45.00,45.0000,true,1,51945
7290000979174,false,מגוון זיתים,,,מגוון זיתים,קילוגרמים,1.00,"ק""ג",true,,59.00,59.0000,true,1,28786
7290000979204,false,סוכריות גומי /קשות/ח,,,סוכריות גומי /קשות/ח,קילוגרמים,1.00,"ק""ג",true,,59.00,59.0000,true,1,28789
7290000989761,false,שקד טחון בתפזורת,"דין שיווק וקלייה בע""",US,שקד טחון,קילוגרמים,1.00,"ק""ג",true,,90.00,90.0000,true,1,28792
7290001041147,false,חומוס גדול יבש מיה 1 ק'ג,"מיה תעשיות מזון בע""מ",IL,חומוס 1 ק'ג,קילוגרמים,1.00,"ק""ג",false,,10.90,10.9000,true,1,5319
7290001041161,false,"שעועית לבנה יבשה מיה 1 ק""ג","מיה תעשיות מזון בע""מ",IL,שעועית 1 ק'ג,קילוגרמים,1.00,"ק""ג",false,,11.90,11.9000,true,1,5321
7290001041185,false,"פופקורן גרעינים מיה 1 ק""ג","מיה תעשיות מזון בע""מ",IL,פופקורן 1 ק'ג,קילוגרמים,1.00,"ק""ג",false,,8.90,8.9000,true,1,5323
7290001041192,false,"עדשים אדומים יבשים מיה 1 ק""ג","מיה תעשיות מזון בע""מ",IL,עדשים אדומות 1 ק'ג,קילוגרמים,1.00,"ק""ג",false,,11.90,11.9000,true,1,5324
7290001041222,false,"חומוס לבן ענק יבש מיה 1 ק""ג","מיה תעשיות מזון בע""מ",IL,חומוס לבן ענק 1 ק'ג,קילוגרמים,1.00,"ק""ג",false,,15.90,15.9000,true,1,5327
7290001041260,false,שומשום מיה 400 גרם,"מיה תעשיות מזון בע""מ",IL,שומשום מיה 400 גרם,,400.00,100 גרם,false,,9.90,0.0248,true,1,5328
7290001041277,false,פירורי לחם רגיל מיה 400ג ',,,פרורי לחם 400 גרם,,400.00,100 גרם,false,,5.90,0.0148,true,1,5329
7290001041994,false,"סוכר חום דמררה מיה 1 ק""ג",מיה תעשיות מזון,IL,סוכר זהב דמררה צנצנת,קילוגרמים,1.00,"ק""ג",false,,9.90,9.9000,true,1,5345
7290001121238,false,קורנדביף יחיעם 180 ג',מעדני יחיעם,IL,יחיעם קורנד ביף 180,,180.00,100 גרם,false,,22.90,0.1272,true,1,5689
7290001121849,false,יחיעם פסטרמה הודו טב,מעדני יחיעם,IL,יחיעם פסטרמה הודו טב,,250.00,100 גרם,false,,24.90,0.0996,true,1,5691
7290001123775,false,שווארמה פרגיות 500 ג',"טיבול ויל אחזקות בע""",IL,שווארמה פרגיות 500 ג,,500.00,100 גרם,false,,19.90,0.0398,true,1,5949
7290001124611,false,שומן כבש קפוא 200ג',,,שומן כבש 200 גרם,,200.00,100 גרם,false,,19.90,0.0995,true,1,5952
7290001136287,false,"נקה 7 שמפו לשיער רגיל 750 מ""ל","אמיליה קוסמטיקס בע""מ",IL,שמפו רגיל ירוק נקה 7,,750.00,"100 מ""ל",false,,8.90,0.0119,true,1,11078
7290001136683,false,"מרכך לשיער רגיל ירוק 750 מ""ל נקה 7","אמיליה קוסמטיקס בע""מ",IL,מרכך רגיל ירוק נקה 7,,750.00,"100 מ""ל",false,,8.90,0.0119,true,1,11082
7290001201510,false,תבנית ביצים מדיום 30 יח',לסר,IL,30 ביצים M מ.לסר,יחידה,0.00,יחידה,false,,27.87,0.0000,true,1,5051
7290001201589,false,ביצים אריזון 12 גדול,"מ.לסר בע""מ",IL,12 ביצים L מ.לסר,יחידה,0.00,יחידה,false,,12.05,0.0000,true,1,5053
7290001201596,false,ביצים אריזון 12 בינוני,לסר,IL,12 ביצים M מ.לסר,יחידה,0.00,יחידה,false,,11.15,0.0000,true,1,5054
7290001201602,false,ביצים 18 יח גדול לסר,לסר,IL,18ביצים L מ.לסר,יחידה,0.00,יחידה,false,,18.07,0.0000,true,1,5055
7290001201824,false,תבנית ביצים 12 יח' לארג' אורגני,לסר,IL,12 ביצים L אורגני מ,יחידה,0.00,יחידה,false,,21.90,0.0000,true,1,5061
7290001201862,false,ביצי חופש לארג' 12 יחידות,לסר,IL,12 ביצים חופש L מ. ל,יחידה,0.00,יחידה,false,,17.90,0.0000,true,1,5064
7290001201893,false,ביצים אומגה M 12 יח,,,12 ביצים M אומגה 3,יחידה,0.00,יחידה,false,,16.90,0.0000,true,1,5066
7290001216040,false,טחינה 500 גרם טחינת אל-ארז,דולפין ספא,IL,טחינה אל ארז 100% שו,,500.00,100 גרם,false,,15.90,0.0318,true,1,6142
7290001216101,false,"טחינה מלא ""אל ארז"" 1 ק""ג",טחינה אל ארז,IL,טחינה אל ארז 100% שו,קילוגרמים,1.00,"ק""ג",false,,32.90,32.9000,true,1,20873
7290001216231,false,טחינה גולמית שומשום מלא אל ארז 500ג',דולפין ספא,IL,טחינה מלאה 100% שומש,,500.00,100 גרם,false,,16.90,0.0338,true,1,6144
7290001230739,false,כאמל קופסא בודדת כחו,JTI,,כאמל קופסא בודדת כחו,יחידה,0.00,יחידה,false,,32.00,0.0000,false,1,1619
7290001231932,false,ווינסטון כחול בוקס חפיסה,JTI,,וינסטון קופסא בודדת,יחידה,0.00,יחידה,false,,32.00,0.0000,false,1,1623
7290001245705,false,אקונומיקה מבושמת טאצ' 4 ליטר,סאסאטק,IL,אקונומיקה מבושמת 4 ל,ליטרים,4.00,ליטר,false,,10.00,2.5000,true,1,13536
7290001245712,false,אקונומיקה 4 ליטר טאצ,,,אקונומיקה טאצ' 4 ליט,ליטרים,4.00,ליטר,false,,10.00,2.5000,true,1,13537
7290001245729,false,ג'ל כביסה ירוקה טאצ 3 ליטר סלקט,,,ג'ל כביסה ירוק 3 ליט,ליטרים,1.00,ליטר,false,,17.90,17.9000,true,1,42148
7290001245736,false,ג'ל כביסה כחול טאצ' 3 ליטר סלקט,,,ג'ל כביסה כחול 3 ליט,ליטרים,1.00,ליטר,false,,17.90,17.9000,true,1,42149
7290001245828,false,נוזל כלים קלאסי טאצ' 18% 1.6 ליטר,,,נוזל כלים קלאסי 18%,ליטרים,1.60,ליטר,false,,10.90,6.8125,true,1,13539
7290001245958,false,מרכך כביסה ורוד טאצ' 4 ליטר,,,מרכך כביסה טאצ' ורוד,ליטרים,4.00,ליטר,false,,13.90,3.4750,true,1,42153
7290001245989,false,מרכך כביסה סגול טאצ' 4 ליטר,,,מרכך כביסה טאצ' סגול,ליטרים,4.00,ליטר,false,,13.90,3.4750,true,1,32822
7290001246054,false,פותח סתימות 1 ליטר טאצ,סאסאטק,IL,פותח סתימות 1 ליטר ט,ליטרים,1.00,ליטר,false,,13.90,13.9000,true,1,13543
7290001246061,false,מרכך מרוכז פרפיום פנטזי טאצ 1ל',סאסאטק,IL,מרכך פרימיום פנטזי 1,ליטרים,1.00,ליטר,false,,12.90,12.9000,true,1,42156
7290001246085,false,טאצ' מרסס ניקוי חלונות 1 ליטר,,,תרסיס מנקה חלונות 1,ליטרים,1.00,ליטר,false,,5.90,5.9000,true,1,42157
7290001246320,false,"ג'ל אסלות לימון טאצ' 750 מ""ל",,,ג'ל אסלות לימון טאצ',,750.00,"100 מ""ל",false,,9.90,0.0132,true,1,32827
7290001246351,false,נוזל רצפות לבנדר 4 ל' טאצ,,,נוזל רצפות לבנדר 4 ל,ליטרים,4.00,ליטר,false,,13.90,3.4750,true,1,13547
7290001246825,false,ג'ל כביסה ירוק טאצ',,,ג'ל כביסה ירוק טאצ',ליטרים,5.00,ליטר,false,,29.90,5.9800,true,1,25179
7290001246832,false,ג'ל כביסה כחול טאצ',,,ג'ל כביסה כחול טאצ',ליטרים,5.00,ליטר,false,,29.90,5.9800,true,1,25180
7290001247068,false,קרטונית נקטר ספרינג תות בננה 1 ליטר,"יפאורה תבורי בע""מ",IL,ספרינג תות בננה קרטו,ליטרים,1.00,ליטר,false,,6.70,6.7000,true,1,4282
7290001247082,false,קרטונית נקטר ספרינג עגבניות 1 ליטר,"יפאורה תבורי בע""מ",IL,ספרינג עגבניות קרטונ,ליטרים,1.00,ליטר,false,,6.40,6.4000,true,1,4283
7290001247099,false,קרטונית נקטר ספרינג מנגו 1 ליטר,"יפאורה תבורי בע""מ",IL,ספרינג מנגו קרטונית,ליטרים,1.00,ליטר,false,,6.70,6.7000,true,1,4284
7290001247105,false,קרטונית נקטר ספרינג אפרסק 1 ליטר,"יפאורה תבורי בע""מ",IL,ספרינג נקטר אפרסק 1ל,ליטרים,1.00,ליטר,false,,6.70,6.7000,true,1,4285
7290001247112,false,קרטונית נקטר ספרינג לימונענע 1 ליטר,"יפאורה תבורי בע""מ",IL,ספרינג לימונענע קרטו,ליטרים,1.00,ליטר,false,,6.70,6.7000,true,1,4286
7290001274422,false,שלגונים ציפוי בננה מאגדת שמינייה 560 ג',הגלידות של פלדמן,IL,מאגדת שלגונים ציפוי,,560.00,100 גרם,false,,21.90,0.0391,true,1,13227
7290001274583,false,גלידל בטעם שוקו פקאן,פלדמן,IL,גלידל בטעם שוקו פקאן,,450.00,100 גרם,false,,19.90,0.0442,true,1,24328
7290001274934,false,מאגדת גלידל פרי למון ליים 8 יח,הגלידות של פלדמן,IL,פופסיקל בטעם לימון 8,,640.00,100 גרם,false,,23.90,0.0373,true,1,13228
7290001305188,false,פלמוליב כלים שקוף לימון 750 בקבוק חדש,יבואן ומשווק: ש. שסט,GR,פלמוליב לכלים פריחת,,750.00,"100 מ""ל",false,,8.90,0.0119,true,1,8043
7290001407134,false,בארכה פרוסות חלווה שוקו וניל+פ.קקאו 400גר,רושדי תעשיות מזון בע,IL,פרוסות חלבה שוקו וני,,350.00,100 גרם,false,,13.90,0.0397,true,1,6785
7290001407769,false,טחינה גולמית שומשום מלא בארכה 500ג',רושדי תעשיות מזון בע,IL,בארכה טחינה עם שומשו,,500.00,100 גרם,false,,12.90,0.0258,true,1,6788
7290001407813,false,חלבה שאמית פיסטוק בקטנה בארכה 350ג',רושדי תעשיות מזון בע,IL,חלבה שאמית וניל עם פ,,350.00,100 גרם,false,,13.90,0.0397,true,1,6789
7290001407844,false,חלווה קלאסית וניל בארכה 350גר,רושדי תעשיות מזון בע,IL,חלבה קלאסית וניל באר,,350.00,100 גרם,false,,13.90,0.0397,true,1,6792
7290001407936,false,בארכה-טחינה גולמית מעודנת בקבוק לחיץ 310 ג',רושדי תעשיות מזון בע,IL,בארכה טחינה מעודנת 3,,310.00,100 גרם,false,,10.90,0.0352,true,1,6793
7290001419618,false,וופל בלגי עלמה שחור לבן וניל 200ג',"גילרו בע""מ",IL,וופל עלמה בלגי שוקו,,200.00,100 גרם,false,,2.90,0.0145,true,1,13988
7290001436790,false,נקנקיות מרגז מיני אקסטרה חריף ארוז בלדי 500 ג',יוליניבר,IL,מרגז מיני אקסטרה חרי,,500.00,100 גרם,false,,27.90,0.0558,true,1,12978
7290001459928,false,גזר גמדי בלדי 800 גר',,,גזר גמדי בלדי 800 גר,,800.00,100 גרם,false,,11.90,0.0149,true,1,34155
7290001459935,false,"אפונה 800 גר' בד""ץ (ממותג)",,,אפונה בלדי 800 גרם,,800.00,100 גרם,false,,11.90,0.0149,true,1,34116
7290001461112,false,לחם רוסטיק עגול פילס,פילסברי,,לחם מחמצת דגנים,,530.00,100 גרם,false,,16.90,0.0319,true,1,1092
7290001482094,false,גבינה פרמז'נו משולשים ויליפוד 200ג',זנטי אס. אי לאלין,IT,וילי פוד פרמזן משולש,,200.00,100 גרם,false,,22.90,0.1145,true,1,1257
7290001482186,false,אננס חתוך בסירופ קל וילי פוד 565 גר,הנסיך- מפעל לייצור ט,TH,אננס חתוך ויליפוד 56,,565.00,100 גרם,false,,5.90,0.0104,true,1,1258
7290001491096,false,תה ירוק בתוספת לימונית ולואיזה 50 שקיקים ויסוצקי,ויסוצקי,IL,תה ירוק בתוספת לימונ,,75.00,100 גרם,false,,39.90,0.5320,true,1,9455
7290001552025,false,הקוסקוס של אמא קפוא 800 גר,מטעמי פאר,IL,קוסקוס 800גר,,800.00,100 גרם,false,,14.90,0.0186,true,1,17160
7290001567814,false,סלמי מעושן בסגנון איטלקי 300 ג' יחיעם,מעדני יחיעם,IL,סלמי מעושן בסגנון אי,,300.00,100 גרם,false,,19.90,0.0663,true,1,5696
7290001591710,false,המבורגר אנגוס 600 ג' טיבון ויל,טיבון ויל,IL,המבורגר אנגוס טיבון,,600.00,100 גרם,false,,22.90,0.0382,true,1,20850
7290001591734,false,מרגז נקניקיה בסגנון מרוקאי 500 ג' טיבון ויל,טיבון ויל,IL,נקניקיות מרגז בסגנון,,500.00,100 גרם,false,,22.90,0.0458,true,1,20852
7290001594032,false,"דיאט קוקה קולה 350 מ""ל בקבוק",החברה המרכזית לייצור,IL,קוקה קולה דיאט קלאסי,,350.00,"100 מ""ל",false,,7.50,0.0214,true,1,2599
7290001594155,false,קוקה קולה בקבוק 500,החברה המרכזית לייצור,IL,קוקה קולה 500מל,,500.00,"100 מ""ל",false,,6.00,0.0120,true,1,2605
7290001594162,false,ספרייט בקבוק 500 מל,,,ספרייט בקבוק 500 מל,,500.00,"100 מ""ל",false,,6.10,0.0122,true,1,37762
7290001594230,false,"קינלי סודה בקבוק 250 מ""ל",החברה המרכזית לייצור,IL,סודה קינלי 250 מ'ל,,250.00,"100 מ""ל",false,,2.90,0.0116,true,1,2608
7290001594377,false,פריגת משקה קל תפוזים,מבשלות בירה בינלאומי,IL,פריגת משקה תפוזים 50,,500.00,"100 מ""ל",false,,5.00,0.0100,true,1,2610
7290001594858,false,"טובורג רד שישייה בקבוק 330 מ""ל",קרלסברג ישראל,IL,טובורג רד בקבוק פקדו,ליטרים,1.98,ליטר,false,,29.90,15.1010,true,1,2616
7290001594865,false,"קרלסברג בירה בקבוק 6* 330 מ""ל",קרלסברג ישראל,IL,קרלסברג בירה בקבוק 6,ליטרים,1.98,ליטר,false,,29.90,15.1010,true,1,2617
7290001648643,false,מארז קפה טורקי כתר 100X3 גרם,רוני רג'ואן,IL,כתר קפה טורקי 3*100ג,,300.00,100 גרם,false,,12.80,0.0427,true,1,47383
7290001648995,false,"מארז קפה טורקי ""רג'ואן"" 100X3 גרם",,,קפה רגואן 3*100גרם.,,100.00,100 גרם,false,,12.80,0.1280,true,1,47394
7290001670057,false,כפיות לבן 100 יחידות,הנמל אריזות ושיווק ב,IL,.סכום ח.פ.כפיות 100י,יחידה,0.00,יחידה,false,,9.90,0.0000,true,1,2853
7290001670071,false,כפות חד פעמי לבן 100 יח',הנמל אריזות ושיווק ב,IL,.סכום ח.פ.כפות 100יח,יחידה,0.00,יחידה,false,,9.90,0.0000,true,1,2855
7290001670255,false,כוס קרטון שתייה חמה 8B 50 יח',הנמל,,כוסות שתיה חמה 50 יח,,50.00,יח',false,,8.90,0.1780,true,1,2857
7290001713150,false,סנט מוריץ מתז אקונומיקה Bleach קצף לימון 1 ליטר,"קומפלקס כימיקלים בע""",IL,אקונומיקה קצף ניקוי,ליטרים,1.00,ליטר,false,,9.90,9.9000,true,1,7487
7290001713167,false,סנט מוריץ - מרסס קצף ניקוי 1 ליטר סניטרי אפור,"קומפלקס כימיקלים בע""",IL,קצף לניקוי כלים סניט,ליטרים,1.00,ליטר,false,,9.90,9.9000,true,1,7488
7290001791349,false,אקונומיקה פסגה ריחנית 4ליטר,"סנו מפעלי ברונוס בע""",IL,אקונומיקה ריחנית פסג,ליטרים,4.00,ליטר,false,,9.90,2.4750,true,1,11087
7290001813454,false,עוגיות חיוכים חגיגה שוקו 900 ג',אפיפית נצרת תעשיות ב,IL,חיוכים חגיגה שוק 900,,900.00,100 גרם,false,,19.90,0.0221,true,1,8517
7290001813478,false,עוגיות חיוכים חגיגה וניל 900 ג',אפיפית נצרת תעשיות ב,IL,חיוכים חגיגה וניל 90,,900.00,100 גרם,false,,19.90,0.0221,true,1,8518
7290001817377,false,צ'יטוס חטיף איקס עיגול פיצה 60 גרם,"שטראוס פריטו ליי בע""",IL,ציטוס איקס עיגול 60ג,,60.00,100 גרם,false,,3.10,0.0517,true,1,9297
7290001817728,false,צ'יטוס חטיף כאפה קטשופ 55 גרם,"שטראוס פריטו ליי בע""",IL,ציטוס כאפה 55 גרם,,55.00,100 גרם,false,,3.10,0.0564,true,1,9298
7290001865439,false,פמלי לקשרי 1ליטר וניל טהור +משאבה,אף.סי תבליני בגליל ב,IL,סבון נוזלי וניל + מש,יחידה,0.00,יחידה,false,,10.00,0.0000,true,1,2177
7290001865453,false,פמלי לקשרי 1ליטר לבנדר ארומטי+משאבה,מיוצר עי קונדיטוריית,TR,סבון נוזלי לבנדר+ מש,יחידה,0.00,יחידה,false,,10.00,0.0000,true,1,2178
7290001867600,false,"תפו""א בייבי פרימיום",אראל תוצרת חקלאית בע,IL,"תפו""א בייבי פרימיום",קילוגרמים,1.00,"ק""ג",true,,6.90,6.9000,true,1,27388
7290001990117,false,שומשום סוגת 100 גרם,האי נאם סי או אל.טי.,IL,שומשום 100 גרם,,100.00,100 גרם,false,,3.90,0.0390,true,1,6146
7290001990148,false,"סוכר גולדן קלאסי צנצנת 1ק""ג סוגת",האי נאם סי או אל.טי.,IL,סוכר גולדן קלאסי בצנ,קילוגרמים,1.00,"ק""ג",false,,12.90,12.9000,true,1,6147
7290001990261,false,"סוגת חומוס 1 ק""ג","סוגת תעשיות בע""מ",IL,"סוגת חומוס 1 ק""ג",קילוגרמים,1.00,"ק""ג",false,,14.90,14.9000,true,1,6148
7290001990414,false,"עדשים אדומים 1 ק""ג סוגת","סוגת תעשיות בע""מ",IL,סוגת עדשים אדומים 1,קילוגרמים,1.00,"ק""ג",false,,13.80,13.8000,true,1,6152
7290001990421,false,"פופקורן גרעינים סוגת 1 ק""ג","סוגת תעשיות בע""מ",IL,"סוגת פופקורן 1 ק""ג",קילוגרמים,1.00,"ק""ג",false,,9.80,9.8000,true,1,6153
7290002000143,false,"חדש -פנג'ל ק.ידיים קלאסיק 80מ""ל",מיוצר עי קונדיטוריית,IL,קרם ידיים קלאסיק פנג,,100.00,"100 מ""ל",false,,7.90,0.0790,true,1,2181
7290002007234,false,אבקת סוכר 100 ג' הנמל,"מיוצר וארוז ע""י: ר.ס",IL,אבקת סוכר 100ג,,100.00,100 גרם,false,,1.60,0.0160,true,1,2865
7290002007357,false,שקיות צליה דליקטס מיקרוגל הנמל 10 יח',הנמל,IL,שקיות לצליה דליקטס מ,יחידה,0.00,יחידה,false,,4.50,0.0000,true,1,2867
7290002007500,false,קיסמי שיניים במבוק בחבית 500 יח',הנמל אריזות ושיווק ב,CN,קיסמים חבית הנמל 500,,500.00,יח',false,,2.90,0.0058,true,1,2872
7290002007890,false,כוסות שתייה קרה 100 יח` 200 PP מל`,אריזות מדף - פלזית,IL,כוס שתיה קרה 100 יח,יחידה,0.00,יחידה,false,,8.90,0.0000,true,1,2875
7290002007982,false,מזלגות חד פעמי 100 י,הנמל אריזות ושיווק ב,IL,מזלגות חד פעמי 100 י,יחידה,0.00,יחידה,false,,9.90,0.0000,true,1,2877
7290002007999,false,"צלחות גדולות ח""פ הנמל 50 יח'",אריזות מדף - פלזית,IL,צלחות גדול 50יח הנמל,יחידה,0.00,יחידה,false,,12.90,0.0000,true,1,2878
7290002008040,false,"שיפודים עץ 30 ס""מ הנמל 100יח'",הנמל אריזות ושיווק ב,IL,שיפודים עץ 30סמ,יחידה,0.00,יחידה,false,,2.90,0.0000,true,1,2879
7290002008224,false,סוכריות לקישוט צבעונית הנמל 100 ג',ממתקי עלה בעמ,IL,קישוט לעוגה גליד.,,60.00,100 גרם,false,,5.70,0.0950,true,1,2883
7290002008347,false,קורנפלור 500 ג' הנמל,,,קורנפלור 500 גרם,,500.00,100 גרם,false,,6.90,0.0138,true,1,2884
7290002008354,false,מפת מגן נילון לשולחן,"איטיליאן פוד, אס.פי.",IL,מפת מגן נילון לשולחן,יחידה,0.00,יחידה,false,,9.90,0.0000,true,1,2885
7290002008507,false,נייר אפייה 50 יח' הנמל,הנמל אריזות ושיווק ב,IL,נייר אפיה 50יח,יחידה,0.00,יחידה,false,,7.90,0.0000,true,1,2888
7290002008651,false,קמח תפוח אדמה 500 ג' הנמל,ר.ס. חברה ליבוא וייצ,IL,קמח תפוח אדמה הנמל 5,,500.00,100 גרם,false,,5.90,0.0118,true,1,19724
7290002008743,false,סוכר וניל 10*10 ג' הנמל,"מיוצר וארוז ע""י: ר.ס",IL,סוכר וניל 10*10 גרם,,100.00,100 גרם,false,,1.90,0.0190,true,1,2889
7290002008750,false,אבקת אפיה הנמל מארז 10X10 ג',"מיוצר ע""י:ר.ס. חברה",IL,אבקת אפיה 10*10 גרם,,100.00,100 גרם,false,,1.90,0.0190,true,1,2890
7290002008989,false,קישקשים קשים לשתיה 225יח הנמל,הנמל אריזות ושיווק ב,CN,קישקשים 225 יח,יחידה,0.00,יחידה,false,,6.90,0.0000,true,1,2892
7290002043096,false,פריכיות אורז חום מלא בציפוי שוקולד לבן בלגי 70 ג',נוהלס,BG,פריכוני אורז בציפוי,,70.00,100 גרם,false,,8.90,0.1271,true,1,63
7290002043232,false,צ'יפס אורז חום מלא טקסס ברביקיו 120 ג',מימונס אפיה,BG,חטיף צ'יפס משפחתי בט,,120.00,100 גרם,false,,11.90,0.0992,true,1,18713
7290002043331,false,ציפס אורז חום מלא כוסמת אקסטרא 60 ג',,BG,צ'יפס כוסמת אקסטרה 6,,60.00,100 גרם,false,,6.90,0.1150,true,1,18714
7290002043591,false,צ'יפס אורז חום מלא פפריקה אקסטרה 120 ג',מימונס אפיה,BG,חטיף צ'יפס משפחתי בט,,120.00,100 גרם,false,,11.90,0.0992,true,1,18719
7290002043782,false,ציפס אורז חום מלא טקסס ברביקיו אקסטרא 60 ג',מימונס אפיה,BG,צ'יפס טקסס ברבקיו אק,,60.00,100 גרם,false,,6.90,0.1150,true,1,71
7290002057093,false,זיתים מנזנילו ירוק A2 יבנה 540ג',קבוצת יבנה,IL,זית מנזלינו גדול מנז,,540.00,100 גרם,false,,7.90,0.0146,true,1,17645
7290002057123,false,זיתים ירוקים חרוזית מנזנילו A-2,קבוצת יבנה,IL,זיתים חרוזית ירוק קב,,275.00,100 גרם,false,,9.50,0.0345,true,1,17646
7290002057185,false,טבעות זיתים ירוקים 560 ג' יבנה,קבוצת יבנה,IL,טבעות זיתים ירוקים ק,,540.00,100 גרם,false,,9.20,0.0170,true,1,17649
7290002057352,false,מלפפון במלח 7-9 560 ג' יבנה,אף.סי תבליני בגליל ב,IL,מלפפונים במלח 7-9 ק,,560.00,100 גרם,false,,6.50,0.0116,true,1,17650
7290002057369,false,מלפפון במלח ‏12‏-‏10‏ 560 ג' יבנה,קבוצת יבנה,IL,מלפפון במלח 10-12 קב,,560.00,100 גרם,false,,7.50,0.0134,true,1,17651
7290002057376,false,מלפפון במלח ‏17‏-‏13‏ 560 ג' יבנה,קבוצת יבנה,IL,מלפפון במלח 13-17 קב,,560.00,100 גרם,false,,9.90,0.0177,true,1,17652
7290002057383,false,מלפפון במלח ‏25‏-‏18‏ 560 ג' יבנה,קבוצת יבנה,IL,מלפפון 18-25במלח קבו,,560.00,100 גרם,false,,12.90,0.0230,true,1,17653
7290002057437,false,שיפקונית קבוצת יבנה,קבוצת יבנה,IL,שיפקונית קבוצת יבנה,,560.00,100 גרם,false,,9.90,0.0177,true,1,27324
7290002057451,false,מלפפון בחומץ ‏9‏-‏7‏ %‏20‏ 560 ג' יבנה,אף.סי תבליני בגליל ב,IL,מלפפון בחומץ 7-9 קבו,,560.00,100 גרם,false,,6.50,0.0116,true,1,17654
7290002057468,false,מלפפון חומץ ‏12‏-‏10‏ 560 ג' יבנה,קבוצת יבנה,IL,מלפפון בחומץ 10-12 ק,,560.00,100 גרם,false,,7.50,0.0134,true,1,17655
7290002057475,false,מלפפונים בחומץ 13-17 קטן A2 יבנה 540ג',קבוצת יבנה,IL,מלפפון בחומץ 13-17 ק,,560.00,100 גרם,false,,9.90,0.0177,true,1,17656
7290002057482,false,מלפפון חומץ ‏25‏-‏18‏ 560 ג' יבנה,קבוצת יבנה,IL,מלפפון בחומץ 18-25 ק,,560.00,100 גרם,false,,12.90,0.0230,true,1,17657
7290002065555,false,לחמניה אנג'ל ארוכה שקית 6יח,מאפיית שלמה א. אנג'ל,IL,6 לחמניות רכות אנגל,,450.00,100 גרם,false,,10.90,0.0242,true,1,13046
7290002065616,false,לחם שיפון גרעינים 750 ג' אנג'ל,מאפיית שלמה א. אנג'ל,IL,שיפון גרעינים אנגל 7,,750.00,100 גרם,false,,12.50,0.0167,true,1,13047
7290002105503,false,בורגר מזרחי קפוא גלאט 500ג' מחפוד,,IL,המבורגר טחון 500 גר,,500.00,100 גרם,false,,19.90,0.0398,true,1,15395
7290002105527,false,גולש עגל 800 גר' מחפוד קפוא,,,גולש בקר 800 גרם מחפ,,800.00,100 גרם,false,,44.90,0.0561,true,1,15397
7290002105541,false,סטייק אנטריקוט מעובד קפוא ה.הבשר 800ג',,,סטייק אנטריקוט 800 ג,,800.00,100 גרם,false,,49.90,0.0624,true,1,15398
7290002105565,false,טחון הודו 500 גרם מחפוד מהדרין,,IL,טחון הודו 500 גרם מח,,500.00,100 גרם,false,,13.90,0.0278,true,1,15400
7290002105749,false,"טחון בקר 100% קפוא 1 ק""ג גאלט מחפוד",,IL,טחון בקר 100% בשר 1,קילוגרמים,1.00,"ק""ג",false,,49.90,49.9000,true,1,15404
7290002105756,false,"בקר טחון 1 ק""ג מחפוד קפוא",,IL,"טחון בקר 1 ק""ג מחפוד",קילוגרמים,1.00,"ק""ג",false,,39.90,39.9000,true,1,15405
7290002107491,false,גבינת עזים למריחה טבעי 5% צוריאל 250 ג',מחלבת משק צוריאל,IL,צוריאל גבינת עזים למ,,250.00,100 גרם,false,,15.90,0.0636,true,1,2433
7290002107798,false,גבינה בולגרית מעודנת 5% צוריאל 250ג',מחלבת משק צוריאל,IL,צוריאל בולגרית מעודנ,,250.00,100 גרם,false,,22.40,0.0896,true,1,2434
7290002107965,false,טבורוג גבינה לאפייה 5% צוריאל 500 ג',מחלבת משק צוריאל,IL,צוריאל טבורוג גבינה,,500.00,100 גרם,false,,25.50,0.0510,true,1,2435
7290002111085,false,"רוטב עגבניות 22% ""פרי מבורך"" 100 גרם",זנלכל,IL,רוטב עגבניות 22% פרי,,100.00,100 גרם,false,,2.50,0.0250,true,1,3136
7290002129455,false,פיצה איטלקית גדולה 4,,,פיצה איטלקית 450 ג,,450.00,100 גרם,false,,19.90,0.0442,true,1,5961
7290002129479,false,פיצה איטלקית דקה 320 ג' שלושת האופים,האי נאם סי או אל.טי.,IT,פיצה איטלקית דקה שלש,,320.00,100 גרם,false,,16.90,0.0528,true,1,33376
7290002130567,false,דבש טהור מפרחי בר בזכוכית 350 גרם,מכוורת יד מרדכי שטרא,IL,דבש טהור מפרחי בר בצ,,350.00,100 גרם,false,,16.90,0.0483,true,1,8523
7290002130581,false,"דבש טהור יד מרדכי 1 ק""ג",שטראוס גרופ,IL,דבש טהור מפרחי בר בצ,קילוגרמים,1.00,"ק""ג",false,,44.60,44.6000,true,1,8525
7290002157953,false,מארז נתחי טונה בהירה בשמן קנולה - 4 יחידות,דיאמנט פוד פרודקט,IL,טונה בשמן קנולה וילי,,560.00,100 גרם,false,,19.90,0.0355,true,1,5964
7290002195054,false,המבורגר בלדי 400 גרם ארוז,יוליניבר,IL,המבורגר בלדי 400ג,,400.00,100 גרם,false,,11.90,0.0298,true,1,12980
7290002195078,false,קבב כבש בלדי קפוא 400 ג',בלדי,IL,בלדי קבב כבש 400 גר,,400.00,100 גרם,false,,11.90,0.0298,true,1,12981
7290002195085,false,קבב מזרחי בלדי 400 ג'- 8 יח',יוליניבר,IL,קבב מזרחי 400 גר בלד,,400.00,100 גרם,false,,11.90,0.0298,true,1,12982
7290002195092,false,קבב רומני 400 גרם ארוז,בלדי,IL,קבב רומני 400 גר',,400.00,100 גרם,false,,11.90,0.0298,true,1,12983
7290002232964,false,ציפוי פז טחון דק ללא,תירפז בעמ,IL,דגש ציפוי פז טחון דק,,500.00,100 גרם,false,,32.90,0.0658,true,1,18228
7290002232995,false,ציפוי פז דגש ללא גלו,פ.פ.ח. שאביט,IL,דגש ציפוי פז 500 גרם,,500.00,100 גרם,false,,32.90,0.0658,true,1,18229
7290002253006,false,שום כתוש בצנצנת 200 גר דורות,עיצובים 2020 (3.8),IL,דורות שום כתוש טרי 2,,200.00,100 גרם,false,,16.90,0.0845,true,1,7344
7290002253105,false,מגשית קוביות שום טרי דורות 80 ג',עיצובים 2020 (3.8),IL,דורות מגשית קוביות ש,,80.00,100 גרם,false,,10.90,0.1363,true,1,7345
7290002253150,false,בזיליקום טרי קצוץ דורות 70 ג',עיצובים 2020 (3.8),IL,בזיליקום טרי קצוץ 70,,70.00,100 גרם,false,,9.90,0.1414,true,1,7346
7290002253167,false,מגשית פטרוזיליה דורות 70 גר,עיצובים 2020 (3.8),IL,פטרוזליה טרייה קצוצה,,70.00,100 גרם,false,,9.90,0.1414,true,1,7347
7290002255048,false,קובה למרק במילוי בשר,חטיפי אלקיים בעמ,IL,קובה למרק במילוי בשר,,800.00,100 גרם,false,,22.90,0.0286,true,1,17164
7290002255055,false,פלאפל חטיפי אלקיים 7,חטיפי אלקיים בעמ,IL,פלאפל חטיפי אלקיים 7,,700.00,100 גרם,false,,13.90,0.0199,true,1,17165
7290002255086,false,קובה ביתי במילוי בשר,חטיפי אלקיים בעמ,IL,קובה ביתי במילוי בשר,,700.00,100 גרם,false,,22.90,0.0327,true,1,17166
7290002255116,false,קרפלך במילוי בשר חטי,חטיפי אלקיים בעמ,IL,קרפלך במילוי בשר חטי,,800.00,100 גרם,false,,22.90,0.0286,true,1,45082
7290002255161,false,"קרפלך במילוי תפו""א ק",,,"קרפלך במילוי תפו""א ק",,800.00,100 גרם,false,,22.90,0.0286,true,1,45083
7290002255215,false,עלי סיגר מרובע 500גר,חטיפי אלקיים בעמ,IL,עלים לסיגר 500ג,,500.00,100 גרם,false,,9.90,0.0198,true,1,17169
7290002259664,false,רדיד אלומיניום דיימונד גדול 60X0.60מ',ריינולדס מוצרי צריכה,US,רדיד אלומניום 30*60.,,60.90,מטר,false,,49.00,0.8046,true,1,1535
7290002277248,false,גבינת מון בלאן עם זעתר 120ג',שלושת האופים,IL,גבינת מון בלאן זעתר,,120.00,100 גרם,false,,8.90,0.0742,true,1,70247
7290002278528,false,כרית קרצוף לכלים שבת כלין 2 יח',מ.א ייצור ושיווק מטל,IL,כריות ניקוי כלים לשב,יחידה,0.00,יחידה,false,,6.90,0.0000,true,1,18700
7290002317005,false,זיתים טבעות מושחר 560ג A2 מטולה,שימורי מוטולה,IL,טבעות זיתים מושחרים,,560.00,100 גרם,false,,10.90,0.0195,true,1,15819
7290002317081,false,זיתים נטולי גלעין +20% 670ג A2 מטולה,שימורי מוטולה,IL,זיתים נטולי גלעין 20,,670.00,100 גרם,false,,9.90,0.0148,true,1,15821
7290002317128,false,מלפפון 560ג במלח 10-12 A2 מטולה,שימורי מוטולה,IL,מלפפון במלח 10-12 מו,,560.00,100 גרם,false,,10.90,0.0195,true,1,15822
7290002317135,false,מלפפון 560ג במלח 13-17 A2 מטולה,שימורי מוטולה,IL,מלפפון במלח 13-17 מו,,560.00,100 גרם,false,,10.90,0.0195,true,1,15823
7290002317166,false,מלפפון 560ג בחומץ 10-12 A2 מטולה,,,מלפפון בחומץ 10-12 מ,,560.00,100 גרם,false,,10.90,0.0195,true,1,15824
7290002317265,false,מלפפון 650ג במלח +20% 7-9 A2 מטולה,שימורי מוטולה,IL,מלפפון במלח 20% 7-9,,670.00,100 גרם,false,,9.90,0.0148,true,1,15826
7290002317289,false,חצילים כבושים מוטול,שימורי מוטולה,IL,חצילים מוטולה 560 גר,,560.00,100 גרם,false,,9.90,0.0177,true,1,15827
7290002317326,false,זיתים מנזולינו 12-15 +20% 670ג A2 מטולה,שימורי מוטולה,IL,זיתים מנזלינו 20% 12,,670.00,100 גרם,false,,9.90,0.0148,true,1,15830
7290002317579,false,זיתים טבעות ירוק 560ג A2 מטולה,שימורי מוטולה,IL,טבעות זיתים ירוקים מ,,560.00,100 גרם,false,,10.90,0.0195,true,1,15833
7290002317609,false,כרוב כבוש 560ג A2 מטולה,שימורי מוטולה,IL,כרוב כבוש מוטולה 560,,560.00,100 גרם,false,,6.90,0.0123,true,1,15834
7290002317616,false,זיתים מרינט 17-19 560ג A2 מטולה,שימורי מוטולה,IL,זיתים חתוכים מרינט 1,,560.00,100 גרם,false,,10.90,0.0195,true,1,15835
7290002319054,false,פרג טחון מיה 100 גרם,מיה תעשיות מזון,IL,פרג טחון 100ג,,100.00,100 גרם,false,,4.90,0.0490,true,1,5350
7290002319061,false,קוקוס טחון מיה 100,מיה,IL,.קוקוס טחון 100 גר.,,100.00,100 גרם,false,,3.70,0.0370,true,1,5351
7290002319122,false,גריסים יבשים מיה 500 גר',"מיה תעשיות מזון בע""מ",IL,גריסים מיה 500 גרם,,500.00,100 גרם,false,,3.90,0.0078,true,1,5356
7290002319139,false,שעועית לבנה יבשה מיה 500 ג',"מיה תעשיות מזון בע""מ",IL,שעועית מיה 500 גרם,,500.00,100 גרם,false,,7.90,0.0158,true,1,5357
7290002319146,false,שעועית אדומה יבשה 500 ג',"מיה תעשיות מזון בע""מ",IL,שעועית אדומה מיה 500,,500.00,100 גרם,false,,7.90,0.0158,true,1,5358
7290002319177,false,פופקורן גרעינים מיה 500 גר',"מיה תעשיות מזון בע""מ",IL,פופקורן מיה 500 גרם,,500.00,100 גרם,false,,4.90,0.0098,true,1,5360
7290002319184,false,עדשים אדומים יבשים מיה 500 גר',"מיה תעשיות מזון בע""מ",IL,עדשים אדומים מיה 500,,500.00,100 גרם,false,,6.90,0.0138,true,1,5361
7290002319207,false,מיה כוסמת 500 גרם,"מיה תעשיות מזון בע""מ",IL,כוסמת מיה 500 גרם,,500.00,100 גרם,false,,5.90,0.0118,true,1,5363
7290002327059,false,"בצק עלים 1 ק""ג שלושת האופים קהילות",שלושת האופים,IL,בצק עלים 1 ק`ג,קילוגרמים,1.00,"ק""ג",false,,16.90,16.9000,true,1,5970
7290002327073,false,בורקס גבינה 800 גר' שלושת האופים קהילות,שלושת האופים,IL,בורקס גבינה 800 גרם,,800.00,100 גרם,false,,16.90,0.0211,true,1,5972
7290002331025,false,"מים מינרלים נביעות ספורט 500 מ""ל פקדון",נביעות טבע הגליל בעמ,IL,נביעות 1/2 ליטר ספור,,500.00,"100 מ""ל",false,,3.90,0.0078,true,1,2620
7290002331094,false,"נביעות+ מים טעם ענבים 755מ""ל",נביעות טבע הגליל בעמ,IL,755מל מים מינרלים TO,,755.00,"100 מ""ל",false,,3.90,0.0052,true,1,2621
7290002331124,false,מים נביעות בטעם תפוח 0.5 ליטר,נביעות טבע הגליל בעמ,IL,נביעות מים מינרלים ב,,500.00,"100 מ""ל",false,,6.40,0.0128,true,1,2622
7290002331360,false,"נביעות מים מינרליים טו גו מארז 500X6מ""ל",נביעות,IL,נביעות TO GO שישייה,ליטרים,3.00,ליטר,false,,14.90,4.9667,true,1,2624
7290002331421,false,"מים אישי נביעות מארז שישייה* 755 מ""ל",נביעות,IL,נביעות 6*755מל,ליטרים,4.53,ליטר,false,,16.90,3.7307,true,1,2625
7290002331483,false,שישיית מים נביעות בייב 330 מל,נביעות טבע הגליל בעמ,IL,נביעות בייבי 320*6 מ,ליטרים,1.92,ליטר,false,,13.90,7.2396,true,1,2626
7290002344032,false,סחבות מיקרופייבר מא,,,סחבות מיקרופייבר מא,יחידה,0.00,יחידה,false,,12.90,0.0000,true,1,28974
7290002344056,false,מטליות מיקרופייבר מ,,,מטליות מיקרופייבר מ,יחידה,0.00,יחידה,false,,12.90,0.0000,true,1,28975
7290002345015,false,סינטה דק דק אל גאוצ'ו 250ג' מינוט,"טיבון ויל אחזקות בע""",IL,סינטה דקדק 250 גרם,,250.00,100 גרם,false,,15.90,0.0636,true,1,5976
7290002345022,false,אנטריקוט דק דק אל גאצ'ו 250ג' מינוט,"טיבון ויל אחזקות בע""",IL,אנטריקוט דקדק 250 ג,,250.00,100 גרם,false,,15.90,0.0636,true,1,5977
7290002348238,false,אננס חתוך 820 ג' ויליגר,טיפקו,TH,לפתן אננס חתוך ויליג,,830.00,100 גרם,false,,6.90,0.0083,true,1,5981
7290002353836,false,סרדינים רוברט בשמן זית 115 גרם,קונסרבס פורטוגל נורט,PT,סרדינים רוברט בשמן ז,,120.00,100 גרם,false,,8.90,0.0742,true,1,26392
7290002360124,false,פומפדור חליטת צמחים ורד הבר והיביסקו חדש,TEEKANNE- POMPADOU,DE,פומפדור חליטת ורד הב,,30.00,100 גרם,false,,10.90,0.3633,true,1,21653
7290002360285,false,תה פומפדור חליטת צמחים קמומיל 20 שק,TEEKANNE- POMPADOU,DE,פומפדור חליטת קמומיל,,30.00,100 גרם,false,,10.90,0.3633,true,1,8045
7290002371540,false,דקניקים קורנדביף 120 ג' טירת צבי,הנסיך- מפעל לייצור ט,IL,טירת צבי קורנדביף דק,,120.00,100 גרם,false,,12.90,0.1075,true,1,9738
7290002371854,false,"נקניקיות עוף מתובלות 1 ק""ג טירת צבי",הנסיך- מפעל לייצור ט,IL,נקניקיות עוף מתובלות,קילוגרמים,1.00,"ק""ג",false,,23.90,23.9000,true,1,9740
7290002374268,false,שמן חמניות מילומור 1 ליטר,שמן תעשיות,IL,שמן חמניות מילומור 1,ליטרים,1.00,ליטר,false,,9.90,9.9000,true,1,20874
7290002374312,false,"שמן קנולה מילומור 1 ל' עד""ח","נארז ע""י : א.ג. גילר",IL,שמן קנולה מילומור 1,ליטרים,1.00,ליטר,false,,10.90,10.9000,true,1,6154
7290002374640,false,שמן קנולה פלוס אומגה 3 1 ליטר עץ הזית,שמן תעשיות,IL,שמן קנולה פלוס אומגה,ליטרים,1.00,ליטר,false,,16.50,16.5000,true,1,6155
7290002404590,false,"יין מרלו הראשית 750 מ""ל היוצר",יקבי ארזה,IL,יין היוצר בראשית רזר,,750.00,"100 מ""ל",false,,32.90,0.0439,true,1,4373
7290002407348,false,"שמן זית כתית מעולה 750 מ""ל ג'השאן",משק משפחת ג'השאן,IL,שמן זית כתית מעולה ג,,750.00,"100 מ""ל",false,,29.90,0.0399,true,1,26205
7290002407454,false,שמן זית כתית מעולה ס,,,שמן זית כתית מעולה ס,,750.00,"100 מ""ל",false,,39.90,0.0532,true,1,26206
7290002507277,false,קציצות דג דלידג 700 גר,אף.סי תבליני בגליל ב,IL,קציצות דג 700גר,,700.00,100 גרם,false,,24.90,0.0356,true,1,5989
7290002512004,false,מלוואח צנעני 900 גרם,צנעני מוצרי בצק,IL,צנעני מלווח 900 גרם,,900.00,100 גרם,false,,21.90,0.0243,true,1,17176
7290002512011,false,צנעני גחנון 900 גרם,צנעני מוצרי בצק,IL,צנעני גחנון 900 גרם,,900.00,100 גרם,false,,21.90,0.0243,true,1,17177
7290002512257,false,מלוואח מופחת שומן רו,צנעני,IL,מלווח מופחת שומן 700,,700.00,100 גרם,false,,17.90,0.0256,true,1,45086
7290002512264,false,ג'חנון מופחת שומן רו,צנעני,IL,ג'חנון מופחת שומן 70,,700.00,100 גרם,false,,17.90,0.0256,true,1,17179
7290002517337,false,תבלין אורגנו עלים 20 גר',"תבליני טעם וריח בע""מ",IL,תבלין אורגנו בשקית ט,,20.00,100 גרם,false,,5.90,0.2950,true,1,14284
7290002517375,false,תבלין בזיליקום 30 גר' שק',"תבליני טעם וריח בע""מ",IL,תבלין בזיליקום בשקית,,30.00,100 גרם,false,,5.90,0.1967,true,1,14285
7290002543046,false,קלוגס פרוסטיס דגנים וסוכר 750ג',קלוג מנייופרטורינג א,ES,פרוסטיס דגני קלוגס 7,,750.00,100 גרם,false,,17.90,0.0239,true,1,2026
7290002603498,false,שגב פיצת השף מאיטליה אנטיפסטי,האי נאם סי או אל.טי.,IT,פיצת השף מאיטליה CHE,,220.00,100 גרם,false,,16.90,0.0768,true,1,5996
7290002603504,false,פיצת השף מאיטליה CHEF שגב עגבניות ובצל סגול 200 גרם,סוילה אס.אר.אל,IT,פיצת השף מאיטליה CHE,,200.00,100 גרם,false,,16.90,0.0845,true,1,5997
7290002608516,false,לחם מחמצת מקמח מלא 5,פילסברי,,לחם מחמצת מקמח מלא,,530.00,100 גרם,false,,16.90,0.0319,true,1,1099
7290002608769,false,לחם מחמצת טוסקני דגנ,פילסברי,,לחם מחמצת טוסקני דגנ,,530.00,100 גרם,false,,16.90,0.0319,true,1,1102
7290002627210,false,"גפילטעפיש קציצות מדגי קרפיון וכסיף 560 גר' בעל""ז",האי נאם סי או אל.טי.,IL,גפילטע פיש בצנצנת דל,,560.00,100 גרם,false,,9.90,0.0177,true,1,5998
7290002692393,false,שמן קנולה מועשר1 ליטר-עץ הזית,שמן תעשיות,IL,שמן קנולה מועשר עץ ה,ליטרים,1.00,ליטר,false,,15.90,15.9000,true,1,6156
7290002692478,false,"שמן זית כתית מעולה קלאסי מעודן 750 מ""ל עץ הזית","מרקאולאו, ספרד.אבסה,",IT,שמן זית כתית מעולה מ,,750.00,"100 מ""ל",false,,30.90,0.0412,true,1,6157
7290002692768,false,"תרסיס קנולה מופחת קלוריות 200 מ""ל עץ הזית",טרנסומס פוד איי בי,IL,תרסיס שמן קנולה עץ ה,,200.00,"100 מ""ל",false,,15.50,0.0775,true,1,6158
7290002692782,false,"תרסיס שמן זית כתית מעולה עץ הזית 150 מ""ל",י.ב טכנולוגיות אריזה,IL,תרסיס שמן זית עץ הזי,,200.00,"100 מ""ל",false,,15.50,0.0775,true,1,6160
7290002703068,false,צנצנת דבש עין חרוד 1,עין חרוד,IL,צנצנת דבש עין חרוד 1,קילוגרמים,1.00,"ק""ג",false,,41.90,41.9000,true,1,15501
7290002703358,false,צנצנת דבש עין חרוד 3,עין חרוד,IL,צנצנת דבש עין חרוד 3,,350.00,100 גרם,false,,16.90,0.0483,true,1,15503
7290002703402,false,דבש עין חרוד 400 גרם,,,דבש עין חרוד 400 גרם,,400.00,100 גרם,false,,19.90,0.0497,true,1,15504
7290002703426,false,דבש לחיץ מכוורת 250,,,דבש לחיץ מכוורת 250,,250.00,100 גרם,false,,12.90,0.0516,true,1,15505
7290002703655,false,סילאן 100% טבעי עין,,,סילאן 100% טבעי עין,,385.00,100 גרם,false,,12.90,0.0335,true,1,15507
7290002730262,false,פלמוליב כלים שקוף קלאסי 750 בקבוק חדש,יבואן ומשווק: ש. שסט,GR,פלמוליב לכלים קלאסי,,750.00,"100 מ""ל",false,,8.90,0.0119,true,1,8046
7290002730811,false,"קולגייט משחת שיניים ג'ל משפחתי 100מ""ל",הנסיך- מפעל לייצור ט,PL,משחת שיניים גל משפחת,,100.00,"100 מ""ל",false,,11.90,0.1190,true,1,8051
7290002735007,false,"בצק עלים 1 ק""ג ינון",,,"בצק עלים 1 ק""ג",קילוגרמים,1.00,"ק""ג",false,,13.90,13.9000,true,1,17182
7290002735021,false,ינון גחנון ארוז 750גר,ג'נרל מילס סאן אדריא,IL,ינון גחנון ארוז 750,,750.00,100 גרם,false,,13.90,0.0185,true,1,17184
7290002735113,false,בורקס גבינה ינון 800 גר,,,בורקס גבינה ינון 800,,800.00,100 גרם,false,,15.90,0.0199,true,1,17185
7290002735120,false,"בורקס תפו""א ינון 800 גר",,,"בורקס תפו""א ינון 800",,800.00,100 גרם,false,,13.90,0.0174,true,1,17186
7290002735274,false,ינון גחנון אפוי 600 גר,ג'נרל מילס סאן אדריא,IL,ינון גחנון אפוי 600,,600.00,100 גרם,false,,16.90,0.0282,true,1,17187
7290002750147,false,בייגל רול דגנים,,,בייגל רול דגנים,,1.00,יח',false,,4.50,4.5000,true,1,1186
7290002752332,false,"סוכריות מנטוס פירות בגליל, 37.5 גרם",הדקלאים אגודת שיתופי,NL,מנטוס .סוכריות פירות,,37.50,100 גרם,false,,2.90,0.0773,true,1,4609
7290002752349,false,סוכריות מנטוס מנטה 40יח' בגליל 38ג',פרפטי ואן מלה,NL,מנטוס סוכריות מנטה 3,,37.50,100 גרם,false,,2.90,0.0773,true,1,4610
7290002752493,false,רביעיה סוכריות מנטה 4* 16 ג' טיק טק,פררו,EC,טיק טק 1/4,,64.00,100 גרם,false,,11.50,0.1797,true,1,14081
7290002757139,false,מלוואח 700 גר' שלושת האופים קהילות,שלושת האופים,IL,שלושת האופים מלוואח,,700.00,100 גרם,false,,12.90,0.0184,true,1,6005
7290002757535,false,בורקס פילו אצבעות גבינה 700 ג' שלושת האופים,שלושת האופים,IL,בורקס פילו אצבעות גב,,700.00,100 גרם,false,,16.90,0.0241,true,1,6007
7290002768036,false,"מי פה תיאדנט ענק מונע עששת 150מ""ל",אמיליה קוסמטיקס,IL,"מי פה תיאדנט 150 מ""ל",,150.00,"100 מ""ל",false,,14.90,0.0993,true,1,11091
7290002768074,false,דרמופון - סבון נוזלי 1 ליטר,"אמיליה קוסמטיקס בע""מ",IL,סבון נוזלי דרמופון 1,יחידה,0.00,יחידה,false,,17.90,0.0000,true,1,11093
7290002768159,false,"בת אורן סבון קצף לאמבט 500 מ""ל",פארק תעשיות עמק חפרמ,IL,קצף אמבט בת אורן 500,,500.00,"100 מ""ל",false,,17.90,0.0358,true,1,11094
7290002782131,false,"פנינה רוזנבלום - דאודורנט ספריי לאישה מס' 1 150 מ""ל",ביסקול תמרוקים,IL,דאו' ספריי לאישה פ.ר,,150.00,"100 מ""ל",false,,24.90,0.1660,true,1,6480
7290002782742,false,"פנינה רוזנבלום - דאודורנט ספריי לאישה מס' 2 150 מ""ל",ביסקול תמרוקים,IL,פנינה דאודורנט ספריי,,150.00,"100 מ""ל",false,,14.90,0.0993,true,1,6482
7290002782759,false,"פנינה קרם גוף רוזנבלום 400 מ""ל",א.ל ארמן,IL,קרם גוף מס' 2 פנינה,,400.00,"100 מ""ל",false,,23.90,0.0597,true,1,6483
7290002814054,false,סנט מוריץ מתז אנטרטיק מתז 1 ליטר,"קומפלקס כימיקלים בע""",IL,אנטרקטיק במתז 1 ליטר,ליטרים,1.00,ליטר,false,,9.90,9.9000,true,1,7493
7290002814160,false,מסיר שומנים קר סנט מ,,,מסיר שומנים קר סנט מ,יחידה,0.00,יחידה,false,,18.90,0.0000,true,1,7495
7290002814290,false,BLANCO קצף אקונומיקה מרוכז 1 ליטר בניחוח לימון,קומפלקס כימיקלים,IL,קצף מרוכז 1 ליטר בלנ,ליטרים,1.00,ליטר,false,,15.90,15.9000,true,1,7497
7290002814603,false,"סנט מוריץ - מרסס מסיר שומנים קר מבושם לימון 750 מ""ל","קומפלקס כימיקלים בע""",IL,מסיר שומנים קר מבושם,,750.00,"100 מ""ל",false,,9.90,0.0132,true,1,7502
7290002814870,false,"סנט מוריץ - מרסס מסיר שומנים קר מבושם לוונדר\פרחים 750 מ""ל",,IL,מסיר שומנים קר מבושם,,750.00,"100 מ""ל",false,,9.90,0.0132,true,1,7505
7290002814887,false,עלמה מגבונים לחים לרצפה 10 יחידות,,IL,מגבונים לחים לרצפה 1,יחידה,0.00,יחידה,false,,8.50,0.0000,true,1,38621
7290002824183,false,גבינה לבנה 5% שומן 500 ג' שטראוס,מיוצר עי קונדיטוריית,IL,גבינה לבנה 5% סקי 50,,500.00,100 גרם,false,,9.30,0.0186,true,1,9009
7290002824466,false,יוגורט דנונה ביו 0% 200 גרם,"שטראוס בריאות בע""מ",IL,דנונה יוגורט ביו 0%,,200.00,"100 מ""ל",false,,3.70,0.0185,true,1,9010
7290002824640,false,גבינה שטראוס 5% 250 ג',מיוצר עי קונדיטוריית,IL,גבינה 5% סקי 250 גרם,,250.00,100 גרם,false,,4.98,0.0199,true,1,9011
7290002825722,false,סלט כרוב אדום אחלה 5,מיוצר עי קונדיטוריית,IL,אחלה כרוב אדום 500ג,,500.00,100 גרם,false,,15.20,0.0304,true,1,9012
7290002827306,false,נקניקיות עוף ירושלים מחפוד 400 ג',,,עוף ירושלים נקניקיות,,400.00,100 גרם,false,,7.90,0.0198,true,1,15412
7290002827337,false,נקניקיות עוף פיקנטי חריף 400 מחפוד,,,עוף ירושלים נקניקיות,,400.00,100 גרם,false,,7.90,0.0198,true,1,15414
7290002830948,false,גבינה מון בלאן עיזים 120 גר,סלס קרית מלאכי ישראל,IL,מון בלאן גבינת עיזים,,120.00,100 גרם,false,,8.90,0.0742,true,1,6018
7290002868996,false,קוטג' 5% מועשר טרה 250ג' מהדרין,טרה,IL,טרה קוטג מועשר 5% 25,,250.00,100 גרם,false,,5.60,0.0224,true,1,2436
7290002871361,false,"קרלסברג בירה בק.חוזר 500 מ""ל",מבשלות בירה בינלאומי,IL,קרלסברג בירה בק.חוזר,,500.00,"100 מ""ל",false,,7.90,0.0158,true,1,2634
7290002881018,false,מעדן תות שדה 100% 284 גרם,,,סן מורנו מעדן תות שד,,284.00,100 גרם,false,,9.90,0.0349,true,1,9574
7290002881032,false,מעדן אוכמניות כחולות 100% 284 גרם,,,סן מורנו מעדן אוכמני,,284.00,100 גרם,false,,9.90,0.0349,true,1,33868
7290002881216,false,רסק תפוחי עץ דיאט 708 גרם צנצנת,,,"רסק תפו""ע דיאט תפוחי",,700.00,100 גרם,false,,10.00,0.0143,true,1,9578
7290002881230,false,אננס חתוך תומר 825 גרם,"אניס פארם בע""מ",VN,אננס חתוך תומר 850 ג,,850.00,100 גרם,false,,7.50,0.0088,true,1,9579
7290002881247,false,אננס שלם פרוסות תומר,"אניס פארם בע""מ",VN,אננס שלם פרוסות תומר,,850.00,100 גרם,false,,7.50,0.0088,true,1,9580
7290002881278,false,אפרסק חצאים תומר 820,,,אפרסק חצאים תומר 820,,820.00,100 גרם,false,,9.90,0.0121,true,1,9583
7290002881506,false,חמאת בוטנים תומר 510 ג',,,חמאת בוטנים 510 גרם,,510.00,100 גרם,false,,12.90,0.0253,true,1,9588
7290002881612,false,לפתן דובדבנים חמוצים 680 גרם,Fructo sliven jsc,BG,לפתן דובדבנים חמוצים,,700.00,100 גרם,false,,8.90,0.0127,true,1,9592
7290002881957,false,סרדינים מרוקאי חריף בשמן חמניות 125ג' תומר,,,סרדין מרוקאי חריף תו,,125.00,100 גרם,false,,4.90,0.0392,true,1,9599
7290002900566,false,פסטרמה ברביקיו דל שומן טירת צבי 360 ג',הנסיך- מפעל לייצור ט,IL,פסטרמה ברביקיו דל שו,,360.00,100 גרם,false,,25.90,0.0719,true,1,9742
7290002904694,false,"טיטניום דאודורנט ספריי לגברים 150 מ""ל","אמיליה קוסמטיקס בע""מ",IL,דאודורנט ספריי קלאסי,,180.00,"100 מ""ל",false,,14.90,0.0828,true,1,11095
7290002909972,false,שעועית ירוקה שלמה בלדי 800 גר',,,שעועית ירוקה שלמה מו,,800.00,100 גרם,false,,11.90,0.0149,true,1,34231
7290002922117,false,עוגיות אקלר פרמיום,אקלר,,מארז עוגיות אקלר 250,,250.00,100 יח',false,,19.90,0.0796,true,1,28813
7290002971955,false,קמח שטיבל חיטה לבן מנופה 1קג,טחנת קמח דגן-שטיבל,IL,קמח לבן 650 ללא צורך,קילוגרמים,1.00,"ק""ג",false,,7.90,7.9000,true,1,3354
7290002971962,false,"קמח שטיבל חיטה מלא ללא ניפוי 1 ק""ג",טחנת קמח דגן-שטיבל,IL,קמח מלא 100% ללא צור,קילוגרמים,1.00,"ק""ג",false,,7.90,7.9000,true,1,3355
7290002971993,false,"קמח כוסמין מס 14 ללא ניפוי 1 ק""ג",טחנת קמח דגן-שטיבל,IL,קמח כוסמין מלא ללא צ,קילוגרמים,1.00,"ק""ג",false,,12.90,12.9000,true,1,3357
7290002972006,false,"קמח שטיבל 405 ללא ניפוי 1 ק""ג",טחנת קמח דגן-שטיבל,IL,קמח בהיר 405 ללא צור,קילוגרמים,1.00,"ק""ג",false,,7.90,7.9000,true,1,3358
7290002972365,false,קמח תופח שטיבל 13 ללא צורך בניפוי 1 קג,מיוצר עי קונדיטוריית,IL,קמח תופח ללא צורך בנ,קילוגרמים,1.00,"ק""ג",false,,7.90,7.9000,true,1,3359
7290002973669,false,"קמח שטיבל ללחם 2 ללא ניפוי 1 ק""ג",טחנת קמח דגן-שטיבל,IL,קמח לחם ללא צורך בני,קילוגרמים,1.00,"ק""ג",false,,7.90,7.9000,true,1,3362
7290002973676,false,"קמח שטיבל לחלה 18 ללא ניפוי 1 ק""ג",טחנת קמח דגן-שטיבל,IL,קמח לחלה ללא צורך בנ,קילוגרמים,1.00,"ק""ג",false,,7.90,7.9000,true,1,3363
7290002973812,false,קמח כוסמין 80% ללא צ,"שטיבל בע""מ",IL,קמח כוסמין 80% ללא צ,קילוגרמים,1.00,"ק""ג",false,,13.90,13.9000,true,1,3364
7290002973829,false,"קמח כוסמין לבן ללא ניפוי שטיבל 1 ק""ג","שטיבל בע""מ",IL,קמח כוסמין לבן ללא צ,קילוגרמים,1.00,"ק""ג",false,,13.90,13.9000,true,1,3365
7290002974314,false,"קמח פיצה שטיבל 1 ק""ג",טחנת קמח דגן-שטיבל,IL,"קמח פיצה שטיבל 1 ק""ג",קילוגרמים,1.00,"ק""ג",false,,11.90,11.9000,true,1,19828
7290002987963,false,"סלט חומוס אחלה 1 ק""ג",מיוצר עי קונדיטוריית,IL,אחלה חומוס 1קג,קילוגרמים,1.00,"ק""ג",false,,13.90,13.9000,true,1,9013
7290003009183,false,"סירופ דיאט תפוחים פריגת 750 מ""ל",סירופ - גבעת חיים,IL,סירופ דיאט תפוחים פר,,750.00,"100 מ""ל",false,,21.90,0.0292,true,1,2635
7290003009596,false,"סירופ דיאט אשכוליות פריגת 750 מ""ל",סירופ - גבעת חיים,IL,סירופ דיאט אשכוליות,,750.00,"100 מ""ל",false,,21.90,0.0292,true,1,2637
7290003015627,false,ריצפז פרש 2 ליטר אפרסק מרכז,"סנו מפעלי ברונוס בע""",IL,ריצפז פרש אפרסק 2 לי,ליטרים,2.00,ליטר,false,,17.90,8.9500,true,1,11099
7290003029181,false,משקה יטבתה שוקו' בקבוק 1ל מהדרין,שטראוס גרופ,IL,יטבתה שוקו בקבוק 1ל,ליטרים,1.00,ליטר,false,,10.00,10.0000,true,1,9015
7290003029372,false,משקה חלב בננה בקבוק 1ל' יוטבתה,שטראוס גרופ,IL,יטבתה משקה חלב בננה,ליטרים,1.00,ליטר,false,,10.00,10.0000,true,1,9016
7290003029389,false,"משקה חלב בננה פקק ספורט 250 מ""ל יוטבתה",שטראוס גרופ,IL,יטבתה משקה חלב בננה+,,250.00,"100 מ""ל",false,,5.50,0.0220,true,1,9017
7290003029433,false,"משקה יטבתה שוקו פקק 250 מ""ל מהדרין",שטראוס גרופ,IL,יטבתה שוקו +פקק 250,,250.00,"100 מ""ל",false,,5.50,0.0220,true,1,9018
7290003029532,false,מוקה בקבוק 1 ל' יוטבתה,שטראוס גרופ,IL,יטבתה מוקה 1ל,ליטרים,1.00,ליטר,false,,10.00,10.0000,true,1,9019
7290003029792,false,"משקה יטבתה שוקו שקיות מהדרין מארז 225X8מ""ל",שטראוס גרופ,IL,יטבתה מהדרין שוקו שק,ליטרים,1.80,ליטר,false,,19.90,11.0556,true,1,9020
7290003029815,false,חלב יוטבתה מועשר 3% בכד 2ל',שטראוס גרופ,IL,חלב מועשר בכד2 ליטר,ליטרים,2.00,ליטר,false,,15.90,7.9500,true,1,9021
7290003029907,false,משקה יטבתה אייס קפה 1ליטר,שטראוס גרופ,IL,יטבתה אייס קפה 1ל,ליטרים,1.00,ליטר,false,,10.00,10.0000,true,1,9022
7290003054657,false,חרדל דיזון אקסטרה פורטה 370 גרם,מרום את קונפינו,FR,חרדל דיג'ון אקסטרא פ,,370.00,100 גרם,false,,9.90,0.0268,true,1,2034
7290003102136,false,צמר גפן COTTON SOFT רפואי 100 גר' 3102136,הדקלאים אגודת שיתופי,TR,צמר גפן כוטון סופט 1,,100.00,100 גרם,false,,4.50,0.0450,true,1,382
7290003107216,false,קמח לבן בהיר ארוז,טחנות קמח דגן בעמ,IL,"קמח לבן דגן 1 ק""ג",קילוגרמים,1.00,"ק""ג",false,,5.90,5.9000,true,1,3368
7290003107223,false,"סולת לנדא ארוז 1 ק""ג",טחנות קמח דגן בעמ,IL,"סולת חיטה דגן 1 ק""ג",קילוגרמים,1.00,"ק""ג",false,,6.00,6.0000,true,1,3369
7290003107315,false,"סולת בד""צ ארוז 1 ק""ג",,,"סולת דגן 1 ק""ג",קילוגרמים,1.00,"ק""ג",false,,4.50,4.5000,true,1,3372
7290003107346,false,טחנת קמח דגן קמח 1 קג,,,קמח חיטה לבן דגן 1 ק,קילוגרמים,1.00,"ק""ג",false,,4.50,4.5000,true,1,3373
7290003126712,false,"משק צוריאל יוגורט עיזים 3% ביו 140מ""ל",מחלבת משק צוריאל,IL,צוריאל יוגורט עיזים,,150.00,"100 מ""ל",false,,6.40,0.0427,true,1,2438
7290003126958,false,טופו גבינה גוש בואקום צוריאל 300 ג',א.י.ן תעשיות מזון בע,IL,צוריאל גבינה גוש טופ,,300.00,100 גרם,false,,12.90,0.0430,true,1,2439
7290003142422,false,גרעיני חמניה בשקית ללא מלח קליית גת 180 גרם,"ג'י אנד ג'י בע""מ",IL,גרעיני חמניה ללא מלח,,180.00,100 גרם,false,,5.90,0.0328,true,1,4618
7290003143146,false,ממרח תמרים קליית גת 450 גרם,הדקלאים אגודת שיתופי,IL,ממרח תמרים 450 גרם,,450.00,100 גרם,false,,4.90,0.0109,true,1,4621
7290003143337,false,סילאן טבעי קליית גת 350 גרם בקבוק לחיץ,ליימן מותגים,,סילאן טבעי 350 גרם,,350.00,100 גרם,false,,12.90,0.0369,true,1,4623
7290003144419,false,סילאן טבעי קליית גת 710 גרם,ליימן מותגים,IL,סילאן טבעי קלית גת 7,,710.00,100 גרם,false,,17.90,0.0252,true,1,4625
7290003145751,false,קשיו קלוי קליית גת 200 גר,הדקלאים אגודת שיתופי,IL,קשיו קלוי 200 גרם,,200.00,100 גרם,false,,17.90,0.0895,true,1,4628
7290003145782,false,צנובר טבעי קליית גת,הדקלאים אגודת שיתופי,IL,צנובר טבעי 100 גרם,,100.00,100 גרם,false,,22.90,0.2290,true,1,4630
7290003189205,false,כפיר הצהובה הטובה לי,,,הצהובה הטובה לייט קל,,200.00,100 גרם,false,,13.90,0.0695,true,1,20932
7290003189267,false,צהובה טובה 5% קלאסית 200 גר,צי תעשיות מזון יבנה,IL,צהובה הטובה קלאסית כ,,200.00,100 גרם,false,,14.90,0.0745,true,1,20933
7290003220533,false,"רוטב צ'ילי מתוק ווק 700 מ""ל",תאי פרידה אינדסטרי ב,TH,רוטב צ'ילי מתוק 700,,700.00,"100 מ""ל",false,,10.90,0.0156,true,1,14000
7290003220649,false,שמן שומשום 100% טהור,הו צ'קינג הינג אוי פ,SG,שמן שומשום 100% טהור,,150.00,"100 מ""ל",false,,13.90,0.0927,true,1,14005
7290003220977,false,עוגיות חצי ירח מצופה 175 נאפה מעדני מלך,מגדנית הדר,IL,מעדני מלך ירח חצי מצ,,175.00,100 גרם,false,,5.90,0.0337,true,1,25359
7290003229109,false,פסטרמה בפפריקה 400 גרםטירת צבי,הנסיך- מפעל לייצור ט,IL,א.מ .פסטרמה בפפריקה,,400.00,100 גרם,false,,25.90,0.0647,true,1,9758
7290003229116,false,פסטרמה בדבש 400 גרםטירת צבי,הנסיך- מפעל לייצור ט,IL,א.מ פסטרמה בדבש 400,,400.00,100 גרם,false,,25.90,0.0647,true,1,9759
7290003229154,false,סלמי קוניאק מובחר טירת צבי 300 ג',הנסיך- מפעל לייצור ט,IL,א.מ. סלמי קוניאק מוב,,300.00,100 גרם,false,,25.90,0.0863,true,1,9762
7290003229192,false,כתף בקר מעושן טירת צבי 400 ג' צבי,טיב טירת צבי 2000,IL,א.מ. כתף בקר מעושן 4,,400.00,100 גרם,false,,25.90,0.0647,true,1,9763
7290003229208,false,פסטרמה ספרדית 2% טירת צבי 360 ג',טירת- צבי,IL,פסטרמה ספרדית 2% 360,,360.00,100 גרם,false,,25.90,0.0719,true,1,9764
7290003251308,false,אציטון משובח 100מל,שוורץ,,"אציטון משובח 100 מ""",,100.00,"100 מ""ל",false,,3.90,0.0390,true,1,32728
7290003268252,false,לחם חיטה מלא לילדים 750 ג' דגנית עין בר,יוניליוור גרמניה Gm,IL,לחם חיטה מלא ללא גרע,,750.00,100 גרם,false,,12.90,0.0172,true,1,1850
7290003268429,false,לחם ירוק מקמח מלא 750 ג' דגנית עין בר,מולינו ניקולי s.p.a,IL,לחם מקמח מלא דגנית 7,,750.00,100 גרם,false,,13.90,0.0185,true,1,1851
7290003287260,false,צ'וריסוס קצביה 600 ג' - 8 יח',בלדי,IL,צוריסוס קצביה ארוז 6,,600.00,100 גרם,false,,27.90,0.0465,true,1,12993
7290003318100,false,וופל בטעם שוקולד מנעמים 200 ג',מנעמים תעשיות מזון,IL,ופל שוקו מנעמים 200,,200.00,100 גרם,false,,4.30,0.0215,true,1,13217
7290003318131,false,ופל קלאסיק אגוז 200 גרם מנעמים,מנעמים תעשיות מזון,IL,ופל אגוז מנעמים 200,,200.00,100 גרם,false,,4.30,0.0215,true,1,13218
7290003321155,false,יוגורט בר עם פקאן מצופה שוקולד 183 ג' דנונה,"שטראוס בריאות בע""מ",IL,דנונה קראנצ' ששבי פק,,183.00,"100 מ""ל",false,,4.50,0.0246,true,1,9023
7290003321292,false,גבינה לבנה 9% שומן 250 ג' שטראוס,מיוצר עי קונדיטוריית,IL,גבינה 9% סקי 250 גרם,,250.00,100 גרם,false,,4.90,0.0196,true,1,9024
7290003332007,false,קפה נחלה סובחי 250ג,סובחי נחלה ובניו,,קפה נחלה סובחי 250ג,,250.00,100 גרם,false,,13.90,0.0556,true,1,12352
7290003387410,false,בלונס פדים להסרת איפור שלישייה,SEPTONA S.A.,GR,מגבונים להסרת איפור,יחידה,0.00,יחידה,false,,19.90,0.0000,true,1,8068
7290003401369,false,"קרם לחות ועיצוב לשיער חוחובה נטורל 400 מ""ל",מיוצר עי אמיליה קוסמ,IL,קרם לחות ועיצוב לשיע,,400.00,"100 מ""ל",false,,19.90,0.0497,true,1,11103
7290003401376,false,"קרם לחות ועיצוב לשיער אלוורה נטורל 400 מ""ל",מיוצר עי אמיליה קוסמ,IL,קרם לחות ועיצוב לשיע,,400.00,"100 מ""ל",false,,19.90,0.0497,true,1,11104
7290003401642,false,"נטורל קרם לחות לתלתול טבעי נטורל, 400 מ""ל",מיוצר עי אמיליה קוסמ,IL,לחות לתלתול טבעי נטו,,400.00,"100 מ""ל",false,,20.90,0.0522,true,1,11107
7290003411238,false,שמרים יבשים נמסים הנ,ברוגמאן גנט,BE,ברוגמן שמרים יבשים נ,,500.00,100 גרם,false,,14.90,0.0298,true,1,2899
7290003411276,false,עמבה הודית מובחרת הנמל 600ג',טרופיקל דגיל תעשיות,IL,עמבה מובחרת 500 גרם,,500.00,100 גרם,false,,8.90,0.0178,true,1,2900
7290003411696,false,"מרקיות לבן ח""פ הנמל 25 יח'",פלסטכים תורכיה,IL,מרקיות חד פעמי 25 יח,יחידה,0.00,יחידה,false,,6.90,0.0000,true,1,2905
7290003411993,false,גפרורים הנמל 10 יחיד,"איטיליאן פוד, אס.פי.",SE,גפרורים 10 יחידות,יחידה,0.00,יחידה,false,,3.20,0.0000,true,1,2909
7290003414406,false,הרשי ריזס נטיפי אפייה בוטנים 283 גר',ליימן מותגים,,הרשי ריזס נטיפי אפיי,,283.00,100 גרם,false,,16.90,0.0597,true,1,4632
7290003423909,false,חטיף הרשי קוקיס קרם לבן 43 גרם,ליימן מותגים,US,קוקיז אנד קרים 43 גר,,43.00,100 גרם,false,,4.90,0.1140,true,1,4492
7290003427154,false,"שמן זית כתית מעולה מעודן זיתא 750 מ""ל",זיתא – י.ט.ב תעשיות,IL,שמן זית כתית מעולה ז,,750.00,"100 מ""ל",false,,27.90,0.0372,true,1,9457
7290003450602,false,חרדל אמיתי צהוב בקבוק לחיץ 255 גר,היינץ צפון אמריקה מק,US,חרדל אמיתי צהוב בקבו,,255.00,100 גרם,false,,7.90,0.0310,true,1,2035
7290003514007,false,מנה שקדי מרק מנה 400 גרם,מנה Mana,IL,שקדי מרק מנה 400 גרם,,400.00,100 גרם,false,,9.90,0.0248,true,1,8069
7290003521197,false,"ד""ר פישר - סרקל תרסיס מתיר קשרים 340 מ""ל",פישר מעבדות פרמצבטיו,IL,סרקל מתיר קשרים 340,,340.00,"100 מ""ל",false,,24.90,0.0732,true,1,10810
7290003525898,false,סלט טונה שלישיה * 180 ג' וילגיר,,,סלט טונה ויליגר שליש,,480.00,100 גרם,false,,14.90,0.0310,true,1,6033
7290003525904,false,סלט טונה פיקנטי שלישיה * 160 ג',,,סלט טונה פיקנטי וילי,,480.00,100 גרם,false,,14.90,0.0310,true,1,6034
7290003527380,false,דובדובן ללא חרצן 680 ג',,,דובדבן ללא חרצן וילי,,680.00,100 גרם,false,,8.90,0.0131,true,1,6035
7290003578108,false,חתיכות אננס בסירופ קל וילי פוד 850 גרם,טקרנג פינאפל אינדסטר,TH,אננס חתוך ויליפוד 85,,490.00,100 גרם,false,,8.90,0.0182,true,1,1264
7290003578672,false,שמן חמניות מזוכך ויליפוד 1 ל',וילי פוד,TR,שמן חמניות 1 ליטר,ליטרים,1.00,ליטר,false,,11.90,11.9000,true,1,26463
7290003598311,false,מינוט סטייק חלק ריאה 300 ג',בלדי,IL,מינוט סטייק 300 גר'/,,300.00,100 גרם,false,,26.90,0.0897,true,1,13009
7290003643004,false,"אורז בסמטי קלאסי 1 ק""ג סוגת",האי נאם סי או אל.טי.,IL,"סוגת אורז בסמטי 1 ק""",קילוגרמים,1.00,"ק""ג",false,,12.90,12.9000,true,1,6161
7290003643165,false,קורנפלור 500 ג' סוגת,,,קונפלור 500 גרם,,500.00,100 גרם,false,,4.90,0.0098,true,1,6165
7290003643387,false,"סוכר לבן בצנצנת 1 ק""ג סוגת",האי נאם סי או אל.טי.,IL,סוכר לבן בצנצנת סוגת,קילוגרמים,1.00,"ק""ג",false,,9.90,9.9000,true,1,6169
7290003643646,false,"סוכר דמררה קלאסי בצנצנת סוגת 1 ק""ג",האי נאם סי או אל.טי.,IL,סוכר דמררה בצנצנת חו,קילוגרמים,1.00,"ק""ג",false,,12.90,12.9000,true,1,6170
7290003643684,false,אפונה יבשה סוגת 500 גר',האי נאם סי או אל.טי.,IL,אפונה יבשה 500 גרם,,500.00,100 גרם,false,,5.90,0.0118,true,1,6171
7290003643714,false,סוגת חומוס 500 גרם,האי נאם סי או אל.טי.,IL,חומוס 500 גרם,,500.00,100 גרם,false,,7.90,0.0158,true,1,6173
7290003643745,false,סוגת כוסמת 500 גרם,האי נאם סי או אל.טי.,IL,כוסמת 500 גרם,,500.00,100 גרם,false,,6.90,0.0138,true,1,6175
7290003643752,false,עדשים ירוקים יבש סוגת 500 גר',האי נאם סי או אל.טי.,IL,עדשים ירוקות 500 גרם,,500.00,100 גרם,false,,6.90,0.0138,true,1,6176
7290003643769,false,עדשים אדומים יבש סוגת 500 גר',"סוגת תעשיות בע""מ",IL,עדשים אדומות 500 גרם,,500.00,100 גרם,false,,6.90,0.0138,true,1,6177
7290003643776,false,"פופקורן גרעינים סוגת 500 ג' כשל""פ",האי נאם סי או אל.טי.,IL,סוגת פופקורן 500 גרם,,500.00,100 גרם,false,,5.50,0.0110,true,1,6178
7290003643783,false,קוקוס סוגת 100 גרם,האי נאם סי או אל.טי.,IL,קוקוס 100 גר,,100.00,100 גרם,false,,3.90,0.0390,true,1,6179
7290003643806,false,שעועית לבנה יבשה סוגת 500 ג',האי נאם סי או אל.טי.,IL,שעועית לבנה 500 גרם,,500.00,100 גרם,false,,11.90,0.0238,true,1,6180
7290003643813,false,שעועית אדומה יבשה סוגת 500 גר',האי נאם סי או אל.טי.,IL,שעועית אדומה 500 גרם,,500.00,100 גרם,false,,10.90,0.0218,true,1,6181
7290003681334,false,קוקוס טחון 400 גרם ב,מיה,IL,קוקוס 400 גר. בדצ,,400.00,100 גרם,false,,9.90,0.0248,true,1,5413
7290003681716,false,גריסי פנינה מיה 500 גר',"מיה תעשיות מזון בע""מ",IL,גריסי פנינה 500 גרם,,500.00,100 גרם,false,,4.50,0.0090,true,1,5421
7290003706167,false,בצל ירוק ארוז,,,בצל ירוק ארוז,,1.00,יח',false,,5.90,5.9000,true,1,13108
7290003706440,false,בייבי מיקס נספק,,,בייבי מיקס נספק,,1.00,יח',false,,9.90,9.9000,true,1,13109
7290003718610,false,"במיה 400 ג' בית יוסף כשל""פ",,,במיה מוקפאת בלדי 400,,400.00,100 גרם,false,,11.90,0.0298,true,1,34145
7290003718627,false,"פול ירוק 400 ג' בית יוסף כשל""פ",,,פול ירוק בלדי 400 גר,,400.00,100 גרם,false,,11.90,0.0298,true,1,34175
7290003781850,false,גבינת קשקבל פרוסות 200 גרם,וילי פוד,ES,גבינת קשקבל פרוסות 2,,200.00,100 גרם,false,,19.90,0.0995,true,1,18951
7290003804320,false,תיבולית שום ופטרוזיליה 72 ג' קנור,יוניליוור ישראל מזון,IL,תיבוליות שום ופטרוזי,,72.00,100 גרם,false,,7.90,0.1097,true,1,20000
7290003804368,false,"תיבולית בזיליקום בד""ץ 72 ג' קנור",יוניליוור ישראל מזון,IL,תיבולית בזיליקום קנו,,72.00,100 גרם,false,,7.90,0.1097,true,1,3811
7290003864478,false,סרדינים בשמן צמחי ויליפוד 110ג' פתח קל,גולדן פרייז קאנינג א,TH,סרדין בשמן צמחי וילי,,110.00,100 גרם,false,,4.90,0.0445,true,1,1270
7290003864485,false,סרדינים ברוטב עגבנ יות ויליפוד 110ג' פתח קל,גולדן פרייז קאנינג א,TH,סרדינים ברוטב עגבניו,,120.00,100 גרם,false,,4.90,0.0408,true,1,1271
7290003864492,false,סרדינים בשמן צמחי חריף פתח קל ויליפוד 110ג',גולדן פרייז קאנינג א,TH,סרדין בשמן צמחי חריף,,120.00,100 גרם,false,,4.90,0.0408,true,1,1272
7290003882922,false,עלי גפן ממולאים באורז ויליפוד 400ג',הזה פלאקספו פוד קו ב,CN,עלי גפן ממולאים באור,,360.00,100 גרם,false,,8.90,0.0247,true,1,1274
7290003896141,false,חטיף ספרדי פיקנטי אלמנדוס 200 גרם,הדקלאים אגודת שיתופי,IL,אלמנדוס 200 גרם,,200.00,100 גרם,false,,8.90,0.0445,true,1,4633
7290003976607,false,גל אקונומיקה סמיכה לבנדר טאצ' לבנדר 4 ל',,,ג'ל אקונומיקה סמיכה,ליטרים,4.00,ליטר,false,,11.90,2.9750,true,1,13553
7290003976614,false,גל אקונומיקה סמיכה פרחים טאצ' לבנדר 4 ל',,,ג'ל אקונומיקה סמיכה,ליטרים,4.00,ליטר,false,,11.90,2.9750,true,1,13554
7290003989096,false,חציל פיקנטי אחלה 500 גרם,מיוצר עי קונדיטוריית,IL,אחלה חציל פיקנטי 500,,500.00,100 גרם,false,,16.30,0.0326,true,1,9026
7290003989539,false,לורנצו רביולי במילוי גבינה,מיוצר עי קונדיטוריית,IL,EAT GOOD רביולי גבינ,,400.00,100 גרם,false,,16.90,0.0422,true,1,9027
7290003989553,false,"פסטה טורטליני פטריות, 400 גרם",מיוצר עי קונדיטוריית,IL,שטראוס טורטליני פטרי,,400.00,100 גרם,false,,16.90,0.0422,true,1,9028
7290004011338,false,"קצפת מתוקה מכונה 250 מ""ל ריץ'",האי נאם סי או אל.טי.,IT,ריצ קצפת במיכל 250מל,,250.00,"100 מ""ל",false,,8.90,0.0356,true,1,6039
7290004011345,false,"קצפת ריצ` פרווה במיכל 250 מ""ל",האי נאם סי או אל.טי.,IT,קצפת ריץ במיכל פרווה,,238.00,"100 מ""ל",false,,8.90,0.0374,true,1,6040
7290004011819,false,המבורגר ריב אנטריקוט אל גאוצו 360 גרם,האי נאם סי או אל.טי.,IL,אל גאוצו המבורגר ריב,,360.00,100 גרם,false,,21.90,0.0608,true,1,6044
7290004011826,false,מיני המבורגר ריב אנטריקוט,טיבון ויל אחזקות בעמ,IL,אל גאוצ'ו מיני המבור,,320.00,100 גרם,false,,21.90,0.0684,true,1,6045
7290004030018,false,"פריניב מיץ לימון סחוט פרי לתיבול 500 מ""ל",הנסיך- מפעל לייצור ט,IL,מיץ לימון סחוט פרי פ,,500.00,"100 מ""ל",false,,6.80,0.0136,true,1,15932
7290004030216,false,פריניב נקטר חמוציות 1ליטר,פריניב בעמ,IL,פריניב נקטר חמוציות,ליטרים,1.00,ליטר,false,,10.90,10.9000,true,1,15935
7290004030445,false,פריניב סחוט טבעי תפוזים 1ליטר,פריניב בעמ,IL,פרי ניב תפוז סחוט 1ל,ליטרים,1.00,ליטר,false,,13.90,13.9000,true,1,15937
7290004043108,false,חטיף שוקולד MַM אריז,,,M&M עדשי שוקולד 89 ג,,89.00,100 גרם,false,,6.90,0.0775,true,1,7650
7290004048679,false,"קובה למרק שלושת האופים 1 ק""ג",שלושת האופים,IL,קובה למרק 1 קג שלושת,קילוגרמים,1.00,"ק""ג",false,,16.90,16.9000,true,1,62012
7290004063016,false,מלח שולחן מעולה דק 1,האי נאם סי או אל.טי.,IL,"מלח שולחן סלית 1 ק""ג",קילוגרמים,1.00,"ק""ג",false,,1.70,1.7000,true,1,6183
7290004063115,false,"מלח מטבח עבה להמלחת בשר ובישול 1 ק""ג 1ק""ג",האי נאם סי או אל.טי.,IL,מלח מטבח גס לבישול כ,קילוגרמים,1.00,"ק""ג",false,,1.70,1.7000,true,1,6184
7290004064099,false,מטחנה מלח מהרי ההימלאיה 250 ג מלח הארץ,חברת מלח הארץ אילת ב,IL,מטחנה מלח מהרי ההימל,,250.00,100 גרם,false,,13.90,0.0556,true,1,6187
7290004064174,false,"תבלין מלח ההימלאיה דק בצנצנת 1 ק""ג",מלח הארץ אילת,IL,מלח ההימלאיה דק בצנצ,קילוגרמים,1.00,"ק""ג",false,,14.90,14.9000,true,1,6188
7290004064358,false,"מלח דק זורם בקלות מלח הארץ קרטון 1 ק""ג",,IL,מלח דק זורם בקלות בק,קילוגרמים,1.00,"ק""ג",false,,4.90,4.9000,true,1,6195
7290004068035,false,"איירן יוגורט לשתייה 3% גד 500 מ""ל","מיוצר ע""י קוד יצרן M",IL,גד משקה איירן בסגנון,,500.00,100 גרם,false,,8.50,0.0170,true,1,5239
7290004068172,false,"יוגורט עיזים בדלי 5% 600 מ""ל רובין",קוד יצרן MKN,IL,גד יוגורט עיזים 5% 6,,600.00,"100 מ""ל",false,,18.50,0.0308,true,1,5240
7290004078270,false,נוזל כלים פלמוליב צילינדר לימון 1 ליטר,יבואן ומשווק: ש. שסט,GR,פלמוליב לכלים לימון-,יחידה,0.00,יחידה,false,,12.90,0.0000,true,1,8075
7290004102326,false,תרד לא שטוף,,,תרד לא שטוף,,180.00,100 גרם,false,,11.90,0.0661,true,1,13110
7290004119928,false,קרלו מעדן וניל רביעיות גביע 125 1.5%,מחלבת אלון תבור,IL,קרלו וניל 3% 125מל,,125.00,"100 מ""ל",false,,2.90,0.0232,true,1,10012
7290004120061,false,קרלו שוקולד וניל 125,תנובה מרכז שיתופי לש,IL,קרלו שוניל 3% 125מל,,125.00,"100 מ""ל",false,,2.90,0.0232,true,1,10014
7290004120108,false,יופלה דיאט יוגורט דובדבן %0 גביע 150ג',תנובה מרכז שיתופי לש,IL,יופלה דיאט דובדבן 0%,,150.00,"100 מ""ל",false,,5.00,0.0333,true,1,10015
7290004120566,false,גבינה בולגרית פיראוס 24% 250 גרם,תנובה,IL,פיראוס בולגרית 24% 2,,250.00,100 גרם,false,,17.90,0.0716,true,1,10019
7290004120573,false,גבינה בולגרית פיראוס 16% 250 גרם,תנובה מרכז שיתופי לש,IL,פיראוס בולגרית בקר 1,,250.00,100 גרם,false,,17.90,0.0716,true,1,10020
7290004120634,false,גבינה פיראוס בולגרית 5% 250 גרם,תנובה מרכז שיתופי לש,IL,פיראוס בולגרית 5% 25,,250.00,100 גרם,false,,17.90,0.0716,true,1,10021
7290004121488,false,יופלה דיאט אפרסק 0% גביע 150 ג',תנובה מרכז שיתופי לש,IL,יופלה דיאט אפרסק 0%,,150.00,"100 מ""ל",false,,5.00,0.0333,true,1,10023
7290004121525,false,יופלה מאגדת פרי 4 תות 4 אפרסק 3% 8 יח'*150 ג',תנובה מרכז שיתופי לש,IL,יופלה אפרסק תות 3% 8,קילוגרמים,1.20,"ק""ג",false,,31.50,26.2500,true,1,10024
7290004121853,false,גבינה בולגרית פיראוס 5% קוביות 200 גרם,תנובה מרכז שיתופי לש,IL,פיראוס בולגרית בקובי,,200.00,100 גרם,false,,19.90,0.0995,true,1,10027
7290004122119,false,פתיתי פרמזן לפסטה %23 100 ג' השף הלבן,פ.פ.ח. שאביט,IL,שף לבן פתיתי פרמזן ל,,100.00,100 גרם,false,,10.90,0.1090,true,1,10028
7290004122195,false,"גבינת גוש חלב פרוס 28%, כשרות מהדרין, 200 ג'",תנובה,IL,גוש חלב פרוס 28% 200,,200.00,100 גרם,false,,13.50,0.0675,true,1,10029
7290004122270,false,גבינה צהובה פרוס בקופסא %28 200 ג' עמק,תנובה מרכז שיתופי לש,IL,עמק פרוס סגירה חוזרת,,200.00,100 גרם,false,,16.70,0.0835,true,1,10030
7290004122348,false,גבינת עמק לייט פרוס בקופסא 200 גרם,תנובה מרכז שיתופי לש,IL,עמק לייט 9% 200ג,,200.00,100 גרם,false,,17.70,0.0885,true,1,10031
7290004122676,false,גבינת חמד לייט 5% פיראוס 250 ג',"תנובה,מחלבת טנא נוגה",IL,פיראוס חמד לייט 5% 2,,250.00,100 גרם,false,,18.90,0.0756,true,1,10032
7290004122683,false,חטיף גבינת אצבעות 28% 172 ג' עמק,תנובה מרכז שיתופי לש,IL,עמק אצבעות 172ג,,172.00,100 גרם,false,,16.70,0.0971,true,1,10033
7290004124205,false,יוגורט דיאט תות %0 שומן 150 ג' יופלה,תנובה מרכז שיתופי לש,IL,יופלה דיאט תות 0% 15,,150.00,"100 מ""ל",false,,5.00,0.0333,true,1,10034
7290004124847,false,"קצפת צמחית השף הלבן 500 מ""ל תנובה",תנובה מרכז שיתופי לש,IL,שף לבן קצפת צמחית 24,,500.00,"100 מ""ל",false,,14.90,0.0298,true,1,10035
7290004125370,false,"שמנת חמוצה מופחתת שומן 9% 200 מ""ל",תנובה מרכז שיתופי לש,IL,תנובה שמנת מופחתת 9%,,200.00,"100 מ""ל",false,,3.90,0.0195,true,1,10036
7290004125400,false,"שלי אשל 4.5% תנובה 200מ""ל מהדרין",פארייפאבה אגרואינדוס,IL,"אשל 4.5% בד""צ מהדרין",,200.00,"100 מ""ל",false,,1.65,0.0082,true,1,10037
7290004125417,false,"שלי גיל 3% תנובה 200מ""ל מהדרין",תנובה מרכז שיתופי לש,IL,"גיל 3% בד""צ מהדרין",,200.00,"100 מ""ל",false,,1.51,0.0076,true,1,10038
7290004125455,false,**תנובה שמנת אורגינל מהדרין 15% 200מל,תנובה מרכז שיתופי לש,IL,תנובה שמנת אורגינל מ,,200.00,"100 מ""ל",false,,2.40,0.0120,true,1,10039
7290004125462,false,"שמנת אורגינל 15% מהדרין 500 מ""ל",תנובה מרכז שיתופי לש,IL,תנובה שמנת חמוצה 15%,,500.00,"100 מ""ל",false,,6.00,0.0120,true,1,10040
7290004125509,false,"שמנת 15% חצי מנה 100 מ""ל תנובה",תנובה מרכז שיתופי לש,IL,תנובה שמנת חצי מנה 1,,100.00,"100 מ""ל",false,,1.80,0.0180,true,1,10041
7290004125578,false,משקה סויה מעושר בסידן תנובה 1ל',תנובה מרכז שיתופי לש,IL,משקה סויה תנובה מועש,ליטרים,1.00,ליטר,false,,10.40,10.4000,true,1,10042
7290004125585,false,משקה סויה וניל תנובה E אלטרנטיב,תנובה מרכז שיתופי לש,IL,סויה תנובה משקה סויה,ליטרים,1.00,ליטר,false,,10.40,10.4000,true,1,10043
7290004125721,false,"שמנת לבישול 15% שומן 250 מ""ל תנובה",תנובה מרכז שיתופי לש,IL,שף לבן שמנת לבישול 1,,250.00,"100 מ""ל",false,,8.40,0.0336,true,1,10044
7290004125738,false,שמנת מתוקה להקצפה32% 250מל עמיד השף הלבן,תנובה מרכז שיתופי לש,IL,שף לבן שמנת להקצפה 3,,250.00,"100 מ""ל",false,,6.80,0.0272,true,1,10045
7290004125776,false,גבינה צהובה עמק 28% 400 גרם בקופסא,תנובה,IL,עמק גבינה קשה פרוסה,,400.00,100 גרם,false,,29.50,0.0738,true,1,10046
7290004126674,false,פרוסות גבינה חצי קשה 9% שומן 200 ג' עמק,תנובה מרכז שיתופי לש,IL,עמק טל לייט 9% 200ג,,200.00,100 גרם,false,,19.40,0.0970,true,1,10047
7290004126872,false,משקאות חלב תנובה שוקו בקבוק 250מל,תנובה,IL,משקאות חלב תנובה שוק,,250.00,"100 מ""ל",false,,5.30,0.0212,true,1,10049
7290004127329,false,קוטג' 5% תנובה 250ג' מהדרין,מיוצר עי קונדיטוריית,IL,קוטג' 5% תנובה מהדרי,,250.00,100 גרם,false,,5.50,0.0220,true,1,10051
7290004127336,false,קוטג' 9% תנובה 250 ג' הדרין,מיוצר עי קונדיטוריית,IL,קוטג' תנובה מהדרין 9,,250.00,100 גרם,false,,5.50,0.0220,true,1,10052
7290004127800,false,גבינה לבנה 5% שומן 500 ג' תנובה,מיוצר עי קונדיטוריית,IL,תנובה גבינה לבנה 5%,,500.00,100 גרם,false,,9.90,0.0198,true,1,10053
7290004127817,false,גבינה לבנה 9% שומן 500 ג' תנובה,מיוצר עי קונדיטוריית,IL,תנובה גבינה לבנה 9%,,500.00,100 גרם,false,,9.30,0.0186,true,1,10054
7290004127862,false,**תנובה גבינה למריחה מהדרין 5% 750ג,תנובה מרכז שיתופי לש,IL,תנובה גבינה למריחה מ,,750.00,100 גרם,false,,14.70,0.0196,true,1,10055
7290004128333,false,לאבנה על בסיס יוגורט %9 שומן 500 ג' פיראוס,תנובה,IL,פיראוס לאבנה גביע %9,,500.00,100 גרם,false,,18.90,0.0378,true,1,10057
7290004128432,false,פתיתים מיוחדים לפיצה על בסיס גבינה 500 ג',תנובה,IL,שף לבן פתיתי גבינה מ,,500.00,100 גרם,false,,21.90,0.0438,true,1,10060
7290004129101,false,גבינת שמנת 25% בטעם טבעי 225 ג' נפוליאון,תנובה מרכז שיתופי לש,IL,נפוליאון בטעם טבעי 2,,225.00,100 גרם,false,,12.90,0.0573,true,1,10061
7290004129118,false,גבינת שמנת 24% עם זיתים ירוקים 225 ג' נפוליאון,תנובה מרכז שיתופי לש,IL,נפוליאון בטעם זיתים,,225.00,100 גרם,false,,12.90,0.0573,true,1,10062
7290004129156,false,גבינת שמנת25% עם שום שמיר 225 ג' נפוליאון,תנובה מרכז שיתופי לש,IL,נפוליאון שום שמיר 25,,225.00,100 גרם,false,,12.90,0.0573,true,1,10063
7290004129736,false,יוגורט במתיקות מעודנת 1.5% שומן 200 ג' יופלה,תנובה מרכז שיתופי לש,IL,יופלה קרם יוגרט מעוד,,200.00,"100 מ""ל",false,,4.20,0.0210,true,1,10065
7290004129767,false,יופלה לבן טבעי מאגדת 3% 8*150מל,מחלבת אלון תבור,IL,יופלה לבן מאגדת 3% 8,קילוגרמים,1.20,"ק""ג",false,,18.50,15.4167,true,1,10066
7290004130794,false,משקה סויה טבעי במתיקות מופחתת 1 ליטר,תנובה מרכז שיתופי לש,IL,סויה תנובה טבעי במתי,ליטרים,1.00,ליטר,false,,10.50,10.5000,true,1,10068
7290004130916,false,יוגורט 3% פירות יער בשמנת 150 ג' יופלה,תנובה מרכז שיתופי לש,IL,יופלה בטעם פירות יער,,150.00,100 גרם,false,,5.20,0.0347,true,1,10069
7290004131074,false,**חלב תנובה טרי מהדרין קרטון 3% 1ל,תנובה מרכז שיתופי לש,IL,חלב תנובה הומוגני מה,ליטרים,1.00,ליטר,false,,6.20,6.2000,true,1,10070
7290004131432,false,יוגורט ביו 3% שומן 200 ג' יופלה,מיוצר עי קונדיטוריית,IL,יופלה לבן 3% 200מל,,200.00,"100 מ""ל",false,,3.70,0.0185,true,1,10072
7290004131456,false,יוגורט ביו 1.5% שומן 200 ג' יופלה,מיוצר עי קונדיטוריית,IL,יופלה לבן 1.5% 200מל,,200.00,"100 מ""ל",false,,3.70,0.0185,true,1,10073
7290004131531,false,משקאות חלב תנובה שוקו בקבוק 1ל,תנובה מרכז שיתופי לש,IL,משקה חלב תנובה שוקו,ליטרים,1.00,ליטר,false,,12.50,12.5000,true,1,10074
7290004131814,false,גבינה צפתית 5% מעודנת 200 ג' פיראוס,פארייפאבה אגרואינדוס,IL,פיראוס צפתית מעודנת,,200.00,100 גרם,false,,14.60,0.0730,true,1,10075
7290004132552,false,משקה סויה לייט בטעם טבעי טרי 1 ליטר,תנובה מרכז שיתופי לש,IL,סויה תנובה לייט בטעם,ליטרים,1.00,ליטר,false,,10.50,10.5000,true,1,10077
7290004132712,false,חטיף אצבעות גבינת מוצרלה 20% 172 ג' עמק,תנובה מרכז שיתופי לש,IL,עמק אצבעות מוצרלה 20,,174.00,100 גרם,false,,16.70,0.0960,true,1,10079
7290004133511,false,יופלה מאגדת לבן 1.5% מעודן 8 יח' * 150 ג',מיוצר עי קונדיטוריית,IL,יופלה לבן מעודן 1.5%,ליטרים,1.20,ליטר,false,,21.50,17.9167,true,1,10082
7290004135058,false,מאגדת קרלו מיני שוקולד 8 יח' * 100 ג',תנובה מרכז שיתופי לש,IL,קרלו מהדרין מיני שוק,,800.00,"100 מ""ל",false,,13.20,0.0165,true,1,10086
7290004135225,false,מעדן תנובה דיאט שוקולדה 0% 150 גרם,תנובה מרכז שיתופי לש,IL,מעדן תנובה דיאט שוקו,,150.00,"100 מ""ל",false,,3.80,0.0253,true,1,10089
7290004135614,false,גבינה בולגרית מעודנת 5% 250 ג' פיראוס,תנובה,IL,פיראוס בולגרית מעודנ,,250.00,100 גרם,false,,21.90,0.0876,true,1,10090
7290004136598,false,מארז הפסקת אוכל עם קורנפלקס ומשקה חלב עמיד בטעם וניל,פארייפאבה אגרואינדוס,IL,מארז הפסקת אוכל חלב,,150.00,100 גרם,false,,9.30,0.0620,true,1,10092
7290004136857,false,גלי פטל תנובה 125 גר,תנובה מרכז שיתופי לש,IL,ג'לי תנובה פטל 125מל,,125.00,"100 מ""ל",false,,2.20,0.0176,true,1,10093
7290004136864,false,ג'לי תנובה אננס עם חתיכות אננס 125מל,סוי מג'יק,IL,ג'לי תנובה אננס עם ח,,125.00,"100 מ""ל",false,,2.60,0.0208,true,1,10094
7290004136871,false,ג'לי תנובה אפרסק עם חתיכות אפרסק 125מל,תנובה מרכז שיתופי לש,IL,ג'לי תנובה אפרסק עם,,125.00,"100 מ""ל",false,,2.60,0.0208,true,1,10095
7290004137021,false,"שמנת לבישול 10% עמיד השף הלבן 250 מ""ל",תנובה מרכז שיתופי לש,IL,שף לבן שמנת לבישול 1,,250.00,"100 מ""ל",false,,8.40,0.0336,true,1,10096
7290004137311,false,עמק לייט משפחתית 9% 400ג-ועדת מהדרין,תנובה,IL,עמק לייט משפחתית 9%,,400.00,100 גרם,false,,31.50,0.0788,true,1,10097
7290004137809,false,פיראוס לאבנה 5% גביע 250 גרם,"תנובה, מחלבת אלון תב",IL,פיראוס לאבנה 5% 250ג,,250.00,100 גרם,false,,11.90,0.0476,true,1,10098
7290004199777,false,צימרוני אוז' פל' בכוס 300 יח',,,צימרוני אוזניים כוטו,יחידה,0.00,יחידה,false,,7.90,0.0000,true,1,391
7290004199807,false,כפפות L לטקס עם איבוק עדין 100 יח- SAFE TOUCH,T.G. Sdn,TH,כפפות לאטקס סייף טאצ,יחידה,0.00,יחידה,false,,18.90,0.0000,true,1,394
7290004230333,false,"מקלות בורקס פילו תפו""א שגב 600 גר",האי נאם סי או אל.טי.,IL,שגב מקלות בורקס פילו,,600.00,100 גרם,false,,21.90,0.0365,true,1,6051
7290004230364,false,שגב מקלות בורקס פילו גבינה צרפתי 600 גר,שגמור,IL,שגב מקלות בורקס פילו,,600.00,100 גרם,false,,20.90,0.0348,true,1,6054
7290004230371,false,מקלות בורקס פילו פיצה 600 גרם לנדא,שגמור,IL,שלושת האופים מקלות ב,,600.00,100 גרם,false,,21.90,0.0365,true,1,6055
7290004537241,false,אפונת גינה שדה בשקית,בסט מייסטר,IL,אפונת גינה קפואה 800,,800.00,100 גרם,false,,13.90,0.0174,true,1,17188
7290004537326,false,לקט ירקות מעורבים קפ,,,לקט ירקות העונה 800,,800.00,100 גרם,false,,13.90,0.0174,true,1,17195
7290004537333,false,חומוס גרגירים 800 גר,,,חומוס גרגירים 800 גר,,800.00,100 גרם,false,,13.90,0.0174,true,1,17196
7290004584306,false,רבעיית גמדים בטעם תות בננה * 100 ג' שטראוס,מיוצר עי קונדיטוריית,IL,גמדים תות בננה 4*100,,400.00,"100 מ""ל",false,,11.40,0.0285,true,1,9029
7290004584351,false,גבינה לבנה סימפוניה עם תוספות 200 ג' חמישית 200,"שטראוס בריאות בע""מ",IL,סימפוניה חמישית 200ג,,200.00,100 גרם,false,,10.90,0.0545,true,1,9030
7290004584528,false,יוגורט דנונה ביו טבעי 1.7% 200 גרם,מיוצר עי קונדיטוריית,IL,דנונה יוגורט טבעי 1.,,200.00,"100 מ""ל",false,,3.70,0.0185,true,1,9031
7290004585907,false,דני ועדן וניל 1.5% 125ג' שטראוס,מיוצר עי קונדיטוריית,IL,דני וניל מהדרין 130מ,,130.00,"100 מ""ל",false,,2.80,0.0215,true,1,9032
7290004603175,false,מלח הארץ מלחייה גס 500 גרם,תעשיות מלח לישראל,IL,מלח ים האדום גס הארץ,,500.00,100 גרם,false,,7.90,0.0158,true,1,6197
7290004639006,false,סולטנה קוסקוס טוניסא,מטעמי פאר,IL,קוסקוס ביתי קפוא,,800.00,100 גרם,false,,14.90,0.0186,true,1,17199
7290004731076,false,אל סבון אלוורה כיף 1 ל',טרופיקל דגיל תעשיות,IL,אלסבון אלוורה כיף 1,ליטרים,1.00,ליטר,false,,10.90,10.9000,true,1,11110
7290004731083,false,כיף - סבון ידיים ג'ינסנג 1 ליטר,טרופיקל דגיל תעשיות,IL,אלסבון ג'נסנג כיף 1,ליטרים,1.00,ליטר,false,,10.90,10.9000,true,1,11111
7290004762056,false,שקדי מרק חטיפים מן ה,,,שקדי מרק חטיפים מן ה,,400.00,100 גרם,false,,9.90,0.0248,true,1,65806
7290004762827,false,"קרוטונים למרק בטעם שום בצל, 250 גרם",,,קרוטונים למרק שקית,,250.00,100 גרם,false,,9.90,0.0396,true,1,65876
7290005040993,false,ערמונים קלויים קלופי,אראל תוצרת חקלאית בע,IL,ערמונים קלויים קלופי,,1.00,יח',false,,4.90,4.9000,true,1,18019
7290005095269,false,נרות חימום 50 יח' שק,,,נרות חימום 50 יח' שק,,500.00,100 גרם,false,,9.90,0.0198,true,1,65801
7290005113222,false,זיתים קוקטייל וגמבה יבנה 350ג',קבוצת יבנה,IL,זיתים מיקס יבנה 540,,340.00,100 גרם,false,,9.90,0.0291,true,1,17662
7290005174513,false,חציל במיונז 500 ג' אחלה,מיוצר עי קונדיטוריית,IL,חציל במיונז אחלה 500,,500.00,100 גרם,false,,15.90,0.0318,true,1,9033
7290005174551,false,סלט חומוס עם צנוברים 125 ג' אחלה,מיוצר עי קונדיטוריית,IL,אחלה חומוס 125ג,,125.00,100 גרם,false,,4.70,0.0376,true,1,9034
7290005197758,false,עוגיות חיוכים שוקו שוקו 150ג',אפיפית נצרת תעשיות ב,IL,חיוכים של שוקו,,150.00,100 גרם,false,,4.90,0.0327,true,1,8530
7290005200786,false,תפוצ'יפס שמנת ובצל 50 גרם,"שטראוס פריטו ליי בע""",IL,תפוציפס שמנת ובצל 50,,50.00,100 גרם,false,,3.50,0.0700,true,1,9300
7290005201882,false,קפה טורקי עלית 200 גרם,הנסיך- מפעל לייצור ט,IL,טורקי עלית 200 גר',,200.00,100 גרם,false,,14.90,0.0745,true,1,8538
7290005287206,false,טונה סטארקיסט בשמן רביעיות 4*160 גר,"סטארקיסט פודור בע""מ",IL,טונה בשמן סטארקיסט ר,,640.00,100 גרם,false,,24.90,0.0389,true,1,10335
7290005287213,false,"טונה סטארקיסט בשמן רביעייה בד""צ",,,טונה בשמן סטארקיסט ב,,640.00,100 גרם,false,,24.90,0.0389,true,1,10336
7290005287251,false,טונה סטארקיסט במים רביעיות 4*160 גר,"סטארקיסט פודור בע""מ",IL,טונה במים סטארקיסט ר,,640.00,100 גרם,false,,24.90,0.0389,true,1,10337
7290005384851,false,וילי פוד מיץ לימון בדץ 200מל,יורופוד,IT,מיץ לימון משומר וילי,,200.00,"100 מ""ל",false,,2.90,0.0145,true,1,1282
7290005403972,false,תחתיות ארטישוק 400 ג,,,תחתיות ארטישוק 400 ג,,400.00,100 גרם,false,,16.50,0.0413,true,1,17201
7290005403989,false,במיה קפואה 600 גרם ש,,,במיה קפואה 600 גרם ש,,600.00,100 גרם,false,,11.90,0.0198,true,1,17202
7290005423253,false,"סנו - מקסימה מרסס למייבש כביסה אולטרה פרש 750 מ""ל","סנו מפעלי ברונוס בע""",IL,סנו מקסימה למייבש או,,750.00,"100 מ""ל",false,,14.90,0.0199,true,1,11128
7290005423635,false,ריצפז נוזל לניקוי רצפות דוחה חרקים 2 ל',מיוצר עי קונדיטוריית,IL,נוזל לניקוי רצפות דו,ליטרים,2.00,ליטר,false,,17.90,8.9500,true,1,11137
7290005423734,false,סנו - מקסימה מרכך כביסה אולטרה פרש 4 ליטר,"סנו מפעלי ברונוס בע""",IL,מרכך כביסה סנו מקסימ,ליטרים,4.00,ליטר,false,,21.90,5.4750,true,1,11138
7290005423833,false,סנו פוליויקס פרקט 2 ליטר,"סנו מפעלי ברונוס בע""",IL,סנו פוליויקס פרקט 2,ליטרים,2.00,ליטר,false,,21.90,10.9500,true,1,11139
7290005423871,false,אורביטול שלשות משחת שיניים מנטול מרכז,טרופיקל דגיל קוסמטיק,IL,משחת שיניים אורביטול,,435.00,100 גרם,false,,15.90,0.0366,true,1,11140
7290005423918,false,סנו - מקסימה מרכך כביסה היפואלרגני אלוורה 4 ליטר,"סנו מפעלי ברונוס בע""",IL,מרכך כביסה סנו מקסימ,ליטרים,4.00,ליטר,false,,21.90,5.4750,true,1,11142
7290005424113,false,מטליות רצפה 4 יח' סנו סושי,עופרטקס,IL,סנו סושי מטליות רצפה,יחידה,0.00,יחידה,false,,12.90,0.0000,true,1,11144
7290005424403,false,"אל סבון כיף אצות ים קטיפתי 1ליטר,",טרופיקל דגיל תעשיות,IL,אל סבון אצות ים כיף,ליטרים,1.00,ליטר,false,,10.90,10.9000,true,1,11146
7290005424700,false,סנו - פורטה פלוס מרסס מסיר שומנים 1 ליטר,סנו,IL,פורטה פלוס - קצף ברי,,1.00,"100 מ""ל",false,,17.90,17.9000,true,1,11149
7290005424847,false,מפיות סנו סושי לבן לאירוח 150יח',מיוצר עי קונדיטוריית,TR,סנו סופט מפיות 30*30,יחידה,0.00,יחידה,false,,8.90,0.0000,true,1,11154
7290005425196,false,"סנו לכביסה מקסימה סנסיטיב 2.5 ק""ג",מיוצר עי קונדיטוריית,IL,אבקת כביסה סנו מקסימ,קילוגרמים,2.50,"ק""ג",false,,22.90,9.1600,true,1,11161
7290005425202,false,אבקת כביסה ביו מקסימה לכתמים קשים,"סנו מפעלי ברונוס בע""",IL,אבקת כביסה סנו מקסימ,קילוגרמים,2.50,"ק""ג",false,,22.90,9.1600,true,1,11162
7290005425646,false,סנו קליר ספריי אקדח לניקוי והברקת חלונות 1ל',"סנו מפעלי ברונוס בע""",IL,סנוקליר נוזל רב תכלי,יחידה,0.00,יחידה,false,,9.90,0.0000,true,1,11163
7290005426964,false,סנובון כחול בריח אפרסק 3 יח' * 55 ג',סנו,IL,סנובון כחול שלישיה ב,,165.00,100 גרם,false,,14.90,0.0903,true,1,11179
7290005427756,false,אלסבון כיף 2 ליטר אלוורה,קוסמופארם,IL,אלסבון אלוורה כיף 2,ליטרים,2.00,ליטר,false,,20.90,10.4500,true,1,11188
7290005427985,false,"קרמה תחליב רחצה לפנים בתוספת גרגירי פילינג 180 מ""ל",גוד פוד פרודקטס S.p,IL,תחליב רחצה לפנים בתו,,180.00,"100 מ""ל",false,,12.90,0.0717,true,1,11193
7290005429279,false,סנו מקסימה קומפקט קומפקט אפקט גאוול 6 ק,סנו,IL,אבקת כביסה סנו מקסימ,קילוגרמים,6.00,"ק""ג",false,,44.90,7.4833,true,1,11197
7290005429286,false,"אבקת כביסה מקסימה ביו 6 ק""ג סנו",סנו,IL,אבקת כביסה סנו מקסימ,קילוגרמים,6.00,"ק""ג",false,,44.90,7.4833,true,1,11198
7290005430602,false,סנו אוקסיגן מסיר כתמים קשים מרסס 750 מל,"סנו מפעלי ברונוס בע""",IL,סנו אוקסיג'ן מסיר כת,,750.00,"100 מ""ל",false,,17.90,0.0239,true,1,11199
7290005431883,false,עדן מלבי חלבי 165 גר,עדן קינוחים Eden,IL,עדן מלבי חלבי 165 גר,,165.00,100 גרם,false,,7.20,0.0436,true,1,10100
7290005431906,false,עדן קדאיף 82 גרם,עדן קינוחים Eden,IL,עדן קדאיף 82 גרם,,82.00,100 גרם,false,,7.20,0.0878,true,1,10102
7290005431913,false,עוגת גבינה פירורים 92 גרם.,עדן קינוחים Eden,IL,קינוחי עדן עוגת גבינ,,92.00,100 גרם,false,,7.20,0.0783,true,1,10103
7290005431920,false,עוגת גבינה פירורים ללא תוספת סוכר,עדן קינוחים Eden,IL,עדן עוגת גבינה פירור,,78.00,100 גרם,false,,7.20,0.0923,true,1,10104
7290005431937,false,עוגת טירימיסו 82 גרם,עדן קינוחים Eden,IL,עדן טירמיסו 82 גרם,,82.00,100 גרם,false,,7.20,0.0878,true,1,10105
7290005559587,false,מאפה נקניקיה בבצק מעדנות 800ג',מיוצר עי קונדיטוריית,IL,מאפה נקניקיות 800גר,,800.00,100 גרם,false,,28.90,0.0361,true,1,13153
7290005559709,false,בורקס פיצה מעדנות 700 ג',"מעדנות בע""מ",IL,בורקס פיצה 700 גרם,,700.00,100 גרם,false,,25.90,0.0370,true,1,13154
7290005559907,false,פיצה משפחתית גבינה מעדנות 500 גר,מיוצר עי קונדיטוריית,IL,פיצה משפחתית גבינה 5,,500.00,100 גרם,false,,15.90,0.0318,true,1,13155
7290005559914,false,פיצה משפחתית זיתים מעדנות 550 גר,מיוצר עי קונדיטוריית,IL,פיצה משפחתית זיתים 5,,550.00,100 גרם,false,,15.90,0.0289,true,1,13156
7290005559990,false,בצק פילאס תורכי מעדנות 600 גרם,מיוצר עי קונדיטוריית,IL,בצק פילאס תורכי מעדנ,,600.00,100 גרם,false,,22.90,0.0382,true,1,13157
7290005591761,false,דבש טהור מפרחי בר בלחיץ 400 ג' יד מרדכי,מכוורת יד מרדכי שטרא,IL,דבש טהור מפרחי בר בל,,400.00,100 גרם,false,,19.90,0.0497,true,1,8539
7290005610011,false,תפוחי אדמה אדום ארוז,,,תפו`א אדום דוד משה,קילוגרמים,1.00,"ק""ג",true,,5.90,5.9000,true,1,18009
7290005610127,false,תפוח אדמה לבן דוד משה,אראל תוצרת חקלאית בע,IL,תפו`א גורמה לבן דוד,קילוגרמים,1.00,"ק""ג",true,,6.90,6.9000,true,1,18011
7290005610196,false,תפוח אדמה בייבי גורמ,אראל תוצרת חקלאית בע,IL,תפו`א בייבי גורמה,קילוגרמים,1.00,"ק""ג",true,,6.90,6.9000,true,1,18012
7290005838002,false,מעדן גבינה ויוגורט בטעם וניל 88 ג' דניאלה,"שטראוס בריאות בע""מ",IL,דניאלה מעדן גבינה 15,,150.00,"100 מ""ל",false,,3.90,0.0260,true,1,9038
7290005838613,false,שטראוס גבינת וניל 3% 125ג,"שטראוס בריאות בע""מ",IL,גבינה וניל 3% סקי 12,,125.00,100 גרם,false,,3.90,0.0312,true,1,9039
7290005838972,false,גבינת יום יום 5% שטראוס 125ג',מיוצר עי קונדיטוריית,IL,גבינת יום יום 5% סקי,,125.00,100 גרם,false,,3.20,0.0256,true,1,9040
7290005839078,false,"דנונה יוגורט ביו 3% לבן מארז 150X8מ""ל",מיוצר עי קונדיטוריית,IL,דנונה ביו מארז חסכון,קילוגרמים,1.20,"ק""ג",false,,16.90,14.0833,true,1,9041
7290005839108,false,גבינה לבנה סימפוניה עם תוספות 200 ג'+זיתים 5%,"שטראוס בריאות בע""מ",IL,סימפוניה עם זיתים 5%,,200.00,100 גרם,false,,10.90,0.0545,true,1,9042
7290005839313,false,"מילקי טופ שוקולד מגולגל 170 מ""ל",מיוצר עי קונדיטוריית,IL,מילקי טופ מגולגלת 14,,142.00,"100 מ""ל",false,,4.80,0.0338,true,1,9043
7290005896460,false,"בירה איגל לאגר חזקה 7.8% 500 מ""ל פחית",טמפו,IL,איגל בירה חזקה 7.8%,,500.00,"100 מ""ל",false,,5.90,0.0118,true,1,3443
7290005896620,false,מים מוגז ' סאן בנדטו ' יחידה,אקווה מינרלה סאן בנד,IT,סאן בנדטו מים מינרלי,ליטרים,1.50,ליטר,false,,4.50,3.0000,true,1,3444
7290005901348,false,קבב כבש מעדני המנגל,,,קבב כבש מעדני המנגל,,400.00,100 גרם,false,,12.90,0.0323,true,1,17203
7290005901386,false,קבב טלה וצנובר טעים,,,קבב טלה וצנובר טעים,,500.00,100 גרם,false,,28.90,0.0578,true,1,17207
7290005901393,false,"""טעים טעים"" נקניקיות",,,"""טעים טעים"" נקניקיות",,500.00,100 גרם,false,,28.90,0.0578,true,1,17208
7290005901423,false,קבב קציצות ביתי טעים,,,קבב קציצות ביתי טעים,,500.00,100 גרם,false,,28.90,0.0578,true,1,17211
7290005901454,false,סטייק מינוט טעים טעי,,,סטייק מינוט טעים טעי,,300.00,100 גרם,false,,35.90,0.1197,true,1,17214
7290005938245,false,ממרח פסטו קלאסי פרסקו 220ג' מצונן,מיוצר עי פרסקו חצבה,IL,פרסקו ממרח מצונן פסט,,220.00,100 גרם,false,,17.90,0.0814,true,1,6061
7290005966033,false,"יין הר חרמון לבן 750 מ""ל",יקב רמת הגולן,IL,יקבי רמת הגולן הר חר,,750.00,"100 מ""ל",false,,31.90,0.0425,true,1,14173
7290005992018,false,יוגורט עיזים 3% שומן 500 ג' גד,"מיוצר ע""י קוד יצרן M",IL,גד יוגורט עיזים 3% 5,,500.00,"100 מ""ל",false,,13.40,0.0268,true,1,5241
7290005992575,false,בולגרית למריחה 5% 250 גרם - רבנות,מחלבות גד בעמ,IL,גד בולגרית למריחה 5%,,250.00,100 גרם,false,,17.00,0.0680,true,1,5242
7290005992735,false,לאבנה טבעית 5% 250 גר' - רבנות,הנסיך- מפעל לייצור ט,IL,גד לאבנה 5% 250ג,,250.00,100 גרם,false,,13.50,0.0540,true,1,5243
7290005996221,false,פסטרמה של פעם דק דק 120 גרם,מעדני יחיעם,IL,פסטרמה של פעם דק דק,,120.00,100 גרם,false,,12.90,0.1075,true,1,5702
7290005996238,false,פסטרמה בדבש דק דק 120 גרם,מעדני יחיעם,IL,פסטרמה בדבש דק דק יח,,120.00,100 גרם,false,,12.90,0.1075,true,1,5703
7290006065049,false,בלו פיש פילה באס יפני 5-7 (לברק),,IL,פילה באס יפני 7-9 20,קילוגרמים,1.00,"ק""ג",true,,41.90,41.9000,true,1,28283
7290006065179,false,סטייק טונה קפוא בואק,,,סטייק טונה קפוא בואק,קילוגרמים,1.00,"ק""ג",true,,39.90,39.9000,true,1,28284
7290006065391,false,פילה דג נסיכת הנילו,,,פילה דג נסיכת הנילו,קילוגרמים,1.00,"ק""ג",true,,43.90,43.9000,true,1,28290
7290006065407,false,נתחי פילה נסיכת הני,,,נתחי פילה נסיכת הני,קילוגרמים,1.00,"ק""ג",true,,46.90,46.9000,true,1,28291
7290006065599,false,פילה בקלה מרלוזה ארג,,,פילה בקלה מרלוזה ארג,קילוגרמים,1.00,"ק""ג",true,,37.90,37.9000,true,1,28293
7290006185501,false,"פנינה רוזנבלום -אל סבון נוזלי ורוד,1 ליטר",סאסא קוסמטיקס,IL,אל סבון נוזלי ורוד פ,יחידה,0.00,יחידה,false,,8.90,0.0000,true,1,6489
7290006185518,false,פנינה אל סבון נוזלי כחול פנינה 1 ל',סאסא קוסמטיקס,IL,אל סבון נוזלי כחול פ,יחידה,0.00,יחידה,false,,8.90,0.0000,true,1,6490
7290006199027,false,מאגדת גלידל וניל מצופה סורבה תות שדה [8],הגלידות של פלדמן,IL,גלידל מאגדת בטעם תות,,600.00,100 גרם,false,,29.90,0.0498,true,1,13230
7290006199218,false,מאגדת גלידל אייס מוקה 8 יח דיאט,הגלידות של פלדמן,IL,גלידל מאגדת בטעם איי,,400.00,100 גרם,false,,29.90,0.0747,true,1,13231
7290006229427,false,שישיית מים מינרלים סאן בנדטו 500 מל,טמפו 7.5%,,"סאן בנדטו 6*500 מ""ל",ליטרים,3.00,ליטר,false,,13.90,4.6333,true,1,3447
7290006229588,false,בירה איגל לאגר פרימיום חזקה 6.3% 500 מל,"טמפו משקאות בע""מ",IL,איגל בירה פחית זהב 5,,500.00,"100 מ""ל",false,,5.50,0.0110,true,1,3448
7290006251107,false,תה ויסוצקי צ'אי מסאלה 25 יח',מולינו ניקולי s.p.a,IL,תה מסאלה ויסוצקי 2/2,,50.00,100 גרם,false,,18.90,0.3780,true,1,9467
7290006251275,false,תה ירוק סיני 25 שקיקים של 1.5 ג,HIQ FOOD PRODUCTS,IL,תה ירוק סיני,,37.50,100 גרם,false,,22.90,0.6107,true,1,9469
7290006251343,false,תה חליטה הגן הקסום פסיפלורה מנגו 25 שקיקים,HIQ FOOD PRODUCTS,IL,תה חליטה הגן הקסום פ,,62.50,100 גרם,false,,17.90,0.2864,true,1,9470
7290006251374,false,תה ירוק לימונית וגינגר 25 שקיקים ויסוצקי,ויסוצקי,IL,תה ירוק לימונית וג'י,,25.00,100 גרם,false,,22.90,0.9160,true,1,9471
7290006251589,false,תה ירוק עם עלי נענע 50 שקיקים ויסוצקי,בית ויסוצקי,IL,תה ירוק עם עלי נענע,,75.00,100 גרם,false,,39.90,0.5320,true,1,9472
7290006265548,false,נבטים סינים מרינה ארוז 360ג',"מרינה פטריות הגליל בע""מ",IL,נבטים סינים,,1.00,יח',false,,5.90,5.9000,true,1,14123
7290006271181,false,מעדנות גחנון אפוי 750 גרם,מיוצר עי קונדיטוריית,IL,מעדנות גחנון אפוי 75,,750.00,100 גרם,false,,23.90,0.0319,true,1,13159
7290006271648,false,"מיני בורקס תפו""א מוזל מעדנות","מעדנות בע""מ",IL,מיני בורקס תפו`א 800,,800.00,100 גרם,false,,22.90,0.0286,true,1,13160
7290006271655,false,מיני בורקס גבינה מוזל מעדנות,מיוצר עי קונדיטוריית,IL,מיני בורקס גבינה 800,,800.00,100 גרם,false,,24.90,0.0311,true,1,13161
7290006272072,false,חטיפי פיצה בשקית מעדנות 650ג',"מעדנות בע""מ",IL,חטיפי פיצה מעדנות 65,,650.00,100 גרם,false,,28.90,0.0445,true,1,13163
7290006272430,false,בצק עלים חמאה מעדנות 600 ג',מיוצר עי קונדיטוריית,IL,בצק עלים חמאה 600 גר,,600.00,100 גרם,false,,27.90,0.0465,true,1,13164
7290006306296,false,רביולי נונה במילוי גבינה לילדים 400 גרם,פסטנונה רמת דלטון מר,IL,פסטה נונה פסטה נונה,,400.00,100 גרם,false,,26.20,0.0655,true,1,5245
7290006306319,false,רביולי במילוי בטטה 400 ג' פסטה נונה,דורום תעשיות מזון ופ,IL,פסטה נונה פסטה נונה,,400.00,100 גרם,false,,26.20,0.0655,true,1,5247
7290006306326,false,רביולי במילוי פטריות וגבינת פרמזן פסטה נונה 400 ג',דורום תעשיות מזון ופ,IL,פסטה נונה ריביולי פט,,400.00,100 גרם,false,,26.20,0.0655,true,1,5248
7290006342065,false,בוטנים קלויים 200 ג ששון הקולה,,,בוטנים קלויים 200 ג,,200.00,100 גרם,false,,8.90,0.0445,true,1,18138
7290006342072,false,גרעין לבן 200 גרם ששון הקולה,"דין שיווק וקלייה בע""",IL,גרעין לבן 200 גרם,,200.00,100 גרם,false,,9.90,0.0495,true,1,18139
7290006374738,false,קונפיטורת יד מרדכי תות 340 גרם,אף.סי תבליני בגליל ב,IL,קונפיטורת תות יד מור,,340.00,100 גרם,false,,9.90,0.0291,true,1,8542
7290006449955,false,מלפפון בייבי מארז,"מרינה פטריות הגליל בע""מ",IL,מלפפון בייבי,,1.00,יח',false,,8.90,8.9000,true,1,13112
7290006459510,false,נרות חנוכה רגיל 44 יח,,CN,נרות חנוכה שקד,,157.00,100 גרם,false,,2.90,0.0185,true,1,65802
7290006459527,false,נרות חנוכה לוקס לא נוטפים 45 יח,,CN,נרות חנוכה לוקס שקד,,330.00,100 גרם,false,,5.90,0.0179,true,1,65803
7290006459947,false,"פחמים גריל פרימיום שקד 2 ק""ג",,דרום אמריקה,פחמים גריל פרימיום,יחידה,0.00,יחידה,false,,19.90,0.0000,true,1,25671
7290006492432,false,גבינת מוצרלה בייבי 18% 300 ג' גד,מחלבות גד בעמ,IL,גד בייבי מוצרלה 150ג,,170.00,100 גרם,false,,13.80,0.0812,true,1,5252
7290006492616,false,גבינה בולגרית פרוסות 5% 250 ג' גד,DSH עבור מחלבות גד ב,IL,גד בולגרית פרוסות 5%,,250.00,100 גרם,false,,27.90,0.1116,true,1,5253
7290006492852,false,גבינת עיזים למריחה 5% שומן 250 ג' גד,מחלבות גד,IL,גד גבינת עיזים למריח,,250.00,100 גרם,false,,17.20,0.0688,true,1,5256
7290006511157,false,"פטריות שלמות ויליפוד 400 גרם בד""ץ",אוקצ'מפס אס.איי אויי,PL,פטריות שלמות שמפיניו,,230.00,100 גרם,false,,7.90,0.0343,true,1,1283
7290006511751,false,פטריות שמפניון חתוך ויליפוד 290X3 ג' בד”צ,לוטס,NL,פטריות חתוכות ויליפו,,870.00,100 גרם,false,,11.90,0.0137,true,1,1284
7290006567048,false,קוסקוס ישראלי מפתול אסם 350ג',"מיוצר ע""י קוד יצרן K",IL,קוסקוס ישראלי בשקית,,350.00,100 גרם,false,,7.50,0.0214,true,1,6794
7290006618146,false,"הפי נוזל הדלקת פחמים 500 מ""ל",תות תעשיות מזון (201,NL,הפי-מדליק פחמים 500,,500.00,"100 מ""ל",false,,14.90,0.0298,true,1,4220
7290006644480,false,"תפוזינה תפוזים 500 מ""ל","יפאורה תבורי בע""מ",IL,משקה תפוזים Move תפו,,500.00,"100 מ""ל",false,,5.40,0.0108,true,1,4292
7290006644510,false,"מיץ ענבים 500 מ""ל תפוזינה","יפאורה תבורי בע""מ",IL,משקה ענבים Move תפוז,,500.00,"100 מ""ל",false,,5.40,0.0108,true,1,4295
7290006644527,false,"תפוזינה תות בננה 500 מ""ל","יפאורה תבורי בע""מ",IL,משקה תות בננה Move ת,,500.00,"100 מ""ל",false,,5.40,0.0108,true,1,4296
7290006652027,false,מארז במבה יום הולדת 15X20 גרם,מיוצר עי קונדיטוריית,IL,במבה יום הולדת מאח.1,,300.00,100 גרם,false,,23.90,0.0797,true,1,6795
7290006653765,false,פסטה פרפקטו פטוציני 500ג' אסם,פסטה זארה,IL,פטוציני פרפקטו 500 ג,,500.00,100 גרם,false,,6.90,0.0138,true,1,6796
7290006653819,false,פתיתי קוסקוס דק 350 גרם,"מיוצר ע""י קוד יצרן K",IL,קוסקוס דק בשקית אסם,,350.00,100 גרם,false,,7.50,0.0214,true,1,6797
7290006660596,false,קמח עדשים אדומות ללא גלוטן 500 גרם,אף.סי תבליני בגליל ב,IL,דגש קמח עדשים אדומות,,500.00,100 גרם,false,,19.90,0.0398,true,1,18230
7290006664037,false,גמדים דגנים ארוחת בוקר מארז 100X4ג',"שטראוס בריאות בע""מ",IL,גמדים ארוחת בוקר 4*1,,400.00,"100 מ""ל",false,,11.40,0.0285,true,1,9044
7290006664051,false,"אקטימל לבן מארז 100X14 מ""ל",מיוצר עי קונדיטוריית,IL,אקטימל טבעי 14*100מל,ליטרים,1.40,ליטר,false,,29.90,21.3571,true,1,9045
7290006664310,false,גבינה לבנה 3% שומן 250 ג' שטראוס,מיוצר עי קונדיטוריית,IL,גבינה 3% סקי 250 גרם,,250.00,100 גרם,false,,4.90,0.0196,true,1,9046
7290006664402,false,גבינה 5% שומן 750 ג' שטראוס,מיוצר עי קונדיטוריית,IL,שטראוס גבינה 5% 750ג,,750.00,100 גרם,false,,13.60,0.0181,true,1,9047
7290006664532,false,יוגורט עם תות 3% שומן 150 ג' דנונה,מיוצר עי קונדיטוריית,IL,דנונה תות 3% 150מל,,150.00,100 גרם,false,,3.70,0.0247,true,1,9048
7290006664655,false,"אקטימל לבן טבעי מארז 100X8 מ""ל",מיוצר עי קונדיטוריית,IL,אקטימל טבעי 8*100מל,,800.00,"100 מ""ל",false,,19.90,0.0249,true,1,9049
7290006664693,false,יוגורט עם אפרסק 3% שומן 150 ג' דנונה,מיוצר עי קונדיטוריית,IL,דנונה אפרסק 3% 150מל,,150.00,100 גרם,false,,3.70,0.0247,true,1,9050
7290006664990,false,דנונה ביו מארז חיסכון 1.5% 8 יח' *150 ג',מיוצר עי קונדיטוריית,IL,דנונה ביו מארז חיסכו,קילוגרמים,1.20,"ק""ג",false,,16.90,14.0833,true,1,9051
7290006704016,false,בזיליקום ארוז יחידה,,,בזיליקום ארוז יחידה,,1.00,יח',false,,5.90,5.9000,true,1,13113
7290006704047,false,רוזמרין,,,רוזמרין,,1.00,יח',false,,5.90,5.9000,true,1,14125
7290006704078,false,אורגנו,,,אורגנו,,1.00,יח',false,,5.90,5.9000,true,1,14126
7290006704092,false,מרווה יחידה,,,מרווה יחידה,,1.00,יח',false,,5.90,5.9000,true,1,14127
7290006704108,false,קורנית /טימין יח',,,קורנית /טימין יח',,1.00,יח',false,,5.90,5.9000,true,1,14128
7290006704511,false,"תפו""א גמדי אדום למיקרו מרינה 750ג'","מרינה פטריות הגליל בע""מ",IL,תפוא ננסי מיקרוגל,,750.00,100 גרם,false,,6.90,0.0092,true,1,13115
7290006737878,false,מארז קרטונייה סביבון/נר חנוכה,,,מארז קרטוניה סביבון.,יחידה,0.00,יחידה,false,,6.90,0.0000,true,1,30545
7290006739131,false,בצק גולמי פילו זוגלובק 500ג',מאפיית אריאל,IL,זוגלובק בצק פילו 500,,500.00,100 גרם,false,,11.90,0.0238,true,1,13795
7290006739346,false,נקניקיות פרגיות טרי 400 גרם זוגלובק,זוגלובק,IL,נקניקיות פרגיות טרי,,400.00,100 גרם,false,,12.90,0.0323,true,1,13798
7290006739407,false,שניצל תירס לייט 630 ג' זוגלובק,זוגלובק,IL,שניצל תירס לייט 630,,600.00,100 גרם,false,,21.90,0.0365,true,1,13799
7290006739421,false,סלמי מעושן איטלקי 300 ג' זוגלובק,זוגלובק,IL,סלמי מעושן איטלקי ז,,300.00,100 גרם,false,,25.90,0.0863,true,1,13801
7290006739445,false,שניצל תירס קלאסי 750 ג' זוגלובק,זוגלובק,IL,שניצל תירס קלאסי 750,,750.00,100 גרם,false,,21.90,0.0292,true,1,13802
7290006741363,false,"בורקס תפו""א זוגלובק בד""צ 800ג'",מאפיית אריאל וגידרון,IL,"זוגלובק בורקס תפו""א",,800.00,100 גרם,false,,13.90,0.0174,true,1,13804
7290006742278,false,פסטרמה הודו צלויה על לבנים 330 ג' זוגלובק,זוגלובק,IL,פסטרממיה צלויה על לב,,330.00,100 גרם,false,,25.90,0.0785,true,1,13807
7290006742292,false,פסטרמה הודו בדבש 330 ג' זוגלובק,זוגלובק,IL,פסטרממיה בדבש 1% 330,,330.00,100 גרם,false,,25.90,0.0785,true,1,13808
7290006742315,false,פסטרמה חזה הודו ברביקיו זוגלובק 330 ג',זוגלובק,IL,חזה הודו ברביקיו 1%,,330.00,100 גרם,false,,25.90,0.0785,true,1,13809
7290006764065,false,"בירה נשר מאלט בקבוק חוזר 500 מ""ל","טמפו משקאות בע""ם.",IL,נשר מאלט בקבוק פקדון,,500.00,"100 מ""ל",false,,4.90,0.0098,true,1,3450
7290006764072,false,"גולדסטאר בירה בק חוזר 500 מ""ל","טמפו משקאות בע""מ",IL,גולדסטאר בירה בק חוז,,500.00,"100 מ""ל",false,,6.90,0.0138,true,1,3451
7290006764096,false,"בירה איגל 500 מ""ל 3.8% בקבוק חוזר","טמפו משקאות בע""מ",IL,בירה איגל בקבוק 500,,500.00,"100 מ""ל",false,,5.80,0.0116,true,1,3452
7290006764157,false,"בירה גולדסטאר לא מסונן חוזר 500 מ""ל",טמפו משקאות בע''מ,IL,בירה גולדסטאר לא מסו,,500.00,"100 מ""ל",false,,7.90,0.0158,true,1,3454
7290006764485,false,"בירה נשר מאלט שחורה מארז 330X6מ""ל",טמפו 7.5%,IL,נשר מאלט 6*330מל,ליטרים,1.98,ליטר,false,,26.90,13.5859,true,1,3457
7290006764737,false,"בירה נשר מאלט דיאט 500 מ""ל חוזר","טמפו משקאות בע""ם.",IL,נשר מאלט דיאט בקבוק,,500.00,"100 מ""ל",false,,4.90,0.0098,true,1,3458
7290006765000,false,טורטיות חיטה מלאה 8יח 540 ג',אלקטי קוראבייכיסיגיד,TR,8 טורטיות חיטה מלאה,,540.00,100 גרם,false,,9.90,0.0183,true,1,18482
7290006765895,false,בוטן בקליפה 200 גרם שושן הקולה,דין שיווק,IL,בוטן קלוי בקליפה 200,,200.00,100 גרם,false,,6.90,0.0345,true,1,18145
7290006784360,false,חלונית סנט מוריץ לניקוי חלונות 1 ליטר,"קומפלקס כימיקלים בע""",IL,סנט מוריץ חלונית 1 ל,ליטרים,1.00,ליטר,false,,5.90,5.9000,true,1,7509
7290006784865,false,סנט מוריץ לניקוי משטחי מטבחים מרוכז ועוצמתי 1ל',קומפלקס כימיקלים,IL,ניקוי משטחי מטבח סנט,ליטרים,1.00,ליטר,false,,12.90,12.9000,true,1,7510
7290006788467,false,"קרליין - נושם אקטיב דאודורנט ספריי לאישה בורדו 200 מ""ל","אמיליה קוסמטיקס בע""מ",IL,דאו' תרסיס נושם בורד,,200.00,"100 מ""ל",false,,9.90,0.0495,true,1,11222
7290006788481,false,"קרליין - נושם סאן רייס דאודורנט ספריי לאישה כתום 200 מ""ל","אמיליה קוסמטיקס בע""מ",IL,דאו' תרסיס נושם כתום,,200.00,"100 מ""ל",false,,9.90,0.0495,true,1,11223
7290006789648,false,קרליין קרם לחות לשיער יבש 400 גרם,"אמיליה קוסמטיקס בע""מ",IL,קרם לחות לשיער יבש ק,,400.00,"100 מ""ל",false,,16.90,0.0422,true,1,11228
7290006804907,false,פיתות אסלי קפוא 5 יח' אפיה,פילסברי,,פיתות אסלי 5 יח',,500.00,100 גרם,false,,7.90,0.0158,true,1,1131
7290006805850,false,תערובת להכנת פנקייק פילסבורי 500 גר,הדקלאים אגודת שיתופי,IL,תערובת להכנת פנקייקס,,500.00,100 גרם,false,,16.90,0.0338,true,1,4636
7290006806055,false,עוגת פרג פרסבורגר,,,פרסבורגר פרג,,1.00,יח',false,,25.90,25.9000,true,1,1136
7290006822192,false,מיץ חמוציות דיאט אושן ספריי 1 ליטר,מבשלות בירה בינלאומי,IL,אושן ספרי דיאט חמוצי,ליטרים,1.00,ליטר,false,,11.90,11.9000,true,1,2649
7290006855251,false,חטיף קשיו חמוציות וסילאן ברבריא 4*30 ג',טבעית מוצרים מן הטבע,IL,ברבריא חטיף קשיו חמו,,120.00,100 גרם,false,,16.90,0.1408,true,1,21661
7290006983152,false,קרוטונים מתובלים למרק 400 ג' אסם,עינת תעשיות מזון אגו,IL,קרוטונים מתובלים אסם,,400.00,100 גרם,false,,17.90,0.0447,true,1,6799
7290006983176,false,אוסם - לחמית שיפון 250 גרם,"אסם השקעות בע""מ",IL,לחמית שיפון אסם 250,,230.00,100 גרם,false,,7.90,0.0343,true,1,6800
7290006983763,false,עוגת הבית שוקולד 400 גרם אסם.,מיוצר עי קונדיטוריית,IL,עוגת הבית שוקולד 400,,400.00,100 גרם,false,,10.90,0.0273,true,1,6803
7290006983787,false,עוגת הבית שוקוציפס 400 גרם אסם,מיוצר עי קונדיטוריית,IL,עוגת הבית שוקוציפס 4,,400.00,100 גרם,false,,10.90,0.0273,true,1,6805
7290006983794,false,עוגת הבית תפוז 400 ג' אסם,מיוצר עי קונדיטוריית,IL,עוגת הבית תפוז 400גר,,400.00,100 גרם,false,,10.90,0.0273,true,1,6806
7290006992208,false,מטרנה דייסלה דגנים מעורבים 200 גרם,מטרנה תעשיות ש.מ,IL,מטרנה דייסת דגנים פר,,200.00,100 גרם,false,,12.90,0.0645,true,1,6811
7290006992390,false,"מטרנה - דייסת וניל פרוביוטי כשל""פ 200 גרם",מולינו ניקולי s.p.a,IL,מטרנה דייסת וניל פרו,,200.00,100 גרם,false,,12.90,0.0645,true,1,6812
7290008000826,false,משחת שיניים לילדים כצט ברבי 50 מל,כצט נוביס,IL,משחת שיניים ברבי ליל,,50.00,"100 מ""ל",false,,10.90,0.2180,true,1,1543
7290008101318,false,קריספ פירורי לחם זהוב 300 גרם,א.ל ייצור ושיווק תבל,IL,פירורי לחם זהוב קלאס,,300.00,100 גרם,false,,6.90,0.0230,true,1,18721
7290008102469,false,קריספ פירורי לחם זהוב 800 גרם,,IL,פירורי לחם זהוב קלאס,,800.00,100 גרם,false,,12.90,0.0161,true,1,18723
7290008104050,false,"פמינה - שטיפה אינטימית קלאסית 220 מ""ל",כצט נוביס סעמ,IL,סבון שטיפה אינטימית,,220.00,"100 מ""ל",false,,21.90,0.0995,true,1,1544
7290008116541,false,"שטיפת פה ליסטרין קול מינט 500 מ""ל",ג'ונסון אנד ג'ונסון,IT,מי פה ליסטרין בטעם מ,,500.00,"100 מ""ל",false,,21.90,0.0438,true,1,10915
7290008116565,false,ליסטרין מי פה פרשברו,ג'ונסון אנד ג'ונסון,IT,מי פה פרש ליסטרין 50,,500.00,"100 מ""ל",false,,21.90,0.0438,true,1,10917
7290008154222,false,שניצלונים עוף טוב 700 גרם,מולינו ניקולי s.p.a,IL,שניצלונים עוף טוב 70,,700.00,100 גרם,false,,12.90,0.0184,true,1,7352
7290008175210,false,גבינת פרמזן מגורדת 90ג' ויליפוד,זנטי אס.איי.,IT,וילי פוד פרמזן מגורד,,90.00,100 גרם,false,,14.90,0.1656,true,1,1286
7290008268288,true,מארז תפוח קריפס פינק,,,מארז תפוח קריפס פינק,,900.00,100 גרם,false,,12.90,0.0143,true,1,73544
7290008268301,false,אוכמניות יחידה,מרינה,IL,אוכמניות,,120.00,100 גרם,false,,14.90,0.1242,true,1,18022
7290008268455,false,קיווי ישראלי ארוז 4,חקלאי,IL,קיווי ארוז בראשית,,1.00,יח',false,,11.90,11.9000,true,1,27392
7290008333115,false,אבקת ג'לטין טהור נטו 28 גרם,ג'ליק פיניור,IL,.ג'לטין טהור 28 גר,,28.00,100 גרם,false,,9.50,0.3393,true,1,6066
7290008343466,false,בצק פילו 500 גרם שלושת האופים,כלורוקס אוקלנד,IL,בצק פילו 500 גרם,,500.00,100 גרם,false,,16.90,0.0338,true,1,6068
7290008343558,false,"סיגרים בשר שלושת האופים 1 ק""ג",שלושת האופים,IL,סיגרים בשר 1 ק`ג שלו,קילוגרמים,1.00,"ק""ג",false,,16.90,16.9000,true,1,61979
7290008343565,false,"סיגרים תפו""א 1 ק""ג שלושת האופים",שלושת האופים,IL,סיגרים תפו`א 1 ק`ג ש,קילוגרמים,1.00,"ק""ג",false,,16.90,16.9000,true,1,61957
7290008343572,false,"אגרול סיני 1 ק""ג שלושת האופים",שלושת האופים,IL,אגרול סיני 1 ק`ג שלו,קילוגרמים,1.00,"ק""ג",false,,16.90,16.9000,true,1,65795
7290008343602,false,"קובה בשר 1 ק""ג שלושת האופים",שלושת האופים,IL,קובה בשר 1 ק`ג שלושת,קילוגרמים,1.00,"ק""ג",false,,16.90,16.9000,true,1,61990
7290008343619,false,"פסטלים תפו""א שלושת האופים 1 ק""ג",שלושת האופים,IL,פסטלים תפו`א שלושת ה,קילוגרמים,1.00,"ק""ג",false,,16.90,16.9000,true,1,61968
7290008343626,false,"כדורי פלאפל 1 ק""ג שלושת האופים",שלושת האופים,IL,כדורי פלאפל 1 ק`ג של,קילוגרמים,1.00,"ק""ג",false,,19.90,19.9000,true,1,69631
7290008344272,false,המבורגר 100% 400 ג' טיבון ויל,טיבון ויל אחזקות בעמ,IL,המבורגר 100% 400 ג'-,,400.00,100 גרם,false,,17.90,0.0447,true,1,6071
7290008347211,false,אצבעות דג מצופות נטו,אף.סי תבליני בגליל ב,IL,דלידג אצבעות דג 700,,700.00,100 גרם,false,,19.90,0.0284,true,1,6075
7290008409049,false,מאמא עוףמיני שניצלים בציפוי שומשום 500 ג,תנובה גליל שותפות מו,IL,מאמא עוף מיני דק שני,,500.00,100 גרם,false,,25.90,0.0518,true,1,9860
7290008409100,false,אצבעות שניצל בציפוי שומשום מאמא עוף 700 גרם,תנובה גליל שותפות מו,IL,אצבעות שניצל ציפוי ש,,700.00,100 גרם,false,,34.90,0.0499,true,1,9861
7290008409124,false,מאמא עוף קפוא שניצל ג'ונגל פריך 700 גרם,תנובה גליל שותפות מו,IL,מאמא עוף קפוא שניצל,,700.00,100 גרם,false,,34.90,0.0499,true,1,9862
7290008409216,false,מאמא עוף קפוא שניצל דק פריך 700 גרם,תנובה גליל,IL,מאמא עוף קפוא שניצל,,700.00,100 גרם,false,,39.90,0.0570,true,1,9863
7290008409315,false,מיני מיני דק שניצלונים בציפוי פריך מאמא עוף 500 ג',תנובה גליל,IL,מאמא עוף מיני דק שני,,500.00,100 גרם,false,,25.90,0.0518,true,1,9865
7290008409407,false,שניצל דק ציפס מאמא עוף 700 ג',תנובה גליל שותפות מו,IL,מאמא עוף שניצל דק צי,,700.00,100 גרם,false,,39.90,0.0570,true,1,9867
7290008409551,false,שניצל עוף אמיתי בציפוי מעודן 700 ג' מאמא עוף,תנובה גליל שותפות מו,IL,שניצל עוף אמיתי בציפ,,700.00,100 גרם,false,,39.90,0.0570,true,1,9871
7290008409568,false,שניצל עוף אמיתי בציפוי שבבי ציפס 700 גר,תנובה גליל שותפות מו,IL,שניצל ציפס אמיתי מאמ,,700.00,100 גרם,false,,39.90,0.0570,true,1,9872
7290008409582,false,שניצל אמיתי בציפוי ביתי מאמא עוף 700 ג',תנובה גליל שותפות מו,IL,שניצל אמיתי בציפוי ב,,700.00,100 גרם,false,,39.90,0.0570,true,1,9873
7290008443616,false,"מרכך לשיער יבש אדום 750 מ""ל נקה 7","אמיליה קוסמטיקס בע""מ",IL,מרכך לשיער יבש אדום,,750.00,"100 מ""ל",false,,8.90,0.0119,true,1,11231
7290008462204,false,חרדל דיזיון מקורי 380 גרם,יוניליבר צרפת,FR,חרדל דיזון מקורי 380,,380.00,100 גרם,false,,9.90,0.0261,true,1,16287
7290008464024,false,"בירה גולדסטאר לא מסוננת 500 מ""ל פחית","טמפו משקאות בע""מ",IL,גולדסטאר לא מסונן פח,,500.00,"100 מ""ל",false,,8.90,0.0178,true,1,3461
7290008464345,false,"בירה גולדסטאר בקבוק 330 מ""ל",טמפו משקאות בע''מ,IL,"גולדסטאר בירה ח""פ 33",יחידה,330.00,יחידה,false,,6.90,0.0209,true,1,3467
7290008464505,false,סאן בנדטו בקבוק פלסטיק 500מל,אקווה מינרלה סאן בנד,IT,סן בנדטו 0.5ל. מים מ,,500.00,"100 מ""ל",false,,3.50,0.0070,true,1,3471
7290008464604,false,"בירה היינקן פחית 500מ""ל",טמפו משקאות בע''מ,NL,הייניקן בירה פח 500מ,,500.00,"100 מ""ל",false,,9.90,0.0198,true,1,3472
7290008464741,false,"שישייית בירה גולדסטאר כהה 330X6 מ""ל",טמפו,IL,"גולדסטאר ח""פ בקבוק 6",ליטרים,1.98,ליטר,false,,34.90,17.6263,true,1,3478
7290008464796,false,"בירה היינקין ח""פ בקבוק 330X6מ""ל",טמפו,IL,"הייניקן בקבוק ח""פ 6*",ליטרים,1.98,ליטר,false,,34.90,17.6263,true,1,3479
7290008470759,false,מסטיק אורביט סטיקס ספירמינט שמינייה,ריגלי,FR,אורביט סטיקס ספירמינ,יחידה,0.00,יחידה,false,,15.50,0.0000,true,1,7736
7290008500128,false,עוגת שמרים פרימיום ש,ב- פילסברי (ג'נל מיל,IL,עוגת שמרים טעם שוקול,,500.00,100 גרם,false,,25.90,0.0518,true,1,18923
7290008634663,false,בקבוק גדול-שלישיה במבצע,R.B.P. Co Lt,TH,שלישיית בקבוקים גדול,יחידה,0.00,יחידה,false,,14.90,0.0000,true,1,395
7290008634700,false,כפפות XL לטקס עם איבוק עדין 100 יח- SAFE TOUCH,T.G. Sdn,TH,כפפות לאטקס סייף טאצ,יחידה,0.00,יחידה,false,,18.90,0.0000,true,1,396
7290008644112,false,סלט מטבוחה יום יום אחלה 125 ג',"שטראוס גרופ בע""מ",IL,אחלה מטבוחה 125ג,,125.00,100 גרם,false,,4.70,0.0376,true,1,9053
7290008644235,false,עלי בייבי 120 גר' שטראוס,שטראוס בריאות ירקות,IL,עלי בייבי 120 ג ירקו,,120.00,100 גרם,false,,10.50,0.0875,true,1,9054
7290008644945,false,סלט המושבה שטופים שט,שטראוס בריאות ירקות,IL,סלט המושבה 450 ג ירק,,450.00,100 גרם,false,,11.50,0.0256,true,1,9056
7290008670012,false,"יין רקאנטי קברנה סוביניון 2019 750 מ""ל",תות ממתקי איכות,IL,רקנאטי קברנה סובניו,,750.00,"100 מ""ל",false,,49.90,0.0665,true,1,14177
7290008670029,false,"יין רקאנטי מרלו 2018 750 מ""ל",תות ממתקי איכות,IL,רקנאטי מרלו 750מל,,750.00,"100 מ""ל",false,,49.90,0.0665,true,1,14178
7290008670159,false,"יין רקנאטי יסמין לבן 750 מ""ל","יקבי רקנאטי בע""מ",IL,רקנאטי יסמין לבן 750,,750.00,"100 מ""ל",false,,34.90,0.0465,true,1,14180
7290008693134,false,מעדן גבינה ויוגורט בטעם תות 5% שומן 88 ג' דניאלה,"שטראוס בריאות בע""מ",IL,דניאלה תות מעדן גבינ,,150.00,"100 מ""ל",false,,3.90,0.0260,true,1,9058
7290008713900,false,לחם שיפון עגול 750 ג' אנג'ל,מאפיית אנג'ל אורנים,IL,לחם שיפון עגול אנגל,,750.00,100 גרם,false,,12.50,0.0167,true,1,13052
7290008745239,false,תפוציפס אקסטרא טבעי 50 גרם,"שטראוס פריטו ליי בע""",IL,תפוציפס קראנץ טבעי 5,,50.00,100 גרם,false,,3.50,0.0700,true,1,9301
7290008747547,false,תפוציפס קראנץ טבעי 200 גרם,"שטראוס פריטו ליי בע""",IL,תפוציפס קראנץ טבעי 2,,200.00,100 גרם,false,,10.90,0.0545,true,1,9302
7290008750264,false,מסטיק מאסט LL פליפ.דובדבן מגדים 28 גר,"שטראוס גרופ בע""מ",IL,מאסט דובדבן 28ג,,28.00,100 גרם,false,,4.50,0.1607,true,1,8550
7290008752244,false,תפוצ'יפס אקסטרא גריל 50 גרם,"שטראוס פריטו ליי בע""",IL,תפוציפס קראנץ גריל 5,,50.00,100 גרם,false,,3.50,0.0700,true,1,9303
7290008753111,false,תפוציפס קראנצי מקסיקני 50 גרם,"שטראוס פריטו ליי בע""",IL,תפוציפס מקסיקני 50גר,,50.00,100 גרם,false,,3.50,0.0700,true,1,9304
7290008754040,false,ממרח פרה שוקולד 850 גר - מגדים,שטראוס גרופ,IL,ממרח פרה שוקולד 850,,850.00,100 גרם,false,,14.90,0.0175,true,1,8557
7290008775816,false,ערגליות שוקו חדש12*300גרם 2020,מיוצר עי קונדיטוריית,IL,ערגליות שוקולד 300 ג,,300.00,100 גרם,false,,9.90,0.0330,true,1,6813
7290008775823,false,ערגליות תות חדש12*300גרם 2020,מיוצר עי קונדיטוריית,IL,ערגליות תות שדה 300,,300.00,100 גרם,false,,9.90,0.0330,true,1,6814
7290008792264,false,מפיות טישיו טאצ' 100יח',"שניב תעשיות נייר בע""",IL,מפיות טאצ' 100,יחידה,0.00,יחידה,false,,4.90,0.0000,true,1,38832
7290008801010,false,"יין קברנה סוביניון מרלו פרייוט קולקשן 750 מ""ל",אגודת הכורמים הקאופו,IL,יין P.C קברנה סובי,,750.00,"100 מ""ל",false,,32.50,0.0433,true,1,268
7290008801157,false,מרלו סלקטד כרמל מזרחי 750 מל,יקבי כרמל,IL,יין סלקטד מרלו 750 מ,,750.00,"100 מ""ל",false,,29.90,0.0399,true,1,271
7290008801522,false,יין קינג דויד קונקורד אדום מתוק 750 מל,אגודת הכורמים הקואופ,IL,יין קונקורד קינג דיו,,750.00,"100 מ""ל",false,,19.90,0.0265,true,1,273
7290008801843,false,קברנה סוביניון אדום יבש 750 מל סלקטד,"כד בני דרום בע""מ",IL,יין סלקטד קברנה סובנ,,750.00,"100 מ""ל",false,,29.90,0.0399,true,1,276
7290008802291,false,"יין מרלו פרייוט קולקשן 750 מ""ל",אגודת הכורמים הקואופ,IL,"יין P.C מרלו 750מ""",,750.00,"100 מ""ל",false,,32.50,0.0433,true,1,278
7290008802512,false,"יין וינו אדום יבש 750 מ""ל","כד בני דרום בע""מ",IL,יין וינו אדום יבש,,750.00,"100 מ""ל",false,,19.90,0.0265,true,1,279
7290008802529,false,"יין לבן חצי יבש וינו 750 מ""ל",יקבי כרמל,IL,יין וינו לבן יבש,,750.00,"100 מ""ל",false,,19.90,0.0265,true,1,280
7290008802895,false,יין קברנה סוביניון פרייוט קולקשן,אגודת הכורמים הקאופו,IL,יין P.C קברנה סובי,,750.00,"100 מ""ל",false,,32.50,0.0433,true,1,281
7290008830676,false,מובחרים מן הטבע,"דין שיווק וקלייה בע""",IL,"פריט מבצע 5 ש""ח",יחידה,0.00,יחידה,false,,5.00,0.0000,true,1,18677
7290008830690,false,סוכריות חמצוצים בטעם,"דין שיווק וקלייה בע""",US,"פריט מבצע 10 ש""ח.",יחידה,0.00,יחידה,false,,10.00,0.0000,true,1,18678
7290008849777,false,אוליביה רוטב צילי מתוק 350 גרם,אוליביה,IL,אוליביה רוטב צילי מת,,350.00,100 גרם,false,,12.90,0.0369,true,1,9476
7290008849838,false,טפנד זיתים אוליביה 190 גר',"אוליביה גורמה בע""מ",IL,אוליביה טפנד זיתים 1,,180.00,100 גרם,false,,11.90,0.0661,true,1,10109
7290008909853,false,קוקה קולה זירו בקבוק 500מל,החברה המרכזית לייצור,IL,קוקה קולה זירו 500 מ,,500.00,"100 מ""ל",false,,6.00,0.0120,true,1,2655
7290008975551,false,מטרנה מהדרין חסכון שלב 3 700 גרם,מולינו ניקולי s.p.a,IL,מטרנה מהדרין שלב 3,,700.00,100 גרם,false,,47.90,0.0684,true,1,6816
7290009018004,false,פיקדון בקבוק/פחית בו,,,פיקדון בקבוק/פחית בו,יחידה,0.00,יחידה,false,,0.30,0.0000,true,1,12
7290009018011,false,פיקדון בקבוק/פחיות ש,,,פיקדון בקבוק/פחיות ש,יחידה,0.00,יחידה,false,,1.80,0.0000,true,1,23
7290009018264,false,פיקדון בקבוק/פחית רב,,,פיקדון בקבוק/פחית רב,יחידה,0.00,יחידה,false,,1.20,0.0000,true,1,30
7290010002030,false,כמון טחון 100גרם יורדן,א.ל ייצור ושיווק תבל,IL,מימון כמון במיכל 100,,100.00,100 גרם,false,,11.60,0.1160,true,1,92
7290010002078,false,פלפל שחור טחון 100 גרם,א.ל ייצור ושיווק תבל,IL,מימון פלפל שחור טחון,,100.00,100 גרם,false,,15.50,0.1550,true,1,95
7290010002122,false,פפריקה הונגרית מתוקה 100 גרם,א.ל ייצור ושיווק תבל,IL,מימון פפריקה הונגרית,,100.00,100 גרם,false,,11.60,0.1160,true,1,98
7290010002139,false,פפריקה הונגרית חריפה 100 גרם,,,מימון פפריקה הונגרית,,100.00,100 גרם,false,,11.60,0.1160,true,1,99
7290010002313,false,תבלין קציצות מרוקני,א.ל ייצור ושיווק תבל,IL,מימון ראס אל חנות 10,,100.00,100 גרם,false,,11.60,0.1160,true,1,108
7290010002498,false,מימון שום גבישי 120,א.ל ייצור ושיווק תבל,IL,מימון שום גבישי 120,,120.00,100 גרם,false,,15.50,0.1292,true,1,122
7290010002696,false,אקסטרה ציפס אורז חום מלא שמנת בצל 60 גרם,,BG,אקסטרא צ'יפס אורז חו,,60.00,100 גרם,false,,6.90,0.1150,true,1,18725
7290010002726,false,מימון תיבול לפרגיות,א.ל ייצור ושיווק תבל,IL,מימון תיבול לפרגיות,,100.00,100 גרם,false,,11.60,0.1160,true,1,125
7290010003075,false,פפריקה מרוקאית מתוקה 400 גרם,TLV צ'יף,IL,מימון פפריקה מרוקאית,,400.00,100 גרם,false,,24.90,0.0622,true,1,127
7290010003709,false,פלפל שחור טחון 50 גרם שקית,TLV צ'יף,IL,מימון פלפל שחור טחון,,50.00,100 גרם,false,,7.70,0.1540,true,1,131
7290010003761,false,מימון כורכום טחון שק,א.ל ייצור ושיווק תבל,IL,מימון כורכום טחון שק,,80.00,100 גרם,false,,5.90,0.0738,true,1,133
7290010003778,false,תיבול לגריל עוף שקית 80 גרם,TLV צ'יף,IL,מימון תיבול לגריל עו,,80.00,100 גרם,false,,5.90,0.0738,true,1,134
7290010003846,false,מימון אורגנו שקית 20,,,מימון אורגנו שקית 20,,20.00,100 גרם,false,,5.90,0.2950,true,1,141
7290010023141,false,תה לימונענע הגן הקסום 25 שיקיקים,HIQ FOOD PRODUCTS,IL,תה לימונענע 25 שק',,50.00,100 גרם,false,,17.90,0.3580,true,1,9477
7290010045006,false,עוגיות חמאה פריכות 200 גרם לחמי,קונדטוריות לחמי,IL,עוגיות חמאה פריכות ל,,200.00,100 גרם,false,,18.90,0.0945,true,1,15838
7290010045013,false,עוגיות חמאה צרפתיות 200 גרם לחמי,קונדטוריות לחמי,IL,עוגיות עם חמאה וסוכר,,200.00,100 גרם,false,,18.90,0.0945,true,1,15839
7290010045068,false,עוגיות הנסיכה 250 גרם לחמי,קונדטוריות לחמי,IL,עוגיות הנסיכה לחמי 2,,250.00,100 גרם,false,,18.90,0.0756,true,1,15841
7290010051243,false,תרד ניו-זילנדי - ארו,,,תרד ניו זילנדי,,150.00,100 גרם,false,,11.90,0.0793,true,1,32947
7290010065318,false,פרינוק - ג'וניור תפוחי עץ 190 גרם,פרוטה פודווין איי.אס,CZ,מחית פרינוק גוניור ת,,190.00,100 גרם,false,,5.90,0.0311,true,1,17663
7290010065332,false,פרינוק - ג'וניור פתוחי עץ ובננה 190 גרם,פרוטה פודווין איי.אס,CZ,"פרינוק גוניור תפ""ע ב",,190.00,100 גרם,false,,5.90,0.0311,true,1,17664
7290010065349,false,פרינוק גרבר גוניור סלט פירות 190 גר',פרוטה פודווין איי.אס,CZ,מחית פרינוק גוניור ס,,190.00,100 גרם,false,,5.90,0.0311,true,1,17665
7290010065745,false,ג`וניור פרינוק מחית לפתן פירות 190ג',פרוטה פודווין איי.אס,CZ,פרינוק ג'וניור לפתן,,190.00,100 גרם,false,,5.90,0.0311,true,1,17666
7290010066513,false,נתחי טונה בשמן צמחי רביעיה *158ג' פילטונה,תעשיות פילטונה,IL,נתחי טונה בשמן צמחי,,632.00,100 גרם,false,,22.90,0.0362,true,1,10304
7290010066575,false,נתחי טונה במים רביעיה *158ג' פילטונה,תעשיות פילטונה,IL,נתחי טונה במים פילטו,,632.00,100 גרם,false,,22.90,0.0362,true,1,10306
7290010066582,false,נתחי טונה בשמן קנולה רביעיה * 158 ג' פילטונה,תעשיות פילטונה,IL,נתחי טונה בשמן קנולה,,632.00,100 גרם,false,,22.90,0.0362,true,1,10307
7290010066599,false,מארז רביעיית טונה בשמן זית 4*160 גרם,תעשיות פילטונה,IL,נתחי טונה בשמן זית פ,,632.00,100 גרם,false,,27.90,0.0441,true,1,10308
7290010116980,false,אבקת שוקולית שקית עלית 850 ג',הנסיך- מפעל לייצור ט,IL,שוקולית 850 גרם,,850.00,100 גרם,false,,14.90,0.0175,true,1,8567
7290010117864,false,דוריטוס בטעם חריף אש 70 גרם,שטראוס פריטו ליי (מל,IL,דוריטוס חריף אש 70 ג,,70.00,100 גרם,false,,3.50,0.0500,true,1,9305
7290010118328,false,מארז תפוצ'יפס בטעם טבעי,שטראוס פריטו ליי (מל,IL,תפוצ'יפס טבעי 6*40 ג,,240.00,100 גרם,false,,11.90,0.0496,true,1,9307
7290010124107,false,סטייקבורגר זהב 400 גר',בלדי,IL,סטייק בורגר 400 גרם,,400.00,100 גרם,false,,15.90,0.0398,true,1,13012
7290010124503,false,שומן כבש מעובד ארוז בלדי 200גר,בלדי,IL,שומן כבש 200 גר',,200.00,100 גרם,false,,10.90,0.0545,true,1,13015
7290010129324,false,עוגיות מעמול 600 גרם,שיבולים א.ד.ל,IL,עוגיות מעמול 600 גרם,,600.00,100 גרם,false,,19.90,0.0332,true,1,7527
7290010153510,false,בורגול יבש מיה 500 גר',"מיה תעשיות מזון בע""מ",IL,בורגול מיה 500 גרם,,500.00,100 גרם,false,,3.90,0.0078,true,1,5449
7290010153534,false,קמח תירס מיה 400 גרם,מיה תעשיות מזון,IL,קמח תירס מיה 400 גרם,,400.00,100 גרם,false,,5.90,0.0148,true,1,5451
7290010153787,false,ציפוי לשניצל עם שום מיה 500 גר',מיה תעשיות מזון,IL,ציפוי לשניצל עם שום,,500.00,100 גרם,false,,8.90,0.0178,true,1,5457
7290010153794,false,ציפוי לשניצל עם עשבי תיבול מיה 500 גר',מיה תעשיות מזון,IL,ציפוי לשניצל עם עשבי,,500.00,100 גרם,false,,8.90,0.0178,true,1,5458
7290010154005,false,סחוג תימני ירוק 250 ביטון,תבליני יוחאי ביטון,IL,סחוג תימני ירוק 250,,250.00,100 גרם,false,,12.90,0.0516,true,1,6076
7290010154012,false,לימון בלאדי - סלט לימון כבוש,תבליני יוחאי ביטון,IL,לימון כבוש 250 ביטון,,250.00,100 גרם,false,,12.90,0.0516,true,1,6077
7290010154241,false,סלט חזרת ריף ביטון 250 ג',תבליני יוחאי ביטון,IL,סלט חזרת ביטון 250 ג,,250.00,100 גרם,false,,12.90,0.0516,true,1,6080
7290010154685,false,סלט שום כתוש 250 ג' ביטון יוחאי,תבליני יוחאי ביטון,IL,סלט שום כתוש 250 גר',,250.00,100 גרם,false,,12.90,0.0516,true,1,6085
7290010173334,false,יין הרי גליל שיראז 750 מל,,,הרי גליל סירה 2017 7,,750.00,"100 מ""ל",false,,29.90,0.0399,true,1,14187
7290010192007,false,פטרוזיליה,,,פטרוזיליה,,1.00,יח',false,,3.50,3.5000,true,1,13117
7290010192014,false,שמיר,,,שמיר,,1.00,יח',false,,3.50,3.5000,true,1,13118
7290010192021,false,כוסברה ארוז,,,כוסברה,,1.00,יח',false,,3.50,3.5000,true,1,13119
7290010192038,false,שורש פטרוזיליה ארוז,,,שורש פטרוזיליה ארוז,,1.00,יח',false,,5.90,5.9000,true,1,13120
7290010192045,false,נענע יחידה,חקלאי,IL,נענע יחידה,,1.00,יח',false,,3.50,3.5000,true,1,13121
7290010192052,false,סלרי עלים (אמריקאי),,,סלרי עלים (אמריקאי),,1.00,יח',false,,5.90,5.9000,true,1,13122
7290010192069,false,סלרי ראש ארוז,,,סלרי ראש ארוז,,1.00,יח',false,,5.90,5.9000,true,1,13123
7290010192083,false,מנגולד ארוז,,,מנגולד ארוז,,1.00,יח',false,,6.90,6.9000,true,1,13124
7290010192137,false,לוף ארוז ליח,,,לוף ארוז ליח,,1.00,יח',false,,8.90,8.9000,true,1,13125
7290010237562,false,מירינדה פלסטיק 500מל,"טמפו משקאות בע""מ",IL,מירנדה 500 מ'ל,,500.00,"100 מ""ל",false,,3.90,0.0078,true,1,3482
7290010237685,false,"הייניקן בירה צואר ארוך 330מ""ל",טמפו משקאות בע''מ,IL,היינקן בירה צואר ארו,,330.00,"100 מ""ל",false,,10.30,0.0312,true,1,3485
7290010259823,false,מנת השף מרק עם נודלס טעם עוף בדץ 70ג,נמצ'או(תאילנד) בעמ,TH,נודלס בטעם עוף מנת ה,,70.00,100 גרם,false,,4.90,0.0700,true,1,1289
7290010259830,false,מרק עם נודלס סיני פיקנטי מנת השף 70 גר,נמצ'או(תאילנד) בעמ,TH,נודלס בטעם סיני פיקנ,,70.00,100 גרם,false,,4.90,0.0700,true,1,1290
7290010259854,false,מרק עם נודלס טעם פטריות מנת השף 70 גר,נמצ'או(תאילנד) בעמ,TH,נודלס בטעם פטריות מנ,,70.00,100 גרם,false,,4.90,0.0700,true,1,1292
7290010259977,false,שמן קנולה וילי פוד 1 ליטר,בונגי פולין אס.פי.זד,PL,שמן קנולה ויליפוד 1,ליטרים,1.00,ליטר,false,,8.90,8.9000,true,1,26465
7290010259991,false,וילי פוד צנימים בדץ 250ג,וילי פוד,PT,"צנימים בד""ץ וילי פוד",,250.00,100 גרם,false,,7.40,0.0296,true,1,1296
7290010279227,false,"זיקוק 15 ס""מ 6 בשקית",,,זיקוק 15 ס`מ 6 יח`,יחידה,0.00,יחידה,false,,14.00,0.0000,true,1,40316
7290010429554,false,"שמן זית כתית מעולה יד מרדכי 2 קלאסי, 750 מ""ל",מכוורת יד מרדכי שטרא,IL,שמן זית כתית מעולה 2,,750.00,"100 מ""ל",false,,32.90,0.0439,true,1,8569
7290010439287,false,מגבת ענק חלק 550 גר מנהטן,,,מגבת גוף ענק חלק,יחידה,0.00,יחידה,false,,39.90,0.0000,true,1,32740
7290010471669,false,יוגורט תות עם קורנפלקס מצופה שוקולד ללא גלוטן 3.9%,"שטראוס בריאות בע""מ",IL,דנונה קראנצ' יוגורט,,175.00,"100 מ""ל",false,,4.50,0.0257,true,1,9059
7290010472390,false,מארז 8 יחידות מעדן דני בטעם שוקולד 1.5%,מיוצר עי קונדיטוריית,IL,מארז דני שוקולד 8*,,1000.00,"100 מ""ל",false,,14.90,0.0149,true,1,9061
7290010627844,false,טחינה גולמית שומשום מלא ירושלים 500גרם,"בראשית ירושלים בע""מ",IL,טחינה ירושלים 500 מל,,500.00,100 גרם,false,,13.90,0.0278,true,1,9481
7290010632787,false,צימרוני אוזניים עץ 300יח',הדקלאים אגודת שיתופי,CN,צימרוני אוזניים עץ כ,יחידה,0.00,יחידה,false,,3.50,0.0000,true,1,405
7290010650798,false,תבשיל בורגול ופטריות,קרלו,IL,לקט בורגול ופטריות,,1.00,יח',false,,13.90,13.9000,true,1,18040
7290010690527,false,כרוב על - קייל,,,כרוב על - קייל,,1.00,יח',false,,9.90,9.9000,true,1,14132
7290010711123,false,"ננס רביעיה ""שייני"" ח",מ.א ייצור ושיווק מטל,CN,"ננס רביעיה ""שייני"" ח",יחידה,0.00,יחידה,false,,6.90,0.0000,true,1,4964
7290010711901,false,שייני מיקרופייבר לרצפה,מ.א ייצור ושיווק מטל,CN,שייני מטליות מיקרופי,יחידה,0.00,יחידה,false,,13.90,0.0000,true,1,36901
7290010711932,false,שייני מטליות אינטנסיב רב שימושית 9 יח',נועם אורים תעשיות בע,IL,מארז 9 מטליות שייני.,יחידה,0.00,יחידה,false,,6.90,0.0000,true,1,4974
7290010718627,false,פנינה - אל סבון נוזלי ירוק 1 ל',סאסא קוסמטיקס,IL,אל סבון נוזלי ירוק פ,יחידה,0.00,יחידה,false,,8.90,0.0000,true,1,6492
7290010718634,false,"פנינה רוזנבלום -אל סבון נוזלי לבן,1 ליטר",סאסא קוסמטיקס,IL,אל סבון נוזלי לבן פנ,יחידה,0.00,יחידה,false,,8.90,0.0000,true,1,6493
7290010748860,false,"ד""ר פישר - אפקטיב קר קרם ידיים אינטנסיב 150 מ""ל",פישר מעבדות פרמצבטיו,IL,קרם ידיים אינטנסיב א,,150.00,"100 מ""ל",false,,11.90,0.0793,true,1,10822
7290010838219,false,ממתיק על בסיס צמח הסטיביה - שקיות,תות ממתקי איכות,IL,סטיביה 100 שקיות,,100.00,100 גרם,false,,29.90,0.2990,true,1,2200
7290010883356,false,כפפות אלוורה רב שימושיות מרופדות גדול L,סנו סושי,CN,סנו סושי זוג כפפות א,יחידה,0.00,יחידה,false,,8.90,0.0000,true,1,11236
7290010883363,false,כפפות אלוורה רב שימושיות מרופדות קטן S,האי נאם סי או אל.טי.,CN,סנו סושי זוג כפפות א,יחידה,0.00,יחידה,false,,8.90,0.0000,true,1,11237
7290010922949,false,תות שדה קפוא בלדי 250 גרם,,IL,תות שדה קפוא שייק אי,,250.00,100 גרם,false,,10.00,0.0400,true,1,24255
7290010931330,false,מטבוחה אחלה 500 גרם,מיוצר עי קונדיטוריית,IL,אחלה מטבוחה 500ג,,500.00,100 גרם,false,,14.50,0.0290,true,1,9062
7290010945306,false,חלב 3% בקרטון 2 ל' טרה,טרה,IL,טרה חלב בקרטון 3% 2,ליטרים,2.00,ליטר,false,,12.40,6.2000,true,1,2445
7290010945450,false,גבינה לבנה 3% 250 גר מועשר בסידן וויטמין,טרה,IL,טרה גבינה לבנה מהדרי,,250.00,100 גרם,false,,4.95,0.0198,true,1,2446
7290011015862,false,"פריגת סירופ דיאט לימונענע 750 מ""ל",סירופ - גבעת חיים,IL,סירופ דיאט לימונענע,,750.00,"100 מ""ל",false,,21.90,0.0292,true,1,2658
7290011017866,false,קוקה קולה קלאסי בפחית,החברה המרכזית לייצור,IL,קוקה קולה פחית סליק,,330.00,"100 מ""ל",false,,5.00,0.0152,true,1,2661
7290011017873,false,"קוקה קולה זירו פחית 330 מ""ל",החברה המרכזית לייצור,IL,ZERO קולה פחית סליק,,330.00,"100 מ""ל",false,,5.00,0.0152,true,1,2662
7290011017880,false,דיאט קוקה קולה פחית סליק 330מל,החברה המרכזית לייצור,IL,קולה דיאט פחית סליק,,330.00,"100 מ""ל",false,,5.00,0.0152,true,1,2663
7290011018443,false,"פנטה אורנג פחית סליק 330 מ""ל",החברה המרכזית לייצור,IL,פאנטה אורנג פחית סלי,,330.00,"100 מ""ל",false,,5.00,0.0152,true,1,2666
7290011051440,false,שוופס מוגז עדין פירות יער 0.5 ליטר,,,שוופס מוגז עדין פ.יע,,500.00,"100 מ""ל",false,,6.20,0.0124,true,1,4308
7290011051525,false,ספרינג טי קר אפרסק 500מל,יפאורה תבורי,IL,ספרינג טי קר אפרסק 5,,500.00,"100 מ""ל",false,,5.00,0.0100,true,1,4309
7290011115166,false,נקה 7 ארומה סבון נוזלי לבנדר 1 ל',טרופיקל דגיל תעשיות,IL,תחליב רחצה לבנדר נקה,יחידה,0.00,יחידה,false,,13.90,0.0000,true,1,11239
7290011115258,false,אל סבון מוצק מבושם בניחוח עדין קלאסיק - מארז רביעיה,"גליל כימיכלים בע""מ",IL,סבון מוצק ירוק נקה 7,,400.00,100 גרם,false,,10.90,0.0273,true,1,11243
7290011115289,false,אל סבון מוצק מבושם בניחוח עדין קלאסיק - מארז רביעיה,"גליל כימיכלים בע""מ",IL,סבון מוצק לילך נקה 7,,400.00,100 גרם,false,,10.90,0.0273,true,1,11246
7290011126209,false,תה הגן הקסום תפוח וקינמון - סיידר 25 שקיקים,HIQ FOOD PRODUCTS,IL,תה הגן הקסום תפוח וק,,55.00,100 גרם,false,,17.90,0.3255,true,1,9485
7290011126452,false,חליטת קמומיל ונענע 25 שקיקים גן קסום,HIQ FOOD PRODUCTS,IL,תה קמומיל ונענע 1.5ג,,37.50,100 גרם,false,,17.90,0.4773,true,1,9486
7290011132507,false,"סודה סן בנדטו מוגז עדין 500מ""ל",אקווה מינרלה סאן בנד,IT,סאן בנדטו מוגז עדין,,500.00,"100 מ""ל",false,,2.90,0.0058,true,1,3489
7290011148911,false,פלפלים מתוקים טינקרב,קוליוס,IL,פלפלים מתוקים טינקרב,,300.00,100 גרם,false,,7.90,0.0263,true,1,13128
7290011154080,false,"תרכיז תפוחים צלול טעמי הגליל 500 מ""ל",טעמי הגליל,IL,תרכיז תפוחים צלול טע,,500.00,"100 מ""ל",false,,19.90,0.0398,true,1,20379
7290011194215,false,מעדן גבינה ויוגורט בטעם בננה 5% שומן 88 ג' דניאלה,"שטראוס בריאות בע""מ",IL,"דניאלה בננה 150 מ""ל",,150.00,"100 מ""ל",false,,3.90,0.0260,true,1,9063
7290011194246,false,קוטג שטראוס 5% עם סידן 250ג,מיוצר עי קונדיטוריית,IL,קוטג שטראוס 5% עם סי,,250.00,100 גרם,false,,5.80,0.0232,true,1,9064
7290011239336,false,מחרום חלבה ללא סוכר,"בני ריאד מחרום בע""מ",IL,מחרום חלבה ללא סוכר,,400.00,100 גרם,false,,14.90,0.0373,true,1,42888
7290011239404,false,עמוס חטיפים שונים אר,"בני ריאד מחרום בע""מ",IL,עמוס חטיפים שונים אר,,300.00,100 גרם,false,,14.90,0.0497,true,1,14427
7290011249748,false,רולים גלילי ופל במילוי קרם שוקולד 100 ג' עלמה,"גילרו בע""מ",IL,גילרו רולים שוקו 100,,100.00,100 גרם,false,,2.90,0.0290,true,1,14017
7290011249755,false,רולים גלילי ופל במילוי קרם אגוזים 100 ג' עלמה,"גילרו בע""מ",IL,רולים אגוז 100 גרם,,100.00,100 גרם,false,,2.90,0.0290,true,1,14018
7290011254032,false,קינואה מיה 500 גרם,"מיה תעשיות מזון בע""מ",IL,קינואה 500 גרם,,500.00,100 גרם,false,,9.90,0.0198,true,1,5472
7290011378028,false,חלבה קלאסית בטעם וניל ללא תוספת סוכר,רושדי תעשיות מזון בע,IL,בארכה חלבה וניל ללא,,350.00,100 גרם,false,,13.90,0.0397,true,1,6817
7290011378769,false,בארכה - חטיף בקטנה חלבה וניל 20 גרם * 6,רושדי תעשיות מזון בע,IL,בארכה בקטנה מאגדת ונ,,120.00,100 גרם,false,,10.90,0.0908,true,1,6822
7290011378776,false,חלבה חטיף פיסטוק בארכה בקטנה מארז 126ג',רושדי תעשיות מזון בע,IL,בארכה בקטנה מאגדת פי,,120.00,100 גרם,false,,10.90,0.0908,true,1,6823
7290011379018,false,מארז משפחתי שמפיניון 500 ג' מרינה,מרינה פטריות,IL,פטריות צמד חמד,,500.00,100 גרם,false,,15.90,0.0318,true,1,14134
7290011435226,false,דבש מפרחי בר לחיץ 650 ג' יד מרדכי,מכוורת יד מרדכי שטרא,IL,דבש מפרחי בר לחיץ 65,,650.00,100 גרם,false,,31.10,0.0478,true,1,8570
7290011438142,false,"משקה יטבתה אייס קפה בבקבוק אישי 350 מ""ל",שטראוס גרופ,IL,יטבתה אייס קפה בבקבו,,350.00,"100 מ""ל",false,,6.20,0.0177,true,1,9066
7290011447267,false,מטרנה פרימיום חלבי שלב 1 700 גרם חיסכון,מטרנה תעשיות ש.מ,IL,מטרנה חלבי שלב 1 70,,700.00,100 גרם,false,,47.90,0.0684,true,1,6826
7290011447281,false,מטרנה פרימיום חלבי שלב 2 700 גרם חיסכון,מטרנה תעשיות ש.מ,IL,מטרנה חלבי שלב 2 70,,700.00,100 גרם,false,,47.90,0.0684,true,1,6827
7290011447304,false,מטרנה פרימיום חלבי שלב 3 700 גרם חיסכון,מטרנה תעשיות ש.מ,IL,מטרנה חלבי שלב 3 12*,,700.00,100 גרם,false,,47.90,0.0684,true,1,6828
7290011473006,false,קינואה אורגנית תבואו,תבואות,BO,קינואה רויאל אורגני,,500.00,100 גרם,false,,16.90,0.0338,true,1,19117
7290011499105,false,בולגרית מסורתית 5% 250 גרם -רבנות,ג'נרל מילס סאן אדריא,IL,גד בולגרית 5% 250ג,,250.00,100 גרם,false,,23.90,0.0956,true,1,5259
7290011499112,false,בולגרית מסורתית 16% 250 גרם - רבנות,"מיוצר ע""י dsh",IL,גד בולגרית 16% 250ג,,250.00,100 גרם,false,,23.90,0.0956,true,1,5260
7290011499129,false,בולגרית מעודנת קוביות קטנות 5% 200 גרם - רבנות,קוד יצרן DSH,IL,גד בולגרית מעודנת קו,,200.00,100 גרם,false,,22.90,0.1145,true,1,5261
7290011499303,false,פטה עיזים מעודנת 5% בגביע 250 גרם - רבנות,ג'נרל מילס סאן אדריא,IL,פטה עיזים מעודנת 5%,,250.00,100 גרם,false,,32.00,0.1280,true,1,5262
7290011499341,false,קשקבל בוואקום 26% 200 גרם - רבנות,הנסיך- מפעל לייצור ט,IL,קשקבל מחלבות גד 200,,250.00,100 גרם,false,,27.50,0.1100,true,1,5264
7290011499358,false,פטה עיזים מסורתית 20% בגביע 200 גרם - רובין,מיוצר על ידי קוד יצר,IL,גד פטה עיזים 20% 200,,200.00,100 גרם,false,,26.60,0.1330,true,1,5265
7290011499365,false,גבינה חלומי נענע גד,"מחלבות גד בע""מ",IL,גד חלומי 24% 200ג,,200.00,100 גרם,false,,22.40,0.1120,true,1,5266
7290011499419,false,גבינה במרקם שמנת בטעם טבעי 5% ניו יורק,מחלבות גד,IL,גבינה במרקם שמנת 5%,,200.00,100 גרם,false,,12.40,0.0620,true,1,5267
7290011499525,false,גד לאבנה דרוזית 9% 500 ג',מחלבות גד בעמ,IL,גד לאבנה דרוזית 9% 5,,500.00,100 גרם,false,,21.90,0.0438,true,1,5268
7290011499624,false,שמנת 30% ניו יורק טבעי 200 גרם רבנות,מחלבות גד,IL,גד ניו יורק גבינת שמ,,200.00,100 גרם,false,,14.10,0.0705,true,1,5269
7290011499846,false,גבינת ריקוטה פרסקה 9% 300 ג' גד,מחלבות גד בעמ,IL,גד ריקוטה פרסקה 5% 3,,300.00,100 גרם,false,,18.50,0.0617,true,1,5276
7290011505806,false,קיסמי שיניים דנטאליים מפלסטיק 200 יחידות בחבית,הוסטס Hostess,CN,קיסמי שיניים פלסטיק,יחידה,0.00,יחידה,false,,7.90,0.0000,true,1,409
7290011518561,false,"אקטימל תות משפחתי מארז 14X100מ""ל",מיוצר עי קונדיטוריית,IL,אקטימל תות משפחתי 14,ליטרים,1.40,ליטר,false,,29.90,21.3571,true,1,9067
7290011530525,false,מיקס פירות קפואים שייק איט צהוב - 3*150 ג',"הבו-קדו בע""מ",IL,שייק איט יום שלישי 4,,450.00,100 גרם,false,,29.90,0.0664,true,1,13019
7290011530532,false,מיקס פירות קפואים שייק איט ירוק - 3*150 ג',"הבו-קדו בע""מ",IL,שייט איט יום שני 450,,450.00,100 גרם,false,,29.90,0.0664,true,1,13020
7290011530549,false,מיקס פירות קפואים שייק איט ורוד - 3*150 ג',"הבו-קדו בע""מ",IL,שייק איט יום ראשון 4,,450.00,100 גרם,false,,29.90,0.0664,true,1,13021
7290011530747,false,מיקס פירות קפואים שייק איט סגול - 3*150 ג',"הבו-קדו בע""מ",IL,שייק איט יום רביעי 4,,450.00,100 גרם,false,,29.90,0.0664,true,1,13023
7290011553876,false,פרורי לחם קלאסי שקית,,,פרורי לחם קלאסי שקית,,800.00,100 גרם,false,,11.90,0.0149,true,1,65807
7290011553883,false,פרורים מוזהבים שקית,,,פרורים מוזהבים שקית,,800.00,100 גרם,false,,11.90,0.0149,true,1,65819
7290011575007,false,"הפי מרסס שומר ברק למקלחון 750 מ""ל",דומל,DE,הפי-מרסס לאמבט חדש 7,,750.00,"100 מ""ל",false,,18.90,0.0252,true,1,4222
7290011587123,false,קרם קוקוס תומר 400 מ,,IL,קרם קוקוס תומר 400 מ,,400.00,"100 מ""ל",false,,7.90,0.0198,true,1,9608
7290011587451,false,גרנולה בתוספת פירות ואגוזים,ויטליה,IL,גרנולה + פירות ואגוז,,600.00,100 גרם,false,,12.90,0.0215,true,1,9610
7290011593087,false,"שמן זית כתית מעולה 750 מ""ל סבא חביב",סאן אויל עיבוד ושיוו,IL,סבא חביב שמן זית כתי,,750.00,"100 מ""ל",false,,29.90,0.0399,true,1,18888
7290011593704,false,"שמן זית סורי 750 מ""ל סבא חביב",,,שמן זית סורי הסדרה ה,,750.00,"100 מ""ל",false,,42.90,0.0572,true,1,50970
7290011598211,false,"סנו - אנטי קאלק מרסס ניקוי כללי 4 ב-1 700 מ""ל",מיוצר עי קונדיטוריית,IL,מנקה כללי אנטיקאלק 7,,700.00,"100 מ""ל",false,,17.90,0.0256,true,1,11248
7290011598402,false,סנו מקסימה מרכך כביסה וויט מילק 4 ליטר,סנו מקסימה,IL,מרכך כביסה סנו מקסימ,ליטרים,4.00,ליטר,false,,21.90,5.4750,true,1,11251
7290011599836,false,משפר אפיה טבעי 100 ג' רובינפלד,,,משפר אפיה רובינפלד 1,,100.00,100 גרם,false,,10.90,0.1090,true,1,28867
7290011607180,false,"אבקת כביסה קולון 101 1.25 ק""ג",ריקט בנקיזר ( ניר אי,IL,"קולון 101 1.25 ק""ג",קילוגרמים,1.25,"ק""ג",false,,12.90,10.3200,true,1,7788
7290011607197,false,"אבקת כביסה קולון 101 5 ק""ג",רקיט בנקיזר,IL,"קולון 101 5 ק""ג",קילוגרמים,5.00,"ק""ג",false,,39.90,7.9800,true,1,7789
7290011615260,false,"טורטייה 20 ס""מ קוטר וילי פוד 540 גר",מוטלוקל גידה סאנאי ט,TR,"עלי טורטיה בד""ץ וילי",,540.00,100 גרם,false,,7.90,0.0146,true,1,1298
7290011615277,false,"עלי טורטיוה קמח חיטה 25ס""מ 12יח' ויליפוד 840 ג'",מוטלוקל גידה סאנאי ט,TR,"עלי טורטיה בד""ץ וילי",,840.00,100 גרם,false,,14.90,0.0177,true,1,1299
7290011659004,false,צנצנת שום כתוש קפוא,,,צנצנת שום כתוש קפוא,,200.00,100 גרם,false,,11.90,0.0595,true,1,26630
7290011659073,false,קוביות שום קפוא 80 ג,,,קוביות שום קפוא 80 ג,,80.00,100 גרם,false,,9.90,0.1238,true,1,26635
7290011765095,false,קרמה מן גל גילוח אלוורה ירוק 200 מל,טרופיקל דגיל תעשיות,TR,ג'ל גילוח לעור עדין,,200.00,"100 מ""ל",false,,13.90,0.0695,true,1,11255
7290011765446,false,משחת שיניים לילדים בוב ספוג בטעם מיץ ענבים עם פלואוריד למניעת עששת,טרופיקל דגיל קוסמטיק,IL,משחת שיניים בוב ספוג,,50.00,"100 מ""ל",false,,7.90,0.1580,true,1,11261
7290011800840,false,טחינה בלאדי רפי כהן 400 ג' צבר,סלטי צבר,IL,צבר רפי כהן טחינה בל,,400.00,100 גרם,false,,14.90,0.0373,true,1,7358
7290011860271,false,ביסבול כדורי פירה בציפוי פריך,"תעשיות תפוגן בע""מ",IL,תפוגן ביס בול טבעי 7,,700.00,100 גרם,false,,15.90,0.0227,true,1,7359
7290011877088,false,"רדיד אלומיניום רוחב 30 ס""מ, 18 מיקרון - מארז זוג",בורסה פאזרי,TR,סנו סושי צמד רדידי א,,15.00,מטר,false,,14.90,0.9933,true,1,11264
7290011877446,false,"קרם בייבי כיף למניעת גירויים 100 מ""ל",קוסמופארם בע''מ,IL,קרם נגד גירויים בייב,,100.00,100 גרם,false,,9.90,0.0990,true,1,11267
7290011877859,false,סנו אינסטלטור חדש פותח סתימות 200ג',מיוצר עי קונדיטוריית,IL,סנו אינסטלטור פותח ס,,200.00,"100 מ""ל",false,,13.90,0.0695,true,1,11269
7290011877866,false,אבקת כביסה סנו מקסימה בניחוח Musk,"איי, בי, אינבוו",IL,אבקת כביסה סנו מקסימ,קילוגרמים,6.00,"ק""ג",false,,44.90,7.4833,true,1,11270
7290011912642,false,מי פה ליסטרין מנטה רענן,ליסטרין Listerine,IT,מי פה טאגד ליסטרין 5,,500.00,"100 מ""ל",false,,21.90,0.0438,true,1,10918
7290011931162,false,סוכרלייט ממתיק נוזלי על בסיס סוכרלוז,אף.סי תבליני בגליל ב,IL,סוכרלייט נוזלי 220מל,,220.00,"100 מ""ל",false,,22.90,0.1041,true,1,8574
7290011964658,false,תבלין מלח לימון טעם,"תבליני טעם וריח בע""מ",IL,תבלין מלח לימון טעם,,170.00,100 גרם,false,,9.90,0.0582,true,1,14292
7290011964689,false,תבלין תיבול על האש ללא מונוס' 100ג',"תבליני טעם וריח בע""מ",IL,תבלין על האש ללא מונ,,100.00,100 גרם,false,,9.90,0.0990,true,1,25459
7290012001994,false,חרדל דיז'ון גרעינים 350 ג' ריין דיזון,ריין דיז'ון reine dijon,FR,חרדל דיגון גרעינים 3,,350.00,100 גרם,false,,9.90,0.0283,true,1,2037
7290012019258,false,מחית תפוחי עץ רביעיה 4 * 113 ג' תומר,Cherry growers inc,US,"רסק תפו""ע מחית תפוחי",,452.00,100 גרם,false,,9.90,0.0219,true,1,9622
7290012022203,false,קליליות חיטה מלאה די,דילייט 2005,IL,קליליות חיטה מלאה די,,100.00,100 גרם,false,,13.90,0.1390,true,1,12130
7290012022227,false,קליליות חיטה טעם טבעי,דילייט 2005,IL,קליליות בטעם טבעי די,,60.00,100 גרם,false,,11.90,0.1983,true,1,12131
7290012022272,false,פריכיות קליליות קידס,דילייט 2005,IL,פריכיות קליליות קידס,יחידה,0.00,יחידה,false,,10.50,0.0000,true,1,12132
7290012086113,false,עגבניות שרי צימן קופסא 500ג',מרינה,IL,עגבניות שרי,,500.00,100 גרם,false,,9.90,0.0198,true,1,18043
7290012116537,false,"סנו מקסימה אבקת כביסה 2.5 ק""ג מאסק",טרופיקל דגיל תעשיות,IL,אבקת כביסה סנו מקסימ,קילוגרמים,2.50,"ק""ג",false,,22.90,9.1600,true,1,11278
7290012117091,false,אבקת -כביסה סנו מקסימה סנסיטיב 6 קג,סנו מקסימה,IL,אבקת כביסה סנו מקסימ,קילוגרמים,6.00,"ק""ג",false,,44.90,7.4833,true,1,11287
7290012117275,false,נוזל רב תכליתי לניקוי ולהברקה מילוי,טרופיקל דגיל תעשיות,IL,סנוקליר שקית מילוי 7,,750.00,"100 מ""ל",false,,5.90,0.0079,true,1,11288
7290012117435,false,"קרמה - שמפו וג'ל רחצה 2 ב-1 אלוורה 700 מ""ל",טרופיקל דגיל תעשיות,IL,שמפו וג'ל רחצה אלוור,,700.00,"100 מ""ל",false,,15.00,0.0214,true,1,11294
7290012117534,false,סנו - מקסימה מרכך כביסה מרוכז קול 1 ליטר,"סנו מפעלי ברונוס בע""",IL,סנו מקסימה מרכך קומפ,יחידה,0.00,יחידה,false,,16.90,0.0000,true,1,11296
7290012117732,false,סנו - מקסימה מרכך כביסה קול שחור 4 ליטר,"סנו מפעלי ברונוס בע""",IL,מרכך כביסה סנו מקסימ,ליטרים,4.00,ליטר,false,,21.90,5.4750,true,1,11302
7290012191053,true,המנגליסט גפרור ארוך,,,המנגליסט גפרור ארוך,יחידה,0.00,יחידה,false,,5.90,0.0000,true,1,26731
7290012191084,false,המנגליסט גפרורים עשי,,IN,המנגליסט גפרורים עשי,יחידה,0.00,יחידה,false,,2.90,0.0000,true,1,26732
7290012212154,false,מלפפון במלח קטן מוטו,מוטולה,IL,מלפפון במלח קטן בצנצ,,560.00,100 גרם,false,,12.90,0.0230,true,1,26208
7290012226120,false,מב זוגלובק קבנוס 135,זוגלובק,IL,זוגלובק קבנוס 135ג.,,135.00,100 גרם,false,,9.90,0.0733,true,1,13813
7290012226939,false,קבנוס עם צ'ילי חריף 135ג' זוגלובק,זוגלובק,IL,זוגלובק קבנוס בטעם צ,,135.00,100 גרם,false,,9.90,0.0733,true,1,13818
7290012227912,false,קבנוס עודן 135 ג' זוגלובק,זוגלובק,IL,קבנוס מעודן זוגלובק,,135.00,100 גרם,false,,9.90,0.0733,true,1,13830
7290012227974,false,פסטרמה הודו בדבש טהור דק דק דק,זוגלובק,IL,זוגלובק פסטרמה בדבש,,120.00,100 גרם,false,,12.90,0.1075,true,1,13831
7290012227981,false,פסטרמה דק דק ברביקיו 120 ג' זוגלובק,זוגלובק,IL,פסטרמה ברביקיו זוגלו,,120.00,100 גרם,false,,12.90,0.1075,true,1,13832
7290012260827,false,שערות קדאיף מזאווי 4,"ממתקי מזוואי בע""מ",IL,שערות קדאיף 475 גרם,,475.00,100 גרם,false,,13.90,0.0293,true,1,17230
7290012313240,false,יבנה זיתים מיקס ירוק וקלמטה 560 גר',קבוצת יבנה,,מיקס זית ירוק וקלמטה,,560.00,100 גרם,false,,11.50,0.0205,true,1,27335
7290012372124,false,"קמח כוסמין 100% 1 ק""ג רובינפלד",,,קמח כוסמין 100% רובי,קילוגרמים,1.00,"ק""ג",false,,17.90,17.9000,true,1,28870
7290012372209,false,"קמח חיטה לבן 1 ק""ג רובינפלד",,,קמח חיטה לבן מנופה ר,קילוגרמים,1.00,"ק""ג",false,,7.90,7.9000,true,1,28872
7290012404955,false,ספרינג קולקשן נקטר חמוציות 1.25 ל',"יפאורה תבורי בע""מ",IL,ספרינג נקטר חמוציות,ליטרים,1.25,ליטר,false,,12.40,9.9200,true,1,4313
7290012413636,false,תה ירוק צאי מסאלה 25 שקיקים 1.5 גרם,ויסוצקי ירוק,IL,תה ירוק צ'אי T.Tשמינ,,37.50,100 גרם,false,,22.90,0.6107,true,1,9498
7290012413643,false,תה ירוק קמומיל 25 שקיקים ויסוצקי,ויסוצקי ירוק,IL,תה ירוק קמומיל T.Tשמ,,37.50,100 גרם,false,,22.90,0.6107,true,1,9499
7290012522581,false,טבעול שניצל תירס ללא גלוטן טבעול 664 גרם,עיצובים 2020 (4.8),IL,טבעול שניצל תירס ללא,,664.00,100 גרם,false,,19.90,0.0300,true,1,7361
7290012561405,false,בצל חצי מטוגן דורות 180 גרם,עיצובים 2020 (3.8),IL,בצל חצי מטוגן דורות,,180.00,100 גרם,false,,9.90,0.0550,true,1,7362
7290012642586,false,ערמונים קלופים תומר 100 ג',Tangshan huiyuan foo,CN,ערמונים קלופים וקלוי,,100.00,100 גרם,false,,4.90,0.0490,true,1,9626
7290012645075,false,יוגורט כבשים יווני גביע 350 גרם חלב הארץ,חלב הארץ,IL,יוגורט כבשים בסגנון,,350.00,100 גרם,false,,11.90,0.0340,true,1,22107
7290012645112,false,"יוגורט עיזים בדלי חלב הארץ 750מ""ל",מחלבות סוסיא,IL,יוגורט עיזים בדלי 75,,750.00,"100 מ""ל",false,,17.90,0.0239,true,1,9070
7290012645280,false,"יוגורט כבשים טבעי 2.8% בגביע חלב הארץ 150מ""ל",מחלבות סוסיא,IL,יוגורט כבשים בסגנון,,150.00,"100 מ""ל",false,,4.90,0.0327,true,1,22111
7290012645389,false,יוגורט עיזים טבעי חלב הארץ 1 ל',מחלבות סוסיא,IL,חלב הארץ יוגורט ביו,ליטרים,1.00,ליטר,false,,21.90,21.9000,true,1,9074
7290012803451,false,שוקולד מריר מעולה 62% ללא תוספת סוכר,טוסו tusso,TR,טוסו שוקלד מריר 62%,,100.00,100 גרם,false,,8.90,0.0890,true,1,2227
7290012803772,false,שוקולד חלב ללא תוספת סוכר,אלטינמארקה גידה סאן,TR,טוסו שוקלד חלב 100ג,,100.00,100 גרם,false,,8.90,0.0890,true,1,2230
7290012823251,false,אל סבון כיף יסמין לבנדר 1 ליטר,קוסמופארם,IL,אל סבון יסמין לבנדר,ליטרים,1.00,ליטר,false,,10.90,10.9000,true,1,11305
7290012823374,false,מטליות לניקוי כללי אנטי קאלק,מיוצר עי קונדיטוריית,IL,מגבוני אנטי קאלק 50י,יחידה,0.00,יחידה,false,,10.90,0.0000,true,1,11307
7290012823381,false,מרכך כביסה מקסימה סנסיטיב מרוכז ורוד 1 ל' סנו,"סנו מפעלי ברונוס בע""",IL,סנו מקסימה סנסטיב מר,יחידה,0.00,יחידה,false,,16.90,0.0000,true,1,11308
7290012823916,false,גל כביסה סנו מקסימ מרוכז קריסטל נואר 5 ל,סנו מקסימה,IL,מקסימה ג'ל כביסה קרי,ליטרים,5.00,ליטר,false,,44.90,8.9800,true,1,11317
7290012823923,false,מרכך כביסה סופר מרוכז פרפיום גולדן סנרייז,סנו מפעלי ברונוס בעמ,IL,סנו מקסימה מרכך פרפי,,750.00,"100 מ""ל",false,,16.90,0.0225,true,1,11318
7290012838026,false,עוגיות מלוחות עדי 35,,,עוגיות מלוחות עדי 35,,350.00,100 גרם,false,,15.90,0.0454,true,1,28817
7290012850011,false,מחית ביליבד תפוחי עץ 190ג',NOVOFRUCHT SK S.R.O,SK,בי לאב מחית תפוח עץ,,190.00,100 גרם,false,,5.90,0.0311,true,1,22920
7290012850035,false,מחית ביליבד תפוח ואפרסק 190ג',NOVOFRUCHT SK S.R.O,SK,תפוח ואפרסק 190גרם B,,190.00,100 גרם,false,,5.90,0.0311,true,1,22921
7290012884986,false,תפוגן ציפס לתנור עד 4% שומן 1.5 קג,"תעשיות תפוגן בע""מ",IL,תפוגן ציפס לתנור עד,קילוגרמים,1.50,"ק""ג",false,,24.90,16.6000,true,1,7364
7290012931611,false,שייני כריות ברזל שלשייה,מ.א ייצור ושיווק מטל,CN,כריות ברזל שלישייה,יחידה,0.00,יחידה,false,,5.90,0.0000,true,1,4984
7290012936937,false,תבלינים בהרט בצנצנת 40 גרם,א.ל ייצור ושיווק תבל,IL,מימון בהרט 40 גרם,,50.00,100 גרם,false,,11.60,0.2320,true,1,153
7290012938405,false,דיימונד רדיד אלומיניום עבה במיוחד 7 מטר,ריינולדס,US,דאיימונד נייר כסף 87,,7.60,מטר,false,,13.90,1.8289,true,1,1549
7290012938580,false,"סנסודיין משחת שיניים להלבנה עדינה 75 מ""ל",גלקסוסמית'קליין קונס,GB,משחת שיניים הלבנה עד,,75.00,"100 מ""ל",false,,21.90,0.2920,true,1,1550
7290012962912,false,כפפות ניטריל סייף טא,,,כפפות ניטריל סייף טא,יחידה,0.00,יחידה,false,,27.90,0.0000,true,1,18823
7290012962929,false,כפפות ניטריל סייף טא,,,כפפות ניטריל סייף טא,יחידה,0.00,יחידה,false,,27.90,0.0000,true,1,18824
7290012962936,false,כפפות ניטריל סייף טא,,,כפפות ניטריל סייף טא,יחידה,0.00,יחידה,false,,27.90,0.0000,true,1,18825
7290013027399,false,לחם קמח מלא קל בתוספת שיפון 750 ג' אנג'ל,מאפיית שלמה א. אנג'ל,IL,לחם 100 בתוספת שיפון,,750.00,100 גרם,false,,12.90,0.0172,true,1,13056
7290013083678,false,תרכובת מזון המשך לפעוטות שלב 2 Extra Care,מולינו ניקולי s.p.a,IL,מטרנה אקסטרה קר שלב,,700.00,100 גרם,false,,58.90,0.0841,true,1,6832
7290013083685,false,תרכובת מזון המשך לפעוטות שלב 3 Extra Care,מטרנה תעשיות ש.מ,IL,מטרנה אקסטרה קר שלב,,700.00,100 גרם,false,,58.90,0.0841,true,1,6833
7290013117212,false,בורקס פילו במילוי גבינה מעדנות 600 גר,מיוצר עי קונדיטוריית,IL,בורקס פילו גבינה מעד,,600.00,100 גרם,false,,19.90,0.0332,true,1,13165
7290013117229,false,"בורקס פילו במילוי תפו""א מעדנות 600 גר",מיוצר עי קונדיטוריית,IL,בורקס פילו תפוא מעדנ,,600.00,100 גרם,false,,19.90,0.0332,true,1,13166
7290013117243,false,בורקס פילו בולגרית מעדנות 600 ג',מיוצר עי קונדיטוריית,IL,בורקס פילו בולגרית מ,,600.00,100 גרם,false,,19.90,0.0332,true,1,13168
7290013117410,false,בצק פריך מרודד למאפים מתוקים 900 ג' מעדנות,מיוצר עי קונדיטוריית,IL,מעדנות בצק פריך מרוד,,900.00,100 גרם,false,,19.90,0.0221,true,1,13169
7290013117427,false,בצק פריך מרודד למאפים מלוחים 900 ג' מעדנות,מיוצר עי קונדיטוריית,IL,מעדנות בצק פריך מרוד,,900.00,100 גרם,false,,22.90,0.0254,true,1,13170
7290013117526,false,מעדנות בצק שמרים למאפים מתוקים 900 גרם,"מעדנות בע""מ",IL,מעדנות בצק שמרים למא,,900.00,100 גרם,false,,22.90,0.0254,true,1,13171
7290013121028,false,לחם לבן ללא גלוטן 500 גר קפוא,אביב קונדיטוריה מעול,IL,לחם לבן ללא גלוטן גר,,500.00,100 גרם,false,,17.90,0.0358,true,1,17231
7290013121158,false,רביעיית לחמניות סנדויץ 460 גר קפוא,אביב קונדיטוריה מעול,IL,רביעיית לחמניות סנדב,,460.00,100 גרם,false,,17.90,0.0389,true,1,17235
7290013144140,false,תערובת להכנת סופגניות מימונס 600 ג',מיוצר עי קונדיטוריית,IL,מימונס תערובת לסופגנ,,600.00,100 גרם,false,,17.50,0.0292,true,1,155
7290013144232,false,פודינג בטעם וניל מימונס 80 ג',מיוצר עי קונדיטוריית,IL,פודינג וניל מימונס 8,,80.00,100 גרם,false,,4.90,0.0613,true,1,163
7290013144317,false,גלילית וופל למילוי מימונס 18 יח',הגביע מוצרי וופלים ב,IL,ג`וני - גלילית וופל,,400.00,100 גרם,false,,21.90,0.0547,true,1,168
7290013144393,false,"תמצית בטעם וניל מימונס 50 מ""ל",מיוצר עי קונדיטוריית,IL,תמצית בטעם וניל 50גר,,50.00,100 גרם,false,,4.90,0.0980,true,1,171
7290013144409,false,"תמצית בטעם רום מימונס 50 מ""ל",מיוצר עי קונדיטוריית,IL,תמצית בטעם רום 50גר,,50.00,"100 מ""ל",false,,4.90,0.0980,true,1,172
7290013144751,false,מימונס סירופ בטעם מייפל 500 מל,מימונס אפיה,IL,מימונס סירופ בטעם מי,,500.00,"100 מ""ל",false,,13.90,0.0278,true,1,180
7290013144768,false,סירופ בטעם שוקולד מימונס 500ג',מימונס אפיה,IL,מימונס סירופ בטעם שו,,500.00,"100 מ""ל",false,,13.90,0.0278,true,1,181
7290013145215,false,שומשום מימונס 400 גרם,מיוצר עי קונדיטוריית,IL,שומשום 400גר,,400.00,100 גרם,false,,14.90,0.0373,true,1,199
7290013145628,false,סוכריות צבעוניות לקישוט מימונס 200 ג',א.ל ייצור ושיווק תבל,IL,סוכריות צבעוניות לקי,,200.00,100 גרם,false,,8.90,0.0445,true,1,212
7290013145710,false,דובדבנים מסוכרים מימונס 100 ג',מיוצר עי קונדיטוריית,IL,דובדבנים מסוכרים 100,,100.00,100 גרם,false,,9.90,0.0990,true,1,213
7290013145840,false,סוכר וניל מימונס 10* 10 ג',מיוצר עי קונדיטוריית,IL,מימונס סוכר וניל 10*,,100.00,100 גרם,false,,2.20,0.0220,true,1,218
7290013145901,false,סודה לשתיה מימונס 100 ג',מימונס אפיה,IL,סודה לשתיה 100 גרם,,100.00,100 גרם,false,,1.90,0.0190,true,1,222
7290013145918,false,אבקת סוכר מימונס 100 גר',א.ל. ייצור ושיווק תב,IL,אבקת סוכר 100 גרם,,100.00,100 גרם,false,,1.90,0.0190,true,1,223
7290013145949,false,אבקת סוכר באריזת פטנט 250גר,מיוצר עי קונדיטוריית,IL,אבקת סוכר באריזת פטנ,,250.00,100 גרם,false,,15.90,0.0636,true,1,224
7290013145956,false,שמרים יבשים בוואקום מימונס 500 ג',הנסיך- מפעל לייצור ט,CN,מימונס שמרים יבשים ב,,500.00,100 גרם,false,,13.90,0.0278,true,1,225
7290013145963,false,שמרים יבשים בוואקום מימונוס 125 ג',מימונס אפיה,CN,מימונס שמרים יבשים ב,,125.00,100 גרם,false,,5.90,0.0472,true,1,226
7290013146304,false,קורנפלור 500 גרם מימונס.,,,מימונס קורנפלור 500,,500.00,100 גרם,false,,6.90,0.0138,true,1,238
7290013146762,false,מימונס קצפת 24% 200 גרם,,IL,קצפת לזילוף 24% שומן,,500.00,100 גרם,false,,7.90,0.0158,true,1,21404
7290013156006,false,עוגיות כעכים לקפה מרוקאיות 200גר,,,עוגיות מרוקאיות גיק,,350.00,100 גרם,false,,15.90,0.0454,true,1,28818
7290013156846,false,עוגיות מלוחות גיקובס,,,עוגיות מלוחות גיקובס,,350.00,100 גרם,false,,15.90,0.0454,true,1,28822
7290013156914,false,עוגיות כעך טוניסאי ג,,,עוגיות כעך טוניסאי ג,,350.00,100 גרם,false,,15.90,0.0454,true,1,28823
7290013156921,false,עצבעות מתוקות ללא תו,,,"עוגיות מרוקאיות לל""",,350.00,100 גרם,false,,15.90,0.0454,true,1,28824
7290013203182,false,שרי מנומר -ליקופן,,,שרי מנומר -ליקופן,,200.00,100 גרם,false,,9.90,0.0495,true,1,18044
7290013220134,false,מיקס פירות שדה קפוא,א.מ שרון,PL,פירות יער 500 גרם בק,,500.00,100 גרם,false,,19.90,0.0398,true,1,17244
7290013220899,false,תות שדה קפוא 500 גרם,א.מ שרון,PL,תות שדה קפוא 500 גרם,,500.00,100 גרם,false,,19.90,0.0398,true,1,17245
7290013221001,false,חתיכות אננס קפוא 500,א.מ שרון,PL,אננס 500 גרם בקופסא,,500.00,100 גרם,false,,19.90,0.0398,true,1,17247
7290013221018,false,חתיכות מנגו קפוא 500,א.מ שרון,PL,מנגו 500 גרם בקופסא,,500.00,100 גרם,false,,19.90,0.0398,true,1,17248
7290013221056,false,אפרסק פרוסות קפוא 50,א.מ שרון,PL,אפרסק 500 גרם בקופסא,,500.00,100 גרם,false,,19.90,0.0398,true,1,26641
7290013268020,false,סנו - מקסימה מרכך כביסה מרוכז אולטרה פרש 1 ליטר,"סנו מפעלי ברונוס בע""",IL,סנו מקסימה אולטרא פר,יחידה,0.00,יחידה,false,,16.90,0.0000,true,1,11320
7290013268037,false,סנו מקסימה מרכך כביסה פצ''ולי מרוכז סגול 1 ל',סנו מקסימה,IL,סנו מקסימה פצ'ולי מר,יחידה,0.00,יחידה,false,,16.90,0.0000,true,1,11321
7290013268242,false,תרכיז ריחני לניקוי רצפות בריח מלון מפנק ריצפז פרש,"סנו מפעלו ברונוס בע""",IL,ריצפז פרש הום בניחוח,ליטרים,2.00,ליטר,false,,19.90,9.9500,true,1,11325
7290013268563,false,"קרמה - דאודורנט ספריי לגבר ללא אלומיניום כחול קול 200 מ""ל",מיוצר עי אמיליה קוסמ,IL,דאודורנט ספרי קרמה מ,,200.00,"100 מ""ל",false,,12.90,0.0645,true,1,22993
7290013268884,false,סנו ריצפז פרש 2 ליטר מאסק,מיוצר עי קונדיטוריית,IL,ריצפז פרש מאסק 2 ליט,ליטרים,2.00,ליטר,false,,17.90,8.9500,true,1,11331
7290013268891,false,מסיר כתמים ג'ל אוקסיג'ן ללא אקונומיקה,"סנו מפעלי ברונוס בע""",IL,סנו אוקסיג'ן 3 ליטר,ליטרים,3.00,ליטר,false,,28.90,9.6333,true,1,11332
7290013268907,false,ג'ל כביסה ביו בטמפרטורות נמוכות,"סנו מפעלי ברונוס בע""",IL,מקסימה ג'ל כביסה ביו,ליטרים,3.00,ליטר,false,,28.90,9.6333,true,1,11333
7290013268990,false,סנו - מקסימה מרכך כביסה מרוכז ביו 1 ליטר,"סנו מפעלי ברונוס בע""",IL,סנו מקסימה מרכך מרוכ,יחידה,0.00,יחידה,false,,16.90,0.0000,true,1,11336
7290013269003,false,מרכך כביסה סופר מרוכז בייבי לתינוקות ולעור רגיש,"סנו מפעלי ברונוס בע""",IL,סנו מקסימה קר בייבי,ליטרים,1.00,ליטר,false,,17.90,17.9000,true,1,11337
7290013269263,false,ג'ל כביסה מרוכז מקסימה בבישום קריסטל נואר,סנו מפעלי ברונוס בעמ,IL,מקסימה גל כביסה קריס,ליטרים,3.00,ליטר,false,,28.90,9.6333,true,1,11338
7290013269287,false,סנו - מקסימה ג'ל כביסה מרוכז מאסק 3 ליטר,"סנו מפעלי ברונוס בע""",IL,מקסימה מאסק גל כביסה,ליטרים,3.00,ליטר,false,,28.90,9.6333,true,1,11339
7290013269621,false,ריצפז פרש לניקוי רצפות בניחוח מלון בוטיק,מיוצר עי קונדיטוריית,IL,ריצפז פרש הום בניחוח,ליטרים,2.00,ליטר,false,,19.90,9.9500,true,1,11343
7290013269638,false,ספוג הפלא אקסטרה Extra- מארז 6 יח',סנו סושי,US,סנו סושי ספוג הפלא א,יחידה,0.00,יחידה,false,,9.70,0.0000,true,1,11344
7290013269645,false,מטליות לחות לניקוי הרצפה בניחוח מאסק ריצפז פרש,סנו מפעלי ברונוס בעמ,IL,ריצפז פרש מטליות לחו,יחידה,0.00,יחידה,false,,9.90,0.0000,true,1,11345
7290013269850,false,סנו - סושי נייר אפייה אקולוגי 50 יח',מולינו ניקולי s.p.a,IL,סנו סושי נייר אפיה א,יחידה,0.00,יחידה,false,,14.90,0.0000,true,1,11351
7290013284662,false,רוטב פיצה פיתה לילדים 240 ג' פריניר,פריניר ( הדס 1987) ב,IL,רוטב פיצה פיתה פריני,,240.00,100 גרם,false,,4.90,0.0204,true,1,17671
7290013310163,false,מדליק פחם מוצק 40 יח' EASY LIGHT,הדקלאים אגודת שיתופי,DE,איזילייט מדליק פחם מ,יחידה,0.00,יחידה,false,,5.90,0.0000,true,1,418
7290013358356,false,מאסטר שף - פירורי לחם מוזהבים 320 גרם,מנה י.א בעמ,IL,מאסטר שף פירורי לחם,,350.00,100 גרם,false,,6.90,0.0197,true,1,8085
7290013358417,false,מנה אסייאתי רוטב טריאקי 300 מל מאסטר שף,קריניציה ויטמינה אס,TH,מאסטר שף אסייאתי רוט,,300.00,"100 מ""ל",false,,12.90,0.0430,true,1,8088
7290013358530,false,מאסטר שף אסייאתי רוטב צ'ילי מתוק 700 מל,קריניציה ויטמינה אס,TH,מאסטר שף רוטב צ'ילי,,700.00,"100 מ""ל",false,,12.90,0.0184,true,1,8092
7290013358547,false,מאסטר שף אסייאתי רוטב צ'ילי חריף 700 מל,קי.אר.אס. ספייסי פוד,TH,מאסטר שף רוטב צ'ילי,,700.00,"100 מ""ל",false,,12.90,0.0184,true,1,8093
7290013366634,false,כרמל יבולים חסה סלנו,שמיניית מעדן חלב שוק,IL,חסה סלנובה,,1.00,יח',false,,11.90,11.9000,true,1,15533
7290013389374,false,קמח תירס פולנטה תומר 500ג',פיקטה piccata,,קמח תירס תומר 500 גר,,500.00,100 גרם,false,,9.30,0.0186,true,1,9632
7290013472199,false,ערמונים קלופים וקלויים 105 גרם,בייג'גג פוינונג,CN,וילי פוד ערמונים 100,,100.00,100 גרם,false,,4.90,0.0490,true,1,1302
7290013531117,false,רוטב פסטה לילדים 240 גרם יכין,"זנלכל בע""מ",IL,רוטב לפסטה לילדים יכ,,260.00,100 גרם,false,,5.50,0.0212,true,1,3161
7290013531346,false,סירופ דיאט לימונענע יכין 1 ליטר,יכין,IL,סירופ דיאט לימונענע,ליטרים,1.00,ליטר,false,,16.90,16.9000,true,1,3162
7290013531582,false,מארז זיתים ירוקים מגולענים יכין 200 גרם,קרלו,IL,זיתים חרוזית מגולעני,,600.00,100 גרם,false,,11.90,0.0198,true,1,3164
7290013531759,false,שעועית אפויה במים 550 ג' יכין,"זנלכל בע""מ",IL,שעועית אפויה במים יכ,,550.00,100 גרם,false,,9.90,0.0180,true,1,3167
7290013534057,false,"צ'יפס בטטה טבעי מיה 100ג' 'כשל""פ",מיה תעשיות מזון בעמ,IL,מיה ציפס בטטה טבעי 1,,100.00,100 גרם,false,,7.90,0.0790,true,1,5527
7290013579232,false,אוכמניות כחולות קפואות בלדי 250 גרם,,IL,אוכמניות כחולות קפוא,,250.00,100 גרם,false,,10.00,0.0400,true,1,24257
7290013580009,false,המבורגר זהב 400 ג' 12 יח',בלדי,IL,המבורגר זהב 400 גרם,,400.00,100 גרם,false,,15.90,0.0398,true,1,13027
7290013585233,false,"ספרייט זירו פחית סליק 330 מ""ל",קוקה קולה ישראל,IL,פחית סליק 330 מל ZER,,330.00,"100 מ""ל",false,,5.00,0.0152,true,1,2677
7290013585257,false,ספרייט זירו בקבוק 500מל,החברה המרכזית לייצור,IL,ZERO ספרייט 0.5 ל,,500.00,"100 מ""ל",false,,6.00,0.0120,true,1,2678
7290013585387,false,קוקה קולה זירו בקבוק,החברה המרכזית לייצור,IL,קולה זירו 1 ליטר,ליטרים,1.00,ליטר,false,,6.50,6.5000,true,1,2681
7290013585394,false,קוקה-קולה 1 ליטר,החברה המרכזית לייצור,IL,קוקה קולה 1 ליטר,ליטרים,1.00,ליטר,false,,6.90,6.9000,true,1,2682
7290013608260,false,פרימור מיץ רימונים 100% סחוט טרי 1ל',"גניר (1992) בע""מ",IL,פרימור מיץ רימונים ס,יחידה,0.00,יחידה,false,,22.90,0.0000,true,1,9077
7290013608550,false,נקטר תפוזים 1 ל' פרימור,סטאר סנקס,IL,נקטר תפוזים פרימור 1,ליטרים,1.00,ליטר,false,,7.90,7.9000,true,1,17269
7290013608680,false,מיץ עגבניות 1ל' פרימור,סטאר סנקס,IL,נקטר עגבניות פרימור,יחידה,0.00,יחידה,false,,6.50,0.0000,true,1,17273
7290013608864,false,פרימור משקה פירות הדר 1 ליטר בתוספת ויטמין C,"גניר (1992) בע""מ",IL,פרימור משקה פירות הד,ליטרים,1.00,ליטר,false,,15.80,15.8000,true,1,9080
7290013675545,false,שניצל כלי תחבורה מאמא עוף 700 ג',תנובה גליל,IL,שניצל כלי תחבורה 700,,700.00,100 גרם,false,,34.90,0.0499,true,1,9879
7290013677419,false,תן צ'אפ טבעות שמנת בצל 50גרם,מיה תעשיות מזון,IL,תן צ'אפ פלאפל 50 גרם,,50.00,100 גרם,false,,3.90,0.0780,true,1,5557
7290013702036,false,"שוופס וואטר אפרסק 500מ""ל",יפאורה תבורי בעמ,IL,שוופס אפרסק ווטר 0.5,,500.00,"100 מ""ל",false,,5.00,0.0100,true,1,4315
7290013702050,false,"שוופס וואטר ענבים 500מ""ל",יפאורה תבורי,IL,שוופס ענבים ווטר 0.5,,500.00,"100 מ""ל",false,,5.00,0.0100,true,1,4316
7290013702883,false,"שוופס מוגז פינק למונייד 500 מ""ל",,,משקה פינק למונייד שו,,500.00,"100 מ""ל",false,,5.00,0.0100,true,1,4319
7290013713094,false,"בירה ג'מס בקבוק 330 מ""ל",יקבי כרמל,IL,בירה ג'מס אייל IPA י,,330.00,"100 מ""ל",false,,12.90,0.0391,true,1,18751
7290013713124,false,"בירה גמס קראפט אייל בהיר 330 מ""ל","אביר הבר בע""מ",IL,בירה ג'מס MONDI-ALE,,330.00,"100 מ""ל",false,,13.20,0.0400,true,1,61673
7290013724946,false,שקדים בשוקולד מריר 140 גר שקדיה,"דין שיווק וקלייה בע""",IL,שקדים בציפוי שוקלד מ,,140.00,100 גרם,false,,11.90,0.0850,true,1,28582
7290013724953,false,חמוציות בשוקולד חלב 140 גר שקדיה,שקדיה,IL,חמוציות בציפוי שוקול,,140.00,100 גרם,false,,11.90,0.0850,true,1,28583
7290013724960,false,שקדים בשוקולד חלב 140 גר שקדיה,שקדיה,IL,שקדים בציפוי שוקולד,,140.00,100 גרם,false,,11.90,0.0850,true,1,28584
7290013724991,false,אגוזי לוז בשוקולד חלב 140 גר שקדיה,דין שיווק,IL,אגוזי לוז בציפוי שוק,,140.00,100 גרם,false,,11.90,0.0850,true,1,28585
7290013725820,false,אגוזי לוז בשוקולד מריר 140 גר שקדיה,"דין שיווק וקלייה בע""",IL,אגוזי לוז בציפוי שוק,,140.00,100 גרם,false,,11.90,0.0850,true,1,28587
7290013787392,false,רביולי גבינות קלאסי 330 גרם ריקו בית יוסף,יוניליוור גרמניה Gm,IL,רביולי גבינות קלאסי,,330.00,100 גרם,false,,24.90,0.0755,true,1,10115
7290013787408,false,רביולי בטטה 330 גרם ריקו בית יוסף,יוניליוור גרמניה Gm,IL,רביולי בטטה ריקו 330,,330.00,100 גרם,false,,24.90,0.0755,true,1,10116
7290013847867,false,מארז זוג טונה בשמן סויה 140 ג' סטארקיסט,טונה ויטנאם קו. אל.ט,IL,נתחי טונה בהירה בשמן,,140.00,100 גרם,false,,12.90,0.0921,true,1,62303
7290013848345,false,מארז מטליות לחיטוי וניקוי יסודי אנטיבקטריאלי 99.9%,סנו מפעלי ברונוס בעמ,IL,מטליות לחות לחיטוי י,יחידה,0.00,יחידה,false,,19.90,0.0000,true,1,11357
7290013848437,false,"קרמה - דאודורנט ספריי לגבר אקטיב בלוק 200 מ""ל",מיוצר עי אמיליה קוסמ,IL,דאודורנט ספריי קרמה,,200.00,"100 מ""ל",false,,12.90,0.0645,true,1,22996
7290013848758,false,סנו - מקסימה ג'ל כביסה מרוכז בייבי 3 ליטר,"סנו מפעלי ברונוס בע""",IL,סנו מקסימה ג'ל כביסה,ליטרים,3.00,ליטר,false,,34.90,11.6333,true,1,11364
7290013861061,false,בוטנים בשוקולד חלב 160גר,שקדיה,,שקדיה בוטנים בשוק.חל,,140.00,100 גרם,false,,11.90,0.0850,true,1,46365
7290013906205,false,פסטרמה עם שום וצילי טירת צבי 400 ג',הנסיך- מפעל לייצור ט,IL,טירת צבי פסטרמה שום,,400.00,100 גרם,false,,25.90,0.0647,true,1,9768
7290013906212,false,"נקנקיות וינר טירת 1 ק""ג טירת צבי",הנסיך- מפעל לייצור ט,IL,טירת צבי נקניקיות וי,קילוגרמים,1.00,"ק""ג",false,,22.90,22.9000,true,1,9769
7290013906441,false,קבנוס טירת צבי 120 גר,הנסיך- מפעל לייצור ט,IL,טירת צבי קבנוס 120 ג,,120.00,100 גרם,false,,9.90,0.0825,true,1,9779
7290013906458,false,קבנוס בטעם פיקנטי טירת צבי 120 גר,הנסיך- מפעל לייצור ט,IL,טירת צבי קבנוס פיקנט,,120.00,100 גרם,false,,9.90,0.0825,true,1,9780
7290013906687,false,פסט' צמד כפרית ברביקיו ודבש 300X2ג' טירת צבי,הנסיך- מפעל לייצור ט,IL,טירת צבי צמד כפרית ב,,600.00,100 גרם,false,,24.90,0.0415,true,1,9785
7290013906694,false,נקניקיות שקית קילו וחצי טירת צבי,הנסיך- מפעל לייצור ט,IL,"נקניקיות עוף 1.5 ק""ג",,1.50,"100 ק""ג",false,,35.90,23.9333,true,1,22455
7290014002197,false,חליטת קמומיל ולימונית 25 שק הגן הקסום,ויסוצקי,IL,תה חליטת קמומיל ולימ,,37.50,100 גרם,false,,17.90,0.4773,true,1,9505
7290014002203,false,תה ויסוצקי חליטת לימונית ולואיזה 20יח',HIQ FOOD PRODUCTS,IL,תה חליטת לימונית ולו,,37.50,100 גרם,false,,17.90,0.4773,true,1,9506
7290014002944,false,גן קסום חליטת פירות וצמחים חמדת שקד 25 שקיקים,HIQ FOOD PRODUCTS,IL,תה גן קסום חליטת חמא,,62.50,100 גרם,false,,17.90,0.2864,true,1,22364
7290014002982,false,תה ירוק לימונית לואיזה בתוספת עלי סטיביה 25 שקיקים,ויסוצקי ירוק,IL,תה ירוק לימונית סטיב,,37.50,100 גרם,false,,22.90,0.6107,true,1,9508
7290014027213,false,"ערק ג'בלנא 40% אלכוהול 700 מ""ל",משקאות ג'בלנא,IL,ערק ג'בלנא מיוצר מכו,,700.00,"100 מ""ל",false,,54.90,0.0784,true,1,18889
7290014046016,false,פסטרמה של פעם דל שומן 2% רכיבים טבעיים,מעדני יחיעם,IL,יחיעם פסטרמה הודו 10,,250.00,100 גרם,false,,24.90,0.0996,true,1,5705
7290014046474,false,"נקניקיות עוף 1.5 ק""ג יחיעם",מעדני יחיעם,IL,יחיעם נקניקיות עוף 1,קילוגרמים,1.50,"ק""ג",false,,26.90,17.9333,true,1,5708
7290014059436,false,"משחת שיניים סנסודיין 75 מ""ל פרימיום לשיקום והגנה מלבינה 75 מ""ל","סמית קליין ביצ'ם בע""",GB,משחת שיניים לשיקום ס,,75.00,"100 מ""ל",false,,24.90,0.3320,true,1,1555
7290014079014,false,לבבות קיסר ארוז נספק,"מרינה פטריות הגליל בע""מ",IL,לבבות קיסר,,300.00,100 גרם,false,,9.90,0.0330,true,1,13130
7290014079076,false,נבטי אלפלפא יח,"מרינה פטריות הגליל בע""מ",IL,נבטי אלפלפא,,1.00,יח',false,,5.90,5.9000,true,1,14135
7290014083806,false,עוגיות בטעם חמאה 350 גרם בפח,דן קייק,PT,וילי פוד עוגיות בטעם,,350.00,100 גרם,false,,10.90,0.0311,true,1,1307
7290014083813,false,וילי פוד מריגה שפרוטים מעושנים בשמן 190ג,הנסיך- מפעל לייצור ט,LV,בריוולס וילניס שפרוט,,190.00,100 גרם,false,,7.90,0.0416,true,1,18957
7290014094376,false,שזיפים ללא גלעין 330 גר,"דין שיווק וקליה בע""מ",,שזיף ללא גלעין בקופס,,250.00,100 גרם,false,,23.90,0.0956,true,1,18151
7290014094383,false,משמש מיובש בקופסא 33,"דין שיווק וקליה בע""מ",,שקדיה משמש מיובש 250,,250.00,100 גרם,false,,21.90,0.0876,true,1,18152
7290014094406,false,צימוק לבן 250 גרם ששון הקולה,"דין שיווק וקלייה בע""",US,צימוק בהיר בקופסא 2,,250.00,100 גרם,false,,14.90,0.0596,true,1,18154
7290014094659,false,אגוזי לוז טבעיים 250,דין שיווק,IL,אגוז לוז טבעי 250 גר,,250.00,100 גרם,false,,24.90,0.0996,true,1,18159
7290014094864,false,פיסטוק קלוי 170 גר עם קליפה ששון הקולה,דין שיווק,IL,פיסטוק קלוי 170 גרם,,170.00,100 גרם,false,,16.90,0.0994,true,1,18162
7290014095861,false,שיבולת שועל דקה 500 גרם קוואקר,"דין שיווק וקלייה בע""",IL,שיבולת שועל דקה קווא,,500.00,100 גרם,false,,5.90,0.0118,true,1,18495
7290014095960,false,שיבולת שועל עבה 500 גרם קוואקר,"דין שיווק וקלייה בע""",IL,שיבולת שועל עבה קווא,,500.00,100 גרם,false,,5.90,0.0118,true,1,18497
7290014126428,false,מרמולייט סוכרלוז 150 יחידות,מיוצר עי קונדיטוריית,CN,סטיביה 150 טבליות,,150.00,100 גרם,false,,24.90,0.1660,true,1,2234
7290014204690,false,פנינה סבון נוזלי ורוד משאבה 1 ליטר,יהודה אריאל,IL,סבון נוזלי משאבה ורו,יחידה,0.00,יחידה,false,,8.90,0.0000,true,1,6512
7290014217003,false,תבלין פפריקה מעושנת מיכל 90ג',"תבליני טעם וריח בע""מ",IL,תבלין פפריקה מעושנת,,90.00,100 גרם,false,,9.90,0.1100,true,1,25461
7290014217140,false,תבלין ראס אל חנות טעם וריח 100ג',"תבליני טעם וריח בע""מ",IL,תבלין ראס אל חנות טע,,100.00,100 גרם,false,,9.90,0.0990,true,1,14294
7290014217171,false,תערובת תיבול תיבול גריל דג מיכל 100ג',"תבליני טעם וריח בע""מ",IL,תבלין בתיבול גריל דג,,100.00,100 גרם,false,,9.90,0.0990,true,1,25464
7290014218932,false,חטיפי פיצה בתוספת זיתים 710 ג' מעדנות,מיוצר עי קונדיטוריית,IL,חטיפי פיצה בתוספת זי,,710.00,100 גרם,false,,29.90,0.0421,true,1,13177
7290014325036,false,סוכריות ג'לי עטופות שמחות 600גרם,מיה תעשיות מזון בעמ,IL,ג'לי שמחות 600 גרם,,600.00,100 גרם,false,,18.90,0.0315,true,1,5572
7290014397279,false,שקיות מזון נשלפות XL גדולות במיוחד,"אשפלסט תעשיות בע""מ",IL,סנו סושי שקיות מזון,יחידה,0.00,יחידה,false,,11.90,0.0000,true,1,11376
7290014397286,false,מרכך כביסה מקסימה מרוכז חלב ודבש 1 ל' סנו,סנו מקסימה,IL,סנו מקסימה קר מרכך מ,ליטרים,1.00,ליטר,false,,16.90,16.9000,true,1,11377
7290014397514,false,"סנו פרש הום מבשם כותנה מלטפת 350מ""ל","סנו מפעלי ברונוס בע""",IL,סנו פרש הום כותנה מל,,350.00,"100 מ""ל",false,,10.90,0.0311,true,1,11380
7290014397767,false,סנו ריצפז פרש הום 2 ליטר בניחוח כותנה-מרכז,"סנו מפעלי ברונוס בע""",IL,ריצפז פרש הום כותנה,ליטרים,2.00,ליטר,false,,19.90,9.9500,true,1,11388
7290014397873,false,מרכך כביסה בבישום עוצמתי ג'נטל בריז,סנו מקסימה,IL,מרכך כביסה סנו מקסימ,ליטרים,4.00,ליטר,false,,21.90,5.4750,true,1,11393
7290014435704,false,סלמון מעושן 100גר' שמיר,שבעת הימים - שמיר,IL,סלמון מעושן סלטי שמי,,100.00,100 גרם,false,,19.90,0.1990,true,1,6361
7290014435827,false,פילה מקרל מעושן בשמן ויטהול 180 גר,שבעת הימים - שמיר,IL,פילה מקרל מעושן בשמן,,180.00,100 גרם,false,,24.90,0.1383,true,1,6364
7290014435841,false,פילה מטיאס הולנדי בשמן שמיר 180ג',סלטי שמיר 2006 בעמ,IL,פילה מטיאס הולנדי  ב,,180.00,100 גרם,false,,18.90,0.1050,true,1,6366
7290014455245,false,גבינת גרנה פדנו משולש 29% 200 גרם בית יוסף,מחלבת סוציאלה מנטובה,IT,גד גרנה פדנו משולש כ,,200.00,100 גרם,false,,25.90,0.1295,true,1,5277
7290014455252,false,גבינה קשה מגורדת גרנה פדנו 29% שומן,מחלבות גד,IT,גד גרנה פדנו מגורד כ,,100.00,100 גרם,false,,12.90,0.1290,true,1,5278
7290014455320,false,גבינה כדורי מוצרלה פרסקה גד 100ג',מחלבות גד בעמ,IL,גד כדור מוצרלה פרסקה,,100.00,100 גרם,false,,10.40,0.1040,true,1,5279
7290014455467,false,ירח מתוק מעדן חלב 2% ושיבולת שועל גד 150ג',מחלבות גד,IL,גד מעדן שיבולת שועל,,150.00,"100 מ""ל",false,,5.90,0.0393,true,1,5280
7290014459137,false,"צ'יפס תפוגן סטייק 1.5 ק""ג","תעשיות תפוגן בע""מ",IL,תפוגן סטייק ציפס 1.5,קילוגרמים,1.50,"ק""ג",false,,23.90,15.9333,true,1,7365
7290014459373,false,"צ'יפס קראנצ'י לתנור קפוא תפוגן 1.5ק""ג",עיצובים 2020 (4.5),IL,תפוגן ציפס קראנצי 1.,קילוגרמים,1.50,"ק""ג",false,,24.90,16.6000,true,1,7367
7290014459472,false,"צ'יפס קפוא תפוגן 2 ק""ג כשל""פ","תעשיות תפוגן בע""מ",IL,תפוגן צ`יפס קלאסי 2,קילוגרמים,2.00,"ק""ג",false,,24.90,12.4500,true,1,7368
7290014471429,false,"מוזלי עם פירות 1 ק""ג - 429 סגול שקדיה","דין שיווק וקלייה בע""",IL,מוזלי פירות עם פירות,קילוגרמים,1.00,"ק""ג",false,,19.90,19.9000,true,1,18499
7290014472136,false,גרעין שחור קלוי ששון הקולה 150 ג',"דין שיווק וקלייה בע""",IL,גרעין שחור קלוי 150,,150.00,100 גרם,false,,4.90,0.0327,true,1,18165
7290014472228,false,תאנים בקופסא 330 גר,"דין שיווק וקליה בע""מ",,תאנים בקופסא 330גר,,330.00,100 גרם,false,,19.90,0.0603,true,1,32912
7290014472235,false,פקאן סיני מסוכר בקופ,ששון הקולה,,פקאן סיני מסוכר בקופ,,200.00,100 גרם,false,,24.90,0.1245,true,1,18166
7290014472495,false,קשיו קלוי ענק 250 גר פרימיום ששון הקולה,דין שיווק,IL,קשיו קלוי ענק פרימיו,,250.00,100 גרם,false,,21.90,0.0876,true,1,18169
7290014472501,false,פיסטוק קלוי ענק 250 ג פרימיום ששון הקולה,דין שיווק,IL,פיסטוק קלוי ענק 250,,250.00,100 גרם,false,,25.90,0.1036,true,1,18170
7290014525290,false,חטיף מרבה סלים דליס קריספי תות 125 גר,סלים דליס Slim Delis,NL,חטיף מרבה קריספי תות,,125.00,100 גרם,false,,10.90,0.0872,true,1,8109
7290014525313,false,חטיף מרבה סלים דליס קריספי שוקולד 125 ג,סלים דליס Slim Delis,NL,חטיף מרבה קריספי שוק,,125.00,100 גרם,false,,10.90,0.0872,true,1,8111
7290014636675,false,מגבת גוף חלקה 550 גר,,,מגבת גוף מנהטן 70*13,יחידה,0.00,יחידה,false,,34.90,0.0000,true,1,5660
7290014636682,false,מגבת פנים חלקה 550 גרם,,,מגבת פנים,יחידה,0.00,יחידה,false,,19.90,0.0000,true,1,5661
7290014636842,false,כרית ממורי ויסקו,,,כרית ויסקו,יחידה,0.00,יחידה,false,,89.90,0.0000,true,1,20724
7290014673359,false,מלח לימון 400 גרם,TLV צ'יף,IL,מלח לימון 400 גר,,400.00,100 גרם,false,,21.90,0.0547,true,1,252
7290014673366,false,מימון כורכום טחון 25,TLV צ'יף,IL,מימון כורכום טחון 25,,250.00,100 גרם,false,,21.90,0.0876,true,1,253
7290014673380,false,מימון כמון טחון 250,,,מימון כמון טחון 250,,250.00,100 גרם,false,,21.90,0.0876,true,1,255
7290014673434,false,פלפל שחור גרוס דק שקית 80 גרם,,,פלפל שחור גרוס דק בש,,80.00,100 גרם,false,,8.90,0.1113,true,1,259
7290014692305,false,גבינת קממבר 125ג' CASTELLO ויליפוד,הנסיך- מפעל לייצור ט,DK,גבינת קממבר 125 גרם,,125.00,100 גרם,false,,14.90,0.1192,true,1,1309
7290014692817,false,גבינת מוצרלה מגורדת 200 ג' EURO CHEESE ויליפוד,הנסיך- מפעל לייצור ט,IL,סיי צ'יז גבינת מוצרל,,200.00,100 גרם,false,,12.00,0.0600,true,1,1312
7290014731264,false,כוסות לשתייה קרה 100 יחי',,,כוסות לשתיה קרה חד פ,,100.00,יח',false,,7.90,0.0790,true,1,17333
7290014731271,false,כוסות שתיה קרה 80 יח,,,כוסות שתיה קרה 80 יח,יחידה,0.00,יחידה,false,,5.90,0.0000,true,1,26735
7290014748613,false,דג טוב מקלוני דגים בציפוי ציפס 600גר,עיצובים 2020 (4.9),,דג טוב מקלוני דגים ב,,600.00,100 גרם,false,,28.90,0.0482,true,1,7382
7290014748651,false,דג טוב פילה אמנון מצופה נתחי שלם 360גר,מוצרי עוף טוב (2001),IL,דג טוב פילה אמנון מצ,,360.00,100 גרם,false,,34.90,0.0969,true,1,7383
7290014749245,false,ספיישל רצועות שניצל שומשום עוף טוב 600 גרם,מוצרי עוף טוב (2001),IL,רצועות שניצל שומשום,,600.00,100 גרם,false,,32.90,0.0548,true,1,7392
7290014758100,false,מאגדת יוגורט ביו 3% שומן 8 יח' *150ג' תנובה,מיוצר עי קונדיטוריית,IL,יוגורט תנובה 3% 8*15,קילוגרמים,1.20,"ק""ג",false,,15.90,13.2500,true,1,10120
7290014758117,false,מאגדת יוגורט ביו 1.5% שומן 8 יח' *150 ג' תנובה,מיוצר עי קונדיטוריית,IL,יוגורט תנובה 1.5% 8*,קילוגרמים,1.20,"ק""ג",false,,15.90,13.2500,true,1,10121
7290014759084,false,גבינת שמנת 16% בטעם טבעי 225 ג' נפוליאון,תנובה מרכז שיתופי לש,IL,נפוליאון 16% 225גר,,225.00,100 גרם,false,,12.90,0.0573,true,1,10125
7290014759978,false,"גבינת קצקבל פלח גלעד 27%, 200 ג'",תנובה,IL,גבינות תנובה קצקבל פ,,200.00,100 גרם,false,,24.90,0.1245,true,1,10131
7290014759985,false,"גבינת פרמזן גבע 23% פלח, 200 ג'",תנובה,IL,גבינה קשה מחלב בקר 2,,200.00,100 גרם,false,,23.90,0.1195,true,1,10132
7290014759992,false,גבינת רוקפור גליל פלח 140 ג' תנובה,"תנובה, מחלבת תל יוסף",IL,גבינות תנובה רוקפור,,140.00,100 גרם,false,,18.50,0.1321,true,1,10133
7290014760141,false,משקה שקדים תנובה E אלטרנטיב,תנובה Alternative,IL,תנובה משקה שקדים טרי,יחידה,0.00,יחידה,false,,12.50,0.0000,true,1,10135
7290014760448,false,גבינה צהובה גלבוע 400 גרם 22% שומן תנובה,מחלבת בית יצחק,IL,גלבוע 22% 400 גרם,,400.00,100 גרם,false,,24.00,0.0600,true,1,10136
7290014760912,false,פרוסות גבינה 28% שומן 400 ג' גוש חלב,תנובה מרכז שיתופי לש,IL,גוש חלב 28% מהדרין 4,,400.00,100 גרם,false,,26.50,0.0663,true,1,10138
7290014761018,false,גיל בטעם וניל תנובה,תנובה מרכז שיתופי לש,IL,גיל בטעם וניל 3% 125,,125.00,100 גרם,false,,1.60,0.0128,true,1,10139
7290014761056,false,מעדן שוקולד חלב מעולה 123 ג' יולו,מיוצר עי קונדיטוריית,IL,יולו שוקולד חלב מעול,,122.00,100 גרם,false,,4.50,0.0369,true,1,10140
7290014761063,false,מעדן שוקולד מריר מעולה 123 ג' יולו,מיוצר עי קונדיטוריית,IL,יולו שוקולד מריר מעו,,122.00,100 גרם,false,,4.50,0.0369,true,1,10141
7290014761070,false,מעדן שוקולד לבן מעולה 123 ג' יולו,מיוצר עי קונדיטוריית,IL,יולו שוקולד לבן מעול,,122.00,100 גרם,false,,4.50,0.0369,true,1,10142
7290014761193,false,יוגורט עם פירות יער 1.5% שומן 125 ג' פרילי,תנובה מרכז שיתופי לש,IL,פרילי פירות יער 1.5%,,125.00,100 גרם,false,,3.50,0.0280,true,1,10143
7290014762756,false,נפוליאון גבינת שמנת עם בצל 16% שומן,הרדוף חלב,IL,נפוליאון 16% עם בצל,,225.00,100 גרם,false,,12.90,0.0573,true,1,10149
7290014762800,false,מעדן סויה שוקולד גביע 125 גרם אלטרנטיב,תנובה מרכז שיתופי לש,IL,גביע מעדן סויה בטעם,,125.00,100 גרם,false,,3.90,0.0312,true,1,10154
7290014762909,false,פתיתי מוצרלה 20% שומן 200 ג' השף הלבן,"תנובה, מחלבת תל יוסף",IL,פתיתי מוצרלה 200 גר`,,200.00,100 גרם,false,,15.90,0.0795,true,1,10157
7290014763272,false,יוגורט סויה BIO לשתייה תות ובננה אלטרנטיב,תות תעשיות מזון (201,IL,משקה סויה ביו עם תות,,250.00,"100 מ""ל",false,,5.10,0.0204,true,1,10160
7290014791091,false,"שוויפס לימונייד 500 מ""ל",,,משקה למונייד שוופס 5,,500.00,"100 מ""ל",false,,5.00,0.0100,true,1,4320
7290014791725,false,"שוויפס תפוחים מוגז 500 מ""ל",,,משקה מוגז תפוחים שוו,,500.00,"100 מ""ל",false,,5.00,0.0100,true,1,4322
7290014855434,false,מגבונים בייביסיטר פרפורמנס מבושם רביעיה,בייביסיטר Babysitter,IL,בייביסיטר פרפורמנס מ,יחידה,0.00,יחידה,false,,14.90,0.0000,true,1,10922
7290014855458,false,מגבוני בייביסיטר פרפורמנס ללא בישום מארז 72X4יח',בייביסיטר Babysitter,IL,מגבוני בייבי פרפורמנ,יחידה,0.00,יחידה,false,,14.90,0.0000,true,1,10923
7290014860070,false,"מקלוני אורז ללא גלוטן 5 מ""מ 454גר' (אור)",ניינטי נודל קו,TH,"מקלוני אורז 5 מ""מ לל",,454.00,100 גרם,false,,10.90,0.0240,true,1,25995
7290014905689,false,"נוזל כלים הפי מרוכז 24% תפוח 750 מ""ל",פרח,IL,הפי לכלים ירוק תפוח,,750.00,"100 מ""ל",false,,7.90,0.0105,true,1,4233
7290014910515,false,שימורי שפרוטים מעושנים בשמן צמחי 250 גר,,,שפרוטים מעושנים רויא,,250.00,100 גרם,false,,11.90,0.0476,true,1,4158
7290014940901,false,לחם פשוט מלא 750 ג' אנג'ל,מאפית אנגל,IL,לחם פשוט מלא אנגל 75,,750.00,100 גרם,false,,11.90,0.0159,true,1,13058
7290015033084,false,קוסקוס חיטה בינוני ד,,,קוסקוס חיטה בינוני ד,,350.00,100 גרם,false,,5.90,0.0169,true,1,66031
7290015039246,false,נתחי טונה בשמן צמחי רביעיה * 160 ג' וילי פוד,וילי פוד,TH,טונה בהירה בשמן וילי,,640.00,100 גרם,false,,19.90,0.0311,true,1,1313
7290015039338,false,נתחי טונה במי מלח רביעיה * 160 ג' וילי פוד,וילי פוד,TH,טונה במי מלח ויליפוד,,640.00,100 גרם,false,,19.90,0.0311,true,1,1315
7290015129749,false,סקיני פסטה שיבולת שועל נודלס 270 גרם,סצ'ואן סנטאיואן,CN,סקיני - פסטה שיבולת,,270.00,100 גרם,false,,11.90,0.0441,true,1,18233
7290015139267,false,שוקולד מריר עם שקדים ללא תוספת סוכר וסטהיים,כרמית תעשיות ממתקים,IL,חופשי שוקולד מריר עם,,85.00,100 גרם,false,,5.90,0.0694,true,1,13689
7290015150088,false,מחית עגבניות גראנד איטליה 700 גרם,שוורצקוף& הנקל דיסלד,IT,מחית עגבניות בלה איט,,700.00,100 גרם,false,,11.90,0.0170,true,1,9510
7290015150118,false,עגבניות חתוכות דק בלה איטליה 3*400 ג',אמיליאנה קונסרב ס.פ.,IL,עגבניות חתוכות דק בל,,400.00,100 גרם,false,,14.90,0.0373,true,1,9511
7290015150903,false,תה ירוק גן קסום קינמון ודבש 25 שק*1.5 גר,ויסוצקי ירוק,IL,תה ירוק קינמון ודבש,,37.50,100 גרם,false,,22.90,0.6107,true,1,9515
7290015156790,false,מחית לפתן פירות חטיפטף ללא תוספת סוכר,פרוטה פודווין איי.אס,CZ,פאוץ' פרינוק לפתן פי,,120.00,100 גרם,false,,5.90,0.0492,true,1,17677
7290015178174,false,ממרח אוליביה - פסטו בטעם פרמז'ן 180 גרם,יוניליוור גרמניה Gm,IL,אוליביה פסטו פרמז'ן,,180.00,100 גרם,false,,11.90,0.0661,true,1,22507
7290015178198,false,ממרח אוליביה - חצילים שרופים 180 גרם,אוליביה,IL,אוליביה ממרח חצילים,,180.00,100 גרם,false,,11.90,0.0661,true,1,22509
7290015193559,false,מעדני המלך אובלטים מלוחים 300 גרם,אם החיטה,IL,אובלטים מלח 300 גר',,300.00,100 גרם,false,,9.90,0.0330,true,1,14032
7290015253321,false,"פחם 2 ק""ג ירוק פרימי",,CN,"פחם 2 ק""ג ירוק פרימי",קילוגרמים,2.00,"ק""ג",false,,13.90,6.9500,true,1,17336
7290015282581,false,חומוס שמיר אבו גוש עם חריף 200 גר',"סלטי שמיר 2006 בע""מ",IL,חומוס אבו גוש עם חרי,,200.00,100 גרם,false,,9.90,0.0495,true,1,6386
7290015282598,false,חומוס שמיר מסעדות 200 גר',"סלטי שמיר 2006 בע""מ",IL,חומוס מסעדות,,200.00,100 גרם,false,,9.90,0.0495,true,1,6387
7290015282604,false,טחינה שמיר מיוחדת גורמה 200ג',"סלטי שמיר 2006 בע""מ",IL,טחינה מיוחדת,,200.00,100 גרם,false,,9.90,0.0495,true,1,6388
7290015282628,false,חציל שמיר בטעם כבד 200 גר',"סלטי שמיר 2006 בע""מ",IL,חציל בטעם כבד סלטי ש,,200.00,100 גרם,false,,11.90,0.0595,true,1,6390
7290015282635,false,חומוס שמיר מסבחה 200 גר',"סלטי שמיר 2006 בע""מ",IL,חומוס מסבחה,,200.00,100 גרם,false,,9.90,0.0495,true,1,6391
7290015282642,false,חומוס שמיר אבו גוש 200 גר',"סלטי שמיר 2006 בע""מ",IL,חומוס אבו גוש,,200.00,100 גרם,false,,9.90,0.0495,true,1,6392
7290015282673,false,חציל שמיר במיונז ביתי 200 גורמה גר',"סלטי שמיר 2006 בע""מ",IL,חציל במיונז ביתי,,200.00,100 גרם,false,,9.90,0.0495,true,1,6394
7290015282697,false,כרוב אדום שמיר גורמה 200גר,"סלטי שמיר 2006 בע""מ",IL,סלט כרוב אדום 200ג ש,,200.00,100 גרם,false,,11.90,0.0595,true,1,6396
7290015282741,false,חציל תאילנדי אסלי שמיר 200 ג',"סלטי שמיר 2006 בע""מ",IL,חציל תילאנדי סלטי שמ,,200.00,100 גרם,false,,11.90,0.0595,true,1,6400
7290015324007,false,תבלין פלפל שחור גרוס 80 ג',"תבליני טעם וריח בע""מ",IL,טעם וריח פלפל שחור ג,,80.00,100 גרם,false,,9.90,0.1238,true,1,14299
7290015324014,false,תבלין פלפל שחור טחון 80 ג',"תבליני טעם וריח בע""מ",IL,טעם וריח פלפל שחור ט,,80.00,100 גרם,false,,9.90,0.1238,true,1,14300
7290015324038,false,פפריקה מרוקאית מתוקה בשמן,"תבליני טעם וריח בע""מ",IL,טעם וריח פפריקה בשמן,,80.00,100 גרם,false,,5.90,0.0738,true,1,14301
7290015324045,false,תבלין פפריקה חריפה 80 גר' שק',"תבליני טעם וריח בע""מ",IL,תבלין פפריקה חריפה ב,,80.00,100 גרם,false,,5.90,0.0738,true,1,14302
7290015324052,false,תבלין פפריקה מתוקה 80 ג',"תבליני טעם וריח בע""מ",IL,טעם וריח פפריקה מתוק,,80.00,100 גרם,false,,5.90,0.0738,true,1,14303
7290015324069,false,תערובת תיבול גריל עוף,"תבליני טעם וריח בע""מ",IL,טעם וריח גריל עוף שק,,80.00,100 גרם,false,,5.90,0.0738,true,1,14304
7290015324076,false,טעם וריח זעתר שקית 8,"תבליני טעם וריח בע""מ",IL,טעם וריח זעתר שקית 8,,80.00,100 גרם,false,,5.90,0.0738,true,1,14305
7290015324083,false,טעם וריח מלח לימון ש,"תבליני טעם וריח בע""מ",IL,טעם וריח מלח לימון ש,,80.00,100 גרם,false,,5.90,0.0738,true,1,14306
7290015324090,false,תבלין כמון טחון 80 ג',"תבליני טעם וריח בע""מ",IL,טעם וריח כמון שקית 8,,80.00,100 גרם,false,,5.90,0.0738,true,1,14307
7290015324106,false,תבלין כורכום טחון 80 גר',"תבליני טעם וריח בע""מ",IL,טעם וריח כורכום שקית,,80.00,100 גרם,false,,5.90,0.0738,true,1,14308
7290015324113,false,טעם וריח בהרט שקית 8,"תבליני טעם וריח בע""מ",IL,טעם וריח בהרט שקית 8,,80.00,100 גרם,false,,5.90,0.0738,true,1,14309
7290015324120,false,טעם וריח שום גבישי ב,"תבליני טעם וריח בע""מ",IL,טעם וריח שום גבישי ב,,80.00,100 גרם,false,,7.90,0.0988,true,1,14310
7290015324151,false,תבלין חוויאג למרק ב,"תבליני טעם וריח בע""מ",IL,תבלין חוויאג למרק ב,,80.00,100 גרם,false,,5.90,0.0738,true,1,14311
7290015324175,false,תבלין שווארמה תיבול 80 גר' שק',"תבליני טעם וריח בע""מ",IL,תערובת תיבול לשווארמ,,80.00,100 גרם,false,,5.90,0.0738,true,1,14313
7290015328531,false,להבונים 50 יח' 3 שעו,,,להבונים 50 יח' 3 שעו,יחידה,0.00,יחידה,false,,9.90,0.0000,true,1,4850
7290015328791,false,נרות חנוכה צבעוניים 50 יח',,,נרות חנוכה צבעוניים,יחידה,0.00,יחידה,false,,3.90,0.0000,true,1,4861
7290015350150,false,"יין אדום חצי יבש סגל 750 מ""ל",כרמי צבי - אחים סגל,IL,סגל אדום חצי יבש 750,,750.00,"100 מ""ל",false,,21.90,0.0292,true,1,3508
7290015366663,false,"אקווה פרש משחת שיניים מנטה עדין 100מ""ל",גלקסוסמיתקליין,SK,מש.שיניים מנטה עדין,,100.00,100 גרם,false,,5.90,0.0590,true,1,1570
7290015374279,false,סיגר במילוי בשר 400,,,סיגר במילוי בשר 400,,400.00,100 גרם,false,,12.90,0.0323,true,1,17251
7290015374286,false,סיגר במילוי תפו'א 40,,,סיגר במילוי תפו'א 40,,400.00,100 גרם,false,,12.90,0.0323,true,1,45087
7290015374323,false,קובה ביתי במילוי בשר,,,קובה ביתי במילוי בשר,,400.00,100 גרם,false,,12.90,0.0323,true,1,45088
7290015437431,false,רכז רימונים תומר 42,תומר,,רכז רימונים תומר 42,,420.00,100 גרם,false,,19.90,0.0474,true,1,9642
7290015493178,false,נביעות מים מינרלים פ,"נביעות טבע הגליל בע""",IL,נביעות מים מינרלים פ,,500.00,"100 מ""ל",false,,6.40,0.0128,true,1,2691
7290015572033,false,שרי צהוב,,,שרי צהוב,,1.00,יח',false,,9.90,9.9000,true,1,15543
7290015603560,false,"שימורי קרם קוקוס 20-22% 400 מ""ל",אסי אטיק גרו אינדוסט,TH,שימורי קרם קוקוס 20-,,400.00,"100 מ""ל",false,,9.90,0.0248,true,1,26008
7290015603638,false,אורז קלרוז מזרח ומער,מינה פונג גרין אגריק,VN,אורז עגול קלרוז לסוש,קילוגרמים,1.00,"ק""ג",false,,11.90,11.9000,true,1,26011
7290015644433,false,לחם צרפתי שיפון 100% 600 ג',מאפית אנגל,IL,לחם מחמצת 100% שיפון,,600.00,100 גרם,false,,16.50,0.0275,true,1,13061
7290015652254,false,גרעיני חמניה קלויים 400 גרם ששון הקלה,דין שיווק,IL,גרעיני חמניה קלויים,,400.00,100 גרם,false,,10.00,0.0250,true,1,18507
7290015652278,false,תערובת פיצוחים 250 גרם ששון הקולה,"דין שיווק וקלייה בע""",IL,תערובת פיצוחים ששון,,250.00,100 גרם,false,,20.00,0.0800,true,1,18509
7290015652292,false,קבוקים עם שומשום 400 גרם ששון הקלה,"דין שיווק וקלייה בע""",IL,קבוקים עם שומשום ששו,,400.00,100 גרם,false,,10.00,0.0250,true,1,18510
7290015652315,false,חמוציות מסוכרות 300 גרם ששון הקולה,"דין שיווק וקלייה בע""",IL,חמוציות מסוכרות ששון,,300.00,100 גרם,false,,10.00,0.0333,true,1,18512
7290015652322,false,בוטנים אמריקאיים מצופים 400 גר ששון הקלה,"דין שיווק וקלייה בע""",IL,בוטנים אמריקאים מצופ,,400.00,100 גרם,false,,10.00,0.0250,true,1,18513
7290015652407,false,פיסטוק קלוי 250 גר דין שיווק,ינגאון גידה סאנאבי,IL,פיסטוק קלוי ששון הקו,,250.00,100 גרם,false,,20.00,0.0800,true,1,18514
7290015733205,false,תרכובת מזון לתינוקות חלבי שלב 1 אקסטרה קר מהדרין,מטרנה,IL,מטרנה אקסטרה קר מהדר,,700.00,100 גרם,false,,58.90,0.0841,true,1,6845
7290015733229,false,תרכובת מזון לתינוקות חלבי שלב 2 אקסטרה קר מהדרין,מטרנה,IL,מטרנה אקסטרה קר מהדר,,700.00,100 גרם,false,,58.90,0.0841,true,1,6846
7290015733243,false,מטרנה אקסטרה קר מהדרין שלב 3 700ג',מטרנה,IL,מטרנה אקסטרה קר מהדר,,700.00,100 גרם,false,,58.90,0.0841,true,1,6847
7290015733977,false,תרכובת מזון קומפורט על בסיס חלבי דל לקטוז,מטרנה,IL,מטרנה קומפורט 700 גר,,700.00,100 גרם,false,,67.90,0.0970,true,1,21042
7290015766005,false,עגבניות שרי וויטני,אראל תוצרת חקלאית בע,IL,שרי וויטני יחידה,,500.00,100 גרם,false,,8.90,0.0178,true,1,18046
7290015766029,false,עגבניות שרי כתומות 4,אראל תוצרת חקלאית בע,IL,שרי כתום יח',,460.00,100 גרם,false,,8.90,0.0193,true,1,18047
7290015781008,false,"יין ויז'ן מרלו 750 מ""ל",יקב טפרברג 1870 בעמ,IL,ויז'ן מרלו,,750.00,"100 מ""ל",false,,39.90,0.0532,true,1,4365
7290015781046,false,יין VISION לבן חצי יבש 750 מל,יקב טפרברג 1870 בעמ,IL,ויז'ן לבן חצי יבש 75,,750.00,"100 מ""ל",false,,39.90,0.0532,true,1,20302
7290015781091,false,"יין ויז'ן קברנה סובניון 750 מ""ל",יקב טפרברג 1870 בעמ,IL,ויז'ן קברנה סובניון,,750.00,"100 מ""ל",false,,39.90,0.0532,true,1,20304
7290015781152,false,יין רוזה אימפרשן יקב,יקב טפרברג,IL,אימפרשן יין רוזה,,750.00,"100 מ""ל",false,,49.90,0.0665,true,1,20308
7290015781275,false,יין MOSCATO מוסקטו לבן 750 מל,יקב טפרברג 1870 בעמ,IL,טפרברג מוסקטו לבן 75,,750.00,"100 מ""ל",false,,39.90,0.0532,true,1,20310
7290015781299,false,יין שיראז אדום טפמבר,יקב טפרברג 1870 בעמ,IL,ויז'ן שיראז,,750.00,"100 מ""ל",false,,39.90,0.0532,true,1,20312
7290015855082,false,ברוקולי מיני,,,ברוקולי מיני,,1.00,יח',false,,8.90,8.9000,true,1,13131
7290015855143,false,שום קלוף יח',,,שום קלוף,,170.00,100 גרם,false,,11.90,0.0700,true,1,15889
7290015855181,false,ג'ינג'ר ארוז,,,ג'ינג'ר ארוז,,1.00,יח',false,,7.90,7.9000,true,1,13132
7290015855495,false,חסה לאליק,פריסלנד,IL,חסה לאליק,,1.00,יח',false,,12.90,12.9000,true,1,24290
7290015855938,false,עלי בייבי 250 גרם בש,,,עלי בייבי 250 גר' אד,,300.00,100 גרם,false,,9.90,0.0330,true,1,24292
7290015858151,false,ממרח שום 180 גרם עללחם בית יוסף,מדשא תעשיות מזון,IL,ממרח שום עללחם 180 ג,,180.00,100 גרם,false,,15.90,0.0883,true,1,45749
7290015865692,false,ענבי ציון-תנובה תענו,ענבי ציון,IL,תענוג פרי תות שדה ענ,,400.00,100 גרם,false,,17.90,0.0447,true,1,26211
7290015865708,false,תענוג פרי אוכמניות ע,ענבי ציון,IL,תענוג פרי אוכמניות ע,,400.00,100 גרם,false,,17.90,0.0447,true,1,26212
7290015865722,false,קונפיטורת תות שדה ענ,ענבי ציון,IL,קונפיטורה לייט תות ש,,400.00,100 גרם,false,,19.90,0.0497,true,1,26214
7290015865739,false,קונפיטורת אוכמניות ע,,,קונפיטורה לייט אוכמנ,,400.00,100 גרם,false,,19.90,0.0497,true,1,26215
7290015951869,false,יקבי רמת הגולן הר חר,מיוצר וממולא על ידי,IL,יקבי רמת הגולן הר חר,,750.00,"100 מ""ל",false,,31.90,0.0425,true,1,14194
7290015968782,false,פדים להסרת איפור במא,,CN,פדים להסרת איפור במא,יחידה,0.00,יחידה,false,,15.90,0.0000,true,1,425
7290016006148,false,"שוופס מוגז עדין ענבים בקבוק 500מ""ל",,,משקה מוגז ענבים שוופ,,500.00,"100 מ""ל",false,,5.00,0.0100,true,1,4327
7290016006339,false,מים מינרלים - מארז רביעייה,מופק ממקור בזלתי עדן,IL,מי עדן רביעייה 1 ליט,ליטרים,4.00,ליטר,false,,9.90,2.4750,true,1,4330
7290016006346,false,שישיית שרינק 500 מל שוופס סודה,יפאורה תבורי בעמ,IL,שוופס סודה שישייה 0.,ליטרים,3.00,ליטר,false,,13.90,4.6333,true,1,4331
7290016047301,false,קמח רב תכליתי ללא גלוטן - שי של הטבע,אופק מן הטבע,IL,קמח רב תכליתי שי של,,500.00,100 גרם,false,,24.90,0.0498,true,1,19153
7290016087123,false,רוטב עגבניות מתובל לפסטה 240 ג' פריניר,פריניר,IL,רוטב עגבניות מתובל ל,,240.00,100 גרם,false,,4.90,0.0204,true,1,17679
7290016087222,false,רוטב עגבניות מרוכז לשקשוקה פריניר 230 גר,פריניר ( הדס 1987) ב,IL,ברוטב עגבניות מרוכז,,240.00,100 גרם,false,,4.90,0.0204,true,1,17681
7290016087239,false,רוטב עגבניות מרוכז לשקשוקה פיקנט 230 ג' פריניר,פרי ניב,IL,רוטב עגבניות לשקשוקה,,240.00,100 גרם,false,,4.90,0.0204,true,1,17682
7290016096217,false,רביעיית נתחי טונה קט,,,רביעיית נתחי טונה קט,,560.00,100 גרם,false,,21.90,0.0391,true,1,67574
7290016096491,false,נתחי טונה בהירה בשמן צמחי שלישיה *80ג' פילטונה,תעשיות פילטונה,IL,נתחי טונה בשמן צמחי,,240.00,100 גרם,false,,11.90,0.0496,true,1,10313
7290016096675,false,טונה בשמן זית פילטונ,,,טונה בשמן זית פילטונ,,240.00,100 גרם,false,,17.90,0.0746,true,1,10317
7290016096811,false,רביעיית ממרח טונה פילטונה 160 גר'*4,תעשיות פילטונה,IL,ממרח טונה פילטונה רב,,160.00,100 גרם,false,,19.90,0.1244,true,1,22695
7290016104271,false,ריבת חלב פוליבה 340 גר,,,ריבת חלב 340 גר`,,340.00,100 גרם,false,,12.90,0.0379,true,1,4869
7290016104615,false,סילאן סירופ תמרים פוליבה צנצנת 900 ג',,,סילאן תמרים 900 גרם,,900.00,100 גרם,false,,12.90,0.0143,true,1,4875
7290016104868,false,סירופ מייפל פוליבה 700 גר',,,סירופ בטעם מייפל 700,,700.00,100 גרם,false,,12.90,0.0184,true,1,4877
7290016104875,false,סירופ שוקולד פוליבה 700ג',,,סירופ בטעם שוקולד 70,,700.00,100 גרם,false,,12.90,0.0184,true,1,4878
7290016114300,false,נייר טואלט לילי לבן דאבל 16 גל=32 גל,,,לילי גליל כפול 16 גל,,588.00,מטר,false,,35.90,0.0611,true,1,3307
7290016144000,false,"קמח חיטה מלאה נפלאות 80% 1 ק""ג","קמח מלכים בע""מ",IL,קמח חיטה 80% נפלאות,קילוגרמים,1.00,"ק""ג",false,,9.90,9.9000,true,1,15848
7290016144017,false,"קמח מלא נפלאות 100% ללא ניפוי 1 ק""ג",קמח מלכים,IL,קמח חיטה מלאה 100% נ,קילוגרמים,1.00,"ק""ג",false,,9.90,9.9000,true,1,15849
7290016144031,false,"קמח לבן מנופה נפלאות 1 ק""ג",קמח מלכים,IL,קמח נפלאות חיטה לבן,קילוגרמים,1.00,"ק""ג",false,,6.90,6.9000,true,1,15851
7290016150117,false,סלק אדום מבושל 500 ג' בוואקום,חקלאי,IL,מעדן סלק בוואקום 500,,500.00,100 גרם,false,,5.90,0.0118,true,1,15444
7290016188585,false,יין מבעבע למברוסקו רוזה חצי יבש,יקב גאקובזי,IT,רוזה מבעבע למברוסקו,,750.00,"100 מ""ל",false,,24.90,0.0332,true,1,300
7290016188608,false,"יין למברוסקו לבן חצי יבש 750מ""ל",יקב גאקובזי,IT,למברוסקו לבן חצי יבש,,750.00,"100 מ""ל",false,,24.90,0.0332,true,1,302
7290016197488,false,מטליות מיקרופייבר למשטחים ניקול 3יח',UFO INC,CN,מטלית קסם לשיש מארז,יחידה,0.00,יחידה,false,,9.90,0.0000,true,1,3308
7290016197495,false,ניקול זוג מטליות הקסם מיקרופייבר לרצפה,חוגלה קימברלי,CN,מטלית קסם לרצפה מארז,יחידה,0.00,יחידה,false,,15.90,0.0000,true,1,3309
7290016197877,false,ניקול שקיות לפחי מטבח קטנים 60 יח' M,,,שקית לפחי מטבח קטנים,יחידה,0.00,יחידה,false,,21.90,0.0000,true,1,3312
7290016246025,false,בארכה מיקס פינוקיות חלווה ללא סוכר 10*20ג,רושדי תעשיות מזון בע,IL,בארכה פנוקיות חלבה ל,,200.00,100 גרם,false,,11.90,0.0595,true,1,6850
7290016246445,false,טחינה גולמית מעודנת שמשום מלא בארכה 310ג',רושדי תעשיות מזון,IL,בארכה טחינה גולמית מ,,310.00,100 גרם,false,,10.90,0.0352,true,1,6854
7290016273090,false,סוכריה על מקל בטעם תות בננה 31 גרם,אוריגינל גורמה,US,סוכרית לוליפופ על מק,,31.00,100 גרם,false,,4.90,0.1581,true,1,1575
7290016319309,false,סבון נוזלי מאסק קלאסי+משאבה פמלי 1 ל,הנסיך- מפעל לייצור ט,TR,אל סבון מאסק+משאבה פ,ליטרים,1.00,ליטר,false,,10.00,10.0000,true,1,2249
7290016321661,false,מגבונים פרש וואנס סנסיטיב קר רביעייה,עלבד משואות יצחק,IL,מגבוני פרש וואנס רבי,יחידה,0.00,יחידה,false,,15.90,0.0000,true,1,2261
7290016321777,false,רצועות שעווה לפנים מגע הדבש 12+5 יח,שוורצקוף& הנקל דיסלד,ES,רצועות שעווה לפנים מ,יחידה,0.00,יחידה,false,,19.90,0.0000,true,1,2263
7290016334500,false,לבבות חסה זוגות בשקי,,,לבבות חסה זוגות בשקי,,1.00,יח',false,,9.90,9.9000,true,1,13134
7290016334692,false,בצל ירוק אדמה,,,בצל ירוק אדמה,,1.00,יח',false,,5.90,5.9000,true,1,13135
7290016370270,false,זית קלמטה מגולען 560 ג' -יבנה,קבוצת יבנה,,זית קלמטה ללא גלעין,,560.00,100 גרם,false,,11.90,0.0213,true,1,27337
7290016370300,false,זית קלמטה שלם צנצנת יבנה,קוזט אס.איי.פיין פוצ,GR,זית קלמטה שלם בצנצנת,,560.00,100 גרם,false,,13.90,0.0248,true,1,27338
7290016372342,false,עגבניות חתוך קוביות גראנד איטליה מארז 400X3ג',גרנד איטליה Grand Italia,IT,עגבניות חתוכות לקובי,,400.00,100 גרם,false,,14.90,0.0373,true,1,9517
7290016387841,false,אטבי כביסה איכותים צבעונים 50 יחי',,,אטבי ג'וי צבעוניים,יחידה,0.00,יחידה,false,,10.50,0.0000,true,1,5016
7290016437645,false,תחתוני חיתולים האגיס פרידום דריי (5),קימברלי קלארק צ'כיה,CZ,האגיס פרידום דריי 32,יחידה,0.00,יחידה,false,,44.90,0.0000,true,1,3315
7290016440652,false,תערובת פרוסות ירקות,,,תערובת פרוסות ירקות,,500.00,100 גרם,false,,19.90,0.0398,true,1,21405
7290016440911,false,מלפפונים ביתיים כבושים,מעדני עופר,,מלפפונים ביתיים כבוש,,500.00,100 גרם,false,,19.90,0.0398,true,1,21408
7290016509847,false,ג'ל כביסה לבגדים שחורים וכהים,פרסיל Persil,IL,פרסיל ג'ל 2.5 ליטר ב,ליטרים,2.50,ליטר,false,,34.90,13.9600,true,1,12829
7290016513684,false,כיסונים כפרי במילוי בשר הודו 750 גרם,,,כיסונים כפריים במילו,,0.75,100 גרם,false,,29.90,39.8667,true,1,20863
7290016682038,false,"מיץ תפוזים סחוט 100% טבעי. מפוסטר, מקורר",פרי ניב,IL,"מיץ תפוזים 400 מ""ל פ",,400.00,"100 מ""ל",false,,8.40,0.0210,true,1,15944
7290016682199,false,פריניב שייק תות בננה מופחת סוכר 1 ליטר,פריניב בעמ,IL,שייק תות בננה מופחת,יחידה,0.00,יחידה,false,,14.90,0.0000,true,1,15948
7290016682243,false,פריניב אשכולית אדומה סחוט 100% 1 ליטר,פריניב,IL,פרי ניב מיץ אשכולית,ליטרים,2.00,ליטר,false,,14.90,7.4500,true,1,15949
7290016682328,false,מיץ תפוזים סחוט פרי ניב 2 ליטר-,פריניב,IL,פרי ניב מיץ תפוזים ט,ליטרים,2.00,ליטר,false,,20.60,10.3000,true,1,26271
7290016682342,false,מיץ תפוזים וולנסיה פרי ניב 2 ליטר-,פרי ניב,IL,פרי ניב מיץ 100% טבע,ליטרים,2.00,ליטר,false,,26.90,13.4500,true,1,26272
7290016682359,false,מיץ תפוזים שמוטי פרי ניב 2 ליטר-,פרי ניב,IL,פרי ניב מיץ 100% טבע,ליטרים,2.00,ליטר,false,,26.90,13.4500,true,1,26273
7290016682373,false,משקה קל לימונדה בלאדי 2 ליטר פריניב,פריניב,IL,פרי ניב סחוט לימונדה,ליטרים,2.00,ליטר,false,,19.50,9.7500,true,1,26274
7290016693553,false,"סדרת עונות מרלו 750 מ""ל",יקבי ארזה,IL,יין עונות מרלו 750 מ,,750.00,"100 מ""ל",false,,29.90,0.0399,true,1,4393
7290016717754,false,"יין ישן נושן יקבי כרמל 750 מ""ל ^^^",אגודת הכורמים הקואופ,IL,"ישן נושן 750מ""ל.",,750.00,"100 מ""ל",false,,18.90,0.0252,true,1,309
7290016866650,false,"פרודונטקס - משחת שיניים אוריג'ינל 75 מ""ל",פרודונטקס Parodontax,SK,מש.שיניים אוריגינל פ,,75.00,"100 מ""ל",false,,30.90,0.4120,true,1,1578
7290016867046,false,פיתות קלות כוסמין במתיקות מעודנת 6 יח',המאפה של דר מרק בריא,IL,פיתות קלות כוסמין במ,,303.00,100 גרם,false,,15.90,0.0525,true,1,28509
7290016867114,false,לחם כוסמין קל מלא 500 גר',המאפה של דר מרק בריא,IL,לחם כוסמין קל מלא 50,,500.00,100 גרם,false,,19.50,0.0390,true,1,28515
7290016867152,false,פיתות קלות כוסמין 5 יחידות 330 גר,המאפה של דר מרק בריא,IL,פיתות קלות כוסמין 29,,292.00,100 גרם,false,,14.50,0.0497,true,1,28519
7290016867176,false,"לחמניות קלות כוסמין שומשום 6יח' ד""ר מרק",המאפה של דר מרק,IL,לחמניות ק. כוסמין שו,,300.00,100 גרם,false,,13.90,0.0463,true,1,28520
7290016867237,false,לחם קל כוסמין במתיקות מעודנת 400ג',המאפה של דר מרק בריא,IL,לחם קל כוסמין במתיקו,,400.00,100 גרם,false,,20.90,0.0522,true,1,28521
7290016867244,false,לחמניות מחמצת כוסמין 99 קלוריות מארז,המאפה של דר מרק בריא,IL,לחמניות מחמצת כוסמין,,321.00,100 גרם,false,,14.50,0.0452,true,1,28522
7290016967074,false,לחם חיטה מלאה עם גרעינים ודגנים,מאפיית שלמה א. אנג'ל,IL,חיטה מלאה אנגל 750 ג,,750.00,100 גרם,false,,14.90,0.0199,true,1,13062
7290016967456,false,לחם צרפתי מחמצת 100% כוסמין 600 ג' אנג'ל,מאפיית שלמה א.אנג'ל,IL,לחם מחמצת כוסמין אנג,,600.00,100 גרם,false,,16.50,0.0275,true,1,13063
7290016998184,false,עלי חסה ערבית שטופים היתר מכירה,,,עלי חסה ערבית שטופה,,250.00,100 גרם,false,,9.90,0.0396,true,1,26331
7290016998320,false,לבבות קיסר נטורזה,נטורזה,IL,לבבות קיסר מארז,,1.00,יח',false,,9.90,9.9000,true,1,26345
7290017023816,false,"ספרינג  פירות טרופיים 250 מ""ל רביעייה",יפאורה תבורי,IL,ספרינג פירות טרופיים,ליטרים,1.00,ליטר,false,,11.20,11.2000,true,1,4343
7290017062662,false,מרכך כביסה מרוכז כתום 1*5 ליטר טאצ,,,מרכך כביסה מרוכז טאצ,ליטרים,1.00,ליטר,false,,12.90,12.9000,true,1,25189
7290017062693,false,מרכך כביסה מרוכז לבן 1*5 ליטר טאצ,סאסאטק,IL,מרכך כביסה מרוכז טאצ,ליטרים,1.00,ליטר,false,,12.90,12.9000,true,1,25191
7290017062747,false,"נ.כלים 36% תפוח טאצ' +משאבה 750 מ""ל",,,נוזל כלים תפוח 36% 7,,750.00,"100 מ""ל",false,,8.90,0.0119,true,1,32830
7290017065137,false,ריקוטה למריחה 5% טבעית 200 גרם - רובין,האי נאם סי או אל.טי.,IL,גבינה ריקוטה למריחה,,200.00,100 גרם,false,,10.90,0.0545,true,1,5282
7290017065236,false,גבינה בולגרית מעודנת 24% גד 250 ג',הנסיך- מפעל לייצור ט,IL,בולגרית מעודנת 24% 2,,250.00,100 גרם,false,,23.90,0.0956,true,1,5285
7290017065526,false,קוואטרו פורמאג'י 4 גבינות מגוררות 26%,מחלבות גד בעמ,IL,גד קוואטרו פורמאג'י,,300.00,100 גרם,false,,29.90,0.0997,true,1,5290
7290017065731,false,גבינת שמנת 30% ניו יורק +כמהין 200 גרם רבנות,פ.פ.ח. שאביט,IL,גבינת שמנת ניו יורק,,200.00,100 גרם,false,,14.10,0.0705,true,1,20669
7290017068985,false,שיבולת שועל מלאה עבה 500 גר',מיה,IL,שיבולת שועל מלאה עבה,קילוגרמים,1.00,"ק""ג",false,,8.90,8.9000,true,1,20697
7290017088051,false,בייביסיטר - חיתולי סטנדרט מידה 3 - 52 יח',בייביסיטר Babysitter,IL,חיתולי ביייביסיטר סט,,52.00,יח',false,,30.90,0.5942,true,1,22923
7290017088068,false,בייביסיטר - חיתולי סטנדרט מידה 4 - 42 יח',בייביסיטר Babysitter,IL,חיתולי ביייביסיטר סט,,42.00,יח',false,,30.90,0.7357,true,1,22924
7290017088075,false,בייביסיטר - חיתולי סטנדרט מידה 4+ - 40 יח',בייביסיטר Babysitter,IL,חיתולי ביייביסיטר סט,,40.00,יח',false,,30.90,0.7725,true,1,22925
7290017088631,false,מגבוני תולי רביעייה ללא בישום 72X4 יח',DPL,IL,מגבון Tooly רביעייה,יחידה,0.00,יחידה,false,,9.90,0.0000,true,1,10933
7290017088853,false,BREEZE תחתונים לבריחת שתן מידה M יח' 14,EUROFIL,IT,תחתונים סופגים Breez,,14.00,יח',false,,64.90,4.6357,true,1,22932
7290017088969,false,חיתולי בייביסיטר ניו בורן מידה 1 42 יח',TZMOSA,PL,חיתולי בייביסיטר NB,יחידה,0.00,יחידה,false,,25.90,0.0000,true,1,22935
7290017105062,false,גרגירי חומוס שלם יכין הקטניה הטובה 200 ג,היינץ צפון אמריקה מק,IL,חומוס 6OZ יכין 200 ג,,200.00,100 גרם,false,,3.90,0.0195,true,1,3170
7290017105086,false,שימורי יכין שעועית צילי 200 גר,"זנלכל בע""מ",IL,שעועית צ'ילי 6OZ יכי,,200.00,100 גרם,false,,3.90,0.0195,true,1,3172
7290017105116,false,שימורי יכין תורמוס 200 גר,"זנלכל בע""מ",IL,תורמוס 6OZ יכין 200,,200.00,100 גרם,false,,3.90,0.0195,true,1,3173
7290017105123,false,שימורי פול יכין הקטניה הטובה 200 גר,היינץ צפון אמריקה מק,IL,פול מצרי 6OZ יכין 20,,200.00,100 גרם,false,,3.90,0.0195,true,1,3174
7290017105468,false,מארז שלישייה אפונה קטנה יכין 3*200 גר,קשקמט קונסרב הונגריה,IL,אפונה יכין 3*120 גרם,,360.00,100 גרם,false,,14.90,0.0414,true,1,3176
7290017105550,false,רביעיית רסק עגבניות 100% יכין 4X100 גרם,היינץ צפון אמריקה מק,IL,מאגדת רסק עגבניות יכ,,400.00,100 גרם,false,,11.90,0.0298,true,1,3177
7290017105895,false,גרגרי חומוס להכנת חומוס 550 גרם יכין,זנלכל,IL,גרגרי חומוס מסעדות י,,550.00,100 גרם,false,,8.90,0.0162,true,1,3181
7290017142005,false,"שמן קוקוס אורגני עץ הזית צנצנת 320מ""ל",אקספלונקה,LK,שמן קוקוס אורגני כתי,,320.00,"100 מ""ל",false,,19.90,0.0622,true,1,6198
7290017142111,false,פתיתי טונה בשמן זית טו גו עץ הזית 85 גרם,שמן תעשיות,TH,פתיתי טונה בהירה בשמ,,85.00,100 גרם,false,,9.90,0.1165,true,1,6200
7290017142128,false,"שמן זית כתית מעולה קלאסי עץ הזית 750 מ""ל",שמן תעשיות,IL,שמן זית כתית מעולה ק,,750.00,"100 מ""ל",false,,30.90,0.0412,true,1,6201
7290017142180,false,פילה פרוס ושמן זית בנגיעות טעם לימון ופלפל שחור,"יוניקורד ח.צ בע""מ",IL,פילה טונה פרוס זית ל,,120.00,100 גרם,false,,14.90,0.1242,true,1,6204
7290017142234,false,פתיתי טונה בשמן זית טעם מעושן טו גו 85 ג,שמן תעשיות,TH,פתיתי טונה בהירה בשמ,,85.00,100 גרם,false,,9.90,0.1165,true,1,6206
7290017142289,false,"תרסיס שמן חמניות לל""ת גז עץ הזית 200מ""ל",שמן תעשיות,IL,תרסיס שמן חמניות עץ,,200.00,"100 מ""ל",false,,15.50,0.0775,true,1,6209
7290017142340,false,שמן זרעי ענבים 1 ליטר עץ הזית,עץ השדה,TH,שמן זרעי ענבים מזוכך,ליטרים,1.00,ליטר,false,,29.90,29.9000,true,1,6210
7290017142388,false,שמן חמניות אומגה 3 פלוס 1 ליטר עץ הזית,שמן תעשיות,IL,שמן חמניות פלוס אומג,ליטרים,1.00,ליטר,false,,15.90,15.9000,true,1,6213
7290017142395,false,טונה עם פסטה בשמן זית 160 גרם עץ הזית,,TH,פסטה עם טונה בשמן זי,,160.00,100 גרם,false,,13.90,0.0869,true,1,6214
7290017142418,false,ארוחה אורז עם עדשים טונה בשמן זית 160 גר',יוניקורד ח.צ בעמ,TH,אורז עדשים עם טונה ב,,160.00,100 גרם,false,,13.90,0.0869,true,1,6216
7290017217307,false,נרות חימום ריחניים בניחות ורדים 50יח',,,נרות חימום ריחניים ב,יחידה,0.00,יחידה,false,,12.90,0.0000,true,1,18832
7290017304885,false,לחם שיפון מחיטה מלאה ללא תוספת סוכר 750 ג' אנג'ל,מאפית אנגל,IL,לחם שיפון וחיטה מלאה,,750.00,100 גרם,false,,14.90,0.0199,true,1,13068
7290017457611,false,גל כביסה סוד טוטאל ירוק 2.5 ליטר,הנקל סוד,IL,ג'ל כביסה ירוק סוד,ליטרים,2.50,ליטר,false,,24.90,9.9600,true,1,12838
7290017457727,false,"סוד - מרכך כביסה מרוכז פרש סקיי 900 מ""ל",הנקל סוד,IL,מרכך כביסה מרוכז סוד,,900.00,"100 מ""ל",false,,9.50,0.0106,true,1,12843
7290017457734,false,"סוד - מרכך כביסה מרוכז ווילד רוז 900 מ""ל",הנקל סוד,IL,מרכך כביסה מרוכז סוד,,900.00,"100 מ""ל",false,,9.50,0.0106,true,1,12844
7290017457925,false,סוד מרכך כביסה מרוכז פרש קונטרול ורוד,הנקל סוד,IL,מרכך כביסה מרוכז סוד,,900.00,"100 מ""ל",false,,9.50,0.0106,true,1,12854
7290017457932,false,סוד מרכך כביסה מרוכז פרש קונטרול כחול,הנקל סוד,IL,מרכך כביסה מרוכז סוד,,900.00,"100 מ""ל",false,,9.50,0.0106,true,1,12855
7290017477169,false,קשיו קלוי 250 גרם ששון הקולה,ששון,IL,קשיו קלוי ששון הקולה,,250.00,100 גרם,false,,20.00,0.0800,true,1,18529
7290017513485,false,מחית עגבניות רוסטיקה בלה איטליה 680 ג',היצרן: ס.פ. פודנצנו,IT,מחית עגבניות רוסטיקה,,680.00,100 גרם,false,,11.90,0.0175,true,1,9534
7290017589633,false,"רזרב גולד אדישיין קברנה סוביניון 750 מ""ל",יקבי ברקן Barkan,IL,יין רזרב קברנה גולד,,750.00,"100 מ""ל",false,,39.90,0.0532,true,1,3514
7290017599267,false,סוכרלוז 120 שקיות ממתיק שולחני,סוכרזית Sucrazit,IL,סוכרזית סוכרלוז ממתי,,120.00,100 גרם,false,,24.90,0.2075,true,1,21882
7290017599274,false,סוכרזית סטיוויה 120 שקיות,ביסקול בע''מ,IL,סוכרזית סטיוויה ממת,,120.00,100 גרם,false,,24.90,0.2075,true,1,21883
7290017617107,false,סטארקיסט מיקס טוגו טונה עם 4 דגנים 185 גרם,"איטיליאן פוד, אס.פי.",TR,סטארקיסט מיקס 185 גר,,185.00,100 גרם,false,,10.90,0.0589,true,1,22700
7290017618111,false,עוגיות שקדים עם טריפל שוקולד 200 גר לחמי,קונדטוריות לחמי,IL,עוגיות מלבן שקדים עם,,180.00,100 גרם,false,,18.90,0.1050,true,1,15863
7290017637563,false,שמפו לתלתלים מושלמים 500 מל מיקי בוגנים,מיקי בוגנים,,שמפו CURLS לתלתלים מ,,500.00,"100 מ""ל",false,,23.90,0.0478,true,1,28900
7290017637570,false,מרכך לתלתלים מושלמים 500 מל מיקי בוגנים,מיקי בוגנים,,מרכך CURLS לשיער מתו,,500.00,"100 מ""ל",false,,23.90,0.0478,true,1,28901
7290017677804,false,"רוטב סויה קיקומן 444 מ""ל",קיקומן פודז אינק,US,קיקומן רוטב סויה ללא,,444.00,"100 מ""ל",false,,19.90,0.0448,true,1,2040
7290017715407,false,זיתים שחורים עם פלפל חריף,,TR,זית שחור עם פלפל חרי,,400.00,100 גרם,false,,14.90,0.0373,true,1,9663
7290017715834,false,A2 זית נובו מבוקע ג.מאוד תומר 560 גרם,עדן,IL,זית נובו מבוקע ג.מאו,,560.00,100 גרם,false,,10.90,0.0195,true,1,9680
7290017724003,false,עוגיות גרסיני אקלר 2,אקלר,IL,עוגיות גרסיני אקלר 2,,250.00,100 גרם,false,,19.90,0.0796,true,1,28826
7290017724034,false,עוגיות סנדוויץ ריבה,אקלר,IL,עוגיות סנדוויץ ריבה,,250.00,100 גרם,false,,19.90,0.0796,true,1,28828
7290017724041,false,עוגיות תותי פרוטי אק,אקלר,IL,עוגיות תותי פרוטי אק,,200.00,100 גרם,false,,19.90,0.0995,true,1,28829
7290017724058,false,עוגיות מעדן תמר אגוז,אקלר,IL,עוגיות מעדן תמר אגוז,,250.00,100 גרם,false,,19.90,0.0796,true,1,28830
7290017724072,false,עוגיות רולדה שוקו/תמ,אקלר,IL,עוגיות רולדה שוקו/תמ,,200.00,100 גרם,false,,19.90,0.0995,true,1,28832
7290017724089,false,עוגיות ואן גוך אקלר,,,עוגיות ואן גוך אקלר,,200.00,100 גרם,false,,19.90,0.0995,true,1,28833
7290017724119,false,עוגיות אוזניים אקלר,אקלר,IL,עוגיות אוזניים אקלר,,200.00,100 גרם,false,,19.90,0.0995,true,1,28836
7290017724126,false,עוגיות טחינה אקלר 25,אקלר,IL,עוגיות טחינה אקלר 25,,250.00,100 גרם,false,,19.90,0.0796,true,1,28837
7290017724164,false,עוגיות אוזניים ללא ת,אקלר,IL,"עוגיות אוזניים לל""תס",,200.00,100 גרם,false,,22.90,0.1145,true,1,28840
7290017724171,false,עוגיות סנדביץ ריבה ל,אקלר,IL,עוגיות סנדוויץ ריבה,,250.00,100 גרם,false,,22.90,0.0916,true,1,28841
7290017724201,false,עוגיות ואן גוך ללא ת,אקלר,IL,"עוגיות ואן גוך לל""תס",,200.00,100 גרם,false,,22.90,0.1145,true,1,28843
7290017812571,false,יין תירוש אדום 100%ה טבעי 1 ליטר,יקבי כרמל Carmel Winery,IL,תירוש מיץ ענבים אדום,ליטרים,1.00,ליטר,false,,19.90,19.9000,true,1,318
7290017812588,false,יין תירוש לבן 100%ה טבעי 1 ליטר,יקבי כרמל Carmel Winery,IL,תירוש מיץ ענבים לבן,ליטרים,1.00,ליטר,false,,19.90,19.9000,true,1,319
7290017812861,false,"יין וינו לבן יבש 750 מ""ל",יקבי כרמל,IL,יין וינו לבן יבש יקב,,750.00,"100 מ""ל",false,,19.90,0.0265,true,1,18761
7290017888910,false,"תפוזינה לימונענע 500 מ""ל בודד",,,משקה לימונענע Move ת,,500.00,"100 מ""ל",false,,5.40,0.0108,true,1,20188
7290017888972,false,בקבוק מי עדן פקק ספורט 1 ליטר,מופק ממקור בזלתי עדן,IL,מי עדן פקק ספורט 1 ל,ליטרים,1.00,ליטר,false,,3.90,3.9000,true,1,4358
7290017894058,false,דגש תערובת להכנת לחם 500 גרם,"אף סי, תבליני הגליל",IL,דגש - תערובת להכנת ל,,500.00,100 גרם,false,,17.90,0.0358,true,1,18238
7290017894126,false,פוזילי טריקולור דגש 400 גרם,אנדריאני,IL,דגש פוזלי טריקולור ל,,400.00,100 גרם,false,,9.90,0.0248,true,1,18243
7290017928746,false,פירורי בייגלה מאיר בייגל 200 גר,,,פירורי בייגלה מאיר ב,,200.00,100 גרם,false,,6.20,0.0310,true,1,19336
7290017941288,false,נר נשמה 24 שעות,,,נר נשמה 24 שעות,יחידה,0.00,יחידה,false,,1.90,0.0000,true,1,26765
7290017941356,false,נר שבת 72 יח',,,נר שבת 72 יח',יחידה,0.00,יחידה,false,,31.90,0.0000,true,1,26773
7290017941370,false,להבונים 50 יח' 3 שעו,,,להבונים 50 יח' 3 שעו,יחידה,0.00,יחידה,false,,9.90,0.0000,true,1,26775
7290017941387,false,להבונים בקופסא 100 י,,,להבונים בקופסא 100 י,יחידה,0.00,יחידה,false,,22.90,0.0000,true,1,26776
7290017941455,false,כוסות 9oz לשתיה חמה,,,כוסות 9oz לשתיה חמה,יחידה,0.00,יחידה,false,,14.90,0.0000,true,1,26783
7290017941615,false,רדיד אלומניום כוכבים,,,רדיד אלומניום כוכבים,,60.00,מטר,false,,24.90,0.4150,true,1,26799
7290017941707,false,WIZ זוג מפות ארוח 180*120,,,זוג מפות אירוח 120*1,יחידה,0.00,יחידה,false,,7.90,0.0000,true,1,26808
7290017941820,false,כוסות שתיה קרה כחול,,,כוסות שתיה קרה כחול,יחידה,0.00,יחידה,false,,13.90,0.0000,true,1,26820
7290017941851,false,מגש איכותי מרובע 9*1,,,מגש איכותי מרובע 9*1,יחידה,0.00,יחידה,false,,6.90,0.0000,true,1,26823
7290017941967,false,שקיות אוכל XL 300 י,,,שקיות אוכל XL 300 י,יחידה,0.00,יחידה,false,,8.90,0.0000,true,1,26834
7290017947105,false,לחם בסגנון אמריקה 500 גר',מאפיית שלמה א. אנג'ל,IL,לחם בסגנון אמריקה אנ,,500.00,100 גרם,false,,13.00,0.0260,true,1,13069
7290017947464,false,מארז 8 פיתות מקמח כוסמין מלא 400ג',"איטיליאן פוד, אס.פי.",IL,שמיניית פיתות כוסמין,,400.00,100 גרם,false,,15.50,0.0388,true,1,13079
7290017947495,false,לחמניות כוסמין 450 ג' אנג'ל,"איטיליאן פוד, אס.פי.",IL,6 לחמניות כוסמין אנג,,450.00,100 גרם,false,,14.50,0.0322,true,1,24273
7290017947891,false,לחם כוסמין וחיטה מלאה 750 ג' אנג'ל,מאפיית שלמה א. אנג'ל,IL,לחם כוסמין וחיטה מלא,,750.00,100 גרם,false,,14.90,0.0199,true,1,13080
7290017947921,true,מארז לחמניות המבורגר,,,מארז לחמניות המבורגר,,450.00,100 גרם,false,,13.50,0.0300,true,1,13081
7290017947938,false,מיני לחמניות המבורגר בסגנון אמריקה 400 ג' אנג'ל,מאפיית שלמה א. אנג'ל,IL,8 לחמניות המבורגר בס,,4000.00,100 גרם,false,,13.50,0.0034,true,1,24275
7290017974255,false,קרפלך גבינה מתוקה 600 גרם,,,קרפלך במילוי גבינה מ,,0.60,100 גרם,false,,25.90,43.1667,true,1,20866
7290017974873,false,כיסונים למרק במילוי בשר הודו 750 גרם,,,כיסונים למרק במילוי,,0.75,100 גרם,false,,29.90,39.8667,true,1,20867
7290018043196,false,פראוד - חטיף חלבון בטעם שוקולד לבן עוגיות 60 גרם,הרת'סייד פוד סולושיי,NL,חטיף חלבון בטעם שוקו,,60.00,100 גרם,false,,13.90,0.2317,true,1,19283
7290018045695,false,דגנים במילוי קרם קרמל מלוח 480 ג' BON & BON,מונדיי Monday,DE,דגנים במילוי קרם קרמ,,480.00,100 גרם,false,,15.90,0.0331,true,1,21513
7290018045893,false,בון בון דגנים במילוי קרם נוגט 480 גרם,monday,DE,דגנים במילוי קרם נוג,,480.00,100 גרם,false,,15.90,0.0331,true,1,21515
7290018098493,false,פיצה טבעונית משפחתית זיתים 350 גרם MILK FREE,נטורל קייקס,IL,פיצה משפחתית זיתים 3,,350.00,100 גרם,false,,21.90,0.0626,true,1,25351
7290018131893,false,אקסטרים טילון פקאן מאגדת 6 יח 432 גרם,גלידות נסטלה (נגה גל,IL,אקסטרים מאגדת טילון,,432.00,100 גרם,false,,32.90,0.0762,true,1,20745
7290018132388,false,מטרנה גולד שלב 2 תרכובת מזון על בסיס חלבי,מטרנה,IL,מטרנה גולד בדץ שלב 2,,700.00,100 גרם,false,,74.90,0.1070,true,1,21044
7290018236086,false,נקניקיות עוף במליחות,עיצובים 2020 (4.9),,ע.ט. נקניקיות עוף 12,קילוגרמים,1.00,"ק""ג",false,,27.90,27.9000,true,1,21257
7290018237410,false,עוף טוב פסטרמה במעשנה נתח שלם 8*300 גרם,מולינו ניקולי s.p.a,IL,פסטרמה במעשנה נתח של,,300.00,100 גרם,false,,27.90,0.0930,true,1,21268
7290018237496,false,פסטרמה בדבש דקדק 220 גר,"עוף טוב (שאן) בע""מ",IL,עוף טוב דק דק פסטרמה,,220.00,100 גרם,false,,19.90,0.0905,true,1,21272
7290018237922,false,עוף טוב שניצלונים ציפוי צ'יפס 700 גרם,עיצובים 2020 (4.9),IL,שניצלונים ציפוי ציפס,,700.00,100 גרם,false,,12.90,0.0184,true,1,21276
7290018237939,false,שניצלונים ציפוי שומשום עוף טוב 700 גרם,עיצובים 2020 (4.9),IL,שניצלונים ציפוי שומש,,700.00,100 גרם,false,,12.90,0.0184,true,1,21277
7290018237960,false,עוף טוב כתף בקר עסיסי 265 גר',עיצובים 2020 (4.9),IL,כתף בקר עסיסי עוף טו,,265.00,100 גרם,false,,24.90,0.0940,true,1,21278
7290018249086,false,ממרח חלבה פיסטוק סוו,,,סוויטאנגו ממרח בטעם,,350.00,100 גרם,false,,32.90,0.0940,true,1,67623
7290018249123,false,אינסטנט פודינג סוויטאנגו בטעם וניל,מתבל תעשיות מזון,IL,כמו סוכר אינסטנט פוד,,50.00,100 גרם,false,,11.90,0.2380,true,1,15867
7290018249154,false,ממרח קקאו סוויטאנגו 350 גר,"אחדות ביח""ר לטחינה ח",,ממרח שוקולד עם אגוזי,,350.00,100 גרם,false,,32.90,0.0940,true,1,67624
7290018294208,false,"סלקטד אדום יין ישראלי, 750 מ""ל","כד בני דרום בע""מ",IL,יין אדום ישראלי סלקט,,750.00,"100 מ""ל",false,,29.90,0.0399,true,1,18768
7290018294901,false,"יין מונלייט אדום יבש 750 מ""ל כרמל",יקבי כרמל Carmel Winery,IL,יין מונלייט אדום יבש,,750.00,"100 מ""ל",false,,29.90,0.0399,true,1,18773
7290018359495,false,תירס מהשדה בלי תוספת סוכר יכין 550 גרם,היינץ צפון אמריקה מק,IL,תירס מהשדה בלי תוספת,,550.00,100 גרם,false,,9.90,0.0180,true,1,3189
7290018359686,false,חומוס ענק יכין 550 גרם,היינץ צפון אמריקה מק,IL,חומוס ענק יכין 550 ג,,550.00,100 גרם,false,,8.90,0.0162,true,1,19774
7290018359716,false,רוטב עגבניות פיצה טוסקנה 240 גרם יכין,"זנלכל בע""מ",IL,רוטב פיצה טוסקנה יכי,,240.00,100 גרם,false,,5.50,0.0229,true,1,19775
7290018359877,false,רסק עגבניות טבעי יכין 200 גר*3,יכין,IL,רסק עגבניות טבעי יכי,,600.00,100 גרם,false,,10.90,0.0182,true,1,19778
7290018359938,false,"רוטב עגבניות לשקשוקה יכין, 400 גרם",יכין,IL,רוטב עגבניות לשקשוקה,,400.00,100 גרם,false,,9.90,0.0248,true,1,19780
7290018359952,false,רוטב עגבניות לפסטה יכין 400 גרם,יכין,IL,רוטב עגבניות לפסטה י,,400.00,100 גרם,false,,9.90,0.0248,true,1,19782
7290018359969,false,רוטב עגבניות לפיצה יכין 400 גרם,יכין,IL,רוטב עגבניות לפיצה י,,400.00,100 גרם,false,,9.90,0.0248,true,1,19783
7290018400470,false,כרישה חתוכה מוקפאת 600 גרם סנפרוסט,"סנפרוסט בע""מ",IL,כרישה חתוכה קפואה סנ,,600.00,100 גרם,false,,14.90,0.0248,true,1,22468
7290018400647,false,סמודיז בננה תמר סנפרוסט 300 גרם,"סנפרוסט בע""מ",IL,תערובת של בננה ותמר,,300.00,100 גרם,false,,12.90,0.0430,true,1,22470
7290018440223,false,חווית הצ'אי- מסאלה עוצמתי,ויסוצקי,IL,חווית הצ'אי- מסאלה ע,,50.00,100 גרם,false,,19.90,0.3980,true,1,22370
7290018440230,false,צ'אי ורדים 25 שק' ויסוצקי,ויסוצקי,IL,חווית הצ'אי- ורדים 2,,50.00,100 גרם,false,,19.90,0.3980,true,1,22371
7290018440247,false,צ'אי שקדים 25 שק' ויסוצקי,ויסוצקי,IL,חווית הצ'אי- שקדים 2,,50.00,100 גרם,false,,19.90,0.3980,true,1,22372
7290018441626,false,גלידת פיינטים מנטה עוגיות 430 ג' בן וג'ירי,מוצרי איכות אמריקאיי,IL,גלידת שמנת בטעם מנטה,,430.00,100 גרם,false,,17.50,0.0407,true,1,20634
7290018468425,false,נקניק טבעוני בטעם פקנטי 100 גרם טירת צבי,טיב טירת צבי 2000,IL,נקניק טבעוני בטעם מע,,100.00,100 גרם,false,,15.90,0.1590,true,1,51048
7290018471456,false,קרטונית ספרינג שייק אננס מנגו פסיפלורה 1 ליטר,"יפאורה תבורי בע""מ",IL,ספרינג שייק אננס מנג,ליטרים,1.00,ליטר,false,,11.90,11.9000,true,1,20195
7290018471463,false,תפוזינה נקטר תפוז מנגו קרטונית 1 ליטר,"יפאורה תבורי בע""מ",IL,נקטר תפוזינה ENJOY ב,ליטרים,1.00,ליטר,false,,6.80,6.8000,true,1,20196
7290018471487,false,תפוזינה נקטר תפוז אננס קרטונית 1 ליטר,"יפאורה תבורי בע""מ",IL,נקטר תפוזינה ENJOY ב,ליטרים,1.00,ליטר,false,,6.80,6.8000,true,1,20198
7290018471494,false,תפוזינה משקה תפוז גזר קרטונית 1 ליטר,"יפאורה תבורי בע""מ",IL,נקטר תפוזינה ENJOY ב,ליטרים,1.00,ליטר,false,,6.80,6.8000,true,1,20199
7290018471692,false,ספרינג שייק בננה אננס קוקוס פירות יער קרטונית 1 ליטר,"יפאורה תבורי בע""מ",IL,ספרינג שייק בננה אננ,ליטרים,1.00,ליטר,false,,11.90,11.9000,true,1,20207
7290018471906,false,שוופס מוגז פירות לימונדה ורודה 1.5 ליטר פיקדון,"יפאורה תבורי בע""מ",IL,שוופס מוגז לימונדה ו,ליטרים,1.50,ליטר,false,,8.80,5.8667,true,1,20212
7290018471913,false,שוופס מוגז פירות תפוחים 1.5 ליטר-,"יפאורה תבורי בע""מ",IL,שוופס פרוטס תפוחים 1,ליטרים,1.50,ליטר,false,,8.80,5.8667,true,1,20213
7290018471920,false,שוופס מוגז פירות ענבים 1.5 ליטר פיקדון,"יפאורה תבורי בע""מ",IL,שוופס ענבים מוגז 1.5,ליטרים,1.50,ליטר,false,,8.80,5.8667,true,1,20214
7290018471937,false,שוופס מוגז פירות תות ליים 1.5 ליטר פיקדון,"יפאורה תבורי בע""מ",IL,שוופס מוגז פירות תות,ליטרים,1.50,ליטר,false,,8.80,5.8667,true,1,20215
7290018471944,false,שוופס מוגז פירות לימונייד 1.5 ליטר פיקדון,"יפאורה תבורי בע""מ",IL,שוופס מוגז למונייד 1,ליטרים,1.50,ליטר,false,,8.80,5.8667,true,1,20216
7290018471951,false,שוופס מוגז פירות אשכולית אדומה 1.5 ליטר פיקדון,"יפאורה תבורי בע""מ",IL,שוופס פרוטס אשכולית,ליטרים,1.50,ליטר,false,,8.80,5.8667,true,1,20217
7290018500361,false,לחם אנג'ל אחיד פרוס 900 גר',מאפיית שלמה א. אנג'ל,IL,לחם אחיד פרוס מאפיית,,900.00,100 גרם,false,,8.30,0.0092,true,1,24277
7290018500385,true,חלה רגילה אנגל 650 ג,,,חלה רגילה אנגל 650 ג,,650.00,100 גרם,false,,6.50,0.0100,true,1,24278
7290018500392,true,חלה קלועה אנגל 650 ג,,,חלה קלועה אנגל 650 ג,,650.00,100 גרם,false,,6.50,0.0100,true,1,24279
7290018540329,false,שקית פיתה פיתה בלדי 800 ג' אנג'ל,מאפיית שלמה א. אנג'ל,IL,פיתה פיתה אנגל 880 ג,,10.00,יח',false,,9.90,0.9900,true,1,24281
7290018564684,false,ממרח פסטו בזיליקום ו,,,ממרח פסטו בזיליקום ו,,200.00,100 גרם,false,,11.90,0.0595,true,1,21415
7290018564707,false,ממרח פלפל קלוי שף הט,,,ממרח פלפל קלוי שף הט,,200.00,100 גרם,false,,11.90,0.0595,true,1,21417
7290018564721,false,ממרח אריסה שף הטבע 2,,,ממרח אריסה שף הטבע 2,,200.00,100 גרם,false,,11.90,0.0595,true,1,21419
7290018571064,false,"מקלוני טופי 450 גרם ""מיה""",מיה תעשיות מזון בעמ,IL,מקלוני טופי מיה 450,,450.00,100 גרם,false,,14.90,0.0331,true,1,20698
7290018571071,false,"טופי פספסים 450 גרם ""מיה""",מיה תעשיות מזון בעמ,IL,פספסים טופי מיה 450,,450.00,100 גרם,false,,14.90,0.0331,true,1,20699
7290018571552,false,סוכריות ג'לי ללא סוכר עם חומצות שומן אומגה 3 למבוגרים,מיה תעשיות מזון בעמ,IL,סוכריות אומגה 3 -ילד,,240.00,100 גרם,false,,39.90,0.1662,true,1,48223
7290018571644,false,סוכריות ג'לי ללא סוכר מולטי ויטמין בשילוב תוספת ביוטין,מיה תעשיות מזון בעמ,IL,סוכריות קוסמטיקה מבו,,210.00,100 גרם,false,,39.90,0.1900,true,1,48227
7290018571712,false,"אורז פרסי 1 ק""ג מיה.",,IL,"אורז פרסי 1 ק""ג",קילוגרמים,1.00,"ק""ג",false,,10.90,10.9000,true,1,20706
7290018571729,false,"אורז ריזוטו עגול 1 ק""ג מיה.",,IL,אורז ריזווטו עגול 1,קילוגרמים,1.00,"ק""ג",false,,9.90,9.9000,true,1,20707
7290018571743,false,"אורז מלא מיה 1 ק""ג",,IL,"אורז מלא 1 ק""ג",קילוגרמים,1.00,"ק""ג",false,,9.90,9.9000,true,1,20709
7290018626009,false,צלחות וינטג' ענקיות,,,צלחות וינטג' ענקיות,יחידה,0.00,יחידה,false,,21.90,0.0000,true,1,26848
7290018626108,false,קערות אובליות שקוף 5,,,קערות אובליות שקוף 5,יחידה,0.00,יחידה,false,,10.90,0.0000,true,1,26858
7290018626542,false,שקיות אשפה לפחים גדו,,,שקיות אשפה לפחים גדו,יחידה,0.00,יחידה,false,,12.90,0.0000,true,1,26897
7290018626641,false,מארז תבניות רוסטר גד,,,מארז תבניות רוסטר גד,יחידה,0.00,יחידה,false,,12.90,0.0000,true,1,26907
7290018626832,false,מגש איכותי עגול גדול,,,מגש איכותי עגול גדול,יחידה,0.00,יחידה,false,,11.90,0.0000,true,1,26926
7290018626993,false,מפיות תלת שכבתיות 20,,,מפיות תלת שכבתיות 20,יחידה,0.00,יחידה,false,,4.90,0.0000,true,1,26940
7290018652909,false,מאגדת מאגנום קפה שוקולד ופקאן 5 *43 ג' נסטלה,גלידות נסטלה,IL,מאגדת שלגונים אספרסו,,225.00,100 גרם,false,,27.90,0.1240,true,1,20763
7290018720103,false,וופל שוקו ללא סוכר 250 ג' מעדני מלך,"גילרו בע""מ",IL,אפיפיות בטעם שוקו לל,,250.00,100 גרם,false,,7.90,0.0316,true,1,27341
7290018773316,false,בזיליקום 100 גרם,,,בזיליקום 100 גרם,,100.00,100 גרם,false,,9.90,0.0990,true,1,24296
7290018792858,false,אבקת קקאו טבעי 500 גרם,,IL,אבקת קקאו דל שומן 50,,500.00,100 גרם,false,,25.90,0.0518,true,1,47612
7290018835029,false,מרק בטעם עוף פרווה ת,תבליני מימון,IL,מרק בטעם עוף פרווה ת,,400.00,100 גרם,false,,15.90,0.0398,true,1,18738
7290018886175,false,כפיות עבות 50 יח' ש,,,כפיות עבות 50 יח' ש,יחידה,0.00,יחידה,false,,9.90,0.0000,true,1,26948
7290018886182,false,כפיות עבות 50 יח' ק,,,כפיות עבות 50 יח' ק,יחידה,0.00,יחידה,false,,9.90,0.0000,true,1,26949
7290018886205,false,סכינים עבות 50 יח',,,סכינים עבות 50 יח',יחידה,0.00,יחידה,false,,9.90,0.0000,true,1,26951
7290018886212,false,מזלגות עבות 50 יח',,,מזלגות עבות 50 יח',יחידה,0.00,יחידה,false,,9.90,0.0000,true,1,26952
7290018886236,false,כפות עבות 50 יח' שק,,,כפות עבות 50 יח' שק,יחידה,0.00,יחידה,false,,9.90,0.0000,true,1,26954
7290018886267,false,מגש איכותי מחולק ל 4,,,מגש איכותי מחולק ל 4,יחידה,0.00,יחידה,false,,8.90,0.0000,true,1,26957
7290018893005,false,"חטיפי בייגלה אפוי בטעם חרדל ודבש, 160 גרם",צ'וקטה Chocketa,RO,בייגלה שטוח בתוספת ח,,200.00,100 גרם,false,,6.90,0.0345,true,1,21668
7290018893036,false,עוגיות סנדוויץ' בטעם שוקולד ממולאות קרם בטעם וניל,צ'וקטה Chocketa,ES,ביסקוויטי סנדוויץ בט,,176.00,100 גרם,false,,6.90,0.0392,true,1,21669
7290018893104,false,צ'וקטה ביסקוויט מצופה שוקולד מריר 100 גרם,צ'וקטה Chocketa,,צ'וקטה עוגיות מצופות,,100.00,100 גרם,false,,7.90,0.0790,true,1,21672
7290018893142,false,צ'וקטה גריסיני בתוספת שמן זית 120 גרם,צ'וקטה Chocketa,US,צ'וקטה גריסיני שמן ז,,120.00,100 גרם,false,,8.90,0.0742,true,1,21676
7290018893319,false,צ'וקטה שוקולד מריר בלגי 85% 100 גרם משולש K,צ'וקטה Chocketa,BE,צ'וקטה שוקולד מריר מ,,100.00,100 גרם,false,,8.90,0.0890,true,1,21680
7290018893340,false,מקלות אפויים בתוספת שומשום Salty,צ'וקטה Chocketa,US,צ'וקטה גריסיני שומשו,,120.00,100 גרם,false,,8.90,0.0742,true,1,21681
7290018893456,false,צ'וקטה מארז עוגות אישיות במילוי קרם ובציפוי שוקולד 10*30ג,פרדי קונדטוריה אס.פי,IT,צ'וקטה עוגות אישיות,יחידה,300.00,יחידה,false,,12.90,0.0430,true,1,21684
7290018893500,false,צ'וקטה עוגיות סנדביץ שוקו 180 גרם חלב נכרי,ארלוי,ES,צ'וקטה עוגיות סנדביץ,,180.00,100 גרם,false,,4.90,0.0272,true,1,21687
7290018893517,false,צ'וקטה בייגלה שטוח מצופה שוקולד מריר 80 ג',אלקה קו,RO,בייגלה שטוח מצופה שו,,80.00,100 גרם,false,,6.90,0.0863,true,1,21688
7290018893647,false,צ'וקטה עוגיות סנדביץ מצופות 150 גרם חלב נוכרי,צ'וקטה Chocketa,BE,עוגיות סנדויץ' מצופו,,150.00,100 גרם,false,,9.90,0.0660,true,1,21692
7290018893708,false,עוגיות סנדוויץ' במילוי קרם בטעם שוקולד,צ'וקטה Chocketa,ES,צ'וקטה עוגיות סנדביץ,,250.00,100 גרם,false,,6.90,0.0276,true,1,21695
7290018893715,false,בייגלה שטוח מצופה שוקולד חלב נכרי 80 גרם צ'וקטה,,RO,בייגלה שטוח מצופה שו,,80.00,100 גרם,false,,6.90,0.0863,true,1,21696
7290018893807,false,צ'וקטה - שוקולד מריר שלישייה 3 * 100 גרם,צ'וקטה Chocketa,ES,מארז שוקולד מריר 60%,,300.00,100 גרם,false,,12.90,0.0430,true,1,21697
7290018893814,false,צ'וקטה שוקולד מריר 48% 5 יח' *100 ג',הדקלאים אגודת שיתופי,ES,צ'וקטה שוקולד 48% 5*,,500.00,100 גרם,false,,18.90,0.0378,true,1,21698
7290018893937,false,לוקיטוס סוכריות ג'לי בטעמי פירות 300 גרם,לאבדס,GR,לוקיטוס סוכריות ג'לי,,300.00,100 גרם,false,,9.90,0.0330,true,1,59865
7290018893951,false,צ'וקטה וופל חמאה קינמון 100 גרם,,,צ'וקטה וופל חמאה בטע,,100.00,100 גרם,false,,9.90,0.0990,true,1,47559
7290018894002,false,בלקוני וופל קוביות קקאו 250 גרם חלבי OU,בלקוני Balconi,IT,בלקוני קוביות וופל ק,,250.00,100 גרם,false,,9.90,0.0396,true,1,21702
7290018894217,false,עוגות אישיות במילוי קרם קקאו ובציפוי קרם קקאו,בלקוני Balconi,IT,עוגות אישיות מיקס מק,,350.00,100 גרם,false,,13.90,0.0397,true,1,21705
7290018894408,false,קוביות וופל במילוי קרם אגוזי לוז - חלבי,בלקוני Balconi,IT,בלקוני קוביות וופל א,,250.00,100 גרם,false,,9.90,0.0396,true,1,21706
7290018894804,false,וופלים במילוי קרם אגוזי לוז - חלבי,בלקוני Balconi,IT,וופל במילוי קרם אגוז,,175.00,100 גרם,false,,7.90,0.0451,true,1,21709
7290018925065,false,מיץ פרימור תפוזים סחוט 2 ליטר-,"גניר (1992) בע""מ",IL,פרימור מיץ תפוזים סח,ליטרים,2.00,ליטר,false,,25.90,12.9500,true,1,22118
7290018925089,false,"מיץ פרימור תפו""ע צלול סחוט 2 ליטר-","גניר (1992) בע""מ",IL,פרימור מיץ תפוחים צל,ליטרים,2.00,ליטר,false,,25.90,12.9500,true,1,22119
7290018989005,false,שלישיית פולפה עגבניות טבעי יכין 400X3 גרם,זנלכל,IL,פולפה טבעית יכין 3*,קילוגרמים,1.20,"ק""ג",false,,16.90,14.0833,true,1,19784
7290018989128,false,סירופ בטעם ענבים יכין 1 ליטר,זנלכל,IL,סירופ בטעם ענבים יכי,יחידה,0.00,יחידה,false,,18.90,0.0000,true,1,19786
7290019014041,false,טאצ' נוזל רצפות 2 ליטר פסגה מושלגת,,,נוזל רצפות פסגה מושל,ליטרים,2.00,ליטר,false,,17.90,8.9500,true,1,25204
7290019031000,false,WIZ מארז חמישיית ניי,,,WIZ מארז חמישיית ניי,יחידה,0.00,יחידה,false,,10.90,0.0000,true,1,27032
7290019031062,false,תבנית R-2 מלבנית 7 י,,,תבנית R-2 מלבנית 7 י,יחידה,0.00,יחידה,false,,9.90,0.0000,true,1,27037
7290019031079,false,תבנית R-29 מרובעת קט,,,תבנית R-29 מרובעת קט,יחידה,0.00,יחידה,false,,9.90,0.0000,true,1,27038
7290019031086,false,תבנית R-31 גדולה 7 י,,,תבנית R-31 גדולה 7 י,יחידה,0.00,יחידה,false,,9.90,0.0000,true,1,27039
7290019031093,false,תבנית R-64 בינונית 7,,,תבנית R-64 בינונית 7,יחידה,0.00,יחידה,false,,9.90,0.0000,true,1,27040
7290019031109,false,תבנית R-88 אינגליש 1,,,תבנית R-88 אינגליש 1,יחידה,0.00,יחידה,false,,9.90,0.0000,true,1,27041
7290019031123,false,WIZ תבניות אלומיניום עגול 5 יח חזקות,,,תבנית אלומינים A-14,יחידה,0.00,יחידה,false,,9.90,0.0000,true,1,27043
7290019031215,false,כוסות 10OZ לשתייה חמ,,,כוסות 10OZ לשתייה חמ,יחידה,0.00,יחידה,false,,9.90,0.0000,true,1,27051
7290019031222,false,כוסות 12OZ לשתייה חמ,,,כוסות 12OZ לשתייה חמ,יחידה,0.00,יחידה,false,,11.90,0.0000,true,1,27052
7290019031239,false,כוסות 16OZ לשתייה חמ,,,כוסות 16OZ לשתייה חמ,יחידה,0.00,יחידה,false,,14.90,0.0000,true,1,27053
7290019031307,false,לפתניות לבנות 25 יח',,,לפתניות לבנות 25 יח',יחידה,0.00,יחידה,false,,5.90,0.0000,true,1,27060
7290019031314,false,קערות אובליות לבנות,,,קערות אובליות לבנות,יחידה,0.00,יחידה,false,,6.90,0.0000,true,1,27061
7290019031321,false,"מרקיות 7"" לבנות 25 י",,,"מרקיות 7"" לבנות 25 י",יחידה,0.00,יחידה,false,,9.90,0.0000,true,1,27062
7290019031338,false,"צלחות קטנות 7"" לבנות",,,"צלחות קטנות 7"" לבנות",יחידה,0.00,יחידה,false,,8.90,0.0000,true,1,27063
7290019031345,false,צלחות גדולות 9 לבן 2,,,צלחות גדולות 9 לבן 2,יחידה,0.00,יחידה,false,,12.90,0.0000,true,1,27064
7290019031369,false,"צלחות גדולות 9"" קרם",,,"צלחות גדולות 9"" קרם",יחידה,0.00,יחידה,false,,12.90,0.0000,true,1,27066
7290019031376,false,סבון ידיים אוקיינוס,,,סבון ידיים אוקיינוס,,1.00,100 ליטר,false,,9.90,9.9000,true,1,27067
7290019031383,false,סבון ידיים מאסק 1 לי,,,סבון ידיים מאסק 1 לי,,1.00,100 ליטר,false,,9.90,9.9000,true,1,27068
7290019031413,false,נייר טואלט לח שלישיי,,,נייר טואלט לח שלישיי,יחידה,0.00,יחידה,false,,11.90,0.0000,true,1,27071
7290019031420,false,אל סבון נוזלי שלישיי,,,אל סבון נוזלי שלישיי,,500.00,"100 מ""ל",false,,11.90,0.0238,true,1,27072
7290019031437,false,אשפתון 65X75 XL חזק,,,אשפתון 65X75 XL חזק,יחידה,0.00,יחידה,false,,18.90,0.0000,true,1,27073
7290019031444,false,אשפתון 65X54 XL חזקו,,,אשפתון 65X54 XL חזקו,יחידה,0.00,יחידה,false,,17.90,0.0000,true,1,27074
7290019031543,false,שמן זית כתית מעולה א,,,שמן זית כתית מעולה א,,750.00,"100 מ""ל",false,,29.90,0.0399,true,1,27083
7290019031581,false,מארז 10 גביעיים + מכ,,,מארז 10 גביעיים + מכ,ליטרים,500.00,ליטר,false,,9.90,0.0198,true,1,27086
7290019031659,false,WIZ צלחות גדולות  שק,,,WIZ צלחות גדולות  שק,יחידה,0.00,יחידה,false,,13.90,0.0000,true,1,27092
7290019031673,false,"WIZ מרקיות שקופות 7""",,,"WIZ מרקיות שקופות 7""",יחידה,0.00,יחידה,false,,9.90,0.0000,true,1,27094
7290019031697,false,WIZ לפתניות שקופות 2,,,WIZ לפתניות שקופות 2,יחידה,0.00,יחידה,false,,5.90,0.0000,true,1,27096
7290019056027,false,שוופס מוגז פירות תפוחים ללא סוכר 1.5 ליטר פיקדון,"יפאורה תבורי בע""מ",IL,שוופס מוגז פירות תפו,ליטרים,1.50,ליטר,false,,7.90,5.2667,true,1,20218
7290019056034,false,שוופס מוגז פירות אננס ללא סוכר 1.5 ליטר פיקדון,יפאורה תבורי,IL,שוופס מוגז פירות אננ,ליטרים,1.50,ליטר,false,,7.90,5.2667,true,1,20219
7290019056041,false,שוופס מוגז פירות לימונייד ללא סוכר 1.5 ליטר פיקדון,יפאורה תבורי,IL,שוופס מוגז פירות ללא,ליטרים,1.50,ליטר,false,,7.90,5.2667,true,1,20220
7290019056058,false,שוופס מוגז עדין תפוח ליים 1.5 ליטר פיקדון,"יפאורה תבורי בע""מ",IL,שוופס מוגז עדין תפוח,ליטרים,1.50,ליטר,false,,8.30,5.5333,true,1,20221
7290019056072,false,שוופס מוגז עדין אננס 1.5 ליטר פיקדון,יפאורה תבורי בעמ,IL,שוופס מוגז עדין אננס,ליטרים,1.50,ליטר,false,,8.30,5.5333,true,1,20223
7290019056089,false,שוופס מוגז עדין ענבי ריזלינג 1.5 ליטר פיקדון,"יפאורה תבורי בע""מ",IL,שוופס מוגז עדין טעם,ליטרים,1.50,ליטר,false,,8.30,5.5333,true,1,20224
7290019056096,false,שוופס מוגז עדין אפרסק 1.5 ליטר פיקדון,"יפאורה תבורי בע""מ",IL,שוופס מוגז עדין אפרס,ליטרים,1.50,ליטר,false,,8.30,5.5333,true,1,20225
7290019056119,false,שוופס סודה 1.5 ליטר פיקדון,"יפאורה תבורי בע""מ",IL,שוופס סודה 1.5ליטר,ליטרים,1.50,ליטר,false,,3.20,2.1333,true,1,20226
7290019056164,false,שוופס סודה 1.5 ליטר רביעייה פיקדון,"יפאורה תבורי בע""מ",IL,שוופס סודה 4*1.5ליטר,ליטרים,6.00,ליטר,false,,11.50,1.9167,true,1,20231
7290019056171,false,שוופס סודה לימון 1.5 ליטר רביעייה פיקדון,"יפאורה תבורי בע""מ",IL,שוופס סודה לימון 4*1,ליטרים,6.00,ליטר,false,,11.50,1.9167,true,1,20232
7290019056188,false,שוופס סודה נענע ליים 1.5 ליטר רביעייה פיקדון,"יפאורה תבורי בע""מ",IL,שוופס סודה נענע ליים,ליטרים,6.00,ליטר,false,,11.50,1.9167,true,1,20233
7290019056201,false,שוופס סודה פירות יער 1.5 ליטר רביעייה פיקדון,"יפאורה תבורי בע""מ",IL,שוופס פירות יער סודה,ליטרים,6.00,ליטר,false,,11.50,1.9167,true,1,20235
7290019056249,false,שוופס מים בטעמים ענבים 1.5 ליטר פיקדון,יפאורה תבורי בעמ,IL,שוופס וואטר ענבים 1.,ליטרים,1.50,ליטר,false,,7.90,5.2667,true,1,20237
7290019056256,false,שוופס מים בטעמים תפוחים 1.5 ליטר פיקדון,יפאורה תבורי בעמ,IL,שוופס וואטר בטעם תפו,ליטרים,1.50,ליטר,false,,7.90,5.2667,true,1,20238
7290019056263,false,שוופס מים בטעמים אפרסק 1.5 ליטר פיקדון,יפאורה תבורי בעמ,IL,שוופס וואטר אפרסק 1.,ליטרים,1.50,ליטר,false,,7.90,5.2667,true,1,20239
7290019056270,false,שוופס מים בטעמים פירות יער 1.5 ליטר פיקדון,"יפאורה תבורי בע""מ",IL,שוופס וואטר פירות יע,ליטרים,1.50,ליטר,false,,7.90,5.2667,true,1,20240
7290019056294,false,שוופס ג'ינג'ר אייל 1.5 ליטר פיקדון,"יפאורה תבורי בע""מ",IL,שוופס ג'ינג'ר אייל 1,ליטרים,1.50,ליטר,false,,12.00,8.0000,true,1,20241
7290019056300,false,משקה בטעם ביטר לימון 1.5 ל' שוויפס,"יפאורה תבורי בע""מ",IL,שוופס ביטר לימון 1.5,ליטרים,1.50,ליטר,false,,12.00,8.0000,true,1,20242
7290019056317,false,שוופס ראשן 1.5 ליטר פיקדון,"יפאורה תבורי בע""מ",IL,שוופס ראשן 1.5 ליטר,ליטרים,1.50,ליטר,false,,12.00,8.0000,true,1,20243
7290019056324,false,שוופס טוניק 1.5 ליטר פיקדון,"יפאורה תבורי בע""מ",IL,שוופס מי טוניק 1.5 ל,ליטרים,1.50,ליטר,false,,12.00,8.0000,true,1,20244
7290019056331,false,שוופס טוניק ללא סוכר 1.5 ליטר פיקדון,יפאורה תבורי בעמ,IL,שוופס טוניק ללא סוכר,ליטרים,1.50,ליטר,false,,11.50,7.6667,true,1,20245
7290019056355,false,תפוזינה לימונדה MIX לימונענע 1.5 ליטר,"יפאורה תבורי בע""מ",IL,תפוזינה לימונדה נענע,ליטרים,1.50,ליטר,false,,8.30,5.5333,true,1,20246
7290019056362,false,תפוזינה ענבים 1.5 ליטר פיקדון,"יפאורה תבורי בע""מ",IL,תפוזינה ענבים 1.5 לי,ליטרים,1.50,ליטר,false,,8.30,5.5333,true,1,20247
7290019056379,false,תפוזינה תפוזים 1.5 ליטר פיקדון,"יפאורה תבורי בע""מ",IL,תפוזינה תפוזים 1.5 ל,ליטרים,1.50,ליטר,false,,8.30,5.5333,true,1,20248
7290019056386,false,פתוזינה אשכולית 1.5 ליטר פיקדון,"יפאורה תבורי בע""מ",IL,תפוזינה אשכוליות 1.5,ליטרים,1.50,ליטר,false,,8.30,5.5333,true,1,20249
7290019056393,false,תפוזינה תות בננה 1.5 ליטר פיקדון,"יפאורה תבורי בע""מ",IL,תפוזינה תות בננה 1.5,ליטרים,1.50,ליטר,false,,8.30,5.5333,true,1,20250
7290019056409,false,תפוזינה מנגו 1.5 ליטר פיקדון,"יפאורה תבורי בע""מ",IL,תפוזינה מנגו עסיסי 1,ליטרים,1.50,ליטר,false,,8.30,5.5333,true,1,20251
7290019056416,false,מיץ בטעם לימונדה ורודה 1.5 ל' תפוזינה,"יפאורה תבורי בע""מ",IL,תפוזינה לימונדה 1.5,ליטרים,1.50,ליטר,false,,8.30,5.5333,true,1,20252
7290019056423,false,מיץ בטעם תפוח רענן 1.5ל' תפוזינה,"יפאורה תבורי בע""מ",IL,תפוזינה תפוח רענן 1.,ליטרים,1.50,ליטר,false,,8.30,5.5333,true,1,20253
7290019056508,false,פרוט ווטר ענבים 1.5 ליטר פיקדון,"יפאורה תבורי בע""מ",IL,פרוט ווטר ענבים 1.5,ליטרים,1.50,ליטר,false,,8.30,5.5333,true,1,20258
7290019056515,false,פרוט ווטר אננס 1.5 ליטר פיקדון,"יפאורה תבורי בע""מ",IL,פרוט ווטר אננס 1.5 ל,ליטרים,1.50,ליטר,false,,8.30,5.5333,true,1,20259
7290019056522,false,פרוט ווטר תות 1.5 ליטר פיקדון,"יפאורה תבורי בע""מ",IL,פרוט ווטר תות 1.5 לי,ליטרים,1.50,ליטר,false,,8.30,5.5333,true,1,20260
7290019056539,false,פרוט ווטר אפרסק 1.5 ליטר פיקדון,"יפאורה תבורי בע""מ",IL,פרוט ווטר אפרסק 1.5,ליטרים,1.50,ליטר,false,,8.30,5.5333,true,1,20261
7290019056553,false,עין גדי מים מינרלים 2 ליטר*6 יח',עין גדי מים מינרליים,IL,עין גדי מים מינרלים,ליטרים,12.00,ליטר,false,,12.70,1.0583,true,1,20263
7290019056577,false,ספרינג מנגו 1.5 ליטר פיקדון,"יפאורה תבורי בע""מ",IL,ספרינג מנגו 1.5 ליטר,ליטרים,1.50,ליטר,false,,8.30,5.5333,true,1,20265
7290019056584,false,ספרינג תפוזים 1.5 ליטר פיקדון,"יפאורה תבורי בע""מ",IL,ספרינג תפוזים 1.5 לי,ליטרים,1.50,ליטר,false,,8.30,5.5333,true,1,20266
7290019056591,false,ספרינג ענבים 1.5 ליטר פיקדון,"יפאורה תבורי בע""מ",IL,ספרינג ענבים 1.5 ליט,ליטרים,1.50,ליטר,false,,8.30,5.5333,true,1,20267
7290019056607,false,ספרינג תפוחים 1.5 ליטר פיקדון,"יפאורה תבורי בע""מ",IL,ספרינג תפוחים 1.5 לי,ליטרים,1.50,ליטר,false,,8.30,5.5333,true,1,20268
7290019056614,false,ספרינג אפרסק 1.5 ליטר פיקדון,"יפאורה תבורי בע""מ",IL,ספרינג אפרסק 1.5 ליט,ליטרים,1.50,ליטר,false,,8.30,5.5333,true,1,20269
7290019056621,false,ספרינג פירות טרופיים 1.5 ליטר פיקדון,"יפאורה תבורי בע""מ",IL,ספרינג פירות טרופיים,ליטרים,1.50,ליטר,false,,8.30,5.5333,true,1,20270
7290019056638,false,ספרינג תות בננה 1.5 ליטר פיקדון,"יפאורה תבורי בע""מ",IL,ספרינג תות בננה 1.5,ליטרים,1.50,ליטר,false,,8.30,5.5333,true,1,20271
7290019056645,false,ספרחנג אגס תפוח סברס 1.5 ליטר פיקדון,"יפאורה תבורי בע""מ",IL,ספרינג אגס סברס תפוח,ליטרים,1.50,ליטר,false,,8.30,5.5333,true,1,20272
7290019056652,false,ספרינג אננס בננה 1.5 ליטר פיקדון,"יפאורה תבורי בע""מ",IL,ספרינג אננס בננה 1.5,ליטרים,1.50,ליטר,false,,8.30,5.5333,true,1,20273
7290019056669,false,ספרינג תפוחים גיאט 1.5 ליטר פיקדון,"יפאורה תבורי בע""מ",IL,ספרינג תפוחים דיאט 1,ליטרים,1.50,ליטר,false,,7.80,5.2000,true,1,20274
7290019056676,false,מיץ דיאט בטעם אשכוליות ואננס 1.5ל' ספרינג,"יפאורה תבורי בע""מ",IL,ספרינג דיאט אשכוליות,ליטרים,1.50,ליטר,false,,7.80,5.2000,true,1,20275
7290019056720,false,קריסטל מיץ ענבים 2 ליטר פיקדון,יפאורה תבורי,IL,קריסטל מיץ ענבים 2 ל,ליטרים,2.00,ליטר,false,,6.90,3.4500,true,1,20276
7290019056744,false,קריסטל מיץ תפוזים 2 ליטר פיקדון,יפאורה תבורי,IL,קריסטל מיץ תפוזים 2,ליטרים,2.00,ליטר,false,,6.90,3.4500,true,1,20278
7290019056768,false,קריסטל מיץ מנגו 2 ליטר פיקדון,יפאורה תבורי,IL,קריסטל מיץ מנגו 2 לי,ליטרים,2.00,ליטר,false,,6.90,3.4500,true,1,20280
7290019056799,false,קריסטל מוגז אקזוטי 2 ליטר פיקדון,יפאורה תבורי,IL,קריסטל אקזוטי 2 ליטר,ליטרים,2.00,ליטר,false,,6.90,3.4500,true,1,20283
7290019056805,false,קריסטל מוגז תפוחים 2 ליטר פיקדון,יפאורה תבורי,IL,משקה מוגז קריסטל תפו,ליטרים,2.00,ליטר,false,,6.90,3.4500,true,1,20284
7290019056812,false,קריסטל מוגז מנטה 2 ליטר פיקדון,יפאורה תבורי,IL,קריסטל מנטה 2 ליטר,ליטרים,2.00,ליטר,false,,6.90,3.4500,true,1,20285
7290019056836,false,קריסטל מוגז תות 2 ליטר פיקדון,יפאורה תבורי,IL,תות קריסטל 2 ליטר,ליטרים,2.00,ליטר,false,,6.90,3.4500,true,1,20287
7290019056843,false,קריסטל מוגז קולה 2 ליטר פיקדון,קריסטל,IL,קריסטל קולה 2 ליטר,ליטרים,2.00,ליטר,false,,6.90,3.4500,true,1,20288
7290019056959,false,מי עדן 1.5 ליטר בק' בודד פיקדון,מופק ממקור בזלתי עדן,IL,מי עדן 1.5 ליטר,ליטרים,1.50,ליטר,false,,4.20,2.8000,true,1,20289
7290019056973,false,שישיית מי עדן 1.5 ליטר משפחתי,מופק ממקור בזלתי עדן,IL,מי עדן 6*1.5 ליטר,ליטרים,9.00,ליטר,false,,12.70,1.4111,true,1,20290
7290019153252,false,שוופס סודה תפוח 1.5 ליטר רביעייה פיקדון,יפאורה תבורי,IL,שוופס סודה תפוח 4*1.,ליטרים,6.00,ליטר,false,,11.50,1.9167,true,1,20295
7290019153269,false,שוופס סודה אננס 1.5 ליטר רביעייה פיקדון,יפאורה תבורי,IL,שוופס סודה אננס 4*1.,ליטרים,6.00,ליטר,false,,11.50,1.9167,true,1,20296
7290019204008,false,עוף טוב פסטרמה ארבעה פלפלים 350גרם,עיצובים 2020 (4.9),IL,פסטרמה ארבעה פלפלים,,350.00,100 גרם,false,,24.90,0.0711,true,1,21280
7290019204305,false,חזה הודו פסטרמה ברביקיו 350 גר',עיצובים 2020 (4.9),IL,פסטרמה ברביקיו עוף ט,,350.00,100 גרם,false,,24.90,0.0711,true,1,21281
7290019232377,false,חווית הצ'איתה שחור בטעם וניל והל 25 יח' ויסוצקי,ויסוצקי,IL,חווית הצ'אי- 25 שקי,,55.00,100 גרם,false,,19.90,0.3618,true,1,71602
7290019232384,false,חווית הצ'אי תה שחור בטעם מוקה 25*50 ג' ויסוצקי,ויסוצקי,IL,חווית הצ'אי- מוקה 25,,50.00,100 גרם,false,,19.90,0.3980,true,1,71603
7290019233015,false,רוטב שקשוקה תבשיל ירקות עם שמן זית כתית מעולה 420ג זיתא,זיתא,IT,שקשוקה ירוקה תבשיל י,,420.00,100 גרם,false,,13.90,0.0331,true,1,22392
7290019233039,false,שקשוקה קלאסית- רוטב עגבניות עם קוביות פלפלים צלויים,דליציה דורה אס.אר.אל,IT,רוטב עגבניות לשקשוקה,,420.00,100 גרם,false,,13.90,0.0331,true,1,22394
7290019245001,false,שמן קנולה אלומות 1 ל,סקנולה,EE,שמן קנולה אלומות 1 ל,ליטרים,1.00,ליטר,false,,8.90,8.9000,true,1,27098
7290019297536,false,חמאת בוטנים עם שברי בוטנים Crazy or Nuts,דין שיווק,,חמאת בוטנים עם שברי,,510.00,100 גרם,false,,18.50,0.0363,true,1,28600
7290019297543,false,שקדיה חמאת בוטנים 51,דין שיווק,CN,חמאת בוטנים שקדיה 51,,510.00,100 גרם,false,,9.90,0.0194,true,1,28601
7290019303756,false,טבע ירוק פינוקית שומשום וגרעינים 250 גר,טבע ירוק,IL,פינוקיות שומשום וגרע,,220.00,100 גרם,false,,18.90,0.0859,true,1,46174
7290019303800,false,פינוקיות שומשום עם שקדים וחמוציות 250 ג',טבע ירוק,IL,פינוקיות שומשום שקדי,,220.00,100 גרם,false,,18.90,0.0859,true,1,46175
7290019393016,false,"קמח חיטה לבן ללא צורך בניפוי 1 ק""ג האופה",טבע ירוק,IL,קמח חיטה לבן מנופה,קילוגרמים,1.00,"ק""ג",false,,8.90,8.9000,true,1,54257
7290019393061,false,"קמח כוסמין 100% ללא צורך בניפוי 1 ק""ג האופה",,IL,קמח כוסמין מלא מנופה,קילוגרמים,1.00,"ק""ג",false,,16.90,16.9000,true,1,54184
7290022005074,false,רוטב עגבניות שרי קלאסי 400 גרם,גוסטיבוס,IT,רוטב עגבניות שרי קלא,,400.00,100 גרם,false,,14.90,0.0373,true,1,61778
7290100240144,false,"תרסיס למייבש כביסה ורוד 500 מ""ל בדין","זוהר דליה, קיבוץ דלי",IL,בדין תרסיס למייבש כב,,500.00,"100 מ""ל",false,,14.90,0.0298,true,1,3846
7290100411254,false,בי-לאב מחית תפוח ובננה ללא סוכר 190ג,בילובד Beloved,SK,תפוח ובננה 190גרם BE,,190.00,100 גרם,false,,5.90,0.0311,true,1,10938
7290100570234,false,אביזרי מטבח,,,אביזרי מטבח,יחידה,0.00,יחידה,false,,13.00,0.0000,true,1,12606
7290100572702,false,אביזרי מטבח ב-11.00,,,אביזרי מטבח ב-11.00,יחידה,0.00,יחידה,false,,11.00,0.0000,true,1,12614
7290100573402,false,אביזרי מטבח,,,אביזרי מטבח,יחידה,0.00,יחידה,false,,15.00,0.0000,true,1,12616
7290100573716,false,שקית זילוף טרמיסו,,,אביזרי מטבח,יחידה,0.00,יחידה,false,,14.90,0.0000,true,1,40913
7290100680650,false,מנה חמה נודלס-אטריות ירקות טעם תאילנדי אסם 76 ג',THAI PRESIDENT FOODS,TH,מנה חמה נודלס תאילנד,,76.00,100 גרם,false,,4.90,0.0645,true,1,6856
7290100680711,false,פירורית זהב אסם זהב 350ג',עינת תעשיות מזון אגו,IL,אסם פירורית זהב 350,,350.00,100 גרם,false,,7.90,0.0226,true,1,6858
7290100680728,false,פירורית רגילה שקית 350 גרם,מיוצר עי קונדיטוריית,IL,פירורית רגילה שקית 3,,350.00,100 גרם,false,,6.90,0.0197,true,1,6859
7290100681138,false,מארז אפרופו חטיף תירס 3 יחידות,"אסם השקעות בע""מ",IL,אפרופו מאח 3*50 גר',,150.00,100 גרם,false,,12.90,0.0860,true,1,6863
7290100681503,false,עסיס סירופ לימונענע דיאטטי 1 ליטר,בית-השיטה עסיס תעשיו,IL,סירופ דיאט לימונענע,ליטרים,1.00,ליטר,false,,16.90,16.9000,true,1,6864
7290100685136,false,"מרק טעם עוף 1 ק""ג בשקית","אסם השקעות בע""מ",IL,מרק בטעם עוף אסם 1 ק,קילוגרמים,1.00,"ק""ג",false,,14.90,14.9000,true,1,6875
7290100685334,false,מרק עוף אמיתי מרכיבים טבעיים 400 גרם,"אסם השקעות בע""מ",IL,מרק עוף מרכיבים טבעי,,400.00,100 גרם,false,,19.90,0.0497,true,1,6877
7290100685341,false,מרק תיבול טעם עוף זך רכיבים טיבעיים 400,"אסם השקעות בע""מ",IL,מרק זך טעם עוף רכיבי,,400.00,100 גרם,false,,14.90,0.0373,true,1,6878
7290100685600,false,פירורית זהב אסם זהב חיטה מלאה 200ג',עינת תעשיות מזון אגו,IL,פירורית זהב חיטה מלא,,200.00,100 גרם,false,,6.90,0.0345,true,1,6880
7290100686164,false,מארז מולטיפק ביסלי ברביקיו 6 יח 35 גר יח,מיוצר עי קונדיטוריית,IL,ביסלי ברביקיו מאח.8,,210.00,100 גרם,false,,12.90,0.0614,true,1,6882
7290100686171,false,מארז מולטיפק ביסלי גריל 6 יח 35 גר ליח,אסם תעשיות,IL,ביסלי גריל מאח.8 6*3,,210.00,100 גרם,false,,12.90,0.0614,true,1,6883
7290100687109,false,במבה במילוי קרם נוגט 60ג' אסם,"אסם השקעות בע""מ",IL,במבה במילוי קרם נוגט,,60.00,100 גרם,false,,4.30,0.0717,true,1,6885
7290100689301,false,אבקת מרק עוף זך עדיף אסם 400 גר',"אסם השקעות בע""מ",IL,מרק בטעם עוף זך אסם,,400.00,100 גרם,false,,13.90,0.0348,true,1,6886
7290100700006,false,"סוגת חיטה 1 ק""ג","סוגת תעשיות בע""מ",IL,"סוגת חיטה 1 ק""ג",קילוגרמים,1.00,"ק""ג",false,,8.80,8.8000,true,1,6217
7290100700020,false,סוגת גריסי פנינה 500גרם,האי נאם סי או אל.טי.,IL,סוגת גריסי פנינה 500,,500.00,100 גרם,false,,4.90,0.0098,true,1,6218
7290100700242,false,"אורז מלא עגול סוגת 1 ק""ג","סוגת תעשיות בע""מ",IL,סוגת אורז מלא עגול 1,קילוגרמים,1.00,"ק""ג",false,,11.90,11.9000,true,1,6220
7290100700273,false,קינואה סוגת 500 גרם,האי נאם סי או אל.טי.,IL,קינואה סוגת 500 גרם,,500.00,100 גרם,false,,13.90,0.0278,true,1,6222
7290100700310,false,"סוגת כוסמת סוגת 1ק""ג","סוגת תעשיות בע""מ",IL,כוסמת 1 ק'ג,קילוגרמים,1.00,"ק""ג",false,,13.90,13.9000,true,1,6223
7290100700334,false,קינואה לבנה סוגת 1,"סוגת תעשיות בע""מ",IL,סוגת קינואה 1קג,קילוגרמים,1.00,"ק""ג",false,,19.90,19.9000,true,1,6224
7290100700396,false,"סוגת אורז יסמין קלאסי 1 ק""ג",האי נאם סי או אל.טי.,IL,סוגת אורז יסמין קלאס,קילוגרמים,1.00,"ק""ג",false,,11.90,11.9000,true,1,6227
7290100700402,false,"סוגת חומוס ענק 1 ק""ג",,,חומוס ענק 1 ק'ג,קילוגרמים,1.00,"ק""ג",false,,19.90,19.9000,true,1,6228
7290100700563,false,"סוגת אורז מיקס 1 ק""ג",סוגת תעשיות בעמ,IL,אורז מיקס קלאסי 1 ק',קילוגרמים,1.00,"ק""ג",false,,9.90,9.9000,true,1,6231
7290100700587,false,"בורגול ""סוגת"" 500 גרם",האי נאם סי או אל.טי.,IL,סוגת בורגול 500 גר,,500.00,100 גרם,false,,4.90,0.0098,true,1,6232
7290100701157,false,"אורז לסושי סוגת 1 ק""ג",סוגת תעשיות בעמ,IL,אורז סושי 1 קג,קילוגרמים,1.00,"ק""ג",false,,11.50,11.5000,true,1,6233
7290100701331,false,קמח רב תכליתי שטיבל קמח חיטה לבן בהיר,"שטיבל בע""מ - טחנות ק",IL,קמח רב תכליתי סוגת,קילוגרמים,1.00,"ק""ג",false,,6.90,6.9000,true,1,6234
7290100701409,false,קמח תירס סוגת 500 גר,,IL,קמח תירס סוגת 500 גר,,500.00,100 גרם,false,,7.90,0.0158,true,1,6237
7290100701454,false,סוגת גרישה 500 גרם,"סוגת תעשיות בע""מ",IL,גרישה 500 גרם,,500.00,100 גרם,false,,4.90,0.0098,true,1,6238
7290100701577,false,קמח לחם קמח חיטה לבן שטיבל,שטיבל טחנות קמח,IL,קמח לחם מועשר בויטמי,קילוגרמים,1.00,"ק""ג",false,,6.90,6.9000,true,1,6239
7290100701881,false,קמח פיצה ופוקצ'ה- קמח חיטה לבן בהיר שטיבל,"שטיבל בע""מ - טחנת קמ",IL,קמח פיצה ופוקצה סוגת,קילוגרמים,1.00,"ק""ג",false,,6.90,6.9000,true,1,6241
7290100702383,false,"קמח תופח סוגת 1 ק""ג",שטיבל טחנות קמח,IL,"קמח תופח סוגת 1 ק""ג",קילוגרמים,1.00,"ק""ג",false,,6.90,6.9000,true,1,6245
7290100702611,false,פתיתים אפויים אורז 500 גרם סוגת,"אסיף תעשיות מזון בע""",IL,פתיתים אפויים אורז ס,,500.00,100 גרם,false,,4.90,0.0098,true,1,6247
7290100702628,false,פתיתים אפויים קוסקוס 500 גרם סוגת,"אסיף תעשיות מזון בע""",IL,פתיתים אפויים קוסקוס,,500.00,100 גרם,false,,4.90,0.0098,true,1,6248
7290100702635,false,פתיתים אפויים כוכבים סוגת 500 ג',"אסיף תעשיות מזון בע""",IL,פתיתים אפויים כוכבים,,500.00,100 גרם,false,,4.90,0.0098,true,1,6249
7290100702741,false,"סוכר חום בהיר בצנצנת 1 ק""ג סוגת",סוגת,IL,סוכר חום בהיר בצנצנת,קילוגרמים,1.00,"ק""ג",false,,12.90,12.9000,true,1,6253
7290100702994,false,סוגת סוכר דמררה קלאסי בשקית 500 גרם,"סוגת תעשיות בע""מ",IL,סוכר דמררה בשקית סוג,,500.00,100 גרם,false,,6.90,0.0138,true,1,6258
7290100703687,false,"קמח חלה ללא ניפוי 1 ק""ג סוגת",סוגת,,קמח חלה ללא ניפוי סו,קילוגרמים,1.00,"ק""ג",false,,7.90,7.9000,true,1,6266
7290100703861,false,"תערובת קמח קסם לחלה סוגת 1 ק""ג","שטיבל בע""מ",IL,קמח תערובת קסם לחלה,קילוגרמים,1.00,"ק""ג",false,,7.90,7.9000,true,1,6268
7290100703915,false,פופקורן להכנה במיקרוגל בטעם חמאה - מארז 6 שקיות,סוגת,IL,מארז פופקורן למיקרוג,,540.00,100 גרם,false,,9.90,0.0183,true,1,6269
7290100703922,false,פופקורן להכנה במיקרוגל בטעם טבעי - מארז 6 שקיות,סוגת,IL,מארז פופקורן למיקרוג,,540.00,100 גרם,false,,9.90,0.0183,true,1,6270
7290100704615,false,סוכר לבן דק דק בצנצנת 500 גרם,סוגת,IL,סוכר לבן דק דק בצנצנ,,500.00,100 גרם,false,,7.90,0.0158,true,1,20890
7290100704622,false,סוכר דמררה דק דק בצנצנת 500 גרם,סוגת,IL,סוכר דמררה דק דק בצנ,,500.00,100 גרם,false,,7.90,0.0158,true,1,20891
7290100704684,false,"קמח שמרים כוסמין סוגת רב תכליתי 1 ק""ג סוגת",סוגת,IL,קמח שמרים כוסמין רב,קילוגרמים,1.00,"ק""ג",false,,19.90,19.9000,true,1,20895
7290100850909,false,דוריטוס נאצו מקסיקני 70 גרם,שטראוס פריטו ליי (מל,IL,דוריטוס נאצו מקסיקני,,70.00,100 גרם,false,,3.50,0.0500,true,1,9309
7290100850916,false,דוריטוס חמוץ חריף 70 גרם,"שטראוס פריטו ליי בע""",IL,דוריטוס חמוץ חריף 70,,70.00,100 גרם,false,,3.50,0.0500,true,1,9310
7290100850923,false,דוריטוס גריל 70 גרם,שטראוס פריטו ליי (מל,IL,דוריטוס גריל 70 גרם,,70.00,100 גרם,false,,3.50,0.0500,true,1,9311
7290100850930,false,דוריטוס טבעי 70 גרם,שטראוס פריטו ליי (מל,IL,דוריטוס טבעי 70 גרם,,70.00,100 גרם,false,,3.50,0.0500,true,1,9312
7290100858592,false,אבקת קקאו עלית שקית 150 ג',הנסיך- מפעל לייצור ט,IL,עלית קקאו 150ג,,150.00,100 גרם,false,,9.90,0.0660,true,1,8591
7290100858608,false,אבקת קקאו עלית שקית 500 ג',שטראוס גרופ,IL,עלית קקאו 500ג,,500.00,100 גרם,false,,23.90,0.0478,true,1,8592
7290100921609,false,סוד סבון לאסלה 4 כדוריות בניחוח אוקיינוס 50 ג',הנקל סוד,HU,סוד סבון 4 כדוריות ל,,50.00,100 גרם,false,,7.90,0.1580,true,1,12862
7290100922651,false,הוואי - סבון מוצק מי קוקוס 100 גרם רביעייה,טרופיקל דגיל קוסמטיק,IL,סבון מוצק מי קוקוס ה,,400.00,100 גרם,false,,11.90,0.0298,true,1,3019
7290100924464,false,כדוריות סבון נתלה לאסלה עם אקונומיקה - 3 יח',הנקל סוד,HU,סוד סבון 4 כדוריות ל,,150.00,100 גרם,false,,16.90,0.1127,true,1,12867
7290100925676,false,קולור קאצ'ר- לוכד צבעים בכביסה 20 יח',הנקל סוד,IE,קולור קאצ'ר 20 דפים,יחידה,0.00,יחידה,false,,19.90,0.0000,true,1,12872
7290100926147,false,אבקת כביסה פרסיל קולור שקית 2.5 קג,"הנקל סוד בע""מ",IL,אבקת כביסה פרסיל קול,קילוגרמים,2.50,"ק""ג",false,,25.90,10.3600,true,1,12873
7290101113157,false,מאגדת גלידל חלבי וניל עוגיות 6 יח 312 גר,הגלידות של פלדמן,IL,גלידל חלבי וניל עוגי,,672.00,100 גרם,false,,23.90,0.0356,true,1,13237
7290101113584,false,טילון שוקולד לבן עם ליבת שוקולד - מאגדת יולו [5],הגלידות של פלדמן,IL,מאגדת טילון YOLO בט,,400.00,100 גרם,false,,21.90,0.0547,true,1,24346
7290101113591,false,טילוני יולו גלידת שוקולד לבן עם שברי עוגיות,הגלידות של פלדמן,IL,מאגדת טילון YOLO בט,,400.00,100 גרם,false,,21.90,0.0547,true,1,24347
7290101459880,false,נרות אותיות- יום הול,,,נרות אותיות- יום הול,יחידה,0.00,יחידה,false,,9.90,0.0000,true,1,40382
7290101488286,false,"ליידי ספיד סטיק - דאודורנט ספריי לאישה 24/7 פרש פיוזן ורוד 150 מ""ל",ליידי ספיד סטיק Lady Speed Stick,RU,דאו' ספריי ורוד לייד,,150.00,"100 מ""ל",false,,15.90,0.1060,true,1,8125
7290101488323,false,ליידי ספיד סטיק - דאודורנט סטיק לאישה ללא סימן ירוק סטיק 65 גרם,ליידי ספיד סטיק Lady Speed Stick,US,דאו' ללא סימן ירוק ל,,65.00,100 גרם,false,,19.90,0.3062,true,1,8127
7290101551027,false,קפסולות קפה אספרסו חזק במיוחד 14 עלית 10 יח',הנסיך- מפעל לייצור ט,IL,קפסולות אספרסו 14 למ,,50.00,100 גרם,false,,15.90,0.3180,true,1,8595
7290101551263,false,סילאן טבעי ללא תוספת סוכר,מכוורת יד מרדכי,IL,סילאן טבעי יד מרדכי,,700.00,100 גרם,false,,21.90,0.0313,true,1,8596
7290101551584,false,תפוצ'יפס קידס מארז 10 יח' * 20 ג',"שטראוס פריטו ליי בע""",IL,מארז תפוצ'יפס קידס 1,,200.00,100 גרם,false,,14.10,0.0705,true,1,9314
7290101551638,false,חטיף צ'יטוס כאפה בטעם קטשופ - מארז 10 יח',"שטראוס פריטו ליי בע""",IL,מארז צ'יטוס כאפה 10*,,200.00,100 גרם,false,,14.10,0.0705,true,1,9318
7290101551645,false,מארז ציטוס טעם פיצה איקס עיגול 10* 20 גר,שטראוס פריטו ליי (מל,IL,מארז צ'יטוס איקס עיג,,200.00,100 גרם,false,,14.10,0.0705,true,1,9319
7290101864127,false,"ספריי להסרת כתמים 750 מ""ל וניש קליה",קליה וניש Kalia Vanish,IL,קליה אוקסי ספריי 750,,750.00,"100 מ""ל",false,,16.90,0.0225,true,1,7792
7290101865261,false,"פיניש נוזל הברקה 800 מ""ל",רקיט בנקיזר,PL,פיניש הברקה 800 מל,,800.00,"100 מ""ל",false,,19.90,0.0249,true,1,7794
7290101866633,false,וניש קליה ג'ל מסיר כתמים 3 ליטר,קליה וניש Kalia Vanish,IL,וניש קליה ג'ל 3 ליטר,ליטרים,3.00,ליטר,false,,29.90,9.9667,true,1,7797
7290101866787,false,מסיר כתמים ומלבין לכביסה לבנה 3 ל וניש קליה,קליה וניש Kalia Vanish,IL,וניש נוזל מסיר כתמים,ליטרים,3.00,ליטר,false,,29.90,9.9667,true,1,7798
7290101868958,false,"פיניש נוזל הברקה למדיח בניחוח לימון 500 מ""ל",רקיט בנקיזר,PL,פיניש נוזל הברקה לימ,,800.00,"100 מ""ל",false,,19.90,0.0249,true,1,7800
7290101869726,false,ג'ל מרוכז למדיח פיניש all in one max,רקיט בנקיזר,PL,ג'ל 1 ליטר AIO פיניש,ליטרים,1.00,ליטר,false,,42.90,42.9000,true,1,7803
7290101999720,false,נרות מטה לבבות פו,,,נרות מטה לבבות פו,יחידה,0.00,יחידה,false,,7.50,0.0000,true,1,12230
7290102030330,false,תפוציפס קראנצ מקסיקני 200 גרם,"שטראוס פריטו ליי בע""",IL,תפוצ'יפס קראנץ מקסיק,,200.00,100 גרם,false,,10.90,0.0545,true,1,9321
7290102031276,false,מארז 8 יחידות אקטימל משקה יוגורט בטעם תות בננה,מיוצר עי קונדיטוריית,IL,אקטימל תות בננה 8*10,,800.00,"100 מ""ל",false,,19.90,0.0249,true,1,9094
7290102032334,false,אבקה להכנת משקה קפה בטעם וניל,שטראוס,IL,קפה נמס עלית בטעם ונ,,200.00,100 גרם,false,,19.90,0.0995,true,1,8598
7290102062195,false,"אלמקס משחת שיניים אלמקס גוניור 75 מ""ל",יבואן ומשווק: ש. שסט,PE,אלמקס משחת שיניים אל,,75.00,"100 מ""ל",false,,15.90,0.2120,true,1,8130
7290102300822,false,גבינה צ'דר אנגלית כתומה 200 ג',דאולי צ'יסמייקרס,GB,סיימן גבינת צדר אנגל,,200.00,100 גרם,false,,23.90,0.1195,true,1,16290
7290102300860,false,גבינת צ'דר אנגלי לבן 35%,דאוליי צ'יסמייקרס,GB,שביק גבינת צדר אנגלי,,200.00,100 גרם,false,,23.90,0.1195,true,1,16291
7290102302246,false,גבינת גאודה הולנדית 200 גרם,מיוצר עי קונדיטוריית,NL,גבינת גאודה 200 גר',,200.00,100 גרם,false,,24.90,0.1245,true,1,16293
7290102303878,false,אלוויר חמאה נורמנדי 200 גר,אלוויר,FR,חמאת נורמנדי 200 גרם,,200.00,100 גרם,false,,18.90,0.0945,true,1,26407
7290102390427,false,יוגורט ביו עם קציפת תות 3% שומן 150 ג' מולר,מולר Muller,IL,מולר פרופ תות 3% 150,,150.00,100 גרם,false,,5.30,0.0353,true,1,2461
7290102390465,false,יוגורט ביו עם קציפת אפרסק ופסיפלורה 3% שומן 150 ג' מולר,מולר Muller,IL,מולר פרופ אפרסק פסיפ,,150.00,100 גרם,false,,5.30,0.0353,true,1,2462
7290102390489,false,יוגורט ביו עם קציפת לימון 3% שומן 150 ג' מולר,מולר Muller,IL,מולר פרופ לימון 3% 1,,150.00,100 גרם,false,,5.30,0.0353,true,1,2463
7290102392094,false,חלב עיזים 4.1% צוריאל 1 ל' קרטון,מילקו תעשיות בעמ,IL,צוריאל חלב עיזים 1ל,ליטרים,1.00,ליטר,false,,16.50,16.5000,true,1,2466
7290102393039,false,מולר מיקס יוגורט קרמי בתוספת פצפוצי שוקולד 170 ג',מולר Muller,IL,מולר מיקס בתוספת פצפ,,170.00,"100 מ""ל",false,,6.20,0.0365,true,1,2471
7290102393169,false,סימפלי פרוט יוגורט תות 3% שומן 150 ג' מולר,מולר Muller,IL,מולר סימפלי פרוט תות,,150.00,100 גרם,false,,5.10,0.0340,true,1,2473
7290102393176,false,סימפלי פרוט יוגורט אפרסק 3% שומן 150 ג' מולר,מילקו תעשיות בעמ,IL,מולר סימפלי פרוט אפר,,150.00,100 גרם,false,,5.10,0.0340,true,1,2474
7290102393268,false,**טרה גבינה לבנה אריזת חיסכון 5% 750ג,טרה,IL,טרה גבינה לבנה אריזת,,750.00,100 גרם,false,,10.90,0.0145,true,1,2476
7290102393947,false,סימפלי פרוט יוגורט בטעם קיווי 3% שומן 150 ג' מולר,מילקו תעשיות בעמ,IL,מולר סימפלי פרוט קיו,,150.00,"100 מ""ל",false,,5.10,0.0340,true,1,2479
7290102394463,false,נעם גבינה צהובה וואקום 28% 500 גרם,טרה,IL,נעם גבינה צהובה וואק,,500.00,100 גרם,false,,28.90,0.0578,true,1,2482
7290102394821,false,"נעם גבינה צהובה דק דק פ""ח 28% 200 גר",מילקו תעשיות בעמ,IL,נעם גבינה צהובה דק ד,,200.00,100 גרם,false,,17.20,0.0860,true,1,2484
7290102394845,false,פרוסות גבינת נעם מופחתת שומן 9%,מילקו תעשיות בעמ,IL,נעם גבינה צהובה דק ד,,200.00,100 גרם,false,,17.90,0.0895,true,1,2485
7290102395217,false,מאגדת שמיניה מולר במתיקות מעודנת 1.2% 8*150 ג',מולר Muller,IL,מולר ביאנקו במתיקות,קילוגרמים,1.20,"ק""ג",false,,19.50,16.2500,true,1,2487
7290102395224,false,מארז 8 גביעים יוגורט ביו בטעם טבעי 1.7%,מולר Muller,IL,מולר נטורל 1.7% 8*15,קילוגרמים,1.20,"ק""ג",false,,18.50,15.4167,true,1,2488
7290102395231,false,מולר נטורל 2.8% ביאנקו מאגדת 8 יח' * 150 ג',מולר Muller,IL,מולר נטורל 2.8% 8*15,קילוגרמים,1.20,"ק""ג",false,,18.50,15.4167,true,1,2489
7290102395262,false,מארז 8 גביעים יוגורט בטעם תות שדה ואפרסק 3% Simply Fruit,מולר Muller,IL,מולר תות שדה ואפרסק,קילוגרמים,1.20,"ק""ג",false,,31.90,26.5833,true,1,2490
7290102395439,false,מארז 8 גביעים יוגורט בטעם פירות יער וקיווי 3% Simply Fruit,מילקו תעשיות בעמ,IL,מולר סימפלי פירות יע,קילוגרמים,1.20,"ק""ג",false,,31.90,26.5833,true,1,2493
7290102395446,false,מעדן חלב בטעם וניל עם קצפת 123 ג' טרה,טרה,IL,מוו וניל קצפת 123מל,,123.00,"100 מ""ל",false,,3.10,0.0252,true,1,2494
7290102395477,false,מעדן חלב בטעם שוקולד עם קצפת 123 ג' טרה,טרה,IL,מוו שוקולד קצפת 123מ,,123.00,"100 מ""ל",false,,3.10,0.0252,true,1,2495
7290102395521,false,"שמנת לבישול 15% שומן 500 מ""ל טרה",מילקו תעשיות בעמ,IL,טרה שמנת לבישול 15%+,,500.00,"100 מ""ל",false,,17.50,0.0350,true,1,2496
7290102396399,false,מארז 8 יחידות מעדן חלב בטעם שוקולד 1.5%,טרה,IL,מוו מעדן שוקולד 100*,,800.00,100 גרם,false,,14.20,0.0177,true,1,2499
7290102396405,false,מארז 8 יחידות מעדן חלב בטעם וניל 1.5%,טרה,IL,מוו מעדן וניל 100*8,,800.00,100 גרם,false,,14.20,0.0177,true,1,2500
7290102396665,false,פרוסות גבינת נעם מופחתת שומן 15%,מילקו תעשיות בעמ,IL,גבנ`צ דקדק פתח סגור,,200.00,100 גרם,false,,16.90,0.0845,true,1,2506
7290102396672,false,זבינה צהובה נעם דק דק 9% 360 גר,טרה,IL,נעם צהובה דק דק 9% 3,,360.00,100 גרם,false,,27.90,0.0775,true,1,2507
7290102396740,false,מארז 8 גביעים יוגורט בטעם תות שדה ואפרסק 0% Simply Fruit,מילקו תעשיות בעמ,IL,מולר סימפלי פרוט 0%,קילוגרמים,1.20,"ק""ג",false,,31.90,26.5833,true,1,2511
7290102397204,false,פרוסות גבינה 22% שומן 200 ג' נעם,מילקו תעשיות בעמ,IL,נעם צהובה דק דק 22%,,200.00,100 גרם,false,,16.90,0.0845,true,1,2515
7290102397310,false,מעדן מיני בטעם שוקולד קצפת מוו מאגדת 8 יח' * 70 ג',מילקו,IL,מאגדת שמינייה מיני מ,,944.00,"100 מ""ל",false,,12.50,0.0132,true,1,2516
7290102397464,false,יוגורט ביו בתוספת גרעינים אגוזים וחמוציות 170 ג' מולר,מולר Muller,IL,מולר יוגורט נטורל +,,150.00,100 גרם,false,,6.20,0.0413,true,1,2521
7290102397600,false,מיקס יוגורט בתוספת שקדים ובוטנים מקורמלים 170 ג' מולר,מילקו תעשייה בעמ,IL,מולר מיקס שקדים ובוט,,168.00,100 גרם,false,,6.20,0.0369,true,1,2523
7290102397617,false,יוגורט ביו קרמי עם כדורים מצופים שוקולד חום לבן,מולר Muller,IL,מולר מיקס קליק 168 ג,,168.00,100 גרם,false,,6.20,0.0369,true,1,2524
7290102397730,false,פרוסות גבינה אמנטל חצי קשה 30% שומן 200 ג' נעם,טרה,IL,גבינת אמנטל נעם פתיח,,200.00,100 גרם,false,,17.90,0.0895,true,1,2526
7290102397747,false,פרוסות גבינת מוצרלה נעם מחלב בקר 22%,טרה,IL,מוצרלה נעם רכיבים ט,,200.00,100 גרם,false,,19.90,0.0995,true,1,2527
7290102397891,false,גבינת מותכת 18% צוריאל 100ג',משק צוריאל,IL,רביעייה גבינה מותכת,,100.00,100 גרם,false,,7.90,0.0790,true,1,2528
7290102398065,false,**חלב בקרטון 2 ליטר 3% מהדרין - טרה,טרה,IL,טרה חלב קרטון 3% מהד,יחידה,0.00,יחידה,false,,12.40,0.0000,true,1,2532
7290102398072,false,**חלב בקרטון 1 ליטר 3% מהדרין,טרה,IL,טרה חלב בקרטון 3% 1ל,ליטרים,1.00,ליטר,false,,6.20,6.2000,true,1,2533
7290102398478,false,לאבנה 9% שומן 500 ג' טרה,טרה,IL,לאבנה 9% טרה 500 גרם,,500.00,100 גרם,false,,20.90,0.0418,true,1,2540
7290102398560,false,שוקו מעושר בבקבוק 1ל' טרה,מילקו תעשיות בעמ,IL,שוקו טרה מועשר בבקבו,ליטרים,1.00,ליטר,false,,12.20,12.2000,true,1,2543
7290102398577,false,משקה חלב בטעם שוקו 2% בבקבוק אישי,מילקו תעשיות בעמ,IL,שוקו טרה מועשר בבקבו,,250.00,"100 מ""ל",false,,5.80,0.0232,true,1,2544
7290102398614,false,משקה חלב בטעם בננה 1 ליטר טרה,מילקו תעשיות בעמ,IL,משקה חלב בטעם בננה 1,ליטרים,1.00,ליטר,false,,12.20,12.2000,true,1,2545
7290102398669,false,משקה חלב עם קפה אייס קפוצ'ינו 1.5%,מילקו תעשיות בעמ,IL,אייס קפוצ'ינו מווו ט,ליטרים,1.00,ליטר,false,,12.20,12.2000,true,1,2548
7290102398782,false,משקה סויה קלאסי משק צוריאל 1 ליטר,משק צוריאל,IT,משקה סויה קלאסי משק,ליטרים,1.00,ליטר,false,,10.90,10.9000,true,1,2549
7290102398836,false,משקה שקדים קלאסי משק צוריאל 1 ליטר,משק צוריאל,IT,משקה שקדים קלאסי משק,ליטרים,1.00,ליטר,false,,13.90,13.9000,true,1,2553
7290102399772,false,ממרח חמאת מולר ושמן לפתית במליחות עדינה,Molkerei Weihensteph,DE,מולר ממרח חמאה במליח,,250.00,100 גרם,false,,16.90,0.0676,true,1,2561
7290102399796,false,מעדן יוגורט לבן מועשר בחלבון 200 ג' מולר אקטיב,מולר Muller,IL,יוגורט חלבון לבן 250,,200.00,100 גרם,false,,6.20,0.0310,true,1,2563
7290102399802,false,יוגורט עם תות מולר אקטיב מועשר בחלבון 200 גר',מולר Muller,IL,יוגורט חלבון תות 20,,200.00,100 גרם,false,,6.20,0.0310,true,1,2564
7290102399819,false,יוגורט עם פירות יער מולר אקטיב מועשר בחלבון 200 גר',מולר Muller,IL,יוגורט חלבון פ.יער 2,,200.00,100 גרם,false,,6.20,0.0310,true,1,2565
7290102456376,false,חנוכיה מתכת מנורה,,,חנוכיה מתכת מנורה,יחידה,0.00,יחידה,false,,10.00,0.0000,true,1,44983
7290102840175,false,"פודינג 85 גרם ""מיה"" וניל 85 גרם","מיה תעשיות מזון בע""מ",IL,פודינג וניל 85 גר מי,,85.00,100 גרם,false,,2.90,0.0341,true,1,5623
7290102840182,false,"פודינג שוקולד 85גרם בד""ץ",,,פודינג שוקולד 85 ג,,85.00,100 גרם,false,,2.90,0.0341,true,1,5624
7290103120658,false,דאודורנט סטיק ג'ל לגבר Cool Night 24/7,הנסיך- מפעל לייצור ט,US,דאודורנט ג'ל שחור ספ,,85.00,"100 מ""ל",false,,16.90,0.1988,true,1,8131
7290103129392,false,ליידי ספיד סטיק פרש אינפיוזן 65 גר,ליידי ספיד סטיק Lady Speed Stick,US,דאו' פרח הפרזיה לייד,,65.00,100 גרם,false,,19.90,0.3062,true,1,8137
7290103400194,false,"כרוב לבן 400 גר בד""צ ירקות שטראוס","טרופיקל דגיל בע""מ אז",IL,כרוב לבן 400 ג בדצ י,,400.00,100 גרם,false,,9.30,0.0233,true,1,9095
7290103400231,false,"גזר 400 גר בד""צ ירקות שטראוס",תות תעשיות מזון (201,IL,גזר גוליאן בדצ 400גר,,400.00,100 גרם,false,,9.30,0.0233,true,1,9096
7290103400255,false,"סלט קולסלאו 400 גר בד""צ ירקות שטראוס","טרופיקל דגיל בע""מ אז",IL,סלט קולסלאו 400 ג בד,,400.00,100 גרם,false,,9.30,0.0233,true,1,9097
7290103404758,false,כרוב אדום במיונז אחל,מיוצר עי קונדיטוריית,IL,אחלה כרוב אדום 120ג,,120.00,100 גרם,false,,4.70,0.0392,true,1,9098
7290103408206,false,עלי חסה בקופסא 250 גרם ירקות שטראוס,שטראוס בריאות ירקות,IL,עלי חסה ערבית שטופים,,250.00,100 גרם,false,,10.50,0.0420,true,1,9099
7290103700195,false,שאפו רדיד אלומיניום צר 30*7.5 2יח',"שניב תעשיות נייר בע""",,טאצ רדיד אלומיניום ק,,15.00,מטר,false,,11.90,0.7933,true,1,9374
7290103700225,false,רדיד אלומניום רוחב 45 עובי 14 מיקרון,,,טאצ רדיד אלומיניום ר,יחידה,0.00,יחידה,false,,16.90,0.0000,true,1,38833
7290103700386,false,טאצ כריות יפניות מארז שישיה,"שניב תעשיות נייר בע""",IL,טאצ' כריות יפניות 6י,יחידה,0.00,יחידה,false,,9.90,0.0000,true,1,32762
7290103701017,false,נייר אפייה נשלף טאצ 50 יחידות כשלפ,"שניב תעשיות נייר בע""",IL,טאצ' נייר אפייה נשלף,יחידה,0.00,יחידה,false,,9.90,0.0000,true,1,32763
7290103701093,false,טאצ' מטליות מיקרופייבר לרצפה 2 יח',"שניב תעשיות נייר בע""",,טאצ מטליות מקרופייבר,יחידה,0.00,יחידה,false,,13.90,0.0000,true,1,9379
7290103701147,false,טאצ רדיד אלומיניום 200 מטר,,,טאצ רדידי אלומיניום,,60.90,מטר,false,,35.90,0.5895,true,1,9380
7290103702304,false,טאצ אשפתון עבה במיוחד 35 יחידות,"שניב תעשיות נייר בע""",,טאצ אשפתון בגליל 35,יחידה,0.00,יחידה,false,,15.90,0.0000,true,1,38837
7290103703219,false,דלי מטליות לחות לניקוי כללי בניחוח לימון טאצ',,,טאצ' מטליות לחות לני,יחידה,0.00,יחידה,false,,20.90,0.0000,true,1,13567
7290103703370,false,טאצ מגבוני טואלט לחים מארז שלישייה,,,טאצ' מגבוני נייר טוא,,3.00,יח',false,,14.90,4.9667,true,1,9394
7290103703738,false,טאצ' מפות עבות במיוח,,,טאצ' מפות עבות במיוח,,45.00,מטר,false,,30.90,0.6867,true,1,9399
7290103704155,false,נייר מגבת טאצ' 6 גלילים מהדורת 2021,"שניב תעשיות נייר בע""",IL,מגבות נייר 6 גלילים,,63.00,מטר,false,,10.90,0.1730,true,1,22337
7290103704162,false,נייר טואלט טאצ' פרימיום 32 גלילים,"שניב תעשיות נייר בע""",IL,נייר טואלט טאצ' 32 ג,,0.00,יח',false,,31.90,0.0000,true,1,22338
7290103704575,false,נייר טואלט טאצ' פרימיום 48 גלילים,,,נייר טואלט טאצ' 48 י,יחידה,0.00,יחידה,false,,38.90,0.0000,true,1,22343
7290103704698,false,טאצ' שקיות קוקי ענקיות 5 יח',,,שקיות קוקי 5 יח' טאצ,יחידה,0.00,יחידה,false,,4.90,0.0000,true,1,22345
7290104061417,false,חומוס טחינה אחלה 400 ג',"שטראוס גרופ בע""מ",IL,אחלה חומוס טחינה 400,,400.00,100 גרם,false,,10.90,0.0273,true,1,9100
7290104061431,false,חומוס אחלה עם צנובר 400 ג',"שטראוס גרופ בע""מ",IL,אחלה חומוס צנובר 400,,400.00,100 גרם,false,,10.90,0.0273,true,1,9102
7290104061448,false,חומוס עם חריף 400 ג' אחלה,מיוצר עי קונדיטוריית,IL,אחלה חומוס חריף 400ג,,400.00,100 גרם,false,,10.90,0.0273,true,1,9103
7290104062599,false,מארז 8 יחידות מעדן גמדים בטעמי תות ובננה,שטראוס גרופ,IL,גמדים תות בננה 8*100,,800.00,"100 מ""ל",false,,18.70,0.0234,true,1,9104
7290104065187,false,אבקה להכנת משקה קפה בטעם מוקה,שטראוס,IL,קפה נמס עלית בטעם מו,,200.00,100 גרם,false,,19.90,0.0995,true,1,8615
7290104065934,false,עלי רוקט 150 גרם שטראוס,שטראוס בריאות ירקות,IL,שטראוס עלי רוקט 150ג,,150.00,100 גרם,false,,10.50,0.0700,true,1,9105
7290104066566,false,טחינה שומשום מלא אחלה 500 גר',מיוצר עי קונדיטוריית,IL,אחלה טחינה 500ג,,500.00,100 גרם,false,,14.50,0.0290,true,1,9107
7290104068539,false,גומי מאסט בטעם מלון ואבטיח 28 ג' עלית,"שטראוס גרופ בע""מ",IL,מאסט מלון ואבטיח 28ג,,28.00,100 גרם,false,,4.50,0.1607,true,1,8619
7290104068546,false,גומי מאסט בטעם לימון קולה ללא סוכר 28 ג' עלית,"שטראוס גרופ בע""מ",IL,מאסט קולה 28 גרם,,28.00,100 גרם,false,,4.50,0.1607,true,1,8620
7290104500572,false,אפרופו חטיף איטליאנו 50 ג' אסם,מיוצר עי קונדיטוריית,IL,אפרופו איטלקי 36*50ג,,50.00,100 גרם,false,,3.90,0.0780,true,1,6887
7290104501661,false,פודינג אינסטנט בטעם וניל צרפתי 80 גר,מיוצר עי קונדיטוריית,IL,אסם פודינג בטעם וניל,,80.00,100 גרם,false,,4.90,0.0613,true,1,6888
7290104570131,false,"תמר מג'הול שחור 1ק""ג",,,"תמר מג'הול 1 ק""ג",קילוגרמים,1.00,"ק""ג",false,,18.90,18.9000,true,1,14470
7290104570162,false,תמרים כבוש ביסאן 500 ג',תמר העמקים בית שאן,IL,תמר כבוש 500 גרם,,500.00,100 גרם,false,,12.90,0.0258,true,1,14471
7290104720499,false,מארז 8 יחידות מעדן דני בטעם וניל 1.5%,מיוצר עי קונדיטוריית,IL,מארז דני וניל 8*125,,125.00,"100 מ""ל",false,,14.90,0.1192,true,1,9109
7290104722530,false,תפוצ'יפס שמנת בצל 200 גרם,"שטראוס פריטו ליי בע""",IL,תפוציפס שמנת בצל 200,,200.00,100 גרם,false,,10.90,0.0545,true,1,9323
7290104726262,false,מארז 4 יחידות דני לשתייה בטעם שוקולד + קשים,מיוצר עי קונדיטוריית,IL,דני שוקולד לשתייה מא,,500.00,"100 מ""ל",false,,11.40,0.0228,true,1,9112
7290104726712,false,מארז 8 יחידות מעדן מילקי בטעם שוקולד עם קצפת,"שטראוס גרופ בע""מ",IL,מילקי שמינייה מארז 8,קילוגרמים,1.06,"ק""ג",false,,20.90,19.7170,true,1,9113
7290104728310,false,"שמנת עמידה לקצפת 38% שומן 250 מ""ל יוטבתה",שטראוס גרופ,IL,יטבתה שמנת עמידה לקצ,,250.00,"100 מ""ל",false,,6.47,0.0259,true,1,9114
7290104961878,false,"שמפו לשיער קרטין אינטנס פורמולה 400 מ""ל נטורל",נטורל פורמולה Natural Formula,IL,קרטין אינטנס שמפו נט,,400.00,"100 מ""ל",false,,29.90,0.0747,true,1,11411
7290104961885,false,מרכך קרטין טהור לשיער שעבר החלקה או עיצוב בחום,נטורל פורמולה Natural Formula,IL,מרכך קרטין אינטנס נט,,400.00,"100 מ""ל",false,,29.90,0.0747,true,1,11412
7290104961892,false,מסכת קרטין טהור לשיער שעבר החלקה או עיצוב בחום,נטורל פורמולה Natural Formula,IL,מסכת קרטין אינטנס נט,,350.00,"100 מ""ל",false,,39.90,0.1140,true,1,11413
7290104962073,false,דאודורנט ספריי גוף טיטניום גולד Titanium Gold,"אמיליה קוסמטיקס בע""מ",IL,דאו' ספריי גולד טיטנ,,180.00,"100 מ""ל",false,,14.90,0.0828,true,1,11416
7290104963667,false,אלסבון ושמפו אל דמע 2 ב1 סופטקר 1 ליטר,קוסמופארם בע''מ,IL,סופטקר 2ב-1 אלסבון ו,יחידה,0.00,יחידה,false,,15.90,0.0000,true,1,11436
7290104963704,false,סופטקר אל סבון קלאסי,טרופיקל דגיל תעשיות,IL,סופטקר אל סבון קלאסי,,770.00,"100 מ""ל",false,,18.90,0.0245,true,1,11437
7290105360328,false,קפסולות אספרסו חזק למכונות נספרסו 10 יח',הנסיך- מפעל לייצור ט,IL,עלית קפסולות אספרסו,,50.00,100 גרם,false,,15.90,0.3180,true,1,8632
7290105362339,false,"שמנת לבישול 15% 250 מ""ל יטבתה מהדרין",שטראוס גרופ,IL,יטבתה שמנת לבישול 15,,250.00,"100 מ""ל",false,,8.40,0.0336,true,1,9116
7290105363602,false,כיף כף - מקלות קלאסי 40 גרם,"איי, בי, אינבוו",TR,כיף כף מקלות קלאסי 4,,40.00,100 גרם,false,,5.00,0.1250,true,1,8638
7290105364289,false,כיף כף - מקלות פצפוצים 40 גרם,"איי, בי, אינבוו",TR,כיף כף מקלות פצפוצים,,40.00,100 גרם,false,,5.00,0.1250,true,1,8639
7290105364302,false,"עלית חטיף שוקולד כיף כף מקלות אגוזים, 40 גרם","איי, בי, אינבוו",TR,כיף כף מקלות אגוזים,,42.00,100 גרם,false,,5.00,0.1190,true,1,8640
7290105366023,false,חציל אחלה בטעם כבד 400 גר' אחלה,מיוצר עי קונדיטוריית,IL,אחלה חציל בטעם כבד 4,,400.00,100 גרם,false,,15.90,0.0398,true,1,9117
7290105366047,false,טחינה אחלה לבנה 400 גר',מיוצר עי קונדיטוריית,IL,אחלה טחינה לבנה 400ג,,400.00,100 גרם,false,,15.90,0.0398,true,1,9118
7290105366993,false,גבינה לבנה סימפוניה עם תוספות 200 ג' פלפל שיפקה,"שטראוס בריאות בע""מ",IL,סימפוניה פלפל שיפקה,,200.00,100 גרם,false,,10.90,0.0545,true,1,9120
7290105368225,false,חומוס עם פלפל שיפקה אחלה 400 ג',מיוצר עי קונדיטוריית,IL,אחלה חומוס פלפל שיפק,,400.00,100 גרם,false,,10.90,0.0273,true,1,9121
7290105368904,false,"שמנת מתוקה להקצפה 32% שומן 250 מ""ל יוטבתה",שטראוס גרופ,IL,יטבתה שמנת עמידה לקצ,,250.00,"100 מ""ל",false,,7.60,0.0304,true,1,9125
7290105368928,false,"שמנת 9% שומן 200 מ""ל יוטבתה",שטראוס גרופ,IL,יטבתה שמנת 9% 200מל,,200.00,"100 מ""ל",false,,3.10,0.0155,true,1,9126
7290105369130,false,סימפוניה גבינה במרקם שמנת בצל ירוק 5%,"שטראוס בריאות בע""מ",IL,סימפוניה שטראוס בצל,,200.00,100 גרם,false,,10.90,0.0545,true,1,9128
7290105430458,false,תחליב רחצה מועשר בשקדים וקרם לחות Naturals משאבה,הנסיך- מפעל לייצור ט,TR,תחליב רחצה שקדים משא,,750.00,"100 מ""ל",false,,19.90,0.0265,true,1,8140
7290105439505,false,מנה מאסטר שף קרם בטעם מיונז לייט 479 גר,רמיה סי.וי. הולנד,NL,מאסטר שף קרם בטעם מ,,479.00,100 גרם,false,,11.90,0.0248,true,1,8152
7290105500151,false,וודקה פינלנדיה בקבוק,"אלטיה קורפ, הלסינקי,",FI,וודקה פינלנדיה 700 מ,,700.00,"100 מ""ל",false,,59.90,0.0856,true,1,4925
7290105500236,false,וויסקי ג'ק דניאלס מס' 7 Brand No,ג'ק דניאלס Jack Daniel's,US,גק דניאלס וויסקי 700,,700.00,"100 מ""ל",false,,99.90,0.1427,true,1,4926
7290105691248,false,פריכונים חטיפי טורטיה תירס 60 ג' אוסם,"מיוצר ע""י PT, משווק",IL,חטיפי פריכונים טורטי,,60.00,100 גרם,false,,6.90,0.1150,true,1,6900
7290105693341,false,במבה מארז 10 יח' * 25 ג' אסם,"אסם השקעות בע""מ",IL,במבה מאח.15 10*25גרם,,250.00,100 גרם,false,,13.90,0.0556,true,1,6911
7290105693457,false,עוגת הבית דמקה שוקו וניל 320 ג' אסם,מיוצר עי קונדיטוריית,IL,עוגת הבית דמקה שוקו,,320.00,100 גרם,false,,10.90,0.0341,true,1,6912
7290105695024,false,אסם פתיתים אפויים אורז עם אטריות 500 גר,"אסם השקעות בע""מ",IL,פתיתים אפויים אורז ע,,500.00,100 גרם,false,,6.90,0.0138,true,1,6916
7290105695321,false,עוגת שוקולד בראוניז פאדג' 380 ג',מיוצר עי קונדיטוריית,IL,הבית עוגות בראוניס פ,,380.00,100 גרם,false,,14.90,0.0392,true,1,6917
7290105962331,false,זחוק אדום תימני מקורי חריף מאוד 220 גר,קריניסה ויטמין אס אי,IL,סחוג חריף מאוד זהבי,,220.00,100 גרם,false,,10.90,0.0495,true,1,9130
7290105964564,false,אחלה חומוס אחלה 400ג,מיוצר עי קונדיטוריית,IL,אחלה חומוס אחלה 400ג,,400.00,100 גרם,false,,8.80,0.0220,true,1,9133
7290105965738,false,יוגורט לשתיה בטעם תות בננה267 ג' דנונה,מיוצר עי קונדיטוריית,IL,דנונה משקה תות בננה,,267.00,100 גרם,false,,5.00,0.0187,true,1,9134
7290105966469,false,"חומץ בלסמי יד מרדכי 250מ""ל",אצטייה ג'וזפה קרמוני,IT,חומץ בלסמי יד מרדכי,,250.00,100 גרם,false,,13.90,0.0556,true,1,8649
7290105968098,false,סלט קולסלאו אחלה 500 ג',שטראוס גרופ סלטים,IL,אחלה קולסלאו 500ג,,500.00,100 גרם,false,,15.90,0.0318,true,1,9135
7290105968654,false,רביולי בטטה פרווה פסטה נונה 400 ג',מיוצר עי קונדיטוריית,IL,שטראוס רביולי בטטה 4,,400.00,100 גרם,false,,16.90,0.0422,true,1,9136
7290105968777,false,פריכיות עם תחתית שוקולד מריר 70 ג' אנרגי,"טחנת האבן תעשיות בע""",IL,פריכיות תחתית שוקלד,,70.00,100 גרם,false,,8.30,0.1186,true,1,8650
7290106520066,false,רבע לשבע במילוי קרם אגוזים ובציפוי שוקולד חלב,הגביע מוצרי וופלים ב,IL,רבע לשבע 160 גרם,,160.00,100 גרם,false,,9.80,0.0613,true,1,8651
7290106520288,false,יוגורט פרו חלבון עם תות 2.4% שומן 150 ג' דנונה,"שטראוס בריאות בע""מ",IL,דנונה פרו תות 150 גר,,150.00,100 גרם,false,,4.80,0.0320,true,1,9137
7290106520912,false,"שמנת לבישול 9% 250 מ""ל יטבתה",שטראוס גרופ,IL,יטבתה שמנת לבישול 9%,,250.00,"100 מ""ל",false,,8.40,0.0336,true,1,9139
7290106521049,false,אחלה טעמי השוק קוביות סלק 400 גר,מיוצר עי קונדיטוריית,IL,אחלה קוביות סלק 400,,400.00,100 גרם,false,,15.90,0.0398,true,1,9140
7290106521926,false,שקית קפה טורקי 150 ג' עלית,שטראוס גרופ,IL,קפה טורקי עלית 150 ג,,150.00,100 גרם,false,,12.60,0.0840,true,1,8655
7290106524439,false,תפוצ'יפס טבעי פופס 60גר',"שטראוס פריטו ליי בע""",IL,תפוציפס פופס 60 גרם,,60.00,100 גרם,false,,3.50,0.0583,true,1,9327
7290106525368,false,גלילי וופל רבע לשבע אין סייד אוט 125 גר,הגביע מוצרי וופלים ב,IL,רבע לשבע אין סייד או,,125.00,100 גרם,false,,9.80,0.0784,true,1,8658
7290106526822,false,פריכיות אורז עם תחתית שוקולד חלב 80 ג' אנרגי,"טחנת האבן תעשיות בע""",IL,פריכיות עם תחתית שוק,,80.00,100 גרם,false,,8.30,0.1038,true,1,8661
7290106528567,false,חטיף דוריטוס גריל 185 גרם,שטראוס פריטו ליי (מל,IL,דוריטוס גריל 185 גר`,,185.00,100 גרם,false,,7.50,0.0405,true,1,9328
7290106528628,false,חטיף דוריטוס טבעי 185 גרם,"שטראוס פריטו ליי בע""",IL,דוריטוס טבעי 185 גר`,,185.00,100 גרם,false,,7.50,0.0405,true,1,9329
7290106528949,false,לקט לסלט ערוגות שטרא,שטראוס בריאות ירקות,IL,לקט ערוגות,,450.00,100 גרם,false,,11.40,0.0253,true,1,9141
7290106571921,false,עוגיות פיטנס עוגיות חמוציות 180 גר',מיוצר עי קונדיטוריית,IL,פיטנס עוגיות חמוציות,,180.00,100 גרם,false,,10.90,0.0606,true,1,6927
7290106572027,false,אוסם - לחמית חמישה דגנים 190 גרם,"אסם השקעות בע""מ",IL,לחמית חמישה דגנים אס,,190.00,100 גרם,false,,7.90,0.0416,true,1,6929
7290106572065,false,חטיפי פריכונים טורטיה חמוץ מתוק 60 גרם,"מיוצר ע""י PT, משווק",IL,טורטיה בטעם תירס חמו,,60.00,100 גרם,false,,6.90,0.1150,true,1,6930
7290106573598,false,צבר חומוס לבנוני 400גרם,סלטי צבר,IL,צבר חומוס לבנוני 400,,400.00,100 גרם,false,,11.90,0.0298,true,1,7405
7290106574793,false,עוגת הבית שוקו שוקוצ''יפס 350 ג' אסם,מיוצר עי קונדיטוריית,IL,עוגת הבית שוקו שוקוצ,,350.00,100 גרם,false,,10.90,0.0311,true,1,6940
7290106574953,false,בייגלה שטוחים כעכים שטוחים עם שומשום,מיוצר עי קונדיטוריית,IL,אסם בייגלה שטוחים שו,,300.00,100 גרם,false,,10.90,0.0363,true,1,6941
7290106574977,false,בייגלה שטוחים כעכים שטוחים עם מלח,מיוצר עי קונדיטוריית,IL,אסם בייגלה שטוחים עם,,300.00,100 גרם,false,,10.90,0.0363,true,1,6942
7290106576513,false,סלט חומוס צבר 400 גר,סלטי צבר,IL,צבר חומוס 400 גרם,,400.00,100 גרם,false,,8.90,0.0223,true,1,7410
7290106576537,false,צבר חומוס מסעדה 700 גר,סלטי צבר,IL,צבר חומוס מסעדה 700,,700.00,100 גרם,false,,10.90,0.0156,true,1,7411
7290106576810,false,גלידה לה קרמריה ריבת חלב 1.4 ל' נסטלה,המאפיה של הרמן,IL,לה קרמריה ריבת חלב 1,ליטרים,1.40,ליטר,false,,17.90,12.7857,true,1,5799
7290106576834,false,גלידה לה קרמריה פונטש בננה1.4 ל' נסטלה,תות תעשיות מזון (201,IL,גלידה קרמריה פונטש ב,ליטרים,1.40,ליטר,false,,17.90,12.7857,true,1,5800
7290106576858,false,גלידה לה קרמריה תותים בשמנת 1.4 ל' נסטלה,המאפיה של הרמן,IL,גלידה קרמריה תותים ב,ליטרים,1.40,ליטר,false,,17.90,12.7857,true,1,5801
7290106576919,false,גלידה קרמריה סורבה תות לימון 1.4 ליטר,המאפיה של הרמן,IL,גלידה קרמריה סורבה ת,ליטרים,1.40,ליטר,false,,17.90,12.7857,true,1,5802
7290106576971,false,גלידה לה קרמריה שוקולד בלגי 1.4 ל' נסטלה,תות תעשיות מזון (201,IL,לה קרמריה שוקולד בלג,ליטרים,1.40,ליטר,false,,17.90,12.7857,true,1,5804
7290106577039,false,גלידה לה קרמריה שוקו וניל פליק 1.4 ל' נסטלה,תות תעשיות מזון (201,IL,לה קרמריה שוקו וניל,ליטרים,1.40,ליטר,false,,17.90,12.7857,true,1,5806
7290106577282,false,צבר טחינה מרובע 400גרם,סלטי צבר,IL,צבר מרובע טחינה 400ג,,400.00,100 גרם,false,,11.90,0.0298,true,1,7412
7290106577541,false,כרוב אדום מרובע 400 ג' צבר,סלטי צבר,IL,צבר מרובע כרוב אדום,,400.00,100 גרם,false,,11.90,0.0298,true,1,7416
7290106577572,false,צבר מטבוחה מרובע 400גרם,סלטי צבר,IL,צבר מרובע מטבוחה 40,,400.00,100 גרם,false,,11.90,0.0298,true,1,7417
7290106578692,false,אוסם - במבה ביסלי מיקס 80 גרם,פרו מן יו פתרונות אר,IL,במבה ביסלי מיקס 36*8,,80.00,100 גרם,false,,4.30,0.0537,true,1,6951
7290106578821,false,הבית עוגת שמרים קלאסית בטעם שוקולד 350גר.,מיוצר עי קונדיטוריית,IL,עוגת הבית שמרים קלאס,,350.00,100 גרם,false,,14.90,0.0426,true,1,6952
7290106652996,false,כיף כף מקלות קוקוס חלבי 40 גר',סולן בעבור שטראוס,TR,כיף כף מקלות קוקוס 4,,40.00,100 גרם,false,,5.00,0.1250,true,1,58660
7290106653689,false,לקט לסלט בסגנון אסייתי,"שטראוס מזון טרי בע""מ",IL,לקט לסלט אסייתי שטרא,,350.00,100 גרם,false,,11.50,0.0329,true,1,9142
7290106654099,false,מילקי CAKE עוגות אישיות במילוי קרם חלב,אירו קייקס אס פי איי,IT,עוגות אישיות מילקי ק,,272.00,100 גרם,false,,20.70,0.0761,true,1,9143
7290106658479,false,עלית וופל בטעם טורטית אגוזים 40ג,"שטראוס גרופ בע""מ",IL,עלית וופל בטעם טורטי,,40.00,100 גרם,false,,3.90,0.0975,true,1,8671
7290106663091,false,לאבנה טבעי 9% שטראוס 500ג',הדקלאים אגודת שיתופי,IL,שטראוס לאבנה 9% 500,,500.00,100 גרם,false,,17.90,0.0358,true,1,9145
7290106663121,false,מילקי cake עוגה אישית 34 גרם,בובארד איטליה אס.פי.,IT,מילקי קייק עוגה בודד,,34.00,100 גרם,false,,2.90,0.0853,true,1,9146
7290106663503,false,יד מרדכי קונפיטורת לייט תות 230 גר,אף.סי תבליני בגליל ב,IL,קונפיטורת לייט תות 2,,230.00,100 גרם,false,,11.90,0.0517,true,1,8681
7290106664555,false,"רוטב שמנת עם עגבניות 9% שומן 250 מ""ל יוטבתה",שטראוס גרופ,IL,יטבתה רוטב שמנת עם ע,,250.00,"100 מ""ל",false,,10.90,0.0436,true,1,9148
7290106668577,false,"מיץ לימון טבעי יד מרדכי 250 מ""ל",האי נאם סי או אל.טי.,IT,מיץ לימון טבעי יד מר,,250.00,"100 מ""ל",false,,7.80,0.0312,true,1,8689
7290106668713,false,יוגורט עם פירות יער 3% שומן 150 ג' דנונה,מיוצר עי קונדיטוריית,IL,דנונה פירות יער3% 15,,150.00,"100 מ""ל",false,,3.70,0.0247,true,1,9150
7290106720626,false,צ'יטוס קראנצ' בטעם גבינה - חלבי,"שטראוס פריטו ליי בע""",IL,ציטוס גבינה 80 גרם,,80.00,100 גרם,false,,4.50,0.0563,true,1,9337
7290106723689,false,עלי תרד בייבי שטראוס 200 גרם,שטראוס בריאות ירקות,IL,שטראוס תרד בייבי 200,,200.00,100 גרם,false,,10.40,0.0520,true,1,9151
7290106725874,false,"סירופ מייפל טהור יד מרדכי 236 מ""ל",יד מרדכי,IL,יד מרדכי סירופ מייפל,,236.00,"100 מ""ל",false,,41.90,0.1775,true,1,8703
7290106726178,false,יוגורט PRO עם פירות יער 2.4% 10 גרם חלבון בגביע,מיוצר עי קונדיטוריית,IL,דנונה פרו בטעם פירות,,150.00,100 גרם,false,,4.80,0.0320,true,1,9153
7290106727984,false,כיף כף פצפוצים ושוקולד 135 ג',שולן צ'יקולטה גידה ס,TR,כיף כף פצפצים 135 גר,,135.00,100 גרם,false,,10.40,0.0770,true,1,8705
7290106729650,false,יוגורט עם תות מאגדת 8 יח' * 150ג' דנונה,דנונה - שטראוס,IL,דנונה יוגורט תות 8יח,קילוגרמים,1.20,"ק""ג",false,,25.00,20.8333,true,1,9155
7290107280013,false,מגבונים ליטופים ללא בושם חמישיה,טרופיקל דגיל קוסמטיק,IL,ליטופים מגבונים ללא,יחידה,0.00,יחידה,false,,17.90,0.0000,true,1,11458
7290107280020,false,מטליות לחות סנו סושי לניקוי כללי שלישיה *50 יח',טרופיקל דגיל- תעשיות,IL,סנו סושי מגבונים לני,יחידה,0.00,יחידה,false,,16.90,0.0000,true,1,11459
7290107280099,false,מגבוני טואלט לחים סנו סופט שלישייה * 48 יח',טרופיקל דגיל- תעשיות,IL,סנו סופט מגבוני טואל,יחידה,0.00,יחידה,false,,14.90,0.0000,true,1,11462
7290107280112,false,נייר טואלט סופט סילק 24 גליל,סנו,IL,סנו סופט נייר טואלט,,441.00,מטר,false,,27.90,0.0633,true,1,23009
7290107280389,false,"סנו - ג'ט מרסס לניקוי בחדר האמבטיה 750 מ""ל","איי, בי, אינבוו",IL,סנו ג'ט מתז לאמבט 75,,750.00,"100 מ""ל",false,,9.90,0.0132,true,1,11469
7290107280570,false,סנו - מקסימה ג'ל כביסה מרוכז לכביסה צבעונית 3 ליטר,מיוצר עי קונדיטוריית,IL,מקסימה ג'ל כביסה מיק,ליטרים,3.00,ליטר,false,,28.90,9.6333,true,1,11479
7290107280587,false,סנובון סבון לאסלה דאבל אקשן בריח פרחים ורודים,סנו,,סנובון דאבל אקשן בני,,165.00,100 גרם,false,,14.90,0.0903,true,1,11480
7290107280709,false,"סנו ספארק נוזל הברקה למדיח 700 מ""ל","סנו מפעלי ברונוס בע""",IL,סנו ספארק נוזל הברקה,,700.00,"100 מ""ל",false,,10.90,0.0156,true,1,11485
7290107280716,false,מלח למדיח להגנה מפני אבנית סנו ספארק Spark,סנו,IL,סנו ספארק מלח למדיח,קילוגרמים,2.00,"ק""ג",false,,10.90,5.4500,true,1,11486
7290107280723,false,נוזל לניקוי כלים סנו ספארק Spark בניחוח לימון רענן,סנו כימיקלים,IL,סנו ספארק נוזל לניקו,,700.00,"100 מ""ל",false,,8.90,0.0127,true,1,11487
7290107646062,false,אבקת מרק בצל רכיבים טבעיים קנור 400 ג',יוניליוור ישראל מזון,IL,מרק בצל רכיבים טבעיי,,400.00,100 גרם,false,,21.90,0.0547,true,1,3876
7290107647656,false,מאגדת מיני סולרו קוקוס אננס 245 ג',"מיוצר ע""י גלידת שטרא",IL,מאגדת מיני סולרו קוק,,245.00,100 גרם,false,,22.90,0.0935,true,1,1770
7290107647731,false,קוקומן חום לבן 20% פחות סוכר 375 גרם,אתר שפע - Food,IL,קוקומן חום לבן 20% ת,,375.00,100 גרם,false,,19.90,0.0531,true,1,3891
7290107649100,false,בייגלה טבעות שומשום 300 גר',בייגל את בייגל מזון,IL,בייגלה טבעות שומשום,,300.00,100 גרם,false,,9.90,0.0330,true,1,3906
7290107871990,false,פסטה צינורות 500 גר אסם,פסטה זארה,IT,פסטה צינורות אסם 500,,500.00,100 גרם,false,,5.40,0.0108,true,1,6958
7290107874502,false,ביסלי גריל קדמ. מארז אחיד 10 4*55 גרם,מיוצר עי קונדיטוריית,IL,ביסלי גריל 4*55 גרם,,220.00,100 גרם,false,,11.90,0.0541,true,1,6967
7290107875004,false,פופקורן חמאה ודבש מארז12*20גר',,,פופקו חמאה ודבש מארז,,240.00,100 גרם,false,,18.90,0.0787,true,1,6969
7290107875271,false,ביסלי ברביקיו קדמ. מארז אחיד10 4*55 גרם,אסם,IL,ביסלי ברבקיו מארז 4*,,220.00,100 גרם,false,,11.90,0.0541,true,1,6971
7290107877619,false,מארז במבה במילוי קרם נוגט 5*30ג' אסם,אסם תעשיות,IL,במבה במילוי קרם נוגט,,150.00,100 גרם,false,,12.90,0.0860,true,1,6978
7290107879132,false,פריכיות פיטנס מיני פריכיות שוקולד חלב 22 ג',כרמית,IL,מיני פריכיות שוקולד,,22.00,100 גרם,false,,4.90,0.2227,true,1,7422
7290107879521,false,קרחוני לה פרוטה La Frutta תות שדה - 5 יח',גלידות נסטלה Nestle,IL,לה פרוטה תות 5 יח,,350.00,100 גרם,false,,23.90,0.0683,true,1,5809
7290107930321,false,קונפיטורת יד מרדכי דובדובן 340 גרם,"בית אל מזון בע""מ",IL,יד מרדכי קונפיטורה ד,,340.00,100 גרם,false,,9.90,0.0291,true,1,8709
7290107932080,false,חלב מועשר יוטבתה בבקבוק 3% 1 ליטר,מחלבת יטבתה,IL,יטבתה חלב בבקבוק 3%,ליטרים,1.00,ליטר,false,,7.60,7.6000,true,1,9156
7290107932134,false,חלב מועשר יוטבתה בבקבוק 1% 1 ליטר,מחלבת יטבתה,IL,יטבתה חלב בבקבוק 1%,ליטרים,1.00,ליטר,false,,7.60,7.6000,true,1,9157
7290107933155,false,לקט לסלט סלנובה שטרא,שטראוס בריאות ירקות,IL,לקט סלנובה 200 גרם,,200.00,100 גרם,false,,13.50,0.0675,true,1,9158
7290107933193,false,שטראוס סלק מבושל בוו,לס לגוסודה סנצונוניו,ES,שטראוס סלק מבושל בוו,,500.00,100 גרם,false,,7.90,0.0158,true,1,9159
7290107934473,false,מארז 8 יח' אקטיביה יוגורט קרמי 1.5% שומן,דנונה - שטראוס,IL,אקטיביה מארז מיוחד 1,קילוגרמים,1.20,"ק""ג",false,,20.90,17.4167,true,1,9163
7290107936309,false,דנונה יוגורט 7% יווני לבן 130 ג',"שטראוס בריאות בע""מ",IL,דנונה יווני לבן 130,,130.00,100 גרם,false,,3.40,0.0262,true,1,9164
7290107936958,false,עד חצות ביסקוויט אצבעות שוקולד 125 גרם,הדקלאים אגודת שיתופי,FR,עד חצות אצבעות 125 ג,,125.00,100 גרם,false,,9.90,0.0792,true,1,8717
7290107936965,false,עיגולים עד חצות עם שוקולד חלב 225 גר,ביסקווטרי עוגיות סנט,FR,עד חצות עיגולים 225,,125.00,100 גרם,false,,12.90,0.1032,true,1,8718
7290107937856,false,קפסולות 11חזק למכונות נספרסו עלית 10יח',הנסיך- מפעל לייצור ט,IL,עלית קפסולות בטעם נס,,50.00,100 גרם,false,,15.90,0.3180,true,1,8724
7290107938396,false,"אקטימל משקה פרוביוטי תות 100X8 מ""ל",מיוצר עי קונדיטוריית,IL,דנונה Actimel בנים ב,,864.00,100 גרם,false,,19.90,0.0230,true,1,9167
7290107939027,false,גזר דק דק שטראוס טעם,שטראוס בריאות ירקות,IL,גזרדק דק 250 גרם בד`,,250.00,100 גרם,false,,6.80,0.0272,true,1,9169
7290107940030,false,חומוס אחלה 650 גרם,שטראוס גרופ,IL,חומוס אחלה 650 גר,,650.00,100 גרם,false,,8.90,0.0137,true,1,9170
7290107940467,false,אקטיביה יוגורט 1.5% שומן 200 ג' דנונה,מיוצר עי קונדיטוריית,IL,דנונה אקטיביה יוגורט,,200.00,100 גרם,false,,4.10,0.0205,true,1,9172
7290107941259,false,עדשים ירוקות מבושלות,הורקסה לס לגונס דה ס,ES,עדשים ירוקות מבושלות,,475.00,100 גרם,false,,10.90,0.0229,true,1,9173
7290107941273,false,חומוס מבושל שטראוס ט,הורקסה לס לגונס דה ס,ES,חומוס מבושל 475 גרם,,475.00,100 גרם,false,,10.90,0.0229,true,1,9175
7290107943192,false,"שמנת חמוצה מהערבה 27% שומן 200 מ""ל יטבתה",מחלבת יטבתה,IL,יטבתה שמנת 27% 200מ,,200.00,"100 מ""ל",false,,4.10,0.0205,true,1,9177
7290107944243,false,וופלים אפיפיות בטעם שוקולד 200 גר,"שטראוס גרופ בע""מ",IL,"אפיפית ללא גלוטן בד""",,200.00,100 גרם,false,,7.90,0.0395,true,1,8730
7290107944472,false,סימפוניה גבינה במרקם שמנת 5% שום שמיר,"שטראוס בריאות בע""מ",IL,סימפוניה 5% שום שמיר,,200.00,100 גרם,false,,10.90,0.0545,true,1,9178
7290107950190,false,מעדן חלב דל קלוריות בטעם שוקולד מריר 0.5% שומן,מיוצר עי קונדיטוריית,IL,מעדן דיאט שוקולד מרי,,130.00,100 גרם,false,,3.40,0.0262,true,1,9183
7290107950206,false,מעדן חלב דל קלוריות בטעם שוקולד 0% שומן,מיוצר עי קונדיטוריית,IL,מעדן דיאט שוקולד % 0,,130.00,100 גרם,false,,3.40,0.0262,true,1,9184
7290107951715,false,צנצנת מסטיק מאסט קוביות בטעם ענבים 58 ג' עלית,אסקום קונפקשיין,IL,מאסט צנצנת קוביות ענ,,58.00,100 גרם,false,,10.50,0.1810,true,1,8758
7290107953559,false,קפה טורקי עלית לדרך שקיות 24X7ג',הנסיך- מפעל לייצור ט,IL,קפה טורקי לדרך 168 ג,,168.00,100 גרם,false,,18.90,0.1125,true,1,8759
7290107954709,false,קונפיטורת פירות יער 340 גר יד מרדכי,יד מרדכי,IL,יד מרדכי קונפיטורת פ,,340.00,100 גרם,false,,9.90,0.0291,true,1,8761
7290107954976,false,"משקה יטבתה חלבון פרו קפה 350מ""ל",מחלבת יטבתה,IL,משקה פרו בטעם קפה יט,,350.00,"100 מ""ל",false,,6.90,0.0197,true,1,9187
7290107956901,false,קפסולות בטעם אגוזים למכונות נספרסו 50 גר,שטראוס גרופ,IL,עלית קפסולות אספרסו,,150.00,100 גרם,false,,15.90,0.1060,true,1,8772
7290107957069,false,"צנצנת עלמה בטעם אוכמניות לל""ס 66 גרם","שטראוס גרופ בע""מ",IL,מסטיק עלמה בטעם אוכמ,,66.00,100 גרם,false,,10.50,0.1591,true,1,8777
7290107957076,false,"צנצנת עלמה בטעם ספירמינט לל""ס 66 גרם","שטראוס גרופ בע""מ",IL,מסטיק עמלה בטעם ספיר,,66.00,100 גרם,false,,10.50,0.1591,true,1,8778
7290107957113,false,סימפוניה 5% זיתים פיקנטיים 200 ג' שטראוס,שטראוס גרופ,IL,סימפוניה עם זיתים פי,,200.00,100 גרם,false,,10.90,0.0545,true,1,22128
7290107957991,false,מילקי CAKE מיניס קרם חלב בציפוי שוקולד חלב שקית 16X9ג',בובארד איטליה אס.פי.,IT,"מילקי מייניס 9*16 מ""",,144.00,100 גרם,false,,14.50,0.1007,true,1,9190
7290107958035,false,יוגורט במתיקות מעודנת 2% ללא תוספת סוכר- מארז 8 יח,דנונה - שטראוס,IL,8 דנונה מתיקות מעודנ,קילוגרמים,1.20,"ק""ג",false,,18.70,15.5833,true,1,9191
7290107973014,false,פלמוליב סבון ידיים חלב ודבש 300 מ'ל,הנסיך- מפעל לייצור ט,TR,פלמוליב סבון ידיים ח,,300.00,"100 מ""ל",false,,8.90,0.0297,true,1,8164
7290107973311,false,קולגייט מברשת שיניים 360 פחם זהב זוג,הנסיך- מפעל לייצור ט,CH,קולגייט מברשת שיניים,יחידה,0.00,יחידה,false,,24.90,0.0000,true,1,8166
7290107973861,false,מאסטר שף - עגבניות קצוצות דק שלישיה 400 גרם * 3,קונסרזיו קאסאלאסקו ד,IT,עגבניות קצוצות דק מא,קילוגרמים,1.20,"ק""ג",false,,15.90,13.2500,true,1,8169
7290107974066,false,"עלי טורטיה קמח מלא 20ס""מ 8יח' מאסטר שף 320ג'",אלקאטי קורביישיסי,DE,עלי טורטיה קמח מלא מ,,320.00,100 גרם,false,,9.90,0.0309,true,1,8171
7290107974073,false,מנה עלי טורטיה קמח לבן מ.שף 20 סמ 320 גר,הנסיך- מפעל לייצור ט,DE,עלי טורטיה קמח לבן מ,,320.00,100 גרם,false,,9.90,0.0309,true,1,8172
7290107974080,false,מנה עלי טורטיה קמח לבן מ.שף 25 סמ 840 גר,הדקלאים אגודת שיתופי,DE,עלי טורטיה קמח לבן מ,,820.00,100 גרם,false,,15.90,0.0194,true,1,8173
7290107974806,false,"מאסטר שף - אורז בסמטי 1 ק""ג",מאסטר שף,,אורז בסמטי מאסטר שף,קילוגרמים,1.00,"ק""ג",false,,12.90,12.9000,true,1,8177
7290107975346,false,ספיד סטיק - דאודורנט ג'ל לגבר כוח הטבע 85 גרם,קולגייט פלמוליב,BY,דאו' ג'ל כח הטבע אול,,65.00,100 גרם,false,,19.90,0.3062,true,1,8182
7290107978347,false,מאסטר שף איטריות בינוניות 400 גר,הדקלאים אגודת שיתופי,PL,איטריות בינוניות מאס,,400.00,100 גרם,false,,3.90,0.0097,true,1,8197
7290107978453,false,חטיף קראנצ'וס גריל 5,קראנצ'וס,IL,קראנצו'ס גריל 55 גרם,,55.00,100 גרם,false,,2.00,0.0364,true,1,8199
7290107979184,false,"תבניות אלומיניום פלוס נייר אפייה 32/26 ס""מ L",HAI PLASTIC,CN,קוקי תבנית אלומניום,יחידה,0.00,יחידה,false,,9.90,0.0000,true,1,8202
7290108070316,false,שקית בלונים פסטל מעו,,,שקית 50 פסטל,יחידה,0.00,יחידה,false,,11.90,0.0000,true,1,32797
7290108074659,false,סוכריה טבעת הלו קיטי,,,סוכריה טבעת הלו קיטי,יחידה,0.00,יחידה,false,,5.50,0.0000,true,1,12277
7290108350142,false,שקיות רב שימושיות ענק סנו סושי 270 יח',אשפלסט תעשיות,IL,סנו סושי שקיות רב שי,יחידה,0.00,יחידה,false,,14.90,0.0000,true,1,11497
7290108350203,false,כריות קרצוף אקסטרה חזקות עם ספוג מקציף - 6 יח',סנו סושי,IL,כריות קרצוף עם ספוג,יחידה,0.00,יחידה,false,,9.50,0.0000,true,1,11499
7290108350210,false,סנו סושי שקיות אשפה חזקות 30 יח' XL,מיוצר עי קונדיטוריית,IL,סושי שקיות אקסטרא חז,יחידה,0.00,יחידה,false,,24.90,0.0000,true,1,11500
7290108350258,false,סופט נייר טואלט גליל ארוך 12 גלילים=36,מפעלי ברונוס בעמ,IL,סופט נייר טואלט גליל,,180.00,מטר,false,,42.90,0.2383,true,1,11502
7290108350548,false,סנו ספארק נוזל כלים בניחוח לבנדר עם משאבה 1 ל',מיוצר עי קונדיטוריית,IL,סנו ספארק משאבה בניח,ליטרים,1.00,ליטר,false,,10.90,10.9000,true,1,11505
7290108350555,false,נוזל כלים סנו ספארק Spark היפואלרגני פריחת השקד,סנו,IL,סנו ספארק משאבה בניח,ליטרים,1.00,ליטר,false,,10.90,10.9000,true,1,11506
7290108350616,false,סנו - מקסימה מרכך כביסה מרוכז פריחה כחולה 1 ליטר,"סנו מפעלי ברונוס בע""",IL,מרכך כביסה מקסימה סו,יחידה,0.00,יחידה,false,,16.90,0.0000,true,1,11508
7290108350715,false,"סנו פורטה FREE נוזל מרוכז להסרת שומנים 750 מ""ל",,IL,פורטה פרי 750 מ`ל,,750.00,"100 מ""ל",false,,13.90,0.0185,true,1,11515
7290108351156,false,סנו - ג'ט לניקוי כללי ורצפות בתוספת חומץ 1.5 ליטר,"סנו מפעלי ברונוס בע""",IL,סנו ג`ט פלוס לניקוי,יחידה,0.00,יחידה,false,,10.90,0.0000,true,1,11526
7290108351507,false,מרכך כביסה מקסימה סופט סילק 4 ל' סנו,סנו מקסימה,IL,מרכך כביסה סנו מקסימ,ליטרים,4.00,ליטר,false,,21.90,5.4750,true,1,11528
7290108351538,false,"סנו פרש הום פרש הום מבשם יבש בלו 200 מ""ל",סנו מפעלי ברונוס בעמ,IL,סנו פרש הום -מבשם יב,,200.00,"100 מ""ל",false,,10.90,0.0545,true,1,11531
7290108351552,false,"סנו - ג'ט לניקוי כללי בתוספת חומץ בניחוח לבנדר 750 מ""ל","סנו מפעלי ברונוס בע""",IL,סנו ג'ט מתז חומץ 750,,750.00,"100 מ""ל",false,,9.90,0.0132,true,1,11533
7290108351613,false,סנו ריצפז פרש הום 2 ליטר בניחוח מלון חלומי,"סנו מפעלי ברונוס בע""",IL,ריצפז פרש הום מלון ח,ליטרים,2.00,ליטר,false,,19.90,9.9500,true,1,11538
7290108351675,false,גל כביסה סנו מקסימה מיקס אנד ווש 5 ל,סנו,IL,ג'ל כביסה סנו מקסימה,ליטרים,5.00,ליטר,false,,44.90,8.9800,true,1,11543
7290108351682,false,גל כביסה סנו מקסימה ביו קולד ווטר 5 ל,סנו,IL,ג'ל כביסה סנו מקסימה,ליטרים,5.00,ליטר,false,,44.90,8.9800,true,1,11544
7290108351699,false,סנו - ג'ט מטליות לחות לניקוי כללי בתוספת חומץ לבנדר שלישיה,סנו מפעלי ברונוס על,IL,מגבונים ג'ט+חומץ מאר,יחידה,0.00,יחידה,false,,17.90,0.0000,true,1,11545
7290108351804,false,סנו - מקסימה מרכך כביסה מרוכז ג'נטל בריז 1 ליטר,מיוצר עי קונדיטוריית,IL,סנו מקסימה מרכך כביס,יחידה,0.00,יחידה,false,,16.90,0.0000,true,1,11555
7290108351811,false,מקסימה מרכך כביסה סופר מרוכז פלור טאצ' 1 ליטר,מיוצר עי קונדיטוריית,IL,סנו מקסימה מרכך כביס,יחידה,0.00,יחידה,false,,16.90,0.0000,true,1,11556
7290108351859,false,"מקסימה בושם מרוכז לכביסה FOREVER ורוד 600מ""ל",סנו מקסימה,IL,מקסימה בושם מרוכז לכ,יחידה,0.00,יחידה,false,,19.90,0.0000,true,1,11559
7290108351996,false,"חיטוי בייבי 99.9% לחיטוי וניקוי בסביבת תינוקות 750 מ""ל",סנו,IL,מתז בייבי 99.9% לחיט,,750.00,"100 מ""ל",false,,10.90,0.0145,true,1,11571
7290108352009,false,סנו ספארק קפסולות למדיח כלים 50 יח',טרופיקל דגיל תעשיות,PL,קפסולות למדיח ספארק,,50.00,יח',false,,39.90,0.7980,true,1,11572
7290108352054,false,אורביטול - צמד מברשות שיניים 980 + חוט דנטלי במתנה,סנו,IL,אורביטול מברשת לניקו,יחידה,0.00,יחידה,false,,19.00,0.0000,true,1,23015
7290108352207,false,מקסימה קפסולות לכביסה פלורל 40 יחידות,טרופיקל דגיל תעשיות,IL,קפס' כביסה בניחוח פל,,840.00,100 גרם,false,,29.90,0.0356,true,1,11582
7290108352252,false,נוזל לניקוי כלים מתאים לניקוי ירקות ופירות סנו ספארק,"סנו מפעלי ברונוס בע""",IL,ספארק נוזל לכלים 1,יחידה,0.00,יחידה,false,,10.90,0.0000,true,1,11585
7290108352368,false,תוסף לחיטוי כביסה 99.9% סנו מקסימה 3 ל',סנו מקסימה,IL,סנו מקסימה תוסף לחיט,ליטרים,3.00,ליטר,false,,29.90,9.9667,true,1,23017
7290108352450,false,ריצפז פרש הום בניחוח מרכך כביסה בלו בלוסום,סנו מפעלי ברונוס בעמ,IL,ריצפז פרש הום בניחוח,ליטרים,2.00,ליטר,false,,19.90,9.9500,true,1,11601
7290108352566,false,מרכך כביסה בבישום עוצמתי 4 ל' סנו מקסינה,"סנו מפעלי ברונוס בע""",IL,מרכך JOY בבישום עוצמ,ליטרים,4.00,ליטר,false,,21.90,5.4750,true,1,23025
7290108352689,false,סנו סושי כריות קרצוף ללכלוך קשה 9 יח',טרופיקל דגיל תעשיות,US,כריות קרצוף ללכלוך ק,יחידה,0.00,יחידה,false,,9.50,0.0000,true,1,11609
7290108352702,false,מגבוני טואלט לחים סנו סופט בוב ספוג שלישיה,סנו סופט Soft,IL,שלישיית מגבוני טואלט,יחידה,0.00,יחידה,false,,14.90,0.0000,true,1,11611
7290108352795,false,שקיות סנו סושי M זיפר 50 יח,סנו סושי,IL,סנו סושי שקיות זיפר,יחידה,0.00,יחידה,false,,9.90,0.0000,true,1,11613
7290108352825,false,ספוג הפלא נירוסטה סנו סושי 3יח',s.k.a.t ltdסנו מפעלי,CN,סנו סושי-ספוג הפלא נ,,3.00,יח',false,,9.90,3.3000,true,1,11616
7290108352849,false,שלישיית מטליות הפלא לניקוי כללי דקור סנו סושי,טרופיקל דגיל תעשיות,IL,סנו סושי מטלית הפלא,יחידה,0.00,יחידה,false,,14.90,0.0000,true,1,11618
7290108352863,false,סנו סושי שקיות צלייה 20יח' מידה L,מיוצר עי קונדיטוריית,TR,סנו סושי-20 שקיות צל,יחידה,0.00,יחידה,false,,7.90,0.0000,true,1,11619
7290108353006,false,שקיות מזון נקשרות סנו סושי 250 יח',מיוצר עי קונדיטוריית,IL,סנו סושי 250 שקיות א,יחידה,0.00,יחידה,false,,11.90,0.0000,true,1,11633
7290108353068,false,ספוג הפלא נירוסטה עם סיבי קירצוף סנו סושי 2 יח',מיוצר עי קונדיטוריית,IL,סנו סושי-כרית קרצוף,,3.00,יח',false,,9.90,3.3000,true,1,11639
7290108353372,false,צמד מברשת שיניים 12000פחם סיבים אורביטול,סנו,IL,אורביטול מברשת שיניי,יחידה,0.00,יחידה,false,,30.90,0.0000,true,1,23027
7290108353440,false,צמד מברשת שיניים 12000 סיבים אורביטול,"ב.א מזון בע""מ",CN,צמד מברשות שיניים 1,יחידה,0.00,יחידה,false,,29.90,0.0000,true,1,23029
7290108353501,false,סנו סושי שקיות אשפה עם ידיות 25 יח' XXL,טרופיקל דגיל תעשיות,IL,שקיות אשפה עם ידיות,יחידה,0.00,יחידה,false,,19.90,0.0000,true,1,11653
7290108353518,false,"תבניות אלומיניום עם ידיות אחיזה 34*29 ס""מ",קריניסה ויטמין אס אי,CN,סנו סושי 2 תבניות אל,יחידה,0.00,יחידה,false,,10.90,0.0000,true,1,11654
7290108353525,false,תבניות אלומיניום סנו סושי+ידית 4 יח L,קריניסה ויטמין אס אי,CN,סנו סושי 4 תבניות אל,יחידה,0.00,יחידה,false,,10.90,0.0000,true,1,11655
7290108353532,false,"שקיות אשפה נשלפות עם שרוך 65*54 ס""מ L",סנו סושי,IL,שקיות אשפה בגליל סנו,יחידה,0.00,יחידה,false,,29.90,0.0000,true,1,11656
7290108353556,false,נייר טואלט סופט שלוש שכבות 32 גלילים סנו,טרופיקל דגיל תעשיות,IL,נייר טואלט סנו סופט,יחידה,0.00,יחידה,false,,44.90,0.0000,true,1,11658
7290108353716,false,"קרמה - תחליב רחצה חימר פיטאיה 500 מ""ל",קרמה Crema,IL,תחליב רחצה חימר פיטא,,500.00,"100 מ""ל",false,,9.90,0.0198,true,1,23032
7290108353730,false,"קרמה - תחליב רחצה חימר אוכמניות כחולות 500 מ""ל",קרמה,IL,תחליב רחצה חימר אוכמ,,500.00,"100 מ""ל",false,,9.90,0.0198,true,1,23034
7290108353785,false,תחליב רחצה נקה 7 מרוקו בניחוח טונקה 750,"אמיליה קוסמטיקס בע""מ",IL,תחליב רחצה מרוקו טונ,,750.00,"100 מ""ל",false,,9.90,0.0132,true,1,11669
7290108353792,false,"תחליב רחצה נקה יפן פריחת הדובדבנים 750 מ""ל","אמיליה קוסמטיקס בע""מ",IL,תחליב רחצה יפן פריחת,,750.00,"100 מ""ל",false,,9.90,0.0132,true,1,11670
7290108353891,false,"קרמה - דאודורנט רול און לאישה קרמה מאסק 75 מ""ל","קוסמופארם בע""מ",IL,דאודורנט רול און מאס,,75.00,"100 מ""ל",false,,12.90,0.1720,true,1,11673
7290108353990,false,"קרמה - קרם גוף קרמה מאסק 500 מ""ל",טרופיקל דגיל תעשיות,IL,קרם גוף קרמה מאסק 50,,500.00,"100 מ""ל",false,,19.90,0.0398,true,1,11676
7290108354263,false,אורביטול - משחת שיניים 6+ חד קרן 70 גרם,טרופיקל דגיל קוסמטיק,IL,משחת שיניים אורביטול,,70.00,100 גרם,false,,7.90,0.1129,true,1,23043
7290108354430,false,"שמפו כיף לשיקום והזנה שמן קוקוס וקרטין 700 מ""ל",קוסמופארם בעמ,IL,שמפו כיף לשיקום והזנ,,700.00,"100 מ""ל",false,,11.90,0.0170,true,1,23047
7290108354461,false,"שמפו קרליין 10 חימר 700 מ""ל",,,שמפו קרליין 10 חימר,,700.00,"100 מ""ל",false,,12.90,0.0184,true,1,68202
7290108354478,false,קרוליין 10 מרכך חימר 700 מל,,IL,מרכך קרליין 10 חימר,,700.00,"100 מ""ל",false,,12.90,0.0184,true,1,68203
7290108354485,false,"קרליין - מרכך 10 שמן ארגן 700 מ""ל",סנו,IL,מרכך לשיער ארגן קר,,700.00,"100 מ""ל",false,,12.90,0.0184,true,1,23049
7290108354492,false,"קרליין - שמפו 10 שמן ארגן 700 מ""ל",קרליין Careline,IL,שמפו לשיער רגיל קרלי,,700.00,"100 מ""ל",false,,12.90,0.0184,true,1,23050
7290108354591,false,"תחליב רחצה בניחוח מי קקטוס ושמן באבאסו 750 מ""ל נקה 7","אמיליה קוסמטיקס בע""מ",IL,תחליב רחצה ביו נקה,,750.00,"100 מ""ל",false,,9.90,0.0132,true,1,23052
7290108354829,false,"קרמה - קרם ידיים ורד הוניל 100 מ""ל",קוסמופארם,IL,קרם ידיים קרמה ורד ו,,100.00,"100 מ""ל",false,,9.90,0.0990,true,1,11684
7290108355000,false,"שמפו מיניונים לילדים נקה 7 750 מ""ל",נקה 7,IL,שמפו מיניונים נקה 7,,750.00,"100 מ""ל",false,,10.90,0.0145,true,1,11695
7290108355031,false,"נקה 7 אל סבון לילדים מיניונים 750 מ""ל",נקה 7,IL,אל סבון מיניונים נקה,,750.00,"100 מ""ל",false,,10.90,0.0145,true,1,11697
7290108355062,false,לחו.לשיער מקצועי קרטין נטורל פורמולה 400,קוסמופארם,IL,לחות מקצועית עם קרטי,,400.00,"100 מ""ל",false,,29.90,0.0747,true,1,11699
7290108355147,false,"תחליב רחצה נקה 7שמני רחצה 750 מ""ל","אמיליה קוסמטיקס בע""מ",IL,תחליב רחצה שמני הזנה,,750.00,"100 מ""ל",false,,9.90,0.0132,true,1,11705
7290108355260,false,"נקה 7-שמפו 3ב1 שמפו ג'ל רחצה וסבון פנים לגבר 750 מ""ל","אמיליה קוסמטיקס בע""מ",IL,שמפו ג'ל רחצה וסבון,,750.00,"100 מ""ל",false,,10.90,0.0145,true,1,11713
7290108356113,false,"כיף תחליב רחצה דבש 700 מ""ל-מרכז",קוסמופארם בעמ,IL,תחליב רחצה דבש כיף 7,,700.00,"100 מ""ל",false,,10.90,0.0156,true,1,11753
7290108356137,false,"כיף - תחליב רחצה לבנדר 700 מ""ל",קוסמופארם,IL,תחליב רחצה לבנדר כיף,,700.00,"100 מ""ל",false,,10.90,0.0156,true,1,11755
7290108356151,false,"תחליב רחצה כיף מאסק יסמין 700 מ""ל",גוד פוד פרודקטס S.p,IL,תחליב רחצה מאסק יסמי,,700.00,"100 מ""ל",false,,10.90,0.0156,true,1,11757
7290108356229,false,ג'ל גילוח לכל סוגי העור מועשר בפחם פעיל,טרופיקל דגיל תעשיות,TR,גל גילוח קרמה מן קרב,,200.00,"100 מ""ל",false,,13.90,0.0695,true,1,11762
7290108356298,false,"כיף - מוס רחצה בניחוח קרם עוגיות 150 מ""ל",כיף,IL,מוס רחצה בניחוח קרם,,200.00,"100 מ""ל",false,,9.90,0.0495,true,1,23068
7290108356519,false,קרליין שמפו 10למניעת קשקשים 700מל,קרליין Careline,IL,שמפו לשיער בתוספת שמ,,700.00,"100 מ""ל",false,,12.90,0.0184,true,1,23074
7290108356526,false,"קרליין - שמפו 10 לשיער יבש 700 מ""ל",קרליין Careline,IL,שמפו לשיער יבש קרליי,,700.00,"100 מ""ל",false,,12.90,0.0184,true,1,23075
7290108356533,false,קרוליין 10 שמפו לשיער מתולתל 700 מל,קרליין Careline,IL,שמפו לשיער מתולתל קר,,700.00,"100 מ""ל",false,,12.90,0.0184,true,1,23076
7290108356557,false,"שמפו 10 לשיער למניעת קשקשים 700 מ""ל קרליין",קרליין Careline,IL,שמפו למניעת קשקשים ק,,700.00,"100 מ""ל",false,,12.90,0.0184,true,1,23078
7290108356571,false,"קרליין - מרכך 10 לשיער יבש 700 מ""ל",קרליין Careline,IL,מרכך לשיער יבש קרליי,,700.00,"100 מ""ל",false,,12.90,0.0184,true,1,23080
7290108356588,false,קרוליין 10 מרכך לשיער מתולתל 700 מל,קרליין Careline,IL,מרכך לשיער מתולתל קר,,700.00,"100 מ""ל",false,,12.90,0.0184,true,1,23081
7290108357080,false,"קרליין - נושם ביו דאודורנט ספריי 150 מ""ל Secret Garden לאישה",קרליין Careline,IL,דיאודורנט ספריי בניח,,150.00,"100 מ""ל",false,,9.90,0.0660,true,1,23090
7290108357097,false,"קרליין - נושם ביו דאודורנט ספריי 150 מ""ל Velvet Rose לאישה",קרליין Careline,IL,דיאודורנט ספריי בניח,,150.00,"100 מ""ל",false,,9.90,0.0660,true,1,23091
7290108357288,false,אקונומיקה ז'אוול בניחוח פריחה לבנה 4 ל' סנו,סנו ז'אוול Javel,IL,סנו ז'אוול בניחוח פר,ליטרים,4.00,ליטר,false,,16.90,4.2250,true,1,23101
7290108357660,false,סבון ג'ל לאסלה בניחוח לבנדר 3 יח' סנו,,,סנובון סבון ג'ל לאסל,,315.00,100 גרם,false,,16.90,0.0537,true,1,60289
7290108357714,false,"כיף שמפו לשיער יבש -רימונים ושמן ארגן 700 מ""ל",גוד פוד פרודקטס S.p,IL,שמפו לשיער יבש רימונ,,700.00,"100 מ""ל",false,,11.90,0.0170,true,1,11776
7290108357745,false,שמפו ומרכך 2 ב-1 תאנה ומנטה לכל סוגי השיער,גוד פוד פרודקטס S.p,IL,שמפו ומרכך תאנה ומנט,,700.00,"100 מ""ל",false,,11.90,0.0170,true,1,11778
7290108357776,false,"כיף מרכך לשיער יבש -רימונים ושמן ארגן 700 מ""ל",גוד פוד פרודקטס S.p,IL,מרכך לשיער יבש רימונ,,700.00,"100 מ""ל",false,,11.90,0.0170,true,1,11781
7290108357837,false,שקית מילוי אל סבון בניחוח אצות ים 1 ל' כיף,סנו,IL,אל סבון כיף שקית מיל,ליטרים,1.00,ליטר,false,,7.90,7.9000,true,1,23109
7290108357844,false,שקית מילוי אל סבון בניחוח גינסנג 1 ל' כיף,סנו,IL,אל סבון כיף שקית מיל,ליטרים,1.00,ליטר,false,,7.90,7.9000,true,1,23110
7290108357868,false,"כיף - ג'ל רחצה אליקסיר אויל מועשר בשמן מקדמיה 700 מ""ל",קוסמופארם,IL,ג'ל רחצה מועשר בשמן,,700.00,"100 מ""ל",false,,12.90,0.0184,true,1,23112
7290108357875,false,"כיף - שמפו לחות מוגברת עם אפרסק וחמאת מורומורו 700 מ""ל",קוסמופארם,IL,שמפו לחות מוגברת אפר,,700.00,"100 מ""ל",false,,11.90,0.0170,true,1,23113
7290108357882,false,"כיף - מרכך לחות מוגברת עם אפרסק וחמאת מורומורו 700 מ""ל",קוסמופארם,IL,מרכך לחות מוגברת אפר,,700.00,"100 מ""ל",false,,11.90,0.0170,true,1,23114
7290108358087,false,"תחליב רחצה קרמה מאסק 700 מ""ל",גוד פוד פרודקטס S.p,IL,קרמה תחליב רחצה מאסק,,700.00,"100 מ""ל",false,,15.90,0.0227,true,1,11784
7290108358124,false,דפי בישום לחים למייבש הכביסה בניחוח מרכך כביסה 20 יח' מקסימה,סנו,IL,דפי בישום לחים למייב,יחידה,0.00,יחידה,false,,12.90,0.0000,true,1,60257
7290108359039,false,שקיות אשפה עם ידיות סנו סושי לפחים 30 יחידות,סנאט גרופ,IL,שקיות אשפה לפח גבוהה,,100.00,יח',false,,20.00,0.2000,true,1,23120
7290108359060,false,סנו סושי כריות הפלא רב תכלתיות *4 לשבת,סנו,IL,כריות ניקוי לשבת 4 י,יחידה,0.00,יחידה,false,,9.90,0.0000,true,1,23122
7290108359114,false,סושי חמגשית אלומיניום עם מכסה,סנו,IL,סנו סושי חמגשית אלומ,יחידה,0.00,יחידה,false,,9.90,0.0000,true,1,23124
7290108359183,false,שקית אשפה חזקות 70*50 60 יח' סנו סושי,סנו,IL,שקיות אשפה L עם ידי,יחידה,0.00,יחידה,false,,17.90,0.0000,true,1,47040
7290108359190,false,סושי מגבת הפלא 4 יח' = 12 גליל ארוך פי 3,סנו,IL,סנו סושי מגבות הפלא,יחידה,0.00,יחידה,false,,24.90,0.0000,true,1,63944
7290108359879,false,"אלסבון בייבי כיף+משאבה 750 מ""ל",קוסמופארם בעמ,IL,אלסבון HYDROMOIST ב,,750.00,"100 מ""ל",false,,14.90,0.0199,true,1,11790
7290108359886,false,תחליב רחצה בייבי כיף 1 ליטר,בייבי כיף Baby,IL,תחליב רחצה HYDROMOIS,ליטרים,1.00,ליטר,false,,18.90,18.9000,true,1,11791
7290108359985,false,סנו - ז'אוול מרסס קצף לניקוי וחינו בניחוח פריחה לבנה 1 ליטר,סנו ז'אוול Javel,IL,אקונומיקה מרסס עם ממ,ליטרים,1.00,ליטר,false,,17.90,17.9000,true,1,23127
7290108500677,false,כבד דג שיבוט מעושן בשמן הדג,"איטיליאן פוד, אס.פי.",IS,כבד דג שיבוט בשמן וי,,115.00,100 גרם,false,,7.90,0.0687,true,1,1319
7290108501353,false,פילה אנשובי אמיתי ארוך בשמן וילי פוד 45,קונסרבאס פרדו,ES,פילה אנשובי ארוך בשמ,,45.00,100 גרם,false,,6.90,0.1533,true,1,1321
7290108502381,false,בסיסים להכנת פיצה קוטר 26 וילי פוד 480ג',מוטלוקל גידה סאנאי ט,TR,תחתיות לפיצה קוטר 26,יחידה,0.00,יחידה,false,,8.90,0.0000,true,1,1341
7290108503043,false,תפוחונים חטיף פלחים מיובשים מארז 22X4ג',ינטאי זונגקאן פוד קו,CN,מארז רביעייה תפוחוני,,88.00,100 גרם,false,,14.90,0.1693,true,1,1359
7290108503791,false,ניוקי תפוח אדמה 3 צבעים 500 גרם (ללא גלוטן),סיימה אלימנטרי,IT,ניוקי תפוחי אדמה 3 צ,,500.00,100 גרם,false,,11.90,0.0238,true,1,18962
7290108504699,false,נתחי טונה בשמן קנולה רביעיה * 160 ג' וילי פוד,גולדן פרייז,TH,נתחי טונה בשמן קנולה,,640.00,100 גרם,false,,19.90,0.0311,true,1,1396
7290108504934,false,"דפי אורז למילוי 22 ס""מ 300 גרם בית יוסף",וילי פוד - מנת השף,,דפי אורז למילוי קוטר,,300.00,100 גרם,false,,10.90,0.0363,true,1,18964
7290108505153,false,יוגורט בטעם טבעי 2% שומן 150 ג',Euro יורו מחלבות אירופה,GR,יוגורט יווני בטעם טב,,150.00,100 גרם,false,,5.20,0.0347,true,1,1400
7290108505177,false,יוגורט עם אננס 150 גרם 0% שומן,Euro יורו מחלבות אירופה,GR,יוגורט יווני עם אננס,,150.00,100 גרם,false,,5.20,0.0347,true,1,1402
7290108505184,false,יוגורט עם קוקוס 5% שומן 150 גרם,Euro יורו מחלבות אירופה,GR,יוגורט יווני עם קוקו,,150.00,100 גרם,false,,5.20,0.0347,true,1,1403
7290108505191,false,יוגורט עם פצפוצי שוקולד 5% שומן 150 גרם,Euro יורו מחלבות אירופה,GR,י.יווני עם פצפוצי שו,,150.00,100 גרם,false,,5.20,0.0347,true,1,1404
7290108505207,false,יוגורט ען אוכמניות 0% שומן 150 גרם,Euro יורו מחלבות אירופה,GR,יוגורט יווני עם אוכמ,,150.00,100 גרם,false,,5.20,0.0347,true,1,1405
7290108505719,false,גבינת מוצרלה מגורדת 25% שומן 200גר,יורו צ'יז Euro Cheese,TR,גבינת מוצרלה מגורדת,,200.00,100 גרם,false,,14.90,0.0745,true,1,1408
7290108506495,false,"כנאפה מאפה בצק ""שערות"" קדאיף וגבינה",ארמה גרופ,TR,כנאפה קפוא 192.5 גרם,,192.50,100 גרם,false,,12.90,0.0670,true,1,1420
7290108506501,false,אצבעות בצק פילו ממולאות גבינה 500 ג' ויליפוד,סיהאן גידה,TR,אצבעות בצק פילו ממול,,500.00,100 גרם,false,,15.90,0.0318,true,1,18966
7290108506518,false,אצבעות בצק פילו ממולאות גבינה ותרד 500 ג' ויליפוד,סיהאן גידה,TR,אצבעות בצק פילו ממול,,500.00,100 גרם,false,,15.90,0.0318,true,1,18967
7290108506969,false,מאפה בורקס מים תורכי - גבינה 300 ג',וילי פוד,TR,מ.בורקס מים תורכי גב,,300.00,100 גרם,false,,14.90,0.0497,true,1,1429
7290108507010,false,מאפה בורקס מים תורכי תרד וגבינה 300 גרם,וילי פוד,TR,מ.בורקס מים תורכי תר,,300.00,100 גרם,false,,14.90,0.0497,true,1,1431
7290108507058,false,ביסקויט פריך בשוקולד חלב 100 גרם -קהילות,מודרן צ'יקולטה,TR,ביסקויט פריך בשוקולד,,100.00,100 גרם,false,,6.90,0.0690,true,1,18969
7290108507652,false,ביסקויט פריך בשוקולד לבן 100 גרם -קהילות,מודרן צ'יקולטה,TR,ביסקויט פריך בשוקולד,,100.00,100 גרם,false,,6.90,0.0690,true,1,18973
7290108508901,false,יוגורט עם דובדבנים ושקדים 0.6 %שומן דלתא 150 ג',Euro יורו מחלבות אירופה,GR,יוגורט עם דובדבנים ו,,150.00,100 גרם,false,,5.20,0.0347,true,1,19011
7290108509205,false,ויליפוד חטיף אורז אפוי לתינוקות טבעי 50 גרם,נמצ'או,TH,חטיף אורז אפוי לתינו,,50.00,100 גרם,false,,11.90,0.2380,true,1,19024
7290108509250,false,"אנטיפסטי ארטישוק+עגבניות מיובשות וצלפים בשמן חמניות 380 מ""ל",,,אנטיפסטי ארטישוק עג,,580.00,100 גרם,false,,24.90,0.0429,true,1,19027
7290108509359,false,פופקורן בציפוי בטעם קרמל 90 ג' ויליפוד,סנרו ס.א,UA,פופקורן בציפוי בטעם,,90.00,100 גרם,false,,7.90,0.0878,true,1,19030
7290108509755,false,גבינה חלומי 250 גרם 23% שומן,,קפריסין,גבינת חלומי יורו 25,,250.00,100 גרם,false,,24.90,0.0996,true,1,63700
7290109351025,false,מלך החומוס חומוסטחינה 40% טחינה גולמית,סלטי צבר,IL,מלך החומוס חומוס טחי,,400.00,100 גרם,false,,13.90,0.0348,true,1,7423
7290109351971,false,פריכיות דגנים פיטנס מצופות שוקולד חלב,נסטלה Nestle,IL,בר פריכיות שוקולד חל,,84.00,100 גרם,false,,11.90,0.1417,true,1,7425
7290109352916,false,פריכיות דגנים פיטנס מצופות שוקולד לבן,נסטלה Nestle,IL,בר פריכיות שוקולד לב,,84.00,100 גרם,false,,11.90,0.1417,true,1,7426
7290109354972,false,אוסם - פתי בר וניל חלבי ללא גלוטן 200 גרם,מיוצר עי קונדיטוריית,IL,אסם פתי בר ללא גלוטן,,200.00,100 גרם,false,,9.90,0.0495,true,1,6993
7290109354996,false,פתי בר ללא גלוטן שוקו 200 גרם אסם,מיוצר עי קונדיטוריית,IL,אסם פתי בר ללא גלוטן,,200.00,100 גרם,false,,9.90,0.0495,true,1,6994
7290109358765,false,דגני בוקר קראנץ' רולס נוגט 450 גרם,"אסם השקעות בע""מ",IL,דגני קראנץ' רולס נוג,,450.00,100 גרם,false,,19.90,0.0442,true,1,7006
7290109580043,false,"שניצל תירס קלאסי זוגלובק 1.75 ק""ג",זוגלובק,IL,זוגלובק שניצל תירס 1,קילוגרמים,1.75,"ק""ג",false,,49.90,28.5143,true,1,13844
7290109580104,false,רוסביף פרימיום 150 גרם זוגלובק,זוגלובק,IL,רוסטביף זוגלובק פרמי,,150.00,100 גרם,false,,19.90,0.1327,true,1,25284
7290109920146,false,"דורגול מסיר אבנית מקומקומים 750 מ""ל",דורינג,,דורגול מסיר אבן לקומ,,750.00,"100 מ""ל",false,,19.90,0.0265,true,1,4240
7290109921853,false,אסטוניש המשחה המקורית לניקוי עם עוצמה,יעקבי- אסטוניש Astonish,GB,המשחה המקורית לניקוי,,150.00,100 גרם,false,,14.90,0.0993,true,1,20177
7290109923048,false,"אסטוניש - מרסס פרמיום ארומטיק לכל הבית 750 מ""ל",אסטוניש,GB,אסטוניש פרימיום ארומ,,750.00,"100 מ""ל",false,,12.90,0.0172,true,1,20180
7290109923147,false,אסטוניש מהדורה פרימיום פלא של אקונומיקה,יעקבי- אסטוניש Astonish,GB,אסטוניש מרסס פלא של,,750.00,"100 מ""ל",false,,12.90,0.0172,true,1,20182
7290110058814,false,ביצי שוקולד סמיילי שלישייה,זאיני,IT,שלישיית ביצי שוקולד,,60.00,100 גרם,false,,12.90,0.2150,true,1,12290
7290110110451,false,"פריגת צלול ענבים 500 מ""ל",מבשלות בירה בינלאומי,IL,פריגת צלול ענבים 500,,500.00,"100 מ""ל",false,,6.00,0.0120,true,1,2699
7290110110475,false,"פריגת צלול אננס מ""ל 500 מ""ל",מבשלות בירה בינלאומי,IL,פריגת צלול אננס 500,,500.00,"100 מ""ל",false,,6.00,0.0120,true,1,2701
7290110110574,false,"קוקה קולה זירו לימון פחית 330 מ""ל",החברה המרכזית לייצור,IL,פחית סליק קולה ZERO,,330.00,"100 מ""ל",false,,5.00,0.0152,true,1,2702
7290110110659,false,"ספרייט לימון ליים פחית 330מ""ל",החברה המרכזית לייצור,IL,סליק ספרייט חדש 330,,330.00,"100 מ""ל",false,,5.00,0.0152,true,1,2704
7290110111809,false,"מארז פחיות פאנטה אורנג' שישייה 330 מ""ל",החברה המרכזית לייצור,IL,פאנטה אורנג' שישייה,ליטרים,1.98,ליטר,false,,22.00,11.1111,true,1,2710
7290110114794,false,נביעות + אפרסק 1.5 ליטר פיקדון,"נביעות טבע הגליל בע""",IL,נביעות + אפרסק 1.5 ל,ליטרים,1.50,ליטר,false,,8.00,5.3333,true,1,19587
7290110114800,false,נביעות פלוס בטעם ענבים 1.5 ליטר-,"נביעות טבע הגליל בע""",IL,נביעות + ענבים 1.5 ל,ליטרים,1.50,ליטר,false,,8.00,5.3333,true,1,19588
7290110114855,false,"נביעות מים מינרליים, שישיה 6 * 1.5 ליטר פקדון",נביעות טבע הגליל בעמ,IL,מי נביעות שישייה 1.5,ליטרים,9.00,ליטר,false,,12.50,1.3889,true,1,19591
7290110114893,false,פריגת סחוט טרי תפוז 2 ליטר,פריגת מצוננים,IL,פריגת סחוט תפוזים 2,ליטרים,2.00,ליטר,false,,23.80,11.9000,true,1,19492
7290110114954,false,מיץ תפוזים מתקתקים 100% 2 ל' פריגת,"גת,גבעת חיים",IL,מיץ תפוזים מתקתק 100,ליטרים,2.00,ליטר,false,,21.90,10.9500,true,1,19494
7290110114961,false,מיץ בטעם תפוזים 1.5ל' פריגת,מבשלות בירה בינלאומי,IL,פריגת תפוזים 1.5 ליט,ליטרים,1.50,ליטר,false,,8.80,5.8667,true,1,19592
7290110114985,false,פריגת אשכולית 1.5 ליטר פיקדון,מבשלות בירה בינלאומי,IL,פריגת אשכולית 1.5 לי,ליטרים,1.50,ליטר,false,,8.80,5.8667,true,1,19594
7290110114992,false,פריגת light אשכולית 1.5 ליטר פיקדון,מבשלות בירה בינלאומי,IL,פריגת דיאט אשכולית 1,ליטרים,1.50,ליטר,false,,8.30,5.5333,true,1,19595
7290110115005,false,פריגת ענבים 1.5 ליטר פיקדון,מבשלות בירה בינלאומי,IL,פריגת ענבים 1.5 ליטר,ליטרים,1.50,ליטר,false,,8.80,5.8667,true,1,19596
7290110115012,false,מיץ ענבים בניחוח מרלו 1.5 ל' פריגת,פריגת,IL,פריגת ענבים בניחוח מ,ליטרים,1.50,ליטר,false,,8.80,5.8667,true,1,19597
7290110115029,false,"פריגת משק""ל תפוח 1.5 ליטר פיקדון",מבשלות בירה בינלאומי,IL,פריגת תפוחים 1.5 ליט,ליטרים,1.50,ליטר,false,,8.80,5.8667,true,1,19598
7290110115036,false,פריגת מנגו 1.5 ליטר פיקדון,מבשלות בירה בינלאומי,IL,פריגת מנגו 1.5 ליטר,ליטרים,1.50,ליטר,false,,8.80,5.8667,true,1,19599
7290110115043,false,פריגת לימונענע 1.5 ליטר פיקדון,מבשלות בירה בינלאומי,IL,פריגת לימונענע 1.5 ל,ליטרים,1.50,ליטר,false,,8.80,5.8667,true,1,19600
7290110115050,false,פריגת מיקס תות בננה 1.5 ליטר פיקדון,מבשלות בירה בינלאומי,IL,פריגת מיקס תות בננה,ליטרים,1.50,ליטר,false,,8.80,5.8667,true,1,19601
7290110115067,false,פריגת אפרסק 1.5 ליטר פיקדון,מבשלות בירה בינלאומי,IL,פריגת אפרסק 1.5 ליטר,ליטרים,1.50,ליטר,false,,8.80,5.8667,true,1,19602
7290110115074,false,פריגת תפוח דובדבן 1.5 ליטר פיקדון,מבשלות בירה בינלאומי,IL,פריגת דובדבן 1.5 ליט,ליטרים,1.50,ליטר,false,,8.80,5.8667,true,1,19603
7290110115098,false,פריגת צלול תפוחים 1.5 ליטר פיקדון,מבשלות בירה לישראל ב,IL,פריגת צלול תפוח 1.5,ליטרים,1.50,ליטר,false,,8.30,5.5333,true,1,19605
7290110115104,false,פריגת צלול אפרסק 1.5 ליטר פיקדון,מבשלות בירה בינלאומי,IL,פריגת צלול אפרסק 1.5,ליטרים,1.50,ליטר,false,,8.30,5.5333,true,1,19606
7290110115111,false,פריגת צלול אננס 1.5 ליטר פיקדון,מבשלות בירה לישראל ב,IL,פריגת צלול אננס 1.5,ליטרים,1.50,ליטר,false,,8.30,5.5333,true,1,19607
7290110115128,false,פריגת צלול בטעם לימונענע 1.5 ליטר פיקדון,מבשלות בירה לישראל ב,IL,פריגת צלול בטעם לימו,ליטרים,1.50,ליטר,false,,8.30,5.5333,true,1,19608
7290110115203,false,קוקה קולה 1.5 ליטר פיקדון,קוקה קולה Coca Cola,IL,קוקה קולה 1.5 ליטר,ליטרים,1.50,ליטר,false,,8.60,5.7333,true,1,19611
7290110115210,false,דיאט קוקה קולה 1.5 ליטר פיקדון,קוקה קולה Coca Cola,IL,דיאט קוקה קולה 1.5 ל,ליטרים,1.50,ליטר,false,,8.10,5.4000,true,1,19612
7290110115227,false,קוקה קולה זירו 1.5 ליטר -,קוקה קולה Coca Cola,IL,קוקה קולה זירו בקבוק,ליטרים,1.50,ליטר,false,,8.30,5.5333,true,1,19613
7290110115234,false,קוקה קולה זירו נטול 1.5 ליטר -,החברה המרכזית לייצור,IL,קולה ZERO נטול 1.5 ל,ליטרים,1.50,ליטר,false,,8.30,5.5333,true,1,19614
7290110115241,false,קוקה קולה זירו לימון 1.5 ליטר -,החברה המרכזית לייצור,IL,קולה ZERO לימון 1.5,ליטרים,1.50,ליטר,false,,8.30,5.5333,true,1,19615
7290110115265,false,ספרייט לימון ליים 1.5 ליטר-,החברה המרכזית לייצור,IL,ספרייט 1.5 ליטר LIME,ליטרים,1.50,ליטר,false,,8.80,5.8667,true,1,19617
7290110115272,false,ZERO ספרייט זירו 1.5 ליטר פיקדון,החברה המרכזית לייצור,IL,ספרייט זירו 1.5 ליטר,ליטרים,1.50,ליטר,false,,8.30,5.5333,true,1,19618
7290110115289,false,ספרייט 19 קל' לימון-נענע 1.5 ליטר פיקדון,החברה המרכזית לייצור,IL,ספרייט 19 קלוריות לי,ליטרים,1.50,ליטר,false,,8.30,5.5333,true,1,19619
7290110115296,false,פאנטה אורנג' 1.5 ליטר פיקדון,החברה המרכזית לייצור,IL,פאנטה אורנג' 1.5 ליט,ליטרים,1.50,ליטר,false,,8.80,5.8667,true,1,19620
7290110115302,false,פאנטה ZERO אורנג' 1.5 ליטר פיקדון,החברה המרכזית לייצור,IL,פאנטה זירו בטעם אורנ,ליטרים,1.50,ליטר,false,,8.30,5.5333,true,1,19621
7290110115319,false,פאנטה אקזוטיק 1.5 ליטר פיקדון,החברה המרכזית לייצור,IL,פאנטה אקזוטיק 1.5 לי,ליטרים,1.50,ליטר,false,,8.80,5.8667,true,1,19622
7290110115333,false,פאנטה תות 1.5 ליטר פיקדון,החברה המרכזית לייצור,IL,פאנטה תות 1.5 ליטר,ליטרים,1.50,ליטר,false,,8.80,5.8667,true,1,19624
7290110115357,false,קינלי סודה 1.5 ליטר פיקדון,קינלי Kinley,IL,קינלי סודה 1.5 ליטר,ליטרים,1.50,ליטר,false,,3.30,2.2000,true,1,19626
7290110115364,false,קוקה קולה שישיות 1.5 ליטר פיקדון,החברה המרכזית לייצור,IL,קוקה קולה 6*1.5 ליטר,ליטרים,9.00,ליטר,false,,49.30,5.4778,true,1,19627
7290110115388,false,ספרייט ליים שישיות 1.5 ליטר פיקדון,החברה המרכזית לייצור,IL,ספרייט 6*1.5 ליטר L,ליטרים,9.00,ליטר,false,,44.90,4.9889,true,1,19629
7290110115401,false,קינלי סודה שישייה 1.5 ליטר פיקדון,החברה המרכזית לייצור,IL,קינלי סודה 6*1.5 ליט,ליטרים,9.00,ליטר,false,,14.70,1.6333,true,1,19631
7290110115418,false,מארז שישייה קוקה קולה זירו 1.5 ל',החברה המרכזית לייצור,IL,קוקה קולה זירו שישיי,ליטרים,9.00,ליטר,false,,46.10,5.1222,true,1,19632
7290110115425,false,FUZE TEA גרין לימונענע -נענע 1.5 ליטר פיקדון,מבשלות בירה בינלאומי,IL,פיוז טי לימון נענע 1,ליטרים,1.50,ליטר,false,,8.50,5.6667,true,1,19633
7290110115449,false,אייס תה בטעם מנגו אננס 1.5ל' FUZE TEA,מבשלות בירה בינלאומי,IL,פיוז טי מנגו אננס 1.,ליטרים,1.50,ליטר,false,,9.00,6.0000,true,1,19634
7290110115456,false,"תה קר בטעם אפרסק 19 קלוריות ב- 100 מ""ל",מבשלות בירה בינלאומי,IL,פיוז טי אפרסק 19 קל,ליטרים,1.50,ליטר,false,,8.50,5.6667,true,1,19635
7290110115463,false,אייס תה בטעם אפרסק 1.5ל' FUZE TEA,מבשלות בירה בינלאומי,IL,פיוז טי אפרסק 1.5 לי,ליטרים,1.50,ליטר,false,,9.00,6.0000,true,1,19636
7290110115494,false,אייס תה בטעם ענבים 1.5ל' FUZE TEA,מבשלות בירה בינלאומי,IL,פיוז טי ענבים 1.5 לי,ליטרים,1.50,ליטר,false,,9.00,6.0000,true,1,19638
7290110115593,false,פריגת אשכוליות 40% פחות סוכר 1.5 ליטר פיקדון,מבשלות בירה בינלאומי,IL,משקה קל בטעם אשכוליו,ליטרים,1.50,ליטר,false,,8.30,5.5333,true,1,19641
7290110115616,false,FUZE tea zero גרין אננס 1.5 ליטר פיקדון,מבשלות בירה בינלאומי,IL,פיוז טי ZERO גרין אנ,ליטרים,1.50,ליטר,false,,8.50,5.6667,true,1,19643
7290110115623,false,משקה פיוז טי זירו ZERO בטעם אפרסק,מבשלות בירה בינלאומי,IL,פיוז טי ZERO בטעם אפ,ליטרים,1.50,ליטר,false,,8.50,5.6667,true,1,19644
7290110115869,false,קוקה קולה זירו 1.5 ליטר פיקדון,תות תעשיות מזון (201,IL,קוקה קולה זירו בקבוק,ליטרים,1.50,ליטר,false,,8.30,5.5333,true,1,53282
7290110115920,false,קוקה קולה מארז שישיי,,,קוקה קולה מארז שישיי,ליטרים,6.00,ליטר,false,,39.40,6.5667,true,1,19646
7290110116064,false,פאנטה ZERO פירות ירוק 1.5 ליטר פיקדון,החברה המרכזית לייצור,IL,פאנטה זירו 1.5 ליטר,ליטרים,1.50,ליטר,false,,8.30,5.5333,true,1,19650
7290110116132,false,סירופ בטעם לימון 750 מל פריגת,סירופ - גבעת חיים,IL,סירופ פריגת טעם לימו,,750.00,"100 מ""ל",false,,18.90,0.0252,true,1,19653
7290110116149,false,סירופ בטעם ענבים 750 מל פריגת,סירופ - גבעת חיים,IL,סירופ פריגת טעם ענבי,,750.00,"100 מ""ל",false,,18.90,0.0252,true,1,19654
7290110116514,false,"פריגת מיקס תות בננה 400 מ""ל",פריגת,IL,פריגת סחוט MIX תות ב,,400.00,"100 מ""ל",false,,8.90,0.0223,true,1,59781
7290110320591,false,פיראוס בולגרית מעודנת 16% 250 גר,פיראוס,IL,בולגרית 16% במרקם מע,,250.00,100 גרם,false,,21.90,0.0876,true,1,10173
7290110320850,false,פתיתים גבינה חצי קשה מגורדת 28% שומן,תנובה מרכז שיתופי לש,IL,עמק פתיתים 200 גרם,,200.00,100 גרם,false,,14.90,0.0745,true,1,10177
7290110320867,false,פתיתים גבינה חצי קשה מגורדת 28% שומן,תנובה מרכז שיתופי לש,IL,עמק פתיתים למאפים 28,,500.00,100 גרם,false,,30.50,0.0610,true,1,10178
7290110320935,false,גבינת מוצרלה תנובה 150ג' פרוסות,תנובה מרכז שיתופי לש,IL,פרוסות מוצרלה 150 גר,,150.00,100 גרם,false,,15.90,0.1060,true,1,10179
7290110321031,false,מעדן חלב GO יוגורט מועשר בחלבון טבעי 200 ג' יופלה,"תנובה, מחלבת אלון תב",IL,יופלה גו 200 גרם תנו,,200.00,100 גרם,false,,5.20,0.0260,true,1,10181
7290110321680,false,יוגורט GO בטעם תות 20 גרם חלבון בגביע,מיוצר עי קונדיטוריית,IL,יופלה גו בטעם תות 20,,200.00,100 גרם,false,,6.20,0.0310,true,1,10196
7290110321697,false,יוגורט GO בטעם אפרסק 20 גרם חלבון בגביע,מיוצר עי קונדיטוריית,IL,יופלה גו בטעם אפרסק,,200.00,"100 מ""ל",false,,6.20,0.0310,true,1,10197
7290110322014,false,טופו בטעם טבעי תנובה ALTERNATIVE,שוורצקוף& הנקל דיסלד,IL,טופו טבעי 300 גרם,,300.00,100 גרם,false,,12.40,0.0413,true,1,10205
7290110322038,false,טופו פיקנטי תנובה ALTERNATIVE,תנובה Alternative,IL,טופו פיקנטי 300 גרם,,300.00,100 גרם,false,,12.40,0.0413,true,1,10207
7290110322946,false,יופלה טיוב יוגורט במרקם חלק בטעם תות בננה כשרות רבנות 348 ג',תנובה,IL,יופלה טיוב יוגורט במ,,348.00,"100 מ""ל",false,,10.90,0.0313,true,1,10210
7290110323585,false,יופלה יוגורט עם דובדבן מופחת קלוריות 200 ג' GO,יופלה Yoplait,IL,יופלה GO לייט עם דוב,,200.00,100 גרם,false,,6.20,0.0310,true,1,10223
7290110323592,false,יופלה יוגורט עם אפרסק מופחת קלוריות 200 ג' GO,יופלה Yoplait,IL,יופלה GO לייט עם אפר,,200.00,100 גרם,false,,6.20,0.0310,true,1,10224
7290110323714,false,משקה קוקוס שקדים תנובה E אלטרנטיב,מיוצר עי קונדיטוריית,IL,תנובה משקה קוקוס שקד,יחידה,0.00,יחידה,false,,12.50,0.0000,true,1,10226
7290110324551,false,יופלה טיוב יוגורט במרקם חלק בטעם תות 348 ג',יופלה Yoplait,IL,יופלה טיוב יוגורט במ,,348.00,"100 מ""ל",false,,10.90,0.0313,true,1,10238
7290110324711,false,"ממרח סויה בסגנון גבינה טעם טבעי בד""צ",מיוצר עי קונדיטוריית,IL,ממרח סויה 9% בטעם טב,,250.00,100 גרם,false,,8.90,0.0356,true,1,10242
7290110324841,false,מעדן שקדים עם שוקולד מריר אלטרנטיב,מיוצר עי קונדיטוריית,IL,מעדן שקדים עם שוקולד,,125.00,100 גרם,false,,3.90,0.0312,true,1,10246
7290110324872,false,גבינה צהובה גלבוע 5% שומן 200 גרם,גלבוע - תנובה,IL,גלבוע גבינה פרוסה 5%,,200.00,100 גרם,false,,18.80,0.0940,true,1,10248
7290110324926,false,משקה סויה ללא תוספת סוכר E אלטרנטיב,תנובה מרכז שיתופי לש,IL,משקה סויה ללא תוספת,יחידה,0.00,יחידה,false,,10.40,0.0000,true,1,10249
7290110325169,false,פרוסות גבינת גאודה 30%,תנובה,IL,פרוסות גאודה 170 גרם,,170.00,100 גרם,false,,17.90,0.1053,true,1,10255
7290110325510,false,יופלה טיוב יוגורט במרקם חלק בטעם וניל - 348 ג',"תנובה בע""מ",IL,יופלה טיוב יוגורט במ,,348.00,"100 מ""ל",false,,10.90,0.0313,true,1,10260
7290110325619,false,משקה שיבולת שועל תנובה E אלטרנטיב,מיוצר עי קונדיטוריית,IL,תנובה משקה שיבולת שו,יחידה,0.00,יחידה,false,,12.50,0.0000,true,1,10261
7290110325893,false,משקה חלב GO מועשר בחלבון בטעם אייס קפה,מיוצר עי קונדיטוריית,IL,משקה תנובה GO אייס ק,,340.00,100 גרם,false,,7.50,0.0221,true,1,10267
7290110326173,false,יולו COOKIES שוקולדלבן בטעם קרם עוגיות+עוגיות ונטיפי שוקולד 120 ג',תנובה,IL,יולו קוקיז ש.לבן בטע,,120.00,100 גרם,false,,4.80,0.0400,true,1,31812
7290110326210,false,יופלה און טופ פצפוצים 157 גרם.,מיוצר עי קונדיטוריית,IL,יופלה און טופ פצפוצי,,157.00,100 גרם,false,,4.90,0.0312,true,1,10270
7290110326227,false,יוגורט און טופ קורנפלקס 157 ג' יופלה,מיוצר עי קונדיטוריית,IL,יופלה און טופ קורנפל,,157.00,100 גרם,false,,4.90,0.0312,true,1,10271
7290110326234,false,יוגורט און טופ כוכבים 157 ג' יופלה,מיוצר עי קונדיטוריית,IL,יופלה און טופ כוכבים,,157.00,100 גרם,false,,4.90,0.0312,true,1,10272
7290110326241,false,ייופלה און טופ גרנולה 157 גרם,מיוצר עי קונדיטוריית,IL,יופלה און טופ גרנולה,יחידה,157.00,יחידה,false,,4.90,0.0312,true,1,10273
7290110327033,false,משקה סויה גו מועשר בחלבון במתיקות מופחתת 1 ליטר,מיוצר עי קונדיטוריית,IL,משקה סויה תנובה GO מ,יחידה,0.00,יחידה,false,,12.50,0.0000,true,1,22533
7290110327514,false,משקה שיבולת שועל בטעם אגוזי לוז 1 ליטר אלטרנטיב,תנובה מרכז שיתופי לש,IL,משקה שיבולת שועל בטע,יחידה,0.00,יחידה,false,,12.50,0.0000,true,1,22544
7290110328481,false,פתיתי פרמג'יאנו רג'יאנו מחלב בקר 30%,ברטינלי גיאני א.,IT,פתיתי פרמג'יאנו רג'י,,100.00,100 גרם,false,,15.60,0.1560,true,1,22577
7290110328627,false,יוגורט יופלה GO במרקם סמיך בטעם בננה קרמל 0%,מיוצר עי קונדיטוריית,IL,יוגורט גו סמיך 0% בנ,,200.00,100 גרם,false,,6.20,0.0310,true,1,22585
7290110328641,false,טופו טבעי אלטרנטיב ז,תנובה,IL,טופו טבעי 2 יחידות,,500.00,100 גרם,false,,17.90,0.0358,true,1,22586
7290110328764,false,יוגורט יופלה GO במרקם סמיך עם תות 0%,מיוצר עי קונדיטוריית,IL,יוגורט גו סמיך 0% תו,,200.00,100 גרם,false,,6.20,0.0310,true,1,22591
7290110328788,false,יוגורט יופלה GO במרקם סמיך בטעם אפרסק 0%,תנובה מרכז שיתופי לש,IL,יוגורט גו סמיך 0% אפ,,200.00,100 גרם,false,,6.20,0.0310,true,1,22593
7290110329136,false,מעדן חלב מעושר בחלבון בטעם שוקולד 120 ג' GO,תנובה מרכז שיתופי לש,IL,מעדן חלב גו בטעם שוק,,120.00,100 גרם,false,,4.50,0.0375,true,1,22605
7290110329143,false,מעדן חלב מעושר בחלבון בטעם וניל גביע 120 ג' GO,תנובה מרכז שיתופי לש,IL,מעדן חלב גו בטעם וני,,120.00,100 גרם,false,,4.50,0.0375,true,1,22606
7290110329266,false,יוגורט תנובה מחלב עיזים מלא תנובה 140 ג',תנובה,IL,יוגורט מחלב עיזים מל,,140.00,100 גרם,false,,5.50,0.0393,true,1,22615
7290110329273,false,יוגורט תנובה מחלב עיזים מלא 750 גרם,תנובה,IL,יוגורט מחלב עיזים מל,,750.00,100 גרם,false,,20.90,0.0279,true,1,22616
7290110329303,false,פרוסות בטעם צהובה קלאסית אלטרנטיב 200 גר,תנובה Alternative,IL,פרוסות צהובה קלאסית,,200.00,100 גרם,false,,21.90,0.1095,true,1,22617
7290110329709,false,יוגורט תנובה טבעי 0% גביע 200 גרם,מיוצר עי קונדיטוריית,IL,יוגורט טבעי תנובה 0%,,200.00,100 גרם,false,,3.00,0.0150,true,1,22632
7290110329716,false,משקה קפה קר בטעם קפוצ'ינו 230 ג' תנובה,תנובה מרכז שיתופי לש,IL,קפה קר בטעם קפוצ'ינו,,230.00,"100 מ""ל",false,,6.90,0.0300,true,1,22633
7290110329723,false,משקה קפה קר בטעם לאטה 230 ג' תנובה,תנובה מרכז שיתופי לש,IL,קפה קר בטעם לאטה תנו,,230.00,"100 מ""ל",false,,6.90,0.0300,true,1,22634
7290110329730,false,"משקה חלב עם שוקולד וקפה בסגנון לאטה 2.7%  230 מ""ל תנובה",תנובה מרכז שיתופי לש,IL,קפה קר בטעם לאטה שוק,,230.00,"100 מ""ל",false,,6.90,0.0300,true,1,22635
7290110329792,false,יוגורט סויה BIO Alternative אפרסק 150 ג' תנובה,מיוצר עי קונדיטוריית,IL,סויה BIO אפרסק גביע,,150.00,100 גרם,false,,4.40,0.0293,true,1,22636
7290110329808,false,יוגורט סויה BIO Alternative תות 150 ג' תנובה,מיוצר עי קונדיטוריית,IL,סויה BIO תות גביע 15,,150.00,100 גרם,false,,4.40,0.0293,true,1,22637
7290110329815,false,סויה BIO מתיקות מעודנת גביע 150 גרם אלטרנטיב,מיוצר עי קונדיטוריית,IL,סויה BIO מתיקות מעוד,,150.00,100 גרם,false,,4.40,0.0293,true,1,22638
7290110329822,false,יוגורט סויה BIO Alternative פירות יער 150 ג' תנובה,מיוצר עי קונדיטוריית,IL,סויה BIO פירות יער ג,,150.00,100 גרם,false,,4.40,0.0293,true,1,22639
7290110329846,false,יוגורט סויה BIO Alternative בטעם טבעי 150 ג' תנובה,תנובה Alternative,IL,סויה BIO טבעי גביע 1,,150.00,100 גרם,false,,4.40,0.0293,true,1,22641
7290110550363,false,פריכיות משולשות קינואה ומלח ים 65 גרם,שטראוס גרופ,IL,משולש קינואה ומלח ים,,65.00,100 גרם,false,,9.90,0.1523,true,1,21897
7290110550394,false,PERFECT BITE שוקולד חלב במילוי קרם ושברי אגוזי לוז 234 גרם,"שטראוס גרופ בע""מ",IL,מיני חטיפי שוקולד PE,,234.00,100 גרם,false,,19.90,0.0850,true,1,21898
7290110551254,false,נשנושי תירס 600 גרם,"גילד אנטרפריזס בע""מ",IL,נשנושי תירס 600 גרם,,600.00,100 גרם,false,,15.90,0.0265,true,1,34522
7290110552121,false,יוגורט בתוספת סידן וויטמין ד 100 ג' דנונה,תנובה מרכז שיתופי לש,IL,היוגורט הראשון שלי 5,,100.00,100 גרם,false,,2.30,0.0230,true,1,22132
7290110552237,false,יוגורט פרו בטעם אפרסק מנגו ללא סוכר 200 ג' דנונה,"שטראוס בריאות בע""מ",IL,דנונה PRO 20 גרם חלב,,200.00,100 גרם,false,,6.20,0.0310,true,1,22134
7290110553029,false,"אנרג'י קריספס-פריכיות חומוס, עדשים ואפונה עם קייל וסלק","פרח תעשיו מזון בע""מ",IL,פריכיות חלבון קייל ח,,60.00,100 גרם,false,,9.90,0.1650,true,1,21916
7290110553135,false,נסקפה קפוצ'ינו סטיק וניל 130 ג' עלית,שטראוס,IL,נמס קפוצינו -אבקה לה,,130.00,100 גרם,false,,16.90,0.1300,true,1,58671
7290110553173,false,אנרג'י - פריכיות בטעם קרמל 40 גרם,סאנורייס בלגיום,IL,פריכיות אורז בטעם קר,,40.00,100 גרם,false,,6.90,0.1725,true,1,51902
7290110553180,false,אנרג'י - פריכיות בטעם תפוח קינמון 40 גרם,סאנורייס בלגיום,IL,פריכיות עם תפוח וקינ,,40.00,100 גרם,false,,6.90,0.1725,true,1,51903
7290110554262,false,חלבית מלבין קפה חלבי 350 ג' עלית,עלית,,מלבין קפה חלבי 350 ג,,350.00,100 גרם,false,,17.90,0.0511,true,1,21926
7290110554422,false,פומודורו רוטב עגבניות ופלפלים לשקשוקה 350 גרם,אמיליאנה קונסרב,IT,רוטב עגבניות ופלפלים,,350.00,100 גרם,false,,11.90,0.0340,true,1,21927
7290110554583,false,מארז חטיפי צ'יטוס פאפס בטעם גבינה - 10 יחידות,שטראוס פריטו ליי (מל,IL,מארז צ'יטוס PUFFS בט,,200.00,100 גרם,false,,14.10,0.0705,true,1,22310
7290110555078,false,לאבנה עם שמן זית ועשבי תיבול 250 גרם,"מחלבות בר בכפר בע""מ",IL,לאבנה עם עשבי תיבול,,250.00,100 גרם,false,,10.40,0.0416,true,1,22141
7290110555092,false,לאבנה עם שמן זית וצ'ילי 250 גרם,"מחלבות בר בכפר בע""מ",IL,לאבנה עם שמן זית וצ',,250.00,100 גרם,false,,10.40,0.0416,true,1,22142
7290110555306,false,רבע לשבע טבעוני סינמון באן 25ג' עלית,הגביע מוצרי וופלים ב,IL,רבע לשבע טבעוני סינמ,,120.00,100 גרם,false,,9.80,0.0817,true,1,21935
7290110555665,false,אבקת קקאו דל שומן 220 גרם עלית,גיאלוסיס,GR,אבקת קקאו דל שומן 22,,220.00,100 גרם,false,,18.90,0.0859,true,1,58781
7290110556242,false,"שוקולד מריר פרווה 100 גר' בד""ץ תוצרת חוץ","שטראוס גרופ בע""מ.",IL,שוקולד מריר מעולה 10,,100.00,100 גרם,false,,5.20,0.0520,true,1,34307
7290110557027,false,חומוס עשיר 50% טחינה גולמית 400 ג' אחלה,מיוצר עי קונדיטוריית,IL,חומוס הסדרה עשיר ב50,,400.00,100 גרם,false,,12.90,0.0323,true,1,22147
7290110557102,false,מעדן חלב עם שוקולד מועשר בחלבון 150 ג' שטראוס,מיוצר עי קונדיטוריית,IL,מעדן פרו חלב עם שוקו,,150.00,100 גרם,false,,5.20,0.0347,true,1,22148
7290110557133,false,מעדן הגולן וניל 125 ג' שטראוס,מיוצר עי קונדיטוריית,IL,מעדן הגולן מעדן חלב,,125.00,100 גרם,false,,3.10,0.0248,true,1,22151
7290110557317,false,יוגורט בתוספת סידן וויטמין ד עם שיבולת שועל 100 ג' דנונה,תנובה מרכז שיתופי לש,IL,היוגורט הראשון שלי ש,,100.00,100 גרם,false,,2.30,0.0230,true,1,22152
7290110557478,false,חומוס גלילי במרקם מעודן 600 גרם,שטראוס גרופ,IL,חומוס גלילי אחלה 60,,600.00,100 גרם,false,,12.90,0.0215,true,1,22157
7290110558154,false,דנונה לייט אנד פרי עוגת תפוחים 150ג דנונה,"שטראוס בריאות בע""מ",IL,דנונה לייט אנד פרי ת,,150.00,100 גרם,false,,4.50,0.0300,true,1,22166
7290110558215,false,"דנונה קראנצ`פיסטוק עם פיצפוץ לבן קראנצי פיסטוק, 173 גרם","שטראוס בריאות בע""מ",IL,דנונה קראנצ' בטעם פי,,173.00,100 גרם,false,,4.50,0.0260,true,1,36054
7290110558222,false,"וואו יוגורט עם שכבה בטעם בנופי פאי 5.4%, 150ג דנונה","שטראוס בריאות בע""מ",IL,WOW יוגורט בטעם בנופ,,150.00,100 גרם,false,,4.80,0.0320,true,1,22169
7290110558253,false,"דנונה ריפרש בננה אננס וצ`יה, 250 גרם","שטראוס בריאות בע""מ",IL,יוגורט עם אננס בננה,,250.00,100 גרם,false,,5.50,0.0220,true,1,22171
7290110558284,false,יוגורט ביו מולטי 200 ג' דנונה,"שטראוס בריאות בע""מ",IL,דנונה מולטי 3% שומן,,200.00,"100 מ""ל",false,,4.40,0.0220,true,1,22172
7290110558307,false,יוגורט דנונה PRO עם שיבולת שועל במתיקות מעודנת,"שטראוס בריאות בע""מ",IL,דנונה פרו עם שיבולת,,200.00,"100 מ""ל",false,,6.30,0.0315,true,1,22174
7290110558314,false,דנונה פרו 20 ג' חלבון ללא סוכר פיסטוק 200 גרם,"שטראוס בריאות בע""מ",IL,דנונה פרו ללא סוכר 2,,200.00,100 גרם,false,,6.20,0.0310,true,1,22175
7290110558338,false,יוגורט PRO בטעם מתיקות מעודנת 1.5% שומן,"שטראוס בריאות בע""מ",IL,דנונה פרו 25 גרם חלב,,200.00,"100 מ""ל",false,,5.90,0.0295,true,1,22176
7290110558710,false,מעדן חלב בשכבות בטעמ,,,מעדן חלב בשכבות בטעמ,,125.00,100 גרם,false,,2.60,0.0208,true,1,22177
7290110558741,false,"גמדים פאוץ תפוח בננה, 100 ג' שטראוס","שטראוס בריאות בע""מ",IL,גמדים לדרך תפוח ובננ,,100.00,100 גרם,false,,5.90,0.0590,true,1,61424
7290110560317,false,"הפריכיות הטעימות חומוס, עדשים שחורות, קינואה ומלח ים","פרח תעשיו מזון בע""מ",IL,פריכיות משולשות מלח,,30.00,100 גרם,false,,5.20,0.1733,true,1,8790
7290110560324,false,"הפריכיות הטעימות תפו""א, אורז, אפונה ומלח ים","פרח תעשיו מזון בע""מ",IL,פריכיות משולשות אפונ,,30.00,100 גרם,false,,5.20,0.1733,true,1,8791
7290110560836,false,מילקי פסק זמן מהדרין 133ג',מיוצר עי קונדיטוריית,IL,מילקי בטעם פסק זמן 1,,170.00,"100 מ""ל",false,,2.90,0.0171,true,1,9198
7290110561352,false,דנונה יוגורט ביו פרוביוטי 3% דל לקטוז 150ג',"שטראוס בריאות בע""מ",IL,דנונה ביו דל לקטוז ב,,200.00,100 גרם,false,,3.70,0.0185,true,1,9199
7290110561604,false,מארז 8 יחידות מעדן גמדים בטעם תות בננה,שטראוס גרופ,IL,שמיניית גמדים תות בנ,,800.00,100 גרם,false,,18.70,0.0234,true,1,9200
7290110563431,false,"משקה קפה קר בסגנון קלאסי 230 מ""ל 1.6% יוטבתה",האי נאם סי או אל.טי.,AT,יטבתה משקה קפה קר בס,,230.00,"100 מ""ל",false,,8.30,0.0361,true,1,9201
7290110563448,false,"משקה קפה קר בסגנון מעודן 230 מ""ל 1.6% יוטבתה",האי נאם סי או אל.טי.,AT,יטבתה משקה קפה קר בס,,230.00,"100 מ""ל",false,,8.30,0.0361,true,1,9202
7290110563462,false,חלב בבקבוק נטול לקטוז 2% יטבתה 1 ל',מחלבת יטבתה,IL,יטבתה חלב בבקבוק נטו,ליטרים,1.00,ליטר,false,,8.60,8.6000,true,1,9203
7290110564339,false,חומוס אחלה הסידרה המובחר 30% טחינה 400 גר',מיוצר עי קונדיטוריית,IL,חומוס הסדרה המובחרת,,400.00,100 גרם,false,,12.90,0.0323,true,1,9205
7290110564360,false,חומוס אחלה הסידרה המובחר 40% טחינה 400 גר',מיוצר עי קונדיטוריית,IL,חומוס אחלה עשיר ב 40,,400.00,100 גרם,false,,12.90,0.0323,true,1,9206
7290110564414,false,חומוס אחלה הסידרה המובחר 30% טחינה 600 גר',מיוצר עי קונדיטוריית,IL,חומוס הסדרה המובחרת,,600.00,100 גרם,false,,14.90,0.0248,true,1,9208
7290110564742,false,"משקה קפה קר בסגנון חזק 230 מ""ל 1.2% יוטבתה",האי נאם סי או אל.טי.,AT,יטבתה משקה קפה קר בס,,230.00,"100 מ""ל",false,,8.30,0.0361,true,1,9209
7290110565435,false,ג'לי לימבו פטל חלבי שטראוס 125ג',שטראוס גרופ,IL,לימבו בטעם פטל 0% שו,,125.00,100 גרם,false,,2.00,0.0160,true,1,9211
7290110566975,false,דנונה פרו יוגורט 0% תות עשיר בחלבון 200ג',"שטראוס בריאות בע""מ",IL,דנונה PRO 20 גרם חלב,,200.00,100 גרם,false,,6.20,0.0310,true,1,9214
7290110567057,false,צנצנת מסטיק מאסט קוביות מנטה חזקה 66 ג' עלית,שטראוס גרופ,IL,בוקסי מאסט מנטה אקלי,,66.00,100 גרם,false,,10.30,0.1561,true,1,58094
7290110568238,false,"קצפת צמחית 21% שומן 250 מ""ל יוטבתה",מחלבת יטבתה,IL,קצפת צימחית 21% במתי,,250.00,"100 מ""ל",false,,7.90,0.0316,true,1,9215
7290110568276,false,משקה וניל פרו Pro מועשר בחלבון 1.5%,מחלבת יטבתה,IL,משקה פרו וניל יטבתה,,350.00,"100 מ""ל",false,,6.90,0.0197,true,1,9216
7290110568559,false,דוריטוס עלית מארז חמוץ חריף 10 יח' *25 ג',שטראוס פריטו ליי (מל,IL,מארז דוריטוס חמוץ חר,,250.00,100 גרם,false,,9.90,0.0396,true,1,9347
7290110568627,false,עלית - פסק זמן רול שוקולד חלב עם קרם אגוזים 26 גרם,עלית,TR,פסק זמן רול ש.חלב עם,,28.00,100 גרם,false,,3.90,0.1393,true,1,31851
7290110568924,false,עלית - פסק זמן רול שוקולד חלב עם קרם חלב וקוקוס 26 גרם,עלית,IL,פסק זמן רול ש.חלב עם,,26.00,100 גרם,false,,3.90,0.1500,true,1,8814
7290110570125,false,"משקה קפה קר בטעם אייריש קרים230 מ""ל יוטבתה",אנסטל מילק kg,AT,קפה קר אייריש קרים 2,,230.00,"100 מ""ל",false,,8.30,0.0361,true,1,35978
7290110570224,false,משקה קפה קר בטעם עוגיות 230ג' יוטבתה,אנסטל מילק kg,AT,משקה קפה קר בטעם עוג,,230.00,"100 מ""ל",false,,8.30,0.0361,true,1,22184
7290110570576,false,פולי אספרסו עשירים וארומטיים עוצמה 10 500 ג' עלית,שטראוס קפה בי.וי,IL,פולי אספרסו עשירים ו,קילוגרמים,1.00,"ק""ג",false,,39.90,39.9000,true,1,21946
7290110571382,false,מעדן חלב בטעם וניל מעושר בחלבון 150 ג' שטראוס,"שטראוס בריאות בע""מ",IL,מעדן חלב מועשר בחלבו,,150.00,100 גרם,false,,5.00,0.0333,true,1,22189
7290110571405,false,עלית - מיני פינוקיות בגביע פסק זמן 180 גרם,הגביע מוצרי ופלים בע,IL,מיני פינוקיות פסק זמ,,180.00,100 גרם,false,,9.90,0.0550,true,1,58649
7290110571412,false,מיני פינוקיות - פאדג' שוקולד בגביע 180 גרם,הגביע מוצרי ופלים בע,IL,מיני פינוקיות בגביע,,180.00,100 גרם,false,,9.90,0.0550,true,1,58638
7290110571535,false,מארז קפה טורקי הל 3*100 ג' עלית,שטראוס קפה בי.וי,IL,קפה עלית טורקי הל מא,,300.00,100 גרם,false,,24.90,0.0830,true,1,21956
7290110572129,false,כיף כף מקלות שוקולד לבן 40 ג' עלית,סולן בעבור שטראוס,TR,כיף כף מקלות שוקולד,,40.00,100 גרם,false,,5.00,0.1250,true,1,60769
7290110572969,false,כיף כף פצפצים עקרם לבן 40ג' עלית,שולן צ'יקולטה גידה ס,TR,כיף כף פצפצים קרם לב,,40.00,100 גרם,false,,5.00,0.1250,true,1,21957
7290110572976,false,כיף כף פצפצים בגביע במילוי קרם בטעם שוקולד לבן,שולן צ'יקולטה גידה ס,TR,כיף כף פצפצים קרם לב,,135.00,100 גרם,false,,10.40,0.0770,true,1,21958
7290110574413,false,עלית - פופקורן בטעם טעמי 70 גרם,סראנו בעבור שטראוס,קפריסין,נשנושי פופקורן מתוק,,70.00,100 גרם,false,,7.90,0.1129,true,1,65453
7290110576752,false,טבלאות שוקולד ספלנדיד מריר 70% 100 ג' עלית,קימ'ס גריפלנן,BE,שוקולד ספלנדיד מריר,,100.00,100 גרם,false,,9.90,0.0990,true,1,58833
7290110576776,false,טבלאות שוקולד ספלנדיד מריר 85% 100 ג' עלית,קימ'ס גריפלנן,BE,שוקולד ספלנדיד מריר,,100.00,100 גרם,false,,9.90,0.0990,true,1,58834
7290110576790,false,סקי בטעם מוקה 125 ג' שטראוס,"שטראוס בריאות בע""מ",IL,מעדן גבינה בטעם מוקה,,125.00,100 גרם,false,,3.90,0.0312,true,1,35997
7290110576851,false,מארז 8 גמדים שתיה סלט פירות 864 גרם,שטראוס גרופ,IL,מארז גמדים לשתייה ס,,864.00,"100 מ""ל",false,,20.90,0.0242,true,1,45507
7290110576868,false,רבעיית גמדים סלט פירוט * 100 ג' שטראוס,שטראוס גרופ,IL,גמדים סלט פירות רביע,,400.00,"100 מ""ל",false,,11.40,0.0285,true,1,45518
7290111094248,false,"קוויק שקית אשפה חזקה וגדולה במיוחד (90*78), 20 יח'",,TR,שקיות אשפה XL עם שרו,יחידה,0.00,יחידה,false,,19.90,0.0000,true,1,10958
7290111097041,false,מגבונים בייביסיטר שמ,קיבוץ עמיר dpl,IL,בייביסיטר מגבונים לח,יחידה,0.00,יחידה,false,,19.90,0.0000,true,1,22951
7290111098536,false,מגבונים לחים לתינוק,,,מגבונים לחים לתינוק,יחידה,0.00,יחידה,false,,14.90,0.0000,true,1,22956
7290111340185,false,מטליות לחות ניקול לניקוי רצפות בניחוח מרכך 10 יח',ניקול,IL,ניקול לחות לניקוי רצ,יחידה,0.00,יחידה,false,,9.90,0.0000,true,1,3323
7290111342042,false,כריות יפניות ניקול לניקוי אנטיבקטריאלי 4,פלסטו פוליש,IL,כריות יפניות אנטיבקט,יחידה,0.00,יחידה,false,,9.90,0.0000,true,1,3340
7290111343117,false,ממחטות אף קלינקס לושן סופט פק 140 דף,קימברלי קלארק,IL,טישו לושן סופט קליני,יחידה,0.00,יחידה,false,,13.90,0.0000,true,1,3346
7290111344077,false,מטליות לחות אנטיבקטר,עלבד משואות יצחק,IL,מטליות לחות אנטיבקטר,,0.00,מארז,false,,19.90,0.0000,true,1,3352
7290111344206,false,האגיס נטורל קר מגבונים לחים בבישום עדין רביעייה,חוגלה קימברלי,IL,מגבוני האגיס נטורל ק,יחידה,0.00,יחידה,false,,20.90,0.0000,true,1,19806
7290111344459,false,קוטוקס תחבושות נייט אקסטרא לונג 20 יח',,CN,תחבושות נייט אקסטרא,,18.00,יח',false,,16.90,0.9389,true,1,19807
7290111344503,false,חיתולי האגיס אקסטרה קייר מידה +4 36 יח',חוגלה קימברלי,IL,האגיס אקסטרה קר מידה,יחידה,0.00,יחידה,false,,49.90,0.0000,true,1,19808
7290111344732,false,קלינקס - טיישו אלרג'י קומפורט ניילון זוגות 140 דף,קימברלי קלארק,IL,קלינקס אלרג'י קומפור,יחידה,0.00,יחידה,false,,13.90,0.0000,true,1,19812
7290111344831,false,קוטקס - מגיני יום אקסטרא פרוטקט נורמל ביג 60 יח',חוגלה קימברלי,CN,מגיני תחתון סופר פרו,יחידה,0.00,יחידה,false,,17.90,0.0000,true,1,19815
7290111344855,false,קוטקס - מגיני יום אקסטרא פרוטקט לארג' ביג 52 יח',חוגלה קימברלי,CN,מגיני תחתון סופר פרו,יחידה,0.00,יחידה,false,,17.90,0.0000,true,1,19816
7290111344930,false,מטליות לחות לרצפה בניחוח מרכך כביסה 10 יח' ניקול,,IL,מטליות לחות לניקוי ר,,10.00,יח',false,,9.90,0.9900,true,1,19817
7290111345814,false,נייר טואלט לילי נטורל קר 30 גלילים מהדורה,קימברלי קלארק,IL,נייר טואלט נטורל קר,,30.00,יח',false,,34.90,1.1633,true,1,19821
7290111345821,false,נייר טואלט נטורל קר - מארז 16 גלילי ג'מבו,קימברלי,IL,נייר טואלט נטורל קר,,16.00,יח',false,,37.90,2.3687,true,1,19822
7290111346118,false,מגבוני האגיס לחים מהדורה בבישום עדין 56*4,ווטנאפס,IL,מגבוני האגיס מהדורה,,288.00,יח',false,,20.90,0.0726,true,1,19824
7290111346293,false,מגבות ניקול שישייה מהדורה חגיגית,קימברלי קלארק,IL,מגבות מטבח ניקול לבנ,,64.80,מטר,false,,13.90,0.2145,true,1,19825
7290111352973,false,יוגוטה קוביות חמוצות ממולאות בטעם פירות,יוגטה yogueta,TR,יוגטה קוביות חמוציות,,220.00,100 גרם,false,,5.90,0.0268,true,1,4652
7290111353550,false,ממרח חמאת בוטנים טבעית 300 גרם,,,חמאת בוטנים טבעית קל,,300.00,100 גרם,false,,14.90,0.0497,true,1,20392
7290111353680,false,גרעיני חמנייה 350 גר,,,גרעיני חמנייה 350 גר,,350.00,100 גרם,false,,10.00,0.0286,true,1,20393
7290111354748,false,כדורגל קליית גת מתנה,,CN,כדורגל קליית גת מתנה,יחידה,0.00,יחידה,false,,0.01,0.0000,true,1,51443
7290111563492,false,סלטי צבר מטבוחה חריפה מרובע 6*400גרם,סלטי צבר,IL,צבר מרובע מטבוחה חר,,400.00,100 גרם,false,,11.90,0.0298,true,1,7438
7290111564239,false,שלגוני קראנץ' Crunch בטעם וניל - 5 יח',גלידות נסטלה (נגה גל,IL,קראנץ' מאגדת מיני ונ,,275.00,100 גרם,false,,28.90,0.1051,true,1,5817
7290111564277,false,פריכיות דקות ונימוחות 3 דגנים פיטנס Fitness,פרח תעשיות,IL,פריכיות 3 דגנים דקות,,120.00,100 גרם,false,,9.90,0.0825,true,1,7017
7290111564291,false,פריכיות דקות ונימוחות 3 דגנים וקינואה פיטנס Fitness,פרח תעשיות,IL,פריכיות קינואה דקות,,120.00,100 גרם,false,,9.90,0.0825,true,1,7018
7290111566240,false,שניצל דק מן הצומח בטעם צ'ילי חריף 700 גרם,עיצובים 2020 (4.8),IL,שניצל דק צמחוני בטע,,564.00,100 גרם,false,,29.90,0.0530,true,1,7443
7290111566318,false,שניצל דק מן הצומח בטעם ביתי 700 גרם,עיצובים 2020 (4.8),IL,שניצל דק צמחוני בט,,564.00,100 גרם,false,,29.90,0.0530,true,1,7445
7290111566417,false,טחון צמחוני עם המון חלבון,עיצובים 2020 (4.8),IL,טחון מן הצומח 500,,500.00,100 גרם,false,,29.90,0.0598,true,1,7447
7290111566547,false,טבעול חזה בגריל צמחוני 99 קלוריות 560ג',עיצובים 2020 (4.8),IL,חזה בגריל מו הצומח,,560.00,100 גרם,false,,29.90,0.0534,true,1,7448
7290111566752,false,טבעול שניצל תירס 99 קלוריות 693 גר',עיצובים 2020 (4.8),IL,שניצל תירס לייט טבעו,,693.00,100 גרם,false,,29.90,0.0431,true,1,7454
7290111566776,false,טבעול נקניקיות קוקטייל צמחוניות 680 גר',עיצובים 2020 (4.8),IL,נקנקיות קוקטייל מן,,680.00,100 גרם,false,,29.90,0.0440,true,1,7455
7290111568206,false,"מיקס ביסלי, אפרופו ופיצוחים מתובלים",פרו מן יו פתרונות אר,IL,ביסלי פארטי מיקס ברב,,150.00,100 גרם,false,,6.90,0.0460,true,1,7034
7290111568275,false,אטריות נודלס אורז רחבות אסם אסייתי 300גרם,תאי פרזידנט,TH,נודלס אטריות אורז רח,,300.00,100 גרם,false,,8.90,0.0297,true,1,7036
7290111870897,false,מרשמלו מסולסל ארוך בשקית 18 גר'-LOL,,CN,מרשמלו מסולסל ארוך 1,,432.00,100 גרם,false,,29.90,0.0692,true,1,23342
7290111870910,false,מרשמלו מסולסל ארוך 18 גר'- כוח פי גיי,,CN,מרשמלו מסולסל ארוך 1,,432.00,100 גרם,false,,29.90,0.0692,true,1,23344
7290111871061,false,מרשמלו מסולסל ארוך 18 גר'-סמי הכבאי,,CN,מרשמלו מסולסל ארוך 1,,432.00,100 גרם,false,,29.90,0.0692,true,1,23347
7290111879074,false,בקבוק טריטן מרובע 60,,,בקבוק טריטן מרובע 60,יחידה,0.00,יחידה,false,,24.90,0.0000,true,1,32799
7290111879104,false,בקבוק טריטן מרובע 500 מל קליפס- נסיכות,,,בקבוק טריטן מרובע 60,יחידה,0.00,יחידה,false,,24.90,0.0000,true,1,40714
7290111930805,false,קראנצ'וס טעם ברביקיו 55 גר',חברת מנה בעמ,IL,קראנצו'ס ברביקיו 55,,55.00,100 גרם,false,,2.00,0.0364,true,1,8215
7290111930898,false,חטיף פוף כוכבים גריל אמריקאי 40 גרם,פוף POOF,IL,פוף כוכבים גריל אמרי,,40.00,100 גרם,false,,3.90,0.0975,true,1,8217
7290111930911,false,חטיף פוף לבבות קלאסי 40 גרם,פוף POOF,IL,פוף לבבות קלאסי 40 ג,,40.00,100 גרם,false,,3.90,0.0975,true,1,8219
7290111930928,false,חטיף פוף לבבות גריל 40 גרם,פוף POOF,IL,"פוף לבבות גריל 40 ג""",,40.00,100 גרם,false,,3.90,0.0975,true,1,8220
7290111932380,false,"מרידול משחת שיניים 75 מ""ל זוג כשל""פ",GABA LOER GER,DE,מרידול משחות שיניים,,150.00,100 גרם,false,,24.90,0.1660,true,1,8225
7290111932502,false,"קולגייט משחת שיניים אופטיק וייט אקספרט 75 מ""ל",קולגייט Colgate,MX,מש.שיניים אופטיק ויי,,75.00,"100 מ""ל",false,,29.90,0.3987,true,1,8226
7290111936296,false,"פלמוליב סבון נוזלי בניחוח סנסיישן מסאז' ,750 מ""ל",קולגייט פלמוליב,TR,פלמוליב ארומה סנסייש,,750.00,"100 מ""ל",false,,19.90,0.0265,true,1,8244
7290111936647,false,"משחת שיניים קולגייט מקס כחול 125 מ""ל*2 כשלפ",קולגייט פלמוליב,PL,קולגייט מקס זוג 2*12,,250.00,"100 מ""ל",false,,29.90,0.1196,true,1,8248
7290111937248,false,פרי מארז חטיפי 5יח תמרים קשיו ונגיעת לוז 125ג',הדקלאים אגודת שיתופי,IL,פרי מארז חטיפים תמרי,,125.00,100 גרם,false,,14.90,0.1192,true,1,8253
7290111939136,false,קוקי נייר אפייה עגול קוטר 26,קוקי,IL,קוקי נייר אפייה עגול,יחידה,0.00,יחידה,false,,7.90,0.0000,true,1,8271
7290112000408,false,מנקה ומחטא עוצמתי לניקוי כללי בניחוח לימון,רקיט בנקיזר,PL,תרסיס ניקוי וחיטוי ר,,750.00,"100 מ""ל",false,,11.90,0.0159,true,1,7847
7290112000736,false,AIO טבליות פיניש 80 יחידות,רקיט בנקיזר,PL,פיניש הכל ב-1 80 טבל,יחידה,0.00,יחידה,false,,59.90,0.0000,true,1,7850
7290112000828,false,דטול - מגבונים חיטוי וניקוי אנטי בקטריאלי 60 יח',דטול Dettol,PL,מגבונים אנטי בקטריאל,,60.00,יח',false,,11.90,0.1983,true,1,7852
7290112000842,false,דטול מגבונים לניקוי כללי בניחות לימון 60 יח',דטול Dettol,PL,מגבונים לניקוי כללי,,60.00,יח',false,,11.90,0.1983,true,1,7853
7290112001221,false,מנקה מכונת כביסה בניחוח נקי ורענן,רקיט בנקיזר,ES,קולון מנקה מכונה רגי,יחידה,0.00,יחידה,false,,19.90,0.0000,true,1,7860
7290112001238,false,"מנקה מכונת כביסה קולון לימון 250 מ""ל",רקיט בנקיזר,ES,מנקה מכונות כביסה קו,יחידה,0.00,יחידה,false,,19.90,0.0000,true,1,7861
7290112001436,false,פיניש מנקה ומחדש למדיח בניחוח לימון,רקיט בנקיזר,PL,פיניש מנקה מדיח בניח,,250.00,"100 מ""ל",false,,14.90,0.0596,true,1,7863
7290112001870,false,"סיליט באנג ספריי ניקוי אמבטיה 750 מ""ל",רקיט בנקיזר,PL,סיליט באנג ספריי לאמ,,750.00,"100 מ""ל",false,,12.90,0.0172,true,1,7869
7290112002105,false,ג'ל כביסה מרוכז קולון 101 בניחוח לילך,זוהר דליה,IL,קולון ג'ל 2.5 ליטר כ,ליטרים,2.50,ליטר,false,,24.90,9.9600,true,1,7876
7290112002136,false,ג'ל כביסה מרוכז קולון 101 קלאסי,רקיט בנקיזר,IL,קולון ג'ל 4 ליטר רגי,ליטרים,4.00,ליטר,false,,34.90,8.7250,true,1,7879
7290112002167,false,ג'ל כביסה מרוכז קולון 101 בניחוח פריחה מרענן,קולון Colon,IL,קולון ג'ל 4 ליטר בני,ליטרים,4.00,ליטר,false,,34.90,8.7250,true,1,7882
7290112002983,false,מרסס סיליט חומצת לימון לניקוי כללי 750מל,רקיט בנקיזר,PL,סיליט חומצת לימון לנ,,750.00,"100 מ""ל",false,,13.90,0.0185,true,1,7891
7290112003188,false,קפסולות גל לכביסה קולון 60 יח,רקיט בנקיזר,IT,קולון קפסולות למכונת,יחידה,0.00,יחידה,false,,54.90,0.0000,true,1,7895
7290112003232,false,אבקת כביסה בניחוח לבנדר קולון 5 ק''ג,,,אבקת כביסה קולון לבנ,קילוגרמים,5.00,"ק""ג",false,,39.90,7.9800,true,1,7896
7290112003249,false,אבקת כביסה בניחוח מאסק קולון 5 ק''ג,,,אבקת כביסה קולון מאס,קילוגרמים,5.00,"ק""ג",false,,39.90,7.9800,true,1,7897
7290112004208,false,טבליות למדיח בניחוח לימון 50 יח' פיניש,RECKITT BENCKISER PR,PL,טבליות למדיח כלים פי,,800.00,100 גרם,false,,39.90,0.0499,true,1,21599
7290112004970,false,פיניש קפסולות אולטימיט למדיח 50 יח',רקיט בנקיזר,PL,פיניש אולטימייט 50 י,יחידה,0.00,יחידה,false,,59.90,0.0000,true,1,21609
7290112005045,false,וניש תוסף כביסה רב תכליתי לבגדים לבנים,קליה וניש Kalia Vanish,IT,וניש אבקה לכביסה לבנ,,480.00,"100 מ""ל",false,,16.90,0.0352,true,1,21612
7290112005052,false,וניש תוסף כביסה רב תכליתי לבגדים לבנים,קליה וניש Kalia Vanish,IT,וניש אבקה לכביסה לבנ,,1500.00,100 ליטר,false,,34.90,0.0233,true,1,21613
7290112005083,false,וניש תוסף כביסה רב תכליתי לכביסה צבעונית,קליה וניש Kalia Vanish,IT,וניש אבקה לכביסה צבע,,1.50,100 ליטר,false,,34.90,23.2667,true,1,21615
7290112196798,false,קמח כוסמין מלא מנופה,,,קמח כוסמין מלא מנופה,קילוגרמים,1.00,"ק""ג",false,,17.90,17.9000,true,1,19184
7290112330352,false,"יוגורט PRO בטעם וניל 0% , 20 גרם חלבון בגביע","שטראוס בריאות בע""מ",IL,דנונה פרו 20 גר וניל,,200.00,100 גרם,false,,6.20,0.0310,true,1,9217
7290112330390,false,יוגורט PRO בטעם פירות יער 0% 20 גרם חלבון בגביע,"שטראוס בריאות בע""מ",IL,דנונה פרו 20 גר פירו,,200.00,100 גרם,false,,6.20,0.0310,true,1,9218
7290112332585,false,"פריכיות תפו""א, אורז בתיבול סלק ומלח חי 30 גר'","פרח תעשיו מזון בע""מ",IL,"פריכיות הטעימות תפו""",,30.00,100 גרם,false,,5.20,0.1733,true,1,8825
7290112335487,false,פריכיות הטעימות קצח ודגנים אנרגי 135 גר,אנרג'י Energy - שטראוס,IL,פריכיות הטעימות קצח,,135.00,100 גרם,false,,10.90,0.0807,true,1,8835
7290112335494,false,הפריכיות הטעימות תפוחי אדמה בטעם פוטטוס,"פרח תעשיות מזון בע""מ",IL,פריכיות הטעימות פוטט,,135.00,100 גרם,false,,10.90,0.0807,true,1,8836
7290112335500,false,"הפריכיות הטעימות חומוס, אורז, עדשים שחורות וקינואה",אנרג'י Energy - שטראוס,IL,פריכיות הטעימות עשיר,,135.00,100 גרם,false,,10.90,0.0807,true,1,8837
7290112336637,false,סוכריות מאסט Must ללא סוכר יוגורט תות ואוכניות,שטראוס גרופ,PL,"סוכריות מאסט לל""ס יו",,80.00,100 גרם,false,,6.90,0.0863,true,1,8848
7290112336644,false,סוכריות מאסט ללא סוכר לימון 80 ג' עלית,שטראוס גרופ,PL,"סוכריות מאסט לל""ס לי",,80.00,100 גרם,false,,6.90,0.0863,true,1,8849
7290112336651,false,סוכריות מאסט ללא סוכר ריבת חלב 80 ג' עלית,שטראוס גרופ,PL,סוכריות מאסט ללא סוכ,,80.00,100 גרם,false,,6.90,0.0863,true,1,8850
7290112336712,false,יוגורט PRO לבן 0% 21 גרם חלבון בגביע,"שטראוס בריאות בע""מ",IL,דנונה פרו 21 0% שומן,,200.00,100 גרם,false,,6.20,0.0310,true,1,9229
7290112337474,false,סוכריות מאסט ללא סוכר פטל לימון 80 ג' עלית,שטראוס גרופ,PL,"סוכריות מאסט לל""ס פט",,80.00,100 גרם,false,,6.90,0.0863,true,1,8851
7290112337481,false,סוכריות מאסט ללא סוכר קפצ''ינו 80 ג' עלית,שטראוס גרופ,PL,"סוכריות מאסט לל""ס קפ",,80.00,100 גרם,false,,6.90,0.0863,true,1,8852
7290112338877,false,מעדן גבינה בטעם תות 3% 125ג' סקי,"שטראוס בריאות בע""מ",IL,גבינת סקי תות 3% 125,,125.00,100 גרם,false,,3.90,0.0312,true,1,9230
7290112339171,false,מילקי מוס עם שוקולד וקצפת,מיוצר עי קונדיטוריית,IL,מילקי מוס 81 גרם.,,81.00,100 גרם,false,,3.50,0.0432,true,1,9233
7290112339867,false,גמדים לדרך גבינה לבנה עם מחית תות,שטראוס,IL,גמדים סקוויז בודד תו,,100.00,100 גרם,false,,5.90,0.0590,true,1,9237
7290112339874,false,גמדים לדרך גבינה לבנה עם מחיות תות ובננה,שטראוס,IL,גמדים סקוויז בודד תו,,100.00,100 גרם,false,,5.90,0.0590,true,1,9238
7290112340122,false,פריכיות טעימות 3 דגנים אנרגי 135 גר,אנרג'י Energy - שטראוס,IL,פריכיות הטעימות 3 דג,,135.00,100 גרם,false,,10.90,0.0807,true,1,8857
7290112340276,false,פינוקיות עוגיות קרם קפה 200 גרם,הגביע מוצרי ופלים בע,IL,פינוקיות עוגיית קרם,,200.00,100 גרם,false,,10.40,0.0520,true,1,8862
7290112341556,false,אקטיביה עם צ'יה ותות 150 ג' דנונה,דנונה - שטראוס,IL,אקטיביה עם צ'יה ותות,,150.00,100 גרם,false,,4.80,0.0320,true,1,9242
7290112341679,false,דנונה אקטיביה 3% שומן 200 גרם,מיוצר עי קונדיטוריית,IL,דנונה אקטיביה 3% 200,,200.00,100 גרם,false,,4.10,0.0205,true,1,9243
7290112341686,false,מארז אקטיביה שמיניה 3% 150 גר*8,מיוצר עי קונדיטוריית,IL,אקטיביה מארז 3% 8*15,קילוגרמים,1.20,"ק""ג",false,,20.90,17.4167,true,1,9244
7290112342102,false,סימפוניה גבינה במרקם שמנת בצל מקורמל 5%,"שטראוס בריאות בע""מ",IL,סימפוניה 5% בצל מקור,,200.00,100 גרם,false,,10.90,0.0545,true,1,9248
7290112342508,false,דוריטוס ציזי טוויסט 70 גר,שטראוס פריטו ליי (מל,IL,דוריטוס קול ראנץ' 70,,70.00,100 גרם,false,,3.50,0.0500,true,1,9355
7290112343260,false,"יטבתה רוטב שמנת קלאסי 9% שומן 260 מ""ל",שטראוס גרופ,IL,יטבתה רוטב שמנת קלאס,,260.00,100 גרם,false,,10.90,0.0419,true,1,9251
7290112343499,false,חטיף צ'יטוס פאפס אפוי בטעם גבינה,"שטראוס פריטו ליי בע""",IL,ציטוס Puffs בטעם גבי,,55.00,100 גרם,false,,3.10,0.0564,true,1,22314
7290112344564,false,רביולי גבינה קלאסי שטראוס 400 ג',"שטראוס גרופ בע""מ",IL,EAT GOOD רביולי גבינ,,400.00,100 גרם,false,,16.90,0.0422,true,1,9253
7290112344724,false,מעדן בטעם שוקולד בלונדי 170 ג' מילקי,מיוצר עי קונדיטוריית,IL,מילקי בטעם שוקולד בל,,170.00,"100 מ""ל",false,,3.50,0.0206,true,1,9254
7290112344755,false,מילקי שוקולד 26% פחות סוכר 135 גרם,מיוצר עי קונדיטוריית,IL,מילקי עם 26% פחות סו,,135.00,"100 מ""ל",false,,2.90,0.0215,true,1,22199
7290112344786,false,קפה פלטינום קלאסיק 200 ג' עלית,שטראוס קפה בי.וי.,IL,פלטינום קלאסיק עלית,,200.00,100 גרם,false,,19.90,0.0995,true,1,8886
7290112346360,false,בפלות אחת אחת ופל בטעם שוקולד מצופה שוקולד,טוטיז-בינגו סיאי,GR,בפלות אחת אחת בציפוי,,180.00,100 גרם,false,,12.90,0.0717,true,1,8896
7290112346629,false,דנונה בר יוגורט+קורנפלקס מצופה שוקולד חלב ולבן 172 גרם,דנונה - שטראוס,IL,דנונה קראנצ' עם קורנ,,172.00,"100 מ""ל",false,,4.50,0.0262,true,1,9257
7290112346773,false,יוגורט בטעם וניל 0% לייט אנד פרי 10 גרם חלבון בגביע,מיוצר עי קונדיטוריית,IL,דנונה לייט אנד פריי,,150.00,"100 מ""ל",false,,4.50,0.0300,true,1,22207
7290112347008,false,גמדים לדרך גבינה לבנה עם מחית תות ושיבולת שועל,מיוצר עי קונדיטוריית,IL,גמדים ארוחת בוקר תות,,100.00,100 גרם,false,,5.90,0.0590,true,1,9260
7290112347473,false,דנונה לייט אנד פריי תות ואפרסק מאגדת 8 יח' * 150 ג',מיוצר עי קונדיטוריית,IL,דנונה לייט אנד פריי,קילוגרמים,1.20,"ק""ג",false,,26.90,22.4167,true,1,9264
7290112348142,false,שעועית לבנה 380 גר' בקופסה טעם הטבע,שטראוס טעם הטבע,IT,שעועית לבנה טעם הטבע,,380.00,100 גרם,false,,6.90,0.0182,true,1,8906
7290112349606,false,מעדן גבינה ויוגורט תות בננה 88 ג' דניאלה,"שטראוס בריאות בע""מ",IL,דניאלה תות בננה 150,,150.00,"100 מ""ל",false,,3.90,0.0260,true,1,22215
7290112349736,false,בזיליקום רוטב עגבניות לפסטה 350 גר' יד מרדכי,אמיליאנה קונסרב סוסי,IT,רוטב עגבניות בזיליקו,,350.00,100 גרם,false,,11.90,0.0340,true,1,8922
7290112349743,false,ארביאטה רוטב עגבניות פיקנטי לפסטה 350 ג' יד מרדכי,אמיליאנה קונסרב,IT,רוטב עגבניות ארביאטה,,350.00,100 גרם,false,,11.90,0.0340,true,1,8923
7290112349750,false,פיצה רוטב עגבניות לפיצה 350 גר' יד מרדכי,אמיליאנה קונסרב,IT,רוטב עגבניות לפיצה 3,,350.00,100 גרם,false,,11.90,0.0340,true,1,8924
7290112349897,false,מסטיק מאסט Must קוביות בטעם מנטה ללא סוכר,רוג'ר אנד רוג'ר,DE,מאסט קוביות מנטה 86,,86.00,100 גרם,false,,12.90,0.1500,true,1,8925
7290112351104,false,שוקולד פרה ממולא פיצפוצי אורז 100 ג' עלית,שטראוס,IL,שוקולד פרה פיצפוצי א,,100.00,100 גרם,false,,4.90,0.0490,true,1,8934
7290112351128,false,שוקולד פרה סוכריות קופצות 100 ג' עלית,"שטראוס גרופ בע""מ",IL,שוקולד פרה חלב סוכרי,,100.00,100 גרם,false,,4.90,0.0490,true,1,21965
7290112354945,false,תפוצ'יפס wavy טבעי 50ג היתר מכירה,שטראוס פריטו ליי בע”,IL,תפוצ'יפס wavy 50 גר,,50.00,100 גרם,false,,3.50,0.0700,true,1,61553
7290112354952,false,"תפוציפס WAVY בטעם פפריקה , 50 גרם",שטראוס פריטו ליי בע”,IL,תפוצ'יפס wavy פפריקה,,50.00,100 גרם,false,,3.50,0.0700,true,1,61554
7290112355027,false,דנונה פרו 20 גרם חלבון קרמל מלוח 200 גרם,"שטראוס בריאות בע""מ",IL,דנונה פרו 20 גר' בטע,,200.00,100 גרם,false,,6.20,0.0310,true,1,22223
7290112355102,false,גמדים סקוויז 100 גרם פאוץ סלט פירות 100 גרם,"שטראוס בריאות בע""מ",IL,סקוויז גמדים לדרך סל,,100.00,100 גרם,false,,5.90,0.0590,true,1,22227
7290112355393,false,"יטבתה רוטב שמנת+בטטה 9% שומן 250 מ""ל",שטראוס גרופ,IL,רוטב שמנת עם בטטה 9%,,257.00,100 גרם,false,,10.90,0.0424,true,1,45496
7290112357083,false,אפונת גינה טעם הטבע 380 גר' בקופסה,שטראוס טעם הטבע,IT,אפונה ירוקה טעם הטבע,,380.00,100 גרם,false,,6.90,0.0182,true,1,21991
7290112357106,false,שעועית אדומה 380 גר' בקופסה טעם הטבע,שטראוס טעם הטבע,IT,שעועית אדומה טעם הטב,,380.00,100 גרם,false,,6.90,0.0182,true,1,8952
7290112357113,false,גרגרי חומוס בקופסה 380 גר' טעם הטבע,שטראוס טעם הטבע,IT,גרגרי חומוס טעם הטבע,,380.00,100 גרם,false,,6.90,0.0182,true,1,8953
7290112358127,false,דנונה פרו חלבון+מגנזיום- וניל ועוגיות 200 גרם,מיוצר עי קונדיטוריית,IL,דנונה פרו 20 גר עם מ,,200.00,100 גרם,false,,6.60,0.0330,true,1,9285
7290112358219,false,יד מרדכי רוטב צ'ילי מתוק 300 גרם,אף.סי תבליני בגליל ב,IL,יד מורדכי רוטב צ'ילי,,300.00,"100 מ""ל",false,,12.90,0.0430,true,1,8958
7290112358240,false,רוטב גריל יד מרדכי 300 גרם,"בית אל מזון בע""מ",IL,יד מורדכי רוטב גריל,,300.00,"100 מ""ל",false,,12.90,0.0430,true,1,21994
7290112358257,false,רוטב לעוף עם שזיפים יד מרדכי 300 גרם,יד מרדכי,IL,יד מורדכי רוטב לעוף,,300.00,"100 מ""ל",false,,12.90,0.0430,true,1,8959
7290112358431,false,עד חצות דאבל ביסקוויט עם שוקולד חלב -8 אריזות אישיות,הדקלאים אגודת שיתופי,IL,דאבל ביסקוויט עם שוק,,200.00,100 גרם,false,,12.90,0.0645,true,1,21996
7290112490827,false,תרסיס ריחני למייבש הכביסה בדין בייבי 500,"זוהר דליה, קיבוץ דלי",IL,בדין בייבי תרסיס למי,,500.00,"100 מ""ל",false,,14.90,0.0298,true,1,3919
7290112492982,false,"אבקת מרק פטריות כשל""פ 100% רכיבים טבעיים 400 גרם",יוניליוור ישראל מזון,IL,מרק פטריות 100% רכיב,,400.00,יח',false,,21.90,0.0547,true,1,3956
7290112494351,false,תלמה קורנפלקס של אלופים 850 ג',יוניליוור שפע ישראל,IL,קורנפלקס של אלופים ת,,850.00,100 גרם,false,,16.90,0.0199,true,1,3975
7290112495433,false,דגני דליפקאן תוספת אגוזי פקאן ושקדים 400 גר,יוניליור שפע ישראל ב,IL,"דליפקאן תלמה בד""ץ 40",,400.00,100 גרם,false,,20.90,0.0522,true,1,4003
7290112495488,false,קורנפלקס פתיתי תירס קלויים ללא גלוטן 500,"מולינו ניקולי S.p.A,",IT,קורנפלקס ללא גלוטן ד,,500.00,100 גרם,false,,14.50,0.0290,true,1,50938
7290112495976,false,פריכיות אורז מצופות שוקולד חלב 35 גרם,גוד פוד פרודקטס Sp.z,PL,פתית פריכיות אורז מצ,,35.00,100 גרם,false,,3.90,0.1114,true,1,4018
7290112496027,false,סירופ שוקולד 580 גרם-בקבוק,יוניליוור ישראל מזון,IL,"סירופ שוקולד 600 מ""ל",,600.00,"100 מ""ל",false,,11.90,0.0198,true,1,4020
7290112498267,false,"אל סבון ידיים נוזלי קלאסי פינוק 950 מ""ל",קוסטר אירוסול ולף סנ,IL,אל סבון לידיים בניחו,,950.00,"100 מ""ל",false,,11.90,0.0125,true,1,20035
7290112498441,false,רוטב אסייתי למוקפץ קנור 370 גרם,אתר חיפה 778 - Food,IL,טעמים מהמזרח רוטב רו,,370.00,100 גרם,false,,9.90,0.0268,true,1,48978
7290112499189,false,"גלידת קרמיסימו חד קרן וניל תות, 1.33 ליטר","גלידת שטראוס בע""מ, ר",IL,קרמיסימו חד קרן בטעמ,ליטרים,1.33,ליטר,false,,17.90,13.4586,true,1,19240
7290112499196,false,גלידה בטעם החלב של הקורנפלקס 1.33 ל' קרמיסימו,"גלידת שטראוס בע""מ, ר",IL,קרמיסימו בטעם החלב ש,ליטרים,1.33,ליטר,false,,17.90,13.4586,true,1,19241
7290112961440,false,פיטנס חטיפי פריכיות שוקולד מריר 84 גרם,כרמית,IL,פיטנס בר פריכיות שוק,,84.00,100 גרם,false,,11.90,0.1417,true,1,21286
7290112962287,false,טבעול שווארמה טבעונית 6*450 גרם,מיוצר עי קונדיטוריית,IL,שווארמה טבעונית טבעו,,450.00,100 גרם,false,,29.90,0.0664,true,1,7464
7290112962546,false,ארטיק לה פרוטה מלון תפוח מאגדת 443 גר',שוורצקוף& הנקל דיסלד,IL,לה פרוטה מלון תפוח 5,,350.00,100 גרם,false,,23.90,0.0683,true,1,5828
7290112963918,false,פיטנס חטיפי קרקר דק רוזמרין 140 גרם,נסטלה Nestle,IL,פיטנס חטיפי קרקר דק,,140.00,100 גרם,false,,11.90,0.0850,true,1,7069
7290112964410,false,רוטב אוסם אלף האיים לסלט 290 ג' אסם,אסם,IL,אסם רוטב אלף האיים ל,,290.00,"100 מ""ל",false,,8.90,0.0307,true,1,7080
7290112964434,false,"רוטב לסלט קיסר 295 מ""ל אסם",אסם,IL,אסם רוטב קיסר לסלט 2,,295.00,"100 מ""ל",false,,8.90,0.0302,true,1,7081
7290112964472,false,"רוטב שום לסלט 290 מ""ל אסם",אסם,IL,אסם רוטב שום לסלט 29,,295.00,"100 מ""ל",false,,8.90,0.0302,true,1,7083
7290112964564,false,"רוטב אלף האיים לייט לסלט 290 מ""ל אסם",אסם,IL,אסם רוטב אלף האיים ל,,295.00,"100 מ""ל",false,,8.90,0.0302,true,1,7086
7290112965585,false,פרפקטו פסטה קסרצה 500 גרם,אסם פרפקטו Perfecto,IL,פסטה קסרצה פרפקטו 50,,500.00,100 גרם,false,,6.90,0.0138,true,1,7103
7290112965660,false,פיטנס - חטיף מולטיגריין מלח פלפל 25 גרם,מיוצר עי קונדיטוריית,IL,פיטנס חטיף מולטיגריי,,25.00,100 גרם,false,,4.90,0.1960,true,1,21055
7290112965943,false,טבעול נאגטס ירקות ירוקים 6*500גרם,טבעול תעשיות מזון בע,IL,טבעול נאגטס ירקות יר,,500.00,100 גרם,false,,29.90,0.0598,true,1,21287
7290112966094,false,הבית עוגת תפוז מופחתת סוכר 400 גרם,מיוצר עי קונדיטוריית,IL,עוגת הבית תפוז מופחת,,400.00,100 גרם,false,,10.90,0.0273,true,1,7112
7290112967138,false,בייגלה שמיניות ללא גלוטן 250 גרם אסם,מיוצר עי קונדיטוריית,IL,אסם בייגלה שמיניות ל,,250.00,100 גרם,false,,9.90,0.0396,true,1,7125
7290112967220,false,ביסלי מארז ברביקיו 20 גר'*10 יח' אסם,,,ביסלי ברביקיו מארז 1,,200.00,100 גרם,false,,13.90,0.0695,true,1,7127
7290112967244,false,ביסלי גריל מארז 20 גר'*10 יח' אסם,,,ביסלי גריל מארז 10*,,200.00,100 גרם,false,,13.90,0.0695,true,1,7128
7290112968340,false,חומוס צבר גרוס גס גס 400 גרם,שוורצקוף& הנקל דיסלד,IL,חומוס גרוס גס גס צבר,,400.00,100 גרם,false,,13.90,0.0348,true,1,7476
7290112968708,false,"טבעול שניצל תירס עדה חרדית 1.3 ק""ג",טבעול ישראל,IL,שניצל תירס עדה חרדי,קילוגרמים,1.30,"ק""ג",false,,40.90,31.4615,true,1,7483
7290112968807,false,פיטנס - קרקר דק סלק 140 גרם,מפעל אסם יקנעם,IL,פיטנס קרקר דק סלק 14,,140.00,100 גרם,false,,11.90,0.0850,true,1,21067
7290112968821,false,פיטנס - קרקר דק בטטה 140 גרם,מפעל אסם יקנעם,IL,פיטנס קרקר דק בטטה 1,,140.00,100 גרם,false,,11.90,0.0850,true,1,21068
7290112969248,false,אסם בישולים רוטב סילאן ובצל 335 גרם,"אסם השקעות בע""מ",IL,אוסם בישולים רוטב סי,,335.00,100 גרם,false,,15.90,0.0475,true,1,21071
7290112969903,false,טבעול נאגטס ירקות לבנים 6*500גרם,טבעול תעשיות מזון בע,IL,טבעול נאגטס ירקות לב,,500.00,100 גרם,false,,29.90,0.0598,true,1,21294
7290113101173,false,סט סכום 24 חלקים דגם,,,סט סכום 24 חלקים דגם,יחידה,0.00,יחידה,false,,99.90,0.0000,true,1,16464
7290113190757,false,חלבה מסולסלת בטעם וניל 300 גרם,חיאל עמר שומרון,IL,חלבה תלתלים בטעם וני,,300.00,100 גרם,false,,13.90,0.0463,true,1,28604
7290113190771,false,חלבה מסולסלת בטעם שוקו וניל 300 גרם,חיאל עמר שומרון,IL,חלבה מסולסלת בטעם שו,,300.00,100 גרם,false,,13.90,0.0463,true,1,18541
7290113192300,false,זיתים מושחרים חרוזית 275 גרם בית השיטה,בית השיטה,IL,זיתים חרוזית מושחר ב,,275.00,100 גרם,false,,9.90,0.0360,true,1,7153
7290113192348,false,זיתים ירוקים שלמים גדולים מאוד בטעם שום,בית השיטה,IL,זית ירוק שום 17-19בי,,560.00,100 גרם,false,,9.70,0.0173,true,1,7157
7290113192355,false,חרוזית זיתים ירוקים ללא גלעין 275 ג' בית השיטה,בית השיטה,IL,זיתים חרוזית ירוק בי,,275.00,100 גרם,false,,9.90,0.0360,true,1,7158
7290113192379,false,בית השיטה זיתים ירוקים מבוקעים א2 340גר',בית השיטה,IL,זיתים ירוקים מבוקעים,,340.00,100 גרם,false,,10.90,0.0321,true,1,7160
7290113192386,false,זיתים סורי מבוקע A2 בית השיטה 340ג',בית השיטה,IL,זית סורי מבוקע בית ה,,340.00,100 גרם,false,,9.90,0.0291,true,1,7161
7290113192478,false,בית השיטה מלפפונים במלח בינוני 10-12 320 גרם,בית השיטה,IL,מלפפון במלח 10-12 בי,,320.00,100 גרם,false,,7.50,0.0234,true,1,7167
7290113192485,false,בית השיטה מלפפונים בחומץ בינוני 10-12 290 גרם,בית השיטה,IL,מלפפון בחומץ 12-10 ב,,290.00,100 גרם,false,,7.50,0.0259,true,1,7168
7290113192508,false,בית השיטה מלפפונים במלח קטן 1317 320 גרם,בית השיטה,IL,מלפפון במלח 13-17 בי,,320.00,100 גרם,false,,10.90,0.0341,true,1,7170
7290113192515,false,בית השיטה מלפפונים במלח קטן מאוד 1825 320 גרם,בית השיטה,IL,מלפפון במלח 18-25 בי,,320.00,100 גרם,false,,11.90,0.0372,true,1,7171
7290113192522,false,בית השיטה מלפפונים בחומץ קטן מאוד 1825 290 גרם,בית השיטה,IL,מלפפון בחומץ 18-25 ב,,290.00,100 גרם,false,,11.90,0.0410,true,1,7172
7290113192539,false,בית השיטה מלפפונים במלח גדול 79 320 גרם,בית השיטה,IL,מלפפון במלח 7-9 בית,,560.00,100 גרם,false,,6.50,0.0116,true,1,7173
7290113192546,false,בית השיטה מלפפונים בחומץ גדול 79 290 גרם,בית השיטה,IL,מלפפון בחומץ 7-9 בית,,560.00,100 גרם,false,,6.50,0.0116,true,1,7174
7290113192553,false,בית השיטה מלפפונים במלח 13-17 בלדי 320 גר',בית השיטה,IL,מלפפון במלח בלדי 13-,,320.00,100 גרם,false,,10.90,0.0341,true,1,7175
7290113192560,false,בית השיטה פלפל שיפקה חריף כבוש 230 גרם,בית השיטה,IL,פלפל שיפקה בית השיטה,,230.00,100 גרם,false,,7.50,0.0326,true,1,7176
7290113192577,false,בית השיטה כרוב כבוש חתוך 430 גרם,בית השיטה,IL,כרוב כבוש בית השיטה,יחידה,430.00,יחידה,false,,7.50,0.0174,true,1,7177
7290113193000,false,פלפל שיפקונית 230 גרם בית השיטה,שוורצקוף& הנקל דיסלד,IL,פלפל שיפקונית בית הש,,230.00,100 גרם,false,,10.90,0.0474,true,1,7179
7290113193017,false,קוקטייל זיתים 275 גרם בית השיטה,בית השיטה,IL,בית השיטה קוקטייל זי,,275.00,100 גרם,false,,11.90,0.0433,true,1,7180
7290113193031,false,חרוזית קלמטה - זיתים שחורים ללא גלעין קלמטה,שוורצקוף& הנקל דיסלד,IL,חרוזית קלמטה בית השי,,275.00,100 גרם,false,,11.90,0.0433,true,1,7181
7290113193321,false,"שמן זית כתית מעולה בית השיטה 750 מ""ל",בית השיטה,IL,שמן זית כתית מעולה ב,,750.00,"100 מ""ל",false,,29.90,0.0399,true,1,21077
7290113193406,false,"קוקטייל טבעות זיתים - זיתים ירוקים, שחורים מרינד",בית השיטה,IL,טבעות קוקטיל זיתים ב,,560.00,100 גרם,false,,10.90,0.0195,true,1,7182
7290113193888,false,חצילים מוחמצים 320 גרם בית השיטה,שוורצקוף& הנקל דיסלד,IL,בית השיטה חצילים מוח,,320.00,100 גרם,false,,9.90,0.0309,true,1,21079
7290113195042,false,מלפפון חמוץ במלח כבישה ביתית בית השיטה 750 גר',שוורצקוף& הנקל דיסלד,IL,מלפפון מלח כבישה בית,,750.00,100 גרם,false,,25.90,0.0345,true,1,21082
7290113195066,false,חלבה טורקית בטעם וניל 400 גרם,,,חלבה טורקית בטעם וני,,400.00,100 גרם,false,,11.90,0.0298,true,1,28611
7290113195080,false,חלבה טורקית בטעם שוקו וניל 400 גרם,,,חלבה טורקית בטעם שוק,,500.00,100 גרם,false,,11.90,0.0238,true,1,28613
7290113196414,false,"אורז בסמטי 1 ק""ג כחול מטאלי שקדיה",דאבה סינג שאם סינג,IN,אורז בסמטי שקדיה 1 ק,קילוגרמים,1.00,"ק""ג",false,,9.80,9.8000,true,1,28622
7290113196940,false,חטיפי תירס [טורטיה]בטעם טבעי 300 גרם,אן וי רוגר,BE,חטיפי תירס טורטיה בט,,300.00,100 גרם,false,,14.90,0.0497,true,1,28625
7290113196957,false,חטיפי תירס [טורטיה]בטעם ברביקיו 300 גרם,אן וי רוגר,BE,חטיפי תירס טורטיה בט,,300.00,100 גרם,false,,14.90,0.0497,true,1,28626
7290113197169,false,חמאת בוטנים טבעית 510 גרם,סופר נוטרי פודס,IN,חמאת בוטנים טבעית שק,,510.00,100 גרם,false,,15.90,0.0312,true,1,33091
7290113199705,false,מוזלי פירות יבשים 500 גר' 500ג' שקדיה,,,מוזלי פירות יבשים 50,,500.00,100 גרם,false,,12.90,0.0258,true,1,28644
7290113199767,false,ממרח שקדים 300 גרם השקדיה,פפאיינס,TW,ממרח 100% שקדים 300,,300.00,100 גרם,false,,27.90,0.0930,true,1,28645
7290113199781,false,ממרח אגוזים ובוטנים 200 גרם השקדיה,פפאיינס,TW,ממרח 100% אגוזים ובו,,200.00,100 גרם,false,,15.90,0.0795,true,1,28647
7290113284517,false,נייר טואלט בליסימו 3,,,נייר טואלט דו שכבתי,יחידה,0.00,יחידה,false,,29.90,0.0000,true,1,67603
7290113289109,false,קערות אלגנט קרם 25 י,,,קערות אלגנט קרם 25 י,יחידה,0.00,יחידה,false,,5.90,0.0000,true,1,27137
7290113289130,false,לפתניות אלגנט קרם 25,,,לפתניות אלגנט קרם 25,יחידה,0.00,יחידה,false,,5.90,0.0000,true,1,27140
7290113289222,false,מרקיות מתכלות יהלום,,,מרקיות מתכלות יהלום,יחידה,0.00,יחידה,false,,12.90,0.0000,true,1,27149
7290113289475,false,מפיות חד שכבתיות 80,,,מפיות חד שכבתיות 80,יחידה,0.00,יחידה,false,,4.90,0.0000,true,1,27157
7290113289550,false,צלחות מתכלות גדולות,,,צלחות מתכלות גדולות,יחידה,0.00,יחידה,false,,29.90,0.0000,true,1,27161
7290113289567,false,צלחות מתכלות קטנות ק,,,צלחות מתכלות קטנות ק,יחידה,0.00,יחידה,false,,19.90,0.0000,true,1,27162
7290114310222,false,חלב 1.5 ליטר 3% מועשר בסידן וויטמין D.,מילקו תעשיות בעמ,IL,חלב מועשר בסידן 1.5,ליטרים,1.50,ליטר,false,,11.50,7.6667,true,1,2583
7290114310338,false,צפתית מעודנת 5% 225 גר' משק צוריאל,מחלבת משק צוריאל,IL,צפתית מעודנת 5% משק,,225.00,100 גרם,false,,18.50,0.0822,true,1,19498
7290114310567,false,לאבנה עיזים 5% שומן 200 גרם,מחלבת משק צוריאל,IL,לאבנה עיזים 5% משק צ,,200.00,100 גרם,false,,14.60,0.0730,true,1,19511
7290114310673,false,גבינת לאבנה 9% 250 גרם,טרה,IL,לאבנה מחלב בקר 9% 25,,250.00,100 גרם,false,,12.50,0.0500,true,1,19521
7290114311014,false,"משקה חלב אייס קפוצינו יטבתה 250 מ""ל פקק",טרה,IL,משקה חלב אייס קפוצ'י,,250.00,"100 מ""ל",false,,5.80,0.0232,true,1,19541
7290114311021,false,"משקה חלב וניל עוגיות טרה 250 מ""ל פקק ספו",טרה,IL,משקה חלב וניל עוגיות,,250.00,"100 מ""ל",false,,5.80,0.0232,true,1,19542
7290114311298,false,יוגורט מולר פרופ בטעם תות בננה מלון 150,מולר Muller,IL,מולר פרופ תות בננה מ,,150.00,100 גרם,false,,5.30,0.0353,true,1,19564
7290114311304,false,יוגורט קציפת מנגו פסיפלורה בננה 150 ג' מולר,מולר Muller,IL,מולר פרופ מנגו פסיפל,,150.00,100 גרם,false,,5.30,0.0353,true,1,19565
7290114311328,false,חלב נטול לקטוז 2% שומן מועשר בויטמין D,ג'י.אר.אמ.גרופו אלימ,IL,חלב נטול לקטוז טרה 1,ליטרים,1.00,ליטר,false,,7.50,7.5000,true,1,19566
7290114311359,false,יוגורט עם קציפת מנגו 3% שומן פרופ 150 ג' מולר,מולר Muller,IL,מולר פרופ מנגו 3% 15,,150.00,100 גרם,false,,5.30,0.0353,true,1,19567
7290114311434,false,מולר אקטיב יוגורט בטעם קרמל מלוח 200 גרם,מולר Muller,IL,מולר אקטיב בטעם קרמל,,200.00,100 גרם,false,,6.20,0.0310,true,1,36284
7290114311441,false,"מולר אקטיב בטעם עוגיות חמאה 0% שומן, 200 גרם",מולר Muller,IL,מולר אקטיב בטעם עוגי,,200.00,100 גרם,false,,6.20,0.0310,true,1,36294
7290114311502,false,"משקה חלב בקבוק בטעם סחלב, 1 ליטר",מילקו תעשיות בעמ,IL,משקה חלב בטעם סחלב 1,ליטרים,1.00,ליטר,false,,12.20,12.2000,true,1,74075
7290114600927,false,עלי טורטיה חיטה מלאה מאסטר שף 320 גרם,אלקאטי קורביישיסי,TR,עלי טורטיה חיטה מלאה,,320.00,100 גרם,false,,9.90,0.0309,true,1,21729
7290114600941,false,מיונז מאסטר שף מיונז לחיץ 435 ג',רמיה סי.וי,NL,מאסטר שף מאסטר שף מ,,435.00,100 גרם,false,,12.90,0.0297,true,1,8281
7290114600996,false,"רוטב שום מאסטר שף 250 מ""ל",מאסטר שף,NL,מאסטר שף רוטב שום 25,,250.00,"100 מ""ל",false,,9.90,0.0396,true,1,8283
7290114603508,false,"רוטב להקצפה מאסטר שף 300 מ""ל",סיטי פוד,TH,מאסטר שף רוטב להקפצה,,300.00,"100 מ""ל",false,,7.90,0.0263,true,1,8287
7290114603539,false,קרוטונים למרק שום בצל מאסטר שף 350 גרם,מאסטר שף,IL,מאסטר שף קרוטונים למ,,350.00,100 גרם,false,,19.90,0.0569,true,1,21741
7290114604857,false,"דפי אורז מאסטר שף קוטר 22 ס""מ 400 גרם",לוק הונג טריידינג פר,VN,דפי אורז קוטר 22 כשל,,400.00,100 גרם,false,,10.90,0.0273,true,1,21748
7290114604895,false,ממרח ספייסי לחיץ מאסטר שף 446 גרם,מאסטר שף,NL,מאסטר שף ממרח ספייסי,,446.00,100 גרם,false,,12.90,0.0289,true,1,21751
7290114604901,false,ממרח שום לחיץ מאסטר שף 444 גרם,מאסטר שף,NL,מאסטר שף ממרח שום לח,,242.00,100 גרם,false,,12.90,0.0533,true,1,21752
7290114604932,false,רוטב ברביקיו דבש מאסטר שף 520 ג',רמיה סי.וי. הולנד,NL,מאסטר שף רוטב ברביקי,,520.00,"100 מ""ל",false,,12.90,0.0248,true,1,21753
7290114604949,false,מאסטר שף רוטב ברביקיו 524 גרם,רמיה סי.וי. הולנד,NL,מאסטר שף רוטב ברביקי,,524.00,"100 מ""ל",false,,12.90,0.0246,true,1,21754
7290114606530,false,רוטב בטעם מיונז וקטשופ מאסטר שף 515 גרם,מאסטר שף,NL,מאסטר שף רוטב בטעם מ,,515.00,100 גרם,false,,12.90,0.0250,true,1,21759
7290114606547,false,מיונז פטריות כמהין לחיץ מאסטר שף 242 גרם,מאסטר שף,NL,מאסטר שף מיונז עם כמ,,242.00,100 גרם,false,,12.90,0.0533,true,1,21760
7290114606554,false,מיונז מופחת קלוריות בקבוק לחיץ,מאסטר שף,NL,מאסטר שף מיונז לייט,,470.00,100 גרם,false,,12.90,0.0274,true,1,21761
7290114606578,false,שקדי מרק מאסטר שף 400 גרם,מנה,IL,שקדי מרק מאסטר שף 40,,400.00,100 גרם,false,,10.90,0.0273,true,1,21763
7290115071504,false,מטבעות שוקולד ברשת סמי הכבאי 31 גר,Sleenland Chocolate,NL,מטבעות שוקולד ברשת 3,,31.00,100 גרם,false,,3.90,0.1258,true,1,23423
7290115075182,false,מטבעות שוקולד ברשת חד קרן 31 גר,,NL,מטבעות שוקולד ברשת 3,,31.00,100 גרם,false,,3.90,0.1258,true,1,23472
7290115190014,false,סיגריות מרלבורו רד קצר בוקס,פיליפ מוריס,,סיגריות מרלבורו חפי,יחידה,0.00,יחידה,false,,35.00,0.0000,false,1,10753
7290115190236,false,סיגריות פרלמנט קצר בלו,פיליפ מוריס,,סיגריות פרלמנט (חפיס,יחידה,0.00,יחידה,false,,40.00,0.0000,false,1,10771
7290115190250,false,סיגריות פרלמנט נייטP,פיליפ מוריס,,סיגריות פרלמנט (חפיס,יחידה,0.00,יחידה,false,,40.00,0.0000,false,1,10773
7290115190359,false,L&M בלו לייבל קצר-חפיסה,פיליפ מוריס,,אל אם בלו לייבל קצר,יחידה,0.00,יחידה,false,,31.00,0.0000,false,1,10777
7290115190373,false,סיגריות ל.מ. קפסולהP,פיליפ מוריס,,אל אם פוב רד בודד,יחידה,0.00,יחידה,false,,31.00,0.0000,false,1,10779
7290115190410,false,ל.מ. סילבר לייבל חפיסה,פיליפ מוריס,,אל אם סילבר לייבל,יחידה,0.00,יחידה,false,,31.00,0.0000,false,1,10783
7290115190434,false,סיגריות LM לייט וייב סלימס,פיליפ מוריס,IL,אל אם וייב סלימס,יחידה,0.00,יחידה,false,,31.00,0.0000,false,1,10785
7290115190533,false,סיגריות נקסט כחול ארוך,פיליפ מוריס,,סיגריות נקסט (בודד),יחידה,0.00,יחידה,false,,28.00,0.0000,false,1,22792
7290115190892,false,מרלבורו פיוזן קפסולה חפיסה,פיליפ מוריס,IL,סיגריות מרלבורו פיוז,יחידה,0.00,יחידה,false,,28.90,0.0000,false,1,22810
7290115200027,false,פתי בר פינוקי שוקו 220 גר' אסם.,DR GERARD,PL,פתי בר פינוקי שוקו 2,,220.00,100 גרם,false,,9.90,0.0450,true,1,21297
7290115200713,false,במבה קלאסי מארז אחיד 8 50*5 ג',אסם,IL,מארז במבה קלאסי אסם,,250.00,100 גרם,false,,11.90,0.0476,true,1,21088
7290115201536,false,טבעול גורמה לביבות כרובית ותפוא 442 גרם,עיצובים 2020 (4.8),IL,טבעול גורמה לביבות כ,,442.00,100 גרם,false,,34.90,0.0790,true,1,21306
7290115201741,false,ביסלי בטעם בצל 70 גרם,"אסם השקעות בע""מ",IL,ביסלי בצל 70 גרם,,70.00,100 גרם,false,,3.90,0.0557,true,1,21099
7290115202816,false,מנה חמה פאוצ נדלס.אטר.טעם עוף 70 גרם,אסם,IL,מנה חמה פאוצ' נדלסאט,,70.00,100 גרם,false,,3.90,0.0557,true,1,21111
7290115202847,false,מנה חמה פאוצ' נדלס ספייסי אסם 70 ג',אסם,IL,מנה חמה פאוצ' נדלסאט,,70.00,100 גרם,false,,3.90,0.0557,true,1,21112
7290115203134,false,פופקו פופקורן במבה - פופקורן בציפוי קרמל ובוטנים,"אסם השקעות בע""מ",IL,פופקו פופקורן במבה 4,,80.00,100 גרם,false,,4.50,0.0563,true,1,21117
7290115203172,false,במבה PRO מכיל 18 גרם חלבון בשקית,"אסם השקעות בע""מ",IL,במבה אסם 80 גרם PRO,,80.00,100 גרם,false,,3.90,0.0487,true,1,21118
7290115204186,false,פסטו המעדינה של צבר,צבר,IL,פסטו המעדינה של צבר,,190.00,100 גרם,false,,12.90,0.0679,true,1,21314
7290115204261,false,אריסה חריפה המעדנייה,צבר,IL,אריסה חריפה המעדנייה,,190.00,100 גרם,false,,9.90,0.0521,true,1,21316
7290115205176,false,פיטנס - קרקר דק כפרי פיטנס 140 גרם,נסטלה Nestle,IL,פיטנס קרקר THIN כפרי,,140.00,100 גרם,false,,11.90,0.0850,true,1,21141
7290115205312,false,קרקר פיטנס דק עם זיתי קלמטה ועשבי תיבול,"אסם השקעות בע""מ",IL,פיטנס קרקר Thin Deli,,140.00,100 גרם,false,,11.90,0.0850,true,1,21142
7290115205978,false,פתיבר ואצבעות שוקולד 180 גרם - רבנות,"ד""ר ג'רארד בע""מ",PL,פתי בר אצבעות שוקולד,,180.00,100 גרם,false,,9.90,0.0550,true,1,21327
7290115207484,false,"""המעדניה"" צבר חציל על האש 400 גרם",ג'נרל מילס סאן אדריא,IL,חציל על האש היתר צבר,,400.00,100 גרם,false,,14.90,0.0373,true,1,21330
7290115207620,false,"רוטב בסגנון סויה קלאסי 290 מ""ל אסם",אסם,IL,אסם רוטב בסגנון סויה,,320.00,"100 מ""ל",false,,12.90,0.0403,true,1,21166
7290115207682,false,"אסם רוטב בסגנון סויה סיני 290 מ""ל",אסם,IL,אסם רוטב בסגנון סויה,,330.00,"100 מ""ל",false,,8.90,0.0270,true,1,21168
7290115207941,false,ויטמינצ'יק תרכיז אננס 1 ליטר,בית-השיטה עסיס תעשיו,IL,ויטמינצ'יק אננס 1 לי,ליטרים,1.00,ליטר,false,,21.90,21.9000,true,1,21170
7290115207989,false,ויטמינצ'יק תרכיז לימון 1 ליטר,בית-השיטה עסיס תעשיו,IL,ויטמינצ'יק לימון 1 ל,ליטרים,1.00,ליטר,false,,21.90,21.9000,true,1,21172
7290115208009,false,ויטמינצ'יק תרכיז ענבים 1 ליטר,בית-השיטה עסיס תעשיו,IL,ויטמינצ'יק ענבים 1 ל,ליטרים,1.00,ליטר,false,,21.90,21.9000,true,1,21173
7290115208047,false,ויטמינצ'יק תרכיז פטל 1 ליטר,בית-השיטה עסיס תעשיו,IL,ויטמינצ'יק פטל 1 ליט,ליטרים,1.00,ליטר,false,,21.90,21.9000,true,1,21174
7290115208061,false,ויטמינצ'יק תרכיז תפוח 1 ליטר,בית השיטה עסיס תעשיו,IL,ויטמינצ'יק תפוח 1 לי,ליטרים,1.00,ליטר,false,,21.90,21.9000,true,1,21175
7290115208320,false,אפרופו חטיף בטעם ביסלי בצל 50 גרם,"אסם השקעות בע""מ",IL,אפרופו בטעם ביסלי בצ,,50.00,100 גרם,false,,3.90,0.0780,true,1,49366
7290115209136,false,"טבעול חטיפי עוף צימחי העדה החרדית 1ק""ג",טבעול ישראל,IL,חטיפים צמחוניים בטעם,,1.20,"100 ק""ג",false,,39.90,33.2500,true,1,21334
7290115209174,false,במבה אורירית קלאסי 60 גר',אסם השקעות בעמ,IL,במבה אורירית 60 גרם,,80.00,100 גרם,false,,3.90,0.0487,true,1,21178
7290115209372,false,במבה במילוי בראוניז 150ג' אסם,"אסם השקעות בע""מ",IL,במבה במילוי בראוניז,,150.00,100 גרם,false,,10.00,0.0667,true,1,49125
7290115403312,false,עוגיות מלוחות קריספי,,,עוגיות מלוחות קריספי,,450.00,100 גרם,false,,15.90,0.0353,true,1,21366
7290115403329,false,עוגיות רשת קינמון מס,,,עוגיות רשת קינמון מס,,450.00,100 גרם,false,,15.90,0.0353,true,1,21367
7290115403404,false,עוגיות פרפריות שוקו,,,עוגיות פרפריות שוקו,,450.00,100 גרם,false,,15.90,0.0353,true,1,21374
7290115403435,false,עוגיות מעמול תמר אדל,,,עוגיות מעמול תמר אדל,,500.00,100 גרם,false,,15.90,0.0318,true,1,21377
7290115403510,false,עוגיות מגולגלות תמרי,,,עוגיות מגולגלות תמרי,,500.00,100 גרם,false,,15.90,0.0318,true,1,21385
7290115403527,false,עוגיות עינוגי תמרים,,,עוגיות עינוגי תמרים,,500.00,100 גרם,false,,15.90,0.0318,true,1,21386
7290115410068,false,סלט חציל במיונז 400 גר',סלטי היום,IL,חציל במיונז 400 גרם,,400.00,100 גרם,false,,10.90,0.0273,true,1,28468
7290115410075,false,טחינה 400 גרם סלטי ה,סלטי היום,IL,טחינה 400 גרם סלטי ה,,400.00,100 גרם,false,,10.90,0.0273,true,1,28469
7290115410112,false,חומוס 400 גרם סלטי ה,סלטי היום,IL,חומוס 400 גרם סלטי ה,,400.00,100 גרם,false,,10.90,0.0273,true,1,28472
7290115410549,false,המעדניה חומוס ירושלים 250 גר',סלטי היום,IL,חומוס מסעדות המעדניה,,250.00,100 גרם,false,,10.90,0.0436,true,1,28474
7290115410563,false,המעדניה חומוס מסבחה חריף אדום 250 גר',סלטי היום,IL,חומוס מסבחה חריף 250,,250.00,100 גרם,false,,10.90,0.0436,true,1,28476
7290115410587,false,טחינה לבנה המעדניה 2,סלטי היום,IL,טחינה לבנה 250 גרם -,,250.00,100 גרם,false,,10.90,0.0436,true,1,28478
7290115410600,false,המעדניה חציל במיונז 250 גר',סלטי היום,IL,חציל במיונז 250 גרם-,,250.00,100 גרם,false,,10.90,0.0436,true,1,28480
7290115675559,false,מארז קפה טורקי לדרך 70ג' עלית,שטראוס קפה בי.וי.,IL,מארז קפה טורקי לדרך,,70.00,100 גרם,false,,7.90,0.1129,true,1,22062
7290115675696,false,דגני בוקר קראנצ'ים שיבולת שועל עם אגוזים ושקדים,גלידות שטראוס,IL,דגני בוקר קוואקר שיב,,375.00,100 גרם,false,,19.90,0.0531,true,1,22325
7290115675986,false,יוגורט עם אגוזי לוז ושקדים בקרמל מלוח 4.5%,"שטראוס בריאות בע""מ",IL,דנונה קראנצ' אגוזים,,173.00,100 גרם,false,,4.50,0.0260,true,1,22258
7290115676051,false,"אקטיביה משקה+שיבולת שועל במתיקות מעודנת 250 מ""ל",מיוצר עי קונדיטוריית,IL,משקה אקטיביה עם שיבו,,265.00,100 גרם,false,,5.20,0.0196,true,1,22263
7290115676099,false,משקה דנונה פרו 20 יוגורט וניל 255 ג' רבנות,"שטראוס בריאות בע""מ.",IL,משקה יוגורט עם חלבון,,265.00,100 גרם,false,,7.20,0.0272,true,1,22265
7290115676273,false,אבקת קקאו 500 גרם +10% עלית,שטראוס גרופ,IL,עלית קקאו 500 גרם +1,,500.00,100 גרם,false,,23.90,0.0478,true,1,22071
7290115677089,false,קונפיטורת יד מרדכי תפוח וקינמון 340 גרם,"בית אל מזון בע""מ",IL,קונפיטורת תפוח וקינמ,,340.00,100 גרם,false,,9.90,0.0291,true,1,22073
7290115677362,false,נודלס טריאקי דלישס 350 גרם,"טרופיקל דגיל בע""מ אז",IL,נודלס טריאקי שטראוס,,350.00,100 גרם,false,,21.90,0.0626,true,1,21436
7290115677966,false,ממרח אבוקדו 200 ג' שטראוס,ג'י. אר. סימפלוט,MX,ממרח אבוקדו אחלה 200,,200.00,100 גרם,false,,14.90,0.0745,true,1,22278
7290115678222,false,מארז 8 גביעים יוגורט Greek בסגנון יווני 6.5% שומן,דנונה - שטראוס,IL,מארז שמינייה יוגורט,,130.00,100 גרם,false,,24.90,0.1915,true,1,22288
7290115678376,false,מעדן הגולן שוקולד 125 גרם,מיוצר עי קונדיטוריית,IL,מעדן הגולן מעדן חלב,,125.00,100 גרם,false,,3.10,0.0248,true,1,22294
7290115678383,false,מעדן הגולן שוקולד מריר 125 גרם,מיוצר עי קונדיטוריית,IL,מעדן הגולן מעדן חלב,,125.00,100 גרם,false,,3.10,0.0248,true,1,22295
7290115678635,false,נשנושי גבינה -גבינת שמנת 16%+כעכים שטוחים עם מלח,"מחלבת טבע עז בע""מ",IL,נשנושי גבינה 16% עם,,67.00,100 גרם,false,,10.90,0.1627,true,1,22302
7290115679960,false,ציטוס פופקורן בטעם טבעי 60 ג 24 יח,"שטראוס פריטו ליי בע""",IL,ציטוס פופקורן בטעם ט,,60.00,100 גרם,false,,4.20,0.0700,true,1,22334
7290116243986,false,אצבעות שוקולד ממולא בקרם חלב עם מדבקות 50 גרם - ברבי,MALABI,UA,אצבעות שוקולד ממולא,,50.00,100 גרם,false,,2.90,0.0580,true,1,23506
7290116244006,false,אצבעות שוקולד ממולא בקרם חלב עם מדבקות 50 גרם - מפרץ הרפתקאות,MALABI,UA,אצבעות שוקולד ממולא,,50.00,100 גרם,false,,2.90,0.0580,true,1,23508
7290116244044,false,מיניונים אצבעות שוקולד חלב 84 גרם,,NL,אצבעות שוקולד חלב מי,,84.00,100 גרם,false,,7.90,0.0940,true,1,23511
7290116244051,false,אצבעות שוקולד חלב 84 גרם LOL,,NL,אצבעות שוקולד חלב 84,,84.00,100 גרם,false,,7.90,0.0940,true,1,23512
7290116244075,false,סמי הכבאי אצבעות שוקולד חלב 84 גרם,,NL,אצבעות שוקולד חלב סמ,,84.00,100 גרם,false,,7.90,0.0940,true,1,23514
7290116270715,false,פילה ברבוניה ארוז בו,,,פילה ברבוניה ארוז בו,יחידה,0.00,יחידה,false,,24.90,0.0000,true,1,26672
7290116530185,false,דגני בוקר דלישקד קרמל מלוח 400 ג' תלמה,יוניליוור שפע ישראל,IL,דגני בוקר דלישקד קרמ,,400.00,100 גרם,false,,20.90,0.0522,true,1,20054
7290116531090,false,דג-דג חטיף אפוי במליחות מעודנת 250 גרם,בייגל את בייגל מזון,IL,דג דג חטיף אפוי במלי,,250.00,100 גרם,false,,9.90,0.0396,true,1,20068
7290116531779,false,בדין - דפים למייבש כביסה כחול 40 יחידות,"קלינטסט - 3p ארה""ב",US,בדין דפי מייבש כחול,יחידה,0.00,יחידה,false,,14.90,0.0000,true,1,20088
7290116532462,false,גלידת שמנת קליק בטעמי שוקולד בננה 384 ג' שטראוס,"גלידת שטראוס בע""מ, ר",IL,גלידת שמנת קליק בטעם,,520.00,"100 מ""ל",false,,19.90,0.0383,true,1,19245
7290116533063,false,דגני בוקר שוגי קרטיב ענבים 400 גרם,אתר שפע - Food,IL,שוגי דגני בוקר בטעם,,400.00,100 גרם,false,,19.90,0.0497,true,1,20114
7290116533216,false,"קנור מרק תיבול ירקות 235 מ""ל",יוניליוור,IL,מרק ירקות 100% רכיבי,,235.00,100 גרם,false,,20.90,0.0889,true,1,47870
7290116930282,false,ארוחה בקטנה לאבנה עם קרקרים 150ג' תנובה,תנובה,IL,לאבנה 9% שומן עם קרק,,150.00,100 גרם,false,,7.50,0.0500,true,1,22650
7290116930459,false,"יופלה שייק מנגו בננה אננס וקוקוס 230 מ""ל",קבוצת המזון אקטשלאר,IL,יופלה SHAKE בננה אנ,,230.00,"100 מ""ל",false,,7.90,0.0343,true,1,22656
7290116930466,false,"משקה SHAKE בננה מנגן פסיפלורה והל 230 מ""ל יופלה",קבוצת המזון אקטשלאר,IL,יופלה SHAKE מנגו בנ,,230.00,"100 מ""ל",false,,7.90,0.0343,true,1,22657
7290116930480,false,"משקה SHAKE בננה קיווי תפוח 230 מ""ל יופלה",קבוצת המזון אקטשלאר,IL,יופלה SHAKE בננה קי,,230.00,"100 מ""ל",false,,7.90,0.0343,true,1,22658
7290116930657,false,משקה חלב גו בטעם בננה תמר עם ש. שועל 340,תנובה מרכז שיתופי לש,IL,משקה GO בננה תמר עם,,340.00,"100 מ""ל",false,,7.50,0.0221,true,1,60770
7290116930954,false,יוגורט טעם פאי תפוחים 3% 150 ג' יופלה,"תנובה בע""מ",IL,יופלה בטעם פאי תפוחי,,150.00,"100 מ""ל",false,,5.20,0.0347,true,1,60735
7290116931012,false,יופלה דיאט 0% שומן תפוח וקינמון 150 גרם,תנובה מרכז שיתופי לש,IL,יופלה דיאט 0% שומן ת,,150.00,"100 מ""ל",false,,5.00,0.0333,true,1,60746
7290116931074,false,פרוסות טל העמק 32% שומן 300 גרם,"תנובה בע""מ",IL,גבינת טל העמק 32% שו,,300.00,100 גרם,false,,26.90,0.0897,true,1,22679
7290116931289,false,יוגורט GO סמיך 0% אלפחורס 200 גרם,תנובה מרכז שיתופי לש,IL,יוגורט גו סמיך 0% אל,,200.00,100 גרם,false,,6.20,0.0310,true,1,59105
7290117260579,false,חטיף קראנצ'י על בסיס קמח עדשים בטעם שמנת חמוצה ובצל 80 ג',וילי פוד,LT,חטיף קראנצ'י על בסיס,,80.00,100 גרם,false,,7.90,0.0988,true,1,47665
7290117260586,false,חטיף קראנצ'י על בסיס קמח עדשים בטעם פלפל חלפיניו וליים 80 ג',וילי פוד,LT,חטיף קראנצ'י על בסיס,,80.00,100 גרם,false,,7.90,0.0988,true,1,47666
7290117260593,false,חטיף קראנצ'י על בסיס קמח עדשים בטעם צ'דר 80 ג',וילי פוד,LT,חטיף קראנצ'י על בסיס,,80.00,100 גרם,false,,7.90,0.0988,true,1,47667
7290117261354,false,גבינת ריקוטה 200 גרם 5%שומן מחלבת אירופה,באלבן גידה סנאי,TR,גבינת ריקוטה 5% שומ,,200.00,100 גרם,false,,9.90,0.0495,true,1,19089
7290117261422,false,EURO יוגורט פרוביוטי עם תות שדה 2% 125 גרם,Euro יורו מחלבות אירופה,TR,יוגורט פרוביוטי עם ת,,125.00,100 גרם,false,,2.90,0.0232,true,1,61211
7290117261439,false,EURO יוגורט פרוביוטי עם פירות יער 2% 125 גרם,Euro יורו מחלבות אירופה,TR,יוגורט פרוביוטי עם פ,,125.00,100 גרם,false,,2.90,0.0232,true,1,61212
7290117261446,false,יוגורט פרוביוטי עם אפרסק ומשמש 2%שומן 125ג',Euro יורו מחלבות אירופה,TR,יוגורט פרוביוטי אפרס,,125.00,100 גרם,false,,2.90,0.0232,true,1,61213
7290117380154,false,"מאסטר שף רוטב אסיאתי עם סויה 260 מ""ל",Remia CV,NL,רוטב אסיאתי עם סויה,,264.00,"100 מ""ל",false,,9.90,0.0375,true,1,21782
7290117380864,false,עוגות בראוניס אישיות בטעם שוקולד 120 ג' סלים דליס פייבר,הלמה הלום,NL,סלים דליס פייבר - עו,,120.00,100 גרם,false,,10.90,0.0908,true,1,21787
7290117380871,false,עוגות אישיות בטעם אוכמניות 120 ג' סלים דליס פייבר,הלמה הלום,NL,סלים דליס פייבר - עו,,120.00,100 גרם,false,,10.90,0.0908,true,1,21788
7290117383728,false,"מארז זוג תחליב רחצה לומינוס  אבוקדו 750 מ""ל פלמוליב",קולגייט פלמוליב,TR,פלמוליב לומינוס אבוק,,1500.00,100 ליטר,false,,30.00,0.0200,true,1,55385
7290117821398,false,ביצת הפתעה פלסטיק עם סוכריות קשות 10 גרם כבאית,שמחה,IL,ביצת הפתעה פלסטיק עם,,10.00,100 גרם,false,,5.90,0.5900,true,1,23550
7290117860038,false,"הוואי - תחליב רחצה יוגורט בניחוח אוכמניות 700 מ""ל","טרופיקל גליל בע""מ",IL,תחליב רחצה יוגורט בנ,,700.00,"100 מ""ל",false,,14.90,0.0213,true,1,56053
7290117860045,false,שמפו תמציות אלוורה ותה ירוק לשיער רגיל,"טרופיקל גליל בע""מ",IL,שמפו מטפח לשיער רגיל,,700.00,"100 מ""ל",false,,14.90,0.0213,true,1,53425
7290117860090,false,מרכך תמציות אלוורה ותה ירוק לשיער רגיל,"טרופיקל גליל בע""מ",IL,מרכך מטפח לשיער רגיל,,700.00,"100 מ""ל",false,,14.90,0.0213,true,1,53426
7290117860137,false,"הוואי קרם רחצה בניחוח פרח הקמליה, 700 מ""ל","טרופיקל גליל בע""מ",IL,תחליב רחצה בניחוח פר,,700.00,"100 מ""ל",false,,14.90,0.0213,true,1,56055
7290117860199,false,שמפו שמן ורד הבר ושמן מקדמיה לשיער יבש,"טרופיקל גליל בע""מ",IL,שמפו לשיער יבש הוואי,,700.00,"100 מ""ל",false,,14.90,0.0213,true,1,53428
7290117860243,false,"הוואי - מרכך מעניק לחות לשיער יבש 700 מ""ל","טרופיקל גליל בע""מ",IL,מרכך לשיער יבש הוואי,,700.00,"100 מ""ל",false,,14.90,0.0213,true,1,53429
7290117860298,false,שמפו קומפלקס קרטין לשיער עדין או חלש,"טרופיקל גליל בע""מ",IL,שמפו קרטין מחזק הווא,,700.00,"100 מ""ל",false,,14.90,0.0213,true,1,57529
7290117860397,false,שמפו תמצית פריחת הדובדבן לשיער רגיל,"טרופיקל גליל בע""מ",IL,שמפו פריחת הדובדבן ה,,700.00,"100 מ""ל",false,,14.90,0.0213,true,1,53430
7290117860496,false,שמפו + מרכך 2 ב 1 לגבר תמצית ג'ינג'ר,"טרופיקל גליל בע""מ",IL,שמפו לגבר + מרכך 2ב-,,700.00,"100 מ""ל",false,,14.90,0.0213,true,1,53432
7290117860748,false,שמפו תמצית יסמין מעניק נפח לשיער דק,"טרופיקל גליל בע""מ",IL,שמפו מעניק נפח הוואי,,700.00,"100 מ""ל",false,,14.90,0.0213,true,1,57534
7290117860793,false,מרכך תמצית יסמין מעניק נפח לשיער דק,"טרופיקל גליל בע""מ",IL,מרכך מעניק נפח הוואי,,700.00,"100 מ""ל",false,,14.90,0.0213,true,1,57535
7290117860892,false,"הוואי - תחליב רחצה יוגורט בניחוח וניל ודבש 700 מ""ל","טרופיקל גליל בע""מ",IL,תחליב רחצה יוגורט בנ,,700.00,"100 מ""ל",false,,14.90,0.0213,true,1,56040
7290117860991,false,"תחליב רחצה יוגורט בניחוח שקדים 700 מ""ל הוואי","טרופיקל גליל בע""מ",IL,תחליב רחצה יוגורט בנ,,700.00,"100 מ""ל",false,,14.90,0.0213,true,1,56042
7290117900932,false,גרעיני אבטיח קלויים,,,גרעיני אבטיח קלויים,,130.00,100 גרם,false,,10.90,0.0838,true,1,28659
7290117900963,false,בוטנים קלויים 270 גרם,,IL,בוטנים קלויים 270 גר,,270.00,100 גרם,false,,10.90,0.0404,true,1,28662
7290117901007,false,פיסטוקים קלויים 130 גרם,,IL,פיסטוק קלוי 130 גרם,,130.00,100 גרם,false,,15.90,0.1223,true,1,28666
7290117901014,false,אגוזי קשיו קלויים,,IL,קשיו קלוי 160 גרם,,160.00,100 גרם,false,,15.90,0.0994,true,1,28667
7290117901045,false,בוטן רביולי 200 גרם.,,IL,בוטן רביולי 200 גרם,,200.00,100 גרם,false,,15.90,0.0795,true,1,28670
7290117901250,false,ממרח עגבניות מיובשות בתוספת זיתים ירוקים 290 ג' גורמה,,,ממרח עגבניות מיובשות,,290.00,100 גרם,false,,14.90,0.0514,true,1,60488
7290117901267,false,ממרח פלפלים אדומים וחצילים קלויים 290 ג' גורמה,,,ממרח חצילים קלויים ו,,290.00,100 גרם,false,,14.90,0.0514,true,1,60489
7290118420415,false,אסם קטשופ קלאסי היתר מכירה 750 גרם,"אסם תעשיות מזון בע""מ",IL,.אסם קטשופ בקבוק לחי,,750.00,100 גרם,false,,9.90,0.0132,true,1,77981
7290118420477,false,אסם בייגלה שטוחים בטעם ביסלי בצל 300 גר,אסם,IL,בייגלה שטוחים בטעם ב,,300.00,100 גרם,false,,10.90,0.0363,true,1,49344
7290118873082,false,בדיקות לזיהוי אנטיגן,,IL,בדיקות לזיהוי אנטיגן,יחידה,0.00,יחידה,false,,49.90,0.0000,true,1,80292
7290119460014,true,רקפת עץ 13,,,רקפת עץ 13,יחידה,0.00,יחידה,false,,24.90,0.0000,true,1,75422
7290119460021,true,ניצנית קלנדיבה מיקס,,,ניצנית קלנדיבה מיקס,יחידה,0.00,יחידה,false,,19.90,0.0000,true,1,75434
7290119460045,true,נץ חלב עץ 12,,,נץ חלב עץ 12,יחידה,0.00,יחידה,false,,24.90,0.0000,true,1,75445
7290119460052,true,פעמוני גשם עץ 12,,,פעמוני גשם עץ 12,יחידה,0.00,יחידה,false,,24.90,0.0000,true,1,75446
7291008084915,false,תמר מג'הול 500גר,,,תמר מג'הול 500גר,,500.00,100 גרם,false,,10.00,0.0200,true,1,27468
7296021040580,false,"קערת נירוסטה 26 ס""מ",,,קערה 26 ס'מ נירוסטה,יחידה,0.00,יחידה,false,,26.90,0.0000,true,1,25688
7296021133541,false,מצקת נירוסטה ידית שח,KIS CHINA,CN,מצקת נירוסטה ידית שח,יחידה,0.00,יחידה,false,,21.00,0.0000,true,1,14813
7296021133596,false,כף בישול ידית שחורה,KIS CHINA,CN,כף בישול ידית שחורה,יחידה,0.00,יחידה,false,,15.90,0.0000,true,1,14818
7296021133732,false,כף עוגה ידית שחורה נ,KIS CHINA,CN,כף עוגה ידית שחורה נ,יחידה,0.00,יחידה,false,,9.90,0.0000,true,1,14828
7296021136917,false,תבנית CS לאפיה אינגל,,,תבנית CS לאפיה אינגל,יחידה,0.00,יחידה,false,,144.90,0.0000,true,1,25705
7296021171031,false,קולפנים סט (3) בדיספ,,,סט 3 קולפנים,יחידה,0.00,יחידה,false,,16.90,0.0000,true,1,25753
7296021187926,false,סט סכום 24 חלקים ברו,,,"סכו""ם נירוסטה סט 24",יחידה,0.00,יחידה,false,,299.90,0.0000,true,1,25761
7296021261510,false,סיר יציקה עם ידית אפ,,,סיר יציקה עם ידית אפ,יחידה,0.00,יחידה,false,,459.90,0.0000,true,1,25803
7296021261602,false,מחבת יציקה עמוקה + מ,,,מחבת יציקה עמוקה + מ,יחידה,0.00,יחידה,false,,649.90,0.0000,true,1,25810
7296021268533,false,קלחת עם מכסה לבישול,,,קלחת עם מכסה לבישול,יחידה,0.00,יחידה,false,,499.90,0.0000,true,1,25845
7297373004404,false,רב מגבת לבן 800 גרם,,,רב מגבת לבן 800 גרם,יחידה,0.00,יחידה,false,,18.90,0.0000,true,1,28977
7297488098152,false,דגש קמח חומוס ללא גל,אף.סי תבליני בגליל ב,IL,דגש קמח חומוס ללא גל,,500.00,100 גרם,false,,16.90,0.0338,true,1,18249
7297488098176,false,קמח סויה ללא גלוטן ד,אף.סי. תבליני הגליל,IL,דגש קמח סויה ללא גלו,,500.00,100 גרם,false,,10.90,0.0218,true,1,18251
7297488098688,false,"פצפוצי אורז מלא ללת""ס דגש 450 גרם","תירפז בע""מ",IL,דגש פצפוצי אורז מלא,,450.00,100 גרם,false,,22.90,0.0509,true,1,18259
7297488099753,false,עוגיות בטעם שוקולד וקוקוס 250 גרם,תות תעשיות מזון (201,IL,דגש עוגיות בטעם שוקו,,250.00,100 גרם,false,,28.90,0.1156,true,1,18260
7297621000998,false,מגבונים בדלי 250 יח',,,מגבונים בדלי 250 יח',יחידה,0.00,יחידה,false,,18.90,0.0000,true,1,28978
7312040017683,false,וודקה אבסולוט בקבוק,חברת אבסולוט,SE,אבסולוט וודקה 700 מל,,700.00,"100 מ""ל",false,,59.90,0.0856,true,1,12364
7394376616778,false,אוטלי משקה שיבולת שועל להקצפה בריסטה 1 ליטר,טרנסומס פוד,SE,משקה שיבולת שועל להק,ליטרים,1.00,ליטר,false,,15.90,15.9000,true,1,8295
7501013122114,false,"נקטר משקה אננס בקרטונית ג'ומקס, 1 ל'",חומקס קומר קומרסאליז,MX,ג'ומקס נקטר אננס קרט,ליטרים,1.00,ליטר,false,,9.50,9.5000,true,1,13884
7501013122190,false,ג'ומקס מיץ תפוחים קרטונית ליטר תריסר,חומקס קומר קומרסאליז,MX,ג'ומקס משקה תפוחים ק,ליטרים,1.00,ליטר,false,,9.50,9.5000,true,1,13885
7501013138856,false,יוניקו תפוזים סחוט ט,,,יוניקו תפוזים סחוט ט,ליטרים,1.00,ליטר,false,,12.90,12.9000,true,1,25309
7503024460681,false,"שישיית בירה קורונה אקסטרה 355 מ""ל בקבוק",,,שישיית בירה קורונה 3,ליטרים,2.13,ליטר,false,,35.90,16.8545,true,1,67173
7509546061672,false,דאודורנט סטיק אקסטרים אינטנס,קולגייט פלמוליב,US,דאודורנט ספיד סטיק,,50.00,100 גרם,false,,21.90,0.4380,true,1,46816
7610008059080,false,טבלת שוקולד רגוסה מריר עם שקדים 100 גר,,CH,טבלת רגוסה מריר חדש,,100.00,100 גרם,false,,15.90,0.1590,true,1,28936
7610008059103,false,טבלת שוקולד טורינו חלב 100 גר,,CH,טבלת טורינו חלב חדש,,100.00,100 גרם,false,,15.90,0.1590,true,1,28938
7610008059110,false,טבלת שוקולד טורינו מריר 100 גר,,,טבלת טורינו מריר 100,,100.00,100 גרם,false,,15.90,0.1590,true,1,28939
7610243004463,false,"דורגול - מרסס להסרת אבנית במקלחון 600 מ""ל",יעקבי- דורגול Durgol,CH,דורגול מסיר אבן מרסס,יחידה,0.00,יחידה,false,,19.90,0.0000,true,1,4263
7610400075787,false,שוקולד חלב עם אגוזי לוז שלמים,"לינדט ושפרונגלי, קיל",CH,לינדט לה גרנד חלב עם,,150.00,100 גרם,false,,23.90,0.1593,true,1,5138
7610400085946,false,לינדט לגרנד דארק אלמונד סולט 150 גרם,לינדט,,לינדט לה גרנד ד.אלמו,,150.00,100 גרם,false,,23.90,0.1593,true,1,5139
7613030979647,false,דגני בוקר טריקס פירות עולם היורה 480 ג',ג'נרל מילס סאן אדריא,IL,דגני בוקר טריקס 480,,480.00,100 גרם,false,,19.90,0.0415,true,1,7183
7613031608850,false,פיטנס Fitness דגני בוקר קלאסי,נסטלה צרפת איטנקורט,FR,דגני בוקר פיטנס נסטל,,625.00,100 גרם,false,,25.90,0.0414,true,1,7185
7613033548192,false,פיטנס - דגני בוקר שוקולד מריר 375 גרם,נסטלה צרפת איטנקורט,FR,דגני בוקר פיטנס שוקו,,375.00,100 גרם,false,,19.90,0.0531,true,1,7195
7613035548374,false,דגני בוקר גולדן מיניס מחיטה מלאה ותירס,נסטלה פולין דגני בוק,FR,דגני בוקר גולדן מיני,,570.00,100 גרם,false,,19.90,0.0349,true,1,7207
7613035622623,false,פיטנס - גרנולה שקדים ודבש 300 גרם,שוורצקוף& הנקל דיסלד,LT,פיטנס גרנולה שקדים ו,,300.00,100 גרם,false,,14.90,0.0497,true,1,7210
7613035635845,false,פיטנס גרנולה שוקולד 14*300 גרם,שוורצקוף& הנקל דיסלד,LT,פיטנס גרנולה שוקולד,,300.00,100 גרם,false,,14.90,0.0497,true,1,7211
7613035758834,false,פיטנס גרנולה חמוציות 300 גרם,שוורצקוף& הנקל דיסלד,LT,פיטנס גרנולה חמוציות,,300.00,100 גרם,false,,14.90,0.0497,true,1,7212
7613035807778,false,פרפקטו רוטב עגבניות לבולונז 400 ג' אסם,אסם פרפקטו Perfecto,ES,פרפקטו רוטב עגבניות,,400.00,100 גרם,false,,8.90,0.0223,true,1,7213
7613035809109,false,פרפקטו רוטב עגבניות ובזיליקום 400 ג'אסם,אסם פרפקטו Perfecto,ES,פרפקטו רוטב עגבניות,,400.00,100 גרם,false,,8.90,0.0223,true,1,7214
7613036105606,false,דוגלי בקר לכלבים בוגרים,נסטלה פורינה פטקר הו,HU,דוגלי בוגר בקר 4*3קג,קילוגרמים,3.00,"ק""ג",false,,46.90,15.6333,true,1,7220
7613036314114,false,נסקפה גולד Gold קפה נמס מיובש בתוספת קפה קלוי,נסקפה Nescafe,IL,נסקפה גולד 200 גרם,,200.00,100 גרם,false,,45.90,0.2295,true,1,7231
7613037204797,false,סטארבקס - פולי קפה בלונד אספרסו 450 גרם,סטארבקס,PT,סטארבקס פולי קפה בלו,,450.00,100 גרם,false,,50.00,0.1111,true,1,21190
7613037811629,false,דגני בוקר קורנפלקס גו פרי 500 גר',שוורצקוף& הנקל דיסלד,IL,קורנפלקס גו פרי 500,,500.00,100 גרם,false,,9.90,0.0198,true,1,7266
7613287182326,false,מחית בננה תפוח ויטמינצ'יק 110 ג',"נסטלה ספרד ס.א, מפעל",ES,פאוץ בננה תפוח ויטמי,,110.00,100 גרם,false,,4.90,0.0445,true,1,21203
7613287325808,false,אוסם - דיפ אנד ספרד מטבל איולי שום 295 גרם,נסטלה פולין,PL,רוטב איולי שום לחיץ,,295.00,100 גרם,false,,12.90,0.0437,true,1,21209
7613287325822,false,אוסם - דיפ אנד ספרד מטבל מיקס 295 גרם,אסם,PL,רוטב מיקס לחיץ אסם 2,,295.00,100 גרם,false,,12.90,0.0437,true,1,21210
7613287325952,false,אוסם - דיפ אנד ספרד מטבל ברבקיו 345 גרם,דפטונה פולין,PL,רוטב ברביקיו לחיץ אס,,345.00,100 גרם,false,,12.90,0.0374,true,1,21212
7613287394323,false,אסם מולטי צ'יריוס 14*600 גרם 2021,נסטלה Nestle,GB,מולטי צ'יריוס 100% ד,,600.00,100 גרם,false,,19.90,0.0332,true,1,21215
7613287476494,false,אוסם - דיפ אנד ספרד מיונז בסגנון צרפתי 280 גרם,נסטלה פולין,PL,מיונז לחיץ אסם 280 ג,,280.00,100 גרם,false,,12.90,0.0461,true,1,21216
7613287821348,false,נתחוני עוף טבעוני סנסשיונל טבעול 350 ג',ג'נרל מילס סאן אדריא,CZ,נתחוני עוף טבעוני סנ,,350.00,100 גרם,false,,34.90,0.0997,true,1,21343
7614500010310,false,שוקולד בר לבן 100 ג' טובלרון,,,בר טובלורון לבן 100,יחידה,0.00,יחידה,false,,9.90,0.0000,true,1,28941
7622201139278,false,גבינת שמנת 27% שומן 150 ג' פילדלפיה,מיודלז אספניה פרודוק,ES,פילדלפיה גבינת שמנת,,150.00,100 גרם,false,,11.90,0.0793,true,1,6089
7622201521493,false,גבינת פילדלפיה שום ועשבי תיבול 150 גרם,מיודלז אספניה פרודוק,ES,גבינת שמנת עם שום וע,,150.00,100 גרם,false,,11.90,0.0793,true,1,20870
7622201798154,false,גבינת שמנת לייט מופחתת שומן 13% שומן,מיודלז אספניה פרודוק,ES,פילדלפיה גבינת שמנת,,150.00,100 גרם,false,,11.90,0.0793,true,1,20871
7622201801809,false,מילקה- שוק' חלב עם אגוזים 100 גר' חדש,מנדלז דויצ'לנד סנקס,DE,מילקה שוקוד חלב עם א,,100.00,100 גרם,false,,5.90,0.0590,true,1,19266
7622201802363,false,שוקולד מילקה טבלה חלב צימוקים ואגוזים 100ג',מנדלז דויצ'לנד סנקס,DE,מילקה שוקולד חלב עם,,100.00,100 גרם,false,,5.90,0.0590,true,1,19267
7622201802394,false,שוקולד מילקה חלב מסרונים 100 גרם,מנדלז דויצ'לנד סנקס,DE,מילקה שוקולד חלב 100,,100.00,100 גרם,false,,5.90,0.0590,true,1,19268
7622201808631,false,מיני עוגיות אוראו במילוי קרם בטעם וניל,פי.טי. מונדלז אינדונ,ID,אוראו מיני כוסות בטע,,67.00,100 גרם,false,,6.90,0.1030,true,1,19269
7622201813390,false,עוגיות מילקה וואפל במילוי קרם קקאו 150 ג,מונדליז סי.אר. ביסקו,PL,מילקה וואפל במילוי ק,,150.00,100 גרם,false,,9.90,0.0660,true,1,19271
7622210453327,false,עוגיות שוקוצ'יפס במילוי שוקולד סנסיישן,מנדלז פולסקה פרודקשן,PL,מילקה סנסיישן 156 גר,,156.00,100 גרם,false,,9.90,0.0635,true,1,1938
7622210464729,false,"עוגיות אוראו גולדן, 154 גרם",אוראו Oreo,UA,עוגיות אוראו גולדן 1,,154.00,100 גרם,false,,6.90,0.0448,true,1,1939
7622210637994,false,מיני עוגיות אוראו קראנצ'י בייטס אורגינל,מונדלז אספניה ג'לאטס,ES,קראנצ'י בייטס אוראו,,110.00,100 גרם,false,,7.90,0.0718,true,1,19275
7622300270506,false,מילקה גריינס - עוגיות שיבולת שועל מצופות שוקולד 168 ג',מונדלז פולסקה פרודקש,PL,מילקה גריינס עוגיות,,168.00,100 גרם,false,,9.90,0.0589,true,1,1955
7622300489427,false,עוגיות אוראו בציפוי שוקולד לבן 246 גרם,מנדלז אספנה גאלטס פר,ES,אוראו פאג שוקולד לבן,,246.00,100 גרם,false,,14.90,0.0606,true,1,1959
7622300489434,false,"עוגיות אוראו פאדג' בציפוי שוקולד חלב, 246 גרם",מנדלז אספנה גאלטס פר,ES,אוראו פאג שוקולד חלב,,246.00,100 גרם,false,,14.90,0.0606,true,1,1960
7622300503079,false,מילקה מוו - ביסקוויט מצופה שוקולד חלב 200 ג',מונדלז פולסקה פרודקש,PL,מילקה מוו - ביסקוויט,,200.00,100 גרם,false,,9.90,0.0495,true,1,1962
7622300617820,false,שוקלד מילקה טבלת חלב אוראו 100ג',מנדלז דויצ'לנד סנקס,DE,מילקה שוקולד אוראו 1,,100.00,100 גרם,false,,5.90,0.0590,true,1,1963
7630311507016,false,סטארבקס קפסולות סאני דיי 57 ג,סטארבקס Starbucks,CH,סטארבקס קפסולות סאני,,57.00,100 גרם,false,,21.90,0.3842,true,1,21219
7630477891592,false,קפסולות האוס בלנד לונגו עוצמה 8 - 10 יח',סטארבקס Starbucks,CH,קפסולות האוס בלנד סט,,57.00,100 גרם,false,,21.90,0.3842,true,1,21220
7630477891639,false,קפסולות קפה ורונה עוצמה 10 - 10 יח',סטארבקס Starbucks,CH,סטארבקס קפסולות ורונ,,55.00,100 גרם,false,,21.90,0.3982,true,1,7278
7630477891677,false,קפסולות פייק פלייס לונגו עוצמה 7 - 10 יח',סטארבקס Starbucks,IL,קפס' פייק פלייס סטאר,,53.00,100 גרם,false,,21.90,0.4132,true,1,21221
7630477891691,false,סטארבקס - קפסולות קולומביה 57 גרם * 10,סטארבקס Starbucks,IL,סטארבקס קפסולות קולו,,57.00,100 גרם,false,,21.90,0.3842,true,1,7280
7630477891714,false,סטארבקס - קפסולות אספרסו 57 גרם * 10,סטארבקס Starbucks,CH,קפסולות אספרסו סטארב,,57.00,100 גרם,false,,21.90,0.3842,true,1,21222
7702024074625,false,פיטנס - חטיפי קרקר חיטה מלאה 234 גרם,קומסטיבלס לה רוזה אס,CO,פיטנס חטיפי קרקר חיט,,234.00,100 גרם,false,,11.90,0.0509,true,1,7283
7702174066631,false,לקקן יוגטה פין פופ במילוי מסטיק 170 גר,הדקלאים אגודת שיתופי,EC,יוגטה פינפופ לקקן 10,,180.00,100 גרם,false,,7.90,0.0439,true,1,4658
7702174068826,false,סוכריות לקקן במילוי טופי בטעמי יוגורט פירות,יוגטה yogueta,CO,יוגטה לקקן חדש 12יח,,216.00,100 גרם,false,,8.90,0.0412,true,1,4659
7702174070201,false,סוכריות לקקן במילוי טופי בטעם מסטיק,יוגטה yogueta,EC,לקקן בטעם מסטיק ממול,,216.00,100 גרם,false,,8.90,0.0412,true,1,14252
7790040423022,false,עוגיית אלפחורס בונבון במיולי קרם בוטנים 19.5 גר',,AR,בון בון סנדוויץ אלפח,,19.50,100 גרם,false,,1.90,0.0974,true,1,20496
7790580412654,false,בונבוניירה בון בון צ,ארקור,AR,בון בון צהוב 270 גרם,,270.00,100 גרם,false,,18.90,0.0700,true,1,4898
7791875005353,false,ריבת חלב הוואנה דוצה דה לצה 450 גרם,פרימיום ברנד,ES,הוואנה ריבת חלב 450,,450.00,100 גרם,false,,18.90,0.0420,true,1,20567
7897654496197,true,חנוכייה מתכת,,,חנוכייה מתכת,יחידה,0.00,יחידה,false,,19.90,0.0000,true,1,28399
8000070064553,false,קפסולות אספרסו לוואצה רוסה 10 16 יח,,,קפסולת LAVAZZA ROSSA,,120.00,100 גרם,false,,29.90,0.2492,true,1,20407
8000215204554,false,משקה אורז קוקוס אורגני 1 ליטר ויטריז,ויטריז Vitariz,,משקה אורז קוקוס אורג,ליטרים,1.00,ליטר,false,,14.90,14.9000,true,1,18272
8000215204561,false,VITASI משקה שקדים אורגני 1 ליטר,בטר אנד דיפרנט,IT,משקה שקדים 1 ליטר,ליטרים,1.00,ליטר,false,,16.90,16.9000,true,1,18273
8000215204677,false,משקה ש.שועל בריסטה אורגני 1 ליטר ויטריז,בטר אנד דיפרנט,IT,משקה שיבולת שועל אור,ליטרים,1.00,ליטר,false,,14.90,14.9000,true,1,27477
8000215204714,false,משקה שיבולת שועל אורגני 1 ליטר PRIMAVENA,בטר אנד דיפרנט,IT,משקה שיבולת שועל אור,ליטרים,1.00,ליטר,false,,14.90,14.9000,true,1,18275
8000380003723,false,גרנד פטיסרי עוגיות וופל אגוזים 100ג',קריניציה ויטמינה אס,IT,גרנד פטיסרי ופל אגוז,,100.00,100 גרם,false,,11.90,0.1190,true,1,4666
8000380003761,false,וופל גרנדה פטיסרי קוקוס שוקולד 100ג',קריניציה ויטמינה אס,IT,גרנד פטיסרי ופל קוקו,,100.00,100 גרם,false,,11.90,0.1190,true,1,4667
8000380004669,false,וופל לואקר סנדוויץ קוביות ושוקולד 200ג',"א. לואקר, קונפקט ג'י",AT,לואקר וופל סנדוויץ',,200.00,100 גרם,false,,11.90,0.0595,true,1,4668
8000380004676,false,קוביות וופל סנדוויץ Sandwich עם וניל וחלב,"א. לואקר, קונפקט ג'י",AT,לואקר וופל קרם וניל,,200.00,100 גרם,false,,11.90,0.0595,true,1,4669
8000380004911,false,קוביות וופל קואדרטיני Quadratini קרם אגוזים,קריניציה ויטמינה אס,AT,וופל קואדרטיני אגוז,,250.00,100 גרם,false,,13.90,0.0556,true,1,4670
8000380004966,false,וופל קוארדטיני לואקר קוביות שוקולד 250ג',קריניציה ויטמינה אס,AT,וופל קואדרטיני קקאו,,250.00,100 גרם,false,,13.90,0.0556,true,1,4671
8000380007219,false,וופל לואקר אגוז קלאסי 175ג',ליימן מותגים,AT,וופל לואקר אגוז 175,,175.00,100 גרם,false,,10.90,0.0623,true,1,4675
8000380007257,false,וופל גרנדה מצופה שוקולד 200ג',קריניציה ויטמינה אס,IT,.וופל מצופה שוקולד ג,,200.00,100 גרם,false,,13.90,0.0695,true,1,4676
8000380007264,false,וופל לואקר קקאו 175 גרם,קריניציה ויטמינה אס,AT,וופל לואקר קקאו 175,,175.00,100 גרם,false,,10.90,0.0623,true,1,4677
8000380007271,false,וופל לואקר קרם חלב 175ג',ליימן מותגים,AT,וופל לואקר חלב 175 ג,,175.00,100 גרם,false,,10.90,0.0623,true,1,4678
8000380142484,false,קוביות וופל קואדרטיני Quadratini בטעם שוקולד מריר,"אינסטנטה בע""מ",AT,וופל קואדרטיני שוקול,,250.00,100 גרם,false,,13.90,0.0556,true,1,4680
8000380144044,false,וופל גרדנה לואקר שוקולד 200ג',"א. לואקר , AG/SpA, ו",IT,וופל גרדנה שוקולד 20,,200.00,100 גרם,false,,13.90,0.0695,true,1,4681
8000380180721,false,לואקר וופל קקאו במילוי קרם חלבי 175 גר,קריניציה ויטמינה אס,AT,וופל לואקר קלאסיק שו,,175.00,100 גרם,false,,10.90,0.0623,true,1,4686
8000380180745,false,קוביות וופל קואדרטיני קקאו במילוי קר חלב,"א. לואקר, קונפקט ג'י",AT,וופל קואדרטיני לואקר,,250.00,100 גרם,false,,13.90,0.0556,true,1,4687
8000380187300,false,עוגיות חמאה עם שוקולד חלב לואקר 120 גר,לואקר Loacker,AT,עוגיות לואקר פתיתי ש,,120.00,100 גרם,false,,14.90,0.1242,true,1,4691
8000380192243,false,וופלים לואקר מקסי בטעם אגוז 200 גר',לואקר Loacker,IT,וופל לואקר מקסי אגוז,,200.00,100 גרם,false,,12.90,0.0645,true,1,4692
8000500029350,false,מארז וופל מצופה 3יח' *43 גרם קינדר בואנו,קינדר Kinder,PL,קינדר בואנו 3*43 גרם,,129.00,100 גרם,false,,10.90,0.0845,true,1,14088
8000500032237,false,בונבוניירה פררו רושר 375 גר,פררו Ferrero,IT,רושר 375 גרם,,375.00,100 גרם,false,,45.90,0.1224,true,1,14089
8000500037874,false,בונבוניירה פררו רושה 200 גרם,פררו Ferrero,IT,בונבוניירת רושר 200ג,,200.00,100 גרם,false,,27.90,0.1395,true,1,14091
8000500094976,false,"בונבוניירה פררו רושר רושה קונוס, 212 גרם T17X4",פררו,IT,פררו רושר קונוס 212.,,212.00,100 גרם,false,,40.90,0.1929,true,1,14095
8000500121436,false,מארז קינדר בואנו Kinder Bueno לבן שלוש יחידות,קינדר Kinder,PL,קינדר בואנו לבן 3*43,,117.00,100 גרם,false,,10.90,0.0932,true,1,14097
8000500294345,false,רושר איש שלג שוקולד חלב ואגוזי לוז 90 גר,,PL,פררו איש שלג 90 גרם,,90.00,100 גרם,false,,14.90,0.1656,true,1,14112
8000500310397,true,ביסקוויטים במילוי נו,,,ביסקוויטים במילוי נו,,166.00,100 גרם,false,,14.90,0.0898,true,1,69002
8000500366073,true,ביסקוויטים במילוי נו,,,ביסקוויטים במילוי נו,,276.00,100 גרם,false,,21.90,0.0793,true,1,68992
8001003100164,false,יוגטה סוכריות גילי בטעם פירות 450 גר,יוגטה yogueta,,יוגטה סוכריות ג'לי פ,,450.00,100 גרם,false,,11.90,0.0264,true,1,4694
8001090336521,false,טיטולי פמפרס בייבי דריי מידה 5 30 יח',פרוקטר אנד גמבל,DE,פמפרס בייבי דריי מיד,יחידה,0.00,יחידה,false,,29.90,0.0000,true,1,10474
8001090379337,false,פמפרס פרימיום חיתולי VP מידה 3 40 יח',פרוקטר אנד גמבל,DE,חיתולי פמפרס פרימיום,יחידה,0.00,יחידה,false,,29.90,0.0000,true,1,10479
8001090678614,false,"שמפו סופרים לחות הד אנד שולדרס 400 מ""ל",פרוקטר אנד גמבל,FR,שמפו שולדרס סופרים ל,,400.00,"100 מ""ל",false,,18.90,0.0472,true,1,10489
8001090832450,false,"שמפו פנטן הנוסחה הקלאסית 660 מ""ל",פרוקטר אנד גמבל,RO,שמפו הנוסחה הקלאסית,,660.00,"100 מ""ל",false,,19.90,0.0302,true,1,10509
8001090891273,false,לנור כדוריות הבושם בניחוח סחלב 210 ג',פרוקטר אנד גמבל,US,לנור כדוריות הבושם ב,,210.00,100 גרם,false,,24.90,0.1186,true,1,10526
8001090899255,false,תחבושות אולוויז פלטינום לילה 16 יח',פרוקטר אנד גמבל,DE,תחבושות פלטינום לילה,יחידה,0.00,יחידה,false,,17.90,0.0000,true,1,10529
8001100011776,false,וופל במילוי קרם חלב 175 גרם בלוקו,,,וואפל שכבות BALOCCO,,175.00,100 גרם,false,,9.90,0.0566,true,1,26224
8001100059242,false,שקיות וופל ריבועי פלוקו במילוי קרם קקאו 250 ג',,,וואפל קוביות BALOCCO,,250.00,100 גרם,false,,12.90,0.0516,true,1,26225
8001440118944,false,שלישיית עגבניות פולפה *400 ג' צ'יריו,סיריו,IT,שלישיית עגבניות פולפ,,1200.00,100 גרם,false,,15.90,0.0133,true,1,74467
8001620011935,false,מים מינרלים מוגזים שישייה בקבוק אישי,אקווה מינרלה סאן בנד,IT,סאן בנדטו מוגז 6*500,ליטרים,3.00,ליטר,false,,13.90,4.6333,true,1,3519
8001620018408,false,"משקה פירות בטעם מנגו תפוח 400 מ""ל פרוטה",אקווה מינרלה סאן בנד,IT,סן בנדטו מנגו תפוח פ,,400.00,"100 מ""ל",false,,6.50,0.0163,true,1,19924
8001620019160,false,"סן בנדטו אפרסק 400 מ""ל 12 יח'",אקווה מינרלה סאן בנד,IT,סאן בנדטו משקה בטעם,,400.00,"100 מ""ל",false,,5.90,0.0147,true,1,19925
8001841053806,false,תחבושות היגייניות אולוויז מקסי עבה לילה,פרוקטר & גמבל,HU,תחבושות עבה לילה אול,יחידה,0.00,יחידה,false,,12.90,0.0000,true,1,10541
8001841400662,false,טייד אבקת כביסה קולו,,,טייד אבקת כביסה קולו,קילוגרמים,10.00,"ק""ג",false,,60.90,6.0900,true,1,10552
8001841470252,false,נוזל ניקוי כלים פייר,,,נוזל ניקוי כלים פייר,,500.00,"100 מ""ל",false,,9.90,0.0198,true,1,61542
8001841566771,false,לנור כדוריות הבושם בניחוח יסמין 210 ג',פרוקטר אנד גמבל,US,לנור כדוריות הבושם ב,,210.00,100 גרם,false,,24.90,0.1186,true,1,10553
8001841625188,false,סבון כלים פלטינום לימון X3 פעולות להסרת שומנים,פרוקטר אנד גמבל,GB,פיירי נוזל כלים פלטי,,515.00,"100 מ""ל",false,,8.90,0.0173,true,1,10555
8001841625362,false,"נוזל כלים בניחוח לימון פלטינום 780 מ""ל פיירי",פרוקטר אנד גמבל,GB,פיירי נוזל כלים פלטי,,780.00,"100 מ""ל",false,,11.90,0.0153,true,1,22736
8001841664866,false,"פנטן - שמפו סופר פוד 400 מ""ל",,,"שמפו פאנטן 400 מ""ל",,400.00,"100 מ""ל",false,,14.90,0.0373,true,1,73067
8001841664903,false,"שמפו פאנטן 400 מ""ל",,,"שמפו פאנטן 400 מ""ל",,400.00,"100 מ""ל",false,,14.90,0.0373,true,1,73068
8001841665139,false,"שמפו פאנטן 400 מ""ל",,,"שמפו פאנטן 400 מ""ל",,400.00,"100 מ""ל",false,,14.90,0.0373,true,1,76533
8001841665290,false,פנטן שמפו נוסחה קלאסית לשיער רגיל 400 מל,,,"שמפו פאנטן 400 מ""ל",,400.00,"100 מ""ל",false,,14.90,0.0373,true,1,76532
8001841665498,false,"שמפו פאנטן 400 מ""ל",,,"שמפו פאנטן 400 מ""ל",,400.00,"100 מ""ל",false,,14.90,0.0373,true,1,73070
8001841665610,false,"שמפו פאנטן 400 מ""ל",,,"שמפו פאנטן 400 מ""ל",,400.00,"100 מ""ל",false,,14.90,0.0373,true,1,76534
8001841810461,false,"שמפו פאנטן 400 מ""ל",,,"שמפו פאנטן 400 מ""ל",,400.00,"100 מ""ל",false,,14.90,0.0373,true,1,73073
8001841943961,false,כדוריות הבושם לנור רעננות האוקיינוס,פרוקטר אנד גמבל,US,לנור כדוריות הבושם ב,,210.00,100 גרם,false,,24.90,0.1186,true,1,10560
8001943549122,false,"צ'וקטה מטבעות שוקולד חלב, 40 גרם",צ'וקטה Chocketa,IT,צ`וקטה מטבעות שוקולד,,40.00,100 גרם,false,,3.90,0.0975,true,1,8301
8002205319903,false,מזון לחתולים בוגרים בטעם עוף פורינה ONE,נסטלה פורינה צרפת,FR,פורינה ONE חתול בוגר,,800.00,100 גרם,false,,39.90,0.0499,true,1,7285
8002270866524,false,סאן פלנגרינו מים מינ,סן פלגרינו San Pellegrino,IL,סאן פלנגרינו מים מינ,ליטרים,1.00,ליטר,false,,8.90,8.9000,true,1,3525
8002450206003,false,ורדי רימונים ספרקלטיני,"איי, בי, אינבוו",IT,ורדי ספרקלטיני רימון,,750.00,"100 מ""ל",false,,19.90,0.0265,true,1,2754
8003130129506,false,חטיף ציפס 50 גרם CL,,,חטיף ציפס 50 גרם CL,,50.00,100 גרם,false,,5.90,0.1180,true,1,28989
8003130129544,false,חטיף ציפס 50 גרם,,,חטיף ציפס 50 גרם,,50.00,100 גרם,false,,5.90,0.1180,true,1,28990
8003477500051,false,"פרימלוצ'י ספגטי מ""ס",,,"פרימלוצ'י ספגטי מ""ס",,500.00,100 גרם,false,,6.90,0.0138,true,1,36763
8003477500327,false,פרימלוצ'י קורנטי 500,,,פרימלוצ'י קורנטי 500,,500.00,100 גרם,false,,6.90,0.0138,true,1,36764
8003477500365,false,פרימלוצ'י קונקילייה,,,פרימלוצ'י קונקילייה,,500.00,100 גרם,false,,6.90,0.0138,true,1,36765
8003477500556,false,פרימלוצ'י פוסילי 500,,,פרימלוצ'י פוסילי 500,,500.00,100 גרם,false,,6.90,0.0138,true,1,37144
8003477500594,false,פרימלוצ'י פנה ריגאטה,,,פרימלוצ'י פנה ריגאטה,,500.00,100 גרם,false,,6.90,0.0138,true,1,37154
8004030022010,false,ירקות גינה עם טונה ריו מרה אינסלטיסימי 160 ג',"בולטון אלימנטרי בע""מ",IT,טונה וירקות גינה ריו,,160.00,100 גרם,false,,16.90,0.1056,true,1,8309
8004030026018,false,"מקסיקני עם טונה ריו מרה אינסלטיסימי, 160 ג'","בולטון אלימנטרי בע""מ",IT,ריו מרה טונה עם שעוע,,160.00,100 גרם,false,,16.90,0.1056,true,1,8310
8004030044005,false,נתחי טונה בשמן זית ריו מרה 160 ג',"בולטון אלימנטרי בע""מ",IT,נתחי טונה בשמן זית ר,,160.00,100 גרם,false,,18.90,0.1181,true,1,8311
8004030381681,false,טונה בשמן זית ריו מרה זוגות * 160 ג',,,טונה בשמן זית ריו מר,,320.00,100 גרם,false,,32.90,0.1028,true,1,8316
8004030845046,false,טונה עם ירקות בתוספת עם אורז ריו מרה אינסלטיסימי 160 ג',בולטון אלימנטרי,IT,אינסלטיסימי אורז עם,,160.00,100 גרם,false,,16.90,0.1056,true,1,8317
8004030860001,false,ירקות עם קוקוס וטונה ריו מרה אינסלטיסימי 160 ג',"בולטון אלימנטרי בע""מ",IT,קוסקוס וטונה ריו מרה,,160.00,100 גרם,false,,16.90,0.1056,true,1,8318
8004800000064,false,לאגו פלאסיר- גלילי ופל קרם קקאו בציפוי ש.חלב - 100 ג',לאגו,IT,גלילי ופל במילוי קרם,,100.00,100 גרם,false,,10.90,0.1090,true,1,46353
8004800000071,false,לאגו פלאסיר- גלילי ופל במילוי קרם אגוזי לוז שוקולד חלב - 100 ג',לאגו,IT,לאגו פלאסיר- גלילי ו,,100.00,100 גרם,false,,10.90,0.1090,true,1,47824
8004800005502,false,וופל מיני רול גלילי ופל במילוי קרם קקאו- 125 ג' לאגו,לגו גרופ ס.פ.א.,IT,לאגו מיני רול- גלילי,,125.00,100 גרם,false,,9.90,0.0792,true,1,47802
8004800005519,false,וופל רול גלילי במילוי קרם אגוזי לוז- 125 ג' לאגו,לגו גרופ ס.פ.א.,IT,לאגו מיני רול- גלילי,,125.00,100 גרם,false,,9.90,0.0792,true,1,47803
8005200256587,false,משקה תה בטעם אפרסק 1.5ל' NESTEA,מפעל סאנפלגרינו S.P.,IT,נסטי אפרסק 1.5 ליטר,ליטרים,1.50,ליטר,false,,8.30,5.5333,true,1,19931
8005200286584,false,משקה תה בטעם מנגו אננס 1.5 ל' NESTEA,מפעל סאנפלגרינו S.P.,IL,נסטי מנגו אננס 1.5 ל,ליטרים,1.50,ליטר,false,,8.30,5.5333,true,1,19932
8005803010371,false,מקלות גריסיני עם רוזמרין,"אינסטנטה בע""מ",IT,גריסיני עם רוזמרין 1,,125.00,100 גרם,false,,5.90,0.0472,true,1,20426
8005803010661,false,אמור די פאן - שומשום 125 גרם,"הוסטה איטליה, ס.ר.ל.",IT,גריסיני עם שומשום 12,,125.00,100 גרם,false,,5.90,0.0472,true,1,20427
8006540106709,false,אולוויז - מגן תחתון נורמל 58 יח',,,מגן תחתון מגה פק נור,יחידה,0.00,יחידה,false,,17.90,0.0000,true,1,60074
8006540112823,false,"לנור מרכך כביסה מרוכז בניחוח האוקיינוס 900 מ""ל",פרוקטר אנד גמבל,FR,לנור מרכך מרוכז בניח,,900.00,"100 מ""ל",false,,14.90,0.0166,true,1,22748
8006540476451,false,"שמפו פאנטן 400 מ""ל",,,"שמפו פאנטן 400 מ""ל",,400.00,"100 מ""ל",false,,14.90,0.0373,true,1,73074
8006540495216,false,"לנור מרכך כביסה מרוכז בניחוח אמאטיסט 900 מ""ל",פרוקטר אנד גמבל,FR,לנור מרכך מרוכז בניח,,900.00,"100 מ""ל",false,,14.90,0.0166,true,1,22761
8006540592434,false,אולוויז תחבושות נורמל 28 יח,,,תחבושות אולוויז ירוק,,16.00,100 יח',false,,18.90,1.1812,true,1,28982
8006540592496,false,תחבושות אולוויז אולטרא כפול לילה 20 יח,פרוקטר,DE,תחבושות אולוויז כחול,,16.00,100 יח',false,,18.90,1.1812,true,1,28984
8006540628737,false,שמפו הד שולדרס קלאסי,,,שמפו הד שולדרס קלאסי,,350.00,"100 מ""ל",false,,16.90,0.0483,true,1,27185
8006540690260,false,"שמפו פאנטן 400 מ""ל",,,"שמפו פאנטן 400 מ""ל",,400.00,"100 מ""ל",false,,14.90,0.0373,true,1,73076
8008660210038,false,מעדן ריבה מנץ אנד גאססר תות שדה 300 גר,קריניציה ויטמינה אס,IT,מעדן תות שדה 300 גר`,,300.00,100 גרם,false,,14.90,0.0497,true,1,9542
8008912010072,false,ספגטי לינגוויני 500ג ליגורי,פסטה ליגורי,IT,פסטה לינגוויני מספר,,500.00,100 גרם,false,,7.90,0.0158,true,1,22397
8008912010270,false,פסטה קסרצה מספר 27 LIGUORI,פסטה ליגורי,IT,פסטה קסרצ'ה מספר 27,,500.00,100 גרם,false,,7.90,0.0158,true,1,22398
8008912010300,false,פסטה פרפלה ליגורי 500 גר',פסטה ליגורי,IT,פסטה פרפלה מספר 30 -,,500.00,100 גרם,false,,7.90,0.0158,true,1,22399
8008912010331,false,פסטה ניוקטי סרדי בצורת קונכיות מס' 33,פסטה ליגורי,IT,פסטה ניוקטי סרדי בצו,,500.00,100 גרם,false,,7.90,0.0158,true,1,53446
8008912010423,false,פסטה פנה ריגטה מספר 42 LIGUORI,פסטה ליגורי,IT,פסטה פנה ריגטה מספר,,500.00,100 גרם,false,,7.90,0.0158,true,1,22401
8010024006003,false,חמאת שקדים 100% 250 גרם השקד,,,השקד - 100% חמאת שקד,,250.00,100 גרם,false,,34.90,0.1396,true,1,18289
8023788030610,false,שוקולד חלב 300 גרם,,,שוקולד חלב 300 גרם,,300.00,100 גרם,false,,17.90,0.0597,true,1,28991
8023788030627,false,שוקולד מריר מעולה 3,,,שוקולד מריר מעולה 3,,300.00,100 גרם,false,,17.90,0.0597,true,1,28992
8023788030658,false,עוגיות מלוחות בטעם ט,,,עוגיות מלוחות בטעם ט,,400.00,100 גרם,false,,12.90,0.0323,true,1,53257
8023788030665,false,עוגיות מלוחות בטעם ב,,,עוגיות מלוחות בטעם ב,,400.00,100 גרם,false,,12.90,0.0323,true,1,53258
8023788030672,false,עוגיות מלוחות בתוספת,,,עוגיות מלוחות בתוספת,,400.00,100 גרם,false,,12.90,0.0323,true,1,53259
8023788030689,false,עוגיות מלוחות בטעם ע,,,עוגיות מלוחות בטעם ע,,400.00,100 גרם,false,,12.90,0.0323,true,1,53464
8032573170035,false,יין מוסקטו טרה סינה 750 מל,יקבי קנטינה,IT,יין מוסקטו טרה סינה,,750.00,"100 מ""ל",false,,35.90,0.0479,true,1,4398
8032804435643,false,פוזילי אורז מלא אורגני 340 גרם פליסיה,פליסיה Felicia Bio,,פליסיה קופסא - פוזיל,,340.00,100 גרם,false,,11.90,0.0350,true,1,18305
8032880800243,false,פיקניק הפתעה 50 גרם-איגוד רבנים,"הוסטה איטליה, ס.ר.ל.",IT,פיקניק הפתעה 50ג,,50.00,100 גרם,false,,6.90,0.1380,true,1,4696
8076800105056,false,"ברילה ספגטי 1 ק""ג קופסה",ברילה Barilla,IT,פסטה ספגטי בקופסה בר,קילוגרמים,1.00,"ק""ג",false,,10.90,10.9000,true,1,21804
8076800195019,false,ברילה - צ.א ספגטי מס1 קפליני 500 גרם,ברילה גי.אי.אר פרטלי,IT,ספגטי קפליני מס' 1 ב,,500.00,100 גרם,false,,6.90,0.0138,true,1,8319
8076800195033,false,ברילה - צ.א ספגטיני מס3 חדש 500 גרם,ברילה גי.אי.אר פרטלי,IT,ספגטי מס' 3 ברילה 50,,500.00,100 גרם,false,,6.90,0.0138,true,1,8320
8076800195132,false,ברילה - צ.א בבטה מס13 500 גרם,ברילה גי.אי.אר פרטלי,IT,ספגטי בבטה מס' 13 בר,,500.00,100 גרם,false,,6.90,0.0138,true,1,8322
8076800315097,false,ברילה - צ.א בוקטיני מס9 500 גרם,ברילה גי.אי.אר פרטלי,IT,ספגטי בוקטיני מס' 9,,500.00,100 גרם,false,,6.90,0.0138,true,1,8323
8076802085738,false,ברילה - צ.ק פנה רגטה חדש 500 גרם,ברילה גי.אי.אר פרטלי,IT,פנה רגטה מס' 73 בריל,,500.00,100 גרם,false,,6.90,0.0138,true,1,8324
8076802085981,false,ברילה - צ.ק פוזילי חדש 500 גרם,ברילה גי.אי.אר פרטלי,IT,פסטה פוזילי 98 ברילה,,500.00,100 גרם,false,,6.90,0.0138,true,1,8325
8076808050440,false,ברילה פסטה מקרוני מס 44 500 גר,ברילה Barilla,IT,פסטה מקרוני מס' 44 ב,,500.00,100 גרם,false,,6.90,0.0138,true,1,8326
8076808060654,false,ברילה - צ.ק פרפלה חדש 500 גרם,ברילה גי.אי.אר פרטלי,IT,פסטה פרפלה 65 ברילה,,500.00,100 גרם,false,,6.90,0.0138,true,1,8327
8076808070882,false,פסטה ברילה קנלוני מס'88 250ג',פאסטיפיקו ריגו אס.אר,IT,קנלוני ברילה 250 גרם,,250.00,100 גרם,false,,10.90,0.0436,true,1,8328
8076808150072,false,ברילה - צ.א ספגטוני מס7 חדש 500 גרם,ברילה גי.אי.אר פרטלי,IT,ספגטי מס' 7 ברילה 50,,500.00,100 גרם,false,,6.90,0.0138,true,1,8329
8076809501415,false,ברילה קנלוני/פנה 500 ג' מצה פנה טרקולור 500 גרם,ברילה Barilla,IT,ברילה פסטה פנה טריקו,,500.00,100 גרם,false,,12.90,0.0258,true,1,21807
8076809512268,false,ברילה - צ.ק גירנדולה חדש 500 גרם,ברילה גי.אי.אר פרטלי,IT,פסטה גירנדולה מס' 34,,500.00,100 גרם,false,,6.90,0.0138,true,1,8330
8076809513388,false,ברילה - רוטב ארביאטה 400 גרם,ברילה גי.אי.אר פרטלי,IT,ברילה רוטב ארביאטה 4,,400.00,100 גרם,false,,14.90,0.0373,true,1,8331
8076809513395,false,רוטב פסטה ברילה פורמודרו 400ג',ברילה גי.אי.אר פרטלי,IT,ברילה רוטב פורמודרו,,400.00,100 גרם,false,,14.90,0.0373,true,1,8332
8076809513654,false,בסיס רוטב עגבניות לבולונז 400 גרם ברילה,ברילה גי.אי.אר פרטלי,IT,ברילה רוטב עגבניות ל,,400.00,100 גרם,false,,14.90,0.0373,true,1,8333
8076809513692,false,רוטב עגבניות נפולטנה בתוספת ירקות,ברילה גי.אי.אר פרטלי,IT,ברילה רוטב נפוליטנה,,400.00,100 גרם,false,,14.90,0.0373,true,1,8334
8076809513739,false,רוטב פסטה ברילה בזיליקום 400 ג',ברילה גי.אי.אר פרטלי,IT,ברילה רוטב בזיליקום,,400.00,100 גרם,false,,14.90,0.0373,true,1,8336
8076809545440,false,ברילה ספגטי ללא גלוטן 400 גרם,"ש. שסטוביץ בע""מ",IT,ברילה אטריות ללא גלו,,400.00,100 גרם,false,,14.90,0.0373,true,1,8342
8076809545464,false,ברילה פסטה ללא גלוטן צורת ספירלי 400 גר,מולינו אנדריאני אס.א,IT,ברילה ספירלי עב קמח,,400.00,100 גרם,false,,14.90,0.0373,true,1,8344
8410076600622,false,חטיפי גרנולה Crunchy שיבולת שועל מלאה ושבבי שוקולד מריר,ג'נרל מילס סאן אדריא,ES,חטיף קראנצי שבבי שוק,,210.00,100 גרם,false,,18.90,0.0900,true,1,4698
8410076610379,false,נייטשר ואלי פרוטאין בוטנים ושבבי שוקולד 160 ג',סריילטו ספיין פודס,ES,פרוטאין בוטנים ושבבי,,160.00,100 גרם,false,,23.90,0.1494,true,1,4699
8410076621009,false,עוגות אישיות בטעם קרמל עם חתיכות בטעם קרמל מלוח,"גלאטס סירו בע""מ",ES,חטיף פייבר 1 בטעם קר,,120.00,100 גרם,false,,9.90,0.0825,true,1,20430
8410076621047,false,עוגות אישיות בטעם שוקולד עם חתיכות בטעם שוקולד,"גלאטס סירו בע""מ",ES,חטיף פייבר 1 בטעם שו,,120.00,100 גרם,false,,9.90,0.0825,true,1,20431
8410104045111,false,"פיניש מלח למדיח כלים 2ק""ג",פ.פ.ח. שאביט,IL,"פיניש מלח למדיח 2 ק""",קילוגרמים,2.00,"ק""ג",false,,14.90,7.4500,true,1,7904
8410104437268,false,פיניש דאו ציטרופרש מנטה,רקיט בנקיזר,HU,פיניש מפיג ריחות ציט,יחידה,0.00,יחידה,false,,14.90,0.0000,true,1,7906
8410376033267,false,גולון ביסקוויט דגנים ללא סוכר 410 ג',,,ביסקוויט דגנים ללא ת,,410.00,100 גרם,false,,16.90,0.0412,true,1,28952
8410376037784,false,"ביסקויט ללת""ס סנדוויץ שוקו 250 גר גונץ",תות תעשיות מזון (201,ES,עוגיות סנדוויץ' במיל,,250.00,100 גרם,false,,12.90,0.0516,true,1,28953
8410376047509,false,"גולון ביסקויט ללת""ס 400 גרם",גלטס גולון,,טוסטדה ללא תוספת סוכ,,400.00,100 גרם,false,,14.90,0.0373,true,1,28958
8410655001147,false,בירה סאן מיגל 500 מל פחית,,,סן מיגל בירה 4.5% כה,,500.00,"100 מ""ל",false,,8.90,0.0178,true,1,46985
8420708018817,false,מנצגו בשלה 150 גרם נ,האי נאם סי או אל.טי.,ES,גבינה מנצ`גו 150 גר`,,150.00,100 גרם,false,,25.90,0.1727,true,1,16298
8420822130624,false,"ספריי סופר מסיר כתמים 750מ""ל יעקבי",קה לורדה,ES,ספריי סופר מסיר כתמי,,750.00,"100 מ""ל",false,,15.90,0.0212,true,1,20184
8423207206488,false,חטיף דגנים מלאים מצופה שוקולד חלב 120 גר,אף.סי תבליני בגליל ב,ES,סלים דליס חטיף דגנים,,120.00,100 גרם,false,,10.90,0.0908,true,1,8347
8423207206495,false,חטיף דגנים מלאים מצופה שוקולד מריר 120 ג,אף.סי תבליני בגליל ב,ES,סלים דליס חטיף דגנים,,120.00,100 גרם,false,,10.90,0.0908,true,1,8348
8423207208680,false,מרבה חטיפי סלים דליס לילדים שוקולד חלב,ביסנצ'ורי אס.אל.יו,ES,סלים דליס קידס בציפו,,121.00,100 גרם,false,,10.90,0.0901,true,1,8352
8423207208697,false,מרבה סלים דליס לילדים עם שוקולד לבן חדש,ביסנצ'ורי אס.אל.יו,ES,סלים דליס קידס עוגיו,,120.00,100 גרם,false,,10.90,0.0908,true,1,8353
8423207210287,false,מרבה סלים דליס שוקולד לבן בטעם יוגורט 120 ג',סלים דליס Slim Delis,ES,סלים דליס חטיף דגנים,,120.00,100 גרם,false,,10.90,0.0908,true,1,8357
8424842050016,false,צ'יפס בטעם כמהין 125 גרם,RUBIO,ES,חטיף צ'יפס בטעם כמהי,,130.00,100 גרם,false,,9.90,0.0762,true,1,26419
8424842050030,false,צ'יפס עם מלח הימלאיה,RUBIO,ES,חטיף צ'יפס עם שמן זי,,125.00,100 גרם,false,,9.90,0.0792,true,1,26420
8424842201340,false,צ'יפס מסורתי פרימיום,,,חטיף צ'יפס רביו 130,,130.00,100 גרם,false,,9.90,0.0762,true,1,26422
8435495805199,false,"תינוקלין אבקת כביסה 3 ק""ג",מולינו ניקולי s.p.a,TR,אבקת כביסה תינוקלין,קילוגרמים,3.00,"ק""ג",false,,39.90,13.3000,true,1,4709
8435495807636,false,ג'ל כביסה היפואלרגני 2 ל' תינוקלין,תינוקלין,TR,תינוקלין ג'ל כביסה 2,ליטרים,2.00,ליטר,false,,29.90,14.9500,true,1,4713
8435495819363,false,תינוקלין - מרכך כביסה פרש & ג'נטל 1 ליטר,ליימן מותגים,TR,תינוקלין מרכך כביסה,ליטרים,1.00,ליטר,false,,14.90,14.9000,true,1,20433
8606018615827,false,גלידת וניל עם שברי עוגיות אוראו 480 ג',פרונרי סרביה,IL,גלידת וניל עם שברי ע,,300.00,"100 מ""ל",false,,13.90,0.0463,true,1,64608
8606018615865,false,פיינט מילקה קרמל ליבת שוקולד 480 גרם,פרונרי סרביה,IL,פיינט מילקה קרמל ליב,,300.00,"100 מ""ל",false,,13.90,0.0463,true,1,64597
8681863065270,false,מלח ים מים האגאי וילי פוד 350 גר,שף סיזונס גידה סאן,TR,מלח ים מים האגאי 350,,350.00,100 גרם,false,,19.90,0.0569,true,1,19100
8690504153740,false,שוקולד מריר במילוי קרם בטעם שוקולד מריר,ביסקוט ביסקווי סילבר,TR,טבלת שוקולד מריר עם,,86.00,100 גרם,false,,13.90,0.1616,true,1,9545
8690526019147,false,אי טי אי - וופל במילוי קרם אגוזי לוז 142 גרם,eti gida sanayi,TR,וופל קקאו במילוי קרם,יחידה,0.00,יחידה,false,,4.90,0.0000,true,1,1613
8690637506956,false,"דאב שמפו נגד קשקשים אלוורה 600 מ""ל",יונילוור - תורכיה,TR,שמפו למניעת קשקשים ד,,600.00,"100 מ""ל",false,,15.90,0.0265,true,1,20127
8690637704390,false,"מרכך לשיער רגיל 600 מ""ל דאב",יוניליוור טורקיה. אז,TR,מרכך יום יומי דאב 60,,600.00,"100 מ""ל",false,,15.90,0.0265,true,1,4041
8690766156374,false,שוקולד גודייבה מריר 72% מוצרי קקאו 90 גר,"אולקר מקבוצת פלאדיס,",TR,גודייבה שוקולד מריר,,90.00,100 גרם,false,,14.90,0.1656,true,1,9549
8690766156381,false,גודייבה שוקולד מריר 90% מוצקי קקאו 90 גרם,"אולקר מקבוצת פלאדיס,",TR,גודייבה ש.מריר מעולה,,90.00,100 גרם,false,,14.90,0.1656,true,1,9550
8690766156404,false,שוקולד מריר מעולה גודייבה תפוז אדום 90 גרם,גודייבה,TR,גודייבה שוקולד מריר,,90.00,100 גרם,false,,14.90,0.1656,true,1,9552
8690777206051,false,חצילים קלויים על האש סארה 650 גר',קוראהן פזלרמה וי דיס,TR,חציל קלוי על האש סרה,,650.00,100 גרם,false,,10.90,0.0168,true,1,1448
8690777221405,false,פלפל אדום קלויים על האש 650 גרם SERA,קוראהן פזלרמה וי דיס,TR,פלפל אדום קלוי על הא,,650.00,100 גרם,false,,10.90,0.0168,true,1,1449
8690946270074,false,פסטה ספגטי 500 גרם B,,,פסטה ספגטי 500 גרם B,,500.00,100 גרם,false,,3.90,0.0078,true,1,53475
8690946270111,false,פסטה פוזלי 500 גרם B,,,פסטה פוזלי 500 גרם B,,500.00,100 גרם,false,,3.90,0.0078,true,1,53476
8690946270241,false,פסטה קונכיות גדולות,,,פסטה קונכיות גדולות,,500.00,100 גרם,false,,3.90,0.0078,true,1,53477
8690946272207,false,פסטה פנה 500 גרם BAH,,,פסטה פנה 500 גרם BAH,,500.00,100 גרם,false,,3.90,0.0078,true,1,53478
8690946272320,false,פסטה מקרוני 500 גרם,,,פסטה מקרוני 500 גרם,,500.00,100 גרם,false,,3.90,0.0078,true,1,53479
8691058141238,false,ערמונים שלמים קלויים וקלופים 100 ג' Avel,,,AVEL ערמונים שלמים ק,,100.00,100 גרם,false,,4.90,0.0490,true,1,15874
8693495052177,false,"סבון נוזלי פלמוליב זיתים 750 מ""ל",קולגייט פלמוליב,TR,פלמוליב נטורלס תחליב,,750.00,"100 מ""ל",false,,19.90,0.0265,true,1,21816
8694732005123,false,סבון אסלה צהוב שלישי,,,סבון אסלה צהוב שלישי,יחידה,0.00,יחידה,false,,10.90,0.0000,true,1,48345
8697530910743,false,סיגריות פאל מאל כחול קצר מטאליק,BAT,,פאל מאל בלו,יחידה,0.00,יחידה,false,,29.00,0.0000,false,1,1706
8697530910750,false,סיגריות פאל מאל כחול ארוך האוס,BAT,,פאל מאל בלו ארוך,יחידה,0.00,יחידה,false,,29.00,0.0000,false,1,1707
8697530910781,false,סיגריות פאל מאל אדום מטאליק,BAT,TR,פאל מאל רד,יחידה,0.00,יחידה,false,,29.00,0.0000,false,1,1710
8698996003413,false,נייר סופג 9=1 JUMB,,,נייר סופג 9=1 JUMB,יחידה,0.00,יחידה,false,,18.90,0.0000,true,1,28988
8698996006353,false,ממחטות אף 3 שכבות 100 יח',,,ממחטות אף בקרטון 10,יחידה,0.00,יחידה,false,,9.90,0.0000,true,1,62524
8710428005762,false,תרכובת מזון לתינוקות על בסיס חלבון סויה איזומיל טף שלב 2,אבוט מעבדות רפואיות,ES,סימילאק צמחי שלב 2,,400.00,100 גרם,false,,39.90,0.0997,true,1,18693
8710428017000,false,פדיאשור משקה להשלמה,,,משקה להשלמה תזונתית,,850.00,100 גרם,false,,79.90,0.0940,true,1,28860
8710428017024,false,אבקה להכנת משקה בטעם שוקולד,פדיאשור Pediasure,,משקה להשלמה תזונתית,,850.00,100 גרם,false,,79.90,0.0940,true,1,28861
8710502060021,false,מרבה פטיסרי עוגיות מאפין רכות 210 גרם,מרבה,NL,מרבה פטיסרי - עוגיות,,210.00,100 גרם,false,,10.90,0.0519,true,1,21818
8710502064814,false,עוגיות מרבה שוקולד ציפס במרקם רך 175 גר,בנקטבקריי מרבה בי.וי,NL,מרבה עוגיות שוקוציפס,,175.00,100 גרם,false,,9.90,0.0566,true,1,8367
8710502100864,false,עוגיות מרבה פטיסרי דאבל שוקולד 200 גרם,מרבה,NL,מרבה פטיסרי דאבל שוק,,200.00,100 גרם,false,,10.90,0.0545,true,1,21819
8710502279010,false,מרבה עוגיות שוקולד צ'יפס מצופות שוקולד 175 ג',"י.מרבה ישראל בע""מ",NL,מרבה עוגיות שוקולד צ,,175.00,100 גרם,false,,9.90,0.0566,true,1,21823
8710502470028,false,עוגיות שוקולד צ'יפס ממולאות בקרם נוגט,קריניציה ויטמינה אס,NL,מרבה עוגיות נוגטלי 1,,160.00,100 גרם,false,,9.90,0.0619,true,1,8371
8710800027573,false,סוכריות מיני מנטוס פירות שקית 178ג',ליימן מותגים,NL,מיני מנטוס שקית,,178.00,100 גרם,false,,12.90,0.0725,true,1,4716
8710800961310,false,סוכריות מנטוס תות מארז 37.5X4ג',פרפטי ואן מלה ברדה,NL,מנטוס 1/4 תות,,150.00,100 גרם,false,,10.90,0.0727,true,1,4717
8712100441639,false,חומץ בלסמי ממודנה 50,,,חומץ בלסמי ממודנה 50,,500.00,"100 מ""ל",false,,44.90,0.0898,true,1,26423
8712400802512,false,תרכובת מזון המשך לפעוטות על בסיס חלב שלב 2,נוטרישיה קאלק ב. ו.,NL,נוטרילון שלב 2- 800,,800.00,100 גרם,false,,59.90,0.0749,true,1,1986
8712400802536,false,תרכובת מזון המשך לפעוטות על בסיס חלב שלב 3,נוטרישיה קאלק ב. ו.,NL,נוטרילון שלב 3- 800,,800.00,100 גרם,false,,59.90,0.0749,true,1,1987
8712561594608,false,"דאב תחליב רחיצה להזנה עמוקה 750 מ""ל",יוניליוור גרמניה (בו,DE,תחליב רחצה להזנה עמו,,750.00,"100 מ""ל",false,,19.90,0.0265,true,1,4094
8712561611411,false,תחליב רחצה מזין בניחוח מלפפון ותה ירוק,יוניליוור גרמניה (בו,DE,תחליב רחצה תה ירוק ו,,750.00,"100 מ""ל",false,,19.90,0.0265,true,1,4096
8712561646024,false,"תחליב רחצה דאב קרם פיסטוק ומגנול 750 מ""ל",יוניליוור גרמניה (בו,DE,תחליב רחצה קרם פיסטו,,750.00,"100 מ""ל",false,,19.90,0.0265,true,1,20137
8714599410530,false,גייקובס קרונינג שקית רפיל 200 גרם,גייקובס,UA,גייקובס קפה נמס 200ג,,200.00,100 גרם,false,,19.90,0.0995,true,1,1979
8714599412336,false,קפה נמס בריסטה אמריקנו קלוי וטחון 160 ג' ג'ייקובס,ג'ייקובס דאו אגברטס,RU,ג'ייקובס בריסטה אמרי,,160.00,100 גרם,false,,24.90,0.1556,true,1,19281
8714599513835,false,קפה ג'יקובס נטול קופאין מיובש בהקפאה 200 ג',ג'ייקובס Jacobs,RU,קפה ג`יקובס נטול קופ,,200.00,100 גרם,false,,32.90,0.1645,true,1,1981
8714599513866,false,"ג'ייקובס קרוננג מיובש בהקפאה כשל""פ 200 ג'",אל.אל.סי גייקובס דאו,DE,קפה ג'יקובס קרונונג,,200.00,100 גרם,false,,24.90,0.1245,true,1,1982
8714789529561,false,קולגייט משחת שיניים סנסטיב להלבנה 111 ג',קולגייט פלמוליב,BR,מש.שיניים סנסטיב הלב,,75.00,100 גרם,false,,19.90,0.2653,true,1,8383
8714789834467,false,פלמוליב נ.כלים 1.5 ליטר-מרכז,פלמוליב Palmolive,GR,פלמוליב נוזל כלים 1.,ליטרים,1.50,ליטר,false,,15.90,10.6000,true,1,8390
8715700419732,false,מתבל עגבניות היינץ 7,ה.י. היינץ,NL,היינץ קטשופ 700 גרם,,700.00,100 גרם,false,,9.90,0.0141,true,1,2060
8718114734484,false,מיונז מיילי 320 גרם,בונגראן,FR,מיונז מיילי 320 גרם,,320.00,100 גרם,false,,9.90,0.0309,true,1,16299
8718951030169,false,משחת שיניים Sensifoam לשיניים רגישות ולהלבנה,קולגייט Colgate,PL,משחת קולגייט סנסטיב,,75.00,"100 מ""ל",false,,17.90,0.2387,true,1,8394
8718951044913,false,מרידול משחת שיניים הלבנה 75 מל,קולגייט פלמוליב,PL,משחת שיניים הלבנה מר,,75.00,"100 מ""ל",false,,21.90,0.2920,true,1,8396
8718951144064,false,מרידול מברשת שיניים פרודונט אקספרט זוג,מרידול Meridol,,זוג מברשות שיניים פר,יחידה,0.00,יחידה,false,,34.90,0.0000,true,1,8404
8718951175600,false,"משחת שיניים קולגייט אוטאל קליין מינט 75 מ""ל",,,קולגייט משחת שיניים,,75.00,"100 מ""ל",false,,12.90,0.1720,true,1,8414
8718951236790,false,"קולגייט טוטאל משחת שיניים קלין מינט לפה בריא 100 מ""ל",קולגייט Colgate,PL,משחת שיניים קלין מינ,,100.00,"100 מ""ל",false,,16.90,0.1690,true,1,8422
8718951240742,false,"קולגייט טוטאל משחת שיניים פסים מרעננים 100 מ""ל",קולגייט Colgate,PL,מש.שיניים פסים מרעננ,,128.00,100 גרם,false,,16.90,0.1320,true,1,8424
8718951313576,false,קולגייט משחת שיניים מקס פרש קול קריסטל 100 מל,קולגייט פלמוליב,PL,קולגייט משחת שיניים,,100.00,"100 מ""ל",false,,12.90,0.1290,true,1,27195
8718951315303,false,משחת שיניים קולגייט הגנה מקסימלית - מארז זוג,קולגייט-פלמוליב,PL,משחת שיניים קולגייט,,200.00,"100 מ""ל",false,,19.90,0.0995,true,1,8433
8718951333048,false,"פלמוליב סבון לידיים למטבח, 300 מ""ל",הנסיך- מפעל לייצור ט,IT,סבון ידיים פלמוליב,,300.00,"100 מ""ל",false,,8.90,0.0297,true,1,21839
8718951345119,false,נוזל לניקוי רצפות וכללי היביסקוס 2 ליטר,הנסיך- מפעל לייצור ט,GR,אג'קס ניקוי כללי עוצ,ליטרים,2.00,ליטר,false,,21.90,10.9500,true,1,21842
8718951382664,false,"פלמוליב ג'ל רחצה חימר טונוס 750 מ""ל",,TR,ג'ל רחצה חימר טונוס,,750.00,"100 מ""ל",false,,19.90,0.0265,true,1,8443
8718951382787,false,"משחת שיניים אופטיק וויט חימר ומינרלים 75 מ""ל קולגייט",קולגייט Colgate,PL,משחת שיניים אופטיק ו,,75.00,"100 מ""ל",false,,29.90,0.3987,true,1,21846
8718951385290,false,אגקס ניקוי כללי עוצמת ה7 כחול 2 ליטר,קולגייט פלמוליב,GR,אג'קס ניקוי כללי עוצ,ליטרים,2.00,ליטר,false,,21.90,10.9500,true,1,21847
8718951409798,false,זוג מברשות שיניים מקס וויט פחם קולגייט,הנסיך- מפעל לייצור ט,CN,קולגייט מברשת שיניים,יחידה,0.00,יחידה,false,,24.90,0.0000,true,1,21850
8718951433120,false,"קולגייט טוטאל משחת שיניים לילדים 50 מ""ל",קולגייט פלמוליב,PL,משחת שיניים קולגייט,,50.00,"100 מ""ל",false,,17.90,0.3580,true,1,21856
8718951509627,false,"משחת שיניים אופטיק וויט לאוהבי קפה 75 מ""ל קולגייט",קולגייט פלמוליב,PL,קולגייט וואייט להסרת,יחידה,0.00,יחידה,false,,29.90,0.0000,true,1,21868
8719200997998,false,מרגרינה למריחה בישול וטיגון 200 ג' בלו בנד,אתר חיפה מרגרינה - F,IL,בלו בנד לבישול וטיגו,,200.00,100 גרם,false,,4.50,0.0225,true,1,2066
8719200998001,false,מרגרינה לאפיה ובישול בלי מלח 200 ג' בלו בנד,מיוצר עי קונדיטוריית,IL,בלו בנד ללא מלח 200,,200.00,100 גרם,false,,4.50,0.0225,true,1,2067
8719200998018,false,מחמאה מרגרינה בטעם חמאה 200 ג' בלו בנד,פארייפאבה אגרואינדוס,IL,מחמאה מרגרינה בטעם ח,,200.00,100 גרם,false,,4.60,0.0230,true,1,2068
8719200998032,false,מזולה גלורי טעם חמאה 250ג',פארייפאבה אגרואינדוס,IL,מזולה בטעם חמאה 250,,250.00,100 גרם,false,,9.90,0.0396,true,1,2070
8719200998094,false,מרגרינה מזולה בטעם טבעי ללא תוספת מלח,"מיוצר ע""י יוניליוור",IL,מזולה מרגרינה לאפייה,,200.00,100 גרם,false,,6.50,0.0325,true,1,2075
8719200998100,false,מרגרינה בטעם חמאה לאפייה 200 ג' מזולה,פארייפאבה אגרואינדוס,IL,מזולה מרגרינה לאפייה,,200.00,100 גרם,false,,6.50,0.0325,true,1,2076
8723400756552,false,מארז סוכריות מנטוס Mentos ריינבואו,פרפטי ואן מלה ברדה,NL,RAINBOW רביעית סוכרי,,150.00,100 גרם,false,,10.90,0.0727,true,1,4718
8801055707966,false,קפה טייסטר צו'יס נס קפה בריסטה 180ג',נסטלה קוריאה - קפה,IL,נס קפה טייסטרס צ'ויס,,180.00,100 גרם,false,,29.90,0.1661,true,1,7291
8801055709458,false,אבקה להכנת משקה קפה בטעם קפוצ'ינו קרמל,נסקפה Nescafe,KR,נסקפה קפוצ'ינו קרמל,,170.00,100 גרם,false,,18.90,0.1112,true,1,21227
8801055709472,false,נסטלה - נסקפה קפוצ'ינו קלאסי 12.50 גרם * 10,לוטה נסטלה קוריאה,DE,נסקפה קפוצ'ינו קלאסי,,185.00,100 גרם,false,,18.90,0.1022,true,1,21229
8803733182409,false,קופסא 1.6 ליטר L&L,,,קופסא 1.6 ליטר L&L,יחידה,0.00,יחידה,false,,52.90,0.0000,true,1,42942
8850206250592,false,רוטב צ'ילי סריראצ'ה 540 גרם (מזרח ומערב),יאן וואל יון קו.לטד,TH,רוטב צ'ילי סיראצ'ה מ,,540.00,100 גרם,false,,19.90,0.0369,true,1,26016
8850367992164,false,קרם קוקוס 250 מל 20-22% ללא חומר משמר,טאפ פאד ונגפורן,TH,קרם קוקוס ללא גלוטן,,250.00,100 גרם,false,,7.90,0.0316,true,1,26018
8850389111352,false,"משקה מלון עם חתיכות גלי קוקוס 320 מ""ל מוגו מוגו",סאפה פובליק קומפני ל,TH,מלון משקה עם חתיכות,,320.00,"100 מ""ל",false,,6.90,0.0216,true,1,25314
8850632604266,false,יוגטה מקלות חמוצות בטעם קולה 50 גרם 24 יח',ג'נרל קנדי בעמ,TH,יוגטה חיספוסים מקלות,,50.00,100 גרם,false,,3.90,0.0780,true,1,4720
8850632604402,false,יוגטה מקלות חמוצות שטיח בטעם מעורב24 יח',"ג'נרל קנדי בע""מ",TH,יוגטה ממתק תות ענבים,,50.00,100 גרם,false,,3.90,0.0780,true,1,4722
8851613101378,false,"נוזל קוקוס ארוי די 250 מ""ל",כלורוקס אוקלנד,TH,משקה קוקוס ארוי-די,,250.00,"100 מ""ל",false,,9.90,0.0396,true,1,17691
8858271004799,false,"רוטב צילי מתוק אל פורפסיס 700 מ""ל",יאן ונזל יון,TH,רוטב צ'ילי מתוק מזרח,,700.00,"100 מ""ל",false,,12.90,0.0184,true,1,26032
8858271005772,false,"רוטב סויה ללא גלוטן 300 מ""ל",יאן ונזל יון,TH,רוטב סויה ללא גלוטן,,300.00,"100 מ""ל",false,,16.90,0.0563,true,1,26034
8888021200256,false,סוללות אנרג'יזר MAX AA שמינייה,יצרן: אנרג'ייזר סינג,SG,AAאנרג'ייזר סוללות מ,יחידה,0.00,יחידה,false,,21.90,0.0000,true,1,2350
8888021200720,false,סוללות אנרג'יזר MAX AAA שמינייה,יצרן: אנרג'ייזר סינג,SG,AAAאנרג'ייזר סוללות,יחידה,0.00,יחידה,false,,21.90,0.0000,true,1,2351
8901537024014,false,"אורז בסמטי מובחר 1 ק""ג - דוואט) יורה דיעה",הנסיך- מפעל לייצור ט,IN,וילי פוד אורז בסמטי,,1000.00,100 גרם,false,,11.90,0.0119,true,1,1453
8901537076679,false,"אורז בסמטי חום מלא 1 ק""ג דאוואט",האי נאם סי או אל.טי.,IN,אורז בסמטי חום מלא 1,קילוגרמים,1.00,"ק""ג",false,,15.90,15.9000,true,1,1454
8934868127130,false,"Sunlight נוזל כלים 750 מ""ל +משאבה",,,נוזל כלים סאן בניחוח,,750.00,"100 מ""ל",false,,9.90,0.0132,true,1,27209
9000101372878,false,קפסולות דיסקס לניקוי כביסה לבנה וצבעונית Deep Clean,פרסיל Persil,HU,פרסיל דיסקס לכביסה ל,,22.00,יח',false,,34.90,1.5864,true,1,24193
9008700155458,false,נקטר גויאבה 1 ליטר ראוך,,,נקטר גויאבה 1 ליטר,ליטרים,1.00,ליטר,false,,9.90,9.9000,true,1,9696
9120025834723,false,חטיף אוראו מצונן 120 גרם רבנות,בובארד איטליה אס.פי.,IT,חטיף אוראו מצונן 120,,120.00,100 גרם,false,,14.90,0.1242,true,1,19110
9322969000022,false,פריכיות תירס עם סויה וזרעי פשתן ללא גלוטן,אף.סי תבליני בגליל ב,AU,פריכיות תירס עם סויה,,150.00,100 גרם,false,,12.90,0.0860,true,1,2355
9720188050109,false,טופוטי ממרח טופו בטעם גבינה 227 ג`,טופוטי ברנדס אינק.ג',IL,טופוטי ממרח טופו בטע,,225.00,100 גרם,false,,19.90,0.0884,true,1,2586
9720188060108,false,טופוטי ממרח על בסיס סויה בסגנון שמנת 340ג',טופוטי ברנדס אינק.ג',IL,טופוטי ממרח טופו בטע,,340.00,100 גרם,false,,19.90,0.0585,true,1,2587
