code,internal_code,name,manufacturer_name,manufacture_country,manufacturer_item_description,unit_qty,quantity,unit_of_measure,weighted,qty_in_package,price,unit_of_measure_price,allow_discount,status,item_id
30,true,קרטון סודה טמפו 24 י,,,קרטון סודה טמפו 24 י,ליטרים,6.60,ליטר,false,,57.90,8.7727,true,1,1239383
40,true,לחם לבן 750 גרם,,,לחם לבן 750 גרם,גרמים,750.00,100 גרם,false,,4.90,0.0065,true,1,1238861
43,true,חלה פרג 500 גרם,,,חלה פרג 500 גרם,גרמים,500.00,100 גרם,false,,6.30,0.0126,true,1,1258993
50,true,לחמניה.,,,לחמניה.,יחידה,0.00,יחידה,false,,1.50,0.0000,true,1,1223006
52,true,שליש בגאט.,,,שליש בגאט.,יחידה,0.00,יחידה,false,,2.00,0.0000,true,1,1259063
73,true,"10 ק""ג סוכר",,,"10 ק""ג סוכר",יחידה,0.00,יחידה,false,,39.00,0.0000,true,1,1248047
84,true,חלה רגילה/קלועה 500,,,חלה רגילה/קלועה 500,גרמים,500.00,100 גרם,false,,4.90,0.0098,true,1,1242721
87,true,"מארז פחיות 250 מ""ל X",,,"מארז פחיות 250 מ""ל X",מיליליטרים,6000.00,"100 מ""ל",false,,89.90,0.0150,true,1,1239386
100,true,Temp Item,,,Temp Item,,0.00,,false,,0.00,0.0000,true,1,2177669
110,true,קרטון פחיות קולה 330,,,קרטון פחיות קולה 330,ליטרים,7.92,ליטר,false,,129.60,16.3636,true,1,1249770
120,true,קרטון 24 יח' קולה קל,,,קרטון 24 יח' קולה קל,ליטרים,8.40,ליטר,false,,141.60,16.8571,true,1,1249771
126,true,קרטון מי עדן קטן-24,,,קרטון מי עדן קטן-24,מיליליטרים,12000.00,"100 מ""ל",false,,45.00,0.0038,true,1,1249772
170,true,בגט בונזור.,,,בגט בונזור.,יחידה,0.00,יחידה,false,,4.40,0.0000,true,1,1223010
172,true,לחם איטלקי טעמים.,,,לחם איטלקי טעמים.,יחידה,0.00,יחידה,false,,6.90,0.0000,true,1,1223012
174,true,פוקצ'ה ירקות.,,,פוקצ'ה ירקות.,יחידה,0.00,יחידה,false,,9.90,0.0000,true,1,1223014
175,true,פוקצ'ה גבינה וירקות.,,,פוקצ'ה גבינה וירקות.,יחידה,0.00,יחידה,false,,14.90,0.0000,true,1,1223015
176,true,חלה מתוקה קלועה בונז,,,חלה מתוקה קלועה בונז,גרמים,560.00,100 גרם,false,,10.90,0.0195,true,1,1223016
177,true,חלה רגילה בונז'ור,,,חלה רגילה בונז'ור,יחידה,0.00,יחידה,false,,9.90,0.0000,true,1,1223017
179,true,מארז 5 יח' ג'בטה,,,מארז 5 יח' ג'בטה,יח',5.00,יח',false,,14.90,2.9800,true,1,1223019
201,true,בגט כפרי/חיטה מלאה.,,,בגט כפרי/חיטה מלאה.,יחידה,0.00,יחידה,false,,4.90,0.0000,true,1,1223020
280,true,לחם מחמצת,,,לחם מחמצת,יחידה,0.00,יחידה,false,,16.90,0.0000,true,1,1418399
351,true,קרטון סודה קינלי 250,,,קרטון סודה קינלי 250,ליטרים,6.00,ליטר,false,,60.00,10.0000,true,1,1249774
554,true,"קמח לבן 10 ק""ג",,,"קמח לבן 10 ק""ג",קילוגרמים,10.00,"ק""ג",false,,43.00,4.3000,true,1,1253982
650,true,פופקורן מלוח מוכן,,,פופקורן מלוח מוכן,גרמים,240.00,100 גרם,false,,7.90,0.0329,true,1,1238845
957,true,מים בורזום טבעיים מא,,,מים בורזום טבעיים מא,ליטרים,4.50,ליטר,false,,39.90,8.8667,true,1,1249693
4440,true,מאפים מתוקים-מלוחים.,,,מאפים מתוקים-מלוחים.,קילוגרמים,1.00,"ק""ג",true,,39.00,39.0000,true,1,1223030
4444,true,מארז בייגלה 4 יח'.,,,מארז בייגלה 4 יח'.,יח',4.00,יח',false,,14.90,3.7250,true,1,1223032
8092,true,מארז 10 לחמניות פטיט,,,מארז 10 לחמניות פטיט,יח',10.00,יח',false,,10.00,1.0000,true,1,1223034
8880,true,מארז 6 יח' בייבי חלו,,,מארז 6 יח' בייבי חלו,יח',6.00,יח',false,,10.00,1.6667,true,1,1223036
8884,true,מארז חצי בגט 4 יחידו,,,מארז חצי בגט 4 יחידו,יח',4.00,יח',false,,9.90,2.4750,true,1,1223038
8887,true,מארז שליש בגט 5 יחיד,,,מארז שליש בגט 5 יחיד,יח',5.00,יח',false,,9.90,1.9800,true,1,1223039
8888,true,מארז לחמניות 5 יחידו,,,מארז לחמניות 5 יחידו,יח',5.00,יח',false,,9.90,1.9800,true,1,1223040
9551,true,לפת,,,לפת,קילוגרמים,1.00,"ק""ג",true,,19.00,19.0000,true,1,1259449
9568,true,קוקטייל יווני,,,קוקטייל יוני,קילוגרמים,1.00,"ק""ג",true,,59.00,59.0000,true,1,1259450
9582,true,מלפפון בחומץ,,,מלפפון בחומץ,קילוגרמים,1.00,"ק""ג",true,,35.00,35.0000,true,1,1234964
9599,true,זית סנטה מתובל,,,סנטה מתובל,קילוגרמים,1.00,"ק""ג",true,,49.00,49.0000,true,1,1259451
498393,true,חלה מתוקה עגולה לא א,,,חלה מתוקה עגולה לא א,גרמים,500.00,100 גרם,false,,7.90,0.0158,true,1,2220895
799806,true,Temp Item,,,Temp Item,,0.00,,false,,0.00,0.0000,true,1,2146228
30500001,false,חגורת עור,,,חגורת עור,יחידה,0.00,יחידה,false,,59.90,0.0000,true,1,2130176
32147230,false,לימונית - מיץ לימון משומר,ג'נרל מילס סאן אדריא,CH,"מיץ לימון משומר 200מ""ל",מיליליטרים,200.00,"100 מ""ל",false,,7.90,0.0395,true,1,1266297
40052403,false,קיט קט אצבעות 40 גרם,נסטלה Nestle,,וופל קיט-קאט בודד,גרמים,41.50,100 גרם,false,,3.90,0.0940,true,1,1353391
40084107,false,ביצת שוקולד הפתעה קינדר,קריות זול,IT,ביצת הפתעה קינדר.,גרמים,20.00,100 גרם,false,,5.50,0.2750,true,1,1297917
40099132,false,מסטיק הובה בובה Hubba Bubba בטעם תות,הובה בובה Hubba Bubba,,מסטיק הובה בובה תות,גרמים,35.00,100 גרם,false,,2.90,0.0829,true,1,1251391
40111216,false,באונטי חטיף קוקוס ושוקולד 57ג',"נארז ע""י : א.ג. גילר",NL,57GR 'באונטי חטיף שוק,גרמים,57.00,100 גרם,false,,3.90,0.0684,true,1,1234764
40173351,false,בירה מייזל חיטה אורי,,DE,"בירה ""מייזל"" חיטה או",מיליליטרים,500.00,"100 מ""ל",false,,9.90,0.0198,true,1,2176596
40267531,false,דבק סטיק 8 גר' UHU 1,,,דבק סטיק 8 גר' UHU 1,יחידה,0.00,יחידה,false,,4.90,0.0000,true,1,2263958
40786179,false,בירה לוונבראו בפחית.,Spaten,,בירה לוונבראו בפחית.,מיליליטרים,500.00,"100 מ""ל",false,,9.90,0.0198,true,1,2162379
41001356,false,בירה בקס פחית 500 מל,יבואן ומשווק: ש. שסט,DE,בירה בקס פחית.,מיליליטרים,500.00,"100 מ""ל",false,,9.90,0.0198,true,1,1239627
42061939,false,בירה בקס בקבוק 500 מ,"איי, בי, אינבוו",DE,בירה בקס,מיליליטרים,500.00,"100 מ""ל",false,,8.90,0.0178,true,1,1777826
42123866,false,מסטיק הובה בובה צ'אנק פירות קלאסי 35ג',הובה בובה Hubba Bubba,,מסטיק הובה בובה קלאס,גרמים,35.00,100 גרם,false,,2.90,0.0829,true,1,1251394
42246640,false,"ניוואה - דאודורנט רול און לאישה פאודר טאצ' נשים 50 מ""ל",,,ניוואה דאו רול און ל,יחידה,1.00,יחידה,false,,19.90,19.9000,true,1,1248475
42299363,false,"ניוואה - דאודורנט רול און לגבר פרש פאוור 50 מ""ל",,,ניוואה דאו רול און פ,יחידה,0.00,יחידה,false,,19.90,0.0000,true,1,1408883
50398904,false,"קרם חמצן 6% אינדולה 60 מ""ל",גדעון קוסמטיקס,IL,"אינדולה קרם חמצן 6% 60 מ""",מיליליטרים,60.00,"100 מ""ל",false,,3.90,0.0650,true,1,1238480
50398911,false,חמצן %9 60 מ''ל אינדולה,אינדולה Indola,,קרם חמצן 9%,מיליליטרים,60.00,"100 מ""ל",false,,3.90,0.0650,true,1,1238481
54051140,false,מעדן סויה טעם וניל אלפרו רביעיה * 125 ג',הנסיך- מפעל לייצור ט,BE,אלפרו מעדן סויה בטעם וניל,גרמים,500.00,100 גרם,false,,16.90,0.0338,true,1,1253247
59016441,false,"רקסונה - דאודורנט רול און לאישה פרוט ספין 50 מ""ל",,,דאודורנט רול און רקס,מיליליטרים,50.00,"100 מ""ל",false,,15.90,0.3180,true,1,2159469
59079378,false,"אקס דאודורנט רול און אייס צ'יל 50 מ""ל",אקס Axe,,אקס דאודורנט רול און,מיליליטרים,50.00,"100 מ""ל",false,,18.90,0.3780,true,1,2169782
59082637,false,"רקסונה - דאודורנט רולאון לגבר אקסטרא קול 50 מ""ל",רקסונה Rexona,,דאודורנטרול און רקסו,מיליליטרים,50.00,"100 מ""ל",false,,15.90,0.3180,true,1,2130149
59085645,false,דאודורנט רול און בניחוח אסאי,דאב Dove,,דאב דאו רולאון אסאי,מיליליטרים,50.00,"100 מ""ל",false,,17.90,0.3580,true,1,2207658
72917367,false,טעמי חטיף במילוי קרם נוגט וקרמל,"שטראוס גרופ בע""מ",IL,טעמי 28 חטיף 40 גר',גרמים,40.00,100 גרם,false,,3.90,0.0975,true,1,1256878
72940754,false,מעדן מילקי בטעם וניל עם קצפת,"שטראוס גרופ בע""מ",IL,מילקי וניל,גרמים,135.00,100 גרם,false,,3.00,0.0222,true,1,1256238
72940761,false,מעדן מילקי בטעם שוקולד עם קצפת,מיוצר עי קונדיטוריית,IL,מילקי שוקולד,גרמים,170.00,100 גרם,false,,2.90,0.0171,true,1,1256239
72940952,false,מעדן מילקי בטעם שוקולד עם אקסטרה קצפת,"שטראוס גרופ בע""מ",IL,מילקי אקסטרה קצפת,גרמים,170.00,100 גרם,false,,3.50,0.0206,true,1,1256240
72940976,false,כרוב אדום אחלה 250גר,מיוצר עי קונדיטוריית,IL,כרוב אדום 250,גרמים,250.00,100 גרם,false,,7.80,0.0312,true,1,1256241
72940983,false,חומוס אחלה 250 גרם,אחלה - שטראוס,IL,חומוס אחלה 250,גרמים,250.00,100 גרם,false,,6.90,0.0276,true,1,1700035
72941041,false,מעדן מילקי מיני בטעם שוקולד עם קצפת,"שטראוס גרופ בע""מ",IL,מעדן מילקי מיני שוקו,גרמים,70.00,100 גרם,false,,2.10,0.0300,true,1,1256243
72945308,false,קוביות שמרים לאפיה שמרית 2*25 ג',"פאקא תעשיות בע""מ",IL,שמרית קוביה,גרמים,50.00,100 גרם,false,,3.20,0.0640,true,1,1256244
72961520,false,יוגורט עם אננס 1.5% שומן 125 ג' פרילי,מיוצר עי קונדיטוריית,IL,מעדן פרילי אננס 125,מיליליטרים,125.00,"100 מ""ל",false,,3.70,0.0296,true,1,1254685
72961544,false,באדי יוגורט בטעם תות שדה 3%,מחלבת אלון תבור,IL,"מעדן באדי תות 125 מ""",מיליליטרים,125.00,"100 מ""ל",false,,2.90,0.0232,true,1,1254686
72963753,false,שמנת אורגינל של פעם 27% שומן 200 ג' תנובה,תנובה מרכז שיתופי לש,IL,שמנת של פעם 27% שומן,מיליליטרים,200.00,"100 מ""ל",false,,4.50,0.0225,true,1,1254690
72964132,false,פרילי טבע עם גרנולה 1.5% 200מל,מיוצר עי קונדיטוריית,IL,מעדן פרילי טבעגורט 2,גרמים,200.00,100 גרם,false,,5.30,0.0265,true,1,1254692
72964422,false,תנובה יוגורט פרחים 4.5% 200מל,מחלבת תנובה,IL,"יוגורט 4.5% 200 מ""ל.",מיליליטרים,200.00,"100 מ""ל",false,,2.90,0.0145,true,1,1254693
72986370,false,"גלידת בן & ג'ריס פיינטים וניל 500מ""ל",מוצרי איכות אמריקאים,IL,"גל.וניל צרפתי 500 מ""ל",מיליליטרים,500.00,"100 מ""ל",false,,24.90,0.0498,true,1,1242270
72986424,false,"גלידת בן & ג'ריס פיינטים קרם עוגיות 500מ""ל",מוצרי איכות אמריקאיי,IL,"גל.קרם עוגיות 500 מ""ל",מיליליטרים,500.00,"100 מ""ל",false,,24.90,0.0498,true,1,1242271
72986448,false,"גלידת בן & ג'ריס פיינטים טופי קראנץ 500מ""ל",מוצרי איכות אמריקאיי,IL,"גל.טופי קראנץ 500 מ""ל",מיליליטרים,500.00,"100 מ""ל",false,,24.90,0.0498,true,1,1242272
72986455,false,"ניו יורק סופר גלידת שוקולד, חתיכות פאדג' ואגוזים",מוצרי איכות אמריקאיי,IL,גלידת שוקולד פאגד'אגוזים,מיליליטרים,500.00,"100 מ""ל",false,,24.90,0.0498,true,1,1242273
72986479,false,"צ'אנקי מנקי גלידת וניל, בננות, חתיכות פאדג' ואגוזים",מוצרי איכות אמריקאיי,IL,"גל.צ'אנקי מאנקי 500 מ""ל",מיליליטרים,500.00,"100 מ""ל",false,,24.90,0.0498,true,1,1242274
72989425,false,"גלידת בן & ג'ריס פיינטים שוקולד בראוניז 500מ""ל",מוצרי איכות אמריקאיי,IL,500 גלידה שוקולד בראוניס,מיליליטרים,500.00,"100 מ""ל",false,,24.90,0.0498,true,1,1242275
72991008,false,פסק זמן חלב מגדים 45גרם,"שטראוס גרופ בע""מ",IL,"פ""ז קלסיק מגדים/24חט./45ג",גרמים,45.00,100 גרם,false,,4.90,0.1089,true,1,1256885
72991886,false,"גלידת דולצ'ה בטעם ריבת חלב עם פאדג' בן וג'ירי 500 מ""ל",מוצרי איכות אמריקאיי,IL,500 גלידת דולצ'ה דה לצ'ה,מיליליטרים,500.00,"100 מ""ל",false,,24.90,0.0498,true,1,1242276
72993637,false,מעדן חלב בטעם שוקולד 125 ג' דני,מחלבת אחיהוד,IL,דני שוקולד,גרמים,125.00,100 גרם,false,,2.70,0.0216,true,1,1256249
72994061,false,חטיף פסק זמן Z Good ופל מגולגל,שולן צ'יקולטה גידה ס,TR,פסק זמן 2Good,גרמים,36.00,100 גרם,false,,4.90,0.1361,true,1,1635435
76106071,false,"מיץ ליים משומר 200מ""ל",Sicilia סיציליה,,מיץ ליים משומר 200 מ,מיליליטרים,200.00,"100 מ""ל",false,,7.90,0.0395,true,1,2133423
80001287,false,וופל חטיף לואקר אגוז 38 גר',לואקר Loacker,AT,חטיף וופל גרדנה אגוז,גרמים,38.00,100 גרם,false,,3.50,0.0921,true,1,1241755
80001461,false,לואקר חטיף שוקולד 38 גר',"א. לואקר קונפקט בע""מ",AT,חטיף גרדנה מצופה,גרמים,38.00,100 גרם,false,,3.50,0.0921,true,1,1241757
80001485,false,גרדנה קוקוס 38 גר'25X יח',קריניציה ויטמינה אס,IT,חטיף גרדנה קוקוס,גרמים,38.00,100 גרם,false,,3.50,0.0921,true,1,1241758
80001911,false,וופל גרדנה במילוי קרם אגוזי לוז ובציפוי שוקולד לבן,לואקר Loacker,AT,חטיף וופל גרדנה אגוז,גרמים,38.00,100 גרם,false,,3.50,0.0921,true,1,1699138
80042556,false,עגבניות מרוסקות מוטי,מוטי Mutti,IT,עגבניות מרוסקות PO,גרמים,400.00,100 גרם,false,,5.90,0.0148,true,1,2227482
80043638,false,כורכום טחון אורגני 4,קנמלה Cannamela,,כורכום טחון אורגני 4,גרמים,47.00,100 גרם,false,,14.90,0.3170,true,1,1405994
80043645,false,קארי אורגני-קנהמלה,קנמלה Cannamela,,קארי אורגני-קנהמלה,גרמים,14.00,100 גרם,false,,14.90,1.0643,true,1,1808340
80044079,false,קינמון טחון אורגני 4,,,קינמון טחון אורגני 4,גרמים,42.00,100 גרם,false,,14.90,0.3548,true,1,1405997
80052760,false,קינדר בואנו Kinder Bueno עם חלב ואגוזי לוז,קריות זול,PL,קינדר בואנו שוקולד ב,גרמים,43.00,100 גרם,false,,3.90,0.0907,true,1,1241766
80136194,false,חטיפי הפי היפו Happy Hippo במילוי קרם חלבי ואגוזי לוז,קינדר Kinder,DE,הפי היפו חמישייה,גרמים,103.50,100 גרם,false,,11.90,0.1150,true,1,1677352
80176800,false,"ממרח שוקולד נוטלה, 750 גר",פררו תעשיות איטליה ס,IT,ממרח נוטלה 750 גרם,גרמים,750.00,100 גרם,false,,25.90,0.0345,true,1,1241769
80177173,false,ממרח אגוזי לוז עם קקאו,נוטלה Nutella,IT,ממרח נוטלה 350 גרם,גרמים,350.00,100 גרם,false,,14.90,0.0426,true,1,1241770
80177609,false,אצבעות שוקולד קינדר Kinder ארבע יחידות,קריות זול,IT,שוקולד קינדר אצבעות,גרמים,50.00,100 גרם,false,,3.90,0.0780,true,1,1241773
80177616,false,אצבעות שוקולד קינדר Kinder שמונה יחידות,קריות זול,IT,שוקולד קינדר,גרמים,100.00,100 גרם,false,,7.90,0.0790,true,1,1241774
80273592,false,פלפל ארבע עונות במטחנה,דרוגריה ואלימנטרי אס,IT,פלפל 4עונות מטחנה 35גרם,גרמים,35.00,100 גרם,false,,12.90,0.3686,true,1,1251557
80273639,false,מלח ים במטחנה 90 גרם,דרוגריה ואלימנטרי אס,IT,מלח ים במטחנה 90גרם,גרמים,90.00,100 גרם,false,,12.90,0.1433,true,1,1251559
80273677,false,צ'ילי במטחנה 20 גרם,דרוגריה ואלימנטרי אס,IT,צ'ילי במטחנה 20גרם,גרמים,20.00,100 גרם,false,,12.90,0.6450,true,1,1251561
80310891,false,ביצת הפתעה קינדר ג'וי כתום,קריות זול,ZA,קינדר ג'וי ביצת הפתע,גרמים,20.00,100 גרם,false,,5.90,0.2950,true,1,2266698
80473206,false,פפריקה מתוקה אורגנית,,,פפריקה מתוקה אורגנית,גרמים,50.00,100 גרם,false,,14.90,0.2980,true,1,1808380
80473213,false,כמון אורגני-קנהמלה,,,כמון אורגני-קנהמלה,גרמים,32.00,100 גרם,false,,14.90,0.4656,true,1,1808381
80533917,false,פילה אנשובי בשמן זית,,,פילה אנשובי בשמן זית,גרמים,75.00,100 גרם,false,,24.90,0.3320,true,1,2135399
80533962,false,פילה טונה בשמן זית כ,,,פילה טונה בשמן זית,גרמים,200.00,100 גרם,false,,39.90,0.1995,true,1,2135400
80541776,false,אורגנו אורגני 14 גרם,האי נאם סי או אל.טי.,IT,אורגנו אורגני 14 גרם,גרמים,14.00,100 גרם,false,,14.90,1.0643,true,1,2126578
80651000,false,טוסקנה שום וצילי במט,דרוגריה ואלימנטרי אס,IT,שום וצ'ילי במטחנה 35גרם,גרמים,30.00,100 גרם,false,,12.90,0.4300,true,1,1251567
80655404,false,שום טחון אורגני 70 ג,,,שום טחון אורגני 70 ג,גרמים,70.00,100 גרם,false,,14.90,0.2129,true,1,1405999
80718765,false,טונה במים בצנצנת קלי,קליפו קונסרב,IT,טונה במים,גרמים,160.00,100 גרם,false,,19.90,0.1244,true,1,2135402
80768838,false,מסטיק מנטוס וויט ביג פירות ומנטה 105 ג',"אינסטנטה בע""מ",TR,מסטיק מנטוס בטעם פיר,גרמים,90.00,100 גרם,false,,16.90,0.1878,true,1,1409706
80773429,false,מסטיק מנטוס פיור פרש בבקבוק בינוני בטעם תות 60 ג',פרפטי ואן מלה הולנד,TR,מסטיק מנטוס תות 60 ג,גרמים,60.00,100 גרם,false,,9.90,0.1650,true,1,1734344
80773443,false,מסטיק מנטוס בבקבוק מעוגל בטעם מנטה מעודנת 60 ג',פרפטי ואן מלה הולנד,TR,מסטיק מנטוס פירות 60,גרמים,60.00,100 גרם,false,,9.90,0.1650,true,1,1535665
80776307,false,מסטיק מנטוס ביג בבקבוק מעוגל טעם פירות מנטה 90 ג',פרפטי ואן מלה הולנד,TR,מסטיק מנטוס בטעם פיר,גרמים,90.00,100 גרם,false,,16.90,0.1878,true,1,1535666
80780595,false,מסטיק מנטוס ביג בבקבוק מעוגל טעם מנטה-עדינה 90 ג',מנטוס Mentos,TR,מסטיק מנטוס בטעם מנט,גרמים,90.00,100 גרם,false,,16.90,0.1878,true,1,1535667
80790990,false,מסטיק מנטוס בבקבוק מעוגל בטעם פירות -מנטה 60 ג',פרפטי ואן מלה הולנד,TR,מסטיק מנטוס פירות,גרמים,60.00,100 גרם,false,,9.90,0.1650,true,1,1535668
80794233,false,מסטיק מנטוס ביג בבקבוק מעוגל טעם מנטה 90 ג',פרפטי ואן מלה הולנד,,מסטיק מנטוס בטעם מנט,גרמים,90.00,100 גרם,false,,16.90,0.1878,true,1,1535669
80804697,false,מסטיק וויט White בטעם מנטה מתוקה ללא סוכר,"אינסטנטה בע""מ",TR,מסטיק מנטוס בטעם מנט,גרמים,105.00,100 גרם,false,,16.90,0.1610,true,1,1409708
80820970,false,עוגיית לואקר טורטינה,Unknown,,עוגיית לואקר טורטינה,גרמים,21.00,100 גרם,false,,3.50,0.1667,true,1,2188656
80831402,false,סוכריות מנטוס מנטה עדינה 30 יח' ללא סוכר CLEAN BREATH,מנטוס Mentos,NL,סוכריות מנטוס מנטה ע,גרמים,31.00,100 גרם,false,,6.90,0.2226,true,1,2154320
80832560,false,סוכריות מנטוס פירות יער 21 ג' ללא סוכר CLEAN BREATH,Unknown,,סוכריות מנטוס פירות,גרמים,31.00,100 גרם,false,,6.90,0.2226,true,1,2258162
80843184,false,מנטוס מסטיק פיור פרש בטעם ענבים 60גר,פרפטי ואן מלה הולנד,TR,מסטיק מנטוס ענבים,גרמים,60.00,100 גרם,false,,9.90,0.1650,true,1,2216631
80854753,false,סוכריות מנטוס מנטה 30 יח' ללא סוכר CLEAN BREATH,מנטוס Mentos,NL,סוכריות מנטוס מנטה ל,גרמים,31.00,100 גרם,false,,6.90,0.2226,true,1,2154321
80864059,false,וופל גרדנה עם קרם חמאת בוטנים בציפוי שוקולד חלב,לואקר Loacker,AT,חטיף וופל גרדנה אגוז,גרמים,21.00,100 גרם,false,,3.50,0.1667,true,1,2252194
80864295,false,סוכריות פיור וויט טעם מנטה עדינה 60 ג' מנטוס,פרפטי ואן מלה הולנד,TR,מסטיק מנטוס וויט מנט,גרמים,60.00,100 גרם,false,,9.90,0.1650,true,1,2218795
80896081,false,מסטיק מנטוס פיור פרש בבקבוק בינוני בטעם אבטיח 60 ג',פרפטי ואן מלה הולנד,TR,מסטיק מנטוס אבטיח 60,גרמים,60.00,100 גרם,false,,9.90,0.1650,true,1,1734345
80913467,false,מסטיק מנטו בבקבוק מעוגל בטעם מנטה 60 ג',פרפטי ואן מלה הולנד,TR,מסטיק מנטוס מנטה,גרמים,60.00,100 גרם,false,,9.90,0.1650,true,1,1535670
80945468,false,סוכריות פיור וויט טעם מנטה מתוקה 60 ג' מנטוס,פרפטי ואן מלה הולנד,TR,מסטיק מנטוס וויט מנט,גרמים,60.00,100 גרם,false,,9.90,0.1650,true,1,2218796
80974215,false,מסטיק מנטוס פיור פרש בבקבוק ביג בטעם תות 90ג',פרפטי ואן מלה הולנד,,מסטיק מנטוס בטעם תות,גרמים,90.00,100 גרם,false,,16.90,0.1878,true,1,1920280
80979128,false,מסטיק מנטוס פיור בטעם דובדבן 60 ג',פרפטי ואן מלה הולנד,TR,מסטיק מנטוס דובדבן,גרמים,60.00,100 גרם,false,,9.90,0.1650,true,1,2216632
80982470,false,מסטיק מנטוס פיור פרוסט בטעם מנטה חזק 60 גר',פרפטי ואן מלה ברדה,TR,מסטיק מנטוס מנטה חזק,גרמים,60.00,100 גרם,false,,9.90,0.1650,true,1,2199251
80986348,false,סוכריות פיור וויט טעם מנטה 60 ג' מנטוס,פרפטי ואן מלה הולנד,TR,מסטיק מנטוס וויט מנט,גרמים,60.00,100 גרם,false,,9.90,0.1650,true,1,2218797
80995128,false,מנטוס - מסטיק בטעם הדרים בתוספת ויטמינים 60 גרם,פרפטי ואן מלה הולנד,TR,מסטיק מנטוס הדרים 6,גרמים,60.00,100 גרם,false,,9.90,0.1650,true,1,2273458
87108538,false,סוכריות מנטוס Mentos תות שדה,הדקלאים אגודת שיתופי,NL,מנטוס תות בודד,גרמים,37.00,100 גרם,false,,3.00,0.0811,true,1,1241801
87108651,false,מארז סוכריות מנטוס Mentos מנטה,הדקלאים אגודת שיתופי,NL,מנטוס 1/4 טעם מנטה,גרמים,150.00,100 גרם,false,,10.90,0.0727,true,1,1241802
87108712,false,מארז סוכריות מנטוס Mentos פירות,פרפטי ואן מלה ברדה,NL,מנטוס 1/4 טעם פירות,גרמים,150.00,100 גרם,false,,10.90,0.0727,true,1,1241803
87311396,false,סוכריות מנטוס Mentos ריינבואו,פרפטי ואן מלה,NL,מנטוס גליל בודד,גרמים,37.50,100 גרם,false,,3.00,0.0800,true,1,1241809
87354041,false,סוכריות מנטוס Mentos בטעם דובדבן,קריות זול,,מנטוס דובדבן בודד,גרמים,37.50,100 גרם,false,,3.00,0.0800,true,1,2217874
88888000,true,Temp SuperDept,,,Temp SuperDept,,0.00,,false,,0.00,0.0000,true,1,1274736
88888004,true,מוצרי מקרר טרי,,,מוצרי מקרר טרי,,0.00,,false,,0.00,0.0000,true,1,1274737
88888005,true,בשר / עופות / דגים,,,בשר / עופות / דגים,,0.00,,false,,0.00,0.0000,true,1,1274738
88888006,true,פירות וירקות,,,פירות וירקות,,0.00,,false,,0.00,0.0000,true,1,1274739
88888007,true,ארכיון,,,ארכיון,,0.00,,false,,0.00,0.0000,true,1,1274740
88888010,true,מכולת,,,מכולת,,0.00,,false,,0.00,0.0000,true,1,1274741
88888015,true,"ללא מע""מ",,,"ללא מע""מ",,0.00,,false,,0.00,0.0000,true,1,1274742
88888020,true,פירות וירקות הלחי,,,פירות וירקות הלחי,,0.00,,false,,0.00,0.0000,true,1,1298039
88888033,true,חלב וביצים,,,חלב וביצים,,0.00,,false,,0.00,0.0000,true,1,1274743
88888034,true,סלטים ונקניקים,,,סלטים ונקניקים,,0.00,,false,,0.00,0.0000,true,1,1274744
88888050,true,קצביה עוף,,,קצביה עוף,,0.00,,false,,0.00,0.0000,true,1,1274745
88888051,true,קצביה בקר,,,קצביה בקר,,0.00,,false,,0.00,0.0000,true,1,1274746
88888056,true,קצביה הודו,,,קצביה הודו,,0.00,,false,,0.00,0.0000,true,1,1274747
88888068,true,שתיה,,,שתיה,,0.00,,false,,0.00,0.0000,true,1,1274752
88888070,true,תינוקות ופעוטות,,,תינוקות ופעוטות,,0.00,,false,,0.00,0.0000,true,1,1274753
88888071,true,חומרי ניקוי,,,חומרי ניקוי,,0.00,,false,,0.00,0.0000,true,1,1274754
88888082,true,טיפוח והגיינה,,,טיפוח והגיינה,,0.00,,false,,0.00,0.0000,true,1,1274755
88888083,true,ביזרים וכלי עזר לבית,,,ביזרים וכלי עזר לבית,,0.00,,false,,0.00,0.0000,true,1,1274756
88888084,true,כלי עבודה ורכב,,,כלי עבודה ורכב,,0.00,,false,,0.00,0.0000,true,1,1274757
88888085,true,הלבשה,,,הלבשה,,0.00,,false,,0.00,0.0000,true,1,1274758
88888086,true,"ים, משרד ומוצרי פנאי",,,"ים, משרד ומוצרי פנאי",,0.00,,false,,0.00,0.0000,true,1,1274759
88888087,true,ודים מקוצרים למבצעים,,,ודים מקוצרים למבצעים,,0.00,,false,,0.00,0.0000,true,1,1274760
88888088,true,פקדונות,,,פקדונות,,0.00,,false,,0.00,0.0000,true,1,1274761
88888093,true,אוכל מוכן,,,אוכל מוכן,,0.00,,false,,0.00,0.0000,true,1,1274763
88888096,true,שיפודיה,,,שיפודיה,,0.00,,false,,0.00,0.0000,true,1,1274764
88888097,true,קפיטריה,,,קפיטריה,,0.00,,false,,0.00,0.0000,true,1,1274765
88888098,true,אוטו ספא,,,אוטו ספא,,0.00,,false,,0.00,0.0000,true,1,1274766
88888099,true,VENDOR,,,VENDOR,,0.00,,false,,0.00,0.0000,true,1,1299790
88888100,true,מוכרנים - מוצרי חשמל,,,מוכרנים - מוצרי חשמל,,0.00,,false,,0.00,0.0000,true,1,2098411
88888555,true,דגים טריים,,,דגים טריים,,0.00,,false,,0.00,0.0000,true,1,1274749
90087011,false,הפי דיי נקטר תפוחים,Rauch fruchtsafte gm,,מיץ תפוחים 100% 1 לי,ליטרים,1.00,ליטר,false,,11.90,11.9000,true,1,1254100
90087271,false,נקטר אוכמניות 1 ל' RAUCH,Rauch fruchtsafte gm,,נקטר אוכמניות 1 ליטר,ליטרים,1.00,ליטר,false,,11.90,11.9000,true,1,1254101
90087547,false,100% מיץ עגבניות Happy Day,Rauch fruchtsafte gm,,מיץ עגבנית 1 ליטר,ליטרים,1.00,ליטר,false,,11.90,11.9000,true,1,1898381
90087769,false,הפי דיי נקטר אננס לל,Rauch fruchtsafte gm,,מיץ אננס 100%,ליטרים,1.00,ליטר,false,,11.90,11.9000,true,1,1254103
90087974,false,"חומץ תפוחים 5% 750 מ""ל",ראוך פרוכטסאפה,,"חומץ מתפוחים 750 מ""ל",מיליליטרים,750.00,"100 מ""ל",false,,12.90,0.0172,true,1,1254104
90087998,false,מיץ לימון טבעי 250 מ,Rauch fruchtsafte gm,,מיץ לימון טבעי 250 מ,מיליליטרים,250.00,"100 מ""ל",false,,5.90,0.0236,true,1,1254105
90162602,false,משקה אנרגיה רד בול 250 מ''ל,רד בול ג'י.אם.בי. אץ,AT,משקה רד-בול אנרגיה.,מיליליטרים,250.00,"100 מ""ל",false,,5.90,0.0236,true,1,1261250
90446269,false,"משקה אנרגיה אבטיח 250 מ""ל רד בול",ראון פרוכטסאפה,AT,משקה רד-בול אנרגיה א,מיליליטרים,250.00,"100 מ""ל",false,,5.90,0.0236,true,1,2206765
90448867,false,"משקה אנרגיה ללא פחממות 250 מ""ל רד בול",רד בול,AT,משקה רד-בול אנרגיה ל,מיליליטרים,250.00,"100 מ""ל",false,,5.90,0.0236,true,1,2256261
96130339,false,"דאב - דאודורנט רול און לאישה 0% אלומיניום 50 מ""ל",,,דאודורנט רול און 0%,מיליליטרים,50.00,"100 מ""ל",false,,17.90,0.3580,true,1,2207669
3593110009,false,בוקסר בנים חלק,,,בוקסר בנים חלק,יחידה,0.00,יחידה,false,,39.90,0.0000,true,1,2228885
3593110011,false,בוקסר בנים מדוגם,,,בוקסר בנים מדוגם,יחידה,0.00,יחידה,false,,39.90,0.0000,true,1,2228887
3593110012,false,בוקסר בנים מדוגם,,,בוקסר בנים מדוגם,יחידה,0.00,יחידה,false,,34.90,0.0000,true,1,2228888
3593110015,false,בוקסר בנים מדוגם כדו,,,בוקסר בנים מדוגם כדו,יחידה,0.00,יחידה,false,,34.90,0.0000,true,1,2229879
3593210003,false,תחתוני בנים מדוגם,,,תחתוני בנים מדוגם,יחידה,0.00,יחידה,false,,34.90,0.0000,true,1,2146252
3593320013,false,גרבי בנים חלק ללא תפ,,,גרבי בנים חלק ללא תפ,יחידה,0.00,יחידה,false,,14.90,0.0000,true,1,2146265
3593320034,false,גרבי בנים חלק צבעוני,,,גרבי בנים חלק צבעוני,יחידה,0.00,יחידה,false,,19.90,0.0000,true,1,2229895
3593320036,false,גרבי בנים מדוגם כדור,,,גרבי בנים מדוגם כדור,יחידה,0.00,יחידה,false,,19.90,0.0000,true,1,2229897
3594210011,false,תחתוני בנות חלק,,,תחתוני בנות חלק,יחידה,0.00,יחידה,false,,29.90,0.0000,true,1,2228899
3594210013,false,תחתוני בנות מדוגם,,,תחתוני בנות מדוגם,יחידה,0.00,יחידה,false,,24.90,0.0000,true,1,2228900
3594210016,false,תחתוני בנות מדוגם פנ,,,תחתוני בנות מדוגם פנ,יחידה,0.00,יחידה,false,,19.90,0.0000,true,1,2229909
3594210019,false,תחתוני במבוק בנות,,,תחתוני במבוק בנות,יחידה,0.00,יחידה,false,,19.90,0.0000,true,1,2255232
3594320021,false,שלישיית גרבי בנות חל,,,שלישיית גרבי בנות חל,יחידה,0.00,יחידה,false,,12.90,0.0000,true,1,2215624
3594320025,false,קרסוליות ילדים חלק,,,קרסוליות ילדים חלק,יחידה,0.00,יחידה,false,,14.90,0.0000,true,1,2215626
3594320027,false,גרבי סניקרס ילדים,,,גרבי סניקרס ילדים,יחידה,0.00,יחידה,false,,14.90,0.0000,true,1,2228905
3594320032,false,גרבי בנות מגבת מלאה,,,גרבי בנות מגבת מלאה,יחידה,0.00,יחידה,false,,19.90,0.0000,true,1,2229920
3595110001,false,בוקסר גבר חלק,,,בוקסר גבר חלק,יחידה,0.00,יחידה,false,,39.90,0.0000,true,1,2146285
3595110003,false,בוקסר גבר חלק,,,בוקסר גבר חלק,יחידה,0.00,יחידה,false,,39.90,0.0000,true,1,2146287
3595110004,false,בוקסר גבר חלק,,,בוקסר גבר חלק,יחידה,0.00,יחידה,false,,49.90,0.0000,true,1,2146288
3595110014,false,בוקסר גבר רחב חלק,,,בוקסר גבר רחב חלק,יחידה,0.00,יחידה,false,,19.90,0.0000,true,1,2146298
3595110053,false,בוקסר גבר רחב מדוגם,,,בוקסר גבר רחב מדוגם,יחידה,0.00,יחידה,false,,19.90,0.0000,true,1,2229952
3595210007,false,סליפ גבר חלק 3 יח,,,סליפ גבר חלק 3 יח,יחידה,0.00,יחידה,false,,29.90,0.0000,true,1,2229407
3595210009,false,סליפ גבר כותנה לבן ע,,,סליפ גבר כותנה לבן ע,יחידה,0.00,יחידה,false,,19.90,0.0000,true,1,2229958
3595320007,false,שלישיית גרבי בריאות,,,שלישיית גרבי בריאות,יחידה,0.00,יחידה,false,,14.90,0.0000,true,1,2146314
3595320016,false,שלישיית גרבי סניקרס,,,שלישיית גרבי סניקרס,יחידה,0.00,יחידה,false,,19.90,0.0000,true,1,2146323
3595320017,false,עקביות גבר,,,עקביות גבר,יחידה,0.00,יחידה,false,,19.90,0.0000,true,1,2146324
3595320019,false,גרבי גבר אלגנט ללא ת,,,גרבי גבר אלגנט ללא ת,יחידה,0.00,יחידה,false,,24.90,0.0000,true,1,2146326
3595320022,false,גרבי מטיילים גבר,,,גרבי מטיילים גבר,יחידה,0.00,יחידה,false,,14.90,0.0000,true,1,2172397
3595320025,false,גרבי עבודה גבר,,,גרבי עבודה גבר,יחידה,0.00,יחידה,false,,24.90,0.0000,true,1,2172400
3595320036,false,גרבי בריאות גבר,,,גרבי בריאות גבר,יחידה,0.00,יחידה,false,,14.90,0.0000,true,1,2215639
3595320037,false,גרבי גבר חלק,,,גרבי גבר חלק,יחידה,0.00,יחידה,false,,29.90,0.0000,true,1,2228594
3595320040,false,גרבי גבר אלגנט חלק,,,גרבי גבר אלגנט חלק,יחידה,0.00,יחידה,false,,29.90,0.0000,true,1,2215647
3595320041,false,גרבי גבר קווארטר,,,גרבי גבר קווארטר,יחידה,0.00,יחידה,false,,19.90,0.0000,true,1,2228724
3595320042,false,קרסוליות גבר חלק,,,קרסוליות גבר חלק,יחידה,0.00,יחידה,false,,14.90,0.0000,true,1,2228790
3595320055,false,שלישיית גרבי גבר אלג,,,שלישיית גרבי גבר אלג,יחידה,0.00,יחידה,false,,19.90,0.0000,true,1,2279540
3595530002,false,זוג טריקו חלק גבר ל,,,זוג טריקו חלק גבר ל,יחידה,0.00,יחידה,false,,49.90,0.0000,true,1,2228922
3595830024,false,חולצות גבר פלנל שחור,,,חולצות גבר פלנל שחור,יחידה,0.00,יחידה,false,,49.90,0.0000,true,1,2229966
3595830025,false,חולצות גבר פלנל לבן,,,חולצות גבר פלנל לבן,יחידה,0.00,יחידה,false,,49.90,0.0000,true,1,2229967
3595830033,false,חולצות גבר פלנל לבן,,,חולצות גבר פלנל לבן,יחידה,0.00,יחידה,false,,49.90,0.0000,true,1,2229975
3595830038,false,חולצות גבר פלנל לבן,,,חולצות גבר פלנל לבן,יחידה,0.00,יחידה,false,,49.90,0.0000,true,1,2229980
3595920004,false,גרבי צבא,,,גרבי צבא,יחידה,0.00,יחידה,false,,24.90,0.0000,true,1,2207194
3595920005,false,גרבי ספורט גבר שחור,,,גרבי ספורט גבר שחור,יחידה,0.00,יחידה,false,,24.90,0.0000,true,1,2207195
3595920006,false,גרבי ספורט גבר לבן,,,גרבי ספורט גבר לבן,יחידה,0.00,יחידה,false,,24.90,0.0000,true,1,2207196
3595920007,false,גרבי ספורט גבר צבעונ,,,גרבי ספורט גבר צבעונ,יחידה,0.00,יחידה,false,,24.90,0.0000,true,1,2207197
3595950011,false,בוקסר גבר חלק בנדוטי,,,בוקסר גבר חלק בנדוטי,יחידה,0.00,יחידה,false,,14.90,0.0000,true,1,2250374
3595950012,false,בוקסר גבר חלק בנדוטי,,,בוקסר גבר חלק בנדוטי,יחידה,0.00,יחידה,false,,14.90,0.0000,true,1,2250375
3596210007,false,חמישית תחתוני נשים ה,,,חמישית תחתוני נשים ה,יחידה,0.00,יחידה,false,,34.90,0.0000,true,1,2146338
3596210012,false,חמישיית תחתוני ביקינ,,,חמישיית תחתוני ביקינ,יחידה,0.00,יחידה,false,,34.90,0.0000,true,1,2146343
3596210014,false,שלישיית תחתוני נשים,,,שלישיית תחתוני נשים,יחידה,0.00,יחידה,false,,29.90,0.0000,true,1,2146345
3596210016,false,שלישיית תחתוני נשים,,,שלישיית תחתוני נשים,יחידה,0.00,יחידה,false,,29.90,0.0000,true,1,2146347
3596210053,false,חמישיית ביקיני נשים,,,חמישיית ביקיני נשים,יחידה,0.00,יחידה,false,,34.90,0.0000,true,1,2279546
3596320001,false,גרבי בריאות נשים,,,גרבי בריאות נשים,יחידה,0.00,יחידה,false,,14.90,0.0000,true,1,2146349
3596320002,false,גרביים יוניסקס חלק,,,גרביים יוניסקס חלק,יחידה,0.00,יחידה,false,,14.90,0.0000,true,1,2146350
3596320023,false,קרסוליות יוניסקס חלק,,,קרסוליות יוניסקס חלק,יחידה,0.00,יחידה,false,,14.90,0.0000,true,1,2215632
3596320025,false,גרבי סניקרס נשים,,,גרבי סניקרס נשים,יחידה,0.00,יחידה,false,,19.90,0.0000,true,1,2228931
3596320027,false,קרסוליות יוניסקס חלק,,,קרסוליות יוניסקס חלק,יחידה,0.00,יחידה,false,,19.90,0.0000,true,1,2228932
3596830007,false,חולצת נשים פלנל מעור,,,חולצת נשים פלנל מעור,יחידה,0.00,יחידה,false,,19.90,0.0000,true,1,2230017
3596830009,false,חולצות נשים תרמית שח,,,חולצות נשים תרמית שח,יחידה,0.00,יחידה,false,,49.90,0.0000,true,1,2230019
3598830019,false,O חולצות ילדים פלנל,,,O חולצות ילדים פלנל,יחידה,0.00,יחידה,false,,29.90,0.0000,true,1,2230023
3598830021,false,O חולצות ילדים פלנל,,,O חולצות ילדים פלנל,יחידה,0.00,יחידה,false,,29.90,0.0000,true,1,2230025
3598830022,false,O חולצות ילדים פלנל,,,O חולצות ילדים פלנל,יחידה,0.00,יחידה,false,,29.90,0.0000,true,1,2230026
3598830023,false,חולצות ילדים פלנל לב,,,חולצות ילדים פלנל לב,יחידה,0.00,יחידה,false,,29.90,0.0000,true,1,2228939
3598830025,false,O חולצות ילדים פלנל,,,O חולצות ילדים פלנל,יחידה,0.00,יחידה,false,,29.90,0.0000,true,1,2230027
3598830026,false,O חולצות ילדים פלנל,,,O חולצות ילדים פלנל,יחידה,0.00,יחידה,false,,29.90,0.0000,true,1,2230028
3599830008,false,בגדי גוף תינוק פלנל,,,בגדי גוף תינוק פלנל,יחידה,0.00,יחידה,false,,24.90,0.0000,true,1,2230041
8421392933,false,בובת TY עיניים - כרית חיבוקי ''10 - סלאש - האסקי,,,כרית חיבוקי קטן סלא,יחידה,0.00,יחידה,false,,34.90,0.0000,true,1,2239989
9800800056,false,חטיף שוקולד עם מקלות לחם אנד גו,נוטלה Nutella,DE,ממרח נוטלה אנד גו,גרמים,52.00,100 גרם,false,,5.50,0.1058,true,1,1407658
11210000032,false,רוטב פלפל טבסקו אדום,מקאילהייני Mc.Ilhenn,US,טבסקו אדום משפחתי,מיליליטרים,350.00,"100 מ""ל",false,,49.90,0.1426,true,1,1244851
11210000094,false,"רוטב ""טבסקו"" על בסיס פלפל אדום 60 מ""ל",מקאילהייני אייבורי,US,טבסקו אדום,מיליליטרים,60.00,"100 מ""ל",false,,9.90,0.1650,true,1,1244852
11210002500,false,טבסקו רוטב כנפי באפא,"ניצן מותגי מזון בע""מ",US,טבסקו באפלו,מיליליטרים,150.00,"100 מ""ל",false,,19.90,0.1327,true,1,1244854
11210006508,false,"רוטב טבסקו הברנו 60 מ""ל",מקאילהייני Mc.Ilhenn,US,טבסקו הבנרו,מיליליטרים,60.00,"100 מ""ל",false,,15.90,0.2650,true,1,1244855
11210007253,false,רוטב טבסקו שום ופלפל,מקאילהייני אייבורי,US,טבסקו שום,מיליליטרים,60.00,"100 מ""ל",false,,9.90,0.1650,true,1,1244856
11210607040,false,"רוטב ""טבסקו"" על בסיס פלפל צ'יפוטלי [בטעם מעושן] 60 מ""ל",מקאילהייני Mc.Ilhenn,US,טבסקו צ'יפוטלי,מיליליטרים,60.00,"100 מ""ל",false,,9.90,0.1650,true,1,1244858
11210618503,false,"רוטב טבסקו על בסיס פלפל סקורפיון 60מ""ל",,,טבסקו סקורפיון,מיליליטרים,60.00,"100 מ""ל",false,,14.90,0.2483,true,1,2180367
11210698055,false,רוטב סרירצ'ה טבסקו 5,ניצן,US,טבסקו רוטב סרירצ'ה,מיליליטרים,566.00,"100 מ""ל",false,,24.90,0.0440,true,1,2180368
13628609388,false,חומץ בלסמי כשר ירוק,MONARI FEDERZONI,IT,חומץ בלסמי מובחר כשר בקבו,מיליליטרים,500.00,"100 מ""ל",false,,24.90,0.0498,true,1,1266301
16000185517,false,דגני בוקר פייבר וואן עתירי סובין FIBRE1,בטר אנד דיפרנט,US,דגני בוקר פייבר וואן,גרמים,555.00,100 גרם,false,,27.90,0.0503,true,1,2231696
16000281684,false,חטיף שיבולת שועל פקאן חמישיה*42 ג' קראנצ'י,ג'נרל מילס,US,קראנצי בטעם פקאן חמישייה,גרמים,210.00,100 גרם,false,,14.90,0.0710,true,1,1241814
16000423534,false,ניטשר ואלי חטיף שיבולת שועל שוקולד מריר קראנצי 210ג',ג'נרל מילס סאן אדריא,ES,קראנצי שיבולת שועל ושוקול,גרמים,210.00,100 גרם,false,,14.90,0.0710,true,1,1241815
16000548404,false,ניטשר ואלי חטיף קראנצי גרנולה שיבולת שועל 210 ג',ג'נרל מילס סאן אדריא,ES,קראנצי בטעם שיבולת שועל ו,גרמים,210.00,100 גרם,false,,14.90,0.0710,true,1,1241820
16000548503,false,ניטשר ואלי קראנצי חטיף גרנולהומייפל 10 יח' 210 ג',ג'נרל מילס סאן אדריא,ES,קראנצי בטעם מייפל וסוכר ח,גרמים,210.00,100 גרם,false,,14.90,0.0710,true,1,1241821
16000548602,false,נייטשר וואלי חטיף קראנצ'י קינמון 210ג',ג'נרל מילס סאן אדריא,ES,קראנצי בטעם קנמון 210 גר,גרמים,210.00,100 גרם,false,,14.90,0.0710,true,1,1241822
16000548909,false,קראנצי חטיף גרנולה מעורבת 10 יח 210 ג',ג'נרל מילס סאן אדריא,ES,חטיף ניישטר וואלי 1/5 ברי,גרמים,210.00,100 גרם,false,,14.90,0.0710,true,1,1241823
16229924263,false,"קרם קוקוס 250 מ""ל.",ארוי די AROY-D,,"קרם קוקוס 250 מ""ל",מיליליטרים,250.00,"100 מ""ל",false,,9.90,0.0396,true,1,2177978
18000701223,false,תערובת להכנת עוגה בטעם שוקולד,הדקלאים אגודת שיתופי,IL,תערובת לעוגת שוקולד 517 ג,גרמים,500.00,100 גרם,false,,19.90,0.0398,true,1,1241825
18000766413,false,תערובת בראוניס פילסברי 500 גר',הדקלאים אגודת שיתופי,IL,תערובת לבראוניס 552 גרם,גרמים,550.00,100 גרם,false,,19.90,0.0362,true,1,1241828
19548003107,false,צימקאו בטעם שוקולד לבן 300 ג',אופנהיימר,IL,בלוק צימקאו לבן 300,גרמים,300.00,100 גרם,false,,8.90,0.0297,true,1,2041631
22200956932,false,דאודורנט ג'ל לגבר Fresh Rush 24h,הנסיך- מפעל לייצור ט,US,ספיד סטיק 24/7 גל כחול,גרמים,51.00,100 גרם,false,,17.90,0.3510,true,1,1253250
22200956949,false,דאודורנט ג'ל לגבר Cool Fusion 24h,קולגייט פלמוליב,BY,ספיד סטיק 24/7 גל כתום,גרמים,51.00,100 גרם,false,,17.90,0.3510,true,1,1253251
25675120006,false,חמצוצים 4 צבעים טעמים טבעי 100 גרם,פאסין,NL,מקלות חמוצים 4 טעמים ללא,גרמים,100.00,100 גרם,false,,6.90,0.0690,true,1,1260389
25675120020,false,סאוור סטיקס Sour Sticks בטעם אוכמניות,פשקז Paskesz,NL,מקלות חמוצים פטל,גרמים,100.00,100 גרם,false,,6.90,0.0690,true,1,1260390
25675120044,false,סאוור סטיקס Sour Sticks בטעם תפוח,פשקס קנדי,NL,מקלות חמוצים תפוח עץ,גרמים,100.00,100 גרם,false,,6.90,0.0690,true,1,1260392
25675121027,false,חמצוצים רחב צבעוני,,,חמצוצים רחב צבעוני,גרמים,115.00,100 גרם,false,,6.90,0.0600,true,1,2186278
25675121034,false,חמצוצים רחבים תות 115 גר,פאסין,NL,שטיח חמוץ תות,גרמים,115.00,100 גרם,false,,6.90,0.0600,true,1,1260398
25675121041,false,סאוור בלטס Sour Belts בטעם אוכמניות,פשקז Paskesz,NL,שטיח חמוץ פטל,גרמים,115.00,100 גרם,false,,6.90,0.0600,true,1,1260399
25675121058,false,"חמצוצים רחבים תפו""ע 115 גר",פאסין,NL,שטיח חמוץ תפוח עץ,גרמים,115.00,100 גרם,false,,6.90,0.0600,true,1,1260400
25675301092,false,פשקס - חמצוצים מקלות צבעונים 50 גרם,פאסין,NL,מקלות חמוצים 4 טעמים ללא,גרמים,40.00,100 גרם,false,,4.90,0.1225,true,1,1260407
25675301108,false,מקלות חמוצים חמצוצים תות 50 גרם,פאסין,NL,מקלות חמוצים תות,גרמים,50.00,100 גרם,false,,4.90,0.0980,true,1,1260408
25675301153,false,סאוור סטיקס Sour Sticks בטעם אוכמניות,פשקז Paskesz,NL,מקלות חמוצים פטל,גרמים,50.00,100 גרם,false,,4.90,0.0980,true,1,1260409
25675301184,false,פשקס - חמצוצים מקלות קולה 50 גרם,פשקז Paskesz,NL,מקלות חמוצים קולה,גרמים,50.00,100 גרם,false,,4.90,0.0980,true,1,1260410
25675301207,false,מקלות חמוצים חמצוצים תפוח עץ 50 גרם,פשקז Paskesz,NL,מקלות חמוצים תפוח עץ,גרמים,50.00,100 גרם,false,,4.90,0.0980,true,1,1260411
25700005650,false,שקיות הקפאה גדולות- 14 יח' זיפלוק,אס.סי גונוסון,US,שקיות הקפאה גדולות ז,יח',14.00,יח',false,,12.90,0.9214,true,1,2178311
25700005674,false,שקיות אחסון סליידר גדולות- 15 יח' זיפלוק,,,שקיות אחסון סליידר ג,יח',15.00,יח',false,,15.90,1.0600,true,1,2178312
25700005681,false,שקיות אחסון סליידר בינוניות -20 יח' זיפלוק,אס.סי גונוסון,US,שקיות אחסון סליידר ב,יח',20.00,יח',false,,15.90,0.7950,true,1,2178313
25700005698,false,שקיות אחסון בינוניות- 24 יח' זיפלוק,אס.סי גונוסון,US,שקיות אחסון בינוניות,יח',24.00,יח',false,,12.90,0.5375,true,1,2178314
26102536681,false,סט 6 כוסות סטרלינג 3,,,סט 6 כוסות סטרלינג 3,יחידה,0.00,יחידה,false,,36.90,0.0000,true,1,2235301
31290140107,false,שוקולד גודייבה סטיקס,גודייבה GODIVA,TR,שוקולד גודייבה סטיקס,גרמים,90.00,100 גרם,false,,14.90,0.1656,true,1,2179572
31290140176,false,שוקולד מריר בתוספת שקדים 90 ג' Godiva sticks,פלאדיס,TR,שוקולד גודייבה סטיקס,גרמים,90.00,100 גרם,false,,14.90,0.1656,true,1,2179573
33200140702,false,פרש אנד סופט דפים למייבש כביסה 100 יח' ניחוח מרענן,פרש אנד סופט Frash'n soft,US,פרש&סופט100 תכלת מרענן,יח',100.00,יח',false,,24.90,0.2490,true,1,1226865
33200147701,false,דפים למייבש פרש אנד סופט Tropical Burst,פרש אנד סופט Frash'n soft,US,פרש&סופט100 ורוד למייבש,יח',100.00,יח',false,,24.90,0.2490,true,1,1226866
33617000026,false,קרקרים ואזה מקמח מלא,כלורוקס אוקלנד,SE,קרקרים ואזה מקמח מלא,גרמים,260.00,100 גרם,false,,12.90,0.0496,true,1,1330953
33617322616,false,קרקר ואזה מקמח שיפון,כלורוקס אוקלנד,SE,'ואזה קלה מקמח שיפון 270,גרמים,270.00,100 גרם,false,,12.90,0.0478,true,1,1226869
33617340610,false,ואזה מקמח שיפון 275 גר',כלורוקס אוקלנד,SE,'ואזה מקמח שיפון 275 ג,גרמים,275.00,100 גרם,false,,12.90,0.0469,true,1,1226870
34000148301,false,הרשי נטיפי אפייה שוקולד מריר 340 ג',הרשיס Hershey's,,נטיפים לאפייה שוקולד,גרמים,340.00,100 גרם,false,,18.90,0.0556,true,1,1684620
34000196173,false,קוקיס אנד קרים בטעם שוקולד לבן עם שברי עוגיות,הרשיס Hershey's,,טבלת שוקולד הרשיס קו,גרמים,113.00,100 גרם,false,,7.90,0.0699,true,1,1327064
34000312177,false,סירופ שוקולד הרשי 680 ג',הרשיס Hershey's,,סירופ שוקולד HERSHEY,גרמים,680.00,100 גרם,false,,19.90,0.0293,true,1,1241837
34000442652,false,שוקולד חלב ריסס Reese's במילוי חמאת בוטנים,הרשיס Hershey's,,טבלת שוקולד ריזס,גרמים,120.00,100 גרם,false,,7.90,0.0658,true,1,1327065
34000470228,false,שוקולד חלב מיני ריזס,הרשי,US,חטיף ריזס מיניס 70 גרם,גרמים,70.00,100 גרם,false,,4.90,0.0700,true,1,1241838
34000544028,false,סוכריות ארוכות בטעם תות טוויזלרס Twizzlers,הרשי שוקולד,US,ממתקי טוויזלרס תות שדה 1,גרמים,198.00,100 גרם,false,,7.90,0.0399,true,1,1241839
35000458476,false,קולגייט מברשת שיניים ילדים מארז רביעייה,קולגייט פלמוליב,VN,מברשת שיניים קולגייט,יח',4.00,יח',false,,19.90,4.9750,true,1,2115986
35585459264,false,קונג צעצוע זחל על על,,,קונג צעצוע זחל על על,יחידה,0.00,יחידה,false,,49.90,0.0000,true,1,2233165
36000516890,false,ממחטות אף עם אלוורה + ויטמין E תלת שכבתי,קלינקס Kleenex,GB,ממחטות קלינקס לושן 1,יח',120.00,יח',false,,17.90,0.1492,true,1,2133731
37600207188,false,חמאת בוטנים סקיפי קלאסי 462 גר',חברת המזון אלגוד,US,ממרח סקיפי 462 גרם,גרמים,462.00,100 גרם,false,,19.90,0.0431,true,1,1224696
37600207256,false,חמאת בוטנים סקיפי עם שברי בוטנים 462 גר',חברת המזון אלגוד,US,ממרח סקיפי 462 גרם ש,גרמים,462.00,100 גרם,false,,19.90,0.0431,true,1,1224697
38000138607,false,חטיף צ'יפס בטעם מלח וחומץ,פרינגלס מנופקצ'ורינג,US,חטיף פרינגלס חומץ מל,גרמים,158.00,100 גרם,false,,8.90,0.0563,true,1,2099914
38000138638,false,חטיף צ'יפס בטעם פיצה,פרינגלס מנופקצורינג,US,חטיף פרינגלס 158 גרם,גרמים,158.00,100 גרם,false,,8.90,0.0563,true,1,1620488
38000138720,false,פרינגלס  תכלת ראנץ 158 ג',פרינגלס מניופקצ'ורינ,US,חטיף פרינגלס 158 גרם,גרמים,158.00,100 גרם,false,,8.90,0.0563,true,1,1842675
38000169663,false,חטיף פרינגלס אורגינל,פרינגלס Pringles,,חטיף פרינגלס אורגינל,גרמים,191.00,100 גרם,false,,11.90,0.0623,true,1,2175380
38000183690,false,פרינגלסמידי ברביקיו 71 גרם - חדש,פרינגלס מנופקצ'ורינג,,פרינגלס 71 גרם ברביק,גרמים,71.00,100 גרם,false,,4.90,0.0690,true,1,1762639
38000183928,false,פרינגלס חרדל ודבש 158 גר',פרינגלס מניופקצ'ורינ,US,חטיף פרינגלס 158 חרד,גרמים,158.00,100 גרם,false,,8.90,0.0563,true,1,2175381
38000197840,false,פרינגלס גלי בטעם חריף מתוק 137 ג',פרינגלס מניופקצ'ורינ,US,חטיף פרינגלס 137 בטע,גרמים,137.00,100 גרם,false,,8.90,0.0650,true,1,2175382
38000202278,false,חטיף צ'יפס גלי בטעם אורגינל מלוח,פרינגלס מניופקצ'ורינ,US,פרינגלס גלי בטעם אור,גרמים,130.00,100 גרם,false,,8.90,0.0685,true,1,2180173
38000232152,false,פרינגלס ברביקיו 158 גרם – חדש,פרינגלס מניופקצ'ורינ,US,חטיף פרינגלס 158 גרם,גרמים,158.00,100 גרם,false,,8.90,0.0563,true,1,2144205
38000232176,false,חטיף צ'יפס שמנת חמוצה ובצל,פרינגלס מניופקצ'ורינ,US,חטיף פרינגלס 158 גרם,גרמים,158.00,100 גרם,false,,8.90,0.0563,true,1,2144206
38000232183,false,פרינגלס אורגינל 149 גרם,פרינגלס מניופקצ'ורינ,US,חטיף פרינגלס 149 גרם,גרמים,149.00,100 גרם,false,,8.90,0.0597,true,1,2144207
38527591053,false,קוואקר מרובעים קינמון דגני בוקר 412 גרם,BEVERAGES FOODS & SE,US,קוואקר ריבועים קנמון 411,גרמים,412.00,100 גרם,false,,19.90,0.0483,true,1,1257427
38527591060,false,דגני קוואקר מרובעים Quaker Squares עם סוכר חום,BEVERAGES FOODS & SE,US,קוואקר ריבועים סוכר חום 4,גרמים,412.00,100 גרם,false,,19.90,0.0483,true,1,1257428
40000512943,false,סוכריות אם אנד אמס M&M שוקולד חלב,M&M אם אנד אם,,חטיף בוטנים MַM שוקו,גרמים,303.00,100 גרם,false,,19.90,0.0657,true,1,1905251
40000513568,false,סוכריות אם אנד אמס M&M שוקולד חלב,M&M אם אנד אם,US,חטיף שוקולד m&m אריז,גרמים,156.00,100 גרם,false,,9.90,0.0635,true,1,1648899
40000513629,false,M&M's חמאת בוטנים אריזה גדולה 152 גרם,מארס,US,חטיף חמאת בוטנים m&m,גרמים,156.00,100 גרם,false,,9.90,0.0635,true,1,1648901
40000514480,false,M&M אריזה קטנה's שוקולד אריזה קטנה 48 גרם,M&M אם אנד אם,,עדשי שוקולד אם אנד א,גרמים,48.00,100 גרם,false,,4.90,0.1021,true,1,1406583
40000514510,false,M&M אריזה קטנה's בוטנים אריזה קטנה 49 גרם,M&M אם אנד אם,,עדשי שוקולד אם אנד א,גרמים,49.00,100 גרם,false,,4.90,0.1000,true,1,1400813
41224700062,false,צלפים מיניאטורים במל,,,צלפים מינאטורים במלח,גרמים,75.00,100 גרם,false,,12.90,0.1720,true,1,2135389
41224700260,false,צלפים מיניאטורים בחו,,,צלפים מיניאטורים בחו,מיליליטרים,90.00,"100 מ""ל",false,,12.90,0.1433,true,1,2135390
41390000058,false,"רוטב טריאקי קיקומן 296 מ""ל",קיקומן פודז אינק,US,"רוטב טריאקי 296 מ""ל",מיליליטרים,296.00,"100 מ""ל",false,,17.90,0.0605,true,1,1224707
41390001079,false,רוטב קוקומן סויה 444,ראקוטו קאסיי,,רוטב סויה קיקומן 444,מיליליטרים,444.00,"100 מ""ל",false,,19.90,0.0448,true,1,1279509
41390001451,false,רוטב סויה קיקומן 1.2,קיקומן פודז אינק,US,רוטב סויה 1.2 ליטר,מיליליטרים,1200.00,"100 מ""ל",false,,44.90,0.0374,true,1,1224710
41390010309,false,רוטב קיקומן טריאקי 4,ראקוטו קאסיי,,רוטב טריאקי קיקומן 4,מיליליטרים,444.00,"100 מ""ל",false,,19.90,0.0448,true,1,1279510
42400108153,false,דגני בוקר צבעוניים בטעם פירות טוטי פרוטיס,פוסט Post,US,דגני פרוטי פבלס.,גרמים,354.00,100 גרם,false,,22.90,0.0647,true,1,2180825
44600300580,false,"כלורוקס - קלין אפ פרש מרסס 946 מ""ל",כלורוקס אוקלנד,US,כלורקס קלין אפ פרש 9,מיליליטרים,946.00,"100 מ""ל",false,,19.90,0.0210,true,1,2178407
45600024599,false,מבט מקרוב על שאלות ת,,,מבט מקרוב על שאלות ת,יחידה,0.00,יחידה,false,,29.90,0.0000,true,1,2135984
45600026272,false,מדביקים ונהנים חדש 8,,,מדביקים ונהנים חדש 8,יחידה,0.00,יחידה,false,,11.90,0.0000,true,1,2147718
45600026883,false,בובת אצבע-מספרים בחו,,,בובת אצבע-מספרים בחו,יחידה,0.00,יחידה,false,,39.00,0.0000,true,1,2138058
45600029358,false,חוקרים קטנים החלל הח,,,חוקרים קטנים החלל הח,יחידה,0.00,יחידה,false,,29.90,0.0000,true,1,2132472
45600032167,false,ספר הלשוניות אנחנו ל,,,ספר הלשוניות אנחנו ל,יחידה,0.00,יחידה,false,,29.90,0.0000,true,1,2162082
46214372250,false,"עוגיות שטרודל פריכות תפו""ע וצימוקים",מרבה Merba,NL,מרבה עוגיות שטרודל תפוחי,גרמים,200.00,100 גרם,false,,8.90,0.0445,true,1,1253256
46214731552,false,עוגיות שוקולד ציפס מובחרות 225 ג',קריניציה ויטמינה אס,NL,מרבה עוגיות 37% שוקולד צ,גרמים,225.00,100 גרם,false,,8.90,0.0396,true,1,1253258
48256214758,false,מסיר כתמים קשים לכביסה לבנה וצבעונית,יעקבי- אסטוניש Astonish,GB,אסטוניש-אבקת הפלא,קילוגרמים,1.00,"ק""ג",false,,29.90,29.9000,true,1,1241042
50000015474,false,פריסקיז מעדני הים 4*,פורינה,US,פריסקיז מעדני הים,קילוגרמים,1.40,"ק""ג",false,,34.90,24.9286,true,1,2201082
50000084500,false,מזון יבש לחתול בטעם נתחי ברביקיו פריסקיז Friskies,נסטלה פורינה USA מק,US,פורינה פריסקיז עם נתחי בר,קילוגרמים,1.43,"ק""ג",false,,34.90,24.4056,true,1,1223583
50000100347,false,"פריסקיז - מעדני החתול מועשר בחלב 1.40 ק""ג",נסטלה פורינה USA מק,US,פורינה פריסקיז מעדני החתו,קילוגרמים,1.43,"ק""ג",false,,34.90,24.4056,true,1,1223585
50000168583,false,"פריסקיז אקסטרא קראנץ 1.43 ק""ג",פורינה,US,פריסקיז אקסטרא קראנץ,קילוגרמים,1.43,"ק""ג",false,,29.90,20.9091,true,1,2197390
50000170180,false,פריסקיז ריים פילה עוף ברוטב 156 ג',פורינה Purina,US,פריסקיז פריים עוף בר,גרמים,156.00,100 גרם,false,,4.90,0.0314,true,1,1334177
50000225224,false,פריסקיז Friskies הודו ברוטב,פורינה Purina,US,פריסקיז פריים פילה ה,גרמים,156.00,100 גרם,false,,4.90,0.0314,true,1,1334178
50000237951,false,פריסקיז פרטי מיקס גר,פורינה,US,פריסקיז פרטי מיקס גר,גרמים,60.00,100 גרם,false,,8.90,0.1483,true,1,2258739
50000238910,false,פריסקיז פרטי מיקס או,פורינה,US,פריסקיז פרטי מיקס או,גרמים,60.00,100 גרם,false,,8.90,0.1483,true,1,2258740
50000429042,false,פנסי פיסט - כבד עם מעדני עוף 85 גרם,נסטלה פורינה USA ג',US,פנסי פיסט פטה כבד ועוף -,גרמים,85.00,100 גרם,false,,4.90,0.0576,true,1,1223593
50000429448,false,פנסי פיסט - מוס סלמון 85 גרם,נסטלה פורינה USA סט,US,פנסי פיסט פטה מוס סלמון -,גרמים,85.00,100 גרם,false,,4.90,0.0576,true,1,1223594
50000429646,false,פנסי פיסט - דג אוקיינוס 85 גרם,נסטלה פורינה USA ג',US,פנסי פיסט פטה דג אוקינוס,גרמים,85.00,100 גרם,false,,4.90,0.0576,true,1,1223595
50000445691,false,פריזסקיז נתחי עוף וסלמון ברוטב 156 ג',נסטלה פורינה USA קר,US,פורינה פריסקיז נתחי עוף,גרמים,156.00,100 גרם,false,,4.90,0.0314,true,1,1223598
50000571987,false,פירסקיז נתחי עוף ברוטב 156 ג',נסטלה פורינה USA קר,US,פורינה פריסקיז נתחי עוף ב,גרמים,156.00,100 גרם,false,,4.90,0.0314,true,1,1223599
50000574414,false,פריסקיז פרטי מיקס פק,פורינה,US,פריסקיז פרטי מיקס פק,גרמים,60.00,100 גרם,false,,8.90,0.1483,true,1,2258741
50000574438,false,פריסקיז פרטי מיקס מע,פורינה,US,פריסקיז פרטי מיקס מע,גרמים,60.00,100 גרם,false,,8.90,0.1483,true,1,2258742
51131208704,false,פלסטר נקסקר בליסטר 6,,,פלסטר נקסקר בליסטר 6,יח',6.00,יח',false,,24.90,4.1500,true,1,2181775
51131664296,false,אגד רפואי דביק בצבע,,,אגד רפואי דביק בצבע,מטרים,9.14,מטר,false,,17.90,1.9584,true,1,2260129
51131997172,false,פלסטר נקסקר אקטיב רח,,,פלסטר נקסקר אקטיב רח,יח',8.00,יח',false,,24.90,3.1125,true,1,2181097
51141334455,false,דבק דו צדדי גליל ספו,,,דבק דו צדדי גליל ספו,יח',1.00,יח',false,,19.90,19.9000,true,1,2213454
52100002453,false,תערובת תיבול להמבורג,,,תערובת תיבול לסטייק,גרמים,96.00,"100 ג""ר",false,,19.90,0.2073,true,1,1862926
52100002460,false,תערובת תיבול לעוף וד,מקרומיק,US,תערובת תיבול לעוף וד,גרמים,77.00,100 גרם,false,,19.90,0.2584,true,1,1862931
52100002477,false,אבקת תיבול בסגנון הו,,,אבקת תיבול בסגנון הו,גרמים,23.00,100 גרם,false,,14.90,0.6478,true,1,1862932
52100002613,false,כורכום טחון,,,כורכום טחון,גרמים,27.80,100 גרם,false,,16.90,0.6079,true,1,1862937
52100004488,false,פפריקה 60 גרם McCorm,מקרומיק,US,פפריקה,גרמים,60.10,"100 ג""ר",false,,19.90,0.3311,true,1,1862946
52100006260,false,אבקת שום 88 גרם McCo,מקרומיק,US,אבקת שום,גרמים,88.50,100 גרם,false,,29.90,0.3379,true,1,1862948
52100006468,false,אבקת בצל,,,אבקת בצל,גרמים,56.70,"100 ג""ר",false,,19.90,0.3510,true,1,1862957
52100006765,false,תבלין פלפל אדום 42 ג,,,תבלין פלפל אדום,גרמים,42.50,100 גרם,false,,19.90,0.4682,true,1,1862959
52100006987,false,עלי דפנה,,,עלי דפנה,גרמים,3.40,"100 ג""ר",false,,16.90,4.9706,true,1,1862960
52100030043,false,פלפל שחור טחון גס 42,מקרומיק,US,פלפל שחור טחון גס,גרמים,42.50,100 גרם,false,,19.90,0.4682,true,1,1863008
52100041155,false,תערובת תיבול מלח ורו,מקורמיק,US,תערובת תיבול מלח הימ,גרמים,184.00,100 גרם,false,,24.90,0.1353,true,1,2137905
52100070735,false,"תמצית קוקוס 29 מ""ל",,,תמצית קוקוס,מיליליטרים,29.00,"100 מ""ל",false,,15.90,0.5483,true,1,2138107
52100070865,false,תמצית וניל טהור מקור,מקורמיק McCormick,US,וניל טהור 29 מל,מיליליטרים,29.00,"100 מ""ל",false,,29.90,1.0310,true,1,1234791
54881000031,false,"תה רוז היפ, היביסקוס ודובדבן",תה אחמד Ahmad tea,,תה שחור ורד דובדבן 2,גרמים,40.00,100 גרם,false,,9.90,0.2475,true,1,1418401
54881000048,false,תה שחור מבחר פרי הדר,תה אחמד Ahmad tea,,תה שחור פרחי הדר 20ש,גרמים,40.00,100 גרם,false,,9.90,0.2475,true,1,1532149
54881000062,false,תה שחור לימונית וקמומי 20 שקיות AHMAD TEA,תה אחמד Ahmad tea,,תה שחור לימון וקמומי,גרמים,40.00,100 גרם,false,,9.90,0.2475,true,1,1418402
54881000109,false,תה דומדמניות שחורות,תה אחמד Ahmad tea,,תה שחור ענבי שועל 20,גרמים,40.00,100 גרם,false,,9.90,0.2475,true,1,1532150
54881000208,false,תה שחור לימון ןגינגר,תה אחמד Ahmad tea,,תה שחור לימון ןגינגר,גרמים,40.00,100 גרם,false,,9.90,0.2475,true,1,1418404
54881001137,false,מארז 6 סוגי חליטות תה ירוק בטעמים שונים,תה אחמד Ahmad tea,,חליטות 6 סוגים 60 שק,גרמים,115.00,100 גרם,false,,29.90,0.2600,true,1,2138604
54881001779,false,קופסת תה 12 טעמים 60 שקיות,תה אחמד Ahmad tea,,תה 12 סוגים 60 שק',גרמים,120.00,100 גרם,false,,29.90,0.2492,true,1,1254108
54881003971,false,תה אנגלי ירוק מבחר 2,תה אחמד Ahmad tea,,תה ירוק 20 שקיות,גרמים,40.00,100 גרם,false,,9.90,0.2475,true,1,1254109
54881003988,false,תה שחור מיקס 4 טעמים,תה אחמד Ahmad tea,,תה 4 סוגים 20 שקיות,גרמים,40.00,100 גרם,false,,9.90,0.2475,true,1,1365795
54881003995,false,תה שחור 4 סוגי פירות,תה אחמד Ahmad tea,,תה פירות 20 שק',גרמים,40.00,100 גרם,false,,9.90,0.2475,true,1,1254110
54881005654,false,תה אהמאד ירוק יסמין מארז 2X20ג',תה אחמד Ahmad tea,,תה ירוק יסמין 20 שקי,גרמים,40.00,100 גרם,false,,9.90,0.2475,true,1,1254115
54881006972,false,תה שחור לימון וליים 20 שקיות AHMAD TEA,תה אחמד Ahmad tea,,תה שחור לימון ליים 2,גרמים,40.00,100 גרם,false,,9.90,0.2475,true,1,1254122
54881006996,false,תה שחור בטעם אפרסק ופסיפלורה,תה אחמד Ahmad tea,,תה אפרסק ופסיפלורה 2,גרמים,40.00,100 גרם,false,,9.90,0.2475,true,1,1761786
54881007108,false,תה אהמאד שחור דומדמניות מארז 2X20ג',תה אחמד Ahmad tea,,תה שחור דומדמניות 20,גרמים,40.00,100 גרם,false,,9.90,0.2475,true,1,1254124
54881007535,false,תה ירוק בטעם לימון 20 שקיות AHMAD TEA,תה אחמד Ahmad tea,,תה ירוק 20 שקיות לימ,גרמים,40.00,100 גרם,false,,9.90,0.2475,true,1,1632097
54881008167,false,תה אינגליש ברקפסט 100 שקיות AHMAD TEA,תה אחמד Ahmad tea,,תה ברקפסט 100 שקיות,גרמים,200.00,100 גרם,false,,16.90,0.0845,true,1,1254129
54881008174,false,תה ארל גריי 100 שקיות AHMAD TEA,תה אחמד Ahmad tea,,תה ארל גריי 100 שקיו,גרמים,200.00,100 גרם,false,,16.90,0.0845,true,1,1254130
54881008181,false,תה אינגליש 100 שקיות AHMAD TEA,תה אחמד Ahmad tea,,תה אינגליש 100 שקיות,גרמים,200.00,100 גרם,false,,16.90,0.0845,true,1,1254131
54881012423,false,תה ירוק בטעם פטל ורימונים,תה אחמד Ahmad tea,,תה ירוק 20 שקיות רימ,גרמים,40.00,100 גרם,false,,9.90,0.2475,true,1,1632098
54881012720,false,מארז תה פירות 6 סוגים *8 יח' AHMAD TEA,,,תה 6 סוגים 60 שק',גרמים,120.00,100 גרם,false,,29.90,0.2492,true,1,2138605
54881016001,false,תה 4 סוגי חליטות פרי,,,תה 4 סוגי חליטות פרי,גרמים,35.00,100 גרם,false,,9.90,0.2829,true,1,2138606
55500012046,false,"כלורקס מרסס ניקוי עם אקונומיקה 946 מ""ל",כלורוקס אוקלנד,US,"קלין אפ מרסס 946מ""ל",מיליליטרים,946.00,"100 מ""ל",false,,19.90,0.0210,true,1,1226881
56594009998,false,מארז סבון מוצק 4 *100 ג' ניוואה,,,רביעיית סבונים מוצקי,גרמים,400.00,100 גרם,false,,14.90,0.0373,true,1,2258064
58449602187,false,קורנפלקס דבש אורגני,,,קורנפלקס בדבש,גרמים,300.00,100 גרם,false,,24.90,0.0830,true,1,1997197
58449771531,false,דגני בוקר סאן רייס ק,,,דגני בוקר סאן רייס ק,גרמים,300.00,100 גרם,false,,26.90,0.0897,true,1,1997198
58449779032,false,WHOLE O's טבעות תירס,,,WHOLE O's טבעות תירס,גרמים,325.00,100 גרם,false,,24.90,0.0766,true,1,1997199
58449860013,false,דגני בוקר אמאזון ניי,נייצר וואלי,,דגני בוקר אמאזון ניי,גרמים,400.00,100 גרם,false,,24.90,0.0622,true,1,1997200
58449860020,false,דגני גורילה מאנצ אור,נייצר וואלי,,דגני בוקר גורילה מאנ,גרמים,284.00,100 גרם,false,,24.90,0.0877,true,1,1997201
58449860037,false,פצפוצי אורז מלא בטעם שוקולד קואלה קריספ,מולינו ניקולי s.p.a,US,דגני בוקר קואלה קריס,גרמים,325.00,100 גרם,false,,24.90,0.0766,true,1,1997202
58449860075,false,כדורי למור בטעם חמאת בוטנים ושוקולד ללא גלוטן,Nature's Path,,דגני בוקר לאמור,גרמים,284.00,100 גרם,false,,24.90,0.0877,true,1,1997203
62558003209,false,סירופ מייפל אורגני 100% טהור,ברנרד Bernard,,סירופ מייפל אמיתי או,מיליליטרים,946.00,"100 מ""ל",false,,79.90,0.0845,true,1,1785953
62558202381,false,"סירופ מייפל B אורגני טהור 236 מ""ל",ברנרד Bernard,,סירופ מייפל אמיתי או,מיליליטרים,236.00,"00000000000000000מ""ל",false,,29.90,0.1267,true,1,1571621
62558212519,false,"סירופ מייפל טהור 100% ברנרדו 250מ""ל",les industries berna,CA,סירופ מייפל אמיתי,מיליליטרים,251.00,"100 מ""ל",false,,29.90,0.1191,true,1,1263654
64144090013,false,תרסיס שמן טעם חמאה פאם 141 ג',קונאגרה פודס,US,ספריי שמן PAM בטעם חמאה 1,מיליליטרים,148.00,"100 מ""ל",false,,13.90,0.0939,true,1,1241842
64144090020,false,תרסיס שמן שמן זית פאם 141 ג',קונאגרה פודס,US,ספריי שמן PAM בטעם שמן זי,מיליליטרים,148.00,"100 מ""ל",false,,13.90,0.0939,true,1,1241843
64144090051,false,"תרסיס שמן קנולה פאם 148 מ""ל",קונאגרה פודס,US,ספריי שמן PAM קנולה אורגי,מיליליטרים,148.00,"100 מ""ל",false,,13.90,0.0939,true,1,1282222
70080000016,false,חרדל אמריקאי פלוכמן Plochman's,,,חרדל אמריקאי צהוב,גרמים,297.00,100 גרם,false,,7.90,0.0266,true,1,1409679
70177077563,false,תה טווינינג ארל גריי,אר. טווינינגס אנד קו,PL,ארל גריי 50 גרם,גרמים,50.00,100 גרם,false,,17.90,0.3580,true,1,2135240
70177077693,false,טווינינג אינגליש ברק,אר. טווינינגס אנד קו,PL,אינגליש ברקפסט 50 גר,גרמים,50.00,100 גרם,false,,17.90,0.3580,true,1,2135241
70177078744,false,תה אינגליש ברקפסט נטול קפאין,טווינינגס Twinings,,אינגליש ברקפסט דיקפ,גרמים,50.00,100 גרם,false,,19.90,0.3980,true,1,2135242
70177078775,false,טווינינג ליידי גריי,טווינינגס Twinings,,ליידי גריי 50 גרם,גרמים,50.00,100 גרם,false,,17.90,0.3580,true,1,2135243
70177084738,false,תה טווינינג שחור רד,טווינינג,PL,תה שחור רד פרוט 50 ג,גרמים,50.00,100 גרם,false,,17.90,0.3580,true,1,2217563
70177084769,false,תה טווינינג שחור וני,טווינינג,PL,תה שחור בטעם וניל 50,גרמים,50.00,100 גרם,false,,17.90,0.3580,true,1,2217564
70177120948,false,תה טווינינג שחור תפו,טווינינג,PL,תה שחור אפל&סינמון 5,גרמים,50.00,100 גרם,false,,17.90,0.3580,true,1,2217565
70177173166,false,טווינינג גרין ג'סמין,טווינינגס Twinings,,גרין ג'סמין 45 גרם,גרמים,45.00,100 גרם,false,,19.90,0.4422,true,1,2135245
70177173203,false,תה ירוק מנטה 50 גרם,טווינינגס Twinings,GB,גרין מינט 37.5 גרם,גרמים,37.50,100 גרם,false,,19.90,0.5307,true,1,2135247
70177173746,false,גרין למון האני 40 גר,,,גרין למון האני 40 גר,גרמים,40.00,100 גרם,false,,19.90,0.4975,true,1,2135249
70177175221,false,גרין ג'ינג'ר 40 גרם,,,גרין ג'ינג'ר 40 גרם,גרמים,40.00,100 גרם,false,,19.90,0.4975,true,1,2135251
70177176914,false,תה ארל גריי נטול קפאין,טווינינגס Twinings,,ארל גריי דיקפ 50 גר',גרמים,50.00,100 גרם,false,,19.90,0.3980,true,1,2135252
70177177652,false,חליטה ג'ינג'ר ליים 3,,,חליטה ג'ינג'ר ליים 3,גרמים,30.00,100 גרם,false,,16.90,0.5633,true,1,2135256
70177177669,false,טווינינג חליטה למון,,,חליטה למון ג'ינג'ר 3,גרמים,30.00,100 גרם,false,,16.90,0.5633,true,1,2135257
70177177737,false,טווינינג חליטה פיור,טווינינגס Twinings,,חליטה פיור קמומיל 20,גרמים,20.00,100 גרם,false,,16.90,0.8450,true,1,2135262
70177273330,false,טווינינגס חליטת לואי,,,חליטת ורבנה 37.5 גרם,גרמים,37.50,100 גרם,false,,16.90,0.4507,true,1,2186351
70221011116,false,טובלרון - שוקולד חלב 100 ג',טובלרון Toblerone,,שוקולד טובלרון חלב 1,גרמים,100.00,100 גרם,false,,9.90,0.0990,true,1,1224712
73490129919,false,ביסקוויט קסטה הדר 250 ג',אפיפית נצרת,IL,ביסקויט קסטה רגיל 24/0.25,גרמים,250.00,100 גרם,false,,4.90,0.0196,true,1,1261831
73490130359,false,אפיפית קרם קרקר 250 ג,אפיפית נצרת,IL,קרם קרקר רגיל 20/0.230 הד,גרמים,250.00,100 גרם,false,,5.90,0.0236,true,1,1261832
76171102829,false,ריחנית אמריקאית,,,ריחנית אמריקאית,יחידה,0.00,יחידה,false,,4.90,0.0000,true,1,2135458
76171109675,false,ריחנית אמריקאית,,,ריחנית אמריקאית,יחידה,0.00,יחידה,false,,4.90,0.0000,true,1,2135459
76840002351,false,גלידה גימי סמור עם מרשמלו קלוי פירורי שוקולד בן וג'ירי 428 ג',בן & ג'ריס,IL,גלידת בן אנד גריס שמ,מיליליטרים,500.00,"100 מ""ל",false,,24.90,0.0498,true,1,2200273
76840100125,false,"גלידת צ'אבי האבי בן וג'ירי 473 מ""ל",מוצרי איכות אמריקאיי,IL,גל.צ'אבי האבי וניל ע.פדג,מיליליטרים,473.00,"100 מ""ל",false,,24.90,0.0526,true,1,1242281
76840100156,false,"גלידה צרי גרסיה בן וג'ירי 500 מ""ל",מוצרי איכות אמריקאיי,IL,גלידה צ'רי גרסיה 500מל,מיליליטרים,473.00,"100 מ""ל",false,,24.90,0.0526,true,1,1282692
76840100583,false,"גלידת וניל עם בצק עוגיות בן וג'ירי 473 מ""ל",מוצרי איכות אמריקאיי,IL,גלידת וניל עם בצק עוגיות,מיליליטרים,473.00,"100 מ""ל",false,,24.90,0.0526,true,1,1242282
77245110610,false,סוכריות מאסט ללא סוכר בטעם מנטה 80 ג'עלית,MIESZKO S.A - MS. JO,IL,כשלפ סוכריות MUST מנטה,גרמים,80.00,100 גרם,false,,7.90,0.0988,true,1,1256895
77343000127,false,נר נשמה בכוס 26 שעות,,,נר נשמה 26 שעות בכוס,יח',1.00,יח',false,,2.90,2.9000,true,1,2210226
77343001100,false,נר נשמה 26 שעות בפח,מנורה,,נר נשמה 26 שעות,יחידה,0.00,יחידה,false,,2.00,0.0000,true,1,1266210
77343002015,false,צינוריות ופתילות לכוסיות שמן זית,מנורה,,צינורית השמן עם מילו,יחידה,0.00,יחידה,false,,5.90,0.0000,true,1,1660486
77975010167,false,סניידרס מקלוני חיטה בתוספת דבש 340 ג',סניידרס Snyder's,,סניידרס מקלוני חיטה,גרמים,340.00,100 גרם,false,,16.90,0.0497,true,1,1638595
77975022757,false,בייגלה בסגנון אמריקאי 382 גרם סניידרס,סניידרס Snyder's,US,בייגלה אמריקאי ענק בקופסא,גרמים,382.00,100 גרם,false,,16.90,0.0442,true,1,1241844
77975091975,false,בייגלה במילוי קרם בטעם פיצה 226 גרם סניידרס,סניידרס,US,שברי בייגלה במילוי ק,גרמים,226.80,100 גרם,false,,16.90,0.0745,true,1,2126961
77975093085,false,"בייגלה מצופה כעכים בציפוי שוקולד חלב, 141 ג סניידרס",סניידרס Snyder's,,בייגלה סניידרס מצופה,גרמים,141.00,100 גרם,false,,16.90,0.1199,true,1,2259782
77975093108,false,"בייגלה מצופה כעכים בציפוי בטעם שוקולד לבן, 141 ג סניידרס",סניידרס Snyder's,,בייגלה סניידרס מצופה,גרמים,141.00,100 גרם,false,,16.90,0.1199,true,1,2259783
77975094624,false,"סניידרס סנדוויץ בייגלה במילוי חמאת בוטנים , 226 ג'",סניידרס Snyder's,US,שברי בייגלה במילוי ח,גרמים,283.50,100 גרם,false,,16.90,0.0596,true,1,2170288
77975094631,false,סנדביץ בייגלה במילוי קרם בטעם צ'דר 226 גרם סניידרס,סניידרס Snyder's,,סנדווי'ץ בייגלה במיל,גרמים,226.80,100 גרם,false,,16.90,0.0745,true,1,2170289
77975094761,false,שברי בייגלה בטעם צ'דר 340 גרם סניידרס,סניידרס Snyder's,US,שברי בייגלה צדר 340,גרמים,340.00,100 גרם,false,,16.90,0.0497,true,1,2199229
77975094778,false,סניידרס שברי בייגל בטעם דבש וחרדל 340 גר,סניידרס Snyder's,US,שברי בייגלה דבש חרדל,גרמים,340.00,100 גרם,false,,16.90,0.0497,true,1,2203815
77975095133,false,שברי בייגלה בטעם פיקנטי 318 ג' סניידרס,סניידרס Snyder's,US,שברי בייגלה כנפי באפ,גרמים,319.00,100 גרם,false,,16.90,0.0530,true,1,2276356
77975095157,false,סניידרס שברי בייגלה חלפינו 318ג,סניידרס Snyder's,,שברי בייגלה חלפיניו,גרמים,318.00,100 גרם,false,,16.90,0.0531,true,1,2251918
77975095164,false,שברי בייגלה בטעם פרמז'ן ושום 318 ג' סניידרס,סניידרס,US,שברי בייגלה כנפי באפ,גרמים,318.00,100 גרם,false,,16.90,0.0531,true,1,2276345
78895153453,false,רוטב סויה בהיר LEE KUM KEE,לי קום קיי Lee kum kee,,רוטב סויה בהיר Lee k,מיליליטרים,250.00,"100 מ""ל",false,,10.90,0.0436,true,1,2258143
78895153460,false,רוטב סויה כהה LEE KUM KEE,לי קום קיי Lee kum kee,,רוטב סויה כהה Lee ku,מיליליטרים,250.00,"100 מ""ל",false,,10.90,0.0436,true,1,2258144
78895159899,false,רוטב סויה מובחר LEE KUM KEE,לי קום קיי Lee kum kee,,רוטב סויה משובח Lee,מיליליטרים,500.00,"100 מ""ל",false,,22.90,0.0458,true,1,2279228
78895710922,false,שמן שומשום לא מזוכך LEE KUM KEE,לי קום קיי Lee kum kee,,שמן שומשום לא מזוכך,מיליליטרים,207.00,"100 מ""ל",false,,24.90,0.1203,true,1,2258145
78895800357,false,רוטב לתיבול עוף LEE KUM KEE,לי קום קיי Lee kum kee,,רוטב לתיבול עוף Lee,מיליליטרים,207.00,"100 מ""ל",false,,14.90,0.0720,true,1,2279103
80432400432,false,וויסקי שיבאס רגאל 12,מזקקת האחים שיבאס,,וויסקי שיבאס רגאל 12,ליטרים,1.00,ליטר,false,,149.90,149.9000,true,1,1239535
82184090442,false,ויסקי טנסי ג'ק דניאל,ג'ק דניאלס,US,וויסקי ג'ק דניאלס 1,ליטרים,1.00,ליטר,false,,159.90,159.9000,true,1,1294715
84213017475,false,מסטמכר מיסלי אורגני עם פירות 500ג,מרום את קונפינו,,מיסלי עם פירות 500 ג,גרמים,500.00,100 גרם,false,,16.90,0.0338,true,1,1224716
84213017499,false,מסטמכר מיסלי אורגני עם פירות יער 500ג,מרום את קונפינו,DE,מיסלי פירות יער 500,גרמים,500.00,100 גרם,false,,16.90,0.0338,true,1,1224717
87000006928,false,רום קפטיין מורגן כהה,אלכוהול (איי.בי.בי),,קפטן מורגן שחור 750,מיליליטרים,750.00,"100 מ""ל",false,,86.90,0.1159,true,1,1265781
87666052819,false,רוטב סריראצה סופר חר,,,רוטב סריראצ'ה סופר ח,מיליליטרים,455.00,"100 מ""ל",false,,24.90,0.0547,true,1,1949971
87666052888,false,רוטב סריראצה עם לימו,,,רוטב סריראצ'ה עם לימ,מיליליטרים,444.00,"100 מ""ל",false,,24.90,0.0561,true,1,1949972
87752005644,false,"יין מוסקטו ברטנורה 750 מ""ל",מיסזקו אס.איי,IT,יין ברטנורא מוסקטו,מיליליטרים,750.00,"100 מ""ל",false,,49.90,0.0665,true,1,1260643
195480030088,false,שוקולד צמקאו מריר אופנהיימר לאפייה ובישול 300ג',אופנהיימר,IL,בלוק צימקאו מריר 300,גרמים,300.00,100 גרם,false,,8.90,0.0297,true,1,2041632
305210256712,false,וזלין - מיני לשפתיים אורגינל,"יוניליוור ג'ונסבורו,",US,וזלין מיני לשפתיים א,גרמים,7.00,100 גרם,false,,9.90,1.4143,true,1,2172887
305210317079,false,וזלין מיני לשפתיים חמאת קקאו,"יוניליוור ג'ונסבורו,",US,וזלין מיני לשפתיים ח,גרמים,7.00,100 גרם,false,,9.90,1.4143,true,1,2172888
305210416383,false,"ואזלין קרם גוף לגבר נספג במהירות 600 מ""ל",וזלין Vaseline,US,תחליב גוף וזלין משקם,מיליליטרים,600.00,"100 מ""ל",false,,24.90,0.0415,true,1,1917165
305210464728,false,וזלין מיני לשפתיים בטעם קרם ברולה,"יונילוור ארה""ב - HPC",US,וזלין מיני לשפתיים ק,גרמים,7.00,100 גרם,false,,9.90,1.4143,true,1,2172890
413900010558,false,רוטב סויה קיקומן ליי,קיקומן פודז אינק,,רוטב קיקומן דל מלח 2,מיליליטרים,296.00,"100 מ""ל",false,,19.90,0.0672,true,1,1224719
611745280017,false,רוטב טבסקו אדום וירו,,,מארז 2 בק' טבסקו אדו,יח',1.00,יח',false,,16.90,16.9000,true,1,1533903
613008753290,false,משקה אריזונה אפרסק 4,אריזונה Arizona,BG,תה ירוק אפרסק,מיליליטרים,450.00,"100 מ""ל",false,,7.50,0.0167,true,1,2042518
613008753320,false,"אריזונה ג'ינסנג ודבש בקבוק 450 מ""ל.",אריזונה Arizona,BG,תה ירוק גינסינג ודבש,מיליליטרים,450.00,"100 מ""ל",false,,7.50,0.0167,true,1,2042519
613008755461,false,אריזונה אוכמניות בקבוק 1 ליטר,"נטורלה גטרנק בע""מ",DE,אריזונה תה אוכמניות,ליטרים,1.00,ליטר,false,,11.90,11.9000,true,1,2161003
633824111838,false,וודקה ואן גוך אננס ב,מזקקת קוימאנס טילבור,NL,וודקה ואן גוך אננס 7,מיליליטרים,750.00,"100 מ""ל",false,,139.90,0.1865,true,1,1248714
633824208040,false,וודקה בטעם אספרסו כפול,מזקקת דירקזוואכר סכי,,וודקה ואן גוך אספרסו,מיליליטרים,750.00,"100 מ""ל",false,,139.90,0.1865,true,1,1248717
633824913432,false,וודקה בטעם אסאי-אוכמניות,מזקקת קוימאנס טילבור,NL,וודקה ואן גוך אסאי 7,מיליליטרים,750.00,"100 מ""ל",false,,139.90,0.1865,true,1,1248721
633824929532,false,וודקה ואן גוך רימון,,,וודקה ואן גוך רימון,מיליליטרים,750.00,"100 מ""ל",false,,139.90,0.1865,true,1,1248722
639138513238,false,פילה הרינג מעושן בשמן צמחי,רוג'ין פיש,,פילה הרינג מעושן בשמ,גרמים,190.00,100 גרם,false,,10.90,0.0574,true,1,1274193
639138527617,false,פילה הרינג ברוטב עגבניות 200 גר' (16),רוג'ין פיש,,פילה הרינג ברוטב עגב,גרמים,200.00,100 גרם,false,,10.90,0.0545,true,1,1274194
639138527624,false,פילה הרינג ברוטב פפר,,,פילה הרינג ברוטב פפר,גרמים,200.00,100 גרם,false,,10.90,0.0545,true,1,1274195
639138527631,false,פילה הרינג ברוטב חרדל 200 גר (16),רוג'ין פיש,,פילה הרינג ברוטב חרד,גרמים,200.00,100 גרם,false,,10.90,0.0545,true,1,1274196
639138717902,false,פילה מקרל מעושן בשמן צמחי,Rugen Fisch,,מקרל פילה מעושן בשמן,גרמים,190.00,100 גרם,false,,12.90,0.0679,true,1,1274197
651080161510,false,"פלאקרס ""פלוסר ""חוט דנטלי משופר 35יח'-חדש",מיוצר עי קונדיטוריית,CN,חוט דנטלי 36 יח פלאק,יח',36.00,יח',false,,9.90,0.2750,true,1,1582704
651080647519,false,"פלאקרס ""פלוסר ""חוט דנטלי ירוק -מנטה",המאפיה של הרמן,US,קיסם עם חוט מנטה ג'ו,יח',36.00,יח',false,,9.90,0.2750,true,1,1576870
660089001147,false,נוזל לפתיחת סתימות 1ל,סטרוכם,,פותח סתימות נוזלי,מיליליטרים,950.00,"100 מ""ל",false,,18.90,0.0199,true,1,1244894
686412282984,false,נתחי טונה לבנה בשמן זית,אורטיז ORTIZ,ES,טונה לבנה בשמן זית O,גרמים,220.00,100 גרם,false,,42.90,0.1950,true,1,2227483
693493009973,false,זוג בוקסר סלים ספנדק,,,זוג בוקסר סלים ספנדק,יחידה,0.00,יחידה,false,,39.90,0.0000,true,1,2176861
693493010368,false,זוג בוקסר סלים ספנדק,,,זוג בוקסר סלים ספנדק,יחידה,0.00,יחידה,false,,39.90,0.0000,true,1,2176897
693493143806,false,מארז סויה פרימיום L,,,מארז סויה פרימיום L,מיליליטרים,250.00,"100 מ""ל",false,,18.90,0.0756,true,1,2278259
710069055452,false,עוגיות הדר סנדביץ שוקו 150 גר',אפיפית נצרת,IL,סנדויץ עוגיות שוקו 24/0.1,גרמים,150.00,100 גרם,false,,3.90,0.0260,true,1,1261837
728229123613,false,חטיף על בסיס תפוח אדמה כחול בטעם טבעי,היין סלסטיאל גרופ,US,טרה מתפוח אדמה כחול 110ג',גרמים,110.00,100 גרם,false,,14.90,0.1355,true,1,1266323
728229123811,false,חטיף על בסיס ירקות שורש בתיבול ים תיכוני,הונדורס צ'יפס יצור א,HN,טרה מירקות אקזוטיים בנוסח,גרמים,110.00,100 גרם,false,,14.90,0.1355,true,1,1266324
728229124764,false,ציפס חטיף טרה בטטה מ,היין פיוצ'ור נטורל פ,US,חטיף צ'יפס בטטה עם מ,גרמים,110.00,100 גרם,false,,14.90,0.1355,true,1,1899997
728229124771,false,חטיף על בסיס בטטה בטעם ברביקיו,היין פיוצ'ור נטורל פ,IN,חטיף טרה צ'יפס מבטטה,גרמים,110.00,100 גרם,false,,14.90,0.1355,true,1,1346133
728229130154,false,חטיף על בסיס בטטה וסלק בטעם טבעי,הונדורס צ'יפס יצור א,HN,טרה מבטטה וסלק - 110ג'[3],גרמים,110.00,100 גרם,false,,14.90,0.1355,true,1,1266325
733619258301,false,מלגזה להרכבה,,,מלגזה להרכבה,יחידה,0.00,יחידה,false,,59.90,0.0000,true,1,2171857
753182231761,false,"משקה אנרגיה BLU זירו לל""ס דיאט 250 מ""ל",אקווה ויט,PL,משקה אנרגיה BLU SUGA,מיליליטרים,250.00,"100 מ""ל",false,,4.20,0.0168,true,1,1257538
769904000997,false,דגש שקדי מרק ללא גלו,משובח תעשיות מזון,IL,"שקדי מרק דג""ש 200",גרמים,200.00,100 גרם,false,,14.90,0.0745,true,1,1263881
786150000281,false,שישיית בירה חזקה לף בראון,לף Leffe,,בירה לף בראון,ליטרים,1.98,ליטר,false,,39.90,20.1515,true,1,2181999
786560002240,false,שייקר פטנט קפיץ,,,שייקר פטנט קפיץ,יח',1.00,יח',false,,15.90,15.9000,true,1,2177613
811250030699,false,פלפל שחור טחון,נפטון Neptune,,פלפל שחור,גרמים,50.00,100 גרם,false,,4.90,0.0980,true,1,2156226
811250030798,false,תבלין בירייאני,,,תבלין בירייאני,גרמים,100.00,100 גרם,false,,9.90,0.0990,true,1,2057413
811250030804,false,תבלין הלד ברישופ,,,תבלין הלד ברישופ,גרמים,100.00,100 גרם,false,,9.90,0.0990,true,1,2057414
811250030842,false,תבלין מסלת דגים,,,תבלין מסלת דגים,גרמים,100.00,100 גרם,false,,9.90,0.0990,true,1,2057417
811250030873,false,תבלין טנדורי,,,תבלין טנדורי,גרמים,100.00,100 גרם,false,,9.90,0.0990,true,1,2057418
811250031344,false,רוטב שזיפים צנצנת,,,רוטב שזיפים צנצנת,גרמים,380.00,100 גרם,false,,12.90,0.0339,true,1,2183292
811250031450,false,תבלין על האש ברבקיו,,,תבלין על האש ברבקיו,גרמים,80.00,100 גרם,false,,4.90,0.0613,true,1,2207364
811250031474,false,בזיליקום,,,בזיליקום,גרמים,100.00,100 גרם,false,,9.90,0.0990,true,1,2185966
811250031528,false,כוסברה עלים,,,כוסברה עלים,גרמים,100.00,100 גרם,false,,9.90,0.0990,true,1,2185949
811250031535,false,תערובת תיבול חוויאג,,,תערובת תיבול חוויאג,גרמים,100.00,100 גרם,false,,14.90,0.1490,true,1,2185968
818570001606,false,תמצית טעם שקדים לאפי,"ג'יי אר ווסקינס בע""מ",US,תמצית שקדים טהור,מיליליטרים,59.00,"100 מ""ל",false,,29.90,0.5068,true,1,2150568
818570007066,false,תמצית וניל טהור וטקי,"ג'יי אר ווטקינס בע""מ",US,תמצית וניל טהור,מיליליטרים,29.00,"100 מ""ל",false,,29.90,1.0310,true,1,2150570
832544000518,false,תה ירוק עם ליים וג'י,,,תה ירוק עם ליים וג'י,גרמים,40.00,100 גרם,false,,14.90,0.3725,true,1,1949955
832544000525,false,תה צ'אי צמחי אורגני,,,תה צ'אי צמחי אורגני,גרמים,44.00,100 גרם,false,,14.90,0.3386,true,1,1949956
835811000396,false,נייר אפיה לתבנית מוארכת - מארז 30 ניירות,הנמל,CN,נייר אפיה לתבנית מאו,יח',30.00,יח',false,,9.90,0.3300,true,1,2161482
835811000495,false,קערה תבור מרובע 1 יח` 1.80 ל,,,קערה תבור מרובע,יחידה,0.00,יחידה,false,,7.90,0.0000,true,1,2127534
835811000556,false,כוס יין עבה 6 יח,,,כוס יין עבה 6 יח,יח',6.00,יח',false,,12.90,2.1500,true,1,2281224
835811000730,false,גליליות וופל למילוי 15 יח` 150 גר`**ללא החזרות**,גילרו,IL,גליליות וופל למילוי,גרמים,340.00,100 גרם,false,,14.90,0.0438,true,1,2127535
835811001119,false,מיני עדשים לעוגה 200 גר' בצנצנת,,,מיני עדשים 200 גר בצ,גרמים,200.00,100 גרם,false,,12.90,0.0645,true,1,2161440
835811001133,false,קוקוס 400 ג' הנמל,,,קוקוס טחון,גרמים,400.00,100 גרם,false,,10.90,0.0273,true,1,2146392
835811001140,false,שומשום הנמל 400 גרם,הנמל אריזות.,IL,שומשום מקולף,גרמים,400.00,100 גרם,false,,8.90,0.0223,true,1,2147409
835811001157,false,צלחות גדול מדקל,,,צלחות גדול מדקל,יח',10.00,יח',false,,14.90,1.4900,true,1,2167017
835811001164,false,צלחות עגולות קטנות מ,,,צלחות קטן מדקל,יח',10.00,יח',false,,9.90,0.9900,true,1,2167018
835811001188,false,צלחות עגולות ענק מדק,,,צלחות ענק מדקל,יח',10.00,יח',false,,14.90,1.4900,true,1,2167020
835811001195,false,מגש אובלי גדול מדקל,,,מגש אובלי גדול מדקל,יח',5.00,יח',false,,19.90,3.9800,true,1,2167029
835811001201,false,מגש אובלי בינוני מדק,,,מגש אובלי גדול מדקל,יח',5.00,יח',false,,19.90,3.9800,true,1,2167030
835811001232,false,"נייר אפיה לתבנית עגולה 26 ס""מ - מארז 10 ניירות",האנג טונג,CN,נייר אפיה לתבנית עגו,יח',10.00,יח',false,,10.90,1.0900,true,1,2169495
835811001676,false,"תבנית אלומיניום גדולה 32*26 ס""מ - 9 יח'",הנמל,IL,מגש כסף 9 יח,יח',9.00,יח',false,,11.90,1.3222,true,1,2018052
835811001744,false,תבניות אלומיניום עבות במיוחד 46*34 רוסטר גדול,הנמל,,תבנית אלומיניום עבה,יח',2.00,יח',false,,11.90,5.9500,true,1,1319125
835811001959,false,תבניות אלומיניום עבות במיוחד 41*30 רוסטר בינוני,הנמל,,תבנית אלומיניום רוסט,יח',3.00,יח',false,,11.90,3.9667,true,1,1237162
835811001966,false,"תבנית אלומ` עבה רוסטר 370X270X70 ס""מ 4 יח`",הנמל,,תבניות אלומניום עבה,יח',4.00,יח',false,,11.90,2.9750,true,1,1237163
835811001997,false,"תבנית אלומ` עבה לחלה 320X167X80 ס""מ 4 יח`",הנמל,,תבנית אלומניום עבה ל,יח',4.00,יח',false,,11.90,2.9750,true,1,1237166
835811002215,false,מאפינס צבעוני מס' 4 הנמל 200 יח',יונק,,מאפינס צבעוני מס' 4,יחידה,200.00,יחידה,false,,7.90,0.0395,true,1,1537858
835811002239,false,מאפינס צבעוני מס' 3 הנמל 200 יח',יונק,,מאפינס צבעוני מס' 3,יחידה,200.00,יחידה,false,,6.90,0.0345,true,1,1537859
835811002246,false,מאפינס צבעוני מס' 2 הנמל 200 יח',יונק,,מאפינס צבעוני מס' 2,יחידה,200.00,יחידה,false,,6.90,0.0345,true,1,1537860
835811002253,false,מאפינס צבעוני מס' 1.5 הנמל 200 יח',יונק,,מאפינס צבעוני מס' 1.,יחידה,200.00,יחידה,false,,5.90,0.0295,true,1,1537850
835811003199,false,נייר אפיה לתבנית מרובע 6X32 16 יח',,CN,נייר אפיה לתבנית אפי,יח',16.00,יח',false,,17.90,1.1187,true,1,2281205
835811003427,false,"צלחות גדול מקנה סוכר 1 ק""ג כ-67 יח` הנמל",,,צלחות גדול מקנה סוכר,יח',37.00,יח',false,,29.90,0.8081,true,1,2281194
835811003434,false,כוס משובחות 10 יח' הנמל,בי רייט,CN,כוס רויאל משובחות,יח',10.00,יח',false,,10.90,1.0900,true,1,2250576
835811003458,false,מזלגות אלגנט שחור / שקוף 50 יח' הנמל,,TR,מזלגות אלגנט שקוף 50,יח',50.00,יח',false,,11.90,0.2380,true,1,2250581
835811003465,false,סכינים אלגנט שחור / שקוף 50 יח' הנמל,,TR,סכנים אלגנט שקוף 50,יח',50.00,יח',false,,11.90,0.2380,true,1,2250588
835811003472,false,כפות אלגנט שחור / שקוף 50 יח' הנמל,,TR,כפות אלגנט שקוף 50 י,יח',50.00,יח',false,,11.90,0.2380,true,1,2250589
835811003588,false,צלחות קלאסי גדול לבן 65 יח' הנמל,,,צלחות קלאסי גדול לבן,יח',65.00,יח',false,,34.90,0.5369,true,1,2250582
835811003595,false,צלחות קלאסי קטן לבן 65 יח' הנמל,,,צלחות קלאסי קטן לבן,יח',65.00,יח',false,,24.90,0.3831,true,1,2250583
835811003601,false,מקלוני כותנה לתינוק 90 יח`,ספה,TR,צמרוני תינוק 90 יח,יח',90.00,יח',false,,5.90,0.0656,true,1,1919556
835811003700,false,סודה לשתייה הנמל 250,"פוליבה בע""מ",IL,סודה לשתיה,גרמים,250.00,100 גרם,false,,5.90,0.0236,true,1,2161447
835811004059,false,צלחות מרובעות ענק מד,,,צלחות מרובעות ענק מד,יח',10.00,יח',false,,14.90,1.4900,true,1,2167021
835811004073,false,צלחות מרובעות ענק מד,,,צלחות מרובעות ענק מד,יח',10.00,יח',false,,14.90,1.4900,true,1,2167023
835811004455,false,קישקשים מנייר 125 יח' צבעוני,הנג טונג,CN,קישקשים מנייר 12 יח,יחידה,0.00,יחידה,false,,7.90,0.0000,true,1,2133218
835811004691,false,עטרות אלו` 2 לאפייה 100 יח` כסף/זהב,הנג טון,CN,גביע אלומיניום לאפיי,יח',100.00,יח',false,,6.90,0.0690,true,1,1237170
835811004707,false,פירורי לחם מוזהבים 440 ג' הנמל,ברמן שוקולד ועוגיות,IL,פירורי לחם מוזהב.,גרמים,440.00,100 גרם,false,,6.90,0.0157,true,1,1237171
835811004790,false,"מגש הגשה עגול מחולק שקוף בינוני ח""פ הנמל",,,צלחת הגשה בינונית מח,יחידה,0.00,יחידה,false,,6.90,0.0000,true,1,1237179
835811005049,false,נייר אפייה משובח וידידותי לסביבה מהדרין 38X42,"איטיליאן פוד, אס.פי.",IL,נייר אפייה 40 יח מתכ,יח',1.00,יח',false,,14.90,14.9000,true,1,1237191
835811005339,false,שקיות אוכל קרטון הנמל זוג*150 יח',,,זוג שקיות אוכל,יח',300.00,יח',false,,7.90,0.0263,true,1,1237210
835811005667,false,נטיפי צ'יפס בטעם שוקולד 250 ג',פינוקים תעשיות מזון,,נטיפי צ'יפס בטעם שוק,גרמים,250.00,100 גרם,false,,8.90,0.0356,true,1,1237228
835811005711,false,הנמל עטרות אלומיניום מס.5 100יח,הנג טון,CN,גביע אלומיניום לאפיי,יח',100.00,יח',false,,9.90,0.0990,true,1,1237231
835811005728,false,עלים לקרמשניט 400 גר`,רונית מאפים בעמ,IL,עלים לקרמשניט 400 גר,גרמים,400.00,100 גרם,false,,14.90,0.0373,true,1,1237232
835811005810,false,מגש הכסף תבנית מרובע קטן +מכסה 10 יח`,הנמל,IL,מגש הכסף + מכסה,יח',10.00,יח',false,,11.90,1.1900,true,1,2018053
835811005933,false,מגש הכסף תבנית אלומ` ענק 5 יח`,ווינפאק,,מגש הכסף תבנית ענק,יח',5.00,יח',false,,11.90,2.3800,true,1,2018054
835811005940,false,מגש הכסף תבנית אלומ` גדולה + מכסה 8 יח`,,IL,מגש הכסף + מכסה,יח',8.00,יח',false,,11.90,1.4875,true,1,1237241
835811005957,false,מגש הכסף תבנית אלומ` 90 + מכסה 8 יח`,יבוא ושיווק: הנמל אר,IL,מגש הכסף + מכסה,יח',8.00,יח',false,,11.90,1.4875,true,1,2018055
835811005964,false,מגש הכסף תבנית אלומ` מאורך 20 יח`,ווינפאק,,מגש הכסף תבנית מאורך,יח',20.00,יח',false,,11.90,0.5950,true,1,2018056
835811006213,false,קעריות מקנה סוכר טבעי,"איטיליאן פוד, אס.פי.",IL,קערה למרק מקנה סוכר,יח',25.00,יח',false,,15.90,0.6360,true,1,1237262
835811006220,false,צלחות ענקיות מקנה סוכר טבעי,הנמל,,צלחות ענקיות קנה סוכ,יח',25.00,יח',false,,17.90,0.7160,true,1,1237263
835811006237,false,צלחות קטנות מקנה סוכר טבעי,הנמל,,צלחות קטנות קנה סוכר,יח',25.00,יח',false,,9.90,0.3960,true,1,1237264
835811006244,false,צלחות גדולות מקנה סוכר טבעי,הנמל,,צלחות גדולות קנה סוכ,יח',25.00,יח',false,,15.90,0.6360,true,1,1237265
835811006435,false,מגש הכסף תבנית מלבן עמוק + מכסה 9 יח`,,IL,מגש כסף 9 יח,יח',9.00,יח',false,,11.90,1.3222,true,1,1237272
835811006503,false,צלחות מקרטון זהב תחרה קוטר 28 ס''מ 10 יח',,IL,סט צלחות מקרטון,יחידה,0.00,יחידה,false,,14.90,0.0000,true,1,1237274
835811006770,false,תבנית אולמניום עגול 5 יח',הנמל,,מגש כסף 5 יח,יח',5.00,יח',false,,11.90,2.3800,true,1,2018057
835811007296,false,כפיות אלגנט קרם 50 יח' הנמל,,,כפיות אלגנט קרם 50 י,יח',50.00,יח',false,,11.90,0.2380,true,1,2250591
835811007302,false,כפות אלגנט קרם 50 יח' הנמל,,,כפות אלגנט קרם 50 יח,יח',50.00,יח',false,,11.90,0.2380,true,1,2250592
835811007319,false,מזלגות אלגנט קרם 50 יח' הנמל,,,מזלגות אלגנט קרם 50,יח',50.00,יח',false,,11.90,0.2380,true,1,2250593
835811007494,false,גלטין טהור מדגים 2 יח` 14 X גר`,ג'ליס פיוניר,IL,גלטין טהור 14 גר 2יח,גרמים,28.00,100 גרם,false,,9.90,0.3536,true,1,1237296
835811007562,false,תבניות קרטון אינגליש קייק 6יח` ארוז 29X9X6,דוקרט תעשיית אריזות,IL,תבנית קרטון אינגליש,יח',6.00,יח',false,,9.90,1.6500,true,1,1237299
835811007678,false,שקיות אוכל הנמל 200 יח',סאם גלובל תורכיה,CN,שקיות אוכל 200 יח',יח',200.00,יח',false,,3.90,0.0195,true,1,1237300
835811008132,false,כריות מתכת בגליל 6יח,שוורצקוף& הנקל דיסלד,CN,ספוג מתכת בגליל 6 יח,יח',6.00,יח',false,,11.90,1.9833,true,1,1237306
835811008347,false,גפרור ארוך מאוד להבי,הנמל,SE,גפרור ארוך מאוד,יח',45.00,יח',false,,4.90,0.1089,true,1,1237310
835811008606,false,"סיר אלומיניום ומכסה ח""פ הנמל 3 יח'",קינפויל/גאנגזו,CN,סיר אלומניום + מכסה,יח',3.00,יח',false,,14.90,4.9667,true,1,1237314
839762000658,false,משקה נקטר איילנד גויאבה 1 ל',The Egyptian Co. for,EG,מיץ גויאבה איילנד לי,ליטרים,1.00,ליטר,false,,11.90,11.9000,true,1,1224235
839762002379,false,משקה נקטר מנגו איילנד 350מל,"פאראגאלה,דה אג'יפשן",EG,משקה איילנד מנגו 350,מיליליטרים,350.00,"100 מ""ל",false,,5.50,0.0157,true,1,1287058
839762002386,false,נקטר איילנד גויאבה 3,"פאראגאלה,דה אג'יפשן",EG,משקה איילנד גויאבה 3,מיליליטרים,350.00,"100 מ""ל",false,,5.50,0.0157,true,1,1287059
841058006633,false,"אדג' ג'יל גילוח מועשר בשיבולת שועל 198 מ""ל",,US,ג'ל לגילוח אדג' מועש,גרמים,200.00,100 גרם,false,,19.90,0.0995,true,1,2170355
844510012104,false,יין רמת יהודה קברנה,אגדת,IL,יין רמת יהודה,מיליליטרים,750.00,"100 מ""ל",false,,69.90,0.0932,true,1,2161733
844510013101,false,יין ירושלים הילס קבר,אגדת,IL,יין גרוזלם,מיליליטרים,750.00,"100 מ""ל",false,,34.90,0.0465,true,1,2161736
844510013125,false,יין ירושלים הילס מרל,אגדת,IL,יין גרוזלם,מיליליטרים,750.00,"100 מ""ל",false,,34.90,0.0465,true,1,2161737
844510013200,false,יין ירושלים הילס רוז,אנטי פוד משקאות,IL,יין גרוזלם,מיליליטרים,750.00,"100 מ""ל",false,,34.90,0.0465,true,1,2161739
844510013224,false,יין גרוזלם הילס גוור,,,יין גרוזלם,מיליליטרים,750.00,"100 מ""ל",false,,44.90,0.0599,true,1,2161740
850004207789,false,מיטבולס ביונד מיט 29,תאי פרזידנט פוד פאבל,US,מיטבולס ביונד מיט 29,גרמים,290.00,100 גרם,false,,37.90,0.1307,true,1,2228486
850006036028,false,מאפה חיטה מקלונים בטעם סלק בצל 400 ג' עבאדי,,,עוגיות מזרחיות מקלונ,גרמים,400.00,100 גרם,false,,17.90,0.0447,true,1,2255277
850006036035,false,"עבאדי קטנטנים מאפה חיטה בטעם חרדל ודבש, 350 גרם",,,עוגיות מזרחיות עבאדי,גרמים,350.00,100 גרם,false,,15.90,0.0454,true,1,2252568
851621000050,false,בירה חיטה בטעם הדרים 1664 בלאנק - שישייה,קרלסברג ספליי קומפאנ,PL,שישיית בירה בלאנק 16,ליטרים,1.98,ליטר,false,,39.90,20.1515,true,1,2152621
856591000055,false,עוגיות מזרחיות קריספי שרוף במיוחד,עבאדי,IL,עוגיות מזרחיות קריספ,גרמים,400.00,100 גרם,false,,17.90,0.0447,true,1,1395077
856591000062,false,עוגיות מזרחיות מלח 400 ג' עבאדי,מאפיית יוסף ושמחה עב,IL,ע.מזרחיות מלח 400 גרם,גרמים,400.00,100 גרם,false,,17.90,0.0447,true,1,1253855
856591000512,false,עוגיות עבאדי מיני מזרחי מקלות 400ג',מאפיית יוסף ושמחה עב,IL,מקלונים פריכים 400 גרם,גרמים,400.00,100 גרם,false,,17.90,0.0447,true,1,1253856
856591000949,false,עבאדי קטנטנים מאפה חיטה מלוח 350ג גר',עבאדי,IL,עוגיות מזרחיות עבאדי,גרמים,350.00,100 גרם,false,,17.90,0.0511,true,1,2252555
856591000956,false,עבאדי מאפה חיטה גריל קטנטנים 350 גר',עבאדי,IL,עוגיות מזרחיות עבאדי,גרמים,350.00,100 גרם,false,,15.90,0.0454,true,1,2252570
859547004084,false,ספוג קרצוף סקראב דדי,,,ספוג קרצוף סקראב דדי,יחידה,0.00,יחידה,false,,17.90,0.0000,true,1,2245750
859547004329,false,ספוג ניקוי צבעוני סקראב דדי Scrub Daddy,סקארקיסט,US,ספוג ניקוי סקראב דד,יחידה,0.00,יחידה,false,,17.90,0.0000,true,1,2245751
859547004466,false,סקראב מאמי ספוג ניקו,סקארקיסט,US,ספוג קרצוף סקראב דדי,יחידה,0.00,יחידה,false,,17.90,0.0000,true,1,2245752
877300000050,false,קינמון טחון,נפטון Neptune,,קינמון טחון,גרמים,80.00,100 גרם,false,,4.90,0.0613,true,1,2156240
877300000074,false,פלפל שחור גרוס,,,פלפל שחור גרוס,גרמים,100.00,100 גרם,false,,14.90,0.1490,true,1,1419677
877300000081,false,פלפל שחור טחון,,,פלפל שחור טחון,גרמים,100.00,100 גרם,false,,14.90,0.1490,true,1,1419671
877300000210,false,תערובת לתיבול טוסקנה,נפטון Neptune,,תערובת תיבול טוסקנה,גרמים,60.00,100 גרם,false,,4.90,0.0817,true,1,2156253
877300000234,false,תערובת לתיבול פילדלפיה,נפטון Neptune,,פלדלפיה,גרמים,60.00,100 גרם,false,,4.90,0.0817,true,1,2156245
877300000364,false,אורגנו,,,אורגנו,גרמים,20.00,100 גרם,false,,4.90,0.2450,true,1,2156235
877300000777,false,מטבל צ'ימיצ'ורי נפטו,,,ממרח צימצורי,גרמים,180.00,100 גרם,false,,9.90,0.0550,true,1,1266889
877300000845,false,פפריקה מתוקה בשמן בסגנון מרוקאי,נפטון Neptune,,פפריקה מתוקה,גרמים,80.00,100 גרם,false,,4.90,0.0613,true,1,2156254
877300001019,false,כוסברה טחונה,נפטון Neptune,,כוסברה טחון,גרמים,120.00,100 גרם,false,,9.90,0.0825,true,1,1266896
877300001040,false,כורכום טחון 150גר,נפטון Neptune,,כורכום טחון,גרמים,150.00,100 גרם,false,,9.90,0.0660,true,1,1266898
877300001057,false,פלפל לבן טחון,,,פלפל לבן טחון,גרמים,100.00,100 גרם,false,,14.90,0.1490,true,1,1644429
877300001101,false,קינמון טחון,נפטון Neptune,,קינמון טחון,גרמים,150.00,100 גרם,false,,9.90,0.0660,true,1,1266903
877300001170,false,פפריקה מתוקה 150 גרם,נפטון Neptune,,פפריקה מתוקה,גרמים,150.00,100 גרם,false,,9.90,0.0660,true,1,1266909
877300001248,false,פפריקה מתוקה מרוקאית בשמן,נפטון Neptune,,פפריקה מתוקה מרוקאית,גרמים,150.00,100 גרם,false,,9.90,0.0660,true,1,1266911
877300001286,false,כמון טחון,נפטון Neptune,,כמון טחון,גרמים,150.00,100 גרם,false,,9.90,0.0660,true,1,1266912
877300001330,false,תערובת תיבול חוויאג' למרק,נפטון Neptune,,תבלין חוויאג' למרק,גרמים,150.00,100 גרם,false,,9.90,0.0660,true,1,1266913
877300001361,false,תבלין שווארמה,,,תבלין שווארמה,גרמים,150.00,100 גרם,false,,9.90,0.0660,true,1,1266915
877300001392,false,תערובת תיבול לגריל עוף,נפטון Neptune,,תבלין גריל עוף,גרמים,150.00,100 גרם,false,,9.90,0.0660,true,1,1266918
877300001408,false,תערובת תיבול לשקשוקה,נפטון Neptune,,תיבול לשקשוקה,גרמים,120.00,100 גרם,false,,9.90,0.0825,true,1,1266919
877300001453,false,תערובת תיבול זעתר שומשום,נפטון Neptune,,תבלין זעתר שומשום,גרמים,150.00,100 גרם,false,,9.90,0.0660,true,1,1266920
877300001552,false,תערובת תיבול טוסקנה,נפטון Neptune,,טוסקנה,גרמים,150.00,100 גרם,false,,9.90,0.0660,true,1,1266923
877300001637,false,פפריקה מתוקה גס בשמן,,,פפריקה מתוקה גס בשמן,גרמים,150.00,100 גרם,false,,9.90,0.0660,true,1,1266926
877300001866,false,תבלין פילדלפיה,,,תבלין פילדלפיה,גרמים,150.00,100 גרם,false,,9.90,0.0660,true,1,1266929
877300001989,false,פפריקה הונגרית בשמן,,,פפריקה הונגרית בשמן,גרמים,150.00,100 גרם,false,,9.90,0.0660,true,1,1266935
877300002078,false,רוטב שום ודבש,נפטון Neptune,,רוטב שום ודבש,גרמים,360.00,100 גרם,false,,12.90,0.0358,true,1,1266937
877300002160,false,רוטב צ`ילי מתוק נפטו,נפטון Neptune,,רוטב צ'ילי מתוק,גרמים,370.00,100 גרם,false,,12.90,0.0349,true,1,1266940
877300002191,false,שום כתוש נפטון 180,,,שום כתוש,גרמים,180.00,100 גרם,false,,9.90,0.0550,true,1,1266941
877300002214,false,ממרח אריסה חריפה נפט,,,אריסה,גרמים,180.00,100 גרם,false,,9.90,0.0550,true,1,1266942
877300002290,false,פפריקה מרוקאית מעושנת,נפטון Neptune,,פפריקה מתוקה מעושנת,גרמים,150.00,100 גרם,false,,9.90,0.0660,true,1,1266943
877300002313,false,תערובת תיבול ראס אל חנות,נפטון Neptune,,תבלין ראס אל חנות,גרמים,150.00,100 גרם,false,,9.90,0.0660,true,1,1266944
877300002504,false,רוטב פיקנטי בטעם עמב,,,רוטב פיקנטי בטעם עמב,גרמים,500.00,100 גרם,false,,12.90,0.0258,true,1,2183293
877300002610,false,ממרח אריסה לימון,,,ממרח אריסה לימון,גרמים,180.00,100 גרם,false,,9.90,0.0550,true,1,1644369
877300002634,false,לימון כבוש בלאדי,,,לימון כבוש בלאדי,גרמים,180.00,100 גרם,false,,9.90,0.0550,true,1,1266946
877300002689,false,רוטב קייג'ון (ניו אורלינס),נפטון Neptune,,רוטב קייג'ון (ניו או,גרמים,330.00,100 גרם,false,,12.90,0.0391,true,1,1266948
877300003112,false,ממרח עגבניות בתוספת,,,ממרח עגבניות,גרמים,180.00,100 גרם,false,,9.90,0.0550,true,1,1557035
877300003235,false,רוטב חמוץ מתוק,נפטון Neptune,,רוטב חמוץ מתוק,גרמים,370.00,100 גרם,false,,12.90,0.0349,true,1,1266951
877300003242,false,רוטב ברביקיו נפטון 3,,,רוטב ברביקיו,גרמים,360.00,100 גרם,false,,12.90,0.0358,true,1,1266952
877300003273,false,רוטב טריאקי נפטון 3,,,רוטב טריאקי,גרמים,350.00,100 גרם,false,,12.90,0.0369,true,1,1266954
877300003280,false,רוטב סויה,,,רוטב סויה,גרמים,350.00,100 גרם,false,,12.90,0.0369,true,1,1266955
877300003310,false,רוטב צ'ילי חריף,נפטון Neptune,,רוטב צילי חריף,גרמים,370.00,100 גרם,false,,12.90,0.0349,true,1,1266958
877300003334,false,רוטב קארי,,,רוטב קארי,גרמים,330.00,100 גרם,false,,12.90,0.0391,true,1,1266960
877300003358,false,פלפל צ'ומה,,,פלפל צ'ומה,גרמים,180.00,100 גרם,false,,9.90,0.0550,true,1,1266962
877300003365,false,רוטב מקסיקני,נפטון Neptune,,רוטב מקסיקני,גרמים,320.00,100 גרם,false,,12.90,0.0403,true,1,1266963
877300004096,false,ממרח טאפנד זיתים ירו,,,טאפנד זיתים ירוקים,גרמים,180.00,100 גרם,false,,9.90,0.0550,true,1,1266972
877300004102,false,ממרח פסטו שום,נפטון Neptune,,ממרח פסטו שום,גרמים,180.00,100 גרם,false,,9.90,0.0550,true,1,1266973
877300004256,false,ציפוי לשניצל ירקות ש,,,ציפוי לשניצל ירקות ש,גרמים,400.00,100 גרם,false,,9.90,0.0248,true,1,1676492
877300004263,false,ציפוי לשניצל וינאי,,,ציפוי לשניצל וינאי,גרמים,400.00,100 גרם,false,,9.90,0.0248,true,1,1676493
877300004270,false,ציפוי לשניצל ים תיכו,,,ציפוי לשניצל ים תיכו,גרמים,400.00,100 גרם,false,,9.90,0.0248,true,1,1676494
877300004416,false,פלפל שחור גרוס דק,נפטון Neptune,,פלפל שחור גרוס דק,גרמים,50.00,100 גרם,false,,4.90,0.0980,true,1,2182323
877300004553,false,פפריקה מתוקה 80 גרם,נפטון Neptune,,פפריקה מתוקה,גרמים,80.00,100 גרם,false,,4.90,0.0613,true,1,1419679
877300004560,false,פפריקה חריפה,נפטון Neptune,,פפריקה חריפה,גרמים,80.00,100 גרם,false,,4.90,0.0613,true,1,1742422
877300004577,false,כמון טחון,נפטון Neptune,,כמון טחון,גרמים,50.00,100 גרם,false,,4.90,0.0980,true,1,1429186
877300004584,false,כורכום טחון 80 גרם ש,נפטון Neptune,,כורכום טחון,גרמים,80.00,100 גרם,false,,4.90,0.0613,true,1,1419681
877300004614,false,גריל עוף 80 גרם.,,,גריל עוף,גרמים,80.00,100 גרם,false,,4.90,0.0613,true,1,1419684
877300004621,false,זעתר ושומשום תערובת לתיבול,נפטון Neptune,,זעתר שומשום,גרמים,80.00,100 גרם,false,,4.90,0.0613,true,1,1419685
877300004638,false,מלח לימון,נפטון Neptune,,מלח לימון,גרמים,100.00,100 גרם,false,,3.90,0.0390,true,1,1419686
877300008698,false,פלפלת ארבע עונות שלם,,,פלפלת ארבע עונות שלם,גרמים,30.00,100 גרם,false,,14.90,0.4967,true,1,1346386
877300008704,false,מלח ים אטלנטי מתובל,,,מלח ים אטלנטי מתובל,גרמים,85.00,100 גרם,false,,14.90,0.1753,true,1,1346387
877300008711,false,תבלין סטייק מונטריאו,,,תבלין סטייק מונטריאו,גרמים,65.00,100 גרם,false,,14.90,0.2292,true,1,1346388
877300008841,false,רוטב אלף האיים,,,רוטב אלף האיים,גרמים,310.00,100 גרם,false,,12.90,0.0416,true,1,1648796
877300008858,false,רוטב וינגרט הדרים,,,רוטב וינגרט הדרים,גרמים,310.00,100 גרם,false,,12.90,0.0416,true,1,1648797
877300008902,false,רוטב שום שמיר,,,רוטב שום שמיר,גרמים,310.00,100 גרם,false,,12.90,0.0416,true,1,1648784
877300009183,false,רוטב שמן זית ולימון,,,רוטב שמן זית ולימון,גרמים,300.00,100 גרם,false,,12.90,0.0430,true,1,1843460
877300009725,false,אורגנו נפטון 60 גרם.,,,אורגנו 60 גרם,גרמים,60.00,100 גרם,false,,9.90,0.1650,true,1,1701727
883314428650,false,כלי אחסון 38 ס'ל מלב,,,כלי אחסון 38 ס'ל מלב,יחידה,0.00,יחידה,false,,19.90,0.0000,true,1,2235328
883314428711,false,כלי אחסון מרובע 76 +,,,כלי אחסון מרובע 76 +,יחידה,0.00,יחידה,false,,24.90,0.0000,true,1,2235332
883314714531,false,צלחת הגשה 12 דיוואלי,,,צלחת הגשה 12 דיוואלי,יחידה,0.00,יחידה,false,,7.90,0.0000,true,1,2235394
883314714616,false,צלחת מנה מרק 20 דיוו,,,צלחת מנה מרק 20 דיוו,יחידה,0.00,יחידה,false,,9.90,0.0000,true,1,2235396
883314743487,false,צלחת מנה עיקרית כחול,,,צלחת מנה עיקרית כחול,יחידה,0.00,יחידה,false,,14.90,0.0000,true,1,2251816
884912002372,false,דגני בוקר גרייט גריינס פוסט453 גרם,post consumer brands,US,סלקט קרנברי חדש,גרמים,396.00,100 גרם,false,,24.90,0.0629,true,1,1263592
884912102102,false,דגני בוקר פוסט סלקט אוכמניות 382 גר,הנסיך- מפעל לייצור ט,US,דגני אוכמניות סלקט,גרמים,382.00,100 גרם,false,,24.90,0.0652,true,1,1424273
884912116505,false,דגני בננה נאט קראנץ' Banana Nut Crunch,post consumer brands,US,סלקט בננה נאט חדש,גרמים,439.00,100 גרם,false,,24.90,0.0567,true,1,1263600
884912117625,false,דגני שלווה מצופים בדבש Golden Crisp,הנסיך- מפעל לייצור ט,US,דגני בוקר שלווה מצופ,גרמים,418.00,100 גרם,false,,22.90,0.0548,true,1,1596285
884912126115,false,פוסט גרייט גריינט דייטס 453 גר',הנסיך- מפעל לייצור ט,US,סלקט גרייט גריינס דייטס ח,גרמים,453.00,100 גרם,false,,24.90,0.0550,true,1,1263601
884912180629,false,דגני בוקר מחיטה מלאה גרוסה שרדד וויט,פוסט Post,,דגני חיטה מלאה גרוסה,גרמים,464.00,100 גרם,false,,22.90,0.0494,true,1,1404020
884912342737,false,דגני בוקר פוסט וופל קריספ 326 גר',הנסיך- מפעל לייצור ט,US,דגני בוקר וופל קריספ,גרמים,425.00,100 גרם,false,,22.90,0.0539,true,1,2137925
884912359155,false,דגני בוקר האני באנצס רוסטד 340 ג' POST,פוסט לקיוויל,US,דגני האני באנצ' רוסט,גרמים,411.00,100 גרם,false,,22.90,0.0557,true,1,2250902
884912359162,false,דגני בוקר האני באנצס שקדים 340 ג' POST,פוסט לקיוויל,US,דגני האני באנצ'.,גרמים,411.00,100 גרם,false,,22.90,0.0557,true,1,2250903
884912359414,false,דגני בוקר האני באנצס קינמון 340 ג' POST,פוסט לקיוויל,US,דגני האני באנצ' קינמ,גרמים,411.00,100 גרם,false,,22.90,0.0557,true,1,2250908
884912359421,false,דגני בוקר האני באנצס פקאן ומייפל 340 ג' POST,פוסט לקיוויל,US,דגני האני באנצ' פקאן,גרמים,411.00,100 גרם,false,,22.90,0.0557,true,1,2250909
884912359483,false,דגני בוקר האני באנצס תות 312 ג' POST,,,דגני האני באנצ' תות,גרמים,368.00,100 גרם,false,,22.90,0.0622,true,1,2250910
884912365200,false,דגני בוקר אוראו הדור הבא 311 ג',פוסט לקיוויל,US,דגני בוקר בטעם אוראו,גרמים,311.00,100 גרם,false,,19.90,0.0640,true,1,2272405
884912378118,false,פוסט רייזן ברן 471 גר',פוסט לקיוויל,US,דגני רייזן ברן.,גרמים,411.00,100 גרם,false,,22.90,0.0557,true,1,2272454
888849000005,false,חטיף חלבון בטעם עוגיות עם קרם,קווסט נוטרישן,US,קווסט חטיף חלבון עוג,גרמים,60.00,100 גרם,false,,17.90,0.2983,true,1,2177382
888849000234,false,חטיף חלבון בטעם שוקולד כפול,קווסט נוטרישן,US,קווסט חטיף חלבון שוק,גרמים,60.00,100 גרם,false,,17.90,0.2983,true,1,2177385
888849000418,false,חטיף חלבון בטעם שוקולד בראוני,קווסט Quest,,קווסט חטיף חלבון שוק,גרמים,60.00,100 גרם,false,,17.90,0.2983,true,1,2177386
888849001224,false,קווסט חטיף חלבון סמו,,,קווסט חטיף חלבון סמו,גרמים,60.00,100 גרם,false,,17.90,0.2983,true,1,2177389
888849003495,false,קווסט חטיף חלבון שוק,,,קווסט חטיף חלבון שוק,גרמים,60.00,100 גרם,false,,17.90,0.2983,true,1,2212882
888849004621,false,קווסט חטיף חלבון שיב,,,קווסט חטיף חלבון שיב,גרמים,60.00,100 גרם,false,,17.90,0.2983,true,1,2177391
888849005956,false,חטיף חלבון בטעם עוגת יום הולדת,קווסט Quest,,קווסט חטיף חלבון עוג,גרמים,60.00,100 גרם,false,,17.90,0.2983,true,1,2177393
888849005994,false,קווסט עוגיית חלבון ש,,US,קווסט עוגיית חלבון ש,גרמים,59.00,100 גרם,false,,14.90,0.2525,true,1,2177394
888849006632,false,חטיף חלבון צ'יפס גבי,,,חטיף חלבון צ'יפס גבי,גרמים,32.00,100 גרם,false,,17.90,0.5594,true,1,2256961
888849006649,false,חטיף חלבון צ'יפס ראנ,,,חטיף חלבון צ'יפס ראנ,גרמים,32.00,100 גרם,false,,17.90,0.5594,true,1,2256962
888849006656,false,חטיף חלבון צ'יפס לימ,,,חטיף חלבון צ'יפס לימ,גרמים,32.00,100 גרם,false,,17.90,0.5594,true,1,2256963
888849008100,false,משקה חלבון קווסט בטע,קווסט נטרישן,US,משקה חלבון קווסט בטע,מיליליטרים,325.00,"100 מ""ל",false,,17.90,0.0551,true,1,2205794
888849009954,false,חטיף חלבון צ'יפס טאק,,,חטיף חלבון צ'יפס טאק,גרמים,32.00,100 גרם,false,,17.90,0.5594,true,1,2256964
888849010103,false,משקה חלבון קווסט בטע,קווסט נטרישן,US,משקה חלבון קווסט בטע,מיליליטרים,325.00,"100 מ""ל",false,,17.90,0.0551,true,1,2205854
888849011063,false,חטיף חלבון צ'יפס ספי,,,חטיף חלבון צ'יפס ספי,גרמים,32.00,100 גרם,false,,17.90,0.5594,true,1,2256965
898193001252,false,בונומלי - חליטת קמומ,דולפין ספא,IT,תה חליטת קמומיל 30 ג,גרמים,30.00,100 גרם,false,,15.90,0.5300,true,1,1405747
1230000068314,false,בשר טחון ביונד מינט,זנברגן וורלד פינסט מ,NL,בשר טחון ביונד מינט,גרמים,300.00,100 גרם,false,,29.90,0.0997,true,1,2234870
1230000116022,false,ביונד בורגר Beyond Burger - מארז זוג,ביונד מיט קליפורניה,US,המבורגר ביונד מיט מא,גרמים,226.00,100 גרם,false,,34.90,0.1544,true,1,2256341
3010470155299,false,פריסקיז Friskies פטה בקר וירקות,ניו פטפוד איטליה,IT,פריסקיז פטה בקר וירק,גרמים,400.00,100 גרם,false,,8.90,0.0223,true,1,1533839
3014260022730,false,אורל בי אדוונטג' זוג 40 מדיום,פרוקטר אנד גמבל,DE,אורל בי אדוונטג' זוג 40 מ,יח',2.00,יח',false,,24.90,12.4500,true,1,1224878
3014260022839,false,מברשת שיניים אורל בי,פרוקטר אנד גמבל,IN,דליקייט  וויט  זוג  40 רך,יח',2.00,יח',false,,14.90,7.4500,true,1,1303458
3014260100636,false,אורל בי מברשת שיניים,,,אורל בי מברשת שיניים,יחידה,0.00,יחידה,false,,14.90,0.0000,true,1,1985231
3014260201753,false,סכיני גילוח ג'ילט בלו 2 להבים - מארז 5 יח',פרוקטר אנד גמבל,PL,בלו 2*5 (שקית),יח',5.00,יח',false,,12.90,2.5800,true,1,1224880
3014260228842,false,"ג'ילט קצף גילוח רגיל - 200 מ""ל",מולינו ניקולי s.p.a,GB,ק.גילוח רגיל,מיליליטרים,200.00,"100 מ""ל",false,,14.90,0.0745,true,1,1224889
3014260262693,false,וונוס מכשיר גילוח לנ,פרוקטר אנד גמבל,PL,מכשיר ונוס +2,יחידה,0.00,יחידה,false,,29.90,0.0000,true,1,1224898
3014260262709,false,סכיני גילוח לאישה 3 להבים,ג'ילט ונוס Gillette Venus,DE,ס.ג .ונוס4X1,יח',4.00,יח',false,,44.90,11.2250,true,1,1224899
3014260274924,false,מאך 3 טורבו שמיניה,פרוקטר אנד גמבל,DE,מאך 3טורבו 8,יח',8.00,יח',false,,89.90,11.2375,true,1,1224904
3014260280772,false,חוט דנטלי ווקס Essential floss,פרוקטר אנד גמבל,MX,חוט דנטלי אסנשיאל מנטה עם,מטרים,50.00,מטר,false,,12.90,0.2580,true,1,1224907
3014260287030,false,גילט בלו ח.פעמי חמישייה,פרוקטר אנד גמבל,MD,גילט 2חמישיה,יח',5.00,יח',false,,7.90,1.5800,true,1,1224911
3014260289287,false,סכיני גילוח לאישה בלו 2 Blue,פרוקטר אנד גמבל,RU,בלו 2 לנשים 5,יח',5.00,יח',false,,14.90,2.9800,true,1,1224912
3014260833848,false,מברשת שיניים אורל בי,,,זוג מברשות שיניים או,יחידה,2.00,יחידה,false,,24.90,12.4500,true,1,2178998
3035540001740,false,פסואה פסיפלורה ליקר,רמי קואנטרו,,פסואה פסיפלורה ליקר,מיליליטרים,700.00,"100 מ""ל",false,,99.00,0.1414,true,1,1248725
3045201107001,false,אידיאל מסיר כתמים אדום,אידיאל Ideal,ES,אידאל-מסיר כתמים-אדום 009,מיליליטרים,150.00,"100 מ""ל",false,,19.90,0.1327,true,1,1241047
3045201108008,false,מסיר כתמים לפני כביסה,אידיאל Ideal,ES,אידאל-מסיר כתמים-צהוב 006,מיליליטרים,150.00,"100 מ""ל",false,,19.90,0.1327,true,1,1241048
3046920010801,false,שוקולד מריר אקסלנס עם אגוזי לוז,לינדט ושפרונגלי אס.א,FR,שוקולד לינדט אקסלנט,גרמים,100.00,100 גרם,false,,14.90,0.1490,true,1,1741453
3046920010856,false,שוקולד לינדט אקסלנס,לינדט,CH,שוקולד לינדט אקסלנט,גרמים,100.00,100 גרם,false,,14.90,0.1490,true,1,2138333
3046920016377,false,שוקולד לינדט אקסלנס,לינדט ושפרונגלי,DE,שוקולד לינדט אקסלנט,גרמים,50.00,100 גרם,false,,14.90,0.2980,true,1,2159802
3046920027281,false,שוקולד מריר אקסלנס במילוי קרמל ומלח ים,לינדט ושפרונגלי,FR,לינדט אקסלנס 70% 100 גרם,גרמים,100.00,100 גרם,false,,14.90,0.1490,true,1,1312308
3046920028004,false,שוקולד מריר אקסלנס 70%,לינדט ושפרונגלי,FR,לינדט אקסלנס 70% 100 גרם,גרמים,100.00,100 גרם,false,,14.90,0.1490,true,1,1234814
3046920028363,false,שוקולד מריר אקסלנס 85%,לינדט ושפרונגלי,FR,לינדט אקסלנס 85% 100 גרם,גרמים,100.00,100 גרם,false,,14.90,0.1490,true,1,1234815
3046920028721,false,שוקולד מריר אקסלנס 99%,לינדט ושפרונגלי,FR,שוקולד לינדט 99% אקס,גרמים,50.00,100 גרם,false,,14.90,0.2980,true,1,1741466
3046920028752,false,לינדט אקסלנס מריר מנ,לינדט ושפרונגלי,FR,לינדט אקסלנס מינט 100 גר,גרמים,100.00,100 גרם,false,,14.90,0.1490,true,1,1234817
3046920029674,false,שוקולד מריר אקסלנס עם מלח ים,לינדט ושפרונגלי,DE,לינדט אקס' סולט 100 גרם,גרמים,100.00,100 גרם,false,,14.90,0.1490,true,1,1234818
3046920029681,false,שוקולד לינדט אקסלנס,לינדט,DE,שוקולד אקסלנס 85%,גרמים,100.00,100 גרם,false,,14.90,0.1490,true,1,2159803
3046920029759,false,שוקולד מריר אקסלנס 90% קקאו,לינדט ושפרונגלי ג'י.,DE,לינדט אקסלנס 70% 100 גרם,גרמים,100.00,100 גרם,false,,14.90,0.1490,true,1,1312309
3059943015104,false,מבשם אוויר נטול גז אקווה מיסט בניחוח פריסיה ויסמין,איירוויק Air Wick,PL,איירויק אקווה מיסט פרסיה,מיליליטרים,345.00,"100 מ""ל",false,,19.90,0.0577,true,1,1227058
3059943015128,false,מבשם אוויר נטול גז אקווה מיסט בניחוח לבנדר פראי ואוויר הרים,הדקלאים אגודת שיתופי,PL,איירויק אקווה מיסט לבנדר,מיליליטרים,345.00,"100 מ""ל",false,,19.90,0.0577,true,1,1227059
3059943016507,false,"אירוויק ספריי בניחוח לבנדר וקמומיל 240 מ""ל",איירוויק Air Wick,GB,א.וייק ספריי לבנדר,מיליליטרים,240.00,"100 מ""ל",false,,9.90,0.0413,true,1,1227060
3059944022415,false,רצועות שעווה מוכנות לשימוש מועשרת בתמציות ובניחוח ורדים,רקיט בנקיזר,FR,ויט ארומטיק רצועות שעווה,יחידה,0.00,יחידה,false,,29.90,0.0000,true,1,1227071
3067140013113,false,אבקה להכנת משקה על בסיס עולש,CHICOREE LEROUX,FR,לרו תחליף קפה טבעי,גרמים,100.00,100 גרם,false,,26.90,0.2690,true,1,1253261
3073781161663,false,גבינה מותכת 18.5% שומן לה וואש קירי,לה וואש קירי La Vache qui rit,FR,גבינה לוואש קירי 8 י,גרמים,128.00,100 גרם,false,,11.90,0.0930,true,1,2234980
3073781161687,false,גבינת לבש קירי כשר 2,בל,FR,גבינה לוואש קירי 16,גרמים,256.00,100 גרם,false,,21.90,0.0855,true,1,2234981
3073781161700,false,גבינה מותכת לה וואש,,,גבינה לוואש קירי 32,גרמים,480.00,100 גרם,false,,37.90,0.0790,true,1,2234986
3073781162790,false,גבינת בייבי בל אדם 1,מחלבות בל,FR,גבינת בייבי בל אדם 1,גרמים,120.00,100 גרם,false,,17.90,0.1492,true,1,2249340
3080216034508,false,בירה גרימברגן בלונד,גרימברגן Grimbergen,,בירה גרימברגן בלונד,מיליליטרים,330.00,"100 מ""ל",false,,9.90,0.0300,true,1,2183544
3086123485488,false,ביק קידס פלסטלינה רכ,BIC,,ביק קידס פלסטלינה רכ,יחידה,0.00,יחידה,false,,4.90,0.0000,true,1,2176522
3120581456267,false,שבלי מ.דה ליני לבן י,Unknown,FR,יין שבלי לבן ייבש,מיליליטרים,750.00,"100 מ""ל",false,,89.90,0.1199,true,1,2150303
3120581458759,false,מ.דה ליני בורגון שרד,,FR,יין בורגון שרדונה ל,מיליליטרים,750.00,"100 מ""ל",false,,75.00,0.1000,true,1,2278715
3141360054405,false,פיניש מפיץ ריח למדיח בניחוח לימון וליים,הדקלאים אגודת שיתופי,PL,מפיג ריח למדיח פיניש,גרמים,27.00,100 גרם,false,,14.90,0.5519,true,1,1435536
3147697720204,false,וויסקי סקוטי לייבל 7,לייבל 5 Label,,וויסקי לייבל 5 קלאסי,מיליליטרים,700.00,"100 מ""ל",false,,65.00,0.0929,true,1,1360381
3161911229199,false,אלוויר חמאה רכה 250ג,אלל אה וויר,FR,חמאה רכה 250 ג,גרמים,250.00,100 גרם,false,,21.90,0.0876,true,1,1244801
3161911366429,false,חמאה רכה מלוחה אלווי,ארזינא,FR,חמאה מלוחה 250 ג,גרמים,250.00,100 גרם,false,,21.90,0.0876,true,1,1244802
3161911393210,false,חמאת נורמנדי מלוחה 2,אלוויר,FR,חמאה צרפתית נורמנדי,גרמים,200.00,100 גרם,false,,18.90,0.0945,true,1,2255784
3175460030083,false,גבינת בורסן בצל ועיר,השחר,FR,גבינת בורסן בצל ועירית,גרמים,150.00,100 גרם,false,,19.90,0.1327,true,1,1244805
3178530402278,false,גלאט חמאה קרצל סן מישל,סן מישל St Michel,,גלאט חמאה קרצל סן מי,גרמים,150.00,100 גרם,false,,14.90,0.0993,true,1,1503659
3178530402353,false,עוגיות ספוג קטנות מיני מדלן,סן מישל St Michel,FR,מיני מדלן סן מישל,גרמים,175.00,100 גרם,false,,10.90,0.0623,true,1,1503660
3178530407938,false,עוגיות מיני מדלן עם פצפוצי שוקולד,סן מישל St Michel,FR,מיני מדלן שוקו סן מי,גרמים,175.00,100 גרם,false,,10.90,0.0623,true,1,1503663
3178530409673,false,עוגיות פלמיה קרמל,,,עוגיות פלמיה קרמל,גרמים,100.00,100 גרם,false,,14.90,0.1490,true,1,2128215
3178530411478,false,ביסקוויטים גאלט עם חמאה ומלח ים,סן מישל St Michel,,גלאט חמאה קלאסי סן מ,גרמים,150.00,100 גרם,false,,11.90,0.0793,true,1,1503664
3178530412703,false,עוגיות דונאט עם שוקו,סן מישל St Michel,FR,דונאט עם שוקולד,גרמים,180.00,100 גרם,false,,16.90,0.0939,true,1,2128216
3178530417340,false,בראוניז שוקולד עוגות,סן מישל,FR,בראוניז שוקולד עוגות,גרמים,210.00,100 גרם,false,,11.90,0.0567,true,1,2185857
3178530417357,false,בראוניז שוקולד לבן ע,סן מישל,FR,בראוניז שוקולד לבן ע,גרמים,210.00,100 גרם,false,,11.90,0.0567,true,1,2185858
3178530417418,false,עוגיות דונוטס פיצפוצ,סן מישל St Michel,FR,דונאט עם שוקולד ציפס,גרמים,180.00,100 גרם,false,,16.90,0.0939,true,1,2128218
3179730011017,false,מיים פירייה מוגז 750,NESTLE WATERS,FR,פרייה זכוכית 750מל (ירוק),מיליליטרים,750.00,"100 מ""ל",false,,8.90,0.0119,true,1,1261272
3179730011024,false,פרייה מים מינרלים 33,נסטלה ווטרס ספלאי,FR,פרייה זכוכית 330מל 6*4,מיליליטרים,330.00,"100 מ""ל",false,,5.90,0.0179,true,1,1261273
3228022910023,false,חמאת צרפתית פרזידנט 200 גרם,סוסייטה בארייר דה אי,FR,חמאה פרזיגנט 200 ג,גרמים,200.00,100 גרם,false,,14.90,0.0745,true,1,1244811
3278486902355,false,ברנדי ראגל פרייד XO,,,ברנדי ראגל פרייד XO,מיליליטרים,700.00,"100 מ""ל",false,,89.90,0.1284,true,1,1335774
3328640121976,false,ויסקי היילנד קווין ב,פונט סלאם וולנסיה,ES,ויסקי היילנד בלנדר,מיליליטרים,700.00,"100 מ""ל",false,,74.90,0.1070,true,1,2161699
3387390320244,false,פיטנס Fitness דגנים מלאים עם פירות,נסטלה צרפת איטנקורט,FR,פיטנס פירות 375 גרם,גרמים,375.00,100 גרם,false,,19.90,0.0531,true,1,1223606
3387390525960,false,קראנץ' Crunch דגנים פריכים עם שוקולד,הנסיך- מפעל לייצור ט,FR,קראנץ' דגני בוקר פריכים ע,גרמים,500.00,100 גרם,false,,21.90,0.0438,true,1,1223607
3387390730852,false,פיטנס Fitness קלאסי דגנים מלאים ואורז,נסטלה צרפת איטנקורט,FR,פיטנס קלאסי 375 גרם,גרמים,375.00,100 גרם,false,,19.90,0.0531,true,1,1223608
3417320023881,false,בירה חזקה 8.8% סברנה Saverne,קלסברוג ברוארי,,בירה חזקה 8.8% סברנה,מיליליטרים,500.00,"100 מ""ל",false,,6.90,0.0138,true,1,1533904
3428681000961,false,קוניאק דופוי במארז א,באך גבריאלסון,FR,קוניאק,מיליליטרים,700.00,"100 מ""ל",false,,129.90,0.1856,true,1,2185412
3500610150500,false,שאטו הו פורה בורדו 7,,FR,יין אדום בורדו שאטו,מיליליטרים,750.00,"100 מ""ל",false,,75.00,0.1000,true,1,2278725
3500610150524,false,שאטו הו פוטו סובינ.ב,שאטו בלוו,FR,יין לה שאטו הו פואטו,מיליליטרים,700.00,"100 מ""ל",false,,74.90,0.1070,true,1,2278776
3574660026788,false,ג'ונסונס בייבי טלק 200 גר',ג'ונסונס Johnson's,IT,טלק גונסון 200 גר,גרמים,200.00,100 גרם,false,,18.90,0.0945,true,1,2056341
3574660089547,false,או-בה טמפונים קלאסי נורמל 32יח',ג'ונסון אנד ג'ונסון,GR,אובה קלאסי נורמל 32,יח',32.00,יח',false,,29.90,0.9344,true,1,1253277
3574660115154,false,או-בה טמפונים קלאסי סופר 32יח',ג'ונסון אנד ג'ונסון,IT,אובה קלאסי סופר 32,יח',32.00,יח',false,,29.90,0.9344,true,1,1253280
3574660149807,false,"קלין & קליר - תרחיץ גרגרים לניקוי שחורים 150 מ""ל",CILAG GMBH INTERNATI,FR,קק תרחיץ גרגרים לניקוי שח,מיליליטרים,150.00,"100 מ""ל",false,,49.90,0.3327,true,1,1253284
3574660239829,false,ניוטרגינה ס.נורבגית קרם ידיים קל 75מל,ניוטרוג'ינה Neutrogena,FR,נוטרגינה ס.נורבגית קרם יד,מיליליטרים,75.00,"100 מ""ל",false,,19.90,0.2653,true,1,1253289
3574660269635,false,ניוטרוגינה ד.קלין אי,,,ניוטרוגינה ד.קלין אי,מיליליטרים,150.00,"100 מ""ל",false,,54.90,0.3660,true,1,2177694
3574660333466,false,או-בה טמפונים פרוקומפורט מיני 32 יח',הנסיך- מפעל לייצור ט,DE,אובה פרוקומפורט מיני 32 י,יח',32.00,יח',false,,29.90,0.9344,true,1,1253304
3574660464337,false,מגני תחתון קרפרי נורמל אוורירי מבושם,ג'ונסון אנד ג'ונסון,IT,תחתוניות קרפרי אוורי,יח',76.00,יח',false,,22.90,0.3013,true,1,1807527
3574660464368,false,קרפרי מגן תחתון אוורירי אלוורה 76 יח'',גונסון אנד גונסון,IT,תחתוניות קרפרי אוורי,יח',76.00,יח',false,,22.90,0.3013,true,1,1807528
3574660464429,false,מגני תחתון קרפרי נורמל אוורירי עם מעטפת כותנה,קרפרי Carefree,,תחתוניות קרפרי אוורי,יח',76.00,יח',false,,22.90,0.3013,true,1,1807530
3574660569759,false,"ניוטרוג'ינה - תרחיץ פנים במשאבה אשכולית ורודה 200מ""ל",CILAG GMBH INTERNATI,GR,נוטרוגינה ויזיבלי קליר אש,מיליליטרים,200.00,"100 מ""ל",false,,54.90,0.2745,true,1,1226151
3574660571769,false,נוטרוגינה שפתון לחות 2 SPF,,,שפתון לחות SPF20 נוט,גרמים,4.80,100 גרם,false,,14.90,3.1042,true,1,2236271
3574661003924,false,שטיפת פה טוטאל קר בטעם מנטה צלול,ליסטרין Listerine,IT,LISTERINE TOTAL CARE 500M,מיליליטרים,500.00,"100 מ""ל",false,,22.90,0.0458,true,1,1224350
3574661098531,false,ניוטרוגינה תחליב גוף מועשר לעור יבש/רגיש,ניוטרוג'ינה Neutrogena,GR,תחליב גוף לעור יבש ו,מיליליטרים,400.00,"100 מ""ל",false,,19.90,0.0497,true,1,1899930
3574661098937,false,ניוטריגינה ת.גוף עור יבש משאבה 400מל,ניוטרוג'ינה Neutrogena,GR,תחליב גוף לעור יבש ע,מיליליטרים,400.00,"100 מ""ל",false,,19.90,0.0497,true,1,1899931
3574661114620,false,ליסטרין זירו מי פה 250 מל,,,מי פה ליסטרין זירו 2,מיליליטרים,250.00,"100 מ""ל",false,,12.90,0.0516,true,1,2004072
3574661114637,false,"מי פה ליסטרין זירו מנטה עדין 500 מ""ל",ג'ונסון אנד ג'ונסון,IT,"מי פה ליסטרין 500 מ""",מיליליטרים,500.00,"100 מ""ל",false,,19.90,0.0398,true,1,1224351
3574661245409,false,"קלין & קליר - קרם ניקוי עמוק 150 מ""ל",קלין אנד קליר Clean & clear,,קרם ניקוי עמוק לפנים,מיליליטרים,150.00,"100 מ""ל",false,,39.90,0.2660,true,1,1420137
3574661332505,false,ניוטרוגינה קליר דיפנ,,,ניוטרוגינה קליר דיפנ,מיליליטרים,150.00,"100 מ""ל",false,,54.90,0.3660,true,1,1940940
3574661333564,false,ניוטרוגינה קליר דיפנ,,,ניוטרוגינה קליר דיפנ,מיליליטרים,200.00,"100 מ""ל",false,,54.90,0.2745,true,1,1940941
3574661363998,false,"מי פה ליסטרין תה ירוק 500 מ""ל",,,שטיפת פה ליסטרין תה,מיליליטרים,500.00,"100 מ""ל",false,,22.90,0.0458,true,1,1615791
3574661391373,false,הידרו בוסט תחליב קרם ג'ל גוף לעור רגיל עד יבש,ניוטרוג'ינה Neutrogena,,תחליב גוף הידרו בוסט,מיליליטרים,400.00,"100 מ""ל",false,,19.90,0.0497,true,1,2082156
3574661392486,false,"ניוטרוגינה קרם ידיים הידרו בוסט 75 מ""ל",ניוטרוג'ינה Neutrogena,,קרם ידיים NEUTROGENA,מיליליטרים,75.00,"100 מ""ל",false,,19.90,0.2653,true,1,2102797
3574661401140,false,"מי פה ליסטרין נייטלי ריסט 400 מ""ל",,,ליסטרין נייטלי רייסט,מיליליטרים,400.00,"100 מ""ל",false,,19.90,0.0497,true,1,2078760
3574661419435,false,תחבושת הגיינית וניה מקסי לילה 12 יח',גונסון,BE,תחבושות הגייניות מקס,יח',12.00,יח',false,,24.90,2.0750,true,1,2251926
3574661425139,false,"ג'ונסון - בייבי קרם החתלה 100 מ""ל",,,קרם להחתלה גונסונ'ס,גרמים,100.00,100 גרם,false,,19.90,0.1990,true,1,2056343
3574661425696,false,גונסונס בייבי תחליב 500,ג'ונסונס Johnson's,IT,תחליב גונסון בייבי 5,מיליליטרים,500.00,"100 מ""ל",false,,29.90,0.0598,true,1,2056344
3574661428048,false,"ג’ונסון מנקה ומגן – סבון ידיים וגוף לילד 500 מ""ל",ג'ונסונס Johnson's,,גונסונס בייבי סבון י,מיליליטרים,500.00,"100 מ""ל",false,,7.90,0.0158,true,1,2253286
3574661432847,false,מרכך הקץ לקשרים גונס,ג'ונסונס Johnson's,IT,מרכך ג'ונסונס טיפות,מיליליטרים,500.00,"100 מ""ל",false,,14.90,0.0298,true,1,2056345
3574661471181,false,ניוטרוגינה הידרובוסט,,,ניוטרוגינה הידרובוסט,מיליליטרים,400.00,"100 מ""ל",false,,44.90,0.1122,true,1,2177703
3574661485201,false,טמפונים אובה סופר 32 יח' פרוקומפורט,Unknown,,טמפון או-בה סופר 32,יח',32.00,יח',false,,29.90,0.9344,true,1,2252378
3574661485218,false,טמפונים נורמל אובה 32 יח' פרוקומפורט,Unknown,,טמפון או-בה נורמל 32,יח',32.00,יח',false,,29.90,0.9344,true,1,2252379
3574661487328,false,קרפרי מגני תחתון אורגינל פלוס 56 יח',הדקלאים אגודת שיתופי,IT,תחתוניות קרפרי 56 יח,יח',56.00,יח',false,,19.90,0.3554,true,1,2115935
3574661487335,false,קרפרי מגן תחתון מקסי לונג ריח'ני 40 יח',קרפרי Carefree,,תחתוניות קרפרי מקסי,יח',40.00,יח',false,,19.90,0.4975,true,1,2115948
3574661487618,false,קרפרי מגן תחתון מקסי לארג'' מבושם 48 יח'',הדקלאים אגודת שיתופי,IT,תחתוניות קרפרי מבושם,יח',48.00,יח',false,,19.90,0.4146,true,1,2115949
3574661487625,false,מגני תחתון פלוס לארג' בניחוח עדין L,הדקלאים אגודת שיתופי,IT,תחתוניות קרפרי מקסי,יח',48.00,יח',false,,19.90,0.4146,true,1,2115968
3574661487632,false,מגני תחתון פלוס לארג' בניחוח עדין L,קרפרי Carefree,IT,תחתוניות קרפרי לארג',יח',64.00,יח',false,,22.90,0.3578,true,1,2132314
3574661491806,false,מי פה אדבנס וויט מנטה מסירה כתמים קשים,ליסטרין Listerine,,מי פה ליסטרין עם שטי,מיליליטרים,500.00,"100 מ""ל",false,,22.90,0.0458,true,1,2183753
3574661500355,false,קרפרי מגן תחתון מקסי לונג רגיל 40 יח',ג'ויה מעבדות לקוסמטי,IT,תחתוניות קרפרי מקסי,יח',40.00,יח',false,,19.90,0.4975,true,1,2115950
3574661500478,false,נוטרוגינה Blackhead,,,נוטרוגינה Blackhead,מיליליטרים,200.00,"100 מ""ל",false,,54.90,0.2745,true,1,2177706
3574661501901,false,שטיפה אינטימית יומיומית מכיל תה ירוק ואלוורה,קרפרי Carefree,IT,שטיפה אינטימית אלוור,מיליליטרים,200.00,"100 מ""ל",false,,16.90,0.0845,true,1,2129973
3574661504162,false,מוס לשטיפה אינטימית יומיומית מכיל תה ירוק ואלוורה,קרפרי Carefree,IT,מוס לשטיפה אינטימית,מיליליטרים,150.00,"100 מ""ל",false,,16.90,0.1127,true,1,2129974
3574661506272,false,קרפרי מגבונים אינטימיים אלוורה 20 יח,Johnson Toilet-IT,IT,מגבונים אינטימיים 20,יח',20.00,יח',false,,19.90,0.9950,true,1,2129975
3574661530697,false,גונסון בייבי תרחיץ ושמפו לתינוק 500,ג'ונסונס Johnson's,IT,תרחיץ ושמפו ג'ונסון,מיליליטרים,500.00,"100 מ""ל",false,,19.90,0.0398,true,1,2067410
3574661552576,false,קרפרי מגן תחתון רגיל טנגה לבן 56 יח חדש,הדקלאים אגודת שיתופי,IT,תחתוניות קרפרי טנגה,יח',56.00,יח',false,,19.90,0.3554,true,1,2150326
3574661552804,false,קרפרי מגן תחתון אלוורה 56 יח',הדקלאים אגודת שיתופי,IT,תחתוניות קרפרי אלוור,יח',56.00,יח',false,,19.90,0.3554,true,1,2150327
3574661552811,false,קרפרי כותון אוורירי 56 יח',הדקלאים אגודת שיתופי,GR,תחתוניות קרפרי אוורי,יח',56.00,יח',false,,19.90,0.3554,true,1,2150328
3574661554877,false,מגן תחתון אוורירי מבושם,הנסיך- מפעל לייצור ט,GR,תחתוניות קרפרי מבושם,יח',56.00,יח',false,,19.90,0.3554,true,1,2150329
3574661554884,false,קרפרי רגיל טנגה ריחני 56 יח' חדש,הדקלאים אגודת שיתופי,GR,תחתוניות קרפרי מבושם,יח',56.00,יח',false,,19.90,0.3554,true,1,2150334
3574661560489,false,ניוטרוגינה דיפ קלין,,,ניוטרוגינה דיפ קלין,יחידה,25.00,יחידה,false,,22.90,0.9160,true,1,2177710
3574661610344,false,"קרם לחות אינטנסיבי 300 מ""ל ניוטרוג'ינה",,,קרם גוף אינטנסיבי ני,מיליליטרים,300.00,"100 מ""ל",false,,19.90,0.0663,true,1,2234644
3574661643359,false,ליסטרין נטורל שטיפת פה בטעם מעודן,ליסטרין Listerine,,מי פה ליסטרין נוטרל,מיליליטרים,500.00,"100 מ""ל",false,,22.90,0.0458,true,1,2239130
3574661650029,false,ליסטרין שטיפת פה להגנה על החניכיים בטעם מעודן,ליסטרין Listerine,,מי פה ליסטרין נוטרל,מיליליטרים,500.00,"100 מ""ל",false,,22.90,0.0458,true,1,2239131
3574669907682,false,גונסונס בייבי טלק 500 ג',גונסון אנד גונסון,IT,טלק גונסון 500 גר,גרמים,500.00,100 גרם,false,,29.90,0.0598,true,1,2056346
3574669907729,false,"גונסונס בייבי שמפו גולד 750 מ""ל",גונסון אנד גונסון,IT,גונסונס בייבי שמפו ג,מיליליטרים,750.00,"100 מ""ל",false,,14.90,0.0199,true,1,2251927
3574669907767,false,גונסונס בייבי שמפו קמומיל 750 מל,ג'ונסונס Johnson's,IT,גונסונס בייבי שמפו ק,מיליליטרים,750.00,"100 מ""ל",false,,27.90,0.0372,true,1,2062380
3574669907972,false,"גונסונס שמפו טיפות של ברק 750 מ""ל",ג'ונסונס Johnson's,IT,גונסונס שמפו טיפות ש,מיליליטרים,750.00,"100 מ""ל",false,,27.90,0.0372,true,1,2062382
3574669908146,false,גונסונס בייבי תחליב לפני שינה 500 מל,ג'ונסונס Johnson's,IT,תחליב גונסון בייבי ל,מיליליטרים,500.00,"100 מ""ל",false,,29.90,0.0598,true,1,2056347
3574669908245,false,"גונסון בייבי מרכך טיפות של ברק 750 מ""ל",ג'ונסונס Johnson's,IT,מרכך ג'ונסונס טיפות,מיליליטרים,500.00,"100 מ""ל",false,,14.90,0.0298,true,1,2056348
3574669908443,false,גונסון בייבי אל סבון וקצף אמבט 750 חדש,Johnson Toilet-IT,IT,אל-סבון/קצף אמבט ג'ו,מיליליטרים,750.00,"100 מ""ל",false,,14.90,0.0199,true,1,2067411
3574669908481,false,גונסון בייבי אל סבון אמבט 750 מל חדש,ג'ונסונס Johnson's,IT,אל-סבון ג'ונסון בייב,מיליליטרים,750.00,"100 מ""ל",false,,14.90,0.0199,true,1,2067412
3574669908665,false,גונסון בייבי אל סבון לפני שינה 750 חדש,גונסון אנד גונסון,IT,אל-סבון ג'ונסון בייב,מיליליטרים,750.00,"100 מ""ל",false,,14.90,0.0199,true,1,2067405
3574669908948,false,גונסון בייבי אל סבון לרחצה עדינה 750 חדש,גונסון אנד גונסון,IT,אל-סבון ג'ונסון בייב,מיליליטרים,750.00,"100 מ""ל",false,,14.90,0.0199,true,1,2067414
3574669909822,false,"גונסון טיפות של ברק תרסיס מרכך שיער לילדים, 200 מ""ל",ג'ונסונס Johnson's,IT,ספריי מתיר קשרים ג'ו,מיליליטרים,200.00,"100 מ""ל",false,,14.90,0.0745,true,1,2062383
3574669909914,false,"ג'ונסונס ספריי הקץ לקשרים 200 מ""ל",ג'ונסונ'ס,IT,ספריי הקץ לקשרים ג'ו,מיליליטרים,200.00,"100 מ""ל",false,,14.90,0.0745,true,1,2062384
3600520986456,false,צבע קסטינג חום,,,צבע קסטינג חום,מיליליטרים,180.00,"100 מ""ל",false,,34.90,0.1939,true,1,2135312
3600521094358,false,לוריאל - קסטינג 210 שחור כחול,,,צבע שיער קאסטינג 210,יחידה,0.00,יחידה,false,,34.90,0.0000,true,1,1218497
3600521094365,false,צבע שיער קאסטינג 300,,,צבע שיער קאסטינג 300,יחידה,0.00,יחידה,false,,34.90,0.0000,true,1,1218498
3600521094389,false,צבע שיער קאסטינג 400,,,צבע שיער קאסטינג 400,יחידה,0.00,יחידה,false,,34.90,0.0000,true,1,1218500
3600521094396,false,צבע שיער קאסטינג 415,,,צבע שיער קאסטינג 415,יחידה,0.00,יחידה,false,,34.90,0.0000,true,1,1218501
3600521094419,false,צבע שיער קאסטינג 500,,,צבע שיער קאסטינג 500,יחידה,0.00,יחידה,false,,34.90,0.0000,true,1,1218503
3600521094457,false,צבע שיער קאסטינג 550,,,צבע שיער קאסטינג 550,יחידה,0.00,יחידה,false,,34.90,0.0000,true,1,1218504
3600521094471,false,צבע שיער קאסטינג 600,,,צבע שיער קאסטינג 600,יחידה,0.00,יחידה,false,,34.90,0.0000,true,1,1218505
3600521189863,false,צבע שיער קאסטינג 535,,,צבע שיער קאסטינג 535,יחידה,0.00,יחידה,false,,34.90,0.0000,true,1,1218512
3600521366639,false,צבע לשיער במרקם מוס,,,צבע לשיער במרקם מוס,יחידה,0.00,יחידה,false,,34.90,0.0000,true,1,1348646
3600521720219,false,קרם פנים לילה עם פעולה משולשת לכל סוגי העור,לוריאל Loreal,DE,קרם לילה פעולה משולשת50מ,יחידה,0.00,יחידה,false,,44.90,0.0000,true,1,1218549
3600521832059,false,צבע לשיער קסטינג קרם,,,צבע לשיער קסטינג קרם,יחידה,0.00,יחידה,false,,34.90,0.0000,true,1,1218567
3600521987704,false,צבע לשיער קסטינג קרם,,,צבע לשיער קסטינג קרם,יחידה,0.00,יחידה,false,,34.90,0.0000,true,1,1348824
3600522150497,false,צבע לשיער קסטינג קרם,,,צבע לשיער קסטינג קרם,יחידה,0.00,יחידה,false,,34.90,0.0000,true,1,1218621
3600522251750,false,לוריאל - דרמו רויטליפט לייזר עיניים,אולניי,FR,רויטליפט לייזר ק.עינים15,יחידה,0.00,יחידה,false,,99.90,0.0000,true,1,1218639
3600522344032,false,לוריאל - אלביב מסכה טוטאל ריפר 300,,,מסיכת הזנה לשיער אלב,מיליליטרים,300.00,"100 מ""ל",false,,24.90,0.0830,true,1,1218649
3600522344070,false,לוריאל - אלביב מסכה קולור פרוטקט 300,"לוריאל ישראל בע""מ",FR,מסיכת הזנה לשיער אלב,מיליליטרים,300.00,"100 מ""ל",false,,24.90,0.0830,true,1,1218650
3600522368250,false,לוריאל - אקסלנס קרם 6.7 חום בהיר שוקולד,,,צבע שיער אקסלנס 6.7,מיליליטרים,180.00,"100 מ""ל",false,,34.90,0.1939,true,1,1301265
3600522550129,false,קרם אנטי-אייג'ינג יום אייג' ספשיאליסט +45,לוריאל Loreal,DE,אייג' ספשיאליסט קרם,מיליליטרים,50.00,"100 מ""ל",false,,49.90,0.9980,true,1,1404401
3600522550167,false,קרם אנטי-אייג'ינג לילה אייג' ספשיאליסט +45,לוריאל Loreal,,אייג' ספשיאליסט קרם,מיליליטרים,50.00,"100 מ""ל",false,,49.90,0.9980,true,1,1404402
3600522550204,false,קרם אנטי-אייג'ינג יום אייג' ספשיאליסט +55,לוריאל Loreal,FR,אייג' ספשיאליסט קרם,מיליליטרים,50.00,"100 מ""ל",false,,49.90,0.9980,true,1,1404403
3600522632436,false,קרם אנטי-אייג'ינג לילה אייג' ספשיאליסט +55,לוריאל Loreal,,אייג' ספשיאליסט קרם,מיליליטרים,50.00,"100 מ""ל",false,,49.90,0.9980,true,1,1404404
3600522825463,false,לוריאל - אקסלנס אינטנס 6.66 אדום אינטנסבי לו,,,צבע שיער אקסלנס אינט,יחידה,0.00,יחידה,false,,34.90,0.0000,true,1,1339759
3600522838586,false,לוריאל - דרמו רויטליפט לייזר קרם לילה,KARLSRUHE GERMANY,DE,ק.לילה לייזר רויטליפט50ג,יחידה,0.00,יחידה,false,,99.90,0.0000,true,1,1218694
3600523193141,false,תרסיס לכיסוי שורשי השיער Magic Retouch שחור,לוריאל Loreal,,מג'יק ריטאצ' שחור 1,מיליליטרים,75.00,"100 מ""ל",false,,34.90,0.4653,true,1,1411357
3600523193158,false,תרסיס לכיסוי שורשי השיער Magic Retouch חום,לוריאל Loreal,,מג'יק ריטאצ' חום 2 L,מיליליטרים,75.00,"100 מ""ל",false,,34.90,0.4653,true,1,1411358
3600523193165,false,תרסיס לכיסוי שורשי השיער Magic Retouch חום בהיר,לוריאל Loreal,,מג'יק ריטאצ' חום בהי,מיליליטרים,75.00,"100 מ""ל",false,,34.90,0.4653,true,1,1411359
3600523201310,false,לוריאל - דרמו רויטליפט פילר עיניים,,,רויטליפט פילר קרם עי,יחידה,0.00,יחידה,false,,99.90,0.0000,true,1,1392377
3600523430925,false,לוריאל - דרמו פיור קליי תרחיץ אדום,,,תרחיץ פנים חמר,מיליליטרים,150.00,"100 מ""ל",false,,24.90,0.1660,true,1,1723672
3600523439836,false,לוריאל - דרמו פרחים מי פנים ורוד,,,מי פנים לעור רגיש פר,מיליליטרים,400.00,"100 מ""ל",false,,29.90,0.0747,true,1,1710694
3600523448760,false,לוריאל - דרמו פרחים חלב פנים ורוד,,,חלב פנים לעור רגיש,מיליליטרים,400.00,"100 מ""ל",false,,29.90,0.0747,true,1,1710680
3600523464548,false,לוריאל - הידרה ג'ינייס לחות ורוד רגיש,,,אייג' ספשיאליסט קרם,יחידה,0.00,יחידה,false,,49.90,0.0000,true,1,2153942
3600523476619,false,לוריאל - דרמו פרחים ג'ל ניקוי כחול (החלפת ברקוד),,,דרמו פרחים גל ניקוי,מיליליטרים,150.00,"100 מ""ל",false,,29.90,0.1993,true,1,2076613
3600523587865,false,לוריאל - אלביב קרם לשיער דרים לונג 200,לוריאל - אלביב Elvive,,אלביב קרם לשיער דרים,מיליליטרים,200.00,"100 מ""ל",false,,24.90,0.1245,true,1,2076543
3600523605972,false,מסכת הזנה רב שימושית מכילה שמן קוקוס,לוריאל - אלביב Elvive,,אלביב קרם לחות מעושר,מיליליטרים,300.00,"100 מ""ל",false,,24.90,0.0830,true,1,1723724
3600523642489,false,מסכת הזנה אינטנסיבית 6 שמנים לשיער יבש,לוריאל - אלביב Elvive,DE,אלביב מסכה 6 שמנים מ,מיליליטרים,300.00,"100 מ""ל",false,,24.90,0.0830,true,1,2033731
3600523651887,false,"לוריאל - אלביב שמפו טוטאל ריפר 550 מ""ל",לוריאל - אלביב Elvive,,שמפו אלביב טוטאל,מיליליטרים,550.00,"100 מ""ל",false,,14.90,0.0271,true,1,1771016
3600523651900,false,מרכך לחיזוק סיב השערה לכל סוגי השיער,לוריאל - אלביב Elvive,,מרכך אלביב 6 שמנים,מיליליטרים,550.00,"100 מ""ל",false,,14.90,0.0271,true,1,1771017
3600523652228,false,"לוריאל - אלביב מרכך טוטאל ריפר 550 מ""ל",לוריאל - אלביב Elvive,,מרכך אלביב טוטאל,מיליליטרים,550.00,"100 מ""ל",false,,14.90,0.0271,true,1,1771018
3600523652259,false,"לוריאל - אלביב מרכך קולור פרוטקט 550 מ""ל",לוריאל,TR,מרכך אלביב קולור,מיליליטרים,550.00,"100 מ""ל",false,,14.90,0.0271,true,1,1771021
3600523652280,false,"לוריאל אלביב שמפו מועשר ב 6 שמנים, 550 מ""ל",לוריאל - אלביב Elvive,,שמפו אלביב 6 שמנים,מיליליטרים,550.00,"100 מ""ל",false,,14.90,0.0271,true,1,1771024
3600523652297,false,"מרכך לשיער אלביב זהב 6 שמנים , 550 מ""ל",לוריאל - אלביב Elvive,,מרכך אלביב 6 שמנים,מיליליטרים,550.00,"100 מ""ל",false,,14.90,0.0271,true,1,1771025
3600523716524,false,לוריאל - דרמו רויטליפט קלאסי קרם אדום עברית,,,דרמו רויטליפט קלאסי,מיליליטרים,50.00,"100 מ""ל",false,,69.90,1.3980,true,1,2135333
3600523755660,false,לוריאל - אקסלנס קרם 2 חום שחור,,,צבע שיער אקסלנס קרם,יחידה,0.00,יחידה,false,,34.90,0.0000,true,1,2135320
3600523755806,false,"לוריאל - אלביב שמפו קוקוס 550 מ""ל",,,שמפו אלביב קוקוס,מיליליטרים,550.00,"100 מ""ל",false,,14.90,0.0271,true,1,2129338
3600523756322,false,"לוריאל - אלביב מרכך קוקוס 550 מ""ל",,,מרכך אלביב 6 שמנים,מיליליטרים,550.00,"100 מ""ל",false,,14.90,0.0271,true,1,2129339
3600523782567,false,"לוריאל - אלביב שמפו דרים לונג 500 מ""ל",,,שמפו אלביב דרים לונו,מיליליטרים,500.00,"100 מ""ל",false,,14.90,0.0298,true,1,2076522
3600523782581,false,מרכך מתיר קשרים לשיער ארוך ופגום Dream Long,לוריאל - אלביב Elvive,,מרכך אלביב דרים לונג,מיליליטרים,500.00,"100 מ""ל",false,,14.90,0.0298,true,1,2076524
3600523823604,false,לוריאל - דרמו היאלורון אקספרט לילה,,,אייג' ספשיאליסט קרם,מיליליטרים,50.00,"100 מ""ל",false,,49.90,0.9980,true,1,2179471
3600523823611,false,לוריאל - היאלורון אקספרט יום SPF20,,,אייג' ספשיאליסט קרם,מיליליטרים,50.00,"100 מ""ל",false,,49.90,0.9980,true,1,2179472
3600523898770,false,סרום רויטליפט לייזר,,,סרום רויטליפט לייזר,יחידה,0.00,יחידה,false,,99.90,0.0000,true,1,2152579
3600523936625,false,לוריאל - דרמו רויטליפט לייזר סרום עברית,,,סרום רויטליפט לייזר,יחידה,0.00,יחידה,false,,99.90,0.0000,true,1,2158657
3600523936700,false,לוריאל - דרמו משולשת נוטרישן לעור יבש עברית,,,קרם לחות ליום דרמו פ,מיליליטרים,50.00,"100 מ""ל",false,,44.90,0.8980,true,1,2198334
3600523936786,false,"לוריאל - אלביב שמן לשיער רגיל 100 מ""ל",,,שמן אלביב לכל סוגי ה,מיליליטרים,100.00,"100 מ""ל",false,,39.90,0.3990,true,1,2198335
3600523936946,false,"לוריאל - אלביב מסכת פול רזיסט 300 מ""ל","לוריאל ישראל בע""מ",,מסכה ארגנין אלביב 30,מיליליטרים,300.00,"100 מ""ל",false,,24.90,0.0830,true,1,2198341
3600523944231,false,לוריאל - אקסלנס קול קרם 7.11 בלונד אפרפר קר,,,צבע לשיער אקסלנס קרם,יחידה,0.00,יחידה,false,,34.90,0.0000,true,1,2273251
3600523953554,false,לוריאל - דרמו פרחים מגבונים ורוד עברית,,,מגבונים לעור רגיש לו,יח',25.00,יח',false,,12.90,0.5160,true,1,2198342
3600523953677,false,לוריאל - דרמו רויטליפט קלאסי יום SPF30 עברית,,,קרם יום רויטליפט LOR,יחידה,0.00,יחידה,false,,69.90,0.0000,true,1,2198343
3600523985326,false,לוריאל - דרמו רויטליפט לייזר יום SPF 20 עברי,,,קרם יום LOREAL REVI,יחידה,0.00,יחידה,false,,99.90,0.0000,true,1,2273224
3600524051211,false,"לוריאל - רויטליפט פילר קרם יום 50 מ""ל",,,רויטליפט פילר קרם יו,יחידה,0.00,יחידה,false,,99.90,0.0000,true,1,2273243
3600524051334,false,"לוריאל - אלביב מרכך היאלורונית 400 מ""ל",,,מרכך אלביב היאלורוני,מיליליטרים,400.00,"100 מ""ל",false,,14.90,0.0373,true,1,2279974
3600524051570,false,לוריאל - אלביב מסכה היאלורונית 300 מ''ל,,,מסכה אלביב היאלורוני,מיליליטרים,300.00,"100 מ""ל",false,,29.90,0.0997,true,1,2273204
3600541022096,false,גרנייה - קרם גוף שיאה 400,קוסמופול,PL,קרם גוף גרנייה שיאה400מל,מיליליטרים,400.00,"100 מ""ל",false,,14.90,0.0373,true,1,1218774
3600541253667,false,"גרנייה - דאודורנט ספריי לאישה אינביזיבל BWC (ורוד) 150 מ""ל","לוריאל ישראל בע""מ",,דאודורנט GARNIER אינ,מיליליטרים,150.00,"100 מ""ל",false,,11.90,0.0793,true,1,1218823
3600541740006,false,"גרנייה - דאודורנט ספריי לאישה אקשן קונטרול 72 שעות 150 מ""ל","לוריאל ישראל בע""מ",,דאודורנט ספריי אקשן,מיליליטרים,150.00,"100 מ""ל",false,,11.90,0.0793,true,1,1350803
3600541928169,false,"גרנייה פיור פחם ג'ל ניקוי 150 מ""ל",,,גל גרגרים פיור פחם ג,מיליליטרים,200.00,"100 מ""ל",false,,29.90,0.1495,true,1,1389691
3600541928275,false,מי פנים מיסלריים דו-פאזיים מסיר איפור עמיד במים,גרנייה Garnier,,גרנייה מים מיסלריים,מיליליטרים,400.00,"100 מ""ל",false,,29.90,0.0747,true,1,1410109
3600541937475,false,גרניה פיור גרגרים מסיכה לעור מעורב עד שמן,,,תחליב לפנים מסיכה ני,מיליליטרים,150.00,"100 מ""ל",false,,29.90,0.1993,true,1,1389692
3600541952720,false,ג'ל גרגירים עם פחם פעיל לטיפול בראשים שחורים,גרנייה Garnier,,גל גרגרים פיור פחם G,מיליליטרים,200.00,"100 מ""ל",false,,29.90,0.1495,true,1,1389693
3600541956223,false,"גרנייה פיור לניקוי וטיפול בסימנים ופגעי עם מברשת 150 מ""ל",,,תרחיץ פנים לעור רגיל,יחידה,0.00,יחידה,false,,29.90,0.0000,true,1,1389694
3600542216623,false,"גרנייה - דאודורנט רול און לאישה אקשן קונטרול רול 96 שעות 50 מ""ל",,,דאודורנט GARNIER רול,מיליליטרים,50.00,"100 מ""ל",false,,11.90,0.2380,true,1,2135322
3600542216647,false,"גרנייה - דאודורנט ספריי לאישה 96 שעות אקשן קונטר 150 מ""ל",,,דאודורנט ספריי אקשן,מיליליטרים,150.00,"100 מ""ל",false,,11.90,0.0793,true,1,2135334
3600542232036,false,גרנייה - אלו ג'לי 50 מל,,,קרם לחות גל אלוורה,מיליליטרים,50.00,"100 מ""ל",false,,39.90,0.7980,true,1,2123784
3600542267953,false,גרנייה - פיור אקטיב מים מיסלריים 400,,,פיור מי מיסלר GARNIE,מיליליטרים,400.00,"100 מ""ל",false,,29.90,0.0747,true,1,2128223
3600542309974,false,"גרנייה - דאודורנט רול און לאישה מגנזיום 50 מ""ל",,,דאודורנט GARNIER רול,מיליליטרים,50.00,"100 מ""ל",false,,11.90,0.2380,true,1,2273193
3600542365710,false,גרנייה - פיור ג'ל ניקוי,,,"ג""ל לניקוי פנים GARN",מיליליטרים,200.00,"100 מ""ל",false,,29.90,0.1495,true,1,2154032
3600542365758,false,גרנייה - מי פנים ענבים,,,מי פנים ענבים בוטניק,מיליליטרים,200.00,"100 מ""ל",false,,19.90,0.0995,true,1,2198354
3600542366113,false,גרנייה - קרם לחות בוטניקלס ענבים,,,קרם לחות לפנים בוטני,מיליליטרים,50.00,"100 מ""ל",false,,29.90,0.5980,true,1,2198359
3600542367936,false,גרנייה - אלו מי פנים אלוורה,,,גרנייה אלו מי פנים א,מיליליטרים,200.00,"100 מ""ל",false,,19.90,0.0995,true,1,2273259
3600542368896,false,גרנייה - מסכת טישו פיור אקטיב,,,טישו גרנייה פיור אקט,גרמים,32.00,100 גרם,false,,11.90,0.3719,true,1,2273268
3600542375801,false,גרנייה - פיור אקטיב 3ב1 פחם,,,גרנייה פיוראקטיב 3 ב,מיליליטרים,150.00,"100 מ""ל",false,,29.90,0.1993,true,1,2198361
3600542380492,false,גרנייה - מסכת טישו ויטמין סי,,,טישו גרנייה מסכה ויט,גרמים,32.00,100 גרם,false,,11.90,0.3719,true,1,2273269
3600542385107,false,"גרנייה - דאודורנט רול און לאישה אינביזיבל BWC (ירוק) 50 מ""ל","לוריאל ישראל בע""מ",,דאודורנט GARNIER אינ,מיליליטרים,50.00,"100 מ""ל",false,,11.90,0.2380,true,1,2198363
3600542385251,false,"גרנייה - דאודורנט רול און לאישה פרוטקשן 6 כותנה (ורוד) 50 מ""ל",גרנייה Garnier,,דאודורנט GARNIER רול,מיליליטרים,50.00,"100 מ""ל",false,,11.90,0.2380,true,1,2198365
3600542385275,false,"גרנייה - דאודורנט רול און לאישה פיור אקטיב 50 מ""ל",גרנייה Garnier,,דאודורנט GARNIER רול,מיליליטרים,50.00,"100 מ""ל",false,,11.90,0.2380,true,1,2198372
3600542385329,false,גרנייה - מסכת טישו מסק תה ירוק,,,טישו גרנייה מסק תה י,גרמים,32.00,100 גרם,false,,11.90,0.3719,true,1,2198374
3600542397926,false,דאודורנט 5 GARNIER פ,,,דאודורנט 5 GARNIER פ,מיליליטרים,150.00,"100 מ""ל",false,,11.90,0.0793,true,1,2198376
3600542398206,false,גרנייה - אלו ג'ל ניקוי אלוורה,,,גרנייה אלו ג'ל ניקוי,מיליליטרים,200.00,"100 מ""ל",false,,19.90,0.0995,true,1,2273271
3600542412773,false,גרנייה - פיור אקטיב פיל אוף פחם,,,גרנייה פיל אוף פחם,מיליליטרים,150.00,"100 מ""ל",false,,34.90,0.2327,true,1,2273253
3600542431842,false,גרנייה - קולור נטורלס 4 חום כהה טבעי חדש,גרנייה Garnier,,צבע לשיער קולור נטור,מיליליטרים,40.00,"100 מ""ל",false,,19.90,0.4975,true,1,2240332
3600542431866,false,גרנייה קולור נטורלס צבע לשיער חום בהיר 6,גרנייה Garnier,,צבע לשיער קולור נטור,מיליליטרים,40.00,"100 מ""ל",false,,19.90,0.4975,true,1,2240334
3600542431903,false,גרנייה - קולור נטורלס 10 בלונד סופר בהיר חדש,גרנייה Garnier,,צבע לשיער קולור נטור,מיליליטרים,40.00,"100 מ""ל",false,,19.90,0.4975,true,1,2240338
3600542431910,false,גרנייה - קולור נטורלס 2.1 שחור כחול חדש,,,צבע שיער קולור נטורל,יחידה,0.00,יחידה,false,,19.90,0.0000,true,1,2240347
3600542431927,false,גרנייה - קולור נטורלס 8.1 בלונד אפרפר בהיר חדש,גרנייה Garnier,,צבע שיער קולור נטורל,מיליליטרים,40.00,"100 מ""ל",false,,19.90,0.4975,true,1,2240348
3600542431989,false,גרנייה - קולור נטורלס 6.34 חום שוקולד חדש,גרנייה Garnier,,צבע לשיער קולור נטור,מיליליטרים,40.00,"100 מ""ל",false,,19.90,0.4975,true,1,2240354
3600542431996,false,גרנייה - קולור נטורלס 5.15 חום שוקולד עשיר חדש,,,צבע לשיער קולור נטור,מיליליטרים,50.00,"100 מ""ל",false,,19.90,0.3980,true,1,2240355
3600542432009,false,גרנייה - קולור נטורלס 4.5 חום שוקולד כהה חדש,,,צבע לשיער קולור נטור,מיליליטרים,50.00,"100 מ""ל",false,,19.90,0.3980,true,1,2240356
3600542432023,false,גרנייה - קולור נטורלס 2 שחור מעודן חדש,,,צבע שיער קולור שחור,מיליליטרים,137.00,"100 מ""ל",false,,19.90,0.1453,true,1,2240358
3600542432061,false,גרנייה - קולור נטורלס 7.1 בלונד טבעי אפרפר חדש,,,צבע שיער קולור בלונד,מיליליטרים,137.00,"100 מ""ל",false,,19.90,0.1453,true,1,2240362
3600542432085,false,גרנייה - קולור נטורלס 4.12 חום קרח חדש,,,צבע שיער קולור נטורל,יחידה,0.00,יחידה,false,,19.90,0.0000,true,1,2240364
3600542456579,false,גרנייה - מיסלר ויטמין סי 400,,,גרנייה מיסלר ויטמין,מיליליטרים,400.00,"100 מ""ל",false,,29.90,0.0747,true,1,2273244
3607343817547,false,"אדידס - דאודורנט ספריי לגבר קליימקול 150 מ""ל",קולפ,PT,דיאודורנט ספריי לגבר,מיליליטרים,150.00,"100 מ""ל",false,,12.90,0.0860,true,1,2170158
3607345265117,false,"אדידס - דאודורנט ספריי לגבר טים פורס 150 מ""ל",מיוצר עי קונדיטוריית,ES,פיוז'ן-ספריי גוף טים פורס,מיליליטרים,150.00,"100 מ""ל",false,,14.90,0.0993,true,1,1266351
3608580730279,false,קונפיטורה בון ממאן מרמלדת תפוזים 370 גר',,,קונפיטורת מרמלדת תפו,גרמים,370.00,100 גרם,false,,15.90,0.0430,true,1,2169496
3614223736003,false,"אדידס - דאודורנט ספריי לגבר אדיפיור 150 מ""ל",איגפק אס.איי,PT,דיאודורנט ספריי לגבר,מיליליטרים,150.00,"100 מ""ל",false,,12.90,0.0860,true,1,2170160
3614223736485,false,"אדידס דאודורנט ספריי לגבר אדיפיור 200מ""ל",אדידס Adidas,,דאו ספריי לגבר,מיליליטרים,200.00,"100 מ""ל",false,,18.90,0.0945,true,1,1803171
3614224050986,false,"אדידס - דאודורנט ספריי לגבר אדיפאוור 72 שעות 150 מ""ל","ב.א מזון בע""מ",PT,דיאודורנט ספריי לגבר,מיליליטרים,150.00,"100 מ""ל",false,,12.90,0.0860,true,1,2170161
3614224051235,false,אדידס דאודורנט ספריי גברים אדיפוואר 200מל,אדידס Adidas,,בודי ספריי אדידס 200,מיליליטרים,200.00,"100 מ""ל",false,,18.90,0.0945,true,1,2040025
3614225394584,false,צבע קולסטון קיט חום,,,צבע קולסטון קיט חום,גרמים,70.00,100 גרם,false,,24.90,0.3557,true,1,2171367
3614225394621,false,צבע קולסטון קיט חום,,,צבע קולסטון קיט חום,גרמים,70.00,100 גרם,false,,24.90,0.3557,true,1,2171369
3614226768308,false,צבע לשיער קולסטון קיט 7/2 - בלונד בינוני מאט,וולה Wella,,צבע קולסטון קיט בלונ,גרמים,165.00,100 גרם,false,,39.90,0.2418,true,1,2134677
3660496471271,false,פרקולטור,,,פרקולטור,יחידה,0.00,יחידה,false,,29.90,0.0000,true,1,2156989
3665468301723,false,"איירוויק מבשם אוויר ומנטרל ריחות – ערפילי בוקר 237 מ""ל",,PL,מבשם אויר ספריי אירו,מיליליטרים,236.00,"100 מ""ל",false,,19.90,0.0843,true,1,2265947
3760088230481,false,קוצץ מיני,,,קוצץ מיני,יחידה,0.00,יחידה,false,,19.90,0.0000,true,1,2147820
3760125946719,false,רוזה אור פרובאנס 750,ג'נרל מילס סאן אדריא,FR,רוזה אור פרובאנס,מיליליטרים,750.00,"100 מ""ל",false,,59.90,0.0799,true,1,2183682
3760125946870,false,רוזה אור פרובאנס דה,,,רוזה אור פרובאנס דה,מיליליטרים,750.00,"100 מ""ל",false,,69.90,0.0932,true,1,2183690
3800020403631,false,חטיף שוקולד צאנקי חמאת בוטנים 42ג' קיט קט,נסטלה בולגריה A.D.,BG,קיט קאט צ'אנקי חמאת בוטני,גרמים,40.00,100 גרם,false,,3.90,0.0975,true,1,1259033
3800020472569,false,קיט קט צ'אנקי קרמל 43.5ג,,,חטיף קיט קט צ'אנקי ק,גרמים,43.50,100 גרם,false,,3.90,0.0897,true,1,2266545
3800864013508,false,כוס מאג לונדון רחב 3,,,כוס מאג לונדון רחב 3,יח',1.00,יח',false,,6.90,6.9000,true,1,2253239
3838824127149,false,צבע לשיער פלטה - 1-1 שחור כחול,שוורצקוף Schwarzkopf,DE,פאלטה סמי קיט 1-1 שחור כח,יחידה,1.00,יחידה,false,,22.90,22.9000,true,1,1238491
3838824127163,false,פאלטה סמי קיט 10-1 בלונד כסוף,הנקל סוד,DE,פאלטה סמי קיט 10-1 בלונד,יחידה,1.00,יחידה,false,,22.90,22.9000,true,1,1238492
3838824127224,false,פלטה סמי קיט חום בינוני 4-0 צבע שיער,שוורצקוף Schwarzkopf,DE,פאלטה סמי קיט 4-0 חום בינ,יחידה,1.00,יחידה,false,,22.90,22.9000,true,1,1238494
3838824127262,false,פלטה סמי קיט בלונד כהה 6-0 צבע שיער,שוורצקוף Schwarzkopf,DE,פאלטה סמי קיט 6-0 בלונד כ,יחידה,1.00,יחידה,false,,22.90,22.9000,true,1,1238496
3838824127286,false,צבע לשיער פלטה - 7-0 בלונד בינוני,שוורצקוף Schwarzkopf,DE,פאלטה סמי קיט 7-0 בלונד ב,יחידה,1.00,יחידה,false,,22.90,22.9000,true,1,1238497
3838824127309,false,פלטה סמי קיט בלונד בהיר 8-0 צבע שיער,שוורצקוף Schwarzkopf,DE,פאלטה סמי קיט 8-0 בלונד ב,יחידה,1.00,יחידה,false,,22.90,22.9000,true,1,1238498
3838824127361,false,פלטה סמי קיט ערמונים בינוני5-68 צבע שיער,שוורצקוף Schwarzkopf,DE,פאלטה סמי קיט 5-68 ערמוני,יחידה,1.00,יחידה,false,,22.90,22.9000,true,1,1238500
3838824127507,false,פלטה סמי קיט חום קטיפתי 4-60 צבע שיער,שוורצקוף Schwarzkopf,DE,פאלטה סמי קיט 4-60 חום קט,יחידה,1.00,יחידה,false,,22.90,22.9000,true,1,1238502
3838824127583,false,צבע לשיער פלטה - 6-88 אדום בוער,שוורצקוף Schwarzkopf,DE,פאלטה סמי קיט 6-88 אדום ב,יחידה,1.00,יחידה,false,,22.90,22.9000,true,1,1238504
3838824127644,false,צבע לשיער פלטה - 4-89 חציל זוהר,שוורצקוף Schwarzkopf,DE,פאלטה סמי קיט 4-89 חציל ז,יחידה,1.00,יחידה,false,,22.90,22.9000,true,1,1238507
3838824128726,false,צבע לשיער פאלטה קיט בלונד שמפניה,הנקל סוד,DE,פאלטה דלוקס קיט 10-5 בלונ,יחידה,1.00,יחידה,false,,26.90,26.9000,true,1,1238509
3838824128788,false,פאלטה - דלוקס שמני הזנה אדום לוהט 6-888,שוורצקוף Schwarzkopf,DE,פאלטה דלוקס קיט 6-888 אדו,יחידה,1.00,יחידה,false,,26.90,26.9000,true,1,1238510
3838824128849,false,צבע לשיער פאלטה קיט ערמונים בינוני,שוורצקוף Schwarzkopf,DE,פאלטה דלוקס קיט 5-68 ערמו,יחידה,1.00,יחידה,false,,26.90,26.9000,true,1,1238512
3838824129020,false,פאלטה - דלוקס שמני הזנה שחור 1-0,שוורצקוף Schwarzkopf,DE,פאלטה דלוקס קיט 1-0 שחור,יחידה,1.00,יחידה,false,,26.90,26.9000,true,1,1238517
3838824193915,false,צבע לשיער פאלטה סמי קיט שחור 0-1,שוורצקוף Schwarzkopf,DE,פאלטה סמי קיט 1-0 שחור,יחידה,1.00,יחידה,false,,22.90,22.9000,true,1,1238525
3838824276007,false,פלטה סמי קיט 9-0 בלונד בהיר מאוד,הנקל סוד,DE,פאלטה סמי קיט 9-0 בלונד ב,יחידה,1.00,יחידה,false,,22.90,22.9000,true,1,1238544
3838824327099,false,פאלטה בלונד פודרה 10-46 סמי קיט,,,צבע שיער סמי קיט פאל,יחידה,1.00,יחידה,false,,22.90,22.9000,true,1,1583633
3838824371191,false,"גליס מרכך ללא שטיפה נורטי באלאנס 200 מ""ל",,,מרכך משקם אקספרס גלי,מיליליטרים,200.00,"100 מ""ל",false,,24.90,0.1245,true,1,2185850
3838824380940,false,צבעי שיער בלונד בהיר אפרפר 8-1 סמי קיט פאלט,,,צבע שיער סמי קיט פאל,יחידה,1.00,יחידה,false,,22.90,22.9000,true,1,2212743
3838824380988,false,צבעי שיער בלונד כסוף אפרפר 12-21 סמי קיט פאלטה,,,צבע שיער סמי קיט פאל,יחידה,1.00,יחידה,false,,22.90,22.9000,true,1,2212744
3838945007870,false,מיץ תפוזים פרוקטל עם,FRUCTAL,,מיץ נקטר 1 ליטר תפוז,ליטרים,1.00,ליטר,false,,11.90,11.9000,true,1,2215488
3838945509015,false,נקטר פרוקטל אוכמניות,פרוקטל Fructal,,מיץ נקטר פרוקטל 1 לי,ליטרים,1.00,ליטר,false,,11.90,11.9000,true,1,1924977
3838945509060,false,מיץ תפוחים פרוקטל 10,FRUCTAL,,מיץ נקטר פרוקטל 1 לי,ליטרים,1.00,ליטר,false,,11.90,11.9000,true,1,1924979
3838945509077,false,מיץ נקטר פרוקטל 1 לי,FRUCTAL,,מיץ נקטר פרוקטל 1 לי,ליטרים,1.00,ליטר,false,,11.90,11.9000,true,1,1924980
3850158301088,false,מראסקה סליבוביץ 40%,מרסקה,,מראסקה סליבוביץ 40%,מיליליטרים,700.00,"100 מ""ל",false,,99.90,0.1427,true,1,1747587
4000415039707,false,שוקולד אוריו בלאק הנ,,,שוקולד שוגטן וניל 10,גרמים,100.00,100 גרם,false,,5.90,0.0590,true,1,1294218
4000415065904,false,שוקולד סאלוט אגוזים,,,שוקולד סאלוט אגוזים,גרמים,100.00,100 גרם,false,,3.90,0.0390,true,1,2255332
4000415066000,false,שוקולד סאלוט חלב 100,,,שוקולד סאלוט חלב 100,גרמים,100.00,100 גרם,false,,3.90,0.0390,true,1,2255333
4000415143800,false,שוקולד שוגטן טרילוגי,,,שוקולד שוגטן טרילוגי,גרמים,100.00,100 גרם,false,,5.90,0.0590,true,1,1240939
4000415756802,false,שוקולד שוגטן שארט שו,,,שוקולד שוגטן שארט שו,גרמים,100.00,100 גרם,false,,5.90,0.0590,true,1,2258726
4000415856601,false,שוקולד שוגטן 100 גרם,,,שוקולד שוגטן 100 גרם,גרמים,100.00,100 גרם,false,,5.90,0.0590,true,1,1240946
4000417019004,false,שוקולד חלב עם אגוזי לוז שלמים,ריטר ספורט Ritter sport,DE,שוקולד RITTER SPORT אגוזי,גרמים,100.00,100 גרם,false,,9.90,0.0990,true,1,1684628
4000417022004,false,שוקולד ריטר ספורט צימוק אגוז 100 גרם חלב נוכרי,ריטר ספורט Ritter sport,DE,שוקולד RITTER SPORT צימוק,גרמים,100.00,100 גרם,false,,7.90,0.0790,true,1,1241850
4000417023001,false,שוקולד ריטר ספורט שקדים חלב 100גר,ריטר ספורט Ritter sport,DE,שוקולד RITTER SPORT שקדים,גרמים,100.00,100 גרם,false,,9.90,0.0990,true,1,1241851
4000417025005,false,שוקולד ריטר ספורט מרציפן 100 גרם חלב נוכרי,ריטר ספורט Ritter sport,DE,שוקולד RITTER SPORT מרצפן,גרמים,100.00,100 גרם,false,,7.90,0.0790,true,1,1241852
4000417026002,false,שוקולד ריטר ספורט פרלין 100 גרם חלב נוכרי,ריטר ספורט Ritter sport,DE,שוקולד RITTER SPORT נוגט,גרמים,100.00,100 גרם,false,,7.90,0.0790,true,1,1241853
4000417101211,false,גלילי וופל עם קרם אגוזי לוז בציפוי שוקולד חלב,אמיצ'לי Amicelli,AT,גלילי וופל עם קרם אג,גרמים,150.00,100 גרם,false,,14.90,0.0993,true,1,2235654
4000417101273,false,גלילי וופל עם קרם אג,,,גלילי וופל עם קרם אג,גרמים,300.00,100 גרם,false,,29.90,0.0997,true,1,2279678
4000417101310,false,אמיצלי - גלילי וופל קרם קקאו 150 גרם,Unknown,,גלילי וופל עם קרם קק,גרמים,150.00,100 גרם,false,,14.90,0.0993,true,1,2276377
4000417211002,false,שוקולד ריטר ספורט מוס קרמל 100 גרם חלב נוכרי,ריטר ספורט Ritter sport,DE,שוקולד ספורט מוס קרמ,גרמים,100.00,100 גרם,false,,7.90,0.0790,true,1,1411438
4000417212009,false,שוקולד ריטר ספורט מריר תפוז שקד 100 ג' חלב נוכרי,ריטר ספורט Ritter sport,,שוקולד חלב ריטר מריר,גרמים,100.00,100 גרם,false,,7.90,0.0790,true,1,2001238
4000417222008,false,שוקולד ריטר ספורט חלב+שברי אגוזים 100 גרם חלב נוכרי,ריטר ספורט Ritter sport,DE,שוקולד חלב אגוז ריטר,גרמים,100.00,100 גרם,false,,7.90,0.0790,true,1,1411439
4000417224002,false,"ריטר ספורט טבלת שוקולד מריר אגוזים, 100 גרם",ריטר ספורט Ritter sport,DE,שוקולד RITTER SPORT מריר,גרמים,100.00,100 גרם,false,,9.90,0.0990,true,1,1241855
4000417294005,false,שוקולד ריטר מוס קקאו 100 גרם חלב נוכרי,ריטר ספורט Ritter sport,DE,שוקולד RITTER SPORT מוס ק,גרמים,100.00,100 גרם,false,,7.90,0.0790,true,1,1241858
4000417298003,false,שוקולד ריטר ספורט קוקוס 100 גרם חלב נוכרי,ריטר ספורט Ritter sport,DE,שוקולד RITTER SPORT קוקוס,גרמים,100.00,100 גרם,false,,7.90,0.0790,true,1,1241859
4000417626417,false,שוקולד ספורט חמוציות,,,שוקולד ספורט חמוציות,גרמים,100.00,100 גרם,false,,7.90,0.0790,true,1,2271438
4000417707000,false,שוקולד חלב מעולה עם שברי קשיו קלוי ומומלח,ריטר ספורט Ritter sport,,שוקולד חלב קשיו ריטר,גרמים,100.00,100 גרם,false,,9.90,0.0990,true,1,2199316
4000417708007,false,שוקולד מריר עם שקדים שלמים,ריטר ספורט Ritter sport,,שוקולד מריר שקד ריטר,גרמים,100.00,100 גרם,false,,9.90,0.0990,true,1,2199317
4000522009747,false,"בייגלה צ'יו מקלות תפו""א 80 גר'",טרופיקל דגיל תעשיות,HU,סטיקלטי תפוח אדמה 80,גרמים,80.00,100 גרם,false,,3.90,0.0487,true,1,1547744
4000522061752,false,בייגלה צ'יו מקלות מלוחים 100 גרם,צ'יו Chio,,בייגלה מקלות 100 גרם,גרמים,100.00,100 גרם,false,,3.90,0.0390,true,1,1263607
4000539280726,false,שוקולד לינדט אקסלנס,לינדט ושפרונגלי,DE,שוקולד לינדט אקסלנס,גרמים,100.00,100 גרם,false,,14.90,0.1490,true,1,2260095
4000539280740,false,שוקולד לינדט אקסלנס,,,שוקולד לינדט 78% אקס,גרמים,100.00,100 גרם,false,,14.90,0.1490,true,1,2264685
4000539363108,false,שוקולד לינדור סטיק 3,Unknown,,שוקולד לינדור סטיק 3,גרמים,38.00,100 גרם,false,,5.90,0.1553,true,1,1742390
4000576022044,false,קוסמאה תחבושת אולטרא+14,,,+אולטרא תחבושות,יח',14.00,יח',false,,9.90,0.7071,true,1,1976893
4000576022068,false,קוסמאה תחבושת אולטרא סופר +12,,,תחבושות אולטרא,יח',12.00,יח',false,,9.90,0.8250,true,1,2028879
4000576022082,false,קוסמאה תחבושות אולטרא נייט,,,תחבושת קוסמאה נייט 1,יחידה,0.00,יחידה,false,,9.90,0.0000,true,1,2002660
4000576022969,false,קוסמאה מגן תחתון קומפורט אלוורה 58 יח',,,תחתונית קומפורט אלוו,יח',58.00,יח',false,,14.90,0.2569,true,1,1930755
4000576022983,false,מגן תחתון קומפורט קוסמאה בושם 58יח',,,מגן תחתון 58 יח',יח',58.00,יח',false,,14.90,0.2569,true,1,2185802
4000576030582,false,קוסמאה מגן תחתון קומפורט 58,,,מגן תחתון 58 יח',יח',62.00,יח',false,,12.90,0.2081,true,1,2150132
4000576030605,false,קוסמאה מגן תחתון קומפורט לארג' 48 יח',,,קוסמאה מגן תחתון,יח',48.00,יח',false,,12.90,0.2688,true,1,2126993
4000576034986,false,קוסמאה מגן תחתון קומפורט לונג פלוס 40 יח',,,תחתונית קומפורט תה ל,יח',40.00,יח',false,,19.90,0.4975,true,1,2183782
4000576399405,false,פדים רחבים להסרת איפור,ג'ין קרול Jean Carol,,פדים להסרת איפור רחב,יח',40.00,יח',false,,8.90,0.2225,true,1,1222901
4000576481889,false,צימרוני אוזניים לתינוק 72 יח',ג'ין קרול Jean Carol,,צימרונים לתינוק,יחידה,0.00,יחידה,false,,6.40,0.0000,true,1,1222904
4000576560164,false,תחבושות סופר,,,תחבושות סופר,יח',16.00,יח',false,,9.90,0.6188,true,1,2183783
4000576722654,false,פדים להסרת איפור זוג *70 יח',ג'ין קרול Jean Carol,,פדים להסרת איפור 140,יח',140.00,יח',false,,14.90,0.1064,true,1,1222919
4000607851001,false,שוקולד חלב עם אגוזי לוז,שוגטן Schogette,,שוקולד שוגטן חלב אגו,גרמים,100.00,100 גרם,false,,5.90,0.0590,true,1,1240951
4000607852008,false,שוקולד שוגטן מריר 10,,,שוקולד שוגטן מריר 10,גרמים,100.00,100 גרם,false,,5.90,0.0590,true,1,1240952
4000607854606,false,שוקולד שוגטן ילדים 1,,,שוקולד שוגטן ילדים 1,גרמים,100.00,100 גרם,false,,5.90,0.0590,true,1,1240953
4000607854705,false,שוקולד שוגטן יוגורט,קריות זול,,שוקולד שוגטן יוגורט,גרמים,100.00,100 גרם,false,,5.90,0.0590,true,1,1240954
4000799109416,false,קפה אורגני קלוי וטחון,מאונט האגן Mount Hagen,DE,קפה אורגני קלוי וטחו,גרמים,250.00,100 גרם,false,,34.90,0.1396,true,1,1406229
4000799136894,false,קפה נמס אורגני מיובש,,,קפה נמס אורגני מיובש,גרמים,100.00,100 גרם,false,,34.90,0.3490,true,1,1405751
4001507161948,false,שיבולת שועל דקה להכנה מהירה,פרוטרי,DE,פתיתי שיבולת שועל דק,גרמים,500.00,100 גרם,false,,5.90,0.0118,true,1,1423048
4001507161955,false,שיבולת שועל עבה להכנה מהירה,פרוטרי,DE,פתיתי שיבולת שועל עב,גרמים,500.00,100 גרם,false,,5.90,0.0118,true,1,1740244
4001751035705,false,רוטב חרדל עם דבש 215,סקנדיה,,רוטב חרדל עם דבש 215,גרמים,215.00,100 גרם,false,,9.90,0.0460,true,1,1422996
4001751038669,false,רוטב חזרת עם וואסבי,סקנדיה,,רוטב חזרת וואסבי 190,גרמים,190.00,100 גרם,false,,9.90,0.0521,true,1,1422958
4001751064262,false,רוטב חזרת שמנת 190 ג,סקנדיה,,רוטב חזרת שמנת 190 ג,גרמים,190.00,100 גרם,false,,9.90,0.0521,true,1,1422959
4001751094283,false,רוטב חרדל בטעם תפוזים,סקנדיה,,רוטב חרדל בטעם תפוזי,מיליליטרים,210.00,"100 מ""ל",false,,9.90,0.0471,true,1,1422997
4002448017684,false,"סיליט באנג ספריי רב שימושי כתום 750 מ""ל",הדקלאים אגודת שיתופי,PL,סיליט מסיר אבנית שרוול 75,מיליליטרים,750.00,"100 מ""ל",false,,14.90,0.0199,true,1,1227076
4002448019480,false,"סיליט באנג ספריי מסיר שומנים 750 מ""ל",סיליט באנג Cillit Bang,PL,סיליט ספרי שומנים 750 שרו,מיליליטרים,750.00,"100 מ""ל",false,,14.90,0.0199,true,1,1227077
4002575016253,false,ממתק שקדים מצופה שוק,הדקלאים אגודת שיתופי,DE,מרציפן 100 גרם,גרמים,100.00,100 גרם,false,,8.90,0.0890,true,1,1241861
4002590000022,false,סוכריות קלפני פירות יער אוכמניות 150 ג',קלפני Kalfany,DE,קלפני פירות אוכמניות 150,גרמים,150.00,100 גרם,false,,8.90,0.0593,true,1,1241865
4002590000039,false,סוכריות קלפני הדרים 150 ג',קלפני Kalfany,DE,סוכריות בטעם פרי הדר,גרמים,150.00,100 גרם,false,,8.90,0.0593,true,1,1241866
4002590000046,false,סוכריות קלפני מנטה מרענן 150ג',קלפני Kalfany,DE,קלפני מרענן 150 גרם,גרמים,150.00,100 גרם,false,,8.90,0.0593,true,1,1241867
4002590000633,false,סוכריות קלפני פירות 150 ג',קלפני Kalfany,DE,סוכריות קלפני פירות 150 ג,גרמים,150.00,100 גרם,false,,8.90,0.0593,true,1,1241868
4002590703541,false,קלפני סוכריות קשות בטעם תות,קלפני Kalfany,DE,סוכריות קלפני בטעם ת,גרמים,150.00,100 גרם,false,,8.90,0.0593,true,1,2233131
4002603087767,false,אייסקונפקט סילנדר 800ג',,,שוקולד אייסקונפקט 80,גרמים,800.00,100 גרם,false,,39.90,0.0499,true,1,1251732
4002631025069,false,בירה גרמנית קוניגסבכר Konigsbacher,קרלסברג יבוא יצוא,DE,בירה קוניגסבכר פחית,מיליליטרים,500.00,"100 מ""ל",false,,5.90,0.0118,true,1,1533905
4002720004371,false,קפה לאספרסו Bella Crema,Melitta Kaffee GmbH,DE,מליטה CREMA BELLAקפה אספר,גרמים,250.00,100 גרם,false,,22.90,0.0916,true,1,1266377
4002720005736,false,מליטה פרימיום קפה פי,המאפיה של הרמן,DE,מליטה קפה PREMIUMלפילטר 2,גרמים,250.00,100 גרם,false,,14.90,0.0596,true,1,1266378
4004666042004,false,משמיד עובש עם מרסס מלרוד Mellerud,מרלוד,DE,מלרוד מרסס 0.5 ליטר,מיליליטרים,500.00,"100 מ""ל",false,,34.90,0.0698,true,1,1241054
4004666107819,false,"מלרוד - מרסס לניקוי וטיהור המזגן 500 מ""ל",פרח,DE,מרסס לניקוי וטיהור ה,מיליליטרים,500.00,"100 מ""ל",false,,22.90,0.0458,true,1,2172104
4004666111656,false,"ג'ל פעיל להשמדת עובש 250 מ""ל מרלוד",,,מלרוד ג'ל פעיל להשמד,מיליליטרים,250.00,"100 מ""ל",false,,29.90,0.1196,true,1,2237358
4004715020755,false,קישוטי עוגה פרינס אנד פרינסס 75 ג',היינץ צפון אמריקה מק,DE,קישוטי עוגה פרינס אנ,יחידה,0.00,יחידה,false,,10.90,0.0000,true,1,1241874
4005808128273,false,ג'ל רחצה לגבר אנרג'י עם תמציות מנטה בניחוח ממריץ,טרופיקל דגיל תעשיות,DE,ENERGY SHOWER GEL BODY&HA,מיליליטרים,500.00,"100 מ""ל",false,,13.90,0.0278,true,1,1248541
4005808128631,false,"ניוואה - ג'ל רחצה ספורט לגבר 500 מ""ל",ניוואה Nivea,DE,N SPORT SHOWER GEL BODY&H,מיליליטרים,500.00,"100 מ""ל",false,,13.90,0.0278,true,1,1248542
4005808170005,false,"קצף גילוח ניוואה 200 מ""ל",ניוואה Nivea,DE,קצף גילוח ניוואה,מיליליטרים,200.00,"100 מ""ל",false,,19.90,0.0995,true,1,1248543
4005808222698,false,ניוואה לגבר- קצף גילוח לבעלי עור רגיש,ביירסדורף,DE,ניוואה לגבר- קצף גילוח לב,מיליליטרים,200.00,"100 מ""ל",false,,19.90,0.0995,true,1,1279229
4005808229390,false,ניוואה מן ג'ל רחצה לגבר קול 500מל,ניוואה Nivea,DE,NBC FOR MEN - KOOL KICK 5,מיליליטרים,500.00,"100 מ""ל",false,,13.90,0.0278,true,1,1248547
4005808274932,false,אטריקס ק.לחות אינטנסיב,ביירסדורף,DE,ATRIX INTENSIVE PRO,גרמים,100.00,100 גרם,false,,9.90,0.0990,true,1,1248555
4005808293469,false,"ניוואה - דאודורנט ספריי לגבר יבש 150 מ""ל",BEIERSDORF MANUFACTU,DE,ניוואה דאו ספרי גבר,מיליליטרים,150.00,"100 מ""ל",false,,19.90,0.1327,true,1,2227189
4005808360413,false,ניוואה משחת החתלה לת,,,ניוואה משחת החתלה לת,מטרים,100.00,100 מ'ל,false,,14.90,0.1490,true,1,1849407
4005808400348,false,ניוואה קרם רב שימושי,,,ניוואה קרם רב שימושי,מטרים,150.00,100 מ'ל,false,,19.90,0.1327,true,1,1849408
4005808502004,false,לבלו שפתון סופט ורוד בליסטר 5.5מל,ביירסדורף,DE,לבלו ורוד בליסטר,יחידה,0.00,יחידה,false,,9.90,0.0000,true,1,1248565
4005808571246,false,מסיר איפור לעיניים - דו פאזי,,,מסיר איפור דאבל אקשן,יחידה,0.00,יחידה,false,,24.90,0.0000,true,1,1248568
4005808588640,false,"ניוואה קרם גילוח לעור רגיש 100 מ""ל",ביירסדורף,DE,קרם גילוח לעור רגיש,יחידה,0.00,יחידה,false,,12.90,0.0000,true,1,1279217
4005808668847,false,"ניוואה תרחיץ פנים עדין לעור יבש 150 מ""ל",,,ניוואה ג'ל ניקוי לפנ,מיליליטרים,150.00,"100 מ""ל",false,,24.90,0.1660,true,1,2181568
4005808670314,false,קרם לחות NIVEA אקווה אפקט לעור רגיל/מעורב SPF15,ניוואה Nivea,,קרם יום לעור רגיל SP,מיליליטרים,50.00,"100 מ""ל",false,,39.90,0.7980,true,1,1248569
4005808670611,false,קרם לחות אקווה אפקט לעור יבש,ביירסדורף,,קרם יום לעור יבש SPF,מיליליטרים,50.00,"100 מ""ל",false,,39.90,0.7980,true,1,1248570
4005808698103,false,ניוואה תחליב גוף משאבה 500מל,בטר אנד דיפרנט,ES,ניוואה קרם גוף סמוד,מטרים,500.00,100 מ'ל,false,,21.90,0.0438,true,1,2172857
4005808702107,false,ניוואה תחליב גוף עשיר משאבה 500מל,בטר אנד דיפרנט,ES,ניוואה קרם גוף לעור,מטרים,500.00,100 מ'ל,false,,21.90,0.0438,true,1,2172858
4005808811700,false,"ניוואה ג'ל לניקוי מאזן לעור, 150 מ""ל",,,ג'ל ניקוי פנים לעור,מיליליטרים,150.00,"100 מ""ל",false,,24.90,0.1660,true,1,1248586
4005808812028,false,ניוואה קרם יום לעור רגיל,,,קרם יום לעור רגיל,מיליליטרים,50.00,"100 מ""ל",false,,34.90,0.6980,true,1,1248588
4005808812875,false,"ניוואה קרם Q יום נגד קמטים 50 מ""ל",,,קרם יום קיו 10,מיליליטרים,50.00,"100 מ""ל",false,,69.90,1.3980,true,1,1248589
4005808812882,false,"ניוואה ויסאז קרם עיניים Q 10, 15 מ""ל",,,קרם עיניים קיו 10,מיליליטרים,15.00,"100 מ""ל",false,,69.90,4.6600,true,1,1248590
4005808813001,false,תחליב לחות לאחר גילוח ניוואה,ביירסדורף,DE,תחליב לחות לאחר גילוח ניו,מיליליטרים,100.00,"100 מ""ל",false,,49.90,0.4990,true,1,1248592
4005808813063,false,תחליב לחות לעור רגיש לאחר גילוח,בטר אנד דיפרנט,DE,תחליב לחות לעור רגיש לאחר,מיליליטרים,100.00,"100 מ""ל",false,,49.90,0.4990,true,1,1248593
4005808817405,false,"ניוואה גל גילוח רגיש 200 מ""ל",פרוטרופיק סיה.,DE,ג'ל גילוח לעור רגיש ניווא,מיליליטרים,200.00,"100 מ""ל",false,,16.90,0.0845,true,1,1248600
4005808817603,false,ג'ל גילוח עם אלוורה Protect & Care,ניוואה Nivea,DE,ג'ל לגילוח עדין ניוואה,מיליליטרים,200.00,"100 מ""ל",false,,16.90,0.0845,true,1,1248601
4005808837359,false,"ניוואה - דאודורנט רול און לאישה פרל אנד ביוטי 50 מ""ל",ביירסדורף AG,DE,N. DEO PEARL&BEAUTY ROLL-,מיליליטרים,50.00,"100 מ""ל",false,,19.90,0.3980,true,1,1248609
4005808850723,false,שפתון לבלו תות בליסט,טרופיקל דגיל תעשיות,DE,לבלו תות בליסטר,מיליליטרים,5.50,"100 מ""ל",false,,9.90,1.8000,true,1,1248617
4005808850907,false,לבלו הידרו קר בליסטר 5.5מל,,,שפתון לבלו הידרו קר,יחידה,0.00,יחידה,false,,9.90,0.0000,true,1,2170300
4005808851515,false,לבלו לגבר בליסטר,,,שפתון לבלו לגבר,יחידה,0.00,יחידה,false,,9.90,0.0000,true,1,2170301
4005808890507,false,ניוואה סופט קרם לחות 200מל,ניוואה Nivea,IT,"קרם סופט 200 מ""ל",מיליליטרים,200.00,"100 מ""ל",false,,21.90,0.1095,true,1,1248624
4005808890576,false,"ניוואה קרם ידיים סופט, 75 מ""ל",ניוואה Nivea,DE,"קרם סופט 75 מ""ל בשפופרת",מיליליטרים,75.00,"100 מ""ל",false,,12.90,0.1720,true,1,1248625
4005808908585,false,"ניוואה - דאודורנט ספריי לאישה פאודר טאץ 150 מ""ל",,,ניוואה דאו ספריי לאש,יחידה,1.00,יחידה,false,,19.90,19.9000,true,1,1248626
4005900036445,false,"ניוואה - דאודורנט רול און לאישה בלק&וויט פיור 50 מ""ל",,,ניוואה דאו רול און ל,יחידה,1.00,יחידה,false,,19.90,19.9000,true,1,1248633
4005900036476,false,"ניוואה - דאודורנט רול און לאישה בלק אנד וויט קליר 50 מ""ל",טרופיקל דגיל תעשיות,DE,NDEO RLL-ON INV BLC&WHT C,מיליליטרים,50.00,"100 מ""ל",false,,19.90,0.3980,true,1,1248634
4005900036506,false,"ניוואה - דאודורנט רול און לגבר שקוף בלק 50 מ""ל",טרופיקל דגיל תעשיות,DE,NDEO RLL-ON INV BLC&WHT P,מיליליטרים,50.00,"100 מ""ל",false,,19.90,0.3980,true,1,1248636
4005900036568,false,"ניוואה - דאודורנט ספריי לאישה שקוף בלק וווי 150 מ""ל",ביירסדורף AG,DE,NDEO SPY INV BLC&WHT CLR,מיליליטרים,150.00,"100 מ""ל",false,,19.90,0.1327,true,1,1248637
4005900037909,false,"ניוואה - דאודורנט ספריי לאישה אינויזיבל פיור 150 מ""ל",,,ניוואה דאו ספריי לאש,יחידה,1.00,יחידה,false,,19.90,19.9000,true,1,1248638
4005900092403,false,"ניוואה קרם יום אנטי אייג' 35+ 50 מ""ל",,,קרם יום אנטי רינקל ל,יחידה,0.00,יחידה,false,,59.90,0.0000,true,1,2109840
4005900092427,false,"ניוואה קרם לילה אנטי אייג' 35+ 50 מ""ל",,,קרם יום אנטי רינקל ל,יחידה,0.00,יחידה,false,,59.90,0.0000,true,1,2099190
4005900111456,false,קרם רב שימושי לגבר 7,,,קרם רב שימושי לגבר 7,מיליליטרים,75.00,"100 מ""ל",false,,12.90,0.1720,true,1,2182999
4005900138842,false,"ניוואה - תחליב רחצה סמוט 750 מ""ל",NIVEA,DE,ניוואה SMOOTHתחליב ר,מיליליטרים,750.00,"100 מ""ל",false,,13.90,0.0185,true,1,2209996
4005900273482,false,לבלו אוכמניות בליסטר,,,שפתון לבלו אוכמניות,יחידה,0.00,יחידה,false,,9.90,0.0000,true,1,2170302
4005900420220,false,"ג'ל רחצה לגבר פאוור רפרש ניוואה 500 מ""ל",,,ניוואה 500גל רחצה לג,מיליליטרים,500.00,"100 מ""ל",false,,13.90,0.0278,true,1,2218554
4005900431776,false,שפתון לבלו וניל,,,שפתון לבלו וניל,יחידה,0.00,יחידה,false,,9.90,0.0000,true,1,2170303
4005900485243,false,"ניוואה - דאודורנט רול און לגבר דריי פרש 50 מ""ל",,,דאודורנט רול און לגב,מיליליטרים,50.00,"100 מ""ל",false,,19.90,0.3980,true,1,2027611
4005900488459,false,"ניוואה - דאודורנט רול און לאישה דריי פרש 50 מ""ל",ביירסדורף AG,DE,דאודורנט רול און לאי,מיליליטרים,50.00,"100 מ""ל",false,,19.90,0.3980,true,1,2027612
4005900494900,false,"ניוואה - דאודורנט ספריי לגבר דריי פרש 150 מ""ל",,,דאודורנט ספריי לגבר,מיליליטרים,150.00,"100 מ""ל",false,,19.90,0.1327,true,1,2027613
4005900494924,false,"ניוואה - דאודורנט ספריי לאישה דריי פרש אישה 150 מ""ל",,,דאודורנט ספריי לאישה,מיליליטרים,150.00,"100 מ""ל",false,,19.90,0.1327,true,1,2027614
4005900513045,false,"ניוואה - דאודורנט ספריי לגבר דיפ 150 מ""ל",ביירסדורף,DE,ניוואה ספריי דיפ לגב,מיליליטרים,150.00,"100 מ""ל",false,,19.90,0.1327,true,1,1894151
4005900513069,false,"ניוואה - דאודורנט רול און לגבר דיפ 50 מ""ל",,,ניוואה רול און דיפ ל,מיליליטרים,50.00,"100 מ""ל",false,,19.90,0.3980,true,1,1894156
4005900521262,false,"ג'ל רחצה לגבר פיור אימפקט ניוואה 500 מ""ל",,,ג'ל רחצה לגבר דיפ 50,מיליליטרים,500.00,"100 מ""ל",false,,13.90,0.0278,true,1,1894158
4005900542557,false,"ניוואה - דאודורנט רול און לאישה בלק אנד וויט 50 מ""ל",,,ניוואה דאו רול און ל,מיליליטרים,50.00,"100 מ""ל",false,,19.90,0.3980,true,1,2195481
4005900555915,false,"ניוואה - תחליב רחצה קוקוס וחוחובה 750 מ""ל",ביירסדורף AG,DE,תחליב רחצה קוקוס 750,מיליליטרים,750.00,"100 מ""ל",false,,13.90,0.0185,true,1,2182694
4005900648181,false,"ניוואה - תחליב רחצה אלוורה 750 מ""ל",ביירסדורף AG,DE,תחליב רחצה קוקוס 750,מיליליטרים,750.00,"100 מ""ל",false,,13.90,0.0185,true,1,2209997
4005900661364,false,קרם יום ניוואה Q10,,,קרם יום ניוואה Q10,מיליליטרים,50.00,"100 מ""ל",false,,79.90,1.5980,true,1,2209318
4005900661388,false,שמן לעור הפנים ניווא,,,שמן לעור הפנים ניווא,מיליליטרים,30.00,"100 מ""ל",false,,79.90,2.6633,true,1,2209320
4005900803283,false,"ניוואה רוז קר קרם לחות 50 מ""ל",,,קרם לחות לפנים ניווא,מיליליטרים,50.00,"100 מ""ל",false,,39.90,0.7980,true,1,2210095
4005900816016,false,"ניוואה - דאודורנט ספריי לאישה פרש טבעי לאישה 150 מ""ל",טרופיקל דגיל תעשיות,DE,פרש ספריי לאישה ניוואה,מיליליטרים,150.00,"100 מ""ל",false,,19.90,0.1327,true,1,1248642
4005900816023,false,"ניוואה - דאודורנט ספריי לגבר יבש 150 מ""ל",BEIERSDORF MANUFACTU,DE,ספריי יבש לגבר דאוד' ניוו,מיליליטרים,150.00,"100 מ""ל",false,,19.90,0.1327,true,1,1248643
4005900828088,false,"ניוואה - דאודורנט רול און לגבר פרש 50 מ""ל",טרופיקל דגיל תעשיות,DE,רול און פרש לגבר ניוואה,מיליליטרים,50.00,"100 מ""ל",false,,19.90,0.3980,true,1,1248650
4005900833723,false,"ניוואה - פאוור פרש ג'ל רחצה לגבר 500 מ""ל",,,ניוואה 500גל רחצה לג,מיליליטרים,500.00,"100 מ""ל",false,,13.90,0.0278,true,1,2219170
4005900835642,false,"ניקוי פילינג מסכה לפנים 3 ב 1 150 מ""ל ניוואה",,,ניוואה ניקוי חימר 3ב,מיליליטרים,150.00,"100 מ""ל",false,,28.90,0.1927,true,1,2258065
4005900841148,false,"ניוואה מן ג'ל גילוח קול קיק פרש 200 מ""ל",,,ניוואה גל גילוח רגיש,מיליליטרים,200.00,"100 מ""ל",false,,16.90,0.0845,true,1,2216003
4005900845702,false,"ניוואה - דאודורנט רול און לגבר קול קיק פרש 50 מ""ל",,,ניוואה דאו רול און ל,מיליליטרים,50.00,"100 מ""ל",false,,19.90,0.3980,true,1,2214052
4005900874931,false,"דאודורנט ספריי דיפ ביט לגבר 150 מ""ל ניוויה",,,ניוואה מן דאודורנט ס,מיליליטרים,150.00,"100 מ""ל",false,,19.90,0.1327,true,1,2257793
4006387097370,false,קנקן בריטה סטייל+פיל,,,קנקן בירטה STYLE,יחידה,0.00,יחידה,false,,149.00,0.0000,true,1,2137989
4006508122134,false,מליטה נייר פילטר,שוורצקוף& הנקל דיסלד,DE,נייר פילטר.,יח',40.00,יח',false,,10.90,0.2725,true,1,1392353
4006508177325,false,מטליות לניקוי משקפיים,סווירל Swirl,,מטליות למשקפיים,יח',30.00,יח',false,,13.90,0.4633,true,1,1244896
4007519050713,false,שקיות אשפה עם שרוך חזקות במיוחד 35 ליטר,פאלי Pely,,שקיות אשפה 35 ל,יח',25.00,יח',false,,9.90,0.3960,true,1,1222922
4007519050720,false,שקיות אשפה עם שרוך חזקות במיוחד 60 ליטר,פאלי Pely,,שקיות אשפה 60 ל,יח',20.00,יח',false,,9.90,0.4950,true,1,1222923
4007519050744,false,שקיות אשפה עם שרוך חזקות במיוחד 120 ליטר,פאלי Pely,,שקיות אשפה 120 ל,יח',10.00,יח',false,,9.90,0.9900,true,1,1222924
4007519086224,false,שקיות אשפה ריחיונות 20ל',,,שקיות אשפה 20 ל ריחנ,יחידה,0.00,יחידה,false,,10.90,0.0000,true,1,1222927
4007519086248,false,שקיות אשפה 35 ל ריחנ,,,שקיות אשפה 35 ל ריחנ,יחידה,0.00,יחידה,false,,10.90,0.0000,true,1,1222928
4007519086262,false,שקיות אשפה 60 ל ריחנ,,,שקיות אשפה 60 ל ריחנ,יחידה,0.00,יחידה,false,,10.90,0.0000,true,1,1222929
4007745058804,false,מיונז אורגני נטורפוד,אף.סי תבליני בגליל ב,DE,מיונז אורגני 340 גרם,גרמים,340.00,100 גרם,false,,23.90,0.0703,true,1,1405752
4007745058811,false,חרדל אורגני נטורפוד,נטורפוד,DE,חרדל אורגני נטורפוד,גרמים,200.00,100 גרם,false,,13.90,0.0695,true,1,1405753
4007745058828,false,חרדל גרגרים אמיתי אורגני,נטורפוד,,חרדל צרפתי אורגני -ג,גרמים,200.00,100 גרם,false,,13.90,0.0695,true,1,1405754
4008102002867,false,מילפורד תה גרגרים בטעם לימון 400גר',מילפורד Milford,DE,תה לימון 400 גרם,גרמים,400.00,100 גרם,false,,14.90,0.0373,true,1,1241875
4008287058161,false,בירה קרומבאכר פילס 4.8% שישיה 6 * 330 מל,מנדלז סי.אר. פרודקשן,DE,בירה קרומבאכר פילס ש,ליטרים,1.98,ליטר,false,,29.90,15.1010,true,1,2201502
4008287905786,false,"קרומבאכר חיטה פחית בודד 500 מ""ל",מנדלז סי.אר. פרודקשן,DE,בירה קרומבכר,מיליליטרים,500.00,"100 מ""ל",false,,9.90,0.0198,true,1,2201504
4008400230726,false,ביצת שוקולד הפתעה קינדר ענקית 100ג' בנים,קינדר Kinder,BE,ביצת קינדר סופרייז מ,גרמים,100.00,100 גרם,false,,19.90,0.1990,true,1,1666863
4008429056710,false,אוכל לחתולים ויסקס ב,ויסקס Whiskas,PL,ויסקס ביף 400 גרם,גרמים,400.00,100 גרם,false,,9.90,0.0248,true,1,1299381
4008600267232,false,בקבוק נוק הזנה בצבע,,,בקבוק נוק הזנה בצבע,יחידה,0.00,יחידה,false,,26.90,0.0000,true,1,1740421
4008600284871,false,זוג מוצצים מיקי מאוס,,,זוג מוצצים מיקי מאוס,יח',2.00,יח',false,,29.90,14.9500,true,1,1740408
4008600284956,false,זוג מוצצי סיליקון כפתור שטוח 6-18,נוק Nuk,,זוג מוצצים אדור כחול,יח',2.00,יח',false,,29.90,14.9500,true,1,1740413
4008600314189,false,NUK - זוג מוצצים אדור 6-18 חודש ורוד,נוק Nuk,,זוג מוצצים אדור ורוד,יח',2.00,יח',false,,29.90,14.9500,true,1,2124330
4008600314349,false,NUK זוג מוצצים אדור 0-6 ורוד,,,זוג מוצצים אדור ורוד,יח',2.00,יח',false,,29.90,14.9500,true,1,2124332
4008600314424,false,זוג מוצצים פריסטייל,,,זוג מוצצים פריסטייל,יחידה,2.00,יחידה,false,,29.90,14.9500,true,1,2124348
4008600384427,false,זוג מוצצים הפי דייז,,,זוג מוצצים הפי דייז,יח',2.00,יח',false,,29.90,14.9500,true,1,2228541
4008600387374,false,בקבוק אימון דיסני אד,,,בקבוק אימון דיסני אד,יחידה,0.00,יחידה,false,,25.90,0.0000,true,1,2227730
4008600387381,false,"בקבוק NUK אימון דיסני אפור, 150 מ""ל",,,בקבוק אימון דיסני אפ,יחידה,0.00,יחידה,false,,25.90,0.0000,true,1,2227731
4009300522935,false,תה פומפדור תה ירוק לימונית ולואיזה 20 יח',"איטיליאן פוד, אס.פי.",DE,פומפדור תה ירוק עם לימוני,גרמים,30.00,100 גרם,false,,14.90,0.4967,true,1,1253337
4009300522966,false,פומפדור תה ירוק נענע 20 שקיקים,"איטיליאן פוד, אס.פי.",DE,פומפדור תה ירוק נענע,גרמים,30.00,100 גרם,false,,14.90,0.4967,true,1,1253338
4009300524588,false,תה פומפדור חליטת צמחים פירות יער 20 יח',פומפדור Pompadour,DE,פומפדור חליטת צמחים פירות,גרמים,60.00,100 גרם,false,,11.90,0.1983,true,1,1253339
4009300524625,false,תה פומפדור צאי מסאלה 20 שקיקים,פומפדור Pompadour,DE,פומפדור צאי מסאלה,גרמים,40.00,100 גרם,false,,11.90,0.2975,true,1,1253340
4009300525011,false,פומפידור תה ירוק עם תפוז וג'ינגר 25 שקיקים,"איטיליאן פוד, אס.פי.",DE,פומפדור תה ירוק תפוז גינג,גרמים,30.00,100 גרם,false,,14.90,0.4967,true,1,1253342
4009300525684,false,חליטת צמחים ג'ינג'ר לימונית,פומפדור Pompadour,DE,פומפדור חליטת צמחים גי'נג,גרמים,35.00,100 גרם,false,,11.90,0.3400,true,1,1253344
4009300526438,false,פומפדור תה ירוק קלאסי 30 ג',"איטיליאן פוד, אס.פי.",DE,פומפדור תה ירוק קלאסי 30,גרמים,30.00,100 גרם,false,,14.90,0.4967,true,1,1253346
4009300527909,false,חליטת צמחים ג'ינג'ר כורכום ללא קפאין,פומפדור Pompadour,,חליטת פומפדור ג'ינג',גרמים,35.00,100 גרם,false,,11.90,0.3400,true,1,1671471
4009300528821,false,תה ירוק ג'ינג'ר קינמון פומפדור 30 ג',פומפדור Pompadour,DE,תה ירוק פומפדור ג'ינ,גרמים,30.00,100 גרם,false,,14.90,0.4967,true,1,2102799
4009300528845,false,תה ירוק לימונית דבש פומפדור 30 ג',פומפדור Pompadour,DE,תה ירוק פומפדור לימו,גרמים,30.00,100 גרם,false,,14.90,0.4967,true,1,2102800
4009300529514,false,חליטת פירות אוכמניות 45 ג' פומפדור,,GR,פומפדור חליטת פירות,גרמים,50.00,100 גרם,false,,14.90,0.2980,true,1,2258371
4009300529538,false,חליטת פירות לימון 45 ג' פומפדור,,GR,פומפדור חליטת פירות,גרמים,45.00,100 גרם,false,,14.90,0.3311,true,1,2258372
4009300529552,false,חליטת פירות אפרסק 45 ג' פומפדור,,GR,פומפדור חליטת פירות,גרמים,50.00,100 גרם,false,,14.90,0.2980,true,1,2258373
4009300529576,false,פומפדור תה קמומיל 10שקיקים,,,חליטת פומפדור 30 גרם,גרמים,50.00,100 גרם,false,,11.90,0.2380,true,1,2217954
4009300529651,false,"חליטת צמחים אורגניצת עם ג'ינג'ר, לימון וכורכום",פומפדור Pompadour,DE,חליטת פומפדור ג'ינג',גרמים,36.00,100 גרם,false,,14.90,0.4139,true,1,2177247
4009300529699,false,"חליטת צמחים אורגנית עם מאטה, נענע וגרידת לימון","איטיליאן פוד, אס.פי.",DE,חליטת פומפדור סטארט,גרמים,36.00,100 גרם,false,,14.90,0.4139,true,1,2177248
4009300530107,false,חליטה קרה בטעמי תות שדה ותפוז פומפדור 45 ג',,,תה פומפדור חליטה קרה,גרמים,30.00,100 גרם,false,,14.90,0.4967,true,1,2203331
4009300530121,false,חליטה קרה בטעמי אפרסק ופסיפלורה פומפדור 45 ג',,,תה פומפדור חליטה קרה,גרמים,30.00,100 גרם,false,,14.90,0.4967,true,1,2203332
4009300530145,false,חליטה קרה בטעמי מוחיטו ופירות יער פומפדור 45 ג',,,תה פומפדור חליטה קרה,גרמים,30.00,100 גרם,false,,14.90,0.4967,true,1,2203333
4009300530183,false,תה פומפדור חליטה תפו,TEEKANNE- POMPADOU,DE,תה פומפדור חליטה תפו,גרמים,44.00,100 גרם,false,,11.90,0.2705,true,1,2276453
4009300530206,false,תה פומפדור חליטה תפו,TEEKANNE- POMPADOU,DE,תה פומפדור חליטה תפו,גרמים,50.00,100 גרם,false,,11.90,0.2380,true,1,2276454
4009300530275,false,תה פומפדור חליטה מנט,TEEKANNE- POMPADOU,DE,תה פומפדור חליטה מנט,גרמים,36.00,100 גרם,false,,11.90,0.3306,true,1,2276455
4009300595106,false,חליטת צמחים קמומיל דבש פומפדור 45 ג',,,חליטת פומפדור קמומיל,גרמים,30.00,100 גרם,false,,11.90,0.3967,true,1,2158513
4009300595120,false,חליטת צמחים בטעם ג'ינג'ר מנגו פומפדור 45 ג',TEEKANNE- POMPADOU,DE,חליטת פומפדור ג'ינג',גרמים,30.00,100 גרם,false,,11.90,0.3967,true,1,2158514
4009309022399,false,כרוב כבוש אורגני 670,,,כרוב כבוש אורגני,גרמים,680.00,100 גרם,false,,15.90,0.0234,true,1,1405884
4009309114346,false,מלפפונים אורגני בחומ,,,מלפפונים אורגני בחומ,גרמים,670.00,100 גרם,false,,20.90,0.0312,true,1,1405885
4009309114407,false,מלפפונים אורגני בחומ,,,מלפפונים אורגני בחומ,גרמים,670.00,100 גרם,false,,21.90,0.0327,true,1,1405886
4009309456453,false,שימורי סלק אדום אורג,,,שימורי סלק אדום אורג,גרמים,670.00,100 גרם,false,,14.90,0.0222,true,1,1405887
4009309740422,false,רסק תפוחים אורגני 70,,,רסק תפוחים 700 גרם,גרמים,700.00,100 גרם,false,,16.90,0.0241,true,1,1405888
4009309742426,false,רסק תפוחים ומנגו אורגני ללא תוספת סוכר,נטורפוד,,רסק תפוח מנגו אורגני,גרמים,700.00,100 גרם,false,,17.90,0.0256,true,1,1405889
4009900379564,false,מסטיק הובה בובה Hubba Bubba טייפ בטעם פירות,הובה בובה Hubba Bubba,GB,מסטיק הובה בובה פירו,גרמים,56.00,100 גרם,false,,6.50,0.1161,true,1,1251431
4009900385824,false,מסטיק אורביט פפרמינט סטיקס משפחתי-חמישיות,אורביט Orbit,,מסטיק אורביט סטיקס ח,גרמים,65.00,100 גרם,false,,9.90,0.1523,true,1,1251434
4009900402965,false,מסטיק אורביט וויט בטעם פירות ללא סוכר,ריגלי פולין,PL,מסטיק אורביט White ב,גרמים,64.00,100 גרם,false,,9.90,0.1547,true,1,1251437
4009900403023,false,מסטיק אורביט בקבוקון דאבל white קלאסי 64ג',"ב.א מזון בע""מ",PL,מסטיק אורביט בקבוקון,גרמים,64.00,100 גרם,false,,9.90,0.1547,true,1,1251438
4009900406918,false,מסטיק הובה בובה טייפ טריפל מיקס 56ג',הובה בובה Hubba Bubba,GB,מסטיק הובה בובה טייפ,גרמים,56.00,100 גרם,false,,6.50,0.1161,true,1,1251441
4009900420129,false,מסטיק אורביט פרופשנל פפרמינט בקבוקון 64 גר',מרס נדרלנד,PL,מסטיק אורביט פפרמינט,גרמים,64.00,100 גרם,false,,9.90,0.1547,true,1,1994944
4009900426039,false,מסטיק איירוויבז מנטה אקליפטוס בקבוקון,איירוויבס Airwaves,PL,מסטיק איירוויבז בקבו,גרמים,64.00,100 גרם,false,,9.90,0.1547,true,1,1420017
4009900465304,false,סוכריות סקיטלס פירות חמוצים 174 גרם,סקיטלס Skittles,CZ,סוכריות סקיטלס חמוצי,גרמים,174.00,100 גרם,false,,8.90,0.0511,true,1,1294439
4009900479998,false,מסטיק אורביט בטעם אוכמניות ללא סוכר,ריגלי פולין,PL,מסטיק אורביט White ב,גרמים,64.00,100 גרם,false,,9.90,0.1547,true,1,1251453
4009900482417,false,מסטיק אורביט פירות מנטה בקבוקון באבל מינט 45יח,ריגלי פולין,PL,מסטיק אורביט באבל מי,גרמים,64.00,100 גרם,false,,9.90,0.1547,true,1,1251454
4009900484060,false,מסטיק אורביט פרופשיונל בטעם מנטה ללא סוכר,אורביט Orbit,PL,מסטיק אורביט פפרימינ,גרמים,84.00,100 גרם,false,,12.90,0.1536,true,1,1251456
4009900484091,false,מסטיק אורביט פרופשיונל בטעם מנטה ללא סוכר,אורביט Orbit,,מסטיק אורביט ספירימנ,גרמים,84.00,100 גרם,false,,12.90,0.1536,true,1,1251457
4009900484305,false,מסטיק אורביט פרופשיונל סוויטמינט ביגי לבן 60יח',אורביט Orbit,,מסטיק אורביט אקליפטו,גרמים,84.00,100 גרם,false,,12.90,0.1536,true,1,1251458
4009900487283,false,אורביט ילדים קלאסי סט' משפחתי-חמישיות,אורביט Orbit,,מסטיק אורביט סטיקס ח,גרמים,65.00,100 גרם,false,,9.90,0.1523,true,1,1251459
4009900491044,false,מסטיק איירובס אוכמניות בקבוקון 60יח',איירוויבס Airwaves,PL,מסטיק אורביט אוכמניו,גרמים,84.00,100 גרם,false,,12.90,0.1536,true,1,2023592
4009900496247,false,"מסטיק אורביט לל""ס מלבניות בקבוק בבלימנט 60 יח",אורביט Orbit,PL,מסטיק אורביט פפרימינ,גרמים,84.00,100 גרם,false,,12.90,0.1536,true,1,1539647
4009900500166,false,סוכריות פירות אדום סקיטלס בקבוקון 125ג',ריגלי ממתקים,,סוכריות סקיטלס בקבוק,גרמים,125.00,100 גרם,false,,8.90,0.0712,true,1,1463009
4009900509770,false,מסטיק אורביט בטעם תות ללא סוכר,אורביט Orbit,,מסטיק אורביט פפרימינ,גרמים,84.00,100 גרם,false,,12.90,0.1536,true,1,1361179
4009900521581,false,מסטיק פרופשונל מינטס מנטה בקבוקון 77 גר',ריגלי פולין,PL,סוכריות אורביט מנטה,גרמים,77.00,100 גרם,false,,9.90,0.1286,true,1,1687159
4009900521611,false,סוכריות אורביט מינטס דובדבן מנטה בבקבוקון,מרס נדרלנד,,סוכריות אורביט מינטס,גרמים,77.00,100 גרם,false,,9.90,0.1286,true,1,1687150
4009900531122,false,"מסטיק בטעם מנטה ספירמינט, 64 ג' פרופשיונל אורפיט",מרס נדרלנד,PL,מסטיק אורביט ספירמינ,גרמים,64.00,100 גרם,false,,9.90,0.1547,true,1,1994945
4009900532327,false,סוכריות סקיטלס סמודיס בטעמי יוגורט ופירות,סקיטלס Skittles,CZ,סוכריות סקיטלס סמודי,גרמים,38.00,100 גרם,false,,2.90,0.0763,true,1,2023594
4009900534611,false,מסטיק איירוויבז בקבוקון בטעם מלון ומנטה,ריגלי,IL,מסטיק איירוויבז בקבו,גרמים,64.00,100 גרם,false,,9.90,0.1547,true,1,2146929
4009900534918,false,סקיטלס ג'יינט פירות 141 גרם,ריגלי,,סוכריות סקיטלס ג'יינ,גרמים,141.00,100 גרם,false,,8.90,0.0631,true,1,2208550
4009900536257,false,מסטיק אורביט רפרשרס ספירמינט בקבוקון ללא סוכר 67 גר',מרס ריגלי קונפקשונרי,PL,מסטיק אורביט ללא סוכ,גרמים,67.00,100 גרם,false,,10.90,0.1627,true,1,2204977
4009900536288,false,מסטיק אורביט רפרשרס פפרמינט בקבוקון ללא סוכר 67 גר',מרס ריגלי קונפקשונרי,PL,מסטיק אורביט ללא סוכ,גרמים,67.00,100 גרם,false,,10.90,0.1627,true,1,2204978
4009900536486,false,מסטיק אורביט רפרשרס באבלמינט בקבוקון ללא סוכר 67 גר',מרס ריגלי קונפקשונרי,PL,מסטיק אורביט ללא סוכ,גרמים,67.00,100 גרם,false,,10.90,0.1627,true,1,2204979
4009900539340,false,סקיטלס ג'יינט סאוור 141 גרם,מרס ריגלי קונפקשונרי,PL,סוכריות סקיטלס ג'יינ,גרמים,141.00,100 גרם,false,,8.90,0.0631,true,1,2237553
4009900539401,false,מסטיק פייב באונס בטעם מנטה HP,Unknown,PL,מסטיק פייב באונס בטע,גרמים,14.40,100 גרם,false,,3.90,0.2708,true,1,2245291
4009900539432,false,מסטיק פייב באונס בטעם אבטיח HP,Unknown,PL,מסטיק פייב באונס בטע,גרמים,14.40,100 גרם,false,,3.90,0.2708,true,1,2245292
4009900539685,false,"מסטיק פייב באונס בטעם מנטה בקבוקון, 61.8 גרם",ריגלי בעמ רוסיה,PL,מסטיק פייב באונס בטע,גרמים,61.80,100 גרם,false,,10.90,0.1764,true,1,2245284
4009900539746,false,"מסטיק פייב באונס בטעם אבטיח בקבוקון, 61.8 גרם",ריגלי בעמ רוסיה,PL,מסטיק פייב באונס בטע,גרמים,61.80,100 גרם,false,,10.90,0.1764,true,1,2245285
4009900540551,false,מסטיק אורביט רפרשרס טרופיקל בקבוקון ללא סוכר,מרס פולין,PL,מסטיק אורביט ללא סוכ,גרמים,67.00,100 גרם,false,,10.90,0.1627,true,1,2240218
4010492051141,false,מעדן פרמיום בקר אתנה,אתנה Athena,,אתנה בקר לחתול 100ג',גרמים,100.00,100 גרם,false,,4.90,0.0490,true,1,2274297
4010492057006,false,אתנה קיטן עוף לחתולים,אתנה Athena,,אתנה קיטן עוף 100ג',גרמים,100.00,100 גרם,false,,4.90,0.0490,true,1,2274306
4010492057013,false,אתנה מקפא בשר ציד 10,אתנה Athena,,אתנה מקפא בשר ציד 10,גרמים,100.00,100 גרם,false,,4.90,0.0490,true,1,2274307
4010492963147,false,אתנה סטיק קואטרו לחתול,אתנה Athena,,אתנה סטיק קואטרו 40ג,גרמים,40.00,100 גרם,false,,16.90,0.4225,true,1,2274310
4011800528416,false,חטיף דגנים עם בוטנים מתוק מלוח,קורני Corny,,חטיף קורני דגנים עם,גרמים,150.00,100 גרם,false,,9.90,0.0660,true,1,2137852
4011800568610,false,חטיף קורני מילק Corny milk קלאסי,שוורטאוור וורקה,DE,קורני סנדוויץ קלאסי עם קר,גרמים,120.00,100 גרם,false,,9.90,0.0825,true,1,1266409
4011800577810,false,קורני חטיף דגנים פרי,Schwartauer,,חטיף קורני נוגט 6 יח,גרמים,120.00,100 גרם,false,,9.90,0.0825,true,1,2229576
4011800617714,false,קורני ביג ביג שוקו ב,מיוצר עי קונדיטוריית,DE,קורני ביג ביג שוקו ב,גרמים,50.00,100 גרם,false,,3.90,0.0780,true,1,2161368
4011800617813,false,קורני ביג ביג בראוני,שוורטאוור וורקה,DE,קורני ביג ביג בראוני,גרמים,50.00,100 גרם,false,,3.90,0.0780,true,1,2161369
4011800618315,false,קורני ביג דארק&וואיט,Unknown,,קורני ביג ביג דארק,גרמים,40.00,100 גרם,false,,3.90,0.0975,true,1,2161378
4011800628512,false,חטיף דגנים עם שוקולד חלב,מיוצר עי קונדיטוריית,DE,קורני עם שוקולד חלב - 1X6,גרמים,150.00,100 גרם,false,,9.90,0.0660,true,1,1266430
4011800629519,false,חטיף דגנים עם אגוזי לוז,קורני Corny,DE,קורני עם אגוזים 1X6,גרמים,150.00,100 גרם,false,,9.90,0.0660,true,1,1266431
4011800630515,false,חטיף דגנים עם שוקולד חלב ובננה,מיוצר עי קונדיטוריית,DE,קורני עם שוקולד חלב ובננה,גרמים,150.00,100 גרם,false,,9.90,0.0660,true,1,1266432
4011800632519,false,חטיף דגנים עם שוקולד חלב וקוקוס,מיוצר עי קונדיטוריית,DE,קורני עם שוקולד חלב וקוקו,גרמים,150.00,100 גרם,false,,9.90,0.0660,true,1,1266434
4011800633516,false,חטיף דגנים עם שוקולד מריר מעולה,שוורטאוור וורקה,DE,קורני עם שוקולד מריר מעול,גרמים,138.00,100 גרם,false,,9.90,0.0717,true,1,1266435
4011800635510,false,חטיף קורני Corny Free עם אגוזי לוז ללא תוספת סוכר,קורני Corny,DE,"קורני ""פרי ""עם אגוזים ושק",גרמים,120.00,100 גרם,false,,9.90,0.0825,true,1,1266436
4011800636517,false,חטיף קורני Corny Free עם שוקולד חלב,מיוצר עי קונדיטוריית,DE,"קורני ""פרי ""עם שוקולד חלב",גרמים,120.00,100 גרם,false,,9.90,0.0825,true,1,1266437
4011800637514,false,חטיף קורני Corny Free עם שוקולד לבן ללא תוספת סוכר,קורני Corny,DE,"קורני ""פרי ""עם שוקולד לבן",גרמים,120.00,100 גרם,false,,9.90,0.0825,true,1,1266438
4012273123009,false,"קרם ידיים ניטרוגינה 50 מ""ל",גונסון אנד גונסון,FR,נוטרוגינה ס.נורבגית קרם י,מיליליטרים,50.00,"100 מ""ל",false,,19.90,0.3980,true,1,2183198
4012839597596,false,כבד דג שיבוט רויגן,רוג'ין פיש,,כבד דג שיבוט בשמן,גרמים,121.00,100 גרם,false,,9.90,0.0818,true,1,2259278
4013044100007,false,אבקת אפיה אורגנית-לי,ליקרס,DE,אבקת אפיה אורגנית-לי,גרמים,84.00,100 גרם,false,,6.90,0.0821,true,1,1808382
4013044100052,false,מייצב לקציפות אורגני,תות תעשיות מזון (201,DE,מייצב לקציפות אורגני,גרמים,32.00,100 גרם,false,,5.90,0.1844,true,1,1808383
4013044100106,false,שמרים יבשים פעילים א,,,שמרים יבשים פעילים א,גרמים,36.00,100 גרם,false,,18.90,0.5250,true,1,1808384
4013197766976,false,סוכריות קוונדיש תפוז 200ג' (9),,,סוכריות פחיות טעם תפ,גרמים,200.00,100 גרם,false,,9.90,0.0495,true,1,1251738
4013197767010,false,סוכריות פח 200 גר' פירות מעורב,יושלם,,סוכריות פחיות טעם פי,גרמים,200.00,100 גרם,false,,9.90,0.0495,true,1,1251739
4013197767027,false,סוכריות פח 200 גר' דובדבן,יושלם,,סוכריות פחיות טעם דו,גרמים,200.00,100 גרם,false,,9.90,0.0495,true,1,1251740
4013197767034,false,סוכריות פח 200 גר'' לימון,יושלם,,סוכריות פחיות טעם לי,גרמים,200.00,100 גרם,false,,9.90,0.0495,true,1,1251741
4013197767119,false,סוכריות פח 200 גר' מנטה,יושלם,,סוכריות פחיות טעם מנ,גרמים,200.00,100 גרם,false,,9.90,0.0495,true,1,1251745
4013227013391,false,משקה כהלי קרם אוטום כשר,קרם אוטום Autumn cream,,משקה קרם אוטום.,מיליליטרים,700.00,"100 מ""ל",false,,39.90,0.0570,true,1,1248727
4013227013414,false,פינה קולדה Surfers pina colada,קוימנס,,פינה קולדה.,מיליליטרים,700.00,"100 מ""ל",false,,39.90,0.0570,true,1,1248728
4014086024245,false,"בירה חיטה גרלסבורג מעוננת, לא מסוננת",,,בירה חיטה גרמנית גרל,מיליליטרים,500.00,"100 מ""ל",false,,5.90,0.0118,true,1,1533906
4014388000213,false,בירה פחית רדברגר 500,"איי, בי, אינבוו",DE,בירה פחית רדברגר,מיליליטרים,500.00,"100 מ""ל",false,,8.90,0.0178,true,1,2073015
4014400900217,false,בונבונירה מרסי 400 גרם חלבי - נוכרי,קריניציה ויטמינה אס,DE,בונבוניירה מרסי 400 גרם,גרמים,400.00,100 גרם,false,,39.90,0.0997,true,1,1241882
4014400901191,false,בונבונירה מרסי קלאסי 250 גרם חלב נוכרי,אוגוסט שטורק,DE,בונבוניירה מרסי 250,גרמים,250.00,100 גרם,false,,21.90,0.0876,true,1,1241884
4014400901405,false,בונבוניירה שוקולד מרסי חלב 250 ג',קריניציה ויטמינה אס,DE,בונבוניירה מרסי 250 גר חל,גרמים,250.00,100 גרם,false,,25.90,0.1036,true,1,1241885
4014400901412,false,בונבוניירה שוקולד מריר מרסי 250 ג`,תות ממתקי איכות,DE,בונבוניירה מרסי 250 גר מר,גרמים,250.00,100 גרם,false,,25.90,0.1036,true,1,1241886
4014400903409,false,בונבוניירה טופיפי שוקולד 250 ג',קריניציה ויטמינה אס,DE,סוכריות טופיפי 250 ג,גרמים,250.00,100 גרם,false,,21.90,0.0876,true,1,1241887
4014400904277,false,סוכריות אייס פרש 425 ג',תות ממתקי איכות,DE,סוכריות אייס פרש בשקית 42,גרמים,425.00,100 גרם,false,,14.90,0.0351,true,1,1241888
4014400904307,false,סוכריות קליפורניה בטעמי פירות,קריניציה ויטמינה אס,DE,סוכריות קליפורניה 425 גרם,גרמים,425.00,100 גרם,false,,14.90,0.0351,true,1,1241889
4014400904390,false,סוכריות וולמילש ממולא ט.חלב 325גרם,קריניציה ויטמינה אס,DE,סוכריות וולמילש 325 גרם,גרמים,325.00,100 גרם,false,,14.90,0.0458,true,1,1241892
4014400907902,false,סוכריות חמאה ללא סוכר בטעם קרמל בקופסא,תות ממתקי איכות,DE,סוכריות וורטר בוקס ללא סו,גרמים,42.00,100 גרם,false,,6.90,0.1643,true,1,1241893
4014400909692,false,וורטר לל'ס קפוצ'ינו 12 קופסאות,קריניציה ויטמינה אס,DE,סוכריות וורטר בוקס קפה לל,גרמים,42.00,100 גרם,false,,6.90,0.1643,true,1,1241895
4014400910063,false,סוכריות וורטר טופי חמאה 135ג',אוגוסט שטורק,DE,סוכריות וורטר אורגינל שקי,גרמים,135.00,100 גרם,false,,9.90,0.0733,true,1,1241897
4014400913910,false,סוכריות וורטר במליוי קרם 125 ג',תות ממתקי איכות,DE,וורטר אוריגינל במילוי קרם,גרמים,125.00,100 גרם,false,,9.90,0.0792,true,1,1241898
4014400914696,false,וורטר אורגינל סוכריות ללא סוכר 80 ג',אוגוסט שטורק,DE,סוכריות חמאה וורטר אור לל,גרמים,70.00,100 גרם,false,,7.90,0.1129,true,1,1241899
4014400914924,false,סוכריות וורטר אורגינל ללא סוכר קפה 80 ג',קריניציה ויטמינה אס,DE,סוכריות וורטר ללא סוכר ק,גרמים,80.00,100 גרם,false,,7.90,0.0988,true,1,1241900
4014400920857,false,סוכריות וורטר Werther's בטעם שוקולד ללא סוכר,קריניציה ויטמינה אס,DE,וורטר סוכריות טעם שו,גרמים,70.00,100 גרם,false,,7.90,0.1129,true,1,1297669
4014400923711,false,טופיפי 125 גר' - חלב נוכרי,אוגוסט שטורק,DE,סוכריות טופיפי 125 ג,גרמים,125.00,100 גרם,false,,10.00,0.0800,true,1,1427209
4014400925319,false,סוכריות וורטר פופקורן קרמל 140 גר',וורטרס Werther's,DE,פופקורן קרמל וורטר,גרמים,140.00,100 גרם,false,,14.90,0.1064,true,1,2232310
4014400929010,false,חטיף וופל מיני קנופרס 200 גרם,קנופרס,,וופל מיני קנופרס 200,גרמים,200.00,100 גרם,false,,10.00,0.0500,true,1,2245771
4014400931327,false,ורטרס אורגינל פופקורן עם קרמל זרעי דלעת 1/12,וורטרס Werther's,DE,פופקורן וורטר בציפוי,גרמים,140.00,100 גרם,false,,14.90,0.1064,true,1,2244148
4015000031394,false,"ספטיל - משחה להסרת כתמים 200 מ""ל",קריות זול,IL,משחה להסרת כתמים ספטיל 20,גרמים,200.00,100 גרם,false,,14.90,0.0745,true,1,1272732
4015000280211,false,"פה - דאודורנט רול און לאישה קאריביין לימון 50 מ""ל",הנקל סוד,DE,פה דאודורנט רולאון קריביא,מיליליטרים,50.00,"100 מ""ל",false,,9.90,0.1980,true,1,1238549
4015000280372,false,"פה - דאודורנט רול און לגבר ספורט 50 מ""ל",הנקל סוד,DE,פה דאודורנט רולאון ספורט,מיליליטרים,50.00,"100 מ""ל",false,,9.90,0.1980,true,1,1238550
4015000519915,false,"פה - דאודורנט ספריי לאישה פינק פרדייס 200 מ""ל",קריות זול,DE,פה דאודורנט ספריי פינק פש,מיליליטרים,200.00,"100 מ""ל",false,,9.90,0.0495,true,1,1238555
4015000537049,false,"גליס - מרכך משקם אקספרס שיקום מלא 200 מ""ל",,,מרכך משקם אקספרס גלי,מיליליטרים,200.00,"100 מ""ל",false,,24.90,0.1245,true,1,1238565
4015000615884,false,"פה - דאודורנט ספריי לאישה קריביין לימון 200 מ""ל",קריות זול,DE,פה דאודורנט ספריי קריביאן,מיליליטרים,200.00,"100 מ""ל",false,,9.90,0.0495,true,1,1238585
4015000615891,false,"פה - דאודורנט ספריי לאישה אקווה 200 מ""ל",הנקל סוד,DE,פה דאודורנט ספריי אקווה 2,מיליליטרים,200.00,"100 מ""ל",false,,9.90,0.0495,true,1,1238586
4015000615921,false,"פה - דאודורנט ספריי לגבר ספורט 200 מ""ל",הנקל סוד,DE,פה דאודורנט ספריי ספורט 2,מיליליטרים,200.00,"100 מ""ל",false,,9.90,0.0495,true,1,1238587
4015000940948,false,מרכך גליס Gliss שיקום נזק קיצוני אולטימט ריפייר,שוורצקוף Schwarzkopf,DE,גליס מרכך אולטימט ריפייר,מיליליטרים,400.00,"100 מ""ל",false,,18.90,0.0472,true,1,1238605
4015000940955,false,שמפו גליס Gliss שיקום נזק קיצוני אולטימט ריפייר,שוורצקוף Schwarzkopf,DE,גליס שמפו אולטימיט ריפייר,מיליליטרים,400.00,"100 מ""ל",false,,18.90,0.0472,true,1,1238606
4015000975421,false,"סאיוס - משחה לעיצוב 100 מ""ל",,,משחה לעיצוב סאיוס,מיליליטרים,100.00,"100 מ""ל",false,,24.90,0.2490,true,1,1668548
4015000976268,false,שמפו גליס Gliss למראה שיער מבריק Million Gloss,שוורצקוף Schwarzkopf,DE,גליס שמפו מיליון גלוס 400,מיליליטרים,400.00,"100 מ""ל",false,,18.90,0.0472,true,1,1238646
4015000995122,false,פה ספריי כח המשיכה force attractio,הנקל סוד,DE,פה דאודורנט ספריי כח המשי,מיליליטרים,200.00,"100 מ""ל",false,,9.90,0.0495,true,1,1238653
4015000996204,false,"גליס שמפו אולטימט שמן אלקסייר 400 מ""ל",שוורצקוף Schwarzkopf,DE,גליס שמפו שמן אליקסייר 40,מיליליטרים,400.00,"100 מ""ל",false,,18.90,0.0472,true,1,1238654
4015000996235,false,"גליס - מרכך משקם אקספקס תמצית שמן אולטימטיבי 200 מ""ל",הנקל סוד,DE,גליס קונדישנר משקם אקספרס,מיליליטרים,200.00,"100 מ""ל",false,,24.90,0.1245,true,1,1238655
4015000996273,false,מרכך גליס Gliss תמצית שמן אולטימטיבי,שוורצקוף Schwarzkopf,DE,גליס מרכך שמן אליקסייר 40,מיליליטרים,400.00,"100 מ""ל",false,,18.90,0.0472,true,1,1238658
4015000997430,false,דאודורנט ספריי ספורט Sport Invisible Power 72h,הנקל סוד,DE,פה דאודורנט ספריי אינוויז,מיליליטרים,200.00,"100 מ""ל",false,,9.90,0.0495,true,1,1238659
4015100190762,false,"גליס - מסכה שיקום שמן אלקסיר 300 מ""ל",שוורצקוף Schwarzkopf,,גליס מסכה,מיליליטרים,200.00,"100 מ""ל",false,,24.90,0.1245,true,1,1668549
4015100190786,false,גליס מסכת סרום לשיקום עמוק עם קרטין,שוורצקוף Schwarzkopf,,גליס מסכה,מיליליטרים,300.00,"100 מ""ל",false,,24.90,0.0830,true,1,1668551
4015100190793,false,גליס מסכה לשיער יבש ופגום במיוחד Ultimate Repair,שוורצקוף Schwarzkopf,,גליס מסכה,מיליליטרים,200.00,"100 מ""ל",false,,24.90,0.1245,true,1,1668552
4015100298000,false,"גליס - מסיכה ביוטק 300 מ""ל",,,גליס מסכה,מיליליטרים,300.00,"100 מ""ל",false,,24.90,0.0830,true,1,2135687
4015100325324,false,פאלטה דלוקס קיט 6-0 בלונד כהה,,,צבע שיער פלטה דלוקס,יחידה,1.00,יחידה,false,,26.90,26.9000,true,1,2154085
4015100438192,false,פאלטה - דלוקס קיט בלונד זהוב חם 8-65,,,צבע שיער פלטה דלוקס,יחידה,1.00,יחידה,false,,26.90,26.9000,true,1,2179542
4015400564034,false,מגני תחתון אולוויז לונג פלוס עם ניחוח,פרוקטר אנד גמבל,TR,מגן תחתון אולוויז מגה פק,יח',58.00,יח',false,,21.90,0.3776,true,1,1225015
4015400564454,false,מגני תחתון אולוויז לארג' עם ניחוח מגה פק,פרוקטר אנד גמבל,DE,מגן תחתון אולוויז מגה פק,יח',68.00,יח',false,,21.90,0.3221,true,1,1225018
4015400598329,false,תחבושות היגייניות אולטרה - מארז רביעייה,פרוקטר אנד גמבל,HU,אולוויז קוואטרו נורמל + א,יח',56.00,יח',false,,39.90,0.7125,true,1,1225025
4015400598381,false,תחבושות היגייניות אולטרה לונג - מארז קוואטרו 48 יח',פרוקטר אנד גמבל,HU,אולוויז קוואטרו לונג + אי,יח',48.00,יח',false,,39.90,0.8312,true,1,1225026
4015400598411,false,תחבושות היגייניות יום ולילה Day & Night - מארז 40 יח',פרוקטר אנד גמבל,HU,אולוויז קוואטרו לילה אירו,יח',40.00,יח',false,,39.90,0.9975,true,1,1225027
4015400623663,false,מגבוני פמפרס ללא ביש,,,מגבוני פמפרס ללא ביש,יח',208.00,יח',false,,19.90,0.0957,true,1,2283638
4015400681670,false,תחבושות היגייניות אולטרה לילה בטוח,פרוקטר אנד גמבל,UA,אולוויז לילה 18 יח',יח',18.00,יח',false,,19.90,1.1056,true,1,1310378
4015400690313,false,טמפונים טמפקס קומפקט פרל רגולציה,טמפקס Tampax,,טמפוני טמפקס פרל 18,יח',18.00,יח',false,,24.90,1.3833,true,1,1404080
4015400690405,false,טמפונים טמפקס קומפק פרל סופר,טמפקס Tampax,,טמפוני טמפקס פרל 18,יח',18.00,יח',false,,24.90,1.3833,true,1,1404081
4015400690498,false,טמפונים טמפקס קומפקט פרל סופר פלוס,טמפקס Tampax,,טמפוני טמפקס פרל 18,יח',18.00,יח',false,,24.90,1.3833,true,1,1404082
4015400731719,false,תחבושות היגייניות אולוויז יום ולילה Day & Night,פרוקטר אנד גמבל,UA,אולוויז דואו 20 יחיד,יח',20.00,יח',false,,19.90,0.9950,true,1,1361097
4015400746812,false,מגני תחתון אולוויז נורמל עם ניחוח מגה פק,פרוקטר אנד גמבל,UA,מגן תחתון אולוויז מגה פק,יח',80.00,יח',false,,21.90,0.2737,true,1,1395925
4015400755241,false,תחבושות היגייניות אולוויז אולטרה נורמל - 28 יח',פרוקטר אנד גמבל,UA,אולוויז דואו 28 יחיד,יח',28.00,יח',false,,19.90,0.7107,true,1,1361099
4015400755487,false,תחבושות היגייניות אולוויז אולטרה לונג - 24 יח',פרוקטר אנד גמבל,UA,אולוויז דואו 24 יחיד,יח',24.00,יח',false,,19.90,0.8292,true,1,1361102
4015400824701,false,טמפונים עם מוליך רגולר,פרוקטר אנד גמבל,HU,טמפקס רגולר 30 יחידות,יח',30.00,יח',false,,24.90,0.8300,true,1,1225050
4015400824725,false,טמפונים עם מוליך סופר,פרוקטר אנד גמבל,HU,טמפקס סופר 30 יחידות,יח',30.00,יח',false,,24.90,0.8300,true,1,1225051
4015400824749,false,טמפקס פלאש סופר פלוס 30יחידות,פרוקטר אנד גמבל,HU,טמפקס פלאש סופר פלוס 30יח,יח',30.00,יח',false,,29.90,0.9967,true,1,1225052
4015400990482,false,אבקת כביסה אריאל קולור,אריאל Ariel,,"אריאל 3 ק""ג קולור",קילוגרמים,3.00,"ק""ג",false,,27.90,9.3000,true,1,1338449
4015600762742,false,שמפו יומיומי למניעת קשקשים הנוסחה הקלאסית,פרוקטר אנד גמבל,RO,"ה&ש שמפו קלאסי 500 מ""ל",מיליליטרים,500.00,"100 מ""ל",false,,20.90,0.0418,true,1,1225081
4015600762780,false,שמפו וקונדישינר יומיומי למניעת קשקשים הנוסחה הקלאסית 2in1,פרוקטר אנד גמבל,RO,"ה&ש 2 ב 1 קלאסי 500 מ""ל",מיליליטרים,500.00,"100 מ""ל",false,,20.90,0.0418,true,1,1225082
4015600762902,false,"שמפו מנטול הד אנד שולדרס 500 מ""ל",פרוקטר אנד גמבל,RO,"ה&ש שמפו מנטול 500 מ""ל",מיליליטרים,500.00,"100 מ""ל",false,,20.90,0.0418,true,1,1225085
4015600762940,false,שמפו יומיומי למניעת קשקשים בניחוח תפוח,פרוקטר אנד גמבל,RO,"ה&ש שמפו תפוח 500 מ""ל",מיליליטרים,500.00,"100 מ""ל",false,,20.90,0.0418,true,1,1225086
4015600763022,false,שמפו יומיומי למניעת קשקשים לשיער יבש/פגום לשיער רך כמשי,פרוקטר אנד גמבל,RO,"ה&ש שמפו מגע משי 500 מ""ל",מיליליטרים,500.00,"100 מ""ל",false,,20.90,0.0418,true,1,1225088
4015600766900,false,"שמפו ומרכ ך נגד קשקשים 500 מ""ל הד אנד שולדרס",פרוקטל אנד גמבל,RO,שמפו הד אנד שולדרס 5,מיליליטרים,500.00,"100 מ""ל",false,,20.90,0.0418,true,1,1225094
4015600807436,false,"ג'ילט - דאודורנט ג'ל לגבר כדוריות קול וויב 75 מ""ל",פרוקטר אנד גמבל,US,דאו ג'ל 75 מל CW-PB חדש,מיליליטרים,75.00,"100 מ""ל",false,,19.90,0.2653,true,1,1225101
4015600807573,false,"ג'ילט - דאודורנט ג'ל לגבר כדוריות פאוור ראש 75 מ""ל",פרוקטר אנד גמבל,US,דאו ג'ל 75 מל PR-PB חדש,מיליליטרים,75.00,"100 מ""ל",false,,19.90,0.2653,true,1,1225102
4015600810849,false,דאודורנט ג'ל לגבר Sport power rush 48h,פרוקטר אנד גמבל,PL,דאודורנט פאוייר רוש 70 מל,מיליליטרים,70.00,"100 מ""ל",false,,19.90,0.2843,true,1,1225104
4017100160417,false,בלזן גלילי וופל במילוי קרם בטעם וניל 75 גר',באלזן Bahlsen,,וופל קרמי וניל בלזן,גרמים,75.00,100 גרם,false,,7.90,0.1053,true,1,2161286
4017100198151,false,עוגיות היט Hit קקאו במילוי קרם וניל,הדקלאים אגודת שיתופי,PL,ביסקוויט ממולא קקאו,גרמים,220.00,100 גרם,false,,7.90,0.0359,true,1,1300853
4017100210105,false,גלילי וופל בלזן וופלטן שוקו' מריר 100ג',הדקלאים אגודת שיתופי,DE,גלילי וופל מריר.,גרמים,100.00,100 גרם,false,,8.90,0.0890,true,1,1304430
4017100291005,false,ביסקוויט מצופה שוקולד מריר ליבניץ Leibniz,הדקלאים אגודת שיתופי,DE,ביסקוויט וופל שוקולד,גרמים,125.00,100 גרם,false,,8.90,0.0712,true,1,1241912
4017100364112,false,עוגיות היט Hit במילוי קרם בטעם שוקולד,הדקלאים אגודת שיתופי,PL,ביסקוויט ממולא וניל,גרמים,220.00,100 גרם,false,,7.90,0.0359,true,1,1295480
4017100366239,false,עוגיות ביסקוויט סנדוויץ ממולא קרם בטעם שוקולד,ליבניץ Leibniz,,עוגיות ביסקוויט סנדו,גרמים,190.00,100 גרם,false,,8.90,0.0468,true,1,2233117
4018093510418,false,המנדולינה המקורית BO,,,המנדולינה המקורית BO,יחידה,0.00,יחידה,false,,49.90,0.0000,true,1,2194961
4018344564610,false,פילה הרינג ברוטב עגבניות 200 ג' לארסן,,,לארסן פילה הרינג ברו,גרמים,200.00,100 גרם,false,,9.90,0.0495,true,1,2283335
4018344564634,false,פילה הרינג ברוטב פלפ,,,לארסן פילה הרינג ברו,גרמים,200.00,100 גרם,false,,9.90,0.0495,true,1,2283337
4018344564665,false,פילה הרינג ברוטב בלק,,,לארסן פילה הרינג ברו,גרמים,200.00,100 גרם,false,,9.90,0.0495,true,1,2283339
4018722100133,false,אטריות כוסמין וביצים,אלב גולד,DE,אטריות כוסמין וביצים,גרמים,250.00,100 גרם,false,,15.90,0.0636,true,1,1808462
4018722100157,false,פסטה פוזילי מקמח כוסמין מלא אורגני,האחים פלם הגפן,DE,פוזילי כוסמין מלא 25,גרמים,250.00,100 גרם,false,,12.90,0.0516,true,1,1808463
4018722100188,false,אטריות רחבות כוסמין וביצים אורגניות,ALB.GOLD,,אטריות רחבות כוסמין,גרמים,250.00,100 גרם,false,,15.90,0.0636,true,1,1808464
4018722303459,false,מקרוני כוסמין אורגני,,,מקרוני כוסמין אורגני,גרמים,250.00,100 גרם,false,,12.90,0.0516,true,1,1808467
4023800012109,false,מרציפן מצופה 100 גר,,,מרציפן 100 גרם,גרמים,100.00,100 גרם,false,,7.90,0.0790,true,1,1251748
4023800231647,false,בונבוניירת מוצרט 200,,,בונבו מוצרט קוגל 200,יחידה,0.00,יחידה,false,,19.90,0.0000,true,1,2125411
4025700001962,false,שוקולד מילקה לבן 100 גר',פי אר ג'יי אס סי מונ,HU,מילקה שוקולד לבן 100,גרמים,100.00,100 גרם,false,,5.90,0.0590,true,1,2151693
4028208000284,false,נייר פילטר לקפה מס' 4 Brigitta בריגטה,Melitta Kaffee GmbH,DE,מליטה נייר פילטר מספר 80,יח',80.00,יח',false,,11.90,0.1488,true,1,1266443
4037719066009,false,סוכריות 966 ג' בצנצנת שי,,,סוכריות בצנצת שי,גרמים,1000.00,100 גרם,false,,39.90,0.0399,true,1,1251751
4037719068317,false,סוכריות קוונדיש פירות יער 200ג' (9),קוונדיש והרווי C&H,,סוכריות פחיות טעם יע,גרמים,200.00,100 גרם,false,,9.90,0.0495,true,1,1251757
4037719068508,false,סוכריות בפחית במילוי,,,סוכריות בפחית במילוי,גרמים,200.00,100 גרם,false,,9.90,0.0495,true,1,2280048
4037719068515,false,סוכריות בפחית במילוי,,,סוכריות בפחית במילוי,גרמים,200.00,100 גרם,false,,9.90,0.0495,true,1,2280049
4037719068522,false,סוכריות בפחית במילוי,,,סוכריות בפחית במילוי,גרמים,200.00,100 גרם,false,,9.90,0.0495,true,1,2280050
4037719680212,false,סוכריות קוונדיש תות שדה 200ג' (9),קוון דיש,,סוכריות פחיות טעם תו,גרמים,200.00,100 גרם,false,,9.90,0.0495,true,1,1251758
4045787068221,false,"צבע לשיער אינדולה פרוטאין שחור 1 60 מ""ל",אינדולה Indola,DE,אינדולה פרוטאין קולור שפו,מיליליטרים,60.00,"100 מ""ל",false,,12.90,0.2150,true,1,1238663
4045787068238,false,צבע לשיער פרוטאין קולור- 10 בלונד בהיר מאוד,אינדולה Indola,DE,אינדולה פרוטאין קולור שפו,מיליליטרים,60.00,"100 מ""ל",false,,12.90,0.2150,true,1,1238664
4045787068245,false,צבע לשיער פרוטאין קולור- 1000.0 אקסטרה בלונד,אינדולה Indola,DE,אינדולה פרוטאין קולור שפו,מיליליטרים,60.00,"100 מ""ל",false,,12.90,0.2150,true,1,1238665
4045787068252,false,צבע לשיער פרוטאין קולור- 1000.1 אקסטרה בלונד אפרפר,אינדולה Indola,DE,אינדולה פרוטאין קולור שפו,מיליליטרים,60.00,"100 מ""ל",false,,12.90,0.2150,true,1,1238666
4045787068290,false,"אינדולה - פרוטאין צבע 3 חום שחור 60 מ""ל",אינדולה Indola,DE,אינדולה פרוטאין קולור שפו,מיליליטרים,60.00,"100 מ""ל",false,,12.90,0.2150,true,1,1238668
4045787068306,false,"אינדולה - פרוטאין צבע 4 חום כהה 60 מ""ל",אינדולה Indola,DE,אינדולה פרוטאין קולור שפו,מיליליטרים,60.00,"100 מ""ל",false,,12.90,0.2150,true,1,1238669
4045787068320,false,"אינדולה - פרוטאין צבע 5 חום 60 מ""ל",אינדולה Indola,DE,אינדולה פרוטאין קולור שפו,מיליליטרים,60.00,"100 מ""ל",false,,12.90,0.2150,true,1,1238671
4045787068337,false,"אינדולה - פרוטאין 5-35 חום שקד 60 מ""ל",אינדולה Indola,DE,אינדולה פרוטאין קולור שפו,מיליליטרים,60.00,"100 מ""ל",false,,12.90,0.2150,true,1,1238672
4045787068344,false,"אינדולה - פרוטאין צבע 5-4 ערמונים 60 מ""ל",אינדולה Indola,DE,אינדולה פרוטאין קולור שפו,מיליליטרים,60.00,"100 מ""ל",false,,12.90,0.2150,true,1,1238673
4045787068368,false,"אינדולה - פרוטאין צבע 5-66 שזיף 60 מ""ל",אינדולה Indola,DE,אינדולה פרוטאין קולור שפו,מיליליטרים,60.00,"100 מ""ל",false,,12.90,0.2150,true,1,1238675
4045787068375,false,"אינדולה - פרוטאין צבע 6 בלונד כהה 60 מ""ל",אינדולה Indola,DE,אינדולה פרוטאין קולור שפו,מיליליטרים,60.00,"100 מ""ל",false,,12.90,0.2150,true,1,1238676
4045787068382,false,צבע לשיער פרוטאין קולור- 6.03 חום זהבהב,אינדולה Indola,DE,אינדולה פרוטאין קולור שפו,מיליליטרים,60.00,"100 מ""ל",false,,12.90,0.2150,true,1,1238677
4045787068405,false,"אינדולה - פרוטאין צבע 6-23 חום שקד 60 מ""ל",אינדולה Indola,DE,אינדולה פרוטאין קולור שפו,מיליליטרים,60.00,"100 מ""ל",false,,12.90,0.2150,true,1,1238678
4045787068412,false,"אינדולה - פרוטאין צבע 6-37 שוקולד 60 מ""ל",אינדולה Indola,DE,אינדולה פרוטאין קולור שפו,מיליליטרים,60.00,"100 מ""ל",false,,12.90,0.2150,true,1,1238679
4045787068429,false,"אינדולה - פרוטאין צבע 6-4 אגוז 60 מ""ל",הנקל סוד,DE,אינדולה פרוטאין קולור שפו,מיליליטרים,60.00,"100 מ""ל",false,,12.90,0.2150,true,1,1238680
4045787068467,false,"אינדולה - פרוטאין צבע 7 בלונד בינוני 60 מ""ל",אינדולה Indola,DE,אינדולה פרוטאין קולור שפו,מיליליטרים,60.00,"100 מ""ל",false,,12.90,0.2150,true,1,1238684
4045787068498,false,"אינדולה - פרוטאין צבע 7-3 דבש 60 מ""ל",אינדולה Indola,DE,אינדולה פרוטאין קולור שפו,מיליליטרים,60.00,"100 מ""ל",false,,12.90,0.2150,true,1,1238686
4045787068504,false,"אינדולה - פרוטאין צבע 7-35 פקאן 60 מ""ל",אינדולה Indola,DE,אינדולה פרוטאין קולור שפו,מיליליטרים,60.00,"100 מ""ל",false,,12.90,0.2150,true,1,1238687
4045787068511,false,צבע לשיער פרוטאין קולור- 7.44 דבש נחושתי,אינדולה Indola,DE,אינדולה פרוטאין קולור שפו,יחידה,0.00,יחידה,false,,12.90,0.0000,true,1,1238688
4045787068535,false,צבע לשיער פרוטאין קולור- 7.66 אדום זוהר,אינדולה Indola,DE,אינדולה פרוטאין קולור שפו,מיליליטרים,60.00,"100 מ""ל",false,,12.90,0.2150,true,1,1238689
4045787068542,false,"אינדולה - פרוטאין צבע 8 בלונד בהיר 60 מ""ל",אינדולה Indola,DE,אינדולה פרוטאין קולור שפו,מיליליטרים,60.00,"100 מ""ל",false,,12.90,0.2150,true,1,1238690
4045787068566,false,"אינדולה - פרוטאין צבע 8-3 בלונד שמש 60 מ""ל",אינדולה Indola,DE,אינדולה פרוטאין קולור שפו,מיליליטרים,60.00,"100 מ""ל",false,,12.90,0.2150,true,1,1238691
4045787068610,false,"אינדולה - פרוטאין צבע 9 בלונד טבעי 60 מ""ל",אינדולה Indola,DE,אינדולה פרוטאין קולור שפו,מיליליטרים,60.00,"100 מ""ל",false,,12.90,0.2150,true,1,1238693
4052197000017,false,בירה בנדיקטינר בקבוק,בנדיקטינר וויצבראו,DE,בירה בנדקטינר,מיליליטרים,500.00,"100 מ""ל",false,,9.90,0.0198,true,1,2161669
4052197002806,false,בירה בנדקטינר פחית ר,בנדקטינר,,בירה בנדקטינר מארז ר,ליטרים,2.00,ליטר,false,,29.90,14.9500,true,1,2161673
4052197003254,false,בירה בנדיקטינר לאגר,בנדיקטינר וויצבראו,DE,בירה בנדקטינר,מיליליטרים,500.00,"100 מ""ל",false,,9.90,0.0198,true,1,2161674
4054596686939,false,נקסקר אקטיב טייפ,,,נקסקר אקטיב טייפ,יח',1.00,יח',false,,43.90,43.9000,true,1,2231916
4054596918320,false,נקסקר דואו מגוון 20,,,נקסקר דואו מגוון 20,יחידו,20.00,יחידו,false,,29.90,1.4950,true,1,2260130
4054596918337,false,נקסקר דואו מעטפית 8,,,נקסקר דואו מעטפית 8,יחידו,8.00,יחידו,false,,19.90,2.4875,true,1,2260131
4056800649792,false,"וולה - פלקס מוס לנפח ליומיים 200 מ""ל",,,וולה פלקס מוס לנפח ל,מיליליטרים,200.00,"100 מ""ל",false,,24.90,0.1245,true,1,2177590
4056800649884,false,"וולה - פלקס ספריי לנפח ליומיים 250 מ""ל",,,ספריי לשיער וולה פלק,מיליליטרים,250.00,"100 מ""ל",false,,29.90,0.1196,true,1,2180013
4056800693061,false,ג'ל לשיער וולה פלקס Wella flex,פרוקטר אנד גמבל,FR,"וולה פלקס ג'ל 150 מ""ל",מיליליטרים,150.00,"100 מ""ל",false,,11.90,0.0793,true,1,1225125
4056800777761,false,צבע לשיער קולסטון קיט 2/0 שחור,פרוקטר אנד גמבל,DE,קולסטון קיט 2/0 שחור,גרמים,165.00,100 גרם,false,,39.90,0.2418,true,1,1225131
4056800777853,false,צבע לשיער קולסטון קיט 4/0 חום בינוני,פרוקטר אנד גמבל,DE,קולסטון קיט 4/0 חום בינונ,גרמים,165.00,100 גרם,false,,39.90,0.2418,true,1,1225134
4056800777921,false,צבע לשיער קולסטון קיט 4/77 חום קטיפה,פרוקטר אנד גמבל,DE,קולסטון קיט 4/77 חום קטיפ,גרמים,165.00,100 גרם,false,,39.90,0.2418,true,1,1225135
4056800778430,false,צבע לשיער קולסטון קיט 6/73 חום זהוב,פרוקטר אנד גמבל,DE,קולסטון קיט 6/73 חום זהוב,גרמים,165.00,100 גרם,false,,39.90,0.2418,true,1,1225145
4056800912483,false,"וולה - פלקס מוס למראה שיער מלא 200 מ""ל",,,מוס לשיער למראה שיער,מיליליטרים,200.00,"100 מ""ל",false,,24.90,0.1245,true,1,2180006
4056800943739,false,קרם חמצן וולוקסון Welloxon 6%,פרוקטר אנד גמבל,FR,וולוקסון 6%,מיליליטרים,75.00,"100 מ""ל",false,,3.90,0.0520,true,1,1225165
4062400543125,false,טקילה סיירה זהב רפסדו,סיארה Sierra,MX,טקילה סיירה זהב,מיליליטרים,700.00,"100 מ""ל",false,,89.90,0.1284,true,1,2161726
4064666232386,false,"וולה - פלקס ספריי לעיצוב אולטרה גמיש 250 מ""ל",,,ספריי לעיצוב אולטרה,מיליליטרים,250.00,"100 מ""ל",false,,29.90,0.1196,true,1,2274631
4064666232393,false,"וולה - פלקס ספריי לשיער צבוע 250 מ""ל",,,ספריי לשיער צבוע ו,מיליליטרים,250.00,"100 מ""ל",false,,29.90,0.1196,true,1,2274632
4064666232409,false,"וולה - פלקס מוס לעיצוב אקסטרה גמיש 200 מ""ל",,,מוס לשיער וולה פלקס,מיליליטרים,200.00,"100 מ""ל",false,,24.90,0.1245,true,1,2274633
4064666232416,false,"וולה - פלקס מוס לעיצוב אולטרה גמיש 200 מ""ל",,,מוס לשיער וולה פלקס,מיליליטרים,200.00,"100 מ""ל",false,,24.90,0.1245,true,1,2274634
4064900061086,false,מחק פסטל צבעוני,,,מחק פסטל צבעוני,יחידה,0.00,יחידה,false,,2.90,0.0000,true,1,2213723
4066600601920,false,"בירה פאולנר פחית 500 מ""ל",פאולנר Paulaner,,"בירה פאולנר 500 מ""ל",מיליליטרים,500.00,"100 מ""ל",false,,10.90,0.0218,true,1,2141936
4066600612049,false,בירה פאולנר אוקטוברפ,מבשלת פאולנר,DE,בירה פאולנר אוקטוברפ,מיליליטרים,500.00,"100 מ""ל",false,,10.90,0.0218,true,1,2123923
4066600999614,false,"בירה פאולנר 500 מ""ל בקבוק",מבשלת פאולנר,DE,"בירה פאולנר 500 מ""ל",מיליליטרים,500.00,"100 מ""ל",false,,10.90,0.0218,true,1,1438012
4067600001123,false,פילה הרינג מעושן בשמ,,,לארסן פילה הרינג מעו,גרמים,190.00,100 גרם,false,,9.90,0.0521,true,1,2283342
4067700014849,false,ליקר ייגרייסטר 700 מ,מסט-יגרמייסטר,DE,ייגרמייסטר ליקר,מיליליטרים,700.00,"100 מ""ל",false,,79.90,0.1141,true,1,1405637
4067700018212,false,ייגרמייסטר ליקר+2 כו,יגרמייסטר,,ייגרמייסטר ליקר+2 כו,מיליליטרים,700.00,"100 מ""ל",false,,79.90,0.1141,true,1,2280919
4072700001171,false,בירה ספטאן לאגר גרמנ,Spaten,,בירה ספאטן לאגר גרמנ,מיליליטרים,500.00,"100 מ""ל",false,,9.90,0.0198,true,1,2183683
4072700001188,false,בקבוק בירה פרנסיסקאנר כהה,פרנסיסקאנר Franziskaner,DE,בירה פרנסיסקאנר כהה,מיליליטרים,500.00,"100 מ""ל",false,,9.90,0.0198,true,1,1239637
4072700001775,false,בירה פרנסיסקאנר בהירה מעוננת בפחית,פרנסיסקאנר Franziskaner,DE,בירה פרנסיסקאנר קריס,מיליליטרים,500.00,"100 מ""ל",false,,9.90,0.0198,true,1,1596420
4084500065536,false,"קרם לחות לחות מוגברת פנטן 300 מ""ל",פרוקטר אנד גמבל,FR,"קרם לחות פנטן 300 מ""",מיליליטרים,300.00,"100 מ""ל",false,,18.90,0.0630,true,1,1297933
4084500065598,false,"קרם לחות לתלתלים מושלמים פנטן 300מ""ל",פנטן Pantene,,"קרם לחות פנטן 300 מ""",מיליליטרים,300.00,"100 מ""ל",false,,18.90,0.0630,true,1,1311621
4084500081314,false,משחת שיניים פרו אקספרט לניקוי עמוק בטעם מנטה,אורל בי Oral B,,משחת שיניים אוראל בי,מיליליטרים,75.00,"100 מ""ל",false,,9.90,0.1320,true,1,2128894
4084500088917,false,"נוזל כלים פיירי לימון 650 מ""ל",פרוקטר אנד גמבל,GB,פיירי אוריגינל 750מ'ל,מיליליטרים,650.00,"100 מ""ל",false,,11.90,0.0183,true,1,1329453
4084500149526,false,טייד נוזל כביסה 2.48 ליטר,פרוקטר אנד גמבל,FR,טייד ג'ל 2.48 ליטר,ליטרים,2.48,ליטר,false,,29.90,12.0565,true,1,1225171
4084500178137,false,טייד נוזל כביסה 4 ליטר,פרוקטר אנד גמבל,FR,טייד ג'ל 4 ליטר,ליטרים,4.00,ליטר,false,,35.90,8.9750,true,1,1225172
4084500739253,false,"משחת שיניים אורל בי 3D white לובן מהודר 75 מ""ל",פרוקטר & גמבל,DE,אורל בי משחת שיניים,מיליליטרים,75.00,"100 מ""ל",false,,19.90,0.2653,true,1,2181551
4084500853553,false,"נוזל כלים פיירי אוריגינל 650 מ""ל",פרוקטר אנד גמבל,GB,פיירי אוריגינל 750מ'ל,מיליליטרים,650.00,"100 מ""ל",false,,11.90,0.0183,true,1,1329454
4084500853836,false,סבון כלים ורדים וסאטן,פרוקטר אנד גמבל,GB,פיירי אלוורה ומלפפונים 6,מיליליטרים,515.00,"100 מ""ל",false,,11.90,0.0231,true,1,1329457
4084500853898,false,סבון כלים אלוורה ומלפפונים,פרוקטר אנד גמבל,GB,פיירי אלוורה ומלפפונים 6,מיליליטרים,515.00,"100 מ""ל",false,,11.90,0.0231,true,1,1329458
4100130924002,false,בירה בקס ללא אלכוהול,,,בירה בק'ס שישייה ללא,ליטרים,1.65,ליטר,false,,24.90,15.0909,true,1,2183684
4100130937163,false,מארז בירה בקס שישייה,"איי, בי, אינבוו",DE,בירה בקס שישיה,ליטרים,1.65,ליטר,false,,24.90,15.0909,true,1,1596412
4102430003418,false,בירה ביטבורגר מארז ר,מבשלת ביטבורגר,,בירה ביטבורגר מארז ר,ליטרים,2.00,ליטר,false,,29.90,14.9500,true,1,2161676
4105120623941,false,"בירה ויינשטפן בק' ח""פ 500 מ""ל",ווינשטפן Weihenstephaner,DE,"בירה ויינשטפן 500 מ""",מיליליטרים,500.00,"100 מ""ל",false,,9.90,0.0198,true,1,1663998
4105120624412,false,"בירה וינשטפן ויטוס 500 מ""ל",קרלסברג ישראל,IL,בירה ויינשטפן ויטוס,מיליליטרים,500.00,"100 מ""ל",false,,10.90,0.0218,true,1,2199355
4210201176688,false,אורל בי ראש חשמלי סנסיטיב 4 יח',פרוקטר & גמבל,IE,4 ראש אורל בי ראש חש,יח',4.00,יח',false,,81.90,20.4750,true,1,2239147
4210201181477,false,ראשי מילוי למברשת שיניים חשמלית פרוזן,פרוקטר & גמבל,IE,4 ראש מברשת שיניים ח,יח',4.00,יח',false,,81.90,20.4750,true,1,1832000
4210201354369,false,ראש חשמלי קרוס אקשן 4 יח',,,4 ראש אורל בי ראש חש,יח',4.00,יח',false,,81.90,20.4750,true,1,2239148
4210201358725,false,ראש חשמלי 3d-white  4יח' אורל בי,,,אורל בי ראש חשמלי 43,יח',4.00,יח',false,,81.90,20.4750,true,1,2226300
4210201360742,false,אורל בי ראש חשמלי לניקוי יסודי 4 יח',פרוקטר & גמבל,IE,4 ראש אורל בי ראש חש,יח',4.00,יח',false,,81.90,20.4750,true,1,2239149
4210201365334,false,אורל בי ראש מילוי חשמלי פחם 4 יחידות,פרוקטר & גמבל,IE,4 ראש מברשת שיניים ח,יח',4.00,יח',false,,81.90,20.4750,true,1,2229646
4210201822448,false,מברשת שיניים חשמלית אדבנס פאוור,אורל בי Oral B,,מברשת שיניים עם סולל,יחידה,0.00,יחידה,false,,59.90,0.0000,true,1,1410655
4260147890513,false,אטריות ביצים דקות ורמיצ'לי 500ג',דין שיווק,PL,איטריות ורמיצ'לי איט,גרמים,500.00,100 גרם,false,,9.90,0.0198,true,1,1242888
4260147890551,false,איטריות ביצים רצועות,דין שיווק,PL,איטריות ביצים רצועות,גרמים,500.00,100 גרם,false,,9.90,0.0198,true,1,1242890
4260147890711,false,אטריות ביצים מגולגול 500 ג',דין שיווק,PL,איטריות ביצים מגולגל,גרמים,500.00,100 גרם,false,,9.90,0.0198,true,1,1242891
4260310552583,false,ג'ינג'ר אייל תומס הנ,,,ג'ינג'ר אייל תומס הנ,מיליליטרים,200.00,"100 מ""ל",false,,5.90,0.0295,true,1,1919452
4600659010854,false,וודקה סטולי בקבוק 70,איי. אס. לטבייאס בלז,LV,וודקה סטוליצ'ניה 700,מיליליטרים,700.00,"100 מ""ל",false,,59.90,0.0856,true,1,1248732
4600659011059,false,וודקה סטוליצ'ניה,סטוליצ'ניה Stolichnaya,,וודקה סטוליצניה,ליטרים,1.00,ליטר,false,,79.90,79.9000,true,1,1294838
4600659914015,false,וודקה סטולי גולד בקב,פארייפאבה אגרואינדוס,LV,וודקה סטולי גולד,מיליליטרים,700.00,"100 מ""ל",false,,79.90,0.1141,true,1,1248733
4601576004032,false,מיונז חלומי בטעם זיתים,OAO ZHIROVOY KOMBINA,,רוטב לסלט מצ'טה חוזי,גרמים,873.00,100 גרם,false,,19.90,0.0228,true,1,1249702
4603400000043,false,וודקה רוסקי סטנדרט ב,רוסקי סטנדרט וודקה,RU,"וודקה רוסקי 700מ""ל",מיליליטרים,700.00,"100 מ""ל",false,,69.90,0.0999,true,1,1249704
4603400000180,false,וודקה רוסקי סטנדרט פ,RUSSIAN STANDART,,"וודקה רוסקי 700מ""ל פ",מיליליטרים,700.00,"100 מ""ל",false,,99.90,0.1427,true,1,1249706
4603928000976,false,"וודקה בלוגה נובל 700 מ""ל+כוס",מרינסקי ליקרו-וודאצ',RU,"וודקה בילוגה 700 מ""ל",מיליליטרים,700.00,"100 מ""ל",false,,129.90,0.1856,true,1,1261283
4605246003523,false,תה שחור גרינפילד גול,גרינפילד Greenfield,RU,תה גרינפילד 25\1 שק ציילו,גרמים,50.00,100 גרם,false,,11.90,0.2380,true,1,1261631
4605246003585,false,תה ירוק גרינפילד סינ,גרינפילד Greenfield,RU,תה גרינפילד 25\1 שק ירוק,גרמים,50.00,100 גרם,false,,11.90,0.2380,true,1,1261633
4605246003738,false,תה ירוק גרינפילד יסמ,אורימי,RU,תה גרינפילד 25\1 שק ירוק,גרמים,50.00,100 גרם,false,,11.90,0.2380,true,1,1261634
4605246004278,false,תה שחור ארל גריי Earl Grey,גרינפילד Greenfield,RU,תה גרינפילד 25\1 שק ארל ג,גרמים,50.00,100 גרם,false,,11.90,0.2380,true,1,1261635
4605246004339,false,"תה גרינפילד שחור ""סא",גרינפילד Greenfield,RU,תה גרינפילד 25\1 שק פטל,גרמים,50.00,100 גרם,false,,11.90,0.2380,true,1,2177776
4605246004346,false,תה גרינפילד פירות וק,אורימי,RU,תה גרינפילד 25\1 שק קינמו,גרמים,37.50,100 גרם,false,,11.90,0.3173,true,1,2185093
4605246005251,false,תה שחור גרינפילד פיר,אורימי,RU,תה גרינפילד 25\1 שק ספרינ,גרמים,37.50,100 גרם,false,,11.90,0.3173,true,1,1261648
4605246009969,false,תה גרינפילד אוכמניות,אורימי,RU,תה גרינפילד 25\1 שק אוכמנ,גרמים,37.50,100 גרם,false,,11.90,0.3173,true,1,2185094
4605246013690,false,תה גרינפילד תערובת ח,,,תה גרינפילד תערובת ח,גרמים,50.00,100 גרם,false,,11.90,0.2380,true,1,2177777
4605246013881,false,תה ירוק גרינפילד גינ,אורימי,,תה גרינפילד בטעם ג'י,גרמים,37.50,100 גרם,false,,11.90,0.3173,true,1,2185097
4605246013904,false,תה גרינפילד פירות יע,אורימי,,תה גרינפילד פירות יע,גרמים,37.50,100 גרם,false,,11.90,0.3173,true,1,2185098
4605362008839,false,גרעיני חמניות קלויים,קה דה או קרסנודר,,גרעיני חמניות קלויים,גרמים,300.00,100 גרם,false,,12.90,0.0430,true,1,2183973
4605561010305,false,פילה הרינג עם שמיר בשמן חתיכות 500גר RS,,,פילה הרינג עם שמיר ב,גרמים,500.00,100 גרם,false,,26.90,0.0538,true,1,2260150
4605561010312,false,חתיכות פילה הרינג עם,,,חתיכות פילה הרינג עם,גרמים,200.00,100 גרם,false,,9.90,0.0495,true,1,2260151
4605561010343,false,פילה הרינג בשמן חתיכות 500גר RS,,,פילה הרינג בשמן חתיכ,גרמים,500.00,100 גרם,false,,26.90,0.0538,true,1,2260152
4605561010350,false,חתיכות פילה הרינג בשמן פלסטיק 200 גר RS,,,חתיכות פילה הרינג בש,גרמים,200.00,100 גרם,false,,9.90,0.0495,true,1,2260153
4605561011975,false,חתיכות פילה הרינג בשמן 150 גר RS,,,חתיכות פילה הרינג בש,גרמים,150.00,100 גרם,false,,7.90,0.0527,true,1,2260154
4607012351005,false,גרעיני חמניות קלויים,"נארז ע""י : א.ג. גילר",RU,גרעיני חמניות ללא מל,גרמים,200.00,100 גרם,false,,12.90,0.0645,true,1,1422960
4607012351999,false,גרעיני חמניות קלויים עם מלח,"נארז ע""י : א.ג. גילר",RU,גרעיני חמניות עם מלח,גרמים,200.00,100 גרם,false,,12.90,0.0645,true,1,1422961
4607012352453,false,גרעיני חמניות פסים קלויים עם מלח,מרטין,,גרעיני חמניות עם פסי,גרמים,150.00,100 גרם,false,,8.90,0.0593,true,1,1677422
4607012352538,false,גרעיני חמניות קלויים מיקס,מרטין,,גרעיני חמניות מיקס -,גרמים,200.00,100 גרם,false,,12.90,0.0645,true,1,1870881
4607012352606,false,גרעיני חמניות קלויים מיקס,מרטין,,גרעיני חמניות מיקס -,גרמים,200.00,100 גרם,false,,12.90,0.0645,true,1,1870882
4607051158092,false,תה קורטיס בננה 36 גר,או א.או מאי קומפני,,תה שחור,גרמים,34.00,100 גרם,false,,11.90,0.3500,true,1,2153988
4607051158306,false,תה שחור איזבלה גראפ,או א.או מאי קומפני,,תה שחור,גרמים,34.00,100 גרם,false,,11.90,0.3500,true,1,2153992
4607051159631,false,תה שחור ריצרד קינגס,או א.או מאי קומפני,,תה שחור,גרמים,25.00,100 גרם,false,,11.90,0.4760,true,1,2154360
4607051159938,false,תה שחור ריצ'ארד צאיל,,,תה שחור,גרמים,25.00,100 גרם,false,,11.90,0.4760,true,1,2154353
4607054451718,false,גרעינים טמבובסקי וול,או.או.או אגרוסווז,,גרעינים,גרמים,230.00,100 גרם,false,,10.90,0.0474,true,1,2153996
4607054451831,false,גרעינים טמבובסקי וול,או.או.או אגרוסווז,,גרעינים,גרמים,200.00,100 גרם,false,,10.90,0.0545,true,1,2153998
4607109409619,false,טבליות פיניש AIO MAX למדיח 25 יח',הדקלאים אגודת שיתופי,PL,פיניש 25 טבליות AIO,יח',25.00,יח',false,,29.90,1.1960,true,1,1402246
4620015850603,false,תה ירוק 200 גר,או א.או מאי קומפני,,תה שחור,גרמים,200.00,100 גרם,false,,21.90,0.1095,true,1,2183655
4620015851761,false,תה שחור,,,תה שחור,גרמים,25.00,100 גרם,false,,11.90,0.4760,true,1,2154363
4620015851860,false,תה שחור ריצארד רויאל,או א.או מאי קומפני,,תה שחור,גרמים,25.00,100 גרם,false,,11.90,0.4760,true,1,2154364
4620015851877,false,תה שחור ריצארד רויאל,או א.או מאי קומפני,,תה שחור,גרמים,25.00,100 גרם,false,,11.90,0.4760,true,1,2154365
4620015851884,false,תה שחור ריצארד רויאל,או א.או מאי קומפני,,תה שחור,גרמים,25.00,100 גרם,false,,11.90,0.4760,true,1,2154366
4620015852454,false,תה שחור RICHARD ROYA,או א.או מאי קומפני,,תה שחור,גרמים,200.00,100 גרם,false,,21.90,0.1095,true,1,2183658
4620015852966,false,תה שחור ריצרד רואיל,או א.או מאי קומפני,,תה שחור,גרמים,25.00,100 גרם,false,,11.90,0.4760,true,1,2154368
4620015852997,false,תה שחור,,,תה שחור,גרמים,25.00,100 גרם,false,,11.90,0.4760,true,1,2154371
4620015853031,false,תה שחור ריצרד רואיל,או א.או מאי קומפני,,תה שחור,גרמים,25.00,100 גרם,false,,11.90,0.4760,true,1,2154372
4620015853055,false,תה לבן ריצרד רואיל 2,או א.או מאי קומפני,,תה שחור,גרמים,25.00,100 גרם,false,,11.90,0.4760,true,1,2154373
4620015853130,false,תה שחור,,,תה שחור,גרמים,34.00,100 גרם,false,,11.90,0.3500,true,1,2183975
4620015854496,false,תה שחור,,,תה שחור,גרמים,25.00,100 גרם,false,,11.90,0.4760,true,1,2154374
4620015854526,false,תה שחור,,,תה שחור,גרמים,25.00,100 גרם,false,,11.90,0.4760,true,1,2154377
4620015858050,false,תה שחור דליקייט קרטי,,,תה שחור,גרמים,34.00,100 גרם,false,,11.90,0.3500,true,1,2245438
4640018993350,false,קפסולות למדיח פיניש קוואנטום לימון 30 יח',רקיט בנקיזר,PL,טבליות למדיח כלים 30,יח',30.00,יח',false,,39.90,1.3300,true,1,2157811
4640018993398,false,קפסולות ג'יל רגיל קואנטום 60 יח' פיניש,רקיט בנקיזר,PL,טבליות למדיח כלים 60,יח',60.00,יח',false,,54.90,0.9150,true,1,2157813
4710068001692,false,"מאסטר קפה לאטה פחית 240מ""ל",תאיט מרקטינג אנד דיס,,מאסטר קפה,מיליליטרים,240.00,"100 מ""ל",false,,5.90,0.0246,true,1,1224237
4710068001715,false,"מאסטר קפה טרמיסו 240 מ""ל",יוני פרזינדנט אנטרפר,,מאסטר קפה טרמיסו,מיליליטרים,250.00,"100 מ""ל",false,,5.90,0.0236,true,1,1224238
4710068001739,false,"מאסטר קפה קולומביאני 240 מ""ל",יוני פרזינדנט אנטרפר,,מאסטר קפה קולומביאני,מיליליטרים,250.00,"100 מ""ל",false,,5.90,0.0236,true,1,1224239
4710068002798,false,"מאסטר קפה ונילה פחית 240מ""ל",מאיטה פוד אינדוסטריא,,מאסטר קפה ונילה,מיליליטרים,240.00,"100 מ""ל",false,,5.90,0.0246,true,1,2082521
4711476002790,false,קפה קר פיפו לאטה זכו,,,קפה קר פיפו לאטה זכו,מיליליטרים,240.00,"100 מ""ל",false,,5.90,0.0246,true,1,2248882
4740098079309,false,סיידר פיז Fizz אוכמניות,CESU ALUS,,סיידר פיז אוכמניות 5,מיליליטרים,500.00,"100 מ""ל",false,,7.90,0.0158,true,1,1423141
4740098079316,false,סיידר פיז Fizz תות שדה,CESU ALUS,,סיידר פיז תות שדה 50,מיליליטרים,500.00,"100 מ""ל",false,,7.90,0.0158,true,1,1423142
4740098079323,false,"סיידר פיז אגס 500 מ""",CESU ALUS,,"סיידר פיז אגס 500 מ""",מיליליטרים,500.00,"100 מ""ל",false,,7.90,0.0158,true,1,2095163
4740098084440,false,סיידר פיז Fizz תפוח עץ,CESU ALUS,,סיידר פיז תפוח-עץ 50,מיליליטרים,500.00,"100 מ""ל",false,,7.90,0.0158,true,1,1524500
4740098090137,false,בירה IPA איי.פי.איי לבנה,א.לה קוק A.Le Coq,,בירה A.Le Coq איי פי,מיליליטרים,500.00,"100 מ""ל",false,,9.90,0.0198,true,1,2148199
4740098098331,false,קוקטייל בלו לגון לה,אה לי קוק,EE,בלו לאגון קוקטייל 33,מיליליטרים,330.00,"100 מ""ל",false,,9.60,0.0291,true,1,2282001
4740098098355,false,קוקטייל לה קוק מוחיט,אה לי קוק,EE,מוחיטו קוקטייל 330 מ,מיליליטרים,330.00,"100 מ""ל",false,,9.90,0.0300,true,1,2251509
4740098098379,false,קוקטייל לה קוק מרגרי,אה לי קוק,EE,מרגריטה קוקטייל 330,מיליליטרים,330.00,"100 מ""ל",false,,9.90,0.0300,true,1,2251510
4740098098393,false,מוחיטו קוקטייל סק או,,,מוחיטו קוקטייל סק או,מיליליטרים,330.00,"100 מ""ל",false,,9.90,0.0300,true,1,2251511
4750021000133,false,וודקה סטולי פרמיום,,,וודקה סטולי פרמיום,מיליליטרים,500.00,"100 מ""ל",false,,49.90,0.0998,true,1,2138165
4750021000799,false,וודקה סטוליצניה עילי,אס פי אי,,וודקה סטולי עלית,מיליליטרים,700.00,"100 מ""ל",false,,129.90,0.1856,true,1,1406184
4750021005091,false,וודקה סטוליצ'ניה קרמ,,,וודקה סטוליצ'ניה קרמ,מיליליטרים,700.00,"100 מ""ל",false,,64.90,0.0927,true,1,2281349
4750142002078,false,בירה צסו יורמלה פחית,"""cesu alus""",,בירה בפחית צ'סו יורמ,מיליליטרים,500.00,"100 מ""ל",false,,6.90,0.0138,true,1,2256639
4750142002719,false,בירה בפחית לא מסוננת,"""cesu alus""",,בירה בפחית לא מסוננת,מיליליטרים,500.00,"100 מ""ל",false,,6.90,0.0138,true,1,2256640
4750142003426,false,בירה פילזנר Pilsener אקסטרה,"""cesu alus""",,בירה פילזנר בהירה בפ,מיליליטרים,500.00,"100 מ""ל",false,,6.90,0.0138,true,1,2154257
4750142004980,false,בירה ציסו פרמיום פח,"""cesu alus""",,בירה צ'סו פרמיום 568,מיליליטרים,568.00,"100 מ""ל",false,,8.90,0.0157,true,1,2256632
4750142005000,false,בירה ציסו כהה בוהמיי,"""cesu alus""",,בירה צ'סו כהה בוהמיי,מיליליטרים,568.00,"100 מ""ל",false,,8.90,0.0157,true,1,2256633
4750142005062,false,בירה צסו ברוזה לא מס,,,בירה ברוז'ה לא מסונן,מיליליטרים,568.00,"100 מ""ל",false,,8.90,0.0157,true,1,2256634
4750142016518,false,בירה צ'סו Cesu לא מסוננת,צסו אלוס,LV,בירה צ'סו לא מסונן 5,מיליליטרים,568.00,"100 מ""ל",false,,8.90,0.0157,true,1,1423121
4750142021505,false,פחית בירה פילזנר Pilsener,צסו אלוס,LV,בירה פילזנר .בהירה ב,מיליליטרים,500.00,"100 מ""ל",false,,6.90,0.0138,true,1,1677388
4750616000258,false,שפרוטים גדולים מעושנים בשמן צמחי,בריויאס וילניוס,,שימורי דגים שפרוטים,גרמים,190.00,100 גרם,false,,7.90,0.0416,true,1,1924962
4750616000593,false,שפרוטים מעושנים בשמן צמחי,בריויאס וילניוס,,שימורי דגים שפרוטים,גרמים,190.00,100 גרם,false,,7.90,0.0416,true,1,1924963
4750616001361,false,שימורי הרינג מעושן בשמן צמחי,בריויאס וילניוס,,שימורי דגים סלאקה מע,גרמים,190.00,100 גרם,false,,7.90,0.0416,true,1,1825168
4750616001651,false,דגי שיפרוט גדולים מעושנים בשמן צמחי,בריויאס וילניוס,,שימורי דגים שפרוטים,גרמים,240.00,100 גרם,false,,7.90,0.0329,true,1,1825161
4750616002276,false,קילקה ברוטב עגבניות עם צ'ילי,בריויאס וילניוס,,שימורי דגים קילקה עם,גרמים,240.00,100 גרם,false,,4.90,0.0204,true,1,1825176
4750616002344,false,שימורי דגים קילקה עם,בריויאס וילניוס,,שימורי דגים קילקה עם,גרמים,240.00,100 גרם,false,,4.90,0.0204,true,1,1825178
4751007738064,false,שפרוטים מעושנים בשמן,,,לארסן שפרוטים מעושני,גרמים,160.00,100 גרם,false,,9.90,0.0619,true,1,2283343
4751007738101,false,סלט סלמון עם ירקות איטלקי 220 ג' לארסן,,,לארסן סלט סלמון עם י,גרמים,220.00,100 גרם,false,,9.90,0.0450,true,1,2283345
4770237050432,false,גלידת שמנת בטעם שוקולד פלומביר בגביע וופל אישי 70 גר' SVALIA,,,גלידה שוקולד פלומביר,גרמים,70.00,100 גרם,false,,5.90,0.0843,true,1,1973371
4770237052092,false,גלידת שמנת בטעם וניל בציפוי צימקאו בגביע וופל אישי 85 גר' SVALIA,,,גלידה סליבוצ'נויה בג,גרמים,85.00,100 גרם,false,,5.90,0.0694,true,1,1973372
4770237055574,false,גלידת שמנת בטעם וניל בגביע וופל עם שקדים בציפוי צימקאו SVALYA גר 85,,,גלידה SVALYA סליבוצ',גרמים,85.00,100 גרם,false,,5.90,0.0694,true,1,1973376
4770301236861,false,קוואס לבובסקי משקה ל,,,קוואס לבובסקי משקה ל,ליטרים,1.50,ליטר,false,,12.90,8.6000,true,1,2283307
4770608239305,false,מזון לחתול ויסקס פאו,ויסקס Whiskas,PL,ויסקס פאוצ' ג'וניור 100 ג,גרמים,100.00,100 גרם,false,,4.90,0.0490,true,1,1298760
4796019790013,false,שמן קוקוס אורגני גרי,כפרי בריא,,שמן קוקוס אורגני 300,מיליליטרים,300.00,"100 מ""ל",false,,19.90,0.0663,true,1,1406007
4796019790020,false,שמן קוקוס גרין קוקו,גרין קוקו,LK,שמן קוקוס אורגני 500,מיליליטרים,500.00,"100 מ""ל",false,,29.90,0.0598,true,1,1406008
4796019790037,false,שמן קוקוס אורגני גרי,כפרי בריא,,שמן קוקוס אורגני 1 ל,מיליליטרים,1000.00,"100 מ""ל",false,,49.90,0.0499,true,1,1406009
4800888150080,false,"דאב - דאודורנט רול און לאישה פרש טאצ' מלפפונים 50 מ""ל",יוניליוור פיליפינים,PH,דאב דאו רול-און פרש 50טאץ,מיליליטרים,50.00,"100 מ""ל",false,,17.90,0.3580,true,1,1255777
4800888209368,false,רקסונה - דאודורנט סטיק לגבר אקסטרא קול 50 גרם,,,דאודורנט סטיק רקסונה,מיליליטרים,50.00,"100 מ""ל",false,,16.90,0.3380,true,1,2149482
4800888209382,false,רקסונה - דאודורנט סטיק לאישה קריסטל 50 גרם,,,דאודורנט סטיק רקסונה,מיליליטרים,50.00,"100 מ""ל",false,,16.90,0.3380,true,1,2156629
4800888209405,false,רקסונה - דאודורנט סטיק לגבר קובלט דריי 50 גרם,רקסונה Rexona,,דאודורנט סטיק רקסונה,מיליליטרים,50.00,"100 מ""ל",false,,16.90,0.3380,true,1,2149484
4800888209429,false,רקסונה - דאודורנט סטיק לאישה כותנה נשים 50 גרם,,,דאודורנט סטיק רקסונה,מיליליטרים,50.00,"100 מ""ל",false,,16.90,0.3380,true,1,2154295
4800888210197,false,דאו' סטיק בניחוח קוקוס ויסמין 50 ג',,,דאב דאו סטיק קוקוס 5,גרמים,50.00,100 גרם,false,,18.90,0.3780,true,1,2134223
4800888219510,false,דאב - דאודורנט סטיק לאישה פרש מלפפונים 50 גרם,יוניליוור פיליפינים,IL,דאב דאו סטיק מלפפוני,גרמים,50.00,100 גרם,false,,18.90,0.3780,true,1,2210134
4800888219534,false,דאב - דאודורנט סטיק לאישה אנטי פרספירמט 50 גרם,יוניליוור פיליפינים,IL,דאב סטיק אורגינל 50,גרמים,50.00,100 גרם,false,,18.90,0.3780,true,1,2203796
4800888219541,false,רקסונה - דאודורנט סטיק לאישה פאוודר דרי 50 גרם,,,דאודורנט סטיק רקסונה,מיליליטרים,150.00,"100 מ""ל",false,,16.90,0.1127,true,1,2220011
4801234159856,false,מפיץ ריח ג'ל בניחוח מרכך כביסה,ג'ינסו ג'ונסון טונגד,ID,גלייד מיני ג'ל בניחוח מרכ,גרמים,75.00,100 גרם,false,,6.90,0.0920,true,1,1266454
4801234159863,false,מפיץ ריח ג'ל בניחוח חבצלות ופרחי בר,המאפיה של הרמן,ID,גלייד מיני ג'ל בניחוח חבצ,גרמים,75.00,100 גרם,false,,6.90,0.0920,true,1,1266455
4810168000011,false,פילה דג הרינג מלוח מצונן 250ג',,,פילה דג הרינג מלוח מ,גרמים,250.00,100 גרם,false,,13.90,0.0556,true,1,1973446
4810168000066,false,פילה דג הרינג מלוח מצונן עם תבלין 250ג,SANTA BREMOR,,פילה דג הרינג מלוח מ,גרמים,250.00,100 גרם,false,,13.90,0.0556,true,1,1973447
4810168000998,false,פילה דג הרינג מלוח מצונן עם בצל בצנצנת חתיכות 260ג',,,חתיכות פילה דג הרינג,גרמים,260.00,100 גרם,false,,17.90,0.0688,true,1,1973448
4810168001056,false,פילה דג הרינג מלוח מצונן בצנצנת חתיכות 260ג',,,חתיכות פילה דג הרינג,גרמים,260.00,100 גרם,false,,17.90,0.0688,true,1,1973449
4810168018795,false,חתיכות פילה דג הרינג מלוח מצונן 200ג',SANTA BREMOR,,חתיכות פילה דג הרינג,גרמים,200.00,100 גרם,false,,13.90,0.0695,true,1,1973450
4810168019051,false,חתיכות פילה דג הרינג מלוח מצונן עם תבלין 200ג',SANTA BREMOR,,חתיכות פילה דג הרינג,גרמים,200.00,100 גרם,false,,13.90,0.0695,true,1,1973451
4810168024512,false,פילה דג הרינג מלוח מצונן עם תבלין בצנצנת חתיכות 260ג,,,חתיכות פילה דג הרינג,גרמים,260.00,100 גרם,false,,17.90,0.0688,true,1,1973452
4810168037888,false,גלידה YUKKI אגוזים א,,,YUKKI גלידה פלומביר,גרמים,65.00,100 גרם,false,,5.90,0.0908,true,1,1973380
4810168038267,false,גלידת שמנת בטעם וניל פלומביר בציפוי צימקאו אסקימו 65 גר YUKKI,,,גלידה פלומביר אסקימו,גרמים,65.00,100 גרם,false,,5.90,0.0908,true,1,1973381
4810168038977,false,"גלידת שמנת בטעם וניל בגביע וופל אישי פלומביר ""75 ""YUKKIג'",,,"גלידה פלומביר בכוס """,גרמים,75.00,100 גרם,false,,5.90,0.0787,true,1,1973382
4810168038984,false,גלידת שמנת משובחת בטעם וניל וופל בין השכבות 80 גר YUKKI,,,גלידה פלומביר בריקט,גרמים,80.00,100 גרם,false,,5.90,0.0738,true,1,1973383
4810168038991,false,גלידה שוקולד פלומביר,,,גלידה שוקולד פלומביר,גרמים,75.00,100 גרם,false,,5.90,0.0787,true,1,1973384
4810168045906,false,גלידה שמנת וניל שקדי,,,גלידה שמנת וניל שקדי,גרמים,75.00,100 גרם,false,,7.90,0.1053,true,1,2233928
4810168053031,false,גלידה פלומביר יוקי ב,,,גלידה פלומביר בריקט,גרמים,80.00,100 גרם,false,,5.90,0.0738,true,1,2227751
4810168057435,false,חתיכות פילה דג הרינג מלוח בשמן מצונן 400 גר,,,חתיכות פילה דג הרינג,גרמים,400.00,100 גרם,false,,26.90,0.0672,true,1,2260162
4810168058975,false,חתיכות פילה דג הרינג סקנדינבי מלוח מצונן 260 גר,,,חתיכות פילה דג הרינג,גרמים,260.00,100 גרם,false,,17.90,0.0688,true,1,2265770
4810168058999,false,פילה דג הרינג סקנדינבי מלוח מצונן 250ג',,,פילה דג הרינג סקנדינ,גרמים,250.00,100 גרם,false,,13.90,0.0556,true,1,2260165
4820015165206,false,גלידת שמנת משובחת בטעם וניל בגביע וופל אישי פלומביר מס' 1 70 גר',ז'יטומרסקי זאבוד,,גלידה פלומביר בכוס מ,גרמים,70.00,100 גרם,false,,5.90,0.0843,true,1,1973392
4820080720584,false,וודקה חלבני דר קלאסיק,NATIONAL ALCOHOL COM,,"וודקה קלאסיק 700מ""ל",מיליליטרים,700.00,"100 מ""ל",false,,54.90,0.0784,true,1,1249712
4820080720768,false,וודקה חלבניי דאר חיט,NATIONAL ALCOHOL COM,,"וודקה פשניצניה 700מ""",מיליליטרים,700.00,"100 מ""ל",false,,54.90,0.0784,true,1,1249713
4820154722469,false,גלידה אסקימוס כוס ונ,ז'יטומרסקי זאבוד,,"גלידה ""אסקימוס"" כוס",גרמים,80.00,100 גרם,false,,5.90,0.0738,true,1,1973404
4823077602863,false,סוכריות טופי בטעם חל,רושן,UA,סוכ.דבורה משוגעת 200 ג בש,גרמים,200.00,100 גרם,false,,6.90,0.0345,true,1,2205868
4823077604379,false,סוכריות קשות במילוי,קייב קרמנציק,,סוכריות קשות במילוי,גרמים,1000.00,100 גרם,false,,24.90,0.0249,true,1,1973240
4823077608513,false,סוכריות טופי חלב Korivka,רושן Roshen,,סוכריות טופי חלב קור,גרמים,205.00,100 גרם,false,,6.90,0.0337,true,1,1973266
4823077608933,false,סוכריות שוקולד לצ'נה,,,סוכריות שוקולד לצ'נה,גרמים,1000.00,100 גרם,false,,54.90,0.0549,true,1,1973268
4823077612732,false,סוכריות קשות ממולאות,קייב קרמנציק,,סוכריות קשות ממולאות,גרמים,150.00,100 גרם,false,,4.90,0.0327,true,1,2036416
4823077613203,false,שוקולד מריר עם אגוזי לוז שלמים,רושן Roshen,,שוקולד רושן מריר + פ,גרמים,90.00,100 גרם,false,,7.90,0.0878,true,1,1973273
4823077613630,false,חטיף שוקולד חלב במילוי קרם ברולה,רושן Roshen,,חטיף שוקולד באטונצ'י,גרמים,40.00,100 גרם,false,,3.90,0.0975,true,1,2197368
4823077614675,false,ביסקוויט לקפה רושן18,קייב קרמנציק,,ביסקוויט לקפה רושן,גרמים,185.00,100 גרם,false,,3.90,0.0211,true,1,2280159
4823077614699,false,ביסקוויט לקפה רושן ב,קייב קרמנציק,,ביסקוויט לקפה רושן,גרמים,185.00,100 גרם,false,,3.90,0.0211,true,1,2280160
4823077614767,false,שוקולד רושן חלב נוגט,רושן,,שוקולד רושן חלב נוגט,גרמים,90.00,100 גרם,false,,4.90,0.0544,true,1,2213658
4823077614804,false,שוקולד חלב בטעם אוכמניות,רושן Roshen,,שוקולד חלב נוגט בטעם,גרמים,90.00,100 גרם,false,,4.90,0.0544,true,1,1973278
4823077617041,false,חטיף שוקולד חלב במילוי קרמל,רושן Roshen,,חטיף שוקולד באטונצ'י,גרמים,40.00,100 גרם,false,,3.90,0.0975,true,1,1973282
4823077618161,false,וופל רול קונאפטו חלב,רושן,,"גליליות רושן ""קונאפט",גרמים,140.00,100 גרם,false,,6.90,0.0493,true,1,2280170
4823077618901,false,בונבוניירה שוטרס רום,רושן,,בונבוניירה שוטרס רום,גרמים,150.00,100 גרם,false,,12.90,0.0860,true,1,1973283
4823077621635,false,וופל רושן בטעם חלב 7,Unknown,,וופל רושן אישי,גרמים,72.00,100 גרם,false,,3.90,0.0542,true,1,2236295
4823077621642,false,וופל רושן בטעם שוקול,Unknown,,וופל רושן אישי,גרמים,72.00,100 גרם,false,,3.90,0.0542,true,1,2236296
4823077621659,false,וופל רושן בטעם אגוז,Unknown,,וופל רושן אישי,גרמים,72.00,100 גרם,false,,3.90,0.0542,true,1,2236297
4823077623714,false,סוכריות טופי בטעם חל,רושן,,סוכריות טופי בטעם חל,גרמים,180.00,100 גרם,false,,6.90,0.0383,true,1,1973294
4823077624223,false,סוכריות ג'לי בטעמי פירות Summer Mix,רושן Roshen,,"ממתקי ג'ילי ""בוני פר",גרמים,200.00,100 גרם,false,,6.90,0.0345,true,1,2093421
4823077625145,false,ממתקי שוקולד מריר עם דובדבן בליקר דובדבן,רושן Roshen,,בונבוניירה דובדבן+ ל,גרמים,155.00,100 גרם,false,,12.90,0.0832,true,1,2022472
4823077625589,false,וופל רושן בטעם חלב 2,,,וופל רושן בטעם חלב,גרמים,216.00,100 גרם,false,,6.90,0.0319,true,1,2280171
4823077625602,false,וופל רושן בטעם שוקול,,,וופל רושן בטעם שוקול,גרמים,216.00,100 גרם,false,,6.90,0.0319,true,1,2280172
4823077626203,false,שוקולד רושן אוורירי,רושן Roshen,,שוקולד אורירי חלב 80,גרמים,80.00,100 גרם,false,,6.90,0.0863,true,1,2093422
4823077626227,false,שוקולד רושן אוורירי,רושן Roshen,,שוקולד אורירי חלב 80,גרמים,80.00,100 גרם,false,,6.90,0.0863,true,1,2093423
4823077626241,false,שוקולד אורירי לבן קרמל,רושן Roshen,,שוקולד אורירי לבן קר,גרמים,80.00,100 גרם,false,,6.90,0.0863,true,1,2093424
4823077626364,false,שוקולד רושן אוורירי,רושן Roshen,,שוקולד אורירי לבן 80,גרמים,80.00,100 גרם,false,,6.90,0.0863,true,1,2093425
4823077629136,false,שוקולד חלב לקמי רושן,,,שוקולד רושן חלב,גרמים,90.00,100 גרם,false,,6.90,0.0767,true,1,2265320
4823077630422,false,קרקר סנדוויץ חלב וני,רושן,,סנדוויץ קרקר רושן,גרמים,235.00,100 גרם,false,,9.90,0.0421,true,1,2235239
4823077630439,false,סנדוויץ' קרקר שוקולד,רושן,,סנדוויץ קרקר רושן,גרמים,235.00,100 גרם,false,,9.90,0.0421,true,1,2235240
4823077630996,false,קרקר סנדוויץ קקאו אג,רושן,,סנדוויץ קרקר רושן,גרמים,235.00,100 גרם,false,,9.90,0.0421,true,1,2235241
4823077631467,false,קרקר עם מלח ים רושן,רושן,,קרקר עם מלח ים רושן,גרמים,168.00,100 גרם,false,,4.90,0.0292,true,1,2280161
4823077631474,false,קרקר קלאסי רושן 168,רושן,,קרקר קלאסי רושן,גרמים,168.00,100 גרם,false,,4.90,0.0292,true,1,2280162
4823077631856,false,וופל רול קונאפטו קוק,רושן,,"גליליות רושן ""קונאפט",גרמים,140.00,100 גרם,false,,6.90,0.0493,true,1,2280174
4823077631863,false,וופל רול קונאפטו וני,רושן,,"גליליות רושן ""קונאפט",גרמים,140.00,100 גרם,false,,6.90,0.0493,true,1,2280175
4823077632112,false,וופל רושן בטעם קקאו,,,וופל רושן בטעם קקאו,גרמים,216.00,100 גרם,false,,6.90,0.0319,true,1,2280176
4823077632259,false,חטיף שוקולד חלב ובוטנים,רושן Roshen,,חטיף שוקולד חלב ממו,גרמים,40.00,100 גרם,false,,3.90,0.0975,true,1,2190967
4823077632570,false,שוקולד רושן מריר 85,רושן,,שוקולד רושן מריר,גרמים,85.00,100 גרם,false,,6.90,0.0812,true,1,2212263
4823077632587,false,שוקולד רושן חלב עם ש,רושן,,שוקולד רושן חלב,גרמים,90.00,100 גרם,false,,7.90,0.0878,true,1,2212269
4823077633034,false,"גליליות רושן ""קונאפט",רושן,,"גליליות רושן ""קונאפט",גרמים,140.00,100 גרם,false,,6.90,0.0493,true,1,2280177
4823077633058,false,"גליליות רושן ""קונאפט",רושן,,"גליליות רושן ""קונאפט",גרמים,140.00,100 גרם,false,,6.90,0.0493,true,1,2280178
4823077633317,false,עוגיות לוויטה שוקולד,,,עוגיות שוקולד עם חתי,גרמים,150.00,100 גרם,false,,6.90,0.0460,true,1,2280179
4823077633324,false,עוגיות שוקוציפס לווי,,,עוגיות שוקוצ'יפס חתי,גרמים,150.00,100 גרם,false,,6.90,0.0460,true,1,2280180
4823077633331,false,עוגיות רושן לוויטהבט,,,עוגיות רושן בטעם תפ,גרמים,150.00,100 גרם,false,,6.90,0.0460,true,1,2280181
4823077633348,false,עוגיות רושן לוויטה ע,,,עוגיות רושן עם חתיכ,גרמים,150.00,100 גרם,false,,6.90,0.0460,true,1,2280182
4823077633508,false,רושן חטיף וופל במילו,,,וופל רושן אישי,גרמים,72.00,100 גרם,false,,3.90,0.0542,true,1,2265314
4823077633515,false,רושן חטיף וופל במילו,,,וופל רושן אישי,גרמים,72.00,100 גרם,false,,3.90,0.0542,true,1,2265315
4823077633690,false,בונבוניירה רושן שוטר,רושן,,בונבוניירה רושן שוטר,גרמים,155.00,100 גרם,false,,12.90,0.0832,true,1,2226533
4823077634116,false,סוכריות רושן קורובקה,,,סוכריות רושן קורובקה,יחידה,0.00,יחידה,false,,24.90,0.0000,true,1,2208677
4823077634178,false,עוגיות רושן לוויטה ב,,,עוגיות במילוי תפוח ו,גרמים,168.00,100 גרם,false,,6.90,0.0411,true,1,2235257
4823077634222,false,עוגיות Lovita ממולאות ג'לי תפוז מצופות צימקאו,רושן Roshen,,עוגיות במילוי תפוז,גרמים,135.00,100 גרם,false,,6.90,0.0511,true,1,2235264
4823077634246,false,עוגיות Lovita ממולאות ג'לי פטל מצופות צימקאו,רושן Roshen,,עוגיות במילוי פטל,גרמים,135.00,100 גרם,false,,6.90,0.0511,true,1,2235265
4823077634277,false,עוגיות Lovita ממולאות ג'לי תות שדה מצופות צימקאו,רושן Roshen,,עוגיות במילוי תות שד,גרמים,135.00,100 גרם,false,,6.90,0.0511,true,1,2235266
4823077634369,false,שוקולד רושן חלב אוור,,,שוקולד רושן חלב,גרמים,85.00,100 גרם,false,,6.90,0.0812,true,1,2265321
4823077634420,false,עוגות אישיות מצופות,,,עוגות אישיות מצופות,גרמים,270.00,100 גרם,false,,13.90,0.0515,true,1,2235274
4823077634741,false,עוגיות רושן לוויטה ב,,,עוגיות במילוי תות ש,גרמים,168.00,100 גרם,false,,6.90,0.0411,true,1,2235259
4823077635533,false,חטיף וופל רושן קרם ח,,,חטיף וופל רושן קרם ח,גרמים,350.00,100 גרם,false,,14.90,0.0426,true,1,2280184
4823077635793,false,וופלים דקיקים רושן ס,Unknown,,וופלים דקיקים רושן,גרמים,55.00,100 גרם,false,,4.90,0.0891,true,1,2280163
4823077635809,false,וופלים דקיקים רושן ס,Unknown,,וופלים דקיקים רושן,גרמים,55.00,100 גרם,false,,4.90,0.0891,true,1,2280164
4823077635816,false,וופלים דקיקים רושן ס,Unknown,,וופלים דקיקים רושן,גרמים,55.00,100 גרם,false,,4.90,0.0891,true,1,2280165
4823077636004,false,עוגיות Lovita ממולאות ג'לי דובדבן מצופות צימקאו,רושן Roshen,,עוגיות במילוי קקאו ד,גרמים,135.00,100 גרם,false,,6.90,0.0511,true,1,2235267
4823077636172,false,וופל רושן בטעם לימון,,,וופל רושן בטעם לימון,גרמים,216.00,100 גרם,false,,6.90,0.0319,true,1,2280185
4823077636332,false,עוגיות לוויטה במילוי,,,עוגיות רושן במילוי ק,גרמים,150.00,100 גרם,false,,6.90,0.0460,true,1,2281464
4823077636400,false,עוגיות לוויטה במילוי,,,עוגיות רושן במילוי ק,גרמים,150.00,100 גרם,false,,6.90,0.0460,true,1,2281465
4823077636417,false,עוגיות לוויטה במילוי,,,עוגיות רושן במילוי ק,גרמים,150.00,100 גרם,false,,6.90,0.0460,true,1,2281470
4823077636547,false,סוכריות ממולאות בטעם,רושן,,סוכריות ממולאות בטעם,גרמים,468.00,100 גרם,false,,11.90,0.0254,true,1,2280190
4823077636554,false,סוכריות ממולאות קרם,רושן,,סוכריות ממולאות קרם,גרמים,378.00,100 גרם,false,,11.90,0.0315,true,1,2280191
4823077636561,false,סוכריות ממולאות בטעם,רושן,,סוכריות ממולאות בטעם,גרמים,378.00,100 גרם,false,,11.90,0.0315,true,1,2280192
4823077636578,false,סוכריות טופי כוס חלב,רושן,,סוכריות טופי כוס חלב,גרמים,325.00,100 גרם,false,,11.90,0.0366,true,1,2280193
4823077636585,false,סוכריות רושן טופי מי,רושן,,סוכריות רושן טופי,גרמים,325.00,100 גרם,false,,11.90,0.0366,true,1,2280194
4823077636592,false,סוכריות גלי רושן קרי,רושן,,סוכריות ג'לי רושן,גרמים,378.00,100 גרם,false,,11.90,0.0315,true,1,2280195
4823077636608,false,סוכריות טופי רושן במ,רושן,,סוכריות טופי רושן במ,גרמים,325.00,100 גרם,false,,11.90,0.0366,true,1,2280196
4823092700926,false,חלווה חמניות בטעם ונ,או.או.או. דרוז'קבסקי,,חלבה חמניות וניל 200,גרמים,200.00,100 גרם,false,,5.90,0.0295,true,1,1423467
4823092700964,false,חלווה חמניות עם בוטנ,או.או.או. דרוז'קבסקי,,חלבה חמניות עם בוטני,גרמים,200.00,100 גרם,false,,5.90,0.0295,true,1,1423468
4823097809778,false,גלידה בריקט שוקולד 9,ז'יטומרסקי זאבוד,,גלידה בריקט שוקולד 9,גרמים,90.00,100 גרם,false,,5.90,0.0656,true,1,2210235
4823097810019,false,גלידת שמנת ונילה קרמ,,,"גביע ""אמפרזה"" טריפל",גרמים,100.00,100 גרם,false,,7.90,0.0790,true,1,2227761
4823097810026,false,"גלידת בטעם קולה בגביע וופל ""אמפרזה"" 100 גר'",,,"גביע ""אמפרזה"" טריפל",גרמים,100.00,100 גרם,false,,7.90,0.0790,true,1,2227762
4840008018319,false,דובשניות עם שזיף 400,פרנזלוטה,,דובשניות עם שזיף -40,גרמים,400.00,100 גרם,false,,7.90,0.0198,true,1,1822622
4840008018333,false,דובשניות פרנזולטה בט,פרנזלוטה,,דובשניות בטעם דבש 40,גרמים,400.00,100 גרם,false,,7.90,0.0198,true,1,1822623
4840008018371,false,דובשניות צפניות-סברנ,פרנזלוטה,,דובשניות צפניות-סברנ,גרמים,400.00,100 גרם,false,,7.90,0.0198,true,1,1822624
4840709002440,false,ברנדי קווינט כשר 500,,,ברנדי קווינט,מיליליטרים,500.00,"100 מ""ל",false,,54.90,0.1098,true,1,1870928
4860009000014,false,מיץ רימונים 100% סחוט ללא תוספת סוכר,Aromaproduct ltd,,נקטר רימונים 100% טב,ליטרים,1.00,ליטר,false,,19.90,19.9000,true,1,1254158
4860019001346,false,מים מינרליים בורזומי,אי די אס בורגומי,,מים בורזומי מינרליים,מיליליטרים,500.00,"100 מ""ל",false,,6.90,0.0138,true,1,1249717
4860019001414,false,מים מינירליים בורגומ,אי.די.אס בורג'יומי,,מים בורג'ומי מינרלים,מיליליטרים,750.00,"100 מ""ל",false,,6.90,0.0092,true,1,1249719
4860019001421,false,מים מינירליים בורגומ,,,מים בורזום טבעיים מא,ליטרים,4.50,ליטר,false,,39.90,8.8667,true,1,2034615
4865602000027,false,מים מינרלים נבגלבי מ,נבגלבי,,מים מינרלים נבגלבי מ,ליטרים,1.00,ליטר,false,,8.20,8.2000,true,1,1822625
4891228304454,false,שיק היידרו 5 סנס מכשיר + סכין,,CN,מכשיר שיק היידרו 5 ס,יחידה,0.00,יחידה,false,,49.90,0.0000,true,1,1994938
4891228304478,false,"שיק היידרו 5 סנס סכינים, רביעיה",שיק Schick,CN,רביעיית סכינים שיק ה,יח',4.00,יח',false,,59.90,14.9750,true,1,1994939
4891228430030,false,סכיני גילוח שיק אקזקטה 2 לעור רגיש ירוק 5 יח',אנרג'יזר Energizer,CN,שיק אקזקטה2 רגיש חמישייה,יח',5.00,יח',false,,9.90,1.9800,true,1,1253350
4891228430061,false,סכיני גילוח שיק אקזקטה 2 לנשים ורוד 10 יח',הנסיך- מפעל לייצור ט,CN,שיק אקזקטה2 נשים עשירייה,יח',10.00,יח',false,,24.90,2.4900,true,1,1253352
4891228430085,false,שיק אקסטרים 3 קומפורט + רגיש 4 יחידות,אנרג'יזר Energizer,CN,שיק אקסטרים 3 קומפורט + ר,יח',4.00,יח',false,,19.90,4.9750,true,1,1253353
4903001904192,false,"רוטב סויה יאמסה פרימיום 500 מ""ל",הדקלאים אגודת שיתופי,JP,רוטב סויה יאמסה פרימיום 5,מיליליטרים,500.00,"100 מ""ל",false,,17.90,0.0358,true,1,1241919
4903001925784,false,סויה יאמאסה 500 מל דל נתרן,הדקלאים אגודת שיתופי,JP,רוטב סויה יאמאסה פרמיום ד,מיליליטרים,500.00,"100 מ""ל",false,,17.90,0.0358,true,1,1241920
4903001930993,false,רוטב טריאקי יאמאסה 5,יאמאסה yamasa,JP,רוטב טריאקי יאמסה,מיליליטרים,500.00,"100 מ""ל",false,,17.90,0.0358,true,1,1349165
4903001945706,false,רוטב סויה ימאסה פונז,יאמאסה yamasa,,רוטב סויה ימאסה פונז,מיליליטרים,500.00,"100 מ""ל",false,,21.90,0.0438,true,1,2233741
5000054351900,false,פריסקיז דגי אוקיינוס,פורינה,US,פריסקיז פטה דג אוקיי,גרמים,156.00,100 גרם,false,,4.90,0.0314,true,1,2265753
5000054353300,false,פריסקיז פטה סלומון 2,פורינה,US,פריסקיז פטה סלומון,גרמים,156.00,100 גרם,false,,4.90,0.0314,true,1,2265754
5000054355700,false,פריסקיז פטה הודו 156,פורינה,US,פריסקיז פטה הודו,גרמים,156.00,100 גרם,false,,4.90,0.0314,true,1,2265755
5000054357100,false,פריסקיז פטה מיקס גרי,פורינה,US,פריסקיז פטה מיקס גרי,גרמים,156.00,100 גרם,false,,4.90,0.0314,true,1,2265756
5000054359500,false,פריסקיז פטה כבד ועוף,פורינה,US,פריסקיז פטה כבד ועוף,גרמים,156.00,100 גרם,false,,4.90,0.0314,true,1,2265757
5000111041065,false,רוטב ווסטרשייר היינץ,תאי פרזידנט פוד פאבל,,רוטב ווסטרשייר היינץ,מיליליטרים,150.00,"100 מ""ל",false,,10.90,0.0727,true,1,2099923
5000127533196,false,"קלוגס ווראייטי, 191 גרם",חברת קלוגס בריטניה,GB,קלוגס ווראייטי 191 ג,גרמים,191.00,100 גרם,false,,22.90,0.1199,true,1,1925710
5000146048671,false,בראסו מטליות לניקוי כלי נחושת,רקיט בנקיזר,PT,סילבו (בד75*6) גרם,גרמים,75.00,100 גרם,false,,14.90,0.1987,true,1,1227083
5000146048688,false,בראסו מטליות לניקוי כלי נחושת,רקיט בנקיזר,PT,בראסו (בד75*6) גרם,גרמים,75.00,100 גרם,false,,14.90,0.1987,true,1,1227084
5000146057710,false,ספריי רב שימושי לחלונות ומשטחים ווינדולין Windolene,רקיט בנקיזר,PL,גלסקס חלונות 750 מל,מיליליטרים,750.00,"100 מ""ל",false,,7.90,0.0105,true,1,1227086
5000146401568,false,וולייט דפים למניעת העברת צבע 10 דפים,ווליט Woolite,IT,וולייט דפים למניעת מעבר צ,יח',10.00,יח',false,,14.90,1.4900,true,1,1227091
5000157143365,false,מתבל בטעם מיונז וקטשופ היינץ 425 ג',היינץ Heinz,PL,מתבל בטעם מיונז וקטש,גרמים,425.00,100 גרם,false,,14.90,0.0351,true,1,2137978
5000159376655,false,סוכריות סקיטלס 38 גר פירות 38 גרם,ריגלי ממתקים,,סוכריות סקיטלס פירות,גרמים,38.00,100 גרם,false,,2.90,0.0763,true,1,1251470
5000159376792,false,סוכריות סקיטלס Skittles פירות חמוצים,ריגלי ממתקים,,סוכריות סקיטלס חמוץ,גרמים,38.00,100 גרם,false,,2.90,0.0763,true,1,1251471
5000159407236,false,מרס חטיף שוקולד 51גר,מרס הולנד בי.וי.,NL,51G 'מרס חטיף שוק,גרמים,51.00,100 גרם,false,,3.90,0.0765,true,1,1234842
5000159414197,false,מלטיזרס-כדורים פריכים בציפוי שוולד חלב 135 גרם,מרס שוקולד צ.אמריקה,NL,חטיף בוטנים m&m אריז,גרמים,135.00,100 גרם,false,,9.90,0.0733,true,1,2256681
5000159452977,false,מארז מיקס מיני חטיפי שוקולד,טוויקס Twix,NL,'מיקס חטיפי מיני 400 ג,גרמים,400.00,100 גרם,false,,19.90,0.0497,true,1,1234848
5000159461122,false,חטיף שוקולד סניקרס 50 ג',"נארז ע""י : א.ג. גילר",NL,50G סניקרס חטיף שוק,גרמים,57.00,100 גרם,false,,3.90,0.0684,true,1,1234851
5000159500692,false,בקבוק עם שוקולדים סל,מארס,NL,בקבוק עם שוקולדים סל,גרמים,312.00,100 גרם,false,,29.90,0.0958,true,1,2179616
5000159500845,false,סלבריישן מארז מתנה 196 גר,,,סלבריין מארז מתנה,גרמים,196.00,100 גרם,false,,17.90,0.0913,true,1,2267364
5000189974579,false,מארז מיני חטיפי קיט קט Kit Kat,נסטלה Nestle,,חטיף קיט קט מיני,גרמים,200.00,100 גרם,false,,12.90,0.0645,true,1,1708860
5000204048711,false,"קיווי לבישום נעלי ספורט 200 מ""ל",ג'ונסון אנד ג'ונסון,PL,משחה להגנת נעלי ספור,מיליליטרים,200.00,"100 מ""ל",false,,15.90,0.0795,true,1,2246474
5000204048742,false,"קיווי לבישום נעלי ספורט 100 מ""ל",,,בישום נעלי ספורט קיו,מיליליטרים,100.00,"100 מ""ל",false,,15.90,0.1590,true,1,2246475
5000204114867,false,גלייד ארוסול בניחוח וניל 300 מל,coster aerosol vail,,מטהר אוויר גלייד איר,מיליליטרים,300.00,"100 מ""ל",false,,9.90,0.0330,true,1,2134731
5000204114898,false,"גלייד ארוסול בניחוח מרכך כביסה 300 מ""ל",אס.סי גונוסון,NL,מטהר אוויר גלייד איר,מיליליטרים,300.00,"100 מ""ל",false,,9.90,0.0330,true,1,2134732
5000204114928,false,"גלייד ארוסול בניחוח דובדבן 300 מ""ל",coster aerosol vail,,מטהר אוויר גלייד איר,מיליליטרים,300.00,"100 מ""ל",false,,9.90,0.0330,true,1,2134721
5000204114959,false,"גלייד ארוסול בניחוח פריחה בלבן 300 מ""ל","אס.סי ג'ונסון,מידרכט",NL,מטהר אוויר גלייד איר,מיליליטרים,300.00,"100 מ""ל",false,,9.90,0.0330,true,1,2134738
5000204115048,false,"גלייד ארוסול בניחוח לבנדר 300 מ""ל","אס.סי ג'ונסון,מידרכט",NL,מטהר אוויר גלייד איר,מיליליטרים,300.00,"100 מ""ל",false,,9.90,0.0330,true,1,2134733
5000204133509,false,שקיות אחסון גדולות- 19 יח' זיפלוק,,,שקיות אחסון גדולות ז,יח',19.00,יח',false,,12.90,0.6789,true,1,2178315
5000204151022,false,"פלדג' אירוסול לניקוי רהיטים לבנדר 250 מ""ל",,,פלדג' תרסיס לניקוי ע,מיליליטרים,250.00,"100 מ""ל",false,,14.90,0.0596,true,1,2155038
5000204151053,false,"פלדג' אירוסול לניקוי רהיטים קלאסי 250 מ""ל",יורופרייטס,NL,פלדג' תרסיס לניקוי ע,מיליליטרים,250.00,"100 מ""ל",false,,14.90,0.0596,true,1,2155039
5000204151084,false,"פלדג' אירוסול לניקוי כללי לימון 250 מ""ל",פלדג' Pledge,,פלדג' תרסיס לניקוי ע,מיליליטרים,250.00,"100 מ""ל",false,,14.90,0.0596,true,1,2155046
5000204151381,false,"פלדג' אירוסול לניקוי אמבר וארגן 250 מ""ל","אס.סי ג'ונסון, אירופ",NL,פלדג' תרסיס לניקוי ע,מיליליטרים,250.00,"100 מ""ל",false,,14.90,0.0596,true,1,2155040
5000204153729,false,"גלייד מילוי אוטומטי לבנדר וניל 269 מ""ל",המאפיה של הרמן,TR,מילוי למטהר אוויר או,מיליליטרים,269.00,"100 מ""ל",false,,12.90,0.0480,true,1,2161265
5000204153842,false,"גלייד מילוי אוטומטי וניל 269 מ""ל",המאפיה של הרמן,TR,מילוי למטהר אוויר או,מיליליטרים,269.00,"100 מ""ל",false,,12.90,0.0480,true,1,2161273
5000204153903,false,"גלייד מילוי אוטומטי מרכך כביסה 269 מ""ל",קוסטר אירוסול ואלף ס,TR,מילוי למטהר אוויר או,מיליליטרים,269.00,"100 מ""ל",false,,12.90,0.0480,true,1,2161274
5000204155815,false,"גלייד מארז אוטומטי וניל 269 מ""ל",,,מטהר אוויר אוטומטי ג,גרמים,400.00,100 גרם,false,,49.90,0.1247,true,1,2161267
5000204167610,false,מטהר אוויר גלייד איר,,,מטהר אוויר גלייד איר,מיליליטרים,300.00,"100 מ""ל",false,,9.90,0.0330,true,1,2230213
5000204167856,false,מילוי למטהר אוויר או,,,מילוי למטהר אוויר או,מיליליטרים,269.00,"100 מ""ל",false,,12.90,0.0480,true,1,2230214
5000204196924,false,"נוזל מילוי 60 לילות זוג 36*2 מ""ל",Zobele Bulgaria,BG,זוג רייד נוזל מילויי,מיליליטרים,87.60,"100 מ""ל",false,,29.90,0.3413,true,1,2205737
5000204225655,false,מילוי למטהר אוויר או,,,מילוי למטהר אוויר או,מיליליטרים,269.00,"100 מ""ל",false,,12.90,0.0480,true,1,2230215
5000204226256,false,מטהר אוויר גלייד איר,,,מטהר אוויר גלייד איר,מיליליטרים,300.00,"100 מ""ל",false,,9.90,0.0330,true,1,2230216
5000204243000,false,"נוזל לאסלה אפרסק על חלל 750 מ""ל דאק",,NL,ט.דאק נוזל אפרסק על,מיליליטרים,750.00,"100 מ""ל",false,,12.90,0.0172,true,1,2246497
5000204243031,false,"נוזל לאסלה ירח פורח 750 מ""ל דאק",,NL,ט.דאק נוזל ירח פורח,מיליליטרים,750.00,"100 מ""ל",false,,12.90,0.0172,true,1,2246498
5000204254587,false,סבון מוצק לאסלהאפרסק על חלל 38.6 ג' דאק,,PL,דאק סבון ניקוי אסלה,גרמים,38.60,100 גרם,false,,7.90,0.2047,true,1,2246499
5000204254617,false,סבון מוצק לאסלה ירח פורח 38.6 ג' דאק,,PL,דאק סבון ניקוי אסלה,גרמים,38.60,100 גרם,false,,7.90,0.2047,true,1,2246477
5000204657913,false,"קיווי משחת נעליים שחור קטן 50מ""ל",ג' אל ראיה בוגור,ID,מ.נעליים שחור קיווי,מיליליטרים,50.00,"100 מ""ל",false,,4.90,0.0980,true,1,1842689
5000204658064,false,"קיווי אקספרס ספוג הברקה שחור 7מ""ל",המאפיה של הרמן,ID,קיווי אקספרס ספוג הברקה ש,מיליליטרים,6.00,"100 מ""ל",false,,14.90,2.4833,true,1,1266461
5000204658125,false,משחת נעליים מבריק ומגן בצבע חום,אס' סי' ג'ונסון במה,PL,קיווי קראון נוזלי מבריק ח,מיליליטרים,75.00,"100 מ""ל",false,,14.90,0.1987,true,1,1266462
5000204658187,false,"קיווי נוזל נעליים שחור 75מ""ל-חדש",אס' סי' ג'ונסון במה,PL,קיווי קראון נוזלי מבריק ש,מיליליטרים,75.00,"100 מ""ל",false,,14.90,0.1987,true,1,1266463
5000204660159,false,קיווי אקספרס ספוג הברקה שקוף,המאפיה של הרמן,ID,קיווי אקספרס ספוג הברקה ש,מיליליטרים,6.00,"100 מ""ל",false,,14.90,2.4833,true,1,1266465
5000204661392,false,"קיווי מ.נעלים קופסא שחור 100מ""ל",המאפיה של הרמן,ID,קיווי אקסטרא לארג' שחור(ג,מיליליטרים,100.00,"100 מ""ל",false,,8.90,0.0890,true,1,1266466
5000204886566,false,"תרסיס מנקה, מזין ומגן על העץ עם שמן תפוז טבעי",Jonson ג'ונסון,US,"פלדג' 473 ORANGE OILמ""ל",מיליליטרים,473.00,"100 מ""ל",false,,22.90,0.0484,true,1,1266469
5000207004981,false,מי פנים לעור רגיש קל,CILAG GMBH INTERNATI,IT,קק מי פנים לעור רגיש 200,מיליליטרים,200.00,"100 מ""ל",false,,38.90,0.1945,true,1,1253361
5000207007425,false,"קלין & קליר - קרם ג'ל גרגרים לניקוי 150 מ""ל",CILAG GMBH INTERNATI,FR,קק קרם גל גרגרים לניקוי 1,מיליליטרים,150.00,"100 מ""ל",false,,39.90,0.2660,true,1,1253364
5000213000359,false,בירה גינס בק 330 מל,קרלסברג יבוא יצוא,,"בירה ג'ינס 330 מ""ל ב",מיליליטרים,330.00,"100 מ""ל",false,,11.50,0.0348,true,1,1296375
5000213014905,false,בירה גינס פחית 440 מ,קרלסברג ישראל,IE,"גינס פחית 440 מ""ל",מיליליטרים,440.00,"100 מ""ל",false,,12.90,0.0293,true,1,1249901
5000267014203,false,ויסקי גוני ווקר אדום,אלכוהול (איי.בי.בי),,ג'וני ווקר אדום 700,מיליליטרים,700.00,"100 מ""ל",false,,79.90,0.1141,true,1,1265784
5000267024202,false,ויסקי גוני ווקר בלאק,אלכוהול (איי.בי.בי),,וויסקי ג'וני ווקר שח,מיליליטרים,700.00,"100 מ""ל",false,,119.00,0.1700,true,1,1265786
5000267024233,false,"וויסקי ג'וני בלאק לייבל עם פורר 700מ""ל",ג'וני ווקר Johnnie walker,,וויסקי ג'וני ווקר שח,מיליליטרים,700.00,"100 מ""ל",false,,119.00,0.1700,true,1,2083243
5000267179797,false,ויסקי גוני ווקר שחור,,,וויסקי ג'וני ווקר שח,מיליליטרים,700.00,"100 מ""ל",false,,119.00,0.1700,true,1,2278781
5000289925440,false,גין גורדון בקבוק 700,אלכסנדר גורדון ושות',,"ג'ין גורדון 700 מ""ל.",מיליליטרים,700.00,"100 מ""ל",false,,89.90,0.1284,true,1,1540553
5000299225004,false,וויסקי שיבאס רגאל 18,מזקקת האחים שיבאס,,וויסקי שיבאס רגאל 18,מיליליטרים,750.00,"100 מ""ל",false,,239.90,0.3199,true,1,1716370
5000299609347,false,וויסקי גלנליווט Glenlivet,גורג וגיי גי סמית,GB,ווסקי גלנליווט פאונד,מיליליטרים,700.00,"100 מ""ל",false,,149.90,0.2141,true,1,1557124
5000329002193,false,משקה ג'ין ביפאיטר 70,ג'יימס בורו,,משקה ג'ין ביפאיטר 70,מיליליטרים,700.00,"100 מ""ל",false,,89.90,0.1284,true,1,1332420
5000394002562,false,סוללות דורסל AA4,,,סוללות דורסל AA4,יחידה,0.00,יחידה,false,,16.90,0.0000,true,1,1426077
5000394002692,false,סוללות דורסל AAA4,,,סוללות דורסל AAA4,יח',4.00,יח',false,,16.90,4.2250,true,1,1426078
5000394017764,false,דורסל שמיניות AA פלו,,,סוללות דורסל AA8 פלו,יח',8.00,יח',false,,19.90,2.4875,true,1,1398274
5000394019089,false,סוללה פלוס פאוור 2 יחידות C דורסל,דורסל Duracell,US,2 סוללות C פלוס פאוו,יח',2.00,יח',false,,22.90,11.4500,true,1,1398279
5000394019171,false,סוללה פלוס פאוור 2 יחידות D דורסל,דורסל Duracell,US,2 סוללות D דורסל פלו,יח',2.00,יח',false,,22.90,11.4500,true,1,1398280
5000394105485,false,סוללות 9V פלוס פאוור,יוליניבר,MY,סוללות 9V פלוס פאוור,יח',1.00,יח',false,,22.90,22.9000,true,1,1398281
5000394140851,false,דורסל רביעיות AA פלוס פאוור 100%,Unknown,,סוללות דורסל AA4 פלו,יח',4.00,יח',false,,10.00,2.5000,true,1,2233372
5000394140899,false,סוללות AA דורסל פלוס - 8 יח',דורסל Duracell,,סוללות דורסל שמיניות,יח',8.00,יח',false,,19.90,2.4875,true,1,2239933
5000394140967,false,סוללות דורסל תריסר A,,,סוללות דורסל תריסר A,יח',12.00,יח',false,,30.90,2.5750,true,1,2239934
5000394141117,false,דורסל רביעיות AAA פלוס פאוור 100%,דורסל Duracell,,סוללות דורסל AAA4 פל,יח',4.00,יח',false,,10.00,2.5000,true,1,2233373
5000394141179,false,סוללות AAA דורסל פלוס - 8 יח',דורסל Duracell,,סוללות דורסל שמיניות,יח',8.00,יח',false,,19.90,2.4875,true,1,2239935
5000394141230,false,סוללות AAA דורסל פלוס - 12 יח',דורסל Duracell,,סוללות דורסל תריסר A,יח',12.00,יח',false,,30.90,2.5750,true,1,2239942
5000394142190,false,סוללות דורסל 9V פלוס,דורסל Duracell,,סוללות 9V פלוס פאוור,יח',1.00,יח',false,,20.90,20.9000,true,1,2265034
5000394203884,false,דורסל ליתיום 2016,דורסל Duracell,,דורסל ליתיום 2016,יח',2.00,יח',false,,14.90,7.4500,true,1,2159945
5000394203907,false,זוג סוללות דורסל לית,דורסל Duracell,,דורסל זוג סוללות לית,יח',2.00,יח',false,,14.90,7.4500,true,1,2159946
5000394203921,false,זוג סוללות ליתיום 2032 דורסל,דורסל Duracell,,דורסל זוג סוללות לית,יח',2.00,יח',false,,14.90,7.4500,true,1,2134667
5000396037531,false,מקוויטיס ביסקוויט מצופה שוקולד חלב 200 ג',ברנדס סרטרה נשיונל,,ביסקוויט מקוויטיס מצ,גרמים,200.00,100 גרם,false,,12.90,0.0645,true,1,1683693
5000396037548,false,ביסקוויט מקוויטיס מצופה שוקולד מריר 200 גר',ברנדס סרטרה נשיונל,,ביסקוויט מקוויטיס מצ,גרמים,200.00,100 גרם,false,,12.90,0.0645,true,1,1683694
5000396037944,false,מקוויטיס ביסקוויט אורגינל 250 גרם,ברנדס סרטרה נשיונל,,ביסקוויט מקוויטיס קל,גרמים,250.00,100 גרם,false,,10.90,0.0436,true,1,1683696
5010026515940,false,מורנפלייק מוזלי פרוטי 750 גרם,מורנפלייק Mornflake,,מוזלי קריספי פרוטי 7,גרמים,750.00,100 גרם,false,,23.90,0.0319,true,1,2246309
5010029000252,false,דיגני בריאות וויטביק,וויטביקס,GB,דיגני בריאות וויטביק,גרמים,430.00,100 גרם,false,,22.90,0.0533,true,1,1629986
5010029221084,false,דגני וויטביקס פרוטאין קראנץ' בטעם מקורי,טרופיקל דגיל תעשיות,,דגני בוקר וויטביקס פ,גרמים,450.00,100 גרם,false,,29.90,0.0664,true,1,1740359
5010038454831,false,בירה בלו מון בקבוק 3,בלו מון ברווינז קומפ,,בירה בלו מון.,מיליליטרים,355.00,"100 מ""ל",false,,9.90,0.0279,true,1,2130103
5010067322453,false,תחליף אבקת סוכר 280 ג' טרוביה,טרוביה Truvia,,טרוביה תחליף אבקת סו,גרמים,280.00,100 גרם,false,,24.90,0.0889,true,1,2278700
5010103800259,false,וויסקי גיי אנד בי.,גסטוריני אנד ברוקס,,וויסקי גיי אנד בי.,מיליליטרים,700.00,"100 מ""ל",false,,75.90,0.1084,true,1,1265791
5010106111956,false,וויסקי בלנטיין Ballantines,בלנטיינ'ס Ballantines,US,וויסקי בלנטיינס 1.לי,ליטרים,1.00,ליטר,false,,109.90,109.9000,true,1,1239541
5010182996799,false,ג'ל אסלה מנטרל ריחות בניחוח פרחי בר ורודים,דאופלור אס.פי.אי איט,IT,דאק ג'ל אסלה פרחי בר ורוד,מיליליטרים,55.00,"100 מ""ל",false,,9.90,0.1800,true,1,1266472
5010182997253,false,"רייד ארוסול קוטל ג''וקים - 300 מ""ל",אס.סי.ג'ונסון מידרכט,NL,"RAIDקוטל ג'וקים 300מ""ל",מיליליטרים,300.00,"100 מ""ל",false,,15.90,0.0530,true,1,1266474
5010182997338,false,"טואלט דאק ג'ל אסלה ניחוח רענן 55 מ""ל","איטיליאן פוד, אס.פי.",IT,ט.ד ג'ל אסלה ניחוח רענן י,מיליליטרים,55.00,"100 מ""ל",false,,9.90,0.1800,true,1,1266475
5010182997918,false,"טואלט דאק ג'ל אסלה בניחוח ים 55 מ""ל","איטיליאן פוד, אס.פי.",IT,ט.ד ג'ל אסלה ניחוח ים כחו,מיליליטרים,55.00,"100 מ""ל",false,,9.90,0.1800,true,1,1266479
5010182998847,false,"טואלט דאק נוזל לאסלה כחול 750 מ""ל",מיוצר עי קונדיטוריית,NL,"טואלט דאק נוזל כחול 750מ""",מיליליטרים,750.00,"100 מ""ל",false,,12.90,0.0172,true,1,1266480
5010182998861,false,"טואלט דאק נוזל לאסלה ירוק 750 מ""ל",מיוצר עי קונדיטוריית,NL,"טואלט דאק נוזל ירוק 750מ""",מיליליטרים,750.00,"100 מ""ל",false,,12.90,0.0172,true,1,1266481
5010265002836,false,פת פריכה ריביטה אורג,,,פת פריכ ה אורגינל 25,גרמים,250.00,100 גרם,false,,12.90,0.0516,true,1,1405893
5010265002911,false,פת פריכה ריביטה מקמח,,,פת פריכה מקמח שיפון,גרמים,250.00,100 גרם,false,,12.90,0.0516,true,1,2159873
5010327000046,false,וויסקי גרנט'ס סקוטי,"איי, בי, אינבוו",,וויסקי גראנטס.,מיליליטרים,700.00,"100 מ""ל",false,,74.90,0.1070,true,1,1248734
5010327000176,false,ויסקי גלנפידיך 12 שנ,ויליאם גראנט,,וויסקי גלנפידיך 700,מיליליטרים,700.00,"100 מ""ל",false,,149.00,0.2129,true,1,1248735
5010327105215,false,וויסקי מאנקי שולדר Monkey Shoulder,וויליאם גרנט ובניו,GB,מונקי שולדר וויסקי.,מיליליטרים,700.00,"100 מ""ל",false,,129.90,0.1856,true,1,1248736
5010327324333,false,ויסקי גלנפידיך סינגל,,,וויסקי גלנפידיך,מיליליטרים,700.00,"100 מ""ל",false,,189.00,0.2700,true,1,2130837
5010327399614,false,ויסקי גלנפידיך 12 שנ,ויליאם גראנט,GB,גלנפידיך 12 אמריקן,מיליליטרים,750.00,"100 מ""ל",false,,149.00,0.1987,true,1,2258427
5010478482814,false,"סוכריות מטלוס פירות 1 ק""ג בשקית",,,"סוכריות פירות 1 ק""ג",גרמים,1000.00,100 גרם,false,,39.90,0.0399,true,1,2077327
5010478484818,false,"סוכריות מטלוס מנטה 1 ק""ג בשקית",,,"סוכריות מנטה 1 ק""ג",גרמים,1000.00,100 גרם,false,,39.90,0.0399,true,1,2077328
5010622005012,false,חוט דנטלי אסנשייאל ללא שעווה 50 מטר,פרוקטר אנד גמבל,MX,חוט דנטלי אסנשייאל ללא שע,מטרים,50.00,מטר,false,,15.90,0.3180,true,1,1225237
5010622018258,false,אוראל בי חוט דנטלי ס,אורל בי Oral B,,אוראל בי חוט דנטלי ס,מטרים,25.00,מטר,false,,18.90,0.7560,true,1,1225241
5010677551281,false,"בקרדי בריזר לימון 275 מ""ל",בקרדי בריזר Bacardi Breezer,BE,בקרדי בריזר-לימון 27,מיליליטרים,275.00,"100 מ""ל",false,,12.90,0.0469,true,1,1239544
5010677551397,false,"בקרדי בריזר ליים 275 מ""ל בקבוק",בקרדי בריזר Bacardi Breezer,BE,בקרדי בריזר-לימון לי,מיליליטרים,275.00,"100 מ""ל",false,,12.90,0.0469,true,1,1305205
5010677552387,false,"בקרדי בריזר אננס 275 מ""ל בקבוק",בקרדי בריזר Bacardi Breezer,BE,בקרדי בריזר-אננס 275,מיליליטרים,275.00,"100 מ""ל",false,,12.90,0.0469,true,1,1239545
5010677554398,false,"בקרדי בריזר אבטיח 275 מ""ל בקבוק",בקרדי בריזר Bacardi Breezer,BE,בקרדי בריזר-אבטיח 27,מיליליטרים,275.00,"100 מ""ל",false,,12.90,0.0469,true,1,1239546
5010677714006,false,גין בומביי ספייר 700,בומביי ספיריטס,ES,ג'ין בומביי ספייר,מיליליטרים,700.00,"100 מ""ל",false,,119.90,0.1713,true,1,1731578
5010677850100,false,וודקה גריי גוס בקבוק,בקרדי מרטיני,FR,וודקה גריי גוס 700 מ,מיליליטרים,700.00,"100 מ""ל",false,,104.90,0.1499,true,1,2056392
5010724527511,false,בטיסט שמפו יבש בניחוח טרופי 200 מ'ל,בטיסט Batiste,,שמפו יבש בניחוח טרופ,מיליליטרים,200.00,"100 מ""ל",false,,24.90,0.1245,true,1,1568375
5011007003227,false,ויסקי גיימסון 1 ליטר,אייריש דיסטלריז,,וויסקי ג'ימסון 1 ליט,ליטרים,1.00,ליטר,false,,119.90,119.9000,true,1,1239548
5011026108033,false,וויסקי אירי טולמור דיו,פארייפאבה אגרואינדוס,IE,וויסקי אירי טולמור 7,מיליליטרים,700.00,"100 מ""ל",false,,84.90,0.1213,true,1,1248743
5011157630281,false,אורז לבן ארוך בסמטי טילדה Tilda,טילדה Tilda,GB,טילדה אורז בסמטי 1 קג,קילוגרמים,1.00,"ק""ג",false,,21.90,21.9000,true,1,1253365
5011157730271,false,אורז יסמין לבן ארוך טילדה,טילדה Tilda,,"אורז יסמין טילדה 1ק""",קילוגרמים,1.00,"ק""ג",false,,19.90,19.9000,true,1,2254652
5011166057109,false,ג'ין וויטלי ניל למונ,,,ג'ין וויטלי ניל למונ,מיליליטרים,700.00,"100 מ""ל",false,,129.00,0.1843,true,1,2281394
5011166062394,false,ג'ין ג'יי ג'יי וויטל,,,ג'ין ג'יי ג'יי וויטל,ליטרים,1.00,ליטר,false,,109.90,109.9000,true,1,2156252
5011408017526,false,אלנט ספריי לשיער חזק,,,אלנט ספריי לשיער חזק,מיליליטרים,200.00,"100 מ""ל",false,,24.90,0.1245,true,1,1218877
5011408027976,false,ספריי לשיער אלנט לשי,לוריאל Loreal,,ספריי לשיער אלנט לשי,מיליליטרים,400.00,"100 מ""ל",false,,29.90,0.0747,true,1,1218878
5013931015741,false,דיש מטיק - ידית הפלא לשטיפת כלים,דישמטיק Dish matic,,ידית הפלא לשטיפת כלי,יחידה,0.00,יחידה,false,,19.90,0.0000,true,1,2157753
5013931015758,false,דיש מטיק - ספוגי החלפה מארז 3 יחידות,דישמטיק Dish matic,,מארז 3 יח ספוג החלפה,יח',3.00,יח',false,,19.90,6.6333,true,1,2157754
5013931015789,false,ידית הפלא עם כרית פלדה דיש מטיק,דישמטיק Dish matic,,ידית הפלא עם כרית פל,יח',1.00,יח',false,,19.90,19.9000,true,1,2182061
5013931015819,false,מארז כריות פלדה דיש,דישמטיק Dish matic,,מארז כריות פלדה דיש,יח',2.00,יח',false,,19.90,9.9500,true,1,2182062
5013965948428,false,משחת שיניים פרו אקספרט לניקוי יסודי מנטה מעודן,אורל בי Oral B,,משחת שיניים אוראל בי,מיליליטרים,75.00,"100 מ""ל",false,,9.90,0.1320,true,1,2128895
5013965953354,false,"משחת שיניים אורל בי 123 פרש 100 מ""ל",פרוקטר אנד גמבל,,משחת שיניים אוראל בי,מיליליטרים,100.00,"100 מ""ל",false,,10.90,0.1090,true,1,1905105
5014271001210,false,מעדן פרי סנדלפור 4 פ,סנדלפור St.dalfour,FR,מעדן פרי סנדלפור 4 פ,גרמים,500.00,100 גרם,false,,24.90,0.0498,true,1,2152525
5014271001227,false,מעדן פרי סנדלפור משמ,סנדלפור St.dalfour,FR,מעדן פרי סנדלפור משמ,גרמים,500.00,100 גרם,false,,24.90,0.0498,true,1,2152526
5014271001234,false,מעדן פרי דובדבנים שחורים,סנדלפור St.dalfour,FR,מעדן פרי סנדלפור דוב,גרמים,500.00,100 גרם,false,,24.90,0.0498,true,1,2152527
5014271001241,false,מעדן פרי סנדלפור תות,סנדלפור St.dalfour,FR,מעדן פרי סנדלפור תות,גרמים,500.00,100 גרם,false,,24.90,0.0498,true,1,2152528
5014271002675,false,מעדן פרי תפוח וקינמון,סנדלפור St.dalfour,FR,מעדן תפוח וקינמון,גרמים,284.00,100 גרם,false,,16.90,0.0595,true,1,2072258
5014271300429,false,סן דלפו מעדן משמש ללא סוכר 284גר,סנדלפור St.dalfour,FR,מעדן ריבת משמש 284 גרם,גרמים,284.00,100 גרם,false,,16.90,0.0595,true,1,1244818
5014271310428,false,סן דלפו מעדן דבדבן שחור ללא סוכ 284 ג',המאפיה של הרמן,FR,מעדן ריבת דובדבנים 284 גר,גרמים,284.00,100 גרם,false,,16.90,0.0595,true,1,1244819
5014271330426,false,"מעדן סנט דלפור אוכמניות לל""ס 284ג'",סנדלפור St.dalfour,FR,מעדן ריבת אוכמניות 284 גר,גרמים,284.00,100 גרם,false,,16.90,0.0595,true,1,1244820
5014271350424,false,מעדן ארבע פירות סאנת דלפור 284 ג',המאפיה של הרמן,FR,מעדן ריבת פירות 284 גרם,גרמים,284.00,100 גרם,false,,16.90,0.0595,true,1,1244821
5014271360423,false,סן דלפו מעדן תפוז ללא סוכר 284 ג',המאפיה של הרמן,FR,מעדן ריבת תפוז 284 גרם,גרמים,284.00,100 גרם,false,,16.90,0.0595,true,1,1244822
5014271370422,false,סן דלפו מעדן אפרסק ללא סוכר 284גר,סנדלפור St.dalfour,FR,מעדן ריבת אפרסק 284 גרם,גרמים,284.00,100 גרם,false,,16.90,0.0595,true,1,1244823
5014271400426,false,מעדן סנט דלפור תות שדה 284גר',המאפיה של הרמן,FR,מעדן ריבת תות שדה 284 גרם,גרמים,284.00,100 גרם,false,,16.90,0.0595,true,1,1244826
5014271560427,false,מעדן פרי תפוז וג'ינג'ר,סנדלפור St.dalfour,FR,מעדן ריבת תפוז 284 גרם,גרמים,284.00,100 גרם,false,,16.90,0.0595,true,1,1244827
5014271795980,false,מעדן פרי חמוציות ואוכמניות,סנדלפור St.dalfour,FR,מעדן חמוציות ואוכמניות 28,גרמים,284.00,100 גרם,false,,16.90,0.0595,true,1,1244829
5021349700098,false,ויסקי טומינטול פיטי,אנגוס דנדי,GB,וויסקי טומינטול,מיליליטרים,700.00,"100 מ""ל",false,,159.90,0.2284,true,1,2161710
5024546366630,false,ויסקי סקוטש לאודרס 1,אגדת,IL,ויסקי לאודרס,ליטרים,1.00,ליטר,false,,99.90,99.9000,true,1,2161713
5026489483955,false,איט ריל חטיף על בסיס,קופרש סנק פודס,GB,חטיף חומוס סיסולט 45,גרמים,45.00,100 גרם,false,,7.90,0.1756,true,1,2135265
5026489483993,false,איט ריל חטיף על בסיס,קופרש סנק פודס,GB,חטיף עדשים סיסולט 40,גרמים,40.00,100 גרם,false,,7.90,0.1975,true,1,2135266
5026489484006,false,איט ריל חטיף על בסיס,לקסמי אנד סונס סי/אי,GB,חטיף עדשים טומטו 40,גרמים,40.00,100 גרם,false,,7.90,0.1975,true,1,2135267
5026489484778,false,חטיף קינואה טומטו 30,,,חטיף קינואה טומטו 30,גרמים,30.00,100 גרם,false,,7.90,0.2633,true,1,2135269
5026489484785,false,איט ריל חטיף על בסיס,קופרש סנק פודס,GB,חטיף קינואה ס.קרים 3,גרמים,30.00,100 גרם,false,,7.90,0.2633,true,1,2216080
5029053002408,false,נייר טואלט קלינקס פרימיום לבן - מארז 9 גלילים,קימברלי קלארק ישראל,IL,נייר טואלט קלינקס לב,מטרים,30.70,מטר,false,,35.90,1.1694,true,1,1239160
5029053002439,false,נייר טואלט קלינקס פרימיום צהוב - מארז 9 גלילים,חוגלה קימברלי,,נייר טואלט קלינקס צה,מטרים,30.70,מטר,false,,35.90,1.1694,true,1,1239161
5029053527574,false,תחתוני ספיגה לילדים Drynites בנים לגילאי 4-7,האגיס Huggies,CZ,דרייניטס בנים M,יח',10.00,יח',false,,35.90,3.5900,true,1,1239167
5029053527581,false,תחתוני ספיגה לילדים Drynites בנות לגילאי 4-7,האגיס Huggies,CZ,דרייניטס בנות M,יח',10.00,יח',false,,35.90,3.5900,true,1,1239168
5029053527598,false,האגיס דריי נייטס 15-8 בנים 9יח,KC Czech,CZ,דרייניטס בנים L,יח',9.00,יח',false,,35.90,3.9889,true,1,1239169
5029053527604,false,תחתוני ספיגה לילדים Drynites בנות לגילאי 8-15,האגיס Huggies,CZ,דרייניטס בנות L,יח',9.00,יח',false,,35.90,3.9889,true,1,1239170
5029053534589,false,קוטקס טמפוני מיני 32 יח',חוגלה קימברלי,,טמפוני קוטקס מיני 32,יח',32.00,יח',false,,25.90,0.8094,true,1,1239175
5029053575575,false,מגבונים הגיינים לניק,Unknown,,מגבונים הגיינים לניק,יח',24.00,יח',false,,14.90,0.6208,true,1,2178680
5032678004870,false,טוניק קלאסי,,,טוניק קלאסי,מיליליטרים,200.00,"100 מ""ל",false,,7.90,0.0395,true,1,2186333
5035766060253,false,מרפיס אייריש סטאוט פ,מרפיס Murphys,,"בירה מרפיס 500 מ""ל.",מיליליטרים,500.00,"100 מ""ל",false,,14.90,0.0298,true,1,1239549
5050083559761,false,קלוגס קוקו פופס שוקו 500ג',קלוגס מניופקטורינג א,ES,קורנפלקס קוקו פופס ש,גרמים,500.00,100 גרם,false,,16.90,0.0338,true,1,1253368
5050974505259,false,פת פריכה קמח שיפון מלא עם גרעינים ודגנים קלויים,רייויטה Ryvita,,פת פריכה עם גרעינים,גרמים,250.00,100 גרם,false,,12.90,0.0516,true,1,2170349
5050974505297,false,פת פריכה קמח שיפון מלא ושומשום,רייויטה Ryvita,,פת פריכה עם שומשום 2,גרמים,250.00,100 גרם,false,,12.90,0.0516,true,1,2170354
5053827193368,false,קלוגס אול בראון פלקס 500ג',קלוגס Kellogg's,,קלוגס ברנפלקס 500 גר,גרמים,500.00,100 גרם,false,,22.90,0.0458,true,1,1979250
5053827215862,false,קלוגס קוקו פופס שוקו 500ג',קלוגס Kellogg's,GB,קורנפלקס קוקו פופס ש,גרמים,500.00,100 גרם,false,,16.90,0.0338,true,1,2154956
5056357900925,false,סניקרס חטיף חלבון חמאת בוטנים,מרס נדרלנד,US,סניקרס חמאת בוטנים ח,גרמים,57.00,100 גרם,false,,16.90,0.2965,true,1,2262089
5056357901427,false,חטיף חלבון m&m בטעם שוקולד,מארס,GB,אם אנד אם שוקולד חטי,גרמים,51.00,100 גרם,false,,16.90,0.3314,true,1,2262082
5056357901441,false,חטיף חלבון m&m בטעם בוטנים,מארס,GB,אם אנד אם בוטנים חטי,גרמים,51.00,100 גרם,false,,16.90,0.3314,true,1,2262090
5056357903834,false,באונטי מעושר בחלבון 52 גרם,מארס יורק אנגליה,GB,באונטי חטיף חלבון,גרמים,55.00,100 גרם,false,,16.90,0.3073,true,1,2271152
5056357906323,false,אם אנד אם קריספי חטי,,,אם אנד אם קריספי חטי,גרמים,52.00,100 גרם,false,,16.90,0.3250,true,1,2262084
5056357906781,false,סניקרס בראוניז חטיף,,,סניקרס בראוניז חטיף,גרמים,50.00,100 גרם,false,,16.90,0.3380,true,1,2262092
5059001003713,false,איירוויק - מקלות ריחניים בניחוח תאנה ופירות יער,,,מקלות ריחניים תאנה ו,מיליליטרים,30.00,"100 מ""ל",false,,14.90,0.4967,true,1,2275646
5060045588128,false,ווסקי ג'ים בים לבן,"איי, בי, אינבוו",US,ווסקי ג'ים בים לבן,מיליליטרים,700.00,"100 מ""ל",false,,79.00,0.1129,true,1,1701726
5060319120153,false,הייר ליבינג - קמומיל,,,תה קמומיל ונילה 30 ג,גרמים,30.00,100 גרם,false,,16.90,0.5633,true,1,1405757
5060402908248,false,סניקרס מועשר חלבון 12x55g,מרס נדרלנד,US,סניקרס חטיף חלבון,גרמים,55.00,100 גרם,false,,16.90,0.3073,true,1,2262093
5060402908286,false,מרס מועשר חלבון 12x59g,מרס נדרלנד,US,מארס חטיף חלבון,גרמים,59.00,100 גרם,false,,16.90,0.2864,true,1,2262094
5060402909542,false,מרס חטיף חלבון קרמל מלוח 12x59g,מרס נדרלנד,US,מארס קרמל מלוח חטיף,גרמים,55.00,100 גרם,false,,16.90,0.3073,true,1,2262095
5060465390004,false,בירה לאגר סקיני ללא גלוטן,סקיני ביר בע״מ,GB,בירה לאגר סקיני ללא,מיליליטרים,330.00,"100 מ""ל",false,,6.20,0.0188,true,1,2179237
5060517886486,false,"משקה אנרגיה מונסטר פח 500 מ""ל",מונסטר אנרג'י Monster Energy,RU,מונסטר אנרג'י פח 500,מיליליטרים,500.00,"100 מ""ל",false,,8.90,0.0178,true,1,2138443
5060639128051,false,"משקה אנרגיה מונסטר אולטרה פחית 500 מ""ל",מונסטר אנרג'י Monster Energy,RS,מונסטר אולטרה פח 500,מיליליטרים,500.00,"100 מ""ל",false,,8.90,0.0178,true,1,2161028
5060639129102,false,"משקה אנרגיה מונסטר מנגו פח 500 מ""ל",מונסטר אנרג'י Monster Energy,RS,מונסטר אנרג'י פח 500,מיליליטרים,500.00,"100 מ""ל",false,,8.90,0.0178,true,1,2181774
5060751218173,false,"משקה אנרגיה מונסטר Pipline punch פח 500 מ""ל",Monster energy סרביה,IE,מונסטר PIPLINE PUNCH,מיליליטרים,500.00,"100 מ""ל",false,,8.90,0.0178,true,1,2252422
5060751219033,false,"משקה אנרגיה מונסטר ULTRA PARADISE פח 500 מ""ל",Monster energy סרביה,IE,מונסטר ZERO PARADISE,מיליליטרים,500.00,"100 מ""ל",false,,8.90,0.0178,true,1,2252423
5099864006391,false,סימילאק למהדרין שלב 3 אריזת חיסכון 900 ג,אבוט מעבדות רפואיות,NL,SIMILAC LAMEHADRIN - 3 90,גרמים,900.00,100 גרם,false,,74.90,0.0832,true,1,1224392
5099873017623,false,"גק דניאלס טנסי אפל 700 מ""ל",ג'ק דניאלס Jack Daniel's,BE,ג'ק דניאלס תפוח,מיליליטרים,700.00,"100 מ""ל",false,,99.90,0.1427,true,1,2178151
5099873045855,false,מארז מתכת ויסקי גק ד,בראון,US,מארז גק דניאלס+2 כוס,מיליליטרים,700.00,"100 מ""ל",false,,99.90,0.1427,true,1,2281543
5200133120476,false,גלילות וופלים ממולאים קרם אגוזים וקקאו 400 ג',יוניליוור גרמניה Gm,GR,גליליות קרם אגוזים ו,גרמים,400.00,100 גרם,false,,15.90,0.0398,true,1,1787498
5200133120483,false,גלילות וופלים ממולאים קרם וניל,יוניליוור גרמניה Gm,GR,גליליות קרם וניל 400,גרמים,400.00,100 גרם,false,,15.90,0.0398,true,1,1787499
5200133120582,false,גליליות וופל במילוי שוקולד מריר 150 גר',גולדן ברייק Golden break,GR,גליליות וופל במילוי,גרמים,150.00,100 גרם,false,,7.90,0.0527,true,1,1927145
5200133120735,false,גליליות וופלים שוקלד מריר 400 ג',גולדן ברייק,GR,גליליות וופלים שוקול,גרמים,400.00,100 גרם,false,,15.90,0.0398,true,1,2138055
5201004020338,false,קפריס וופל רול ממולא קרם אגוזי לוז 400 ג',פפדופולוס,GR,קפריס רולס קלאסיק 40,גרמים,400.00,100 גרם,false,,19.90,0.0497,true,1,2135270
5201004021328,false,קפריס רולס גלילי וופל במילוי קרם אגוזי לוז וקקאו,אי. ג'יי פאפאדופולוס,GR,קפריס רולס קלאסיק 11,גרמים,115.00,100 גרם,false,,8.90,0.0774,true,1,2135271
5201100872640,false,לוריאל - אקסלנס קרם 03בלונד אולטרה בהיר אפור,לוריאל Loreal,,צבע לשיער אקסלנס 03,מיליליטרים,180.00,"100 מ""ל",false,,34.90,0.1939,true,1,1976812
5201178801047,false,"ניוואה קרם רב שימושי 150מ""ל",ביירסדורף,DE,קרם ניוואה 150מל',מיליליטרים,150.00,"100 מ""ל",false,,15.90,0.1060,true,1,1248663
5201178801054,false,"ניוואה קרם רב שימושי 250מ""ל",טרופיקל דגיל תעשיות,DE,קרם ניוואה 250מל',גרמים,250.00,100 גרם,false,,21.90,0.0876,true,1,1248664
5201184036716,false,כוסות פלסטיק 10 יח,,,כוסות פלסטיק 10 יח,יח',10.00,יח',false,,9.90,0.9900,true,1,1252074
5201184866795,false,מפיות 20 יח,,,מפיות 20 יח,יח',20.00,יח',false,,9.90,0.4950,true,1,1410258
5201246002215,false,בירה פילס היילס Pils Hellas,הלניק בריויריס אוף א,GR,בירה פילס היילס,מיליליטרים,500.00,"100 מ""ל",false,,4.90,0.0098,true,1,1932357
5201347160326,false,"ג'ל למניעת אבנית, 750 מ""ל קלגון",קלגון Calgon,,ג'ל למניעת אבנית 750,מיליליטרים,750.00,"100 מ""ל",false,,29.90,0.0399,true,1,1694682
5201347400545,false,רצועות שעווה מוכנות לשימוש לפנים ולאזורים רגישים,רקיט בנקיזר,FR,ויט רצועות שעווה לפנים,יחידה,0.00,יחידה,false,,29.90,0.0000,true,1,1227113
5201583750411,false,זירו סוכריות ללא סוכר לימון סטיביה,Unknown,GR,סוכריות ZERO לימון 3,גרמים,32.00,100 גרם,false,,6.90,0.2156,true,1,2272873
5201583750510,false,זירו סוכריות ללא סוכר תות קרמי,LAVDAS,GR,סוכריות ZERO תות קרמ,גרמים,32.00,100 גרם,false,,6.90,0.2156,true,1,2272878
5201583751111,false,זירו סוכריות ללא סוכר אספרסו,,,סוכריות ZERO קפה 32,גרמים,32.00,100 גרם,false,,6.90,0.2156,true,1,2272879
5201583752118,false,זירו סוכריות ללא סוכר חמאה במילוי שוקולד,Unknown,GR,סוכריות ZERO חמאה שו,גרמים,32.00,100 גרם,false,,6.90,0.2156,true,1,2272881
5201583752217,false,זירו סוכריות ללא סוכר מנטה במילוי שוקולד,Unknown,,סוכריות ZERO מנטה שו,גרמים,32.00,100 גרם,false,,6.90,0.2156,true,1,2272882
5201583752415,false,זירו סוכריות ללא סוכר תפוז במילוי שוקולד,,,סוכריות ZERO תפוז שו,גרמים,32.00,100 גרם,false,,6.90,0.2156,true,1,2272883
5201940010110,false,זיתים שחורים מזן קלמטה בפח 454 ג',סיוארס אס.איי,GR,זיתים שחורים מזן קלמטה בפ,גרמים,454.00,100 גרם,false,,14.90,0.0328,true,1,1226580
5202300043014,false,צבע לשיער קולסטון - 6/7 חום שוקולד,פרוקטר אנד גמבל,DE,קולסטון 6/7 חום שוקולד,מיליליטרים,60.00,"100 מ""ל",false,,24.90,0.4150,true,1,1225300
5202300043052,false,צבע לשיער קולסטון - 7/75 אגוז בהיר,פרוקטר אנד גמבל,DE,קולסטון 7/75 אגוז בהיר,מיליליטרים,60.00,"100 מ""ל",false,,24.90,0.4150,true,1,1225303
5202300043069,false,צבע לשיער קולסטון - 2/8 שחור כחול,פרוקטר אנד גמבל,DE,קולסטון 2/8 שחור כחול,מיליליטרים,60.00,"100 מ""ל",false,,24.90,0.4150,true,1,1225304
5202300043144,false,צבע לשיער קולסטון - 9/0 בלונד בהיר מאוד,פרוקטר אנד גמבל,DE,קולסטון 9/0 בלונד בהיר מא,מיליליטרים,60.00,"100 מ""ל",false,,24.90,0.4150,true,1,1225305
5202300043151,false,צבע לשיער קולסטון - 8/0 בלונד בהיר,פרוקטר אנד גמבל,DE,קולסטון 8/0 בלונד בהיר,מיליליטרים,60.00,"100 מ""ל",false,,24.90,0.4150,true,1,1225306
5202300043168,false,צבע לשיער קולסטון - 7/0 בלונד בינוני,פרוקטר אנד גמבל,DE,קולסטון 7/0 בלונד בינוני,מיליליטרים,60.00,"100 מ""ל",false,,24.90,0.4150,true,1,1225307
5202300043175,false,צבע לשיער קולסטון - 6/0 בלונד כהה,פרוקטר אנד גמבל,DE,קולסטון 6/0 בלונד כהה,מיליליטרים,60.00,"100 מ""ל",false,,24.90,0.4150,true,1,1225308
5202300043182,false,צבע לשיער קולסטון - 5/0 חום בהיר,פרוקטר אנד גמבל,DE,קולסטון 5/0 חום בהיר,מיליליטרים,60.00,"100 מ""ל",false,,24.90,0.4150,true,1,1225309
5202300043199,false,צבע לשיער קולסטון - 4/0 חום בינוני,פרוקטר אנד גמבל,DE,קולסטון 4/0 חום בינוני,מיליליטרים,60.00,"100 מ""ל",false,,24.90,0.4150,true,1,1225310
5202300043212,false,צבע לשיער קולסטון - 2/0 שחור,פרוקטר אנד גמבל,DE,קולסטון 2/0 שחור,מיליליטרים,60.00,"100 מ""ל",false,,24.90,0.4150,true,1,1225312
5202300043274,false,צבע לשיער קולסטון- 8/1 בלונד אפרפר בהיר,פרוקטר אנד גמבל,DE,קולסטון 2000 8/1 בלונד אפ,מיליליטרים,60.00,"100 מ""ל",false,,24.90,0.4150,true,1,1225315
5202300043281,false,צבע לשיער קולסטון - 7/1 בלונד אפרפר בינוני,פרוקטר אנד גמבל,DE,קולסטון 7/1 בלונד אפור בי,מיליליטרים,60.00,"100 מ""ל",false,,24.90,0.4150,true,1,1225316
5202300043335,false,צבע לשיער קולסטון - 9/3 בלונד זהוב,פרוקטר אנד גמבל,DE,קולסטון 9/3 בלונד זהוב,מיליליטרים,60.00,"100 מ""ל",false,,24.90,0.4150,true,1,1225318
5202300043380,false,צבע לשיער קולסטון - 7/4 בלונד ג'ינג'י,פרוקטר אנד גמבל,DE,קולסטון 7/4 בלונד ג'ינגי',מיליליטרים,60.00,"100 מ""ל",false,,24.90,0.4150,true,1,1225319
5202300043724,false,צבע לשיער קולסטון - 6/75 חום אגוז בינוני,פרוקטר אנד גמבל,DE,קולסטון 6/75 חום אגוז בינ,מיליליטרים,60.00,"100 מ""ל",false,,24.90,0.4150,true,1,1225330
5202300043809,false,צבע קולסטון 2000 12/,,,צבע קולסטון 2000 12/,מיליליטרים,60.00,"100 מ""ל",false,,24.90,0.4150,true,1,2279250
5202300045834,false,צבע לשיער קולסטון - 10/0 בלונד פסטל,פרוקטר אנד גמבל,DE,קולסטון 10/0 בלונד פסטל,מיליליטרים,60.00,"100 מ""ל",false,,24.90,0.4150,true,1,1225332
5202390015618,false,גבינה צהובה טבעונית אורגינל ויאו לייף 200 ג',אריביה אס.אי. 57022,GR,צהובה טבעונית אורגינ,גרמים,200.00,100 גרם,false,,21.90,0.1095,true,1,1333417
5202390016325,false,גבינה צהובה טבעונית בטעם מעושן ויאו לייף 200ג',"אריביה אס.אי., יוון",GR,צהובה טבעונית בטעם מ,גרמים,200.00,100 גרם,false,,21.90,0.1095,true,1,1349102
5202795080709,false,אוזו מטקסה Ouzo Metaxa,פארייפאבה אגרואינדוס,GR,אוזו מטקסה.,מיליליטרים,700.00,"100 מ""ל",false,,69.90,0.0999,true,1,1248744
5207227060564,false,זוג נורות לד 15W אור,,,זוג נורות לד 15W אור,יחידה,0.00,יחידה,false,,19.90,0.0000,true,1,2145827
5207227060595,false,שלישיית נורות לד 10W,,,שלישיית נורות לד 10W,יחידה,0.00,יחידה,false,,19.90,0.0000,true,1,2145828
5207227060625,false,שלישיית נורות לד 15W,,,שלישיית נורות לד 15W,יחידה,0.00,יחידה,false,,24.90,0.0000,true,1,2145829
5310099005462,false,מוזלי קראנצי שוקולד,גרין Green,MK,מיזלי 1 קג קראנצ'שוקולד,קילוגרמים,1.00,"ק""ג",false,,20.90,20.9000,true,1,1234867
5391523057929,false,סימילאק גולד שלב 1 תרכובת מזון על בסיס חלב,אבוט לבורטיז,IE,סימילאק גולד שלב 1 7,גרמים,700.00,100 גרם,false,,69.90,0.0999,true,1,1775984
5391523057936,false,סימילאק גולד שלב 2 תרכובת מזון על בסיס חלב,אבוט לבורטיז,IE,סימילאק גולד שלב 2 7,גרמים,700.00,100 גרם,false,,69.90,0.0999,true,1,1775985
5391523057943,false,סימילאק גולד שלב 3 תרכובת מזון על בסיס חלב,אבוט לבורטיז,IE,סימילאק גולד שלב 3 7,גרמים,700.00,100 גרם,false,,69.90,0.0999,true,1,1775986
5391523058063,false,סימילאק אדבנס פלוס 1 תרכובת מזון על בסיס חלב,טרופיקל דגיל תעשיות,IE,סימילאק אדוואנס שלב,גרמים,700.00,100 גרם,false,,64.90,0.0927,true,1,1816811
5391523058070,false,סימילאק אדבנס פלוס 3 תרכובת מזון על בסיס חלב,טרופיקל דגיל תעשיות,IE,סימילאק אדוואנס שלב,גרמים,700.00,100 גרם,false,,64.90,0.0927,true,1,1816812
5391523058087,false,סימילאק אדבנס פלוס 2 תרכובת מזון על בסיס חלב,טרופיקל דגיל תעשיות,IE,סימילאק אדוואנס שלב,גרמים,700.00,100 גרם,false,,64.90,0.0927,true,1,1816813
5410076379378,false,אבקת כביסה טייד קולור,טייד Tide,,"טייד קולור 5 ק""ג",קילוגרמים,5.00,"ק""ג",false,,49.90,9.9800,true,1,1225339
5410076933129,false,אריאל שושן צחור שקית,פרוקטר אנד גמבל,TR,"אריאל שושן צחור 2.5 ק""ג",קילוגרמים,3.00,"ק""ג",false,,27.90,9.3000,true,1,1329462
5410091648176,false,"פה - דאודורנט רול און לאישה פינק פרדייס 50 מ""ל",הנקל סוד,DE,פה דאודורנט רולאון פינק פ,מיליליטרים,50.00,"100 מ""ל",false,,9.90,0.1980,true,1,1238697
5410091678005,false,"סאיוס - ספריי לשיער ליצירת נפח 400 מ""ל",הנקל סוד,DE,סאיוס ספריי לשיער ליצירת,מיליליטרים,400.00,"100 מ""ל",false,,24.90,0.0622,true,1,1238699
5410091678043,false,"סאיוס - מוס לשיער מתולתל 250 מ""ל",הנקל סוד,DE,סאיוס מוס לשיער מתולתל 25,מיליליטרים,250.00,"100 מ""ל",false,,19.90,0.0796,true,1,1238701
5410091708955,false,"סאיוס - ספריי לשיער קרטין 400 מ""ל",הנקל סוד,DE,סאיוס ספריי לשיער קרטין 4,מיליליטרים,400.00,"100 מ""ל",false,,24.90,0.0622,true,1,1238704
5410103161518,false,קרם יום עם פעולה משולשת לעור רגיל ומעורב,"לוריאל ישראל בע""מ",DE,קרם לחות פעולה משולשת50מ,מיליליטרים,50.00,"100 מ""ל",false,,44.90,0.8980,true,1,1218904
5410103161617,false,קרם יום עם פעולה משולשת Triple active לעור יבש ועדין,"לוריאל ישראל בע""מ",DE,קרם לחות פעולה משולשת50מ,מיליליטרים,50.00,"100 מ""ל",false,,44.90,0.8980,true,1,1218905
5410126006360,false,לוטוס עוגיות סנדוויץ' במילוי לוטוס 150 גר',לוטוס ביקרי בלגיה נ.,BE,לוטוס עוגיות סנדוויץ,גרמים,150.00,100 גרם,false,,8.90,0.0593,true,1,2226242
5410126106183,false,ביסקוויט קרמל 312גרם 50יח,כלורוקס אוקלנד,BE,ביסקפה לוטוס 312 גרם,גרמים,312.00,100 גרם,false,,17.90,0.0574,true,1,1224744
5410126116953,false,ממרח עוגיות קרמל 400 ג' לוטוס,לוטוס בייקרי בלגיה נ,BE,ממרח קרמל לוטוס 400,גרמים,400.00,100 גרם,false,,18.90,0.0472,true,1,1224745
5410126666038,false,עוגיות לוטוס 18*2 279 גרם,לוטוס ביקרי,BE,ביסקפה לוטוס 276 גרם,גרמים,276.00,100 גרם,false,,12.90,0.0467,true,1,1897206
5410126716016,false,"ביסקוויט בטעם קרמל לוטוס בד""צ 250 ג'",לוטוס ביקרי בלגיה,BE,ביסקפה לוטוס 250 גרם,גרמים,250.00,100 גרם,false,,9.90,0.0396,true,1,1224746
5410126726947,false,ממרח עוגיות לוטוס קראנץ' 380 גרם,לוטוס בייקרי בלגיה נ,BE,ממרח עוגיות לוטוס 38,גרמים,380.00,100 גרם,false,,18.90,0.0497,true,1,1340818
5410173210055,false,קפה טחון וקלוי לפילטר Rombouts,קרלו,BE,קפה רומבוטס קפילטר 1,גרמים,70.00,100 גרם,false,,19.90,0.2843,true,1,1241924
5410228217732,false,פחית בירה סטלה ארטואה,מנדלז סי.אר. פרודקשן,BE,בירה סטלה ארטואה-פחי,מיליליטרים,440.00,"100 מ""ל",false,,12.90,0.0293,true,1,2182000
5410228267515,false,בירה באדוויזר שישייה,באדווייזר Budweiser,,בירה באדוויזר שישייה,ליטרים,1.98,ליטר,false,,29.90,15.1010,true,1,2130840
5410291021991,false,ממרח אגוזי לוז עם קקאו,צ'וקטה Chocketa,,ממרח אגוזי לוז 700 ג,גרמים,700.00,100 גרם,false,,18.90,0.0270,true,1,1381234
5410291022011,false,ממרח אגוזי לוז עם קקאו 350 גרם חלב נכרי,צ'וקטה Chocketa,,ממרח אגוזי לוז צוקטה,גרמים,350.00,100 גרם,false,,10.90,0.0311,true,1,1381229
5410291022738,false,צ'וקטה ממרח חלב ואגוזי לוז עם קקאוי 350ג',צ'וקטה Chocketa,,ממרח אגוזי לוז צוקטה,גרמים,350.00,100 גרם,false,,10.90,0.0311,true,1,1553860
5410291022752,false,ממרח אגוזי לוז עם קקאו 350 גרם ווסטהיים,צ'וקטה Chocketa,,ממרח אגוזי לוז צוקטה,גרמים,350.00,100 גרם,false,,10.90,0.0311,true,1,1423742
5410291022776,false,ממרח אגוזים וקקאו 700 ג' צ'וקטה,צ'וקטה Chocketa,IT,ממרח אגוזי לוז 700 ג,גרמים,700.00,100 גרם,false,,18.90,0.0270,true,1,1423743
5410316983693,false,"אייס סמירנוף בודד 275 מ""ל",סמירנוף אייס Smirnoff ice,IT,סמירנוף אייס בודד,מיליליטרים,275.00,"100 מ""ל",false,,10.90,0.0396,true,1,1249910
5410316994019,false,"וודקה סמירנוף אדום 700מ""ל",דיאג'ו אופריישנס איט,US,"וודקה סמירנוף 700 מ""",מיליליטרים,700.00,"100 מ""ל",false,,54.90,0.0784,true,1,1265802
5410769100081,false,בירה לה שוף בקבוק 33,"איי, בי, אינבוו",BE,"בירה לה שוף 330 מ""ל",ליטרים,330.00,100 ליטר,false,,14.90,0.0452,true,1,1418827
5410769100098,false,בירה לה שוף בק 750 מ,,,"בירה לה שוף 750 מ""ל",ליטרים,750.00,100 ליטר,false,,29.90,0.0399,true,1,1418828
5410769200088,false,בירה מק שוף בקבוק 33,פארייפאבה אגרואינדוס,BE,"בירה מק שוף 330 מ""ל",ליטרים,330.00,100 ליטר,false,,14.90,0.0452,true,1,1418829
5410769200095,false,בירה מק שוף בק 750 מ,,,"בירה מק שוף 750 מ""ל",ליטרים,750.00,100 ליטר,false,,29.90,0.0399,true,1,1418847
5410769400068,false,בירה שוף סוליי 330 מ,,,בירה שוף סוליי 330 מ,מיליליטרים,330.00,"100 מ""ל",false,,14.90,0.0452,true,1,1418850
5410769800097,false,בירה צרי שוף 8% בקבו,פארייפאבה אגרואינדוס,BE,"בירה לה שוף 330 מ""ל",ליטרים,330.00,100 ליטר,false,,14.90,0.0452,true,1,1629981
5410769800554,false,בירה צרי שוף בק 750,,,בירה צ'רי שוף,מיליליטרים,750.00,"100 מ""ל",false,,29.90,0.0399,true,1,2267136
5411188080268,false,משקה סויה אורגני 1 ל' אלפרי,הנסיך- מפעל לייצור ט,BE,אלפרו סויה אורגני 1 ל,ליטרים,1.00,ליטר,false,,14.90,14.9000,true,1,1253369
5411188094159,false,מעדן סויה שוקולד בלגי אלפרו 4*125 ג',הנסיך- מפעל לייצור ט,BE,אלפרו מעדן סויה בטעם שוקו,גרמים,500.00,100 גרם,false,,16.90,0.0338,true,1,1253372
5411188094173,false,רביעיה מעדן סויה טעם קרמל 125 ג' אלפרו,אלפרו,BE,מארז 4 מעדן סויה אלפ,גרמים,500.00,100 גרם,false,,16.90,0.0338,true,1,1526668
5411188106159,false,סויה לייט בטעם טבעי 1ל' אלפרו,הנסיך- מפעל לייצור ט,BE,אלפרו סויה לייט בטעם טבעי,ליטרים,1.00,ליטר,false,,13.90,13.9000,true,1,1253376
5411188110835,false,אלפרו חלב סויה שקדים וניל 1ל',הנסיך- מפעל לייצור ט,BE,אלפרו משקה שקדים 1 ליטר,ליטרים,1.00,ליטר,false,,15.90,15.9000,true,1,1253378
5411188112549,false,אלפרו משקה אורז 1 ליטר,הנסיך- מפעל לייצור ט,BE,אלפרו משקה אורז 1 ליטר,ליטרים,1.00,ליטר,false,,15.90,15.9000,true,1,1253381
5411188112709,false,משקה אלפרו שקדים ללא סוכר 1 ליטר,הנסיך- מפעל לייצור ט,BE,אלפרו משקה שקדים ללא סוכר,ליטרים,1.00,ליטר,false,,15.90,15.9000,true,1,1253382
5411188115366,false,אלפרו משקה שיבולת שועל 1 ליטר,הנסיך- מפעל לייצור ט,BE,אלפרו משקה שיבולת שועל 1,ליטרים,1.00,ליטר,false,,15.90,15.9000,true,1,1253384
5411188115434,false,משקה אלפרו בריסטה סויה 1 ליטר,אלפרו Alpro,BE,אלפרו בריסטה סויה 1ל,ליטרים,1.00,ליטר,false,,14.90,14.9000,true,1,2239399
5411188115472,false,אלפרו משקה סויה 1 ליטר,הנסיך- מפעל לייצור ט,BE,אלפרו משקה סויה,ליטרים,1.00,ליטר,false,,13.90,13.9000,true,1,2168644
5411188118732,false,אלפרו חלב משקה קוקוס שקדים 1 ל',הנסיך- מפעל לייצור ט,BE,משקה קוקוס שקדים אלפ,ליטרים,1.00,ליטר,false,,15.90,15.9000,true,1,1340473
5411188120742,false,אלפרו חלב משקה שקדים בטעם וניל 1 ל',הנסיך- מפעל לייצור ט,BE,משקה שקדים בטעם וניל,ליטרים,1.00,ליטר,false,,15.90,15.9000,true,1,1340474
5411188120957,false,"אלפרו תערובת לבישול על בסיס קוקוס 250 מ""ל",אלפרו Alpro,IL,שמנת קוקוס לבישול אל,מיליליטרים,250.00,"100 מ""ל",false,,7.90,0.0316,true,1,1588302
5411188121923,false,"אלפרו משקה סויה סידן מארז 250X3מ""ל",הנסיך- מפעל לייצור ט,BE,אלפרו חלב סויה סידן,מיליליטרים,750.00,"100 מ""ל",false,,13.90,0.0185,true,1,1716177
5411188121978,false,"משקה סויה בטעם שוקולד 3 * 250 מ""ל אלפרו",אלפרו C.V.A,BE,אלפרו חלב סויה סידן,מיליליטרים,750.00,"100 מ""ל",false,,13.90,0.0185,true,1,1678251
5411188122586,false,"אלפרו משקה שקדים 250 מ""ל",אלפרו Alpro,,משקה שקדים אלפרו 250,מיליליטרים,250.00,"100 מ""ל",false,,5.90,0.0236,true,1,1807494
5411188122661,false,אלפרו משקה שקדים לא קלויים ללא תוספת סוכר 1 ל',אלפרו Alpro,,משקה שקדים אלפרו ללא,ליטרים,1.00,ליטר,false,,15.90,15.9000,true,1,1526669
5411188124689,false,משקה שיבולת שועל ללא סוכר 1ל' אלפרו,אלפרו Alpro,BE,אלפרו שיבולת שועל לל,ליטרים,1.00,ליטר,false,,13.90,13.9000,true,1,2175744
5411188124726,false,אלפרו משקה שיבולת שועל שקדים 1 ל',הדקלאים אגודת שיתופי,BE,משקה שיבולת שועל שקד,ליטרים,1.00,ליטר,false,,15.90,15.9000,true,1,1678195
5411188126195,false,משקה שקדים אורגני 1 ל' אלפרו,אלפרו Alpro,,משקה שקדים אורגני אל,ליטרים,1.00,ליטר,false,,15.90,15.9000,true,1,1844161
5411188129899,false,משקה אלפרו בריסטה שקדים 1 ליטר,הנסיך- מפעל לייצור ט,BE,אלפרו בריסטה שקדים,ליטרים,1.00,ליטר,false,,14.90,14.9000,true,1,2168647
5411188134985,false,אלפרו 3.5% NOT M*LK שיבולת שועל 1 ליטר בית יוסף,הנסיך- מפעל לייצור ט,BE,משקה אלפרו 3.5% שיב,ליטרים,1.00,ליטר,false,,15.50,15.5000,true,1,2217160
5411188135005,false,אלפרו 1.8% NOT M*LK שיבולת שועל 1 ליטר בית יוסף,הנסיך- מפעל לייצור ט,BE,משקה אלפרו 1.8% שיב,ליטרים,1.00,ליטר,false,,15.50,15.5000,true,1,2217161
5411188300328,false,"אלפרו משקה סויה שוקו 500מ""ל",הנסיך- מפעל לייצור ט,BE,אלפרו סויה שוקו 1 ליטר *,ליטרים,1.00,ליטר,false,,14.90,14.9000,true,1,1253387
5411188513483,false,"משקה סויה לבישול 14% 250 מ""ל אלפרו",אלפרו C.V.A,BE,אלפרו סויה לבישול 14,מיליליטרים,250.00,"100 מ""ל",false,,7.90,0.0316,true,1,2239697
5411188543398,false,משקה סויה ללא סוכר 1 ל' אלפרו,הנסיך- מפעל לייצור ט,BE,אלפרו משקה סויה ללא,ליטרים,1.00,ליטר,false,,13.90,13.9000,true,1,2168648
5411223030081,false,בירה קריק דובדבנים 2,מבשלת לינדמנס,,בירה לינדמנס דובדבן,ליטרים,250.00,100 ליטר,false,,9.90,0.0396,true,1,1418860
5411223100579,false,בירה לינדמנס תפוחים,מבשלת לינדמנס,,בירה לינדמנס תפוחים,ליטרים,250.00,100 ליטר,false,,9.90,0.0396,true,1,2129881
5411223100920,false,בירה לינדמנס קריק דו,,,בירה לינדמנס דובדבן,ליטרים,750.00,100 ליטר,false,,29.90,0.0399,true,1,2161321
5411616143244,false,בירה לוקסוס 8.5%,,,בירה לוקסוס 8.5%,יחידה,0.00,יחידה,false,,7.90,0.0000,true,1,2279696
5411681014005,false,בירה דובל בקבוק 330,פארייפאבה אגרואינדוס,IL,"בירה דובל 330 מ""ל",ליטרים,330.00,100 ליטר,false,,14.90,0.0452,true,1,1418851
5411681402635,false,בירה דובל בק 750 מל,,,"בירה דובל 750 מ""ל",ליטרים,750.00,100 ליטר,false,,29.90,0.0399,true,1,1616696
5411686700118,false,בירה ליפמנס קריק ברו,לפימנס,BE,בירה ליפמנס און דה ר,ליטרים,250.00,100 ליטר,false,,9.90,0.0396,true,1,1418863
5411686700460,false,מארז ליפמנס און דה ר,,,מארז ליפמנס און דה ר,ליטרים,1000.00,100 ליטר,false,,44.90,0.0449,true,1,1757290
5412533002652,false,מסיר כתמים מבגדים,,,מסיר כתמים מבגדים,מיליליטרים,200.00,"100 מ""ל",false,,26.90,0.1345,true,1,1997213
5412533004335,false,תרסיס לניקוי חלונות,,,תרסיס לניקוי חלונות,מיליליטרים,500.00,"100 מ""ל",false,,26.90,0.0538,true,1,1997216
5412533140408,false,מלבין לכביסה ולבית ל,,,מלבין לכביסה ולבית ל,גרמים,400.00,100 גרם,false,,19.90,0.0497,true,1,1997218
5413149655522,false,"אבקת כביסה שושן צחור 1.25 ק""ג אריאל",פרוקטר אנד גמבל,,"אריאל 1.25 ק""ג שושן",קילוגרמים,1.25,"ק""ג",false,,19.90,15.9200,true,1,1225407
5413149930025,false,אבקת כביסה טייד אלפיין פרש,טייד Tide,,"טייד אלפיין 5 ק""ג",קילוגרמים,5.00,"ק""ג",false,,49.90,9.9800,true,1,1225420
5413548040479,false,בונבוניירה רפאלו 240 גרם,קדבורי,PL,שוקולד רפאלו 240 גרם,גרמים,240.00,100 גרם,false,,23.90,0.0996,true,1,1241929
5413548280189,false,קינדר שוקובון 125 גרם,פררו,BE,קינדר שוקובון.,גרמים,125.00,100 גרם,false,,10.00,0.0800,true,1,1241930
5600395034816,false,פילה טונה בהירה בשמן,,,פילה טונה בהירה בשמן,גרמים,190.00,100 גרם,false,,24.90,0.1311,true,1,2171676
5601008200451,false,עוגיות גודיס מרבה טבעת מצופה שוקו' מריר 150ג',מרבה Merba,PT,מרבה גודיס שוקולד מריר,גרמים,150.00,100 גרם,false,,5.90,0.0393,true,1,1253394
5601010111035,false,סרדינים בשמן זית רמי,רמירז קונסרב,PT,סרדינים בשמן,גרמים,125.00,100 גרם,false,,9.90,0.0792,true,1,2135373
5601010211070,false,סרדינים במי מלח רמיר,רמירז קונסרב,PT,סרדין במים,גרמים,125.00,100 גרם,false,,8.90,0.0712,true,1,2135374
5601010211087,false,סרדינים פילה בשמן זי,רמירז קונסרב,PT,פילה סרדין בשמן זית,גרמים,100.00,100 גרם,false,,12.90,0.1290,true,1,2135375
5601036205534,false,צבע לשיער אקסלנס קרם - 1 שחור,לוריאל Loreal,,צבע שיער אקסלנס 1 LO,יחידה,0.00,יחידה,false,,34.90,0.0000,true,1,1218912
5601036205541,false,צבע לשיער אקסלנס קרם - 3 חום כהה מאוד,לוריאל Loreal,,צבע שיער אקסלנס 3 LO,יחידה,0.00,יחידה,false,,34.90,0.0000,true,1,1218913
5601036205572,false,לוריאל - אקסלנס קרם 4.54 חום מהגוני נחושתי,,,צבע שיער אקסלנס 4.54,יחידה,0.00,יחידה,false,,34.90,0.0000,true,1,1218916
5601036205626,false,צבע לשיער אקסלנס קרם - 6 בלונד כהה,לוריאל Loreal,,צבע שיער אקסלנס 6 LO,יחידה,0.00,יחידה,false,,34.90,0.0000,true,1,1218921
5601036205725,false,לוריאל - אקסלנס קרם 10 בלונד מאוד מאוד בהיר,לוריאל Loreal,,צבע שיער אקסלנס 10 L,יחידה,0.00,יחידה,false,,34.90,0.0000,true,1,1218927
5601045300022,false,משקה גוארנה אנטרטיקה,סומול וקומפל אס.איי,PT,משקה גווארנה בפחית,מיליליטרים,330.00,"100 מ""ל",false,,5.50,0.0167,true,1,1224244
5601217129420,false,דפים למכונת כביסה למניעת העברת צבע,ווליט Woolite,,וולייט דפים שומרי צב,יח',20.00,יח',false,,19.90,0.9950,true,1,1678364
5604912415041,false,סרדינים בשמן חמניה פורטוס 125 ג',קונסרבס פורטוגל נורט,PT,סרדינים בשמן חמניה פ,גרמים,125.00,100 גרם,false,,6.90,0.0552,true,1,2007337
5604912415058,false,סרדינים בשמן חמניה חריף פורטוס 125 ג',פורטוס Porthos,PT,סרדינים בשמן חמניה ח,גרמים,125.00,100 גרם,false,,6.90,0.0552,true,1,2007338
5604912425057,false,מקרלים בשמן חמניה חריף 125 ג' פורטוס,קונסרבס פורטוגל נורט,PT,מקרלים בשמן חמניה חר,גרמים,125.00,100 גרם,false,,6.90,0.0552,true,1,2007340
5694230523337,false,כבד דג במיץ טבעי ברי,,,כבד דג במיץ טבעי ברי,גרמים,121.00,100 גרם,false,,9.90,0.0818,true,1,2283302
5701932026964,false,פופקורן להכנה במיקרוגל בטעם טבעי 6 שקיות,הוט פופ Hot pop,US,הוט פופ מלוח 600 גרם,גרמים,600.00,100 גרם,false,,16.90,0.0282,true,1,1241931
5701932026971,false,פופקורן להכנה במיקרוגל בטעם חמאה 6 שקיות,הוט פופ Hot pop,US,הוטפופ חמאה 600 גרם,גרמים,600.00,100 גרם,false,,16.90,0.0282,true,1,1241932
5706516031358,false,פופקורן להכנה במיקרוגל בטעם טבעי מופחת שומן 5 שקיות,הוט פופ Hot pop,US,הוטפופ 100 קלוריות 160 גר,גרמים,160.00,100 גרם,false,,16.90,0.1056,true,1,1241934
5706516110039,false,הוטפופ מופחת שומן ונתרן 540 גר',פופז,US,פופקורן עם מלח הוט פ,גרמים,540.00,100 גרם,false,,18.90,0.0350,true,1,2158816
5711953106583,false,גבינת שמנת בטעם טבעי 200 גרם ארלה,ארלה פודס אמבה,DK,גבינת שמנת ארלה 24.5,גרמים,200.00,100 גרם,false,,16.50,0.0825,true,1,2129592
5711953106590,false,גבינת שמנת עם שום 200 גרם ארלה,ארלה פודס אמבה,DK,גבינת שמנת ארלה 24%,גרמים,200.00,100 גרם,false,,16.50,0.0825,true,1,2129593
5711953106606,false,גבינת שמנת עם תבלינים ועשבי תיבול 23.5%,ארלה פודס אמבה,DK,גבינת שמנת ארלה 23.5,גרמים,200.00,100 גרם,false,,16.50,0.0825,true,1,2129594
5740900403215,false,ממרח לורפק חמאה עם מלח 250 ג',לורפאק Lurpak,,ממרח לורפאק עם מלח 2,גרמים,250.00,100 גרם,false,,15.90,0.0636,true,1,2009638
5740900403222,false,ממרח לורפק חמאה עם מלח מופחת שומן 250 ג,לורפאק Lurpak,,ממרח לורפאק עם מלח מ,גרמים,250.00,100 גרם,false,,15.90,0.0636,true,1,2009639
5740900403239,false,ממרח לורפק חמאה בלי מלח 250 ג',לורפאק Lurpak,,ממרח לורפאק בלי מלח,גרמים,250.00,100 גרם,false,,15.90,0.0636,true,1,2009640
5740900403246,false,ממרח לורפק חמאה בלי מלח 500 ג',לורפאק Lurpak,,ממרח לורפאק בלי מלח,גרמים,500.00,100 גרם,false,,29.90,0.0598,true,1,2009641
5740900403253,false,ממרח לורפק חמאה עם מלח 500 ג',לורפאק Lurpak,,ממרח לורפאק עם מלח 5,גרמים,500.00,100 גרם,false,,29.90,0.0598,true,1,2009642
5740900403260,false,ממרח מחמאת לורפק ללא מלח 27% פחות שומן,ארלה פודס אמבה,DK,ממרח לורפאק ללא מלח,גרמים,250.00,100 גרם,false,,15.90,0.0636,true,1,2009643
5900017062419,false,"ניוואה - תחליב רחצה ורדים ושמן שקדים 750 מ""ל",,,ניוואה 750תחליב רחצה,מיליליטרים,750.00,"100 מ""ל",false,,13.90,0.0185,true,1,2203273
5900020012814,false,דגני בוקר בטעם שוקולד נסקוויק Nesquik,מיוצר עי קונדיטוריית,PL,נסקוויק דגני בוקר תפוחים,גרמים,500.00,100 גרם,false,,24.90,0.0498,true,1,1223610
5900020015174,false,חטיף דגנים פיטנס Fitness עם שוקולד מריר,מיוצר עי קונדיטוריית,PL,פיטנס חטיף דגנים עם שוקול,גרמים,141.00,100 גרם,false,,15.90,0.1128,true,1,1223611
5900020018908,false,חטיף פיטנס דגנים עם עוגיות ופצפוצי שוקולד לבן,מיוצר עי קונדיטוריית,PL,פיטנס חטיף דגנים עם עוגיו,גרמים,141.00,100 גרם,false,,15.90,0.1128,true,1,1223617
5900020020710,false,נסטלה - קראנץ' שוקו וניל חטיף דגנים 25 גרם * 6,נסטלה פולין ברים,PL,קראנץ' חטיף דגנים שוקו-ונ,גרמים,150.00,100 גרם,false,,15.90,0.1060,true,1,1223618
5900020024770,false,פיטנס - דליס חטיף דגנים שוקולד אגוז 22.50 גרם * 6,נסטלה פולין ברים,PL,פיטנס חטיף דגנים 141 גרם,גרמים,135.00,100 גרם,false,,15.90,0.1178,true,1,1319232
5900020024817,false,פיטנס דליס Fitness Delice חטיף דגנים עם שוקולד לבן,נסטלה פולין ברים,PL,פיטנס חטיף דגנים 141 גרם,גרמים,135.00,100 גרם,false,,15.90,0.1178,true,1,1319233
5900020025647,false,פיטנס דליס Fitness Delice חטיף דגנים עם שוקולד חלב,מיוצר עי קונדיטוריית,PL,פיטנס חטיף דגנים 141 גרם,גרמים,135.00,100 גרם,false,,15.90,0.1178,true,1,1319235
5900020026552,false,דגני בוקר האני נאט צ'יריוס בטעם דבש ושקדים,נסטלה צרפת איטנקורט,FR,דגני בוקר האני צ'ריו,גרמים,625.00,100 גרם,false,,24.90,0.0398,true,1,1360559
5900020029669,false,פיטנס - חטיף דגנים פירות יער 23.50 גרם * 6,נסטלה פולין דגני בוק,,חטיף פיטנס פירות יער,גרמים,141.00,100 גרם,false,,15.90,0.1128,true,1,1604281
5900020031877,false,חטיף דגנים צ'יריוס האני מארז 22X6ג',נסטלה פולין ברים,PL,חטיף דגנים צ'יריוס,גרמים,132.00,100 גרם,false,,15.90,0.1205,true,1,1815712
5900020033314,false,חטיף דגני בוקר Lion בטעם קרמל ושוקולד על קרם חלב,נסטלה פולין ברים,PL,חטיף ליון דגנים 25*6,גרמים,150.00,100 גרם,false,,15.90,0.1060,true,1,1924936
5900020034021,false,חטיף דגנים פיטנס שוקולד בננה,מיוצר עי קונדיטוריית,PL,חטיף פיטנס דגנים שוק,גרמים,141.00,100 גרם,false,,15.90,0.1128,true,1,2041626
5900020036407,false,דגני בוקר ליון Lion בטעם שוקולד וקרמל,נסטלה פולין דגני בוק,,דגני בוקר ליון וקרמל,גרמים,480.00,100 גרם,false,,24.90,0.0519,true,1,2144970
5900020037916,false,דגני בוקר שיבולת שועל צ'ריוס 375ג',ג'נרל מילס סאן אדריא,PL,דגני בוקר צ'ריוס שיב,גרמים,375.00,100 גרם,false,,14.90,0.0397,true,1,2181474
5900020039620,false,פיטנס חטיף דגנים שקדים ודבש פרווה,נסטלה פולין ברים,IL,חטיף פיטנס דגנים שקד,גרמים,141.00,100 גרם,false,,15.90,0.1128,true,1,2213709
5900020041142,false,קורנפלקס פיטנס 500 ג' אסם,נסטלה צרפת איטנקורט,PL,קורנפלקס פיטנס 500 ג,גרמים,500.00,100 גרם,false,,12.90,0.0258,true,1,2278072
5900020041371,false,פיטנס מארז חטף שוקולד מריר 8*23.5 גרם,נסטלה פולין ברים,PL,מארז חטיף פיטנס שוקו,גרמים,184.00,100 גרם,false,,15.90,0.0864,true,1,2266532
5900238587234,false,שוקולד מריר 62% ברון,,,שוקולד מריר 62% ברון,גרמים,100.00,100 גרם,false,,5.90,0.0590,true,1,1291910
5900352000770,false,שוקולד חלב ממולא ג'לי דובדבן Mella,,,בונבונירה 190 גרם,גרמים,190.00,100 גרם,false,,8.90,0.0468,true,1,1240956
5900352001821,false,שוקולד חלב ממולא ג'לי לימון Mella,,,בונבונירה 190 גרם,גרמים,190.00,100 גרם,false,,8.90,0.0468,true,1,1240958
5900352002576,false,שוקולד חלב ממולא ג'לי אוכמניות Mella,,,בונבונירה אוכמניות 1,גרמים,190.00,100 גרם,false,,8.90,0.0468,true,1,1240959
5900352002866,false,חטיף שוקולד אליבי מק,אליבי מקס Alibi Max,,חטיף שוקולד אליבי מק,גרמים,49.00,100 גרם,false,,2.90,0.0592,true,1,1240960
5900352012605,false,חטיף אליבי קוקוס 147,אליבי מקס Alibi Max,,חטיף קוקוס אליבי 49,גרמים,49.00,100 גרם,false,,2.90,0.0592,true,1,1240965
5900352014449,false,וופל בלגי וניל 130 ג,,,וופל בלגי וניל 130 ג,גרמים,130.00,100 גרם,false,,3.90,0.0300,true,1,2255334
5900352014456,false,וופל בלגי שוקולד 130,,,וופל בלגי שוקולד 130,גרמים,130.00,100 גרם,false,,3.90,0.0300,true,1,2255335
5900352014470,false,וופל בלגי קרמל 140 ג,,,וופל בלגי קרמל 130 ג,גרמים,130.00,100 גרם,false,,3.90,0.0300,true,1,2255336
5900352014890,false,עוגיות יזיקי מריר תפ,,,עוגיות יזיקי מריר תפ,גרמים,140.00,100 גרם,false,,5.90,0.0421,true,1,2275098
5900352015125,false,עוגיות יזיקי קרמל מל,,,עוגיות יזיקי קרמל מל,גרמים,140.00,100 גרם,false,,5.90,0.0421,true,1,2275099
5900352015576,false,וופל בלגי קרם קוקוס,,,וופל בלגי קוקוס 130,גרמים,130.00,100 גרם,false,,3.90,0.0300,true,1,2275093
5900617035882,false,חטיף חלבון נוטרישיין בטעם שוקולד,גרנייה,NL,חטיף חלבון פרוטאין 3,גרמים,50.00,100 גרם,false,,9.90,0.1980,true,1,2232202
5900617035905,false,גו און חטיף חלבון עם קרמל ובוטנים ללא סוכר 50 ג',גרנייה,NL,חטיף חלבון פרוטאין 3,גרמים,50.00,100 גרם,false,,9.90,0.1980,true,1,2232203
5900617035929,false,חטיף חלבון נוטרישיין בטעם וניל תות יער,גרנייה,NL,חטיף חלבון פרוטאין 3,גרמים,50.00,100 גרם,false,,9.90,0.1980,true,1,2232204
5900627027020,false,קרם להסרת שיער בזמן המקלחת לעור רגיל,רקיט בנקיזר,FR,ויט ספא תמציות משי,מיליליטרים,150.00,"100 מ""ל",false,,34.90,0.2327,true,1,1227119
5900627063233,false,טבליות למדיח AIO 50 יח פיניש,רקיט בנקיזר,PL,פיניש 50 טבליות AIO,יח',50.00,יח',false,,39.90,0.7980,true,1,1402247
5900627066715,false,טבליות למדיח פיניש 1,רקיט בנקיזר,PL,פיניש 100 טבליות למד,יח',100.00,יח',false,,59.90,0.5990,true,1,1425226
5901105745122,false,כוס מאג פלורידה 375,,,כוס מאג פלורידה 375,יחידה,0.00,יחידה,false,,6.90,0.0000,true,1,2138671
5901105745214,false,"כוס מאג מילנו 250 מ""",,,"כוס מאג מילנו 250 מ""",יחידה,0.00,יחידה,false,,6.90,0.0000,true,1,2138743
5901105745252,false,"כוס מאג גמבו 450 מ""ל",,,"כוס מאג גמבו 450 מ""ל",יחידה,0.00,יחידה,false,,7.90,0.0000,true,1,2148638
5901414200411,false,מיני עוגיות היט Hit במילוי קרם שוקולד,באלזן Bahlsen,PL,ביסקוויט מיני ממולא,גרמים,130.00,100 גרם,false,,6.90,0.0531,true,1,1241935
5901669485649,false,שוקולד דק מריר 80%,,,שוקולד דק מריר 80%,גרמים,100.00,100 גרם,false,,6.90,0.0690,true,1,1291927
5901669485663,false,שוקולד דק מריר תפוז,,,שוקולד דק מריר תפוז,גרמים,100.00,100 גרם,false,,6.90,0.0690,true,1,1291928
5901669486196,false,שוקולד ברון חלב בוטנ,,,שוקולד ברון חלב בוטנ,גרמים,300.00,100 גרם,false,,11.90,0.0397,true,1,1291932
5901669486257,false,שוקולד ברון מריר בוט,,,שוקולד ברון מריר בוט,גרמים,300.00,100 גרם,false,,11.90,0.0397,true,1,1291935
5901677007611,false,שוקולד ברון חלב 300ג,,,שוקולד ברון חלב 300,גרמים,300.00,100 גרם,false,,11.90,0.0397,true,1,1291949
5901677008489,false,שוקולד ברון מריר 300,,,שוקולד ברון מריר 300,גרמים,300.00,100 גרם,false,,11.90,0.0397,true,1,1278480
5901677009011,false,שוקולד ברון מריר 70%,,,שוקולד ברון מריר 70%,גרמים,100.00,100 גרם,false,,5.90,0.0590,true,1,1291953
5902198160403,false,"משקה אנרגיה XL TEN פחית לל""ס 250מ""ל","טמפו משקאות בע""מ",IL,משקה XL בפחית,מיליליטרים,250.00,"100 מ""ל",false,,4.30,0.0172,true,1,1492890
5902581683779,false,שוקולד חלב ברון 90 ג,,,שוקולד חלב ברון 90 ג,גרמים,90.00,100 גרם,false,,4.90,0.0544,true,1,2259325
5902581689344,false,שוקולד דק מריר קפה 7,,,שוקולד דק מריר קפה 7,יחידה,0.00,יחידה,false,,6.90,0.0000,true,1,2279697
5904603190654,false,עגבניות צהוב אדום בח,דבורק,,עגבניות צהוב אדום בח,גרמים,880.00,100 גרם,false,,12.90,0.0147,true,1,2251152
5904603190661,false,עגבניות החומץ עם שמי,דבורק,,עגבניות החומץ עם שמי,גרמים,880.00,100 גרם,false,,12.90,0.0147,true,1,2251153
5904603190715,false,עגבניות בחומץ פיקנטי,דבורק,,עגבניות החומץ עם פלפ,גרמים,880.00,100 גרם,false,,12.90,0.0147,true,1,2252999
5904603190883,false,עגבניות ירוקות כבושו,דבורק,,עגבניות ירוקות כבושו,גרמים,880.00,100 גרם,false,,12.90,0.0147,true,1,2251156
5904603191323,false,מלפפונים כבושים דוור,דבורק,,מלפפונים כבושים,גרמים,860.00,100 גרם,false,,12.90,0.0150,true,1,2251160
5904941750312,false,"משקה אנרגיה BLU מוחיטו 250 מ""ל",אקו - ביט,PL,משקה בלו מוחיטו,מיליליטרים,250.00,"100 מ""ל",false,,4.20,0.0168,true,1,1257540
5904941751302,false,"משקה אנרגיה בלו 250 מ""ל- בודד",אקו - ביט,PL,BLU משקה אנרגיה 250מ,מיליליטרים,250.00,"100 מ""ל",false,,4.20,0.0168,true,1,1257541
5904941751371,false,"בלו אקזוטי (מלון תפוח) 250 מ""ל בודד",Unknown,,משקה בלו דיי אקזו,מיליליטרים,250.00,"100 מ""ל",false,,3.90,0.0156,true,1,1607623
5904941751524,false,"משקה אנרגיה BLU דיי אבטיח 250 מ""ל",אקו - ביט,PL,משקה בלו דיי אבטיח,מיליליטרים,250.00,"100 מ""ל",false,,4.20,0.0168,true,1,1257543
5904941751715,false,"משקה אנרגיה בלו קרנברי 250 מ""ל -בודד",אקו - ביט,PL,משקה אנרגיה 250 מל,מיליליטרים,250.00,"100 מ""ל",false,,3.90,0.0156,true,1,1257544
5904941751920,false,בלו משקה אנרגיה דיי חצי מכמות הקלו250 מל,אקו - ביט,PL,משקה בלו דיי,מיליליטרים,250.00,"100 מ""ל",false,,4.20,0.0168,true,1,1257547
5906485301012,false,"משקה אנרגיה XL פחית 250 מ""ל","טמפו משקאות בע""מ",IL,"משקה XL בפחית 250 מ""",מיליליטרים,250.00,"100 מ""ל",false,,4.30,0.0172,true,1,1239552
5942219000059,false,מים מינרלים מבעבעים,,,מים מינרלים מבעבעים,ליטרים,1.50,ליטר,false,,9.20,6.1333,true,1,1822664
5997307500843,false,משקל מטבח דיגיטלי,,,משקל מטבח דיגיטלי,יחידה,0.00,יחידה,false,,39.90,0.0000,true,1,2147821
5997321701806,false,אבקה למניעת אבנית במכונת כביסה 2 ב-1,רקיט בנקיזר פולין,PL,אבקה למניעת אבנית 1ק,קילוגרמים,1.00,"ק""ג",false,,29.90,29.9000,true,1,1557904
5997321770307,false,Veet רצועות שעווה לעור רגיש (12 יח'),רקיט בנקיזר,FR,רצועות שעווה לעור רג,יחידה,0.00,יחידה,false,,29.90,0.0000,true,1,2013752
5998623526739,false,"יין סי גראס גוורצטרמינר 750 מ""ל",דנוביאנה,HU,יין גוורצטרמינר,מיליליטרים,750.00,"100 מ""ל",false,,29.90,0.0399,true,1,2123423
5998623530644,false,פינו גריג'יו רוזה חצ,אדלמה,HU,יין רוזה יבש אדלמה פ,מיליליטרים,750.00,"100 מ""ל",false,,39.00,0.0520,true,1,2278726
5998749109113,false,פדיגרי דנטאסטיקס כלב לארג 270 גרם (7 יח') BP40S,פדיגרי Pedigree,HU,פדיגרי דנטה לארג' 270 ג,גרמים,270.00,100 גרם,false,,19.90,0.0737,true,1,1298828
5999884350002,false,גולדן דוג שימור לכלב,,,גולדן דוג שימור לכלב,יחידה,0.00,יחידה,false,,3.90,0.0000,true,1,2219560
5999884350019,false,גולדן דוג שימור לכלב,,,גולדן דוג שימור לכלב,יחידה,0.00,יחידה,false,,3.90,0.0000,true,1,2219561
5999884350026,false,גולדן דוג שימור לכלב,,,גולדן דוג שימור לכלב,יחידה,0.00,יחידה,false,,3.90,0.0000,true,1,2219562
5999884350828,false,גולדן קט שימור לחתול,גולדן קט Golden Cat,,גולדן קט שימור לחתול,גרמים,410.00,100 גרם,false,,3.90,0.0095,true,1,2219565
5999884350835,false,גולדן קט שימור לחתול,גולדן קט Golden Cat,,גולדן קט שימור לחתול,גרמים,410.00,100 גרם,false,,3.90,0.0095,true,1,2219566
6001067017332,false,קולגייט מברשת שיניים מדיום 360 אופטיק ווייט,,,מברשת שיניים קולגייט,יחידה,0.00,יחידה,false,,10.00,0.0000,true,1,1380378
6001067017523,false,קולגייט מברשת שיניים ילדים ספידרמן-ברבי 5+,יבואן ומשווק: ש. שסט,CN,קולגייט מברשת ילדים ספידר,יח',1.00,יח',false,,9.90,9.9000,true,1,1253396
6001067017530,false,קולגייט מברשת שיניים לילדים ספיידרמן,יבואן ומשווק: ש. שסט,CN,קולגייט מברשת ילדים ספידר,יחידה,0.00,יחידה,false,,9.90,0.0000,true,1,1253397
6009188004828,false,קיט קט צ'אנקי לבן 40ג,,,חטיף קיט קט צ'אנקי ל,גרמים,40.00,100 גרם,false,,3.90,0.0975,true,1,2266546
6111094000198,false,קוסקוס דק 350 ג' דארי,דארי Dari,,קוסקוס דארי 350 גרם,גרמים,350.00,100 גרם,false,,5.90,0.0169,true,1,1726411
6111094000242,false,תומר קוסקוס דארי דק 500גר,דרי קוספט,MA,קוסקוס דארי דק 500 ג,גרמים,500.00,100 גרם,false,,7.90,0.0158,true,1,1254168
6111094000259,false,קוסקוס דארי בינוני ת,דארי Dari,,קוסקוס דארי בינוני 0,גרמים,500.00,100 גרם,false,,7.90,0.0158,true,1,1254169
6111094000709,false,דארי קוסקוס מחיטה מל,,,קוסקוס דארי 500גר דא,גרמים,500.00,100 גרם,false,,7.90,0.0158,true,1,2255846
6111094001966,false,דארי קוסקוס עבה 1 קג,,,דארי קוסקוס עבה 1 קג,קילוגרמים,1.00,"ק""ג",false,,16.90,16.9000,true,1,2283346
6111094002123,false,דארי אטריות דקות תומ,,,איטריות דקות דארי,גרמים,550.00,100 גרם,false,,7.90,0.0144,true,1,2271433
6116190787011,false,חגורת עור מסתובבת,,,חגורת עור מסתובבת,יחידה,0.00,יחידה,false,,49.90,0.0000,true,1,2253125
6253017300029,false,טחינה גולמית קרוואן,קרואן Karawan,,טחינה גולמית קרוואן,גרמים,950.00,100 גרם,false,,22.90,0.0241,true,1,1261719
6281031261453,false,צבע לשיער קולור ספיי,,,צבע לשיער קולור ספיי,יחידה,1.00,יחידה,false,,26.90,26.9000,true,1,1678711
6281031261606,false,צבע לשיער קולור ספיי,,,צבע לשיער קולור ספיי,יחידה,1.00,יחידה,false,,26.90,26.9000,true,1,1678695
6281031261781,false,צבע לשיער קולור ספיי,,,צבע לשיער קולור ספיי,יחידה,1.00,יחידה,false,,26.90,26.9000,true,1,1678699
6667771501790,false,ק. חיתוך 2 צבעים קטן,,,ק. חיתוך 2 צבעים קטן,יחידה,0.00,יחידה,false,,19.90,0.0000,true,1,2203586
6920354822193,false,משחת שיניים נטורל הדרים אקליפטוס קולגייט 90 ג',קולגייט Colgate,,משחת שניים קולגייט נ,מיליליטרים,68.00,"100 מ""ל",false,,14.90,0.2191,true,1,2213213
6920354822223,false,משחת שיניים נטורל גינגר קוקוס קולגייט 90 ג',קולגייט Colgate,,משחת שניים קולגייט נ,מיליליטרים,68.00,"100 מ""ל",false,,14.90,0.2191,true,1,2213214
6920354824395,false,משחת שיניים נטורל תמציות פחם קולגייט 90 ג',קולגייט Colgate,,משחת שניים קולגייט נ,מיליליטרים,71.00,"100 מ""ל",false,,14.90,0.2099,true,1,2213215
6922163616659,false,תה ירוק שקיקים 40 גר,טעמי אסיה Taste of Asia,TH,תה ירוק שקיקים 40 גרם-כשר,גרמים,40.00,100 גרם,false,,7.90,0.1975,true,1,1257579
6922163616666,false,תה ירוק עם יסמין 20 שקיקים,טעמי אסיה Taste of Asia,CN,תה ירוק עם יסמין -שקיקים,גרמים,40.00,100 גרם,false,,7.90,0.1975,true,1,1257580
6933846212365,false,חול קריסטל לחתול 3.6,,,חול קריסטל לחתול 3.6,יחידה,0.00,יחידה,false,,22.90,0.0000,true,1,2264415
6935673035612,false,כפפות אלוורה להקלה על עור יבש - קטן S,מ.א ייצור ושיווק מטל,CN,כפפות אלוורה 1/120 S,יחידה,0.00,יחידה,false,,5.90,0.0000,true,1,1242139
6935673035629,false,כפפות אלוורה להקלה על עור יבש - בינוני M,מ.א ייצור ושיווק מטל,CN,כפפות אלוורה 1/120 M,יחידה,0.00,יחידה,false,,5.90,0.0000,true,1,1242140
6935673035636,false,כפפות אלוורה להקלה על עור יבש - גדול L,מ.א ייצור ושיווק מטל,CN,כפפות אלוורה 1/120 L,יח',2.00,יח',false,,5.90,2.9500,true,1,1242141
6935673035643,false,כפפות אלוורה להקלה על עור יבש - גדול מאוד XL,מ.א ייצור ושיווק מטל,CN,כפפות אלוורה 1/120 XL,יחידה,0.00,יחידה,false,,5.90,0.0000,true,1,1242142
6937266700761,false,מכשיר גילוח שיק אינט,,,מכשיר גילוח שיק אינט,יחידה,0.00,יחידה,false,,29.90,0.0000,true,1,2039992
6937732000012,false,תבנית נירוסטה בינוני,,,תבנית נירוסטה בינוני,יחידה,0.00,יחידה,false,,29.90,0.0000,true,1,2203595
6939924820972,false,מפזר חום עגול שחור M,,,מפזר חום עגול שחור M,יחידה,0.00,יחידה,false,,119.90,0.0000,true,1,2278333
6939924837635,false,מפזר חום MIDEA NF20-20A 2000W,המילטון Hemilton,,מפזר חום MIDEA NF20-,יחידה,0.00,יחידה,false,,119.90,0.0000,true,1,2278345
6940056172983,false,עכבר אופטי,,,עכבר אופטי,יחידה,0.00,יחידה,false,,49.90,0.0000,true,1,2175180
6944027000428,false,תה ירוק סיני 250 גר,זאינינג קריאלס אואיל,,תה סיני,גרמים,250.00,100 גרם,false,,9.90,0.0396,true,1,1265073
6971071749393,false,כבל מיקרו,,,כבל מיקרו,יחידה,0.00,יחידה,false,,9.90,0.0000,true,1,2175356
6971071749416,false,כבל מיקרו,,,כבל מיקרו,יחידה,0.00,יחידה,false,,9.90,0.0000,true,1,2175358
6971071749485,false,אוזניות סיליקון,,,אוזניות סיליקון,יחידה,0.00,יחידה,false,,9.90,0.0000,true,1,2175365
6971320730523,false,ברנדה חט' סנדוויץ עו,,,ברנדה חט' סנדוויץ עו,יחידה,0.00,יחידה,false,,14.90,0.0000,true,1,2233181
6971320730530,false,חטיפי קלציום עטופים עוף,ברנדה Brande,,ברנדה חט' עצמות קלצי,גרמים,80.00,100 גרם,false,,14.90,0.1863,true,1,2233182
6971320730561,false,ברנדה חט' סושי עוף 8,,,ברנדה חט' סושי עוף 8,יחידה,0.00,יחידה,false,,14.90,0.0000,true,1,2233185
6971320730615,false,סושי סלומון חטיף לכלב,,,ברנדה חט' סושי סלמון,יחידה,0.00,יחידה,false,,14.90,0.0000,true,1,2233190
6971320730660,false,ברנדה חט' חזה עוף על,,,ברנדה חט' חזה עוף על,יחידה,0.00,יחידה,false,,14.90,0.0000,true,1,2233194
6971320730684,false,ברנדה חט' מיני קוביו,,,ברנדה חט' מיני קוביו,יחידה,0.00,יחידה,false,,14.90,0.0000,true,1,2233196
6971320730769,false,חטיף בקר ובקלה על עצם,,,ברנדה חט' בקר ובקלה,יחידה,0.00,יחידה,false,,14.90,0.0000,true,1,2233203
6971320730806,false,ברנדה חט' רצועות כבש,,,ברנדה חט' רצועות כבש,יחידה,0.00,יחידה,false,,14.90,0.0000,true,1,2233207
6998877553405,false,קרוס פרווה,,,קרוס פרווה,יחידה,0.00,יחידה,false,,29.90,0.0000,true,1,2278396
6998877553412,false,קרוס פרווה,,,קרוס פרווה,יחידה,0.00,יחידה,false,,29.90,0.0000,true,1,2278397
7038513866304,false,מברשת שיניים לילדים שלב 1 לגילאי 0-2,ג'ורדן Jordan,MY,ג'ורדן מברשת ילדים 0-2,יח',1.00,יח',false,,12.90,12.9000,true,1,1266494
7038513866311,false,מברשת שיניים לילדים שלב 2 לגילאי 3-5,ג'ורדן Jordan,MY,ג'ורדן מברשת לילדים 3-5,יח',1.00,יח',false,,12.90,12.9000,true,1,1266495
7038516140357,false,ג'ורדן מברשת טוטאל קלין סופט רביעייה,מיוצר במלזיה עבור ג',NO,ג'ורדן מברשת טוטאל קלין ס,יח',4.00,יח',false,,14.90,3.7250,true,1,1266501
7038516140418,false,ג'ורדן מברשת טוטאל קלין מדיום רביעייה,ג'ורדן Jordan,MY,ג'ורדן מברשת טוטאל קלין מ,יח',4.00,יח',false,,14.90,3.7250,true,1,1266502
7038516550309,false,גורדן מברשת שיניים אינדיבידואל סופט ראש,ג'ורדן Jordan,MY,ג'ורדן מ.שיניים אינדיבידו,יחידה,0.00,יחידה,false,,14.90,0.0000,true,1,1266507
7038516552303,false,גורדן מברשת שיניים אינדיבידואל ראש בינוני,ג'ורדן Jordan,MY,ג'ורדן מ.שיניים אינדיבידו,יח',1.00,יח',false,,14.90,14.9000,true,1,1266508
7046110052686,false,חוט דנטלי גורדן בניח,,,חוט דנטלי גורדן בניח,מטרים,50.00,מטר,false,,9.90,0.1980,true,1,2273013
7046110064016,false,ג'ורדן מארז זוג מברשת שיניים לילדים מגיל 3-5,,,מברשת שיניים 3-5 ג'ו,יח',1.00,יח',false,,14.90,14.9000,true,1,1644460
7046110064047,false,מארז זוג מברשת שיניים ג'ורדן ילדים 6-9,,,מברשת שיניים 6-9 ג'ו,יח',1.00,יח',false,,14.90,14.9000,true,1,1644461
7046110064535,false,מארז זוג מברשת שיניים ג'ורדן ילדים 0-2,ג'ורדן Jordan,,מברשת שיניים 0-2 ג'ו,יח',1.00,יח',false,,14.90,14.9000,true,1,1644462
7046110069868,false,גורדן מברשת שיניים לילדים 9+ SMILE,,,מברשת שיניים גורדן,יח',1.00,יח',false,,12.90,12.9000,true,1,1404461
7046110071519,false,"ג'ורדן משחת שיניים לילדים לשיני חלב 2-6 50 מ""ל",,,מברשת שיניים 2-6 ג'ו,מיליליטרים,50.00,"100 מ""ל",false,,9.90,0.1980,true,1,2180834
7046110075036,false,מברשת שיניים אוליטימייט רביעייה - סופט,,,מברשת שיניים גורדן א,יח',4.00,יח',false,,14.90,3.7250,true,1,2129227
7046110075562,false,"ג'ורדן משחת שיניים לילדים (6-12 ) 50מ""ל",,,מברשת שיניים 6-12 ג',מיליליטרים,50.00,"100 מ""ל",false,,9.90,0.1980,true,1,2180835
7162020092328,false,סט מצעים אפריקה זוגי,,,סט מצעים אפריקה זוגי,יחידה,0.00,יחידה,false,,109.90,0.0000,true,1,2184191
7271730901261,false,ווקי מאק ארוחת אטריות עם גבינה 156 גרם,ניו וורלד פסטה קומפנ,US,ווקי מאק ארוחת אטריו,גרמים,156.00,100 גרם,false,,9.90,0.0635,true,1,2203845
7290000000336,false,כרטיס כניסה לאיי ג'א,,,כרטיס כניסה לאיי ג'א,יחידה,0.00,יחידה,false,,33.90,0.0000,true,1,2213858
7290000000337,false,כרטיס כניסה לאיי ג'א,,,כרטיס כניסה לאיי ג'א,יחידה,0.00,יחידה,false,,44.90,0.0000,true,1,2213859
7290000000390,false,מארז שוופס סודה 250,"ולדמן ביח""ר לנקניק ו",,מארז שוופס סודה 250,ליטרים,6.00,ליטר,false,,60.00,10.0000,true,1,2182637
7290000000415,false,מארז שישיית סופגניות,"ולדמן ביח""ר לנקניק ו",,מארז שישיית סופגניות,יחידה,0.00,יחידה,false,,14.90,0.0000,true,1,2282316
7290000000996,false,שתיה קרה,,,שתיה קרה,יחידה,0.00,יחידה,false,,8.00,0.0000,true,1,2116562
7290000001134,false,רביעייה סופגניות,מעדני מניה תעשיות בש,,רביעייה סופגניות,יח',4.00,יח',false,,10.00,2.5000,true,1,2175598
7290000001135,false,שמינייה סופגניות מינ,,,שמינייה סופגניות מינ,יחידה,0.00,יחידה,false,,14.90,0.0000,true,1,2175599
7290000001137,false,רביעיית סופגניות מיו,,,רביעיית סופגניות מיו,יחידה,0.00,יחידה,false,,14.90,0.0000,true,1,2175600
7290000001180,false,עוגיות שוקולד ציפס,אראל תוצרת חקלאית בע,IL,עוגיות שוקולד ציפס,קילוגרמים,1.00,"ק""ג",true,,40.00,40.0000,true,1,2218104
7290000001603,false,מארז מסיכות 50 יח',,,מארז מסיכות 50 יח',יח',50.00,יח',false,,9.90,0.1980,true,1,2149284
7290000003001,false,חלה ויזניץ לשבת,,,חלה ויזניץ לשבת,יחידה,0.00,יחידה,false,,17.90,0.0000,true,1,2266547
7290000010953,false,גבינה צהובה 28% נועם,,,גבינה צהובה 28% נועם,קילוגרמים,1.00,"ק""ג",true,,44.75,44.7500,true,1,1243773
7290000010984,false,גבינה צהובה 9% נועם,טרה,IL,חריץ גבינה צהובה נעם 9% ב,קילוגרמים,1.00,"ק""ג",true,,71.00,71.0000,true,1,1243774
7290000010991,false,גבינה צהובה 22% נועם,טרה,IL,חריץ גבינה צהובה נעם 22%,קילוגרמים,1.00,"ק""ג",true,,42.55,42.5500,true,1,1243775
7290000011126,false,מאפה נקניקיה צמחית.,,,מאפה נקניקיה צמחית.,קילוגרמים,1.00,"ק""ג",true,,34.90,34.9000,true,1,1237977
7290000011462,false,עצמות מח טרי,,,עצמות מח טרי,קילוגרמים,1.00,"ק""ג",true,,49.90,49.9000,true,1,1258015
7290000012131,false,רצועות עוף,קריות זול,,רצועות עוף,קילוגרמים,1.00,"ק""ג",true,,44.90,44.9000,true,1,1258016
7290000012384,false,"גבינה עמק מרוסקת ק""ג",,,"גבינה עמק מרוסקת ק""ג",קילוגרמים,1.00,"ק""ג",true,,44.75,44.7500,true,1,1254303
7290000016948,false,אסאדו בלי עצם טרי,,,אסאדו בלי עצם טרי,קילוגרמים,1.00,"ק""ג",true,,69.00,69.0000,true,1,1415951
7290000017198,false,שניצל שייטל טרי,,,שניצל שייטל טרי,קילוגרמים,1.00,"ק""ג",true,,119.00,119.0000,true,1,1515757
7290000017389,false,גבינת עיזים,,,גבינת עיזים,קילוגרמים,1.00,"ק""ג",true,,99.00,99.0000,true,1,1491143
7290000017396,false,גבינה צדר כתום אנגלי,,,גבינה צדר כתום אנגלי,קילוגרמים,1.00,"ק""ג",true,,89.00,89.0000,true,1,1491144
7290000017402,false,גבינה צדר לבן אנגלי,,,גבינה צדר לבן אנגלי,קילוגרמים,1.00,"ק""ג",true,,89.00,89.0000,true,1,1491145
7290000017426,false,"גבינה גאודה ק""ג",,,"גבינה גאודה ק""ג",קילוגרמים,1.00,"ק""ג",true,,90.00,90.0000,true,1,1540540
7290000019482,false,חזה עוף נקי,,,חזה עוף נקי,קילוגרמים,1.00,"ק""ג",true,,44.90,44.9000,true,1,2074940
7290000019543,false,"גבינה עמק לייט ק""ג ג",,,"גבינה עמק לייט ק""ג ג",קילוגרמים,1.00,"ק""ג",true,,70.00,70.0000,true,1,1647072
7290000019567,false,"גבינה סקנדינבית ק""ג",,,"גבינה סקנדינבית ק""ג",קילוגרמים,1.00,"ק""ג",true,,79.00,79.0000,true,1,1647073
7290000019574,false,"גבינה גלבוע פרוס ק""ג",,,"גבינה גלבוע פרוס ק""ג",קילוגרמים,1.00,"ק""ג",true,,42.55,42.5500,true,1,1647074
7290000019581,false,"גבינה עמק פרוס ק""ג ג",,,"גבינה עמק פרוס ק""ג ג",קילוגרמים,1.00,"ק""ג",true,,44.75,44.7500,true,1,1647075
7290000019598,false,גבינה צהובה 9% נועם,,,גבינה צהובה 9% נועם,קילוגרמים,1.00,"ק""ג",true,,69.00,69.0000,true,1,1647088
7290000019604,false,גבינה צהובה 22% נועם,,,גבינה צהובה 22% נועם,קילוגרמים,1.00,"ק""ג",true,,42.55,42.5500,true,1,1647089
7290000019611,false,גבינה צהובה 28% נועם,,,גבינה צהובה 28% נועם,קילוגרמים,1.00,"ק""ג",true,,44.75,44.7500,true,1,1647090
7290000020334,false,חתיכות פילה דג הרינג,,,חתיכות פילה דג הרינג,קילוגרמים,1.00,"ק""ג",true,,39.90,39.9000,true,1,2262577
7290000020341,false,פילה דג הרינג סקנדינ,,,פילה דג הרינג סקנדינ,קילוגרמים,1.00,"ק""ג",true,,39.90,39.9000,true,1,2262578
7290000020747,false,טונה אדומה טרי,,,טונה אדומה טרי,קילוגרמים,1.00,"ק""ג",true,,180.00,180.0000,true,1,2093466
7290000021027,false,דנבר סטייק טרי,,,דנבר סטייק טרי,קילוגרמים,1.00,"ק""ג",true,,119.00,119.0000,true,1,2178069
7290000021041,false,סטייק טומהוק עם עצם,,,סטייק טומהוק עם עצם,קילוגרמים,1.00,"ק""ג",true,,119.00,119.0000,true,1,2185364
7290000021294,false,דונאטס רביעייה,,,דונאטס רביעייה,יחידה,0.00,יחידה,false,,19.90,0.0000,true,1,2130181
7290000022536,false,"מזוודה 20"" טולדו",,,"מזוודה 20"" טולדו",יחידה,0.00,יחידה,false,,129.90,0.0000,true,1,2211269
7290000022567,false,"מזוודה 28"" טולדו",,,"מזוודה 28"" טולדו",יחידה,0.00,יחידה,false,,199.90,0.0000,true,1,2211271
7290000023007,false,"ברנדי שטוק 84 40% 750 מ""ל","יקבי ברקן בע""ם",IL,"ברנדי שטוק 84 750 מ""",מיליליטרים,750.00,"100 מ""ל",false,,81.90,0.1092,true,1,1239405
7290000023083,false,ערק אשקלון 40% בקבוק,"יקבי ברקן בע""מ",IL,ערק אשקלון 40% 700 מ,מיליליטרים,700.00,"100 מ""ל",false,,59.90,0.0856,true,1,1239407
7290000023427,false,ליקר שטוק אמרטו 750מ,"יקבי ברקן בע""מ",IL,ליקר אמרטו שטוק 750,מיליליטרים,750.00,"100 מ""ל",false,,44.90,0.0599,true,1,1239409
7290000023809,false,"יין ברקן קלאסיק קברנה סובניון 750מ""ל",יקבי ברקן שיווק והפצ,IL,יין קברנה סובניון 75,מיליליטרים,750.00,"100 מ""ל",false,,39.90,0.0532,true,1,1239422
7290000023816,false,"יין ברקן קלאסיק אמרלד ריזלינג 750מ""ל",יקבי ברקן שיווק והפצ,IL,יין אמרלד ריזלינג 75,מיליליטרים,750.00,"100 מ""ל",false,,32.90,0.0439,true,1,1239423
7290000023823,false,קלאסיק סוביניון בלאן,יקבי ברקן שיווק והפצ,IL,קלאסיק סובניון בלאן,מיליליטרים,750.00,"100 מ""ל",false,,32.90,0.0439,true,1,1239424
7290000023830,false,קלאסיק שיראז רוזה 75,,,קלאסיק שיראז רוזה 75,מיליליטרים,750.00,"100 מ""ל",false,,32.90,0.0439,true,1,1239425
7290000023847,false,יין ברקן קלאסיק שרדו,יקבי ברקן שיווק והפצ,IL,"יין שרדונה 750 מ""ל",מיליליטרים,750.00,"100 מ""ל",false,,32.90,0.0439,true,1,1239426
7290000023977,false,"יין ברקן קלאסיק מרלו 750 מ""ל",יקבי ברקן שיווק והפצ,IL,"יין מרלו 750 מ""ל",מיליליטרים,750.00,"100 מ""ל",false,,39.90,0.0532,true,1,1239429
7290000024202,false,"יין ברקן רזרב קברנה סובניון 750 מ""ל",ברקן שיווק והפצה בעמ,IL,יין רזרב קברנה סובינ,מיליליטרים,750.00,"100 מ""ל",false,,59.90,0.0799,true,1,1239434
7290000024219,false,יין רזרב אמרלנד ריזל,יקבי ברקן,IL,יין רזרב אמרלד ריזלי,מיליליטרים,750.00,"100 מ""ל",false,,44.90,0.0599,true,1,1239435
7290000024240,false,יין רזרב שרדונה 750 מל,ביבקבי ברקן שיווק וה,IL,יין שרדונה רזרב 750,מיליליטרים,750.00,"100 מ""ל",false,,44.90,0.0599,true,1,1239438
7290000024264,false,"יין ברקן רזרב מרלו 750 מ""ל",כרמי צבי - אחים סגל,IL,יין רזרב מרלו אדום 7,מיליליטרים,750.00,"100 מ""ל",false,,59.90,0.0799,true,1,1239439
7290000024516,false,יין אסמבלאז עלמון 20,,,יין לבן עלמון,מיליליטרים,750.00,"100 מ""ל",false,,55.00,0.0733,true,1,1953792
7290000024523,false,מיץ ענבים תירוש אדום,כרמי צבי - האחים סגל,IL,יין תירוש מתוק,ליטרים,1.00,ליטר,false,,12.90,12.9000,true,1,1394244
7290000024530,false,יין אדום מתוק של סגל,כרמי צבי - אחים סגל,IL,יין אדום מתוק של סגל,מיליליטרים,750.00,"100 מ""ל",false,,18.90,0.0252,true,1,1239445
7290000024554,false,יין אסמבלאז ריחן 200,יקבי ברקן,IL,יין אדום אסמבלאז,מיליליטרים,750.00,"100 מ""ל",false,,55.00,0.0733,true,1,1953836
7290000024561,false,ברקן אסמבלאז' איתן 7,יקבי ברקן,IL,יין איתן,מיליליטרים,750.00,"100 מ""ל",false,,55.00,0.0733,true,1,1953793
7290000026589,false,ארטישוק בטעמים,,,ארטישוק בטעמים,קילוגרמים,1.00,"ק""ג",true,,59.00,59.0000,true,1,2256547
7290000026596,false,אריסה חריפה/מתוקה,,,אריסה חריפה/מתוקה,קילוגרמים,1.00,"ק""ג",true,,39.00,39.0000,true,1,2256548
7290000026602,false,סלט ביצים,,,סלט ביצים,קילוגרמים,1.00,"ק""ג",true,,59.00,59.0000,true,1,2256549
7290000026619,false,גזר בטעמים,,,גזר בטעמים,קילוגרמים,1.00,"ק""ג",true,,39.00,39.0000,true,1,2256550
7290000026626,false,סלט וולדורף,,,סלט וולדורף,קילוגרמים,1.00,"ק""ג",true,,55.00,55.0000,true,1,2256551
7290000026633,false,חומוס בטעמים,,,חומוס בטעמים,קילוגרמים,1.00,"ק""ג",true,,29.00,29.0000,true,1,2256552
7290000026671,false,חציל בטעמים,,,חציל בטעמים,קילוגרמים,1.00,"ק""ג",true,,49.00,49.0000,true,1,2256555
7290000026688,false,חציל בטעם כבד,,,חציל בטעם כבד,קילוגרמים,1.00,"ק""ג",true,,59.00,59.0000,true,1,2256556
7290000026695,false,טבולה,,,טבולה,קילוגרמים,1.00,"ק""ג",true,,49.00,49.0000,true,1,2256557
7290000026701,false,טונה זיתים/ירקות/סלר,,,טונה זיתים/ירקות/סלר,קילוגרמים,1.00,"ק""ג",true,,59.00,59.0000,true,1,2256558
7290000026718,false,סלט טורקי,,,סלט טורקי,קילוגרמים,1.00,"ק""ג",true,,39.00,39.0000,true,1,2256559
7290000026725,false,טחינה בטעמים,,,טחינה בטעמים,קילוגרמים,1.00,"ק""ג",true,,29.00,29.0000,true,1,2256560
7290000026732,false,כרוב בטעמים,,,כרוב בטעמים,קילוגרמים,1.00,"ק""ג",true,,35.00,35.0000,true,1,2256561
7290000026749,false,לימון פיקנטי,,,לימון פיקנטי,קילוגרמים,1.00,"ק""ג",true,,55.00,55.0000,true,1,2256562
7290000026756,false,מטבוחה בטעמים,,,מטבוחה בטעמים,קילוגרמים,1.00,"ק""ג",true,,39.00,39.0000,true,1,2256563
7290000026763,false,מסבחה,,,מסבחה,קילוגרמים,1.00,"ק""ג",true,,34.00,34.0000,true,1,2256564
7290000026787,false,סחוג אדום/ירוק,,,סחוג אדום/ירוק,קילוגרמים,1.00,"ק""ג",true,,49.00,49.0000,true,1,2256565
7290000026817,false,סלט מלפפונים,,,סלט מלפפונים,קילוגרמים,1.00,"ק""ג",true,,39.00,39.0000,true,1,2256567
7290000026824,false,סלסה של עגבניות טריו,,,סלסה של עגבניות טריו,קילוגרמים,1.00,"ק""ג",true,,39.00,39.0000,true,1,2256568
7290000026831,false,סלק שום/רוסי/רצועות/,,,סלק שום/רוסי/רצועות/,קילוגרמים,1.00,"ק""ג",true,,39.00,39.0000,true,1,2256569
7290000026862,false,פטריות ספרדי,,,פטריות ספרדי,קילוגרמים,1.00,"ק""ג",true,,55.00,55.0000,true,1,2256571
7290000026879,false,פטריות שמפיניון,,,פטריות שמפיניון,קילוגרמים,1.00,"ק""ג",true,,65.00,65.0000,true,1,2256572
7290000026886,false,סלט פלפל בטעמים,,,סלט פלפל בטעמים,קילוגרמים,1.00,"ק""ג",true,,49.00,49.0000,true,1,2256573
7290000026893,false,פלפלית בלימון חריף,,,פלפלית בלימון חריף,קילוגרמים,1.00,"ק""ג",true,,39.00,39.0000,true,1,2256574
7290000026923,false,קישוא בטעם כבד,,,קישוא בטעם כבד,קילוגרמים,1.00,"ק""ג",true,,59.00,59.0000,true,1,2256577
7290000026947,false,רוטב צי'מצורי,,,רוטב צי'מצורי,קילוגרמים,1.00,"ק""ג",true,,49.00,49.0000,true,1,2256578
7290000026961,false,תפוח אדמה במיונז,,,תפוח אדמה במיונז,קילוגרמים,1.00,"ק""ג",true,,34.00,34.0000,true,1,2256580
7290000027005,false,סלט תירס במיונז,,,סלט תירס במיונז,קילוגרמים,1.00,"ק""ג",true,,39.90,39.9000,true,1,2256679
7290000027012,false,סלט אבוקדו,,,סלט אבוקדו,קילוגרמים,1.00,"ק""ג",true,,69.00,69.0000,true,1,2256680
7290000034034,false,דגן קרקר עם חיטה מלא,אפיפית נצרת,IL,קרקר דגני ללא סוכר וללא מ,גרמים,250.00,100 גרם,false,,7.90,0.0316,true,1,1261807
7290000034256,false,ביסקוויט תירוש חצי מצופה הדר 175ג',אפיפית נצרת תעשיות ב,IL,חצי מצופה תירוש רגיל 24/0,גרמים,175.00,100 גרם,false,,5.90,0.0337,true,1,1261808
7290000040042,false,יוגורט תות %3 גביע 150 ג' יופלה,תנובה בעמ,IL,יופלה תות 3%.,גרמים,150.00,100 גרם,false,,5.20,0.0347,true,1,1254304
7290000040066,false,יוגורט דובדבן 3% שומן 150 ג' יופלה,תנובה בעמ,IL,יופלה דובדבן.,גרמים,150.00,100 גרם,false,,5.20,0.0347,true,1,1254306
7290000040080,false,יוגורט אפרסק 3% שומן 150 ג' יופלה,תנובה בעמ,IL,יופלה אפרסק 3%.,גרמים,150.00,100 גרם,false,,5.20,0.0347,true,1,1254307
7290000040301,false,"גבינת קולאז קממבר עין גדי 24%, 125 ג'",תנובה מרכז שיתופי לש,IL,גבינה עין גדי /קממבר,גרמים,125.00,100 גרם,false,,19.90,0.1592,true,1,1254308
7290000040318,false,גבינת ברי 24% קולאז עדי תנובה 125 ג',תנובה מרכז שיתופי לש,IL,גבינת ברי חפיסה 125,גרמים,125.00,100 גרם,false,,19.90,0.1592,true,1,1254309
7290000040462,false,גבינת טוסטי עמק אמריקאי אדם 23% 200 ג',תנובה מרכז שיתופי לש,IL,גבינה טוסטי אדם.,גרמים,200.00,100 גרם,false,,18.90,0.0945,true,1,1254310
7290000040974,false,חלב תנובה קרטון דל לקטוז 2% 1ל,תנובה מרכז שיתופי לש,IL,חלב טרי דל לקטוז 2%,ליטרים,1.00,ליטר,false,,6.90,6.9000,true,1,1254312
7290000041858,false,"שמנת חמוצה 15% יטבתה 200 מ""ל מהדרין",שטראוס גרופ,IL,שמנת חמוצה 15% מועשרת מהד,גרמים,200.00,100 גרם,false,,2.70,0.0135,true,1,1256147
7290000041865,false,"לבן 4.5% יטבתה מהדרין 200מ""ל",מחלבת יטבתה,IL,לבן 4.5% שומן- מהדרין,גרמים,200.00,100 גרם,false,,2.00,0.0100,true,1,1256148
7290000041872,false,"לבן 3% יטבתה 200מ""ל מהדרין",מחלבת יטבתה,IL,לבן 3% שומן- מהדרין,גרמים,200.00,100 גרם,false,,2.00,0.0100,true,1,1256149
7290000042008,false,חלב תנובה טרי 3% שקית 1 ל',"תנובה, מחלבת רחובות",IL,חלב בשקית 3% שומן 1,ליטרים,1.00,ליטר,false,,5.40,5.4000,true,1,1254315
7290000042015,false,חלב טרי 3% תנובה שקית 1ל' מהדרין,תנובה מרכז שיתופי לש,IL,חלב שקית 3% שומן -מה,ליטרים,1.00,ליטר,false,,5.40,5.4000,true,1,1254316
7290000042404,false,חלב יוטבתה מועשר 3% שקית 1ל',מחלבת יטבתה,IL,חלב שקית מהדרין 3% מועשר,ליטרים,1.00,ליטר,false,,6.20,6.2000,true,1,1256150
7290000042435,false,חלב טרי 1% קרטון פקק 1ל' תנובה,תנובה מרכז שיתופי לש,IL,חלב 1% שומן בקרטון 1,ליטרים,1.00,ליטר,false,,5.85,5.8500,true,1,1254321
7290000042503,false,חלב עמיד קרטון 3% 1 ל' תנובה,תנובה מרכז שיתופי לש,IL,חלב עמיד 3% שומן 1 ל,ליטרים,1.00,ליטר,false,,7.20,7.2000,true,1,1254324
7290000042640,false,"חלב תנובה עמיד 3% קרטון 250 מ""ל",תנובה מרכז שיתופי לש,IL,"חלב עמיד 3% 250 מ""ל.",מיליליטרים,250.00,"100 מ""ל",false,,2.70,0.0108,true,1,1254327
7290000042671,false,חלב תנובה עמיד בדץ קרטון 3% 1ל,תנובה מרכז שיתופי לש,IL,"חלב עמיד בד""צ 3% שומ",ליטרים,1.00,ליטר,false,,7.20,7.2000,true,1,1254328
7290000042855,false,יוטבתה שוקו שקית 225מל,שטראוס גרופ,IL,*פריט החזרות* שוקו שקית ב,מיליליטרים,225.00,"100 מ""ל",false,,2.40,0.0107,true,1,1256151
7290000043012,false,"שוקו עמיד 2% בקרטון 250 מ""ל תנובה",תנובה מרכז שיתופי לש,IL,"שוקו עמיד 250 מ""ל.",מיליליטרים,250.00,"100 מ""ל",false,,4.90,0.0196,true,1,1254331
7290000043814,false,"שמנת מתוקה להקצפה 38% 250 מ""ל תנובה",תנובה מרכז שיתופי לש,IL,שמנת עמידה לקצפת 38%,מיליליטרים,250.00,"100 מ""ל",false,,6.40,0.0256,true,1,1254334
7290000043890,false,רויון בקרטון 1 ליטר,תנובה מרכז שיתופי לש,IL,משקה רויון 1.5% שומן,ליטרים,1.00,ליטר,false,,11.90,11.9000,true,1,1254336
7290000043944,false,כד יוגורט תנובה 4% שומן 1.5 ליטר,מיוצר עי קונדיטוריית,IL,יוגורט 4.5% שומן 1.5,ליטרים,1.50,ליטר,false,,17.90,11.9333,true,1,1254337
7290000044712,false,יוגורט עם תות 1.5% שומן 500 ג' פרילי,מיוצר עי קונדיטוריית,IL,מעדן פרילי תות 500 מ,מיליליטרים,500.00,"100 מ""ל",false,,11.50,0.0230,true,1,1254340
7290000044880,false,באדי יוגורט תות 3% שומן 500 ג' תנובה,מיוצר עי קונדיטוריית,IL,מעדן באדי תות 500 גר,גרמים,500.00,100 גרם,false,,9.20,0.0184,true,1,1254342
7290000045573,false,גבינת מותכת משולשים 25% שומן 200 ג' נעמה,קריות זול,IL,גבינה נעמה.,גרמים,200.00,100 גרם,false,,14.90,0.0745,true,1,1254343
7290000045917,false,תנובה גבינת פרומעז 23% גלילית 200ג,קריות זול,IL,גבינת עזים פרומעז גל,גרמים,200.00,100 גרם,false,,26.90,0.1345,true,1,1254346
7290000046006,false,גבינה צהובה עמק בלוק,תנובה מרכז שיתופי לש,,גבינה צהובה עמק בלוק,קילוגרמים,1.00,"ק""ג",true,,44.75,44.7500,true,1,1254348
7290000046020,false,"גבינה גלבוע בלוק ק""ג",תנובה מרכז שיתופי לש,,"גבינה גלבוע בלוק ק""ג",קילוגרמים,1.00,"ק""ג",true,,42.55,42.5500,true,1,1254349
7290000046549,false,מוצרלה חריץ תנובה במ,תנובה מרכז שיתופי לש,,גבינה מוצרלה מהדרין,קילוגרמים,1.00,"ק""ג",true,,82.00,82.0000,true,1,1254355
7290000046563,false,גבע פרמזן תנובה במשק,תנובה מרכז שיתופי לש,,"פרמזן בלוק ק""ג",קילוגרמים,1.00,"ק""ג",true,,121.00,121.0000,true,1,1254357
7290000046662,false,עמק דליקטס סקנדינבית,תנובה מרכז שיתופי לש,,"גבינה סקנדינבית ק""ג.",קילוגרמים,1.00,"ק""ג",true,,79.00,79.0000,true,1,1254360
7290000047027,false,גבינה גלעד קצקאבל27%,תנובה מרכז שיתופי לש,,"גבינה גלעד ק""ג בלוק.",קילוגרמים,1.00,"ק""ג",true,,130.00,130.0000,true,1,1254361
7290000047034,false,"גבינה רוקפור גליל ק""",תנובה מרכז שיתופי לש,,"גבינה רוקפור גליל ק""",קילוגרמים,1.00,"ק""ג",true,,126.00,126.0000,true,1,1254362
7290000047485,false,בולגרית פיראוס 24% ב,תנובה מרכז שיתופי לש,,בולגרית 24% שומן פח,קילוגרמים,1.00,"ק""ג",true,,59.00,59.0000,true,1,1254364
7290000047546,false,כנען גבינה לבנה ללא מלח 5% 500 ג',תנובה מרכז שיתופי לש,IL,גבינה כנען 5% 500 גר,גרמים,500.00,100 גרם,false,,24.90,0.0498,true,1,1254365
7290000047812,false,ראש קרפיון,,,ראש קרפיון,קילוגרמים,1.00,"ק""ג",true,,9.90,9.9000,true,1,1259452
7290000047942,false,**תנובה גבינה לבנה מהדרין 9% 250ג,תנובה מרכז שיתופי לש,IL,"גבינה למריחה 9% בד""צ",גרמים,250.00,100 גרם,false,,4.95,0.0198,true,1,1254369
7290000048185,false,גבינה לבנה 5% שומן 250 ג' תנובה,מיוצר עי קונדיטוריית,IL,גבינה למריחה 5% מהדר,גרמים,250.00,100 גרם,false,,4.95,0.0198,true,1,1254370
7290000048307,false,קוטג' 5% וזיתים ירוקים 250ג' תנובה,מיוצר עי קונדיטוריית,IL,קוטג' 5% תנובה עם זי,גרמים,250.00,100 גרם,false,,5.90,0.0236,true,1,1254372
7290000048413,false,גבינה חמד %16 שקית 250 ג' פיראוס,תנובה מרכז שיתופי לש,IL,גבינה חמד פיראוס שקי,גרמים,250.00,100 גרם,false,,18.90,0.0756,true,1,1254373
7290000048437,false,גבינה צפתית 5% 200 ג' פיראוס,פארייפאבה אגרואינדוס,IL,צפתית 5% פיראוס 200,גרמים,200.00,100 גרם,false,,14.90,0.0745,true,1,1254374
7290000050447,false,יוגורט תות 500 ג' יופלה,מיוצר עי קונדיטוריית,IL,יופלה תות 500 גרם.,גרמים,500.00,100 גרם,false,,13.20,0.0264,true,1,1254383
7290000050454,false,יוגורט אפרסק 500 ג' יופלה,מיוצר עי קונדיטוריית,IL,יופלה אפרסק 500 גרם.,גרמים,500.00,100 גרם,false,,13.20,0.0264,true,1,1254384
7290000051307,false,מארז הפסקת אוכל עם דגני עוגי ומשקה חלב עמיד בטעם וניל,תנובה מרכז שיתופי לש,IL,מארז הפסקת אוכל וניל,מיליליטרים,150.00,"100 מ""ל",false,,8.90,0.0593,true,1,1254389
7290000051352,false,חלב מלא בטעם של פעם 3.4% תנובה קרטון 1 ל',תנובה מרכז שיתופי לש,IL,חלב מלא תנובה 3.5%-4,ליטרים,1.00,ליטר,false,,7.90,7.9000,true,1,1254390
7290000051376,false,יופלה דיאט אננס גביע 150 ג',תנובה מרכז שיתופי לש,IL,יופלה דיאט אננס ספור,גרמים,150.00,100 גרם,false,,5.20,0.0347,true,1,1254391
7290000052311,false,גבינה צהובה לייט 15% 200 ג' עמק,תנובה מרכז שיתופי לש,IL,עמק פרוס 15% שומן בק,גרמים,200.00,100 גרם,false,,16.90,0.0845,true,1,1254400
7290000052649,false,גבינת לאבנה 5% שומן 500 ג' פיראוס,תנובה מרכז שיתופי לש,IL,לבנה 5% אסלית על בסי,גרמים,500.00,100 גרם,false,,20.90,0.0418,true,1,1254403
7290000052717,false,קוטג' 5%עם שום שמיר 250 ג' תנובה,מיוצר עי קונדיטוריית,IL,קוטג' 5% עם שום שמיר,גרמים,250.00,100 גרם,false,,5.90,0.0236,true,1,1254404
7290000055008,false,סטייק סלמון טרי,,,סטייק סלמון טרי,קילוגרמים,1.00,"ק""ג",true,,79.00,79.0000,true,1,1258146
7290000055206,false,גבינה לבנה 5% בטעם בצל מטוגן 250 ג' תנובה,תנובה מרכז שיתופי לש,IL,גבינה לבנה 5% טעם בצ,גרמים,250.00,100 גרם,false,,5.90,0.0236,true,1,1254419
7290000055329,false,יופלה משקה יוגורט תות מלון 1.5% 250מל.,תנובה מרכז שיתופי לש,IL,משקה יוגורט יופלה תו,גרמים,250.00,100 גרם,false,,5.50,0.0220,true,1,1254420
7290000055336,false,יופלה משקה יוגורט בננה אפרסק 1.5% 250מל,תנובה מרכז שיתופי לש,IL,משקה יוגורט יופלה בנ,גרמים,250.00,100 גרם,false,,5.50,0.0220,true,1,1254421
7290000055343,false,יופלה משקה יוגורט טרופי 1.5% 250מל,תנובה מרכז שיתופי לש,IL,משקה יוגורט יופלה טר,גרמים,250.00,100 גרם,false,,5.50,0.0220,true,1,1254422
7290000055350,false,גבינה צהובה חריץ עמק,תנובה מרכז שיתופי לש,,גבינה צהובה חריץ עמק,קילוגרמים,1.00,"ק""ג",true,,44.75,44.7500,true,1,1332519
7290000055398,false,ראש סלמון,,,ראש סלמון,קילוגרמים,1.00,"ק""ג",true,,19.90,19.9000,true,1,1259453
7290000055770,false,ביצי דגים,,,ביצי דגים,קילוגרמים,1.00,"ק""ג",true,,29.90,29.9000,true,1,1243717
7290000056081,false,מאגדת פרילי טבע 6 יח' * 200 ג',מיוצר עי קונדיטוריית,IL,מאגדת 6 פרילי טבע- 2,גרמים,1200.00,100 גרם,false,,22.90,0.0191,true,1,1254426
7290000056272,false,גבינה לבנה 5% עם זיתים ירוקים 250 ג' תנובה,תנובה מרכז שיתופי לש,IL,גבינה לבנה 5% טעם זי,גרמים,225.00,100 גרם,false,,5.90,0.0262,true,1,1254429
7290000056845,false,חלב טרי 3% הומוגני קרטון 1.5 ל' תנובה,פארייפאבה אגרואינדוס,IL,חלב טרי הומוגני 3% ש,ליטרים,1.50,ליטר,false,,9.30,6.2000,true,1,1254437
7290000056883,false,יופלה מאגדת פרי 3% 8 יח' * 150 ג',תנובה מרכז שיתופי לש,IL,מאגדת 8 יופלה טעמים,גרמים,1200.00,100 גרם,false,,30.90,0.0257,true,1,1254438
7290000056890,false,דיאט יופלה שמינייה טעמים שונים,מיוצר עי קונדיטוריית,IL,מאגדת 8 יופלה דיאט מ,גרמים,1200.00,100 גרם,false,,30.90,0.0257,true,1,1254439
7290000056906,false,מאגדת לבן טבעי 1.5% שומן 8 יח' * 150 ג' יופלה,מחלבת אלון תבור,IL,מאגדת 8 יופלה לבן טב,גרמים,1200.00,100 גרם,false,,17.90,0.0149,true,1,1254440
7290000056951,false,"שמנת לבישול 15% שומן 500 מ""ל תנובה",תנובה מרכז שיתופי לש,IL,שמנת לבישול 15%שומן,מיליליטרים,500.00,"100 מ""ל",false,,16.90,0.0338,true,1,1254441
7290000057088,false,גבינת דק דק 28% 200 ג' עמק,תנובה מרכז שיתופי לש,IL,עמק פרוס דק 200 גרם.,גרמים,200.00,100 גרם,false,,16.90,0.0845,true,1,1254445
7290000057118,false,עמק סמי מעדנייה כשרות מהדרין,תנובה מרכז שיתופי לש,IL,גבינה עמק פרוס 400 ג,גרמים,400.00,100 גרם,false,,21.90,0.0547,true,1,1254446
7290000057132,false,יוגורט טבעי 1.5% שומן 200 ג' תנובה,מחלבת אלון תבור,IL,יוגורט תנובה 1.5% שו,גרמים,200.00,100 גרם,false,,2.90,0.0145,true,1,1254447
7290000057149,false,יוגורט טבעי 3% שומן 200 ג' תנובה,מיוצר עי קונדיטוריית,IL,יוגורט תנובה 3% שומן,גרמים,200.00,100 גרם,false,,2.90,0.0145,true,1,1254448
7290000057477,false,"**חלב תנובה בקרטון בד""צ 3% 1.5ל",תנובה מרכז שיתופי לש,IL,חלב טרי הומוגני 3% ש,ליטרים,1.50,ליטר,false,,9.30,6.2000,true,1,1254451
7290000057552,false,יופלה דיאט עוגת גבינה ותות 0% גביע 150ג',תנובה בעמ,IL,יופלה דיאט עוגת גבינ,גרמים,150.00,100 גרם,false,,5.20,0.0347,true,1,1254454
7290000058030,false,"יופלה שטוזים משקה יוגורט תות 8 יח' * 100 מ""ל",מיוצר עי קונדיטוריית,IL,מארז 8 משקה יוגורט ש,גרמים,800.00,100 גרם,false,,20.90,0.0261,true,1,1254459
7290000058047,false,**שף לבן שמנת מתוקה מהדרין 38% פקק 500מ,תנובה מרכז שיתופי לש,IL,שמנת מתוקה להקצפה 38,מיליליטרים,500.00,"100 מ""ל",false,,12.80,0.0256,true,1,1254460
7290000060071,false,אוסם - חטיפי פריכונים מאורז מלא קלוי 80גר,"מיוצר ע""י PT, משווק",IL,אסם חטיפי פריכונים בטעם ט,גרמים,80.00,100 גרם,false,,6.90,0.0863,true,1,1223043
7290000060088,false,בייגלה אסם מקלות מלוחים 400 גרם,מיוצר עי קונדיטוריית,IL,אסם בייגלה מקלות מלוחים 4,גרמים,400.00,100 גרם,false,,9.90,0.0248,true,1,1223044
7290000060156,false,פסטה אסם אטריות ביצים דקות 200גר,"אסם השקעות בע""מ",IL,אסם אטריות ביצים דקות 200,גרמים,200.00,100 גרם,false,,6.90,0.0345,true,1,1223045
7290000060163,false,פסטה אסם אטריות דקות 400גר,"אסם השקעות בע""מ",IL,אסם אטריות דקות 400 גרם,גרמים,400.00,100 גרם,false,,6.90,0.0173,true,1,1223046
7290000060200,false,פסטה אסם פתיתים אפויים קוסקוס 500גר,"אסם השקעות בע""מ",IL,אסם פתיתים אפויים קוסקוס,גרמים,500.00,100 גרם,false,,7.90,0.0158,true,1,1223047
7290000060217,false,פסטה אסם מקרוני 7 500 גר,קריות זול,IT,אסם פסטה מקרוני 7 500 גרם,גרמים,500.00,100 גרם,false,,5.90,0.0118,true,1,1223048
7290000060248,false,פסטה אסם פתיתים תלתלים 500גר,קריות זול,IT,אסם פסטה תלתלים 500 גרם,גרמים,500.00,100 גרם,false,,5.90,0.0118,true,1,1223049
7290000060316,false,פסטה פרפקטו ספגטי 500ג' אסם,קריות זול,IT,פרפקטו ספגטי 500 גרם,גרמים,500.00,100 גרם,false,,6.90,0.0138,true,1,1223052
7290000060330,false,פרפקטו פרפקטו ספיראלי גירף 500 גר,קריות זול,IT,פרפקטו ספירלי 500 גרם,גרמים,500.00,100 גרם,false,,6.90,0.0138,true,1,1223054
7290000060385,false,פודינג וניל אינסטנט מארז רביעיה * 80 ג',אסם תעשיות,IL,אסם פודינג אינסטנט בטעם ו,גרמים,320.00,100 גרם,false,,17.90,0.0559,true,1,1223055
7290000060408,false,פסטה אסם פתיתים אפויים טבעות 500 גר,"אסם השקעות בע""מ",IL,אסם פתיתים אפויים טבעות 5,גרמים,500.00,100 גרם,false,,7.90,0.0158,true,1,1223057
7290000060415,false,פסטה פרפקטו לזאניה אסם 500ג',קריות זול,IT,פרפקטו לזניה 500 גרם,גרמים,500.00,100 גרם,false,,12.90,0.0258,true,1,1223058
7290000060576,false,פסטה אסם פתיתים אפוי כוכב 500גר,"אסם השקעות בע""מ",IL,אסם פתיתים אפויים כוכבים,גרמים,500.00,100 גרם,false,,7.90,0.0158,true,1,1223065
7290000060781,false,פסטה אסם פתיתים מסולסלים 500גר,קריות זול,IT,אסם פסטה מסולסלים 500 גרם,גרמים,500.00,100 גרם,false,,5.90,0.0118,true,1,1223067
7290000060828,false,פסטה קרניים בינוניות 500 ג' אסם,קריות זול,IT,אסם פסטה קרניים בינוניות,גרמים,500.00,100 גרם,false,,5.90,0.0118,true,1,1223068
7290000060842,false,פסטה אסם פתיתים צדפים גדולים 500גר,קריות זול,IT,אסם פסטה צדפים גדולים 500,גרמים,500.00,100 גרם,false,,5.90,0.0118,true,1,1223069
7290000060880,false,פסטה מס' 8 ספגטי אסם 500ג',קריות זול,IT,אסם פסטה ספגטי 8 500 גרם,גרמים,500.00,100 גרם,false,,5.90,0.0118,true,1,1223071
7290000060903,false,פסטה אסם פתיתים אפויים אורז 500גר,"אסם השקעות בע""מ",IL,אסם פתיתים אפויים אורז 50,גרמים,500.00,100 גרם,false,,7.90,0.0158,true,1,1223072
7290000060958,false,פסטה אסם אטריות בינוניות 400 גרם,"אסם השקעות בע""מ",IL,אסם אטריות בינוניות 400 ג,גרמים,400.00,100 גרם,false,,6.90,0.0173,true,1,1223073
7290000060965,false,פסטה אסם אטריות רחבות 400גר,"אסם השקעות בע""מ",IL,אסם אטריות רחבות 400 גרם,גרמים,400.00,100 גרם,false,,6.90,0.0173,true,1,1223074
7290000060972,false,פסטה אסם אטריות דקיקות 400 גרם,קריות זול,IT,אסם אטריות דקיקות 400 גרם,גרמים,400.00,100 גרם,false,,6.90,0.0173,true,1,1223075
7290000061061,false,קרקר בצל אסם 250 גרם,"אסם השקעות בע""מ",IL,אסם קרקר בטעם בצל 250 גרם,גרמים,250.00,100 גרם,false,,9.90,0.0396,true,1,1223076
7290000061085,false,"רוטב צ'ילי מתוק אסם 290מ""ל",אסם תעשיות,IL,"אסם רוטב צ'ילי מתוק 290מ""",מיליליטרים,290.00,"100 מ""ל",false,,10.90,0.0376,true,1,1223077
7290000061108,false,"רוטב טריאקי 290 מ""ל אסם","אסם השקעות בע""מ",IL,"אסם רוטב טריאקי 290מ""ל",מיליליטרים,290.00,"100 מ""ל",false,,10.90,0.0376,true,1,1223078
7290000061214,false,פתיתים אפויים קוסקוס עם בצל אסם 500 גר',"אסם השקעות בע""מ",IL,אסם פתיתים אפויים קוסקוס,גרמים,500.00,100 גרם,false,,7.90,0.0158,true,1,1223079
7290000061245,false,עוגיות שוקוצ'יפס ממולאו שוקו' אסם 220ג',מיוצר עי קונדיטוריית,IL,אסם עוגיות שוקוציפס ממולא,גרמים,220.00,100 גרם,false,,10.90,0.0495,true,1,1223080
7290000061450,false,פתיתים אפויים קוסקוס צבעוני אסם 500 גר',"אסם השקעות בע""מ",IL,אסם פתיתים אפויים קוסקוס,גרמים,500.00,100 גרם,false,,7.90,0.0158,true,1,1223082
7290000061764,false,נסקפה רד מאג טעם חדש 200ג',נסטלה ספרד קפה,ES,נסקפה רד מאג 200 גרם,גרמים,200.00,100 גרם,false,,23.90,0.1195,true,1,1223083
7290000062129,false,"פודינג אינסטנט טעם וניל 1ק""ג אסם","אסם השקעות בע""מ",IL,אסם פודינג אינסטנט בטעם ו,גרמים,1000.00,100 גרם,false,,27.90,0.0279,true,1,1223088
7290000062952,false,אוסם - מיני קרוטונים למרק ולסלט 250 גרם,עינת תעשיות מזון,IL,מיני קרוטונים מתובלים למר,גרמים,250.00,100 גרם,false,,13.90,0.0556,true,1,1223091
7290000063102,false,קמח עוגה אסם תופח מאליו 350ג',"אסם השקעות בע""מ",IL,אסם קמח תופח לעוגות ולאפי,גרמים,350.00,100 גרם,false,,4.40,0.0126,true,1,1223094
7290000063140,false,שקדי מרק רכיבים טבעיים בשקית 400 ג' אסם,"אסם השקעות בע""מ",IL,שקדי מרק אסם רכיבים טבעיי,גרמים,400.00,100 גרם,false,,12.90,0.0323,true,1,1223096
7290000063157,false,"קמח תופח מאליו אסם 1 ק""ג","אסם השקעות בע""מ",IL,אסם קמח תופח לעוגות ולאפי,קילוגרמים,1.00,"ק""ג",false,,9.90,9.9000,true,1,1223097
7290000064758,false,קוסקוס בינוני אמיתי אסם 350 ג',"מיוצר ע""י קוד יצרן K",IL,אסם קוסקוס בינוני 350 גרם,גרמים,350.00,100 גרם,false,,6.90,0.0197,true,1,1223111
7290000065540,false,אוסם - מנה חמה פסטה מוקרמת בטעם עוף 55 גרם,"אסם השקעות בע""מ",IL,מנה חמה פסטה מוקרמת בטעם,גרמים,55.00,100 גרם,false,,6.50,0.1182,true,1,1223116
7290000065557,false,אוסם - מנה חמה קוסקוס עם ירקות 84 גרם,"אסם תעשיות מזון בע""מ",IL,מנה חמה קוסקוס עם ירקות 8,גרמים,84.00,100 גרם,false,,6.50,0.0774,true,1,1223117
7290000065977,false,חטיפי פריכונים תירס שומשום 80 ג' אוסם,"מיוצר ע""י פרח, משווק",IL,אסם חטיפי פריכונים מתירס,גרמים,80.00,100 גרם,false,,6.90,0.0863,true,1,1223123
7290000066134,false,ביסלי בטעם פלאפל אסם,"אסם השקעות בע""מ",IL,ביסלי פלאפל 70 גרם,גרמים,70.00,100 גרם,false,,4.30,0.0614,true,1,1223124
7290000066141,false,ביסלי בטעם גריל אסם,"אסם השקעות בע""מ",IL,ביסלי גריל 70 גרם,גרמים,70.00,100 גרם,false,,4.30,0.0614,true,1,1223125
7290000066172,false,ביסלי בטעם פיצה אסם,"אסם השקעות בע""מ",IL,ביסלי פיצה 70 גרם,גרמים,70.00,100 גרם,false,,4.30,0.0614,true,1,1223128
7290000066196,false,ביסלי גדול בטעם גריל 200 ג' אסם,מיוצר עי קונדיטוריית,IL,ביסלי גריל 200 גרם,גרמים,200.00,100 גרם,false,,7.90,0.0395,true,1,1223130
7290000066226,false,ביסלי בטעם פיצה 200 ג' אסם,מיוצר עי קונדיטוריית,IL,ביסלי פיצה 200 גרם,גרמים,200.00,100 גרם,false,,7.90,0.0395,true,1,1223133
7290000066264,false,אוסם - חטיף דובונים 40 גרם,"אסם השקעות בע""מ",IL,חבורת דובונים 40 גרם,גרמים,40.00,100 גרם,false,,4.30,0.1075,true,1,1223134
7290000066295,false,אסם במבה תות מחומרים טבעיים 30גר,מיוצר עי קונדיטוריית,IL,במבה מתוקה 30 גרם,גרמים,30.00,100 גרם,false,,2.30,0.0767,true,1,1223135
7290000066318,false,במבה קלאסי 80 גרם,"אסם השקעות בע""מ",IL,במבה קלאסית 80 גרם,גרמים,80.00,100 גרם,false,,4.50,0.0563,true,1,1223136
7290000066332,false,אפרופו חטיף אסם 50ג',מיוצר עי קונדיטוריית,IL,אפרופו קלאסי 50 גרם,גרמים,50.00,100 גרם,false,,4.50,0.0900,true,1,1223137
7290000066349,false,אפרופו חטיף תירס אסם,מיוצר עי קונדיטוריית,IL,אפרופו קלאסי 100 גרם,גרמים,100.00,100 גרם,false,,8.90,0.0890,true,1,1223138
7290000066431,false,פופקו חטיף תירס בטעם חמאה ודבש 80 גרם,מיוצר עי קונדיטוריית,IL,פופקו 80 גרם,גרמים,80.00,100 גרם,false,,4.60,0.0575,true,1,1223139
7290000067407,false,פירורית מתובל שקית 200גר,עינת תעשיות מזון,IL,אסם פירורית מתובלת 200 גר,גרמים,200.00,100 גרם,false,,5.50,0.0275,true,1,1223147
7290000067544,false,פירורית זהב שקית 200גר,עינת תעשיות מזון,IL,אסם פירורית זהב 200 גרם,גרמים,200.00,100 גרם,false,,5.50,0.0275,true,1,1223149
7290000067599,false,אוסם - מנה חמה ספגטי רוטב בולנז 65 גרם,"אסם השקעות בע""מ",IL,מנה חמה ספגטי בולונז 65גר,גרמים,65.00,100 גרם,false,,6.50,0.1000,true,1,1223153
7290000067735,false,"פסטה פרפקטו ניוקי בצקיות תפו""א 500ג' אסם",גרנדי פסטי,IT,פרפקטו ניוקי בצקיות מתפוח,גרמים,500.00,100 גרם,false,,11.90,0.0238,true,1,1223155
7290000068138,false,אסם פודינג אינסטנט וניל 80 גרם,מיוצר עי קונדיטוריית,IL,אסם פודינג אינסטנט בטעם ו,גרמים,80.00,100 גרם,false,,5.50,0.0688,true,1,1223160
7290000068206,false,ג'לי משמש אסם צבע טבעי 85 ג',מיוצר עי קונדיטוריית,IL,אסם ג'לי מהיר הכנה בטעם מ,גרמים,85.00,100 גרם,false,,5.90,0.0694,true,1,1223165
7290000068237,false,ג'לי פטל צבע טבעי 85ג' אסם,מיוצר עי קונדיטוריית,IL,אסם ג'לי מהיר הכנה בטעם פ,גרמים,85.00,100 גרם,false,,5.90,0.0694,true,1,1223166
7290000068251,false,ג'לי אננס אסם צבע טבעי 85 ג',מיוצר עי קונדיטוריית,IL,אסם ג'לי מהיר הכנה בטעם א,גרמים,85.00,100 גרם,false,,5.90,0.0694,true,1,1223167
7290000068343,false,אוסם - פירכונים מאורז מלא 140 גרם,"מיוצר ע""י PT, משווק",IL,אסם פריכונים מאורז מלא 14,גרמים,140.00,100 גרם,false,,6.90,0.0493,true,1,1223170
7290000068701,false,שקדי מרק רכיבים טבע.מיכל 400ג' אסם,"אסם השקעות בע""מ",IL,שקדי מרק אסם רכיבים טבעיי,גרמים,400.00,100 גרם,false,,14.90,0.0373,true,1,1223171
7290000068770,false,במבה יום הולדת אסם 8,"אסם השקעות בע""מ",IL,במבה אריזת תינוק 80 גרם,גרמים,80.00,100 גרם,false,,4.50,0.0563,true,1,1223173
7290000068787,false,במבה יום הולדת 25גרם,מיוצר עי קונדיטוריית,IL,במבה אריזת תינוק 25 גרם,גרמים,25.00,100 גרם,false,,2.30,0.0920,true,1,1223174
7290000069364,false,פריכונים עגולים אורז דל נתרן אסם 140 גרם,"מיוצר ע""י PT, משווק",IL,אסם פריכונים עגול אורז דל,גרמים,140.00,100 גרם,false,,6.90,0.0493,true,1,1223186
7290000069739,false,אוסם - חטיפי קרקר שומשום 300 גרם,מיוצר עי קונדיטוריית,IL,אסם חטיפי קרקר שומשום 300,גרמים,300.00,100 גרם,false,,9.90,0.0330,true,1,1223193
7290000070308,false,אבקת מרק עוף אמיתי במיכל 400 גרם,"אסם השקעות בע""מ",IL,אסם מרק עוף אמיתי 400 גרם,גרמים,400.00,100 גרם,false,,19.90,0.0497,true,1,1223199
7290000070353,false,אבקת מרק בצל רכיבים טבעיים 400 ג' אסם,"אסם השקעות בע""מ",IL,אסם מרק בצל רכיבים טבעיים,גרמים,400.00,100 גרם,false,,25.90,0.0647,true,1,1223201
7290000072241,false,אסם רוטב לפיצה בקבוק,"אסם השקעות בע""מ",IL,"אסם רוטב פיצה 290מ""ל",מיליליטרים,290.00,"100 מ""ל",false,,10.90,0.0376,true,1,1223221
7290000072623,false,אסם קטשופ בקבוק לחיץ,"אסם השקעות בע""מ",IL,קטשופ אסם 750 גרם,גרמים,750.00,100 גרם,false,,12.90,0.0172,true,1,1223225
7290000072630,false,קטשופ חריף אוסם 750 ג',"אסם השקעות בע""מ",IL,קטשופ חריף אסם 750 גרם,גרמים,750.00,100 גרם,false,,12.90,0.0172,true,1,1223226
7290000072753,false,קפה טייסטר צ'ויס קפה מגורען 200ג',נסטלה קוריאה - קפה,IL,נסקפה טייסטרס צ'ויס 200 ג,גרמים,200.00,100 גרם,false,,29.90,0.1495,true,1,1223229
7290000072760,false,קפה נמס טייסטרס צ'ויס 100ג',נסטלה קוריאה - קפה,KR,נסקפה טייסטרס צ'ויס 100 ג,גרמים,100.00,100 גרם,false,,26.90,0.2690,true,1,1223230
7290000072777,false,קפה טייסטר צ'ויס מגור' נ.קפאין 200ג',נסטלה קוריאה - קפה,IL,נסקפה טייסטרס צ'ויס נטול,גרמים,200.00,100 גרם,false,,44.90,0.2245,true,1,1223231
7290000072784,false,קפה טייסטר צויס נטול קופאין 100 גר',לוטה נסטלה קוריאה,KR,נסקפה טייסטרס צ'ויס נטול,גרמים,100.00,100 גרם,false,,29.90,0.2990,true,1,1223232
7290000072968,false,דגני בוקר סיני מיניס נסטלה 500 ג',נסטלה פולין דגני בוק,PL,סיני מיניס דגני בוקר מחיט,גרמים,500.00,100 גרם,false,,24.90,0.0498,true,1,1223237
7290000073125,false,אוסם - מנה חמה פסטה עם עגבניות 62 גרם,"אסם השקעות בע""מ",IL,מנה חמה פסטה ברוטב עגבניו,גרמים,62.00,100 גרם,false,,6.50,0.1048,true,1,1223238
7290000073699,false,סלט חומוס צבר 150 גר,סלטי צבר,IL,צבר חומוס חלק 150 גרם,גרמים,150.00,100 גרם,false,,4.40,0.0293,true,1,1223241
7290000073750,false,אוסם - מנה חמה נודלס בטעם עוף 70 גרם,טאי רזידנט,CN,מנה חמה נודלס בטעם עוף 71,גרמים,71.00,100 גרם,false,,6.50,0.0915,true,1,1223242
7290000073767,false,אוסם - מנה חמה נודלס בטעם בקר 70 גרם,טאי רזידנט,CN,מנה חמה נודלס בטעם בקר 71,גרמים,71.00,100 גרם,false,,6.50,0.0915,true,1,1223243
7290000073774,false,אוסם - מנה חמה נודלס בטעם פיקנטי 70 גרם,טאי רזידנט,CN,מנה חמה נודלס בטעם פיקנטי,גרמים,71.00,100 גרם,false,,6.50,0.0915,true,1,1223244
7290000074153,false,ביסקוויט פתיבר שוקו,מיוצר עי קונדיטוריית,IL,אסם פתי בר שוקו 500גרם,גרמים,500.00,100 גרם,false,,11.90,0.0238,true,1,1223249
7290000074184,false,אוסם - פתי בר בינוני 500 גרם,"אסם השקעות בע""מ",IL,אסם פתי בר קלאסי 500 גרם,גרמים,500.00,100 גרם,false,,11.90,0.0238,true,1,1223251
7290000074245,false,אוסם - קרם קרקר אסם 250 גרם,"אסם השקעות בע""מ",IL,אסם קרם קרקר 250 גרם,גרמים,250.00,100 גרם,false,,7.90,0.0316,true,1,1223252
7290000074252,false,קרקר אסם שומשום 250 גרם,"אסם השקעות בע""מ",IL,אסם קרקר שומשום 250 גרם,גרמים,250.00,100 גרם,false,,7.90,0.0316,true,1,1223253
7290000074276,false,קרקר פיקנטי טבעון 250 ג' אסם,"אסם השקעות בע""מ",IL,אסם קרקר פיקטני 250 גרם,גרמים,250.00,100 גרם,false,,8.90,0.0356,true,1,1223254
7290000074375,false,אוסם - קרקר זהב 150 גרם,"אסם השקעות בע""מ",IL,אסם קרקר זהב 150 גרם,גרמים,150.00,100 גרם,false,,6.40,0.0427,true,1,1223258
7290000074481,false,לחמית אגוזים אסם 160 ג',"אסם השקעות בע""מ",IL,אסם לחמית אגוזים 160 גרם,גרמים,160.00,100 גרם,false,,9.90,0.0619,true,1,1223260
7290000074696,false,"קרם קרקר 1 ק""ג אוסם","אסם השקעות בע""מ",IL,"אסם קרם קרקר 1 ק""ג",גרמים,1000.00,100 גרם,false,,25.90,0.0259,true,1,1223263
7290000074764,false,קרקר זהב אסם 900 גרם,אסם תעשיות,IL,אסם קרקר זהב 900 גרם,גרמים,900.00,100 גרם,false,,25.90,0.0288,true,1,1223267
7290000075204,false,אוסם - לחמית חיטה מלאה 250 גרם,"אסם השקעות בע""מ",IL,אסם לחמית חיטה מלאה 250 ג,גרמים,250.00,100 גרם,false,,7.90,0.0316,true,1,1223271
7290000075693,false,עוגת הבית שמרים בריוש שוקולד 360ג',מיוצר עי קונדיטוריית,IL,אסם הבית עוגת שמרים בריוש,גרמים,360.00,100 גרם,false,,15.90,0.0442,true,1,1223273
7290000076133,false,בייגלה שמיניות קטנות 400 גרם אסם,"אסם השקעות בע""מ",IL,אסם בייגלה שמיניות מלח 40,גרמים,400.00,100 גרם,false,,9.90,0.0248,true,1,1223275
7290000076645,false,אוסם - טוסטעים חיטה מלאה 100 גרם,ון דר מולן האלום,NL,אסם טוסטעים חיטה מלאה 100,גרמים,100.00,100 גרם,false,,9.90,0.0990,true,1,1223279
7290000077017,false,עוגיות קרמוגית וקרם שוקולד אסם 200 גרם,מיוצר עי קונדיטוריית,IL,אסם קרמוגית במילוי שוקולד,גרמים,200.00,100 גרם,false,,10.90,0.0545,true,1,1223280
7290000077253,false,אוסם - לחמית כפרית עם דגנים מלאים 190 גרם,"אסם השקעות בע""מ",IL,לחמית כפרית 190 גרם,גרמים,190.00,100 גרם,false,,9.90,0.0521,true,1,1223281
7290000078212,false,קרוטונים מתובלים 250 ג' אסם,עינת תעשיות מזון,IL,קרוטונים מתובלים למרק ולס,גרמים,250.00,100 גרם,false,,13.90,0.0556,true,1,1223284
7290000078762,false,אוסם - חטיפי פריכונים מאורז מלא בטעם דבש 80גר,סנורייס בלגיום אן. ו,BE,אסם חטיפי פריכונים אורז ו,גרמים,80.00,100 גרם,false,,6.90,0.0863,true,1,1223286
7290000080758,false,אוסם - טוסטעים פת קלוי 100 גרם,ון דר מולן האלום,NL,אסם טוסטעים 100 גרם,גרמים,100.00,100 גרם,false,,9.90,0.0990,true,1,1223297
7290000080765,false,טוסטעים פת קלויה עם שומשום 100 ג' אוסם,ון דר מולן האלום,NL,אסם טוסטעים עם שומשום 100,גרמים,100.00,100 גרם,false,,9.90,0.0990,true,1,1223298
7290000081663,false,בייגלה אסם טבעות שומשום 300 גרם,מיוצר עי קונדיטוריית,IL,אסם בייגלה טבעות שומשום 3,גרמים,300.00,100 גרם,false,,9.90,0.0330,true,1,1223300
7290000085104,false,פילה סלמון טרי,,,פילה סלמון טרי,קילוגרמים,1.00,"ק""ג",true,,89.00,89.0000,true,1,1258150
7290000085159,false,פרורי פתי בר לעוגות ואיפה 250 גר',מגדנית הדר,,פרורי פתי בר,גרמים,250.00,100 גרם,false,,5.90,0.0236,true,1,2283011
7290000085180,false,פתי בר וניל 470 גר' גטניו,"אחים גטניו בע""מ",,פתי בר וניל,גרמים,470.00,100 גרם,false,,9.90,0.0211,true,1,2283012
7290000089188,false,פומפדיתא מיוחד לקידוש 1 ליטר,בנימינה Binyamina,IL,פומפידיתא יין אדום מתוק -,ליטרים,1.00,ליטר,false,,14.90,14.9000,true,1,1261031
7290000089300,false,יין המערה,,,יין המערה,מיליליטרים,750.00,"100 מ""ל",false,,259.00,0.3453,true,1,2273640
7290000099378,false,גבינת בלוז,,,גבינת בלוז,קילוגרמים,1.00,"ק""ג",true,,69.00,69.0000,true,1,2137445
7290000099484,false,קוקטיל זיתים,,,קוקטיל זיתים,קילוגרמים,1.00,"ק""ג",true,,42.00,42.0000,true,1,1259458
7290000100029,false,פתיתי כרובית סנפרוסט,,,פתיתי כרובית סנפרוסט,גרמים,800.00,100 גרם,false,,19.90,0.0249,true,1,1831207
7290000100036,false,פתיתי ברוקולי סנפרוס,סנפרוסט בעמ,IL,פתיתי ברוקולי סנפרוס,גרמים,800.00,100 גרם,false,,19.90,0.0249,true,1,1831208
7290000100128,false,פירות קפואים תות סנפרוסט 300 ג',סנפרוסט בעמ,IL,תות מוקפא 300 גרם סנ,גרמים,300.00,100 גרם,false,,12.90,0.0430,true,1,1826720
7290000100142,false,תערובת להכנת שייק סמ,"סנפרוסט בע""מ",IL,תערובת להכנת שייק סמ,גרמים,300.00,100 גרם,false,,12.90,0.0430,true,1,1802204
7290000100296,false,תערובת להכנת Smoothie ורוד תות ובננה,"סנפרוסט בע""מ",IL,שייק תות בננה,גרמים,300.00,100 גרם,false,,12.90,0.0430,true,1,2112814
7290000100302,false,פול ירוק ללא קליפה 600ג',"סנפרוסט בע""מ",IL,פול ירוק קפוא קלוף 6,גרמים,600.00,100 גרם,false,,23.90,0.0398,true,1,2025416
7290000100593,false,פרוסות אנטיפסטי לתנור סנפורסט 600 ג',"סנפרוסט בע""מ",IL,פרוסות אנטיפסטי לתנו,גרמים,600.00,100 גרם,false,,21.90,0.0365,true,1,2145639
7290000100609,false,קוביות אנטי פסטי להקפצה סנפורסט 600 ג',"סנפרוסט בע""מ",IL,קוביות אנטי פסטי להק,גרמים,600.00,100 גרם,false,,21.90,0.0365,true,1,2145646
7290000101132,false,לקט קטניות לחמין 800 ג' סנפרוסט,,,לקט לחמין סנפרוסט,גרמים,800.00,100 גרם,false,,19.90,0.0249,true,1,1398343
7290000101934,false,מיקס פירות יער מוקפאות 300 ג' סנפרוסט,"סנפרוסט בע""מ",IL,מיקס פירות יער מוקפא,גרמים,300.00,100 גרם,false,,12.90,0.0430,true,1,1553051
7290000101941,false,אננס חתוך מוקפא סנפרוסט 300ג',"סנפרוסט בע""מ",IL,אננס מוקפא 300 ג סנפ,גרמים,300.00,100 גרם,false,,12.90,0.0430,true,1,1553052
7290000103365,false,מרק ירקות 550 ג' סנפרוסט,"איי, בי, אינבוו",IL,מרק ירקות 12 יח 550 גר,גרמים,550.00,100 גרם,false,,18.90,0.0344,true,1,1254855
7290000103457,false,מיני כרובית סנפרוסט,"סנפרוסט בע""מ",IL,מיני כרובית סנפרוסט,גרמים,600.00,100 גרם,false,,19.90,0.0332,true,1,1366706
7290000103488,false,ארטישוק הירושלמי סנפרוסט 400ג',"סנפרוסט בע""מ",IL,ארטישוק ירושלמי,גרמים,400.00,100 גרם,false,,19.90,0.0497,true,1,1375369
7290000103730,false,לקט להקפצה עם פסטה פוזילי סנפרוסט 800 ג',"איי, בי, אינבוו",IL,לקט להקפצה עם פסטה פוזילי,גרמים,800.00,100 גרם,false,,22.90,0.0286,true,1,1254859
7290000103815,false,סנפרוסט לקט להקפצה תאילנדי 800 גר,"סנפרוסט בע""מ",IL,לקט להקפצה בסגנון תאילנדי,גרמים,800.00,100 גרם,false,,22.90,0.0286,true,1,1254863
7290000103822,false,ירקות שמלווים עוף סנפרוסט 800ג',"סנפרוסט בע""מ",IL,לקט לעוף 12 יח 800 גר,גרמים,800.00,100 גרם,false,,22.90,0.0286,true,1,1254864
7290000103839,false,מרק כתום קפוא 570 ג' סנפרוסט,"סנפרוסט בע""מ",IL,מרק כתום 12 יח' 570 גר,גרמים,570.00,100 גרם,false,,18.90,0.0332,true,1,1254865
7290000103846,false,מרק אפונה 570 ג' סנפרוסט,"סנפרוסט בע""מ",IL,מרק אפונה 12 יח 570 גר,גרמים,570.00,100 גרם,false,,18.90,0.0332,true,1,1254866
7290000103860,false,מרק עדשים קפוא 570 ג' סנפרוסט,"איי, בי, אינבוו",IL,מרק עדשים 12 יח 570 גר,גרמים,570.00,100 גרם,false,,18.90,0.0332,true,1,1254867
7290000103877,false,מרק שעועית קפוא 640 ג' סנפרוסט,"סנפרוסט בע""מ",IL,מרק שעועית 12 יח 640 גר,גרמים,640.00,100 גרם,false,,18.90,0.0295,true,1,1254868
7290000104072,false,עדשים ירוקות מבושלות מוקפאות 800 ג' סנפרוסט,"איי, בי, אינבוו",IL,עדשים מוקפאים 14 יח 800 ג,גרמים,800.00,100 גרם,false,,19.90,0.0249,true,1,1254869
7290000104188,false,שעועית אדומה מבושלת סנפרוסט 800 גרם,"סנפרוסט בע""מ",IL,שעועית אדומה מוקפאת 14 יח,גרמים,800.00,100 גרם,false,,19.90,0.0249,true,1,1254871
7290000104201,false,אפונה עדינה קפואה 600 גרם סנפרוסט,"איי, בי, אינבוו",IL,אפונה עדינה 12 יח 600 ג,גרמים,600.00,100 גרם,false,,19.90,0.0332,true,1,1254872
7290000104218,false,במיה סנפרוסט 600 גרם,"איי, בי, אינבוו",IL,במיה 14 יח 600 ג,גרמים,600.00,100 גרם,false,,18.90,0.0315,true,1,1254873
7290000104225,false,בצל קצוץ סנפרוסט 600 גר',"סנפרוסט בע""מ",IL,בצל קצוץ 14 יח 600 ג,גרמים,600.00,100 גרם,false,,16.90,0.0282,true,1,1254874
7290000104676,false,אפונה קפואה סנפרוסט 800 גרם,"איי, בי, אינבוו",IL,אפונה גינה 20 יח 800 ג,גרמים,800.00,100 גרם,false,,18.90,0.0236,true,1,1254876
7290000104690,false,תירס גרעינים 800 ג' סנפרוסט,"איי, בי, אינבוו",IL,גרעיני תירס 20 יח 800 ג,גרמים,800.00,100 גרם,false,,19.90,0.0249,true,1,1254878
7290000104706,false,גזר גמדי סנפרוסט 800ג',"סנפרוסט בע""מ",IL,גזר גמדי 16 יח 800 ג,גרמים,800.00,100 גרם,false,,18.90,0.0236,true,1,1254879
7290000104713,false,פול ירוק סנפרוסט 800 ג',"איי, בי, אינבוו",IL,פול ירוק 20 יח 800 ג,גרמים,800.00,100 גרם,false,,24.90,0.0311,true,1,1254880
7290000104720,false,שעועית ירוקה סנפרוסט 800ג',"סנפרוסט בע""מ",IL,שעועית ירוקה חתוכה 16 יח,גרמים,800.00,100 גרם,false,,19.90,0.0249,true,1,1254881
7290000104737,false,שעועית צהובה חתוכה 800 ג' סנפרוסט,"סנפרוסט בע""מ",IL,שעועית צהובה 16 יח 800 ג,גרמים,800.00,100 גרם,false,,19.90,0.0249,true,1,1254882
7290000104751,false,כרוב ניצנים סנפרוסט 800 גרם,"איי, בי, אינבוו",IL,כרוב ניצנים 16 יח 800 ג,גרמים,800.00,100 גרם,false,,24.90,0.0311,true,1,1254884
7290000104768,false,תרד עלים סנפרוסט 800 ג ',"איי, בי, אינבוו",IL,עלי תרד 14 יח 800 ג,גרמים,800.00,100 גרם,false,,24.90,0.0311,true,1,1254885
7290000104775,false,תרד מדליונים סנפרוסט,"איי, בי, אינבוו",IL,מדליוני תרד 16 יח 800 ג,גרמים,800.00,100 גרם,false,,24.90,0.0311,true,1,1254886
7290000104799,false,שעועית לבנה מבושלת סנפרוסט 800גר,"איי, בי, אינבוו",IL,שעועית לבנה 16 יח 800 גר,גרמים,800.00,100 גרם,false,,19.90,0.0249,true,1,1254887
7290000104805,false,גרגירי חומוס קפוא סנפרוסט 800 ג',"איי, בי, אינבוו",IL,גרגירי חומוס 14 יח 800 גר,גרמים,800.00,100 גרם,false,,19.90,0.0249,true,1,1254888
7290000104836,false,שעועית עדינה שלמה סנפרוסט 600ג',"סנפרוסט בע""מ",IL,שעועית עדינה שלמה 12 יח,גרמים,600.00,100 גרם,false,,22.90,0.0382,true,1,1254890
7290000104874,false,ירקות לקוסקוס של אמא סנפרוסט 800ג',"סנפרוסט בע""מ",IL,לקט קוסקוס 12 יח 800 ג,גרמים,800.00,100 גרם,false,,22.90,0.0286,true,1,1254891
7290000104881,false,אפונה וגזר קפוא סנפרוסט 800ג',"איי, בי, אינבוו",IL,לקט אפונה וגזר 13 יח 800,גרמים,800.00,100 גרם,false,,19.90,0.0249,true,1,1254892
7290000104904,false,לקט ירקות מעורבים 800 ג' סנפרוסט,"איי, בי, אינבוו",IL,ירקות מעורבים 14 יח 800 ג,גרמים,800.00,100 גרם,false,,22.90,0.0286,true,1,1254893
7290000104911,false,לקט נורמנדי סנפרוסט 800ג',"איי, בי, אינבוו",IL,לקט נורמנדי 12 יח 800 ג,גרמים,800.00,100 גרם,false,,22.90,0.0286,true,1,1254894
7290000106175,false,"לקט כפרי 2 ק""ג סנפרוסט","סנפרוסט בע""מ",IL,לקט כפרי 6 יח 2 קג,גרמים,2000.00,100 גרם,false,,39.90,0.0199,true,1,1254895
7290000106526,false,ירקות מעורבים מוקפאים חגיגה ירוקה להקפצה,"איי, בי, אינבוו",IL,חגיגה ירוקה להקפצה ס,גרמים,800.00,100 גרם,false,,19.90,0.0249,true,1,2123870
7290000107189,false,תחתיות ארטישוק סנפרוסט 400גר,"איי, בי, אינבוו",IL,תחתיות ארטישוק 12 יח 400,גרמים,400.00,100 גרם,false,,22.90,0.0572,true,1,1254896
7290000107295,false,תפרחות ברוקולי סנפרוסט 800 ג',"איי, בי, אינבוו",IL,תפרחות ברוקולי 12 יח 800,גרמים,800.00,100 גרם,false,,24.90,0.0311,true,1,1254897
7290000107615,false,ירקות ואננס להקפצה מנה אסייתית צבעונית ועשירה,"איי, בי, אינבוו",IL,מנה אסיאתית צבעונית,גרמים,800.00,100 גרם,false,,19.90,0.0249,true,1,2123872
7290000107622,false,פסטה וירקות א-לה איטליה סנפרוסט 800 ג',"איי, בי, אינבוו",IL,פסטה וירקות א-לה איט,גרמים,800.00,100 גרם,false,,19.90,0.0249,true,1,2123873
7290000111063,false,מיונז אמיתי 250 ג' תלמה,יוניליוור ישראל מזון,IL,תלמה מיונז רגיל אמיתי 250,גרמים,250.00,100 גרם,false,,6.50,0.0260,true,1,1255270
7290000111186,false,מיונז אמיתי תלמה 500 ג',יוניליוור ישראל מזון,IL,תלמה רגיל מיונז אמיתי 500,גרמים,500.00,100 גרם,false,,10.90,0.0218,true,1,1255273
7290000112220,false,טחינה גולמית 100%בארכה 500ג',רושדי תעשיות מזון בע,IL,טחינה בארכה 100% שומשום ט,גרמים,500.00,100 גרם,false,,13.90,0.0278,true,1,1253756
7290000112237,false,"בארכה טחינה גולמית, 1 ק""ג",רושדי תעשיות מזון בע,IL,טחינה בארכה 100% שומשום ט,גרמים,1000.00,100 גרם,false,,24.90,0.0249,true,1,1253757
7290000117171,false,נמס בכוס בטעם עוף דל 48 ג' קנור,יוניליוור ישראל מזון,IL,מרקי אינסטנט אחרים קנור ב,גרמים,48.00,100 גרם,false,,6.50,0.1354,true,1,1255307
7290000118277,false,כופתאות מצה להכנת מהירה 65 ג' קנור,יוניליוור ישראל מזון,IL,קניידלך 130 גר,גרמים,130.00,100 גרם,false,,9.90,0.0762,true,1,1255314
7290000118352,false,"לטקס קנור כשל""פ 170 גר'",יוניליוור ישראל מזון,IL,תערובת לטקס,גרמים,170.00,100 גרם,false,,14.90,0.0876,true,1,1255316
7290000121017,false,גבינה מותכת 7% שומרון 120 גרם,שלושת האופים,IL,גבינת שומרון,גרמים,120.00,100 גרם,false,,9.90,0.0825,true,1,1244718
7290000121031,false,גבינה מותכת 14% למריחה 120ג' החתול,שלושת האופים,IL,גבינת חתול 120 גרם,גרמים,120.00,100 גרם,false,,9.90,0.0825,true,1,1244719
7290000121079,false,גבינה מון בלאן 9% שום שמיר 120ג',שלושת האופים,IL,גבינת מון בלאן שמיר 120 ג,גרמים,120.00,100 גרם,false,,9.90,0.0825,true,1,1244721
7290000121093,false,גבינה מון בלאן שוויצרית 120ג',האי נאם סי או אל.טי.,IL,גבינה מון בלאן שיווצרית,גרמים,120.00,100 גרם,false,,9.90,0.0825,true,1,1244722
7290000121109,false,"גבינת מון בלאן זיתים, 120 ג'",האי נאם סי או אל.טי.,IL,גבינת מון בלאן זיתים 120,גרמים,120.00,100 גרם,false,,9.90,0.0825,true,1,1244723
7290000121147,false,גבינה מון בלאן לייט 7% פיקנטי 120ג',"שלושת האופים בע""מ",IL,גבינת מון בלאן פיקנטי 120,גרמים,120.00,100 גרם,false,,9.90,0.0825,true,1,1244724
7290000121154,false,"גבינת מון בלאן סלמון, 120 ג'",האי נאם סי או אל.טי.,IL,גבינה מון-בלאן סלומון 120,גרמים,120.00,100 גרם,false,,9.90,0.0825,true,1,1244725
7290000121239,false,מיוקל 5% שומן ללא כולסטרול 500 ג',יוניליוור ישראל מזון,IL,תלמה מיונז מופחת שומן מיו,גרמים,500.00,100 גרם,false,,12.90,0.0258,true,1,1255323
7290000122830,false,רוטב מקסיקני 370 ג' קנור,מיוצר עי קונדיטוריית,IL,רוטב סצ'ואן 370 גר,גרמים,300.00,100 גרם,false,,12.90,0.0430,true,1,1255333
7290000129457,false,אבקת רוטב פטריות קנור 28 ג' שקית,יוניליוור ישראל מזון,IL,קנור קוק-IN-רטבים אבקת פט,גרמים,28.00,100 גרם,false,,4.90,0.1750,true,1,1255353
7290000131023,false,"בצק עלים שחף 1 ק""ג.",,,"בצק עלים שחף 1 ק""ג.",קילוגרמים,1.00,"ק""ג",false,,12.90,12.9000,true,1,1255122
7290000131122,false,"בצק עלים שחף 1.5 ק""ג",יושלם,,"בצק עלים שחף 1.5 ק""ג",קילוגרמים,1.50,"ק""ג",false,,16.90,11.2667,true,1,1255123
7290000133904,false,"סנו דואופרש פסיפלורה ותפוז 300 מ""ל",קריות זול,IL,דואו פרש פסיפלור.תפוז300,מיליליטרים,300.00,"100 מ""ל",false,,12.90,0.0430,true,1,1235297
7290000134147,false,טעם וריח מוסקט טחון מיכל 40גר,תות ממתקי איכות,IL,מיכל קטן מוסקט טחון 40גר',גרמים,40.00,100 גרם,false,,14.90,0.3725,true,1,1264047
7290000134307,false,תבלין קינמון טחון 50 גר',תות ממתקי איכות,IL,שק.50 גר.קינמון טחון,גרמים,50.00,100 גרם,false,,4.90,0.0980,true,1,1264048
7290000134314,false,תבלין תיבול לפיצה 120 ג',תות ממתקי איכות,IL,מיכל ת.לפיצה 120 גר',גרמים,120.00,100 גרם,false,,7.90,0.0658,true,1,1264049
7290000134338,false,תבלין אבקת שום טעם ו,תבליני טעם וריח,IL,מיכל שום אבקה 90 גר',גרמים,90.00,100 גרם,false,,7.90,0.0878,true,1,1264050
7290000134352,false,תבלין קינמון טחון 90 גר',תות ממתקי איכות,IL,מיכל קינמון ט. 90 גר',גרמים,90.00,100 גרם,false,,7.90,0.0878,true,1,1264051
7290000134376,false,תבלין פפריקה בשמן 90 גר',תות ממתקי איכות,IL,מיכל פפריקה בשמן 90 גר,גרמים,90.00,100 גרם,false,,7.90,0.0878,true,1,1264052
7290000134550,false,טעם וריח עלי דפנה שק,תות ממתקי איכות,IL,שק.עלי דפנה 12 יח',גרמים,20.00,100 גרם,false,,2.90,0.1450,true,1,1264057
7290000134666,false,תבלין רוזמרין 15ג',תות ממתקי איכות,IL,מיכל קטן רוזמרין 15גר',גרמים,15.00,100 גרם,false,,4.90,0.3267,true,1,1264058
7290000134673,false,תבלין זנגביל טעם ורי,תות ממתקי איכות,IL,מיכל קטן זנגויל 30גר',גרמים,30.00,100 גרם,false,,4.90,0.1633,true,1,1264059
7290000134680,false,תבלין קמיל שלם טעם ו,תות ממתקי איכות,IL,מיכל קטן קימל שלם 40גר',גרמים,40.00,100 גרם,false,,4.90,0.1225,true,1,1264060
7290000134758,false,"תבלין תיבול לתפו""א 100 ג'",תות ממתקי איכות,IL,"מיכל ת.תפו""א 100 גר'",גרמים,100.00,100 גרם,false,,7.90,0.0790,true,1,1264062
7290000134826,false,תבלין זעתר מעורב 100 גר',תות ממתקי איכות,IL,מיכל זעתר 100 גרם,גרמים,100.00,100 גרם,false,,7.90,0.0790,true,1,1264065
7290000134833,false,תבלין כמון טחון 100 גר',תות ממתקי איכות,IL,מיכל כמון 100 גרם,גרמים,100.00,100 גרם,false,,7.90,0.0790,true,1,1264066
7290000134840,false,תבלין כורכום טחון 100 גר',תות ממתקי איכות,IL,מיכל כורכום 100 גרם,גרמים,100.00,100 גרם,false,,7.90,0.0790,true,1,1264067
7290000134857,false,תבלין פפריקה מתוקה 100 גר',תות ממתקי איכות,IL,מיכל פ.מתוקה 100 גר',גרמים,100.00,100 גרם,false,,7.90,0.0790,true,1,1264068
7290000134864,false,תבלין פפריקה חריפה 100 גר',"תבליני טעם וריח בע""מ",IL,מיכל פ.חריפה 100 גר',גרמים,100.00,100 גרם,false,,7.90,0.0790,true,1,1264069
7290000134871,false,תבלין פלפל שחור טחון 100 גר',תות ממתקי איכות,IL,מיכל פ.שחור טחון 100 גר',גרמים,100.00,100 גרם,false,,12.90,0.1290,true,1,1264070
7290000134970,false,תבלין חוואייג טעם ור,תות ממתקי איכות,IL,מיכל חוואיג' 100 גרם,גרמים,100.00,100 גרם,false,,7.90,0.0790,true,1,1264073
7290000134987,false,תבלין פלפל שחור גרוס 90 גר',תבליני טעם וריח,IL,מיכל פל.שחור גרוס 90גר,גרמים,90.00,100 גרם,false,,12.90,0.1433,true,1,1264074
7290000134994,false,תבלין טימין 20ג',תות ממתקי איכות,IL,מיכל קטן טימין 20גר',גרמים,20.00,100 גרם,false,,4.90,0.2450,true,1,1264075
7290000135045,false,"משקה אנרגיה XL TEN תפוח 250 מ""ל","טמפו משקאות בע""מ",IL,משקה XL TENבפחית 250,מיליליטרים,250.00,"100 מ""ל",false,,4.30,0.0172,true,1,2035391
7290000135052,false,"משקה אנרגיה XL TEN מנגו 250 מ""ל","טמפו משקאות בע""מ",IL,משקה XL TEN בפחית 25,מיליליטרים,250.00,"100 מ""ל",false,,4.30,0.0172,true,1,2035392
7290000135113,false,משקה אנרגיה XL TEN ללא סוכר בטעם נענע ליים,אקסל XL,IL,"משקה XL בפחית 250 מ""",מיליליטרים,250.00,"100 מ""ל",false,,4.30,0.0172,true,1,2133134
7290000135151,false,"סודה נגיעות לימון ליים 275 מ""ל",טמפו משקאות בעמ,IL,סודה נגיעות למון ליי,מיליליטרים,275.00,"100 מ""ל",false,,3.90,0.0142,true,1,2142501
7290000135168,false,"פפסי מקס ליים פחית צרה מארז שישייה 330 מ""ל",אלפא S.A,AL,מארז שישיית מקס ליים,ליטרים,1.98,ליטר,false,,19.90,10.0505,true,1,2161004
7290000135175,false,"פפסי מקס ליים פחית 330 מ""ל",אלפא S.A,AL,פפסי קולה ליים 330 מ,מיליליטרים,330.00,"100 מ""ל",false,,3.50,0.0106,true,1,2151750
7290000135182,false,"מארז 7 אפ פרי דל קלוריות בטעם לימון ליים פחית צרה 330 מ""ל*6 יח'","טמפו משקאות בע""מ",AL,מארז פחיות סבן אפ פר,ליטרים,1.98,ליטר,false,,18.90,9.5455,true,1,2172657
7290000135465,false,"מי סודה 500 מ""ל - מארז 12 בקבוקים",טמפו,IL,"סודה 500 מ""ל מארז תר",ליטרים,6.00,ליטר,false,,25.90,4.3167,true,1,2201104
7290000135595,false,פפסי מקס בטעם דובדבן 1.5 ליטר,"איי, בי, אינבוו",IL,פפסי מקס בטעם דובדבן,ליטרים,1.50,ליטר,false,,7.60,5.0667,true,1,2203914
7290000135625,false,"רביעיית פחיות גולדסטאר 500 מ""ל",טמפו,IL,רביעייה בירה גולדסטא,מיליליטרים,500.00,"100 מ""ל",false,,32.90,0.0658,true,1,2213238
7290000135632,false,"פחיות גולדסטאר לא מסונן 4*500 מ""ל",טמפו,IL,רביעיית פחית גולדסטא,מיליליטרים,500.00,"100 מ""ל",false,,34.90,0.0698,true,1,2213243
7290000136141,false,משקה בטעם קולה 1.5ל' פפסי,פפסי Pepsi,IL,פפסי קולה 1.5 ליטר,ליטרים,1.50,ליטר,false,,8.20,5.4667,true,1,2232101
7290000136158,false,פפסי מקס 1.5 ליטר פיקדון,פפסי Pepsi,IL,פפסי מקס 1.5 ליטר,ליטרים,1.50,ליטר,false,,7.60,5.0667,true,1,2232107
7290000136165,false,מירינדה בקבוק 1.5 לי,מירינדה Mirinda,IL,מירנדה 1.5 ליטר,ליטרים,1.50,ליטר,false,,8.20,5.4667,true,1,2232090
7290000136172,false,סבן אפ בקבוק 1.5 ליט,סבן אפ 7up,IL,סבן אפ 1.5 ליטר,ליטרים,1.50,ליטר,false,,8.20,5.4667,true,1,2232096
7290000136189,false,דיאט סבן אפ 1.5 ליטר FREE,סבן אפ 7up,IL,סבן אפ דיאט 1.5 ליטר,ליטרים,1.50,ליטר,false,,7.60,5.0667,true,1,2232082
7290000136240,false,סודה 1.5 ליטר שישייה בודד,טמפו,IL,סודה 1.5 ליטר,ליטרים,1.50,ליטר,false,,3.20,2.1333,true,1,2232057
7290000136264,false,מי טוניק גזוז 1.5 ל' טמפו,טמפו,IL,משקה מי טוניק 1.5 לי,ליטרים,1.50,ליטר,false,,9.90,6.6000,true,1,2231940
7290000136271,false,סודה בטעמים - לימון ליים 1.5 ליטר - בודד,טמפו,,סודה לימון לים 1.5 ל,ליטרים,1.50,ליטר,false,,4.20,2.8000,true,1,2232067
7290000136288,false,סירופ בטעם תפוחים סיידר הגליל JUICER,סיידר הגליל,,סירופ בטעם תפוחים סי,מיליליטרים,330.00,"100 מ""ל",false,,15.90,0.0482,true,1,2255859
7290000136295,false,סירופ בטעם פטל סיידר הגליל JUICER,סיידר הגליל,,סירופ בטעם פטל סיידר,מיליליטרים,330.00,"100 מ""ל",false,,15.90,0.0482,true,1,2255860
7290000136325,false,סודה בטעמים - אפרסק 1.5 ליטר - בודד,טמפו,,סודה בטעמים 1.5 ליטר,ליטרים,1.50,ליטר,false,,4.20,2.8000,true,1,2232083
7290000136387,false,סודה בטעמים - אננס 1.5 ליטר - בודד,טמפו,,סודה בטעמים 1.5 ליטר,ליטרים,1.50,ליטר,false,,4.20,2.8000,true,1,2232073
7290000136394,false,סודה בטעמים - פירות יער 1.5 ליטר - בודד,טמפו,,סודה בטעמים 1.5 ליטר,ליטרים,1.50,ליטר,false,,4.20,2.8000,true,1,2232074
7290000136431,false,משקה בטעם אפרסק צלול תריסר 1.5 ל' ג'אמפ,ג'אמפ,,ג'אמפ אפרסק צלול 1.5,ליטרים,1.50,ליטר,false,,7.50,5.0000,true,1,2231672
7290000136486,false,משקה בטעם אשכוליות דיאט תריסר 1.5 ל' ג'אמפ,ג'אמפ,IL,ג'אמפ אשכוליות דיאט,ליטרים,1.50,ליטר,false,,7.50,5.0000,true,1,2232024
7290000136516,false,משקה בטעם מנגו פסיפלורה תריסר 1.5 ל' ג'אמפ,ג'אמפ,IL,ג'אמפ מנגו 1.5 ליטר,ליטרים,1.50,ליטר,false,,7.50,5.0000,true,1,2231949
7290000136523,false,משקה בטעם ענבים תריסר 1.5 ל' ג'אמפ,ג'אמפ,IL,ג'אמפ ענבים 1.5 ליטר,ליטרים,1.50,ליטר,false,,7.50,5.0000,true,1,2232025
7290000136585,false,משקה בטעם תפוזים תריסר 1.5 ל' ג'אמפ,ג'אמפ,IL,ג'אמפ תפוז 1.5 ליטר,ליטרים,1.50,ליטר,false,,7.50,5.0000,true,1,2231950
7290000136608,false,משקה בטעם תפוח צלול תריסר 1.5 ל' ג'אמפ,ג'אמפ,IL,ג'אמפ תפוח 1.5 ליטר,ליטרים,1.50,ליטר,false,,7.50,5.0000,true,1,2232027
7290000136646,false,משקה מאלט תריסר 1.5 ל' נשר,טמפו,IL,בירה נשר מאלט 1.5 לי,ליטרים,1.50,ליטר,false,,8.90,5.9333,true,1,2231941
7290000136653,false,משקה מאלט דיאט תריסר 1.5 ל' נשר,טמפו,IL,בירה דיאט מאלט 1.5 ל,ליטרים,1.50,ליטר,false,,8.90,5.9333,true,1,2231942
7290000136660,false,סודה טמפו ליטר וחצי,טמפו,IL,סודה רגיל 1.5 ליטר,ליטרים,1.50,ליטר,false,,3.20,2.1333,true,1,2234485
7290000136691,false,מארז שישייה סבן אפ 1.5 ל',סבן אפ 7up,IL,7 UP שישייה 1.5 ליטר,ליטרים,9.00,ליטר,false,,42.90,4.7667,true,1,2232102
7290000136752,false,סבן אפ דיאט מארז שישייה 1.5 ל' FREE,"טמפו משקאות בע""מ",IL,7 UP דיאט שישייה 1.5,ליטרים,9.00,ליטר,false,,39.90,4.4333,true,1,2232084
7290000136769,false,מארז שישיה בטעם קולה 1.5 ל' פפסי,פפסי Pepsi,IL,פפסי קולה שישייה 1.5,ליטרים,9.00,ליטר,false,,41.90,4.6556,true,1,2232108
7290000136776,false,מארז פפסי מקס שישיה 1.5ל',פפסי Pepsi,IL,פפסי מקס שישייה 1.5,ליטרים,9.00,ליטר,false,,37.90,4.2111,true,1,2232113
7290000136783,false,מארז שישייה מרינדה 1.5 ל',מירינדה Mirinda,IL,מירנדה שישייה 1.5 לי,ליטרים,9.00,ליטר,false,,42.90,4.7667,true,1,2232091
7290000136790,false,מארז סודה שישייה 1.5 ל' טמפו,טמפו,IL,שישיית סודה טמפו 1.5,ליטרים,9.00,ליטר,false,,16.70,1.8556,true,1,2232062
7290000136806,false,מארז סודה רביעייה לימון ליים 1.5 ל' טמפו,טמפו,IL,מארז סודה רביעייה 1.,ליטרים,6.00,ליטר,false,,11.90,1.9833,true,1,2232068
7290000136813,false,סודה בטעם אננס מארז רביעייה 1.5 ל' טמפו,טמפו,IL,סודה אננס 1.5 ליטר ר,ליטרים,6.00,ליטר,false,,11.90,1.9833,true,1,2232075
7290000136820,false,סודה בטעם פירות יער מארז ריבעיה * 1.5 ל' טמפו,טמפו,IL,סודה פירות יער 1.5 ל,ליטרים,6.00,ליטר,false,,11.90,1.9833,true,1,2232076
7290000136837,false,גזוז בנגיעות טעם אפרסק - מארז רביעייה,טמפו,IL,מארז סודה רביעייה 1.,ליטרים,6.00,ליטר,false,,11.90,1.9833,true,1,2232085
7290000136844,false,מארז מים מזוככים אקווה נובה שישיית 2 ליטר,אקווה נובה Aqua Nova,IL,שישייה מים אקווה נוב,ליטרים,12.00,ליטר,false,,11.70,0.9750,true,1,2233576
7290000136868,false,שישיית מים מינרלים סאן בנדטו,סאן בנדטו San Benedetto,IL,סאן-בנדטו שישייה 1.5,ליטרים,9.00,ליטר,false,,17.90,1.9889,true,1,2234074
7290000136875,false,מארז מים מינרלים מוגז 6* 1.5 ל' סאן בנדטו,סאן בנדטו San Benedetto,IL,מים סאן בנדטו מוגז ש,ליטרים,9.00,ליטר,false,,18.90,2.1000,true,1,2232032
7290000144160,false,שמן זית כתית מעולה ארומתי מודגש 750מל,"מרקאולאו, ספרד.אבסה,",IT,שמן זית כתית מעולה מודגש,מיליליטרים,750.00,"100 מ""ל",false,,32.90,0.0439,true,1,1251797
7290000144467,false,שמן חמניות מועשר בנוגדי חמצון 1 ל' עץ הזית,"נארז ע""י : א.ג. גילר",GR,שמן חמניות בריאות מהטבע 1,ליטרים,1.00,ליטר,false,,15.90,15.9000,true,1,1251800
7290000144474,false,שמן קנולה בריאות מהטבע 1 ליטר,שמן תעשיות,EE,שמן קנולה בריאות מהטבע 1,ליטרים,1.00,ליטר,false,,14.90,14.9000,true,1,1251801
7290000146645,false,הוואי - סבון מוצק שחור מסתורי 100 גרם רביעייה,טרופיקל דגיל,IL,הוואי סבון מוצק שחור 100,גרמים,400.00,100 גרם,false,,10.90,0.0273,true,1,1238407
7290000146652,false,הוואי - סבון מוצק ורוד רומנטי 100 גרם רביעייה,טרופיקל דגיל,IL,הוואי סבון מוצק ורוד 100,גרמים,400.00,100 גרם,false,,10.90,0.0273,true,1,1238408
7290000146669,false,הוואי - סבון מוצק שמיים כחולים 100 גרם רביעייה,תאי פרזידנט פוד פאבל,IL,הוואי סבון מוצק כחול 100,גרמים,400.00,100 גרם,false,,10.90,0.0273,true,1,1238409
7290000146676,false,הוואי - סבון מוצק לגבר 100 גרם רביעייה,טרופיקל דגיל,IL,הוואי סבון מוצק לגבר 100,גרמים,400.00,100 גרם,false,,10.90,0.0273,true,1,1238410
7290000146683,false,הוואי - סבון מוצק אפקט דאודורנט 100 גרם רביעייה,טרופיקל דגיל,IL,הוואי סבון מוצק דאודורנט,גרמים,400.00,100 גרם,false,,10.90,0.0273,true,1,1238411
7290000146928,false,"טום וגרי משחת שיניים בטעם ענבים 50 מ""ל",שוורצקוף& הנקל דיסלד,IL,טום&ג'רי משחת שיניים ענבי,מיליליטרים,50.00,"100 מ""ל",false,,7.90,0.1580,true,1,1238415
7290000146980,false,פלאוריד משחת שיניים ס.וויט 100מל,,,משחת שיניים פלואוריד,מיליליטרים,100.00,"100 מ""ל",false,,3.90,0.0390,true,1,1238416
7290000146997,false,"טום וג'רי - משחת שיניים מסטיק 50 מ""ל",שוורצקוף& הנקל דיסלד,IL,טום&ג'רי משחת שיניים מסטי,גרמים,50.00,100 גרם,false,,7.90,0.1580,true,1,1238417
7290000148489,false,גרעיני דלעת קלית גת 200 ג',"ג'י אנד ג'י בע""מ",IL,גרעיני דלעת,גרמים,200.00,100 גרם,false,,9.90,0.0495,true,1,1241683
7290000148618,false,אגוזי קשיו מטוגנים ק,"ג'י אנד ג'י בע""מ",IL,קשיו בשקית,גרמים,200.00,100 גרם,false,,19.90,0.0995,true,1,1241684
7290000148748,false,גרעיני חמניה קלית גת 200 ג',"ג'י אנד ג'י בע""מ",IL,גרעיני חמניה,גרמים,200.00,100 גרם,false,,5.90,0.0295,true,1,1241685
7290000148939,false,שקדים קלויים קלית גת 200 ג',"ג'י אנד ג'י בע""מ",IL,שקד קלוי בשקית,גרמים,200.00,100 גרם,false,,15.90,0.0795,true,1,1241686
7290000149349,false,שמפו לשיער רגיל 1 ל' ויטל,,,שמפו לשיער ויטל 1 לי,ליטרים,1.00,ליטר,false,,11.90,11.9000,true,1,1258349
7290000149615,false,נקה 7 סבון מוצק לתינוק רביעיה * 100 ג',גליל כימיקלים בעממשו,IL,רבעיית סבון מוצק נקה 7 לת,גרמים,400.00,100 גרם,false,,9.90,0.0248,true,1,1258351
7290000149806,false,סופר 7-סבון נוזל כלים 1.0 ל',,,נקה 7 סופר נוזל לכלי,ליטרים,1.00,ליטר,false,,11.90,11.9000,true,1,1235298
7290000149844,false,סנו - סינטבון סבון רב שימושי,סנו,,נקה 7 סינטבון חתול,גרמים,230.00,100 גרם,false,,6.90,0.0300,true,1,1235300
7290000149905,false,טקסטיל שמפו לכביסה ביד 1 ליטר,מיוצר עי קונדיטוריית,IL,טקסטיל נוזל לכביסה 1ליטר,ליטרים,1.00,ליטר,false,,12.90,12.9000,true,1,1235303
7290000149943,false,"טקסטיל שמפו-שקית 1 ק""ג",קריות זול,IL,טקסטיל שמפו בשקית 1 קג,קילוגרמים,1.00,"ק""ג",false,,12.90,12.9000,true,1,1235304
7290000150277,false,פסטרמה חזה הודו ברבי,עיצובים 2020 (4.9),,פסטרמה חזה הודו ברבי,קילוגרמים,1.00,"ק""ג",true,,69.00,69.0000,true,1,1403195
7290000150352,false,פסטרמה איטלקית עוף -,עיצובים 2020 (4.9),,פסטרמה איטלקית,קילוגרמים,1.00,"ק""ג",true,,69.00,69.0000,true,1,1397883
7290000150369,false,פסטרמה מקסיקנית בתיב,עיצובים 2020 (4.9),,פסטרמה מקסיקנית,קילוגרמים,1.00,"ק""ג",true,,69.00,69.0000,true,1,1397884
7290000150468,false,פסטרמה רומנית עוף -ט,עיצובים 2020 (4.9),,פסטרמה רומנית,קילוגרמים,1.00,"ק""ג",true,,69.00,69.0000,true,1,1397885
7290000150642,false,כתף בקר מעושן עוף טו,עיצובים 2020 (4.9),,כתף בקר מעושן עוף טו,קילוגרמים,1.00,"ק""ג",true,,89.00,89.0000,true,1,1612780
7290000151106,false,פסטרמה אמריקאית עוף-,עיצובים 2020 (4.9),,פסטרמה אמריקאית,קילוגרמים,1.00,"ק""ג",true,,69.00,69.0000,true,1,1397887
7290000152028,false,פסטרמה חזה הודו מעוש,עיצובים 2020 (4.9),,פסטרמה חזה הודו מעוש,קילוגרמים,1.00,"ק""ג",true,,69.00,69.0000,true,1,1403199
7290000152288,false,עוף טוב נקניקיות עוף מיס לוסי 400 ג',מוצרי עוף טוב (2001),IL,נקניקיות עוף טוב 400,גרמים,400.00,100 גרם,false,,11.90,0.0298,true,1,1422613
7290000153445,false,קציצות בקר מתובלות עוף טוב 500 ג',מולינו ניקולי s.p.a,IL,עוף טוב קציצות בקר מבית ט,גרמים,500.00,100 גרם,false,,29.90,0.0598,true,1,1223303
7290000153469,false,עוף טוב קציצות עוף קלאסיות 600 גר',מוצרי עוף טוב (2001),IL,עוף טוב קציצות עוף מבית ט,גרמים,600.00,100 גרם,false,,29.90,0.0498,true,1,1223304
7290000155524,false,פסטרמה פולנית עוף -ט,עיצובים 2020 (4.9),,פסטרמה פולנית,קילוגרמים,1.00,"ק""ג",true,,69.00,69.0000,true,1,1397888
7290000158105,false,שניצל עוף טוב מיני דינוזאור 700 גרם,מוצרי עוף טוב (2001),IL,עוף טוב שניצל עוף מיני די,גרמים,700.00,100 גרם,false,,35.90,0.0513,true,1,1223308
7290000159010,false,שניצל מיני דובונים עוף טוב 700גר',עיצובים 2020 (4.9),IL,עוף טוב שניצל עוף מיני דו,גרמים,700.00,100 גרם,false,,35.90,0.0513,true,1,1223312
7290000166605,false,סיף פנטסטיק ניקיון כללי יסמין 4ליטר,סיף פנטסטיק Cif Fantastic,IL,סיף ניקוי כללי יסמין 4ל,ליטרים,4.00,ליטר,false,,19.90,4.9750,true,1,1255472
7290000169538,false,"נמס בכוס עגבניות וקרוטונים מרק כשרות בד""ץ 62 ג' קנור",יוניליוור ישראל מזון,IL,קנור נמס בכוס ועוד עגבניו,גרמים,64.00,100 גרם,false,,6.50,0.1016,true,1,1255541
7290000170053,false,שוקולד פרה 100 ג' חלב.,"תופינית בע""מ",IL,כשל'פ שוקולד פרה חלב /24ט,גרמים,100.00,100 גרם,false,,5.90,0.0590,true,1,1256756
7290000174723,false,אבקת שוקולית עלית קופסא 500ג',הנסיך- מפעל לייצור ט,IL,שוקולית קופסא 500 / 12 ק,גרמים,500.00,100 גרם,false,,11.90,0.0238,true,1,1256765
7290000176062,false,קפה טורקי בצלופן 100,שטראוס קפה בי.וי.,IL,טורקי עלית ר 100 גרם,גרמים,100.00,100 גרם,false,,8.90,0.0890,true,1,1256767
7290000176079,false,קפה טורקי עם היל עלית 100 ג',הנסיך- מפעל לייצור ט,IL,עלית טורקי עם הל 00/1שק'/,גרמים,100.00,100 גרם,false,,9.60,0.0960,true,1,1256768
7290000176147,false,קפה מוקה קלוי מס1 עלית 500ג',ELITE CAFE SP. ZO.O,PL,כשלפ מוקה,גרמים,500.00,100 גרם,false,,48.90,0.0978,true,1,1256771
7290000176413,false,קפה נמס אבקתי עלית 50 ג',הנסיך- מפעל לייצור ט,IL,עלית נמס אבקתי 50 ג/1פח'/,גרמים,50.00,100 גרם,false,,8.90,0.1780,true,1,1256773
7290000176420,false,קפה נמס אבקתי 200ג עלית,שטראוס קפה בי.וי,IL,כשלפ פחיות אבקתי,גרמים,200.00,100 גרם,false,,19.90,0.0995,true,1,1256774
7290000176468,false,קפה נמס נטול קפאין 50 ג' קפה האג,"איי, בי, אינבוו",IL,כשלפ האג נמס אבקתי 50,גרמים,50.00,100 גרם,false,,11.90,0.2380,true,1,1256775
7290000176475,false,קפה נמס האג נטול קפאין 200 ג',קריות זול,IL,כשלפ האג נ.אבקתי 200ג-,גרמים,200.00,100 גרם,false,,34.90,0.1745,true,1,1256776
7290000178707,false,חטיף תפוציפס טבעי 50,"שטראוס פריטו ליי בע""",IL,תפוצ'יפס*50 בטעם טב/1שק'/,גרמים,50.00,100 גרם,false,,3.90,0.0780,true,1,1257399
7290000178721,false,חטיף תפוציפס טבעי 20,"שטראוס פריטו ליי בע""",IL,תפוציפס*200*גר'/1שק'/200ג,גרמים,200.00,100 גרם,false,,9.90,0.0495,true,1,1257400
7290000180212,false,שוקולוד פרה מריר אגוזים 100ג' עלית,"שטראוס גרופ בע""מ",IL,כשלפ ש.פרה מריר+אגוזים מר,גרמים,100.00,100 גרם,false,,5.90,0.0590,true,1,1256784
7290000189215,false,מטלית קסם לרצפה ניקו,קריות זול,CN,מטלית קסם רצפה בסט,יח',1.00,יח',false,,15.90,15.9000,true,1,1238987
7290000189536,false,אשפתון שרוך מתכלה 52/65 ניקול 40 יח',אשפלסט,TR,שקיות אשפה ניקול 40,יח',40.00,יח',false,,17.90,0.4475,true,1,2138159
7290000189598,false,מטליות לחות חד פעמיות לניקוי כללי 50 יח' ניקול,עלבד משואות יצחק בעמ,IL,ניקול מטליות לחות,יח',50.00,יח',false,,10.90,0.2180,true,1,1239001
7290000189659,false,מטליות לחות לרצפה ניקול 10 יח'-מרכז,עלבד משואות יצחק בעמ,IL,ניקול מטליות לחות,יח',10.00,יח',false,,10.90,1.0900,true,1,1239002
7290000189680,false,מארז זוג מטליות לחות לריצפה,חוגלה קימברלי,IL,זוג מטליות לחות לנ,יחידה,0.00,יחידה,false,,19.90,0.0000,true,1,1239005
7290000189734,false,מטליות לחות לפרקט 10יח' ניקול,עלבד משואות יצחק בעמ,IL,מטליות לחות לפרקטי,יח',1.00,יח',false,,14.90,14.9000,true,1,1239006
7290000190198,false,מטליות לניקוי וחיטוי חדרי שירותים ואמבטיה,עלבד משואות יצחק בעמ,IL,מ.לחות לניקוי וחיט,יח',50.00,יח',false,,10.90,0.2180,true,1,1239015
7290000190853,false,נייר טואלט לילי דו שכבתי 30 גליל,לילי Lily,,נייר טואלט לילי לבן,מטרים,552.00,מטר,false,,35.90,0.0650,true,1,2119285
7290000191546,false,ממחטות טישו צבעוני 2 שכבות לילי מארז 100X3יח',חוגלה קימברלי,,מגבונים שלישיה צבעונ,גרמים,420.00,100 גרם,false,,10.90,0.0260,true,1,2183764
7290000191652,false,קלינקס ממחטות טישו אולטרא סופט מארז 90X3יח',חוגלה קימברלי,IL,מגבון אף קלינקס נייל,יח',270.00,יח',false,,10.90,0.0404,true,1,1239034
7290000193014,false,פדיות אינטרלוד מגיני יום לילי 50יח',חוגלה קימברלי,IL,מגני תחתון אינטרלוד,יח',50.00,יח',false,,9.90,0.1980,true,1,1239038
7290000193076,false,ניקול שלשיית מטליות לרצפה,עופרטקס,,שלישית מטליות רצפה נ,יח',3.00,יח',false,,10.90,3.6333,true,1,1239040
7290000193083,false,לילי - תחבושות נובה לי 28 יח',חוגלה קימברלי,IL,תחבושות נובה לילי,יח',28.00,יח',false,,9.90,0.3536,true,1,1239041
7290000193205,false,לילי תחבושות נטורל לילה 20 יח',קריות זול,,תחבושות היגייניות לי,יח',20.00,יח',false,,15.90,0.7950,true,1,1239044
7290000193472,false,לילי מגני תחתון נטורל נורמל 60 יח',חוגלה קימברלי,IL,מגני תחתון לשימוש יו,יח',60.00,יח',false,,15.90,0.2650,true,1,1239045
7290000193540,false,לילי אינטימייט מגן תחתון לונג 52יח',חוגלה קימברלי,IL,מגני תחתון לשימוש יו,יח',52.00,יח',false,,15.90,0.3058,true,1,1239047
7290000193618,false,לילי אינטימייט מגן תחתון נורמל 24 יח',קריות זול,,מגני תחתון לשימוש יו,יח',62.00,יח',false,,15.90,0.2565,true,1,1239048
7290000193649,false,לילי תחבושות נטורל אולטרה סופר 24 יח',קריות זול,,תחבושות היגייניות נו,יח',24.00,יח',false,,15.90,0.6625,true,1,1239049
7290000193656,false,לילי תחבושות נטורל אולטרה סופר פלוס 24 יח',קריות זול,,תחבושות היגייניות סו,יח',24.00,יח',false,,15.90,0.6625,true,1,1239050
7290000193793,false,לילי תחבושות אינטימי נורמל אולט' 24 יח',קריות זול,,תחבושות היגייניות נו,יח',24.00,יח',false,,15.90,0.6625,true,1,1239051
7290000194172,false,חטיפי ממתקים ללא סוכ,ממתקי השלום,IL,מארז מתוקים ללא תוס,גרמים,250.00,100 גרם,false,,14.90,0.0596,true,1,2208404
7290000195032,false,מכנסונים גזרתי נייט L,,,תחתונים סופגים אובר,יח',15.00,יח',false,,69.90,4.6600,true,1,1544896
7290000196039,false,"מפות שולחן איריס ח""פ ניקול 2 יח'",קריות זול,IL,מפות שולחן ניקול 2,יח',2.00,יח',false,,10.90,5.4500,true,1,1239068
7290000196343,false,"מפת שולחן מהודרת לילי 180X120ס""מ",קריות זול,IL,ניקול מפת שולחן מה,יח',1.00,יח',false,,12.90,12.9000,true,1,1239069
7290000197012,false,ניקול שקיות ניילון ריצרץ לאחסון 15יח',קריות זול,CN,שקית אחסון עם רוכס,יח',15.00,יח',false,,13.90,0.9267,true,1,1239075
7290000197029,false,ניקול שקיות ניילון ריצרץ לאחסון 12יח',קריות זול,,מארז 12 שקיות לאיחסו,יח',12.00,יח',false,,13.90,1.1583,true,1,1239076
7290000197470,false,מקפיאון שקיות הקפאה מתכלות ניקול 250יח',אשלפסט תעשיות בעמ,IL,"שקיות רב""ש מתכלות",יח',250.00,יח',false,,13.90,0.0556,true,1,1239085
7290000197999,false,רדיד אלומיניום עבה ניקול זוגי 30X7.5מ',קריות זול,IL,רדיד אלו. עבה *7.5,מטרים,15.00,מטר,false,,14.90,0.9933,true,1,1239094
7290000201818,false,טיטולים פרימיום שלב 2 64 יח',חוגלה קימברלי,IL,טיטולים פרימיום שלב,יח',52.00,יח',false,,39.90,0.7673,true,1,1306757
7290000201832,false,טיטולים פרימיום שלב 3 52 יח',חוגלה קימברלי,IL,טיטולים פרימיום שלב,יח',50.00,יח',false,,39.90,0.7980,true,1,1306758
7290000201856,false,טיטולים פרימיום שלב 4 + 40יח',חוגלה קימברלי,IL,טיטולים פרימיום שלב,יח',38.00,יח',false,,39.90,1.0500,true,1,1306760
7290000201863,false,טיטולים פרימיום שלב 5 34 יח',חוגלה קימברלי,IL,טיטולים פרימיום שלב,יח',34.00,יח',false,,39.90,1.1735,true,1,1306761
7290000204086,false,כרית קרצוף סקוטש ניקול 1+2,חוגלה קימברלי,US,סקוטש 1 2 רגיל,יח',3.00,יח',false,,11.90,3.9667,true,1,1239121
7290000204147,false,ניקול כריות יפניות 2 ב 1 רביעייה,פלסטו פוליש (ברקן),IL,כרית יפנית,יח',4.00,יח',false,,11.90,2.9750,true,1,1239122
7290000204215,false,ניקול כריות יפניות 6 יח',פלסטו פוליש (ברקן),IL,ניקול - כרית יפנית,יח',6.00,יח',false,,11.90,1.9833,true,1,1239123
7290000204253,false,מטליות ניקול רב שימושיות 9יח',נועם אורים-קיבוץ אור,IL,"מטלית רב""ש ניקול *",יח',9.00,יח',false,,10.90,1.2111,true,1,1239125
7290000204512,false,מטליות לחות לרצפה בניחוח לימון 10 יח' ניקול,עלבד משואות יצחק בעמ,IL,ניקול מטליות לחות,יח',10.00,יח',false,,10.90,1.0900,true,1,1429129
7290000204611,false,ספוגיות הקסם ניקול 6יח',קריות זול,US,ניקול ספוגית הקסם,יח',6.00,יח',false,,12.90,2.1500,true,1,1239127
7290000205526,false,פיסגה שטיפת רצפות 2 ל',"סנו מפעלי ברונוס בע""",IL,פיסגה שטיפת רצפות 2 ליטר,ליטרים,2.00,ליטר,false,,14.90,7.4500,true,1,1235310
7290000207063,false,רסק עגבניות פריכוז 28% 240 גרם יכין,היינץ צפון אמריקה מק,IL,רסק עגבניות פריכוז 260 ג,גרמים,240.00,100 גרם,false,,4.90,0.0204,true,1,1238317
7290000207162,false,רוטב עגבניות מרכיב טבעי 100 ג' יכין,"זנלכל בע""מ",IL,רסק עגבניות 100 ג יכין,גרמים,100.00,100 גרם,false,,1.90,0.0190,true,1,1238320
7290000207438,false,עגבניות קוביות יכין 800 גר,"זנלכל בע""מ",IL,עגבניות קוביות 800 ג יכין,גרמים,800.00,100 גרם,false,,9.90,0.0124,true,1,2178598
7290000208114,false,אפונת גינה וגזר 550 ג' יכין,"זנלכל בע""מ",IL,אפונה וגזר 550 ג יכין,גרמים,550.00,100 גרם,false,,7.90,0.0144,true,1,1238325
7290000208138,false,סירופ ענבים דיאט 1 ליטר יכין,"זנלכל בע""מ",IL,סירופ ענבים דיאט1ל' יכין,ליטרים,1.00,ליטר,false,,16.90,16.9000,true,1,1238327
7290000208145,false,גרגרי תירס מתוק לייט A2 יכין 550 ג',"זנלכל בע""מ",IL,תירס לייט 550 ג יכין,גרמים,550.00,100 גרם,false,,8.90,0.0162,true,1,1238328
7290000208329,false,גרעיני תירס מתוק A2 יכין 550ג',"זנלכל בע""מ",IL,תירס מתוק 550 ג יכין,גרמים,550.00,100 גרם,false,,7.90,0.0144,true,1,1238336
7290000208336,false,רסק עגבניות 22% יכין 240ג',"זנלכל בע""מ",IL,רסק עגבניות 260 ג יכין,גרמים,240.00,100 גרם,false,,3.90,0.0162,true,1,1238337
7290000208459,false,לקט ירקות מעורבים 550 ג' יכין,"זנלכל בע""מ",IL,ירקות מעורבים 550 ג יכין,גרמים,550.00,100 גרם,false,,8.90,0.0162,true,1,1238341
7290000208480,false,תירס A3 בטעם חמאה 600 גרם,קריות זול,IL,תירס בטעם חמאה A/2,גרמים,550.00,100 גרם,false,,8.90,0.0162,true,1,1238342
7290000208534,false,גרעיני תירס ילדים 550 גרם יכין,"זנלכל בע""מ",IL,תירס קיד 550 ג יכין,גרמים,550.00,100 גרם,false,,8.90,0.0162,true,1,1238343
7290000208855,false,רוטב פסטה עגבניות יכין 240 ג',"זנלכל בע""מ",IL,רוטב פסטה 260 ג יכין,גרמים,240.00,100 גרם,false,,5.50,0.0229,true,1,1238345
7290000208930,false,עגבניות מרוסקות בתוספת שום 240 ג' יכין,"זנלכל בע""מ",IL,עגבניות מרוסקות שום 260 ג,גרמים,240.00,100 גרם,false,,5.50,0.0229,true,1,1238347
7290000208947,false,עגבניות מרוסקות 240 גרם יכין,היינץ צפון אמריקה מק,IL,עגבניות מרוסקות 260 ג יכי,גרמים,240.00,100 גרם,false,,5.50,0.0229,true,1,1238348
7290000209012,false,חומץ הדרים יכין 1 לי,"זנלכל בע""מ",IL,חומץ הדרים 1 ליטר,ליטרים,1.00,ליטר,false,,5.90,5.9000,true,1,2123805
7290000209173,false,חומץ סינטטי יכין 1 ל,זנלכל,IL,חומץ סינטטי 5% יכין 1 ליט,ליטרים,1.00,ליטר,false,,4.50,4.5000,true,1,1238353
7290000209517,false,סירופ יכין לימון דיא,היינץ צפון אמריקה מק,IL,סירופ דיאט לימון 1 ליטר,ליטרים,1.00,ליטר,false,,16.90,16.9000,true,1,1238362
7290000209524,false,סירופ דייאט פטל יכין,זנלכל,IL,סירופ דיאט פטל 1 ל' יכין,ליטרים,1.00,ליטר,false,,16.90,16.9000,true,1,1238363
7290000209531,false,סירופ דיאט אשכוליות 1ל,זנלכל,IL,'סירופ דיאט אשכוליות 1 ל,ליטרים,1.00,ליטר,false,,16.90,16.9000,true,1,1238364
7290000209555,false,סירופ יכין דיאט בטעם תפוח 1ל',זנלכל,IL,'סירופ תפוחי עץ דיאט 1 ל,ליטרים,1.00,ליטר,false,,16.90,16.9000,true,1,1238365
7290000209579,false,סירופ דיאט אננס 1 ליטר,"זנלכל בע""מ",IL,סירופ דיאט אננס 1 ל'יכין,ליטרים,1.00,ליטר,false,,16.90,16.9000,true,1,1238367
7290000209708,false,עגבניות מרוסקות עם בזיליקום 240 גרם יכין,היינץ צפון אמריקה מק,IL,עגבניות מרוסקות בזיליקום,גרמים,240.00,100 גרם,false,,5.50,0.0229,true,1,1238369
7290000209722,false,רסק עגבניות 28% פריכוז 580 גרם יכין,"זנלכל בע""מ",IL,פריכוז 580 ג יכין,גרמים,580.00,100 גרם,false,,9.90,0.0171,true,1,1238371
7290000209906,false,עגבניות מרוסקות בתוספת בצל 240 ג' יכין,זנלכל,IL,עגבניות מרוסקות עם בצל 26,גרמים,240.00,100 גרם,false,,5.50,0.0229,true,1,1238372
7290000209913,false,עגבניות קוביות יכין 240 ג',"זנלכל בע""מ",IL,עגבניות קוביות 260 גרם יכ,גרמים,240.00,100 גרם,false,,5.50,0.0229,true,1,1238373
7290000209944,false,רוטב לעגבניות בסיס לשקשוקה 240 ג' יכין,"זנלכל בע""מ",IL,בסיס לשקשוקה 260 ג יכין,גרמים,240.00,100 גרם,false,,5.50,0.0229,true,1,1238374
7290000209951,false,רוטב עגבניות לפיצה 240 גרם יכין,"זנלכל בע""מ",IL,רוטב עגבניות לפיצה 260 ג,גרמים,240.00,100 גרם,false,,5.50,0.0229,true,1,1238375
7290000209968,false,רוטב עגבניות ללזניה יכין 240 גרם,"זנלכל בע""מ",IL,רוטב עגבניות ללזניה 260,גרמים,240.00,100 גרם,false,,5.50,0.0229,true,1,1238376
7290000210896,false,רוטב בולונז לפסטה יכין 240 גר',"זנלכל בע""מ",IL,רוטב בולונז 260 ג יכין,גרמים,240.00,100 גרם,false,,5.50,0.0229,true,1,1238378
7290000211169,false,"אורז תאילנדי אחד אחד סוגת 1 ק""ג",האי נאם סי או אל.טי.,IL,אורז תאילנדי סוגת 1,קילוגרמים,1.00,"ק""ג",false,,6.90,6.9000,true,1,2209470
7290000211312,false,סוגת אורז מלא פרסי אחד אחד 1 קג,האי נאם סי או אל.טי.,IL,"אורז מלא 1 ק""ג",קילוגרמים,1.00,"ק""ג",false,,8.90,8.9000,true,1,1248050
7290000211442,false,"סוגת אורז פרסי קלאסי שקית 1 ק""ג",האי נאם סי או אל.טי.,IL,"אורז פרסי 1 ק""ג",קילוגרמים,1.00,"ק""ג",false,,10.90,10.9000,true,1,1248053
7290000211503,false,סוכר לבן ארוז בשקית,"סוגת תעשיות בע""מ",IL,"סה""כ סוכר לבן 1 ק""ג",קילוגרמים,1.00,"ק""ג",false,,3.90,3.9000,true,1,1248054
7290000211626,false,"אורז חיש 1 ק""ג סוגת",סוגת תעשיות,IL,"אורש חיש 1 ק""ג",קילוגרמים,1.00,"ק""ג",false,,7.90,7.9000,true,1,1248055
7290000211985,false,"אורז ריזוטו עגול סוגת 1 ק""ג","סוגת תעשיות בע""מ",IL,"אורז עגול 1 ק""ג",קילוגרמים,1.00,"ק""ג",false,,12.90,12.9000,true,1,1248056
7290000214115,false,מרק עוף בצנצנת 400 ג' ויטה,"פרי הגליל בע""""מ",IL,מרק עוף צנצ . 400ויטה,גרמים,400.00,100 גרם,false,,9.90,0.0248,true,1,1261033
7290000218502,false,חמין ויטה 568 גרם,"פרי הגליל בע""""מ",IL,חמין א -2ויטה בדצ,גרמים,570.00,100 גרם,false,,8.90,0.0156,true,1,1261036
7290000226569,false,עוגת טורט קצפת שוקולד 1 קג',קפולסקי שיווק וקמעונ,IL,ע .טורט קצפת שוקולד,קילוגרמים,1.00,"ק""ג",false,,59.90,59.9000,true,1,1261063
7290000238029,false,"בצק עלים צרפתי מרודד מעדנות 1ק""ג",מיוצר עי קונדיטוריית,IL,"בצק עלים מרודד 1 ק""ג מעדנ",קילוגרמים,1.00,"ק""ג",false,,19.90,19.9000,true,1,1254901
7290000238036,false,מלאווח 6יח' מעדנות 700ג',מיוצר עי קונדיטוריית,IL,מלאווח 700גר מעדנות,גרמים,700.00,100 גרם,false,,16.90,0.0241,true,1,1254902
7290000238173,false,בורקס גבינה 800 ג' מעדנות,מיוצר עי קונדיטוריית,IL,בורקס גבינה מעדנות 800גר,גרמים,800.00,100 גרם,false,,22.90,0.0286,true,1,1254903
7290000238180,false,בורקס תפוחי אדמה מעדנות 800ג',מיוצר עי קונדיטוריית,IL,"בורקס תפו""א 800 גרם מעדנו",גרמים,800.00,100 גרם,false,,19.90,0.0249,true,1,1254904
7290000244143,false,"הוואי - קרם לאחר גילוח 120 מ""ל",תאי פרזידנט פוד פאבל,IL,הוואי קרם לאחר גילוח 120,גרמים,120.00,100 גרם,false,,14.90,0.1242,true,1,1238424
7290000244280,false,משחת גילוח רגיל 80 מ,,,משחת גילוח,גרמים,80.00,100 גרם,false,,7.90,0.0988,true,1,1238427
7290000244631,false,"קרם ענוגה בגליצרין 80 מ""ל",טרופיקל דגיל,IL,קרם ענוגה גליצרין 80 גר',מיליליטרים,80.00,"100 מ""ל",false,,7.90,0.0988,true,1,1238429
7290000244761,false,"ולוטה - קרם ידיים 100 מ""ל",תאי פרזידנט פוד פאבל,IL,"קרם ידיים ולוטה 100 מ""ל",מיליליטרים,80.00,"100 מ""ל",false,,9.90,0.1238,true,1,1238430
7290000245072,false,סוד מרכך לכביסה סופט בייבי 4 ל',"הנקל סוד בע""מ",IL,מרכך כביסה סוד בייבי 4 לי,ליטרים,4.00,ליטר,false,,18.90,4.7250,true,1,1272710
7290000245157,false,סוד סופט מרכך כביסה סנסיישן 4 ליטר,"הנקל סוד בע""מ",IL,מרכך כביסה סוד סנסיישן 4,ליטרים,4.00,ליטר,false,,18.90,4.7250,true,1,1272712
7290000245270,false,"פרסיל אבקת כביסה סופרא 1.250 ק""ג","הנקל סוד בע""מ",IL,"אבקת כביסה פרסיל 1.25 ק""ג",קילוגרמים,1.25,"ק""ג",false,,15.90,12.7200,true,1,1272714
7290000245287,false,"פרסיל אבקת כביסה 1.250 ק""ג קולור ויניגר","הנקל סוד בע""מ",IL,"אבקת כביסה פרסיל 1.25 ק""ג",קילוגרמים,1.25,"ק""ג",false,,15.90,12.7200,true,1,1272715
7290000245294,false,"א.כ. פרסיל סופרא שקית 2.5 ק""ג","הנקל סוד בע""מ",IL,אבקת כביסה פרסיל אקטיב 2.,קילוגרמים,2.50,"ק""ג",false,,28.90,11.5600,true,1,1272716
7290000245478,false,"אבקת כביסה לבגדי תינוקות 1.25 ק""ג סוד","הנקל סוד בע""מ",IL,אבקת כביסה סוד בייבי 1.25,קילוגרמים,1.25,"ק""ג",false,,12.90,10.3200,true,1,1272720
7290000245508,false,"קומפקט סוד 1.25ק""ג שושו מרענן -מרכז","הנקל סוד בע""מ",IL,אבקת כביסה סוד שושן מרענן,קילוגרמים,1.25,"ק""ג",false,,12.90,10.3200,true,1,1272721
7290000245515,false,"אבקת כביסה בניחוח לבנדר 1.25 ק""ג סוד","הנקל סוד בע""מ",IL,אבקת כביסה סוד לבנדר 1.25,קילוגרמים,1.25,"ק""ג",false,,12.90,10.3200,true,1,1272722
7290000245539,false,"קומפקט סוד 1.250 ק""ג קולור לכביסה צבעונית","הנקל סוד בע""מ",IL,אבקת כביסה סוד קולור 1.25,קילוגרמים,1.25,"ק""ג",false,,12.90,10.3200,true,1,1272723
7290000245782,false,סוד סופט מרכך כביסה ורוד 4 ליטר,"הנקל סוד בע""מ",IL,מרכך כביסה סוד ורוד 4 ליט,ליטרים,4.00,ליטר,false,,18.90,4.7250,true,1,1272728
7290000245799,false,סוד סופט מרכך כביסה כחול 4 ליטר,"הנקל סוד בע""מ",IL,מרכך כביסה סוד כחול 4 ליט,ליטרים,4.00,ליטר,false,,18.90,4.7250,true,1,1272729
7290000253220,false,שוקולד צ'יפס חום אופנהיימר 260 גר',אופנהיימר,IL,אופנ.שוקוצ'יפס פרווה 300,גרמים,260.00,100 גרם,false,,12.90,0.0496,true,1,1234721
7290000253244,false,מרציפן נקי אופנהיימר,אחים מזרחי,IL,מרציפן נקי 86 גרם,גרמים,86.00,100 גרם,false,,8.90,0.1035,true,1,2041634
7290000253251,false,שוקולד צ'יפס לבן אופנהיימר 300ג',אופנהיימר,IL,אופנ.שוקוצ'יפס לבן 300 גר,גרמים,250.00,100 גרם,false,,12.90,0.0516,true,1,1234722
7290000253374,false,מיני שוקולד צ'יפס - נטיפי שוקולד מריר,אופנהיימר,IL,מיני שוקולד ציפס 25,גרמים,250.00,100 גרם,false,,14.90,0.0596,true,1,2216644
7290000253411,false,סוכריות קישוט צבעוני 90 גר,אחים מזרחי,IL,סוכריות לקישוט צבעונ,גרמים,90.00,100 גרם,false,,4.90,0.0544,true,1,2041644
7290000253459,false,נטיפי ציפס בטעם קרמל 250 גר' אופנהיימר,אופנהיימר,IL,שוקולד צ'יפס בטעם קר,גרמים,260.00,100 גרם,false,,12.90,0.0496,true,1,2277904
7290000253503,false,מרציפן מצופה שוקולד מריר 40 ג',אחים מזרחי,IL,מרציפן מצופה שוקולד,גרמים,40.00,100 גרם,false,,3.90,0.0975,true,1,2041635
7290000253558,false,חלת מרציפן אופנהיימר,אופנהיימר,IL,מרציפן חלה 50 גרם,גרמים,50.00,100 גרם,false,,4.90,0.0980,true,1,2041636
7290000253732,false,מרציפן מצופה שוקולד 86 גרם,אופנהיימר,IL,מרציפן מצופה שוקולד,גרמים,86.00,100 גרם,false,,8.90,0.1035,true,1,2041637
7290000254197,false,קפה לאספרסו זהב עלית 200 ג',STRAUSS-ISRAEL,IL,אספרסו זהב 200 גר/1שק'/20,גרמים,200.00,100 גרם,false,,24.90,0.1245,true,1,1256788
7290000267012,false,שקדים מולבנים שלמים,"דין שיווק וקליה בע""מ",IL,שקדים מולבנים 100 גר,גרמים,100.00,100 גרם,false,,10.90,0.1090,true,1,1242832
7290000267029,false,שקדים מולבנים חצויים,"דין שיווק וקליה בע""מ",IL,שקדים מולבנים 100 גר,גרמים,100.00,100 גרם,false,,10.90,0.1090,true,1,1242833
7290000267036,false,שקדים משובבים השף 100 ג',"דין שיווק וקליה בע""מ",IL,שקדים מולבנים 100 גר,גרמים,100.00,100 גרם,false,,10.90,0.1090,true,1,1242834
7290000267043,false,שקדים מולבנים פרוסים,"דין שיווק וקליה בע""מ",IL,שקדים מולבנים 100 גר,גרמים,100.00,100 גרם,false,,10.90,0.1090,true,1,1242835
7290000267050,false,שקדים טבעיים טחונים,"דין שיווק וקליה בע""מ",IL,שקדים טחונים 100 גרם,גרמים,100.00,100 גרם,false,,10.90,0.1090,true,1,1242836
7290000267104,false,שקד מולבן גרוס/מרוסק,"דין שיווק וקליה בע""מ",IL,שקדים מרוסקים 100 גר,גרמים,100.00,100 גרם,false,,10.90,0.1090,true,1,1242837
7290000267500,false,קליפות הדר מצופות 200 גר,שקדיה,,קליפות הדר מצופות בש,גרמים,200.00,100 גרם,false,,9.90,0.0495,true,1,1263744
7290000267548,false,אגוזי מלך גרוסים 100 ג',דין שיווק,IL,אגוז מלך גרוסים 100ג,גרמים,100.00,100 גרם,false,,9.90,0.0990,true,1,1242838
7290000267555,false,בוטנים טבעיים גרוסים,דין שיווק,,בוטנים טבעיים גרוסים,גרמים,100.00,100 גרם,false,,4.50,0.0450,true,1,1242839
7290000267586,false,גרעייני חמניה קלופים 150 גר,"דין שיווק וקליה בע""מ",IL,חמניות קלופות 150 גר,גרמים,150.00,100 גרם,false,,4.90,0.0327,true,1,1242840
7290000267678,false,גרעיני דלעת טבעי קלוף שקדיה 150 ג',"דין שיווק וקליה בע""מ",IL,דלעת 150 גרם,גרמים,150.00,100 גרם,false,,7.90,0.0527,true,1,1242841
7290000272443,false,סירופ עסיס דיאט תפוזים צ.טבעי 1 ל',בית-השיטה עסיס תעשיו,IL,עסיס סירופ דיאט בטעם תפוז,ליטרים,1.00,ליטר,false,,16.90,16.9000,true,1,1223322
7290000272467,false,סירופ עסיס דיאט פטל 1ל,בית-השיטה עסיס תעשיו,IL,עסיס סירופ דיאט בטעם פטל,ליטרים,1.00,ליטר,false,,16.90,16.9000,true,1,1223323
7290000272696,false,עסיס מיץ לימון טבעי משומר 1 ל' אסם,בית-השיטה עסיס תעשיו,IL,עסיס מיץ לימון משומר מרכז,ליטרים,1.00,ליטר,false,,9.90,9.9000,true,1,1223324
7290000272726,false,חומץ טבעי 5% עסיס 1 ל' אסם,בית השיטה עסיס תעשיו,IL,עסיס חומץ 5% 1 ליטר,ליטרים,1.00,ליטר,false,,6.90,6.9000,true,1,1223325
7290000286228,false,כרית קרצוף לכלים סנו סושי 6יח',סנו מפעלי ברונו בעמ,IL,סנו סושי 6 כריות יפניות,יח',6.00,יח',false,,12.90,2.1500,true,1,1235311
7290000286297,false,"סנו אנטי קאלק מסיר אבן מקומקום 700 מ""ל",סנו מפעלי ברונוס בעמ,IL,סנו אנטיקאלק מסיר אבן700,מיליליטרים,700.00,"100 מ""ל",false,,10.90,0.0156,true,1,1235312
7290000286488,false,ספוג רחצה כיף פיראט,קוסמופארם,IL,ספוג כיף פיראט 1 יחידה,יח',1.00,יח',false,,5.90,5.9000,true,1,1235314
7290000286495,false,ספוג בייבי עדין כייף,קוסמופארם,IL,ספוג בייבי כיף,יחידה,0.00,יחידה,false,,5.90,0.0000,true,1,1235315
7290000286501,false,ספוג רחצה כיף מסאז',קוסמופארם,IL,ספוג כיף מסאז' 1 יחידה,יח',1.00,יח',false,,7.90,7.9000,true,1,1235316
7290000286525,false,ספוג כייף פרינה רחצה 1יח',קוסמופארם,IL,ספוג כיף רחצה פרינה 1 יח,יח',1.00,יח',false,,7.90,7.9000,true,1,1235317
7290000286549,false,סנו סושי מטליות לניקוי כללי 9 יח',טרופיקל דגיל תעשיות,IL,'מטליות רב שימוש 9 יח,יח',9.00,יח',false,,10.90,1.2111,true,1,1235318
7290000286594,false,סנו X לימון במיכל 600 ג',סנו מפעלי ברונוס בעמ,IL,לימון 600 גרם X-סנו,גרמים,600.00,100 גרם,false,,9.90,0.0165,true,1,1235320
7290000286631,false,"סנו אבקה לניקוי ומירוק בריח לימון 600 מ""ל",קריות זול,IL,לימון שק.מילוי600ג X סנו,גרמים,600.00,100 גרם,false,,6.90,0.0115,true,1,1235321
7290000286761,false,ניילון נצמד סנו סושי פלסטיק מארז 30X2 מ',מיוצר עי קונדיטוריית,CN,ניילון נצמד 2*30 מטר,יח',2.00,יח',false,,12.90,6.4500,true,1,1235322
7290000286877,false,סנו רב לניקוי מתכת,סנו,IL,"סנו רב מתכת 300 מ""ל",מיליליטרים,300.00,"100 מ""ל",false,,24.90,0.0830,true,1,1235323
7290000286891,false,סנו מגן קריסטל לרצפו,"סנו מפעלי ברונוס בע""",IL,סנו מגן קריסטל לרצפות1לי,ליטרים,1.00,ליטר,false,,23.90,23.9000,true,1,1235324
7290000286921,false,"סנוקל רסס וכבס 750 מ""ל",סנו מפעלי ברונוס בעמ,IL,"סנוקל רסס וכבס 750 מ""ל",מיליליטרים,750.00,"100 מ""ל",false,,19.90,0.0265,true,1,1235327
7290000286945,false,"סנו רהיט אקדח מרסס 500מ""ל","סנו מפעלי ברונוס בע""",IL,"סנו רהיט מרסס 500 מ""ל",מיליליטרים,500.00,"100 מ""ל",false,,22.90,0.0458,true,1,1235328
7290000287102,false,"סנו שמפו שטיחים אירוסול 600 מ""ל",מיוצר עי קונדיטוריית,IL,סנו שמפו לשטיחים 540 גרם,מיליליטרים,600.00,"100 מ""ל",false,,22.90,0.0382,true,1,1235331
7290000287195,false,"סנו רהיט ספריי עשיר בווקס להברקה 305 מ""ל",מיוצר עי קונדיטוריית,IL,סנורהיט מבריק רהיטים305ג,מיליליטרים,300.00,"100 מ""ל",false,,14.90,0.0497,true,1,1235332
7290000287355,false,סנו סופר פוליש לרצפה,קריות זול,IL,סנו סופר פוליש לרצפות 1ל,ליטרים,1.00,ליטר,false,,27.90,27.9000,true,1,1235334
7290000287362,false,פוליוקס 4 ל' גולדן סנרייז,סנו,IL,פוליויקס סנרייז 4 ליטר,ליטרים,4.00,ליטר,false,,42.90,10.7250,true,1,1235335
7290000287409,false,סנובון שלישיה תות 3 יח' *55 ג',סנו מפעלי ברונוס בעמ,IL,55 גרם X'סנובון תות 3יח,גרמים,165.00,100 גרם,false,,12.90,0.0782,true,1,1235336
7290000287430,false,סנובון צבעוני לאסלה בריח לימון שלישייה,סנו מפעלי ברונו בעמ,IL,'סנובון לימון לאסלה 3 יח,גרמים,165.00,100 גרם,false,,12.90,0.0782,true,1,1235337
7290000287485,false,סנובון לובר לאסלה 3 יח' * 55 ג',סנו מפעלי ברונו בעמ,IL,55גרם X'סנובון לובר 3יח,גרמים,165.00,100 גרם,false,,12.90,0.0782,true,1,1235338
7290000287492,false,"סנו - סנובון נוזלי לימון 750 מ""ל","איי, בי, אינבוו",IL,סנובון נוזלי לימון 750מל,מיליליטרים,750.00,"100 מ""ל",false,,10.90,0.0145,true,1,1235339
7290000287607,false,לאסלות סנו בלו גדול,קריות זול,IL,סנו בלו סבון למיכל האסלה,גרמים,150.00,100 גרם,false,,19.90,0.1327,true,1,1235341
7290000287621,false,"מנקה אסלות סנו אנטי קאלק 750 מ""ל,",מיוצר עי קונדיטוריית,IL,סנו אנטי קאלק לאסלות750מ,מיליליטרים,750.00,"100 מ""ל",false,,11.90,0.0159,true,1,1235342
7290000288017,false,אקונומיקה בריח לימון,"סנו מפעלי ברונוס בע""",IL,סנו ג'אוול לימון 1 ליטר,ליטרים,1.00,ליטר,false,,7.90,7.9000,true,1,1235350
7290000288024,false,סנו - ז'אוול אקונומיקה בריח לימון 4 ליטר,"סנו מפעלי ברונוס בע""",IL,סנו ג'אוול לימון 4 ליטר,ליטרים,4.00,ליטר,false,,16.90,4.2250,true,1,1235351
7290000288048,false,סנו ז'אוול קצף לבנדר מרסס 1ל',קריות זול,IL,סנו ג'אוול מרסס לבנדר 1ל,ליטרים,1.00,ליטר,false,,19.90,19.9000,true,1,1235353
7290000288079,false,סנו - ז'אוול אקונומיקה לימון 2 ליטר,"סנו מפעלי ברונוס בע""",IL,סנו ג'אוול לימון 2 ליטר,ליטרים,2.00,ליטר,false,,13.90,6.9500,true,1,1235354
7290000288086,false,"סנו ז'אוול אבקת ואקונומיקה לימון 600 מ""ל",מיוצר עי קונדיטוריית,IL,ג'אוול אב.ניקוי לימון600,גרמים,600.00,100 גרם,false,,10.90,0.0182,true,1,1235355
7290000288109,false,"אבקת כביסה מקסימה אפקט ג''אוול 1.25 ק""ג סנו",סנו מפעלי ברונוס בעמ,IL,אבקת מקסימה ג'אבל 1.25קג,קילוגרמים,1.25,"ק""ג",false,,16.90,13.5200,true,1,1235356
7290000288253,false,"סנו K-400 חרקים וזבובים 630מ""ל",מיוצר עי קונדיטוריית,IL,400 קוטל חרקים/זבוב630-K,מיליליטרים,630.00,"100 מ""ל",false,,22.90,0.0363,true,1,1235357
7290000288291,false,סנומט דוחה חרקים 30 טבליות,טרופיקל דגיל תעשיות,IT,סנומט קוטל יתוש/זבוב30טב,יח',30.00,יח',false,,9.90,0.3300,true,1,1235358
7290000288352,false,"סנו K-300 חרקים ונמלים 630מ""ל","סנו מפעלי ברונוס בע""",IL,300 קוטל חרק./זוחל630מ-K,מיליליטרים,630.00,"100 מ""ל",false,,19.90,0.0316,true,1,1235360
7290000288413,false,"סנו - די רולאון דוחה יתושים 50 מ""ל",גוד פוד פרודקטס S.p,IL,"סנו די כדורי 50 מ""ל",גרמים,50.00,100 גרם,false,,19.90,0.3980,true,1,1235363
7290000288727,false,"אבקת כביסה מקסימה מאסק 1.25 ק""ג סנו",קריות זול,IL,א.כביסה מקסימה מאסק1.25ק,קילוגרמים,1.25,"ק""ג",false,,16.90,13.5200,true,1,1235368
7290000288840,false,סנו - מים מזוקקים 2 ליטר,סנו,IL,סנו מים מזוקקים 2 ליטר,ליטרים,2.00,ליטר,false,,12.90,6.4500,true,1,1235369
7290000289052,false,פוליוקס 4 ליטר סחלבים,סנו,IL,פוליויקס סחלבים 4 ליטר,ליטרים,4.00,ליטר,false,,42.90,10.7250,true,1,1235371
7290000289069,false,סנו - ז'אוול מרסס קצף ניקוי בתוספת אקונומיקה בריח לימון 1 ליטר,"סנו מפעלי ברונוס בע""",IL,סנו ג'אוול מרסס לימון 1ל,ליטרים,1.00,ליטר,false,,19.90,19.9000,true,1,1235372
7290000289236,false,K3 נמלים פיתיון ג'ל - קוטל נמלים בבית ובחצר,"סנו מפעלי ברונוס בע""",IL,סנו -K3 פיתיון ג'ל ל,גרמים,12.00,100 גרם,false,,49.90,4.1583,true,1,2150571
7290000289380,false,"סנו - ז'אוול לניקוי אסלות לימון 750 מ""ל",סנו,IL,מונבלאן750 WC ג'אוול ג'ל,מיליליטרים,750.00,"100 מ""ל",false,,10.90,0.0145,true,1,1235378
7290000289472,false,סנו סושי שקיות 76*90 50 יח' XXL,מיוצר עי קונדיטוריית,IL,50 שק.אשפה מתכלות 76*90ס,יח',50.00,יח',false,,19.90,0.3980,true,1,1235380
7290000289496,false,"סנו - ז'אוול ג'ל קרם לניקוי כללי לימון 750 מ""ל",הורביץ סחר,IL,ג'אוול ג'ל קרם לימון750מ,מיליליטרים,750.00,"100 מ""ל",false,,12.90,0.0172,true,1,1235381
7290000289595,false,"אורביטול משחת שיניים לילדים בטעם תות שדה 145 מ""ל",טרופיקל דגיל תעשיות,IL,אורביטול קיד תות 145 גרם,גרמים,145.00,100 גרם,false,,8.90,0.0614,true,1,1235383
7290000289601,false,סנו ז'אוול בריח לבנדר 2 ל',"סנו מפעלי ברונוס בע""",IL,סנו ג'אוול לבנדר 2 ליטר,ליטרים,2.00,ליטר,false,,13.90,6.9500,true,1,1277460
7290000289748,false,"סנו פורטה פלוס מסיר שומנים לתנור 750מ""ל","סנו מפעלי ברונוס בע""",IL,"סנו פורטה פלוס 750 מ""ל",מיליליטרים,750.00,"100 מ""ל",false,,16.90,0.0225,true,1,1235385
7290000289885,false,"סנו פרש ענק אושן כחול 375 מ""ל","סנו מפעלי ברונוס בע""",IL,סנופרש ענק אושן כחול375מ,מיליליטרים,375.00,"100 מ""ל",false,,9.90,0.0264,true,1,1235386
7290000289892,false,"סנו פרש ענק מאונטן טורקיז 375 מ""ל",סנו,IL,סנו פרש מאונטן טורקיז375,מיליליטרים,375.00,"100 מ""ל",false,,9.90,0.0264,true,1,1235387
7290000289915,false,"סנו פרש ענק קוקו וניל צהוב 375 מ""ל",סנו,IL,"סנופרש וניל מתוק 375 מ""ל",מיליליטרים,375.00,"100 מ""ל",false,,9.90,0.0264,true,1,1235388
7290000291857,false,סנו פוליווקס סאנרייז 2 ל',קריות זול,IL,פוליויקס סנרייז 2 ליטר,ליטרים,2.00,ליטר,false,,24.90,12.4500,true,1,1235391
7290000291932,false,"סנובון לניקוי לבנדר 750מ""ל",קריות זול,IL,סנובון נוזלי לבנדר 750מל,מיליליטרים,750.00,"100 מ""ל",false,,10.90,0.0145,true,1,1235393
7290000291956,false,סנו ז'אוול בריח לבנדר 1 ל',,,ז'אוול אקונומיקה 1 ל,ליטרים,1.00,ליטר,false,,7.90,7.9000,true,1,1235394
7290000291963,false,סנו ז'אוול סמיכה לימון 1 ל',קריות זול,IL,אקונומיקה ג'אוול סמיכה1ל,ליטרים,1.00,ליטר,false,,7.90,7.9000,true,1,1235395
7290000292007,false,K3 פיתיון ג'ל קוטל תיקנים (ג'וקים) בבית ובחצר,מיוצר עי קונדיטוריית,IL,סנו -K3 פיתיון לקטיל,גרמים,10.00,100 גרם,false,,49.90,4.9900,true,1,2089135
7290000292137,false,"סנו: נוזל ניקוי וטיפול במוצרי עור 500 מ""",מיוצר עי קונדיטוריית,IL,"סנו לניקוי עור 500 מ""ל",מיליליטרים,500.00,"100 מ""ל",false,,29.90,0.0598,true,1,1235396
7290000292311,false,סנו פוליווקס לרצפות סחלבים 2ל',"סנו מפעלי ברונוס בע""",IL,פוליויקס סחלבים 2 ליטר,ליטרים,2.00,ליטר,false,,24.90,12.4500,true,1,1235397
7290000292434,false,"שקית מילוי רהיט נוזל 500 מ""ל",סנו,IL,שקית מילוי סנו רהיט 500מ,מיליליטרים,500.00,"100 מ""ל",false,,12.90,0.0258,true,1,1235398
7290000292557,false,סנומט מלוי נוזלי דוחה יתושים 45 לילות,טרופיקל דגיל תעשיות,IT,סנומט נוזלי45לילות-מילוי,מיליליטרים,35.00,"100 מ""ל",false,,19.90,0.5686,true,1,1235402
7290000292564,false,"סנו 2000-K דוחה חרקים ללא ריח 750 מ""ל",מיוצר עי קונדיטוריית,IL,"2000 אינסקטל 750 מ""ל-K",מיליליטרים,750.00,"100 מ""ל",false,,29.90,0.0399,true,1,1235403
7290000292595,false,סופר פוליש מבריק רצפות 2 ל',סנו,IL,סנו סופר פוליש 2 ליטר,ליטרים,2.00,ליטר,false,,47.90,23.9500,true,1,1235405
7290000292687,false,סנובון לאסלה כחול אפרסק נתלה 55X3ג',מיוצר עי קונדיטוריית,IL,55גX3 סנובון כחול שלישיה,גרמים,165.00,100 גרם,false,,15.90,0.0964,true,1,1235406
7290000292694,false,מגן קריסטל לרצפה 2ליטר,סנו,IL,'מגן קריסטל לרצפה סנו 2ל,ליטרים,2.00,ליטר,false,,44.90,22.4500,true,1,1235407
7290000292915,false,"סנו רסס ונגב אקדח 750מ""ל","סנו מפעלי ברונוס בע""",IL,"סנו רסס ונגב מרסס 750מ""ל",מיליליטרים,750.00,"100 מ""ל",false,,19.90,0.0265,true,1,1235408
7290000292939,false,סנובון לאסלה כחול קל,סנו,IL,אקווה בלו למיכל אסלה100ג,גרמים,100.00,100 גרם,false,,12.90,0.1290,true,1,1235409
7290000293516,false,מתקן סופג לחות 340 ג,"סנו מפעלי ברונוס בע""",IL,סנו סופג לחות במיכל 340ג,יח',1.00,יח',false,,27.90,27.9000,true,1,1235411
7290000293530,false,סופג לחות שקית מילוי,קריות זול,IL,סנו סופג לחות ש.מילוי340,מיליליטרים,340.00,"100 מ""ל",false,,14.90,0.0438,true,1,1235412
7290000293561,false,"סנו מסיר עובש 750 מ""ל","סנו מפעלי ברונוס בע""",IL,"סנו מסיר עובש 750 מ""ל",מיליליטרים,750.00,"100 מ""ל",false,,15.90,0.0212,true,1,1235413
7290000293820,false,"קרמה מן שמפו וג'ל גל רחצה אקטיב בלוק 700מ""ל",קוסמופארם בעמ,IL,קרמה מן ג'ל רחצה אקט,מיליליטרים,700.00,"100 מ""ל",false,,18.90,0.0270,true,1,1796391
7290000293943,false,סנו אנטי קאלק מסיר אבנית וחלודה 1ל',מיוצר עי קונדיטוריית,IL,'סנו אנטי קאלק מרסס 1 ל,ליטרים,1.00,ליטר,false,,18.90,18.9000,true,1,1235415
7290000294391,false,סנו ג'ט יכול הכל סחלבים 4 ל',סנו,IL,סנו ג'ט נ.כללי שחלבים 4ל,ליטרים,4.00,ליטר,false,,22.90,5.7250,true,1,1235416
7290000294414,false,סנו מוד מבשם אויר מרכז,סנו,IL,סנומוד נטול גז מדונה150מ,מיליליטרים,150.00,"100 מ""ל",false,,10.90,0.0727,true,1,1235417
7290000294575,false,סנו סושי רב מגבת 63 דפים בגליל,סנו,IL,רב מגבת סנו סושי 63 דפים,יח',63.00,יח',false,,12.90,0.2048,true,1,1235420
7290000294773,false,סנו ז'אוול 4ליטר מונטבלאן קול,"סנו מפעלי ברונוס בע""",IL,סנו ג'אוול לבנדר 4 ליטר,ליטרים,4.00,ליטר,false,,16.90,4.2250,true,1,1235421
7290000294780,false,סנו - ז'אוול אקונומיקה סמיכה מבושמת 4 ליטר,"סנו מפעלי ברונוס בע""",IL,סנו ג'אול אקונומ.סמיכה4ל,ליטרים,4.00,ליטר,false,,16.90,4.2250,true,1,1235422
7290000295121,false,מטליות זיגזג סנו סושי לניקוי רצפות 3יח',קריות זול,IL,מטליות זיגזג 3 יחידות,יח',3.00,יח',false,,13.90,4.6333,true,1,1235424
7290000295299,false,כרית קרצוף יפניות סנו סושי 4 יח',סנו מפעלי ברונו בעמ,IL,כריות הפלא 4 יח סנו סושי,יח',4.00,יח',false,,10.90,2.7250,true,1,1235425
7290000295336,false,"סנו - מקסימה אבקת כביסה סנסטיב 1.25 ק""ג",סנו מפעלי ברונוס בעמ,IL,אבקת מקסימה סנסטיב 1.25ק,קילוגרמים,1.25,"ק""ג",false,,16.90,13.5200,true,1,1235427
7290000295343,false,"אבקת כביסה מקסימה ביו 1.25 ק""ג סנו",קריות זול,IL,"אבקת מקסימה ביו 1.25 ק""ג",קילוגרמים,1.25,"ק""ג",false,,16.90,13.5200,true,1,1235428
7290000295367,false,"מקסימה ז'אוול 2.5ק""ג אבקת כביסה מרכז",הורביץ סחר,IL,אבקת מקסימה ג'אוול 2.5קג,קילוגרמים,2.50,"ק""ג",false,,21.90,8.7600,true,1,1235429
7290000295404,false,סנו סושי שקית אשפה חזקות 70*50 60 יח',מיוצר עי קונדיטוריית,IL,שקיות אשפה 60יחידות,יח',60.00,יח',false,,22.90,0.3817,true,1,1235430
7290000295503,false,סנו סושי שקיות אוכל מתכלות זוג *150 יח',אשפלסט תעשיות,CN,שקיות אוכל 2*150 יחידות,יח',300.00,יח',false,,14.90,0.0497,true,1,1235432
7290000295541,false,סנו רב מגבת גמבו 75 דפים בגליל,מיוצר עי קונדיטוריית,IL,סנו סושי 75רב מגבת ג'מבו,יח',75.00,יח',false,,17.90,0.2387,true,1,1235433
7290000295558,false,רדיד אלומיניום סנו סושי זוגי 30X7.5מ',מולינו ניקולי s.p.a,CN,2רדידי אלומיניום7.5*0.3מ,מטרים,15.00,מטר,false,,14.90,0.9933,true,1,1235434
7290000295565,false,רדיד אלומיניום סנו סושי זוגי 45X7.5מ',בורסה פזרי,IL,7.5Xצמד רדיד אלומניום45ס,מטרים,15.00,מטר,false,,16.90,1.1267,true,1,1235435
7290000295572,false,"סנו מנקה אסלות 00 זוג * 750 מ""ל",מיוצר עי קונדיטוריית,IL,"מנקה אסלות ""00"" 2*750מל",ליטרים,1.50,ליטר,false,,18.90,12.6000,true,1,1235436
7290000295749,false,ספוג כייף סאקי מסאז 1יח',גוד פוד פרודקטס S.p,IL,ספוג כיף סאקי מסאז' 1 יח,יח',1.00,יח',false,,7.90,7.9000,true,1,1235438
7290000295794,false,כרית מתכת סנו סושי אל חלד 3יח',,,ספוגית מתכת רב שימוש,יח',3.00,יח',false,,9.90,3.3000,true,1,1235439
7290000295817,false,סנו סושי ניילון נצמד 300 מ',FV.HK,CN,ניילון נצמד סנו סושי300מ,מטרים,300.00,מטר,false,,44.90,0.1497,true,1,1235440
7290000295824,false,סנו סושי רדיד אלומיניום 100 מ',מולינו ניקולי s.p.a,IL,100מXסושי אלומ.חסכונ0.3,מטרים,100.00,מטר,false,,55.90,0.5590,true,1,1235441
7290000299877,false,קרם טיפולי לכף הרגל מעושר באלוורה,,,קרם לכפות רגליים,מיליליטרים,90.00,"100 מ""ל",false,,22.90,0.2544,true,1,1265103
7290000300900,false,טבעול שניצל תירס 8*750גרם רכיבים טבעיים,עיצובים 2020 (4.8),IL,טבעול שניצל תירס מרכיבים,גרמים,750.00,100 גרם,false,,29.90,0.0399,true,1,1223331
7290000303581,false,פול מצרי A-2 פרי הגליל 560ג',"פרי הגליל בע""""מ",IL,פול מצרי א -2פג,גרמים,560.00,100 גרם,false,,6.50,0.0116,true,1,1261068
7290000303598,false,שעועית אפוייה A2 פרי גליל 570 ג',"פרי הגליל בע""""מ",IL,שע .ברוטב א -2אגודה,גרמים,580.00,100 גרם,false,,6.50,0.0112,true,1,1261069
7290000303604,false,חומוס גרגירים A2 פרי גליל 550ג',"פרי הגליל בע""""מ",IL,חומוס א -2אגודה פג,גרמים,550.00,100 גרם,false,,6.50,0.0118,true,1,1261070
7290000305882,false,יונה אס דגים עם ירק ברוטב 120ג,סטארקיסט פודור בעמ,TR,סלט דגים אס 120 גרם,גרמים,120.00,100 גרם,false,,5.90,0.0492,true,1,1224577
7290000307046,false,אפונה גינה וגזר 550 ג' פרי הגליל,"פרי הגליל בע""""מ",IL,אפונה וגזר א -2פג,גרמים,550.00,100 גרם,false,,6.90,0.0125,true,1,1261072
7290000307220,false,גרעיני תירס מתוק בוואקום פרי גליל 340ג',"פרי הגליל בע""""מ",IL,תירס 12אונק פג,גרמים,340.00,100 גרם,false,,4.90,0.0144,true,1,1261073
7290000307237,false,גרעיני תירס מתוק 550 ג' פרי הגליל,"פרי הגליל בע""""מ",IL,תירס א -2פג,גרמים,550.00,100 גרם,false,,6.90,0.0125,true,1,1261074
7290000307343,false,שעועית ירוקה חתוכה A2 פרי גליל 550ג',"פרי הגליל בע""""מ",IL,שע ירוקה א -2פג,גרמים,550.00,100 גרם,false,,6.90,0.0125,true,1,1261079
7290000307800,false,פול ירוק 800 ג' פרי הגליל,"פרי הגליל בע""""מ",IL,פול 800פג,גרמים,800.00,100 גרם,false,,19.90,0.0249,true,1,1261080
7290000307985,false,גרעיני תירס מתוק 340 ג' פרי הגליל,"פרי הגליל בע""""מ",IL,תירס 12אונק ל מלח פג,גרמים,340.00,100 גרם,false,,4.90,0.0144,true,1,1261081
7290000311203,false,וופלים מן שוקולד 200 גר,תות ממתקי איכות,IL,ופלים 200 גר' שוקו,גרמים,200.00,100 גרם,false,,4.30,0.0215,true,1,1251368
7290000311210,false,וופלים מאן לימון 200 גר,רוקחמן,IL,ופלים 200 גר' לימון,גרמים,200.00,100 גרם,false,,4.30,0.0215,true,1,1251369
7290000311227,false,וופלים מן 200 גר קפה,רוקחמן,IL,ופלים 200 גר' קפה,גרמים,200.00,100 גרם,false,,4.30,0.0215,true,1,1251370
7290000311234,false,וופל בטעם וניל 200 ג,רוקחמן,IL,ופלים 200 גר' וניל,גרמים,200.00,100 גרם,false,,4.30,0.0215,true,1,1251371
7290000311357,false,מאגדת מן אגוזים עשיריה 20* 10,רוקחמן,IL,אגוזית-עשיריה,גרמים,280.00,100 גרם,false,,9.90,0.0354,true,1,1251377
7290000311432,false,עוגיות גרנולה קינמון ללא תוספת סוכר 200ג,רוקחמן,IL,עוגיות גרנולה בטעם ק,גרמים,200.00,100 גרם,false,,8.90,0.0445,true,1,2214063
7290000311463,false,"עוגיות חיטה מלאה בטעם חמאה 200 גר' לל""ס",רוקחמן,IL,עוגיות חיטה בטעם חמא,גרמים,200.00,100 גרם,false,,8.90,0.0445,true,1,2202163
7290000311470,false,וופל מיני ללא סוכרבטעם שוקולד 200 גר',רוקחמן,IL,מיני ופלים בטעם שוקו,גרמים,200.00,100 גרם,false,,8.90,0.0445,true,1,2280402
7290000311487,false,מאגדת וופל שוקולד מקמח מלא ללא סוכר 20 ג'*7 יח' מן,רוקחמן,IL,וופל אישי ללא תוספת,יח',16.00,יח',false,,7.90,0.4938,true,1,2280409
7290000311784,false,ופל פרימיום - שוקולד מריר 200 גרם מן,,,ופל קקאו בטעם שוקולד,גרמים,200.00,100 גרם,false,,6.90,0.0345,true,1,2280414
7290000311791,false,ופל פרימיום - וניל 200 גרם מן,,,ופל קקאו בטעם וניל,גרמים,200.00,100 גרם,false,,6.90,0.0345,true,1,2280415
7290000311807,false,ופל פרימיום - אגוזי לוז 200 גרם מן,,,ופל קרם אגוזים,גרמים,200.00,100 גרם,false,,6.90,0.0345,true,1,2280416
7290000311845,false,עוגיות קמח מלא ללא תוספת סוכר מן 200ג,רוקחמן,IL,עוגיות חיטה מלאה ללא,גרמים,200.00,100 גרם,false,,8.90,0.0445,true,1,1334641
7290000311869,false,מן-וופלים בטעם שוק ללא תוספת סוכר 180ג,תות ממתקי איכות,IL,וופלים ללא תוספת סוכ,גרמים,180.00,100 גרם,false,,7.90,0.0439,true,1,1334642
7290000311876,false,מן-וופלים בטעם וניל ללא תוספת סוכר 180ג,רוקחמן,IL,וופלים ללא תוספת סוכ,גרמים,180.00,100 גרם,false,,7.90,0.0439,true,1,1334643
7290000311883,false,"עוגיות גרנולה לל""ס גרנולה 200 גרם",תות ממתקי איכות,IL,עוגיות גרנולה ללא תו,גרמים,200.00,100 גרם,false,,8.90,0.0445,true,1,1334644
7290000311890,false,ופל בטעם לימון ללא סוכר 180 גר',"רוקחמן בע""מ",IL,וופלים ללא תוספת סוכ,גרמים,180.00,100 גרם,false,,7.90,0.0439,true,1,2179441
7290000313160,false,עוגיות חברים זהבה ו-3 הדובים שוקו' אסם 250 גר',היינץ צפון אמריקה מק,IL,אסם עוגיות שוקולד זהבה וש,גרמים,250.00,100 גרם,false,,7.90,0.0316,true,1,1223338
7290000313184,false,עוגיות חברים גן חיות וניל אסם 250 גר',הגביע מוצרי וופלים ב,IL,אסם עוגיות גן חיות וניל 2,גרמים,250.00,100 גרם,false,,7.90,0.0316,true,1,1223339
7290000313290,false,אסם נודלס נודלס אטריות מסולסלות 200גר,תאי פרזידנט פוד בנגק,TH,אסם נודלס אטריות מסולסלות,גרמים,200.00,100 גרם,false,,9.90,0.0495,true,1,1223341
7290000315126,false,קנור ציר עוף משפחתי,יוניליוור ישראל מזון,IL,קנור בויון עוף 300 גרם,גרמים,300.00,100 גרם,false,,24.90,0.0830,true,1,1255550
7290000315133,false,קנור ציר בקר משפחתי,יוניליוור ישראל מזון,IL,קנור בויון בקר 300 גרם,גרמים,300.00,100 גרם,false,,24.90,0.0830,true,1,1255551
7290000318103,false,פסטרמה -ברביקיו יחיע,מעדני יחיעם,IL,פסטרמה ברבקיו ק'ג,קילוגרמים,1.00,"ק""ג",true,,85.00,85.0000,true,1,1257310
7290000318127,false,נקניקיות ביס 380 ג' יחיעם,מעדני יחיעם 1993,IL,נק' ביס 380גרם,גרמים,380.00,100 גרם,false,,9.90,0.0261,true,1,1257311
7290000318165,false,פסטרמה אמיתית צלויה,מעדני יחיעם,IL,פסט.אמיתית צלויה על גחלים,קילוגרמים,1.00,"ק""ג",true,,85.00,85.0000,true,1,1257312
7290000318189,false,פסטרמה ברביקיו על האש 300 ג' יחיעם,מעדני יחיעם,IL,עמק מאפ 330,גרמים,300.00,100 גרם,false,,24.90,0.0830,true,1,2272182
7290000318349,false,פסטרמה בסגנון איטלק,מעדני יחיעם,IL,פסט.אמיתית צלויה על גחלים,קילוגרמים,1.00,"ק""ג",true,,85.00,85.0000,true,1,1410553
7290000318479,false,פרושטו בקר יחיעם 100,תאי פרזידנט פוד פאבל,IL,פרושוטו בקר 100גרם,גרמים,100.00,100 גרם,false,,24.90,0.2490,true,1,1257318
7290000318493,false,כתףבקר מפולפליחיעם מ,מעדני יחיעם,IL,כתף בקר מפולפל ק'ג,קילוגרמים,1.00,"ק""ג",true,,139.00,139.0000,true,1,1257319
7290000318530,false,צלי בקר רוסטביף יחיע,מעדני יחיעם,IL,רוסטביף-צלי בקר ק'ג,קילוגרמים,1.00,"ק""ג",true,,150.00,150.0000,true,1,1257321
7290000318677,false,סלמי סרוולט 150 ג' יחיעם,מעדני יחיעם 1993,IL,סרוולד 150,גרמים,150.00,100 גרם,false,,22.90,0.1527,true,1,1257323
7290000318707,false,סלמי מעושן 500 ג' יחיעם,מעדני יחיעם 1993,IL,סלמי מעושן 500גרם,גרמים,500.00,100 גרם,false,,29.90,0.0598,true,1,1257325
7290000318745,false,סלמי תה יחיעם 400 ג',מעדני יחיעם,IL,סלמי פיין 400גרם,גרמים,400.00,100 גרם,false,,15.90,0.0398,true,1,1257326
7290000318806,false,סלמי סרוולט מעדנ.יחי,מעדני יחיעם,IL,נקניק סרוולד .. ק'ג,קילוגרמים,1.00,"ק""ג",true,,150.00,150.0000,true,1,1257328
7290000318837,false,קורנדביףבקר מעדנ.יחי,מעדני יחיעם,IL,קורנביף ק'ג,קילוגרמים,1.00,"ק""ג",true,,150.00,150.0000,true,1,1257330
7290000318882,false,נקניק מעושן איטלקי י,מעדני יחיעם,IL,מעושן איטלקי .. ק'ג,קילוגרמים,1.00,"ק""ג",true,,80.00,80.0000,true,1,1257331
7290000318929,false,סלמי צרפתי יחיעם מעד,מעדני יחיעם,IL,סלמי צרפתי .... ק'ג,קילוגרמים,1.00,"ק""ג",true,,150.00,150.0000,true,1,1257333
7290000319292,false,"נקניקיות וינר 1 ק""ג יחיעם",,,נקניקיות וניר פלוס 1,גרמים,1000.00,100 גרם,false,,19.90,0.0199,true,1,1302717
7290000319339,false,סלמי פרח יחיעם,מעדני יחיעם,IL,סלמי פרח למעדניה,קילוגרמים,1.00,"ק""ג",true,,89.00,89.0000,true,1,1257342
7290000319391,false,"נקנקיות צ'ופר 1 ק""ג יחיעם",,,נקניקיות צ'ופר 1 קג,גרמים,1000.00,100 גרם,false,,19.90,0.0199,true,1,1302708
7290000319520,false,סלמי בסגנון צרפתי 10,מעדני יחיעם 1993,IL,צרפתי 100גרם- H,גרמים,100.00,100 גרם,false,,16.90,0.1690,true,1,1257349
7290000319704,false,נקניק כתף בקר מעושן,מעדני יחיעם,IL,כתף בקר מעושן ק'ג,קילוגרמים,1.00,"ק""ג",true,,139.00,139.0000,true,1,1257357
7290000319728,false,סלמי איטלקי מפולפל י,מעדני יחיעם,IL,איטלקי מפולפל . ק'ג,קילוגרמים,1.00,"ק""ג",true,,80.00,80.0000,true,1,1257358
7290000319759,false,סלמי תה יחיעם מעדניה,מעדני יחיעם,IL,סלמי תה קג',קילוגרמים,1.00,"ק""ג",true,,55.00,55.0000,true,1,1257359
7290000319803,false,קבנוס קלאסי 125 ג' יחיעם,תאי פרזידנט פוד פאבל,IL,קבנוס קלאסי 125 גרם,גרמים,125.00,100 גרם,false,,12.90,0.1032,true,1,1302738
7290000319834,false,קבנוס פפרוני 125 ג' יחיעם,תאי פרזידנט פוד פאבל,IL,קבנוס פפרוני 125 גרם,גרמים,125.00,100 גרם,false,,12.90,0.1032,true,1,1302739
7290000327020,false,"מארז פפסי פחית צרה 330 מ""ל*6 יח'",מודרן גרופ משקאות בע,IL,"פפסי פחית צרה 330 מ""",ליטרים,1.98,ליטר,false,,19.90,10.0505,true,1,2253487
7290000327037,false,"מארז מירינדה פחית צרה 330 מ""ל*6 יח'",מודרן גרופ משקאות בע,IL,מירינדה פחית צרה 330,ליטרים,1.98,ליטר,false,,19.90,10.0505,true,1,2253488
7290000327044,false,"מארז סבן אפ פחית צרה 330 מ""ל*6 יח'",מודרן גרופ משקאות בע,IL,סבן אפ פחית צרה 330,ליטרים,1.98,ליטר,false,,19.90,10.0505,true,1,2253489
7290000327051,false,"שישיית סודה בטעם אננס *500 מ""ל טמפו",טמפו,IL,סודה בטעם אננס 500 מ,ליטרים,3.00,ליטר,false,,14.90,4.9667,true,1,2253378
7290000327075,false,"שישיית סודה בטעם למון ליים *500 מ""ל טמפו",טמפו,IL,סודה בטעם למון ליים,ליטרים,3.00,ליטר,false,,14.90,4.9667,true,1,2253379
7290000334684,false,טבעות בצל 700 ג' תפוגן,"תעשיות תפוגן בע""מ",IL,תפוגן טבעות בצל 700 גרם,גרמים,700.00,100 גרם,false,,14.90,0.0213,true,1,1223348
7290000336282,false,"סיידר תפוח צלול בבקבוק 330 מ""ל",טמפו משקאות בעמ,IL,"סיידר צלול 330 מ""ל",מיליליטרים,330.00,"100 מ""ל",false,,7.50,0.0227,true,1,1239476
7290000341071,false,בדין - מרכך כביסה בייבי לבן 2 ליטר,יוניליוור ישראל טיפו,IL,Badin Std Liquid Baby 2L,ליטרים,2.00,ליטר,false,,18.90,9.4500,true,1,1255590
7290000345048,false,תה ויסוצקי 74 - 125ג',HIQ FOOD PRODUCTS,IL,תה 74,גרמים,125.00,100 גרם,false,,11.90,0.0952,true,1,1253762
7290000345055,false,תה ויסוצקי ארל גריי 100 ג',מולינו ניקולי s.p.a,IL,ארל גריי,גרמים,100.00,100 גרם,false,,12.90,0.1290,true,1,1253763
7290000345116,false,תה ירוק ויסוצקי 125ג,תה ויסוצקי,IL,תה ירוק,גרמים,125.00,100 גרם,false,,12.90,0.1032,true,1,1253764
7290000345208,false,תה ויסוצקי קלאסיק מעודן 25X1.0יח',קריות זול,IL,תה ויסוצקי קלאסי 25/1,גרמים,25.00,100 גרם,false,,5.90,0.2360,true,1,1253766
7290000345215,false,תה ויסוצקי קלאסיק 100/1 כחול מעודן,מולינו ניקולי s.p.a,IL,תה ויסוצקי קלאסי 100/1,גרמים,100.00,100 גרם,false,,19.90,0.1990,true,1,1253767
7290000345260,false,תה ויסוצקי קלאסיק 25X1.50יח',מולינו ניקולי s.p.a,IL,תה ויסוצקי קלאסי 25/1.5,גרמים,37.50,100 גרם,false,,5.90,0.1573,true,1,1253768
7290000345277,false,תה ויסוצקי קלאסיק 50,מולינו ניקולי s.p.a,IL,תה ויסוצקי קלאסי 50/1.5,גרמים,75.00,100 גרם,false,,11.90,0.1587,true,1,1253769
7290000345284,false,תה ויסוצקי קלאסיק טעם עשיר 100/1.5יח',מולינו ניקולי s.p.a,IL,תה ויסוצקי קלאסי 100/1.5,גרמים,150.00,100 גרם,false,,17.90,0.1193,true,1,1253770
7290000345291,false,תה ארל גריי 25 שקיקים ויסוצקי,קריות זול,IL,ארל גריי 25,גרמים,37.50,100 גרם,false,,13.90,0.3707,true,1,1253771
7290000345307,false,תה ארל גריי 50 שקיקים ויסוצקי,מולינו ניקולי s.p.a,IL,ארל גריי 50,גרמים,75.00,100 גרם,false,,24.90,0.3320,true,1,1253772
7290000345536,false,תה נענע 25 שקיקים *1.5 ג',מולינו ניקולי s.p.a,IL,תה נענע,גרמים,42.50,100 גרם,false,,15.90,0.3741,true,1,1253773
7290000345666,false,תה אינגליש ברפקסט 50 ג',ויסוצקי,IL,אינגליש ברקפסט,גרמים,50.00,100 גרם,false,,13.90,0.2780,true,1,1253777
7290000346021,false,תה הגן הקסום קמומיל 50יח',בית ויסוצקי,IL,חליטת קמומיל 50,גרמים,75.00,100 גרם,false,,29.90,0.3987,true,1,1253778
7290000346120,false,תה ויסוצקי חליטת קסם הקינמון 25יח',קריות זול,IL,חליטת קסם הקינמון,גרמים,62.50,100 גרם,false,,16.90,0.2704,true,1,1253779
7290000346137,false,תה הגן הקסום הילולי פירות 25 שקיקים,קריות זול,IL,חליטת הילולי פירות,גרמים,62.50,100 גרם,false,,16.90,0.2704,true,1,1253780
7290000346144,false,תה הגן הקסום תה עינוגי תפוח 25 יח',HIQ FOOD PRODUCTS,IL,חליטת עינוגי תפוח,גרמים,67.50,100 גרם,false,,16.90,0.2504,true,1,1253781
7290000346168,false,תה ויסוצקי חליטת שומר הגן הקסום 25יח',קריות זול,IL,חליטת שומר,גרמים,37.50,100 גרם,false,,16.90,0.4507,true,1,1253783
7290000346199,false,תה הגן הקסום תה פירות יער 25 יח',קריות זול,IL,חליטת פירות יער,גרמים,67.50,100 גרם,false,,16.90,0.2504,true,1,1253784
7290000346205,false,תה הגן הקסום תה קמומיל 25 יח',קריות זול,IL,חליטת קמומיל,גרמים,37.50,100 גרם,false,,16.90,0.4507,true,1,1253785
7290000346212,false,תה מנטה הגן הקסום 25 שקיקים,HIQ FOOD PRODUCTS,IL,חליטת מנטה,גרמים,50.00,100 גרם,false,,16.90,0.3380,true,1,1253786
7290000346229,false,תה הגן הקסום ורד הבר והיביסקוס 25יח',ויסוצקי,IL,חליטת ורד הבר והיביסקוס,גרמים,75.00,100 גרם,false,,16.90,0.2253,true,1,1253787
7290000346236,false,תה הגן הקסום לואיזה ורבנה 25יח',ויסוצקי,IL,חליטת לואיזה,גרמים,50.00,100 גרם,false,,16.90,0.3380,true,1,1253788
7290000346960,false,תה ויסוצקי נענע 1.7 גרם 50יח',בית ויסוצקי,IL,תה נענע,גרמים,85.00,100 גרם,false,,25.90,0.3047,true,1,1253790
7290000347202,false,תה בתפזורת תה ויסוצק,,,תה בתפזורת תה ויסוצק,קילוגרמים,1.00,"ק""ג",false,,32.90,32.9000,true,1,1253791
7290000347738,false,תה ירוק נענע 25 שקיקים 1.5 גרם,קריות זול,IL,תה ירוק נענע,גרמים,37.50,100 גרם,false,,22.90,0.6107,true,1,1253793
7290000347752,false,תה ירוק לימונית ולואיזה 25 שקיקים *1.5 ג'' ויסוצקי,קריות זול,IL,תה ירוק לימונית ולואיזה,גרמים,37.50,100 גרם,false,,22.90,0.6107,true,1,1253795
7290000355382,false,עגבניות מרוסק' ובזלי' A2.5 טל וטרי 800ג',"מילוז(1989)בע""""מ",IL,עגב.מרוסקות בזיל. א- 2.5ט,גרמים,800.00,100 גרם,false,,6.90,0.0086,true,1,1261086
7290000355405,false,עגבניות מרוסקות עם בצל 800ג',"מילוז(1989)בע""""מ",IL,עגב.מרוסקות בצל א- 2.5טל,גרמים,800.00,100 גרם,false,,6.90,0.0086,true,1,1261088
7290000355481,false,רסק עגבניות BX22 טומטו 600ג' A2,"מילוז(1989)בע""""מ",IL,רוטב עגב. א- BX22 2טומטו,גרמים,570.00,100 גרם,false,,4.90,0.0086,true,1,1261090
7290000355498,false,רוטב עגבניות A2 BX28 טומטו 580ג',"מילוז(1989)בע""""מ",IL,רוטב עגב. א- BX28 2טומטו,גרמים,580.00,100 גרם,false,,5.90,0.0102,true,1,1261091
7290000355757,false,עגבניות מרוסקות 800 ג' טל,"מילוז(1989)בע""""מ",IL,עגב.מרוסקות א- 2.5טל,גרמים,800.00,100 גרם,false,,6.90,0.0086,true,1,1261096
7290000363011,false,סלמי קוניאק טירת צבי,הנסיך- מפעל לייצור ט,IL,סלמי קוניאק במשקל טירת צב,קילוגרמים,1.00,"ק""ג",true,,80.00,80.0000,true,1,1254912
7290000363202,false,סלמי גליל טירת צבי 700 ג',הנסיך- מפעל לייצור ט,IL,נקניק גליל 700 גרם טירת צ,גרמים,600.00,100 גרם,false,,28.90,0.0482,true,1,1254914
7290000363363,false,קבנוס מיוחד טירת צבי,הנסיך- מפעל לייצור ט,IL,קבנוס מיוחד 160 גרם טירת,גרמים,160.00,100 גרם,false,,12.90,0.0806,true,1,1254916
7290000363400,false,סלמי פפרוני טירת צבי,הנסיך- מפעל לייצור ט,IL,"סלמי פפרוני ק""ג",קילוגרמים,1.00,"ק""ג",true,,80.00,80.0000,true,1,1283193
7290000363462,false,סלמי מעושן איטלקי טי,טירת צבי,IL,סלמי איטלקי מעושן במשקל,קילוגרמים,1.00,"ק""ג",true,,80.00,80.0000,true,1,1254917
7290000363486,false,נקניק תה טירת צבי מע,טירת צבי,IL,נקניק תה במשקל טירת צבי,קילוגרמים,1.00,"ק""ג",true,,60.00,60.0000,true,1,1254918
7290000363899,false,נקניקיות פיקנטיות טירת צבי 400 גר',טירת- צבי,IL,נקניקיות פיקנטיות 400 גרם,גרמים,400.00,100 גרם,false,,14.90,0.0373,true,1,1254919
7290000364261,false,דקניקים סלסולי כתף בקר 120 ג' טירת צבי,הנסיך- מפעל לייצור ט,IL,סלסולי כתף בקר 120גר' טיר,גרמים,120.00,100 גרם,false,,14.90,0.1242,true,1,1254921
7290000364278,false,דקניקים סילסולי סלמי איטלקי 120 ג' טירת צבי,הנסיך- מפעל לייצור ט,IL,סלסולי סלמי איטלקי משובח,גרמים,120.00,100 גרם,false,,14.90,0.1242,true,1,1254922
7290000364285,false,דקניקים סלסולי פסטרמה הודו 120 ג' טירת צבי,הנסיך- מפעל לייצור ט,IL,סלסולי פסטרמה הודו 120גר,גרמים,120.00,100 גרם,false,,14.90,0.1242,true,1,1254923
7290000364292,false,דקניקים סלסולי פסטרמה הודו על גחלים 120 ג' טירת צבי,הנסיך- מפעל לייצור ט,IL,סלסולי גחלים 120גר' טירת,גרמים,120.00,100 גרם,false,,14.90,0.1242,true,1,1254924
7290000364544,false,נקניק פסטרמה עוף בגר,טירת צבי,IL,"פסטרמה עוף בגריל ק""ג",קילוגרמים,1.00,"ק""ג",true,,85.00,85.0000,true,1,1254926
7290000364759,false,נקניקיות וינר קרנץ טירת צבי 500 ג',הנסיך- מפעל לייצור ט,IL,נקנ' וינר קרנץ 500 גר',גרמים,500.00,100 גרם,false,,18.90,0.0378,true,1,1254927
7290000364803,false,נקניקיות קרנץ אמריקאי טירת צבי 500 ג',הנסיך- מפעל לייצור ט,IL,נקניקיות בקר בסגנון אמרי,גרמים,500.00,100 גרם,false,,24.90,0.0498,true,1,1254929
7290000364810,false,נקנקיות עגל טירת צבי 500 ג',הנסיך- מפעל לייצור ט,IL,נקניקיות עגל 500 גרם טירת,גרמים,500.00,100 גרם,false,,24.90,0.0498,true,1,1254930
7290000364872,false,נקניקיות עוף טירת צבי 400 ג',טיב טירת צבי 2000,IL,נקניקיות עוף 400 גרם טירת,גרמים,400.00,100 גרם,false,,10.90,0.0273,true,1,1254932
7290000364957,false,נקנקיות מיני - מיני עוף טירת צבי 700 ג',הנסיך- מפעל לייצור ט,IL,נקניקיות מיני מיני עוף 70,גרמים,700.00,100 גרם,false,,24.90,0.0356,true,1,1254933
7290000365046,false,פסטרמה כתף בקר מעושן,טירת צבי,IL,"כתף מעושן ק""ג",קילוגרמים,1.00,"ק""ג",true,,110.00,110.0000,true,1,1254934
7290000365107,false,כתף בקר מפולפל במשקל,טירת צבי,IL,כתף מפולפל במשקל טירת צבי,קילוגרמים,1.00,"ק""ג",true,,110.00,110.0000,true,1,1254936
7290000365398,false,פסטרמה חזה הודו בדבש,טירת צבי,IL,חזה הודו בדבש במשקל טירת,קילוגרמים,1.00,"ק""ג",true,,85.00,85.0000,true,1,1254940
7290000365749,false,נקניק פסטרמה 2 טבעית,טירת צבי,IL,פסטרמה הודו דלת שומן טירת,קילוגרמים,1.00,"ק""ג",true,,85.00,85.0000,true,1,1254941
7290000365756,false,נקניק פסטרמה ברביקיו,טירת צבי,IL,פסטרמה גחלים דלת שומן טיר,קילוגרמים,1.00,"ק""ג",true,,85.00,85.0000,true,1,1254942
7290000365909,false,פסטרמה הודו מעושנת ט,טירת צבי,IL,פסטרמה הודו מעושנת במשקל,קילוגרמים,1.00,"ק""ג",true,,85.00,85.0000,true,1,1254946
7290000365954,false,פסטרמה הודו גחלים טי,טירת צבי,IL,פסטרמה גחלים במשקל טירת צ,קילוגרמים,1.00,"ק""ג",true,,85.00,85.0000,true,1,1254947
7290000365978,false,פסטרמה בציפוי שום וצ,טירת צבי,IL,פסטרמה בציפוי שום וצ'ילי,קילוגרמים,1.00,"ק""ג",true,,85.00,85.0000,true,1,1254948
7290000367590,false,צמד כפרי סלמי+פסטרמה 800 גרם טירת צבי,טיב טירת צבי 2000,IL,צמד כפרי 800 גרם טירת צבי,גרמים,800.00,100 גרם,false,,27.90,0.0349,true,1,1254949
7290000369037,false,סלט קוביות בולגרית 200 ג' ניצן,נטורל קייקס,IL,סלט קוביות בולגרית 2,גרמים,200.00,100 גרם,false,,14.90,0.0745,true,1,2115841
7290000369297,false,מעדן עגבניות מיובשות,יושלם,,מעדן גבינת שמנת מתוב,קילוגרמים,1.00,"ק""ג",true,,45.90,45.9000,true,1,2216157
7290000369341,false,לאבנה אבו גוש ניצן מ,יושלם,,לבנה אבו גוש,קילוגרמים,1.00,"ק""ג",true,,50.00,50.0000,true,1,2125457
7290000369365,false,גבינה בולגרית למריחה,"ניצן מותגי מזון בע""מ",,מעדן חציל וגבינה בול,גרמים,200.00,100 גרם,false,,12.90,0.0645,true,1,2115802
7290000369617,false,כדורי מעדן גבינה בשמן 225 ג' ניצן,"ניצן מותגי מזון בע""מ",IL,כדורי פטה 150 גרם,גרמים,150.00,100 גרם,false,,16.90,0.1127,true,1,2115842
7290000369709,false,ממרח חמאה בטעם שום 1,"ניצן מותגי מזון בע""מ",,ממרח חמאה 100 גרם,גרמים,100.00,100 גרם,false,,12.90,0.1290,true,1,2115803
7290000377209,false,בוטנים מטוגנים קליית,"ג'י אנד ג'י בע""מ",IL,בוטן מטוגן בשקית,גרמים,200.00,100 גרם,false,,7.90,0.0395,true,1,1241687
7290000377445,false,נש צאנס קלית גת 200 גר',"ג'י אנד ג'י בע""מ",IL,פיצוחים נש צ'אנס.,גרמים,200.00,100 גרם,false,,8.90,0.0445,true,1,1241688
7290000377452,false,גרעיני אבטיח קלית גת 200 ג',הדקלאים אגודת שיתופי,IL,גרעיני אבטיח,גרמים,200.00,100 גרם,false,,13.90,0.0695,true,1,1241689
7290000408316,false,דנונה ביו יוגורט טבעי 3% 200 ג',מיוצר עי קונדיטוריית,IL,"דנונה ביו טבעי 3%, 200 גר",גרמים,200.00,100 גרם,false,,3.60,0.0180,true,1,1256155
7290000408354,false,יוגורט עם אורז מצופה שוקולד קקאו 175 ג' דנונה,"שטראוס בריאות בע""מ",IL,בר פיצפוצים בודד – מקט הח,גרמים,173.00,100 גרם,false,,4.80,0.0277,true,1,1256156
7290000412139,false,ריצפז 3ליטר-ירוק מרכז,סנו,IL,ריצפז אורנים 3 ליטר,ליטרים,3.00,ליטר,false,,15.90,5.3000,true,1,1235444
7290000412481,false,סנו - מנקה אסלות 00 1 ליטר,מיוצר עי קונדיטוריית,IL,"מנקה אסלות ""00"" 1 ליטר",ליטרים,1.00,ליטר,false,,7.90,7.9000,true,1,1235446
7290000412764,false,"פזטוקס מעופפים 630 מ""ל",קריות זול,,קוטל יתושים פזטוקס,מיליליטרים,630.00,"100 מ""ל",false,,16.90,0.0268,true,1,1235447
7290000416021,false,ממרח שוקולד השחר חלבי 500 גר',השחר העולה,IL,קרם מובחר למריחה השחר 500,גרמים,500.00,100 גרם,false,,13.90,0.0278,true,1,1235278
7290000416045,false,ממרח שוקולד השחר דלי,השחר העולה,IL,קרם מובחר למריחה השחר 1 ק,גרמים,1000.00,100 גרם,false,,24.90,0.0249,true,1,1235279
7290000416076,false,שוקולד צימקאו לבישול השחר 400 ג',השחר העולה,IL,צימקאו שוקולד לבישול השחר,גרמים,400.00,100 גרם,false,,12.90,0.0323,true,1,1235280
7290000416618,false,"ממרח שוקולד השחר פרווה בד""צ 400 גר'",השחר העולה בעמ,IL,קרם מובחר למריחה בדץ השחר,גרמים,400.00,100 גרם,false,,11.90,0.0298,true,1,1235286
7290000416632,false,ממרח שוקולד פרווה הש,השחר העולה תעשית ממת,IL,קרם מובחר למריחה פרווה הש,גרמים,1000.00,100 גרם,false,,24.90,0.0249,true,1,1235287
7290000416809,false,ממרח חלב קרם חצי מובחרלמריחה 350 ג' השחר,,,קרם למריחה וממרח חלב,גרמים,350.00,100 גרם,false,,11.90,0.0340,true,1,1682251
7290000416854,false,אבקת קקאו השחר העולה 150ג',אף.סי תבליני בגליל ב,IL,קקאו השחר 150 גרם,גרמים,150.00,100 גרם,false,,8.90,0.0593,true,1,1235289
7290000419107,false,לנדוור מקורי - קפה טחון טורקי 100 גרם,קפה לנדוור בע''מ,IL,לנדוור קפה שחור המקורי 10,גרמים,100.00,100 גרם,false,,7.90,0.0790,true,1,1223357
7290000419114,false,לנדוור כחול קפה טחון,קפה לנדוור,IL,לנדוור קפה שחור המקורי 20,גרמים,200.00,100 גרם,false,,14.90,0.0745,true,1,1223358
7290000419220,false,לנדוור כחול המקורי קפה טחון טורקי 3*100 גרם 16 יח',קפה לנדוור,IL,לנדוור קפה שחור המקורי 10,גרמים,300.00,100 גרם,false,,19.90,0.0663,true,1,1223359
7290000419374,false,לנדוור לבוקר טחון טורקי 3*100גר,קפה לנדוור,IL,לנדוור קפה שחור לבוקר 100,גרמים,300.00,100 גרם,false,,19.90,0.0663,true,1,1223360
7290000419893,false,לנדוור חזק - קפה טחון טורקי 100 גרם,מולינו ניקולי s.p.a,IL,לנדוור קפה שחור לבוקר 100,גרמים,100.00,100 גרם,false,,7.90,0.0790,true,1,1223361
7290000419909,false,לנדוור לבוקר - קפה טחון טורקי 100 גרם,מולינו ניקולי s.p.a,IL,לנדוור קפה שחור בטעם אספר,גרמים,100.00,100 גרם,false,,7.90,0.0790,true,1,1223362
7290000420325,false,פופ קורן טבעי למיקרוגל 5 יח',קריות זול,US,פופסטאר טבעי 5יח',גרמים,500.00,100 גרם,false,,12.90,0.0258,true,1,1266211
7290000420332,false,פופ קורן חמאה למיקרוגל 5יח',קריות זול,US,פופסטאר חמאה 5יח',גרמים,500.00,100 גרם,false,,12.90,0.0258,true,1,1266212
7290000442044,false,"פמינה שטיפה אינטימית חמוציות 220 מ""ל",כצט,IL,פמינה חמוציות,מיליליטרים,220.00,"100 מ""ל",false,,24.90,0.1132,true,1,1260335
7290000442266,false,"אקילן - תרסיס לנעליים לחיטוי ולמניעת זיעה 150 מ""ל",כצט,IL,אקילן ירוק תרסיס עם גז,מיליליטרים,150.00,"100 מ""ל",false,,16.90,0.1127,true,1,1260336
7290000442310,false,טפטפים - בייביסקין משחה לתינוק 100 גרם,"רצט שקיים בע""מ",IL,בייביסקין קרם שפורפרת,מיליליטרים,100.00,"100 מ""ל",false,,9.90,0.0990,true,1,1260338
7290000442587,false,"גינקו סאי - קרם רב שימושי 250 מ""ל",כצט,IL,"גינקו רב שימושי 250 מ""ל",מיליליטרים,220.00,"100 מ""ל",false,,22.90,0.1041,true,1,1260339
7290000446110,false,פריכיות אורז חום מלא עם מלח 100ג' בי&די,בטר אנד דיפרנט B&D,IL,פריכיות עם מלח 100 גרם,גרמים,100.00,100 גרם,false,,4.90,0.0490,true,1,1261857
7290000446127,false,פריכיות אורז ללא מלח 100ג' בי&די,בטר אנד דיפרנט B&D,IL,פריכיות ללא מלח 100 גרם,גרמים,100.00,100 גרם,false,,4.90,0.0490,true,1,1261858
7290000446257,false,בטר אנד דיפרנט דיסת אורז 200 גר',בטר אנד דיפרנט B&D,IL,דייסת אורז 200 גרם,גרמים,200.00,100 גרם,false,,9.90,0.0495,true,1,1261859
7290000446264,false,בטר אנד דיפרנט דיסת קורנפלור,בטר אנד דיפרנט B&D,IL,דייסת קורנפלור 200 גרם,גרמים,200.00,100 גרם,false,,9.90,0.0495,true,1,1261860
7290000446318,false,בטר אנד דיפרנט דיסת סולת 200 גר',בטר אנד דיפרנט B&D,IL,דייסת סולת 200 גרם,גרמים,200.00,100 גרם,false,,9.90,0.0495,true,1,1261861
7290000446394,false,בטר אנד דיפרנט דייסת שיבולת שועל 200 גר',בטר אנד דיפרנט B&D,IL,דייסת קווקר 200 גרם,גרמים,200.00,100 גרם,false,,9.90,0.0495,true,1,1261864
7290000446547,false,חמאת בוטנים טבעית ללא סוכר 350גר,בטר אנד דיפרנט B&D,IL,חמאת בוטנים טבעית 350 גר,גרמים,350.00,100 גרם,false,,12.90,0.0369,true,1,1261867
7290000446554,false,"חמאת בוטנים טבעית 1 ק""ג בי&די",בטר אנד דיפרנט B&D,IL,"חמאת בוטנים טבעית 1 ק""ג",גרמים,1000.00,100 גרם,false,,24.90,0.0249,true,1,1261868
7290000446806,false,בטר אנד דיפרנט דיסת דגנים מעורבים 200 גר',בטר אנד דיפרנט B&D,IL,דייסת דגנים מעורבים 200 ג,גרמים,200.00,100 גרם,false,,9.90,0.0495,true,1,1261871
7290000450209,false,נתחי טונה פוסידון בשמן 110 ג',"מיוצר עי וליגר בעמ,",IL,טונה פוסידון,גרמים,77.00,100 גרם,false,,4.90,0.0636,true,1,1244727
7290000450308,false,נתחי טונה פוסידון במים 110 ג',ויליגר בעמ עבור נטו,IL,טונה במים פוסידון 108 ג',גרמים,108.00,100 גרם,false,,4.90,0.0454,true,1,1244728
7290000453019,false,שמרים טריים לאפייה שקית שמרית 50 ג',"פאקא תעשיות בע""מ",IL,שמרית (שקית),גרמים,50.00,100 גרם,false,,4.20,0.0840,true,1,1256157
7290000453125,false,שמרית שמרים טריים לאפייה +משפר אפייה 100ג,"פאקא תעשיות בע""מ",IL,שמרית + משפר לאפיה ביתית,גרמים,100.00,100 גרם,false,,7.40,0.0740,true,1,1256158
7290000453200,false,בלילה להכנת פנקייק עם רכיבים ביתיים,"פאקא תעשיות בע""מ",DE,בלילה מצוננת פנקייק,גרמים,750.00,100 גרם,false,,21.90,0.0292,true,1,2216384
7290000453316,false,בצק עלים מצונן ללא גלוטן,תמי,IL,בצק עלים ללא גלוטן ת,גרמים,280.00,100 גרם,false,,19.90,0.0711,true,1,2222955
7290000453385,false,שמרים יבשים פאקא אינסטנט 500ג',פאקא תעשיות בעמ,IL,שמרים יבשים פאקא אינ,גרמים,500.00,100 גרם,false,,11.90,0.0238,true,1,1341967
7290000453408,false,בצק פיצה דק מצונן ומוכן לאפייה שמרית,"פאקא תעשיות בע""מ",GR,בצק פיצה דק מוכן לאפ,גרמים,415.00,100 גרם,false,,14.90,0.0359,true,1,2127001
7290000453446,false,פיצה קראסט בצק שמרים מצונן להכנת פיצה ופוקצ'ה,שטראוס,IL,בצק פיצה קראסט שימרי,גרמים,500.00,100 גרם,false,,14.90,0.0298,true,1,2227294
7290000453484,false,בצק קדאיף מצונן שמרי,פאקא תעשיות בעמ,GR,בצק קדאיף 350 גרם,גרמים,350.00,100 גרם,false,,14.90,0.0426,true,1,2254745
7290000453798,false,שמרים יבשים אקטיביים שימרית 500 ג',"גי' בי' רכיבים בע""מ",,שמרים אקטיבים לעוגות,גרמים,500.00,100 גרם,false,,14.90,0.0298,true,1,1351382
7290000453866,false,נטורינה קוקוס לאפייה שמרית 200ג',גרונבאנג- גרונדנסק א,DK,תחליף מרגרינה נטורינ,גרמים,200.00,100 גרם,false,,6.90,0.0345,true,1,1664983
7290000453880,false,"מרגרינה לל""מ לאפיה ובישול שימרית 200 ג'","פאקא תעשיות בע""מ",IL,מרגרינה ללא מלח לאפי,גרמים,200.00,100 גרם,false,,5.90,0.0295,true,1,1352150
7290000453897,false,מרגרינה בטעם חמאה שימרית 200 ג',גרונבאנג- גרונדנסק א,IL,מרגרינה בטעם חמאה לא,גרמים,200.00,100 גרם,false,,5.90,0.0295,true,1,1352151
7290000462103,false,סחוג אדום חריף עדין (מכסה לבן) 150 גרם,קריניסה ויטמין אס אי,IL,זחוק תימני אדום חריף עדין,גרמים,150.00,100 גרם,false,,7.90,0.0527,true,1,1256159
7290000462141,false,סחוג אדום חריף מאוד (מכסה אדום) 150 גרם,קריניסה ויטמין אס אי,IL,זחוק תימני אדום חריף מאוד,גרמים,150.00,100 גרם,false,,7.90,0.0527,true,1,1256160
7290000462172,false,סחוג ירוק חריף מאוד מ.ירוק 150 גרם,קריניסה ויטמין אס אי,IL,זחוק תימני ירוק חריף 150,גרמים,140.00,100 גרם,false,,7.90,0.0564,true,1,1256161
7290000462981,false,סחוג חריף אש 150 גרם,זהבי הכרם,,סחוג חריף אש 150 גרם,גרמים,150.00,100 גרם,false,,7.90,0.0527,true,1,2158076
7290000467153,false,צבר חומוס סמיר הגדול 400גר,סלטי צבר,IL,צבר מלך החומוס סמיר הגדול,גרמים,400.00,100 גרם,false,,11.90,0.0298,true,1,1223392
7290000467207,false,חרוזים מתובל,,,חרוזים מתובל,קילוגרמים,1.00,"ק""ג",true,,39.00,39.0000,true,1,1259460
7290000467214,false,סורי מתובל,,,סורי מתובל,קילוגרמים,1.00,"ק""ג",true,,49.00,49.0000,true,1,1259461
7290000469638,false,"מריטו ספריי גיהוץ קל 500 מ""ל",בולטון מניטובה,IT,מריטו ספריי לגיהוץ קל,מיליליטרים,500.00,"100 מ""ל",false,,21.90,0.0438,true,1,1253124
7290000474502,false,גבינה לבנה 5% 250ג' טרה מהדרין,קריות זול,IL,גבינה לבנה 250 גרם 5% מהד,גרמים,250.00,100 גרם,false,,4.95,0.0198,true,1,1243791
7290000474540,false,גבינה טוב טעם 3% טרה 250ג' מהדרין,קריות זול,IL,טוב טעם 3% -250גרם מהדרין,גרמים,250.00,100 גרם,false,,10.90,0.0436,true,1,1243792
7290000474830,false,גבינה צהובה מגורדת 28% שומן 500 ג' נעם,מילקו תעשיות בעמ,IL,"כתר מרוסקת 28% 0.5 ק""ג",גרמים,500.00,100 גרם,false,,31.90,0.0638,true,1,1243793
7290000480107,false,קוואקר שיבולת שועל פחית 500 גר',וולקרס סנקס לימיטד,GB,קוואקר שיבולת שועל פחית 5,גרמים,500.00,100 גרם,false,,12.90,0.0258,true,1,1257402
7290000480442,false,קוואקר שיבולת שועל שקית 500 גר',פריטו ליי FRITO-LAY,IL,קוואקר שיבולת שועל שקית 5,גרמים,500.00,100 גרם,false,,11.90,0.0238,true,1,1257403
7290000482033,false,שקיות קוקי ענק בתנור ובמיקרוגל 5 יח,הנסיך- מפעל לייצור ט,IL,קוקי ענק שקיות צליה 5 יח,יח',5.00,יח',false,,10.90,2.1800,true,1,1253127
7290000483139,false,חטיף מרציפן גולמי המ,"המרשלג פרלינס בע""מ",IL,המרשלג מרצ' גולמי 100גר,גרמים,100.00,100 גרם,false,,9.90,0.0990,true,1,1234728
7290000483412,false,קישוטי עוגה טיפטופים,המרשלג פרלינס בעמ,IL,60G המרשלג טפטופים,גרמים,60.00,100 גרם,false,,14.90,0.2483,true,1,1234730
7290000483641,false,חטיף מרציפן חלה המרש,"המרשלג פרלינס בע""מ",IL,75Gהמרשלג מרצ' חלה,גרמים,75.00,100 גרם,false,,7.90,0.1053,true,1,1234731
7290000483887,false,מרציפן ללא סוכר המרש,קריות זול,IL,75Gהמרשלג ללא סוכר,גרמים,75.00,100 גרם,false,,14.90,0.1987,true,1,1234732
7290000483924,false,בצק סוכר- המרשלג 600,המרשלג,IL,המרשלג בצק סוכר 600גר,גרמים,600.00,100 גרם,false,,19.90,0.0332,true,1,1234733
7290000484549,false,כהל 96%,,,כהל 96%,מיליליטרים,750.00,"100 מ""ל",false,,129.00,0.1720,true,1,1263182
7290000484747,false,עראק עלית 700 מל 40% כהל,יקב הגליל שווק בעמ,IL,עלית הארק,מיליליטרים,700.00,"100 מ""ל",false,,54.90,0.0784,true,1,1369514
7290000490717,false,גלית מאגדת שמיניה 560 ג',הגלידות של פלדמן,IL,שמיניית שלגוני וניל,גרמים,560.00,100 גרם,false,,19.90,0.0355,true,1,1249564
7290000493176,false,אבקת רוטב צלי לבשר 22ג' אסם,"אסם השקעות בע""מ",IL,אסם רוטב צלי 22 גרם,גרמים,22.00,100 גרם,false,,3.90,0.1773,true,1,1223400
7290000493183,false,אבקת רוטב פיטריות 30 ג' אסם,"אסם השקעות בע""מ",IL,אסם רוטב פטריות 30 גרם,גרמים,30.00,100 גרם,false,,4.90,0.1633,true,1,1223401
7290000497044,false,ברמן אקטיב לחם ארוז,מאפית י את א ברמן בע,IL,לחם אקטיב 750 גר'.,גרמים,750.00,100 גרם,false,,13.90,0.0185,true,1,1242722
7290000497112,false,לחם ברמן אחיד פרוס 750ג',מאפית י את א ברמן בע,IL,לחם אחיד כהה פרוס 75,גרמים,750.00,100 גרם,false,,6.90,0.0092,true,1,1242723
7290000497136,false,חלה ארוזה פרוסה 500 גר',יוליניבר,IL,חלה פרוסה ברמן 500 ג,גרמים,500.00,100 גרם,false,,8.90,0.0178,true,1,1242724
7290000497228,false,לחמניה רגילה בשקית ברמן 6יח',מאפית י את א ברמן בע,IL,מארז 6 לחמניות 450 ג,גרמים,450.00,100 גרם,false,,10.00,0.0222,true,1,1242726
7290000497303,false,לחמניה מקמח מלא 6יח' ברמן 450ג',מאפית י את א ברמן בע,IL,מארז 6 לחמניות קמח מ,גרמים,450.00,100 גרם,false,,10.00,0.0222,true,1,1242727
7290000497358,false,חלה מתוקה ארוזה חלומית 500 גר',מאפית י את א ברמן בע,IL,חלה מתוקה חלומית ארו,גרמים,500.00,100 גרם,false,,11.90,0.0238,true,1,1242728
7290000497488,false,חלה קלה ברמן 500 גרם,מאפית י את א ברמן בע,IL,חלה קלה ברמן 500 גרם,גרמים,500.00,100 גרם,false,,13.90,0.0278,true,1,1242731
7290000497532,false,"לחם מקמח מלא""לעניין"" 750 גר'",מאפית י את א ברמן בע,IL,לחם ברמן לעניין 750,גרמים,750.00,100 גרם,false,,12.90,0.0172,true,1,1242732
7290000497570,false,לחם דגנים פלוס 500 גר',מאפית י את א ברמן בע,IL,לחם ברמן דגני קלות 5,גרמים,500.00,100 גרם,false,,13.90,0.0278,true,1,1242733
7290000497617,false,רוגאלך שוקולד ברמן 500 גר',,,רוגלאך 500 גרם.,גרמים,500.00,100 גרם,false,,11.90,0.0238,true,1,1242734
7290000498393,true,חלה מתוקה עגולה לא א,,,חלה מתוקה עגולה לא א,גרמים,500.00,100 גרם,false,,7.90,0.0158,true,1,2220896
7290000504025,false,סוכרזית פטריה 300 טבליות,אף.סי תבליני בגליל ב,IL,פטריה 300,גרמים,24.00,100 גרם,false,,7.90,0.3292,true,1,1256790
7290000504049,false,סוכרזית קנקן 1200 טבליות,אף.סי תבליני בגליל ב,IL,קנקן 1200,יח',1200.00,יח',false,,22.90,0.0191,true,1,1256792
7290000504209,false,"סוכרזית דיאט טיפ נוזלי 220 מ""ל",אף.סי תבליני בגליל ב,IL,כשלפ דיאטיפ,מיליליטרים,220.00,"100 מ""ל",false,,17.90,0.0814,true,1,1256793
7290000504261,false,סוויט דיאט כמו סוכר ממתיק אבקתי 65ג',סוכרזית Sucrazit,IL,סוויט דיאט כמו סוכר 6צנצנ,גרמים,100.00,100 גרם,false,,23.90,0.2390,true,1,1256794
7290000504278,false,סוכרזית - קלאסי פטנט 700 טבליות,אף.סי תבליני בגליל ב,IL,פטנט 700,יח',700.00,יח',false,,15.90,0.0227,true,1,1256795
7290000518114,false,מתוק וקל אבקה 200 גר,קריות זול,,מתוק וקל אבקה,גרמים,200.00,100 גרם,false,,6.90,0.0345,true,1,1266695
7290000518121,false,מתוק וקל ממתיק 50 שקיות,קריות זול,IL,מתוק וקל 50 גרם,גרמים,50.00,100 גרם,false,,4.90,0.0980,true,1,1266696
7290000518152,false,מתוק וקל זהב 25 שקיות,קריות זול,,מתוק וקל זהב,גרמים,50.00,100 גרם,false,,5.90,0.1180,true,1,1266697
7290000518169,false,ממתיק מתוק וקל בקבוק,קריות זול,IL,מתוק וקל 1000,גרמים,80.00,100 גרם,false,,7.90,0.0988,true,1,1266698
7290000518176,false,ממתיק דקסטרוזה וסכרי,מתוק וקל בעמ,IL,מתוק וקל,גרמים,250.00,100 גרם,false,,19.90,0.0796,true,1,1266699
7290000518190,false,מתוק וקל סטיביה 100 שקיות,מתוק וקל,,מתוק וקל סטיביה 100,גרמים,80.00,100 גרם,false,,29.90,0.3737,true,1,1497190
7290000518220,false,סוכרה דיאט ממתיק 100 שקיות,פתח תקווה,IL,סוכרה דיאט,גרמים,80.00,100 גרם,false,,24.90,0.3112,true,1,1497191
7290000518237,false,סוכרה דיאט אבקה 100,מתוק וקל בעמ,IL,סוכרה דיאט אבקה 100,גרמים,100.00,100 גרם,false,,19.90,0.1990,true,1,1497192
7290000518251,false,מתוק וקל ממתיק זהב 100 שקיות,קריות זול,IL,מתוק וקל,גרמים,100.00,100 גרם,false,,11.90,0.1190,true,1,1266700
7290000518336,false,ממתק צמר גפן מתוק מסיבים תזונתיים,מתוק וקל בעמ,IL,צמר גפן מתוק עשוי סי,גרמים,10.00,100 גרם,false,,4.90,0.4900,true,1,2209352
7290000518398,false,"סוכרה דיאט טיפות 150 מ""ל",פתח תקווה,IL,סוכרה דיאט טיפות 150,מיליליטרים,150.00,"100 מ""ל",false,,24.90,0.1660,true,1,1497194
7290000521008,false,"יין אדום יבש סגל 750 מ""ל",כרמי צבי - אחים סגל,IL,"יין סגל אדום 750 מ""ל",מיליליטרים,750.00,"100 מ""ל",false,,24.90,0.0332,true,1,1239484
7290000521015,false,"יין סגל לבן יבש 750מ""ל","מיוצר ע""י כרמי צבי-",IL,"יין סגל לבן 750 מ""ל",מיליליטרים,750.00,"100 מ""ל",false,,24.90,0.0332,true,1,1239485
7290000521022,false,יין של סגל לבן חצי י,"מיוצר ע""י כרמי צבי-",IL,יין לבן חצי יבש 750,מיליליטרים,750.00,"100 מ""ל",false,,24.90,0.0332,true,1,1239486
7290000521404,false,"יין מרום גליל קברנה סוביניון סינגל 750 מ""ל",כרמי צבי אחים סגל בע,IL,יין מרום גליל סובניו,מיליליטרים,750.00,"100 מ""ל",false,,29.90,0.0399,true,1,1239492
7290000521411,false,יין מרום גליל סינגל מרלו 750מל,כרמי צבי אחים סגל בע,IL,יין מרום גליל מרלו 7,מיליליטרים,750.00,"100 מ""ל",false,,29.90,0.0399,true,1,1239493
7290000521428,false,יין מרום גליל שרדונה,כרמי צבי-אחים סגל בע,IL,יין מרום גליל שרדונה,מיליליטרים,750.00,"100 מ""ל",false,,29.90,0.0399,true,1,1278817
7290000522166,false,חלב הרים עמיד נטול ל,"מחלבות רמת הגולן בע""",IL,חלב הרים טהור נטול לקטוז,ליטרים,1.00,ליטר,false,,10.90,10.9000,true,1,1243799
7290000523125,false,מלח הארץ הים האדום 250 ג' עדין,חברת מלח הארץ אילת ב,IL,מלח הים האדום 250 גרם,גרמים,250.00,100 גרם,false,,5.40,0.0216,true,1,1253797
7290000523224,false,מלח הארץ הים האדום 500 ג' עדין,חברת מלח הארץ אילת ב,IL,מלח הים האדום 500 גרם,גרמים,500.00,100 גרם,false,,7.90,0.0158,true,1,1253798
7290000523514,false,מלח הארץ 50% מכמות הנתרן 250 גרם,חברת מלח הארץ אילת ב,IL,מלח הארץ מופחת נתרן 250 ג,גרמים,250.00,100 גרם,false,,9.90,0.0396,true,1,1253799
7290000523521,false,מלח ים מועשר ביוד 250 ג' מלח הארץ,חברת מלח הארץ אילת ב,IL,מלח הארץ מועשר ביוד 250 ג,גרמים,250.00,100 גרם,false,,5.90,0.0236,true,1,1253800
7290000523804,false,"מלח עדין צנצנת 1 ק""ג מלח הארץ",חברת מלח הארץ אילת ב,IL,"מלח הים האדום צנצנת 1 ק""ג",קילוגרמים,1.00,"ק""ג",false,,6.90,6.9000,true,1,1253801
7290000523811,false,"צנצנת מלח גס 1 ק""ג מלח הארץ",חברת מלח הארץ אילת ב,IL,"מלח הים האדום צנצנת 1 ק""ג",קילוגרמים,1.00,"ק""ג",false,,6.90,6.9000,true,1,1253802
7290000525969,false,פרימור סחוט תפוזים טבעי 1ל',"גניר (1992) בע""מ",IL,מיץ תפוזים סחוט 1 ליטר,ליטרים,1.00,ליטר,false,,15.90,15.9000,true,1,1256162
7290000530024,false,נקניק תה מעושן רחב,זוגלובק,IL,נקניק תה מעושן רחב,קילוגרמים,1.00,"ק""ג",true,,60.00,60.0000,true,1,1238164
7290000530031,false,סלמי פיין צר זוגלובק,,,נקניק סלמי פיין,קילוגרמים,1.00,"ק""ג",true,,70.00,70.0000,true,1,1238165
7290000530048,false,סלמי פפרוני זוגלובק,כצט,IL,נקניק סלמי פפרוני,קילוגרמים,1.00,"ק""ג",true,,60.00,60.0000,true,1,1238166
7290000530062,false,נקניק מעושן איטלקי ז,זוגלובק,IL,נקניק מעושן איטלקי,קילוגרמים,1.00,"ק""ג",true,,85.00,85.0000,true,1,1238168
7290000530086,false,נקניק סלמי מעושן 600 ג' זוגלובק,נקניק נהריה כשר זוגל,IL,נקניק מעושן,גרמים,600.00,100 גרם,false,,29.90,0.0498,true,1,1238169
7290000530093,false,חרמון ברביקיו 3% זוג,,,פסטרמה חרמון,קילוגרמים,1.00,"ק""ג",true,,55.00,55.0000,true,1,1238170
7290000530116,false,נקניק סלמי מעושן בשן 470 ג' זוגלובק,נקניק נהריה כשר זוגל,IL,נקניק סלמי בשן,גרמים,420.00,100 גרם,false,,19.90,0.0474,true,1,1238172
7290000530178,false,נקניק קוניאק זוגלובק,זוגלובק,IL,סלמי קוניאק,קילוגרמים,1.00,"ק""ג",true,,85.00,85.0000,true,1,1238173
7290000530260,false,נקניק מורטדלה זוגלוב,,,נקניק מרטדלה רחב,קילוגרמים,1.00,"ק""ג",true,,40.00,40.0000,true,1,1238175
7290000530369,false,פסטרמה גולן הודו מעו,כצט,IL,חזה הודו גולן,קילוגרמים,1.00,"ק""ג",true,,85.00,85.0000,true,1,1238178
7290000530413,false,המבורגר זהב זוגלובק 400 גר',נקניק נהריה כשר זוגל,IL,המבורגר זהב 400 גרם,גרמים,400.00,100 גרם,false,,19.90,0.0497,true,1,1451697
7290000530444,false,כתף בקר מעושן זוגלוב,זוגלובק,IL,כתף בקר מעושן,קילוגרמים,1.00,"ק""ג",true,,110.00,110.0000,true,1,1238180
7290000530468,false,נקניקיות וינר זוגלוב,,,"נקניקיות וינר 1 ק""ג",קילוגרמים,1.00,"ק""ג",false,,24.90,24.9000,true,1,1238181
7290000530598,false,נקניקיות וינר 500 ג' טרי זוגלובק,נקניק נהריה כשר זוגל,IL,נקניקיות וינר 500 גר,גרמים,500.00,100 גרם,false,,12.90,0.0258,true,1,1238182
7290000530703,false,זוג במארז חרמון הודו + סלמי תה זוגלובק 800 גר',נקניק נהריה כשר זוגל,IL,חרמון 400 גרם + תה מ,גרמים,800.00,100 גרם,false,,29.90,0.0374,true,1,1238184
7290000530871,false,פסטרממיה חזה עוף מעו,,,פסטרמה חזה עוף,קילוגרמים,1.00,"ק""ג",true,,85.00,85.0000,true,1,1238186
7290000531410,false,פסטרממיה בדבש טהור,זוגלובק,IL,פסטרממיה בדבש,קילוגרמים,1.00,"ק""ג",true,,85.00,85.0000,true,1,1238188
7290000531601,false,סטייק בורגר זהב זוגלובק 400ג',נקניק נהריה כשר זוגל,IL,סטייק בורגר 400 גרם,גרמים,400.00,100 גרם,false,,19.90,0.0497,true,1,1451699
7290000532400,false,פסטרמה ברביקיו זוגלו,זוגלובק,IL,חזה ברבקיו,קילוגרמים,1.00,"ק""ג",true,,85.00,85.0000,true,1,1238196
7290000532479,false,"נקנקיות חריפות 1 ק""ג זוגלובק",,,נקניקיות חריפות קפוא,גרמים,1000.00,100 גרם,false,,24.90,0.0249,true,1,1238198
7290000532585,false,רוסטביף 4% זוגלובק,זוגלובק,IL,נקניק רוסביף,קילוגרמים,1.00,"ק""ג",true,,159.00,159.0000,true,1,1238199
7290000533636,false,פסטרממיה צלויה על גח,,,פסטרממיה צלויה,קילוגרמים,1.00,"ק""ג",true,,85.00,85.0000,true,1,1238205
7290000533681,false,פסטרממיה מעושנת זוגל,כצט,IL,פסטרמה מעושנת,קילוגרמים,1.00,"ק""ג",true,,85.00,85.0000,true,1,1238206
7290000534718,false,פסטרמה חזה תבור זוגל,זוגלובק,IL,חזה הודו תבור,קילוגרמים,1.00,"ק""ג",true,,85.00,85.0000,true,1,1238210
7290000535791,false,חזה בקר ניו-יורק,,,חזה בקר ניו-יורק,קילוגרמים,1.00,"ק""ג",true,,110.00,110.0000,true,1,1238214
7290000536316,false,"שניצל מן הצומח זוגלובק 1 ק""ג",נקניק נהריה כשר זוגל,IL,"שניצל טבע 1 ק""ג בד""צ",גרמים,1000.00,100 גרם,false,,34.90,0.0349,true,1,1238215
7290000536743,false,קריספי סטיקס תירס 500 ג' זוגלובק,נקניק נהריה כשר זוגל,IL,אצבעות סטיקס תירס.,גרמים,500.00,100 גרם,false,,19.90,0.0398,true,1,1238217
7290000536774,false,"נקניקיות מן הצומח זוגלובק 1ק""ג בד""צ",זוגלובק,IL,"נקניקיות 1 ק""ג מן הצ",גרמים,1000.00,100 גרם,false,,39.90,0.0399,true,1,1238219
7290000537566,false,נקניקיות עוף טרי 400 ג' זוגלובק,נקניק נהריה כשר זוגל,IL,נקניקיות עוף 400 גרם,גרמים,400.00,100 גרם,false,,9.90,0.0248,true,1,1238223
7290000537610,false,סלמי עממי זוגלובק,,,נקניק סלמי עממי,קילוגרמים,1.00,"ק""ג",true,,60.00,60.0000,true,1,1238225
7290000538099,false,פסטרמה כפרית במשקל ז,כצט,IL,פסטרמה כפרית,קילוגרמים,1.00,"ק""ג",true,,85.00,85.0000,true,1,1238227
7290000538709,false,סלמי תה מעושן 200 ג' זוגלובק,זוגלובק,IL,סלמי תה פרוס 200 גרם,גרמים,200.00,100 גרם,false,,14.90,0.0745,true,1,1238230
7290000554006,false,גבינה קשקבלו משולשים,מחלבות גד,IL,"קשקבלו גלגל ק""ג שקיל",קילוגרמים,1.00,"ק""ג",true,,129.00,129.0000,true,1,1243146
7290000554457,false,גבינה צפתית מיני 5% גד 350ג',"מחלבות גד בע""מ",IL,צפתית 5% מיני 350 גרם,גרמים,350.00,100 גרם,false,,21.90,0.0626,true,1,1243151
7290000554532,false,גבינה צפתית מעודנת במלח ים 5% 200 ג' גד,הנסיך- מפעל לייצור ט,IL,צפתית מעודנת 5% מלח ים 20,גרמים,200.00,100 גרם,false,,14.90,0.0745,true,1,1243154
7290000554570,false,"גבינה מסקרפונה ק""ג.",,,"גבינה מסקרפונה ק""ג.",קילוגרמים,1.00,"ק""ג",true,,65.00,65.0000,true,1,1243155
7290000554624,false,ירח מתוק 3% 150 גרם רובין,"מיוצר ע""י קוד יצרן E",IL,"ירח מתוק 150 גרם בד""ץ",גרמים,150.00,100 גרם,false,,5.90,0.0393,true,1,1243157
7290000554655,false,"מוצרלה מעושנת ק""ג.",מחלבות גד,IL,"מוצרלה נקניק מעושן ק""ג שק",קילוגרמים,1.00,"ק""ג",true,,84.00,84.0000,true,1,1243158
7290000554662,false,"בולגרית למריחה ק""ג.",מחלבות גד,IL,"בולגרית למריחה 2 ק""ג",קילוגרמים,1.00,"ק""ג",true,,47.00,47.0000,true,1,1243159
7290000554686,false,לאבנה שמן זית וזעתר 5% 250 גרם - רבנות,מחלבות גד בעמ,IL,לאבנה 5% שמן זית וזעתר 25,גרמים,250.00,100 גרם,false,,14.90,0.0596,true,1,1243160
7290000554792,false,"בולגרית מעודנת 5% ק""",יושלם,IL,"דלי בולגרית מעודנת 5% ק""",קילוגרמים,1.00,"ק""ג",true,,59.00,59.0000,true,1,1243162
7290000554815,false,"גבינת מוצרלה טבעי ק""",מחלבות גד,IL,"מוצרלה נקניק טיבעי ק""ג שק",קילוגרמים,1.00,"ק""ג",true,,85.00,85.0000,true,1,1243163
7290000554822,false,גבינת ריקוטה טבעית 5% גד 250ג',מחלבות גד בעמ,IL,גביע ריקוטה 250 גרם,גרמים,250.00,100 גרם,false,,13.90,0.0556,true,1,1243164
7290000554839,false,שמנת מתוקה קשה בסגנון איטלקי 40% שומן 250 ג' גד,מחלבות גד בעמ,IL,מסקרפונה 250 גרם,גרמים,250.00,100 גרם,false,,22.90,0.0916,true,1,1243165
7290000554914,false,"גבינה צפתית 5% ק""ג.",מחלבות גד,IL,"צפתית מלבן 5% ק""ג שקיל",קילוגרמים,1.00,"ק""ג",true,,59.00,59.0000,true,1,1243167
7290000554921,false,"גבינת ריקוטה ק""ג.",מחלבות גד,IL,"ריקוטה 1.8 ק""ג",קילוגרמים,1.00,"ק""ג",true,,60.00,60.0000,true,1,1243168
7290000554952,false,גבינה צפתית קשה 10%,מחלבות גד,IL,"צפתית קשה גלגל ק""ג שקיל",קילוגרמים,1.00,"ק""ג",true,,81.00,81.0000,true,1,1243170
7290000554969,false,גבינת שמנת גד 30% לק,מחלבות גד,IL,"גבינת שמנת טבעי 30% 2 ק""ג",קילוגרמים,1.00,"ק""ג",true,,49.00,49.0000,true,1,1243171
7290000554976,false,גבינה שמנה זיתים30%,מחלבות גד,IL,"גבינת שמנת זיתים 30% 2 ק""",קילוגרמים,1.00,"ק""ג",true,,49.00,49.0000,true,1,1243172
7290000554990,false,גבינה מוצרלה כדור גד,מחלבות גד,IL,מוצרלה במים כדור גדול 2,קילוגרמים,1.00,"ק""ג",true,,95.00,95.0000,true,1,1243174
7290000560021,false,אדג' ג'ל ורוד נגד חתכים 198ג',המאפיה של הרמן,US,אדג' ג'ל סגול נגד חתכים 1,גרמים,200.00,100 גרם,false,,19.90,0.0995,true,1,1266216
7290000560533,false,אדג' ג'ל ירוק לעור רגיל 198גרם,אס.סי ג'ונסון ובניו,US,אדג' ג'ל ירוק לעור רגיל 1,גרמים,200.00,100 גרם,false,,19.90,0.0995,true,1,1266217
7290000560540,false,אדג' ג'ל כתום לעור רגיש 198גרם,המאפיה של הרמן,US,אדג' ג'ל כתום לעור רגיש 1,גרמים,200.00,100 גרם,false,,19.90,0.0995,true,1,1266218
7290000560557,false,אדג ג'ל תכלת לרכוך העור 198 ג',אס.סי ג'ונסון ובניו,US,אדג' ג'ל סגול כהה לעור יב,גרמים,198.00,100 גרם,false,,19.90,0.1005,true,1,1266219
7290000571119,false,גאודה חריץ בית יצחק,תנובה מרכז שיתופי לש,,גאודה חריץ בית יצחק,קילוגרמים,1.00,"ק""ג",true,,103.00,103.0000,true,1,1254477
7290000571126,false,גאודה כמון 30% תנובה,תנובה מרכז שיתופי לש,,גאודה כמון חריץ 30%,קילוגרמים,1.00,"ק""ג",true,,103.00,103.0000,true,1,1254478
7290000571188,false,גאודה תום עזים המחלב,תנובה מרכז שיתופי לש,,גאודה עז חריץ 28% בי,קילוגרמים,1.00,"ק""ג",true,,149.00,149.0000,true,1,1254479
7290000571294,false,גאודה מעושנת המחלבה,,,גאודה מעושנת בית- יצ,קילוגרמים,1.00,"ק""ג",true,,103.00,103.0000,true,1,1254482
7290000571300,false,גבינה גאודה פרוס מעושנת המחלבה 150ג',גבינות משק אחים מאיר,IL,גבינה גאודה פרוס בית,גרמים,200.00,100 גרם,false,,23.90,0.1195,true,1,1254483
7290000571386,false,יוגורט כבשים 850 ג' יוגורמה,גבינות משק אחים מאיר,IL,יוגורט כבשים 850 גרם,גרמים,850.00,100 גרם,false,,26.90,0.0316,true,1,1254484
7290000571478,false,"גבינת גאודה תום פרוסה עיזים, 200 גרם",גבינות משק אחים מאיר,IL,גבינה תום עזים פרוס,גרמים,200.00,100 גרם,false,,35.90,0.1795,true,1,1254486
7290000571485,false,משקה יוגורט יוגורמה,גבינות משק אחים מאיר,IL,משקה יוגורט עזים 1 ק,גרמים,1000.00,100 גרם,false,,24.90,0.0249,true,1,1254487
7290000571812,false,פרמזן מגורד בית יצחק,גבינות משק אחים מאיר,IL,פרמזן מגורד 200 גרם,גרמים,200.00,100 גרם,false,,21.90,0.1095,true,1,1254491
7290000571881,false,משקה יוגורט מחלב עיז,גבינות משק אחים מאיר,IL,יוגורט יוגורמה מחלב,גרמים,500.00,100 גרם,false,,12.90,0.0258,true,1,1963258
7290000571928,false,"יוגורמה כבשים עם גרעינים, אגוזים וחמוציות ממותקות",המחלבה מבית יצחק,IL,יוגורט כבשים יוגורמה,גרמים,142.00,100 גרם,false,,6.40,0.0451,true,1,2159023
7290000571935,false,יוגורמה כבשים עם גרנולה מתוקה,המחלבה מבית יצחק,IL,יוגורט כבשים יוגורמה,גרמים,142.00,100 גרם,false,,6.40,0.0451,true,1,2159024
7290000572055,false,"חלבה לל""ס וסיבים ואגוז אחווה 400ג'",אחדות ביחר לטחינה חל,IL,חלוה ללא סוכר עם סיבים וא,גרמים,400.00,100 גרם,false,,14.90,0.0373,true,1,1224470
7290000572208,false,חלבה חטיף וניל אחווה 100ג',שוורצקוף& הנקל דיסלד,IL,חלוה 100 גרם אחוה,גרמים,100.00,100 גרם,false,,2.90,0.0290,true,1,1224472
7290000572222,false,חלבה וניל בבלוק אחווה 500ג',שוורצקוף& הנקל דיסלד,IL,חלוה בלוק 500 גרם אחוה -,גרמים,500.00,100 גרם,false,,10.90,0.0218,true,1,2136164
7290000572529,false,חלבה פיסטוק מגש אחווה 400ג',אחדות ביחר לטחינה חל,IL,חלוה פיסטוק 400 גרם במגש,גרמים,400.00,100 גרם,false,,10.90,0.0273,true,1,1224475
7290000572536,false,חלבה וניל מגש אחווה 400ג'',אחדות ביחר לטחינה חל,IL,חלוה וניל 400 גרם במגש,גרמים,400.00,100 גרם,false,,10.90,0.0273,true,1,1224476
7290000572543,false,חלבה שוקו וניל אחווה 400ג',אחדות ביחר לטחינה חל,IL,חלוה שיש 400 גרם במגש,גרמים,400.00,100 גרם,false,,10.90,0.0273,true,1,1224477
7290000572628,false,חלבה חטיף ללא סוכר בקופסה 276 ג',שוורצקוף& הנקל דיסלד,IL,חטיפי חלוה ללא תוספת,גרמים,275.00,100 גרם,false,,13.90,0.0505,true,1,2136171
7290000572673,false,אחווה חטיף חלווה ט.שונים 12*25גר,שוורצקוף& הנקל דיסלד,IL,"חלוה בקופסת שי ""חטיף 10""",גרמים,300.00,100 גרם,false,,13.90,0.0463,true,1,1224480
7290000602226,false,ביצים 12 יח רגיל דגול L תנובה,,,ביצי חופש 12L תנובה.,יח',12.00,יח',false,,24.90,2.0750,true,1,2259163
7290000603049,false,ביצים אומגה 3 לארג 1,,,ביצי אומגה 3 גדול.,יח',12.00,יח',false,,18.90,1.5750,true,1,1255101
7290000604015,false,תבנית 12 ביצים XL,,,ביצים 12 יח' XL.,יח',12.00,יח',false,,13.10,1.0917,true,1,1255104
7290000604022,false,ביצים 12 יחדה L תנובה,,,ביצים 12 יחידות L.,יח',12.00,יח',false,,12.05,1.0042,true,1,1255105
7290000604121,false,ביצים 18 יח רגיל בינוני L תנובה,,,ביצים 18 יחידות L.,יח',18.00,יח',false,,18.00,1.0000,true,1,1255109
7290000604534,false,תנובה ביצים רגילות מדיום 30יח,,,ביצים 30 יחידות M.,יח',30.00,יח',false,,27.85,0.9283,true,1,1255113
7290000655376,false,פילה דניס קפוא 100%,,TR,פילה דניס קפוא 100%,קילוגרמים,1.00,"ק""ג",true,,89.90,89.9000,true,1,1532364
7290000659312,false,דגי תנובה פילה סלומון קפוא בוואקום,PEQUERA DEL,,פילה סלמון פרימיום,קילוגרמים,1.00,"ק""ג",true,,79.90,79.9000,true,1,1532365
7290000662213,false,נתח פילה סלמון תנובה,,,נתח פילה סלמון תנובה,קילוגרמים,1.00,"ק""ג",true,,89.90,89.9000,true,1,2130676
7290000663098,false,שווארמה ריב אנטריקוט,,,שווארמה ריב אנטריקוט,גרמים,300.00,100 גרם,false,,34.90,0.1163,true,1,2193666
7290000663104,false,שווארמה פרגית להקפצה,תנובה,IL,שווארמה פרגיות,גרמים,300.00,100 גרם,false,,34.90,0.1163,true,1,2193667
7290000663128,false,רצועות אנטריקוט בתיב,תנובה,IL,רצועות ריב אנטריקוט,גרמים,300.00,100 גרם,false,,34.90,0.1163,true,1,2193669
7290000679440,false,קמיל בלו משחה לתינוק 100גרם,פישר מעבדות פרמצבטיו,IL,קמיל בלו משחה לתינוק 100,גרמים,100.00,100 גרם,false,,14.90,0.1490,true,1,1265108
7290000679631,false,"ד""ר פישר - קמיל בלו קלאסיק 500 מ""ל","ד""ר פישר Dr fischer",IL,קמיל בלו אל סבון קלאסיק 5,מיליליטרים,500.00,"100 מ""ל",false,,13.90,0.0278,true,1,1265113
7290000688077,false,"מי עדן 0.500 מ""ל פקק רגיל",מופק ממקור בזלתי עדן,IL,מי עדן 0.5 ליטר,מיליליטרים,500.00,"100 מ""ל",false,,2.50,0.0050,true,1,1239904
7290000688084,false,מים מינרליים פקק ספו,מופק ממקור בזלתי עדן,IL,"מי עדן ספורט 500 מ """,מיליליטרים,500.00,"100 מ""ל",false,,4.90,0.0098,true,1,1239905
7290000688176,false,מים מינרליים בייבי מ,מופק ממקור בזלתי עדן,IL,"מי עדן בייבי 330 מ""ל",מיליליטרים,330.00,"100 מ""ל",false,,2.90,0.0088,true,1,1239907
7290000688374,false,"מי עדן בייבי מארז 330X6 מ""ל","מי עדן בע""מ",,שישייה מי עדן בייבי,ליטרים,1.98,ליטר,false,,14.90,7.5253,true,1,1239908
7290000688381,false,מי עדן פקק ספורט 6*500 מל.,"מי עדן בע""מ",IL,שישייה מי עדן ספורט,ליטרים,3.00,ליטר,false,,12.90,4.3000,true,1,1239909
7290000688503,false,מים מינרליים מי עדן,"מי עדן בע""מ",IL,"שישייה מי עדן 750 מ""",ליטרים,4.50,ליטר,false,,14.90,3.3111,true,1,1716129
7290000692135,false,ספיד סטיק בסיסי ירוק א.פ פרש,קולגייט פלמוליב,BY,ספיד סטיק בסיסי ירוק א.פ,גרמים,56.60,100 גרם,false,,17.90,0.3163,true,1,1253129
7290000692203,false,אג'קס ניקוי כללי 2לימון-מרכז,הנסיך- מפעל לייצור ט,BY,אגקס ניקוי כללי לימון 2 ל,ליטרים,2.00,ליטר,false,,22.90,11.4500,true,1,1253130
7290000692210,false,אג'קס ניקוי כללי לוונדר 2ל',הנסיך- מפעל לייצור ט,GR,אגקס ניקוי כללי לוונדר 2,ליטרים,2.00,ליטר,false,,22.90,11.4500,true,1,1253131
7290000692227,false,נוזל כלים פלמוליב צילינדר קלאסי 1 ליטר,יבואן ומשווק: ש. שסט,GR,פלמוליב צילינדר קלאסי 1 ל,ליטרים,1.00,ליטר,false,,13.90,13.9000,true,1,1253132
7290000692456,false,אג'קס חלונות זוג 750*2 מל ספריי ורפיל,הנסיך- מפעל לייצור ט,GR,אגקס חלונות זוג,ליטרים,1.50,ליטר,false,,25.90,17.2667,true,1,1253135
7290000692746,false,"קולגייט משחה אדומה 75 ג""ר","ש. שסטוביץ בע""מ",BE,קולגייט אדומה 112 גרם,מיליליטרים,75.00,"100 מ""ל",false,,10.90,0.1453,true,1,1253136
7290000803067,false,"אלמקס משחת שיניים לילדים 75 מ""ל",הנסיך- מפעל לייצור ט,PL,אלמקס משחת שיניים ילדים 7,מיליליטרים,75.00,"100 מ""ל",false,,15.90,0.2120,true,1,1253139
7290000803180,false,"מרידול - מי פה שטיפה דנטלית 400 מ""ל",קולגייט פלמוליב,CH,מרידול שטיפה דנטלית 400מל,מיליליטרים,400.00,"100 מ""ל",false,,29.90,0.0747,true,1,1253140
7290000804484,false,אלמקס שטיפת פה דנטלית למניעת עששת 400מל,קריות זול,CH,אלמקס שטיפה דנטלית 400מל,מיליליטרים,400.00,"100 מ""ל",false,,29.90,0.0747,true,1,1253142
7290000849478,false,"סרקל מרכך שיער לילדים 500 מ""ל",פישר מעבדות פרמצבטיו,IL,"סרקל מעצב 500 מ""ל",מיליליטרים,500.00,"100 מ""ל",false,,17.90,0.0358,true,1,1265118
7290000849492,false,"סרקל שמפו לילדים 500 מ""ל",פישר מעבדות פרמצבטיו,IL,"סרקל שמפו 500 מ""ל",מיליליטרים,500.00,"100 מ""ל",false,,17.90,0.0358,true,1,1265119
7290000900049,false,גולאש עגל טרי,,,גולאש עגל טרי,קילוגרמים,1.00,"ק""ג",true,,99.00,99.0000,true,1,1258017
7290000900193,false,"גבינה עמק פרוס ק""ג-ק",,,"גבינה עמק פרוס ק""ג-ק",קילוגרמים,1.00,"ק""ג",true,,44.75,44.7500,true,1,1254492
7290000900230,false,"גבינה גלבוע פרוס ק""ג",,,"גבינה גלבוע פרוס ק""ג",קילוגרמים,1.00,"ק""ג",true,,42.55,42.5500,true,1,1254493
7290000900254,false,שניצל הודו פרוס,,,שניצל הודו פרוס,קילוגרמים,1.00,"ק""ג",true,,39.90,39.9000,true,1,1258018
7290000900384,false,עוגת מאפינס.,,,עוגת מאפינס.,יחידה,0.00,יחידה,false,,19.90,0.0000,true,1,1223407
7290000900438,false,מלפפון במלח,,,מלפפון במלח,קילוגרמים,1.00,"ק""ג",true,,35.00,35.0000,true,1,1234966
7290000900629,false,חצילים,,,חצילים,קילוגרמים,1.00,"ק""ג",true,,35.00,35.0000,true,1,1263446
7290000900667,false,זית ירוק ענק,שקדיה,,זית ירוק ענק,קילוגרמים,1.00,"ק""ג",true,,49.00,49.0000,true,1,1263749
7290000900728,false,פלפל סודני,,,פלפל סודני,קילוגרמים,1.00,"ק""ג",true,,35.00,35.0000,true,1,1234967
7290000900841,false,ירקות מעורבים,,,ירקות מעורבים,קילוגרמים,1.00,"ק""ג",true,,35.00,35.0000,true,1,1243312
7290000903309,false,זיתים טבעות,,,זיתים טבעות,קילוגרמים,1.00,"ק""ג",true,,42.00,42.0000,true,1,1259465
7290000907970,false,פסטרמה כפרית טירת צב,טירת צבי,IL,כפרית במשקל טירת צבי,קילוגרמים,1.00,"ק""ג",true,,55.00,55.0000,true,1,1254953
7290000913551,false,פסטרמה כפרית טירת צבי 400 ג',טירת צבי,IL,פסטרמה כפרית 400,גרמים,400.00,100 גרם,false,,24.90,0.0622,true,1,1254954
7290000935423,false,עגבניות מיובשות,,,עגבניות מיובשות,קילוגרמים,1.00,"ק""ג",true,,49.00,49.0000,true,1,1256119
7290000935546,false,סלט כרוב מתוק,,,סלט כרוב מתוק,קילוגרמים,1.00,"ק""ג",true,,29.00,29.0000,true,1,1259468
7290000935553,false,סלט כרוב חריף,,,סלט כרוב חריף,קילוגרמים,1.00,"ק""ג",true,,29.00,29.0000,true,1,1259469
7290000943237,false,גבינת פרמזן מרוסקת ק,,,גבינת פרמזן מרוסקת ק,קילוגרמים,1.00,"ק""ג",true,,129.00,129.0000,true,1,1254495
7290000945347,false,זית קלמטה מגולען,,,זית קלמטה מגולען,קילוגרמים,1.00,"ק""ג",true,,42.00,42.0000,true,1,1242842
7290000945507,false,פלפל דובדבן,,,פלפל דובדבן,קילוגרמים,1.00,"ק""ג",true,,39.00,39.0000,true,1,1256121
7290000960005,false,זית שחור יבש,,,זית שחור יבש,קילוגרמים,1.00,"ק""ג",true,,42.00,42.0000,true,1,1260331
7290000961866,false,שווארמה הודו קוביות,,,שווארמה הודו קוביות,קילוגרמים,1.00,"ק""ג",true,,89.90,89.9000,true,1,1258022
7290000964966,false,פלפל שיפקה,,,פלפל שיפקה,קילוגרמים,1.00,"ק""ג",true,,29.00,29.0000,true,1,1234970
7290000975801,false,עגבניות אדומות ירוקו,,,עגבניות אדומות ירוקו,קילוגרמים,1.00,"ק""ג",true,,25.00,25.0000,true,1,1259472
7290000975856,false,עגבניות שרי אדומות י,,,עגבניות שרי אדומות י,קילוגרמים,1.00,"ק""ג",true,,19.00,19.0000,true,1,1259473
7290000980140,false,זית שחור ענק,,,זית שחור ענק,קילוגרמים,1.00,"ק""ג",true,,35.00,35.0000,true,1,1234971
7290000980492,false,זיתים טבעיים,,,זיתים טבעיים,קילוגרמים,1.00,"ק""ג",true,,49.00,49.0000,true,1,1234972
7290000980553,false,זית סורי שבור,,,זית סורי שבור,קילוגרמים,1.00,"ק""ג",true,,42.00,42.0000,true,1,1234973
7290000980744,false,זית מונזוליני,,,זית מונזוליני,קילוגרמים,1.00,"ק""ג",true,,35.00,35.0000,true,1,1234974
7290000981369,false,ציפקונית,שקדיה,,ציפקונית,קילוגרמים,1.00,"ק""ג",true,,42.00,42.0000,true,1,1256122
7290000981789,false,זיתים סופר ממוט,שקדיה,,זיתים סופר ממוט,קילוגרמים,1.00,"ק""ג",true,,59.00,59.0000,true,1,1263750
7290000982151,false,הודו זנב עם עצם טרי,,,הודו זנב עם עצם טרי,קילוגרמים,1.00,"ק""ג",true,,4.90,4.9000,true,1,1258023
7290000982168,false,סטייק סינטה טרי,,,סטייק סינטה טרי,קילוגרמים,1.00,"ק""ג",true,,99.00,99.0000,true,1,1258024
7290000982236,false,חלבה בטעמים,,,חלבה בטעמים,קילוגרמים,1.00,"ק""ג",true,,49.00,49.0000,true,1,1261985
7290000987040,false,זיתים חרוזית ירוק,,,זיתים חרוזית ירוק,קילוגרמים,1.00,"ק""ג",true,,35.00,35.0000,true,1,1234975
7290000988030,false,זיתים חרוזית שחור,,,זיתים חרוזית שחור,קילוגרמים,1.00,"ק""ג",true,,42.00,42.0000,true,1,1234976
7290000988573,false,ירך הודו,,,ירך הודו,קילוגרמים,1.00,"ק""ג",true,,59.90,59.9000,true,1,1258025
7290000988733,false,עמבה הודית,,,עמבה הודית,קילוגרמים,1.00,"ק""ג",true,,35.00,35.0000,true,1,1243315
7290000990019,false,לימון פרוס,,,לימון פרוס,קילוגרמים,1.00,"ק""ג",true,,42.00,42.0000,true,1,1259486
7290000990903,false,מרינט חתוך,,,מרינט חתוך,קילוגרמים,1.00,"ק""ג",true,,35.00,35.0000,true,1,1234977
7290000995014,false,זיתים מעדן,,,זיתים מעדן,קילוגרמים,1.00,"ק""ג",true,,35.00,35.0000,true,1,1260657
7290000995038,false,זית טסוס קטן,דין שיווק,,זית טסוס קטן,קילוגרמים,1.00,"ק""ג",true,,49.00,49.0000,true,1,1242843
7290000995045,false,זיתים קלמטה קולסול,,,זיתים קלמטה קולסול,קילוגרמים,1.00,"ק""ג",true,,59.00,59.0000,true,1,1242844
7290000995052,false,זית יווני מגולען,דין שיווק,,זית יווני מגולען,קילוגרמים,1.00,"ק""ג",true,,59.00,59.0000,true,1,1242845
7290000995069,false,חרוזית שחור,דין שיווק,,חרוזית שחור,קילוגרמים,1.00,"ק""ג",true,,59.00,59.0000,true,1,1242846
7290000995076,false,זית יווני שחור,דין שיווק,,זית יווני שחור,קילוגרמים,1.00,"ק""ג",true,,59.00,59.0000,true,1,1242847
7290000995328,false,זיתים סנטה,,,זיתים סנטה,קילוגרמים,1.00,"ק""ג",true,,42.00,42.0000,true,1,1263449
7290000995458,false,סלט כרוב גזר,,,סלט כרוב גזר,קילוגרמים,1.00,"ק""ג",true,,29.00,29.0000,true,1,1259487
7290000995489,false,סלט כרוב שמיר,,,סלט כרוב שמיר,קילוגרמים,1.00,"ק""ג",true,,29.00,29.0000,true,1,1259489
7290001006108,false,פסטרמה חזה הודו פפרי,עיצובים 2020 (4.9),,פסטרמה חזה הודו פפרי,קילוגרמים,1.00,"ק""ג",true,,69.00,69.0000,true,1,1403204
7290001041017,false,תבלין חוואיג' תימני 50 גר' מיה,מיה תעשיות מזון בעמ,IL,חוואיג' תימני 50גרם,גרמים,50.00,100 גרם,false,,6.90,0.1380,true,1,1248853
7290001041048,false,תבלין על האש 50גרם צנצנת,מיה תעשיות מזון בעמ,IL,תבלין על האש 50גרם,גרמים,50.00,100 גרם,false,,6.90,0.1380,true,1,1248856
7290001041123,false,שקדים מולבנים פרוסים 100גרם,מיה תעשיות מזון,IL,שקדים מולבנים פרוסים 100ג,גרמים,100.00,100 גרם,false,,10.90,0.1090,true,1,1248858
7290001041277,false,פירורי לחם רגיל מיה 400ג ',,,פירורי לחם.,גרמים,400.00,100 גרם,false,,3.90,0.0097,true,1,1248863
7290001041291,false,לקקן סוכריה על מקל 70יח',מיה תעשיות מזון בעמ,IL,סוכריה על מקל 70יחידות,גרמים,770.00,100 גרם,false,,15.90,0.0206,true,1,1248865
7290001041482,false,תבלין זנגויל 50 גר' מיה,מיה תעשיות מזון בעמ,IL,זנגויל 50גרם,גרמים,50.00,100 גרם,false,,6.90,0.1380,true,1,1248866
7290001041635,false,פירורי לחם מוזהבים מיה 200 גר',מיה תעשיות מזון,IL,פירורי לחם מוזהבים 200גרם,גרמים,200.00,100 גרם,false,,2.90,0.0145,true,1,1248867
7290001041659,false,תמרים 400גרם,מיה תעשיות מזון,IL,תמרים 400גרם,גרמים,400.00,100 גרם,false,,9.90,0.0248,true,1,1248869
7290001041833,false,אגוזים טחונים 250 גר' מיה,מיה תעשיות מזון,IL,אגוזים טחונים 250גרם,גרמים,250.00,100 גרם,false,,19.90,0.0796,true,1,1248872
7290001041840,false,"שקדים טחונים 250ג' מיה בד""ץ כשל""פ",מיה תעשיות מזון,IL,שקדים טחונים 250גרם,גרמים,250.00,100 גרם,false,,18.90,0.0756,true,1,1248873
7290001041888,false,תבלין פפריקה מתוקה 300גרם,מיה תעשיות מזון בעמ,IL,פפריקה מתוקה 300גרם,גרמים,300.00,100 גרם,false,,19.90,0.0663,true,1,1248874
7290001041994,false,"סוכר חום דמררה מיה 1 ק""ג",מיה תעשיות מזון,IL,סוכר זהב דמררה 1ק'ג,קילוגרמים,1.00,"ק""ג",false,,12.90,12.9000,true,1,1248878
7290001045169,false,פרימור סחוט תפוחי עץ צלול 1 ל',"גניר (1992) בע""מ",IL,מיץ תפוחי עץ צלול 1 ליטר,ליטרים,1.00,ליטר,false,,15.90,15.9000,true,1,1256163
7290001052051,false,קציצות עדשים וירקות,,,קציצות עדשים וירקות,גרמים,500.00,100 גרם,false,,24.90,0.0498,true,1,1408834
7290001052068,false,קציצות קינואה וחמוצי,,,קציצות קינואה וחמוצי,גרמים,500.00,100 גרם,false,,24.90,0.0498,true,1,1408844
7290001052549,false,חטיפי כרובית בציפוי פריך,חמים וטעים,,כרובית בציפוי פריך,גרמים,500.00,100 גרם,false,,27.90,0.0558,true,1,2161645
7290001052556,false,חטיפי ברוקולי בציפוי פריך,חמים וטעים,,ברוקלי בציפוי פריך,גרמים,500.00,100 גרם,false,,27.90,0.0558,true,1,2161646
7290001070826,false,ספריי שקוף להגנה SPF,,,ספריי שקוף להגנה SPF,מיליליטרים,300.00,"100 מ""ל",false,,24.90,0.0830,true,1,2068970
7290001072554,false,דאודורנט ספריי גוף לגבר ICE,פרפקט Perfect,,דאודורנט ספריי לגבר,מיליליטרים,150.00,"100 מ""ל",false,,14.90,0.0993,true,1,2172173
7290001072578,false,דאודורנט ספריי גוף לגבר SPORT,פרפקט Perfect,,דאודורנט ספריי לגבר,מיליליטרים,150.00,"100 מ""ל",false,,14.90,0.0993,true,1,2172175
7290001072585,false,דאודורנט ספריי גוף לגבר WAVE,פרפקט Perfect,,דאודורנט ספריי לגבר,מיליליטרים,150.00,"100 מ""ל",false,,14.90,0.0993,true,1,2172176
7290001072790,false,ג'ל גילוח לעור רגיל,פרפקט Perfect,,ג'ל גילוח לעור רגיל,מיליליטרים,200.00,"100 מ""ל",false,,14.90,0.0745,true,1,2172243
7290001072806,false,ג'ל גילוח לעור רגיש,פרפקט Perfect,,ג'ל גילוח לעור רגיש,מיליליטרים,200.00,"100 מ""ל",false,,14.90,0.0745,true,1,2172244
7290001121023,false,פסטרמה של פעם יחיעם,מעדני יחיעם,IL,פסטרמה של פעם ק'ג,קילוגרמים,1.00,"ק""ג",true,,85.00,85.0000,true,1,1257362
7290001121054,false,צמד חמד יחיעם 700 גר,תאי פרזידנט פוד פאבל,IL,צמד חמד 700גרם,גרמים,700.00,100 גרם,false,,24.90,0.0356,true,1,1257363
7290001121092,false,פסטרמה עוף בגריל,מעדני יחיעם,IL,פסטרמה עוף בגריל ק'ג,קילוגרמים,1.00,"ק""ג",true,,85.00,85.0000,true,1,1257365
7290001121238,false,קורנדביף יחיעם 180 ג',מעדני יחיעם 1993,IL,קורנד ביף 180גר',גרמים,180.00,100 גרם,false,,22.90,0.1272,true,1,1257368
7290001121849,false,יחיעם פסטרמה הודו טב,מעדני יחיעם 1993,IL,פסטרמה הודו 100%חומרים טב,גרמים,250.00,100 גרם,false,,24.90,0.0996,true,1,1257374
7290001121979,false,סלמי הרץ 150 גרם יחי,תאי פרזידנט פוד פאבל,IL,סלמי הרץ 150גר',גרמים,150.00,100 גרם,false,,22.90,0.1527,true,1,1257379
7290001123775,false,שווארמה פרגיות 500 ג',"טיבול ויל אחזקות בע""",IL,שווארמה פרגיות 500 ג,גרמים,500.00,100 גרם,false,,19.90,0.0398,true,1,2123770
7290001123782,false,שווארמה הודו 500 גרם,טיבון ויל,IL,שווארמה הודו 500 גרם,גרמים,500.00,100 גרם,false,,19.90,0.0398,true,1,2123771
7290001125953,false,דג אמנון טרי,,,דג אמנון טרי,קילוגרמים,1.00,"ק""ג",true,,39.90,39.9000,true,1,1243701
7290001127018,false,דג דניס,,,דג דניס,קילוגרמים,1.00,"ק""ג",true,,69.90,69.9000,true,1,1243702
7290001127049,false,קרפיון טרי,,,קרפיון טרי,קילוגרמים,1.00,"ק""ג",true,,29.90,29.9000,true,1,1243703
7290001127193,false,דג בורי טרי גדול,,,דג בורי טרי גדול,קילוגרמים,1.00,"ק""ג",true,,59.90,59.9000,true,1,1243705
7290001127339,false,דג מוסר בריכה טרי,,,דג מוסר בריכה טרי,קילוגרמים,1.00,"ק""ג",true,,59.90,59.9000,true,1,1243707
7290001129524,false,דג לברק,,,דג לברק,קילוגרמים,1.00,"ק""ג",true,,69.00,69.0000,true,1,1243710
7290001129784,false,דג בס,,,דג בס,קילוגרמים,1.00,"ק""ג",true,,59.90,59.9000,true,1,1243711
7290001129845,false,דג ברמונדי,,,דג ברמונדי,קילוגרמים,1.00,"ק""ג",true,,69.90,69.9000,true,1,1243713
7290001133835,false,מוח עגל טרי,,,מוח עגל טרי,קילוגרמים,1.00,"ק""ג",true,,149.00,149.0000,true,1,1258032
7290001136287,false,"נקה 7 - שמפו רגיל ירוק 750 מ""ל","קוסמופארם בעמ, ח.פ 5",IL,"שמפו נקה 7 רגיל 750 מ""ל",מיליליטרים,750.00,"100 מ""ל",false,,11.90,0.0159,true,1,1258352
7290001136294,false,"שמפו נקה 7 לשיער יבש אדום 750מ""ל",גוד פוד פרודקטס S.p,IL,שמפו נקה 7 יבש/צבוע750מל,מיליליטרים,750.00,"100 מ""ל",false,,11.90,0.0159,true,1,1258353
7290001136300,false,"שמפו נקה 7 לסירוק קל כחול 750מ""ל",אמיליה קוסמטיקס בעמ,IL,ש.+מרכך נקה7 סירוק קל750,מיליליטרים,750.00,"100 מ""ל",false,,11.90,0.0159,true,1,1258354
7290001136683,false,"מרכך לשיער רגיל ירוק 750 מ""ל נקה 7",אמיליה קוסמטיקס בעמ,IL,"מרכך נקה 7 ס""ש 750 מ""ל",מיליליטרים,750.00,"100 מ""ל",false,,11.90,0.0159,true,1,1258357
7290001136799,false,נקה 7 תחליב רחצה ארומה ורוד יסמין 1 ל',מיוצר בסין.יבוא ושיו,IL,תחליב רחצה ארומה ורד יסמי,ליטרים,1.00,ליטר,false,,14.90,14.9000,true,1,1258358
7290001200308,false,פילה הייק ארוז בוואק,,,פילה הייק ארוז בוואק,קילוגרמים,1.00,"ק""ג",true,,49.90,49.9000,true,1,2283500
7290001208168,false,קבוקים 250 גרם,דין שיווק,,קבוקים 250 גרם,גרמים,250.00,100 גרם,false,,5.90,0.0236,true,1,1242848
7290001208267,false,מנצ'ס 250 גרם,דין שיווק,,מנצ'ס 250 גרם,גרמים,250.00,100 גרם,false,,9.90,0.0396,true,1,1242850
7290001208274,false,מיקס חטיף יפני 150 ג,דין שיווק,,מיקס חטיף יפני 150 ג,גרמים,150.00,100 גרם,false,,9.90,0.0660,true,1,1242851
7290001208496,false,אפונה קלויה 250 גרם.,דין שיווק,,אפונה קלויה 250 גרם.,גרמים,200.00,100 גרם,false,,7.90,0.0395,true,1,1242852
7290001216040,false,טחינה גולמית אל ארז,דולפין ספא,IL,טחינה 500 גר אל ארז,גרמים,500.00,100 גרם,false,,15.90,0.0318,true,1,1339989
7290001216231,false,טחינה גולמית שומשום מלא אל ארז 500ג',דולפין ספא,IL,טחינה מלא 500 גרם א,גרמים,500.00,100 גרם,false,,16.90,0.0338,true,1,1340000
7290001245521,false,ג'ל מרוכז לכביסה לבנה וצבעונית,פרפקט Perfect,,ג'ל מרוכז 5 ליטר לכ,ליטרים,5.00,ליטר,false,,19.90,3.9800,true,1,2019836
7290001246955,false,מנקה פירות וירקות 1,,,מנקה פירות וירקות 1,ליטרים,1.00,ליטר,false,,17.90,17.9000,true,1,2133266
7290001247068,false,נקטר ספרינג תות בננה קרטונית 1 ל',"יפאורה תבורי בע""מ",IL,ספרינג תות בננה קרטו,ליטרים,1.00,ליטר,false,,6.60,6.6000,true,1,1239911
7290001247082,false,נקטר ספרינג עגבניות קרטונית 1 ל',"יפאורה תבורי בע""מ",IL,ספרינג עגבניות קרטונ,ליטרים,1.00,ליטר,false,,6.60,6.6000,true,1,1239912
7290001247099,false,נקטר ספרינג מנגו קרטונית 1 ל',"יפאורה תבורי בע""מ",IL,ספרינג מנגו קרטונית,ליטרים,1.00,ליטר,false,,6.60,6.6000,true,1,1239913
7290001247105,false,נקטר ספרינג אפרסק קרטונית 1 ל',"יפאורה תבורי בע""מ",IL,נקטר ספרינג אפרסק,ליטרים,1.00,ליטר,false,,6.60,6.6000,true,1,1239914
7290001247112,false,נקטר ספרינג לימונענע קרטונית 1 ל',"יפאורה תבורי בע""מ",IL,ספרינג לימונענע קרטו,ליטרים,1.00,ליטר,false,,6.60,6.6000,true,1,1239915
7290001247129,false,נקטר ספרינג תפוזים קרטונית 1 ל',"יפאורה תבורי בע""מ",IL,ספרינג תפוז קרטונית,ליטרים,1.00,ליטר,false,,6.60,6.6000,true,1,1239916
7290001247143,false,נקטר ספרינג תפוחים קרטונית 1 ל',"יפאורה תבורי בע""מ",IL,ספרינג תפוח קרטונית,ליטרים,1.00,ליטר,false,,6.60,6.6000,true,1,1239917
7290001258118,false,קממבר טבעי יעקבס לקג,גבינות משק יעקבס,IL,קממברט,קילוגרמים,1.00,"ק""ג",true,,99.00,99.0000,true,1,1261551
7290001258729,false,לאבנה עיזים יעקובס 2,גבינות משק יעקבס,IL,9 לבנה עזים 250.0 גרם,גרמים,250.00,100 גרם,false,,15.90,0.0636,true,1,1261573
7290001305058,false,"פלמוליב - נטורלס תחליב רחצה חלב ודבש 500 מ""ל",הנסיך- מפעל לייצור ט,TR,פלמוליב חלב ודבש 500מל חד,מיליליטרים,500.00,"100 מ""ל",false,,15.90,0.0318,true,1,1253143
7290001330746,false,עוגת ליצן מלבן 500 ג,ברון מפעל לייצור עוג,,עוגת פס ליצן.,גרמים,600.00,100 גרם,false,,47.90,0.0798,true,1,1274646
7290001343845,false,"גרנולה פירות 1 ק""ג - 845 - ורוד שקדיה",הנסיך- מפעל לייצור ט,IL,"גרנולה פירות 1 ק""ג.",גרמים,1000.00,100 גרם,false,,19.90,0.0199,true,1,1242853
7290001407127,false,בארכה פרוסות חלווה וניל 400גר,,,פרוסות חלבה קלאסית ו,גרמים,400.00,100 גרם,false,,12.90,0.0323,true,1,1330998
7290001407547,false,טחינה גולמית משומשום מלא פי 6 בארכה 500ג',רושדי תעשיות מזון בע,IL,טחינה משומשום מלא פי 6 סי,גרמים,500.00,100 גרם,false,,13.90,0.0278,true,1,1292864
7290001407592,false,בארכה טחינה גולמית פי 6 סידן,,,טחינה בארכה משומשום,קילוגרמים,1.00,"100 ק""ג",false,,24.90,24.9000,true,1,2214608
7290001407769,false,טחינה גולמית שומשום מלא בארכה 500ג',רושדי תעשיות מזון בע,IL,טחינה בארכה עם שומשום מלא,גרמים,500.00,100 גרם,false,,13.90,0.0278,true,1,1253810
7290001407813,false,חלבה שאמית פיסטוק בקטנה בארכה 350ג',רושדי תעשיות מזון בע,IL,חלבה בארכה שאמית וניל עם,גרמים,350.00,100 גרם,false,,15.90,0.0454,true,1,1253811
7290001407820,false,חלווה שאמית וניל קלאסית בארכה 350ג',רושדי תעשיות מזון בע,IL,חלבה בארכה שאמית וניל 350,גרמים,350.00,100 גרם,false,,15.90,0.0454,true,1,1253812
7290001407837,false,חלבה שאמית קקאו בארכה 350 ג',רושדי תעשיות מזון בע,IL,חלבה בארכה שאמית שוקו עם,גרמים,350.00,100 גרם,false,,15.90,0.0454,true,1,1253813
7290001407936,false,בארכה-טחינה גולמית מעודנת בקבוק לחיץ 310 ג',רושדי תעשיות מזון בע,IL,טחינה גולמית מעודנת,גרמים,310.00,100 גרם,false,,11.90,0.0384,true,1,1360177
7290001419618,false,וופל בלגי עלמה שחור לבן וניל 200ג',גילרו,,וופל בלגי שוקו.,גרמים,200.00,100 גרם,false,,2.90,0.0145,true,1,1260684
7290001419779,false,וופל שוקו' עלמה קלאסי 200 גר,"גילרו בע""מ",,וופל קלאסי שוקו.,גרמים,200.00,100 גרם,false,,2.90,0.0145,true,1,1260685
7290001419793,false,גביעי גלידה מגולגל עלמה גילרו 30 יח',"גילרו בע""מ",,גביע גלידה.,גרמים,132.00,100 גרם,false,,10.90,0.0826,true,1,1260686
7290001425299,false,"קרם גוף 500 מ""ל",שוורץ,IL,"ק.גוף זית 500 סמ""ק",מיליליטרים,500.00,"100 מ""ל",false,,24.90,0.0498,true,1,1243332
7290001425619,false,קרם רב שימושי שמן זי,שוורץ,IL,"ק.רב שימושי זית 250 סמ""ק",מיליליטרים,250.00,"100 מ""ל",false,,15.90,0.0636,true,1,1243338
7290001427019,false,מיץ תפוזים קשת 500 מ,,,מיץ תפוזים קשת 500 מ,מיליליטרים,500.00,"100 מ""ל",false,,13.90,0.0278,true,1,2260029
7290001427095,false,מיץ תפוח וסלק 100% סחוט,קשת מיצים טבעיים,IL,מיץ סלק ותפוחים טבעי,מיליליטרים,500.00,"100 מ""ל",false,,13.90,0.0278,true,1,2184053
7290001427118,false,מיץ תפוחים טבעי 100% סחוט,קשת מיצים טבעיים,IL,מיץ תפוחים סחוט טבעי,מיליליטרים,500.00,"100 מ""ל",false,,13.90,0.0278,true,1,2184054
7290001427132,false,מיץ רימונים טבעי קשת,קשת מיצים טבעיים,IL,מיץ רימונים טבעי קשת,מיליליטרים,500.00,"100 מ""ל",false,,15.90,0.0318,true,1,2184055
7290001427453,false,מיץ תפוחים פינק לייד,,,מיץ תפוחים פינק לייד,ליטרים,1.00,ליטר,false,,21.90,21.9000,true,1,2181857
7290001439074,false,ספוג שלישיית כדורי רחצה מוסקו,יושלם,,שלישיה כדור ליפה,יח',3.00,יח',false,,11.90,3.9667,true,1,1239303
7290001461112,false,לחם רוסטיק עגול פילס,פילסברי,,לחם מחמצת דגנים (ברק,גרמים,500.00,100 גרם,false,,16.90,0.0338,true,1,1935588
7290001461457,false,בגט רוסטיק עם קמח מל,פילסברי,,בגט רוסטיק קמח מלא,יחידה,0.00,יחידה,false,,7.90,0.0000,true,1,1704290
7290001468272,false,נאמן פלסטרים מעורב 50יח',QUEST,,פלסטרים בגדלים וצורו,יח',50.00,יח',false,,6.90,0.1380,true,1,1244864
7290001468319,false,"מיץ לימון נאמן 200מ""ל",ITAL LEMON,,מיץ לימון 200,מיליליטרים,200.00,"100 מ""ל",false,,5.90,0.0295,true,1,1244865
7290001468326,false,"מיץ לימון טבעי 500 מ""ל",ITAL LEMON,,מיץ לימון,מיליליטרים,500.00,"100 מ""ל",false,,11.90,0.0238,true,1,1244866
7290001468470,false,כפפה מגבת ספוג ליפה טבעי,,,ספוג ליפה טבעי,יחידה,0.00,יחידה,false,,14.90,0.0000,true,1,1244868
7290001468661,false,"מסיר לק ריחני 180 מ""ל",מעבדות קליאו,,מסיר לק יסמין,מיליליטרים,180.00,"100 מ""ל",false,,6.90,0.0383,true,1,1244869
7290001468678,false,מפת שולחן אלפא,נ.ש.ם,,מפת שולחן אלפא,יח',1.00,יח',false,,9.90,9.9000,true,1,1244870
7290001468753,false,קמח תפוחי אדמה 500 ג' נאמן,תבליני ביטון,IL,קמח תפוחי אדמה 500 ג,גרמים,500.00,100 גרם,false,,5.90,0.0118,true,1,1244871
7290001468890,false,אלכוהול 70%,,,אלכוהול 70%,מיליליטרים,100.00,"100 מ""ל",false,,5.90,0.0590,true,1,1244875
7290001476208,false,גבינה ברי משולש כבשי,מחלבות גד,IL,"ברי פקאן משולשים ק""ג",קילוגרמים,1.00,"ק""ג",true,,132.00,132.0000,true,1,1243175
7290001482094,false,גבינה פרמז'נו משולשים ויליפוד 200ג',זנטי אס. אי לאלין,IT,פרמז'נו 200גרם ( 25יח') (,גרמים,200.00,100 גרם,false,,19.90,0.0995,true,1,1226470
7290001482384,false,אננס חתוך ויליפוד 227 ג',טקרנג,TH,אננס חתוך 227גרם,גרמים,227.00,100 גרם,false,,3.90,0.0172,true,1,1226472
7290001482506,false,וילי פוד חומץ בלסמי בדץ 500מל,אצטום,IT,חומץ בלסמי ממודנה 500מ'ל,מיליליטרים,500.00,"100 מ""ל",false,,19.90,0.0398,true,1,1226477
7290001485019,false,גבינת שמנת 5% טעם טבעי 200 ג' טרה,קריות זול,IL,גבינת קרם שמנת טבעי 200 ג,גרמים,200.00,100 גרם,false,,10.90,0.0545,true,1,1243802
7290001491010,false,תה ירוק יסמין 25 שקיקים 1.5 גרם,קריות זול,IL,תה ירוק יסמין,גרמים,37.50,100 גרם,false,,22.90,0.6107,true,1,1253815
7290001491096,false,תה ירוק בתוספת לימונית ולואיזה 50 שקיקים ויסוצקי,קריות זול,IL,תה ירוק לימונית ולואיזה,גרמים,75.00,100 גרם,false,,39.90,0.5320,true,1,1253816
7290001507063,false,פתי בר מקמח מלא אורג,השדה מוצרים אורגניים,IL,ביסקוויט פתיבר אורגני מקמ,גרמים,200.00,100 גרם,false,,7.90,0.0395,true,1,1226732
7290001507070,false,פתיבר חרובים מקמח מל,השדה מוצרים אורגניים,IL,ביסקוויט פתיבר חרובים אור,גרמים,200.00,100 גרם,false,,7.90,0.0395,true,1,1226733
7290001515310,false,סקוטש ברייט שש כריות קרצוף 6 יח',,,כריות קירצוף,יח',6.00,יח',false,,12.90,2.1500,true,1,1222878
7290001515631,false,ספוגי קרצוף קשיחים סקוטש ברייט שלישיה,,,ספוג קרצוף ארוך שליש,יח',3.00,יח',false,,7.90,2.6333,true,1,1224301
7290001532010,false,סלמון בעישון חם הרמס,"הרמס דגים בע""מ",IL,סלמון מעושן חם,קילוגרמים,1.00,"ק""ג",true,,169.00,169.0000,true,1,2156561
7290001532157,false,פילה הרינג,,,פילה הרינג,קילוגרמים,1.00,"ק""ג",true,,45.00,45.0000,true,1,2203439
7290001532164,false,פילה הרינג כבוש,,,פילה הרינג כבוש,קילוגרמים,1.00,"ק""ג",true,,45.00,45.0000,true,1,2203440
7290001532195,false,מקרל מעושן קטן,,,מקרל מעושן קטן,קילוגרמים,1.00,"ק""ג",true,,69.00,69.0000,true,1,2156564
7290001532249,false,מקרל מקרוסקה מעושן ה,"הרמס דגים בע""מ",IL,הרמס מקרוסקה מעושן ח,קילוגרמים,1.00,"ק""ג",true,,119.00,119.0000,true,1,2156566
7290001532287,false,דג מויבה מעושן,,,דג מויבה מעושן,קילוגרמים,1.00,"ק""ג",true,,79.00,79.0000,true,1,2203445
7290001532300,false,דג רוטבש מעושן חם,,,דג רוטבש מעושן חם,קילוגרמים,1.00,"ק""ג",true,,95.00,95.0000,true,1,2203446
7290001532317,false,מקרל בשמן,,,מקרל בשמן,קילוגרמים,1.00,"ק""ג",true,,89.00,89.0000,true,1,2203447
7290001532324,false,הרמס פילה הרינג לבן,,,הרמס פילה הרינג לבן,קילוגרמים,1.00,"ק""ג",true,,49.00,49.0000,true,1,2156555
7290001532331,false,סלמון גרבלקס פרוס,,,סלמון גרבלקס פרוס,קילוגרמים,1.00,"ק""ג",true,,189.00,189.0000,true,1,2203448
7290001532690,false,הרמס פילה הרינג אדום,,,הרמס פילה הרינג אדום,קילוגרמים,1.00,"ק""ג",true,,49.00,49.0000,true,1,2156556
7290001532706,false,פילה הרינג חתוך,,,פילה הרינג חתוך,קילוגרמים,1.00,"ק""ג",true,,45.00,45.0000,true,1,2203450
7290001552025,false,קוסקוס של אמא קפוא 8,,,הקוסקוס של אמא 800 ג,גרמים,800.00,100 גרם,false,,14.90,0.0186,true,1,1268068
7290001567708,false,נקנקיות וינר 400 ג' יחיעם,יחיעם,IL,נקניקיות עוף 400 גרם,גרמים,400.00,100 גרם,false,,9.90,0.0248,true,1,1355426
7290001567814,false,סלמי מעושן בסגנון איטלקי 300 ג' יחיעם,פ.פ.ח. שאביט,IL,סלמי מעושן בסגנון אי,יחידה,0.00,יחידה,false,,19.90,0.0000,true,1,1411139
7290001567920,false,סלמי תה יחיעם 200 גר,,,סלמי תה,גרמים,200.00,100 גרם,false,,9.90,0.0495,true,1,1745541
7290001594155,false,קוקה קולה בקבוק 500מ,החברה המרכזית לייצור,IL,ק'-קולה 500 מל,מיליליטרים,500.00,"100 מ""ל",false,,6.90,0.0138,true,1,1249796
7290001594179,false,פאנטה אורנג בקבוק 50,החברה המרכזית לייצור,IL,פנט אורנג 500 מל,מיליליטרים,500.00,"100 מ""ל",false,,6.90,0.0138,true,1,1249798
7290001594230,false,"קינלי סודה בקבוק 250 מ""ל",החברה המרכזית לייצור,IL,קינלי סודה 250,מיליליטרים,250.00,"100 מ""ל",false,,4.00,0.0160,true,1,1249801
7290001594520,false,"בירה טובורג בקבוק 330מ""ל",מבשלות בירה בינלאומי,IL,"בירה טובורג 330 מ""ל.",מיליליטרים,330.00,"100 מ""ל",false,,6.90,0.0209,true,1,1249806
7290001594544,false,"בירה שחורה מאלטי בקבוק 330מ""ל",קרלסברג ישראל,,"בירה מאלטי 330 מ""ל.",מיליליטרים,330.00,"100 מ""ל",false,,5.90,0.0179,true,1,1249808
7290001594568,false,"בירה קרלסברג פחית 500 מ""ל",מבשלות בירה בינלאומי,RO,קרלסברג פח 500 מל פקדון,מיליליטרים,500.00,"100 מ""ל",false,,7.90,0.0158,true,1,1249810
7290001594575,false,"בירה טובורג פחית 500 מ""ל",מבשלות בירה בינלאומי,IL,טובורג פח 500 מל פקדון,מיליליטרים,500.00,"100 מ""ל",false,,7.90,0.0158,true,1,1249811
7290001594810,false,"בירה שחורה מאלטי בקב' מארז 330X6מ""ל",קרלסברג ישראל,,שישיית בירה מאלטי 33,ליטרים,1.98,ליטר,false,,24.90,12.5758,true,1,1249813
7290001594858,false,"בירה טובורג בקבוק 330X6מ""ל",קרלסברג ישראל,IL,טובורג 6 בק 330 פקדון,ליטרים,1.98,ליטר,false,,39.90,20.1515,true,1,1249815
7290001594865,false,"קרלסברג בירה בקבוק 6* 330 מ""ל",קרלסברג ישראל,IL,קרלסברג 6 בק 330 פקדון,ליטרים,1.98,ליטר,false,,32.90,16.6162,true,1,1249816
7290001664353,false,גב עוף,,,גב עוף,קילוגרמים,1.00,"ק""ג",true,,4.90,4.9000,true,1,1258038
7290001664360,false,עצמות בקר טרי,,,עצמות בקר טרי,קילוגרמים,1.00,"ק""ג",true,,29.90,29.9000,true,1,1258039
7290001664384,false,פילה עגל טרי,,,פילה עגל טרי,קילוגרמים,1.00,"ק""ג",true,,220.00,220.0000,true,1,1258040
7290001664391,false,כנפיים עוף+נקיון,,,כנפיים עוף+נקיון,קילוגרמים,1.00,"ק""ג",true,,14.90,14.9000,true,1,1258041
7290001664445,false,לשון עגל טרי,,,לשון עגל טרי,קילוגרמים,1.00,"ק""ג",true,,49.00,49.0000,true,1,1258045
7290001664483,false,הודו אדום טחון,,,הודו אדום טחון,קילוגרמים,1.00,"ק""ג",true,,69.90,69.9000,true,1,1258047
7290001664520,false,כתף טלה טרי,,,כתף טלה טרי,קילוגרמים,1.00,"ק""ג",true,,89.90,89.9000,true,1,1258049
7290001664537,false,"חזה טלה טרי ע""ע",,,"חזה טלה טרי ע""ע",קילוגרמים,1.00,"ק""ג",true,,69.90,69.9000,true,1,1258050
7290001664544,false,צלעות טלה טרי,,,צלעות טלה טרי,קילוגרמים,1.00,"ק""ג",true,,199.00,199.0000,true,1,1258051
7290001664551,false,צוואר טלה טרי,,,צוואר טלה טרי,קילוגרמים,1.00,"ק""ג",true,,89.90,89.9000,true,1,1258052
7290001664643,false,ספריפס טלה,,,ספריפס טלה,קילוגרמים,1.00,"ק""ג",true,,59.90,59.9000,true,1,1258054
7290001664919,false,סטייק פרגיות,,,סטייק פרגיות,קילוגרמים,1.00,"ק""ג",true,,79.90,79.9000,true,1,1258057
7290001664964,false,קוביות/חזה עוף פרוס,,,קוביות/חזה עוף פרוס,קילוגרמים,1.00,"ק""ג",true,,44.90,44.9000,true,1,1258058
7290001670224,false,מלית פרג 400 גרם פוליבה,"פוליבה בע""מ",IL,מלית פרג,גרמים,400.00,100 גרם,false,,10.90,0.0273,true,1,1237037
7290001670255,false,כוס קרטון שתייה חמה 8B 50 יח',הנמל,,כוסות קרטון 8 50 יח,יח',50.00,יח',false,,9.90,0.1980,true,1,2239125
7290001670354,false,"מפת שולחן סופגת לבן 137X274 ס""מ במיוחד",,,מפת שולחן סופגת,יחידה,0.00,יחידה,false,,9.90,0.0000,true,1,1237041
7290001670385,false,מפיות אירוח 33X33 סמ לבן 100 יח',,,מפיות אירוח,יח',100.00,יח',false,,4.90,0.0490,true,1,1237042
7290001670408,false,נרות חימום בשקית 50 יח`,לחמנו,CN,נרות חימום 50 בשקית,יח',50.00,יח',false,,12.90,0.2580,true,1,2234359
7290001670514,false,מלית אוכמניות - 400 גרם פוליבה,"פוליבה בע""מ",IL,מלית אוכמניות,גרמים,400.00,100 גרם,false,,10.90,0.0273,true,1,1237048
7290001670668,false,שקיות להכנת קרחונים 12 יח' הנמל,"איטיליאן פוד, אס.פי.",TR,קרחוניות 12 יח',יח',12.00,יח',false,,3.90,0.3250,true,1,1237051
7290001670736,false,כפפות נילון שקוף 100 יחידות,יבוא ושיווק: הנמל אר,IL,כפפות ניילון שקוף 10,יח',100.00,יח',false,,4.90,0.0490,true,1,1237052
7290001670842,false,מלית חלווה פוליבה 400 ג',"פוליבה בע""מ",IL,ממרח חלבה 400 גרם,גרמים,400.00,100 גרם,false,,10.90,0.0273,true,1,1237054
7290001670859,false,מלית דובדבנים פוליבה 400 ג',קריות זול,IL,מלית דובדבנים,גרמים,400.00,100 גרם,false,,10.90,0.0273,true,1,1237055
7290001690147,false,"גבינת מותכת למריחה6%,120 ג' טעם טוב",שלושת האופים,IL,טעם טוב גבינה מותכת,גרמים,120.00,100 גרם,false,,9.90,0.0825,true,1,2236221
7290001709467,false,מטבעות פאני פורי 200,,,מטבעות פאני פורי 200,גרמים,200.00,100 גרם,false,,19.90,0.0995,true,1,2274820
7290001713150,false,סנט מוריץ מתז אקונומיקה Bleach קצף לימון 1 ליטר,קומפלקס כימיקלים,IL,מתז אקונומיקה קצף,ליטרים,1.00,ליטר,false,,10.90,10.9000,true,1,2170901
7290001723319,false,סינר סקוטש משובח,,,סינר סקוטש משובח,יח',1.00,יח',false,,11.90,11.9000,true,1,1237778
7290001791356,false,"סנו - פרש מילוי למטהר אוויר בלו אייר 250 מ""ל",קריות זול,IL,סנופרש אוטומטי לבנדר250מ,מיליליטרים,250.00,"100 מ""ל",false,,13.90,0.0556,true,1,1235458
7290001791363,false,"פרש אוטומטיק בריח וניל 250 מ""ל סנו",סנו מפעלי ברונוס בעמ,IL,סנופרש אוטומטי וניל 250מ,מיליליטרים,250.00,"100 מ""ל",false,,13.90,0.0556,true,1,1235459
7290001813454,false,עוגיות חיוכים חגיגה שוקו 900 ג',אפיפית נצרת תעשיות ב,IL,חיוכים שוקו 900 גרם,גרמים,900.00,100 גרם,false,,19.90,0.0221,true,1,2265954
7290001813478,false,עוגיות חיוכים חגיגה וניל 900 ג',אפיפית נצרת תעשיות ב,IL,חיוכים וניל 900 גרם,גרמים,900.00,100 גרם,false,,19.90,0.0221,true,1,2265955
7290001817377,false,צ'יטוס חטיף איקס עיגול פיצה 60 גרם,"שטראוס פריטו ליי בע""",IL,ציטוס איקס עיגול 60,גרמים,60.00,100 גרם,false,,3.50,0.0583,true,1,1257404
7290001817728,false,צ'יטוס חטיף כאפה קטשופ 55 גרם,"שטראוס פריטו ליי בע""",IL,ציטוס כאפה 55 גר תפזורת,גרמים,55.00,100 גרם,false,,3.50,0.0636,true,1,1257406
7290001835340,false,פרמיו לבבות 100 גר,,,פרמיו לבבות 100ג',גרמים,100.00,100 גרם,false,,14.90,0.1490,true,1,2274314
7290001835357,false,פרמיו מיני 100ג',,,פרמיו מיני 100ג',גרמים,100.00,100 גרם,false,,14.90,0.1490,true,1,2274315
7290001835364,false,פרמיו חטיפי ברווז 100ג',,,פרמיו חטיפי ברווז 10,גרמים,100.00,100 גרם,false,,14.90,0.1490,true,1,2274316
7290001865439,false,פמלי לקשרי 1ליטר וניל טהור +משאבה,אף.סי תבליני בגליל ב,IL,פמלי אל סבון ליטר ונילה [,ליטרים,1.00,ליטר,false,,9.90,9.9000,true,1,1266235
7290001865453,false,פמלי לקשרי 1ליטר לבנדר ארומטי+משאבה,מיוצר עי קונדיטוריית,TR,פמלי אל סבון ליטר לבנדר [,ליטרים,1.00,ליטר,false,,9.90,9.9000,true,1,1266236
7290001865460,false,אל סבון פמילי 1 ליטר,אינטרקוסמא,IL,פמלי אל סבון ליטר ליים [י,ליטרים,1.00,ליטר,false,,9.90,9.9000,true,1,1266237
7290001892008,false,לחם שיפון בסגנון סקנ,מאפיית פולנסקי,IL,לחם סקנדינבי,גרמים,700.00,100 גרם,false,,11.90,0.0170,true,1,1251703
7290001892060,false,לחם שיפון ללא סוכר 6,מאפיית פולנסקי,IL,לחם שיפון,גרמים,650.00,100 גרם,false,,11.90,0.0183,true,1,1251706
7290001892077,false,לחם שיפון בריאות/רוס,מאפיית פולנסקי,IL,לחם בריאות/רוסי/אוקראיני,גרמים,700.00,100 גרם,false,,11.90,0.0170,true,1,1251707
7290001892084,false,לחם חיטה נבוטה 700 ג,מאפיית פולנסקי,,לחם חיטה נבוטה 700 ג,גרמים,700.00,100 גרם,false,,11.90,0.0170,true,1,1251708
7290001892145,false,לחם טוסטים 700 גרם ל,מאפיית פולנסקי,IL,לחם טוסט קטן,גרמים,700.00,100 גרם,false,,11.90,0.0170,true,1,1251711
7290001901656,false,גפילטע פיש היימיש 7 קציצות כשלפ בדץ,דג טעים בעמ,IL,צנצנת קציצות היימיש,גרמים,560.00,100 גרם,false,,10.90,0.0195,true,1,1347712
7290001901670,false,צנצנת גפילטע פיש 4 קציצות ללא סוכר,דג טעים בעמ,IL,צנצנת קציצות דיאט 4,גרמים,510.00,100 גרם,false,,15.90,0.0312,true,1,1347732
7290001917527,false,פרש וואנס פדים להסרת איפור 80 יח' *3,קריות זול,IL,פדיות קוסמטיות **1X3**,יח',3.00,יח',false,,14.90,4.9667,true,1,1266240
7290001946015,false,אריסה מתוקה,תבליני ביטון מאיר,IL,אריסה מתוקה 250ג- 12יח',גרמים,250.00,100 גרם,false,,12.90,0.0516,true,1,1261106
7290001946046,false,עמבה,תבליני ביטון מאיר,IL,עמבה 250ג- 12יח',גרמים,250.00,100 גרם,false,,12.90,0.0516,true,1,1261107
7290001946077,false,אריסה חריפה,תבליני ביטון מאיר,IL,אריסה חריפה 250ג- 12יח',גרמים,250.00,100 גרם,false,,12.90,0.0516,true,1,1261108
7290001946114,false,סחוג אדום ביטון 150 גר',,,סחוג אדום,גרמים,150.00,100 גרם,false,,9.90,0.0660,true,1,1299422
7290001946237,false,פלפל צ'ומה,תבליני ביטון מאיר,IL,פלפל צ'ומה 250ג- 12יח',גרמים,250.00,100 גרם,false,,12.90,0.0516,true,1,1261109
7290001946299,false,סחוג תימני,תבליני ביטון מאיר,IL,סחוג תימני 250ג- 12יח',גרמים,250.00,100 גרם,false,,12.90,0.0516,true,1,1261110
7290001946503,false,שום כתוש,תבליני ביטון מאיר,IL,שום כתוש 250ג- 12יח',גרמים,250.00,100 גרם,false,,12.90,0.0516,true,1,1261111
7290001946725,false,לימון באלדי,תבליני ביטון מאיר,IL,לימון באלדי 250ג- 12יח',גרמים,250.00,100 גרם,false,,12.90,0.0516,true,1,1261112
7290001946749,false,סחוג ירוק,,,סחוג ירוק,גרמים,150.00,100 גרם,false,,9.90,0.0660,true,1,1299426
7290001973233,false,"ד""ר פישר - קמיל בלו מילוי מגבונים בדיספנסר 120 יח'","ד""ר פישר Dr fischer",IL,ק.ב סנסטיב מגבונים 120 יח,יח',120.00,יח',false,,12.90,0.1075,true,1,1265125
7290001973332,false,מגבונים קמיל בלו סנסטיב לפנים 60 יח,"ד""ר פישר Dr fischer",IL,- ק.ב.ס מגבונים לפנים 60,יח',60.00,יח',false,,6.90,0.1150,true,1,1265128
7290001973363,false,מגבונים קמיל בלו ליציאה שקית 30 יח,"ד""ר פישר Dr fischer",IL,TO-GO ק.ב סנסטיב מגבונ,יח',30.00,יח',false,,6.90,0.2300,true,1,1265129
7290001990148,false,"סוכר גולדן קלאסי צנצנת 1ק""ג סוגת",האי נאם סי או אל.טי.,IL,סוכר גולדן קלסי צנצנת1 קג,קילוגרמים,1.00,"ק""ג",false,,12.90,12.9000,true,1,1248058
7290002000136,false,מגע המשי שעווה דבש למיקרוגל 500 ג',ש. שוורץ (באר שבע) ב,IL,מגע המשי הדבש ש.למיקרוגל,גרמים,500.00,100 גרם,false,,16.90,0.0338,true,1,1266241
7290002000143,false,"חדש -פנג'ל ק.ידיים קלאסיק 80מ""ל",מיוצר עי קונדיטוריית,IL,חדש -פנג'ל ק.ידיים קלאסיק,מיליליטרים,80.00,"100 מ""ל",false,,6.90,0.0863,true,1,1266242
7290002000266,false,מגע המשי שעווה תפוח למיקרוגל 500 ג',המאפיה של הרמן,IL,מגע המשי התפוח ש.למיקרוגל,גרמים,500.00,100 גרם,false,,16.90,0.0338,true,1,1266243
7290002001782,false,קרם לכף רגל פנג'ל,אינטרקוסמא,IL,חדש-פנג'ל פלוס קרם כף רגל,גרמים,100.00,100 גרם,false,,14.90,0.1490,true,1,1266244
7290002002857,false,מגע המשי נייר הדבש 50יח',"איטיליאן פוד, אס.פי.",IL,מגע המשי נייר הדבש 50יח,יח',50.00,יח',false,,18.90,0.3780,true,1,1266251
7290002003168,false,קרם ידיים מארז שלישיית פנג'ל 3X80-גרם,אינטרקוסמא 1985 במ,IL,פנג'ל קרם ידיים קלאס,מיליליטרים,240.00,"100 מ""ל",false,,19.90,0.0829,true,1,2040032
7290002007029,false,קוקוס טחון 100 ג' הנמל,יבוא ושיווק: הנמל אר,IL,קוקוס טחון,גרמים,100.00,100 גרם,false,,3.90,0.0390,true,1,2137973
7290002007234,false,אבקת סוכר 100 ג' הנמל,"מיוצר וארוז ע""י: ר.ס",IL,אבקת סוכר 100 גרם,גרמים,100.00,100 גרם,false,,1.90,0.0190,true,1,1237058
7290002007302,false,סוכריות לקישוט צבע אחיד 100 ג' הנמל,קריות זול,,סוכריות קישוט לעוגה,גרמים,100.00,100 גרם,false,,4.90,0.0490,true,1,1237061
7290002007357,false,שקיות צליה דליקטס מיקרוגל הנמל 10 יח',הנמל,IL,שקיות לצליה,יח',10.00,יח',false,,4.90,0.4900,true,1,1237062
7290002007371,false,פירורי לחם הנמל 500 ג',הנמל אריזות ושיווק ב,IL,פירורי לחם 500ג.,גרמים,500.00,100 גרם,false,,5.90,0.0118,true,1,1237063
7290002007487,false,צמר פלדה הנמל 100 גר,"איטיליאן פוד, אס.פי.",IL,צמר פלדה,גרמים,100.00,גרם,false,,2.90,0.0290,true,1,1237066
7290002007500,false,קיסמי שיניים במבוק בחבית 500 יח',הנמל אריזות ושיווק ב,IL,קיסמי שיניים 500 יח,יח',500.00,יח',false,,3.80,0.0076,true,1,1237067
7290002007746,false,"צבע מאכל כחול 55 מ""ל הנמל",הנמל אריזות ושיווק ב,IL,צבע מאכל כחול,מיליליטרים,55.00,"100 מ""ל",false,,2.90,0.0527,true,1,1237070
7290002007821,false,"צבע מאכל אדום 55 מ""ל",ממתקי עלה ייצור שיוו,IL,צבע מאכל אדום,מיליליטרים,55.00,"100 מ""ל",false,,2.90,0.0527,true,1,1237072
7290002007852,false,"תמצית אפייה בטעמים שונים 55 מ""ל הנמל",ממתקי עלה יצור ושיוו,IL,תמצית לאפיה וניל,מיליליטרים,55.00,"100 מ""ל",false,,2.90,0.0527,true,1,1237073
7290002008057,false,"תמצית אפייה בטעם רום 55 מ""ל הנמל",ממתקי עלה יצור שיווק,IL,תמצית אפיה רום,מיליליטרים,55.00,"100 מ""ל",false,,2.90,0.0527,true,1,1237081
7290002008071,false,עטרות חום 2 מספר הנמל,הנמל אריזות ושיווק ב,IL,נייר לעוגיות מס.2 13,יח',130.00,יח',false,,3.90,0.0300,true,1,1237082
7290002008088,false,"צבע מאכל צהוב 55 מ""ל הנמל",הנמל אריזות ושיווק ב,IL,צבע מאכל צהוב,מיליליטרים,55.00,"100 מ""ל",false,,2.90,0.0527,true,1,1237083
7290002008156,false,עטרות חום 5 מספר הנמל,קריות זול,IL,נייר לעוגיות מס.5 13,יח',130.00,יח',false,,4.90,0.0377,true,1,1237086
7290002008170,false,עטרות חום 3 מספר הנמל,הנמל,IL,נייר לעוגיות מס.3 13,יח',130.00,יח',false,,3.90,0.0300,true,1,1237087
7290002008224,false,סוכריות לקישוט צבעונית הנמל 100 ג',ממתקי עלה בעמ,IL,סוכריות קישוט,גרמים,60.00,100 גרם,false,,4.90,0.0817,true,1,1237089
7290002008255,false,נייר אפיה 10 יח,,,נייר אפיה 10 יח,יח',10.00,יח',false,,2.00,0.2000,true,1,1237091
7290002008262,false,מצע לירקות ולפירות ה,שיווק: הנמל אריזות ו,IL,מצע נושם לירקות,יח',1.00,יח',false,,9.90,9.9000,true,1,1237092
7290002008309,false,עטרות נייר חום לעוגה מס' 4 הנמל 130יח',הנמל אריזות ושיווק ב,IL,נייר לעוגיות מס.4 13,יח',130.00,יח',false,,4.90,0.0377,true,1,1237094
7290002008354,false,מפת מגן נילון לשולחן,"איטיליאן פוד, אס.פי.",IL,מפות ניילון בגליל 8,יח',8.00,יח',false,,7.90,0.9875,true,1,1237095
7290002008460,false,עטרות חום 1.5 מספר הנמל,קריות זול,IL,נייר לעוגיות מס.1.5,יח',130.00,יח',false,,2.90,0.0223,true,1,1237099
7290002008491,false,סוכריות לקישוט שוקולד 100 ג' הנמל,ממתקי עלה יצור שיווק,IL,סוכריות קישוט שוקו,גרמים,100.00,100 גרם,false,,4.90,0.0490,true,1,1237100
7290002008507,false,נייר אפייה 50 יח' הנמל,הנמל אריזות ושיווק ב,IL,נייר אפייה 50 יח,יח',50.00,יח',false,,8.90,0.1780,true,1,1237101
7290002008569,false,מלבין קפה בקופסא 200 גר',הנמל אריזות ושיווק ב,IL,מלבין קפה 200 גר,גרמים,200.00,100 גרם,false,,12.90,0.0645,true,1,1237104
7290002008620,false,"צבע מאכל ירוק 55 מ""ל הנמל",ממתקי עלה יצור שיווק,IL,צבע מאכל ירוק,מיליליטרים,55.00,"100 מ""ל",false,,2.90,0.0527,true,1,1237105
7290002008743,false,סוכר וניל 10*10 ג' הנמל,"מיוצר וארוז ע""י: ר.ס",IL,סוכר וניל 10 יח',גרמים,100.00,100 גרם,false,,1.90,0.0190,true,1,1237107
7290002008750,false,אבקת אפיה הנמל מארז 10X10 ג',"מיוצר ע""י:ר.ס. חברה",IL,אבקת אפיה 10 יח',גרמים,100.00,100 גרם,false,,1.90,0.0190,true,1,1237108
7290002008835,false,מגן כיריים 4יח,מיוצר בסין.יבוא ושיו,CN,מגן כיריים,יח',4.00,יח',false,,4.90,1.2250,true,1,1237109
7290002008903,false,נייר טואלט חתוך במזודה 12 יח',הויזהו טאימי פפר,CN,נייר טואלט חתוך במזו,יח',12.00,יח',false,,19.90,1.6583,true,1,1237111
7290002008927,false,סוכריות לקישוט שוקו לבן 100 ג' הנמל,ממתקי עלה יצור שיווק,IL,סוכריות קישוט שוקו ל,גרמים,100.00,100 גרם,false,,4.90,0.0490,true,1,1237112
7290002013006,false,פסטרמה מקסיקנית זוגל,זוגלובק,IL,פסטרמה מקסיקנית,קילוגרמים,1.00,"ק""ג",true,,85.00,85.0000,true,1,1238231
7290002013037,false,פסטרמה פרגית זוגלובק,זוגלובק,IL,פסטרמה פרגיות על לבנ,קילוגרמים,1.00,"ק""ג",true,,85.00,85.0000,true,1,1238233
7290002013174,false,פסטרמה של פעם זוגלוב,כצט,IL,פסטרמה של פעם,קילוגרמים,1.00,"ק""ג",true,,85.00,85.0000,true,1,1238234
7290002022152,false,מרשמלו ורוד לבן וסטהיים 100ג36X שקיות בקרטון,מנדלז סי.אר. פרודקשן,IL,כרמית מרשמלו 100 גרם,גרמים,100.00,100 גרם,false,,3.00,0.0300,true,1,1253147
7290002026341,false,צ'יפס בטטה קפוא אריסטו 500ג',האי נאם סי או אל.טי.,CA,צ'יפס בטטה אריסטו,גרמים,500.00,100 גרם,false,,14.90,0.0298,true,1,1307806
7290002026358,false,צ'יפס בטטה זיגזג אריסטו 500ג',האי נאם סי או אל.טי.,CA,צ'יפס בטטה אריסטו זי,גרמים,500.00,100 גרם,false,,14.90,0.0298,true,1,1307807
7290002026402,false,בראנץ אנד קראנץ בלינצס גבינה 350 גרם,מוצרי איכות אמריקאיי,IL,בלינצ'ס גבינה קפוא 350גר,גרמים,350.00,100 גרם,false,,15.90,0.0454,true,1,1242263
7290002026440,false,פרצלס בייגלה בראנץ אנד קראנץ 280 ג',מוצרי איכות אמריקאיי,IL,פרצלס קפוא פרצלס קפוא,גרמים,280.00,100 גרם,false,,15.90,0.0568,true,1,1242267
7290002026587,false,וופל בלגי פרווה בראנץ אנד קראנץ 8 יח',בראנץ' אנד קראנץ Brunch& Crunch,BE,וופל בלגי קפוא.,גרמים,220.00,100 גרם,false,,15.90,0.0723,true,1,2151715
7290002026983,false,"גלידת מוופוריה בטעם שוקולד עם בצק עוגיות 500 ""ל",Unknown,,גלידת שוקולד בן אנד,מיליליטרים,500.00,"100 מ""ל",false,,24.90,0.0498,true,1,2018976
7290002037125,false,חלה פרוסה וודש 500גר,מאפית י את א ברמן בע,IL,חלה פרוסה 500 גרם.,גרמים,500.00,100 גרם,false,,8.90,0.0178,true,1,1238869
7290002037163,false,**לחם אחיד פרוס וודש 750 גרם,מאפיית ודש,,לחם אחיד כהה פרוס 75,גרמים,750.00,100 גרם,false,,6.90,0.0092,true,1,1238871
7290002037569,false,מארז 6 לחמניות באניס,מאפיית ודש,,מארז 6 לחמניות באניס,גרמים,450.00,100 גרם,false,,12.90,0.0287,true,1,1238877
7290002040019,false,קוסקוס רגיל הנמל 350 גר',"קוסקוס מזון בע""מ",IL,קוסקוס רגיל בשקית 35,גרמים,350.00,100 גרם,false,,5.50,0.0157,true,1,1237115
7290002040064,false,קוסקוס דק הנמל 350 גר',טרופיקל דגיל תעשיות,IL,קוסקוס דק בשקית.,גרמים,350.00,100 גרם,false,,5.50,0.0157,true,1,1237117
7290002040071,false,קוסקוס עבה הנמל 350 גר',"קוסקוס מזון בע""מ",IL,קוסקוס עבה בשקית 350,גרמים,350.00,100 גרם,false,,5.50,0.0157,true,1,1237118
7290002040088,false,קוסקוס חיטה מלאה 350 ג',"קוסקוס מזון בע""מ",IL,קוסקוס מלא 350 גר.,גרמים,350.00,100 גרם,false,,6.50,0.0186,true,1,1237119
7290002041009,false,"חלאבילין אורגינל 10 מ""ל",,,חלאבלין אורגינל,גרמים,10.00,100 גרם,false,,39.90,3.9900,true,1,1243040
7290002041023,false,"רעננה אורגינל 10 מ""ל",,,רעננה אורגינל,גרמים,12.50,100 גרם,false,,39.90,3.1920,true,1,1243041
7290002041344,false,LL-O קרם ידיים כתום 100,,,קרם ידיים כתום,מיליליטרים,100.00,"100 מ""ל",false,,14.90,0.1490,true,1,1243043
7290002041368,false,"מידנייט דאודורנט ספריי 150 מ""ל",,,דאודרנט מידנייט,מיליליטרים,150.00,"100 מ""ל",false,,14.90,0.0993,true,1,1243044
7290002041801,false,לאבלין קרם גוף,,,לאבלין קרם גוף,מיליליטרים,275.00,"100 מ""ל",false,,44.90,0.1633,true,1,1243045
7290002041818,false,דאודורנט און מידנייט,,,דאודורנט און מידנייט,מיליליטרים,80.00,"100 מ""ל",false,,14.90,0.1863,true,1,1243046
7290002041832,false,דאודורנט רולאון לאבל,,,דאודורנט רולאון לאבל,מיליליטרים,80.00,"100 מ""ל",false,,14.90,0.1863,true,1,1243047
7290002043232,false,צ'יפס אורז חום מלא טקסס ברביקיו 120 ג',,,ציפס אורז חום מלא טק,גרמים,120.00,100 גרם,false,,10.90,0.0908,true,1,2180765
7290002043294,false,אקסטרה צ'יפס טקסס ברביקיו 25 גרם,,,ציפס אורז חום מלא טק,גרמים,25.00,100 גרם,false,,3.90,0.1560,true,1,2180766
7290002043317,false,ציפס אורז חום מלא צי,,,ציפס אורז חום מלא צי,גרמים,25.00,100 גרם,false,,3.90,0.1560,true,1,2180767
7290002043324,false,אקסטרה צ'יפס מלח ים 25 גרם,,,ציפס אורז חום מלא צי,גרמים,25.00,100 גרם,false,,3.90,0.1560,true,1,2180768
7290002043782,false,ציפס אורז חום מלא טקסס ברביקיו אקסטרא 60 ג',נוהלס,BG,ציפס אורז חום מלא טק,גרמים,60.00,100 גרם,false,,5.90,0.0983,true,1,2180775
7290002053088,false,איטריות ביצים מס' 8.,אוריינטל,PL,8 אטריות ביצים,גרמים,200.00,100 גרם,false,,6.90,0.0345,true,1,1226741
7290002053118,false,אוריינט אטריות ביצים מס 14 200 ג',האי נאם סי או אל.טי.,PL,14 אטריות ביצים,גרמים,200.00,100 גרם,false,,6.90,0.0345,true,1,1226744
7290002053354,false,נודלס סיני אוריינט 3,טאביט ספ.ז.או.או,PL,נודלס סיני300גר,גרמים,300.00,100 גרם,false,,9.90,0.0330,true,1,1226745
7290002053538,false,נודלס בסגנון תאילנדי 25% תוספת 400 ג',,,נודלס איטריות.,גרמים,400.00,100 גרם,false,,13.90,0.0348,true,1,2154194
7290002057017,false,זיתים נובו ענק A2 יבנה 330ג',קריות זול,IL,זיתים נובו ענק,גרמים,560.00,100 גרם,false,,8.90,0.0159,true,1,1271629
7290002057031,false,זיתים מבוקע פיקנטי A2 יבנה 560 ג',קריות זול,IL,זיתים מבוקע פיקנטי,גרמים,560.00,100 גרם,false,,8.90,0.0159,true,1,1271630
7290002057048,false,זיתים סורי מבוקע A2 יבנה 560ג',קריות זול,IL,סורי מבוקע,גרמים,540.00,100 גרם,false,,10.50,0.0194,true,1,1271631
7290002057062,false,זיתים ירוק מנזנילנו בינוני יבנה 540ג',,,זיתים מנזנילו ירוק ב,גרמים,560.00,100 גרם,false,,6.90,0.0123,true,1,1271633
7290002057086,false,"מנזנילו גדול 1.3 ק""ג יבנה",,,זיתים מנזנילו גדול,גרמים,1250.00,100 גרם,false,,17.90,0.0143,true,1,1271635
7290002057109,false,זיתים מנזנילו ירוק גדול ושום A2 יבנה 540ג',,,זיתים מנזנילו גדול מ,גרמים,540.00,100 גרם,false,,8.90,0.0165,true,1,1271637
7290002057123,false,זיתים חרוזית ירוק A2 יבנה 540ג',קריות זול,IL,זיתים ירוקים מנזנילו,גרמים,560.00,100 גרם,false,,9.50,0.0170,true,1,1271638
7290002057130,false,"זיתים חרוזית ירוק יבנה 1.25ק""ג",,,חרוזית,גרמים,1250.00,100 גרם,false,,19.90,0.0159,true,1,1271639
7290002057154,false,"זית חרוזית 3 ק""ג יבנה",,,זיתים חרוזיתA10,קילוגרמים,3.00,"ק""ג",false,,36.90,12.3000,true,1,1271641
7290002057178,false,זיתים מנזנילו טבעי גדול A2 יבנה 540 ג',קריות זול,,זיתים טבעי גדול,גרמים,560.00,100 גרם,false,,8.90,0.0159,true,1,1271643
7290002057185,false,טבעות זיתים ירוקים 560 ג' יבנה,קריות זול,IL,טבעות זיתים ירוקים,גרמים,560.00,100 גרם,false,,9.20,0.0164,true,1,1271644
7290002057314,false,"מלפפון במלח ‏20‏-‏15‏ ‏‏ 1.3 ק""ג ‏‏ יבנה",קריות זול,,מלפפון במלח 15-20,קילוגרמים,1.30,"ק""ג",false,,12.90,9.9231,true,1,1271648
7290002057345,false,"מלפפון במלח ‏36‏-‏30‏ 3 ק""ג יבנה",קריות זול,,מלפפון במלח 30-36,קילוגרמים,3.00,"ק""ג",false,,21.90,7.3000,true,1,1271650
7290002057352,false,מלפפון במלח 7-9 560 ג' יבנה,אף.סי תבליני בגליל ב,IL,מלפפון במלח 7-9,גרמים,560.00,100 גרם,false,,6.50,0.0116,true,1,1271651
7290002057369,false,מלפפון במלח ‏12‏-‏10‏ 560 ג' יבנה,קבוצת יבנה,IL,מלפפון במלח 10-12,גרמים,560.00,100 גרם,false,,7.50,0.0134,true,1,1271652
7290002057376,false,מלפפון במלח ‏17‏-‏13‏ 560 ג' יבנה,קבוצת יבנה,IL,מלפפון במלח 13-17,גרמים,560.00,100 גרם,false,,9.90,0.0177,true,1,1271653
7290002057383,false,מלפפון במלח ‏25‏-‏18‏ 560 ג' יבנה,קריות זול,IL,מלפפון במלח 18-25,גרמים,560.00,100 גרם,false,,7.90,0.0141,true,1,1271654
7290002057406,false,"מלפפון חומץ ‏36‏-‏30‏ ‏10‏-‏A‏ יבנה 3 ק""ג",,,מלפפון 30-36 A10,גרמים,3000.00,100 גרם,false,,21.90,0.0073,true,1,1271655
7290002057413,false,"מלפפון חומץ ‏20‏-‏15‏ 1.3 ק""ג יבנה",קריות זול,,מלפפון חומץ 15-20,קילוגרמים,1.30,"ק""ג",false,,12.90,9.9231,true,1,1271656
7290002057451,false,מלפפון בחומץ ‏9‏-‏7‏ %‏20‏ 560 ג' יבנה,אף.סי תבליני בגליל ב,IL,מלפפון בחומץ 7-9,גרמים,560.00,100 גרם,false,,6.50,0.0116,true,1,1271659
7290002057468,false,מלפפון חומץ ‏12‏-‏10‏ 560 ג' יבנה,קבוצת יבנה,IL,מלפפון חומץ 10-12 A2,גרמים,560.00,100 גרם,false,,7.50,0.0134,true,1,1271660
7290002057475,false,מלפפונים בחומץ 13-17 קטן A2 יבנה 540ג',קבוצת יבנה,IL,מלפפון בחומץ 13-17 A,גרמים,560.00,100 גרם,false,,9.90,0.0177,true,1,1271661
7290002057482,false,מלפפון חומץ ‏25‏-‏18‏ 560 ג' יבנה,קריות זול,IL,מלפפון חמוץ 18-25 A2,גרמים,560.00,100 גרם,false,,7.90,0.0141,true,1,1271662
7290002057604,false,שיפקה פלפל חריף A2 יבנה 600ג',קבוצת יבנה,IL,פלפל שיפקה A2,גרמים,560.00,100 גרם,false,,5.90,0.0105,true,1,1271664
7290002057628,false,זיתים טבעות מושחר A2 יבנה 540ג',קריות זול,IL,טבעות זיתים מושחרים,גרמים,560.00,100 גרם,false,,9.50,0.0170,true,1,1271666
7290002057703,false,חצילים ‏2‏-‏A‏ יבנה 560 גר',קבוצת יבנה,IL,חצילים A2,גרמים,560.00,100 גרם,false,,6.90,0.0123,true,1,1271668
7290002057734,false,זיתים חרוזית שחור A2 יבנה 540ג',קריות זול,IL,חרוזית מושחר,גרמים,560.00,100 גרם,false,,8.90,0.0159,true,1,1271670
7290002057864,false,זיתים נובו ענק צנצנת יבנה 540 גר',קריות זול,,זיתים נובו ענק צנצנת,גרמים,540.00,100 גרם,false,,8.90,0.0165,true,1,1271675
7290002075233,false,שוקולדים אייסקונפקט,יושלם,,אייס 250 גרם,גרמים,250.00,100 גרם,false,,18.90,0.0756,true,1,1251715
7290002075271,false,סוכריות ריקולה צמחים,ריקולה,CH,סוכריות ריקולה צמחים,גרמים,70.00,100 גרם,false,,9.90,0.1414,true,1,1251716
7290002077725,false,סלומון נורווגי מצונן דלידג 100ג',וי קינג V King,IL,פילה סלמון מצונן 100,גרמים,100.00,100 גרם,false,,19.90,0.1990,true,1,2135425
7290002105145,false,צלעות מספר 2 כשרות הרב מחפוד,,,צלעות מס' 2 מחפוד,קילוגרמים,1.00,"ק""ג",true,,47.90,47.9000,true,1,1238901
7290002105176,false,כתף מרכזי 4 צרכני בקר קפוא מחפוד,,,כתף מס' 4 מחפוד,קילוגרמים,1.00,"ק""ג",true,,49.90,49.9000,true,1,1238902
7290002105213,false,בשר בקר מס' 7 מחפוד,,,בשר בקר מס' 7 מחפוד,קילוגרמים,1.00,"ק""ג",true,,45.90,45.9000,true,1,1284583
7290002105220,false,שריר הזרוע 8 צרכני בקר קפוא מחפוד,,,שריר הזרוע מס' 8 מחפ,קילוגרמים,1.00,"ק""ג",true,,59.90,59.9000,true,1,1238905
7290002105299,false,בשר מס' 3 חזה מחיר לפי מ,,,חזה צרכני מס' 3 מחפו,קילוגרמים,1.00,"ק""ג",true,,39.90,39.9000,true,1,1238906
7290002105572,false,צלי כתף מעובד מחפוד,,,צלי כתף מחפוד,קילוגרמים,1.00,"ק""ג",true,,49.90,49.9000,true,1,1238915
7290002107071,false,צוריאל פטה עיזים מעודנת גביע 16% 200ג,מחלבת משק צוריאל,IL,פטה עיזים מעודנת בגביע -,גרמים,200.00,100 גרם,false,,21.90,0.1095,true,1,1243809
7290002107316,false,"טבורוג ק""ג.",משק צוריאל,IL,"טבורוג 5% - 2 ק""ג",קילוגרמים,1.00,"ק""ג",true,,39.00,39.0000,true,1,1243812
7290002107385,false,גבינת מה עיזים בגליל צוריאל 180 ג',מחלבת משק צוריאל,IL,מה-עז - גליל גבינת עיזים,גרמים,180.00,100 גרם,false,,21.90,0.1217,true,1,1243813
7290002107422,false,בולגרית 5% משק צוריא,משק צוריאל,IL,בולגרית המשק 5% צוריאל 4,קילוגרמים,1.00,"ק""ג",true,,49.00,49.0000,true,1,1243814
7290002107491,false,גבינת עזים למריחה טבעי 5% צוריאל 250 ג',מחלבת משק צוריאל,IL,גב עזים למריחה 5%-250 גר-,גרמים,250.00,100 גרם,false,,13.90,0.0556,true,1,1243817
7290002107743,false,"צפתית מעודנת ק""ג צור",משק צוריאל,IL,"צפתית מעודנת - 5% - 4 ק""ג",קילוגרמים,1.00,"ק""ג",true,,59.00,59.0000,true,1,1243821
7290002107965,false,טבורוג גבינה לאפייה 5% צוריאל 500 ג',מחלבת משק צוריאל,IL,טבורוג - גבינה לאפייה 5%,גרמים,500.00,100 גרם,false,,22.90,0.0458,true,1,1243825
7290002109372,false,בורקס פילו אצבעות בולגרי 700 ג' שלושת האופים,שלושת האופים,IL,בורקס פילו אצבעות בולגרית,גרמים,700.00,100 גרם,false,,14.90,0.0213,true,1,1244741
7290002118435,false,צמרוני ביוטי ענק הנמל 300יח',ספה,TR,צמרוני אוזניים 300 י,יח',300.00,יח',false,,6.90,0.0230,true,1,1237122
7290002128014,false,"נרות שבת מס"" 4",מנורה,IL,נרות שבת מנורה מספר 4 (19,יח',4.00,יח',false,,3.50,0.8750,true,1,1266161
7290002128038,false,נרות קישוט מנורה עול,מנורה,IL,זוג נרות קישוט מסולסלים,יח',2.00,יח',false,,2.90,1.4500,true,1,1266163
7290002128045,false,נר הבדלה שטוח רגיל,מנורה,IL,נר הבדלה רגיל שטוח בקופס,יח',1.00,יח',false,,5.90,5.9000,true,1,1266164
7290002128083,false,נרות חנוכה רגיל 44יח-מנורה,,,נרות חנוכה רגיל,יח',44.00,יח',false,,2.90,0.0659,true,1,1266165
7290002128236,false,"נרות שבת מ""ס 10",מנורה,IL,נרות שבת מנורה מספר 10 (1,יח',10.00,יח',false,,3.50,0.3500,true,1,1266171
7290002128250,false,"נרות שבת מ""ס 16",מנורה,IL,נרות שבת מנורה מספר 16 (1,יח',16.00,יח',false,,3.50,0.2188,true,1,1266173
7290002128267,false,"נרות שבת מ""ס 20",מנורה,IL,נרות שבת מנורה מספר 20 (1,יח',20.00,יח',false,,3.50,0.1750,true,1,1266174
7290002128311,false,נר נשמה בכוס ל-7 ימי,קריות זול,IL,נרות נשמה שבועי בכוס זכוכ,יחידה,0.00,יחידה,false,,9.90,0.0000,true,1,1266176
7290002128618,false,נר הבדלה דקורטיבי עש,,,נר הבדלה עששית כסף/ז,יח',1.00,יח',false,,16.90,16.9000,true,1,2239960
7290002128700,false,נרות חימום 50 בשקית,מנורה,IL,נרות חימום מנורה 50 יחידו,יח',50.00,יח',false,,12.90,0.2580,true,1,1266179
7290002128762,false,נר נשמה בכוס 72 שעות - מנורה,מנורה,IL,נרות נשמה בכוס דולקים 72,יח',1.00,יח',false,,5.90,5.9000,true,1,1266181
7290002128786,false,זוג כוסיות לנריות,קריות זול,IL,"זוג כוסיות לנריות בקופסה,",יח',2.00,יח',false,,3.20,1.6000,true,1,1266182
7290002128793,false,נר הבדלה מיוחד,מנורה,IL,נר הבדלה מיוחד מבריק בקו,יח',1.00,יח',false,,6.90,6.9000,true,1,1266183
7290002128946,false,נר נשמה בכוס 48 שעות - מנורה,קריות זול,IL,נרות נשמה בכוס דולקים 48,יח',1.00,יח',false,,4.20,4.2000,true,1,1266185
7290002128953,false,נר הבדלה דקורטיבי עששית מנורה,,,נר עשישית להבדלה,יח',1.00,יח',false,,22.90,22.9000,true,1,2178293
7290002129455,false,פיצה איטלקית XL שלוש,,,פיצה איטלקית XL שלוש,גרמים,450.00,100 גרם,false,,19.90,0.0442,true,1,1731532
7290002129462,false,פיצה איטלקית דקה שלושת האופים מארז זוג 640 ג',,,פיצה איטלקית דקה שלו,גרמים,640.00,100 גרם,false,,21.90,0.0342,true,1,1502762
7290002129479,false,פיצה איטלקית דקה 320 ג' שלושת האופים,האי נאם סי או אל.טי.,IT,פיצה דקה שלושת האופי,גרמים,320.00,100 גרם,false,,12.90,0.0403,true,1,1979263
7290002129486,false,פיצה איטלקית דקה זיתים 340 ג' שלושת האופים,האי נאם סי או אל.טי.,IT,פיצה איטלקית דקה זית,גרמים,340.00,100 גרם,false,,14.90,0.0438,true,1,1731533
7290002130376,false,דבש טהור יד מרדכי 30,STRAUSS-ISRAEL,IL,דבש 30 גרם (שוטף),גרמים,30.00,100 גרם,false,,3.90,0.1300,true,1,1256810
7290002130567,false,דבש טהור מפרחי בר בזכוכית 350 גרם,מכוורת יד מרדכי שטרא,IL,דבש טהור 350 גרם,גרמים,350.00,100 גרם,false,,16.90,0.0483,true,1,1256811
7290002130581,false,דבש טהור מפרחי בר בצ,קריות זול,IL,"דבש טהור 1 ק""ג",גרמים,1000.00,100 גרם,false,,39.90,0.0399,true,1,1256812
7290002132011,false,עוגיות מזרחיות 400 ג' עבאדי,מאפיית יוסף ושמחה עב,IL,עוגיות מזרחיות 500 גרם,גרמים,400.00,100 גרם,false,,17.90,0.0447,true,1,1253818
7290002150107,false,"קובה בשר 1 ק""ג",חמים וטעים,IL,"קובה בשר 1 ק""ג",קילוגרמים,1.00,"ק""ג",false,,32.90,32.9000,true,1,1239208
7290002150169,false,אמפנדס במילוי בשר וז,חמים וטעים,IL,אמפנדס בשר מטוגן 800 גר`,גרמים,800.00,100 גרם,false,,32.90,0.0411,true,1,1239211
7290002150305,false,"סיגרים בשר 1 ק""ג",חמים וטעים,IL,"סיגר בשר 1 ק""ג",קילוגרמים,1.00,"ק""ג",false,,32.90,32.9000,true,1,1239218
7290002150374,false,"קובה חמוסטה למרק בד""",חמים וטעים,IL,"בד""צ קובה חמוסטה 1 קג",קילוגרמים,1.00,"ק""ג",false,,32.90,32.9000,true,1,1239220
7290002150404,false,סיגרים תפוח אדמה 1 ק,חמים וטעים,IL,"סיגר תפו""א 1 ק""ג",קילוגרמים,1.00,"ק""ג",false,,26.90,26.9000,true,1,1239222
7290002150527,false,פסטלים במילוי תפוחי,חמים וטעים,IL,"פסטל תפו""א 1 ק""ג",קילוגרמים,1.00,"ק""ג",false,,26.90,26.9000,true,1,1239224
7290002150589,false,סמבוסק אורגינל במילו,חמים וטעים,IL,סמבוסק חומוס מטוגן 800 גר,גרמים,800.00,100 גרם,false,,32.90,0.0411,true,1,1239227
7290002150664,false,"קובה ביתי מטוגן 1ק""ג",חמים וטעים,IL,"קובה ביתי מטוגן 1 ק""ג",קילוגרמים,1.00,"ק""ג",false,,32.90,32.9000,true,1,1239229
7290002150671,false,קרפלך במילוי בשר 1 ק,חמים וטעים,IL,"קרפלך בשר 1 ק""ג",קילוגרמים,1.00,"ק""ג",false,,32.90,32.9000,true,1,1239230
7290002150688,false,קרפלך במילוי תפוחי א,חמים וטעים,IL,"קרפלך תפוא 1 ק""ג",קילוגרמים,1.00,"ק""ג",false,,27.90,27.9000,true,1,1239231
7290002150695,false,"קובה למרק 1 ק""ג",חמים וטעים,IL,"קובה למרק 1 ק""ג",קילוגרמים,1.00,"ק""ג",false,,32.90,32.9000,true,1,1239232
7290002153801,false,אובלטים מלוחים דקיקי,,,אובלטים מלוחים דקיקי,גרמים,300.00,100 גרם,false,,9.90,0.0330,true,1,1244493
7290002153825,false,אובלטים מלוחים דקיקי,,,אובלטים מלוחים דקיקי,גרמים,300.00,100 גרם,false,,9.90,0.0330,true,1,1244495
7290002153887,false,אובלטים מלוחים 300 גר,,,אובלטים קימל 300 גרם,גרמים,300.00,100 גרם,false,,9.90,0.0330,true,1,2246599
7290002157960,false,טונה במים ויליגר רביעיה * 140ג',ויליגר,,טונה ויליגר במי מלח,גרמים,560.00,100 גרם,false,,19.90,0.0355,true,1,2146762
7290002198031,false,פסטרמה פרגיות ללחמני,זוגלובק,IL,פסטרמה פרגיות ללחמני,קילוגרמים,1.00,"ק""ג",true,,85.00,85.0000,true,1,2181603
7290002198048,false,פסטרמה הודו בתיבול ש,זוגלובק,IL,פסטרמה הודו בתיבול ש,קילוגרמים,1.00,"ק""ג",true,,85.00,85.0000,true,1,2181604
7290002198062,false,פסטרמה הודו אקסטרה מ,זוגלובק,IL,פסטרמה הודו אקסטרה מ,קילוגרמים,1.00,"ק""ג",true,,85.00,85.0000,true,1,2231959
7290002198116,false,פסטרמה ברזילאית זוגל,זוגלובק,IL,ברזילאית מעדנייה,קילוגרמים,1.00,"ק""ג",true,,159.00,159.0000,true,1,2256364
7290002210009,false,חלבה בלוק 500 גרם ונ,,,חלבה בלוק 500 גרם ונ,גרמים,500.00,100 גרם,false,,8.90,0.0178,true,1,1421743
7290002210085,false,"חלבה בלוק 1 ק""ג קסטה",,,"חלבה בלוק 1 ק""ג קסטה",גרמים,1000.00,100 גרם,false,,15.90,0.0159,true,1,1421770
7290002210115,false,חלבה בלוק 500 גרם שק,,,חלבה בלוק 500 גרם שק,גרמים,500.00,100 גרם,false,,10.90,0.0218,true,1,1421746
7290002210412,false,חלבה 100 גרם,,,חלבה 100 גרם,גרמים,100.00,100 גרם,false,,3.90,0.0390,true,1,1421748
7290002210429,false,חלבה מצופה 80 גרם,,,חלבה מצופה 80 גרם,גרמים,80.00,100 גרם,false,,3.90,0.0487,true,1,1421749
7290002210467,false,חלבה 12 יחדות בקוופס,,,חלבה 12 יחדות בקוופס,יחידה,0.00,יחידה,false,,9.90,0.0000,true,1,1421773
7290002210474,false,חלבה ללא סוכר 12 יח,,,חלבה ללא סוכר 12 יח,יחידה,0.00,יחידה,false,,11.90,0.0000,true,1,1421774
7290002210498,false,טחינה 500 גרם שומשום,,,טחינה 500 גרם שומשום,גרמים,500.00,100 גרם,false,,9.90,0.0198,true,1,1421775
7290002210511,false,טחינה 500 גרם,,,טחינה 500 גרם,גרמים,500.00,100 גרם,false,,8.90,0.0178,true,1,1421776
7290002210528,false,"טחינה 1 ק""ג",,,"טחינה 1 ק""ג",קילוגרמים,1000.00,"100 ק""ג",false,,17.90,0.0179,true,1,1421777
7290002232964,false,פירורי לחם דגש ציפוי,תירפז בעמ,IL,צפוי פז טחון דק 600,גרמים,600.00,100 גרם,false,,29.90,0.0498,true,1,1263832
7290002232995,false,פירורי לחם דגש ציפוי,פ.פ.ח. שאביט,IL,ציפוי פז דגש 500,גרמים,500.00,100 גרם,false,,29.90,0.0598,true,1,1263835
7290002239185,false,אפונת גינה קפואה פרי גליל 800 גרם,"פרי הגליל בע""""מ",IL,אפונה 800פג,גרמים,800.00,100 גרם,false,,9.90,0.0124,true,1,1261116
7290002239215,false,אפונה וגזר קפוא פרי גליל 800 גרם,"פרי הגליל בע""""מ",IL,אפונה וגזר 800פג,גרמים,800.00,100 גרם,false,,9.90,0.0124,true,1,1261117
7290002239277,false,גזר גמדי קפוא פרי גליל 800ג',"פרי הגליל בע""""מ",IL,ג .גמדי 800פג,גרמים,800.00,100 גרם,false,,7.90,0.0099,true,1,1261118
7290002239307,false,שעועית צהובה 800 ג ' פרי הגליל,"פרי הגליל בע""""מ",IL,שע צהובה 800פג,גרמים,800.00,100 גרם,false,,9.90,0.0124,true,1,1261119
7290002239338,false,שעועית ירוקה 800 ג' פרי הגליל,"פרי הגליל בע""""מ",IL,שע ירוקה 800פג,גרמים,800.00,100 גרם,false,,9.90,0.0124,true,1,1261120
7290002239369,false,שעועית שלמה 800 ג ' פרי הגליל,"פרי הגליל בע""""מ",IL,שע שלמה 800פג,גרמים,800.00,100 גרם,false,,9.90,0.0124,true,1,1261121
7290002239420,false,תירס גרעינים 800 ג ' פרי הגליל,"פרי הגליל בע""""מ",IL,תירס 800פג,גרמים,800.00,100 גרם,false,,9.90,0.0124,true,1,1261122
7290002253006,false,דורות שום כתוש טרי 200 גרם,עיצובים 2020 (3.8),IL,שום כתוש 200 גרם מרקם רך,גרמים,200.00,100 גרם,false,,16.90,0.0845,true,1,1223413
7290002253013,false,שום כתוש דורות 400 ג,עיצובים 2020 (3.8),IL,דורות ראשום 400 גרם,גרמים,400.00,100 גרם,false,,24.90,0.0622,true,1,2135466
7290002253105,false,מגשית קוביות שום טרי דורות 80 ג',עיצובים 2020 (3.8),IL,שום כתוש 80 גרם,גרמים,80.00,100 גרם,false,,11.90,0.1488,true,1,1223416
7290002253150,false,בזיליקום טרי קצוץ דורות 70 ג',עיצובים 2020 (3.8),IL,בזיליקום קצוץ 70 גרם,גרמים,70.00,100 גרם,false,,9.90,0.1414,true,1,1223417
7290002253167,false,פטרוזליה קצוצה דורות 70 גר',עיצובים 2020 (3.8),IL,פטרוזיליה קצוצה 70 גרם,גרמים,70.00,100 גרם,false,,9.90,0.1414,true,1,1223418
7290002253174,false,שמיר קצוץ דורות 70 גר',עיצובים 2020 (3.8),IL,שמיר קצוץ 70 גרם,גרמים,70.00,100 גרם,false,,9.90,0.1414,true,1,1223419
7290002253181,false,כוסברה טריה קצוצה 70 ג' דורות,עיצובים 2020 (3.8),IL,כוסברה קצוצה 70 גרם,גרמים,70.00,100 גרם,false,,9.90,0.1414,true,1,1223420
7290002253198,false,ג'ינג'ר טרי כתוש במגשית 70 ג' דורות,עיצובים 2020 (3.8),IL,ג'ינג'יר כתוש 70 גרם,גרמים,70.00,100 גרם,false,,9.90,0.1414,true,1,1223421
7290002253235,false,רוטב פסטו דורות 160 ג',עיצובים 2020 (3.8),IL,רוטב פסטו 160 גרם,גרמים,160.00,100 גרם,false,,11.90,0.0744,true,1,1296341
7290002253259,false,רוטב עגבניות בזיליקו,עיצובים 2020 (3.8),IL,רוטב עגבניות בזיליקום 160,גרמים,160.00,100 גרם,false,,11.90,0.0744,true,1,1296343
7290002253310,false,שום צילי חריף קוביות תערובת 80 ג' דורות,עיצובים 2020 (3.8),IL,שום צילי חריף קוביות,גרמים,80.00,100 גרם,false,,11.90,0.1488,true,1,1953889
7290002259657,false,רדיד אלומיניום דיימ,קריות זול,US,רדיד אלומיניום צר רוחב 30,מטרים,22.80,מטר,false,,22.90,1.0044,true,1,1260344
7290002259664,false,רדיד אלומיניום דיימונד גדול 60X0.60מ',ריינולדס מוצרי צריכה,US,רדיד אלומיניום צר רוחב 30,מטרים,60.00,מטר,false,,47.90,0.7983,true,1,1260345
7290002259930,false,רדיד אלומיניום זוגות,ריינולדס,US,זוג רדיד אלומיניום צר רוח,מטרים,15.20,מטר,false,,19.90,1.3092,true,1,1260346
7290002269984,false,"ספריי ME דאודורנט 175 מ""ל",אמיליה קוסמטיקס,IL,"175מ""ל ME דאודורנט ספריי",מיליליטרים,175.00,"100 מ""ל",false,,19.90,0.1137,true,1,1258426
7290002270690,false,קרם ידיים גדול קרליי,,,קרם ידיים גדול קרליי,מיליליטרים,80.00,"100 מ""ל",false,,7.40,0.0925,true,1,1258429
7290002277248,false,גבינת מון בלאן עם זעתר 120ג',,,גבינה מון בלאן זעתר,גרמים,120.00,100 גרם,false,,12.90,0.1075,true,1,1355952
7290002278528,false,כרית קרצוף לכלים שבת כלין 2 יח',פלסטו פוליש (ברקן),IL,כרית שבת כלין 2 יח' 1/24,יח',2.00,יח',false,,7.90,3.9500,true,1,1242133
7290002317005,false,זיתים טבעות מושחר 560ג A2 מטולה,שימורי מוטולה,IL,זיתים מושחר טבעות A2,גרמים,560.00,100 גרם,false,,9.90,0.0177,true,1,1234993
7290002317081,false,זיתים נטולי גלעין +20% 670ג A2 מטולה,שימורי מוטולה,IL,זיתים נטולי גלעין20%+A2,גרמים,670.00,100 גרם,false,,8.50,0.0127,true,1,1234996
7290002317128,false,מלפפון 560ג במלח 10-12 A2 מטולה,שימורי מוטולה,IL,מלפפון במלח A2 10-12,גרמים,560.00,100 גרם,false,,7.90,0.0141,true,1,1234997
7290002317135,false,מלפפון 560ג במלח 13-17 A2 מטולה,שימורי מוטולה,IL,מלפפון במלח A2 13-17,גרמים,560.00,100 גרם,false,,9.50,0.0170,true,1,1234998
7290002317142,false,מלפפון במלח 18-25,שימורי מוטולה,IL,מלפפון במלח A2 18-25,גרמים,560.00,100 גרם,false,,11.90,0.0213,true,1,1234999
7290002317166,false,מלפפון 560ג בחומץ 10-12 A2 מטולה,,,מלפפון בחומץ 10-12,גרמים,560.00,100 גרם,false,,7.90,0.0141,true,1,1235000
7290002317173,false,מלפפון בחומץ 13-17 560ג A2 מטולה,שימורי מוטולה,IL,מלפפון בחומץ A2 13-17,גרמים,560.00,100 גרם,false,,9.50,0.0170,true,1,1235001
7290002317180,false,מלפפון בחומץ 18-25,,,מלפפון בחומץ 18-25,גרמים,560.00,100 גרם,false,,11.90,0.0213,true,1,1235002
7290002317234,false,זיתים מושחר,שימורי מוטולה,IL,זיתים מושחר A2 15-17,גרמים,560.00,100 גרם,false,,9.90,0.0177,true,1,1235005
7290002317241,false,זיתים סורי מבוקע,,,זיתים סורי מבוקע,גרמים,560.00,100 גרם,false,,11.90,0.0213,true,1,1235006
7290002317258,false,זיתים סורי שלם,שימורי מוטולה,IL,זיתים סורי שלם A2,גרמים,560.00,100 גרם,false,,11.90,0.0213,true,1,1235007
7290002317265,false,מלפפון 650ג במלח +20% 7-9 A2 מטולה,שימורי מוטולה,IL,מלפפון במלח 20%+ A2 7-9,גרמים,670.00,100 גרם,false,,5.90,0.0088,true,1,1235008
7290002317289,false,חצילים כבושים מוטול,שימורי מוטולה,IL,חצילים A2,גרמים,560.00,100 גרם,false,,7.90,0.0141,true,1,1235009
7290002317296,false,פלפל חריף שיפקה 670ג 20%+A2 מטולה,שימורי מוטולה,IL,פלפל חריף שיפקה 20%+ A2,גרמים,550.00,100 גרם,false,,7.90,0.0144,true,1,1235010
7290002317302,false,זיתים מבוקעים ירוקים,שימורי מוטולה,IL,זיתים ירוקים מבוקעים A2,גרמים,560.00,100 גרם,false,,7.90,0.0141,true,1,1235011
7290002317319,false,מלפפון 650ג בחומץ +20% 7-9 A2 מטולה,שימורי מוטולה,IL,מלפפון בחומץ 20%+ A2 7-9,גרמים,670.00,100 גרם,false,,5.90,0.0088,true,1,1235012
7290002317326,false,זיתים מנזולינו 12-15 +20% 670ג A2 מטולה,שימורי מוטולה,IL,זיתים מנז' 20%+ A2 12-15,גרמים,670.00,100 גרם,false,,7.90,0.0118,true,1,1235013
7290002317357,false,פילפל שיפקה בצנצנת מ,שימורי מוטולה,IL,פלפל חריף שיפקה צנצנת 275,גרמים,630.00,100 גרם,false,,8.90,0.0141,true,1,1235014
7290002317371,false,זיתים מושחר נטול גלעין 560ג A2 מטולה,שימורי מוטולה,IL,זית מושחר נטול גלעין A2,גרמים,560.00,100 גרם,false,,9.90,0.0177,true,1,1235015
7290002317401,false,"מנזנילו 15-17 1.3 ק""",שימורי מוטולה,IL,זיתים מנז' 43OZ 15-17,גרמים,1300.00,100 גרם,false,,17.90,0.0138,true,1,1235017
7290002317425,false,חרוזית,שימורי מוטולה,IL,זיתים נטולי גלעין 43-OZ,גרמים,1250.00,100 גרם,false,,19.90,0.0159,true,1,1235018
7290002317456,false,רצועות פלפל אדום מתו,,,רצועות פלפל אדום מתו,גרמים,560.00,100 גרם,false,,7.90,0.0141,true,1,1235019
7290002317470,false,מלפפון בחומץ 15-20,,,מלפפון בחומץ 15-20,גרמים,1300.00,100 גרם,false,,15.90,0.0122,true,1,1235021
7290002317500,false,מלפפון במלח 30-36,שימורי מוטולה,IL,מלפפון במלח A10 30-36,קילוגרמים,3.00,"ק""ג",false,,24.90,8.3000,true,1,1235022
7290002317531,false,מלפפון בחומץ 30-36,שימורי מוטולה,IL,מלפפון בחומץ A10 30-36,קילוגרמים,3.00,"ק""ג",false,,24.90,8.3000,true,1,1235023
7290002317579,false,זיתים טבעות ירוק 560ג A2 מטולה,שימורי מוטולה,IL,זיתים טבעות ירוק A2,גרמים,560.00,100 גרם,false,,9.90,0.0177,true,1,1235025
7290002317609,false,כרוב כבוש 560ג A2 מטולה,שימורי מוטולה,IL,כרוב כבוש A2,גרמים,560.00,100 גרם,false,,7.90,0.0141,true,1,1235026
7290002317616,false,זיתים מרינט 17-19 560ג A2 מטולה,שימורי מוטולה,IL,זיתים חתוכים מרינט 17-19,גרמים,560.00,100 גרם,false,,9.90,0.0177,true,1,1235027
7290002317654,false,זית נובו ענק צנצנת,,,זית נובו ענק צנצנת,גרמים,700.00,100 גרם,false,,11.90,0.0170,true,1,1235030
7290002317661,false,זיתים מנזלינו גדול מ,שימורי מוטולה,IL,זיתים מנז' גדול צנצ' זכוכ,גרמים,560.00,100 גרם,false,,10.90,0.0195,true,1,1235031
7290002317678,false,זיתים נטולי גלעין צנ,,,זית חרוזית ירוק,גרמים,560.00,100 גרם,false,,9.90,0.0177,true,1,1235032
7290002317746,false,זית טבעי 17-19 צנצנת,שימורי מוטולה,IL,זיתים טבעי 17-19 צנצ' זכו,גרמים,560.00,100 גרם,false,,9.90,0.0177,true,1,1235033
7290002317753,false,טבעות זיתים ירוקים ב,שימורי מוטולה,IL,זיתים טבעות ירוק צנצ' זכו,גרמים,560.00,100 גרם,false,,9.90,0.0177,true,1,1235034
7290002317814,false,חצילים,שימורי מוטולה,IL,חצילים צנצנת זכוכית 400 ג,גרמים,700.00,100 גרם,false,,9.90,0.0141,true,1,1235036
7290002317852,false,מלפפונים במלח 1.65 ק,מוטולה,,מלפפונים במלח 1.65 ק,גרמים,1650.00,100 גרם,false,,26.90,0.0163,true,1,1235038
7290002317913,false,ירקות מעורבים בצנצנת,,,ירקות מעורבים בצנצנת,גרמים,700.00,100 גרם,false,,11.90,0.0170,true,1,1499464
7290002319016,false,אבקת אפיה מיה מארז 10X10 ג',מיה תעשיות מזון בעמ,IL,אבקת אפיה עשיריות,גרמים,100.00,100 גרם,false,,2.00,0.0200,true,1,1248879
7290002319023,false,סוכר וניל מיה עשיריו,מיה תעשיות מזון בעמ,IL,סוכר וניל עשיריות,גרמים,100.00,100 גרם,false,,2.00,0.0200,true,1,1248880
7290002319047,false,אגוזי המלך 100 גר' מיה,מיה תעשיות מזון,IL,אגוזי מלך 100גרם,גרמים,100.00,100 גרם,false,,10.90,0.1090,true,1,1277407
7290002319054,false,פרג טחון מיה 100 גרם,מיה תעשיות מזון,IL,פרג טחון 100גרם,גרמים,100.00,100 גרם,false,,4.90,0.0490,true,1,1248882
7290002319061,false,קוקוס טחון מיה 100 ג,מיה,IL,קוקוס טחון 100 גרם,גרמים,100.00,100 גרם,false,,3.50,0.0350,true,1,1248883
7290002319078,false,שומשום מיה 100 גרם,מיה,IL,שומשום 100 גרם,גרמים,100.00,100 גרם,false,,2.90,0.0290,true,1,2280427
7290002319092,false,קמח תפוחי אדמה מיה 500 גר',מיה תעשיות מזון,IL,קמח תפוחי אדמה 500גרם,גרמים,500.00,100 גרם,false,,5.90,0.0118,true,1,1248884
7290002319313,false,"אורז מלא מיה 1 ק""ג",מיה תעשיות מזון,IL,אורז מלא 1ק''ג,קילוגרמים,1.00,"ק""ג",false,,8.90,8.9000,true,1,1248887
7290002319337,false,תמרים 200ג' מיה,מיה תעשיות מזון,IL,תמרים 200גרם,גרמים,200.00,100 גרם,false,,5.90,0.0295,true,1,1248888
7290002319344,false,שקד טבעי מיה 100 גרם,מיה תעשיות מזון,IL,שקדים טבעי 100גרם,גרמים,100.00,100 גרם,false,,10.90,0.1090,true,1,1248889
7290002319375,false,"קורנפלור 200 ג' בד""ץ מיה",מיה תעשיות מזון,IL,קורנפלור 200גרם (חדש),גרמים,200.00,100 גרם,false,,3.90,0.0195,true,1,1248890
7290002319405,false,תבלין קינמון בקופסא 80 גר' מיה,מיה תעשיות מזון בעמ,IL,קינמון 80גרם,גרמים,80.00,100 גרם,false,,6.90,0.0863,true,1,1248891
7290002319412,false,תבלין פפריקה חריפה 80 גר' מיה,מיה תעשיות מזון בעמ,IL,פפריקה חריפה 80גרם,גרמים,80.00,100 גרם,false,,6.90,0.0863,true,1,1248892
7290002319429,false,תבלין פפריקה מתוקה 80 גר' מיה,מיה תעשיות מזון בעמ,IL,פפריקה מתוקה 80גרם,גרמים,80.00,100 גרם,false,,6.90,0.0863,true,1,1248893
7290002319436,false,תבלין פלפל שחור צנצנת 70גר` מיה,מיה תעשיות מזון בעמ,IL,פלפל שחור טחון 70גרם,גרמים,70.00,100 גרם,false,,7.90,0.1129,true,1,1248894
7290002319443,false,תבלין כמון 80 גר' מיה,מיה תעשיות מזון בעמ,IL,כמון 80גרם,גרמים,80.00,100 גרם,false,,6.90,0.0863,true,1,1248895
7290002319450,false,תבלין כרכום צנצנת 80 גר' מיה,מיה תעשיות מזון בעמ,IL,כורכום 80גרם,גרמים,80.00,100 גרם,false,,6.90,0.0863,true,1,1248896
7290002319467,false,תבלין אורגנו 35 ג' מיה,מיה תעשיות מזון בעמ,IL,אורגנו 35גרם,גרמים,35.00,100 גרם,false,,6.90,0.1971,true,1,1248897
7290002319474,false,תבלין אבקת שום מיכל 80 ג' מיה,מיה תעשיות מזון בעמ,IL,אבקת שום 80גרם,גרמים,80.00,100 גרם,false,,8.90,0.1113,true,1,1248898
7290002319528,false,קמח מצה 200גרם,מיה תעשיות מזון,IL,קמח מצה 200גרם,גרמים,200.00,100 גרם,false,,2.90,0.0145,true,1,1248899
7290002319597,false,תבלין כוסברה ירוקה בשקית 80 גר' מיה,מיה תעשיות מזון בעמ,IL,כוסברה 80גרם,גרמים,80.00,100 גרם,false,,6.90,0.0863,true,1,1248901
7290002319610,false,שקדים טחונים 100 גר' מיה,מיה תעשיות מזון,IL,שקדים טחונים 100גרם,גרמים,100.00,100 גרם,false,,10.90,0.1090,true,1,1248903
7290002319627,false,תבלין ציפורן טחון בשקית 50 גר' מיה,מיה תעשיות מזון,IL,ציפורן טחון 50גרם,גרמים,50.00,100 גרם,false,,6.90,0.1380,true,1,1248904
7290002319641,false,תבלין גריל עוף צנצנת 80 גר' מיה,מיה תעשיות מזון בעמ,IL,גריל עוף 80גרם,גרמים,80.00,100 גרם,false,,6.90,0.0863,true,1,1248905
7290002319702,false,תבלין ציפורן שלם 40 גר' מיה,מיה תעשיות מזון בעמ,IL,ציפורן שלם 40גרם,גרמים,40.00,100 גרם,false,,6.90,0.1725,true,1,1248908
7290002319740,false,אגוזים טחונים 100 גר' מיה,מיה תעשיות מזון,IL,אגוזי מלך טחונים 100גרם,גרמים,100.00,100 גרם,false,,10.90,0.1090,true,1,1248909
7290002319771,false,"תמצית אפיה וניל 50מ""ל מיה",מיה תעשיות מזון בעמ,IL,תמצית אפיה וניל,מיליליטרים,50.00,"100 מ""ל",false,,2.50,0.0500,true,1,1248911
7290002319788,false,"תמצית אפיה רום 50 מ""ל מיה",מיה תעשיות מזון,IL,תמצית אפיה רום,מיליליטרים,60.00,"100 מ""ל",false,,2.50,0.0417,true,1,1248912
7290002319825,false,אבקת סוכר מיה 100גרם,מיה תעשיות מזון,IL,אבקת סוכר 100גרם,גרמים,100.00,100 גרם,false,,2.00,0.0200,true,1,1248915
7290002320470,false,מעדן אתרוגים 100% פר,,,מעדן אתרוגים 100% פר,גרמים,284.00,100 גרם,false,,14.90,0.0525,true,1,2109114
7290002327042,false,"בורקס תפו""א 800 גר' שלושת האופים קהילות",שלושת האופים,IL,בורקס תפוחי אדמה,גרמים,800.00,100 גרם,false,,14.90,0.0186,true,1,2076529
7290002327066,false,קונכיות למילוי 625 ג' שלושת האופים,שלושת האופים,IL,קונכיות,גרמים,625.00,100 גרם,false,,15.90,0.0254,true,1,2076546
7290002327073,false,בורקס גבינה 800 גר' שלושת האופים קהילות,שלושת האופים,IL,בורקס גבינה,גרמים,800.00,100 גרם,false,,14.90,0.0186,true,1,2076530
7290002327103,false,שלושת האופים ג'חנון תימני 900 גרם,אופרה,IL,ג'חנון 900 ג',גרמים,900.00,100 גרם,false,,15.90,0.0177,true,1,1244743
7290002327912,false,מיני בורקס גבינה 700 ג' שלושת האופים,TLV צ'יף,IL,מיני בורקס גבינה,גרמים,700.00,100 גרם,false,,14.90,0.0213,true,1,2076547
7290002327929,false,"מיני בורקס תפו""א 700 ג' שלושת האופים",TLV צ'יף,IL,מיני בורקס תפוח אדמה,גרמים,700.00,100 גרם,false,,14.90,0.0213,true,1,2076548
7290002331025,false,"מים מינרלים נביעות ספורט 500 מ""ל פקדון",נביעות טבע הגליל בעמ,IL,נביעות 500 TO GO פקדון,מיליליטרים,500.00,"100 מ""ל",false,,3.90,0.0078,true,1,1249822
7290002331094,false,"נביעות+ מים טעם ענבים 755מ""ל",נביעות טבע הגליל בעמ,IL,"נביעות 755 מ""ל",מיליליטרים,755.00,"100 מ""ל",false,,4.90,0.0065,true,1,1249823
7290002331124,false,"נביעות+ מים טעם תפוח 500מ""ל",נביעות טבע הגליל בעמ,IL,נביעות שיווק2,מיליליטרים,500.00,"100 מ""ל",false,,6.50,0.0130,true,1,1249825
7290002331155,false,"נביעות+ בטעם אפרסק 500 מ""ל",נביעות טבע הגליל בעמ,IL,נביעות + בטעם אפרסק 0.5 מ,מיליליטרים,500.00,"100 מ""ל",false,,6.50,0.0130,true,1,1249827
7290002331360,false,"נביעות מים מינרליים טו גו מארז 500X6מ""ל",קריות זול,IL,נביעות TO GO 500 שישייה,ליטרים,3.00,ליטר,false,,12.90,4.3000,true,1,1249831
7290002331421,false,"מים אישי נביעות מארז שישייה* 755 מ""ל",קריות זול,IL,"נביעות 6 755 מ""ל",ליטרים,4.53,ליטר,false,,14.90,3.2892,true,1,1249832
7290002331483,false,"נביעות בייבי מארז 320X6מ""ל",נביעות טבע הגליל בעמ,IL,"נביעות בייבי 320 מ""ל שישי",מיליליטרים,1920.00,"100 מ""ל",false,,11.90,0.0062,true,1,1249834
7290002331490,false,מים מינרלים נביעות 1 ליטר,נביעות טבע הגליל בעמ,IL,נביעות 1 ליטר,ליטרים,1.00,ליטר,false,,3.90,3.9000,true,1,1249835
7290002331711,false,נביעות פלוס בטעם ענבים 500מל,נביעות טבע הגליל בעמ,IL,נביעות+ ענבים חצי ליטר,מיליליטרים,500.00,"100 מ""ל",false,,6.50,0.0130,true,1,1249838
7290002333500,false,עדשים עדומות הרדוף א,אול אורגני,IL,עדשים אדומות אורגני 500 ג,גרמים,500.00,100 גרם,false,,12.90,0.0258,true,1,1226756
7290002333838,false,כוסמת הרדוף אורגנית,אול אורגני,IL,כוסמת אורגני 500 גר' הרדו,גרמים,500.00,100 גרם,false,,9.90,0.0198,true,1,1226761
7290002333951,false,עדשים ירוקות הרדוף א,אול אורגני,IL,עדשים ירוקות אורגני 500 ג,גרמים,500.00,100 גרם,false,,12.90,0.0258,true,1,1226763
7290002333968,false,עדשים צהובות אורגניו,,,עדשים צהובות אורגניו,גרמים,500.00,100 גרם,false,,14.90,0.0298,true,1,1417575
7290002333999,false,גרעיני חמניות קלופים,אול אורגני,IL,גרעיני חמניות קלופים אורג,גרמים,300.00,100 גרם,false,,12.90,0.0430,true,1,1226765
7290002349020,false,מלכודת עש המזון ללא,,,מלכודת עש המזון ללא,יחידה,0.00,יחידה,false,,24.90,0.0000,true,1,2280565
7290002349051,false,מלכות עש הבגדים ללא,,,מלכות עש הבגדים ללא,יחידה,0.00,יחידה,false,,24.90,0.0000,true,1,2280566
7290002360124,false,חליטת תה ורד הבר פומפדור 20 שקיקים,TEEKANNE- POMPADOU,DE,פומפדור חליטת צמחים ורד ה,גרמים,70.00,100 גרם,false,,11.90,0.1700,true,1,1253150
7290002360155,false,חליטת תה פרחי שומר פומפדור 20 שקיקים,קריות זול,DE,פומפדור חליטת צמחים שומר,גרמים,40.00,100 גרם,false,,11.90,0.2975,true,1,1253151
7290002360278,false,חליטת תה מנטה פומפדור 20 שקיקים,"איטיליאן פוד, אס.פי.",DE,פומפדור חליטת צמחים מנטה,גרמים,45.00,100 גרם,false,,11.90,0.2644,true,1,1253154
7290002360285,false,תה פומפדור חליטת צמחים קמומיל 20 שק,TEEKANNE- POMPADOU,DE,פומפדור חליטת צמחים קמומי,גרמים,30.00,100 גרם,false,,11.90,0.3967,true,1,1253155
7290002370284,false,גבינת קשקבל מבולגריה,,,גבינת קשקבל חצי קשה,קילוגרמים,1.00,"ק""ג",true,,109.00,109.0000,true,1,1853352
7290002370420,false,גבינה גאודה מהולנד 3,איוויאן,NL,גבינת גאודה 30%,קילוגרמים,1.00,"ק""ג",true,,69.00,69.0000,true,1,2135967
7290002370475,false,גבינת דנהבלו בשלה עם,קסרייס,ES,גבינת דנהבלו בשלה עם,קילוגרמים,1.00,"ק""ג",true,,69.00,69.0000,true,1,2152420
7290002370925,false,גבינת גאודה עם עשבי,,,גבינת גאודה עם עשבי,קילוגרמים,1.00,"ק""ג",true,,99.00,99.0000,true,1,2240281
7290002371526,false,סלסולי פסטרמה שום טירת צבי 120 ג',הנסיך- מפעל לייצור ט,IL,סלסולי פסטרמה שום וצ'ילי,גרמים,120.00,100 גרם,false,,14.90,0.1242,true,1,1254956
7290002371533,false,דקניקים סלסולי פסטרמה בדבש 120 ג' טירת צבי,הנסיך- מפעל לייצור ט,IL,סלסולי פסטרמה בדבש 120 גר,גרמים,120.00,100 גרם,false,,14.90,0.1242,true,1,1254957
7290002371540,false,דקניקים קורנדביף 120 ג' טירת צבי,הנסיך- מפעל לייצור ט,IL,קורנדביף 120 גר' טירת מבי,גרמים,120.00,100 גרם,false,,14.90,0.1242,true,1,1254958
7290002371571,false,פסטרמה פרגיות לבגט ט,טירת צבי,IL,פסטרמה פרגיות לבאגט במשקל,קילוגרמים,1.00,"ק""ג",true,,85.00,85.0000,true,1,1254959
7290002371854,false,"נקניקיות עוף מתובלות 1 ק""ג טירת צבי",הנסיך- מפעל לייצור ט,IL,"נקניקיות חריפות 1ק""ג טירת",גרמים,1000.00,100 גרם,false,,26.90,0.0269,true,1,1254961
7290002371939,false,טירת צבי סרוולד צרפת,הנסיך- מפעל לייצור ט,IL,סרוולד בסגנון צרפתי 120 ג,גרמים,120.00,100 גרם,false,,23.90,0.1992,true,1,1254962
7290002373544,false,לחם חיטה מלאה ללא שמ,מאפיית השלום,IL,לחם חיטה מלאה ללא שמרים,גרמים,750.00,100 גרם,false,,13.90,0.0185,true,1,1238896
7290002374268,false,שמן חמניות מילומור 1 ליטר,שמן תעשיות,IL,שמן חמניות מילומור 1 ליטר,ליטרים,1.00,ליטר,false,,11.90,11.9000,true,1,1251807
7290002374312,false,שמן קנולה מילומור 1 ליטר,"נארז ע""י : א.ג. גילר",IL,שמן קנולה מילומור 1 ליטר,ליטרים,1.00,ליטר,false,,10.90,10.9000,true,1,1251808
7290002374640,false,שמן קנולה פלוס אומגה 3 1ל' עץ הזית,שמן תעשיות,IL,"שמן קנולה פלוס אומגה 3 ""ע",ליטרים,1.00,ליטר,false,,16.50,16.5000,true,1,1278820
7290002385066,false,"בולגרית קוביות ק""ג.",דשן,IL,"בולגרית 5% קוביות 1.5 ק""ג",קילוגרמים,1.00,"ק""ג",true,,59.00,59.0000,true,1,1243176
7290002385196,false,רוקפור דייניש בלו,קסטלו,,"גבינת רוקפור ק""ג",קילוגרמים,1.00,"ק""ג",true,,129.00,129.0000,true,1,1349120
7290002385400,false,"ריקוטה פרסקה ק""ג.",מחלבות גד,IL,ריקוטה פרסקה 9% במגש 1.8,קילוגרמים,1.00,"ק""ג",true,,60.00,60.0000,true,1,1243179
7290002385431,false,גבינה בולגרית 16% רכ,דשן,IL,בולגרית מסורתית בפח 16% ק,קילוגרמים,1.00,"ק""ג",true,,59.00,59.0000,true,1,1243180
7290002385455,false,"בולגרית 24% ק""ג מעדנ",דשן,IL,בולגרית מעודנת 24% דלי 10,קילוגרמים,1.00,"ק""ג",true,,59.00,59.0000,true,1,1243181
7290002385745,false,גבינת פקורינו משולשי,מחלבות גד,IL,פקורינו משולשים מעדניה בד,קילוגרמים,1.00,"ק""ג",true,,149.00,149.0000,true,1,1243184
7290002410126,false,שומן בקר,,,שומן בקר,קילוגרמים,1.00,"ק""ג",true,,19.90,19.9000,true,1,1258059
7290002435112,false,רוטב עגבניות 22% A2 ויטה 600ג',מילוז(1989),IL,רוטב עגב. א- BX22 2ויטה,גרמים,570.00,100 גרם,false,,6.90,0.0121,true,1,1261124
7290002447481,false,צ'אך עגל טרי,,,צ'אך עגל טרי,קילוגרמים,1.00,"ק""ג",true,,119.00,119.0000,true,1,1255135
7290002447498,false,ויסבראטן עגל טרי,,,ויסבראטן עגל טרי,קילוגרמים,1.00,"ק""ג",true,,120.00,120.0000,true,1,1255136
7290002447573,false,שייטל עגל טרי,,,שייטל עגל טרי,קילוגרמים,1.00,"ק""ג",true,,109.00,109.0000,true,1,1255138
7290002448723,false,פרמיו פילה עוף 100ג',,,פרמיו פילה עוף 100ג',גרמים,100.00,100 גרם,false,,14.90,0.1490,true,1,1226774
7290002485025,false,חומוס מסעדות 500 גרם,"סלטי שמיר 2006 בע""מ",,חומוס מסעדות 500 גרם,גרמים,500.00,100 גרם,false,,13.90,0.0278,true,1,2131261
7290002485049,false,חומוס מסבחה 500 גרם,"סלטי שמיר 2006 בע""מ",,חומוס מסבחה 500,גרמים,500.00,100 גרם,false,,13.90,0.0278,true,1,2131262
7290002485063,false,חומוס אבו גוש 500 גר,"סלטי שמיר 2006 בע""מ",,חומוס אבו גוש 500,גרמים,500.00,100 גרם,false,,13.90,0.0278,true,1,2131263
7290002487364,false,שלושת האופים ב. פילו גבינה זיתים 700 גר לנדא,שלושת האופים,IL,בורקס פילו גבינה וזיתים,גרמים,700.00,100 גרם,false,,14.90,0.0213,true,1,1244745
7290002496557,false,תמר לח ארוז ליח,פרי וירק טמרה ושותפי,,תמר לח 500 גרם,גרמים,500.00,100 גרם,false,,9.90,0.0198,true,1,1235074
7290002502203,false,בורקס גבינה במשקל,בונז'ור,IL,בונז'ור בורקס גבינה,קילוגרמים,1.00,"ק""ג",true,,39.00,39.0000,true,1,1223452
7290002507451,false,קציצות דג סלמון דלידג 750 גר',דלידג,IL,קציצות סלמון לבישול,גרמים,750.00,100 גרם,false,,28.90,0.0385,true,1,1552634
7290002507604,false,פיצת השף מאיטליה 320 גר',האי נאם סי או אל.טי.,IT,פיצה שגב 320 גרם,גרמים,320.00,100 גרם,false,,13.90,0.0434,true,1,1620596
7290002512004,false,מלוואח צנעני 900 גרם,צנעני,IL,מלאווח צנעני 900גר,גרמים,900.00,100 גרם,false,,19.90,0.0221,true,1,1261126
7290002512011,false,צנעני גחנון 900 גרם,צנעני,IL,גחנון צנעני 900גר,גרמים,900.00,100 גרם,false,,19.90,0.0221,true,1,1261127
7290002512035,false,"בצק עלים צנעני 1 ק""ג",צנעני,IL,בצק עלים צנעני 1קג,גרמים,1000.00,100 גרם,false,,16.90,0.0169,true,1,1261128
7290002512257,false,מלווח מופחת שמן צנענ,צנעני,IL,מלווח מופחת שומן,גרמים,700.00,100 גרם,false,,14.90,0.0213,true,1,1261137
7290002512264,false,ג'חנון מופחת שומן רו,צנעני,IL,ג'חנון מופחת שומן,גרמים,700.00,100 גרם,false,,14.90,0.0213,true,1,1261138
7290002515333,false,"ד""ר פישר - קמיל בלו סנסיטיב אל סבון עדין לתינוק 500 מ""ל","ד""ר פישר Dr fischer",IL,קמיל בלו סנסיטיב אל סבון,מיליליטרים,500.00,"100 מ""ל",false,,17.90,0.0358,true,1,1265132
7290002517269,false,תבלין פלפל שחור שלם 35ג',תות ממתקי איכות,IL,מיכל פל.שחור שלם 35 גר',גרמים,35.00,100 גרם,false,,7.90,0.2257,true,1,1264084
7290002517276,false,תבלין פלפל אנגלי שלם 25ג',תות ממתקי איכות,IL,מיכל קטן פ.אנגלי שלם 25גר,גרמים,25.00,100 גרם,false,,4.90,0.1960,true,1,1264085
7290002517337,false,תבלין אורגנו עלים 20 גר',תות ממתקי איכות,IL,שק.20 גר' אורגנו,גרמים,20.00,100 גרם,false,,4.90,0.2450,true,1,1264086
7290002517375,false,תבלין בזיליקום 30 גר' שק',תות ממתקי איכות,IL,שק.30 גר' בזיליקום,גרמים,30.00,100 גרם,false,,4.90,0.1633,true,1,1264087
7290002517580,false,תערובת תיבול לעוף - 80 ג',תות ממתקי איכות,IL,עוף תערובת תיבול 80גר',גרמים,80.00,100 גרם,false,,9.90,0.1238,true,1,1264098
7290002517634,false,תבליני כוסברה 30גר,תות ממתקי איכות,IL,מיכל קטן כוזברה 30גר',גרמים,30.00,100 גרם,false,,4.90,0.1633,true,1,1264100
7290002517726,false,תבלין מקלות קינמון 15ג',תות ממתקי איכות,IL,מיכל קטן מקל קינמון 15גר',גרמים,15.00,100 גרם,false,,4.90,0.3267,true,1,1264101
7290002517733,false,תבלין קצח טעם וריח 4,תות ממתקי איכות,IL,מיכל קטן קצח 40גר',גרמים,40.00,100 גרם,false,,4.90,0.1225,true,1,1264102
7290002517801,false,תבלין צ'ילי כתוש - חריף (פלפל קיינה) 30 ג',תות ממתקי איכות,IL,מיכל קטן צ'ילי כתוש 30גר',גרמים,30.00,100 גרם,false,,4.90,0.1633,true,1,1264104
7290002517863,false,תבלין ציפורן טחון 80ג',תות ממתקי איכות,IL,מיכל קטן ציפורן טחון 40גר,גרמים,40.00,100 גרם,false,,7.90,0.1975,true,1,1264107
7290002538158,false,גלידה חמה ימבו 15 יח,,,גלידה חמה 15 יח',גרמים,225.00,100 גרם,false,,17.90,0.0796,true,1,1905094
7290002542506,false,"בירה קורונה בקבוק 355מ""ל",קריניציה ויטמינה אס,MX,"בירה קורונה 355 מ""ל",מיליליטרים,355.00,"100 מ""ל",false,,9.90,0.0279,true,1,1410682
7290002542773,false,"בירה סטלה ארטואה בקבוק 330 מ""ל",סטלה,BE,בירה סטלה ארטואה -בק,מיליליטרים,330.00,"100 מ""ל",false,,9.90,0.0300,true,1,2181992
7290002542780,false,"שישיית בירה סטלה ארטואה 330 מ""ל*6",סטלה ארטואה Stella Artois,BE,בירה סטלה ארטואה -שי,ליטרים,1.98,ליטר,false,,34.90,17.6263,true,1,2181993
7290002542797,false,בקבוק בירה לף בלונד,לף Leffe,BE,"בירה לף בלונד 330 מ""",מיליליטרים,330.00,"100 מ""ל",false,,6.90,0.0209,true,1,2182001
7290002542841,false,שישיית בירה לף בלונד,לף Leffe,BE,בירה לף בלונד שישייה,ליטרים,1.98,ליטר,false,,39.90,20.1515,true,1,2182003
7290002542865,false,שישיית בירה הוגרדן 6,הוגרדן,BE,"בירה הוגרדן 330 מ""ל",ליטרים,1.98,ליטר,false,,39.90,20.1515,true,1,2182589
7290002543046,false,קלוגס פרוסטיס דגנים וסוכר 750ג',קלוג מנייופרטורינג א,ES,קלוגס פרוסטיס 750 גם,גרמים,750.00,100 גרם,false,,19.90,0.0265,true,1,1224612
7290002543237,false,קלוגס קורנפלקס 750גר,קלוגס קומפני אוף גרי,DE,קלוגס קורנפלקס 750 ג,גרמים,750.00,100 גרם,false,,14.90,0.0199,true,1,1224614
7290002544227,false,ממרח זיתים שחורים 18,,,ממרח זיתים שחורים 18,גרמים,180.00,100 גרם,false,,19.90,0.1106,true,1,2213972
7290002544234,false,ממרח עגבניה מיובשות,,,ממרח עגבניה מיובשות,גרמים,180.00,100 גרם,false,,19.90,0.1106,true,1,1331416
7290002551003,false,טונה בשמן בודד 160 ג' סטארקיסט,סטארקיסט,,טונה סטארקיסט בשמן 1,גרמים,160.00,100 גרם,false,,6.90,0.0431,true,1,1224616
7290002551010,false,סטארקיסט טונה במים 112 ג',"סטארקיסט פודור בע""מ",TR,טונה סטארקיסט במים 1,גרמים,160.00,100 גרם,false,,6.90,0.0431,true,1,1224617
7290002577508,false,פילה דג הרינג מלוח בשמן ובצל דלידג 240 ג',מיוצר על ידי קוד יצר,IL,דג הרניג שמן בצל 240,גרמים,240.00,100 גרם,false,,24.90,0.1037,true,1,2135427
7290002581079,false,תן צ'אפ חטיף טבעות 50 גר',מיה תעשיות מזון,IL,תן צ'אפ טבעות 50גרם,גרמים,50.00,100 גרם,false,,3.90,0.0780,true,1,1248918
7290002581352,false,קרקר דגן ללא סוכר 25,אפיפית נצרת,IL,קרקר דגן ללא סוכר 24/0.25,גרמים,250.00,100 גרם,false,,7.90,0.0316,true,1,1261812
7290002581536,false,"וופל בטעם שוקולד לל""ס הדר 250ג'",אפיפית נצרת,IL,ופל נאפוליטנה ללא סוכר 24,גרמים,250.00,100 גרם,false,,7.90,0.0316,true,1,1261813
7290002599029,false,תבליני יונה פפריקה מתוקה בשמן 80ג,תבליני יונה,IL,תבליני יונה,גרמים,80.00,100 גרם,false,,3.90,0.0487,true,1,1240006
7290002599036,false,פלפל לבן/שחור 50גר,תבליני יונה,IL,פלפל שחור 50 גר',גרמים,50.00,100 גרם,false,,4.90,0.0980,true,1,1240007
7290002599081,false,תבליני יונה תבלינים,תבליני יונה,IL,תבליני יונה 30 גר',גרמים,30.00,100 גרם,false,,3.90,0.1300,true,1,1240008
7290002599104,false,תבליני יונה תבלינים,תבליני יונה,IL,תבליני יונה 50 גר',גרמים,50.00,100 גרם,false,,3.90,0.0780,true,1,1240009
7290002599197,false,פלפל לבן/שחור 50גר,תבליני יונה,IL,שחור גרוס /פ.לבן 50 גר',גרמים,50.00,100 גרם,false,,4.90,0.0980,true,1,1240010
7290002603481,false,פיצת השף מאיטליה CHEF שגב פסטו ועגבניות 200 גרם,האי נאם סי או אל.טי.,IT,פיצה השף מאיטליה CHE,גרמים,200.00,100 גרם,false,,14.90,0.0745,true,1,1731535
7290002603498,false,פיצת השף שגב אנטיפסט,האי נאם סי או אל.טי.,IT,פיצה השף מאיטליה CHE,גרמים,220.00,100 גרם,false,,14.90,0.0677,true,1,1731536
7290002603689,false,"מקלות פילו XL תפו""א שגב 450ג'",,,מקלות פילו XL תפוח א,גרמים,450.00,100 גרם,false,,16.90,0.0376,true,1,1731546
7290002603696,false,מקלות פילו XL גבינה שגב 450ג',,,מקלות פילו XL גבינה,גרמים,450.00,100 גרם,false,,16.90,0.0376,true,1,1731547
7290002608509,false,לחם מחמצת זיתי קלמנט,,,לחם מחמצת זיתי קלמטה,גרמים,500.00,100 גרם,false,,16.90,0.0338,true,1,1935590
7290002627098,false,שלושת האופים פיצה ביס 350 גר',שלושת האופים,,פיצה ביס שלושת האופי,גרמים,350.00,100 גרם,false,,12.90,0.0369,true,1,2230257
7290002627210,false,"גפילטעפיש קציצות מדגי קרפיון וכסיף 560 גר' בעל""ז",האי נאם סי או אל.טי.,IL,גפילטע פיש 560 גרם,גרמים,560.00,100 גרם,false,,12.90,0.0230,true,1,2124342
7290002628163,false,שומן כבש טרי,,,שומן כבש טרי,קילוגרמים,1.00,"ק""ג",true,,79.00,79.0000,true,1,1258064
7290002628439,false,עוף שלם טרי,,,עוף שלם טרי,קילוגרמים,1.00,"ק""ג",true,,19.90,19.9000,true,1,1258065
7290002661184,false,לחם אחיד כהה פרוס 75,,,לחם אחיד כהה פרוס 75,גרמים,750.00,100 גרם,false,,6.90,0.0092,true,1,1238885
7290002661443,false,פירורי לחם מוזהבים עדינים 200 גר.,,,פירורי לחם זהוב עדין,גרמים,200.00,100 גרם,false,,2.90,0.0145,true,1,1474663
7290002661474,false,פרורי לחם עם שומשום 200 ג',,,פירורי לחם זהוב שומש,גרמים,200.00,100 גרם,false,,3.90,0.0195,true,1,1474664
7290002674238,false,"אקווה פרש - משחת שיניים מנטה מרענן 125 מ""ל",,,א.פרש משחת שיניים 12,מטרים,125.00,100 מ'ל,false,,9.90,0.0792,true,1,1642430
7290002692393,false,שמן קנולה מועשר עץ ה,שמן תעשיות,IL,"שמן קנולה מועשר 1 ליטר ""ע",ליטרים,1.00,ליטר,false,,15.90,15.9000,true,1,1251813
7290002692478,false,"שמן זית כתית מעולה קלאסי מעודן 750 מ""ל עץ הזית","מרקאולאו, ספרד.אבסה,",IT,שמן זית כתית מעולה מעודן,מיליליטרים,750.00,"100 מ""ל",false,,32.90,0.0439,true,1,1251816
7290002692768,false,"תרסיס קנולה מופחת קלוריות 200 מ""ל עץ הזית",טרנסומס פוד איי בי,IT,"תרסיס קנולה 200 מ""ל ""עץ-ה",מיליליטרים,200.00,"100 מ""ל",false,,12.90,0.0645,true,1,1251818
7290002692782,false,"תרסיס מופחת קלוריות זית 200 מ""ל עץ הזית",י.ב טכנולוגיות אריזה,IL,"תרסיס זית 150 מ""ל ""עץ-הזי",מיליליטרים,150.00,"100 מ""ל",false,,12.90,0.0860,true,1,1251819
7290002694762,false,מוט לוילון,,,מוט לוילון,יחידה,0.00,יחידה,false,,29.90,0.0000,true,1,2155371
7290002730262,false,פלמוליב כלים שקוף קלאסי 750 בקבוק חדש,יבואן ומשווק: ש. שסט,GR,פלמוליב כלים שקוף קלאסי 7,מיליליטרים,750.00,"100 מ""ל",false,,11.90,0.0159,true,1,1253165
7290002730521,false,צימרוני אוזניים בלונס בקופסא 200 יח',קריות זול,GR,בלונס מקלות אוזניים 200 י,יח',200.00,יח',false,,5.90,0.0295,true,1,1253167
7290002730538,false,בלונס פדים להסרת איפור 80 יח',הנסיך- מפעל לייצור ט,GR,בלונס מסיר איפור 80 יח,יח',80.00,יח',false,,9.90,0.1238,true,1,1253168
7290002730675,false,"קולגייט משחת שיניים אדומה משפחתי 100 מ""ל",קולגייט פלמוליב,PL,קולגייט משחה אדומה משפחתי,מיליליטרים,100.00,"100 מ""ל",false,,10.90,0.1090,true,1,1253170
7290002730811,false,"קולגייט משחת שיניים ג'ל משפחתי 100מ""ל",הנסיך- מפעל לייצור ט,PL,קולגייט אדומה ג'ל חדש 100,מיליליטרים,100.00,"100 מ""ל",false,,9.90,0.0990,true,1,1253171
7290002730903,false,פלמוליב סבון מוצק ורדים רביעייה * 125 ג',הנסיך- מפעל לייצור ט,TR,פלמוליב סבון מוצק ורדים ר,גרמים,400.00,100 גרם,false,,16.90,0.0422,true,1,1253172
7290002730941,false,בלונס צמר גפן פרוס 100גר',הנסיך- מפעל לייצור ט,GR,בלונס צמר גפן 100 גרם,גרמים,100.00,100 גרם,false,,5.90,0.0590,true,1,1253175
7290002730958,false,פלמוליב סבון מוצק? ירוק זית רביעייה * 100 ג',הנסיך- מפעל לייצור ט,TR,פלמוליב סבון מוצק ירוק זי,גרמים,400.00,100 גרם,false,,16.90,0.0422,true,1,1253176
7290002750338,false,לחם רוסטיק עגבניות מ,,,לחם רוסטיק עגבניות מ,גרמים,500.00,100 גרם,false,,14.90,0.0298,true,1,1935595
7290002750963,false,באגט רוסטיק פילסברי,פילסברי,,בגט רוסטיק,יחידה,0.00,יחידה,false,,7.90,0.0000,true,1,1704293
7290002752332,false,"סוכריות מנטוס פירות בגליל, 37.5 גרם",הדקלאים אגודת שיתופי,NL,מנטוס פירות בודד,גרמים,37.50,100 גרם,false,,3.00,0.0800,true,1,1241690
7290002752349,false,סוכריות מנטוס מנטה 40יח' בגליל 38ג',פרפטי ואן מלה,NL,מנטוס מנטה בודד,גרמים,37.50,100 גרם,false,,3.00,0.0800,true,1,1241691
7290002752493,false,רביעיה סוכריות מנטה 4* 16 ג' טיק טק,קריות זול,ZA,סוכריות טיק-טק רביעי,גרמים,64.00,100 גרם,false,,7.90,0.1234,true,1,1241692
7290002753223,false,רביעייה סוכריות תפוז 4*16 ג' טיק טק,קריות זול,ZA,סוכריות טיק-טק רביעי,גרמים,64.00,100 גרם,false,,7.90,0.1234,true,1,1241693
7290002753995,false,ערכת קישוטי עוגה 150 גר',היינץ צפון אמריקה מק,DE,קישוטי שוקולד,גרמים,150.00,100 גרם,false,,15.90,0.1060,true,1,1241694
7290002757139,false,מלוואח 700 גר' שלושת האופים קהילות,שלושת האופים,IL,מלאווח 700 ג',גרמים,700.00,100 גרם,false,,12.90,0.0184,true,1,1244748
7290002757146,false,"קובה חמוסטה למרק שלושת האופים 1ק""ג",שלושת האופים,IL,קובה חמוסטה למרק 1 ק,קילוגרמים,1.00,"ק""ג",false,,18.90,18.9000,true,1,2073058
7290002757528,false,"בורקס פילו תפו""א 700גרם לנדא",יוליניבר,IL,בורקס פילו תפוח אדמה,גרמים,700.00,100 גרם,false,,14.90,0.0213,true,1,1244750
7290002757535,false,בורקס פילו אצבעות גבינה 700 ג' שלושת האופים,שלושת האופים,IL,בורקס פילו אצבעות גבינה,גרמים,700.00,100 גרם,false,,14.90,0.0213,true,1,1244751
7290002757542,false,אטריות קדאיף 400 גרם לנדא,שלושת האופים,IL,אטריות קדאיף 400 ג',גרמים,400.00,100 גרם,false,,18.90,0.0472,true,1,1244752
7290002768036,false,"מי פה תיאדנט ענק מונע עששת 150מ""ל",אמיליה קוסמטיקס,IL,"מי פה תיאדנט 150מ""ל",מיליליטרים,150.00,"100 מ""ל",false,,14.90,0.0993,true,1,1258431
7290002768043,false,"תיאדנט מי-פה ענק פלאוריד 150 מ""ל",טרופיקל דגיל תעשיות,IL,מי פה תיאדנט+פלאוריד150מ,מיליליטרים,150.00,"100 מ""ל",false,,14.90,0.0993,true,1,1258432
7290002768074,false,דרמופון - סבון נוזלי 1 ליטר,טרופיקל דגיל תעשיות,IL,דרמפון סבון ללא סבון 1 ל,ליטרים,1.00,ליטר,false,,14.90,14.9000,true,1,1258433
7290002768159,false,"בת אורן סבון קצף לאמבט 500 מ""ל",פארק תעשיות עמק חפרמ,IL,בת אורן סבון נוזלי 500מל,מיליליטרים,500.00,"100 מ""ל",false,,18.90,0.0378,true,1,1258434
7290002769316,false,עוגת קראנץ 500 גרם,,,עוגת קראנץ 500 גרם,גרמים,500.00,100 גרם,false,,13.90,0.0278,true,1,1260728
7290002769347,false,עוגיות מובחרות בדלי --600-500 גרם,עוגיות הזהב,,עוגיות מובחרות בדלי,גרמים,600.00,100 גרם,false,,14.90,0.0248,true,1,1260729
7290002769392,false,עוגיות אדל עבודת יד 300 גר',,,עוגיות פרימיום מיוחד,גרמים,250.00,100 גרם,false,,20.90,0.0836,true,1,1960126
7290002769514,false,עוגיות מובחרות 350 ג,,,עוגיות מובחרות 350 ג,גרמים,350.00,100 גרם,false,,10.90,0.0311,true,1,1327145
7290002769767,false,קצפות מובחרות אדל חלבי,,,עוגת גבינה במבחר טעמ,גרמים,600.00,100 גרם,false,,41.90,0.0698,true,1,1897616
7290002769903,false,כדורי שוקולד ארוז,,,כדורי שוקולד ארוז,גרמים,380.00,100 גרם,false,,20.90,0.0550,true,1,2157382
7290002769910,false,עוגיות ללא תוספת סוכר 350 גר',,,עוגיות ללא סוכר,גרמים,300.00,100 גרם,false,,10.90,0.0363,true,1,2157383
7290002769996,false,עוגות קראנץ מאפים א,,,קרנץ מאפים מתוקים,יחידה,0.00,יחידה,false,,16.90,0.0000,true,1,1408548
7290002771104,false,קפה אלנח'לה עם הל 500 ג',מולינו ניקולי s.p.a,IL,קפה אלנח'לה 500 גרם,גרמים,500.00,100 גרם,false,,29.90,0.0598,true,1,1271326
7290002771111,false,קפה עם הל 250 ג' אלנח'לה,מולינו ניקולי s.p.a,IL,קפה אלנח'לה 250 גרם,גרמים,250.00,100 גרם,false,,16.90,0.0676,true,1,1271327
7290002771326,false,קפסולות קפה עם הל - מארז 10 יח',קפה אל נח'לה,IL,מארז 10 קפסולות קפה,גרמים,50.00,100 גרם,false,,19.90,0.3980,true,1,2203725
7290002775010,false,מיני בורקס פילו גבינה שלושת האופים מהדרין 650 ג',שגמור,IL,מיני פילו גבינה 650 גר',גרמים,650.00,100 גרם,false,,14.90,0.0229,true,1,1244753
7290002782131,false,"פנינה רוזנבלום - דאודורנט ספריי לאישה מס' 1 150 מ""ל",ביסקול תמרוקים,IL,דאודורנט פנינה מס 1,מיליליטרים,150.00,"100 מ""ל",false,,19.90,0.1327,true,1,1261720
7290002782735,false,"פנינה דאו' ספריי לגברים קלאסי, 150 מ""ל",ביסקול תמרוקים,IL,דאודורנט פנינה לגבר,מיליליטרים,180.00,"100 מ""ל",false,,15.90,0.0883,true,1,1261721
7290002782742,false,"פנינה רוזנבלום - דאודורנט ספריי לאישה מס' 2 150 מ""ל",ביסקול תמרוקים,IL,דאודורנט פנינה מס 2,מיליליטרים,150.00,"100 מ""ל",false,,15.90,0.1060,true,1,1261722
7290002782759,false,"פנינה קרם גוף רוזנבלום 400 מ""ל",א.ל ארמן,IL,קרם גוף פנינה מס 2,מיליליטרים,340.00,"100 מ""ל",false,,24.90,0.0732,true,1,1261723
7290002787884,false,"בורקס מקלות פילו תפו""א 3.האופים 600 ג'",שגמור,IL,מיני פילו תפוא 650 גר',גרמים,600.00,100 גרם,false,,14.90,0.0248,true,1,1307537
7290002814016,false,"מסיר שומנים קר מתז סנט מוריץ 750מ""ל",קומפלקס כימיקלים,IL,מסיר שומנים מתז,מיליליטרים,750.00,"100 מ""ל",false,,14.90,0.0199,true,1,1249749
7290002814054,false,סנט מוריץ מתז אנטרטיק מתז 1 ליטר,קומפלקס כימיקלים,IL,מתז אנטרטיק 1 ליטר,ליטרים,1.00,ליטר,false,,10.90,10.9000,true,1,2170889
7290002814078,false,סנט מוריץ נוזל לניקוי אמבט אנטרטיק 1ל',קומפלקס כימיקלים,IL,אנטרטיק 1 ליטר צילינ,ליטרים,1.00,ליטר,false,,6.90,6.9000,true,1,2170876
7290002814290,false,BLANCO קצף אקונומיקה מרוכז 1 ליטר בניחוח לימון,קומפלקס כימיקלים,IL,קצף מרוכז 1 ליטר,ליטרים,1.00,ליטר,false,,10.90,10.9000,true,1,2170905
7290002814498,false,"סנט מוריץ - מרסס חומץ לניקוי כללי 750 מ""ל",ארבה כימיקלים,TR,מתז חומץ,מיליליטרים,750.00,"100 מ""ל",false,,9.90,0.0132,true,1,2170906
7290002814528,false,נוזל לניקוי האסלה סנט מוריץ 1 ליטר,קומפלקס כימיקלים,IL,NO 1,ליטרים,1.00,ליטר,false,,6.90,6.9000,true,1,1249757
7290002814610,false,מסיר שומנים מבושם לי,,,מסיר שומנים מבושם לי,ליטרים,1.00,ליטר,false,,12.90,12.9000,true,1,2170878
7290002814665,false,סנט מוריץ - מרסס מסיר עובש 1 ליטר,קומפלקס כימיקלים,IL,מתז מסיר עובש,ליטרים,1.00,ליטר,false,,10.90,10.9000,true,1,2247614
7290002814825,false,סבון אסלה כדוריות אוקיינוס כחול שלישיה,גורקה,TR,סבון אסלה כדוריות של,יחידה,0.00,יחידה,false,,9.90,0.0000,true,1,2170879
7290002814832,false,סבון אסלה כדוריות לבנדר שלישיה,גורקה,TR,סבון אסלה כדוריות של,יחידה,0.00,יחידה,false,,9.90,0.0000,true,1,2170880
7290002814894,false,אקונומיקה קצף ניקוי 1לוונדר ליטר- סנט מוריץ,קומפלקס כימיקלים,IL,מתז אקונומיקה קצף,ליטרים,1.00,ליטר,false,,10.90,10.9000,true,1,2170907
7290002814900,false,סבון אסלה כדוריות לימון שלישיה,גורקה,TR,סבון אסלה כדוריות של,יחידה,0.00,יחידה,false,,9.90,0.0000,true,1,2170883
7290002814931,false,סנט מוריץ שמפו רצפות בניחוח פרחים 4 ליטר - מרכז,קומפלקס כימיקלים,IL,רצפות 4 ליטר,ליטרים,4.00,ליטר,false,,11.90,2.9750,true,1,1249761
7290002824183,false,גבינה לבנה 5% שומן 500 ג' שטראוס,מיוצר עי קונדיטוריית,IL,סקי משפחתי 5%,גרמים,500.00,100 גרם,false,,9.90,0.0198,true,1,1256168
7290002824466,false,דנונה יוגורט ביו 0% 200מל,"שטראוס בריאות בע""מ",IL,"דנונה ביו טבעי 0%, 200 גר",גרמים,200.00,100 גרם,false,,3.60,0.0180,true,1,1256169
7290002824640,false,גבינה שטראוס 5% 250 ג',מיוצר עי קונדיטוריית,IL,סקי 5% 250 גרם,גרמים,250.00,100 גרם,false,,4.95,0.0198,true,1,1256170
7290002825722,false,סלט כרוב אדום אחלה 5,מיוצר עי קונדיטוריית,IL,כרוב אדום 500,גרמים,500.00,100 גרם,false,,15.50,0.0310,true,1,1256172
7290002827320,false,נקניקיות מרגז קפוא גלאט הדר הבשר 400ג',,,נקניקיות עוף מרגז מה,גרמים,400.00,100 גרם,false,,19.90,0.0497,true,1,1238926
7290002830948,false,גבינת מון בלאן עיזים 120 ג',סלס קרית מלאכי ישראל,IL,גבינת מון בלאן עיזים 120,גרמים,120.00,100 גרם,false,,9.90,0.0825,true,1,1244757
7290002842002,false,"שבולת שועל אנגלי מורנפלייק לל""ס 500גר",,,קווקר שיבולת שועל.,גרמים,500.00,100 גרם,false,,9.90,0.0198,true,1,1274178
7290002842163,false,טונה יולה 185 גר,,,טונה יולה,גרמים,185.00,100 גרם,false,,10.90,0.0589,true,1,1274179
7290002842293,false,סרדין מינרווה חריף 1,,,סרדינים בשמן חריף,גרמים,120.00,100 גרם,false,,4.90,0.0408,true,1,1274180
7290002842309,false,סרדינים בשמן חמניות,,,סרדינים בשמן חמניות,גרמים,120.00,100 גרם,false,,4.90,0.0408,true,1,1274181
7290002842682,false,סרדין מינרווה בשמן ז,,,סרדין מינרווה בשמן ז,גרמים,120.00,100 גרם,false,,5.90,0.0492,true,1,2015485
7290002857600,false,קובה למרק פטריות 1 ק,שלושת האופים,IL,קובה למרק פטריות 1 ק,קילוגרמים,1.00,"ק""ג",false,,18.90,18.9000,true,1,2282727
7290002857617,false,פסטל בשר ש. האופים 1,שלושת האופים,IL,"פסטל בשר 1 ק""ג",קילוגרמים,1.00,"ק""ג",false,,18.90,18.9000,true,1,2282728
7290002868996,false,קוטג' 5% מועשר טרה 250ג' מהדרין,קריות זול,IL,קוטג' 5% 250 גרם- נעמ,גרמים,250.00,100 גרם,false,,5.40,0.0216,true,1,1243829
7290002881018,false,סן מורנו מעדן תות שד,קריות זול,,מעדן תות-שדה 100% פר,גרמים,284.00,100 גרם,false,,12.90,0.0454,true,1,1254064
7290002881032,false,מעדן אוכמניות כחולות,קריות זול,,מעדן אוכמניות כחולות,גרמים,284.00,100 גרם,false,,12.90,0.0454,true,1,1254066
7290002881056,false,מעדן משמש 100% פרי,קריות זול,,מעדן משמש 100% פרי,גרמים,284.00,100 גרם,false,,12.90,0.0454,true,1,1254068
7290002881063,false,מעדן תפוז סן מורנו 2,קריות זול,,מעדן תפוז 100%פרי,גרמים,284.00,100 גרם,false,,12.90,0.0454,true,1,1254069
7290002881094,false,מעדן פירות יער 284גר,אופאל,,מעדן מיקס פטל 100%פר,גרמים,284.00,100 גרם,false,,12.90,0.0454,true,1,1254071
7290002881124,false,מעדן פרי שזיף 100%סן,,,מעדן שזיף 100% פרי,גרמים,284.00,100 גרם,false,,12.90,0.0454,true,1,1254072
7290002881209,false,רסק תפוחי עץ דיאט 700 ג' תומר,Geurts conservenfabr,,רסק תפוחי-עץ דיאט 72,גרמים,720.00,100 גרם,false,,9.90,0.0138,true,1,1254074
7290002881216,false,רסק תפוחי עץ בצנצנת 700 ג' תומר,Geurts conservenfabr,,רסק תפוחי-עץ בצנצנת,גרמים,700.00,100 גרם,false,,9.90,0.0141,true,1,1254075
7290002881407,false,נודלס אטריות ביצים דק תומר 400ג',קריות זול,,נודלס דק 400 גרם.,גרמים,400.00,100 גרם,false,,6.90,0.0173,true,1,1254078
7290002881414,false,תומר נודלס עבה 400 גרם,אופאל,,נודלס עבה-400 גרם.,גרמים,400.00,100 גרם,false,,6.90,0.0173,true,1,1254079
7290002881469,false,עגבניות מיובשות בשמן,,,עגבניות מיובשות בשמן,גרמים,340.00,100 גרם,false,,12.90,0.0379,true,1,1254081
7290002881506,false,חמאת בוטנים תומר 510 ג',Niza s a,,חמאת בוטנים 500גרם,גרמים,510.00,100 גרם,false,,9.90,0.0194,true,1,1254082
7290002881513,false,חמאת בוטנים עם שברי בוטנים תמר 510 גר',Niza s a,,חמאת בוטנים עם שברי,גרמים,510.00,100 גרם,false,,9.90,0.0194,true,1,1254083
7290002881742,false,לבבות דקל פרוסות תומר 400 ג',Inaexpo,,לבבות דקל פרוסות,גרמים,400.00,100 גרם,false,,9.90,0.0248,true,1,1254089
7290002881919,false,פטריות שלמות תומר 40,גיבונג אינדסקיאלס,,פטריות שלם,גרמים,400.00,100 גרם,false,,7.90,0.0198,true,1,2126550
7290002881940,false,סרדינים מרוקאי בשמן חמניות 125ג' תומר,Union des pecheries,,סרדין מרוקאי בשמן,גרמים,125.00,100 גרם,false,,5.90,0.0472,true,1,1254092
7290002881957,false,סרדינים מרוקאי חריף בשמן חמניות 125ג' תומר,Union des pecheries,,סרדין מרוקאי חריף,גרמים,125.00,100 גרם,false,,5.90,0.0472,true,1,1254093
7290002881988,false,סרדין מרוקאי בשמן ולימון 125 ג' תומר,,,סרדין מרוקאי בשמן ול,גרמים,125.00,100 גרם,false,,5.90,0.0472,true,1,1254095
7290002900092,false,סטייק בורגר טירת צבי,הנסיך- מפעל לייצור ט,IL,סטייק בורגר 400 גר',גרמים,400.00,100 גרם,false,,19.90,0.0497,true,1,1254963
7290002900214,false,קבב מזרחי טירת צבי 4,טיב טירת צבי 2000,IL,קבב מזרחי 450 גר',גרמים,450.00,100 גרם,false,,19.90,0.0442,true,1,1254968
7290002900313,false,פסטרמה בסגנון ספרדי,טירת צבי,IL,פסטרמה בסגנון ספרדי טירת,קילוגרמים,1.00,"ק""ג",true,,85.00,85.0000,true,1,1254969
7290002900436,false,פסטרמה איטלקית מילנו,טירת צבי,IL,פסטרמה בסגנון איטלקי טירת,קילוגרמים,1.00,"ק""ג",true,,85.00,85.0000,true,1,1254970
7290002900566,false,פסטרמה ברביקיו דל שומן טירת צבי 360 ג',הנסיך- מפעל לייצור ט,IL,"פסטרמה ברביקיו ד""ש 360 גר",גרמים,360.00,100 גרם,false,,26.90,0.0747,true,1,1254971
7290002904694,false,"טיטניום דאודורנט ספריי לגברים 150 מ""ל",אמיליה קוסמטיקס בעמ,IL,דאו.טיטניום תרסיס 180 מל,מיליליטרים,180.00,"100 מ""ל",false,,14.90,0.0828,true,1,1258435
7290002920311,false,גבינה קממבר צאן גד ב,מחלבות גד,IL,"גבינת ברי ק""ג שקיל",קילוגרמים,1.00,"ק""ג",true,,125.00,125.0000,true,1,1243188
7290002921165,false,הזלין ספריי חלב לטיפוח רהיטי עור,קריות זול,CH,הזלין ספרי,מיליליטרים,400.00,"100 מ""ל",false,,34.90,0.0872,true,1,1240993
7290002921226,false,הזלין קרם לניקוי עור,פרייק,CH,הזלין-קרם /בקבוק,גרמים,250.00,100 גרם,false,,24.90,0.0996,true,1,1240994
7290002921233,false,"קרבונה ניקוי יבש לכתמים שומניים 200 מ""ל",מנדלז סי.אר. פרודקשן,ES,קרבונה-ספריי,גרמים,170.00,100 גרם,false,,19.90,0.1171,true,1,1240995
7290002921240,false,"שמפוזר מסיר כתמים משטיחים קרבונה 650 מ""ל",קרבונה Carbona,MX,שמפוזר-קרבונה אדום,מיליליטרים,651.00,"100 מ""ל",false,,24.90,0.0382,true,1,1240996
7290002922117,false,עוגיות אקלר פרמיום,אקלר,,עוגיות אקלר פרמיום,גרמים,200.00,100 גרם,false,,22.90,0.1145,true,1,2075060
7290002925729,false,"גם וגם משחת שיניים כחול ומי פה בטעם פפרמינט 120 מ""ל","אמיליה קוסמטיקס בע""מ",IL,גם וגם כחול,גרמים,120.00,100 גרם,false,,14.90,0.1242,true,1,1258436
7290002925798,false,"גם וגם משחת שיניים ירוק מי פה לייט 120 מ""ל",אמיליה קוסמטיקס,IL,"משחה +מי פה ירוק 120מ""ל",גרמים,120.00,100 גרם,false,,14.90,0.1242,true,1,1258437
7290002954187,false,"אורז יסמין 5 ק""ג שוקחה",בני ג'ורג' שוקחה חיפ,IN,"אורז יסמין 5 ק""ג שקי",קילוגרמים,5.00,"ק""ג",false,,44.90,8.9800,true,1,1272693
7290002954477,false,"אורז עגול אוסטרלי 5 ק""ג סנוואיט",בני ג'ורג' שוקחה חיפ,IN,"אורז עגול 5 ק""ג",קילוגרמים,5.00,"ק""ג",false,,49.90,9.9800,true,1,1272695
7290002970811,false,מזלג הגשה מוכסף,,,מזלג הגשה מוכסף,יחידה,0.00,יחידה,false,,2.90,0.0000,true,1,1273722
7290002970941,false,כוס בויטק מיני ענתיק,,,כוס בויטק מיני ענתיק,100 יח',20.00,100 יח',false,,17.90,0.8950,true,1,1273727
7290002971009,false,"קמח חיטה לבן בהיר שטיבל 1 ק""ג",שטיבל טחנות קמח,IL,קמח לבן יעודי שטיבל 1 קג,גרמים,1000.00,100 גרם,false,,4.50,0.0045,true,1,1258998
7290002971016,false,"שטיבל סולת חיטה 1 ק""ג",,,"סולת 1 ק""ג.",קילוגרמים,1.00,"ק""ג",false,,4.50,4.5000,true,1,1258999
7290002971092,false,שטיבל.6קמח מלא שטיבל,שטיבל טחנות קמח,IL,"קמח מלא שטיבל 1-6 ק""ג",קילוגרמים,1.00,"ק""ג",false,,7.90,7.9000,true,1,1259001
7290002971146,false,קמח -15 פיצה פוקצה ש,שטיבל טחנות קמח,IL,קמח פיצה ופו. - ש.15,גרמים,1000.00,100 גרם,false,,7.90,0.0079,true,1,1259002
7290002971153,false,קמח חלה מס 18 שטיבל,שטיבל טחנות קמח,IL,קמח חלה 1 קג שטיבל,קילוגרמים,1.00,"ק""ג",false,,7.90,7.9000,true,1,1259003
7290002971207,false,קמח רב תכליתי מס 1 ש,שטיבל טחנות קמח,IL,רב תכליתי 1 קג-שטיבל,קילוגרמים,1.00,"ק""ג",false,,7.90,7.9000,true,1,1259005
7290002971214,false,שטיבל 2 קמח לחם מעוש,מיוצר עי קונדיטוריית,IL,קמח לחם 1 קג שטיבל,קילוגרמים,1.00,"ק""ג",false,,7.90,7.9000,true,1,1259006
7290002971238,false,קמח עוגות שטיבל מס 5,שטיבל טחנות קמח,IL,קמח עוגות 1 קג-שטיבל,קילוגרמים,1.00,"ק""ג",false,,7.90,7.9000,true,1,1259008
7290002971245,false,קמח לחם כפרי מס 3 1,שטיבל טחנות קמח,IL,קמח כפרי שטיבל 1 קג,גרמים,1000.00,100 גרם,false,,7.90,0.0079,true,1,1259009
7290002971252,false,קמח -9 פסטה שטיבל.,שטיבל טחנות קמח,IL,קמח פסטה קג שטיבל,גרמים,1000.00,100 גרם,false,,13.90,0.0139,true,1,1259010
7290002986652,false,פתי בר שוקו 470 ג' גטניו,"אחים גטניו בע""מ",,פתי בר שוקו,גרמים,470.00,100 גרם,false,,9.90,0.0211,true,1,2283013
7290002987963,false,"סלט חומוס אחלה 1 ק""ג",מיוצר עי קונדיטוריית,IL,"חומוס אחלה 1 ק""ג",גרמים,1000.00,100 גרם,false,,13.90,0.0139,true,1,1256173
7290003006021,false,קוביות גבינת פטה לסל,גבינות ניצן,,קוביות גבינת פטה לסל,קילוגרמים,1.00,"ק""ג",true,,69.00,69.0000,true,1,2237567
7290003006120,false,טאפס עירוני פלפל ממו,גבינות ניצן,,טאפאס גבינות,קילוגרמים,1.00,"ק""ג",true,,149.00,149.0000,true,1,2076630
7290003009183,false,"פריגת סירופ דיאט תפוחים 750מ""ל",סירופ - גבעת חיים,IL,סירופ דיאט תפוחים 750,מיליליטרים,750.00,"100 מ""ל",false,,22.90,0.0305,true,1,1249848
7290003009312,false,בוטן קלוי קלית גת 200 ג',הדקלאים אגודת שיתופי,IL,בוטן קלוי בשקית,גרמים,200.00,100 גרם,false,,5.90,0.0295,true,1,1241695
7290003009329,false,בוטן אמריקאי קלית גת 200 ג',הדקלאים אגודת שיתופי,IL,בוטן אמריקאי.,גרמים,200.00,100 גרם,false,,5.90,0.0295,true,1,1241696
7290003009596,false,"פריגת סירופ דיאט אשכוליות 750מ""ל",סירופ - גבעת חיים,IL,סירופ דיאט אשכולית 750,מיליליטרים,750.00,"100 מ""ל",false,,22.90,0.0305,true,1,1249851
7290003009640,false,מיץ סחוט תפוזים 1 ל' פריגת,קריות זול,IL,סחוט תפוז1 ליטר,ליטרים,1.00,ליטר,false,,15.90,15.9000,true,1,1243830
7290003015627,false,ריצפז פרש 2 ליטר אפרסק מרכז,"סנו מפעלי ברונוס בע""",IL,סנו ריצפז פרש אפרסק2ליטר,ליטרים,2.00,ליטר,false,,19.90,9.9500,true,1,1235483
7290003015641,false,ריצפז סנו פרש יסמין 2ל',קריות זול,IL,סנו ריצפז פרש יסמין2ליטר,ליטרים,2.00,ליטר,false,,19.90,9.9500,true,1,1235485
7290003015672,false,סנו סופט מפיות צבעוניות חלקות 50 יח',חיי נייר,IL,מפיות אירוח סנו סושי50יח,יח',50.00,יח',false,,7.90,0.1580,true,1,1235486
7290003023196,false,"משקה יטבתה מוקה שקית 225 מ""ל",קריות זול,,שקית שוקו מוקה יטבתה,מיליליטרים,225.00,"100 מ""ל",false,,2.60,0.0116,true,1,1256175
7290003026029,false,"ד""ר פישר - קמיל בלו סנסיטיב שמפו אלדמע 500 מ""ל","ד""ר פישר Dr fischer",IL,קמיל בלו סנסיטיב אל דמע 5,מיליליטרים,500.00,"100 מ""ל",false,,17.90,0.0358,true,1,1265134
7290003026036,false,"ד""ר פישר - קמיל בלו סנסיטיב אל סבון עדין לתינוק 1 ליטר","ד""ר פישר Dr fischer",IL,קמיל בלו סנסיטיב אל סבון,ליטרים,1.00,ליטר,false,,24.90,24.9000,true,1,1265135
7290003026197,false,"ד""ר פישר - קמיל בלו שמן טיפולי 500 מ""ל","ד""ר פישר Dr fischer",IL,קמיל בלו סנסיטיב שמן טיפו,מיליליטרים,500.00,"100 מ""ל",false,,22.90,0.0458,true,1,1265136
7290003026227,false,"ד""ר פישר - קמיל בלו סנסיטיב שמפו אלדמע 1 ליטר","ד""ר פישר Dr fischer",IL,קמיל בלו סנסיטיב אל דמע ל,ליטרים,1.00,ליטר,false,,24.90,24.9000,true,1,1265137
7290003026319,false,"ד""ר פישר - קמיל משחה לתינוק 120 מ""ל","ד""ר פישר Dr fischer",IL,קמיל בלו סנסיטיב משחה לתי,גרמים,120.00,100 גרם,false,,18.90,0.1575,true,1,1265139
7290003029181,false,משקה יטבתה שוקו' בקבוק 1ל מהדרין,מחלבת יטבתה,IL,שוקו 1 ל בקבוק מהדרין,ליטרים,1.00,ליטר,false,,11.90,11.9000,true,1,1256178
7290003029372,false,משקה חלב בננה בקבוק 1ל' יוטבתה,מחלבת יטבתה,IL,1 ליטר משקה בננה מהדרין,ליטרים,1.00,ליטר,false,,11.90,11.9000,true,1,1256180
7290003029389,false,"משקה חלב בננה פקק ספורט 250 מ""ל יוטבתה",שטראוס גרופ,IL,"בננה פקק 250 מ""ל מהדרין",מיליליטרים,250.00,"100 מ""ל",false,,4.90,0.0196,true,1,1256181
7290003029433,false,"משקה יטבתה שוקו פקק 250 מ""ל מהדרין",מחלבת יטבתה,IL,שוקו פקק 250 מל מהדר,מיליליטרים,250.00,"100 מ""ל",false,,5.50,0.0220,true,1,1256183
7290003029532,false,מוקה בקבוק 1 ל' יוטבתה,מחלבת יטבתה,IL,מוקה בקבוק 1 ליטר מהדרין,ליטרים,1.00,ליטר,false,,11.90,11.9000,true,1,1256185
7290003029617,false,יטבתה שמנת מנה אישית 15% 125מל,STRAUSS-ISRAEL,IL,שמנת מנה אישית 100 גרם- מ,גרמים,100.00,100 גרם,false,,2.00,0.0200,true,1,1256186
7290003029792,false,"משקה יטבתה שוקו שקיות מהדרין מארז 225X8מ""ל",שטראוס גרופ,IL,מארז 8 שקיות שוקו- מהדרין,מיליליטרים,1800.00,"100 מ""ל",false,,19.90,0.0111,true,1,1256187
7290003029815,false,חלב יוטבתה מועשר 3% בכד 2ל',מחלבת יטבתה,IL,כד 2 ליטר חלב 3%- מהדרין,ליטרים,2.00,ליטר,false,,15.50,7.7500,true,1,1256188
7290003029884,false,"משקה יטבתה מוקה שקיות מארז 225X6מ""ל",קריות זול,IL,מארז 6 שקיות מוקה (חדש) מ,מיליליטרים,1350.00,"100 מ""ל",false,,15.90,0.0118,true,1,1256189
7290003029907,false,משקה יטבתה אייס קפה 1ליטר,מחלבת יטבתה,IL,אייס קפה 1 ליטר יטבתה מהד,ליטרים,1.00,ליטר,false,,11.90,11.9000,true,1,1256190
7290003031733,false,טירת צבי פסטרמה על גחלים קופ. מחפוד 400ג,טירת צבי,IL,פסטרמה על גחלים 400,גרמים,400.00,100 גרם,false,,34.90,0.0872,true,1,1254974
7290003031740,false,טירתצבי פסטרמה בדבש קופ. מחפוד 400ג,טירת צבי,IL,פסטרמה בדבש 400 גרם,גרמים,400.00,100 גרם,false,,34.90,0.0872,true,1,1254975
7290003031849,false,"פסטרמה כפרית דבש וברביקיו צמד ט.צבי 300X2ג' בד""ץ",טירת צבי,IL,צמד כפרית ברביקיו וד,גרמים,600.00,100 גרם,false,,34.90,0.0582,true,1,1315338
7290003047642,false,תה שחור יילו לייבל 100*1.5 ג' שקיק ליפטון,"יונילוור רוסייה בע""מ",RU,ליפטון תה שחור 1.5 גר,גרמים,150.00,100 גרם,false,,14.90,0.0993,true,1,1255622
7290003054183,false,מסטמכר לחם שיפון מלא 500ג,מרום את קונפינו,DE,לחם שיפון מלא 500 גר,גרמים,500.00,100 גרם,false,,12.90,0.0258,true,1,1224619
7290003054213,false,מסטמכר לחם שיפון כפרי 500ג,מרום את קונפינו,DE,לחם שיפון כפרי 500 ג,גרמים,500.00,100 גרם,false,,12.90,0.0258,true,1,1224622
7290003054220,false,מסטמכר לחם שיפון פומפרניקל 500ג,מסטמאכר ג'.אמ.בי.הי,DE,לחם שיפון 500 גרם.,גרמים,500.00,100 גרם,false,,12.90,0.0258,true,1,1224623
7290003054657,false,חרדל דיזון אקסטרה פורטה 370 גרם,מרום את קונפינו,FR,חרדל דיזון 370 גרם,גרמים,370.00,100 גרם,false,,10.90,0.0295,true,1,1224624
7290003060009,false,קמח בהיר טחנות ישראל,טחנות ישראליות,IL,קמח חיטה לבן בהיר,קילוגרמים,1.00,"ק""ג",false,,4.30,4.3000,true,1,1253983
7290003060023,false,"סולת חיטה 1 ק""ג אריזות ירושלים",טחנות ישראליות,IL,סולת חיטה,קילוגרמים,1.00,"ק""ג",false,,4.30,4.3000,true,1,1253985
7290003060030,false,קמח חיטה מלאטחנות יש,טחנות ישראליות,IL,קמח חיטה מלא ישראלי,קילוגרמים,1.00,"ק""ג",false,,4.90,4.9000,true,1,1253986
7290003060047,false,קמח תופח טחנות ישראל,טחנות ישראליות,IL,קמח תופח,קילוגרמים,1.00,"ק""ג",false,,4.90,4.9000,true,1,1253987
7290003060085,false,קמח לאפיית לחמים וחל,טחנות ישראליות,IL,קמח חיטה לאפיית לחמים וחל,קילוגרמים,1.00,"ק""ג",false,,4.90,4.9000,true,1,1253990
7290003060276,false,קמח בהיר מועשר מנופה,,,קמח לבן מנופה 1 קג,קילוגרמים,1.00,"ק""ג",false,,6.90,6.9000,true,1,1644471
7290003060283,false,קמח תופח מועשר מנופה,,,קמח מנופה תופח 1 קג,קילוגרמים,1.00,"ק""ג",false,,7.90,7.9000,true,1,1644472
7290003060290,false,קמח מלא מועשר מנופה,,,קמח מלא מנופה 1 קג,קילוגרמים,1.00,"ק""ג",false,,7.90,7.9000,true,1,1644473
7290003060313,false,קמח כוסמין מנופה 1קג,,,קמח כוסמין מנופה 1 ק,קילוגרמים,1.00,"ק""ג",false,,12.90,12.9000,true,1,1644475
7290003060320,false,"קמח לחם וחלות מנופה טחנות ישראל 1 ק""ג",,,קמח ללחם וחלות מנופה,קילוגרמים,1.00,"ק""ג",false,,7.90,7.9000,true,1,1678374
7290003060344,false,"קמח חיטה לפיצה מנופה 1 ק""ג",,,קמח לפיצה בשקיות מנו,קילוגרמים,1.00,"ק""ג",false,,6.90,6.9000,true,1,1768181
7290003060351,false,קמח מלא 80% מנופה 1,,,קמח מלא 80% מנופה,קילוגרמים,1.00,"ק""ג",false,,6.90,6.9000,true,1,1768182
7290003069682,false,בצק פילאס תורכי 3האופים 500 ג',שלושת האופים,IL,בצק פילאס 500 ג',גרמים,500.00,100 גרם,false,,14.90,0.0298,true,1,1244760
7290003070008,false,טחינה זהב 500 גרם,,,טחינה זהב 500 גרם,גרמים,500.00,100 גרם,false,,12.90,0.0258,true,1,1254056
7290003070046,false,טחינה טבעית,,,טחינה טבעית,גרמים,500.00,100 גרם,false,,12.90,0.0258,true,1,1254058
7290003070251,false,טחינה אתיופית מלאה,,,טחינה אתיופית מלאה,יחידה,0.00,יחידה,false,,12.90,0.0000,true,1,1418761
7290003072118,false,סלמי בציפוי פלפל ופפ,טירת צבי,IL,סלמי מפולפל,קילוגרמים,1.00,"ק""ג",true,,80.00,80.0000,true,1,1283194
7290003072200,false,פסטרמה בסגנון מקסיקנ,,,נקניק פסטרמה בסגנון,קילוגרמים,1.00,"ק""ג",true,,85.00,85.0000,true,1,1425315
7290003072828,false,נקניקיות פרנקפורטר מבשר בקר,טירת צבי,IL,נקניקיות פרנקפורטר 3,גרמים,320.00,100 גרם,false,,19.90,0.0622,true,1,2127692
7290003072859,false,רוסטביף טירת צבי 120 ג',הנסיך- מפעל לייצור ט,IL,רוסטביף ארוז 120 גרם,גרמים,120.00,100 גרם,false,,25.90,0.2158,true,1,2134834
7290003072965,false,קבנוס חריף מעושן 120 ג',טירת- צבי,IL,חטיפי קבנוס חריף מעו,גרמים,120.00,100 גרם,false,,9.90,0.0825,true,1,2181663
7290003072972,false,קבנוס בתיבול שום 120 גר',טירת- צבי,IL,חטיפי קבנוס בתיבול ש,גרמים,120.00,100 גרם,false,,9.90,0.0825,true,1,2181664
7290003078042,false,פרג אריסה חריפה 50ג,תבליני הדור השלישי,IL,אריסה,גרמים,250.00,100 גרם,false,,14.90,0.0596,true,1,1249371
7290003078066,false,שום כתוש פרג 250 גרם,תבליני הדור השלישי,IL,שום כתוש,גרמים,250.00,100 גרם,false,,14.90,0.0596,true,1,1249372
7290003078318,false,תבליני פרג 50 גרם,,,עלי פטרוזיליה,גרמים,20.00,100 גרם,false,,13.90,0.6950,true,1,1249375
7290003078516,false,פלפל צומה פרג 250 גר,תבליני הדור השלישי,IL,פלפל צ'ומה,גרמים,250.00,100 גרם,false,,14.90,0.0596,true,1,1249376
7290003078608,false,פפריקה חריפה בשמן,,,פפריקה חריפה בשמן,גרמים,120.00,100 גרם,false,,13.90,0.1158,true,1,1249379
7290003078639,false,פפריקה מתוקה בשמן פר,תבליני הדור השלישי,IL,פפריקה מתוקה בשמן,גרמים,500.00,100 גרם,false,,29.90,0.0598,true,1,2264999
7290003078721,false,פרג סחוג תימני אדום 250גר,תבליני הדור השלישי,IL,סחוג,גרמים,250.00,100 גרם,false,,14.90,0.0596,true,1,2265000
7290003078738,false,לימון בלאדי פרג 250,תבליני הדור השלישי,IL,לימון בלאדי,גרמים,250.00,100 גרם,false,,14.90,0.0596,true,1,1249382
7290003102068,false,צימרוני אוזניים מעץ 100 יח',כוטון סופט,,צימרוני אוזניים 100,יח',100.00,יח',false,,1.50,0.0150,true,1,1237786
7290003102136,false,צמר גפן COTTON SOFT רפואי 100 גר' 3102136,הדקלאים אגודת שיתופי,TR,צמר גפן 100 גר',גרמים,100.00,100 גרם,false,,4.50,0.0450,true,1,1237787
7290003102280,false,צמרוני אוזניים לתינו,טוליפס,,צימרונים לתינוק,יח',55.00,יח',false,,3.50,0.0636,true,1,1237789
7290003102891,false,שקיות צליה הוסטס בקופסה 10יח',הוסטס,,שקיות צליה הוסטס 10,יח',10.00,יח',false,,4.90,0.4900,true,1,1237794
7290003102976,false,צימרוני אוז' פל' בקופסה 200יח',הדקלאים אגודת שיתופי,CN,צמרוני אוזנים קופסא,יח',200.00,יח',false,,3.90,0.0195,true,1,1237796
7290003126712,false,יוגורט עיזים בגביע 3% צוריאל 150 ג',מחלבת משק צוריאל,IL,"יוגורט עיזים בגביע-140 מ""",גרמים,150.00,100 גרם,false,,5.90,0.0393,true,1,1243834
7290003127429,false,שקיות אשפה 52/65 שרו,,,שקיות אשפה 52/65 שרו,יח',100.00,יח',false,,19.90,0.1990,true,1,1267112
7290003127436,false,שקיות בגליל 75/90 50,,,שקיות בגליל 75/90 50,יח',50.00,יח',false,,14.90,0.2980,true,1,1267113
7290003127467,false,שקיות אשפה 75/90 שרו,,,שקיות אשפה 75/90 שרו,יח',20.00,יח',false,,14.90,0.7450,true,1,1267114
7290003127559,false,"מפה חגיגית 24 מ""ר פר",,,"מפה חגיגית 24 מ""ר פר","מ""ר",24.00,"מ""ר",false,,14.90,0.6208,true,1,1267115
7290003127771,false,מפה 45 מטר בגליל שקו,,,מפה 45 מטר בגליל שקו,"מ""ר",45.00,"מ""ר",false,,39.90,0.8867,true,1,1267117
7290003127788,false,שקיות אשפה 52/65 שרו,,,שקיות אשפה 52/65 שרו,יח',60.00,יח',false,,14.90,0.2483,true,1,1267118
7290003127993,false,שקיות סנדוויץ נקשרות,,,שקיות סנדוויץ נקשרות,יח',100.00,יח',false,,7.90,0.0790,true,1,1280580
7290003130399,false,מברשת שיניים לילדים חיות אקווה פרש,גלקסו סמית קליין,IN,אקוה פרש מברשת חיות,יח',1.00,יח',false,,9.90,9.9000,true,1,1260355
7290003140237,false,סילאן לחיץ 360 ג' קליית גת,,,סילאן לחיץ 350 גרם,גרמים,350.00,100 גרם,false,,9.90,0.0283,true,1,1300906
7290003141159,false,מרשמלו יוגטה 180 גרם,סאדאט,IL,מרשמלו יוגטה,גרמים,180.00,100 גרם,false,,5.00,0.0278,true,1,1241704
7290003142361,false,הוטפופ מתוק/מלוח 5 שקיות 500 ג',,,פופקורן מתוק מלוח הו,גרמים,500.00,100 גרם,false,,16.90,0.0338,true,1,2129719
7290003142422,false,קליית גת גרעינים שחורים ללא מלח 180ג,ג'י אנד ג'י,IL,גרעיני חמניה בשקית ללא מל,גרמים,180.00,100 גרם,false,,5.90,0.0328,true,1,1241714
7290003142477,false,ערמונים קלופים וקלוי,הדקלאים אגודת שיתופי,IL,ערמונים קלופים וקלויים 10,גרמים,100.00,100 גרם,false,,5.90,0.0590,true,1,1241715
7290003143139,false,סילאן תמרים קלית גת 900 ג',"טעמי הגליל בע""מ",IL,סילאן 900 גרם,גרמים,900.00,100 גרם,false,,12.90,0.0143,true,1,1684625
7290003143146,false,ממרח תמרים קליית גת 450 ג',הדקלאים אגודת שיתופי,IL,ממרח תמרים 450 גרם,גרמים,450.00,100 גרם,false,,4.90,0.0109,true,1,1241721
7290003144310,false,תערבות אגוזים וחמוציות,קליית גת,IL,תערובת אגוזים וחמוצי,גרמים,150.00,100 גרם,false,,14.90,0.0993,true,1,2180124
7290003144419,false,סילאן טבעי קלית גת 7,,,סילאן 710 גרם טבעי,גרמים,710.00,100 גרם,false,,19.90,0.0280,true,1,1684626
7290003145751,false,קשיו קלוי קלית גת 200 ג',הדקלאים אגודת שיתופי,IL,קשיו קלוי בשקית,גרמים,200.00,100 גרם,false,,19.90,0.0995,true,1,1241740
7290003189076,false,פיצרלה מגורדת אישית 500 גרם,,,פיצרלה 500גר.,גרמים,500.00,100 גרם,false,,19.90,0.0398,true,1,1242075
7290003189137,false,"גבינה שוורצית 1 ק""ג כפיר",,,בסיגנון גבינה שווצרי,קילוגרמים,1.00,"ק""ג",false,,29.90,29.9000,true,1,1242076
7290003189151,false,צ'דר בסיגנון גבינה 1,,,צ'דר בסיגנון גבינה 1,קילוגרמים,1.00,"ק""ג",false,,29.90,29.9000,true,1,1242078
7290003189168,false,בסיגנון גבינה מעושנת,,,בסיגנון גבינה מעושנת,קילוגרמים,1.00,"ק""ג",false,,34.90,34.9000,true,1,1242079
7290003189199,false,בסיגנון גבינה חריפה.,,,בסיגנון גבינה חריפה.,קילוגרמים,1.00,"ק""ג",true,,35.00,35.0000,true,1,1242080
7290003189205,false,כפיר הצהובה הטובה קל,,,הצהובה הטובה 9% קלאס,גרמים,200.00,100 גרם,false,,11.90,0.0595,true,1,1242081
7290003189267,false,צהובה הטובה קלאסית כ,,,צהובה טובה 5% קלאסית,גרמים,200.00,100 גרם,false,,13.90,0.0695,true,1,1242085
7290003189274,false,מעושנת בסיגנון גבינה,,,מעושנת בסיגנון גבינה,קילוגרמים,1.00,"ק""ג",true,,35.00,35.0000,true,1,1242086
7290003189373,false,בסיגנון גבינת זיתים,,,בסיגנון גבינת זיתים,קילוגרמים,1.00,"ק""ג",true,,35.00,35.0000,true,1,1242089
7290003189380,false,בסיגנון גבינת שום שמ,,,בסיגנון גבינת שום שמ,קילוגרמים,1.00,"ק""ג",true,,35.00,35.0000,true,1,1242090
7290003189571,false,כפיר הצהובה הטובה שו,,,צהובה טובה 5% שום שמ,גרמים,200.00,100 גרם,false,,13.90,0.0695,true,1,1242094
7290003198412,false,פסטרמה מהמעשנה,,,פסטרמה מהמעשנה,קילוגרמים,1.00,"ק""ג",true,,85.00,85.0000,true,1,2258104
7290003208128,false,יין קאווה לואיגי ברוט חצי יבש 750 מל,,,יין נתזים לבן חצי יב,מיליליטרים,750.00,"100 מ""ל",false,,31.90,0.0425,true,1,1722639
7290003208135,false,"קאווה לואיגי ברוט לבן יבש 750 מ""ל",,,יין נתזים לבן יבש,מיליליטרים,750.00,"100 מ""ל",false,,31.90,0.0425,true,1,1722640
7290003208531,false,וויסקי קינג רוברט 70,,,וויסקי קינג רוברט,מיליליטרים,700.00,"100 מ""ל",false,,69.90,0.0999,true,1,1722605
7290003208586,false,וורמוט מרטיני ביאנקו,מרטיני ורוסי,IT,מרטיני ביאנקו.,מיליליטרים,750.00,"100 מ""ל",false,,44.90,0.0599,true,1,1722606
7290003208593,false,מרטיני אקסטרא דריי 7,,,מרטיני דריי.,מיליליטרים,750.00,"100 מ""ל",false,,44.90,0.0599,true,1,1722607
7290003208609,false,וורמוט מרטיני רוסו 7,מרטיני ורוסי,IT,מרטיני רוסו.,מיליליטרים,750.00,"100 מ""ל",false,,44.90,0.0599,true,1,1722608
7290003212309,false,סברינה,,,סברינה,יחידה,0.00,יחידה,false,,9.90,0.0000,true,1,2220605
7290003212965,false,עוגיות רוגלך הזהב במארז 400 גר',,,מאפה שמרים 400 גר',גרמים,400.00,100 גרם,false,,9.90,0.0248,true,1,1279239
7290003219766,false,שלישית מילוי טורבול,,,מילוי לספוג לחות 3 י,יחידה,0.00,יחידה,false,,32.90,0.0000,true,1,2172105
7290003220595,false,אורז לסושי WOK שקית,"מיה תעשיות מזון בע""מ",IL,"ווק אורז לסושי 1ק""ג",קילוגרמים,1.00,"ק""ג",false,,10.90,10.9000,true,1,1280229
7290003220724,false,צופ-סטיקס חד פעמי 20,קוסומאי במבוק,,מקלות סושי WOK,יחידה,0.00,יחידה,false,,5.90,0.0000,true,1,1280235
7290003220830,false,ווק חומץ אורז יסמין,דיאמונד פריזרוד פודס,TH,"ווק חומץ אורז יסמין 500מ""",מיליליטרים,500.00,"מ""ל",false,,14.90,0.0298,true,1,1280252
7290003222049,false,פיתות ביס קמח מלא אפ,מאפיית המכבים,IL,מארז 12 פיתות ביס מק,גרמים,600.00,100 גרם,false,,10.90,0.0182,true,1,1249552
7290003222070,false,פיתה עבודת יד 13 יח,מאפיית המכבים,IL,מארז פיתות 13 יח,גרמים,1360.00,100 גרם,false,,9.90,0.0073,true,1,1249553
7290003222094,false,מארז פיתות ביס עבודת,מאפיית טעמי הכפר,IL,מארז פיתות ביס עבודת,גרמים,550.00,100 גרם,false,,10.00,0.0182,true,1,1249554
7290003222568,false,פיתות המכבים 5 יח,מאפיית המכבים,IL,מארז 5 פיתות.,גרמים,500.00,100 גרם,false,,4.90,0.0098,true,1,1249557
7290003222742,false,מארז 10 פיתות תמניות,מאפיית המכבים,IL,מארז 10 פיתות תמניות,גרמים,1000.00,100 גרם,false,,10.90,0.0109,true,1,1249558
7290003222780,false,פיתות קמח מלא המכבים,מאפיית המכבים,IL,מארז 5 פיתות כפריות,גרמים,500.00,100 גרם,false,,4.90,0.0098,true,1,1249559
7290003227402,false,קרם גוף מידנייט,,,קרם גוף מידנייט,מיליליטרים,275.00,"100 מ""ל",false,,29.90,0.1087,true,1,1243049
7290003229116,false,פסטרמה בדבש טירת צבי 400 ג',הנסיך- מפעל לייצור ט,IL,פסטרמה בדבש 400 גרם טירת,גרמים,400.00,100 גרם,false,,26.90,0.0672,true,1,1254980
7290003229123,false,פסטרמה על גחלים טירת צבי 400 ג',הנסיך- מפעל לייצור ט,IL,פסטרמה גחלים 400 גרם טיר,גרמים,400.00,100 גרם,false,,26.90,0.0672,true,1,1254981
7290003229147,false,נקניק סלמי איטלקי טירת צבי 300 ג',הנסיך- מפעל לייצור ט,IL,סלמי בסגנון איטלקי 300 גר,גרמים,300.00,100 גרם,false,,24.90,0.0830,true,1,1254982
7290003229154,false,סלמי קוניאק מובחר טירת צבי 300 ג',הנסיך- מפעל לייצור ט,IL,סלמי קוניאק 300 גרם טירת,גרמים,300.00,100 גרם,false,,24.90,0.0830,true,1,1254983
7290003229192,false,כתף בקר מעושן טירת צבי 400 ג' צבי,טיב טירת צבי 2000,IL,כתף בקר מעושן 400 גרם טיר,גרמים,400.00,100 גרם,false,,34.90,0.0872,true,1,1254985
7290003229208,false,פסטרמה ספרדית 2% טירת צבי 360 ג',טירת- צבי,IL,פסטרמה בסגנון ספרדי 360 ג,גרמים,360.00,100 גרם,false,,26.90,0.0747,true,1,1254986
7290003229215,false,פסטרמה איטלקית טירת צבי 360 ג',טירת- צבי,IL,פסטרמה בסגנון איטלקי 360,גרמים,360.00,100 גרם,false,,26.90,0.0747,true,1,1254987
7290003251025,false,מסכת הזנה,שוורץ,IL,"מס' לש' דבש 250 סמ""ק",מיליליטרים,250.00,"100 מ""ל",false,,14.90,0.0596,true,1,1243345
7290003251063,false,"שעווה טבעית 500 סמ""ק פח",ש.שוורץ,IL,שעווה דבש שוורץ פח,גרמים,500.00,100 גרם,false,,9.90,0.0198,true,1,1243346
7290003251070,false,"שעווה טבעית 500 סמ""ק למיקרוגל",ש.שוורץ,IL,ש.טבעית דבש לגוף 500 מיקר,גרמים,500.00,100 גרם,false,,9.90,0.0198,true,1,1243347
7290003251087,false,"שעווה ""גוש"" לפנים 100 סמ""ק",שוורץ,IL,"שעווה גוש לפנים 100 סמ""ק",גרמים,100.00,100 גרם,false,,8.90,0.0890,true,1,1243348
7290003251148,false,נייר לשעווה50 דף,ש.שוורץ,IL,נייר שעווה רגיל 50 דף,יח',50.00,יח',false,,10.90,0.2180,true,1,1243349
7290003251186,false,"מסיר לק ריחני 150 סמ""ק (צבעים)",ש.שוורץ,IL,"מסיר לק 150 סמ""ק",מיליליטרים,150.00,"100 מ""ל",false,,5.90,0.0393,true,1,1243350
7290003251797,false,"תחליב חמצן 9% 500 מ""",שוורץ,IL,"תח' חמ % 9 500 סמ""ק",מיליליטרים,500.00,"100 מ""ל",false,,9.90,0.0198,true,1,1243358
7290003251865,false,אבקת הבהרה לשיער בלו,ש.שוורץ,IL,אבקת הבהרה לשיער 10 גר בל,גרמים,10.00,100 גרם,false,,3.90,0.3900,true,1,1243360
7290003251933,false,"תחליב חמצן 6% 500 מ""",שוורץ,IL,"תח' חמ % 6 500 סמ""ק",מיליליטרים,500.00,"100 מ""ל",false,,9.90,0.0198,true,1,1243361
7290003258291,false,דאודורנט פנינה מס 3,ביסקול תמרוקים,IL,דאודורנט פנינה מס 3,מיליליטרים,150.00,"100 מ""ל",false,,15.90,0.1060,true,1,1261725
7290003258406,false,"פנינה וואקס בריליאנטין לשיער 100 מ""ל",א.ארמן,IL,ווקס לשיער פנינה,מיליליטרים,100.00,"100 מ""ל",false,,14.90,0.1490,true,1,1261726
7290003258499,false,מוס לשיער,שולמית קוסמטיקה,IL,מוס לשיער,מיליליטרים,200.00,"100 מ""ל",false,,18.90,0.0945,true,1,1261727
7290003319084,false,מנישביץ גפילטע פיש צנצנת מנות מיוחד 12יח,דג טעים בעמ,IL,צנצנת 12 מנות-מיוחד,גרמים,980.00,100 גרם,false,,24.90,0.0254,true,1,1222863
7290003319091,false,צנצנת 14 יח גפילטעפי,דג טעים,IL,צנצנת 14 מנות-מיוחד,גרמים,1000.00,100 גרם,false,,24.90,0.0249,true,1,1222864
7290003319107,false,צנצנת 12 יח גפילטעפי,דג טעים,IL,צנצנת 12 מנות-גולד-מיוחד,גרמים,1000.00,100 גרם,false,,27.90,0.0279,true,1,1222865
7290003319114,false,צנצנת 6 קציצות,דג טעים,IL,צנצנת 6 מנות-גולד-מיוחד,גרמים,670.00,100 גרם,false,,18.90,0.0282,true,1,1222866
7290003319138,false,גפילטע פיש 6 קציצות הדג המיוחד 540 ג' PL,הדג המיוחד,IL,צנצנת 6 קציצות-PL,גרמים,570.00,100 גרם,false,,14.90,0.0261,true,1,1222868
7290003319145,false,"גפילטפיש כשל""פ גדולה",דג טעים בעמ,IL,צנצנת 8 מנות-מיוחד,גרמים,700.00,100 גרם,false,,16.90,0.0241,true,1,1222869
7290003319169,false,קציצות גפילטעפיש 4 י,דג טעים,IL,צנצנת 4 מנות-גולד-מיוחד,גרמים,470.00,100 גרם,false,,14.90,0.0317,true,1,1222871
7290003319428,false,צנצנת 6 יח גפילטעפיש,דג טעים,IL,צנצנת 6 מנות-מיוחד,גרמים,610.00,100 גרם,false,,15.90,0.0261,true,1,1222874
7290003321155,false,יוגורט בר עם פקאן מצופה שוקולד 183 ג' דנונה,"שטראוס בריאות בע""מ",IL,בר פקאן בודד – מקט החזרות,גרמים,183.00,100 גרם,false,,4.80,0.0262,true,1,1256191
7290003321292,false,גבינה לבנה 9% שומן 250 ג' שטראוס,מיוצר עי קונדיטוריית,IL,סקי 9% 250 גרם,גרמים,250.00,100 גרם,false,,4.95,0.0198,true,1,1256192
7290003385881,false,במיה ברוטב עגבניות 600 ג' פרי הגליל,"פרי הגליל בע""""מ",IL,במיה ברוטב א -2פג,גרמים,540.00,100 גרם,false,,8.90,0.0165,true,1,1261144
7290003387205,false,דאו' ספיד סטיק בסיסי ירוק רגיל לגבר 63ג',הנסיך- מפעל לייצור ט,US,ספיד סטיק בסיסי ירוק רגיל,גרמים,56.60,100 גרם,false,,17.90,0.3163,true,1,1253177
7290003387410,false,בלונס פדים להסרת איפור שלישיה,SEPTONA S.A.,GR,בלונס מסיר איפור שלשות,יח',3.00,יח',false,,18.90,6.3000,true,1,1253180
7290003400500,false,חטיף קרמל ובוטנים נא,הרשי,US,חטיף ריסס נאטרייגס 47 גרם,גרמים,47.00,100 גרם,false,,3.90,0.0830,true,1,1241742
7290003401369,false,"קרם לחות ועיצוב לשיער חוחובה נטורל 400 מ""ל",מיוצר עי אמיליה קוסמ,IL,קרם לחות לשיער חוחובה400,מיליליטרים,400.00,"100 מ""ל",false,,17.90,0.0447,true,1,1258439
7290003401376,false,"קרם לחות ועיצוב לשיער אלוורה נטורל 400 מ""ל",מיוצר עי אמיליה קוסמ,IL,קרם לחות אלוורה לשיער400,מיליליטרים,400.00,"100 מ""ל",false,,17.90,0.0447,true,1,1258440
7290003401420,false,"קרם לחות לשיער סיליקון כתום נטורל 400 מ""ל",מיוצר עי אמיליה קוסמ,IL,ק.לחות סיליקון לשיער400מ,מיליליטרים,400.00,"100 מ""ל",false,,17.90,0.0447,true,1,1258441
7290003401635,false,"קרם לחות לפתיחת תלתלים נטורל 400 מ""ל",מיוצר עי אמיליה קוסמ,IL,400 קרם לחות ש.צבוע ברגע,מיליליטרים,400.00,"100 מ""ל",false,,19.90,0.0497,true,1,1258442
7290003401642,false,"נטורל קרם לחות לתלתול טבעי נטורל, 400 מ""ל",מיוצר עי אמיליה קוסמ,IL,קר.לחות לתלתלים נטורל400,מיליליטרים,400.00,"100 מ""ל",false,,19.90,0.0497,true,1,1258443
7290003402809,false,חטיף שוקולד לבן במיל,Unknown,,חטיף שוקולד לבן במיל,גרמים,39.00,100 גרם,false,,4.90,0.1256,true,1,2020763
7290003409020,false,כתף כבש קפוא,,,כתף כבש קפוא,קילוגרמים,1.00,"ק""ג",true,,79.90,79.9000,true,1,1272590
7290003409044,false,"בקר טחון 1 ק""ג ארוז",,,"בקר טחון 1 ק""ג ארוז",גרמים,1000.00,100 גרם,false,,39.90,0.0399,true,1,1272592
7290003409068,false,בורגר בקר משפחתי 2 ק,,,בורגר בקר משפחתי 2 ק,גרמים,2000.00,100 גרם,false,,49.90,0.0249,true,1,1272594
7290003409099,false,בשר בקר לחמין,,,בשר בקר לחמין,קילוגרמים,1.00,"ק""ג",true,,39.90,39.9000,true,1,1272597
7290003409105,false,בורגר אנטריקוט 500 ג,,,בורגר אנטריקוט 500 ג,גרמים,500.00,100 גרם,false,,34.90,0.0698,true,1,1272598
7290003409143,false,נקניקיות מיני מרגז 5,,,נקניקיות מיני מרגז 5,גרמים,500.00,100 גרם,false,,29.90,0.0598,true,1,1272601
7290003409198,false,פילה אמנון 7/9 עם עו,,,פילה אמנון 7/9 עם עו,קילוגרמים,1.00,"ק""ג",true,,29.90,29.9000,true,1,1262688
7290003409211,false,פילה לברק מעדני הים,,,פילה לברק מעדני הים,קילוגרמים,1.00,"ק""ג",true,,39.90,39.9000,true,1,1272606
7290003409365,false,סטייק עין 800 גרם,,,סטייק עין 800 גרם,גרמים,800.00,100 גרם,false,,79.00,0.0988,true,1,1272613
7290003409372,false,סטייק בורגר פרימיום,,,סטייק בורגר פרימיום,גרמים,500.00,100 גרם,false,,34.90,0.0698,true,1,1272614
7290003409389,false,בורגר עוף 400 גרם,,,בורגר עוף 400 גרם,גרמים,400.00,100 גרם,false,,19.90,0.0497,true,1,1272615
7290003409396,false,קבב עוף 400 גרם,,,קבב עוף 400 גרם,גרמים,400.00,100 גרם,false,,19.90,0.0497,true,1,1272616
7290003409402,false,פילה סלמון נורבגי קפ,,,פילה סלמון נורבגי קפ,קילוגרמים,1.00,"ק""ג",true,,69.90,69.9000,true,1,1262689
7290003409426,false,שווארמה הודו מתובלת,,,שווארמה הודו מתובלת,גרמים,500.00,100 גרם,false,,29.90,0.0598,true,1,1272617
7290003409433,false,נקניקיות מרגז עוף 50,,,נקניקיות מרגז עוף 50,גרמים,500.00,100 גרם,false,,19.90,0.0398,true,1,1272618
7290003409617,false,פילה נסיכת הנילוס קפ,,,פילה נסיכת הנילוס קפ,קילוגרמים,1.00,"ק""ג",true,,34.90,34.9000,true,1,1406872
7290003409655,false,פילה אמנון 7-9 ללא ע,,,פילה אמנון 7-9 ללא ע,קילוגרמים,1.00,"ק""ג",true,,39.90,39.9000,true,1,1421013
7290003409662,false,נקניקיות מרגז עגל חל,,,נקניקיות מרגז עגל חל,גרמים,500.00,100 גרם,false,,29.90,0.0598,true,1,1491837
7290003409679,false,קבב יווני 400 גרם,,,קבב יווני 400 גרם,יח',1.00,יח',false,,24.90,24.9000,true,1,1585817
7290003409686,false,פילה סלמון מנות מעדנ,,,פילה סלמון מנות מעדנ,גרמים,600.00,100 גרם,false,,49.90,0.0832,true,1,1678097
7290003409693,false,נקניקיות מיני מרגז ע,,,נקניקיות מיני מרגז ע,גרמים,500.00,100 גרם,false,,29.90,0.0598,true,1,1667740
7290003409747,false,צוואר בשר מס' 10,,,צוואר בשר מס' 10,קילוגרמים,1.00,"ק""ג",true,,29.90,29.9000,true,1,1598225
7290003409785,false,חזה בקר בשר מס' 3,,,חזה בקר בשר מס' 3,קילוגרמים,1.00,"ק""ג",true,,29.90,29.9000,true,1,1678642
7290003409792,false,פילה אמנון 9/11 ג'מב,,,פילה אמנון 9/11 ג'מב,קילוגרמים,1.00,"ק""ג",true,,39.90,39.9000,true,1,1749514
7290003409808,false,צלעות עגל בשר מס' 2,,,צלעות עגל בשר מס' 2,קילוגרמים,1.00,"ק""ג",true,,39.90,39.9000,true,1,1694688
7290003409907,false,קבב ג'מבו רומני 500,,,קבב ג'מבו רומני 500,גרמים,500.00,100 גרם,false,,29.90,0.0598,true,1,2014396
7290003409914,false,קבב ג'מבו טורקי 500,,,קבב ג'מבו טורקי 500,גרמים,500.00,100 גרם,false,,29.90,0.0598,true,1,2014397
7290003409921,false,קבב ג'מבו עיראקי 500,,,קבב ג'מבו עיראקי 500,גרמים,500.00,100 גרם,false,,29.90,0.0598,true,1,2014398
7290003409938,false,קבב ג'מבו מזרחי 500,,,קבב ג'מבו מזרחי 500,גרמים,500.00,100 גרם,false,,29.90,0.0598,true,1,2014399
7290003409945,false,קבב ג'מבו כבש 500 גר,,,קבב ג'מבו כבש 500 גר,גרמים,500.00,100 גרם,false,,29.90,0.0598,true,1,2014400
7290003409952,false,כנפיים עוף חצוי קפוא,,,כנפיים עוף חצוי קפוא,קילוגרמים,1.00,"ק""ג",true,,9.90,9.9000,true,1,2156588
7290003409969,false,סינטה דק דק 250 גרם,,,סינטה דק דק 250 גרם,גרמים,250.00,100 גרם,false,,24.90,0.0996,true,1,2119212
7290003409976,false,בורגר מסעדות 500 גרם,מעדני הגליל,,בורגר מסעדות 500 גרם,גרמים,500.00,100 גרם,false,,29.90,0.0598,true,1,2149624
7290003411054,false,שקיות צליה גדול דליקטס רוסטי הנמל 5יח`,סאדאת איסטנבול,TR,שקיות לצליה גדול,יח',5.00,יח',false,,4.90,0.9800,true,1,1237131
7290003411528,false,מלית קינמון פוליבה 450 ג',"פוליבה בע""מ",IL,מלית קינמון,גרמים,450.00,100 גרם,false,,10.90,0.0242,true,1,1237142
7290003411566,false,צמרוני אוזניים עץ הנ,שוורצקוף& הנקל דיסלד,CN,צמרוני עץ לאוזנים,יח',200.00,יח',false,,1.90,0.0095,true,1,1237143
7290003411726,false,קיסמי שיניים מלחיה הנמל 300יח',הנמל אריזות ושיווק ב,IL,קיסמי מלחיה 300 יח,יח',300.00,יח',false,,2.90,0.0097,true,1,1237147
7290003411832,false,גרנולה אגוזים 400 ג' הנמל,,,גרנולה אגוזים.,גרמים,400.00,100 גרם,false,,9.90,0.0248,true,1,1237149
7290003411849,false,גרנולה תמרים ושקדים 400 ג',,,גרנולה תמרים.,גרמים,400.00,100 גרם,false,,9.90,0.0248,true,1,1237150
7290003411948,false,צמר גפן הנמל 100 גרם,ספה,TR,צמר-גפן,גרמים,100.00,100 גרם,false,,3.90,0.0390,true,1,1237152
7290003411993,false,גפרורים הנמל 10 יחיד,"איטיליאן פוד, אס.פי.",SE,גפרורים 10 יחידות,יח',10.00,יח',false,,2.00,0.2000,true,1,1237153
7290003414406,false,הרשי ריזס נטיפי אפייה בוטנים 283 גר',,,נטיפים לאפייה חמאת ב,גרמים,283.00,100 גרם,false,,11.90,0.0420,true,1,1684619
7290003415076,false,עצמות עגל קפוא ארוז,,,עצמות עגל קפוא ארוז,קילוגרמים,1.00,"ק""ג",true,,19.90,19.9000,true,1,1272620
7290003415120,false,סטייק אנטריקוט דק דק,,,סטייק אנטריקוט דק דק,גרמים,250.00,100 גרם,false,,24.90,0.0996,true,1,1301753
7290003415144,false,שווארמה עוף מתובלת 5,,,שווארמה עוף מתובלת 5,גרמים,500.00,100 גרם,false,,29.90,0.0598,true,1,2159791
7290003415151,false,כתף טלה,,,כתף טלה,קילוגרמים,1.00,"ק""ג",true,,79.90,79.9000,true,1,2180647
7290003415434,false,כבד עוף קפוא ארוז,,,כבד עוף קפוא ארוז,קילוגרמים,1.00,"ק""ג",true,,24.90,24.9000,true,1,1272629
7290003415564,false,גרון עוף ארוז,,,גרון עוף ארוז,קילוגרמים,1.00,"ק""ג",true,,3.90,3.9000,true,1,1272637
7290003415571,false,צלי כתף עגל מוכשר אר,,,צלי כתף עגל מוכשר אר,קילוגרמים,1.00,"ק""ג",true,,59.90,59.9000,true,1,1272638
7290003415588,false,בשר לחמין עם עצם,,,בשר לחמין עם עצם,קילוגרמים,1.00,"ק""ג",true,,29.90,29.9000,true,1,2177314
7290003415625,false,שיפודי פרגיות קפוא א,,,שיפודי פרגיות קפוא א,קילוגרמים,1.00,"ק""ג",true,,59.90,59.9000,true,1,1272640
7290003415632,false,סטייק פרגיות קפוא אר,,,סטייק פרגיות קפוא אר,קילוגרמים,1.00,"ק""ג",true,,69.90,69.9000,true,1,1272641
7290003415656,false,עדשים שחורות 500 גרם,,,עדשים שחורות 500 גרם,גרמים,500.00,100 גרם,false,,7.90,0.0158,true,1,1248215
7290003415663,false,עוף טחון קפוא 500 גר,,,עוף טחון קפוא 500 גר,גרמים,500.00,100 גרם,false,,14.90,0.0298,true,1,1272642
7290003415670,false,סטייק אנטריקוט קפוא,,,סטייק אנטריקוט קפוא,קילוגרמים,1.00,"ק""ג",true,,99.00,99.0000,true,1,1272643
7290003415687,false,לשון עגל קפוא ארוז,,,לשון עגל קפוא ארוז,קילוגרמים,1.00,"ק""ג",true,,49.90,49.9000,true,1,1272644
7290003415694,false,בשר ראש קפוא ארוז,,,בשר ראש קפוא ארוז,קילוגרמים,1.00,"ק""ג",true,,49.90,49.9000,true,1,1272645
7290003415724,false,סטייק עוף ארוז קפוא,,,סטייק עוף ארוז קפוא,קילוגרמים,1.00,"ק""ג",true,,21.90,21.9000,true,1,1272648
7290003415731,false,כבד עגל קפוא ארוז,,,כבד עגל קפוא ארוז,קילוגרמים,1.00,"ק""ג",true,,14.90,14.9000,true,1,1272649
7290003415809,false,אצבעות אנטריקוט מעדנ,,,אצבעות אנטריקוט מעדנ,קילוגרמים,1.00,"ק""ג",true,,59.90,59.9000,true,1,1272653
7290003415847,false,נקניקיות מרגז 500 גר,,,נקניקיות מרגז 500 גר,גרמים,500.00,100 גרם,false,,29.90,0.0598,true,1,1272655
7290003415854,false,נקניקיות צ'וריסוס 50,,,נקניקיות צ'וריסוס 50,גרמים,500.00,100 גרם,false,,29.90,0.0598,true,1,1272656
7290003415878,false,קורנדביף קפוא ארוז,,,קורנדביף קפוא ארוז,קילוגרמים,1.00,"ק""ג",true,,49.90,49.9000,true,1,1272657
7290003415885,false,קישקע קפוא ארוז 500,,,קישקע קפוא ארוז 500,גרמים,500.00,100 גרם,false,,19.90,0.0398,true,1,1272658
7290003415922,false,טבעות בקר קפוא ארוז,,,טבעות בקר קפוא ארוז,קילוגרמים,1.00,"ק""ג",true,,59.00,59.0000,true,1,1272662
7290003415977,false,סטייק אנטריקוט דרום,,,סטייק אנטריקוט דרום,קילוגרמים,1.00,"ק""ג",true,,79.90,79.9000,true,1,1272666
7290003415991,false,כתף עגל בשר מס' 4,,,כתף עגל בשר מס' 4,קילוגרמים,1.00,"ק""ג",true,,49.90,49.9000,true,1,1757278
7290003423909,false,הרשי חטיף קוקיס&קרם לבן 43 גרם,הרשי,US,קוקיז אנד קרים הרשי 43 גר,גרמים,43.00,100 גרם,false,,4.90,0.1140,true,1,1241743
7290003438006,false,ממרח אולביה פסטו וצנובר איטלקי 190ג',מיוצר עי קונדיטוריית,IL,פסטו איטלקי,גרמים,180.00,100 גרם,false,,12.90,0.0717,true,1,1226777
7290003438013,false,ממרח זיתים ירוקים 190 ג' אוליביה,קריות זול,IL,ממרח זיתים ירוקים,גרמים,190.00,100 גרם,false,,12.90,0.0679,true,1,1226778
7290003438020,false,ממרח עגבניות מיובשות 190 ג' אוליביה,מיוצר עי קונדיטוריית,IL,ממרח עגבניות מיובשות,גרמים,190.00,100 גרם,false,,12.90,0.0679,true,1,1226779
7290003438709,false,ממרח אולביה זיתים שחורים וירוקים 190 ג',גוד פוד פרודקטס S.p,IL,ממרח זיתים,גרמים,190.00,100 גרם,false,,12.90,0.0679,true,1,1226789
7290003438853,false,אוליביה ממרח אריסה חריפה 185 גר ',אוליביה,IL,אריסה חריפה 185 גרם,גרמים,180.00,100 גרם,false,,12.90,0.0717,true,1,1298731
7290003444009,false,ריזס חטיף שוקולד 42 גרם,הרשי,US,חטיף ריזס שוקולד חלב 42,גרמים,42.00,100 גרם,false,,3.90,0.0929,true,1,1241745
7290003458035,false,גולש ללא תוספים,,,גולש ללא תוספים,קילוגרמים,1.00,"ק""ג",true,,49.90,49.9000,true,1,2184957
7290003458059,false,עצם ברך בקר,,,עצם ברך בקר,קילוגרמים,1.00,"ק""ג",true,,29.90,29.9000,true,1,2219000
7290003458066,false,פילה מדומה מס.6 קפוא,,,פילה מדומה מס.6 קפוא,קילוגרמים,1.00,"ק""ג",true,,49.90,49.9000,true,1,2228631
7290003458073,false,טחון בקר עם שומן כבש,,,טחון בקר עם שומן כבש,גרמים,500.00,100 גרם,false,,24.90,0.0498,true,1,2201465
7290003458103,false,אסאדו טלה עם עצם קפו,,,אסאדו טלה עם עצם קפו,קילוגרמים,1.00,"ק""ג",true,,49.00,49.0000,true,1,2281246
7290003458110,false,נקניקיות צ'וריסוס עו,,,נקניקיות צ'וריסוס עו,גרמים,500.00,100 גרם,false,,24.90,0.0498,true,1,2281251
7290003475124,false,עננים צמר גפן 100 גר',קריות זול,GR,עננים צמר גפן 100 גרם,גרמים,100.00,100 גרם,false,,5.90,0.0590,true,1,1253181
7290003485017,false,קווקר דק 500 גרם.,,,קווקר דק 500 גרם.,גרמים,500.00,100 גרם,false,,4.90,0.0098,true,1,1243751
7290003485024,false,קווקר עבה 500 גרם.,,,קווקר עבה 500 גרם.,גרמים,500.00,100 גרם,false,,4.90,0.0098,true,1,1258987
7290003485031,false,בורגול עבה 500 גרם.,,,בורגול עבה 500 גרם.,גרמים,500.00,100 גרם,false,,4.90,0.0098,true,1,1249337
7290003485048,false,כוסמת קלויה 500 גרם.,,,כוסמת קלויה 500 גרם.,גרמים,500.00,100 גרם,false,,5.90,0.0118,true,1,1248216
7290003485055,false,"אורז תאילנדי 1 ק""ג",,,"אורז תאילנדי 1 ק""ג",קילוגרמים,1.00,"ק""ג",false,,8.90,8.9000,true,1,1248217
7290003485123,false,חזה עוף קפוא ארוז,,,חזה עוף קפוא ארוז,קילוגרמים,1.00,"ק""ג",true,,19.90,19.9000,true,1,1272669
7290003485147,false,"אורז יסמין 1 ק""ג",,,"אורז יסמין 1 ק""ג",קילוגרמים,1.00,"ק""ג",false,,9.90,9.9000,true,1,1243752
7290003485161,false,כרעיים עוף קפוא ארוז,,,כרעיים עוף קפוא ארוז,קילוגרמים,1.00,"ק""ג",true,,24.90,24.9000,true,1,1272670
7290003485185,false,"אורז ריזוטו 1 ק""ג",,,"אורז ריזוטו 1 ק""ג",קילוגרמים,1.00,"ק""ג",false,,9.90,9.9000,true,1,1243753
7290003485192,false,"אורז בסמטי 1 ק""ג",,,"אורז בסמטי 1 ק""ג",קילוגרמים,1.00,"ק""ג",false,,9.90,9.9000,true,1,1248218
7290003485208,false,"אורז פלא 1 ק""ג",,,"אורז פלא 1 ק""ג",קילוגרמים,1.00,"ק""ג",false,,8.90,8.9000,true,1,1248219
7290003485222,false,"סוכר 1 ק""ג",סוגת תעשיות,IL,"סוכר 1 ק""ג - חצי חינם",קילוגרמים,1.00,"ק""ג",false,,3.90,3.9000,true,1,1248059
7290003485260,false,שוקיים עוף קפוא ארוז,,,שוקיים עוף קפוא ארוז,קילוגרמים,1.00,"ק""ג",true,,29.90,29.9000,true,1,1272672
7290003485277,false,כנפיים עוף קפוא ארוז,,,כנפיים עוף קפוא ארוז,קילוגרמים,1.00,"ק""ג",true,,7.90,7.9000,true,1,1272673
7290003485284,false,שניצל עוף קפוא ארוז,,,שניצל עוף קפוא ארוז,קילוגרמים,1.00,"ק""ג",true,,34.90,34.9000,true,1,1272674
7290003485307,false,"אורז מלא 1 ק""ג",,,"אורז מלא 1 ק""ג",קילוגרמים,1.00,"ק""ג",false,,8.90,8.9000,true,1,1248220
7290003485314,false,בורגול דק 500 גרם.,,,בורגול דק 500 גרם.,גרמים,500.00,100 גרם,false,,4.90,0.0098,true,1,1249338
7290003485321,false,חיטה 500 גרם.,,,חיטה 500 גרם.,גרמים,500.00,100 גרם,false,,4.90,0.0098,true,1,1248221
7290003485338,false,לוביה 500 גרם,,,לוביה 500 גרם,גרמים,500.00,100 גרם,false,,6.90,0.0138,true,1,1248222
7290003485345,false,גריסים 500 גרם,,,גריסים 500 גרם,גרמים,500.00,100 גרם,false,,4.90,0.0098,true,1,1243756
7290003485352,false,"אורז עגול 1 ק""ג",,,"אורז עגול 1 ק""ג",קילוגרמים,1.00,"ק""ג",false,,8.90,8.9000,true,1,1243757
7290003485369,false,חומוס גדול 500 גרם,,,חומוס גדול 500 גרם,גרמים,500.00,100 גרם,false,,9.90,0.0198,true,1,1258988
7290003485376,false,פול קטן 500 גרם,,,פול קטן 500 גרם,גרמים,500.00,100 גרם,false,,4.90,0.0098,true,1,1248223
7290003485383,false,פול גדול 500 גרם,,,פול גדול 500 גרם,גרמים,500.00,100 גרם,false,,8.90,0.0178,true,1,1248224
7290003485390,false,עדשים אדומות 500 גרם,,,עדשים אדומות 500 גרם,גרמים,500.00,100 גרם,false,,5.90,0.0118,true,1,1248225
7290003485406,false,עדשים ירוקות 500 גרם,,,עדשים ירוקות 500 גרם,גרמים,500.00,100 גרם,false,,5.90,0.0118,true,1,1248226
7290003485413,false,פופקורן 500 גרם,,,פופקורן 500 גרם,גרמים,500.00,100 גרם,false,,6.90,0.0138,true,1,1238847
7290003485499,false,מש 500 גרם,,,מש 500 גרם,גרמים,500.00,100 גרם,false,,5.90,0.0118,true,1,1249340
7290003485505,false,שעועית אדומה 500 גרם,,,שעועית אדומה 500 גרם,גרמים,500.00,100 גרם,false,,6.90,0.0138,true,1,1248227
7290003485529,false,שעועית אמריקאית 500,,,שעועית אמריקאית 500,גרמים,500.00,100 גרם,false,,6.90,0.0138,true,1,1248229
7290003485543,false,אפונה 500 גרם,,,אפונה 500 גרם,גרמים,500.00,100 גרם,false,,4.90,0.0098,true,1,1248230
7290003485567,false,תורמוס 500 גרם,,,תורמוס 500 גרם,גרמים,500.00,100 גרם,false,,4.90,0.0098,true,1,1258989
7290003485574,false,שעועית ארגנטינאית 50,,,שעועית ארגנטינאית 50,גרמים,500.00,100 גרם,false,,5.90,0.0118,true,1,1249341
7290003485666,false,חומוס גרגרים 500 גרם,,,חומוס גרגרים 500 גרם,גרמים,500.00,100 גרם,false,,6.90,0.0138,true,1,1249344
7290003485680,false,קוקוס טחון 200 גרם,,,קוקוס טחון 200 גרם,גרמים,200.00,100 גרם,false,,5.90,0.0295,true,1,1249345
7290003485697,false,שומשום 200 גרם,,,שומשום 200 גרם,גרמים,200.00,100 גרם,false,,4.90,0.0245,true,1,1258990
7290003485796,false,"אורז פרסי 1 ק""ג",,,"אורז פרסי 1 ק""ג",גרמים,1000.00,100 גרם,false,,9.90,0.0099,true,1,1243761
7290003514007,false,שקדי מרק מאסטר שף 40,מנה Mana,IL,מנה שקדי מרק מנה 400 גרם,גרמים,400.00,100 גרם,false,,8.90,0.0223,true,1,1253182
7290003514571,false,פריכיות אורז עם מלח מנה 100 ג',מנה Mana,IL,מנה פריכיות אורז עם מלח 1,גרמים,100.00,100 גרם,false,,4.90,0.0490,true,1,1253193
7290003521074,false,"ד""ר פישר - סרקל מרכך שיער לילדים 1 ליטר",הדקלאים אגודת שיתופי,IL,סרקל מעצב ליטר,ליטרים,1.00,ליטר,false,,28.90,28.9000,true,1,1265143
7290003521081,false,"ד""ר פישר - סרקל שמפו לילדים 1 ליטר","ד""ר פישר Dr fischer",IL,סרקל שמפו ליטר,ליטרים,1.00,ליטר,false,,28.90,28.9000,true,1,1265144
7290003521180,false,סרקל שמפו+מרכך 500מל,"ד""ר פישר Dr fischer",IL,"סרקל שמפו+מעצב 500 מ""ל",מיליליטרים,500.00,"100 מ""ל",false,,18.90,0.0378,true,1,1265146
7290003521203,false,שמפו לילדים סרקל 2ל',"ד""ר פישר Dr fischer",IL,סרקל שמפו 2 ליטר,ליטרים,2.00,ליטר,false,,44.90,22.4500,true,1,1265148
7290003521210,false,סרקל מרכך שיער לילדים 2 ל',פישר מעבדות פרמצבטיו,IL,סרקל מעצב 2 ליטר,ליטרים,2.00,ליטר,false,,44.90,22.4500,true,1,1265149
7290003521340,false,קמיל בלו אל סבון 2 ל',פישר מעבדות פרמצבטיו,IL,קמיל בלו קלאסיק 2 ליטר,ליטרים,2.00,ליטר,false,,36.90,18.4500,true,1,1265150
7290003521395,false,קמיל בלו אל סבון ורוד 2 ל',פישר מעבדות פרמצבטיו,IL,קמיל בלו סנסיטיב אל סבון,ליטרים,2.00,ליטר,false,,42.90,21.4500,true,1,1265152
7290003521418,false,מילוי מגבונים 72 יחי,,,מילוי מגבונים 72 יחי,יח',72.00,יח',false,,9.90,0.1375,true,1,1265154
7290003521463,false,קמיל בלו שמפו שיער אל דמע 2 ליטר,פישר מעבדות פרמצבטיו,IL,ק.ב סנסטיב אל דמע 2 ליטר,ליטרים,2.00,ליטר,false,,42.90,21.4500,true,1,1265155
7290003521760,false,"ד""ר פישר - אולטרסול ג'ל אלוורה 200 מ""ל",פישר מעבדות פרמצבטיו,IL,אפטרסול חדש ג'ל אלוורה 20,מיליליטרים,200.00,"100 מ""ל",false,,29.90,0.1495,true,1,1265156
7290003522606,false,"ד""ר פישר - מגבונים לניקוי משטחים 160 יח'","ד""ר פישר Dr fischer",IL,20 אלכוויפס מגבונים לשמיר,100 יח',160.00,100 יח',false,,19.90,0.1244,true,1,1327932
7290003550753,false,טונה פוסידון בשמן רביעיה *108 ג',"מיוצר עי וליגר בעמ,",IL,מארז 4 טונה פוסידון,גרמים,432.00,100 גרם,false,,19.90,0.0461,true,1,1244767
7290003561926,false,עוגת קראנץ' שוקולד,,,עוגת קראנץ' שוקולד,יחידה,0.00,יחידה,false,,29.90,0.0000,true,1,1223464
7290003578078,false,קוקטיל פירות טרופי ויליפוד 850 ג',קריות זול,CN,לפתן פירות טרופיים ב,גרמים,850.00,100 גרם,false,,10.90,0.0128,true,1,1226482
7290003578108,false,אננס חתיכות ויליפוד 850 ג',טקרנג פינאפל אינדסטר,TH,אננס חתוך 850גרם,גרמים,850.00,100 גרם,false,,8.90,0.0105,true,1,1226485
7290003578290,false,איטריות אורז 300 גרם,פוגיאן לונגהאי אנליד,CN,מקלוני אורז 300גרם (24),גרמים,300.00,100 גרם,false,,5.90,0.0197,true,1,1226488
7290003578313,false,דובדבנים חמוצים ללא חרצנים 680גר,דל מונטה היילס אס.אי,HU,דובדבנים ללא חרצנים 680גר,גרמים,680.00,100 גרם,false,,9.90,0.0146,true,1,1226489
7290003578672,false,שמן חמניות מזוכך ויליפוד 1 ל',וילי פוד,TR,שמן חמניות 1 ליטר,ליטרים,1.00,ליטר,false,,11.90,11.9000,true,1,2233414
7290003643004,false,"אורז בסמטי קלאסי 1 ק""ג סוגת",האי נאם סי או אל.טי.,IL,"אורז בסמטי 1 ק""ג",קילוגרמים,1.00,"ק""ג",false,,12.90,12.9000,true,1,1248060
7290003643325,false,קוסקוס בינוני 350 גרם סוגת,קריות זול,IL,קוסקוס בינוני 350 גרם,גרמים,350.00,100 גרם,false,,4.90,0.0140,true,1,1248063
7290003643387,false,"סוכר לבן בצנצנת 1 ק""ג סוגת",האי נאם סי או אל.טי.,IL,סוכר לבן בצנצנת 1 קג,קילוגרמים,1.00,"ק""ג",false,,9.90,9.9000,true,1,1248065
7290003643646,false,"סוכר דמררה קלאסי בצנצנת סוגת 1 ק""ג",האי נאם סי או אל.טי.,IL,סוכר חום דמררה צנצנת 1 קג,קילוגרמים,1.00,"ק""ג",false,,12.90,12.9000,true,1,1248066
7290003643684,false,אפונה יבשה סוגת 500 גר',האי נאם סי או אל.טי.,IL,אפונה 500 גרם,יחידה,0.00,יחידה,false,,6.90,0.0000,true,1,2146422
7290003643714,false,חומוס סוגת 500 גרם,האי נאם סי או אל.טי.,IL,חומוס 500 גרם,יחידה,0.00,יחידה,false,,7.90,0.0000,true,1,2146424
7290003643738,false,סוגת חיטה 500 גרם,האי נאם סי או אל.טי.,IL,חיטה 500 גרם,גרמים,500.00,100 גרם,false,,4.90,0.0098,true,1,2146425
7290003643752,false,עדשים ירוקים יבש סוגת 500 גר',האי נאם סי או אל.טי.,IL,עדשים ירוקות 500 גרם,יחידה,0.00,יחידה,false,,7.90,0.0000,true,1,2146427
7290003643769,false,עדשים אדומים יבש סוגת 500 גר',"סוגת תעשיות בע""מ",IL,עדשים אדומות 500 גרם,גרמים,500.00,100 גרם,false,,6.90,0.0138,true,1,2146428
7290003643776,false,"פופקורן גרעינים סוגת 500 ג' כשל""פ",האי נאם סי או אל.טי.,IL,פופקורן 500 גרם,יחידה,0.00,יחידה,false,,5.90,0.0000,true,1,2146429
7290003643806,false,שעועית לבנה יבשה סוגת 500 ג',האי נאם סי או אל.טי.,IL,שעועית לבנה 500 גרם,יחידה,0.00,יחידה,false,,7.90,0.0000,true,1,2146430
7290003643820,false,חומוס ענק יבש סוגת 500 גרם,Unknown,,חומוס ענק 500 גרם,יחידה,0.00,יחידה,false,,9.90,0.0000,true,1,2146431
7290003680443,false,משפך גימבו.,,,משפך גימבו.,יחידה,0.00,יחידה,false,,6.90,0.0000,true,1,2176780
7290003681006,false,צימוקים לבנים 200גרם בד''ץ,מיה תעשיות מזון,IL,צימוקים לבנים 200גרם בד'',גרמים,200.00,100 גרם,false,,9.90,0.0495,true,1,1248919
7290003681174,false,"צימוקים שחורים 200 ג' בד""ץ מיה",מיה תעשיות מזון,IL,צימוקים שחורים 200גרם בד',גרמים,200.00,100 גרם,false,,7.90,0.0395,true,1,1277462
7290003681211,false,צנובר מיה 80 גרם,מיה תעשיות מזון,IL,צנובר 100גרם,גרמים,80.00,100 גרם,false,,19.90,0.2487,true,1,1248924
7290003681235,false,תבלין פלפל אנגלי 50 גר' מיה,מיה תעשיות מזון,IL,פלפל אנגלי 50גרם,גרמים,50.00,100 גרם,false,,6.90,0.1380,true,1,1248926
7290003681242,false,תבלין זעתר 50 גר' מיה,מיה תעשיות מזון בעמ,IL,זעתר 50גרם,גרמים,50.00,100 גרם,false,,6.90,0.1380,true,1,1248927
7290003681334,false,קוקוס טחון 400 גרם ב,מיה,IL,קוקוס טחון 400 גרם ב,גרמים,400.00,100 גרם,false,,9.90,0.0248,true,1,2280428
7290003681365,false,סוכריות קישוט לעוגה צבעוני 70 גר' מיה,מיה תעשיות מזון,IL,קישוט לעוגה צבעוני בצנצנת,גרמים,80.00,100 גרם,false,,3.90,0.0487,true,1,1248931
7290003681532,false,דובדבנים מסוכרים 80 גר' מיה,מיה תעשיות מזון,IL,דובדבנים מסוכרים 80גרם,גרמים,80.00,100 גרם,false,,6.90,0.0863,true,1,1248935
7290003681747,false,תבלין גריל בשר בשקית 80 גר' מיה,מיה תעשיות מזון בעמ,IL,גריל בשר 80גרם,גרמים,80.00,100 גרם,false,,6.90,0.0863,true,1,1248940
7290003681754,false,אבקת קארי 80גרם צנצנת,מיה תעשיות מזון בעמ,IL,אבקת קארי 80גרם,גרמים,80.00,100 גרם,false,,6.90,0.0863,true,1,1248941
7290003681761,false,תבלין גבישי שום 80 גר' מיה,מיה תעשיות מזון בעמ,IL,גבישי שום 80גרם,גרמים,80.00,100 גרם,false,,9.90,0.1238,true,1,1248942
7290003681921,false,"סוכריות טופי פירות מיה 200 ג' בד""ץ'",מיה תעשיות מזון,IL,טופי 200גרם בד''ץ,גרמים,200.00,100 גרם,false,,3.90,0.0195,true,1,1248946
7290003726592,false,טופו מתובל בפסטו במרקם קלאסי,משק וואיילר,IL,גבינת טופו ויילר בטע,גרמים,300.00,100 גרם,false,,12.90,0.0430,true,1,2095099
7290003726615,false,טופו הבית משק ויילר,הדקלאים אגודת שיתופי,IL,גבינת טופו ויילר 300,גרמים,300.00,100 גרם,false,,12.90,0.0430,true,1,2095100
7290003726622,false,טופו פיקנטי 300 ג' משק ויילר,משק וואיילר,IL,גבינת טופו משק ויילר,גרמים,300.00,100 גרם,false,,12.90,0.0430,true,1,2239177
7290003726684,false,טופו חומוס בטעם טבעי 300 ג' משק ויילר,הנסיך- מפעל לייצור ט,IL,טופו חומוס בטעם טבעי,גרמים,300.00,100 גרם,false,,12.90,0.0430,true,1,2145463
7290003726868,false,טופו חומוס בתוספת עגבניות מיובשות 300 ג' משק ויילר,משק וואיילר,IL,טופו חומוס בתוספת עג,גרמים,300.00,100 גרם,false,,12.90,0.0430,true,1,2239178
7290003744428,false,אובלטים מלוחים דקיקי,,,אובלטים קימל 300 גרם,גרמים,300.00,100 גרם,false,,12.90,0.0430,true,1,1251720
7290003744855,false,אובלטים עם שומשום 300 גר,,,אובלטים שומשום 300 ג,גרמים,300.00,100 גרם,false,,12.90,0.0430,true,1,1251723
7290003744862,false,אובלטים עם זעתר 300 גר,,,אובלטים זעתר 300 גרם,גרמים,300.00,100 גרם,false,,12.90,0.0430,true,1,1251724
7290003781652,false,צלפים במי מלח ויליפוד 350 ג',קריות זול,TR,צלפים 350גרם,גרמים,350.00,100 גרם,false,,8.90,0.0254,true,1,1226504
7290003781850,false,גבינת קשקבל פרוסות 200 גרם,,ES,גבינת קשקבל פרוסות 2,גרמים,200.00,100 גרם,false,,22.90,0.1145,true,1,2210352
7290003796724,false,שקדי עגל טרי,,,שקדי עגל טרי,קילוגרמים,1.00,"ק""ג",true,,160.00,160.0000,true,1,1258066
7290003804252,false,תיבולית בנוסח הודי 72 ג' קנור,יוניליוור ישראל מזון,IL,קנור תיבוליות הודי 72 גרם,גרמים,72.00,100 גרם,false,,9.90,0.1375,true,1,1255643
7290003804320,false,תיבולית שום ופטרוזיליה 72 ג' קנור,יוניליוור ישראל מזון,IL,קנור תיבוליות שום 72 גרם,גרמים,72.00,100 גרם,false,,9.90,0.1375,true,1,1255645
7290003804368,false,תיבולית בזיליקום קנור 72 ג',יוניליוור ישראל מזון,IL,קנור תיבוליות 72 גרם,גרמים,72.00,100 גרם,false,,9.90,0.1375,true,1,1255648
7290003804382,false,"תיבולית פטריות בד""ץ 72 ג' קנור",יוניליוור ישראל מזון,IL,קנור תיבוליות פטריות 72 ג,גרמים,72.00,100 גרם,false,,9.90,0.1375,true,1,1255650
7290003864478,false,סרדינים בשמן צמחי ויליפוד 110ג' פתח קל,גולדן פרייז קאנינג א,TH,סרדין בשמן צמחי 110גרם פת,גרמים,110.00,100 גרם,false,,4.40,0.0400,true,1,1226507
7290003864485,false,סרדינים ברוטב עגבנ יות ויליפוד 110ג' פתח קל,גולדן פרייז קאנינג א,TH,סרדין ברוטב עגבניות 110גר,גרמים,110.00,100 גרם,false,,4.40,0.0400,true,1,1226508
7290003864492,false,סרדינים בשמן צמחי חריף פתח קל ויליפוד 110ג',גולדן פרייז קאנינג א,TH,סרדין בשמן צמחי חריף 110ג,גרמים,110.00,100 גרם,false,,4.40,0.0400,true,1,1226509
7290003882922,false,עלי גפן ממולאים באורז ויליפוד 400ג',הזה פלאקספו פוד קו ב,CN,עלי גפן ממולאים באורז 400,גרמים,400.00,100 גרם,false,,8.90,0.0223,true,1,1226512
7290003976058,false,מרכך כביסה מרוכז 1 ל,אקופרנד,IL,מרכך כביסה מרוכז 1 ל,ליטרים,1.00,1000ליטר,false,,19.90,19.9000,true,1,2151627
7290003976492,false,נוזל לניקוי כלים לעו,,,נוזל לניקוי כלים לעו,מיליליטרים,750.00,"100 מ""ל",false,,9.90,0.0132,true,1,2162398
7290003976522,false,ג'ל כביסה מרוכז בניחוח פרחים,פרפקט Perfect,,ג'ל מרוכז 5 לי בניח,ליטרים,5.00,ליטר,false,,19.90,3.9800,true,1,2159367
7290003989096,false,סלט חציל פיקנטי אחלה,מיוצר עי קונדיטוריית,IL,חציל פיקנטי 500,גרמים,500.00,100 גרם,false,,15.50,0.0310,true,1,1256193
7290003989553,false,"פסטה טורטליני פטריות, 400 גרם",מיוצר עי קונדיטוריית,IL,טורטלוני פטריות 400 גר' ח,גרמים,400.00,100 גרם,false,,18.90,0.0472,true,1,1256195
7290004011338,false,"קצפת מתוקה מכונה 250 מ""ל ריץ'",האי נאם סי או אל.טי.,IT,קצפת ארוסול חלבי,מיליליטרים,250.00,"100 מ""ל",false,,9.90,0.0396,true,1,1244769
7290004011345,false,"קצפת ריצ` פרווה במיכל 250 מ""ל",האי נאם סי או אל.טי.,IT,קצפת אורוסול פרווה,מיליליטרים,250.00,"100 מ""ל",false,,9.90,0.0396,true,1,1244770
7290004014407,false,סוכריות M&M בוטנים 46 ג',מרס נדרלנד,,אם אנד אמס פינאטבאטר,גרמים,46.00,100 גרם,false,,4.90,0.1065,true,1,1342044
7290004022309,false,אמ&אמס אריזה בינונית,מרס,,חטיף חמאת בוטנים MַM,גרמים,89.00,100 גרם,false,,6.90,0.0775,true,1,1646659
7290004026776,false,לחם מחמצת אגוזים וצי,פילסברי,,לחם מחמצת אגוזים וצי,גרמים,500.00,100 גרם,false,,16.90,0.0338,true,1,1935578
7290004030018,false,"פריניב מיץ לימון סחוט פרי לתיבול 500 מ""ל",הנסיך- מפעל לייצור ט,IL,"מיץ לימון 500 מ""ל",מיליליטרים,500.00,"100 מ""ל",false,,7.90,0.0158,true,1,1330797
7290004030100,false,מיץ תפוזים ולנסיה סחוט 1 ליטר100%,,,מיץ תפוזים סחוט ולנס,ליטרים,1.00,ליטר,false,,16.90,16.9000,true,1,2143848
7290004030216,false,פריניב נקטר חמוציות 1ליטר,פריניב בעמ,IL,נקטר חמוציות 1 ליטר,ליטרים,1.00,ליטר,false,,7.90,7.9000,true,1,1330800
7290004030223,false,פריניב נקטר תפוחים סחוט 1 ליטר,פריניב בעמ,IL,מיץ תפוח סחוט 100% 1,ליטרים,1.00,ליטר,false,,17.90,17.9000,true,1,1330801
7290004030544,false,פריניב מיץ לימונדה לואיזה ולמון גראס 1 ליטר,,,מיץ לימונענע 1 ליטר,ליטרים,1.00,ליטר,false,,10.90,10.9000,true,1,1330808
7290004030612,false,פרי ניב מיץ קיוי אגס ללא תוספת סוכר 1ל,פריניב בעמ,IL,מיץ קיוי אגס 1 ליטר,ליטרים,1.00,ליטר,false,,17.90,17.9000,true,1,1330811
7290004030810,false,פריניב סחוט בננה תפוז 1 ליטר,,,מיץ בננה/פסיפלורה/תפ,ליטרים,1.00,ליטר,false,,18.90,18.9000,true,1,1557758
7290004030834,false,פריניב מיץ רימונים סחוט 1 ליטר,פריניב בעמ,IL,מיץ רימון סחוט 1,ליטרים,1.00,ליטר,false,,21.90,21.9000,true,1,1330816
7290004033705,false,הבורגריה – 6 לחמניות המבורגר בשקית,מאפית י את א ברמן בע,IL,לחמניות המבורגר ביס,גרמים,600.00,100 גרם,false,,10.90,0.0182,true,1,2208446
7290004033712,false,לחם עננים מקמח מלא עם פרוסות עבות,מאפית י את א ברמן בע,IL,לחם עננים מקמח מלא 7,גרמים,750.00,100 גרם,false,,15.50,0.0207,true,1,2208447
7290004033736,false,"עננים לחם לבן בסגנון בריוש עם פרוסות עבות, 500 גרם",מאפית י את א ברמן בע,IL,לחם עננים בסגנון ברי,גרמים,500.00,100 גרם,false,,15.50,0.0310,true,1,2225143
7290004033811,false,לחם מיוחד ללא גלוטן 320 גר',מאפית י את א ברמן בע,IL,לחם מיוחד ללא גלוטן,גרמים,320.00,100 גרם,false,,15.90,0.0497,true,1,2205277
7290004033903,false,חטיפי ברוסקטה אפויים,,,חטיפי ברוסקטה אפויים,גרמים,150.00,100 גרם,false,,12.90,0.0860,true,1,2280612
7290004033910,false,חטיפי ברוסקטה אפויים,,,חטיפי ברוסקטה אפויים,גרמים,150.00,100 גרם,false,,12.90,0.0860,true,1,2280613
7290004033927,false,חטיפי פוקצה אפויים ב,,,חטיפי פוקצה אפויים ב,גרמים,200.00,100 גרם,false,,12.90,0.0645,true,1,2280614
7290004033934,false,חטיפי פוקצה אפויים ב,,,חטיפי פוקצה אפויים ב,גרמים,200.00,100 גרם,false,,12.90,0.0645,true,1,2280615
7290004043108,false,אמ&אמס אריזה בינונית,מרס,,חטיף שוקולד MַM אריז,גרמים,89.00,100 גרם,false,,6.90,0.0775,true,1,1646660
7290004043205,false,אמ&אמס אריזה בינונית,מרס,,חטיף בוטנים MַM אריז,גרמים,89.00,100 גרם,false,,6.90,0.0775,true,1,1646661
7290004063016,false,מלח שולחן מעולה דק 1,האי נאם סי או אל.טי.,IL,"מלח שולחן 1 ק""ג",קילוגרמים,1.00,"ק""ג",false,,1.80,1.8000,true,1,1261803
7290004063115,false,"מלח מטבח עבה להמלחת בשר ובישול 1 ק""ג",האי נאם סי או אל.טי.,IL,"מלח בישול 1 ק""ג",קילוגרמים,1.00,"ק""ג",false,,1.80,1.8000,true,1,1261804
7290004064082,false,מטחנה מלח ים טבעי 250 ג',חברת מלח הארץ אילת ב,IL,מטחנה מלח ים טבעי 25,גרמים,250.00,100 גרם,false,,12.90,0.0516,true,1,1394837
7290004064099,false,מטחנה מלח מהרי ההימלאיה 250 גרם,חברת מלח הארץ אילת ב,IL,מטחנה מלח מהרי ההימל,גרמים,300.00,100 גרם,false,,14.90,0.0497,true,1,1394838
7290004064105,false,מלח ים במטחנה עשבי תיבול 400ג',מלח הארץ,,מטחנה מלח עשבי תיבול,גרמים,250.00,100 גרם,false,,14.90,0.0596,true,1,1394822
7290004064174,false,"תבלין מלח ההימלאיה דק בצנצנת 1 ק""ג",מלח הארץ,IL,"מלח ההימלאיה דק 1 ק""",קילוגרמים,1.00,"ק""ג",false,,16.90,16.9000,true,1,1685342
7290004064181,false,"תבלין מלח ההימלאיה גס בצנצנת 1 ק""ג",חברת מלח הארץ אילת ב,IL,"מלח הימלאיה גס 1 ק""ג",קילוגרמים,1.00,"ק""ג",false,,16.90,16.9000,true,1,1685343
7290004064280,false,מלח מופחת נתרן צנצנת 600 גרם,חברת מלח הארץ אילת ב,IL,מלח הארץ מופחת נתרן,גרמים,600.00,100 גרם,false,,14.90,0.0248,true,1,2125404
7290004064297,false,"מלח מועשר ביוד בצנצנת 1 ק""ג",מלח הארץ,IL,מלח הארץ מועשר ביוד,קילוגרמים,1.00,"ק""ג",false,,7.90,7.9000,true,1,2125405
7290004064358,false,"מלח דק זורם בקלות- קרטון 1 ק""ג",,IL,מלח הארץ דק זורם בקל,קילוגרמים,1.00,"ק""ג",false,,4.90,4.9000,true,1,2136251
7290004064365,false,מלח הארץ דק מועשר בי,,IL,מלח הארץ דק מועשר בי,קילוגרמים,1.00,"ק""ג",false,,5.90,5.9000,true,1,2136252
7290004064372,false,מטחנת מלח איטלקי- אקסטרא תבלינים 105 ג',,IL,מטחנת מלח אקסטרא תבל,גרמים,125.00,100 גרם,false,,14.90,0.1192,true,1,2155113
7290004067045,false,קונפיטורת חמוציות בו,,,קונפיטורת חמוציות בו,גרמים,360.00,100 גרם,false,,19.90,0.0553,true,1,2109117
7290004067212,false,קונפיטורת משמש בית יצחק 370 ג',,,קונפיטורת משמש,גרמים,370.00,100 גרם,false,,14.90,0.0403,true,1,2143937
7290004067236,false,קונפיטורת תפוזים בית יצחק 370 ג',,,קונפיטורת תפוזים,גרמים,370.00,100 גרם,false,,14.90,0.0403,true,1,2143939
7290004067267,false,קונפיטורת דובדבן בוו,,,קונפיטורת דובדבן בוו,גרמים,360.00,100 גרם,false,,19.90,0.0553,true,1,2109122
7290004067441,false,מעדן תפוזים 100%פרי,בית יצחק,,מעדן תפוז 100% פרי,גרמים,284.00,100 גרם,false,,14.90,0.0525,true,1,2109125
7290004067618,false,מעדן פסיפלורה 100% פ,בית יצחק,,מעדן פסיפלורה 100% פ,גרמים,284.00,100 גרם,false,,14.90,0.0525,true,1,2109129
7290004067953,false,מעדן גויאבה 100% פרי,,,מעדן גויאבה 100% פרי,גרמים,284.00,100 גרם,false,,14.90,0.0525,true,1,2109131
7290004068011,false,גד יוגורט מחלב כבשים,"מיוצר ע""י קוד יצרן M",IL,יוגורט כבשים 5% 600 גרם,גרמים,600.00,100 גרם,false,,17.90,0.0298,true,1,1243191
7290004068035,false,"משקה יוגורט איירן גד 500 מ""ל","מיוצר ע""י קוד יצרן M",IL,"איירן 0.5 ליטר בד""ץ",מיליליטרים,500.00,"100 מ""ל",false,,8.50,0.0170,true,1,1243193
7290004068172,false,"יוגורט עיזים בדלי 5% 600 מ""ל רובין",קוד יצרן MKN,IL,יוגורט עיזים 600 גרם,גרמים,600.00,100 גרם,false,,17.90,0.0298,true,1,1243195
7290004068196,false,מוצרלה מגורדת מיוחדת,מחלבות גד,IL,מוצרלה מגורדת 500 גרם בדץ,גרמים,500.00,100 גרם,false,,31.90,0.0638,true,1,1243197
7290004068585,false,גבינה גאודה עיזים מש,מחלבות גד,,גבינה גאודה עיזים מש,קילוגרמים,1.00,"ק""ג",true,,130.00,130.0000,true,1,1336010
7290004068912,false,גבינת פרמזן גרנה פדנ,מחלבות גד,IL,גבינת פרמזן גרנה פדנ,קילוגרמים,1.00,"ק""ג",true,,130.00,130.0000,true,1,2152878
7290004078225,false,"שטיפת פה קולגייט פלקס מינט ירוק 500מ""ל",קולגייט- פלמוליב,PL,קולגייט פלקס ירוק 500 מל,מיליליטרים,500.00,"100 מ""ל",false,,29.90,0.0598,true,1,1253209
7290004078263,false,מקלות לאוזניים בלונס,SEPTONA S.A,GR,בלונס מקלות אוזניים זוג,יח',400.00,יח',false,,10.90,0.0273,true,1,1253210
7290004078270,false,נוזל כלים פלמוליב צילינדר לימון 1 ליטר,יבואן ומשווק: ש. שסט,GR,פלמוליב צילינדר לימון 1 ל,ליטרים,1.00,ליטר,false,,13.90,13.9000,true,1,1253211
7290004078690,false,"אגקס נוזל לניקוי אסלות מרענן 750 מ""ל",הנסיך- מפעל לייצור ט,FR,אגקס שירותים מרענן חדש 75,גרמים,750.00,100 גרם,false,,12.90,0.0172,true,1,1253213
7290004078942,false,ליידי ספיד סטיק - דאודורנט ג'ל לאישה 65 גרם,קולגייט פלמוליב,BY,ליידי ספיד סטיק גל בסיסי,גרמים,63.00,100 גרם,false,,19.90,0.3159,true,1,1253214
7290004084110,false,סוכר קוביות 500 גרם,,,סוכר קוביות 500 גרם,גרמים,500.00,100 גרם,false,,7.90,0.0158,true,1,1243765
7290004091217,false,"גודרס להברקת כלי כסף 125מ""ל",אס סי גונסון פורטוגל,PT,גודרס להברקת כלי כסף 125מ,מיליליטרים,144.00,"100 מ""ל",false,,18.90,0.1312,true,1,1266264
7290004091248,false,וזלין פטרוליום אינטנסיב קאר ג'ל 106 גר',"יוניליוור ארה""ב, ג'ו",US,"וזלין רגיל 100 מ""ל",גרמים,106.00,100 גרם,false,,12.90,0.1217,true,1,1255717
7290004104344,false,מסרק כינים פור אוור,,,מסרק כינים פור אוור,יחידה,0.00,יחידה,false,,14.90,0.0000,true,1,2181871
7290004119133,false,כד יוגורט תנובה 6.5% שומן 1.5 ליטר,מיוצר עי קונדיטוריית,IL,יוגורט 6.5% שומן 1.5,ליטרים,1.50,ליטר,false,,17.90,11.9333,true,1,1254509
7290004119225,false,יוגורט אננס 3% שומן 150 ג' יופלה,תנובה מרכז שיתופי לש,IL,יופלה אננס 3%.,גרמים,150.00,100 גרם,false,,5.20,0.0347,true,1,1254510
7290004119928,false,מעדן וניל גביע 1.5% שומן 125 ג' קרלו,מחלבת אלון תבור,IL,מעדן קרלו וניל.,מיליליטרים,125.00,"100 מ""ל",false,,2.90,0.0232,true,1,1254512
7290004119973,false,מעדן שוקו 1.5% שומן 125 ג' קרלו,תנובה מרכז שיתופי לש,IL,מעדן קרלו.,מיליליטרים,125.00,"100 מ""ל",false,,2.90,0.0232,true,1,1254513
7290004120061,false,קרלו שוקולד וניל 125,תנובה מרכז שיתופי לש,IL,מעדן קרלו שוניל.,מיליליטרים,125.00,"100 מ""ל",false,,2.90,0.0232,true,1,1254514
7290004120108,false,יופלה דיאט יוגורט דובדבן %0 גביע 150ג',תנובה מרכז שיתופי לש,IL,יופלה דובדבן דיאט.,גרמים,150.00,100 גרם,false,,5.20,0.0347,true,1,1254515
7290004120566,false,גבינה בולגרית 24% 250 ג' פיראוס,קריות זול,IL,בולגרית 24% פיראוס 2,גרמים,250.00,100 גרם,false,,22.90,0.0916,true,1,1254519
7290004120573,false,גבינה בולגרית %16 250 ג' פיראוס,תנובה מרכז שיתופי לש,IL,בולגרית 16% גביע 250,גרמים,250.00,100 גרם,false,,22.90,0.0916,true,1,1254520
7290004120634,false,גבינה בולגרית %5 250 ג' פיראוס,תנובה מרכז שיתופי לש,IL,בולגרית פיראוס 5% 25,גרמים,250.00,100 גרם,false,,21.90,0.0876,true,1,1254521
7290004120832,false,חלב תנובה טרי 3% מהדרין כד 2 ל',תנובה מרכז שיתופי לש,IL,חלב שומן 3% כד 2 ליט,ליטרים,2.00,ליטר,false,,12.40,6.2000,true,1,1254522
7290004121488,false,יופלה דיאט אפרסק 0% גביע 150 ג',תנובה מרכז שיתופי לש,IL,יופלה אפרסק 0%.,גרמים,150.00,100 גרם,false,,5.20,0.0347,true,1,1254523
7290004121525,false,יופלה מאגדת פרי 4 תות 4 אפרסק 3% 8 יח'*150 ג',תנובה מרכז שיתופי לש,IL,מאגדת 8 יופלה 3% אפר,גרמים,1200.00,100 גרם,false,,30.90,0.0257,true,1,1254524
7290004121754,false,יוגורט עוגת גבינה ותות 3% שומן 150 ג' יופלה,תנובה בעמ,IL,יוגורט ביו בטעם עוג,גרמים,150.00,100 גרם,false,,5.20,0.0347,true,1,1254525
7290004121839,false,גבינת פטה כבשים 20% 250 ג' פיראוס,תנובה מרכז שיתופי לש,IL,גבינה פטה 20% פיראוס,גרמים,250.00,100 גרם,false,,26.90,0.1076,true,1,1254526
7290004121853,false,גבינה בולגרית בקוביות %5 200 ג' פיראוס,תנובה מרכז שיתופי לש,IL,בולגרית קוביות 5% פי,גרמים,200.00,100 גרם,false,,20.90,0.1045,true,1,1254527
7290004122119,false,פתיתי פרמזן לפסטה %23 100 ג' השף הלבן,פ.פ.ח. שאביט,IL,פתיתי גבינה פרמזן 10,גרמים,100.00,100 גרם,false,,12.90,0.1290,true,1,1254530
7290004122270,false,גבינה צהובה פרוס בקופסא %28 200 ג' עמק,תנובה מרכז שיתופי לש,IL,גבינה עמק פרוס 28% ב,גרמים,200.00,100 גרם,false,,16.90,0.0845,true,1,1454361
7290004122348,false,עמק לייט 9% פרוס בקופסא,תנובה מרכז שיתופי לש,IL,גבינה עמק לייט 9% 20,גרמים,200.00,100 גרם,false,,17.90,0.0895,true,1,1254533
7290004122607,false,עמק לייט חריץ 9% תנו,תנובה מרכז שיתופי לש,,"גבינה עמק לייט ק""ג.",קילוגרמים,1.00,"ק""ג",true,,75.00,75.0000,true,1,1254535
7290004122676,false,גבינת חמד לייט 5% פיראוס 250 ג',"תנובה,מחלבת טנא נוגה",IL,גבינה חמד 5% גביע מד,גרמים,250.00,100 גרם,false,,18.90,0.0756,true,1,1254536
7290004122683,false,חטיף גבינת אצבעות 28% 172 ג' עמק,תנובה מרכז שיתופי לש,IL,אצבעות עמק 28% 172 ג,גרמים,172.00,100 גרם,false,,16.90,0.0983,true,1,1254537
7290004124205,false,יוגורט דיאט תות %0 שומן 150 ג' יופלה,תנובה מרכז שיתופי לש,IL,יופלה תות דיאט.,גרמים,150.00,100 גרם,false,,5.20,0.0347,true,1,1254545
7290004124847,false,"קצפת צמחית השף הלבן 500 מ""ל תנובה",תנובה מרכז שיתופי לש,IL,קצפת צמחית השף הלבן,מיליליטרים,500.00,"100 מ""ל",false,,15.90,0.0318,true,1,1254546
7290004125370,false,שמנת חמוצה מופחתת שומן 9%,תנובה מרכז שיתופי לש,IL,"שמנת 9% שומן 200 מ""ל",מיליליטרים,200.00,"100 מ""ל",false,,3.90,0.0195,true,1,1254548
7290004125400,false,"שלי אשל 4.5% תנובה 200מ""ל מהדרין",פארייפאבה אגרואינדוס,IL,אשל מהדרין 4.5% 200,מיליליטרים,200.00,"100 מ""ל",false,,1.65,0.0082,true,1,1254549
7290004125417,false,"שלי גיל 3% תנובה 200מ""ל מהדרין",תנובה מרכז שיתופי לש,IL,"גיל מהדרין 3% 200 מ""",מיליליטרים,200.00,"100 מ""ל",false,,1.50,0.0075,true,1,1254550
7290004125455,false,**תנובה שמנת אורגינל מהדרין 15% 200מל,תנובה מרכז שיתופי לש,IL,שמנת חמוצה מהדרין 20,מיליליטרים,200.00,"100 מ""ל",false,,2.40,0.0120,true,1,1254551
7290004125462,false,"שמנת אורגינל 15% מהדרין 500 מ""ל",תנובה מרכז שיתופי לש,IL,"שמנת חמוצה 500 מ""ל.",מיליליטרים,500.00,"100 מ""ל",false,,6.00,0.0120,true,1,1254552
7290004125509,false,"שמנת 15% חצי מנה 100 מ""ל תנובה",תנובה מרכז שיתופי לש,IL,"שמנת אורגינל 100 מ""ל",מיליליטרים,100.00,"100 מ""ל",false,,1.80,0.0180,true,1,1254553
7290004125578,false,משקה סויה מעושר בסידן תנובה 1ל',תנובה מרכז שיתופי לש,IL,משקה סויה מעושר בסיד,ליטרים,1.00,ליטר,false,,10.90,10.9000,true,1,1254554
7290004125585,false,משקה סויה וניל תנובה E אלטרנטיב,תנובה מרכז שיתופי לש,IL,משקה סויה בוקר וניל,ליטרים,1.00,ליטר,false,,11.40,11.4000,true,1,1254555
7290004125721,false,"שמנת לבישול 15% שומן 250 מ""ל תנובה",תנובה מרכז שיתופי לש,IL,שמנת לבישול 15%שומן,מיליליטרים,250.00,"100 מ""ל",false,,8.50,0.0340,true,1,1254557
7290004125738,false,שמנת מתוקה עמידה להקצפה 32% השף הלבן,תנובה מרכז שיתופי לש,IL,שמנת עמידה להקצפה 32,מיליליטרים,250.00,"100 מ""ל",false,,6.90,0.0276,true,1,1254558
7290004125776,false,גבינה צהובה 28% שומן 400 ג' עמק,קריות זול,IL,עמק פרוס בקופסא 28%,גרמים,400.00,100 גרם,false,,29.90,0.0747,true,1,1254559
7290004126674,false,פרוסות גבינה חצי קשה 9% שומן 200 ג' עמק,תנובה מרכז שיתופי לש,IL,גבינה טל עמק לייט 9%,גרמים,200.00,100 גרם,false,,19.90,0.0995,true,1,1254561
7290004126759,false,יופלה דיאט פירות יער %0 גביע 150 ג',תנובה בעמ,IL,יופלה פירות יער דיאט,גרמים,150.00,100 גרם,false,,5.20,0.0347,true,1,1254562
7290004126872,false,משקאות חלב תנובה שוקו בקבוק 250מל,קריות זול,IL,שוקו שוק בקבוק 250 מ,מיליליטרים,250.00,"100 מ""ל",false,,5.70,0.0228,true,1,1254563
7290004127077,false,קוטג' 3% שומן 250 ג' תנובה,מיוצר עי קונדיטוריית,IL,קוטג' 3% תנובה 250 ג,גרמים,250.00,100 גרם,false,,5.40,0.0216,true,1,1254564
7290004127329,false,קוטג' 5% תנובה 250ג' מהדרין,מיוצר עי קונדיטוריית,IL,קוטג' 5% תנובה מהדרי,גרמים,250.00,100 גרם,false,,5.40,0.0216,true,1,1254565
7290004127336,false,קוטג' 9% תנובה 250 ג' הדרין,מיוצר עי קונדיטוריית,IL,קוטג' 9% תנובה 250 ג,גרמים,250.00,100 גרם,false,,5.40,0.0216,true,1,1254566
7290004127800,false,גבינה לבנה 5% שומן 500 ג' תנובה,מיוצר עי קונדיטוריית,IL,גבינה למריחה 5% 500,גרמים,500.00,100 גרם,false,,9.90,0.0198,true,1,1254568
7290004127862,false,**תנובה גבינה למריחה מהדרין 5% 750ג,תנובה מרכז שיתופי לש,IL,גבינה לבנה 5% 750 גר,גרמים,750.00,100 גרם,false,,14.85,0.0198,true,1,1254570
7290004127916,false,גבינה לבנה 0.5% שומן 500 ג' תנובה,תנובה מרכז שיתופי לש,IL,גבינה למריחה 0.5% 50,גרמים,500.00,100 גרם,false,,9.90,0.0198,true,1,1254572
7290004128340,false,קרם גבינת שמנת %5 בטעם טבעי 200 ג' תנובה,קריות זול,IL,גבינת שמנת בטעם טבעי,גרמים,200.00,100 גרם,false,,11.90,0.0595,true,1,1254577
7290004128364,false,קרם גבינת שמנת 5% עם זיתים ירוקים 200 ג' תנובה,"תנובה, מחלבת תל יוסף",IL,גבינת שמנת זיתים 5%,גרמים,200.00,100 גרם,false,,11.90,0.0595,true,1,1254578
7290004128401,false,גבינת פטה כבשים במשק,תנובה,,פטה כבשים פיראוס 20%,קילוגרמים,1.00,"ק""ג",true,,109.00,109.0000,true,1,1254579
7290004129101,false,גבינת שמנת 25% בטעם טבעי 225 ג' נפוליאון,תנובה מרכז שיתופי לש,IL,גבינת נפולאון טבעי 2,גרמים,225.00,100 גרם,false,,13.90,0.0618,true,1,1254581
7290004129118,false,גבינת שמנת 24% עם זיתים ירוקים 225 ג' נפוליאון,תנובה מרכז שיתופי לש,IL,גבינת נפולאון + זתים,גרמים,225.00,100 גרם,false,,13.90,0.0618,true,1,1254582
7290004129156,false,גבינת שמנת25% עם שום שמיר 225 ג' נפוליאון,תנובה מרכז שיתופי לש,IL,גבינת נפולאון + שום,גרמים,225.00,100 גרם,false,,13.90,0.0618,true,1,1254583
7290004129545,false,גבינה לבנה 3% שומן 250 ג' תנובה,מחלבת אלון תבור,IL,גבינה לבנה 3% 250 גר,גרמים,250.00,100 גרם,false,,4.95,0.0198,true,1,1254584
7290004129736,false,יוגורט במתיקות מעודנת 1.5% שומן 200 ג' יופלה,תנובה מרכז שיתופי לש,IL,יופלה לבן תנובה 200,גרמים,200.00,100 גרם,false,,4.50,0.0225,true,1,1254588
7290004130695,false,משקאות חלב תנובה אייס קפה בבקבוק 1ל,תנובה מרכז שיתופי לש,IL,שוקו אייס קפה בבקבוק,ליטרים,1.00,ליטר,false,,12.90,12.9000,true,1,1254591
7290004130916,false,יוגורט 3% פירות יער בשמנת 150 ג' יופלה,תנובה מרכז שיתופי לש,IL,יופלה 3% פירות יער ב,גרמים,150.00,100 גרם,false,,5.20,0.0347,true,1,1254593
7290004131074,false,**חלב תנובה טרי מהדרין קרטון 3% 1ל,תנובה מרכז שיתופי לש,IL,חלב 3% שומן מהדרין ק,ליטרים,1.00,ליטר,false,,6.20,6.2000,true,1,1254595
7290004131227,false,גבינה לבנה 3% שומן 500 ג' תנובה,תנובה מרכז שיתופי לש,IL,גבינה למריחה 3% 500,גרמים,500.00,100 גרם,false,,9.90,0.0198,true,1,1254598
7290004131456,false,יוגורט ביו 1.5% שומן 200 ג' יופלה,מיוצר עי קונדיטוריית,IL,יופלה לבן חלב תנובה,גרמים,200.00,100 גרם,false,,3.90,0.0195,true,1,1254601
7290004131814,false,גבינה צפתית 5% מעודנת 200 ג' פיראוס,פארייפאבה אגרואינדוס,IL,צפתית 5% מעודנת פירא,גרמים,200.00,100 גרם,false,,14.90,0.0745,true,1,1254604
7290004132552,false,משקה סויה לייט בטעם טבעי טרי 1 ליטר,תנובה מרכז שיתופי לש,IL,משקה סויה בוקר לייט,ליטרים,1.00,ליטר,false,,11.40,11.4000,true,1,1254609
7290004132606,false,מאגדת קרלו מיני וניל 8 יח' *100ג' מהדרין,תנובה מרכז שיתופי לש,,מאגדת 8 יח קרלו מיני,גרמים,800.00,100 גרם,false,,14.50,0.0181,true,1,1254610
7290004132712,false,חטיף אצבעות גבינת מוצרלה 20% 172 ג' עמק,תנובה מרכז שיתופי לש,IL,אצבעות עמק מוצרלה 17,גרמים,174.00,100 גרם,false,,16.90,0.0971,true,1,1254612
7290004132903,false,**תנובה גבינה לבנה בדץ 3% 250ג,תנובה מרכז שיתופי לש,IL,"גבינה לבנה 3% בד""צ 2",גרמים,250.00,100 גרם,false,,4.95,0.0198,true,1,1254613
7290004133511,false,יופלה מאגדת לבן 1.5% מעודן 8 יח' * 150 ג',מחלבת אלון תבור,IL,מארז 8 יופלה לבן 1.5,גרמים,1200.00,100 גרם,false,,20.90,0.0174,true,1,1254617
7290004134945,false,יוגורט מוקה 3% שומן 150 ג' יופלה,תנובה מרכז שיתופי לש,IL,יופלה מוקה 3%.,גרמים,150.00,100 גרם,false,,5.20,0.0347,true,1,1254623
7290004135058,false,מאגדת קרלו מיני שוקולד 8 יח' * 100 ג',תנובה מרכז שיתופי לש,IL,מאגדת 8 יח קרלו מיני,גרמים,800.00,100 גרם,false,,14.50,0.0181,true,1,1254625
7290004135225,false,מעדן תנובה דיאט שוקולדה 0% 150מל,תנובה מרכז שיתופי לש,IL,מעדן דיאט שוקולדה 0%,גרמים,150.00,100 גרם,false,,4.20,0.0280,true,1,1254629
7290004135324,false,גבינה בולגרית מעודנת,תנובה מרכז שיתופי לש,,גבינה בולגרית 5% מעו,קילוגרמים,1.00,"ק""ג",true,,45.00,45.0000,true,1,1254631
7290004136291,false,צפתית 5% מעודנת תנוב,,,צפתית 5% מעודנת תנוב,קילוגרמים,1.00,"ק""ג",true,,55.00,55.0000,true,1,1254642
7290004136598,false,מארז הפסקת אוכל עם קורנפלקס ומשקה חלב עמיד בטעם וניל,פארייפאבה אגרואינדוס,IL,מארז הפסקת אוכל.,מיליליטרים,150.00,"100 מ""ל",false,,8.90,0.0593,true,1,1254645
7290004136857,false,מעדן גלי בטעם פטל 12,תנובה מרכז שיתופי לש,IL,ג'לי פטל תנובה.,מיליליטרים,125.00,"100 מ""ל",false,,2.50,0.0200,true,1,1254647
7290004136864,false,ג'לי תנובה אננס עם חתיכות אננס 125מל,קריות זול,IL,ג'לי אננס + חתיכות א,מיליליטרים,125.00,"100 מ""ל",false,,2.90,0.0232,true,1,1254648
7290004136871,false,ג'לי תנובה אפרסק עם חתיכות אפרסק 125מל,תנובה מרכז שיתופי לש,IL,ג'לי אננס + חתיכות א,מיליליטרים,125.00,"100 מ""ל",false,,2.90,0.0232,true,1,1254649
7290004137021,false,"שמנת לבישול 10% עמיד השף הלבן 250 מ""ל",תנובה מרכז שיתופי לש,IL,שמנת לבישול 10% שומן,מיליליטרים,250.00,"100 מ""ל",false,,8.50,0.0340,true,1,1254650
7290004137311,false,עמק לייט משפחתית 9% 400ג-ועדת מהדרין,תנובה,IL,עמק לייט משפחתית 9%,גרמים,400.00,100 גרם,false,,31.90,0.0797,true,1,1254652
7290004137809,false,לאבנה 5% שומן 250 ג' פיראוס,"תנובה, מחלבת אלון תב",IL,לאבנה 5% פיראוס 250,גרמים,250.00,100 גרם,false,,12.90,0.0516,true,1,1254653
7290004146986,false,"נקה 7 - שמפו צבוע כתום 750 מ""ל",אמיליה קוסמטיקס,IL,שמפו נקה 7 שיער צבוע750מ,מיליליטרים,750.00,"100 מ""ל",false,,11.90,0.0159,true,1,1258447
7290004147020,false,ליפה לגוף,איסן,JP,גיישנית ליפה יפאנית,יחידה,0.00,יחידה,false,,19.90,0.0000,true,1,1226373
7290004147150,false,רצועות מסג לרחצה,מיה טריידינג,CN,ליפה גב / כפפה / וספוג י,00000000000000000000,0.00,00000000000000000000,false,,9.90,0.0000,true,1,1226376
7290004147266,false,רפידות פחם,מיה טריידינג,CN,רפידות פחם,יח',2.00,יח',false,,9.90,4.9500,true,1,1226379
7290004147280,false,כביסון,מיה טריידינג,CN,כביסון 50 / 70,יח',1.00,יח',false,,9.90,9.9000,true,1,1226381
7290004147334,false,סוגרן שקיות מזון,מיה טריידינג,CN,סוגרן שקיות,יח',5.00,יח',false,,8.90,1.7800,true,1,1226384
7290004150112,false,חומוס מזרחי 300 גרם פיקנטי פרימיום,סלטי שמיר 2006 בעמ,,חומוס מזרחי 300 גרם,יחידה,0.00,יחידה,false,,14.90,0.0000,true,1,2272716
7290004150129,false,טחינה 300 גרם פיקנטי פרימיום,,,טחינה 300 גרם פיקנטי,יחידה,0.00,יחידה,false,,14.90,0.0000,true,1,2272717
7290004150136,false,חציל על האש 300 גרם פיקנטי פרימיום,,,חציל על האש 300 גרם,יחידה,0.00,יחידה,false,,14.90,0.0000,true,1,2272718
7290004150143,false,חציל במיונז 300 גרם פיקנטי פרימיום,,,חציל במיונז 300 גרם,יחידה,0.00,יחידה,false,,14.90,0.0000,true,1,2272719
7290004150150,false,חציל בטחינה 300 גרם פיקנטי פרימיום,,,חציל בטחינה 300 גרם,יחידה,0.00,יחידה,false,,14.90,0.0000,true,1,2272720
7290004150167,false,"תפו""א במיונז 300 גרם פיקנטי פרימיום",,,"תפו""א במיונז 300 גרם",יחידה,0.00,יחידה,false,,14.90,0.0000,true,1,2272721
7290004150181,false,חמוצים סיני 300 גרם פיקנטי פרימיום,סלטי שמיר 2006 בעמ,,חמוצים סיני 300 גרם,יחידה,0.00,יחידה,false,,14.90,0.0000,true,1,2272723
7290004150198,false,סלק מגורד 300 גרם פיקנטי פרימיום,,,סלק מגורד 300 גרם פי,יחידה,0.00,יחידה,false,,14.90,0.0000,true,1,2272724
7290004150204,false,מטבוחה 300 גרם פיקנטי פרימיום,,,מטבוחה 300 גרם פיקנט,יחידה,0.00,יחידה,false,,14.90,0.0000,true,1,2272725
7290004150211,false,תורכי איסטנבול 300 גרם פיקנטי פרימיום,,,תורכי איסטנבול 300 ג,יחידה,0.00,יחידה,false,,14.90,0.0000,true,1,2272726
7290004150235,false,חומוס עם חריף 300 גרם פיקנטי פרימיום,,,חומוס עם חריף 300 גר,יחידה,0.00,יחידה,false,,14.90,0.0000,true,1,2272728
7290004194185,false,עוף קפוא מס' 2 בשקית מחפוד,,,עוף מס 2 מחפוד,קילוגרמים,1.00,"ק""ג",true,,24.90,24.9000,true,1,1238930
7290004194208,false,כרעיים עוף חלק רב מחפוד קפוא,,,כרעיים עוף מחפוד,קילוגרמים,1.00,"ק""ג",true,,34.90,34.9000,true,1,1238932
7290004199074,false,סאני פלסטר אינטרסן 5,סאני פלסטר,,פלסטרים,יח',50.00,יח',false,,5.90,0.1180,true,1,1237801
7290004199166,false,כפפות לאטקס 100 יח' EASY TOUCH- S,הדקלאים אגודת שיתופי,TH,כפפות לאטקס S,יח',100.00,יח',false,,21.90,0.2190,true,1,1237804
7290004199173,false,כפפות לאטקס 80 יח' EASY TOUCH-M,הדקלאים אגודת שיתופי,TH,כפפות לאטקס M,יח',100.00,יח',false,,21.90,0.2190,true,1,1237805
7290004199180,false,כפפות לאטקס 100 יח' EASY TOUCH- L,הדקלאים אגודת שיתופי,TH,כפפות לאטקס L,יח',100.00,יח',false,,21.90,0.2190,true,1,1237806
7290004199203,false,קיסמ' שיניים מבמבוק מלחיה 300 יח',הדקלאים אגודת שיתופי,CN,קיסמי שיניים עץ 300,יח',300.00,יח',false,,3.50,0.0117,true,1,1237807
7290004199234,false,כפפות לאטקס 100 יח' EASY TOUCH- XL,איזי טאצ',TH,כפפות לאטקס XL,יחידה,0.00,יחידה,false,,21.90,0.0000,true,1,1237808
7290004199579,false,פלסטר מעורב 100 יח' - SUNNY PLASTER,הדקלאים אגודת שיתופי,CN,פלסטר 100 יחידות מעו,יח',100.00,יח',false,,7.90,0.0790,true,1,1237812
7290004199777,false,צימרוני אוז' פל' בכוס 300 יח',כוטון סופט,,צימרונים לאוזנים 300,יח',300.00,יח',false,,6.90,0.0230,true,1,1237813
7290004199784,false,כפפות S לטקס עם איבוק עדין 100 יח- SAFE TOUCH,,TH,כפפות לאטקס S,יח',100.00,יח',false,,29.90,0.2990,true,1,1237814
7290004199791,false,כפפות M לטקס עם איבוק עדין 100 יח- SAFE TOUCH,סייף טאצ,TH,כפפות לאטקס M,יח',100.00,יח',false,,29.90,0.2990,true,1,2155546
7290004199807,false,כפפות L לטקס עם איבוק עדין 100 יח- SAFE TOUCH,סייף טאצ,TH,כפפות לאטקס L,יח',100.00,יח',false,,29.90,0.2990,true,1,1237816
7290004219079,false,לבבות דקל פרוסות ויליפוד400 גר',אלימנטוס אי קונסרבס,EC,לבבות דקל חתוך 400גרם,גרמים,400.00,100 גרם,false,,10.90,0.0273,true,1,1226514
7290004219277,false,וילי פוד אנשובי ארוך בדץ 80ג,קונסרבאס פרדו,ES,אנשובי ארוך בצנצנת 80גרם,גרמים,78.00,100 גרם,false,,9.90,0.1269,true,1,1226515
7290004219284,false,וילי פוד אנשובי עגול בדץ 80ג,קונסרבאס פרדו,IT,אנשובי עגול בצנצנת 80גרם(,גרמים,78.00,100 גרם,false,,9.90,0.1269,true,1,1226516
7290004225285,false,גבינה בסגנון דנאבלו 100 ג',האי נאם סי או אל.טי.,DK,בסגנון דנאבלו 100 גר,גרמים,100.00,100 גרם,false,,12.90,0.1290,true,1,1244771
7290004228804,false,עלי סיגרים ואגרול 3האופים 450 ג',,,עלי סיגר,גרמים,450.00,100 גרם,false,,13.90,0.0309,true,1,2138601
7290004229870,false,שלושת האופים בורקס פטריות 800 גרם,אופרה,,בורקס פטריות,גרמים,800.00,100 גרם,false,,14.90,0.0186,true,1,2076531
7290004230326,false,שגב מקלות פילו תפוחי עץ 600 גר',שגמור,IL,שטרודל פילו שגב,גרמים,600.00,100 גרם,false,,16.90,0.0282,true,1,1244772
7290004230333,false,"בורקס מקלות פילו תפו""א שגב 600ג'",האי נאם סי או אל.טי.,IL,"מקלות פילו תפו""א שגב",גרמים,600.00,100 גרם,false,,15.90,0.0265,true,1,1244773
7290004230371,false,מקלות בורקס פילו פיצה 600 גרם לנדא,שגמור,IL,מקלות פילו פיצה שגב,גרמים,600.00,100 גרם,false,,15.90,0.0265,true,1,1244777
7290004255237,false,נר נשמה 48 שעות רבני,מנורה,IL,"נרות נשמה צדיקים , דולקים",יח',1.00,יח',false,,7.90,7.9000,true,1,1266189
7290004255305,false,נר נשמה שבועי בפלסטיק,,,נר נשמה 7 ימים בפלסט,יחידה,0.00,יחידה,false,,8.90,0.0000,true,1,2135112
7290004255343,false,נרונים 72מנורה 4 שעות,קריות זול,IL,"נריות 72 יחידות , דולקים",יח',72.00,יח',false,,19.90,0.2764,true,1,1266190
7290004255367,false,נריות לכוסיות 63 יחי,מנורה,IL,"נריות 63 יחידות , דולקים",יח',63.00,יח',false,,22.90,0.3635,true,1,1266191
7290004255381,false,להבונים 50 יח' 6 שעות,,,נרות חימום 50 בשקית,יח',50.00,יח',false,,16.90,0.3380,true,1,2239961
7290004255619,false,נרות חימום 100 יחידו,מנורה,IL,נרות חימום מנורה 100 יחיד,יח',100.00,יח',false,,19.90,0.1990,true,1,1266194
7290004256753,false,עלי סיגר מרוקאי לפסטילה 450 גר',סטאר סנקס,IL,עלי סיגר,גרמים,450.00,100 גרם,false,,13.90,0.0309,true,1,2209959
7290004324605,false,"גבינת מון בלאן רוקפור 7%, 120 ג'",האי נאם סי או אל.טי.,IL,גבינת מון בלאן רוקפור 120,גרמים,120.00,100 גרם,false,,9.90,0.0825,true,1,1244780
7290004329266,false,עוף ללא עצמות,,,עוף ללא עצמות,קילוגרמים,1.00,"ק""ג",true,,49.90,49.9000,true,1,1258068
7290004329495,false,גרון עוף,,,גרון עוף,קילוגרמים,1.00,"ק""ג",true,,4.90,4.9000,true,1,1258069
7290004329501,false,גרון הודו,,,גרון הודו,קילוגרמים,1.00,"ק""ג",true,,24.90,24.9000,true,1,1258070
7290004329587,false,לבבות הודו טרי,,,לבבות הודו טרי,קילוגרמים,1.00,"ק""ג",true,,29.90,29.9000,true,1,1258073
7290004329594,false,קורקבן הודו טרי,,,קורקבן הודו טרי,קילוגרמים,1.00,"ק""ג",true,,7.90,7.9000,true,1,1258074
7290004329600,false,כבד הודו,,,כבד הודו,קילוגרמים,1.00,"ק""ג",true,,29.90,29.9000,true,1,1258075
7290004329617,false,אשכי הודו,,,אשכי הודו,קילוגרמים,1.00,"ק""ג",true,,149.00,149.0000,true,1,1258076
7290004329624,false,שוקיים הודו טרי,,,שוקיים הודו טרי,קילוגרמים,1.00,"ק""ג",true,,24.90,24.9000,true,1,1258077
7290004329631,false,כנפיים הודו טרי,,,כנפיים הודו טרי,קילוגרמים,1.00,"ק""ג",true,,14.90,14.9000,true,1,1258078
7290004329655,false,חזה הודו,,,חזה הודו,קילוגרמים,1.00,"ק""ג",true,,34.90,34.9000,true,1,1258079
7290004329662,false,בשר הודו אדום,,,בשר הודו אדום,קילוגרמים,1.00,"ק""ג",true,,59.90,59.9000,true,1,1258080
7290004329679,false,שווארמה הודו,,,שווארמה הודו,קילוגרמים,1.00,"ק""ג",true,,69.90,69.9000,true,1,1258081
7290004329693,false,טחול עוף,,,טחול עוף,קילוגרמים,1.00,"ק""ג",true,,49.90,49.9000,true,1,1258082
7290004329716,false,לבבות עוף,,,לבבות עוף,קילוגרמים,1.00,"ק""ג",true,,29.90,29.9000,true,1,1258084
7290004329723,false,כבד עוף טרי,,,כבד עוף טרי,קילוגרמים,1.00,"ק""ג",true,,24.90,24.9000,true,1,1258085
7290004329730,false,חזה עוף שלם,,,חזה עוף שלם,קילוגרמים,1.00,"ק""ג",true,,34.90,34.9000,true,1,1258086
7290004329747,false,כנפיים עוף,,,כנפיים עוף,קילוגרמים,1.00,"ק""ג",true,,9.90,9.9000,true,1,1258087
7290004329754,false,שוקיים עוף טרי,,,שוקיים עוף טרי,קילוגרמים,1.00,"ק""ג",true,,29.90,29.9000,true,1,1258088
7290004329761,false,ירכיים עוף טרי,,,ירכיים עוף טרי,קילוגרמים,1.00,"ק""ג",true,,29.90,29.9000,true,1,1258089
7290004329778,false,כרעיים עוף,,,כרעיים עוף,קילוגרמים,1.00,"ק""ג",true,,29.90,29.9000,true,1,1258090
7290004329808,false,כתף עגל טרי,,,כתף עגל טרי,קילוגרמים,1.00,"ק""ג",true,,69.00,69.0000,true,1,1258093
7290004329860,false,אסאדו עם עצם,,,אסאדו עם עצם,קילוגרמים,1.00,"ק""ג",true,,59.90,59.9000,true,1,1258098
7290004339463,false,סטייקים מן הצומח,,,סטייקים מן הצומח,גרמים,300.00,100 גרם,false,,17.90,0.0597,true,1,2239868
7290004339630,false,סייטן טבעי טבע דלי 3,טבע דלי,IL,סייטן בסגנון טבעי,גרמים,350.00,100 גרם,false,,19.90,0.0569,true,1,1244522
7290004339692,false,סייטן קפוא ביתי טבע,טבע דלי,IL,"גוש סייטן טבעי (""עוף"", מק",גרמים,500.00,100 גרם,false,,17.90,0.0358,true,1,1244528
7290004339784,false,בורגר על האש טבע דלי,טבע דלי,IL,"המבורגר מהצומח, קציצה על",גרמים,400.00,100 גרם,false,,24.90,0.0622,true,1,1244531
7290004339807,false,המבורגר כוסמת 400 גר,טבע דלי בעמ,IL,"בורגר צמחוני כוסמת, שעועי",גרמים,400.00,100 גרם,false,,24.90,0.0622,true,1,1244532
7290004339838,false,קבב מהצומח.,טבע דלי,IL,קבב סייטן מהצומח,גרמים,350.00,100 גרם,false,,25.90,0.0740,true,1,1244534
7290004339937,false,סייטן אמרנט רצועות ב,,,סייטן אמרנט רצועות ב,גרמים,350.00,100 גרם,false,,24.90,0.0711,true,1,1347560
7290004351199,false,נקסקר מיקרופור '0.5,,,נקסקר מיקרופור '0.5,מטרים,9.10,מטר,false,,14.90,1.6374,true,1,2260133
7290004456023,false,הודו נקבה שלם,,,הודו נקבה שלם,קילוגרמים,1.00,"ק""ג",true,,24.90,24.9000,true,1,1258099
7290004456061,false,כבד עגל טרי,,,כבד עגל טרי,קילוגרמים,1.00,"ק""ג",true,,24.90,24.9000,true,1,1258101
7290004456078,false,"חזה בקר ע""ע טרי",,,"חזה בקר ע""ע טרי",קילוגרמים,1.00,"ק""ג",true,,49.90,49.9000,true,1,1258102
7290004456085,false,סטייק אנטריקוט עם עצ,,,סטייק אנטריקוט עם עצ,קילוגרמים,1.00,"ק""ג",true,,99.00,99.0000,true,1,1258103
7290004456801,false,פרגיות עוף שלם טרי,,,פרגיות עוף שלם טרי,קילוגרמים,1.00,"ק""ג",true,,59.90,59.9000,true,1,1258108
7290004456931,false,עוף טרי מפורק,,,עוף טרי מפורק,קילוגרמים,1.00,"ק""ג",true,,24.90,24.9000,true,1,1258110
7290004464851,false,M.N.U קרם גוף 400 סמ'ק,,,קרם גוף מידנייט,מיליליטרים,400.00,"100 מ""ל",false,,25.90,0.0647,true,1,1243052
7290004470401,false,כוס פלסטיק 330 תמה,,,כוס פלסטיק 330 תמה,יחידה,0.00,יחידה,false,,2.90,0.0000,true,1,2229784
7290004480219,false,צדר גד לקג,מחלבות גד,IL,צ'דר,קילוגרמים,1.00,"ק""ג",true,,119.00,119.0000,true,1,2250595
7290004480332,false,גבינה גאודה קשה מחלב,מחלבות גד,IL,גבינה גאודה קשה מחלב,קילוגרמים,1.00,"ק""ג",true,,110.00,110.0000,true,1,2251896
7290004480349,false,גבינה גאודה עיזים מש,מחלבת גד,IL,גבינה גאודה עיזים מש,קילוגרמים,1.00,"ק""ג",true,,129.00,129.0000,true,1,2251897
7290004485191,false,עוף טבעי שלם במגש,,,עוף טבעי שלם במגש,קילוגרמים,1.00,"ק""ג",true,,29.90,29.9000,true,1,1244781
7290004485207,false,חזה עוף טבעי במגש,,,חזה עוף טבעי במגש,קילוגרמים,1.00,"ק""ג",true,,44.90,44.9000,true,1,1244782
7290004485214,false,פילה עוף טבעי במגש,,,פילה עוף טבעי במגש,קילוגרמים,1.00,"ק""ג",true,,49.90,49.9000,true,1,1244783
7290004485221,false,שניצל עוף טבעי במגש,,,שניצל עוף טבעי במגש,קילוגרמים,1.00,"ק""ג",true,,49.90,49.9000,true,1,1244784
7290004485238,false,סטייק פרגית עוף טבעי,,,סטייק פרגית עוף טבעי,קילוגרמים,1.00,"ק""ג",true,,74.90,74.9000,true,1,1244785
7290004485245,false,כרעיים עוף טבעי במגש,שי שירן,,כרעיים עוף טבעי במגש,קילוגרמים,1.00,"ק""ג",true,,39.90,39.9000,true,1,1244786
7290004485252,false,שוקיים עוף טבעי במגש,,,שוקיים עוף טבעי במגש,קילוגרמים,1.00,"ק""ג",true,,44.90,44.9000,true,1,1244787
7290004485269,false,ירכיים עוף טבעי במגש,,,ירכיים עוף טבעי במגש,קילוגרמים,1.00,"ק""ג",true,,34.90,34.9000,true,1,1244788
7290004485276,false,כנפיים עוף טבעי במגש,שי שירן,,כנפיים עוף טבעי במגש,קילוגרמים,1.00,"ק""ג",true,,14.90,14.9000,true,1,1244789
7290004494063,false,יין דלתון פטיט סירה,דלתון,,יין דלתון,מיליליטרים,750.00,"100 מ""ל",false,,59.90,0.0799,true,1,1286586
7290004494117,false,יין כנען דלתון לבן 7,ייקבי דלתון,,יין דלתון כנען לבן,מיליליטרים,750.00,"100 מ""ל",false,,39.90,0.0532,true,1,1326744
7290004494131,false,יין דלתון קברנה סוביניון גליל,"איי, בי, אינבוו",IL,יין דלתון קברנה סובי,מיליליטרים,750.00,"100 מ""ל",false,,59.90,0.0799,true,1,2266780
7290004494148,false,יין דלתון מרלו גליל,"איי, בי, אינבוו",IL,יין דלתון מרלו D,מיליליטרים,750.00,"100 מ""ל",false,,59.90,0.0799,true,1,1286589
7290004494179,false,יין דלתון שרדונה 750,"איי, בי, אינבוו",IL,יין דלתון שרדונה D,מיליליטרים,750.00,"100 מ""ל",false,,59.90,0.0799,true,1,1286590
7290004494315,false,יין דלתון מוסקט 750,דלתון,,יין דלתון מוסקאטו,מיליליטרים,750.00,"100 מ""ל",false,,39.90,0.0532,true,1,1286600
7290004494353,false,יין דלתון עלמה לבן 2,יקב דלתון בעמ,IL,יין דלתון עלמה,מיליליטרים,750.00,"100 מ""ל",false,,79.90,0.1065,true,1,1286602
7290004494377,false,יין דלתון שיראז גליל,"איי, בי, אינבוו",IL,יין דלתון שיראז D,מיליליטרים,750.00,"100 מ""ל",false,,59.90,0.0799,true,1,1286592
7290004494599,false,יין דלתון עלמה בורדו,דלתון,IL,יין דלתון עלמה בורדו,מיליליטרים,750.00,"100 מ""ל",false,,79.90,0.1065,true,1,1286604
7290004494919,false,כנען אדום קברנה שירא,דלתון,IL,יין דלתון שיראז,מיליליטרים,750.00,"100 מ""ל",false,,39.90,0.0532,true,1,1318315
7290004502690,false,וודקה פילנדיה 1 ליטר,,,פינלנדיה 1 ליטר.,ליטרים,1.00,ליטר,false,,94.90,94.9000,true,1,2237305
7290004502690,false,וודקה פילנדיה 1 ליטר,,,פינלנדיה 1 ליטר,מיליליטרים,1000.00,"100 מ""ל",false,,89.90,0.0899,true,1,2186337
7290004532024,false,פיצוחי הטיב חמניה קלוף טבעי 200ג בשקית,דין שיווק,,גרעיני חמניה קלוף 20,גרמים,200.00,100 גרם,false,,5.90,0.0295,true,1,1249463
7290004532062,false,הטיב גרעיני אבטיח 200ג בשקית,דין שיווק,,גרעיני אבטיח 200 גרם,גרמים,200.00,100 גרם,false,,11.90,0.0595,true,1,1249466
7290004532147,false,הטיב קבוקים 200ג בשקית,"גיי אנג גי פקאנס בע""",IL,קבוקים 200 גרם.,גרמים,200.00,100 גרם,false,,4.90,0.0245,true,1,1249474
7290004532277,false,צימוקים בהירים הטיב,"גיי אנג גי פקאנס בע""",IL,צמוק לבן ג'מבו 200 ג,גרמים,200.00,100 גרם,false,,9.90,0.0495,true,1,1249483
7290004532369,false,"מנצ""יס פיקנטי הטיב 1","גיי אנג גי פקאנס בע""",IL,חטיף מנצ'יס 180 גרם.,גרמים,180.00,100 גרם,false,,7.90,0.0439,true,1,1249488
7290004532574,false,הטיב גרעין שחור 200ג בשקית,"גיי אנג גי פקאנס בע""",IL,גרעינים שחורים 200 ג,גרמים,200.00,100 גרם,false,,4.90,0.0245,true,1,1249494
7290004532581,false,הטיב בוטנים קלויים 200ג בשקית,g&g,,בוטנים קלוי 200 גרם,גרמים,200.00,100 גרם,false,,6.90,0.0345,true,1,1249495
7290004536336,false,רפיל ספירה דוחה יתושים 45 לילות,זובלה,IT,רפיל נוזל להרחקת יתושים ל,מיליליטרים,35.00,"100 מ""ל",false,,19.90,0.5686,true,1,1260359
7290004544539,false,לחמניית סנדבייץ ללא,,,לחמניית סנדבייץ ללא,"י""ח",6.00,"י""ח",false,,17.90,2.9833,true,1,2279044
7290004544546,false,שליש בגט ללא גולטן,,,שליש בגט ללא גולטן,"י""ח",4.00,"י""ח",false,,17.90,4.4750,true,1,2279045
7290004544553,false,לחמניה המבורגר,,,לחמניה המבורגר,"י""ח",4.00,"י""ח",false,,17.90,4.4750,true,1,2279046
7290004544577,false,מאפים בסיס לפיצה ללא,מאפיית אריאל,IL,בסיס אפוי לפיצה ללא,"י""ח",2.00,"י""ח",false,,22.90,11.4500,true,1,2279048
7290004549350,false,גרעיני חמניה ששון הק,דין שיווק,,גרעין שחור קלוי 400,גרמים,400.00,100 גרם,false,,8.90,0.0223,true,1,1242856
7290004584306,false,רבעיית גמדים בטעם תות בננה * 100 ג' שטראוס,מיוצר עי קונדיטוריית,IL,4 גמדים תות בננה,גרמים,400.00,100 גרם,false,,11.90,0.0298,true,1,1256196
7290004584351,false,גבינה במרקם שמנת 5% טבעי 200 ג' סימפוניה,"שטראוס בריאות בע""מ",IL,סימפ' החמישית,גרמים,200.00,100 גרם,false,,10.90,0.0545,true,1,1256197
7290004584528,false,דנונה ביו יוגורט טבעי 1.5% 200 ג',מיוצר עי קונדיטוריית,IL,"דנונה ביו טבעי 1.5%, 200",גרמים,200.00,100 גרם,false,,3.50,0.0175,true,1,1256198
7290004585907,false,דני ועדן וניל 1.5% 125ג' שטראוס,מיוצר עי קונדיטוריית,IL,דני וניל,גרמים,125.00,100 גרם,false,,2.70,0.0216,true,1,1256199
7290004603175,false,מלח הארץ מלחייה גס 500 גרם,תעשיות מלח לישראל,IL,מלח הים האדום גס 500 גרם,גרמים,500.00,100 גרם,false,,7.90,0.0158,true,1,1253834
7290004639006,false,קוסקוס טוניסאי קפוא,,,קוסקוס טוניסאי 800 ג,גרמים,800.00,100 גרם,false,,14.90,0.0186,true,1,1268069
7290004652401,false,ג'חנון ללא מרגרינה שגב 650 גר' לנדא,שף שגב,,"ג""חנון ללא מרגרינה 6",גרמים,650.00,100 גרם,false,,19.90,0.0306,true,1,2229542
7290004652418,false,"מיני ג""חנון ללא מרגר",,,"מיני ג""חנון ללא מרגר",גרמים,650.00,100 גרם,false,,19.90,0.0306,true,1,2229543
7290004658809,false,יין קדמון אדום,,,יין קדמון אדום,מיליליטרים,750.00,"100 מ""ל",false,,39.90,0.0532,true,1,1226058
7290004658953,false,סובניון בלאן לבן יבש,"כד בני דרום בע""מ",IL,יין סוביניון בלאן,מיליליטרים,750.00,"100 מ""ל",false,,38.90,0.0519,true,1,1226060
7290004658960,false,אמרלד ריזלינג לבן חצי יבש,אגודת הכורמים הקואופ,IL,יין אמרלד ריזלינג,מיליליטרים,750.00,"100 מ""ל",false,,38.90,0.0519,true,1,1226061
7290004685010,false,לחם 100% שיפון פלוס לחם הארץ 500 גר',מאפית י את א ברמן בע,IL,לחם קל שיפון 100%,גרמים,500.00,100 גרם,false,,15.50,0.0310,true,1,1422211
7290004685027,false,ברמן לחם הארץ מחיטה מלאה קל 500גר,מאפית י את א ברמן בע,IL,לחם קל מחיטה מלאה,גרמים,500.00,100 גרם,false,,15.90,0.0318,true,1,1422212
7290004685089,false,לחם הארץ לחם חמניות 500 גר',מאפית י את א ברמן בע,IL,לחם חמניות,גרמים,500.00,100 גרם,false,,15.90,0.0318,true,1,1422259
7290004685126,false,לחם פומפרניקל לחם הארץ 750 גרם,מאפית י את א ברמן בע,IL,לחם הארץ 5 דגנים 750,גרמים,750.00,100 גרם,false,,14.90,0.0199,true,1,1242755
7290004685157,false,לחם שיפון 100% 750 גרם לחם הארץ,מאפית י את א ברמן בע,IL,לחם הארץ שיפון 750 ג,גרמים,750.00,100 גרם,false,,15.50,0.0207,true,1,1242758
7290004685195,false,לחם 10 דגנים לחם הארץ 750 גרם,מאפית י את א ברמן בע,IL,לחם הארץ 10 דגנים 75,גרמים,750.00,100 גרם,false,,15.50,0.0207,true,1,1242760
7290004685225,false,לחם פומפרניקל לחם הארץ 750 גרם,מאפית י את א ברמן בע,IL,לחם הארץ שיפון פומפר,גרמים,750.00,100 גרם,false,,15.50,0.0207,true,1,1242762
7290004685430,false,לחם כוסמין לחם הארץ,מאפית י את א ברמן בע,IL,לחם כוסמין 100%,גרמים,500.00,100 גרם,false,,15.50,0.0310,true,1,1461711
7290004685447,false,לחמניות כוסמין 6 יחי' 450 גר',מאפית י את א ברמן בע,IL,לחמניות כוסמין 6 יח,גרמים,450.00,100 גרם,false,,13.90,0.0309,true,1,2130305
7290004731076,false,אל סבון אלוורה כיף 1 ל',טרופיקל דגיל תעשיות,IL,אל סבון כיף אלוורה 1ליטר,ליטרים,1.00,ליטר,false,,10.90,10.9000,true,1,1235492
7290004731083,false,כיף - סבון ידיים ג'ינסנג 1 ליטר,טרופיקל דגיל תעשיות,IL,אל סבון כיף ג'ינסנג1ליטר,ליטרים,1.00,ליטר,false,,10.90,10.9000,true,1,1235493
7290004731090,false,אל סבון קמומיל כיף 1 ל',קוסמופארם,IL,אל סבון כיף קמומיל 1ליטר,ליטרים,1.00,ליטר,false,,10.90,10.9000,true,1,1235494
7290004731410,false,סנו סושי כרית קרצוף ירוק שלישיה,קריות זול,IL,סנו סושי3כרית קרצוף ירוק,יח',3.00,יח',false,,9.90,3.3000,true,1,1235506
7290004731519,false,"מרכך ומבשם מקסימה למייבש אולטרה פרש 750 מ""ל סנו",קריות זול,IL,מקסימה למייבש סנסטיב750מ,מיליליטרים,750.00,"100 מ""ל",false,,19.90,0.0265,true,1,1235508
7290004731557,false,"סנו מקסימה למייבש מאסק 750 מ""ל",סנו,IL,מקסימה למייבש מאסק 750מל,מיליליטרים,750.00,"100 מ""ל",false,,19.90,0.0265,true,1,1235509
7290004731564,false,"סנו - מקסימה מרסס למייבש כביסה פריחה כחולה 750 מ""ל",סנו,IL,מרסס למייבש כביסה סנ,מיליליטרים,750.00,"100 מ""ל",false,,19.90,0.0265,true,1,1571626
7290004731670,false,"סנו דואופרש פצ'ולי לבנדר 300 מ""ל","סנו מפעלי ברונוס בע""",IL,דואו פרש פצ'ולי לבנדר300,מיליליטרים,300.00,"100 מ""ל",false,,12.90,0.0430,true,1,1235511
7290004731687,false,"סנו דואופרש וניל 300 מ""ל",קריות זול,IL,דואו פרש וניל למון 300מל,מיליליטרים,300.00,"100 מ""ל",false,,12.90,0.0430,true,1,1283507
7290004731984,false,אורביטול משחת שיניים 145 ג' Go White,קוסמופארם,IL,משחת שיניים אורביטול,גרמים,145.00,100 גרם,false,,9.90,0.0683,true,1,2160414
7290004737443,false,קוקטייל פירות 820 גר,ג'יאנגסו יואהו פוד ק,CN,קוקטייל פירות 820גרם,גרמים,820.00,100 גרם,false,,10.90,0.0133,true,1,1226519
7290004737719,false,אספרגוס שלם בצנצנת 330 ג' ולי פוד,קריות זול,CN,אספרגוס שלם מקולף בצנצ' 3,גרמים,330.00,100 גרם,false,,10.90,0.0330,true,1,1226520
7290004737900,false,וילי פוד חלב מרוכז ממותק397ג,יו.איי.בי מאריג'אמפו,LT,חלב מרוכז ממותק 397גרם,גרמים,397.00,100 גרם,false,,9.90,0.0249,true,1,1226522
7290004810207,false,פרש וואנס פדיות קוסמ,על בד,IL,פ.ו פדיות קוסמטיות 80יח',יח',80.00,יח',false,,5.90,0.0738,true,1,1266273
7290004952112,false,הרדוף סוכר קנים אורג,אול אורגני,IL,"סוכר קנים אורגני 1 ק""ג הר",קילוגרמים,1.00,"ק""ג",false,,12.90,12.9000,true,1,1226808
7290004952785,false,פריכיות דקות מאורז מ,פרח תעשיות,IL,פריכיות אורז וכוסמת,גרמים,100.00,100 גרם,false,,10.90,0.1090,true,1,1326146
7290004977009,false,עמבה הודית סלטי משני,משני,,עמבה הודית סלטי משני,גרמים,300.00,100 גרם,false,,14.90,0.0497,true,1,2159158
7290004977016,false,ממרח לימון סלטי משני,משני,,ממרח לימון סלטי משני,גרמים,300.00,100 גרם,false,,12.90,0.0430,true,1,2159159
7290004982355,false,צדר טריפל סיימן במשק,,,גבינה צדר אנגלי 3 צב,קילוגרמים,1.00,"ק""ג",true,,109.00,109.0000,true,1,1488818
7290004982393,false,גבינה ברס בלו במשקל1,ברס,,"גבינה ברס בלו 1 ק""ג",קילוגרמים,1.00,"ק""ג",true,,185.00,185.0000,true,1,1488801
7290005008184,false,"פלמוליב - תחליב רחצה נטורלס שקדים 500 מ""ל",הנסיך- מפעל לייצור ט,TR,פלמוליב שקדים 500מל חדש,מיליליטרים,500.00,"100 מ""ל",false,,15.90,0.0318,true,1,1253219
7290005008191,false,"פלמוליב סבון נוזלי בניחוח ארומה סגול, 500 מ""ל",הנסיך- מפעל לייצור ט,TR,פלמוליב ארומה סגול 500מל,מיליליטרים,500.00,"100 מ""ל",false,,15.90,0.0318,true,1,1253220
7290005020162,false,"וויסקי בלנטיינ'ס 700 מ""ל",פרנו,,וויסקי בלנטיינס 40%,מיליליטרים,700.00,"100 מ""ל",false,,79.90,0.1141,true,1,1239496
7290005068058,false,תירס קל מופחת קלוריות 550 ג' פרי הגליל,"פרי הגליל בע""""מ",IL,תירס קל א -2פג,גרמים,550.00,100 גרם,false,,6.90,0.0125,true,1,1261148
7290005068447,false,"גרגרי תירס קל בוואקום ללת""ס פרי גליל 340ג'","פרי הגליל בע""""מ",IL,תירס קל 12אונק פג,גרמים,340.00,100 גרם,false,,5.90,0.0174,true,1,1261149
7290005068492,false,לקט ירקות מעורבים 700 ג' פרי הגליל,"פרי הגליל בע""""מ",IL,לקט ירק מעורב 700( 20יח'),גרמים,700.00,100 גרם,false,,9.90,0.0141,true,1,1261150
7290005068553,false,לקט ירקות בורגנדי 700 ג' פרי הגליל,"פרי הגליל בע""""מ",IL,לקט בורגונדי 700,גרמים,700.00,100 גרם,false,,9.90,0.0141,true,1,1261151
7290005068621,false,ברוקולי קפוא פרי גליל 800ג',"פרי הגליל בע""""מ",IL,ברוקולי 800פג רבנות,גרמים,800.00,100 גרם,false,,11.90,0.0149,true,1,1261152
7290005079221,false,"בולגרית 5% מעודנת ק""",משק צוריאל,IL,"בולגרית מעודנת 5% 4 ק""ג מ",קילוגרמים,1.00,"ק""ג",true,,50.00,50.0000,true,1,1243837
7290005079290,false,גבינה צהובה נעם 15%,,,גבינה צהובה נעם 15%,קילוגרמים,1.00,"ק""ג",true,,69.00,69.0000,true,1,1334016
7290005079344,false,"גבינת מוצרלה נעם ק""ג",,,"גבינת מוצרלה נעם ק""ג",קילוגרמים,1.00,"ק""ג",true,,79.00,79.0000,true,1,1690293
7290005079412,false,חריץ אמנטל נעם,,,חריץ אמנטל נעם,קילוגרמים,1.00,"ק""ג",true,,59.00,59.0000,true,1,2133104
7290005084355,false,"סנסודיין - משחת שיניים דואל קר זהב 75 מ""ל",גלקסו סמית קליין,GB,"סנסודיין דואלקר 75 מ""ל",מיליליטרים,75.00,"100 מ""ל",false,,19.90,0.2653,true,1,1260363
7290005113222,false,זיתים קוקטייל וגמבה יבנה 350ג',קדבורי,IL,מיקס זיתים,גרמים,560.00,100 גרם,false,,6.90,0.0123,true,1,1271679
7290005172212,false,טוסטר קופץ דפנות חמו,,,טוסטר קופץ דפנות חמו,יחידה,0.00,יחידה,false,,59.90,0.0000,true,1,2250968
7290005174513,false,חציל אחלה במיונז 500 ג' אחלה+ 33% תוספת,מיוצר עי קונדיטוריית,IL,חצילים במיונז 500 ג,גרמים,500.00,100 גרם,false,,15.50,0.0310,true,1,1256200
7290005174551,false,סלט חומוס עם צנוברים 125 ג' אחלה,מיוצר עי קונדיטוריית,IL,חומוס יום-יום 125 גרם,גרמים,125.00,100 גרם,false,,4.50,0.0360,true,1,1256201
7290005174568,false,חציל אחלה במיונז 125 גר',"שטראוס גרופ בע""מ",IL,חציל במיונז 125 גרם,גרמים,125.00,100 גרם,false,,4.50,0.0360,true,1,1256202
7290005174575,false,טחינה אחלה יום יום משובחת 125ג',מיוצר עי קונדיטוריית,IL,טחינה 125 משובחת,גרמים,125.00,100 גרם,false,,4.50,0.0360,true,1,1256203
7290005175428,false,"קמח תירס לל""ג ריבארה 500 ג'",קריות זול,AR,קמח תירס אינסטנט 500גרם,גרמים,500.00,100 גרם,false,,5.90,0.0118,true,1,1226524
7290005175589,false,וילי פוד קמח תירס ללא גלוטן 1קג,קריות זול,AR,קמח תירס 1ק'ג,קילוגרמים,1.00,"ק""ג",false,,9.90,9.9000,true,1,1226525
7290005197758,false,עוגיות חיוכים שוקו שוקו 150ג',אפיפית נצרת תעשיות ב,IL,"חיוכים שוקו 150 בד""צ/24יח",גרמים,150.00,100 גרם,false,,4.90,0.0327,true,1,1256826
7290005199578,false,"קפה פלאטינום עלית נטול 200ג' כש""לפ",קריות זול,IL,פלאטינום נטול חדש200/6יח',גרמים,200.00,100 גרם,false,,29.90,0.1495,true,1,1256832
7290005199738,false,גומי מאסט בטעם פפרמינט ריח פה נעים פליפטופ 28 ג' עלית,"שטראוס גרופ בע""מ",IL,LL Must ריח פה פפרמינט,גרמים,30.00,100 גרם,false,,3.90,0.1300,true,1,1256834
7290005200786,false,תפוצ'יפס שמנת ובצל 50 גרם,"שטראוס פריטו ליי בע""",IL,תפו50 שמנת ובצל-חדש/1שק'/,גרמים,50.00,100 גרם,false,,3.90,0.0780,true,1,1257409
7290005201455,false,קפה נמס ארומה עלית 200 ג',"אינסטנטה בע""מ",IL,ארומה 200ג' חדש/6יח'/200ג,גרמים,200.00,100 גרם,false,,24.90,0.1245,true,1,1256839
7290005201882,false,קפה טורקי קלוי וטחון,הנסיך- מפעל לייצור ט,IL,כשלפ טורקי שקית 200,גרמים,200.00,100 גרם,false,,15.90,0.0795,true,1,1256841
7290005270000,false,עלי סיגר מרוקאי 500,חמים וטעים,IL,עלי סיגר 500 גרם,גרמים,500.00,100 גרם,false,,13.90,0.0278,true,1,1239262
7290005287206,false,טונה בשמן סטארקיסט 4*160 ג',"סטארקיסט פודור בע""מ",,טונה סטארקיסט רביעיה,גרמים,640.00,100 גרם,false,,24.90,0.0389,true,1,1224644
7290005287251,false,טונה במים סטארקיסט 4*160 ג',"איטיליאן פוד, אס.פי.",,טונה סטארקיסט רביעיה,גרמים,640.00,100 גרם,false,,24.90,0.0389,true,1,1224645
7290005287510,false,טונה בשמן עם בפלפל חריף 160 ג' סטארקיסט,תאי יוניון גרופ,TH,טונה ס.ק בשמן עם פלפ,גרמים,160.00,100 גרם,false,,7.90,0.0494,true,1,1224647
7290005287527,false,טונה בשמן עם לימון 160 ג' סטארקיסט,תאי יוניון גרופ,TH,טונה ס.ק בשמן עם לימ,גרמים,160.00,100 גרם,false,,7.90,0.0494,true,1,1224648
7290005287534,false,טונה בשמן עישון טבעי 160 ג' סטארקיסט,תאי יוניון גרופ,TH,טונה ס.ק בשמן עישון,גרמים,160.00,100 גרם,false,,7.90,0.0494,true,1,1224649
7290005287657,false,סטארקיסט ממרח טונה 160 ג',סטארקיסט,IL,ממרח טונה 160 גרם,גרמים,160.00,100 גרם,false,,8.90,0.0556,true,1,1224657
7290005296246,false,"פותח סתימות דריין אאוט 946 מ""ל יעקבי",יוליניבר,US,פותח סתימות DRAIN OUT,מיליליטרים,946.00,"100 מ""ל",false,,29.90,0.0316,true,1,1241008
7290005296260,false,"אסטוניש ספריי רסס ונגב לניקוי כללי 750 מ""ל",אסטוניש Astonish,GB,אסטוניש רסס נגב-ירוק,מיליליטרים,750.00,"100 מ""ל",false,,11.90,0.0159,true,1,1241009
7290005317125,false,ביסקוויט חצי מצופה 175 גר',אפיפית נצרת תעשיות ב,IL,חצי מצופה תה ביסקויט רגיל,גרמים,175.00,100 גרם,false,,4.90,0.0280,true,1,1261814
7290005317194,false,בסקויט מתוק רגיל/שוקו 110 גר,אפיפית נצרת,IL,ביסקויט תה ביסקויט רגיל,גרמים,110.00,100 גרם,false,,3.50,0.0318,true,1,1261815
7290005317200,false,קרקר טופז טעמים שונים 110 גר,אפיפית נצרת,IL,קרקר טופז רגיל 24/0.110 ה,גרמים,110.00,100 גרם,false,,2.90,0.0264,true,1,1261816
7290005326523,false,ממרח פסטו פטרוזיליה ונענע 180 ג' אוליביה,אוליביה,IL,פסטו פטרוזיליה ונענע 180,גרמים,180.00,100 גרם,false,,12.90,0.0717,true,1,1298733
7290005326585,false,ממרח אוליביה פסטו בזיליקום 180 ג',"אוליביה גורמה בע""מ",IL,פסטו בזיליקום-אוליבי,גרמים,180.00,100 גרם,false,,9.90,0.0550,true,1,1826719
7290005326677,false,רוטב ברביקיו 350 גרם,,,רוטב ברביקיו,גרמים,350.00,100 גרם,false,,12.90,0.0369,true,1,1805716
7290005384837,false,"מיץ לימונים מלימונים טריים 500 מ""ל",דריבדוס סיטרוס,IT,מיץ לימון מלימונים טריים,מיליליטרים,500.00,"100 מ""ל",false,,7.90,0.0158,true,1,1226532
7290005384851,false,וילי פוד מיץ לימון בדץ 200מל,קריות זול,IT,"מיץ לימון 200 מ""ל",מיליליטרים,200.00,"100 מ""ל",false,,3.90,0.0195,true,1,1226533
7290005384899,false,בסיגנון פטה ים תיכונ,יושלם,DK,פטינה על בסיס ש'צ 12ק'ג(ח,קילוגרמים,1.00,"ק""ג",true,,24.90,24.9000,true,1,1226535
7290005400155,false,פתיתים אפויים כוסמין,,,פתיתים אפויים כוסמין,גרמים,500.00,100 גרם,false,,14.90,0.0298,true,1,1772737
7290005416262,false,יוגורט עיזים ביו עם תות 3.5%,"ל.ד בר אל בע""מ",IL,יוגורט עיזים עם תות,גרמים,500.00,100 גרם,false,,14.90,0.0298,true,1,2170548
7290005416279,false,יוגורט עיזים ביו עם פירות יער 3.5%,"ל.ד בר אל בע""מ",IL,יוגורט עיזים עם פירו,גרמים,500.00,100 גרם,false,,14.90,0.0298,true,1,2170549
7290005416286,false,יוגורט עיזים ביו עם אננס 3.5%,"ל.ד בר אל בע""מ",IL,יוגורט עיזים עם אננס,גרמים,500.00,100 גרם,false,,14.90,0.0298,true,1,2170550
7290005416293,false,יוגורט ביו מחלב עיזים עם אפרסק 3.5%,"ל.ד בר אל בע""מ",IL,יוגורט עיזים עם אפרס,גרמים,500.00,100 גרם,false,,14.90,0.0298,true,1,2170551
7290005416415,false,יוגורט עיזים בגביע 2,מחלבת טל,,יוגורט עיזים בגביע 2,גרמים,200.00,100 גרם,false,,5.90,0.0295,true,1,2170552
7290005416576,false,יוגורט ביו מחלב עיזים עם פירות יער 3.5%,מחלבת טל,,יוגורט עיזים בגביע 1,גרמים,150.00,100 גרם,false,,5.90,0.0393,true,1,2172050
7290005416590,false,יוגורט ביו מחלב עיזים עם אפרסק 3.5%,מחלבת טל,,יוגורט עיזים בגביע 1,גרמים,150.00,100 גרם,false,,5.90,0.0393,true,1,2170555
7290005418693,false,"לחות לשיער מלא ברק 400 מ""ל",,,קרם לחות לשיער נטורל,מיליליטרים,400.00,"100 מ""ל",false,,19.90,0.0497,true,1,1258450
7290005418709,false,"נטורל קרם לחות לקיבוע תלתלים גלי 400 מ""ל",מיוצר עי אמיליה קוסמ,IL,קר.לחות נטורל קיבוע תלתל,מיליליטרים,400.00,"100 מ""ל",false,,19.90,0.0497,true,1,1258451
7290005418891,false,"אקזיט - ג'ל אסטרים לעיצוב רטוב 500 מ""ל",,,ג'ל לשיער אקסטרים,מיליליטרים,500.00,"100 מ""ל",false,,19.90,0.0398,true,1,1258454
7290005423055,false,סנו פורטה פלוס מתז בניחות לימון 1 ל',"סנו מפעלי ברונוס בע""",IL,פורטה פלוס 1 ליטר XL,ליטרים,1.00,ליטר,false,,17.90,17.9000,true,1,1977637
7290005423253,false,"סנו - מקסימה מרסס למייבש כביסה אולטרה פרש 750 מ""ל","סנו מפעלי ברונוס בע""",IL,"מקסימה למייבש פרש 750מ""ל",מיליליטרים,750.00,"100 מ""ל",false,,19.90,0.0265,true,1,1235515
7290005423383,false,מטהר אויר סנומוד,,,מטהר אויר סנומוד,מיליליטרים,150.00,"100 מ""ל",false,,10.90,0.0727,true,1,1705069
7290005423482,false,"סנו קרם לניקוי כיריים קרמיים 300 מ""ל",מיוצר עי קונדיטוריית,IL,קרם לניקוי כיריים קר,מיליליטרים,300.00,"100 מ""ל",false,,19.90,0.0663,true,1,1235524
7290005423499,false,"סנו נירוסטה אירוסול 500 מ""ל",מיוצר עי קונדיטוריית,IL,סנו נירוסטה אירוסול500מל,מיליליטרים,500.00,"100 מ""ל",false,,19.90,0.0398,true,1,1235525
7290005423505,false,"אורביטול מי פה להלבנת השיניים 500 מ""ל",קוסמופארם,IL,"מי פה אורביטול 500 מ""ל",מיליליטרים,500.00,"100 מ""ל",false,,17.90,0.0358,true,1,1235526
7290005423543,false,אורביטול - משחת שיניים להלבנה 145 גרם,טרופיקל דגיל תעשיות,IL,משחת אורביטול להלבנה145ג,גרמים,145.00,100 גרם,false,,9.90,0.0683,true,1,1235527
7290005423567,false,מטליות לניקוי כללי בגליל 40 יח' סנו סושי,אסותא תעשיות אלבד בע,IL,40מטליות לניקוי סנו סושי,יח',40.00,יח',false,,19.90,0.4975,true,1,1235528
7290005423635,false,ריצפז נוזל לניקוי רצפות דוחה חרקים 2 ל',מיוצר עי קונדיטוריית,IL,ריצפז פלוס דוחה תיקנים2ל,ליטרים,2.00,ליטר,false,,22.90,11.4500,true,1,1235529
7290005423833,false,סנו פוליויקס פרקט 2 ליטר,"סנו מפעלי ברונוס בע""",IL,פוליויקס פרקט 2 ליטר,ליטרים,2.00,ליטר,false,,19.90,9.9500,true,1,1235531
7290005423888,false,אלסבון כיף שלישיה מעורב,טרופיקל דגיל תעשיות,IL,500מלX3 אלסבון כיף מעורב,מיליליטרים,1500.00,"100 מ""ל",false,,19.90,0.0133,true,1,1302828
7290005424014,false,"אבקת כביסה פיסגה קלה 6 ק""ג סנו","מפעלי ברונוס בע""מ",IL,"אבקת כביסה פיסגה 6 ק""ג",קילוגרמים,6.00,"ק""ג",false,,39.90,6.6500,true,1,1235535
7290005424021,false,"מנטרל ריחות פרשם הום 350 מ""ל סנו",,,פרש הום מנטרל ריחות,מיליליטרים,350.00,"100 מ""ל",false,,18.90,0.0540,true,1,2277933
7290005424113,false,מטליות רצפה 4 יח' סנו סושי,עופרטקס,IL,4סנו סושי מטלית רצפ+כרית,יח',4.00,יח',false,,14.90,3.7250,true,1,1235537
7290005424205,false,ריצפז פלוס נוזל לרצפה דוחה חרקים 4 ל',סנו,IL,ריצפז פלוס דוחה תיקנים4ל,ליטרים,4.00,ליטר,false,,39.90,9.9750,true,1,1235539
7290005424311,false,קוטל חרקים זוחלים ומ,מיוצר עי קונדיטוריית,IL,רב קוטל בריח פרחים K סנו,מיליליטרים,500.00,"100 מ""ל",false,,22.90,0.0458,true,1,1235540
7290005424403,false,"אל סבון כיף אצות ים קטיפתי 1ליטר,",טרופיקל דגיל תעשיות,IL,אל סבון כיף אצות ים1ליטר,ליטרים,1.00,ליטר,false,,10.90,10.9000,true,1,1235541
7290005424700,false,סנו - פורטה פלוס מרסס מסיר שומנים 1 ליטר,סנו,IL,"סנו פורטה פלוס 750 מ""ל",ליטרים,1.00,ליטר,false,,17.90,17.9000,true,1,1841831
7290005424762,false,נוזל רצפות ריצפז ווקס דוחה חרקים 2 ליטר,"סנו מפעלי ברונוס בע""",IL,ריצפז+דוחה תיקנים+ווקס2ל,ליטרים,2.00,ליטר,false,,29.90,14.9500,true,1,1235546
7290005424809,false,סנו סושי סקוטש קרצוף ענק 3יח',קריות זול,IL,סנו סושי3כרית קרצוף אדום,יח',3.00,יח',false,,9.90,3.3000,true,1,1235549
7290005424915,false,"סנומוד לבנדר פצ''ולי 150 מ""ל",סנו מפעלי בורונוס בע,IL,סנומוד פצ'ולי לבנדר 150מ,מיליליטרים,150.00,"100 מ""ל",false,,10.90,0.0727,true,1,1235551
7290005424991,false,"פרש אוטומטיק בניחוח בייבי פאודר 250 מ""ל סנו",סנו פרש Fresh,IL,מטהר אוויר פרש אוטומ,מיליליטרים,250.00,"100 מ""ל",false,,13.90,0.0556,true,1,2129075
7290005425073,false,"סנו דואופרש יסמין עץ סאנדלווד 300 מ""ל","סנו מפעלי ברונוס בע""",IL,דואו פרש יסמין סנדלווד,מיליליטרים,300.00,"100 מ""ל",false,,12.90,0.0430,true,1,1235554
7290005425110,false,"חיטוי משטחים 99.9% מתז מחטא ומשמיד 750 מ""ל","סנו מפעלי ברונוס בע""",IL,מתז לחיטוי משטחים 99,מיליליטרים,750.00,"100 מ""ל",false,,18.90,0.0252,true,1,1977745
7290005425196,false,"סנו לכביסה מקסימה סנסיטיב 2.5 ק""ג",מיוצר עי קונדיטוריית,IL,אבקת מקסימה סנסיטיב2.5קג,קילוגרמים,2.50,"ק""ג",false,,21.90,8.7600,true,1,1235556
7290005425202,false,"מקסימה לכביסה ביו 2.5 ק""ג","סנו מפעלי ברונוס בע""",IL,"אבקת מקסימה ביו 2.5 ק""ג",קילוגרמים,2.50,"ק""ג",false,,21.90,8.7600,true,1,1235557
7290005425585,false,סנו רהיט מטליות להברקת רהיטים 20יח',טרופיקל דגיל,IL,סנו רהיט 20 מטליות ניקוי,יח',20.00,יח',false,,16.90,0.8450,true,1,1235563
7290005425912,false,אוקסיג'ן ג'ל מסיר כתמים 4 ל' סנו,סנו,IL,ג'ל אוקסיג'ן 4 ליטר,ליטרים,4.00,ליטר,false,,34.90,8.7250,true,1,1235572
7290005426193,false,ספוג הפלא אריזת סנו 6יח',טרופיקל דגיל תעשיות,IL,'ספוג הפלא סנו סושי 6 יח,יח',6.00,יח',false,,14.90,2.4833,true,1,1235577
7290005426230,false,מטלית הפלא לרצפה מיקרופייבר סנו 1יח',N.S.,IL,מטלית הפלא לרצפה ס.סושי,יח',1.00,יח',false,,10.90,10.9000,true,1,1235578
7290005426384,false,"סנומוד מיס מיליון, 150 מ""ל",סנו,IL,סנומוד מיס מיליון 150 מל,מיליליטרים,150.00,"100 מ""ל",false,,10.90,0.0727,true,1,1235582
7290005426575,false,"קרמה לחות לשיער יבש ללא שטיפה 400 מ""ל",טרופיקל דגיל תעשיות,IL,ק.לחות קרמה שיער יבש400מ,מיליליטרים,400.00,"100 מ""ל",false,,19.90,0.0497,true,1,1235586
7290005426629,false,"סנו דואופרש אורן לוטוס ופרחי מים ודובדבן, 300 מ""ל",סנו,IL,דואו פרש לוטוס ופרחי מים,מיליליטרים,300.00,"100 מ""ל",false,,12.90,0.0430,true,1,1235588
7290005426735,false,"סנו - מקסימה אבקת כביסה בלאק 1.25 ק""ג",קריות זול,IL,1.25קג BLACK אבקת מקסימה,קילוגרמים,1.25,"ק""ג",false,,16.90,13.5200,true,1,1235590
7290005426865,false,אורביטול - משחת שיניים לילדים בטעם מסטיק 70 גרם,טרופיקל דגיל,IL,משחה אורביטול מסטיק 70 ג,גרמים,70.00,100 גרם,false,,8.90,0.1271,true,1,1235592
7290005426940,false,"סנו K-300 פלוס 8 400 מ""ל",טרופיקל דגיל תעשיות,IL,300 פלוס8 קוטל חרקי400-K,מיליליטרים,400.00,"100 מ""ל",false,,22.90,0.0572,true,1,1235594
7290005426964,false,סנובון כחול בריח אפרסק 3 יח' * 55 ג',קריות זול,IL,50גX3 סנובון כחול אפרסק,יח',3.00,יח',false,,15.90,5.3000,true,1,1235595
7290005426971,false,סנובון כחול בריח תפוח 3 יח' * 55 ג',קריות זול,IL,50גרXסנובון כחול תפוח 3י,יח',3.00,יח',false,,15.90,5.3000,true,1,1235596
7290005427619,false,"כיף גל לשיער לשיער קוצים 1ק""ג",גוד פוד פרודקטס S.p,IL,ג'ל כיף אקסטרים ירוק 1קג,קילוגרמים,1.00,"ק""ג",false,,22.90,22.9000,true,1,1235614
7290005427633,false,"כיף גל לשיער לשיער חזק במיוחד 1 ק""ג",קוסמופארם,IL,ג'ל כיף אקסטרים כחול 1קג,קילוגרמים,1.00,"ק""ג",false,,22.90,22.9000,true,1,1235616
7290005427725,false,מגבונים ליטופים מארז חמישיה,טרופיקל דגיל,IL,'מגבוני ליטופים 5*72 יח,יח',360.00,יח',false,,19.90,0.0553,true,1,1235617
7290005427749,false,אל סבון אצות ים כיף 2 ל',טרופיקל דגיל תעשיות,IL,אלסבון כיף אצות ים 2ליטר,ליטרים,2.00,ליטר,false,,22.90,11.4500,true,1,1235619
7290005427756,false,אלסבון כיף 2 ליטר אלוורה,קוסמופארם,IL,אלסבון כיף אלוורה 2 ליטר,ליטרים,2.00,ליטר,false,,22.90,11.4500,true,1,1235620
7290005427763,false,אל סבון ג'ינסנג כיף 2 ל',קוסמופארם,IL,'אלסבון כיף ג'ינסינג 2 ל,ליטרים,2.00,ליטר,false,,22.90,11.4500,true,1,1235621
7290005427770,false,"קרמה - קרם לחות לשיער לגבר 400 מ""ל",טרופיקל דגיל תעשיות,IL,קרמה לחות לשיער לגבר400מ,מיליליטרים,400.00,"100 מ""ל",false,,19.90,0.0497,true,1,1235622
7290005427787,false,"קרמה - קרם לחות לשיער מתולתל 400 מ""ל",טרופיקל דגיל תעשיות,IL,ק.לחות קרמה ש.מתולתל400מ,מיליליטרים,400.00,"100 מ""ל",false,,19.90,0.0497,true,1,1235623
7290005427978,false,"קרמה תחליב רחצה לפנים 180 מ""ל",גוד פוד פרודקטס S.p,IL,קרמה תחליב רחצה לפנים180,מיליליטרים,180.00,"100 מ""ל",false,,14.90,0.0828,true,1,1235630
7290005427985,false,"קרמה תחליב רחצה לפנים בתוספת גרגירי פילינג 180 מ""ל",גוד פוד פרודקטס S.p,IL,קרמה ת.רחצה לפנים+ג.פילי,מיליליטרים,180.00,"100 מ""ל",false,,14.90,0.0828,true,1,1235631
7290005428845,false,סנו סופט מפיות 33*33 100 יח,"חי מוצרי נייר בע""מ",IL,סנו סושי מפיות אירוח100י,יח',100.00,יח',false,,6.90,0.0690,true,1,1235639
7290005429019,false,פיסגה לרצפות מבושם 4 ל',סנו,IL,פיסגה לרצפות 4 ליטר,ליטרים,4.00,ליטר,false,,22.90,5.7250,true,1,1235648
7290005430480,false,מטלית הפלא מיקרופייבר סנו סושי,קריות זול,CN,מטלית הפלא מיקרופייבר,יח',1.00,יח',false,,9.90,9.9000,true,1,1235651
7290005430602,false,"סנו - אוקסיג'ן מרסס מסיר כתמים 750 מ""ל","סנו מפעלי ברונוס בע""",IL,אוקסיג'ן מ.כתמ.מרסס 750מ,מיליליטרים,750.00,"100 מ""ל",false,,19.90,0.0265,true,1,1235655
7290005430626,false,סנו - אוקסיג'ן מסיר כתמים קשים 2 ליטר,סנו כימיקלים,,מסיר כתמים אוקסיגן 2,ליטרים,2.00,ליטר,false,,19.90,9.9500,true,1,1235656
7290005430671,false,סנו פוליווקס קרמיקה 2ל',סנו מפעלי ברונו בעמ,IL,'סנו פוליויקס קרמיקה 2 ל,ליטרים,2.00,ליטר,false,,24.90,12.4500,true,1,1235661
7290005430862,false,מים מזוקקים למגהץ ול,,,מים מזוקקים למגהץ ול,ליטרים,4.00,ליטר,false,,19.90,4.9750,true,1,1235665
7290005430961,false,סנו - מקסימה בד גארד נוזל 1 ליטר,יושלם,,טקסטיל שמפו לכביסה ב,ליטרים,1.00,ליטר,false,,15.90,15.9000,true,1,1235666
7290005431159,false,תותים בקצפת לייט 80 ג' עדן,עדן קינוחים,IL,תותים בקצפת לייט 80,גרמים,80.00,100 גרם,false,,5.90,0.0738,true,1,2226925
7290005431883,false,קינוח מלבי חלבי עדן,עדן קינוחים Eden,IL,מלבי חלבי 165 גרם,גרמים,165.00,100 גרם,false,,6.90,0.0418,true,1,2157374
7290005431906,false,קינוח קדאיף עדן 82 ג,עדן קינוחים Eden,IL,קדאיף 82 גרם,גרמים,82.00,100 גרם,false,,6.90,0.0841,true,1,2157376
7290005431913,false,עוגת גבינה פירורים 92 גרם.,עדן קינוחים Eden,IL,עוגת גבינה פירורים 9,גרמים,92.00,100 גרם,false,,6.90,0.0750,true,1,2157377
7290005431920,false,עוגת גבינה פירורים ללא תוספת סוכר,עדן קינוחים Eden,IL,עוגת גבינה פירורים ל,גרמים,78.00,100 גרם,false,,6.90,0.0885,true,1,2157378
7290005431937,false,קינוח טירמיסו עדן 82,עדן קינוחים Eden,IL,עוגת טירימיסו 82 גרם,גרמים,82.00,100 גרם,false,,6.90,0.0841,true,1,2157379
7290005431968,false,מלבי שמנת עדן קינוחי,עדן קינוחים Eden,IL,מלבי שמנת עדן קינוחי,גרמים,150.00,100 גרם,false,,7.90,0.0527,true,1,2171710
7290005437540,false,פיטריות חתוך טעמן 290 גר',,,פטריות חתוך 5.5,גרמים,290.00,100 גרם,false,,3.90,0.0134,true,1,1248278
7290005437632,false,שמן קנולה טעמן 1ליטר,,,שמן קנולה,ליטרים,1.00,ליטר,false,,9.90,9.9000,true,1,2246356
7290005437809,false,טעמן אננס חתוך 825גרם,פ.ת גרייט פנאפל,ID,אננס חתוך במיץ טבעי,גרמים,825.00,100 גרם,false,,10.90,0.0132,true,1,1248286
7290005437861,false,קוקטייל פירות טרופי 900ג',פ.ת גרייט פנאפל,ID,קוקטייל טרופי 825גר',גרמים,825.00,100 גרם,false,,11.90,0.0144,true,1,2279698
7290005437922,false,מיץ ענבים אדום 1.5 ל,,,מיץ ענבים אדום 1.5 ל,ליטרים,1.50,ליטר,false,,22.90,15.2667,true,1,1248289
7290005477669,false,דרמפון-סבון נוזלי מועשר בלחות,אמיליה קוסמטיקס,IL,'דרמפון סבון נוז.+לחות1ל,ליטרים,1.00,ליטר,false,,14.90,14.9000,true,1,1258457
7290005484315,false,מעמד למברשת שיניים ל,,,מעמד למברשת שיניים ל,יחידה,0.00,יחידה,false,,14.90,0.0000,true,1,2205540
7290005484742,false,"מסננת 22 ס""מ",,,"מסננת 22 ס""מ",יחידה,0.00,יחידה,false,,9.90,0.0000,true,1,2203605
7290005484766,false,"מסננת 28 ס""מ",,,"מסננת 28 ס""מ",יחידה,0.00,יחידה,false,,19.90,0.0000,true,1,2203607
7290005500558,false,גל לשיער פנינה,א.ארמן,IL,גל לשיער פנינה,ליטרים,1.00,ליטר,false,,14.90,14.9000,true,1,1261728
7290005500657,false,גל לשיער פנינה,א.ארמן,IL,גל לשיער פנינה,ליטרים,1.00,ליטר,false,,14.90,14.9000,true,1,1261731
7290005500688,false,"מסיכה לשיער פנינה רוזנבלום 1 ק""ג",א.ארמן,IL,"מסיכה לשיער 1 ק""ג",מיליליטרים,1000.00,"100 מ""ל",false,,29.90,0.0299,true,1,1261732
7290005509445,false,מיני קוקיס בטעם חמאה 600 גר',כרמית תעשיות ממתקים,IL,כרמית מיני קוקיס בטעם חמא,גרמים,600.00,100 גרם,false,,18.90,0.0315,true,1,1253227
7290005543296,false,שריר הזרוע 888,,,שריר הזרוע 888,קילוגרמים,1.00,"ק""ג",true,,59.90,59.9000,true,1,2234549
7290005558023,false,ריחנית,,,ריחנית,יחידה,0.00,יחידה,false,,4.90,0.0000,true,1,1250233
7290005559709,false,בורקס פיצה מעדנות 700 ג',"מעדנות בע""מ",IL,בורקס פיצה 700גר מעדנות,גרמים,700.00,100 גרם,false,,24.90,0.0356,true,1,1254992
7290005559907,false,פיצה משפחתית גבינה 500 ג' מעדנות,מיוצר עי קונדיטוריית,IL,פיצה משפחתית גבינה מעדנות,גרמים,500.00,100 גרם,false,,24.90,0.0498,true,1,1254994
7290005559914,false,פיצה משפחתית זיתים 550 ג' מעדנות,מיוצר עי קונדיטוריית,IL,פיצה משפחתית זיתים מעדנות,גרמים,550.00,100 גרם,false,,24.90,0.0453,true,1,1254995
7290005559990,false,בצק פילאס תורכי מעדנות 600 גרם,מיוצר עי קונדיטוריית,IL,בצק פילאס תורכי 600גר מעד,גרמים,600.00,100 גרם,false,,22.90,0.0382,true,1,1255001
7290005587825,false,לוריאל - דרמו מסיר איפור דו פאזי 125 עברית,KARLSRUHE GERMANY,DE,מסיר איפור עמיד במים125מ,מיליליטרים,125.00,"100 מ""ל",false,,24.90,0.1992,true,1,1218468
7290005589492,false,חטיף שלווה דבש 200ג.,מפעלי דגן,,חטיף שלווה דבש 200ג.,גרמים,200.00,100 גרם,false,,5.90,0.0295,true,1,1347090
7290005591761,false,דבש טהור מפרחי בר בלחיץ 400 ג' יד מרדכי,מכוורת יד מרדכי שטרא,IL,דבש טהור לחיץ 400 גרם,גרמים,400.00,100 גרם,false,,17.90,0.0447,true,1,1256842
7290005684234,false,לחם דגנים קל 500 גרם,,,לחם דגנים קל 500 גרם,גרמים,500.00,100 גרם,false,,9.90,0.0198,true,1,1264968
7290005684418,false,לחם כוסמין אורגני 700 ג',המאפיה של הרמן,IL,לחם מקמח כוסמין מלא,גרמים,700.00,100 גרם,false,,14.90,0.0213,true,1,1264970
7290005684487,false,לחמניות כוסמין מקמח 6*70גר,המאפיה של הרמן,IL,6 לחמניות מקמח כוסמי,גרמים,420.00,100 גרם,false,,12.90,0.0307,true,1,1887728
7290005684654,false,לחם מחמצת שיפון 700 ג',מאפית ברמן,IL,לחם מחמצת שיפון,יחידה,0.00,יחידה,false,,16.90,0.0000,true,1,1522073
7290005684845,false,מארז פיתה אורגנית כו,,,מארז פיתה אורגנית כו,יח',5.00,יח',false,,5.90,1.1800,true,1,1264972
7290005686108,false,משמש מיובש 400 גרם,דין שיווק,,משמש מיובש 400 גרם,גרמים,400.00,100 גרם,false,,19.90,0.0497,true,1,1953084
7290005686115,false,שזיפים 400 גרם,דין שיווק,,שזיפים 400 גרם,גרמים,400.00,100 גרם,false,,18.90,0.0472,true,1,1242858
7290005686122,false,צימוק כהה 400 גרם,דין שיווק,,צימוק כהה 400 גרם,גרמים,400.00,100 גרם,false,,12.90,0.0323,true,1,1242859
7290005686405,false,בננה ציפס מסוכרת 200,"דין שיווק וקליה בע""מ",,בננה צ'יפס 200 גרם,גרמים,200.00,100 גרם,false,,5.90,0.0295,true,1,1242862
7290005719189,false,לחם מחמצת שיפון אגוז,,,לחם מחמצת שיפון אגוז,גרמים,500.00,100 גרם,false,,16.90,0.0338,true,1,2056212
7290005719677,false,סירופ בטעם שוקולד – 600 ג',,,סירופ בטעם שוקולד פי,גרמים,600.00,100 גרם,false,,13.90,0.0232,true,1,2174837
7290005719745,false,"סירופ מייפל טהור 250 מ""ל",,,סירופ מייפל טהור פיל,מיליליטרים,250.00,"100 מ""ל",false,,29.90,0.1196,true,1,2174844
7290005727269,false,רינגה מעושן קר,,,רינגה מעושן קר,קילוגרמים,1.00,"ק""ג",true,,59.00,59.0000,true,1,2203455
7290005727344,false,איקרה אדום,,,איקרה אדום,קילוגרמים,1.00,"ק""ג",true,,54.00,54.0000,true,1,2203458
7290005727351,false,איקרה לבן,,,איקרה לבן,קילוגרמים,1.00,"ק""ג",true,,59.00,59.0000,true,1,2203459
7290005750960,false,שיפקונית פלפל ננסי ח,,,שיפקונית פלפל ננסי ח,קילוגרמים,1.00,"ק""ג",true,,39.00,39.0000,true,1,1260676
7290005789380,false,פרשיס קוסמטיקס מגבונים להסרת איפור 54 יח',,,מגבונים לאיפור,יח',54.00,יח',false,,14.90,0.2759,true,1,1222884
7290005838002,false,מעדן גבינה ויוגורט בטעם וניל 88 ג' דניאלה,"שטראוס בריאות בע""מ",IL,דניאלה וניל,גרמים,88.00,100 גרם,false,,3.90,0.0443,true,1,1256205
7290005838613,false,שטראוס גבינת וניל 3% 125ג,"שטראוס בריאות בע""מ",IL,סקי וניל 125 בודד,גרמים,125.00,100 גרם,false,,3.90,0.0312,true,1,1256206
7290005838972,false,גבינת יום יום 5% שטראוס 125ג',מיוצר עי קונדיטוריית,IL,סקי יום יום 5%,גרמים,125.00,100 גרם,false,,3.20,0.0256,true,1,1256207
7290005839078,false,"דנונה יוגורט ביו 3% לבן מארז 150X8מ""ל",מיוצר עי קונדיטוריית,IL,מ. דנונה 8 חסכון ביו 3% 1,גרמים,1200.00,100 גרם,false,,16.90,0.0141,true,1,1256208
7290005839108,false,סימפוניה 5% עם זיתים 200 ג' שטראוס,"שטראוס בריאות בע""מ",IL,סימפ' 5% עם זתים,גרמים,200.00,100 גרם,false,,10.90,0.0545,true,1,1256209
7290005839313,false,"מילקי טופ שוקולד מגולגל 170 מ""ל",מיוצר עי קונדיטוריית,IL,מילקי טופ מגולגלת,גרמים,170.00,100 גרם,false,,4.60,0.0271,true,1,1256210
7290005870385,false,"קרם ידיים סחלב 100 מ""ל",שוורץ,IL,ק.ידיים סחלב 100,גרמים,100.00,100 גרם,false,,7.90,0.0790,true,1,1243384
7290005870484,false,"שמפו רימונים 750 מ""ל שיער צבוע",שוורץ,IL,שמפו רימונים שיער צבוע 75,מיליליטרים,750.00,"100 מ""ל",false,,14.90,0.0199,true,1,1243389
7290005870491,false,מרכך רימונים750מל,ש.שוורץ,IL,"מרכך רימונים 750 סמ""ק",מיליליטרים,750.00,"100 מ""ל",false,,14.90,0.0199,true,1,1243390
7290005870750,false,סרום-אנטי אייגינג רי,שוורץ,IL,"סרום ANTI-AGING 30 סמ""ק",מיליליטרים,30.00,"100 מ""ל",false,,89.90,2.9967,true,1,1609633
7290005872860,false,טלק מעושר באלוורה,שוורץ,IL,"טלקיה 300 סמ""ק מ.באלוורה",גרמים,300.00,100 גרם,false,,12.90,0.0430,true,1,1243407
7290005896620,false,מים מוגז ' סאן בנדטו ' יחידה,אקווה מינרלה סאן בנד,IT,מים מוגז סן בנדטו 1.,ליטרים,1.50,ליטר,false,,4.90,3.2667,true,1,1239497
7290005896637,false,מים סן בנדטו בודד 1.5 ליטר,אקווה מינרלה סאן בנד,IT,מים סאן-בנדטו 1.5 לי,ליטרים,1.50,ליטר,false,,3.90,2.6000,true,1,1239498
7290005902499,false,"מגב גומי 45 ס""מ + מקל",טירולר Tyroler,,מגבי גומי סיליקון,יחידה,0.00,יחידה,false,,79.90,0.0000,true,1,2041638
7290005930102,false,ג'ל חוחובה חזק שיק קולור,,,גל חובבה שיק קולור,יחידה,0.00,יחידה,false,,19.90,0.0000,true,1,1365852
7290005930805,false,"חמאת גוף 350 מ""ל שיק",,,"חמאת גוף 350 מ""ל שיק",מיליליטרים,350.00,"100 מ""ל",false,,29.90,0.0854,true,1,1366660
7290005938030,false,פסטו זעתר,,,פסטו זעתר,גרמים,220.00,100 גרם,false,,16.90,0.0768,true,1,2076532
7290005938238,false,ממרח צ'ימצ'ורי פרסקו 220ג' מצונן,"פרסקו חצבה 2006 בע""מ",IL,צ'ימצ'ורי,גרמים,220.00,100 גרם,false,,15.90,0.0723,true,1,2076533
7290005938245,false,ממרח פסטו קלאסי פרסקו 220ג' מצונן,מיוצר עי פרסקו חצבה,IL,פסטו קלאסי,גרמים,220.00,100 גרם,false,,15.90,0.0723,true,1,2076534
7290005938627,false,ממרח עגבניות מיובשות 220ג',פרסקו חצבה 2006 בעמ,IL,ממרח עגבניות מיובשות,גרמים,220.00,100 גרם,false,,14.90,0.0677,true,1,2076537
7290005946554,false,לבבות קיסר,,,לבבות קיסר,יחידה,0.00,יחידה,false,,8.90,0.0000,true,1,1250214
7290005981258,false,שרפרף ילד,,,שרפרף ילד,יחידה,0.00,יחידה,false,,14.90,0.0000,true,1,2231174
7290005992018,false,"יוגורט עיזים לשתייה 3% 500 מ""ל רובין","מיוצר ע""י קוד יצרן M",IL,יוגורט עיזים 3% 1/2 ליטר,מיליליטרים,500.00,"100 מ""ל",false,,13.90,0.0278,true,1,1243212
7290005992247,false,"גבינה חלומי גד ק""ג.",מחלבות גד,IL,"חלומי מוסדי ק""ג שקיל",קילוגרמים,1.00,"ק""ג",true,,99.00,99.0000,true,1,1243215
7290005992575,false,בולגרית למריחה 5% 250 גרם - רבנות,מחלבות גד בעמ,IL,בולגרית למריחה 250 גרם,גרמים,250.00,100 גרם,false,,16.90,0.0676,true,1,1243218
7290005992667,false,"גבינה בולגרית 5% ק""ג",יושלם,IL,"פח בולגרית מסורתית 5% ק""ג",קילוגרמים,1.00,"ק""ג",true,,56.00,56.0000,true,1,1243220
7290005992735,false,לאבנה טבעית 5% 250 גר' - רבנות,הנסיך- מפעל לייצור ט,IL,לאבנה 5% 250 גרם,גרמים,250.00,100 גרם,false,,12.90,0.0516,true,1,1243222
7290005992858,false,גבינה פטה עיזים 5% ש,יושלם,IL,פטה עיזים מעודנת 5% דלי 4,קילוגרמים,1.00,"ק""ג",true,,110.00,110.0000,true,1,1243223
7290005992872,false,גבינה צפתית 5% מעודנ,מחלבות גד,IL,"צפתית רכה במים 5% ק""ג שקי",קילוגרמים,1.00,"ק""ג",true,,59.00,59.0000,true,1,1243224
7290005992889,false,גד גבינת שמנת שמיר 3,מחלבות גד,IL,גבינת שמנת שום שמיר 30% 2,קילוגרמים,1.00,"ק""ג",true,,49.00,49.0000,true,1,1243225
7290005992902,false,גבינת שמנת 30% ירקות,מחלבות גד,IL,"גבינת שמנת ירקות 30% בד""ץ",קילוגרמים,1.00,"ק""ג",true,,49.00,49.0000,true,1,1243226
7290005992957,false,פטה עיזים מסורתית 20,טבע עז,IL,"פטה עיזים בדלי 8 ק""ג",קילוגרמים,1.00,"ק""ג",true,,110.00,110.0000,true,1,1243230
7290005992964,false,"גבינה פטה כבשים ק""ג.",גדישון,IL,"פטה כבשים דלי 4 ק""ג",קילוגרמים,1.00,"ק""ג",true,,110.00,110.0000,true,1,1243231
7290005996078,false,סרוולד הונגרי יחיעם,מעדני יחיעם,IL,סלמי סרוולט הונגרי,גרמים,125.00,100 גרם,false,,22.90,0.1832,true,1,2209102
7290005996153,false,נקניקיות צרפתיות פרימיום 280 ג',מעדני יחיעם,IL,נקניקיות פרמיום צו'ר,גרמים,280.00,100 גרם,false,,19.90,0.0711,true,1,2209112
7290005996221,false,פסטרמה של פעם דק דק 120 גר',פ.פ.ח. שאביט,IL,פסטרמה של פעם דק דק,גרמים,120.00,100 גרם,false,,14.90,0.1242,true,1,2155557
7290005996238,false,פסטרמה בדבש דק דק 120 גר',פ.פ.ח. שאביט,IL,פסטרמה בדבש דק דק,גרמים,120.00,100 גרם,false,,14.90,0.1242,true,1,2155558
7290005996276,false,פסטרמה ברבקיו דק דק 120 גר',פ.פ.ח. שאביט,IL,פסטרמה ברביקיו דק דק,גרמים,120.00,100 גרם,false,,14.90,0.1242,true,1,2155559
7290006030054,false,גבינת שמנת שום שמיר,,,גבינת שמנת שום שמיר,קילוגרמים,1.00,"ק""ג",true,,39.00,39.0000,true,1,2137374
7290006030061,false,גבינת שמנת זיתים 25%,,,גבינת שמנת זיתים 25%,קילוגרמים,1.00,"ק""ג",true,,39.00,39.0000,true,1,2137375
7290006030207,false,גבינת שמנת טבעי 5% כ,,,גבינת שמנת טבעי 5% ב,קילוגרמים,1.00,"ק""ג",true,,29.00,29.0000,true,1,2137376
7290006030214,false,גבינת שמנת שום שמיר,,,גבינת שמנת 5% שום שמ,קילוגרמים,1.00,"ק""ג",true,,29.00,29.0000,true,1,2137377
7290006030221,false,גבינת שמנת זיתים 5%,,,גבינת שמנת 5% זיתים,קילוגרמים,1.00,"ק""ג",true,,29.00,29.0000,true,1,2137378
7290006040619,false,"גבינת טבורוג 5% בד""צ",,,"גבינת טבורוג 5% בד""צ",קילוגרמים,1.00,"ק""ג",true,,29.00,29.0000,true,1,2137379
7290006041043,false,טבורוג עם צימוקים כפ,,,גבינת טבורוג עם צימו,קילוגרמים,1.00,"ק""ג",true,,29.00,29.0000,true,1,2137380
7290006131034,false,פילה נסיכת הנילוס פר,,,פילה נסיכת הנילוס פר,קילוגרמים,1.00,"ק""ג",true,,54.90,54.9000,true,1,1227292
7290006131058,false,פילה טונה פרוס בוואק,,,פילה טונה פרוס במגש,קילוגרמים,1.00,"ק""ג",true,,49.90,49.9000,true,1,2283516
7290006131102,false,הליבוט עם עור פרוס ב,,,דג הליבוט פרוס,קילוגרמים,1.00,"ק""ג",true,,79.90,79.9000,true,1,1227294
7290006131386,false,דג בקלה ארוז,,,דג בקלה ארוז,קילוגרמים,1.00,"ק""ג",true,,21.90,21.9000,true,1,1227297
7290006131447,false,מקרל קפוא,,,דגי מקרל,קילוגרמים,1.00,"ק""ג",true,,23.90,23.9000,true,1,1308256
7290006131560,false,סרדינים ארוזים,,,סרדינים ארוזים,קילוגרמים,1.00,"ק""ג",true,,21.90,21.9000,true,1,2233415
7290006131591,false,פילה ברבוניה בוואקום,,,דג פילה ברבוניה 400,גרמים,400.00,100 גרם,false,,24.90,0.0622,true,1,1777142
7290006131782,false,פילה סלמון נורבגי,,,פילה סלמון נורבגי,קילוגרמים,1.00,"ק""ג",true,,79.90,79.9000,true,1,1308257
7290006131812,false,פילה אמנון 7-9 בוואק,,,פילה אמנון 7-9 בוואק,קילוגרמים,1.00,"ק""ג",true,,29.90,29.9000,true,1,2126942
7290006185198,false,"פנינה קרם לחות לשיער גלי ומתולתל, 500 מ""ל",א.ארמן,IL,קרם לחות לשיער מתולת,מיליליטרים,500.00,"100 מ""ל",false,,16.90,0.0338,true,1,1261738
7290006185204,false,קרם לחות לשיער יבש פנינה רוזנבלום,א.ארמן,IL,קרם לחות לשיער יבש,מיליליטרים,500.00,"100 מ""ל",false,,16.90,0.0338,true,1,1261739
7290006199027,false,שלגוני גלידל שמינייה,הגלידות של פלדמן,IL,שלגוני גלידל שמינייה,גרמים,600.00,100 גרם,false,,29.90,0.0498,true,1,1249574
7290006229427,false,"סאן בנדטו מים מהאלפים מארז 500X6מ""ל",קריות זול,,מים סאן בנדטו 6X 500,מיליליטרים,3000.00,"100 מ""ל",false,,11.90,0.0040,true,1,1239504
7290006235220,false,קידס מגבונים טו גו 30יח,"ד""ר פישר Dr fischer",IL,'30 יח TO-GO קידס מגבונים,יח',30.00,יח',false,,5.90,0.1967,true,1,1265167
7290006235244,false,קמיל בלו משחת צמחי מרפא פסטה לתינוק 100 ג',"ד""ר פישר Dr fischer",IL,'קמיל בלו צמחי מרפא פסטה,גרמים,100.00,100 גרם,false,,19.90,0.1990,true,1,1265169
7290006241214,false,שקד טבעי קלית גת 200 ג',הדקלאים אגודת שיתופי,IL,שקד טבעי בשקית,גרמים,200.00,100 גרם,false,,15.90,0.0795,true,1,1838783
7290006241504,false,פריגת תפוזים קפוא 345 גרם,פריגת מצוננים,IL,תפוזים 340,גרמים,280.00,100 גרם,false,,9.90,0.0354,true,1,1243840
7290006241511,false,"פריגת קפוא לימון נענע 280 מ""ל",היינץ צפון אמריקה מק,IL,לימונענע 340,גרמים,280.00,100 גרם,false,,9.90,0.0354,true,1,1243841
7290006241535,false,תרכיז מנגו קפוא פריג,היינץ צפון אמריקה מק,IL,מנגו 340- ישן,גרמים,280.00,100 גרם,false,,9.90,0.0354,true,1,1243842
7290006241689,false,משקה לימון מרוכז קפו,היינץ צפון אמריקה מק,IL,לימון 340,גרמים,280.00,100 גרם,false,,9.90,0.0354,true,1,1243843
7290006251107,false,תה ויסוצקי צ'אי מסאלה 25 יח',מולינו ניקולי s.p.a,IL,צ'אי מסאלה,גרמים,50.00,100 גרם,false,,14.90,0.2980,true,1,1253835
7290006251268,false,תה ירוק תפוח וקינמון 25 שקיקים,קריות זול,IL,תה ירוק תפוח וקינמון,גרמים,37.50,100 גרם,false,,22.90,0.6107,true,1,1253836
7290006251275,false,תה ויסוצקי ירוק סיני 25יח',קריות זול,IL,תה ירוק סיני קלאסי,גרמים,37.50,100 גרם,false,,22.90,0.6107,true,1,1253837
7290006251282,false,תה קרנברי הגן הקסום 25 שקיקים,HIQ FOOD PRODUCTS,IL,חליטת חמוציות,גרמים,75.00,100 גרם,false,,16.90,0.2253,true,1,1253838
7290006251343,false,תה חליטה הגן הקסום פסיפלורה מנגו 25 שקיקים,קריות זול,IL,חליטת פסיפלורה- מנגו,גרמים,62.50,100 גרם,false,,16.90,0.2704,true,1,1253839
7290006251374,false,תה ירוק לימונית וגינגר 25 שקיקים ויסוצקי,קריות זול,IL,תה ירוק לימונית וגינגר,גרמים,37.50,100 גרם,false,,22.90,0.6107,true,1,1253840
7290006251589,false,תה ירוק עם עלי נענע 50 שקיקים ויסוצקי,בית ויסוצקי,IL,תה ירוק נענע,גרמים,75.00,100 גרם,false,,39.90,0.5320,true,1,1253841
7290006271181,false,מעדנות גחנון אפוי 750 גרם,מיוצר עי קונדיטוריית,IL,גחנון אפוי 750גר מעדנות,גרמים,750.00,100 גרם,false,,22.90,0.0305,true,1,1255003
7290006271648,false,"מיני בורקס תפו""א 800 ג' מעדנות","מעדנות בע""מ",IL,"מיני בורקס תפו""א 800 גרם",גרמים,800.00,100 גרם,false,,22.90,0.0286,true,1,1255009
7290006271655,false,מיני בורקס גבינה 800 ג' מעדנות,מיוצר עי קונדיטוריית,IL,מיני בורקס גבינה 800 גרם,גרמים,800.00,100 גרם,false,,24.90,0.0311,true,1,1255010
7290006271761,false,ג'חנון מיני אפוי מעדנות 600ג',מיוצר עי קונדיטוריית,IL,מיני גחנון אפוי מעדנות,גרמים,600.00,100 גרם,false,,22.90,0.0382,true,1,1255012
7290006272072,false,חטיפי פיצה בשקית מעדנות 650ג',"מעדנות בע""מ",IL,ריבועי פיצה.,גרמים,650.00,100 גרם,false,,29.90,0.0460,true,1,1255013
7290006272430,false,בצק עלים חמאה מעדנות 600 ג',מיוצר עי קונדיטוריית,IL,בצק עלים חמאה 600גר,גרמים,600.00,100 גרם,false,,27.90,0.0465,true,1,1255014
7290006287106,false,"נטורל - ווקס לשיער לעיצוב אלסטי 120 מ""ל",,,ווקס לשיער אלסטי נטו,מיליליטרים,120.00,"100 מ""ל",false,,24.90,0.2075,true,1,1258461
7290006306180,false,קנלוני גבינת עיזים 5,פסטה נונה Pasta Nonn,IL,קנלוני במילוי גבינת עיזים,גרמים,500.00,100 גרם,false,,32.90,0.0658,true,1,1254662
7290006306296,false,רביולי לורנצו גבינה 400ג' פסטה נונה,פסטנונה רמת דלטון מר,IL,רביולי במילוי גבינה במיוח,גרמים,400.00,100 גרם,false,,23.90,0.0597,true,1,1254663
7290006306302,false,רביולי במילוי גבינות פרמזן ריקוטה 400 ג' פסטה נונה,דורום תעשיות מזון ופ,IL,רביולי במילוי גבינות פרמז,גרמים,400.00,100 גרם,false,,23.90,0.0597,true,1,1254664
7290006306326,false,רביולי במילוי פטריות וגבינת פרמזן פסטה נונה 400 ג',דורום תעשיות מזון ופ,IL,רביולי במילוי פטריות וגבי,גרמים,400.00,100 גרם,false,,23.90,0.0597,true,1,1254666
7290006306333,false,רביולי במילוי תרד וגבינת ריקוטה פסטה נונה 400 ג',פסטה נונה Pasta Nonn,IL,רביולי במילוי תרד וגבינת,גרמים,400.00,100 גרם,false,,23.90,0.0597,true,1,1254667
7290006306340,false,ניוקי תפוייא 400 גר,דורום תעשיות מזון ופ,IL,ניוקי תפוח אדמה,גרמים,400.00,100 גרם,false,,20.90,0.0522,true,1,1254668
7290006306357,false,רביולי במילוי גבינת עיזים 400 ג' פסטה נונה,דורום תעשיות מזון ופ,IL,רביולי במילוי גבינת עיזים,גרמים,400.00,100 גרם,false,,23.90,0.0597,true,1,1254669
7290006336453,false,"זיתים"" כפרי ובית",,,"זיתים"" כפרי ובית",קילוגרמים,1.00,"ק""ג",true,,49.00,49.0000,true,1,1249695
7290006342089,false,גרעיני חמניה קלויים,דין שיווק,,גרעין שחור 200 גרם,גרמים,200.00,100 גרם,false,,5.90,0.0295,true,1,1242865
7290006342577,false,פקאן סיני 200 גרם,דין שיווק,,פקאן סיני 200 גרם,גרמים,200.00,100 גרם,false,,24.90,0.1245,true,1,1242866
7290006342584,false,אגוזי מלך קלופים 300,דין שיווק,,אגוזי מלך קלופים 300,גרמים,300.00,100 גרם,false,,22.90,0.0763,true,1,1242867
7290006342591,false,גרעיני דלעת קלויים 2,דין שיווק,,גרעיני דלעת קלויים 2,גרמים,200.00,100 גרם,false,,7.90,0.0395,true,1,1242868
7290006363602,false,צינור לחץ משוריין 6,,,צינור לחץ משוריין 6,יחידה,0.00,יחידה,false,,12.90,0.0000,true,1,2157576
7290006374615,false,מזון מלכות מרוכז במיוחד 5.8% 340גר,קריות זול,IL,"מ""מ בדבש 340 (5.8%)",גרמים,340.00,100 גרם,false,,36.90,0.1085,true,1,1256845
7290006374653,false,דבש לייט מופחת קלוריות יד מרדכי 350 ג',קריות זול,IL,דש-לייט 350 גרם,גרמים,350.00,100 גרם,false,,24.90,0.0711,true,1,1256846
7290006374660,false,שמן זית קלאסי יד מרד,מכוורת יד מרדכי שטרא,IL,שמן זית 2 קלאסי 1 ליטר,ליטרים,1.00,ליטר,false,,42.90,42.9000,true,1,1256847
7290006374684,false,שמן זית כתית לתיבול,מכוורת יד מרדכי שטרא,IL,"שמן זית 2 קלאסי 500 מ""ל",מיליליטרים,500.00,"100 מ""ל",false,,24.90,0.0498,true,1,1256848
7290006374738,false,קונפיטורה תות 340 ג' יד מרדכי,אף.סי תבליני בגליל ב,IL,קונפיטורת תות 340 גרם,גרמים,340.00,100 גרם,false,,12.90,0.0379,true,1,1256850
7290006401366,false,ליגיניה פרוטקטיב,WHITEHALL ITALIA,IT,LIGINIA PROTECTIVE-SOAP,מיליליטרים,200.00,"100 מ""ל",false,,29.90,0.1495,true,1,1224310
7290006401373,false,ליגיניה אקטיב,WHITEHALL ITALIA,IT,LIGINIA ACTIVE-FRESH,מיליליטרים,200.00,"100 מ""ל",false,,29.90,0.1495,true,1,1224311
7290006429506,false,חצאי אפרסק טעמן 900 ג,,,אפרסק 820 גרם,גרמים,820.00,100 גרם,false,,7.90,0.0096,true,1,1248291
7290006448026,false,שמנת נפוליאון טבעי 3,קריות זול,IL,גבינת שמנת טבעי נפו,קילוגרמים,1.00,"ק""ג",true,,45.00,45.0000,true,1,2213431
7290006448033,false,גבינת שמנת זיתים נפוליאון 24% שומן 800 ג',תנובה,IL,גבינת שמנת זיתים נפ,קילוגרמים,1.00,"ק""ג",true,,45.00,45.0000,true,1,2213432
7290006448040,false,גבינת שמנת שום שמיר נפוליאון 25% שומן 800 ג',תנובה,IL,גבינת שמנת שום שמיר,קילוגרמים,1.00,"ק""ג",true,,45.00,45.0000,true,1,2213433
7290006492432,false,גבינת מוצרלה בייבי 18% 300 ג' גד,מחלבות גד בעמ,IL,מוצרלה בייבי 150 גרם,גרמים,150.00,100 גרם,false,,13.90,0.0927,true,1,1243237
7290006492630,false,גליל גד עז 22% 180 גרם - רבנות,מחלבות גד בעמ,IL,גליל גד עז 180 גרם,גרמים,180.00,100 גרם,false,,23.90,0.1328,true,1,1243241
7290006492647,false,מחלבות גד מטבעות גבי,"מיוצר ע""י קוד יצרן t",IL,מטבעות גבינת עיזים 150 גר,גרמים,150.00,100 גרם,false,,24.90,0.1660,true,1,1243242
7290006492685,false,לאבנה עיזים 5% 250 גרם - רובין,מחלבות גד בעמ,IL,לאבנה 5% עיזים 250 גרם,גרמים,250.00,100 גרם,false,,17.90,0.0716,true,1,1243243
7290006492852,false,גבינת עיזים למריחה 5% שומן 250 ג' גד,קריות זול,IL,גבינה למריחה 5% עיזים 250,גרמים,250.00,100 גרם,false,,17.90,0.0716,true,1,1243245
7290006494597,false,מרמולייט תרכיז תפוחי,זנלכל,IL,מרמולייט סירופ בטעם תפוחי,ליטרים,1.00,ליטר,false,,19.90,19.9000,true,1,1266284
7290006494917,false,מרמולייט ופל בטעם שוקולד 180 ג',"איטיליאן פוד, אס.פי.",IL,טוסו ופל קלאסי בטעם שוקול,גרמים,200.00,100 גרם,false,,9.90,0.0495,true,1,1266292
7290006494924,false,מרמולייט וופל בטעם לימון 200 ג',קריות זול,,טוסו ופל בטעם לימון.,גרמים,180.00,100 גרם,false,,9.90,0.0550,true,1,1266293
7290006498052,false,דנונה ביו יוגורט טבעי מהדרין 3% 150 ג',שטראוס גרופ,,יוגורט טבעי 3% -מהדר,גרמים,165.00,100 גרם,false,,2.80,0.0170,true,1,1256211
7290006511157,false,"פטריות שלמות ויליפוד 400 גרם בד""ץ",אוקצ'מפס אס.איי אויי,PL,פטריות שלם 400גרם בד'צ,גרמים,400.00,100 גרם,false,,7.90,0.0198,true,1,1226539
7290006511683,false,פולי סויה מאנצ`ו קפוא 454 ג' וילפוד,קו.אל.טי.די.קיאוניונ,CN,פולי סויה קפואים 454גרם(מ,גרמים,454.00,100 גרם,false,,8.90,0.0196,true,1,1226542
7290006511904,false,כדורי גבינת אדם וילי,ברגלנדמיל,AT,גבינת אדם כדורים (שקיל) ח,קילוגרמים,1.00,"ק""ג",true,,59.00,59.0000,true,1,1226547
7290006515926,false,מארז משקה קוקטייל אפ,IBBLS,IT,מארז משקה קוקטייל אפ,מיליליטרים,700.00,"100 מ""ל",false,,89.90,0.1284,true,1,2186141
7290006541901,false,ממרח שום 180גרם מוטי,"איטיליאן פוד, אס.פי.",IL,ממרח שום 180גרם מוטי,גרמים,180.00,100 גרם,false,,19.90,0.1106,true,1,1331418
7290006541925,false,ממרח עגבניות ולימון,,,ממרח עגבניות ולימון,גרמים,180.00,100 גרם,false,,19.90,0.1106,true,1,2213979
7290006546012,false,שעועית בנוסח מקסיקני בטעם חריף 580 ג' פרי הגליל,"פרי הגליל בע""""מ",IL,צ'לי חריף בנוסח מקסיקני 5,גרמים,580.00,100 גרם,false,,6.90,0.0119,true,1,1261156
7290006546302,false,"צ'יפס קיטרינג פרי גליל 1.5 ק""ג","פרי הגליל בע""""מ",IL,צ'יפס קטרינג 1.5פג רבנות,קילוגרמים,1.50,"ק""ג",false,,18.90,12.6000,true,1,1261158
7290006546319,false,"צי'פס סטייק פרי גליל 1.5ק""ג","פרי הגליל בע""""מ",IL,סטייק צ'יפס 1.5פג רבנות,קילוגרמים,1.50,"ק""ג",false,,18.90,12.6000,true,1,1261159
7290006546333,false,ציפס קפוא פרי גליל 7,"פרי הגליל בע""""מ",IL,צ'יפס 700ג פג,גרמים,700.00,100 גרם,false,,9.90,0.0141,true,1,1261160
7290006546371,false,במיה 600 ג' פרי הגליל,"פרי הגליל בע""""מ",IL,במיה 600פג,גרמים,600.00,100 גרם,false,,14.90,0.0248,true,1,1261161
7290006546388,false,תחתיות ארטישוק קפוא פרי הגליל 400ג',"פרי הגליל בע""""מ",IL,ת.ארטישוק 400פג,גרמים,400.00,100 גרם,false,,19.90,0.0497,true,1,1261162
7290006546395,false,לקט העונה קפוא פרי הגליל 800ג',"פרי הגליל בע""""מ",IL,לקט העונה 800פג,גרמים,800.00,100 גרם,false,,12.90,0.0161,true,1,1261163
7290006546500,false,צ'יפס זיגזג קפוא פרי גליל 800 ג',"פרי הגליל בע""""מ",IL,צ'יפס זיגזג 800פג,גרמים,800.00,100 גרם,false,,9.90,0.0124,true,1,1261165
7290006546517,false,צי'פס סטייק קפוא פרי הגליל 800 ג',"פרי הגליל בע""""מ",IL,סטייק צ'יפס 800פג רבנות,גרמים,800.00,100 גרם,false,,9.90,0.0124,true,1,1261166
7290006546524,false,צי'פס מובחר קפוא פרי גליל 800 ג',"פרי הגליל בע""""מ",IL,צ'יפס מובחר 800פג,גרמים,800.00,100 גרם,false,,9.90,0.0124,true,1,1261167
7290006546982,false,לקט סיני 800 ג' פרי הגליל,"פרי הגליל בע""""מ",IL,לקט סיני 800פג,גרמים,800.00,100 גרם,false,,14.90,0.0186,true,1,1261177
7290006546999,false,לקט למרק פרי הגליל 800 ג',"פרי הגליל בע""""מ",IL,לקט למרק 800פג,גרמים,800.00,100 גרם,false,,9.90,0.0124,true,1,1261178
7290006559067,false,בורטה,,,בורטה,גרמים,220.00,100 גרם,false,,29.90,0.1359,true,1,2205103
7290006559098,false,לבנה בשמן זית 250 גר,,,לבנה בשמן זית 250 גר,גרמים,250.00,100 גרם,false,,24.90,0.0996,true,1,1248011
7290006559265,false,גבינת מוצרלה 250 גרם,,,גבינת מוצרלה 250 גרם,גרמים,250.00,100 גרם,false,,32.90,0.1316,true,1,1248015
7290006559340,false,גבינת מוצרלה בייבי15,,,גבינת מוצרלה בייבי15,גרמים,150.00,100 גרם,false,,22.90,0.1527,true,1,1248016
7290006559630,false,צפתית בופלו במליחות,,,צפתית בופלו במליחות,גרמים,250.00,100 גרם,false,,29.90,0.1196,true,1,1703503
7290006559807,false,בלה מוצרלה די בופלו,,,בלה מוצרלה די בופלו,גרמים,150.00,100 גרם,false,,24.90,0.1660,true,1,1703513
7290006562906,false,פרמיו הודו וכבש לחתולים,פרמיו Premio,,פרמיו הודו וכבש 15ג',גרמים,15.00,100 גרם,false,,6.90,0.4600,true,1,2274331
7290006567048,false,קוסקוס ישראלי מפתול אסם 350ג',"מיוצר ע""י קוד יצרן K",IL,אסם פתיתי קוסקוס ישראלי 3,גרמים,350.00,100 גרם,false,,6.90,0.0197,true,1,1223519
7290006582355,false,סילאן דבש תמרים כשר,"דין שיווק וקליה בע""מ",IL,סילאן 900 גרם,גרמים,900.00,100 גרם,false,,12.90,0.0143,true,1,1263752
7290006582621,false,פירורי לחם פנקו מוזה,דין שיווק,,פירורי לחם פנקו מוזה,גרמים,300.00,100 גרם,false,,4.90,0.0163,true,1,1242873
7290006618078,false,"אסטוניש מרסס ניקוי יסודי 750 מ""ל",אסטוניש Astonish,GB,אסטוניש מרסס-למטבח,מיליליטרים,750.00,"100 מ""ל",false,,11.90,0.0159,true,1,1241023
7290006618085,false,"אסטוניש - מרסס לחדר האמבט עם אקונומיקה 750 מ""ל",אסטוניש Astonish,GB,אסטוניש מרסס כחול-לאמבט,מיליליטרים,750.00,"100 מ""ל",false,,11.90,0.0159,true,1,1241024
7290006618610,false,6 ספוגיות כלים חלבי / בשרי,פלספק,TR,הפי ספוגיות חלבי/בשרי שיש,יח',6.00,יח',false,,7.90,1.3167,true,1,1241031
7290006651211,false,"ד""ר פישר - מגבוני איי קר לעיניים רגישות 40 יחידות","ד""ר פישר Dr fischer",IL,40 סשטים בקופסא EYE CARE,יח',40.00,יח',false,,49.90,1.2475,true,1,1283677
7290006651570,false,קמיל בלו שמפו ואלסבון 750ג',"ד""ר פישר Dr fischer",IL,קמיל בלו צמחי מרפא שמפו ו,מיליליטרים,750.00,"100 מ""ל",false,,19.90,0.0265,true,1,1265179
7290006651730,false,"ד""ר פישר - אלכוג'ל מגבונים לשמירת היגייניית הידיים 20 יח'","ד""ר פישר Dr fischer",IL,20 אלכוויפס מגבונים לשמיר,יח',20.00,יח',false,,15.90,0.7950,true,1,1265181
7290006652027,false,במבה מארז 20 יח' *15ג' אסם,מיוצר עי קונדיטוריית,IL,במבה אריזת תינוק 15 גרם מ,גרמים,300.00,100 גרם,false,,24.90,0.0830,true,1,1223524
7290006653765,false,פסטה פרפקטו פטוציני 500ג' אסם,קריות זול,IT,פרפקטו פטוצ'יני 500 גרם,גרמים,500.00,100 גרם,false,,6.90,0.0138,true,1,1223527
7290006653819,false,קוסקוס דק בשקית אסם,"מיוצר ע""י קוד יצרן K",IL,אסם קוסקוס דק 350 גרם,גרמים,350.00,100 גרם,false,,6.90,0.0197,true,1,1223528
7290006660411,false,מגבונים אקולוגים טבע,,,מגבונים אקולוגים טבע,יח',72.00,יח',false,,8.90,0.1236,true,1,1406024
7290006660602,false,מי קוקוס אורגני גרין,בן טרה ג'וינט סטוק,PH,מי קוקוס אורגני 1 לי,ליטרים,1.00,ליטר,false,,17.90,17.9000,true,1,2129531
7290006664037,false,גמדים דגנים ארוחת בוקר מארז 100X4ג',"שטראוס בריאות בע""מ",IL,4 גמדים דגנים,גרמים,400.00,100 גרם,false,,11.90,0.0298,true,1,1256215
7290006664051,false,"אקטימל לבן מארז 100X14 מ""ל",מיוצר עי קונדיטוריית,IL,אקטימל 14 טבעי,גרמים,1512.00,100 גרם,false,,31.50,0.0208,true,1,1256216
7290006664310,false,גבינה לבנה 3% שומן 250 ג' שטראוס,מיוצר עי קונדיטוריית,IL,סקי 3% 250 גרם,גרמים,250.00,100 גרם,false,,4.95,0.0198,true,1,1256218
7290006664402,false,גבינה 5% שומן 750 ג' שטראוס,מיוצר עי קונדיטוריית,IL,סקי% 5 750 גרם,גרמים,750.00,100 גרם,false,,14.85,0.0198,true,1,1256220
7290006664532,false,יוגורט עם תות 3% שומן 150 ג' דנונה,מיוצר עי קונדיטוריית,IL,דנונה תות 3%,גרמים,150.00,100 גרם,false,,4.10,0.0273,true,1,1256221
7290006664655,false,"אקטימל לבן טבעי מארז 100X8 מ""ל",מיוצר עי קונדיטוריית,IL,אקטימל טבעי שמיניה,גרמים,864.00,100 גרם,false,,19.90,0.0230,true,1,1256223
7290006664693,false,יוגורט עם אפרסק 3% שומן 150 ג' דנונה,מיוצר עי קונדיטוריית,IL,דנונה אפרסק 3%,גרמים,150.00,100 גרם,false,,4.10,0.0273,true,1,1256224
7290006664990,false,דנונה ביו מארז חיסכון 1.5% 8 יח' *150 ג',מיוצר עי קונדיטוריית,IL,מארז דנונה שמינייה 1.7% ח,גרמים,1200.00,100 גרם,false,,16.90,0.0141,true,1,1256226
7290006666444,false,סלט עגבניות מטבוחה חריף,משני,,סלט מטבוחה סלטי משני,גרמים,300.00,100 גרם,false,,19.90,0.0663,true,1,2159149
7290006666567,false,חציל מרוקאי סלטי משנ,,,חציל מרוקאי סלטי משנ,גרמים,300.00,100 גרם,false,,22.90,0.0763,true,1,2161640
7290006666819,false,פלפל שומה סלטי משני,משני,,פלפל שומה סלטי משני,גרמים,150.00,100 גרם,false,,12.90,0.0860,true,1,2159132
7290006666833,false,סחוג אדום סלט פלפלים,משני,,סחוג אדום סלטי משני,גרמים,150.00,100 גרם,false,,12.90,0.0860,true,1,2159134
7290006666840,false,עריסה ביתית סלט פלפלים,משני,,עריסה ביתית סלטי משנ,גרמים,150.00,100 גרם,false,,12.90,0.0860,true,1,2159135
7290006681553,false,שטראוס קרמבו ווניל 8יח,"גלידת שטראוס בע""מ",IL,קרמבו 1/8 וניל,גרמים,200.00,100 גרם,false,,13.90,0.0695,true,1,1251590
7290006681560,false,שטראוס קרמבו מוקה 8יח,"גלידת שטראוס בע""מ",IL,קרמבו 1/8 מוקה,גרמים,200.00,100 גרם,false,,13.90,0.0695,true,1,1251591
7290006712684,false,ספיד סטיק 24/7 סטיק כחול,קולגייט פלמוליב,US,ספיד סטיק 24/7 סטיק כחול,גרמים,50.00,100 גרם,false,,17.90,0.3580,true,1,1253232
7290006712981,false,"קולגייט משחת שיניים סמיילס לגילאי 6 50 מ""ל",הנסיך- מפעל לייצור ט,PL,קולגייט משחת ילדים 6+ ספי,מיליליטרים,50.00,"100 מ""ל",false,,12.90,0.2580,true,1,1253234
7290006724472,false,טחינה אורגנית 500גרם,אחדות,IL,טחינה אורגנית 500גרם,גרמים,500.00,100 גרם,false,,15.90,0.0318,true,1,1331316
7290006739292,false,נקניק פסטרמה פרגיות ציפוי תירס,נקניק נהריה כשר זוגל,IL,פסטרמה תבור,גרמים,330.00,100 גרם,false,,24.90,0.0755,true,1,1238263
7290006739346,false,נקניקיות פרגיות טרי 400 גרם זוגלובק,נקניק נהריה כשר זוגל,IL,נקניקיות פרגיות 400,גרמים,400.00,100 גרם,false,,12.90,0.0323,true,1,1238264
7290006739407,false,שניצל תירס לייט 630 ג' זוגלובק,נקניק נהריה כשר זוגל,IL,שניצל תירס לייט 630,גרמים,630.00,100 גרם,false,,29.90,0.0475,true,1,1238265
7290006739445,false,שניצל תירס קלאסי 750 ג' זוגלובק,נקניק נהריה כשר זוגל,IL,שניצל תירס קלאסי 750,גרמים,750.00,100 גרם,false,,29.90,0.0399,true,1,1238268
7290006739544,false,כתף בקר 300 ג' זוגלובק,זוגלובק,IL,כתף בקר 300 גרם,גרמים,300.00,100 גרם,false,,29.90,0.0997,true,1,1238269
7290006742162,false,המבורגר מזרחי זוגלובק 400 גר',נקניק נהריה כשר זוגל,IL,המבורגר מזרחי 400 גר,גרמים,400.00,100 גרם,false,,19.90,0.0497,true,1,1238286
7290006742179,false,קבב מזרחי זוגלובק 400 גר',נקניק נהריה כשר זוגל,IL,קבב מזרחי 400 גרם,גרמים,400.00,100 גרם,false,,19.90,0.0497,true,1,1238287
7290006742278,false,פסטרמה הודו צלויה על לבנים 330 ג' זוגלובק,נקניק נהריה כשר זוגל,IL,פסטרממיה צלויה על לב,גרמים,330.00,100 גרם,false,,24.90,0.0755,true,1,1238288
7290006742292,false,פסטרמה הודו בדבש 330 ג' זוגלובק,נקניק נהריה כשר זוגל,IL,נקניק חזה הודו בדבש,גרמים,330.00,100 גרם,false,,24.90,0.0755,true,1,1664150
7290006764478,false,בירה שחורה מאלט בקבו,"טמפו משקאות בע""מ",IL,"בירה מאלט נשר 330 מ""",מיליליטרים,330.00,"100 מ""ל",false,,4.90,0.0148,true,1,1239506
7290006764485,false,"בירה נשר מאלט שחורה מארז 330X6מ""ל",קריות זול,,שישייה נשר מאלט 330,ליטרים,1.98,ליטר,false,,26.90,13.5859,true,1,1239507
7290006765451,false,פיסטוק קלוי ענק 250,דין שיווק,,פיסטוק קלוי ענק 250,גרמים,250.00,100 גרם,false,,19.90,0.0796,true,1,1242877
7290006765468,false,שקד קלוי ענק 250 גרם,דין שיווק,,שקד קלוי ענק 250 גרם,גרמים,250.00,100 גרם,false,,19.90,0.0796,true,1,1242878
7290006765475,false,בוטן קלוי ענק 250 גר,דין שיווק,,בוטן קלוי ענק 250 גר,גרמים,250.00,100 גרם,false,,9.90,0.0396,true,1,1242879
7290006765482,false,קשיו קלוי ענק 250 גר,דין שיווק,,קשיו קלוי ענק 250 גר,גרמים,250.00,100 גרם,false,,19.90,0.0796,true,1,1242880
7290006775016,false,עוגה מבית טוב 450 גרם תפוז,אחדות ביחר לטחינה חל,IL,עוגת תפוז 450 גרם,גרמים,450.00,100 גרם,false,,9.90,0.0220,true,1,1224482
7290006775023,false,"עוגה מבית טוב"" 450 גרם אנגלית",אחדות ביחר לטחינה חל,IL,עוגה אנגלית 450 גרם,גרמים,450.00,100 גרם,false,,9.90,0.0220,true,1,1224483
7290006775030,false,"עוגה מבית טוב"" 450 גרם שוקו-ציפס",אחדות ביחר לטחינה חל,IL,עוגת שוקו ציפס 450 גרם,גרמים,450.00,100 גרם,false,,9.90,0.0220,true,1,1224484
7290006775047,false,"עוגה מבית טוב"" 450 גרם שוקולד",אחדות ביחר לטחינה חל,IL,עוגה בטעם שוקולד 450 גרם,גרמים,450.00,100 גרם,false,,9.90,0.0220,true,1,1224485
7290006775054,false,עוגת שיש אחווה 450 ג' אחוה,אחדות ביחר לטחינה חל,IL,עוגת שיש 450 גרם,גרמים,450.00,100 גרם,false,,9.90,0.0220,true,1,1224486
7290006775344,false,עוגת שמרים קינמון ואגוזי מלך 400 גרם,אחדות ביחר לטחינה חל,IL,עוגת שמרים במילוי קרם קינ,גרמים,400.00,100 גרם,false,,10.90,0.0273,true,1,1224493
7290006775764,false,"עוגת שוקוצ'יפס לל""ס אחדות 400 גר'",אחדות ביחר לטחינה חל,IL,עוגת שוקוצ'יפס ללא תוספת,גרמים,400.00,100 גרם,false,,10.90,0.0273,true,1,1224497
7290006775795,false,"עוגת תפו""ע אחוה במילוי עדין 450'","אחדות ביח""ר לטחינה ח",IL,עוגת תפוח עץ עם מילוי מע,גרמים,450.00,100 גרם,false,,10.90,0.0242,true,1,2136223
7290006775894,false,אחדות עוגת שיש ללא תוספת סוכר 400 גרם,"אחדות ביח""ר לטחינה ח",IL,עוגת שיש ללא תוספת סוכר,גרמים,400.00,100 גרם,false,,10.90,0.0273,true,1,1224499
7290006784865,false,סנט מוריץ לניקוי משטחי מטבחים מרוכז ועוצמתי 1ל',קומפלקס כימיקלים,IL,מתז מטבחים מרוכז ועו,ליטרים,1.00,ליטר,false,,10.90,10.9000,true,1,2170884
7290006788313,false,"קרליין - חלב פנים לעור יבש / עדין 260 מ""ל",,,חלב פנים לעור יבש/עד,מיליליטרים,250.00,"100 מ""ל",false,,24.90,0.0996,true,1,1258481
7290006788337,false,"דאודורנט סטיק נושם 50 מ""ל קרליין",אמיליה קוסמטיקס,IL,דאו.קרליין סטיק נושם סנסט,גרמים,50.00,100 גרם,false,,16.90,0.3380,true,1,1258483
7290006788351,false,קרליין דאודורנט סטיק נושם כחול,אמיליה קוסמטיקס,IL,דאו.קרליין סטיק נושם אקוו,גרמים,50.00,100 גרם,false,,16.90,0.3380,true,1,1258484
7290006788375,false,קרליין דאודורנט סטיק נושם ורוד,אמיליה קוסמטיקס,IL,דאו.קרליין סטיק נושם פיור,מיליליטרים,50.00,"100 מ""ל",false,,16.90,0.3380,true,1,1258486
7290006788382,false,"דאודורנט סטיק סגול 50 מ""ל קרליין",אמיליה קוסמטיקס,IL,דאו.קרליין סטיק נושם אוקס,גרמים,50.00,100 גרם,false,,16.90,0.3380,true,1,1258487
7290006788399,false,"קרליין דאודורנט רול און נושם טורקיז 75 מ""ל",אמיליה קוסמטיקס,IL,דאו.קרליין רולאון נושם סנ,מיליליטרים,75.00,"100 מ""ל",false,,12.90,0.1720,true,1,1258488
7290006788405,false,"קרליין - נושם אקטיב דאודורנט רול און לאישה ברודו 75 מ""ל",אמיליה קוסמטיקס,IL,דאו.קרליין רולאון נושם אק,מיליליטרים,75.00,"100 מ""ל",false,,12.90,0.1720,true,1,1258489
7290006788412,false,"קרליין - נושם אקווה דאודורנט רול און לאישה כחול 75 מ""ל",אמיליה קוסמטיקס,IL,דאו.קרליין רולאון נושם אק,מיליליטרים,75.00,"100 מ""ל",false,,12.90,0.1720,true,1,1258490
7290006788429,false,"קרליין - נושם סאן רייס דאודורנט רול און לאישה כתום 75 מ""ל",אמיליה קוסמטיקס בעמ,IL,דאו.קרליין רולאון נושם סנ,מיליליטרים,75.00,"100 מ""ל",false,,12.90,0.1720,true,1,1258491
7290006788450,false,"קרליין - נושם סנסטיב דאודורנט ספריי לאישה ירוק 200 מ""ל",מיוצר עי : אמיליה קו,IL,דאו.קרליין ספריי סנסטיב 2,מיליליטרים,200.00,"100 מ""ל",false,,12.90,0.0645,true,1,1258494
7290006788467,false,"קרליין - נושם אקטיב דאודורנט ספריי לאישה בורדו 200 מ""ל",מיוצר עי : אמיליה קו,IL,דאו.קרליין ספרי אקטיב 200,מיליליטרים,200.00,"100 מ""ל",false,,12.90,0.0645,true,1,1258495
7290006788474,false,"קרליין - נושם אקווה דאודורנט ספריי לאישה כחול 200 מ""ל",אמיליה קוסמטיקס,IL,דאו.קרליין ספריי אקווה 20,גרמים,75.00,100 גרם,false,,12.90,0.1720,true,1,1258496
7290006788481,false,"קרליין - נושם סאן רייס דאודורנט ספריי לאישה כתום 200 מ""ל",מיוצר עי : אמיליה קו,IL,דאו.קרליין ספריי סאנרייז,מיליליטרים,200.00,"100 מ""ל",false,,12.90,0.0645,true,1,2266785
7290006788498,false,"קרליין - נושם פיור דאודורנט ספריי לאישה ורוד 200 מ""ל",מיוצר עי : אמיליה קו,IL,דאו.קרליין ספריי פיור 200,מיליליטרים,200.00,"100 מ""ל",false,,12.90,0.0645,true,1,1258498
7290006788504,false,"קרליין - נושם אוקסיג'ן דאודורנט ספריי לאישה סגול 200 מ""ל",מיוצר עי : אמיליה קו,IL,דאו.קרליין ספריי אוקסיג'ן,מיליליטרים,200.00,"100 מ""ל",false,,12.90,0.0645,true,1,1258499
7290006788559,false,"טיטניום ICE דאודורנט תרסיס ספריי 180 מ""ל",,,טיטניום בלו דיאודורנ,מיליליטרים,180.00,"100 מ""ל",false,,14.90,0.0828,true,1,1258501
7290006788924,false,"דאודורנט ספריי 175 מ""ל ME",,,דאודורנט תרסיס CAREL,מיליליטרים,175.00,"100 מ""ל",false,,19.90,0.1137,true,1,1258506
7290006788948,false,"קרליין דאודורנט תרסיס ספריי מיסט 175 מ""ל",,,דאודורנט תרסיס CAREL,מיליליטרים,175.00,"100 מ""ל",false,,19.90,0.1137,true,1,1258507
7290006789631,false,"קרליין קרם לחות לשיער רגיל 400 מ""ל",אמיליה קוסמטיקס,IL,"קרם ""10"" שיער רגיל400מ""ל",מיליליטרים,400.00,"100 מ""ל",false,,16.90,0.0422,true,1,1258518
7290006789655,false,"קרליין קרם לחות לבניית תלתלים 400 מ""ל",מיוצר עי : אמיליה קו,IL,"קרם ""10"" לסרוק קל 400מל",מיליליטרים,400.00,"100 מ""ל",false,,16.90,0.0422,true,1,1258520
7290006789914,false,"קרליין - מי פנים אויל פרי 260 מ""ל",,,מי פנים OIL FREE,מיליליטרים,250.00,"100 מ""ל",false,,24.90,0.0996,true,1,1258524
7290006789921,false,"קרליין - תחליב לחות אויל פרי 50 מ""ל",,,תח.לחות קל נ.שומן-OI,מיליליטרים,70.00,"100 מ""ל",false,,34.90,0.4986,true,1,1258525
7290006791481,false,"נטורל - שמן ארגן מרוקאי לשיער יבש 145 מ""ל",אמיליה קוסמטיקס,IL,שמן ארגן לשיער יבש 145מל,מיליליטרים,150.00,"100 מ""ל",false,,49.90,0.3327,true,1,1258529
7290006791498,false,"נטורל - שמן אגוז ברזילאי לשיער צבוע 145 מ""ל",אמיליה קוסמטיקס,IL,שמן ברזילאי ש.צבוע 145מל,מיליליטרים,150.00,"100 מ""ל",false,,49.90,0.3327,true,1,1258530
7290006805355,false,תערובת להכנת כדורי שוקולד פילסברי 500ג',הדקלאים אגודת שיתופי,IL,תערובת להכנת כדורי שוקולד,גרמים,500.00,100 גרם,false,,19.90,0.0398,true,1,1241749
7290006805850,false,תערובת להכנת פנקייקס 500ג' פילסברי,הדקלאים אגודת שיתופי,IL,תערובת להכנת פנקייק.,גרמים,500.00,100 גרם,false,,19.90,0.0398,true,1,1241750
7290006822192,false,מיץ חמוציות דיאט אושן ספריי 1 ליטר,מבשלות בירה בינלאומי,IL,פריגת דיאטאושןספריחמוציות,ליטרים,1.00,ליטר,false,,11.90,11.9000,true,1,1249877
7290006855183,false,חטיף תמרים אגוזי מלך ברבריא 4*30 ג',טבעית מוצרים מן הטבע,IL,ברבריא חטיף בר תמרים אגוז,גרמים,120.00,100 גרם,false,,15.90,0.1325,true,1,1223532
7290006855190,false,חטיף תמרים ואגוזי מלך עם בננה ללא תוספת סוכר,ברבריא Barbary,,חטיף בר תמרים בננה 4,גרמים,120.00,100 גרם,false,,15.90,0.1325,true,1,2155916
7290006855206,false,חטיף תמר שקדים וקוקוס ברבריא 4*30 ג',טבעית מוצרים מן הטבע,IL,ברבריא חטיף בר שזיפים קוק,גרמים,120.00,100 גרם,false,,15.90,0.1325,true,1,1223533
7290006855251,false,חטיף קשיו חמוציות וסילאן ברבריא 4*30 ג',טבעית מוצרים מן הטבע,IL,ברבריא חטיף בר קשיו אגוזי,גרמים,108.00,100 גרם,false,,15.90,0.1472,true,1,1223535
7290006855404,false,"ברבריא בייטס תמר מג'הול עם קשיו, שקדים ופיסטוק",ברבריא Barbary,,ברבריא בייטס תמר קשי,גרמים,55.00,100 גרם,false,,7.90,0.1436,true,1,2226179
7290006855428,false,חטיף תמר לוז קשיו ושברי פולי קקאו ברבריא בייטס 55 ג',BARBARY,,ברבריא בייטס תמר לוז,גרמים,55.00,100 גרם,false,,7.90,0.1436,true,1,2226180
7290006855435,false,ברבריא בייטס תמר מג'הול עם שקדים וקקוס בטעם אננס,ברבריא Barbary,,ברבריא בייטס תמר שקד,גרמים,55.00,100 גרם,false,,7.90,0.1436,true,1,2226181
7290006875365,false,סלט פיטריות חמות,,,סלט פיטריות חמות,קילוגרמים,1.00,"ק""ג",true,,49.00,49.0000,true,1,1262696
7290006875457,false,טחינה לבנה,פרי הגליל,IL,טחינה לבנה 4קג,קילוגרמים,1.00,"ק""ג",true,,22.00,22.0000,true,1,1261209
7290006920447,false,"גבינת פיצרלה מגורדת בד""צ 500 גר'",,,פיצרלה מגורדת 500 גר,גרמים,500.00,100 גרם,false,,24.90,0.0498,true,1,2136289
7290006920829,false,"תחליפי גבינ""צ צ'דר פרוס 350 גר'",,,צ'דר פרוס 350 גרם,גרמים,350.00,100 גרם,false,,13.90,0.0397,true,1,2136293
7290006920843,false,"תחליפי גבינ""צ מוצרלה פרוס 350 גר'",,,מוצרלה פרוס 350 גרם,גרמים,350.00,100 גרם,false,,14.90,0.0426,true,1,2136295
7290006920911,false,הולנדית פרוס 350ג' כפיר,,,הולנדי פרוס 350 גרם,גרמים,350.00,100 גרם,false,,13.90,0.0397,true,1,2136296
7290006920935,false,פיקנטית פרוס 350ג' כפיר,,,חריפה פרוס 350 גרם,גרמים,350.00,100 גרם,false,,13.90,0.0397,true,1,2136297
7290006920980,false,כדורי בייבי מוצרלה 1,,,מוצרלה בייבי,קילוגרמים,1.00,"ק""ג",true,,49.00,49.0000,true,1,2137381
7290006920997,false,כדורי מוצרלה 18% כפי,,,מוצרלה כדורים,קילוגרמים,1.00,"ק""ג",true,,49.00,49.0000,true,1,2137382
7290006983176,false,אוסם - לחמית שיפון 250 גרם,"אסם השקעות בע""מ",IL,לחמית שיפון 230 גרם,גרמים,230.00,100 גרם,false,,7.90,0.0343,true,1,1223538
7290006983206,false,אסם תערובת פלאפל בקלי קלות 180גר,"אסם השקעות בע""מ",IL,אסם פלאפל בקלי קלות 180 ג,גרמים,180.00,100 גרם,false,,8.90,0.0494,true,1,1223539
7290006983527,false,עוגת הבית תפוחי עץ עם פירורים 400 ג' אסם,מיוצר עי קונדיטוריית,IL,אסם הבית עוגת תפוחים פירו,גרמים,400.00,100 גרם,false,,15.90,0.0398,true,1,1223541
7290006983763,false,עוגת הבית שוקולד 400 גרם אסם.,מיוצר עי קונדיטוריית,IL,אסם הבית עוגה בטעם שוקולד,גרמים,400.00,100 גרם,false,,12.90,0.0323,true,1,1223542
7290006983787,false,עוגת הבית שוקוציפס 400 גרם אסם,מיוצר עי קונדיטוריית,IL,אסם הבית עוגת שוקולד צי'פ,גרמים,400.00,100 גרם,false,,12.90,0.0323,true,1,1223544
7290006983794,false,עוגת הבית תפוז 400 ג' אסם,מיוצר עי קונדיטוריית,IL,אסם הבית עוגה בטעם תפוז,גרמים,400.00,100 גרם,false,,12.90,0.0323,true,1,1223545
7290006989215,false,מקל עץ 1.5 הברגה,,,מקל עץ 1.5 הברגה,יחידה,0.00,יחידה,false,,9.90,0.0000,true,1,2209702
7290006992161,false,מטרנה - דייסת קורנפלור פרוביוטי 200 גרם,מולינו ניקולי s.p.a,IL,אבקה להכנת דייסת קורנפלור,גרמים,200.00,100 גרם,false,,14.90,0.0745,true,1,1223547
7290006992185,false,"מטרנה - דייסת אורז פרוביוטי כשל""פ 200 גרם",מולינו ניקולי s.p.a,IL,אבקה להכנת דייסת אורז מטר,גרמים,200.00,100 גרם,false,,14.90,0.0745,true,1,1223549
7290006992192,false,מטרנה - דייסת סולת 200 גרם,קריות זול,IL,אבקה להכנת דייסת סולת מט,גרמים,200.00,100 גרם,false,,14.90,0.0745,true,1,1223550
7290006992208,false,מטרנה - דייסת דגנים מעורבים 200 גרם,מטרנה תעשיות ש.מ,IL,אבקה להכנת דייסת דגנים מע,גרמים,200.00,100 גרם,false,,14.90,0.0745,true,1,1223551
7290006992390,false,"מטרנה - דייסת וניל פרוביוטי כשל""פ 200 גרם",מולינו ניקולי s.p.a,IL,אבקה להכנת דייסת קורנפלור,גרמים,200.00,100 גרם,false,,14.90,0.0745,true,1,1223553
7290008000246,false,"פמינה - שטיפה אינטימית מועשר באלוורה 220 מ""ל",כצט,IL,"פמינה פרש אלוורה 220 מ""ל",מיליליטרים,220.00,"100 מ""ל",false,,24.90,0.1132,true,1,1260369
7290008000598,false,קרם ידיים,כצט,IL,"SHOW קרם ידיים 100 מ""ל",מיליליטרים,100.00,"100 מ""ל",false,,4.90,0.0490,true,1,1260371
7290008000796,false,"כצט - סופרמן משחת שיניים לילדים 50 מ""ל",כצט נוביס,IL,משחת שיניים סופרמן-כצט,מיליליטרים,50.00,"100 מ""ל",false,,11.90,0.2380,true,1,1260375
7290008000826,false,משחת שיניים ילדיים בארביי 50 גרם,כצט נוביס,IL,"משחת שיניים ברבי 50 מ""ל",גרמים,50.00,100 גרם,false,,11.90,0.2380,true,1,1260378
7290008001502,false,מי פה אלמקס שטיפה,COLGATE PALMOLIVE,CH,אלמקס שטיפה דנטלית לרגישו,מיליליטרים,400.00,"100 מ""ל",false,,29.90,0.0747,true,1,1253236
7290008104036,false,"לקטופיל - תחליב סבון טיפולי 500 מ""ל",כצט,IL,לקטופיל תחליב סבון טיפולי,מיליליטרים,500.00,"100 מ""ל",false,,34.90,0.0698,true,1,1260383
7290008104050,false,"פמינה - שטיפה אינטימית קלאסית 220 מ""ל",כצט נוביס סעמ,IL,"פמינה קלאסיק 220 מ""ל",מיליליטרים,220.00,"100 מ""ל",false,,19.90,0.0905,true,1,1260384
7290008116541,false,"שטיפת פה ליסטרין קול מינט 500 מ""ל",ג'ונסון אנד ג'ונסון,IT,מי פה ליסטרין קול מי,מיליליטרים,500.00,"100 מ""ל",false,,19.90,0.0398,true,1,1224315
7290008116565,false,מי פה ליסטרין פרש בר,ג'ונסון אנד ג'ונסון,IT,מי פה ליסטרין פרש 50,מיליליטרים,500.00,"100 מ""ל",false,,19.90,0.0398,true,1,1224317
7290008116862,false,"בלניאום בייבי בייסיק 500 מ""ל",,,שמן אמבט בלנאום בייב,מיליליטרים,500.00,"100 מ""ל",false,,79.90,0.1598,true,1,1224319
7290008116886,false,בלנאום בייבי פורטה 500 מל',,,שמן אמבט בלנאום בייב,מיליליטרים,500.00,"100 מ""ל",false,,79.90,0.1598,true,1,1224321
7290008154222,false,שניצלונים עוף טוב 700 גרם,מולינו ניקולי s.p.a,IL,עוף טוב שניצלונים בציפוי,גרמים,700.00,100 גרם,false,,19.90,0.0284,true,1,1223554
7290008158381,false,מגבות נייר מחץ 16 יח,,,מגבות נייר מחץ 16 יח,יח',16.00,יח',false,,50.00,3.1250,true,1,1913913
7290008166775,false,הטיב בוטן מטוגן 200ג בשקית,"גיי אנג גי פקאנס בע""",IL,בוטן מטוגן 200 גרם,גרמים,200.00,100 גרם,false,,7.90,0.0395,true,1,1249516
7290008175210,false,גבינת פרמזן מגורדת 90ג' ויליפוד,זנטי אס.איי.,IT,פרמז'נו מגורדת 90גרם (כ/ל,גרמים,90.00,100 גרם,false,,14.90,0.1656,true,1,1226552
7290008175760,false,מנצגו כבשים ויליפוד,אלפסטור,ES,גבינת מנצ'גו מחלב כבשים (,קילוגרמים,1.00,"ק""ג",true,,99.00,99.0000,true,1,1226557
7290008175777,false,גבינת איברקו חלב ישר,יושלם,ES,גבינת איברקו חלב ישר,קילוגרמים,1.00,"ק""ג",true,,99.00,99.0000,true,1,1226558
7290008175814,false,וילי פוד פטריות שמפיניון חתוך בדץ 400ג,"אוקצ'מפ אס, איי אויי",PL,פטריות חתוך 400גרם- בד'צ,גרמים,400.00,100 גרם,false,,4.90,0.0123,true,1,1226559
7290008175906,false,גבינת עיזים חלב ארינ,אלמטאה,NL,גבינת עיזים (שקיל) חלב יש,קילוגרמים,1.00,"ק""ג",true,,119.00,119.0000,true,1,1226560
7290008190909,false,מיני קוקיס שוקולד ציפס 600גר,כרמית תעשיות ממתקים,IL,כרמית מיני קוקיס שוקו ציפ,גרמים,600.00,100 גרם,false,,18.90,0.0315,true,1,1253244
7290008190985,false,סוכריות על מקל בטעם,כרמית תעשיות ממתקים,IL,כרמית לקקן גלידה 50יח' כש,גרמים,450.00,100 גרם,false,,18.90,0.0420,true,1,1253245
7290008194266,false,מארזים מתוקים א.אטיא,ממתקי השלום,IL,מארזים מתוקים א.אטיא,גרמים,350.00,100 גרם,false,,14.90,0.0426,true,1,2208398
7290008194501,false,בוטנים קרמל מלוח/ציפ,ממתקי השלום,IL,מארז קרמל מלוח א.אטי,גרמים,250.00,100 גרם,false,,14.90,0.0596,true,1,2208413
7290008194839,false,חטיפים מצופים אטיאס,ממתקי השלום,IL,מארז מצופים א.אטיאס,גרמים,300.00,100 גרם,false,,14.90,0.0497,true,1,2208399
7290008263528,false,ממרח שוקולד ואגוזים,ברינקרס פוד,NL,ממרח קרם קקאו אורגני 350,גרמים,350.00,100 גרם,false,,19.90,0.0569,true,1,1226831
7290008263535,false,ממרח שוקולד אורגני 3,ברינקרס פוד,NL,ממרח שוקולד אורגני 350ג,גרמים,350.00,100 גרם,false,,19.90,0.0569,true,1,1226832
7290008263597,false,קוואקר הרדוף אורגני,אול אורגני,IL,קוואקר 500 גר אורגני,גרמים,500.00,100 גרם,false,,12.90,0.0258,true,1,1226833
7290008263641,false,קוואקר עדין הרדוף או,אול אורגני,IL,קוואקר עדין אורגני 500 גר,גרמים,500.00,100 גרם,false,,12.90,0.0258,true,1,1226836
7290008263924,false,טחינה אורגנית שומשום,"אחדות ביח""ר לטחינה ח",IL,טחינה אורגנית שומשום מלא,גרמים,1000.00,100 גרם,false,,39.90,0.0399,true,1,1226842
7290008318518,false,L.L ספרי דאודורנט 187 מל,,,דאו לאבליין ספרי,מיליליטרים,187.00,"100 מ""ל",false,,19.90,0.1064,true,1,1243058
7290008318532,false,L.L קרם ידיים שורש 100 מל,,,קרם ידיים,מיליליטרים,100.00,"100 מ""ל",false,,14.90,0.1490,true,1,1243059
7290008318921,false,טל קרם לידיים יבשות 150,,,קרם ידיים טל,מיליליטרים,100.00,"100 מ""ל",false,,8.90,0.0890,true,1,1243062
7290008318990,false,"מידנייט קרם ידיים 100 מ""ל",,,קרם ידיים מידנייט,מיליליטרים,100.00,"100 מ""ל",false,,9.90,0.0990,true,1,1243064
7290008335539,false,כיסונים במלית בשר-פל,,,כיסונים במלית בשר-פל,גרמים,600.00,100 גרם,false,,13.90,0.0232,true,1,2239726
7290008335546,false,"ורניקי תפו""א שלושת האופים 600 גר'",,,"כיסונים במלית תפו""א-",גרמים,600.00,100 גרם,false,,13.90,0.0232,true,1,2239727
7290008343466,false,בצק פילו 500 ג' שלושת האופים,כלורוקס אוקלנד,IL,בצק פילו 500 גר',גרמים,500.00,100 גרם,false,,14.90,0.0298,true,1,1244794
7290008343503,false,גחנון אפוי 650 גר' שלושת האופים קהילות,שלושת האופים,IL,ג'חנון אפוי 650 גרם,גרמים,650.00,100 גרם,false,,15.90,0.0245,true,1,2076549
7290008343510,false,ג'חנון מיני אפוי למיקרו 3 האופים 650 ג',אופרה,,מיני ג'חנון אפוי 650,גרמים,650.00,100 גרם,false,,19.90,0.0306,true,1,2076550
7290008343558,false,"סיגרים בשר שלושת האופים 1 ק""ג",שלושת האופים,IL,"סיגרים בשר 1 ק""ג",קילוגרמים,1.00,"ק""ג",false,,18.90,18.9000,true,1,2073061
7290008343572,false,"אגרול סיני 1 ק""ג שלושת האופים",שלושת האופים,IL,"אגרול סיני 1 ק""ג",קילוגרמים,1.00,"ק""ג",false,,18.90,18.9000,true,1,2073012
7290008343602,false,"קובה בשר 1 ק""ג שלושת האופים",שלושת האופים,IL,"קובה בשר 1 ק""ג",קילוגרמים,1.00,"ק""ג",false,,18.90,18.9000,true,1,2073063
7290008343626,false,"כדורי פלאפל 1 ק""ג שלושת האופים",שלושת האופים,IL,כדורי פלאפל 1 קג,קילוגרמים,1.00,"ק""ג",false,,18.90,18.9000,true,1,2073014
7290008345118,false,מקרל בשמן דלידג 240 ג',מיוצר על ידי קוד יצר,IL,דג מקרל בשמן 240 גרם,גרמים,240.00,100 גרם,false,,26.90,0.1121,true,1,2135428
7290008345132,false,הרינג כבוש דלידג 240 ג',כלורוקס אוקלנד,IL,דג הרניג כבוש 240 גר,גרמים,240.00,100 גרם,false,,24.90,0.1037,true,1,2135429
7290008345576,false,"סלט איקרה לבנה, 300 גרם דלידג",כלורוקס אוקלנד,IL,איקרה ביתית לבנה 300,גרמים,300.00,100 גרם,false,,19.90,0.0663,true,1,2135419
7290008345583,false,"סלט איקרה ורודה, 300 גרם דלידג",כלורוקס אוקלנד,IL,איקרה ביתית ורוד 300,גרמים,300.00,100 גרם,false,,19.90,0.0663,true,1,2135420
7290008347730,false,פילה סלמון מעושן,דלידג ק.מלאכי,,פילה סלמון מעושן,קילוגרמים,1.00,"ק""ג",true,,199.00,199.0000,true,1,1332925
7290008403900,false,גאודה עגבניות וזיתים,מיוצר עי קונדיטוריית,NL,גבינה גאודה עגבניות,קילוגרמים,1.00,"ק""ג",true,,120.00,120.0000,true,1,2152648
7290008403917,false,גבינה גאודה פסטו ירו,הנרי ויליך,NL,גבינה גאודה פסטו ירו,קילוגרמים,1.00,"ק""ג",true,,135.00,135.0000,true,1,2152649
7290008403924,false,גבינה גאודה פסטו אדו,מיוצר עי קונדיטוריית,FR,גבינה גאודה פסטו אדו,קילוגרמים,1.00,"ק""ג",true,,135.00,135.0000,true,1,2152638
7290008403931,false,גבינה גאודה כמון,מיוצר עי קונדיטוריית,FR,גבינה גאודה כמון,קילוגרמים,1.00,"ק""ג",true,,120.00,120.0000,true,1,2152650
7290008409049,false,מיני שניצלונים ושומשום מאמא עוף 500 ג',תנובה גליל שותפות מו,IL,שניצלונים מיני דק דק,גרמים,500.00,100 גרם,false,,27.90,0.0558,true,1,1255021
7290008409100,false,אצבעות שניצל ציפוי שומשום 700 ג' מאמא עוף,תנובה גליל שותפות מו,IL,אצבעות שניצל בציפוי,גרמים,700.00,100 גרם,false,,34.90,0.0499,true,1,1255024
7290008409216,false,מאמא עוף קפוא שניצל דק פריך 700 גרם,תנובה גליל,IL,שניצל דק דק פריך מאמ,גרמים,700.00,100 גרם,false,,39.90,0.0570,true,1,1255027
7290008409223,false,שניצל דק מתובל מאמא עוף 700 ג',תנובה גליל שותפות מו,IL,שניצל דק דק מתובל מא,גרמים,700.00,100 גרם,false,,39.90,0.0570,true,1,1255028
7290008409315,false,מיני מיני דק שניצלונים בציפוי פריך מאמא עוף 500 ג',תנובה גליל,IL,שניצלונים מיני דק דק,גרמים,500.00,100 גרם,false,,27.90,0.0558,true,1,1255031
7290008409407,false,שניצל דק ציפס מאמא עוף 700 ג',תנובה גליל שותפות מו,IL,שניצל דק דק צ'יפס מא,גרמים,700.00,100 גרם,false,,39.90,0.0570,true,1,1255035
7290008409551,false,שניצל עוף אמיתי בציפוי מעודן 700 ג' מאמא עוף,תנובה גליל שותפות מו,IL,חזה עוף בציפוי מעודן,גרמים,700.00,100 גרם,false,,42.90,0.0613,true,1,1255042
7290008409568,false,שניצל ציפס אמיתי מאמא עוף 700 ג',תנובה גליל שותפות מו,IL,חזה עוף בציפוי שבבי,גרמים,700.00,100 גרם,false,,42.90,0.0613,true,1,1255043
7290008409582,false,שניצל אמיתי בציפוי ביתי מאמא עוף 700 ג',תנובה גליל שותפות מו,IL,חזה עוף בציפוי ביתי,גרמים,700.00,100 גרם,false,,42.90,0.0613,true,1,1255045
7290008409605,false,כוכבי עוף מאמא עוף 700 גר',תנובה גליל שותפות מו,IL,כוכבי עוף 700 גרם מא,גרמים,700.00,100 גרם,false,,32.90,0.0470,true,1,1255046
7290008409773,false,קציצות עוף ביתיות מאמא עוף 700 ג',תנובה גליל שותפות מו,IL,קציצות עוף אמיתיות מ,גרמים,700.00,100 גרם,false,,32.90,0.0470,true,1,1255050
7290008423014,false,פלפל שחור גרוס פרג 1,תבליני הדור השלישי,IL,פלפל שחור,גרמים,100.00,100 גרם,false,,13.90,0.1390,true,1,2264928
7290008423021,false,תבלין כמון 500 גרם,תבליני הדור השלישי,IL,כמון טחון,גרמים,400.00,100 גרם,false,,29.90,0.0747,true,1,2264993
7290008423045,false,תבלין לקציצות פרג 10,תבליני הדור השלישי,IL,תבלין קציצות,גרמים,100.00,100 גרם,false,,13.90,0.1390,true,1,1249385
7290008423052,false,ממרח עגבניות מיובשות בשמן זית 250גר,תבליני הדור השלישי,IL,עגבניות מיובשות בשמן,גרמים,250.00,100 גרם,false,,14.90,0.0596,true,1,1249386
7290008423243,false,מלח שולחן הים האדום,מלח הארץ,IL,מלח הים האדום דק,גרמים,650.00,100 גרם,false,,7.90,0.0122,true,1,1249391
7290008423250,false,מלח גס הים האדום 630,מלח הארץ,IL,מלח גס,גרמים,630.00,100 גרם,false,,7.90,0.0125,true,1,2265007
7290008443265,false,סופטקר-אל סבון נוזלי 2 ל',אמיליה קוסמטיקס,IL,סופטקר אל סבון קלאסי 2 לי,ליטרים,2.00,ליטר,false,,29.90,14.9500,true,1,1258563
7290008443616,false,"מרכך לשיער יבש אדום 750 מ""ל נקה 7",אמיליה קוסמטיקס בעמ,IL,מרכך נקה 7 לשיר יבש 750מ,מיליליטרים,750.00,"100 מ""ל",false,,11.90,0.0159,true,1,1258567
7290008443647,false,"מרכך לשיער מתולתל סגול, 750 מ""ל נקה 7",אמיליה קוסמטיקס בעמ,IL,מרכך נקה7 שיער מתולתל750,מיליליטרים,750.00,"100 מ""ל",false,,11.90,0.0159,true,1,1258570
7290008444538,false,דאודורנט ספריי פריטי,,,דאודורנט ספריי פריטי,מיליליטרים,175.00,"100 מ""ל",false,,19.90,0.1137,true,1,1258581
7290008461047,false,ברי לרוסטיק סיימן במ,נטו מלינדה סיימן,,"גבינה ברי לרוסטיק ק""",קילוגרמים,1.00,"ק""ג",true,,169.00,169.0000,true,1,1488805
7290008461283,false,צ'דר טריפל הגבינות ש,דאוליי צ'סמייקרס,,צ'דר טריפל*200 גרם,גרמים,200.00,100 גרם,false,,20.90,0.1045,true,1,1489862
7290008464024,false,בירה גולדסטאר לא מסונן פחית 500 מל,"טמפו משקאות בע""מ",IL,פחית גולדסטאר לא מסו,מיליליטרים,500.00,"100 מ""ל",false,,9.90,0.0198,true,1,1279225
7290008464109,false,בירה גולדסטאר לא מסונן מארז 6X330מ:ל,"טמפו משקאות בע""מ",IL,בירה גולדסטאר לא מסו,מיליליטרים,330.00,"100 מ""ל",false,,8.90,0.0270,true,1,1239513
7290008464130,false,"בירה גולדסטאר לא מסונן 330X6מ""ל",טמפו,IL,שישייה בירה גולדסטאר,ליטרים,1.98,ליטר,false,,39.90,20.1515,true,1,1239514
7290008464208,false,מכבי 7.9% בקבוק בודד 330 מל,טמפו משקאות בע''מ,IL,בירה מכבי 7.9% אלכוה,מיליליטרים,330.00,"100 מ""ל",false,,6.90,0.0209,true,1,1284345
7290008464222,false,"בירה מכבי 7.9% פחית 500 מ""ל","טמפו משקאות בע""מ",IL,בירה מכבי 7.9 פחית 5,מיליליטרים,500.00,"100 מ""ל",false,,9.90,0.0198,true,1,1310543
7290008464345,false,"בירה גולדסטאר בקבוק 330 מ""ל",טמפו משקאות בע''מ,IL,בירה גולדסטאר בקבוק,מיליליטרים,330.00,"100 מ""ל",false,,6.90,0.0209,true,1,1239518
7290008464369,false,פחית פפסי קולה 330 מ,,,פחית פפסי קולה 330 מ,מיליליטרים,330.00,"100 מ""ל",false,,3.50,0.0106,true,1,1239519
7290008464376,false,"מרינדה תפוז פחית 330 מ""ל",,,"פחית מירנדה 330 מ""ל",מיליליטרים,330.00,"100 מ""ל",false,,3.50,0.0106,true,1,1239520
7290008464383,false,"פחית סבן אפ 330 מ""ל",,,"פחית סבן אפ 330 מ""ל",מיליליטרים,330.00,"100 מ""ל",false,,3.50,0.0106,true,1,1239521
7290008464390,false,"פחית דיאט סבן אפ 330 מ""ל",,,פחית סבן אפ דיאט 330,מיליליטרים,330.00,"100 מ""ל",false,,3.50,0.0106,true,1,1239522
7290008464406,false,פפסי מקס פחית להחזרה,"טמפו משקאות בע""מ",IL,"פחית פפסי מקס 330 מ""",מיליליטרים,330.00,"100 מ""ל",false,,3.50,0.0106,true,1,1239523
7290008464468,false,"בירה גולדסטאר פחית 500 מ""ל","טמפו משקות בע""מ",IL,בירה גולדסטאר בפחית,מיליליטרים,500.00,"100 מ""ל",false,,8.90,0.0178,true,1,1239524
7290008464475,false,"בירה מכבי פחית 500 מ""ל","טמפו משקאות בע""מ",IL,"מכבי פחיות 500 מ""ל.",מיליליטרים,500.00,"100 מ""ל",false,,8.90,0.0178,true,1,1239525
7290008464505,false,סאן בנדטו בקבוק פלסטיק 500מל,אקווה מינרלה סאן בנד,IT,מים סן בנדטו 0.5 ליט,מיליליטרים,500.00,"100 מ""ל",false,,4.90,0.0098,true,1,1239526
7290008464604,false,"בירה היינקן פחית 500מ""ל",טמפו משקאות בע''מ,NL,"היינקן פחית 500 מ""ל.",מיליליטרים,500.00,"100 מ""ל",false,,11.90,0.0238,true,1,1239528
7290008464611,false,"סודה טמפו בקבוק זכוכית 275 מ""ל",טמפו משקאות בעמ,IL,סודה טמפו,מיליליטרים,275.00,"100 מ""ל",false,,3.90,0.0142,true,1,1849291
7290008464628,false,"ביטר למון בקבוק 275 מ""ל","טמפו משקאות בע""מ",IL,סודה ביטר לימון 275מ,מיליליטרים,275.00,"100 מ""ל",false,,4.50,0.0164,true,1,1847347
7290008464635,false,"מי טוניק בקבוק 275 מ""ל",טמפו משקאות בעמ,IL,"מי טוניק 275 מ""ל",מיליליטרים,275.00,"100 מ""ל",false,,4.50,0.0164,true,1,1847348
7290008464642,false,משקה ג'ינג'ר אייל 27,"טמפו משקאות בע""מ",IL,משקה ג'ינג'ר אייל 27,מיליליטרים,275.00,"100 מ""ל",false,,4.50,0.0164,true,1,1847349
7290008464673,false,"בירה גולדסטאר SLOWBREW פחית 10%, 500 מ""ל","טמפו משקאות בע""מ",IL,"פחית גולדסטאר 500 מ""",מיליליטרים,500.00,"100 מ""ל",false,,9.90,0.0198,true,1,1965089
7290008464697,false,"בירה מכבי 7.9% מארז 330X6 מ""ל",טמפו,,שישיית בירה מכבי 7.9,ליטרים,1.98,ליטר,false,,30.00,15.1515,true,1,1279226
7290008464703,false,"שישיית בירה מכבי 6 *330מ""ל",טמפו,,מכבי מארז שישיה 330,ליטרים,1.98,ליטר,false,,30.00,15.1515,true,1,1239529
7290008464741,false,"בירה גולדסטאר בק' מארז 330X6מ""ל",קריות זול,IL,שישייה בירה גולדסטאר,ליטרים,1.98,ליטר,false,,30.00,15.1515,true,1,1239530
7290008464796,false,"בירה היינקין ח""פ בקבוק 330X6מ""ל",קריות זול,IL,הייניקן שישייה 330 מ,ליטרים,1.98,ליטר,false,,32.90,16.6162,true,1,1239531
7290008469760,false,שריר הזרוע מס 8 חלק,,,שריר בקר מס.8 קפוא,קילוגרמים,1.00,"ק""ג",true,,49.90,49.9000,true,1,2239496
7290008470759,false,מסטיק אורביט ספירמינט מארז שמינייה,ריגלי,FR,מסטיק אורביט שמניות,גרמים,104.00,100 גרם,false,,14.90,0.1433,true,1,1251389
7290008473057,false,מגבונים קמיל בלו טו גו שקית 3*30 יח,"ד""ר פישר Dr fischer",IL,קמיל בלו סנסטיב מגבונים 3,יח',90.00,יח',false,,15.90,0.1767,true,1,1265182
7290008473637,false,מגבונים לניקוי האף לתינוק 30יח,"ד""ר פישר Dr fischer",IL,'קמיל בלו מגבונאף 30 יח,יח',30.00,יח',false,,6.90,0.2300,true,1,1265183
7290008482486,false,אבקת אינסטנט להכנת מלאבי פרווה 112ג' נאמן,י.כהן,,"מלאבי 112 ג""ר.",גרמים,112.00,100 גרם,false,,6.90,0.0616,true,1,1244883
7290008482530,false,תערובת להכנה קלה פנקייק 400 ג',י.כהן,,אבקה להכנת פנקייק.,גרמים,400.00,100 גרם,false,,14.90,0.0373,true,1,1244884
7290008482578,false,פודינג אינסטנט וניל,י.כהן,,פודינג אינסטנט,גרמים,85.00,100 גרם,false,,4.90,0.0576,true,1,1244886
7290008482585,false,גלי אינסטנט בטעם משמ,י.כהן,,אינסטנט פודינג ג'לי,גרמים,85.00,100 גרם,false,,4.90,0.0576,true,1,1244887
7290008482592,false,גלי אינסטנט תות פרוו,י.כהן,,אינסטנט ג'לי תות,גרמים,85.00,100 גרם,false,,4.90,0.0576,true,1,1244888
7290008493413,false,פירורי גריסיני קלאסי 200גרם-חדש,מאיר בייגל,IL,פירורי גריסיני 200 ג,גרמים,200.00,100 גרם,false,,5.90,0.0295,true,1,1224679
7290008493710,false,פרורי גריסני זהב מאיר בייגל 200 ג',מאיר בייגל,,פירורי גריסיני 200 ג,גרמים,200.00,100 גרם,false,,5.90,0.0295,true,1,1279504
7290008634045,false,"פלסטר שקוף 30 יחידות ""SUNNY PLASTER""",,,פלסטר ציבעוני,יח',30.00,יח',false,,5.90,0.1967,true,1,1237818
7290008634700,false,כפפות XL לטקס עם איבוק עדין 100 יח- SAFE TOUCH,סייף טאצ,TH,כפפות לאטקס XL,יח',100.00,יח',false,,29.90,0.2990,true,1,2155547
7290008634700,false,כפפות XL לטקס עם איבוק עדין 100 יח- SAFE TOUCH,סייף טאצ,TH,כפפות לאטקס 100 יח',יח',100.00,יח',false,,39.90,0.3990,true,1,2180984
7290008636193,false,תבלין כמון 300 גרם,מיה תעשיות מזון בעמ,IL,כמון 300גרם,גרמים,300.00,100 גרם,false,,19.90,0.0663,true,1,1248950
7290008636209,false,תבלין כורכום 300גרם,מיה תעשיות מזון בעמ,IL,כורכום 300גרם,גרמים,300.00,100 גרם,false,,19.90,0.0663,true,1,1248951
7290008636216,false,תבלין אבקת שום 300 גרם,מיה תעשיות מזון בעמ,IL,אבקת שום 300גרם,גרמים,300.00,100 גרם,false,,19.90,0.0663,true,1,1248952
7290008636339,false,שבבי תפוחי אדמה 400גרם,מיה תעשיות מזון,IL,שבבי תפוחי אדמה 400גרם,גרמים,400.00,100 גרם,false,,9.90,0.0248,true,1,1248953
7290008636650,false,קמח מצה מיה 500 גר',מיה תעשיות מזון,IL,קמח מצה 500גרם,גרמים,500.00,100 גרם,false,,6.90,0.0138,true,1,1248955
7290008636704,false,קונפיטורה משמש מיה 340 גר',מיה תעשיות מזון בעמ,IL,קונפיטורה משמש 340גרם,גרמים,340.00,100 גרם,false,,12.90,0.0379,true,1,1248956
7290008636919,false,קקאו הולנדי שקית 250גרם מיה,מיה תעשיות מזון,IL,קקאו הולנדי 250גרם בשקית,גרמים,250.00,100 גרם,false,,10.90,0.0436,true,1,1248957
7290008636926,false,קקאו הולנדי 500גרם מיה,מיה תעשיות מזון,IL,קקאו הולנדי 500גרם בשקית,גרמים,500.00,100 גרם,false,,16.90,0.0338,true,1,1248958
7290008636933,false,אגוזי מלך גרוסים 100 גר' מיה,מיה תעשיות מזון,IL,אגוזי מלך גרוסים 100גרם,גרמים,100.00,100 גרם,false,,10.90,0.1090,true,1,1248959
7290008636957,false,שקדים מולבנים גרוסים 100גרם,מיה תעשיות מזון,IL,שקדים מולבנים גרוסים 100ג,גרמים,100.00,100 גרם,false,,10.90,0.1090,true,1,1248961
7290008636964,false,שקד מולבן שבבים גרוס 100 גר' מיה,מיה תעשיות מזון,IL,שקדים מולבנים שבבים 100גר,גרמים,100.00,100 גרם,false,,10.90,0.1090,true,1,1248962
7290008636988,false,גרעיני חמניות קלופים 100 גר' מיה,מיה תעשיות מזון,IL,גרעיני חמניה קלופים 100גר,גרמים,100.00,100 גרם,false,,2.90,0.0290,true,1,1248964
7290008636995,false,גרעיני דלעת קלופים 100 גר' מיה,מיה תעשיות מזון,IL,גרעיני דלעת קלופים 100גרם,גרמים,100.00,100 גרם,false,,5.90,0.0590,true,1,1248965
7290008644112,false,סלט מטבוחה יום יום אחלה 125 ג',"שטראוס גרופ בע""מ",IL,מטבוחה יום יום 125 גר',גרמים,125.00,100 גרם,false,,4.50,0.0360,true,1,1256229
7290008645935,false,חומוס לניגוב אחלה 750 ג',"שטראוס גרופ בע""מ",IL,חומוס 750 מ. כתומה,גרמים,750.00,100 גרם,false,,9.90,0.0132,true,1,1256236
7290008690713,false,פריגת אושן ספריי חמוציות 1ל',מבשלות בירה בינלאומי,IL,פריגתאושןספרי חמוציות1ליט,ליטרים,1.00,ליטר,false,,11.90,11.9000,true,1,1249886
7290008693134,false,מעדן גבינה ויוגורט בטעם תות 5% שומן 88 ג' דניאלה,"שטראוס בריאות בע""מ",IL,דניאלה תות,גרמים,88.00,100 גרם,false,,3.90,0.0443,true,1,1256237
7290008745239,false,תפוצ'יפס אקסטרא טבעי 50 ג',"שטראוס פריטו ליי בע""",IL,תפו קראנצ טבעי 50,גרמים,50.00,100 גרם,false,,3.90,0.0780,true,1,1257412
7290008747547,false,תפוצ'יפס אקסטרא 200גר טבעי,"שטראוס פריטו ליי בע""",IL,תפו קראנצ טבעי 200,גרמים,200.00,100 גרם,false,,9.90,0.0495,true,1,1257414
7290008750264,false,גומי מאסט בטעם דובדבן 28 ג' עלית,"שטראוס גרופ בע""מ",IL,MUST LL פליפ. דובדבן,גרמים,28.00,100 גרם,false,,3.90,0.1393,true,1,1256860
7290008752244,false,תפוצ'יפס אקסטרא גריל 50 גרם,"שטראוס פריטו ליי בע""",IL,תפו קראנצ גריל 50,גרמים,50.00,100 גרם,false,,3.90,0.0780,true,1,1257416
7290008753111,false,תפוציפס קראנץ מקסיקנ,"שטראוס פריטו ליי בע""",IL,תפו קראנצ מקסיקני 50,גרמים,50.00,100 גרם,false,,3.90,0.0780,true,1,1257418
7290008754040,false,ממרח פרה שוקולד 850 גר - מגדים,STRAUSS-ISRAEL,IL,ממרח פרה 850 מגדים/6יח'/8,גרמים,850.00,100 גרם,false,,15.90,0.0187,true,1,1256868
7290008754415,false,גומי מאסט בטעם ספירמינט עדין פליפטופ 28 ג' עלית,"שטראוס גרופ בע""מ",IL,כשלפ מסטיק MUST ספירמינט,גרמים,28.00,100 גרם,false,,3.90,0.1393,true,1,1256869
7290008754422,false,גומי מאסט בטעם פפרמינט קלאסי פליפטופ 28 ג' עלית,"שטראוס גרופ בע""מ",IL,Must LL קלאסי פפרמינט,גרמים,28.00,100 גרם,false,,3.90,0.1393,true,1,1256870
7290008757034,false,"שוופס סודה זכוכית 250 מ""ל","יפאורה תבורי בע""מ",IL,"סודה בקבוק 250 מ""ל",מיליליטרים,250.00,"100 מ""ל",false,,4.00,0.0160,true,1,1297817
7290008757980,false,נקטר ספרינג רימונים קרטונית 1 ל',"יפאורה תבורי בע""מ",IL,ספרינג רימונים קרטונ,ליטרים,1.00,ליטר,false,,6.60,6.6000,true,1,1239946
7290008775816,false,ערגליות שוקו חדש12*300גרם 2020,מיוצר עי קונדיטוריית,IL,אסם ערגליות שוקו 300גרם,גרמים,300.00,100 גרם,false,,9.90,0.0330,true,1,1223562
7290008775823,false,ערגליות תות חדש12*300גרם 2020,מיוצר עי קונדיטוריית,IL,אסם ערגליות תות 300גרם,גרמים,300.00,100 גרם,false,,9.90,0.0330,true,1,1223563
7290008784542,false,ספוג רחצה קויוטה מסג,סודובסקי,IL,קויוטה מסג,יחידה,0.00,יחידה,false,,7.90,0.0000,true,1,1226392
7290008801010,false,"יין קברנה סוביניון מרלו פרייוט קולקשן 750 מ""ל",אגודת הכורמים הקאופו,IL,יין קברנה / מרלו,מיליליטרים,750.00,"100 מ""ל",false,,38.90,0.0519,true,1,1226062
7290008801089,false,"יין P.C קברנה סוביון 375 מ""ל",,,קברנה סוביניון,מיליליטרים,375.00,"100 מ""ל",false,,20.20,0.0539,true,1,2143867
7290008801119,false,סלקטד סוביניון בלאן כרמל 750 מל,אגודת הכורמים הקואופ,IL,יין סובניון בלאן,מיליליטרים,750.00,"100 מ""ל",false,,29.90,0.0399,true,1,1226063
7290008801157,false,מרלו סלקטד כרמל מזרחי 750 מל,קריות זול,IL,יין מרלו סלקטד,מיליליטרים,750.00,"100 מ""ל",false,,29.90,0.0399,true,1,1226064
7290008801461,false,יין הנצחון לקידוש,יקבי כרמל Carmel Winery,,יין הנצחון,מיליליטרים,750.00,"100 מ""ל",false,,18.90,0.0252,true,1,2044307
7290008801478,false,יין טופז זהב אדום מת,קריות זול,,יין טופז זהב,מיליליטרים,750.00,"100 מ""ל",false,,18.90,0.0252,true,1,1226069
7290008801522,false,"יין קינג דיויד קונקורד אדום 750 מ""ל",אגודת הכורמים הקואופ,IL,יין קונקורד,מיליליטרים,750.00,"100 מ""ל",false,,18.90,0.0252,true,1,1226070
7290008801539,false,כרמל קינג דיוויד מתוק כרמל 750 מל,אגודת הכורמים הקואופ,IL,יין כרמל,מיליליטרים,750.00,"100 מ""ל",false,,18.90,0.0252,true,1,1226071
7290008801546,false,"יין מוסקט קינג דויד 750 מ""ל",אגודת הכורמים הקואופ,IL,יין מוסקט מתוק,מיליליטרים,750.00,"100 מ""ל",false,,18.90,0.0252,true,1,1708865
7290008801843,false,"יין סלקטד קברנה סובניון 750מ""ל","כד בני דרום בע""מ",IL,יין קברנה סוביניון ס,מיליליטרים,750.00,"100 מ""ל",false,,29.90,0.0399,true,1,1226073
7290008801850,false,"יין סלקטד אמרלד ריזלינג 750מ""ל",אגודת הכורמים הקואופ,IL,יין אמרלנד רזלינג,מיליליטרים,750.00,"100 מ""ל",false,,29.90,0.0399,true,1,1226074
7290008802291,false,"יין מרלו פרייוט קולקשן 750 מ""ל",אגודת הכורמים הקואופ,IL,יין מרלו,מיליליטרים,750.00,"100 מ""ל",false,,38.90,0.0519,true,1,1226075
7290008802512,false,"יין וינו אדום יבש 750 מ""ל","כד בני דרום בע""מ",IL,יין אדום וינו,מיליליטרים,750.00,"100 מ""ל",false,,18.90,0.0252,true,1,1226076
7290008802529,false,"יין לבן חצי יבש וינו 750 מ""ל",קריות זול,IL,יין וינו לבן,מיליליטרים,750.00,"100 מ""ל",false,,18.90,0.0252,true,1,1226077
7290008802895,false,יין קברנה סוביניון פרייוט קולקשן,אגודת הכורמים הקאופו,IL,יין קברנה סוביניון,מיליליטרים,750.00,"100 מ""ל",false,,38.90,0.0519,true,1,1226078
7290008803014,false,יין כרמל הוק,,,יין כרמל הוק,מיליליטרים,750.00,"100 מ""ל",false,,19.90,0.0265,true,1,1226079
7290008803021,false,יין כרמל אדום עתיק 7,קריות זול,,יין אדום עתיק,מיליליטרים,750.00,"100 מ""ל",false,,19.90,0.0265,true,1,1226080
7290008803090,false,"יין מרלו קולקשיין הסדרה האזורית כרמל 750 מ""ל",אגודת הכורמים הקואופ,IL,מרלו גליל עליון,מיליליטרים,750.00,"100 מ""ל",false,,54.90,0.0732,true,1,2018901
7290008804189,false,יין קברנה סוביניון הסדרה האזורית גליל עליון,אגודת הכורמים הקואופ,IL,קברנה סוביניון גליל,מיליליטרים,750.00,"100 מ""ל",false,,54.90,0.0732,true,1,2018902
7290008804332,false,שיראז אדום יבש פריווט קולקשיין 750מל,אגודת הכורמים הקואופ,IL,יין שיראז,מיליליטרים,750.00,"100 מ""ל",false,,38.90,0.0519,true,1,1226086
7290008804462,false,יין פרייבט קולקשן מו,אגודת הכורמים הקואופ,IL,יין מוסקט קינוח,מיליליטרים,500.00,"100 מ""ל",false,,38.90,0.0778,true,1,1226090
7290008805049,false,סלקטד זינפנדל כרמל מזרחי 750 מל,"כד בני דרום בע""מ",IL,יין רוזה חצי יבש,מיליליטרים,750.00,"100 מ""ל",false,,29.90,0.0399,true,1,1226095
7290008805384,false,"יין סלקטד מוסקטו 750מ""ל",אגודת הכורמים הקואופ,IL,יין מוסקטו סלקטד,מיליליטרים,750.00,"100 מ""ל",false,,29.90,0.0399,true,1,1226096
7290008805520,false,"יין סלקטד קברנה מרלו 750מ""ל","כד בני דרום בע""מ",IL,יין קברנה /מרלו,מיליליטרים,750.00,"100 מ""ל",false,,29.90,0.0399,true,1,1226097
7290008805964,false,"יין קברנה שיראז אזורית 750 מ""ל",אגודת הכורמים הקואופ,IL,יין אדום קברנה שיראז,מיליליטרים,750.00,"100 מ""ל",false,,54.90,0.0732,true,1,1226100
7290008807012,false,יין בינימינה טבע מוס,אליעז בנימינה,IL,טבע מוסקט חצי יבש N,מיליליטרים,750.00,"100 מ""ל",false,,24.90,0.0332,true,1,1261229
7290008807029,false,יין טבע אמרלד רזלינג,אליעז בנימינה,IL,טבע אמרלד ריזלינג N,מיליליטרים,750.00,"100 מ""ל",false,,24.90,0.0332,true,1,1261230
7290008807050,false,יין טבע קברנה סוביני,אליעז בנימינה,IL,טבע קברנה סוביניון N,מיליליטרים,750.00,"100 מ""ל",false,,24.90,0.0332,true,1,1261231
7290008807067,false,יין טבע מרלו בינימינ,אליעז בנימינה,IL,טבע מרלו N 750,מיליליטרים,750.00,"100 מ""ל",false,,24.90,0.0332,true,1,1261232
7290008807128,false,יין יוגב קברנה סובני,בניאמינה,,יין יוגב קברנה סובני,מיליליטרים,750.00,"100 מ""ל",false,,39.90,0.0532,true,1,2274925
7290008807210,false,ליקר אפרסק 700 מל,אליעז בנימינה,IL,ליקר בנימינה אפרסק 700מל,מיליליטרים,750.00,"100 מ""ל",false,,54.90,0.0732,true,1,1261236
7290008807272,false,יין בנימינה רזרב גוו,בנימינה Binyamina,IL,ב.רזרב גוורצטרמינר חצי יב,מיליליטרים,750.00,"100 מ""ל",false,,59.90,0.0799,true,1,1261237
7290008807289,false,ייו קיסריה,בנימינה Binyamina,IL,קיסריה יין אדום מתוק 750מ,מיליליטרים,750.00,"100 מ""ל",false,,14.90,0.0199,true,1,1261238
7290008807302,false,ליקר שוקולד 700 מל,אליעז בנימינה,IL,ליקר בנימינה שוקולד 750מל,מיליליטרים,700.00,"100 מ""ל",false,,54.90,0.0784,true,1,1261239
7290008807319,false,ליקר בנימינה וישיניא,אליעז בנימינה,IL,ליקר בנימינה וישיניאק 750,מיליליטרים,700.00,"100 מ""ל",false,,54.90,0.0784,true,1,1261240
7290008807364,false,ליקר קרם דה קסיס יקב,אליעז בנימינה,IL,ליקר בנימינה ק.קסיס 700מל,מיליליטרים,750.00,"100 מ""ל",false,,54.90,0.0732,true,1,1261243
7290008807487,false,יין יוגב קברנה סובינ,בניאמינה,,יין יוגב קברנה סובינ,מיליליטרים,750.00,"100 מ""ל",false,,39.90,0.0532,true,1,1261246
7290008807494,false,יין יוגב ארומטי 750,בנימינה Binyamina,IL,יוגב ארומטי 2014,מיליליטרים,750.00,"100 מ""ל",false,,39.90,0.0532,true,1,1261247
7290008807562,false,ליקר לימונצלו 700 מל,אליעז בנימינה,IL,ליקר בנימינה לימונצ'לו 70,מיליליטרים,750.00,"100 מ""ל",false,,54.90,0.0732,true,1,1261248
7290008807654,false,יין לבן רזרב סוביניו,,,יין לבן רזרב סוביניו,מיליליטרים,750.00,"100 מ""ל",false,,49.90,0.0665,true,1,1293673
7290008807777,false,יין בנימינה טבע שירא,אליעז בנימינה,IL,טבע שיראז N,מיליליטרים,750.00,"100 מ""ל",false,,24.90,0.0332,true,1,1261249
7290008834117,false,סטייק אנטריקוט טרי,,,סטייק אנטריקוט טרי,קילוגרמים,1.00,"ק""ג",true,,129.00,129.0000,true,1,1258112
7290008834551,false,חזה עוף עם נקיון,,,חזה עוף עם נקיון,קילוגרמים,1.00,"ק""ג",true,,39.90,39.9000,true,1,1258119
7290008834674,false,טחון טרי עם כבש,,,טחון טרי עם כבש,קילוגרמים,1.00,"ק""ג",true,,89.90,89.9000,true,1,1258122
7290008834704,false,אוסובוקו עגל טרי,,,אוסובוקו עגל טרי,קילוגרמים,1.00,"ק""ג",true,,59.90,59.9000,true,1,1258123
7290008834711,false,פילה מדומה טרי,,,פילה מדומה טרי,קילוגרמים,1.00,"ק""ג",true,,59.90,59.9000,true,1,1258124
7290008834759,false,צוואר טרי,,,צוואר טרי,קילוגרמים,1.00,"ק""ג",true,,69.00,69.0000,true,1,1258128
7290008834766,false,בקר טחון טרי,,,בקר טחון טרי,קילוגרמים,1.00,"ק""ג",true,,59.90,59.9000,true,1,1258129
7290008834810,false,שומן כבש (ליה כבש),,,שומן כבש (ליה כבש),קילוגרמים,1.00,"ק""ג",true,,120.00,120.0000,true,1,1258132
7290008834834,false,טחון עוף,,,טחון עוף,קילוגרמים,1.00,"ק""ג",true,,34.90,34.9000,true,1,1258133
7290008834841,false,חזה הודו טחון,,,חזה הודו טחון,קילוגרמים,1.00,"ק""ג",true,,44.90,44.9000,true,1,1258134
7290008834865,false,ריאות עגל טרי,,,ריאות עגל טרי,קילוגרמים,1.00,"ק""ג",true,,29.90,29.9000,true,1,1258136
7290008834889,false,בשר ראש טרי,,,בשר ראש טרי,קילוגרמים,1.00,"ק""ג",true,,69.90,69.9000,true,1,1258138
7290008834896,false,לב עגל טרי,,,לב עגל טרי,קילוגרמים,1.00,"ק""ג",true,,19.90,19.9000,true,1,1258139
7290008834902,false,זנב עגל טרי,,,זנב עגל טרי,קילוגרמים,1.00,"ק""ג",true,,69.00,69.0000,true,1,1258140
7290008834919,false,רוטפלש(נתח קצבים),,,רוטפלש(נתח קצבים),קילוגרמים,1.00,"ק""ג",true,,149.00,149.0000,true,1,1258141
7290008835831,false,פרגיות קוביות,,,פרגיות קוביות,קילוגרמים,1.00,"ק""ג",true,,79.90,79.9000,true,1,1258143
7290008835879,false,בשר צלעות טרי,,,בשר צלעות טרי,קילוגרמים,1.00,"ק""ג",true,,79.90,79.9000,true,1,1258144
7290008849586,false,רוטב ריבת בצל אוליבי,קריות זול,IL,רוטב לעוף ריבת בצל,גרמים,310.00,100 גרם,false,,12.90,0.0416,true,1,1226856
7290008849609,false,אוליביה רוטב לכרעיים,אוליביה גורמה (1996),IL,רוטב לעוף שום דבש,מיליליטרים,330.00,"100 מ""ל",false,,12.90,0.0391,true,1,1226857
7290008849661,false,אוליביה ממרח עגבניות מיובשות פיקנטי 180 גרם,טרופיקל דגיל תעשיות,IL,ממרח עגבניות מיובשות,גרמים,180.00,100 גרם,false,,9.90,0.0550,true,1,1826703
7290008849739,false,"רוטב סויה קלאסי אוליביה 290 מ""ל",קריות זול,IL,רוטב סויה אמיתי,מיליליטרים,290.00,"100 מ""ל",false,,12.90,0.0445,true,1,1226858
7290008849753,false,רוטב טריאקי עשיר אוליביה 300 מל,מיוצר עי קונדיטוריית,IL,רוטב טריאקי,מיליליטרים,290.00,"100 מ""ל",false,,12.90,0.0445,true,1,1226860
7290008849777,false,רוטב צילי מתוק אוליביה 350 ג',קריות זול,IL,רוטב צ'ילי מתוק,גרמים,290.00,100 גרם,false,,12.90,0.0445,true,1,1226861
7290008849838,false,טפנד זיתים אוליביה 190 גר',"אוליביה גורמה בע""מ",IL,טפנד זיתים-אוליביה,גרמים,180.00,100 גרם,false,,9.90,0.0550,true,1,1826705
7290008849845,false,ממרח אוליביה אריסה פיקנטי 180 ג',"אוליביה גרומה בע""מ",IL,אריסה פיקנטית-אוליבי,גרמים,185.00,100 גרם,false,,9.90,0.0535,true,1,1826706
7290008909761,false,"קרלסברג בקבוק יחיד 330מ""ל",מבשלות בירה בינלאומי,IL,בירה קרלסברג בקבוק 3,מיליליטרים,330.00,"100 מ""ל",false,,6.90,0.0209,true,1,1249895
7290008909853,false,קוקה קולה זירו בקבוק 500מל,החברה המרכזית לייצור,IL,קולה ZERO בקבוק 500 מל,מיליליטרים,500.00,"100 מ""ל",false,,6.90,0.0138,true,1,1249896
7290008909884,false,"קוקה קולה זירו 350 מ""ל בקבוק זכוכית",החברה המרכזית לייצור,IL,קולה זירו קלאסי 350,מיליליטרים,350.00,"100 מ""ל",false,,5.90,0.0169,true,1,1249899
7290008961585,false,כוסמת פוסולסקי דבור,סנקי,,כוסמת 800 גרם,גרמים,800.00,100 גרם,false,,12.90,0.0161,true,1,1423047
7290008975551,false,מטרנה מהדרין חסכון שלב 3 700 גרם,מולינו ניקולי s.p.a,IL,תרכובת מזון המשך לפעוטות,גרמים,700.00,100 גרם,false,,59.90,0.0856,true,1,1223572
7290008981279,false,זעתר ביתי 100 גרם,,,זעתר ביתי 100 גרם,גרמים,100.00,100 גרם,false,,9.90,0.0990,true,1,1271330
7290008981538,false,זעתר אלנח'לה צנצנת 250ג',,,זעתר ביתי 250 גרם צנ,גרמים,250.00,100 גרם,false,,19.90,0.0796,true,1,1282818
7290008989053,false,בטר אנד דיפרנט דייסת דגנים מעורב 400גרם,בטר אנד דיפרנט B&D,IL,דייסת דגנים מעורבים 400 ג,גרמים,400.00,100 גרם,false,,16.90,0.0422,true,1,1261881
7290008989091,false,פירכיות אורז מארז 100X3ג',בטר אנד דיפרנט B&D,IL,פריכיות שלישיות אריזת חסכ,גרמים,310.00,100 גרם,false,,11.90,0.0384,true,1,1261882
7290008989282,false,שמן פשתן 250 גר',בטר אנד דיפרנט B&D,IL,"שמן פשתן 250 מ""ל",גרמים,250.00,100 גרם,false,,19.90,0.0796,true,1,1261884
7290008989305,false,שבבי סויה 200 גרם .5,בטר אנד דיפרנט B&D,IL,שבבי סויה 200 גרם 55% חלב,גרמים,200.00,100 גרם,false,,6.90,0.0345,true,1,1261885
7290008989473,false,ממרח חרובים טעם שוקו' 350ג' בי&די,בטר אנד דיפרנט B&D,IL,ממרח חרובים בטעם שוקולד 3,גרמים,350.00,100 גרם,false,,12.90,0.0369,true,1,1261887
7290008989749,false,פריכיות קינואה +אורז מלא 200 גרם,בטר אנד דיפרנט,IL,פירכיות קינואה 200 ג,גרמים,200.00,100 גרם,false,,10.90,0.0545,true,1,1261896
7290008989848,false,חמאת בוטנים קרנצ'י 350 גר',בטר אנד דיפרנט B&D,IL,חמאת בוטנים קרנצ'ית 350 ג,גרמים,350.00,100 גרם,false,,12.90,0.0369,true,1,1261897
7290008989855,false,בטר אנד דיפרנט פריכיות אורז מלא 80 גר,בטר אנד דיפרנט B&D,IL,פריכוני אורז 80 גרם,גרמים,80.00,100 גרם,false,,4.90,0.0613,true,1,1261898
7290010023141,false,תה לימונענע הגן הקסום 25 שיקיקים,קריות זול,IL,חליטת לימונענע,גרמים,55.00,100 גרם,false,,16.90,0.3073,true,1,1253861
7290010023943,false,חליטה מצמח הרויבוש Red tea בטעם קינמון ווניל,מולינו ניקולי s.p.a,IL,רויבוש קינמון וניל,גרמים,50.00,100 גרם,false,,24.90,0.4980,true,1,1253866
7290010045006,false,עוגיות חמאה פריכות 200 ג',מאפיית אריאל,IL,עוגיות חמאה פריכות,גרמים,200.00,100 גרם,false,,18.90,0.0945,true,1,1253867
7290010045013,false,עוגיות חמאה צרפתיות 200 ג',מאפיית אריאל,IL,עוגיות חמאה צרפתיות,גרמים,200.00,100 גרם,false,,18.90,0.0945,true,1,1253868
7290010045051,false,עוגיות מלבן שקדים 200 ג',מאפיית אריאל,IL,עוגיות מלבן שקדים,גרמים,200.00,100 גרם,false,,18.90,0.0945,true,1,1253870
7290010049004,false,סירופ בטעם ענבים ללא תוספת סוכר,מרמולייט,IL,מרמולייט סירופ בטעם ענבים,ליטרים,1.00,ליטר,false,,19.90,19.9000,true,1,1266513
7290010049028,false,סירופ בטעם פטל ללא תוספת סוכר,מרמולייט,IL,מרמולייט סירופ בטעם פטל 1,ליטרים,1.00,ליטר,false,,19.90,19.9000,true,1,1266515
7290010065059,false,פרינוק - ג'וניור פירות מעורבים 190 גרם,פרינוק,CZ,ג'וניור פירות מעור.190 ג',גרמים,190.00,100 גרם,false,,5.90,0.0311,true,1,1226905
7290010065271,false,פרינוק - מחית תפוחי עץ 130 גרם,פרינוק,CZ,מחית תפ'ע 130 גר' ירוק,גרמים,130.00,100 גרם,false,,4.90,0.0377,true,1,1226908
7290010065295,false,פרינוק - מחית תפוחי עץ ובננה 130 גרם,פרינוק,CZ,מחית תפ'ע+בננה 130ג'ירוק,גרמים,130.00,100 גרם,false,,4.90,0.0377,true,1,1226910
7290010065301,false,פרינוק - מחית סלט פירות 130 גרם,פרינוק,CZ,מחית סלט פירות 130ג'ירוק,גרמים,130.00,100 גרם,false,,4.90,0.0377,true,1,1226911
7290010065318,false,פרינוק - ג'וניור תפוחי עץ 190 גרם,פרינוק,CZ,ג'וניור תפ'ע 190 ג' אדום,גרמים,190.00,100 גרם,false,,5.90,0.0311,true,1,1226912
7290010065332,false,פרינוק - ג'וניור פתוחי עץ ובננה 190 גרם,פרינוק,CZ,ג'וניור תפ'ע בננה 190 ג',גרמים,190.00,100 גרם,false,,5.90,0.0311,true,1,1226914
7290010065349,false,פרינוק גרבר גוניור סלט פירות 190 גר',כלורוקס אוקלנד,CZ,ג'וניור סלט פירות 190 ג',גרמים,190.00,100 גרם,false,,5.90,0.0311,true,1,1226915
7290010065721,false,פרינוק - מחית לפתן פירות 130 גרם,fruta,CZ,מחית לפתן פירות 130 ג' יר,גרמים,130.00,100 גרם,false,,4.90,0.0377,true,1,1226920
7290010065745,false,ג`וניור פרינוק מחית לפתן פירות 190ג',פרינוק,CZ,ג'וניור לפתן פירות 190 ג',גרמים,190.00,100 גרם,false,,5.90,0.0311,true,1,1226922
7290010116980,false,אבקת שוקולית שקית עלית 850 ג',הנסיך- מפעל לייצור ט,IL,שוקולית 850 גרם 6 יח,גרמים,850.00,100 גרם,false,,18.90,0.0222,true,1,1256906
7290010117864,false,דוריטוס בטעם חריף אש,שטראוס פריטו ליי בע,IL,דוריטוס חריף אש 70 גרם,גרמים,70.00,100 גרם,false,,3.50,0.0500,true,1,1257431
7290010117970,false,סבבה בוטנים קלויים מצופים - אריזה אישית,"שטראוס פריטו ליי בע""",IL,בוטנים סבבה עלית טבע,גרמים,50.00,100 גרם,false,,2.00,0.0400,true,1,1257432
7290010118328,false,מארז תפוצ'יפס בטעם טבעי,שטראוס,IL,מארז תפוציפס 240*6ג/1מארז,גרמים,240.00,100 גרם,false,,12.90,0.0538,true,1,1257434
7290010119240,false,מארז תפוצ'יפס בטעם טבעי 12 יחידות,שטראוס,IL,מארז תפוציפס1 /12*18מארז/,גרמים,216.00,100 גרם,false,,16.90,0.0782,true,1,1257435
7290010153534,false,קמח תירס מיה 400 גרם,מיה תעשיות מזון,IL,קמח תירס 400גרם,גרמים,400.00,100 גרם,false,,3.90,0.0097,true,1,1248967
7290010153541,false,שיבולת שועל קוואקר מהיר הכנה מיה 500 גר',מיה תעשיות מזון,IL,קווקר מהיר הכנה 500גרם,גרמים,500.00,100 גרם,false,,6.90,0.0138,true,1,1248968
7290010153688,false,"חומץ טבעי מיה 1 ליטר בד""צ",פרידמן תעשיות חומץ ו,IL,חומץ טבעי 1ליטר בד''ץ,ליטרים,1.00,ליטר,false,,6.90,6.9000,true,1,1248969
7290010153770,false,ציפוי לשניצל פיקנטי מיה 500 גר',מיה תעשיות מזון,IL,ציפוי לשניצל פיקנטי 500גר,גרמים,500.00,100 גרם,false,,9.90,0.0198,true,1,1248974
7290010153787,false,ציפוי לשניצל עם שום מיה 500 גר',מיה תעשיות מזון,IL,ציפוי לשניצל עם שום 500גר,גרמים,500.00,100 גרם,false,,9.90,0.0198,true,1,1248975
7290010153794,false,ציפוי לשניצל עם עשבי תיבול מיה 500 גר',מיה תעשיות מזון,IL,ציפוי לשניצל עם עשבי תיבו,גרמים,500.00,100 גרם,false,,9.90,0.0198,true,1,1248976
7290010153800,false,ציפוי לשניצל עם תיבול עדין מיה 500 גר',מיה תעשיות מזון,IL,ציפוי לשניצל עם תיבול עדי,גרמים,500.00,100 גרם,false,,9.90,0.0198,true,1,1248977
7290010153817,false,ריבת חלב אמיתי 400גרם,מיה תעשיות מזון בעמ,IL,ריבת חלב בד''ץ,גרמים,400.00,100 גרם,false,,10.90,0.0273,true,1,1248978
7290010153848,false,תבלין פפריקה מרוקאי בשמן 80 גר' מיה,מיה תעשיות מזון בעמ,IL,פפריקה מרוקאית בשמן 80גרם,גרמים,80.00,100 גרם,false,,6.90,0.0863,true,1,1248980
7290010153862,false,תבלין פלפל שחור גרוס 70 גר',מיה תעשיות מזון בעמ,IL,פלפל שחור גרוס 70גרם,גרמים,70.00,100 גרם,false,,7.90,0.1129,true,1,1248982
7290010153879,false,ריבת חלב מרוכזת בטעם שמנת מיה 400 גר',מיה תעשיות מזון בעמ,IL,ריבת חלב בטעם שמנת 400גרם,גרמים,400.00,100 גרם,false,,10.90,0.0273,true,1,1248983
7290010153978,false,קונפיטורה שזיפים 340גרם,מיה תעשיות מזון בעמ,IL,קונפיטורה שזיפים 340גרם,גרמים,340.00,100 גרם,false,,12.90,0.0379,true,1,1248985
7290010154050,false,אריסה מתוקה 250 ג' ביטון,ביטון יוחאי,,ממרח שיפקה כבוש ביטו,גרמים,250.00,100 גרם,false,,12.90,0.0516,true,1,2244178
7290010154418,false,סחוג אדום ביטון 130 גר',תבליני ביטון יוחאי,IL,סחוג אדום 130 גרם,יחידה,0.00,יחידה,false,,7.90,0.0000,true,1,1989048
7290010154425,false,סחוג ירוק ביטון 130 גר',,,סחוג ירוק 130 גרם,יחידה,0.00,יחידה,false,,7.90,0.0000,true,1,1989049
7290010154548,false,ממרח שום טבעי 225 גר' מעדני ביטון,ביטון יוחאי,,ממרח שום ביטון יוחאי,גרמים,235.00,100 גרם,false,,12.90,0.0549,true,1,1989050
7290010154555,false,ממרח לימון כבוש 250 גר' מעדני ביטון,ביטון יוחאי,,ממרח לימון כבוש 250ג,גרמים,250.00,100 גרם,false,,12.90,0.0516,true,1,1989051
7290010154678,false,אריסה מרוקאית ביטון 250 ג' ביטון,תבליני ביטון יוחאי,IL,אריסה בטעם ביתי ביטו,גרמים,250.00,100 גרם,false,,12.90,0.0516,true,1,1989052
7290010154685,false,סלט שום כתוש 250 ג' ביטון יוחאי,תבליני ביטון יוחאי,IL,סלט שום כתוש 250 גרם,גרמים,250.00,100 גרם,false,,12.90,0.0516,true,1,1989053
7290010161669,false,"דאודורנט ספריי לגבר 200מ""ל אדם",זוהר קוסמטיקס,IL,דאו אדם פרימייר,מיליליטרים,200.00,"100 מ""ל",false,,14.90,0.0745,true,1,1250937
7290010175239,false,ממרח שוקולד טעמן 400 גר',,,ממרח שוקולד 400 גרם,גרמים,400.00,100 גרם,false,,6.90,0.0173,true,1,1248295
7290010175291,false,קקאו הולנדי לאפייה ולהכנת משקה,טעמן,,קקאו הולנדי 500 גרם,גרמים,500.00,100 גרם,false,,19.90,0.0398,true,1,1248296
7290010175840,false,לבבות דקל שלמים במי מלח,אינאקספו,UY,לבבות דקל שלם 400 גר,גרמים,400.00,100 גרם,false,,10.90,0.0273,true,1,1248305
7290010175857,false,פרוסות לבבות דקל 400 ג' טעמן,אינאקספו,UY,פרוסות לבבות דקל 400,גרמים,400.00,100 גרם,false,,9.90,0.0248,true,1,1248306
7290010182237,false,דאודורנט רול און לאב,,,דאודורנט רול און לאב,מיליליטרים,80.00,"100 מ""ל",false,,14.90,0.1863,true,1,1243070
7290010182985,false,לאבילין דאודורנט סטיק 72 כחול 50 מל,,,דאודורנט סטיק כחול,מיליליטרים,50.00,"100 מ""ל",false,,24.90,0.4980,true,1,1588126
7290010195268,false,פופקורן למיקרו בטעם טבעי מופחת שומן,פופ סטאר,US,פופסטאר מופחת שומן טבעי 5,גרמים,500.00,100 גרם,false,,12.90,0.0258,true,1,1266527
7290010195275,false,פופקורן להכנה במיקרוגל בטעם חמאה מופחת שומן,פופ סטאר,US,פופסטאר מופחת שומן חמאה 5,גרמים,500.00,100 גרם,false,,12.90,0.0258,true,1,1266528
7290010199891,false,"סטייל - סבון ידיים אדום 500 מ""ל משאבה - מרכז",דולפין ספא,TR,סבון ידיים תה ירוק,מיליליטרים,500.00,"100 מ""ל",false,,8.90,0.0178,true,1,1260418
7290010234004,false,"פנינה סבון אינטימי 450 מ""ל",,,"סבון אינטימי 450 מ""ל",מיליליטרים,450.00,"100 מ""ל",false,,19.90,0.0442,true,1,1299223
7290010234769,false,"פנינה דאודורנט איזבלה ורוד 150 מ""ל",פנינה רוזנבלום PR,IL,דאודורנט איזבלה,מיליליטרים,200.00,"100 מ""ל",false,,15.90,0.0795,true,1,1261744
7290010237531,false,"פפסי קולה פלסטיק 500 מ""ל","טמפו משקאות בע""ם.",IL,"פפסי קולה 500 מ""ל",מיליליטרים,500.00,"100 מ""ל",false,,4.50,0.0090,true,1,1239561
7290010237548,false,פפסי מקס בקבוק 500 מ``ל,טמפו משקאות בעמ,IL,"פפסי מקס 500 מ""ל",מיליליטרים,500.00,"100 מ""ל",false,,4.50,0.0090,true,1,1239562
7290010237562,false,מירינדה פלסטיק 500מל,"טמפו משקאות בע""מ",IL,"משקה מירנדה 500 מ""ל",מיליליטרים,500.00,"100 מ""ל",false,,4.50,0.0090,true,1,1239563
7290010237579,false,סבן אפ פלסטיק 500מל,"טמפו משקאות בע""מ",IL,"משקה סבן-אפ 500 מ""ל",מיליליטרים,500.00,"100 מ""ל",false,,4.50,0.0090,true,1,1239564
7290010237586,false,סבן אפ דיאט פלסטיק 500מל,"טמפו משקאות בע""מ",IL,"סבן-אפ דיאט 500 מ""ל",מיליליטרים,500.00,"100 מ""ל",false,,4.50,0.0090,true,1,1239565
7290010237685,false,"הייניקן בירה צואר ארוך 330מ""ל",טמפו משקאות בע''מ,IL,"הייניקן בקבוק 330 מ""",מיליליטרים,330.00,"100 מ""ל",false,,9.90,0.0300,true,1,1239568
7290010237777,false,בירה שנדי בתוספת משקה לימון ליים,טמפו משקאות בע''מ,IL,בירה שנדי לימון ליים,מיליליטרים,330.00,"100 מ""ל",false,,5.90,0.0179,true,1,1239572
7290010237784,false,בירה שנדי בתוספת משקה לימון ליים - שישייה,"טמפו משקאות בע""מ",IL,שישיית בירה שנדי לימ,ליטרים,1.98,ליטר,false,,29.90,15.1010,true,1,1239573
7290010259311,false,חלב קוקוס ויליפוד 400ג',וילי פוד,TH,קרם קוקוס 400 גרם,גרמים,400.00,100 גרם,false,,7.90,0.0198,true,1,1787555
7290010259359,false,וילי פוד נודלס אטר.ביצים להקפצה בדץ 200ג,פוג'יאן לונגהאי אנלי,TH,אטריות להקפצה נודלס 200גר,גרמים,200.00,100 גרם,false,,4.90,0.0245,true,1,1226597
7290010259366,false,וילי פוד נודלס אטר.ביצים מסולסל בדץ 200ג,פוג'יאן לונגהאי אנלי,CN,אטריות להקפצה מסולסלות נו,גרמים,200.00,100 גרם,false,,4.90,0.0245,true,1,1226598
7290010259823,false,מנת השף מרק עם נודלס טעם עוף בדץ 70ג,נמצ'או(תאילנד) בעמ,TH,מנת השף- מרק עם נודלס בטע,גרמים,70.00,100 גרם,false,,4.90,0.0700,true,1,1226599
7290010259830,false,מנת השף נודלס בסגנון סיני פיקנטי,נמצ'או(תאילנד) בעמ,TH,מנת השף מרק עם נודלס בסגנ,גרמים,70.00,100 גרם,false,,4.90,0.0700,true,1,1226600
7290010259847,false,מנת השף מרק עם נודלס טעם תירס בדץ 70ג,קריות זול,TH,מנת השף- מרק עם נודלס בטע,גרמים,70.00,100 גרם,false,,4.90,0.0700,true,1,1226601
7290010259854,false,מנת השף נודלס בטעם פטריות בדץ 70ג,נמצ'או(תאילנד) בעמ,TH,מנת השף - מרק עם נודלס בט,גרמים,70.00,100 גרם,false,,4.90,0.0700,true,1,1226602
7290010259861,false,מנת השף מרק עם נודלס בטעם ירקות בדץ 70ג,קריות זול,TH,מנת השף -מרק עם נודלס בטע,גרמים,70.00,100 גרם,false,,4.90,0.0700,true,1,1226603
7290010259977,false,שמן קנולה ויליפוד 1ליטר,וילי פוד,PL,שמן קנולה מזוכך 1 לי,ליטרים,1.00,ליטר,false,,9.90,9.9000,true,1,2226842
7290010259991,false,וילי פוד צנימים בדץ 250ג,קריות זול,PT,צנימים 250גרם,גרמים,250.00,100 גרם,false,,7.90,0.0316,true,1,1226607
7290010279227,false,"זיקוק 15 ס""מ 6 בשקית",,,"זיקוק 15 ס""מ-4יח'",יח',4.00,יח',false,,16.90,4.2250,true,1,2280380
7290010300471,false,חוט דנטלי ושעווה מנטה קלין 50 מטר,,,חוט דנטלי עם שעווה 5,מטרים,50.00,מטר,false,,8.90,0.1780,true,1,1244905
7290010300488,false,קיסמים וחוט דנטלי דנטה קלין 40 יח',,,קיסם+חוטדנטלי 40 יח,יח',40.00,יח',false,,8.90,0.2225,true,1,1244906
7290010300594,false,גלטין טהור קופסא,ר.ס.,,גלטין טהור קופסא,גרמים,24.00,100 גרם,false,,11.90,0.4958,true,1,1244908
7290010300860,false,"אציטון אלפא 100מ""ל",מעבדות קליאו,,"אציטון 100 מ""ל",מיליליטרים,100.00,"100 מ""ל",false,,4.90,0.0490,true,1,2036454
7290010328093,false,ממרח חלווה אחווה 400 ג' מהדרין,אחדות בית חרושת לטחי,IL,ממרח חלוה 400 גרם,גרמים,400.00,100 גרם,false,,10.90,0.0273,true,1,1224501
7290010328246,false,טחינה גולמית שומשום מלא אחווה 500 ג',,IL,טחינה אחוה שומשום מל,גרמים,500.00,100 גרם,false,,10.90,0.0218,true,1,1224504
7290010328253,false,טחינה משומשום טבעי 500 גר מהדרין,"אחדות ביח""ר בעמ",IL,טחינה אחוה גולמית 50,גרמים,500.00,100 גרם,false,,10.90,0.0218,true,1,1224505
7290010328345,false,חלווה 50 גר' וניל אחדות,אחדות ביחר לטחינה חל,IL,חלוה בטעם וניל 50 ג,גרמים,50.00,100 גרם,false,,1.90,0.0380,true,1,2132179
7290010328451,false,אחווה חלווה עם פולי קקאו 400 גר,אחדות ביחר לטחינה חל,IL,חלוה עם פולי קקאו 400 גרם,גרמים,400.00,100 גרם,false,,10.90,0.0273,true,1,1224506
7290010328468,false,אחוה חטיפי מיני חלווה 12*18 יח,שוורצקוף& הנקל דיסלד,IL,חטיפי מיני חלוה בטעמים 18,יח',18.00,יח',false,,10.90,0.6056,true,1,1224507
7290010328505,false,"חלבה חטיפי מיני לייטר לל""ס אחוה 150ג'",אחדות ביחר לטחינה חל,IL,חטיפי מיני חלוה ללא תוספת,גרמים,150.00,100 גרם,false,,10.90,0.0727,true,1,1224509
7290010328680,false,עוגה שוקולדו שוקוצ'יפ מריר ולבן אחוה 450ג',אחדות ביחר לטחינה חל,IL,עוגה בטעם שוקולד עם שוקוצ,גרמים,450.00,100 גרם,false,,9.90,0.0220,true,1,1283764
7290010328710,false,קיצפיות אחווה 180 גר,אחדות ביחר לטחינה חל,IL,קצפיות במגש 180 גרם,גרמים,180.00,100 גרם,false,,7.90,0.0439,true,1,2180049
7290010328727,false,ממרח טחינה עם שוקולד אחווה 400 ג',אחדות ביחר לטחינה חל,IL,ממרח טחינה עם שוקולד,גרמים,400.00,100 גרם,false,,10.90,0.0273,true,1,2136447
7290010328734,false,ממרח טחינה עם סילאן משומשום מלא,אחדות ביחר לטחינה חל,IL,ממרח שומשום עם סילאן,גרמים,400.00,100 גרם,false,,10.90,0.0273,true,1,1357102
7290010328765,false,חלבה חטיף שוקו וניל וחלבה אחווה 50 גרם,אחדות ביחר לטחינה חל,IL,חלוה בטעם שוקו וניל,גרמים,50.00,100 גרם,false,,1.90,0.0380,true,1,2132180
7290010328789,false,עוגה וניל אחדות 350 גר',אחדות ביחר לטחינה חל,IL,עוגה בטעם וניל 350 ג,גרמים,350.00,100 גרם,false,,6.90,0.0197,true,1,2136207
7290010328796,false,עוגה שוקולד אחדות 350 גר',אחדות ביחר לטחינה חל,IL,עוגה בטעם שוקולד 350,גרמים,350.00,100 גרם,false,,6.90,0.0197,true,1,2136208
7290010328819,false,"ממרח טחינה עם שוקולד לל""ס 400 ג' אחדות!.",אחדות ביחר לטחינה חל,IL,ממרח שומשום בטעם שוק,גרמים,400.00,100 גרם,false,,10.90,0.0273,true,1,1409009
7290010329854,false,עוגיות מיני קוקיס בטעם חמאה ללא תוספת סוכר,כרמית,,עוגיות מיני קוקיס בט,גרמים,600.00,100 גרם,false,,18.90,0.0315,true,1,1339667
7290010382811,false,"לחות קלילה לשיער מתולתל נטורל פורמולה, 400 מ""ל",,,קרם לחות קלילה לשיער,מיליליטרים,300.00,"100 מ""ל",false,,24.90,0.0830,true,1,1258663
7290010382842,false,"קרם נטורל פורמולה קרם לחות קלילה לשיער רגיל, 400 מ""ל קלילה רגיל",אמיליה קוסמטיקס,IL,קרם לחות קליל-רגיל 400מל,מיליליטרים,300.00,"100 מ""ל",false,,24.90,0.0830,true,1,1258666
7290010429554,false,"שמן זית כתית מעולה יד מרדכי 2 קלאסי, 750 מ""ל",מכוורת יד מרדכי שטרא,IL,"שמן זית 2 קלאסי 750 מ""ל",מיליליטרים,750.00,"100 מ""ל",false,,33.90,0.0452,true,1,1256913
7290010471669,false,יוגורט תות עם קורנפלקס מצופה שוקולד ללא גלוטן 3.9%,"שטראוס בריאות בע""מ",IL,בר תות קורנפלקס בודד- מקט,גרמים,175.00,100 גרם,false,,4.80,0.0274,true,1,1256252
7290010472307,false,מארז 8 יחידות משקה גמדים בטעם תות בננה,"שטראוס בריאות בע""מ",IL,8 גמדים לשתייה תות בננה,גרמים,864.00,100 גרם,false,,14.90,0.0172,true,1,1256256
7290010472390,false,מארז 8 יחידות מעדן דני בטעם שוקולד 1.5%,מיוצר עי קונדיטוריית,IL,מארז 8 דני שוקולד,גרמים,1000.00,100 גרם,false,,15.90,0.0159,true,1,1256257
7290010535699,false,חוט דנטאלי 50 מטר רפ,מיה טריידינג,CN,חוט דנטאלי 50 מטר מנטה,מטרים,50.00,מטר,false,,9.90,0.1980,true,1,1226402
7290010535767,false,כובע רחצה עבה משי,מיה טריידינג,CN,כובע רחצה ממשי / ענק,יחידה,0.00,יחידה,false,,5.90,0.0000,true,1,1226404
7290010548514,false,עשבי תיבול לבישול איטלקי,עיצובים 2020 (3.8),IL,תערובת איטלקית 70 גרם,גרמים,70.00,100 גרם,false,,9.90,0.1414,true,1,1223629
7290010561445,false,פיתות ללא גלוטן - 5 יח',אשבל מזון פונקציונלי,IL,ברילי פיתות,גרמים,420.00,100 גרם,false,,19.90,0.0474,true,1,2179162
7290010561452,false,מאפה ביס ויטמינים בר,קרלו,IL,ברילי מאפה ביס EXTRA,גרמים,360.00,100 גרם,false,,17.90,0.0497,true,1,2179163
7290010561469,false,מאפה אצבע ללא גלוטן 330 גרם,אשבל מזון פונקציונלי,IL,לחמניות אצבע ללא גלו,גרמים,330.00,100 גרם,false,,19.90,0.0603,true,1,2205863
7290010561964,false,ג'בטה EXTRA קמח טף ללא גלוטן - 3 יח',אשבל מזון פונקציונלי,IL,ברילי ג'בטה EXTRA קמ,גרמים,380.00,100 גרם,false,,19.90,0.0524,true,1,2179164
7290010609727,false,פופס קידס משקה להקפאה בטעם פירות 70יח,הדיל,,פופס קידס-שלוקים מאר,מיליליטרים,2240.00,"100 מ""ל",false,,13.90,0.0062,true,1,1250230
7290010609734,false,אייס לי משקה להקפאה בטעמי פירות - מארז 8 יח',הדיל,IL,אייס לי שלוקים 8 יח',מיליליטרים,800.00,"100 מ""ל",false,,4.90,0.0061,true,1,1475734
7290010609864,false,טרופיX משקה בטעם ענבים- מארז 40 יח',הדיל,,טרופיקס משקה ענבים,ליטרים,8.00,ליטר,false,,34.90,4.3625,true,1,1475717
7290010613731,false,תרסיס הברקת צמיגים 5,,,תרסיס הברקת צמיגים 5,יחידה,0.00,יחידה,false,,24.90,0.0000,true,1,2214143
7290010613823,false,נוזל לניקוי כלים 1.6,,,נוזל לניקוי כלים 1.6,ליטרים,1.60,ליטר,false,,14.90,9.3125,true,1,2218153
7290010613830,false,נוזל לניקוי כלים 1.6,,,נוזל לניקוי כלים 1.6,ליטרים,1.60,ליטר,false,,14.90,9.3125,true,1,2218154
7290010613892,false,תרסיס לניקוי כללי בתוספת חומץ בריח פריחה סגולה,פרפקט Perfect,,תרסיס לניקוי כללי בת,ליטרים,1.00,ליטר,false,,12.90,12.9000,true,1,2199721
7290010613939,false,תרסיס לניקוי כללי בתוספת אבקת סודה,פרפקט Perfect,,תרסיס לניקוי כללי בת,ליטרים,1.00,ליטר,false,,12.90,12.9000,true,1,2199708
7290010613946,false,"תרסיס שימון 200 מ""ל",,,"תרסיס שימון 200 מ""ל",יחידה,0.00,יחידה,false,,16.90,0.0000,true,1,2214147
7290010627004,false,טחינה גולמית מסורתית ירושלים 500 ג',"בראשית ירושלים בע""מ",IL,טחינה גולמית ירושלים,גרמים,500.00,100 גרם,false,,12.90,0.0258,true,1,1394851
7290010627844,false,טחינה גולמית שומשום מלא ירושלים 500גרם,"בראשית ירושלים בע""מ",IL,טחינה גולמית ירושלים,גרמים,500.00,100 גרם,false,,12.90,0.0258,true,1,1394852
7290010632558,false,כפית ארוכה 18 יח נוב,,,כפית ארוכה 18 יח נוב,יח',18.00,יח',false,,19.90,1.1056,true,1,1237856
7290010632787,false,צימרוני אוזניים עץ 300יח',הדקלאים אגודת שיתופי,CN,צימרוני אוזנים מעץ 3,יח',300.00,יח',false,,3.50,0.0117,true,1,1237870
7290010711673,false,100 שקיות אוכל מנייר,מ.א ייצור ושיווק מטל,,100 שקיות אוכל מנייר 20 ב,יח',100.00,יח',false,,11.90,0.1190,true,1,1242165
7290010711703,false,שקיות אוכל מנייר 50 יח',מ.א ייצור ושיווק מטל,,50 שקיות אוכל מנייר 40 בק,יח',50.00,יח',false,,6.90,0.1380,true,1,1242166
7290010748518,false,"סרקל פורטה שמפו לילדים 750 מ""ל","ד""ר פישר Dr fischer",IL,סרקל פורטה שמפו 750 גרם,מיליליטרים,750.00,"100 מ""ל",false,,24.90,0.0332,true,1,1265194
7290010748853,false,"ד""ר פישר - אפקטיב קר קרם ידיים סנסיטיב 150 מ""ל","ד""ר פישר Dr fischer",IL,אפקטיב קר קרם ידיים סנסיט,מיליליטרים,150.00,"100 מ""ל",false,,15.90,0.1060,true,1,1265196
7290010748860,false,"ד""ר פישר - אפקטיב קר קרם ידיים אינטנסיב 150 מ""ל",פישר מעבדות פרמצבטיו,IL,אפקטיב קר קרם ידיים אינטנ,מיליליטרים,150.00,"100 מ""ל",false,,15.90,0.1060,true,1,1265197
7290010748877,false,קרם גוף סנסטיב Senstive לעור רגיש,פישר מעבדות פרמצבטיו,IL,אפקטיב קר קרם גוף סנסיטיב,מיליליטרים,700.00,"100 מ""ל",false,,24.90,0.0356,true,1,1265198
7290010748884,false,קרם גוף אינטנסיב Intensive לעור יבש במיוחד,פישר מעבדות פרמצבטיו,IL,אפקטיב קר קרם גוף אינטנסי,מיליליטרים,700.00,"100 מ""ל",false,,24.90,0.0356,true,1,1265199
7290010748891,false,קרם גוף מולטי ויטמין Multi vitamin לעור רגיל- יבש,פישר מעבדות פרמצבטיו,IL,אפקטיב קר קרם גוף מולטי ו,מיליליטרים,700.00,"100 מ""ל",false,,24.90,0.0356,true,1,1265200
7290010757893,false,"בורקס תפו""א ללא גלוטן פרווה - מוקפא",מאפיית ישראל חיפה,IL,בורקס תפוא ללא גלוטן,גרמים,500.00,100 גרם,false,,19.90,0.0398,true,1,2235064
7290010757909,false,בורקס גבינה ללא גלוטן - מוקפא,מאפיית ישראל חיפה,IL,בורקס גבינה ללא גלוט,גרמים,500.00,100 גרם,false,,19.90,0.0398,true,1,2235065
7290010757923,false,ריבועי בצק עלים ל.גל,מאפיית ישראל חיפה,IL,ריבועי בצק עלים ללא,גרמים,450.00,100 גרם,false,,17.90,0.0398,true,1,2235075
7290010757930,false,מלאווח ללא גלוטן פרווה - מוקפא,מאפיית ישראל חיפה,IL,מלוואח ללא גלוטן 500,גרמים,500.00,100 גרם,false,,19.90,0.0398,true,1,2235067
7290010757954,false,זיווה גבינה ללא גלוט,מאפיית ישראל חיפה,IL,זיווה גבינה ללא גלוט,גרמים,500.00,100 גרם,false,,19.90,0.0398,true,1,2235069
7290010760688,false,בצק פילאס שחף מגולגל,מאפית אריאל,,בצק פילאס מגולגל 600,גרמים,600.00,100 גרם,false,,14.90,0.0248,true,1,2214425
7290010760947,false,עוגיות בדלי בטעמים ש,מאפיית ישראל חיפה,IL,עוגיות בדלי בטעמים ש,גרמים,600.00,100 גרם,false,,15.90,0.0265,true,1,1255134
7290010766307,false,רוטב לפסטה בולונז אוליביה 420 ג' אסם,אוליביה,IL,רוטב לפסטה בולונז,גרמים,420.00,100 גרם,false,,12.90,0.0307,true,1,1226931
7290010766734,false,רוטב פיצה אוליביה אסם 430 ג',אוליביה,IL,רוטב פיצה,מיליליטרים,415.00,"100 מ""ל",false,,12.90,0.0311,true,1,1226933
7290010766949,false,ממרח תחתיות ארטישוק 180ג' אוליביה,אוליביה,IL,ממרח ארטישוק,גרמים,180.00,100 גרם,false,,12.90,0.0717,true,1,1226935
7290010766956,false,אוליביה ממרח פלפלים מתוקים אדומים 180 גר,אוליביה,IL,ממרח פלפלים מתוקים אדומים,גרמים,190.00,100 גרם,false,,12.90,0.0679,true,1,1226936
7290010770762,false,אקווה פרש מברשת שיניים קלין פלקס,גלקסו סמית קליין,DE,א.פרש מברשת פלקס,יח',1.00,יח',false,,4.90,4.9000,true,1,1260423
7290010814244,false,שלשות שוקולד מריר 85 גרם*3 בלמינט *18 בקרטון,כרמית תעשיות ממתקים,IL,כרמית שוקולד מריר שלשות 1,גרמים,255.00,100 גרם,false,,11.90,0.0467,true,1,1253420
7290010814251,false,שלשות שוקולד חלב 85 גר*3 בלמינט*18 בקרט בדצ,כרמית תעשיות ממתקים,IL,כרמית שוקולד חלב שלשות 85,גרמים,255.00,100 גרם,false,,11.90,0.0467,true,1,1253421
7290010814268,false,שלשות שוקולד לבן 85 גר*3 בלמינט * 18 בקרטון,כרמית תעשיות ממתקים,IL,כרמית שוקולד לבן שלשות 85,גרמים,255.00,100 גרם,false,,11.90,0.0467,true,1,1253422
7290010814695,false,שוקולד מריר ללא תוספת סוכר וסטהיים,כרמית תעשיות ממתקים,IL,כרמית שוקולד מריר ללא סוכ,גרמים,85.00,100 גרם,false,,4.90,0.0576,true,1,1253424
7290010814701,false,שוקולד חלב ללא תוספת סוכר וסטהיים,כרמית תעשיות ממתקים,IL,כרמית שוקולד חלב ללא סוכר,גרמים,85.00,100 גרם,false,,4.90,0.0576,true,1,1253425
7290010838219,false,ממתיק על בסיס צמח הסטיביה - שקיות,תות ממתקי איכות,IL,מר' סטיביה 100שקיות,יח',100.00,יח',false,,25.90,0.2590,true,1,1266531
7290010838424,false,ג'ל לניקוי מתקדם בניחוח רענן - מארז זוג,"איטיליאן פוד, אס.פי.",NL,טואלט דאק * 750זוג *ירוק,מיליליטרים,1500.00,"מ""ל",false,,16.90,0.0113,true,1,1266532
7290010838431,false,ג'ל לניקוי מתקדם בניחוח ים - מארז זוג,מיוצר עי קונדיטוריית,NL,טואלט דאק * 750זוג *כחול,מיליליטרים,1500.00,"מ""ל",false,,16.90,0.0113,true,1,1266533
7290010839865,false,רוטב רכז רימונים ויליפוד 320 ג',ניו ג'רסי סטאר סנקס,TR,רוטב רימונים 320 גרם,גרמים,320.00,100 גרם,false,,9.90,0.0309,true,1,1226612
7290010849505,false,יין למברוסקו די לואיג'י רוסו דולצ'ה,פארייפאבה אגרואינדוס,IT,יין למברוסקו מבעבע,מיליליטרים,750.00,"100 מ""ל",false,,29.90,0.0399,true,1,1248745
7290010849512,false,יין למברוסקו די לואיג'ירוזטו אמבילה,פארייפאבה אגרואינדוס,IT,יין למברוסקו מבעבע,מיליליטרים,750.00,"100 מ""ל",false,,29.90,0.0399,true,1,1248746
7290010849529,false,יין למברוסקו די לואיג'י ביאנקו,פארייפאבה אגרואינדוס,IT,יין למברוסקו מבעבע,מיליליטרים,750.00,"100 מ""ל",false,,29.90,0.0399,true,1,1248747
7290010883042,false,סנובון עם אפקט הקצף הפעיל בריח רענן,סנו,IL,סנובון נוזלי רענן 750 מל,מיליליטרים,750.00,"100 מ""ל",false,,10.90,0.0145,true,1,1235676
7290010883356,false,כפפות אלוורה רב שימושיות מרופדות גדול L,סנו סושי,CN,XL סנו סושי כפפות אלוורה,יח',1.00,יח',false,,9.90,9.9000,true,1,1235678
7290010883363,false,כפפות אלוורה רב שימושיות מרופדות קטן S,האי נאם סי או אל.טי.,CN,S סנו סושי כפפות אלוורה,יח',1.00,יח',false,,9.90,9.9000,true,1,1235679
7290010883370,false,כפפות אלוורה רב שימושיות מרופדות בינוני M,האי נאם סי או אל.טי.,CN,M סנו סושי כפפות אלוורה,יח',1.00,יח',false,,9.90,9.9000,true,1,1235680
7290010931330,false,סלט מטבוחה אחלה 500ג,מיוצר עי קונדיטוריית,IL,מטבוחה 500,גרמים,500.00,100 גרם,false,,15.50,0.0310,true,1,1256260
7290010944835,false,שטיח סיליקון לארונות,,,שטיח סיליקון לארונות,יחידה,0.00,יחידה,false,,9.90,0.0000,true,1,2205543
7290010945146,false,קוטג' 3% מועשר בסידן טרה 250 ג' מהדרין,קריות זול,IL,קוטג' 3% 250 גרם- נעמ,גרמים,250.00,100 גרם,false,,5.40,0.0216,true,1,1243849
7290010945306,false,חלב 3% בקרטון 2 ל' טרה,קריות זול,IL,חלב בקרטון 2 ליטר 3% חרדי,ליטרים,2.00,ליטר,false,,12.40,6.2000,true,1,1243850
7290010945450,false,טרה גבינה לבנה מהדרין 3% 250ג,קריות זול,IL,גבינה לבנה 250 גרם 3% מהד,גרמים,250.00,100 גרם,false,,4.95,0.0198,true,1,1243851
7290010945481,false,גבינה לבנה 5% שומן 500 ג' טרה,קריות זול,IL,גבינה לבנה 500 גרם 5%,גרמים,500.00,100 גרם,false,,9.90,0.0198,true,1,1243852
7290010970063,false,שמן שומשום כבישה קרה,טעמים,IL,שמן שומשום 500 מל,מיליליטרים,500.00,"100 מ""ל",false,,39.90,0.0798,true,1,1265825
7290010970100,false,שמן שומשום כבישה קרה,טעמים,IL,שמן שומשום 250 מל,מיליליטרים,250.00,"100 מ""ל",false,,24.90,0.0996,true,1,1265826
7290010970193,false,סילאן תמרים טבעי 100% תמרים,טעמים,,סילאן 100% תמרים 900,גרמים,900.00,100 גרם,false,,19.90,0.0221,true,1,1394238
7290010970223,false,חומץ יין אדום מונטני,יושלם,IL,חומץ יין אדום  500 מל,מיליליטרים,500.00,"100 מ""ל",false,,10.90,0.0218,true,1,1265828
7290010970230,false,חומץ יין עם הדרים,טעמים,IL,"חומץ פירות הדר 500 מ""ל",מיליליטרים,500.00,"100 מ""ל",false,,10.90,0.0218,true,1,1282889
7290010970254,false,חומץ בן יין לבן מונט,יושלם,IL,חומץ יין לבן   500 מל,מיליליטרים,500.00,"100 מ""ל",false,,10.90,0.0218,true,1,1265829
7290010970261,false,"חומץ תפוחי עץ 500 מ""",יושלם,IL,חומץ תפוחי עץ 500 מל,מיליליטרים,500.00,"100 מ""ל",false,,10.90,0.0218,true,1,1265830
7290010970278,false,חומץ פירות יער אדומי,טעמים,IL,חומץ פירות יער אדומים 500,מיליליטרים,500.00,"100 מ""ל",false,,10.90,0.0218,true,1,1265831
7290010970346,false,תמרים מרוסקים 500 גר,,,תמרים מרוסקים 500 גר,גרמים,500.00,100 גרם,false,,12.90,0.0258,true,1,2193899
7290010970407,false,חומץ תפוחים בלסמי 50,,,חומץ תפוחים בלסמי 50,מיליליטרים,500.00,"100 מ""ל",false,,19.90,0.0398,true,1,2193900
7290010970520,false,תרסיס שמן קנולה בטעם חמאה,טעמים,IL,שמן בטעם חמאה בתרסיס  200,גרמים,200.00,100 גרם,false,,19.90,0.0995,true,1,1265833
7290010970544,false,שמן אבוקדו בטעם מעודן,טעמים,IL,שמן זית כתית מעולה 750 מל,מיליליטרים,500.00,"100 מ""ל",false,,39.90,0.0798,true,1,1318440
7290010970551,false,שמן אבוקדו בטעם מעודן,טעמים,IL,שמן זית כתית מעולה 750 מל,מיליליטרים,250.00,"100 מ""ל",false,,24.90,0.0996,true,1,1318441
7290010970568,false,שמן בוטנים בכבישה קר,טעמים,IL,שמן זית כתית מעולה 750 מל,מיליליטרים,500.00,"100 מ""ל",false,,39.90,0.0798,true,1,1318442
7290010970575,false,שמן בוטנים בכבישה קרה,טעמים,IL,שמן זית כתית מעולה 750 מל,מיליליטרים,250.00,"100 מ""ל",false,,24.90,0.0996,true,1,1318443
7290010970582,false,"רוטב סויה 350 מ""ל",טעמים,,"רוטב סויה 350 מ""ל",מיליליטרים,350.00,"100 מ""ל",false,,7.90,0.0226,true,1,1394239
7290010970650,false,קרם מצומצם מחומץ בלסמי ממודנה,טעמים,,"קרם בלסמי 250 מ""ל",מיליליטרים,250.00,"100 מ""ל",false,,19.90,0.0796,true,1,1393489
7290010970667,false,שמן סובין אורז 500 מ,טעמים,,שמן סובין אורז 500 מ,מיליליטרים,500.00,"100 מ""ל",false,,14.90,0.0298,true,1,1343169
7290010970704,false,ממרח זיתים ירוקים 18,טעמים,,ממרח זיתים ירוקים 18,גרמים,180.00,100 גרם,false,,12.90,0.0717,true,1,1496032
7290010970711,false,פסטו בזיליקום א-לה ג'נובזה,טעמים,,ממרח פסטו בזיליקום 1,גרמים,180.00,100 גרם,false,,12.90,0.0717,true,1,1496020
7290010970728,false,ממרח עגבניות מיובשות,טעמים,,ממרח עגבניות מיובשות,גרמים,180.00,100 גרם,false,,12.90,0.0717,true,1,1496021
7290010970735,false,ממרח ארטישוק 180 כאם,טעמים,,ממרח ארטישוק 180 כאם,גרמים,180.00,100 גרם,false,,12.90,0.0717,true,1,1498444
7290010970742,false,ממרח פלפלים 180 גרם,,,ממרח פלפלים 180 גרם,גרמים,180.00,100 גרם,false,,12.90,0.0717,true,1,1496023
7290010970773,false,סילאן תמרים טבעי בקב,,,סילאן תמרים טבעי בקב,גרמים,350.00,100 גרם,false,,12.90,0.0369,true,1,2193902
7290010970940,false,ממרח פסטו אדום 180 ג,טעמים,,ממרח פסטו אדום 180 ג,גרמים,180.00,100 גרם,false,,12.90,0.0717,true,1,1868492
7290010970971,false,תרסיס שמן זית 200 גר,,,תרסיס שמן זית 200 גר,גרמים,200.00,100 גרם,false,,19.90,0.0995,true,1,2256761
7290011015862,false,"פריגת סירופ דיאט לימונענע 750 מ""ל",סירופ - גבעת חיים,IL,סירופ ד.לנענע 750,מיליליטרים,750.00,"100 מ""ל",false,,22.90,0.0305,true,1,1249913
7290011015985,false,"מיץ אננס דאיט 750 מ""ל פריגת",סירופ - גבעת חיים,IL,סירופ דיאט אננס 750,מיליליטרים,750.00,"100 מ""ל",false,,22.90,0.0305,true,1,1249914
7290011017866,false,קוקה קולה קלאסי בפחית,החברה המרכזית לייצור,IL,"סליק קוקה-קולה 330 מ""ל",מיליליטרים,330.00,"100 מ""ל",false,,5.40,0.0164,true,1,1249923
7290011017873,false,"קוקה קולה זירו פחית 330 מ""ל",החברה המרכזית לייצור,IL,"סליק קולה זירו 330 מ""ל",מיליליטרים,330.00,"100 מ""ל",false,,5.40,0.0164,true,1,1249924
7290011017880,false,דיאט קוקה קולה פחית סליק 330מל,החברה המרכזית לייצור,IL,"סליק ד.קוקה-קולה 330 מ""ל",מיליליטרים,330.00,"100 מ""ל",false,,5.40,0.0164,true,1,1249925
7290011018184,false,"אייס תה FUZE TEAאפרסק 500 מ""ל",מבשלות בירה בינלאומי,IL,FUZE tea אפרסק 0.5 ליטר,מיליליטרים,500.00,"100 מ""ל",false,,6.90,0.0138,true,1,1249928
7290011018368,false,שישיית בירה ויינשטפן,"ויינשטפן, ת.ד 1155 פ",DE,ויינשטפן 6 בק 330 פקדון,מיליליטרים,1980.00,"100 מ""ל",false,,66.90,0.0338,true,1,1249939
7290011018443,false,"פנטה אורנג פחית סליק 330 מ""ל",החברה המרכזית לייצור,IL,"סליק פאנטה אורנג' 330 מ""ל",מיליליטרים,330.00,"100 מ""ל",false,,5.40,0.0164,true,1,1249940
7290011018832,false,קוקה קולה פרידג' פאק פחיות 6*330מל,החברה המרכזית לייצור,IL,"מארז ק""ק 6 פח FRIDGE-PACK",ליטרים,1.98,ליטר,false,,23.90,12.0707,true,1,1249945
7290011018917,false,קוקה קולה זירו פרידג'פק סליק 6*330מל,החברה המרכזית לייצור,IL,מארז zero 6 פח FRIDGE-PAC,ליטרים,1.98,ליטר,false,,23.90,12.0707,true,1,1249948
7290011026066,false,"ד""ר פישר - סרקל שמפו + מרכך לילדים 1 ליטר","ד""ר פישר Dr fischer",IL,סרקל שמפו + מעצב ליטר,ליטרים,1.00,ליטר,false,,28.90,28.9000,true,1,1265201
7290011026530,false,אל סבון לתינוק קמיל בלו סנסטיב לפני השינה,פישר מעבדות פרמצבטיו,IL,קמיל בלו סנסיטיב אל סבון,גרמים,500.00,100 גרם,false,,19.90,0.0398,true,1,1265204
7290011064020,false,בולגרית למריחה 13% 200 ג' ניצן,גבינות ניצן,,גבינה בולגרית בעיר 2,גרמים,200.00,100 גרם,false,,12.90,0.0645,true,1,2158709
7290011064075,false,מעדן לאבנה ניצן אבו גוש 200 ג',גבינות עמיר ניצן,,גבינה לבנה אבו גוש 2,גרמים,200.00,100 גרם,false,,12.90,0.0645,true,1,2115808
7290011064099,false,טאפס פלפלוני שרי ממולאים במעדן גבינה,"ניצן מותגי מזון בע""מ",IL,טאפס שכונתי 125 גרם,גרמים,125.00,100 גרם,false,,19.90,0.1592,true,1,2115809
7290011091057,false,פפריקה מתוקה 500 ג פרג,תבליני הדור השלישי,IL,פפריקה מתוקה,גרמים,500.00,100 גרם,false,,29.90,0.0598,true,1,2265001
7290011091071,false,פפריקה חריפה בשמן 500 גרם,תבליני הדור השלישי,IL,פפריקה חריפה בשמן 50,גרמים,500.00,100 גרם,false,,29.90,0.0598,true,1,2264994
7290011091095,false,חוואיג למרק פרג 500,תבליני הדור השלישי,IL,חוויג מרק 500 גרם,גרמים,500.00,100 גרם,false,,29.90,0.0598,true,1,2264987
7290011091118,false,גריל עוף פרג 500 גרם,תבליני הדור השלישי,IL,תבלין עוף בגריל,גרמים,500.00,100 גרם,false,,29.90,0.0598,true,1,1249399
7290011091125,false,תבלין לסטייק 120 גרם,,,תבלין לסטייק 120 גרם,גרמים,120.00,100 גרם,false,,13.90,0.1158,true,1,1249400
7290011091132,false,תבלין קארי הודי 120גר,תבליני פרג,,קארי הודי 120 גרם,גרמים,120.00,100 גרם,false,,13.90,0.1158,true,1,2264942
7290011091170,false,פרג כוסברה ירוקה 40 גרם,תבליני פרג,,כוסברה 20 גרם,גרמים,20.00,100 גרם,false,,13.90,0.6950,true,1,1249404
7290011091200,false,פרג בזיליקום 40 גרם,תבליני פרג,,בזיליקום 40 גרם,גרמים,40.00,100 גרם,false,,13.90,0.3475,true,1,1249405
7290011091217,false,פרג תבלין שמיר 40ג,תבליני פרג,,שמיר 40 גרם,גרמים,40.00,100 גרם,false,,13.90,0.3475,true,1,1249406
7290011091231,false,עלי דפנה ופלפל אנגלי,תבליני פרג,,עלי דפנה 40 גרם,גרמים,40.00,100 גרם,false,,13.90,0.3475,true,1,1249408
7290011091248,false,פרג טימין 40ג,תבליני פרג,,טימין,גרמים,40.00,100 גרם,false,,13.90,0.3475,true,1,2264910
7290011091262,false,פרג תבלין אורגנו 40ג,תבליני פרג,,אורגנו 60 גרם,גרמים,60.00,100 גרם,false,,13.90,0.2317,true,1,2264898
7290011091323,false,זעתר בלאדי פרג 150 ג,תבליני פרג,,זעתר בלאדי,גרמים,120.00,100 גרם,false,,13.90,0.1158,true,1,1249411
7290011091347,false,תבלין עוף בגריל,תבליני פרג,,גריל עוף 120 גרם,גרמים,120.00,100 גרם,false,,13.90,0.1158,true,1,1249412
7290011091354,false,תבלין לשווארמה ופרגיות,תבליני פרג,,תבלין לשווארמה,גרמים,120.00,100 גרם,false,,13.90,0.1158,true,1,1249413
7290011091361,false,תבלין לדגים 120 גרם,תבליני פרג,,תבלין לדגים 120 גרם,גרמים,120.00,100 גרם,false,,13.90,0.1158,true,1,1249414
7290011091392,false,תבלין בהרט לקובה 100 גרם,תבליני הדור השלישי,IL,בהרט לקובה,גרמים,100.00,100 גרם,false,,13.90,0.1390,true,1,1249416
7290011091408,false,תבליין חוויג מרק 120,תבליני פרג,,תבליין חוויג מרק 120,גרמים,120.00,100 גרם,false,,13.90,0.1158,true,1,1249417
7290011091415,false,חוויג לקפה 100 גרם,תבליני פרג,,חוויג לקפה,גרמים,100.00,100 גרם,false,,13.90,0.1390,true,1,1249418
7290011091453,false,כוסברה טחונה 100 גרם,תבליני פרג,,כוסברה טחונה 100 גרם,גרמים,100.00,100 גרם,false,,13.90,0.1390,true,1,2264911
7290011091460,false,כורכום טחון 150 גרם,תבליני פרג,,כורכום טחון 150 גרם,גרמים,150.00,100 גרם,false,,13.90,0.0927,true,1,1249421
7290011091477,false,מלח לימון 200 גרם,תבליני פרג,,מלח לימון,גרמים,200.00,100 גרם,false,,13.90,0.0695,true,1,1249422
7290011091491,false,קינמון טחון 120 גרם,תבליני פרג,,קינמון טחון 120 גרם,גרמים,120.00,100 גרם,false,,13.90,0.1158,true,1,1249424
7290011091507,false,פלפל שחור טחון 120 גרם,תבליני הדור השלישי,IL,פלפל שחור טחון,גרמים,100.00,100 גרם,false,,13.90,0.1390,true,1,1249425
7290011091514,false,פרג פפריקה מתוקה בשמן 120ג,תבליני פרג,,פפריקה מתוקה בשמן,גרמים,120.00,100 גרם,false,,13.90,0.1158,true,1,1249426
7290011091521,false,פרג תבלין כמון טחון 120ג,תבליני פרג,,כמון טחון,גרמים,120.00,100 גרם,false,,13.90,0.1158,true,1,1249427
7290011091576,false,פרג זנגביל טחון 100ג,תבליני פרג,,זנגויל טחון,גרמים,100.00,100 גרם,false,,13.90,0.1390,true,1,1249428
7290011091590,false,פפריקה חריפה 150 גרם,תבליני פרג,,פפריקה חריפה,גרמים,150.00,100 גרם,false,,13.90,0.0927,true,1,1249430
7290011091606,false,פפריקה מתוקה 150 גרם פרג,תבליני פרג,,פפריקה מתוקה,גרמים,150.00,100 גרם,false,,13.90,0.0927,true,1,1249431
7290011091620,false,קימל טחון פרג 120 גר,תבליני הדור השלישי,IL,קימל טחון,גרמים,120.00,100 גרם,false,,13.90,0.1158,true,1,1249432
7290011091651,false,שום גבישי פרג 150 גר,תבליני הדור השלישי,IL,תבלין גבישי שום,גרמים,150.00,100 גרם,false,,13.90,0.0927,true,1,1249435
7290011091958,false,צילי מקסיקני 80 גרם,תבליני פרג,,צילי מקסיקני 80 גרם,גרמים,80.00,100 גרם,false,,13.90,0.1738,true,1,1249438
7290011112523,false,"דאודורנט לנשים 150 מ""ל YOU PRETTY",קרליין Careline,,דאודורנט ספריי פריטי,מיליליטרים,175.00,"100 מ""ל",false,,19.90,0.1137,true,1,1258689
7290011113926,false,דאודורנט ספריי טיטניום בלאק Titanium Black,משווק: וסמופארם בעממ,IL,200מל BLACK דאו.טיטניום,מיליליטרים,180.00,"100 מ""ל",false,,14.90,0.0828,true,1,1258725
7290011115159,false,נקה 7-סבון מוצק לחות פרחים- רביעייה * 100 ג',גליל כימיכלים,IL,רביעיית סבון מוצק נקה 7 ל,גרמים,400.00,100 גרם,false,,9.90,0.0248,true,1,1258748
7290011115166,false,נקה 7 ארומה סבון נוזלי לבנדר 1 ל',טרופיקל דגיל תעשיות,IL,תחליב רחצה ארומה לבנדר1ל,ליטרים,1.00,ליטר,false,,14.90,14.9000,true,1,1258749
7290011115173,false,נקה 7 ארומה סבון נוזלי וניל 1 ל',טרופיקל דגיל תעשיות,IL,תחליב רחצה ארומה וניל שקד,ליטרים,1.00,ליטר,false,,14.90,14.9000,true,1,1258750
7290011115203,false,אל סבון מוצק מבושם בניחוח עדין קלאסיק - מארז רביעיה,טרופיקל דגיל תעשיות,IL,רבעיית סבון מוצק נקה 7 קל,גרמים,400.00,100 גרם,false,,9.90,0.0248,true,1,1258751
7290011115241,false,אל סבון ארומטי מוצק ורוד ורד ויסמין - מארז רביעיה,גליל כימיקלים בעמ,IL,רבעיית סבון מוצק נקה 7 אר,גרמים,400.00,100 גרם,false,,9.90,0.0248,true,1,1258752
7290011115258,false,אל סבון מוצק מבושם בניחוח עדין קלאסיק - מארז רביעיה,גליל כימיקלים בעמ,IL,רבעיית סבון מוצק נקה 7 קל,גרמים,400.00,100 גרם,false,,9.90,0.0248,true,1,1258753
7290011115265,false,מארז סבון מוצק ארומה אל סבון מועשר בשמנים ארומטיים,גליל כימיקלים בעמ,IL,רבעיית סבון מוצק נקה 7 אר,גרמים,400.00,100 גרם,false,,9.90,0.0248,true,1,1258754
7290011115272,false,אל סבון מוצק מועשר בקרם לחות צמחים - מארז רביעיה,קוסמופארם בע''מ,IL,רבעיית סבון מוצק נקה 7 לח,גרמים,400.00,100 גרם,false,,9.90,0.0248,true,1,1258755
7290011115289,false,אל סבון מוצק מבושם בניחוח עדין קלאסיק - מארז רביעיה,"גליל כימיכלים בע""מ",IL,רבעיית סבון מוצק נקה 7 קל,גרמים,400.00,100 גרם,false,,9.90,0.0248,true,1,1258756
7290011115296,false,אל סבון מוצק מועשר בקרם לחות לבנדר - מארז רביעיה,נקה 7,,רביעיית סבון מוצק לח,גרמים,400.00,100 גרם,false,,9.90,0.0248,true,1,1258757
7290011115401,false,אל סבון ארומטי מוצק צהוב קמומיל - רביעייה,נקה 7,IL,רביעיית סבון מוצק אר,גרמים,400.00,100 גרם,false,,9.90,0.0248,true,1,1258762
7290011126209,false,תה הגן הקסום תפוח וקינמון - סיידר 25 שקיקים,קריות זול,IL,חליטת תפוח וקינמון סיידר,גרמים,67.50,100 גרם,false,,16.90,0.2504,true,1,1253872
7290011126216,false,חליטה מצמח הרויבוש Red tea קלאסי,ויסוצקי,IL,רויבוש קלאסי,גרמים,50.00,100 גרם,false,,24.90,0.4980,true,1,1253873
7290011126452,false,תה הגן הקסום קמומיל ונענע 25 יח',קריות זול,IL,חליטת קמומיל ונענע,גרמים,37.50,100 גרם,false,,16.90,0.4507,true,1,1253880
7290011126469,false,תה קמומיל ודבש 1.5ג' *25 שקיקים,קריות זול,IL,חליטת קמומיל ודבש,גרמים,37.50,100 גרם,false,,16.90,0.4507,true,1,1253881
7290011126940,false,תה ירוק בתוספת מרווה 25 שקיקים,ויסוצקי ירוק,IL,תה ירוק מרווה,גרמים,37.50,100 גרם,false,,22.90,0.6107,true,1,1253887
7290011126957,false,תה יסוצקי ירוק ארל גריי 25 יח',ויסוצקי ירוק,IL,תה ירוק ארל גרי,גרמים,37.50,100 גרם,false,,22.90,0.6107,true,1,1253888
7290011131371,false,מוזלי קראנצ'י שקדים ואגוזים,ויטליאה ניקולה דו,MK,מיזלי 1קג קראנצ' אלמונד,גרמים,1000.00,100 גרם,false,,20.90,0.0209,true,1,1234885
7290011131388,false,מיזלי קראנץ תפוחים ג,ויטליאה ניקולה דו,MK,מיזלי1קג קראנצ'אפל&קינמון,גרמים,1000.00,100 גרם,false,,20.90,0.0209,true,1,1234886
7290011131395,false,מוזלי קראנצ'י 30% פירות,ויטליאה ניקולה דו,MK,מיזלי1קג קראנצ'30%פירות,גרמים,1000.00,100 גרם,false,,20.90,0.0209,true,1,1234887
7290011131609,false,"מיזלי 1 ק""ג פירות מו",גרין Green,MK,מיזלי1קג מ.שומן30%פירות,קילוגרמים,1.00,"100 ק""ג",false,,20.90,20.9000,true,1,1234891
7290011131616,false,"מיזלי 1 ק""ג אלמונד מ",גרין Green,MK,מיזלי1קג מ.שומן אלמונד,קילוגרמים,1.00,"100 ק""ג",false,,20.90,20.9000,true,1,1234892
7290011131654,false,מוזלי קראנצ'י ביג מיקס עם פירות ואגוזים,ויטליה ניקולא דו,MK,מיזלי 1 קג ביג מיקס,גרמים,1000.00,100 גרם,false,,20.90,0.0209,true,1,1234895
7290011131968,false,גרנולה בתוספת שקדים ואגוזים,ויטליה ניקולא דו,MK,גרנולה 1 ק'ג אגוזים,גרמים,1000.00,100 גרם,false,,20.90,0.0209,true,1,1234896
7290011131975,false,גרנולה בתוספת פירות מיובשים ומסוכרים,ויטליאה ניקולה דו,MK,גרנולה 1 ק'ג פירות,גרמים,1000.00,100 גרם,false,,20.90,0.0209,true,1,1234897
7290011132507,false,"סודה סן בנדטו מוגז עדין 500מ""ל",אקווה מינרלה סאן בנד,IT,מים בנדטו מוגז 500 מ,מיליליטרים,500.00,"100 מ""ל",false,,4.90,0.0098,true,1,1239582
7290011132552,false,רביעיית בירה פאולנר,פאולנר Paulaner,,רביעייה בירה פאולנר,ליטרים,1.32,ליטר,false,,39.90,30.2273,true,1,1239584
7290011133368,false,בירה שנדי בתוספת משקה תפוח - שישייה,"טמפו משקאות בע""מ",IL,שישיית בירה שנדי תפו,ליטרים,1.98,ליטר,false,,29.90,15.1010,true,1,1239588
7290011133375,false,בירה שנדי בתוספת משקה אפרסק - שישייה,"טמפו משקאות בע""מ",IL,שישיית בירה שנדי אפר,ליטרים,1.98,ליטר,false,,29.90,15.1010,true,1,1239589
7290011133498,false,"מכבי שנדי תפוח בקבוק בודד 330 מ""ל","טמפו משקאות בע""מ",IL,בירה שנדי תפוח 330 מ,מיליליטרים,330.00,"100 מ""ל",false,,5.90,0.0179,true,1,1239590
7290011133504,false,"מכבי שנדי אפרסק בקבוק בודד 330 מ""ל",טמפו משקאות בע''מ,IL,בירה שנדי אפרסק 330,מיליליטרים,330.00,"100 מ""ל",false,,5.90,0.0179,true,1,1239591
7290011133634,false,"פפסי מקס פחית צרה מארז שישייה 330 מ""ל","טמפו משקאות בע""מ",IL,מארז שישיית פפסי קול,ליטרים,1.98,ליטר,false,,18.90,9.5455,true,1,2124108
7290011164164,false,לקקן סודה טעמן 40 יח,גואנגדונג צאואן פוד,CN,לקקן סודה 40 יחידות,100 יח',40.00,100 יח',false,,18.90,0.4725,true,1,1248317
7290011164171,false,לקקן סודה 15 יחידות,,,לקקן סודה 15 יחידות,גרמים,135.00,100 גרם,false,,8.90,0.0659,true,1,1248318
7290011174156,false,גרעיני תירס מתוק,פרי הגליל,IL,תירס א -2ויטה בדצ,גרמים,550.00,100 גרם,false,,5.90,0.0107,true,1,1261309
7290011174163,false,גרעיני תירס מתוק,פרי הגליל,IL,תירס 12אונק ויטה בדצ,גרמים,340.00,100 גרם,false,,5.90,0.0174,true,1,1261310
7290011174170,false,שעועית ירוקה חתוכה,פרי הגליל,IL,שע ירוק א -2ויטה בדצ,גרמים,550.00,100 גרם,false,,6.90,0.0125,true,1,1261311
7290011174187,false,אפונת גינה בינונית,פרי הגליל,IL,אפונה א -2ויטה בדצ,גרמים,550.00,100 גרם,false,,5.90,0.0107,true,1,1261312
7290011174323,false,"צ'יפס אמריקאי 1.5 ק""ג פרי הגליל","פרי הגליל בע""""מ",IL,צ'יפס אמריקאי 1.5פג רבנות,קילוגרמים,1.50,"ק""ג",false,,18.90,12.6000,true,1,1261314
7290011174392,false,שעועית לבנה ברוטב עגבניות,פרי הגליל,IL,שע ברוטב א -2ויטה בדצ - ח,גרמים,580.00,100 גרם,false,,6.90,0.0119,true,1,1261316
7290011174491,false,תירס קל - מופחת קלוריות וללא תוספת סוכר,פרי הגליל,IL,תירס קל א -2ויטה בדצ,גרמים,550.00,100 גרם,false,,6.90,0.0125,true,1,1261319
7290011174897,false,אפונה עדינה פרי גליל 600 גר',"פרי הגליל בע""""מ",IL,אפונה עדינה 600פג,גרמים,600.00,100 גרם,false,,12.90,0.0215,true,1,1261326
7290011174903,false,שעועית עדינה שלמה,פרי הגליל,,שעועית עדינה,גרמים,600.00,100 גרם,false,,14.90,0.0248,true,1,1308260
7290011194215,false,מעדן גבינה ויוגורט בטעם בננה 5% שומן 88 ג' דניאלה,"שטראוס בריאות בע""מ",IL,דניאלה בננה,גרמים,88.00,100 גרם,false,,3.90,0.0443,true,1,1256261
7290011194246,false,קוטג שטראוס 5% עם סידן 250ג,מיוצר עי קונדיטוריית,IL,קוטג' %5 עם סידן 250 גרם,גרמים,250.00,100 גרם,false,,5.90,0.0236,true,1,1256262
7290011210199,false,ליקר תפוח 750 מל,אליעז בנימינה,IL,ליקר בנימינה תפוח,מיליליטרים,750.00,"100 מ""ל",false,,69.90,0.0932,true,1,1261328
7290011210564,false,יין יוגב קברנה סוביניון פטי ורדו,בנימינה Binyamina,IL,יוגב קברנה סוביניון פטי ו,מיליליטרים,750.00,"100 מ""ל",false,,39.90,0.0532,true,1,1261331
7290011210847,false,יין רזרב Reserve שרדונה גלבוע,בנימינה Binyamina,,יין לבן רזרב שרדונה,מיליליטרים,750.00,"100 מ""ל",false,,49.90,0.0665,true,1,1298846
7290011223021,false,רפידות הנקה על בסיס ג'ל באריזה אישית,קריפורט סחר בינלאומי,CO,פ.ו כריות הנקה אישיות - 3,יח',30.00,יח',false,,14.90,0.4967,true,1,1266541
7290011223038,false,עלים לקרמשניט - בונומי 300גרם,בונומי ס.פ.א,IT,עלים לקרמשניט - בונומי 30,גרמים,300.00,100 גרם,false,,14.90,0.0497,true,1,1266542
7290011223229,false,"טואלט דאק ג'ל לאסלה טיפות טל רעננות 55 מ""ל","איטיליאן פוד, אס.פי.",IT,ט.ד ג'ל אסלה טיפות טל רענ,מיליליטרים,55.00,"100 מ""ל",false,,9.90,0.1800,true,1,1266547
7290011223243,false,"טואלט דאק ג'ל לאסלה בניחוח לבנדר 55 מ""ל","איטיליאן פוד, אס.פי.",IT,ט.ד ג'ל אסלה ניחוח לבנדר,מיליליטרים,55.00,"100 מ""ל",false,,9.90,0.1800,true,1,1266548
7290011249212,false,וופל קראנצ' במילוי בטעם לימון,עלמה,IL,וופל בלגי לימון.,גרמים,200.00,100 גרם,false,,2.90,0.0145,true,1,1260689
7290011249250,false,גביעי גלידה אמריקה 24 יח' מעולה,"גילרו בע""מ",,גביעי גלידה 24 יח'.,גרמים,120.00,100 גרם,false,,9.90,0.0825,true,1,1260691
7290011249748,false,רולים גלילי ופל במילוי קרם שוקולד 100 ג' עלמה,גילרו,,רולים שוקולד.,גרמים,100.00,100 גרם,false,,2.90,0.0290,true,1,1260700
7290011249755,false,רולים גלילי ופל במילוי קרם אגוזים 100 ג' עלמה,"גילרו בע""מ",,רולים אגוז.,גרמים,100.00,100 גרם,false,,2.90,0.0290,true,1,1260701
7290011254001,false,זרעי פשתן 450 גר,מיה תעשיות מזון,IL,פשתן 450גרם,גרמים,450.00,100 גרם,false,,6.90,0.0153,true,1,1248986
7290011254049,false,סובין שבולת שועל 400גרם,מיה תעשיות מזון,IL,סובין שבולת שועל 400גרם,גרמים,400.00,100 גרם,false,,9.90,0.0248,true,1,1248989
7290011254070,false,תבלין פלפל שחור בשקית 50ג' מיה,מיה תעשיות מזון בעמ,IL,פלפל שחור 50גרם שקית,גרמים,50.00,100 גרם,false,,6.90,0.1380,true,1,1248991
7290011254087,false,תבלין קינמון בשקית 80 גר' מיה,מיה תעשיות מזון בעמ,IL,קינמון 80גרם שקית,גרמים,80.00,100 גרם,false,,4.90,0.0613,true,1,1248992
7290011254094,false,תבלין כמון 80גר' שקית,מיה תעשיות מזון בעמ,IL,כמון 80גרם שקית,גרמים,80.00,100 גרם,false,,4.90,0.0613,true,1,1248993
7290011254100,false,תבלין כרכום בשקית 80 גר' מיה,מיה תעשיות מזון בעמ,IL,כורכום 80גרם שקית,גרמים,80.00,100 גרם,false,,4.90,0.0613,true,1,1248994
7290011254117,false,תבלין פפריקה מתוקה בשקית 80 גר' מיה,מיה תעשיות מזון בעמ,IL,פפריקה מתוקה 80גרם שקית,גרמים,80.00,100 גרם,false,,4.90,0.0613,true,1,1248995
7290011254124,false,תבלין פפריקה חריפה בשקית 80 גר' מיה,מיה תעשיות מזון בעמ,IL,פפריקה חריפה 80גרם שקית,גרמים,80.00,100 גרם,false,,4.90,0.0613,true,1,1248996
7290011254131,false,תבלין אורגנו 20גרם- שקית,מיה תעשיות מזון בעמ,IL,אורגנו 20גרם שקית,גרמים,20.00,100 גרם,false,,4.90,0.2450,true,1,1248997
7290011254148,false,תבלין אבקת שום 80 ג' מיה,מיה תעשיות מזון בעמ,IL,אבקת שום 80גרם שקית,גרמים,80.00,100 גרם,false,,7.90,0.0988,true,1,1248998
7290011254155,false,תבלין מלח לימון בשקית 80 גר' מיה,מיה תעשיות מזון בעמ,IL,מלח לימון 80גרם שקית,גרמים,80.00,100 גרם,false,,4.90,0.0613,true,1,1248999
7290011254179,false,תבלין גריל עוף בשקית 80 גר' מיה,מיה תעשיות מזון בעמ,IL,גריל עוף 80גרם שקית,גרמים,80.00,100 גרם,false,,4.90,0.0613,true,1,1249000
7290011254230,false,תן צ'אפ חטיף טבעות מארז 15X10ג',מיה תעשיות מזון בעמ,IL,מארז תן צ'אפ טבעות 15גרם,גרמים,350.00,100 גרם,false,,7.90,0.0226,true,1,1249004
7290011254247,false,תן צ'אפ חטיף גלגלים מארז 15X10ג',מיה תעשיות מזון בעמ,IL,מארז תן צ'אפ גלגלים 15גרם,גרמים,350.00,100 גרם,false,,7.90,0.0226,true,1,1249005
7290011254254,false,נטיפים צמקאו בטעם שוקולד,מיה תעשיות מזון,IL,נטיפים בטעם שוקולד 300גרם,גרמים,300.00,100 גרם,false,,9.90,0.0330,true,1,1249006
7290011254346,false,"קינואה מיה בד""צ 1 ק""ג",מיה תעשיות מזון בעמ,IL,קינואה 1 קג,קילוגרמים,1.00,"100 ק""ג",false,,16.90,16.9000,true,1,1715340
7290011254452,false,סוכריות מנטה ללא סוכר 80גרם,מיה תעשיות מזון,IL,סוכריות מנטה ללא סוכר 80ג,גרמים,80.00,100 גרם,false,,6.90,0.0863,true,1,1249009
7290011254469,false,סוכריות לימון ללא סוכר 80גרם,מיה תעשיות מזון,IL,סוכריות לימון ללא סוכר 80,גרמים,80.00,100 גרם,false,,6.90,0.0863,true,1,1249010
7290011254476,false,סוכריות תפוח דובדבן ללא סוכר 80גרם,מיה תעשיות מזון,IL,סוכריות תפוח דובדבן ללא ס,גרמים,80.00,100 גרם,false,,6.90,0.0863,true,1,1249011
7290011254483,false,סוכריות אפרסק ללא סוכר 80גרם,מיה תעשיות מזון,IL,סוכריות אפרסק ללא סוכר 80,גרמים,80.00,100 גרם,false,,6.90,0.0863,true,1,1249012
7290011254490,false,סוכריות פירות יער ללא סוכר 80גרם,מיה תעשיות מזון,IL,סוכריות פירות יער ללא סוכ,גרמים,80.00,100 גרם,false,,6.90,0.0863,true,1,1249013
7290011254605,false,תערובת לקדירה לקט חמין מיה 600 גר',מיה תעשיות מזון,IL,תערובת קדירה לקט לחמין גר,גרמים,600.00,100 גרם,false,,8.90,0.0148,true,1,1249014
7290011254612,false,תערובת קדירה לקט בריאות 600גרם,מיה תעשיות מזון,IL,תערובת קדירה לקט בריאות 0,גרמים,600.00,100 גרם,false,,8.90,0.0148,true,1,1249015
7290011254698,false,"שמן זית כתית מעולה 750מ""ל בד''ץ",מיולאוליבה ספרד,ES,שמן זית כתית מעולה 750מ'ל,מיליליטרים,750.00,"100 מ""ל",false,,29.90,0.0399,true,1,1249018
7290011254728,false,ג'לטין טהור 25גרם בקרטונית,מיה תעשיות מזון,IL,ג'לטין טהור 25גרם בד'ץ,גרמים,25.00,100 גרם,false,,8.90,0.3560,true,1,1249019
7290011254810,false,סוכריות ג'לילנד דובונים פרי קיץ 125 גרם,מיה תעשיות מזון,IL,ג'לילנד דובונים 125גרם *,גרמים,125.00,100 גרם,false,,4.90,0.0392,true,1,1249021
7290011254827,false,סוכריות ג'לילנד פלחי הדר מיה 125ג',מיה תעשיות מזון,IL,ג'לילנד פירות גדולים 125ג,גרמים,125.00,100 גרם,false,,4.90,0.0392,true,1,1249022
7290011254841,false,"סוכריות ג'לילנד חמוצמוצים 125ג' מיה בד""צ",מיה תעשיות מזון,IL,ג'לילנד חמוצמוצים 125גרם,גרמים,125.00,100 גרם,false,,4.90,0.0392,true,1,1249024
7290011300982,false,"סבון נוזלי כחול אושן פנינה 500 מ""ל",סאסא קוסמטיקס,IL,סבון כחול אושן 500 מ,מיליליטרים,500.00,"500 מ""ל",false,,7.90,0.0158,true,1,1261754
7290011300999,false,"סבון בז גרדן 500 מ""ל",סאסא קוסמטיקס,IL,"סבון בז גרדן 500 מ""ל",מיליליטרים,500.00,"100 מ""ל",false,,7.90,0.0158,true,1,1261755
7290011316884,false,"סכין חיתוך 9 מ""מ S6",,,"סכין חיתוך 9 מ""מ S6",יחידה,0.00,יחידה,false,,2.90,0.0000,true,1,2252268
7290011316907,false,"סכין חיתוך 18 מ""מ S2",,,"סכין חיתוך 18 מ""מ S2",יחידה,0.00,יחידה,false,,4.90,0.0000,true,1,2252270
7290011332983,false,מגבונים לניקוי אף מגבונאף קמיל בלו- מארז שלישייה,"ד""ר פישר Dr fischer",IL,קמיל בלו מגבונאף שלישייה,יח',90.00,יח',false,,19.90,0.2211,true,1,1265208
7290011378028,false,חלבה קלאסית בטעם וניל ללא תוספת סוכר,רושדי תעשיות מזון בע,IL,חלבה בארכה קלאסית וניל לל,גרמים,350.00,100 גרם,false,,15.90,0.0454,true,1,1253890
7290011378233,false,בארכה מאגדת חטיפי חלווה וניל ל.סוכר 120גר,רושדי תעשיות מזון בע,IL,מאגדת חטיף חלבה בארכה בקט,גרמים,120.00,100 גרם,false,,9.90,0.0825,true,1,1253891
7290011378257,false,חטיף חלבה בטעם וניל ללא תוספת סוכר בתוספת פיסטוק ופקאן,רושדי תעשיות מזון בע,IL,מאגדת חלבה בארכה בקטנה לל,גרמים,120.00,100 גרם,false,,9.90,0.0825,true,1,1253892
7290011378769,false,בארכה - חטיף בקטנה חלבה וניל 20 גרם * 6,רושדי תעשיות מזון בע,IL,מאגדת חטיף חלבה בארכה בקט,גרמים,126.00,100 גרם,false,,9.90,0.0786,true,1,1253894
7290011378776,false,חלבה חטיף פיסטוק בארכה בקטנה מארז 126ג',רושדי תעשיות מזון בע,IL,מאגדת חטיף חלבה בארכה בקט,גרמים,120.00,100 גרם,false,,9.90,0.0825,true,1,1253895
7290011438142,false,"משקה יטבתה אייס קפה בבקבוק אישי 350 מ""ל",שטראוס גרופ,IL,"אייסקפה 350 מ""ל מהדרין",מיליליטרים,350.00,"100 מ""ל",false,,5.90,0.0169,true,1,1256268
7290011447014,false,מטרנה דייסת סלט פירות 200גרם,קריות זול,IL,אבקה להכנת דייסת סולת עם,גרמים,200.00,100 גרם,false,,14.90,0.0745,true,1,1223643
7290011447267,false,תרכובת מזון המשך לפעוטות שלב 1 חלבי,מטרנה תעשיות ש.מ,IL,תרכובת מזון לתינוקות על ב,גרמים,700.00,100 גרם,false,,59.90,0.0856,true,1,1223648
7290011447281,false,תרכובת מזון המשך לפעוטות שלב 2 חלבי,מטרנה תעשיות ש.מ,IL,תרכובת מזון המשך לתינוקות,גרמים,700.00,100 גרם,false,,59.90,0.0856,true,1,1223650
7290011447304,false,תרכובת מזון המשך לפעוטות שלב 3 חלבי,מטרנה תעשיות ש.מ,IL,תרכובת מזון המשך לפעוטות,גרמים,700.00,100 גרם,false,,59.90,0.0856,true,1,1223651
7290011447359,false,תרכובת מזון המשך לפעוטות מהדרין שלב 1,מולינו ניקולי s.p.a,IL,מטרנה מהדרין שלב 1 700 גר,גרמים,700.00,100 גרם,false,,59.90,0.0856,true,1,1223654
7290011447373,false,תרכובת מזון המשך לפעוטות מהדרין שלב 2,מטרנה תעשיות ש.מ,IL,תרכובת מזון המשך לתינוקות,גרמים,700.00,100 גרם,false,,59.90,0.0856,true,1,1223655
7290011473051,false,קוואקר אורגני תבואות,תבואות,,קוואקר עבה אורגני 50,גרמים,500.00,100 גרם,false,,10.90,0.0218,true,1,1271413
7290011473068,false,אורז פרא מעורב אורגנ,תבואות,IL,אורז פרא מעורב אורגנ,גרמים,500.00,100 גרם,false,,15.90,0.0318,true,1,1271414
7290011473082,false,אורז בשמתי מלא אורגני,תבואות,IN,אורז בשמתי מלא אורגנ,גרמים,500.00,100 גרם,false,,12.90,0.0258,true,1,1271415
7290011473136,false,גרעיני דלעת קלופים אורגניים,תבואות,,דלעת קלופה אורגני 30,גרמים,300.00,100 גרם,false,,19.90,0.0663,true,1,1271418
7290011473143,false,קוסקוס אורגני 500 גר,תבואות,,קוסקוס אורגני 500 גר,גרמים,500.00,100 גרם,false,,12.90,0.0258,true,1,1271419
7290011473150,false,שומשום מלא אורגני תב,תבואות,BO,שומשום מלא אורגני 40,גרמים,400.00,100 גרם,false,,12.90,0.0323,true,1,1271420
7290011473198,false,עדש חום אורגני 500 ג,,,עדש חום אורגני 500 ג,גרמים,500.00,100 גרם,false,,12.90,0.0258,true,1,1271423
7290011473228,false,אפונה ירוקה אורגנית,תבואות,,אפונה ירוקה אורגנית,גרמים,500.00,100 גרם,false,,10.90,0.0218,true,1,1271426
7290011473242,false,פשתן זרעים אורגני 50,תבואות,CN,פשתן זרעים אורגני 50,גרמים,500.00,100 גרם,false,,9.90,0.0198,true,1,1271428
7290011473259,false,פשתן טחון אורגני 350,תבואות,CN,פשתן טחון אורגני 350,גרמים,350.00,100 גרם,false,,10.90,0.0311,true,1,1271429
7290011473266,false,אמרנט אורגני 500 גרם,תבואות,,אמרנט אורגני 500 גרם,גרמים,500.00,100 גרם,false,,19.90,0.0398,true,1,1271430
7290011473273,false,בורגול אורגני תבואות,תבואות,TR,בורגול מלא אורגני 50,גרמים,500.00,100 גרם,false,,9.90,0.0198,true,1,1271431
7290011473280,false,חומוס אורגני תבואות,תבואות,IL,חומוס אורגני 500 גרם,גרמים,500.00,100 גרם,false,,9.90,0.0198,true,1,1271432
7290011473297,false,גריסי פנינה אורגנים,תבואות,,גריסי פנינה אורגני 5,גרמים,500.00,100 גרם,false,,9.90,0.0198,true,1,1271433
7290011473341,false,שעועית אדומה אורגנית,תבואות,,שעועית אדומה אורגנית,גרמים,500.00,100 גרם,false,,11.90,0.0238,true,1,1338544
7290011473365,false,דוחן מקולף אורגני,תבואות,US,דוחן אורגני 500 גרם,גרמים,500.00,100 גרם,false,,9.90,0.0198,true,1,1271437
7290011473396,false,חיטת כוסמין אורגנית,תבואות,,חיטת כוסמין אורגנית,גרמים,500.00,100 גרם,false,,9.90,0.0198,true,1,1271438
7290011473433,false,כוסמת אורגנית 500 גר,תבואות,CN,כוסמת אורגנית 500 גר,גרמים,500.00,100 גרם,false,,9.90,0.0198,true,1,1271440
7290011473464,false,סובין שיבולת שועל אורגנית,תבואות,,סובין ש.שועל אורגני,גרמים,400.00,100 גרם,false,,10.90,0.0273,true,1,1271442
7290011473488,false,קמח אורז מלא טבעי 50,תבואות,,קמח אורז מלא טבעי 50,גרמים,500.00,100 גרם,false,,9.90,0.0198,true,1,1271444
7290011473525,false,אורז בר טבעי 400 גרם,תבואות,US,אורז בר טבעי 400 גרם,גרמים,400.00,100 גרם,false,,27.90,0.0697,true,1,1271445
7290011473556,false,סוכר פירות תבואות 500גרם,תבואות,US,סוכר פירות טבעי 500,גרמים,500.00,100 גרם,false,,12.90,0.0258,true,1,1271447
7290011473570,false,קמח חומוס טבעי 500 ג,תבואות מוצרי מזון או,IL,קמח חומוס טבעי 500 ג,גרמים,500.00,100 גרם,false,,12.90,0.0258,true,1,1271448
7290011473587,false,נבט חיטה טבעי 250 גר,תבואות,IL,נבט חיטה טבעי 250 גר,גרמים,250.00,100 גרם,false,,6.90,0.0276,true,1,1271449
7290011473648,false,סוכר דמררה אורגני תב,תבואות,BR,סוכר דמררה אורגני 1,גרמים,1000.00,100 גרם,false,,14.90,0.0149,true,1,1271451
7290011473655,false,סוכר קנים אורגני תבו,תבואות,BR,סוכר קנים אורגני 1 ק,גרמים,1000.00,100 גרם,false,,10.90,0.0109,true,1,1271452
7290011473723,false,מלח הימליה דק 1 קילו,,,מלח הימליה דק 1 קילו,קילוגרמים,1.00,"ק""ג",false,,19.90,19.9000,true,1,1371443
7290011473877,false,קינואה אדומה אורגנית,תבואות,BO,קינואה אדומה אורגנית,גרמים,500.00,100 גרם,false,,19.90,0.0398,true,1,1271453
7290011473891,false,עדשים צהובים אורגניים,תבואות,TR,עדש צהוב אורגני 500,גרמים,500.00,100 גרם,false,,12.90,0.0258,true,1,1271455
7290011474010,false,קמח כוסמין לבן-תבואו,תבואות,IT,קמח כוסמין לבן טבעי,קילוגרמים,1.00,"ק""ג",false,,19.90,19.9000,true,1,1338701
7290011474058,false,ספגטי כוסמין אורגני מלא,תבואות,,ספגטי כוסמין אורגני,גרמים,500.00,100 גרם,false,,18.90,0.0378,true,1,1271462
7290011474331,false,קמח כוסמין מלא טבעי,תבואות,,קמח כוסמין מלא טבעי,קילוגרמים,1.00,"ק""ג",false,,15.90,15.9000,true,1,1338703
7290011474362,false,קמח עדשים אורגניות 5,תבואות,TR,קמח עדשים אורגניות 5,גרמים,500.00,100 גרם,false,,15.90,0.0318,true,1,1338704
7290011474386,false,קוואקר דק אורגני תבו,תבואות,,קוואקר אורגני דק 500,גרמים,500.00,100 גרם,false,,10.90,0.0218,true,1,1271466
7290011474577,false,פולי קקאו גרוס אורגנ,,,פולי קקאו גרוס אורגנ,גרמים,200.00,100 גרם,false,,29.90,0.1495,true,1,1371445
7290011474591,false,פנה פסטה מקמח כוסמין,,,פנה כוסמין מלא אורגנ,גרמים,500.00,100 גרם,false,,19.90,0.0398,true,1,1271470
7290011474676,false,קדרה אפריקאית אורגנית,תבואות,IL,קדרה אפריקאית אורגני,גרמים,500.00,100 גרם,false,,14.90,0.0298,true,1,1271471
7290011474683,false,מג'דרה קינואה אורגנית,תבואות,,מג'דרה קינואה אורגני,גרמים,500.00,100 גרם,false,,19.90,0.0398,true,1,1271472
7290011489595,false,טופז קרקר שומשום 110גר,אפיפית נצרת,IL,קרקר טופז שומשום 24/0.110,גרמים,110.00,100 גרם,false,,2.90,0.0264,true,1,1261846
7290011489601,false,קרקר טופז בטעם בצל ה,אפיפית נצרת,IL,קרקר טופז בצל 24/0.110 הד,גרמים,110.00,100 גרם,false,,2.90,0.0264,true,1,1261847
7290011489625,false,פתי בר ביסקויט בטעם שוקו,אפיפית נצרת,IL,ביסקויט תה ביסקויט שוקו 2,גרמים,110.00,100 גרם,false,,3.90,0.0355,true,1,1261849
7290011489694,false,פרורי ביסקוויט בטעם וניל 300 גר'.,אפיפית נצרת,IL,פירורי בסקויט בטעם וניל,גרמים,300.00,100 גרם,false,,5.90,0.0197,true,1,1261854
7290011499051,false,פטה כבשים מסורתית 20% בגביע 250 גרם - רובין,MKN עבור מחלבות גד ב,IL,פטה כבשים 20% בגביע 250 ג,גרמים,250.00,100 גרם,false,,25.90,0.1036,true,1,1243250
7290011499105,false,בולגרית מסורתית 5% 250 גרם -רבנות,ג'נרל מילס סאן אדריא,IL,בולגרית גביע 250 גרם 5%,גרמים,250.00,100 גרם,false,,23.90,0.0956,true,1,1243251
7290011499112,false,בולגרית מסורתית 16% 250 גרם - רבנות,"מיוצר ע""י dsh",IL,בולגרית גביע 250 גרם 16%,גרמים,250.00,100 גרם,false,,23.90,0.0956,true,1,1243252
7290011499129,false,בולגרית מעודנת קוביות קטנות 5% 200 גרם - רבנות,קוד יצרן DSH,IL,קוביות בולגרית מעודנת 200,גרמים,200.00,100 גרם,false,,21.90,0.1095,true,1,1243253
7290011499303,false,פטה עיזים מעודנת 5% בגביע 250 גרם - רבנות,ג'נרל מילס סאן אדריא,IL,בולגרית מעודנת עזים 5% 25,גרמים,250.00,100 גרם,false,,30.90,0.1236,true,1,1243258
7290011499327,false,גבינה בולגרית מעודנת 5% 250 גרם - רבנות,מיוצר על ידי DSH עבו,IL,בולגרית מעודנת 250 גרם 5%,גרמים,250.00,100 גרם,false,,22.90,0.0916,true,1,1243260
7290011499341,false,קשקבל בוואקום 26% 200 גרם - רבנות,הנסיך- מפעל לייצור ט,IL,קשקבל 250 גרם,גרמים,200.00,100 גרם,false,,27.90,0.1395,true,1,1243262
7290011499358,false,פטה עיזים מסורתית 20% בגביע 200 גרם - רובין,מיוצר על ידי קוד יצר,IL,פטה עיזים 20% בשקית 200 ג,גרמים,200.00,100 גרם,false,,26.90,0.1345,true,1,1243263
7290011499365,false,גד חלומי 24% 200 גרם רובין,"מחלבות גד בע""מ",IL,"חלומי 200 גרם בד""ץ",גרמים,200.00,100 גרם,false,,21.90,0.1095,true,1,1243264
7290011499419,false,גבינה במרקם שמנת בטעם טבעי 5% ניו יורק,מחלבות גד,IL,גבינת שמנת NEY YORK לייט,גרמים,200.00,100 גרם,false,,13.90,0.0695,true,1,1243266
7290011499624,false,שמנת 30% ניו יורק טבעי 200 גרם רבנות,מחלבות גד,IL,גבינת שמנת NEY YORK טבעי,גרמים,200.00,100 גרם,false,,13.90,0.0695,true,1,1243272
7290011499723,false,גבינה בולגרית פרוסות 250ג',דשן,IL,בולגרית פרוסות 5% 250 גרם,גרמים,250.00,100 גרם,false,,27.90,0.1116,true,1,1243279
7290011499730,false,בולגרית מסורתית 5% גביע 250 גרם מהדרין - רובין,דשן,IL,בולגרית גביע 250 גרם 5% ב,גרמים,250.00,100 גרם,false,,23.90,0.0956,true,1,1243280
7290011499822,false,גבינה בולגרית 5% מעודנת מהדרין 250ג',דשן,IL,בולגרית מעודנת גביע 250 ג,גרמים,250.00,100 גרם,false,,23.90,0.0956,true,1,1243283
7290011499846,false,גבינת ריקוטה פרסקה 9% 300 ג' גד,מחלבות גד בעמ,IL,גביע ריקוטה פרסקה 9% 300,גרמים,300.00,100 גרם,false,,17.90,0.0597,true,1,1243284
7290011499853,false,גבינת שמנת עם זיתים 30% ניו יורק,מחלבות גד (שיווק 199,IL,גבינת שמנת NEY YORK זיתים,גרמים,200.00,100 גרם,false,,13.90,0.0695,true,1,1243285
7290011501617,false,חמוציות ברכז פרי ללא,אף.סי תבליני בגליל ב,IL,חמוציות ברכז תפוחים,גרמים,250.00,100 גרם,false,,12.90,0.0516,true,1,1242900
7290011501686,false,גרעיני אבטיח קלויים,דין שיווק,,גרעיני אבטיח קלויים,גרמים,250.00,100 גרם,false,,16.90,0.0676,true,1,1242902
7290011501716,false,שקד טבעי 250 גרם,דין שיווק,,שקד טבעי 250 גרם,גרמים,250.00,100 גרם,false,,24.90,0.0996,true,1,1242903
7290011501723,false,תערובת פיצוחים 250 ג,דין שיווק,,תערובת פיצוחים 250 ג,גרמים,250.00,100 גרם,false,,19.90,0.0796,true,1,1242904
7290011501747,false,חמוציות מסוכרות,דין שיווק,,חמוציות 300 גרם,גרמים,300.00,100 גרם,false,,9.90,0.0330,true,1,1242905
7290011502850,false,דלישס מיזלי עם פירות 500גר,"דין שיווק וקליה בע""מ",,גרנולה מוזלי פירות 5,גרמים,500.00,100 גרם,false,,12.90,0.0258,true,1,1242906
7290011502867,false,דלישס גרנולה במבחר אגוזים 500גר,"דין שיווק וקליה בע""מ",,גרנולה אגוזים 500 גר,גרמים,500.00,100 גרם,false,,12.90,0.0258,true,1,1242907
7290011502874,false,דלישס גרנולה עם פירות יבשים 500גר,"דין שיווק וקליה בע""מ",,גרנולה פירות 500 גרם,גרמים,500.00,100 גרם,false,,12.90,0.0258,true,1,1242908
7290011505493,false,כפות מהודר עבה במיוח,הוסטס,,כף מהודרת 50 יח' עבה,יח',50.00,יח',false,,10.90,0.2180,true,1,1288095
7290011505509,false,מזלגות מהודר עבה במי,הוסטס Hostess,,מזלג מהודר 50 יח' עב,יח',50.00,יח',false,,10.90,0.2180,true,1,1288096
7290011505561,false,סינר ויניל עם כיס,,,סינר ויניל עם כיס,יח',1.00,יח',false,,35.90,35.9000,true,1,1237901
7290011505769,false,צימרוני אוזניים מפלסטיק 200 יח'* רביעיה,קוטון סופט Cotton soft,,צימרוני אוזנים מפלסט,יח',800.00,יח',false,,12.90,0.0161,true,1,1237911
7290011505790,false,צימרוני אוזניים מפלסטיק 500 יח',קוטון סופט Cotton soft,,צימרוני אוזניים מפלס,יח',500.00,יח',false,,8.90,0.0178,true,1,1237912
7290011505806,false,קיסמי שיניים דנטאליים מפלסטיק 200 יחידות בחבית,הוסטס Hostess,,קיסמי שיניים דנטאליי,יח',200.00,יח',false,,5.90,0.0295,true,1,1237913
7290011515911,false,שלגונים מופחתי קלוריות בטעם ריבת חלב - 6 יח',גלידות נסטלה (נגה גל,IL,לייט ריבת חלב 6 יח’,גרמים,312.00,100 גרם,false,,29.90,0.0958,true,1,1245003
7290011517076,false,סט טיפוח חבצלת השרון,,,סט טיפוח חבצלת השרון,יחידה,1.00,יחידה,false,,69.90,69.9000,true,1,1243073
7290011518561,false,"אקטימל תות משפחתי מארז 14X100מ""ל",מיוצר עי קונדיטוריית,IL,אקטימל 14 תות,גרמים,1512.00,100 גרם,false,,31.50,0.0208,true,1,1256275
7290011524524,false,4 יח' טונה בשמן זית,,,4 יח' טונה בשמן זית,גרמים,560.00,100 גרם,false,,29.90,0.0534,true,1,2155158
7290011524548,false,גרגירי חומוס 800 ג' פרי הגליל,"פרי הגליל בע""""מ",IL,חומוס 800פג,גרמים,800.00,100 גרם,false,,14.90,0.0186,true,1,1261343
7290011524555,false,שעועית לבנה אפויה 800 ג' פרי הגליל,"פרי הגליל בע""""מ",IL,שע.לבנה 800פג,גרמים,800.00,100 גרם,false,,14.90,0.0186,true,1,1261344
7290011524968,false,פולי סויה מוקפאים Green & Fresh,גרין אנד פרש Green & Fresh,IL,פולי סויה 1קג פג,קילוגרמים,1.00,"ק""ג",false,,14.90,14.9000,true,1,1261353
7290011525323,false,אל סבון טיפולי לתינוק קמיל בלו סנסטיב שיבולת שועל,"ד""ר פישר Dr fischer",IL,קמיל בלו סנסיטיב אל סבון,מיליליטרים,500.00,"100 מ""ל",false,,19.90,0.0398,true,1,1265211
7290011525712,false,"קמיל בלו סנסיטיב אל סבון לפני השינה, 1 ליטר","ד""ר פישר Dr fischer",IL,קמיל בלו סנסיטיב אל סבון,ליטרים,1.00,ליטר,false,,24.90,24.9000,true,1,1265214
7290011525729,false,שמפו לתינוק קמיל בלו סנסטיב לפני השינה עם לבנדר וקמומיל,"ד""ר פישר Dr fischer",IL,קמיל בלו סנסיטיב שמפו לפנ,ליטרים,1.00,ליטר,false,,24.90,24.9000,true,1,1265215
7290011570798,false,תערובת להכנת עוגה בטעם שוקולד ללא גלוטן,כרגיל - אשבל,,תערובת להכנת עוגה בט,גרמים,450.00,100 גרם,false,,19.90,0.0442,true,1,1400259
7290011570934,false,"קמח לל""ג כרגיל פנקייק תומר 450 ג'",,,קמח לפנקייק ללא גלוט,גרמים,400.00,100 גרם,false,,19.90,0.0497,true,1,1817549
7290011575007,false,"הפי מרסס שומר ברק למקלחון 750 מ""ל",מיפא,DE,הפי למקלחון - מסיר אבנית-,מיליליטרים,750.00,"100 מ""ל",false,,14.90,0.0199,true,1,1241060
7290011575250,false,הפי ספוג מבריק נעליים,יעקבי - הפי Hepi,ES,הפי מבריק נעלים שקוף 8548,יחידה,0.00,יחידה,false,,9.90,0.0000,true,1,1241065
7290011575809,false,"הגרטי ספריי להברקת כלי כסף 200 מ""ל",יוליניבר,NL,הפי נוצץ-ספרי הגרטי,מיליליטרים,200.00,"200 מ""ל",false,,29.90,0.1495,true,1,1241070
7290011587444,false,מוזלי קראנצ'י בתוספת פירות,ויטליה,,מוזלי 600 גרם קראהצי,גרמים,600.00,100 גרם,false,,14.90,0.0248,true,1,1254184
7290011587451,false,גרנולה בתוספת פירות ואגוזים,ויטליה,,גרנולה+פירות ואגוזים,גרמים,600.00,100 גרם,false,,14.90,0.0248,true,1,1254185
7290011587468,false,מוזלי קראנצ'י בתוספת אגוזים,ויטליה,,מוזלי 600 גרם קראהצי,גרמים,600.00,100 גרם,false,,14.90,0.0248,true,1,1254186
7290011587642,false,מקרל עם פלפל חריף בשמן חמניות,Union des pecheries,,מקרל מרוקאי חריף,גרמים,125.00,100 גרם,false,,5.90,0.0472,true,1,1254190
7290011587697,false,ממרח עגבניות מיובשות פסטו תומר 340 ג',,,ממרח עגבניות 360 גרם,גרמים,360.00,100 גרם,false,,12.90,0.0358,true,1,1254191
7290011587703,false,עגבניות מיובשות פסטו חריף תומר 340ג',תומר,,ממרח עגבניות חריף 36,גרמים,360.00,100 גרם,false,,12.90,0.0358,true,1,1254192
7290011587710,false,צלפים במי מלח תומר 3,,,צנצנת צלפים 350 גרם,גרמים,350.00,100 גרם,false,,8.90,0.0254,true,1,1726414
7290011587833,false,חצאי עגבניות מיובשות מתובלות בשמן חמניות ועשבי תיבול,Sunto gida sun ve ti,,עגבניות מיובשות בשמן,גרמים,340.00,100 גרם,false,,12.90,0.0379,true,1,1254195
7290011587840,false,עגבניות קצוצות בשמן,,,עגבניות קצוצות בשמן,גרמים,370.00,100 גרם,false,,12.90,0.0349,true,1,1254196
7290011587857,false,עגבניות מיובשות בשמן חמניות ועשבי תיבול,Sunto gida sun ve ti,,עגבניות מיובשות 250,גרמים,250.00,100 גרם,false,,9.90,0.0396,true,1,1254197
7290011598211,false,"סנו - אנטי קאלק מרסס ניקוי כללי 4 ב-1 700 מ""ל",מיוצר עי קונדיטוריית,IL,סנו אנטי קאלק נ.כללי700מ,מיליליטרים,700.00,"100 מ""ל",false,,18.90,0.0270,true,1,1235697
7290011598259,false,"סנו - פרש מילוי למטהר אוויר מאסק 250 מ""ל",סנו מפעלי ברונוס בעמ,IL,מטהר אוויר פרש אוטומ,מיליליטרים,250.00,"100 מ""ל",false,,13.90,0.0556,true,1,1235698
7290011598365,false,מטליות מקרופייבר מקצועיות 4 יח' סנו סושי,סנו סושי,,ארבע מטליות מיקורופי,יח',4.00,יח',false,,19.90,4.9750,true,1,1235699
7290011598372,false,מטלית מיקרופייבר פרופשיונל לרצפה סנו סושי,סנו סושי,CN,מטלית רצפה פרופשיונל,יח',1.00,יח',false,,16.90,16.9000,true,1,1235700
7290011607098,false,ביק מחק ללוח מחיק,,,ביק מחק ללוח מחיק,יחידה,0.00,יחידה,false,,4.90,0.0000,true,1,2082457
7290011607180,false,"קולון 101 לכביסה 1.25 ק""ג",ריקט בנקיזר ( ניר אי,IL,קולון 101 1.25,קילוגרמים,1.25,"ק""ג",false,,19.90,15.9200,true,1,1227138
7290011607197,false,"אבקת כביסה קולון 5 ק""ג",רקיט בנקיזר,IL,קולון 5.101 קג,קילוגרמים,5.00,"ק""ג",false,,39.90,7.9800,true,1,2020779
7290011615260,false,עלי טורטיה 12X20יח' ויליפוד 540ג',מוטלוקל גידה סאנאי ט,TR,טורטייה ( 20ס'מ קוטר) 540,גרמים,540.00,100 גרם,false,,7.90,0.0146,true,1,1226619
7290011615277,false,"עלי טורטיוה קמח חיטה 25ס""מ 12יח' ויליפוד 840 ג'",מוטלוקל גידה סאנאי ט,TR,טורטייה ( 25ס'מ קוטר) 840,גרמים,840.00,100 גרם,false,,14.90,0.0177,true,1,1728361
7290011618025,false,חטיף אורז אפוי לתינוקות בטעם טבעי +6,גואנז'ו יונג וואנט פ,CN,נגיסי אורז לתינוקות בטעם,גרמים,50.00,100 גרם,false,,11.90,0.2380,true,1,1266560
7290011618124,false,חטיף אורז אפוי לתינוקות בטעם ירקות +6,גואנז'ו יונג וואנט פ,CN,נגיסי אורז לתינוקות בטעם,גרמים,50.00,100 גרם,false,,11.90,0.2380,true,1,1266564
7290011618131,false,"בייבי ביס חטיף אורז כשל""פ בטעם גזר",גואנז'ו יונג וואנט פ,CN,נגיסי אורז לתינוקות בטעם,גרמים,50.00,100 גרם,false,,11.90,0.2380,true,1,1266565
7290011618216,false,בייבי ביס חטיף אורז בטעם בננה,גואנז'ו יונג וואנט פ,CN,נגיסי אורז לתינוקות בטעם,גרמים,50.00,100 גרם,false,,11.90,0.2380,true,1,1266567
7290011622305,false,כתמטמינים חטיף לתינוקות אצבעות בוטנים ותירס - רביעיה,הארט Heart,IL,מארז 4 יחידות כתמטמינים 4,גרמים,20.00,100 גרם,false,,10.00,0.5000,true,1,1226938
7290011622442,false,טבעונים - חטיף טבעות דגנים מלאים בטעם טבעי 45 גרם,הארט Heart,IL,טבעונים טבעות דגנים מלאים,גרמים,45.00,100 גרם,false,,5.90,0.1311,true,1,1226944
7290011622664,false,כתמטמינים - חטיף אצבעות טחינה אורז ותירס 45 גרם,אלס נוטרישן,IL,כתמטמינים טחינה 45 ג,גרמים,45.00,100 גרם,false,,5.90,0.1311,true,1,1604308
7290011622756,false,ביסקוויטמינים פלוס ש,,,ביסקווטמינים פלוס שו,גרמים,150.00,100 גרם,false,,14.90,0.0993,true,1,2170377
7290011668136,false,מסכה מרככת לשיער מתולתל וגלי,פנינה רוזנבלום PR,IL,מסיכה מחליקה,מיליליטרים,1000.00,"100 מ""ל",false,,29.90,0.0299,true,1,1261756
7290011668143,false,מסיכה משקמת ומטפחת לשיער צבוע ופגום,פנינה רוזנבלום PR,IL,מסיכה משקמת,מיליליטרים,1000.00,"100 מ""ל",false,,29.90,0.0299,true,1,1261757
7290011668327,false,תרחיץ לפנים מלפפונים,א.ארמן,IL,תרחיץ לפנים מלפפונים,מיליליטרים,150.00,"100 מ""ל",false,,19.90,0.1327,true,1,1261763
7290011668402,false,פנינה רוזנבלום-שמפו גבר חדש 750,א.ארמן,IL,שמפו לגבר חדש,מיליליטרים,750.00,"100 מ""ל",false,,12.90,0.0172,true,1,1261769
7290011668440,false,פנינה רוזנבלום-מרכך שיאה לצבוע 750,א.ארמן,IL,מרכך שיאה לשיער צבוע,מיליליטרים,750.00,"100 מ""ל",false,,12.90,0.0172,true,1,1261773
7290011668457,false,פנינה רוזנבלום-שמפו שמן זית לשיער גלי 750,א.ארמן,IL,שמפו שמן זית,מיליליטרים,750.00,"100 מ""ל",false,,12.90,0.0172,true,1,1261774
7290011668570,false,גרנולה פירות יבשים ללא תוספת סוכר,בריא מהטבע פנינה רוזנבלום,IL,גרנולה פירות יבשים,גרמים,450.00,100 גרם,false,,22.90,0.0509,true,1,1261781
7290011668587,false,גרנולה טעם עשיר 500 גר',בריא מהטבע פנינה רוזנבלום,IL,גרנולה טעם עשיר.,גרמים,500.00,100 גרם,false,,22.90,0.0458,true,1,1261782
7290011695545,false,אטבים איכותיים אלפא,ZHEJANG LONGQUAN,,אטבים איכותיים אלפא,יח',55.00,יח',false,,8.90,0.1618,true,1,1244918
7290011695552,false,אטבי סיליקון איכותיי,ZHEJANG LONGQUAN,,אטבי סיליקון איכותיי,יח',10.00,יח',false,,5.90,0.5900,true,1,1244919
7290011695705,false,חמאת בוטנים קרמי נאמ,QINGDAO OKAY FOOD,,חמאת בוטנים קרמי אדו,גרמים,340.00,100 גרם,false,,6.90,0.0203,true,1,1244921
7290011695958,false,"חומץ תפוחים נאמן 750 מ""ל",הילל תעשיות,,חומץ תפוחים,מיליליטרים,750.00,"100 מ""ל",false,,12.90,0.0172,true,1,1244924
7290011695972,false,טוסטים טעימים 100 גר,נאמן Neeman,,טוסטים טעימים.,גרמים,100.00,100 גרם,false,,7.90,0.0790,true,1,1244925
7290011716103,false,פירורי לחם יפני לבן עדין שקית 250 גר,סו שף Su Chef,,פירורי לחם פנקו יפני,גרמים,250.00,100 גרם,false,,5.90,0.0236,true,1,1242911
7290011723101,false,טחינה הר ברכה 1 ליטר,הר ברכה תעשיות,,"טחינה הר ברכה 1 ק""ג",גרמים,1000.00,100 גרם,false,,31.90,0.0319,true,1,1243320
7290011732189,false,צמיד 48 יח שקית משפחתית מהדרין,גואנגדונג צאואן פוד,CN,סוכריות צמיד 48 יחיד,גרמים,384.00,100 גרם,false,,19.90,0.0518,true,1,2154768
7290011732264,false,סוכריות סודה פרמידה מארז משפחתי 375 גר'.,גואנגדונג צאואן פוד,CN,פרמידה קרנבל 36 יחיד,יחידה,0.00,יחידה,false,,18.90,0.0000,true,1,2255746
7290011732820,false,גרעיני תירס מתוק בואקום 340ג',,,גרעיני תירס 340גר' ט,גרמים,340.00,100 גרם,false,,5.90,0.0174,true,1,2279700
7290011732943,false,שקדי מרק טעמן 400 גר',,,שקדי מרק 400גר' טעמן,גרמים,400.00,100 גרם,false,,8.90,0.0223,true,1,2279701
7290011743833,false,משחת שיניים פרונמל Pro namel מנטה,גלקסו סמית קליין,GB,"סנסודיין פרונמל 75 מ""ל",מיליליטרים,75.00,"100 מ""ל",false,,23.90,0.3187,true,1,1260440
7290011744892,false,"אקווה פרש - משחת שיניים ילדים ג'וניור 6+ 50 מ""ל",גלקסו סמית קליין,SK,א.פרש משחת ילדים ג'וניור,מיליליטרים,50.00,"100 מ""ל",false,,12.90,0.2580,true,1,1260442
7290011765071,false,ג'ל גילוח לעור רגיל לחות והגנה Moisture,טרופיקל דגיל תעשיות,TR,ג'ל גילוח קרמה רגיל 200מ,מיליליטרים,200.00,"100 מ""ל",false,,19.90,0.0995,true,1,1235703
7290011765088,false,ג'ל גילוח לעור רגיל מנטול Cool,טרופיקל דגיל תעשיות,TR,200מ COOL ג'ל גילוח קרמה,מיליליטרים,200.00,"100 מ""ל",false,,19.90,0.0995,true,1,1235704
7290011765200,false,"סנו מדיק ג'ל לניקוי ידיים עם אולוורה 300 מ""ל",גוד פוד פרודקטס S.p,IL,ג'ל לניקוי ידיים 300,מיליליטרים,300.00,"100 מ""ל",false,,11.90,0.0397,true,1,1235709
7290011765217,false,"סנו מדיק ג'ל לניקוי ידיים אלוורה 100 מ""ל",גוד פוד פרודקטס S.p,IL,ג'ל לניקוי ידיים אלוורה,מיליליטרים,100.00,"100 מ""ל",false,,9.90,0.0990,true,1,1235710
7290011765316,false,אורביטול מברשות שיניים ילדים+שעון,אורביטול Orbitol,CN,מב.ש.אורביטול קידס +שעון,יח',1.00,יח',false,,10.90,10.9000,true,1,1235715
7290011765408,false,שמפו + מרכך בוב ספוג לסירוק קל מכיל רוזמרין,קוסמופארם בע''מ,IL,שמפו+מרכ.כיף בוב ספוג750,מיליליטרים,750.00,"100 מ""ל",false,,14.90,0.0199,true,1,1235722
7290011765415,false,"כיף - בוב ספוג מרכך שיער 750 מ""ל",קוסמופארם,IL,מרכ כיף ילד בוב ספוג750מ,מיליליטרים,750.00,"100 מ""ל",false,,14.90,0.0199,true,1,1235723
7290011765422,false,אל סבון מועשר בלחות ותמצית קמומיל - בוב ספוג,קוסמופארם בע''מ,IL,אלסבון כיף בוב ספוג750מל,מיליליטרים,750.00,"100 מ""ל",false,,14.90,0.0199,true,1,1235724
7290011765446,false,משחת שיניים לילדים בוב ספוג בטעם מיץ ענבים עם פלואוריד למניעת עששת,טרופיקל דגיל תעשיות,IL,משחה אורביטול ענבים 70 ג,גרמים,70.00,100 גרם,false,,8.90,0.1271,true,1,1235725
7290011765613,false,סנו מסיר עובש בניחות לימון מתז 1 ל',סנו,,מתז מסיר עובש בניחוח,ליטרים,1.00,ליטר,false,,18.90,18.9000,true,1,1977738
7290011765620,false,"נוזל כלים אקולוגי גרין פאוור 700 מ""ל",סנו מפעלי ברונוס בעמ,IL,נוזל כלים אקולוגי GR,מיליליטרים,700.00,"100 מ""ל",false,,9.90,0.0141,true,1,2153858
7290011800840,false,טחינה בלאדי רפי כהן 400 ג' צבר,סלטי צבר,IL,צבר טחינה בלאדי סלטי השף,גרמים,400.00,100 גרם,false,,14.90,0.0373,true,1,1223659
7290011830564,false,ביסקוויט פתי בר כוסמין אורגני,השדה מוצרים אורגניים,IL,פתי בר כוסמין אורגני,גרמים,200.00,100 גרם,false,,11.90,0.0595,true,1,1359066
7290011876388,false,קציצות עוף ובקר 660 ג' מאמא עוף,תנובה גליל שותפות מו,IL,קציצות עוף ובקר מאמא,גרמים,600.00,100 גרם,false,,32.90,0.0548,true,1,1255057
7290011877088,false,"רדיד אלומיניום רוחב 30 ס""מ, 18 מיקרון - מארז זוג",בורסה פאזרי,TR,זוג רדיד אלומיניום ע,מטרים,15.00,מטר,false,,15.90,1.0600,true,1,1235728
7290011877101,false,מבשם אוויר נטול גז מאסק,מיוצר עי קונדיטוריית,IL,"סנומוד ניחוח מאסק 150מ""ל",מיליליטרים,150.00,"100 מ""ל",false,,10.90,0.0727,true,1,1235729
7290011877156,false,"מבשם אוויר, בגדים וארונות פרש בניחוח מאסק",מיוצר עי קונדיטוריית,IL,"סנו פרש ענק מאסק 375 מ""ל",מיליליטרים,375.00,"100 מ""ל",false,,9.90,0.0264,true,1,1235730
7290011877842,false,סנו סושי שקיות ואקום לאחסון 2 יח' XXXL,סנו סושי,,אריזות ואקום לאחסון,יח',2.00,יח',false,,24.90,12.4500,true,1,1235740
7290011877859,false,סנו אינסטלטור חדש פותח סתימות 200ג',מיוצר עי קונדיטוריית,IL,סנו אינסטלטור 200 גרם,גרמים,200.00,100 גרם,false,,15.90,0.0795,true,1,1235741
7290011887001,false,מבשם ומטהר אוויר בני,זהר דליה,IL,מבשם SWEET DREAMS(מתז 12*,מיליליטרים,750.00,"100 מ""ל",false,,29.90,0.0399,true,1,1249367
7290011912635,false,מי פה ליסטרין טאגד פ,,,מי פה ליסטרין טאגד פ,מיליליטרים,250.00,"100 מ""ל",false,,12.90,0.0516,true,1,2004073
7290011912642,false,מי פה ליסטרין מנטה רענן,ליסטרין Listerine,,מי פה ליסטרין TAGD מ,מיליליטרים,500.00,"100 מ""ל",false,,19.90,0.0398,true,1,1224413
7290011923273,false,טופו אורגני 300גרם ל,א.י.ן תעשיות מזון בע,IL,טופו אורגני 300גרם ל,גרמים,300.00,100 גרם,false,,11.90,0.0397,true,1,1331359
7290011923303,false,טופו טבעי 300גרם ליב,א.י.ן תעשיות מזון בע,IL,טופו טבעי 300גרם ליב,גרמים,300.00,100 גרם,false,,9.90,0.0330,true,1,1331390
7290011931162,false,סוכרלייט ממתיק נוזלי על בסיס סוכרלוז,אף.סי תבליני בגליל ב,IL,סוכרלייט נוזלי/6יח'/220גר,גרמים,220.00,100 גרם,false,,24.90,0.1132,true,1,1256920
7290011931193,false,ממתיק על בסיס סוכרלוז כפית לכפית,סוכרזית Sucrazit,IL,סוכרלייט כפית לכפית/6יח'/,גרמים,100.00,100 גרם,false,,28.90,0.2890,true,1,1256921
7290011947309,false,זיתים מצוננים סורי מבוקע ולימון כבוש זיתא 230 ג',זיתא – י.ט.ב תעשיות,IL,זית סורי מבוקע עם לי,גרמים,230.00,100 גרם,false,,12.90,0.0561,true,1,1394855
7290011947743,false,מיקס זית ירוק וזית קלמטה 215 ג' זיתא,ויסוצקי,IL,מיקס זית ירוק/קלמטה,גרמים,215.00,100 גרם,false,,12.90,0.0600,true,1,2144321
7290011947781,false,מיקס זית ירוק וזית קלמטה ללא גלעין עם שמן זית 190 ג',זיתא,IL,מיקס זית ירוק וזית ק,גרמים,165.00,100 גרם,false,,12.90,0.0782,true,1,2179553
7290011947903,false,מיקס זיתים יווני זיתא 215 ג',זיתא,IL,מיקס זית יווני,גרמים,215.00,100 גרם,false,,12.90,0.0600,true,1,2216855
7290011964344,false,תבלין שום גבישי 120 ג',תות ממתקי איכות,IL,מיכל שום גבישי 120 גר',גרמים,120.00,100 גרם,false,,9.90,0.0825,true,1,1264112
7290011964542,false,תבלין פפריקה מתוקה 400ג',תות ממתקי איכות,IL,פפריקה מתוקה מ.400 גר',גרמים,400.00,100 גרם,false,,17.90,0.0447,true,1,1264113
7290011964566,false,תבלין לעוף בגריל,תבליני טעם וריח,IL,גריל עוף מיכל 400 גר',גרמים,400.00,100 גרם,false,,14.90,0.0373,true,1,1264115
7290011964597,false,תבלין כמון טחון 400גר,תבליני טעם וריח,IL,כמון טחון מ.400 גר',גרמים,400.00,100 גרם,false,,17.90,0.0447,true,1,1264117
7290011964603,false,תבלין כרכום 400 גר',תבליני טעם וריח,IL,כורכום טחון מ.400 גר',גרמים,400.00,100 גרם,false,,19.90,0.0497,true,1,1264118
7290011964627,false,תבלין פפריקה מתוקה בשמן 400ג',תבליני טעם וריח,IL,פפריקה מתוקה בשמן מ.400גר,גרמים,400.00,100 גרם,false,,17.90,0.0447,true,1,1264120
7290011964658,false,תבלין מלח לימון טעם,תות ממתקי איכות,IL,מיכל מלח לימון 170 גר',גרמים,170.00,100 גרם,false,,6.90,0.0406,true,1,1264121
7290011964689,false,תבלין תיבול על האש ללא מונוס' 100ג',תות ממתקי איכות,IL,מיכל על האש ללא מונוסודיו,גרמים,100.00,100 גרם,false,,7.90,0.0790,true,1,1264122
7290011964702,false,תבלין תיבול לשווארמה ללא מונוסו' 100ג',תות ממתקי איכות,IL,מיכל שוארמה ללא מונוסודיו,גרמים,100.00,100 גרם,false,,7.90,0.0790,true,1,1264124
7290011977634,false,סרדינים פלפל חריף 125ג - רובין טעים,טעים,MA,סרדינים פלפל חריף 12,גרמים,125.00,100 גרם,false,,4.90,0.0392,true,1,1248349
7290011977641,false,סרדינים בלימון 125 גרם - רובין טעים,טעים,MA,סרדינים לימון 125 גר,גרמים,125.00,100 גרם,false,,4.90,0.0392,true,1,1248350
7290011977665,false,טעים סרדינים ברוטב עגבניות 125 גר,טעים,MA,סרדינים רוטב עגבניות,גרמים,125.00,100 גרם,false,,4.90,0.0392,true,1,1248351
7290011980931,false,קערות סירה מעץ 180 מ,,,קערות סירה מעץ 180 מ,יחידה,0.00,יחידה,false,,12.90,0.0000,true,1,2114038
7290011996000,false,טעם אסיה אטריות עגבניות 454 ג',טעמי אסיה Taste of Asia,CN,אטריות עגבניות 454 גרם כש,גרמים,454.00,100 גרם,false,,8.90,0.0196,true,1,1257589
7290011996017,false,טעם אסיה אטריות תרד 454 ג',טעמי אסיה Taste of Asia,CN,אטריות תרד 454 גרם - כשר,גרמים,454.00,100 גרם,false,,8.90,0.0196,true,1,1257590
7290011996031,false,טעם אסיה אטריות בצים 454 ג',טעמי אסיה Taste of Asia,CN,אטריות ביצים 454 גרם - כש,גרמים,454.00,100 גרם,false,,8.90,0.0196,true,1,1257592
7290011996086,false,"רוטב צ''ילי חריף 700 מ""ל",טעמי אסיה Taste of Asia,TH,"רוטב צ'ילי חריף 700 מ""ל כ",גרמים,700.00,100 גרם,false,,9.90,0.0141,true,1,1257595
7290011996093,false,צילי מתוק 300 גרם,טעמי אסיה Taste of Asia,,צילי מתוק 300 גרם,גרמים,300.00,100 גרם,false,,7.90,0.0263,true,1,1257596
7290011996109,false,"רוטב צ''ילי מתוק 700 מ""ל",טעמי אסיה Taste of Asia,TH,"רוטב צ'ילי מתוק 700 מ""ל כ",גרמים,700.00,100 גרם,false,,9.90,0.0141,true,1,1257597
7290011996123,false,אצות ים נורי גולד 10 דפים כשר,טעמי אסיה Taste of Asia,CN,אצות נורי גולד 10 דפים כש,יח',10.00,יח',false,,10.90,1.0900,true,1,1257598
7290011996178,false,"רוטב סויה בסגנון יפני 280 מ""ל",guangdong good taste,CN,רוטב סויה נוסח יפני 300 כ,מיליליטרים,280.00,"100 מ""ל",false,,9.90,0.0354,true,1,1257601
7290011996185,false,"חומץ אורז לבן (לסושי) 250 מ""ל",טעמי אסיה Taste of Asia,CN,"חומץ אורז לסושי 250 מ""ל כ",מיליליטרים,250.00,"100 מ""ל",false,,8.90,0.0356,true,1,1257602
7290011996222,false,נוזל אגוזי קוקוס ללא,טעמי אסיה Taste of Asia,TH,"חלב קוקוס מבצע 400 מ""ל כש",מיליליטרים,400.00,"100 מ""ל",false,,6.90,0.0173,true,1,1257605
7290011996277,false,מחצלת עגולה לגלגול סושי,טעמי אסיה Taste of Asia,CN,מחצלת עגולה לגלגול סושי,יחידה,0.00,יחידה,false,,5.90,0.0000,true,1,1257607
7290011996291,false,כלי לאידוי קוטר 10,טעמי אסיה Taste of Asia,CN,"סטימר משובח 10""",יחידה,0.00,יחידה,false,,30.90,0.0000,true,1,1257609
7290011996499,false,אטריות אורז דקות טעם וריח 400ג',fujian longhai,CN,אטריות אורז דקות 400 ג' כ,גרמים,400.00,100 גרם,false,,8.90,0.0223,true,1,1257615
7290011996512,false,"טעם אסיה טעם אסיה אטריות אורז 3מ""מ 400ג'",טעמי אסיה Taste of Asia,TH,"אטריות אורז 3 מ""מ 400ג' כ",גרמים,400.00,100 גרם,false,,8.90,0.0223,true,1,1257616
7290011996529,false,אטריות אורז 5 מ''מ טעם אסיה 400 גרם,טעמי אסיה Taste of Asia,TH,"אטריות אורז 5מ""מ 400 ג' כ",גרמים,400.00,100 גרם,false,,8.90,0.0223,true,1,1257617
7290011996550,false,טעם אסיה רוטב הויסין 240 ג',קיי.אר.אס.ספייסי פוד,TH,רוטב הויסין 240 גרם כשר,גרמים,240.00,100 גרם,false,,11.90,0.0496,true,1,1257618
7290011996567,false,רוטב סאטה 240 גר,קיי.אר.אס.ספייסי פוד,TH,רוטב סאטה 240 גרם כשר,גרמים,240.00,100 גרם,false,,12.90,0.0538,true,1,1257619
7290011996604,false,רוטב פד תאי בקבוק 30,טעמי אסיה Taste of Asia,TH,"רוטב פד-תאי 300 מ""ל כשר",גרמים,300.00,100 גרם,false,,13.90,0.0463,true,1,1257621
7290011996642,false,טעם אסיה שומשום שחור קלוי 100גר,טעמי אסיה Taste of Asia,CN,"שומשום שחור 100 ג""ר -כשר",גרמים,100.00,100 גרם,false,,12.90,0.1290,true,1,1257622
7290011996703,false,טעם אסיה אצות וקאמה 100גר,טעמי אסיה Taste of Asia,,אצות וואקמה 100 גרם,גרמים,100.00,100 גרם,false,,14.90,0.1490,true,1,1257623
7290011996741,false,"חומץ אורז לסושי כשר 500 מ""ל",טעמי אסיה Taste of Asia,,חומץ אורז לסושי 500,מיליליטרים,500.00,"100 מ""ל",false,,11.90,0.0238,true,1,1257624
7290011996758,false,מזרח מערב קמח טמפורה כשר 500ג',טעמי אסיה Taste of Asia,CN,תערובת קמחים לטמפורה 500,גרמים,500.00,100 גרם,false,,10.90,0.0218,true,1,1257625
7290011996765,false,וואסבי שפורפרת 43 גר,טעמי אסיה Taste of Asia,CN,משחת ווסאבי 43 גרם כשר,גרמים,43.00,100 גרם,false,,8.90,0.2070,true,1,1257626
7290011996789,false,פנקו פירורי לחם בסגנון יפני,טעמי אסיה Taste of Asia,CN,פנקו - פירורי לחם יפניים,גרמים,200.00,100 גרם,false,,7.90,0.0395,true,1,1257627
7290011996802,false,אבקת ווסאבי 70 גרם,טעמי אסיה Taste of Asia,CN,"אבקת ווסאבי 70 ג""ר כשר",גרמים,70.00,100 גרם,false,,14.90,0.2129,true,1,1257629
7290011996819,false,מזרח מערב אטריות שעועית 250ג,טעמי אסיה Taste of Asia,CN,אטריות שעועית סיני 250ג-כ,גרמים,250.00,100 גרם,false,,5.90,0.0236,true,1,1257630
7290011996888,false,רוטב טריאקי 300 כשר,קיי.אר.אס.ספייסי פוד,TH,"רוטב טריאקי 300 מ""ל כשר",מיליליטרים,300.00,"100 מ""ל",false,,10.90,0.0363,true,1,1257632
7290012001994,false,חרדל דיז'ון גרעינים 350 ג' ריין דיזון,ריין דיז'ון reine dijon,FR,חרדל דיזון 350 גרם,גרמים,350.00,100 גרם,false,,9.90,0.0283,true,1,1224757
7290012019043,false,שום צעיר כבוש צנצנת,Qingdao canned foods,,שום צעיר כבוש בחומץ,קילוגרמים,330.00,"ק""ג",false,,10.90,0.0330,true,1,1254203
7290012019050,false,שום צעיר ושיני שום כבושים בחומץ,Qingdao canned foods,,שום צעיר ובוגר וציפו,גרמים,330.00,100 גרם,false,,10.90,0.0330,true,1,1254204
7290012019401,false,נקטר דובדבן 100% ליט,Aromaproduct ltd,,נקטר דובדבן 100% ליט,ליטרים,1.00,ליטר,false,,19.90,19.9000,true,1,1254209
7290012052163,false,גרנולה רפאל אגוזים ז,,,גרנולה אגזים ופירות.,גרמים,350.00,100 גרם,false,,17.90,0.0511,true,1,1273317
7290012052170,false,גרנולה עם אגוזים ופירות יבשים במתיקות מעודנת,רפאלס,IL,גרנולה ללא סוכר אגוז,גרמים,350.00,100 גרם,false,,17.90,0.0511,true,1,1273318
7290012052187,false,חטיפי גרנולה חלבה תמ,רפאלס,IL,חטיפי גרנולה חלבה תמ,גרמים,350.00,100 גרם,false,,17.90,0.0511,true,1,1273319
7290012052200,false,גרנולה עם אגוזים ופירות יבשים,רפאלס,IL,גרנולה אגזים ופירות,גרמים,800.00,100 גרם,false,,29.90,0.0374,true,1,1273321
7290012052217,false,גרנולה עם אגוזים ופירות יבשים במתיקות מעודנת,רפאלס,,גרנולה ללא סוכר אגוז,גרמים,800.00,100 גרם,false,,29.90,0.0374,true,1,1273322
7290012052224,false,"גרנולה עם חלבה, תמרים ושקדים",רפאלס,IL,גרנולה חלבה תמרים וש,גרמים,800.00,100 גרם,false,,29.90,0.0374,true,1,1273323
7290012052323,false,מוזלי עם פירות יבשים ושקדים ללא תוספת סוכר,רפאלס,IL,גרנולה מוזלי מיקס.,קילוגרמים,1.00,"ק""ג",false,,27.90,27.9000,true,1,1273327
7290012052330,false,"גרנולה תענוג חלווה 1 ק""ג",רפאלס,IL,גרנולה חלבה.,קילוגרמים,1.00,"ק""ג",false,,27.90,27.9000,true,1,1273328
7290012052347,false,"גרנולה תענוג ללא סוכר צימוקים ושקדים 1 ק""ג.",רפאלס,IL,גרנולה ללא סוכר צימו,קילוגרמים,1.00,"ק""ג",false,,27.90,27.9000,true,1,1273329
7290012052354,false,גרנולה עם שוקולד ואגוזי לוז,רפאלס,IL,גרנולה שוקולד ואגוזי,גרמים,350.00,100 גרם,false,,17.90,0.0511,true,1,1273330
7290012052897,false,חטיפי 7 דגנים בתוספת שוקולד מריר,רפאלס,,חטיף 7 דגנים שוקולד,גרמים,132.00,100 גרם,false,,12.90,0.0977,true,1,1340215
7290012052903,false,חטיפי 7 דגנים פירות יבשים,רפאלס,,7 דגנים- חטיף מיקס פ,גרמים,132.00,100 גרם,false,,12.90,0.0977,true,1,1340216
7290012071003,false,"ד""ר פישר - קמיל בלו משחה לתינוק 200 גרם",פישר מעבדות פרמצבטיו,IL,קמיל בלו משחה לתינוק 200,גרמים,200.00,100 גרם,false,,19.90,0.0995,true,1,1279365
7290012071690,false,אלכו ג'ל Alco-Gel מגבונים אנטי בקטריאליים לניקוי וחיטוי משטחים ואביזרים,"ד""ר פישר Dr fischer",IL,אלכוגל מגבונים אנטי בקטרי,יח',20.00,יח',false,,12.90,0.6450,true,1,1265222
7290012086113,false,עגבניות שרי צימן קופסא 500ג',מרינה,IL,שרי אשכולות ארוז,יחידה,0.00,יחידה,false,,7.90,0.0000,true,1,1238150
7290012116032,false,מרכך לסירוק קל פיית הפרפרים,טרופיקל דגיל תעשיות,IL,"מרכך כיף פיות 750 מ""ל",מיליליטרים,750.00,"100 מ""ל",false,,14.90,0.0199,true,1,1235754
7290012116063,false,"כיף אל סבון פיות בתמציות קמומיל 750 מ""ל",טרופיקל דגיל תעשיות,IL,אלסב.כיף פיות קמומיל750מ,מיליליטרים,750.00,"100 מ""ל",false,,14.90,0.0199,true,1,1235755
7290012116070,false,אל סבון מועשר בתמצית אלוורה - פיית הקשתות,בייבי כיף Baby,IL,אלסב.כיף פיות אלוורה750מ,מיליליטרים,750.00,"100 מ""ל",false,,14.90,0.0199,true,1,1235756
7290012116360,false,פוליויקס לטיפול ברצפות גרניט פורצלן וקרמיקה,"מפעלי סנו ברונוס בע""",IL,'פוליויקס גרניט פורצלן2ל,ליטרים,2.00,ליטר,false,,24.90,12.4500,true,1,1235762
7290012116537,false,"סנו מקסימה אבקת כביסה 2.5 ק""ג מאסק",טרופיקל דגיל תעשיות,IL,אבקת כב.מקסימה מאסק 2.5ק,קילוגרמים,2.50,"ק""ג",false,,21.90,8.7600,true,1,1235765
7290012116551,false,סנו אנטי קאלק רב שימושי 4ב1- 2 ליטר,מיוצר עי קונדיטוריית,IL,"סנו אנטי קאלק רב""ש 2ליטר",ליטרים,2.00,ליטר,false,,27.90,13.9500,true,1,1235766
7290012116612,false,אורביטול מברשת שיניים מארז 4 יח',ג'נרל מילס סאן אדריא,CN,4 מברשות שיניים אורביטול,יח',4.00,יח',false,,14.90,3.7250,true,1,1235772
7290012116629,false,תחליב רול און דוחה יתושים לתינוקות ולילדים סנו די,מיוצר עי קונדיטוריית,IL,סנו די לתינוקות לילדים50,גרמים,50.00,100 גרם,false,,19.90,0.3980,true,1,1235773
7290012116964,false,"קרמה מן תרחיץ ג'ל לפנים 150 מ""ל",קוסמופארם,IL,קרמה תרחיץ פנים לגבר150מ,מיליליטרים,150.00,"100 מ""ל",false,,19.90,0.1327,true,1,1235788
7290012117039,false,מסיר אבנית ומנקה לאמבטיה 00,סנו,IL,"סנו""00"" לניקוי אמבטיה 1ל",ליטרים,1.00,ליטר,false,,7.90,7.9000,true,1,1235789
7290012117275,false,נוזל רב תכליתי לניקוי ולהברקה מילוי,טרופיקל דגיל תעשיות,IL,סנוקליר שקית מילוי 750מל,מיליליטרים,750.00,"100 מ""ל",false,,8.90,0.0119,true,1,1235794
7290012117350,false,ריצפז פרש 2 ליטר לילך לבנדר,"סנו מפעלי ברונוס בע""",IL,סנו ריצפז פרש לילך 2ליטר,ליטרים,2.00,ליטר,false,,19.90,9.9500,true,1,1235795
7290012117411,false,שמפו וג'ל רחצה לגבר רויבוס Rooibos,קוסמופארם,IL,קרמה ג'ל רח.גבר במבוק700,מיליליטרים,700.00,"100 מ""ל",false,,18.90,0.0270,true,1,1235800
7290012117428,false,"קרמה - שמפו וג'ל רחצה 2 ב-1 מנטה 700 מ""ל",טרופיקל דגיל תעשיות,IL,קרמה ג'ל רח.ושמפו גבר700,מיליליטרים,700.00,"100 מ""ל",false,,18.90,0.0270,true,1,1235801
7290012117435,false,"קרמה - שמפו וג'ל רחצה 2 ב-1 אלוורה 700 מ""ל",טרופיקל דגיל תעשיות,IL,קרמה ג'ל רחצה אלוורה700מ,מיליליטרים,700.00,"100 מ""ל",false,,18.90,0.0270,true,1,1235802
7290012117466,false,"קרמה תרחיץ פנים תה ירוק 180 מ""ל",קוסמופארם,IL,קרמה ת.רחצה פנים תה 180מ,מיליליטרים,180.00,"100 מ""ל",false,,14.90,0.0828,true,1,1235803
7290012117534,false,סנו - מקסימה מרכך כביסה מרוכז קול 1 ליטר,"סנו מפעלי ברונוס בע""",IL,מרכ.מקסימה ס.מרוכז קול1ל,ליטרים,1.00,ליטר,false,,17.90,17.9000,true,1,1235808
7290012117558,false,מרכך כביסה קומפקט מאסק ורוד סנו מקסימה 1 ל',"סנו מפעלי ברונוס בע""",IL,מרכ.מקסימה ס.מרוכז מסק1ל,ליטרים,1.00,ליטר,false,,17.90,17.9000,true,1,1235810
7290012117572,false,כפפות לטקס 100 יח' - M סנו סושי,סנו סושי,TH,M כפפות לטקס 100 יח מידה,יח',100.00,יח',false,,32.90,0.3290,true,1,1301198
7290012117589,false,כפפות סנו סושי לטקס L אריזת 100יח',סנו סושי,TH,לטקס 100יח Lכפפות מידה,יח',100.00,יח',false,,32.90,0.3290,true,1,1301199
7290012117763,false,אורביטול מברשת שיניים בוב ספוג מנצנצת,,,מברשת שיניים לילדים,יחידה,0.00,יחידה,false,,9.90,0.0000,true,1,1624059
7290012117916,false,סנו אינסטלאטור פותח סתימות נוזלי 1 ל',"סנו מפעלי ברונוס בע""",IL,'סנו אינסטלטור נוזלי 1 ל,ליטרים,1.00,ליטר,false,,29.90,29.9000,true,1,1235828
7290012159329,false,מיונז אמיתי לינה 860,KKF,,מיונז אמיתי לינה 860,גרמים,860.00,100 גרם,false,,14.90,0.0173,true,1,1249727
7290012159480,false,קאווה גוטה דה מרוויה,,,יין לבן חצי יבש מבעב,מיליליטרים,700.00,"100 מ""ל",false,,24.90,0.0356,true,1,1249734
7290012191374,false,מדליק פחמים מנורה,,CN,מדליק פחמים מנורה,יחידה,0.00,יחידה,false,,5.90,0.0000,true,1,2140082
7290012191985,false,גפרור קטן מנורה,,,גפרור קטן מנורה,יחידה,0.00,יחידה,false,,2.40,0.0000,true,1,2140083
7290012191992,true,חבילת גפרורים ארוכים,,,חבילת גפרורים ארוכים,יח',45.00,יח',false,,4.90,0.1089,true,1,1258152
7290012192098,false,רולאון לאבילין 72 אדום 60 מל,חלאבין Halvin,,רול און דאודורנט,מיליליטרים,50.00,"100 מ""ל",false,,24.90,0.4980,true,1,1243081
7290012192104,false,רולאון לאבילין 72 כחול 60 מל,חלאבין Halvin,,רול און דאודורנט,מיליליטרים,50.00,"100 מ""ל",false,,24.90,0.4980,true,1,1243082
7290012193125,false,ממתיק על בסיס סוכרלוז - טבליות,מיוצר עי קונדיטוריית,CN,מר' סוכרלוז 150טבליות,גרמים,10.80,100 גרם,false,,24.90,2.3056,true,1,1266584
7290012193163,false,פמלי אל סבון פרחי בר,אף.סי תבליני בגליל ב,TR,פמלי אל סבון ליטר פרחי בר,ליטרים,1.00,ליטר,false,,9.90,9.9000,true,1,1266585
7290012208027,false,ממרח חזרת 180גרם מוט,"איטיליאן פוד, אס.פי.",IL,ממרח חזרת 180גרם מוט,גרמים,180.00,100 גרם,false,,19.90,0.1106,true,1,1347170
7290012212055,false,קוקטייל זיתים ישראלי,מוטולה,,קוקטייל זיתים,גרמים,560.00,100 גרם,false,,11.90,0.0213,true,1,1499465
7290012226021,false,סלמי מעושן פראג יבש 400 ג' זוגלובק,נקניק נהריה כשר זוגל,IL,נקניק סלמי מעושן פרא,גרמים,400.00,100 גרם,false,,17.90,0.0447,true,1,1238296
7290012226120,false,קבנוס זוגלובק 135גר,נקניק נהריה כשר זוגל,IL,קבנוס 135 גרם,גרמים,135.00,100 גרם,false,,9.90,0.0733,true,1,1238297
7290012226342,false,נקניקיה טבעונית למחבת או לתנור עשירה בחלבון,זוגלו'ס Zoglos,,נקניקיה מן הצומח עשי,גרמים,460.00,100 גרם,false,,24.90,0.0541,true,1,1742607
7290012226922,false,קבנוס בטעם שום 135 ג' זוגלובק,נקניק נהריה כשר זוגל,IL,קבנוס בטעם שום 135 ג,גרמים,135.00,100 גרם,false,,9.90,0.0733,true,1,1238301
7290012226939,false,קבנוס עם צ'ילי חריף 135ג' זוגלובק,נקניק נהריה כשר זוגל,IL,קבנוס בטעם צ'ילי חרי,גרמים,135.00,100 גרם,false,,9.90,0.0733,true,1,1238302
7290012227172,false,חרמן הודו בדבש וברביקיו זוג במארז 600 ג' זוגלובק,נקניק נהריה כשר זוגל,IL,זוג נקניקים כפרית +ח,גרמים,600.00,100 גרם,false,,29.90,0.0498,true,1,1238309
7290012227912,false,קבנוס עודן 135 ג' זוגלובק,זוגלובק,,קבנוס מעודן 135 גרם,גרמים,135.00,100 גרם,false,,9.90,0.0733,true,1,1546674
7290012227974,false,פסטרמה הודו בדבש טהור דק דק דק,זוגלובק,IL,פסטרמה בדבש 120,גרמים,120.00,100 גרם,false,,11.90,0.0992,true,1,1723667
7290012227998,false,פסטרמה דק דק חזה בקר 120 ג' זוגלובק,זוגלובק,IL,חזה בקר פרוס דק 120,גרמים,120.00,100 גרם,false,,11.90,0.0992,true,1,1723718
7290012228124,false,קבנוס סטיקס עם נגיעות מלח ים סדרת ריינהולד'ס,זוגלובק,IL,חטיף קבנוסטיקס-חטיף,גרמים,50.00,100 גרם,false,,9.90,0.1980,true,1,2127176
7290012228728,false,קבנוס סטיקס בסגנון מקסיקני חריף סדרת ריינהולד'ס,זוגלובק,IL,חטיף קבנוסטיקס-בטעם,גרמים,50.00,100 גרם,false,,9.90,0.1980,true,1,2127178
7290012228797,false,נקיקיות ביג קרנקס זוגלובק 500 ג',,,נקניקיות ביג קנקרס 5,גרמים,500.00,100 גרם,false,,12.90,0.0258,true,1,2175825
7290012309311,false,ערמונים קלופים וקלויים,"דין שיווק וקליה בע""מ",CN,ערמונים 100 גרם,גרמים,100.00,100 גרם,false,,6.90,0.0690,true,1,1242915
7290012309878,false,חלבה פיסטוק ששון הקולה 500 ג',דין שיווק,IL,חלבה עם פיסטוק 500 ג,גרמים,500.00,100 גרם,false,,14.90,0.0298,true,1,1242918
7290012313141,false,מלפפון פרוס במלח A2 ק.יבנה 540ג',אף.סי תבליני בגליל ב,IL,מלפפון פרוסות במלח,גרמים,560.00,100 גרם,false,,6.50,0.0116,true,1,1271682
7290012335020,false,סוכריות סודה שעון מארז משפחתי 375 גר',גואנגדונג צאואן פוד,CN,סוכריות שעון 30 יחיד,יחידה,0.00,יחידה,false,,19.90,0.0000,true,1,1248357
7290012352010,false,קרם לחות מזינה עם שמן ארגן מרוקאי לשיער יבש מאוד ופגום,נטורל פורמולה Natural Formula,IL,קרם לחות לשיער +שמן,מיליליטרים,400.00,"100 מ""ל",false,,19.90,0.0497,true,1,1258856
7290012352027,false,קרם לחות מזינה עם שמן אגוז ברזילאי לשיער צבוע ופגום,נטורל פורמולה Natural Formula,IL,ק.לחות+שמן אגוז ברזיל400,מיליליטרים,400.00,"100 מ""ל",false,,19.90,0.0497,true,1,1258857
7290012367700,false,קרם גוף אינטנסיב רליף Intensive relief לעור יבש ומגורה,"ד""ר פישר Dr fischer",IL,אפקטיב קר קרם גוף שיבולת,מיליליטרים,700.00,"100 מ""ל",false,,24.90,0.0356,true,1,1265223
7290012367717,false,קרם ידיים וציפורניים Intensive relief לעור יבש ומגורה,פישר מעבדות פרמצבטיו,IL,אפקטיב קר קרם ידיים שיבול,מיליליטרים,150.00,"100 מ""ל",false,,15.90,0.1060,true,1,1265224
7290012367908,false,שמן טיפולי לתינוק בתוספת אלוורה Kamil Blue Sensitive,"ד""ר פישר Dr fischer",IL,"ד""ר פישר קמיל בלו סנסיטיב",מיליליטרים,200.00,"100 מ""ל",false,,14.90,0.0745,true,1,1265229
7290012404955,false,ספרינג קולקשן נקטר חמוציות 1.25 ל',"יפאורה תבורי בע""מ",IL,ספרינג נקטר חמוציות,ליטרים,1.25,ליטר,false,,11.90,9.5200,true,1,1239971
7290012404993,false,ספרינג נקטר חמוציות דיאט קולקשיין 1.25ל,"יפאורה תבורי בע""מ",IL,ספרינג נקטר דיאט חמו,ליטרים,1.25,ליטר,false,,11.90,9.5200,true,1,1239973
7290012413636,false,תה ויסוצקי ירוק צ'אי מסאלה 25 יח',ויסוצקי ירוק,IL,תה ירוק צ'אי מסאלה,גרמים,37.50,100 גרם,false,,22.90,0.6107,true,1,1253905
7290012413643,false,תה ויסוצקי ירוק קמומיל 25 יח',ויסוצקי ירוק,IL,תה ירוק קמומיל,גרמים,37.50,100 גרם,false,,22.90,0.6107,true,1,1253906
7290012454172,false,סוכריות ללא סוכר בטעם יוגורט- תות שדה,מיה תעשיות מזון,IL,סוכריות יוגורט תות ללא סו,גרמים,80.00,100 גרם,false,,6.90,0.0863,true,1,1249032
7290012454189,false,סוכריות ללא סוכר בטעם יוגורט- אפרסק,מיה תעשיות מזון,IL,סוכריות יוגורט אפרסק ללא,גרמים,80.00,100 גרם,false,,6.90,0.0863,true,1,1249033
7290012454196,false,סוכריות קפוצ'ינו ללא סוכר 80גרם,מיה תעשיות מזון,IL,סוכריות קפוצ'ינו ללא סוכר,גרמים,80.00,100 גרם,false,,6.90,0.0863,true,1,1249034
7290012454202,false,סוכריות ריבת חלב ללא סוכר 80גרם,מיה תעשיות מזון,IL,סוכריות ריבת חלב ללא סוכר,גרמים,80.00,100 גרם,false,,6.90,0.0863,true,1,1249035
7290012454257,false,שזיף מיובש ללא גלעין 200 ג' מיה,מיה תעשיות מזון,IL,שזיף מיובש ללא גלעין 200ג,גרמים,200.00,100 גרם,false,,9.90,0.0495,true,1,1249037
7290012454592,false,סוכריות ללא סוכר בטעם דבש לימון,מיה תעשיות מזון,IL,סוכריות דבש לימון ללא סוכ,גרמים,80.00,100 גרם,false,,6.90,0.0863,true,1,1249040
7290012454608,false,תן צ'אפ חטיף גלגלים 50 גר',מיה תעשיות מזון,IL,תן צ'אפ גלגלים 50גרם,גרמים,50.00,100 גרם,false,,3.90,0.0780,true,1,1249041
7290012470202,false,דוקרני קישוט דקטרטיב,מיה טריידינג,CN,דוקרני קישוט,יחידה,0.00,יחידה,false,,4.90,0.0000,true,1,1226412
7290012470264,false,דוקרן גבינות דגים,מיה טריידינג,CN,דוקרני גבינות ופירות,יחידה,1.00,יחידה,false,,9.90,9.9000,true,1,1226413
7290012470493,false,כובע רחצה ענק,מיה טריידינג,CN,כובע רחצה ענק 2 שכבות,יחידה,0.00,יחידה,false,,14.90,0.0000,true,1,1226420
7290012470981,false,כביסון,מיה טריידינג,CN,כביסון מיוחד לחזייה,יח',1.00,יח',false,,9.90,9.9000,true,1,1226421
7290012483608,false,"אורז בסמטי מובחר 5 ק""ג",הנסיך- מפעל לייצור ט,IN,אורז בסמטי מובחר 5ק'ג DAA,קילוגרמים,5.00,"ק""ג",false,,52.90,10.5800,true,1,1655962
7290012493218,false,צלי כתף בשר מס' 5,,,צלי כתף בשר מס' 5,קילוגרמים,1.00,"ק""ג",true,,69.90,69.9000,true,1,1256089
7290012522581,false,טבעול שניצל תירס ללא גלוטן טבעול 664 גרם,עיצובים 2020 (4.8),IL,טבעול שניצל תירס ללא גלוט,גרמים,664.00,100 גרם,false,,29.90,0.0450,true,1,1223677
7290012561313,false,בצל קצוץ מטוגן דורות,עיצובים 2020 (3.8),IL,דורות בצל מטוגן 400,גרמים,400.00,100 גרם,false,,19.90,0.0497,true,1,2135467
7290012561337,false,כורכום טרי כתוש 70 ג' דורות,גוד פוד פרודקטס S.p,IL,כורכום טרי כתוש,גרמים,70.00,100 גרם,false,,9.90,0.1414,true,1,2068197
7290012561405,false,בצל חצי מטוגן דורות 180 גרם,עיצובים 2020 (3.8),IL,בצל קצוץ ומטוגן 180 גרם,גרמים,180.00,100 גרם,false,,9.90,0.0550,true,1,1223688
7290012576591,false,יין רזרב גוורצטרמינר,יקבי ברקן שיווק והפצ,IL,יין רזרב גוורצטרמינר,מיליליטרים,750.00,"100 מ""ל",false,,59.90,0.0799,true,1,1725680
7290012576607,false,"יין פרימייר אדום קברנה סובניון ומלבק 750 מ""ל","ברקן שיווק והפצה בע""",IL,יין פרימייר אדום 750,מיליליטרים,750.00,"100 מ""ל",false,,26.90,0.0359,true,1,1239599
7290012576614,false,יין Premieur לבן חצי יבש אמרלד ריזלינג קולומברד,יקבי ברקן שיווק והפצ,IL,יין פרימייר לבן 750,מיליליטרים,750.00,"100 מ""ל",false,,26.90,0.0359,true,1,1239600
7290012637032,false,זעתר האזוב המקראי 10,,IL,פירמידת זעתר,גרמים,60.00,100 גרם,false,,15.90,0.2650,true,1,2274586
7290012642807,false,פלפלים ירוקים חריפים כבושים שלמים,תומר,,פלפלים ירוקים חריפים,גרמים,530.00,100 גרם,false,,9.90,0.0187,true,1,1254227
7290012642814,false,פלפלים חריפים מעורבים כבושים שלמים,תומר,,פלפל מעורב בחומץ חרי,גרמים,530.00,100 גרם,false,,9.90,0.0187,true,1,1254228
7290012642838,false,רצועות פלפלים אדומים מוחמצים,תומר,,פלפל רצועות אדום בחו,מיליליטרים,520.00,"100 מ""ל",false,,9.90,0.0190,true,1,1254229
7290012642845,false,פלפלים אדומים שלמים מוחמצים,תומר,,פלפל אדום בחומץ,גרמים,520.00,100 גרם,false,,9.90,0.0190,true,1,1254230
7290012642852,false,פלפל אדום קלוי על הא,,,פלפל אדום על האש,גרמים,540.00,100 גרם,false,,9.90,0.0183,true,1,1254231
7290012642876,false,פלפלים קטנים חריפים כבושים שלמים,יושלם,,פלפלונים מעורב בחומץ,מיליליטרים,530.00,"100 מ""ל",false,,9.90,0.0187,true,1,1254233
7290012642906,false,פלפלים ירוקים מוחמצים שלמים בחריפות עדינה,תומר,,פלפלונים ירוק בחומץ,גרמים,450.00,100 גרם,false,,9.90,0.0220,true,1,1254235
7290012645020,false,"יוגורט עיזים טבעי חלב הארץ 500 מ""ל",חלב הארץ,,יוגורט עיזים מחלב עי,מיליליטרים,500.00,"100 מ""ל",false,,11.90,0.0238,true,1,1683787
7290012645051,false,יוגורט עיזים בגביע 350 ג',חלב הארץ,IL,יוגורט עיזים 350 גרם,גרמים,350.00,100 גרם,false,,9.90,0.0283,true,1,2150489
7290012645075,false,יוגורט כבשים יווני בגביע 350 ג',חלב הארץ,IL,יוגורט כבשים יווני ב,גרמים,350.00,100 גרם,false,,9.90,0.0283,true,1,2202126
7290012645112,false,"יוגורט עיזים בדלי חלב הארץ 750מ""ל",מחלבות סוסיא,IL,יוגורט עיזים 750 גרם,גרמים,750.00,100 גרם,false,,19.90,0.0265,true,1,1683788
7290012645129,false,"יוגורט כבשים בדלי חלב הארץ 750מ""ל",מחלבות סוסיא,IL,יוגורט כבשים 750 גרם,גרמים,750.00,100 גרם,false,,19.90,0.0265,true,1,1683789
7290012645174,false,לאבנה עיזים 5% 200 גר',חלב הארץ,IL,גבינת עיזים 5% 200 ג,גרמים,200.00,100 גרם,false,,13.90,0.0695,true,1,2258113
7290012645181,false,לאבנה עיזים 5% חלב ה,חלב הארץ,IL,לאבנה עיזים 5% 200 ג,גרמים,200.00,100 גרם,false,,13.90,0.0695,true,1,2258114
7290012645280,false,"יוגורט כבשים טבעי 2.8% בגביע חלב הארץ 150מ""ל",מחלבות סוסיא,IL,יוגורט בסגנון יווני,גרמים,150.00,100 גרם,false,,5.90,0.0393,true,1,1683793
7290012645297,false,סוסיא יוגורט עיזים ביו 2.8% ט.טבעי 150מל,מחלבות סוסיא,IL,יוגורט עיזים 150 גרם,גרמים,150.00,100 גרם,false,,5.90,0.0393,true,1,1683794
7290012645389,false,יוגורט עיזים טבעי חלב הארץ 1 ל',מחלבות סוסיא,IL,יוגורט עיזים טבעי 1,ליטרים,1.00,ליטר,false,,19.90,19.9000,true,1,1683825
7290012697241,false,סוכרזית מהטבע סטיוויה נוזלי 220מל,אף.סי תבליני בגליל ב,IL,סוכרזית מצמח הסטיוויה נוז,מיליליטרים,220.00,"100 מ""ל",false,,26.90,0.1223,true,1,1256925
7290012803055,false,ממתיק על בסיס סוכרלוז - שקיות,תות ממתקי איכות,IL,מר' סוכרלוז 100שקיות,יח',100.00,יח',false,,24.90,0.2490,true,1,1266594
7290012803215,false,וופל בלגי בטעם שוקולד ללא תוספת סוכר,בטר אנד דיפרנט,IL,טוסו ופל בלגי בטעם שוקולד,גרמים,200.00,100 גרם,false,,9.90,0.0495,true,1,1266598
7290012803222,false,וופל בלגי בטעם לימון ללא תוספת סוכר,בטר אנד דיפרנט,IL,טוסו ופל בלגי בטעם לימון,גרמים,200.00,100 גרם,false,,9.90,0.0495,true,1,1266599
7290012803321,false,מרמולייט סוכרלוז 200 שקיות אישיות,מרמולייט,IL,מר' סוכרלוז 200שקיות,יח',200.00,יח',false,,39.90,0.1995,true,1,1266601
7290012803451,false,שוקולד מריר מעולה 62% ללא תוספת סוכר,טוסו tusso,TR,טוסו שוקולד מריר מעולה 10,גרמים,100.00,100 גרם,false,,7.90,0.0790,true,1,1266604
7290012803765,false,שוקולד מריר ללא תוספת סוכר,אלטינמארקה גידה סאן,TR,טוסו שוקולד מריר 100גרם,גרמים,100.00,100 גרם,false,,7.90,0.0790,true,1,1266613
7290012803772,false,שוקולד חלב ללא תוספת סוכר,אלטינמארקה גידה סאן,TR,טוסו שוקולד חלב 100גרם,גרמים,100.00,100 גרם,false,,7.90,0.0790,true,1,1266614
7290012803789,false,שוקולד מריר עם אגוזים ללא תוספת סוכר,האי נאם סי או אל.טי.,TR,טוסו שוקולד מריר עם אגוזי,גרמים,100.00,100 גרם,false,,7.90,0.0790,true,1,1266615
7290012803796,false,שוקולד חלב עם אגוזים ללא תוספת סוכר,אלטינמארקה גידה סאן,TR,טוסו שוקולד חלב עם אגוזים,גרמים,100.00,100 גרם,false,,7.90,0.0790,true,1,1266616
7290012823251,false,אל סבון כיף יסמין לבנדר 1 ליטר,קוסמופארם,IL,אל סבון כיף יסמין 1 ליטר,ליטרים,1.00,ליטר,false,,10.90,10.9000,true,1,1235839
7290012823343,false,משחת שיניים אורביטול קידס 70גר' Shimer & Shine,טרופיקל דגיל,IL,משחת שיניים אורביטול,גרמים,70.00,100 גרם,false,,8.90,0.1271,true,1,2154174
7290012823374,false,מטליות לניקוי כללי אנטי קאלק,מיוצר עי קונדיטוריית,IL,'אנטי קאלק מטליות 50 יח,יח',50.00,יח',false,,10.90,0.2180,true,1,1235841
7290012823381,false,מרכך כביסה מקסימה סנסיטיב מרוכז ורוד 1 ל' סנו,"סנו מפעלי ברונוס בע""",IL,מקסימה ס.מרוכז סנסטיב 1ל,ליטרים,1.00,ליטר,false,,17.90,17.9000,true,1,1235842
7290012823398,false,מטליות חד פעמיות לניקוי הרצפה בניחוח מרכך כביסה 10יח' סנו,סנו מפעלי ברונו בעמ,IL,ריצפז פרש מטליות ענק,יח',10.00,יח',false,,14.90,1.4900,true,1,1571627
7290012823404,false,מטהר אוויר פרש אוטומטיק יסמין וסנדלווד,סנו פרש Fresh,,מטהר אוויר פרש אוטומ,מיליליטרים,250.00,"100 מ""ל",false,,13.90,0.0556,true,1,1235843
7290012823541,false,מטליות ריצפז פרש בריח לבנדר 10 יח' סנו,"סנו מפעלי ברונוס בע""",IL,10 מטל.לחות לריצפה ריצפז,יח',10.00,יח',false,,14.90,1.4900,true,1,1235846
7290012823558,false,מטליות ענק לחות לרצפה 10 יח' סנו סושי,סנו מפעלי ברונוס בעמ,IL,10מטליות לחות לרצפה סושי,יח',10.00,יח',false,,12.90,1.2900,true,1,1235847
7290012823565,false,פוליויקס פרקט מטליות ענק לחות 10יח,דינאמיק תעשיות,IL,10 מטליות לחות פוליויקס,יח',10.00,יח',false,,19.90,1.9900,true,1,1235848
7290012823589,false,ריצפז פרש בניחוח לימון מרענן,סנו פרש Fresh,IL,סנו ריצפז פרש לימון 2 לי,ליטרים,2.00,ליטר,false,,19.90,9.9500,true,1,1235850
7290012823602,false,נייר טואלט סופט סילק לבן - מארז 32 גלילים,טרופיקל דגיל תעשיות,IL,נייר טואלט סופט לבן 32גל,מטרים,589.00,מטר,false,,35.90,0.0610,true,1,1235851
7290012823657,false,מסיר כתמים רסס וכבס מילוי,סנו קל,IL,"שק.מילוי רסס כבס 750 מ""ל",מיליליטרים,750.00,"100 מ""ל",false,,12.90,0.0172,true,1,1235854
7290012823787,false,"סנו רסס ונגב שקית מילוי 750 מ""ל",סנו,IL,סנו רסס ונגב מילוי 750מל,מיליליטרים,750.00,"100 מ""ל",false,,9.90,0.0132,true,1,1235864
7290012823794,false,כיף אלסבון 2ליטר יסמין לבנדר,קוסמופארם,IL,אל סבון כיף יסמין 2 ליטר,ליטרים,2.00,ליטר,false,,22.90,11.4500,true,1,1235865
7290012823886,false,כיף סבון מוצק אוקינוס 100 ג' * 4 יח',קוסמופארם,IL,סבון כיף אוקיינוס4*100 ג,יח',4.00,יח',false,,10.90,2.7250,true,1,1283510
7290012823923,false,מרכך כביסה סופר מרוכז פרפיום גולדן סנרייז,סנו מפעלי ברונוס בעמ,IL,מ.מקסימה פרפיום גולדן750,מיליליטרים,750.00,"100 מ""ל",false,,17.90,0.0239,true,1,1235872
7290012823947,false,"סנו - מרכך כביסה מרוכז פרפיום קריסטל נואר 750 מ""ל",מיוצר עי קונדיטוריית,IL,מ.מקסימה פרפיום קריסט750,מיליליטרים,750.00,"100 מ""ל",false,,17.90,0.0239,true,1,1235874
7290012838026,false,עוגיות מלוחות עדי 35,,,עוגיות מלוחות,גרמים,350.00,100 גרם,false,,15.90,0.0454,true,1,1276188
7290012871054,false,חיטה תפוחה מתוקה שלווה,מפעלי דגן,,חטיף שלווה מתוקה 220,גרמים,200.00,100 גרם,false,,5.90,0.0295,true,1,1343645
7290012871061,false,דגן תירס פופ מתוק 15,מפעלי דגן,IL,חטיף תירס תפוח 150ג.,גרמים,150.00,100 גרם,false,,5.90,0.0393,true,1,1343646
7290012878817,false,"שוורץ - קרם חמצן 6% 60 מ""ל",שוורץ Schwartz,IL,"תח' חמ % 6 60 סמ""ק שוו","100 סמ""ק",60.00,"100 סמ""ק",false,,3.00,0.0500,true,1,1243409
7290012878831,false,תחליב חמצן 9%,שוורץ Schwartz,IL,"תח' חמ'9% 60 סמ""ק שוור","100 סמ""ק",60.00,"100 סמ""ק",false,,3.00,0.0500,true,1,1243410
7290012884986,false,תפוגן ציפס לתנור עד 4% שומן 1.5 קג,"תעשיות תפוגן בע""מ",IL,תפוגן צ'יפס לתנור 4% שומן,קילוגרמים,1.50,"ק""ג",false,,24.90,16.6000,true,1,1223693
7290012901355,false,דודלס ארוחת אטריות עם גבינה 206 גרם,האי נאם סי או אל.טי.,US,דודלס ארוחת אטריות ע,גרמים,206.00,100 גרם,false,,9.90,0.0481,true,1,2203846
7290012901959,false,ארוחת אטריות עם גבינה מסולסלים 156 גרם,,US,דודלס ארוחת אטריות ע,גרמים,156.00,100 גרם,false,,9.90,0.0635,true,1,2203847
7290012911071,false,ערכת לסושי,,,ערכה לסושי,יחידה,0.00,יחידה,false,,54.90,0.0000,true,1,1257634
7290012911088,false,"רוטב סויה בהירה 500 מ""ל",healthy food product,TH,רוטב סויה בהירה 500 מל' -,מיליליטרים,500.00,"100 מ""ל",false,,11.90,0.0238,true,1,1257635
7290012911156,false,"רוטב טריאקי שומשום 300 מ""ל",קיי.אר.אס.ספייסי פוד,TH,"רוטב טריאקי שומשום 300 מ""",מיליליטרים,300.00,"100 מ""ל",false,,13.90,0.0463,true,1,1257637
7290012911170,false,מיסו כהה-מחית פולי סויה,טעמי אסיה Taste of Asia,,"מיסו כהה 500 ג""ר -כש",גרמים,500.00,100 גרם,false,,10.90,0.0218,true,1,1257638
7290012911187,false,מיסו בהיר-מחית פולי סויה,טעמי אסיה Taste of Asia,,"מיסו בהיר 500 ג""ר -כ",גרמים,500.00,100 גרם,false,,10.90,0.0218,true,1,1257639
7290012911224,false,יין אורז סאקה,ningbo yimin,CN,"סאקה 750 מ""ל -כשר",מיליליטרים,750.00,"100 מ""ל",false,,21.90,0.0292,true,1,1257640
7290012911262,false,"מירין משובח 500 מ""ל",פוקולוקו,CN,"מירין משובח 500 מ""ל - כשר",מיליליטרים,500.00,"100 מ""ל",false,,16.90,0.0338,true,1,1257642
7290012911293,false,דפי אורז ללא גלוטן 300 ג',טעמי אסיה Taste of Asia,VN,"דפי אורז 22 ס""מ (כשר) 300",גרמים,300.00,100 גרם,false,,12.90,0.0430,true,1,1257643
7290012911415,false,ממרח קארי ירוק 400ג',קיי אר אס ספייסי פוד,TH,ממרח קארי ירוק 400 גרם- כ,גרמים,400.00,100 גרם,false,,16.90,0.0422,true,1,1257648
7290012911422,false,ממרח קארי אדום 400ג',טעמי אסיה Taste of Asia,TH,ממרח קארי אדום 400 גרם -כ,גרמים,400.00,100 גרם,false,,16.90,0.0422,true,1,1257649
7290012911439,false,ממרח קארי צהוב 400ג',טעמי אסיה Taste of Asia,TH,ממרח קארי צהוב 400 גרם -כ,גרמים,400.00,100 גרם,false,,16.90,0.0422,true,1,1257650
7290012911477,false,קרם קוקוס גולד 400 ג,אסיאטיק אגרו אינדסטר,TH,"קרם קוקוס מבצע 400 מ""ל",גרמים,400.00,100 גרם,false,,8.90,0.0223,true,1,1257651
7290012911583,false,רצועות דלעת כבושה-קנפיו,טעמי אסיה Taste of Asia,CN,רצועות דלעת כבושה - קנפיו,גרמים,100.00,100 גרם,false,,10.90,0.1090,true,1,1257653
7290012911644,false,רוטב סריראצ'ה- רוטב צ'ילי חריף,טעמי אסיה Taste of Asia,,רוטב סריראג'ה צילי ח,מיליליטרים,435.00,"100 מ""ל",false,,19.90,0.0457,true,1,1257655
7290012911651,false,"מקלוני אורז 10 מ""מ Rice stick",טעמי אסיה Taste of Asia,TH,"אטריות אורז 10 מ""מ 400 ג""",גרמים,400.00,100 גרם,false,,8.90,0.0223,true,1,1257656
7290012911675,false,פטריות שיטאקה מיובשות,טעמי אסיה Taste of Asia,IL,"פטריות שטאקה 85 ג""ר - כשר",גרמים,85.00,100 גרם,false,,13.90,0.1635,true,1,1257657
7290012911804,false,"שמן שומשום כשר 150 מ""ל",גואנגדונג גוד טייסט,SG,"שמן שומשום 150 מ""ל - כשר",מיליליטרים,150.00,"100 מ""ל",false,,11.90,0.0793,true,1,1257660
7290012911866,false,דפי אורז מרובעים ללא,טעמי אסיה Taste of Asia,VN,"דפי אורז מרובעים- 22 ס""מ,",גרמים,300.00,100 גרם,false,,12.90,0.0430,true,1,1257662
7290012911941,false,רוטב צ'ילי מתוק ללא תוספת סוכר,טעמי אסיה Taste of Asia,TH,"רוטב צ'ילי מתוק 700 מ""ל",גרמים,700.00,100 גרם,false,,13.90,0.0199,true,1,1257664
7290012911965,false,ג'ינג'ר לסושי ללא צבע כשר 250ג',טעמי אסיה Taste of Asia,CN,"ג'ינג'ר לסושי , ללא צבע -",גרמים,250.00,100 גרם,false,,7.90,0.0316,true,1,1257665
7290012921049,false,בירה מלכה כהה בק 330,בירה מלכה בעמ,IL,בירה מלכה כהה.,מיליליטרים,330.00,"100 מ""ל",false,,12.90,0.0391,true,1,1248763
7290012921063,false,בירה מלכה הינדי בבקבוק,בירה מלכה בעמ,IL,בירה מלכה הינדי.,מיליליטרים,330.00,"100 מ""ל",false,,12.90,0.0391,true,1,1294437
7290012921070,false,בירה מלכה אדמונית 75,מלכה,IL,בירה מלכה אדמונית,מיליליטרים,750.00,"100 מ""ל",false,,29.90,0.0399,true,1,2170096
7290012921087,false,בירה מלכה בהירה 750,מלכה,IL,בירה מלכה בהירה,מיליליטרים,750.00,"100 מ""ל",false,,29.90,0.0399,true,1,2170097
7290012929779,false,פסטה ספירלה מקמח מלא טעמן 500 ג',מוטלו,TR,פסטה ספירלה מקמח מלא,גרמים,500.00,100 גרם,false,,4.90,0.0098,true,1,1248374
7290012929786,false,טעמן פסטה צינורות חיטה מלאה 500גר,מוטלו,TR,פסטה צינורות מקמח מל,גרמים,500.00,100 גרם,false,,4.90,0.0098,true,1,1248375
7290012929793,false,פסטה ספגטי מקמח מלא טעמן 500 גר',מוטלו,TR,ספגטי מקמח מלא 500 ג,גרמים,500.00,100 גרם,false,,4.90,0.0098,true,1,1248376
7290012931055,false,מגב חלון פלסטיק 24 ס,,,מגב חלון פלסטיק 24 ס,יחידה,0.00,יחידה,false,,7.90,0.0000,true,1,2157738
7290012931734,false,"שייני מבשם נוזלי לבנדר 400 מ""ל",מ.א ייצור ושיווק מטל,,מבשם נוזלי לבנדר 1/24,מיליליטרים,400.00,"100 מ""ל",false,,9.90,0.0248,true,1,1242184
7290012938580,false,"סנסודיין משחת שיניים להלבנה עדינה 75 מ""ל",גלקסוסמית'קליין קונס,GB,סנסודיין הלבנה עדינה 75 מ,מיליליטרים,75.00,"100 מ""ל",false,,19.90,0.2653,true,1,1260466
7290012938597,false,"סנסודיין משחת שיניים רפיד רליף 75 מ""ל","סמיתקליין ביצ'ם בע""מ",SK,סנסודיין רפיד רליף 75 מ'',מיליליטרים,75.00,"100 מ""ל",false,,23.90,0.3187,true,1,1260467
7290012938740,false,"משחת שיניים פרש מינט מנטה 75מ""ל סנסודיין",גלקסו סמית קליין,GB,"סנסודיין פרש מינט 75 מ""ל",מיליליטרים,75.00,"100 מ""ל",false,,19.90,0.2653,true,1,1260471
7290012938924,false,מי פה הגנה משולשת מנטה מרענן,מולינו ניקולי s.p.a,GB,"א.פרש מיי פה 500 מ""ל",מיליליטרים,500.00,"100 מ""ל",false,,19.90,0.0398,true,1,1260472
7290012962134,false,קיסמי שיניים מפלסטיק עם מברשת 100 יחידות,הוסטס Hostess,,קיסמי שיניים מפלסטיק,יח',100.00,יח',false,,8.90,0.0890,true,1,1237922
7290012962561,false,הוסטוס קיסמי שיניים 500 יח',הוסטס Hostess,,קיסמי שיניים 500יח',יח',500.00,יח',false,,3.90,0.0078,true,1,1237929
7290012962578,false,צימרוני אוזניים עץ בקופסת פלסטיק 300יח',הדקלאים אגודת שיתופי,CN,צימרוני אוזנים עץ בק,יח',300.00,יח',false,,6.90,0.0230,true,1,1237930
7290012962608,false,"צלחות פלסטיק עבות במיוחד 22 ס""מ-לבן 25 יח'",הוסטס Hostess,,צלחות פלסטיק עבות במ,יח',25.00,יח',false,,12.90,0.5160,true,1,1288153
7290012962684,false,"הוסטס שקיות צליה ג'מבו 50X35 ס""מ בקופסה 5 יח'",הוסטס Hostess,,שקיות צליה גמבו 5 יח,יח',5.00,יח',false,,4.90,0.9800,true,1,1288097
7290012996702,false,מגן + מבשם דוחה עש בניחוח לבנדר,יעקבי - הפי Hepi,IT,הפי שקיות ריחניות לבגדים,יח',2.00,יח',false,,9.90,4.9500,true,1,1241109
7290013038432,false,מים מזוככים אקווה נובה,אקווה נובה Aqua Nova,IL,מים אקווה נובה 2 ליט,ליטרים,2.00,ליטר,false,,3.20,1.6000,true,1,1239606
7290013083678,false,תרכובת מזון המשך לפעוטות שלב 2 Extra Care,מולינו ניקולי s.p.a,IL,תרכובת מזון המשך לתינוקו,גרמים,700.00,100 גרם,false,,59.90,0.0856,true,1,1223695
7290013083685,false,תרכובת מזון המשך לפעוטות שלב 3 Extra Care,מטרנה תעשיות ש.מ,IL,תרכובת מזון המשך לפעוטות,גרמים,700.00,100 גרם,false,,59.90,0.0856,true,1,1223696
7290013117212,false,בורקס פילו גבינה מעדנות מעדנות 600 ג',מיוצר עי קונדיטוריית,IL,בורקס פילו במילוי גבינה מ,גרמים,600.00,100 גרם,false,,19.90,0.0332,true,1,1255062
7290013117229,false,בורקס פילו תפוא מעדנות 600 גרם,מיוצר עי קונדיטוריית,IL,"בורקס פילו במילוי תפו""א מ",גרמים,600.00,100 גרם,false,,19.90,0.0332,true,1,1255063
7290013117236,false,בורקס פילו פיצה מעדנות 600 ג',מיוצר עי קונדיטוריית,IL,בורקס פילו פיצה 600 גר,גרמים,600.00,100 גרם,false,,19.90,0.0332,true,1,1255064
7290013117243,false,בורקס פילו בולגרית מעדנות 600 ג',מיוצר עי קונדיטוריית,IL,בורקס פילו בולגרית 600 גר,גרמים,600.00,100 גרם,false,,19.90,0.0332,true,1,1255065
7290013117410,false,בצק פריך מרודד למאפים מתוקים 900 ג' מעדנות,מיוצר עי קונדיטוריית,IL,בצק פריך מתוק 900 גר מעדנ,גרמים,900.00,100 גרם,false,,22.90,0.0254,true,1,1255068
7290013117427,false,בצק פריך מרודד למאפים מלוחים 900 ג' מעדנות,מיוצר עי קונדיטוריית,IL,בצק פריך מלוח 900 גר מעדנ,גרמים,900.00,100 גרם,false,,22.90,0.0254,true,1,1255069
7290013121035,false,לחם פשתן ללא גלוטן 5,אביב קונדיטוריה מעול,IL,לחם פשתן 500,גרמים,500.00,100 גרם,false,,19.90,0.0398,true,1,1263908
7290013121042,false,לחם איטלקי ללא גלוטן,אביב קונדיטוריה מעול,IL,לחם איטלקי 500,גרמים,500.00,100 גרם,false,,19.90,0.0398,true,1,1263909
7290013121103,false,רביעיית שליש באגט ללא גלוטן,אביב קונדיטוריה מעול,IL,שליש באגט 4 400,גרמים,400.00,100 גרם,false,,19.90,0.0497,true,1,1263911
7290013121110,false,רביעיית לחמניות בורגר ללא גלוטן,אביב קונדיטוריה מעול,IL,לחמניות בורגר 4 350,גרמים,350.00,100 גרם,false,,19.90,0.0569,true,1,1263912
7290013121127,false,לחמניות מיני ללא גלוטן,אביב קונדיטוריה מעול,IL,לחמניות מיני 420,גרמים,480.00,100 גרם,false,,19.90,0.0415,true,1,1263913
7290013121134,false,בייגל אמריקאי ללא גלוטן,אביב קונדיטוריה מעול,IL,בייגל 430,גרמים,400.00,100 גרם,false,,19.90,0.0497,true,1,1263914
7290013121158,false,רביעיית לחמניות סנדביץ ללא גלוטן,אביב קונדיטוריה מעול,IL,רביעיית לחמניות סנדביץ 46,גרמים,460.00,100 גרם,false,,19.90,0.0433,true,1,1263916
7290013121165,false,לחמניות נקניקיה ללא גלוטן,אביב קונדיטוריה מעול,IL,6 לחמניות נקניקיה,גרמים,460.00,100 גרם,false,,19.90,0.0433,true,1,1263917
7290013121424,false,לחם צרפתי קלאסי גרי,,,לחם צרפתי קלאסי 500,גרמים,500.00,100 גרם,false,,19.90,0.0398,true,1,2178092
7290013121684,false,כדורי שוקולד ללא גלוטן,אביב קונדיטוריה מעול,IL,כדורי שוקולד 400,גרמים,400.00,100 גרם,false,,29.90,0.0747,true,1,1263931
7290013121752,false,לחם לבן ביתי ללא גלוטן,אביב קונדיטוריה מעול,IL,לחם לבן בייתי 700 גרם,גרמים,700.00,100 גרם,false,,24.90,0.0356,true,1,1263937
7290013121769,false,רביעיית שליש באגט ללא תוספת סוכר וללא גלוטן,אביב קונדיטוריה מעול,IL,באגט שליש ללא סוכר 400 גר,גרמים,400.00,100 גרם,false,,19.90,0.0497,true,1,1263938
7290013121776,false,לחם כפרי ללא תוספת סוכר וללא גלוטן,אביב קונדיטוריה מעול,IL,לחם כפרי ללא סוכר 700 גרם,גרמים,700.00,100 גרם,false,,24.90,0.0356,true,1,1263939
7290013121868,false,זוג באגטים רוסטיק גר,,,זוג באגטים רוסטיק גר,גרמים,480.00,100 גרם,false,,19.90,0.0415,true,1,2178094
7290013153395,false,פריגת סחוט טרי רימונים 1ליטר,פריגת,IL,סחוט 750 רימונים,ליטרים,1.00,100 ליטר,false,,21.90,21.9000,true,1,2203380
7290013153579,false,משקה בטעם אפרסק מרוכז קפוא,פריגת,,מיץ אפרסק קפוא 280 ג,גרמים,280.00,100 גרם,false,,9.90,0.0354,true,1,1529128
7290013153586,false,פירות יער קפוא פריגת 345ג',היינץ צפון אמריקה מק,IL,מיץ פירות יער קפוא 2,גרמים,280.00,100 גרם,false,,9.90,0.0354,true,1,1529129
7290013153593,false,רכז פריגת תפוזים מתק,"גת גבעת חיים,",IL,מיץ תפוזים מתקתק 100,ליטרים,1.00,ליטר,false,,11.90,11.9000,true,1,2218923
7290013156006,false,עוגיות כעכים לקפה מרוקאיות 200גר,,,עוגיות מרוקאיות,גרמים,350.00,100 גרם,false,,16.90,0.0483,true,1,1276189
7290013156822,false,עוגיות רייף גיקובס 3,,,עוגיות רייף,גרמים,350.00,100 גרם,false,,16.90,0.0483,true,1,2208285
7290013156914,false,עוגיות כעך טוניסאי ג,,,עוגיות כעך טוניסאי ג,גרמים,350.00,100 גרם,false,,16.90,0.0483,true,1,2208287
7290013156921,false,עצבעות מתוקות ללא תו,,,עצבעות מתוקות ללא תו,גרמים,350.00,100 גרם,false,,16.90,0.0483,true,1,2208288
7290013181152,false,צלחת ריבועית בינונית,,,צלחת ריבועית בינונית,יחידה,0.00,יחידה,false,,17.90,0.0000,true,1,2133869
7290013181398,false,מגש הגשה אובאלי עלי,,,מגש הגשה אובאלי עלי,יחידה,0.00,יחידה,false,,12.90,0.0000,true,1,2133870
7290013237873,false,דאודורנט ספריי טסקיו,,,דאודורנט ספריי טסקיו,יחידה,0.00,יחידה,false,,19.90,0.0000,true,1,1243102
7290013259943,false,קמיל משחה לתינוק 120,"ד""ר פישר Dr fischer",IL,קמיל בלו סנסיטיב שיבולת ש,גרמים,120.00,100 גרם,false,,26.90,0.2242,true,1,1277544
7290013268020,false,סנו - מקסימה מרכך כביסה מרוכז אולטרה פרש 1 ליטר,"סנו מפעלי ברונוס בע""",IL,מקסימה סופר מרוכז פרש 1ל,ליטרים,1.00,ליטר,false,,17.90,17.9000,true,1,1235876
7290013268037,false,סנו מקסימה מרכך כביסה פצ''ולי מרוכז סגול 1 ל',סנו מקסימה,IL,'מקסימה ס.מרוכז לבנדר 1ל,ליטרים,1.00,ליטר,false,,17.90,17.9000,true,1,1235877
7290013268204,false,מגבונים לניקוי וחיטוי מושב האסלה 20 יח' סנו,טרופיקל דגיל- תעשיות,IL,מגבונים לחיטוי מושב,יח',20.00,יח',false,,9.90,0.4950,true,1,1797309
7290013268242,false,תרכיז ריחני לניקוי רצפות בריח מלון מפנק ריצפז פרש,"סנו מפעלו ברונוס בע""",IL,ריצפז פרש הום תרכיז,ליטרים,2.00,ליטר,false,,22.90,11.4500,true,1,2134339
7290013268297,false,אורביטול מברשות שיניים לגילאי 0-2,,,מברשת שיניים לילדים,יחידה,0.00,יחידה,false,,9.90,0.0000,true,1,2094339
7290013268372,false,פוליויקס פרקט בתוספת שמן אורגן 2 ל',סנו פוליויקס,IL,פוליויקס פרקט בתוספת,ליטרים,2.00,ליטר,false,,19.90,9.9500,true,1,2151572
7290013268426,false,שמפו נגד קשקשים קרמה,קוסמופארם,IL,700 שמפו קרמה מן לקשקשים,מיליליטרים,700.00,"100 מ""ל",false,,18.90,0.0270,true,1,1235893
7290013268433,false,"שמפו ומרכך לשיער לגבר 700 מ""ל קרמה",קוסמופארם,IL,שמפו קרמה מן לכל שיער700,מיליליטרים,700.00,"100 מ""ל",false,,18.90,0.0270,true,1,1235894
7290013268440,false,זוג מברשות שיניים בוב ספוג לילדים מגיל 4,אורביטול Orbitol,IL,צמד מברשות שיניים בו,יח',2.00,יח',false,,14.90,7.4500,true,1,1334468
7290013268563,false,"קרמה - דאודורנט ספריי לגבר ללא אלומיניום כחול קול 200 מ""ל",מיוצר עי אמיליה קוסמ,IL,דאו.קרמה מן ספריי קול200,מיליליטרים,200.00,"100 מ""ל",false,,11.90,0.0595,true,1,1235901
7290013268570,false,דאודורנט ספריי אנטיפרספירנט אקטיב בלוק Calm,אמיליה קוסמטיקס,IL,"דאו.קרמה מן קלאם 200 מ""ל",מיליליטרים,200.00,"100 מ""ל",false,,11.90,0.0595,true,1,1235902
7290013268594,false,דאודורנט ספריי לגבר Body Power הגנה אפקטיבית,אמיליה קוסמטיקס,IL,"דאו.קרמה מן פאוור 200מ""ל",מיליליטרים,200.00,"100 מ""ל",false,,11.90,0.0595,true,1,1235904
7290013268839,false,סנו פוליויקס פרקט בריח מלון חלומי,סנו פוליויקס,IL,פוליויקס פרקט 2 ליטר,ליטרים,2.00,ליטר,false,,19.90,9.9500,true,1,1840307
7290013268891,false,מסיר כתמים ג'ל אוקסיג'ן ללא אקונומיקה,"סנו מפעלי ברונוס בע""",IL,אוקסיג'ן ג'ל 3ליטר,ליטרים,3.00,ליטר,false,,29.90,9.9667,true,1,1235926
7290013268907,false,ג'ל כביסה מרוכז מקסימה Bio cold water,"סנו מפעלי ברונוס בע""",IL,מקסימה ג'ל לכביסה 3ל,ליטרים,3.00,ליטר,false,,34.90,11.6333,true,1,1235927
7290013268914,false,סנו מקסימה ג'ל כביסה סמארט 3 ל',סנו מקסימה,IL,ג'ל כביסה SMART מקסי,ליטרים,3.00,ליטר,false,,34.90,11.6333,true,1,1624094
7290013268938,false,סנובון סבון אסלה בניחוח מאסק - מארז 3 יח',סנו,IL,55 ג X 'סנובון מאסק 3 יח,יח',3.00,יח',false,,12.90,4.3000,true,1,1235929
7290013268983,false,מרכך כביסה סופר מרוכז בבישום עוצמתי סנו מקסימה 1 ל',"סנו מפעלי ברונוס בע""",IL,מרכך כביסה מרוכז מקס,ליטרים,1.00,ליטר,false,,17.90,17.9000,true,1,2205676
7290013268990,false,סנו - מקסימה מרכך כביסה מרוכז ביו 1 ליטר,"סנו מפעלי ברונוס בע""",IL,מקסימה מרכך מרוכז ביו1ל,ליטרים,1.00,ליטר,false,,17.90,17.9000,true,1,1235930
7290013269003,false,מרכך כביסה סופר מרוכז בייבי לתינוקות ולעור רגיש,"סנו מפעלי ברונוס בע""",IL,מקסימה מרכך בייבי 1 ליטר,ליטרים,1.00,ליטר,false,,19.90,19.9000,true,1,1235931
7290013269096,false,מטליות לחות לטיפול במוצרי עור,מיוצר עי קונדיטוריית,IL,מטליות למוצרי עור 20יח,יח',1.00,יח',false,,18.90,18.9000,true,1,1235935
7290013269157,false,"מרכך ומבשם מקסימה למייבש לבנדר 750 מ""ל סנו",סנו מקסימה,,מרסס למייבש כביסה סנ,מיליליטרים,750.00,"100 מ""ל",false,,19.90,0.0265,true,1,1235938
7290013269263,false,ג'ל כביסה מרוכז מקסימה בבישום קריסטל נואר,סנו מפעלי ברונוס בעמ,IL,מקסימה ג'ל כביסה 3ליטר,ליטרים,3.00,ליטר,false,,34.90,11.6333,true,1,1235942
7290013269287,false,סנו - מקסימה ג'ל כביסה מרוכז מאסק 3 ליטר,"סנו מפעלי ברונוס בע""",IL,מקסימה ג'ל כביסה מאסק3ל,ליטרים,3.00,ליטר,false,,34.90,11.6333,true,1,1235944
7290013269300,false,ניילון נצמד + לשימוש במיקרוגל,"מיוצר בהונג קונג, סי",CN,ניילון נצמד פלוס 150 מטר,מטרים,150.00,מטר,false,,24.90,0.1660,true,1,1235945
7290013269621,false,ריצפז פרש לניקוי רצפות בניחוח מלון בוטיק,מיוצר עי קונדיטוריית,IL,ריצפז פרש הום תרכיז,ליטרים,2.00,ליטר,false,,22.90,11.4500,true,1,1916740
7290013269638,false,ספוג הפלא אקסטרה Extra- מארז 6 יח',סנו סושי,US,ספוג הפלא אקסטרה 6 יחידו,יח',6.00,יח',false,,14.90,2.4833,true,1,1235953
7290013269645,false,מטליות לחות לניקוי הרצפה בניחוח מאסק ריצפז פרש,סנו מפעלי ברונוס בעמ,IL,10מטליות לחות מאסק,יח',10.00,יח',false,,14.90,1.4900,true,1,1235954
7290013269652,false,פולייויקס גרניט פורצלן בניתוח מאסק 2 ל',סנו פוליויקס,IL,פוליויקס ג.פורצלן מאסק2ל,ליטרים,2.00,ליטר,false,,24.90,12.4500,true,1,1235955
7290013269669,false,ריצפז בניחוח פנטזיה לניקוי הרצפה,"סנו מפעלי ברונוס בע""",IL,'ריצפז בניחוח פנטזיה 3 ל,ליטרים,3.00,ליטר,false,,15.90,5.3000,true,1,1235956
7290013269690,false,סנובון /פיסגה ג'ל בניחוח לימון-מרכז,Nicolas polandמשווק,PL,"סנובון ג'ל לימון 55 מ""ל",מיליליטרים,55.00,"100 מ""ל",false,,7.90,0.1436,true,1,1235957
7290013269706,false,סנובון ג'ל לניקוי האסלה בניחוח אוקיינוס,סנו,PL,סנובון ג'ל אוקיינוס55מל,מיליליטרים,55.00,"100 מ""ל",false,,7.90,0.1436,true,1,1235958
7290013269751,false,מטליות לחותריצפז פרש לניקוי ריצפה בניחות מלון בוטיק 10 יח' סנו,טרופיקל דגיל תעשיות,IL,ריצפז פרש מטליות ענק,יח',10.00,יח',false,,14.90,1.4900,true,1,1916755
7290013269850,false,סנו - סושי נייר אפייה אקולוגי 50 יח',מולינו ניקולי s.p.a,IL,'נייר אפיה אקולוגי 50 יח,יח',50.00,יח',false,,14.90,0.2980,true,1,1235963
7290013269867,false,סנו סושי זוג מפות אירוח,מיוצר עי קונדיטוריית,IL,סנו סושי צמד מפות שולחן,יח',2.00,יח',false,,9.90,4.9500,true,1,1235964
7290013269911,false,"סנו K-333 קוטל חרקים ללא ריח 750מ""ל","סנו מפעלי ברונוס בע""",IL,"סנו ק-333 750מ""ל",מיליליטרים,750.00,"100 מ""ל",false,,29.90,0.0399,true,1,1235967
7290013269942,false,"סנו K מעופפים פירטרום 400 מ""ל",מיוצר עי קונדיטוריית,IL,"פירטרום 400מ""ל K סנו",מיליליטרים,400.00,"100 מ""ל",false,,24.90,0.0622,true,1,1235968
7290013302014,false,"אבקה שוקו שוקו טעמן 1 ק""ג",,,"שוקו שוקו 1ק""ג 12 Xב",קילוגרמים,1.00,"ק""ג",false,,12.90,12.9000,true,1,2279704
7290013302366,false,מארז מחית קוקטייל פירות 130 גרם*6 יח' פריטוב,,,שישיית מחיות קוקטייל,גרמים,780.00,100 גרם,false,,23.90,0.0306,true,1,1248391
7290013302403,false,מארז מחית בננה תפוח 130 גרם*6 יח' פריטוב,,,שישיית מחיות בננות 1,גרמים,780.00,100 גרם,false,,23.90,0.0306,true,1,1248393
7290013310019,false,קיסמי שיניים רפואיים עם חוט דנטאלי הוסטס,הוסטס,,קיסמי שיניים רפואיים,יח',30.00,יח',false,,5.90,0.1967,true,1,1237931
7290013310057,false,"כוסות נייר 50 יח' 210מ""ל לשתיה חמה/קרה הוסטס",הוסטס Hostess,,כוסות נייר 50 יח',יח',50.00,יח',false,,8.90,0.1780,true,1,1237932
7290013310064,false,חוט דנטלי בטעם מנטה מצופה שעווה,הוסטס Hostess,,חוט דנטאלי רפואי עם,מטרים,50.00,מטר,false,,5.90,0.1180,true,1,1237933
7290013310378,false,כפפות ניטריל S כחולות ללא אבקה 80 יח' EASY TOUCH,איזי טאץ' Easy touch,,כפפות כחולות S ללא א,יח',80.00,יח',false,,21.90,0.2737,true,1,1237945
7290013310385,false,כפפות ניטריל M כחולות ללא אבקה 80 יח' EASY TOUCH,איזי טאץ' Easy touch,,כפפות כחולות M ללא א,יח',80.00,יח',false,,21.90,0.2737,true,1,1237946
7290013310392,false,כפפות ניטריל L כחולות ללא אבקה 80 יח' EASY TOUCH,איזי טאץ' Easy touch,,כפפות כחולות L ללא א,יח',80.00,יח',false,,21.90,0.2737,true,1,1237947
7290013310408,false,כפפות ניטריל XL כחולות ללא אבקה 80 יח' EASY TOUCH,איזי טאץ' Easy touch,,כפפות כחולות XL ללא,יח',80.00,יח',false,,21.90,0.2737,true,1,1237948
7290013310576,false,"כוסות נייר 240-8BOZמ""ל שתיה חם/קר הוסטס 50 יח'",ACSP,CN,כוסות נייר 50 יח',יח',50.00,יח',false,,9.90,0.1980,true,1,1237949
7290013310637,false,נובי5523-מברשת ניצמדת לניקוי פטמות ובקבוקים,נובי Nuby,,מברשת לבקבוקים לניקו,יחידה,0.00,יחידה,false,,39.90,0.0000,true,1,1237950
7290013358356,false,מאסטר שף - פירורי לחם מוזהבים 320 גרם,מנה י.א בעמ,IL,מנה פירורי לחם מוזהבים 35,גרמים,320.00,100 גרם,false,,9.90,0.0309,true,1,1253451
7290013358363,false,פירורי לחם פנקו מזוהבים מאסטר שף מנה 300 ג',קריניציה ויטמינה אס,IL,מנה פירורי לחם פנקו מוזהב,גרמים,300.00,100 גרם,false,,9.90,0.0330,true,1,1253452
7290013358370,false,פירורי לחם פנקו בטעם שום מאסטר שף 300 ג',"מיוצר ע""י מנה י.א בע",IL,מנה פירורי לחם פנקו מוזהב,גרמים,300.00,100 גרם,false,,9.90,0.0330,true,1,1253453
7290013358431,false,קרוטונים לסלט בתיבול עגבניות ובזיליקום,"עינת תעשיות מזון אג""",IL,מנה קרוטונים לסלט עגבניות,גרמים,200.00,100 גרם,false,,9.90,0.0495,true,1,1287516
7290013358462,false,"מיני קרוטונים למרק בתיבול שום, בצל ופטרוזיליה","עינת תעשיות מזון, אג",IL,מנה מיני קרוטונים למרק שו,גרמים,350.00,100 גרם,false,,17.90,0.0511,true,1,1287540
7290013358486,false,פירורי לחם מוזהבים ללא צורך בביצה,"מיוצר ע""י מנה י.א בע",IL,מנה פירורי לחם מוזהבים לל,גרמים,300.00,100 גרם,false,,9.90,0.0330,true,1,1253456
7290013358493,false,"קרם קוקוס מאסטר שף 400 מ""ל",תאי קוקונט פבליק קומ,TH,קרם קוקוס אסיאתי 400,מיליליטרים,400.00,"100 מ""ל",false,,7.90,0.0198,true,1,1334128
7290013358509,false,"מיקסלט גרעינים, קטניות ואגוזים",בטר אנד דיפרנט,IL,מנה מיקסלט 200 גרם,גרמים,200.00,100 גרם,false,,14.90,0.0745,true,1,1287564
7290013358516,false,"מיקסלט חמוציות, גרעינים, קטניות ואגוזים",המאפיה של הרמן,IL,מנה מיקסלט עם חמוציות 200,גרמים,200.00,100 גרם,false,,14.90,0.0745,true,1,1287597
7290013358523,false,מאסטר שף שבבי בצל מטוגן 150ג,קריניציה ויטמינה אס,NL,שבבי בצל מטוגן 150 ג,גרמים,150.00,100 גרם,false,,9.90,0.0660,true,1,1582758
7290013358530,false,מאסטר שף אסייאתי רוטב צ'ילי מתוק 700 מל,קריניציה ויטמינה אס,TH,"רטבים מתוק 700 מ""ל א",מיליליטרים,700.00,"100 מ""ל",false,,12.90,0.0184,true,1,1334158
7290013358547,false,מאסטר שף אסייאתי רוטב צ'ילי חריף 700 מל,קי אר אס ספייסי פוד,TH,"רטבים חריף 700 מ""ל א",מיליליטרים,700.00,"100 מ""ל",false,,12.90,0.0184,true,1,1334121
7290013358578,false,מאסטר שף אטריות אורז רחבות 5 ממ 400גר,ליינג טונג רייס פלוו,TH,איטריות אורז רחבות מ,גרמים,400.00,100 גרם,false,,8.90,0.0223,true,1,1334122
7290013358585,false,נודלס ביצים מאסטר שף,הנסיך- מפעל לייצור ט,CN,נודלס ביצים מנה 400,גרמים,400.00,100 גרם,false,,8.90,0.0223,true,1,1334123
7290013358837,false,פריכיות אורז ללא מלח מנה מאגדת 264 ג',,,מארז פריכיות מאורז ח,גרמים,264.00,100 גרם,false,,12.90,0.0489,true,1,1721483
7290013361103,false,נתחי טונה בהירה במים,פרי הגליל,IL,מארז טונה 160X4במים פג,גרמים,640.00,100 גרם,false,,22.90,0.0358,true,1,1261361
7290013361172,false,נתחי טונה בהירה בשמן קנולה,פרי הגליל,,4 יח' טונה בשמן קנול,גרמים,640.00,100 גרם,false,,22.90,0.0358,true,1,1677274
7290013361981,false,"צ'יפס קפוא פרי הגליל 2 ק""ג","פרי הגליל בע""""מ",IL,צ'יפס קטרינג 2פג,קילוגרמים,2.00,"ק""ג",false,,24.90,12.4500,true,1,1261376
7290013361998,false,"סטייק צ'יפס 2 ק""ג פרי הגליל","פרי הגליל בע""""מ",IL,סטייק צ'יפס 2קג פג רבנות,קילוגרמים,2.00,"ק""ג",false,,24.90,12.4500,true,1,1261377
7290013381088,false,עמבה הודית נאמן 500 גר',נאמן,,עמבה הודית,גרמים,500.00,100 גרם,false,,9.90,0.0198,true,1,1244927
7290013381293,false,שקיות רב סגר גדול 20יח',QINGDAO XIRONG,,שקיות פתח סגור 20 יח,יחידה,20.00,יחידה,false,,8.90,0.4450,true,1,1244930
7290013381323,false,לימונלה מיץ לימון,ITAL LEMON,,מיץ לימון,ליטרים,1.00,ליטר,false,,15.90,15.9000,true,1,1244931
7290013381361,false,שטחון לציפוי ואחסנה צבעוני,אלפא Alfa,,משטח לציפוי ואחסנה,יחידה,0.00,יחידה,false,,7.90,0.0000,true,1,1244932
7290013381576,false,רוטזה תרכיז שקדים 1ל',הילל תעשיות,IL,משקה רוזטה-תרכיז שקד,ליטרים,1.00,ליטר,false,,20.90,20.9000,true,1,1244940
7290013381675,false,"סירופ למלבי נאמן 750מ""ל",הילל תעשיות,IL,"סירופ מלבי 750 מ""ל",מיליליטרים,750.00,"100 מ""ל",false,,16.90,0.0225,true,1,1244943
7290013381699,false,קקאו טופ מותגים 500,נאמן לאורך זמן,,אבקת קקאו,גרמים,500.00,100 גרם,false,,19.90,0.0398,true,1,1244944
7290013389084,false,טורטיה קמח תירס 320 ג' תומר,Azteca foods europe,,טורטיה קמח תירס 20 ס,גרמים,320.00,100 גרם,false,,9.90,0.0309,true,1,1254240
7290013389374,false,קמח תירס פולנטה תומר 500ג',פיקטה piccata,,קמח תירס פולנטה 500,גרמים,500.00,100 גרם,false,,6.90,0.0138,true,1,1254250
7290013389381,false,"קמח תירס פולנטה מולינו 1 ק""ג",פיקטה piccata,,"קמח תירס פולנטה 1 ק""",קילוגרמים,1.00,"ק""ג",false,,9.90,9.9000,true,1,1254251
7290013389398,false,"קמח תירס דק 1 ק""ג פולנטה",פיקטה piccata,,"קמח תירס דק 1 ק""ג",גרמים,1000.00,100 גרם,false,,9.90,0.0099,true,1,1254252
7290013389893,false,סרדין פילה מרוקאי בש,,,פילה סרדין בשמן 125,גרמים,125.00,100 גרם,false,,7.90,0.0632,true,1,1254261
7290013389909,false,סרדין פילה מרוקאי חריף תומר 125 ג',,,פילה סרדין חריף 125,גרמים,125.00,100 גרם,false,,7.90,0.0632,true,1,1254262
7290013412409,false,נועם סופגנית FREE - 15,,,נועם סופגנית 15-FREE,יח',15.00,יח',false,,9.90,0.6600,true,1,1342889
7290013412966,false,מגבוני תולי רביעייה*72יח,,,מגבון תולי רביעייה 7,יח',288.00,יח',false,,9.90,0.0344,true,1,1881528
7290013424914,false,אפרסק פלחים קפוא פיל,א.מ שרון,PL,אפרסק פלחים 500 גרם,גרמים,500.00,100 גרם,false,,11.90,0.0238,true,1,2258824
7290013424921,false,קיווי פרוסות קפוא פי,א.מ שרון,PL,קיווי פרוס ארוז 500,גרמים,500.00,100 גרם,false,,11.90,0.0238,true,1,2258825
7290013424976,false,תות שדה שלם קפוא 500 ג' פילד גוד,א.מ שרון,PL,תות שדה שלם קפוא 500,גרמים,500.00,100 גרם,false,,11.90,0.0238,true,1,2258818
7290013430083,false,"בירה אלכסנדר בלונד 330 מ""ל",מנדלז סי.אר. פרודקשן,IL,בירה אלכסנדר,מיליליטרים,330.00,"100 מ""ל",false,,13.20,0.0400,true,1,2201492
7290013430090,false,בירה אלכסנדר אמברה AMBREE בירה ישראלית,מנדלז סי.אר. פרודקשן,IL,בירה אלכסנדר,מיליליטרים,330.00,"100 מ""ל",false,,12.90,0.0391,true,1,2201493
7290013430205,false,בירה אלכסנדר בלאק 33,,,בירה אלכסנדר,מיליליטרים,330.00,"100 מ""ל",false,,12.90,0.0391,true,1,2201494
7290013430250,false,"בירה אלכסנדר חיטה ישראלית 330 מ""ל",יקבי כרמל,IL,בירה אלכסנדר,מיליליטרים,330.00,"100 מ""ל",false,,12.90,0.0391,true,1,2201495
7290013430304,false,בירה אלכסנדר גרין GREEN בירה ישראלית,מנדלז סי.אר. פרודקשן,IL,בירה אלכסנדר,מיליליטרים,330.00,"100 מ""ל",false,,12.90,0.0391,true,1,2201496
7290013430403,false,בירה אלכסנדר בלייזר,,,בירה אלכסנדר,מיליליטרים,330.00,"100 מ""ל",false,,12.90,0.0391,true,1,2201497
7290013451927,false,פריכיות כוסמת ללא תוספת מלח,זן - בר,IL,פריכיות כוסמת ללא מל,גרמים,175.00,100 גרם,false,,9.90,0.0566,true,1,2183321
7290013453068,false,עוגיות כוסמין ופירות,האי נאם סי או אל.טי.,IL,עוגיות כוסמין פירות,גרמים,230.00,100 גרם,false,,24.90,0.1083,true,1,2122789
7290013453082,false,עוגיות כוסמין שוקוצי,,,עוגיות כוסמין שוקולד,גרמים,230.00,100 גרם,false,,24.90,0.1083,true,1,2122790
7290013453105,false,עוגיות לתה מקמח מלא,,,עוגיות לתה מקמח מלא,גרמים,230.00,100 גרם,false,,19.90,0.0865,true,1,2122811
7290013453136,false,עוגיות כוסמין שטרודל תפוחים ללא תוספת סוכר טבעוני,דני וגלית,,עוגיות כוסמין שטרודל,גרמים,230.00,100 גרם,false,,24.90,0.1083,true,1,2122791
7290013453617,false,עוגיות ביסקוטי שקדים,האי נאם סי או אל.טי.,IL,עוגיות ביסקוטי שקדים,גרמים,200.00,100 גרם,false,,25.90,0.1295,true,1,2122819
7290013453631,false,עוגיות חמאת בוטנים ושוקולד מפצפוצי אורז מלא,האי נאם סי או אל.טי.,IL,עוגיות כדורי ח. בוטנ,גרמים,230.00,100 גרם,false,,25.90,0.1126,true,1,2122820
7290013453655,false,עוגיות קוקוס ולוז מקמח שקדים וקמח אורז מלא,האי נאם סי או אל.טי.,IL,עוגיות קוקוס לוז קמח,גרמים,230.00,100 גרם,false,,25.90,0.1126,true,1,2122935
7290013453679,false,עוגיות אוכמניות גריד,דני וגלית בעמ,IL,עוגיות אוכמניות גריד,גרמים,230.00,100 גרם,false,,25.90,0.1126,true,1,2275604
7290013472199,false,ערמונים קלוף וקלוי ו.פוד 105 ג',בייג'גג פוינונג,CN,ערמונים קלופים וקלויים 10,גרמים,100.00,100 גרם,false,,5.90,0.0590,true,1,1226632
7290013521101,false,פסטה כוסמין בטעם תרד,השדה מוצרים אורגניים,HU,פסטה פוטציני כוסמין,גרמים,350.00,100 גרם,false,,19.90,0.0569,true,1,1358789
7290013521231,false,פסטה כוסמין אורגנית עם תרד ועגבניות,השדה מוצרים אורגניים,HU,פסטה כוסמין טריקולר,גרמים,400.00,100 גרם,false,,19.90,0.0497,true,1,1358792
7290013521309,false,מיונז אורגני השדה 33,מחנדל,NL,מיונז אורגני 330 גרם,גרמים,330.00,100 גרם,false,,22.90,0.0694,true,1,1358812
7290013521347,false,השדה חרדל דיז'ון אור,השדה מוצרים אורגניים,,חרדל דיג'ון אורגני 2,גרמים,200.00,100 גרם,false,,14.90,0.0745,true,1,1358799
7290013521385,false,רסק תפוחים אורגני 70,השדה מוצרים אורגניים,NL,רסק תפוחים אורגני 70,גרמים,700.00,100 גרם,false,,18.90,0.0270,true,1,1358793
7290013521408,false,אבקת מרק ירקות אורגנית,השדה מוצרים אורגניים,NL,אבקת מרק ירקות אורגנ,גרמים,200.00,100 גרם,false,,24.90,0.1245,true,1,1358802
7290013521415,false,אבקת מרק אורגנית בטעם עוף,השדה מוצרים אורגניים,NL,אבקת מרק אורגנית בטע,גרמים,200.00,100 גרם,false,,24.90,0.1245,true,1,1359082
7290013521576,false,כרוב כבוש אורגני 680,,,כרוב כבוש אורגני 680,גרמים,680.00,100 גרם,false,,19.90,0.0293,true,1,1358824
7290013525789,false,אריסה מרוקאית שמיר 150 גר',סלטי שמיר,,עריסה 150גרם,גרמים,150.00,100 גרם,false,,9.90,0.0660,true,1,2131268
7290013525796,false,סחוג תימני שמיר 150 גר',,,סחוג תימני 150גרם,גרמים,150.00,100 גרם,false,,9.90,0.0660,true,1,2131269
7290013525802,false,סחוג אדום שמיר 150 גר',,,סחוג אדום 150 גרם,גרמים,150.00,100 גרם,false,,9.90,0.0660,true,1,2131270
7290013525819,false,סלט שום כתוש שמיר 15,,,שום כתוש 150גרם,גרמים,150.00,100 גרם,false,,9.90,0.0660,true,1,2131271
7290013531117,false,רוטב פסטה לילדים 240 גרם יכין,"זנלכל בע""מ",IL,רוטב פסטה לילדים 260 ג יכ,גרמים,240.00,100 גרם,false,,5.50,0.0229,true,1,1238382
7290013531346,false,סירופ דיאט לימונענע יכין 1 ליטר,יכין,IL,סירופ דיאט למונענע 1,ליטרים,1.00,ליטר,false,,16.90,16.9000,true,1,1238383
7290013531612,false,רוטב נפוליטנה יכין 240 ג',,,רוטב פסטה נפוליטנה 2,גרמים,240.00,100 גרם,false,,5.50,0.0229,true,1,2178825
7290013531629,false,רוטב פומדורו יכין 240ג,היינץ צפון אמריקה מק,IL,רוטב פסטה פומדורו 24,גרמים,240.00,100 גרם,false,,5.50,0.0229,true,1,2178830
7290013539892,false,אל סבון נוזלי משאבה תה ירוק סטייל 1 ל',סטייל Style,TR,סבון ידיים תה ירוק,ליטרים,1.00,ליטר,false,,10.90,10.9000,true,1,1260486
7290013539915,false,סטייל - אל סבון ארומטי תה לבן 1 ליטר,סטייל Style,TR,סבון ידיים תה לבן,ליטרים,1.00,ליטר,false,,10.90,10.9000,true,1,1260488
7290013585233,false,"ספרייט זירו פחית סליק 330 מ""ל",קוקה קולה Coca Cola,IL,ספרייט ZERO סליק 330 מל,מיליליטרים,330.00,"100 מ""ל",false,,4.50,0.0136,true,1,1301015
7290013585257,false,ספרייט זירו בקבוק 500מל,החברה המרכזית לייצור,IL,ספרייט 500 מל פקד ZERO,מיליליטרים,500.00,"100 מ""ל",false,,6.90,0.0138,true,1,1301016
7290013585387,false,קוקה קולה זירו בקבוק,החברה המרכזית לייצור,IL,קולה זירו 1 ליטר,ליטרים,1.00,ליטר,false,,6.90,6.9000,true,1,1651332
7290013585394,false,קוקה קולה קלאסי,החברה המרכזית לייצור,IL,קוקה קולה 1 ליטר,ליטרים,1.00,ליטר,false,,6.90,6.9000,true,1,1651326
7290013608260,false,פרימור מיץ רימונים 100% סחוט טרי 1ל',"גניר (1992) בע""מ",IL,מיץ רימונים 100%מיץ סחוט,ליטרים,1.00,ליטר,false,,22.90,22.9000,true,1,1256285
7290013608482,false,פרימור נקטר מנגו 1לי,פרימור,,נקטר מנגו 1 ליטר,ליטרים,1.00,ליטר,false,,7.90,7.9000,true,1,2122889
7290013608550,false,נקטר תפוזים 1 ל' פרימור,סטאר סנקס,IL,נקטר תפוזים 1 ליטר,ליטרים,1.00,ליטר,false,,7.90,7.9000,true,1,2122893
7290013608635,false,משקה לימונים עם נענע 1ל' פרימור,סטאר סנקס,IL,משקה לימונים עם נענע,ליטרים,1.00,ליטר,false,,7.90,7.9000,true,1,2122895
7290013608680,false,מיץ עגבניות 1ל' פרימור,סטאר סנקס,IL,מיץ עגבניות 1 ליטר,ליטרים,1.00,ליטר,false,,5.90,5.9000,true,1,2122898
7290013608864,false,פרימור משקה פירות הדר 1 ליטר בתוספת ויטמין C,"גניר (1992) בע""מ",,משקה פירות הדר בתוספ,ליטרים,1.00,ליטר,false,,15.90,15.9000,true,1,2164752
7290013622174,false,צלחת מרובע 9 מתכלה 2,,,צלחת מרובע 9 מתכלה 2,יח',20.00,יח',false,,18.90,0.9450,true,1,1953073
7290013622181,false,צלחת מרובע 10מתכלה 2,,,צלחת מרובע 10מתכלה 2,יח',20.00,יח',false,,24.90,1.2450,true,1,1953074
7290013625212,false,פילה מקרל בשמן צמחי 125 גרם טעים,,,פילה מקרל בשמן צמחי,גרמים,125.00,100 גרם,false,,8.90,0.0712,true,1,1248410
7290013625229,false,פילה מקרל בשמן צמחי ופ. חריף 125 גרם טעי,טעים,,פילה מקרל בשמן צמחי,גרמים,125.00,100 גרם,false,,8.90,0.0712,true,1,1248411
7290013625670,false,סינטטי חומצה אצטית מדוללת למזון 5%,טעמן,,חומץ סינטטי 1 ליטר,ליטרים,1.00,ליטר,false,,3.90,3.9000,true,1,1248419
7290013625700,false,"טעמן חצאי משמש בסירופ קל 820 ג""ר",קרונוס,GR,משמש חצאים בסירופ קל,גרמים,820.00,100 גרם,false,,12.90,0.0157,true,1,2259301
7290013625922,false,אטריות דקות טעמן 400 ג,מוטלו,TR,איטריות 400 גרם דקות,גרמים,400.00,100 גרם,false,,4.90,0.0123,true,1,1248428
7290013625939,false,אטריות דקיקות טעמן 400 גר',מוטלו,TR,איטריות 400 גרם דקיק,גרמים,400.00,100 גרם,false,,4.90,0.0123,true,1,1248429
7290013645371,false,עוגיות שוקולד ציפס 2,,,עוגיות שוקולד צ'יפס,גרמים,200.00,100 גרם,false,,18.90,0.0945,true,1,1346452
7290013652157,false,"ד""ר פישר - נטורל קר מגבונים להסרת איפור לעור רגיל יבש 30 יח' * 3","ד""ר פישר Dr fischer",IL,נטורל קר שלישיית מגבונים,יח',90.00,יח',false,,26.90,0.2989,true,1,1265264
7290013652164,false,"ד""ר פישר - נטורל קר מגבונים להסרת איפור לעור רגיש 30 יח' * 3","ד""ר פישר Dr fischer",IL,נטורל קר שלישיית מגבונים,יח',90.00,יח',false,,26.90,0.2989,true,1,1265265
7290013652171,false,"ד""ר פישר - נטורל קר מגבונים להסרת איפור לעור שמן מעורב 30 יח' * 3","ד""ר פישר Dr fischer",IL,נטורל קר שלישיית מגבונים,יח',90.00,יח',false,,26.90,0.2989,true,1,1265266
7290013652645,false,אוליביול Oliveyol קרם לטיפול ומניעת תפרחת חיתולים,"ד""ר פישר Dr fischer",IL,'אוליביול משחה לתינוק 100,גרמים,100.00,100 גרם,false,,29.90,0.2990,true,1,1277545
7290013652768,false,"מסכת החייאה לשיער יבש, צבוע ופגום Natural care","ד""ר פישר Dr fischer",IL,נטורל קר מסכה לשיער יבש/צ,מיליליטרים,450.00,"100 מ""ל",false,,34.90,0.0776,true,1,1265269
7290013652782,false,קרם לחות לשיער מתולתל Natural care,"ד""ר פישר Dr fischer",IL,נטורל קר קרם לחות לשיער מ,מיליליטרים,400.00,"100 מ""ל",false,,16.90,0.0422,true,1,1265271
7290013652799,false,קרם לחות לשיער רגיל Natural care,"ד""ר פישר Dr fischer",IL,נטורל קר קרם לחות לשיער ר,מיליליטרים,400.00,"100 מ""ל",false,,16.90,0.0422,true,1,1265272
7290013652805,false,"נטורל קר קרם לחות לשיער יבש צבוע פגום, 400 מ""ל","ד""ר פישר Dr fischer",IL,נטורל קר קרם לחות לשיער י,מיליליטרים,400.00,"100 מ""ל",false,,16.90,0.0422,true,1,1265273
7290013652843,false,שמפו נטורל קר לשיער רגיל ורדים וחלב רימונים,"ד""ר פישר Dr fischer",IL,נטורל קר שמפו לשיער רגיל,מיליליטרים,700.00,"100 מ""ל",false,,14.90,0.0213,true,1,1265277
7290013652850,false,שמפו נטורל קר לשיער יבש ופגום חינה ושמן ארגאן,"ד""ר פישר Dr fischer",IL,נטורל קר שמפו לשיער יבש/פ,מיליליטרים,700.00,"100 מ""ל",false,,14.90,0.0213,true,1,1265278
7290013652874,false,מרכך נטורל קר לשיער רגיל ורדים וחלב רימונים,"ד""ר פישר Dr fischer",IL,נטורל קר מרכך לשיער רגיל,מיליליטרים,700.00,"100 מ""ל",false,,14.90,0.0213,true,1,1265280
7290013652881,false,מרכך נטורל קר לשיער יבש ופגום חינה ושמן ארגאן,"ד""ר פישר Dr fischer",IL,נטורל קר מרכך לשיער יבש/פ,מיליליטרים,700.00,"100 מ""ל",false,,14.90,0.0213,true,1,1265281
7290013652904,false,נטורל קר שמפו+מרכך לשיער רגיל ורדים וחלב רימונים,"ד""ר פישר Dr fischer",IL,נטורל קר שמפו מרכך רגיל -,מיליליטרים,700.00,"100 מ""ל",false,,14.90,0.0213,true,1,1265283
7290013652935,false,שמפו נטורל קר לשיער רגיל יסמין ופרחי מגנוליה,"ד""ר פישר Dr fischer",IL,נטורל קר שמפו לשיער רגיל,מיליליטרים,700.00,"100 מ""ל",false,,14.90,0.0213,true,1,1265286
7290013655301,false,כוס יין+רגל 12 יחידו,,,כוס יין+רגל 12 יחידו,100 יח',12.00,100 יח',false,,15.90,1.3250,true,1,1273766
7290013655318,false,כוס שמפניה ארוז 12 י,,,כוס שמפניה ארוז 12 י,יחידה,0.00,יחידה,false,,14.90,0.0000,true,1,1815819
7290013655486,false,כוס ליקר ארוז 25 יחי,,,כוס ליקר ארוז 25 יחי,יחידה,0.00,יחידה,false,,6.90,0.0000,true,1,1273768
7290013655554,false,קערה 12 קריסטל,,,קערה 12 קריסטל,יחידה,0.00,יחידה,false,,12.90,0.0000,true,1,1273769
7290013655585,false,קערה 9.5 קריסטל,,,קערה 9.5 קריסטל,יחידה,0.00,יחידה,false,,9.90,0.0000,true,1,1273772
7290013655592,false,קערה 11 קריסטל,,,קערה 11 קריסטל,יחידה,0.00,יחידה,false,,9.90,0.0000,true,1,1273773
7290013677006,false,חומוס גדול באריזת וואקום Selected,מיה תעשיות מזון בעמ,IL,חומוס גדול סלקטד בוו,גרמים,500.00,100 גרם,false,,9.90,0.0198,true,1,1417834
7290013677013,false,גריסים בוואקום מיה 500 גר',,,גריסים סלקטד וואקום,גרמים,500.00,100 גרם,false,,8.90,0.0178,true,1,1417889
7290013677020,false,שעועית לבנה בוואקום מיה 500 גר',מיה תעשיות מזון בעמ,IL,שעועית לבנה סלקטד וו,גרמים,500.00,100 גרם,false,,8.90,0.0178,true,1,1417890
7290013677037,false,עדשים ירוקות באריזת וואקום Selected,מיה תעשיות מזון בעמ,IL,עדשים ירוקות סלקטד ו,גרמים,500.00,100 גרם,false,,9.90,0.0198,true,1,1417946
7290013677044,false,עדשים אדומים בוואקום מיה 500 גר',מיה תעשיות מזון בעמ,IL,עדשים אדומות סלקטד,גרמים,500.00,100 גרם,false,,9.90,0.0198,true,1,1417909
7290013677051,false,פופקורן גרגרים בוואקום מיה 500 גר',מיה תעשיות מזון בעמ,IL,פופקורן סלקטד בוואקו,גרמים,500.00,100 גרם,false,,9.90,0.0198,true,1,1417910
7290013677068,false,כוסמת בוואקום מיה 500 גר',מיה תעשיות מזון בעמ,IL,כוסמת סלקטד וואקום,גרמים,500.00,100 גרם,false,,8.90,0.0178,true,1,1417947
7290013677075,false,חיטה בוואקום מיה 500 גר',מיה תעשיות מזון בעמ,IL,חיטה סלקטד וואקום,גרמים,500.00,100 גרם,false,,8.90,0.0178,true,1,1417948
7290013677082,false,שעועית אדומה בוואקום מיה 500 גר',מיה תעשיות מזון בעמ,IL,שעועית אדומה סלקטד ו,גרמים,500.00,100 גרם,false,,9.90,0.0198,true,1,1417911
7290013677099,false,גריסי פנינה בוואקום מיה 500 גר',מיה תעשיות מזון בעמ,IL,גריסים פנינה סלקטד ו,גרמים,500.00,100 גרם,false,,8.90,0.0178,true,1,1417891
7290013677112,false,בורגול באריזת וואקום Selected,מיה תעשיות מזון בעמ,IL,בורגול סלקטד וואקום,גרמים,500.00,100 גרם,false,,8.90,0.0178,true,1,1417949
7290013677129,false,שעועית מעורבת בוואקום מיה 500 גר',מיה תעשיות מזון בעמ,IL,שעועית מעורבת סלקטד,יחידה,0.00,יחידה,false,,9.90,0.0000,true,1,1417913
7290013677136,false,חומוס לבן ענק בוואקום יבש 500 גר',מיה תעשיות מזון בעמ,IL,חומוס לבן ענק סלקטד,גרמים,500.00,100 גרם,false,,10.90,0.0218,true,1,1417892
7290013677211,false,תן צ'אפ כריות בטעם קטשופ 50גרם,מיה תעשיות מזון,IL,תן צ'אפ כריות בטעם קטשופ,יחידה,0.00,יחידה,false,,3.90,0.0000,true,1,1249045
7290013677228,false,תן צ'אפ כריות בטעם פלאפל 50גרם,מיה תעשיות מזון,IL,תן צ'אפ כריות בטעם פלאפל,גרמים,50.00,100 גרם,false,,3.90,0.0780,true,1,1249046
7290013677259,false,תבלין זעתר 50 גרם שקית,מיה תעשיות מזון בעמ,IL,זעתר 50גרם שקית,גרמים,50.00,100 גרם,false,,4.90,0.0980,true,1,1249047
7290013677266,false,תבלין לפיצה 80 גרם-שקית,מיה תעשיות מזון בעמ,IL,תבלין לפיצה 80גרם שקית,גרמים,80.00,100 גרם,false,,4.90,0.0613,true,1,1249048
7290013677273,false,תבלין גריל דג 80 גרם-שקית,מיה תעשיות מזון,IL,גריל דג 80גרם שקית,גרמים,80.00,100 גרם,false,,4.90,0.0613,true,1,1249049
7290013677280,false,תבלין ציפורן שלם 40 גרם שקית,מיה תעשיות מזון בעמ,IL,ציפורן שלם 40גרם גרם שקית,גרמים,40.00,100 גרם,false,,4.90,0.1225,true,1,1249050
7290013677303,false,תבלין חוויג תימני 50 גרם שקית,מיה תעשיות מזון בעמ,IL,חוואיג' תימני 50גרם שקית,גרמים,50.00,100 גרם,false,,4.90,0.0980,true,1,1249052
7290013677310,false,תבלין גרילבשר 80 גרם שקית,מיה תעשיות מזון,IL,גריל בשר 80גרם שקית,גרמים,80.00,100 גרם,false,,4.90,0.0613,true,1,1249053
7290013677327,false,תבלין אבקת קארי 80 גרם-שקית,מיה תעשיות מזון,IL,אבקת קארי 80גרם שקית,גרמים,80.00,100 גרם,false,,4.90,0.0613,true,1,1249054
7290013677334,false,תבלין על האש 50 גרם שקית,מיה תעשיות מזון בעמ,IL,תבלין על האש 50גרם שקית,גרמים,50.00,100 גרם,false,,4.90,0.0980,true,1,1249055
7290013677372,false,ג'לילנד - ג'ליבינס - תפוח /דובדבן - 100גרם *(12יח'),מיה תעשיות מזון,IL,ג'לי לנד תפוח דובדבן 100ג,גרמים,100.00,100 גרם,false,,4.90,0.0490,true,1,1249059
7290013677419,false,תן צ'אפ טבעות שמנת בצל 50גרם,מיה תעשיות מזון,IL,תן צ'אפ טבעות שמנת בצל 50,גרמים,50.00,100 גרם,false,,3.90,0.0780,true,1,1249061
7290013677426,false,תן צ'אפ גלגלים צ'ילי 50גרם,מיה תעשיות מזון,IL,תן צ'אפ גלגלים צ'ילי 50גר,גרמים,50.00,100 גרם,false,,3.90,0.0780,true,1,1249062
7290013677563,false,קינואה אדומה יבשה מיה 500 גר',,,קינואה אדומה 500 גר,גרמים,500.00,100 גרם,false,,14.90,0.0298,true,1,1717954
7290013677648,false,שמן זית למאור 1 ליטר,מיה תעשיות מזון בעמ,IL,שמן זית למאור 1ליטר בד''ץ,ליטרים,1.00,ליטר,false,,18.90,18.9000,true,1,1249064
7290013677655,false,סודה לשתייה 600גרם צנצנת,מיה תעשיות מזון בעמ,IL,סודה לשתיה 600גרם,גרמים,600.00,100 גרם,false,,19.90,0.0332,true,1,1249065
7290013677662,false,תבלין מלח לימון400 גרם,מיה תעשיות מזון בעמ,IL,מלח לימון 500גרם,גרמים,300.00,100 גרם,false,,19.90,0.0663,true,1,1249066
7290013677679,false,סודה לשתייה 80גרם שקית,מיה תעשיות מזון בעמ,IL,סודה לשתיה 80גרם שקית,גרמים,80.00,100 גרם,false,,4.90,0.0613,true,1,1249067
7290013677686,false,תבלין פפריקה מרוקאית 80 גרם בשקית,מיה תעשיות מזון בעמ,IL,פפריקה מרוקאית בשמן 80גרם,גרמים,80.00,100 גרם,false,,4.90,0.0613,true,1,1249068
7290013677693,false,תבלין פלפל שחור גרוס שקית 50 גרם,מיה תעשיות מזון בעמ,IL,פלפל שחור גרוס 50גרם שקית,גרמים,50.00,100 גרם,false,,6.90,0.1380,true,1,1249069
7290013677747,false,"שוקו של מיה 500גרם בשקית בד""ץ",מיה תעשיות מזון,IL,שוקו של מיה 500גרם בשקית,גרמים,500.00,100 גרם,false,,9.90,0.0198,true,1,1249073
7290013702708,false,"שוופס מוגז עדין אננס זכוכית 330 מ""ל",יפאורה תבורי בעמ,IL,"שוופס אננס 330 מ""ל",מיליליטרים,330.00,"100 מ""ל",false,,5.90,0.0179,true,1,1239986
7290013713001,false,בירה גמס אמבר אייל ב,"אביר הבר בע""מ",IL,בירה ג'מס,ליטרים,0.33,100 ליטר,false,,12.90,39.0909,true,1,2253867
7290013713124,false,בירה ג'מס בקבוקי פיל,"אביר הבר בע""מ",IL,בירה ג'מס בקבוקי פיל,ליטרים,0.33,100 ליטר,false,,12.90,39.0909,true,1,2279758
7290013724939,false,חטיף חמוציות בשוקולד מריר 160,דין שיווק,IL,חמוציות בשוקולד מריר,גרמים,140.00,100 גרם,false,,9.90,0.0707,true,1,1263758
7290013724946,false,משוקלדים שקד מריר 160 גר' קופסא,"דין שיווק וקליה בע""מ",IL,שקדים בשוקולד מריר 1,גרמים,140.00,100 גרם,false,,9.90,0.0707,true,1,1263759
7290013724960,false,משוקלדים שקד חלב 160 גר' קופסא,"דין שיווק וקליה בע""מ",IL,שקדים בשוקולד חלב 14,גרמים,140.00,100 גרם,false,,9.90,0.0707,true,1,1263761
7290013724991,false,משוקולדים לוז חלב 160 גר' סקופסא,דין שיווק,IL,אגוזי לוז בשוקולד חל,גרמים,140.00,100 גרם,false,,9.90,0.0707,true,1,1263764
7290013725639,false,רוטב צילי חריף סו שף,"דין שיווק וקליה בע""מ",TH,רוטב צילי חריף 700 ג,גרמים,700.00,100 גרם,false,,7.90,0.0113,true,1,1242924
7290013725646,false,רוטב צילי מתוק סו שף,"דין שיווק וקליה בע""מ",TH,רוטב צילי מתוק 700 ג,גרמים,700.00,100 גרם,false,,7.90,0.0113,true,1,1242925
7290013725820,false,משוקלדים לוז מריר 160 גר' קופסא,"דין שיווק וקליה בע""מ",IL,אגוזי לוז בשוקולד מר,גרמים,140.00,100 גרם,false,,9.90,0.0707,true,1,1263765
7290013725837,false,חטיף שומשום בשוקולד חלב 160גר,"דין שיווק וקליה בע""מ",,שומשום בשוקולד חלב 1,גרמים,140.00,100 גרם,false,,9.90,0.0707,true,1,1263766
7290013725844,false,חטיף שומשום בשוקולד מריר 160ג,"דין שיווק וקליה בע""מ",,שומשום בשוקולד מריר,גרמים,140.00,100 גרם,false,,9.90,0.0707,true,1,1263767
7290013787156,false,רוטב שמנת גראנה פדאנו 200 גרם ריקו - בית יוסף,קריניסה ויטמין אס אי,IL,רוטב שמנת גראנה פאדנ,גרמים,200.00,100 גרם,false,,13.90,0.0695,true,1,2153901
7290013787170,false,רוטב שמנת פטריות ריק,קריניסה ויטמין אס אי,IL,רוטב שמנת פטריות 200,גרמים,200.00,100 גרם,false,,13.90,0.0695,true,1,2153903
7290013787392,false,רביולי גבינות קלאסי 330 גרם ריקו בית יוסף,יוניליוור גרמניה Gm,IL,רביולי גבינות קלאסי,גרמים,330.00,100 גרם,false,,26.90,0.0815,true,1,2153908
7290013787422,false,רביולי פלין פטריות - כמהין 330 גרם ריקו בית יוסף,פסטה ריקו Pasta Ricco,,פלין פטריות בטעם כמה,גרמים,330.00,100 גרם,false,,26.90,0.0815,true,1,2153911
7290013801845,false,כוסות מעוטרות כסף 50,,,כוסות מעוטרות כסף 50,100 יחידה,50.00,100 יחידה,false,,13.90,0.2780,true,1,1273778
7290013847102,false,נתחי טונה בהירה בשמן - מארז שלישיה,סטארקיסט Starkist,,טונה בשמן סטארקיסט ש,גרמים,240.00,100 גרם,false,,12.90,0.0538,true,1,2233514
7290013847386,false,נתחי טונה לייט במים ושמן קנולה בטעם טבעי 4%,סטארקיסט Starkist,IL,טונה ס.ק לייט 4 % שו,גרמים,140.00,100 גרם,false,,7.90,0.0564,true,1,1735234
7290013847393,false,נתחי טונה לייט 4% שומן עם עשבי תיבול 140 ג' סטארקיסט,סטארקיסט Starkist,IL,טונה ס.ק לייט 4 % שו,גרמים,140.00,100 גרם,false,,7.90,0.0564,true,1,1735235
7290013847409,false,נתחי טונה לייט במים ושמן קנולה עם לימון ופלפל חריף 4%,סטארקיסט Starkist,IL,טונה ס.ק לייט 4 % שו,גרמים,140.00,100 גרם,false,,7.90,0.0564,true,1,1735236
7290013847454,false,טונה בשמן קנולה סטארקיסט 4*160 ג',קריות זול,,טונה סטארקיסט רביעיה,גרמים,640.00,100 גרם,false,,24.90,0.0389,true,1,2217134
7290013847553,false,נתחי טונה בהירה במים דל נתרן - מארז רביעיה,"סטארקיסט פודור בע""מ",TH,טונה סטארקיסט רביעיה,גרמים,640.00,100 גרם,false,,24.90,0.0389,true,1,1991947
7290013847645,false,סטארקיסט טונה בשמן זית 80 גר' שלישיות - בית,סטארקיסט Starkist,TR,טונה סטארקיסט שלישיי,גרמים,240.00,100 גרם,false,,19.90,0.0829,true,1,1954565
7290013847812,false,נתחי טונה בהירה בשמן זית כתית מעולה Yellowfin,סטארקיסט Starkist,,טונה ילופין בשמן זית,גרמים,140.00,100 גרם,false,,8.90,0.0636,true,1,1795661
7290013847867,false,מארז זוג טונה בשמן סויה 140 ג' סטארקיסט,טונה ויטנאם קו. אל.ט,IL,מארז זוג טונה סטארקי,גרמים,280.00,100 גרם,false,,12.90,0.0461,true,1,2083308
7290013848017,false,תרסיס ניקוי והברקת נירוסטה,"סנו מפעלי ברונוס בע""",IL,סנו נירוסטה מרסס 500,מיליליטרים,500.00,"100 מ""ל",false,,19.90,0.0398,true,1,1840322
7290013848055,false,קרמה מן קרם גוף בניחוח גברי 400 מ' ל,,,קרם גוף קרמה מן בניח,מיליליטרים,400.00,"100 מ""ל",false,,24.90,0.0622,true,1,1405923
7290013848345,false,מארז מטליות לחיטוי וניקוי יסודי אנטיבקטריאלי 99.9%,סנו מפעלי ברונוס בעמ,IL,מארז שלישיה מגבונים,יח',150.00,יח',false,,19.90,0.1327,true,1,2020683
7290013848383,false,ג'ל רחצה לגבר 12 שעות של הגנה Active block,טרופיקל דגיל תעשיות,IL,קמה מן ג'ל רחצה אקטיב700,מיליליטרים,700.00,"100 מ""ל",false,,18.90,0.0270,true,1,1235982
7290013848420,false,"קרמה מן דאודורנט ג'ל אקטיב 70 מ""ל",גוד פוד פרודקטס S.p,IL,70 דאו.קרמה מן ג'ל אקטיב,מיליליטרים,70.00,"100 מ""ל",false,,14.90,0.2129,true,1,1235983
7290013848437,false,"קרמה - דאודורנט ספריי לגבר אקטיב בלוק 200 מ""ל",מיוצר עי אמיליה קוסמ,IL,דאו.קרמה מן אקטיב 200מל,מיליליטרים,200.00,"100 מ""ל",false,,11.90,0.0595,true,1,1235984
7290013848611,false,רדיד אלומיניום עבה וחזק 61 מטר,סנו סושי,IL,רדיד אלומיניום עבה 61מטר,מטרים,61.00,מטר,false,,39.90,0.6541,true,1,1235994
7290013848758,false,סנו - מקסימה ג'ל כביסה מרוכז בייבי 3 ליטר,"סנו מפעלי ברונוס בע""",IL,ג'ל לכביסה בייבי 3 ליטר,ליטרים,3.00,ליטר,false,,34.90,11.6333,true,1,1236004
7290013848796,false,אל סבון מוצק שקד - מארז רביעיה,קוסמופארם,IL,100 *4 סבון מוצק כיף שקד,גרמים,400.00,100 גרם,false,,10.90,0.0273,true,1,1236008
7290013848819,false,אל סבון כיף מוצק לוטוס מארז 100X4ג',קוסמופארם,IL,100*סבון מוצק כיף לוטוס4,גרמים,400.00,100 גרם,false,,10.90,0.0273,true,1,1236010
7290013848826,false,אל סבון מוצק קוקוס וניל - מארז רביעיה,קוסמופארם,IL,סבון מוצק כיף קוקס4*100ג,גרמים,400.00,100 גרם,false,,10.90,0.0273,true,1,1236011
7290013848833,false,כיף סבון מוצק אצות ים 100 ג' *4 יח',קוסמופארם,IL,סבון מוצק כיף רגיל4*100ג,גרמים,400.00,100 גרם,false,,10.90,0.0273,true,1,1236012
7290013861054,false,משוקלדים צימוק חלב 140 ג' קופסא,"דין שיווק וקליה בע""מ",IL,צימוקים בשוקולד חלב,גרמים,140.00,100 גרם,false,,9.90,0.0707,true,1,1263768
7290013861740,false,ניוקי תפוחי אדמה סו שף 500 ג',סו שף Su Chef,,ניוקי 500 גרם,גרמים,500.00,100 גרם,false,,8.90,0.0178,true,1,1242932
7290013863683,false,L.L שמפו נגד קשקשים 500 מל,,,שמפו נגד קשקשים 500,מיליליטרים,500.00,"100 מ""ל",false,,14.90,0.0298,true,1,1243116
7290013883148,false,הפי סופג ריחות במקרר,יעקבי - הפי Hepi,IT,הפי סופג ריחות במקרר,יחידה,0.00,יחידה,false,,9.90,0.0000,true,1,1241115
7290013883407,false,"מרסס דזיטול לחיטוי כללי 750 מ""ל",יעקבי - דזיטול Desytol,ES,דזיטול מרסס לחיטוי,מיליליטרים,750.00,"100 מ""ל",false,,14.90,0.0199,true,1,1241125
7290013903051,false,מחית תפוחי עץ אורגני,,,מחית תפוחי עץ אורגני,גרמים,452.00,100 גרם,false,,14.90,0.0330,true,1,2158568
7290013903273,false,אדממה אורגני פולי סו,זהג'יאנג קינגסור פוד,CN,אדממה אורגני פולי סו,גרמים,500.00,100 גרם,false,,9.90,0.0198,true,1,2188442
7290013903464,false,פולי סויה אורגנים קלופים מוקפאים,זהג'יאנג קינגסור,CN,פולי סויה אורגנים קל,גרמים,500.00,100 גרם,false,,14.90,0.0298,true,1,2188444
7290013906052,false,נקניקיות פרגיות טירת צבי 300 גר',הנסיך- מפעל לייצור ט,IL,נקניקיות פרגיות 300,גרמים,300.00,100 גרם,false,,11.90,0.0397,true,1,1283207
7290013906205,false,פסטרמה עם שום וצילי טירת צבי 400 ג',הנסיך- מפעל לייצור ט,IL,פסטרמה שום וצילי 400 גרם,גרמים,400.00,100 גרם,false,,26.90,0.0672,true,1,1255094
7290013906212,false,"נקנקיות וינר טירת 1 ק""ג טירת צבי",הנסיך- מפעל לייצור ט,IL,טירת צבי נקניקיות וינר 1,קילוגרמים,1.00,"ק""ג",false,,26.90,26.9000,true,1,1283214
7290013906236,false,סלמי גלבוע טירת צבי 400 ג`,הנסיך- מפעל לייצור ט,IL,סלמי גלבוע 400 ג',גרמים,400.00,100 גרם,false,,24.90,0.0622,true,1,1283215
7290013906441,false,קבנוס 120 ג' טירת צבי,הנסיך- מפעל לייצור ט,IL,קבנוס טירת צבי 120 גר',גרמים,120.00,100 גרם,false,,9.90,0.0825,true,1,1255095
7290013906458,false,קבנוס טעם פיקנטי טירת צבי 120 ג',הנסיך- מפעל לייצור ט,IL,קבנוס פיקנטי טירת צבי 120,גרמים,120.00,100 גרם,false,,9.90,0.0825,true,1,1255096
7290013906489,false,חטיפי מיני קבנוס 120 ג' טירת צבי,הנסיך- מפעל לייצור ט,IL,חטיפי קבנוס טירת צבי 120,גרמים,120.00,100 גרם,false,,9.90,0.0825,true,1,1255097
7290013906496,false,פסטרמה עגל בסגנון רומני,הנסיך- מפעל לייצור ט,IL,פסטרמה עגל בסגנון רומני ט,גרמים,120.00,100 גרם,false,,14.90,0.1242,true,1,1283208
7290013906519,false,טירת צבי פרושוטו בקר,הנסיך- מפעל לייצור ט,IL,פרושוטו בקר טירת צבי 100,גרמים,100.00,100 גרם,false,,23.90,0.2390,true,1,1283209
7290013927200,false,עוגת שוקולד צ'יפס עשירה אחווה 400ג',אחדות ביחר לטחינה חל,IL,עוגת שוקולד צי'פס עשירה 4,גרמים,400.00,100 גרם,false,,10.90,0.0273,true,1,1224510
7290013927323,false,אחדות עוגת בראוניס 400 גרם,אחדות ביחר לטחינה חל,IL,עוגת בראוניס 400 גרם,גרמים,400.00,100 גרם,false,,10.90,0.0273,true,1,2132079
7290013927637,false,חלווה ללא תוספת סוכר 400 גר' אחוה,אחדות ביחר לטחינה חל,IL,חלוה ללא תוספת סוכר,גרמים,400.00,100 גרם,false,,12.90,0.0323,true,1,2136172
7290013939319,false,שמן טיפולי לשיער תמר,ש.שוורץ,IL,שמן טיפולי לשיער תמרים 10,מיליליטרים,100.00,"100 מ""ל",false,,39.90,0.3990,true,1,1243416
7290013939326,false,מסכה לשיער תמרים 500,ש.שוורץ,IL,"מסכה לשיער תמרים500 סמ""ק",מיליליטרים,500.00,"100 מ""ל",false,,39.90,0.0798,true,1,1243417
7290013939340,false,קרם גוף תמרים 500,ש.שוורץ,IL,"קרם גוף תמרים500 סמ""ק",מיליליטרים,500.00,"100 מ""ל",false,,29.90,0.0598,true,1,1243419
7290013939654,false,תרסיס ג'ל אלוורה,שוורץ,IL,"תרסיס ג'ל אלוורה 250 סמ""ק","100 סמ""ק",250.00,"100 סמ""ק",false,,19.90,0.0796,true,1,1243427
7290013940650,false,קרם רגליים לעור יבש,שוורץ,IL,"קרם רגליים 150סמ""ק לכף הר",מיליליטרים,150.00,"100 מ""ל",false,,14.90,0.0993,true,1,1243432
7290013941411,false,יאלוט חטיף חטיף רך ל,,,יאלוט חטיף חטיף רך ל,יחידה,0.00,יחידה,false,,14.90,0.0000,true,1,2264424
7290013994011,false,אורז ארוך מלא אורגני,אול אורגני,IL,אורז חום מלא ארוך אורגני,גרמים,500.00,100 גרם,false,,12.90,0.0258,true,1,1226980
7290013994028,false,אורז חום מלא עגול או,אול אורגני,IL,אורז חום מלא עגול אורגני,גרמים,500.00,100 גרם,false,,12.90,0.0258,true,1,1226981
7290013994219,false,עדשים חומות הרדוף או,,,עדשים חומות,גרמים,500.00,100 גרם,false,,11.90,0.0238,true,1,1226987
7290013994295,false,קינואה אדומה אורגנית,הרדוף,,קינואה אדומה אורגנית,גרמים,500.00,100 גרם,false,,24.90,0.0498,true,1,1417615
7290013994301,false,קינואה שחורה אורגנית,,,קינואה שחורה אורגנית,גרמים,500.00,100 גרם,false,,24.90,0.0498,true,1,1417593
7290013994547,false,אורז בסמטי חום אורגני,הרדוף,,אורז בסמטי מלא 500 ג,גרמים,500.00,100 גרם,false,,12.90,0.0258,true,1,1326109
7290013994554,false,אורז בסמטי לבן אורגני,הרדוף,,אורז בסמטי לבן אורגנ,גרמים,500.00,100 גרם,false,,12.90,0.0258,true,1,1417401
7290013994578,false,סובין שיבולת שועל 30,,,סובין שיבולת שועל 30,גרמים,300.00,100 גרם,false,,9.90,0.0330,true,1,1326150
7290013994585,false,גרעיני דלעת קלופים אורגניים,אול אורגני,IL,גרעיני דלעת קלופים א,גרמים,300.00,100 גרם,false,,24.90,0.0830,true,1,1417566
7290013994653,false,קינואה רויאל אורגנית,אול אורגני,IL,קינואה רויאל אורגנית,גרמים,500.00,100 גרם,false,,17.90,0.0358,true,1,1417596
7290013994677,false,עדשים שחורות אורגניות,אול אורגני,IL,עדשים שחורות אורגניו,גרמים,500.00,100 גרם,false,,19.90,0.0398,true,1,1326130
7290013994684,false,אפונה ירוקה חצויה אורגנית,אול אורגני,IL,אפונה ירוקה חצויה או,גרמים,500.00,100 גרם,false,,14.90,0.0298,true,1,1326131
7290013994714,false,ממרח סויה חרובים ואג,ברינקס פוד,NL,ממרח סויה חרובים ואג,גרמים,350.00,100 גרם,false,,19.90,0.0569,true,1,1417383
7290013994752,false,מקלות בייגלה עם מלח,,,מקלות בייגלה עם מלח,גרמים,200.00,100 גרם,false,,12.90,0.0645,true,1,1633258
7290013994769,false,בייגלה מקלות שומשום מקמח מלא,הרדוף,,מקלות בייגלה עם שומש,גרמים,200.00,100 גרם,false,,12.90,0.0645,true,1,1633259
7290014002128,false,תה ירוק לימונית ומנטה 25 שקיקים ויסוצקי,ויסוצקי ירוק,IL,תה ירוק לימונית מנטה,גרמים,37.50,100 גרם,false,,22.90,0.6107,true,1,1253915
7290014002135,false,תה ויסוצקי ירוק מיקס 5 טעמים 25 יח',HIQ FOOD PRODUCTS,IL,תה ירוק מיקס,גרמים,37.50,100 גרם,false,,22.90,0.6107,true,1,1253916
7290014002197,false,ויסוצקי חליטת קמומיל ולימונית 25*1.5ג,ויסוצקי,IL,חליטת קמומיל ולימונית,גרמים,62.50,100 גרם,false,,16.90,0.2704,true,1,1253919
7290014002203,false,תה ויסוצקי חליטת לימונית ולואיזה 20יח',HIQ FOOD PRODUCTS,IL,חליטת לימונית ולואיזה,גרמים,62.50,100 גרם,false,,16.90,0.2704,true,1,1253920
7290014002579,false,ויסוצקי תה ירוק וניל 37.5 גר,ויסוצקי ירוק,IL,תה ירוק וניל,גרמים,37.50,100 גרם,false,,22.90,0.6107,true,1,1253921
7290014002944,false,גן קסום חליטת פירות וצמחים חמדת שקד 25 שקיקים,HIQ FOOD PRODUCTS,IL,חליטת חמדת השקד,גרמים,62.50,100 גרם,false,,16.90,0.2704,true,1,1253929
7290014002982,false,תה ירוק לימונית לואיזה בתוספת עלי סטיביה 25 שקיקים,ויסוצקי ירוק,IL,תה ירוק סטיביה,גרמים,37.50,100 גרם,false,,22.90,0.6107,true,1,1253931
7290014046012,false,יאלוט חטיף חטיף רך ל,,,יאלוט חטיף חטיף רך ל,יחידה,0.00,יחידה,false,,14.90,0.0000,true,1,2264426
7290014046047,false,צמד פסטרמות 600 ג' יחיעם,מעדני יחיעם 1993,IL,צמד פסטרמות 600גר',גרמים,600.00,100 גרם,false,,24.90,0.0415,true,1,1287582
7290014046436,false,נשנושי קבנוס 125 ג' יחיעם,מעדני יחיעם 1993,IL,נשנושי קבנוס 125גר',גרמים,125.00,100 גרם,false,,12.90,0.1032,true,1,1257382
7290014046474,false,"נקניקיות עוף 1.5 ק""ג יחיעם",יחיעם,IL,נקניקיות עוף,קילוגרמים,1.50,"ק""ג",false,,25.90,17.2667,true,1,1426458
7290014046580,false,פסטרמה מעודנת על גחלים 300 ג' יחיעם,מעדני יחיעם 1993,IL,פסט' הודו מעודנת על גחלים,גרמים,300.00,100 גרם,false,,24.90,0.0830,true,1,1257391
7290014046764,false,סלמי פפרוני יחיעם 20,,,סלמי פפרוני,גרמים,200.00,100 גרם,false,,10.90,0.0545,true,1,1757273
7290014047001,false,יאלוט חטיף חטיף רך ל,,,יאלוט חטיף חטיף רך ל,יחידה,0.00,יחידה,false,,14.90,0.0000,true,1,2264427
7290014059085,false,"סנוסדין משחת שיניים לשיקום והגנה 75 מ""ל",סמית קליין ביצ'ם,GB,סנסודיין משחה לשיקום והגנ,מיליליטרים,75.00,"100 מ""ל",false,,23.90,0.3187,true,1,1260494
7290014059436,false,"סנסודיין משחת שיניים לשיקום והגנה מלבינה 75 מ""ל",סמית קליין ביצ'ם,GB,75 סנסודיין שיקום והגנה מ,מיליליטרים,75.00,"100 מ""ל",false,,23.90,0.3187,true,1,1260501
7290014066359,false,לנדוור-קפסולות אספרסו בלנסד(06) - 10יח'12X יח,האחים פלם הגפן,IL,קפסולות קפה לנדוור 1,גרמים,80.00,100 גרם,false,,15.90,0.1988,true,1,2001253
7290014066366,false,לנדוור-קפסולות אספרסו ריסטרטו(08) - 10יח'12X יח,קפה לנדוור,IL,קפסולות קפה לנדוור 1,גרמים,80.00,100 גרם,false,,15.90,0.1988,true,1,2001254
7290014066373,false,לנדוור-קפסולות אספרסו קלאסיק(09) - 10יח'12X יח,קפה לנדוור,IL,קפסולות קפה לנדוור 1,גרמים,80.00,100 גרם,false,,15.90,0.1988,true,1,2001255
7290014066380,false,לנדוור-קפסולות אספרסו סופרימו(10) - 10יח'12X יח,קפה לנדוור,IL,קפסולות קפה לנדוור 1,גרמים,80.00,100 גרם,false,,15.90,0.1988,true,1,2001256
7290014066526,false,לנדוור-קפסולות אספרסו תערובת הבית(11) - 10יח'12X יח,קפה לנדוור,IL,קפסולות קפה לנדוור 1,גרמים,80.00,100 גרם,false,,15.90,0.1988,true,1,2150592
7290014066533,false,לנדוור-קפסולות אספרסו קלייה כפולה(12) - 10יח'12X יח,לנדוור,IL,קפסולות קפה לנדוור 1,גרמים,80.00,100 גרם,false,,15.90,0.1988,true,1,2150593
7290014083165,false,וילי פוד ניוקי 500ג,פסטה איטליאנה Pasta Italiana,IT,ניוקי 500גרם ( 12יח'),גרמים,500.00,100 גרם,false,,8.90,0.0178,true,1,1226639
7290014083806,false,עוגיות בטעם חמאה .400 ג',דן קייק,PT,עוגיות בטעם חמאה 350גרם (,גרמים,350.00,100 גרם,false,,11.90,0.0340,true,1,1226657
7290014083813,false,וילי פוד מריגה שפרוטים מעושנים בשמן 190ג,הנסיך- מפעל לייצור ט,LV,שפרוטים מעושנים בשמן 190ג,גרמים,190.00,100 גרם,false,,7.90,0.0416,true,1,1226658
7290014094338,false,גרעיני דלעת קלופים ש,"דין שיווק וקליה בע""מ",,דלעת מקולפת 200 גרם,גרמים,200.00,100 גרם,false,,14.90,0.0745,true,1,1242934
7290014094345,false,גרעיני חמניות קלופות,"דין שיווק וקליה בע""מ",,חמניה מקולפת 200 גרם,גרמים,200.00,100 גרם,false,,9.90,0.0495,true,1,1242935
7290014094352,false,אגוזי מלך בקופסא 200 ג',"דין שיווק וקליה בע""מ",,אגוזי מלך 200 גרם בק,גרמים,200.00,100 גרם,false,,19.90,0.0995,true,1,1242936
7290014094369,false,ששון הקולה שקד טבעי,"דין שיווק וקליה בע""מ",IL,שקד טבעי 200 גרם בקו,גרמים,200.00,100 גרם,false,,19.90,0.0995,true,1,1242937
7290014094376,false,שזיפים ללא גלעין ששו,"דין שיווק וקליה בע""מ",,שזיף ללא גלעין 250 ג,גרמים,250.00,100 גרם,false,,19.90,0.0796,true,1,1242938
7290014094383,false,משמש מיובש ששון הקול,"דין שיווק וקליה בע""מ",,משמש 250 גרם בקופסא,גרמים,250.00,100 גרם,false,,19.90,0.0796,true,1,1242939
7290014094390,false,חמוציות מסוכרות ששון,"דין שיווק וקליה בע""מ",,חמוציות 250 גרם בקופ,גרמים,250.00,100 גרם,false,,12.90,0.0516,true,1,1242940
7290014094406,false,צימוק לבן 330 ג' בקופסא,"דין שיווק וקליה בע""מ",,צימוק לבן 250 גרם בק,גרמים,250.00,100 גרם,false,,14.90,0.0596,true,1,1242941
7290014094505,false,אורז בסמתי טהור אהרוני 1 ק''ג,האי נאם סי או אל.טי.,IN,"אורז בסמטי 1 ק""ג",קילוגרמים,1.00,"ק""ג",false,,12.90,12.9000,true,1,1242949
7290014094628,false,פקאן טבעי 200 ג' בקופסא,ששון הקולה,,פקאן טבעי 200 גרם בק,גרמים,200.00,100 גרם,false,,22.90,0.1145,true,1,1242958
7290014094642,false,קשיו טבעי גדול בקופס,"דין שיווק וקליה בע""מ",,קשיו טבעי גדול 200 ג,גרמים,200.00,100 גרם,false,,24.90,0.1245,true,1,1242960
7290014095472,false,חטיף דגנים עם חמוציות ושוקולד מריר 125 ג',דין שיווק,MK,חטיף דגנים עם חמוציו,גרמים,125.00,100 גרם,false,,9.90,0.0792,true,1,1242962
7290014095496,false,חטיף דגנים עם אגוזים ושוקלד מריר 125 ג',דין שיווק,MK,חטיף דגנים אגוזים בש,גרמים,125.00,100 גרם,false,,9.90,0.0792,true,1,1242963
7290014095861,false,שיבולת שועל דקה להכנה מהירה,"דין שיווק וקליה בע""מ",IL,שיבולת שועל דקה 500,גרמים,500.00,100 גרם,false,,4.90,0.0098,true,1,1242975
7290014095946,false,משוקלדים פקאן בשוקולד מריר 140 גרם,"דין שיווק וקליה בע""מ",IL,פקאן בשוקולד מריר 14,גרמים,140.00,100 גרם,false,,9.90,0.0707,true,1,1263772
7290014095953,false,משוקלדים פקאן בשוקולד חלב 140 ג',שקדיה גבע בתעשיות עמ,IL,פקאן בשוקולד חלב 140,גרמים,140.00,100 גרם,false,,9.90,0.0707,true,1,1263773
7290014095960,false,שיבולת שועל עבה להכנה מהירה,"דין שיווק וקליה בע""מ",IL,שיבולת שועל עבה 500,גרמים,500.00,100 גרם,false,,4.90,0.0098,true,1,1242976
7290014126343,false,עוגיות בישקוטים וניל,Bonomi,,ביסקוטים בונומי קקאו,גרמים,200.00,100 גרם,false,,4.90,0.0245,true,1,1483374
7290014126428,false,סוכרלוז סטיביה 150 ג,מיוצר עי קונדיטוריית,CN,מר' סטיביה 150טבליות,יח',150.00,יח',false,,26.90,0.1793,true,1,1288747
7290014126473,false,בייבי ביס חטיף אורז בטעם תפוח,,,חטיפי אורז בייבי ביס,גרמים,50.00,100 גרם,false,,11.90,0.2380,true,1,1576814
7290014204027,false,פנינה רוזנבלום-שמפו יומי ורוד 750,א.ארמן,IL,"שמפו יומי 750 מ""ל",מיליליטרים,750.00,"100 מ""ל",false,,12.90,0.0172,true,1,1261793
7290014204034,false,פנינה מרכך יומי 750 מ'ל,א.ארמן,IL,"מרכך יומי 750 מ""ל",מיליליטרים,750.00,"100 מ""ל",false,,12.90,0.0172,true,1,1261794
7290014204478,false,"פנינה קרם גוף מס' 4 340 מ""ל",א.ארמן,IL,קרם גוף פנינה מס 4,מיליליטרים,340.00,"100 מ""ל",false,,24.90,0.0732,true,1,1261795
7290014204645,false,שמפו לאחר החלקה מועשר בקרטין,פנינה רוזנבלום PR,,שמפו לאחר החלקה 750,מיליליטרים,750.00,"100 מ""ל",false,,24.90,0.0332,true,1,1310630
7290014204652,false,מרכך שיער משקם 750 מ,,,מרכך שיער משקם 750 מ,מיליליטרים,750.00,"100 מ""ל",false,,24.90,0.0332,true,1,1310631
7290014204713,false,"פנינה תרסיס לגוף 250 מ""ל",,,"תרסיס גוף 250 מ""ל",מיליליטרים,250.00,"100 מ""ל",false,,29.90,0.1196,true,1,1299228
7290014204928,false,קרם לחות לגבר טוסקן,,,קרם לחות לגבר טוסקן,מיליליטרים,290.00,"100 מ""ל",false,,24.90,0.0859,true,1,1738919
7290014204942,false,דאודוראנט לגבר טוסקן,,,דאודוראנט לגבר טוסקן,מיליליטרים,150.00,"100 מ""ל",false,,14.90,0.0993,true,1,1738921
7290014217003,false,תבלין פפריקה מעושנת מיכל 90ג',תות ממתקי איכות,IL,מיכל פפריקה מעושנת 90 גר',גרמים,90.00,100 גרם,false,,7.90,0.0878,true,1,1264132
7290014217065,false,תבלין אורגנו עלים 30 גר',תות ממתקי איכות,IL,מיכל אורגנו 30 גר',גרמים,30.00,100 גרם,false,,5.90,0.1967,true,1,1264138
7290014217119,false,תערובת לצ'יפס מיכל 100 ג',תות ממתקי איכות,IL,מיכל תע' לצ'יפס 100 גר',גרמים,100.00,100 גרם,false,,7.90,0.0790,true,1,1276388
7290014217157,false,תערובת תיבול טוסקנה מיכל 120 גר,תות ממתקי איכות,IL,מיכל טוסקנה תיבול 120גר',גרמים,120.00,100 גרם,false,,7.90,0.0658,true,1,1276390
7290014217164,false,תבלין פטרוזיליה מיכל גדול 20 ג',תות ממתקי איכות,IL,מיכל פטרוזיליה 20 גר',גרמים,20.00,100 גרם,false,,5.90,0.2950,true,1,1276391
7290014217171,false,תערובת תיבול תיבול גריל דג מיכל 100ג',תות ממתקי איכות,IL,מיכל גריל דג תיבול 100גר',גרמים,100.00,100 גרם,false,,7.90,0.0790,true,1,1276392
7290014217201,false,תערובת תיבול סומק 45 ג',תות ממתקי איכות,IL,תערובת תיבול סומק,גרמים,45.00,100 גרם,false,,4.90,0.1089,true,1,1332137
7290014217225,false,תבלין גריל עוף מיכל 120גר,תות ממתקי איכות,IL,מיכל גריל עוף 120 גר',גרמים,120.00,100 גרם,false,,7.90,0.0658,true,1,1264139
7290014217263,false,תערובת תיבול לפרגיות 100ג',תות ממתקי איכות,IL,תיבול לפרגיות,גרמים,100.00,100 גרם,false,,7.90,0.0790,true,1,1350635
7290014217355,false,תבלין אבקת קרי מיכל 100ג',תות ממתקי איכות,IL,מיכל קרי אבקה 100 גר',גרמים,100.00,100 גרם,false,,7.90,0.0790,true,1,1264143
7290014217362,false,תבלין תיבול לקציצות מיכל 100 ג',תות ממתקי איכות,IL,מיכל תיבול לקציצות 100גר',גרמים,100.00,100 גרם,false,,7.90,0.0790,true,1,1264144
7290014217393,false,אבקת צילי חריף 30 גר,,,אבקת צילי חריף 30 גר,גרמים,30.00,100 גרם,false,,4.90,0.1633,true,1,2213675
7290014217478,false,תערובת עשבי תיבול איטלקי ים תיכוני 30ג',תות ממתקי איכות,IL,תערובת עשבי תיבול אי,גרמים,30.00,100 גרם,false,,5.90,0.1967,true,1,1356834
7290014217485,false,תערובת תיבול קייג'ון,תות ממתקי איכות,IL,קייגון תיבול מיכל,גרמים,100.00,100 גרם,false,,7.90,0.0790,true,1,1906416
7290014217492,false,תבלין פילדלפיה תערובת 100 גר,תות ממתקי איכות,IL,פילדלפיה תיבול מיכל,גרמים,100.00,100 גרם,false,,7.90,0.0790,true,1,1906417
7290014217607,false,מטחנת מלח הימלאיה 100 ג',יוליניבר,IL,מלח הימלאיה,גרמים,100.00,100 גרם,false,,9.90,0.0990,true,1,2133676
7290014217911,false,תבלין פלפל אדום מתוק בשקית 150 גר,יוליניבר,IL,פלפל מתוק שלם 150 גר,גרמים,150.00,100 גרם,false,,12.90,0.0860,true,1,2180381
7290014218321,false,בורקס אישי גבינה מעדנות 600 ג',מיוצר עי קונדיטוריית,IL,בורקס יפו גבינה מעדנ,גרמים,600.00,100 גרם,false,,14.90,0.0248,true,1,1409700
7290014218338,false,בורקס יפו במילוי תפוחי אדמה,מיוצר עי קונדיטוריית,IL,"בורקס יפו תפו""א מעדנ",גרמים,600.00,100 גרם,false,,12.90,0.0215,true,1,1409701
7290014218932,false,חטיפי פיצה בתוספת זיתים 710 ג' מעדנות,מיוצר עי קונדיטוריית,IL,חטיפי פיצה בתוספת זי,גרמים,710.00,100 גרם,false,,32.90,0.0463,true,1,2111334
7290014256620,false,יין אדום מתוק מבעבע Buzz קריניאנו,יקבי כרמל Carmel Winery,IL,יין קריניאנו,מיליליטרים,750.00,"100 מ""ל",false,,24.90,0.0332,true,1,1282199
7290014256637,false,יין לבן מתוק מבעבע Buzz מוסקטו,יקבי כרמל Carmel Winery,IL,יין מוסקטו,מיליליטרים,750.00,"100 מ""ל",false,,24.90,0.0332,true,1,1282200
7290014258716,false,תרכובת מזון צמחי על בסיס חלבון סויה מגיל לידה,מטרנה תעשיות ש.מ,IL,תרכובת מזון לתינוקות על ב,גרמים,700.00,100 גרם,false,,54.90,0.0784,true,1,1283893
7290014258723,false,תרכובת מזון צמחי לתינוקות מגיל 0 עד גיל שנה,מטרנה,IL,תרכובת מזון לתינוקות על ב,גרמים,700.00,100 גרם,false,,69.90,0.0999,true,1,1283894
7290014308626,false,פלפל שחור גרוס 100 גרם,תבליני פרג,,פלפל שחור גרוס דק דק,גרמים,100.00,100 גרם,false,,13.90,0.1390,true,1,2264929
7290014308633,false,פלפל שחור שלם,,,פלפל שחור שלם,גרמים,80.00,100 גרם,false,,13.90,0.1738,true,1,2265299
7290014308978,false,מקלות קינמון,תבליני פרג,,מקלות קינמון,גרמים,80.00,100 גרם,false,,13.90,0.1738,true,1,2264922
7290014309012,false,אגוז מוסקט טחון פרג,תבליני הדור השלישי,IL,אגוז מוסקט טחון,גרמים,40.00,100 גרם,false,,13.90,0.3475,true,1,2264899
7290014309128,false,תבלין קצח פרג 120 גר,תבליני הדור השלישי,IL,קצח 120 גרם,גרמים,120.00,100 גרם,false,,13.90,0.1158,true,1,2264950
7290014309180,false,סומך טחון פרג,תבליני פרג,,סומק,גרמים,100.00,100 גרם,false,,13.90,0.1390,true,1,2264923
7290014314917,false,כף אשפה עם גומי,,,כף אשפה עם גומי,יחידה,0.00,יחידה,false,,9.90,0.0000,true,1,2218822
7290014318243,false,פולנטה איטלקית עדינה,,,פולנטה איטלקית עדינה,גרמים,1000.00,100 גרם,false,,12.90,0.0129,true,1,1416560
7290014318250,false,"פולנטה איטלקית מקורית 1 ק""ג (10)",,,פולנטה איטלקית,קילוגרמים,1.00,"ק""ג",false,,12.90,12.9000,true,1,1416567
7290014318267,false,"שמן כמהין לבן כשר 250 מ""ל (12)",,,שמן כמהין לבן כשר 25,גרמים,250.00,100 גרם,false,,59.90,0.2396,true,1,1706293
7290014318311,false,מארז שלישיית עגבניות חתוכות דק במיץ עגבניות Rosso,,,עגבניות פולפה (מעגבנ,גרמים,1200.00,100 גרם,false,,14.90,0.0124,true,1,1416442
7290014318441,false,עגבניות פאסאטא 680 ג,,,מחית עגבניות חלקה,גרמים,680.00,100 גרם,false,,9.90,0.0146,true,1,1489859
7290014318670,false,"רכז רימונים 250מ""ל",,,רכז רימונים,מיליליטרים,250.00,"100 מ""ל",false,,27.90,0.1116,true,1,2134893
7290014318861,false,קרם קוקוס אורגנני 18,,,קרם קוקוס אורגנני 18,מיליליטרים,250.00,"100 מ""ל",false,,9.90,0.0396,true,1,2134906
7290014321007,false,"שמן קוקוס 350 מ""ל או",כפרי בריא,,"שמן קוקוס 350 מ""ל או",מיליליטרים,350.00,"100 מ""ל",false,,29.90,0.0854,true,1,1304107
7290014325043,false,"פודינג וניל 1 ק""ג שקית",מיה תעשיות מזון בעמ,IL,פודינג וניל 1ק'ג,גרמים,1000.00,100 גרם,false,,19.90,0.0199,true,1,1249078
7290014325050,false,קורנפלור מיה 500 גרם,מיה תעשיות מזון בעמ,IL,קורנפלור 500גרם,גרמים,500.00,100 גרם,false,,4.90,0.0098,true,1,1249079
7290014325074,false,מארז תן צ'אפ כריות קטשופ חדש 12גרם,מיה תעשיות מזון,IL,מארז תן צ'אפ כריות קטשופ,גרמים,350.00,100 גרם,false,,7.90,0.0226,true,1,1249081
7290014325265,false,תן צ'אפ חטיף טבעות בטעם שמנת בצל מארז 15X8ג',מיה תעשיות מזון בעמ,IL,מארז תן צאפ שמנת בצל 15גר,גרמים,350.00,100 גרם,false,,7.90,0.0226,true,1,1249089
7290014325272,false,תן צ'אפ חטיף טבעות בטעם צ'ילי מארז 15X8ג',מיה תעשיות מזון בעמ,IL,מארז תן צאפ צ'ילי 15גרם,גרמים,350.00,100 גרם,false,,7.90,0.0226,true,1,1249090
7290014397163,false,"מטהר אוויר פרש הום פריחת השקד, ורד אנגלי וכותנה",סנו פרש Fresh,,מטהר אוויר פרש אוטומ,מיליליטרים,250.00,"100 מ""ל",false,,13.90,0.0556,true,1,1698487
7290014397170,false,"פרש מיכל מילוי אוטומטיק סופט בלאנס 250 מ""ל סנו",מיוצר עי קונדיטוריית,IL,מטהר אוויר פרש אוטומ,מיליליטרים,250.00,"100 מ""ל",false,,13.90,0.0556,true,1,1693624
7290014397200,false,מברשת שיניים סופט - מארז שלישיה,אורביטול Orbitol,CN,3 מברשות שיניים אורביטול,יח',3.00,יח',false,,9.90,3.3000,true,1,1236037
7290014397279,false,שקיות מזון נשלפות XL גדולות במיוחד,אשפלסט תעשיות,IL,סנו סושי 300 שקיות מזון,יח',300.00,יח',false,,12.90,0.0430,true,1,1301050
7290014397286,false,מרכך כביסה מקסימה מרוכז חלב ודבש 1 ל' סנו,סנו מקסימה,IL,מרכך מרוכז חלב ודבש 1ל,ליטרים,1.00,ליטר,false,,17.90,17.9000,true,1,1236042
7290014397453,false,מסיר כתמים לכביסה לבנה אוקסיג'ן ג'ל,סנו אוקסיג'ן,IL,מסיר כתמים לכביסה לבנה3ל,ליטרים,3.00,ליטר,false,,29.90,9.9667,true,1,1236045
7290014397491,false,"סנו פרש הום וניל קוקוס 350 מ""ל",סנו פרש Fresh,IL,סנופרש וניל קוקוס 350מל,מיליליטרים,350.00,"100 מ""ל",false,,14.90,0.0426,true,1,1236046
7290014397507,false,"מטהר אויר פרש הום פריחת יסמין 350מ""ל",מיוצר עי קונדיטוריית,IL,סנופרש מאסק מעודן350,מיליליטרים,350.00,"100 מ""ל",false,,14.90,0.0426,true,1,1236047
7290014397514,false,"סנו פרש הום מבשם כותנה מלטפת 350מ""ל","סנו מפעלי ברונוס בע""",IL,סנופרש הום כותנה 350מל,מיליליטרים,350.00,"100 מ""ל",false,,14.90,0.0426,true,1,1236048
7290014397521,false,"מבשם פרש הום סנו לבנדר פרובנס 350 מ""ל,",סנו פרש Fresh,IL,סנופרש הום לבנדר,מיליליטרים,350.00,"100 מ""ל",false,,14.90,0.0426,true,1,1236049
7290014397538,false,פרש Home מבשם לבית בוקר אביבי,סנו מפעלי ברונוס בעמ,IL,סנופרש הום סבון מפנק,מיליליטרים,350.00,"100 מ""ל",false,,14.90,0.0426,true,1,1236050
7290014397705,false,פוליויקס פרקט בניחוח מאסק,סנו פוליויקס,IL,פוליויקס פרקט 2 ליטר,ליטרים,2.00,ליטר,false,,19.90,9.9500,true,1,1236062
7290014397712,false,סנובון ג'ל אסלה בניחוח פריחה ורודה,Nicols polandמשווק ו,PL,סנובון ג'ל בניחוח פריחה,מיליליטרים,65.00,"100 מ""ל",false,,7.90,0.1215,true,1,1236063
7290014397767,false,סנו ריצפז פרש הום 2 ליטר בניחוח כותנה-מרכז,"סנו מפעלי ברונוס בע""",IL,ריצפז פרש הום כותנה 2 לי,ליטרים,2.00,ליטר,false,,22.90,11.4500,true,1,1236067
7290014397774,false,רצפז פרש הום טבע רענן 2 ל',סנו פרש Fresh,IL,ריצפז פרש הום טבע רענן2ל,ליטרים,2.00,ליטר,false,,22.90,11.4500,true,1,1236068
7290014397781,false,סנו ריצפז פרש הום 2 ליטר בניחוח סבון,סנו פרש Fresh,IL,'ריצפז פרש סבון מפנק 2ל,ליטרים,2.00,ליטר,false,,22.90,11.4500,true,1,1236069
7290014397835,false,סנו - מט דוחה יתושים נוזלי מכשיר + מילוי 45 לילות,זובאלה,IT,סנומט סמרט 45לילות יחיד,יחידה,0.00,יחידה,false,,44.90,0.0000,true,1,1283521
7290014397897,false,"מבשם בגדים ואריגים כותנה מקסימה 350 מ""ל סנו",סנו מקסימה,IL,מבשם בגדים ואריגים 350מל,מיליליטרים,350.00,"100 מ""ל",false,,18.90,0.0540,true,1,1236074
7290014398788,false,צלחת 7 גפן 7 לבן כסף,,,צלחת 7 גפן 7 לבן כסף,100 יח',10.00,100 יח',false,,19.90,1.9900,true,1,1273799
7290014426061,false,משחת שיניים הלו קיטי בטעם ענבים לגיל 2-6,כצט נוביס,IL,משחת שיניים הלו קיטי,מיליליטרים,50.00,"100 מ""ל",false,,11.90,0.2380,true,1,1260510
7290014435377,false,חומוס עם רוטב מסבחה 400 גר',סלטי שמיר 2006 בעמ,,חומוס עם רוטב מסבחה,גרמים,400.00,100 גרם,false,,10.90,0.0273,true,1,2131273
7290014435391,false,חומוס שמיר אורגינל עם גרגירים 400 גר',סלטי שמיר 2006 בעמ,,חומוס אורגינל עם גרג,גרמים,400.00,100 גרם,false,,7.90,0.0198,true,1,2131275
7290014435704,false,סלמון מעושן 100גר' שמיר,שבעת הימים - שמיר,IL,סלמון מעושן פרוס 100,גרמים,100.00,100 גרם,false,,21.90,0.2190,true,1,1990132
7290014435810,false,הרינג כבוש ובצל במרינת חמוץ מתוק שמיר 180 ג',שבעת הימים - שמיר,IL,הרינג כבוש עם בצל במ,גרמים,220.00,100 גרם,false,,18.90,0.0859,true,1,1994889
7290014435827,false,פילה מקרל מעושן בשמן שמיר 180 ג',שבעת הימים - שמיר,IL,פילה מקרל מעושן בשמן,גרמים,190.00,100 גרם,false,,24.90,0.1311,true,1,1994890
7290014435834,false,מקרל מעושן פרוס בשמן 180 גרם,שבעת הימים - שמיר,IL,מקרל מעושן פרוס בשמן,גרמים,190.00,100 גרם,false,,24.90,0.1311,true,1,1994891
7290014435841,false,פילה מטיאס הולנדי בשמן שמיר 180ג',סלטי שמיר 2006 בעמ,IL,פילה מטיאס הולנדי בש,גרמים,200.00,100 גרם,false,,18.90,0.0945,true,1,1994892
7290014435872,false,סלט הרינג ומיונז שמיר 250ג',שבעת הימים - שמיר,IL,סלט הרינג עם מיונז,גרמים,200.00,100 גרם,false,,18.90,0.0945,true,1,1994893
7290014435889,false,סלט מטיאס עם מיונז 180 גרם,שבעת הימים - שמיר,IL,סלט מטיאס עם מיונז,גרמים,200.00,100 גרם,false,,18.90,0.0945,true,1,1994894
7290014435896,false,סלט סלומון עם מיונז 180 גר',שבעת הימים - שמיר,IL,סלט סלומון עם מיונז,גרמים,200.00,100 גרם,false,,21.90,0.1095,true,1,1994895
7290014454149,false,דאודורנט רול-און lov,חלאבין Halvin,,דאודורנט רול-און lov,מיליליטרים,80.00,"100 מ""ל",false,,12.90,0.1613,true,1,1243126
7290014455245,false,גבינת גרנה פדנו משולש 29% 200 גרם בית יוסף,מחלבת סוציאלה מנטובה,IT,גבינה גרנה פדנו משול,גרמים,200.00,100 גרם,false,,24.90,0.1245,true,1,1336011
7290014455252,false,גבינה קשה מגורדת גרנה פדנו 29% שומן,מחלבות גד שיווק 1992,IT,גבינה גרנה פדנו מגור,גרמים,100.00,100 גרם,false,,11.90,0.1190,true,1,1336012
7290014455320,false,גבינה כדורי מוצרלה פרסקה גד 100ג',מחלבות גד בעמ,IL,כדור מוצרלה פרסקה 10,גרמים,100.00,100 גרם,false,,10.90,0.1090,true,1,1298216
7290014455467,false,ירח מתוק מעדן חלב 2% ושיבולת שועל גד 150ג',מחלבות גד,IL,מעדן שיבולת שועל וחל,גרמים,150.00,100 גרם,false,,6.50,0.0433,true,1,1336014
7290014455610,false,יוגורט עיזים עם תות,מיוצר על ידי קוד יצר,IL,יוגורט עיזים עם תות,גרמים,125.00,100 גרם,false,,6.20,0.0496,true,1,1393571
7290014455627,false,יוגורט עיזים עם דובדבן אמרנה,מיוצר עי קוד יצרן MK,IL,יוגורט עיזים דובדבן,גרמים,125.00,100 גרם,false,,6.20,0.0496,true,1,1393572
7290014459137,false,"צ'יפס תפוגן סטייק 1.5 ק""ג","תעשיות תפוגן בע""מ",IL,"תפוגן סטייק צ'יפס 1.5 ק""ג",קילוגרמים,1.50,"ק""ג",false,,19.90,13.2667,true,1,1223743
7290014459373,false,"צ'יפס קראנצ'י לתנור קפוא תפוגן 1.5ק""ג",עיצובים 2020 (4.5),,תפוגן צ'יפס קראנצי 1,קילוגרמים,1.50,"ק""ג",false,,22.90,15.2667,true,1,1337881
7290014459472,false,"צ'יפס תפוגן קלאסי 2 ק""ג",עיצובים 2020 (4.5),,תפוגן צ'יפס קלאסי 2,קילוגרמים,2.00,"ק""ג",false,,24.90,12.4500,true,1,1410688
7290014471412,false,"מוזלי בוטנים אגוזים ושקדים 1 ק""ג - 412 ירוק שקדיה",דין שיווק,IL,מיזלי בוטנים אגוזים,גרמים,1000.00,100 גרם,false,,19.90,0.0199,true,1,1242977
7290014471429,false,"מוזלי עם פירות 1 ק""ג - 429 סגול שקדיה",דין שיווק,IL,"מיזלי פירות 1 ק""ג.",גרמים,1000.00,100 גרם,false,,19.90,0.0199,true,1,1242978
7290014471436,false,"מיזלי צימוקים תפוח קינמון וגרעיני חמניה שקדיה 1ק""ג",דין שיווק,IL,מיזלי צימוקים תפוח ק,גרמים,1000.00,100 גרם,false,,19.90,0.0199,true,1,1242979
7290014471443,false,"גרנולה צימוקים אגוזים ושקדים1 ק""ג חדש - 443 כתום שקדיה (כתום)",דין שיווק,IL,"גרנולה אגוזים 1ק""ג",גרמים,1000.00,100 גרם,false,,19.90,0.0199,true,1,1242980
7290014472235,false,פקאן סיני מסוכר בקופ,ששון הקולה,,פקאן סיני מסוכר 200,גרמים,200.00,100 גרם,false,,24.90,0.1245,true,1,1242987
7290014472426,false,קונפיטורה דובדבן חמוץ 450 ג' שקדיה,"דין שיווק וקליה בע""מ",IL,קונפיטורה 450 גרם דו,גרמים,450.00,100 גרם,false,,12.90,0.0287,true,1,1591539
7290014472433,false,קונפיטורה תות שדה 450 ג' שקדיה,"דין שיווק וקליה בע""מ",IL,קונפיטורה 450 גרם תו,גרמים,450.00,100 גרם,false,,12.90,0.0287,true,1,1591540
7290014472440,false,קונפיטורה שקדיה תפוז 450 ג',"דין שיווק וקליה בע""מ",IL,קונפיטורה 450 גרם תפ,גרמים,450.00,100 גרם,false,,12.90,0.0287,true,1,1591541
7290014472464,false,קונפיטורה משמש 450גר,"דין שיווק וקליה בע""מ",IL,קונפיטורה 450 גרם מש,גרמים,450.00,100 גרם,false,,12.90,0.0287,true,1,1591543
7290014472990,false,ממרח 100% שקדים שקדיה 300 ג',דין שיווק,IL,ממרח שקדים 300 גרם,גרמים,300.00,100 גרם,false,,34.90,0.1163,true,1,1409434
7290014473676,false,חמאת בוטנים טבעית טעמן 510 גר',ניצה אס סיי,AR,חמאת בוטנים 510 גר,גרמים,510.00,100 גרם,false,,10.90,0.0214,true,1,1248450
7290014473799,false,מארז מחית אגס ותפוח עץ 190 גרם*6 יח' פריטוב,,,שישייית מחיות פריטוב,גרמים,190.00,100 גרם,false,,24.90,0.1311,true,1,1248454
7290014499225,false,שוט מרובע בויטיק 10,,,שוט מרובע בויטיק 10,100 יח',10.00,100 יח',false,,11.90,1.1900,true,1,1273815
7290014499720,false,גביעי אפולו 24 יחידו,,,גביעי אפולו 24 יחידו,100 יח',24.00,100 יח',false,,18.90,0.7875,true,1,1273845
7290014499805,false,כוס ידית קינוח 12 יח,,,כוס ידית קינוח 12 יח,100 יח',12.00,100 יח',false,,12.90,1.0750,true,1,1273849
7290014500419,false,מגש גלים קטן,,,מגש גלים קטן,יחידה,0.00,יחידה,false,,7.90,0.0000,true,1,1323963
7290014500426,false,מגש גלים גדול,,,מגש גלים גדול,יחידה,0.00,יחידה,false,,15.90,0.0000,true,1,1323964
7290014500761,false,כוס קריספנו,,,כוס קריספנו,יחידה,0.00,יחידה,false,,13.90,0.0000,true,1,1324025
7290014503137,false,יין דלתון יובלים אדו,"איי, בי, אינבוו",IL,יין דלתון יובלים אדו,מיליליטרים,750.00,"100 מ""ל",false,,39.90,0.0532,true,1,1286593
7290014503144,false,יין דלתון יובלים לבן,"איי, בי, אינבוו",IL,יין דלתון יובלים לבן,מיליליטרים,750.00,"100 מ""ל",false,,39.90,0.0532,true,1,1286594
7290014503328,false,יין עלמה סקארלט 750,דלתון,,יין דלתון עלמה,מיליליטרים,750.00,"100 מ""ל",false,,79.90,0.1065,true,1,1703528
7290014525009,false,חטיף סלים פרוט Slim fruit בטעם יוגורט ובמילוי תפוח,סלים דליס Slim Delis,ES,מרבה סלים פרוט בטעם יוגור,גרמים,182.00,100 גרם,false,,10.90,0.0599,true,1,1253466
7290014525016,false,חטיף סלים פרוט Slim fruit בטעם יוגורט ובמילוי תות שדה,סלים דליס Slim Delis,ES,מרבה סלים פרוט בטעם יוגור,גרמים,182.00,100 גרם,false,,10.90,0.0599,true,1,1253467
7290014525023,false,מרבה סלים פרוט בטעם יוגורט ופירות יער,סלים דליס Slim Delis,ES,מרבה סלים פרוט בטעם פירות,גרמים,215.00,100 גרם,false,,10.90,0.0507,true,1,1253468
7290014525177,false,חטיף סלים פרוט Slim fruit בטעם יוגורט ופירות יער,סלים דליס Slim Delis,ES,מרבה סלים פרוט בטעם יוגור,גרמים,120.00,100 גרם,false,,10.90,0.0908,true,1,1253472
7290014525290,false,חטיף קריספי עם מילוי בטעם תות שדה,סלים דליס Slim Delis,NL,חטיף קריספי עם מילוי,גרמים,125.00,100 גרם,false,,10.90,0.0872,true,1,1352202
7290014525306,false,מרבה סלים דליס קריספי אוכמניות 125 גר,סלים דליס Slim Delis,NL,חטיף קריספי עם מילוי,גרמים,125.00,100 גרם,false,,10.90,0.0872,true,1,1352203
7290014525313,false,מרבה סלים דליס קריספי שוקולד 125 גר,סלים דליס Slim Delis,NL,חטיף קריספי עם מילוי,גרמים,125.00,100 גרם,false,,10.90,0.0872,true,1,1352204
7290014547353,false,זוג מברשות שיניים סנ,,,זוג מברשות שיניים סנ,יחידה,0.00,יחידה,false,,19.90,0.0000,true,1,1728311
7290014562226,false,גרנולה עם פתיתי חלבה,,,גרנולה עם פתיתי חלבה,גרמים,350.00,100 גרם,false,,12.90,0.0369,true,1,1341854
7290014562370,false,בי אנד די פריכוני כוסמת 50ג,בטר אנד דיפרנט B&D,IL,פריכוני כוסמת 50 גרם,גרמים,50.00,100 גרם,false,,4.90,0.0980,true,1,1274880
7290014562585,false,בטר אנד דיפרנט דייסה טעם וניל 200 גר,בטר אנד דיפרנט B&D,IL,דייסה בטעם וניל 200 גרם,גרמים,200.00,100 גרם,false,,9.90,0.0495,true,1,1274882
7290014581074,false,רשת למנגל גדול,,,רשת למנגל גדול,יחידה,0.00,יחידה,false,,19.90,0.0000,true,1,2200192
7290014581319,false,מנגל פח + רשת,,,מנגל + רשת,יחידה,0.00,יחידה,false,,29.90,0.0000,true,1,2198705
7290014648173,false,"תרסיס כלורהק 125 מ""ל",,,"תרסיס כלורהק 125 מ""ל",מיליליטרים,125.00,"100 מ""ל",false,,14.90,0.1192,true,1,1849460
7290014666344,false,פלסטר נקסקר נושם צבע,,,פלסטר נקסקר נושם צבע,יח',48.00,יח',false,,14.90,0.3104,true,1,2181089
7290014666764,false,פלסטר נקסקר נושם בצב,,,פלסטר נקסקר נושם בצב,יח',100.00,יח',false,,24.90,0.2490,true,1,2181091
7290014666993,false,פלסטר נקסקר נושם שקו,,,פלסטר נקסקר נושם שקו,יח',100.00,יח',false,,24.90,0.2490,true,1,2181092
7290014692305,false,גבינת קממבר 125ג' CASTELLO ויליפוד,הנסיך- מפעל לייצור ט,DK,גבינת קממבר 125גרם CASTEL,גרמים,125.00,100 גרם,false,,19.90,0.1592,true,1,1226663
7290014692749,false,שמן זית כתית מעולה ק,אסטיאס בורגס,,שמן זית כתית מעולה 7,מיליליטרים,750.00,"100 מ""ל",false,,29.90,0.0399,true,1,2217216
7290014692817,false,גבינת מוצרלה מגורדת 200 ג' EURO CHEESE ויליפוד,הנסיך- מפעל לייצור ט,IL,גבינת מוצרלה מגורדת 200גר,גרמים,200.00,100 גרם,false,,15.00,0.0750,true,1,1226670
7290014748613,false,מקלוני דג בציפוי צ'יפס,עיצובים 2020 (4.9),IL,דג טוב - מקלוני דגים,גרמים,600.00,100 גרם,false,,24.90,0.0415,true,1,1912429
7290014749245,false,ספיישל רצועות שניצל שומשום עוף טוב 600 גרם,מוצרי עוף טוב (2001),IL,רצועות שניצל בציפוי,גרמים,600.00,100 גרם,false,,34.90,0.0582,true,1,2134839
7290014749702,false,עוף טוב שניצל עוף ביתי שומשום 700,מוצרי עוף טוב (2001),IL,שניצל עוף ביתי בציפו,גרמים,700.00,100 גרם,false,,42.90,0.0613,true,1,2150439
7290014749726,false,שניצל עוף קריספי 700 גר',מולינו ניקולי s.p.a,IL,שניצל עוף ביתי קריספ,גרמים,700.00,100 גרם,false,,42.90,0.0613,true,1,2150440
7290014749764,false,עוף טוב שניצל עוף ביתי עדין 700,מוצרי עוף טוב (2001),IL,שניצל עוף ביתי עדין,גרמים,700.00,100 גרם,false,,42.90,0.0613,true,1,2150442
7290014749849,false,שניצל עוף דקיק בציפו,מולינו ניקולי s.p.a,IL,שניצל עוף דק ענק קרי,גרמים,720.00,100 גרם,false,,39.90,0.0554,true,1,2200338
7290014758100,false,מאגדת יוגורט ביו 3% שומן 8 יח' *150ג' תנובה,מיוצר עי קונדיטוריית,IL,מאגדת 8 יוגורט ביו ת,גרמים,1200.00,100 גרם,false,,15.90,0.0133,true,1,1254707
7290014758117,false,מאגדת יוגורט ביו 1.5% שומן 8 יח' *150 ג' תנובה,מיוצר עי קונדיטוריית,IL,מאגדת 8 יוגורט ביו ת,גרמים,1200.00,100 גרם,false,,15.90,0.0133,true,1,1254708
7290014758162,false,חלב עיזים מלא 3.6% קרטון 1 ל' תנובה,תנובה מרכז שיתופי לש,IL,חלב עיזים קרטון 1 לי,ליטרים,1.00,ליטר,false,,15.90,15.9000,true,1,1254709
7290014758681,false,קוטג' תנובה 1% גביע 250 ג',מיוצר עי קונדיטוריית,IL,קוטג 1% תנובה 250 גר,גרמים,250.00,100 גרם,false,,5.40,0.0216,true,1,1254731
7290014759084,false,גבינת שמנת 16% בטעם טבעי 225 ג' נפוליאון,תנובה מרכז שיתופי לש,IL,גבינת נפולאון טבעי מ,גרמים,225.00,100 גרם,false,,13.90,0.0618,true,1,1254745
7290014759534,false,גבינה בולגרית למריחה טבעי 5% 200 ג' פיראוס,"תנובה, מחלבת תל יוסף",IL,בולגרית למריחה 5% טב,גרמים,200.00,100 גרם,false,,13.90,0.0695,true,1,1254760
7290014759909,false,פיראוס פטה עזים פיראוס 5% 250גר,"תנובה, מחלבת טנא נוג",IL,פטה עיזים 5% פיראוס,גרמים,250.00,100 גרם,false,,28.50,0.1140,true,1,1254768
7290014759985,false,"גבינת פרמזן גבע 23% פלח, 200 ג'",תנובה,IL,גבינה גבע פרמזן 200,גרמים,200.00,100 גרם,false,,25.90,0.1295,true,1,1254771
7290014760134,false,מעדן סויה בטעם וניל אלטרנטיב,תנובה Alternative,IL,מעדן סויה בטעם וניל,מיליליטרים,125.00,"100 מ""ל",false,,4.30,0.0344,true,1,1704202
7290014760141,false,משקה שקדים תנובה E אלטרנטיב,תנובה Alternative,IL,רייס דרים משקה שקדים 1 לי,ליטרים,1.00,ליטר,false,,12.90,12.9000,true,1,1304390
7290014760448,false,גבינה צהובה גלבוע 400 גרם 22% שומן תנובה,מחלבת בית יצחק,IL,גבינה גלבוע 400 גרם,גרמים,400.00,100 גרם,false,,24.90,0.0622,true,1,1254788
7290014761056,false,מעדן שוקולד חלב מעולה 123 ג' יולו,מיוצר עי קונדיטוריית,IL,מעדן YOLO שוקולד חלב,גרמים,123.00,100 גרם,false,,4.90,0.0398,true,1,1279987
7290014761063,false,מעדן שוקולד מריר מעולה 123 ג' יולו,מיוצר עי קונדיטוריית,IL,מעדן YOLO שוקולד מרי,גרמים,123.00,100 גרם,false,,4.90,0.0398,true,1,1279988
7290014761070,false,מעדן שוקולד לבן מעולה 123 ג' יולו,מיוצר עי קונדיטוריית,IL,מעדן YOLO שוקולד לבן,גרמים,123.00,100 גרם,false,,4.90,0.0398,true,1,1279989
7290014761193,false,יוגורט עם פירות יער 1.5% שומן 125 ג' פרילי,תנובה מרכז שיתופי לש,IL,פרילי פירות יער 125,גרמים,125.00,100 גרם,false,,3.50,0.0280,true,1,1283742
7290014761414,false,מעדן שכבות שוקולד חלב ולבן 123 ג' יולו,מיוצר עי קונדיטוריית,IL,מעדן YOLO שכבות שוקו,גרמים,123.00,100 גרם,false,,4.90,0.0398,true,1,1279992
7290014761612,false,מעדן עם שוקולד מריר ולבן 122 ג' יולו,מיוצר עי קונדיטוריית,IL,מעדן YOLO שכבות שוקו,גרמים,122.00,100 גרם,false,,4.90,0.0402,true,1,1294788
7290014761698,false,פרוסות גבינה צהובה עמק קלאסית 28%,תנובה מרכז שיתופי לש,IL,גבינת עמק 600 גרם בד,גרמים,600.00,100 גרם,false,,31.90,0.0532,true,1,2046991
7290014762756,false,נפוליאון גבינת שמנת עם בצל 16% שומן,הרדוף חלב,IL,גבינת נפולאון 16% בט,גרמים,225.00,100 גרם,false,,13.90,0.0618,true,1,1338714
7290014762848,false,גבינה צהובה מגורדת 22% שומן 500 ג' פתיתי גלבוע,גלבוע - תנובה,IL,פתיתי גלבוע 22% 500,גרמים,500.00,100 גרם,false,,34.90,0.0698,true,1,1659743
7290014762909,false,פתיתי מוצרלה 20% שומן 200 ג' השף הלבן,"תנובה, מחלבת תל יוסף",IL,פתיתי גבינת מוצרלה.,גרמים,200.00,100 גרם,false,,16.90,0.0845,true,1,1350898
7290014763098,false,קרם גבינת שמנת 5% עם פלפל שום ובצל 200 ג' תנובה,תנובה,IL,קרם גבינת שמנת 5% טו,גרמים,200.00,100 גרם,false,,11.90,0.0595,true,1,1350908
7290014763272,false,יוגורט סויה BIO לשתייה תות ובננה אלטרנטיב,תות תעשיות מזון (201,IL,משקה סויה ביו תות וב,גרמים,250.00,100 גרם,false,,6.50,0.0260,true,1,1366671
7290014763395,false,עמק סמי מעדניה 600 ג' ועדת מהדרין,תנובה מרכז שיתופי לש,IL,עמק סמי מעדניה מהדרי,גרמים,600.00,100 גרם,false,,31.90,0.0532,true,1,1417318
7290014785007,false,גרגרי טפיוקה קטנים,טעמי אסיה Taste of Asia,,גרגרי טפיוקה קטנים,גרמים,400.00,100 גרם,false,,7.90,0.0198,true,1,1257667
7290014785052,false,"רוטב פטריות צמחוני 500 מ""ל",טעמי אסיה Taste of Asia,TH,"רוטב פטריות צמחוני 500 מ""",מיליליטרים,500.00,"100 מ""ל",false,,12.90,0.0258,true,1,1257671
7290014785069,false,רוטב מירין מתוק לבישול,טעמי אסיה Taste of Asia,CN,"מירין משובח 250 מ""ל - כשר",מיליליטרים,250.00,"100 מ""ל",false,,11.90,0.0476,true,1,1257672
7290014785076,false,"קרם קוקוס ללא חומר משמר 400 מ""ל",טעמי אסיה Taste of Asia,TH,קרם קוקוס ללא חומר משמר,גרמים,400.00,100 גרם,false,,7.90,0.0198,true,1,1257673
7290014785113,false,"רוטב טריאקי גדול 500 מ""ל",טעמי אסיה Taste of Asia,TH,רוטב טריאקי (גדול) 500 -,מיליליטרים,500.00,"100 מ""ל",false,,12.90,0.0258,true,1,1257675
7290014785168,false,שיראטקי ג'ל קונג'אק בצורת אטריות,ננטונג דינגבורג סיוי,CN,אטריות שירטאקה 200 גר' דק,גרמים,200.00,100 גרם,false,,8.90,0.0445,true,1,1257680
7290014785175,false,שיראטקי אטריות קונג'אק עבות,ננטונג דינגבורג סיוי,CN,אטריות שירטאקה 200 גרם עב,גרמים,200.00,100 גרם,false,,8.90,0.0445,true,1,1257681
7290014785441,false,אטריות ביצים מקצועי 450 גר,,,אטריות ביצים 450 גרם,גרמים,450.00,100 גרם,false,,8.90,0.0198,true,1,1609656
7290014785564,false,אטריות אודון מוכנות 200 ג',קינגדאן פרימה פודס ק,CN,אטריות אודון מוכנות,גרמים,200.00,100 גרם,false,,4.90,0.0245,true,1,2095126
7290014785571,false,"אטריות מוכנות מתאים להקפצה, מרקים ומנות קרות",טעמי אסיה Taste of Asia,,אטריות מוכנות להקפצה,גרמים,200.00,100 גרם,false,,4.90,0.0245,true,1,2095127
7290014785588,false,אטריות ראמן מוכנות 180 ג',קינגדאן פרימה פודס ק,CN,אטריות ראמן מוכנות 1,גרמים,180.00,100 גרם,false,,4.90,0.0272,true,1,2095128
7290014785991,false,רוטב סויה ללא גלוטן,טעמי אסיה Taste of Asia,,רוטב סויה 500 מל ללא,מיליליטרים,500.00,"100 מ""ל",false,,10.90,0.0218,true,1,1813105
7290014791572,false,"שוויפס מוגז בטעם ענבים 330 מ""ל",יפאורה תבורי בעמ,IL,"שוופס ענבים 330 מ""ל",מיליליטרים,330.00,"100 מ""ל",false,,5.90,0.0179,true,1,1305372
7290014803213,false,"חומץ יין לבן 5% 500מ""ל",COMTEMP,,חומץ יין לבן 5% 500,מיליליטרים,500.00,"100 מ""ל",false,,12.90,0.0258,true,1,1391777
7290014803220,false,"חומץ בלסמי 5% נאמן 500מ""ל",COMTEMP,,"חומץ בלסמי 5% 500 מ""",מיליליטרים,500.00,"100 מ""ל",false,,15.90,0.0318,true,1,1391778
7290014803503,false,רוטב פלפל חריף 100 גר',BAAECO,,רוטב פלפל אדום חריף,מיליליטרים,100.00,"100 מ""ל",false,,8.90,0.0890,true,1,1391779
7290014803565,false,צנימים עגולים מחיטה מלאה 300ג',NEWLAT,,צנימים עגולים.,גרמים,300.00,גרם,false,,11.90,0.0397,true,1,1324609
7290014855434,false,מגבונים בייביסיטר פרפורמנס מבושם רביעיה,בייביסיטר Babysitter,,מגבונים בייביסיטר פר,יח',288.00,יח',false,,19.90,0.0691,true,1,1332561
7290014855458,false,מגבוני בייביסיטר פרפורמנס ללא בישום מארז 72X4יח',בייביסיטר Babysitter,,מגבונים בייביסיטר פר,יח',288.00,יח',false,,19.90,0.0691,true,1,1332562
7290014855854,false,מגבונים לחים מועשרים בקמומיל,בייבי בייסיק,,בייבי בייסיק מגבונים,יח',360.00,יח',false,,19.90,0.0553,true,1,1688107
7290014890169,false,גבינת שמנת שום שמיר 25%,גבינות משק יעקבס,IL,גבינת שמנת שום שמיר,גרמים,225.00,100 גרם,false,,9.90,0.0440,true,1,1707229
7290014890176,false,גבינת ריקוטה בסגנון,גבינות משק יעקבס,IL,גבינת ריקוטה 5% 250,גרמים,250.00,100 גרם,false,,9.90,0.0396,true,1,2132588
7290014901247,false,"סטייל שמפו 0חר החלקה מועשר בקרטין, 750 מ""ל",א.ל. ארמן ייצור תמרו,IL,שמפו קרטין סטייל לאח,מיליליטרים,750.00,"100 מ""ל",false,,24.90,0.0332,true,1,1301267
7290014901254,false,"סטייל מרכך לשיער קרטין לאחר החלקה, 750 מ""ל",א.ל ארמן ייצור תמרוק,IL,מרכך קרטין סטייל לאח,מיליליטרים,750.00,"100 מ""ל",false,,24.90,0.0332,true,1,1301268
7290014901308,false,"סנסודיין משחת שיניים להגנה מלאה 75 מ""ל - סדרת פרמיום",סמית קליין ביצ'ם,GB,"סנסודיין הגנה מלאה 75 מ""ל",מיליליטרים,75.00,"100 מ""ל",false,,23.90,0.3187,true,1,1260517
7290014901315,false,משחת שיניים לשיניים רגישות Extra fresh,סמית קליין ביצ'ם,GB,סנסודיין הגנה מלאה פרש 75,מיליליטרים,75.00,"100 מ""ל",false,,23.90,0.3187,true,1,1260518
7290014901605,false,אקווה פרש מברשת שיניים ג'ניור,,,מברשת שיניים אקווה פ,יח',1.00,יח',false,,9.90,9.9000,true,1,1325680
7290014901896,false,"מי פה סנסודיין מנטה מרענן 500 מ""ל",סנסודיין Sensodyne,,מיי פה סנסודיין 500,מיליליטרים,500.00,"100 מ""ל",false,,29.90,0.0598,true,1,1607618
7290014905498,false,הפי - גליל טבליות גם וגם דו צדדי,ג'נרל מילס סאן אדריא,TR,הפי גם וגם--גליל צהוב דו,יחידה,0.00,יחידה,false,,9.90,0.0000,true,1,1241149
7290014905719,false,הפי לימונית למדיח כלים - מנטרל ריחות רעים,יעקבי - הפי Hepi,IT,הפי לימונית גדולה למדיח,יחידה,0.00,יחידה,false,,9.90,0.0000,true,1,1279948
7290014918108,false,קרש חיתוך מעוצב,,,קרש חיתוך מעוצב,יחידה,0.00,יחידה,false,,19.90,0.0000,true,1,2022337
7290014945753,false,"שייני מבשם נוזלי פרחי אביב 400 מ""ל",,,מבשם נוזלי בניחוח פר,מיליליטרים,400.00,"100 מ""ל",false,,9.90,0.0248,true,1,1338160
7290014945760,false,"שייני מבשם נוזלי וניל קוקוס 400 מ""ל",,,מבשם נוזלי בניחוח ונ,מיליליטרים,400.00,"100 מ""ל",false,,9.90,0.0248,true,1,1338161
7290014945784,false,מבשם נוזלי בניחוח יע,מ.א ייצור ושיווק מטל,,מבשם נוזלי לבנדר 1/24,מיליליטרים,400.00,"100 מ""ל",false,,9.90,0.0248,true,1,1322609
7290014947047,false,פריכיות כוסמת בתוספת מלח,זן בר המכללה לטבעונו,,פריכיות כוסמת עם מלח,גרמים,175.00,100 גרם,false,,9.90,0.0566,true,1,2183322
7290014962521,false,"טפטפים משחת שיניים לילדים מגיל 2-6 50 מ""ל",כצט CTS,IL,2-6משחת שיניים טפטפים לגי,מיליליטרים,50.00,"100 מ""ל",false,,9.90,0.1980,true,1,1260534
7290014962538,false,משחת שיניים ג'וניור מנטה מעודן לגילאי 6+,כצט CTS,IL,6משחת שיניים טפטפים ג'ניו,גרמים,50.00,100 גרם,false,,9.90,0.1980,true,1,1260535
7290014973213,false,הרמס סלמון מעושן מדג,"הרמס דגים בע""מ",IL,הרמס סלמון מעושן מדג,גרמים,200.00,100 גרם,false,,44.90,0.2245,true,1,2156148
7290014973329,false,פילה הרינג אדום הרמס,"הרמס דגים בע""מ",IL,הרמס פילה הרינג אדום,גרמים,200.00,100 גרם,false,,16.90,0.0845,true,1,2156108
7290014973336,false,פילה הרינג כבוש הרמס,"הרמס דגים בע""מ",IL,הרמס פילה הרינג כבוש,גרמים,200.00,100 גרם,false,,16.90,0.0845,true,1,2156123
7290014973374,false,פילה מקרל בשמן הרמס,"הרמס דגים בע""מ",IL,הרמס פילה מקרל בשמן,גרמים,200.00,100 גרם,false,,24.90,0.1245,true,1,2156124
7290014973411,false,הרמס סלמון מעושן מדג,"הרמס דגים בע""מ",IL,הרמס סלמון מעושן מדג,גרמים,100.00,100 גרם,false,,22.90,0.2290,true,1,2156136
7290014973480,false,הרמס טונה מעושן פרוס,"הרמס דגים בע""מ",IL,הרמס טונה מעושן פרוס,גרמים,200.00,100 גרם,false,,36.90,0.1845,true,1,2156137
7290014973558,false,פילה סלמון גרבלקס הר,"הרמס דגים בע""מ",IL,הרמס גרבלקס,גרמים,200.00,100 גרם,false,,39.90,0.1995,true,1,2156138
7290014973664,false,איקרה אדומה הרמס 250,"הרמס דגים בע""מ",IL,הרמס איקרה אדום,גרמים,250.00,100 גרם,false,,19.90,0.0796,true,1,2200267
7290014973671,false,איקרה לבנה הרמס 250,"הרמס דגים בע""מ",IL,הרמס איקרה לבן,גרמים,250.00,100 גרם,false,,19.90,0.0796,true,1,2200268
7290014974562,false,גביעי גלידה רגיל טילון עלמה גילרו 24 יח',"א.ג גילרו בע""מ",IL,גביע גלידה,גרמים,120.00,100 גרם,false,,6.90,0.0575,true,1,1516963
7290015005555,false,"צ'יפס אמריקאי 2 ק""ג פרי הגליל","פרי הגליל בע""""מ",IL,צ'יפס אמריקאי 2קג פג רבנו,קילוגרמים,2.00,"ק""ג",false,,24.90,12.4500,true,1,1261474
7290015009003,false,חומץ בן יין לבן דניא,מנדלז סי.אר. פרודקשן,ES,חומץ בן יין לבן,גרמים,500.00,100 גרם,false,,16.90,0.0338,true,1,2182779
7290015009010,false,חומץ בן יין אדום דני,מנדלז סי.אר. פרודקשן,ES,חומץ בן יין אדום,גרמים,500.00,100 גרם,false,,16.90,0.0338,true,1,2182780
7290015009027,false,חומץ בלסמי חומציות 6,אקובינל,ES,חומץ בלסמי 500 מל,מיליליטרים,500.00,"100 מ""ל",false,,17.90,0.0358,true,1,2182781
7290015009119,false,עלי טורטייה מקמח לבן,לווליה,,עלי טורטייה מקמח לבן,גרמים,420.00,100 גרם,false,,12.90,0.0307,true,1,2135432
7290015009126,false,עלי טורטייה מקמח מלא,לווליה,,עלי טורטייה מקמח מלא,גרמים,420.00,100 גרם,false,,13.90,0.0331,true,1,2077294
7290015009171,false,ניוקי תפוחי אדמה דני,,,ניוקי תפוח אדמה 300,גרמים,300.00,100 גרם,false,,8.90,0.0297,true,1,2135341
7290015009188,false,ניוקי תפוא דלעת דניא,סיאמה אלימטרי,,ניוקי תפוח אדמה 300,גרמים,300.00,100 גרם,false,,8.90,0.0297,true,1,2135342
7290015009195,false,ניוקי תפוא עגבניות ד,,,ניוקי תפוח אדמה 300,גרמים,300.00,100 גרם,false,,8.90,0.0297,true,1,2135376
7290015009218,false,ניוקי תפוא ערמונים ד,סיאמה,IT,ניוקי עם ערמונים 300,גרמים,300.00,100 גרם,false,,8.90,0.0297,true,1,2135378
7290015009225,false,ריבת חלב מקורית דניא,קארו,,ריבת חלב 450 גרם,גרמים,450.00,100 גרם,false,,19.90,0.0442,true,1,2135433
7290015009232,false,רוטב סלסה בינוני צהו,,,רוטב סלסלה,גרמים,454.00,100 גרם,false,,14.90,0.0328,true,1,2135434
7290015009249,false,"רוטב סלסה חריף ארה""ב",לינדסטרי פודס,US,רוטב סלסלה חריף,גרמים,454.00,100 גרם,false,,14.90,0.0328,true,1,2135435
7290015009256,false,רוטב סלסה רגיל סבורי,לינדסטרי פודס אנד דר,US,רוטב סלסלה ירוק,גרמים,454.00,100 גרם,false,,14.90,0.0328,true,1,2135436
7290015009287,false,חומץ בלסמי לבן דניאל,,,חומץ בלסמי לבן,מיליליטרים,500.00,"100 מ""ל",false,,17.90,0.0358,true,1,2182783
7290015009294,false,גבינת פרמיזאנו ראזאנ,פורגאנה,IT,פרמיז'אנו ראז'אנו,גרמים,170.00,100 גרם,false,,29.90,0.1759,true,1,2135343
7290015009300,false,עלי טורטייה עם קמח ת,,,עלי טורטייה מקמח,גרמים,360.00,100 גרם,false,,12.90,0.0358,true,1,2135437
7290015009317,false,נאצוס חטיף תירס טבעי,אוקי סנייקס,DK,נאצ'וס תירס טבעי 200,גרמים,200.00,100 גרם,false,,11.90,0.0595,true,1,2135438
7290015009324,false,נאצוס סבוריטו ברביקי,אוקי סנקס,DK,נאצ'וס ברבקיו 200 גר,גרמים,200.00,100 גרם,false,,11.90,0.0595,true,1,2135439
7290015009331,false,חטיף נאצוס חריף סגול,מנדלז סי.אר. פרודקשן,DK,נאצ'וס חריף 200 גרם,גרמים,200.00,100 גרם,false,,11.90,0.0595,true,1,2135440
7290015009386,false,מיץ ליים משומר דניאל,,,מיץ ליים משומר,מיליליטרים,946.00,"100 מ""ל",false,,17.90,0.0189,true,1,2135380
7290015009447,false,זיתים שחורים שלמים מ,,,זיתים שחורים מזן קלמ,גרמים,440.00,100 גרם,false,,17.90,0.0407,true,1,2135534
7290015025942,false,"פנג'ל ק. ידיים קלאסי עם שמן שקדים 80מ""ל",מיוצר עי קונדיטוריית,IL,חדש -פנג'ל ק.ידיים קלאסיק,מיליליטרים,80.00,"100 מ""ל",false,,6.90,0.0863,true,1,1325103
7290015039055,false,וילי פוד רוטב צילי חריף בדץ 700מל,הנסיך- מפעל לייצור ט,TH,רוטב צילי חריף,מיליליטרים,700.00,"100 מ""ל",false,,9.90,0.0141,true,1,1728362
7290015039246,false,נתחי טונה בשמן צמחי רביעיה * 160 ג' וילי פוד,וילי פוד,TH,רביעית נתחי טונה בהירה בש,גרמים,640.00,100 גרם,false,,20.90,0.0327,true,1,1226678
7290015039253,false,וילי פוד עלי גפן במי מלח 620 גר,קוראהן פזלרמה וי דיס,TR,עלי גפן במי מלח 620גרם,גרמים,620.00,100 גרם,false,,9.90,0.0160,true,1,1226679
7290015039338,false,נתחי טונה במי מלח רביעיה * 160 ג' וילי פוד,וילי פוד,,רביעית טונה במי מלח,גרמים,640.00,100 גרם,false,,20.90,0.0327,true,1,1226681
7290015057110,false,מקלות חמוצים בטעם תות שדה 18ג,אלבן מזון תעשיות ומס,TR,מקלות חמוצים,גרמים,20.00,100 גרם,false,,1.90,0.0950,true,1,2246618
7290015057127,false,טעמן מקלות חמוצים קולה 20 גרם,אלבן מזון תעשיות ומס,TR,מקלות חמוצים,גרמים,20.00,100 גרם,false,,1.90,0.0950,true,1,2246619
7290015057134,false,טעמן מקלות חמוצים פטל 20 גרם,אלבן מזון תעשיות ומס,TR,מקלות חמוצים,גרמים,20.00,100 גרם,false,,1.90,0.0950,true,1,2246620
7290015081627,false,אולטרסול קרם פנים 50,,,אולטרסול קרם פנים 50,מיליליטרים,50.00,"100 מ""ל",false,,49.90,0.9980,true,1,1480221
7290015102384,false,סיליקון שפורפרת,,,סיליקון שפורפרת,יחידה,0.00,יחידה,false,,9.90,0.0000,true,1,2135506
7290015102391,false,סיליקון שפורפרת,,,סיליקון שפורפרת,יחידה,0.00,יחידה,false,,9.90,0.0000,true,1,2135507
7290015129121,false,אטריות קונג'אק בתוספת טפיוקה בצורת נודלס,הוויזאי וואנגייה פוד,CN,סקיני פסטה נודלס 270 ג',גרמים,270.00,100 גרם,false,,12.90,0.0478,true,1,1263952
7290015129145,false,אטריות קונג'אק בתוספת טפיוקה בצורת ספגטי,הוויזאי וואנגייה פוד,CN,סקיני פסטה ספגטי 270 ג',גרמים,270.00,100 גרם,false,,12.90,0.0478,true,1,1263954
7290015129220,false,אטריות קונגאק בצורת פתיתים,אף.סי תבליני בגליל ב,CN,סקיני פסטה קוסקוס לל,גרמים,270.00,100 גרם,false,,12.90,0.0478,true,1,1310257
7290015129251,false,אטריות קונג'אק בצורת פטוצ'יני,אף.סי תבליני בגליל ב,CN,סקיני פסטה פטוציני,גרמים,200.00,100 גרם,false,,12.90,0.0645,true,1,1310259
7290015129404,false,מארז חטיף תפוח וקינמ,,IL,מארז חטיף תפוח וקינמ,גרמים,75.00,100 גרם,false,,26.90,0.3587,true,1,2205889
7290015139250,false,"חופשי שוקולד מריר עם פ.אורז לל""ס 85 גר",כרמית תעשיות ממתקים,IL,כרמית שוקולד חלב ללא סוכר,גרמים,85.00,100 גרם,false,,4.90,0.0576,true,1,1311822
7290015139267,false,שוקולד מריר עם שקדים ללא תוספת סוכר וסטהיים,כרמית תעשיות ממתקים,IL,כרמית שוקולד חלב ללא סוכר,גרמים,85.00,100 גרם,false,,4.90,0.0576,true,1,1311823
7290015139519,false,אגו מיקס קוביות וופל 55 גר',כרמית,IL,קוביות וופל 55 גר' M,גרמים,55.00,100 גרם,false,,3.90,0.0709,true,1,1339675
7290015150088,false,מחית עגבניות גרנד איטליה 700גרם,שוורצקוף& הנקל דיסלד,IT,מחית עגבניות 700 גרם,גרמים,700.00,100 גרם,false,,9.90,0.0141,true,1,1394856
7290015150118,false,עגבניות חתוכות דק בלה איטליה 3*400 ג',אמיליאנה קונסרב ס.פ.,IT,עגבניות חתוכות דק 3*,גרמים,1200.00,100 גרם,false,,14.90,0.0124,true,1,1334693
7290015150200,false,עגבניות חתוכות דק 400 גרם,HIQ FOOD PRODUCTS,IT,עגבניות חתוכות דק 40,גרמים,400.00,100 גרם,false,,4.90,0.0123,true,1,1723649
7290015150361,false,תה ירוק נענע סטיביה 25 שקיקים ויסוצקי,ויסוצקי ירוק,IL,תה ירוק נענע סטיביה,גרמים,37.50,100 גרם,false,,22.90,0.6107,true,1,1296513
7290015150590,false,ויסוצקי תה ירוק ג'ינג'ר חריף 25 יח,ויסוצקי ירוק,IL,תה ירוק לימונית ולואיזה,גרמים,37.50,100 גרם,false,,22.90,0.6107,true,1,1319114
7290015150729,false,תה ירוק סקיני גריני 25 שקיקים,ויסוצקי,IL,תה ירוק סקיני גריני,גרמים,37.50,100 גרם,false,,22.90,0.6107,true,1,1341946
7290015150903,false,תה ירוק קינמון דבש 25 שקיקים,ויסוצקי ירוק,IL,תה ירוק קינמון ודבש,גרמים,37.50,100 גרם,false,,22.90,0.6107,true,1,1393922
7290015155274,false,פרמיו כריות עור ופרווה,פרמיו Premio,,פרמיו כריות עור ופרו,גרמים,60.00,100 גרם,false,,9.90,0.1650,true,1,2274337
7290015155427,false,פרמיו עוף וכבד לחתול,פרמיו Premio,,פרמיו עוף וכבד 15ג',גרמים,15.00,100 גרם,false,,6.90,0.4600,true,1,2274340
7290015155434,false,פרמיו סלמון ופורל 15 ג',,,פרמיו סלמון ופורל 15,גרמים,15.00,100 גרם,false,,6.90,0.4600,true,1,2274341
7290015155823,false,מחית תפוחי עץ חטיפטף ללא תוספת סוכר,פרוטה פודיווין איי.א,CZ,חטיפטף פרינוק תפוח 1,גרמים,120.00,100 גרם,false,,5.90,0.0492,true,1,1714580
7290015155830,false,מחית תפוחי עץ ובננה חטיפטף ללא תוספת סוכר,פרוטה פודיווין,CZ,חטיפטף פרינוק תפוח ב,גרמים,120.00,100 גרם,false,,5.90,0.0492,true,1,1714581
7290015155847,false,מחית סלט פירות חטיפטף ללא תוספת סוכר,פרוטה פודיווין איי.א,CZ,חטיפטף פרינוק מחית ס,גרמים,120.00,100 גרם,false,,5.90,0.0492,true,1,1714582
7290015156103,false,הוריזן סטיק סלמון ופ,,,הוריזן סטיק סלמון ופ,גרמים,50.00,100 גרם,false,,16.90,0.3380,true,1,2274346
7290015156110,false,הוריזן סטיק בקר וכבד לחתולים,הורייזן Horizon,,הוריזן סטיק בקר וכבד,גרמים,50.00,100 גרם,false,,16.90,0.3380,true,1,2274347
7290015156660,false,פרמיו סלמון ועוף 100,,,פרמיו סלמון ועוף 100,גרמים,100.00,100 גרם,false,,14.90,0.1490,true,1,2274350
7290015156769,false,מחית פרינוק פאוץ' תפוח ואוכמניות 120 גרם,,,חטיפטף פרינוק תפוח ו,גרמים,120.00,100 גרם,false,,5.90,0.0492,true,1,1887033
7290015156790,false,מחית לפתן פירות חטיפטף ללא תוספת סוכר,פרינוק,,חטיפטף פרינוק לפתן פ,גרמים,120.00,100 גרם,false,,5.90,0.0492,true,1,1782881
7290015156813,false,מחית פרינוק פאוץ' פירות מעורבים 120 גרם,,,חטיפטף פרינוק פירות,גרמים,120.00,100 גרם,false,,5.90,0.0492,true,1,1782882
7290015161145,false,קוואקר כוסמין מלא עב,נוטרה זן NutraZen,DK,קוואקר כוסמין מלא עב,גרמים,400.00,100 גרם,false,,19.90,0.0497,true,1,2182904
7290015161176,false,"שמן קוקוס אורגני לא מזוכך 330 מ""ל",נוטרה זן NutraZen,,שמן קוקוס אורגני NUT,מיליליטרים,330.00,"100 מ""ל",false,,18.90,0.0573,true,1,2179167
7290015161190,false,שמן קוקוס אורגני לא מזוכך,נוטרה זן NutraZen,,שמן קוקוס אורגני 1,מיליליטרים,1000.00,"100 מ""ל",false,,48.90,0.0489,true,1,2179168
7290015161206,false,קמח קוקוס אורגני ללא גלוטן 500 גרם- Nutra Zen,נוטרה זון,LK,קמח קוקוס אורגני ללא,גרמים,500.00,100 גרם,false,,18.90,0.0378,true,1,2179169
7290015161336,false,רוטב סויה תמרי אורגני ללא גלוטן,חברת גואנגזהו סיטי ר,CN,רוטב סויה תמרי אורגנ,גרמים,250.00,100 גרם,false,,19.90,0.0796,true,1,2179171
7290015161534,false,קוואקר שיבולת שועל עבה ללא גלוטן - 400 גרם,נוטרה זן NutraZen,DK,קוואקר עבה ללא גלוטן,גרמים,400.00,100 גרם,false,,17.90,0.0447,true,1,2179174
7290015161541,false,קוואקר שיבולת שועל אינסטנט ללא גלוטן - 400 גרם,נוטרה זן NutraZen,DK,קוואקר דק ללא גלוטן,גרמים,400.00,100 גרם,false,,17.90,0.0447,true,1,2179175
7290015161558,false,קמח שיבולת שועל מלאה אורגני ללא גלוטן,נוטרה זן NutraZen,DK,קמח שיבולת שועל מלאה,גרמים,500.00,100 גרם,false,,24.90,0.0498,true,1,2179176
7290015161565,false,גרנולה פירות ללא תוספת סוכר,נוטרה זן NutraZen,,"גרנולה ש""ש 28% פירות",גרמים,300.00,100 גרם,false,,22.90,0.0763,true,1,2179177
7290015161589,false,פת פריכה אורגנית עם ירקות גינה,אקסטרודו בצ'יצה,,פת פריכה אורגנית ללא,גרמים,100.00,100 גרם,false,,12.90,0.1290,true,1,2179179
7290015161763,false,אבקת מרק ירקות אורגני ללא שמרים,נוטרה זן NutraZen,,אבקת מרק ירקות אורגנ,גרמים,200.00,100 גרם,false,,22.90,0.1145,true,1,2179181
7290015161831,false,פת פריכה אורגנית עם אמרנט,פירות אביב,,פת פריכה אורגנית ללא,גרמים,100.00,100 גרם,false,,12.90,0.1290,true,1,2181563
7290015161848,false,פת פריכה אורגנית עם כוסמת וקינואה ללא גלוטן,אקסטרודו בצ'יצה,,פת פריכה אורגנית ללא,גרמים,100.00,100 גרם,false,,12.90,0.1290,true,1,2179182
7290015161862,false,פת פריכה אורגנית עם ערמונים ללא גלוטן,אקסטרודו בצ'יצה,,פת פריכה אורגנית ללא,גרמים,100.00,100 גרם,false,,12.90,0.1290,true,1,2179184
7290015161879,false,פת פריכה PRO עדשים אדומות וחומות ללא גלוטן,נוטרה זן NutraZen,,פת פריכה אורגנית PRO,גרמים,100.00,100 גרם,false,,15.90,0.1590,true,1,2179185
7290015161886,false,פת פריכה אורגנית PRO,,,פת פריכה אורגנית PRO,גרמים,100.00,100 גרם,false,,15.90,0.1590,true,1,2179186
7290015161930,false,"פסטPRO קסרצ'ה פתיתים אורגניים, ללא גלוטן",נוטרה זן NutraZen,,פסטPRO עדשים צהובות,גרמים,250.00,100 גרם,false,,16.90,0.0676,true,1,2179189
7290015161978,false,"פסטPRO סלנטאני פתיתים אורגניים, ללא גלוטן",נוטרה זן NutraZen,,פסטPRO עדשים אדומות,גרמים,250.00,100 גרם,false,,16.90,0.0676,true,1,2179190
7290015161992,false,"פסטPRO קסרצ'ה פתיתים אורגניים, ללא גלוטן",נוטרה זן NutraZen,,פסטPRO עדשים אדומות,גרמים,250.00,100 גרם,false,,16.90,0.0676,true,1,2179192
7290015172011,false,גיוזה בטטה דים סאם,דים סאם,,גיוזה עוף,גרמים,330.00,100 גרם,false,,26.90,0.0815,true,1,2239031
7290015172028,false,גיוזה כיסוני חיטה בט,דים סאם מטבח מרכזי כ,,גיוזה בטטה,גרמים,330.00,100 גרם,false,,26.90,0.0815,true,1,2239032
7290015172073,false,גיוזה כיסוני חיטה פט,דים סאם מטבח מרכזי כ,,גיוזה פטריות,גרמים,330.00,100 גרם,false,,26.90,0.0815,true,1,2239033
7290015172097,false,גיוזה בקר דים סאם,דים סאם מטבח מרכזי כ,IL,גיוזה בקר,גרמים,330.00,100 גרם,false,,26.90,0.0815,true,1,2239034
7290015172172,false,אגרול ירקות אסייתי,דים סאם,,מארז אגרול ירקות,גרמים,330.00,100 גרם,false,,26.90,0.0815,true,1,2239036
7290015172202,false,גיוזה ירקות אדממה,דים סאם,,גיוזה ירקות אדממה,גרמים,330.00,100 גרם,false,,26.90,0.0815,true,1,2239037
7290015172219,false,גיוזה עוף פטריות ופקאן,דים סאם,,גיוזה עוף פקאן,גרמים,330.00,100 גרם,false,,26.90,0.0815,true,1,2239038
7290015178174,false,פסטו בטעם פרמז'ן אוליביה 180 גר',יוניליוור גרמניה Gm,IL,פסטו בטעם פרמג'ן-אול,גרמים,180.00,100 גרם,false,,9.90,0.0550,true,1,2179120
7290015178181,false,ממרח ארטישוק עם רוזמרין,יוניליוור גרמניה Gm,IL,ארטישוק ברוזמרין -או,גרמים,180.00,100 גרם,false,,9.90,0.0550,true,1,2179121
7290015178198,false,ממרח חצילים שרופים 180 ג',אוליביה,,ממרח חצילים שרופים-א,גרמים,180.00,100 גרם,false,,9.90,0.0550,true,1,2179122
7290015178204,false,עגבניות מיובשות בשמש עם לימון אוליביה 180 גר',אוליביה,,עגבניות מיובשות בשמש,גרמים,180.00,100 גרם,false,,9.90,0.0550,true,1,2179123
7290015178228,false,מאזטים - ארטישוק בסלסת עגבניות מיובשות,אוליביה,,מאזטים - ארטישוק בס,גרמים,190.00,100 גרם,false,,9.90,0.0521,true,1,2210224
7290015178235,false,מאזטים - זיתים מושחר,אוליביה,,מאזטים - זיתים מושח,גרמים,180.00,100 גרם,false,,9.90,0.0550,true,1,2210225
7290015178266,false,רוטב פלפלת שחורה לבי,,,רוטב פלפלת שחור ה,גרמים,350.00,100 גרם,false,,12.90,0.0369,true,1,2267280
7290015178273,false,רוטב מרינדה לעוף בגר,,,מרינדה לעוף בגריל,גרמים,350.00,100 גרם,false,,12.90,0.0369,true,1,2267281
7290015223829,false,"דאודורנט לנעליים 60 מ""ל",,,דיאודורנט לנעל,"100 סמ""ק",60.00,"100 סמ""ק",false,,9.90,0.1650,true,1,1785884
7290015223836,false,"תרסיס לכף הרגל 60 מ""ל-מרכז",,,תרסיס לכף הרגל,"100 סמ""ק",60.00,"100 סמ""ק",false,,9.90,0.1650,true,1,1785885
7290015223843,false,"תרסיס ג""ל אלוורה",,,"תרסיס ג""ל אלוורה","100 סמ""ק",60.00,"100 סמ""ק",false,,9.90,0.1650,true,1,1785890
7290015223850,false,"אלכוהול ספרי 70% 60 סמ""ק",,,ספריי אלכוהול,"100 סמ""ק",60.00,"100 סמ""ק",false,,9.90,0.1650,true,1,1785891
7290015264174,false,טחינה אבן ריחיים 500 גר',,,טחינה 500 גר' ממלכת,גרמים,500.00,100 גרם,false,,19.90,0.0398,true,1,2279705
7290015282000,false,איקרה אדומה שמיר 200 ג',שבעת הימים - שמיר,,איקרה אדומה,גרמים,200.00,100 גרם,false,,12.90,0.0645,true,1,1994897
7290015282024,false,איקרה לבנה סלטי שמיר,שבעת הימים - שמיר,,איקרה לבנה,גרמים,200.00,100 גרם,false,,12.90,0.0645,true,1,1994899
7290015282390,false,סלט תורכי שמיר 200 גר',"סלטי שמיר 2006 בע""מ",IL,סלט תורכי 200 גרם,גרמים,200.00,100 גרם,false,,11.90,0.0595,true,1,2131286
7290015282581,false,חומוס שמיר אבו גוש עם חריף 200 גר',"סלטי שמיר 2006 בע""מ",IL,חומוס עם חריף 200 גר,גרמים,200.00,100 גרם,false,,9.90,0.0495,true,1,2131288
7290015282604,false,טחינה שמיר מיוחדת גורמה 200ג',"סלטי שמיר 2006 בע""מ",IL,טחינה מיוחדת 200 גרם,גרמים,200.00,100 גרם,false,,9.90,0.0495,true,1,2131290
7290015282628,false,חציל שמיר בטעם כבד 200 גר',"סלטי שמיר 2006 בע""מ",IL,חציל בטעם כבד 200 גר,גרמים,200.00,100 גרם,false,,11.90,0.0595,true,1,2131292
7290015282635,false,חומוס שמיר מסבחה 200 גר',"סלטי שמיר 2006 בע""מ",IL,חומוס מסבחה 200 גרם,גרמים,200.00,100 גרם,false,,9.90,0.0495,true,1,2131293
7290015282642,false,חומוס שמיר אבו גוש 200 גר',"סלטי שמיר 2006 בע""מ",IL,חומוס אבו גוש 200 גר,גרמים,200.00,100 גרם,false,,9.90,0.0495,true,1,2131294
7290015282673,false,חציל שמיר במיונז ביתי 200 גורמה גר',"סלטי שמיר 2006 בע""מ",IL,חציל במיונז ביתי 200,גרמים,200.00,100 גרם,false,,9.90,0.0495,true,1,2131296
7290015282680,false,קישוא בטעם כבד שמיר 200 גר',"סלטי שמיר 2006 בע""מ",IL,קישוא בטעם כבד 200 ג,גרמים,200.00,100 גרם,false,,11.90,0.0595,true,1,2131297
7290015282710,false,קוביות סלק שמיר 200 גר',"סלטי שמיר 2006 בע""מ",IL,קוביות סלק 200 גרם,גרמים,200.00,100 גרם,false,,9.90,0.0495,true,1,2131299
7290015282727,false,גזר מרוקאי ברוטב פיקנטי אסלי שמיר 200 ג',"סלטי שמיר 2006 בע""מ",IL,גזר מרוקאי פיקנטי 20,גרמים,200.00,100 גרם,false,,11.90,0.0595,true,1,2131300
7290015282741,false,חציל תאילנדי אסלי שמיר 200 ג',"סלטי שמיר 2006 בע""מ",IL,חציל תאילנדי 200 גרם,גרמים,200.00,100 גרם,false,,11.90,0.0595,true,1,2131302
7290015282772,false,פלפל רצועות קלוי/מטוגן 200 גרם,"סלטי שמיר 2006 בע""מ",IL,פלפל רצועות קלוי 200,גרמים,200.00,100 גרם,false,,11.90,0.0595,true,1,2131305
7290015282796,false,"סלט תפו""א שמיר במיונז 200ג'","סלטי שמיר 2006 בע""מ",IL,"סלט תפו""א 200 גרם",גרמים,200.00,100 גרם,false,,11.90,0.0595,true,1,2131306
7290015293259,false,"מוס רחצה לתינוק שיבולת שועל ד""ר פישר 450 מ""ל","ד""ר פישר Dr fischer",,מוס רחצה קמיל בלו 45,מיליליטרים,450.00,"100 מ""ל",false,,29.90,0.0664,true,1,1399813
7290015293624,false,"אל סבון ושמפו לתינוק 400מ""ל קמיל בלו","ד""ר פישר Dr fischer",,"אל סבון 400 מ""ל קמיל",מיליליטרים,400.00,"100 מ""ל",false,,19.90,0.0497,true,1,1647981
7290015293631,false,מסכה לשיער מתולתל יסמין ופרחי מ,"ד""ר פישר Dr fischer",IL,נטורל קר מסכה לשיער מתולת,מיליליטרים,450.00,"100 מ""ל",false,,34.90,0.0776,true,1,1265305
7290015304009,false,"קרם ידיים גולד 100 מ""ל LOVE LINE",,,קרם ידיים,מיליליטרים,100.00,"100 מ""ל",false,,9.90,0.0990,true,1,1243142
7290015304214,false,סבון נוזלי,,,סבון נוזלי,מיליליטרים,500.00,"100 מ""ל",false,,14.90,0.0298,true,1,1588141
7290015304252,false,TAL PURPLE קרם ידיים 100 מל,,,קרם ידיים,מיליליטרים,100.00,"100 מ""ל",false,,12.90,0.1290,true,1,1588135
7290015304269,false,רול און דאודורנט,,,רול און דאודורנט,מיליליטרים,80.00,"100 מ""ל",false,,19.90,0.2487,true,1,1588128
7290015321853,false,תיבול על הבייגל,תבליני פרג,,תיבול על הבייגל,גרמים,120.00,100 גרם,false,,13.90,0.1158,true,1,2264959
7290015324007,false,תבלין פלפל שחור גרוס 80 ג',תות ממתקי איכות,IL,שק.80 גר' פל.שחור גרוס,גרמים,80.00,100 גרם,false,,8.90,0.1113,true,1,1264145
7290015324014,false,תבלין פלפל שחור טחון 80 ג',תות ממתקי איכות,IL,שק.80 גר' פל.שחור טחון,גרמים,80.00,100 גרם,false,,8.90,0.1113,true,1,1264146
7290015324038,false,פפריקה מרוקאית מתוקה בשמן,תות ממתקי איכות,IL,שק.80 גר' פפריקה בשמן,גרמים,80.00,100 גרם,false,,4.90,0.0613,true,1,1264147
7290015324045,false,תבלין פפריקה חריפה 80 גר' שק',תות ממתקי איכות,IL,שק.80 גר' פפריקה חריפה,גרמים,80.00,100 גרם,false,,4.90,0.0613,true,1,1264148
7290015324052,false,תבלין פפריקה מתוקה 80 ג',תות ממתקי איכות,IL,שק.80 גר' פפריקה מתוקה,גרמים,80.00,100 גרם,false,,4.90,0.0613,true,1,1264149
7290015324069,false,תערובת תיבול גריל עוף,תות ממתקי איכות,IL,שק.80 גר' גריל עוף,גרמים,80.00,100 גרם,false,,4.90,0.0613,true,1,1264150
7290015324076,false,טעם וריח זעתר שקית 8,תות ממתקי איכות,IL,שק.80 גר' זעתר מעורב,גרמים,80.00,100 גרם,false,,4.90,0.0613,true,1,1264151
7290015324083,false,טעם וריח מלח לימון ש,תות ממתקי איכות,IL,שק.80 גר' מלח לימון,גרמים,80.00,100 גרם,false,,4.90,0.0613,true,1,1264152
7290015324090,false,תבלין כמון טחון 80 ג',תות ממתקי איכות,IL,שק.80 גר' כמון טחון,גרמים,80.00,100 גרם,false,,4.90,0.0613,true,1,1264153
7290015324106,false,תבלין כורכום טחון 80 גר',תות ממתקי איכות,IL,שק.80 גר' כורכום טחון,גרמים,80.00,100 גרם,false,,4.90,0.0613,true,1,1264154
7290015324113,false,טעם וריח בהרט שקית 8,תות ממתקי איכות,IL,שק.80 גר' בהרט,גרמים,80.00,100 גרם,false,,4.90,0.0613,true,1,1264155
7290015324151,false,תבלין חוויאג למרק ב,תות ממתקי איכות,IL,שק.80 גר' חוואיג' למרק,גרמים,80.00,100 גרם,false,,4.90,0.0613,true,1,1264157
7290015324168,false,תבלין על האש תיבול 80 גר' שק',תות ממתקי איכות,IL,שק.80 גר' על האש תיבול,גרמים,80.00,100 גרם,false,,4.90,0.0613,true,1,1264158
7290015324175,false,תבלין שווארמה תיבול 80 גר' שק',תבליני טעם וריח,IL,שק.80 גר' שוארמה תיבול,גרמים,80.00,100 גרם,false,,4.90,0.0613,true,1,1264159
7290015324281,false,תבלין בצל מטוגן 200 ג',תות תעשיות מזון (201,NL,בצל מטוגן שקית,גרמים,200.00,100 גרם,false,,7.90,0.0395,true,1,1507905
7290015324427,false,סודה לשתיה טעם וריח 80 גר',תבליני טעם וריח,IL,סודה לשתיה,גרמים,80.00,100 גרם,false,,3.90,0.0487,true,1,1635476
7290015324533,false,רוזמרין מיכל גדול 55 ג',"תבליני טעם וריח בע""מ",IL,תבלין רוזמרין,גרמים,55.00,100 גרם,false,,5.90,0.1073,true,1,2133677
7290015324540,false,טימין מיכל גדול 30 ג',"תבליני טעם וריח בע""מ",IL,תבלין טימין,גרמים,30.00,100 גרם,false,,5.90,0.1967,true,1,2133678
7290015324557,false,בהרט לבישול מיכל גדול 80 ג',"תבליני טעם וריח בע""מ",IL,תבלין בהרט לבישול,גרמים,80.00,100 גרם,false,,7.90,0.0988,true,1,2133679
7290015324564,false,כוסברה טחונה מיכל גדול 70 ג',"תבליני טעם וריח בע""מ",IL,מיכל כוסברה טחונה,גרמים,70.00,100 גרם,false,,7.90,0.1129,true,1,2133667
7290015324571,false,פפריקה מתוקה בשמן בסגנון מרוקאי 400 גר',תבליני טעם וריח,IL,פפריקה מתוקה,גרמים,400.00,100 גרם,false,,17.90,0.0447,true,1,2152255
7290015324588,false,פלפל לבן 100 גרם,תות ממתקי איכות,IL,פלפל לבן 100 גרם,גרמים,100.00,100 גרם,false,,12.90,0.1290,true,1,2152085
7290015324656,false,תבלין זעפרן 0.5 ג',תבליני טעם וריח,ES,זעפרן 0.5 גרם,גרמים,0.50,100 גרם,false,,19.90,39.8000,true,1,2175575
7290015339483,false,ערמונים קלופים וקלויים טעמן 100ג',טאנגשאלן היואן פוד,CN,ערמונים,גרמים,100.00,100 גרם,false,,5.90,0.0590,true,1,2259308
7290015339551,false,פסטה פתיתים קוסקוס טעמן 500 גר',טעמן,,פתיתים קוסקוס 500גר',גרמים,500.00,100 גרם,false,,4.90,0.0098,true,1,2279707
7290015339643,false,"שוקולד מריר בד""ץ 100 גר'",הלל תעשיות,IL,שוקולד מריר בדץ,יחידה,0.00,יחידה,false,,6.90,0.0000,true,1,2259309
7290015339650,false,"שוקולד חלבי בד""ץ 100 גר'",אלבה שוקולד,,שוקולד חלבי בדץ,יחידה,0.00,יחידה,false,,6.90,0.0000,true,1,2259310
7290015339698,false,דובדבנים חמוצים מגולענים בסירופ,,,דובדבנים חמוצים מגול,יחידה,0.00,יחידה,false,,11.90,0.0000,true,1,2279712
7290015339933,false,טעמן ריבת חלב 340 גרם,,,ריבת חלב 340 גר,גרמים,350.00,100 גרם,false,,11.90,0.0340,true,1,2246621
7290015347167,false,קינואה באריזת ואקום Selected,מיה תעשיות מזון בעמ,IL,קינואה לבנה סלקטד 50,גרמים,500.00,100 גרם,false,,14.90,0.0298,true,1,1881492
7290015347181,false,"שעועית לבנה סלקטד מיה 1 ק""ג",מיה תעשיות מזון בעמ,IL,שעועית לבנה סלקטד 1,קילוגרמים,1.00,"ק""ג",false,,14.90,14.9000,true,1,1715343
7290015347204,false,"חומוס גדול סלקטד מיה 1 ק""ג",מיה תעשיות מזון בעמ,IL,חומוס גדול סלקטד 1 ק,קילוגרמים,1.00,"ק""ג",false,,18.90,18.9000,true,1,1715344
7290015347259,false,פירורי לחם מוזהבים מיה 400 גר',מיה תעשיות מזון,IL,פירורי לחם מוזהבים 400גרם,גרמים,400.00,100 גרם,false,,5.90,0.0148,true,1,1249095
7290015347273,false,נטיפי שוקולד אמיתי לאפיה 250 גר',,,שוקולד צ'יפס,גרמים,300.00,100 גרם,false,,9.90,0.0330,true,1,1411388
7290015347280,false,מעדן תות 280 גרם בדץ,,,מעדן תות 280 גרם בדץ,גרמים,280.00,100 גרם,false,,12.90,0.0461,true,1,2183256
7290015347297,false,מעדן דובדבנים 280 גר' מיה,,,מעדן דובדבנים 280 גר,גרמים,280.00,100 גרם,false,,12.90,0.0461,true,1,2183247
7290015347303,false,מעדן אוכמניות 280 גר' מיה,,,מעדן אוכמניות 280 גר,גרמים,280.00,100 גרם,false,,12.90,0.0461,true,1,2183257
7290015347310,false,מעדן משמש 280 גר' מיה,,,מעדן משמש 280 גרם בד,גרמים,280.00,100 גרם,false,,12.90,0.0461,true,1,2183248
7290015347426,false,סוכריות קולה לימון ללא סוכר 80גרם,,,סוכריות ללא סוכר,גרמים,80.00,100 גרם,false,,6.90,0.0863,true,1,1323987
7290015347433,false,סוכריות פינה קולדה ללא סוכר 80גרם,,,סוכריות ללא סוכר,גרמים,80.00,100 גרם,false,,6.90,0.0863,true,1,1323988
7290015347457,false,קינואה שחורה יבשה מיה 400 גר',,,קינואה שחורה 400 גר,גרמים,400.00,100 גרם,false,,14.90,0.0373,true,1,1715345
7290015347464,false,קינואה מעורבת 400גרם,,,קינואה מעורבת 400 גר,גרמים,400.00,100 גרם,false,,14.90,0.0373,true,1,1715346
7290015347488,false,"סוכר דמררה חום שקית מיה 1 ק""ג",מיה,IL,סוכר דמררה שקית,קילוגרמים,1.00,"ק""ג",false,,9.90,9.9000,true,1,1417955
7290015347525,false,צ'יפס בטטה עם שום ורוזמרין 80גרם,מיה תעשיות מזון בעמ,IL,ציפס בטטה,גרמים,80.00,100 גרם,false,,7.90,0.0988,true,1,1569872
7290015347532,false,צ'יפס בטטה עם שמן זית ועשבי תיבול 80גרם,מיה תעשיות מזון בעמ,IL,ציפס בטטה,גרמים,80.00,100 גרם,false,,7.90,0.0988,true,1,1569873
7290015347556,false,גבישי שום בצנצנת 300 גר',מיה תעשיות מזון בעמ,IL,אבקת שום,גרמים,300.00,100 גרם,false,,19.90,0.0663,true,1,2158811
7290015347679,false,"תבלין צ'ילי גרוס 70 גר' צנצנת כשל""פ",מיה תעשיות מזון בעמ,IL,תבלין צילי,גרמים,70.00,100 גרם,false,,7.90,0.1129,true,1,1346831
7290015347686,false,תבלין צ'ילי גרוס 50 גר' שקית,מיה תעשיות מזון בעמ,IL,תבלין צילי,גרמים,50.00,100 גרם,false,,6.90,0.1380,true,1,1346832
7290015347709,false,תבלין מוסקט טחון 70 גר' צנצנת,מיה תעשיות מזון בעמ,IL,אגוז מוסקט,גרמים,70.00,100 גרם,false,,7.90,0.1129,true,1,1346833
7290015347778,false,סוכריות ג'לילנד דגים 125 גר',,,סוכריות ג'לי כוכבים,גרמים,125.00,100 גרם,false,,4.90,0.0392,true,1,1718087
7290015347785,false,סוכריות ג'לילנד לבבות 125 גר',,,סוכריות ג'לי לבבות,גרמים,125.00,100 גרם,false,,4.90,0.0392,true,1,1718088
7290015347976,false,עדשי שוקולד 80גרם,,,עדשי שוקולד 80 גר,גרמים,80.00,100 גרם,false,,4.90,0.0613,true,1,1715347
7290015348072,false,אמיליאנו למברוסקו אדום 750מל,vlmo- גאטטיק,IT,יין אמיליאנו למברוסק,מיליליטרים,750.00,"100 מ""ל",false,,29.90,0.0399,true,1,1306036
7290015348089,false,"יין למברוסקו/קאווה ביאנקו לבן 750 מ""ל",vi.mo - גאטטיקו,IT,יין לבן למברוסקו ביא,מיליליטרים,750.00,"100 מ""ל",false,,29.90,0.0399,true,1,1343143
7290015348096,false,אמיליאנו למברוסקו רוזה 750 מל,,,יין אמיליאנו למברוסק,מיליליטרים,750.00,"100 מ""ל",false,,29.90,0.0399,true,1,1306037
7290015350136,false,יין קברנה סוביניון Free Run,סגל Segal,,יין יוקרתי קרבנה סוב,מיליליטרים,750.00,"100 מ""ל",false,,55.00,0.0733,true,1,1953842
7290015350143,false,יין אדום פרי ראן מר,סגל Segal,,יין יוקרתי מרלו 750,מיליליטרים,750.00,"100 מ""ל",false,,55.00,0.0733,true,1,1953819
7290015350150,false,"יין אדום חצי יבש סגל 750 מ""ל",כרמי צבי - אחים סגל,IL,סגל אדום חצי יבש,מיליליטרים,750.00,"100 מ""ל",false,,24.90,0.0332,true,1,2151742
7290015350242,false,שטוק 84 משקה כוהלי על בסיס ברנדי בטעם דבש,יינות סגל,IL,"ברנדי שטוק 84 750 מ""",מיליליטרים,750.00,"100 מ""ל",false,,81.90,0.1092,true,1,1723935
7290015356688,false,"ערק שליט 700 מ""ל 40%",ארק שליט,,ארק שליט,מיליליטרים,700.00,"100 מ""ל",false,,59.90,0.0856,true,1,1886230
7290015366359,false,מכשיר ספירה 8 שעות+נוזל להרחקת יתושים 45 לילות,זובלה הולדינגס ס.פ.א,IT,מכשיר 8 שעות +רפיל נוזל,יחידה,0.00,יחידה,false,,34.90,0.0000,true,1,1297726
7290015366366,false,מכשיר 8 שעות + נוזל 90 לילות,זובלה,IT,מכשיר 8 שעות +רפיל נוזל,יחידה,0.00,יחידה,false,,44.90,0.0000,true,1,1297736
7290015366663,false,"אקווה פרש משחת שיניים מנטה עדין 100מ""ל",אקווה פרש Aquafresh,SK,משחת שיניים אקווה פר,גרמים,100.00,100 גרם,false,,7.90,0.0790,true,1,1341903
7290015366670,false,משחת שיניים הגנה משולשת מנטה מרענן,אקווה פרש Aquafresh,SK,משחת שיניים אקוה פרש,גרמים,100.00,100 גרם,false,,7.90,0.0790,true,1,1341904
7290015366717,false,"סטייל מסכה ארגן קוקוס 500 מ""ל",,,מסיכה ארגן קוקוס 500,מיליליטרים,500.00,"100 מ""ל",false,,29.90,0.0598,true,1,1342099
7290015366724,false,"סטייל קרם לחות ארגן קוקוס 400 מ""ל",,,קרם לחות ארגן קוקוס,מיליליטרים,400.00,"100 מ""ל",false,,29.90,0.0747,true,1,1342100
7290015395939,false,חטיף יפני 150 ג' - ENJOY,דין שיווק,IL,חטיף יפני 150 גרם -,גרמים,150.00,100 גרם,false,,12.90,0.0860,true,1,2197334
7290015395960,false,בוטן רביולי 150 גרם,דין שיווק,IL,בוטן רביולי 150 גרם,גרמים,150.00,100 גרם,false,,12.90,0.0860,true,1,2197335
7290015437431,false,רכז רימונים תומר 420,תומר,,רכז רימונים 420 גרם,גרמים,420.00,100 גרם,false,,19.90,0.0474,true,1,1291897
7290015437578,false,מוזלי קראנצ'י צימוק תפוח מיובש גרעיני חמנ' 600ג',ויטליה,,מיזלי קראנצי+צימוק ת,גרמים,600.00,100 גרם,false,,14.90,0.0248,true,1,1307850
7290015437585,false,מוזלי קראנצ'י צימוק שוקולד ובננה 600ג',,,מיזלי קראנצי+צימוק ו,גרמים,600.00,100 גרם,false,,14.90,0.0248,true,1,1307851
7290015470094,false,טוסו שוקולד מריר תפוז ללא סוכר 100 ג',ALTINMARKA,TR,טוסו שוקולד מריר תפו,גרמים,100.00,100 גרם,false,,7.90,0.0790,true,1,1393160
7290015470391,false,קרם ידיים מועשר בשמן זית לעור רגיל עד יבש,אינטרקוסמא,IL,חדש-פנג'ל פלוס קרם ידיים,מיליליטרים,100.00,"100 מ""ל",false,,9.90,0.0990,true,1,1330622
7290015519816,false,"מזרון שטח כמו בבית 170*60*4 ס""מ",ארטוס,,מזרון שטח כמו בבית,יחידה,0.00,יחידה,false,,99.90,0.0000,true,1,2205410
7290015596398,false,"אלכוג'ל תפוח לשמירת הגיינת ידיים 100 מ""ל","ד""ר פישר Dr fischer",IL,"אלכוג'ל 100 מ""ל קיווי-לימ",מיליליטרים,100.00,"10 מ""ל",false,,9.90,0.0990,true,1,1284030
7290015596817,false,"ד""ר פישר - אפקטיב קר קרם גוף מועשר בשמן קוקוס 450 מ""ל",,,קרם גוף מועשר בשמן ק,מיליליטרים,450.00,"100 מ""ל",false,,21.90,0.0487,true,1,2158026
7290015596831,false,"ד""ר פישר EFFECTIVE CARE קרם גוף בשמן אבוקדו 450 מ""ל","ד""ר פישר Dr fischer",,קרם גוף מועשר בשמן א,מיליליטרים,450.00,"100 מ""ל",false,,21.90,0.0487,true,1,2158027
7290015599030,false,צהובה טבעונית בטעם פ,,,צהובה טבעונית בטעם פ,גרמים,200.00,100 גרם,false,,23.90,0.1195,true,1,1997227
7290015599054,false,פרוסות צהובה טבעונית בטעם גבינת צ'דר,וגה מוצרים טבעוניים VEGA,GR,צהובה טבעונית בטעם צ,גרמים,200.00,100 גרם,false,,23.90,0.1195,true,1,1997229
7290015599191,false,ממרח שמנת טבעונית בס,ביוט איילנד פודס,,ממרח טבעוני בסגנון ג,גרמים,170.00,100 גרם,false,,17.90,0.1053,true,1,1997233
7290015599207,false,ממרח שמנת טבעונית בט,ביוט איילנד פודס,,ממרח טבעוני בסגנון ג,גרמים,170.00,100 גרם,false,,17.90,0.1053,true,1,1997234
7290015599504,false,ממרח בטעם חמאה אורגנ,גוד פוד פרודקטס S.p,DK,ממרח בטעם חמאה אורגנ,גרמים,225.00,100 גרם,false,,17.90,0.0796,true,1,1866950
7290015602297,false,מגש מחולק,,,מגש מחולק,יחידה,0.00,יחידה,false,,6.90,0.0000,true,1,1323968
7290015602303,false,מגש מחולק,,,מגש מחולק,יחידה,0.00,יחידה,false,,6.90,0.0000,true,1,1323969
7290015602358,false,מאפינס גדול 20 יח' תבניכל,,,מאפינס גדול יום הולד,יחידה,0.00,יחידה,false,,4.90,0.0000,true,1,2133878
7290015602365,false,מאפינס קטן 20 יח' תבניכל,,,מאפינס קטן יום הולדת,יחידה,0.00,יחידה,false,,4.50,0.0000,true,1,2133879
7290015602853,false,קערת אירוח חד פעמי,,,קערת אירוח חד פעמי,יחידה,0.00,יחידה,false,,9.90,0.0000,true,1,1324016
7290015641470,false,תבניות אלומיניום 3 י,,,תבניות אלומיניום 3 י,יח',3.00,יח',false,,9.90,3.3000,true,1,2266527
7290015641487,false,תבניות אלומיניום 4 י,,,תבניות אלומיניום 4 י,יח',4.00,יח',false,,9.90,2.4750,true,1,2266751
7290015641494,false,תבניות אלומיניום 4 י,,,תבניות אלומיניום 4 י,יח',4.00,יח',false,,9.90,2.4750,true,1,2266537
7290015641500,false,תבניות אלומיניום 10,,,תבניות אלומיניום 10,יח',10.00,יח',false,,9.90,0.9900,true,1,2266538
7290015641517,false,תבניות אלומיניום 7 י,,,תבניות אלומיניום 7 י,יח',7.00,יח',false,,9.90,1.4143,true,1,2266539
7290015641524,false,תבניות אלומיניום 4 י,,,תבניות אלומיניום 4 י,יח',4.00,יח',false,,9.90,2.4750,true,1,2266762
7290015652384,false,"קמח תירס ללא גלוטן 1 ק""ג",דין שיווק,IT,"קמח תירס 1 ק""ג ללא ג",קילוגרמים,1.00,"ק""ג",false,,9.90,9.9000,true,1,1409445
7290015652391,false,"קמח תירס ללא גלוטן 1 ק""ג",דין שיווק,IT,"קמח תירס 1 ק""ג ללא ג",קילוגרמים,1.00,"ק""ג",false,,8.90,8.9000,true,1,1409452
7290015652513,false,תערובת תבלינים לסטייק ובשרים על האש,"דין שיווק וקליה בע""מ",IL,תבלין לסטייק 150 גרם,גרמים,150.00,100 גרם,false,,9.90,0.0660,true,1,1591525
7290015652537,false,"תערובת תיבול פלפל, לימון פרסי ושום לבשר ותבשילים","דין שיווק וקליה בע""מ",IL,תבלין פלפל לימון פרס,גרמים,130.00,100 גרם,false,,9.90,0.0762,true,1,1591527
7290015652544,false,תבלין גריל עוף ארומטי 130 גרם - אהרוני,נווה התבלין,IL,תבלין גריל עוף 130 ג,גרמים,120.00,100 גרם,false,,9.90,0.0825,true,1,1591528
7290015652551,false,תערובת תיבול זעתר ושומשום בלדי,נווה התבלין,IL,תבלין זעתר שומשום 15,גרמים,150.00,100 גרם,false,,9.90,0.0660,true,1,1591529
7290015652568,false,עשבי תיבול לדגים אהר,"דין שיווק וקליה בע""מ",IL,תבלין תיבול לדג 70 ג,גרמים,70.00,100 גרם,false,,9.90,0.1414,true,1,1591530
7290015652575,false,תבלין ראס אל חנות 150 גרם - אהרוני,"דין שיווק וקליה בע""מ",IL,תבלין ראס אל חנות 15,גרמים,150.00,100 גרם,false,,9.90,0.0660,true,1,1591531
7290015652582,false,תבלין לחריימה דג אהר,"דין שיווק וקליה בע""מ",IL,תבלין חרימה דג 150 ג,גרמים,150.00,100 גרם,false,,9.90,0.0660,true,1,1591532
7290015652599,false,תערובת מתובלת להכנת צלי בקר,"דין שיווק וקליה בע""מ",IL,תבלין צלי בקר 120 גר,גרמים,120.00,100 גרם,false,,9.90,0.0825,true,1,1591533
7290015673013,false,טחון לצלייה על הגריל,טבע דלי בעמ,IL,טחון לצליה לקציצות ו,גרמים,500.00,100 גרם,false,,24.90,0.0498,true,1,1445225
7290015673181,false,בורגר על האש קליפורנ,טבע דלי,IL,בורגר קליפורניה 400,גרמים,400.00,100 גרם,false,,24.90,0.0622,true,1,1347547
7290015673570,false,קריספי נגיסי טופו מו,טבע דלי,IL,קריספי טופו מוכן לאכ,גרמים,350.00,100 גרם,false,,24.90,0.0711,true,1,2239871
7290015673587,false,קריספי נגיסי טופו רו,טבע דלי,IL,קריספי טופו ברוטב אס,גרמים,350.00,100 גרם,false,,24.90,0.0711,true,1,2239872
7290015673594,false,קריספי טופו ברוטב בו,טבע דלי,IL,קריספי טופו ברוטב בו,גרמים,350.00,100 גרם,false,,24.90,0.0711,true,1,2239873
7290015673617,false,כדורי בשר ללא בשר קי,,,כדורי בשר ללא בשר קי,גרמים,400.00,100 גרם,false,,24.90,0.0622,true,1,2239874
7290015699730,false,סבון דה מארסיי יעקבי 1.5 ליטר *חדש-,וונדפוט,,הפי רצפות מבושם 1.5,ליטרים,1.50,ליטר,false,,14.90,9.9333,true,1,1417450
7290015733120,false,מטרנה גולד שלב 1 תרכובת מזון על בסיס חלבי,מטרנה,IL,מטרנה גולד שלב 1 700,גרמים,700.00,100 גרם,false,,74.90,0.1070,true,1,1790970
7290015733205,false,תרכובת מזון לתינוקות חלבי שלב 1 אקסטרה קר מהדרין,מטרנה,IL,מטרנה אקסטרה קר מהדר,גרמים,700.00,100 גרם,false,,59.90,0.0856,true,1,1815721
7290015733229,false,תרכובת מזון לתינוקות חלבי שלב 2 אקסטרה קר מהדרין,מטרנה,IL,מטרנה אקסטרה קר מהדר,גרמים,700.00,100 גרם,false,,59.90,0.0856,true,1,1815722
7290015733243,false,מטרנה אקסטרה קר מהדרין שלב 3 700ג',מטרנה,IL,מטרנה אקסטרה קר מהדר,גרמים,700.00,100 גרם,false,,59.90,0.0856,true,1,1815723
7290015733427,false,מטרנה דייסת גם וגם וניל פרו12*300ג 2019,מולינו ניקולי s.p.a,IL,דייסת גם וגם וניל פי,גרמים,300.00,100 גרם,false,,22.90,0.0763,true,1,2130926
7290015733441,false,מטרנה דייסת גם וגם דגנים פרו 300 גר',מטרנה תעשיות ש.מ,IL,דייסת גם וגם דגנים 3,גרמים,300.00,100 גרם,false,,22.90,0.0763,true,1,2130927
7290015733939,false,"תרכובת מזון A.R על בסיס חלבי בתוספת עמילן תפו""א ותירס",מטרנה,,"A.R מטרנה בד""ץ 700 ג",גרמים,700.00,100 גרם,false,,79.90,0.1141,true,1,2182744
7290015733977,false,תרכובת מזון קומפורט על בסיס חלבי דל לקטוז,מטרנה,,מטרנה אקסטרה קר קומפ,גרמים,700.00,100 גרם,false,,59.90,0.0856,true,1,2193525
7290015804400,false,עגבניות מרוסקות טל 260 ג',טל,,עגבניות מרוסקות טל,גרמים,250.00,100 גרם,false,,3.50,0.0140,true,1,1333032
7290015804417,false,עגבניות מרוסקות מתובלות עם שום,טל,,עגבניות מרוסקות עם ש,גרמים,250.00,100 גרם,false,,3.50,0.0140,true,1,1333033
7290015804424,false,עגבניות מרוסקות ובזיליקום ועשבי תיבול טל 260 ג',טל,,עגבניות מרוסקות בטעם,גרמים,250.00,100 גרם,false,,3.50,0.0140,true,1,1333034
7290015804486,false,עגבניות מרוסקות בטעם שקשוקה טל 260 ג',טל,,רוטב עגבניות מרוכז ו,גרמים,250.00,100 גרם,false,,3.50,0.0140,true,1,1333042
7290015848961,false,אולטרסול קרם פנים 75,,,אולטרסול קרם פנים 75,מיליליטרים,75.00,"100 מ""ל",false,,49.90,0.6653,true,1,1346791
7290015856492,false,חטיפי קרקר עם מלח 180 גר',,,קרקר חטיפית מלוח,גרמים,180.00,100 גרם,false,,4.90,0.0272,true,1,2041604
7290015856508,false,חטיפי קרקר עם שומשום 180 גר',הדר,,חטיפי קרקר עם שומשום,גרמים,180.00,100 גרם,false,,4.90,0.0272,true,1,2041605
7290015856515,false,חטיפי קרקר בטעם בצל הדר,,,קרק חטיפית בצל,גרמים,180.00,100 גרם,false,,4.90,0.0272,true,1,2041606
7290015856539,false,חטיפי ביסקוויט בצורת חיות,הדר,,בסקויט גן חיות,גרמים,180.00,100 גרם,false,,4.90,0.0272,true,1,2041608
7290015856546,false,חטיפי ביסקויט בצורת חיות 180 גר,,,חטיפי קרקר בצורת דגי,גרמים,180.00,100 גרם,false,,4.90,0.0272,true,1,2041609
7290015856607,false,קרקר תירוש מלוח מתוק חצי מצופה בטעם שוקולד,אפיפית נצרת תעשיות ב,IL,קרקר תירוש חצי מצופה,גרמים,175.00,100 גרם,false,,7.90,0.0451,true,1,2144278
7290015856621,false,ביסקוויט תירוש בטעם קרמל 175 גר'.,אפיפית נצרת תעשיות ב,IL,בסקויט תירוש קרמל חצ,גרמים,175.00,100 גרם,false,,7.90,0.0451,true,1,2144279
7290015856690,false,"קרם קרקר ""הדר"" 1 ק""ג",אפיפית נצרת תעשיות ב,IL,קרם קרקר,קילוגרמים,1.00,"ק""ג",false,,18.90,18.9000,true,1,2159305
7290015856706,false,חטיף אפונה אפויה טבע,תות תעשיות מזון (201,IL,סנקסו חטיף אפונה,גרמים,50.00,100 גרם,false,,5.90,0.1180,true,1,2209389
7290015856720,false,חטיף אפונה אפויה עם,תות תעשיות מזון (201,IL,סנקסו חטיף אפונה,גרמים,50.00,100 גרם,false,,5.90,0.1180,true,1,2209391
7290015856737,false,חטיף אפונה אפויה עם,אפיפית נצרת (1971) ב,IL,סנקסו חטיף אפונה,גרמים,50.00,100 גרם,false,,5.90,0.1180,true,1,2209392
7290015856751,false,פירורי עוגיות אמריקאיות 250 גר',,,פירורי עוגיות אמריקא,גרמים,250.00,100 גרם,false,,5.90,0.0236,true,1,2174869
7290015856768,false,פירורי עוגיות בטעם קרמל 250 גר',,,פירורי עוגיות בטעם ק,גרמים,250.00,100 גרם,false,,5.90,0.0236,true,1,2174870
7290015856829,false,הבסקויט של הקרמבו שוקו 200 גר',,,הבסקוויט של ה שוקו,יחידה,0.00,יחידה,false,,4.90,0.0000,true,1,2193555
7290015856935,false,ביסקוויט אקסטרא בטעם חמאה 400 גר',הדר,,ביסקוויט בטעם חמאה ה,גרמים,400.00,100 גרם,false,,8.90,0.0223,true,1,2213922
7290015856942,false,קרם קרקר עם זעתר 250,,,קרם קרקר 250 גרם הדר,גרמים,250.00,100 גרם,false,,5.90,0.0236,true,1,2237558
7290015856973,false,פתי בר ללא סוכר 150 גר הדר וניל,,,ביסקוויט תה וניל ללא,גרמים,150.00,100 גרם,false,,5.90,0.0393,true,1,2251874
7290015856980,false,פתי בר ללא סוכר 150 גר הדר שוקו,,,ביסקוויט תה שוקו ללא,גרמים,150.00,100 גרם,false,,5.90,0.0393,true,1,2251875
7290015858106,false,ממרח פסטו ביתי 180 ג' עללחם,"מדשא תעשיות מזון בע""",IL,ממרח פסטו ביתי 180 ג,גרמים,180.00,100 גרם,false,,14.90,0.0828,true,1,2069855
7290015858113,false,ממרח עגבניות מיובשות 180 גרם עללחם,"מדשא תעשיות מזון בע""",IL,ממרח עגבניות מיובשות,גרמים,180.00,100 גרם,false,,14.90,0.0828,true,1,2069863
7290015858144,false,ממרח ארטישוק עלחחם 180 ג',זאביק יצור ושיווק מז,IL,ממרח ארטישוק 180 גרם,גרמים,180.00,100 גרם,false,,14.90,0.0828,true,1,2069856
7290015858175,false,ממרח פלפלים קלויים 180 גרם עללחם,זאביק יצור ושיווק מז,IL,ממרח פלפלים קלויים 1,גרמים,180.00,100 גרם,false,,14.90,0.0828,true,1,2069864
7290015858212,false,ממרח לימון כבוש עללחם 180 ג',,,ממרח לימון כבוש 180,גרמים,180.00,100 גרם,false,,14.90,0.0828,true,1,2069865
7290015858229,false,טפנד זיתי קלמטה 180 גרם עללחם,"מדשא תעשיות מזון בע""",IL,ממרח טפנד זיתי קלמטה,גרמים,180.00,100 גרם,false,,14.90,0.0828,true,1,2069866
7290015858328,false,ממרח איולי פסטו 295 ג' עללחם,עלית,IL,איולי פסטו עללחם,גרמים,295.00,גרם,false,,13.90,0.0471,true,1,2276276
7290015858441,false,ממרח איולי פלפלים 295 ג' עללחם,עלית,IL,איולי פלפלים עללחם,גרמים,295.00,גרם,false,,13.90,0.0471,true,1,2276277
7290015858687,false,ממרח איולי שום 295 ג' עללחם,עלית,IL,איולי שום עללחם,גרמים,295.00,גרם,false,,13.90,0.0471,true,1,2276278
7290015858694,false,"עללחם איולי שום לימון, 295 גרם",אסם,,איולי שום לימון עללח,גרמים,295.00,גרם,false,,13.90,0.0471,true,1,2276279
7290015865722,false,קונפיטורת תות שדה ענ,ענבי ציון,IL,קונפיטורת תות שדה ענ,גרמים,400.00,100 גרם,false,,19.90,0.0497,true,1,2245790
7290015865739,false,קונפיטורת לייט אוכמנ,,,קונפיטורת אוכמניות ע,גרמים,400.00,100 גרם,false,,19.90,0.0497,true,1,2245791
7290015865746,false,קונפיטורת לייט פירות,,,קונפיטורת פירות יער,גרמים,400.00,100 גרם,false,,19.90,0.0497,true,1,2245792
7290015899390,false,תרסיס לניקוי והברקת נירוסטה ומתכות אחרות,סאסאטק SASATECK,,תרסיס לניקוי והברקת,מיליליטרים,500.00,"100 מ""ל",false,,9.90,0.0198,true,1,1462575
7290015899505,false,חיטוי פירות וירקות מסיר שאריות של חומרי הדברה,פרפקט Perfect,,חיטוי פירות וירקות 1,ליטרים,1.00,ליטר,false,,9.90,9.9000,true,1,1656905
7290015899512,false,אקונומיקה בניחוח לימון,סאסאטק SASATECK,,אקונומיקה מבושמת לימ,ליטרים,4.00,ליטר,false,,8.90,2.2250,true,1,1313575
7290015899529,false,אקונומיקה בניחוח פרחים,סאסאטק SASATECK,,אקונומיקה מבושמת פרח,ליטרים,4.00,ליטר,false,,8.90,2.2250,true,1,1313576
7290015899628,false,נוזל רב תכליתי מנקה ומבריק,סאסאטק SASATECK,,נוזל רב תכליתי 1 ליט,ליטרים,1.00,ליטר,false,,9.90,9.9000,true,1,1320964
7290015899970,false,אקונומיקה סמיכה בניחוח לימון,סאסאטק SASATECK,,אקונומיקה סמיכה בניח,ליטרים,4.00,ליטר,false,,8.90,2.2250,true,1,1332059
7290015899994,false,מסיר אבן 1 ליטר פרפק,סאסאטק SASATECK,,מסיר אבן 1 ליטר פרפק,ליטרים,1.00,ליטר,false,,9.90,9.9000,true,1,1332843
7290015968010,false,כפפות ניטריל שחורות ללא אבקה - S,סייף טאץ' Safe Touch,,כפפות ניטריל שחורות,יח',100.00,יח',false,,24.90,0.2490,true,1,2094403
7290015968089,false,"צלחות פלסטיק עבות כ-17 ס""מ במבחר צבעים",הוסטס Hostess,,צלחות פלסטיק עבות 25,יח',25.00,יח',false,,6.90,0.2760,true,1,1362008
7290015968683,false,צלחת קריסטל פרח שקופ,J.E&W.Inc,,צלחות חד פעמי פרח שק,יח',10.00,יח',false,,16.90,1.6900,true,1,1712795
7290015968713,false,צלחת קריסטל מעוטרת בינונית,הוסטס Hostess,,צלחות מעוטרות בינוני,יח',10.00,יח',false,,15.90,1.5900,true,1,1712783
7290015968720,false,צלחת קריסטל מעוטרת גדולה,הוסטס Hostess,,צלחות מעוטרות גדולות,יח',10.00,יח',false,,22.90,2.2900,true,1,1712784
7290015968874,false,מפיות מודפסות 20 יח',W.W.P.Co.Ltd,,מפיות מודפסות 20 יח',יח',20.00,יח',false,,8.90,0.4450,true,1,1712819
7290015968898,false,מפיות מודפסות 20 יח',W.W.P.Co.Ltd,CN,מפיות מודפסות 20 יח',יח',20.00,יח',false,,8.90,0.4450,true,1,1712821
7290015968904,false,מפיות מודפסות 20 יח',W.W.P.Co.Ltd,,מפיות מודפסות 20 יח',יח',20.00,יח',false,,8.90,0.4450,true,1,1712822
7290015968911,false,"מפיות מודפסות 33*33 ס""מ הוסטס",W.W.P.Co.Ltd,,מפיות מודפסות 20 יח',יח',20.00,יח',false,,8.90,0.4450,true,1,1712823
7290015968935,false,מפיות מודפסות 20 יח',,,מפיות מודפסות 20 יח',יח',20.00,יח',false,,8.90,0.4450,true,1,1712825
7290015968942,false,מפיות מודפסות 20 יח',W.W.P.Co.Ltd,,מפיות מודפסות 20 יח',יח',20.00,יח',false,,8.90,0.4450,true,1,1712826
7290015968959,false,מפיות מודפסות 20 יח',W.W.P.CO,,מפיות מודפסות 20 יח',יח',20.00,יח',false,,8.90,0.4450,true,1,1712827
7290015968973,false,כפפות ניטריל שחורות ללא אבקה - M,סייף טאץ' Safe Touch,,כפפות ניטריל שחורות,יח',100.00,יח',false,,24.90,0.2490,true,1,2094404
7290015968980,false,כפפות ניטריל שחורות ללא אבקה - L,סייף טאץ' Safe Touch,,כפפות ניטריל שחורות,יח',100.00,יח',false,,24.90,0.2490,true,1,2094405
7290015968997,false,כפפות ניטריל שחורות,,,כפפות ניטריל שחורות,יח',100.00,יח',false,,24.90,0.2490,true,1,2094406
7290015996983,false,סוכרזית סוכרלוז 0קלוריות 130גר,ביסקול בעn,IL,סוכרזית סוכרלוז 100,גרמים,130.00,100 גרם,false,,26.90,0.2069,true,1,1795708
7290016006292,false,נקטר מנגו בננה מלון קרטונית 1 ל' ספרינג,"יפאורה תבורי בע""מ",IL,ספרינג קרטונית מנגו,ליטרים,1.00,ליטר,false,,6.60,6.6000,true,1,1351858
7290016006339,false,מים מינרלים - מארז רביעייה,מופק ממקור בזלתי עדן,IL,רביעייה מי עדן 1 ליט,ליטרים,4.00,ליטר,false,,9.90,2.4750,true,1,1687975
7290016006346,false,שוופס סודה מארז שישייה * 0.5 ל',יפאורה תבורי בעמ,IL,שוופס סודה שישייה מו,ליטרים,3.00,ליטר,false,,14.90,4.9667,true,1,1687976
7290016077759,false,רוטב היינץ ברביקיו ק,היינץ Heinz,,רוטב ברבקיו 480 גרם,גרמים,480.00,100 גרם,false,,12.90,0.0269,true,1,1677310
7290016083323,false,עוגיות בדלי בטעמים ש,מאפיית ישראל חיפה,IL,עוגיות בדלי בטעמים ש,גרמים,500.00,100 גרם,false,,15.90,0.0318,true,1,2229481
7290016083378,false,עוגיות במילוי טעם שו,מאפיית ישראל חיפה,IL,עוגיות בדלי בטעמים ש,גרמים,500.00,100 גרם,false,,15.90,0.0318,true,1,2229484
7290016083583,false,עוגיות בדלי בטעמים ש,,,עוגיות בדלי בטעמים ש,גרמים,500.00,100 גרם,false,,15.90,0.0318,true,1,2184280
7290016083590,false,עוגיות בדלי בטעמים ש,,,עוגיות בדלי בטעמים ש,גרמים,500.00,100 גרם,false,,15.90,0.0318,true,1,2200934
7290016083613,false,עוגיות בדלי בטעמים ש,,,עוגיות בדלי בטעמים ש,גרמים,500.00,100 גרם,false,,15.90,0.0318,true,1,2200936
7290016083651,false,עוגיות בדלי בטעמים ש,,,עוגיות בדלי בטעמים ש,גרמים,600.00,100 גרם,false,,15.90,0.0265,true,1,2200940
7290016094008,false,אולטרסול קרם פנים 75,פישר מעבדות פרמצבטיו,IL,אולטרסול קרם פנים 75,מיליליטרים,75.00,"100 מ""ל",false,,49.90,0.6653,true,1,1346794
7290016094695,false,אלכוג'ל לשמירה על הייגיינת הידיים 70% אלכוהול,פישר מעבדות פרמצבטיו,IL,אלכוג'ל טבעי 500 מל,מיליליטרים,500.00,"100 מ""ל",false,,19.90,0.0398,true,1,2125818
7290016106657,false,נתחי טונה בהירה בשמן צמחי - מארז רביעייה,דיאמוד פוד פרודקט סי,IL,רביעיית טונה בשמן בד,גרמים,560.00,100 גרם,false,,19.90,0.0355,true,1,2266238
7290016106664,false,נתחי טונה בהירה במי מלח - מארז רביעייה,דיאמוד פוד פרודקט סי,IL,רביעיית טונה במים בד,גרמים,560.00,100 גרם,false,,19.90,0.0355,true,1,2266243
7290016106671,false,נתחי טונה בהירה בשמן צמחי,טעמן,,טונה בודד בשמן טעמן,גרמים,140.00,100 גרם,false,,5.90,0.0421,true,1,2279713
7290016106688,false,נתחי טונה בהירה במי מלח,טעמן,,טונה בודד במים טעמן,גרמים,140.00,100 גרם,false,,5.90,0.0421,true,1,2279714
7290016117189,false,ברזלית 5 יחידות פרפק,פרפקט Perfect,,ברזלית 5 יחידות פרפק,יח',5.00,יח',false,,7.90,1.5800,true,1,1357583
7290016117196,false,כריות יפניות דו צדדיות,פרפקט Perfect,,כרית יפנית דו צדדית,יח',4.00,יח',false,,9.90,2.4750,true,1,1357568
7290016117226,false,כרית יפנית שישיה פרפ,פרפקט Perfect,,כרית יפנית שישיה פרפ,יח',6.00,יח',false,,9.90,1.6500,true,1,1357570
7290016117233,false,כריות קרצוף 6 יחידות,פרפקט Perfect,,כריות קרצוף 6 יחידות,יח',6.00,יח',false,,7.90,1.3167,true,1,1357585
7290016132243,false,סל כביסה גבוה גמיש 6,,,סל כביסה גבוה גמיש 6,יחידה,0.00,יחידה,false,,29.90,0.0000,true,1,2231187
7290016135541,false,אטריות ביצים 3 צבעים פוזילי,,,פסטה ביצים 3 צבעים פ,גרמים,400.00,100 גרם,false,,9.90,0.0248,true,1,1395404
7290016136111,false,תערובת להכנת מאפים ללא גלוטן,ג'י פרי Gfree,,תערובת קמח רב תכליתי,גרמים,500.00,100 גרם,false,,16.90,0.0338,true,1,1346456
7290016136692,false,משחת שיניים הגנה משולשת מנטה מרענן- שלישייה,אקווה פרש Aquafresh,,משחת שיניים שלישיה מ,מיליליטרים,300.00,"100 מ""ל",false,,19.90,0.0663,true,1,1392715
7290016136708,false,משחת שיניים הגנה משולשת מנטה עדין- שלישייה,אקווה פרש Aquafresh,,א.פרש שלישיה עדין,מיליליטרים,300.00,"100 מ""ל",false,,19.90,0.0663,true,1,1392716
7290016136722,false,פתיתים פנה ללא גלוטן 340 ג',,,פתיתים פנה ללא גלוטן,גרמים,340.00,100 גרם,false,,7.90,0.0232,true,1,1439769
7290016136739,false,פתיתים פוזילי ללא גלוטן 340 ג',,,פתיתים פוזילי ללא גל,גרמים,340.00,100 גרם,false,,7.90,0.0232,true,1,1439818
7290016144000,false,"קמח חיטה מלאה נפלאות 80% 1 ק""ג","קמח מלכים בע""מ",IL,קמח חיטה מלא 80% נפל,קילוגרמים,1.00,"ק""ג",false,,9.90,9.9000,true,1,1332275
7290016144017,false,"קמח חיטה מלאה נפלאות 100% 1 ק""ג",קמח מלכים,IL,קמח חיטה מלא 100% נפ,קילוגרמים,1.00,"ק""ג",false,,9.90,9.9000,true,1,1332276
7290016144024,false,"קמח כוסמין מלא נפלאות 100% 1 ק""ג","קמח מלכים בע""מ",IL,קמח כוסמין מלא 100%,קילוגרמים,1.00,"ק""ג",false,,14.90,14.9000,true,1,1406627
7290016144031,false,"קמח חיטה לבן נפלאות 1 ק""ג",קמח מלכים,IL,קמח לבן מנופה נפלאות,קילוגרמים,1.00,"ק""ג",false,,6.90,6.9000,true,1,1406628
7290016144055,false,"קמח כוסמין נפלאות 80% 1 ק""ג",קמח מלכים,IL,קמח כוסמין מלא 80% נ,קילוגרמים,1.00,"ק""ג",false,,14.90,14.9000,true,1,1660485
7290016144062,false,"קמח שיפון מלא נפלאות, 1 ק""ג",קמח מלכים,IL,קמח שיפון מלא,קילוגרמים,1.00,"ק""ג",false,,8.90,8.9000,true,1,2279795
7290016144079,false,"קמח חיטה כפרי 1 ק""ג נפלאות",קמח מלכים,IL,קמח חיטה כפרי,קילוגרמים,1.00,"ק""ג",false,,8.90,8.9000,true,1,2279796
7290016144086,false,נפלאות קמח חלה מנופה 1 ק”ג,קמח מלכים,IL,קמח חלה,קילוגרמים,1.00,"ק""ג",false,,6.90,6.9000,true,1,2279797
7290016144093,false,"קמח לחם נפלאות, 1 ק""ג",קמח מלכים,IL,קמח לחם,קילוגרמים,1.00,"ק""ג",false,,6.90,6.9000,true,1,2279798
7290016144116,false,"קמח תופח נפלאות, 1 ק""ג",קמח מלכים,IL,קמח תופח,קילוגרמים,1.00,"ק""ג",false,,8.90,8.9000,true,1,2279799
7290016188592,false,"יין למברוסקו אדום חצי יבש 750 מ""ל","כד בני דרום בע""מ",IT,יין למברוסקו אדום חצ,מיליליטרים,750.00,"100 מ""ל",false,,23.90,0.0319,true,1,1935449
7290016188608,false,"יין למברוסקו לבן חצי יבש 750מ""ל",יקב גאקובזי,IT,יין למברוסקו לבן חצי,מיליליטרים,750.00,"100 מ""ל",false,,23.90,0.0319,true,1,1935450
7290016217742,false,חציל בטחינה שמיר 200 ג',"סלטי שמיר 2006 בע""מ",IL,חציל בטחינה,גרמים,200.00,100 גרם,false,,9.90,0.0495,true,1,2131313
7290016217759,false,חצילים בסגנון מרוקאי,"סלטי שמיר 2006 בע""מ",IL,חציל מרוקאי 200 גרם,גרמים,200.00,100 גרם,false,,11.90,0.0595,true,1,2131314
7290016217988,false,גרבדלקס סלמון כבוש 100 גרם,"סלטי שמיר 2006 בע""מ",,גרבלקס חדש,גרמים,100.00,100 גרם,false,,21.90,0.2190,true,1,2231355
7290016233247,false,עגבניות מיובשות קצוצות עם זיתים ירוקים מתובלים,תומר,,עגבניות מיובשות 250,גרמים,250.00,100 גרם,false,,9.90,0.0396,true,1,1341596
7290016233254,false,עגבניות מיובשות קצוצות מתובלות,תומר,,עגבניות מיובשות 250,גרמים,250.00,100 גרם,false,,9.90,0.0396,true,1,1341597
7290016233261,false,עגבניות מיובשות 250,,,עגבניות מיובשות 250,גרמים,250.00,100 גרם,false,,9.90,0.0396,true,1,1341598
7290016246018,false,בארכה מיקס פינוקיות חלווה 10*20ג,רושדי תעשיות מזון בע,IL,בארכה מיקס פינוקיות,גרמים,200.00,100 גרם,false,,11.90,0.0595,true,1,1341724
7290016246025,false,בארכה מיקס פינוקיות חלווה ללא סוכר 10*20ג,רושדי תעשיות מזון בע,IL,בארכה מיקס פינוקיות,גרמים,200.00,100 גרם,false,,11.90,0.0595,true,1,1341725
7290016246209,false,בארכה חטיף חלווה וניל 100 ג',בארכה,,חלבה בארכה חטיף וניל,גרמים,100.00,100 גרם,false,,3.00,0.0300,true,1,1428860
7290016246308,false,חטיף חלבה וניל קוקוס בארכה בקטנה 18ג',רושדי תעשיות מזון בע,IL,מאגדת בארכה חטיף חלב,גרמים,126.00,100 גרם,false,,9.90,0.0786,true,1,1632205
7290016246445,false,טחינה גולמית מעודנת שמשום מלא בארכה 310ג',בארכה,IL,טחינה גולמית מעודנת,גרמים,310.00,100 גרם,false,,11.90,0.0384,true,1,1907789
7290016246711,false,בארכה - טחינה מתובלת גולמית מעודנת משומשום מלא אריסה 310 גרם,בארכה,IL,טחינה גולמית מעודנת,גרמים,310.00,100 גרם,false,,11.90,0.0384,true,1,2123464
7290016255003,false,מסיר שומנים להסרת לכלוך קשה,סאסאטק SASATECK,,"מסיר שומנים 750 מ""ל",מיליליטרים,750.00,"100 מ""ל",false,,9.90,0.0132,true,1,1338139
7290016255010,false,מסיר אבנית ולכלוך קשה,סאסאטק SASATECK,,מרסס מסיר אבנית 750,מיליליטרים,750.00,"100 מ""ל",false,,9.90,0.0132,true,1,1338148
7290016255027,false,ספריי קצף רב שימושי בתוספת אקונומיקה,סאסאטק SASATECK,,מרסס לניקוי כללי בתו,מיליליטרים,750.00,"100 מ""ל",false,,14.90,0.0199,true,1,1338149
7290016255034,false,ג'ל לניקוי אסלות בניחוח אורנים,סאסאטק SASATECK,,ג'ל לניקוי אסלות בני,מיליליטרים,750.00,"100 מ""ל",false,,7.90,0.0105,true,1,1332064
7290016255041,false,ג'ל לניקוי אסלות בניחוח לימון,סאסאטק SASATECK,,ג'ל לניקוי אסלות בני,מיליליטרים,750.00,"100 מ""ל",false,,7.90,0.0105,true,1,1332065
7290016255157,false,דלי מטליות לחות לרצפה בבישום מרענן,פרפקט Perfect,,דלי מטליות לחות לניק,יח',50.00,יח',false,,24.90,0.4980,true,1,1703480
7290016255393,false,מטליות נשלפות לניקוי וחיטוי כללי בבישום עדין 400 יח',פרפקט Perfect,,מטליות נשלפות לניקוי,יח',400.00,יח',false,,24.90,0.0622,true,1,1341737
7290016255492,false,נוזל מבושם לשטיפת פר,פרפקט Perfect,,נוזל מבושם לשטיפת פר,ליטרים,2.00,ליטר,false,,9.90,4.9500,true,1,1347884
7290016255508,false,נוזל לניקוי כלים בניחוח לימון,פרפקט Perfect,,נוזל לניקוי כלים 750,מיליליטרים,750.00,"100 מ""ל",false,,9.90,0.0132,true,1,1377462
7290016255515,false,נוזל לניקוי כלים בניחוח תפוח,פרפקט Perfect,,נוזל לניקוי כלים 750,מיליליטרים,750.00,"100 מ""ל",false,,9.90,0.0132,true,1,1377463
7290016255638,false,נוזל מנקה רצפות בניחוח לבנדר,פרפקט Perfect,,נוזל לניקוי רצפות בנ,ליטרים,2.00,ליטר,false,,9.90,4.9500,true,1,1347885
7290016255645,false,נוזל מנקה רצפות בניחוח מאסק,פרפקט Perfect,,נוזל לניקוי רצפות בנ,ליטרים,2.00,ליטר,false,,9.90,4.9500,true,1,1347886
7290016255652,false,נוזל מנקה רצפות בניחוח אורנים,פרפקט Perfect,,נוזל לניקוי רצפות בנ,ליטרים,2.00,ליטר,false,,9.90,4.9500,true,1,1347887
7290016255928,false,ג'ל מרוכז לכביסה לבנה וצבעונית,סאסאטק SASATECK,,ג'ל כביסה לבנה וצבעו,ליטרים,3.00,ליטר,false,,17.90,5.9667,true,1,1359753
7290016302059,false,מארז לחמניות פרנה ביס 10 יח',פרנה בייקרי,,מארז פרנה ביס 10 יח',יח',10.00,יח',false,,9.90,0.9900,true,1,2180568
7290016302073,false,מארז 3 בסיסים לפיצה,,,מארז 3 בסיסים לפיצה,יח',3.00,יח',false,,14.90,4.9667,true,1,2180570
7290016308495,false,קינוח כוסות שוט ניצו,,,קינוח כוסות שוט ניצו,יחידה,0.00,יחידה,false,,10.90,0.0000,true,1,2133886
7290016319118,false,מגע הדבש שעווה מתקלפת לפנים 100גרם,המאפיה של הרמן,ES,שעווה מגע הדבש מתקלפ,גרמים,100.00,100 גרם,false,,29.90,0.2990,true,1,2185812
7290016319187,false,עוגיות סנדוויץ' בטעם שוקולד במילוי קרם בטעם שוקולד,בטר אנד דיפרנט,IL,עוגיות סנדויץ טוסו ש,גרמים,300.00,100 גרם,false,,16.90,0.0563,true,1,2168248
7290016319200,false,טוסו מארז זוג עוגיות סנדוויץ אוראו 300 ג',,,עוגיות סנדויץ טוסו א,גרמים,300.00,100 גרם,false,,16.90,0.0563,true,1,2168250
7290016319309,false,פמלי פרלי 1ליטר מאסק קלאסי+משאבה,הנסיך- מפעל לייצור ט,TR,אל סבון פמילי 1 ליטר,ליטרים,1.00,ליטר,false,,9.90,9.9000,true,1,1833945
7290016320343,false,"דאק נוזל ג'ל לניקוי מתקדם בניחות לבנדר זוג * 750 מ""ל",טואלט דאק Toilet Duck,,"זוג ט.דאק 750 מ""ל בנ",מיליליטרים,1500.00,"מ""ל",false,,16.90,0.0113,true,1,1660504
7290016321319,false,סבון נוזלי בניחוח אשכליות אדומה 1 ל' פמלי,אינטרקוסמא,,אל סבון פמילי 1 ליטר,ליטרים,1.00,ליטר,false,,9.90,9.9000,true,1,2232133
7290016321531,false,רצועות שעווה מגע המש,שוורצקוף& הנקל דיסלד,ES,רצועות שעווה מגע המש,יחידה,0.00,יחידה,false,,19.90,0.0000,true,1,2157755
7290016321661,false,מגבונים פרש וואנס סנסיטיב קר רביעיה,עלבד משואות יצחק,IL,רביעיית מגבוני פרשוו,יח',256.00,יח',false,,15.90,0.0621,true,1,2101092
7290016321678,false,מגבונים לחים בניחוח מרענן עם תמציות קמומיל ואלוורה,עלבד משואות יצחק,IL,רביעיית מגבוני פרשוו,יח',256.00,יח',false,,15.90,0.0621,true,1,2101093
7290016321777,false,רצועות שעווה לפנים מ,שוורצקוף& הנקל דיסלד,ES,רצועות שעווה לפנים מ,יחידה,0.00,יחידה,false,,19.90,0.0000,true,1,2157762
7290016321883,false,פ.ו נייר טואלט מתכלה ילדים 40יח- שלישייה,עלבד משואות יצחק,IL,מארז שלישייה נייר טו,יח',40.00,יח',false,,14.90,0.3725,true,1,2129888
7290016321890,false,פ.ו נייר טואלט מתכלה מבוגרים 40יח- שלישייה,עלבד משואות יצחק בעמ,IL,מארז שלישייה נייר טו,יח',40.00,יח',false,,14.90,0.3725,true,1,2129889
7290016325188,false,סרט דבק לאריזה שקוף,,,סרט דבק לאריזה שקוף,יחידה,0.00,יחידה,false,,4.90,0.0000,true,1,2266044
7290016329261,false,סרקל מתיר קשרים ספריי רציףף 300 מ'ל,"ד""ר פישר Dr fischer",,סרקל ספריי מתיר קשרי,מיליליטרים,300.00,"100 מ""ל",false,,29.90,0.0997,true,1,1391903
7290016329278,false,מגבוני קמיל בלו 64 יח' * רביעיה,"ד""ר פישר Dr fischer",,רביעיית מגבונים קמיל,64 יח',256.00,64 יח',false,,15.90,0.0621,true,1,2123818
7290016329308,false,"ד""ר פישר - סרקל קרם רוזמרין לשיער מתולתל 325 מ""ל",,,סרקל קרם רוזמרין לשי,מיליליטרים,325.00,"100 מ""ל",false,,27.90,0.0858,true,1,2129318
7290016329674,false,קמיל בלו קרם פנים לתינוק לעור יבש במיוחד,"ד""ר פישר Dr fischer",,קרם פנים קמיל בלו לת,מיליליטרים,75.00,"100 מ""ל",false,,24.90,0.3320,true,1,1647963
7290016372397,false,"תה ויסוצקי ירוק תפוז,ג'ינגר וכורכום 25 יח'",ויסוצקי ירוק,IL,תה ירוק תפוז ג'ינג'ר,גרמים,37.50,100 גרם,false,,22.90,0.6107,true,1,1626170
7290016372458,false,חליטת צמחים לימונית ולואיזה הגן הקסום,קריות זול,,תה הגן הקסום לימונית,גרמים,75.00,100 גרם,false,,29.90,0.3987,true,1,1583486
7290016372489,false,ויסוצקי חליטת ג'ינג'ר ולימון סודות הצמחים 25 שקיקים,HIQ FOOD PRODUCTS,IL,חליטת ג'ינג'ר ולימון,גרמים,45.00,100 גרם,false,,17.90,0.3978,true,1,1626208
7290016372496,false,חליטת פירות וצמחים בטעם ג'ינג'ר ודבש -אפקט הג'ינג'ר,קריות זול,IL,חליטת ג'ינג'ר ודבש ס,גרמים,45.00,100 גרם,false,,17.90,0.3978,true,1,1626209
7290016373691,false,מקלות חמוצים תפוח 18ג',אלבן מזון תעשיות ומס,TR,מקלות חמוצים,גרמים,20.00,100 גרם,false,,1.90,0.0950,true,1,2253168
7290016373707,false,מקלות חמוצים אפרסק 18 ג',אלבן מזון תעשיות ומס,TR,מקלות חמוצים,גרמים,20.00,100 גרם,false,,1.90,0.0950,true,1,2253169
7290016408119,false,טרליני כעכים בטעם קלאסי 225 גר' - בדץ,אפוליה,IL,כעכים טרליני בטעם קל,גרמים,225.00,100 גרם,false,,6.90,0.0307,true,1,1405863
7290016408140,false,טרליני כעכים בטעם רוטב פיצה 225 גר',,,כעכים טרליני בטעם רו,גרמים,225.00,100 גרם,false,,6.90,0.0307,true,1,1405866
7290016408157,false,טרליני כעכים עם קמח מלא 225 גר',אפוליה,IL,כעכים טרליני עם קמח,גרמים,225.00,100 גרם,false,,6.90,0.0307,true,1,1405867
7290016408164,false,טרליני כעכים בטעם שום וצי'לי פיקנטי 225 גר' - בדץ,כרמית,,כעכים טרליני בטעם שו,גרמים,225.00,100 גרם,false,,6.90,0.0307,true,1,1405868
7290016408294,false,"מרשמלו ורוד לבן וסטהיים 150 ג', 26 בקרטון",מנדלז סי.אר. פרודקשן,IL,מרשמלו ורוד לבן,גרמים,150.00,100 גרם,false,,4.90,0.0327,true,1,1750279
7290016408393,false,חטיף קרקר עם שומשום פניני 130 ג',רפאדוויטה גיי אס,LT,חטיף קרקר עם שומשום,גרמים,130.00,100 גרם,false,,6.90,0.0531,true,1,1405870
7290016408416,false,קרקר דגנים קמח שיפון,תות תעשיות מזון (201,LT,חטיף קרקר עם צ'ילי פ,גרמים,130.00,100 גרם,false,,6.90,0.0531,true,1,1405872
7290016408423,false,קרקר עם זיתים שחורים,תות תעשיות מזון (201,LT,חטיף קרקר עם זיתים ש,גרמים,130.00,100 גרם,false,,6.90,0.0531,true,1,1405873
7290016408430,false,קרקר עם תערובת תבלינ,דנוויטה ג'יי. אס. סי,LT,חטיף קרקר עם תערובת,גרמים,130.00,100 גרם,false,,6.90,0.0531,true,1,1405874
7290016408447,false,חטיף קרקר עם עגבניות ובזיליקום פניני 130 ג',דנוויטה ג'יי. אס. סי,LT,חטיף קרקר עם עגבניות,גרמים,130.00,100 גרם,false,,6.90,0.0531,true,1,1405875
7290016408720,false,אגו מיקס בייגלה מצופה שוקולד לבן 55גר* 24 בקר',כרמית,IL,בייגלה מצופה שוקולד,גרמים,55.00,100 גרם,false,,3.90,0.0709,true,1,1564403
7290016408744,false,"מרשמלו טוויסטר בד""צ 150 גר",כרמית,,מרשמלו טוויסטר,גרמים,150.00,100 גרם,false,,4.90,0.0327,true,1,1750280
7290016408980,false,"מטבעות שוקולד חלב 36 ג' כשל""פ בד""ץ",כרמית,IL,מטבעות חלב,גרמים,36.00,100 גרם,false,,3.90,0.1083,true,1,1901355
7290016437621,false,"תחתוני חיתולים פרידום דריי מידה 4 9-11 ק""ג",האגיס Huggies,CZ,חיתולי האגיס פרידום,יח',36.00,יח',false,,44.90,1.2472,true,1,1502646
7290016440218,false,עמבה מקורית עם פיר,,,עמבה מקורית עם פיר,גרמים,500.00,100 גרם,false,,12.90,0.0258,true,1,1420305
7290016440652,false,תערובת פרוסות ירקות חמוצים,,,תערובת ירקות חמוצים,גרמים,500.00,100 גרם,false,,19.90,0.0398,true,1,2213128
7290016440881,false,תערובת ירקות חמוצים בטעם טבעי,,,תערובת ירקות חמוצים,גרמים,500.00,100 גרם,false,,19.90,0.0398,true,1,2213129
7290016440911,false,מלפפונים ביתיים כבושים,מעדני עופר,,מלפפון ביתיים כבושים,גרמים,750.00,100 גרם,false,,19.90,0.0265,true,1,2213130
7290016440928,false,ירקות כבושים חמוץ מתוק (סיני),מעדני עופר,IL,ירקות כבושים חמוץ מת,גרמים,750.00,100 גרם,false,,19.90,0.0265,true,1,2213131
7290016475067,false,מארז 4 לאפות במלאכת יד,מאפיית המכבים,IL,4 יח' לאפות במארז עב,יח',4.00,יח',false,,10.90,2.7250,true,1,2085638
7290016492118,false,פפריקה מתוקה מעושנת,תבליני הדור השלישי,IL,פפריקה מעושנת,גרמים,120.00,100 גרם,false,,13.90,0.1158,true,1,2264937
7290016492125,false,פרג תבלין פילדפיה 120 גר',תבליני הדור השלישי,IL,פילדלפיה 120 גרם,גרמים,120.00,100 גרם,false,,13.90,0.1158,true,1,2264931
7290016492132,false,תבלין טוסקנה פרג 160 גר',תבליני הדור השלישי,IL,טוסקנה 160 גרם,גרמים,160.00,100 גרם,false,,13.90,0.0869,true,1,2264912
7290016492453,false,מג'דרה אורז עם עדשים,תבליני פרג,,אורז עם עדשים,גרמים,300.00,100 גרם,false,,14.90,0.0497,true,1,2264889
7290016492507,false,אורז עם ירקות,תבליני פרג,,אורז עם ירקות,גרמים,300.00,100 גרם,false,,14.90,0.0497,true,1,2264890
7290016492514,false,בורגול עם עדשים,תבליני פרג,,בורגול עם עדשים,גרמים,300.00,100 גרם,false,,14.90,0.0497,true,1,2264891
7290016492521,false,קינואה עם עדשים,תבליני פרג,,קינואה עם עדשים,גרמים,300.00,100 גרם,false,,14.90,0.0497,true,1,2264892
7290016492538,false,קינואה עם ירקות,תבליני פרג,,קינואה עם ירקות,גרמים,300.00,100 גרם,false,,14.90,0.0497,true,1,2264893
7290016492620,false,"סומסומיה - ממרח טחינה, דבש ואגוזים",תבליני פרג,,סומסומיה-ממרח,גרמים,250.00,100 גרם,false,,14.90,0.0596,true,1,2265081
7290016509304,false,סוד סבון לאסלה 4 כדוריותבניחוח לבנדר 50 ג',סוד,,סוד סבון לאסלה לבנדר,גרמים,50.00,100 גרם,false,,8.90,0.1780,true,1,1518508
7290016509342,false,סוד שלישייה סבון לאסל כחול אקטיבי אקנומיקה,הנקל סוד,IL,כדוריות שלישייה אסלה,יח',3.00,יח',false,,14.00,4.6667,true,1,1677351
7290016509786,false,פרסיל - ג'ל כביסה ירוק 2.50 ליטר,פרסיל Persil,IL,פרסיל גל 2.5 ליטר יר,ליטרים,2.50,ליטר,false,,29.90,11.9600,true,1,1858382
7290016509809,false,ג'ל מרוכז לכביסה קולור 2.5 ל' פרסיל,פרסיל Persil,IL,פרסיל גל 2.5 ליטר קו,ליטרים,2.50,ליטר,false,,29.90,11.9600,true,1,1858383
7290016509823,false,ג'ל לכביסה לבנה וצבעונית בניחוח רענן,פרסיל Persil,,פרסיל גל 2.5 ליטר בל,ליטרים,2.50,ליטר,false,,29.90,11.9600,true,1,1858384
7290016509830,false,ג'ל כביסה לבגדי תינוקות ובעלי עור רגיש Sensitive,פרסיל Persil,IL,פרסיל גל 2.5 ליטר בי,ליטרים,2.50,ליטר,false,,29.90,11.9600,true,1,1858385
7290016509847,false,ג'ל כביסה לבגדים שחורים וכהים,פרסיל Persil,IL,פרסיל גל 2.5 ליטר בל,ליטרים,2.50,ליטר,false,,29.90,11.9600,true,1,1895565
7290016574265,false,ממרח ריבת בצל מוטי,,IL,ממרח ריבת בצל 250 גר,גרמים,250.00,100 גרם,false,,19.90,0.0796,true,1,2149552
7290016574296,false,ממרח שום וזעתר 180גר,,,ממרח שום וזעתר 180גר,גרמים,180.00,100 גרם,false,,19.90,0.1106,true,1,2171997
7290016601206,false,פותח סתימות בצנרת ניקוז,פרפקט Perfect,,פותח סתימות פרפקט 1,ליטרים,1.00,ליטר,false,,14.90,14.9000,true,1,1664060
7290016601596,false,מבשם לבית בניחוח ורד אנגלי,פרפקט Perfect,,מבשם לבית ורד אנגלי,מיליליטרים,350.00,"100 מ""ל",false,,14.90,0.0426,true,1,1425159
7290016601602,false,מבשם לבית פריחת הנרקיס,פרפקט Perfect,,מבשם לבית פריחת הנרק,מיליליטרים,350.00,"100 מ""ל",false,,14.90,0.0426,true,1,1425160
7290016601619,false,מבשם לבית מאסק מרענן,,,מבשם לבית מאסק מרענן,מיליליטרים,350.00,"100 מ""ל",false,,14.90,0.0426,true,1,1425161
7290016601626,false,מבשם לבית בניחוח לבנדר טוסקנה,פרפקט Perfect,,מבשם לבית לבנדר טוסק,מיליליטרים,350.00,"100 מ""ל",false,,14.90,0.0426,true,1,1425162
7290016601701,false,סבון נוזלי בניחוח ים Blue Lagoon- מארז שלישייה,פרפקט Perfect,,שלישיית אל סבון בני,מיליליטרים,1500.00,"100 מ""ל",false,,14.90,0.0099,true,1,1423970
7290016601725,false,סבון נוזלי בניחוח טרופי Fresh Yellow- מארז שלישייה,פרפקט Perfect,,שלישיית אל סבון בני,מיליליטרים,1500.00,"100 מ""ל",false,,14.90,0.0099,true,1,1423972
7290016601732,false,סבון נוזלי בניחוח ים,פרפקט Perfect,,אל סבון נוזלי בניחוח,מיליליטרים,1000.00,"100 מ""ל",false,,9.90,0.0099,true,1,1423987
7290016601749,false,סבון נוזלי בניחוח ורדים,פרפקט Perfect,,אל סבון נוזלי בניחוח,מיליליטרים,1000.00,"100 מ""ל",false,,9.90,0.0099,true,1,1423988
7290016601756,false,סבון נוזלי בניחוח טרופי,פרפקט Perfect,,אל סבון נוזלי בניחוח,מיליליטרים,1000.00,"100 מ""ל",false,,9.90,0.0099,true,1,1423989
7290016601800,false,תרסיס לניקוי רהיטים,סאסאטק SASATECK,,תרסיס לניקוי רהיטים,מיליליטרים,300.00,"100 מ""ל",false,,9.90,0.0330,true,1,1459711
7290016601817,false,מרסס לניקוי שטיחים פ,פרפקט Perfect,,מרסס לניקוי שטיחים פ,מיליליטרים,600.00,"100 מ""ל",false,,12.90,0.0215,true,1,1440656
7290016607345,false,יין דלתון רזרב שיראז,,,יין דלתון רזרב שיראז,מיליליטרים,750.00,"100 מ""ל",false,,99.90,0.1332,true,1,2127842
7290016607406,false,יין דלתון קברנה סובנ,,,יין דלתון קברנה סובנ,מיליליטרים,750.00,"100 מ""ל",false,,99.90,0.1332,true,1,2135962
7290016607772,false,יין רוזה גליל דלתון,"איי, בי, אינבוו",IL,יין דלתון רוזה גליל,מיליליטרים,750.00,"100 מ""ל",false,,59.90,0.0799,true,1,2175419
7290016621341,false,אל סבון היגייני לניקוי יסודי קמיל Clean & Moisture,"ד""ר פישר Dr fischer",,קמיל בלו אל סבון 1 ל,ליטרים,1.00,ליטר,false,,15.90,15.9000,true,1,1533020
7290016621358,false,"ד""ר פישר - קמיל אל סבון ניקיון והזנה ורוד 1 ליטר","ד""ר פישר Dr fischer",,קמיל בלו אל סבון 1 ל,ליטרים,1.00,ליטר,false,,15.90,15.9000,true,1,1533021
7290016621365,false,אל סבון היגייני לניקוי יסודי קמיל Clean & Moisture,"ד""ר פישר Dr fischer",,קמיל בלו אל סבון 1 ל,ליטרים,1.00,ליטר,false,,15.90,15.9000,true,1,1533022
7290016621952,false,קמיל בלו סנסיטיב קרם פנים לתינוק 30SPF,"ד""ר פישר Dr fischer",,קרם פנים קמיל בלו לת,מיליליטרים,75.00,"100 מ""ל",false,,29.90,0.3987,true,1,1647964
7290016621990,false,"נטורל קר מסיכה לשיער יבש צבוע פגום 200 מ""ל",,,מסכה לשיער נטורל קר,מיליליטרים,200.00,"100 מ""ל",false,,19.90,0.0995,true,1,1647941
7290016667462,false,פריכיות חסכוני אורז 265 ג',פרח תעשיות,,פריכיות אורז במארז 2,גרמים,265.00,100 גרם,false,,11.90,0.0449,true,1,1813082
7290016667479,false,פריכיות כוסמת אריזה חסכונית 130 גרם,פרח תעשיות,,פרכיות כוסמת 130 גרם,גרמים,130.00,100 גרם,false,,8.90,0.0685,true,1,1907880
7290016667486,false,פריכיות כוסמת דל נתרן 130 ג',פרח תעשיות,,פריכיות כוסמת דל נתר,גרמים,130.00,100 גרם,false,,8.90,0.0685,true,1,1907881
7290016667578,false,ניוקי מתפוחי אדמה נא,DIEMME,IT,ניוקי מתפוח אדמה 1 ק,קילוגרמים,1000.00,"ק""ג",false,,9.90,0.0099,true,1,2152618
7290016682038,false,"מיץ תפוזים סחוט 100% טבעי. מפוסטר, מקורר",פריניב,IL,מיץ תפוזים פריניב 40,מיליליטרים,400.00,"100 מ""ל",false,,8.90,0.0223,true,1,2143853
7290016682052,false,"משקה קל לימונענע. מפוסטר, מקורר",פריניב,IL,מיץ לימונענע פריניב,מיליליטרים,400.00,"100 מ""ל",false,,8.90,0.0223,true,1,2143925
7290016682083,false,"פריניב נקטר תות בננה 400 מ""ל",פריניב,,מיץ תות בננה פריניב,מיליליטרים,400.00,"100 מ""ל",false,,8.90,0.0223,true,1,2143859
7290016682168,false,"פריניב מיץ תפוזים ולנסיה סחוט 100% 400 מ""ל",פריניב,,מיץ תפוזים וולנסיה ס,מיליליטרים,400.00,"100 מ""ל",false,,8.90,0.0223,true,1,2205296
7290016682182,false,פריניב שייק תמר בננה מופחת סוכר 1 ליטר,פריניב בעמ,IL,שייק תמר בננה מופחת,ליטרים,1.00,ליטר,false,,12.90,12.9000,true,1,1557759
7290016682199,false,פריניב שייק תות בננה מופחת סוכר 1 ליטר,פריניב בעמ,IL,שייק תות בננה מופחת,ליטרים,1.00,ליטר,false,,12.90,12.9000,true,1,1557760
7290016682243,false,פריניב אשכולית אדומה סחוט 100% 1 ליטר,פריניב,IL,מיץ אשכולית אדומה סח,ליטרים,1.00,ליטר,false,,14.90,14.9000,true,1,1920303
7290016682335,false,מיץ תפוזים 100% סחוט טבעי,פריניב,IL,מיץ תפוזים סחוט 100%,ליטרים,2.00,ליטר,false,,24.90,12.4500,true,1,2229386
7290016682342,false,מיץ תפוזים ולנסיה 2 ליטר,פריניב,IL,מיץ תפוזים סחוט וולנ,ליטרים,2.00,ליטר,false,,25.90,12.9500,true,1,2229387
7290016682359,false,מיץ תפוזים שמוטי 2 ליטר,פריניב,IL,מיץ תפוזים סחוט שמוט,ליטרים,2.00,ליטר,false,,25.90,12.9500,true,1,2229394
7290016682366,false,מיץ תפוח צלול 2 ליטר,פריניב,IL,מיץ תפוח צלול 2 ליטר,ליטרים,2.00,ליטר,false,,16.90,8.4500,true,1,2229395
7290016682373,false,משקה קל לימונדה בלאדי 2 ליטר פריניב,פריניב,IL,מיץ לימונדה בלדי 2 ל,ליטרים,2.00,ליטר,false,,16.90,8.4500,true,1,2229396
7290016682380,false,משקה קל לימונדה לואיזה ולמון גארס 2 ל',פריניב,IL,מיץ לימונדה לואיזה ו,ליטרים,2.00,ליטר,false,,16.90,8.4500,true,1,2229397
7290016682441,false,100% מיץ תפוזים מיוצר מרכז טבעי,פריניב,IL,מיץ תפוזים 1 ליטר פר,ליטרים,1.00,ליטר,false,,13.90,13.9000,true,1,2260607
7290016717044,false,באז משקה מבוסס יין מ,יקבי כרמל,IL,יין מנגו,מיליליטרים,750.00,"100 מ""ל",false,,24.90,0.0332,true,1,2076562
7290016717051,false,משקה Buzz מוגז בטעם רימון מבוסס יין אדום מתוק,יקבי כרמל Carmel Winery,IL,יין רימון באזז,מיליליטרים,750.00,"100 מ""ל",false,,24.90,0.0332,true,1,2143894
7290016717099,false,"יין כרמל סלקטד אדום חצי יבש, 750 מ""ל",יקבי כרמל Carmel Winery,IL,יין סלקטד אדום,מיליליטרים,750.00,"100 מ""ל",false,,29.90,0.0399,true,1,1420252
7290016717235,false,יין קונקורד אדום ממותק קינג דיוויד - בקבוק אישי,יקבי כרמל Carmel Winery,IL,קונקורד קינג דויד,מיליליטרים,187.00,"100 מ""ל",false,,5.90,0.0316,true,1,2143868
7290016717631,false,יין מוסקטו בעל חוזק אלכוהול נמוך פרייבט קולקשן,אגודת הכורמים הקואופ,IL,יין מוסקטו,מיליליטרים,750.00,"100 מ""ל",false,,38.90,0.0519,true,1,1934774
7290016717754,false,"יין ישן נושן היובל 750 מ""ל",אגודת הכורמים הקואופ,IL,יין ישן נושן,מיליליטרים,750.00,"100 מ""ל",false,,18.90,0.0252,true,1,1867815
7290016717976,false,יין באזז ספארקלינג א,קריות זול,IL,יין ספארקלינג,מיליליטרים,750.00,"100 מ""ל",false,,24.90,0.0332,true,1,2152668
7290016866643,false,משחת שיניים פרודונטקס אקסטרה פרש,פרודונטקס Parodontax,SK,משחת שיניים פרודונטק,מיליליטרים,75.00,"100 מ""ל",false,,29.90,0.3987,true,1,1805675
7290016866650,false,"פרודונטקס - משחת שיניים אוריג'ינל 75 מ""ל",פרודונטקס Parodontax,SK,משחת שיניים פרודונטק,מיליליטרים,75.00,"100 מ""ל",false,,29.90,0.3987,true,1,1805676
7290016866667,false,"פרודונטקס - משחת שיניים ללא פלאוריד 75 מ""ל",פרודונטקס Parodontax,SK,משחת שיניים פרודונטק,מיליליטרים,75.00,"100 מ""ל",false,,29.90,0.3987,true,1,1805677
7290016866674,false,"פרודונטקס - משחת שיניים מלבינה 75 מ""ל",פרודונטקס Parodontax,SK,משחת שיניים פרודונטק,מיליליטרים,75.00,"100 מ""ל",false,,29.90,0.3987,true,1,1805678
7290016866704,false,"סטייל שמפו לאחר החלקה מועשר בויטמין אי, 750 מ""ל",סטייל Style,,שמפו קרטין סטייל E 7,מיליליטרים,750.00,"100 מ""ל",false,,24.90,0.0332,true,1,1677773
7290016866711,false,"סטייל מרכך לשיער קרטין פלוס לאחר החלקה, 750 מ""ל",סטייל Style,,מרכך קרטין סטייל E 7,מיליליטרים,750.00,"100 מ""ל",false,,24.90,0.0332,true,1,1677774
7290016866728,false,"סטייל - מסכה קרטין אי 750 מ""ל",סטייל Style,,מסכת קרטין סטייל E 5,מיליליטרים,500.00,"100 מ""ל",false,,29.90,0.0598,true,1,1677775
7290016866735,false,"סטייל - קרם לחות קרטין אי 750 מ""ל",,,קרם לחות סטייל קרטין,מיליליטרים,500.00,"100 מ""ל",false,,29.90,0.0598,true,1,1677776
7290016882414,false,קונפיטורה שזיפים 70%,דין שיווק,IL,קונפיטורה 450 גרם שז,גרמים,450.00,100 גרם,false,,12.90,0.0287,true,1,1591544
7290016882421,false,קונפיטורה 450 גרם אפ,דין שיווק,IL,קונפיטורה 450 גרם אפ,גרמים,450.00,100 גרם,false,,12.90,0.0287,true,1,1591545
7290016883176,false,"מוזלי פתיתי שיבולת שועל עם שוקולד מריר ושבבי קוקוס 1 ק""ג",דין שיווק,MK,מיזלי עם שוקולד מריר,גרמים,1000.00,100 גרם,false,,19.90,0.0199,true,1,2174764
7290016912463,false,משחת החתלה לתינוק 100גר NATUREקמיל בלו,"ד""ר פישר Dr fischer",,משחה החתלה 100 גרם ק,גרמים,100.00,100 גרם,false,,19.90,0.1990,true,1,1647983
7290016912494,false,"ד""ר פישר - אפקטיב קר תרחיץ פנים לכל סוגי העור 180 מ""ל","ד""ר פישר Dr fischer",,תרחיץ פנים אפקטיב קר,מיליליטרים,180.00,"100 מ""ל",false,,17.90,0.0994,true,1,1647943
7290016912500,false,"ד""ר פישר - אפקטיב קר תרחיץ פנים לעור רגיש 180 מ""ל","ד""ר פישר Dr fischer",,תרחיץ פנים אפקטיב קר,מיליליטרים,180.00,"100 מ""ל",false,,17.90,0.0994,true,1,1647944
7290016912616,false,סרקל שמפו לילדים לשיער בהיר - בלונדיני,"ד""ר פישר Dr fischer",,שמפו סרקל 1 ליטר בלו,ליטרים,1.00,ליטר,false,,28.90,28.9000,true,1,1647984
7290017020747,false,בקבוק פאוארטק להכנת משקה חלבון וניל,,,בקבוק פאוארטק להכנת,גרמים,37.00,100 גרם,false,,12.90,0.3486,true,1,2177434
7290017020778,false,בקבוק פאוארטק להכנת,,,בקבוק פאוארטק להכנת,גרמים,37.00,100 גרם,false,,12.90,0.3486,true,1,2177437
7290017020785,false,בקבוק פאוארטק להכנת,,,בקבוק פאוארטק להכנת,גרמים,37.00,100 גרם,false,,12.90,0.3486,true,1,2177438
7290017023212,false,"שוויפס מוגז פירות תפוח מארז רביעייה* 330 מ""ל",יפאורה תבורי,IL,רבעיית פחיות שוופס מ,ליטרים,1.32,ליטר,false,,15.80,11.9697,true,1,1758175
7290017023229,false,רביעיית פחיות שוופס מוגז פירות תות ליים 330 מל.,יפאורה תבורי,IL,רבעיית פחיות שוופס מ,ליטרים,1.32,ליטר,false,,15.80,11.9697,true,1,1758180
7290017023236,false,רביעיית פחיות שוופס מוגז פירות ענבים 330 מל.,יפאורה תבורי,IL,רבעיית פחיות שוופס מ,ליטרים,1.32,ליטר,false,,15.80,11.9697,true,1,1758181
7290017023526,false,"שוויפס מוגז פירות תות תפוח 330 מ""ל No Sugar",שוופס Schweppes,,שוופס מוגז פירות 330,מיליליטרים,330.00,"100 מ""ל",false,,5.90,0.0179,true,1,1788222
7290017023809,false,"ספרינג אגס סברס תפוח רביעיה * 250 מ""ל",יפאורה תבורי,IL,ספרינג תות בננה 250,ליטרים,1000.00,ליטר,false,,11.90,0.0119,true,1,2255650
7290017023816,false,"רביעיית ספרינג פירות טרופיים 250 מ""ל",יפאורה תבורי,IL,ספרינג תות בננה 250,ליטרים,1.00,ליטר,false,,11.90,11.9000,true,1,2255651
7290017023823,false,"רביעיית ספרינג תות בננה 250 מ""ל",יפאורה תבורי,IL,ספרינג תות בננה 250,ליטרים,1.00,ליטר,false,,11.90,11.9000,true,1,2255652
7290017023854,false,מי סודה בקבוקים אישיים - מארז 4 יח',יפאורה תבורי בעמ,IL,רביעיית סודה שוופס 2,ליטרים,1.00,ליטר,false,,10.90,10.9000,true,1,1990120
7290017023861,false,סודה בטעם לימון בקבוקים אישיים - מארז 4 יח',יפאורה תבורי בעמ,IL,רביעיית סודה לימון ש,ליטרים,1.00,ליטר,false,,10.90,10.9000,true,1,1990121
7290017031156,false,דפים על בסיס קמח תירס ואורז ללא גלוטן 250 גר',,,דפי לזניה על בסיס קמ,גרמים,250.00,100 גרם,false,,10.90,0.0436,true,1,2177948
7290017031170,false,פתיתים על בסיס קמח עדשים אדומות בצורת פוזילי ללא גלוטן 250 גר',,,פוזוילי עדשים,גרמים,200.00,100 גרם,false,,9.90,0.0495,true,1,2170369
7290017031255,false,חטיף דגנים ואורז עם פירות יבשים בוטנים ושקדים ללא גלוטן 140 ג',,,"חטיף ע""ב דגנים אורז",גרמים,140.00,100 גרם,false,,14.90,0.1064,true,1,1805708
7290017031286,false,חטיף דגנים ואורז בתוספת שוקולד מריר ללא גלוטן 140 ג',,,"חטיף ע""ב דגנים אורז",גרמים,124.00,100 גרם,false,,14.90,0.1202,true,1,1805710
7290017031477,false,"סנסודיין משחת שיניים רפיד רליף להלבנה 75 מ""ל","סמיתקליין ביצ'ם בע""מ",GB,משחת שיניים סנסודיין,מיליליטרים,75.00,"100 מ""ל",false,,23.90,0.3187,true,1,2032510
7290017031705,false,"סנסודיין - משחת שיניים קלין&פרש 75 מ""ל",DE MICLEN,SK,משחת שיניים סנסודיין,מיליליטרים,75.00,"100 מ""ל",false,,19.90,0.2653,true,1,1931464
7290017031811,false,פרודונטקס - זוג מברשות שיניים,,,זוג מברשות שיניים פר,יחידה,0.00,יחידה,false,,24.90,0.0000,true,1,2122503
7290017031859,false,"פרודונטקס - משחת שיניים אולטרא קלין 75 מ""ל",סמיתקליין ביצ'ם בעמ,SK,משחת שיניים פרודונטק,מיליליטרים,75.00,"100 מ""ל",false,,29.90,0.3987,true,1,1931465
7290017040035,false,דונאטס מיני מארז 2טע,,,דונאטס מיני 8 יחידו,גרמים,184.00,100 גרם,false,,19.90,0.1082,true,1,2232389
7290017040295,false,קורנפלקס כדורוני תיר,,,קורנפלקס כדורוני תיר,גרמים,375.00,100 גרם,false,,10.90,0.0291,true,1,2251399
7290017040370,false,מארז דואנטס מילקה רב,,,מארז דואנטס מילקה רב,גרמים,260.00,100 גרם,false,,29.90,0.1150,true,1,2281177
7290017058160,false,שימורי אנשובי עם צ'ילי חריף 45 ג' תומר,תומר,,אנשובי עם צילי חריף,גרמים,45.00,100 גרם,false,,4.90,0.1089,true,1,1600611
7290017058528,false,ממרח זיתים ירוקים יווני,תומר,,ממרח זיתים ירוקים,גרמים,200.00,100 גרם,false,,11.90,0.0595,true,1,1849475
7290017058573,false,תומר פרוסות פלפל חלפיניו בחומץ 340 גרם,,,פרוסות פלפל חלפיניו,גרמים,340.00,100 גרם,false,,7.90,0.0232,true,1,2126561
7290017062105,false,ג'ל אלוורה להרגעה ורענון העור,פרפקט Perfect,,ג'ל אלוורה 200,מיליליטרים,200.00,"100 מ""ל",false,,14.90,0.0745,true,1,1516805
7290017062242,false,תחליב רחצה Fresh Spa בניחוח מרענן,פרפקט Perfect,,תחליב רחצה פרפקט בני,מיליליטרים,700.00,"100 מ""ל",false,,9.90,0.0141,true,1,1814799
7290017062259,false,תחליב רחצה פרפקט בני,,,תחליב רחצה פרפקט בני,מיליליטרים,700.00,"100 מ""ל",false,,9.90,0.0141,true,1,1814800
7290017062273,false,תחליב רחצה Fresh Spa בניחוח קוקוס,פרפקט Perfect,,תחליב רחצה פרפקט בני,מיליליטרים,700.00,"100 מ""ל",false,,9.90,0.0141,true,1,1814802
7290017065007,false,פרוסות גבינה מוצרלה חצי קשה 22% שומן 200 ג' גד,מחלבות גד בעמ,IL,מוצרלה פרוסה גד 200,גרמים,200.00,100 גרם,false,,18.90,0.0945,true,1,1492873
7290017065137,false,ריקוטה למריחה 5% טבעית 200 גרם - רובין,האי נאם סי או אל.טי.,IL,גבינת ריקוטה 5% טבעי,גרמים,200.00,100 גרם,false,,9.90,0.0495,true,1,1712943
7290017065144,false,גבינת ריקוטה למריחה 5% בזיליקום 200ג' גד,האי נאם סי או אל.טי.,IL,גבינת ריקוטה 5% עם ב,גרמים,200.00,100 גרם,false,,9.90,0.0495,true,1,1712944
7290017065168,false,גבינה כחלוה 100 גרם בית יוסף,מחלבות גד,DK,גבינה כחולה גד 100 ג,גרמים,100.00,100 גרם,false,,17.90,0.1790,true,1,1775319
7290017065175,false,גבינת מנצ'גו פרוסה 3,הנסיך- מפעל לייצור ט,ES,גבינת מנצ'גו פרוסה 3,גרמים,150.00,100 גרם,false,,22.90,0.1527,true,1,1775324
7290017065212,false,גבינת קרם מסקרפונה מחלבות גד 250 גר,מיוצר עי קוד יצרן ED,IL,קרם מסקרפונה להקצפה,גרמים,250.00,100 גרם,false,,19.90,0.0796,true,1,1776002
7290017065236,false,גבינה בולגרית מעודנת 24% גד 250 ג',הנסיך- מפעל לייצור ט,IL,בולגרית מעודנת 24% 2,גרמים,250.00,100 גרם,false,,23.90,0.0956,true,1,1775326
7290017065311,false,גבינת מוצרלה מעושנת פרוסות 200ג' גד,מחלבות גד בעמ,IL,פרוסות מוצרלה מעושנת,גרמים,200.00,100 גרם,false,,19.90,0.0995,true,1,1776003
7290017065380,false,גרנה פדנו שבבים 29% 100 גרם בית יוסף,מחלבות גד,IT,גבינה גרנה פדנו שבבי,גרמים,100.00,100 גרם,false,,14.90,0.1490,true,1,2034480
7290017065441,false,גבינה גאודה עיזים פרוסה הולנדית 200 גר',מחלבות גד,NL,גבינת גאודה עיזים 20,גרמים,200.00,100 גרם,false,,32.90,0.1645,true,1,2136132
7290017065526,false,קוואטרו פורמאג'י 4 גבינות מגוררות 26%,מחלבות גד בעמ,IL,גבינות קוואטרו פורמא,גרמים,300.00,100 גרם,false,,28.90,0.0963,true,1,2136133
7290017065588,false,יוגורט יווני 10% שומן 600 ג' גד,"מיוצר ע""י קוד יצרן M",IL,יוגורט יווני 600 גרם,גרמים,600.00,100 גרם,false,,16.90,0.0282,true,1,2152898
7290017065618,false,גבינת פקורינו פרוס מחלב כבשים,הנסיך- מפעל לייצור ט,ES,גבינת פקורינו פרוס 1,גרמים,150.00,100 גרם,false,,21.90,0.1460,true,1,2152889
7290017065649,false,קרם פטיסייר מחלבות ג,מיוצר עי קוד יצרן ED,IL,קרם פטיסייר 250 גרם,גרמים,250.00,100 גרם,false,,21.90,0.0876,true,1,2152891
7290017065731,false,גבינת שמנת 30% ניו יורק +כמהין 200 גרם רבנות,פ.פ.ח. שאביט,IL,גבינת שמנת ניו יורק,גרמים,200.00,100 גרם,false,,13.90,0.0695,true,1,2202063
7290017065762,false,גבינה יוונית מאנורי 30% שומן 100 ג' גד,מחלבות גד,IL,מאנורי גד,גרמים,100.00,100 גרם,false,,11.90,0.1190,true,1,2250426
7290017065786,false,גבינת צ'דר אנגלית גד 210 ג',מחלבות גד,IL,צדר,גרמים,200.00,100 גרם,false,,20.90,0.1045,true,1,2250427
7290017065861,false,קאצ'יו אה פפה - רוטב פקורינו ופלפל שחור 200 גרם בית יוסף,מחלבות גד,IL,קאצ'יו אה פפה,גרמים,200.00,100 גרם,false,,16.90,0.0845,true,1,2255456
7290017065878,false,מק אנד צ'יז 200 גרם בית יוסף,מחלבות גד,IL,מק אנד ציז,גרמים,200.00,100 גרם,false,,16.90,0.0845,true,1,2255457
7290017068121,false,שקדים מולבנים פרוסים 250גרם,,,שקדים פרוסים 250 גרם,גרמים,250.00,100 גרם,false,,18.90,0.0756,true,1,1849140
7290017068138,false,שקדים מולבנים שבבים 250גרם,,,שקדים שבבים 250 גרם,גרמים,250.00,100 גרם,false,,18.90,0.0756,true,1,1849141
7290017068367,false,שמרים בוואקום 125 גר',מיה,IL,שמרים,גרמים,125.00,100 גרם,false,,4.90,0.0392,true,1,2199518
7290017068374,false,שמרים בוואקום 500 גר',angle yeast co ltd,CN,שמרים בוואקים,גרמים,500.00,100 גרם,false,,9.90,0.0198,true,1,2091082
7290017068848,false,סוכריות קישוט לעוגה ציבעוני 200 גר',מיה,IL,סוכריות קישוט לעוגה,גרמים,200.00,100 גרם,false,,7.90,0.0395,true,1,2183258
7290017068947,false,"אורז יסמין סלקטד 1 ק""ג",,,אורז יסמין סלקטד 1 ק,קילוגרמים,1.00,"ק""ג",false,,14.90,14.9000,true,1,2181485
7290017068978,false,שיבולת שועל מלאה להכנה מהירה 500 גר',,,שיבולת שועל מלאה להכ,גרמים,500.00,100 גרם,false,,9.90,0.0198,true,1,2183249
7290017068985,false,שיבולת שועל מלאה עבה 500 גר',,,שיבולת שועל מלאה עבה,גרמים,500.00,100 גרם,false,,9.90,0.0198,true,1,2183250
7290017068992,false,ערמונים קלופיים וקלו,טאנגשאלן היואן פוד,CN,ערמונים קלופיים וקלו,גרמים,100.00,100 גרם,false,,5.90,0.0590,true,1,2200445
7290017079189,false,אננס חתיכות דקות במיץ אננס 825 גר',פ.ת גרייט פנאפל,ID,חתיכות אננס דק במיץ,גרמים,825.00,100 גרם,false,,10.90,0.0132,true,1,2259296
7290017079615,false,עגבניות קוביות שלישייה,,,עגבניות קוביות טעמן,יחידה,0.00,יחידה,false,,14.90,0.0000,true,1,2279715
7290017079639,false,עגבניות קצוצות שלישייה,,,עגבניות קצוצות טעמן,יחידה,0.00,יחידה,false,,14.90,0.0000,true,1,2279716
7290017079677,false,שוקולד חלב טעמן 270,מילאנו ספולקה זד,PL,שוקולד חלב,גרמים,270.00,100 גרם,false,,11.90,0.0441,true,1,2245644
7290017079684,false,שוקולד מריר טעמן 270,מילאנו ספולקה זד,PL,שוקולד מריר,גרמים,270.00,100 גרם,false,,11.90,0.0441,true,1,2245645
7290017079707,false,שוקולד מריר עם אגוזים 270 גר',מילאנו ספולקה זד,PL,שוקולד מריר עם אוגזי,גרמים,270.00,100 גרם,false,,11.90,0.0441,true,1,2245646
7290017079714,false,שוקולד חלב עם בוטנים 270 גר',מילאנו ספולקה זד,PL,שוקולד מריר עם בוטני,גרמים,270.00,100 גרם,false,,11.90,0.0441,true,1,2245647
7290017079769,false,מחית תפוח עץ ובננה בפאוץ פריטוב קידס,פרוטה,CZ,מחית פאו'ץ תפוח עץ ב,גרמים,120.00,100 גרם,false,,3.90,0.0325,true,1,2159441
7290017079776,false,מחיות פאוץ סלט פירות 120 גר'.,פרוטה,CZ,מחית פאו'ץ סלט פירות,גרמים,120.00,100 גרם,false,,3.90,0.0325,true,1,2159442
7290017079783,false,מחית תפוח עץ בפאוץ פריטוב קידס,פרוטה,CZ,מחית פאו'ץ תפוח עץ,גרמים,120.00,100 גרם,false,,3.90,0.0325,true,1,2159443
7290017079790,false,מחית פירות מעורבים בפאוץ פריטוב קידס,פרוטה,CZ,מחית פאו'ץ פירות מעו,גרמים,120.00,100 גרם,false,,3.90,0.0325,true,1,2159444
7290017086095,false,כדורי עדשים שחורות,,,כדורי עדשים שחורות,גרמים,400.00,100 גרם,false,,19.90,0.0497,true,1,2183438
7290017086101,false,"כדורי אפונה ירוקה ""ק",,,"כדורי אפונה ירוקה ""ק",גרמים,400.00,100 גרם,false,,19.90,0.0497,true,1,2183423
7290017086125,false,כדורי בטטה וכרובית,,,כדורי בטטה וכרובית,גרמים,400.00,100 גרם,false,,19.90,0.0497,true,1,2231156
7290017088006,false,מטליות לניקוי וחיטוי אמבטיה ושירותים בניחוח לבנדר,פרפקט Perfect,,מטליות לניקוי וחיטוי,יח',50.00,יח',false,,9.90,0.1980,true,1,1644420
7290017088051,false,בייביסיטר - חיתולי סטנדרט מידה 3 - 52 יח',,,חיתולים בייביסיטר מי,יח',50.00,יח',false,,34.90,0.6980,true,1,1775987
7290017088068,false,בייביסיטר - חיתולי סטנדרט מידה 4 - 42 יח',,,חיתולים בייביסיטר מי,יח',42.00,יח',false,,34.90,0.8310,true,1,1775975
7290017088099,false,בייביסיטר - חיתולי סטנדרט מידה 6 - 30 יח',,,חיתולים בייביסיטר מי,יח',34.00,יח',false,,34.90,1.0265,true,1,1775978
7290017088495,false,תחבושות טופ פד אקסטרה 20 יח',D.P.L,IT,טופ-פד אקסטרה,יח',20.00,יח',false,,9.90,0.4950,true,1,2169274
7290017088501,false,תחבושות טופ פד אקסטרה לונג 20 יח',D.P.L,IT,טופ-פד אקסטרה לונג,יח',20.00,יח',false,,9.90,0.4950,true,1,2169275
7290017088693,false,קוויק מגבונים לניקוי וחיטוי רצפות בניחוח לוונדר 10 יחי',,,קוויק מטליות לחות לנ,יח',10.00,יח',false,,9.90,0.9900,true,1,2147997
7290017088815,false,BREEZE תחבושות לבריחת שתן נורמל(12 יח),בריז Breeze,,BREEZE תחבושות נורמל,יח',12.00,יח',false,,16.90,1.4083,true,1,2207926
7290017088822,false,BREEZE תחבושות לבריחת שתן אקסטרה (10 יח'),בריז Breeze,,BREEZE תחבושות אקסטר,יח',10.00,יח',false,,16.90,1.6900,true,1,2207927
7290017088839,false,BREEZE תחבושות לבריחת שתן אקסטרה פלוס (8 יח'),בריז Breeze,,BREEZE תחבושות אקסטר,יח',8.00,יח',false,,16.90,2.1125,true,1,2207928
7290017088983,false,חיתולי בייביסיטר ניו בורן מידה 2 38 יחי',,,חיתולים בייביסיטר NB,יח',38.00,יח',false,,25.90,0.6816,true,1,2230074
7290017094199,false,סלט קוביות חציל ברוטב 200 גר',,,מעדן חצילים,גרמים,200.00,100 גרם,false,,9.90,0.0495,true,1,2231083
7290017105369,false,סירופ דיאט אייס תה אפרסק 1 ליטר,זנלכל,IL,סירופ דיאט אייס טי א,ליטרים,1.00,ליטר,false,,16.90,16.9000,true,1,2154646
7290017106069,false,יכין קוביות סלק 550 ג',היינץ צפון אמריקה מק,IL,קוביות סלק 550 גרם,גרמים,550.00,100 גרם,false,,9.90,0.0180,true,1,2146919
7290017121048,false,פלפל צ'ומה 250 גרם עללחם,"מדשא תעשיות מזון בע""",IL,פלפל צ'ומה 250 גרם,גרמים,250.00,100 גרם,false,,12.90,0.0516,true,1,2069868
7290017129495,false,אגו מיקס כדורי תירס מצופים שוקולד חלב 55 גר,כרמית תעשיות ממתקים,IL,אגו מיקס כדורי תירס,גרמים,55.00,100 גרם,false,,3.90,0.0709,true,1,1750287
7290017129501,false,אגו מיקס כדורי תירס מצופים שוקולד לבן 55 גר,כרמית,IL,אגו מיקס כדורי תירס,גרמים,55.00,100 גרם,false,,3.90,0.0709,true,1,1750288
7290017129518,false,כדורים פריכים מצופים שוקולדחלב ולבן אגו מיקס,כרמית תעשיות ממתקים,IL,אגו מיקס כדורי תירס,גרמים,55.00,100 גרם,false,,3.90,0.0709,true,1,1750289
7290017129532,false,לקקן תות10 יח' 90 גר' כרמית,,,לקקן תות 90 גרם,גרמים,90.00,100 גרם,false,,4.90,0.0544,true,1,1898352
7290017129549,false,לקקן גלידה 10 יח' 90 גר' כרמית,,,לקקן גלידה 90 גרם,גרמים,90.00,100 גרם,false,,4.90,0.0544,true,1,1898353
7290017129617,false,לקקן קולה לימונדה 50 יח' כרמית,Carmit,,לקקן קולה לימונדה 50,גרמים,450.00,100 גרם,false,,18.90,0.0420,true,1,1898354
7290017129754,false,"שוקולד מריר מעולה 70% מוצקי קקאו 100 גר בד""ץ","כד בני דרום בע""מ",IL,שוקולד מריר מעולה אג,גרמים,100.00,100 גרם,false,,7.90,0.0790,true,1,1805635
7290017129778,false,"שוקולד פרימיום 70% בטעם קפה בד""ץ 100 גר'",כרמית תעשיות ממתקים,IL,שוקולד מריר קפה אגו,גרמים,100.00,100 גרם,false,,7.90,0.0790,true,1,1805641
7290017129822,false,מטבעות שוקולד מריר 36 ג' !..,כרמית,IL,מטבעות שוקולד,גרמים,36.00,100 גרם,false,,3.90,0.1083,true,1,1901359
7290017129839,false,"שוקולד פרימיום 70% בטעם פטל בד""ץ 100 גר'.",כרמית תעשיות ממתקים,IL,שוקולד מריר פטל אגו,גרמים,100.00,100 גרם,false,,7.90,0.0790,true,1,1805642
7290017129983,false,שוקולד צ'יפס לבן פרו,"כד בני דרום בע""מ",IL,שוקולד ציפס 250 גרם,גרמים,250.00,100 גרם,false,,12.90,0.0516,true,1,2122309
7290017139272,false,פמינה שמן תחליב רחצה,,,פמינה שמן תחליב רחצה,מיליליטרים,220.00,"100 מ""ל",false,,24.90,0.1132,true,1,1887034
7290017142005,false,"שמן קוקוס אורגני כתית 320 מ""ל עץ הזית",עץ הזית,,שמן קוקוס אורגני 320,מיליליטרים,320.00,"100 מ""ל",false,,23.90,0.0747,true,1,1741351
7290017142128,false,"שמן זית כתית מעולה עץ הזית 750 מ""ל",שמן תעשיות,,"שמן זית 750 מ""ל קלאס",מיליליטרים,750.00,"100 מ""ל",false,,32.90,0.0439,true,1,1909397
7290017142159,false,מארז נתחי טונה בהירה בשמן זית 3*80 ג' עץ הזית,יוניקורד ח.צ בעמ,TH,נתחי טונה בהירה בשמן,גרמים,240.00,100 גרם,false,,23.90,0.0996,true,1,1830410
7290017142166,false,פילה טונה בשמן זית עץ הזית 120 גר',"יוניקורד ח.צ בע""מ",TH,פילה טונה בשמן זית 1,גרמים,120.00,100 גרם,false,,14.90,0.1242,true,1,2082489
7290017142180,false,פילה פרוס ושמן זית בנגיעות טעם לימון ופלפל שחור,"יוניקורד ח.צ בע""מ",TH,פילה טונה בשמן זית ב,גרמים,120.00,100 גרם,false,,14.90,0.1242,true,1,2082495
7290017142203,false,פילה טונה בשמן זית בטעם מעושן עץ המוצר 120 ג',"יוניקורד ח.צ בע""מ",TH,פילה טונה בשמן זית ב,גרמים,120.00,100 גרם,false,,14.90,0.1242,true,1,2082496
7290017142364,false,שמן זרעי דלעת עץ הזי,עץ השדה,IL,"שמן זרעי דלעת 250 מ""",מיליליטרים,250.00,"100 מ""ל",false,,39.90,0.1596,true,1,2135661
7290017142388,false,שמן חמניות אומגה 3 פלוס 1 ליטר עץ הזית,עץ הזית,,שמן חמניות פלוס אומג,ליטרים,1.00,ליטר,false,,15.90,15.9000,true,1,2116079
7290017142395,false,ארוחה פסטה עם טונה בשמן זית 160 גר',,,פסטה עם טונה,גרמים,160.00,100 גרם,false,,10.90,0.0681,true,1,2135655
7290017142401,false,קינואה לבנה ואדומה עם טונה בשמן זית 160 ג',ג'נרל מילס סאן אדריא,TH,קינואה לבנה ואדומה ע,גרמים,160.00,100 גרם,false,,10.90,0.0681,true,1,2172024
7290017142418,false,ארוחה אורז עם עדשים טונה בשמן זית 160 גר',יוניקורד ח.צ בעמ,TH,אורז עדשים עם טונה,גרמים,160.00,100 גרם,false,,12.90,0.0806,true,1,2135656
7290017142487,false,בורגול וגרגירי חומוס עם טונה בשמן זית,עץ הזית,,בורגול וגרגרי חומוס,גרמים,160.00,100 גרם,false,,10.90,0.0681,true,1,2200972
7290017142500,false,תרסיס שמן זית כתית מעולה בטעם שום 150מל,קומטמפ קומפניה פורטו,IT,תרסיס שמן זית בטעם ש,מיליליטרים,150.00,"100 מ""ל",false,,16.90,0.1127,true,1,2267611
7290017142609,false,תרסיס שמן זית כתית ב,,,תרסיס שמן זית בטעם ל,מיליליטרים,150.00,"100 מ""ל",false,,16.90,0.1127,true,1,2267612
7290017142623,false,תרסיס שמן זית כתית מעולה בטעם צ'ילי 150 מל',קומטמפ קומפניה פורטו,IT,תרסיס שמן זית בטעם צ,מיליליטרים,150.00,"100 מ""ל",false,,16.90,0.1127,true,1,2267613
7290017197777,false,מגבוני טואלט לחים להיגיינה אישית- מארז שלישייה,פרפקט Perfect,,מגבונים לחים להי,יח',144.00,יח',false,,12.90,0.0896,true,1,1937538
7290017197784,false,מגבונים לחים לעור רגיש ללא בישום - מארז רביעיה,פרפקט Perfect,,רביעיית מגבונים סנסט,יח',288.00,יח',false,,14.90,0.0517,true,1,1798056
7290017217710,false,"שיפודי במבוק יקיטורי 15 ס""מ 100 יחידות",הוסטס Hostess,,שיפודי במבוק 100 יח',יח',100.00,יח',false,,5.90,0.0590,true,1,2152669
7290017236544,false,משחה כלים אמה תפוח 3,,,משחה כלים אמה תפוח 3,קילוגרמים,3.50,"ק""ג",false,,22.90,6.5429,true,1,1678592
7290017236568,false,משחה כלים אמה סמדר 3,,,משחה כלים אמה סמדר 3,קילוגרמים,3.50,"ק""ג",false,,22.90,6.5429,true,1,1678594
7290017253213,false,מגבוני נייר טואלט לח,,,מגבוני נייר טואלט לח,"י""ח",180.00,"י""ח",false,,19.90,0.1106,true,1,2198892
7290017266046,false,וופל קראנצ' שוקולד מארז 30 יח',,,חטיף קראנץ עלמה 30 י,יחידה,0.00,יחידה,false,,14.90,0.0000,true,1,1740456
7290017266909,false,"וופל במילוי קרם שוקולד, 200 ג SUN",,IL,וופלים במילוי קרם בט,גרמים,200.00,100 גרם,false,,4.90,0.0245,true,1,2267601
7290017266916,false,"וופלבמילוי קרם לימון, 200 ג SUN",,,וופלים במילוי קרם בט,גרמים,200.00,100 גרם,false,,4.90,0.0245,true,1,2267602
7290017275338,false,טחינה גולמית 500 גרם-טורקיז,אחדות ביחר לטחינה חל,IL,טחינה גולמית 500 גרם,גרמים,500.00,100 גרם,false,,10.90,0.0218,true,1,2228810
7290017275369,false,טחינה משומשום מלא 500 גרם-טורקיז,אחדות ביחר לטחינה חל,IL,טחינה משומשום מלא 50,גרמים,500.00,100 גרם,false,,10.90,0.0218,true,1,2228811
7290017296142,false,גרנולה חלבה ושוקולד,,,גרנולה חלבה ושוקולד,גרמים,400.00,100 גרם,false,,22.90,0.0572,true,1,2151827
7290017296159,false,גרנולה תפוח וקינמון.,,,גרנולה תפוח וקינמון.,גרמים,400.00,100 גרם,false,,22.90,0.0572,true,1,2151828
7290017297149,false,גרגירי חומוס להכנת חומוס ביתי 550 ג',פרי הגליל,,גרגירי חומוס להכנת ח,גרמים,550.00,100 גרם,false,,6.90,0.0125,true,1,2174879
7290017297156,false,"צ'יפס עם קליפה 1.5 ק""ג פרי הגליל","פרי הגליל בע""""מ",,ציפס עם קליפה 1.5 ק,קילוגרמים,1.50,"ק""ג",false,,18.90,12.6000,true,1,2177219
7290017297170,false,לקט אסייתי להקפצה פרי הגליל 800 ג',,,לקט אסייתי להקפצה 80,גרמים,800.00,100 גרם,false,,12.90,0.0161,true,1,2178427
7290017297187,false,לקט להקפצה פרי הגליל 800 ג',פרי הגליל,,לקט ירקות להקפצה 800,גרמים,800.00,100 גרם,false,,12.90,0.0161,true,1,2178421
7290017297194,false,לקט לקט ירקות לתנור פרי הגליל 800 ג',,,לקט ירקות לתנור 800,גרמים,800.00,100 גרם,false,,12.90,0.0161,true,1,2178428
7290017297200,false,לקט ירקות לצד העוף פרי הגליל 800 ג',פרי הגליל,,לקט ירקות לצד העוף 8,גרמים,800.00,100 גרם,false,,12.90,0.0161,true,1,2178422
7290017297217,false,עדשים ירוקות מושרות מבושלות ומקפאות פרי הגליל 800 ג',פרי הגליל,,עדשים ירוקות,גרמים,800.00,100 גרם,false,,14.90,0.0186,true,1,2180386
7290017297224,false,"שעועית אדומה מושרית, מבושלת ומוקפאת",פרי הגליל,,שעועית אדומה פרי הגל,גרמים,800.00,100 גרם,false,,12.90,0.0161,true,1,2182019
7290017297323,false,רוטב עגבניות מרוכז 100 גר' 22 BX טל וטרי,"מילוז(1989)בע""""מ",,רוטב עגבניות מרוכז ט,גרמים,100.00,100 גרם,false,,1.50,0.0150,true,1,2219718
7290017297330,false,"טל רוטב עגבניות מרוכז, 240 גרם",טל וטרי,,רוטב עגבניות מרוכז,גרמים,240.00,100 גרם,false,,3.50,0.0146,true,1,2245199
7290017297378,false,גרעיני תירס מתוק ללא תוספת סוכר ומלח,פרי הגליל,,תירס ללא סוכר ומלח,גרמים,550.00,100 גרם,false,,6.90,0.0125,true,1,2233154
7290017297620,false,רסק עגבניות A2 BX22 טל וטרי 570 גר',"מילוז(1989)בע""""מ",,רוטב עגבניות 22BX A2,גרמים,570.00,100 גרם,false,,5.90,0.0104,true,1,2231082
7290017297637,false,רוטב עגבניות מרוכז 2,"מילוז(1989)בע""""מ",,רוטב עגבניות 28BX,גרמים,580.00,100 גרם,false,,6.50,0.0112,true,1,2231091
7290017297743,false,צ'יפס אמריקאי 800 ג' פרי הגליל,"פרי הגליל בע""""מ",,ציפס אמריקאי פרי הגל,גרמים,800.00,100 גרם,false,,9.90,0.0124,true,1,2237142
7290017303482,false,מלאווח 700 גרם-שחף,,,מלאווח 700 גרם-שחף,גרמים,700.00,100 גרם,false,,12.90,0.0184,true,1,2214418
7290017325347,false,מקלות בייגלה מקמח כוסמין מלא אורגני,הרדוף,,מקלות ביילגה כמקמח כ,גרמים,350.00,100 גרם,false,,16.90,0.0483,true,1,2136353
7290017325422,false,פריכיות אורז מלא ללא תוספת מלח,פרח תעשיות,IL,פריכות דקות מאורז מל,גרמים,100.00,100 גרם,false,,10.90,0.1090,true,1,2136363
7290017325613,false,משקה שיבולת שועל הרד,סוי מג'יק,ES,משקה שובילת שועל אור,מיליליטרים,1000.00,"100 מ""ל",false,,11.90,0.0119,true,1,2257537
7290017325620,false,משקה אורז שקדים אורג,ליקואטס,ES,משקה אורז בתופסת שקד,מיליליטרים,1000.00,"100 מ""ל",false,,11.90,0.0119,true,1,2257538
7290017325897,false,משקה סויה במתיקות מע,ליקואטס,ES,משקה סויה במתיקות מע,מיליליטרים,1000.00,"100 מ""ל",false,,11.90,0.0119,true,1,2257548
7290017361246,false,קומקום פלסטיק חדיש ש,,,קומקום פלסטיק חדיש ש,יחידה,0.00,יחידה,false,,59.90,0.0000,true,1,2250984
7290017361253,false,קומקום פלסטיק חדיש ל,המילטון Hemilton,,קומקום פלסטיק חדיש ל,יחידה,0.00,יחידה,false,,59.90,0.0000,true,1,2250985
7290017374390,false,סט שרותים מיוחד PINA,,,סט שירותים טורינו,יחידה,0.00,יחידה,false,,24.90,0.0000,true,1,2157740
7290017374925,false,מטאטא אמור+מקל,,,מטאטא אמור+מקל,יחידה,0.00,יחידה,false,,24.90,0.0000,true,1,2157742
7290017440279,false,"ד""ר פישר - קידס אל סבון ויטמינים 750 מ""ל",,IL,"אל סבון קידס 750 מ""ל",מיליליטרים,750.00,"100 מ""ל",false,,16.90,0.0225,true,1,2110147
7290017440286,false,"ד""ר פישר - קידס מרכך ויטמינים 750 מ""ל","ד""ר פישר Dr fischer",IL,"מרכך קידס 750 מ""ל",מיליליטרים,750.00,"100 מ""ל",false,,16.90,0.0225,true,1,2110148
7290017440309,false,"ד""ר פישר - קידס שמפו ויטמינים 750 מ""ל","ד""ר פישר Dr fischer",IL,"שמפו קידס 750 מ""ל",מיליליטרים,750.00,"100 מ""ל",false,,16.90,0.0225,true,1,2110149
7290017440323,false,"ד""ר פישר - קידס שמפו + מרכך ויטמינים 750 מ""ל","ד""ר פישר Dr fischer",,שמפו+מרכך קידס 750 מ,מיליליטרים,750.00,"100 מ""ל",false,,16.90,0.0225,true,1,2110150
7290017440682,false,שמפו לשיער בהיר-בלונדיני,"ד""ר פישר Dr fischer",,שמפו לשיער בלונד 400,מיליליטרים,400.00,"100 מ""ל",false,,24.90,0.0622,true,1,2135144
7290017440798,false,"ד""ר פישר - מרכך לשיער כסוף 400 מ""ל",,,מרכך לשיער כסוף 400,מיליליטרים,400.00,"100 מ""ל",false,,24.90,0.0622,true,1,2083961
7290017440804,false,"ד""ר פישר - מסכה לשיער לשיער כסוף 300 מ""ל",,,מסכת הזנה לשיער כסוף,מיליליטרים,300.00,"100 מ""ל",false,,29.90,0.0997,true,1,2083962
7290017440965,false,אל סבון היגייני לניקוי יסודי ולהזנת העור clean & nourish,"ד""ר פישר Dr fischer",,קמיל בלו אל סבון ניק,ליטרים,1.00,ליטר,false,,15.90,15.9000,true,1,2083249
7290017457574,false,כדוריות סבון נתלה לאסלה בניחוח פרחים - 3 יח',סוד,,סוד כדוריות אסלה,יח',3.00,יח',false,,14.00,4.6667,true,1,2074156
7290017457598,false,"סוד מרכך מרוכז סאמר בלוסום 900 מ""ל",הנקל סוד,IL,סוד מרכך כביסה 20%+ב,מיליליטרים,900.00,"100 מ""ל",false,,11.90,0.0132,true,1,2078868
7290017457727,false,"סוד - מרכך כביסה מרוכז פרש סקיי 900 מ""ל",הנקל סוד,IL,סוד מרכך כביסה 20%+ב,מיליליטרים,900.00,"100 מ""ל",false,,11.90,0.0132,true,1,2078871
7290017457734,false,"סוד - מרכך כביסה מרוכז ווילד רוז 900 מ""ל",הנקל סוד,IL,סוד מרכך כביסה 20%+ב,מיליליטרים,900.00,"100 מ""ל",false,,11.90,0.0132,true,1,2078872
7290017457925,false,סוד מרכך כביסה מרוכז פרש קונטרול ורוד,הנקל סוד,IL,סוד מרכך כביסה 20%+ב,מיליליטרים,900.00,"100 מ""ל",false,,11.90,0.0132,true,1,2177816
7290017457932,false,סוד מרכך כביסה מרוכז פרש קונטרול כחול,הנקל סוד,IL,סוד מרכך כביסה 20%+ב,מיליליטרים,900.00,"100 מ""ל",false,,11.90,0.0132,true,1,2177817
7290017457949,false,"פרסיל א.כ לבגדי תינוקות ולבעלי עור רגיש 2.5 ק""ג",קריות זול,,אבקת כביסה פרסיל שקי,קילוגרמים,2.50,"ק""ג",false,,28.90,11.5600,true,1,2177811
7290017457963,false,פרסיל דיסקס לכביסה,,,פרסיל דיסקס לכביסה,יח',8.00,יח',false,,14.90,1.8625,true,1,2176845
7290017477275,false,גרעיני חמנייה קלופים קלויים 200 ג',דין שיווק,,גרעיני חמנייה קלופים,גרמים,200.00,100 גרם,false,,9.90,0.0495,true,1,1797188
7290017477282,false,גרעיני דלעת קלופים קלויים 200 ג',דין שיווק,,גרעיני דלעת קלופים ק,גרמים,200.00,100 גרם,false,,9.90,0.0495,true,1,1797189
7290017477299,false,ג'עלה 200 גרם.,דין שיווק,,ג'עלה 200 גרם,גרמים,200.00,100 גרם,false,,9.90,0.0495,true,1,1797190
7290017477350,false,תערובת לסלט ירוק 200גר,דין שיווק,,תערובת לסלט ירוק 200,גרמים,200.00,100 גרם,false,,9.90,0.0495,true,1,1797192
7290017477367,false,מטבעות שוקולד לבן לאפייה 300ג',דין שיווק,,מטבעות שוקולד לבן לא,גרמים,300.00,100 גרם,false,,12.90,0.0430,true,1,1797205
7290017477374,false,מטבעות שוקולד חלב לאפייה 300ג',דין שיווק,,מטבעות שוקולד חלב לא,גרמים,300.00,100 גרם,false,,12.90,0.0430,true,1,1797206
7290017513393,false,תה ירוק סופר גרין 25 שקיקים,קריות זול,IL,תה ירוק בתוספת ספירו,יחידה,0.00,יחידה,false,,22.90,0.0000,true,1,2129566
7290017513409,false,תה ירוק סופר פיורפל 25 שקיקים,HIQ FOOD PRODUCTS,IL,תה ירוק עם צמחים סגו,יחידה,0.00,יחידה,false,,22.90,0.0000,true,1,2129567
7290017513485,false,מחית עגבניות רוסטיקה בלה איטליה 680 ג',היצרן: ס.פ. פודנצנו,IT,מחית עגבניות רוסטיקה,גרמים,680.00,100 גרם,false,,10.90,0.0160,true,1,2130915
7290017513775,false,פליפז בייגלה מצופה שוקולד חלב 140 גרם,אולקר מקבוצת פלאדיס,TR,בייגלה מצופה שוקולד,גרמים,140.00,100 גרם,false,,8.90,0.0636,true,1,2136275
7290017513782,false,פליפז בייגלה מצופה שוקולד מריר 140 גרם,אולקר מקבוצת פלאדיס,TR,בייגלה מצופה שוקולד,גרמים,140.00,100 גרם,false,,8.90,0.0636,true,1,2136276
7290017516295,false,חטיף פרוטאין חלבון שוקולד ואגוז לוז,פנגיאה,,חטיף פרוטאין אגוז לו,גרמים,50.00,100 גרם,false,,9.90,0.1980,true,1,2179201
7290017516318,false,חטיף פרוטאין בטעם שוקולד,פנגיאה,,חטיף פרוטאין שוקולד,גרמים,50.00,100 גרם,false,,9.90,0.1980,true,1,2179202
7290017516332,false,חטיף פרוטאין עם חמאת בוטנים,פנגיאה,,חטיף פרוטאין חמאת בו,גרמים,50.00,100 גרם,false,,9.90,0.1980,true,1,2179203
7290017516424,false,שוקלד + פנגיאה שוקולד קוקוס ואגוזי לוז 300 גרם,ש.ר רגע בטבע,IL,שוקלד + פנגיאה שוקול,גרמים,300.00,100 גרם,false,,29.90,0.0997,true,1,2179204
7290017516431,false,שוקלד + פנגיאה שוקולד קוקוס שקדים וקפה 300 גרם,ש.ר רגע בטבע,IL,שוקלד + פנגיאה שוקול,גרמים,300.00,100 גרם,false,,29.90,0.0997,true,1,2179205
7290017516448,false,שוקלד פנגיאה שוקולד קוקוס תמריםשקדים וחרוב 300 גרם,פנגיאה,,שוקלד + פנגיאה שוקול,גרמים,300.00,100 גרם,false,,29.90,0.0997,true,1,2179206
7290017516479,false,חטיף פרוטאין בטעם וניל וקפה,פנגיאה,,חטיף פרוטאין וניל קפ,גרמים,50.00,100 גרם,false,,9.90,0.1980,true,1,2179207
7290017516486,false,חטיף פרוטאין בטעם טרופי,פנגיאה,,חטיף פרוטאין טרופי פ,גרמים,50.00,100 גרם,false,,9.90,0.1980,true,1,2179208
7290017516509,false,חטיף פרוטאין בטעם קרמל מלוח,פנגיאה,,חטיף פרוטאין קרמל מל,גרמים,50.00,100 גרם,false,,9.90,0.1980,true,1,2180941
7290017589374,false,יין יוקרתי שרדונה 75,יקבי ברקן,IL,יין יוקרתי שרדונה 75,מיליליטרים,750.00,"100 מ""ל",false,,55.00,0.0733,true,1,1953843
7290017589565,false,"יין קלאסיק גוורצטרמינר 750 מ""ל.",יקבי ברקן שיווק והפצ,IL,יין קלאסיק גוורצטרמי,מיליליטרים,750.00,"100 מ""ל",false,,39.90,0.0532,true,1,1994958
7290017589633,false,יין רזרב קברנה סוביניון Gold Edition,יקבי ברקן Barkan,IL,יין רזרב קברנה גולד,מיליליטרים,750.00,"100 מ""ל",false,,59.90,0.0799,true,1,1998482
7290017599229,false,ממתיק סוכרלוז 200 טבליות סוכרזית,"סוכרזית בע""מ",IL,סוכרזית סוכרלוז 200,גרמים,365.00,100 גרם,false,,20.90,0.0573,true,1,2230184
7290017599236,false,סוכרזית סטיוויה 200 טבליות,סנו מפעלי ברונוס.,IL,סוכרזית סטיוויה 200,גרמים,365.00,100 גרם,false,,24.90,0.0682,true,1,2230196
7290017599250,false,סוכרזית קלאסי 120 שקיות,ביסקול בע''מ,IL,סוכרזית קלאסי 120 שק,גרמים,120.00,100 גרם,false,,15.50,0.1292,true,1,2260234
7290017599267,false,סוכרלוז 120 שקיות ממתיק שולחני,סוכרזית Sucrazit,IL,סוכרזית סוכרלוז 120,גרמים,120.00,100 גרם,false,,23.90,0.1992,true,1,2260228
7290017599274,false,סוכרזית סטיוויה 120 שקיות,ביסקול בע''מ,IL,סוכרזית סטיוויה 120,גרמים,120.00,100 גרם,false,,35.90,0.2992,true,1,2260229
7290017599281,false,סוכרזית סטיוויה פלוס 100 שקיות,,,סוכרזית סטיוויה פלוס,יח',100.00,יח',false,,34.90,0.3490,true,1,2279378
7290017617084,false,סטארקיסט מיקס טוגו טונה עם שעועית 185 גר',דרדנל אוננטאס גידה,TR,טונה סטארקיסט מיקס ט,גרמים,185.00,100 גרם,false,,13.90,0.0751,true,1,2185090
7290017617107,false,סארקיסט מיקס טוגו טונה עם 4 דגנים 185 גר',"איטיליאן פוד, אס.פי.",TR,טונה סטארקיסט מיקס ט,גרמים,185.00,100 גרם,false,,13.90,0.0751,true,1,2185092
7290017617138,false,נתחי טונה בהירה בשמן קנולה דל נתרן - מארז 4 יח',סטארקיסט פודור,,טונה סטארקיסט רביעיה,גרמים,640.00,100 גרם,false,,24.90,0.0389,true,1,2175383
7290017617282,false,נתחי טונה בהירה בשמן צמחי - מארז 4 יח',טונה וייטנאם קומפני,VN,טונה יונה רביעיות 14,גרמים,560.00,100 גרם,false,,22.90,0.0409,true,1,2235695
7290017617411,false,מיקס סלמון עם אורז מלא וירקות 160 ג' סטארקיסט,סטארקיסט Starkist,PL,סטארקיסט נתחי סלמון,גרמים,160.00,100 גרם,false,,14.90,0.0931,true,1,2253279
7290017617428,false,"סטארקיסט נתחי סלמון עם פסטה, עגבניות וזיתים פיקנטי",סטארקיסט Starkist,PL,סטארקיסט נתחי סלמון,גרמים,160.00,100 גרם,false,,14.90,0.0931,true,1,2253280
7290017617435,false,מיקס סלמון עם עדשים קינואה וירק 160 ג' סטארקיסט,סטארקיסט Starkist,PL,סטארקיסט נתחי סלמון,גרמים,160.00,100 גרם,false,,14.90,0.0931,true,1,2253281
7290017619019,false,עציץ נוי,,,עציץ נוי,יחידה,0.00,יחידה,false,,69.90,0.0000,true,1,2144549
7290017619293,false,מפיץ ריח אפור זהב,,,מפיץ ריח אפור זהב,יחידה,0.00,יחידה,false,,22.90,0.0000,true,1,2144571
7290017619316,false,גומא אפור גבוה מוסקו מקלות,מוסקו,,מפיץ ריח אפור גבוה,יחידה,0.00,יחידה,false,,22.90,0.0000,true,1,2144573
7290017619996,false,אטבי כביסה מסיליקון,,,אטבי כביסה מסיליקון,יחידה,0.00,יחידה,false,,19.90,0.0000,true,1,2235615
7290017637365,false,ספריי לשיער לסירוק ק,,,ספריי לשיער לסירוק ק,מיליליטרים,200.00,"100 מ""ל",false,,9.90,0.0495,true,1,2193690
7290017637426,false,שמפו למניעת קשקשים M,מיקי בוגנים,,שמפו למניעת קשקשים M,מיליליטרים,500.00,"100 מ""ל",false,,23.90,0.0478,true,1,2250757
7290017637556,false,שמפו לקרקפת שומנית M,מיקי בוגנים,,שמפו לקרקפת שומנית M,מיליליטרים,500.00,"100 מ""ל",false,,23.90,0.0478,true,1,2250760
7290017637563,false,שמפו לתלתלים מושלמים,מיקי בוגנים,,שמפו לתלתלים מושלמים,מיליליטרים,500.00,"100 מ""ל",false,,23.90,0.0478,true,1,2250748
7290017637587,false,קרם לתלתלים מושלמים,מיקי בוגנים,,קרם לתלתלים מושלמים,מטרים,200.00,100 מ'ל,false,,23.90,0.1195,true,1,2250771
7290017637594,false,שמפו יומיומי זכרונות,מיקי בוגנים,,שמפו לשיער רגיל MB S,מיליליטרים,500.00,"100 מ""ל",false,,23.90,0.0478,true,1,2250749
7290017637600,false,מרכך יומיומי זכרונות,מיקי בוגנים,,מרכך לשיער רגיל MB S,מיליליטרים,500.00,"100 מ""ל",false,,23.90,0.0478,true,1,2250750
7290017637617,false,מסיכת הזנה לשיער רגיל,מיקי בוגנים,,מסיכת הזנה לשיער רגי,מטרים,250.00,100 מ'ל,false,,27.90,0.1116,true,1,2250762
7290017637624,false,שמפו יומיומי יסמין ק,מיקי בוגנים,,שמפו לשיער רגיל MB M,מיליליטרים,500.00,"100 מ""ל",false,,23.90,0.0478,true,1,2250751
7290017637631,false,מרכך יומיומי יסמין ק,מיקי בוגנים,,מרכך לשיער רגיל MB M,מיליליטרים,500.00,"100 מ""ל",false,,23.90,0.0478,true,1,2250752
7290017637648,false,מסיכת הזנה לשיער רגיל,מיקי בוגנים,,מסיכת הזנה לשיער רגי,מטרים,250.00,100 מ'ל,false,,27.90,0.1116,true,1,2250763
7290017637655,false,שמפו ללא מלחים MB KE,מיקי בוגנים,,שמפו ללא מלחים MB KE,מיליליטרים,500.00,"100 מ""ל",false,,23.90,0.0478,true,1,2250764
7290017641744,false,"חטיפי קרח גדולים בטעמי פטל, לימון, ענבים ואננס",HIQ FOOD PRODUCTS,IL,שלוקים איגלו סטיקס,מיליליטרים,800.00,"100 מ""ל",false,,5.90,0.0074,true,1,2154720
7290017675008,false,טחינה גולמית היונה,היונה,,טחינה היונה 900 גרם,גרמים,900.00,100 גרם,false,,19.90,0.0221,true,1,1814925
7290017677804,false,"רוטב סויה קיקומן ללא חומרים משמרים 444 מ""ל",ראקוטו קאסיי,US,רוטב סויה קיקומן 444,מיליליטרים,444.00,"100 מ""ל",false,,19.90,0.0448,true,1,2088177
7290017677811,false,"רוטב סויה קיקומן ללא חומרים משמרים 296 מ""ל",קיקומן פודז אינק,NL,רוטב סויה קיקומן 296,מיליליטרים,296.00,"100 מ""ל",false,,17.90,0.0605,true,1,2088178
7290017682631,false,"מגב עם תפסן 60 ס""מ+מ",,,"מגב עם תפסן 60 ס""מ+מ",יחידה,0.00,יחידה,false,,29.90,0.0000,true,1,2157745
7290017682655,false,מגב חד להב עם תופסן,,,מגב חד להב עם תופסן,יחידה,0.00,יחידה,false,,29.90,0.0000,true,1,2158155
7290017712192,false,פרמיו נתחי פילה עוף לחתול,פרמיו Premio,FR,פרמיו נתחי פילה עוף,גרמים,100.00,100 גרם,false,,3.90,0.0390,true,1,2274351
7290017712208,false,פרמיו נתחי פילה ברוו,סאטורן,DE,פרמיו פילה ברווז 100,גרמים,100.00,100 גרם,false,,3.90,0.0390,true,1,2274352
7290017712215,false,פרמיו מוס עוף לחתלתו,,,פרמיו מוס עוף לחתלתו,גרמים,100.00,100 גרם,false,,3.90,0.0390,true,1,2274353
7290017712222,false,פרמיו דגי ים קיטן 100ג',סאטורן,DE,פרמיו דגי ים קיטן 10,גרמים,100.00,100 גרם,false,,3.90,0.0390,true,1,2274354
7290017712390,false,פרמיו סלמון סושי 100,,,פרמיו סלמון סושי 100,גרמים,100.00,100 גרם,false,,14.90,0.1490,true,1,2274359
7290017712406,false,פרמיו סלמון טנדרס 10,,,פרמיו סלמון טנדרס 10,גרמים,100.00,100 גרם,false,,14.90,0.1490,true,1,2274360
7290017712581,false,הורייזן עוף לחתול מעדן,הורייזן Horizon,,הורייזן עוף לחתול מע,גרמים,85.00,100 גרם,false,,3.90,0.0459,true,1,2274363
7290017712598,false,הורייזן סלמון לחתול,הורייזן Horizon,,הורייזן סלמון לחתול,גרמים,85.00,100 גרם,false,,3.90,0.0459,true,1,2274364
7290017712604,false,הורייזן בקר לחתול מעדן,הורייזן Horizon,,הורייזן בקר לחתול מע,גרמים,85.00,100 גרם,false,,3.90,0.0459,true,1,2274365
7290017712659,false,הורייזן עוף לגור כלבים ננסי,הורייזן Horizon,DE,הורייזן עוף לגור כלב,גרמים,100.00,100 גרם,false,,3.90,0.0390,true,1,2274366
7290017712680,false,הורייזן עוף לכלב ננסי,הורייזן Horizon,DE,הורייזן עוף לכלב ננס,גרמים,100.00,100 גרם,false,,3.90,0.0390,true,1,2274369
7290017712697,false,הורייזן בקר ולבבות לכלב בוגר,הורייזן Horizon,,הורייזן בקר ולבבות ל,גרמים,150.00,100 גרם,false,,5.90,0.0393,true,1,2274370
7290017712703,false,הורייזן עוף לכלב בוגר,הורייזן Horizon,,הורייזן עוף לכלב בוג,גרמים,150.00,100 גרם,false,,5.90,0.0393,true,1,2274371
7290017712727,false,פרמיו גור חתולים בקר וכבד,פרמיו Premio,,פרמיו גור בקר וכבד 1,גרמים,100.00,100 גרם,false,,3.90,0.0390,true,1,2274373
7290017712741,false,פרמיו כבש 100ג',,,פרמיו כבש 100ג',גרמים,100.00,100 גרם,false,,3.90,0.0390,true,1,2274375
7290017712758,false,פרמיו סלמון לחתול,פרמיו Premio,,פרמיו סלמון 100ג',גרמים,100.00,100 גרם,false,,3.90,0.0390,true,1,2274376
7290017712765,false,פרימו סלמון ופורל לחתול,פרמיו Premio,,פרמיו סלמון ופורל 10,גרמים,100.00,100 גרם,false,,3.90,0.0390,true,1,2274377
7290017712772,false,פרמיו ברק וכבד לחתול,פרמיו Premio,,פרמיו בקר וכבד 100ג',גרמים,100.00,100 גרם,false,,3.90,0.0390,true,1,2274378
7290017712789,false,פרמיו סטירליז עוף 100ג',,,פרמיו סטירליז עוף 10,גרמים,100.00,100 גרם,false,,3.90,0.0390,true,1,2274379
7290017712949,false,פרמיו כריות סטרילייז לחתול,פרמיו Premio,,פרמיו כריות סטרילייז,גרמים,60.00,100 גרם,false,,9.90,0.1650,true,1,2274386
7290017724003,false,עוגיות גרסיני אקלר 2,אקלר,IL,גרסיני,גרמים,250.00,100 גרם,false,,22.90,0.0916,true,1,2208255
7290017724027,false,עוגיות אלפא חורס אקל,"אקלר בע""מ",IL,עוגיות אלפא חורס,גרמים,300.00,100 גרם,false,,22.90,0.0763,true,1,2208198
7290017724041,false,עוגיות תותי פרוטי אק,אקלר,IL,עוגיות תותי פרוטי,גרמים,250.00,100 גרם,false,,22.90,0.0916,true,1,2208200
7290017724072,false,עוגיות רולדה שוקו/תמ,אקלר,IL,רולדה שוקולד תמר,גרמים,200.00,100 גרם,false,,22.90,0.1145,true,1,2208256
7290017724089,false,עוגיות ואן גוך אקלר,,,עוגיות ואן גוך,גרמים,200.00,100 גרם,false,,22.90,0.1145,true,1,1276183
7290017724102,false,עוגיות סיגרים תמרים/,אקלר,IL,עוגיות סיגרים תמרים,גרמים,200.00,100 גרם,false,,22.90,0.1145,true,1,2208246
7290017724119,false,עוגיות אוזניים אקלר,אקלר,IL,עוגיות אוזניים,גרמים,250.00,100 גרם,false,,22.90,0.0916,true,1,2208258
7290017724126,false,עוגיות טחינה אקלר 25,אקלר,IL,עוגיות טחינה,גרמים,250.00,100 גרם,false,,22.90,0.0916,true,1,2208247
7290017724140,false,עוגיות שושנים אקלר 2,אקלר,IL,עוגיות שושנים,גרמים,200.00,100 גרם,false,,22.90,0.1145,true,1,2208248
7290017724164,false,עוגיות אוזניים ללא ת,אקלר,IL,עוגיות אוזניים ללא ת,גרמים,200.00,100 גרם,false,,22.90,0.1145,true,1,2208259
7290017724201,false,עוגיות ואן גוך ללא ת,אקלר,IL,עוגיות ואן גוך ללא ת,גרמים,250.00,100 גרם,false,,22.90,0.0916,true,1,2208269
7290017724218,false,עוגיות מעדן תמר אגוז,אקלר,IL,עוגיות מעדן תמר ללא,גרמים,200.00,100 גרם,false,,22.90,0.1145,true,1,2208270
7290017724232,false,עוגיות שומשומית אקלר,אקלר,IL,סומסומית,גרמים,200.00,100 גרם,false,,22.90,0.1145,true,1,2208261
7290017724256,false,עוגיות שומשומיות ללא,אקלר,IL,שומשומית ללא תוספת ס,גרמים,200.00,100 גרם,false,,22.90,0.1145,true,1,2208271
7290017724263,false,עוגיות בטהובן ללא תו,אקלר,IL,עוגיות בטהובן ללא תו,גרמים,300.00,100 גרם,false,,22.90,0.0763,true,1,2208272
7290017724270,false,עוגיות אשכול בריאות,,,עוגיות אשכול בריאות,גרמים,200.00,100 גרם,false,,22.90,0.1145,true,1,2208273
7290017724287,false,עוגיות אצבעות פקאן ל,אקלר,IL,אצבעות פאקן ללא תוספ,גרמים,250.00,100 גרם,false,,22.90,0.0916,true,1,2208278
7290017724294,false,עוגיות גרנולה ציפס ח,אקלר,IL,גרנולה ציפס חמוציות,גרמים,200.00,100 גרם,false,,22.90,0.1145,true,1,2208279
7290017758053,false,מג,,,מג,יחידה,0.00,יחידה,false,,16.90,0.0000,true,1,2132917
7290017812052,false,יין שיראז קברנה סוביניון אקסלנס Excellence,יקבי כרמל Carmel Winery,IL,יין קברנה סוביניון א,מיליליטרים,750.00,"100 מ""ל",false,,24.90,0.0332,true,1,1933221
7290017812069,false,יין אמרלד ריזלינג שרדונה אקסלנס Excellence,יקבי כרמל Carmel Winery,IL,יין שרדונה אקסלנס רי,מיליליטרים,750.00,"100 מ""ל",false,,24.90,0.0332,true,1,1933222
7290017812335,false,"יין ספארקלינג מוגו' לבן 750 מ""ל","כד בני דרום בע""מ",IL,יין ספארקלינג מוג'ו,מיליליטרים,750.00,"100 מ""ל",false,,29.90,0.0399,true,1,2143875
7290017812373,false,יין שרדונה לבן יבש פרייבט קולקשן - בקבוק אישי,יקבי כרמל Carmel Winery,,שרדונה,מיליליטרים,375.00,"100 מ""ל",false,,17.90,0.0477,true,1,2143869
7290017812571,false,מיץ ענבים אדום 100% טבעי 1 ליטר,יקבי כרמל Carmel Winery,IL,מיץ ענבים תירוש אדום,ליטרים,1.00,ליטר,false,,19.90,19.9000,true,1,2143895
7290017812588,false,מיץ ענבים לבן 100% טבעי 1 ליטר,יקבי כרמל Carmel Winery,IL,מיץ ענבים תירוש לבן,ליטרים,1.00,ליטר,false,,19.90,19.9000,true,1,2143896
7290017812595,false,יין ישן נושן לייט 75,יקבי כרמל Carmel Winery,IL,יין ישן נושן לייט,מיליליטרים,750.00,"100 מ""ל",false,,18.90,0.0252,true,1,2143897
7290017812618,false,מיץ ענבים תירוש רוזה 1 ליטר.,קריות זול,,תירוש ענבים 1 ליטר,ליטרים,1.00,ליטר,false,,19.90,19.9000,true,1,2143898
7290017812656,false,תירוש מבעבע מיץ ענבים מבעבע אדום,מנדלז סי.אר. פרודקשן,IL,תירוש מבעבע אדום,מיליליטרים,750.00,"100 מ""ל",false,,19.90,0.0265,true,1,2185413
7290017812663,false,מיץ ענבים טבעי מבעבע לבן,מנדלז סי.אר. פרודקשן,IL,תירוש מבעבע אדום,מיליליטרים,750.00,"100 מ""ל",false,,19.90,0.0265,true,1,2185414
7290017812830,false,"יין רוזה פרייבט קולקשיין 750 מ""ל","כד בני דרום בע""מ",IL,יין רוזה P.C,מיליליטרים,750.00,"100 מ""ל",false,,38.90,0.0519,true,1,2179455
7290017812847,false,יין סלקטד פרנץ גוורצטרמינר 750 מל,"כד בני דרום בע""מ",IL,יין סלקטד פקנץ גוורצ,מיליליטרים,750.00,"100 מ""ל",false,,29.90,0.0399,true,1,2179456
7290017812861,false,"יין וינו לבן יבש 750 מ""ל",קריות זול,IL,יין לבן וינו,מיליליטרים,750.00,"100 מ""ל",false,,18.90,0.0252,true,1,2177933
7290017812878,false,"יין אקסלנס רוזה 750 מ""ל",קריות זול,,יין אקסלנס רוזה,מיליליטרים,750.00,"100 מ""ל",false,,24.90,0.0332,true,1,2179461
7290017812885,false,יין קברנה סוביניון בלאן גוורצטרמינר,אגודת הכורמים א.ת אל,IL,יין סובניון בלאן,מיליליטרים,750.00,"100 מ""ל",false,,38.90,0.0519,true,1,2199402
7290017812977,false,"יין לבן מתוק מוגז בטעם אננס, 750 מ""ל",קריות זול,IL,יין מבעבע באז אננס,מיליליטרים,750.00,"100 מ""ל",false,,24.90,0.0332,true,1,2203503
7290017816005,false,בייגלה כוסמין שמיניו,יוליניבר,IL,בייגלה כוסמין שמיניו,יחידה,0.00,יחידה,false,,14.90,0.0000,true,1,2125158
7290017816012,false,קרם קרקר כוסמין 250 גר',,,קרקר כוסמין,גרמים,250.00,100 גרם,false,,14.90,0.0596,true,1,2125169
7290017816111,false,פתי בר מקמח כוסמין 220 גרם,,,פתיבר 220 גרם,גרמים,220.00,100 גרם,false,,9.90,0.0450,true,1,2177964
7290017816128,false,קרקר מקור הכוסמין 22,,,קרקר כוסמין 220 גרם,גרמים,220.00,100 גרם,false,,14.90,0.0677,true,1,2177965
7290017816135,false,פריכיות כוסמין ללא ת,,,פריכיות כוסמין 900 ג,גרמים,900.00,100 גרם,false,,9.90,0.0110,true,1,2177966
7290017871363,false,"סבון ידיים מועשר בשמן מקדמיה פמלי 500 מ""ל יהלום",המאפיה של הרמן,TR,אל סבון פמילי יהלום,מיליליטרים,500.00,"100 מ""ל",false,,9.90,0.0198,true,1,2152042
7290017871370,false,"סבון ידיים מועשר בשמן אבוקדו פמלי 500 מ""ל יהלום",המאפיה של הרמן,TR,אל סבון פמילי יהלום,מיליליטרים,500.00,"100 מ""ל",false,,9.90,0.0198,true,1,2152043
7290017871554,false,טוסו חטיף תמרים ושברי קקאו ללא גלוטן וללא תוספת סוכר,טוסו tusso,,חטיף תמרים ושברי קקא,גרמים,140.00,100 גרם,false,,16.90,0.1207,true,1,2129496
7290017871707,false,חטיף פיצפוצי אורז וקוקוס מצופה שוקולד מריר ללא תוספת סוכר,הגביע מוצרי ופלים,IL,חטיף פיצפוצי אורז וק,גרמים,140.00,100 גרם,false,,16.90,0.1207,true,1,2129501
7290017871950,false,פרשוואנס נייר טואלט לח מתכלה בניחוח לוונדר מארז שלישייה,,IL,מארז שלישייה נייר טו,יח',40.00,יח',false,,14.90,0.3725,true,1,2182796
7290017871967,false,גלי טוסו בטעם אננס 2,קריות זול,IL,ג'לי טוסו בטעם אננס,גרמים,25.00,100 גרם,false,,9.90,0.3960,true,1,2177035
7290017871974,false,גלי טוסו בטעם תות שד,קריות זול,IL,ג'לי טוסו בטעם תות ש,גרמים,25.00,100 גרם,false,,9.90,0.3960,true,1,2177036
7290017871998,false,פודינג וניל טוסו ללא,קריות זול,IL,ג'לי טוסו בטעם וניל,גרמים,25.00,100 גרם,false,,9.90,0.3960,true,1,2177038
7290017872162,false,טוסו עוגיות אגוזי לוז 200 ג',היינץ צפון אמריקה מק,IL,טוסו עוגיות אגוזי לו,גרמים,200.00,100 גרם,false,,14.90,0.0745,true,1,2150272
7290017872179,false,עוגיות טחינה ללא תוספת סוכר,היינץ צפון אמריקה מק,IL,טוסו עוגיות טחינה 20,גרמים,200.00,100 גרם,false,,14.90,0.0745,true,1,2150273
7290017872186,false,עוגיות פקאן ללא תוספת סוכר,היינץ צפון אמריקה מק,IL,טוסו עוגיות פקאן 200,גרמים,200.00,100 גרם,false,,14.90,0.0745,true,1,2150274
7290017872193,false,עוגיות שקדים וקינמון ללא תוספת סוכר,היינץ צפון אמריקה מק,IL,טוסו עוגיות שקדים וק,גרמים,200.00,100 גרם,false,,14.90,0.0745,true,1,2150275
7290017872209,false,שעווה למיקרוגל עם שמ,,,שעווה מגע הדבש 500 ג,גרמים,500.00,100 גרם,false,,16.90,0.0338,true,1,2155048
7290017872230,false,"פרש וואנס מגבונים,דיספנסר 100 יחידות",פרש וואנס Fresh Ones,,מגבונים פרשוואנס 100,יח',100.00,יח',false,,7.90,0.0790,true,1,2208337
7290017872650,false,"פמלי יהלום-סבון ידיים 500מ""ל עם שמן לבנדר",המאפיה של הרמן,TR,אל סבון פמילי יהלום,מיליליטרים,500.00,"100 מ""ל",false,,9.90,0.0198,true,1,2160606
7290017872667,false,פמלי יהלום סבון ידיי,המאפיה של הרמן,TR,אל סבון פמילי יהלום,מיליליטרים,500.00,"100 מ""ל",false,,9.90,0.0198,true,1,2160607
7290017872865,false,בייביביס חטיפי דגנים אפויים לתינוקות בטעם גזר ועגבנייה,,,חטיפי דגנים אפויים ב,גרמים,35.00,100 גרם,false,,12.90,0.3686,true,1,2246480
7290017872957,false,אדג' - מכשיר גילוח רב פעמי ידית + 3 סכינים לעור רגיש,,,מכשיר גילוח אדג' +3,יחידה,0.00,יחידה,false,,54.90,0.0000,true,1,2257975
7290017884455,false,ג'חנון 600 גרם מאפית,מאפיית א.ש.ייצור ושי,,ג'חנון 600 גר,גרמים,600.00,100 גרם,false,,21.90,0.0365,true,1,2029663
7290017888019,false,"משקה תפוח רימון סלק גינגיר פרות &ווג 350 מ""ל",פרוט אנד וג' Fruit & Veg,IL,משקה קל תפוח רימון ס,מיליליטרים,350.00,"100 מ""ל",false,,6.50,0.0186,true,1,2074111
7290017888026,false,"משקה אננס תפוח גזר פרות & ווג 350 מ""ל",פרוט אנד וג' Fruit & Veg,IL,משקה קל אננס תפוח גז,מיליליטרים,350.00,"100 מ""ל",false,,6.50,0.0186,true,1,2074112
7290017888033,false,"משקה בננה מלון נענע פרות &ווג 350 מ""ל",פרוט אנד וג' Fruit & Veg,IL,משקה קל בננה מלון נע,מיליליטרים,350.00,"100 מ""ל",false,,6.50,0.0186,true,1,2074113
7290017888095,false,"רביעיית פחיות שוופס מוגז עדין פירות יער 330 מ""ל.",יפאורה תבורי,IL,רביעיית פחיות שוופס,ליטרים,1.32,ליטר,false,,12.80,9.6970,true,1,2069861
7290017888644,false,"משקה אננס בננה כורכום פרות & ווג 350 מ""ל",פרוט אנד וג' Fruit & Veg,IL,משקה אננס בננה כורכו,מיליליטרים,350.00,"100 מ""ל",false,,6.50,0.0186,true,1,2149431
7290017888729,false,שוופס סודה בקבוק 1 ל',"יפאורה תבורי בע""מ",IL,סודה שוופס 1 ליטר,ליטרים,1.00,ליטר,false,,3.90,3.9000,true,1,2152181
7290017888972,false,מי עדן 1 ליטר פקק ספורט בודד,מופק ממקור בזלתי עדן,IL,מי עדן 1 ליטר פקק ספ,ליטרים,1.00,ליטר,false,,4.90,4.9000,true,1,2157731
7290017894072,false,אל-אקונומיקה אבקה אק,אקופרנד,IL,אבקת הלבנה אקולוגי 5,גרמים,500.00,100 גרם,false,,17.90,0.0358,true,1,2149662
7290017907215,false,קמח תמי למאפי שמרים ללא גלוטן 500 גרם,פוראטוס ישראל,IL,"קמח ""תמי"" למאפי שמרי",גרמים,500.00,100 גרם,false,,18.90,0.0378,true,1,2183984
7290017907222,false,תערובת קמח תופח לנמנעים מגלוטן,פוראטוס ישראל,IL,"קמח ""תמי"" תופח",גרמים,500.00,100 גרם,false,,18.90,0.0378,true,1,2183979
7290017907239,false,"תערובת ""תמי"" לעוגת ש",,,"תערובת ""תמי"" לעוגת ש",גרמים,450.00,100 גרם,false,,18.90,0.0420,true,1,2183985
7290017907253,false,פתיתים מאורז לנמנעים מגלוטן,פוראטוס ישראל,IL,"פתיתים ""תמי""",גרמים,300.00,100 גרם,false,,15.90,0.0530,true,1,2183987
7290017907260,false,תערובת להכנת כדורי פלאפל לנמנעים מגלוטן,פוראטוס ישראל,IL,"תערובת ""תמי"" להכנת פ",גרמים,300.00,100 גרם,false,,15.90,0.0530,true,1,2183988
7290017909486,false,"טרמוס נירוסטה 500 מ""",,,"טרמוס נירוסטה 500 מ""",יחידה,0.00,יחידה,false,,89.90,0.0000,true,1,2147614
7290017917283,false,מגבוני קמיל בלו ללא בישום רביעיה,,,רביעיית מגבונים קמיל,4 יח',256.00,4 יח',false,,15.90,0.0621,true,1,2133181
7290017917382,false,אל סבון היגייני לניקוי יסודי ולהרגע העור clean & calm,"ד""ר פישר Dr fischer",,קמיל אל סבון 1 ליטר,ליטרים,1.00,ליטר,false,,15.90,15.9000,true,1,2106606
7290017917450,false,קמיל בלו סנסיטיב אל סבון ושמפו לתינוק קמומיל ואלוורה,"ד""ר פישר Dr fischer",,קמיל בלו סנסטיב אל ס,ליטרים,1.00,ליטר,false,,24.90,24.9000,true,1,2110151
7290017917467,false,קמיל בלו סנסטי בשיבולת שועל אל סבון טיפולי לתינוק,"ד""ר פישר Dr fischer",,קמיל בלו אל סבון שיב,ליטרים,1.00,ליטר,false,,24.90,24.9000,true,1,2110152
7290017917542,false,"ד""ר פישר שמפו בלונד ללא תוספת מלחים 400 מ""ל",,,שמפו לשיער בלונד ללא,מיליליטרים,400.00,"100 מ""ל",false,,29.90,0.0747,true,1,2135146
7290017917559,false,"ד""ר פישר - מסכה בלונד 300 מ""ל",,,מסיכה לשיער בלונד דר,מיליליטרים,300.00,"100 מ""ל",false,,29.90,0.0997,true,1,2135147
7290017917634,false,"סנסיטיב זוג אל דמע 750 מ""ל",,,מארז זוג קמיל בלו אל,מיליליטרים,1500.00,"100 מ""ל",false,,29.90,0.0199,true,1,2129319
7290017925837,false,מארז הנדריקס + 2 טונ,,,מארז הנדריקס + 2 טונ,מיליליטרים,700.00,"100 מ""ל",false,,149.00,0.2129,true,1,2265658
7290017928036,false,מאיר בייגל מקלות גריסיני שומשום 175 ג',מאיר בייגל,,בייגל מקלות גריסיני,גרמים,175.00,100 גרם,false,,9.90,0.0566,true,1,2133506
7290017928043,false,מאיר בייגל גריסיני קראנץ' מלח 175 ג',מאיר בייגל,,בייגל גריסיני קראנץ,גרמים,175.00,100 גרם,false,,9.90,0.0566,true,1,2133507
7290017928098,false,מאיר בייגל שטוחלה מלח 330 גר',מאיר בייגל,IL,בייגל שטוחלה מלח 330,גרמים,300.00,100 גרם,false,,9.90,0.0330,true,1,2227001
7290017928128,false,מאיר בייגל מקלות עם מלח 400 ג,,,בייגל ה מקלות 400 גר,גרמים,400.00,100 גרם,false,,9.90,0.0248,true,1,2275128
7290017928210,false,מאיר בייגל בייגלה גדול שומשום 300 גר',מאיר בייגל,,בייגלה גדול שומשום 2,גרמים,250.00,100 גרם,false,,9.90,0.0396,true,1,2133493
7290017928227,false,מאיר בייגל שטוחהלה פינוקים 300 גר',מאיר בייגל,,בייגל שטוחלה פינוקים,גרמים,300.00,100 גרם,false,,9.90,0.0330,true,1,2133508
7290017928432,false,מאיר בייגל גריסיני קראנץ פרג 175 גר',מאיר בייגל,,בייגל גריסיני קראנץ,גרמים,175.00,100 גרם,false,,9.90,0.0566,true,1,2133511
7290017928449,false,בייגלה שטוחל'ה PRO עם מלח עשיר בחלבון,מאיר בייגל,,בייגל שטוחלה פרו מלח,גרמים,170.00,100 גרם,false,,9.90,0.0582,true,1,2133495
7290017928463,false,סמאש- שבורים בטעם דבש חרדל ובצל 300גרם,מאיר בייגל,,בייגל סמאש שבורים בט,גרמים,300.00,100 גרם,false,,10.90,0.0363,true,1,2229392
7290017928524,false,בייגלה שטוח ניגובים מלח 330 ג' מאיר בייגל,מאיר בייגל,IL,בייגל שטוחלה ניגובים,גרמים,330.00,100 גרם,false,,9.90,0.0300,true,1,2227320
7290017928609,false,בייגלה טבעות עם שומשום 300גרם- .חדש,מאיר בייגל,,בייגלה טבעות שומשום,גרמים,300.00,100 גרם,false,,9.90,0.0330,true,1,2133496
7290017928616,false,מאיר בייגל שטוחהלה שומשום 300 גר',מאיר בייגל,,בייגל שטוחלה שומשום,גרמים,300.00,100 גרם,false,,9.90,0.0330,true,1,2133512
7290017928630,false,"גריסיני קראנץ' פינוקים שומשום, קצח, שום ובצל",מאיר בייגל,,בייגל גריסיני קראנץ,גרמים,175.00,100 גרם,false,,9.90,0.0566,true,1,2133513
7290017928661,false,סמאש שבורים בטעם צ'דר ובצל 300 גרם,מאיר בייגל,,בייגל סמאש שבורים בט,גרמים,300.00,100 גרם,false,,12.90,0.0430,true,1,2229393
7290017928685,false,בייגלה שמיניות עם מלח 400גרם -חדש,מאיר בייגל,IL,בייגלה שמיניות מלח 4,גרמים,400.00,100 גרם,false,,9.90,0.0248,true,1,2226996
7290017928722,false,בייגלה שטוח ניגובים שומשום 300 ג' מאיר בייגל,מאיר בייגל,IL,בייגל שטוחלה ניגובים,גרמים,300.00,100 גרם,false,,9.90,0.0330,true,1,2227321
7290017928807,false,בייגלה אצבעות עם שומשום 300גרם - חדש,מאיר בייגל,,בייגלה אצבעות שומשום,גרמים,300.00,100 גרם,false,,9.90,0.0330,true,1,2133498
7290017928821,false,מאיר בייגל מקלות גריסיני קלאסי 200 ג',מאיר בייגל,,בייגל מקלות גריסיני,גרמים,200.00,100 גרם,false,,9.90,0.0495,true,1,2133515
7290017946399,false,"מרכך כביסה מרוכז ארומתרפי אדום 900 מ""ל סוד",הנקל סוד,IL,סוד מרכך כביסה מרוכז,מיליליטרים,900.00,"100 מ""ל",false,,11.90,0.0132,true,1,2235181
7290017946764,false,מנקה מכונת כביסה 150 ג',הנקל Henkel,,מנקה מכונת כביסה,יח',2.00,יח',false,,14.90,7.4500,true,1,2177819
7290017946979,false,ג'ל מרוכז לכביסה מנטרל ריחות 2.4 ל' פרסיל,פרסיל Persil,,פרסיל ג'ל פרמיום 2.4,ליטרים,2.40,ליטר,false,,29.90,12.4583,true,1,2182822
7290017993454,false,מחית וניל,,,מחית וניל,גרמים,60.00,100 גרם,false,,79.90,1.3317,true,1,2235538
7290018043189,false,פראוד - חטיף חלבון בטעם קשיו קרמל 60 גרם,מרס נדרלנד,NL,חטיף פרוטאין קשיו מק,גרמים,60.00,100 גרם,false,,10.90,0.1817,true,1,2180437
7290018043196,false,פראוד - חטיף חלבון בטעם שוקולד לבן עוגיות 60 גרם,הרת'סייד פוד סולושיי,NL,חטיף פרוטאין עוגיות,גרמים,60.00,100 גרם,false,,10.90,0.1817,true,1,2180438
7290018043295,false,חטיף חלבון בטעם ונילה קראנץ',הרת'סייד פוד סולושיי,NL,חטיף פרוטאין קראנץ',גרמים,60.00,100 גרם,false,,10.90,0.1817,true,1,2180439
7290018043844,false,חטיף חלבון בוטנים קרמל קראנץ 60 ג' פראוד,פראוד PROUD,NL,חטיף פרוטאין בוטנים,גרמים,60.00,100 גרם,false,,10.90,0.1817,true,1,2256342
7290018045084,false,דגנים במילוי קרם בטעם בראוניז 480 ג' BON & BON,,DE,דגנים במילוי קרם בטע,גרמים,480.00,100 גרם,false,,23.90,0.0498,true,1,2236273
7290018045312,false,זוג ספוגים לניקוי סק,,,ספוג ניקוי סקראב דד,יחידה,0.00,יחידה,false,,17.90,0.0000,true,1,2277723
7290018045497,false,דגנים במילוי קרם שוקולד 480 ג' BON & BON,מונדיי Monday,,דגנים במילוי קרם שוק,גרמים,480.00,100 גרם,false,,23.90,0.0498,true,1,2236261
7290018045503,false,דגני בוקר הלו קיטי לבבות 311 גרם,נורדגטריידה,DE,דגני בוקר הלו קיטי ל,גרמים,311.00,100 גרם,false,,23.90,0.0768,true,1,2282031
7290018045695,false,דגנים במילוי קרם קרמל מלוח 480 ג' BON & BON,מונדיי Monday,DE,דגנים במילוי קרם קרמ,גרמים,480.00,100 גרם,false,,23.90,0.0498,true,1,2236262
7290018045893,false,דגנים במילוי קרם נוגט 480ג' BON & BON,מונדיי Monday,DE,דגנים במילוי קרם נוג,גרמים,480.00,100 גרם,false,,23.90,0.0498,true,1,2236263
7290018071205,false,כפפות ניטרו כחולות אלסטיות S 100יח',איזיטאצ,CN,כפפות ויניל ללא אבקה,יח',100.00,יח',false,,29.90,0.2990,true,1,2228729
7290018071212,false,כפפות ניטרו כחולות אלסטיות M ללא אבקה 100יח',איזיטאצ,CN,כפפות ויניל ללא אבקה,יח',100.00,יח',false,,29.90,0.2990,true,1,2228730
7290018071229,false,כפפות ניטרו כחולות אלסטיות L ללא אבקה 100יח',איזיטאצ,CN,כפפות ויניל ללא אבקה,יח',100.00,יח',false,,29.90,0.2990,true,1,2228731
7290018091029,false,מקלות פילו תפוחי אדמה מעדנות 450 ג',"מעדנות בע""מ",IL,"מקלות פילו תפו""א מעד",גרמים,450.00,100 גרם,false,,16.90,0.0376,true,1,2148312
7290018091272,false,בצק עוגיות קקאו טריפל שוקולד צ'יפס 300ג',מעדנות,TR,בצק עוגיות קקאו טריפ,גרמים,300.00,100 גרם,false,,19.90,0.0663,true,1,2265670
7290018091470,false,גלילת ביסקוויטים בטעם שוקולד 300ג',מעדנות,IL,גלילת ביסקוויטים בטע,גרמים,300.00,100 גרם,false,,19.90,0.0663,true,1,2265671
7290018091616,false,מקלות פילו גבינה מעדנות 450 ג',מיוצר עי קונדיטוריית,IL,מקלות פילו גבינה מעד,גרמים,450.00,100 גרם,false,,16.90,0.0376,true,1,2148314
7290018091876,false,"מאפה פילו גבינה, 320 גרם מעדנות","מעדנות בע""מ",IL,מאפה פילו גבינה מעדנ,גרמים,320.00,100 גרם,false,,18.90,0.0591,true,1,2255706
7290018098493,false,פיצה טבעונית משפחתית זיתים 350 גרם MILK FREE,נטורל קייקס,IL,פיצה משפחתית זיתים 3,גרמים,350.00,100 גרם,false,,21.90,0.0626,true,1,2263998
7290018131879,false,אקסטרים טילון ריבת חלב בדצ 6*72 גר',גלידות נסטלה (נגה גל,IL,גלידת טילון אקסטרים,גרמים,432.00,100 גרם,false,,25.90,0.0600,true,1,2200316
7290018131954,false,קרחון שרבט פרווה לה פרוטה תות שדה ושוקולד מריר,גלידות נסטלה Nestle,IL,מאגדת לה פרוטה שוקול,גרמים,350.00,100 גרם,false,,29.90,0.0854,true,1,2185889
7290018132388,false,מטרנה גולד שלב 2 תרכובת מזון על בסיס חלבי,מטרנה,,מטרנה גולד שלב 2 700,גרמים,700.00,100 גרם,false,,74.90,0.1070,true,1,2265926
7290018132425,false,מטרנה גולד שלב 3 תרכובת מזון על בסיס חלבי,מטרנה,,מטרנה גולד שלב 3 700,גרמים,700.00,100 גרם,false,,74.90,0.1070,true,1,2265927
7290018156124,false,"אל סבון קמיל צבעוני ד""ר פישר שלישיה* 500 מ""ל",,,שלישיית אל סבון צבעו,ליטרים,1.50,ליטר,false,,19.90,13.2667,true,1,2135154
7290018156513,false,"ד""ר פישר - אלכוג'ל מגבונים היגיינים לידיים 40 יח'",,,אלכוגי'ל וויפס מגבונ,10 יח',40.00,10 יח',false,,29.90,0.7475,true,1,2147315
7290018165010,false,"יין ברקן רזרב גולד גוורצטרמינר 750 מ""ל",יקבי ברקן שיווק והפצ,IL,יין רזרב גולד גוורצט,מיליליטרים,750.00,"100 מ""ל",false,,59.90,0.0799,true,1,2134319
7290018165027,false,יין רזרב ברקן גולד ר,יקבי ברקן שיווק והפצ,IL,יין רזרב גולד רוזה,מיליליטרים,750.00,"100 מ""ל",false,,59.90,0.0799,true,1,2134320
7290018165447,false,"יין רזרב גולד מרלו 750 מ""ל",יקבי ברקן שיווק והפצ,IL,יין רזרב גולד מרלו 7,מיליליטרים,750.00,"100 מ""ל",false,,59.90,0.0799,true,1,2178903
7290018195048,false,"חתיכות אננס בסירופ קל טעמן, 850 גרם",פ.ת גרייט פנאפל,TH,חתיכות אננס בסירופ ק,גרמים,850.00,100 גרם,false,,10.90,0.0128,true,1,2259303
7290018195086,false,חלב מרוכז טעמן 340 גרם,,,חלב מרוכז 340גר',גרמים,340.00,100 גרם,false,,12.90,0.0379,true,1,2279717
7290018195178,false,שוקולד מריר 62% קקאו 100 גר' טעמן,אס.קיי ראיס אינטרנשי,PL,שוקולד מריר 62% 100,גרמים,100.00,100 גרם,false,,5.90,0.0590,true,1,2259319
7290018195512,false,תבשיל אורז אושפלו 250 גרם,,,ארוחת אורז בסגנון מק,יחידה,0.00,יחידה,false,,9.90,0.0000,true,1,2279718
7290018195529,false,תבשיל אורז מג'דרה 250 גרם,,,ארוחת אורז מג'דרה,יחידה,0.00,יחידה,false,,9.90,0.0000,true,1,2279719
7290018195536,false,תבשיל אורז בסיגנון איטלקי 250 גרם,,,ארוחת אורז בסגנון אי,יחידה,0.00,יחידה,false,,9.90,0.0000,true,1,2279720
7290018195543,false,תבשיל אורז בסגנון מקסיקני 250 גרם,,,ארוחת אורז שעועית אד,יחידה,0.00,יחידה,false,,9.90,0.0000,true,1,2279721
7290018198148,false,"תפוגן קריספי צ'יפס קלאסי 1.25 ק""ג",עיצובים 2020 (4.5),,תפוגן קריספי ציפס קל,קילוגרמים,1.25,"ק""ג",false,,22.90,18.3200,true,1,2200324
7290018198209,false,תפוגן ציפס בטטה קראנ,"תעשיות תפוגן בע""מ",IL,תפוגן צ'יפס בטטה קרא,גרמים,500.00,100 גרם,false,,17.90,0.0358,true,1,2178858
7290018198254,false,"תפוגן קריספי צ'יפס פוטטוס 1.25 ק""ג",עיצובים 2020 (4.5),,תפוגן קריספי ציפס פו,קילוגרמים,1.25,"ק""ג",false,,22.90,18.3200,true,1,2200325
7290018228258,false,יעה+מברשת,,,יעה+מברשת,יחידה,0.00,יחידה,false,,9.90,0.0000,true,1,2200612
7290018228265,false,"מגב לרצפה 40 ס""מ",,,"מגב לרצפה 40 ס""מ",יחידה,0.00,יחידה,false,,9.90,0.0000,true,1,2200613
7290018228456,false,מטאטא אנטי שוק,,,מטאטא אנטי שוק,יחידה,0.00,יחידה,false,,16.90,0.0000,true,1,2200614
7290018228586,false,מפיץ ריח מיוחד,,,מפיץ ריח מיוחד,יחידה,0.00,יחידה,false,,29.90,0.0000,true,1,2234699
7290018228654,false,מטאטא טי,,,מטאטא טי,יחידה,0.00,יחידה,false,,12.90,0.0000,true,1,2200616
7290018236635,false,צ'ונגו פופקורן מצופה עוף טוב 600 גר',מוצרי עוף טוב (2001),IL,עוף טוב צונגו פופקור,גרמים,600.00,100 גרם,false,,34.90,0.0582,true,1,2181475
7290018236659,false,צ'ונגו פופקורן ציפוי מתובל עוף טוב 600 גר',מולינו ניקולי s.p.a,IL,עוף טוב צונגו פופקור,גרמים,600.00,100 גרם,false,,34.90,0.0582,true,1,2181476
7290018237373,false,פסטרמה צרובה על הגריל נתח שלם עוף טוב 300 ג',עיצובים 2020 (4.9),IL,עוף טוב פסטרמה צרובה,גרמים,300.00,100 גרם,false,,27.90,0.0930,true,1,2213713
7290018237397,false,עוף טוב פסטרמה מקורמלת נתח שלם 300 גר',מולינו ניקולי s.p.a,IL,עוף טוב פסטרמה מקורמ,גרמים,300.00,100 גרם,false,,27.90,0.0930,true,1,2213714
7290018237410,false,עוף טוב פסטרמה במעשנה נתח שלם 300 גר',מולינו ניקולי s.p.a,IL,עוף טוב פסטרמה במעשנ,גרמים,300.00,100 גרם,false,,27.90,0.0930,true,1,2213715
7290018237922,false,שניצלונים ציפוי ציפס עוף טוב 700 גר',עיצובים 2020 (4.9),IL,שניצלונים ציפוי צ'יפ,גרמים,700.00,100 גרם,false,,19.90,0.0284,true,1,2248725
7290018237960,false,עוף טוב כתף בקר עסיסי 265גרם,עיצובים 2020 (4.9),,עוף טוב כתף בקר עסיס,גרמים,320.00,100 גרם,false,,24.90,0.0778,true,1,2258713
7290018249055,false,ממתיק מארז סוויטאנגו 100 יח',,,ממתיק סוויטאנגו כמו,גרמים,300.00,100 גרם,false,,32.90,0.1097,true,1,2184090
7290018249086,false,ממרח חלבה פיסטוק סוו,,,ממרח חלבה פיסטוק סוו,גרמים,350.00,100 גרם,false,,32.90,0.0940,true,1,2281735
7290018249123,false,אינסטנט פודינג סוויטאנגו בטעם וניל,מתבל תעשיות מזון,IL,פודינג וניל סוויטאנג,גרמים,50.00,100 גרם,false,,11.90,0.2380,true,1,2184091
7290018249154,false,ממרח שוקולד עם אגוזי,,,ממרח קקאו אגוזי לוז,גרמים,350.00,100 גרם,false,,32.90,0.0940,true,1,2274744
7290018249222,false,ממתיק סוויטנגו אבקה 100 ג',סוויטאנגו Sweetango,,אבקת ממתיק סוויטאנגו,גרמים,100.00,100 גרם,false,,14.90,0.1490,true,1,2184092
7290018249550,false,אינסטנט פודינג בטעם שוקולד 55 ג',מתבל תעשיות מזון,IL,פודינג שוקולדסוויטאנ,גרמים,50.00,100 גרם,false,,11.90,0.2380,true,1,2248486
7290018249727,false,אבקת סוכר סוויטנגו,,,אבקת סוכר סוויטנגו,גרמים,350.00,100 גרם,false,,39.90,0.1140,true,1,2281737
7290018249802,false,ממתיק סוויטאנגו צנצנת 280 גרם,סוויטאנגו Sweetango,IL,ממתיק סוויטאנגו צנצנ,גרמים,280.00,100 גרם,false,,26.90,0.0961,true,1,2184084
7290018249994,false,סוויטאנגו תחליף סוכר ממתיק 700 גר',מתבל תעשיות מזון,IL,ממתיק סוויטאנגו צנצנ,גרמים,700.00,100 גרם,false,,56.90,0.0813,true,1,2184085
7290018276150,false,שקית אישית פיור וואי,,,שקית אישית פיור וואי,גרמים,33.00,100 גרם,false,,5.90,0.1788,true,1,2177439
7290018276167,false,שקית אישית פיור וואי,,,שקית אישית פיור וואי,גרמים,33.00,100 גרם,false,,5.90,0.1788,true,1,2177440
7290018276174,false,שקית אישית פיור וואי,,,שקית אישית פיור וואי,גרמים,33.00,100 גרם,false,,5.90,0.1788,true,1,2177441
7290018282441,false,ג'ל 70% אלכוהול מועשר באלוורה,ויש Vish,,ג'ל לניקוי ידיים 500,מיליליטרים,500.00,"100 מ""ל",false,,14.90,0.0298,true,1,2159218
7290018282830,false,ג'ל 70% אלכוהול מועשר באלוורה,ויש Vish,,ג'ל לניקוי ידיים 100,מיליליטרים,100.00,"100 מ""ל",false,,7.90,0.0790,true,1,2159220
7290018294000,false,"יין קינג דויד רוזה 750 מ""ל",קריות זול,IL,קינג דיווד רוזה,מיליליטרים,750.00,"100 מ""ל",false,,18.90,0.0252,true,1,2203504
7290018294192,false,"יין בלנד היינן אדום יבש 750 מ""ל p.c",קריות זול,IL,יין בלנד היינן,מיליליטרים,750.00,"100 מ""ל",false,,38.90,0.0519,true,1,2234429
7290018294208,false,"סלקטד אדום יין ישראלי, 750 מ""ל","כד בני דרום בע""מ",IL,יין אדום יבש סלקטד,מיליליטרים,750.00,"100 מ""ל",false,,29.90,0.0399,true,1,2212422
7290018294369,false,תירוש כרמל מיץ ענבים,יקבי כרמל Carmel Winery,,"תירוש אדום 700 מ""ל",מיליליטרים,700.00,"100 מ""ל",false,,13.90,0.0199,true,1,2272715
7290018294383,false,יין פינו גריי אזורית,,,יין לבן יבש אזורית פ,מיליליטרים,750.00,"100 מ""ל",false,,54.90,0.0732,true,1,2254101
7290018294895,false,"יין מונלייט לבן חצי מתוק 750 מ""ל",יקבי כרמל Carmel Winery,IL,יין מונלייט לבן חצי,מיליליטרים,750.00,"100 מ""ל",false,,28.90,0.0385,true,1,2264014
7290018294901,false,מונלייט אדום יבש 750 מל',יקבי כרמל Carmel Winery,IL,יין מונלייט אדום יבש,מיליליטרים,750.00,"100 מ""ל",false,,28.90,0.0385,true,1,2264015
7290018294918,false,מונלייט מוסקטו רוזה מתוק מבעבע 750מל,יקבי כרמל Carmel Winery,IL,יין מונלייט מוסקטו ו,מיליליטרים,750.00,"100 מ""ל",false,,28.90,0.0385,true,1,2264016
7290018313589,false,"מסננת רשת 12 ס""מ ידי",,,"מסננת רשת 12 ס""מ ידי",יחידה,0.00,יחידה,false,,14.90,0.0000,true,1,2171594
7290018333082,false,אגו מיקס קורנפלקס מצופה ש.חלב 55 גר' 24 בקר' בדצ,כרמית,IL,אגו מיקס קורנפלקס,גרמים,55.00,100 גרם,false,,3.90,0.0709,true,1,2161647
7290018333099,false,אגו מיקס קורנפלקס מצופה ש.חלב ולבן 55גר' 24 בקר',כרמית,,אגו מיקס קורנפלקס,גרמים,55.00,100 גרם,false,,3.90,0.0709,true,1,2161648
7290018333242,false,אריזת טופי אצבעות מיקס פירות 24-40ג',,,טופי אצבעות מיקס פיר,גרמים,40.00,100 גרם,false,,1.40,0.0350,true,1,2188454
7290018333686,false,גרנולה רפאלס פרו פקא,רפאלס,IL,גרנולה פרו עם פקאן ו,גרמים,250.00,100 גרם,false,,17.90,0.0716,true,1,2181668
7290018333693,false,גרנולה פרו עם קשיו ופירות יבשים 600 גר',רפאלס,IL,גרנולה פרו עם קשיו ו,גרמים,600.00,100 גרם,false,,27.90,0.0465,true,1,2181658
7290018333945,false,חטיף אגוזים רפאלס שקד ווניל בדצ 150 גר *12יח,רפאלס,IL,חטיף אגוזים רפאלס שק,גרמים,150.00,100 גרם,false,,14.90,0.0993,true,1,2209923
7290018333952,false,חטיף אגוזים רפאלס וחמוציות בדצ 150 גר *12יח,רפאלס,IL,חטיף אגוזים רפאלס חמ,גרמים,150.00,100 גרם,false,,14.90,0.0993,true,1,2209924
7290018333969,false,חטיף גרנולה רפאלס שקדים וטחינה בדצ 150 גר *12יח,רפאלס,IL,חטיף גרנולה רפאלס שק,גרמים,150.00,100 גרם,false,,14.90,0.0993,true,1,2209925
7290018333976,false,חטיף גרנולה רפאלס קשיו וקוקוס בדצ 150 גר *12יח,רפאלס,,חטיף גרנולה רפאלס קש,גרמים,150.00,100 גרם,false,,14.90,0.0993,true,1,2209926
7290018338681,false,ספגטי דורום מלא 500,,,ספגטי דורום מלא 500,גרמים,500.00,100 גרם,false,,7.90,0.0158,true,1,2279037
7290018338698,false,פנה דורום מלא אורגני,,,פנה דורום מלא אורגני,גרמים,500.00,100 גרם,false,,7.90,0.0158,true,1,2279038
7290018338704,false,פוזילי דורום מלא אור,,,פוזילי דורום מלא אור,גרמים,500.00,100 גרם,false,,7.90,0.0158,true,1,2279039
7290018339084,false,ריקו טורטליני ראגו 100% חיטת דורום,פסטה ריקו Pasta Ricco,,טורטליני ראגו מכסה א,גרמים,300.00,100 גרם,false,,29.90,0.0997,true,1,2279631
7290018343296,false,"ד""ר פישר אלכו-ג'ל 100 מ""ל",,,"אלכוג'ל 100 מ""ל",מיליליטרים,100.00,"100 מ""ל",false,,9.90,0.0990,true,1,2149067
7290018343326,false,"ד""ר פישר מרכך לשיער מתולתל -400 מ""ל PERFECT CURLS",,,מרכך לשיער מתולתל פר,מיליליטרים,400.00,"100 מ""ל",false,,24.90,0.0622,true,1,2180995
7290018343340,false,"ד""ר פישר - שמפו משקם לאחר החלקה ללא תוספת מלח 400 מ""ל",,,שמפו משקם לאחר החלקה,מיליליטרים,400.00,"100 מ""ל",false,,29.90,0.0747,true,1,2181118
7290018343357,false,"ד""ר פישר SMOOTH & REPAIR מרכך משקם לאחר החלקה או עיצוב בחום",,,מרכך משקם לאחר החלקה,מיליליטרים,400.00,"100 מ""ל",false,,29.90,0.0747,true,1,2181119
7290018343364,false,"ד""ר פישר - מסכת הזנה משקמת לאחר החלקה ללא תוספת מלח 300 מ""ל",,,שמפו משקם לאחר החלקה,מיליליטרים,400.00,"100 מ""ל",false,,29.90,0.0747,true,1,2181120
7290018343630,false,קרם גוף מועשר בחמאת,,,קרם גוף מועשר בחמאת,מיליליטרים,450.00,"100 מ""ל",false,,21.90,0.0487,true,1,2181130
7290018359495,false,תירס מהשדה בלי תוספת סוכר יכין 550 גר',היינץ צפון אמריקה מק,IL,תירס השדה בלי תוספת,גרמים,550.00,100 גרם,false,,8.90,0.0162,true,1,2169654
7290018359716,false,רוטב פיצה טוסקנה יכין 240 גר',"זנלכל בע""מ",IL,רוטב פיצה טוסקנה 240,גרמים,240.00,100 גרם,false,,5.50,0.0229,true,1,2194979
7290018359884,false,פולפה ליקופן טבעית 400*2ג,,,שימורי עגבניות פולפה,גרמים,800.00,100 גרם,false,,16.90,0.0211,true,1,2238911
7290018380260,false,מזון לכלב עם כבד 415 ג' BUDDY,Effeffe pet food,,מזון לכלב עם כבד,גרמים,400.00,100 גרם,false,,3.90,0.0097,true,1,2185533
7290018380277,false,שימורים מזון מלא לכלבים בוגרים עם בשר אייל,Effeffe pet food,,מזון לכלב עם בשר ציד,גרמים,415.00,100 גרם,false,,3.90,0.0094,true,1,2176488
7290018380284,false,מזון לחתול עם בשר בקר 415 ג' BUDDY,Effeffe pet food,,מזון לחתול עם בקר,גרמים,415.00,100 גרם,false,,3.90,0.0094,true,1,2176489
7290018380307,false,מזון לחתול עם בשר כבד 415 ג' BUDDY,,,מזון לחתול עם בשר כב,גרמים,415.00,100 גרם,false,,3.90,0.0094,true,1,2176491
7290018380314,false,שימורי מזון מלא לחתולים עם דגים,Effeffe pet food,,מזון לחתול עם דגים,גרמים,415.00,100 גרם,false,,3.90,0.0094,true,1,2176492
7290018380321,false,שימורי מזון מלא לחתולים עם בשר אייל,Effeffe pet food,,מזון לחתול עם בשר צי,גרמים,415.00,100 גרם,false,,3.90,0.0094,true,1,2176493
7290018380611,false,צלפים בחומץ תומר 350,,,צלפים עם חומץ 370 ג,גרמים,370.00,100 גרם,false,,8.90,0.0241,true,1,2255848
7290018380628,false,צלפים שלמים עם גבעול,,,צלפים שלמים עם גבעול,גרמים,370.00,100 גרם,false,,8.90,0.0241,true,1,2255849
7290018400036,false,ירקות מוקפאים מעורבי,סנפרוסט,IL,חגיגת טעמים כתומים 8,גרמים,800.00,100 גרם,false,,24.90,0.0311,true,1,2206263
7290018400234,false,חומוס לחומוס סנפרוסט,סנפרוסט,IL,חומוס לחומוס גרגירי,גרמים,800.00,100 גרם,false,,19.90,0.0249,true,1,2188449
7290018400456,false,סמוטיז עם פיטאיה 300,,,סמוטיז עם פיטאיה,גרמים,300.00,100 גרם,false,,12.90,0.0430,true,1,2256087
7290018400470,false,כרישה חתוכה קפואה סנ,,,כרישה חתוכה מוקפאת,גרמים,600.00,100 גרם,false,,16.90,0.0282,true,1,2273160
7290018400609,false,פיאסטה מקסיקנית 800 ג' סנפרוסט,סנפרוסט,,לקט ירקות פיאסטה מקס,גרמים,800.00,100 גרם,false,,21.90,0.0274,true,1,2174459
7290018400647,false,תערובת של בננה ותמר,"סנפרוסט בע""מ",IL,בננה תמר מוקפא,גרמים,300.00,100 גרם,false,,12.90,0.0430,true,1,2201374
7290018400807,false,טברנה יוונית סנפרוסט,סנפרוסט,,לקט ירקות טברנה יוונ,גרמים,800.00,100 גרם,false,,21.90,0.0274,true,1,2174460
7290018401293,false,"פלס קומפקטי 23 מ""מ",,,"פלס קומפקטי 23 מ""מ",יחידה,0.00,יחידה,false,,9.90,0.0000,true,1,2252302
7290018440193,false,בייגלה בציפוי קרם בטעם חמאת בוטנים פליפז 140 גר',אולקר מקבוצת פלאדיס,TR,בייגלה מצופה קרם בטע,גרמים,140.00,100 גרם,false,,8.90,0.0636,true,1,2182405
7290018440209,false,בייגלה בציפוי פאדג' לבן פליפז 140 גר',אולקר מקבוצת פלאדיס,TR,בייגלה בציפוי פאדג',גרמים,140.00,100 גרם,false,,8.90,0.0636,true,1,2182406
7290018440223,false,חווית הצ'אי- מסאלה עוצמתי,קריות זול,IL,צאי מסאלה,גרמים,50.00,100 גרם,false,,17.90,0.3580,true,1,2229631
7290018440230,false,צ'אי ורדים 25 שק' ויסוצקי,קריות זול,IL,צאי מסאלה,גרמים,50.00,100 גרם,false,,17.90,0.3580,true,1,2229632
7290018440247,false,צ'אי שקדים 25 שק' ויסוצקי,קריות זול,IL,צאי מסאלה,גרמים,50.00,100 גרם,false,,17.90,0.3580,true,1,2229633
7290018440254,false,צ'אי קרמל מלוח 25 שק' ויסוצקי,קריות זול,IL,צאי מסאלה,גרמים,50.00,100 גרם,false,,17.90,0.3580,true,1,2229634
7290018440407,false,תה ירוק מאטה קקאו לוז 25 שק' ויסוצקי,ויסוצקי,IL,תה ירוק מאטה קקאו לו,גרמים,37.50,100 גרם,false,,22.90,0.6107,true,1,2228582
7290018440438,false,טונה בשמן זית פתיחה קלה 3 * 65 גר,,,טונה EASY FLIP בשמן,יחידה,0.00,יחידה,false,,22.90,0.0000,true,1,2267669
7290018440445,false,נתחי טונה בהירה בשמן,,,טונה בשמן זית 160 גר,יחידה,0.00,יחידה,false,,13.90,0.0000,true,1,2267670
7290018440476,false,בייגלה מצופה קרם עוגת גבינה ותותים פליפז 140 גר',אולקר מקבוצת פלאדיס,TR,בייגלה מצופה ברקם עו,גרמים,140.00,100 גרם,false,,8.90,0.0636,true,1,2216716
7290018440483,false,בייגלה מצופה קרמל מלוח ושוקולד פליפז 140 גר',שוורצקוף& הנקל דיסלד,TR,בייגלה מצופה שוקולד,גרמים,140.00,100 גרם,false,,8.90,0.0636,true,1,2216717
7290018440490,false,סלט טונה עם קוסקוס- 150 גCALVO,,,סלט טונה עם קוסקוס-,יחידה,0.00,יחידה,false,,11.90,0.0000,true,1,2267671
7290018440513,false,סלט טונה קליפורניה עם טונה 150 גר',,,סלט קליפורניה עם טונ,יחידה,0.00,יחידה,false,,11.90,0.0000,true,1,2267673
7290018440896,false,חליטת צמחים ג'ינג'ר וכורכום - אפקט הג'ינג'ר,ויסוצקי,IL,חליטת ג'ינג'ר וכרכום,גרמים,50.00,100 גרם,false,,17.90,0.3580,true,1,2235546
7290018441916,false,תות שדה קפוא ברכת הא,מוצרי איכות אמריקאיי,GE,תות שדה קפוא,גרמים,300.00,100 גרם,false,,10.90,0.0363,true,1,2208964
7290018468302,false,נקניקיה צמחית בסגנון מרגז 400 ג' טירת צבי,טירת צבי,IL,נקניקיה צמחית בסגנו,גרמים,400.00,100 גרם,false,,39.90,0.0997,true,1,2255707
7290018468432,false,"נקניק טבעוני בטעם מעושן, 100 גרם",טיב טירת צבי 2000,IL,נקניק טבעוני בטעם מע,גרמים,100.00,100 גרם,false,,19.90,0.1990,true,1,2273154
7290018471029,false,"סודה בטעם לימון - מארז 6 בקבוקים 500 מ""ל",יפאורה תבורי בעמ,IL,שוופס סודה לימון שיש,ליטרים,3.00,ליטר,false,,14.90,4.9667,true,1,2177486
7290018471197,false,פרוט&ווג' תפוח בננה מלון נענע 1 ליטר,פרוט אנד וג' Fruit & Veg,IL,משקה קל תפוח בננה מל,ליטרים,1.00,100 ליטר,false,,12.90,12.9000,true,1,2195288
7290018471210,false,ספרינג קרטונית אגס סברס תפוח 1 ליטר,"יפאורה תבורי בע""מ",IL,ספרינג אגס סברס תפוח,ליטרים,1.00,ליטר,false,,6.60,6.6000,true,1,2195289
7290018471319,false,"מארז רביעייה שוויפס ביטר למון 250מ""ל",יפאורה תבורי בעמ,IL,רביעיית שוופס ביטר ל,ליטרים,1.00,ליטר,false,,21.80,21.8000,true,1,2182793
7290018471401,false,פרוט&ווג' אננס בננה כורכום 1 ליטר,פרוט אנד וג' Fruit & Veg,IL,משקה קל תפוח אננס בנ,ליטרים,1.00,100 ליטר,false,,12.90,12.9000,true,1,2195291
7290018471449,false,ספרינג שייק בננה תמר תפוז קרטונית 1 ליטר,"יפאורה תבורי בע""מ",IL,ספרינג שייק 1 ליטר ב,ליטרים,1.00,ליטר,false,,12.60,12.6000,true,1,2212848
7290018471470,false,תפוזינה נקטר תפוז פסיפלורה קרטונית 1 ליטר,"יפאורה תבורי בע""מ",IL,תפוזינה נקטר תפוז פס,ליטרים,1.00,ליטר,false,,6.60,6.6000,true,1,2201051
7290018471494,false,תפוזינה משקה תפוז גזר קרטונית 1 ליטר,"יפאורה תבורי בע""מ",IL,תפוזינה נקטר תפוז גז,ליטרים,1.00,ליטר,false,,6.60,6.6000,true,1,2201053
7290018471548,false,"רביעיית ספרינג ענבים 250 מ""ל",יפאורה תבורי,IL,ספרינג תות בננה 250,ליטרים,1000.00,ליטר,false,,11.90,0.0119,true,1,2255653
7290018471616,false,שוופס אינדיאן טוניק 1 ליטר,"יפאורה תבורי בע""מ",IL,שוופס אינדיאן טוניק,ליטרים,1.00,ליטר,false,,9.90,9.9000,true,1,2205727
7290018471630,false,שוופס טוניק מלפפון ליים 1 ל',"יפאורה תבורי בע""מ",IL,שוופס טוניק מלפפון ל,ליטרים,1.00,ליטר,false,,9.90,9.9000,true,1,2205729
7290018471906,false,שוופס מוגז פירות לימונדה ורודה 1.5 ליטר פיקדון,"יפאורה תבורי בע""מ",IL,שוופס מוגז 1.5 ליטר,ליטרים,1.50,ליטר,false,,9.50,6.3333,true,1,2231025
7290018471913,false,שוופס מוגז פירות תפוחים 1.5 ל',"יפאורה תבורי בע""מ",IL,שוופס תפוח מוגז 1.5,ליטרים,1.50,ליטר,false,,9.50,6.3333,true,1,2231026
7290018471920,false,שוופס מוגז פירות ענבים 1.5 ליטר פיקדון,"יפאורה תבורי בע""מ",IL,שוופס ענבים מוגז 1.5,ליטרים,1.50,ליטר,false,,9.50,6.3333,true,1,2231027
7290018471937,false,שוופס מוגז פירות תות ליים 1.5 ליטר פיקדון,"יפאורה תבורי בע""מ",IL,שוופס תות ליים מוגז,ליטרים,1.50,ליטר,false,,9.50,6.3333,true,1,2231028
7290018471951,false,שוופס מוגז פירות אשכולית אדומה 1.5 ליטר פיקדון,"יפאורה תבורי בע""מ",IL,שוופס אשכולית אדומה,ליטרים,1.50,ליטר,false,,9.50,6.3333,true,1,2231030
7290018493045,false,"קרם ידיים בשמן קוקוס ד""ר פישר 100מ""ל",,,קרם ידיים אפקטיב קר,מיליליטרים,100.00,"100 מ""ל",false,,11.90,0.1190,true,1,2260258
7290018493052,false,"ד""ר פישר - אפקטיב קר קרם ידיים מועשר בשמן אבוקדו 100 מ""ל",,,קרם ידיים אפקטיב קר,מיליליטרים,100.00,"100 מ""ל",false,,11.90,0.1190,true,1,2260259
7290018493069,false,"קרם ידיים בשמן כותנה ד""ר פישר 100מ""ל",,,קרם ידיים אפקטיב קר,מיליליטרים,100.00,"100 מ""ל",false,,11.90,0.1190,true,1,2260260
7290018493076,false,"ד""ר פישר - אפקטיב קר קרם ידיים שמן ארגן 100 מ""ל",,,קרם ידיים אפקטיב קר,מיליליטרים,100.00,"100 מ""ל",false,,11.90,0.1190,true,1,2260261
7290018493144,false,"ד""ר פישר אל סבון נוזלי לידיים קמיל ש ארגן 1 ל'",,,קמיל קלין אל סבון 1,ליטרים,1.00,ליטר,false,,15.90,15.9000,true,1,2180989
7290018493403,false,"ד""ר פישר - קידס קצף אמבט ויטמינים 750 מ""ל",,,"קצף אמבט קידס 750 מ""",מיליליטרים,750.00,"100 מ""ל",false,,16.90,0.0225,true,1,2203354
7290018493700,false,"סבון ידיים ויטמינים לילדים כחול 500 מ""ל ד""ר פישר",,,קידס סבון ידיים לילד,מיליליטרים,500.00,"100 מ""ל",false,,7.90,0.0158,true,1,2260262
7290018493717,false,"סבון ידיים ויטמינים לילדים ורוד מסטיק 500 מ""ל ד""ר פישק",,,קידס סבון ידיים לילד,מיליליטרים,500.00,"100 מ""ל",false,,7.90,0.0158,true,1,2260263
7290018493724,false,"סבון ידיים ויטמינים לילדים ירוק מילון 500 מ""ל ד""ר פישר",,,קידס סבון ידיים לילד,מיליליטרים,500.00,"100 מ""ל",false,,7.90,0.0158,true,1,2260264
7290018493748,false,"ד""ר פישר - מגבונים להסרת איפור אקסטרה סופט 30 יח' * 3",,,מגבונים להסרת איפור,יח',90.00,יח',false,,21.90,0.2433,true,1,2229472
7290018493915,false,"ד""ר פישר - שמן גוף לתינוק מעושר בשמן שקדים 200 מ""ל",,,שמן תינוקות קמיל בלו,מיליליטרים,200.00,"100 מ""ל",false,,14.90,0.0745,true,1,2260269
7290018493977,false,"אל סבון כתום ד""ר פישר 1 ל'",,,קמיל בלו אל סבון מו,ליטרים,1.00,ליטר,false,,15.90,15.9000,true,1,2205883
7290018494004,false,חגורות /לירון,,,חגורות /לירון,יחידה,0.00,יחידה,false,,24.90,0.0000,true,1,2160177
7290018494011,false,חגורות /לירון,,,חגורות /לירון,יחידה,0.00,יחידה,false,,65.00,0.0000,true,1,2160178
7290018494028,false,חגורות /לירון,,,חגורות /לירון,יחידה,0.00,יחידה,false,,44.90,0.0000,true,1,2160179
7290018495162,false,פלייסמנט ווטרגראס קו,,,פלייסמנט ווטרגראס קו,יחידה,0.00,יחידה,false,,24.90,0.0000,true,1,2177336
7290018516041,false,פרמיו דליקט עוף לחתול,פרמיו Premio,DE,פרמיו דליקט עוף 56גר,גרמים,56.00,100 גרם,false,,9.90,0.1768,true,1,2274388
7290018516058,false,פרמיו דליקט טונה ושרימפס לחתול,פרמיו Premio,,פרמיו דליקט טונה ושר,גרמים,56.00,100 גרם,false,,9.90,0.1768,true,1,2274389
7290018516065,false,פרמיו דליקט טונה וסלמון לחתול,פרמיו Premio,DE,פרמיו דליקט טונה וסל,גרמים,56.00,100 גרם,false,,9.90,0.1768,true,1,2274390
7290018516072,false,פרמיו דליקט טונה וצדפות לחתול,פרמיו Premio,,פרמיו דליקט טונה וצד,גרמים,56.00,100 גרם,false,,9.90,0.1768,true,1,2274391
7290018516089,false,פרמיו דליקט טונה ודג קוד לחתול,פרמיו Premio,DE,פרמיו דליקט טונה ודג,גרמים,56.00,100 גרם,false,,9.90,0.1768,true,1,2274392
7290018516102,false,פרימו קטניפ לחתולים,פרמיו Premio,,פרמיו קטניפ 15ג',גרמים,15.00,100 גרם,false,,6.90,0.4600,true,1,2274393
7290018516324,false,פאוץ תפוח ושבולת שועל 120 ג' פירונק,,,חטיפטף פרינוק תפוח ו,גרמים,120.00,100 גרם,false,,5.90,0.0492,true,1,2229424
7290018516331,false,פאוץ תפוח בננה שבולת שועל 120 ג' פירונק,,,חטיפטף פרינוק תפוח ב,גרמים,120.00,100 גרם,false,,5.90,0.0492,true,1,2229429
7290018516348,false,מחית פרינוק פאוץ' שיבולת שועל סלט פירות 120 גרם,,,חטיפטף פרינוק סלט פי,גרמים,120.00,100 גרם,false,,5.90,0.0492,true,1,2229430
7290018516362,false,מחיט תפוח עץ בננה ושבולות שועל 190 ג' פרינוק גוניור,,,מחית פרינוק בננה+ש.ש,גרמים,190.00,100 גרם,false,,5.90,0.0311,true,1,2233388
7290018516379,false,מחיט סלט פירות ושבולות שועל 190 ג' פרינוק גוניור,,,מחית ג'וניות סלט פיר,גרמים,190.00,100 גרם,false,,5.90,0.0311,true,1,2233389
7290018516768,false,פרמיו פטה עוף לחתלתו,,,פרמיו פטה עוף לחתלתו,גרמים,400.00,100 גרם,false,,5.90,0.0148,true,1,2279781
7290018516782,false,פרמיו פטה בקר וכבד ל,,,פרמיו פטה בקר וכבד ל,גרמים,400.00,100 גרם,false,,5.90,0.0148,true,1,2278019
7290018516805,false,פרמיו פטה עוף לחתול,,,פרמיו פטה עוף לחתול,גרמים,400.00,100 גרם,false,,5.90,0.0148,true,1,2278020
7290018516850,false,פרמיו עוף וכבש לחתול,,,פרמיו עוף וכבש לחתול,גרמים,400.00,100 גרם,false,,5.90,0.0148,true,1,2278023
7290018517147,false,פופקורן למיקרוגל בטעם טבעי 300 ג',RAMSEY,,פופקורן למיקרוגל טבע,גרמים,300.00,100 גרם,false,,8.90,0.0297,true,1,2208434
7290018517154,false,פופקורן למיקרוגל חמא,RAMSEY,,פופקורן למיקרוגל חמא,גרמים,300.00,100 גרם,false,,8.90,0.0297,true,1,2208435
7290018517338,false,שלישיה גפרורים רב שי,SUGRAIN,TH,שלישיה גפרורים רב שי,יחידה,0.00,יחידה,false,,4.90,0.0000,true,1,2280853
7290018571071,false,פספסים טופי מיה 450,מיה תעשיות מזון בעמ,IL,טופי פספסים,גרמים,450.00,100 גרם,false,,22.90,0.0509,true,1,2250342
7290018571088,false,טופי חמוצמוץ 600 גרם.,מיה תעשיות מזון בעמ,IL,סוכריות בטעם פירות,גרמים,600.00,100 גרם,false,,22.90,0.0382,true,1,2195269
7290018571507,false,"סוכריות ויטמין C ילדים דובונים מיה, 175 גרם",מיה תעשיות מזון בעמ,IL,סוכריות ויטמין סי דו,גרמים,175.00,100 גרם,false,,29.90,0.1709,true,1,2278102
7290018571521,false,סוכריות מולטי ויטמין עם אבץ לילדים בטעם ענבים,מיה תעשיות מזון בעמ,IL,סוכריות מולטי ויטמין,גרמים,175.00,100 גרם,false,,29.90,0.1709,true,1,2278108
7290018571538,false,דובוני ג'לי בטעם פטל לילדים פרופוליס ואכיניציה,מיה תעשיות מזון בעמ,IL,סוכריות פרופוליס אכנ,גרמים,175.00,100 גרם,false,,29.90,0.1709,true,1,2278109
7290018571545,false,סוכריות ג'לי עם מיצוי כורכומין וג'ינג'ר למבוגרים,מיה תעשיות מזון בעמ,IL,סוכריות כורכומין מבו,גרמים,210.00,100 גרם,false,,29.90,0.1424,true,1,2278115
7290018571552,false,סוכריות ג'לי ללא סוכר עם חומצות שומן אומגה 3 למבוגרים,מיה תעשיות מזון בעמ,IL,סוכריות אומגה 3 ילדי,גרמים,240.00,100 גרם,false,,29.90,0.1246,true,1,2278110
7290018571613,false,סוכריות אומגה 3 מבוגרים אצבעות רחבות 240גרם,מיה תעשיות מזון בעמ,IL,סוכריות אומגה 3 מבוג,גרמים,210.00,100 גרם,false,,29.90,0.1424,true,1,2278116
7290018571620,false,סוכריות ג'לי מולטי ויטמין עם מינרליים WOMEN ENERGY,מיה תעשיות מזון בעמ,IL,סוכריות מולטי ויטמין,גרמים,240.00,100 גרם,false,,29.90,0.1246,true,1,2278117
7290018571637,false,סוכריות ג'לי מולטי ויטמין עם מינרליים MEN ENERGY,מיה תעשיות מזון בעמ,IL,סוכריות מולטי ויטמין,גרמים,220.00,100 גרם,false,,29.90,0.1359,true,1,2278118
7290018571644,false,סוכריות ג'לי ללא סוכר מולטי ויטמין בשילוב תוספת ביוטין,מיה תעשיות מזון בעמ,IL,סוכריות קוסמטיקה מבו,גרמים,210.00,100 גרם,false,,29.90,0.1424,true,1,2278119
7290018571668,false,"סוכריות ג'לי עם ויטמינים C, D3 ואבץ לילדים ומבוגרים",מיה תעשיות מזון בעמ,IL,סוכריות C+D+אבץ משפח,גרמים,210.00,100 גרם,false,,29.90,0.1424,true,1,2278133
7290018571699,false,קמח שקדים מיה 250 גר,מיה תעשיות מזון בעמ,IL,קמח שקדים,גרמים,250.00,100 גרם,false,,24.90,0.0996,true,1,2250613
7290018571705,false,"אורז יסמין 1 ק""ג מיה.",,,אורז יסמין 1 קג,קילוגרמים,1.00,"ק""ג",false,,9.90,9.9000,true,1,2264179
7290018571712,false,"אורז פרסי 1 ק""ג מיה.",,,אורז פרסי 1 קג,קילוגרמים,1.00,"ק""ג",false,,9.90,9.9000,true,1,2264180
7290018571729,false,"אורז ריזוטו עגול 1 ק""ג מיה.",,,אורז ריזוטו עגול,קילוגרמים,1.00,"ק""ג",false,,9.90,9.9000,true,1,2264181
7290018571743,false,"אורז מלא 1 ק""ג מיה",,,אורז מלא,קילוגרמים,1.00,"ק""ג",false,,9.90,9.9000,true,1,2264187
7290018652039,false,לה קרמריה קרמל מלוח ונוגט בדצ 1.4 ליטר,גלידות נסטלה,IL,גלידה ל'קרמריה קרמל,ליטרים,1.40,ליטר,false,,18.90,13.5000,true,1,2200318
7290018677087,false,קרם קוקוס נוטרה זן א,,,קרם קוקוס נוטרה זן 1,מיליליטרים,1000.00,"100 מ""ל",false,,19.90,0.0199,true,1,2248885
7290018677216,false,פסטPRO כוסמת ללא גלו,,,פסטPRO כוסמת ללא גלו,גרמים,250.00,100 גרם,false,,16.90,0.0676,true,1,2248487
7290018677223,false,פסטPRO אורגני ללא גל,,,פסטPRO אורגני ללא גל,גרמים,250.00,100 גרם,false,,16.90,0.0676,true,1,2248488
7290018699232,false,מחבת גריל 28*28 סמ',,,מחבת גריל 28*28 סמ',יחידה,0.00,יחידה,false,,189.90,0.0000,true,1,2217748
7290018703083,false,חטיף חלבון דאבל שוקולד קראנץ 60 ג' פראוד,פראוד PROUD,NL,חטיף פרוטאין דאבל ש,גרמים,60.00,100 גרם,false,,10.90,0.1817,true,1,2256343
7290018703229,false,חטיף פרוטאין טבעוני,פראוד,,חטיף פרוטאין טבעוני,גרמים,60.00,100 גרם,false,,10.90,0.1817,true,1,2256344
7290018703243,false,חטיף פרוטאין טבעוני,פראוד,,חטיף פרוטאין טבעוני,גרמים,60.00,100 גרם,false,,10.90,0.1817,true,1,2256345
7290018703496,false,פראוד - חטיף חלבון בטעם בננה טופי 60 גרם,פראוד PROUD,,חטיף פרוטאין בננה ט,גרמים,60.00,100 גרם,false,,10.90,0.1817,true,1,2257079
7290018708118,false,בארכה חלבה וניל פיסטוק ללא סוכר 350ג,,,חלבה וניל פיסטוק ללא,גרמים,350.00,100 גרם,false,,15.90,0.0454,true,1,2231670
7290018724552,false,קמח שקדים ללא גלוטן 250 גר',השקד אומנות ומסחר,IL,קמח שקדים ללא גלוטן,גרמים,250.00,100 גרם,false,,19.90,0.0796,true,1,2228828
7290018724637,false,זוג מאפי פאי שווארמה,הטבעונית של סבתא מזל,IL,זוג מאפי פאי שווארמה,גרמים,460.00,100 גרם,false,,44.90,0.0976,true,1,2274589
7290018724705,false,ג'עלה תערובת לסלט נט,,,ג'עלה תערובת לסלט נט,גרמים,350.00,100 גרם,false,,19.90,0.0569,true,1,2274593
7290018724804,false,"זרעי צ'יה ""נטורלה"" 230 גרם",,,זרעי צ'יה נטורלה,גרמים,230.00,100 גרם,false,,11.90,0.0517,true,1,2179410
7290018724897,false,"פירורי לחם ""נטורלה"" ללא גלוטן 300 גרם",,,פירורי לחם נטורלה לל,גרמים,300.00,100 גרם,false,,12.90,0.0430,true,1,2248886
7290018790021,false,עוגיות סנדוויץ בטעם קרמל וניל 150 גרם,,,ביסקוויט סנדויץ וניל,גרמים,150.00,100 גרם,false,,3.90,0.0260,true,1,2262871
7290018790038,false,ביסקוויט תה 110גרם ה,קריות זול,,ביסקוויט תה 110גרם ה,גרמים,110.00,100 גרם,false,,3.50,0.0318,true,1,2279845
7290018790045,false,בסקוויט תה קפוצינו 1,קריות זול,,ביסקוויט תה 110גרם ה,גרמים,110.00,100 גרם,false,,3.50,0.0318,true,1,2279846
7290018813669,false,מגש שתי וערב משובץ ש,,,מגש שתי וערב משובץ ש,יחידה,0.00,יחידה,false,,34.90,0.0000,true,1,2250439
7290018853030,false,מברשת אסלה אלומיניום,,,מברשת אסלה אלומיניום,יחידה,0.00,יחידה,false,,79.90,0.0000,true,1,2245413
7290018893005,false,"חטיפי בייגלה אפוי בטעם חרדל ודבש, 160 גרם",צ'וקטה Chocketa,RO,חטיף בייגלה אפוי בטע,גרמים,160.00,100 גרם,false,,5.90,0.0369,true,1,2229146
7290018893036,false,עוגיות סנדוויץ' בטעם שוקולד ממולאות קרם בטעם וניל,צ'וקטה Chocketa,ES,עוגיות סנדוויץ בטעם,גרמים,176.00,100 גרם,false,,6.90,0.0392,true,1,2229131
7290018893098,false,צ'וקטה ביסקוויט מצופה שוקולד חלב 100 גרם משולש K,צ'וקטה Chocketa,,עוגיות מצופות בשוקול,גרמים,100.00,100 גרם,false,,8.90,0.0890,true,1,2233728
7290018893104,false,צ'וקטה ביסקוויט מצופה שוקולד מריר 100 גרם משולש K,צ'וקטה Chocketa,,עוגיות מצופות בשוקול,גרמים,100.00,100 גרם,false,,8.90,0.0890,true,1,2233729
7290018893111,false,שוקולד מריר בלגי 70% -100 ג' צוקטה,צ'וקטה Chocketa,BE,שוקולד מריר בלגי 70%,גרמים,100.00,100 גרם,false,,8.90,0.0890,true,1,2237617
7290018893128,false,שוקולד מריר בלגי 34%- 100 ג' צוקטה,צ'וקטה Chocketa,BE,שוקולד חלב בלגי 34%,גרמים,100.00,100 גרם,false,,8.90,0.0890,true,1,2237618
7290018893142,false,מקלות אפויים בתוספת שמן זית Salty,צ'וקטה Chocketa,,גריסיני צ'וקטה שמן ז,גרמים,120.00,100 גרם,false,,5.90,0.0492,true,1,2260144
7290018893258,false,צ'וקטה עוגות אישיות קרמל 300 גר,צ'וקטה Chocketa,,צוקטה עוגות אישיות.,גרמים,300.00,100 גרם,false,,11.90,0.0397,true,1,2216476
7290018893265,false,צ'וקטה עוגות אישיות מריר במילוי קרם 240 ג',פרדי קונדיטוריה אס פ,IT,צוקטה עוגות אישיות.,גרמים,240.00,100 גרם,false,,11.90,0.0496,true,1,2216477
7290018893296,false,עוגיות חמאה מצופות שוקולד חלב בעיטור שוקולד לבן,צ'וקטה Chocketa,BE,עוגיות מיני חמאה מצו,גרמים,100.00,100 גרם,false,,8.90,0.0890,true,1,2231978
7290018893319,false,צ'וקטה שוקולד מריר בלגי 85% 100 גרם משולש K,צ'וקטה Chocketa,BE,שוקולד מריר בלגי 85%,גרמים,100.00,100 גרם,false,,8.90,0.0890,true,1,2237612
7290018893333,false,צ'וקטה קרקרים במליחות מעודנת 500 גרם,סטרופוופל,PT,קרקרים במליחות מעודנ,גרמים,500.00,100 גרם,false,,14.90,0.0298,true,1,2278727
7290018893401,false,שוקולד מריר פרימיום 70% 100 גרם צ'וקטה איגוד רבנים,צ'וקטה Chocketa,ES,שוקולד מריר 70% צוקט,גרמים,100.00,100 גרם,false,,5.90,0.0590,true,1,2229160
7290018893449,false,עלי וופל במילוי קרמל 175 ג',ארלוי אס.אל.יו.,NL,וופל במילוי קרמל צוק,גרמים,175.00,100 גרם,false,,10.90,0.0623,true,1,2229833
7290018893456,false,צ'וקטה מארז עוגות אישיות במילוי קרם ובציפוי שוקולד 10*30ג,פרדי קונדטוריה אס.פי,IT,צוקטה עוגות אישיות.,גרמים,300.00,100 גרם,false,,11.90,0.0397,true,1,2216478
7290018893487,false,צ'וקטה עוגה אישית בטעם קוקוס 350 ג' נוכרי,צ'וקטה Chocketa,,צוקטה עוגות אישיות.,גרמים,350.00,100 גרם,false,,11.90,0.0340,true,1,2229501
7290018893494,false,עוגיות עלי וופל דקות עם חמאה,צ'וקטה Chocketa,,עלי וופל דקים בטעם ח,גרמים,100.00,100 גרם,false,,8.90,0.0890,true,1,2229161
7290018893531,false,צ'וקטה קרקרים מלוחים 500 גרם,סטרופוופל,PT,קרקרים מלוחים צ'וקטה,גרמים,500.00,100 גרם,false,,14.90,0.0298,true,1,2278728
7290018893609,false,שוקולד מריר פרימיום 85% 100 גרם איגוד רבנים,צ'וקטה Chocketa,ES,שוקולד מריר 85% צוקט,גרמים,100.00,100 גרם,false,,5.90,0.0590,true,1,2229162
7290018893616,false,שוקולד מריר 48% 6 יח' *100 ג' צ'וקטה,צוקטה,ES,שישיית שוקולד מריר צ,גרמים,600.00,100 גרם,false,,19.90,0.0332,true,1,2229163
7290018893647,false,צ'וקטה עוגיות סנדביץ מצופות 150 גרם חלב נוכרי,צ'וקטה Chocketa,,ביסקוויט סנדווי'ץ מצ,גרמים,150.00,100 גרם,false,,10.90,0.0727,true,1,2229164
7290018893654,false,חטיפי בייגלה דקיקים ופריכים מלח צ'וקטה 200 ג',צ'וקטה Chocketa,RO,חטיפי בייגלה דקיקים,גרמים,200.00,100 גרם,false,,5.90,0.0295,true,1,2229132
7290018893708,false,עוגיות סנדוויץ' במילוי קרם בטעם שוקולד,צ'וקטה Chocketa,,עוגיות סנדווי'ץ במיל,גרמים,250.00,100 גרם,false,,8.90,0.0356,true,1,2233735
7290018893746,false,בייגלה עגבניות ועשבי תיבול 180 גר,SC ALKA TRADING CO S,RO,חטיפי בייגלה עגבניות,גרמים,180.00,100 גרם,false,,6.90,0.0383,true,1,2264686
7290018893753,false,צ'וקטה וופל חמאה בטעם לימון 100 ג,,,וופל חמאה בטעם לימון,גרמים,100.00,100 גרם,false,,8.90,0.0890,true,1,2264691
7290018893807,false,צ'וקטה - שוקולד מריר שלישייה 3 * 100 גרם,צ'וקטה Chocketa,,שוקולד מריר 60% שליש,גרמים,300.00,100 גרם,false,,11.90,0.0397,true,1,2229165
7290018893814,false,צ'וקטה שוקולד מריר 48% 5 יח' *100 ג',הדקלאים אגודת שיתופי,ES,שוקולד מריר 48% אריז,גרמים,500.00,100 גרם,false,,17.90,0.0358,true,1,2229166
7290018893845,false,פתי בר -ביסקוויט בטעם חמאה 400ג',צ'וקטה Chocketa,,ביסקוויט בטעם חמאה,גרמים,400.00,100 גרם,false,,6.90,0.0173,true,1,2229150
7290018893876,false,עוגות אישיות רכות עם מילוי קרם בטעם וניל,פרדי קונדיטוריה אס פ,IT,צוקטה עוגות אישיות.,גרמים,200.00,100 גרם,false,,11.90,0.0595,true,1,2216484
7290018893906,false,עוגיות סנדוויץ' במילוי קרם בטעם וניל,צ'וקטה Chocketa,,עוגיות סנדווי'ץ במיל,גרמים,250.00,100 גרם,false,,8.90,0.0356,true,1,2233736
7290018893951,false,עוגיות וופל חמאה קינמון 100 ג',,BE,עוגיות וופל חמאה וקי,גרמים,100.00,100 גרם,false,,8.90,0.0890,true,1,2266265
7290018894002,false,קוביות וופל במילוי קרם קקאו - חלבי,בלקוני Balconi,IT,וופל קוביות קקאו בלק,גרמים,250.00,100 גרם,false,,9.90,0.0396,true,1,2239136
7290018894019,false,עוגות אישיות במילוי קרם חלבי ובציפוי קרם קקאו,בלקוני Balconi,IT,עוגות מיקס מקס חלב ב,גרמים,350.00,100 גרם,false,,11.90,0.0340,true,1,2239388
7290018894200,false,בלקוני וופל קוביות ויל 250 גרם חלבי OU,בלקוני Balconi,IT,וופל קוביות וניל בלק,גרמים,250.00,100 גרם,false,,9.90,0.0396,true,1,2239137
7290018894217,false,עוגות אישיות במילוי קרם קקאו ובציפוי קרם קקאו,בלקוני Balconi,IT,עוגות מיקס מקס קקאו,גרמים,350.00,100 גרם,false,,11.90,0.0340,true,1,2239389
7290018894248,false,צ'וקטה - שוקולד חלב שלישייה 3 * 100 גרם,צ'וקטה Chocketa,FR,שוקולד חלב שלישייה צ,גרמים,300.00,100 גרם,false,,11.90,0.0397,true,1,2274861
7290018894408,false,קוביות וופל במילוי קרם אגוזי לוז - חלבי,בלקוני Balconi,IT,וופל קוביות אגוזים ב,גרמים,250.00,100 גרם,false,,9.90,0.0396,true,1,2239138
7290018894446,false,שוקולד חלב במילוי קר,נטרה אונטייטי,ES,שוקולד חלב במילוי קר,גרמים,126.00,100 גרם,false,,9.90,0.0786,true,1,2281284
7290018894606,false,בלקוני וופל קקאו 175 גרם חלבי OU,בלקוני Balconi,IT,וופל קקאו בלקוני 175,גרמים,175.00,100 גרם,false,,5.90,0.0337,true,1,2239139
7290018894804,false,וופלים במילוי קרם אגוזי לוז - חלבי,בלקוני Balconi,IT,וופל אגוזים בלקוני 1,גרמים,175.00,100 גרם,false,,5.90,0.0337,true,1,2239140
7290018921067,false,"ד""ר פישר - אפקטיב קר תחליב רחצה שמן שקדים 700 מ""ל","ד""ר פישר Dr fischer",,תחליב רחצה אפקטיב קר,מיליליטרים,700.00,"100 מ""ל",false,,12.90,0.0184,true,1,2235746
7290018921166,false,"אל סבון נוזלי ניקוי יסודי ד""ר פישר 1 ל""",,,קמיל בלו אל סבון 1,ליטרים,1.00,ליטר,false,,15.90,15.9000,true,1,2229489
7290018921203,false,"קמיל בלו קרם החתלה קמומיל 120 ג' ד""ר פישר",,,משחה לתינוק קמיל בלו,גרמים,120.00,100 גרם,false,,18.90,0.1575,true,1,2272410
7290018921449,false,רביעיית מגבוני קמיל,,,רביעיית מגבוני קמיל,56 יח',224.00,56 יח',false,,24.90,0.1112,true,1,2235760
7290018921609,false,"ד""ר פישר - קמיל בלו קרם החתלה קלנדולה 120 גרם",,,משחה לתינוק קמיל בלו,גרמים,120.00,100 גרם,false,,21.90,0.1825,true,1,2272411
7290018921616,false,רביעיית מגבוני שיבול,,,רביעיית מגבוני שיבול,64 יח',256.00,64 יח',false,,19.90,0.0777,true,1,2235761
7290018921654,false,"ד""ר פישר - אפקטיב קר תחליב רחצה תמצית לוונדר 700 מ""ל","ד""ר פישר Dr fischer",,תחליב רחצה אפקטיב קר,מיליליטרים,700.00,"100 מ""ל",false,,12.90,0.0184,true,1,2235749
7290018921753,false,"אל סבון לתחושת רעננות לבנדר קמיל ד""ר פישר 1 ל""",,,קמיל בלו אל סבון 1,ליטרים,1.00,ליטר,false,,15.90,15.9000,true,1,2229490
7290018921807,false,"קמיל בלו משחת החתלה צמחי מרפא 120 ג' ד""ר פישר",,,פסטה קמיל בלו קרם צמ,גרמים,120.00,100 גרם,false,,21.90,0.1825,true,1,2272416
7290018921852,false,"תחליב רחצה מועשר בשמן ארגן 700 מ""ל אפקטיב קר","ד""ר פישר Dr fischer",,תחליב רחצה אפקטיב קר,מיליליטרים,700.00,"100 מ""ל",false,,12.90,0.0184,true,1,2235750
7290018925065,false,פרימור מיץ תפוזים סחוט 2 ליטר,פרימור,IL,מיץ תפוזים סחוט 2 לי,ליטרים,2.00,ליטר,false,,26.90,13.4500,true,1,2229383
7290018925072,false,פרימור מיץ לימונענע סחוט 2 ליטר,פרימור,IL,משקה לימונים ונענע 2,ליטרים,2.00,ליטר,false,,26.90,13.4500,true,1,2229384
7290018925089,false,פרימור מיץ תפוח עץ צלול 2 ליטר,גניר,IL,מיץ תפוחים צלול 2 לי,ליטרים,2.00,ליטר,false,,26.90,13.4500,true,1,2229385
7290018925096,false,משקה קל תפוזים 1.5 ל' פרימור,פרימור,IL,משקה קל תפוזים 1.5 ל,ליטרים,1.50,ליטר,false,,7.90,5.2667,true,1,2228762
7290018925102,false,משקה קל ענבים 1.5 ל' פרימור,פרימור,IL,משקה קל ענבים 1.5 לי,ליטרים,1.50,ליטר,false,,7.90,5.2667,true,1,2228763
7290018925119,false,משקה קל דיאט אשכוליות 1.5ל' פרימור,פרימור,IL,משקה קל דיאט אשכוליו,ליטרים,1.50,ליטר,false,,7.90,5.2667,true,1,2228764
7290018925126,false,משקה קל תפוחי עץ 1.5ל' פרימור,פרימור,IL,משקה קל תפוחי עץ 1.,ליטרים,1.50,ליטר,false,,7.90,5.2667,true,1,2228765
7290018925133,false,משקה קל מנגו 1.5ל' פרימור,פרימור,IL,משקה קל מנגו 1.5 ליט,ליטרים,1.50,ליטר,false,,7.90,5.2667,true,1,2228773
7290018925140,false,משקה קל אשכוליות 1.5ל' פרימור,פרימור,IL,משקה קל אשכוליות 1.5,ליטרים,1.50,ליטר,false,,7.90,5.2667,true,1,2228766
7290018925157,false,משקה קל לימונים 1.5ל' פרימור,פרימור,IL,משקה קל לימונים 1.5,ליטרים,1.50,ליטר,false,,7.90,5.2667,true,1,2228767
7290018925164,false,משקה קל תות-בננה 1.5ל' פרימור,פרימור,IL,משקה קל תות בננה 1.5,ליטרים,1.50,ליטר,false,,7.90,5.2667,true,1,2228768
7290018925416,false,"מיץ לימון ופסיפלורה 400 מ""ל פרימור",קריות זול,IL,מיץ לימון ופסיפלורה,מיליליטרים,400.00,"100 מ""ל",false,,7.90,0.0197,true,1,2260661
7290018972144,false,תומר שניצל תירס,,,תומר שניצל תירס,גרמים,500.00,100 גרם,false,,19.90,0.0398,true,1,2283347
7290018972151,false,תומר נאגטס תירס,,,תומר נאגטס תירס,גרמים,500.00,100 גרם,false,,19.90,0.0398,true,1,2283348
7290018972182,false,תומר פלאפל,,,תומר פלאפל,גרמים,500.00,100 גרם,false,,19.90,0.0398,true,1,2283349
7290018989005,false,יכין פולפה טבעית 400*3 גר,זנלכל,IL,שימורי עגבניות פולפה,גרמים,1200.00,100 גרם,false,,16.90,0.0141,true,1,2238912
7290019015185,false,"דפיוזר בוהו 200 מ""ל",,,"דפיוזר בוהו 200 מ""ל",יחידה,0.00,יחידה,false,,49.90,0.0000,true,1,2234703
7290019015642,false,"בקבוק טריטן 520 מ""ל",,,"בקבוק טריטן 520 מ""ל",יחידה,0.00,יחידה,false,,24.90,0.0000,true,1,2254448
7290019035053,false,מלון ירוק קוביות קפוא 500 ג' פילד גוד,א.מ שרון,EG,מלון ירוק קוביות 500,גרמים,500.00,100 גרם,false,,11.90,0.0238,true,1,2258828
7290019035060,false,חצאי משמש קפוא פילד,א.מ שרון,PL,חצאי משמש קפואים 500,גרמים,500.00,100 גרם,false,,11.90,0.0238,true,1,2258829
7290019035091,false,רימון קפוא פילד גוד,דה נייל אג'יפטיאן,EG,רימון 500 גרם ארוז,גרמים,500.00,100 גרם,false,,11.90,0.0238,true,1,2258819
7290019035244,false,מיקס פירות בננה פסיפ,קונגלדוס אקיואטוריאנ,EC,מיקס פירות קפואים 4*,גרמים,600.00,100 גרם,false,,29.90,0.0498,true,1,2258832
7290019035329,false,מיקס פירות תות קפוא 600 ג' פילד גוד,קונגלדוס אקיואטוריאנ,EC,מיקס פירות קפואים 4*,גרמים,600.00,100 גרם,false,,29.90,0.0498,true,1,2258834
7290019056027,false,שוופס מוגז פירות תפוחים ללא סוכר 1.5 ליטר פיקדון,"יפאורה תבורי בע""מ",IL,שוופס מוגז תפוחים לל,ליטרים,1.50,ליטר,false,,8.90,5.9333,true,1,2231031
7290019056034,false,שוופס מוגז פירות אננס ללא סוכר 1.5 ליטר פיקדון,"יפאורה תבורי בע""מ",IL,שוופס מוגז אננס ללא,ליטרים,1.50,ליטר,false,,8.90,5.9333,true,1,2231032
7290019056041,false,שוופס מוגז פירות לימונייד ללא סוכר 1.5 ליטר פיקדון,"יפאורה תבורי בע""מ",IL,שוופס מוגז פירות ללא,ליטרים,1.50,ליטר,false,,8.90,5.9333,true,1,2231033
7290019056058,false,שוופס מוגז עדין תפוח ליים 1.5 ליטר פיקדון,"יפאורה תבורי בע""מ",IL,שוופס מוגז עדין 1.5,ליטרים,1.50,ליטר,false,,8.90,5.9333,true,1,2231016
7290019056065,false,שוופס מוגז עדין פירות יער 1.5 ליטר פיקדון,"יפאורה תבורי בע""מ",IL,שוופס מוגז עדין 1.5,ליטרים,1.50,ליטר,false,,8.90,5.9333,true,1,2231017
7290019056072,false,שוופס מוגז עדין אננס 1.5 ליטר פיקדון,"יפאורה תבורי בע""מ",IL,שוופס מוגז עדין 1.5,ליטרים,1.50,ליטר,false,,8.90,5.9333,true,1,2231018
7290019056089,false,שוופס מוגז עדין ענבי ריזלינג 1.5 ליטר פיקדון,"יפאורה תבורי בע""מ",IL,שוופס ריזלינג מוגז ע,ליטרים,1.50,ליטר,false,,8.90,5.9333,true,1,2231019
7290019056096,false,שוופס מוגז עדין אפרסק 1.5 ליטר פיקדון,"יפאורה תבורי בע""מ",IL,שוופס מוגז עדין 1.5,ליטרים,1.50,ליטר,false,,8.90,5.9333,true,1,2231034
7290019056119,false,שוופס סודה 1.5 ליטר פיקדון,"יפאורה תבורי בע""מ",IL,סודה שוופס 1.5 ליטר,ליטרים,1.50,ליטר,false,,3.20,2.1333,true,1,2230983
7290019056126,false,שוופס סודה לימון 1.5 ליטר בק' בודד פיקדון,"יפאורה תבורי בע""מ",IL,שוופס סודה לימון 1.5,ליטרים,1.50,ליטר,false,,3.20,2.1333,true,1,2230995
7290019056133,false,שוופס סודה נענע ליים 1.5 ליטר בק' בודד,"יפאורה תבורי בע""מ",IL,סודה שוופס נענע ליים,ליטרים,1.50,ליטר,false,,3.20,2.1333,true,1,2230996
7290019056140,false,שוופס סודה למון גראס,"יפאורה תבורי בע""מ",,סודה שוופס לימון גרא,ליטרים,1.50,ליטר,false,,3.20,2.1333,true,1,2230997
7290019056157,false,שוופס סודה פירות יער 1.5 ליטר בק' בודד פיקדון,,,סודה שוופס פירות יער,ליטרים,1.50,ליטר,false,,3.20,2.1333,true,1,2231020
7290019056164,false,שוופס סודה 1.5 ליטר רביעייה פיקדון,"יפאורה תבורי בע""מ",IL,מארז שוופס סודה 1.5,ליטרים,6.00,ליטר,false,,12.10,2.0167,true,1,2230984
7290019056171,false,שוופס סודה לימון 1.5 ליטר רביעייה פיקדון,"יפאורה תבורי בע""מ",IL,רביעית שוופס סודה לי,ליטרים,6.00,ליטר,false,,12.10,2.0167,true,1,2230998
7290019056188,false,שוופס סודה נענע ליים 1.5 ליטר רביעייה פיקדון,"יפאורה תבורי בע""מ",IL,מארז 4 יח' שוופס סוד,ליטרים,6.00,ליטר,false,,12.10,2.0167,true,1,2230999
7290019056195,false,שוופס סודה למון גראס ג'ינג'ר 1.5 ליטר רביעייה פיקדון,"יפאורה תבורי בע""מ",,מארז שוופס סודה למון,ליטרים,6.00,ליטר,false,,12.10,2.0167,true,1,2231000
7290019056201,false,שוופס סודה פירות יער 1.5 ליטר רביעייה פיקדון,"יפאורה תבורי בע""מ",IL,מארז 4 יח' שוופס סוד,ליטרים,6.00,ליטר,false,,12.10,2.0167,true,1,2231010
7290019056232,false,משקה מוגז בטעם ליים מוחיטו 1.5 ל' שוופס,"יפאורה תבורי בע""מ",IL,שוופס מוגז ליים מוחי,ליטרים,1.50,ליטר,false,,9.50,6.3333,true,1,2231035
7290019056249,false,שוופס מים בטעמים ענבים 1.5 ליטר פיקדון,"יפאורה תבורי בע""מ",IL,שוופס Water ענבים 1.,ליטרים,1.50,ליטר,false,,8.90,5.9333,true,1,2230970
7290019056256,false,שוופס מים בטעמים תפוחים 1.5 ליטר פיקדון,"יפאורה תבורי בע""מ",IL,שוופס Water תפוחים 1,ליטרים,1.50,ליטר,false,,8.90,5.9333,true,1,2230971
7290019056263,false,שוופס מים בטעמים אפרסק 1.5 ליטר פיקדון,"יפאורה תבורי בע""מ",IL,שוופס Water אפרסק 1.,ליטרים,1.50,ליטר,false,,8.90,5.9333,true,1,2230972
7290019056270,false,שוופס מים בטעמים פירות יער 1.5 ליטר פיקדון,"יפאורה תבורי בע""מ",IL,שוופס Water פירות יע,ליטרים,1.50,ליטר,false,,8.90,5.9333,true,1,2230973
7290019056287,false,שוופס מים בטעמים אפרסק ללא סוכר 1.5 ליטר פיקדון,"יפאורה תבורי בע""מ",IL,שוופס Water אפרסק לל,ליטרים,1.50,ליטר,false,,8.90,5.9333,true,1,2230974
7290019056294,false,שוופס ג'ינג'ר אייל 1.5 ליטר פיקדון,"יפאורה תבורי בע""מ",IL,"שוופס ג""ינג""ר 1.5 לי",ליטרים,1.50,ליטר,false,,11.90,7.9333,true,1,2231036
7290019056300,false,משקה בטעם ביטר לימון 1.5 ל' שוויפס,"יפאורה תבורי בע""מ",IL,שוופס ביטר לימון 1.5,ליטרים,1.50,ליטר,false,,11.90,7.9333,true,1,2231037
7290019056317,false,שוופס ראשן 1.5 ליטר פיקדון,"יפאורה תבורי בע""מ",IL,שוופס RUSSCHIAN,ליטרים,1.50,ליטר,false,,11.90,7.9333,true,1,2231042
7290019056324,false,שוופס טוניק 1.5 ליטר פיקדון,"יפאורה תבורי בע""מ",IL,שוופס טוניק 1.5 ליטר,ליטרים,1.50,ליטר,false,,11.90,7.9333,true,1,2231043
7290019056331,false,שוופס טוניק ללא סוכר 1.5 ליטר פיקדון,"יפאורה תבורי בע""מ",IL,שוופס טוניק ללא סוכר,ליטרים,1.50,ליטר,false,,10.90,7.2667,true,1,2231048
7290019056355,false,משקה בטעם לימונענע עם חתיכות פרי,"יפאורה תבורי בע""מ",IL,תפוזינה 1.5 ליטר לימ,ליטרים,1.50,ליטר,false,,8.90,5.9333,true,1,2230923
7290019056362,false,תפוזינה ענבים 1.5 ליטר פיקדון,"יפאורה תבורי בע""מ",IL,תפוזינה 1.5 ליטר ענב,ליטרים,1.50,ליטר,false,,8.90,5.9333,true,1,2230924
7290019056379,false,תפוזינה תפוזים 1.5 ליטר פיקדון,"יפאורה תבורי בע""מ",IL,תפוזינה 1.5 ליטר תפו,ליטרים,1.50,ליטר,false,,8.90,5.9333,true,1,2230925
7290019056386,false,פתוזינה אשכולית 1.5 ליטר פיקדון,"יפאורה תבורי בע""מ",IL,תפוזינה 1.5 ליטר אשכ,ליטרים,1.50,ליטר,false,,8.90,5.9333,true,1,2230926
7290019056393,false,תפוזינה תות בננה 1.5 ליטר פיקדון,"יפאורה תבורי בע""מ",IL,תפוזינה 1.5 ליטר תות,ליטרים,1.50,ליטר,false,,8.90,5.9333,true,1,2230927
7290019056409,false,תפוזינה מנגו 1.5 ליטר פיקדון,"יפאורה תבורי בע""מ",IL,תפוזינה 1.5 ליטר מנג,ליטרים,1.50,ליטר,false,,8.90,5.9333,true,1,2230928
7290019056416,false,מיץ בטעם לימונדה ורודה 1.5 ל' תפוזינה,"יפאורה תבורי בע""מ",IL,תפוזינה 1.5 ליטר לימ,ליטרים,1.50,ליטר,false,,8.90,5.9333,true,1,2230929
7290019056423,false,מיץ בטעם תפוח רענן 1.5ל' תפוזינה,"יפאורה תבורי בע""מ",IL,תפוזינה 1.5 ליטר תפו,ליטרים,1.50,ליטר,false,,8.90,5.9333,true,1,2230930
7290019056430,false,תפוזינה תפוזים לייט 1.5 ליטר פיקדון,"יפאורה תבורי בע""מ",IL,תפוזינה 1.5 ליטר תפו,ליטרים,1.50,ליטר,false,,7.90,5.2667,true,1,2230931
7290019056447,false,תפוזינה אשכוליות לייט 1.5 ליטר פיקדון,"יפאורה תבורי בע""מ",IL,תפוזינה 1.5 ליטר אשכ,ליטרים,1.50,ליטר,false,,7.90,5.2667,true,1,2230932
7290019056454,false,משקה מוגז בטעם קולה 1.5 ל' אר סי,יפאורה תבורי,IL,RC קולה 1.5 ליטר,ליטרים,1.50,ליטר,false,,6.90,4.6000,true,1,2231064
7290019056461,false,מארז משקה בטעם קולה שישייה * 1.5 ל' אר.סי,"יפאורה תבורי בע""מ",IL,RC קולה שישיית 1.5,ליטרים,9.00,ליטר,false,,39.90,4.4333,true,1,2231065
7290019056478,false,ספרינג טי קר אפרסק 1.5ליטר פיקדון,"יפאורה תבורי בע""מ",IL,ספרינג TEA אפרסק 1.5,ליטרים,1.50,ליטר,false,,7.90,5.2667,true,1,2230951
7290019056485,false,ספריג תה ירוק לימון לואיזה 1.5 ליטר פיקדון,"יפאורה תבורי בע""מ",IL,ספרינג TEA תה ירוק ל,ליטרים,1.50,ליטר,false,,7.90,5.2667,true,1,2230952
7290019056492,false,ספרינג תה מנגו אפרסק 1.5 ליטר פיקדון,"יפאורה תבורי בע""מ",IL,ספרינג TEA תה מנגו א,ליטרים,1.50,ליטר,false,,7.90,5.2667,true,1,2230953
7290019056508,false,פרוט ווטר ענבים 1.5 ליטר פיקדון,"יפאורה תבורי בע""מ",IL,משקה Fruit Water ענב,ליטרים,1.50,ליטר,false,,8.90,5.9333,true,1,2230959
7290019056515,false,פרוט ווטר אננס 1.5 ליטר פיקדון,"יפאורה תבורי בע""מ",IL,משקה Fruit Water אננ,ליטרים,1.50,ליטר,false,,8.90,5.9333,true,1,2230960
7290019056522,false,פרוט ווטר תות 1.5 ליטר פיקדון,"יפאורה תבורי בע""מ",IL,משקה Fruit Water תות,ליטרים,1.50,ליטר,false,,8.90,5.9333,true,1,2230961
7290019056539,false,פרוט ווטר אפרסק 1.5 ליטר פיקדון,"יפאורה תבורי בע""מ",IL,משקה Fruit Water אפר,ליטרים,1.50,ליטר,false,,8.90,5.9333,true,1,2230962
7290019056546,false,פרוט ווטר אבטיח 1.5 ליטר פיקדון,"יפאורה תבורי בע""מ",IL,משקה Fruit Water אבט,ליטרים,1.50,ליטר,false,,8.90,5.9333,true,1,2230963
7290019056553,false,עין גדי מים מינרלים 2 ליטר*6 יח',עין גדי מים מינרליים,IL,עין גדי מים שישייה 2,ליטרים,12.00,ליטר,false,,12.70,1.0583,true,1,2230908
7290019056560,false,עין גדי 2 ליטר בק' בודד פיקדון,יפאורה תבורי,IL,עין גדי 2 ליטר מים,ליטרים,2.00,ליטר,false,,3.20,1.6000,true,1,2231074
7290019056577,false,ספרינג מנגו 1.5 ליטר פיקדון,"יפאורה תבורי בע""מ",IL,ספרינג מנגו 1.5 ליטר,ליטרים,1.50,ליטר,false,,8.90,5.9333,true,1,2230909
7290019056591,false,ספרינג ענבים 1.5 ליטר פיקדון,"יפאורה תבורי בע""מ",IL,ספרינג ענבים 1.5 ליט,ליטרים,1.50,ליטר,false,,8.90,5.9333,true,1,2230911
7290019056607,false,ספרינג תפוחים 1.5 ליטר פיקדון,"יפאורה תבורי בע""מ",IL,ספרינג תפוחים 1.5 לי,ליטרים,1.50,ליטר,false,,8.90,5.9333,true,1,2230912
7290019056614,false,ספרינג אפרסק 1.5 ליטר פיקדון,"יפאורה תבורי בע""מ",IL,ספרינג אפרסק 1.5 ליט,ליטרים,1.50,ליטר,false,,8.90,5.9333,true,1,2230913
7290019056621,false,ספרינג פירות טרופיים 1.5 ליטר פיקדון,"יפאורה תבורי בע""מ",IL,ספרינג פירות טרופיים,ליטרים,1.50,ליטר,false,,8.90,5.9333,true,1,2230914
7290019056638,false,ספרינג תות בננה 1.5 ליטר פיקדון,"יפאורה תבורי בע""מ",IL,ספרינג תות בננה 1.5,ליטרים,1.50,ליטר,false,,8.90,5.9333,true,1,2230915
7290019056645,false,ספרחנג אגס תפוח סברס 1.5 ליטר פיקדון,"יפאורה תבורי בע""מ",IL,ספרינג אגס תפוח סברס,ליטרים,1.50,ליטר,false,,8.90,5.9333,true,1,2230916
7290019056652,false,ספרינג אננס בננה 1.5 ליטר פיקדון,"יפאורה תבורי בע""מ",IL,ספרינג אננס בננה 1.5,ליטרים,1.50,ליטר,false,,8.90,5.9333,true,1,2230917
7290019056676,false,מיץ דיאט בטעם אשכוליות ואננס 1.5ל' ספרינג,"יפאורה תבורי בע""מ",IL,ספרינג אשכוליות אננס,ליטרים,1.50,ליטר,false,,7.90,5.2667,true,1,2230933
7290019056720,false,קריסטל מיץ ענבים 2 ליטר פיקדון,יפאורה תבורי,IL,קריסטל ענבים,ליטרים,2.00,ליטר,false,,7.90,3.9500,true,1,2231049
7290019056737,false,מיץ בטעם אשכוליות 2 ל' קריסטל,יפאורה תבורי,IL,קריסטל אשכוליות,ליטרים,2.00,ליטר,false,,7.90,3.9500,true,1,2231050
7290019056744,false,קריסטל מיץ תפוזים 2 ליטר פיקדון,יפאורה תבורי,IL,קריסטל תפוזים,ליטרים,2.00,ליטר,false,,7.90,3.9500,true,1,2231051
7290019056751,false,קריסטל מיץ אשכוליות דיאט 2 ליטר פיקדון,יפאורה תבורי,IL,קריסטל דיאט אשכולית,ליטרים,2.00,ליטר,false,,6.90,3.4500,true,1,2231052
7290019056768,false,קריסטל מיץ מנגו 2 ליטר פיקדון,יפאורה תבורי,IL,קריסטל מנגו,ליטרים,2.00,ליטר,false,,7.90,3.9500,true,1,2231053
7290019056805,false,קריסטל מוגז תפוחים 2 ליטר פיקדון,יפאורה תבורי,IL,קריסטל תפוח מוגז,ליטרים,2.00,ליטר,false,,7.90,3.9500,true,1,2231057
7290019056829,false,קריסטל מוגז תפוזים 2 ליטר פיקדון,קריות זול,,קריסטל אורנג',ליטרים,2.00,ליטר,false,,7.90,3.9500,true,1,2231059
7290019056836,false,קריסטל מוגז תות 2 ליטר פיקדון,יפאורה תבורי,IL,קריסטל תות,ליטרים,2.00,ליטר,false,,7.90,3.9500,true,1,2231066
7290019056843,false,קריסטל מוגז קולה 2 ליטר פיקדון,קריות זול,,קריסטל קולה,ליטרים,2.00,ליטר,false,,7.90,3.9500,true,1,2231067
7290019056850,false,ספרינג תה אפרסק דיאט 1.5 ליטר פיקדון,"יפאורה תבורי בע""מ",IL,ספרינג תה 1.5 אפרסק,ליטרים,1.50,ליטר,false,,7.90,5.2667,true,1,2230954
7290019056959,false,מי עדן 1.5 ליטר בק' בודד פיקדון,מופק ממקור בזלתי עדן,IL,מי עדן 1.5 ליטר,ליטרים,1.50,ליטר,false,,2.90,1.9333,true,1,2231068
7290019056973,false,מי עדן 1.5 ליטר שישייה פיקדון,מופק ממקור בזלתי עדן,IL,מי עדן שישייה 1.5 לי,ליטרים,9.00,ליטר,false,,13.70,1.5222,true,1,2231069
7290019074885,false,"ד""ר פישר - קמיל בלו אקסטרה סופט קרם גוף לתינוק 500 מ""ל",,,קרם גוף קמיל בלו אקס,מיליליטרים,500.00,"100 מ""ל",false,,29.90,0.0598,true,1,2272423
7290019075400,false,תחליב רחצה עדין שיבו,פישר מעבדות פרמצבטיו,IL,תחליב רחצה אפקטיב קר,מיליליטרים,700.00,"100 מ""ל",false,,12.90,0.0184,true,1,2266823
7290019075479,false,"ד""ר פישר - קמיל בלו קלאסיק שמפו לתינוק 1 ליטר",,,קמיל בלו קלאסיק שמפ,ליטרים,1.00,ליטר,false,,21.90,21.9000,true,1,2266522
7290019075608,false,תחליב רחצה אפקטיב קר,פישר מעבדות פרמצבטיו,IL,תחליב רחצה אפקטיב קר,מיליליטרים,700.00,"100 מ""ל",false,,12.90,0.0184,true,1,2266824
7290019075899,false,קמיל בלו אקסטרה סופט אל סבון לתינוק ל',,,אלסבון קמיל בלו אקסט,ליטרים,1.00,ליטר,false,,32.90,32.9000,true,1,2272417
7290019088400,false,פח דוושה 3 ליטר לבן,,,פח דוושה 3 ליטר לבן,יחידה,0.00,יחידה,false,,79.90,0.0000,true,1,2245427
7290019088417,false,פח דוושה 3 ליטר פחם,,,פח דוושה 3 ליטר פחם,יחידה,0.00,יחידה,false,,79.90,0.0000,true,1,2245428
7290019088479,false,מברשת אסלה שחור - סו,,,מברשת אסלה שחור - סו,יחידה,0.00,יחידה,false,,49.90,0.0000,true,1,2245434
7290019153023,false,מארז קולה ללא סוכר רביעייה *1.5 ל' אר.סי,יפאורה תבורי,IL,אר סי 1.5 רביעייה לל,ליטרים,6.00,ליטר,false,,23.90,3.9833,true,1,2249599
7290019153078,false,"שוופס ביטר למון לייט, 1.5 ליטר פקדון","יפאורה תבורי בע""מ",IL,שוופס ביטר למון לייט,ליטרים,1.50,ליטר,false,,10.90,7.2667,true,1,2238936
7290019153085,false,"שוופס ללא סוכר מוחיטו, 1.5 ליטר פקדון","יפאורה תבורי בע""מ",IL,שוופס ליים מוחיטו לל,ליטרים,1.50,ליטר,false,,9.50,6.3333,true,1,2238931
7290019153221,false,שוופס סודה אננס 500,,,שוופס סודה אננס 0.5,ליטרים,0.50,ליטר,false,,4.20,8.4000,true,1,2254086
7290019153238,false,"סודה בטעם תפוח 500 מ""ל שוופס",,,שוופס סודה תפוח 0.5,ליטרים,0.50,ליטר,false,,4.20,8.4000,true,1,2254087
7290019153245,false,שוופס סודה לימון 500,,,שוופס סודה לימון 0.5,ליטרים,0.50,ליטר,false,,4.20,8.4000,true,1,2254088
7290019153252,false,שוופס סודה תפוח 1.5 ליטר רביעייה פיקדון,"יפאורה תבורי בע""מ",IL,רביעית שוופס סודה תפ,ליטרים,6.00,ליטר,false,,12.10,2.0167,true,1,2253882
7290019153269,false,שוופס סודה אננס 1.5 ליטר רביעייה פיקדון,"יפאורה תבורי בע""מ",IL,רביעית שוופס סודה אנ,ליטרים,6.00,ליטר,false,,12.10,2.0167,true,1,2253883
7290019153313,false,"משקהתפוח חמוציות אוכמניות 350 מ""ל פרות & ווג",יפאורה תבורי בעמ,IL,משקה קל תפוח חמוציות,מיליליטרים,350.00,"100 מ""ל",false,,6.50,0.0186,true,1,2257983
7290019153344,false,מיץ בטעם סנגרייה 1.5 ל' תפוזינה,"יפאורה תבורי בע""מ",IL,תפוזינה 1.5 ליטר סנג,ליטרים,1.50,ליטר,false,,8.90,5.9333,true,1,2253888
7290019153375,false,מיץ בטעם מוחיטו 1.5 ל' תפוזינה,"יפאורה תבורי בע""מ",IL,תפוזינה 1.5 ליטר מוח,ליטרים,1.50,ליטר,false,,8.90,5.9333,true,1,2253890
7290019153535,false,"רביעייה שוופס מוגז פירות למונייד ללא סוכר 330 ש""ח",יפאורה תבורי,IL,רבעיית פחיות שוופס מ,ליטרים,1.32,ליטר,false,,15.80,11.9697,true,1,2258298
7290019167020,false,עוגת גבינה עם פירות יער לייט 80 ג' קינוחי עדן,עדן קינוחים Eden,,עוגת גבינה עם פירות,גרמים,80.00,100 גרם,false,,6.90,0.0863,true,1,2277065
7290019167037,false,תותים בקצפת 82 ג' קינוחי עדן,עדן קינוחים Eden,,תותים בקצפת 82 גרם,גרמים,82.00,100 גרם,false,,6.90,0.0841,true,1,2277066
7290019167044,false,קצפת עם קרם בייגלה מתוק מלוח 82 ג' עדן,עדן קינוחים Eden,,קצפת עם קרם בייגלה מ,גרמים,82.00,100 גרם,false,,6.90,0.0841,true,1,2277067
7290019204008,false,עוף טוב פסטרמה ארבעה פלפלים 350גרם,עיצובים 2020 (4.9),,עוף טוב פסטרמה ארבע,גרמים,350.00,100 גרם,false,,24.90,0.0711,true,1,2258715
7290019204107,false,עוף טוב פסטרמה בטעם אווז 320גרם,עיצובים 2020 (4.9),,עוף טוב פסטרמה בטעם,גרמים,350.00,100 גרם,false,,24.90,0.0711,true,1,2258716
7290019204206,false,עוף טוב פסטרמה בסגנון רומני 320גרם,עיצובים 2020 (4.9),,עוף טוב פסטרמה בסגנו,גרמים,320.00,100 גרם,false,,24.90,0.0778,true,1,2258717
7290019226093,false,אננס חתוך תומר 565 ג,,,תומר אננס חתוך,גרמים,565.00,100 גרם,false,,7.90,0.0140,true,1,2283354
7290019226109,false,אננס פרוס תומר 565 ג,,,תומר אננס פרוס,גרמים,565.00,100 גרם,false,,7.90,0.0140,true,1,2283355
7290019232155,false,"חליטת ""לילה טוב"" קמומיל לבנדר ו25 שקיקים ויסוצקי",ויסוצקי,IL,תה חליטה קמומיל לבנד,גרמים,37.50,100 גרם,false,,19.90,0.5307,true,1,2278093
7290019232162,false,"חליטת ""לילה טוב"" קמומיל מליסה 25 שקיקים ויסוצקי",ויסוצקי,IL,תה חליטה קמומיל מליס,גרמים,37.50,100 גרם,false,,19.90,0.5307,true,1,2278094
7290019232186,false,תה ירוק לימונית לואיזהSTAY WELL 25 שקיקים ויסוצקי,ויסוצקי,IL,תה ירוק לימונית ולוא,גרמים,37.50,100 גרם,false,,19.90,0.5307,true,1,2278096
7290019232193,false,תה ירוק לימונית ג'ינג'ר STAY WELL שקיקים 25 ויסוצקי,ויסוצקי,IL,תה ירוק לימונית וג'י,גרמים,37.50,100 גרם,false,,19.90,0.5307,true,1,2278097
7290019232353,false,תה ירוק סיני 50 שקיקים ויסוצקי,ויסוצקי,IL,תה ירוק סיני 50,גרמים,75.00,100 גרם,false,,39.90,0.5320,true,1,2266665
7290019232377,false,חווית הצ'איתה שחור בטעם וניל והל 25 יח' ויסוצקי,קריות זול,IL,צאי וניל הל,גרמים,50.00,100 גרם,false,,17.90,0.3580,true,1,2277362
7290019232384,false,חווית הצ'אי תה שחור בטעם מוקה 25*50 ג' ויסוצקי,קריות זול,IL,צאי מוקה,גרמים,50.00,100 גרם,false,,17.90,0.3580,true,1,2277363
7290019232803,false,הולגריין ביסקוויט+קרם חלב ושוקולד חלב 300 גרם רבנות,"אולקר ביסקווי סנאי,",TR,הולגריין ביסקוויט עם,גרמים,300.00,100 גרם,false,,10.90,0.0363,true,1,2279800
7290019232827,false,הולגריין ביסקוויט במילוי אגוזי לוז 300 גרם רבנות,"אולקר ביסקווי סנאי,",TR,הולגריין ביסקוויט במ,גרמים,300.00,100 גרם,false,,10.90,0.0363,true,1,2279802
7290019232834,false,בייגלה מצופה קרם עוגיות ושוקולד 140 גרם פליפז - רבנות,אולקר מקבוצת פלאדיס,TR,בייגלה מצופה שוקולד,גרמים,140.00,100 גרם,false,,8.90,0.0636,true,1,2252413
7290019297192,false,חטיף גרנולה עם שקדים ושוקולד 175 ג',,MK,חטיף גרנולה עם שקדים,גרמים,175.00,100 גרם,false,,9.90,0.0566,true,1,2279767
7290019297208,false,חטיף גרנולה עם פירות יבשים 175 ג',,MK,חטיף גרנולה עם פירות,גרמים,175.00,100 גרם,false,,9.90,0.0566,true,1,2279768
7290019297239,false,צימוק חום 250 גרם בק,"דין שיווק וקליה בע""מ",,צימוק חום 250 גרם בק,גרמים,250.00,100 גרם,false,,12.90,0.0516,true,1,1242999
7290019297246,false,שזיף מיובש עם גרעין,"דין שיווק וקליה בע""מ",,שזיפים 250 גרם בקופס,גרמים,250.00,100 גרם,false,,17.90,0.0716,true,1,1243000
7290019297451,false,מי ורדים שקדיה 500 מ,אף.סי תבליני בגליל ב,BE,"מי ורדים 500 מ""ל",מיליליטרים,500.00,"100 מ""ל",false,,13.90,0.0278,true,1,2264115
7290019297505,false,רוטב רימונים שקדיה 700 ג',דין שיווק,TR,"רוטב רימונים בד""צ 1",מיליליטרים,1000.00,"100 מ""ל",false,,19.90,0.0199,true,1,1243001
7290019297512,false,רוטב רימונים שקדיה 340 ג',דין שיווק,TR,"רוטב רימונים בד""צ 34",גרמים,340.00,100 גרם,false,,9.90,0.0291,true,1,1243002
7290019297536,false,חמאת בוטנים עם שברי בוטנים Crazy or Nuts,דין שיווק,,חמאת בוטנים עם שברי,גרמים,510.00,100 גרם,false,,9.90,0.0194,true,1,1243003
7290019297543,false,חמאת בוטנים שקדיה 51,דין שיווק,,חמאת בוטנים 510 גרם,גרמים,510.00,100 גרם,false,,9.90,0.0194,true,1,1243004
7290019297550,false,בוטנים מטוגנים בקופסא 185 גרם,קריניציה ויטמינה אס,IL,בוטנים מטוגנים 185 ג,גרמים,185.00,100 גרם,false,,7.90,0.0427,true,1,1243005
7290019302315,false,"באזז אבטיח מלון 750 מ""ל",יקבי כרמל,IL,באזז אבטיח מלון,מיליליטרים,750.00,"100 מ""ל",false,,24.90,0.0332,true,1,2259215
7290024486482,false,פרמיו בקר וכבד 15 גר,,,פרמיו בקר וכבד 15 גר,גרמים,15.00,100 גרם,false,,6.90,0.4600,true,1,2274398
7290055090702,false,איגלו שלוקים בטעמי פטל לימון וענבים,מנדלז סי.אר. פרודקשן,IL,כרמית איגלו שלוקים 264 יח,מיליליטרים,1740.00,"100 מ""ל",false,,13.90,0.0080,true,1,1253489
7290055090801,false,שוקולד לבן ללא סוכר 85 גר',כרמית תעשיות ממתקים,IL,כרמית שוקולד לבן ללא סוכר,גרמים,85.00,100 גרם,false,,4.90,0.0576,true,1,1280386
7290067642005,false,גולדסטאר סלואו בריאו,טמפו,IL,בירה גולדסטאר סלאו 3,מיליליטרים,330.00,"100 מ""ל",false,,8.90,0.0270,true,1,1504896
7290100235324,false,בונז'ור עוגת בריוש גבינה 500ג',בונז'ור,IL,בונז'ור עוגת בריוש גבינה,גרמים,550.00,100 גרם,false,,29.90,0.0544,true,1,1223778
7290100235553,false,בונז'ור עוגת בריוש תפוח עם אגוזים 550 ג',בונז'ור,IL,בונז'ור עוגת בריוש תפוחים,יחידה,0.00,יחידה,false,,29.90,0.0000,true,1,1223783
7290100243671,false,מרכך כביסה אקסטרא בניחוח יסמין מרענן,יוניליוור סנאיי וי ט,TR,Badin RC Conc Liquid Blue,מיליליטרים,960.00,"100 מ""ל",false,,15.90,0.0166,true,1,1255851
7290100245231,false,נמס בכוס מרק בטעם עוף עם אטריות ושקדי מרק-2 שקיות,יוניליוור ישראל מזון,IL,נמס בכוס טעם עוף ושקדי מר,גרמים,48.00,100 גרם,false,,6.50,0.1354,true,1,1255867
7290100249659,false,רוטב לעוף צ'ילי ושום 320 ג' קנור,יוניליוור ישראל מזון,IL,רוטב צ'ילי שום 320 ג,גרמים,320.00,100 גרם,false,,12.90,0.0403,true,1,1255942
7290100412343,false,קוויק מגבונים לניקוי כללי בניחוח לימון 50 יח',,,מגבונים לניקוי כללי,יח',50.00,יח',false,,7.90,0.1580,true,1,1392206
7290100412435,false,קוויק מגבונים לניקוי כללי בניחוח פרחי בר 50 יח',האי נאם סי או אל.טי.,IL,מגבונים לניקוי כללי,יח',50.00,יח',false,,7.90,0.1580,true,1,1392207
7290100412701,false,"תחליב גוף קלאסיק מאסק דר עור 400 מ""ל",אמיליה קוסמטיקס בעמ,IL,"תחליב גוף ד""ר עור 40",מיליליטרים,400.00,"100 מ""ל",false,,19.90,0.0497,true,1,1633228
7290100412732,false,"תחליב גוף לעור יבש וילד פלאויר דר עור 400 מ""ל","ד""ר עור DOCTOR OR",,"תחליב גוף ד""ר עור 40",מיליליטרים,400.00,"100 מ""ל",false,,19.90,0.0497,true,1,1633230
7290100412763,false,"תחליב רחצה ד""ר עור לבנדר 700 מ""ל","ד""ר עור DOCTOR OR",,"תחליב רחצה 700 מ""ל ד",מיליליטרים,700.00,"100 מ""ל",false,,19.90,0.0284,true,1,1633249
7290100412794,false,"תרחיץ פנים קלאסק מאסק פילינג דר עור 150 מ""ל","ד""ר עור DOCTOR OR",,"פילינג לפנים 150 מ""ל",מיליליטרים,150.00,"100 מ""ל",false,,19.90,0.1327,true,1,1633243
7290100412800,false,"תחליב רחצה לעור יבש וילד פלאור דר עור 700 מ""ל","ד""ר עור DOCTOR OR",,"תחליב רחצה 700 מ""ל ד",מיליליטרים,700.00,"100 מ""ל",false,,19.90,0.0284,true,1,1633252
7290100412831,false,תחליב רחצה אנטי אייג'ינג בניחוח וניל טרופי,"ד""ר עור DOCTOR OR",,"תחליב רחצה 700 מ""ל ד",מיליליטרים,700.00,"100 מ""ל",false,,19.90,0.0284,true,1,1633253
7290100412848,false,DR OR תחליב גוף אנטי אייגינג וניל מעודן 400 מל,"ד""ר עור DOCTOR OR",,"תחליב גוף ד""ר עור 40",מיליליטרים,400.00,"100 מ""ל",false,,19.90,0.0497,true,1,1633231
7290100413593,false,מגבונים גדולים XL לניקוי כללי בניחוח פרחי בר,קוויק,,מגבונים קוויק מטליות,יח',40.00,יח',false,,6.90,0.1725,true,1,1436533
7290100653463,false,"פלמוליב - ארומה ג'ל רחצה מסאז' 500 מ""ל",קולגייט פלמוליב,IT,פלמוליב סבון נוזלי ספא מס,מיליליטרים,500.00,"100 מ""ל",false,,15.90,0.0318,true,1,1253509
7290100653586,false,"דאו' ליידי ספיד סטיק 24/7 ג'ל ורוד 50מ""ל",ליידי ספיד סטיק Lady Speed Stick,US,ליידי ספיד סטיק 24/7 גל ו,גרמים,65.00,100 גרם,false,,17.90,0.2754,true,1,1253510
7290100659090,false,פרי חטיפים ללא סוכר מארז 5 תמרים וקינמו,טבעית מוצרים מן הטבע,IL,פרי חטיפים ללא סוכר מארז,גרמים,110.00,100 גרם,false,,15.90,0.1445,true,1,1253517
7290100668610,false,מד לחץ אויר +צנור,,,מד לחץ אויר +צנור,יחידה,0.00,יחידה,false,,34.90,0.0000,true,1,2251293
7290100680667,false,מנה חמה נודלס-אטריות+ירקות טעם סצ'ואן,THAI PRESIDENT FOODS,TH,מנה חמה נודלס בסגנון סצ'ו,גרמים,76.00,100 גרם,false,,6.50,0.0855,true,1,1223793
7290100680711,false,פירורית זהב אסם זהב 350ג',עינת תעשיות מזון,IL,אסם פירורית זהב 350 גרם,גרמים,350.00,100 גרם,false,,7.90,0.0226,true,1,1223794
7290100680728,false,פירורית רגילה שקית 350 גרם,מיוצר עי קונדיטוריית,IL,אסם פירורית 350 גרם,גרמים,350.00,100 גרם,false,,6.90,0.0197,true,1,1223795
7290100681015,false,פודינג אינסטנט ריבת חלב 84 ג' אסם,מיוצר עי קונדיטוריית,IL,אסם פודינג אינסטנט בטעם ר,גרמים,84.00,100 גרם,false,,5.50,0.0655,true,1,1223797
7290100681138,false,מארז אפרופו חטיף תירס 3 יחידות,"אסם השקעות בע""מ",IL,אפרופו קלאסי 50 גרם מארז,גרמים,150.00,100 גרם,false,,11.90,0.0793,true,1,1223799
7290100681503,false,עסיס סירופ לימונענע דיאטטי 1 ליטר,בית-השיטה עסיס תעשיו,IL,עסיס סירופ דיאט בטעם לימו,ליטרים,1.00,ליטר,false,,16.90,16.9000,true,1,1223801
7290100683880,false,אבקה להכנת פירה 260 ג' אסם,"אסם השקעות בע""מ",IL,פירה אסם 260 גר',גרמים,260.00,100 גרם,false,,12.90,0.0496,true,1,1223810
7290100685068,false,פודינג וניל עם פצפוצי שוקולד 110 ג' אסם,אסם תעשיות,IL,אסם פודינג אינסטנט בטעם ו,גרמים,110.00,100 גרם,false,,5.90,0.0536,true,1,1223817
7290100685136,false,"מרק בטעם עוף 1 ק""ג אסם","אסם השקעות בע""מ",IL,"אסם מרק בטעם עוף 1 ק""ג",גרמים,1000.00,100 גרם,false,,13.90,0.0139,true,1,1223818
7290100685242,false,במבה מתוקה תות אדום סרט 30ג',"אסם השקעות בע""מ",IL,במבה מתוקה 30 גרם סרט 8 י,גרמים,30.00,100 גרם,false,,2.30,0.0767,true,1,1223819
7290100685334,false,אבקת מרק עוף אמיתי ר.טבעיים 400ג' אסם,"אסם השקעות בע""מ",IL,אסם מרק עוף אמיתי רכיבים,גרמים,400.00,100 גרם,false,,24.90,0.0622,true,1,1223820
7290100685341,false,מרק בטעם עוף זך רכיבים טבעיים 400 ג' אסם,"אסם השקעות בע""מ",IL,אסם מרק בטעם עוף זך רכיבי,גרמים,400.00,100 גרם,false,,16.90,0.0422,true,1,1223821
7290100685600,false,פירורית זהב אסם זהב חיטה מלאה 200ג',עינת תעשיות מזון,IL,אסם פירורית חיטה מלאה 200,גרמים,200.00,100 גרם,false,,6.40,0.0320,true,1,1223825
7290100686164,false,ביסלי ברביקיו מארז 6 יח' * 35 ג' אסם,מיוצר עי קונדיטוריית,IL,ביסלי ברביקיו 35 גרם מארז,גרמים,210.00,100 גרם,false,,12.90,0.0614,true,1,1223828
7290100687109,false,במבה במילוי קרם נוגט 60ג' אסם,"אסם השקעות בע""מ",IL,במבה במילוי קרם נוגט 60 ג,גרמים,60.00,100 גרם,false,,4.50,0.0750,true,1,1223832
7290100689301,false,אבקת מרק עוף זך עדיף אסם 400 גר',"אסם השקעות בע""מ",IL,אסם מרק בטעם עוף זך 400 ג,גרמים,400.00,100 גרם,false,,12.90,0.0323,true,1,1223841
7290100700020,false,סוגת גריסי פנינה 500גרם,האי נאם סי או אל.טי.,IL,גריסי פנינה 500 גרם,יחידה,0.00,יחידה,false,,4.90,0.0000,true,1,2146432
7290100700242,false,"אורז מלא עגול סוגת 1 ק""ג","סוגת תעשיות בע""מ",IL,"אורז עגול מלא 1 ק""ג",קילוגרמים,1.00,"ק""ג",false,,12.90,12.9000,true,1,1248067
7290100700273,false,קינואה סוגת 500 גרם,האי נאם סי או אל.טי.,IL,קינואה 500 גרם,גרמים,500.00,100 גרם,false,,12.90,0.0258,true,1,2146434
7290100700372,false,"סוגת אורז בסמטי מלא 1 ק""ג",האי נאם סי או אל.טי.,IL,"אורז בסמטי 1מלא ק""ג",קילוגרמים,1.00,"ק""ג",false,,12.90,12.9000,true,1,1248068
7290100700389,false,"אורז אדום סוגת 1 ק""ג",סוגת תעשיות,IL,"אורז אדום 1 ק""ג",קילוגרמים,1.00,"ק""ג",false,,12.90,12.9000,true,1,1248069
7290100700396,false,"סוגת אורז יסמין קלאסי 1 ק""ג",האי נאם סי או אל.טי.,IL,"אורז יסמין קלאסי 1 ק""ג",קילוגרמים,1.00,"ק""ג",false,,11.90,11.9000,true,1,1248070
7290100700563,false,אורז מיקס קלאסי 1 ק',סוגת תעשיות,IL,"אורז מיקס קלאסי 1 ק""ג",קילוגרמים,1.00,"ק""ג",false,,12.90,12.9000,true,1,1248073
7290100700587,false,סוגת בורגול 500 גרם,האי נאם סי או אל.טי.,IL,בורגול 500 גרם,גרמים,500.00,100 גרם,false,,4.90,0.0098,true,1,2146436
7290100701331,false,קמח רב תכליתי שטיבל קמח חיטה לבן בהיר,"שטיבל בע""מ - טחנות ק",IL,קמח רב תכליתי,קילוגרמים,1.00,"ק""ג",false,,6.90,6.9000,true,1,1248087
7290100701348,false,"קמח שיפון מלא 1ק""ג סוגת",טחנות קמח שטיבל באר,IL,קמח שיפון מלא,קילוגרמים,1.00,"ק""ג",false,,6.90,6.9000,true,1,1248088
7290100701386,false,קמח לחלה קמח חיטה לבן שטיבל,"שטיבל בע""מ - טחנות ק",IL,קמח לחלה,קילוגרמים,1.00,"ק""ג",false,,6.90,6.9000,true,1,1248090
7290100701454,false,גרישה - בורגול דק,"סוגת תעשיות בע""מ",IL,גרישה 500 גרם,גרמים,500.00,100 גרם,false,,4.90,0.0098,true,1,2146438
7290100701577,false,קמח לחם קמח חיטה לבן שטיבל,שטיבל טחנות קמח,IL,קמח לחם,קילוגרמים,1.00,"ק""ג",false,,6.90,6.9000,true,1,1248094
7290100701874,false,"קמח כוסמין 1 ק""ג סוגת",טחנות קמח שטיבל באר,IL,קמח כוסמין מלא + 12,קילוגרמים,1.00,"ק""ג",false,,10.90,10.9000,true,1,1248097
7290100701881,false,קמח פיצה ופוקצ'ה- קמח חיטה לבן בהיר שטיבל,"שטיבל בע""מ - טחנת קמ",IL,קמח פיצה ופוקצ'ה,קילוגרמים,1.00,"ק""ג",false,,6.90,6.9000,true,1,1248098
7290100701898,false,קמח סוגת לפסטה 1 קג,שטיבל טחנות קמח,IL,קמח פסטה + 9,קילוגרמים,1.00,"ק""ג",false,,13.90,13.9000,true,1,1248099
7290100702260,false,קוסקוס דק סוגת 350 גר',סוגת,IL,קוסקוס דק 350 גרם,גרמים,350.00,100 גרם,false,,4.90,0.0140,true,1,1248100
7290100702277,false,קוסקוס עבה סוגת 350 גר',סוגת,IL,קוסקוס עבה 350 גרם,גרמים,350.00,100 גרם,false,,4.90,0.0140,true,1,1248101
7290100702284,false,קוסקוס מלא סוגת 350 גרם,סוגת,IL,קוסקוס מלא 350 גרם,גרמים,350.00,100 גרם,false,,4.90,0.0140,true,1,1248102
7290100702314,false,סוגת שעועית שחורה 500 גרם,,,שעועית שחורה 500 גרם,יחידה,0.00,יחידה,false,,7.90,0.0000,true,1,2146439
7290100702383,false,"קמח תופח סוגת 1 ק""ג",שטיבל טחנות קמח,IL,קמח תופח,קילוגרמים,1.00,"ק""ג",false,,6.90,6.9000,true,1,1248104
7290100703007,false,עדשים שחורות בלוגה סוגת 500 גר',האי נאם סי או אל.טי.,IL,עדשים שחורות בלוגה 5,יחידה,0.00,יחידה,false,,7.90,0.0000,true,1,2146440
7290100703625,false,קמח חיטה לבן ללא צורך בניפוי,סוגת,,קמח לבן ללא ניפוי 1,קילוגרמים,1.00,"ק""ג",false,,7.90,7.9000,true,1,1417504
7290100703632,false,קמח חיטה מלא ללא צורך בניפוי,סוגת,,קמח מלא ללא ניפוי 1,קילוגרמים,1.00,"ק""ג",false,,9.90,9.9000,true,1,1417476
7290100703649,false,"קמח מלא 80% חיטה ללא ניפוי סוגת 1ק""ג",סוגת,,קמח מלא חיטה 80% ללא,קילוגרמים,1.00,"ק""ג",false,,9.90,9.9000,true,1,1417477
7290100703687,false,"קמח חלה ללא ניפוי 1 ק""ג סוגת",סוגת,,קמח חלה ללא ניפוי 1,קילוגרמים,1.00,"ק""ג",false,,9.90,9.9000,true,1,1417480
7290100703861,false,"קמח תערובת קסם לחלה 1 ק""ג סוגת",סוגת,IL,קמח תערובת קסם לחלה,קילוגרמים,1.00,"ק""ג",false,,9.90,9.9000,true,1,2155091
7290100703915,false,פופקורן להכנה במיקרוגל בטעם חמאה - מארז 6 שקיות,סוגת,,מארז פופקורן למיקרו,גרמים,540.00,100 גרם,false,,9.90,0.0183,true,1,1797259
7290100704493,false,"קמח שמרים פיצה ללא ניפוי סוגת 1 ק""ג","שטיבל בע""מ - טחנת קמ",IL,קמח שמרים פיצה ללא צ,קילוגרמים,1.00,"ק""ג",false,,9.90,9.9000,true,1,2174426
7290100704530,false,סוגת קמח כוסמין לבן ללא צורך בניפוי 1 קג,טחנות קמח שטיבל באר,IL,קמח כוסמין לבן מנופ,קילוגרמים,1.00,"ק""ג",false,,14.90,14.9000,true,1,2207611
7290100704615,false,סוכר לבן דק דק בצנצנת 500 ג',סוגת,,סוכר לבן דק דק בצנצנ,גרמים,500.00,100 גרם,false,,7.90,0.0158,true,1,2229457
7290100850909,false,דוריטוס בטעם נאצ'ו מקסיקני,שטראוס פריטו ליי בע,IL,דו.נאצו מקסיקני 70ג/1שק'/,גרמים,70.00,100 גרם,false,,3.50,0.0500,true,1,1257437
7290100850916,false,דוריטוס בטעם חמוץ חריף,"שטראוס פריטו ליי בע""",IL,דוריטוס 70 גרם חמוץ,גרמים,70.00,100 גרם,false,,3.50,0.0500,true,1,1257438
7290100850923,false,דוריטוס גריל 70 גרם,שטראוס פריטו ליי בע,IL,דוריטוס גריל 70גר/1שק'/70,גרמים,70.00,100 גרם,false,,3.50,0.0500,true,1,1257439
7290100850930,false,דוריטוס דיפ טבעי 70ג,שטראוס פריטו ליי בע,IL,דוריטוס דיפ טבעי 70 גר,גרמים,70.00,100 גרם,false,,3.50,0.0500,true,1,1257440
7290100858592,false,אבקת קקאו עלית שקית 150 ג',הנסיך- מפעל לייצור ט,IL,שקית קקאו 150גרם/20שק/150,גרמים,150.00,100 גרם,false,,9.90,0.0660,true,1,1256954
7290100858608,false,אבקת קקאו עלית שקית 500 ג',שטראוס גרופ,IL,קקאו עלית 500 גרם,גרמים,500.00,100 גרם,false,,25.90,0.0518,true,1,1256955
7290100921593,false,מנקה אסלה סוד 4 כדוריות לאסלה לימון נתלה 50 ג',"הנקל סוד בע""מ",HU,סוד סבון אסלה לימון 50 גר,גרמים,50.00,100 גרם,false,,8.90,0.1780,true,1,1272736
7290100921609,false,סוד סבון לאסלה 4 כדוריות בניחוח אוקיינוס 50 ג',הנקל סוד,HU,סוד סבון אסלה אקיינוס 50,גרמים,50.00,100 גרם,false,,8.90,0.1780,true,1,1272737
7290100921616,false,סוד סבון לאסלה 4 כדוריות בניחוח אורנים 50 ג',הנקל סוד,HU,סוד סבון אסלה אורנים 50 ג,גרמים,50.00,100 גרם,false,,8.90,0.1780,true,1,1272738
7290100921623,false,מנקה אסלה סוד 4 כדוריות נתלה אקונומיקה נתלה 50 ג',"הנקל סוד בע""מ",HU,סוד סבון אסלה אקונומיקה 5,גרמים,50.00,100 גרם,false,,8.90,0.1780,true,1,1272739
7290100922569,false,קרם לטיפוח עוד הידיים והגוף- מארז שלישייה,טרופיקל דגיל,IL,קרם ידיים ולוטה מארז 100,מיליליטרים,300.00,"100 מ""ל",false,,19.90,0.0663,true,1,1238742
7290100922651,false,הוואי - סבון מוצק מי קוקוס 100 גרם רביעייה,,,סבון מוצק הוואי מארז,יח',4.00,יח',false,,10.90,2.7250,true,1,1402386
7290100924457,false,כדוריות סבון נתלה לאסלה לימון רענן - 3 יח',הנקל סוד,HU,סוד סבון אסלה שלישיה לימו,גרמים,150.00,100 גרם,false,,14.00,0.0933,true,1,1297708
7290100924464,false,כדוריות סבון נתלה לאסלה עם אקונומיקה - 3 יח',הנקל סוד,HU,סוד סבון אסלה שלישיה אקונ,יח',3.00,יח',false,,14.00,4.6667,true,1,1677363
7290100924693,false,סוד סבון לאסלה 4 כדוריות בניחוח אוקנומיקה 50 ג',הנקל סוד,HU,סוד סבון אסלה לימון 50 גר,גרמים,50.00,100 גרם,false,,8.90,0.1780,true,1,1312545
7290100925669,false,קולור קאצ'ר - דפים למכונת כביסה 10 יח',הנקל Henkel,,דפים למכונה כביסה קו,יח',10.00,יח',false,,14.90,1.4900,true,1,1373454
7290100925676,false,קולור קאצ'ר- לוכד צבעים בכביסה 20 יח',הנקל סוד,IE,דפים למכונה כביסה קו,יח',20.00,יח',false,,14.90,0.7450,true,1,1373455
7290100925751,false,"סוד נוזל כלים תפוח 650 מ""ל",סוד,,סוד כלים קלאסי 650 מ,מיליליטרים,650.00,"100 מ""ל",false,,5.90,0.0091,true,1,1395428
7290100926147,false,אבקת כביסה פרסיל קולור שקית 2.5 קג,"הנקל סוד בע""מ",IL,פרסיל קולור אבקת כביסה 2.,קילוגרמים,2.50,"ק""ג",false,,28.90,11.5600,true,1,1272769
7290100926598,false,"פרסיל אבקת כביסה 5 ק""ג",פרסיל Persil,IL,"אבקת כביסה פרסיל 5 ק""ג",קילוגרמים,5.00,"ק""ג",false,,44.90,8.9800,true,1,1272775
7290100927717,false,"פרסיל קולור אבקת כביסה 5 ק""ג -מרכז",פרסיל Persil,IL,אבקת כביסה פרסיל קולור 5,קילוגרמים,5.00,"ק""ג",false,,44.90,8.9800,true,1,1272779
7290100928516,false,סוד - ג'ל לכביסה ביד 1 ליטר,"הנקל סוד בע""מ",IL,סוד ג'ל שמפו לכביסה ביד 1,ליטרים,1.00,ליטר,false,,13.90,13.9000,true,1,1272785
7290100970324,false,בקבוק אלומיניום AP36,,,בקבוק אלומיניום AP36,יחידה,0.00,יחידה,false,,16.90,0.0000,true,1,2209710
7290101110149,false,גלידה בלסימו וניל עם פליק 1.3 ל' פלדמן,הגלידות של פלדמן,IL,גלידת וניל בליסימו.,ליטרים,1.30,ליטר,false,,16.90,13.0000,true,1,1249581
7290101110262,false,גלידה מלבי אוריינטלי 1.8ל',,,גלידה מלבי 1.8 ליטר.,ליטרים,1.80,ליטר,false,,27.90,15.5000,true,1,1249583
7290101110460,false,גלידה בליסימו וניל צרפתי 1.3 ל' פלדמן,הגלידות של פלדמן,IL,גלידת בליסימו וניל צ,ליטרים,1.30,ליטר,false,,16.90,13.0000,true,1,1249586
7290101110811,false,גלידל שלגון בטעם וניל מצופה סורבה פסיפלורה - 8 יח',הגלידות של פלדמן,IL,גלידל פסיפלורה 8יח,גרמים,600.00,100 גרם,false,,29.90,0.0498,true,1,1249588
7290101111269,false,גלידה משפחתית שרבט פ,הגלידות של פלדמן,IL,גלידת טריפל 5טעמים.,ליטרים,1.80,ליטר,false,,19.90,11.0556,true,1,1249592
7290101112228,false,גלידל פרי קרחון מופחת קלוריות בטעם אננס - 8 יח',הגלידות של פלדמן,IL,שמיניית קרחוני דיאט,גרמים,640.00,100 גרם,false,,19.90,0.0311,true,1,1294350
7290101112921,false,גלידל פרי קרחון מופחת קלוריות פירות טרופיים - 8 יח',הגלידות של פלדמן,IL,שמיניית קרחוני דיאט,גרמים,640.00,100 גרם,false,,19.90,0.0311,true,1,1782830
7290101113157,false,גלידל וניל עוגיות מאגדת שישייה 312 ג',הגלידות של פלדמן,IL,מאגדת גלידל וניל עוג,גרמים,312.00,100 גרם,false,,24.90,0.0798,true,1,2213529
7290101113591,false,טילוני יולו גלידת שוקולד לבן עם שברי עוגיות,הגלידות של פלדמן,IL,מאגדת טילונים שוקולד,גרמים,400.00,100 גרם,false,,19.90,0.0497,true,1,2215851
7290101486688,false,פרי חטיפי בריאות מארז 5 דגנים עם שוקולד,טבעית מוצרים מן הטבע,IL,פרי חטיפי בריאות מארז 5 ד,גרמים,100.00,100 גרם,false,,15.90,0.1590,true,1,1253522
7290101488248,false,"ליידי ספיד סטיק - דאודורנט רול און לאישה ורוד פרש פיושן 50 מ""ל",ליידי ספיד סטיק Lady Speed Stick,IT,ליידי 24/7 רול און ורוד ח,מיליליטרים,50.00,"100 מ""ל",false,,14.90,0.2980,true,1,1253526
7290101488286,false,"ליידי ספיד סטיק - דאודורנט ספריי לאישה 24/7 פרש פיוזן ורוד 150 מ""ל",ליידי ספיד סטיק Lady Speed Stick,RU,ליידי 24/7 ספריי ורוד חדש,מיליליטרים,150.00,"100 מ""ל",false,,14.90,0.0993,true,1,1253528
7290101488316,false,ליידי ספיד סטיק - דאודורנט סטיק לאישה ללא סימן ורוד סטיק 65 גרם,ליידי ספיד סטיק Lady Speed Stick,US,ליידי ספיד סטיק ללא סימן,גרמים,65.00,100 גרם,false,,17.90,0.2754,true,1,1253531
7290101551027,false,קפסולות קפה אספרסו חזק במיוחד 14 עלית 10 יח',הנסיך- מפעל לייצור ט,IL,קפסולות למכונות נספר,גרמים,50.00,100 גרם,false,,16.50,0.3300,true,1,1990131
7290101551263,false,סילאן טבעי ללא תוספת סוכר,"פוליבה בע""מ",IL,סילאן טבעי ללא תוספת,גרמים,700.00,100 גרם,false,,21.90,0.0313,true,1,1880659
7290101551300,false,סילאן טבעי ללא תוספת סוכר בקבוק לחיץ,"פוליבה בע""מ",IL,סילאן טבעי לחיץ 380,גרמים,380.00,100 גרם,false,,15.90,0.0418,true,1,1880660
7290101551539,false,יוגורט PRO בטעם אפרסק 0% 20 גרם חלבון בגביע,דנונה - שטראוס,IL,דנונה פרו 20 גרם חלב,גרמים,200.00,100 גרם,false,,6.20,0.0310,true,1,1902953
7290101551584,false,תפוצ'יפס קידס מארז 10 יח' * 20 ג',"שטראוס פריטו ליי בע""",IL,מארז תפוציפס קידס,גרמים,200.00,100 גרם,false,,12.90,0.0645,true,1,1917146
7290101551614,false,חטיף צ'יטוס קראנץ בטעם גבינה - מארז 8 יח',הנסיך- מפעל לייצור ט,IL,מארז ציטוס קראנצ גבי,גרמים,240.00,100 גרם,false,,12.90,0.0538,true,1,1917156
7290101580089,false,יין יוגב קברנה סוביניון,בנימינה Binyamina,IL,יוגב קברנה סוביניון 2012,מיליליטרים,750.00,"100 מ""ל",false,,39.90,0.0532,true,1,1261476
7290101580942,false,יין כרם קברנה סובניון,בנימינה Binyamina,IL,כרם קברנה סוביניון 2010,מיליליטרים,750.00,"100 מ""ל",false,,19.90,0.0265,true,1,1261499
7290101580959,false,יין כרם מרלו,בנימינה Binyamina,IL,כרם מרלו 2010,מיליליטרים,750.00,"100 מ""ל",false,,19.90,0.0265,true,1,1261500
7290101580966,false,יין כרם אמרלד ריזלינג,בנימינה Binyamina,IL,כרם אמרלד ריזלינג 2010,מיליליטרים,750.00,"100 מ""ל",false,,19.90,0.0265,true,1,1261501
7290101581208,false,יין רזרב Reserve קברנה סוביניון גליל,בנימינה Binyamina,IL,ב.רזרב קברנה סוביניון 201,מיליליטרים,750.00,"100 מ""ל",false,,49.90,0.0665,true,1,1292969
7290101581338,false,יין לבן יבש אבני החושן ישפה,בנימינה Binyamina,,יין לבן אבני החושן י,מיליליטרים,750.00,"100 מ""ל",false,,74.90,0.0999,true,1,1292996
7290101581604,false,יין אדום יבש אבני החושן אודם,בנימינה Binyamina,,יין אדום אבני החושן,מיליליטרים,750.00,"100 מ""ל",false,,74.90,0.0999,true,1,1402144
7290101581628,false,יין אדום יבש אבני חושן יהלום,בנימינה Binyamina,,יין אדום אבני החושן,מיליליטרים,750.00,"100 מ""ל",false,,74.90,0.0999,true,1,1442834
7290101581635,false,יין אדום יבש אבני החושן ספיר,בנימינה Binyamina,,יין אדום אבני חושן ס,מיליליטרים,750.00,"100 מ""ל",false,,74.90,0.0999,true,1,1402145
7290101581642,false,יין אדום אבני החושן,,,יין אדום אבני החושן,מיליליטרים,750.00,"100 מ""ל",false,,74.90,0.0999,true,1,1292993
7290101581710,false,יין רזרב Reserve שיראז גליל,בנימינה Binyamina,,יין אדום רזרב שיראז,מיליליטרים,750.00,"100 מ""ל",false,,49.90,0.0665,true,1,1395602
7290101581734,false,יין רזרב Reserve מרלו גליל,בנימינה Binyamina,,יין אדום רזרב מרלו,מיליליטרים,750.00,"100 מ""ל",false,,49.90,0.0665,true,1,1397667
7290101582304,false,יין יוגב רוזה גראנש,,,יין יוגב רוזה גראנש,מיליליטרים,750.00,"100 מ""ל",false,,39.90,0.0532,true,1,2246640
7290101582359,false,יין שרדונה המושבה בי,בנימינה Binyamina,,יין המושבה שרדונה,מיליליטרים,750.00,"100 מ""ל",false,,29.90,0.0399,true,1,1732551
7290101582366,false,יין קברנה סוביניון המושבה,בנימינה Binyamina,,יין המושבה קברנה סוב,מיליליטרים,750.00,"100 מ""ל",false,,29.90,0.0399,true,1,1732552
7290101582373,false,ייו רוזה גרנאש המושבה,בנימינה Binyamina,IL,יין המושבה גראנש בלא,מיליליטרים,750.00,"100 מ""ל",false,,29.90,0.0399,true,1,1732553
7290101582380,false,יין המושבה גוורצטרמי,,,יין המושבה גוורצטרמי,מיליליטרים,750.00,"100 מ""ל",false,,29.90,0.0399,true,1,1732554
7290101582397,false,יין מרלו המושבה ביני,בנימינה Binyamina,,יין המושבה מרלו,מיליליטרים,750.00,"100 מ""ל",false,,29.90,0.0399,true,1,1732555
7290101582403,false,יין שיראז המושבה בינ,בנימינה Binyamina,,יין המושבה שיראז,מיליליטרים,750.00,"100 מ""ל",false,,29.90,0.0399,true,1,1732556
7290101582410,false,יין גוורצטרמינר לבן חצי יבש,בנימינה Binyamina,,יין גוורצטרמינר חצי,מיליליטרים,750.00,"100 מ""ל",false,,49.90,0.0665,true,1,1840330
7290101582496,false,יין לבן חצי מתוק אמרלד ריזלינג,בנימינה Binyamina,,יין כחול אמרלד ריזלי,מיליליטרים,750.00,"100 מ""ל",false,,49.90,0.0665,true,1,2130893
7290101582571,false,יין רוזה חצי יבש גרנאש,בנימינה Binyamina,,יין אדום רוזה גראנש,מיליליטרים,750.00,"100 מ""ל",false,,49.90,0.0665,true,1,2145164
7290101582618,false,יין לבן רזרב ויוניה,,,יין לבן רזרב ויוניה,מיליליטרים,750.00,"100 מ""ל",false,,49.90,0.0665,true,1,2171319
7290101582748,false,יין פרפום דה רוזה בי,,,יין פרפום דה רוזה בי,מיליליטרים,750.00,"100 מ""ל",false,,69.90,0.0932,true,1,2190976
7290101863410,false,"סיליט ניקוי עוצמתי מכיל אקונומיקה 750 מ""ל",סיליט באנג Cillit Bang,PL,סיליט ספריי אקונומיקה שרו,מיליליטרים,750.00,"100 מ""ל",false,,14.90,0.0199,true,1,1227155
7290101864127,false,"ספריי להסרת כתמים 750 מ""ל וניש קליה",קליה וניש Kalia Vanish,IL,"וניש ספריי 750 מ""ל סולו 1",מיליליטרים,750.00,"100 מ""ל",false,,19.90,0.0265,true,1,1227158
7290101865261,false,"פיניש נוזל הברקה 800 מ""ל",רקיט בנקיזר,PL,"פיניש נוזל הברקה 800 מ""""ל",מיליליטרים,800.00,"100 מ""ל",false,,19.90,0.0249,true,1,1227163
7290101866633,false,ווניש קליה ג`ל להסרת כתמים 3 ל',קליה וניש Kalia Vanish,IL,וניש ורוד TITAN 3L,ליטרים,3.00,ליטר,false,,29.90,9.9667,true,1,1227174
7290101866787,false,מסיר כתמים ומלבין לכביסה לבנה 3 ל וניש קליה,קליה וניש Kalia Vanish,PL,וניש נוזל להלבנה TITAN 3L,ליטרים,3.00,ליטר,false,,29.90,9.9667,true,1,1227178
7290101868460,false,"אבקת כביסה 101 8 ק""ג קולון",רקיט בנקיזר,IL,קולון 101 8 ק''ג,קילוגרמים,8.00,"ק""ג",false,,54.90,6.8625,true,1,1227206
7290101868958,false,"פיניש נוזל הברקה למדיח בניחוח לימון 800 מ""ל",רקיט בנקיזר,PL,"פיניש נוזל הברקה 800 מ""ל",מיליליטרים,800.00,"100 מ""ל",false,,19.90,0.0249,true,1,1227209
7290101869702,false,"ג 'ל פיניש AIO MAX מרוכז למדיח 600מ""ל",פיניש רקיט בנקיזר,,פיניש ג'ל 600 AIO למ,מיליליטרים,600.00,"100 מ""ל",false,,32.90,0.0548,true,1,1302063
7290101869719,false,ג'ל מרוכז למדיח פיניש all in one max בניחוח לימון,פיניש רקיט בנקיזר,PL,פיניש ג'ל 600לימון A,מיליליטרים,600.00,"100 מ""ל",false,,32.90,0.0548,true,1,1302064
7290101869726,false,ג'ל מרוכז למדיח פיניש all in one max,רקיט בנקיזר,PL,פיניש ג'ל 1000 AIO ל,מיליליטרים,1000.00,"100 מ""ל",false,,42.90,0.0429,true,1,1302065
7290101869733,false,ג'ל למדיח פיניש לימון,רקיט בנקיזר,PL,פיניש ג'ל 1000 AIO ל,מיליליטרים,1000.00,"100 מ""ל",false,,42.90,0.0429,true,1,1302066
7290101869757,false,מבשם אויר מכשיר אוטמטי חלום אואזיס,רקיט בנקיזר,PL,מבשם אויר מכשיר אוטומטי ח,מיליליטרים,250.00,"100 מ""ל",false,,39.90,0.1596,true,1,1297747
7290101869788,false,מילוי למכשיר ספריי אוטומטי אואזיס,איירוויק Air Wick,GB,מילוי מבשם אויר אוטומטי א,מיליליטרים,250.00,"100 מ""ל",false,,19.90,0.0796,true,1,1297750
7290101869795,false,מילוי למכשיר ספריי אוטומטי חלום ליל קיץ,איירוויק Air Wick,GB,מילוי מבשם אויר אוטומטי ח,מיליליטרים,250.00,"100 מ""ל",false,,19.90,0.0796,true,1,1297751
7290101869801,false,איירוויק מכשיר מבשם חשמלי אואזיס,רקיט בנקיזר,GB,מבשם אויר חשמלי מכשיר אוא,מיליליטרים,19.00,"100 מ""ל",false,,24.90,1.3105,true,1,1297752
7290101869818,false,אירוויק מכשיר חשמלי מבשם חלום ליל קיץ,איירוויק Air Wick,GB,מבשם אויר חשמלי מכשיר חלו,מיליליטרים,19.00,"100 מ""ל",false,,24.90,1.3105,true,1,1297753
7290101869825,false,מילוי למכשיר מבשם אויר חשמלי אואזיס,איירוויק Air Wick,PL,מילוי מבשם אויר חשמלי אוא,מיליליטרים,19.00,"100 מ""ל",false,,14.90,0.7842,true,1,1297754
7290101869832,false,מילוי למכשיר מבשם אויר חשמלי חלום ליל קיץ,איירוויק Air Wick,PL,מילוי מבשם אויר חשמלי חלו,מיליליטרים,19.00,"100 מ""ל",false,,14.90,0.7842,true,1,1297755
7290101869917,false,מילוי למכשיר ספריי אוטומטי היער הקסום,איירוויק Air Wick,GB,מילוי מבשם אויר אוטומטי ה,מיליליטרים,250.00,"100 מ""ל",false,,19.90,0.0796,true,1,1297776
7290101869962,false,איירוויק מקלות ריחניים ליל קיץ,איירוויק Air Wick,HU,מקלות ריחניים חלום ליל קי,מיליליטרים,30.00,"100 מ""ל",false,,14.90,0.4967,true,1,1297778
7290101869979,false,איירוויק מקלות ריחניים אואזיס,איירוויק Air Wick,HU,מקלות ריחניים אואזיס,מיליליטרים,30.00,"100 מ""ל",false,,14.90,0.4967,true,1,1297779
7290101920083,false,כפפות לטקס מידה 100,,,כפפות לטקס מידה 100,יח',100.00,יח',false,,39.90,0.3990,true,1,1259515
7290101925606,false,ממחטות אף רכות פרפקט,פרפקט Perfect,,ממחטות אף רכות פרפקט,יח',120.00,יח',false,,9.90,0.0825,true,1,1408428
7290101925620,false,ממחטות אף רכות 3 שכבות,פרפקט Perfect,,ממחטות אף רכות 3 שכ,יח',56.00,יח',false,,7.90,0.1411,true,1,1411014
7290101986799,false,שוקולד ורד במארז יחי,יושלם,,שוקולד ורד במארז יחי,יחידה,0.00,יחידה,false,,11.90,0.0000,true,1,1252296
7290102030330,false,תפוצ'יפס קראנצ' בטעם מקסיקני,"שטראוס פריטו ליי בע""",IL,תפוציפס קראנצ מקסיקני 200,גרמים,200.00,100 גרם,false,,9.90,0.0495,true,1,1257443
7290102031276,false,מארז 8 יחידות אקטימל משקה יוגורט בטעם תות בננה,מיוצר עי קונדיטוריית,IL,אקטימל 8 תות בננה,גרמים,864.00,100 גרם,false,,19.90,0.0230,true,1,1256289
7290102032334,false,אבקה להכנת משקה קפה בטעם וניל,STRAUSS-ISRAEL,IL,קפה נמס וניל 200 גר' חדש,גרמים,200.00,100 גרם,false,,26.90,0.1345,true,1,1256965
7290102060764,false,מארז זוג מברשות שיניים מרידול,יבואן ומשווק: ש. שסט,CH,מרידול מברשת שיניים זוג,יח',2.00,יח',false,,34.90,17.4500,true,1,1253536
7290102060979,false,"אלמקס משחת שיניים משפחתי 100 מ""ל",יבואן ומשווק: ש. שסט,PL,אלמקס משחת שיניים למניעת,גרמים,100.00,100 גרם,false,,18.90,0.1890,true,1,1253538
7290102062195,false,"אלמקס משחת שיניים אלמקס גוניור 75 מ""ל",יבואן ומשווק: ש. שסט,PE,אלמקס ג'וניור משחת שיניים,גרמים,75.00,100 גרם,false,,15.90,0.2120,true,1,1253541
7290102300860,false,גבינת צ'דר אנגלי לבן 35%,דאוליי צ'יסמייקרס,GB,גבינת צ'דר אנגלית,גרמים,200.00,100 גרם,false,,20.90,0.1045,true,1,1244837
7290102302833,false,גבינת גאודה פרוסה ש,קאסמאקרי הנרי ויליך,NL,גאודה בקר 150 גרם פר,גרמים,150.00,100 גרם,false,,19.90,0.1327,true,1,2152148
7290102302840,false,גבינת עיזים הולנדית פרוסה 34%,מיוצר עי קונדיטוריית,NL,גאודה עיזים 150גרם פ,גרמים,150.00,100 גרם,false,,29.90,0.1993,true,1,2152153
7290102302864,false,גבינה הולנדית עם פסטו ירוק 34%,הנרי ויליך Henri Willig,NL,גאודה פסטו ירוק 200,גרמים,200.00,100 גרם,false,,34.90,0.1745,true,1,2152641
7290102303878,false,חמאת נורמנדי קלאסית,,,חמאה צרפתית נורמנדי,גרמים,200.00,100 גרם,false,,18.90,0.0945,true,1,2231931
7290102390427,false,יוגורט ביו עם קציפת תות 3% שומן 150 ג' מולר,מולר Muller,IL,"Muller Froop תות 150 מ""ל",מיליליטרים,150.00,"100 מ""ל",false,,4.70,0.0313,true,1,1243860
7290102390489,false,יוגורט ביו עם קציפת לימון 3% שומן 150 ג' מולר,מולר Muller,IL,"Muller Froop לימון 150 מ""",מיליליטרים,150.00,"100 מ""ל",false,,4.70,0.0313,true,1,1243862
7290102391301,false,"יוגורט ביו 1.7%טבעי מולר 150מ""ל",טרה,,יוגורט מולר ביו טבעי,גרמים,150.00,100 גרם,false,,2.90,0.0193,true,1,1243864
7290102391844,false,יוגורט ביו עם קציפת פירות יער3% שומן 150 ג' מולר,מולר Muller,IL,Muller Froop פירות יער 15,מיליליטרים,150.00,"100 מ""ל",false,,4.70,0.0313,true,1,1243866
7290102392049,false,גבינה תבור לאפייה 5% 500 ג' צוריאל,מחלבת משק צוריאל,IL,תבור- גבינה לאפייה 5% 500,גרמים,500.00,100 גרם,false,,22.90,0.0458,true,1,1243868
7290102392094,false,חלב עיזים 4.1% צוריאל 1 ל' קרטון,מילקו תעשיות בעמ,IL,חלב עיזים בקרטון 1 ליטר,ליטרים,1.00,ליטר,false,,14.90,14.9000,true,1,1243869
7290102392728,false,מולר ביאנקו נטורל לבן טבעי 2.8% 200 ג',"טרה, פארק תעשיות בע""",IL,מולר ביאנקו נטורל 2.8% 20,גרמים,200.00,100 גרם,false,,3.70,0.0185,true,1,1243877
7290102393039,false,מולר מיקס יוגורט קרמי בתוספת פצפוצי שוקולד 170 ג',קריות זול,IL,Muller mix פצפוצי שוקולד-,גרמים,170.00,100 גרם,false,,5.40,0.0318,true,1,1243879
7290102393060,false,מיקס יוגורט גליליות וופל קרם אגוזים 170 ג' מולר,קריות זול,IL,Muller mix גליליות קרם אג,מיליליטרים,170.00,"100 מ""ל",false,,5.40,0.0318,true,1,1243880
7290102393169,false,סימפלי פרוט יוגורט תות 3% שומן 150 ג' מולר,מולר Muller,IL,תות שדה Muller Simply fru,גרמים,150.00,100 גרם,false,,4.80,0.0320,true,1,1243889
7290102393176,false,סימפלי פרוט יוגורט אפרסק 3% שומן 150 ג' מולר,מילקו תעשיות בעמ,IL,אפרסק Muller Simply fruit,גרמים,150.00,100 גרם,false,,4.80,0.0320,true,1,1243890
7290102393190,false,סימפלי פרוט פירות היער 3% שומן 150 ג' מולר,מילקו תעשיות בעמ,IL,פירות יער Muller Simply f,גרמים,150.00,100 גרם,false,,4.80,0.0320,true,1,1243891
7290102393268,false,**טרה גבינה לבנה אריזת חיסכון 5% 750ג,טרה,IL,גבינה לבנה 750 גרם 5%,גרמים,750.00,100 גרם,false,,14.85,0.0198,true,1,1243892
7290102393299,false,יוגורט עיזים לשתייה 3% שומן 500 ג' צוריאל,מיוצר עי קוד יצרן HG,IL,יוגורט עיזים לשתייה 3% שו,גרמים,500.00,100 גרם,false,,12.90,0.0258,true,1,1243893
7290102393848,false,יוגורט עיזים ביו 2.4% תות צוריאל 150ג',משק צוריאל,IL,יוגורט עיזים עם תות 150 ג,גרמים,150.00,100 גרם,false,,5.90,0.0393,true,1,1243896
7290102393855,false,יוגורט עיזים 2.5% אפרסק צוריאל 150ג',מחלבת משק צוריאל,IL,יוגורט עיזים עם אפרסק 150,גרמים,150.00,100 גרם,false,,5.90,0.0393,true,1,1243897
7290102393947,false,סימפלי פרוט יוגורט בטעם קיווי 3% שומן 150 ג' מולר,מילקו תעשיות בעמ,IL,קיווי Muller Simply fruit,גרמים,150.00,100 גרם,false,,4.80,0.0320,true,1,1243898
7290102394081,false,מולר מיקס יוגורט קרמי עם קורנפלקס מצופה שוקולד,מילקו תעשייה בעמ,IL,Muller mix קורנפלקס מצופה,מיליליטרים,170.00,"100 מ""ל",false,,5.40,0.0318,true,1,1243900
7290102394258,false,גבינת מה עז 9% שומן צוריאל 180 ג',מחלבת משק צוריאל,IL,מה עז 9% 180 גרם,גרמים,180.00,100 גרם,false,,21.90,0.1217,true,1,1243901
7290102394463,false,נעם גבינה צהובה וואקום 28% 500גרם,Unknown,IL,וואקום 28% שומן 500 גרם,גרמים,500.00,100 גרם,false,,26.90,0.0538,true,1,1243905
7290102394821,false,נעם גבינה צהובה דק דק פ.ח 28% 200גר,מילקו תעשיות בעמ,IL,"דק דק פ""ח 28% 200 גרם",גרמים,200.00,100 גרם,false,,15.60,0.0780,true,1,1243907
7290102394845,false,פרוסות גבינת נעם מופחתת שומן 9%,מילקו תעשיות בעמ,IL,"דק דק פ""ח 9% 200 גרם",גרמים,200.00,100 גרם,false,,16.90,0.0845,true,1,1243908
7290102395101,false,גבינה עם ממרח שוקולד 200ג' טרה,טרה,IL,ממרח גבינה ושוקולד 200 גר,גרמים,200.00,100 גרם,false,,10.90,0.0545,true,1,1243912
7290102395217,false,מאגדת שמיניה מולר במתיקות מעודנת 1.2% 8*150 ג',מולר Muller,IL,מאגדת שמיניה מולר ביאנקו,גרמים,1200.00,100 גרם,false,,17.90,0.0149,true,1,1243920
7290102395224,false,מארז 8 גביעים יוגורט ביו בטעם טבעי 1.7%,מולר Muller,IL,מאגדת שמיניה מולר 1.7% בי,גרמים,1200.00,100 גרם,false,,15.90,0.0133,true,1,1243921
7290102395231,false,מולר נטורל 2.8% ביאנקו מאגדת 8 יח' * 150 ג',מולר Muller,IL,מאגדת שמינייה 2.8% מולר נ,גרמים,1200.00,100 גרם,false,,15.90,0.0133,true,1,1243922
7290102395262,false,מארז 8 גביעים יוגורט בטעם תות שדה ואפרסק 3% Simply Fruit,מולר Muller,IL,מאגדת שמינייה סימפלי 3% ת,גרמים,1200.00,100 גרם,false,,29.90,0.0249,true,1,1243924
7290102395378,false,גבינה צהובה נועם 28% וואקום פרוס 360ג',טרה,IL,גבינה צהובה נעם 28% ואקום,גרמים,360.00,100 גרם,false,,19.90,0.0553,true,1,1243925
7290102395439,false,מארז 8 גביעים יוגורט בטעם פירות יער וקיווי 3% Simply Fruit,מילקו תעשיות בעמ,IL,מאגדת שמינייה סימפלי פירו,גרמים,1200.00,100 גרם,false,,29.90,0.0249,true,1,1243928
7290102395446,false,מעדן חלב בטעם וניל עם קצפת 123 ג' טרה,טרה,IL,מוו וניל קצפת,גרמים,123.00,100 גרם,false,,2.90,0.0236,true,1,1243929
7290102395477,false,מעדן חלב בטעם שוקולד עם קצפת 123 ג' טרה,Unknown,IL,מוו שוקולד קצפת,גרמים,123.00,100 גרם,false,,2.90,0.0236,true,1,1243932
7290102395521,false,"שמנת לבישול 15% שומן 500 מ""ל טרה",מילקו תעשיות בעמ,IL,"שמנת לבישול 15% 500 מ""ל",מיליליטרים,500.00,"100 מ""ל",false,,15.90,0.0318,true,1,1243933
7290102396405,false,מארז 8 יחידות מעדן חלב בטעם וניל 1.5%,טרה,IL,מאגדת שמינייה מעדן וניל 1,גרמים,800.00,100 גרם,false,,12.90,0.0161,true,1,1243967
7290102396436,false,מעדן שוקולד 1.5% שומן 125 ג' טרה,טרה,IL,מוו מעדן שוקולד 1.5% 125,גרמים,125.00,100 גרם,false,,2.70,0.0216,true,1,1243970
7290102396443,false,מעדן וניל 1.5% שומן 125 ג' טרה,טרה,IL,מוו מעדן וניל 1.5% 125 גר,גרמים,125.00,100 גרם,false,,2.70,0.0216,true,1,1243971
7290102396580,false,מעדן שוקולד ומוס שוקולד 123 ג' טרה,טרה,IL,מעדן מוו שוקולד ומוס שוקו,גרמים,123.00,100 גרם,false,,2.90,0.0236,true,1,1243979
7290102396597,false,מעדן חלב עם מוס בטעם שוקו וניל,טרה,IL,מעדן מוו וניל ומוס שוקולד,גרמים,123.00,100 גרם,false,,2.90,0.0236,true,1,1243980
7290102396665,false,פרוסות גבינת נעם מופחתת שומן 15%,מילקו תעשיות בעמ,IL,גבינה צהובה דק דק 15,גרמים,200.00,100 גרם,false,,15.60,0.0780,true,1,1334037
7290102396672,false,גבינה צהובה נעם 9% דק דק 360ג',טרה,,גבינה צהובה 9% נעם 3,גרמים,360.00,100 גרם,false,,25.90,0.0719,true,1,1330912
7290102396719,false,יוגורט ביו עם תות שדה 0% Simply Fruit,מולר Muller,IL,תות 0% Muller Simply fru,גרמים,150.00,100 גרם,false,,4.80,0.0320,true,1,1275485
7290102396740,false,מארז 8 גביעים יוגורט בטעם תות שדה ואפרסק 0% Simply Fruit,מילקו תעשיות בעמ,IL,מאגדת שמינייה סימפלי 0% ת,גרמים,1200.00,100 גרם,false,,29.90,0.0249,true,1,1275601
7290102397075,false,יוגורט בקרטון 4% שומן 1.5ל' טרה,טרה,IL,יוגורט 1.5ליטר בקרטו,ליטרים,1.50,ליטר,false,,12.90,8.6000,true,1,1301243
7290102397204,false,פרוסות גבינה 22% שומן 200 ג' נעם,מילקו תעשיות בעמ,IL,גבינה צהובה 22% נעם,גרמים,200.00,100 גרם,false,,15.60,0.0780,true,1,1330907
7290102397464,false,יוגורט ביו בתוספת גרעינים אגוזים וחמוציות 170 ג' מולר,מולר Muller,IL,יוגורט מיקס מולר נטו,גרמים,170.00,100 גרם,false,,5.40,0.0318,true,1,1701773
7290102397600,false,מיקס יוגורט בתוספת שקדים ובוטנים מקורמלים 170 ג' מולר,מילקו תעשייה בעמ,IL,יוגורט מיקס מולר שקד,גרמים,170.00,100 גרם,false,,5.40,0.0318,true,1,1367654
7290102397617,false,יוגורט ביו קרמי עם כדורים מצופים שוקולד חום לבן,מולר Muller,IL,יוגורט מיקס מולר קלי,גרמים,170.00,100 גרם,false,,5.40,0.0318,true,1,1367655
7290102397679,false,קוטג' וחצי 5% טרה 375 ג',Unknown,IL,קוטג' וחצי 5% טרה 37,גרמים,375.00,100 גרם,false,,7.90,0.0211,true,1,1427412
7290102397730,false,פרוסות גבינה אמנטל חצי קשה 30% שומן 200 ג' נעם,Unknown,IL,גבינה אמנטל 200 גר נ,גרמים,200.00,100 גרם,false,,14.90,0.0745,true,1,1845015
7290102397747,false,פרוסות גבינת מוצרלה נעם מחלב בקר 22%,טרה,IL,מוצרלה נעם 200 גרם ר,גרמים,200.00,100 גרם,false,,14.90,0.0745,true,1,1690927
7290102397891,false,גבינת מותכת 18% צוריאל 100ג',משק צוריאל,IL,גבינה מותכת משק צורי,גרמים,100.00,100 גרם,false,,6.90,0.0690,true,1,1478459
7290102398065,false,**חלב בקרטון 2 ליטר 3% מהדרין - טרה,Unknown,IL,חלב קרטון 2 ליטר 3%,ליטרים,2.00,ליטר,false,,12.40,6.2000,true,1,1722550
7290102398072,false,**חלב בקרטון 1 ליטר 3% מהדרין,Unknown,IL,חלב בקרטון 1 ליטר 3%,ליטרים,1.00,ליטר,false,,6.20,6.2000,true,1,1588196
7290102398331,false,חלב דל לקטוז 2% מועשר בויטמין D,Unknown,IL,חלב מועשר דל לקטוז 2,ליטרים,1.00,ליטר,false,,7.40,7.4000,true,1,1693787
7290102398478,false,לאבנה 9% שומן 500 ג' טרה,טרה,IL,לאבנה טרה 500 גרם .,גרמים,500.00,100 גרם,false,,19.90,0.0398,true,1,2137450
7290102398553,false,משקה חלב בטעם שוקו 2% XL אריזה משפחתית,מילקו תעשיות בעמ,IL,שוקו 1.5 ליטר טרה,ליטרים,1.50,ליטר,false,,16.90,11.2667,true,1,2147228
7290102398560,false,שוקו מעושר בבקבוק 1ל' טרה,מילקו תעשיות בעמ,IL,שוקו 1 ליטר טרה,ליטרים,1.00,ליטר,false,,10.90,10.9000,true,1,1816800
7290102398577,false,משקה חלב בטעם שוקו 2% בבקבוק אישי,מילקו תעשיות בעמ,IL,שוקו טרה מועשר בבקבו,מיליליטרים,250.00,"100 מ""ל",false,,5.20,0.0208,true,1,1816773
7290102398614,false,משקה חלב בטעם בננה 1 ליטר טרה,מילקו תעשיות בעמ,IL,משקה חלב בטעם בננה 1,ליטרים,1.00,ליטר,false,,10.90,10.9000,true,1,1816801
7290102398638,false,משקה חלב בטעם מוקה 1 ליטר טרה,מילקו תעשיות בעמ,IL,משקה חלב בטעם מוקה 1,ליטרים,1.00,ליטר,false,,10.90,10.9000,true,1,1816802
7290102398669,false,משקה חלב עם קפה אייס קפוצ'ינו 1.5%,מילקו תעשיות בעמ,IL,אייס קפוצינו 1 ליטר,ליטרים,1.00,ליטר,false,,10.90,10.9000,true,1,2158138
7290102398782,false,משקה סויה קלאסי צוריאל 1 ל',משק צוריאל,IT,משקה סויה קלאסיק צור,ליטרים,1.00,ליטר,false,,9.90,9.9000,true,1,2133453
7290102398805,false,משקה סויה - וניל 1 ליטר משק צוריאל,משק צוריאל,IT,משקה סויה בטעם וניל,ליטרים,1.00,ליטר,false,,9.90,9.9000,true,1,2133455
7290102399048,false,פרוסות גבינת קשקבל נעם 200 ג' טרה,טרה,IL,קשקבל נעם 200 גרם רכ,גרמים,200.00,100 גרם,false,,18.90,0.0945,true,1,2067365
7290102399635,false,"מולר פרופ יוגורט ביו עם קציפת קוקוס ואננס 150 מ""ל",מולר Muller,IL,יוגורט מולר פרופ 4.1,מיליליטרים,150.00,"100 מ""ל",false,,4.70,0.0313,true,1,2159796
7290102399697,false,סימפלי פרוט מנגו 1.5% שומן 150 ג' מולר,מילקו,IL,יוגורט מולר סימפלי פ,גרמים,150.00,100 גרם,false,,4.80,0.0320,true,1,2133500
7290102399796,false,מעדן יוגורט לבן מועשר בחלבון 200 ג' מולר אקטיב,מולר Muller,IL,יוגורט מולר לבן מועש,גרמים,200.00,100 גרם,false,,5.50,0.0275,true,1,2137441
7290102399802,false,יוגורט עם תות מולר אקטיב מועשר בחלבון 200 גר',מולר Muller,IL,יוגורט מולר אקטיב עם,גרמים,200.00,100 גרם,false,,5.80,0.0290,true,1,2137442
7290102399819,false,יוגורט עם פירות יער מולר אקטיב מועשר בחלבון 200 גר',מולר Muller,IL,יוגורט מולר אקטיב עם,גרמים,200.00,100 גרם,false,,5.80,0.0290,true,1,2137451
7290102454358,false,תבלינים זכוכית שישיה,,,סט 6 תבלינים זכוכית,יחידה,0.00,יחידה,false,,24.90,0.0000,true,1,2257122
7290102457250,false,מעצור דלת בודד,,,מעצור דלת בודד,יחידה,0.00,יחידה,false,,3.90,0.0000,true,1,2123289
7290102840175,false,פודינג וניל 85 ג' מיה,מיה תעשיות מזון,IL,פודינג וניל 85גרם,גרמים,85.00,100 גרם,false,,4.90,0.0576,true,1,1249097
7290102840243,false,אבקה להכנה פלאן בדץ.,י.כהן,,אבקה להכנה פלאן בדץ.,גרמים,112.00,100 גרם,false,,8.90,0.0795,true,1,1244947
7290102842346,false,ממתיק על בסיס סוכרלו,י.כהן,,סוויט לוז ממתיק דל ק,יח',100.00,יח',false,,19.90,0.1990,true,1,1244955
7290102842360,false,תערובת להכנת סופלה בטעם שוקולד בלגי,י.כהן Kahan's,,תערובת להכנת סופלה ש,גרמים,250.00,100 גרם,false,,15.90,0.0636,true,1,1244956
7290102844357,false,גלי אינסטנט בטעם אננ,י.כהן,,אינסטנט ג'לי אננס,גרמים,85.00,100 גרם,false,,4.90,0.0576,true,1,1396738
7290102844364,false,תערובת להכנת עוגת שיש 560ג',י.כהן,,תערובת להכנת סופלה ש,גרמים,250.00,100 גרם,false,,15.90,0.0636,true,1,1398694
7290103120658,false,דאודורנט סטיק ג'ל לגבר Cool Night 24/7,הנסיך- מפעל לייצור ט,US,ספיד סטיק 24/7 גל שחור,גרמים,50.00,100 גרם,false,,17.90,0.3580,true,1,1253548
7290103121600,false,"ספיד סטיק - דאודורנט ספריי לגבר 24/7 קול פיוזן 150 מ""ל",קולגייט פלמוליב,BY,ספיד סטיק 24/7 ספריי כתום,מיליליטרים,50.00,"100 מ""ל",false,,14.90,0.2980,true,1,1253550
7290103124601,false,"תחליב רחצה נוזל חלב ודבש משאבה 750מ""ל פלמוליב",הנסיך- מפעל לייצור ט,TR,פלמוליב חלב ודבש 750מל חד,מיליליטרים,750.00,"100 מ""ל",false,,16.90,0.0225,true,1,1253558
7290103126797,false,"קולגייט משחת שיניים סנסיטיב פרו ריליף 75 מ""ל",הנסיך- מפעל לייצור ט,BR,קולגייט סנסיטיב פרו ריליף,מיליליטרים,75.00,"100 מ""ל",false,,14.90,0.1987,true,1,1253567
7290103128739,false,בלונס צימרוני אוזניים לתינוק 50 יח',הנסיך- מפעל לייצור ט,GR,בלונס מקלות אוזניים תינוק,יח',50.00,יח',false,,5.90,0.1180,true,1,1253575
7290103129378,false,ספיד סטיק - דאודורנט ג'ל לגבר איקס 5 85 גרם,הנסיך- מפעל לייצור ט,US,ספיד סטיק גל X5,גרמים,85.00,100 גרם,false,,17.90,0.2106,true,1,1253580
7290103129408,false,ליידי ספיד סטיק - דאודורנט סטיק לאישה פרש אסנס פריחת הפרדס 65 גרם,ליידי ספיד סטיק Lady Speed Stick,BY,לסס פרש אסנס פריחת הפרדס,גרמים,65.00,100 גרם,false,,17.90,0.2754,true,1,1253582
7290103129637,false,פדים קוסמטיים אובליים להסרת איפור,הנסיך- מפעל לייצור ט,GR,בלונס פדים אובאליים להסרת,יח',40.00,יח',false,,7.90,0.1975,true,1,1253584
7290103401429,false,עלית אוריגינס קצב ברזילאי 200ג,הנסיך- מפעל לייצור ט,IL,קפה קצב ברזילאי,גרמים,200.00,100 גרם,false,,29.90,0.1495,true,1,1256977
7290103404758,false,כרוב אדום במיונז אחל,מיוצר עי קונדיטוריית,IL,כרוב 120,גרמים,120.00,100 גרם,false,,4.50,0.0375,true,1,1256298
7290103681173,false,"יין תבור הר קברנה סוביניון 750 מ""ל",מיוצר על ידי יקב תבו,IL,יין תבור הר קברנה סו,מיליליטרים,750.00,"100 מ""ל",false,,34.90,0.0465,true,1,2008200
7290103681180,false,"יין תבור הר מרלו 750 מ""ל",מיוצר על ידי יקב תבו,IL,יין תבור הר מרלו 750,מיליליטרים,750.00,"100 מ""ל",false,,34.90,0.0465,true,1,2008201
7290103681197,false,"יין תבור הר שיראז 750 מ""ל",מיוצר על ידי יקב תבו,IL,יין תבור הר שיראז 75,מיליליטרים,750.00,"100 מ""ל",false,,34.90,0.0465,true,1,2008202
7290103681210,false,"יין תבור הר יין שרדונה 2018 750 מ""ל",מיוצר על ידי יקב תבו,IL,יין תבור הר שרדונה 7,מיליליטרים,750.00,"100 מ""ל",false,,34.90,0.0465,true,1,2008203
7290103681227,false,"יין תבור הר גיוורצטרמינר 750 מ""ל",מיוצר על ידי יקב תבו,IL,יין תבור הר גוורצטרמ,מיליליטרים,750.00,"100 מ""ל",false,,34.90,0.0465,true,1,2008204
7290103681234,false,יין תבור הר רוזה 750,,,יין תבור הר רוזה 750,מיליליטרים,750.00,"100 מ""ל",false,,34.90,0.0465,true,1,2008205
7290103681241,false,יין תבור הר מוסקטו 7,תבור TABOR,IL,יין תבור הר מוסקטו 7,מיליליטרים,750.00,"100 מ""ל",false,,34.90,0.0465,true,1,2008350
7290103702540,false,נייר טואלט מהדרות כדור פורח 30 גלילים טאצ',טאץ' Touch,,נייר טואלט 30,מטרים,504.00,מטר,false,,21.90,0.0435,true,1,2244120
7290103702564,false,נייר טואלט לאבלי 30,,,נייר טואלט דו ש,מטרים,537.60,מטר,false,,29.90,0.0556,true,1,2266335
7290103702649,false,מארז חמישייה מגבוני טישו דו שכבתי,שניב,IL,ממחטות טישו חמישייה,יח',500.00,יח',false,,8.90,0.0178,true,1,2279811
7290103702687,false,מגבות נייר - מארז 8 גלילים,פרפקט Perfect,,מגבות נייר 8 יחידות,מטרים,84.64,מטר,false,,12.90,0.1524,true,1,1345933
7290103702731,false,מגבות נייר - מארז 6 גלילים,פרפקט Perfect,,מגבות נייר 6 יחידות,מטרים,63.48,מטר,false,,12.90,0.2032,true,1,1355869
7290103702748,false,מגבות נייר - מארז 12 גלילים,פרפקט Perfect,,מגבות נייר 12 יחידות,מטרים,126.96,מטר,false,,14.90,0.1174,true,1,1356195
7290103702755,false,נייר טואלט דו שכבתי - מארז 32 גלילים,פרפקט Perfect,,נייר טואלט דו שכבתי,מטרים,573.44,מטר,false,,32.90,0.0574,true,1,1357373
7290103702847,false,ממחטות אף באריזה אישית- 10 במארז,פרפקט Perfect,,ממחטות אף 10 יחידות,יח',10.00,יח',false,,8.90,0.8900,true,1,1407260
7290103702908,false,ממחטות נייר- מארז חמישייה,פרפקט Perfect,,ממחטות טישו 5 יחידות,יח',500.00,יח',false,,9.90,0.0198,true,1,1406699
7290103702915,false,נייר טואלט דו שכבתי - מארז 48 גלילים,פרפקט Perfect,,נייר טואלט דו שכבתי,מטרים,860.16,מטר,false,,34.90,0.0406,true,1,1410413
7290104061417,false,חומוס טחינה אחלה 400 ג',"שטראוס גרופ בע""מ",IL,חומוס טחינה 400 גרם,גרמים,400.00,100 גרם,false,,9.90,0.0248,true,1,1256305
7290104061424,false,חומוס אחלה עם זעתר 400 ג',מיוצר עי קונדיטוריית,IL,חומוס זעתר 400 גרם,גרמים,400.00,100 גרם,false,,9.90,0.0248,true,1,1256306
7290104061431,false,חומוס אחלה עם צנובר 400 ג',"שטראוס גרופ בע""מ",IL,חומוס צנובר 400 גרם,גרמים,400.00,100 גרם,false,,9.90,0.0248,true,1,1256307
7290104061448,false,חומוס עם חריף 400 ג' אחלה,מיוצר עי קונדיטוריית,IL,חומוס חריף 400 גרם,גרמים,400.00,100 גרם,false,,9.90,0.0248,true,1,1256308
7290104062599,false,מארז 8 יחידות מעדן גמדים בטעמי תות ובננה,STRAUSS-ISRAEL,IL,8 גמדים תות בננה,גרמים,800.00,100 גרם,false,,19.50,0.0244,true,1,1256309
7290104065187,false,אבקה להכנת משקה קפה בטעם מוקה,STRAUSS-ISRAEL,IL,קפה נמס מוקה 200 גר',גרמים,200.00,100 גרם,false,,26.90,0.1345,true,1,1257012
7290104066566,false,טחינה משומשום מלא אח,מיוצר עי קונדיטוריית,IL,טחינה משומשום מלא 500 גרם,גרמים,500.00,100 גרם,false,,14.90,0.0298,true,1,1256314
7290104067693,false,אחלה חומוס עם חריף 150 גרם,מיוצר עי קונדיטוריית,IL,חומוס 150 חריף,גרמים,150.00,100 גרם,false,,4.90,0.0327,true,1,1256317
7290104068539,false,גומי מאסט בטעם מלון ואבטיח 28 ג' עלית,"שטראוס גרופ בע""מ",IL,MUST LL פליפ. אבטיח מלון,גרמים,28.00,100 גרם,false,,3.90,0.1393,true,1,1257019
7290104068546,false,גומי מאסט בטעם לימון קולה ללא סוכר 28 ג' עלית,"שטראוס גרופ בע""מ",IL,MUST פליפ קולה,גרמים,28.00,100 גרם,false,,3.90,0.1393,true,1,1257020
7290104500572,false,אפרופו חטיף איטליאנו 50 ג' אסם,מיוצר עי קונדיטוריית,IL,אפרופו איטלקי 50 גרם,גרמים,50.00,100 גרם,false,,4.50,0.0900,true,1,1223848
7290104501661,false,אינסטנט פודינג בטעם וניל צרפתי,מיוצר עי קונדיטוריית,IL,אסם פודינג אינסטנט בטעם ו,גרמים,80.00,100 גרם,false,,5.50,0.0688,true,1,1223851
7290104501784,false,מיני מאפינס שוקו צ'יפס חמישיה,בונז'ור,IL,בונז'ור מיני מאפינס שוקוצ,יחידה,0.00,יחידה,false,,9.90,0.0000,true,1,1223852
7290104501807,false,מיני מאפינס שוקו חמישיה,תבואות בר,IL,בונז'ור מיני מאפינס שוקו,יחידה,0.00,יחידה,false,,9.90,0.0000,true,1,1223853
7290104503184,false,עוגת הבית שבת בראוניס שוק' ריבת חלב 380ג',מיוצר עי קונדיטוריית,IL,אסם הבית עוגת בראוניס בטע,גרמים,380.00,100 גרם,false,,15.90,0.0418,true,1,1223861
7290104504228,false,מארז אריזות מיני חטיף דובונים - 5 יח',"אסם השקעות בע""מ",IL,חבורת דובונים 20 גרם מאר,גרמים,100.00,100 גרם,false,,12.90,0.1290,true,1,1276382
7290104508189,false,גביעי וופל ממותקים לגלידה 24 יח',בטר אנד דיפרנט,IL,אסם גביעי גלידה ממותקים,גרמים,95.00,100 גרם,false,,11.90,0.1253,true,1,1223876
7290104508202,false,גביעי גלידה אמריקאים 24 יח' אסם 120 ג',"גילרו בע""מ",IL,אסם גביעי גלידה אמריקאים,גרמים,120.00,100 גרם,false,,11.90,0.0992,true,1,1223877
7290104508943,false,במבה אריזת חסכון 200 גרם,"אסם השקעות בע""מ",IL,במבה קלאסית 200 גרם,גרמים,200.00,100 גרם,false,,9.90,0.0495,true,1,1223883
7290104509353,false,בונז'ור עוגת בריוש פרג 550 ג',בונז'ור,IL,בונז'ור עוגת בריוש פרג,גרמים,550.00,100 גרם,false,,29.90,0.0544,true,1,1223890
7290104570162,false,תמרים כבוש ביסאן 500 ג',תמר העמקים בית שאן,,תמר כבוש 500 גרם,גרמים,500.00,100 גרם,false,,12.90,0.0258,true,1,1235088
7290104570636,false,ממרח תמרים גביע ירוק 450 ג',תמר העמקים,,ממרח תמרים 450 גרם,גרמים,450.00,100 גרם,false,,4.90,0.0109,true,1,1318170
7290104570735,false,סילאן לחיץ 500 גרם,,,סילאן לחיץ 500 גרם,גרמים,500.00,100 גרם,false,,14.90,0.0298,true,1,1354328
7290104720499,false,מארז 8 יחידות מעדן דני בטעם וניל 1.5%,מיוצר עי קונדיטוריית,IL,מארז 8 דני וניל,גרמים,1000.00,100 גרם,false,,15.90,0.0159,true,1,1256320
7290104721533,false,רצועות פלפלים קלויים אחלה 400 ג',מיוצר עי קונדיטוריית,IL,פלפל קלויים 400,גרמים,400.00,100 גרם,false,,15.50,0.0388,true,1,1256326
7290104722530,false,תפוצ'יפס בטעם שמנת ובצל,"שטראוס פריטו ליי בע""",IL,תפוצ'יפס שמנת בצל 200 גר,גרמים,200.00,100 גרם,false,,9.90,0.0495,true,1,1257456
7290104726262,false,מארז 4 יחידות דני לשתייה בטעם שוקולד + קשים,מיוצר עי קונדיטוריית,IL,מארז 4 דני לשתייה,גרמים,500.00,100 גרם,false,,11.50,0.0230,true,1,1256336
7290104726712,false,מארז 8 יחידות מעדן מילקי בטעם שוקולד עם קצפת,"שטראוס גרופ בע""מ",IL,מארז 8 מילקי שוקולד,גרמים,1064.00,100 גרם,false,,20.90,0.0196,true,1,1256338
7290104728310,false,"שמנת עמידה לקצפת 38% שומן 250 מ""ל יוטבתה",מחלבת יטבתה,IL,שמנת להקצפה 38% מהדרין,מיליליטרים,250.00,"100 מ""ל",false,,6.50,0.0260,true,1,1256345
7290104729010,false,"לבן בטעם תות 3% יוטבתה 100 מ""ל",STRAUSS-ISRAEL,IL,לבן בטעם תות 100 מל'- מהד,גרמים,100.00,100 גרם,false,,1.40,0.0140,true,1,1256349
7290104960239,false,"תחליב רחצה נקה 7 ארומה לבן 750 מ""ל",טרופיקל דגיל תעשיות,IL,תחליב רחצה ארומה קמומיל 7,מיליליטרים,750.00,"100 מ""ל",false,,12.90,0.0172,true,1,1258880
7290104960246,false,"נקה 7 - תחליב רחצה ורד ויסמין 750 מ""ל",אמיליה קוסמטיקס,IL,תחליב רחצה ארומה ורד יסמי,מיליליטרים,750.00,"100 מ""ל",false,,12.90,0.0172,true,1,1258881
7290104960253,false,"תחליב רחצה נקה 7 לבנדר סגול 750מ""ל",טרופיקל דגיל תעשיות,IL,תחליב רחצה ארומה לבנדר 75,מיליליטרים,750.00,"100 מ""ל",false,,12.90,0.0172,true,1,1258882
7290104960338,false,"נקה 7 תחליב רחצה ארומה אלוורה ותה ירוק 750מ""ל",אמיליה קוסמטיקס,IL,תחליב רחצה ארומה אלוורה ו,מיליליטרים,750.00,"100 מ""ל",false,,12.90,0.0172,true,1,1258883
7290104960352,false,"נקה 7 תחליב רחצה ארומה שקד וניל 750מ""ל",אמיליה קוסמטיקס,IL,תחליב רחצה ארומה וניל שקד,מיליליטרים,750.00,"100 מ""ל",false,,12.90,0.0172,true,1,1258885
7290104960970,false,דאודורנט ספריי טיטניום מטאל Titanium Metal,אמיליה קוסמטיקס בעמ,IL,"דאו.טיטניום מטאל 180 מ""ל",מיליליטרים,180.00,"100 מ""ל",false,,14.90,0.0828,true,1,1258928
7290104961205,false,"נקה 7 תחליב רחצה מגע קטיפה מ""לפפון קיווי 750 מ""ל",טרופיקל דגיל תעשיות,IL,תח.רחצה נקה7 מלפפון 750 מ,מיליליטרים,750.00,"100 מ""ל",false,,12.90,0.0172,true,1,1258938
7290104961229,false,"מי פנים לניקוי, הסרה ורענון הפנים לעור רגיל או יבש",קרליין Careline,,מי פנים לעור רגיל/יב,מיליליטרים,250.00,"100 מ""ל",false,,24.90,0.0996,true,1,1258940
7290104961243,false,"נקה 7 תחליב רחצה מגע קטיפה קוקוס ליים 750 מ""ל",ג'נרל מילס סאן אדריא,IL,"תח.רחצה נקה7 קוקוס 750מ""ל",מיליליטרים,750.00,"100 מ""ל",false,,12.90,0.0172,true,1,1258942
7290104961250,false,"נקה 7 תחליב רחצה מגע קטיפה וניל מאסק 750 מ""ל",טרופיקל דגיל תעשיות,IL,תחליב רחצה נקה7 וניל ומאס,מיליליטרים,750.00,"100 מ""ל",false,,12.90,0.0172,true,1,1258943
7290104961526,false,דאודורנט ספריי גוף טיטניום קלאסיק Titanium Classic,אמיליה קוסמטיקס,IL,טיטניום ספריי קלאסי150מ,מיליליטרים,150.00,"100 מ""ל",false,,12.90,0.0860,true,1,1258947
7290104961533,false,דאודורנט ספריי גוף טיטניום בלק Titanium Black,אמיליה קוסמטיקס,IL,טיטניום ספריי בלק 150מ,מיליליטרים,150.00,"100 מ""ל",false,,12.90,0.0860,true,1,1258948
7290104961540,false,דאודורנט ספריי גוף טיטניום מטאל Titanium Metal,אמיליה קוסמטיקס,IL,טיטניום ספריי מטאל 150מ,מיליליטרים,150.00,"100 מ""ל",false,,12.90,0.0860,true,1,1258949
7290104961557,false,"טיטניום - דאודורנט ספריי לגבר בלו 150 מ""ל",אמיליה קוסמטיקס,IL,טיטניום ספריי אייס 150מ,מיליליטרים,150.00,"100 מ""ל",false,,12.90,0.0860,true,1,1258950
7290104961601,false,"מי מאסק דאודורנט ספרי תרסיס 175מ""ל",קרליין Careline,,דאודורנט תרסיס מי מא,מיליליטרים,175.00,"100 מ""ל",false,,19.90,0.1137,true,1,1258952
7290104961878,false,"שמפו לשיער קרטין אינטנס פורמולה 400 מ""ל נטורל",נטורל פורמולה Natural Formula,IL,"שמפו קרטין נטורל 400 מ""ל",מיליליטרים,400.00,"100 מ""ל",false,,29.90,0.0747,true,1,1258961
7290104961885,false,מרכך קרטין טהור לשיער שעבר החלקה או עיצוב בחום,נטורל פורמולה Natural Formula,IL,"מרכך קרטין נטורל 400 מ""ל",מיליליטרים,400.00,"100 מ""ל",false,,29.90,0.0747,true,1,1258962
7290104961892,false,מסכת קרטין טהור לשיער שעבר החלקה או עיצוב בחום,נטורל פורמולה Natural Formula,IL,"מסכת קרטין נטורל 350 מ""ל",מיליליטרים,350.00,"100 מ""ל",false,,39.90,0.1140,true,1,1258963
7290104961908,false,"נטורל - סרום לשיער קרטין אינטנס 145 מ""ל",נטורל פורמולה Natural Formula,IL,"סרום קרטין נטורל 145 מ""ל",מיליליטרים,145.00,"100 מ""ל",false,,49.90,0.3441,true,1,1258964
7290104962004,false,"סבון בניחוח וניל ומאסק נקה 7 שלישייה * 500 מ""ל",אמיליה קוסמטיקס,IL,נקה 7 - שלישיית אלסבון מפ,מיליליטרים,1500.00,"100 מ""ל",false,,17.90,0.0119,true,1,1283750
7290104962073,false,דאודורנט ספריי גוף טיטניום גולד Titanium Gold,אמיליה קוסמטיקס בעמ,IL,"דאו.טיטניום גולד 180 מ""ל",מיליליטרים,180.00,"100 מ""ל",false,,14.90,0.0828,true,1,1258972
7290104962080,false,"טיטניום - דאודורנט ספריי לגבר גולד 150 מ""ל",משווק: קוסמופארם בעמ,IL,ספריי גוף טיטניום 150מ,מיליליטרים,150.00,"100 מ""ל",false,,12.90,0.0860,true,1,1258973
7290104962134,false,דאודורנט רול און נושם+ For Girls ללא אלומיניום,אמיליה קוסמטיקס,IL,דאו.קרליין רול און נושם ל,מיליליטרים,75.00,"100 מ""ל",false,,12.90,0.1720,true,1,1258976
7290104962585,false,דאודורנט רול און נושם +אינביזיבל ללא סימנים לבנים,קרליין Careline,,דאודורנט רול און נו,מיליליטרים,75.00,"100 מ""ל",false,,12.90,0.1720,true,1,1491502
7290104962660,false,"קרליין - נושם דאודורנט ספריי לאישה ללא אלומיניום 200 מ""ל",אמיליה קוסמטיקס,IL,דאו.קרליין ספריי נושם ללא,מיליליטרים,200.00,"100 מ""ל",false,,12.90,0.0645,true,1,1283496
7290104962684,false,"קרליין - נושם דאודורנט רול און לאישה ללא אלומיניום 75 מ""ל",אמיליה קוסמטיקס,IL,דאו.קרליין רול און נושם ל,מיליליטרים,75.00,"100 מ""ל",false,,12.90,0.1720,true,1,1283497
7290104962707,false,קרליין - מגבונים להסרת איפור 25 יח',,,25 מגבונים להסרת איפ,יח',25.00,יח',false,,9.90,0.3960,true,1,1293504
7290104962844,false,"שמפו אמפולה לטיפול אינטנסיבי לשיער יבש, צבוע ופגום",נטורל פורמולה Natural Formula,,שמפו נטורל פורמולה א,מיליליטרים,400.00,"100 מ""ל",false,,29.90,0.0747,true,1,1301650
7290104962851,false,"מרכך אמפולה לטיפול אינטנסיבי לשיער יבש, צבוע ופגום",נטורל פורמולה Natural Formula,,מרכך נטורל פורמולה א,מיליליטרים,400.00,"100 מ""ל",false,,29.90,0.0747,true,1,1301651
7290104962868,false,"מסכת אמפולה לטיפול אינטנסיבי לשיער יבש, צבוע ופגום",נטורל פורמולה Natural Formula,IL,"מסכת קרטין נטורל 350 מ""ל",מיליליטרים,350.00,"100 מ""ל",false,,39.90,0.1140,true,1,1302980
7290104962875,false,"סרום אמפולה לטיפול אינטנסיבי לשיער יבש, צבוע ופגום",נטורל פורמולה Natural Formula,IL,"סרום קרטין נטורל 145 מ""ל",מיליליטרים,145.00,"100 מ""ל",false,,49.90,0.3441,true,1,1302981
7290104963124,false,מים מיסלריים להסרת א,,,מים מיסלריים להסרת א,מיליליטרים,260.00,"100 מ""ל",false,,24.90,0.0958,true,1,1334344
7290104963155,false,"סופטקר שמן לתינוקות 500 מ""ל",סופטקר Softcare,,שמן תינוקות סופטקר 5,מיליליטרים,500.00,"100 מ""ל",false,,29.90,0.0598,true,1,1360378
7290104963162,false,"סופטקר - קרם גוף לתינוקות 500 מ""ל",,,קרם גוף סופטקר 500 מ,מיליליטרים,500.00,"100 מ""ל",false,,29.90,0.0598,true,1,1360379
7290104963223,false,סופטקר - אל סבון עדין לתינוק לעור רגיש 1 ליטר,סופטקר Softcare,,אל סבון סופטקר נוזלי,ליטרים,1.00,ליטר,false,,18.90,18.9000,true,1,1360391
7290104963667,false,סופטקר 2 ב1 אלסבון ושמפו אלדמע 1ל',קוסמופארם בע''מ,IL,אלסבון +שמפו אל דמע,ליטרים,1.00,ליטר,false,,18.90,18.9000,true,1,1360393
7290104963940,false,מגבוני פחם שחורים להסרת איפור פנים ועיניים,קרליין Careline,,25 מגבוני פחם לניקוי,יח',25.00,יח',false,,9.90,0.3960,true,1,1977638
7290104964084,false,"קרליין - מולטי אפקט קרם יום 50 מ""ל 25SPF",,,קרם יום MULTI EFFECT,מיליליטרים,50.00,"100 מ""ל",false,,34.90,0.6980,true,1,1496908
7290104964213,false,"קרליין - פילינג פנים לניקוי עמוק 150 מ""ל",,,לניקוי פניםXדאבל סקר,מיליליטרים,150.00,"100 מ""ל",false,,24.90,0.1660,true,1,1624098
7290104964237,false,ספריי מ.א.לרגליים-מד,,,ספריי מ.א.לרגליים-מד,מיליליטרים,150.00,"100 מ""ל",false,,59.90,0.3993,true,1,1624108
7290104964251,false,"תרחיץ פנים פעולה משולשת מסכה, פילינג וניקוי",קרליין Careline,,תרחיץ פעולה משולשת-A,מיליליטרים,150.00,"100 מ""ל",false,,24.90,0.1660,true,1,1624061
7290104964329,false,"שמפו יבש לשיער יבש וצבוע 200 מ""ל נטורל",,,שמפו יבש לשיער צבוע/,מיליליטרים,200.00,"100 מ""ל",false,,29.90,0.1495,true,1,1415929
7290104964336,false,שמפו יבש לשיער דק/דל,,,שמפו יבש לשיער דק/דל,מיליליטרים,200.00,"100 מ""ל",false,,29.90,0.1495,true,1,1415930
7290104964350,false,אל סבון עשיר בלחות בניחוח פרחי מים - מארז 3 יח',נקה 7,,שלישייה סבון נוזלי נ,מיליליטרים,1500.00,"100 מ""ל",false,,17.90,0.0119,true,1,1386198
7290104964398,false,"שלשיית אלסבון מפנק נקה 7 וניל רענן 3* 500 מ""ל",,,שלישייה סבון נוזלי נ,מיליליטרים,1500.00,"100 מ""ל",false,,17.90,0.0119,true,1,1569894
7290104965647,false,קרליין דיאודורנט בנות רולאון סוויט קיס,מיוצר עי : אמיליה קו,IL,דאודרנט רול און נושם,מיליליטרים,75.00,"100 מ""ל",false,,12.90,0.1720,true,1,2200575
7290105040794,false,בנפייבר סיבים תזונתי,בנפייבר Benefiber,,בנפייבר סיבים תזונתי,גרמים,261.00,100 גרם,false,,39.90,0.1529,true,1,1586725
7290105100191,false,פינצטה מוזהבת / צבעו,,,פינצטה מוזהבת / צבעו,יחידה,0.00,יחידה,false,,14.90,0.0000,true,1,2156358
7290105100252,false,סט קוצצים,,,סט קוצצים,יחידה,0.00,יחידה,false,,9.90,0.0000,true,1,2156360
7290105100276,false,קאטר לעור,,,קאטר לעור,יחידה,0.00,יחידה,false,,24.90,0.0000,true,1,2156362
7290105100290,false,פצירה שחורה / קרטון,,,פצירה שחורה / קרטון,יחידה,0.00,יחידה,false,,9.90,0.0000,true,1,2156364
7290105100320,false,פצירה ברזל,,,פצירה ברזל,יחידה,0.00,יחידה,false,,9.90,0.0000,true,1,2156367
7290105100375,false,פצירה דוצדדי,,,פצירה דוצדדי,יחידה,0.00,יחידה,false,,9.90,0.0000,true,1,2156371
7290105100450,false,סט כלי מניקיור,,,סט כלי מניקיור,יחידה,0.00,יחידה,false,,14.90,0.0000,true,1,2256699
7290105100641,false,כובע אופנתי,,,כובע אופנתי,יחידה,0.00,יחידה,false,,34.90,0.0000,true,1,2255674
7290105100658,false,מברשת איפור מתקפל,,,מברשת איפור מתקפל,יחידה,0.00,יחידה,false,,14.90,0.0000,true,1,2255657
7290105107237,false,תיק רחצה,,,תיק רחצה,יחידה,0.00,יחידה,false,,19.90,0.0000,true,1,1272531
7290105108944,false,מברשת שיער מודפס/פות,,,מברשת שיער מודפס/פות,יחידה,0.00,יחידה,false,,14.90,0.0000,true,1,1427876
7290105109194,false,מברשת לשיער,,,מברשת לשיער,יחידה,0.00,יחידה,false,,14.90,0.0000,true,1,2128885
7290105360250,false,קפסולות 09 עשיר וארומטי למכונת נספרסו עלית 10יח',הנסיך- מפעל לייצור ט,IL,קפסולות מקיאטו למכונות נס,גרמים,50.00,100 גרם,false,,16.50,0.3300,true,1,1257064
7290105360328,false,קפסולות אספרסו חזק למכונות נספרסו 10 יח',הנסיך- מפעל לייצור ט,IL,קפסולות אספרסו חזק למכונו,גרמים,50.00,100 גרם,false,,16.50,0.3300,true,1,1257065
7290105360335,false,קפסולות קפה אספרסו עדין וקטיפתי,הנסיך- מפעל לייצור ט,IL,קפסולות אספרסו מעודן למכו,גרמים,50.00,100 גרם,false,,16.50,0.3300,true,1,1257066
7290105360755,false,שמן זית כתית מעולה חזק 3,מכוורת יד מרדכי שטרא,IL,"שמן זית 3 חזק 750 מ""ל",מיליליטרים,750.00,"100 מ""ל",false,,33.90,0.0452,true,1,1257073
7290105360762,false,שמן כתית מעולה עדין 1,מכוורת יד מרדכי שטרא,IL,"שמן זית 1 עדין 750 מ""ל",מיליליטרים,750.00,"100 מ""ל",false,,33.90,0.0452,true,1,1257074
7290105362339,false,"שמנת לבישול 15% 250 מ""ל יטבתה מהדרין",מחלבת יטבתה,IL,שמנת לבישול 15% מהדרין,מיליליטרים,250.00,"100 מ""ל",false,,5.90,0.0236,true,1,1256354
7290105363602,false,כיף כף - מקלות קלאסי 40 גרם,"איי, בי, אינבוו",TR,כיף כף מקלות קלאסי 20% תו,גרמים,40.00,100 גרם,false,,4.90,0.1225,true,1,1257083
7290105364289,false,כיף כף - מקלות פצפוצים 40 גרם,"איי, בי, אינבוו",TR,כיף כף מקלות פצפוצים 20%,גרמים,40.00,100 גרם,false,,4.90,0.1225,true,1,1257085
7290105364302,false,"עלית חטיף שוקולד כיף כף מקלות אגוזים, 40 גרם","איי, בי, אינבוו",TR,חטיף כיף כף מקלות אג,גרמים,42.00,100 גרם,false,,4.90,0.1167,true,1,1257086
7290105364678,false,משקה אקטיביה בטעם אפרסק 1.3% שומן 265 ג' דנונה,מיוצר עי קונדיטוריית,IL,משקה אקטיביה אפרסק 1.2% ב,מיליליטרים,250.00,"100 מ""ל",false,,5.20,0.0208,true,1,1256356
7290105366023,false,חציל אחלה בטעם כבד 400 גר' אחלה,מיוצר עי קונדיטוריית,IL,חציל בטעם כבד 400 גרם,גרמים,400.00,100 גרם,false,,15.50,0.0388,true,1,1256363
7290105366047,false,טחינה אחלה לבנה 400 גר',מיוצר עי קונדיטוריית,IL,טחינה לבנה 400 גר,גרמים,400.00,100 גרם,false,,15.50,0.0388,true,1,1256365
7290105366993,false,סימפוניה גבינה במרקם שמנת פלפל שיפקה חריף 5%,"שטראוס בריאות בע""מ",IL,סימפוניה פילפל שיפקה חריף,גרמים,200.00,100 גרם,false,,10.90,0.0545,true,1,1256372
7290105368331,false,מעדן מילקי בטעם תות עם קצפת,מחלבת אחיהוד,IL,מילקי תות,גרמים,133.00,100 גרם,false,,3.00,0.0226,true,1,1256385
7290105368904,false,"שמנת מתוקה להקצפה 32% שומן 250 מ""ל יוטבתה",מחלבת יטבתה,IL,שמנת מתוקה להקצפה 32% מהד,מיליליטרים,250.00,"100 מ""ל",false,,7.30,0.0292,true,1,1256396
7290105368928,false,"שמנת 9% שומן 200 מ""ל יוטבתה",מחלבת יטבתה,IL,שמנת 9% 200 גר-מהדרין,גרמים,200.00,100 גרם,false,,3.20,0.0160,true,1,1256397
7290105369130,false,סימפוניה גבינה במרקם שמנת בצל ירוק 5%,"שטראוס בריאות בע""מ",IL,סימפוניה בצל ירוק,גרמים,200.00,100 גרם,false,,10.90,0.0545,true,1,1256400
7290105430441,false,תחליב רחצה סחלב שחור וקרם לחות Naturals משאבה,הנסיך- מפעל לייצור ט,TR,פלמוליב סחלב שחור 750מל ח,מיליליטרים,750.00,"100 מ""ל",false,,16.90,0.0225,true,1,1253586
7290105430496,false,ספייד סטיק סטין גארד,קולגייט פלמוליב,BY,ספיד סטיק ספריי סטיין גאר,מיליליטרים,50.00,"100 מ""ל",false,,14.90,0.2980,true,1,1253591
7290105431516,false,פרי חטיפי בריאות מארז 5 תמרים בוטנים,טבעית מוצרים מן הטבע,IL,פרי חטיפי בריאות מארז 5 ת,גרמים,125.00,100 גרם,false,,15.90,0.1272,true,1,1253597
7290105431868,false,"סבון פלמוליב נוזלי ספא קוקוס גרגרים 500 מ""ל",הנסיך- מפעל לייצור ט,TR,פלמוליב ספא קוקוס גרגרים,מיליליטרים,500.00,"100 מ""ל",false,,15.90,0.0318,true,1,1253602
7290105433985,false,דאודורנט ספריי בריח פריחת הדובדבן 48h Fresh&essence,ליידי ספיד סטיק Lady Speed Stick,US,לסס פרש אסנס פריחת הדובדב,גרמים,65.00,100 גרם,false,,17.90,0.2754,true,1,1253617
7290105434050,false,ספיד סטיק - דאודורנט סטיק לגבר XL ירוק רגיולר 85 גרם,ספיד סטיק Speed Stick,,דאודורנט ספיד סטיק 8,גרמים,85.00,100 גרם,false,,17.90,0.2106,true,1,1334085
7290105434067,false,ספיד סטיק - דאודורנט סטיק לגבר XL אושן סרף 85 גרם,קולגייט פלמוליב,BY,דאודורנט ספיד סטיק 8,גרמים,85.00,100 גרם,false,,17.90,0.2106,true,1,1334086
7290105436382,false,פריי חטיף תמרים וקשיו מארז 125ג',טבעית מוצרים מן הטבע,IL,פרי מארז 5 תמרים קשיו,גרמים,125.00,100 גרם,false,,15.90,0.1272,true,1,1253623
7290105438539,false,קוקי נייר אפייה 40 יח',קוקי,,נייר אפייה קוקי,יח',40.00,יח',false,,12.90,0.3225,true,1,1870907
7290105438546,false,קוקי נייר אפייה פרימיום 40 יח',קוקי,,נייר אפייה קוקי פרימ,יח',40.00,יח',false,,12.90,0.3225,true,1,1870908
7290105439499,false,מיונז הולנדי 481 ג' מאסטר שף,רמיה סי.וי. הולנד,NL,מיונז מאסטר שף,גרמים,481.00,100 גרם,false,,11.90,0.0247,true,1,1343842
7290105439581,false,חרדל דיז'ון צרפתי 370ג' מ.שף,סאס קווינור,FR,חרדל צרפתי 370 גרם מ,גרמים,370.00,100 גרם,false,,11.90,0.0322,true,1,1341458
7290105500151,false,וודקה פינלנדיה בקבוק,"אלטיה קורפ, הלסינקי,",FI,וודקה פינלנדיה 700 מ,מיליליטרים,700.00,"100 מ""ל",false,,54.90,0.0784,true,1,1722616
7290105500748,false,וויסקי פיימוס גראוס The Famouse Grouse,מתיו גלוג אנד סאן,GB,וויסקי פיימוס גראוס,מיליליטרים,700.00,"100 מ""ל",false,,89.90,0.1284,true,1,1722619
7290105500953,false,"וויסקי ג'ק דניאלס דבש 700 מ""ל",ג'ק דניאל'ס,BE,ג'ק דניאלס דבש,מיליליטרים,700.00,"100 מ""ל",false,,99.90,0.1427,true,1,1722645
7290105500984,false,ארק בוכא בוקובזה לבנ,,,בוכא בוקובזה,מיליליטרים,700.00,"100 מ""ל",false,,119.90,0.1713,true,1,1722560
7290105501547,false,מארז וודקה גריי גוס,בקרדי מרטיני,FR,וודקה גריי גוס 700 מ,מיליליטרים,700.00,"100 מ""ל",false,,104.90,0.1499,true,1,2228800
7290105541697,false,קינואה 500 גרם,חצי חינם,,קינואה 500 גרם,גרמים,500.00,100 גרם,false,,9.90,0.0198,true,1,1243768
7290105546609,false,בורגר בקר 400 גרם,מעדני הגליל,,בורגר בקר 400 גרם,גרמים,400.00,100 גרם,false,,24.90,0.0622,true,1,1272677
7290105546616,false,קבב רומני 400 גרם,מעדני הגליל,,קבב רומני 400 גרם,גרמים,400.00,100 גרם,false,,24.90,0.0622,true,1,1272678
7290105546630,false,קבב כבש 400 גרם,מעדני הגליל,,קבב כבש 400 גרם,גרמים,400.00,100 גרם,false,,29.90,0.0747,true,1,1272680
7290105547378,false,מארז לחמניות פרנה 4 יח',פרנה בייקרי,IL,מארז פרנה 150 ג,גרמים,600.00,100 גרם,false,,9.90,0.0165,true,1,1274176
7290105548658,false,"טורטייה - 12 יח', קוטר 20 ס""מ",,,טורטייה 540 גרם.,גרמים,540.00,100 גרם,false,,9.90,0.0183,true,1,1305522
7290105548665,false,"טורטייה בתוספת חיטה מלאה- 12 יח', קוטר 20 ס""מ",,,טורטייה קמח מלא 540,גרמים,540.00,100 גרם,false,,9.90,0.0183,true,1,1305523
7290105691248,false,פריכונים חטיפי טורטיה תירס 60 ג' אוסם,"מיוצר ע""י PT, משווק",IL,אסם חטיפי פריכונים טורטיה,גרמים,60.00,100 גרם,false,,6.90,0.1150,true,1,1223913
7290105691897,false,קוסקוס פלוס עם קמח חיטה מלא,"מיוצר ע""י קוד יצרן K",IL,אסם קוסקוס עם חיטה מלאה 3,גרמים,350.00,100 גרם,false,,6.90,0.0197,true,1,1223921
7290105693341,false,במבה מארז 10 יח' * 25 ג' אסם,"אסם השקעות בע""מ",IL,במבה אריזת תינוק 25 גרם מ,גרמים,250.00,100 גרם,false,,15.90,0.0636,true,1,1223939
7290105693457,false,עוגת הבית דמקה שוקו וניל 320 ג' אסם,מיוצר עי קונדיטוריית,IL,אסם הבית עוגת דמקה בטעם ש,גרמים,320.00,100 גרם,false,,12.90,0.0403,true,1,1223940
7290105693952,false,פירורית זהב אסם זהב שומשום 200 ג',מיוצר עי קונדיטוריית,IL,אסם פירורית זהב עם שומשום,גרמים,200.00,100 גרם,false,,5.50,0.0275,true,1,1223946
7290105694614,false,פסטה ספגטי מהיר הכנה 500ג' אסם,זארה,IT,אסם פסטה ספגטי מהיר הכנה,גרמים,500.00,100 גרם,false,,6.90,0.0138,true,1,1223953
7290105695024,false,אסם פתיתים אפויים אורז עם אטריות 500 גר,"אסם השקעות בע""מ",IL,אסם פתיתים אפויים אורז עם,גרמים,500.00,100 גרם,false,,7.90,0.0158,true,1,1223965
7290105695321,false,עוגת שוקולד בראוניז פאדג' 380 ג',מיוצר עי קונדיטוריית,IL,אסם הבית עוגת בראוניס פאד,גרמים,380.00,100 גרם,false,,15.90,0.0418,true,1,1223971
7290105962331,false,זחוק אדום תימני מקורי חריף מאוד,קריניסה ויטמין אס אי,IL,סחוג חריף מאד זהבי 220 גר,גרמים,220.00,100 גרם,false,,10.90,0.0495,true,1,1256405
7290105964564,false,אחלה חומוס אחלה 400ג,מיוצר עי קונדיטוריית,IL,חומוס 400 גרם,גרמים,400.00,100 גרם,false,,8.90,0.0223,true,1,1352160
7290105965738,false,יוגורט לשתיה בטעם תות בננה267 ג' דנונה,מיוצר עי קונדיטוריית,IL,דנונה לשתיה תות בננה 267ג,גרמים,267.00,100 גרם,false,,5.20,0.0195,true,1,1256419
7290105966469,false,"חומץ בלסמי יד מרדכי 250מ""ל",אצטייה ג'וזפה קרמוני,IT,חומץ בלסמי יד מרדכי,מיליליטרים,250.00,"100 מ""ל",false,,12.90,0.0516,true,1,1257141
7290105968654,false,רביולי בטטה פרווה פסטה נונה 400 ג',מיוצר עי קונדיטוריית,IL,רביולי בטטה פרווה 400 גרם,גרמים,400.00,100 גרם,false,,18.90,0.0472,true,1,1256433
7290105999054,false,ג'ו - קפסולות קרים אלומיניום תערובת אולטרא,,,מארז 10 קפסולות תערו,יחידה,0.00,יחידה,false,,19.90,0.0000,true,1,2278009
7290105999214,false,ג'ו - קפסולות קרים אלומיניום תערובת טריאסטה,,,מארז 10 קפסולות תערו,יחידה,0.00,יחידה,false,,19.90,0.0000,true,1,2277984
7290105999238,false,ג'ו - קפסולות קרים אלומיניום תערובת אקסטרה,,,מארז 10 קפסולות תערו,יחידה,0.00,יחידה,false,,19.90,0.0000,true,1,2277986
7290105999245,false,ג'ו - קפסולות קרים אלומיניום תערובת קובה,,,מארז 10 קפסולות תערו,יחידה,0.00,יחידה,false,,19.90,0.0000,true,1,2277987
7290105999252,false,ג'ו - קפסולות קרים אלומיניום תערובת קולומביה,,,מארז 10 קפסולות תערו,יחידה,0.00,יחידה,false,,19.90,0.0000,true,1,2277988
7290105999269,false,ג'ו - קפסולות קרים אלומיניום תערובת קוסטה ריקה,,,מארז 10 קפסולות תערו,יחידה,0.00,יחידה,false,,19.90,0.0000,true,1,2277994
7290105999276,false,מארז 10 קפסולות תערו,,,מארז 10 קפסולות תערו,יחידה,0.00,יחידה,false,,19.90,0.0000,true,1,2277995
7290105999283,false,מארז 10 קפסולות תערו,,,מארז 10 קפסולות תערו,יחידה,0.00,יחידה,false,,19.90,0.0000,true,1,2277996
7290105999290,false,מארז 10 קפסולות תערו,,,מארז 10 קפסולות תערו,יחידה,0.00,יחידה,false,,19.90,0.0000,true,1,2277997
7290105999306,false,ג'ו - קפסולות קרים אלומיניום תערובת ג'ו,,,מארז 10 קפסולות תערו,יחידה,0.00,יחידה,false,,19.90,0.0000,true,1,2277998
7290105999313,false,מארז 10 קפסולות תערו,,,מארז 10 קפסולות תערו,יחידה,0.00,יחידה,false,,19.90,0.0000,true,1,2277999
7290106397996,false,קרש חיתוך במבוק 20.5,,,קרש חיתוך במבוק 20.5,יחידה,0.00,יחידה,false,,19.90,0.0000,true,1,2273840
7290106509825,false,תחבושות אלוויז פלטני,פרוקטר & גמבל,DE,תחבושות אולוויז פלטי,יח',28.00,יח',false,,39.90,1.4250,true,1,2128152
7290106520066,false,רבע לשבע במילוי קרם אגוזים ובציפוי שוקולד חלב,הגביע מוצרי וופלים ב,IL,רבע לשבע,גרמים,160.00,100 גרם,false,,10.90,0.0681,true,1,1257155
7290106520288,false,יוגורט פרו חלבון עם תות 2.4% שומן 150 ג' דנונה,"שטראוס בריאות בע""מ",IL,דנונה WOW תות 2.4% ש,גרמים,150.00,100 גרם,false,,4.90,0.0327,true,1,1341616
7290106520905,false,סלט טורקי עם פלפל קל,"שטראוס גרופ בע""מ",IL,סלט טורקי 400 גרם,גרמים,400.00,100 גרם,false,,15.50,0.0388,true,1,1256439
7290106520912,false,"שמנת לבישול 9% 250 מ""ל יטבתה",מחלבת יטבתה,IL,שמנת לבישול 9% מהדרין,מיליליטרים,250.00,"100 מ""ל",false,,5.90,0.0236,true,1,1256440
7290106521049,false,קוביות סלק אחלה 400 גר',מיוצר עי קונדיטוריית,IL,קוביות סלק 400,גרמים,400.00,100 גרם,false,,15.50,0.0388,true,1,1256446
7290106524439,false,תפוצ'יפס טבעי פופס 60גר',"שטראוס פריטו ליי בע""",IL,תפוצ'יפס 60 גרם פופס,גרמים,60.00,100 גרם,false,,3.90,0.0650,true,1,1701764
7290106525320,false,אבקת שוקולית לאפייה קופסא 500ג' עלית,הנסיך- מפעל לייצור ט,IL,שוקולית לאפיה,גרמים,500.00,100 גרם,false,,11.90,0.0238,true,1,1257187
7290106525399,false,קפסולות 06 ברזיל למכונות נספרסו עלית 10יח',הנסיך- מפעל לייצור ט,IL,קפסולות למכונות נספר,גרמים,50.00,100 גרם,false,,16.50,0.3300,true,1,1360181
7290106525405,false,קפסולות למכונת נספרסו נטול קפאין,שטראוס קפה בי.וי,IL,קפסולות נטול למכונות נספר,גרמים,50.00,100 גרם,false,,16.50,0.3300,true,1,1257189
7290106526822,false,פריכיות אורז עם תחתית שוקולד חלב 80 ג' אנרגי,"טחנת האבן תעשיות בע""",IL,פריכיות אנרגי תחתית שוק.ח,גרמים,80.00,100 גרם,false,,7.90,0.0988,true,1,1257203
7290106528628,false,דוריטוס טבעי עלית 185 ג',"שטראוס פריטו ליי בע""",IL,דוריטוס טבעי 185 גר,גרמים,185.00,100 גרם,false,,7.90,0.0427,true,1,1355594
7290106571921,false,עוגיות פיטנס עוגיות חמוציות 180 גר',מיוצר עי קונדיטוריית,IL,פיטנס עוגיות עם חמוציות 1,גרמים,180.00,100 גרם,false,,10.90,0.0606,true,1,1224002
7290106572027,false,אוסם - לחמית חמישה דגנים 190 גרם,"אסם השקעות בע""מ",IL,לחמית חמישה דגנים 190 גרם,גרמים,190.00,100 גרם,false,,7.90,0.0416,true,1,1224003
7290106572065,false,אוסם - חטיפי טורטיה תירס חמוץ מתוק 60ג,"מיוצר ע""י PT, משווק",IL,אסם חטיפי פריכונים טורטיה,גרמים,60.00,100 גרם,false,,6.90,0.1150,true,1,1224004
7290106572959,false,מארז אפרופו חטיף תירס 5 יחידות,אסם תעשיות,IL,אפרופו קלאסי 25 גרם מארז,גרמים,125.00,100 גרם,false,,11.90,0.0952,true,1,1224012
7290106573642,false,צבר חומוס צנובר 400גרם,סלטי צבר,IL,צבר חומוס צנובר 400 גרם,גרמים,400.00,100 גרם,false,,11.90,0.0298,true,1,1224025
7290106574793,false,עוגת הבית שוקו שוקוצ''יפס 350 ג' אסם,מיוצר עי קונדיטוריית,IL,אסם הבית עוגת שוקו שוקוצי,גרמים,350.00,100 גרם,false,,12.90,0.0369,true,1,1224041
7290106574953,false,בייגלה שטוחים כעכים שטוחים עם שומשום,מיוצר עי קונדיטוריית,IL,אסם בייגלה שטוחים שומשום,גרמים,300.00,100 גרם,false,,10.90,0.0363,true,1,1224042
7290106574977,false,בייגלה שטוחים כעכים שטוחים עם מלח,מיוצר עי קונדיטוריית,IL,אסם בייגלה שטוחים עם מלח,גרמים,300.00,100 גרם,false,,10.90,0.0363,true,1,1224043
7290106575011,false,פתיתים אפויים פלוס חיטה מלאה 400 ג' אסם,אסם תעשיות,IL,אסם פתיתים פלוס חיטה מלאה,גרמים,400.00,100 גרם,false,,7.90,0.0198,true,1,1224044
7290106575257,false,עוגת הבית סופלה בטעם שוקולד 340 ג' אסם,מיוצר עי קונדיטוריית,IL,אסם הבית עוגת סופלה בטעם,גרמים,340.00,100 גרם,false,,12.90,0.0379,true,1,1224049
7290106575332,false,פתיתים אפויים פלוס בורגול 400 ג' אסם,"מיוצר ע""י קוד יצרן K",IL,אסם פתיתים פלוס בורגול 40,גרמים,400.00,100 גרם,false,,7.90,0.0198,true,1,1224053
7290106575431,false,עוגת הבית סופלה בטעם שוקוניל 340 ג' אסם,מיוצר עי קונדיטוריית,IL,אסם הבית עוגת סופלה בטעם,גרמים,340.00,100 גרם,false,,12.90,0.0379,true,1,1224055
7290106576223,false,אפרופו מצופה שוקולד 40 ג',מיוצר עי קונדיטוריית,IL,אפרופו שוקולד 40 גרם,גרמים,40.00,100 גרם,false,,4.50,0.1125,true,1,1403207
7290106576513,false,סלט חומוס צבר 400 גר,סלטי צבר,IL,צבר חומוס חלק 400 גרם,גרמים,400.00,100 גרם,false,,8.90,0.0223,true,1,1224070
7290106576537,false,צבר חומוס מסעדה 700 גר,סלטי צבר,IL,צבר חומוס מסעדה 700 גרם,גרמים,700.00,100 גרם,false,,10.90,0.0156,true,1,1224071
7290106576834,false,גלידה לה קרמריה פונטש בננה1.4 ל' נסטלה,תות תעשיות מזון (201,IL,לה קרמריה פונטש בננה,ליטרים,1.40,ליטר,false,,18.90,13.5000,true,1,1245056
7290106577282,false,צבר טחינה מרובע 400גרם,סלטי צבר,IL,צבר טחינה אמיתית 400 גרם,גרמים,400.00,100 גרם,false,,10.90,0.0273,true,1,1224077
7290106577527,false,סלט קולסלאו כרוב לבן וגזר 400 ג' צבר,סלטי צבר,IL,צבר סלט קולסלו כרוב לבן ו,גרמים,400.00,100 גרם,false,,10.90,0.0273,true,1,1224084
7290106577541,false,כרוב אדום מרובע 400 ג' צבר,סלטי צבר,IL,צבר סלט כרוב אדום 400 גרם,גרמים,400.00,100 גרם,false,,10.90,0.0273,true,1,1224085
7290106577572,false,צבר מטבוחה מרובע 400גרם,סלטי צבר,IL,צבר מטבוחה אמיתית 400 גרם,גרמים,400.00,100 גרם,false,,10.90,0.0273,true,1,1224086
7290106578241,false,"חטיף תפו""א דובונים 1","אסם השקעות בע""מ",IL,חבורת דובונים 100 גרם,גרמים,100.00,100 גרם,false,,8.90,0.0890,true,1,1224097
7290106578692,false,אוסם - במבה ביסלי מיקס 80 גרם,פרו מן יו פתרונות אר,IL,ביסלי במבה מיקס,גרמים,80.00,100 גרם,false,,4.50,0.0563,true,1,1224102
7290106578821,false,הבית עוגת שמרים קלאסית בטעם שוקולד 350גר.,מיוצר עי קונדיטוריית,IL,אסם הבית עוגת שמרים שוקול,גרמים,350.00,100 גרם,false,,15.90,0.0454,true,1,1224103
7290106652996,false,כיף כף מקלות קוקוס חלבי 40 גר',SOLEN CIKOLATA GIDA,TR,כיף כף מקלות קוקוס,גרמים,40.00,100 גרם,false,,4.90,0.1225,true,1,2275137
7290106653504,false,בוטנים אמריקאים סבבה ברבקיו 50גר',"שטראוס פריטו ליי בע""",IL,בוטנים סבבה עלית ברב,גרמים,50.00,100 גרם,false,,1.90,0.0380,true,1,2160190
7290106654099,false,מילקי CAKE עוגות אישיות במילוי קרם חלב,STRAUSS-ISRAEL,,מאגדת 8 מילקי cake,גרמים,272.00,100 גרם,false,,19.90,0.0732,true,1,1343679
7290106658479,false,עלית וופל בטעם טורטית אגוזים 40ג,"שטראוס גרופ בע""מ",IL,טורטית מגדים 40ג,גרמים,40.00,100 גרם,false,,3.90,0.0975,true,1,1257271
7290106660410,false,רביולי תרד וגבינה שטראוס 400 ג',מיוצר עי קונדיטוריית,IL,רביולי תרד וגבינה 400 ג ש,גרמים,400.00,100 גרם,false,,18.90,0.0472,true,1,1256526
7290106663503,false,יד מרדכי קונפיטורת לייט תות 230 גר,אף.סי תבליני בגליל ב,IL,קונפיטורת תות שדה לייט,גרמים,230.00,100 גרם,false,,12.90,0.0561,true,1,1276107
7290106663558,false,"רוטב טריאקי ורימון יד מרדכי 280מ""ל",אף.סי תבליני בגליל ב,IL,רוטב טריאקי 320 גרם,גרמים,320.00,100 גרם,false,,12.90,0.0403,true,1,1312035
7290106664067,false,לאבנה עם שמן זית וזעתר 10% שטראוס 400 ג',הדקלאים אגודת שיתופי,IL,לאבנה 10%שומן 400 גר,גרמים,400.00,100 גרם,false,,14.90,0.0373,true,1,1333480
7290106664555,false,"רוטב שמנת עם עגבניות 9% שומן 250 מ""ל יוטבתה",מחלבת יטבתה,IL,רוטב שמנת עם פטריות 9%,גרמים,250.00,100 גרם,false,,10.90,0.0436,true,1,1328285
7290106666788,false,עלית - סוכריות נוסטלגיה דבש ממולאות 80 גרם,פלזנסקי,IL,סוכריות דבש ממולאות,גרמים,80.00,100 גרם,false,,4.90,0.0613,true,1,1304716
7290106667266,false,דוריטוס חמוץ חריף עלית 185 ג',הנסיך- מפעל לייצור ט,IL,דוריטוס חמוץ חריף 18,גרמים,185.00,100 גרם,false,,7.90,0.0427,true,1,1355596
7290106668577,false,"מיץ לימון טבעי יד מרדכי 250 מ""ל",האי נאם סי או אל.טי.,IT,מיץ לימון יכין 1 ליטר,מיליליטרים,250.00,"100 מ""ל",false,,6.90,0.0276,true,1,1312036
7290106668713,false,יוגורט עם פירות יער 3% שומן 150 ג' דנונה,מיוצר עי קונדיטוריית,IL,דנונה תות 3%,גרמים,150.00,100 גרם,false,,4.10,0.0273,true,1,1315382
7290106669857,false,קפסולות 06 אספרסו בטעם וניל עלית 10יח',הנסיך- מפעל לייצור ט,IL,קפסולות למכונות נספר,גרמים,50.00,100 גרם,false,,16.50,0.3300,true,1,1478437
7290106720626,false,צ'יטוס קראנצ' בטעם גבינה - חלבי,"שטראוס פריטו ליי בע""",IL,ציטוס גבינה 80 גר,גרמים,80.00,100 גרם,false,,3.90,0.0487,true,1,1502752
7290106721906,false,צנצנת בזוקה צ'יקלט 66 ג' עלית,"שטראוס גרופ בע""מ",IL,כשלפ בזוקה רגיל 30,גרמים,66.00,100 גרם,false,,8.90,0.1348,true,1,1304723
7290106721913,false,מסטיק מאסט MUST ללא סוכר בטעם מנטה מרעננת,"שטראוס גרופ בע""מ",IL,כשלפ בזוקה רגיל 30,גרמים,66.00,100 גרם,false,,8.90,0.1348,true,1,1304724
7290106721920,false,צנצנת מסטיק מאסט בטעם ספירמינט עדין 66 ג' עלית,"שטראוס גרופ בע""מ.",IL,כשלפ בזוקה רגיל 30,גרמים,66.00,100 גרם,false,,8.90,0.1348,true,1,1304725
7290106724488,false,דנונה טבעי פרוביוטי 1.7% טבעי 150ג',שטראוס,IL,מארז דנונה שמינייה 1.7% ח,גרמים,150.00,100 גרם,false,,1.90,0.0127,true,1,1301090
7290106725867,false,"סירופ מייפל טהור 189 מ""ל יד מרדכי",קוסלסי פוד,CA,סירופ מייפל טבעי 189,מיליליטרים,189.00,"100 מ""ל",false,,24.90,0.1317,true,1,1333460
7290106725966,false,מטבעות שוקולד מגדים,STRAUSS-ISRAEL,IL,מטבעות שוקולד מגדים 42,גרמים,42.00,100 גרם,false,,3.90,0.0929,true,1,1325042
7290106726178,false,יוגורט PRO עם פירות יער 2.4% 10 גרם חלבון בגביע,מיוצר עי קונדיטוריית,IL,דנונה WOW פירות יער,גרמים,150.00,100 גרם,false,,4.90,0.0327,true,1,1333507
7290106727984,false,כיף כף פצפוצים ושוקולד 135 ג',שולן צ'יקולטה גידה ס,TR,גביע פצפצים 135 גרם,גרמים,135.00,100 גרם,false,,8.90,0.0659,true,1,1403434
7290106729650,false,יוגורט עם תות מאגדת 8 יח' * 150ג' דנונה,דנונה - שטראוס,,מארז 8 דנונה תות 3%,גרמים,1200.00,100 גרם,false,,24.90,0.0207,true,1,1352111
7290107020572,false,יין אלכסנדר סנדרו בל,,,יין אלכסנדר,מיליליטרים,750.00,"100 מ""ל",false,,99.90,0.1332,true,1,2161751
7290107280020,false,מטליות לחות סנו סושי לניקוי כללי שלישיה *50 יח',טרופיקל דגיל- תעשיות,IL,מטליות לניקוי כללי50*3יח,יח',150.00,יח',false,,19.90,0.1327,true,1,1236079
7290107280037,false,50 מטליות לחות לניקוי כללי גדולות ועבות,דינאמיק תעשיות,IL,50מגבונים לניקוי כללי,יח',50.00,יח',false,,8.90,0.1780,true,1,1236080
7290107280068,false,זוג תבניות אלומיניום לאפייה XL,סנו סושי,,זוג תבניות אלומיניום,יח',2.00,יח',false,,7.90,3.9500,true,1,1236082
7290107280075,false,מארז 4 תבניות אלומיניום לאפייה L,סנו סושי,,מארז 4 תבניות אלומינ,יח',4.00,יח',false,,7.90,1.9750,true,1,1236083
7290107280082,false,מארז 7 תבניות אלומיניום מוארכות לאפייה אינגליש קייק,סנו סושי,,מארז 7 תבניות אלומינ,יח',7.00,יח',false,,7.90,1.1286,true,1,1236084
7290107280099,false,מגבוני טואלט לחים סנו סופט שלישייה * 48 יח',טרופיקל דגיל- תעשיות,IL,מגבוני נייר טואלט3*48יח,יח',144.00,יח',false,,15.90,0.1104,true,1,1283946
7290107280105,false,מגבוני אף סנו סופט ב,,US,סנו סופט 120 מגבוני טישו,יח',120.00,יח',false,,12.90,0.1075,true,1,1301200
7290107280129,false,שקיות אשפה חזקות גדולות במיוחד XXL,אשפלסט תעשיות,IL,שקיות אשפה חזקות 20יח,יח',20.00,יח',false,,22.90,1.1450,true,1,1297664
7290107280341,false,ריצפז מטליות לחות לניקוי הרצפה בניחוח מלון מפנק,"סנו מפעלי ברונוס סע""",IL,ריצפז פרש מטליות ענק,יח',10.00,יח',false,,14.90,1.4900,true,1,2134334
7290107280389,false,"סנו - ג'ט מרסס לניקוי בחדר האמבטיה 750 מ""ל","איי, בי, אינבוו",IL,"מתז ג'ט לאמבט 750 מ""ל",מיליליטרים,750.00,"100 מ""ל",false,,19.90,0.0265,true,1,1236089
7290107280396,false,"סנו - ג'ט מרסס לניקוי יסודי במטבח 750 מ""ל","סנו מפעלי ברונוס בע""",IL,"מתז ג'ט למטבח 750 מ""ל",מיליליטרים,750.00,"100 מ""ל",false,,19.90,0.0265,true,1,1236090
7290107280402,false,סנו ג`ט ניקוי כללי ורצפות סנו 2ל',סנו ג'ט Jet,IL,ג'ט ניקוי כללי ורצפות2ל,ליטרים,2.00,ליטר,false,,14.90,7.4500,true,1,1285966
7290107280563,false,אוקסיג'ן ג'ל לכביסה בייבי 3ל',"איי, בי, אינבוו",IL,ג'ל אוקסיג'ן בייבי 3 ל,ליטרים,3.00,ליטר,false,,29.90,9.9667,true,1,1236091
7290107280570,false,סנו - מקסימה ג'ל כביסה מרוכז לכביסה צבעונית 3 ליטר,מיוצר עי קונדיטוריית,IL,ג'ל לכביסה מעורבת 3ל,ליטרים,3.00,ליטר,false,,34.90,11.6333,true,1,1236092
7290107280587,false,סנובון סבון לאסלה דאבל אקשן בריח פרחים ורודים,סנו,,שלישייה סנובון לאסלה,גרמים,165.00,100 גרם,false,,12.90,0.0782,true,1,1334378
7290107280594,false,סנובון סבון לאסלה דאבל אקשן בניחוח לבנדר,סנו,,שלישייה סנובון לאסלה,גרמים,165.00,100 גרם,false,,12.90,0.0782,true,1,1334379
7290107280655,false,אבקת כביסה Baby לתינוקות ולעור רגיש,סנו מקסימה,IL,מקסימה בייבי 3.25קג,קילוגרמים,3.25,"ק""ג",false,,29.90,9.2000,true,1,1279467
7290107280709,false,"סנו ספארק נוזל הברקה למדיח 700 מ""ל","סנו מפעלי ברונוס בע""",IL,נוזל הברקה למדיח סנו,מיליליטרים,700.00,"100 מ""ל",false,,14.90,0.0213,true,1,1301201
7290107280723,false,נוזל לניקוי כלים סנו ספארק Spark בניחוח לימון רענן,סנו כימיקלים,IL,נוזל לכלים לימון 700מל,מיליליטרים,700.00,"100 מ""ל",false,,9.90,0.0141,true,1,1286849
7290107280730,false,נוזל לניקוי כלים סנו ספארק Spark בניחוח לבנדר,מיוצר עי קונדיטוריית,IL,"נוזל לכלים לבנדר 700 מ""ל",מיליליטרים,700.00,"100 מ""ל",false,,9.90,0.0141,true,1,1286850
7290107280747,false,נוזל לניקוי כלים סנו ספארק Spark קלאסי,סנו כימיקלים,IL,"נוזל לכלים קלאסי 700מ""ל",מיליליטרים,700.00,"100 מ""ל",false,,9.90,0.0141,true,1,1286851
7290107280754,false,נוזל כלים סנו ספארק Spark היפואלרגני פריחת השקד,סנו,IL,"נוזל לכלים שקד 700 מ""ל",מיליליטרים,700.00,"100 מ""ל",false,,9.90,0.0141,true,1,1286852
7290107280761,false,נוזל לניקוי כלים בניחוח לימון רענן סנו ספארק Spark,מיוצר עי קונדיטוריית,IL,סנו ספארק לכלים לימון1ל,ליטרים,1.00,ליטר,false,,12.90,12.9000,true,1,1297665
7290107280822,false,סנו ריצפז פרש הום 2 ליטר בניחוח ספא,סנו פרש Fresh,IL,ריצפז פרש הום ספא 2 ליטר,ליטרים,2.00,ליטר,false,,22.90,11.4500,true,1,1294537
7290107460873,false,מפה קריסטל,,,מפה קריסטל,קילוגרמים,1.00,"ק""ג",true,,19.90,19.9000,true,1,2022404
7290107463775,false,וילון אמבטיה,,,וילון אמבטיה,יחידה,0.00,יחידה,false,,59.90,0.0000,true,1,2127550
7290107522090,false,סדין מיקס יור סטייל 90X200,,,סדין מיקס יור סטייל,יחידה,0.00,יחידה,false,,39.90,0.0000,true,1,2185969
7290107522113,false,סדין מיקס יור סטייל 160X200,,,סדין מיקס יור סטייל,יחידה,0.00,יחידה,false,,59.90,0.0000,true,1,2185971
7290107522144,false,זוג ציפיות מיקס יור סטייל,,,זוג ציפיות מיקס יור,יחידה,0.00,יחידה,false,,24.90,0.0000,true,1,2185974
7290107522151,false,ציפה יחיד מיקס יור סטייל 150X200,,,ציפה יחיד מיקס יור ס,יחידה,0.00,יחידה,false,,69.90,0.0000,true,1,2185975
7290107522168,false,ציפה זוגי מיקס יור סטייל 200X220,,,ציפה זוגי מיקס יור ס,יחידה,0.00,יחידה,false,,99.90,0.0000,true,1,2185976
7290107544498,false,קרם להסרת שיער לקו ביקיני אורנה 19 80 ג',,,דפילטור-קרם אורנה 19,גרמים,80.00,100 גרם,false,,14.90,0.1863,true,1,2214044
7290107544504,false,קרם להסרת שיער לעור רגיש אורנה 19 80 ג',,,דפילטור אורנה 19 לעו,גרמים,80.00,100 גרם,false,,14.90,0.1863,true,1,2214045
7290107645584,false,אבקת מרק עוף אמיתי רכיבים טבעיים 400 גרם - רבנות,יוניליוור ישראל מזון,IL,מרק עוף אמיתי 400 גר,גרמים,400.00,100 גרם,false,,24.90,0.0622,true,1,1765153
7290107646826,false,שוגי חטיף פתיתי תירס קלויים בטעם שוקולד,יוניליוור ישראל מזון,IL,מאגדת חטיפי שוגי בטע,גרמים,156.00,100 גרם,false,,12.90,0.0827,true,1,1742415
7290107646833,false,שוגי חטיף עם פצפוצי שוקולד לבן ושוקולד חלב,יוניליוור ישראל מזון,IL,מאגדת חטיפי שוגי פצפ,גרמים,138.00,100 גרם,false,,12.90,0.0935,true,1,1742416
7290107646895,false,קנור - רוטב פסטה נפוליטנה 415 גרם חתם סופר,קונסורזיו קאסאלאסקו,IT,רוטב עגבניות נפוליטנ,גרמים,415.00,100 גרם,false,,12.90,0.0311,true,1,1777130
7290107647823,false,תלמה ברנפלקס 500 גרם,יוניליוור ישראל מזון,IL,תלמה ברנפלקס 500 גרם,גרמים,500.00,100 גרם,false,,22.90,0.0458,true,1,1683758
7290107648974,false,רוטב עגבניות בזיליקום 415 ג' קינור,יוניליוור,IT,רוטב עגבניות בזיליקו,גרמים,415.00,100 גרם,false,,12.90,0.0311,true,1,1796401
7290107648981,false,רוטב עגבניות קלאסי פומודורו 415 ג' קנור,מיוצר עי קונסורזייו,IT,רוטב עגבניות פומודור,גרמים,415.00,100 גרם,false,,12.90,0.0311,true,1,1777133
7290107871990,false,פסטה צינורות 500 ג' אסם,פסטה זארה,IT,אסם פסטה צינורות 500 גרם,גרמים,500.00,100 גרם,false,,5.90,0.0118,true,1,1224137
7290107874427,false,אוסם - מיני פריכונים זעתר 25 גרם,פרח תעשיות מזון,IL,אסם אסם פריכונים מיני זעת,גרמים,25.00,100 גרם,false,,3.90,0.1560,true,1,1279502
7290107874441,false,פריכונים מיני בצל מקורמל אסם 25ג',"מיוצר ע""י PT, משווק",IL,אסם פריכונים מיני בצל מקו,גרמים,25.00,100 גרם,false,,3.90,0.1560,true,1,1279503
7290107875400,false,גלידה לה קרמריה פיסטוק מוקה 1.4 ל' נסטלה,המאפיה של הרמן,IL,לה קרמריה פיסטוק מוקה פרו,ליטרים,1.40,ליטר,false,,18.90,13.5000,true,1,1286616
7290107877619,false,מארז במבה במילוי קרם נוגט 5*30ג' אסם,אסם תעשיות,IL,במבה במילוי קרם נוגט 60 ג,גרמים,150.00,100 גרם,false,,12.90,0.0860,true,1,1330944
7290107879132,false,פריכיות פיטנס מיני פריכיות שוקולד חלב 22 ג',CA,IL,פירכיות מיני שוקולד,גרמים,22.00,100 גרם,false,,4.90,0.2227,true,1,1411591
7290107879521,false,קרחוני לה פרוטה La Frutta תות שדה - 5 יח',גלידות נסטלה Nestle,IL,מאגדת שלגוני לה פרוט,יח',5.00,יח',false,,22.90,4.5800,true,1,1351021
7290107879569,false,קרחון לה פרוטה שרבט מנגו מאגדת 5יח',גלידות נסטלה Nestle,IL,מאגדת שלגוני לה פרוט,גרמים,350.00,100 גרם,false,,22.90,0.0654,true,1,1351022
7290107930321,false,קונפיטורה דובדבן יד מרדכי 340 ג',בית אל מזון,IL,קונפיטורת תות 340 גרם,גרמים,340.00,100 גרם,false,,12.90,0.0379,true,1,1325089
7290107931397,false,כיף כף פצפוצים ביסקוויט 40ג',שולן צ'יקולטה גידה ס,TR,חטיף כיף כף פצפצים,גרמים,40.00,100 גרם,false,,4.90,0.1225,true,1,1355541
7290107932080,false,חלב בבקבוק 3% שומן 1 ל' יוטבתה,מחלבת יטבתה,IL,חלב 1ליטר בבקבוק 3%,ליטרים,1.00,ליטר,false,,7.90,7.9000,true,1,1334530
7290107932134,false,חלב בבקבוק 1% שומן 1 ל' יוטבתה,מחלבת יטבתה,IL,חלב 1 ליטר בבקבוק 1%,ליטרים,1.00,ליטר,false,,7.90,7.9000,true,1,1334532
7290107936309,false,דנונה יוגורט 7% יווני לבן 130 ג',"שטראוס בריאות בע""מ",IL,דנונה יווני לבן,גרמים,130.00,100 גרם,false,,3.60,0.0277,true,1,1409928
7290107936958,false,עד חצות ביסקוויט אצבעות שוקולד 125 גרם,הדקלאים אגודת שיתופי,FR,ביסקויט עד חצות אצבע,גרמים,125.00,100 גרם,false,,9.90,0.0792,true,1,1661385
7290107936965,false,עד חצות עוגיות עיגולים 225 גר',ביסקווטרי עוגיות סנט,FR,ביסקויט עד חצות עיגו,גרמים,225.00,100 גרם,false,,12.90,0.0573,true,1,1661394
7290107937542,false,משקה יוגורט אקטיביה עם תות 1.2% שומן,מיוצר עי קונדיטוריית,IL,משקה אקטיביה תות 1.2,מיליליטרים,265.00,"100 מ""ל",false,,5.20,0.0196,true,1,1360786
7290107937627,false,מסטיק מאסט Must קוביות ללא סוכר בטעם מנטה עדינה,אסקום קונפקשיין,DE,קופסא מסטיק קוביות ס,גרמים,58.00,100 גרם,false,,8.90,0.1534,true,1,1411606
7290107937634,false,צנצנית מסטיק מאסט קוביות פפירמינט 58 ג' עלית,אסקום קונפקשיין,DE,קופסא מסטיק קוביות פ,גרמים,58.00,100 גרם,false,,8.90,0.1534,true,1,1411607
7290107937641,false,מסטיק בצנצנת קוביות בזוקה 58 ג',אסקום קונפקשיין,DE,קופסא מסטיק בזוקה קו,גרמים,58.00,100 גרם,false,,8.90,0.1534,true,1,1411608
7290107937856,false,קפסולות 11חזק למכונות נספרסו עלית 10יח',הנסיך- מפעל לייצור ט,IL,קפסולות למכונות נספר,גרמים,50.00,100 גרם,false,,16.50,0.3300,true,1,1406833
7290107940467,false,אקטיביה יוגורט 1.5% שומן 200 ג' דנונה,מיוצר עי קונדיטוריית,IL,אקטיבייה 1.5% 200 גר,גרמים,200.00,100 גרם,false,,4.20,0.0210,true,1,1392916
7290107943192,false,"שמנת חמוצה מהערבה 27% שומן 200 מ""ל יטבתה",יטבתה,,שמנת חמוצה מהערבה 27,מיליליטרים,200.00,"100 מ""ל",false,,4.10,0.0205,true,1,1664988
7290107943369,false,קוואקר שיבולת שועל ללא גלוטן 511 גר'.,היידי שוקולד בירונטי,US,קוואקר שיבולת שועל ל,גרמים,511.00,100 גרם,false,,16.90,0.0331,true,1,1629068
7290107944472,false,סימפוניה גבינה במרקם שמנת 5% שום שמיר,"שטראוס בריאות בע""מ",IL,סימפוניה שום שמיר 5%,גרמים,200.00,100 גרם,false,,10.90,0.0545,true,1,1420768
7290107945165,false,קונפיטורה משמש יד מרדכי 340 ג',אף.סי תבליני בגליל ב,IL,קונפיטורת משמש 340 ג,גרמים,340.00,100 גרם,false,,12.90,0.0379,true,1,1478438
7290107950190,false,מעדן חלב דל קלוריות בטעם שוקולד מריר 0.5% שומן,מיוצר עי קונדיטוריית,IL,מעדן שטראוס דיאט שוק,גרמים,130.00,100 גרם,false,,3.40,0.0262,true,1,1409942
7290107950206,false,מעדן חלב דל קלוריות בטעם שוקולד 0% שומן,מיוצר עי קונדיטוריית,IL,מעדן שטראוס בטעם שוק,גרמים,130.00,100 גרם,false,,3.40,0.0262,true,1,1409943
7290107951104,false,בפלות ופלים ארוכים בטעם שוקולד,"א.ג. גילרו בע""מ",IL,בפלות בטעם שוקולד 20,גרמים,200.00,100 גרם,false,,3.90,0.0195,true,1,1421329
7290107951715,false,צנצנת מסטיק מאסט קוביות בטעם ענבים 58 ג' עלית,אסקום קונפקשיין,IL,קופסא מסטיק קוביות ע,גרמים,58.00,100 גרם,false,,8.90,0.1534,true,1,1478341
7290107953559,false,קפה טורקי עלית לדרך שקיות 24X7ג',הנסיך- מפעל לייצור ט,IL,מארז קפה טורקי אישי,גרמים,168.00,100 גרם,false,,17.90,0.1065,true,1,1426050
7290107954709,false,קונפיטורה יד מרדכי פירות יער 340 ג',יד מרדכי,IL,קונפיטורת פירות יער,גרמים,340.00,100 גרם,false,,12.90,0.0379,true,1,1550257
7290107954976,false,"משקה יטבתה חלבון פרו קפה 350מ""ל",מחלבת יטבתה,DE,משקה יטבתה פרו בטעם,מיליליטרים,350.00,"100 מ""ל",false,,6.80,0.0194,true,1,1595504
7290107956642,false,"תרסיס שמן זית יד מרדכי 150 מ""ל",פארייפאבה אגרואינדוס,ES,"תרסיס שמן זית 150 מ""",מיליליטרים,150.00,"100 מ""ל",false,,17.90,0.1193,true,1,1708895
7290107956895,false,קפסולות 07 אספרסו בטעם קרמל עלית 10יח',שטראוס,IL,קפסולות למכונות נספר,גרמים,50.00,100 גרם,false,,16.50,0.3300,true,1,1751078
7290107956901,false,קפסולות אגוזי לוז למוכנת נספרסו,עלית,,קפסולות למכונות נספר,גרמים,50.00,100 גרם,false,,16.50,0.3300,true,1,1678048
7290107956925,false,קפסולות 13 אוגנדה למכונת נספרסו עלית 10יח',שטראוס קפה בי.וי,IL,קפסולות למכונות נספר,גרמים,50.00,100 גרם,false,,16.50,0.3300,true,1,1907853
7290107956932,false,קפסולות 12 אינדונזיה למכונות NESPRESSO,שטראוס קפה בי.וי,IL,קפסולות למכונות נספר,גרמים,50.00,100 גרם,false,,16.50,0.3300,true,1,1661397
7290107957069,false,צנצנת מסטיק בטעם אוכמניות 66 ג' עלמה,"שטראוס גרופ בע""מ",IL,קופסא מסטיק עלמה אוכ,גרמים,66.00,100 גרם,false,,8.90,0.1348,true,1,1661398
7290107957076,false,צנצנת מסטיק בטעם ספירמינט 66 ג' עלמה,"שטראוס גרופ בע""מ",IL,קופסא מסטיק עלמה ספי,גרמים,66.00,100 גרם,false,,8.90,0.1348,true,1,1661399
7290107957113,false,סימפוניה 5% זיתים פיקנטיים 200 ג' שטראוס,קריות זול,IL,סימפוניה זיתים פיקנט,גרמים,200.00,100 גרם,false,,10.90,0.0545,true,1,1902956
7290107957229,false,שוקולד צ'יפס מריר מעולה לאפיה עלית 250 ג',"פוליבה בע""מ",IL,נטיפי שוקולד צ'יפס מ,גרמים,250.00,100 גרם,false,,10.90,0.0436,true,1,1751061
7290107957991,false,מילקי CAKE מיניס קרם חלב בציפוי שוקולד חלב שקית 16X9ג',בובארד איטליה אס.פי.,IT,מילקי CAKE מיניס,גרמים,144.00,100 גרם,false,,14.50,0.1007,true,1,1860996
7290107958639,false,מטבוחה אחלה מרוקאית חריפה 400 גר',מיוצר עי קונדיטוריית,IL,מטבוחה מרוקאית חריפה,גרמים,400.00,100 גרם,false,,15.50,0.0388,true,1,1678469
7290107971539,false,חטיף בוטנים וקשיו עם שוקולד מריר ללא גלוטן,אמקו סאם מילס ספול,CZ,חטיף בוטנים וקשיו עם,גרמים,140.00,100 גרם,false,,14.90,0.1064,true,1,1410859
7290107971744,false,"קולגייט - מי פה טוטל ירוק ספרמינט 500 מ""ל",יבואן ומשווק: ש. שסט,PL,מי פה קולגייט טוטל י,מיליליטרים,500.00,"100 מ""ל",false,,17.90,0.0358,true,1,1410860
7290107971751,false,מי פה קולגייט טוטל ללא אלכוהול פפרמינט,יבואן ומשווק: ש. שסט,PL,מי פה קולגייט טוטל כ,מיליליטרים,500.00,"100 מ""ל",false,,17.90,0.0358,true,1,1410861
7290107973014,false,פלמוליב סבון ידיים חלב ודבש 300 מ'ל,הנסיך- מפעל לייצור ט,TR,סבון ידיים פלמוליב ח,מיליליטרים,300.00,"100 מ""ל",false,,8.90,0.0297,true,1,1568407
7290107973038,false,"פלמוליב סבון ידיים אקווריום 300 מ""ל",הנסיך- מפעל לייצור ט,IT,סבון ידיים פלמוליב 3,מיליליטרים,300.00,"100 מ""ל",false,,8.90,0.0297,true,1,1568409
7290107973311,false,קולגייט מברשת שיניים 360 פחם זהב זוג,הנסיך- מפעל לייצור ט,,זוג מברשת שיניים קול,יח',2.00,יח',false,,19.90,9.9500,true,1,2237239
7290107973809,false,שימורי עגבניות קוביות 400 ג' מאסטר שף,פראנו אריקו ופיגלי ס,IT,עגבניות קוביות 400 ג,גרמים,400.00,100 גרם,false,,5.90,0.0148,true,1,1473882
7290107974066,false,"עלי טורטיה קמח מלא 20ס""מ 8יח' מאסטר שף 320ג'",אלקטי קורביישיסי,DE,עלי טורטיה 5 דגנים מ,גרמים,320.00,100 גרם,false,,9.90,0.0309,true,1,1581864
7290107974073,false,עלי טורטיה קמח לבן מאסטר שף 320ג',הנסיך- מפעל לייצור ט,DE,עלי טורטיה מקמח לבן,גרמים,320.00,100 גרם,false,,9.90,0.0309,true,1,1581865
7290107974080,false,טורטיות קמח לבן מנה 840 ג',הדקלאים אגודת שיתופי,DE,עלי טורטיה מקמח לבן,גרמים,746.00,100 גרם,false,,15.90,0.0213,true,1,1581866
7290107974646,false,מרידול הליטוזיס שטיפת פה 400מל,הנסיך- מפעל לייצור ט,PL,מרידול מי פה נשימה ר,מיליליטרים,400.00,"100 מ""ל",false,,32.90,0.0822,true,1,1410873
7290107974806,false,"מאסטר שף - אורז בסמטי 1 ק""ג",דווה סינג שיהם,,אורז בסמטי מאסטר שף,קילוגרמים,1.00,"ק""ג",false,,11.90,11.9000,true,1,1581883
7290107974813,false,"אורז יסמין 1 ק""ג מאסטר שף",מאסטר שף,,אורז יסמין מאסטר שף,קילוגרמים,1.00,"ק""ג",false,,10.90,10.9000,true,1,1581884
7290107974820,false,ממרח מתובל ספייסי מאסטר שף 248 ג',מאסטר שף,,ממרח מתובל ספייסי מא,גרמים,250.00,100 גרם,false,,6.90,0.0276,true,1,1581857
7290107974837,false,ממרח מתובל שום מאסטר שף 253ג',מאסטר שף,,ממרח מתובל שום מאסטר,גרמים,250.00,100 גרם,false,,6.90,0.0276,true,1,1581858
7290107975278,false,דאודורנט סטיק עם הגנת אלוורה Aloe Protection,ליידי ספיד סטיק Lady Speed Stick,,דאודורנט סטיק- ליידי,גרמים,45.00,100 גרם,false,,17.90,0.3978,true,1,1545771
7290107975292,false,ליידי ספיד סטיק - דאודורנט סטיק נערות ורוד 65 גרם,ליידי ספיד סטיק Lady Speed Stick,,דאודורנט ליידי ספיד,מיליליטרים,65.00,"100 מ""ל",false,,17.90,0.2754,true,1,1616727
7290107975346,false,ספיד סטיק - דאודורנט ג'ל לגבר כוח הטבע 85 גרם,קולגייט פלמוליב,BY,דאודורנט סטיק גל-כח,גרמים,50.00,100 גרם,false,,17.90,0.3580,true,1,1664082
7290107975544,false,"קולגייט משחת שיניים סמיילס ברבי לגילאי 6 50מ""ל",קולגייט פלמוליב,PL,משחת שיניים קולגייט,מיליליטרים,50.00,"100 מ""ל",false,,12.90,0.2580,true,1,1562126
7290107976589,false,"שטיפת פה קולגייט אופטיק וייט 250 מ""ל",,,מיי פה קולגייט אופטי,מיליליטרים,250.00,"100 מ""ל",false,,14.90,0.0596,true,1,1740267
7290107976848,false,פלמוליב סבון מוצק קמומיל 4*90 ג',קולגייט פלמוליב,,סבון מוצק רביעייה פל,גרמים,400.00,100 גרם,false,,16.90,0.0422,true,1,1678241
7290107977753,false,"משחת שיניים פרודונט אקספרט מרידול , 75 מ""ל",קולגייט פלמוליב,,מרידול משחת שיניים פ,גרמים,75.00,100 גרם,false,,25.90,0.3453,true,1,2152031
7290107978101,false,"קולגייט אופטיק וויטן אקסטרה פאוור 75מ""ל",קולגייט-פלמוליב,PL,משחת שינים קולגייט א,מיליליטרים,75.00,"100 מ""ל",false,,24.90,0.3320,true,1,1807450
7290107978132,false,קולגייט מברשת זיגזג שישייה,קולגייט פלמוליב,PL,קולגייט מברשת זיגזג,יח',6.00,יח',false,,29.90,4.9833,true,1,2283667
7290107978323,false,מאסטר שף אטריות דקיקות 400 ג',הדקלאים אגודת שיתופי,PL,איטריות דקיקות מאסטר,גרמים,400.00,100 גרם,false,,5.90,0.0148,true,1,1568422
7290107978330,false,מאסטר שף אטריות דקות 400 ג',הדקלאים אגודת שיתופי,PL,איטריות דקות מאסטר ש,גרמים,400.00,100 גרם,false,,5.90,0.0148,true,1,1568423
7290107978347,false,מאסטר שף אטריות ביניניות 400 ג',הדקלאים אגודת שיתופי,PL,איטריות בנוניות מאסט,גרמים,400.00,100 גרם,false,,5.90,0.0148,true,1,1568424
7290107978453,false,חטיף קראנצ'וס גריל 5,קראנצ'וס,IL,חטיף קראנצ'וס גריל 5,גרמים,55.00,100 גרם,false,,3.90,0.0709,true,1,1624019
7290107978637,false,"מרידול משחת שיניים 75 מ""ל כשל""פ-מרכז",מרידול Meridol,,מרידול משחת שיניים 7,גרמים,75.00,100 גרם,false,,19.90,0.2653,true,1,1735084
7290107979184,false,"תבניות אלומיניום פלוס נייר אפייה 32/26 ס""מ L",HAI PLASTIC,CN,תבנית אלומיניום עם נ,יח',3.00,יח',false,,12.90,4.3000,true,1,1604301
7290107979191,false,"תבניות אלומיניום פלוס נייר אפיה 40/34 ס""מ XL",HAI PLASTIC,CN,תבנית אלומיניום עם נ,יח',2.00,יח',false,,12.90,6.4500,true,1,1604302
7290108201284,false,"אירוויק מקלות ריחניים ניחוח לבנדר 30מ""ל",איירוויק Air Wick,,מקלות ריחניים לבנדר,מיליליטרים,30.00,"100 מ""ל",false,,14.90,0.4967,true,1,1486693
7290108201864,false,קולון ג'ל קפסולות לכביסה 28 יח',קולון Colon,,קפסולות ג'ל לכביסה -,יח',28.00,יח',false,,29.90,1.0679,true,1,1810102
7290108350128,false,סנו סושי שקיות אשפה חזקות במיוחד 40 יח',מיוצר עי קונדיטוריית,IL,שקיות אשפה חזקות 40יח,יח',40.00,יח',false,,22.90,0.5725,true,1,1297666
7290108350142,false,שקיות רב שימושיות ענק סנו סושי 270 יח',אשפלסט תעשיות,IL,35*25 שקיות רב שימושיות,יח',270.00,יח',false,,14.90,0.0552,true,1,1297667
7290108350180,false,סנו סושי מפיות מודפסות 100 יח',חי מוצרי נייר בעמ,IL,מפיות מודפסות 100 יח,יח',100.00,יח',false,,6.90,0.0690,true,1,1334341
7290108350203,false,כריות קרצוף אקסטרה חזקות עם ספוג מקציף - 6 יח',סנו סושי,US,כריות קרצוף עם ספוג,יח',6.00,יח',false,,9.90,1.6500,true,1,1386224
7290108350210,false,סנו סושי שקיות אשפה חזקות 30 יח' XL,מיוצר עי קונדיטוריית,IL,שקיות אשפה סנו סושי,יח',30.00,יח',false,,24.90,0.8300,true,1,1334381
7290108350258,false,נייר טואלט דו שכבתי ארוך פי 3 - מארז 12 גלילים,מפעלי ברונוס בעמ,IL,נייר טואלט סופט 12 ג,מטרים,662.00,מטר,false,,39.90,0.0603,true,1,1338799
7290108350500,false,סנובון מוצק דאבל אקשן בניחוח תפוז שלישייה,סנו,,שלישייה סנובון לאסלה,גרמים,165.00,100 גרם,false,,12.90,0.0782,true,1,1334382
7290108350524,false,טבליות בניחוח לבנדר לבישום ורענון ארונות בגדים,"סנו מפעלי ברונוס בע""",IL,ריח לארון פרש בניחוח,יח',4.00,יח',false,,18.90,4.7250,true,1,1415936
7290108350531,false,סנו ספארק נוזל כלים בניחוח קלאסי עם משאבה 1 ל',מיוצר עי קונדיטוריית,IL,סנו ספארק לכלים לימון1ל,ליטרים,1.00,ליטר,false,,12.90,12.9000,true,1,1312209
7290108350548,false,סנו ספארק נוזל כלים בניחוח לבנדר עם משאבה 1 ל',מיוצר עי קונדיטוריית,IL,סנו ספארק לכלים לימון1ל,ליטרים,1.00,ליטר,false,,12.90,12.9000,true,1,1312210
7290108350555,false,נוזל כלים סנו ספארק Spark היפואלרגני פריחת השקד,סנו,IL,סנו ספארק לכלים לימון1ל,ליטרים,1.00,ליטר,false,,12.90,12.9000,true,1,1312211
7290108350616,false,סנו - מקסימה מרכך כביסה מרוכז פריחה כחולה 1 ליטר,"סנו מפעלי ברונוס בע""",IL,מרכך כביסה מקסימה סו,ליטרים,1.00,ליטר,false,,17.90,17.9000,true,1,1386225
7290108350623,false,מרכך כביסה סופר מרוכז סופט סילק מקסימה 1 ל' סנו,"סנו מפעלי ברונוס בע""",IL,מרכך כביסה מקסימה סו,ליטרים,1.00,ליטר,false,,17.90,17.9000,true,1,1386226
7290108350722,false,אורביטול - משחת שיניים 6+ בוב ספוג 70 גרם,טרופיקל דגיל תעשיות,IL,משחת שיניים אורביטול,גרמים,70.00,100 גרם,false,,8.90,0.1271,true,1,2179483
7290108350739,false,משחת שיניים לילדים בטעם סוכריות ג'לי גילאי 2-6,טרופיקל דגיל תעשיות,IL,משחת שיניים אורביטול,גרמים,70.00,100 גרם,false,,8.90,0.1271,true,1,1977740
7290108350791,false,אורביטול מברשות שיניים כדורגל +8,,,מברשת שיניים לילדים,יחידה,0.00,יחידה,false,,12.90,0.0000,true,1,1965893
7290108351149,false,סנו - ג'ט לניקוי כללי ורצפות בתוספת אבקת סודה 1.5 ליטר,"סנו מפעלי ברונוס בע""",IL,סנו ג'ט ניקוי כללי ו,ליטרים,1.50,ליטר,false,,12.90,8.6000,true,1,1436474
7290108351156,false,סנו - ג'ט לניקוי כללי ורצפות בתוספת חומץ 1.5 ליטר,"סנו מפעלי ברונוס בע""",IL,סנו ג'ט ניקוי כללי ו,ליטרים,1.50,ליטר,false,,12.90,8.6000,true,1,1427968
7290108351521,false,ג'ל כביסה מקסימה מאסק 5 ל' סנו,סנו מקסימה,IL,ג'ל כביסה מרוכז סנו,ליטרים,5.00,ליטר,false,,44.90,8.9800,true,1,1423289
7290108351538,false,"סנו פרש הום פרש הום מבשם יבש בלו 200 מ""ל",סנו מפעלי ברונוס בעמ,IL,מבשם אוויר פרש הום י,מיליליטרים,200.00,"100 מ""ל",false,,12.90,0.0645,true,1,1840308
7290108351545,false,מבשם לבית - בניחוח מרכך כביסה soft silk,מיוצר עי קונדיטוריית,IL,מבשם אוויר פרש הום י,מיליליטרים,200.00,"100 מ""ל",false,,12.90,0.0645,true,1,1840309
7290108351552,false,"סנו - ג'ט לניקוי כללי בתוספת חומץ בניחוח לבנדר 750 מ""ל","סנו מפעלי ברונוס בע""",IL,מתז לניקוי כללי ג'ט+,מיליליטרים,750.00,"100 מ""ל",false,,19.90,0.0265,true,1,1705031
7290108351569,false,מבשם ומרכך למייבש כביסה Baby לתינוקות ולעור רגיש,"איי, בי, אינבוו",IL,מרסס למייבש כביסה סנ,מיליליטרים,750.00,"100 מ""ל",false,,19.90,0.0265,true,1,1580029
7290108351583,false,"סנו - ג'ט פלוס חומץ ג'ל לניקוי אסלות לבנדר 750 מ""ל",טרופיקל דגיל תעשיות,IL,סנו ג'ט + לניקוי אסל,מיליליטרים,750.00,"100 מ""ל",false,,9.90,0.0132,true,1,1798050
7290108351590,false,"סנופרש הום בלו בלוסון בניחוח מרכך כביסה 350 מ""ל",סנו פרש Fresh,IL,מבשם אוויר פרש הום נ,מיליליטרים,350.00,"100 מ""ל",false,,14.90,0.0426,true,1,1571629
7290108351606,false,"סנופרש הום בניחוח מרכך כביסה 350 מ""ל",סנו פרש Fresh,,מבשם אוויר פרש הום נ,מיליליטרים,350.00,"100 מ""ל",false,,14.90,0.0426,true,1,1571630
7290108351613,false,סנו ריצפז פרש הום 2 ליטר בניחוח מלון חלומי,"סנו מפעלי ברונוס בע""",IL,ריצפז פרש הום תרכיז,ליטרים,2.00,ליטר,false,,22.90,11.4500,true,1,1514803
7290108351620,false,סנו פרש לוכד ריחות ר,"סנו מפעלי ברונוס בע""",IL,סנו פרש לוכד ריחות ר,"י""ח",1.00,"י""ח",false,,12.90,12.9000,true,1,1624060
7290108351637,false,"אבקת כביסה מקסימה סמארט 5 ק""ג סנו",סנו מקסימה,,אבקת כביסה SMART מקס,קילוגרמים,5.00,"ק""ג",false,,49.90,9.9800,true,1,1624095
7290108351668,false,מטליות לחות לניקוי כללי בתוספת חומץ בניחוח לבנדר,טרופיקל דיגל- תעשיות,IL,מטליות לחות לניקוי כ,יח',50.00,יח',false,,9.90,0.1980,true,1,1840323
7290108351675,false,ג'ל כביסה מקסימה מיקס 5 ל' סנו,סנו,IL,ג'ל כביסה מרוכז 5 לי,ליטרים,5.00,ליטר,false,,44.90,8.9800,true,1,1871809
7290108351682,false,ג'ל כביסה מקסימה ביו 5 ל' סנו,סנו,IL,ג'ל כביסה מרוכז סנו,ליטרים,5.00,ליטר,false,,44.90,8.9800,true,1,1871810
7290108351699,false,סנו - ג'ט מטליות לחות לניקוי כללי בתוספת חומץ לבנדר שלישיה,סנו מפעלי ברונוס על,IL,מגבונים לניקוי ג'ט+ח,יח',150.00,יח',false,,19.90,0.1327,true,1,1871815
7290108351705,false,פניני בישום -275 ג' FRESH LINEN,value smart prodacts,US,פניני בישום מקסימה ל,גרמים,275.00,100 גרם,false,,29.90,0.1087,true,1,2130230
7290108351712,false,פניני בישום לכביסה 275 ג' מקסימה,value smart prodacts,US,פניני בישום מקסימה ל,גרמים,275.00,100 גרם,false,,29.90,0.1087,true,1,2130231
7290108351729,false,"נוזל לניקוי אסלות אקולוגי 750 מ""ל GREEN POWER",מיוצר עי קונדיטוריית,IL,נוזל לניקוי אסלות אק,מיליליטרים,750.00,"100 מ""ל",false,,12.90,0.0172,true,1,2153859
7290108351736,false,ניקוי חלונות אקולוגי Green Power,סנו,,נוזל לניקוי חלונות א,מיליליטרים,750.00,"100 מ""ל",false,,12.90,0.0172,true,1,2153860
7290108351743,false,"סנו נוזל לניקוי כללי אקולוגי 750 מ""ל GREEN POWER",סנו,,נוזל לניקוי כללי אקו,מיליליטרים,750.00,"100 מ""ל",false,,12.90,0.0172,true,1,2153871
7290108351781,false,ג'ל לניקוי אסלות + חומץ ומלח לימון בריח הדרים,"סנו מפעלי ברונוס בע""",IL,סנו ג'ט + לניקוי אסל,מיליליטרים,750.00,"100 מ""ל",false,,9.90,0.0132,true,1,1933256
7290108351804,false,סנו - מקסימה מרכך כביסה מרוכז ג'נטל בריז 1 ליטר,מיוצר עי קונדיטוריית,IL,מרכך כביסה מרוכז מקס,ליטרים,1.00,ליטר,false,,17.90,17.9000,true,1,2119273
7290108351811,false,מקסימה מרכך כביסה סופר מרוכז פלור טאצ' 1 ליטר,מיוצר עי קונדיטוריית,IL,מרכך כביסה מרוכז מקס,ליטרים,1.00,ליטר,false,,17.90,17.9000,true,1,2119274
7290108351842,false,"מקסימה בושם מרוכז לכביסה FOREVER כחול 600מ""ל","איי, בי, אינבוו",IL,בושם מרוכז לכביסה FO,מיליליטרים,600.00,"100 מ""ל",false,,19.90,0.0332,true,1,1989969
7290108351859,false,"מקסימה בושם מרוכז לכביסה FOREVER ורוד 600מ""ל",סנו מקסימה,IL,בושם מרוכז לכביסה FO,מיליליטרים,600.00,"100 מ""ל",false,,19.90,0.0332,true,1,1989970
7290108351866,false,"מקסימה בושם מרוכז לכביסה FOREVER בורדו 600מ""ל",סנו מקסימה,,בושם מרוכז לכביסה FO,מיליליטרים,600.00,"100 מ""ל",false,,19.90,0.0332,true,1,1989971
7290108351910,false,סנו ספארק טבליות למדיח 30 יח',גרופה אינקו,PL,טבליות למדיח סנו ספא,יח',30.00,יח',false,,19.90,0.6633,true,1,1977643
7290108351927,false,סנו ספארק טבליות למדיח 70 יח',סנו,,טבליות למדיח סנו ספא,יח',70.00,יח',false,,39.90,0.5700,true,1,1977644
7290108351934,false,סנובון סבון אסלה מוצק RINGS בניחוח לימון שלישיה,DRAMERSSA SWARZEDZ,PL,שלישייה סנובון מוצק,יח',3.00,יח',false,,12.90,4.3000,true,1,2119275
7290108351965,false,סנו ג'ט סבון אסלה בחומץ שלישיה,סנו מפעלי ברונוס בעמ,IL,ג'ט סבון אסלה מוצק ש,יח',3.00,יח',false,,12.90,4.3000,true,1,2020684
7290108351972,false,"סנו פרש הום פרש הום מלון בוטיק 200 מ""ל",מיוצר עי קונדיטוריית,IL,מבשם אוויר פרש הום י,מיליליטרים,200.00,"100 מ""ל",false,,12.90,0.0645,true,1,2129082
7290108351989,false,"סנו פרש הום פרש הום מלון מפנק 200 מ""ל",מיוצר עי קונדיטוריית,IL,מבשם אוויר פרש הום י,מיליליטרים,200.00,"100 מ""ל",false,,12.90,0.0645,true,1,2129083
7290108351996,false,"חיטוי בייבי 99.9% לחיטוי וניקוי בסביבת תינוקות 750 מ""ל",סנו,,מתז בייבי לחיטוי משט,מיליליטרים,750.00,"100 מ""ל",false,,18.90,0.0252,true,1,2068167
7290108352009,false,סנו ספארק קפסולות למדיח כלים 50 יח',טרופיקל דגיל תעשיות,PL,קפסולות ג'ל למדיח סנ,יח',50.00,יח',false,,49.90,0.9980,true,1,2150561
7290108352023,false,סנובון DESIGN בניחוח סחלב פראי - שלישיה,סנו,,שלישייה סנובון מוצק,יח',3.00,יח',false,,19.90,6.6333,true,1,2115690
7290108352047,false,אורביטול - צמד מברשות שיניים 808 + חוט דנטלי במתנה,סנו,IL,צמד מברשות שיניים או,יח',2.00,יח',false,,14.90,7.4500,true,1,2237124
7290108352061,false,משחת שיניים 145ג 'אורביטול Charcoal Go White,טרופיקל דגיל תעשיות,IL,משחת שיניים אורביטול,גרמים,145.00,100 גרם,false,,9.90,0.0683,true,1,2257052
7290108352078,false,"שטיפת פה protective salt אורביטול 500 מ""ל",טרופיקל דגיל תעשיות,IL,אורביטול מי-פה פרוטק,מיליליטרים,500.00,"100 מ""ל",false,,17.90,0.0358,true,1,2160407
7290108352092,false,משחת שיניים אורביטול פרוטקטיב סולט בטעם מנטה,טרופיקל דגיל תעשיות,IL,משחת שיניים אורביטול,גרמים,145.00,100 גרם,false,,9.90,0.0683,true,1,2160616
7290108352108,false,משחת שיניים shocking fresh אורביטול 145 גר',ג'נרל מילס סאן אדריא,IL,משחת שיניים אורביטול,גרמים,145.00,100 גרם,false,,9.90,0.0683,true,1,2160409
7290108352139,false,ג'ל כביסה גרין פוויר אקולוגי 3 ל' סנו,סנו מפעלי ברונוס בעמ,IL,ג'ל כביסה אקולוגי 3,ליטרים,3.00,ליטר,false,,34.90,11.6333,true,1,2153917
7290108352146,false,"סנובון נוזלי בניחוח מגנוליה ונרולי 750 מ""ל",סנו מפעלי ברונוס בעמ,IL,סנובון נוזלי סנסורי,מיליליטרים,750.00,"100 מ""ל",false,,11.90,0.0159,true,1,2150562
7290108352153,false,"סנובון נוזלי בניחוח לוטוס וסחלב 750 מ""ל",מיוצר עי קונדיטוריית,IL,סנובון נוזלי סנסורי,מיליליטרים,750.00,"100 מ""ל",false,,11.90,0.0159,true,1,2150563
7290108352207,false,קפסולות כביסה מקסימה פלורל 40 יח' סנו,טרופיקל דגיל תעשיות,IL,קפסולות ג'ל לכביסה מ,יח',40.00,יח',false,,39.90,0.9975,true,1,2153861
7290108352214,false,סנו - מקסימה קפסולות כביסה בניחוח בריזה מרעננת 40 יח',טרופיקל דגיל תעשיות,IL,קפסולות ג'ל לכביסה מ,יח',40.00,יח',false,,39.90,0.9975,true,1,2153862
7290108352221,false,"סנו פרש הום פרש הום מלון מפנק 350 מ""ל",סנו מפעלי ברונוס בעמ,IL,מבשם אוויר פרש הום נ,מיליליטרים,350.00,"100 מ""ל",false,,14.90,0.0426,true,1,2154175
7290108352252,false,נוזל לניקוי כלים מתאים לניקוי ירקות ופירות סנו ספארק,"סנו מפעלי ברונוס בע""",IL,נוזל לכלים סנו ספארק,ליטרים,1.00,ליטר,false,,12.90,12.9000,true,1,2160453
7290108352269,false,דלי מטליות לחיטוי ולניקוי 99.9 % 400 יח' סנו,הורביץ סחר,IL,מטליות לחיטוי וניקוי,יח',400.00,יח',false,,34.90,0.0872,true,1,2153863
7290108352276,false,מטליות לחיטוי ולניקוי רצפות 70*40 + פתח למגב,"סנו מפעלי ברונס בע""מ",IL,מטליות לחיטויי וניקו,יח',10.00,יח',false,,14.90,1.4900,true,1,2150573
7290108352290,false,שלישיית מטליות לחיטוי ולניקוי לחדר האמבטיה,מיוצר עי קונדיטוריית,IL,מארז שלישיה מגבונים,יח',150.00,יח',false,,19.90,0.1327,true,1,2150575
7290108352313,false,שקית מילוי 99.9% מחטא ומשמיד חיידקים למשטחים,"מפעלו ברונוס בע""מ",IL,שקית מילוי למתז חיטו,מיליליטרים,750.00,"100 מ""ל",false,,9.90,0.0132,true,1,2153864
7290108352320,false,מבשם אוויר פרש הום נטול גז בניחוח מלון בוטיק,מיוצר עי קונדיטוריית,IL,מבשם אוויר פרש הום נ,מיליליטרים,350.00,"100 מ""ל",false,,14.90,0.0426,true,1,2154176
7290108352337,false,"סנו - פרש מילוי למטהר אוויר מלון מפנק 250 מ""ל",מיוצר עי קונדיטוריית,IL,מטהר אוויר פרש אוטומ,מיליליטרים,250.00,"100 מ""ל",false,,13.90,0.0556,true,1,2154177
7290108352344,false,"סנו - פרש מילוי למטהר אוויר מלון בוטיק 250 מ""ל",מיוצר עי קונדיטוריית,IL,מטהר אוויר פרש אוטומ,מיליליטרים,250.00,"100 מ""ל",false,,13.90,0.0556,true,1,2154178
7290108352351,false,"סנו תרסיס לחיטוי משטחים 99.9% - 400 מ""ל","סנו מפעלי ברונוס בע""",IL,תרסיס לחיטוי משטחים,מיליליטרים,400.00,"100 מ""ל",false,,9.90,0.0248,true,1,2153865
7290108352382,false,מטליות לחות באריזה אישית לחיטוי משטחים ואביזרים,טרופיקל דגיל תעשיות,IL,מגבונים הגיינים לחיט,יח',20.00,יח',false,,9.90,0.4950,true,1,2169286
7290108352399,false,ריצפז פרש הום בניחוח מרכך כביסה פלורל טאצ',"סנו מפעלי ברונוס בע""",IL,ריצפז פרש הום תרכיז,ליטרים,2.00,ליטר,false,,22.90,11.4500,true,1,2232209
7290108352412,false,"סנו - פרש הום מבשם לבית ולטקסטיל ורד אנגלי ועלים 300 מ""ל",מיוצר עי קונדיטוריית,IL,מבשם אוויר פרש הום e,מיליליטרים,300.00,"100 מ""ל",false,,14.90,0.0497,true,1,2160465
7290108352429,false,"פרש הום ארומתי ווילד ווד/ברי 300מ""ל",סנו מפעלי ברונוס בעמ,IL,מבשם אוויר פרש הום w,מיליליטרים,300.00,"100 מ""ל",false,,14.90,0.0497,true,1,2160466
7290108352436,false,סנובון מוצק שלישיה מגנוליה ונרולי,סנו מפעלי ברונוס בעמ,IL,שלישייה סנובון לאסלה,גרמים,165.00,100 גרם,false,,15.90,0.0964,true,1,2182583
7290108352443,false,סנובון מוצק שלישיה לוטס וסחלב,,,שלישייה סנובון לאסלה,גרמים,165.00,100 גרם,false,,15.90,0.0964,true,1,2182584
7290108352450,false,ריצפז פרש הום בניחוח מרכך כביסה בלו בלוסום,סנו מפעלי ברונוס בעמ,IL,ריצפז פרש הום תרכיז,ליטרים,2.00,ליטר,false,,22.90,11.4500,true,1,2175639
7290108352474,false,סנומוד ליידי קוקו Lady COCO בושם לבית,"סנו מפעלי ברונוס בע""",IL,מטהר אויר סנומוד ליי,מיליליטרים,150.00,"100 מ""ל",false,,10.90,0.0727,true,1,2183359
7290108352481,false,סנומוד נרסיסוס Narcissus בושם לבית,"סנו מפעלי ברונוס בע""",IL,מטהר אויר סנומוד נרס,מיליליטרים,150.00,"100 מ""ל",false,,10.90,0.0727,true,1,2183360
7290108352498,false,מכשיר אוטומטי מעוצב ואלגנטי עם מילוי מלון בוטיק סנו פרש,"יצרן מכשיר: זובלה,",IL,מכשיר לבישום סנו פרש,יחידה,0.00,יחידה,false,,49.90,0.0000,true,1,2199681
7290108352511,false,ניקוי וחיטוי מכונת הכביסה בתוספת חומץ סנו מקסימה,"איי, בי, אינבוו",IL,סנו מקסימה לניקוי וח,מיליליטרים,500.00,"100 מ""ל",false,,12.90,0.0258,true,1,2201097
7290108352528,false,"מתז לחיטוי וניקוי חדר האמבטיה 99.9% 750 מ""ל","איי, בי, אינבוו",IL,מתז לחיטוי וניקוי חד,מיליליטרים,750.00,"100 מ""ל",false,,18.90,0.0252,true,1,2200812
7290108352535,false,סנו - מקסימה דפי בישום לחים למייבש הכביסה בניחוח מרכך כביסה,סנו מקסימה,IL,דפי בישום למייבש כבי,יח',20.00,יח',false,,12.90,0.6450,true,1,2231539
7290108352566,false,מרכך כביסה בבישום עוצמתי 4 ל' סנו מקסינה,"סנו מפעלי ברונוס בע""",IL,מרכך כביסה מקסימה 4,ליטרים,4.00,ליטר,false,,22.90,5.7250,true,1,2227167
7290108352573,false,מרכך כביסה מקסימה בבישום עוצמתי 4 ל' סנו,סנו,IL,מרכך כביסה מקסימה CA,ליטרים,4.00,ליטר,false,,22.90,5.7250,true,1,2245349
7290108352634,false,סנו סופט - נייר טואלט חתוך במארז עשירייה,,,נייר טואלט חתוך סופט,יח',1000.00,יח',false,,14.90,0.0149,true,1,1550320
7290108352641,false,סנו סושי מטלית הפלא לניקוי כללי במארז שלישייה,סנו מפעלי ברונוס.,CN,שלישיית מטליות הפלא,יח',3.00,יח',false,,14.90,4.9667,true,1,1624096
7290108352689,false,סנו סושי כריות קרצוף ללכלוך קשה 9 יח',טרופיקל דגיל תעשיות,US,כריות קרצוף לליכלוך,יח',9.00,יח',false,,9.90,1.1000,true,1,1386201
7290108352696,false,"סנו סושי ניילון נצמד רחב במיוחד 45ס""מ",סנו סושי,IL,ניילון נצמד רחב במיו,מטרים,100.00,מטר,false,,30.90,0.3090,true,1,1840324
7290108352702,false,מגבוני טואלט לחים סנו סופט בוב ספוג שלישיה,סנו סופט Soft,,מארז שלישייה מגבוני,יח',144.00,יח',false,,15.90,0.1104,true,1,1360394
7290108352788,false,סנו סושי שקיות זיפר 20יח' L,פיין ונטג,CN,שקיות זיפר 20 יח' מי,יח',20.00,יח',false,,12.90,0.6450,true,1,1977768
7290108352801,false,"שקיות אשפה S לפחים קטנים 56*45 ס""מ בניחוח עדין","סנו מפעלי ברונוס בע""",IL,סושי שקיות אשפה 45*5,יח',100.00,יח',false,,19.90,0.1990,true,1,1798052
7290108352818,false,מטלית במבוק לניקוי דוחה ריחות רעים,טרופיקל דגיל תעשיות,CN,מטלית במבוק לניקוי ס,יח',1.00,יח',false,,8.90,8.9000,true,1,1977757
7290108352825,false,ספוג הפלא נירוסטה סנו סושי 3יח',s.k.a.t ltdסנו מפעלי,CN,ספוג הפלא נירוסטה סנ,יח',3.00,יח',false,,9.90,3.3000,true,1,1840325
7290108352849,false,שלישיית מטליות הפלא לניקוי כללי דקור סנו סושי,טרופיקל דגיל תעשיות,CN,שלישיית מטליות הפלא,יח',3.00,יח',false,,14.90,4.9667,true,1,2160454
7290108352863,false,סנו סושי שקיות צלייה 20יח' מידה L,מיוצר עי קונדיטוריית,TR,שקיות צליה סנו סושי,יח',20.00,יח',false,,7.90,0.3950,true,1,1916741
7290108352870,false,סנו סושי שקיות צלייה 10יח' מידה XL,מיוצר עי קונדיטוריית,TR,שקיות צליה סנו סושי,יח',10.00,יח',false,,7.90,0.7900,true,1,1916742
7290108352887,false,"זוג מפות שולחן עשויות מבד בלתי ארוג 180*120 ס""מ",מיוצר עי קונדיטוריית,CN,זוג מפות שולחן לבנות,יח',2.00,יח',false,,9.90,4.9500,true,1,1916735
7290108352894,false,סנו סושי מפת שולחן חגיגית,שואוגאנג,CN,מפת שולחן חגיגית סנו,יח',1.00,יח',false,,7.90,7.9000,true,1,1977747
7290108352917,false,כפפות ניטריל כחולות 80 יח' S סנו סושי,,,כפפות ניטריל כחולות,יח',80.00,יח',false,,28.90,0.3612,true,1,1989972
7290108352924,false,כפפות ניטריל כחולות 80 יח' M סנו סושי,,,כפפות ניטריל כחולות,יח',80.00,יח',false,,28.90,0.3612,true,1,1989973
7290108352931,false,כפפות ניטריל כחולות 80 יח' L סנו סושי,,,כפפות ניטריל כחולות,יח',80.00,יח',false,,28.90,0.3612,true,1,1989974
7290108352948,false,"תבניות מאפינס אקסטרא חזקות 24 *16ס""מ סנו",,,7 תבניות מאפינס סנו,יח',7.00,יח',false,,14.90,2.1286,true,1,1989975
7290108352955,false,"4 תבניות אקסטרא חזקות 31*16ס""מ סנו",יויו טינואט,CN,4 תבניות אינגליש סנו,יח',4.00,יח',false,,14.90,3.7250,true,1,1989976
7290108352962,false,"תבניות עמוקות אקסטרא חזקות 30*25ס""מ סנו",סנו סושי,,3 תבניות עמוקות סנו,יח',3.00,יח',false,,14.90,4.9667,true,1,1989977
7290108352979,false,"4 תבניות L אקסטרא חזקות 36*26ס""מ סנו",,,4 תבניות L סנו סושי,יח',4.00,יח',false,,14.90,3.7250,true,1,1989978
7290108352986,false,"3 תבניות XL אקסטרא חזקות 40*29ס""מ סנו",,,3 תבניות XL סנו סושי,יח',3.00,יח',false,,14.90,4.9667,true,1,1989979
7290108352993,false,"סנו סושי 2 תבניות XL אקסטרא חזקות 43*31ס""מ",,,2 תבניות XL עמוקות ס,יח',2.00,יח',false,,14.90,7.4500,true,1,1989980
7290108353006,false,שקיות מזון נקשרות סנו סושי 250 יח',מיוצר עי קונדיטוריית,CN,שקיות מזון נקשרות סנ,יח',250.00,יח',false,,12.90,0.0516,true,1,2094341
7290108353013,false,תבניות אינגלישקייק מנייר סנו סושי 5 יח',מיוצר עי קונדיטוריית,CN,תבניות אינגלישקייק מ,יח',5.00,יח',false,,11.90,2.3800,true,1,2123689
7290108353020,false,"סנו סושי תבנית אפיה מנייר מלבן גדול מארז, 4 יח'",מיוצר עי קונדיטוריית,CN,תבנית אפייה מלבנית מ,יח',4.00,יח',false,,11.90,2.9750,true,1,2123690
7290108353037,false,"תבניות אפיה עגולות מנייר קוטר 21 ס""מ",מיוצר עי קונדיטוריית,CN,תבנית אפייה עגולה מנ,יח',4.00,יח',false,,11.90,2.9750,true,1,2123691
7290108353068,false,ספוג הפלא נירוסטה עם סיבי קירצוף סנו סושי 2 יח',מיוצר עי קונדיטוריית,CN,כרית קירצוף עם סיבי,יח',2.00,יח',false,,9.90,4.9500,true,1,2123713
7290108353082,false,ממחטות אף בקופסה 2 שכבות סנו סופט 120 דף,מיוצר עי קונדיטוריית,IL,מגבוני אף סנו סופט ב,יח',120.00,יח',false,,6.90,0.0575,true,1,2123714
7290108353334,false,"שמפו למניעת קשקשים עם שמן עץ התה ואסאי 700 מ""ל כיף",קוסמופארם בעמ,IL,"שמפו כיף 700 מ""ל עם",מיליליטרים,700.00,"100 מ""ל",false,,14.90,0.0213,true,1,2129157
7290108353341,false,"מרכך למניעת קשקשים עם שמן עץ התה ואסאי 700 מ""ל כיף",קוסמופארם בעמ,IL,"מרכך כיף 700 מ""ל עם",מיליליטרים,700.00,"100 מ""ל",false,,14.90,0.0213,true,1,2129158
7290108353372,false,צמד מברשות שיניים 12 אלף סיבי פחם,סנו,IL,מברשת שיניים NANO פח,יח',2.00,יח',false,,29.90,14.9500,true,1,2257053
7290108353389,false,"אורביטול - מי פה ג'וניור לגילאי 8+ 250 מ""ל",,,אורביטול קיד מי פה ג,מיליליטרים,250.00,"100 מ""ל",false,,14.90,0.0596,true,1,2250446
7290108353396,false,צמד מברשות שיניים עם סיבים דקים ורכים במיוחד,יבואן ומשווק: ש. שסט,CN,צמד מברשות שיניים או,יח',2.00,יח',false,,14.90,7.4500,true,1,2144338
7290108353419,false,צמד מברשות שיניים עם סיבי הלבנה ספירליים,,,צמד מברשות שיניים או,יח',2.00,יח',false,,14.90,7.4500,true,1,2144340
7290108353426,false,צמד מברשות שיניים לחניכיים ושיניים רגישות,יבואן ומשווק: ש. שסט,CN,צמד מברשות שיניים או,יח',2.00,יח',false,,14.90,7.4500,true,1,2144341
7290108353433,false,שטיפת פה לרעננות מתמשכת מנטה עדין Protect & Fresh,"קוסמופארם בע""מ",IL,שטיפת פה PROTECT & F,מיליליטרים,500.00,"100 מ""ל",false,,19.90,0.0398,true,1,1977748
7290108353440,false,"אורביטול - מברשת שיניים 12,000 סיבים","ב.א מזון בע""מ",CN,מברשת שיניים NANO או,יח',2.00,יח',false,,29.90,14.9500,true,1,2216614
7290108353471,false,סנו - סנובון מעוצב בניחוח ספא,סנו,,סנובון DESIGN בניחוח,גרמים,65.00,100 גרם,false,,7.90,0.1215,true,1,2115695
7290108353488,false,סנו - סנובון מעוצב בניחוח סחלב פראי,מיוצר עי קונדיטוריית,IL,סנובון DESIGN בניחוח,גרמים,55.00,100 גרם,false,,7.90,0.1436,true,1,2115696
7290108353495,false,אורביטול - חוט דנטאלי 50 מטר בתוספת שעווה ופלואוריד,,,חוט דנטלי עם שעווה א,מטרים,50.00,מטר,false,,9.90,0.1980,true,1,2264821
7290108353501,false,סנו סושי שקיות אשפה עם ידיות 25 יח' XXL,טרופיקל דגיל תעשיות,TR,סושי שקיות אשפה 75*9,יח',25.00,יח',false,,21.90,0.8760,true,1,2138117
7290108353518,false,"תבניות אלומיניום עם ידיות אחיזה 34*29 ס""מ",קריניסה ויטמין אס אי,CN,2 תבניות אלומיניום ע,יח',2.00,יח',false,,9.90,4.9500,true,1,2133439
7290108353525,false,תבניות אלומיניום עם ידיות אחיזה 25*20,קריניסה ויטמין אס אי,CN,4 תבניות אלומיניום ע,יח',4.00,יח',false,,9.90,2.4750,true,1,2133440
7290108353532,false,"שקיות אשפה נשלפות עם שרוך 65*54 ס""מ L",סנו סושי,IL,סושי שקיות אשפה 54*6,יח',100.00,יח',false,,29.90,0.2990,true,1,2138118
7290108353549,false,נייר אפיה סנו סושי 100 יח',"טופ פלסט 2002 בע""מ",IL,נייר אפיה סנו סושי 1,יח',100.00,יח',false,,19.90,0.1990,true,1,2138119
7290108353563,false,צלחות מקנה סוכר טבעי סנו סושי - 10'' *25,הנסיך- מפעל לייצור ט,CN,צלחות מקנה סוכר טבעי,יח',25.00,יח',false,,19.90,0.7960,true,1,2160653
7290108353587,false,"קעריות מעוטרות מקנה סוכר בקוטר 15 ס""מ","שנדונג , סין",CN,קעריות מקנה סוכר טבע,יח',25.00,יח',false,,13.90,0.5560,true,1,2160655
7290108353594,false,סנו סושי צלחות אובליות 25 יח',סנו סושי,,צלוחיות מקנה סוכר טב,יח',25.00,יח',false,,9.90,0.3960,true,1,2160656
7290108353648,false,סנו סושי - שקיות אוכל מנייר 70 יחידות,סנו מפעלי ברונוס.,TR,שקיות אוכל מנייר = מ,יח',70.00,יח',false,,10.90,0.1557,true,1,2178523
7290108353655,false,"סנו סושי - 50 מפיות אירוח איכותיות גדולות ועבות 3 שכבות לבנות """,האנק טישו,PL,מפיות אירוח סנו סושי,יח',50.00,יח',false,,9.90,0.1980,true,1,2138136
7290108353662,false,"סנו סושי מפת שולחן מוטבעת 120*270 ס""מ",,,מפת שולחן מוטבעת סנו,יח',1.00,יח',false,,10.90,10.9000,true,1,2239092
7290108353679,false,סנו סושי – ניילון שקופות 10 מפות,מיוצר עי קונדיטוריית,IL,מפות ניילון שקופות 1,יח',10.00,יח',false,,14.90,1.4900,true,1,2153866
7290108353686,false,מטלית חלומית לריצפה מיקרופייבר,נינגבו סנבנג,CN,מטלית חלומית לרצפה ס,יח',1.00,יח',false,,10.90,10.9000,true,1,2160448
7290108353693,false,"צלחות מעוטרות מקנה סוכר בקוטר 19 ס""מ",סנו סושי,,צלחות מקנה סוכר טבעי,יח',25.00,יח',false,,14.90,0.5960,true,1,2160657
7290108353709,false,כפפות ניטריל שחורות 80 יח' S סנו סושי,,,כפפות ניטריל שחורות,יח',80.00,יח',false,,28.90,0.3612,true,1,2250447
7290108353730,false,"קרמה - תחליב רחצה חימר אוכמניות כחולות 500 מ""ל",,,תחליב רחצה קרמה חימר,מיליליטרים,500.00,"100 מ""ל",false,,16.90,0.0338,true,1,2246697
7290108353747,false,"תחליב רחצה אירוודה, בניחוח טונקה 600 מ""ל קרימה",קוסמופארם,IL,תחליב רחצה קרמה אירו,מיליליטרים,600.00,"100 מ""ל",false,,17.90,0.0298,true,1,2264807
7290108353761,false,"תחליב רחצה זן, בניחוח קשמיר 600 מ""ל קרימה",קוסמופארם,IL,תחליב רחצה קרמה זן 6,מיליליטרים,600.00,"100 מ""ל",false,,17.90,0.0298,true,1,2264808
7290108353778,false,"תחליב רחצה נקה שוודיה בניחות פיטנגו 750 מ""ל",קוסמופארם בע''מ,IL,תחליב רחצה נקה 7 שוו,מיליליטרים,750.00,"100 מ""ל",false,,12.90,0.0172,true,1,2169303
7290108353785,false,תחליב רחצה נקה 7 בניחוח טונקה,נקה 7,,תחליב רחצה נקה 7 מרו,מיליליטרים,750.00,"100 מ""ל",false,,12.90,0.0172,true,1,2172735
7290108353792,false,"תחליב רחצה נקה יפן פריחת הדובדבנים 750 מ""ל",קוסמופארם בע''מ,IL,תחליב רחצה נקה 7 פרי,מיליליטרים,750.00,"100 מ""ל",false,,12.90,0.0172,true,1,2169304
7290108353808,false,"תחליב רחצה נקה מדגסקר בניחות אמבר 750 מ""ל",קוסמופארם בע''מ,IL,תחליב רחצה נקה 7 מדג,מיליליטרים,750.00,"100 מ""ל",false,,12.90,0.0172,true,1,2169309
7290108353815,false,"תחליב רחצה מדיטציה, בניחוח פצ'ולי לבנדר 600 מ""ל קרימה",קוסמופארם,IL,תחליב רחצה קרמה מדיט,מיליליטרים,600.00,"100 מ""ל",false,,17.90,0.0298,true,1,2264814
7290108353839,false,כפפות ניטריל שחורות 80 יח' M סנו סושי,,,כפפות ניטריל שחורות,יח',80.00,יח',false,,28.90,0.3612,true,1,2250448
7290108353846,false,כפפות ניטריל שחורות 80 יח' L סנו סושי,,,כפפות ניטריל שחורות,יח',80.00,יח',false,,28.90,0.3612,true,1,2250449
7290108353891,false,"קרמה - דאודורנט רול און לאישה קרמה מאסק 75 מ""ל","קוסמופארם בע""מ",IL,דאודרנט קרמה רול און,מיליליטרים,75.00,"100 מ""ל",false,,12.90,0.1720,true,1,2160434
7290108353907,false,"קרמה - דאודורנט רול און לאישה קרמה קלאסי 75 מ""ל","קוסמופארם בע""מ",IL,דאודרנט קרמה רול און,מיליליטרים,75.00,"100 מ""ל",false,,12.90,0.1720,true,1,2160423
7290108353945,false,דאודורנט ספריי קרמה בניחוח אשכולית ולמון גראס,קרמה Crema,,דאודורנט קרמה ספריי,מיליליטרים,150.00,"100 מ""ל",false,,12.90,0.0860,true,1,2216284
7290108353969,false,"קרמה - דאודורנט ספריי לאישה קרמה מאסק 150 מ""ל",קרמה Crema,IL,דאודורנט קרמה ספריי,מיליליטרים,150.00,"100 מ""ל",false,,12.90,0.0860,true,1,2216278
7290108353983,false,"קרמה - קרם גוף קרמה קלאסי 500 מ""ל",טרופיקל דגיל תעשיות,IL,קרם גוף קרמה קלאסי,מיליליטרים,500.00,"100 מ""ל",false,,24.90,0.0498,true,1,2170371
7290108354003,false,"תחליב רחצה קרמה ג'ינג'ר ולמון גראס 700 מ""ל",קרמה Crema,,תחליב רחצה קרמה ג'ינ,מיליליטרים,700.00,"100 מ""ל",false,,16.90,0.0241,true,1,2160435
7290108354034,false,"סבון ידיים חמאת שיאה וקוקוי 300 מ""ל קרמה",טרופיקל דגיל תעשיות,IL,סבון ידיים קרמה חמאת,מיליליטרים,300.00,"100 מ""ל",false,,9.90,0.0330,true,1,2160617
7290108354065,false,"קרמה - מן ג'ל רחצה פילינג 700 מ""ל",קוסמופארם בע''מ,IL,קרמה מן ג'ל רחצה פיל,מיליליטרים,700.00,"100 מ""ל",false,,18.90,0.0270,true,1,2237091
7290108354164,false,אל סבון כיף מועשר בשמנים מארז שלישייה,טרופיקל דגיל תעשיות,IL,אל סבון כיף מועשר בש,יח',3.00,יח',false,,19.90,6.6333,true,1,2179484
7290108354263,false,אורביטול - משחת שיניים 6+ חד קרן 70 גרם,טרופיקל דגיל תעשיות,IL,משחת שיניים אורביטול,גרמים,70.00,100 גרם,false,,8.90,0.1271,true,1,2179485
7290108354270,false,מרכך כביסה מרוכז בבישום עוצמתי 1 ל' סנו מקסימה,מיוצר עי קונדיטוריית,IL,מרכך כביסה מרוכז מקס,ליטרים,1.00,ליטר,false,,17.90,17.9000,true,1,2227168
7290108354355,false,סנו מגבוני היגיינים לניקוי הידיים 70 % אלכוהול 20 יח',דן - מור חומרי טבע ו,IL,מגבונים הגיינים לחיט,יח',20.00,יח',false,,9.90,0.4950,true,1,2167936
7290108354362,false,"סנו מדיק אל סבון היגייני לידיים 500 מ""ל",,,אל סבון הגייני לידיי,מיליליטרים,500.00,"100 מ""ל",false,,9.90,0.0198,true,1,2178524
7290108354416,false,"תחליב רחצה יוגה, בניחוח ברגמוט 600מ""ל קרימה",קוסמופארם,IL,תחליב רחצה קרמה יוגה,מיליליטרים,600.00,"100 מ""ל",false,,17.90,0.0298,true,1,2264809
7290108354430,false,"שמפו כיף לשיקום והזנה שמן קוקוס וקרטין 700 מ""ל",קוסמופארם בעמ,IL,שמפו כיף שמן קוקוס ו,מיליליטרים,700.00,"100 מ""ל",false,,14.90,0.0213,true,1,2186174
7290108354447,false,"מרכך כיף לשיקום והזנה שמן קוקוס וקרטין 700 מ""ל",גוד פוד פרודקטס S.p,IL,מרכך כיף שמן קוקוס ו,מיליליטרים,700.00,"100 מ""ל",false,,14.90,0.0213,true,1,2186175
7290108354461,false,"שמפו קרליין 10 חימר 700 מ""ל",,,שמפו קרליין 10 חימר,מיליליטרים,700.00,"100 מ""ל",false,,12.90,0.0184,true,1,2279726
7290108354478,false,"מרכך קרליין 10 חימר 700 מ""ל",,,מרכך קרליין 10 חימר,מיליליטרים,700.00,"100 מ""ל",false,,12.90,0.0184,true,1,2279727
7290108354492,false,"קרליין - שמפו 10 שמן ארגן 700 מ""ל",קרליין Careline,IL,שמפו קרליין 10 לשיער,מיליליטרים,700.00,"100 מ""ל",false,,12.90,0.0184,true,1,2245638
7290108354591,false,"תחליב רחצה בניחוח מי קקטוס ושמן באבאסו 750 מ""ל נקה 7",סנו,IL,תחליב רחצה נקה 7 ביו,מיליליטרים,750.00,"100 מ""ל",false,,11.90,0.0159,true,1,2253210
7290108354614,false,"מרכך בניחוח מי קקטוס ושמן באבאסו 750 מ""ל נקה 7",אמיליה קוסמטיקס,IL,נקה 7 מרכך ביו 750 מ,מיליליטרים,750.00,"100 מ""ל",false,,11.90,0.0159,true,1,2253212
7290108354621,false,"מסיכה לשיער לחות מוגברת עם אפרסק וחמאת מורומורו 500 מ""ל כיף",סנו,IL,מסיכה לשיער לחות מוג,מיליליטרים,500.00,"100 מ""ל",false,,25.90,0.0518,true,1,2267114
7290108354706,false,"קרמה - תחליב רחצה מאסק 500 מ""ל",קוסמופארם,IL,תחליב רחצה קרמה מאסק,מיליליטרים,500.00,"100 מ""ל",false,,16.90,0.0338,true,1,2219018
7290108354713,false,"קרמה - תחליב רחצה קלאסי 500 מ""ל",קוסמופארם,IL,תחליב רחצה קרמה קלאס,מיליליטרים,500.00,"100 מ""ל",false,,16.90,0.0338,true,1,2219019
7290108354720,false,סנו פרש הום מקלות ריחניים בניחוח ליידי קוקו 100מל',,,מקלות ריחניים לבית ל,מיליליטרים,100.00,"100 מ""ל",false,,24.90,0.2490,true,1,2280313
7290108354751,false,"סנו - ג'ט מרסס לניקוי כללי בתוספת אבקת סודה 750 מ""ל","סנו מפעלי ברונוס בע""",IL,מתז לניקוי כללי ג'ט+,מיליליטרים,750.00,"100 מ""ל",false,,19.90,0.0265,true,1,1933257
7290108354768,false,קרמה קרם גוף דבש 500,מיוצר בסין.יבוא ושיו,IL,קרם גוף קרמה דבש 500,מיליליטרים,500.00,"100 מ""ל",false,,24.90,0.0498,true,1,2219020
7290108354829,false,"קרמה - קרם ידיים ורד הוניל 100 מ""ל",קוסמופארם,IL,קרם ידיים קרמה ורד ו,מיליליטרים,100.00,"100 מ""ל",false,,12.90,0.1290,true,1,2169101
7290108354850,false,"קרמה דאודורנט רול און בריזת ים 75 מ""ל",קרמה Crema,IL,דאודרנט קרמה רול און,מיליליטרים,75.00,"100 מ""ל",false,,12.90,0.1720,true,1,2160424
7290108354911,false,"שמפו, ג'ל רחצה וגילוח מועשר בתמצית אלוורה",טרופיקל דגיל תעשיות,IL,קרמה מן 3 ב-1 שמפו/ג,מיליליטרים,700.00,"100 מ""ל",false,,18.90,0.0270,true,1,2150581
7290108354973,false,"סבון ידיים ורד ווניל קרמה 300 מ""ל",טרופיקל דגיל תעשיות,IL,סבון ידיים קרמה ורד,מיליליטרים,300.00,"100 מ""ל",false,,9.90,0.0330,true,1,2160618
7290108354980,false,קרם ידיים מרוכז לידיים יבשות מאוד ללא בישום,קוסמופארם,IL,קרם ידיים קרמה מרוכז,מיליליטרים,50.00,"100 מ""ל",false,,15.90,0.3180,true,1,2179401
7290108355000,false,"שמפו מיניונים לילדים נקה 7 750 מ""ל",נקה 7,,שמפו נקה 7 קידס מיני,מיליליטרים,750.00,"100 מ""ל",false,,14.90,0.0199,true,1,1350114
7290108355017,false,"נקה 7 - מרכך לשיער מיניונים 750 מ""ל",נקה 7,,מרכך נקה 7 קידס מיני,מיליליטרים,750.00,"100 מ""ל",false,,14.90,0.0199,true,1,1350115
7290108355024,false,"שמפו ומרכך מיניונים קידס נקה 7 750 מ""ל",קוסמופארם בע''מ,IL,שמפו+מרכך נקה 7 קידס,מיליליטרים,750.00,"100 מ""ל",false,,14.90,0.0199,true,1,1350116
7290108355031,false,"נקה 7 אלסבון קידס מיניונים 750 מ""ל",נקה 7,,אל סבון נקה 7 קידס מ,מיליליטרים,750.00,"100 מ""ל",false,,14.90,0.0199,true,1,1350117
7290108355055,false,לחות עם גלייז לתלתול מעוצב ומוגדר,נטורל פורמולה Natural Formula,,לחות לשיער עם גלייז,מיליליטרים,400.00,"100 מ""ל",false,,29.90,0.0747,true,1,1550343
7290108355062,false,"קרם לחות מקצועית עם קרטין נטורל 400 מ""ל",,,קרם לחות לשיער עם קר,מיליליטרים,400.00,"100 מ""ל",false,,29.90,0.0747,true,1,1550344
7290108355079,false,"נטורל - לחות לשיער עם שמן קוקוס 400 מ""ל",,,לחות לשיער עם קוקוס,מיליליטרים,400.00,"100 מ""ל",false,,29.90,0.0747,true,1,1550345
7290108355116,false,בייבי כיף אל סבון לפני שינה 750 מל,,,אל סבון בייבי כיף לפ,מיליליטרים,750.00,"100 מ""ל",false,,17.90,0.0239,true,1,1916719
7290108355123,false,"בייבי כיף קרם גוף לפני שינה 500 מ""ל",,,קרם גוף בייבי כיף לפ,מיליליטרים,500.00,"100 מ""ל",false,,24.90,0.0498,true,1,1916720
7290108355130,false,"בייבי כיף שמן גוף לפני שינה 500 מ""ל",,,שמן גוף בייבי כיף לפ,מיליליטרים,500.00,"100 מ""ל",false,,24.90,0.0498,true,1,1916721
7290108355147,false,"תחליב רחצה נקה 7שמני רחצה 750 מ""ל",נקה 7,,תחליב רחצה נקה 7 שמנ,מיליליטרים,750.00,"100 מ""ל",false,,12.90,0.0172,true,1,1796397
7290108355154,false,"שמפו שמני הזנה 750 מ""ל נקה 7",גוד פוד פרודקטס S.p,IL,נקה 7 שמפו שמני הזנה,מיליליטרים,750.00,"100 מ""ל",false,,11.90,0.0159,true,1,1796398
7290108355161,false,"מרכך שיער שמני הזנה 750 מ""ל נקה 7",אמיליה קוסמטיקס,IL,מרכך שיער נקה 7 שמני,מיליליטרים,750.00,"100 מ""ל",false,,11.90,0.0159,true,1,1796399
7290108355178,false,"קרמה - קרם ידיים חמאת שיאה וקוקוי 100 מ""ל",קוסמופארם,IL,קרם ידיים קרמה חמאת,מיליליטרים,100.00,"100 מ""ל",false,,12.90,0.1290,true,1,2169292
7290108355185,false,"נטורל מסיכת קרטין אינטנס למניעת קשקשים 350 מ""ל",נטורל פורמולה Natural Formula,IL,מסיכה לשיער קרטין אי,מיליליטרים,350.00,"100 מ""ל",false,,39.90,0.1140,true,1,1705122
7290108355192,false,"נטורל מרכך קרטין אינטנס למניעת קשקשים 400 מ""ל",נטורל פורמולה Natural Formula,IL,מרכך קרטין אינטנס למ,מיליליטרים,400.00,"100 מ""ל",false,,29.90,0.0747,true,1,1705078
7290108355208,false,"שמפו קרטין אינטנס למניעת קשקשים נטורל 400 מ""ל",נטורל פורמולה Natural Formula,IL,שמפו קרטין אינטנס למ,מיליליטרים,400.00,"100 מ""ל",false,,29.90,0.0747,true,1,1705079
7290108355253,false,"נקה 7 - ג'ל רחצה אקסטרה פרש לגבר 750 מ""ל",,,נקה 7 ג'ל רחצה לגבר,מיליליטרים,750.00,"100 מ""ל",false,,11.90,0.0159,true,1,1915957
7290108355277,false,"נקה 7 - שמפו ומרכך לגבר 2 ב-1 750 מ""ל",,,נקה 7 שמפו 2 ב-1 לגב,מיליליטרים,750.00,"100 מ""ל",false,,11.90,0.0159,true,1,1915959
7290108355307,false,"נקה 7 - שמפו סירוק קל רוזמרין 750 מ""ל",גוד פוד פרודקטס S.p,IL,נקה 7 שמפו לשיער רגי,מיליליטרים,750.00,"100 מ""ל",false,,11.90,0.0159,true,1,2094345
7290108355314,false,מרכך לסירוק קל בתוספת רוזמרין,גוד פוד פרודקטס S.p,IL,מרכך שיער נקה 7 לשיע,מיליליטרים,750.00,"100 מ""ל",false,,11.90,0.0159,true,1,2094346
7290108355451,false,"קרמה - דאודורנט רול און לאישה קרמה ורד ווניל 75 מ""ל",קרמה Crema,IL,דאודרנט קרמה רול און,מיליליטרים,75.00,"100 מ""ל",false,,12.90,0.1720,true,1,2160425
7290108355536,false,"קרמה - דאודורנט ספריי לאישה קרמה ורד וניל 150 מ""ל",קרמה Crema,,דאודורנט קרמה ספריי,מיליליטרים,150.00,"100 מ""ל",false,,12.90,0.0860,true,1,2216286
7290108355659,false,מרכך פיור אסנס לשיער,,,מרכך פיור אסנס לשיער,מיליליטרים,600.00,"100 מ""ל",false,,14.90,0.0248,true,1,2123762
7290108355727,false,"קרליין קרם גוף מבושם PURE LOVE שפופרת 250 מ""ל",,,"קרם גוף מבושם 250 מ""",מיליליטרים,250.00,"100 מ""ל",false,,24.90,0.0996,true,1,2153921
7290108355734,false,"קרליין קרם גוף מבושם KISS STOLEN שפופרת 250 מ""ל",,,"קרם גוף מבושם 250 מ""",מיליליטרים,250.00,"100 מ""ל",false,,24.90,0.0996,true,1,2153922
7290108355802,false,"תחליב רחצה קרמה ורד ווניל 700 מ""ל",גוד פוד פרודקטס S.p,IL,תחליב רחצה קרמה ורד,מיליליטרים,700.00,"100 מ""ל",false,,16.90,0.0241,true,1,2160443
7290108356021,false,"כיף תחליב רחצה בניחות קרם עוגיות 700 מ""ל",גוד פוד פרודקטס S.p,IL,תחליב רחצה כיף בניחו,מיליליטרים,700.00,"100 מ""ל",false,,12.90,0.0184,true,1,1977759
7290108356045,false,"כיף תחליב רחצה בניחות גלידת סוכריות גלי 700 מ""ל",כיף,,תחליב רחצה כיף בניחו,מיליליטרים,700.00,"100 מ""ל",false,,12.90,0.0184,true,1,1977761
7290108356106,false,"תחליב רחצה כיף שקדים 700 מ""ל",קריות זול,IL,תחליב רחצה כיף שקד 7,מיליליטרים,700.00,"100 מ""ל",false,,12.90,0.0184,true,1,1924910
7290108356113,false,"כיף תחליב רחצה דבש 700 מ""ל-מרכז",קוסמופארם בעמ,IL,תחליב רחצה כיף דבש 7,מיליליטרים,700.00,"100 מ""ל",false,,12.90,0.0184,true,1,1924911
7290108356120,false,"כיף תחליב רחצה קוקוס וניל 700 מ""ל",קריות זול,IL,תחליב רחצה כיף קוקוס,מיליליטרים,700.00,"100 מ""ל",false,,12.90,0.0184,true,1,1924912
7290108356137,false,"כיף - תחליב רחצה לבנדר 700 מ""ל",קריות זול,IL,תחליב רחצה כיף לבנדר,מיליליטרים,700.00,"100 מ""ל",false,,12.90,0.0184,true,1,1924913
7290108356168,false,"כיף - תחליב רחצה אוקיינוס 700 מ""ל",גוד פוד פרודקטס S.p,IL,תחליב רחצה כיף אוקיי,מיליליטרים,700.00,"100 מ""ל",false,,12.90,0.0184,true,1,1924915
7290108356175,false,כיף אל סבון אבטיח ומנטה 1 ליטר,טרופיקל דגיל תעשיות,IL,אל סבון כיף אבטיח ומ,ליטרים,1.00,ליטר,false,,10.90,10.9000,true,1,2157308
7290108356182,false,כיף אל סבון תאנה ותה ירוק 1 ליטר,סנו,IL,אל סבון כיף תאנה ותה,ליטרים,1.00,ליטר,false,,10.90,10.9000,true,1,2157313
7290108356199,false,כיף אל סבון אפרסק ופלפל שחור 1 ליטר,טרופיקל דגיל תעשיות,IL,אל סבון כיף אפרסק ופ,ליטרים,1.00,ליטר,false,,10.90,10.9000,true,1,2157314
7290108356298,false,"כיף - מוס רחצה בניחוח קרם עוגיות 150 מ""ל",כיף,,מוס רחצה כיף בניחוח,מיליליטרים,150.00,"100 מ""ל",false,,12.90,0.0860,true,1,2231541
7290108356359,false,"קרמה - מן קרם לחות לגוף לאחר גילוח 400 מ""ל",קוסמופארם בעמ,IL,קרם לחות לגוף לאחר ג,מיליליטרים,400.00,"100 מ""ל",false,,24.90,0.0622,true,1,2150582
7290108356489,false,"כיף - תחליב רחצה אפרסק וחמאת מורומורו 700 מ""ל",קוסמופארם,IL,תחליב רחצה כיף אפרסק,מיליליטרים,700.00,"100 מ""ל",false,,14.90,0.0213,true,1,2245350
7290108356519,false,קרליין שמפו 10למניעת קשקשים 700מל,קרליין Careline,IL,שמפו קרליין 10 לשיער,מיליליטרים,700.00,"100 מ""ל",false,,12.90,0.0184,true,1,2237103
7290108356526,false,"קרליין - שמפו 10 לשיער יבש 700 מ""ל",קרליין Careline,IL,שמפו קרליין 10 לשיער,מיליליטרים,700.00,"100 מ""ל",false,,12.90,0.0184,true,1,2237104
7290108356533,false,"שמפו 10 לשיער מתולתל 700 מ""ל קרליין",קרליין Careline,IL,שמפו קרליין 10 לשיער,מיליליטרים,700.00,"100 מ""ל",false,,12.90,0.0184,true,1,2237105
7290108356540,false,"שמפו 10 לשיער צבוע 700 מ""ל קרליין",סנו,IL,שמפו קרליין 10 לשיער,מיליליטרים,700.00,"100 מ""ל",false,,12.90,0.0184,true,1,2237106
7290108356557,false,"שמפו 10 לשיער למניעת קשקשים 700 מ""ל קרליין",קרליין Careline,IL,שמפו קרליין 10 למניע,מיליליטרים,700.00,"100 מ""ל",false,,12.90,0.0184,true,1,2237107
7290108356564,false,"קרליין - מרכך 10 לשיער רגיל 700 מ""ל",קרליין Careline,IL,מרכך קרליין 10 לשיער,מיליליטרים,700.00,"100 מ""ל",false,,12.90,0.0184,true,1,2237108
7290108356571,false,"קרליין - מרכך 10 לשיער יבש 700 מ""ל",קרליין Careline,IL,מרכך קרליין 10 לשיער,מיליליטרים,700.00,"100 מ""ל",false,,12.90,0.0184,true,1,2237109
7290108356588,false,"מרכך 10 לשיער מתולתל 700 מ""ל קרליין",קרליין Careline,IL,מרכך קרליין 10 לשיער,מיליליטרים,700.00,"100 מ""ל",false,,12.90,0.0184,true,1,2237110
7290108356809,false,סבון בוטני ורד ומרווה לניקוי וטיפוח הידיים טבעוני 1 ל' כיף,"קוסופארם בע""מ",IL,אל סבון כיף + משאבה,ליטרים,1.00,ליטר,false,,10.90,10.9000,true,1,2264801
7290108356816,false,"סבון בוטני גרניום ופטצ'ולי לניקוי וטיפוח הידיים, טבעוני 1 ל' כיף","קוסופארם בע""מ",IL,אל סבון כיף + משאבה,ליטרים,1.00,ליטר,false,,10.90,10.9000,true,1,2264802
7290108356854,false,מגבוני בייבי כיף בניוח עדין מארז חמישייה,בייבי כיף Baby,IL,מגבונים לחים חמישייה,יח',320.00,יח',false,,19.90,0.0622,true,1,2199810
7290108356861,false,מגבוני בייבי כיף ללא בישום מארז חמישייה,בייבי כיף Baby,IL,מגבונים לחים חמישייה,יח',320.00,יח',false,,19.90,0.0622,true,1,2199811
7290108357004,false,"שמפו כיף ורד ושמן קוקוי 700 מ""ל",טרופיקל דגיל תעשיות,IL,"שמפו כיף 700 מ""ל ורד",מיליליטרים,700.00,"100 מ""ל",false,,14.90,0.0213,true,1,2133480
7290108357011,false,"מרכך כיף ורד ושמן קוקוי 700 מ""ל",טרופיקל דגיל תעשיות,IL,"מרכך כיף 700 מ""ל ורד",מיליליטרים,700.00,"100 מ""ל",false,,14.90,0.0213,true,1,2133481
7290108357028,false,"כיף תחליב רחצה ורד ושמן קוקוי 700 מ""ל",קוסמופארם בעמ,IL,תחליב רחצה כיף 700 מ,מיליליטרים,700.00,"100 מ""ל",false,,12.90,0.0184,true,1,2133482
7290108357042,false,"קרליין - נושם ביו דאודורנט רול און 75 מ""ל Citrus Blossoms לאישה",קרליין Careline,IL,דאודורנט רול און נו,מיליליטרים,75.00,"100 מ""ל",false,,12.90,0.1720,true,1,2245630
7290108357059,false,"קרליין - נושם ביו דאודורנט רול און 75 מ""ל Secret Garden לאישה",קרליין Careline,IL,דאודורנט רול און נו,מיליליטרים,75.00,"100 מ""ל",false,,12.90,0.1720,true,1,2245639
7290108357073,false,"קרליין - נושם ביו דאודורנט ספריי 150 מ""ל Blossoms Citrus לאישה",קרליין Careline,IL,דאודורנט ספריי נושם,מיליליטרים,150.00,"100 מ""ל",false,,12.90,0.0860,true,1,2245640
7290108357080,false,"קרליין - נושם ביו דאודורנט ספריי 150 מ""ל Secret Garden לאישה",קרליין Careline,IL,דאודורנט ספריי נושם,מיליליטרים,150.00,"100 מ""ל",false,,12.90,0.0860,true,1,2245641
7290108357097,false,"קרליין - נושם ביו דאודורנט ספריי 150 מ""ל Velvet Rose לאישה",קרליין Careline,,דאודורנט ספריי נושם,מיליליטרים,150.00,"100 מ""ל",false,,12.90,0.0860,true,1,2245642
7290108357110,false,"קרליין - נושם ביו דאודורנט רול און 75 מ""ל Valvet Rose לאישה",קרליין Careline,,דאודורנט רול און נו,מיליליטרים,75.00,"100 מ""ל",false,,12.90,0.1720,true,1,2245643
7290108357189,false,"מבשם ומרכך למייבש הכביסה מקסימה פלורל 750 מ""ל סנו","איי, בי, אינבוו",IL,מרסס למייבש כביסה סנ,מיליליטרים,750.00,"100 מ""ל",false,,19.90,0.0265,true,1,2134340
7290108357196,false,"ג'ט פלוס לניקוי כללי בתוספת תמצית עץ התה 750 מ""ל סנו",מיוצר עי קונדיטוריית,IL,מתז לניקוי כללי ג'ט+,מיליליטרים,750.00,"100 מ""ל",false,,19.90,0.0265,true,1,2205677
7290108357202,false,מתס קליר סנו בניחוח בלו בלוסם 1 ליטר,"סנו מפעלי ברונוס בע""",IL,סנוקליר רב תכליתי בנ,ליטרים,1.00,ליטר,false,,10.90,10.9000,true,1,2183365
7290108357226,false,"אוקסיגן POWER אבקה לכביסה לבנה והסרת כתמים 1.4 ק""ג סנו",,IL,אוקסיג'ן מסיר כתמים,גרמים,1400.00,100 גרם,false,,29.90,0.0214,true,1,2239103
7290108357240,false,"אוקסיג'ן פאוור תוסף להסרת כתמים קשים 1.4 ק""ג",סנו,IL,אוקסיג'ן מסיר כתמים,גרמים,1400.00,100 גרם,false,,29.90,0.0214,true,1,2239109
7290108357257,false,סנו - פרש מכשיר אוטומטי לבישום אוויר בתוספת מילוי אולטרא פרש,סנו פרש Fresh,IL,מכשיר לבישום סנו פרש,יחידה,0.00,יחידה,false,,49.90,0.0000,true,1,2250450
7290108357264,false,"פרש אוטומטי מילוי בניחוח מרכך הכביסה אולטרה 375 מ""ל סנו",סנו פרש Fresh,IL,מטהר אויר בהתזה אולט,מיליליטרים,250.00,"100 מ""ל",false,,13.90,0.0556,true,1,2250451
7290108357271,false,סנובון ג'ל לניקוי אסלות עם חמצן פעיל לניקוי עוצמתי,סנו,IL,סנובון נוזלי עם כח ה,מיליליטרים,750.00,"100 מ""ל",false,,11.90,0.0159,true,1,2254780
7290108357288,false,אקונומיקה ז'אוול בניחוח פריחה לבנה 4 ל' סנו,סנו ז'אוול Javel,IL,אקונומיקה סנו ז'אוול,ליטרים,4.00,ליטר,false,,16.90,4.2250,true,1,2237098
7290108357295,false,"סנו - אוקסיג'ן פאוור מרסס להסרת כתמים 750 מ""ל",סנו,IL,מרסס כביסה מסיר כתמי,מיליליטרים,750.00,"100 מ""ל",false,,19.90,0.0265,true,1,2254642
7290108357301,false,"סנו - K300 קוטל חרקים תיקנים ונמלים 300 מ""ל","סנו מפעלי ברונוס בע""",IL,K-300 קוטל חרקים מיי,מיליליטרים,300.00,"100 מ""ל",false,,19.90,0.0663,true,1,2250452
7290108357394,false,"תחליב רחצה קרמה חלב ודבש 700 מ""ל",קוסמופארם,IL,תחליב רחצה קרמה חלב,מיליליטרים,700.00,"100 מ""ל",false,,16.90,0.0241,true,1,2185964
7290108357400,false,"תחליב רחצה קרמה לבנדר ואקליפטוס 700 מ""ל",קרמה Crema,,תחליב רחצה קרמה לבנד,מיליליטרים,700.00,"100 מ""ל",false,,16.90,0.0241,true,1,2160438
7290108357417,false,"קרמה - קרם גוף קרמה ורד ווניל 500 מ""ל",טרופיקל דגיל תעשיות,IL,קרם גוף קרמה ורד וונ,מיליליטרים,500.00,"100 מ""ל",false,,24.90,0.0498,true,1,2169318
7290108357448,false,"קרמה - קרם גוף קרמה לבנדר ואקליפטוס 500 מ""ל",קוסמופארם בע''מ,IL,קרם גוף קרמה לבנדר ו,מיליליטרים,500.00,"100 מ""ל",false,,24.90,0.0498,true,1,2169321
7290108357493,false,"תחליב רחצה קרמה וניל ופלפל ורוד 700 מ""ל",גוד פוד פרודקטס S.p,IL,תחליב רחצה קרמה וניל,מיליליטרים,700.00,"100 מ""ל",false,,16.90,0.0241,true,1,2185965
7290108357516,false,"קרמה - סבון ידיים וניל ופלפל ורוד 500 מ""ל",,,סבון ידיים קרמה וניל,מיליליטרים,500.00,"100 מ""ל",false,,12.90,0.0258,true,1,2239104
7290108357578,false,קרם ידיים קרמה וניל פלפ ורוד,,,קרם ידיים קרמה וניל,מיליליטרים,100.00,"100 מ""ל",false,,12.90,0.1290,true,1,2219021
7290108357653,false,סבון ג'ל לאסלה בניחוח אוקיינוס 3 יח' סנו,קריות זול,,שלישייה סנובון מוצק,יח',3.00,יח',false,,14.90,4.9667,true,1,2265917
7290108357660,false,סבון ג'ל לאסלה בניחוח לבנדר 3 יח' סנו,קריות זול,,שלישייה סנובון מוצק,יח',3.00,יח',false,,14.90,4.9667,true,1,2265918
7290108357707,false,"כיף שמפו לשיער רגיל-תפוח זרעי צ'יה 700 מ""ל",גוד פוד פרודקטס S.p,IL,"שמפו כיף 700 מ""ל תפו",מיליליטרים,700.00,"100 מ""ל",false,,14.90,0.0213,true,1,1979209
7290108357714,false,"כיף שמפו לשיער יבש -רימונים ושמן ארגן 700 מ""ל",גוד פוד פרודקטס S.p,IL,"שמפו כיף 700 מ""ל רימ",מיליליטרים,700.00,"100 מ""ל",false,,14.90,0.0213,true,1,1979210
7290108357745,false,שמפו ומרכך 2 ב-1 תאנה ומנטה לכל סוגי השיער,גוד פוד פרודקטס S.p,IL,שמפו ומרכך 2+1 תאנה,מיליליטרים,700.00,"100 מ""ל",false,,14.90,0.0213,true,1,1979219
7290108357769,false,"מרכך לשיער רגיל תפוח וזרעי צ'יה 700 מ""ל כיף",גוד פוד פרודקטס S.p,IL,"מרכך כיף 700 מ""ל תפו",מיליליטרים,700.00,"100 מ""ל",false,,14.90,0.0213,true,1,1979212
7290108357776,false,"כיף מרכך לשיער יבש -רימונים ושמן ארגן 700 מ""ל",גוד פוד פרודקטס S.p,IL,מרכך רימונים ושמן אר,מיליליטרים,700.00,"100 מ""ל",false,,14.90,0.0213,true,1,1979213
7290108357783,false,"מרכך לשיער דק ושביר גוג'י ברי ומורגינה 700 מ""ל כיף",כיף,,"מרכך כיף 700 מ""ל גוג",מיליליטרים,700.00,"100 מ""ל",false,,14.90,0.0213,true,1,1979220
7290108357837,false,שקית מילוי אל סבון בניחוח אצות ים 1 ל' כיף,,,אל סבון כיף שקית מי,ליטרים,1.00,ליטר,false,,9.90,9.9000,true,1,2249413
7290108357844,false,שקית מילוי אל סבון בניחוח גינסנג 1 ל' כיף,סנו,IL,אל סבון כיף שקית מי,ליטרים,1.00,ליטר,false,,9.90,9.9000,true,1,2249414
7290108357851,false,"כיף - ג'ל רחצה אליקסיר אוילס מועשר בשמן קוקוס 700 מ""ל","קוסמופארם בע""מ",IL,תחליב רחצה כיף ELIXI,מיליליטרים,700.00,"100 מ""ל",false,,12.90,0.0184,true,1,2232358
7290108357868,false,"כיף - ג'ל רחצה אליקסיר אויל מועשר בשמן מקדמיה 700 מ""ל",קוסמופארם,IL,תחליב רחצה כיף ELIXI,מיליליטרים,700.00,"100 מ""ל",false,,12.90,0.0184,true,1,2232359
7290108357875,false,"כיף - שמפו לחות מוגברת עם אפרסק וחמאת מורומורו 700 מ""ל",קוסמופארם,IL,שמפו כיף לחות מוגברת,מיליליטרים,700.00,"100 מ""ל",false,,14.90,0.0213,true,1,2245351
7290108357882,false,"כיף - מרכך לחות מוגברת עם אפרסק וחמאת מורומורו 700 מ""ל",קוסמופארם,IL,מרכך כיף לחות מוגברת,מיליליטרים,700.00,"100 מ""ל",false,,14.90,0.0213,true,1,2245352
7290108358070,false,"תחליב רחצה קרמה קלאסי 700 מ""ל",גוד פוד פרודקטס S.p,IL,תחליב רחצה קרמה קלאס,מיליליטרים,700.00,"100 מ""ל",false,,16.90,0.0241,true,1,2170503
7290108358087,false,"תחליב רחצה קרמה מאסק 700 מ""ל",גוד פוד פרודקטס S.p,IL,תחליב רחצה קרמה מאסק,מיליליטרים,700.00,"100 מ""ל",false,,16.90,0.0241,true,1,2170504
7290108358094,false,"קרמה - תחליב רחצה חמאת שיאה וקוקוי 500 מ""ל",,,תחליב רחצה קרמה שיאה,מיליליטרים,500.00,"100 מ""ל",false,,16.90,0.0338,true,1,2219022
7290108358100,false,"פרש הום מקלות ריחניים לבית בניחוח בייבי 100 מ""ל",סנו,IL,מקלות ריחניים לבית ב,מיליליטרים,100.00,"100 מ""ל",false,,24.90,0.2490,true,1,2239097
7290108358124,false,דפי בישום לחים למייבש הכביסה בניחוח מרכך כביסה 20 יח' מקסימה,קוסמופארם,IL,דפי בישום למייבש כבי,יח',20.00,יח',false,,12.90,0.6450,true,1,2260674
7290108359008,false,סושי שקיות זיפר עם סליידר 15 יח לארג',,,שקיות זיפר סליידר L,יח',15.00,יח',false,,14.90,0.9933,true,1,2236071
7290108359015,false,סושי שקיות זיפר עם סליידר 20 יח מדיום,,,שקיות זיפר סליידר M,יח',20.00,יח',false,,14.90,0.7450,true,1,2236072
7290108359039,false,שקיות אשפה עם ידיות סנו סושי לפחים 30 יחידות,סנאט גרופ,IL,סושי שקיות אשפה עם י,יח',30.00,יח',false,,21.90,0.7300,true,1,2201098
7290108359046,false,שקיות אשפה EXTRA חזקאות במיוחד XXL סנו סושי 20 יח',,,שקיות אשפה סנו סושי,יח',20.00,יח',false,,24.90,1.2450,true,1,2216619
7290108359060,false,כריות לניקוי כלים לשבת סנו סושי 4 יח',סנו,IL,כריות ניקוי לשבת סנו,יח',4.00,יח',false,,12.90,3.2250,true,1,2220217
7290108359077,false,סנו - סופט לושן ממחטות אף בקופסא 3 שכבות 120 יח',סנו סופט Soft,EG,ממחטות סנו סופט לושן,יח',120.00,יח',false,,12.90,0.1075,true,1,2236077
7290108359084,false,כיסוי ניילון עם גומי 30 יח' M סנו סושי,סנו,IL,כיסוי ניילון עם גומי,יח',30.00,יח',false,,9.90,0.3300,true,1,2264815
7290108359091,false,כיסוי ניילון עם גומי 30 יח' L סנו סושי,סנו,IL,כיסוי ניילון עם גומי,יח',30.00,יח',false,,9.90,0.3300,true,1,2264816
7290108359114,false,סושי חמגשית אלומיניום עם מכסה,,,חמגשית אלומיניום עם,יח',10.00,יח',false,,10.90,1.0900,true,1,2240205
7290108359121,false,סנו סושי שקיות אשפה חזקות במיוחד 100 יח' L,,,שקיות אשפה EXTRA חזק,יח',100.00,יח',false,,64.90,0.6490,true,1,2239621
7290108359138,false,שקיות אשפה חזקות במיוחד 200 יח',,,שקיות אשפה 200 יח' ב,יח',200.00,יח',false,,64.90,0.3245,true,1,2239622
7290108359145,false,סושי דפי ספוג הפלא 12יח',קריות זול,IL,דפי ספוג הפלא סנו סו,יח',12.00,יח',false,,14.90,1.2417,true,1,2265919
7290108359152,false,"תבנית אלומיניום עגולה 25 ס""מ -6 יחי סנו סושי",,,תבניות אלומינים עגול,יח',6.00,יח',false,,11.90,1.9833,true,1,2265910
7290108359169,false,"תבנית אלומיניום עגולה 628 ס""מ יחי סנו סושי",,,תבניות אלומינים עגול,יח',6.00,יח',false,,11.90,1.9833,true,1,2265911
7290108359176,false,סנו סופט ממחטות אף תלת שכבתיות עשירות בלחות,סנו סופט Soft,IL,ממחטות סנו סופט לושן,יח',200.00,יח',false,,14.90,0.0745,true,1,2280299
7290108359183,false,שקית אשפה חזקות 70*50 60 יח' סנו סושי,,,סושי שקיות אשפה 52*7,יח',60.00,יח',false,,22.90,0.3817,true,1,2265920
7290108359190,false,סושי מגבת הפלא 4 יח' = 12 גליל ארוך פי 3,סנו סושי,IL,מגבות נייר 4=12 סנו,מטרים,126.96,מטר,false,,24.90,0.1961,true,1,2281121
7290108359213,false,נייר טואלט סופט דו שכבתי 18 גלילים כפולים,סנו סופט Soft,IL,נייר טואלט סנו סופט,מטרים,674.80,מטר,false,,39.90,0.0591,true,1,2281301
7290108359824,false,"כיף - בייבי כיף קרם 500 מ""ל",קוסמופארם בעמ,IL,קרם גוף בייבי כיף 50,מיליליטרים,500.00,"100 מ""ל",false,,24.90,0.0498,true,1,1916722
7290108359848,false,בייבי כיף שמפו אל דמע 1 ל',בייבי כיף Baby,IL,שמפו בייבי כיף אל דמ,ליטרים,1.00,ליטר,false,,19.90,19.9000,true,1,1916724
7290108359862,false,בייבי כיף אל סבון 1 ליטר,בייבי כיף Baby,IL,אל סבון בייבי כיף 1,ליטרים,1.00,ליטר,false,,19.90,19.9000,true,1,1916726
7290108359879,false,"כיף - בייבי אלסבון 750 מ""ל",קוסמופארם בעמ,IL,אל סבון בייבי כיף 75,מיליליטרים,750.00,"100 מ""ל",false,,17.90,0.0239,true,1,1916727
7290108359886,false,תחליב רחצה בייבי כיף 1 ליטר,בייבי כיף Baby,IL,תחליב רחצה בייבי כיף,ליטרים,1.00,ליטר,false,,19.90,19.9000,true,1,1916728
7290108359893,false,"בייבי כיף תחליב רחצה 750 מ""ל",גוד פוד פרודקטס S.p,IL,תחליב רחצה בייבי כיף,מיליליטרים,750.00,"100 מ""ל",false,,17.90,0.0239,true,1,1916729
7290108359985,false,סנו - ז'אוול מרסס קצף לניקוי וחינו בניחוח פריחה לבנה 1 ליטר,סנו ז'אוול Javel,IL,תרסיס סנו ז'אוול קצף,ליטרים,1.00,ליטר,false,,19.90,19.9000,true,1,2237092
7290108500677,false,כבד דג שיבוט מעושן בשמן הדג,"איטיליאן פוד, אס.פי.",IT,כבד דג שיבוט,גרמים,120.00,100 גרם,false,,8.90,0.0742,true,1,1394675
7290108501346,false,גבינה מגורדת גאודה 500 גר',Euro יורו מחלבות אירופה,IL,גבינת גאודה מגורדת 5,גרמים,500.00,100 גרם,false,,24.90,0.0498,true,1,1677834
7290108501377,false,שפרוטים מעושנים בשמן מרינה מכסה שקוף 160 ג',וילי פוד,,שפרוטים מעושנים בשמן,גרמים,160.00,100 גרם,false,,9.90,0.0619,true,1,1712861
7290108501391,false,גבינה חצי קשה מחלב עזים 150 ג',,,גבינה חצי קשה מחלב ע,גרמים,150.00,100 גרם,false,,19.90,0.1327,true,1,1728414
7290108501407,false,גבינת צ'דר מיושנת 200גרם VINTAGE,וויקה פארמס אל.טי.די,GB,גבינת צ'דר מיושנת,גרמים,200.00,100 גרם,false,,19.90,0.0995,true,1,1728432
7290108501490,false,גבינה מוצרלה פרוסות ו.פוד 150ג',,,גבינת מוצרלה פרוסות,גרמים,150.00,100 גרם,false,,13.90,0.0927,true,1,1728445
7290108501827,false,קדאיף שערות בצק 450 גר',הנסיך- מפעל לייצור ט,GR,קדאיף שערות בצק 450ג,גרמים,450.00,100 גרם,false,,19.90,0.0442,true,1,1832326
7290108501964,false,חטיף אגוזים וצימוקים הפי נאטס מארז 35X4ג',וילי פוד,GR,חטיף שקדים וצימוקים,גרמים,140.00,100 גרם,false,,10.00,0.0714,true,1,1832340
7290108501971,false,חטיף בוטנים ומשמש הפי נאטס מארז 35X4ג',וילי פוד,GR,חטיף שקדים ומשמש HAP,יחידה,0.00,יחידה,false,,10.00,0.0000,true,1,1832341
7290108501988,false,חטיף שקדים וחמוציות הפי נוטס מארז 35X4ג',וילי פוד,GR,חטיף שקדים וחמוציות,גרמים,140.00,100 גרם,false,,10.00,0.0714,true,1,1832342
7290108502305,false,גבינת גרדה פדנו משולש 150 גר`וילי פוד,וילי פוד,IT,גבינת גרנה פדנו משול,גרמים,150.00,100 גרם,false,,22.90,0.1527,true,1,1921315
7290108502329,false,מארז נתחי טונה בהירה בשמן זית כתית,וילי פוד,,רביעית נתחי טונה בשמ,גרמים,640.00,100 גרם,false,,29.90,0.0467,true,1,1853313
7290108502381,false,בסיסים להכנת פיצה קוטר 26 וילי פוד 480ג',מוטלוקל גידה סאנאי ט,TR,תחתיות לפיצה (קוטר 2,גרמים,480.00,100 גרם,false,,12.90,0.0269,true,1,1951767
7290108502763,false,גבינת קממבר 200 גרם,,,גבינת קממבר 200גרם,גרמים,200.00,100 גרם,false,,22.90,0.1145,true,1,1853337
7290108502862,false,מלפפונים כבושים במלח 18-25קטנים מאוד 600ג',וילי פוד,TR,מלפפונים כבושים במלח,גרמים,600.00,100 גרם,false,,11.90,0.0198,true,1,1972230
7290108503043,false,תפוחונים חטיף פלחים מיובשים מארז 22X4ג',ינטאי זונגקאן פוד קו,CN,מארז תפוחונים 4 יח',גרמים,88.00,100 גרם,false,,13.90,0.1580,true,1,1972233
7290108503067,false,פרמזנו משולש ויליפוד,וילי פוד,IL,פרמז'נו משולש,גרמים,150.00,100 גרם,false,,14.90,0.0993,true,1,1921321
7290108503647,false,"אורז בסמטי מובחר 1 ק""ג",אל.טי.פודס בעמ,IN,"אורז בסמטי 1 ק""ג DAA",קילוגרמים,1.00,"ק""ג",false,,12.90,12.9000,true,1,2131390
7290108503708,false,פיצה פטריות ויליפוד,מוטלוקל גידה סאנאי ט,IT,פיצה עם פטריות 390 ג,גרמים,390.00,100 גרם,false,,15.90,0.0408,true,1,2115758
7290108503715,false,פיצה זיתים ויליפוד 3,מוטלוקל גידה סאנאי ט,IT,פיצה עם זיתים 385 גר,גרמים,385.00,100 גרם,false,,15.90,0.0413,true,1,2115759
7290108503791,false,ניוקי תפוח אדמה 3 צבעים 500 גרם (ללא גלוטן),,,ניוקי תפוחי אדמה 3 צ,גרמים,500.00,100 גרם,false,,10.90,0.0218,true,1,2175405
7290108503975,false,קנלוני פסטה איטליאנה,ויליפוד,IT,קנלוני 250 גרם,גרמים,250.00,100 גרם,false,,7.90,0.0316,true,1,2035522
7290108504002,false,פרוסות גבינה לייט 150גרם 9%שומן לכריכים וטוסטים,Euro יורו מחלבות אירופה,,פרוסות גבינה לייט 9%,גרמים,150.00,100 גרם,false,,9.90,0.0660,true,1,2069817
7290108504187,false,פרוסות גבינה בטעם צ'דר לכריכים וטוסטים 800 ג',,,פרוסות גבינה בטעם צ',גרמים,800.00,100 גרם,false,,34.90,0.0436,true,1,2069818
7290108504699,false,נתחי טונה בשמן קנולה רביעיה * 160 ג' וילי פוד,וילי פוד,,רביעית נתחי טונה בשמ,גרמים,640.00,100 גרם,false,,21.90,0.0342,true,1,2134057
7290108504934,false,"דפי אורז למילוי 22 ס""מ 300 גרם בית יוסף",וילי פוד - מנת השף,,דפי אורז למילוי קוטר,גרמים,300.00,100 גרם,false,,7.90,0.0263,true,1,2231724
7290108505153,false,יוגורט בטעם טבעי 2% שומן 150 ג',Euro יורו מחלבות אירופה,GR,יוגורט בטעם טבעי 150,גרמים,150.00,100 גרם,false,,4.90,0.0327,true,1,2145007
7290108505160,false,יוגורט עם אגסים 4% שומן 150 ג',Euro יורו מחלבות אירופה,GR,יוגורט עם אגסים 150,גרמים,150.00,100 גרם,false,,4.90,0.0327,true,1,2145008
7290108505177,false,יוגורט עם אננס 0% שומן 150 ג',Euro יורו מחלבות אירופה,GR,יוגורט עם אננס 150 ג,גרמים,150.00,100 גרם,false,,4.90,0.0327,true,1,2145009
7290108505207,false,יוגורט עם אוכמניות 0% שומן 150 ג',Euro יורו מחלבות אירופה,GR,יוגורט עם אוכמניות 1,גרמים,150.00,100 גרם,false,,4.90,0.0327,true,1,2145012
7290108505214,false,יוגורט עם אפרסק 0% שומן 150 ג',Euro יורו מחלבות אירופה,GR,יוגורט עם אפרסק 150,גרמים,150.00,100 גרם,false,,4.90,0.0327,true,1,2145013
7290108505603,false,נתחי טונה בהירה בשמן צמחי שלישיה * 80 ג' וילי פוד,,,שלישיית נתחי טונה בה,גרמים,80.00,100 גרם,false,,10.90,0.1363,true,1,2136093
7290108505689,false,גבינת גרנה פדנו מגורדת 100 גרם,זנאטי,IT,גבינת גרנה פדנו מגור,גרמים,100.00,100 גרם,false,,9.90,0.0990,true,1,2132365
7290108505740,false,גבינת קשקבל קשה למחצה 25% שומן,Euro יורו מחלבות אירופה,TR,גבינה חצי קשה-קשקבל,גרמים,200.00,100 גרם,false,,19.90,0.0995,true,1,2149989
7290108505962,false,שזיפים מיובשים וילי,,,שזיפים יבשים 400 גרם,גרמים,400.00,100 גרם,false,,24.90,0.0622,true,1,2152373
7290108506426,false,בייגלה קראנצ'י טורקי אותנטי - מוקפא,וילי פוד,TR,בייגלה קפוא סימיט 40,גרמים,400.00,100 גרם,false,,9.90,0.0248,true,1,2151570
7290108506488,false,סופלה שוקולד קפוא 200 ג',ארמה גרופ,TR,סופלה שוקולד קפוא,גרמים,200.00,100 גרם,false,,8.90,0.0445,true,1,2151772
7290108506495,false,"כנאפה מאפה בצק ""שערות"" קדאיף וגבינה",ארמה גרופ,TR,כנאפה קפוא,גרמים,192.50,100 גרם,false,,6.90,0.0358,true,1,2151571
7290108506501,false,אצבעות בצק פילו ממולאות גבינה 500 ג' ויליפוד,וילי פוד,,אצבעות בצק פילו ממול,גרמים,500.00,100 גרם,false,,17.90,0.0358,true,1,2227326
7290108506518,false,אצבעות בצק פילו ממולאות גבינה ותרד 500 ג' ויליפוד,וילי פוד,,אצבעות בצק פילו ממול,גרמים,500.00,100 גרם,false,,17.90,0.0358,true,1,2227327
7290108506549,false,גליליות וופל במילוי קרם וניל 400ג' ויליפוד,,GR,גליליות וופל במילוי,גרמים,400.00,100 גרם,false,,12.90,0.0323,true,1,2151523
7290108506624,false,גבינת עיזים צ'אנק 15,אל פסטור,ES,גבינת עזים צאנק 32%,גרמים,150.00,100 גרם,false,,22.90,0.1527,true,1,2154095
7290108506709,false,גבינת פרמג'יאנו רג'יאנו 150 גר' רבנות,וילי פוד,IT,גבינת פרמג'יאנו רג'י,גרמים,150.00,100 גרם,false,,22.90,0.1527,true,1,2160386
7290108506969,false,מאפה בורקס מים תורכי - גבינה 300 ג',וילי פוד,TR,מאפה בורקס מים תורכי,גרמים,300.00,100 גרם,false,,14.90,0.0497,true,1,2158045
7290108507010,false,מאפה בורקס מים תורכי - תרד וגבינה 300 ג',וילי פוד,TR,מאפה בורקס מים תורכי,גרמים,300.00,100 גרם,false,,14.90,0.0497,true,1,2158046
7290108507065,false,גבינת פרמגיאנו רגיאנ,זנאתי,IT,גבינת פרמג'יאנו מגור,גרמים,100.00,100 גרם,false,,12.90,0.1290,true,1,2183717
7290108507072,false,שבבי גבינת גרנה פדנו,זנאתי,IT,שבבי גבינת גרנה פדנו,גרמים,100.00,100 גרם,false,,9.90,0.0990,true,1,2183628
7290108507188,false,"כנאפה קפוא 657 גרם אריזה משפחתית חתם סופר פ""ת",ארמה גרופ,TR,כנאפה אריזה משפחתית,גרמים,450.00,100 גרם,false,,24.90,0.0553,true,1,2161203
7290108507645,false,ביסקויט פריך בשוקולד מריר 100 גרם -קהילות,מודרן צוקולטה,TR,ביסקוויט פריך בשוקול,גרמים,100.00,100 גרם,false,,6.90,0.0690,true,1,2233676
7290108507942,false,ירקות גינה+טונה 160 גרם בית יוסף,,,ירקות גינה עם טונה 1,גרמים,160.00,100 גרם,false,,12.90,0.0806,true,1,2193858
7290108508031,false,ויליפוד אננס שלם 830 גרם,אנגס פארם,IL,אננס שלם 830 גרם,גרמים,830.00,100 גרם,false,,10.90,0.0131,true,1,2249583
7290108508130,false,עגבניות איטלקיות מרוסקות 390 גרם,וילי פוד,,עגבניות איטלקיות מרו,גרמים,390.00,100 גרם,false,,9.90,0.0254,true,1,2218000
7290108508147,false,מחית עגבניות איטלקיות 500 גרם,וילי פוד,,מחית עגבניות איטלקיו,גרמים,500.00,100 גרם,false,,9.90,0.0198,true,1,2229217
7290108508192,false,פסטה פוסילי ללא גלוטן 400 גרם חתם סופר,,,פסטה פוסילי ללא גלוט,גרמים,400.00,100 גרם,false,,12.90,0.0323,true,1,2191018
7290108508369,false,גבינת שערות צ'יז לונ,אונטד גידה,TR,גבינת שערות צ'יז לונ,גרמים,200.00,100 גרם,false,,19.90,0.0995,true,1,2184668
7290108508499,false,"איירן משקה יוגורט בסגנון טורקי יורו 293 מ""ל",Euro יורו מחלבות אירופה,TR,איירן משקה יוגורט בס,מיליליטרים,293.00,"100 מ""ל",false,,5.90,0.0201,true,1,2195232
7290108508543,false,אפונה מבושלת במי מלח,,,אפונה מבושלת במי מלח,גרמים,700.00,100 גרם,false,,9.90,0.0141,true,1,2207100
7290108508765,false,פתיתים קונכיות ויליפ,וילי פוד,TR,קונכיות פתיתים 400 ג,גרמים,400.00,100 גרם,false,,7.90,0.0198,true,1,2205349
7290108508772,false,קונכיות פתיתים עם תרד 400 גרם,וילי פוד,TR,קונכיות פתיתים עם תר,גרמים,400.00,100 גרם,false,,7.90,0.0198,true,1,2205350
7290108508888,false,ביסקוויטים פתי בר ויליפוד 500 ג',ארגון ציקולאטה,TR,ביסקוויטים פתי בר 50,גרמים,500.00,100 גרם,false,,9.90,0.0198,true,1,2202348
7290108508901,false,יוגורט+דובדבנים ושקדים 150 גרם 0.6% שומן - דלתא,Euro יורו מחלבות אירופה,GR,יוגורט עם דובדבנים ו,גרמים,150.00,100 גרם,false,,4.90,0.0327,true,1,2193820
7290108508963,false,גבינת קשקבל מגורדת 25% שומן,Euro יורו מחלבות אירופה,TR,גבינת קשקבל מגורדת ח,גרמים,200.00,100 גרם,false,,19.90,0.0995,true,1,2185680
7290108508970,false,תה גרבה 500 גרם,אוסוואלדי קרוז בואנס,,תה גרבה 500 גרם,גרמים,500.00,100 גרם,false,,14.90,0.0298,true,1,2203890
7290108509052,false,מאפה פילו יווני מסורתי ממולא גבינת פטה,וילי פוד,,מאפה פילו ממולא גבינ,גרמים,400.00,100 גרם,false,,18.90,0.0472,true,1,2207106
7290108509113,false,"גבינה בולגרית מעודנת 18% שומן 250 גרם חת""ס פ""ת",Euro יורו מחלבות אירופה,TR,גבינת בולגרית מעודנת,גרמים,250.00,100 גרם,false,,12.90,0.0516,true,1,2214738
7290108509144,false,מארז שלישיית עגבניות מרוסקות POLPA,וילי פוד,IT,שלישיית עגבניות מרוס,גרמים,1200.00,100 גרם,false,,14.90,0.0124,true,1,2207556
7290108509168,false,קוביות עגבניות במיץ עגבניות - מארז שלישיה,וילי פוד,IT,שלישיית עגבניות קובי,גרמים,1200.00,100 גרם,false,,14.90,0.0124,true,1,2207558
7290108509182,false,גבינת פטה 17% שומן יורו 250 ג',,,גבינת פטה מעודנת 17%,גרמים,250.00,100 גרם,false,,12.90,0.0516,true,1,2214744
7290108509205,false,חטיף אורז אפוי - טבעי לתינוקות 50 גרם,,,חטיף אורז אפוי בטעם,גרמים,50.00,100 גרם,false,,10.90,0.2180,true,1,2231733
7290108509212,false,חטיף אורז אפוי - ירקות לתינוקות 50 גרם,,,חטיף אורז אפוי בטעם,גרמים,50.00,100 גרם,false,,10.90,0.2180,true,1,2231734
7290108509229,false,חטיף אורז אפוי - בננה לתינוקות 50 גרם,,,חטיף אורז אפוי בטעם,גרמים,50.00,100 גרם,false,,10.90,0.2180,true,1,2231735
7290108509250,false,"אנטיפסטי ארטישוק+עגבניות מיובשות וצלפים בשמן חמניות 380 מ""ל",,,אנטיפסטי ארטישוק תחת,גרמים,530.00,100 גרם,false,,24.90,0.0470,true,1,2207323
7290108509359,false,פופקורן בציפוי בטעם קרמל 90 ג' ויליפוד,סנרו ס.א,UA,פופקורן בציפוי בטעם,גרמים,90.00,100 גרם,false,,5.90,0.0656,true,1,2231736
7290108509618,false,זיתים ירוקים על הגרי,,,זיתים ירוקים על הגרי,גרמים,730.00,100 גרם,false,,23.90,0.0327,true,1,2278442
7290108509625,false,זיתים ירוקים ופלפל ע,,,זיתים ירוקים ופלפל ע,גרמים,730.00,100 גרם,false,,23.90,0.0327,true,1,2278451
7290108509700,false,אורז פרסי דאווט 1 קג,אל טי פוד,IN,אורז פרסי DAAWAT 1 ק,קילוגרמים,1.00,"ק""ג",false,,9.90,9.9000,true,1,2215306
7290108509731,false,משקה יוגורט איירן בס,MEVGAL,,איירן משקה יוגורט בס,ליטרים,1000.00,ליטר,false,,13.90,0.0139,true,1,2236220
7290108509755,false,גבינת חלומי 23% 250גרם,,קפריסין,גבינת חלומי 250 גרם,גרמים,250.00,100 גרם,false,,22.90,0.0916,true,1,2277399
7290108509793,false,גליליות וופל במילוי שוקולד מריר 400 גרם חלבי,,GR,גליליות וופל במילוי,גרמים,400.00,100 גרם,false,,12.90,0.0323,true,1,2237637
7290108509915,false,"מנת השף בשקית-אטריות בטעם סיני פיקנטי 85 ג' חתם סופר ב""ב",וילי פוד - מנת השף,TH,מנת השף-אטריות להכנה,גרמים,85.00,100 גרם,false,,3.90,0.0459,true,1,2218691
7290108509939,false,פרוסות פילה טונה בשמן זית כתית מעולה,וילי פוד,,פרוסות פילה טונה 120,גרמים,120.00,100 גרם,false,,10.00,0.0833,true,1,2227161
7290108509953,false,פולי קפה 100% קלויים,,,פולי קפה 100% פולי ק,גרמים,250.00,100 גרם,false,,14.90,0.0596,true,1,2264640
7290108509984,false,"רוטב סויה 300 מ""ל וילי פוד",,,"רוטב סויה 300 מ""ל",מיליליטרים,300.00,"100 מ""ל",false,,9.90,0.0330,true,1,2218697
7290108509991,false,"רוטב טריאקי 300 מ""ל וילי פוד",,,"רוטב טריאקי 300 מ""ל",מטרים,300.00,100 מ'ל,false,,9.90,0.0330,true,1,2218698
7290109060132,false,מגבת נייר ג'מבו- 6 גלילים בגליל ענק,פרפקט Perfect,,מגבת נייר ג'מבו ענק,מטרים,63.50,מטר,false,,10.90,0.1717,true,1,1361222
7290109060293,false,ניירות אפיה נשלפים אחד אחד,פרפקט Perfect,,נייר אפייה 50 יח פרפ,יח',50.00,יח',false,,9.90,0.1980,true,1,1392454
7290109060378,false,מטליות רב שימושיות לכל סוגי המשטחים,פרפקט Perfect,,מטליות רב שימושיות 4,יח',40.00,יח',false,,19.90,0.4975,true,1,1397002
7290109060385,false,מטליות לחות לניקוי רצפות,פרפקט Perfect,,מטליות לחות לניקוי ר,יח',10.00,יח',false,,14.90,1.4900,true,1,1406122
7290109060392,false,מטליות רב שימושיות ת,פרפקט Perfect,,מטליות רב שימושיות ת,יח',9.00,יח',false,,8.90,0.9889,true,1,1407556
7290109060408,false,מטלית מיקרופייבר ריצ,,,מטלית מיקרופייבר ריצ,יחידה,0.00,יחידה,false,,9.90,0.0000,true,1,1401509
7290109060415,false,מטליות מיקרופייבר לרצפה,פרפקט Perfect,,מטליות מיקרופייבר לר,יח',3.00,יח',false,,19.90,6.6333,true,1,1401510
7290109060422,false,מטלית מיקרופייבר למשטחים,פרפקט Perfect,,מטלית מיקרופייבר לני,יחידה,0.00,יחידה,false,,8.90,0.0000,true,1,1401511
7290109060439,false,מטליות מיקרופייבר למשטחים,פרפקט Perfect,,מטליות מיקרופייבר לנ,יח',3.00,יח',false,,14.90,4.9667,true,1,1401512
7290109060446,false,מטלית מיקרופייבר למשטחים XL,פרפקט Perfect,,מטלית מיקרופייבר לני,יחידה,0.00,יחידה,false,,9.90,0.0000,true,1,1401513
7290109060453,false,ספוג הפלא 6 יח'-פרפק,פרפקט Perfect,,ספוג הפלא 6 יח'-פרפק,יח',6.00,יח',false,,8.90,1.4833,true,1,1423984
7290109060460,false,סחבה לבנה זיג זג 3 י,פרפקט Perfect,,סחבה לבנה זיג זג 3 י,יח',3.00,יח',false,,9.90,3.3000,true,1,1409271
7290109060521,false,"זוג רדיד אלומיניום עבה במיוחד רוחב 30 ס""מ",פרפקט Perfect,,זוג רדיד פרפקט אלו',מטרים,15.00,מטר,false,,9.90,0.6600,true,1,1436630
7290109060538,false,זוג רדיד פרפקט אלו',,,זוג רדיד פרפקט אלו',מטרים,15.00,מטר,false,,13.90,0.9267,true,1,1436631
7290109060613,false,מפיות לבן דו שכבתי 1,פרפקט Perfect,,מפיות לבן דו שכבתי 1,יח',180.00,יח',false,,7.90,0.0439,true,1,1416309
7290109060651,false,משטח מיקרופייבר לייבוש כלים,פרפקט Perfect,,משטח ייבוש כלים מיקר,יח',1.00,יח',false,,14.90,14.9000,true,1,1532163
7290109060699,false,כריות ברזל לקרצוף חזק,פרפקט Perfect,,כריות ברזל 3 יח'-פרפ,יח',3.00,יח',false,,8.90,2.9667,true,1,1551092
7290109060828,false,אטבי כביסה איכותיים בשלל צבעים,פרפקט Perfect,,9 אטבים מעוצבים-בשלל,יח',9.00,יח',false,,8.90,0.9889,true,1,1564418
7290109060835,false,אטבי כביסה גדולים וחזקים עם גומי- מארז 10 יח',פרפקט Perfect,,10 אטבים גדולים וחזק,יח',10.00,יח',false,,8.90,0.8900,true,1,1564419
7290109060842,false,אטבי כביסה איכותיים - מארז 10 יח',פרפקט Perfect,,10 אטבים מילניום הזר,יח',10.00,יח',false,,8.90,0.8900,true,1,1564420
7290109060873,false,מפיות אירוח בצבעים כהים,פרפקט Perfect,,מפיות אירוח 100 יח',יח',100.00,יח',false,,5.90,0.0590,true,1,1565293
7290109060880,false,מפיות אירוח בצבעי פסטל,פרפקט Perfect,,מפיות אירוח 100 יח',יח',100.00,יח',false,,5.90,0.0590,true,1,1565294
7290109061054,false,מגבונים לחים לתינוק בניחוח עדין- מארז רביעיה,פרפקט Perfect,,רביעיית מגבונים בביש,יח',288.00,יח',false,,14.90,0.0517,true,1,1677289
7290109061061,false,מגבונים לחים לתינוק ללא בישום- מארז רביעיה,פרפקט Perfect,,רביעיית מגבונים ללא,יח',288.00,יח',false,,14.90,0.0517,true,1,1677290
7290109061085,false,מגבונים+דיספנסר פרפק,,,מגבונים+דיספנסר פרפק,יח',100.00,יח',false,,7.90,0.0790,true,1,1677292
7290109061238,false,סכינים 100 יח' פרפקט,,,סכינים 100 יח' פרפקט,יח',100.00,יח',false,,9.90,0.0990,true,1,1800469
7290109061320,false,ספוג הפלא לנירוסטה פ,פרפקט Perfect,,ספוג הפלא לנירוסטה פ,יח',3.00,יח',false,,10.90,3.6333,true,1,1897643
7290109061405,false,"כוסות לשתיה חמה 250 מ""ל+ מכסים - מארז 16 יח'",פרפקט Perfect,,כוסות נייר+מכסים 16,יח',16.00,יח',false,,12.90,0.8063,true,1,2030645
7290109061412,false,קיסמי שיניים דנט,,,קיסמי שיניים דנט,יח',200.00,יח',false,,7.90,0.0395,true,1,2014395
7290109061450,false,צמרוני אוזניים עם שסתום ביטחון לתינוקות,פרפקט Perfect,,צימרוני אוזניים שסתו,יח',55.00,יח',false,,3.90,0.0709,true,1,2099200
7290109061474,false,זוג צמר גפן פרפקט,פרפקט Perfect,,זוג צמר גפן פרפקט,גרמים,200.00,100 גרם,false,,9.90,0.0495,true,1,2099202
7290109061535,false,שקיות אשפה ענקיות עם ידית 90*75 עבות וחזקות,פרפקט Perfect,,שקיות אשפה ענקיות,יח',25.00,יח',false,,12.90,0.5160,true,1,2076604
7290109061542,false,"שקיות גופיה גדולות 60*50 ס""מ עם ידיות - 50 במארז",פרפקט Perfect,,שקיות גופיה פרפ,יח',50.00,יח',false,,4.90,0.0980,true,1,2092821
7290109061566,false,סט 3 מגבות מטבח משובצות בצבע לבחירה,SK home fashion,,סט 3 מגבות מטבח משוב,מארז,1.00,מארז,false,,10.90,10.9000,true,1,2129222
7290109061801,false,כוס יין פלסטיק זהב לשימוש רב פעמי,,,כוס יין זהב,יחידה,0.00,יחידה,false,,14.90,0.0000,true,1,2139000
7290109061863,false,צלחות עבות במיוחד 66,פרפקט Perfect,,צלחות עבות במיוחד 66,יח',66.00,יח',false,,39.90,0.6045,true,1,2148146
7290109062006,false,שטיחון אמבט 50X80 סמ,,,שטיחון אמבט 50X80 סמ,יחידה,0.00,יחידה,false,,24.90,0.0000,true,1,2157185
7290109062068,false,שמיכת פוך יחיד 200*150,SK home fashion,,שמיכת פוך יחיד 200*1,יחידה,0.00,יחידה,false,,119.90,0.0000,true,1,2173190
7290109062082,false,שמיכת מיקרו פלנל פונ,,,שמיכת מיקרו פלנל פונ,יחידה,0.00,יחידה,false,,39.90,0.0000,true,1,2173026
7290109062099,false,סט 2 מגבות מטבח פרימ,,,סט 2 מגבות מטבח פרימ,מארז,1.00,מארז,false,,24.90,24.9000,true,1,2173005
7290109062105,false,נוזל לניקוי רצפות בנ,,,נוזל לניקוי רצפות בנ,ליטרים,2.00,ליטר,false,,9.90,4.9500,true,1,2179372
7290109062112,false,נוזל לניקוי רצפות בנ,,,נוזל לניקוי רצפות בנ,ליטרים,2.00,ליטר,false,,9.90,4.9500,true,1,2179373
7290109062129,false,סל קניה כחול,,,סל קניה כחול,יחידה,0.00,יחידה,false,,5.00,0.0000,true,1,2193394
7290109062204,false,"כרית שינה פרימיום 70*50 ס""מ",SK home fashion,,כרית שינה פרימיום 70,יחידה,0.00,יחידה,false,,59.90,0.0000,true,1,2220897
7290109062334,false,כפפות ויניל S פרפקט,,,כפפות ויניל S פרפקט,יח',100.00,יח',false,,24.90,0.2490,true,1,2231813
7290109062341,false,כפפות ויניל M פרפקט,,,כפפות ויניל M פרפקט,יח',100.00,יח',false,,24.90,0.2490,true,1,2231814
7290109062358,false,כפפות ויניל L פרפקט,,,כפפות ויניל L פרפקט,יח',100.00,יח',false,,24.90,0.2490,true,1,2231815
7290109062365,false,כפפות ויניל XL פרפקט,,,כפפות ויניל XL פרפקט,יח',100.00,יח',false,,24.90,0.2490,true,1,2231816
7290109062396,false,"כרית ויסקו ממורי במידות 40/60/12 ס""מ",SK home fashion,,כרית ויסקו ממורי 40/,יחידה,0.00,יחידה,false,,89.90,0.0000,true,1,2226466
7290109062464,false,שמן זית כתית מעולה אוליבה,אוליבה Oliva,,שמן זית כתית מעולה א,מיליליטרים,750.00,"100 מ""ל",false,,27.90,0.0372,true,1,2233934
7290109062471,false,"שטיחון אמבט במידות ס""מ 50*70 -גוון לפי בחירה",SK home fashion,,שטיחון אמבט SK 50*70,יחידה,0.00,יחידה,false,,19.90,0.0000,true,1,2232577
7290109062488,false,סט 3 קולבים עץ טבעי,SK home fashion,,סט 3 קולבים עץ טבעי,יחידה,0.00,יחידה,false,,19.90,0.0000,true,1,2238725
7290109062495,false,סט 3 קולבים עץ צבוע,SK home fashion,,סט 3 קולבים עץ צבוע,יחידה,0.00,יחידה,false,,19.90,0.0000,true,1,2238726
7290109062501,false,סט 3 קולבים עץ ציפוי סיליקון,SK home fashion,,סט 3 קולבים עץ ציפוי,יחידה,0.00,יחידה,false,,29.90,0.0000,true,1,2238727
7290109062518,false,סט קולבי קטיפה - 5 יחידות,SK home fashion,,סט 5 קולבים קטיפה,יחידה,0.00,יחידה,false,,14.90,0.0000,true,1,2238728
7290109062525,false,סט 3 קולבים צבעוניים לילדים,SK home fashion,,סט 3 קולבים צבעוניים,יחידה,0.00,יחידה,false,,19.90,0.0000,true,1,2238729
7290109062549,false,"שטיחון כניסה לבית 75*45 ס""מ SK",SK home fashion,,שטיחון כניסה לבית 75,יחידה,0.00,יחידה,false,,39.90,0.0000,true,1,2237168
7290109062556,false,"סט 2 מגבות מטבח פרימיום פסים 60*40 ס""מ",SK home fashion,,סט 2 מגבות מטבח פרימ,יח',2.00,יח',false,,24.90,12.4500,true,1,2245290
7290109062563,false,"שמיכת מיקרו פלנל פסים 180*130 ס""מ - בצבע לבחירה",SK home fashion,,שמיכת מיקרו פלנל פסי,יחידה,0.00,יחידה,false,,79.90,0.0000,true,1,2246683
7290109062587,false,סל קניה כחול בד,,,סל קניה כחול בד,יחידה,0.00,יחידה,false,,5.00,0.0000,true,1,2249562
7290109062594,false,"שטיחון אמבטיה פופקורן 70*50 ס""מ בצבע לבחירה",SK home fashion,,שטיחון אמבטיה 70*50,יחידה,0.00,יחידה,false,,29.90,0.0000,true,1,2253200
7290109062617,false,מגבת ידיים 50*30 פרמיום כותנה סרוקה,SK home fashion,,מגבת ידיים 50*30 פרמ,יחידה,0.00,יחידה,false,,9.90,0.0000,true,1,2253188
7290109062624,false,מגבת פנים 90*50 פרמיום כותנה סרוקה,SK home fashion,,מגבת פנים 90*50 פרמי,יחידה,0.00,יחידה,false,,19.90,0.0000,true,1,2253189
7290109062631,false,מגבת רחצה 130*70 פרמיום כותנה סרוקה,SK home fashion,,מגבת רחצה 130*70 פרמ,יחידה,0.00,יחידה,false,,39.90,0.0000,true,1,2253190
7290109062648,false,מגבת רחצה ענקית 140*90 פרמיום כותנה סרוקה,SK home fashion,,מגבת רחצה ענקית 140*,יחידה,0.00,יחידה,false,,49.90,0.0000,true,1,2253191
7290109062655,false,טורטייה בתוספת קמח כ,,,טורטייה בתוספת קמח כ,גרמים,360.00,100 גרם,false,,9.90,0.0275,true,1,2274995
7290109062662,false,"מנגל גדול מנירוסטה 30*77 ס""מ + רגליים",בסט BEST,,מנגל ענק מנירוסטה +ר,יח',1.00,יח',false,,119.00,119.0000,true,1,2265901
7290109134598,false,סוחט הדרים גדול אלומ,,,סוחט הדרים גדול אלומ,יחידה,0.00,יחידה,false,,24.90,0.0000,true,1,2164792
7290109134949,false,"מלקחיים גריל 27 ס""מ",,,"מלקחיים גריל 27 ס""מ",יחידה,0.00,יחידה,false,,12.90,0.0000,true,1,2194164
7290109136684,false,"מסננת נירוסטה 18 ס""מ",,,"מסננת נירוסטה 18 ס""מ",יחידה,0.00,יחידה,false,,24.90,0.0000,true,1,2035554
7290109137001,false,כף עץ במבוק 30 ס''מ סולתם,,,"כף עץ במבוק 30 ס""מ",יחידה,0.00,יחידה,false,,12.90,0.0000,true,1,2194169
7290109137995,false,"חולץ פקקי יין 18 ס""מ",,,"חולץ פקקי יין 18 ס""מ",יחידה,0.00,יחידה,false,,39.90,0.0000,true,1,2216927
7290109139678,false,"מסננת נירוסטה 28 ס""מ",,,"מסננת נירוסטה 28 ס""מ",יחידה,0.00,יחידה,false,,36.90,0.0000,true,1,2164825
7290109351025,false,מלך החומוס חומוסטחינה 40% טחינה גולמית,סלטי צבר,IL,חומוסטחינה מלך החומו,גרמים,400.00,100 גרם,false,,11.90,0.0298,true,1,1337883
7290109351957,false,פריכיות אורז מלא פיטנס עם שכבת שוקולד חלב,סנורייס בלגיום אן. ו,BE,פירכיות גדולות שוקול,גרמים,100.00,100 גרם,false,,7.90,0.0790,true,1,1411592
7290109351971,false,פריכיות דגנים פיטנס מצופות שוקולד חלב,נסטלה Nestle,IL,פירכיות פיטנס שוקולד,גרמים,84.00,100 גרם,false,,11.90,0.1417,true,1,1394170
7290109352916,false,פריכיות דגנים פיטנס מצופות שוקולד לבן,נסטלה Nestle,IL,פירכיות פיטנס שוקולד,גרמים,84.00,100 גרם,false,,11.90,0.1417,true,1,1394171
7290109353494,false,פסטה פרפקטו פארפאלה 500ג' אסם,אסם פרפקטו Perfecto,IT,פסטה פרפקטו פאפאלה 5,גרמים,500.00,100 גרם,false,,6.90,0.0138,true,1,1403177
7290109354057,false,קרחוני לה פרוטה La Frutta בטעמי אננס תפוז- 5 יח',תות תעשיות מזון (201,IL,מאגדת שלגוני לה פרוט,גרמים,350.00,100 גרם,false,,22.90,0.0654,true,1,1361416
7290109354101,false,לחמית ללא גלוטן 200 ג' אסם,אסם,IL,לחמית ללא גלוטן,גרמים,200.00,100 גרם,false,,9.90,0.0495,true,1,1533847
7290109354972,false,אוסם - פתי בר וניל חלבי ללא גלוטן 200 גרם,מיוצר עי קונדיטוריית,IL,פתיבר קלאסי ללא גלוט,גרמים,200.00,100 גרם,false,,9.90,0.0495,true,1,1394145
7290109354996,false,פתי בר ללא גלוטן שוקו אוסם 200 ג',מיוצר עי קונדיטוריית,IL,פתיבר שוקו ללא גלוטן,גרמים,200.00,100 גרם,false,,9.90,0.0495,true,1,1394146
7290109358260,false,טבעול נקניקיות עם חלבון 664 גר',עיצובים 2020 (4.8),IL,נקניקיות עם חלבון טב,גרמים,600.00,100 גרם,false,,29.90,0.0498,true,1,1550290
7290109358284,false,טבעול שניצל תירס עם חלבון 664 גר',עיצובים 2020 (4.8),IL,שניצל תירס עם חלבון,גרמים,664.00,100 גרם,false,,29.90,0.0450,true,1,1550291
7290109358482,false,עוגיות קרמוגית במילוי קרם בטעם חלבה,היינץ צפון אמריקה מק,IL,עוגיות קרמוגית במילו,גרמים,200.00,100 גרם,false,,10.90,0.0545,true,1,1984485
7290109492414,false,סכיני מטבח שישיה שח,,,סט 6 סכינים משונן,יחידה,0.00,יחידה,false,,19.90,0.0000,true,1,2172866
7290109580043,false,"שניצל תירס קלאסי זוגלובק 1.75 ק""ג",זוגלובק,IL,"שניצל תירס 1.750 ק""ג",קילוגרמים,1.75,"ק""ג",false,,49.90,28.5143,true,1,2181346
7290109580104,false,פסטרמה פרימיום רוסטביף 150 גר',זוגלובק,IL,רוסטביף זוגלובק פרימ,גרמים,150.00,100 גרם,false,,24.90,0.1660,true,1,2188643
7290109580111,false,"צלעות אסאדו מעושנות פרימיום, 120 גרם",זוגלובק,IL,צלעות אסאדו מעושנות,גרמים,120.00,100 גרם,false,,24.90,0.2075,true,1,2236215
7290109580159,false,זוגלובק פרימיום פסטרמה בנוסח טוסקנה,זוגלובק,,פסטרמה בנוסח טוסקנה,גרמים,180.00,100 גרם,false,,24.90,0.1383,true,1,2188646
7290109580210,false,נקנקיות ריינהולד'ס הצרפתיה זוגלובק 300 ג',זוגלובק,IL,נקניקיות ריינהולד'ס,גרמים,300.00,100 גרם,false,,19.90,0.0663,true,1,2245784
7290109580234,false,"נקניקיות מרגז חריפות וונדרס 0% בשר, טבעוני",זוגלובק וונדרס Wonders,IL,נקניקיות מרגז 226ג',גרמים,226.00,100 גרם,false,,34.90,0.1544,true,1,2232631
7290109580241,false,נאגטס מן הצומח 500 ג' זוגלובק,זוגלובק טבע,IL,נאגטס מן הצומח 500 ג,גרמים,500.00,100 גרם,false,,24.90,0.0498,true,1,2253297
7290109580319,false,"בורגר וונדרס 0% בשר , טבעוני",זוגלובק וונדרס Wonders,IL,בורגר 280ג' WONDERS,גרמים,280.00,100 גרם,false,,34.90,0.1246,true,1,2232632
7290109580432,false,פסטרמה חזה הודו מעושן 120 גר' זוגלובק,זוגלובק,IL,פסטרמה הודו 120 גרם,גרמים,120.00,100 גרם,false,,11.90,0.0992,true,1,2254724
7290109640020,false,גוש טבעוני בטעם מוצרלה 18%,ויגרדן,,גוש גבינה טבעונית בט,גרמים,300.00,100 גרם,false,,19.90,0.0663,true,1,1360100
7290109640198,false,מגורדת טבעונית לפיצה ואפיה ללא לקטוז,MASHUמשו,,גבינה מגורדת לפיצה ו,גרמים,200.00,100 גרם,false,,19.90,0.0995,true,1,1820759
7290109640464,false,פתיתים טבעוניים בסגנ,"טרופיקל דגיל בע""מ אז",IL,פתיתים טבעוניים בסגנ,גרמים,150.00,100 גרם,false,,19.90,0.1327,true,1,2133321
7290109640761,false,מאפה בצק פילאס במילוי פטה טבעונית,סנו מפעלי ברונוס.,IL,מאפה טבעוני משומשו,גרמים,600.00,100 גרם,false,,22.90,0.0382,true,1,2207625
7290109640785,false,מאפה פילאס טבעוני במילוי בסגנון פיצה,סנו מפעלי ברונוס.,IL,מאפה טבעוני משומשו,גרמים,600.00,100 גרם,false,,22.90,0.0382,true,1,2207627
7290109920146,false,"דורגול מסיר אבנית מקומקומים 750 מ""ל",דורינג,,דורגול מסיר אבנית מק,מיליליטרים,750.00,"100 מ""ל",false,,18.90,0.0252,true,1,2237353
7290109920153,false,"מלבין לכביסה לבנה לובן צח, 790 גרם יעקבי",יעקבי,,מלבין כביסה לבנה,גרמים,790.00,100 גרם,false,,29.90,0.0378,true,1,1738926
7290109920313,false,"אסטוניש מרסס לניקוי חלונות 750 מ""ל",יעקבי- אסטוניש Astonish,,אסטוניש מרסס מבריק ש,מיליליטרים,750.00,"100 מ""ל",false,,11.90,0.0159,true,1,1727209
7290109920597,false,"אסטוניש - מרסס לניקוי המקלחון 750 מ""ל",יעקבי- אסטוניש Astonish,,אסטוניש מרסס למקלחון,מיליליטרים,750.00,"100 מ""ל",false,,11.90,0.0159,true,1,1727212
7290109920627,false,"אסטוניש קרם ואקונומיקה לניקוי אמבטיות 500 מ""ל",אסטוניש,GB,אסטוניש קרם אמבט אקו,יחידה,0.00,יחידה,false,,11.90,0.0000,true,1,1727214
7290109920665,false,"אסטוניש - מרסס מסיר אוכל שרוף במטבח 750 מ""ל",יעקבי- אסטוניש Astonish,,אסטוניש מרסס מסיר או,מיליליטרים,750.00,"100 מ""ל",false,,11.90,0.0159,true,1,1727216
7290109920825,false,צמד-דורגול אספרסו + דורגול מקציף חלב מתנה,מרקה,CH,דורגול לניקוי מכונת,מיליליטרים,500.00,"100 מ""ל",false,,28.90,0.0578,true,1,1965875
7290109920832,false,דורגול לניקוי מקציף חלב 500מ'ל,מרקה,CH,דורגול לניקוי מקציף,מיליליטרים,500.00,"100 מ""ל",false,,29.90,0.0598,true,1,1964151
7290109920849,false,"אסטוניש - מרסס לניקוי כללי בניחוח תפוז 750 מ""ל",יעקבי- אסטוניש Astonish,,אסטוניש מרסס תפוז לנ,מיליליטרים,750.00,"100 מ""ל",false,,11.90,0.0159,true,1,1727217
7290109920863,false,הפי מיוחד לכביסה בגדי ספורט,,,ג'ל כביסה,ליטרים,1.00,ליטר,false,,14.90,14.9000,true,1,1820729
7290109920870,false,הפי מיוחד לכביסה שחורה וכהה,,,הפי לכביסה כהה,ליטרים,1.00,ליטר,false,,14.90,14.9000,true,1,1820734
7290109920887,false,הפי מיוחד לכביסה ביד צמר ממש,,,הפי לכביסה ביד,ליטרים,1.00,ליטר,false,,14.90,14.9000,true,1,1820735
7290109920894,false,הפי GEL DE LINE לשטיפת רצפות 1ליטר,,,נוזל רצפות הפי,ליטרים,1.00,ליטר,false,,12.90,12.9000,true,1,1820724
7290109920917,false,"הפי ג'ל אסלות עם כלור 750 מ""ל",אורו,,ג'ל לניקוי האסלה,מיליליטרים,750.00,"100 מ""ל",false,,7.90,0.0105,true,1,1856784
7290109921334,false,יעקבי דפי כביסה אידא,מרקה,ES,15 דפי כביסה,יח',15.00,יח',false,,12.90,0.8600,true,1,2002651
7290109921372,false,אסטוניש משחה לניקוי תנורים וגריל+ספוג 250 גר',אסטוניש,GB,אסטוניש משחה לניקוי,גרמים,250.00,100 גרם,false,,14.90,0.0596,true,1,2172089
7290109921488,false,"דורגול לניקוי וחיטוי מכונת הכביסה 500 מ""ל",דורינג,DE,דורגול למכונות הכביס,מיליליטרים,500.00,"100 מ""ל",false,,28.90,0.0578,true,1,2172090
7290109921686,false,פוליבוי מטליות לחות לניקוי רהיטים 24 יח,,,מטליות עם חומר לניקו,יחידה,0.00,יחידה,false,,9.90,0.0000,true,1,2172095
7290109921754,false,חידוש פוליטורה עץ,,,חידוש פוליטורה עץ,מיליליטרים,100.00,"100 מ""ל",false,,14.90,0.1490,true,1,2199892
7290109921853,false,אסטוניש המשחה המקורית לניקוי עם עוצמה,יעקבי- אסטוניש Astonish,GB,אסטוניש משחת פרימיום,גרמים,150.00,100 גרם,false,,17.90,0.1193,true,1,2178137
7290109921952,false,הפי ג'ל לכל כביסה ירוק 2.5ל',,,ג'ל כביסה מסיר כתמים,ליטרים,2.50,ליטר,false,,24.90,9.9600,true,1,2193159
7290109921969,false,הפי ג'ל כביסה ורוד 2.5 ל',,,ג'ל הפי לכביסה,ליטרים,2.50,ליטר,false,,24.90,9.9600,true,1,2193160
7290109923024,false,"אסטוניש - מרסס פרמיום ארומטיק למטבח 750 מ""ל",,,אסטוניש מרסס פרמיום,מיליליטרים,750.00,"100 מ""ל",false,,14.90,0.0199,true,1,2247593
7290109923031,false,"מרסס פרמיום ארומטיק למקלחון 750 מ""ל אסטוניש",,,אסטוניש מרסס פרמיום,מיליליטרים,750.00,"100 מ""ל",false,,14.90,0.0199,true,1,2247594
7290109923048,false,"אסטוניש - מרסס פרמיום ארומטיק לכל הבית 750 מ""ל",,,אסטוניש מרסס פרמיום,מיליליטרים,750.00,"100 מ""ל",false,,14.90,0.0199,true,1,2247595
7290109923130,false,מדליק לפחמים קוביות הפי 24 יח',,,מדליק פחמים הפי,יח',40.00,יח',false,,7.90,0.1975,true,1,2257206
7290109923147,false,"פלא של אקונומיקה 750 מ""ל אסטוניש",יעקבי- אסטוניש Astonish,,אסטוניש מרסס פרמיום,מיליליטרים,750.00,"100 מ""ל",false,,14.90,0.0199,true,1,2264294
7290110000493,false,חמאת בוטנים טבעית קראנצ'י 350 גר',בטר אנד דיפרנט,IL,חמאת בוטנים טבעית עם,גרמים,350.00,100 גרם,false,,12.90,0.0369,true,1,2076567
7290110055974,false,"סוכריות ג""לי מפואר ו",,,"סוכריות ג""לי מפואר ו",גרמים,20.00,100 גרם,false,,3.90,0.1950,true,1,1424634
7290110058555,false,שוקולד,,,שוקולד,גרמים,42.00,100 גרם,false,,6.90,0.1643,true,1,1424614
7290110058821,false,שלישיית ביצי שוקולד הלו קיטי,מונדזיר,,מארז שלישיית ביצי שו,גרמים,60.00,100 גרם,false,,12.90,0.2150,true,1,1437768
7290110058869,false,שלישית ביצי שוקולד סמי הכבאי,מונדזיר,,מארז שלישיית ביצי שו,גרמים,60.00,100 גרם,false,,12.90,0.2150,true,1,1437771
7290110110277,false,סיידר תפוחים מוגז - מארז רביעייה,"קרלסברג קרואטיה , יב",RO,רביעיית סומרסבי סייד,ליטרים,1.32,ליטר,false,,32.90,24.9242,true,1,1795049
7290110110369,false,בירה קרלסברג לומה LUMA שישייה,מבשלות בירה בינלאומי,IL,שישיית בירה קרלסברג,ליטרים,1.98,ליטר,false,,36.90,18.6364,true,1,2160915
7290110110635,false,ספרייט בטעם למון ליים,החברה המרכזית לייצור,IL,"ספרייט 500 מ""ל",מיליליטרים,500.00,"100 מ""ל",false,,6.90,0.0138,true,1,1745563
7290110110659,false,"ספרייט לימון ליים פחית 330מ""ל",החברה המרכזית לייצור,IL,"ספרייט פחית 330 מ""ל",מיליליטרים,330.00,"100 מ""ל",false,,4.50,0.0136,true,1,1745564
7290110111557,false,"משקה ספורט איזוטוני בטעם פירות 500 מ""ל פאוורייד",Caslino al Piano pla,IT,פאוורייד בטעם פירות,מיליליטרים,500.00,"100 מ""ל",false,,9.90,0.0198,true,1,2253494
7290110111564,false,"משקה ספורט איזוטוני בטעם הדרים ליין 500 מ""ל פאוורייד",פאווראייד POWERADE,IT,פאוורייד סיטרוס הדרי,מיליליטרים,500.00,"100 מ""ל",false,,9.90,0.0198,true,1,2253495
7290110111809,false,"מארז פאנטה אורנג' 330 מ""ל * 6 יח'",החברה המרכזית לייצור,IL,מארז שישיית פחיות פא,ליטרים,1.98,ליטר,false,,22.90,11.5657,true,1,2073233
7290110113476,false,בירה קרלסברג ללא אלכוהול - שישייה,קרלסברג רומניהיבואן:,RO,שישייה בירה קרלסברג,ליטרים,1.98,ליטר,false,,24.90,12.5758,true,1,2144684
7290110113636,false,בירה שקמה מרצן לאגר,מבשלות בירה בינלאומי,IL,בירה שקמה מרצן לאגר,מיליליטרים,330.00,"100 מ""ל",false,,12.90,0.0391,true,1,2264101
7290110114787,false,נביעות + תפוח 1.5 ליטר פיקדון,נביעות טבע הגליל בעמ,IL,נביעות בטעמים 1.5 לי,ליטרים,1.50,ליטר,false,,8.90,5.9333,true,1,2231075
7290110114794,false,נביעות + אפרסק 1.5 ליטר פיקדון,"נביעות טבע הגליל בע""",IL,נביעות בטעמים 1.5 לי,ליטרים,1.50,ליטר,false,,8.90,5.9333,true,1,2231076
7290110114800,false,נביעות + ענבים 1.5 ליטר פיקדון,"נביעות טבע הגליל בע""",IL,נביעות בטעמים 1.5 לי,ליטרים,1.50,ליטר,false,,8.90,5.9333,true,1,2231077
7290110114824,false,נביעות+רכיבי פרי אבטיח 1.5 ליטר פיקדון,"נביעות טבע הגליל בע""",IL,נביעות + פרי אבטיח 1,ליטרים,1.50,ליטר,false,,9.90,6.6000,true,1,2231089
7290110114855,false,"נביעות מים מינרליים, שישיה 6 * 1.5 ליטר פקדון",נביעות טבע הגליל בעמ,IL,נביעות שישייה מים 1.,ליטרים,9.00,ליטר,false,,12.90,1.4333,true,1,2231313
7290110114893,false,מיץ סחוט תפוז 2 ל' פריגת,פריגת,IL,מיץ תפוזים סחוט 2 לי,ליטרים,2.00,ליטר,false,,26.90,13.4500,true,1,2231324
7290110114909,false,100% מיץ תפוחים צלול עשוי מרכז,היינץ צפון אמריקה מק,IL,מיץ תפוח סחוט 2 ליטר,ליטרים,2.00,ליטר,false,,26.90,13.4500,true,1,2231325
7290110114916,false,מיץ סחוט לימונענע 2 ל' פריגת,פריגת,IL,משקה בטעם לימונענע פ,ליטרים,2.00,ליטר,false,,26.90,13.4500,true,1,2231330
7290110114954,false,מיץ תפוזים מתקתקים 100% 2 ל' פריגת,פריגת,IL,מיץ תפוזים מתקתק 100,ליטרים,2.00,ליטר,false,,21.90,10.9500,true,1,2231331
7290110114961,false,מיץ בטעם תפוזים 1.5ל' פריגת,מבשלות בירה בינלאומי,IL,פריגת תפוזים 1.5 ליט,ליטרים,1.50,ליטר,false,,8.90,5.9333,true,1,2231336
7290110114985,false,פריגת אשכולית 1.5 ליטר פיקדון,מבשלות בירה בינלאומי,IL,פריגת אשכוליות 1.5 ל,ליטרים,1.50,ליטר,false,,8.90,5.9333,true,1,2231338
7290110114992,false,פריגת light אשכולית 1.5 ליטר פיקדון,מבשלות בירה בינלאומי,IL,פריגת אשכוליות דיאט,ליטרים,1.50,ליטר,false,,8.90,5.9333,true,1,2231343
7290110115005,false,פריגת ענבים 1.5 ליטר פיקדון,מבשלות בירה בינלאומי,IL,פריגת ענבים 1.5 ליטר,ליטרים,1.50,ליטר,false,,8.90,5.9333,true,1,2231352
7290110115012,false,מיץ ענבים בניחוח מרלו 1.5 ל' פריגת,פריגת,IL,פריגת ענבים בניחוח מ,ליטרים,1.50,ליטר,false,,8.90,5.9333,true,1,2231353
7290110115036,false,פריגת מנגו 1.5 ליטר פיקדון,מבשלות בירה בינלאומי,IL,פריגת מנגו 1.5 ליטר,ליטרים,1.50,ליטר,false,,8.90,5.9333,true,1,2231360
7290110115043,false,פריגת לימונענע 1.5 ליטר פיקדון,מבשלות בירה בינלאומי,IL,פריגת לימונענע 1.5 ל,ליטרים,1.50,ליטר,false,,8.90,5.9333,true,1,2231361
7290110115050,false,פריגת מיקס תות בננה 1.5 ליטר פיקדון,מבשלות בירה בינלאומי,IL,פריגת תות בננה 1.5 ל,ליטרים,1.50,ליטר,false,,8.90,5.9333,true,1,2231366
7290110115067,false,פריגת אפרסק 1.5 ליטר פיקדון,מבשלות בירה בינלאומי,IL,פריגת אפרסק 1.5 ליטר,ליטרים,1.50,ליטר,false,,8.90,5.9333,true,1,2231375
7290110115074,false,פריגת תפוח דובדבן 1.5 ליטר פיקדון,מבשלות בירה בינלאומי,IL,פריגת דובדבן 1.5 לי,ליטרים,1.50,ליטר,false,,8.90,5.9333,true,1,2231397
7290110115081,false,פריגת צלול ענבים 1.5 ליטר פיקדון,מבשלות בירה לישראל ב,IL,פריגת צלול ענבים 1.5,ליטרים,1.50,ליטר,false,,8.90,5.9333,true,1,2231404
7290110115104,false,פריגת צלול אפרסק 1.5 ליטר פיקדון,מבשלות בירה בינלאומי,IL,פריגת צלול אפרסק 1.5,ליטרים,1.50,ליטר,false,,8.90,5.9333,true,1,2231415
7290110115111,false,פריגת צלול אננס 1.5 ליטר פיקדון,מבשלות בירה לישראל ב,IL,פריגת צלול אננס 1.5,ליטרים,1.50,ליטר,false,,8.90,5.9333,true,1,2231416
7290110115128,false,פריגת צלול בטעם לימונענע 1.5 ליטר פיקדון,מבשלות בירה לישראל ב,IL,פריגת צלול לימונענע,ליטרים,1.50,ליטר,false,,8.90,5.9333,true,1,2231421
7290110115180,false,מים מינרליים נביעות,"נביעות טבע הגליל בע""",IL,מים נביעות 1.5 ליטר,ליטרים,1.50,ליטר,false,,3.80,2.5333,true,1,2234123
7290110115203,false,קוקה קולה 1.5 ליטר פיקדון,קוקה קולה Coca Cola,IL,קוקה קולה 1.5 ליטר,ליטרים,1.50,ליטר,false,,8.60,5.7333,true,1,2231435
7290110115210,false,דיאט קוקה קולה 1.5 ליטר פיקדון,קוקה קולה Coca Cola,IL,דיאט קוקה קולה 1.5 ל,ליטרים,1.50,ליטר,false,,8.60,5.7333,true,1,2231436
7290110115227,false,קולה ZERO 1.5 ליטר פיקדון,קוקה קולה Coca Cola,IL,קולה זירו 1.5 ליטר,ליטרים,1.50,ליטר,false,,8.60,5.7333,true,1,2231437
7290110115234,false,קולה ZERO נטול 1.5 ליטר פיקדון,החברה המרכזית לייצור,IL,קולה זירו נטול 1.5לי,ליטרים,1.50,ליטר,false,,8.60,5.7333,true,1,2231444
7290110115241,false,קוקה קולה זירו לימון 1.5 ליטר,החברה המרכזית לייצור,IL,קולה זירו לימון 1.5ל,ליטרים,1.50,ליטר,false,,8.60,5.7333,true,1,2231445
7290110115265,false,ספרייט 1.5 ליטר LIME פיקדון,החברה המרכזית לייצור,IL,ספרייט 1.5 ליטר,ליטרים,1.50,ליטר,false,,8.50,5.6667,true,1,2231447
7290110115272,false,ZERO ספרייט זירו 1.5 ליטר פיקדון,החברה המרכזית לייצור,IL,ZERO ספרייט 1.5 ליטר,ליטרים,1.50,ליטר,false,,8.50,5.6667,true,1,2232911
7290110115289,false,ספרייט 19 קל' לימון-נענע 1.5 ליטר פיקדון,החברה המרכזית לייצור,IL,ספרייט 1.5 ליטר לימו,ליטרים,1.50,ליטר,false,,8.50,5.6667,true,1,2231478
7290110115296,false,פאנטה אורנג' 1.5 ליטר פיקדון,החברה המרכזית לייצור,IL,פאנטה אורנג' 1.5 ליט,ליטרים,1.50,ליטר,false,,8.80,5.8667,true,1,2231485
7290110115302,false,פאנטה ZERO אורנג' 1.5 ליטר פיקדון,החברה המרכזית לייצור,IL,פאנטה זירו אורנג' 1.,ליטרים,1.50,ליטר,false,,8.80,5.8667,true,1,2231486
7290110115319,false,פאנטה אקזוטיק 1.5 ליטר פיקדון,החברה המרכזית לייצור,IL,פאנטה אקזוטי 1.5 ליט,ליטרים,1.50,ליטר,false,,8.80,5.8667,true,1,2231492
7290110115333,false,פאנטה תות 1.5 ליטר פיקדון,החברה המרכזית לייצור,IL,פאנטה תות 1.5 ליטר,ליטרים,1.50,ליטר,false,,8.80,5.8667,true,1,2231494
7290110115340,false,פאנטה ענבים 1.5 ליטר פיקדון,קוקה קולה,IL,פאנטה ענבים 1.5 ליטר,ליטרים,1.50,ליטר,false,,8.80,5.8667,true,1,2231495
7290110115357,false,קינלי סודה 1.5 ליטר פיקדון,קריות זול,,סודה קינלי 1.5ליטר,ליטרים,1.50,ליטר,false,,3.80,2.5333,true,1,2231546
7290110115364,false,קוקה קולה שישיות 1.5 ליטר פיקדון,החברה המרכזית לייצור,IL,קוקה קולה שישייה 1.5,ליטרים,9.00,ליטר,false,,49.90,5.5444,true,1,2231448
7290110115371,false,דיאט קוקה קולה שישיות 1.5 ליטר פיקדון,החברה המרכזית לייצור,IL,קוקה קולה דיאט שישיי,ליטרים,9.00,ליטר,false,,46.50,5.1667,true,1,2231449
7290110115388,false,ספרייט ליים שישיות 1.5 ליטר פיקדון,החברה המרכזית לייצור,IL,ספרייט שישייה 1.5 לי,ליטרים,9.00,ליטר,false,,49.90,5.5444,true,1,2231479
7290110115395,false,ZERO ספרייט שישיות 1.5 ליטר פיקדון,החברה המרכזית לייצור,IL,שישיית ZERO ספרייט 1,ליטרים,9.00,ליטר,false,,46.50,5.1667,true,1,2231480
7290110115401,false,קינלי סודה שישייה 1.5 ליטר פיקדון,החברה המרכזית לייצור,IL,שישיית סודה קינלי 1.,ליטרים,9.00,ליטר,false,,14.90,1.6556,true,1,2231547
7290110115418,false,מארז שישייה קוקה קולה זירו 1.5 ל',החברה המרכזית לייצור,IL,ZERO קולה שישייה 1.5,ליטרים,9.00,ליטר,false,,46.50,5.1667,true,1,2231450
7290110115425,false,FUZE TEA גרין לימונענע -נענע 1.5 ליטר פיקדון,מבשלות בירה בינלאומי,IL,FUZE-T לימון נענע 1.,ליטרים,1.50,ליטר,false,,8.90,5.9333,true,1,2231548
7290110115449,false,אייס תה בטעם מנגו אננס 1.5ל' FUZE TEA,מבשלות בירה בינלאומי,IL,FUZE-T מנגו אננס 1.5,ליטרים,1.50,ליטר,false,,8.90,5.9333,true,1,2231554
7290110115456,false,"תה קר בטעם אפרסק 19 קלוריות ב- 100 מ""ל",מבשלות בירה בינלאומי,IL,FUZE-T אפרסק 1.5 ליט,ליטרים,1.50,ליטר,false,,8.90,5.9333,true,1,2231555
7290110115463,false,אייס תה בטעם אפרסק 1.5ל' FUZE TEA,מבשלות בירה בינלאומי,IL,FUZE-T אפרסק 1.5 ליט,ליטרים,1.50,ליטר,false,,8.90,5.9333,true,1,2231560
7290110115494,false,אייס תה בטעם ענבים 1.5ל' FUZE TEA,מבשלות בירה בינלאומי,IL,FUZE-T ענבים 1.5 ליט,ליטרים,1.50,ליטר,false,,8.90,5.9333,true,1,2231563
7290110115531,false,פאנטה ZERO תפוח 1.5 ליטר פיקדון,החברה המרכזית לייצור,IL,פאנטה זירו בטעם תפוח,ליטרים,1.50,ליטר,false,,8.80,5.8667,true,1,2231487
7290110115579,false,מארז רביעיית פאנטה 1,קוקה קולה,,מארז רביעיית פאנטה 1,ליטרים,6.00,ליטר,false,,35.90,5.9833,true,1,2231496
7290110115623,false,משקה פיוז טי זירו ZERO בטעם אפרסק,מבשלות בירה בינלאומי,IL,FUZE-T זירו אפרסק 1.,ליטרים,1.50,ליטר,false,,8.90,5.9333,true,1,2235718
7290110115692,false,פריגת קוביות אלוורה בטעם מלון,החברה המרכזית למשקאו,IL,משקה קל בטעם מלון עם,מיליליטרים,315.00,"100 מ""ל",false,,7.90,0.0251,true,1,2281365
7290110115913,false,"משקה ספורט איזוטוני זירו בטעם אננס 500 מ""ל פאוורייד",Caslino al Piano pla,IT,פאוורייד ZERO בטעם א,מיליליטרים,500.00,"100 מ""ל",false,,9.90,0.0198,true,1,2253496
7290110116064,false,פאנטה ZERO פירות ירוק 1.5 ליטר פיקדון,החברה המרכזית לייצור,IL,פאנטה זירו פירות ירו,ליטרים,1.50,ליטר,false,,8.80,5.8667,true,1,2258191
7290110116125,false,סירופ בטעם פטל במתיק,סירופ גבעת חיים,IL,"סירופ פטל 750 מ""ל",מיליליטרים,750.00,"100 מ""ל",false,,24.90,0.0332,true,1,2277057
7290110116132,false,"מיץ לימון 750 מ""ל פריגת",סירופ גבעת חיים,IL,"סירופ לימון 750 מ""ל",מיליליטרים,750.00,"100 מ""ל",false,,24.90,0.0332,true,1,2277058
7290110116149,false,"מיץ ענבים 750 מ""ל פריגת",סירופ גבעת חיים,IL,"סירופ ענבים 750 מ""ל",מיליליטרים,750.00,"100 מ""ל",false,,24.90,0.0332,true,1,2277059
7290110116156,false,נביעות+ רכיבי פרי מנגו פסיפלורה 1.5 ליטר,נביעות,IL,נביעות+רכיבי פרי מנג,ליטרים,1.50,ליטר,false,,8.90,5.9333,true,1,2278452
7290110116170,false,נביעות+ רכיבי פרי קוקוס אננס 1.5 ליטר,נביעות,IL,נביעות+רכיבי פרי קוק,ליטרים,1.50,ליטר,false,,8.90,5.9333,true,1,2278521
7290110116200,false,מים 0 קלוריות בטעם לימון-ליים 0.5 ל נביעות,"נביעות טבע הגליל בע""",IL,בקבוק נביעות+ לימון,מיליליטרים,500.00,"100 מ""ל",false,,6.50,0.0130,true,1,2273179
7290110116224,false,נביעות 0 קלוריות בטעם אשכולית,"נביעות טבע הגליל בע""",IL,בקבוק נביעות+ אשכולי,מיליליטרים,500.00,"100 מ""ל",false,,6.50,0.0130,true,1,2273181
7290110116392,false,מיץ תפוזים 750 מל פריגת,סירופ גבעת חיים,IL,"סירופ תפוזים 750 מ""ל",מיליליטרים,750.00,"100 מ""ל",false,,24.90,0.0332,true,1,2277060
7290110116514,false,"פריגת מיקס תות בננה 400 מ""ל",פריגת,IL,פריגת מיקס תות,מיליליטרים,400.00,"100 מ""ל",false,,9.90,0.0248,true,1,2280330
7290110116521,false,"פריגת מיקס אפרסק ומשמש 400 מ""ל",פריגת,IL,פריגת מיקס,ליטרים,400.00,100 ליטר,false,,9.90,0.0248,true,1,2280331
7290110116552,false,ספרייט לימון היט 1.5 ליטר LIME פיקדון,החברה המרכזית לייצור,IL,ספרייט 1.5 ליטר LEMO,ליטרים,1.50,ליטר,false,,8.50,5.6667,true,1,2277089
7290110116569,false,"ספרייט זירו ZERO בק LEMON HIT, 1.5 ליטר",החברה המרכזית לייצור,IL,ספרייט זירו 1.5 ליטר,ליטרים,1.50,ליטר,false,,8.50,5.6667,true,1,2276730
7290110116637,false,בירה שקמה חיטה מעוננת Bitter Wheat,שקמה,,בירה שקמה בירת חיטה,מיליליטרים,330.00,"100 מ""ל",false,,12.90,0.0391,true,1,2278508
7290110320850,false,פתיתים גבינה חצי קשה מגורדת 28% שומן,תנובה מרכז שיתופי לש,IL,פתיתי עמק למאפים 200,גרמים,200.00,100 גרם,false,,15.90,0.0795,true,1,1659731
7290110320867,false,פתיתים גבינה חצי קשה מגורדת 28% שומן,תנובה מרכז שיתופי לש,IL,פתיתי עמק למאפים 28%,גרמים,500.00,100 גרם,false,,34.90,0.0698,true,1,1642451
7290110320935,false,גבינת מוצרלה תנובה 150ג' פרוסות,תנובה מרכז שיתופי לש,IL,פרוסות מוצרלה 150 גר,גרמים,150.00,100 גרם,false,,15.90,0.1060,true,1,1642458
7290110321031,false,מעדן חלב GO יוגורט מועשר בחלבון טבעי 200 ג' יופלה,"תנובה, מחלבת אלון תב",IL,יוגורט יופלה GO,גרמים,200.00,100 גרם,false,,5.90,0.0295,true,1,1642452
7290110321284,false,קוטג' בקטנה 9% 100 ג' תנובה,פארייפאבה אגרואינדוס,IL,קוטג' 9% בקטנה מהדרי,גרמים,100.00,100 גרם,false,,2.90,0.0290,true,1,1678405
7290110321680,false,יוגורט GO בטעם תות 20 גרם חלבון בגביע,מיוצר עי קונדיטוריית,IL,יוגורט יופלה GO תות,גרמים,200.00,100 גרם,false,,5.90,0.0295,true,1,1742562
7290110321697,false,יוגורט GO בטעם אפרסק 20 גרם חלבון בגביע,מיוצר עי קונדיטוריית,IL,יוגורט יופלה GO אפרס,גרמים,200.00,100 גרם,false,,5.90,0.0295,true,1,1742563
7290110321703,false,יוגורט GO בטעם פירות יער 20 גרם חלבון בגביע,מיוצר עי קונדיטוריית,IL,יוגורט יופלה GO פירו,גרמים,200.00,100 גרם,false,,5.90,0.0295,true,1,1802236
7290110321789,false,גבינת מסקרפונה 38% השף הלבן 250 ג',תנובה,IL,גבינת מסקרפונה 38% 2,גרמים,250.00,100 גרם,false,,20.90,0.0836,true,1,1762551
7290110322014,false,טופו בטעם טבעי תנובה ALTERNATIVE,שוורצקוף& הנקל דיסלד,IL,טופו טבעי 300 גרם תנ,גרמים,300.00,100 גרם,false,,12.90,0.0430,true,1,1802237
7290110322021,false,טופו עם בזיליקום תנובה ALTERNATIVE,שוורצקוף& הנקל דיסלד,IL,טופו בזיליקום 300 גר,גרמים,300.00,100 גרם,false,,12.90,0.0430,true,1,1802238
7290110322946,false,יופלה טיוב יוגורט במרקם חלק בטעם תות בננה כשרות רבנות 348 ג',,,מארז 6 יופלה טיוב תו,גרמים,348.00,100 גרם,false,,12.50,0.0359,true,1,1904581
7290110323301,false,טל העמק בסגנון אמנטל 32% שומן 200 גרם,עמק - תנובה,IL,גבינת טל העמק 32% שו,גרמים,200.00,100 גרם,false,,18.90,0.0945,true,1,1998422
7290110323585,false,יופלה יוגורט עם דובדבן מופחת קלוריות 200 ג' GO,יופלה Yoplait,,יוגורט יופלה GO דובד,גרמים,200.00,100 גרם,false,,5.90,0.0295,true,1,1951352
7290110323714,false,משקה קוקוס שקדים תנובה E אלטרנטיב,מיוצר עי קונדיטוריית,IL,משקה קוקוס שקדים 1 ל,ליטרים,1.00,ליטר,false,,12.90,12.9000,true,1,1998423
7290110324070,false,גבינת חלומי מחלב בקר 22%שומן 200גר,"תנובה בע""מ",IL,גבינת חלומי מחלב בקר,גרמים,200.00,100 גרם,false,,18.90,0.0945,true,1,2008932
7290110324551,false,יופלה טיוב יוגורט במרקם חלק בטעם תות 348 ג',יופלה Yoplait,IL,מארז 6 יופלה טיוב תו,גרמים,348.00,100 גרם,false,,12.50,0.0359,true,1,2062536
7290110324711,false,ממרח סויה בטעם טבעי 9% שומן אלטרנטיב,מיוצר עי קונדיטוריית,IL,ממרח סויה בסגנון גבי,גרמים,250.00,100 גרם,false,,9.30,0.0372,true,1,2111289
7290110324728,false,ממרח סויה עם שום שמיר 9% שומן אלטרנטיב,מיוצר עי קונדיטוריית,IL,ממרח סויה בסגנון גבי,גרמים,250.00,100 גרם,false,,9.30,0.0372,true,1,2111290
7290110324841,false,מעדן שקדים עם שוקולד מריר אלטרנטיב,מיוצר עי קונדיטוריית,IL,מעדן שקדים עם שוקולד,גרמים,125.00,100 גרם,false,,4.30,0.0344,true,1,2132203
7290110324858,false,מעדן שקדים בטעם אגוזי לוז אלטרנטיב,תנובה Alternative,IL,מעדן שקדים בטעם אגוז,גרמים,125.00,100 גרם,false,,4.30,0.0344,true,1,2132204
7290110324872,false,גבינה צהובה גלבוע 5% שומן 200 גרם,גלבוע - תנובה,IL,גבינה גלבוע פרוס 200,גרמים,200.00,100 גרם,false,,18.90,0.0945,true,1,2134263
7290110324926,false,משקה סויה ללא תוספת סוכר E אלטרנטיב,תנובה מרכז שיתופי לש,IL,משקה סויה ללא תוספת,ליטרים,1.00,ליטר,false,,11.40,11.4000,true,1,2129028
7290110325084,false,מאגדת שמינייה מיני קרלו שוניל 8*100גרם,קריות זול,,מאגדת שמינייה מיני ק,מיליליטרים,800.00,"100 מ""ל",false,,14.90,0.0186,true,1,2122761
7290110325114,false,"משקה יוגורט יופלה גו לייט תות בננה 250 מ""ל - רבנות",מיוצר עי קונדיטוריית,IL,משקה יוגורט גו לייט,מיליליטרים,250.00,"100 מ""ל",false,,6.90,0.0276,true,1,2122766
7290110325305,false,מעדן סויה GO מועשר בחלבון במתיקות מעודנת,מיוצר עי קונדיטוריית,IL,מעדן סויה גו 20 גרם,גרמים,200.00,100 גרם,false,,6.00,0.0300,true,1,2132212
7290110325312,false,מעדן סויה GO מועשר בחלבון בטעם תות,"תנובה בע""מ",IL,מעדן סויה גו 20 גרם,גרמים,200.00,100 גרם,false,,6.00,0.0300,true,1,2132213
7290110325510,false,יופלה טיוב יוגורט במרקם חלק בטעם וניל - 348 ג',"תנובה בע""מ",IL,מארז 6 יופלה טיוב ונ,גרמים,348.00,100 גרם,false,,12.50,0.0359,true,1,2134829
7290110325619,false,משקה שיבולת שועל תנובה E אלטרנטיב,מיוצר עי קונדיטוריית,IL,משקה שיבולת שועל 1 ל,ליטרים,1.00,ליטר,false,,12.90,12.9000,true,1,2137650
7290110325701,false,פיראוס צזיקי יווני 9% שומן על בסיס יוגורט,גוד פוד פרודקטס S.p,IL,צזיקי יווני פיראוס 9,גרמים,250.00,100 גרם,false,,12.90,0.0516,true,1,2145617
7290110325879,false,פתיתי גאודה 200 ג' תנובה,תנובה- השף הלבן,IL,פתיתי גאודה 200 גרם,גרמים,200.00,100 גרם,false,,16.90,0.0845,true,1,2149350
7290110325893,false,משקה חלב GO מועשר בחלבון בטעם אייס קפה,מיוצר עי קונדיטוריית,IL,משקה תנובה GO אייס ק,מיליליטרים,340.00,"100 מ""ל",false,,8.90,0.0262,true,1,2137655
7290110326173,false,יולו COOKIES שוקולדלבן בטעם קרם עוגיות+עוגיות ונטיפי שוקולד 120 ג',תנובה,IL,מעדן YOLO COOKIES בט,גרמים,120.00,100 גרם,false,,5.10,0.0425,true,1,2148327
7290110326210,false,יופלה און טופ פצפוצים 157 גרם.,מיוצר עי קונדיטוריית,IL,יופלה און טופ פצפוצי,גרמים,157.00,100 גרם,false,,5.50,0.0350,true,1,2149351
7290110326227,false,יוגורט און טופ קורנפלקס 157 ג' יופלה,מיוצר עי קונדיטוריית,IL,יופלה און טופ קורנפל,גרמים,157.00,100 גרם,false,,5.50,0.0350,true,1,2149352
7290110326234,false,יוגורט און טופ כוכבים 157 ג' יופלה,מיוצר עי קונדיטוריית,IL,יופלה און טופ כוכבים,גרמים,157.00,100 גרם,false,,5.50,0.0350,true,1,2149353
7290110326241,false,יופלה און טופ גרנולה 157 גרם.,מיוצר עי קונדיטוריית,IL,יופלה און טופ גרנולה,גרמים,157.00,100 גרם,false,,5.50,0.0350,true,1,2149354
7290110326333,false,פרוסות גבינה בסגנון סקנדינבי 31%,פ.פ.ח. שאביט,IL,פרוסות גבינה סקנדינב,גרמים,170.00,100 גרם,false,,18.90,0.1112,true,1,2170842
7290110326876,false,לאבנה עיזים פיראוס 2,Unknown,,לאבנה עיזים 250 גרם,גרמים,250.00,100 גרם,false,,16.90,0.0676,true,1,2283619
7290110327033,false,משקה סויה גו מועשר בחלבון במתיקות מופחתת 1 ליטר,מיוצר עי קונדיטוריית,IL,משקה סויה תנובה גו,ליטרים,1.00,ליטר,false,,12.90,12.9000,true,1,2162184
7290110327125,false,פטה 21% מחלב צאן במי מלח-200ג',תנובה בעמ,GR,פטה 21% מחלב צאן במי,גרמים,200.00,100 גרם,false,,21.90,0.1095,true,1,2179107
7290110327279,false,גבינת שמנת בסגנון טוסקנה נפוליאון 24% שומן 225 ג',תנובה מרכז שיתופי לש,IL,גבינת נפולאון טוסקנה,גרמים,225.00,100 גרם,false,,13.90,0.0618,true,1,2162186
7290110327514,false,משקה שיבולת שועל בטעם אגוזי לוז 1 ליטר אלטרנטיב,תנובה מרכז שיתופי לש,IL,משקה שיבולת שועל 1 ל,ליטרים,1.00,ליטר,false,,12.90,12.9000,true,1,2230092
7290110327804,false,חטיף חלבון GO - עוגיות 60 ג' חלב נוכרי - רבנות,"בלמונט קונפקציות בע""",US,חטיף חלבון GO בטעם ב,גרמים,20.00,100 גרם,false,,11.90,0.5950,true,1,2207931
7290110327811,false,חטיף חלבון GO - קוקוס 60 ג' חלב נוכרי - רבנות,"בלמונט קונפקציות בע""",US,חטיף חלבון GO בטעם ק,גרמים,20.00,100 גרם,false,,11.90,0.5950,true,1,2207932
7290110327828,false,חטיף חלבון GO - חמאת בוטנים 60 ג' חלב נוכרי - רבנות,"בלמונט קונפקציות בע""",US,חטיף חלבון GO בטעם ח,גרמים,20.00,100 גרם,false,,11.90,0.5950,true,1,2207933
7290110328016,false,משקה סויה מועשר בחלבון בטעם אגוזי לוז 250 גרם,תנובה מרכז שיתופי לש,IL,משקה סויה מועשר בחלב,גרמים,250.00,100 גרם,false,,6.90,0.0276,true,1,2186146
7290110328023,false,משקה סויה מועשר בחלבון בטעם קפה 250 גרם,תנובה מרכז שיתופי לש,IL,משקה סויה מועשר בחלב,גרמים,250.00,100 גרם,false,,6.90,0.0276,true,1,2186147
7290110328221,false,יוגורט תנובה נטול לקטוז 200 ג',מיוצר עי קונדיטוריית,IL,יוגורט תנובה נטול לק,גרמים,200.00,100 גרם,false,,3.90,0.0195,true,1,2186131
7290110328436,false,פלח גאודה עיזים - מעודן 150 גרם - רבנות,"תנובה בע""מ",IL,פלח גאודה עיזים בטעם,גרמים,150.00,100 גרם,false,,21.90,0.1460,true,1,2199796
7290110328481,false,פתיתי פרמג'יאנו רג'יאנו מחלב בקר 30%,ברטינלי גיאני א.,IT,פתיתי פרמג'יאנו רג'י,גרמים,100.00,100 גרם,false,,15.90,0.1590,true,1,2200222
7290110328580,false,יוגורט ביו 5% 200 ג' תנובה,מיוצר עי קונדיטוריית,IL,יוגורט תנובה 5% שומן,גרמים,200.00,100 גרם,false,,2.90,0.0145,true,1,2234046
7290110328610,false,משקה אורז ושקדים בריסטה אלטרנטיב 1 ליטר,תנובה Alternative,IL,משקה אורז ושקדים ברי,ליטרים,1.00,ליטר,false,,12.90,12.9000,true,1,2258803
7290110328627,false,יוגורט יופלה GO במרקם סמיך בטעם בננה קרמל 0%,מיוצר עי קונדיטוריית,IL,יוגורט יופלה GO בננה,גרמים,200.00,100 גרם,false,,5.90,0.0295,true,1,2208566
7290110328764,false,יוגורט יופלה GO במרקם סמיך עם תות 0%,מיוצר עי קונדיטוריית,IL,יוגורט יופלה GO תות,גרמים,200.00,100 גרם,false,,5.90,0.0295,true,1,2208567
7290110328771,false,יוגורט יופלה GO במרקם סמיך עם פירות יער 0%,מיוצר עי קונדיטוריית,IL,יוגורט יופלה GO פירו,גרמים,200.00,100 גרם,false,,5.90,0.0295,true,1,2208568
7290110328788,false,יוגורט יופלה GO במרקם סמיך בטעם אפרסק 0%,תנובה מרכז שיתופי לש,IL,יוגורט יופלה GO אפרס,גרמים,200.00,100 גרם,false,,5.90,0.0295,true,1,2208569
7290110328887,false,"חלב תנובה בקבוק 3%, כשרות מהדרין, 1 ליטר",תנובה מרכז שיתופי לש,IL,חלב 3% בבקבוק 1 ליטר,ליטרים,1.00,ליטר,false,,6.20,6.2000,true,1,2263949
7290110328955,false,קוביות גבינת עזים בש,דודוני תעשיית החלב ה,GR,קוביות גבינת עזים בש,גרמים,350.00,100 גרם,false,,26.90,0.0769,true,1,2254293
7290110329136,false,מעדן חלב מעושר בחלבון בטעם שוקולד 120 ג' GO,תנובה מרכז שיתופי לש,IL,מעדן חלב גו בטעם שוק,גרמים,120.00,100 גרם,false,,5.50,0.0458,true,1,2231701
7290110329143,false,מעדן חלב מעושר בחלבון בטעם וניל גביע 120 ג' GO,תנובה מרכז שיתופי לש,IL,מעדן חלב גו בטעם וני,גרמים,120.00,100 גרם,false,,5.50,0.0458,true,1,2231702
7290110329686,false,"משקה חלב בטעם עוגיות 340 מ""ל GO",מיוצר עי קונדיטוריית,IL,משקה תנובה GO בטעם ע,מיליליטרים,340.00,"100 מ""ל",false,,8.50,0.0250,true,1,2230087
7290110329709,false,יוגורט ביו 0% 200 ג' תנובה,מיוצר עי קונדיטוריית,IL,יוגורט תנובה 0% שומן,גרמים,200.00,100 גרם,false,,2.90,0.0145,true,1,2234052
7290110329716,false,משקה קפה קר בטעם קפוצ'ינו 230 ג' תנובה,תנובה מרכז שיתופי לש,IL,משקה קפה קר בטעם קפו,גרמים,230.00,100 גרם,false,,6.90,0.0300,true,1,2255640
7290110329723,false,משקה קפה קר בטעם לאטה 230 ג' תנובה,תנובה מרכז שיתופי לש,IL,משקה קפה קר בטעם לאט,גרמים,230.00,100 גרם,false,,6.90,0.0300,true,1,2255645
7290110329792,false,יוגורט סויה BIO Alternative אפרסק 150 ג' תנובה,מיוצר עי קונדיטוריית,IL,מעדן סויה ביו אפרסק,גרמים,150.00,100 גרם,false,,4.90,0.0327,true,1,2237181
7290110329808,false,יוגורט סויה BIO Alternative תות 150 ג' תנובה,מיוצר עי קונדיטוריית,IL,מעדן סויה ביו תות אל,גרמים,150.00,100 גרם,false,,4.90,0.0327,true,1,2237182
7290110329815,false,סויה BIO מתיקות מעודנת גביע 150 גרם אלטרנטיב,מיוצר עי קונדיטוריית,IL,מעדן סויה ביו מתיקות,גרמים,150.00,100 גרם,false,,4.90,0.0327,true,1,2237183
7290110329822,false,יוגורט סויה BIO Alternative פירות יער 150 ג' תנובה,מיוצר עי קונדיטוריית,IL,מעדן סויה ביו בטעם פ,גרמים,150.00,100 גרם,false,,4.90,0.0327,true,1,2237184
7290110464554,false,פינג'אן אינדוקציה 0.5 ליטר COFFEE COLLECTION,,,פינג'אן אינדוקציה 0.,יחידה,0.00,יחידה,false,,29.90,0.0000,true,1,2195455
7290110464684,false,כפפה להגנה מפני חיתו,,,כפפה להגנה מפני חיתו,יחידה,0.00,יחידה,false,,24.90,0.0000,true,1,2195458
7290110469863,false,מכסה לבקבוק שמפניה SIGNATURE,פוד אפיל Food Appeal,,מכסה לבקבוק שמפניה S,יחידה,0.00,יחידה,false,,19.90,0.0000,true,1,2195472
7290110472016,false,כבל מטאלי 2 מטר שחור,Unknown,,כבל מטאלי 2 מטר שחור,יחידה,0.00,יחידה,false,,24.90,0.0000,true,1,2282602
7290110550202,false,מטבעות שוקולד חלב לאפיה 400 ג עילת,שטראוס,IL,מטבעות שוקולד חלב לא,גרמים,400.00,100 גרם,false,,29.90,0.0747,true,1,2253648
7290110550226,false,מטבעות שוקולד מריר לאפיה 400 ג עלית,שטראוס,IL,מטבעות שוקולד מריר ל,גרמים,400.00,100 גרם,false,,29.90,0.0747,true,1,2253650
7290110550370,false,פריכיות משולשות קינואה ופלפל שחור 65 גרם,Unknown,,פירכיות משולשות קינו,גרמים,65.00,100 גרם,false,,9.90,0.1523,true,1,2267255
7290110550394,false,שוקולד PERFECT BITE קרם אגוזים ושברי אגוזים 234 ג' עלית,"שטראוס גרופ בע""מ",IL,עלית פרפקט בייט קרם,גרמים,234.00,100 גרם,false,,17.90,0.0765,true,1,2230185
7290110552121,false,יוגורט בתוספת סידן וויטמין ד 100 ג' דנונה,תנובה מרכז שיתופי לש,IL,יוגורט 5%+ויטמין D,גרמים,100.00,100 גרם,false,,2.40,0.0240,true,1,2253162
7290110552220,false,יוגורט PRO בטעם תות 0% סוכר לבן 20 גרם חלבון בגביע,"שטראוס בריאות בע""מ",IL,דנונה פרו 20 גר ללא,גרמים,200.00,100 גרם,false,,6.20,0.0310,true,1,2235594
7290110552237,false,יוגורט פרו בטעם אפרסק מנגו ללא סוכר 200 ג' דנונה,"שטראוס בריאות בע""מ",IL,דנונה פרו 20 גר ללא,גרמים,200.00,100 גרם,false,,6.20,0.0310,true,1,2235595
7290110552817,false,עלית - צנצנת מאסט בטעם גלידה לימון,STRAUSS-ISRAEL,,קופסא מסטיק קוביות ב,גרמים,58.00,100 גרם,false,,8.90,0.1534,true,1,2260235
7290110553029,false,"אנרג'י קריספס-פריכיות חומוס, עדשים ואפונה עם קייל וסלק","פרח תעשיו מזון בע""מ",IL,פריכיות חלבון קייל ח,גרמים,60.00,100 גרם,false,,9.90,0.1650,true,1,2240340
7290110553036,false,קריספס-פריכיות עם אפונה ובטטה סגולה בטעם בצל מקורמל,"פרח תעשיו מזון בע""מ",IL,פריכיות חלבון בטטה ס,גרמים,60.00,100 גרם,false,,9.90,0.1650,true,1,2240366
7290110553098,false,"אנרג'י מיקס תערובת צימוקים, אגוזים ושוקולד חלב",אנרג'י Energy - שטראוס,,אנרג'י מיקס צימוקים,גרמים,100.00,100 גרם,false,,15.90,0.1590,true,1,2265345
7290110553104,false,נסקפה קפוצ'ינו סטיק קלאסי 130 ג' עלית,,,קפוצ'ינו סטיק קלאסי,גרמים,130.00,100 גרם,false,,12.90,0.0992,true,1,2276284
7290110553135,false,נסקפה קפוצ'ינו סטיק וניל 130 ג' עלית,,,קפוצ'ינו סטיק וניל,גרמים,130.00,100 גרם,false,,12.90,0.0992,true,1,2276285
7290110553173,false,אנרג'י - פריכיות בטעם קרמל 40 גרם,סאנורייס בלגיום,IL,פרכיות אנרג'י בטעם ק,גרמים,40.00,100 גרם,false,,6.90,0.1725,true,1,2271192
7290110553180,false,אנרג'י - פריכיות בטעם תפוח קינמון 40 גרם,סאנורייס בלגיום,IL,פרכיות אנרג'י בטעם ת,גרמים,40.00,100 גרם,false,,6.90,0.1725,true,1,2271193
7290110553340,false,נמס מילקשייק- אבקה להכנת משקה קר בטעם מלבי,עלית,,קפה נמס מילקשייק מלב,גרמים,200.00,100 גרם,false,,14.90,0.0745,true,1,2257084
7290110553623,false,צ'יטוס קראנצ'י בטעם צ'דר חלפיניו - חלבי,"שטראוס פריטו ליי בע""",IL,ציטוס קראנץ צ'דר חלפ,גרמים,80.00,100 גרם,false,,3.90,0.0487,true,1,2258809
7290110554101,false,"יד מרדכי מייפל בפאוץ' 125 מ""ל",,,סירופ מייפל בפאוץ' 1,מיליליטרים,125.00,"100 מ""ל",false,,14.90,0.1192,true,1,2264762
7290110554118,false,נודלס מלזי חריף עם טופו וירקות ברוטב קארי ירוק,"טרופיקל דגיל בע""מ אז",IL,נודלס מלזי חריף,גרמים,350.00,100 גרם,false,,26.90,0.0769,true,1,2234364
7290110554125,false,נודלס סצ'ואן חריף 350 ג' דלישס,אוכל ביתי ניר עציון,IL,נודלס סצ'ואן חריף,גרמים,350.00,100 גרם,false,,26.90,0.0769,true,1,2234365
7290110554262,false,חלבית מלבין קפה חלבי 350 ג' עלית,עלית,,חלבית אבקה חלבי 350,גרמים,350.00,100 גרם,false,,18.90,0.0540,true,1,2266039
7290110554699,false,"קפה עולה קפסולות אספרסו קלייה איטית וכהה מאוד, 10 * 50 ג'",שטראוס קפה בי.וי.,IL,"קפסולות שת""פ למכונות",גרמים,50.00,100 גרם,false,,18.90,0.3780,true,1,2271362
7290110554705,false,"קפסולות קפה יונילקו אספרסו קלוי וטחון, 10 * 50 ג'",שטראוס קפה בי.וי.,IL,"קפסולות שת""פ למכונות",גרמים,50.00,100 גרם,false,,18.90,0.3780,true,1,2271363
7290110554712,false,"קפסולות קפה אספרסו קלייה איטית ובהירה, 10 * 50 ג'",,,"קפסולות שת""פ למכונות",גרמים,50.00,100 גרם,false,,18.90,0.3780,true,1,2271364
7290110554729,false,קפסולות עלית אספרסו 04 תואמות למכונות NESPRESSO,שטראוס קפה בי.וי,IL,קפסולות למכונות נספר,גרמים,50.00,100 גרם,false,,16.50,0.3300,true,1,2246042
7290110554798,false,פולי אספרסו עשירים וארומטיים עוצמה 08 250 ג' עלית,שטראוס קפה בי.וי,IL,פולי אספרסו עלית 250,גרמים,250.00,100 גרם,false,,21.90,0.0876,true,1,2251092
7290110555009,false,מארז זוג רוטב פסאטה 2* 350 ג' יד מרדכי,אימילאנה,IT,פסאטה זוג 700ג' יד מ,גרמים,700.00,100 גרם,false,,11.90,0.0170,true,1,2253643
7290110555078,false,לאבנה עם שמן זית ועשבי תיבול 250 גר',"מחלבות בר בכפר בע""מ",IL,לאבנה עם שמן זית ועש,גרמים,250.00,100 גרם,false,,11.90,0.0476,true,1,2254750
7290110555092,false,לאבנה+שמן זית וצ'ילי 250 גרם,"מחלבות בר בכפר בע""מ",IL,לאבנה עם שמן זית וצי,גרמים,250.00,100 גרם,false,,11.90,0.0476,true,1,2254751
7290110555603,false,ספלנדיד אבקה להכנת משקה בטעם שוקולטה,"ג'אלוסיס י. בע""מ",GR,שוקולוטה ספלנדיד בפח,גרמים,360.00,100 גרם,false,,21.90,0.0608,true,1,2276304
7290110555665,false,קקאו דל שומן קופסא 220 ג' עלית,,,קקאו דל שומן בפחית,גרמים,220.00,100 גרם,false,,18.90,0.0859,true,1,2276305
7290110555788,false,נסקפה קפוצ'ינו פחית וניל 200 ג' עלית,שטראוס,IL,קפוצינו וניל פחית,גרמים,200.00,100 גרם,false,,19.90,0.0995,true,1,2276290
7290110555795,false,נסקפה קפוצ'ינו פחית קלאסי 200 ג' עלית,שטראוס,IL,קפוצינו קלאסי פחית,גרמים,200.00,100 גרם,false,,19.90,0.0995,true,1,2276291
7290110556150,false,דבש טהור מפרחי בר עם ברכות באריזות אישיות 10 * 20 ג יד מרדכי,קריות זול,IL,דבש ברכות במאגדת 10י,גרמים,200.00,100 גרם,false,,14.90,0.0745,true,1,2262817
7290110556242,false,"שוקולד מריר פרווה 100 גר' בד""ץ תוצרת חוץ","שטראוס גרופ בע""מ.",IL,שוקולד מריר פרווה 10,גרמים,100.00,100 גרם,false,,5.90,0.0590,true,1,2267256
7290110557027,false,חומוס עשיר 50% טחינה גולמית 400 ג' אחלה,מיוצר עי קונדיטוריית,IL,חומוס אחלה עשיר ב-50,גרמים,400.00,100 גרם,false,,11.90,0.0298,true,1,2232777
7290110557102,false,מעדן חלב עם שוקולד מועשר בחלבון 150 ג' שטראוס,מיוצר עי קונדיטוריית,IL,מעדן חלב דנונה פרו 1,גרמים,150.00,100 גרם,false,,5.50,0.0367,true,1,2226583
7290110557133,false,מעדן הגולן וניל 125 ג' שטראוס,מיוצר עי קונדיטוריית,IL,מעדן הגולן וניל 125,גרמים,125.00,100 גרם,false,,3.20,0.0256,true,1,2229815
7290110557478,false,חומוס גלילי במרקם מעודן 600 גרם,שטראוס,IL,חומוס גלילי 600 גרם,גרמים,600.00,100 גרם,false,,12.90,0.0215,true,1,2246447
7290110557645,false,אנרג'י מיקס צימוקים חמוציות וש.לבן 100 גר שטראוס,Unknown,,אנרג'י מיקס צימוקים,גרמים,100.00,100 גרם,false,,15.90,0.1590,true,1,2265346
7290110558130,false,אקטיביה עם שיבולת שועל ודבש 150 ג' דנונה,"שטראוס בריאות בע""מ",IL,דנונה אקטיביה עם שיב,גרמים,150.00,100 גרם,false,,4.80,0.0320,true,1,2257992
7290110558154,false,דנונה לייט אנד פרי עוגת תפוחים 150ג דנונה,"שטראוס בריאות בע""מ",IL,דנונה לייט אנד עוגת,גרמים,150.00,100 גרם,false,,4.50,0.0300,true,1,2264580
7290110558222,false,"וואו יוגורט עם שכבה בטעם בנופי פאי 5.4%, 150ג דנונה","שטראוס בריאות בע""מ",IL,דנונה WOW בנופי 150,גרמים,150.00,100 גרם,false,,4.90,0.0327,true,1,2264573
7290110558239,false,"וואו יוגורט עם שכבה בטעם קראק פאי 5.4%, 150 ג דנונה","שטראוס בריאות בע""מ",IL,דנונה WOW קראק פאי 1,גרמים,150.00,100 גרם,false,,4.90,0.0327,true,1,2264574
7290110558253,false,"דנונה ריפרש בננה אננס וצ`יה, 250 גרם","שטראוס בריאות בע""מ",IL,דנונה לשתייה ריפרש,גרמים,250.00,100 גרם,false,,5.90,0.0236,true,1,2257993
7290110558284,false,יוגורט ביו מולטי 200 ג' דנונה,"שטראוס בריאות בע""מ",IL,יוגורט דנונה ביו מול,גרמים,200.00,100 גרם,false,,4.30,0.0215,true,1,2260624
7290110558307,false,יוגורט דנונה PRO עם שיבולת שועל במתיקות מעודנת,"שטראוס בריאות בע""מ",IL,דנונה פרו 20 גרם עם,גרמים,200.00,100 גרם,false,,6.50,0.0325,true,1,2258000
7290110558314,false,דנונה פרו 20 ג' חלבון ללא סוכר פיסטוק 200 גרם,"שטראוס בריאות בע""מ",IL,דנונה פרו 20 גר ללא,גרמים,200.00,100 גרם,false,,6.20,0.0310,true,1,2264581
7290110558338,false,יוגורט PRO בטעם מתיקות מעודנת 1.5% שומן,"שטראוס בריאות בע""מ",IL,דנונה פרו 25 גרם חלב,גרמים,200.00,100 גרם,false,,6.30,0.0315,true,1,2258001
7290110558741,false,"גמדים פאוץ תפוח בננה, 100 ג' שטראוס","שטראוס בריאות בע""מ",IL,גמדים סקוויז לדרך בו,גרמים,100.00,100 גרם,false,,5.50,0.0550,true,1,2281387
7290110559007,false,"שועועית חומה טעם הטבע קופסה, 380 גרם",,,שעועית חומה טעם הטבע,גרמים,380.00,100 גרם,false,,6.90,0.0182,true,1,2265353
7290110559014,false,שעועית שחורה טעם הטבע 380ג שטראוס,,,שעועית שחורה טעם הטב,גרמים,380.00,100 גרם,false,,6.90,0.0182,true,1,2265354
7290110559748,false,ריל - מאגדת שקדים קוקוס ושוקולד מריר 35 גרם * 3,ואמואליס פודס,GR,REAL מאגדת שקדים קוק,גרמים,105.00,100 גרם,false,,15.90,0.1514,true,1,2258129
7290110559755,false,ריל - מאגדת בוטנים פיסטוק וחמוציות 35 גרם * 3,ואמואליס פודס,GR,REAL מאגדת בוטנים פי,גרמים,105.00,100 גרם,false,,15.90,0.1514,true,1,2258130
7290110559762,false,ריל - מאגדת אגוזים תמרם קוקוס 35 גרם * 3,ואמואליס פודס,GR,REAL מאגדת אגוזים תמ,גרמים,105.00,100 גרם,false,,15.90,0.1514,true,1,2258131
7290110559939,false,שווארמה מנתחי סויה ו,אוכל ביתי ניר עציון,IL,נתחי סויה בסגנון שוא,גרמים,350.00,100 גרם,false,,26.90,0.0769,true,1,2266664
7290110560300,false,"הפריכיות הטעימות חומוס, עדשים שחורות, קינואה ופלפל שחור",אנרג'י Energy - שטראוס,IL,פירכיות משולשות פלפל,גרמים,30.00,100 גרם,false,,4.90,0.1633,true,1,1953775
7290110560317,false,"הפריכיות הטעימות חומוס, עדשים שחורות, קינואה ומלח ים","פרח תעשיו מזון בע""מ",IL,פירכיות משולשות מלח,גרמים,30.00,100 גרם,false,,4.90,0.1633,true,1,1953776
7290110560324,false,"הפריכיות הטעימות תפו""א, אורז, אפונה ומלח ים","פרח תעשיו מזון בע""מ",IL,פירכיות משולשות אפונ,גרמים,30.00,100 גרם,false,,4.90,0.1633,true,1,1953777
7290110560836,false,מילקי פסק זמן מהדרין 133ג',מיוצר עי קונדיטוריית,IL,מעדן מילקי בטעם פסק,גרמים,133.00,100 גרם,false,,2.90,0.0218,true,1,1771900
7290110561352,false,דנונה יוגורט ביו פרוביוטי 3% דל לקטוז 150ג',"שטראוס בריאות בע""מ",IL,יוגורט דנונה שטראוס,גרמים,200.00,100 גרם,false,,3.90,0.0195,true,1,1795689
7290110563462,false,חלב בבקבוק נטול לקטוז 2% יטבתה 1 ל',מחלבת יטבתה,IL,חלב 1ליטר בקבוק נטול,ליטרים,1.00,ליטר,false,,8.50,8.5000,true,1,2028755
7290110564339,false,חומוס אחלה הסידרה המובחר 30% טחינה 400 גר',מיוצר עי קונדיטוריית,IL,חומוס אחלה עשיר ב-30,גרמים,400.00,100 גרם,false,,11.90,0.0298,true,1,1727119
7290110564360,false,חומוס אחלה הסידרה המובחר 40% טחינה 400 גר',מיוצר עי קונדיטוריית,IL,חומוס אחלה עשיר ב-40,גרמים,400.00,100 גרם,false,,11.90,0.0298,true,1,1719700
7290110564414,false,חומוס אחלה הסידרה המובחר 30% טחינה 600 גר',מיוצר עי קונדיטוריית,IL,חומוס אחלה עשיר ב-30,גרמים,600.00,100 גרם,false,,14.90,0.0248,true,1,1727122
7290110564919,false,"דנונה יוגורט מעודן לל""ס 150 מ""ל",מיוצר עי קונדיטוריית,IL,דנונה מעודנת ללא סוכ,גרמים,150.00,100 גרם,false,,3.40,0.0227,true,1,2138268
7290110565435,false,ג'לי לימבו פטל חלבי שטראוס 125ג',STRAUSS-ISRAEL,,ג'לי בטעם פטל לימבו,גרמים,125.00,100 גרם,false,,2.00,0.0160,true,1,1700014
7290110565527,false,יוגורט PRO פרו 1.5% 20 גרם חלבון בגביע,"שטראוס בריאות בע""מ",IL,דנונה פרו 20 גרם חלב,גרמים,200.00,100 גרם,false,,6.20,0.0310,true,1,1678474
7290110565572,false,מנות אישיות קפה טורקי לדרך עם הל,שטראוס קפה בי.וי,IL,מארז קפה טורקי עם הל,גרמים,168.00,100 גרם,false,,17.90,0.1065,true,1,2115835
7290110566623,false,קפסולות קולומביה עלית 08 למכונת נספרסו מארז 5X10ג',שטראוס קפה בי.וי,IL,קפסולות למכונות נספר,גרמים,50.00,100 גרם,false,,16.50,0.3300,true,1,1835668
7290110566975,false,דנונה פרו יוגורט 0% תות עשיר בחלבון 200ג',"שטראוס בריאות בע""מ",IL,דנונה פרו 20 גרם חלב,גרמים,200.00,100 גרם,false,,6.20,0.0310,true,1,1795691
7290110568238,false,"קצפת צמחית 21% שומן 250 מ""ל יוטבתה",מחלבת יטבתה,IL,קצפת צימחית 21% שומן,מיליליטרים,250.00,"100 מ""ל",false,,8.30,0.0332,true,1,1842619
7290110568276,false,משקה וניל פרו Pro מועשר בחלבון 1.5%,מילקוורק,DE,משקה יטבתה פרו בטעם,מיליליטרים,350.00,"100 מ""ל",false,,6.80,0.0194,true,1,1819803
7290110568511,false,קונפיטורה פירות יער במתיקות מעודנת 265 ג' יד מרדכי,קריות זול,FR,קונפיטורת פירות יער,גרמים,265.00,100 גרם,false,,12.90,0.0487,true,1,2048436
7290110568627,false,עלית - פסק זמן רול שוקולד חלב עם קרם אגוזים 26 גרם,STRAUSS-ISRAEL,,חטיף פסק זמן רול שוק,גרמים,48.00,100 גרם,false,,3.90,0.0812,true,1,2148505
7290110568924,false,עלית - פסק זמן רול שוקולד חלב עם קרם חלב וקוקוס 26 גרם,STRAUSS-ISRAEL,,חטיף פסק זמן רול שוק,גרמים,48.00,100 גרם,false,,3.90,0.0812,true,1,2148506
7290110570224,false,משקה קפה קר בטעם עוגיות 230ג' יוטבתה,אנסטל מילק kg,AT,משקה קפה קר בטעם עוג,מיליליטרים,230.00,"100 מ""ל",false,,8.30,0.0361,true,1,2264588
7290110570569,false,"פולי אספרסו עשירים וארומטיים עוצמה 08 1 ק""ג עלית",,,פולי אספרסו עלית 1 ק,גרמים,1000.00,100 גרם,false,,74.90,0.0749,true,1,2251093
7290110570880,false,פולי אספרסו עשירים וארומטיים עוצמה 14 250 ג' עלית,,,פולי אספרסו עלית 250,גרמים,250.00,100 גרם,false,,21.90,0.0876,true,1,2252946
7290110571184,false,עדשים חומות טעם הטבע 380ג שטראוס,,,עדשים חומות טעם הטבע,גרמים,380.00,100 גרם,false,,6.90,0.0182,true,1,2265355
7290110571375,false,"אנרג'י מיקס תערובת צימוקים, תמרים, טופי ושברי פקאן",אנרג'י Energy - שטראוס,,אנרג'י מיקס צימוקים,גרמים,100.00,100 גרם,false,,15.90,0.1590,true,1,2265347
7290110571382,false,מעדן חלב בטעם וניל מעושר בחלבון 150 ג' שטראוס,"שטראוס בריאות בע""מ",IL,מעדן חלב דנונה פרו,גרמים,150.00,100 גרם,false,,5.50,0.0367,true,1,2250871
7290110571399,false,עלית - צנצנת מאסט בטעם גלידה תות,STRAUSS-ISRAEL,,קופסא מסטיק קוביות ב,גרמים,58.00,100 גרם,false,,8.90,0.1534,true,1,2260236
7290110571405,false,עלית - מיני פינוקיות בגביע פסק זמן 180 גרם,הגביע מוצרי ופלים בע,IL,מיני פינוקיות בגביע,גרמים,180.00,100 גרם,false,,9.90,0.0550,true,1,2275142
7290110571412,false,מיני פינוקיות - פאדג' שוקולד בגביע 180 גרם,הגביע מוצרי ופלים בע,IL,מיני פינוקיות בגביע,גרמים,180.00,100 גרם,false,,9.90,0.0550,true,1,2275143
7290110571535,false,מארז קפה טורקי הל 3*100 ג' עלית,שטראוס קפה בי.וי,IL,קפה טורקי + הל 100 ג,גרמים,300.00,100 גרם,false,,25.90,0.0863,true,1,2253651
7290110572129,false,כיף כף מקלות שוקולד לבן 40 ג' עלית,עלית,,חטיף כיף כף מקלות שו,גרמים,40.00,100 גרם,false,,4.90,0.1225,true,1,2275144
7290110572884,false,"קפסולות קפה מספר 20 למכונת אספרס אספרסו, 50 גרם",שטראוס קפה בי.וי.,IL,קפסולות למכונות נספר,גרמים,50.00,100 גרם,false,,16.50,0.3300,true,1,2275152
7290110572969,false,כיף כף פצפצים עקרם לבן 40ג' עלית,שולן צ'יקולטה גידה ס,TR,חטיף כיף כף פצפצים ק,גרמים,40.00,100 גרם,false,,4.90,0.1225,true,1,2265348
7290110572976,false,כיף כף פצפצים בגביע במילוי קרם בטעם שוקולד לבן,שולן צ'יקולטה גידה ס,TR,גביע פצפצים 135 גרם,גרמים,135.00,100 גרם,false,,8.90,0.0659,true,1,2265356
7290110574413,false,עלית - פופקורן בטעם טעמי 70 גרם,סראנו עבור שטראוס,קפריסין,פופקורן בטעם טעמי,גרמים,70.00,100 גרם,false,,6.90,0.0986,true,1,2276270
7290110574420,false,עלית - פופקורן בטעם פסק זמן 70 גרם,סראנו עבור שטראוס,קפריסין,פופקורן בטעם פסק זמן,גרמים,70.00,100 גרם,false,,6.90,0.0986,true,1,2276271
7290110576318,false,מאגדת שלישיית שוקולד אגוז לבן 300 ג' עלית,עלית,FR,מאגדת שלישיית אגוז ל,גרמים,300.00,100 גרם,false,,22.90,0.0763,true,1,2267261
7290110576356,false,"שוקולד ספלנדיד מריר 64% - חלבי , מפולי קקאו מפרו",קימ'ס גריפלנן,BE,שוקולד ספלנדיד מריר,גרמים,100.00,100 גרם,false,,8.90,0.0890,true,1,2264299
7290110576363,false,"שוקולד ספלנדיד מריר 80% חלבי ,פולי קקאו מאוגנדה",קימ'ס גריפלנן,BE,שוקולד ספלנדיד מריר,גרמים,100.00,100 גרם,false,,8.90,0.0890,true,1,2264300
7290110576370,false,מארז שלישייה שוקולד מריר חלבי עם אגוזי לוז,עלית,FR,מאגדת שלישיית אגוז מ,גרמים,300.00,100 גרם,false,,22.90,0.0763,true,1,2267262
7290110576387,false,מאגדת שלישיית שוקולד אגוז חלב 300 ג' עלית,עלית,FR,מאגדת שלישייה שוקולד,גרמים,300.00,100 גרם,false,,22.90,0.0763,true,1,2267263
7290110576752,false,טבלאות שוקולד ספלנדיד מריר 70% 100 ג' עלית,קימ'ס גריפלנן,BE,שוקולד ספלנדיד מריר,גרמים,100.00,100 גרם,false,,9.90,0.0990,true,1,2275145
7290110576776,false,טבלאות שוקולד ספלנדיד מריר 85% 100 ג' עלית,קימ'ס גריפלנן,BE,שוקולד ספלנדיד מריר,גרמים,100.00,100 גרם,false,,9.90,0.0990,true,1,2275146
7290110576790,false,סקי בטעם מוקה 125 ג' שטראוס,"שטראוס בריאות בע""מ",IL,סקי מוקה 125 גרם,גרמים,125.00,100 גרם,false,,3.90,0.0312,true,1,2278970
7290110576851,false,"גמדים לשתיה סלט פירות 8 יח' *100מ""ל",קריות זול,IL,מארז 8 משקה גמדים סל,גרמים,864.00,100 גרם,false,,14.90,0.0172,true,1,2278991
7290110577711,false,"משקה שייק חלבון מי גבינה עם אפרסק ומנגו350מ""ל יטבתה",מחלבת יטבתה,IL,שייק חלבון מיי גבינה,מיליליטרים,350.00,"100 מ""ל",false,,7.90,0.0226,true,1,2281982
7290110730109,false,נוטרילון קומפורט תרכובת מזון מגיל לידה,נוטרילון Nutrilon,,נוטרילון קומפורט חלב,גרמים,900.00,100 גרם,false,,99.90,0.1110,true,1,1835614
7290111091513,false,קוויק XLלניקוי שירותים ואמבטיה - בריח לוונדר 40 יח,קוויק,,מגבונים קוויק XL לאמ,יח',40.00,יח',false,,6.90,0.1725,true,1,1573824
7290111093005,false,"I-CARE מג'להסרת איפור, 25 יח בפלופק",די פי אל,IL,מגבונים מסיר איפור I,יח',25.00,יח',false,,5.90,0.2360,true,1,2010361
7290111093760,false,מגבונים לניקוי רצפות בניחוח מרכך כביסה 10 יח' קוויק,,,קוויק מטליות לחות לנ,יח',10.00,יח',false,,9.90,0.9900,true,1,2265766
7290111093982,false,טרופיקל תחליב רחצה פסיפלורה ואינקה אינצ'י דר עור,,,"תחליב רחצה 700 מ""ל ד",מיליליטרים,700.00,"100 מ""ל",false,,19.90,0.0284,true,1,2265767
7290111094248,false,"קוויק שקית אשפה חזקה וגדולה במיוחד (90*78), 20 יח'",,,קוויק שקיות אשפה XL,יח',20.00,יח',false,,16.90,0.8450,true,1,2148003
7290111094361,false,קוויק שקיות אשפה XL עם ידית 20 יח' במארז,,,קוויק שקיות אשפה XL,יח',25.00,יח',false,,10.90,0.4360,true,1,2227737
7290111094392,false,"טרופיקל תחליב רחצה קוקוס וליים 700 מ""ל דר עור",,,"תחליב רחצה 700 מ""ל ד",מיליליטרים,700.00,"100 מ""ל",false,,19.90,0.0284,true,1,2265768
7290111094651,false,שקיות אשפה L עם ידית 40 יח' קוייק,,,קוויק שקיות אשפה L ע,יח',40.00,יח',false,,10.90,0.2725,true,1,2227738
7290111096921,false,מגבונים לניקוי כללי קוויק חומץ ומלח לימון 50 יחי',,,מגבונים קוויק לניקוי,יח',50.00,יח',false,,7.90,0.1580,true,1,2220564
7290111097546,false,מגבונים ניקוי כללי למשטחים בניחוח מרכך כביסה 50 יח' קוויק,,,מגבונים לניקוי כללי,יח',50.00,יח',false,,7.90,0.1580,true,1,2265769
7290111340178,false,מטליות לחות ניקול לניקוי כללי בניחוח מרכך כביסה 50 יח',ניקול,,מטליות לחות חד פעמיו,יח',50.00,יח',false,,10.90,0.2180,true,1,2019171
7290111340185,false,מטליות לחות ניקול לניקוי רצפות בניחוח מרכך 10 יח',ניקול,,ניקול מטליות לחות לר,יח',10.00,יח',false,,10.90,1.0900,true,1,2019172
7290111340895,false,תחתוני דיפנד גברים L,,,תחתוני דיפנד גברים L,יחידה,0.00,יחידה,false,,54.90,0.0000,true,1,1919457
7290111342042,false,כריות יפניות לניקוי וקרצוף אנטיבקטריאלי,פלסטו פוליש,IL,כריות יפנית ניקול אנ,יח',4.00,יח',false,,10.90,2.7250,true,1,2152447
7290111342059,false,מטליות לחות לניקוי משטחים אנטיבקטריאלי,ניקול,IL,מטלית לחות לחיטוי מש,יח',50.00,יח',false,,11.90,0.2380,true,1,2152448
7290111342073,false,מטליות מקרופייבר למשטחים אנטיבקטריאלי ניקול,סנו,CN,מטלית מיקרופייבר למש,יח',2.00,יח',false,,15.90,7.9500,true,1,2152449
7290111342523,false,מפיות אירוח ניקול 100 יח',חוגלה קימברלי,,מפיות ניקול צבעוניות,יח',100.00,יח',false,,7.90,0.0790,true,1,2137507
7290111343766,false,תחתוני דיפנד גברים M,,,תחתוני דיפנד גברים M,יח',10.00,יח',false,,54.90,5.4900,true,1,2185763
7290111343797,false,מטליות לחות לניקוי חלונות 48 יח' ניקול,עלבד,IL,מטליות לחות לניקוי ח,יח',48.00,יח',false,,11.90,0.2479,true,1,2174484
7290111343841,false,ספוגית הקסם נירוסטה - מארז 3 יחידות,ניקול,CN,ספוגית הקסם נירוסטה,יח',3.00,יח',false,,12.90,4.3000,true,1,2174486
7290111343858,false,מטליות לחות לרצפה אנטיבקטריאלי 10 יחי',עלבד משואות יצחק,IL,מטליות לחות לניקוי ו,יח',10.00,יח',false,,13.90,1.3900,true,1,2174475
7290111344183,false,תחתוני דיפנד נשים M,,,תחתוני דיפנד נשים M,יח',10.00,יח',false,,54.90,5.4900,true,1,2185764
7290111344930,false,מטליות לחות לרצפה בניחוח מרכך כביסה 10 יח' ניקול,עלבד,,מטליות לחות לרצפה בנ,יח',10.00,יח',false,,11.90,1.1900,true,1,2233125
7290111345043,false,מטלית מיקרופייבר למש,,,מטלית מיקרופייבר למש,יח',2.00,יח',false,,14.90,7.4500,true,1,2233127
7290111345821,false,נייר טואלט נטורל קר - מארז 16 גלילי ג'מבו,קימברלי,IL,גליל כפול לילי 16 גל,מטרים,552.00,מטר,false,,34.90,0.0632,true,1,2233129
7290111345999,false,מארז זוג מטליות לחות לריצפה ניחוח מרכך,,CN,זוג מטליות לחות לריצ,יחידה,0.00,יחידה,false,,19.90,0.0000,true,1,2248999
7290111346088,false,נייר טואלט מולט דו שכבתי 30 גל,חוגלה קימברלי,IL,נייר טואלט מולט 30 ג,מטרים,495.00,מטר,false,,29.90,0.0604,true,1,2281319
7290111346293,false,מגבת נייר ניקול שישייה מהדורת חג,קימברלי קלארק,IL,מגבות נייר ניקול *6,מטרים,59.20,מטר,false,,11.90,0.2010,true,1,2281320
7290111346347,false,מגבוני אף אוריגינל סופט חמישיה קלינקס,קימברלי,IL,ממחטות אף קלינקס חמי,יח',350.00,יח',false,,14.90,0.0426,true,1,2281314
7290111350665,false,דבש טהור לחיץ קליית,חקלאות עין חרוד מאוח,IL,דבש לחיץ 350 גרם,גרמים,350.00,100 גרם,false,,19.90,0.0569,true,1,1843433
7290111350672,false,דבש טהור קליית גת 700ג',חקלאות עין חרוד מאוח,IL,דבש בצנצנת 700 גרם,גרמים,700.00,100 גרם,false,,29.90,0.0427,true,1,1843434
7290111350719,false,נאצוס הופופ בטעם מסעדות 322ג',הוט פופ Hot pop,US,נאצ'וס חטיף תירס הוט,גרמים,322.00,100 גרם,false,,14.90,0.0463,true,1,2122307
7290111350740,false,הוט פופ קידס טבעי+מלח 500 ג' +5 גביעים,פופז בעמ,US,פופקורן עם מלח הוט פ,גרמים,500.00,100 גרם,false,,16.90,0.0338,true,1,1920281
7290111352430,false,ממרח תמרים טבעי קליי,"כד בני דרום בע""מ",IL,ממרח תמרים טבעי 440,גרמים,440.00,100 גרם,false,,9.90,0.0225,true,1,2170347
7290111352935,false,יוגטה סוכריות טופי ממולאות 600 גרם 3 טעמים,יוגטה yogueta,TR,סוכריות טופי יוגטה 6,גרמים,600.00,100 גרם,false,,24.90,0.0415,true,1,2159428
7290111352959,false,מקלות חמוצים ממולאות בטעם פירות,יוגטה yogueta,,מקלות חמוצים סוכריות,גרמים,100.00,100 גרם,false,,5.90,0.0590,true,1,2159430
7290111352966,false,יוגטה סוכריות ממולאות בטעם פירות 250 גרם ללא ג'לטין,סאדאט,TR,סוכריות ממולאות חמוצ,גרמים,250.00,100 גרם,false,,9.90,0.0396,true,1,2159431
7290111352973,false,יוגוטה קוביות חמוצות ממולאות בטעם פירות,יוגטה yogueta,TR,סוכריות גומי יוגטה ח,גרמים,250.00,100 גרם,false,,9.90,0.0396,true,1,2159432
7290111353079,false,יוגטה סוכריות גומי דובונים 180 ג' קופסא,,,סוכריות גומי יוגטה ב,גרמים,180.00,100 גרם,false,,7.90,0.0439,true,1,2179625
7290111353376,false,מיני מנטוס שמחות מנטה שקית 250ג',פרפטי ואן מלה ברדה,NL,סוכריות מנטוס בטעם מ,גרמים,250.00,100 גרם,false,,10.00,0.0400,true,1,2216539
7290111353383,false,סוכריות מנטוס שמחות תות 250 גרם,פרפטי ואן מלה ברדה,NL,סוכריות מנטוס בטעם ת,גרמים,250.00,100 גרם,false,,10.00,0.0400,true,1,2216540
7290111353437,false,חטיף בטטה ומלח ים 120 גרם הוט פופ,קריות זול,,חטיף בטטה ומלח ים,גרמים,120.00,100 גרם,false,,14.90,0.1242,true,1,2182081
7290111353444,false,חטיף בטטות ומלח ים 120 גרם הוט פופ,קריות זול,,חטיף בטטות ומלח ים,גרמים,120.00,100 גרם,false,,14.90,0.1242,true,1,2182082
7290111353468,false,סוכריות טופי במילוי בטעם פירות 600 גר',,,סוכריות טופי יוגטה ב,גרמים,600.00,100 גרם,false,,24.90,0.0415,true,1,2183622
7290111353475,false,"שטיחים חמוצים בטעם פירות 200 גרם בד""ץ",סאאדת,TR,ממתק חמוץ בטעם פירות,גרמים,200.00,100 גרם,false,,7.90,0.0395,true,1,2183674
7290111353482,false,יוגטה סוכריות חמוצות ממלאות בטעמי פירות 200 ג',סאאדת,TR,סוכריות חמוצות ממולא,גרמים,200.00,100 גרם,false,,7.90,0.0395,true,1,2183675
7290111354335,false,מיני מרשמלו - וניל 30 גרם יוגטה,,,מרשמלו מיני בטעם וני,גרמים,30.00,100 גרם,false,,1.90,0.0633,true,1,2245772
7290111564239,false,שלגוני קראנץ' Crunch בטעם וניל - 5 יח',גלידות נסטלה (נגה גל,IL,מאגדת מיני קראנץ וני,גרמים,275.00,100 גרם,false,,29.90,0.1087,true,1,1732383
7290111564277,false,פריכיות דקות ונימוחות 3 דגנים פיטנס Fitness,פרח תעשיות,IL,פיטנס פריכיות 3 דגני,גרמים,120.00,100 גרם,false,,9.90,0.0825,true,1,1550302
7290111564291,false,פריכיות דקות ונימוחות 3 דגנים וקינואה פיטנס Fitness,פרח תעשיות,IL,פיטנס פריכיות דקות ק,גרמים,120.00,100 גרם,false,,9.90,0.0825,true,1,1550303
7290111564666,false,כדורי בשר צמחוניים עם המון חלבון,עיצובים 2020 (4.8),IL,כדורי בשר מן הצומח,גרמים,500.00,100 גרם,false,,29.90,0.0598,true,1,1700945
7290111564727,false,עוגיות אסם קרמוגית וקרם אגוזים אסם 200ג',מיוצר עי קונדיטוריית,IL,עוגיות קרמוגית במילו,גרמים,200.00,100 גרם,false,,10.90,0.0545,true,1,1678576
7290111564956,false,ביסלי במבה מיקס 200 ג' אסם,פרו מן יו פתרונות אר,IL,ביסלי במבה מיקס 200,גרמים,200.00,100 גרם,false,,9.90,0.0495,true,1,1791869
7290111566103,false,טבעול פלאפל רכיביים ביתיים 590 גר',עיצובים 2020 (4.8),IL,פלאפל מרכיבים ביתיים,גרמים,590.00,100 גרם,false,,29.90,0.0507,true,1,1700946
7290111566226,false,טבעול שניצל ברוקולי 667 גר',עיצובים 2020 (4.8),IL,שניצל ברוקולי,גרמים,667.00,100 גרם,false,,29.90,0.0448,true,1,1700947
7290111566240,false,טבעול שניצל דק בטעם צילי חריף 564 ג',עיצובים 2020 (4.8),IL,שניצל דק בטעם צילי ח,גרמים,564.00,100 גרם,false,,29.90,0.0530,true,1,1700948
7290111566271,false,טבעול חטיפי תירס 657 גר',עיצובים 2020 (4.8),IL,חטיפי תירס.,גרמים,657.00,100 גרם,false,,29.90,0.0455,true,1,1700949
7290111566318,false,טבעול שניצל דק מן הצומח 564 גר',עיצובים 2020 (4.8),IL,שניצל דק מן הצומח.,גרמים,564.00,100 גרם,false,,29.90,0.0530,true,1,1700950
7290111566417,false,טחון צמחוני עם המון חלבון,עיצובים 2020 (4.8),IL,טבעול טחון צמחוני,גרמים,500.00,100 גרם,false,,29.90,0.0598,true,1,1700963
7290111566547,false,טבעול חזה בגריל צמחוני 99 קלוריות 560ג',עיצובים 2020 (4.8),IL,חזה בגריל צמחוני,גרמים,560.00,100 גרם,false,,29.90,0.0534,true,1,1700965
7290111566561,false,טבעול שניצל ברוקולי 99 קלוריות 560גר',עיצובים 2020 (4.8),IL,שניצל ברוקלי 99 קלור,גרמים,560.00,100 גרם,false,,29.90,0.0534,true,1,1700966
7290111566585,false,טבעול שניצל צמחוני 99 קלוריות 650 גר',עיצובים 2020 (4.8),IL,שניצל צמחוני 99 קלור,גרמים,650.00,100 גרם,false,,29.90,0.0460,true,1,1700967
7290111566660,false,טבעול קציצות עדשים כתומות 530 גר',עיצובים 2020 (4.8),IL,קציצות עדשים כתומות.,גרמים,530.00,100 גרם,false,,29.00,0.0547,true,1,1700952
7290111566691,false,טבעול שניצל תרד 99 קלוריות 560 גר',עיצובים 2020 (4.8),IL,שניצל תרד 99 קלוריות,גרמים,560.00,100 גרם,false,,29.90,0.0534,true,1,1766116
7290111566714,false,טבעול המבורגר צמחוני 99 קלוריות 600 גר',עיצובים 2020 (4.8),IL,המבורגר צמחוני 99 קל,גרמים,600.00,100 גרם,false,,29.90,0.0498,true,1,1700968
7290111566752,false,טבעול שניצל תירס 99 קלוריות 693 גר',עיצובים 2020 (4.8),IL,שניצל תירס 99 קלוריו,גרמים,693.00,100 גרם,false,,29.90,0.0431,true,1,1700954
7290111566776,false,טבעול נקניקיות קוקטייל צמחוניות 680 גר',עיצובים 2020 (4.8),IL,נקניקיות קוקטייל צמח,גרמים,680.00,100 גרם,false,,29.90,0.0440,true,1,1700955
7290111568206,false,"מיקס ביסלי, אפרופו ופיצוחים מתובלים",פרו מן יו פתרונות אר,IL,ביסלי במבה מיקס 150,גרמים,150.00,100 גרם,false,,8.90,0.0593,true,1,1791873
7290111568251,false,אטריות נודלס להקפצה אסם אסייתי 350 גר',תאי פרזידנטפוד,TH,נודלס אטריות להקפצה,גרמים,350.00,100 גרם,false,,9.90,0.0283,true,1,1787526
7290111568275,false,אטריות נודלס אורז רחבות אסם אסייתי 300גרם,תאי פרזידנט,TH,נודלס אטריות אורז רח,גרמים,300.00,100 גרם,false,,9.90,0.0330,true,1,1787527
7290111568299,false,אטריות נודלס עם תרד אסם אסייתי 300 גר',אסם,,נודלס אטריות עם תרד,גרמים,300.00,100 גרם,false,,9.90,0.0330,true,1,1787528
7290111568466,false,רוטב אסייתי למוקפץ הסדרה האסייתית,אסיף תעשיות מזון בעמ,IL,רוטב אסייתי למוקפץ 2,מיליליטרים,290.00,"100 מ""ל",false,,12.90,0.0445,true,1,1787516
7290111568961,false,בייגלה טבעות מלח 400 ג' אסם,אסם,IL,בייגלה טבעות מלח 400,גרמים,400.00,100 גרם,false,,9.90,0.0248,true,1,1815716
7290111660726,false,קערית קסרול שבלול כס,,,קערית קסרול שבלול כס,יחידה,0.00,יחידה,false,,19.90,0.0000,true,1,1597368
7290111660771,false,כף הגשה מןזהב 100 יח,,,כף הגשה מןזהב 100 יח,יחידה,0.00,יחידה,false,,1.90,0.0000,true,1,1598368
7290111660993,false,כפות הגשה ענתיק,,,כפות הגשה ענתיק,יחידה,0.00,יחידה,false,,2.90,0.0000,true,1,1815858
7290111661525,false,צלחת 10 מייפל לבן -,,,צלחת 10 מייפל לבן -,יחידה,0.00,יחידה,false,,32.90,0.0000,true,1,1815883
7290111661594,false,קעריות מייפל קרם- אר,,,קעריות מייפל קרם- אר,יחידה,0.00,יחידה,false,,31.90,0.0000,true,1,1815890
7290111661600,false,קעריות מייפל שקוף -,,,קעריות מייפל שקוף -,יחידה,0.00,יחידה,false,,31.90,0.0000,true,1,1815891
7290111662218,false,מגש הגשה בינוני רטרו,,,מגש הגשה בינוני רטרו,יחידה,0.00,יחידה,false,,7.90,0.0000,true,1,1815914
7290111662225,false,מגש הגשה בינוני רטרו,,,מגש הגשה בינוני רטרו,יחידה,0.00,יחידה,false,,7.90,0.0000,true,1,1815915
7290111662249,false,מגש הגשה גדול רטרו ל,,,מגש הגשה גדול רטרו ל,יחידה,0.00,יחידה,false,,10.90,0.0000,true,1,1815917
7290111662751,false,אגרטל עגול גדול,,,אגרטל עגול גדול,יחידה,0.00,יחידה,false,,6.90,0.0000,true,1,1815940
7290111664038,false,מזלג ורסאי שקוף -אר',,,מזלג ורסאי שקוף -אר',יחידה,0.00,יחידה,false,,5.90,0.0000,true,1,2132989
7290111664045,false,סכין ורסאי שקוף -אר',,,סכין ורסאי שקוף -אר',יחידה,0.00,יחידה,false,,6.90,0.0000,true,1,2132990
7290111664052,false,כף ורסאי שקוף -אר' 1,,,כף ורסאי שקוף -אר' 1,יחידה,0.00,יחידה,false,,6.90,0.0000,true,1,2132991
7290111664069,false,כפית ורסאי שקוף -אר',,,כפית ורסאי שקוף -אר',יחידה,0.00,יחידה,false,,3.90,0.0000,true,1,2132992
7290111664076,false,מזלג ורסאי קרם -אר',,,מזלג ורסאי קרם -אר',יחידה,0.00,יחידה,false,,5.90,0.0000,true,1,2132993
7290111664083,false,סכין ורסאי קרם -אר',,,סכין ורסאי קרם -אר',יחידה,0.00,יחידה,false,,6.90,0.0000,true,1,2132994
7290111664106,false,כפית ורסאי קרם -אר',,,כפית ורסאי קרם -אר',יחידה,0.00,יחידה,false,,3.90,0.0000,true,1,2132996
7290111664113,false,מזלג ורסאי לבן -אר',,,מזלג ורסאי לבן -אר',יחידה,0.00,יחידה,false,,5.90,0.0000,true,1,2132997
7290111664137,false,כף ורסאי לבן -אר' 10,,,כף ורסאי לבן -אר' 10,יחידה,0.00,יחידה,false,,6.90,0.0000,true,1,2132999
7290111664144,false,כפית ורסאי לבן -אר',,,כפית ורסאי לבן -אר',יחידה,0.00,יחידה,false,,3.90,0.0000,true,1,2133000
7290111664151,false,מזלג ורסאי אפור -אר',,,מזלג ורסאי אפור -אר',יחידה,0.00,יחידה,false,,5.90,0.0000,true,1,2133001
7290111664168,false,סכין ורסאי אפור -אר',,,סכין ורסאי אפור -אר',יחידה,0.00,יחידה,false,,6.90,0.0000,true,1,2133002
7290111664175,false,כף ורסאי אפור -אר' 1,,,כף ורסאי אפור -אר' 1,יחידה,0.00,יחידה,false,,6.90,0.0000,true,1,2133003
7290111664182,false,כפית ורסאי אפור -אר',,,כפית ורסאי אפור -אר',יחידה,0.00,יחידה,false,,3.90,0.0000,true,1,2133004
7290111664441,false,כוסות יין קטנות פסים,,,כוסות יין קטנות פסים,יחידה,0.00,יחידה,false,,10.90,0.0000,true,1,2133913
7290111665028,false,קערות מרק דקל מרובעו,,,קערות מרק דקל מרובעו,יחידה,0.00,יחידה,false,,18.90,0.0000,true,1,2133941
7290111665240,false,מפיות נקודתיים כסף-א,,,מפיות נקודתיים כסף-א,יחידה,0.00,יחידה,false,,4.90,0.0000,true,1,2133945
7290111665530,false,מזלג ורסאי ניצוצות ז,,,מזלג ורסאי ניצוצות ז,יחידה,0.00,יחידה,false,,5.90,0.0000,true,1,2133023
7290111665547,false,סכין ורסאי ניצוצות ז,,,סכין ורסאי ניצוצות ז,יחידה,0.00,יחידה,false,,6.90,0.0000,true,1,2133024
7290111665554,false,כף ורסאי ניצוצות זהב,,,כף ורסאי ניצוצות זהב,יחידה,0.00,יחידה,false,,6.90,0.0000,true,1,2133025
7290111665561,false,כפית ורסאי ניצוצות ז,,,כפית ורסאי ניצוצות ז,יחידה,0.00,יחידה,false,,3.90,0.0000,true,1,2133026
7290111665578,false,מזלג ורסאי שקוף-אר',,,מזלג ורסאי שקוף-אר',יחידה,0.00,יחידה,false,,5.90,0.0000,true,1,2276725
7290111665585,false,סכין ורסאי ניצוצות כ,,,סכין ורסאי ניצוצות כ,יחידה,0.00,יחידה,false,,6.90,0.0000,true,1,2133027
7290111665592,false,כף ורסאי ניצוצות כסף,,,כף ורסאי ניצוצות כסף,יחידה,0.00,יחידה,false,,6.90,0.0000,true,1,2133028
7290111665615,false,כפית ורסאי ניצוצות כ,,,כפית ורסאי ניצוצות כ,יחידה,0.00,יחידה,false,,3.90,0.0000,true,1,2133029
7290111665622,false,כפות הגשה ורסאי -זוג,,,כפות הגשה ורסאי -זוג,יחידה,0.00,יחידה,false,,2.90,0.0000,true,1,2133958
7290111665868,false,מגש דקל מחולק ל-7 קו,,,מגש דקל מחולק ל-7 קו,יחידה,0.00,יחידה,false,,12.90,0.0000,true,1,2133962
7290111665905,false,כוס 12 נייר טבעי אקו,,,כוס 12 נייר טבעי אקו,יחידה,0.00,יחידה,false,,19.90,0.0000,true,1,2133966
7290111667060,false,כפיות מיני ורסאי שקו,,,כפיות מיני ורסאי שקו,יחידה,0.00,יחידה,false,,5.90,0.0000,true,1,2170119
7290111667084,false,כפיות מיני ורסאי זהב,,,כפיות מיני ורסאי זהב,יחידה,0.00,יחידה,false,,5.90,0.0000,true,1,2170121
7290111775352,false,חול קט רקס מרענן 6 ל,,,חול קט רקס מרענן 6 ל,יחידה,0.00,יחידה,false,,49.90,0.0000,true,1,2264431
7290111775369,false,חול קט רקס לבנדר 6 ל,,,חול קט רקס לבנדר 6 ל,יחידה,0.00,יחידה,false,,49.90,0.0000,true,1,2264432
7290111775376,false,חול קט רקס אנטי בקטר,,,חול קט רקס אנטי בקטר,יחידה,0.00,יחידה,false,,49.90,0.0000,true,1,2264433
7290111775383,false,חול קט רקס קרבון 6 ל,,,חול קט רקס קרבון 6 ל,יחידה,0.00,יחידה,false,,49.90,0.0000,true,1,2264434
7290111776311,false,רול עור בפאלו לבן מצ,,,רול עור בפאלו לבן מצ,יחידה,0.00,יחידה,false,,14.90,0.0000,true,1,2264436
7290111776328,false,זוג רול עור בפאלו לב,,,זוג רול עור בפאלו לב,יחידה,0.00,יחידה,false,,19.90,0.0000,true,1,2264437
7290111776366,false,עצם קשר לבנה מעור בא,,,עצם קשר לבנה מעור בא,יחידה,0.00,יחידה,false,,16.90,0.0000,true,1,2264441
7290111776380,false,זוג עצמות דחוסות טבע,,,זוג עצמות דחוסות טבע,יחידה,0.00,יחידה,false,,19.90,0.0000,true,1,2264443
7290111870897,false,מרשמלו מסולסל ארוך בשקית 18 גר'-LOL,,,מרשמלו ארוךLOL,יחידה,0.00,יחידה,false,,22.90,0.0000,true,1,2239996
7290111870903,false,מרשמלו ארוך,,,מרשמלו ארוך,יחידה,0.00,יחידה,false,,24.90,0.0000,true,1,2239997
7290111870910,false,מרשמלו מסולסל ארוך 18 גר'- כוח פי גיי,,,מרשמלו ארוך כוח פי,יחידה,0.00,יחידה,false,,22.90,0.0000,true,1,2239998
7290111870934,false,מרשמלו מסולסל ארוך 18 גר'-מפרץ הרפתקאות,,,מרשמלו ארוך מפרץ הר,יחידה,0.00,יחידה,false,,22.90,0.0000,true,1,2240000
7290111871078,false,מרשמלו מסולסל ארוך 18 גר' -ליגת הצדק,,,מרשמלו ארוך ליגת הצ,יחידה,0.00,יחידה,false,,24.90,0.0000,true,1,2240008
7290111872068,false,לקקן עם סוכריות קופצ,,,לקקן עם סוכריות קופצ,יחידה,0.00,יחידה,false,,1.20,0.0000,true,1,2185155
7290111873010,false,אצבעות שוקולד הלו קי,,,אצבעות שוקולד בקרם ח,יחידה,0.00,יחידה,false,,3.90,0.0000,true,1,1923154
7290111873041,false,אצבעות שוקולד ממולא בקרם חלב 50 ג'- מפרץ הרפתקאות,,,אצבעות שוקולד בקרם ח,יחידה,0.00,יחידה,false,,4.90,0.0000,true,1,1923157
7290111930805,false,קראנצ'וס טעם ברביקיו 55 גר',חברת מנה בעמ,IL,חטיף קראנצ'וס ברביקי,גרמים,55.00,100 גרם,false,,3.90,0.0709,true,1,1624022
7290111930898,false,פוף כוכבים גריל אמריקאי 40 גר',פוף POOF,IL,חטיף פוף כוכבים גריל,גרמים,40.00,100 גרם,false,,3.90,0.0975,true,1,1656010
7290111930904,false,פוף כוכבים בצל 40 גר',פוף POOF,IL,חטיף פוף כוכבים בצל,גרמים,40.00,100 גרם,false,,3.90,0.0975,true,1,1656011
7290111930911,false,פוף חטיף לבבות קלאסי 40 ג',פוף POOF,IL,חטיף פוף לבבות קלאסי,גרמים,40.00,100 גרם,false,,3.90,0.0975,true,1,1655753
7290111930928,false,פוף חטיף לבבות גריל 40 ג',פוף POOF,IL,חטיף פוף לבבות גריל,גרמים,40.00,100 גרם,false,,3.90,0.0975,true,1,1656012
7290111930935,false,פוף חטיף טבעות קלאסי 40 ג',פוף POOF,IL,חטיף פוף טבעות קלאסי,גרמים,40.00,100 גרם,false,,3.90,0.0975,true,1,1656013
7290111931321,false,"קולגייט מיניונים משחת שיניים ילדים 6+ 50 מ""ל",קולגייט Colgate,,משחת שיניים קולגייט,מיליליטרים,50.00,"100 מ""ל",false,,12.90,0.2580,true,1,1802092
7290111932380,false,"מרידול משחת שיניים מארז 75X2מ""ל כשל""פ",,,מארז זוג משחת שיניים,מיליליטרים,150.00,"100 מ""ל",false,,24.90,0.1660,true,1,1735154
7290111932502,false,"קולגייט משחת שיניים אופטיק וייט אקספרט 75 מ""ל",קולגייט Colgate,MX,משחת שינים קולגייט א,מיליליטרים,75.00,"100 מ""ל",false,,24.90,0.3320,true,1,1859071
7290111932601,false,שטיפת פה קולגייט פלאקס אדום,קולגייט פלמוליב,PL,מי פה קולגייט פלאקס,מיליליטרים,500.00,"100 מ""ל",false,,29.90,0.0598,true,1,1897529
7290111932700,false,מסכה לפנים רימונים ב,,,מסכה לפנים רימונים ב,יח',1.00,יח',false,,9.90,9.9000,true,1,2207347
7290111932724,false,בלונס מסיכת פטל שחור,,,מסכה לפנים פטל שחור,יח',1.00,יח',false,,9.90,9.9000,true,1,2207341
7290111932755,false,"בלונס - קרם ג'ל לחות לפנים 50 מ""ל",,,קרם ג'ל לחות לפנים 5,מיליליטרים,50.00,"100 מ""ל",false,,17.90,0.3580,true,1,2216115
7290111932786,false,"בלונס - ג'ל לניקוי הפנים רגיל יבש 250 מ""ל",,,ג'ל ניקוי לפנים רגיל,מיליליטרים,230.00,"100 מ""ל",false,,8.90,0.0387,true,1,2216103
7290111933462,false,"רוטב צ'ילי מתוק מאסטר שף 300 מ""ל",סיטי פוד,,רוטב צ'ילי מתוק מאסט,מיליליטרים,300.00,"100 מ""ל",false,,9.90,0.0330,true,1,1801269
7290111933554,false,עגבניות איטלקיות קוביות - מארז שלישיה,פראנו אנריקו ופיגלי,IT,עגבניות קוביות מארז,גרמים,1200.00,100 גרם,false,,15.90,0.0133,true,1,1897530
7290111933561,false,תערובת ציפוי נגטס 250 ג' מאסטר שף,טסט וסנט קו.לטד,TH,תערובת לציפוי נאגטס,גרמים,250.00,100 גרם,false,,9.90,0.0396,true,1,2102801
7290111933998,false,קוקי תבנית אינגליש עם נייר אפיה 4 יח',קוקי,,תבנית אינגליש עם ניי,יח',4.00,יח',false,,12.90,3.2250,true,1,2039994
7290111934018,false,"בלונס - קרם עיניים קלוגן 30 מ""ל",,,קרם עיניים קלוגן בלו,מיליליטרים,30.00,"100 מ""ל",false,,17.90,0.5967,true,1,2216120
7290111934827,false,"סבון ידיים היגיינה 300 מ""ל פלמוליב",פלמוליב Palmolive,TR,סבון ידיים פלמוליב 3,מיליליטרים,300.00,"100 מ""ל",false,,10.90,0.0363,true,1,2033596
7290111935527,false,"קולגייט זוג משחת שיניים טוטל קלין מינט 100 מ""ל",,,קולגייט טוטל קלין מי,מיליליטרים,200.00,"100 מ""ל",false,,24.90,0.1245,true,1,2008926
7290111935800,false,ליידי ספיד סטיק דרמה סטיק ויטמנין אי 45 גר',ליידי ספיד סטיק Lady Speed Stick,US,דאודורנט ליידי ספיד,גרמים,45.00,100 גרם,false,,17.90,0.3978,true,1,2102802
7290111935817,false,דאודורנט סטיק דרמה מכיל תמצית אם הפנינה,ליידי ספיד סטיק Lady Speed Stick,US,דאודורנט ליידי ספיד,גרמים,45.00,100 גרם,false,,17.90,0.3978,true,1,2123903
7290111935930,false,מאסטר שף קוקטייל זיתים 350 ג',אסיטורנס קזורלה,ES,קוקטייל זיתים מאסטר,גרמים,350.00,100 גרם,false,,9.90,0.0283,true,1,2123888
7290111935961,false,מאסטר שף מחית עגבניות 690 ג',קליסה,IT,מחית עגבניות מאסטר ש,גרמים,690.00,100 גרם,false,,9.90,0.0143,true,1,2115992
7290111935992,false,אטריות להקצפה מאסטר שף 350 ג',ליהאנג פוד,CN,איטריות להקפצה מאסטר,גרמים,350.00,100 גרם,false,,8.90,0.0254,true,1,2137681
7290111936296,false,"פלמוליב - ג'ל רחצה ארומה מסאז' 750 מ""ל",קולגייט פלמוליב,TR,סבון נוזלי פלמוליב א,מיליליטרים,750.00,"100 מ""ל",false,,16.90,0.0225,true,1,2068159
7290111936487,false,"קולגייט זוג משחת שיניים טוטל קלין להלבנה 100 מ""ל",,,קולגייט טוטל הלבנה 1,מיליליטרים,200.00,"100 מ""ל",false,,24.90,0.1245,true,1,2008931
7290111936647,false,"משחת שיניים קולגייט מקס כחול 125 מ""ל*2 כשלפ",קולגייט פלמוליב,PL,מארז זוג קולגייט מקס,מיליליטרים,250.00,"100 מ""ל",false,,24.90,0.0996,true,1,2145509
7290111936784,false,"מארז פרי חטיפים 5 יח' כשל""פ תמרים ואגוזי לוז",טבעית מוצרים מן הטבע,IL,חטיף תמרים וגוזי לוז,גרמים,125.00,100 גרם,false,,15.90,0.1272,true,1,2024392
7290111937231,false,"מארז פרי חטיפים 5 יח' כשל""פ תמרים וקוקוס",טבעית מוצרים מן הטבע,IL,חטיף תמרים וקוקוס FR,גרמים,125.00,100 גרם,false,,15.90,0.1272,true,1,2024394
7290111937248,false,פרי מארז חטיפי 5יח תמרים קשיו ונגיעת לוז 125ג',הדקלאים אגודת שיתופי,IL,חטיף תמרים קשיו ונגי,גרמים,125.00,100 גרם,false,,15.90,0.1272,true,1,2024395
7290111937262,false,"פרי מארז חטיפי 5יח תמרים ,אגוזים ושברי קקאו 125גר",טבעית מוצרים מן הטבע,IL,חטיף תמרים אגוזים וש,גרמים,125.00,100 גרם,false,,15.90,0.1272,true,1,2024396
7290111937651,false,פצצת אמבט מנגו לכל סוגי העור,בלונס Balloons,,פצצת אמבט מנגו בלונס,יח',1.00,יח',false,,9.90,9.9000,true,1,2207342
7290111937668,false,פצצת אמבט תפוח לכל סוגי העור,בלונס Balloons,,פצצת אמבט תפוח בלונס,יח',1.00,יח',false,,9.90,9.9000,true,1,2207334
7290111938481,false,"רוטב סויה בהיר מאסטר שף 300 מ""ל",מאסטר שף,TH,רוטב סויה בהירה מאסט,מיליליטרים,300.00,"100 מ""ל",false,,9.90,0.0330,true,1,2152032
7290111938498,false,"מאסטר שף רוטב סויה בהירה 700 מ""ל",תאי סופרים,TH,"רוטב סויה 700מ""ל מאס",מיליליטרים,700.00,"100 מ""ל",false,,12.90,0.0184,true,1,2138257
7290111939136,false,קוקי נייר אפייה עגול קוטר 26,קוקי,IL,קוקי נייר אפייה עגול,יח',20.00,יח',false,,7.90,0.3950,true,1,2142495
7290111939143,false,קוקי נייר אפייה עגול קוטר 28,,IL,קוקי נייר אפייה עגול,יח',20.00,יח',false,,7.90,0.3950,true,1,2142496
7290111939174,false,קוקי כיסוי ניילון עם גומי מידה L,קוקי,,קוקי ניילון נצמד עם,יח',18.00,יח',false,,9.90,0.5500,true,1,2142483
7290111939181,false,כיסוי ניילון עם גומי במגוון גדלים,קוקי,CN,קוקי ניילון נצמד עם,יח',20.00,יח',false,,9.90,0.4950,true,1,2142484
7290111961120,false,לידר'ס צ'ויס חטיף סל,,,לידר'ס צ'ויס חטיף סל,יחידה,0.00,יחידה,false,,14.90,0.0000,true,1,2219578
7290111963995,false,אלפה דוג צמח חטיף לב,,,אלפה דוג צמח חטיף לב,יחידה,0.00,יחידה,false,,12.90,0.0000,true,1,2219590
7290111964138,false,אלפה דוג צמח חטיף פי,,,אלפה דוג צמח חטיף פי,יחידה,0.00,יחידה,false,,12.90,0.0000,true,1,2219597
7290111964183,false,אלפה דוג צמח חטיף סו,,,אלפה דוג צמח חטיף סו,יחידה,0.00,יחידה,false,,12.90,0.0000,true,1,2219600
7290111970252,false,וילון אמבטיה,,,וילון אמבטיה,יחידה,0.00,יחידה,false,,40.00,0.0000,true,1,2127557
7290111979279,false,משטח ספיגה ליבוש כלי,,,משטח ספיגה ליבוש כלי,יחידה,0.00,יחידה,false,,9.90,0.0000,true,1,2218834
7290112000057,false,ג'ל כביסה בתוספת קראטין,ווליט Woolite,,ווליט ג'ל גולד לשמיר,ליטרים,3.00,ליטר,false,,29.90,9.9667,true,1,1678365
7290112000132,false,מפזר אדים אוטומטי + מילוי בניחוח לבנדר ופריחת השקד,איירוויק Air Wick,,אירוויק מפיץ אדים קו,מיליליטרים,20.00,"100 מ""ל",false,,49.90,2.4950,true,1,1849342
7290112000156,false,"איירוויק מילוי מפיץ אדים אוטמטי לבנדר 20 מ""ל",איירוויק Air Wick,,אירוויק מילוי מפיץ א,מיליליטרים,20.00,"100 מ""ל",false,,19.90,0.9950,true,1,1849352
7290112000163,false,מילוי למפזר אדים בניחוח יסמין ואדמונית,איירוויק Air Wick,,אירוויק מילוי מפיץ א,מיליליטרים,20.00,"100 מ""ל",false,,19.90,0.9950,true,1,1849344
7290112000170,false,איירוויק מילוי מפיץ אדים אוטמטי פרש,איירוויק Air Wick,,אירוויק מילוי מפיץ א,מיליליטרים,20.00,"100 מ""ל",false,,19.90,0.9950,true,1,1849353
7290112000286,false,"סיליט באנג לשירותים לימון 750 מ""ל",סיליט באנג Cillit Bang,,גל אסלות סיליט באנג,מיליליטרים,750.00,"100 מ""ל",false,,9.90,0.0132,true,1,1727233
7290112000385,false,מנקה ומחטא עוצמתי למטבח ללא אקונומיקה,רקיט בנקיזר,PL,תרסיס למטבח דטול 750,מיליליטרים,750.00,"100 מ""ל",false,,14.90,0.0199,true,1,1915925
7290112000392,false,מנקה ומחטא עוצמתי לחדר האמבטיה ללא אקונומיקה,דטול Dettol,,תרסיס לאמבטיה דטול 7,מיליליטרים,750.00,"100 מ""ל",false,,14.90,0.0199,true,1,1916804
7290112000408,false,מנקה ומחטא עוצמתי לניקוי כללי בניחוח לימון,רקיט בנקיזר,PL,תרסיס דטול לניקוי כל,מיליליטרים,750.00,"100 מ""ל",false,,14.90,0.0199,true,1,1915915
7290112000736,false,טבליות למדיח Power All In One,פיניש Finish,,פיניש 80 טבליות AIO,יח',80.00,יח',false,,54.90,0.6862,true,1,1849347
7290112000798,false,"דיטול תרסיסי חיטוי וניקוי אנטי בקטריאלי 750 מ""ל",רקיט בנקיזר,PL,תרסיס דטול לניקוי וח,מיליליטרים,750.00,"100 מ""ל",false,,14.90,0.0199,true,1,1916805
7290112000828,false,דטול - מגבונים חיטוי וניקוי אנטי בקטריאלי 60 יח',דטול Dettol,,דטול מגבונים לניקוי,יח',60.00,יח',false,,9.90,0.1650,true,1,1916806
7290112000842,false,דטול מגבונים לניקוי כללי בניחות לימון 60 יח',דטול Dettol,,דטול מגבונים לניקוי,יח',60.00,יח',false,,9.90,0.1650,true,1,1915920
7290112000873,false,מטליות לחות לחדר האמבטיה מנקה ומחטא עוצמתי,דטול Dettol,,דטול מגבונים לאמבטיה,יח',60.00,יח',false,,9.90,0.1650,true,1,1916807
7290112000880,false,מטליות לחות למטבח מנקה ומחטא עוצמתי,דטול Dettol,,דטול מגבונים למטבח 6,יח',60.00,יח',false,,9.90,0.1650,true,1,1915926
7290112001016,false,"אירוויק פרשמטיק מכשיר אוטמטי ומלוי בניחוח תענוגות האביב 250 מ""ל",,,מבשם אויר מכשיר אוטו,מיליליטרים,250.00,"100 מ""ל",false,,39.90,0.1596,true,1,1916820
7290112001023,false,"אירוויק ספרי אוטמטי מילוי תענוגות האביב 250 מ""ל",איירוויק Air Wick,,מילוי מבשם אויר אוטו,מיליליטרים,250.00,"100 מ""ל",false,,19.90,0.0796,true,1,1916821
7290112001030,false,"אירוויק ספרי אוטמטי מילוי פריחת הדובדבן 250 מ""ל",איירוויק Air Wick,,מילוי מבשם אויר אוטו,מיליליטרים,250.00,"100 מ""ל",false,,19.90,0.0796,true,1,1916822
7290112001221,false,מנקה מכונת כביסה בניחוח נקי ורענן,קולון Colon,,קולון מנקה למכונת כב,מיליליטרים,250.00,"100 מ""ל",false,,14.90,0.0596,true,1,1916823
7290112001238,false,מנקה מכונת כביסה בניחוח לימון,קולון Colon,,קולון מנקה למכונת כב,מיליליטרים,250.00,"100 מ""ל",false,,14.90,0.0596,true,1,1916824
7290112001436,false,"פיניש מנקה ומחדש בניחוח לימון 250 מ""ל",רקיט בנקיזר,PL,מנקה מדיח כלים 250 מ,מיליליטרים,250.00,"100 מ""ל",false,,14.90,0.0596,true,1,2130969
7290112001870,false,"סיליט באנג ספריי ניקוי אמבטיה 750 מ""ל",רקיט בנקיזר,PL,סיליט באנג לאמבטיות,מיליליטרים,750.00,"100 מ""ל",false,,14.90,0.0199,true,1,2126924
7290112001900,false,ג'ל למדיח כלים אקולוגי פיניש,פיניש Finish,,פיניש ג'ל 1 ליטר אקו,ליטרים,1.00,ליטר,false,,42.90,42.9000,true,1,2126925
7290112002099,false,ג'ל כביסה מרוכז קולון 101 קלאסי,רקיט בנקיזר,IL,ג'ל קולון 2.5 ליטר ר,ליטרים,2.50,ליטר,false,,24.90,9.9600,true,1,2130785
7290112002105,false,ג'ל כביסה מרוכז קולון 101 בניחוח לילך,זוהר דליה,IL,ג'ל קולון 2.5 ליטר מ,ליטרים,2.50,ליטר,false,,24.90,9.9600,true,1,2130786
7290112002112,false,ג'ל כביסה מרוכז קולון 101 בניחוח ורדים,רקיט בנקיזר,IL,ג'ל קולון 2.5 ליטר ב,ליטרים,2.50,ליטר,false,,24.90,9.9600,true,1,2130787
7290112002129,false,ג'ל כביסה מרוכז קולון 101 בניחוח פריחה מרענן,קולון Colon,,ג'ל קולון 2.5 ליטר ב,ליטרים,2.50,ליטר,false,,24.90,9.9600,true,1,2130788
7290112002136,false,ג'ל כביסה מרוכז קולון 101 קלאסי,רקיט בנקיזר,IL,קולון ג'ל 4 ליטר רגי,ליטרים,4.00,ליטר,false,,34.90,8.7250,true,1,2130789
7290112002143,false,ג'ל כביסה מרוכז קולון 101 בניחוח לילך,רקיט בנקיזר,IL,קולון ג'ל 4 ליטר ליל,ליטרים,4.00,ליטר,false,,34.90,8.7250,true,1,2130790
7290112002150,false,ג'ל כביסה מרוכז קולון 101 בניחוח ורדים,קולון Colon,,קולון ג'ל 4 ליטר בני,ליטרים,4.00,ליטר,false,,34.90,8.7250,true,1,2130791
7290112002167,false,ג'ל כביסה מרוכז קולון 101 בניחוח פריחה מרענן,קולון Colon,,קולון ג'ל 4 ליטר בני,ליטרים,4.00,ליטר,false,,34.90,8.7250,true,1,2130792
7290112002457,false,דטול - שלישיית מגבונים לניקוי וחיטוי בניחוח לימון,רקיט בנקיזר,PL,דטול מגבונים לניקוי,יח',180.00,יח',false,,21.90,0.1217,true,1,2142490
7290112002983,false,"סיליט באנג ספריי ניקוי כללי 750מ""ל",,,ספריי לניקוי כללי סי,מיליליטרים,750.00,"100 מ""ל",false,,19.90,0.0265,true,1,2160935
7290112002990,false,"סיליט באנג ספריי מסיר שומנים טבעי 750 מ""ל",,,ספריי לניקוי כללי סי,מיליליטרים,750.00,"100 מ""ל",false,,19.90,0.0265,true,1,2160936
7290112003096,false,קולון מבשם כביסה ירו,,,קולון מבשם בדים טבעי,מיליליטרים,300.00,"100 מ""ל",false,,19.90,0.0663,true,1,2180640
7290112003232,false,אבקת כביסה בניחוח לבנדר קולון 5 ק''ג,,,"אבקת כביסה 5 ק""ג קול",קילוגרמים,5.00,"ק""ג",false,,39.90,7.9800,true,1,2160922
7290112003249,false,אבקת כביסה בניחוח מאסק קולון 5 ק''ג,,,"אבקת כביסה 5 ק""ג קול",קילוגרמים,5.00,"ק""ג",false,,39.90,7.9800,true,1,2160923
7290112003256,false,אבקת כביסה קולון 101 בניחוח לבנדר,קולון Colon,,"אבקת כביסה 1.25ק""ג -",קילוגרמים,1.25,"ק""ג",false,,19.90,15.9200,true,1,2160924
7290112003478,false,"איירוויק ספריי נטול גז אננס ורוזמרין 236 מ""ל",,,מבשם אויר ספריי אירו,מיליליטרים,236.00,"100 מ""ל",false,,19.90,0.0843,true,1,2183226
7290112003508,false,"איירוויק ספריי נטול גז יער ועשבי בר 236 מ""ל",,,מבשם אויר ספריי אירו,מיליליטרים,236.00,"100 מ""ל",false,,19.90,0.0843,true,1,2183227
7290112003515,false,איירוויק ספריי בוטינקה בניחוח ורדים וגרניום 236 מל,,,מבשם אויר ספריי אירו,מיליליטרים,236.00,"100 מ""ל",false,,19.90,0.0843,true,1,2183232
7290112003560,false,נר ריחני ורדים אירוויק 205 ג',,,נר ריחני אירוויק ור,גרמים,205.00,100 גרם,false,,24.90,0.1215,true,1,2183221
7290112003843,false,ג'ל למניעת אבנית אנט,,,ג'ל למניעת אבנית אנט,מיליליטרים,750.00,"100 מ""ל",false,,27.90,0.0372,true,1,2205562
7290112004024,false,ג'ל מסיר כתמים לכביסה לבנה וניש אוקסי אקשן,קליה וניש Kalia Vanish,,"וניש גולד ג'ל 940 מ""",מיליליטרים,940.00,"100 מ""ל",false,,24.90,0.0265,true,1,2230993
7290112004031,false,ג'ל מסיר כתמים לכביסה צבעונית וניש אוקסי אקשן,קליה וניש Kalia Vanish,,"וניש גולד ג'ל 940 מ""",מיליליטרים,940.00,"100 מ""ל",false,,24.90,0.0265,true,1,2230994
7290112004109,false,מטליות לחות לניקוי כללי וחיטוי בריח ליים ונענע- מארז,רקיט בנקיזר,PL,דטול מגבונים לניקוי,יח',180.00,יח',false,,21.90,0.1217,true,1,2179086
7290112004161,false,"ספריי אוטמטי מילוי בניחוח סנטורל 250 מ""ל אירוויק",,,מילוי מבשם אויר אוטו,מיליליטרים,250.00,"100 מ""ל",false,,19.90,0.0796,true,1,2181920
7290112004192,false,טבליות פיניש אקולוגי,רקיט בנקיזר,PL,טבליות אקולוגי למדיח,יח',70.00,יח',false,,49.90,0.7129,true,1,2229774
7290112004208,false,טבליות למדיח בניחוח לימון 50 יח' פיניש,,,פיניש 50 טבליות לימו,יח',50.00,יח',false,,39.90,0.7980,true,1,2213881
7290112004314,false,"דטול - תרסיס חיטוי וניקוי בניחוח לימון רימונים 750 מ""ל",,,תרסיס למטבח דטול רימ,מיליליטרים,750.00,"100 מ""ל",false,,14.90,0.0199,true,1,2213817
7290112004321,false,מגבונים לניקוי כללי בניחוח רימונים וליים 60 יח' דטול,,,דטול מגבונים למטבח ב,יח',60.00,יח',false,,9.90,0.1650,true,1,2213818
7290112004413,false,"אבקה מסיר כתמים לכביסה לבנה 750 מ""ל וניש",רקיט בנקיזר,PL,וניש ספריי לבן 750 מ,מיליליטרים,750.00,"100 מ""ל",false,,19.90,0.0265,true,1,2247175
7290112004451,false,מחטא כביסה דטול אנטיבקטריאלי ספורט,דטול Dettol,,מחטא כביסה דטול לספו,ליטרים,1.50,ליטר,false,,14.90,9.9333,true,1,2232214
7290112004468,false,דטול - מחטא כביסה לכותנה 1.50 ליטר,,,מחטא כביסה דטול לכות,ליטרים,1.50,ליטר,false,,14.90,9.9333,true,1,2232215
7290112004604,false,דטול - שלישיית מגבונים לניקוי וחיטוי בניחוח לימון רימונים,,,דטול מגבונים לניקוי,יח',180.00,יח',false,,21.90,0.1217,true,1,2213819
7290112004611,false,"וניש קליה ג'ל מרוכז לטיפול נקודתי בכתמים 200 מ""ל",רקיט בנקיזר,PT,ג'ל מרוכז להסרת כתמי,מיליליטרים,200.00,"100 מ""ל",false,,16.90,0.0845,true,1,2247176
7290112004772,false,"מילוי למכשיר חשמל ניחוח כביסה, 19 מ""ל",,,מילוי מבשם אויר חשמל,מיליליטרים,19.00,"100 מ""ל",false,,14.90,0.7842,true,1,2258872
7290112004963,false,"פיניש אולטימייט קפסולות לניקוי כלים במדיח, 25 יחידות",רקיט בנקיזר,PL,טבליות למדיח כלים 25,יח',25.00,יח',false,,39.90,1.5960,true,1,2265651
7290112004970,false,פיניש אולטימייט 50 קפסולות גיל,,,טבליות למדיח כלים 50,יח',50.00,יח',false,,54.90,1.0980,true,1,2265663
7290112005045,false,וניש תוסף כביסה רב תכליתי לבגדים לבנים,קליה וניש Kalia Vanish,IT,וניש אבקה לכביסה לבנ,גרמים,480.00,100 גרם,false,,16.90,0.0352,true,1,2265652
7290112005052,false,וניש תוסף כביסה רב תכליתי לבגדים לבנים,קליה וניש Kalia Vanish,IT,וניש אבקה לכביסה לבנ,קילוגרמים,1.50,"ק""ג",false,,34.90,23.2667,true,1,2265653
7290112005076,false,וניש תוסף כביסה רב תכליתי לכביסה צבעונית,קליה וניש Kalia Vanish,IT,וניש אבקה לכביסה צבע,גרמים,480.00,100 גרם,false,,16.90,0.0352,true,1,2265654
7290112005083,false,וניש תוסף כביסה רב תכליתי לכביסה צבעונית,קליה וניש Kalia Vanish,IT,וניש אבקה לכביסה צבע,קילוגרמים,1.50,"ק""ג",false,,34.90,23.2667,true,1,2265655
7290112005144,false,מבשם אויר מכשיר אוטו,,,מבשם אויר מכשיר אוטו,מיליליטרים,250.00,"100 מ""ל",false,,39.90,0.1596,true,1,2255889
7290112005168,false,קפסולות ג'יל לימון קואנטום 60 יח' פיניש,רקיט בנקיזר,PL,טבליות למדיח כלים 60,יח',60.00,יח',false,,54.90,0.9150,true,1,2265664
7290112192158,false,"ניוקי תפו""א ללא גלוט",,,"ניוקי תפו""א ללא גלוט",גרמים,500.00,100 גרם,false,,9.90,0.0198,true,1,2125137
7290112192561,false,משחת שיניים whitening עם פלואוריד להגנה מלאה,פרודונטקס Parodontax,,משחת שיניים הגנה מלא,מיליליטרים,75.00,"100 מ""ל",false,,29.90,0.3987,true,1,2130295
7290112192578,false,משחת שיניים פרודונטקס אקסטרה פרש הגנה מלאה,פרודונטקס Parodontax,,משחת שיניים הגנה מלא,מיליליטרים,75.00,"100 מ""ל",false,,29.90,0.3987,true,1,2130296
7290112192585,false,פרודונטקס מברשת שיניים הגנה מלאה Soft,,,מברשת שיניים הגנה מל,מיליליטרים,75.00,"100 מ""ל",false,,29.90,0.3987,true,1,2130297
7290112192875,false,"סנסודיין - משחת שיניים רגישות וחניכיים 75 מ""ל",סנסודיין Sensodyne,,סנסודיין משחת שיניים,מיליליטרים,75.00,"100 מ""ל",false,,29.90,0.3987,true,1,2134971
7290112192882,false,"סנסודיין - משחת שיניים רגישות וחניכיים מלבינה 75 מ""ל",ג'י.אס.קיי קונסיומר,DE,סנסודיין משחת שיניים,מיליליטרים,75.00,"100 מ""ל",false,,29.90,0.3987,true,1,2134972
7290112192905,false,מברשת לשיניים רגישות ובעיות חניכיים סנסודיין,סנסודיין Sensodyne,DE,סנסודיין מברשת רגישו,יחידה,0.00,יחידה,false,,24.90,0.0000,true,1,2134980
7290112193285,false,"סטייל - מרכך מתולתלות מגביר לחות 600 מ""ל",,,סטייל מרכך מתולתלות,מיליליטרים,600.00,"100 מ""ל",false,,22.90,0.0382,true,1,2162308
7290112193292,false,"סטייל - מתולתלות מסכה לטיפול עמוק 500 מ""ל",,,סטייל מסכה מתולתלת,מיליליטרים,500.00,"100 מ""ל",false,,32.90,0.0658,true,1,2162313
7290112193308,false,"סטייל - מתולתלות גלייז מעצב ומאיץ ברק לשיער 400 מ""ל",,,סטייל גלייז מתולתלת,מיליליטרים,400.00,"100 מ""ל",false,,32.90,0.0822,true,1,2162314
7290112195227,false,איטריות ביצים דקיקות,,,איטריות ביצים דקיקות,גרמים,500.00,100 גרם,false,,13.90,0.0278,true,1,2194010
7290112197078,false,"סטייל - תחליב רחצה לניקוי וטיפוח הידיים חמאת שיאה 500 מ""ל",,,תחליב רחצה לידיים חמ,מיליליטרים,500.00,"100 מ""ל",false,,11.90,0.0238,true,1,2256506
7290112197122,false,"סטייל - סבון ידיים ירוק 500 מ""ל חדש",,,אל סבון ארומטי משאבה,מיליליטרים,500.00,"100 מ""ל",false,,8.90,0.0178,true,1,2272054
7290112197139,false,"סטייל - סבון ידיים אדום 500 מ""ל חדש",,,אל סבון ארומטי משאבה,מיליליטרים,500.00,"100 מ""ל",false,,8.90,0.0178,true,1,2272055
7290112197177,false,דגני בוקר במילוי קרם בטעם נוגט ללא גלוטן 375 ג' G FREE,,,דגני בוקר במילוי קר,גרמים,375.00,100 גרם,false,,21.90,0.0584,true,1,2248844
7290112197184,false,דגני בוקר במילוי קרם קרמל מלוח ללא גלוטן 375 ג' G FREE,,,דגני בוקר במילוי קר,גרמים,375.00,100 גרם,false,,21.90,0.0584,true,1,2248845
7290112197191,false,דגני בוקר כהים במילוי קרם וניל ללא גלוטן 375 ג' G FREE,,,דגני בוקר כהים במיל,גרמים,375.00,100 גרם,false,,21.90,0.0584,true,1,2248846
7290112197207,false,דגני בוקר מיני כריו,,,דגני בוקר מיני כריו,גרמים,65.00,100 גרם,false,,7.90,0.1215,true,1,2248847
7290112197238,false,דגני בוקר מיני קורנ,,,דגני בוקר מיני קורנ,גרמים,65.00,100 גרם,false,,7.90,0.1215,true,1,2248854
7290112330352,false,"יוגורט PRO בטעם וניל 0% , 20 גרם חלבון בגביע","שטראוס בריאות בע""מ",IL,דנונה פרו 20 גרם חלב,גרמים,200.00,100 גרם,false,,6.20,0.0310,true,1,2068186
7290112330390,false,יוגורט PRO בטעם פירות יער 0% 20 גרם חלבון בגביע,"שטראוס בריאות בע""מ",IL,דנונה פרו 20 גרם חלב,גרמים,200.00,100 גרם,false,,6.20,0.0310,true,1,2068187
7290112330420,false,דנונה פרו לבן 2.9% שומן 150 ג',מיוצר עי קונדיטוריית,IL,דנונה פרו לבן 2.9% ש,גרמים,150.00,100 גרם,false,,4.90,0.0327,true,1,2013558
7290112332585,false,"פריכיות תפו""א, אורז בתיבול סלק ומלח חי 30 גר'","פרח תעשיו מזון בע""מ",IL,פירכיות משולשות בתיב,גרמים,30.00,100 גרם,false,,4.90,0.1633,true,1,2099909
7290112332691,false,עוגיות קרם אגוזים פסק זמן 200 ג' עלית,הגביע מוצרי ופלים בע,IL,פינוקיות עוגיית קרם,גרמים,200.00,100 גרם,false,,9.90,0.0495,true,1,2115838
7290112332875,false,מסטיק מאסט קוביות בטעם מנטה עדינה 86 ג' עלית,עלית,,מסטיק קוביות מנטה עד,גרמים,86.00,100 גרם,false,,12.90,0.1500,true,1,2048438
7290112332899,false,עלית - צנצנת בזוקה פופים קלאסי 58 גרם,רוג'ר אנד רוג'ר,DE,קופסאת מסטיק בזוקה פ,גרמים,58.00,100 גרם,false,,8.90,0.1534,true,1,2099883
7290112334305,false,סלט כרובית בטחינה אחלה 330 ג',STRAUSS-ISRAEL,IL,סלט כרובית בטחינה אח,גרמים,330.00,100 גרם,false,,15.50,0.0470,true,1,1978477
7290112335111,false,מסטיק מאסט קוביות בטעם בזוקה 86 ג' עלית,עלית,,מסטיק קוביות בטעם בז,גרמים,86.00,100 גרם,false,,12.90,0.1500,true,1,2048441
7290112335487,false,פריכיות טעימות קצח ודגנים 135 ג' שטראוס,אנרג'י Energy - שטראוס,IL,הפירכיות הטעימות קצח,גרמים,135.00,100 גרם,false,,11.90,0.0881,true,1,2099885
7290112335494,false,הפריכיות הטעימות תפוחי אדמה בטעם פוטטוס,"פרח תעשיות מזון בע""מ",IL,הפירכיות הטעימות פוט,גרמים,135.00,100 גרם,false,,11.90,0.0881,true,1,2119229
7290112335500,false,"הפריכיות הטעימות חומוס, אורז, עדשים שחורות וקינואה",אנרג'י Energy - שטראוס,IL,הפירכיות הטעימות חלב,גרמים,135.00,100 גרם,false,,11.90,0.0881,true,1,2099886
7290112336637,false,סוכריות מאסט Must ללא סוכר יוגורט תות ואוכניות,MIESZKO S.A - MS. JO,PL,סוכריות מאסט ללא סוכ,גרמים,80.00,100 גרם,false,,7.90,0.0988,true,1,2129350
7290112336644,false,סוכריות מאסט ללא סוכר לימון 80 ג' עלית,MIESZKO S.A - MS. JO,PL,סוכריות מאסט ללא סוכ,גרמים,80.00,100 גרם,false,,7.90,0.0988,true,1,2129351
7290112336651,false,סוכריות מאסט ללא סוכר ריבת חלב 80 ג' עלית,MIESZKO S.A - MS. JO,PL,סוכריות מאסט ללא סוכ,גרמים,80.00,100 גרם,false,,7.90,0.0988,true,1,2129352
7290112336712,false,יוגורט PRO לבן 0% 21 גרם חלבון בגביע,"שטראוס בריאות בע""מ",IL,דנונה פרו 21 גרם חלב,גרמים,200.00,100 גרם,false,,6.20,0.0310,true,1,2028756
7290112337474,false,סוכריות מאסט ללא סוכר פטל לימון 80 ג' עלית,MIESZKO S.A - MS. JO,PL,סוכריות מאסט ללא סוכ,גרמים,80.00,100 גרם,false,,7.90,0.0988,true,1,2129353
7290112337481,false,סוכריות מאסט ללא סוכר קפצ''ינו 80 ג' עלית,MIESZKO S.A - MS. JO,PL,סוכריות מאסט ללא סוכ,גרמים,80.00,100 גרם,false,,7.90,0.0988,true,1,2129354
7290112338877,false,מעדן גבינה בטעם תות 3% 125ג' סקי,"שטראוס בריאות בע""מ",IL,סקי תות 3% 125 גרם,גרמים,125.00,100 גרם,false,,3.90,0.0312,true,1,1978479
7290112339171,false,מעדן מילקי מוס שוקול,מיוצר עי קונדיטוריית,IL,מילקי מוס,גרמים,81.00,100 גרם,false,,3.50,0.0432,true,1,1978481
7290112339362,false,דנונה לייט אנד פריי בטעם קפוצינו 150 גר',דנונה - שטראוס,IL,דנונה לייט אנד פרי ב,גרמים,150.00,100 גרם,false,,4.50,0.0300,true,1,2131693
7290112339867,false,גמדים לדרך גבינה לבנה עם מחית תות,שטראוס,IL,גמדים סקוויז לדרך בו,גרמים,100.00,100 גרם,false,,5.50,0.0550,true,1,2028913
7290112340122,false,הפריכיות הטעימות 3 דגנים 135 גרם.,אנרג'י Energy - שטראוס,IL,הפירכיות הטעימות 3 ד,גרמים,135.00,100 גרם,false,,11.90,0.0881,true,1,2099891
7290112340245,false,צנצנת מסטיק מאסט בטעם דובדבן 66 ג' עלית,"שטראוס גרופ בע""מ",IL,קופסאת מסטיק מאסט בט,גרמים,66.00,100 גרם,false,,8.90,0.1348,true,1,2048442
7290112340252,false,צנצנת מסטיק מאסט בטעם אבטיח מלון 66 ג' עלית,"שטראוס גרופ בע""מ",IL,קופסאת מסטיק מאסט בט,גרמים,66.00,100 גרם,false,,8.90,0.1348,true,1,2048443
7290112340276,false,עוגיות קרם קפה נמס 200 ג' עלית,הגביע מוצרי ופלים בע,IL,עוגיית קרם קפה נמס,גרמים,200.00,100 גרם,false,,9.90,0.0495,true,1,2115840
7290112340900,false,קפה טורקי נטול קפאין,הנסיך- מפעל לייצור ט,IL,קפה טורקי האג 200 גר,גרמים,200.00,100 גרם,false,,25.90,0.1295,true,1,2168636
7290112341556,false,אקטיביה עם צ'יה ותות 150 ג' דנונה,דנונה - שטראוס,IL,יוגורט אקטיביה עם צ',גרמים,150.00,100 גרם,false,,4.80,0.0320,true,1,2129579
7290112341679,false,אקטיביה 3% שומן 200 ג' דנונה,מיוצר עי קונדיטוריית,IL,אקטיבייה 3% 200 גרם,גרמים,200.00,100 גרם,false,,4.20,0.0210,true,1,2129580
7290112341686,false,מארז שמיניה אקטיביה 3% 150 ג',מיוצר עי קונדיטוריית,IL,מארז 8 יח' אקטיביה 3,גרמים,1200.00,100 גרם,false,,20.90,0.0174,true,1,2129596
7290112342102,false,סימפוניה גבינה במרקם שמנת בצל מקורמל 5%,"שטראוס בריאות בע""מ",IL,סימפוניה בצל מקורמל,גרמים,200.00,100 גרם,false,,10.90,0.0545,true,1,2138269
7290112342270,false,קפה פלטינום אינטנס מחוזק ב- 10% אספרסו,שטראוס קפה בי.וי,IL,קפה פלטינום אינטנס 1,גרמים,125.00,100 גרם,false,,19.90,0.1592,true,1,2127997
7290112342508,false,דוריטוס קול ראנץ Cool Ranch,STRAUSS-ISRAEL,IL,דוריטוס 70 גרם קול ר,גרמים,70.00,100 גרם,false,,3.50,0.0500,true,1,2133794
7290112343260,false,"יטבתה רוטב שמנת קלאסי 9% שומן 260 מ""ל",STRAUSS-ISRAEL,IL,רוטב שמנת קלאסי 9% ש,גרמים,260.00,100 גרם,false,,10.90,0.0419,true,1,2134123
7290112343420,false,"משקה חלב עם דגנים מלאים ובננה פרו יטבתה 350מ""ל",מחלבת יטבתה,IL,משקה יוטבתה פרו ארוח,מיליליטרים,350.00,"100 מ""ל",false,,7.90,0.0226,true,1,2134126
7290112343499,false,חטיף צ'יטוס פאפס אפוי בטעם גבינה,"שטראוס פריטו ליי בע""",IL,צ'יטוס פאפס 55 גרם,גרמים,55.00,100 גרם,false,,3.50,0.0636,true,1,2228475
7290112344724,false,מעדן בטעם שוקולד בלונדי 170 ג' מילקי,מיוצר עי קונדיטוריית,IL,מילקי בטעם שוקולד בל,גרמים,133.00,100 גרם,false,,3.60,0.0271,true,1,2134171
7290112344755,false,מילקי שוקולד 26% פחות סוכר 135 גרם,מיוצר עי קונדיטוריית,IL,מעדן מילקי 26% פחות,גרמים,135.00,100 גרם,false,,3.00,0.0222,true,1,2182092
7290112344786,false,קפה פלטינום קלאסיק 200 ג' עלית,שטראוס קפה בי.וי.,IL,קפה פלטינום קלאסיק,גרמים,200.00,100 גרם,false,,29.90,0.1495,true,1,2149250
7290112345219,false,מארז קפה ברזילאי 25 סטיקים פלטינום 50 ג',עלית,,מארז 25 סטיקים פלטינ,גרמים,50.00,100 גרם,false,,9.90,0.1980,true,1,2149251
7290112346360,false,בפלות אחת אחת ופל בטעם שוקולד מצופה שוקולד,הגביע מוצרי וופלים ב,GR,בפלות אחת אחת בציפוי,גרמים,180.00,100 גרם,false,,12.90,0.0717,true,1,2137325
7290112346537,false,עוגיות פינוקיות בטעם טורטית 200 ג' עלית,הגביע מוצרי ופלים בע,IL,פינוקיות בטעם טורטית,גרמים,200.00,100 גרם,false,,9.90,0.0495,true,1,2134256
7290112346629,false,דנונה בר יוגורט+קורנפלקס מצופה שוקולד חלב ולבן 172 גרם,"שטראוס בריאות בע""מ",IL,יוגורט בר עם קורנפלק,גרמים,172.00,100 גרם,false,,4.80,0.0279,true,1,2158077
7290112346773,false,יוגורט בטעם וניל 0% לייט אנד פרי 10 גרם חלבון בגביע,מיוצר עי קונדיטוריית,IL,דנונה לייט אנד פריי,גרמים,150.00,100 גרם,false,,4.50,0.0300,true,1,2183839
7290112346797,false,יוגורט אקטיביה עם שיבולת שועל ושזיף 2.5%,מיוצר עי קונדיטוריית,IL,יוגורט אקטיביה שיבול,גרמים,150.00,100 גרם,false,,4.80,0.0320,true,1,2150383
7290112346827,false,"אקטימל ויטמין C פטל 8*100 מ""ל",קריות זול,IL,אקטימל מארז 8 יח' וי,גרמים,864.00,100 גרם,false,,19.90,0.0230,true,1,2179419
7290112347008,false,גמדים לדרך גבינה לבנה עם מחית תות ושיבולת שועל,מיוצר עי קונדיטוריית,IL,גמדים ארוחת בוקר תות,גרמים,100.00,100 גרם,false,,5.50,0.0550,true,1,2134155
7290112347473,false,דנונה לייט אנד פריי תות ואפרסק מאגדת 8 יח' * 150 ג',מיוצר עי קונדיטוריית,IL,מארז 8 דנונה לייט אנ,גרמים,1200.00,100 גרם,false,,28.50,0.0238,true,1,2131702
7290112348142,false,שעועית לבנה 380 גר' בקופסה טעם הטבע,שטראוס טעם הטבע,,שעועית לבנה טעם הטבע,גרמים,380.00,100 גרם,false,,6.90,0.0182,true,1,2152492
7290112348616,false,עלית - קפה נמס אגוזי לוז 100 גרם,עלית,,קפה נמס אגוזי לוז,גרמים,100.00,100 גרם,false,,14.90,0.1490,true,1,2175737
7290112348999,false,פריכיות טעימות תירס דקות 135 גר',Unknown,IL,הפירכיות הטעימות תי,גרמים,135.00,100 גרם,false,,11.90,0.0881,true,1,2181834
7290112349316,false,מסטיק בזוקה פופים ממולא בטעם תות ללא סוכר,רוג'ר אנד רוג'ר,DE,מסטיק בזוקה ביג פופי,גרמים,86.00,100 גרם,false,,12.90,0.1500,true,1,2149244
7290112349606,false,מעדן גבינה ויוגורט תות בננה 88 ג' דניאלה,"שטראוס בריאות בע""מ",IL,מעדן דניאלה תות בננ,גרמים,88.00,100 גרם,false,,3.90,0.0443,true,1,2235900
7290112349705,false,פומודורו רוטב עגבניות קלאסי לפסטה 350 גר' יד מרדכי,אמיליאנה קונסרב סוסי,IT,רוטב עגבניות קלאסי ל,גרמים,350.00,100 גרם,false,,11.90,0.0340,true,1,2137328
7290112349736,false,בזיליקום רוטב עגבניות לפסטה 350 גר' יד מרדכי,אמיליאנה קונסרב סוסי,IT,רוטב עגבניות בזילקום,גרמים,350.00,100 גרם,false,,11.90,0.0340,true,1,2137329
7290112349750,false,פיצה רוטב עגבניות לפיצה 350 גר' יד מרדכי,אימילאנה,IL,רוטב עגבניות לפיצה 3,גרמים,350.00,100 גרם,false,,11.90,0.0340,true,1,2137331
7290112349897,false,מסטיק מאסט Must קוביות בטעם מנטה ללא סוכר,רוג'ר אנד רוג'ר,DE,מסטיק קוביות מנטה,גרמים,86.00,100 גרם,false,,12.90,0.1500,true,1,2149256
7290112350275,false,קפסולות LUNGO למכונות נספרסו 55 גר',שטראוס קפה בי.וי,IL,קפסולות LUNGO למכונו,גרמים,55.00,100 גרם,false,,16.50,0.3000,true,1,2142442
7290112350312,false,קפסולות 15 קפה יותר למכונות נספרסו עלית 10יח',הנסיך- מפעל לייצור ט,IL,קפסולות 15 למכונת נס,גרמים,50.00,100 גרם,false,,16.50,0.3300,true,1,2170870
7290112350589,false,אבקה להכנת משקה ציקוריה ציקו 65ג',עלית,IL,אבקה להכנת משקה ציקו,גרמים,65.00,100 גרם,false,,10.90,0.1677,true,1,2160572
7290112351067,false,סילאן טבעי 100% תמר מג'הול ללא תוספת סוכר,יד מרדכי,,סילאן לחיץ 630 גרם,גרמים,630.00,100 גרם,false,,22.90,0.0363,true,1,2149257
7290112351104,false,שוקולד פרה ממולא פיצפוצי אורז 100 ג' עלית,STRAUSS-ISRAEL,IL,שוקולד פרה פיצפוצי א,גרמים,100.00,100 גרם,false,,5.90,0.0590,true,1,2152482
7290112351128,false,שוקולד פרה סוכריות קופצות 100 ג' עלית,"שטראוס גרופ בע""מ",IL,שוקולד פרה סוכריות ק,גרמים,90.00,100 גרם,false,,5.90,0.0656,true,1,2160558
7290112351258,false,פינוקיות שחור לבן 200 ג' עלית,הגביע מוצרי ופלים,IL,פינוקיות שחור לבן,גרמים,200.00,100 גרם,false,,9.90,0.0495,true,1,2168637
7290112351753,false,עלית שלישיית פסק זמן קראנץ' 96 גרם,STRAUSS-ISRAEL,,שלישיית פסק זמן קראנ,גרמים,96.00,100 גרם,false,,12.90,0.1344,true,1,2178460
7290112353887,false,"משקה קפה קר בטעם אגוזים יטבתה 230 מ""ל",אנסטל מילק kg,AT,משקה קפה קר בטעם אגו,מיליליטרים,230.00,"100 מ""ל",false,,8.30,0.0361,true,1,2160289
7290112354174,false,פסטה רוזה שטראוס דלי,גסטרונומיה פרוסט אס.,IT,פסטה רוזה,גרמים,280.00,100 גרם,false,,21.90,0.0782,true,1,2234366
7290112354204,false,ארוחה אישית ספגטי עגבניות,גסטרונומיה פרוסט אס.,IT,ספגטי עגבניות 280 גר,גרמים,280.00,100 גרם,false,,21.90,0.0782,true,1,2234369
7290112354211,false,פיצה מרגריטה 300 ג' דלישס,סקרלינפיצה אס. אר. א,IT,פיצה מרגריטה דלישס,גרמים,280.00,100 גרם,false,,25.90,0.0925,true,1,2234370
7290112354228,false,פיצה מרגריטה עם זיתים,שטראוס דלישס,,פיצה מרגריטה עם זיתי,גרמים,280.00,100 גרם,false,,25.90,0.0925,true,1,2234371
7290112354235,false,ברקטה פיצה - 2 יחידות במארז,גסטרונומיה פרוסט אס.,IT,ברקטה פיצה,גרמים,300.00,100 גרם,false,,25.90,0.0863,true,1,2234372
7290112354242,false,קונוס פיצה 320 ג' דלישס,,,קונוס פיצה,גרמים,280.00,100 גרם,false,,25.90,0.0925,true,1,2234373
7290112354945,false,חטיף תפוצ'יפס WAVY בטעם טבעי,שטראוס פריטו ליי בע”,IL,תפוצ'יפס 50 גרם טבעי,גרמים,50.00,100 גרם,false,,3.90,0.0780,true,1,2277917
7290112354952,false,"תפוציפס WAVY בטעם פפריקה , 50 גרם",שטראוס פריטו ליי בע”,IL,תפוצ'יפס 50 גרם פפרי,גרמים,50.00,100 גרם,false,,3.90,0.0780,true,1,2277918
7290112355027,false,יוגורט פרו בטעם קרמל מלוח 200 ג' דנונה,"שטראוס בריאות בע""מ",IL,דנונה פרו 20 גרם חלב,גרמים,200.00,100 גרם,false,,6.20,0.0310,true,1,2182097
7290112355102,false,גמדים פאוץ סלט פירות 100 ג' שטראוס,"שטראוס בריאות בע""מ",IL,גמדים פאוץ' סלט פירו,גרמים,100.00,100 גרם,false,,5.50,0.0550,true,1,2183846
7290112355393,false,"יטבתה רוטב שמנת+בטטה 9% שומן 250 מ""ל",מחלבת יטבתה,IL,רוטב שמנת עם בטטה יט,גרמים,257.00,100 גרם,false,,10.90,0.0424,true,1,2278973
7290112355812,false,מעדן מילקי עם טופ קורנפלקס מצופה שוקולד,"שטראוס גרופ בע""מ",IL,מעדן מילקי טופ קורנפ,גרמים,141.00,100 גרם,false,,4.60,0.0326,true,1,2258006
7290112355867,false,מילקי קצפת טופ פיצפוץ 86 גרם,"שטראוס גרופ בע""מ",IL,מעדן מילקי קצפת טופ,גרמים,86.00,100 גרם,false,,4.30,0.0500,true,1,2260651
7290112357045,false,עגבניות איטלקיות מרוסקות 390 גר' בקופסה טעם הטבע,שטראוס טעם הטבע,IT,עגבניות איטלקיות מרו,גרמים,380.00,100 גרם,false,,6.90,0.0182,true,1,2152493
7290112357069,false,מחית עגבניות איטלקיות בקופסה 500 גר' טעם הטבע,שטראוס טעם הטבע,IT,מחית עגבניות איטלקית,גרמים,500.00,100 גרם,false,,7.90,0.0158,true,1,2152494
7290112357076,false,קוביות עגבניות איטלקיות 390 גר' בקופסה טעם הטבע,שטראוס טעם הטבע,,עגבניות איטלקיות קוב,גרמים,390.00,100 גרם,false,,6.90,0.0177,true,1,2170859
7290112357083,false,אפונת גינה טעם הטבע 380 גר' בקופסה,שטראוס טעם הטבע,,אפונת גינה טעם הטבע,גרמים,380.00,100 גרם,false,,6.90,0.0182,true,1,2152504
7290112357106,false,שעועית אדומה 380 גר' בקופסה טעם הטבע,שטראוס טעם הטבע,,שעועית אדומה טעם הטב,גרמים,380.00,100 גרם,false,,6.90,0.0182,true,1,2152495
7290112357113,false,גרגרי חומוס בקופסה 380 גר' טעם הטבע,שטראוס טעם הטבע,IT,גרגרי חומוס טעם הטבע,גרמים,380.00,100 גרם,false,,6.90,0.0182,true,1,2152483
7290112357175,false,קפסולות BOOST למכונות נספרסו 50 ג',שטראוס קפה בי.וי,IL,קפסולות BOOST למכונו,גרמים,50.00,100 גרם,false,,16.50,0.3300,true,1,2142443
7290112358004,false,חטיף שוקולד פסק זמן,שולן צ'יקולטה גידה ס,TR,חטיף פסק זמן קראנץ,גרמים,32.00,100 גרם,false,,4.90,0.1531,true,1,2181642
7290112358127,false,יוגורט PRO בטעם וניל עוגיות פלוס מגנזיום,מיוצר עי קונדיטוריית,IL,דנונה פרו 20 גרם עם,גרמים,200.00,100 גרם,false,,6.50,0.0325,true,1,2179425
7290112358219,false,יד מרדכי רוטב צ'ילי מתוק 300 גרם,אף.סי תבליני בגליל ב,IL,רוטב צ'ילי מתוק 320,גרמים,300.00,100 גרם,false,,12.90,0.0430,true,1,2160580
7290112358233,false,יד מרדכי רוטב צילי חריף 300גרם,יד מרדכי,,רוטב צ'ילי חריף 300,גרמים,300.00,100 גרם,false,,12.90,0.0430,true,1,2168639
7290112358240,false,יד מרדכי רוטב גריל 300 גרם,יד מרדכי,,רוטב לעוף גריל,גרמים,300.00,100 גרם,false,,12.90,0.0430,true,1,2152485
7290112358257,false,רוטב לעוף עם שזיפים יד מרדכי 300 גר',יד מרדכי,,רוטב לעוף עם שזיפים,גרמים,300.00,100 גרם,false,,12.90,0.0430,true,1,2152486
7290112358431,false,עד חצות דאבל ביסקוויט עם שוקולד חלב -8 אריזות אישיות,הדקלאים אגודת שיתופי,FR,ביסקויט עד חצות דאבל,גרמים,200.00,100 גרם,false,,12.90,0.0645,true,1,2203303
7290112358554,false,"קפה נמס עלית לדרך, 50 גרם 10 יח'",שטראוס רומניה,RO,מארז נמס לדרך,גרמים,50.40,100 גרם,false,,11.90,0.2361,true,1,2170871
7290112359353,false,קפה טורקי קלוי וטחון אלדין,STRAUSS-ISRAEL,IL,קפה אלדין 200 גרם,גרמים,200.00,100 גרם,false,,18.90,0.0945,true,1,2234419
7290112359384,false,עלית - קפה נמס אלפחורס ריבת חלב 100 גרם,שטראוס,IL,קפה נמס אלפחורס ריבת,גרמים,100.00,100 גרם,false,,14.90,0.1490,true,1,2175749
7290112490032,false,"נמס בכוס תירס קנור בד""ץ, זוגי 22.5X2 גרם,",יוניליוור,IL,נמס בכוס תירס זוגות,גרמים,45.00,100 גרם,false,,6.50,0.1444,true,1,1866897
7290112490209,false,נמס בכוס מרק עגבניות עם קרוטונים רכיבים טבעיים,יוניליוור,,נמס בכוס זוג עגבניות,גרמים,56.00,100 גרם,false,,6.50,0.1161,true,1,1855221
7290112490216,false,נמס בכוס מרק עוף עם קרוטונים רכיבים טבעיים,יוניליוור,,נמס בכוס זוג עוף עם,גרמים,48.00,100 גרם,false,,6.50,0.1354,true,1,1855222
7290112490582,false,חרדל דיזון צרפתי 350 ג' הלמנס,הלמנס hellmann's,,חרדל הלמנס דיז'ון,גרמים,350.00,100 גרם,false,,12.90,0.0369,true,1,1867831
7290112490667,false,קונפיטורה 778 משמש 340 גר,אתר חיפה 778,BE,קונפיטורת משמש 778 3,גרמים,340.00,100 גרם,false,,12.90,0.0379,true,1,1847331
7290112490698,false,קונפיטורה 778 תות שדה לייט 260ג',אתר חיפה 778,BE,קונפיטורת תות שדה 77,גרמים,260.00,100 גרם,false,,15.90,0.0612,true,1,1847342
7290112490759,false,מרק עשיר עוף עם אטריות רכיבים טבעיים 74 ג' קנור,יוניליוור,IL,מרק עשיר ר.טיבעיים א,גרמים,80.00,100 גרם,false,,9.90,0.1238,true,1,1917177
7290112490896,false,"קנור רוטב צ'ילי חריף 370 מ""ל PAL",אתר חיפה 778,,רוטב צ'ילי חריף 370,מיליליטרים,370.00,"100 מ""ל",false,,12.90,0.0349,true,1,1932287
7290112491794,false,בייגלה דקים דקים שמנת בצל 300 גר',בייגל בייגל BB,IL,בייגלה דקים דקים 300,גרמים,300.00,100 גרם,false,,9.90,0.0330,true,1,1946697
7290112492449,false,"פינוק - שמפו לשיער רגיל 700 מ""ל",יוניליוור ישראל טיפו,IL,שמפו פינוק רגיל,מיליליטרים,700.00,"100 מ""ל",false,,11.90,0.0170,true,1,2151743
7290112492456,false,"פינוק - פינוק לשיער יבש 700 מ""ל",יוניליוור ישראל טיפו,IL,שמפו פינוק יבש,מיליליטרים,700.00,"100 מ""ל",false,,11.90,0.0170,true,1,2151650
7290112492463,false,"שמפו ומרכך לשיער רגיל 700 מ""ל פינוק",יוניליוור ישראל טיפו,IL,שמפו פינוק 2 ב-1 רגי,מיליליטרים,700.00,"100 מ""ל",false,,11.90,0.0170,true,1,2151744
7290112492470,false,"שמפו ומרכך 2ב-1 לשיער יבש 700 מ""ל",,,שמפו פינוק 2 ב-1 יבש,מיליליטרים,700.00,"100 מ""ל",false,,11.90,0.0170,true,1,2182674
7290112492487,false,"שמפו שמן מרוקאי 700 מ""ל פינוק",יוניליוור ישראל טיפו,IL,שמפו פינוק שמן מרוקא,מיליליטרים,700.00,"100 מ""ל",false,,11.90,0.0170,true,1,2151651
7290112492531,false,"מרכך לשיער רגיל 700 מ""ל פינוק",יוניליוור,IL,מרכך פינוק רגיל,מיליליטרים,700.00,"100 מ""ל",false,,11.90,0.0170,true,1,2134201
7290112492609,false,"פינוק - תחליב רחצה לבנדר וניל 700 מ""ל",יוניליוור,IL,תחליב רחצה פינוק לבנ,מיליליטרים,700.00,"100 מ""ל",false,,10.90,0.0156,true,1,2134207
7290112492630,false,"שמפו וג'ל רחצה וסבון פנים לגבר 700 מ""ל פינוק",יוניליוור,IL,שמפו פינוק 3 ב-1 לגב,מיליליטרים,700.00,"100 מ""ל",false,,11.90,0.0170,true,1,2134210
7290112492999,false,מרק בטעם עוף קנור 400 ג' צנצנת,יוניליוור ישראל מזון,IL,קנור מרק טעם עוף 400,גרמים,400.00,100 גרם,false,,14.90,0.0373,true,1,2133311
7290112493293,false,קנור - נמס ירקות וקרוטונים ר.טבעי 44 גרם,יוניליוור,IL,נמס בכוס זוג ירקות 1,גרמים,44.00,100 גרם,false,,6.50,0.1477,true,1,2104572
7290112493965,false,גלידה מסטיגם 1.33ל'קרמיסימו,"גלידת שטראוס בע""מ, ר",IL,גלידה קרמיסימו מסטיג,ליטרים,1.33,ליטר,false,,19.90,14.9624,true,1,2135285
7290112494016,false,מיונז מופחת שומן תלמה 500 גר',יוניליוור,IL,מיונז תלמה מופחת שומ,גרמים,500.00,100 גרם,false,,9.90,0.0198,true,1,2129333
7290112494153,false,תיבולית בטעם צלי קנור 72 ג',יוניליוור ישראל מזון,IL,תיבולית קנור צלי 72,גרמים,72.00,100 גרם,false,,9.90,0.1375,true,1,2130775
7290112494221,false,קליק - ביסקויט תפזורת 65 גרם,יוניליוור ישראל מזון,IL,קליק בסקוויט 65 גרם.,גרמים,65.00,100 גרם,false,,5.90,0.0908,true,1,2131226
7290112494238,false,קליק - כדורים חלב תפזורת 65 גרם,יוניליוור ישראל מזון,IL,חטיף שוקולד קליק כדו,גרמים,65.00,100 גרם,false,,5.90,0.0908,true,1,2131227
7290112494276,false,קליק כריות תפזורת 65 גר,יוניליוור ישראל מזון,IL,קליק כריות חדש 65 גר,גרמים,65.00,100 גרם,false,,5.90,0.0908,true,1,2131229
7290112494283,false,קליק - מעורב חום לבן תפזורת 65 גרם,יוניליוור ישראל מזון,IL,קליק חום לבן 65 גרם.,גרמים,65.00,100 גרם,false,,5.90,0.0908,true,1,2131230
7290112494313,false,קליק - קורנפלקס תפזורת 65 גרם,יוניליוור ישראל מזון,IL,קליק קורנפלקס 65 גרם,גרמים,65.00,100 גרם,false,,5.90,0.0908,true,1,2131232
7290112494351,false,תלמה קורנפלקס של אלופים 850 ג',יוניליוור שפע ישראל,IL,קורנפלקס אלופים 850,גרמים,850.00,100 גרם,false,,19.90,0.0234,true,1,2147246
7290112495006,false,כריות - כריות נוגט 686 גרם,יוניליוור שפע ישראל,IL,"כריות נוגט בד""צ 686",גרמים,686.00,100 גרם,false,,24.90,0.0363,true,1,2131218
7290112495044,false,קוקומן פצפוצים בטעם שוקולד,יוניליור שפע ישראל ב,IL,"קוקומן פצפוצים בד""צ",גרמים,375.00,100 גרם,false,,19.90,0.0531,true,1,2131234
7290112495433,false,דגני דליפקאן תוספת אגוזי פקאן ושקדים 400 גר,יוניליור שפע ישראל ב,IL,קורנפלקס דליפקאן 400,גרמים,400.00,100 גרם,false,,19.90,0.0497,true,1,2124103
7290112495488,false,תלמה קורנפלקס ללא גלוטן 500 ג',"מולינו ניקולי S.p.A,",IT,קורנפלקס ללא גלוטן 5,גרמים,500.00,100 גרם,false,,24.90,0.0498,true,1,2144638
7290112496027,false,"סירופ שוקולד 580 מ""ל אפיכל",יוניליוור ישראל מזון,IL,סירופ שוקולד 580 גרם,גרמים,580.00,100 גרם,false,,14.90,0.0257,true,1,2144799
7290112496034,false,סירופ מייפל אפיכל 580 גרם,יוניליוור ישראל מזון,IL,סירופ מייפל 580 גרם,גרמים,580.00,100 גרם,false,,14.90,0.0257,true,1,2144800
7290112496195,false,"אקס - בושם גוף טיקט לגבר בלאק 17 מ""ל","קוסטר אירוסול, גבזה,",TR,אקס בושם כיס בלאק,מיליליטרים,17.00,"100 מ""ל",false,,19.90,1.1706,true,1,2200958
7290112496201,false,"אקס - בושם גוף טיקט לגבר שוקולד 17 מ""ל","קוסטר אירוסול, גבזה,",TR,אקס בושם כיס שוקולד,מיליליטרים,17.00,"100 מ""ל",false,,19.90,1.1706,true,1,2200959
7290112496294,false,חטיף פתית צ'יפס עם אפונה ירוקה צהובה וצ'ילי,JLM גלובל פודס37 דרך,GB,פתית צ'יפס אפונה בתו,גרמים,22.00,100 גרם,false,,4.90,0.2227,true,1,2162206
7290112496430,false,קנור נמס בכוס אקסטרה עגבניות+אטריות 37 גרם - רבנות,יוניליוור ישראל מזון,IL,מרק נמס בכוס אקסטרא,גרמים,37.00,100 גרם,false,,3.90,0.1054,true,1,2182668
7290112497031,false,רוטב עגבניות לקציצות קנור 415 ג',יוניליוור,IT,רוטב עגבניות לקציצות,גרמים,415.00,100 גרם,false,,12.90,0.0311,true,1,2200717
7290112497123,false,תערובת להכנת מעדן בטעם סחלב,יוניליוור ישראל מזון,IL,סחלב 112 גרם קנור,גרמים,112.00,100 גרם,false,,12.90,0.1152,true,1,2177261
7290112497369,false,דאב רול און טלק סופט,,,דאב רולאון טלק,מיליליטרים,50.00,"100 מ""ל",false,,17.90,0.3580,true,1,2179356
7290112497710,false,"פינוק - שמפו אל דמע בייבי 700 מ""ל",יוניליוור,IL,שמפו אל דמע בייבי פי,מיליליטרים,700.00,"100 מ""ל",false,,14.90,0.0213,true,1,2271238
7290112497727,false,"פינוק - אל סבון בייבי 700 מ""ל",אתר ליוור,,אל סבון בייבי פינוק,מיליליטרים,700.00,"100 מ""ל",false,,14.90,0.0213,true,1,2271244
7290112498281,false,"אל סבון לידיים בתוספת שמן קוקוס פינוק 950 מ""ל",יוניליוור ישראל טיפו,IL,סבון ידיים פינוק שמן,מיליליטרים,950.00,"100 מ""ל",false,,12.90,0.0136,true,1,2210378
7290112498298,false,"אל סבון ליידים בתוספת שמן מרוקאי פינוק 950 מ""ל",קוסטר אירוסול ולף סנ,TR,סבון ידיים פינוק שמן,מיליליטרים,950.00,"100 מ""ל",false,,12.90,0.0136,true,1,2210379
7290112498441,false,רוטב אסייתי למוקפץ קנור 370 גרם,אתר חיפה 778,,רוטב אסייאתי למוקפץ,מיליליטרים,370.00,"100 מ""ל",false,,12.90,0.0349,true,1,2194063
7290112498526,false,פתית צ'יפס עם בטטה סגולה בטעם שמנת ובצל,JLM גלובל פודס37 דרך,GB,פתית צ'יפס עם בטטה ס,גרמים,22.00,100 גרם,false,,4.90,0.2227,true,1,2207941
7290112498922,false,מאגדת מיני מגנום שוקולד לבן 250 ג',"מיוצר ע""י גלידת שטרא",IL,מאגדת גלידה מיני מגנ,גרמים,250.00,100 גרם,false,,29.90,0.1196,true,1,2203744
7290112499462,false,תחליב רחצה פינוק בתוספת שמן קוקוס,יוניליוור ישראל טיפו,IL,תחליב רחצה פינוק שמן,מיליליטרים,700.00,"100 מ""ל",false,,10.90,0.0156,true,1,2200704
7290112499493,false,"רקסונה - דאודורנט ספריי לאישה אלוורה 150 מ""ל",,,דאודורנט ספריי רקסונ,מיליליטרים,150.00,"100 מ""ל",false,,13.90,0.0927,true,1,2235169
7290112499509,false,"רקסונה - דאודורנט ספריי לאישה בניחוח אפרסק ולמון גראס 150 מ""ל",,,דאודורנט ספריי רקסונ,מיליליטרים,150.00,"100 מ""ל",false,,13.90,0.0927,true,1,2262380
7290112707512,false,זיקוק 7 סמ 5 יח 192 בקרטון 3גר כסף,,,"זיקוק 7 ס""מ 3 גר-5 י",יח',5.00,יח',false,,4.90,0.9800,true,1,2280386
7290112960115,false,אסם שקדי מרק 30% קמח חיטה מלא 12*350גרם,אסם,IL,שקדי מרק 30% קמח מלא,גרמים,350.00,100 גרם,false,,12.90,0.0369,true,1,1862396
7290112960580,false,בונזור לחם מחמצת כוסמין 12*480גר קנוי,בונז'ור,,לחם מחמצת כוסמין (בר,יחידה,0.00,יחידה,false,,16.90,0.0000,true,1,1892434
7290112960603,false,בונז'ור לחם מחמצת אגוזים צימוקים 480ג',בונז'ור,,לחם מחמצת אגוזים צימ,יחידה,0.00,יחידה,false,,16.90,0.0000,true,1,1892435
7290112961440,false,פיטנס בר פריכיות שוקולד מריר 84 גר',כרמית,IL,פיטנס בר פריכיות שוק,גרמים,72.00,100 גרם,false,,11.90,0.1653,true,1,2155430
7290112961464,false,פיטנס חטיפי פריכיות דגנים וחומוס מתובלות,"פרח תעשיות מזון בע""מ",IL,פירכיות דקות פיטנס מ,גרמים,60.00,100 גרם,false,,7.90,0.1317,true,1,1959885
7290112961754,false,עוגיות שוקולד ציפס עם קרם בטעם אגוזים,מיוצר עי קונדיטוריית,IL,עוגיות שוקוצ'יפס קרם,גרמים,220.00,100 גרם,false,,10.90,0.0495,true,1,1984486
7290112962287,false,טבעול שווארמה טבעונית 6*450 גרם,מיוצר עי קונדיטוריית,IL,שוארמה טבעונית טבעול,גרמים,450.00,100 גרם,false,,29.90,0.0664,true,1,2138211
7290112963321,false,בייגלה שטוח ללא גלוטן 300 גר',מיוצר עי קונדיטוריית,IL,בייגלה שטוח ללא גלוט,גרמים,300.00,100 גרם,false,,14.90,0.0497,true,1,2152605
7290112963918,false,חטיפי קרקר דק רוזמרין 140 ג' פיטנס,נסטלה Nestle,IL,חטיפי קרקר דק רוזמרי,גרמים,140.00,100 גרם,false,,10.90,0.0779,true,1,2108994
7290112964410,false,רוטב אוסם אלף האיים לסלט 290 ג' אסם,Unknown,IL,רוטב אלף האיים לסלט,מיליליטרים,290.00,"100 מ""ל",false,,10.90,0.0376,true,1,2122553
7290112964434,false,רוטב לסלט קיסר 295 ג' אוסם,אסם,IL,רוטב לסלט קיסר 295 מ,מיליליטרים,295.00,"100 מ""ל",false,,10.90,0.0369,true,1,2108996
7290112964458,false,רוטב וינגרט לסלט 295 ג' אסם,אסם,IL,רוטב וינגרט קלאסי 29,מיליליטרים,295.00,"100 מ""ל",false,,10.90,0.0369,true,1,2108997
7290112964472,false,רוטב שום לסלט 290 ג' אסם,Unknown,IL,"רוטב שום לסלט 290 מ""",מיליליטרים,290.00,"100 מ""ל",false,,10.90,0.0376,true,1,2108998
7290112964564,false,רוטב אלף האיים לייט לסלט 310 ג' אסם,אסם,IL,רוטב אלף האיים לייט,מיליליטרים,295.00,"100 מ""ל",false,,10.90,0.0369,true,1,2131096
7290112964601,false,רוטב בנוסח סצ'ואן הסדרה האסייתית,"אסם השקעות בע""מ",IL,רוטב בנוסח סצואן 290,מיליליטרים,290.00,"100 מ""ל",false,,14.90,0.0514,true,1,2068185
7290112964625,false,רוטב שום לייט לסלט 310 ג' אסם,אסם,IL,רוטב שום לייט 5% שומ,מיליליטרים,310.00,"100 מ""ל",false,,10.90,0.0352,true,1,2108999
7290112965141,false,תבשיל פתיתים אפויים עם ירקות 130 גר',אסם,IL,תבשיל פתיתים אפויים,גרמים,117.00,100 גרם,false,,9.90,0.0846,true,1,2134291
7290112965264,false,אוסם - מרק נמס אפונה זוג 26 גרם * 2,Unknown,,זוג מרק נמס אפונה רכ,גרמים,30.00,100 גרם,false,,5.50,0.1833,true,1,2122561
7290112965288,false,אוסם - מרק נמס ירקות זוג 28 גרם * 2,Unknown,IL,זוג מרק נמס ירקות,גרמים,30.00,100 גרם,false,,5.50,0.1833,true,1,2122562
7290112965325,false,תבשיל אורז ספרדי אוסם 140 גרם,אסם,IL,תבשיל אורז ספרדי.,גרמים,128.00,100 גרם,false,,9.90,0.0773,true,1,2134293
7290112965585,false,פרפקטו פסטה קסרצה 500 גר',אסם פרפקטו Perfecto,IL,פסטה פרפקטו קסרצה 50,גרמים,500.00,100 גרם,false,,6.90,0.0138,true,1,2122564
7290112965660,false,פיטנס - חטיף מולטיגריין מלח פלפל 25 גרם,מיוצר עי קונדיטוריית,IL,חטיף פיטנס מלח פלפל,גרמים,25.00,100 גרם,false,,4.90,0.1960,true,1,2178396
7290112965684,false,פיטנס - חטיף מולטיגריין עשבי תיבול 25 גרם,מיוצר עי קונדיטוריית,IL,חטיף פיטנס עשבי תיבו,גרמים,25.00,100 גרם,false,,4.90,0.1960,true,1,2178397
7290112965707,false,פיטנס - חטיף מולטיגריין צילי מעודן 25 גרם,"אסם השקעות בע""מ",IL,חטיף פיטנס צ'ילי מעו,גרמים,25.00,100 גרם,false,,4.90,0.1960,true,1,2178402
7290112965745,false,אוסם - ביסלי פריסטייל בצל מעושן 60 גרם,"אסם השקעות בע""מ",IL,ביסלי פריסטייל בלצל,גרמים,60.00,100 גרם,false,,4.30,0.0717,true,1,2208324
7290112965806,false,אוסם - ביסלי פריסטייל חמוץ חריף 60 גרם,Unknown,IL,ביסלי פריסטייל חמוץ,גרמים,60.00,100 גרם,false,,4.30,0.0717,true,1,2208326
7290112965943,false,טבעול נאגטס ירקות ירוקים 500 גר',טבעול תעשיות מזון בע,IL,טבעול נאגטס ירקות יר,גרמים,500.00,100 גרם,false,,29.90,0.0598,true,1,2150422
7290112965967,false,טבעול נאגטס ירקות כתומים 500 גר',טבעול תעשיות מזון בע,IL,טבעול נאגטס ירקות כת,גרמים,500.00,100 גרם,false,,29.90,0.0598,true,1,2150423
7290112965981,false,טבעול גורמה ארוחת דגנים 450 גר',טבעול (מקבוצת אסם הש,IL,טבעול גורמה ארוחת דג,גרמים,450.00,100 גרם,false,,32.90,0.0731,true,1,2242318
7290112966001,false,טבעול גורמה ארוחת ירוקים,טבעול (מקבוצת אסם הש,IL,טבעול גורמה ארוחת יר,גרמים,450.00,100 גרם,false,,32.90,0.0731,true,1,2242319
7290112966094,false,עוגת הבית בטעם תפוז - פחות סוכר,מיוצר עי קונדיטוריית,IL,עוגת הבית תפוז מופחת,גרמים,400.00,100 גרם,false,,12.90,0.0323,true,1,2134277
7290112966247,false,לחמית כוסמין 200 ג' אסם,אסם יקנעם,IL,לחמית כוסמין,גרמים,200.00,100 גרם,false,,9.90,0.0495,true,1,2155432
7290112966728,false,צבר טחינה בלאדי פלפלים חריפים 350 גר',שוורצקוף& הנקל דיסלד,IL,טחינה בלאדי פלפלים ח,גרמים,350.00,100 גרם,false,,13.90,0.0397,true,1,2128089
7290112966766,false,טחינה בלאדי חציל עגבניות ושום צבר 350 גר',שוורצקוף& הנקל דיסלד,IL,טחינה בלאדי חציל עגב,גרמים,350.00,100 גרם,false,,13.90,0.0397,true,1,2128091
7290112966803,false,פודינג אינסטנט שוקולד 88 ג' אסם,"אסם השקעות בע""מ",IL,אינסטנט פודינג בטעם,גרמים,88.00,100 גרם,false,,5.50,0.0625,true,1,2134196
7290112966841,false,פודינג בטעם שוקולד מריר 90 ג' אסם,מיוצר עי קונדיטוריית,IL,אינסטנט פודינג בטעם,גרמים,90.00,100 גרם,false,,5.50,0.0611,true,1,2134197
7290112967114,false,חטיפי פריכיות פיטנס קטניות ופלפל 60 גר',"פרח תעשיות מזון בע""מ",IL,חטיפי פירכיות קטניות,גרמים,60.00,100 גרם,false,,7.90,0.1317,true,1,2155433
7290112967381,false,פיטנס חטיפי פריכיות קטניות ומלח ים 60 גר',"פרח תעשיות מזון בע""מ",IL,חטיפי פירכיות קטניות,גרמים,60.00,100 גרם,false,,7.90,0.1317,true,1,2155434
7290112967572,false,"אסם רוטב ברביקיו 290 מ""ל אסם",אסם,IL,"רוטב ברבקיו 335 מ""ל",מיליליטרים,335.00,"100 מ""ל",false,,10.90,0.0325,true,1,2134198
7290112968203,false,סלט טחינה בלאדי צבר 250 גרם,שוורצקוף& הנקל דיסלד,IL,סלט טחינה בלאדי 250,גרמים,250.00,100 גרם,false,,8.90,0.0356,true,1,2138235
7290112968685,false,חומוס גרגרים בתטבילה צבר 400 גרם,שוורצקוף& הנקל דיסלד,IL,חומוס גרגרים בתטבילה,גרמים,400.00,100 גרם,false,,10.90,0.0273,true,1,2138223
7290112968807,false,פיטנס - קרקר דק סלק 140 גרם,מפעל אסם יקנעם,IL,חטיפי קרקר דק סלק פי,גרמים,140.00,100 גרם,false,,10.90,0.0779,true,1,2172714
7290112968821,false,פיטנס - קרקר דק בטטה 140 גרם,מפעל אסם יקנעם,IL,חטיפי קרקר דק בטטה פ,גרמים,140.00,100 גרם,false,,10.90,0.0779,true,1,2172715
7290112969286,false,אסם בישולים רוטב חרדל ודבש 330 גר'.,"אסם השקעות בע""מ",IL,רוטב חרדל דבש,גרמים,330.00,100 גרם,false,,15.90,0.0482,true,1,2181479
7290112969903,false,נאגטס ירקות לבנים טב,טבעול תעשיות מזון בע,IL,טבעול נאגטס ירקות לב,גרמים,500.00,100 גרם,false,,29.90,0.0598,true,1,2150427
7290113190375,false,סילאן סירופ תמרים טב,שקדיה,TR,סילאן טבעי 900 גרם,גרמים,900.00,100 גרם,false,,29.90,0.0332,true,1,2248646
7290113190757,false,חלבה תלתלים בטעם וני,,,חלבה תלתלים בטעם וני,גרמים,350.00,100 גרם,false,,13.90,0.0397,true,1,2267146
7290113190771,false,חלבה תלתלים בטעם שוק,,,חלבה תלתלים בטעם שוק,גרמים,350.00,100 גרם,false,,13.90,0.0397,true,1,2267147
7290113191921,false,"תרכיז מלבי 750 מ""ל שקדיה",דין שיווק,IL,"סירופ מלבי 750 מ""ל",מיליליטרים,750.00,"100 מ""ל",false,,16.90,0.0225,true,1,2144986
7290113191938,false,"סירופ רוזטה בטעם שקדים 750 מ""ל",דין שיווק,IL,"סירופ רוזטה 750 מ""ל",מיליליטרים,750.00,"100 מ""ל",false,,16.90,0.0225,true,1,2144987
7290113192157,false,אגוז ברזיל קלופים 15,דין שיווק,,אגוז ברזיל קלופים 15,גרמים,150.00,100 גרם,false,,14.90,0.0993,true,1,2144988
7290113192164,false,אגוזי קשיו קלופים ששון הקולה 150 ג',דין שיווק,,אגוז קשיו קלופים 150,גרמים,150.00,100 גרם,false,,14.90,0.0993,true,1,2144989
7290113192171,false,מיקס אגוזים שקדים וחמוציות 150 גר',דין שיווק,IL,מיקס אגוזים שקדים וח,גרמים,150.00,100 גרם,false,,14.90,0.0993,true,1,2136217
7290113192300,false,זיתים חרוזית מושחר A2 בית השיטה 275 גר',בית השיטה,IL,זית חרוזית שחור,גרמים,275.00,100 גרם,false,,9.90,0.0360,true,1,2134886
7290113192317,false,בית השיטה טבעות זיתים מושחרים 280 גר',בית השיטה,IL,טבעות זיתים,גרמים,280.00,100 גרם,false,,10.90,0.0389,true,1,2134887
7290113192324,false,זיתים ירוקים שלמים בינוניים,בית השיטה,IL,זית ירוק,גרמים,560.00,100 גרם,false,,7.90,0.0141,true,1,2134888
7290113192331,false,זיתים ירוק גדול A2 בית השיטה 340ג',בית השיטה,IL,זית ירוק גדול,גרמים,560.00,100 גרם,false,,9.90,0.0177,true,1,2134889
7290113192348,false,זיתים ירוקים שלמים גדולים מאוד בטעם שום,בית השיטה,IL,זיתים גודל 17-19 טעם,גרמים,560.00,100 גרם,false,,9.90,0.0177,true,1,2134890
7290113192355,false,חרוזית זיתים ירוקים ללא גלעין 275 ג' בית השיטה,בית השיטה,IL,זית חרוזית ירוק,גרמים,560.00,100 גרם,false,,9.90,0.0177,true,1,2134891
7290113192362,false,טבעות זיתים ירוקים 280 ג' בית השיטה,בית השיטה,IL,טבעות זיתים,גרמים,560.00,100 גרם,false,,9.90,0.0177,true,1,2134942
7290113192379,false,בית השיטה זיתים ירוקים מבוקעים א2 340גר',בית השיטה,IL,זיתים מבוקעים,גרמים,560.00,100 גרם,false,,10.90,0.0195,true,1,2134943
7290113192386,false,זיתים סורי מבוקע A2 בית השיטה 340ג',בית השיטה,IL,זית סורי מבוקע,גרמים,560.00,100 גרם,false,,9.90,0.0177,true,1,2134944
7290113192393,false,בית השיטה קוקטייל זיתים א2 336גר',בית השיטה,IL,קוקטייל זיתים,גרמים,560.00,100 גרם,false,,10.90,0.0195,true,1,2134945
7290113192478,false,בית השיטה מלפפונים במלח בינוני 10-12 320 גרם,בית השיטה,IL,מלפפון במלח 10-12,גרמים,560.00,100 גרם,false,,7.50,0.0134,true,1,2134952
7290113192485,false,בית השיטה מלפפונים בחומץ בינוני 10-12 290 גרם,בית השיטה,IL,מלפפון בחומץ 10-12,גרמים,560.00,100 גרם,false,,7.50,0.0134,true,1,2134953
7290113192492,false,בית השיטה מלפפונים בחומץ קטנים 1317 290 גרם,בית השיטה,IL,מלפפון בחומץ 13-17,גרמים,560.00,100 גרם,false,,9.90,0.0177,true,1,2134954
7290113192508,false,בית השיטה מלפפונים במלח קטן 1317 320 גרם,בית השיטה,IL,מלפפון במלח 13-17,גרמים,560.00,100 גרם,false,,9.90,0.0177,true,1,2134955
7290113192515,false,בית השיטה מלפפונים במלח קטן מאוד 1825 320 גרם,בית השיטה,IL,מלפפון במלח 18-25,גרמים,560.00,100 גרם,false,,10.90,0.0195,true,1,2134956
7290113192522,false,בית השיטה מלפפונים בחומץ קטן מאוד 1825 290 גרם,בית השיטה,IL,מלפפון בחומץ 18-25,גרמים,560.00,100 גרם,false,,10.90,0.0195,true,1,2134957
7290113192539,false,בית השיטה מלפפונים במלח גדול 79 320 גרם,בית השיטה,IL,מלפפון במלח 7-9,גרמים,560.00,100 גרם,false,,6.50,0.0116,true,1,2134962
7290113192546,false,בית השיטה מלפפונים בחומץ גדול 79 290 גרם,בית השיטה,IL,מלפפון בחומץ 7-9,גרמים,560.00,100 גרם,false,,6.50,0.0116,true,1,2134963
7290113192560,false,בית השיטה פלפל שיפקה חריף כבוש 230 גרם,בית השיטה,IL,פלפל חריף שפקה,גרמים,560.00,100 גרם,false,,6.90,0.0123,true,1,2158200
7290113192577,false,בית השיטה כרוב כבוש חתוך 430 גרם,בית השיטה,IL,כרוב כבוש,גרמים,560.00,100 גרם,false,,7.90,0.0141,true,1,2134965
7290113192881,false,"טורטיה חיטה מופחת קלוריות, קוטר 20 ס""מ - 6 יח'",דין שיווק,IL,טורטיה חיטה מופחתת ק,גרמים,270.00,100 גרם,false,,10.90,0.0404,true,1,2144990
7290113192997,false,בית השיטה זית מרוקאי 340 גר',בית השיטה,IL,זית מרוקאי,גרמים,340.00,100 גרם,false,,11.90,0.0350,true,1,2148727
7290113193000,false,בית השיטהפלפל שיפקונית 230 גר',שוורצקוף& הנקל דיסלד,IL,שיפקונית,גרמים,560.00,100 גרם,false,,10.90,0.0195,true,1,2148728
7290113193321,false,"שמן זית כתית מעולה בית השיטה 750 מ""ל",בית השיטה,IL,שמן זית כתית מעולה,מיליליטרים,750.00,"100 מ""ל",false,,29.90,0.0399,true,1,2156674
7290113193369,false,תרסיס שמן קנולה בית השיטה,בית השיטה,,תרסיס שמן קנולה מזוכ,מיליליטרים,150.00,"100 מ""ל",false,,16.90,0.1127,true,1,2184962
7290113193406,false,"קוקטייל טבעות זיתים - זיתים ירוקים, שחורים מרינד",בית השיטה,IL,קוקטיל טבעות זיתים,גרמים,560.00,100 גרם,false,,11.90,0.0213,true,1,2149753
7290113193888,false,חצילים מוחמצים בית השיטה 320 גר',שוורצקוף& הנקל דיסלד,IL,חצילים מוחמצים,גרמים,560.00,100 גרם,false,,9.90,0.0177,true,1,2179398
7290113194090,false,בית השיטה טבעות קלמטה 280 גר',בית השיטה,IL,טבעות זיתים קלמטה,גרמים,560.00,100 גרם,false,,10.90,0.0195,true,1,2171208
7290113194632,false,ממרח שקדים שקדיה 500,דין שיווק,IL,ממרח שקדים 500 גרם,גרמים,500.00,100 גרם,false,,49.90,0.0998,true,1,2168874
7290113194649,false,מלפפונים במלח קוביות בית השיטה 320 גר',בית-השיטה עסיס תעשיו,IL,מלפפונים במלח קוביות,גרמים,560.00,100 גרם,false,,8.90,0.0159,true,1,2178037
7290113195042,false,מלפפון חמוץ במלח כבישה ביתית בית השיטה 750 גר',שוורצקוף& הנקל דיסלד,IL,מלפפון במלח כבישה בי,גרמים,1500.00,100 גרם,false,,25.90,0.0173,true,1,2179399
7290113195066,false,חלבה טורקית בטעם וניל 400 גרם,,,חלבה טורקית בטעם וני,גרמים,400.00,100 גרם,false,,11.90,0.0298,true,1,2246486
7290113195073,false,חלווה טורקית עם פיסט,,,חלבה טורקית עם פיסטו,גרמים,400.00,100 גרם,false,,13.90,0.0348,true,1,2246487
7290113195080,false,חלבה טורקית בטעם שוקו וניל 400 גרם,,,חלבה טורקית בטעם שוק,גרמים,400.00,100 גרם,false,,11.90,0.0298,true,1,2246488
7290113195158,false,בית השיטה מיקס רצועות פלפל 12*215גרם,,,מיקס רצועות פלפל בית,גרמים,215.00,100 גרם,false,,9.90,0.0460,true,1,2200326
7290113195264,false,ממרח פלפלים קלויים 360 ג',דין שיווק,,ממרח פלפלים קלויים 3,גרמים,360.00,100 גרם,false,,9.90,0.0275,true,1,2197341
7290113195356,false,שמן קנולה מזוכך בית,בית השיטה,,שמן קנולה מזוכך בית,ליטרים,1.00,ליטר,false,,14.90,14.9000,true,1,2213220
7290113195363,false,שמן חמניות מזוכך בית,בית השיטה,,שמן חמניות מזוכך בית,ליטרים,1.00,ליטר,false,,13.90,13.9000,true,1,2213225
7290113195479,false,קמח שקדים 200 גר שקד,דין שיווק,IL,קמח שקדים 200 גרם -,גרמים,200.00,100 גרם,false,,12.90,0.0645,true,1,2197350
7290113195929,false,רצועות גזר בתחמיץ בי,,,רצועות גזר בתחמיץ בי,גרמים,215.00,100 גרם,false,,6.90,0.0321,true,1,2200327
7290113195967,false,שיבולת שועל שקדיה פח,דין שיווק,IL,שיבולת שועל פחית 500,גרמים,500.00,100 גרם,false,,9.90,0.0198,true,1,2197355
7290113196414,false,"אורז בסמטי שקדיה 1 ק""ג",קריות זול,IN,"אורז בסמטי 1 ק""ג שקד",קילוגרמים,1.00,"ק""ג",false,,9.90,9.9000,true,1,2226165
7290113196490,false,פריכיות כוסמת בתוספת זרעי ציה שקדיה 150 ג',דין שיווק,IL,פריכיות כוסמת צ'יה 1,גרמים,150.00,100 גרם,false,,10.90,0.0727,true,1,2217268
7290113196513,false,פריכיות כוסמת בתוספת שקדים שקדיה 150 ג',דין שיווק,IL,פריכיות כוסמת שקדים,גרמים,150.00,100 גרם,false,,10.90,0.0727,true,1,2217270
7290113196520,false,פריכיות כוסמין ללא מלח שקדיה 150 ג',דין שיווק,IL,פריכיות כוסמין 150 ג,גרמים,150.00,100 גרם,false,,10.90,0.0727,true,1,2217271
7290113196759,false,ירקות מעורבים בסגנון מזרחי בטעם ביתי,בית השיטה,IL,שימורי ירקות מעורבים,גרמים,1500.00,100 גרם,false,,27.90,0.0186,true,1,2212284
7290113197169,false,חמאת בוטנים טבעית שק,,,חמאת בוטנים טבעית 51,גרמים,510.00,100 גרם,false,,15.90,0.0312,true,1,2265056
7290113197800,false,בית השיטה פלפל קלוי 400 גר',,,פלפל קלוי בית השיטה,גרמים,400.00,100 גרם,false,,11.90,0.0298,true,1,2248727
7290113197817,false,בית השיטה חציל קלוי 670 גר',בית השיטה,,חציל קלוי בית השיטה,גרמים,670.00,100 גרם,false,,10.90,0.0163,true,1,2248728
7290113197824,false,בית השיטה לבבות דקל 220 דקל,בית השיטה,,לבבות דקל בית השיטה,גרמים,400.00,100 גרם,false,,9.90,0.0248,true,1,2264593
7290113197855,false,תירס גמדי בית השיטה,בית השיטה,,תירס גמדי בית השיטה,גרמים,425.00,100 גרם,false,,9.90,0.0233,true,1,2264594
7290113197923,false,בית השיטה טונה בשמן קנולה *4,,,טונה בשמן קנולה *4 ב,גרמים,560.00,100 גרם,false,,24.90,0.0445,true,1,2264599
7290113198029,false,פקאן מצופה חלבה שקדי,דין שיווק,IL,פקאן מצופה חלבה 150,גרמים,150.00,100 גרם,false,,14.90,0.0993,true,1,2220522
7290113198067,false,פקאן מצופה שוקולד לבן 150 ג',"דין שיווק וקליה בע""מ",IL,פקאן מצופה שוקולד לב,גרמים,150.00,100 גרם,false,,14.90,0.0993,true,1,2220526
7290113199323,false,טורטיה מיני 150ג' שקדיה,,TR,טורטיה מיני 150 גרם,גרמים,150.00,100 גרם,false,,4.90,0.0327,true,1,2265039
7290113273009,false,פילה נסיכת הנילוס 50,,,פילה נסיכת הנילוס 50,קילוגרמים,1.00,"ק""ג",true,,39.90,39.9000,true,1,2283563
7290113274761,false,פילה בקלה מצופה פירו,,,פילה בקלה מצופה פירו,קילוגרמים,1.00,"ק""ג",true,,59.90,59.9000,true,1,2283517
7290113300125,false,בונזו מקלות בקר 50 ג,"ביופט- מזון לבע""ח",,בונזו מקלות בקר 50 ג,גרמים,50.00,100 גרם,false,,7.90,0.1580,true,1,2138090
7290113300156,false,בונזו מקלות עוף 50 ג,"ביופט- מזון לבע""ח",,בונזו מקלות עוף 50 ג,גרמים,50.00,100 גרם,false,,7.90,0.1580,true,1,2138092
7290113300217,false,פאוצ' לה קט בקר ברוטב 85 ג',יו פי אף,FR,פאוץ נתחוני לה קט עם,יחידה,0.00,יחידה,false,,3.90,0.0000,true,1,2275054
7290113300224,false,פאוצ' לה קט סלמון ברוטב 85 ג',"ביופט- מזון לבע""ח",,פאוץ נתחוני לה קט עם,גרמים,85.00,100 גרם,false,,3.90,0.0459,true,1,2138098
7290113300231,false,פאוצ' לה קט בקר ג'לי 85 ג',"ביופט- מזון לבע""ח",FR,פאוץ נתחוני לה קט עם,גרמים,85.00,100 גרם,false,,3.90,0.0459,true,1,2138099
7290113300255,false,פאוצ' להקט פורל ג'לי 85 גר',יו פי אף,FR,פאוץ נתחוני לה קט עם,יחידה,0.00,יחידה,false,,3.90,0.0000,true,1,2275056
7290113300262,false,פאוצ' לה קט טונה ג'לי 85 ג',"ביופט- מזון לבע""ח",,פאוץ נתחוני לה קט עם,גרמים,85.00,100 גרם,false,,3.90,0.0459,true,1,2138104
7290113310155,false,טופר אקרילי לעוגה- 1 יח- HB זהב,,,טופר אקרילי לעוגה- 1,יחידה,0.00,יחידה,false,,9.90,0.0000,true,1,1959953
7290113310292,false,טופר קטן עם גליטר- 1,,,טופר קטן עם גליטר- 1,יחידה,0.00,יחידה,false,,2.90,0.0000,true,1,1959957
7290113312708,false,וילון מטאלי פרנזים-,,,וילון מטאלי פרנזים-,יחידה,0.00,יחידה,false,,7.90,0.0000,true,1,2185160
7290113560055,false,מי פה ללא אלכוהול בטעם מנטה מרענן,פרודונטקס Parodontax,,פרודונטקס מי פה טיפו,מיליליטרים,500.00,"100 מ""ל",false,,29.90,0.0598,true,1,2162454
7290113560062,false,"סנסודיין - משחת שיניים להלבנה עדינה משאבה 100 מ""ל",סנסודיין Sensodyne,,סנסודיין משאבה לבנה,מיליליטרים,100.00,"100 מ""ל",false,,24.90,0.2490,true,1,2161962
7290113560109,false,משחת שיניים פרודונטקס בטעם צמחי,פרודונטקס Parodontax,,משחת שיניים פרודונטק,מיליליטרים,75.00,"100 מ""ל",false,,29.90,0.3987,true,1,2178739
7290113599666,false,שקית קרטון בסיס 190,,,שקית קרטון בסיס 190,יחידה,0.00,יחידה,false,,9.90,0.0000,true,1,2185178
7290114310215,false,"**טרה שמנת מתוקה 38% 250 מ""ל בקבוק.",מילקו תעשיות בעמ,IL,"שמנת מתוקה 250 מ""ל 3",מיליליטרים,250.00,"100 מ""ל",false,,6.40,0.0256,true,1,2180068
7290114310222,false,חלב 1.5 ליטר 3% מועשר בסידן וויטמין D.,מילקו תעשיות בעמ,IL,חלב מועשר בסידן וויט,ליטרים,1.50,ליטר,false,,11.90,7.9333,true,1,2159352
7290114310239,false,חלב טרה נטול לקטוז מועשר בוויטמין D 2% 1.5 ל',מילקו תעשיות בעמ,IL,חלב נטול לקטוז מועשר,ליטרים,1.50,ליטר,false,,11.90,7.9333,true,1,2159353
7290114310246,false,גבינת גרנה פדנו מחלב בקר 29%,מחלבת משק צוריאל,IL,גבינה גרנה פדנו צאנק,גרמים,125.00,100 גרם,false,,17.90,0.1432,true,1,2180069
7290114310253,false,גבינה גרנה פדנו מגו,,,גבינה גרנה פדנו מגו,גרמים,100.00,100 גרם,false,,11.90,0.1190,true,1,2180070
7290114310345,false,מעדן יוגורט - תות 1.5% 125 גרם,טרה,,מעדן חלב תות 125 גרם,גרמים,125.00,100 גרם,false,,2.70,0.0216,true,1,2172307
7290114310383,false,מולר קציפת יוגורט בטעם וניל צרפתי 97 גרם,מולר Muller,IL,יוגורט מולר פרופ 3%,מיליליטרים,150.00,"100 מ""ל",false,,4.70,0.0313,true,1,2266222
7290114310390,false,"מולר פרופ קציפת יוגורט בננה לוטי 5% 150 מ""ל",מולר Muller,IL,יוגורט מולר פרופ 3%,מיליליטרים,150.00,"100 מ""ל",false,,4.70,0.0313,true,1,2266227
7290114310406,false,"מולר פרופ קציפת יוגורט תות 5% 150 מ""ל",מולר Muller,IL,יוגורט מולר פרופ 3%,מיליליטרים,150.00,"100 מ""ל",false,,4.70,0.0313,true,1,2266228
7290114310536,false,יוגורט לייט מעושר בחלבון בטעם וניל מולר 200 ג',מולר Muller,IL,יוגורט מולר אקטיב לי,גרמים,200.00,100 גרם,false,,5.80,0.0290,true,1,2185072
7290114310567,false,לאבנה עיזים 5% שומן 200 גרם,משק צוריאל,IL,לאבנה עזים 5% משק צו,גרמים,200.00,100 גרם,false,,13.90,0.0695,true,1,2202400
7290114310574,false,גבינת קרם שמנת עיזים 5% 200 גרם צוריאל,משק צוריאל,IL,קרם שמנת עזים מעודנת,גרמים,200.00,100 גרם,false,,12.90,0.0645,true,1,2202379
7290114310611,false,"משקה חלב בננה בבקבוק פקק ספורט טרה 250 מ""ל",Unknown,IL,משקה חלב בננה טרה מו,מיליליטרים,250.00,"100 מ""ל",false,,5.20,0.0208,true,1,2200684
7290114310673,false,גבינת לאבנה 9% 250 גרם,טרה,IL,לאבנה טרה 9% 250 גרם,גרמים,250.00,100 גרם,false,,12.90,0.0516,true,1,2202358
7290114310895,false,סימפלי מולר מאגדת שמינייה מנגו תות 1.5% 150X8 גר',מולר Muller,IL,מאגדת 8 יוגורט מולר,גרמים,1200.00,100 גרם,false,,29.90,0.0249,true,1,2227407
7290114310963,false,יוגורט מחלב עיזים מלא כ3.8% שומן מועשר 500 גר',משק צוריאל,IL,יוגורט מחלב עזים מלא,מיליליטרים,500.00,"100 מ""ל",false,,12.90,0.0258,true,1,2229769
7290114311014,false,"משקה חלב אייס קפוצ'ינו בבקבוק 250 מ""ל",Unknown,IL,שוקו טרה מועשר בבקבו,מיליליטרים,250.00,"100 מ""ל",false,,5.20,0.0208,true,1,2252175
7290114311021,false,משקה חלב בטעם וניל עוגיות 1.5% שומן,Unknown,IL,שוקו טרה מועשר בבקבו,מיליליטרים,250.00,"100 מ""ל",false,,5.20,0.0208,true,1,2252176
7290114311038,false,שמנת מתוקה עמידה 32% 250מל בקבוק,מילקו,IL,שמנת מתוקה 32%,מיליליטרים,250.00,"100 מ""ל",false,,6.90,0.0276,true,1,2252188
7290114311069,false,יוגורט לבן מועשר בחלבון 0% שומן 200 גרם muller active,מולר Muller,IL,מולר אקטיב לבן,גרמים,200.00,100 גרם,false,,5.50,0.0275,true,1,2245483
7290114311076,false,"חמאת מולר צהובה עם שום, 200 גרם",מולר Muller,IL,חמאת מולר צהובה עם ש,גרמים,200.00,100 גרם,false,,10.90,0.0545,true,1,2253754
7290114311083,false,"חמאת מולר צהובה עם מלח, 200 גרם",מילקו,IL,חמאת מולר צהובה עם מ,גרמים,200.00,100 גרם,false,,10.90,0.0545,true,1,2253755
7290114311106,false,מולר נטורל חצוי+יוגורט ביו+גרנולה וסירופ עם סילאן 177 ג',מולר,IL,מולר נטורל +יוגורט ב,גרמים,177.00,100 גרם,false,,6.40,0.0362,true,1,2239120
7290114311298,false,יוגורט קציפת תות בננה מלון 150 ג' מולר,מולר Muller,IL,יוגורט מולר פרופ 3%,גרמים,150.00,100 גרם,false,,4.70,0.0313,true,1,2259814
7290114311304,false,יוגורט קציפת מנגו פסיפלורה בננה 150 ג' מולר,מולר Muller,IL,יוגורט מולר פרופ 3%,גרמים,150.00,100 גרם,false,,4.70,0.0313,true,1,2259815
7290114311328,false,חלב נטול לקטוז 2% שומן מועשר בויטמין D,ג'י.אר.אמ.גרופו אלימ,IL,חלב מועשר דל לקטוז 2,ליטרים,1.00,ליטר,false,,7.40,7.4000,true,1,2264080
7290114311359,false,יוגורט עם קציפת מנגו 3% שומן פרופ 150 ג' מולר,מולר Muller,IL,יוגורט מולר פרופ 3%,גרמים,150.00,100 גרם,false,,4.70,0.0313,true,1,2259809
7290114311434,false,"מולר אקטיב בטעם קרמל מלוח 0% שומן, 200 גרם",מולר Muller,IL,יוגורט מולר אקטיב קר,גרמים,200.00,100 גרם,false,,5.80,0.0290,true,1,2278513
7290114311441,false,"מולר אקטיב בטעם עוגיות חמאה 0% שומן, 200 גרם",מולר Muller,IL,יוגורט מולר אקטיב עם,גרמים,200.00,100 גרם,false,,5.80,0.0290,true,1,2266233
7290114311526,false,מולר יוגורט פרופ עם קציפת תפוז ג'ינג'ר 3%,מולר Muller,IL,יוגורט מולר פרופ קצי,מיליליטרים,150.00,"100 מ""ל",false,,4.70,0.0313,true,1,2278514
7290114311533,false,מולר יוגורט פרופ עם קציפה בטעם סנגריה 3%,מולר Muller,IL,יוגורט מולר פרופ בט,מיליליטרים,150.00,"100 מ""ל",false,,4.70,0.0313,true,1,2278519
7290114311557,false,יוגורט נטורל ו גרנולה בתוספת סירופ מייפל 170 ג' מולר,מולר Muller,IL,מולר נטורל גרנולה ומ,גרמים,177.00,100 גרם,false,,6.40,0.0362,true,1,2278520
7290114600750,false,קו-קווים חטיף אפוי עם גבינת פקורינו - חלבי,הדקלאים אגודת שיתופי,IT,חטיף אפוי עם גבינת פ,גרמים,150.00,100 גרם,false,,11.90,0.0793,true,1,2160036
7290114600767,false,FREE קו-קווים חטיף אפוי עם זיתים ועגבניות 150 גר',הדקלאים אגודת שיתופי,IT,חטיף אפוי עם זיתים ו,גרמים,150.00,100 גרם,false,,11.90,0.0793,true,1,2160037
7290114600774,false,FREE קו-קווים חטיף אפוי עם רוזמרין 150 גר',הדקלאים אגודת שיתופי,IT,חטיף אפוי עם רוזמרין,גרמים,150.00,100 גרם,false,,11.90,0.0793,true,1,2160038
7290114600927,false,עלי טורטיה חיטה מלאה מאסטר שף 320 ג',אלקטי קורביישיסי,ES,טורטיה חיטה מלאה מאס,גרמים,320.00,100 גרם,false,,9.90,0.0309,true,1,2177026
7290114600941,false,מיונז מאסטר שף מיונז לחיץ 435 ג',קפה לנדוור,NL,מיונז לחיץ מאסטר שף,גרמים,435.00,100 גרם,false,,12.90,0.0297,true,1,2180911
7290114600996,false,"רוטב שום מאסטר שף 250 מ""ל",קפה לנדוור,NL,רוטב שום מאסטר שף 25,מיליליטרים,250.00,"100 מ""ל",false,,9.90,0.0396,true,1,2167927
7290114603034,false,"פרי גרנולה אגוזים צימוקים וחמוציות, 300 ג'","אפקט טבעי בע""מ",IL,פרי גרנולה אגוזים/צי,גרמים,300.00,100 גרם,false,,17.90,0.0597,true,1,2181599
7290114603041,false,"פרי גרנולה בוטנים אגוזים וקוקוס, 300 ג'","אפקט טבעי בע""מ",IL,פרי גרנולה בוטנים/אג,גרמים,300.00,100 גרם,false,,17.90,0.0597,true,1,2181600
7290114603508,false,"רוטב להקצפה מאסטר שף 300 מ""ל",מאסטר שף,TH,רוטב להקפצה מאסטר שף,מיליליטרים,300.00,"100 מ""ל",false,,9.90,0.0330,true,1,2169882
7290114603515,false,מאסטר שף רוטב קארי אדום 340 גרם,תאי סופרים,TH,רוטב קארי אדום מאסטר,גרמים,340.00,100 גרם,false,,14.90,0.0438,true,1,2174414
7290114603522,false,רוטב קארי ירוק מאסטר שף 340 ג',תאי סופרים,TH,רוטב קארי ירוק מאסטר,גרמים,340.00,100 גרם,false,,14.90,0.0438,true,1,2174415
7290114603539,false,מאסטר שף קרוטונים למרק שום בצל 350ג,מאסטר שף,IL,קרוטונים למרק 350 גר,גרמים,350.00,100 גרם,false,,17.90,0.0511,true,1,2169864
7290114603591,false,פוף PLAY בטעם קטשופ 40 גר',,,חטיף פוף משולש אפוי,גרמים,40.00,100 גרם,false,,3.90,0.0975,true,1,2158480
7290114603607,false,פוף PLAY בטעם חמוץ חריף 40 גר',,,חטיף פוף משולש אפוי,גרמים,40.00,100 גרם,false,,3.90,0.0975,true,1,2158490
7290114603768,false,"אג'קס לשירותים, זוג 2 * 750 מ""ל",,,אג'קס לשירותים 750 מ,מיליליטרים,1500.00,"100 מ""ל",false,,29.90,0.0199,true,1,2167921
7290114604840,false,דפי אורז קוטר 16 מאסטר שף 400 ג',מאסטר שף,,דפי אורז עגולים קוטר,גרמים,400.00,100 גרם,false,,9.90,0.0248,true,1,2181586
7290114604857,false,דפי אורז קוטר 22 מאסטר שף 400 ג',מאסטר שף,,דפי אורז עגולים קוטר,גרמים,400.00,100 גרם,false,,9.90,0.0248,true,1,2181587
7290114604864,false,קוסקוס דק מאסטר שף 350 ג',דוידוביץ,IL,קוסקוס סולת דק מאסט,גרמים,350.00,100 גרם,false,,5.90,0.0169,true,1,2181578
7290114604871,false,קוסקוס בינוני מאסטר שף 350 ג',דוידוביץ,IL,קוסקוס סולת בינוני מ,גרמים,350.00,100 גרם,false,,5.90,0.0169,true,1,2181579
7290114604895,false,ממרח ספייסי לחיץ 446 גר' מאסטר שף,מאסטר שף,NL,ממרח ספייסי לחיץ מאס,גרמים,446.00,100 גרם,false,,12.90,0.0289,true,1,2203286
7290114604901,false,ממרח שום לחיץ מאסטר שף444 ג',מאסטר שף,NL,ממרח שום לחיץ מאסטר,גרמים,444.00,100 גרם,false,,12.90,0.0291,true,1,2203287
7290114604925,false,"מאסטר שף אסייאתי קרם קוקוס לייט 400 מ""ל","תאי קוקונאט חברה בע""",TH,קרם קוקוס לייט 400 מ,מיליליטרים,400.00,"100 מ""ל",false,,7.90,0.0198,true,1,2220164
7290114604932,false,רוטב ברביקיו דבש מאסטר שף 520 ג',רמיה סי.וי. הולנד,NL,רוטב ברביקיו דבש מא,גרמים,520.00,100 גרם,false,,9.90,0.0190,true,1,2210169
7290114604949,false,רוטב ברביקיו מאסטר שף 524 ג',רמיה סי.וי. הולנד,NL,רוטב ברביקיו מאסטר ש,גרמים,524.00,100 גרם,false,,9.90,0.0189,true,1,2210170
7290114604963,false,מאסטר שף פירורי לחם מתובלים 230ג,מאסטר שף,IL,פירורי לחם מתובלים מ,גרמים,230.00,100 גרם,false,,7.90,0.0343,true,1,2183152
7290114605533,false,משטח חיתוך חד פעמי 30 יח' קוקי,,,משטח חיתוך חד פעמי,גרמים,276.00,100 גרם,false,,19.90,0.0721,true,1,2251730
7290114605557,false,נייר עטיפה לסנדוויץ קוקי 80 יח',כרמל,CN,נייר עטיפה לסנדוויץ-,יח',80.00,יח',false,,12.90,0.1613,true,1,2201337
7290114605571,false,תבנית אפייה מתקפלת ק,כרמל,CN,תבנית אפייה מתקפלת ק,יח',3.00,יח',false,,12.90,4.3000,true,1,2199893
7290114606530,false,רוטב בטעם מיונז וקטשופ מאסטר שף 515 ג',מאסטר שף,NL,רוטב בטעם מיונז וקטש,גרמים,515.00,100 גרם,false,,12.90,0.0250,true,1,2203288
7290114606547,false,מיונז עם פטריות כמהין מאסטר שף 242 ג',מאסטר שף,NL,מיונז עם פיטריות כמה,גרמים,242.00,100 גרם,false,,12.90,0.0533,true,1,2203289
7290114606554,false,מיונז מופחת קלוריות בקבוק לחיץ,מאסטר שף,NL,מיונז לייט לחיץ מאסט,גרמים,470.00,100 גרם,false,,12.90,0.0274,true,1,2203290
7290114606578,false,מאסטר שף שקדי מרק 400 גר,,,שקדי מרק מאסטר שף 40,גרמים,400.00,100 גרם,false,,7.90,0.0198,true,1,2228952
7290114606592,false,רוטב סויה מסורתי מכיל 46% פולי סויה,קריניציה ויטמינה אס,TH,סויה 46% פולי סויה מ,מיליליטרים,620.00,"100 מ""ל",false,,9.90,0.0160,true,1,2226188
7290114606608,false,מאסטר שף סויה מסורתית דל נתרן,קריניציה ויטמינה אס,TH,סויה 40% פולי סויה מ,מיליליטרים,620.00,"100 מ""ל",false,,9.90,0.0160,true,1,2226189
7290114607315,false,"מקס וויט מארז זוג 125 מ""ל",קולגייט פלמוליב,PL,מארז זוג קולגייט ויי,מיליליטרים,250.00,"100 מ""ל",false,,24.90,0.0996,true,1,2203344
7290114608169,false,פרי גרנולה קפה וקקאו עם אגוזים 300 גר',,,פרי גרנולה קפה וקקאו,גרמים,300.00,100 גרם,false,,17.90,0.0597,true,1,2231078
7290114608640,false,קרוטונים לסלט כוסמין מאסטר שף 260 גר',EinatFood,IL,קרוטונים לסלט כוסמין,גרמים,260.00,100 גרם,false,,17.90,0.0688,true,1,2219391
7290114651868,false,קערה עם קש פורזן,,,קערה עם קש פורזן,יחידה,0.00,יחידה,false,,9.90,0.0000,true,1,2127382
7290114657297,false,מיני פופ סוכריה על מקל עם כדור 8גר LOL,Unknown,,מיני פופ סוכריה על מ,גרמים,8.00,100 גרם,false,,5.90,0.7375,true,1,2174306
7290114657686,false,משקפיים מנייר HB - 4,,,משקפיים מנייר HB - 4,יחידה,0.00,יחידה,false,,4.90,0.0000,true,1,2185241
7290114659949,false,50 מסכות כירוגיות- חדש,,,מארז מסיכות 50 יח',יח',50.00,יח',false,,9.90,0.1980,true,1,2183809
7290114821469,false,כבד דג שיבוט מעושן במיץ טבעי 120 גרם,אופיסר Officer,,מעדן כבד דג מעושן 12,גרמים,120.00,100 גרם,false,,10.90,0.0908,true,1,2185065
7290115072846,false,מזוודה עם סוכריות בר,,,מזוודה עם סוכריות בר,יחידה,0.00,יחידה,false,,9.90,0.0000,true,1,2240018
7290115072945,false,מקל מוזיקה בצורת כוכב בארבי עם סוכריות 5גר' 12/6,,,מקל מוזיקה כוכב ברבי,יחידה,0.00,יחידה,false,,12.90,0.0000,true,1,2240024
7290115073676,false,מסכות כירוגית שחורות 50 יח',שמחה זה אנחנו,CN,מסיכה לפנים חד-פעמי,יח',50.00,יח',false,,9.90,0.1980,true,1,2181460
7290115077698,false,קערת במבוק מיקי מא,,,קערת במבוק מיקי מא,יחידה,0.00,יחידה,false,,9.90,0.0000,true,1,2240040
7290115200003,false,פתי בר פינוקי וניל 220 גר' אסם,תאי פרזידנט פוד פאבל,PL,פתיבר פינוקי וניל 22,גרמים,220.00,100 גרם,false,,10.90,0.0495,true,1,2160462
7290115200027,false,פתי בר פינוקי שוקו 220 גר' אסם.,קריות זול,PL,פתיבר פינוקי שוקו 22,גרמים,220.00,100 גרם,false,,10.90,0.0495,true,1,2160463
7290115200676,false,עוגיות קרמוגית במילוי קרם בטעם קרמל מלוח,היינץ צפון אמריקה מק,IL,עוגיות קרמוגית קרמל,גרמים,200.00,100 גרם,false,,10.90,0.0545,true,1,2172354
7290115200713,false,מארז במבה קלאסי 5*50 ג' אסם,אסם,IL,מארז במבה קלאסי 5*50,גרמים,250.00,100 גרם,false,,12.90,0.0516,true,1,2159041
7290115200782,false,חמישית פיתות בונזור,Unknown,,חמישייה פיתות,גרמים,500.00,100 גרם,false,,5.90,0.0118,true,1,2162424
7290115201031,false,אסם פתיבר דובוני שוקולד 175 גרם,טרופיקל דגיל תעשיות,PL,פתיבר דובי שוקולד 17,גרמים,178.00,100 גרם,false,,9.90,0.0556,true,1,2199864
7290115201277,false,בונזור לחם מחמצת עם בצלים 550 ג',בונז'ור,,לחם מחמצת עם בצלים,יחידה,0.00,יחידה,false,,16.90,0.0000,true,1,2169509
7290115201338,false,בונזור לחם מחמצת כפרי עם חמוציות 550 ג',בונז'ור,,לחם מחמצת כפרי עם חמ,יחידה,0.00,יחידה,false,,16.90,0.0000,true,1,2169511
7290115201451,false,טבעול גורמה לביבות בטטה 455 גר',טבעול (מקבוצת אסם הש,IL,טבעול גורמה לביבות ב,גרמים,455.00,100 גרם,false,,32.90,0.0723,true,1,2242320
7290115201475,false,טבעול גורמה לביבות כרישה 434 גר',טבעול (מקבוצת אסם הש,IL,טבעול גורמה לביבות כ,גרמים,434.00,100 גרם,false,,32.90,0.0758,true,1,2242321
7290115201536,false,טבעול גורמה לביבות כרובית ותפוא 442 גר',עיצובים 2020 (4.8),,טבעול גורמה לביבות כ,גרמים,442.00,100 גרם,false,,32.90,0.0744,true,1,2242322
7290115201680,false,ביסלי ברביקיו אסם 70,"אסם השקעות בע""מ",IL,ביסלי ברביקיו 70 גרם,גרמים,70.00,100 גרם,false,,4.30,0.0614,true,1,2175696
7290115201703,false,ביסלי בטעם ברביקיו 200 ג' אסם,מיוצר עי קונדיטוריית,IL,ביסלי ברביקיו 200 גר,גרמים,200.00,100 גרם,false,,7.90,0.0395,true,1,2175697
7290115201727,false,ביסלי בטעם בצל 200 ג' אסם,מיוצר עי קונדיטוריית,IL,ביסלי בצל 200 גרם.,גרמים,200.00,100 גרם,false,,7.90,0.0395,true,1,2175698
7290115201741,false,ביסלי בטעם בצל אסם 7,"אסם השקעות בע""מ",IL,ביסלי בצל 70 גרם,גרמים,70.00,100 גרם,false,,4.30,0.0614,true,1,2175699
7290115202212,false,טבעול גורמה לביבות סלק 434 גר',עיצובים 2020 (4.8),,טבעול גורמה לביבות ס,גרמים,434.00,100 גרם,false,,32.90,0.0758,true,1,2242323
7290115202236,false,טבעול טופו קראנצים 470 גר',עיצובים 2020 (4.8),IL,טבעול טופו קראנצים,גרמים,470.00,100 גרם,false,,29.90,0.0636,true,1,2231660
7290115202786,false,מנה חמה פאוצ' נדלס טעם בקר 70 ג' אסם,Unknown,,מנה חמה פאוצ נודלס,גרמים,70.00,100 גרם,false,,4.90,0.0700,true,1,2200341
7290115202816,false,מנה חמה פאוצ' נדלס טעם עוף 70 ג' אסם,Unknown,,מנה חמה פאוצ נודלס,גרמים,70.00,100 גרם,false,,4.90,0.0700,true,1,2200342
7290115202847,false,מנה חמה פאוצ' נדלס ספייסי אסם 70 ג',Unknown,,מנה חמה פאוצ נודלס,גרמים,70.00,100 גרם,false,,4.90,0.0700,true,1,2200343
7290115203134,false,פופקו פופקורן במבה - פופקורן בציפוי קרמל ובוטנים,"אסם השקעות בע""מ",IL,פופקו פופקורן במבה,גרמים,80.00,100 גרם,false,,4.50,0.0563,true,1,2208328
7290115203172,false,במבה PRO מכיל 18 גרם חלבון בשקית,"אסם השקעות בע""מ",IL,במבה פרו 80 גרם,גרמים,80.00,100 גרם,false,,4.50,0.0563,true,1,2265916
7290115203486,false,פירורית בטעם ביסלי גריל אסם 200 גר',קיבוץ עינת,IL,פירורית ביסלי גריל 2,גרמים,200.00,100 גרם,false,,5.90,0.0295,true,1,2202204
7290115204018,false,מנה חמה איטלקי פסטה בסגנון אלפרדו 60 ג' אסם,נסטלה,IL,מנה חמה איטלקי פסטה,גרמים,60.00,100 גרם,false,,6.50,0.1083,true,1,2202196
7290115204056,false,אסם קטשופ מופחת סוכר 690 גר',קריות זול,IL,קטשופ 56% פחות סוכר,גרמים,690.00,100 גרם,false,,12.90,0.0187,true,1,2201332
7290115204131,false,צבר סחוג ירוק 6*190גרם חדש,צבר,,סחוג ירוק 190 גרם,גרמים,190.00,100 גרם,false,,10.90,0.0574,true,1,2234238
7290115204155,false,סחוג אדום המעדנייה ש,צבר,,סחוג אדום 190 גרם,גרמים,190.00,100 גרם,false,,10.90,0.0574,true,1,2234239
7290115204186,false,פסטו המעדינה של צבר,צבר,,ממרח פסטו 190 גרם,גרמים,190.00,100 גרם,false,,14.90,0.0784,true,1,2234225
7290115204247,false,ממרח עגבניות מיובשות 190 ג' צבר,צבר,,ממרח עגבניות מיובשות,גרמים,190.00,100 גרם,false,,14.90,0.0784,true,1,2234233
7290115204261,false,אריסה חריפה המעדנייה,צבר,,אריסה 190 גרם,גרמים,190.00,100 גרם,false,,10.90,0.0574,true,1,2234240
7290115205022,false,אוסם - שקדי מרק מקלונים 350 גרם,אסם,IL,שקדי מרק מקלונים 350,גרמים,350.00,100 גרם,false,,12.90,0.0369,true,1,2220041
7290115205176,false,פיטנס - קרקר דק כפרי פיטנס 140 גרם,נסטלה Nestle,IL,חטיפי קרקר דק כפרי פ,גרמים,140.00,100 גרם,false,,10.90,0.0779,true,1,2226647
7290115205251,false,פיטנס בר פריכיות קרמל מלוח 84 גרם,כרמית,IL,פירכיות פיטנס קרמל מ,גרמים,84.00,100 גרם,false,,11.90,0.1417,true,1,2266533
7290115205312,false,קרקר פיטנס דק עם זיתי קלמטה ועשבי תיבול,"אסם השקעות בע""מ",IL,חטיפי קרקר זיתים פיט,גרמים,140.00,100 גרם,false,,10.90,0.0779,true,1,2248963
7290115205527,false,פיטנס חטיף מולטגריין עם עדשים 25גר,פיטנס,IL,חטיף פיטנס עם עדשים,גרמים,25.00,100 גרם,false,,4.90,0.1960,true,1,2258303
7290115205541,false,חטיף מולטיגריין עם חומוס 25 ג' פיטנס,"אסם השקעות בע""מ",IL,חטיף פיטנס עם חומוס,גרמים,25.00,100 גרם,false,,4.90,0.1960,true,1,2258304
7290115205633,false,טבעול סנסשיונל/גורמה נקנקיות 350 גר',עיצובים 2020 (4.8),,טבעול סנסשיונל נקנקי,גרמים,350.00,100 גרם,false,,32.90,0.0940,true,1,2242324
7290115205695,false,אסם בונזור בצק מצונן לפיצה 460 גר',נסטלה סוויס (שוויץ),IL,בצק מצונן לפיצה בונז,גרמים,460.00,100 גרם,false,,18.90,0.0411,true,1,2234219
7290115205718,false,בצק מצונן עלים 230 גר' בונז'ור,נסטלה סוויס (שוויץ),IL,בצק מצונן עלים בונזו,גרמים,230.00,100 גרם,false,,14.90,0.0648,true,1,2234220
7290115205978,false,פתיבר ואצבעות שוקולד 180 גרם - רבנות,"ד""ר ג'רארד בע""מ",PL,אסם פתי בר אצבעות שו,גרמים,180.00,100 גרם,false,,10.90,0.0606,true,1,2242325
7290115206135,false,טבעול גורמה ארוחת קינואה,טבעול (מקבוצת אסם הש,IL,טבעול גורמה ארוחת קי,גרמים,450.00,100 גרם,false,,32.90,0.0731,true,1,2242326
7290115206173,false,אסם פתי בר קרמל 500 גר',Unknown,,פתיבר קרמל 500 גרם.,גרמים,500.00,100 גרם,false,,11.90,0.0238,true,1,2226648
7290115206319,false,מטרנה פגים סנסיטיב 7,,,מטרנה פגים סנסיטיב 7,גרמים,700.00,100 גרם,false,,59.90,0.0856,true,1,2258720
7290115206333,false,"עוגיות מיני שוקוצ`יפס אסם, 225 גרם","אסם השקעות בע""מ",IL,אסם עוגיות מיני שוקו,גרמים,225.00,100 גרם,false,,10.90,0.0484,true,1,2242327
7290115206531,false,אסם קרמוגית במילוי קרם בייגלה 12*200 גרם,אסם-נסטלה,IL,עוגיות קרמוגית במילו,גרמים,200.00,100 גרם,false,,10.90,0.0545,true,1,2227212
7290115207484,false,צבר חציל על האש היתר 6*400גרם.,ג'נרל מילס סאן אדריא,IL,סלט חציל על האש,גרמים,360.00,100 גרם,false,,13.90,0.0386,true,1,2234251
7290115207507,false,צבר סלט טורקי 6*360גרם,מפעל צבר,IL,סלט טורקי 360גרם,גרמים,360.00,100 גרם,false,,13.90,0.0386,true,1,2234245
7290115207620,false,"רוטב בסגנון סויה קלאסי 290 מ""ל אסם",,,רוטב סויה קלאסי אסם,מיליליטרים,290.00,"100 מ""ל",false,,14.90,0.0514,true,1,2248972
7290115207682,false,"רוטב בסגנון סויה סיני 290 מ""ל",Unknown,,רוטב סויה בסגנון סינ,גרמים,330.00,100 גרם,false,,10.90,0.0330,true,1,2248974
7290115207798,false,טבעול המבורגר חריף טבעוני 420 גרם,עיצובים 2020 (4.8),,בורגר חריף טבעוני *6,גרמים,420.00,100 גרם,false,,29.90,0.0712,true,1,2246369
7290115207811,false,"טבעול נקניקיות טבעוניות, 418 גרם",עיצובים 2020 (4.8),,טבעול נקניקיות טבעונ,גרמים,418.00,100 גרם,false,,32.90,0.0787,true,1,2242331
7290115207965,false,סירופ מנגו ואפרסק 1 ל' ויטמינצ'יק,בית-השיטה עסיס תעשיו,IL,ויטמינצ'יק מנגו אפרס,ליטרים,1.00,ליטר,false,,19.90,19.9000,true,1,2237322
7290115207989,false,סירופ לימון 1 ל' ויטמינצ'יק,בית-השיטה עסיס תעשיו,IL,ויטמינצ'יק לימון 1 ל,ליטרים,1.00,ליטר,false,,19.90,19.9000,true,1,2237323
7290115208009,false,סירופ ענבים 1ל' ויטמינצ'יק,בית-השיטה עסיס תעשיו,IL,ויטמינצ'יק ענבים 1 ל,ליטרים,1.00,ליטר,false,,19.90,19.9000,true,1,2237324
7290115208047,false,סירופ פטל 1 ל' ויטמינצ'יק,בית-השיטה עסיס תעשיו,IL,ויטמינצ'יק פטל 1 ליט,ליטרים,1.00,ליטר,false,,19.90,19.9000,true,1,2237326
7290115208320,false,אפרופו חטיף בטעם ביסלי בצל 50 גרם,"אסם השקעות בע""מ",IL,אפרופו בטעם ביסלי בצ,גרמים,50.00,100 גרם,false,,4.50,0.0900,true,1,2277758
7290115208344,false,בייגלה כפיות שמנת בצל 300ג אסם,אסם,IL,בייגלה כפיות שמנת בצ,גרמים,300.00,100 גרם,false,,10.90,0.0363,true,1,2265930
7290115208597,false,אסם קרמוגית מיניס קרמל מלוח 200 גרם,"אסם השקעות בע""מ",IL,עוגיות קרמוגית מיניס,גרמים,200.00,100 גרם,false,,10.90,0.0545,true,1,2258755
7290115208696,false,רוטב פלפל שאטה 300 ג' אסם,,,רוטב פלפל שאטה אסם,מיליליטרים,300.00,"100 מ""ל",false,,10.90,0.0363,true,1,2274162
7290115208801,false,לחמית דבש ואגוזים 190ג אסם,Unknown,IL,לחמית דבש ואגוזים,גרמים,190.00,100 גרם,false,,9.90,0.0521,true,1,2265931
7290115208849,false,"מנה חמה פסטה מוקרמת ט.עוף בד""צ 55גר",קריות זול,IL,מנה חמה פירה עם בטטה,גרמים,55.00,100 גרם,false,,6.50,0.1182,true,1,2277759
7290115209198,false,במבה אורירית 80 ג' אסם,אסם השקעות בעמ,IL,במבה אוורירית 80 גרם,גרמים,80.00,100 גרם,false,,4.50,0.0563,true,1,2258305
7290115209235,false,אסם פתי בר קפה 500 גרם,קריות זול,IL,פתיבר קפה 500 ג,גרמים,500.00,100 גרם,false,,11.90,0.0238,true,1,2266535
7290115620689,false,צנצנת לתבלינים 100 מ,,,צנצנת לתבלינים 100 מ,יחידה,0.00,יחידה,false,,9.90,0.0000,true,1,2202438
7290115623109,false,"לקקן סיליקון 25 ס""מ",,,"לקקן סיליקון 25 ס""מ",יחידה,0.00,יחידה,false,,9.90,0.0000,true,1,2183914
7290115670677,false,גרנולה פירות טרופיים אנרג'י 400 גר',Unknown,,גרנולה פירות טרופיים,גרמים,400.00,100 גרם,false,,12.90,0.0323,true,1,2201059
7290115670684,false,גרנולה שיבולת שועל עם אגוזי לוז,אנרג'י Energy - שטראוס,,גרנולה אגוזים 400 גר,גרמים,400.00,100 גרם,false,,12.90,0.0323,true,1,2201060
7290115670691,false,גרנולה שיבולת שועל עם פירות יער,אנרג'י Energy - שטראוס,CZ,גרנולה פירות יער 400,גרמים,400.00,100 גרם,false,,12.90,0.0323,true,1,2201061
7290115670707,false,גרנולה שיבולת שועל עם שוקולד ואגוזי לוז,אנרג'י Energy - שטראוס,CZ,גרנולה שוקולד ואגוזי,גרמים,400.00,100 גרם,false,,12.90,0.0323,true,1,2201062
7290115671223,false,מסטיק מאסט פאן בצנצנת אבטיח מנגו,אסקום קונפקשיין,DE,קופסא מסטיק מאסט פאן,גרמים,58.00,100 גרם,false,,8.90,0.1534,true,1,2235098
7290115671308,false,מסטיק מאסט פאן בצנצנת תות דובדבן,אסקום קונפשטיין,DE,קופסא מסטיק מאסט פאן,גרמים,58.00,100 גרם,false,,8.90,0.1534,true,1,2235099
7290115671339,false,מיני פינוקיות בראוניז בייגל בוטן עלית 180 ג' עלית,הגביע מוצרי ופלים בע,IL,מיני פינוקיות בראוני,גרמים,180.00,100 גרם,false,,9.90,0.0550,true,1,2215745
7290115671346,false,מיני פינוקיות טופי קרמל מלוח 180 ג' עלית,הגביע מוצרי ופלים בע,IL,מיני פינוקיות טופי כ,גרמים,180.00,100 גרם,false,,9.90,0.0550,true,1,2215750
7290115671353,false,מיני פינוקיות עוגיות קקאו במילוי קרם בטעם וניל,עלית,IL,מיני פינוקיות שחור ל,גרמים,180.00,100 גרם,false,,9.90,0.0550,true,1,2235111
7290115675559,false,מארז קפה טורקי לדרך 70ג' עלית,שטראוס קפה בי.וי.,IL,מארז קפה טורקי לדרך,גרמים,70.00,100 גרם,false,,7.50,0.1071,true,1,2184782
7290115675702,false,דגני בוקר קראנצ'ים שיבולת שועל עם פירות מיובשים,גלידות שטראוס,IL,דגני בוקר קוואקר פיר,גרמים,375.00,100 גרם,false,,19.90,0.0531,true,1,2216446
7290115675719,false,דגני בוקר קראנצ'ים שיבולת שועל וחתיכות שוקולד מריר,קוואקר Quaker,IL,דגני בוקר קוואקר שוק,גרמים,375.00,100 גרם,false,,19.90,0.0531,true,1,2216447
7290115675986,false,יוגורט עם אגוזי לוז ושקדים בקרמל מלוח 4.5%,"שטראוס בריאות בע""מ",IL,דנונה בר עם אגוזים מ,גרמים,173.00,100 גרם,false,,4.80,0.0277,true,1,2183840
7290115676037,false,דנונה ריפרש יוגורט עם תות ודומדמניות 1.6% שומן,מיוצר עי קונדיטוריית,IL,דנונה לשתייה ריפרש ת,גרמים,250.00,100 גרם,false,,5.90,0.0236,true,1,2207260
7290115676051,false,"אקטיביה משקה+שיבולת שועל במתיקות מעודנת 250 מ""ל",מיוצר עי קונדיטוריית,IL,משקה אקטיביה עם ש.שו,גרמים,265.00,100 גרם,false,,5.20,0.0196,true,1,2229808
7290115676082,false,משקה דנונה פרו 20 יוגורט תות 255 ג' רבנות,"שטראוס בריאות בע""מ.",IL,משקה דנונה פרו 20 תו,גרמים,255.00,100 גרם,false,,7.20,0.0282,true,1,2207262
7290115676099,false,משקה דנונה פרו 20 יוגורט וניל 255 ג' רבנות,"שטראוס בריאות בע""מ.",IL,משקה דנונה פרו 20 ונ,גרמים,255.00,100 גרם,false,,7.20,0.0282,true,1,2207263
7290115676341,false,אריזות דבש אישיות טו גו 18 * 162 ג' יד מרדכי,קריות זול,IL,דבש טהור בסשטים 18 י,גרמים,162.00,100 גרם,false,,17.90,0.1105,true,1,2258138
7290115677089,false,קונפיטורה תפוח וקינמון יד מרדכי 340 ג',"ב.א מזון בע""מ",IL,קונפיטורת תות 340 גרם,גרמים,340.00,100 גרם,false,,12.90,0.0379,true,1,2214579
7290115677140,false,"תפוצ'יפס WAVY פפריקה, 200 ג'",שטראוס פריטו ליי בע”,IL,תפוצ'יפס 200 גרם פפר,גרמים,200.00,100 גרם,false,,9.90,0.0495,true,1,2277924
7290115677362,false,נודלס טריאקי 350 ג' דלישס,"טרופיקל דגיל בע""מ אז",IL,נודלס טריאקי,גרמים,350.00,100 גרם,false,,26.90,0.0769,true,1,2234375
7290115677409,false,אורז קארי צהוב עם ירקות ברוטב קארי וקרם קוקוס,אוכל ביתי ניר עציון,IL,אורז קארי צהוב,גרמים,350.00,100 גרם,false,,26.90,0.0769,true,1,2234379
7290115677676,false,חומוס עשיר בטחינה גולמית עם מלא חריף 400 גר אחלה,,,חומוס אחלה בתוספת חר,גרמים,400.00,100 גרם,false,,11.90,0.0298,true,1,2185528
7290115678222,false,מארז 8 גביעים יוגורט Greek בסגנון יווני 6.5% שומן,דנונה - שטראוס,IL,מארז 8 יוגורט יווני,גרמים,1040.00,100 גרם,false,,25.90,0.0249,true,1,2207271
7290115678376,false,מעדן הגולן שוקולד 125 גרם,מיוצר עי קונדיטוריית,IL,מעדן הגולן שוקולד 12,גרמים,125.00,100 גרם,false,,3.20,0.0256,true,1,2216332
7290115678383,false,מעדן הגולן שוקולד מריר 125 גר,מיוצר עי קונדיטוריית,IL,מעדן הגולן שוקולד מר,גרמים,125.00,100 גרם,false,,3.20,0.0256,true,1,2216333
7290115678635,false,נשנושי גבינה -גבינת שמנת 16%+כעכים שטוחים עם מלח,"מחלבת טבע עז בע""מ",IL,נשנושי גבינה 16% עם,גרמים,67.00,100 גרם,false,,7.90,0.1179,true,1,2264664
7290115678642,false,נשנושי גבינה 16% עם חטיף אפוי עם זיתים 67 ג' שטראוס,"מחלבת טבע עז בע""מ",IL,נשנושי גבינה 16% עם,גרמים,67.00,100 גרם,false,,7.90,0.1179,true,1,2260632
7290115679878,false,פיצה מבצק עם סלק שטר,גסטרונומיה פרוסט אס.,IT,פיצה מבצק עם סלק,גרמים,400.00,100 גרם,false,,27.90,0.0697,true,1,2234382
7290115679885,false,פיצה מבצק עם כרובית עם רוטב עגבניות ומוצרלה,גסטרונומיה פרוסט אס.,IT,פיצה מבצק עם כרובית,גרמים,400.00,100 גרם,false,,27.90,0.0697,true,1,2234383
7290115679960,false,ציטוס פופקורן טבעי 60 גר',"שטראוס פריטו ליי בע""",IL,ציטוס פופקורן טבעי 6,גרמים,60.00,100 גרם,false,,3.50,0.0583,true,1,2228477
7290115730333,false,צלחת flower 7 ורוד-,,,צלחת flower 7 ורוד-,יחידה,0.00,יחידה,false,,13.90,0.0000,true,1,2208501
7290115730388,false,צלחת flower 9 מנטה-,,,צלחת flower 9 מנטה-,יחידה,0.00,יחידה,false,,23.90,0.0000,true,1,2208506
7290115730425,false,קערה flower מנטה- אר,,,קערה flower מנטה- אר,יחידה,0.00,יחידה,false,,12.90,0.0000,true,1,2208510
7290115730876,false,כוסות ליקר ניאון 2OZ,,,כוסות ליקר ניאון 2OZ,יחידה,0.00,יחידה,false,,7.90,0.0000,true,1,2170148
7290115731569,false,כוס נייר נחלים עבה ג,,,כוס נייר נחלים עבה ג,יח',20.00,יח',false,,14.90,0.7450,true,1,2214912
7290115732009,false,צלחות 10 גרניט שחור,,,צלחות 10 גרניט שחור,יח',10.00,יח',false,,34.90,3.4900,true,1,2214925
7290115732016,false,צלחות 10 גרניט שחור,,,צלחות 10 גרניט שחור,יח',10.00,יח',false,,34.90,3.4900,true,1,2214926
7290115732030,false,צלחות 10 גרניט לבן ז,,,צלחות 10 גרניט לבן ז,יח',10.00,יח',false,,34.90,3.4900,true,1,2214928
7290115732054,false,צלחות 10 גרניט לבן ב,,,צלחות 10 גרניט לבן ב,יח',10.00,יח',false,,34.90,3.4900,true,1,2214929
7290115732061,false,צלחות 9 גרניט שחור ז,,,צלחות 9 גרניט שחור ז,יח',10.00,יח',false,,26.90,2.6900,true,1,2214930
7290115732078,false,צלחות 9 גרניט שחור כ,,,צלחות 9 גרניט שחור כ,יח',10.00,יח',false,,26.90,2.6900,true,1,2214931
7290115732092,false,צלחות 9 גרניט לבן זה,,,צלחות 9 גרניט לבן זה,יח',10.00,יח',false,,26.90,2.6900,true,1,2214933
7290115732122,false,צלחות 7 גרניט שחור ז,,,צלחות 7 גרניט שחור ז,יח',10.00,יח',false,,19.90,1.9900,true,1,2214936
7290115732139,false,צלחות 7 גרניט שחור כ,,,צלחות 7 גרניט שחור כ,יח',10.00,יח',false,,19.90,1.9900,true,1,2214937
7290115732153,false,צלחות 7 גרניט לבן זה,,,צלחות 7 גרניט לבן זה,יח',10.00,יח',false,,19.90,1.9900,true,1,2214939
7290115732177,false,צלחות 7 גרניט לבן בר,,,צלחות 7 גרניט לבן בר,יח',10.00,יח',false,,19.90,1.9900,true,1,2214941
7290115732184,false,מרקיות גרניט שחור זה,,,מרקיות גרניט שחור זה,יח',10.00,יח',false,,19.90,1.9900,true,1,2214942
7290115732191,false,מרקיות גרניט שחור כס,,,מרקיות גרניט שחור כס,יח',10.00,יח',false,,19.90,1.9900,true,1,2214943
7290115732238,false,מרקיות גרניט לבן ברו,,,מרקיות גרניט לבן ברו,יח',10.00,יח',false,,19.90,1.9900,true,1,2214947
7290115732252,false,צלחות 6 גרניט שחור כ,,,צלחות 6 גרניט שחור כ,יח',10.00,יח',false,,16.90,1.6900,true,1,2214949
7290115732313,false,מגש מלבן גרניט 44*16,,,מגש מלבן גרניט 44*16,יח',10.00,יח',false,,8.90,0.8900,true,1,2214955
7290115732320,false,מגש מלבן גרניט 44*16,,,מגש מלבן גרניט 44*16,יח',10.00,יח',false,,8.90,0.8900,true,1,2214956
7290115732337,false,מגש מלבן גרניט 44*16,,,מגש מלבן גרניט 44*16,יח',10.00,יח',false,,8.90,0.8900,true,1,2214957
7290115732344,false,מגש מלבן גרניט 44*16,,,מגש מלבן גרניט 44*16,יח',10.00,יח',false,,8.90,0.8900,true,1,2214958
7290115732351,false,מגש מלבן גרניט 44*16,,,מגש מלבן גרניט 44*16,יח',10.00,יח',false,,8.90,0.8900,true,1,2214959
7290115732450,false,קערות קסרול גרניט שח,,,קערות קסרול גרניט שח,יח',1.00,יח',false,,14.90,14.9000,true,1,2214962
7290115732467,false,קערות קסרול גרניט שח,,,קערות קסרול גרניט שח,יח',1.00,יח',false,,14.90,14.9000,true,1,2214963
7290115732504,false,מגש מרובע גרניט 35*3,,,מגש מרובע גרניט 35*3,יח',1.00,יח',false,,12.90,12.9000,true,1,2214967
7290115732573,false,"מגש מרובע 30*30 ס""מ",,,"מגש מרובע 30*30 ס""מ",יח',1.00,יח',false,,9.90,9.9000,true,1,2214974
7290115732580,false,"מגש מרובע 30*30 ס""מ",,,"מגש מרובע 30*30 ס""מ",יח',1.00,יח',false,,9.90,9.9000,true,1,2214975
7290115732597,false,"מגש מרובע 30*30 ס""מ",,,"מגש מרובע 30*30 ס""מ",יח',1.00,יח',false,,9.90,9.9000,true,1,2214976
7290115732900,false,כוס גרניט לשתיה קרה,,,כוס גרניט לשתיה קרה,יח',40.00,יח',false,,19.90,0.4975,true,1,2214984
7290115732917,false,כוס גרניט לשתיה קרה,,,כוס גרניט לשתיה קרה,יח',40.00,יח',false,,19.90,0.4975,true,1,2214985
7290115732955,false,כוס גרניט לשתיה קרה,,,כוס גרניט לשתיה קרה,יח',40.00,יח',false,,19.90,0.4975,true,1,2214989
7290115733099,false,כוס ספיר 200cc איכות,,,כוס ספיר 200cc איכות,יח',75.00,יח',false,,11.90,0.1587,true,1,2214999
7290115733228,false,מאפינס ברונזה,,,מאפינס ברונזה,יחידה,0.00,יחידה,false,,7.90,0.0000,true,1,2251588
7290115733259,false,מאפינס צבעוני מוזהב,,,מאפינס צבעוני מוזהב,יחידה,0.00,יחידה,false,,11.90,0.0000,true,1,2251589
7290115736090,false,כוס שתיה 180CC,,,כוס שתיה 180CC,יחידה,0.00,יחידה,false,,5.90,0.0000,true,1,2251702
7290115736649,false,כוס לונג,,,כוס לונג,יחידה,0.00,יחידה,false,,8.90,0.0000,true,1,2251703
7290115736885,false,מיקס שקיות אשפה ריחנ,,,מיקס שקיות אשפה ריחנ,יחידה,0.00,יחידה,false,,11.90,0.0000,true,1,2251705
7290116240176,false,כוס שתיה דופן כפולה עם קש וקונפטי לוני טונס,,,כוס שתיה עם קש וקונפ,מיליליטרים,400.00,"100 מ""ל",false,,16.90,0.0422,true,1,2280954
7290116242361,false,מיני פופ סוכריה על מקל עם כדור 8 גר' מיניונים,Unknown,,מיני פופ סוכריה על מ,יחידה,0.00,יחידה,false,,5.90,0.0000,true,1,2240072
7290116242392,false,מיני פופ סוכריה על מקל(5 יח) 40 גר' - כוח פי ג'יי,Unknown,,מיני פופ סוכריה על מ,יחידה,0.00,יחידה,false,,5.90,0.0000,true,1,2240074
7290116242408,false,מיני פופ סוכריה על מקל עם כדור 8 גר' ריינבוקורן,Unknown,,מיני פופ סוכריה על מ,יחידה,0.00,יחידה,false,,5.90,0.0000,true,1,2240075
7290116243955,false,בונבוני שוקולד סוכרי,,,בונבוני שוקולד סוכרי,יחידה,0.00,יחידה,false,,12.90,0.0000,true,1,2240080
7290116244099,false,זוג אצבעות שוקולד בא,,,זוג אצבעות שוקולד בא,יחידה,0.00,יחידה,false,,2.90,0.0000,true,1,2240088
7290116244105,false,אצבעות שוקולד חלב 28 ג' חד קרן,,,זוג אצבעות שוקולד חד,יחידה,0.00,יחידה,false,,2.90,0.0000,true,1,2240089
7290116244907,false,סוכריות קישוט 8 יח ב,,,סוכריות קישוט 8 יח ב,יחידה,0.00,יחידה,false,,20.90,0.0000,true,1,2255491
7290116244914,false,סוכריות קישוט 5 יח ב,,,סוכריות קישוט 5 יח ב,יחידה,0.00,יחידה,false,,20.90,0.0000,true,1,2255492
7290116244969,false,סוכריות קישוט 25 גר',,,סוכריות קישוט 25 גר',יחידה,0.00,יחידה,false,,7.90,0.0000,true,1,2255497
7290116530215,false,דאודרנט סטיק לגבר דרק טמפטיישן 76 ג' אקס,אקס Axe,,אקס סטיק שוקולד,גרמים,77.00,100 גרם,false,,18.90,0.2455,true,1,2200648
7290116530222,false,דאודרנט סטיק לגבר אנרכי 76 ג' אקס,אקס Axe,,אקס סטיק אנרכי,גרמים,77.00,100 גרם,false,,18.90,0.2455,true,1,2200649
7290116531243,false,"שמפו ומרכך 2ב-1 למניעת קשקשים 700 מ""ל פינוק",יוניליוור,IL,שמפו ומרכך 2 ב 1 למנ,מיליליטרים,700.00,"100 מ""ל",false,,14.90,0.0213,true,1,2232348
7290116531496,false,דגני בוקר קינמונים 375 ג' תלמה,נאוג'אזיס נווזיס UAB,LT,קינמונים דגנים פריכי,גרמים,375.00,100 גרם,false,,19.90,0.0531,true,1,2254756
7290116531762,false,בדין - דפים למייבש כביסה ורוד 40 יחידות,קריות זול,US,בדין דפי מרכך ורוד,יח',40.00,יח',false,,18.90,0.4725,true,1,2235727
7290116531779,false,בדין - דפים למייבש כביסה כחול 40 יחידות,קריות זול,US,בדין דפי מרכך כחול,יח',40.00,יח',false,,18.90,0.4725,true,1,2235728
7290116531786,false,דאב מארז תחליב רחצה מלפפונים 3*500מל,,,תחליב רחצה דאב מלפפו,מיליליטרים,1500.00,"100 מ""ל",false,,34.90,0.0233,true,1,2264964
7290116531809,false,"תחליב רחצה פינוק עוגיות 700 מ""ל",יוניליוור ישראל טיפו,IL,תחליב רחצה פינוק 700,מיליליטרים,700.00,"100 מ""ל",false,,10.90,0.0156,true,1,2227739
7290116531830,false,דגני בוקר קינמון 686 ג' כריות,יוניליוור שפע ישראל,IL,כריות קינמון 686 גרם,גרמים,686.00,100 גרם,false,,24.90,0.0363,true,1,2231438
7290116532219,false,קורנפלקס תות 448 גרם תלמה רבנות,אתר שפע,,קורנפלקס תות 448 גרם,גרמים,448.00,100 גרם,false,,19.90,0.0444,true,1,2253219
7290116532721,false,רוטב הלמנס ישראלי לסלט לימון וזעתר 305 ג,יוניליוור,IL,רוטב לסלט לימון וזעת,גרמים,295.00,100 גרם,false,,12.90,0.0437,true,1,2274900
7290116532738,false,רוטב לסלט הלמנס איטלקי בז' ואורגנו 305 ג,יוניליוור,IL,רוטב איטלקי הלמנס,גרמים,295.00,100 גרם,false,,12.90,0.0437,true,1,2274901
7290116532875,false,"פינוק סבון נוזלי בייבי 900מ""ל",אתר ליוור,,אל סבון בייבי פינוק,מיליליטרים,900.00,"100 מ""ל",false,,19.90,0.0221,true,1,2271233
7290116533063,false,שוגי בטעם קרטיב ענבים 400 גרם,יוניליוור,IL,דגני בוקר שוגי בטעם,גרמים,400.00,100 גרם,false,,19.90,0.0497,true,1,2257047
7290116533216,false,מרק ירקות קנור רכיבי,,,מרק ירקות קנור רכיבי,גרמים,235.00,100 גרם,false,,16.90,0.0719,true,1,2274895
7290116910901,false,מיני פופ סוכריה על מקל 5 יח' 40 גר' ברבי,Unknown,,מיני פופ סוכריה על מ,יחידה,0.00,יחידה,false,,5.90,0.0000,true,1,2240139
7290116914275,false,ממתק צעצוע סוכריות תוף חיות,,,ממתק צעצוע- תוף חיות,יחידה,0.00,יחידה,false,,8.90,0.0000,true,1,2255525
7290116914299,false,ממתק צעצוע- תנין 8 ג,,,ממתק צעצוע- תנין 8 ג,יחידה,0.00,יחידה,false,,9.90,0.0000,true,1,2255526
7290116914831,false,ממתק צעצוע מאוורר ספ,,,ממתק צעצוע מאוורר ספ,יחידה,0.00,יחידה,false,,14.90,0.0000,true,1,2255541
7290116914848,false,ממתק צעצוע מאוורר ספ,,,ממתק צעצוע מאוורר ספ,יחידה,0.00,יחידה,false,,14.90,0.0000,true,1,2255542
7290116914893,false,ממתק צעצוע קנדי דיספ,,,ממתק צעצוע קנדי דיספ,יחידה,0.00,יחידה,false,,9.90,0.0000,true,1,2255545
7290116914909,false,ממתק צעצוע קנדי דיספ,,,ממתק צעצוע קנדי דיספ,יחידה,0.00,יחידה,false,,9.90,0.0000,true,1,2255546
7290116914930,false,ממתק צעצוע מבוך לבבו,,,ממתק צעצוע מבוך לבבו,יחידה,0.00,יחידה,false,,10.90,0.0000,true,1,2255548
7290116915012,false,ממתק צעצוע דינוזאור,,,ממתק צעצוע דינוזאור,יחידה,0.00,יחידה,false,,9.90,0.0000,true,1,2255555
7290116915036,false,ממתק צעצוע ציפור שרה,,,ממתק צעצוע ציפור שרה,יחידה,0.00,יחידה,false,,17.90,0.0000,true,1,2255557
7290116915050,false,ממתק צעצוע פרח חמניה,,,ממתק צעצוע פרח חמניה,יחידה,0.00,יחידה,false,,14.90,0.0000,true,1,2255559
7290116930015,false,חטיף חלבון GO קרמל ח.בוטנים קריספי 20 גרם חלבון,תנובה,IL,חטיף חלבון GO קרמל ח,גרמים,20.00,100 גרם,false,,11.90,0.5950,true,1,2255379
7290116930282,false,ארוחה בקטנה לאבנה עם קרקרים 150ג' תנובה,תנובה,IL,ארוחה בקטנה לאבנה 9%,גרמים,150.00,100 גרם,false,,8.90,0.0593,true,1,2267164
7290116930435,false,יוגורט יופלה GO במרקם סמיך עם דובדבן 0%,תנובה מרכז שיתופי לש,IL,יוגורט יופלה GO סמיך,גרמים,200.00,100 גרם,false,,5.90,0.0295,true,1,2254711
7290116930459,false,"משקה SHAKE בננה אננס וקוקוס 230 מ""ל יופלה",יופלה Yoplait,IL,יופלה SHAKE בננה אננ,מיליליטרים,230.00,"100 מ""ל",false,,7.90,0.0343,true,1,2259763
7290116930466,false,"משקה SHAKE בננה מנגן פסיפלורה והל 230 מ""ל יופלה",יופלה Yoplait,IL,יופלה SHAKE מנגו בננ,מיליליטרים,230.00,"100 מ""ל",false,,7.90,0.0343,true,1,2259764
7290116930480,false,"משקה SHAKE בננה קיווי תפוח 230 מ""ל יופלה",יופלה Yoplait,IL,יופלה SHAKE בננה קיו,מיליליטרים,230.00,"100 מ""ל",false,,7.90,0.0343,true,1,2259765
7290116930626,false,ארוחה בקטנה ציזיקי עם קרקרים 150ג' תנובה,תנובה,IL,ארוחה בקטנה ציזיקי ע,גרמים,150.00,100 גרם,false,,8.90,0.0593,true,1,2267165
7290116930657,false,"משקה חלב GO בננה תמר שיבולת שועל 340 מ""ל",תנובה מרכז שיתופי לש,IL,משקה תנובה GO בננה,מיליליטרים,340.00,"100 מ""ל",false,,8.90,0.0262,true,1,2279851
7290116930701,false,מעדן חלב GO מועשר בחלבון בטעם קרמל מלוח,תנובה מרכז שיתופי לש,IL,יוגורט יופלה GO בטעם,גרמים,120.00,100 גרם,false,,4.90,0.0408,true,1,2258804
7290116930718,false,מעדן תנובה דיאט בטעם שוקולד וקרמל מלוח 0% 150ג' תנובה,"תנובה בע""מ",IL,מעדן דיאט בטעם שוקול,גרמים,150.00,100 גרם,false,,4.20,0.0280,true,1,2260592
7290116930725,false,סויה BIO קוקוס גביע 150 גרם אלטרנטיב,תנובה בעמ,IL,מעדן סויה ביו קוקוס,גרמים,150.00,100 גרם,false,,4.90,0.0327,true,1,2265584
7290116930954,false,יוגורט טעם פאי תפוחים 3% 150 ג' יופלה,"תנובה בע""מ",IL,יופלה בטעם פאי תפוחי,גרמים,150.00,100 גרם,false,,5.20,0.0347,true,1,2279832
7290116931012,false,יופלה דיאט 0% שומן תפוח וקינמון 150 גרם,תנובה מרכז שיתופי לש,IL,יופלה דיאט 0% שומן ת,גרמים,150.00,100 גרם,false,,5.20,0.0347,true,1,2279839
7290116931081,false,מעדן סויה - טופי קרמל 125 גרם אלטרנטיב,תנובה מרכז שיתופי לש,IL,גביע מעדן סויה בטעם,מיליליטרים,125.00,"100 מ""ל",false,,4.30,0.0344,true,1,2265585
7290116931104,false,יופלה גו במרקם סמיך עם אננס 0% שומן 200ג',תנובה בעמ,IL,יוגורט יופלה GO סמיך,גרמים,200.00,100 גרם,false,,5.90,0.0295,true,1,2265586
7290116931159,false,יופלה דיאט 0% שומן תות בננה 150 גרם,תנובה מרכז שיתופי לש,IL,יופלה דיאט 0% שומן ת,גרמים,150.00,100 גרם,false,,5.20,0.0347,true,1,2279840
7290116931289,false,יוגורט GO סמיך אלפחורס 200 גרם,תנובה מרכז שיתופי לש,IL,יוגורט יופלה GO סמיך,גרמים,200.00,100 גרם,false,,5.40,0.0270,true,1,2281781
7290117051870,false,פורס תפוחים,,,פורס תפוחים,יחידה,0.00,יחידה,false,,16.90,0.0000,true,1,2273491
7290117260029,false,קונפיטורה דובדבנים 380 ג' ויליפוד,וילי פוד,,קונפיטורה דובדבנים 3,גרמים,380.00,100 גרם,false,,9.90,0.0261,true,1,2228639
7290117260036,false,קונפיטורה משמש 380 ג' ויליפוד,,,קונפיטורה משמש 380 ג,גרמים,380.00,100 גרם,false,,9.90,0.0261,true,1,2228640
7290117260043,false,ריבת עלי ורדים 380 ג' ויליפוד,וילי פוד,,ריבת עלי ורדים 380 ג,גרמים,380.00,100 גרם,false,,9.90,0.0261,true,1,2228629
7290117260050,false,קונפיטורה חבושים 380 ג' ויליפוד,וילי פוד,,קונפיטורה חבושים 380,גרמים,380.00,100 גרם,false,,9.90,0.0261,true,1,2228641
7290117260098,false,חטיף גבינה לבנה בטעם,,,חטיף גבינה לבנה בטעם,גרמים,120.00,100 גרם,false,,12.90,0.1075,true,1,2259779
7290117260111,false,חטיף גבינה קרם ברולה,,,חטיף גבינה לבנה בטעם,גרמים,120.00,100 גרם,false,,12.90,0.1075,true,1,2259781
7290117260227,false,קפה טורקי אמיתי 100 גר',,,קפה טורקי אמיתי מטור,גרמים,100.00,100 גרם,false,,5.90,0.0590,true,1,2235046
7290117260234,false,"קפה טורקי אמיתי מטורקיה, שלישיה 3 * 100 גרם",וילי פוד,,קפה טורקי אמיתי מטו,גרמים,300.00,100 גרם,false,,7.90,0.0263,true,1,2235047
7290117260395,false,מאפה פילו יווני מסורתי ממולא תרד וגבינת פטה,וילי פוד,,מאפה פילו ממולא גבינ,גרמים,400.00,100 גרם,false,,18.90,0.0472,true,1,2230766
7290117260463,false,גבינה בולגרית מעודנת למריחה עם חלפיניו 5% שומן 200 ג' יורו,Euro יורו מחלבות אירופה,,גבינת בולגרית מעודנת,גרמים,200.00,100 גרם,false,,12.90,0.0645,true,1,2251471
7290117260470,false,גבינה בולגרית מעודנת למריחה עם שום 5% שומן 200 ג' יורו,,,גבינת בולגרית מעודנת,גרמים,200.00,100 גרם,false,,12.90,0.0645,true,1,2251472
7290117260586,false,חטיף קראנצ'י על בסיס קמח עדשים בטעם פלפל חלפיניו וליים 80 ג',וילי פוד,,חטיף קראנצ'י על בסיס,גרמים,80.00,100 גרם,false,,9.90,0.1238,true,1,2264631
7290117260593,false,חטיף קראנצ'י על בסיס קמח עדשים בטעם צ'דר 80 ג',וילי פוד,,חטיף קראנצ'י על בסיס,גרמים,80.00,100 גרם,false,,9.90,0.1238,true,1,2264632
7290117260685,false,תן בו וניל בציפויים בטעמים שונים 12 יח',אלוויר,DK,תן בו בטעם וניל בציפ,גרמים,230.00,100 גרם,false,,19.90,0.0865,true,1,2234153
7290117260890,false,פופקורן בטעם קוקוס 90 ג' ויליפוד,Unknown,UA,פופקורן בציפוי בטעם,גרמים,90.00,100 גרם,false,,5.90,0.0656,true,1,2236268
7290117260906,false,פופקורן בטעם פירות 90 ג' ויליפוד,אלאלסי,UA,פופקורן בציפוי בטעם,גרמים,90.00,100 גרם,false,,5.90,0.0656,true,1,2236269
7290117260913,false,פופקורן בטעם שוקולד 90 ג' ויליפוד,Unknown,UA,פופקורן בציפוי בטעם,גרמים,90.00,100 גרם,false,,5.90,0.0656,true,1,2236270
7290117260982,false,זיתים שחורים מגולענים במי מלח 300ג',,,זיתים שחורים מגולעני,גרמים,300.00,100 גרם,false,,7.90,0.0263,true,1,2278474
7290117261019,false,זיתים ירוקים ממולאים מחית פלפלים אדומים במי מלח 300 גרם,,,זיתים ירוקים ממולאים,גרמים,300.00,100 גרם,false,,7.90,0.0263,true,1,2278475
7290117261033,false,זיתים שחורים מיובשים בסגנון טאסוס 200 גרם,,,זיתים שחורים מיובשים,גרמים,300.00,100 גרם,false,,7.90,0.0263,true,1,2278477
7290117261163,false,פיתה יוונית מוקפאת - מארז 10 יחידות,וילי פוד,,פיתה יוונית מוקפאת 7,גרמים,750.00,100 גרם,false,,10.00,0.0133,true,1,2255295
7290117261170,false,פיתה יוונית עם קמח תירס מוקפאת - מארז 8 יחידות,וילי פוד,,פיתה יוונית עם קמח ת,גרמים,680.00,100 גרם,false,,10.00,0.0147,true,1,2255296
7290117261187,false,ארוחת פסטה בהקפאה פנ,,,ארוחת פסטה בהקפאה פנ,גרמים,600.00,100 גרם,false,,17.90,0.0298,true,1,2264645
7290117261194,false,ארוחת פתיתים בהקפאה,,,ארוחת פתיתים בהקפאה,גרמים,600.00,100 גרם,false,,17.90,0.0298,true,1,2264652
7290117261217,false,ארוחת אורז בהקפאה עם,,,ארוחת אורז בהקפאה ע,גרמים,600.00,100 גרם,false,,17.90,0.0298,true,1,2264647
7290117261224,false,ארוחת אורז בהקפאה עם,,,ארוחת אורז בהקפאה ע,גרמים,600.00,100 גרם,false,,17.90,0.0298,true,1,2264653
7290117261231,false,ארוחת אורז בהקפאה עם,,,ארוחת אורז בהקפאה עם,גרמים,600.00,100 גרם,false,,17.90,0.0298,true,1,2264663
7290117261255,false,חטיף מוקצף בטעם שוקולד לבן 180ג' תן בו,,DK,תן בו בטעם שוקולד לב,גרמים,180.00,100 גרם,false,,14.90,0.0828,true,1,2280442
7290117261347,false,תן בו בציפוי בטעם שו,,DK,תן בו בציפוי בטעם שו,גרמים,300.00,100 גרם,false,,19.90,0.0663,true,1,2239293
7290117261354,false,גבינת ריקוטה 200ג5%שומן,באלבן גידה סנאי,TR,גבינת ריקוטה 200 גרם,גרמים,200.00,100 גרם,false,,9.90,0.0495,true,1,2255283
7290117261378,false,גבינת קשקבל לייט 250 גר 8% שומן,סאסו פטוראגס קומטויס,TR,גבינת קשקבל לייט 250,גרמים,250.00,100 גרם,false,,19.90,0.0796,true,1,2255289
7290117261415,false,יוגורט פרוביוטי 2.7%שומן 125ג',Euro יורו מחלבות אירופה,TR,יוגורט פרוביוטי 2.7%,גרמים,125.00,100 גרם,false,,3.50,0.0280,true,1,2277049
7290117261422,false,יוגורט פרוביוטי עם תות שדה 2%שומן 125ג',Euro יורו מחלבות אירופה,TR,יוגורט פרוביוטי עם ת,גרמים,125.00,100 גרם,false,,3.50,0.0280,true,1,2277050
7290117261439,false,יוגורט פרוביוטי עם פירות יער 2%שומן 125ג',Euro יורו מחלבות אירופה,TR,יוגורט פרוביוטי עם פ,גרמים,125.00,100 גרם,false,,3.50,0.0280,true,1,2277051
7290117261446,false,יוגורט פרוביוטי עם אפרסק ומשמש 2%שומן 125ג',Euro יורו מחלבות אירופה,TR,יוגורט פרוביוטי עם א,גרמים,125.00,100 גרם,false,,3.50,0.0280,true,1,2277052
7290117261491,false,מאפה יווני ממולא פטה,,,מאפה יווני ממולא פטה,גרמים,450.00,100 גרם,false,,19.90,0.0442,true,1,2246401
7290117261521,false,סלמון אטלנטי בשמן קנולה 120 גרם,קריות זול,LV,סלמון אטלנטי בשמן קנ,גרמים,120.00,100 גרם,false,,10.00,0.0833,true,1,2256280
7290117261545,false,סלמון אטלנטי ברוטב טריאקי 120 גרם,קריות זול,LV,סלמון אטלנטי ברוטב ט,גרמים,120.00,100 גרם,false,,10.00,0.0833,true,1,2256282
7290117261552,false,סלמון אטלנטי ברוטב עגבניות 120 גרם,קריות זול,,סלמון אטלנטי ברוטב ע,גרמים,120.00,100 גרם,false,,10.00,0.0833,true,1,2256283
7290117261569,false,סלמון אטלנטי מעושן בשמן קנולה 120 גרם,קריות זול,LV,סלמון אטלנטי מעושן ב,גרמים,120.00,100 גרם,false,,10.00,0.0833,true,1,2256284
7290117261583,false,סרדינים בריסלינג מעושנים בשמן קנולה 129 גרם (צנצנת),קריות זול,,סרדינים בריסלינג מעו,גרמים,185.00,100 גרם,false,,13.90,0.0751,true,1,2271604
7290117261590,false,סרדינים בריסלינג מעושנים בשמן זית 129 גרם,קריות זול,,סרדינים בריסלינג מעו,גרמים,185.00,100 גרם,false,,13.90,0.0751,true,1,2271605
7290117261637,false,פרוסות צהובה טבעונית,,,פרוסות צהובה טבעונית,גרמים,140.00,100 גרם,false,,14.90,0.1064,true,1,2279489
7290117261644,false,פרוסות צהובה טבעונית בטעם צ'דר 140ג',,,פרוסות צהובה טבעונית,גרמים,140.00,100 גרם,false,,14.90,0.1064,true,1,2279490
7290117261651,false,מגורדת טבעונית בטעם מוצרלה 200ג',,,מגורדת טבעונית בטעם,גרמים,200.00,100 גרם,false,,18.90,0.0945,true,1,2266438
7290117261668,false,לבנה טבעונית בסגנון,,,לבנה טבעונית בסגנון,גרמים,200.00,100 גרם,false,,18.90,0.0945,true,1,2266433
7290117261712,false,מלבי קינוח על בסיס חלב 154גרם,,,מלבי קינוח על בסיס ח,גרמים,154.00,100 גרם,false,,9.90,0.0643,true,1,2279491
7290117261989,false,גבינת מנורי רכה מחלב צאן 43% שומן 170 ג',,,גבינת מנורי רכה מחלב,גרמים,170.00,100 גרם,false,,16.90,0.0994,true,1,2257215
7290117262047,false,וופל במילוי בטעם בננה ושוקולד 200 גרם,,,וופל במילוי בטעם בננ,גרמים,200.00,100 גרם,false,,8.90,0.0445,true,1,2264604
7290117262054,false,וופל במילוי עם שוקולד שוויצרי 200 ג',,,וופל במילוי עם שוקול,גרמים,200.00,100 גרם,false,,8.90,0.0445,true,1,2264610
7290117262061,false,וופל במילוי קרם בטעם שוקולד ואגוזי לוז 200 ג',,,וופל במילוי קרם בטעם,גרמים,200.00,100 גרם,false,,8.90,0.0445,true,1,2264611
7290117262221,false,"משקה יוגורט פרוביוטי עם אננס 200מ""ל 2.3%שומן יורו",Euro יורו מחלבות אירופה,TR,משקה יוגורט פרוביוטי,מיליליטרים,200.00,"100 מ""ל",false,,5.90,0.0295,true,1,2264886
7290117262238,false,"משקה יוגורט פרוביוטי עם תות שדה 200מ""ל 2.3%שומן יורו",Euro יורו מחלבות אירופה,TR,משקה יוגורט פרוביוטי,מיליליטרים,200.00,"100 מ""ל",false,,5.90,0.0295,true,1,2264887
7290117262269,false,קוביות בטעם דובדבנים חמוצים מצופים שוקולד מריר 125 גרם,עלית צ'קולטה,TR,קוביות בטעם דובדבנים,גרמים,125.00,100 גרם,false,,10.90,0.0872,true,1,2277874
7290117262276,false,קוביות בטעם תות שדה מצופות בשוקולד חלב 125גרם,עלית צ'קולטה,TR,קוביות בטעם תות שדה,גרמים,125.00,100 גרם,false,,10.90,0.0872,true,1,2277875
7290117262290,false,פרלינים אגוזים במילוי פצפוצי דגנים פריכים מצופים שוקולד חלב 50 גרם,מודרן צוקולטה,TR,פרלינים אגוזים במילו,גרמים,50.00,100 גרם,false,,4.90,0.0980,true,1,2277876
7290117262306,false,"קורנפלקס מצופה שוקולד חלב ד, 50 גרם",מודרן צוקולטה,TR,קורנפלקס מצופים שוקו,גרמים,50.00,100 גרם,false,,4.90,0.0980,true,1,2277877
7290117262320,false,"ביסקוויט מצופה שוקולד חלב, 40 גרם",מודרן צוקולטה,TR,ביסקוויט מצופה שוקול,גרמים,50.00,100 גרם,false,,4.90,0.0980,true,1,2277879
7290117262931,false,"קינוח בטעם מנגו, 85 גרם",,,קינוח בטעם מנגו 85 ג,גרמים,85.00,100 גרם,false,,9.90,0.1165,true,1,2279580
7290117262955,false,"קינוח בטעם שוקולד בלגי, 85 גרם",,,קינוח בטעם שוקולד בל,גרמים,85.00,100 גרם,false,,9.90,0.1165,true,1,2281644
7290117262979,false,קינוח בטעם שוקולד ופירות יער 85 גרם,,,קינוח בטעם שוקולד ופ,גרמים,85.00,100 גרם,false,,9.90,0.1165,true,1,2281646
7290117263020,false,משקה יוגורט פרוביוטי פ.יער 2.3% 200מל',אקר,TR,משקה יוגורט פרוביוטי,מיליליטרים,200.00,"100 מ""ל",false,,5.90,0.0295,true,1,2279629
7290117380178,false,"סוויט פוף שוקולד חלב, 50 גרם","טחנת האבן תעשיות בע""",IL,חטיף פוף סוויט שוקול,גרמים,50.00,100 גרם,false,,4.90,0.0980,true,1,2259760
7290117380697,false,קולגייט מארז אופטיק,,,קולגייט מארז אופטיק,מיליליטרים,150.00,"100 מ""ל",false,,21.90,0.1460,true,1,2267614
7290117380857,false,"מרבה סלים דליס פייבר עוגות אישיות בטעם לימון, 120 גרם",מרבה,,עוגות אישיות בטעם לי,גרמים,120.00,100 גרם,false,,10.90,0.0908,true,1,2254582
7290117380864,false,עוגות בראוניס אישיות בטעם שוקולד 120 ג' סלים דליס פייבר,הלמה הלום,NL,עוגות בראוניס אישיות,גרמים,120.00,100 גרם,false,,10.90,0.0908,true,1,2254583
7290117380871,false,עוגות אישיות בטעם אוכמניות 120 ג' סלים דליס פייבר,הלמה הלום,NL,עוגות אישיות בטעם או,גרמים,120.00,100 גרם,false,,10.90,0.0908,true,1,2254577
7290117381182,false,רוטב סרירציה מאסטר ש,תאי סופרים סוד,TH,רוטב סרירציה מאסטר ש,מיליליטרים,360.00,"100 מ""ל",false,,14.90,0.0414,true,1,2281285
7290117381205,false,שמן שומשום מאסטר שף,,,"שמן שומשום 370 מ""ל מ",מיליליטרים,370.00,"100 מ""ל",false,,22.90,0.0619,true,1,2277867
7290117381229,false,פוף פריכיות מצופות שוקולד חלב 70 ג,,,פוף פירכיות מצופות ש,גרמים,70.00,100 גרם,false,,7.90,0.1129,true,1,2266722
7290117381236,false,פוף פריכיות מצופות שוקולד מריר 70 ג,,,פוף פירכיות מצופות ש,גרמים,70.00,100 גרם,false,,7.90,0.1129,true,1,2266723
7290117381243,false,פוף פריכיות מצופות שוקולד חלב ותות 70 ג,,,פוף פירכיות מצופות ש,גרמים,70.00,100 גרם,false,,7.90,0.1129,true,1,2266724
7290117381250,false,פוף פריכיות מצופות שוקולד מריר ותפוז 70 ג,,,פוף פירכיות מצופות ש,גרמים,70.00,100 גרם,false,,7.90,0.1129,true,1,2266725
7290117382318,false,סלים דליס - חטיף חלבון מצופה שוקולד מריר 60 גרם,"י. מרבה ישראל בע""מ",IT,חטיף חלבון מצופה שוק,גרמים,60.00,100 גרם,false,,11.90,0.1983,true,1,2266731
7290117382325,false,סלים דליס - פרו 33 חטיף חלבון מצופה שוקולד חלב 60 גרם,"י. מרבה ישראל בע""מ",IT,חטיף חלבון מצופה שוק,גרמים,60.00,100 גרם,false,,11.90,0.1983,true,1,2266726
7290117383711,false,"מארז זוג תחליב רחצה חלב ודבש *750 מ""ל פלמוליב",קולגייט פלמוליב,TR,סבון נוזלי חלב ודבש,ליטרים,1.50,ליטר,false,,30.00,20.0000,true,1,2278710
7290117383728,false,"מארז זוג תחליב רחצה לומינוס  אבוקדו 750 מ""ל פלמוליב",קולגייט פלמוליב,TR,סבון נוזלי לומינוס א,ליטרים,1.50,ליטר,false,,30.00,20.0000,true,1,2278716
7290117383735,false,"מארז זוג תחליב רחצה חימר ורדים *750 מ""ל פלמוליב",קולגייט פלמוליב,TR,סבון נוזלי חימר ורדי,ליטרים,1.50,ליטר,false,,30.00,20.0000,true,1,2278717
7290117383742,false,"מארז זוג ג'ל רחצה לגבר 750 מ""ל פלמוליב",קולגייט פלמוליב,TR,סבון נוזלי גבר מרענן,ליטרים,1.50,ליטר,false,,30.00,20.0000,true,1,2278718
7290117383780,false,מארז זוג סבון גוף ארומה מסאז' גרגירי פילינג,קולגייט פלמוליב,TR,סבון נוזלי ארומה מסא,ליטרים,1.50,ליטר,false,,30.00,20.0000,true,1,2278719
7290117750001,false,לפתן מתכלה עגול 25 י,,,לפתן מתכלה עגול 25 י,יח',100.00,יח',false,,8.90,0.0890,true,1,2251006
7290117750018,false,צלחת מרק מתכלה עגולה,,,צלחת מרק מתכלה עגולה,יח',100.00,יח',false,,12.90,0.1290,true,1,2251014
7290117750025,false,צלחת מתכלה 7 עגול 25,,,צלחת מתכלה 7 עגול 25,יח',25.00,יח',false,,9.90,0.3960,true,1,2251007
7290117750049,false,צלחת מרובע 7 מתכלה 2,,,צלחת מרובע 7 מתכלה 2,100 יח',20.00,100 יח',false,,9.90,0.4950,true,1,2251015
7290117750063,false,צלחת מרובע 10מתכלה 2,,,צלחת מרובע 10מתכלה 2,יח',20.00,יח',false,,24.90,1.2450,true,1,2251009
7290117860038,false,"הוואי - תחליב רחצה יוגורט בניחוח אוכמניות 700 מ""ל",הוואי,,הוואי תחליב רחצה יוג,מיליליטרים,700.00,"100 מ""ל",false,,11.90,0.0170,true,1,2279415
7290117860045,false,שמפו תמציות אלוורה ותה ירוק לשיער רגיל,"טרופיקל גליל בע""מ",IL,הוואי שמפו מטפח לשיע,מיליליטרים,700.00,"100 מ""ל",false,,11.90,0.0170,true,1,2279416
7290117860083,false,"קרם רחצה בניחוח אירוס זהוב ודבש 700 מ""ל הוואי",הוואי,,הוואי קרם רחצה בניחו,מיליליטרים,700.00,"100 מ""ל",false,,11.90,0.0170,true,1,2279417
7290117860090,false,מרכך תמציות אלוורה ותה ירוק לשיער רגיל,"טרופיקל גליל בע""מ",IL,הוואי מרכך מטפח לשיע,מיליליטרים,700.00,"100 מ""ל",false,,11.90,0.0170,true,1,2279418
7290117860137,false,"הוואי קרם רחצה בניחוח פרח הקמליה, 700 מ""ל",הוואי,,הוואי קרם רחצה בניחו,מיליליטרים,700.00,"100 מ""ל",false,,11.90,0.0170,true,1,2279419
7290117860144,false,שמפו למניעת קשקשים לשימוש יומיומי,"טרופיקל גליל בע""מ",IL,הוואי שמפו למניעת קש,מיליליטרים,700.00,"100 מ""ל",false,,11.90,0.0170,true,1,2279420
7290117860182,false,"הוואי - תחליב רחצה בניחוח מגנוליה ושמן שקדים 700 מ""ל",הוואי,,הוואי תחליב רחצה בני,מיליליטרים,700.00,"100 מ""ל",false,,11.90,0.0170,true,1,2279421
7290117860199,false,שמפו שמן ורד הבר ושמן מקדמיה לשיער יבש,קריות זול,,הוואי שמפו מעניק לחו,מיליליטרים,700.00,"100 מ""ל",false,,11.90,0.0170,true,1,2279422
7290117860236,false,"הוואי - קרם רחצה בניחוח ויולה ורודה 700 מ""ל",הוואי,,הוואי קרם רחצה בניחו,מיליליטרים,700.00,"100 מ""ל",false,,11.90,0.0170,true,1,2279423
7290117860243,false,"הוואי - מרכך מעניק לחות לשיער יבש 700 מ""ל","טרופיקל גליל בע""מ",IL,הוואי מרכך מעניק לחו,מיליליטרים,700.00,"100 מ""ל",false,,11.90,0.0170,true,1,2279424
7290117860281,false,"הוואי - ג'ל רחצה לגבר בניחוח עוצמתי 700 מ""ל",הוואי,,הוואי ג'ל רחצה לגבר,מיליליטרים,700.00,"100 מ""ל",false,,11.90,0.0170,true,1,2279425
7290117860298,false,שמפו קומפלקס קרטין לשיער עדין או חלש,הוואי,,הוואי שמפו קרטין מחז,מיליליטרים,700.00,"100 מ""ל",false,,11.90,0.0170,true,1,2279426
7290117860335,false,"ג'ל רחצה לגבר בניחוח מעורר 700 מ""ל הוואי",,,הוואי ג'ל רחצה לגבר,מיליליטרים,700.00,"100 מ""ל",false,,11.90,0.0170,true,1,2279427
7290117860342,false,מרכך קומפלקס קרטין לשיער עדין או חלש,"טרופיקל גליל בע""מ",IL,הוואי מרכך קרטין מחז,מיליליטרים,700.00,"100 מ""ל",false,,11.90,0.0170,true,1,2279428
7290117860380,false,"תחליב רחצה יוגורט בניחוח אלוורה 700 מ""ל הוואי",הוואי,,הוואי תחליב רחצה יוג,מיליליטרים,700.00,"100 מ""ל",false,,11.90,0.0170,true,1,2279429
7290117860397,false,שמפו תמצית פריחת הדובדבן לשיער רגיל,קריות זול,,הוואי שמפו פריחת הדו,מיליליטרים,700.00,"100 מ""ל",false,,11.90,0.0170,true,1,2279430
7290117860496,false,שמפו + מרכך 2 ב 1 לגבר תמצית ג'ינג'ר,קריות זול,,הוואי שמפו + מרכך 2,מיליליטרים,700.00,"100 מ""ל",false,,11.90,0.0170,true,1,2279432
7290117860540,false,"הוואי - שמפו עדין לילדים 700 מ""ל",קריות זול,,הוואי שמפו עדין לילד,מיליליטרים,700.00,"100 מ""ל",false,,11.90,0.0170,true,1,2279433
7290117860595,false,"הוואי - מרכך מתיר קשרים לילדים 700 מ""ל","טרופיקל גליל בע""מ",IL,הוואי מרכך מתיר קשרי,מיליליטרים,700.00,"100 מ""ל",false,,11.90,0.0170,true,1,2279434
7290117860649,false,"שמפו קרטין, שמן קיק ומי ורדים",טרופיקל דגיל,IL,הוואי שמפו ללא סולפט,מיליליטרים,700.00,"100 מ""ל",false,,11.90,0.0170,true,1,2279435
7290117860694,false,"מרכך קרטין, שמן קיק ומי ורדים","טרופיקל גליל בע""מ",IL,הוואי מרכך ללא סולפט,מיליליטרים,700.00,"100 מ""ל",false,,11.90,0.0170,true,1,2279436
7290117860748,false,שמפו תמצית יסמין מעניק נפח לשיער דק,קריות זול,,הוואי שמפו מעניק נפח,מיליליטרים,700.00,"100 מ""ל",false,,11.90,0.0170,true,1,2279437
7290117860793,false,מרכך תמצית יסמין מעניק נפח לשיער דק,קריות זול,,הוואי מרכך מעניק נפח,מיליליטרים,700.00,"100 מ""ל",false,,11.90,0.0170,true,1,2279438
7290117860847,false,"הוואי רעננות מושלמת לגבר לשיער, גוף, פנים וזקן",קריות זול,,הוואי שמפו 4 ב-1 לגב,מיליליטרים,700.00,"100 מ""ל",false,,11.90,0.0170,true,1,2279439
7290117860892,false,"הוואי - תחליב רחצה יוגורט בניחוח וניל ודבש 700 מ""ל",הוואי,,הוואי תחליב רחצה יוג,מיליליטרים,700.00,"100 מ""ל",false,,11.90,0.0170,true,1,2279440
7290117860946,false,"תחליב רחצה יוגורט בניחוח קוקוס 700 מ""ל הוואי",הוואי,,הוואי תחליב רחצה יוג,מיליליטרים,700.00,"100 מ""ל",false,,11.90,0.0170,true,1,2279441
7290117860991,false,"תחליב רחצה יוגורט בניחוח שקדים 700 מ""ל הוואי",,,הוואי תחליב רחצה יוג,מיליליטרים,700.00,"100 מ""ל",false,,11.90,0.0170,true,1,2279442
7290117901243,false,ממרח פלפלים אדומים קלויים בתוספת ארטישוק 290 ג' גורמה,,,ממרח פלפלים אדומים ק,גרמים,290.00,100 גרם,false,,13.90,0.0479,true,1,2267148
7290118420071,false,במבה ביסלי ברביקיו מיקס 80ג' אסם,Unknown,IL,במבה ביסלי ברביקיו מ,גרמים,80.00,100 גרם,false,,4.50,0.0563,true,1,2277753
7290118420378,false,פתיבר פינוקים בטעם תותים בשמנת - חלבי,קריות זול,IL,אסם פתי בר פינוקים ת,גרמים,220.00,100 גרם,false,,10.90,0.0495,true,1,2277760
7290118420477,false,בייגלה שטוחים בטעם ביסלי בצל 300ג' אסם,אסם,IL,בייגלה שטוחים בטעם ב,גרמים,300.00,100 גרם,false,,10.90,0.0363,true,1,2277761
7290205610005,false,חולצה מכופתרת קרלוס,,,חולצה מכופתרת קרלוס,יחידה,0.00,יחידה,false,,49.90,0.0000,true,1,2272019
7290205610011,false,חולצה מכופתרת פלנל ע,,,חולצה מכופתרת פלנל ע,יחידה,0.00,יחידה,false,,79.90,0.0000,true,1,2280922
7291019117381,false,"קלחת 7*14 ס""מ ציפוי",,,"קלחת 7*14 ס""מ ציפוי",יחידה,0.00,יחידה,false,,54.90,0.0000,true,1,2273405
7291044048940,false,דוחה יתושים אלקטרוני,,,דוחה יתושים אלקטרוני,יחידה,0.00,יחידה,false,,11.90,0.0000,true,1,1267785
7291044089875,false,נורת לד,,,נורת לד,יחידה,0.00,יחידה,false,,29.90,0.0000,true,1,2130643
7291044089998,false,שלישית נורות לד,,,שלישית נורות לד,יח',3.00,יח',false,,24.90,8.3000,true,1,2130644
7291044094343,false,זוג נורות לד WW 15W E27 A60 SAFETY,,,זוג נורות לד,יח',2.00,יח',false,,12.90,6.4500,true,1,2130630
7291044101669,false,פנס קיר לדים לבן,,,פנס קיר לדים לבן,יחידה,0.00,יחידה,false,,39.90,0.0000,true,1,2175343
7291044110555,false,מנורת לילה + חיישן פ,,,מנורת לילה + חיישן פ,יחידה,0.00,יחידה,false,,9.90,0.0000,true,1,2198261
7291044110579,false,מנורת לילה סנופי DL,,,מנורת לילה סנופי DL,יחידה,0.00,יחידה,false,,9.90,0.0000,true,1,2198263
7291044112542,false,נורות סולאריות לקישו,,,נורות סולאריות לקישו,יחידה,0.00,יחידה,false,,99.90,0.0000,true,1,2217339
7291044114638,false,מטען קיר USB 2.1A+כב,,,מטען קיר USB 2.1A+כב,יחידה,0.00,יחידה,false,,19.90,0.0000,true,1,2217315
7291044124439,false,תקע כוח עם מפסק מואר,,,תקע כוח עם מפסק מואר,יח',3.00,יח',false,,12.90,4.3000,true,1,2274548
7291044124446,false,שקע כוח+תקע+מפסק מוא,,,שקע כוח+תקע+מפסק מוא,יח',3.00,יח',false,,14.90,4.9667,true,1,2274549
7291074000246,false,כפות סט (6) A72 Toscana סולתם,,,סט 6 כפות Toscana,יחידה,0.00,יחידה,false,,24.90,0.0000,true,1,2133536
7291074000598,false,"צנצנת זכוכית 500 מ""ל",,,"צנצנת זכוכית 500 מ""ל",יחידה,0.00,יחידה,false,,6.90,0.0000,true,1,2194178
7291074001465,false,סט 5 תחתיות סיליקון,,,סט 5 תחתיות סיליקון,יחידה,0.00,יחידה,false,,29.90,0.0000,true,1,2164832
7291074001885,false,כף עץ במבוק KC10193,,,כף עץ במבוק,יחידה,0.00,יחידה,false,,12.90,0.0000,true,1,2164835
7291074002943,false,"מסננת נירוסטה 20 ס""מ",,,"מסננת נירוסטה 20 ס""מ",יחידה,0.00,יחידה,false,,29.90,0.0000,true,1,2035565
7291074003995,false,סכין Princess בדיספלי עם כיסוי מגן Forged Pro סולתם,,,"סכין 14.4 ס""מ עם כיס",יחידה,0.00,יחידה,false,,29.90,0.0000,true,1,2145686
7291074004534,false,מברשת סיליקון אדומה,,,מברשת סיליקון אדומה,יחידה,0.00,יחידה,false,,19.90,0.0000,true,1,2207771
7291074005692,false,כפפת הגנה לחיתוך,,,כפפת הגנה לחיתוך,יחידה,0.00,יחידה,false,,19.90,0.0000,true,1,2035619
7291074007016,false,סט כלי ששת ניילון 3,,,סט כלי ששת ניילון 3,יחידה,0.00,יחידה,false,,39.90,0.0000,true,1,2164864
7291074009256,false,"תרווד מיני ניילון ידית נירוסטה 23.3 ס""מ סולתם",,,תרווד מיני ניילון יד,יחידה,0.00,יחידה,false,,9.90,0.0000,true,1,2164907
7291074009294,false,חותכני עוגיות נירוסט,,,חותכני עוגיות נירוסט,יחידה,0.00,יחידה,false,,9.90,0.0000,true,1,2164910
7291074010337,false,מסננת נירוסטה רשת יד,,,מסננת נירוסטה רשת יד,יחידה,0.00,יחידה,false,,24.90,0.0000,true,1,2148289
7291074010368,false,תרווד צבעוני,,,תרווד צבעוני,יחידה,0.00,יחידה,false,,19.90,0.0000,true,1,2164938
7291074010511,false,תרווד ניילון צבעוני,,,תרווד ניילון צבעוני,יחידה,0.00,יחידה,false,,10.90,0.0000,true,1,2145761
7291074010528,false,קוצץ ירק חוט ידני,,,קוצץ ירק חוט ידני,יחידה,0.00,יחידה,false,,29.90,0.0000,true,1,2164942
7291074012744,false,כף אורז סיליקון חלק,,,כף אורז סיליקון חלק,יחידה,0.00,יחידה,false,,19.90,0.0000,true,1,2207780
7291074013079,false,אחסונית נירוסטה מכסה,,,אחסונית נירוסטה מכסה,יחידה,0.00,יחידה,false,,29.90,0.0000,true,1,2194231
7291074013338,false,מגרדת זסטר ארוכה 30,,,מגרדת זסטר ארוכה 30,יחידה,0.00,יחידה,false,,24.90,0.0000,true,1,2194254
7291074013345,false,פותחן רב שימושי 14.5,,,פותחן רב שימושי 14.5,יחידה,0.00,יחידה,false,,19.90,0.0000,true,1,2194255
7291074013475,false,מלקחיים סיליקון מיני,,,מלקחיים סיליקון מיני,יחידה,0.00,יחידה,false,,14.90,0.0000,true,1,2194263
7291074013512,false,מברשת סיליקון מיני 2,,,מברשת סיליקון מיני 2,יחידה,0.00,יחידה,false,,9.90,0.0000,true,1,2194267
7291074013703,false,כף הגשה/אורז סיליקון,,,כף הגשה/אורז סיליקון,יחידה,0.00,יחידה,false,,16.90,0.0000,true,1,2194275
7291074013864,false,"סכין שף 20 ס""מ ידית",,,"סכין שף 20 ס""מ ידית",יחידה,0.00,יחידה,false,,29.90,0.0000,true,1,2207783
7291074013895,false,"סכין סנטוקו 12.50 ס""מ ידית שחורה CASUAL סולתם",,,"סכין סנטוקו 12.50 ס""",יחידה,0.00,יחידה,false,,14.90,0.0000,true,1,2207785
7291074013918,false,"סכין פריסה 9 ס""מ ידית שחורה CASUAL סולתם",,,"סכין פריסה 9 ס""מ ידי",יחידה,0.00,יחידה,false,,14.90,0.0000,true,1,2207787
7291074014137,false,כפות סט (6) מרוקע נירוסטה,,,סט 6 כפות מרוקע נירו,יחידה,0.00,יחידה,false,,24.90,0.0000,true,1,2239019
7291074014144,false,מזלגות סט (6) מרוקע נירוסטה,,,סט 6 מזלגות מרוקע ני,יחידה,0.00,יחידה,false,,24.90,0.0000,true,1,2239020
7291074014632,false,כיסוי פלסטיק שחור לס,,,כיסוי פלסטיק שחור לס,יחידה,0.00,יחידה,false,,14.90,0.0000,true,1,2207792
7291074014649,false,כיסוי פלסטיק שחור לס,,,כיסוי פלסטיק שחור לס,יחידה,0.00,יחידה,false,,19.90,0.0000,true,1,2207793
7291074014991,false,מתקן קפסולות 60 יח',,,מתקן קפסולות 60 יח',יחידה,0.00,יחידה,false,,49.90,0.0000,true,1,2194324
7291074015554,false,כף מחוררת נירוסטה בש,,,כף מחוררת נירוסטה בש,יחידה,0.00,יחידה,false,,39.90,0.0000,true,1,2194353
7291074015646,false,סכין סנטוקו ידית עץ,,,סכין סנטוקו ידית עץ,יחידה,0.00,יחידה,false,,59.90,0.0000,true,1,2216968
7291074018180,false,מארז (2) חלק תבנית עם סלסלת רשת קרבון סטיל נחושת Culinary סולתם,סולתם רדד,,קריספר תבנית עם סלסל,יחידה,0.00,יחידה,false,,69.90,0.0000,true,1,2235059
7291074018814,false,"מחבת 18 ס""מ נחושת פו",,,"מחבת 18 ס""מ נחושת פו",יחידה,0.00,יחידה,false,,79.90,0.0000,true,1,2272627
7291074018944,false,"מסננת כדור נירוסטה 6 ס""מ לעשבי תיבול סולתם",,,מסננת כדור נירוסטה 6,יחידה,0.00,יחידה,false,,14.90,0.0000,true,1,2271788
7291074019606,false,סכין קצה עגול משוננת,,,סכין קצה עגול משוננת,יחידה,0.00,יחידה,false,,14.90,0.0000,true,1,2271754
7296015022592,false,מספריים 5.5 ידיות גמ,,,מספריים 5.5 ידיות גמ,יחידה,0.00,יחידה,false,,3.90,0.0000,true,1,2082421
7296015048813,false,שלישית מחברת ספירל ש,,,שלישית מחברת ספירל ש,יחידה,0.00,יחידה,false,,24.90,0.0000,true,1,2208180
7296015108234,false,סיכות 10 3 חב בשקית,,,סיכות 10 3 חב בשקית,יחידה,0.00,יחידה,false,,3.90,0.0000,true,1,2227641
7296015116116,false,קידס ארט טוש סודי 2,גורי לינרו,,קידס ארט טוש סודי 2,יחידה,0.00,יחידה,false,,4.90,0.0000,true,1,2155279
7296015116895,false,טוש מחיק,,,טוש מחיק,יחידה,0.00,יחידה,false,,10.90,0.0000,true,1,2170571
7296015117519,false,קידס ארט טוש כסף ופס,,,קידס ארט טוש כסף ופס,יחידה,0.00,יחידה,false,,14.90,0.0000,true,1,2208210
7296015119575,false,עט רולר מחיק 3 יח,,,עט רולר מחיק 3 יח,יח',3.00,יח',false,,12.90,4.3000,true,1,2027553
7296015131041,false,שקית מתנה,,,שקית מתנה,יחידה,0.00,יחידה,false,,3.90,0.0000,true,1,2137885
7296015131140,false,מחק צבעוני איכותי,,,מחק צבעוני איכותי,יחידה,0.00,יחידה,false,,4.90,0.0000,true,1,2155125
7296015132215,false,עופרת,,,עופרת,יחידה,0.00,יחידה,false,,4.50,0.0000,true,1,2155128
7296015132260,false,עופרת,,,עופרת,יחידה,0.00,יחידה,false,,4.50,0.0000,true,1,2155133
7296015132277,false,עט ראש סיכה,,,עט ראש סיכה,יחידה,0.00,יחידה,false,,8.90,0.0000,true,1,2155134
7296015137425,false,מחק לבן גימינג,,,מחק לבן גימינג,יחידה,0.00,יחידה,false,,1.90,0.0000,true,1,2257614
7296021155734,false,סכין מטבח German Ste,,,סכין מטבח German Ste,יחידה,0.00,יחידה,false,,9.90,0.0000,true,1,2199625
7296021169984,false,כוס טרמית לשתיה חמה/,,,כוס טרמית לשתיה חמה/,יחידה,0.00,יחידה,false,,79.90,0.0000,true,1,2119199
7296021170331,false,צלחת שטוחה פורצלן לב,,,צלחת שטוחה פורצלן לב,יחידה,0.00,יחידה,false,,14.90,0.0000,true,1,2123654
7296021184178,false,מעמד לנייר נעמן.,,,מעמד לנייר נעמן.,יחידה,0.00,יחידה,false,,26.90,0.0000,true,1,2123832
7296021187643,false,כלי מדידה - כפות מיד,,,כלי מדידה - כפות מיד,יח',1.00,יח',false,,9.90,9.9000,true,1,2101106
7296021187926,false,"סכו""ם נירוסטה סט 24",,,"סכו""ם נירוסטה 24 חל",יחידה,0.00,יחידה,false,,79.90,0.0000,true,1,2162408
7296021191367,false,קרחון עם מכסה (עיגול,,,קרחון עם מכסה (עיגול,יחידה,0.00,יחידה,false,,9.90,0.0000,true,1,2088095
7296021228605,false,קופסת אחסון עם מכסה,,,קופסת אחסון עם מכסה,יחידה,0.00,יחידה,false,,14.90,0.0000,true,1,2140158
7296021230448,false,תפוחון - פורס תפוחים,,,תפוחון - פורס תפוחים,יחידה,0.00,יחידה,false,,19.90,0.0000,true,1,2169561
7296021249525,false,מסננת פלסטיק עם ידית,,,מסננת פלסטיק עם ידית,יח',1.00,יח',false,,29.90,29.9000,true,1,2161576
7296021249563,false,מגרדת דו צדדית מתקפל,,,מגרדת דו צדדית מתקפל,יחידה,0.00,יחידה,false,,16.90,0.0000,true,1,2161580
7296021254529,false,מיכל אחסון זכוכית מר,,,מיכל אחסון זכוכית מר,יחידה,0.00,יחידה,false,,49.90,0.0000,true,1,2172275
7296021254536,false,מיכל אחסון זכוכית מר,,,מיכל אחסון זכוכית מר,יחידה,0.00,יחידה,false,,26.90,0.0000,true,1,2172276
7296021254772,false,פלייסמנט ששיה,,,פלייסמנט ששיה,יחידה,0.00,יחידה,false,,22.90,0.0000,true,1,2168595
7296021255304,false,מאג 355 מל פורצלן צב,,,מאג 355 מל פורצלן צב,יח',1.00,יח',false,,12.90,12.9000,true,1,2171112
7296021255564,false,מנדולינה - סלייסר 39,,,מנדולינה - סלייסר 39,יחידה,0.00,יחידה,false,,99.90,0.0000,true,1,2202380
7296021256462,false,סט 2 צנצנות 75מל לתב,,,סט 2 צנצנות 75מל לתב,יחידה,0.00,יחידה,false,,22.90,0.0000,true,1,2199235
7296021259968,false,מחבת קרפ/פנקייק 25 ס,,,מחבת קרפ/פנקייק 25 ס,יחידה,0.00,יחידה,false,,89.90,0.0000,true,1,2184899
7296021262500,false,צנצנת זכוכית עם מכסה,,,צנצנת זכוכית עם מכסה,יחידה,0.00,יחידה,false,,19.90,0.0000,true,1,2207179
7296021262654,false,בול 14 סמ גלים NEW B,,,בול 14 סמ גלים NEW B,יחידה,0.00,יחידה,false,,12.90,0.0000,true,1,2193480
7296021262890,false,"סכין מולטי 14 ס""מ 1.",,,"סכין מולטי 14 ס""מ 1.",יחידה,0.00,יחידה,false,,9.90,0.0000,true,1,2200776
7296021263729,false,סט 2 כוסות תה טורקי,,,סט 2 כוסות תה טורקי,יחידה,0.00,יחידה,false,,44.90,0.0000,true,1,2208109
7296021265211,false,מערכת אוכל 18 חלקים,,,מערכת אוכל 18 חלק 2,יחידה,0.00,יחידה,false,,129.90,0.0000,true,1,2218933
7296021266706,false,"מסננת ידית עץ 20 ס""מ",,,"מסננת ידית עץ 20 ס""מ",יחידה,0.00,יחידה,false,,22.90,0.0000,true,1,2214377
7296021270048,false,סט 3 חלקים תה קפה סוכר 10*10*12 סמ,נעמן,,סט 3 חלקים תה קפה סו,יחידה,0.00,יחידה,false,,99.90,0.0000,true,1,2247322
7296021270246,false,קנקן מים 1.4 ליטר כחול בהיר FELLY,נעמן,,קנקן מים 1.4 ליטר כח,יחידה,0.00,יחידה,false,,99.90,0.0000,true,1,2231591
7296021270802,false,"מאג 330 מ""ל Delft Blue",נעמן,,NEW BONE CHINA Delft,יחידה,0.00,יחידה,false,,24.90,0.0000,true,1,2272206
7296021270819,false,NEW BONE CHINA Delft,,,NEW BONE CHINA Delft,יחידה,0.00,יחידה,false,,34.90,0.0000,true,1,2272207
7296021270956,false,NEW BONE CHINA Delft,,,NEW BONE CHINA Delft,יחידה,0.00,יחידה,false,,24.90,0.0000,true,1,2272211
7296021272653,false,"בול 15 ס""מ אקריליק ETHNICA",נעמן,,ETHNICA בול 15 סמ אק,יחידה,0.00,יחידה,false,,19.90,0.0000,true,1,2272219
7296021272882,false,צלחת מנה ראשונה 20 ס,,,צלחת מנה ראשונה 20 ס,יחידה,0.00,יחידה,false,,16.90,0.0000,true,1,2272227
7296021273643,false,סט סכיני ירקות פרפקט,,,סט 6 סכיני ירקות לבן,יחידה,0.00,יחידה,false,,14.90,0.0000,true,1,2234213
7296021273650,false,סט שישיית סכינים לחי,,,סט 6 סכיני ירקות שחו,יחידה,0.00,יחידה,false,,14.90,0.0000,true,1,2234214
7296021276606,false,סט 3 סכינים שחור,,,סט 3 סכינים שחור,יחידה,0.00,יחידה,false,,19.90,0.0000,true,1,2260788
7296021276620,false,סט 6 כפות שחור,,,סט 6 כפות שחור,יחידה,0.00,יחידה,false,,34.90,0.0000,true,1,2260790
7296021276637,false,סט 6 כפיות שחור,,,סט 6 כפיות שחור,יחידה,0.00,יחידה,false,,19.90,0.0000,true,1,2260791
7296021280269,false,"סט 4 קעריות 21 ס""מ פ",,,"סט 4 קעריות 21 ס""מ פ",יחידה,0.00,יחידה,false,,26.90,0.0000,true,1,2260182
7296021280276,false,"סט 4 כוסות 300 מ""ל",,,"סט 4 כוסות 300 מ""ל",יחידה,0.00,יחידה,false,,10.90,0.0000,true,1,2260187
7296021281440,false,MONTH NEW BONE CHINA,,,MONTH NEW BONE CHINA,יחידה,0.00,יחידה,false,,19.90,0.0000,true,1,2272263
7296021281693,false,"מאג 400 מ""ל אדום PORCELAIN SINTRA",נעמן,,PORCELAIN SINTRA מאג,יחידה,0.00,יחידה,false,,14.90,0.0000,true,1,2272282
7296021281716,false,"פלטת הגשה עגולה 37 ס""מ קרמיקה SINTRA",נעמן,,CERAMIC SINTRA קערית,יחידה,0.00,יחידה,false,,89.90,0.0000,true,1,2272284
7296021281723,false,"פלטת הגשה מרובעת 32 ס""מ קרמיקה SINTRA",נעמן,,CERAMIC SINTRA פלטת,יחידה,0.00,יחידה,false,,69.90,0.0000,true,1,2272285
7296021281730,false,"פלטת הגשה מלבנית 38 ס""מ קרמיקה SINTRA",נעמן,,CERAMIC SINTRA פלטת,יחידה,0.00,יחידה,false,,59.90,0.0000,true,1,2272286
7296021644498,false,"כף הנחה 19 ס""מ SW פו",,,"כף הנחה 19 ס""מ SW פו",יחידה,0.00,יחידה,false,,12.90,0.0000,true,1,2247411
7296049013085,false,"צנצנת 1000 מ""ל מכסה",,,"צנצנת 1000 מ""ל מכסה",יחידה,0.00,יחידה,false,,19.90,0.0000,true,1,2235853
7296049013153,false,"מאג לוריין 425 מ""ל י",,,"מאג לוריין 425 מ""ל י",יחידה,0.00,יחידה,false,,12.90,0.0000,true,1,2235857
7296049013627,false,סט 4 כפיות מידה לקיט,,,סט 4 כפיות מידה לקיט,יחידה,0.00,יחידה,false,,14.90,0.0000,true,1,2235865
7296049014198,false,מאג תרמי 450 נירוסטה,,,מאג תרמי 450 נירוסטה,יחידה,0.00,יחידה,false,,29.90,0.0000,true,1,2235875
7296049014488,false,"תרמוס נירוסטה 1000 מ""ל",,,"תרמוס נירוסטה 100 מ""",יחידה,0.00,יחידה,false,,54.90,0.0000,true,1,2235880
7296049014631,false,בקבוק שתיה חרמון 650,,,בקבוק שתיה חרמון 650,יחידה,0.00,יחידה,false,,24.90,0.0000,true,1,2257138
7296049015973,false,פינג'אן נירוסטה 650,,,פינג'אן נירוסטה 650,יחידה,0.00,יחידה,false,,22.90,0.0000,true,1,2273849
7296049015980,false,פינג'אן נירוסטה 800,,,פינג'אן נירוסטה 800,יחידה,0.00,יחידה,false,,24.90,0.0000,true,1,2273850
7296049016574,false,כוס קידוש פורצלן ותח,,,כוס קידוש פורצלן ותח,יחידה,0.00,יחידה,false,,29.90,0.0000,true,1,2257175
7296049016628,false,מתקן כביסה פלסטיק שח,,,מתקן כביסה פלסטיק שח,יחידה,0.00,יחידה,false,,149.90,0.0000,true,1,2247036
7296049017182,false,מגן משטחים שקוף 150/,,,מגן משטחים שקוף 150/,יחידה,0.00,יחידה,false,,19.90,0.0000,true,1,2257193
7296049017199,false,מגן משטחים ספוג צבעו,,,מגן משטחים ספוג צבעו,יחידה,0.00,יחידה,false,,14.90,0.0000,true,1,2257194
7296049017236,false,מארז 20 אטבים פרימיו,,,מארז 20 אטבים פרימיו,יחידה,0.00,יחידה,false,,14.90,0.0000,true,1,2257195
7296049017250,false,מארז 30 אטבי עץ פיקס,,,מארז 30 אטבי עץ פיקס,יחידה,0.00,יחידה,false,,9.90,0.0000,true,1,2257197
7296049017267,false,מארז 20 אטבי פלסטיק,,,מארז 20 אטבי פלסטיק,יחידה,0.00,יחידה,false,,5.90,0.0000,true,1,2257198
7296049017274,false,מארז 40 אטבי פלסטיק,,,מארז 40 אטבי פלסטיק,יחידה,0.00,יחידה,false,,14.90,0.0000,true,1,2257199
7296049019322,false,מפזר חום עומד בוס,,,מפזר חום עומד 501/80,יחידה,0.00,יחידה,false,,69.90,0.0000,true,1,2282971
7296049222944,false,קנקן תה וחליטות מזכוכית,,,קנקן תה זכוכית,יחידה,0.00,יחידה,false,,39.90,0.0000,true,1,2172810
7296049225655,false,"טריו שחור מועך תפו""א",,,"טריו שחור מועך תפו""א",יחידה,0.00,יחידה,false,,19.90,0.0000,true,1,2209767
7296049225815,false,טריו אדום מברשת סילי,,,טריו אדום מברשת סילי,יחידה,0.00,יחידה,false,,19.90,0.0000,true,1,2209783
7296049226218,false,"קופסא זכוכית מלבן 590 מ""ל",,,פרש זכוכית מלבן 590,יחידה,0.00,יחידה,false,,16.90,0.0000,true,1,2209789
7296049226911,false,מאג זכוכית פריז 320,,,מאג זכוכית פריז 320,יחידה,0.00,יחידה,false,,9.90,0.0000,true,1,2209810
7296049226928,false,מאג זכוכית ניס 270 מ,,,מאג זכוכית ניס 270 מ,יחידה,0.00,יחידה,false,,9.90,0.0000,true,1,2209811
7296049226959,false,לקיטשן מאג זכוכית טו,,,מאג זכוכית טולוז 230,יחידה,0.00,יחידה,false,,9.90,0.0000,true,1,2209814
7296049226966,false,מאג זכוכית לימוז' 41,,,מאג זכוכית לימוז' 41,יחידה,0.00,יחידה,false,,9.90,0.0000,true,1,2209815
7296049228908,false,תיק צידנית 25 ליטר כ,,,תיק צידנית 25 ליטר כ,יחידה,0.00,יחידה,false,,49.90,0.0000,true,1,2215658
7296049229080,false,מגב מילניום BLANCA פ,,,מגב מילניום BLANCA פ,יחידה,0.00,יחידה,false,,22.90,0.0000,true,1,2235889
7296049229097,false,מגב מילניום BLANCA פ,,,מגב מילניום BLANCA פ,יחידה,0.00,יחידה,false,,24.90,0.0000,true,1,2235890
7296049258004,false,דן אחסונית 550cc,,,דן אחסונית 550cc,יחידה,0.00,יחידה,false,,6.90,0.0000,true,1,2247057
7296049258066,false,דן אחסונית 2400cc 21,,,דן אחסונית 2400cc 21,יחידה,0.00,יחידה,false,,16.90,0.0000,true,1,2247067
7296049258073,false,דן אחסונית 3300cc 21,,,דן אחסונית 3300cc 21,יחידה,0.00,יחידה,false,,19.90,0.0000,true,1,2247068
7296049258127,false,דן קערה מילאנו בינונ,,,דן קערה מילאנו בינונ,יחידה,0.00,יחידה,false,,5.90,0.0000,true,1,2247073
7296049258134,false,דן קערה מילאנו גדולה,,,דן קערה מילאנו גדולה,יחידה,0.00,יחידה,false,,9.90,0.0000,true,1,2247074
7296049258288,false,דן קערת התפחה 10 ליט,,,דן קערת התפחה 10 ליט,יחידה,0.00,יחידה,false,,19.90,0.0000,true,1,2247086
7296049258363,false,דן קליק קלאק גדול,,,דן קליק קלאק גדול,יחידה,0.00,יחידה,false,,19.90,0.0000,true,1,2247093
7296049258462,false,דן סלסלת מדף,,,דן סלסלת מדף,יחידה,0.00,יחידה,false,,9.90,0.0000,true,1,2247103
7296049258509,false,דן מכסה מיקרו 25 קטן,,,דן מכסה מיקרו 25 קטן,יחידה,0.00,יחידה,false,,7.90,0.0000,true,1,2247107
7296049258608,false,"דן ספל מאג 9.5/8 ס""מ",,,"דן ספל מאג 9.5/8 ס""מ",יחידה,0.00,יחידה,false,,3.90,0.0000,true,1,2247117
7296049258714,false,דן איחסונית לעוגה,,,דן איחסונית לעוגה,יחידה,0.00,יחידה,false,,14.90,0.0000,true,1,2247128
7296049258820,false,דן מסחטה,,,דן מסחטה,יחידה,0.00,יחידה,false,,7.90,0.0000,true,1,2247139
7296049258967,false,דן זוג תבניות לקוביו,,,דן זוג תבניות לקוביו,יחידה,0.00,יחידה,false,,9.90,0.0000,true,1,2247153
7296049258974,false,דן זוג גלילי קרח,,,דן זוג גלילי קרח,יחידה,0.00,יחידה,false,,12.90,0.0000,true,1,2247154
7296049259018,false,דן דלי 11 ליטר+ ידית,,,דן דלי 11 ליטר+ ידית,יחידה,0.00,יחידה,false,,14.90,0.0000,true,1,2247158
7296049259179,false,דן קופסא לעוגה מרובעת,,,קופסא לעוגה מרובעת,יחידה,0.00,יחידה,false,,18.90,0.0000,true,1,2247166
7296049259902,false,דן סט 4 כפות הגשה לב,,,דן סט 4 כפות הגשה לב,יחידה,0.00,יחידה,false,,9.90,0.0000,true,1,2247236
7296049259933,false,דן סלסלה ראטן קטנה,,,דן סלסלה ראטן קטנה,יחידה,0.00,יחידה,false,,14.90,0.0000,true,1,2247239
7296049259995,false,דן מתקן כוסות שולחני,,,דן מתקן כוסות שולחני,יחידה,0.00,יחידה,false,,12.90,0.0000,true,1,2247245
7296049266009,false,דן נטלה שיש סטאר,,,דן נטלה שיש סטאר,יחידה,0.00,יחידה,false,,9.90,0.0000,true,1,2247246
7296049266108,false,דן גיגית 60,,,דן גיגית 60,יחידה,0.00,יחידה,false,,39.90,0.0000,true,1,2247256
7296049299021,false,פיקס קלין מברשת בקבו,,,פיקס קלין מברשת בקבו,יחידה,0.00,יחידה,false,,6.90,0.0000,true,1,2247215
7296049299038,false,פיקס קלין מגב שיש/חל,,,פיקס קלין מגב שיש/חל,יחידה,0.00,יחידה,false,,9.90,0.0000,true,1,2247216
7296049299045,false,פיקס קלין מברשת אסלה,,,פיקס קלין מברשת אסלה,יחידה,0.00,יחידה,false,,11.90,0.0000,true,1,2247217
7296049299052,false,פיקס קלין מברשת אסלה,,,פיקס קלין מברשת אסלה,יחידה,0.00,יחידה,false,,6.90,0.0000,true,1,2247218
7296049299069,false,פיקס קלין מברשת מגהץ,,,פיקס קלין מברשת מגהץ,יחידה,0.00,יחידה,false,,9.90,0.0000,true,1,2247219
7296049299083,false,פיקס קלין מטאטא ילדי,,,פיקס קלין מטאטא ילדי,יחידה,0.00,יחידה,false,,9.90,0.0000,true,1,2247221
7296049299090,false,פיקס קלין מטאטא מלוד,,,פיקס קלין מטאטא מלוד,יחידה,0.00,יחידה,false,,14.90,0.0000,true,1,2247222
7296049299106,false,פיקס קלין מטאטא רובר,,,פיקס קלין מטאטא רובר,יחידה,0.00,יחידה,false,,14.90,0.0000,true,1,2247223
7296049299113,false,פיקס קלין מטאטא ונצי,,,פיקס קלין מטאטא ונצי,יחידה,0.00,יחידה,false,,14.90,0.0000,true,1,2247224
7296049299182,false,פיקס קלין מגב שיש פ,,,פיקס קלין מגב שיש פ,יחידה,0.00,יחידה,false,,8.90,0.0000,true,1,2252527
7296049299243,false,פיקס קלין כף אשפה עם,,,פיקס קלין כף אשפה עם,יחידה,0.00,יחידה,false,,5.90,0.0000,true,1,2252533
7296049299274,false,"פיקס קלין מגב 40 ס""מ",,,"פיקס קלין מגב 40 ס""מ",יחידה,0.00,יחידה,false,,12.90,0.0000,true,1,2252536
7296049299311,false,פיקס קלין מטאטא נילס,,,פיקס קלין מטאטא נילס,יחידה,0.00,יחידה,false,,14.90,0.0000,true,1,2252540
7296049299328,false,פיקס קלין מטאטא ניק,,,פיקס קלין מטאטא ניק,יחידה,0.00,יחידה,false,,14.90,0.0000,true,1,2252541
7296049299397,false,פיקס קלין חבל כביסה,,,פיקס קלין חבל כביסה,יחידה,0.00,יחידה,false,,20.90,0.0000,true,1,2252548
7296049299403,false,פיקס קלין חבל כביסה,,,פיקס קלין חבל כביסה,יחידה,0.00,יחידה,false,,3.90,0.0000,true,1,2252509
7296049299427,false,פיקס קלין חבל כביסה,,,פיקס קלין חבל כביסה,יחידה,0.00,יחידה,false,,16.90,0.0000,true,1,2252510
7296049299458,false,פיקס קלין מקל 150 מת,,,פיקס קלין מקל 150 מת,יחידה,0.00,יחידה,false,,9.90,0.0000,true,1,2252550
7296049299564,false,מסנן כיור סיליקון 1,,,מסנן כיור סיליקון 1,יחידה,0.00,יחידה,false,,9.90,0.0000,true,1,2273887
7296111000012,false,מי קולון Royal,,,ROYAL מי קולון,מיליליטרים,500.00,"100 מ""ל",false,,39.90,0.0798,true,1,1257393
7296155152760,false,דן קערה 36 שקופה+ידי,,,דן קערה 36 שקופה+ידי,יחידה,0.00,יחידה,false,,19.90,0.0000,true,1,2252504
7296168000898,false,ערכת כדורים שבועי,,,ערכת כדורים שבועי,יחידה,0.00,יחידה,false,,9.90,0.0000,true,1,2181897
7296168001055,false,אגד גזה נמתח,,,אגד גזה נמתח,יחידה,0.00,יחידה,false,,4.90,0.0000,true,1,2181873
7296168001062,false,אגד גזה נמתח,,,אגד גזה נמתח,יחידה,0.00,יחידה,false,,7.90,0.0000,true,1,2181874
7296168001079,false,אגד גזה נמתח,,,אגד גזה נמתח,יחידה,0.00,יחידה,false,,9.90,0.0000,true,1,2181875
7296168001406,false,אסלוניות 20 יחידות,,,אסלונית,יחידה,0.00,יחידה,false,,9.90,0.0000,true,1,2181921
7296168008047,false,חיתולי טטרה 6 יח',,,חיתולי טטרה 6 יח',יחידה,0.00,יחידה,false,,34.90,0.0000,true,1,2281358
7296168008078,false,חיתול טטרה מודפס 3 י,,,חיתול טטרה מודפס 3 י,יחידה,0.00,יחידה,false,,39.90,0.0000,true,1,2281360
7296168017124,false,פלסטר חום 30 יח',,,פלסטר חום 30 יח',יחידה,0.00,יחידה,false,,5.90,0.0000,true,1,2181913
7296168017155,false,פלסטר מעורב 30 יח,,,פלסטר מעורב 30 יח,יחידה,0.00,יחידה,false,,7.90,0.0000,true,1,1222942
7296168017230,false,פלסטר נייר רפואי,,,פלסטר נייר רפואי,יחידה,0.00,יחידה,false,,4.90,0.0000,true,1,2181877
7296168017278,false,פלסטר ילדים 20 יח,,,פלסטר ילדים 20 יח,יחידה,0.00,יחידה,false,,7.90,0.0000,true,1,1359837
7296168017308,false,פלסטר שקוף גדלים מעו,,,פלסטר שקוף גדלים מעו,יחידה,0.00,יחידה,false,,5.90,0.0000,true,1,2181903
7296168017759,false,פד דביק,,,פד דביק,יחידה,0.00,יחידה,false,,12.90,0.0000,true,1,2181879
7296168022296,false,ערכת עזרה ראשונה קופ,,,ערכת עזרה ראשונה קופ,יחידה,0.00,יחידה,false,,19.90,0.0000,true,1,2181904
7296168100185,false,פד סטרילי,,,פד סטרילי,יחידה,0.00,יחידה,false,,4.90,0.0000,true,1,2181884
7296168100321,false,פד סטרילי,,,פד סטרילי,יחידה,0.00,יחידה,false,,7.90,0.0000,true,1,2181886
7296168173639,false,פדים,,,פדים,יחידה,0.00,יחידה,false,,14.90,0.0000,true,1,2181890
7296168174605,false,פד אלכוהול,,,פד אלכוהול,יחידה,0.00,יחידה,false,,9.90,0.0000,true,1,2181891
7296179021769,false,ספריי מידנייט,,,ספריי מידנייט,מיליליטרים,150.00,"100 מ""ל",false,,14.90,0.0993,true,1,1766374
7296179021776,false,לאב לין וויט סט בראשית W.L.L,,,סט קרמים בראשית LLW,מיליליטרים,100.00,"100 מ""ל",false,,59.90,0.5990,true,1,1913869
7296179022766,false,"חמאת גוף 350 מ""ל שיק",,,"חמאת גוף 350 מ""ל שיק",מיליליטרים,350.00,"100 מ""ל",false,,29.90,0.0854,true,1,1366669
7296179022773,false,"חמאת גוף 350 מ""ל שיק",,,"חמאת גוף 350 מ""ל שיק",מיליליטרים,350.00,"100 מ""ל",false,,29.90,0.0854,true,1,1366670
7296179029642,false,דאו רול און מידנייט,,,דאו רול און מידנייט,מיליליטרים,80.00,"100 מ""ל",false,,14.90,0.1863,true,1,2126725
7296179029666,false,"מידנייט קרם לידיים 100 מ""ל",,,קרם ידיים מידנייט,מיליליטרים,100.00,"100 מ""ל",false,,9.90,0.0990,true,1,2126726
7297094011026,false,חיתולי טטרה מארז 6 ש,,,חיתולי טטרה מארז 6 ש,יחידה,0.00,יחידה,false,,34.90,0.0000,true,1,2146960
7297304000895,false,מכנס פרנץ טרי ארוך,,,מכנס פרנץ טרי ארוך,יחידה,0.00,יחידה,false,,39.00,0.0000,true,1,2134047
7297304001878,false,מכנס פוטר מידות S-3X,,,מכנס פוטר מידות S-3X,יחידה,0.00,יחידה,false,,39.00,0.0000,true,1,2134049
7297304001885,false,חליפת פוטר מידות M-3,,,חליפת פוטר מידות M-3,יחידה,0.00,יחידה,false,,99.90,0.0000,true,1,2134050
7297304001960,false,מכנס דגמח מידות 38-5,,,מכנס דגמח מידות 38-5,יחידה,0.00,יחידה,false,,59.00,0.0000,true,1,2134052
7297304002004,false,פריט לבוש גברים/נשים,,,פריט לבוש גברים/נשים,יחידה,0.00,יחידה,false,,49.90,0.0000,true,1,2227792
7297391138600,false,גרבי תינוק 3 יח',,,גרבי תינוק 3 יח',יחידה,0.00,יחידה,false,,14.90,0.0000,true,1,2172615
7297391138624,false,גרבי תינוק נגד החלקה,,,גרבי תינוק נגד החלקה,יחידה,0.00,יחידה,false,,14.90,0.0000,true,1,2172617
7297425171542,false,"דיפיוזר 200 מ""ל ספיי",,,"דיפיוזר 200 מ""ל ספיי",יחידה,0.00,יחידה,false,,69.90,0.0000,true,1,2193318
7297425171818,false,נר 160 גרם - אטלס,,,נר 160 גרם - אטלס,יחידה,0.00,יחידה,false,,49.90,0.0000,true,1,2193338
7297425315069,false,מגבת 50/90 פאלאס ג'ק,,,מגבת 50/90 פאלאס ג'ק,יחידה,0.00,יחידה,false,,34.90,0.0000,true,1,2207125
7297425315076,false,מגבת 50/90 פאלאס ג'ק,,,מגבת 50/90 פאלאס ג'ק,יחידה,0.00,יחידה,false,,34.90,0.0000,true,1,2207126
7297425341020,false,מזרונית 120/200,,,מזרונית 120/200,יחידה,0.00,יחידה,false,,59.90,0.0000,true,1,2190812
7297425341044,false,מזרונית 160/200,,,מזרונית 160/200,יחידה,0.00,יחידה,false,,69.90,0.0000,true,1,2190813
7297425341068,false,זוג מגיני כריות,,,זוג מגיני כריות,יחידה,0.00,יחידה,false,,39.90,0.0000,true,1,2190815
7297425669735,false,מפה 145/240 סמ מילאנ,,,מפה 145/240 סמ מילאנ,יחידה,0.00,יחידה,false,,69.90,0.0000,true,1,2271653
7297425669759,false,מפה 145/300 סמ מילאנ,,,מפה 145/300 סמ מילאנ,יחידה,0.00,יחידה,false,,79.90,0.0000,true,1,2271655
7297488097995,false,גרנולה דבש ללא גלוטן,תות תעשיות מזון (201,IL,גרנולה דבש דגש 250,גרמים,250.00,100 גרם,false,,15.90,0.0636,true,1,1263959
7297488098015,false,גרנולה קרנץ' עם שוקולד צ'יפס מריר,תות תעשיות מזון (201,IL,גרנולה קרנצ'י שוקו דגש 25,גרמים,250.00,100 גרם,false,,15.90,0.0636,true,1,1263961
7297488098152,false,דגש קמח חומוס ללא גל,אף.סי תבליני בגליל ב,IL,קמח חומוס 500,גרמים,500.00,100 גרם,false,,15.90,0.0318,true,1,1263973
7297488098169,false,דגש קמח תירס ללא גלו,תבליני העליון 2007 ב,IL,קמח תירס 500 גרם,גרמים,500.00,100 גרם,false,,9.90,0.0198,true,1,1263974
7297488098183,false,קמח אורז לבן ללא גלו,תבליני העליון 2007 ב,IL,קמח אורז דגש 500 ג',גרמים,500.00,100 גרם,false,,9.90,0.0198,true,1,1263976
7297488098190,false,קמח אורז מלא ללא גלוטן,אף.סי תבליני בגליל ב,IL,קמח אורז מלא 500 גרם,גרמים,500.00,100 גרם,false,,12.90,0.0258,true,1,1263977
7297488098299,false,קמח טפיוקה ללא גלוטן,אף סי תבליני הגליל ב,IL,קמח טפיוקה,גרמים,500.00,100 גרם,false,,10.90,0.0218,true,1,1263986
7297488098305,false,קמח שקדים ללא גלוטן,תות תעשיות מזון (201,IL,"קמח שקדים ""דגש""",גרמים,250.00,100 גרם,false,,27.90,0.1116,true,1,1263987
7297488098688,false,פצפוצי אורז מלא ללא,,,פצפוצי אורז מלא ללא,גרמים,450.00,100 גרם,false,,20.90,0.0464,true,1,1723611
7297488099760,false,עוגיות דגש בטעם חלוו,דגש- דוכן גן שמואל,,עוגיות בטעם חלבה דגש,גרמים,250.00,100 גרם,false,,28.90,0.1156,true,1,1714591
7297488099777,false,עוגיות דגש בטעם קאשי,דגש- דוכן גן שמואל,,עוגיות בטעם קשיו דגש,גרמים,250.00,100 גרם,false,,28.90,0.1156,true,1,1714592
7297488099821,false,גרנולה ללא תוספת סוכר לנמנעים מגלוטן,תות תעשיות מזון (201,IL,גרנולה ללא תוספת סוכ,גרמים,250.00,100 גרם,false,,14.90,0.0596,true,1,1714594
7297488099890,false,פרוסות בסגנון קלאסי 9% שומן טבעוני,"טרופיקל דגיל בע""מ אז",IL,גבינה טבעונית פרוסות,גרמים,200.00,100 גרם,false,,19.90,0.0995,true,1,1323828
7297488099906,false,פרוסות בסגנון קלאסי 18% שומן טבעוני,"טרופיקל דגיל בע""מ אז",IL,גבינה טבעונית צהובה,גרמים,200.00,100 גרם,false,,19.90,0.0995,true,1,1323829
7297488099968,false,גבינה טבעונית מלוחה,"טרופיקל דגיל בע""מ אז",IL,גבינה טבעונית מלוחה,גרמים,250.00,100 גרם,false,,19.90,0.0796,true,1,1323832
7297488199590,false,פצפוצי אורז לבן תפוח ללא גלוטן,דגש- דוכן גן שמואל,IL,פצפוצי אורז 450 גר' דגש,גרמים,450.00,100 גרם,false,,20.90,0.0464,true,1,1263995
7297488199606,false,פצפוצי אורז תפוח ללא תוספת סוכר ומלח ללא גלוטן,דגש- דוכן גן שמואל,IL,פצפוצי אורז קל 450 ג' דגש,גרמים,450.00,100 גרם,false,,20.90,0.0464,true,1,1263996
7297488199620,false,פצפוצי אורז מלא תפוח ללא גלוטן,דגש- דוכן גן שמואל,IL,פצפוצי אורז מלא 450 ג' דג,גרמים,450.00,100 גרם,false,,20.90,0.0464,true,1,1263997
7297488199682,false,קמח כוסמת ללא גלוטן,תות תעשיות מזון (201,IL,קמח כוסמת 500 ג' דגש,גרמים,500.00,100 גרם,false,,14.90,0.0298,true,1,1264001
7297576718658,false,זוג בוקסרים רחבים,,,זוג בוקסרים רחבים,יחידה,0.00,יחידה,false,,109.90,0.0000,true,1,2141442
7297611396704,false,שני גרבי ריב חמות או,,,שני גרבי ריב חמות או,יחידה,0.00,יחידה,false,,26.90,0.0000,true,1,2237003
7297611460405,false,שני זוגות סניקרס מאש,,,שני זוגות סניקרס מאש,יחידה,0.00,יחידה,false,,26.90,0.0000,true,1,2241573
7298572897095,false,צולה כבד רשת,,,צולה כבד רשת,יחידה,0.00,יחידה,false,,16.90,0.0000,true,1,2252590
7312040017034,false,וודקה אבסולוט Absolut,,,וודקה אבסלוט ליטר,ליטרים,1.00,ליטר,false,,89.90,89.9000,true,1,1239608
7312040017683,false,וודקה אבסולוט בקבוק,חברת אבסולוט,SE,"וודקה אבסלוט 700 מ""ל",מיליליטרים,700.00,"100 מ""ל",false,,59.90,0.0856,true,1,1332405
7322540082210,false,מגני תחתון ליברס דיי,,,מגני תחתוניות דיילי,יח',64.00,יח',false,,16.90,0.2641,true,1,2228710
7332531063135,false,"סאיוס ספרי סרמיד לחיזוק @ 400 מ""ל",,,ספרי לשיער סאיוס,מיליליטרים,400.00,"100 מ""ל",false,,24.90,0.0622,true,1,1553005
7394376123337,false,"משקה שיבולת שועל אורגני אוטלי , 1 ל'",טרנסומס פוד איי.בי,SE,משקה שיבולת שועל או,ליטרים,1.00,ליטר,false,,13.90,13.9000,true,1,2160335
7394376615825,false,"אוטלי משקה שיבולת שועל בתוספת סידן וויטמינים , 1 ל'",אוטלי OATLY,SE,משקה שיבולת שועל אוט,ליטרים,1.00,ליטר,false,,13.90,13.9000,true,1,2160336
7394376615832,false,אוטלי משקה שיבולת שועל בטעם שוקולד 1 ליטר,אוטלי OATLY,SE,משקה שיבולת שועל בט,ליטרים,1.00,ליטר,false,,15.90,15.9000,true,1,2160337
7394376616778,false,אוטלי משקה שיבולת שועל להקצפה בריסטה 1 ליטר,אוטלי OATLY,SE,משקה שיבולת שועל לה,ליטרים,1.00,ליטר,false,,15.90,15.9000,true,1,2160338
7394376620294,false,משקה שיבולת שועל וני,איי אם פי אס איי תעש,NL,משקה שיבולת שועל בט,ליטרים,1.00,ליטר,false,,15.90,15.9000,true,1,2273026
7441000720605,false,לבבות דקל בצנצנת 410,אינקופלמיטו אס. אי,EC,לבבות דקל בצנצנת 410,גרמים,410.00,100 גרם,false,,14.90,0.0363,true,1,2135345
7456258458538,false,פקק כיור בבליסטר,,,פקק כיור בבליסטר,יחידה,0.00,יחידה,false,,6.90,0.0000,true,1,2172844
7501013101348,false,גומקס מנגו בקבוק 473,חומקס קומר קומרסאליז,MX,נקטר מנגו -ג'ומקס 47,מיליליטרים,473.00,"100 מ""ל",false,,8.90,0.0188,true,1,2123723
7501013101393,false,"JUMEX מיץ אננס 100% -473מ""ל",חומקס קומר קומרסאליז,MX,נקטר אננס -ג'ומקס 47,מיליליטרים,473.00,"100 מ""ל",false,,8.90,0.0188,true,1,2123726
7501013122039,false,ג'ומקס מיץ מנגו קרטונית ליטר תריסר,חומקס קומר קומרסאליז,MX,נקטר מנגו ג'ומקס קרט,ליטרים,1.00,ליטר,false,,9.90,9.9000,true,1,2130449
7501013122053,false,ג'ומקס מיץ אפרסק קרטונית ליטר תריסר,חומקס קומר קומרסאליז,MX,נקטר אפרסק-ג'ומקס קר,ליטרים,1.00,ליטר,false,,9.90,9.9000,true,1,2123736
7501013122114,false,"נקטר משקה אננס בקרטונית ג'ומקס, 1 ל'",חומקס קומר קומרסאליז,MX,נקטר אננס ג'ומקס קרט,ליטרים,1.00,ליטר,false,,9.90,9.9000,true,1,2123737
7501013122190,false,ג'ומקס מיץ תפוחים קרטונית ליטר תריסר,חומקס קומר קומרסאליז,MX,משקה תפוחים ג'ומקס ק,ליטרים,1.00,ליטר,false,,9.90,9.9000,true,1,2123738
7501013122992,false,ג'ומקס מיץ קוקוס אננס קרטונית ליטר תריסר,חומקס קומר קומרסאליז,MX,משקה מנגו ג'ומקס קרט,ליטרים,1.00,ליטר,false,,9.90,9.9000,true,1,2123739
7501013138184,false,יוניקו פרסקו משקה חמוציות קרטונית 1 ל',חומקס קומר קומרסאליז,MX,נקטר חמוציות יוניקו,ליטרים,1.00,ליטר,false,,11.90,11.9000,true,1,2123733
7501049936945,false,"שישיית בירה סול 330 מ""ל",היינקן,NL,שישייה בירה סול 330,ליטרים,1.98,ליטר,false,,39.90,20.1515,true,1,2154318
7501064191398,false,שישיית בירה קורונה אקסטרא *355 מל,קריניציה ויטמינה אס,MX,בירה קורונה שישייה 3,ליטרים,2.13,ליטר,false,,39.90,18.7324,true,1,2098448
7503012779306,false,סירופ אגבה כחולה אורגני,נוטריגבאס דה מקסיקו,MX,סירופ אגבה כחולה אור,גרמים,330.00,100 גרם,false,,16.90,0.0512,true,1,1405791
7503012779405,false,סירופ אגבה כחולה נטו,נוטריאגבס דה מקסיקו,MX,סירופ אגבה כחולה אור,מיליליטרים,660.00,"100 מ""ל",false,,29.90,0.0453,true,1,1405792
7509546057545,false,ליידי ספיד סטיק פרו 5 סטיק 45 גר',קולגייט פלמוליב,BY,דאודורנט ליידי ספיד,גרמים,45.00,100 גרם,false,,17.90,0.3978,true,1,2214337
7509546061672,false,דאודורנט סטיק אקסטרים אינטנס,קולגייט פלמוליב,BY,דאודורנט סטיק-אקסטרי,גרמים,50.00,100 גרם,false,,17.90,0.3580,true,1,2266271
7509546063515,false,ליידי ספיד סטיק -סטיק פרו 5 ספריי 150 מל,קולגייט פלמוליב,BY,דאודורנט ספריי ליידי,מיליליטרים,150.00,"100 מ""ל",false,,19.90,0.1327,true,1,2266272
7509546666846,false,"קולגייט טוטאל משחת שיניים פחם 75 מ""ל",קולגייט פלמוליב,MX,משחת שיניים קולגייט,מיליליטרים,75.00,"100 מ""ל",false,,19.90,0.2653,true,1,2205755
7509546678702,false,קולגייט משחת שיניים טוטל אנטי טרטר 100 מ,קולגייט-פלמוליב,BR,משחת שיניים קולגייט,מיליליטרים,100.00,"100 מ""ל",false,,14.90,0.1490,true,1,2264692
7610023050215,false,פמיליה גרנולה קראנצי 500 ג',פמיליה familia,CH,"מיזלי ""קראנצ איקס 500 ""ג'",גרמים,500.00,100 גרם,false,,18.90,0.0378,true,1,1266662
7610023051212,false,פמיליה מיזלי שוקו איקס בשקית 500ג,מיוצר עי קונדיטוריית,CH,"מיזלי ""שוקו איקס 500 ""ג'",גרמים,500.00,100 גרם,false,,18.90,0.0378,true,1,1266664
7610100034084,false,מיונז טומי בשפורפרת,נסטלה שוויץ ס.א,US,מיונז טומי בשפורפרת,גרמים,265.00,100 גרם,false,,12.90,0.0487,true,1,1496011
7610113000175,false,"בקרדי מוחיטו 700 מ""ל",בקרדי מרטיני,DE,רום בקרדי מוחיטו,מיליליטרים,700.00,"100 מ""ל",false,,74.90,0.1070,true,1,1804861
7610113011652,false,"בקרדי בריזר תפוח 275 מ""ל בקבוק",בקרדי בריזר Bacardi Breezer,BE,בקרדי בריזר-תפוח 275,מיליליטרים,275.00,"100 מ""ל",false,,12.90,0.0469,true,1,2154319
7610113013250,false,בקרדי מוחיטו פחית 250 מל,בקרדי מרטיני,BE,פחית ברקדי מוחיטו,מיליליטרים,250.00,"100 מ""ל",false,,12.90,0.0516,true,1,2214548
7610211130903,false,סוכרזית הרמזית 800+2,מרום את קונפינו,,סוכרזית הרמזית 800+2,גרמים,800.00,100 גרם,false,,24.90,0.0311,true,1,2240248
7610243004463,false,"דורגול - מרסס להסרת אבנית במקלחון 600 מ""ל",יעקבי- דורגול Durgol,CH,דורגול מרסס,מיליליטרים,600.00,"100 מ""ל",false,,24.90,0.0415,true,1,1241156
7610400010481,false,שוקולד לינדט אקסלנס,לינדט Lindt,FR,לינדט אקסלנס מילק 100 גרם,גרמים,100.00,100 גרם,false,,14.90,0.1490,true,1,1234905
7610400014632,false,שוקולד שויצרי לבן בו,לינדט Lindt,CH,לינדור בודד וואיט 100 גרם,גרמים,100.00,100 גרם,false,,15.90,0.1590,true,1,1234909
7610400014649,false,שוקולד חלב במילוי קרם רך,לינדט ושפרונגלי,CH,לינדור בודד מילק 100גרם,גרמים,100.00,100 גרם,false,,15.90,0.1590,true,1,1234910
7610400068369,false,שוקולד חלב במילוי קרם אגוזים,לינדט ושפרונגלי,CH,לינדור בודד הזלנט 100 גרם,גרמים,100.00,100 גרם,false,,15.90,0.1590,true,1,1234913
7610400068505,false,בונבוניירת לינדור Lindor שוקולד חלב,לינדט ושפרונגלי,CH,לינדור בונ' מילק 200 גרם,גרמים,200.00,100 גרם,false,,22.90,0.1145,true,1,1234914
7610400068529,false,בונבוניירת לינדור Lindor מעורבב,לינדט ושפרונגלי,CH,לינדור בונ' אסורטד 200 גר,גרמים,200.00,100 גרם,false,,22.90,0.1145,true,1,1234915
7610400070577,false,שוקולד מריר אקסלנס עם צ'ילי,לינדט Lindt,CH,לינדט אקסלנס צ'ילי 100 גר,גרמים,100.00,100 גרם,false,,14.90,0.1490,true,1,1278836
7610400074155,false,שוקולד מריר במילוי קרם,"לינדט ושפרונגלי, CH-",CH,לינדור בודד 60% 100 גרם,גרמים,100.00,100 גרם,false,,15.90,0.1590,true,1,1234924
7610400075770,false,שוקולד מריר עם אגוזי לוז שלמים,לינדט ושפרונגלי,CH,לינדט לגרנד דארק הזלנט 15,גרמים,150.00,100 גרם,false,,19.90,0.1327,true,1,1234925
7610400075787,false,שוקולד חלב עם אגוזי לוז שלמים,"לינדט ושפרונגלי, קיל",CH,לינדט לגרנד מילק הזלנט 15,גרמים,150.00,100 גרם,false,,19.90,0.1327,true,1,1234926
7610400075794,false,שוקולד לינדט לה גרנד,לינדט ושפרונגלי,CH,לינדט לגרנד ואיט אלמוד 15,גרמים,150.00,100 גרם,false,,19.90,0.1327,true,1,1234927
7610400085946,false,שוקולד לינדט לגרנד ש,לינדט,,שוקולד לינדט לגרנד,גרמים,150.00,100 גרם,false,,19.90,0.1327,true,1,2123028
7610400086202,false,שוקולד מריר לה גרנד עם אוכמניות וחמוציות,לינדט Lindt,,שוקולד מריר לינדט לה,גרמים,150.00,100 גרם,false,,19.90,0.1327,true,1,1741471
7610400091060,false,שוקולד מריר לינדט אקסלנס בתוספת תפוז ושקדים,לינדט ושפרונגלי,,שוקולד מריר לינדט אק,גרמים,100.00,100 גרם,false,,14.90,0.1490,true,1,2154113
7610700002681,false,ריקולה סוכריות ללא סוכר בטעם צמחים 50 גר',,,סוכריות ריקולה צמחים,גרמים,50.00,100 גרם,false,,12.90,0.2580,true,1,2152206
7610700009956,false,ריקולה ללא ת.סוכר 50 ג'-סמבוקוס,,,סוכריות ריקולה צמחים,גרמים,50.00,100 גרם,false,,12.90,0.2580,true,1,2159075
7610700010778,false,ריקולה ס.לל'ס פטל חמוציות,,,סוכריות ריקולה צמחים,גרמים,50.00,100 גרם,false,,12.90,0.2580,true,1,2274974
7610700012642,false,ריקולה לימון מנטה שקית 70,ריקולה,CH,סוכריות ריקולה צמחים,גרמים,70.00,100 גרם,false,,9.90,0.1414,true,1,2180854
7610700013083,false,ריקולה ס.לל'ס מנטה 50 גרם,,,סוכריות ריקולה צמחים,גרמים,50.00,100 גרם,false,,12.90,0.2580,true,1,2219068
7610700607046,false,סוכריות צמחים לימון ומנטה ללא תוספת סוכר,ריקולה Ricola,,סוכריות ריקולה צמחים,גרמים,50.00,100 גרם,false,,12.90,0.2580,true,1,1251771
7610700607077,false,סוכריות צמחים תפוז ומנטה ללא תוספת סוכר,ריקולה Ricola,,סוכריות ריקולה צמחים,גרמים,50.00,100 גרם,false,,12.90,0.2580,true,1,1251772
7610700614914,false,סוכריות צמחים וחמוציות ללא תוספת סוכר,ריקולה Ricola,,סוכריות ריקולה צמחים,גרמים,50.00,100 גרם,false,,12.90,0.2580,true,1,1251775
7612720201044,false,ריחנית CAFE LT,,,ריחנית CAFE LT,יחידה,0.00,יחידה,false,,4.90,0.0000,true,1,2252324
7612720201457,false,ריחנית ORANGE JUICE,,,ריחנית ORANGE JUICE,יחידה,0.00,יחידה,false,,4.90,0.0000,true,1,2252325
7612720201563,false,ריחנית LITTLE TREE B,,,ריחנית LITTLE TREE B,יחידה,0.00,יחידה,false,,4.90,0.0000,true,1,2252326
7612720201723,false,ריחנית LITTLE TREE S,,,ריחנית LITTLE TREE S,יחידה,0.00,יחידה,false,,4.90,0.0000,true,1,2252328
7612720208074,false,ריחנית CELEBRATE LT,,,ריחנית CELEBRATE LT,יחידה,0.00,יחידה,false,,4.90,0.0000,true,1,2252331
7612720881864,false,פחית לרכב אורגנית,,,פחית לרכב אורגנית,יחידה,0.00,יחידה,false,,16.90,0.0000,true,1,2135490
7613030979647,false,דגני בוקר טריקס פירות עולם היורה 480 ג',ג'נרל מילס סאן אדריא,IL,דגני בוקר טריקס 480,גרמים,480.00,100 גרם,false,,23.90,0.0498,true,1,1770267
7613031608850,false,פיטנס Fitness דגני בוקר קלאסי,נסטלה Nestle,FR,פיטנס קלאסי 625 גרם,גרמים,625.00,100 גרם,false,,27.90,0.0446,true,1,1224166
7613032045753,false,פיטנס - דגני בוקר שוקולד 375 גרם,נסטלה צרפת איטנקורט,FR,פיטנס שוקולד 375 גרם,גרמים,375.00,100 גרם,false,,19.90,0.0531,true,1,1224167
7613033548192,false,פיטנס - דגני בוקר שוקולד מריר 375 גרם,נסטלה צרפת איטנקורט,FR,פיטנס שוקולד מריר 375 גרם,גרמים,375.00,100 גרם,false,,19.90,0.0531,true,1,1224191
7613033635571,false,פורינה וואן - חתול סטרילייז סלמון 800 גרם,נסטלה פורינה צרפת,FR,פורינה ONE חתול גור,גרמים,800.00,100 גרם,false,,39.90,0.0499,true,1,2128006
7613035548374,false,דגני בוקר גולדן מיניס מחיטה מלאה ותירס,נסטלה צרפת איטנקורט,FR,דגני בוקר גולדן מיני,גרמים,570.00,100 גרם,false,,24.90,0.0437,true,1,1336249
7613035614482,false,מזון לגור חתולים בטעם עוף פורינה ONE,פורינה Purina,US,פורינה ONE חתול גור,גרמים,800.00,100 גרם,false,,39.90,0.0499,true,1,2128012
7613035622623,false,פיטנס - גרנולה שקדים ודבש 300 גרם,שוורצקוף& הנקל דיסלד,LT,פיטנס גרנולה שקדים ו,גרמים,300.00,100 גרם,false,,12.90,0.0430,true,1,1352263
7613035635845,false,פיטנס גרנולה שוקולד 14*300 גרם,שוורצקוף& הנקל דיסלד,LT,פיטנס גרנולה שוקולד,גרמים,300.00,100 גרם,false,,12.90,0.0430,true,1,1352264
7613035758834,false,גרנולה חומציות 300 ג' פיטנס,שוורצקוף& הנקל דיסלד,LT,פיטנס גרנולה חמוציות,גרמים,300.00,100 גרם,false,,12.90,0.0430,true,1,1403210
7613035807778,false,פרפקטו רוטב עגבניות לבולונז 400 ג' אסם,אסם פרפקטו Perfecto,ES,רוטב עגבניות לבלונז,גרמים,400.00,100 גרם,false,,8.90,0.0223,true,1,1403183
7613035809109,false,פרפקטו רוטב עגבניות ובזיליקום 400 ג'אסם,אסם פרפקטו Perfecto,ES,רוטב עגבניות ובזילקו,גרמים,400.00,100 גרם,false,,8.90,0.0223,true,1,1403184
7613035809123,false,פרפקטו רוטב עגבניות עם פלפלים 400 ג' אסם,אסם פרפקטו Perfecto,ES,רוטב עגבניות עם פלפל,גרמים,400.00,100 גרם,false,,8.90,0.0223,true,1,1403185
7613035809857,false,פרפקטו רוטב עגבניות לפסטה ולבישול 400 ג' אסם,אסם פרפקטו Perfecto,ES,רוטב עגבניות לפסטה ו,גרמים,400.00,100 גרם,false,,8.90,0.0223,true,1,1403186
7613035975897,false,מים מינרלים מוגזים רביעייה בקבוק אישי,פרייה Perrier,,רביעיית מים פרייה מו,מיליליטרים,1320.00,"100 מ""ל",false,,22.90,0.0173,true,1,1471294
7613036280334,false,רביעיית אנד ג'וס אפר,,,רביעיית אנד ג'וס אפר,ליטרים,1.00,ליטר,false,,24.90,24.9000,true,1,2180134
7613036288026,false,"דוגלי גורים 4*3ק""ג",,,"דוגלי גורים 3 ק""ג",קילוגרמים,3.00,"ק""ג",false,,42.90,14.3000,true,1,1728243
7613036314114,false,נסקפה גולד Gold קפה נמס מיובש בתוספת קפה קלוי,נסקפה Nescafe,,נס קפה גולד,גרמים,200.00,100 גרם,false,,44.90,0.2245,true,1,1853538
7613036520492,false,פרפקטו רוטב עגבניות לפיצה 400 ג',אסם פרפקטו Perfecto,ES,רוטב עגבניות לפיצה פ,גרמים,400.00,100 גרם,false,,8.90,0.0223,true,1,1777850
7613036710879,false,מארז מיני חטיפי קיט קט צ'אנקי Kit Kat Chanky,נסטלה Nestle,,חטיף קיט קט מיני,גרמים,194.00,100 גרם,false,,12.90,0.0665,true,1,1936292
7613036725286,false,דנטלייף חטיף דנטלי לחתול בטעם סלמון,פורינה Purina,US,דנטלייף חתול בטעם סל,גרמים,40.00,100 גרם,false,,9.90,0.2475,true,1,2226663
7613036725309,false,דנטלייף חטיף דנטלי לחתול בטעם עוף,פורינה Purina,US,דנטלייף חתול בטעם עו,גרמים,40.00,100 גרם,false,,9.90,0.2475,true,1,2226664
7613036737623,false,דגני בוקר קראנץ מקס,,,דגני בוקר קראנץ מקס,גרמים,410.00,100 גרם,false,,24.90,0.0607,true,1,1862377
7613036867870,false,נסקפה דולצה גוסטו אספרסו בריסטה קפסולות 112 ג',,,נסקפה דולצה גוסטו אס,גרמים,112.00,100 גרם,false,,28.90,0.2580,true,1,2001247
7613036880534,false,גרבר מחית ירקות מעורבים מטרנה 190 גר',נסטלה פולסקה אס.איי,PL,גרבר מחית מרק ירקות,גרמים,190.00,100 גרם,false,,6.50,0.0342,true,1,2128100
7613036976657,false,מזון לחתולים פריסקיז פאוצ' הודו,נסטלה פורינה,HU,פריסקיז פאוצ' הודו,גרמים,85.00,100 גרם,false,,3.90,0.0459,true,1,2178754
7613036976671,false,פריסקיז - פאוץ עוף ברוטב 85 גרם,יו פי אף,FR,פריסקיז פאוצ' עוף,גרמים,85.00,100 גרם,false,,3.90,0.0459,true,1,2138244
7613036976695,false,פריסקיז - פאוץ בקר ברוטב 85 גרם,נסטלה פורינה הונגריה,HU,פריסקיז פאוצ' בקר,גרמים,85.00,100 גרם,false,,3.90,0.0459,true,1,2138239
7613036976718,false,פריסקיז - פאוץ ברווז ברוטב 85 גרם,יו פי אף,FR,פריסקיז פאוצ' ברווז,גרמים,85.00,100 גרם,false,,3.90,0.0459,true,1,2138245
7613036976732,false,פריסקיז - פאוץ סולומון 85 גרם,נסטלה פורינה,HU,פריסקיז פאוצ' סלמון,גרמים,85.00,100 גרם,false,,3.90,0.0459,true,1,2178748
7613037012095,false,פיטנס - גרנולה שוקולד קינואה ושקדים 300 גרם,NESTLE WATERS,,פיטנס גרנולה שוקולד,גרמים,300.00,100 גרם,false,,12.90,0.0430,true,1,2084057
7613037012200,false,גרבר - מחית תפוח מנגו גזר פאוץ 90 גרם,כלורוקס אוקלנד,ES,גרבר מחית תפוח מנגו,גרמים,90.00,100 גרם,false,,6.50,0.0722,true,1,2130943
7613037204797,false,סטארבקס - פולי קפה בלונד אספרסו 450 גרם,Unknown,IL,סטארבקס פולי קפה בלו,גרמים,450.00,100 גרם,false,,49.90,0.1109,true,1,2200331
7613037204889,false,סטארבקס - פולי קפה אספרסו 450 גרם,Unknown,IL,סטארבקס פולי קפה בלו,גרמים,450.00,100 גרם,false,,49.90,0.1109,true,1,2200332
7613037276091,false,נסטלה מיקס מיני אריזות דגני בוקר 200 ג',נסטלה Nestle,FR,דגני בוקר מיקס מיני,גרמים,200.00,100 גרם,false,,16.90,0.0845,true,1,2109014
7613037686906,false,פיטנס - דגני בוקר שקדים ודבש 355 גרם,נסטלה צרפת איטנקורט,FR,דגני בוקר פיטנס שקדי,גרמים,355.00,100 גרם,false,,19.90,0.0561,true,1,2130945
7613037687132,false,דגני פיטנס שקדים ודב,נסטלה צרפת איטנקורט,,דגני בוקר שקדים 585,גרמים,585.00,100 גרם,false,,26.90,0.0460,true,1,2130946
7613037811629,false,דגני בוקר קורנפלקס גו פרי 500 גר',שוורצקוף& הנקל דיסלד,IL,קורנפלקס גו פרי 500,גרמים,500.00,100 גרם,false,,14.90,0.0298,true,1,2140112
7613038268262,false,דגני בוקר צ'יריוס דבש ושקדים במתיקות מעודנת,נסטלה פולין דגני בוק,FR,דגני בוקר האני ציריו,גרמים,410.00,100 גרם,false,,19.90,0.0485,true,1,2134828
7613038451954,false,דגני בוקר שוקולד מופחת סוכר 410 ג' קראנץ',סי. פי. צרפת,FR,דגני בוקר קראנץ שוקו,גרמים,410.00,100 גרם,false,,21.90,0.0534,true,1,2134803
7613039547632,false,גרבר מחית תפוח בננה תות פאוץ' 90 גר',שוורצקוף& הנקל דיסלד,ES,גרבר מחית תפוח בננה,גרמים,90.00,100 גרם,false,,5.90,0.0656,true,1,2169080
7613039547731,false,גרבר - מחית תפוח משמש פאוץ 90 גרם,כלורוקס אוקלנד,IL,גרבר מחית תפוח משמש,גרמים,90.00,100 גרם,false,,5.90,0.0656,true,1,2169081
7613039547922,false,גרבר מחית תפוח בננה אגס פאוץ' 90 גר',,ES,גרבר מחית תפוח בננה,גרמים,90.00,100 גרם,false,,5.90,0.0656,true,1,2169082
7613039770450,false,סנסשיונל בורגר טבעול 226 ג',ג'נרל מילס סאן אדריא,IL,טבעול סנסשיונל בורגר,גרמים,226.00,100 גרם,false,,34.90,0.1544,true,1,2170339
7613039771174,false,טחון צמחוני סנסשיונל מינס,ג'נרל מילס סאן אדריא,IL,טבעול סנסשיונל מינס,גרמים,400.00,100 גרם,false,,34.90,0.0872,true,1,2170340
7613039879382,false,גרבר - מחית תפוחי עץ 190 גרם,מטרנה,PL,גרבר מחית תפוחי עץ,גרמים,190.00,100 גרם,false,,6.50,0.0342,true,1,2184981
7613287008497,false,סטארבקס - פולי קפה פייק פלייס 450 גרם,Unknown,IL,סטארבקס פולי קפה פיי,גרמים,450.00,100 גרם,false,,49.90,0.1109,true,1,2200333
7613287155832,false,מטרנה מחית תפוח פאוץ' 90 גר',כלורוקס אוקלנד,IL,גרבר מחית תפוח פאוץ,גרמים,90.00,100 גרם,false,,6.50,0.0722,true,1,2199828
7613287155863,false,מטרנה מחית אגס פאוץ' 90 גר',גרבר Gerber,IL,גרבר מחית אגס פאוץ,גרמים,90.00,100 גרם,false,,5.90,0.0656,true,1,2184988
7613287155894,false,"גרבר - מחית אפרסק כל""פ פאוץ 90 גרם",גרבר Gerber,IL,גרבר מחית אפרסק פאוץ,גרמים,90.00,100 גרם,false,,6.50,0.0722,true,1,2194528
7613287155924,false,מטרנה מחית תפוח וגזר פאוץ' 90 גר',גרבר Gerber,IL,גרבר מחית תפוח גזר פ,גרמים,90.00,100 גרם,false,,5.90,0.0656,true,1,2184989
7613287182425,false,מחית בננה תפוח ותות ויטמינצ'יק 110 ג',"טרופיקל דגיל בע""מ אז",IL,ויטמינצ'יק פרי תפוח,גרמים,110.00,100 גרם,false,,6.90,0.0627,true,1,2217560
7613287302373,false,קפסולות סטארבקס איטלאן סטייל רוסט 57*10גר',נסטלה שוויץ - קפה,IL,סטארבקס איטלאן סטייל,גרמים,55.00,100 גרם,false,,21.90,0.3982,true,1,2197394
7613287325808,false,אוסם - דיפ אנד ספרד מטבל איולי שום 295 גרם,נסטלה פולין,PL,רוטב איולי שום 295 מ,מיליליטרים,295.00,"100 מ""ל",false,,13.90,0.0471,true,1,2220120
7613287325853,false,אוסם - דיפ אנד ספרד מטבל איולי ספייסי 295 גרם,נסטלה פולין,PL,רוטב ספייסי איולי שו,מיליליטרים,295.00,"100 מ""ל",false,,13.90,0.0471,true,1,2220122
7613287394323,false,אסם מולטי צ'יריוס 14*600 גרם 2021,פרומבראפ - אנגליה,GB,דגני בוקר מולטי צ'רי,גרמים,600.00,100 גרם,false,,22.90,0.0382,true,1,2197384
7613287476494,false,אוסם - דיפ אנד ספרד מיונז בסגנון צרפתי 280 גרם,נסטלה פולין,PL,מיונז לחיץ,מיליליטרים,280.00,"100 מ""ל",false,,13.90,0.0496,true,1,2220125
7613287476678,false,דגני בוקר סינימיניס צ'ורוס נסטלה 360 ג',נסטלה אוונקה,PT,דגני בוקר סינימיניס,גרמים,360.00,100 גרם,false,,24.90,0.0692,true,1,2217847
7613287821348,false,נתחוני עוף טבעוני סנסשיונל טבעול 350 ג',ג'נרל מילס סאן אדריא,CZ,נתחוני עוף טבעוני טב,גרמים,350.00,100 גרם,false,,34.90,0.0997,true,1,2220031
7613287855640,false,סטארבקס קפסולות גוואטמלה 52ג אסם,נסטלה שוויץ - קפה,IL,סטארבקס קפסולות גווא,גרמים,57.00,100 גרם,false,,21.90,0.3842,true,1,2265932
7622010001858,false,עוגיות אוראו ממולאות קרם וניל 176 ג',פי אר ג'יי אס אי מנד,UA,עוגיות אוראו 176 גרם,גרמים,176.00,100 גרם,false,,8.90,0.0506,true,1,1347136
7622201050757,false,שוקולד מילקה טבלת חלב עם קרמל 100 ג',מילקה Milka,,מילקה שוקולד קרמל 90,גרמים,90.00,100 גרם,false,,5.90,0.0656,true,1,1224805
7622201137052,false,אוראו מיני קוקיס - עוגיות שוקולד צ'יפס ותחתית מצופה שוקולד חלב,מונדלז אספנה גלטאס פ,ES,מילקה מיני קוקיז 110,גרמים,110.00,100 גרם,false,,8.90,0.0809,true,1,2207158
7622201139278,false,גבינת שמנת 27% שומן 150 ג' פילדלפיה,מיודלז אספניה פרודוק,ES,גבינת פילדלפיה שמנה,גרמים,150.00,100 גרם,false,,12.90,0.0860,true,1,2138662
7622201401900,false,עוגיות מילקה סנסיישן אוראו 156 גר',מונדלז פולסקה פרודקש,PL,עוגיות מילקה סנסיישן,גרמים,156.00,100 גרם,false,,12.90,0.0827,true,1,2175372
7622201502515,false,מילקה - עוגיות קוקי לופ 132 גרם,גיורי קייקס קייאפטי,HU,עוגיות מילקה קוקי לו,גרמים,132.00,100 גרם,false,,12.90,0.0977,true,1,2226629
7622201521493,false,גבינת שמנת עם שום ועשבי תיבול 12% שומן,מיודלז אספניה פרודוק,ES,גבינת פילדלפיה שום ו,גרמים,150.00,100 גרם,false,,12.90,0.0860,true,1,2257832
7622201801809,false,שוקלד מילקה טבלת חלב ואגוזים 100ג',מנדלז דויצ'לנד סנקס,DE,מילקה שוקולד אגוזים,גרמים,100.00,100 גרם,false,,5.90,0.0590,true,1,2213804
7622201802363,false,שוקולד מילקה טבלה חלב צימוקים ואגוזים 100ג',מנדלז דויצ'לנד סנקס,DE,מילקה שוקולד צימוקים,גרמים,100.00,100 גרם,false,,5.90,0.0590,true,1,2213805
7622201808631,false,מיני עוגיות אוראו במילוי קרם בטעם וניל,פי.טי. מונדלז אינדונ,ID,עוגיות אוראו מיני כו,גרמים,67.00,100 גרם,false,,7.90,0.1179,true,1,2213807
7622201813390,false,וופל במילוי קרם קקאו בציפוי שוקולד חלב,מונדליז סי.אר. ביסקו,,מילקה וופל במילוי קר,גרמים,150.00,100 גרם,false,,12.90,0.0860,true,1,2202076
7622201819170,false,שוקולד דארק שקדים מילקה 85 ג',מונדלז דויטשלנד סנאק,DE,מילקה דארק שקדים 85,גרמים,85.00,100 גרם,false,,5.90,0.0694,true,1,2227392
7622201819408,false,שוקולד מילקה דארק קר,מונדלז דויטשלנד סנאק,DE,מילקה דארק קרמל 85 ג,גרמים,85.00,100 גרם,false,,5.90,0.0694,true,1,2227393
7622201819552,false,שוקולד מילקה דארק 85,מונדלז דויטשלנד סנאק,DE,מילקה שוקולד דרק,גרמים,85.00,100 גרם,false,,5.90,0.0694,true,1,2227394
7622210078131,false,מילקה שוקולד חלב במילוי קרם שמנת 100 ג',מנדלז דויצ'לנד סנקס,DE,מילקה שוקולד 100 גרם,גרמים,100.00,100 גרם,false,,5.90,0.0590,true,1,1529083
7622210117762,false,"קוטדור בונבונירה בושה, 200 גרם כשל""פ",קראפט,,שוקולד קוטדור בושה 2,גרמים,200.00,100 גרם,false,,14.90,0.0745,true,1,1716182
7622210137234,false,עוגיות אוראו עם דאבל קרם וניל 170 ג',אוראו Oreo,,עוגיות אוראו דאבל קר,גרמים,170.00,100 גרם,false,,7.90,0.0465,true,1,1396861
7622210163899,false,שוקולד חלב במילוי סוכריות עדשים,מונדלז דויצ'לנד סנקס,DE,מילקה שוקולד 100 גרם,גרמים,100.00,100 גרם,false,,5.90,0.0590,true,1,1795662
7622210453327,false,עוגיות שוקוצ'יפס במילוי שוקולד סנסיישן,מנדלז פולסקה פרודקשן,PL,עוגיות מילקה סנסיישן,גרמים,150.00,100 גרם,false,,12.90,0.0860,true,1,1678179
7622210464729,false,"עוגיות אוראו גולדן, 154 גרם",אוראו Oreo,UA,עוגיות אוראו גולדן 1,גרמים,154.00,100 גרם,false,,5.90,0.0383,true,1,2130716
7622210597915,false,פרלינים לבבות שוקולד חלב ממולא קרם נוגט,מונדלז בולגריה פרודק,BG,מילקה לבבות פרלינים,גרמים,110.00,100 גרם,false,,12.90,0.1173,true,1,2164776
7622210637994,false,מיני עוגיות אוראו קראנצ'י בייטס אורגינל,מונדלז אספניה ג'לאטס,ES,עוגיות אוראו ביס קרא,גרמים,110.00,100 גרם,false,,7.90,0.0718,true,1,2175373
7622210638021,false,מיני עוגיות אוראו קראנצ'י בייטס מצופים,מונדלז אספניה ג'לאטס,ES,עוגיות אוראו ביס קרא,גרמים,110.00,100 גרם,false,,7.90,0.0718,true,1,2175374
7622210826053,false,שוקולד מילקה אוראו סנדוויץ 92 גר',גיאורי קאקסז קייאףטי,HU,שוקולד מילקה אוראו ס,גרמים,96.00,100 גרם,false,,5.90,0.0615,true,1,2178280
7622210835338,false,עוגיות אוראו בטעם בראוניז,מנדלז אספנה גאלטס פר,ES,עוגיות אוראו בראוניז,גרמים,176.00,100 גרם,false,,8.90,0.0506,true,1,1795664
7622300270506,false,מילקה גריינס - עוגיות שיבולת שועל מצופות שוקולד 168 ג',מונדלז פולסקה פרודקש,PL,עוגיות מילקה שיבולת,גרמים,168.00,100 גרם,false,,12.90,0.0768,true,1,1224810
7622300315283,false,"עוגיות אוראו וניל, כשרות בד""ץ, 154 גרם","מונדלז CR פרודקשיין,",UA,עוגיות אוראו וניל 15,גרמים,154.00,100 גרם,false,,8.90,0.0578,true,1,2213808
7622300356767,false,עוגיות עם גרנולה וחתיכות שוקולד חלב 168ג,מונדלז פולסקה פרודקש,PL,עוגיות מילקה שוקולד,גרמים,168.00,100 גרם,false,,12.90,0.0768,true,1,1224812
7622300489427,false,עוגיות אוראו בציפוי שוקולד לבן 246 ג',מנדלז אספנה גאלטס פר,ES,עוגיות אוראו בציפוי,גרמים,246.00,100 גרם,false,,12.90,0.0524,true,1,1762641
7622300489434,false,"עוגיות אוראו פאדג' בציפוי שוקולד חלב, 246 גרם",מנדלז אספנה גאלטס פר,ES,עוגיות אוראו בציפוי,גרמים,246.00,100 גרם,false,,12.90,0.0524,true,1,1762642
7622300495046,false,מילקה אקסטרא קקאו 100 ג',מנדלז דויצ'לנד סנקס,DE,מילקה אקסטרה קקאו 10,גרמים,100.00,100 גרם,false,,5.90,0.0590,true,1,1224814
7622300503079,false,"מילקה, עוגיות ביסקוויט מצופות שוקולד - 200 גרם",מונדלז פולסקה פרודקש,PL,עוגיות מילקה ביסקווי,גרמים,200.00,100 גרם,false,,12.90,0.0645,true,1,1224816
7622300617820,false,שוקלד מילקה טבלת חלב אוראו 100ג',מנדלז דויצ'לנד סנקס,DE,מילקה אוראו 100 גרם,גרמים,100.00,100 גרם,false,,5.90,0.0590,true,1,1224817
7622300761363,false,עוגיות אוראו מיני כוסות בטעם שוקו 67 ג',פי.טי. מונדלז אינדונ,ID,עוגיות אוראו מיני כו,גרמים,67.00,100 גרם,false,,7.90,0.1179,true,1,1595245
7622400005190,false,שוקולד חלב ושוקולד לבן Happy Cow,מנדלז דויצ'לנד סנקס,DE,מילקה שוקולד 100 גרם,גרמים,100.00,100 גרם,false,,5.90,0.0590,true,1,1276955
7630311507016,false,קפסולות סאני דיי 57 ג' סטארבקס,נסטלה שוויץ - קפה,CH,סטארבקס קפסולות סאני,גרמים,57.00,100 גרם,false,,21.90,0.3842,true,1,2246370
7630477891592,false,קפסולות האוס בלנד לונגו עוצמה 8 - 10 יח',נסטלה שוויץ - קפה,CH,סטארבקס קפסולות האוס,גרמים,57.00,100 גרם,false,,21.90,0.3842,true,1,2168335
7630477891615,false,קפסולות קפה סומטרה עוצמה 10 - 10 יח',נסטלה שוויץ - קפה,IL,סטארבקס קפסולות סומט,גרמים,57.00,100 גרם,false,,21.90,0.3842,true,1,2168336
7630477891639,false,קפסולות קפה ורונה עוצמה 10 - 10 יח',נסטלה שוויץ - קפה,CH,סטארבקס קפסולות ורונ,גרמים,57.00,100 גרם,false,,21.90,0.3842,true,1,2168337
7630477891653,false,סטארבקס - קפסולות אספרסו נטול 57 גרם * 10,נסטלה שוויץ - קפה,IL,סטארבקס קפסולות נטול,גרמים,57.00,100 גרם,false,,21.90,0.3842,true,1,2168338
7630477891677,false,קפסולות פייק פלייס לונגו עוצמה 7 - 10 יח',נסטלה שוויץ - קפה,IL,סטארבקס קפסולות פייק,גרמים,57.00,100 גרם,false,,21.90,0.3842,true,1,2168339
7630477891691,false,סטארבקס - קפסולות קולומביה 57 גרם * 10,נסטלה שוויץ - קפה,IL,סטארבקס קפסולות קולמ,גרמים,57.00,100 גרם,false,,21.90,0.3842,true,1,2168340
7630477891714,false,סטארבקס - קפסולות אספרסו 57 גרם * 10,נסטלה שוויץ - קפה,CH,סטארבקס קפסולות אספר,גרמים,57.00,100 גרם,false,,21.90,0.3842,true,1,2168341
7630477891738,false,סטארבקס - קפסולות אספרסו בלונד 53 גרם * 10,נסטלה שוויץ - קפה,CH,סטארבקס קפסולות אספר,גרמים,57.00,100 גרם,false,,21.90,0.3842,true,1,2168342
7638900083071,false,"סוללות אנרג""יזר A76",,,"סוללות אנרג""יזר A76",יח',2.00,יח',false,,14.90,7.4500,true,1,1989892
7638900248333,false,סוללת כפתור אנרג'ייזר,אנרג'יזר Energizer,,"סוללות אנרג""יזר 2025",יח',2.00,יח',false,,19.90,9.9500,true,1,1989893
7638900248357,false,סוללות אנרג'ייזר ליתיום 2032זוג ריפרש,,,"סוללות אנרג""יזר 2032",יח',2.00,יח',false,,19.90,9.9500,true,1,1989894
7638900295641,false,סוללות אנרג'ייזר אלקליין A23זוג ריפרש,,,"סוללות אנרג""יזר A23",יח',2.00,יח',false,,19.90,9.9500,true,1,1989895
7638900426663,false,סוללת אדוונס פורמולה,,,סוללה 9V אנרג'ייזר,יח',1.00,יח',false,,22.90,22.9000,true,1,2134216
7638900426809,false,סוללת MAX אנרג'ייזר,אנרג'יזר Energizer,,סוללות C*,יח',2.00,יח',false,,19.90,9.9500,true,1,2151999
7638900426823,false,סוללת MAX אנרג'ייזר,,,"סוללות אנרג""יזר",יח',2.00,יח',false,,28.90,14.4500,true,1,2142568
7640175743451,false,פחית בקרדי מוחיטו/בו,בקרדי מרטיני,BE,פחית בקרדי מוחיטו/בו,מיליליטרים,250.00,"100 מ""ל",false,,12.90,0.0516,true,1,2214703
7702018010035,false,מכשיר גילוח פיוזן פר,פרוקטר אנד גמבל,PL,מכשיר פיוזן פרוגליד ידני,יח',1.00,יח',false,,49.90,49.9000,true,1,1225476
7702018016808,false,ג'ילט ונוס ריווירה 2 סכיני גילוח חד פעמי,ג'ילט ונוס Gillette Venus,PL,ונוס ריווירה - סכין  חד,יח',2.00,יח',false,,19.90,9.9500,true,1,1225483
7702018069347,false,סכיני גילוח בלו 10 +,,,סכיני גילוח בלו 10 +,יח',15.00,יח',false,,34.90,2.3267,true,1,1225493
7702018263844,false,4 סכיני גילוח פיוזן,,,4 סכיני גילוח פיוזן,יח',4.00,יח',false,,79.90,19.9750,true,1,1292676
7702018263875,false,8 סכיני גילוח פיוזן,,,8 סכיני גילוח פיוזן,יח',8.00,יח',false,,139.90,17.4875,true,1,1292677
7702018263905,false,4 סכיני גילוח פיוזן,,,4 סכיני גילוח פיוזן,יח',4.00,יח',false,,99.90,24.9750,true,1,1292678
7702018263936,false,8 סכיני גילוח פיוזן,,,8 סכיני גילוח פיוזן,יח',8.00,יח',false,,169.90,21.2375,true,1,1292679
7702018271788,false,דאודורנט ג'ל לגבר Pro Sport,פרוקטר אנד גמבל,PL,70 מל Sport דאו קליר ג'ל,מיליליטרים,70.00,"100 מ""ל",false,,19.90,0.2843,true,1,1225507
7702018321520,false,דאודורנט סטיק לגבר Pro G Arctic ice,תות ממתקי איכות,US,דאו סטיק מתקדם 45 מל AI,גרמים,45.00,100 גרם,false,,16.90,0.3756,true,1,1225516
7702018321582,false,דאודורנט סטיק לגבר Pro G Cool Wave,פרוקטר אנד גמבל,US,דאו סטיק מתקדם 45 מל CW,גרמים,45.00,100 גרם,false,,16.90,0.3756,true,1,1225517
7702018347629,false,סכיני גילוח ונוס אקסטרה סמוט - 4 יח',ג'ילט ונוס Gillette Venus,,גילט רביעיית ונוס אמ,יח',4.00,יח',false,,54.90,13.7250,true,1,2161453
7702018355518,false,גילט פרוגלייד פלקס בול,,,מכשיר גילוח פרוגלייד,יח',1.00,יח',false,,39.90,39.9000,true,1,1282091
7702018357871,false,ג'ל גילוח ג'ילט פרוג,,,ג'ל גילוח ג'ילט 200,מיליליטרים,200.00,"100 מ""ל",false,,19.90,0.0995,true,1,1403288
7702018364459,false,מכשיר גילוח ונוס אקס,,,מכשיר גילוח ונוס אקס,יח',1.00,יח',false,,39.90,39.9000,true,1,2180513
7702018401055,false,מכשיר גילוח ג'ילט ונוס סווירל Extra Smooth,ג'ילט ונוס Gillette Venus,,מכשיר גילוח לנשים ונ,יח',1.00,יח',false,,39.90,39.9000,true,1,2099955
7702018404476,false,קצף גילוח סירייס הגנה - 250 מל,,,סירייס קצף גילוח 250,מיליליטרים,250.00,"100 מ""ל",false,,19.90,0.0796,true,1,1408827
7702018458110,false,מכשיר גילט פיוזן ידי,מולינו ניקולי s.p.a,PL,מכשיר גילוח ג'ילט פי,יח',1.00,יח',false,,49.90,49.9000,true,1,1795622
7702018469802,false,ג'ילט - ונוס סווירל ידית ו3 סכינים 5 להבים,,,ג'ילט מארז ונוס סווי,יח',4.00,יח',false,,41.90,10.4750,true,1,2260479
7702018489619,false,סכיני גילוח ג'ילט בלו 3 קומפורט,ג'ילט Gillette,,סכיני גילוח ג'לט בלו,יח',3.00,יח',false,,14.90,4.9667,true,1,2127996
7702018493647,false,ג'ל גילוח ג'ילט סקינ,,,ג'ל גילוח ג'ילט סקינ,מיליליטרים,200.00,"100 מ""ל",false,,19.90,0.0995,true,1,2128162
7702018514472,false,גילט מאך 3 טורבו מכש,,,מכשיר מאך 3 טורבו,יח',1.00,יח',false,,42.90,42.9000,true,1,2161455
7702018539468,false,גילט ונוס תות- ידית ושלושה סכינים 5להבים מארז,,,ג'ילט מארז ונוס תות,יח',3.00,יח',false,,41.90,13.9667,true,1,2210082
7702018607518,false,מארז גילוח ג'ילט פיו,,,מארז גילוח ג'ילט פיו,יח',6.00,יח',false,,82.90,13.8167,true,1,2278919
7702018610280,false,גילט פרוגלייד ידית+4,,,גילט פרוגלייד ידית+4,יח',5.00,יח',false,,82.90,16.5800,true,1,2266325
7702018610303,false,גילט סקינגארד אלוורה,,,גילט סקינגארד אלוורה,יח',5.00,יח',false,,82.90,16.5800,true,1,2266326
7702018852444,false,מכשיר פיוזן פאוור ג'ילט,,,מכשיר גילוח ג'ילט פי,יח',1.00,יח',false,,49.90,49.9000,true,1,1225523
7702018866984,false,סכיני גילוח פיוזן Fusion,תות ממתקי איכות,DE,4 סכיני גילוח פיוז'ן ידני,יח',4.00,יח',false,,69.90,17.4750,true,1,1225525
7702018978106,false,"ג'ילט - דאודורנט ג'ל לגבר ארטיק אייס 70 מ""ל",פרוקטר אנד גמבל,PL,דאודורנט קליר ג'ל AI,מיליליטרים,70.00,"100 מ""ל",false,,19.90,0.2843,true,1,1225537
7702018978120,false,"ג'ילט - דאודורנט ג'ל לגבר קול וייב 70 מ""ל",פרוקטר אנד גמבל,PL,דאודורנט קליר ג'ל CW,מיליליטרים,70.00,"100 מ""ל",false,,19.90,0.2843,true,1,1225538
7702018980864,false,קצף גילוח גילט סיריי,פרוקטר & גמבל,,סירייס קצף גילוח 250,מיליליטרים,250.00,"100 מ""ל",false,,19.90,0.0796,true,1,1408829
7702024074625,false,פיטנס - חטיפי קרקר חיטה מלאה 234 גרם,קומסטיבלס לה רוזה אס,CO,חטיפי קרקר חיטה מלאה,גרמים,234.00,100 גרם,false,,10.90,0.0466,true,1,1862369
7702024258322,false,"חטיפי קרקר עם חיטה מלאה, צ'יה וזרעי פשתן פיטנס",נסטלה Nestle,CO,חטיפי קרקר צ'יה ופשת,גרמים,234.00,100 גרם,false,,10.90,0.0466,true,1,2169067
7702174066631,false,לקקן פין פופ 10 יח' 170 גר' וסטהיים,הדקלאים אגודת שיתופי,CO,סוכריות לקקן יוגטה-פ,גרמים,216.00,100 גרם,false,,10.90,0.0505,true,1,1241953
7702174068826,false,סוכריות לקקן במילוי טופי בטעמי יוגורט פירות,יוגטה yogueta,CO,סוכריות לקקן יוגטה-פ,גרמים,216.00,100 גרם,false,,10.90,0.0505,true,1,1241957
7702174068833,false,סוכריות לקקן במילוי טופי בטעמי גלידת פירות,יוגטה yogueta,CO,סוכריות לקקן יוגטה ע,גרמים,216.00,100 גרם,false,,10.90,0.0505,true,1,1241958
7702174070201,false,סוכריות לקקן במילוי טופי בטעם מסטיק,יוגטה yogueta,CO,סוכריות לקקן יוגטה-מ,גרמים,216.00,100 גרם,false,,10.90,0.0505,true,1,1241961
7702174073783,false,סוכריות על מקל בטעם קולה במילוי גומי לעיסה,הדקלאים אגודת שיתופי,CO,סוכריות לקקן יוגטה-פ,גרמים,216.00,100 גרם,false,,10.90,0.0505,true,1,1327085
7766554422141,false,נעלי נשים צמר נשים,,,נעלי נשים צמר נשים,יחידה,0.00,יחידה,false,,34.90,0.0000,true,1,2278410
7766554422202,false,נעלי נשים מוקסין יהל,,,נעלי נשים מוקסין יהל,יחידה,0.00,יחידה,false,,34.90,0.0000,true,1,2278416
7766554422219,false,נעלי נשים שפן,,,נעלי נשים שפן,יחידה,0.00,יחידה,false,,34.90,0.0000,true,1,2278417
7766554422325,false,נעלי גבר קורדורי,,,נעלי גבר קורדורי,יחידה,0.00,יחידה,false,,34.90,0.0000,true,1,2278425
7766554422332,false,נעלי גבר פליז,,,נעלי גבר פליז,יחידה,0.00,יחידה,false,,34.90,0.0000,true,1,2278426
7766554422387,false,נעלי גבר קטיפה,,,נעלי גבר קטיפה,יחידה,0.00,יחידה,false,,34.90,0.0000,true,1,2278431
7766554422578,false,קורדרוי בנים,,,קורדרוי בנים,יחידה,0.00,יחידה,false,,29.90,0.0000,true,1,2278437
7792860006218,false,סוכריות לקקנים בייבי דול Baby Doll לריטר,גוד פוד פרודקטס S.p,AR,בייבידול לקקן 24 גרם,גרמים,24.00,100 גרם,false,,2.00,0.0833,true,1,1234934
7804414000860,false,יין דון חוליו קברנה סוביניון,לואיס פליפה אדוארדס,,יין קברנה סובניון דו,מיליליטרים,750.00,"100 מ""ל",false,,29.90,0.0399,true,1,1248765
7804414000877,false,יין דון חוליו צרלו 7,לואיס פליפה אדוארדס,,יין מרלו דון חוליו,מיליליטרים,750.00,"100 מ""ל",false,,29.90,0.0399,true,1,1248766
7804414001621,false,יין שיראז קאזה דה לואיג'י,קאסה די לואיג'י Casa di luigi,,יין שירז,מיליליטרים,750.00,"100 מ""ל",false,,24.90,0.0332,true,1,1248769
7804414012351,false,יין דון חולין מלבק 7,לואיס פליפה אדוארדס,,יין דון חוליו מלבק,מיליליטרים,750.00,"100 מ""ל",false,,29.90,0.0399,true,1,1703473
7804414017110,false,יין דון חוליו פינו נ,,,יין דון חוליו פינו נ,מיליליטרים,750.00,"100 מ""ל",false,,29.90,0.0399,true,1,2140178
7804414017141,false,יין מרלו מונטסאו 750,מונטסאו,צ'ילה (TDE),יין מרלו מונטסאנו,מיליליטרים,750.00,"100 מ""ל",false,,39.90,0.0532,true,1,2178165
7891024030974,false,"קולגייט משחת שיניים טריפל אקשן 75 מ""ל",הנסיך- מפעל לייצור ט,BR,קולגייט טריפל אקשן 7,גרמים,75.00,100 גרם,false,,6.90,0.0920,true,1,1416848
7891024130063,false,"קולגייט מי פה פלאקס ללא אלכוהול 500 מ""ל מהדרין",קולגייט Colgate,BR,קולגייט מי פה פלאקס סופט,גרמים,500.00,100 גרם,false,,29.90,0.0598,true,1,1253630
7891024179482,false,"שטיפת פה קולגייט אופטיק וייט 500מ""ל",יבואן ומשווק: ש. שסט,PL,קולגייט שטיפת פה אופטיק ו,גרמים,500.00,100 גרם,false,,29.90,0.0598,true,1,1253633
7891173006974,false,נייר צילום A4 ורוד,,,נייר צילום A4 ורוד,יח',500.00,יח',false,,19.90,0.0398,true,1,2180549
7891173007001,false,נייר צילום A4 תכלת,,,נייר צילום A4 תכלת,יח',500.00,יח',false,,19.90,0.0398,true,1,2180557
7891173023117,false,נייר צילום A4 צהוב,,,נייר צילום A4 צהוב,יח',500.00,יח',false,,19.90,0.0398,true,1,2180551
7897240521944,false,סכין סטייק צרה  10.5,,,סכין סטייק צרה  10.5,יחידה,0.00,יחידה,false,,12.90,0.0000,true,1,2194130
7898549354844,false,פומפיה מרובעת נרוסטה,,,פומפיה מרובעת נרוסטה,יחידה,0.00,יחידה,false,,19.90,0.0000,true,1,2147823
8000040001106,false,"קאמפרי ביטר אפרטיף 700 מ""ל",קמפרי,,"קמפרי 700 מ""ל",מיליליטרים,700.00,"100 מ""ל",false,,69.90,0.0999,true,1,1265818
8000070003774,false,קפסולות קפה אינטנסו AMM13 לוואצה 120 ג',לוואצה Lavazza,,מארז 16 קפסולות אינט,גרמים,120.00,100 גרם,false,,29.90,0.2492,true,1,2273415
8000070003798,false,קפסולות קפה דליסיוזו AMM8 לוואצה 120 ג',לוואצה Lavazza,,מארז 16 קפסולות דליס,גרמים,120.00,100 גרם,false,,29.90,0.2492,true,1,2273416
8000070003811,false,קפסולות קפה פסיונלה AMM11 לוואצה 120 ג',Unknown,,מארז 16 קפסולות פסיו,100 1,120.00,100 1,false,,29.90,0.2492,true,1,2273417
8000070003842,false,מארז 16 קפסולות קרמו,Unknown,,מארז 16 קפסולות קרמו,100 1,120.00,100 1,false,,29.90,0.2492,true,1,2273418
8000070003880,false,קפסולות קפה קרמה דולצ'ה AMM6 לוואצה 120ג',לוואצה Lavazza,,מארז 16 קפסולות קרמה,גרמים,120.00,100 גרם,false,,29.90,0.2492,true,1,2273419
8000070011878,false,לוואצה קפה דה קפינטו נטול קפאין 250ג,לוואצה Lavazza,,קפה טחון דק נטול,גרמים,250.00,100 גרם,false,,29.90,0.1196,true,1,1256669
8000070012219,false,פולי קפה אורו לוואצה,,,פולי קפה אורו לוואצה,גרמים,250.00,100 גרם,false,,29.90,0.1196,true,1,1256670
8000070012783,false,קפה קלוי וטחון חוזק 5 -250 ג' ORO,לוואצה Lavazza,IT,קפה לוואצה אורו,גרמים,250.00,100 גרם,false,,29.90,0.1196,true,1,1256671
8000070027398,false,פולי קפה קרמה קלאסיק,,,פולי קפה קרמה קלאסיק,גרמים,500.00,100 גרם,false,,64.90,0.1298,true,1,2264724
8000070032835,false,לוואצה קפה מטינו -קלוי וטחון 250ג,לוואצה Lavazza,,קפה לוואצה מאטינו,גרמים,250.00,100 גרם,false,,26.90,0.1076,true,1,1256679
8000070035980,false,לוואצה קפה רוסה קלוי וטחון נטול 250ג,לוואצה Lavazza,,קפה לוואצה רוסה,גרמים,250.00,100 גרם,false,,29.90,0.1196,true,1,1256680
8000070038868,false,לוואצה קרמה גוסטו קלוי וטחון 250ג,לוואצה Lavazza,,קפה לוואצה קרמה גוסט,גרמים,250.00,100 גרם,false,,29.90,0.1196,true,1,1256681
8000070053465,false,קפסולות קפה אספרסו אורו דרגת חוזק 8,לוואצה Lavazza,IT,מארז 10 קפסולות אורו,100 1,55.00,100 1,false,,19.90,0.3618,true,1,2275007
8000070053472,false,קפסולות קרמה גוסטו קלאסיקו חוזק 12 57 ג' לוואצה,לוואצה Lavazza,IT,מארז 10 קפסולות קרמה,100 1,57.00,100 1,false,,19.90,0.3491,true,1,2275000
8000070053502,false,קפסולות קפה אספרסו ריקו נטול קפאין דרגת חוזק 7,לוואצה Lavazza,IT,מארז 10 קפסולות נטול,100 1,58.00,100 1,false,,19.90,0.3431,true,1,2275008
8000070053526,false,קפסולות קפה אספרסו רוסה דרגת חוזק 10,לוואצה Lavazza,IT,מארז 10 קפסולות רוסה,100 1,57.00,100 1,false,,19.90,0.3491,true,1,2275009
8000070055254,false,קפסולות קרמה גוסטו פורטה חוזק 13 55 ג' לוואצה,לוואצה Lavazza,,מארז 10 קפסולות קרמה,100 1,55.00,100 1,false,,19.90,0.3618,true,1,2275001
8000070059832,false,קפסולות קרמה גוסטו ריקו חוזק 11 55 ג' לוואצה,לוואצה Lavazza,,מארז 10 קפסולות קרמה,100 1,55.00,100 1,false,,19.90,0.3618,true,1,2275002
8000113003402,false,"קמח תירס בוואקום 1 ק""ג",מולינו ניקולי אס.פי.,IT,קמח תירס בווקום 1 קג,קילוגרמים,1.00,"ק""ג",false,,15.90,15.9000,true,1,1227001
8000215204219,false,משקה ואורז אורגני וי,בטר אנד דיפרנט,IT,משקה אורז אורגני 1 ל,ליטרים,1.00,ליטר,false,,13.90,13.9000,true,1,1406029
8000215204240,false,משקה אורז עם שקדים אורגני,בטר אנד דיפרנט,IT,משקה אורז אורגני 1 ל,ליטרים,1.00,ליטר,false,,13.90,13.9000,true,1,1405933
8000215204264,false,משקה אורז אורגני ויט,בטר אנד דיפרנט,IT,משקה אורז אישי 200 מ,מיליליטרים,200.00,"100 מ""ל",false,,3.90,0.0195,true,1,1405842
8000215204271,false,משקה שקדים ואורז איש,"נטורפוד בע""מ",IT,משקה שקדים ואורז איש,מיליליטרים,200.00,"100 מ""ל",false,,4.90,0.0245,true,1,1405934
8000215204370,false,תחליף שמנת צמחי לביש,ויטריז,IT,תחליף שמנת צמחי אורג,מיליליטרים,200.00,"100 מ""ל",false,,5.90,0.0295,true,1,1405936
8000215204554,false,משקה אורז עם קוקוס אורגני,ויטריז Vitariz,,משקה אורז קוקוס אורג,ליטרים,1.00,ליטר,false,,13.90,13.9000,true,1,1405843
8000215204677,false,משקה שיבולת שועל ויט,בטר אנד דיפרנט,IT,משקה שיבולת שועל ויט,ליטרים,1.00,ליטר,false,,13.90,13.9000,true,1,2237159
8000215204714,false,משקה שיבולת שועל אור,בטר אנד דיפרנט,IT,משקה שיבולת שועל אור,ליטרים,1.00,ליטר,false,,14.90,14.9000,true,1,1405982
8000320010088,false,"רוטב עגבניות במרקם גס 680 מ""ל MUTTI",סיריו,,רוטב עגבניות פסאטה צ,מיליליטרים,680.00,"100 מ""ל",false,,8.90,0.0131,true,1,1256683
8000320353659,false,שפורפרת רכז עגבניות צ'ירו 130 גרם,סיריו,,שפורפרת רכז עגבניות,גרמים,130.00,100 גרם,false,,7.90,0.0608,true,1,2273892
8000320414855,false,עגבניות מרוסקות,,,עגבניות מרוסקות,גרמים,400.00,100 גרם,false,,6.90,0.0173,true,1,1256685
8000380003723,false,גרנד פטיסרי עוגיות וופל אגוזים 100ג',קריניציה ויטמינה אס,IT,עוגיות גרנד פטיסרי 100 ג,גרמים,100.00,100 גרם,false,,9.90,0.0990,true,1,1241962
8000380003761,false,וופל גרנדה פטיסרי קוקוס שוקולד 100ג',קריניציה ויטמינה אס,IT,עוגיות גרנד פטיסרי 100 ג,גרמים,100.00,100 גרם,false,,9.90,0.0990,true,1,1241963
8000380004669,false,וופל לואקר סנדוויץ קוביות ושוקולד 200ג',"א. לואקר, קונפקט ג'י",AT,וופל קקאו 200 גרם,גרמים,200.00,100 גרם,false,,12.90,0.0645,true,1,1241965
8000380004676,false,קוביות וופל סנדוויץ Sandwich עם וניל וחלב,"א. לואקר, קונפקט ג'י",AT,וופל וניל 200 גרם,גרמים,200.00,100 גרם,false,,12.90,0.0645,true,1,1241966
8000380004881,false,וופל קוארדטיני לואקר קוביות טרמיסו 220ג',קריניציה ויטמינה אס,IT,וופל קואדרטיני טירמיסו 25,גרמים,220.00,100 גרם,false,,14.90,0.0677,true,1,1241967
8000380004911,false,קוביות וופל קואדרטיני Quadratini קרם אגוזים,קריניציה ויטמינה אס,AT,וופל קוארדטיני אגוז 250 ג,גרמים,250.00,100 גרם,false,,14.90,0.0596,true,1,1241968
8000380004942,false,וופל לואקר קוארדטיני קוביות ווניל 250ג',לואקר Loacker,AT,קואדרטיני וניל 250 גר,גרמים,250.00,100 גרם,false,,14.90,0.0596,true,1,1241969
8000380004966,false,וופל קוארדטיני לואקר קוביות שוקולד 250ג',קריניציה ויטמינה אס,AT,וופל קוארדטיני קקאו 250 ג,גרמים,250.00,100 גרם,false,,14.90,0.0596,true,1,1241970
8000380005598,false,מארז וופל שוקולד טורטינה Tortina שוקולד מריר,לואקר Loacker,IT,טורטינה מריר 1/6 125 גר ל,גרמים,125.00,100 גרם,false,,15.90,0.1272,true,1,1241971
8000380007257,false,וופל גרנדה מצופה שוקולד 200ג',קריניציה ויטמינה אס,IT,וופל גרדנה 200 גרם,גרמים,200.00,100 גרם,false,,14.90,0.0745,true,1,1241973
8000380007271,false,וופל לואקר קרם חלב 175ג',לואקר Loacker,AT,וופל לואקר חלב 175 גרם,גרמים,175.00,100 גרם,false,,10.00,0.0571,true,1,1241975
8000380106028,false,טורטינה לואקר וופל שוקולד ואגוזים שישיה 125ג',קריניציה ויטמינה אס,IT,טורטינה אורגינל 1/6 125 ג,גרמים,125.00,100 גרם,false,,15.90,0.1272,true,1,1241976
8000380142484,false,קוביות וופל קואדרטיני Quadratini בטעם שוקולד מריר,"אינסטנטה בע""מ",AT,קואדרטיני שוקולד מריר 250,גרמים,250.00,100 גרם,false,,14.90,0.0596,true,1,1241977
8000380144044,false,וופל גרדנה לואקר שוקולד 200ג',"א. לואקר , AG/SpA, ו",IT,וופל גרדנה שוקולד 200 ג,גרמים,200.00,100 גרם,false,,14.90,0.0745,true,1,1241978
8000380152704,false,וופל אצבעות גרדנה חטיפי אגוז שוקו' 125גר,"אינסטנטה בע""מ",IT,מארז חטיפי אצבעות גרנדה א,גרמים,125.00,100 גרם,false,,14.90,0.1192,true,1,1241983
8000380152728,false,וופל גרדנה אצבעות שוקו 125ג',"אינסטנטה בע""מ",IT,מארז חטיפי אצבעות גרנדה ש,גרמים,125.00,100 גרם,false,,14.90,0.1192,true,1,1241984
8000380153442,false,ופל לואקר קרם אגוזים,לואקר,IT,וופל לואקר אגוז 90 ג,גרמים,90.00,100 גרם,false,,6.90,0.0767,true,1,1343299
8000380153466,false,וופל לואקר שוקולד 90,קריניציה ויטמינה אס,IT,וופל לואקר שוקולד 90,גרמים,90.00,100 גרם,false,,6.90,0.0767,true,1,1343300
8000380153534,false,מארז וופל שוקולד טורטינה Tortina שוקולד לבן,לואקר Loacker,IT,טורטינה לבן 1/6 125 גר לו,גרמים,125.00,100 גרם,false,,15.90,0.1272,true,1,1241985
8000380154791,false,טורטינה אורגינל שליש,קריניציה ויטמינה אס,IT,חטיף טורטינה שלישייה,גרמים,63.00,100 גרם,false,,9.90,0.1571,true,1,1343281
8000380154814,false,טורטינה מריר שלישיה,קריניציה ויטמינה אס,IT,חטיף טורטינה שוקולד,גרמים,63.00,100 גרם,false,,9.90,0.1571,true,1,1343282
8000380155699,false,טורטינה 63ג' שוקולד לבן,קריניציה ויטמינה אס,IT,חטיף טורטינה שוקולד,גרמים,63.00,100 גרם,false,,9.90,0.1571,true,1,1343301
8000380156009,false,לואקר ורד הדולמיטים שוקולד חלב 150 גר',קריניציה ויטמינה אס,IT,שוקולד חלב דולומיטים,גרמים,150.00,100 גרם,false,,19.90,0.1327,true,1,1840281
8000380156825,false,שוקולד לואקר חלב 87 ג',לואקר Loacker,IT,שוקולד לואקר חלב 87 גרם,גרמים,87.00,100 גרם,false,,7.90,0.0908,true,1,1241987
8000380156849,false,שוקולד לואקר מריר 87 ג',לואקר,IT,שוקולד לואקר מריר 87 גרם,גרמים,87.00,100 גרם,false,,7.90,0.0908,true,1,1241989
8000380156856,false,לואקר שוקולד לבן 87ג',לואקר,IT,שוקולד לואקר לבן 87 גרם,גרמים,87.00,100 גרם,false,,7.90,0.0908,true,1,1241990
8000380157570,false,וופל קלאסי לואקר 262,,,וופל לואקר אגוז,גרמים,262.00,100 גרם,false,,9.90,0.0378,true,1,1574742
8000380157587,false,וופל שוקולד לואקר 26,,,וופל לואקר קרם קקאו,גרמים,262.00,100 גרם,false,,9.90,0.0378,true,1,1574743
8000380158546,false,פרלינים וופל ושוקולד מריר לואקיני Loackini,"כד בני דרום בע""מ",IT,שוקולד מריר לואקיני,גרמים,100.00,100 גרם,false,,14.90,0.1490,true,1,1700068
8000380180721,false,וופל לואקר קקאו וקרם חלב 175ג',קריניציה ויטמינה אס,AT,וופל לואקר 175 גרם,גרמים,175.00,100 גרם,false,,10.00,0.0571,true,1,1347253
8000380180745,false,קוביות וופל קואדרטיני קקאו במילוי קר חלב,"א. לואקר, קונפקט ג'י",AT,וופל לואקר שוקו חלב,גרמים,250.00,100 גרם,false,,14.90,0.0596,true,1,1347254
8000380181032,false,אצבעות וופל גרדנה Gardena שוקולד לבן,"אינסטנטה בע""מ",IT,חטיפי שוקולד אגוז גר,גרמים,125.00,100 גרם,false,,14.90,0.1192,true,1,1393810
8000380187249,false,עוגיות עם מילוי קרם שקדים ושוקולד חלב,לואקר Loacker,AT,עוגיות שקדים 100 גרם,גרמים,100.00,100 גרם,false,,14.90,0.1490,true,1,2182085
8000380187300,false,עוגיות פתיתי שוקולד 120 ג'-לואקר,לואקר Loacker,AT,עוגיות פתיתי שלג 120,גרמים,120.00,100 גרם,false,,14.90,0.1242,true,1,2182086
8000380192151,false,טורטינה טריפל שוקולד מריר 125 ג',לואקר Loacker,,שוקולד טורטינה 1/6 ט,גרמים,125.00,100 גרם,false,,15.90,0.1272,true,1,2245848
8000380192199,false,לואקר דאבל שוקולד 175 גר',לואקר Loacker,IT,וופל לואקר 175 גרם,גרמים,175.00,100 גרם,false,,10.00,0.0571,true,1,2045154
8000380192243,false,וופלים לואקר מקסי בטעם אגוז 200 גר',לואקר Loacker,AT,ופלים מלבנים פריכיים,גרמים,200.00,100 גרם,false,,12.90,0.0645,true,1,2233118
8000380192250,false,וופלים לואקר מקסי בטעם שוקולד 200 גר',לואקר Loacker,AT,ופל שוקולד מקסי לואק,גרמים,200.00,100 גרם,false,,12.90,0.0645,true,1,2233132
8000380198221,false,וופלים לואקר מקסי דאבל שוקולד 200 גר',לואקר Loacker,AT,וופל לואקר קקאו ממול,גרמים,200.00,100 גרם,false,,12.90,0.0645,true,1,2152041
8000380201396,false,לואקר וופל טורטינה קרמל 125 גרם,לואקר Loacker,,קרמל טורטינה 1/6 שוק,גרמים,126.00,100 גרם,false,,15.90,0.1262,true,1,2188657
8000380201525,false,לואקר פטיסרי אגוז 1/,לואקר,IT,שוקולד טורטינה 1/6 א,גרמים,126.00,100 גרם,false,,16.90,0.1341,true,1,2227283
8000380205400,false,קוביות וופל קואדרטיני בטעם חמאת בוטנים,לואקר Loacker,AT,וופל אגוז ממולא 250,גרמים,250.00,100 גרם,false,,14.90,0.0596,true,1,2252169
8000380205523,false,וופל קלאסיק בטעם חמאת בוטנים,לואקר Loacker,AT,וופל לואקר 175 גרם,גרמים,175.00,100 גרם,false,,10.00,0.0571,true,1,2252195
8000380206896,false,וופל גרדנה בטעם חמאת בוטנים מצופה,לואקר Loacker,,וופל גרדנה 200 גרם,גרמים,200.00,100 גרם,false,,14.90,0.0745,true,1,2252170
8000380207183,false,טורטינה חמאת בוטנים לואקר 6*21גר,לואקר Loacker,,שוקולד טורטינה 1/6 ש,גרמים,126.00,100 גרם,false,,15.90,0.1262,true,1,2252196
8000500009673,false,בונבוניירה פררו רושה 300ג',קריות זול,IT,שוקולד פררו רושר 300,גרמים,300.00,100 גרם,false,,40.90,0.1363,true,1,1241991
8000500023624,false,חטיפי הפי היפו Happy Hippo במילוי קרם חלב וקקאו,קינדר Kinder,DE,הפי היפו חמישייה,גרמים,103.50,100 גרם,false,,11.90,0.1150,true,1,1241992
8000500023976,false,בונבוניירת רפאלו Raffaello,קריות זול,PL,חטיף רפאלו שוקולד 15,גרמים,150.00,100 גרם,false,,15.90,0.1060,true,1,1241993
8000500026731,false,שוקולד ביצי הפתעה קינדר שלישייה,קריות זול,IT,ביצת הפתעה קינדר שלי,גרמים,60.00,100 גרם,false,,15.90,0.2650,true,1,1308294
8000500028124,false,"קינדר ג'וי, שלישיה 3 * 20 גרם",קריות זול,,ביצת הפתעה קינדר ג'ו,גרמים,60.00,100 גרם,false,,15.90,0.2650,true,1,2266699
8000500029350,false,מארז וופל מצופה 3יח' *43 גרם קינדר בואנו,קינדר Kinder,PL,קינדר בואנו 3 יח שוק,גרמים,129.00,100 גרם,false,,10.90,0.0845,true,1,1241995
8000500032237,false,בונבוניירה פררו רושר 375ג',פררו Ferrero,IT,שוקולד פררו רושר 375,גרמים,375.00,100 גרם,false,,40.90,0.1091,true,1,1241996
8000500037874,false,בונבוניירה פררו רושה 200ג',קריות זול,IT,שוקולד פררו רושר 200,גרמים,200.00,100 גרם,false,,23.90,0.1195,true,1,1241997
8000500071083,false,אצבעות שוקולד קינדר Kinder שש עשרה יחידות,קינדר Kinder,IT,שוקולד קינדר אצבעות,גרמים,200.00,100 גרם,false,,12.50,0.0625,true,1,1241999
8000500094976,false,"בונבוניירה פררו רושר רושה קונוס, 212 גרם T17X4",פררו,IT,פררו רושה קונוס 212,גרמים,212.00,100 גרם,false,,33.90,0.1599,true,1,1242001
8000500121436,false,מארז קינדר בואנו Kinder Bueno לבן שלוש יחידות,קינדר Kinder,PL,קינדר בואנו 3 יח לבן,גרמים,117.00,100 גרם,false,,10.90,0.0932,true,1,1242002
8000500167656,false,קינדר שוקולד עם דגנים סיריאל 94 ג',,,שוקולד קינדר סיריאל,גרמים,94.00,100 גרם,false,,7.90,0.0840,true,1,2179490
8000500172810,false,סוכריות בטעם תות שדה מנטה- מארז רביעייה,טיק טק Tic Tac,ZA,סוכריות טיק-טק רביעי,גרמים,64.00,100 גרם,false,,7.90,0.1234,true,1,1242005
8000500227848,false,נוטלה - בי רדי אצבעות ביסקוויט במילוי שוקולד 6 יח' * 22 גרם,Unknown,,נוטלה בי-ריידי וופל,גרמים,132.00,100 גרם,false,,10.90,0.0826,true,1,1797226
8000500249352,false,קינדר בואנו מיני מיקס שקית 205 ג',קינדר Kinder,PL,קינדר בואנו מיני מיק,גרמים,205.00,100 גרם,false,,18.90,0.0922,true,1,1660516
8000500256213,false,קינדר שוקולד מיני בשקית.,קדבורי,IT,קינדר שוקולד מיני,גרמים,120.00,100 גרם,false,,9.90,0.0825,true,1,2019183
8000500267103,false,קינדר דליס שוקול' אישי מארז 10 יח' 420 גר',קינדר Kinder,,קינדר דליס מארז עשיר,גרמים,390.00,100 גרם,false,,19.90,0.0510,true,1,1855110
8000500269169,false,קינדר קארדס Kinder Cards - חמישייה,קריות זול,IT,קינדר קארדס חמישייה,גרמים,128.00,100 גרם,false,,12.90,0.1008,true,1,2264110
8000500294345,false,שוקולד איש שלג פררו,,,שוקולד איש שלג פררו,גרמים,90.00,100 גרם,false,,14.90,0.1656,true,1,2130902
8000500310397,false,נוטלה עוגיות נוטלה בגליל 12יח' - NUTELLA BISCUITTS,נוטלה Nutella,IT,נוטלה ביסקוויט בקופס,גרמים,166.00,100 גרם,false,,13.90,0.0837,true,1,2281161
8000500353738,false,רביעיה סוכריות בטעם מנטה חזק 4 * 16 ג' טחק טק,פררו,ZA,סוכריות טיק-טק רביעי,גרמים,64.00,100 גרם,false,,7.90,0.1234,true,1,2178552
8000500366073,false,נוטלה עוגיות נוטלה בשקית 20 יח'- NUTELLA BISCUITTS,נוטלה Nutella,IT,נוטלה ביסקוויט בשקית,גרמים,276.00,100 גרם,false,,19.90,0.0721,true,1,2281162
8000500374429,false,גרנד פררו רושה מעטפת שוקולד חלב עם אגוזי לוז,פררו Ferrero,IT,שוקולד גרנד רושה 125,גרמים,125.00,100 גרם,false,,16.90,0.1352,true,1,2216373
8000500386941,false,"ממרח קקאו עם אגוזי לוז, 900 גרם",קדבורי,IT,ממרח נוטלה 900 גרם,גרמים,900.00,100 גרם,false,,29.90,0.0332,true,1,2255710
8000570006046,false,מרטיני ביטר 1 ליטר,מרטיני ורוסי,IT,מרטיני ביטר.,ליטרים,1.00,1000ליטר,false,,99.00,99.0000,true,1,2061636
8000570283607,false,מרטיני אסטי Asti יין לבן מתוק מבעבע,מרטיני Martini,IT,מרטיני אסטי מבעבע.,מיליליטרים,750.00,"100 מ""ל",false,,59.90,0.0799,true,1,1954524
8001003100164,false,יוגטה סוכריות ג'לי בטעמי פירות,יוגטה yogueta,,סוכריות ג'לי,גרמים,450.00,100 גרם,false,,9.90,0.0220,true,1,1839595
8001003100218,false,סוכריות יוגטה ג'לי פירות 800 גר',תות ממתקי איכות,TR,סוכריות גומי יוגטה ג,גרמים,800.00,100 גרם,false,,19.90,0.0249,true,1,1242008
8001010062844,false,חומץ בלסמי פונטי 500,פונט סלאם וולנסיה,IT,חומץ בלסמי PONTI,מיליליטרים,500.00,"100 מ""ל",false,,17.90,0.0358,true,1,2231092
8001090016003,false,טבליות למדיח הכל באחד,פרוקטר & גמבל,FR,טבליות פיירי למדיח כ,יח',84.00,יח',false,,59.90,0.7131,true,1,1420445
8001090111685,false,תחתונים אולוויז דיסקריט מידה L לבריחת שתן,אולוויז Always,BE,אוולוויז דיסקר תחתונ,יח',8.00,יח',false,,29.90,3.7375,true,1,1984519
8001090111715,false,תחתונים אולוויז דיסקריט מידה M לבריחת שתן,אולוויז Always,BE,אוולוויז דיסקר תחתונ,יח',9.00,יח',false,,29.90,3.3222,true,1,1984520
8001090128836,false,"משחת שיניים 3D white מנטה עדינה 75 מ""ל אורל בי",,,משחת שיניים אורל בי,מיליליטרים,75.00,"100 מ""ל",false,,10.90,0.1453,true,1,2281799
8001090184412,false,"פיירי נוזל לניקוי כלים לימון שקוף, 900 מ""ל",,,"פיירי לימון 900 מ""ל",מיליליטרים,900.00,"100 מ""ל",false,,12.90,0.0143,true,1,2259343
8001090222428,false,"הרבל אסנסס - שמפו חלב קוקוס 400 מ""ל",הרבל אסנס Herbal Essences,,שמפו הרבל אסנסס חלב,מיליליטרים,400.00,"100 מ""ל",false,,14.90,0.0373,true,1,2122469
8001090222541,false,"שמפו תות שדה ומנטה 400 מ""ל הרבל אסנסס",הרבל אסנס Herbal Essences,,שמפו הרבל אסנסס תות,מיליליטרים,400.00,"100 מ""ל",false,,14.90,0.0373,true,1,2122321
8001090222572,false,"מרכך תות שדה ומנטה 400 מ""ל הרבל אסנסס",הרבל אסנס Herbal Essences,,מרכך הרבל אסנסס תות,מיליליטרים,400.00,"100 מ""ל",false,,14.90,0.0373,true,1,2122322
8001090222725,false,"הרבל אסנסס - שמפו שמן מורינגה 400 מ""ל",הרבל אסנס Herbal Essences,,שמפו הרבל אסנסס שמן,מיליליטרים,400.00,"100 מ""ל",false,,14.90,0.0373,true,1,2122323
8001090222756,false,"הרבל אסנסס - מרכך שמן מורינגה 400 מ""ל",הרבל אסנס Herbal Essences,,מרכך הרבל אסנסס שמן,מיליליטרים,400.00,"100 מ""ל",false,,14.90,0.0373,true,1,2122324
8001090222848,false,"הרבל אסנסס - שמפו שיקום שמן ארגן 400 מ""ל",הרבל אסנס Herbal Essences,,שמפו הרבל אסנסס שיקו,מיליליטרים,400.00,"100 מ""ל",false,,14.90,0.0373,true,1,2122325
8001090222879,false,"הרבל אסנסס - מרכך שיקום שמן ארגן 400 מ""ל",הרבל אסנס Herbal Essences,,מרכך הרבל אסנסס שיקו,מיליליטרים,400.00,"100 מ""ל",false,,14.90,0.0373,true,1,2122326
8001090290830,false,"משחת שיניים אורל בי 3D white פנינה בוהקת 75 מ""ל",פרוקטר & גמבל,DE,אורל בי משחת שיניים,מיליליטרים,75.00,"100 מ""ל",false,,19.90,0.2653,true,1,2181552
8001090290939,false,"משחת שיניים אורל בי 3D white לבן בוהק 500 מ""ל",פרוקטר & גמבל,DE,אורל בי משחת שיניים,מיליליטרים,75.00,"100 מ""ל",false,,19.90,0.2653,true,1,2181553
8001090290984,false,"משחת שיניים 3D white רעננות מעוררת 75 מ""ל אורל בי",,,משחת שיניים אורל בי,מיליליטרים,75.00,"100 מ""ל",false,,10.90,0.1453,true,1,2281800
8001090291035,false,"משחת שיניים 3D white להלבנה רעננות ארקטית 75 מ""ל אורל בי",,,משחת שיניים אורל בי,מיליליטרים,75.00,"100 מ""ל",false,,10.90,0.1453,true,1,2281791
8001090316103,false,קפסולות לכתמים קשים 45 יח' אריאל,,FR,אריאל קפסולות לכביסה,יח',45.00,יח',false,,69.90,1.5533,true,1,2281945
8001090336354,false,טיטולי פמפרס בייבי דריי מידה 2 46 יח',פרוקטר אנד גמבל,DE,פמפרס בייבי דריי מיד,יח',46.00,יח',false,,34.90,0.7587,true,1,2134668
8001090336408,false,חיתולים בייבי דריי מידה 3 38 יח' פמפרס,פרוקטר אנד גמבל,DE,פמפרס בייבי דריי מיד,יח',38.00,יח',false,,34.90,0.9184,true,1,2134669
8001090336446,false,טיטולי פמפרס בייבי דריי מידה 4 34 יח',פרוקטר אנד גמבל,DE,פמפרס בייבי דריי מיד,יח',34.00,יח',false,,34.90,1.0265,true,1,2134679
8001090336521,false,טיטולי פמפרס בייבי דריי מידה 5 30 יח',פרוקטר אנד גמבל,DE,פמפרס בייבי דריי מיד,יח',30.00,יח',false,,34.90,1.1633,true,1,2134681
8001090336606,false,טיטולי פמפרס בייבי דריי מידה 6 26 יח',פרוקטר אנד גמבל,DE,פמפרס בייבי דריי מיד,יח',26.00,יח',false,,34.90,1.3423,true,1,2134682
8001090364104,false,"משחת שיניים אורל בי G&E אורגינל 75 מ""ל",אורל בי Oral B,,אורל בי משחת שיניים,מיליליטרים,75.00,"100 מ""ל",false,,14.90,0.1987,true,1,2181554
8001090364159,false,"משחת שיניים אורל בי G&E רעננות מוגברת 75 מ""ל",אורל בי Oral B,,אורל בי משחת שיניים,מיליליטרים,75.00,"100 מ""ל",false,,14.90,0.1987,true,1,2181555
8001090364203,false,"משחת שיניים אורל בי G&E להלבנה עדינה 75 מ""ל",אורל בי Oral B,,אורל בי משחת שיניים,מיליליטרים,75.00,"100 מ""ל",false,,14.90,0.1987,true,1,2181556
8001090375186,false,"מרכך מרוכז לצבע מלא חיים 200 מ""ל פנטן",פנטן Pantene,,מרכך מרוכז לצבע מלא,מיליליטרים,200.00,"100 מ""ל",false,,19.90,0.0995,true,1,1667769
8001090375230,false,"מרכך מרוכז לחות מוגברת 200 מ""ל פנטן",פנטן Pantene,,מרכך מרוכז לחות מוגב,מיליליטרים,200.00,"100 מ""ל",false,,19.90,0.0995,true,1,1667770
8001090375285,false,"מרכך מרוכז למגע רך כמשי 200 מ""ל פנטן",פנטן Pantene,,מרכך מרוכז למגע רך כ,מיליליטרים,200.00,"100 מ""ל",false,,19.90,0.0995,true,1,1667771
8001090379337,false,פמפרס פרימיום חיתולי VP מידה 3 40 יח',פרוקטר אנד גמבל,DE,חיתולי פמפרס פרימיום,יח',40.00,יח',false,,34.90,0.8725,true,1,1636121
8001090379368,false,פמפרס פרימיום חיתולי VP מידה 4 34 יח',פרוקטר אנד גמבל,DE,חיתולי פמפרס פרימיום,יח',34.00,יח',false,,34.90,1.0265,true,1,1636122
8001090379399,false,פמפרס פרימיום חיתולי VP מידה 5 30 יח',פרוקטר אנד גמבל,DE,חיתולי פמפרס פרימיום,יח',30.00,יח',false,,34.90,1.1633,true,1,1636123
8001090458322,false,פיירי ורדים ומשי 1.015 ל',פרוקטר & גמבל,GB,פיירי 1.015 ליטר ורד,ליטרים,1.01,ליטר,false,,17.90,17.7228,true,1,1550228
8001090458353,false,סבון כלים פעולה אנטי-בקטריאלית אקליפטוס,פיירי Fairy,,"פיירי 515 מ""ל אנטי ב",מיליליטרים,515.00,"100 מ""ל",false,,11.90,0.0231,true,1,1534793
8001090493637,false,"הד אנד שולדרס שמפו אולטרא טוטאל קר 450 מ""ל",הד אנד שולדרס H&S,,שמפו הד אנד שולדרס 4,מיליליטרים,450.00,"100 מ""ל",false,,20.90,0.0464,true,1,1905106
8001090540577,false,מי פה אוראל בי 500 מ,אורל בי Oral B,,מי פה אוראל בי 500 מ,מיליליטרים,500.00,"100 מ""ל",false,,24.90,0.0498,true,1,2181544
8001090580122,false,"הד אנד שולדרס שמפו סופרים משקם 400 מ""ל",הד אנד שולדרס H&S,,שמפו משקם הד אנד שול,מיליליטרים,400.00,"100 מ""ל",false,,20.90,0.0522,true,1,2009628
8001090632715,false,אורל בי משחת שיניים,,,אורל בי משחת שיניים,גרמים,75.00,100 גרם,false,,14.90,0.1987,true,1,2159952
8001090645517,false,הרבל אסנסס מרכך ג'ינ,הרבל אסנס Herbal Essences,,הרבל אסנסס מרכך ג'ינ,מיליליטרים,400.00,"100 מ""ל",false,,14.90,0.0373,true,1,2128137
8001090678195,false,"שולדרס מרכך סופרים לחות 275 מ""ל",הד אנד שולדרס H&S,,מרכך לחות הד אנד שול,מיליליטרים,275.00,"100 מ""ל",false,,11.90,0.0433,true,1,2009629
8001090678225,false,"שולדרס מרכך סופרים משקם 275מ""ל",הד אנד שולדרס H&S,RO,מרכך משקם הד אנד שול,מיליליטרים,275.00,"100 מ""ל",false,,11.90,0.0433,true,1,2009630
8001090678614,false,"שמפו סופרים לחות הד אנד שולדרס 400 מ""ל",הד אנד שולדרס H&S,,שמפו לחות הד אנד שול,מיליליטרים,400.00,"100 מ""ל",false,,20.90,0.0522,true,1,2009632
8001090721099,false,טבליות ג'ל לכביסה 3 ב-1 בניחוח אביב הרים,פרוקטר אנד גמבל,FR,אריאל קפסולות לכביסה,יח',27.00,יח',false,,37.90,1.4037,true,1,1832002
8001090721129,false,אריאל קפסולות לכביסה קולור 27 יח,פרוקטר אנד גמבל,FR,אריאל קפסולות לכביסה,יח',27.00,יח',false,,37.90,1.4037,true,1,1832003
8001090734044,false,מגני תחתון אולוויז לארג' בניחוח רענן,אולוויז Always,,אולוויז 64 יחידות מ,יח',64.00,יח',false,,21.90,0.3422,true,1,1721767
8001090737809,false,אולוויז מגן תחתון סינגל טנגה 36 יחידות,אולוויז Always,DE,אולדייז טנגה 36 יחיד,יח',36.00,יח',false,,14.90,0.4139,true,1,1722544
8001090740717,false,מגני תחתון אולוויז נורמל עם ניחוח רענן Fresh Scent,אולוויז Always,,אולוויז 76 יחידות מ,יח',76.00,יח',false,,21.90,0.2882,true,1,1722545
8001090745903,false,"טייד אלפיין פרש 4 ק""ג אבקה",פרוקטר אנד גמבל,,"טייד אלפין 4 ק""ג",קילוגרמים,4.00,"ק""ג",false,,34.90,8.7250,true,1,1832004
8001090802385,false,טייד קפסולות ג'ל בניחוח לנור 26 יחידות,פרוקטר & גמבל,FR,טייד קפסולות ג'ל בני,יח',26.00,יח',false,,34.90,1.3423,true,1,2057474
8001090832450,false,"שמפו פנטן נוסחה קלאסית 660 מ""ל",פרוקטר & גמבל,RO,פנטן שמפו קלאסית 660,מיליליטרים,660.00,"100 מ""ל",false,,19.90,0.0302,true,1,2154719
8001090832535,false,"שמפו פנטן שמן מרוקאי משקם 660 מ""ל",פרוקטר & גמבל,RO,פנטן שמפו קלאסית 660,מיליליטרים,660.00,"100 מ""ל",false,,19.90,0.0302,true,1,2154725
8001090832573,false,"שמפו פנטן לחות מוגברת 660 מ""ל",פרוקטר & גמבל,RO,פנטן שמפו קלאסית 660,מיליליטרים,660.00,"100 מ""ל",false,,19.90,0.0302,true,1,2154726
8001090832610,false,"שמפו פנטן למגע רך כמשי 660 מ""ל",פנטן Pantene,,פנטן שמפו קלאסית 660,מיליליטרים,660.00,"100 מ""ל",false,,19.90,0.0302,true,1,2154727
8001090832696,false,"פנטן שמפו לתלתלים מושלמים 660 מ""ל",פנטן Pantene,,פנטן שמפו קלאסית 660,מיליליטרים,660.00,"100 מ""ל",false,,19.90,0.0302,true,1,2154728
8001090832771,false,"שמפו פנטן הזנת קרטין 660 מ""ל",פנטן Pantene,,פנטן שמפו קלאסית 660,מיליליטרים,660.00,"100 מ""ל",false,,19.90,0.0302,true,1,2154729
8001090832818,false,מרכך פנטן הנוסחה הקלאסית לשיער רגיל ומעורב,פרוקטר & גמבל,RO,מרכך קונדישינר פנטן,מיליליטרים,660.00,"100 מ""ל",false,,19.90,0.0302,true,1,2154734
8001090832856,false,"פנטן קונדישנר מרוקאי משקם 660 מ""ל",פרוקטר & גמבל,RO,מרכך קונדישינר פנטן,מיליליטרים,660.00,"100 מ""ל",false,,19.90,0.0302,true,1,2154763
8001090832894,false,"פנטן קונדישנר לחות מוגברת 660 מ""ל",פרוקטר & גמבל,RO,מרכך קונדישינר פנטן,מיליליטרים,660.00,"100 מ""ל",false,,19.90,0.0302,true,1,2154764
8001090832931,false,"פנטן קונדישנר למגע רך כמשי 660 מ""ל",פנטן Pantene,,מרכך קונדישינר פנטן,מיליליטרים,660.00,"100 מ""ל",false,,19.90,0.0302,true,1,2154765
8001090832979,false,"פנטן מרכך לתלתלים מושלמים 660 מ""ל",פנטן Pantene,,מרכך קונדישינר פנטן,מיליליטרים,660.00,"100 מ""ל",false,,19.90,0.0302,true,1,2154766
8001090833051,false,"פנטן מרכך הזנת קרטין 660 מ""ל",פנטן Pantene,,מרכך קונדישינר פנטן,מיליליטרים,660.00,"100 מ""ל",false,,19.90,0.0302,true,1,2154767
8001090833136,false,אריאל ג'ל כביסה בייבי 2.255 ליטר,אריאל Ariel,FR,אריאל ג'ל בייבי,ליטרים,2.26,ליטר,false,,26.90,11.9027,true,1,1938269
8001090833167,false,אריאל ג'ל כביסה ניחוח הרים 2.365 ליטר,פרוקטור אנד גמבל,FR,אריאל ג'ל 2.365 ליטר,ליטרים,2.37,ליטר,false,,32.90,13.8819,true,1,1938270
8001090833198,false,אריאל ג'ל כביסה ניחוח מרענן 2.365 ליטר,פרוקטור אנד גמבל,FR,אריאל ג'ל 2.365 ליטר,ליטרים,2.37,ליטר,false,,32.90,13.8819,true,1,1938271
8001090833228,false,אריאל ג'ל כביסה קולור 2.365 ליטר,אריאל Ariel,FR,אריאל ג'ל 2.365 ליטר,ליטרים,2.37,ליטר,false,,32.90,13.8819,true,1,1938272
8001090833259,false,ג'ל כביסה בניחוח הרים,אריאל Ariel,FR,אריאל ג'ל 3.74 ליטר,ליטרים,3.74,ליטר,false,,42.90,11.4706,true,1,1938273
8001090886385,false,לנור כדוריות הבושם בניחוח רענן 140 גר,פרוקטר אנד גמבל,GB,מבשמי כדוריות לנור 1,גרמים,140.00,100 גרם,false,,19.90,0.1421,true,1,2172232
8001090891273,false,לנור כדוריות הבושם בניחוח סחלב 210 ג',פרוקטר אנד גמבל,US,מבשמי כדוריות לנור ב,גרמים,210.00,100 גרם,false,,25.90,0.1233,true,1,2172233
8001090899194,false,תחבושות אולוויז פלטינום נורמל 24 יח',אולוויז Always,,תחבושות אולוויז פלטי,יח',24.00,יח',false,,19.90,0.8292,true,1,2128154
8001090899224,false,תחבושות אולוויז פלטינום לונג 20 יח',אולוויז Always,,תחבושות אולוויז פלטי,יח',20.00,יח',false,,19.90,0.9950,true,1,2128155
8001090899255,false,תחבושות אולוויז פלטינום לילה 16 יח',Unknown,,תחבושות אולוויז פלטי,יח',16.00,יח',false,,19.90,1.2437,true,1,2128156
8001090899286,false,תחבושות אולוויז פלטינום לילה בטוח 14 יח',אולוויז Always,,תחבושות אולוויז פלטי,יח',14.00,יח',false,,19.90,1.4214,true,1,2128157
8001090943095,false,סבון כלים פעולה אנטי-בקטריאלית אקליפטוס,פיירי Fairy,,פיירי אנטי בקטריאלי,ליטרים,1.01,ליטר,false,,17.90,17.7228,true,1,1905110
8001090992338,false,טבליות למדיח פיירי פלטינום פלוס,פרוקטר & גמבל,FR,טבליות פיירי למדיח כ,יח',50.00,יח',false,,59.90,1.1980,true,1,2141923
8001110016303,false,ליקר אמרטו דיסרונו 7,,,דיסארונו אמרטו ליקר,מיליליטרים,700.00,"100 מ""ל",false,,74.90,0.1070,true,1,1248774
8001160000888,false,"גטורייד משקה ספורט תפוז 500 מ""ל",,,משקה ספורט גטורייד,מיליליטרים,500.00,"100 מ""ל",false,,9.90,0.0198,true,1,1224270
8001160001786,false,"משקה אנרגיה גטורייד ספורט כחול 500מ""ל",סאן בנדטו אס פי איי,IT,משקה ספורט גטורייד,מיליליטרים,500.00,"100 מ""ל",false,,9.90,0.0198,true,1,1224272
8001250120908,false,פסטה ראקט דה ציקו 50,דה צ'אקו DE CECCO,,פסטה ראקט 90 DE CEC,גרמים,500.00,100 גרם,false,,9.90,0.0198,true,1,2227486
8001250121264,false,פסטה קונצ'יליוני 12,דה צ'אקו DE CECCO,,פסטה קונצ'יליוני 12,גרמים,500.00,100 גרם,false,,14.90,0.0298,true,1,2253360
8001250250018,false,"שמן זית EXTRA VIRGIN CLASSICO (כחול) 750 מ""ל",VIRGINIAS INDUSTRIAS,IT,שמן זית כתית מעולה D,מיליליטרים,750.00,"100 מ""ל",false,,39.90,0.0532,true,1,2281507
8001359108654,false,"מויסטר ריסורס קרם פנים 250מ""ל",,,מויסטר רספונס,יחידה,0.00,יחידה,false,,19.90,0.0000,true,1,2181924
8001440118944,false,שלישיית עגבניות פולפה *400 ג' צ'יריו,סיריו,,שלישיית עגבניות פולפ,גרמים,400.00,100 גרם,false,,11.90,0.0298,true,1,2274540
8001440124167,false,"רוטב פומודורו לפסטה צ'ריו 446 מ""ל CIRIO",סיריו,,רוטב עגבניות פומודור,גרמים,420.00,100 גרם,false,,11.90,0.0283,true,1,2273894
8001505000184,false,מעדן אוכמניות אורגני,אף.סי תבליני בגליל ב,IT,מעדן אוכמניות אורגני,גרמים,250.00,100 גרם,false,,19.90,0.0796,true,1,1405717
8001505000283,false,מעדן פטל אורגני ללא,אף.סי תבליני בגליל ב,IT,מעדן פטל אורגני,גרמים,250.00,100 גרם,false,,19.90,0.0796,true,1,1405758
8001505000306,false,מעדן פירות יער אורגנ,,,מעדן פירות יער אורגנ,גרמים,250.00,100 גרם,false,,19.90,0.0796,true,1,1405759
8001505000313,false,ממרח אגוזי לוז אורגנ,ריג'וני דה אסינו,IT,ממרח אגוזי לוז אורגנ,גרמים,250.00,100 גרם,false,,20.90,0.0836,true,1,1405760
8001505000573,false,מעדן דומדמניות שחורות אורגני,Rigoni Di Asiago,,מעדן דומדמניות שחורו,גרמים,250.00,100 גרם,false,,19.90,0.0796,true,1,1405763
8001505001105,false,ממרח אגוזי לוז אורגנ,,,ממרח אגוזי לוז אורגנ,גרמים,270.00,100 גרם,false,,20.90,0.0774,true,1,1811513
8001561024131,false,גושי טונה בהירה פלפל,,,גושי טונה בהירה פלפל,גרמים,240.00,100 גרם,false,,26.90,0.1121,true,1,2135404
8001620011935,false,מים מינרלים מוגזים שישייה בקבוק אישי,אקווה מינרלה סאן בנד,IT,מים סאן בנדטו מוגז 6,ליטרים,3.00,ליטר,false,,11.90,3.9667,true,1,1239613
8001620015636,false,"משקה פירות פרוטה-מיקס פירות 400 מ""ל סאן בנדטו",אקווה מינרלה סאן בנד,IT,פורטה מיקס פירות 400,מיליליטרים,400.00,"100 מ""ל",false,,6.90,0.0172,true,1,2201516
8001620017456,false,"מים מינרלים שישיה ספורט סאן בנדטו 500 מ""ל",סאן בנדטו San Benedetto,,שישייה סאן בנדטו פקק,ליטרים,3.00,ליטר,false,,14.90,4.9667,true,1,1723923
8001620018248,false,"מים מינרלים 750 מ""ל סאן בנדטו-פקק ספורט",סאן בנדטו San Benedetto,,מים סן בנדטו פקק ספו,מיליליטרים,750.00,"100 מ""ל",false,,4.90,0.0065,true,1,2069763
8001620018408,false,"משקה פירות בטעם מנגו תפוח 400 מ""ל פרוטה",אקווה מינרלה סאן בנד,IT,פרוטה מנגו תפוח 400,מיליליטרים,400.00,"100 מ""ל",false,,6.90,0.0172,true,1,2234510
8001780499307,false,דובדבני אמרנה בסירופ,פאברי Fabbri,IT,דובדבני אמרנה FABBRI,גרמים,230.00,100 גרם,false,,19.90,0.0865,true,1,2231093
8001841006710,false,לנור כדוריות הבושם בניחוח רענן 210 ג',פרוקטר & גמבל,GB,מבשמי כדוריות לנור ב,גרמים,210.00,100 גרם,false,,25.90,0.1233,true,1,2172234
8001841006833,false,לנור כדוריות הבושם בניחוח אביבי 210 ג',,,מבשמי כדוריות לנור ב,גרמים,210.00,100 גרם,false,,25.90,0.1233,true,1,2172235
8001841053646,false,אולוויז תחבושות עבה נורמל פלוס 14 יח',,,תחבושות אולוויז עבה,יח',14.00,יח',false,,12.90,0.9214,true,1,1984498
8001841053684,false,אולוויז תחבושת מקסי לונג 12יח,פרוקטר & גמבל,HU,תחבושות אולוויז עבה,יח',12.00,יח',false,,12.90,1.0750,true,1,1984499
8001841053806,false,תחבושות היגייניות אולוויז מקסי עבה לילה,פרוקטר & גמבל,DE,תחבושות אולוויז עבה,יח',9.00,יח',false,,12.90,1.4333,true,1,1984500
8001841062624,false,מארז מגבוני פמפרס ללא בישום - רביעייה,פרוקטר אנד גמבל.,DE,מגבוני פמפרס ללא ביש,יח',208.00,יח',false,,19.90,0.0957,true,1,2179362
8001841077949,false,מארז מגבוני פמפרס בניחוח מרענן - רביעייה,פרוקטר אנד גמבל,DE,מגבוני פמפרס פרש 4*5,יח',208.00,יח',false,,19.90,0.0957,true,1,2132093
8001841096889,false,"נוזל לניקוי כלים לימון קלאסי 900 מ""ל",פרוקטר & גמבל,TR,פיירי לימון קלאסי 90,מיליליטרים,900.00,"100 מ""ל",false,,9.90,0.0110,true,1,1890655
8001841105093,false,"חיתולי פמפרס פרימיום קר שלב 6, +13 ק""ג",פרוקטר & גמבל,DE,חיתולי פמפרס פרימיום,יח',26.00,יח',false,,34.90,1.3423,true,1,2069836
8001841137179,false,"ה&ש קונדישנר-הנוסחה הקלאסית 275 מ""ל",פרוקטר אנד גמבל,RO,מרכך הד אנד שולדרס 2,מיליליטרים,275.00,"100 מ""ל",false,,11.90,0.0433,true,1,2134683
8001841137216,false,"קונדישנר למגע רך כמשי הד אנד שולדרס 275 מ""ל",הד אנד שולדרס H&S,RO,מרכך לחות הד אנד שול,מיליליטרים,275.00,"100 מ""ל",false,,11.90,0.0433,true,1,2134684
8001841216584,false,תחבושות אולוויז אולטרה לילה בטוח,פרוקטר & גמבל,HU,תחבושות אולוויז לילה,יח',36.00,יח',false,,39.90,1.1083,true,1,2132094
8001841272757,false,אורל-בי משחת שיניים להלבנה פחם- לניקוי עמוק,פרוקטר & גמבל,DE,אורל בי משחת שיניים,מיליליטרים,75.00,"100 מ""ל",false,,19.90,0.2653,true,1,2229648
8001841427126,false,מגן תחתון אולוויז מגה פק פרו פרש נורמל 64 יחי,פרוקטר & גמבל,DE,מגן תחתון אולוויז מג,יח',64.00,יח',false,,21.90,0.3422,true,1,2159953
8001841500799,false,"הרבל אסנסס - שמפו ללא סולפטים אלוורה ומנגו 380 מ""ל",הרבל אסנס Herbal Essences,FR,שמפו הרבל אסנסס ללא,מיליליטרים,380.00,"100 מ""ל",false,,14.90,0.0392,true,1,2177855
8001841500942,false,"הרבל אסנסס - שמפו ללא סולפטים אלוורה ובמבוק 380 מ""ל",הרבל אסנס Herbal Essences,FR,שמפו הרבל אסנסס ללא,מיליליטרים,380.00,"100 מ""ל",false,,14.90,0.0392,true,1,2177860
8001841502601,false,"הרבל אסנסס - מרכך ללא סולפטים אלוורה ובמבוק 275 מ""ל",הרבל אסנס Herbal Essences,FR,שמפו הרבל אסנסס ללא,מיליליטרים,275.00,"100 מ""ל",false,,14.90,0.0542,true,1,2177862
8001841566771,false,לנור כדוריות הבושם בניחוח יסמין 210 ג',פרוקטר & גמבל,GB,מבשמי כדוריות לנור ב,גרמים,210.00,100 גרם,false,,25.90,0.1233,true,1,2172236
8001841587684,false,ג'ל דאודורנט היידה ג,,,ג'ל דאודורנט היידה ג,מיליליטרים,70.00,"100 מ""ל",false,,18.90,0.2700,true,1,2217258
8001841587738,false,ג'ל דאודורנט היידה ג,,,ג'ל דאודורנט היידה ג,מיליליטרים,70.00,"100 מ""ל",false,,18.90,0.2700,true,1,2217259
8001841625188,false,סבון כלים פלטינום לימון X3 פעולות להסרת שומנים,פרוקטר אנד גמבל,GB,"פיירי פלטינום 515 מ""",מיליליטרים,515.00,"100 מ""ל",false,,11.90,0.0231,true,1,2144795
8001841625287,false,סבון כלים פלטינום לימון X3 פעולות להסרת שומנים,פרוקטר אנד גמבל,TR,פיירי פלטינום 1.015,ליטרים,1.01,ליטר,false,,17.90,17.7228,true,1,2144796
8001841625362,false,"נוזל כלים בניחוח לימון פלטינום 780 מ""ל פיירי",,,פיירי פלטינום לימון,מיליליטרים,780.00,"100 מ""ל",false,,12.90,0.0165,true,1,2259344
8001841625461,false,סבון כלים פלטינום X3 פעולות להסרת שומנים,פרוקטר אנד גמבל,GB,"פיירי פלטינום 515 מ""",מיליליטרים,515.00,"100 מ""ל",false,,11.90,0.0231,true,1,2144797
8001841625508,false,סבון כלים פלטינום X3 פעולות להסרת שומנים,פרוקטר אנד גמבל,TR,פיירי פלטינום 1.015,ליטרים,1.01,ליטר,false,,17.90,17.7228,true,1,2144798
8001841640204,false,טייד קפסולות ג'ל בניחוח לנור 58 יחידות,,,טייד קפסולות בניחוח,יחידה,58.00,יחידה,false,,69.90,1.2052,true,1,2202085
8001841660257,false,מסכת מינרלס במבוק לשיער חזק וארוך,פנטן Pantene,,מיראקלס פנטן מסכה ב,מיליליטרים,160.00,"100 מ""ל",false,,18.90,0.1181,true,1,2207856
8001841660530,false,קרם לחות מינרלס במבוק + חלבון משקם לשיער ארוך,פנטן Pantene,FR,מיראקלס קרם לחות פנט,מיליליטרים,270.00,"100 מ""ל",false,,18.90,0.0700,true,1,2207850
8001841669519,false,אריאל טבליות ג'ל כביסה 55 יח',פרוקטר & גמבל,FR,אריאל קפסולות לכביסה,יח',55.00,יח',false,,69.90,1.2709,true,1,2159954
8001841680989,false,מגן תחתון אולוויז מגה פק פרו פרש לארג' 60 יחי,פרוקטר & גמבל,DE,מגן תחתון אולוויז מג,יח',60.00,יח',false,,21.90,0.3650,true,1,2159955
8001841715957,false,"הד&שולדרס - ג'ל רחצה ושמפו ניקוי אינטנסיבי 360 מ""ל","נארז ע""י : א.ג. גילר",FR,ג'ל רחצה ושמפו ניקוי,מיליליטרים,360.00,"100 מ""ל",false,,16.90,0.0469,true,1,2210103
8001841716312,false,הד אנד שולדרס ג'ל רחצה ושמפו ספורט 360מל,"פרוקטר אנד גמבל, צרפ",FR,ג'ל רחצה ושמפו ספורט,מיליליטרים,360.00,"100 מ""ל",false,,16.90,0.0469,true,1,2210104
8001841716435,false,"הד אנד שולדרס ג'ל רחצה ושמפו לעור רגיש 360 מ""ל","נארז ע""י : א.ג. גילר",FR,ג'ל רחצה ושמפו לעור,מיליליטרים,360.00,"100 מ""ל",false,,16.90,0.0469,true,1,2210105
8001841716596,false,"הד אנד שולדרס ג'ל רחצה ושמפו מרענן 360 מ""ל","נארז ע""י : א.ג. גילר",FR,ג'ל רחצה ושמפו מרענן,מיליליטרים,360.00,"100 מ""ל",false,,16.90,0.0469,true,1,2210106
8001841893990,false,פיירי טבליות למדיח פלטינום פלוס - מארז 30 יח',פיירי Fairy,,טבליות פיירי למדיח כ,יח',30.00,יח',false,,39.90,1.3300,true,1,2182909
8001841941929,false,תחבושות אולוייז וליו,פרוקטר אנד גמבל,,אולוויז בטוח אקסטרא,יח',16.00,יח',false,,19.90,1.2437,true,1,2207845
8001841958460,false,פיירי טבליות למדיח אורגינל הכל באחד - מארז 48 יח',פרוקטר אנד גמבל,BE,טבליות פיירי למדיח כ,יח',48.00,יח',false,,39.90,0.8312,true,1,2182910
8001841960081,false,פיירי טבליות למדיח פלטינום הכל באחד - מארז 37 יח',פרוקטר אנד גמבל,BE,טבליות פיירי למדיח כ,יח',37.00,יח',false,,39.90,1.0784,true,1,2182911
8001943549122,false,"צ'וקטה מטבעות שוקולד חלב, 40 גרם",צ'וקטה Chocketa,,מטבעות שוקולד צוקטה,גרמים,40.00,100 גרם,false,,3.90,0.0975,true,1,1654155
8002066001405,false,אטריות ביצים טלייאטלה ללא גלוטן 250גר,,,איטריות ביצים פאפארד,גרמים,250.00,100 גרם,false,,14.90,0.0596,true,1,1805685
8002110383709,false,נוטרוגינה ס.נורבגית ק.ידיים לא מבושם 50מל,ניוטרוג'ינה Neutrogena,FR,נוטרוגינה ס.נורבגית ק.ידי,מיליליטרים,75.00,"100 מ""ל",false,,19.90,0.2653,true,1,1253634
8002213004068,false,קמח לפיצה ורוד 1 קג,,,קמח לפיצה pz2 (ורוד),קילוגרמים,1.00,"100 ק""ג",false,,14.90,14.9000,true,1,2138013
8002230000012,false,מארז משקה קוקטייל אפ,אלכוהול (איי.בי.בי),,מארז משקה קוקטייל אפ,ליטרים,1.00,ליטר,false,,99.00,99.0000,true,1,1539666
8002267014662,false,שלישייה ביצי שוקולד חלב עם צעצוע ברבי,צ'וקטה Chocketa,,ביצת הפתעה ברבי שליש,גרמים,60.00,100 גרם,false,,9.90,0.1650,true,1,1701825
8002267014945,false,שלישייה ביצי שוקולד חלב עם צעצוע הוט ווילס,צ'וקטה Chocketa,,ביצת הפתעה הוט ווילס,גרמים,60.00,100 גרם,false,,9.90,0.1650,true,1,1701826
8002267015263,false,ביצי שוקולד חלב עם הפתעת צעצוע - מארז 3 יח',צ'וקטה Chocketa,,ביצת הפתעה מאשה והדו,גרמים,60.00,100 גרם,false,,9.90,0.1650,true,1,2167868
8002267016475,false,צ'וקטה ביצת הפתעה בוב הבנאי מארז 3,מולינו ניקולי s.p.a,IT,ביצת הפתעה בוב הבנאי,גרמים,60.00,100 גרם,false,,9.90,0.1650,true,1,1914820
8002267016673,false,ביצת שוקולד עם הפתעה,,,ביצת שוקולד חלב עם ה,גרמים,110.00,100 גרם,false,,14.90,0.1355,true,1,2246193
8002270015649,false,סן פלגרינו מים מינרל,סן פלגרינו ס.פ.א לוק,IT,מים סאן פלגרינו 250,מיליליטרים,250.00,"100 מ""ל",false,,5.90,0.0236,true,1,1239614
8002270236792,false,אסנזה משקה מוגז בטעם לימון גרידת לימון- שישייה,סן פלגרינו San Pellegrino,,אסנזה סן פלגרינו לימ,ליטרים,3.00,ליטר,false,,32.90,10.9667,true,1,2251884
8002270256790,false,אסנזה משקה מוגז בטעם תפוז דם ופטל שחור,סן פלגרינו San Pellegrino,,אסנזה סן פלגרינו תפו,ליטרים,3.00,ליטר,false,,32.90,10.9667,true,1,2251885
8002270436581,false,סאן פלגרינו מים מוגז,סן-פלגרינו,,שישייה סאן פאלגרינו,ליטרים,3.00,ליטר,false,,24.90,8.3000,true,1,1737069
8002270846472,false,סן פלגרינו פלאסטיק ב,סן פלגרינו,IT,מים סן פלגרינו פלסט,מיליליטרים,500.00,"100 מ""ל",false,,5.90,0.0118,true,1,1239617
8002270866524,false,סאן פלנגרינו מים מינ,סן פלגרינו San Pellegrino,IT,מים סן פלגרינו פלסט,ליטרים,1.00,ליטר,false,,7.90,7.9000,true,1,1239618
8002450006559,false,יין קאסה די לואיג'י שרדונה,קאסה די לואיג'י Casa di luigi,,יין שרדונה קאזה דה ל,מיליליטרים,750.00,"100 מ""ל",false,,24.90,0.0332,true,1,1248776
8002450201008,false,ורדי רספברי ספרקלטיני,בוסקה Bosca,,סדרת וורדי,מיליליטרים,750.00,"100 מ""ל",false,,19.90,0.0265,true,1,1248777
8002450202005,false,ורדי ספרקלטיני אסאי Verdi acai Sparkletini,בוסקה Bosca,,סדרת וורדי,מיליליטרים,750.00,"100 מ""ל",false,,19.90,0.0265,true,1,1248778
8002450203002,false,משקה כהלי מוגז ורדי,בוסקה,,סדרת וורדי,מיליליטרים,750.00,"100 מ""ל",false,,19.90,0.0265,true,1,2022803
8002450204009,false,ורדי ספרקלטיני אפרסק,"איי, בי, אינבוו",IT,סדרת וורדי,מיליליטרים,750.00,"100 מ""ל",false,,19.90,0.0265,true,1,1248779
8002450205006,false,משקה כהלי מוגז ורדי,בוסקה,,סדרת וורדי,מיליליטרים,750.00,"100 מ""ל",false,,19.90,0.0265,true,1,1436434
8002450206003,false,ורדי רימונים ספרקלטיני,"איי, בי, אינבוו",IT,סדרת וורדי,מיליליטרים,750.00,"100 מ""ל",false,,19.90,0.0265,true,1,1248780
8002450206508,false,יין קברנה קאזה דה לו,קאסה די לואיג'י Casa di luigi,,יין קברנה קאזה דה לו,מיליליטרים,750.00,"100 מ""ל",false,,24.90,0.0332,true,1,1248781
8002450206522,false,יין קאזה די לואיגי מ,קאסה די לואיג'י Casa di luigi,,יין מרלו קאזה דה לוא,מיליליטרים,750.00,"100 מ""ל",false,,24.90,0.0332,true,1,1248782
8002450208007,false,ורדי גרין אפל ספרקלטיני,בוסקה Bosca,,סדרת וורדי,מיליליטרים,750.00,"100 מ""ל",false,,19.90,0.0265,true,1,1248784
8002450208304,false,משקה כהלי מוגז ורדי,בוסקה,,סדרת וורדי,מיליליטרים,750.00,"100 מ""ל",false,,19.90,0.0265,true,1,2119191
8002450209004,false,ורדי משקה כהלי מוגז,בוסקה Bosca,,סדרת וורדי,מיליליטרים,750.00,"100 מ""ל",false,,19.90,0.0265,true,1,1326452
8002960103199,false,CA70W 'רוטב פומודורינה בצנצנת 370 ג MENU,מנורה,IT,רוטב עגבניות איטלקי,גרמים,370.00,100 גרם,false,,12.90,0.0349,true,1,2279392
8002960103205,false,CR70W 'רוטב ארביאטה בצנצנת 370 ג MENU,מנורה,IT,רוטב עגבניות איטלקי,גרמים,370.00,100 גרם,false,,12.90,0.0349,true,1,2279393
8002960103212,false,K070W 'רוטב שקשוקה בצנצנת 370 ג MENU,מנורה,IT,רוטב עגבניות איטלקי,גרמים,370.00,100 גרם,false,,12.90,0.0349,true,1,2279394
8002960500165,false,רוטב פומודורינה 830,MENU,IT,CA1 פומודורינה MENU,גרמים,830.00,100 גרם,false,,22.90,0.0276,true,1,2227489
8003007800712,false,פתיתים פיורי 4 טעמים,,IT,פתיתים פיורי 4 טעמים,גרמים,500.00,100 גרם,false,,14.90,0.0298,true,1,1265894
8003007800842,false,פסטה קונקיליוני צבעו,,IT,פתיתי קונקיליוני,גרמים,500.00,100 גרם,false,,14.90,0.0298,true,1,1265895
8003340091280,false,בונבוניירת לינדור Lindor שוקולד מריר,לינדוט ושופרונגלי אי,IT,לינדור בונ' 60% 200 גרם,גרמים,200.00,100 גרם,false,,22.90,0.1145,true,1,1234935
8003340098098,false,לינדור בונבוניירה סט,לינדט ושפרונגלי אס.פ,IT,בונבונירה לינדור סטר,גרמים,200.00,100 גרם,false,,22.90,0.1145,true,1,1343631
8003340098364,false,לינדור בונבוניירה סי,,,בונבונירה לינדור סיל,גרמים,200.00,100 גרם,false,,22.90,0.1145,true,1,2213670
8003576901827,false,כוס פיור לבנה,,,כוס פיור לבנה,יחידה,0.00,יחידה,false,,6.90,0.0000,true,1,2170765
8003576901834,false,סבונייה פיור לבנה,,,סבונייה פיור לבנה,יחידה,0.00,יחידה,false,,6.90,0.0000,true,1,2170766
8003576901841,false,מתקן למברשת שיינים,,,מתקן למברשת שיינים,יחידה,0.00,יחידה,false,,9.90,0.0000,true,1,2170778
8003576901858,false,דיספנסר לסבון פיור,,,דיספנסר לסבון פיור,יחידה,0.00,יחידה,false,,14.90,0.0000,true,1,2170779
8003576901865,false,מברשת שרותים פיור מע,,,מברשת שרותים פיור מע,יחידה,0.00,יחידה,false,,19.90,0.0000,true,1,2170780
8003576901872,false,מברשת שרותים פיור מע,,,מברשת שרותים פיור מע,יחידה,0.00,יחידה,false,,39.90,0.0000,true,1,2170781
8003576901902,false,כוס ליאופרד אפ,,,כוס ליאופרד אפ,יחידה,0.00,יחידה,false,,9.90,0.0000,true,1,2252592
8003576901919,false,סבונייה ליאופרד,,,סבונייה ליאופרד,יחידה,0.00,יחידה,false,,9.90,0.0000,true,1,2252593
8003576901926,false,מתקן אפור למברשות שי,,,מתקן אפור למברשות שי,יחידה,0.00,יחידה,false,,14.90,0.0000,true,1,2252594
8003576901933,false,דיספנסר לסבון ליאופר,,,דיספנסר לסבון ליאופר,יחידה,0.00,יחידה,false,,19.90,0.0000,true,1,2252595
8003576901940,false,מברשת שרותים ליאופרד,,,מברשת שרותים ליאופרד,יחידה,0.00,יחידה,false,,44.90,0.0000,true,1,2252596
8003576901957,false,פח 8.5 ל' ליאופרד,,,פח 8.5 ל' ליאופרד,יחידה,0.00,יחידה,false,,59.90,0.0000,true,1,2252597
8003576971622,false,תבנית אינגליש,,,תבנית אינגליש,יחידה,0.00,יחידה,false,,19.90,0.0000,true,1,1357174
8003653011807,false,אטבים מפלסטיק 20 יח',,,אטבים מפלסטיק 20 יח',יח',20.00,יח',false,,12.90,0.6450,true,1,1222957
8003653033755,false,אטבים מעץ 12 יח',,,אטבים מעץ 12 יח,יח',12.00,יח',false,,7.90,0.6583,true,1,1222962
8003753158556,false,קפסולות אספרסו קלאסיקו 10 * 57 ג' אילי,ג'ייקובס דאו אגרבטס,FR,קפסולות אילי אספרסו,גרמים,57.00,100 גרם,false,,16.90,0.2965,true,1,2206770
8003753158587,false,אילי קפסולות אספרסו פורטה 10 יח' 57 גרם,ג'ייקובס דאו אגרבטס,FR,קפסולות אילי אספרסו,גרמים,57.00,100 גרם,false,,16.90,0.2965,true,1,2206771
8003753158617,false,אילי קפסולות אספרסו לונגו קלאסיקו 10 יח' 57 גרם,ג'ייקובס דאו אגרבטס,FR,קפסולות אילי אספרסו,גרמים,57.00,100 גרם,false,,16.90,0.2965,true,1,2206772
8003753158648,false,אילי קפסולות אספרסו אינטנסו 10 יח' 57 גר',ג'ייקובס דאו אגרבטס,FR,קפסולות אילי אספרסו,גרמים,57.00,100 גרם,false,,16.90,0.2965,true,1,2206773
8003753900469,false,קפה אספרסו טחון בפחי,קפה לנדוור,IL,אילי קפה קלוי וטחון לאספר,גרמים,250.00,100 גרם,false,,49.90,0.1996,true,1,1224210
8003866016538,false,קפסולות קפה דיאמה כת,,,קפסולות קפה 10 יח' (,יח',10.00,יח',false,,18.90,1.8900,true,1,2227492
8004030022010,false,ירקות גינה עם טונה ריו מרה אינסלטיסימי 160 ג',"בולטון אלימנטרי בע""מ",IT,ריו מארה טונה עם ירק,גרמים,160.00,100 גרם,false,,15.90,0.0994,true,1,1334093
8004030026018,false,"מקסיקני עם טונה ריו מרה אינסלטיסימי, 160 ג'","בולטון אלימנטרי בע""מ",IT,ריו מארה טונה מקסיקנ,גרמים,160.00,100 גרם,false,,15.90,0.0994,true,1,1334094
8004030044005,false,נתחי טונה בשמן זית ריו מרה 160 ג',"בולטון אלימנטרי בע""מ",IT,ריו מרה טונה בשמן זית 160,גרמים,160.00,100 גרם,false,,15.90,0.0994,true,1,1253635
8004030081024,false,טונה ריו מרה בשמן זית שום ופלפל160 גר',"בולטון אלימנטרי בע""מ",IT,ריו מרה טונה בשמן זית שום,גרמים,160.00,100 גרם,false,,15.90,0.0994,true,1,1253636
8004030102033,false,טונה בשמן זית עם מיץ לימון ופלפל שחור - מארז 3 יח',בולטון אלימנטרי,IT,ריו מארה טונה בשמן ע,גרמים,240.00,100 גרם,false,,27.90,0.1162,true,1,1944925
8004030103399,false,טונה בשמן זית רביעיו,,,טונה בשמן זית רביעיו,גרמים,320.00,100 גרם,false,,29.90,0.0934,true,1,2275066
8004030177000,false,טונה בשמן זית וצ'ילי ריו מרה מארז 80X3 גר',ריו מארה Rio Mare,,ריו מארה טונה בשמן ז,גרמים,240.00,100 גרם,false,,27.90,0.1162,true,1,1810748
8004030180000,false,ריו מרה טונה בשמן זי,בולטון אלימנטרי,IT,ריו מארה טונה בשמן ז,גרמים,240.00,100 גרם,false,,27.90,0.1162,true,1,2276391
8004030344938,false,טונה בשמן זית ריו מרה שלישיה * 80 ג',"בולטון אלימנטרי בע""מ",IT,ריו מארה טונה בשמן ז,גרמים,240.00,100 גרם,false,,27.90,0.1162,true,1,1334088
8004030381681,false,טונה בשמן זית ריו מרה זוגות * 160 ג',,,טונה בשמן זית זוגות,גרמים,320.00,100 גרם,false,,31.90,0.0997,true,1,2275067
8004030845046,false,טונה עם ירקות בתוספת עם אורז ריו מרה אינסלטיסימי 160 ג',בולטון אלימנטרי,IT,ריו מארה טונה בתוספת,גרמים,160.00,100 גרם,false,,15.90,0.0994,true,1,2033597
8004030860001,false,ירקות עם קוקוס וטונה ריו מרה אינסלטיסימי 160 ג',"בולטון אלימנטרי בע""מ",IT,ריו מארה טונה עם קוס,גרמים,160.00,100 גרם,false,,15.90,0.0994,true,1,1421271
8004123004893,false,שמן מתובל טעם פטריות,,,שמן מתובל בטעם פטריו,מיליליטרים,250.00,"100 מ""ל",false,,29.90,0.1196,true,1,2135410
8004123010726,false,שמן זית כתית מעולה ב,,,שמן זית כתית מעולה 7,מיליליטרים,750.00,"100 מ""ל",false,,39.90,0.0532,true,1,2135411
8004708018963,false,מלח אפור אטלנטי מטחנ,דרוגריה ואלימנטרי אס,IT,מלח אפור אטלנטי מטחנה 70ג,גרמים,70.00,100 גרם,false,,12.90,0.1843,true,1,1282873
8004708018987,false,מלח ורוד הימלאיה במטחנה,דרוגריה ואלימנטרי אס,IT,מלח ורוד הימלאיה במטחנה 9,גרמים,90.00,100 גרם,false,,12.90,0.1433,true,1,1282874
8004800004802,false,"גלילי וופל קרם דומדמניות, 100 גרם",לאגו,IT,לאגו פלאסיר- גלילי ו,יחידה,0.00,יחידה,false,,12.90,0.0000,true,1,2267681
8004800004819,false,"וופלים במילוי ק.פסיפלורה, 110 גרם",לאגו,IT,לאגו פלאסיר- וופלים,יחידה,0.00,יחידה,false,,12.90,0.0000,true,1,2267682
8004800004826,false,לאגו פלאסיר - וופלים במילוי קרם קוקוס שוקולד מריר - 98ג,לאגו,IT,לאגו פלאסיר- וופלים,יחידה,0.00,יחידה,false,,12.90,0.0000,true,1,2267683
8004800005502,false,וופל מיני רול גלילי ופל במילוי קרם קקאו- 125 ג' לאגו,לגו גרופ ס.פ.א.,IT,לאגו מיני רול- גלילי,יחידה,0.00,יחידה,false,,9.90,0.0000,true,1,2267684
8004800005519,false,וופל רול גלילי במילוי קרם אגוזי לוז- 125 ג' לאגו,לגו גרופ ס.פ.א.,IT,לאגו מיני רול- גלילי,יחידה,0.00,יחידה,false,,9.90,0.0000,true,1,2267685
8004800005526,false,וופל מיני רול גלילי ופל במילוי קרם קוקוס- 125 ג' לאגו,לגו גרופ ס.פ.א.,IT,לאגו מיני רול- גלילי,יחידה,0.00,יחידה,false,,9.90,0.0000,true,1,2267686
8005110002243,false,רכז עגבניות Doppio Concentr בשפופרת 185 ג' MUTTI,"איי, בי, אינבוו",IT,רכז עגבניות Doppio C,גרמים,185.00,100 גרם,false,,7.90,0.0427,true,1,2227493
8005110170300,false,עגבניות מרוסקות חתוכות מוטי MUTTI שלישיה *400,מוטי Mutti,IT,שלישיית עגבניות חתוכ,גרמים,400.00,100 גרם,false,,17.90,0.0447,true,1,2199567
8005110200014,false,רסק עגבניות 210 ג' CONCENTRATO MUTTI,"איי, בי, אינבוו",IT,רסק עגבניות CONCENTR,גרמים,210.00,100 גרם,false,,6.50,0.0310,true,1,2227494
8005110551253,false,רוטב עגבניות לפיצה MUTTI,"איי, בי, אינבוו",IT,רוטב לפיצה MUTTI,גרמים,400.00,100 גרם,false,,8.90,0.0223,true,1,2231094
8005200256587,false,משקה תה בטעם אפרסק 1.5ל' NESTEA,מפעל סאנפלגרינו S.P.,IT,נסטי אפרסק 1.5 ליטר,ליטרים,1.50,ליטר,false,,8.50,5.6667,true,1,2232119
8005200286584,false,משקה תה בטעם מנגו אננס 1.5 ל' NESTEA,מפעל סאנפלגרינו S.P.,IT,נסטי מנגו אננס 1.5 ל,ליטרים,1.50,ליטר,false,,8.50,5.6667,true,1,2232139
8005200316588,false,משקה תה דיאט בטעם אפרסק 1.5ל' NESTEA,מפעל סאנפלגרינו s.p.,IT,נסטי אפרסק דיאט 1.5,ליטרים,1.50,ליטר,false,,8.50,5.6667,true,1,2232132
8005469951452,false,ממרח אנשובי עם שמן חמניות,בנדטו סקלייה סרל,IT,ממרח אנשובי איטלקי,גרמים,60.00,100 גרם,false,,11.90,0.1983,true,1,2135412
8005469981602,false,פילה אנשובי איטלקי ש,,,פילה אנשובי איטלקי,גרמים,75.00,100 גרם,false,,12.90,0.1720,true,1,2135414
8005803010586,false,מקלות גריסיני בטעם פיצה,"הוסטה איטליה, ס.ר.ל.",IT,גריסיני פיצה 125 גרם,גרמים,125.00,100 גרם,false,,5.00,0.0400,true,1,1420541
8005989240043,false,סט סכום פלסטיק אדום,,,סט סכום פלסטיק אדום,יחידה,0.00,יחידה,false,,9.90,0.0000,true,1,2229786
8005989240050,false,סט סכום פלסטיק כחול,,,סט סכום פלסטיק כחול,יחידה,0.00,יחידה,false,,9.90,0.0000,true,1,2229787
8006540088692,false,הרבל אסנס מסיכה ארגן 450מל,,,מסכה ארגן 450 מל הרב,מיליליטרים,450.00,"100 מ""ל",false,,39.90,0.0887,true,1,2232327
8006540091906,false,כדוריות הבושם בניחוח אריאל 140 ג' לנור,פרוקטר אנד גמבל,GB,מבשמי כדוריות לנור 1,גרמים,140.00,100 גרם,false,,19.90,0.1421,true,1,2217210
8006540091937,false,כדוריות הבושם בניחוח אריאל 210 ג' לנור,פרוקטר & גמבל,GB,מבשמי כדוריות לנור ב,גרמים,210.00,100 גרם,false,,25.90,0.1233,true,1,2217211
8006540110317,false,שמפו מינרלס ביוטין + במבוק לשיער חזק וארוך,פנטן Pantene,RO,מיראקלס שמפו פנטן במ,מיליליטרים,400.00,"100 מ""ל",false,,18.90,0.0472,true,1,2207851
8006540112793,false,"מרכך כביסה מרוכז בניחוח יסמין לנור 900 מ""ל",פרוקטר & גמבל,FR,לנור מרכך מרוכז בניח,מיליליטרים,900.00,"100 מ""ל",false,,15.90,0.0177,true,1,2219667
8006540112823,false,"לנור מרכך כביסה מרוכז בניחוח האוקיינוס 900 מ""ל",פרוקטר אנד גמבל,FR,לנור מרכך כביסה מרוכ,מיליליטרים,900.00,"100 מ""ל",false,,15.90,0.0177,true,1,2207472
8006540112854,false,"מרכך כביסה מרוכז בניחוח סחלב לנור 900 מ""ל",פרוקטר & גמבל,FR,לנור מרכך כביסה מרוכ,מיליליטרים,900.00,"100 מ""ל",false,,15.90,0.0177,true,1,2205485
8006540157374,false,מרכך מינרלס ביוטין + במבוק לשיער חזק וארוך,פנטן Pantene,FR,מיראקלס פנטן מרכך ב,מיליליטרים,275.00,"100 מ""ל",false,,18.90,0.0687,true,1,2207857
8006540163986,false,אריאל קפסולות לכביסה,,,אריאל קפסולות לכביסה,יח',35.00,יח',false,,49.90,1.4257,true,1,2245493
8006540222089,false,פמפרס מגבונים היגיינים לתינוקות וילדים TO GO 40 יח',,,מגבוני פמפרס לתינוק,יח',12.00,יח',false,,5.90,0.4917,true,1,2233374
8006540252468,false,תחבושות אלוויז פלטינ,פרוקטר & גמבל,HU,תחבושות אולוויז פלטי,יח',48.00,יח',false,,39.90,0.8312,true,1,2245494
8006540252499,false,תחבושות אלוויז פלטינ,פרוקטר & גמבל,HU,תחבושות אולוויז פלטי,יח',40.00,יח',false,,39.90,0.9975,true,1,2245495
8006540252529,false,תחבושות אלוויז פלטינ,פרוקטר & גמבל,HU,תחבושות אולוויז פלטי,יח',32.00,יח',false,,39.90,1.2469,true,1,2245496
8006540352960,false,טמפונים טמפקס פרל רג,פרוקטר & גמבל,HK,טמפקס פרל רגולר 20 י,יח',20.00,יח',false,,24.90,1.2450,true,1,2226305
8006540353004,false,טמפונים טמפקס פרל סו,פרוקטר & גמבל,HK,טמפקס פרל סופר 18 יח,יח',18.00,יח',false,,24.90,1.3833,true,1,2226306
8006540358498,false,פרל טמפונים סופר פלו,פרוקטר & גמבל,HK,טמפקס פרל סופר פלוס,יח',18.00,יח',false,,24.90,1.3833,true,1,2226307
8006540404850,false,תחבושות אלוויז דיסקר,פרוקטר & גמבל,DE,תחבושות אולוויז דיסק,יח',10.00,יח',false,,14.90,1.4900,true,1,2266305
8006540404898,false,תחבושות אלוויז דיסקר,פרוקטר & גמבל,DE,תחבושות אולוויז דיסק,יח',8.00,יח',false,,14.90,1.8625,true,1,2266306
8006540404935,false,תחבושות אלוויז דיסקר,פרוקטר & גמבל,DE,תחבושות אולוויז דיסק,יח',12.00,יח',false,,14.90,1.2417,true,1,2266313
8006540405031,false,תחבושות אלוויז דיסקר,פרוקטר & גמבל,DE,תחבושות אולוויז דיסק,יח',16.00,יח',false,,14.90,0.9313,true,1,2266314
8006540406694,false,מכנסונים בייבי דריי,,,מכנסונים בייבי דריי,יח',42.00,יח',false,,44.90,1.0690,true,1,2274406
8006540406724,false,מכנסונים בייבי דריי,,,מכנסונים בייבי דריי,יח',38.00,יח',false,,44.90,1.1816,true,1,2274407
8006540406793,false,מכנסונים בייבי דריי,,,מכנסונים בייבי דריי,יח',34.00,יח',false,,44.90,1.3206,true,1,2274408
8006540425930,false,קפסולות לכתמים קשים 24 יח' אריאל,פרוקטר אנד גמבל,FR,אריאל קפסולות לכביסה,יח',24.00,יח',false,,31.90,1.3292,true,1,2235726
8006540428368,false,חיתולים בייבי דריי מידה 1 40 יח' פמפרס,פרוקטר אנד גמבל,PL,פמפרס בייבי דריי מיד,יח',40.00,יח',false,,34.90,0.8725,true,1,2250244
8006540429327,false,פיירי מקס פאוור לימון עם מנגנון למניעת נזילות,פרוקטר אנד גמבל,,"פיירי לימון 440 מ""ל",מיליליטרים,440.00,"100 מ""ל",false,,11.90,0.0270,true,1,2235741
8006540463550,false,טבליות פיירי פלטינום,פרוקטר & גמבל,FR,טבליות פיירי למדיח כ,יח',63.00,יח',false,,59.90,0.9508,true,1,2259972
8006540491539,false,"נוזל כלים פלטינום אורגינל 780 מ""ל פיירי",,,פיירי פלטינום אורגינ,מיליליטרים,780.00,"100 מ""ל",false,,12.90,0.0165,true,1,2259345
8006540495186,false,"לנור מרכך כביסה בניחוח בייבי 900 מ""ל",פרוקטר & גמבל,FR,לנור מרכך כביסה בייב,מיליליטרים,900.00,"100 מ""ל",false,,12.90,0.0143,true,1,2258460
8006540495216,false,"מרכך כביסה בניחוח אמאטיסט 900 מ""ל לנור",פרוקטר & גמבל,FR,לנור מרכך כביסה בניח,מיליליטרים,900.00,"100 מ""ל",false,,15.90,0.0177,true,1,2258461
8006540495247,false,"לנור מרכך כביסה בניחוח פרחי בר 900 מ""ל",פרוקטר & גמבל,FR,לנור מרכך כביסה בניח,מיליליטרים,900.00,"100 מ""ל",false,,15.90,0.0177,true,1,2278317
8006540566701,false,אריאל ג'ל כביסה להסרת כתמים קשים 1.925 ליטר,,IT,אריאל ג'ל 2.365 ליטר,ליטרים,2.37,ליטר,false,,32.90,13.8819,true,1,2281946
8007150901623,false,שמן זרעי ענבים 1 ליטר +1/2 ליטר במארז,,,שמן זרעי ענבים 1 ליט,100 מארז,1.00,100 מארז,false,,54.90,54.9000,true,1,1717144
8007150909513,false,קרם בלסמי קלאסי 250,,,קרם בלסמי קלאסי,יחידה,0.00,יחידה,false,,29.90,0.0000,true,1,1416410
8007178120310,false,חומץ בלסמי ד'מודנה Giacobazzi,פטורייה ג'יאקובאזי ס,IT,"חומץ בלסמי 500 מ""ל",מיליליטרים,500.00,"100 מ""ל",false,,19.90,0.0398,true,1,1224826
8007178223547,false,קרם מצומצם עם חומץ בלסמי ממודנה,פארייפאבה אגרואינדוס,IT,קרם בלסמי מצומצם 250,גרמים,250.00,100 גרם,false,,22.90,0.0916,true,1,2033671
8007270999012,false,שמן גרעיני ענבים 1 ל,קוסטה דיאורו,IT,שמן גרעיני ענבים 1 ל,ליטרים,1.00,ליטר,false,,42.90,42.9000,true,1,1405771
8007537005920,false,פרמיום ציפס מלח ים 3,,,פרמיום צ'יפס מלח ים,גרמים,300.00,100 גרם,false,,24.90,0.0830,true,1,1949994
8007633100505,false,מברשת אסלה בסיס גבוה,,,מברשת אסלה בסיס גבוה,יחידה,0.00,יחידה,false,,39.90,0.0000,true,1,2248743
8007633101397,false,מתלה למטאטאים KEEP 3,,,מתלה למטאטאים KEEP 3,יחידה,0.00,יחידה,false,,16.90,0.0000,true,1,2248745
8008245004847,false,ממרח אגוזי לוז וקקאו,נאטקו,IT,ממרח אגוזי לוז וקקאו,גרמים,300.00,100 גרם,false,,14.90,0.0497,true,1,2182734
8008245004861,false,ממרח חלב עם אגוזי לוז 300ג M?venpick,יבואן ומשווק: ש. שסט,IT,ממרח אגוזי לוז עם חל,גרמים,300.00,100 גרם,false,,14.90,0.0497,true,1,2182735
8008343200035,false,פסטה ספגטי Spaghetti,רומו Rummo,,פסטה RUMMO ספגטי 500,גרמים,500.00,100 גרם,false,,6.90,0.0138,true,1,1677962
8008343200134,false,פסטה לינגוויני Linguine,רומו Rummo,,פסטה RUMMO ריגטה 500,גרמים,500.00,100 גרם,false,,6.90,0.0138,true,1,1677963
8008343200424,false,פסטה קונקילי ריגטה Conchiglie rigate,רומו Rummo,,פסטה RUMMO קונקילי ר,גרמים,500.00,100 גרם,false,,6.90,0.0138,true,1,1677949
8008343200486,false,פסטה RUMMO פוזילי 50,רומו Rummo,,פסטה RUMMO פוזילי 50,גרמים,500.00,100 גרם,false,,6.90,0.0138,true,1,1677950
8008343200516,false,פסטה מזי ריגטוני Mezzi rigatoni,רומו Rummo,,פסטה RUMMO מזי ריגטו,גרמים,500.00,100 גרם,false,,6.90,0.0138,true,1,1677951
8008343200547,false,פסטה ריצ'יולי Riccioli,רומו Rummo,,פסטה RUMMO ריציולי 5,גרמים,500.00,100 גרם,false,,6.90,0.0138,true,1,1678599
8008343200660,false,פסטה פנה ריגטה Penne rigate,רומו Rummo,,פסטה RUMMO פנה ריגטה,גרמים,500.00,100 גרם,false,,6.90,0.0138,true,1,1677952
8008343200851,false,פסטה RUMMO פרפלה 500,רומו Rummo,,פסטה RUMMO פרפלה 500,גרמים,500.00,100 גרם,false,,6.90,0.0138,true,1,1677953
8008343200882,false,פסטה קזארצ'ה Casarecce,רומו Rummo,,פסטה RUMMO קזארצה 50,גרמים,500.00,100 גרם,false,,6.90,0.0138,true,1,1677954
8008660210014,false,מעדן פרי משמש 100% רכיבי פרי,קריניציה ויטמינה אס,IT,מעדן משמש,גרמים,320.00,100 גרם,false,,12.90,0.0403,true,1,1535657
8008660210021,false,מעדן פרי דובדבן 100% רכיבי פרי,שוורצקוף& הנקל דיסלד,IT,מעדן דובדבן,גרמים,320.00,100 גרם,false,,12.90,0.0403,true,1,1535658
8008660210038,false,מעדן פרי תות שדה 100% רכיבי פרי,קריניציה ויטמינה אס,IT,מעדן תות שדה,גרמים,320.00,100 גרם,false,,12.90,0.0403,true,1,1535659
8008660210045,false,מעדן פרי פירות יער 100% רכיבי פרי,שוורצקוף& הנקל דיסלד,IT,מעדן פירות יער,גרמים,320.00,100 גרם,false,,12.90,0.0403,true,1,1535651
8008660210052,false,מעדן פרי תפוז 100% רכיבי פרי,מנז אנד גאסר Menz&Gasser,IT,מעדן פרי תפוז 320 גר,גרמים,320.00,100 גרם,false,,12.90,0.0403,true,1,1973364
8008660210069,false,מעדן פרי אפרסק פסיפלורה,מנז אנד גאסר,IT,מעדן פרי אפרסק פסיפל,גרמים,320.00,100 גרם,false,,12.90,0.0403,true,1,1973365
8008698003503,false,קרקרים מלבנים ללא גלוטן,"דר שר ס.ר.ל פוסטל, א",IT,קרקרים 210 מלבניים,גרמים,210.00,100 גרם,false,,28.90,0.1376,true,1,1264018
8008698004548,false,שר ביסקוויט בציפוי קרם שוקולד חלב ללא גלוטן 150 גר',שר Schar,,ביסקווטים בציפוי קרם,גרמים,150.00,100 גרם,false,,16.90,0.1127,true,1,1407183
8008698004852,false,תערובת על בסיס עמילן תירס להכנת מאפה,שר Schar,,תערובת קמחים לאפיית,קילוגרמים,1.00,"ק""ג",false,,29.90,29.9000,true,1,1325376
8008698005231,false,עוגיות סנדוויץ בטעם שוקולד ממולאות קרם חלב ללא גלוט,שר Schar,IT,עוגיות שוקולד,גרמים,165.00,100 גרם,false,,19.90,0.1206,true,1,2172301
8008698008157,false,שר עוגיות שוקולד במילוי קרם שמנת ללא גלוטן 100 גר',דר שר ס.ר.ל פוסטל,IT,עוגיות דבל וניל,גרמים,100.00,100 גרם,false,,13.90,0.1390,true,1,1264023
8008698010358,false,תערובת על בסיס קמח אורז,שר Schar,IT,מיקס IT תערובת קמחים,גרמים,500.00,100 גרם,false,,15.90,0.0318,true,1,1407177
8008743002536,false,שוקולד מטבעות ברשת 5,,,שוקולד מטבעות ברשת 5,גרמים,50.00,100 גרם,false,,4.90,0.0980,true,1,2130552
8008743030713,false,שוקולד כדורגל ברשת 1,,,שוקולד כדורגל ברשת 1,גרמים,100.00,100 גרם,false,,9.90,0.0990,true,1,2279979
8008743035633,false,שוקולד חיפושיות ברשת,,,שוקולד חיפושיות ברשת,גרמים,100.00,100 גרם,false,,9.90,0.0990,true,1,2130553
8008743036609,false,שוקולד מכוניות ברשת,,,שוקולד מכוניות ברשת,גרמים,100.00,100 גרם,false,,9.90,0.0990,true,1,2180855
8008743037897,false,לבבות שוקולד ברשת 100 ג',,,שוקולד לבבות ברשת 10,גרמים,100.00,100 גרם,false,,9.90,0.0990,true,1,2130554
8008743045366,false,פרלין חצי חצי אגוז,,,פרלין חצי חצי אגוז,גרמים,1000.00,100 גרם,false,,49.90,0.0499,true,1,2125443
8008743048695,false,שוקולד דובים ברשת 10,,,שוקולד דובים ברשת 10,גרמים,100.00,100 גרם,false,,9.90,0.0990,true,1,2279983
8008857601052,false,פסטה לזניה דפים רג'יה 500ג',פסטה רג'יה Pasta Reggia,,דפי לזניה 500 גרם,גרמים,500.00,100 גרם,false,,9.90,0.0198,true,1,1864300
8008857601090,false,פסטה קנלוני רג'יה 250 גר',פסטה רג'יה Pasta Reggia,,קנלוני 250 גרם.,גרמים,250.00,100 גרם,false,,7.90,0.0316,true,1,1873359
8008912010034,false,ספגטי ליגורי 500 גר',,,פסטה פרפלה,גרמים,500.00,100 גרם,false,,7.90,0.0158,true,1,2215830
8008912010072,false,ספגטי לינגוויני 500ג ליגורי,,,פסטה פרפלה,גרמים,500.00,100 גרם,false,,7.90,0.0158,true,1,2215831
8008912010270,false,פסטה קסרצ'ה 500ג ליגורי,ליגורי LIGUORI,,פסטה קסרצ'ה,גרמים,500.00,100 גרם,false,,7.90,0.0158,true,1,2215832
8008912010300,false,פסטה פרפלה ליגורי 500 גר',ליגורי LIGUORI,,פסטה פרפלה,גרמים,500.00,100 גרם,false,,7.90,0.0158,true,1,2215833
8008912010317,false,פסטה פוזלי ליגורי 500 גר',,,פסטה פוזילי,גרמים,500.00,100 גרם,false,,7.90,0.0158,true,1,2215834
8008912010331,false,פסטה ניוקטי סרדי בצורת קונכיות מס' 33,ליגורי LIGUORI,,פסטה בצורת קונכיות,גרמים,500.00,100 גרם,false,,7.90,0.0158,true,1,2215835
8008990006004,false,ספוג רחצה עדין שיש א,אריקס Arix,IT,אקווה ספוג רחצה עדין שיש,יחידה,0.00,יחידה,false,,9.90,0.0000,true,1,1273284
8008990006011,false,ספוג אקווה עדין צבעו,אריקס Arix,IT,אקווה ספוג עדין צבעוני של,יחידה,0.00,יחידה,false,,9.90,0.0000,true,1,1273285
8008990009562,false,כפפת ספוג אקווה,אריקס Arix,IT,אקווה כפפת ספוג מוקצף רכה,יחידה,0.00,יחידה,false,,12.90,0.0000,true,1,1273291
8009404200476,false,סל כביסה+מכסה 55 ליט,,,סל כביסה+מכסה 55 ליט,יחידה,0.00,יחידה,false,,69.90,0.0000,true,1,2231212
8009470009171,false,סימבה שימורים לכלבים צייד 415 ג',אמ.או.אן.ג'י.אי.אמונ,IT,סימבה שימורים לכלב ב,גרמים,400.00,100 גרם,false,,3.90,0.0097,true,1,1571682
8009470009546,false,סימבה שימורי חתולים בטעם כבש 500ג',אמ.או.אן.ג'י.אי.אמונ,,סימבה שימורים לחתול,גרמים,400.00,100 גרם,false,,3.90,0.0097,true,1,1564500
8009915000039,false,פסטה תירס קפיליני ללא גלוטן,לה וואניציאני La Venezian,,פסטה קפילינ ללא גלוט,גרמים,250.00,100 גרם,false,,14.90,0.0596,true,1,1265931
8009915000282,false,פסטה פטוציני ללא גלו,,,פסטה פטוציני ללא גלו,גרמים,250.00,100 גרם,false,,14.90,0.0596,true,1,1265932
8009915000374,false,פסטה דיטאליני ללא גל,,,פסטה דיטאליני ללא גל,גרמים,250.00,100 גרם,false,,14.90,0.0596,true,1,1285429
8009915001227,false,פסטה תירס פנה ללא גלוטן,לה וואניציאני La Venezian,,פסטה פנה ללא גלוטן,גרמים,250.00,100 גרם,false,,14.90,0.0596,true,1,1265934
8009915001340,false,פסטה תירס אליקה ללא גלוטן,לה וואניציאני La Venezian,,פסטה אליקה ללא גלוטן,גרמים,250.00,100 גרם,false,,14.90,0.0596,true,1,1265935
8009915002064,false,פסטה ניוקי ללא גלוטן,,,פסטה ניוקי ללא גלוטן,גרמים,250.00,100 גרם,false,,14.90,0.0596,true,1,1265936
8009915004167,false,ביסקוויט מקמח תירס ק,מולים די פיירו ס.פ.א,IT,ביסקוויט מקמח תירס ב,גרמים,250.00,100 גרם,false,,14.90,0.0596,true,1,1950011
8009915004204,false,ביסקוויט מקמח תירס ק,מולינו דה פירו,IT,ביסקוויט מקמח תירס ק,גרמים,300.00,100 גרם,false,,14.90,0.0497,true,1,1950012
8010024006003,false,חמאת שקדים השקד 100%,,,חמאת שקדים 100% שקד,גרמים,250.00,100 גרם,false,,29.90,0.1196,true,1,1405937
8010024006010,false,חמאת שקדים השקד 100%,תות תעשיות מזון (201,IT,חמאת שקדים 100% שקד,גרמים,350.00,100 גרם,false,,39.90,0.1140,true,1,1405938
8013399145278,false,סוכריות ג'לי בטעם ליקריץ ללא תוספת סוכר,דיאטורל Dietorelle,IT,סט.דיטורל ליקורי רך 70ג,גרמים,70.00,100 גרם,false,,7.90,0.1129,true,1,1227009
8013399145315,false,סוכריות ג'לי ללא סוכר בטעם תות,דיאטורל Dietorelle,IT,סט.דיטורל תות שקית רך 70ג,גרמים,70.00,100 גרם,false,,7.90,0.1129,true,1,1227011
8017070766530,false,קרקר סקיני עם רוזמרי,,,קרקר סקיני עם רוזמרי,גרמים,150.00,100 גרם,false,,9.90,0.0660,true,1,2283356
8017070766554,false,קרקר סקיני קלאסי,,,קרקר סקיני קלאסי,גרמים,150.00,100 גרם,false,,9.90,0.0660,true,1,2283357
8017938005122,false,חומץ תפוחים אורגני 7,מריה לוצ'יה מלצ'יורי,IT,"חומץ תפוחים 750 מ""ל",מיליליטרים,750.00,"100 מ""ל",false,,18.90,0.0252,true,1,1405718
8017938005764,false,מיץ תפוחים אורגני 100% טבעי,לוצ'ה מריה,IT,מיץ תפוחים אורגני 10,ליטרים,1.00,ליטר,false,,18.90,18.9000,true,1,1405989
8019428000037,false,משקה אורז אורגני בטע,,,משקה אורז אורגני בטע,ליטרים,1.00,ליטר,false,,14.90,14.9000,true,1,1265958
8019428007173,false,משקה אורז אורגני קוק,,,משקה אורז אורגני בתו,ליטרים,1.00,ליטר,false,,16.90,16.9000,true,1,1265964
8021228902442,false,רביולי (ללא גלוטן)במ,,,רביולי (ללא גלוטן)במ,גרמים,250.00,100 גרם,false,,29.90,0.1196,true,1,2246306
8023678162360,false,משקה שקדים טבעי אורגני,איזולה ביו Isola Bio,,משקה שקדים טבעי אורג,ליטרים,1.00,ליטר,false,,14.90,14.9000,true,1,1331205
8023678164517,false,משקה שקדים טבעי ללא סוכר אורגני,איזולה ביו Isola Bio,,משקה שקדים ללא תוספת,ליטרים,1.00,ליטר,false,,14.90,14.9000,true,1,2082161
8023678728269,false,משקה קוקוס אורגני 1,איזולה ביו Isola Bio,,משקה קוקוס אורגני 1,ליטרים,1.00,ליטר,false,,14.90,14.9000,true,1,2151951
8024985000079,false,מחית תפוח משמש אורגנ,נטורה נובה,IT,מחית תפוח משמש אורגנ,גרמים,200.00,100 גרם,false,,9.90,0.0495,true,1,1405845
8024985000109,false,מחית אוכמניות אורגני,נטורה נובה,IT,מחית אגס אורגנית 100,גרמים,200.00,100 גרם,false,,9.90,0.0495,true,1,1405848
8024985000116,false,מחית אוכמניות אורגני,"נטורפוד בע""מ",IT,מחית אוכמניות אורגני,גרמים,200.00,100 גרם,false,,9.90,0.0495,true,1,1405849
8024985002783,false,סמוצ'י תפוח גזר דלעת אורגני,נטורה נובה Natura Nuova,,מחית סמוזי דלעת גזר,גרמים,100.00,100 גרם,false,,5.90,0.0590,true,1,1808453
8024985003988,false,סמוצ'י בטעם תפוח בננה אורגני,נטורה נובה Natura Nuova,IT,מחית סמוזי תפוח בננה,גרמים,100.00,100 גרם,false,,5.90,0.0590,true,1,1405898
8024985004299,false,סמוזי נטורה נובה אגס,,,סמוט'י פירות אדומים+,גרמים,400.00,100 גרם,false,,18.90,0.0472,true,1,1405900
8024985004695,false,סמוזי נטורה נובה בננ,נטורה נובה,IT,מחית סמוזי בננה רביע,גרמים,400.00,100 גרם,false,,18.90,0.0472,true,1,1405902
8024985005234,false,סמוזי תפוח אפרסק מנג,נטורה נובה,IT,סמוזי תפוח אפרסק מנג,גרמים,100.00,100 גרם,false,,5.90,0.0590,true,1,1405903
8024985005296,false,סמוזי נטורה נובה אגס,,,מחית סמוזי אגס בננה,גרמים,120.00,100 גרם,false,,6.90,0.0575,true,1,1808454
8024985005302,false,סמוזי נטורה נובה תפו,,,מחית סמוזי תפוח רימו,גרמים,120.00,100 גרם,false,,6.90,0.0575,true,1,1808455
8024985008037,false,סמוזי נטורה נובה תפו,"נטורפוד בע""מ",IT,מחית סמוזי תפוח 100,גרמים,100.00,100 גרם,false,,5.90,0.0590,true,1,1405850
8024985008051,false,סמוצ'י בטעם פירות אדומים,נטורה נובה Natura Nuova,IT,מחית סמוזי פירות אדו,גרמים,100.00,100 גרם,false,,5.90,0.0590,true,1,1405852
8025358609325,false,תבנית 12 מאפינס טפלו,,,תבנית 12 מאפינס טפלו,יחידה,0.00,יחידה,false,,34.90,0.0000,true,1,2181374
8025358610512,false,מחבת סטון טק פורג'ד,,,מחבת סטון טק פורג'ד,יחידה,0.00,יחידה,false,,39.90,0.0000,true,1,2147837
8025358613377,false,מלקחיים ללחם נירוסטה,,,מלקחיים ללחם נירוסטה,יחידה,0.00,יחידה,false,,7.90,0.0000,true,1,2252602
8025358616866,false,אלמוגית סקוטש,,,אלמוגית סקוטש,יחידה,0.00,יחידה,false,,14.90,0.0000,true,1,2252604
8025358628708,false,כף טיגון קצרה,,,כף טיגון קצרה,יחידה,0.00,יחידה,false,,9.90,0.0000,true,1,2199585
8025358635836,false,צנצנת בורו 0.35 לט',,,צנצנת בורו 0.35 לט',יחידה,0.00,יחידה,false,,16.90,0.0000,true,1,2202311
8025358636154,false,סט קליפס מגנט,,,סט קליפס מגנט,יחידה,0.00,יחידה,false,,9.90,0.0000,true,1,2147875
8025358638080,false,קערת ערבוב עמוקה ניר,,,קערת ערבוב עמוקה ניר,יחידה,0.00,יחידה,false,,14.90,0.0000,true,1,2147879
8025358638271,false,קערה מרוקעת עמוקה ני,,,קערה מרוקעת עמוקה ני,יחידה,0.00,יחידה,false,,39.90,0.0000,true,1,2147894
8025358638448,false,קומקום דקוטה,,,קומקום דקוטה,יחידה,0.00,יחידה,false,,49.90,0.0000,true,1,2199609
8031842307929,false,תחתון 792 שחור,,,תחתון 792 שחור,יחידה,0.00,יחידה,false,,49.90,0.0000,true,1,2174802
8032523530452,false,ממרח פיסטוק 200 גר,,,ממרח פיסטוק,גרמים,200.00,100 גרם,false,,34.90,0.1745,true,1,2252144
8032685196800,false,עגבניות אורגניות מרוסקות Solania,פתח תקווה,IT,עגבניות אורגניות מרו,גרמים,700.00,100 גרם,false,,13.90,0.0199,true,1,1405855
8032793342458,false,עגבניות מרוסקות דק ומסוננות,פומי Pomi,,עגבניות מרוסקות,גרמים,750.00,100 גרם,false,,11.90,0.0159,true,1,2154199
8032793344520,false,תרכיז עגבניות רסק עגבניות מרוכז מאוד,פומי Pomi,,תרכיז עגבניות מרוכז,גרמים,200.00,100 גרם,false,,7.90,0.0395,true,1,2177982
8032804430471,false,פסטה פליסיה סדניני ע,אף.סי תבליני בגליל ב,IT,פסטה עדשים אדומות לל,גרמים,250.00,100 גרם,false,,12.90,0.0516,true,1,1406013
8032804430501,false,אטריות פוזילי אפונה ירוקה ללא גלוטן,אף.סי תבליני בגליל ב,IT,פוזילי אפונה ירוקה 2,גרמים,250.00,100 גרם,false,,12.90,0.0516,true,1,1406014
8032804431287,false,אטריות אורז מלא אורגניות ללא גלוטן,פליסיה Felicia Bio,,ספגטי אורז מלא אורגנ,גרמים,400.00,100 גרם,false,,12.90,0.0323,true,1,1405904
8032804432000,false,אטריות פנה כוסמת אורגני,פליסיה Felicia Bio,,פסטה פנה כוסמת אורגנ,גרמים,340.00,100 גרם,false,,14.90,0.0438,true,1,1808412
8032804432031,false,פסטה פליסיה פנה אורז,,,פנה אורז מלא אורגני,גרמים,400.00,100 גרם,false,,11.90,0.0298,true,1,1405906
8032804435636,false,אטריות פוזילי אורגניות 4 דגנים ללא גלוטן,פליסיה Felicia Bio,,פוזלי 4 דגנים אורגני,גרמים,340.00,100 גרם,false,,16.90,0.0497,true,1,1406035
8032804435643,false,אטריות פוזילי אורז מלא,פליסיה Felicia Bio,,פוזילי אורז מלא אורג,גרמים,340.00,100 גרם,false,,11.90,0.0350,true,1,1406036
8032880800243,false,פיקניק הפתעה 50 גרם-איגוד רבנים,"הוסטה איטליה, ס.ר.ל.",IT,פיקניק הפתעה 50 גרם,גרמים,50.00,100 גרם,false,,5.00,0.1000,true,1,1242009
8033020446000,false,"קמח איטלקי לפיצה ופוקצה 1 ק""ג 00 PIVETTI",פיווטי Pivetti,IT,קמח איטלקי לפיצה ופו,גרמים,1000.00,100 גרם,false,,9.90,0.0099,true,1,2227497
8033413430050,false,קרם ליקר לימונצלו וי,וילה מסה,,ליקר לימונצ'לו 700 מ,מיליליטרים,700.00,"100 מ""ל",false,,99.00,0.1414,true,1,2227217
8033413430708,false,ליקר למונצ'ילו וילה מסה,וילה מסה,,ליקר לימונצ'לו 700 מ,מיליליטרים,700.00,"100 מ""ל",false,,94.90,0.1356,true,1,1340329
8052440756216,false,שמן חמניות אורגני נט,תות תעשיות מזון (201,IT,שמן חמניות אורגני 1,ליטרים,1.00,ליטר,false,,32.90,32.9000,true,1,1405794
8052440756315,false,שמן קנולה אורגני נטו,תות תעשיות מזון (201,IT,שמן קנולה אורגני 1 ל,ליטרים,1.00,ליטר,false,,32.90,32.9000,true,1,1405795
8055517373491,false,אייס קרחום 400 גרם I,,,אייס קרחום 400 גרם I,יחידה,0.00,יחידה,false,,6.90,0.0000,true,1,2209893
8055517373507,false,אייס קרחום מארז 2X20,,,אייס קרחום מארז 2X20,יחידה,0.00,יחידה,false,,9.90,0.0000,true,1,2209894
8076800195019,false,ברילה - צ.א ספגטי מס1 קפליני 500 גרם,ברילה גי.אי.אר פרטלי,IT,ברילה צ.א ספגטי מס1 קפלינ,גרמים,500.00,100 גרם,false,,7.90,0.0158,true,1,1253637
8076800195033,false,ברילה - צ.א ספגטיני מס3 חדש 500 גרם,ברילה גי.אי.אר פרטלי,IT,ברילה צ.א ספגטי מס3 500 ג,גרמים,500.00,100 גרם,false,,7.90,0.0158,true,1,1253638
8076800195057,false,ברילה - צ.א ספגטי מס5 חדש 500 גרם,ברילה גי.אי.אר פרטלי,IT,ברילה צ.א ספגטי מס5 500 ג,גרמים,500.00,100 גרם,false,,7.90,0.0158,true,1,1253639
8076800195132,false,ברילה - צ.א בבטה מס13 500 גרם,ברילה גי.אי.אר פרטלי,IT,ברילה צ.א בבטה מס13 500 ג,גרמים,500.00,100 גרם,false,,7.90,0.0158,true,1,1253640
8076800315097,false,ברילה - צ.א בוקטיני מס9 500 גרם,ברילה גי.אי.אר פרטלי,IT,ברילה צ.א בוקטיני מס9 500,גרמים,500.00,100 גרם,false,,7.90,0.0158,true,1,1253641
8076802085738,false,ברילה - צ.ק פנה רגטה חדש 500 גרם,ברילה גי.אי.אר פרטלי,IT,ברילה צ.ק פנה רגטה מס73 5,גרמים,500.00,100 גרם,false,,7.90,0.0158,true,1,1253643
8076802085837,false,ברילה - צ.ק טורטליוני מס83 500 גרם,הנסיך- מפעל לייצור ט,IT,ברילה צ.ק טורטליוני מס83,גרמים,500.00,100 גרם,false,,7.90,0.0158,true,1,1253644
8076802085936,false,ברילה פסטה צ.ק. קונצילה ריגטה חדש,ברילה גי.אי.אר פרטלי,IT,ברילה צ.ק קונצילה ריגטה מ,גרמים,500.00,100 גרם,false,,7.90,0.0158,true,1,1253645
8076802085981,false,ברילה - צ.ק פוזילי חדש 500 גרם,ברילה גי.אי.אר פרטלי,IT,ברילה צ.ק פוזילי מס98 500,גרמים,500.00,100 גרם,false,,7.90,0.0158,true,1,1253646
8076808050440,false,ברילה פסטה מקרוני מס 44 500 גר,ברילה Barilla,IT,ברילה צ.ק מקרוני מס44 500,גרמים,500.00,100 גרם,false,,7.90,0.0158,true,1,1253648
8076808060654,false,ברילה - צ.ק פרפלה חדש 500 גרם,ברילה גי.אי.אר פרטלי,IT,ברילה צ.ק פרפלה מס65 500,גרמים,500.00,100 גרם,false,,7.90,0.0158,true,1,1253649
8076808070882,false,פסטה ברילה קנלוני מס'88 250ג',פאסטיפיקו ריגו אס.אר,IT,ברילה צ.מ קנלוני מס88 250,גרמים,250.00,100 גרם,false,,11.90,0.0476,true,1,1253650
8076808150072,false,ברילה - צ.א ספגטוני מס7 חדש 500 גרם,ברילה גי.אי.אר פרטלי,IT,ברילה צ.א ספגטי מס7 500 ג,גרמים,500.00,100 גרם,false,,7.90,0.0158,true,1,1253651
8076809501415,false,ברילה פנה טריקולור מס' 78 500גר,ברילה Barilla,IT,ברילה צ.ק מצה פנה טרקולור,גרמים,500.00,100 גרם,false,,11.90,0.0238,true,1,1253652
8076809512268,false,ברילה - צ.ק גירנדולה חדש 500 גרם,ברילה גי.אי.אר פרטלי,IT,ברילה צ.ק גירנדולה מס34 5,גרמים,500.00,100 גרם,false,,7.90,0.0158,true,1,1253653
8076809513388,false,ברילה - רוטב ארביאטה 400 גרם,ברילה גי.אי.אר פרטלי,IT,ברילה רוטב ארביאטה 400 ג,גרמים,400.00,100 גרם,false,,13.90,0.0348,true,1,1253654
8076809513395,false,רוטב פסטה ברילה פורמודרו 400ג',ברילה גי.אי.אר פרטלי,IT,ברילה רוטב פומודורו 400 ג,גרמים,400.00,100 גרם,false,,13.90,0.0348,true,1,1253655
8076809513654,false,בסיס רוטב עגבניות לבולונז 400 ג' ברילה,ברילה גי.אי.אר פרטלי,IT,ברילה בסיס לבולונז 400 גר,גרמים,400.00,100 גרם,false,,13.90,0.0348,true,1,1253656
8076809513692,false,רוטב פסטה ברילה נפוליטנה 400ג',ברילה גי.אי.אר פרטלי,IT,ברילה רוטב נפולטנה 400 גר,גרמים,400.00,100 גרם,false,,13.90,0.0348,true,1,1253657
8076809513739,false,רוטב פסטה ברילה בזיליקום 400 ג',ברילה גי.אי.אר פרטלי,IT,ברילה רוטב בזיליקום 400 ג,גרמים,400.00,100 גרם,false,,13.90,0.0348,true,1,1253658
8076809514774,false,ברילה איטריות ביצים פפרדלה 250ג',ברילה גי.אי.אר פרטלי,IT,ברילה צ.מ פפרדלה ביצים 25,גרמים,250.00,100 גרם,false,,14.90,0.0596,true,1,1253659
8076809515399,false,ברילה אמיליאנה טליאט,ברילה ג'.אי.אר פרטלי,IT,ברילה אמיליאנה טליאט,גרמים,500.00,100 גרם,false,,11.90,0.0238,true,1,2152026
8076809523561,false,רוטב עגבניות עם עשבי תיבול 400 ג' ברילה,ברילה גי.אי.אר פרטלי,IT,ברילה רוטב פסטה בטעם טוסק,גרמים,400.00,100 גרם,false,,13.90,0.0348,true,1,1253661
8076809523707,false,ברילה פסטה קסטלונה 500 ג',ברילה גי.אי.אר פרטלי,IT,ברילה צ.ק קסטלנה מס280 50,גרמים,500.00,100 גרם,false,,11.90,0.0238,true,1,1253662
8076809523714,false,"פסטה ברילה טליאטלה, 500 ג'","ש. שסטוביץ בע""מ",IT,ברילה צ.מ טליאטלה 500 גרם,גרמים,500.00,100 גרם,false,,17.90,0.0358,true,1,1253663
8076809523738,false,פסטה ברילה לזניה 500ג',ברילה גי.אי.אר פרטלי,IT,ברילה צ.מ לזניה 500 גרם,גרמים,500.00,100 גרם,false,,17.90,0.0358,true,1,1253664
8076809529419,false,ספגטי מחיטה מלאה מס' 5 500 ג' ברילה,ברילה גי. אי. אר פרט,IT,ברילה פ. חיטה מלאה ספגטי,גרמים,500.00,100 גרם,false,,12.90,0.0258,true,1,1253666
8076809529433,false,ברילה פנטה רגטה מחיטה מלאה 500ג',"ש. שסטוביץ בע""מ",IT,ברילה פ.חיטה מלאה ק. פנה,גרמים,500.00,100 גרם,false,,12.90,0.0258,true,1,1253667
8076809545440,false,אטריות ללא גלוטין ברילה 400ג',ברילה ג'.אי.אר פרטלי,IT,איטריות ללא גלוטן 40,גרמים,400.00,100 גרם,false,,14.90,0.0373,true,1,1334129
8076809545457,false,פסטה צינורות ללא גלוטין ברילה 400ג',ברילה ג'.אי.אר פרטלי,IT,פסטה ללא גלוטן 400 ג,גרמים,400.00,100 גרם,false,,14.90,0.0373,true,1,1334130
8076809545464,false,פסטה ספירלי ללא גלוטין ברילה 400ג',מולינו אנדריאני אס.א,IT,פסטה ללא גלוטן 400 ג,גרמים,400.00,100 גרם,false,,14.90,0.0373,true,1,1334131
8076809547956,false,ברילה - צ.ק קיפרי 500 גרם,ברילה ג'.אי.אר פרטלי,IT,ברילה ספגטי קיפרי 50,גרמים,500.00,100 גרם,false,,7.90,0.0158,true,1,2148960
8076809578998,false,ברילה - צ.ק. סטלינה 500 גרם,ברילה Barilla,,ספגטי סטלינה מס 27 -,גרמים,500.00,100 גרם,false,,7.90,0.0158,true,1,2205837
8076809580496,false,פסטה פפירי 450 ג' ברילה,BARILLA,IT,ברילה צ.מ פפירי 450,גרמים,450.00,100 גרם,false,,11.90,0.0264,true,1,2223100
8121300206946,false,ממתיק סיטיביה טרוביה 80 שקיות אישיות,טרוביה Truvia,,טרוביה סטיביה ממתיק,גרמים,80.00,100 גרם,false,,29.90,0.3737,true,1,2134973
8121300207004,false,טרוביה - סטיביה ממתיק בצנצנת 270 גרם,טרוביה Truvia,,טרוביה סטיביה ממתיק,גרמים,270.00,100 גרם,false,,32.90,0.1219,true,1,2134974
8121300208780,false,תחליף סוכר לכל מטרה 360 ג' טרוביה,טרוביה Truvia,,טרוביה תחליף סוכר לכ,גרמים,360.00,100 גרם,false,,24.90,0.0692,true,1,2278747
8121300209466,false,תחליף סוכר חום 320 ג' טרוביה,טרוביה Truvia,,טרוביה תחליף סוכר חו,גרמים,320.00,100 גרם,false,,24.90,0.0778,true,1,2278730
8174780173512,false,תמצית וניל טבעית,,,תמצית וניל טבעית,מיליליטרים,29.00,"100 מ""ל",false,,29.90,1.0310,true,1,1714466
8410076600622,false,חטיפי גרנולה Crunchy שיבולת שועל מלאה ושבבי שוקולד מריר,ג'נרל מילס סאן אדריא,ES,חטיף 1/5 קראנצ'י ניי,גרמים,210.00,100 גרם,false,,14.90,0.0710,true,1,1242011
8410076610379,false,נייטשר ואלי פרוטאין בוטנים ושבבי שוקולד 160 ג',סריילטו ספיין פודס,ES,חטיף נייטשר ואלי פרו,גרמים,160.00,100 גרם,false,,22.90,0.1431,true,1,1381255
8410076610386,false,נייטשר ואלי פרוטאין בוטנים עם ציפוי בטעם קרמל מלוח 160 ג',סריילטו ספיין פודס,ES,חטיף נייטשר ואלי פרו,גרמים,160.00,100 גרם,false,,22.90,0.1431,true,1,1381256
8410076610492,false,סוויט אנד סולטי שוקולד מריר בציפוי חמאת בוטנים,יבואן ומשווק: ש. שסט,,חטיף 1/5 צואי-בציפוי,גרמים,150.00,100 גרם,false,,14.90,0.0993,true,1,1409388
8410076610508,false,"נייטשר וואלי צ'ואי שוקולד מריר בוטנים ושקדים, חמישיה 5 * 30 גרם",נייצ'ר ואלי Nature Valley,,חטיף 1/5 צואי-שוקולד,גרמים,150.00,100 גרם,false,,14.90,0.0993,true,1,1409383
8410076621047,false,עוגות אישיות בטעם שוקולד עם חתיכות בטעם שוקולד,"גלאטס סירו בע""מ",ES,חטיף פייבר 1 טעם שוק,גרמים,120.00,100 גרם,false,,12.90,0.1075,true,1,2175610
8410104039134,false,"פיניש מנקה ומחדש מדיח 250מ""ל",הדקלאים אגודת שיתופי,PL,פיניש מנקה ומחדש,מיליליטרים,250.00,"100 מ""ל",false,,14.90,0.0596,true,1,1227223
8410104044916,false,אבקה למדיח פיניש קלאסיק,רקיט בנקיזר,PL,פיניש 2.7 PP קג רגיל,קילוגרמים,2.70,"ק""ג",false,,44.90,16.6296,true,1,1227224
8410104045111,false,"פיניש מלח למדיח כלים 2ק""ג",פ.פ.ח. שאביט,IL,פיניש מלח 2 קילו 6 בקרטון,קילוגרמים,2.00,"ק""ג",false,,14.90,7.4500,true,1,1227225
8410104437268,false,פיניש דאו ציטרופרש מנטה,רקיט בנקיזר,PL,פיניש דאוסטופ לריח מראה ח,יחידה,0.00,יחידה,false,,14.90,0.0000,true,1,1227230
8410128768355,false,משקה ויוה סוי סויה קרטונים 1 ל',ויוה סוי Viva Soy,,ויוה סוי סויה קרטוני,ליטרים,1.00,ליטר,false,,11.90,11.9000,true,1,2146911
8410128783587,false,ויוה סוי שיבולת שועל,,,ויוה סוי שיבולת שועל,ליטרים,1.00,ליטר,false,,12.90,12.9000,true,1,2258614
8410128785734,false,משקה סויה בריסטה ויו,,,ויוה סוי סויה בריסטה,ליטרים,1.00,ליטר,false,,11.90,11.9000,true,1,2277027
8410182420114,false,בצלצלי פנינה בחומץ ד,דליסיאס,,בצל פנינה בחומץ,גרמים,370.00,100 גרם,false,,9.90,0.0268,true,1,2135392
8410436218054,false,צבע לשיער אולאו - 3-82 מהגוני עדין,סאיוס syoss,DE,סאיוס אולאו אינטנס קיט 3-,יחידה,1.00,יחידה,false,,29.90,29.9000,true,1,1238787
8410436218092,false,צבע לשיער אולאו - 4-18 חום מוקה,סאיוס syoss,DE,סאיוס אולאו אינטנס קיט 4-,יחידה,1.00,יחידה,false,,29.90,29.9000,true,1,1238788
8410436218139,false,צבע לשיער אולאו - 2-10 שחור חום,סאיוס syoss,DE,סאיוס אולאו אינטנס קיט 2-,יחידה,1.00,יחידה,false,,29.90,29.9000,true,1,1238789
8410436218252,false,צבע לשיער אולאו - 6-10 בלונד כהה,סאיוס syoss,DE,סאיוס אולאו אינטנס קיט 6-,יחידה,1.00,יחידה,false,,29.90,29.9000,true,1,1238792
8410436218337,false,צבע לשיער אולאו - 9-10 בלונד בהיר,סאיוס syoss,DE,סאיוס אולאו אינטנס קיט 9-,יחידה,1.00,יחידה,false,,29.90,29.9000,true,1,1238794
8410644611203,false,יין קאווה איבריקה לבן יבש Cava Iberica,יוסף מסאקס ס.ל.,ES,"יין קאווה לבן 750 מ""",מיליליטרים,750.00,"100 מ""ל",false,,26.90,0.0359,true,1,1239620
8410644611210,false,יין קאווה איבריקה לבן חצי יבש Cava Iberica,יוסף מסאקס ס.ל.,ES,"יין קאווה לבן 750 מ""",מיליליטרים,750.00,"100 מ""ל",false,,26.90,0.0359,true,1,1239621
8410793001764,false,בירה אסטרייה דאם - מארז רביעייה,אסטרייה Estrella,,בירה אסטריה דאם רביע,ליטרים,1.32,ליטר,false,,32.90,24.9242,true,1,2259951
8411320105276,false,פילה אנשובי בשמן זית,אורטיז ORTIZ,,פילה אנשובי בשמן זית,גרמים,47.50,100 גרם,false,,21.90,0.4611,true,1,2227499
8411320234006,false,נתחי טונה לבנה בשמן זית (פחית) 112 ג ORTIZ,אורטיז ORTIZ,ES,נתחי טונה לבנה בשמן,גרמים,112.00,100 גרם,false,,18.90,0.1687,true,1,2227500
8411320334027,false,נתחי טונה צהובה בשמן זית (פחית) 112 ג ORTIZ,אורטיז ORTIZ,ES,נתחי טונה צהובה בשמן,גרמים,112.00,100 גרם,false,,14.90,0.1330,true,1,2227501
8411320382967,false,נתחי טונה בהירה בשמן זית,אורטיז ORTIZ,ES,טונה צהובה בשמן זית,גרמים,220.00,100 גרם,false,,34.90,0.1586,true,1,2227502
8412168002529,false,מחייה 13 משקה כוהלי בטעם לימונים,מנדלז סי.אר. פרודקשן,ES,ערק מחייה 13 לימוני,מיליליטרים,700.00,"100 מ""ל",false,,54.90,0.0784,true,1,1886253
8412168002543,false,מחייה 13 רוזטה משקה כוהלי בטעם שקדים,מחייה 13,,ערק מחייה 13 שקדים,מיליליטרים,700.00,"100 מ""ל",false,,54.90,0.0784,true,1,2185415
8412168003106,false,ערק מחייה 13 בטעם פס,,,ערק מחייה 13 בטעם פס,מיליליטרים,700.00,"100 מ""ל",false,,54.90,0.0784,true,1,2234424
8412300801072,false,"ניוואה קרם רב שימושי 400 מ""ל",,,ניוואה קרם רב שימושי,גרמים,400.00,100 גרם,false,,39.90,0.0997,true,1,2180238
8412497189915,false,קערת פולי פרימיום פס,,,קערת פולי פרימיום פס,יחידה,0.00,יחידה,false,,7.90,0.0000,true,1,2185335
8412497350827,false,צלחת פולי פרימיום פס,,,צלחת פולי פרימיום פס,יחידה,0.00,יחידה,false,,9.90,0.0000,true,1,2185338
8412497379910,false,קערת פולי פרימיום פס,,,קערת פולי פרימיום פס,יחידה,0.00,יחידה,false,,7.90,0.0000,true,1,2185339
8420708018817,false,מנצגו בשלה 150 גרם נ,האי נאם סי או אל.טי.,ES,מנצ'גו 200 גרם,גרמים,150.00,100 גרם,false,,24.90,0.1660,true,1,1503761
8420822130600,false,"ספריי סופר מסיר שומנים 750מ""ל יעקבי",יעקבי,,סופר מסיר שומנים,מיליליטרים,750.00,"100 מ""ל",false,,15.90,0.0212,true,1,2247607
8420822130624,false,"ספריי סופר מסיר כתמים 750מ""ל יעקבי",יעקבי,,סופר מסיר כתמים,מיליליטרים,750.00,"100 מ""ל",false,,16.90,0.0225,true,1,2247608
8423207206488,false,מרבה סלים דליס שוקולד חלב חדש,אף.סי תבליני בגליל ב,ES,מרבה סלים דליס שוקולד חלב,גרמים,120.00,100 גרם,false,,10.90,0.0908,true,1,1253674
8423207206495,false,מרבה סלים דליס שוקולד מריר חדש,אף.סי תבליני בגליל ב,ES,מרבה סלים דליס שוקולד מרי,גרמים,120.00,100 גרם,false,,10.90,0.0908,true,1,1253675
8423207206501,false,חטיף מרבה סלים דליס חצי מצופה 78ג',סלים דליס Slim Delis,ES,מרבה סלים דליס חצי מצופה,גרמים,78.00,100 גרם,false,,10.90,0.1397,true,1,1253676
8423207207362,false,סלים דליס חטיף דגנים שוקולד לבן 120 ג',ביסנצ'ורי אס.אל.יו,ES,מרבה סלים דליס,גרמים,120.00,100 גרם,false,,10.90,0.0908,true,1,1253677
8423207208260,false,מרבה סלים דליס שוקולד חלב ללא גלוטן חדש,ביסנצ'ורי אס.אל.יו,ES,מרבה סלים דליס חלב ללא גל,גרמים,78.00,100 גרם,false,,10.90,0.1397,true,1,1318024
8423207208680,false,מרבה סלים דליס לילדים עם שוקולד חלב,ביסנצ'ורי אס.אל.יו,ES,חטיף דגנים לילדים עם,גרמים,120.00,100 גרם,false,,10.90,0.0908,true,1,1334588
8423207208697,false,מרבה סלים דליס לילדים עם שוקולד לבן חדש,ביסנצ'ורי אס.אל.יו,ES,חטיף דגנים לילדים עם,גרמים,78.00,100 גרם,false,,10.90,0.1397,true,1,1334589
8423207208703,false,חטיף דגנים מצופה אקסטרה שוקולד מריר,ביסנצ'ורי אס.אל.יו,ES,חטיף דגנים עם שוקולד,גרמים,120.00,100 גרם,false,,10.90,0.0908,true,1,1334590
8423207208871,false,פרכיות תירס בטעם טבעי סלים דליס 130ג',סלים דליס Slim Delis,,פריכיות תירס בטעם טב,גרמים,130.00,100 גרם,false,,9.90,0.0762,true,1,1348865
8423207208888,false,פריכיות תירס בטעם עגבניות ועשבי תיבול סלים דליס 123 ג',ביסנצ'ורי אס.אל.יו,ES,פריכיות תירס בטעם עג,גרמים,123.50,100 גרם,false,,9.90,0.0802,true,1,1348866
8423207208895,false,פריכיות תירס בטעם זיתים ועירית סלים דליס 123 ג',ביסנצורי אס.אל.יו. ג,ES,פריכיות תירס בטעם זי,גרמים,123.50,100 גרם,false,,9.90,0.0802,true,1,1348867
8423207209885,false,סלים דליס מהדורה מיוחדת שוקולד חלב 120 ג',סלים דליס Slim Delis,,חטיף דגנים עם שוקולד,גרמים,120.00,100 גרם,false,,10.90,0.0908,true,1,1687240
8423207210287,false,מרבה סלים דליס שוקולד לבן בטעם יוגורט 120 ג',סלים דליס Slim Delis,,חטיף שוקולד לבן בטעם,גרמים,120.00,100 גרם,false,,10.90,0.0908,true,1,1896207
8423207210928,false,חטיף דגנים מצופה שוקולד חלב ואגוזי לוז - 5 במארז,ביסנצ'ורי אס.אל.יו,ES,חטיף דגנים סלים דליס,גרמים,90.00,100 גרם,false,,10.90,0.1211,true,1,2160975
8423207210942,false,חטיף דגנים מצופה שוקולד לבן ופירות יער,אף.סי תבליני בגליל ב,ES,חטיף דגנים סלים דליס,גרמים,78.00,100 גרם,false,,10.90,0.1397,true,1,2160976
8423207210966,false,חטיף רב דגנים מצופה שוקולד לבן קוקוס ולימון,אף.סי תבליני בגליל ב,ES,חטיף דגנים סלים דליס,גרמים,90.00,100 גרם,false,,10.90,0.1211,true,1,2160977
8423207210980,false,סלים דליס טופינג קליפת תפוז 90 ג',מרבה,ES,חטיף דגנים סלים דליס,גרמים,78.00,100 גרם,false,,10.90,0.1397,true,1,2160983
8423371000202,false,משפחתי בוטנים מלוחים,Unknown,,משפחתי בוטנים מלוחים,גרמים,150.00,100 גרם,false,,9.90,0.0660,true,1,2208761
8423371002725,false,משפחתי קוקטייל מיקס,Unknown,ES,משפחתי קוקטייל מיקס,גרמים,100.00,100 גרם,false,,9.90,0.0990,true,1,2208658
8423371002749,false,פיצוחים בפחית בוטנים,סאליסול,ES,משפחתי בוטנים ושקדים,גרמים,135.00,100 גרם,false,,9.90,0.0733,true,1,2208665
8423371005085,false,משפחתי מיקס פיקנטי ס,Unknown,ES,משפחתי מיקס פיקנטי ס,גרמים,100.00,100 גרם,false,,9.90,0.0990,true,1,2208667
8423371007089,false,משפחתי בוטנים מלוחים,Unknown,ES,משפחתי בוטנים מלוחים,גרמים,150.00,100 גרם,false,,9.90,0.0660,true,1,2208668
8423371007492,false,גרעיני חמניות סאליסו,Unknown,,משפחתי גרעיני חמניה,גרמים,150.00,100 גרם,false,,9.90,0.0660,true,1,2227258
8423453905692,false,בירה ווילדר לאגר פחי,ווילדר,ES,בירה ווילדר,מיליליטרים,500.00,"100 מ""ל",false,,6.90,0.0138,true,1,2161682
8425206000081,false,ריבת חלב מרדל 450 גר,כלורוקס אוקלנד,ES,ריבת חלב מרדל 450 ג,גרמים,450.00,100 גרם,false,,16.90,0.0376,true,1,1326315
8427030005010,false,תרכובת מזון על בסיס חלב A.R מלידה ואילך,אבוט מעבדות רפואיות,ES,SIMILAC SPIT-UP RELIEF 37,גרמים,375.00,100 גרם,false,,49.90,0.1331,true,1,1278267
8427030007281,false,סימילאק גולד קומפורט 1 תרכובת מזון על בסיס חלב,סימילאק Similac,,סימילאק גולד קומפורט,גרמים,820.00,100 גרם,false,,109.90,0.1340,true,1,2169069
8427030007298,false,סימילאק גולד קומפורט 2 תרכובת מזון על בסיס חלב,סימילאק Similac,,סימילאק גולד קומפורט,גרמים,820.00,100 גרם,false,,109.90,0.1340,true,1,2169074
8435495805168,false,"תינוקלין לכביסה לעור רגיש אולימפיק 1.25ק""ג",מולינו ניקולי s.p.a,TR,"תינוקלין 1.25 ק""ג",קילוגרמים,1.25,"ק""ג",false,,21.90,17.5200,true,1,1782829
8435495805199,false,"תינוקלין אבקת כביסה 3 ק""ג",מולינו ניקולי s.p.a,TR,"תינוקלין 3 ק""ג",קילוגרמים,3.00,"ק""ג",false,,34.90,11.6333,true,1,1798054
8435495807605,false,תינוקלין - מרכך כביסה היפואלרגני 1 ליטר,מולינו ניקולי s.p.a,TR,מרכך כביסה תינוקלין,ליטרים,1.00,ליטר,false,,17.90,17.9000,true,1,2251766
8435495807636,false,ג'ל כביסה היפואלרגני 2 ל' תינוקלין,תינוקלין,TR,ג'ל כביסה תינוקלין ב,ליטרים,2.00,ליטר,false,,26.90,13.4500,true,1,2258200
8435495819363,false,תינוקלין - מרכך כביסה פרש & ג'נטל 1 ליטר,תינוקלין,,מרכך כביסה תינוקלין,ליטרים,1.00,ליטר,false,,17.90,17.9000,true,1,2251767
8436536682076,false,סט 6 כוסות פינוט 350,,,סט 6 כוסות פינוט 350,יחידה,0.00,יחידה,false,,29.90,0.0000,true,1,2194873
8436575292205,false,ארטיק חמשושים מאגדת 15*12 גר',שוורצקוף& הנקל דיסלד,IL,מאגדת ארטיקים חמשושי,גרמים,180.00,100 גרם,false,,20.90,0.1161,true,1,2082494
8437000906209,false,טורטייה קמח חיטה 320,Azteca foods europe,,"טורטיה קמח 20 ס""מ",גרמים,320.00,100 גרם,false,,9.90,0.0309,true,1,1254287
8445290341617,false,פנסי פיסט פטה עוף וסלמון 85גר,נסטלה פורינה USA ג',US,פנסי פיסט פטה עוף וס,גרמים,85.00,100 גרם,false,,4.90,0.0576,true,1,2266557
8445290341655,false,פנסי פיסט פטה עוף 85גר,נסטלה פורינה USA ג',US,פנסי פיסט פטה עוף,גרמים,85.00,100 גרם,false,,4.90,0.0576,true,1,2266558
8445290427120,false,דגני פיטנס Fitness שוקולד מריר ובננה,נסטלה צרפת איטנקורט,FR,דגני בוקר שוקולד מרי,גרמים,330.00,100 גרם,false,,19.90,0.0603,true,1,2265933
8585959535213,false,תבנית נירוסטה גדולה,,,תבנית נירוסטה גדולה,יחידה,0.00,יחידה,false,,34.90,0.0000,true,1,2203610
8593868006014,false,בירה בלו מון פחית 50,"איי, בי, אינבוו",CZ,בירה בלו מון פחית,מיליליטרים,500.00,"100 מ""ל",false,,10.90,0.0218,true,1,2184150
8595135528731,false,מארז 2 גביעיי יין 45,,,מארז 2 גביעיי יין 45,יחידה,0.00,יחידה,false,,34.90,0.0000,true,1,2161998
8606018615841,false,גלידת וניל עם ליבת שוקולד חלב 480 ג' מילקה,נסטלה,IL,גלידה פיינט וניל ליב,גרמים,480.00,גרם,false,,18.90,0.0394,true,1,2256211
8680202110824,false,שמרים לאפיה יבשים נמסים אינסטנט,,,שמרים נמסים בוואקום,גרמים,125.00,100 גרם,false,,3.90,0.0312,true,1,1244973
8680202110848,false,שמרים לאפיה יבשים נמסים אינסטנט,DOSU MAYA,,שמרים נמסים בוואקום,גרמים,454.00,100 גרם,false,,11.90,0.0262,true,1,1244974
8681241358123,false,סט עפרון רישום 8 דרג,,,סט עפרון רישום 8 דרג,יחידה,0.00,יחידה,false,,24.90,0.0000,true,1,2263986
8681241370491,false,קלמר 2 תאים אדל,,,קלמר 2 תאים אדל,יחידה,0.00,יחידה,false,,16.90,0.0000,true,1,2263991
8681863065300,false,מלח עם שום קלוי 280,,,מלח עם שום קלוי 280,גרמים,280.00,100 גרם,false,,17.90,0.0639,true,1,2253634
8681863065492,false,מלח מתובל מעושן 110 ג' ויליפוד,,,מלח מתובל מעושן 110,גרמים,110.00,100 גרם,false,,9.90,0.0900,true,1,2253504
8682328740169,false,מזון לגורי כלבים מיני עם כבש ואוכמניות,פרו פרפורמנס Pro Preformance,,פרופרפורמנס מזון אול,קילוגרמים,2.00,"ק""ג",false,,59.90,29.9500,true,1,2219971
8683130008355,false,מיונז הלמנס שום לחיץ 400*8 גר',יוניליוור ישראל שיוו,TR,מיונז הלמנס עם שום 4,גרמים,400.00,100 גרם,false,,16.90,0.0422,true,1,2227223
8683130025574,false,"מרכך כביסה אקסטרה לבנדר 960 מ""ל בדין",יונילוור - תורכיה,TR,בדין אקסטרא לבנדר 96,מיליליטרים,960.00,"100 מ""ל",false,,15.90,0.0166,true,1,2253221
8683323063024,false,ממתק בטעם תותי פרוטי בצורת שטיח,מוטקה החולב,TR,ממתק גומי שטיחים תות,גרמים,220.00,100 גרם,false,,4.90,0.0223,true,1,1479376
8690504081920,false,טינס מצופה שוקולד מריר 150 גר,"אולקר ביסקווי סנאי,",TR,ביסקוויט מקויטיס טינ,גרמים,150.00,100 גרם,false,,9.90,0.0660,true,1,2045749
8690504081937,false,טינס שוקולד חלב וקפוצינו 150 גר,"אולקר ביסקווי סנאי,",TR,ביסקוויט מקויטיס טינ,גרמים,150.00,100 גרם,false,,9.90,0.0660,true,1,2045750
8690504153740,false,שוקולד מריר במילוי קרם בטעם שוקולד מריר,ביסקוט ביסקווי סילבר,TR,טבלת שוקולד מריר עם,גרמים,86.00,100 גרם,false,,12.90,0.1500,true,1,1844191
8690504153849,false,שוקולד חלב במילוי קרם בטעם פרלין אגוזים,"אולקר מקבוצת פלאדיס,",TR,טבלת שוקולד חלב ק.אג,גרמים,83.00,100 גרם,false,,12.90,0.1554,true,1,1844192
8690504156543,false,טבלת שוקלד חלב ממולא בקרם גנאש שוקולד חלב 88 גר',ביסקוט ביסקווי סילבר,TR,שוקולד גודייבה ממולא,גרמים,88.00,100 גרם,false,,12.90,0.1466,true,1,2136360
8690526009254,false,אי טי אי - מיני עוגה אישית מצופה במילוי קרם קקאו 144 גרם,,,מיני עוגה אישית מצופ,גרמים,144.00,100 גרם,false,,7.90,0.0549,true,1,2161947
8690526009308,false,אי טי אי - חטיף קוקוס מצופה שוקולד חלב וכדורוני דגנים 126 גרם,ETi,,חטיף קוקוס מצופה שוק,גרמים,126.00,100 גרם,false,,7.90,0.0627,true,1,2161964
8690526009353,false,אי טי אי - מיני חטיף בוטנים נוגט קרמל מצופה שוקולד חלב 140 גרם,,,חטיף מיני בוטנים נוג,גרמים,140.00,100 גרם,false,,7.90,0.0564,true,1,2161965
8690526019147,false,אי טי אי - וופל במילוי קרם אגוזי לוז 142 גרם,ETi,,וופל קקאו במילוי קרם,גרמים,142.00,100 גרם,false,,4.90,0.0345,true,1,2161948
8690526019154,false,אי טי אי - וופל קקאו במילוי קרם קקאו 142 גרם,מולינו ניקולי s.p.a,TR,וופל קקאו במילוי קרם,גרמים,142.00,100 גרם,false,,4.90,0.0345,true,1,2161949
8690526019178,false,אי טי אי - וופל קקאו במילוי קרם קוקוס 142 גרם,מולינו ניקולי s.p.a,TR,וופל קקאו במילוי קרם,גרמים,142.00,100 גרם,false,,4.90,0.0345,true,1,2161950
8690526019185,false,אי טי אי - וופל במילוי קרם שוקולד חלב 142 גרם,מולינו ניקולי s.p.a,TR,וופל קקאו במילוי קרם,גרמים,142.00,100 גרם,false,,4.90,0.0345,true,1,2161951
8690526019376,false,שוקולד מריר עם מוצקי,,,שוקולד מריר עם מוצקי,גרמים,90.00,100 גרם,false,,5.90,0.0656,true,1,2256253
8690526029238,false,וופל שוקולד מריר 3*50 ג',,,וופל שוקולד מריר אתי,גרמים,150.00,100 גרם,false,,7.90,0.0527,true,1,2190849
8690526032047,false,אי טי אי - שוקולד מריר 54% עם פיסטוק 90 גרם,,,שוקולד מריר עם פיסטו,גרמים,90.00,100 גרם,false,,5.90,0.0656,true,1,2256255
8690526039206,false,אי טי אי - מיני וופל במילוי קרם קקאו וחתיכות בוטנים 140 גרם,,,וופל מיני קקאו וחתיכ,גרמים,140.00,100 גרם,false,,7.90,0.0564,true,1,2257223
8690531410311,false,עגבניות מיובשות בשמן 350גר',דין שיווק,,עגבניות מיובשות בשמן,גרמים,340.00,100 גרם,false,,12.90,0.0379,true,1,1409493
8690572775288,false,"גליס מרכך סרום שיקום עמוק 400 מ""ל",שוורצקוף Schwarzkopf,DE,גליס שמפו צבע אולטימטיבי,מיליליטרים,400.00,"100 מ""ל",false,,18.90,0.0472,true,1,1318774
8690572778326,false,פה ד.ספרי אנטיפרספינט 200 מל 1/12,פה Fa,,דאודורנט פה-ספריי,מיליליטרים,200.00,"100 מ""ל",false,,9.90,0.0495,true,1,1421229
8690572783931,false,"פה - דאודורנט ספריי לגבר אינוויזיבל פאוואר 200 מ""ל",,,דאודורנט פה-ספריי,מיליליטרים,200.00,"100 מ""ל",false,,9.90,0.0495,true,1,1731607
8690572784303,false,שמפו גליס Gliss לשיער ארוך Supreme Length,שוורצקוף Schwarzkopf,,שמפו גליס אולטימט רי,מיליליטרים,400.00,"100 מ""ל",false,,18.90,0.0472,true,1,1853475
8690572786222,false,מרכך גליס Gliss לשיער ארוך Supreme Length,שוורצקוף Schwarzkopf,,מרכך גליס אולטימט רי,מיליליטרים,400.00,"100 מ""ל",false,,18.90,0.0472,true,1,1853479
8690572794692,false,"גליס - שמפו לאיזון והזנת הקרקפת 400 מ""ל",,,שמפו גליס נוטרי באלא,מיליליטרים,400.00,"100 מ""ל",false,,18.90,0.0472,true,1,2185851
8690572794715,false,"גליס - מרכך לאיזון והזנת הקרקפת 400 מ""ל",,,מרכך גליס נוטרי באלא,מיליליטרים,400.00,"100 מ""ל",false,,18.90,0.0472,true,1,2185852
8690572799482,false,"מרכך לשיער גלי ומתולתל סאיוס 500מ""ל",,,"מרכך סאיוס 500 מ""ל",מיליליטרים,500.00,"100 מ""ל",false,,9.90,0.0198,true,1,2203368
8690572799499,false,"סאיוס - מרכך אולאו 500 מ""ל",,,"מרכך סאיוס 500 מ""ל",מיליליטרים,500.00,"100 מ""ל",false,,9.90,0.0198,true,1,2203369
8690572799505,false,"סאיוס - מרכך לשיער דליל 500 מ""ל",,,"מרכך סאיוס 500 מ""ל",מיליליטרים,500.00,"100 מ""ל",false,,9.90,0.0198,true,1,2203370
8690572799512,false,"מרכך לחיזוק שורשי סיב השערה סאיוס 500מ""ל",,,"מרכך סאיוס 500 מ""ל",מיליליטרים,500.00,"100 מ""ל",false,,9.90,0.0198,true,1,2203371
8690572799529,false,"סאיוס - שמפו קרטין 500 מ""ל",,,"שמפו סאיוס 500 מ""ל",מיליליטרים,500.00,"100 מ""ל",false,,9.90,0.0198,true,1,2203372
8690572799536,false,"שמפו שמני הזנה סאיוס 500מ""ל",,,"שמפו סאיוס 500 מ""ל",מיליליטרים,500.00,"100 מ""ל",false,,9.90,0.0198,true,1,2203373
8690572799543,false,"שמפו לחזיק שורשי סיב השערה סאיוס 500מ""ל",,,"שמפו סאיוס 500 מ""ל",מיליליטרים,500.00,"100 מ""ל",false,,9.90,0.0198,true,1,2203374
8690572799550,false,"שמפו לשיער גלי ומתולתל סאיוס 500מ""ל",,,"שמפו סאיוס 500 מ""ל",מיליליטרים,500.00,"100 מ""ל",false,,9.90,0.0198,true,1,2203375
8690637073373,false,תה ארל גריי בטעם ברגמוט ליפטון 25 שקיקים,יונילוור - תורכיה,TR,ארל גריי 50 גר,גרמים,50.00,100 גרם,false,,7.90,0.1580,true,1,1255961
8690637073434,false,תה ליפטון ארל גריי 100 שקיקים,ליפטון Lipton,,תה ליפטון ארל גריי 1,גרמים,200.00,100 גרם,false,,22.90,0.1145,true,1,1255962
8690637504426,false,"קרם ניקוי כללי לימון 500 מ""ל סיף",יונילוור - תורכיה,,"סיף קרם לימון 500 מ""",מיליליטרים,500.00,"100 מ""ל",false,,10.90,0.0218,true,1,2228953
8690637505614,false,"מרכך כביסה אקסטרא פינוק קוקוס 960 מ""ל בדין",יוניליוור סנאיי וי ט,TR,בדין אקסטרא כחול-960,מיליליטרים,960.00,"100 מ""ל",false,,15.90,0.0166,true,1,2207952
8690637506956,false,"דאב שמפו נגד קשקשים אלוורה 600 מ""ל",,,שמפו דאב למניעת קשקש,מיליליטרים,600.00,"100 מ""ל",false,,18.90,0.0315,true,1,2265160
8690637688195,false,ליפטון תה ירוק מעטפות קלאסי 30 ג',יונילוור - תורכיה,TR,ליפטון תה ירוק מעטפות קלא,גרמים,34.00,100 גרם,false,,15.90,0.4676,true,1,1255994
8690637704277,false,"שמפו ומרכך לשיער רגיל 600 מ""ל דאב",יונילוור - תורכיה,TR,דאב שמפו יום יומי 2 ב-1 6,מיליליטרים,600.00,"100 מ""ל",false,,18.90,0.0315,true,1,1280821
8690637704390,false,"מרכך לשיער רגיל 600 מ""ל דאב",יוניליוור טורקיה. אז,TR,דאב מרכך יום יומי 600מל,מיליליטרים,600.00,"100 מ""ל",false,,18.90,0.0315,true,1,1280857
8690637704437,false,שמפו עם שמני הזנה לטיפוח לשיער יבש,יוניליוור טורקיה. אז,TR,דאב שמפו שמני הזנה 600 מל,מיליליטרים,600.00,"100 מ""ל",false,,18.90,0.0315,true,1,1280824
8690637704451,false,מרכך עם שמני הזנה לטיפוח לשיער יבש,יוניליוור טורקיה. אז,TR,דאב מרכך שמני הזנה 600 מל,מיליליטרים,600.00,"100 מ""ל",false,,18.90,0.0315,true,1,1280859
8690637799594,false,תה ירוק נענע בסגנון מרוקאי 36 ג',בסן בסין סנאיי וי טי,TR,תה ירוק ליפטון נענע,גרמים,34.00,100 גרם,false,,15.90,0.4676,true,1,1380452
8690637835643,false,תה ליפטון ירוק לואיזה לימונית 20יח',יונילוור - תורכיה,TR,תה ירוק ליפטון לואיז,גרמים,30.00,100 גרם,false,,15.90,0.5300,true,1,1620566
8690637871047,false,"שמפו שמן קוקוס וכורכום 600 מ""ל דאב",,TR,שמפו דאב 600 עם שמן,מיליליטרים,600.00,"100 מ""ל",false,,18.90,0.0315,true,1,1866908
8690637871061,false,"דאב שמפו שמן אבוקדו ותמצית קלנדולה 600 מ""ל",יוניליוור,TR,שמפו דאב 600 עם שמן,מיליליטרים,600.00,"100 מ""ל",false,,18.90,0.0315,true,1,1866909
8690637916977,false,מרכך עם שמן קוקוס וכורכום למראה שיער משוקם,יונילוור - תורכיה,TR,מרכך דאב עם שמן קוקס,מיליליטרים,600.00,"100 מ""ל",false,,18.90,0.0315,true,1,2104574
8690637916991,false,"מרכך דאב אבוקדו ותמצית קלנדולה 600 מ""ל",יונילוור - תורכיה,TR,מרכך דאב עם שמן אבוק,מיליליטרים,600.00,"100 מ""ל",false,,18.90,0.0315,true,1,2082588
8690637946301,false,"בדין - מרכך כביסה אקסטרא בייביי כחול 960 מ""ל",יוניליוור סנאיי וי ט,TR,בדין אקסטרא בייבי 96,מיליליטרים,960.00,"100 מ""ל",false,,15.90,0.0166,true,1,2147313
8690637946318,false,"בדין מרכך כביסה אקסטרא בייבי צהוב 960מ""ל",יוניליוור סנאיי וי ט,TR,בדין אקסטרא בייבי 96,מיליליטרים,960.00,"100 מ""ל",false,,15.90,0.0166,true,1,2147314
8690637976995,false,"בדין - מרכך כביסה אקסטרא ורוד סחלבים פראי 960 מ""ל",יוניליוור סנאיי וי ט,TR,בדין אקסטרא ורוד- 96,מיליליטרים,960.00,"100 מ""ל",false,,15.90,0.0166,true,1,2172777
8690757002376,false,"משחה להברקת נעליים עם ספוג 50 SILVERמ""ל-צבע שחור",סילבר Silver,,משחת נעליים,מיליליטרים,50.00,"100 מ""ל",false,,4.90,0.0980,true,1,1237963
8690757002444,false,"נוזל להברקת נעליים שחור 75 SILVERמ""ל",סילבר Silver,,נוזל לנעליים,מיליליטרים,75.00,"100 מ""ל",false,,4.90,0.0653,true,1,1237969
8690757002475,false,ספוג להברקת נעליים גדול SILVER -נטורל,סילבר Silver,,ספוג להברקת נעליים,יחידה,0.00,יחידה,false,,4.90,0.0000,true,1,1237972
8690766156367,false,שוקולד גודייבה חלב מעולה 90 גר,"אולקר מקבוצת פלאדיס,",TR,שוקולד גודייבה חלב מ,גרמים,90.00,100 גרם,false,,14.90,0.1656,true,1,2136361
8690766156374,false,שוקולד גודייבה מריר 72% מוצרי קקאו 90 גר,"אולקר מקבוצת פלאדיס,",TR,שוקולד גודייבה מריר,גרמים,90.00,100 גרם,false,,14.90,0.1656,true,1,2136368
8690766156381,false,שוקולד גודייבה מריר מעולה 90% קקאו 90 גר,"אולקר מקבוצת פלאדיס,",TR,שוקולד גודייבה מריר,גרמים,90.00,100 גרם,false,,14.90,0.1656,true,1,2136369
8690766156398,false,שוקולד חלב מעולה בתוספת שברי שקדים קלויים דבש ומלח 90ג',"אולקר מקבוצת פלאדיס,",TR,שוקולד גודייבה חלב ב,גרמים,90.00,100 גרם,false,,14.90,0.1656,true,1,2136370
8690766156404,false,שוקולד מריר מעולה גודייבה תפוז אדום 90 גרם,גודייבה,TR,שוקולד גודייבה מריר,גרמים,90.00,100 גרם,false,,14.90,0.1656,true,1,2136371
8690766156411,false,שוקולד מריר מעולה בטעם פלפל ורוד עם חתיכות תות מסוכר 90ג',"אולקר מקבוצת פלאדיס,",TR,שוקולד גודייבה מריר,גרמים,90.00,100 גרם,false,,14.90,0.1656,true,1,2136372
8690770322598,false,"שמרים יבשים 125 גר` בד""צ",בראבו Bravo,,שמרים יבשים 125 גרם,גרמים,125.00,100 גרם,false,,3.90,0.0312,true,1,1237381
8690777203012,false,פלפל ירוק כבוש לא חריף סארה 600ג',יוליניבר,TR,פלפל ירוק כבוש לא חריף 60,גרמים,600.00,100 גרם,false,,12.90,0.0215,true,1,1226722
8690777204071,false,פלפלים כבושים - חריפים,יוליניבר,TR,פלפל חריף 640גרם מותג SER,גרמים,640.00,100 גרם,false,,12.90,0.0202,true,1,1226723
8690777206051,false,חצילים קלויים על האש סארה 650 גר',קוראהן פזלרמה וי דיס,TR,חצילים קלויים על האש 650ג,גרמים,650.00,100 גרם,false,,12.90,0.0198,true,1,1226724
8690777221405,false,פלפל אדום קלוי על האש סארה 650גרם,קוראהן פזלרמה וי דיס,TR,פלפל אדום קלוי על האש 650,גרמים,650.00,100 גרם,false,,12.90,0.0198,true,1,1226725
8690784611442,false,סבון מוצק לניקוי אסלה בניחוח הדרים בתוספת אקונומיקה,טואלט דאק Toilet Duck,PL,דאק סבון ניקוי אסלה,גרמים,30.00,100 גרם,false,,7.90,0.2633,true,1,2134713
8690784614665,false,סבון מוצק לניקוי אסלה בניחוח ים,טואלט דאק Toilet Duck,PL,דאק סבון ניקוי אסלה,גרמים,30.00,100 גרם,false,,7.90,0.2633,true,1,1841860
8690784614771,false,סבון דאק לניקוי אסלה בניחוח רענן נתלה,טואלט דאק Toilet Duck,PL,דאק סבון ניקוי אסלה,גרמים,30.00,100 גרם,false,,7.90,0.2633,true,1,1841861
8690784616775,false,סבון ניקוי לאסלה דאק 4ב-1 בלו,טואלט דאק Toilet Duck,,סבון ניקוי לאסלה דאק,יח',1.00,יח',false,,9.90,9.9000,true,1,2002006
8690784711777,false,דאק סבון אקטיבי בתוספת אקונומיקה מקציפה בניחוח ים,טואלט דאק Toilet Duck,,דאק סבון ניקוי אסלה,גרמים,30.00,100 גרם,false,,7.90,0.2633,true,1,2123498
8691530924670,false,סירופ רימונים נטורסא,נטורסן,TR,סירופ רימונים 345 גר,גרמים,345.00,100 גרם,false,,16.90,0.0490,true,1,1263551
8691530924687,false,סירופ רימונים 1 ליטר,,,סירופ רימונים 1 ליטר,ליטרים,1.00,ליטר,false,,39.90,39.9000,true,1,2077284
8692952070020,false,"כוס בירה 380 מ""ל",,,"כוס בירה 380 מ""ל",יחידה,0.00,יחידה,false,,6.90,0.0000,true,1,2254498
8693240001641,false,מראה מרובעת 33/33 ר,,,מראה מרובעת 33/33 ר,יחידה,0.00,יחידה,false,,19.90,0.0000,true,1,2209900
8693323085100,false,שטיחים חמוצים ממתק בטעם פירות,יוגטה yogueta,,ממתק חמוץ בצורת שטיח,גרמים,100.00,100 גרם,false,,5.90,0.0590,true,1,1899888
8693357532380,false,VILLA PATISSERIE כלי,,,VILLA PATISSERIE כלי,יחידה,0.00,יחידה,false,,34.90,0.0000,true,1,2259013
8693357532625,false,פלטת הגשה אובלית 33,,,פלטת הגשה אובלית 33,יחידה,0.00,יחידה,false,,19.90,0.0000,true,1,2253108
8693495037853,false,זוג מברשת סלים סופט קולגייט,הנסיך- מפעל לייצור ט,CN,קולגייט מברשת סלים סופט ז,יח',2.00,יח',false,,29.90,14.9500,true,1,1253682
8693495041461,false,זוג מברשת שיניים סלים סופט פחם קולגייט,הנסיך- מפעל לייצור ט,CN,קולגייט מברשת סלים סופט פ,יח',2.00,יח',false,,29.90,14.9500,true,1,1253683
8693495050333,false,"פלמוליב סבון נוזלי לגבר לימון ירוק 500 מ""ל",פלמוליב Palmolive,,סבון נוזלי פלמוליב ל,מיליליטרים,500.00,"100 מ""ל",false,,15.90,0.0318,true,1,1562114
8693495051002,false,קולגייט מברשת שיניים לילדים מיניונים 6+,קולגייט Colgate,,מברשת שיניים קולגייט,יח',1.00,יח',false,,9.90,9.9000,true,1,1615762
8693495051255,false,זוג מברשות שיניים מוזהבות Slimsoft Mikrolince,קולגייט - פלמוליב,CN,זוג מברשות שיניים קו,יח',2.00,יח',false,,29.90,14.9500,true,1,1649692
8693495052931,false,זוג מברשות שיניים אדוונסט 360 לניקוי כל חלל הפה,קולגייט פלמוליב,CN,מברשת שיניים קולגייט,יח',2.00,יח',false,,29.90,14.9500,true,1,2123896
8693495054034,false,"סבון לומינוס אבוקדו 750 מ""ל פלמוליב",,TR,סבון נוזלי פלמוליב ל,מיליליטרים,750.00,"100 מ""ל",false,,16.90,0.0225,true,1,2230985
8693609193826,false,מתקן כביסה מתכת אל חלד,ITALPLAST,,מתקן כביסה מתכת אל ח,יחידה,0.00,יחידה,false,,59.90,0.0000,true,1,2199562
8696071030767,false,"אקרילית בתרמיל ""אמרי",,,"אקרילית בתרמיל ""אמרי",יחידה,0.00,יחידה,false,,9.90,0.0000,true,1,2252333
8696219345111,false,מתקן אחסון לשקיות ני,,,מתקן אחסון לשקיות ני,יחידה,0.00,יחידה,false,,14.90,0.0000,true,1,2231864
8697040108975,false,אסותא סבון נוזלי לש.אינטמ,,,סבון נוזלי אסותא נשי,מיליליטרים,400.00,"100 מ""ל",false,,14.90,0.0373,true,1,1550351
8697040108982,false,אסותא סבון נוזלי לש.אינטמ,,,סבון נוזלי אסותא נשי,מיליליטרים,400.00,"100 מ""ל",false,,14.90,0.0373,true,1,1550352
8697040109323,false,אסותא סבון מוצק להיגיינה,אטש סונמז,,סבון מוצק אסותא,גרמים,100.00,100 גרם,false,,3.90,0.0390,true,1,1330959
8697418280128,false,עלי טורטייה 12יח 540,מרום את קונפינו,,עלי טורטייה 12יח 540,גרמים,540.00,100 גרם,false,,19.90,0.0369,true,1,2077286
8697418280180,false,"עלי טורטייה 15 ס""מ 3",פרינסס,,עלי טורטייה,גרמים,360.00,100 גרם,false,,14.90,0.0414,true,1,2077288
8697418280333,false,שערות קדאיף מיובשות,פרנסס און וה,TR,שערות קדאיף 500 גרם,גרמים,500.00,100 גרם,false,,19.90,0.0398,true,1,2135346
8697430885417,false,פסטה מסולסלת ארבלה ו,DURUM,TR,פסטה מסולסלת 6 ARBELLA,גרמים,500.00,100 גרם,false,,4.90,0.0098,true,1,1261519
8697430885424,false,פסטה פרפרים ארבלה וי,ארבלה Arbella,TR,פרפרים 5 ARBELLA,גרמים,500.00,100 גרם,false,,4.90,0.0098,true,1,1261520
8697430885431,false,פסטה פנה ארבלה ויטה,ארבלה Arbella,TR,פנה 4 ARBELLA,גרמים,500.00,100 גרם,false,,4.90,0.0098,true,1,1261521
8697430885455,false,קונכיות ארבלה ויטה,ארבלה Arbella,TR,קונכיות 3 ARBELLA,גרמים,500.00,100 גרם,false,,4.90,0.0098,true,1,1261522
8697430885479,false,פוזילי ארבלה ויטה,ארבלה Arbella,TR,פוזילי 2 ARBELLA,גרמים,500.00,100 גרם,false,,4.90,0.0098,true,1,1261523
8697430885493,false,ספגטי ארבלה ויטה,ארבלה Arbella,TR,ספגטי 1 ARBELLA,גרמים,500.00,100 גרם,false,,4.90,0.0098,true,1,1261524
8697633820246,false,סלסלת פירות / ירקות,,,סלסלת פירות / ירקות,יחידה,0.00,יחידה,false,,16.90,0.0000,true,1,2267387
8697633820581,false,קערה עגולה 5 ל',,,קערה עגולה 5 ל',יחידה,0.00,יחידה,false,,12.90,0.0000,true,1,2267402
8697633821205,false,יעה שקוף,,,יעה שקוף,יחידה,0.00,יחידה,false,,9.90,0.0000,true,1,2267408
8697659232733,false,"מבשם אריגים -פרש כותנה 425מ""ל",ATAK,TR,מבשם אריגים,מיליליטרים,475.00,"100 מ""ל",false,,12.90,0.0272,true,1,1964160
8697659232757,false,"מבשם אריגים -לבנדר 425מ""ל",,,מבשם אריגים,מיליליטרים,475.00,"100 מ""ל",false,,12.90,0.0272,true,1,1964161
8697826469092,false,טורטיות ראפ בקוטר 20,דין שיווק,TR,טורטיות ראפ 540 גרם,גרמים,540.00,100 גרם,false,,9.90,0.0183,true,1,1243016
8697853093543,false,מלחיית ביצה,,,מלחיית ביצה,יחידה,0.00,יחידה,false,,6.90,0.0000,true,1,2267429
8699073291273,false,פלפל כבוש חריף 640 גרם MELIS כשרות K,מליס Melis,,פלפל כבוש חריף 640 ג,גרמים,640.00,100 גרם,false,,12.90,0.0202,true,1,2179497
8699568532171,false,ספריי לשיער אקסטרא,,,ספריי לשיער אקסטרא,מיליליטרים,75.00,"100 מ""ל",false,,9.90,0.1320,true,1,2274635
8699863092264,false,מייבש כלים מגש מליסה,,,מייבש כלים מגש מליסה,יחידה,0.00,יחידה,false,,24.90,0.0000,true,1,2231290
8710103875666,false,אוונט בקבוק נטורל 2 125 מל,,,בקבוק אוונט נטורל 2,יח',1.00,יח',false,,44.90,44.9000,true,1,2262047
8710103876540,false,בקבוק אוונט נטורל 26,,,בקבוק אוונט נטורל 26,יח',1.00,יח',false,,44.90,44.9000,true,1,2262052
8710428016348,false,אבקת משקה להשלמה תזונתית וניל 400 ג' פדיאשור,פדיאשור Pediasure,,פדיאשור משקה להשלמה,גרמים,400.00,100 גרם,false,,39.90,0.0997,true,1,2172733
8710447224311,false,מרכך בוטניק בתוספת שמן קוקוס ואלוורה,יוניליוור פולין,PL,מרכך טרזמה בוטניק 40,מיליליטרים,400.00,"100 מ""ל",false,,14.90,0.0373,true,1,2112816
8710447240915,false,"טרזמה - מסכה משקמת ביוטין 300 מ""ל",,,מסכה לשיער טרזמה ביו,מיליליטרים,300.00,"100 מ""ל",false,,29.90,0.0997,true,1,2114016
8710447320662,false,דאודורנט ספריי בניחוח אפרסק ולימון ללא אלומיניום,"פרמול איטליה, קומון",IT,דאב ספריי לאישה 150,מיליליטרים,150.00,"100 מ""ל",false,,17.90,0.1193,true,1,2147957
8710502060021,false,עוגיות מאפין רכות 210 ג' מרבה פטיסרי,מרבה,NL,עוגיות מרבה פטיסרי מ,גרמים,210.00,100 גרם,false,,9.90,0.0471,true,1,2258362
8710502064814,false,עוגיות שוקולד ציפס במרקם רך 175 ג',בנקטבקריי מרבה בי.וי,NL,עוגיות שוקולד ציפס 1,גרמים,175.00,100 גרם,false,,8.90,0.0509,true,1,1300879
8710502100864,false,עוגיות דאבל שוקולד 200 ג' מרבה פטיסרי,מרבה,NL,עוגיות מרבה פטיסרי ד,גרמים,200.00,100 גרם,false,,9.90,0.0495,true,1,2258363
8710502139017,false,עוגיות מרבה טריפל שוקולד שוקוצ'יפס 180ג',בנקטבקריי מרבה בי.וי,NL,מרבה עוגיות טריפל שוקולד,גרמים,180.00,100 גרם,false,,8.90,0.0494,true,1,1253685
8710502194801,false,עוגיות שוקולד צ'יפס במרקם רך עם פירות יער,בנקטבקריי מרבה בי.וי,NL,עוגיות שוקולד צי'פס,גרמים,175.00,100 גרם,false,,8.90,0.0509,true,1,1379479
8710502231018,false,מרבה עוגיות שוקולד צ'יפס מיני 175 ג',"מרבה בע""מ",NL,עוגיות מרבה שוקולד צ,גרמים,175.00,100 גרם,false,,8.90,0.0509,true,1,2183606
8710502279010,false,מרבה עוגיות שוקולד צ'יפס מצופות שוקולד 175 ג',"מרבה בע""מ",NL,עוגיות שוקולד צ'יפס,גרמים,175.00,100 גרם,false,,8.90,0.0509,true,1,2180810
8710502285509,false,עוגיות לימון ושוקולד צ'יפס במרקם רך 175 ג' מרבה,בנקטבקריי מרבה בי.וי,NL,עוגיות לימון ושוקולד,גרמים,175.00,100 גרם,false,,8.90,0.0509,true,1,2220144
8710502470028,false,עוגיות שוקולד צ'יפס ממולאות בקרם נוגט,COLGATE PALMOLIVE,NL,מרבה עוגיות נוגטלי 160 ג,גרמים,160.00,100 גרם,false,,8.90,0.0556,true,1,1253689
8710502470035,false,עוגיות מרבה פטיסרי ש,מרבה,NL,עוגיות מרבה פטיסרי נ,גרמים,200.00,100 גרם,false,,9.90,0.0495,true,1,2258365
8710522584200,false,"דאב - תחליב רחצה ורדים ואלוורה 500 מ""ל",דאב Dove,,תחליב רחצה דאב 500 מ,מיליליטרים,500.00,"100 מ""ל",false,,14.90,0.0298,true,1,2210136
8710800027573,false,סוכריות מיני מנטוס פירות שקית 178ג',מנטוס Mentos,NL,שקית מיני מנטוס,גרמים,178.00,100 גרם,false,,10.00,0.0562,true,1,1242055
8710800961310,false,סוכריות מנטוס תות מארז 37.5X4ג',פרפטי ואן מלה ברדה,NL,מנטוס 1/4 טעם תות,גרמים,150.00,100 גרם,false,,10.90,0.0727,true,1,1242056
8710847860829,false,"רקסונה - דאודורנט רול און לאישה כותנה 50 מ""ל",יוניליוור,,דאודורנט רול און רקס,מיליליטרים,50.00,"100 מ""ל",false,,15.90,0.3180,true,1,2126944
8710847860843,false,"רקסונה - דאודורנט רולאון לאישה אינביזיבל 50 מ""ל",,,דאודורנט רול און רקס,מיליליטרים,50.00,"100 מ""ל",false,,15.90,0.3180,true,1,2129276
8710847942693,false,"טרזמה - מרכך שמן המפ 400 מ""ל",יוניליוור,PL,מרכך טרזמה קרטין 400,מיליליטרים,400.00,"100 מ""ל",false,,14.90,0.0373,true,1,2207954
8710847973970,false,תחליב רחצה אלוורה & מי עץ שדר,דאב Dove,,דאב תחליב רחצה אלוור,מיליליטרים,750.00,"100 מ""ל",false,,19.90,0.0265,true,1,2177255
8710847974199,false,"תחליב רחצה דאב קקאו 500 מ""ל",,,תחליב רחצה דאב 500 מ,מיליליטרים,500.00,"100 מ""ל",false,,14.90,0.0298,true,1,2172779
8710908326691,false,"דאב תחליב רחצה פיסטוק 750 מ""ל","יוניליוור גרמניה, gm",DE,דאב תחליב רחצה אדמונ,מיליליטרים,750.00,"100 מ""ל",false,,19.90,0.0265,true,1,1353563
8710908882463,false,תחליב רחצה Invigorating Ritual עם שמן אבוקדו וקלנדולה,דאב Dove,,תחליב רחצה דאב 500 מ,מיליליטרים,500.00,"100 מ""ל",false,,14.90,0.0298,true,1,1765144
8711000362556,false,קפסולות אספרסו סונטוסו 10*52 ג' LOR,גיקובס דאו אגברטס צר,FR,לור קפסולות קפה אספר,גרמים,52.00,100 גרם,false,,19.90,0.3827,true,1,1907119
8711000362570,false,קפסולות אספרסו פורזה עוצמה 9,גי די אי,FR,לור קפסולות קפה אספר,גרמים,52.00,100 גרם,false,,19.90,0.3827,true,1,1907120
8711000362617,false,קפסולות אספרסו לונגו פרופונדו עוצמה 8,יוניליוור גרמניה Gm,FR,לור קפסולות קפה אספר,גרמים,52.00,100 גרם,false,,19.90,0.3827,true,1,1907121
8711000362631,false,קפסולות אספרסו אוניקס עוצמה 12,גיקובס דאו אגברטס צר,FR,לור קפסולות קפה אספר,גרמים,52.00,100 גרם,false,,19.90,0.3827,true,1,1907122
8711000362655,false,קפסולות קפה לור אספר,קראפט,FR,לור קפסולות קפה אספר,גרמים,52.00,100 גרם,false,,19.90,0.3827,true,1,2158946
8711000362679,false,לור קפסולות קפה אספרסו קולומביה 52 גר,קריניציה ויטמינה אס,FR,לור קפסולות קפה אספר,גרמים,52.00,100 גרם,false,,19.90,0.3827,true,1,2099916
8711000362747,false,קפסולות אספרסו ריסטרטו 10* 52 ג' LOR,גיקובס דאו אגברטס צר,FR,לור קפסולות קפה אספר,גרמים,52.00,100 גרם,false,,19.90,0.3827,true,1,1907123
8711000371176,false,קפסולות קפה אספרסו קלאסיקו 10*52 ג' ג'ייקובס,קריניציה ויטמינה אס,FR,ג'ייקובס קפסולות קפה,גרמים,52.00,100 גרם,false,,12.90,0.2481,true,1,1954556
8711000371183,false,קפסולות קפה אספרסו אינטנסו 10*52 ג' ג'ייקובס,קריניציה ויטמינה אס,FR,ג'ייקובס קפסולות קפה,גרמים,52.00,100 גרם,false,,12.90,0.2481,true,1,1983795
8711000371206,false,קפסולות קפה אספרסו ריסטרטו 10*52 ג' ג'ייקובס,קריניציה ויטמינה אס,FR,ג'ייקובס קפסולות קפה,גרמים,52.00,100 גרם,false,,12.90,0.2481,true,1,1983796
8711000371244,false,קפסולות קפה אספרסו לונגו 10*52 ג' ג'ייקובס,ג'ייקובס Jacobs,FR,ג'ייקובס קפסולות קפה,גרמים,52.00,100 גרם,false,,12.90,0.2481,true,1,2134892
8711000397466,false,קפסולות אספרסו נטול קפאין עוצמה 9,קריניציה ויטמינה אס,FR,לור קפסולות קפה אספר,גרמים,52.00,100 גרם,false,,19.90,0.3827,true,1,1979255
8711000431108,false,לור קפסולות קפה אספרסו הודו 52 גר,"ג'ייקובס דאו אגרבטס,",FR,לור קפסולות קפה אספר,גרמים,52.00,100 גרם,false,,19.90,0.3827,true,1,2099918
8711000471296,false,לור קפסולות קפה אספרסו 13 אול 52ג,קראפט,FR,לור קפסולות קפה אספר,גרמים,52.00,100 גרם,false,,19.90,0.3827,true,1,2158947
8711000472040,false,קפסולות קפה סלקשיין 10*52 ג' ג'ייקובס,ג'ייקובס Jacobs,FR,ג'ייקובס קפסולות קפה,גרמים,52.00,100 גרם,false,,12.90,0.2481,true,1,2213177
8711327475717,false,פיינט וניל שקדים 260 ג' מגנום,"מפעל גלידות בווספרם,",HU,מגנום פיינט וניל שקד,מיליליטרים,440.00,"100 מ""ל",false,,19.90,0.0452,true,1,2182026
8711327475762,false,פיינט שוקולד לבן עוגיות 260 ג' מגנום,"מפעל גלידות בווספרם,",HU,מגנום פיינט לבן עוגי,מיליליטרים,440.00,"100 מ""ל",false,,19.90,0.0452,true,1,2182027
8711700665834,false,דאב סבון מוצק מלפפון 6 יח'* 100 ג',יוניליוור גרמניה (בו,DE,דאב PW BAR מגע טרי 6X100,גרמים,600.00,100 גרם,false,,24.90,0.0415,true,1,1256015
8712000051099,false,"בירה הייניקן 0% אלכהול 330 מ""ל*6 יח'",פארייפאבה אגרואינדוס,NL,שישייה בירה הייניקן,ליטרים,1.98,ליטר,false,,35.90,18.1313,true,1,1924993
8712100739231,false,תה PG פירמידה,,,תה PG פירמידה,גרמים,110.00,100 גרם,false,,19.90,0.1809,true,1,1416320
8712400717984,false,נוטרילון קומפורט תרכובת מזון מגיל לידה,נוטרילון Nutrilon,,נוטרילון קומפורט חלב,גרמים,400.00,100 גרם,false,,44.90,0.1122,true,1,1429269
8712400802499,false,תרכובת מזון המשך לפעוטות על בסיס חלב שלב 1,פרוטרופיק סיה.,NL,נוטרילון חלב לתינוקו,גרמים,800.00,100 גרם,false,,64.90,0.0811,true,1,1224830
8712400802512,false,תרכובת מזון המשך לפעוטות על בסיס חלב שלב 2,פרוטרופיק סיה.,NL,נוטרילון חלב לתינוקו,גרמים,800.00,100 גרם,false,,64.90,0.0811,true,1,1224832
8712400802536,false,תרכובת מזון המשך לפעוטות על בסיס חלב שלב 3,פרוטרופיק סיה.,NL,נוטרילון חלב לתינוקו,גרמים,800.00,100 גרם,false,,64.90,0.0811,true,1,1224834
8712561594240,false,"דאב תחליב רחצה להזנה עמוקה500 מ""ל-מרכז","יוניליוור גרמניה, Gm",DE,דאב ת.ר הזנה עמוקה 250ML,מיליליטרים,500.00,"100 מ""ל",false,,14.90,0.0298,true,1,1308082
8712561594608,false,"דאב תחליב רחיצה להזנה עמוקה 750 מ""ל","יוניליוור גרמניה, Gm",DE,דאב ת.ר מענג 750ML,מיליליטרים,750.00,"100 מ""ל",false,,19.90,0.0265,true,1,1308083
8712561609647,false,"דאב - תחליב רחצה חמאת שיאה 500 מ""ל",,,דאב תחליב רחצה חמאת,מיליליטרים,500.00,"100 מ""ל",false,,16.90,0.0338,true,1,2274915
8712561611411,false,תחליב רחצה מזין בניחוח מלפפון ותה ירוק,"יוניליוור גרמניה, Gm",DE,דאב ת.ר פרש 750ML,מיליליטרים,750.00,"100 מ""ל",false,,19.90,0.0265,true,1,1308085
8712561631570,false,"דאב סבון נוזלי חלב קוקוס 750מ""ל",יוניליוור,DE,דאב תחליב רחצה קוקוס ללא,מיליליטרים,750.00,"100 מ""ל",false,,19.90,0.0265,true,1,1308089
8712561646024,false,תחליב רחצה קרם פיסטוק ומגנוליה,דאב Dove,,תחליב רחצה דאב 750 מ,מיליליטרים,750.00,"100 מ""ל",false,,19.90,0.0265,true,1,2238941
8714443620030,false,מרק ירקות אורגני 200,תות תעשיות מזון (201,NL,מרק ירקות אורגני 200,גרמים,200.00,100 גרם,false,,25.90,0.1295,true,1,1405765
8714599104316,false,ג'ייקובס קפה שחור קלוי וטחון טורקי 200ג',ג'ייקובס Jacobs,,קפה שחור ג'יקובס 200,גרמים,200.00,100 גרם,false,,14.90,0.0745,true,1,2134094
8714599104330,false,ג'ייקובס קפה שחור קלוי וטחון טורקי 85 ג',ג'ייקובס Jacobs,,קפה שחור ג'יקובס 85,גרמים,85.00,100 גרם,false,,6.90,0.0812,true,1,2134095
8714599410806,false,קפה נמס קרוננג בשקית עם סגירה חוזרת,ג'ייקובס Jacobs,RU,קפה ג'יקובס 160 גרם,גרמים,160.00,100 גרם,false,,17.90,0.1119,true,1,1979244
8714599412220,false,קפה גייקובס וולווט מ,קראפט,,קפה ג'יקובס וולווט ק,גרמים,95.00,100 גרם,false,,14.90,0.1568,true,1,2203684
8714599412336,false,קפה נמס בריסטה אמריקנו קלוי וטחון 160 ג' ג'ייקובס,ג'ייקובס דאו אגברטס,RU,קפה ג'יקובס בריסטה,גרמים,160.00,100 גרם,false,,24.90,0.1556,true,1,2213179
8714599513781,false,קפה נמס גולד מיובש בהקפאה 200 ג' ג'ייקובס,אל.אל. סי ג''יקובס ד,RU,קפה ג'יקובס גולד 200,גרמים,200.00,100 גרם,false,,24.90,0.1245,true,1,1338158
8714599513835,false,קפה ג'יקובס נטול קופאין מיובש בהקפאה 200 ג',ג'ייקובס Jacobs,,קפה ג'יקובס נטול קפא,גרמים,200.00,100 גרם,false,,32.90,0.1645,true,1,1514723
8714599513866,false,"ג'ייקובס קרוננג מיובש בהקפאה כשל""פ 200 ג'",אל.אל.סי גייקובס דאו,DE,קפה ג'יקובס 200 גרם,גרמים,200.00,100 גרם,false,,24.90,0.1245,true,1,1338159
8714789177229,false,מברשת שיניים אקסטרה קלין מדיום - מארז רביעיה,הנסיך- מפעל לייצור ט,CN,קולגייט אקסטרה קלין רביעי,יח',4.00,יח',false,,9.90,2.4750,true,1,1253701
8714789218465,false,קולגייט מברשת שיניים 360 סופט זוג,הנסיך- מפעל לייצור ט,CN,קולגייט מברשת 360 זוג S ח,יח',2.00,יח',false,,19.90,9.9500,true,1,1253706
8714789303925,false,מברשת שיניים 360 Sensitive אקסטרא סופט - מארז זוג,קולגייט- פלמוליב,CH,קולגייט מברשת 360 סנסטיב,יח',2.00,יח',false,,19.90,9.9500,true,1,1253712
8714789402932,false,נוזל לניקוי כללי ולרצפה בניחוח ורדים,הנסיך- מפעל לייצור ט,GR,אגקס חגיגת הפרחים ורוד 1.,ליטרים,1.50,ליטר,false,,14.90,9.9333,true,1,1253716
8714789402970,false,נוזל לניקוי כללי ולרצפה בניחוח פרחי אביב,הנסיך- מפעל לייצור ט,GR,אגקס חגיגת הפרחים ירוק 1.,ליטרים,1.50,ליטר,false,,14.90,9.9333,true,1,1253717
8714789450315,false,נוזל כלים בניחוח פריחת הלימון,הנסיך- מפעל לייצור ט,GR,פלמוליב כלים שקוף לימון 1,ליטרים,1.50,ליטר,false,,15.90,10.6000,true,1,1287189
8714789529561,false,קולגייט משחת שיניים סנסטיב להלבנה 111 ג',קולגייט פלמוליב,PL,קולגייט סנסיטיב פרו ריליף,מיליליטרים,75.00,"100 מ""ל",false,,14.90,0.1987,true,1,1253725
8714789582764,false,"אג'קס ספריי חלונות פעולה משולשת 750מ""ל","ש. שסטוביץ בע""מ",GR,אגקס טריגר 750 מל,מיליליטרים,750.00,"100 מ""ל",false,,12.90,0.0172,true,1,1253728
8714789740058,false,קולגייט מברשת שיניים טוויסטר סופט זוג,הנסיך- מפעל לייצור ט,CN,קולגייט מברשת טוויסטר זוג,יח',2.00,יח',false,,19.90,9.9500,true,1,1253733
8714789797786,false,נוזל כלים 4 ב- 1 מסיר כתמי אוכל,יבואן ומשווק: ש. שסט,GR,פלמוליב כלים שקוף גרםיס ב,מיליליטרים,750.00,"100 מ""ל",false,,11.90,0.0159,true,1,1253740
8714789831275,false,קולגייט מברשת שיניים 360 אופטיק וואיט זוג,קולגייט פלמוליב,CN,קולגייט מברשת 360 אופטיק,יח',2.00,יח',false,,19.90,9.9500,true,1,1253745
8714789834467,false,פלמוליב נוזל כלים 1.5 ליטר,פלמוליב Palmolive,GR,פלמוליב כלים שקוף קלאסי 1,ליטרים,1.50,ליטר,false,,15.90,10.6000,true,1,1253746
8714789835112,false,מברשת קולגייט חשמלי 360,COLGATE PALMOLIVE,CN,קולגייט מברשת 360 אופטיק,יח',1.00,יח',false,,69.90,69.9000,true,1,1253747
8714789930848,false,"משחת שיניים אופטיק וויט אינסטנט 75 מ""ל קולגייט",הנסיך- מפעל לייצור ט,PL,קולגייט משחת אופטיק וייט,מיליליטרים,75.00,"100 מ""ל",false,,19.90,0.2653,true,1,1253751
8715035520301,false,פונזו רוטב יפני מסורתי מבוסס על רוטב סויה ולימון,קיקומן פודז יורופ בי,NL,רוטב סויה ולימון פונ,מיליליטרים,250.00,"100 מ""ל",false,,19.90,0.0796,true,1,2044362
8715700110141,false,מיונז קרמי היינץ צנצנת 460ג',ה.י.היינץ הולדינג בי,NL,ממרח מיונז היינץ בצנ,גרמים,460.00,100 גרם,false,,11.90,0.0259,true,1,1662428
8715700110158,false,מיונז לייט היינץ צנצנת 490 גר',ה.י.היינץ הולדינג בי,NL,מיונז היינץ בצנצנת 4,גרמים,490.00,100 גרם,false,,11.90,0.0243,true,1,1662429
8715700115641,false,ממרח מיונז לחיץ לייט במרקם קרמי 420 ג' היינץ,היינץ Heinz,,ממרח היינץ 420 גרם ל,גרמים,420.00,100 גרם,false,,14.90,0.0355,true,1,1557075
8715700117805,false,"קטשופ היינץ מתבל עגבניות ללא תוספת סוכר ומלח 425 מ""ל",ה.י היינץ הולדינג בי,NL,קטשופ היינץ מופחת סו,גרמים,425.00,100 גרם,false,,11.90,0.0280,true,1,2146852
8715700118925,false,קטשופ חריף 460 ג' היינץ,,,קטשופ היינץ חריף 460,גרמים,460.00,100 גרם,false,,11.90,0.0259,true,1,2282803
8715700419732,false,מתבל עגבניות היינץ 7,ה.י. היינץ,NL,קטשופ היינץ 700 גרם,גרמים,700.00,100 גרם,false,,11.90,0.0170,true,1,1224835
8715700421322,false,רוטב ברביקיו עם צ'ילי,היינץ Heinz,,רוטב ברבקיו 490 גרם,גרמים,490.00,100 גרם,false,,12.90,0.0263,true,1,1677312
8715700422473,false,ממרח מיונז ללא חומרים משמרים 395 ג' היינץ,היינץ Heinz,NL,ממרח היינץ לחיץ ללא,גרמים,395.00,100 גרם,false,,14.90,0.0377,true,1,1497525
8715700423906,false,קטשופ מתובל עגבניות 50% פחות סוכר 555ג' היינץ,היינץ צפון אמריקה מק,NL,קטשופ היינץ 555 גרם,גרמים,555.00,100 גרם,false,,11.90,0.0214,true,1,1728206
8717163628812,false,"טרזמה - מסכה להחלקה וצבע 300 מ""ל",,,מסכה לשיער טרזמה להח,מיליליטרים,300.00,"100 מ""ל",false,,29.90,0.0997,true,1,2147978
8717163655764,false,"רקסונה - דאודורנט ספריי לאישה שוואר פרש 150 מ""ל",,,דאודורנט ספריי רקסונ,מיליליטרים,150.00,"100 מ""ל",false,,13.90,0.0927,true,1,2129277
8717163655825,false,"רקסונה דאו' ספריי לנשים בניחוח כותנה, 150 מ""ל",יוניליוור,,דאודורנט ספריי רקסונ,מיליליטרים,150.00,"100 מ""ל",false,,13.90,0.0927,true,1,2129271
8717163658314,false,תחליב רחצה מים מיסלריים היפואלרגני לעור רגיש,יוניליוור,DE,דאב תחליב רחצה מים מ,מיליליטרים,500.00,"100 מ""ל",false,,16.90,0.0338,true,1,2003306
8717163714850,false,"דאב - דאודורנט ספריי לאישה קוקוס ויסמין 150 מ""ל",דאב Dove,,דאב ספריי קוקוס ויסמ,מיליליטרים,150.00,"100 מ""ל",false,,17.90,0.1193,true,1,2104579
8717163842669,false,"דאב - תחליב רחצה חימר ירוק 500 מ""ל",יוניליוור גרמניה,DE,דאב תחליב רחצה חימר,מיליליטרים,500.00,"100 מ""ל",false,,16.90,0.0338,true,1,2130769
8717163842676,false,"דאב - תחליב רחצה חימר ורוד 500 מ""ל",יוניליוור גרמניה Gmb,DE,דאב תחליב רחצה חימר,מיליליטרים,500.00,"100 מ""ל",false,,16.90,0.0338,true,1,2130770
8717644390566,false,סבון מוצק ירוק מלפפון 4* 100 ג' דאב,יוניליוור גרמניה (בו,DE,דאב סבון מוצק פרש טאץ' 40,גרמים,400.00,100 גרם,false,,18.90,0.0472,true,1,1256028
8717677336593,false,טוניס שוקולד חלב 180 גרם רבנות - נוכרי,טוניס Tony's,,שוקולד חלב 180 גרם ט,גרמים,180.00,100 גרם,false,,17.90,0.0994,true,1,2235659
8717677336616,false,טוניס שוקולד מריר+שקדים ומלח 180 גרם רבנות - נוכרי,אלפרד ריטר,NL,שוקולד מריר עם שקדים,גרמים,180.00,100 גרם,false,,17.90,0.0994,true,1,2235660
8717677336630,false,שוקולד חלב מעולה שקדים ודבש 180 גרם,אלפרד ריטר,NL,שוקולד חלב עם שקדים,גרמים,180.00,100 גרם,false,,17.90,0.0994,true,1,2235661
8717677336654,false,טוניס - שוקולד חלב מעולה עם שברי קרמל מלוח,קימס שוקולאטס,NL,שוקולד חלב עם שברי ק,גרמים,180.00,100 גרם,false,,17.90,0.0994,true,1,2264098
8717677336661,false,טוניס שוקולד מריר מעולה 70% 180 גרם רבנות - נוכרי,אלפרד ריטר,NL,שוקולד מריר 70% 180,גרמים,180.00,100 גרם,false,,17.90,0.0994,true,1,2235662
8717677338436,false,טוניס שוקולד חלב+אגוזי לוז 180 גרם רבנות - נוכרי,אלפרד ריטר,NL,שוקולד חלב עם אגוזי,גרמים,180.00,100 גרם,false,,17.90,0.0994,true,1,2235663
8718114734484,false,מיונז מיילי 320 גרם,MAILLE,,מיונז מיילי,גרמים,320.00,100 גרם,false,,15.90,0.0497,true,1,1504639
8718117607662,false,נוטרילון A.R תרכובת מזון מגיל לידה,נוטרילון Nutrilon,,נוטרילון אנטי ריפלוק,גרמים,900.00,100 גרם,false,,99.90,0.1110,true,1,2130064
8718951001589,false,"אגקס ספריי מסיר שומנים במטבח 600 מ""ל",הנסיך- מפעל לייצור ט,GR,אג'קס ספריי רב פעולות,מיליליטרים,600.00,"100 מ""ל",false,,12.90,0.0215,true,1,1312441
8718951001596,false,ספריי לניקוי אמבטיה מסיר אבנית,הנסיך- מפעל לייצור ט,GR,אג'קס ספריי רב פעולות,מיליליטרים,600.00,"100 מ""ל",false,,12.90,0.0215,true,1,1312442
8718951030169,false,משחת שיניים Sensifoam לשיניים רגישות ולהלבנה,קולגייט Colgate,,משחת קולגייט סנסטיב+,מיליליטרים,75.00,"100 מ""ל",false,,14.90,0.1987,true,1,2152311
8718951030206,false,"קולגייט סנסיטיב מולטי פרוטקשן משחת שיניים 75 מ""ל",קולגייט-פלמוליב,PL,משחת קולגייט סנסטיב,מיליליטרים,75.00,"100 מ""ל",false,,14.90,0.1987,true,1,2148340
8718951031241,false,משחת שיניים הגנה מקצ,,,משחת שיניים הגנה מקצ,מיליליטרים,75.00,"100 מ""ל",false,,18.90,0.2520,true,1,2281139
8718951044913,false,מרידול משחת שיניים הלבנה 75 מל,COLGATE PALMOLIVE,DE,מרידול משחת שיניים הליטוז,גרמים,75.00,100 גרם,false,,21.90,0.2920,true,1,1312386
8718951048669,false,אג'קס ספריי לניקוי חלונות בניחוח חגיגת הפרחים,אג'קס Ajax,,אג'קס חלונות טריגרם,מיליליטרים,750.00,"100 מ""ל",false,,12.90,0.0172,true,1,2237240
8718951079205,false,"קולגייט סנסיטיב פרו רליף רפיר פריוונט 75 מ""ל",קולגייט Colgate,,משחת שיניים סנסטיב פ,מיליליטרים,75.00,"100 מ""ל",false,,14.90,0.1987,true,1,1672492
8718951093331,false,מרידול מברשת שיניים אקסטרה סופט זוג,קולגייט פלמוליב,,מברשות שיניים זוג מר,יח',2.00,יח',false,,34.90,17.4500,true,1,1348336
8718951144064,false,מרידול מברשת שיניים פרודונט אקספרט זוג,מרידול Meridol,,זוג מברשות שיניים מר,יח',2.00,יח',false,,34.90,17.4500,true,1,1588271
8718951159808,false,מברשות שיניים 360 מדיום- מארז שלישייה,קולגייט פלמוליב,CN,מברשות שיניים שלישיי,יח',3.00,יח',false,,29.90,9.9667,true,1,1582753
8718951160897,false,תרסיס ניקוי אופטימל 7 מכיל אקונומיקה,קולגייט פלמוליב,GR,א'גקס ספריי עוצמת ה7,מיליליטרים,500.00,"100 מ""ל",false,,12.90,0.0258,true,1,1629078
8718951166288,false,משחת שיניים Max White קריסטלים לבנים,הנסיך- מפעל לייצור ט,PL,משחת שינים מקס וייט,גרמים,125.00,100 גרם,false,,19.90,0.1592,true,1,1921549
8718951166561,false,משחת שיניים לרעננות מוגברת max fresh cooling crystals,הנסיך- מפעל לייצור ט,PL,משחת שינים מקס פרש כ,גרמים,125.00,100 גרם,false,,19.90,0.1592,true,1,1921550
8718951167094,false,פלמוליב כלים צילינדר תפוז ליים 1 ל'.,יבואן ומשווק: ש. שסט,GR,סבון לכלים פלמוליב 1,ליטרים,1.00,ליטר,false,,13.90,13.9000,true,1,1678197
8718951175280,false,"קולגייט משחת שיניים טוטל פרו ויזבל עם קציף 75 מ""ל",קולגייט Colgate,,משחת שיניים קולגייט,מיליליטרים,75.00,"100 מ""ל",false,,14.90,0.1987,true,1,1971366
8718951175631,false,"קולגייט משחת שיניים טוטל פרו גאם 75 מ""ל",קולגייט Colgate,,משחת שיניים קולגייט,מיליליטרים,75.00,"100 מ""ל",false,,14.90,0.1987,true,1,1971367
8718951176874,false,"קולגייט מי פה מיניון 250 מ""ל",קולגייט-פלמוליב,PL,מי פה קולגייט מיניון,מיליליטרים,250.00,"100 מ""ל",false,,16.90,0.0676,true,1,2216127
8718951187115,false,זוג מברשות שיניים אלמקס לילדים גילאי 3-6,אלמקס,,מברשת שיניים זוג ילד,יח',2.00,יח',false,,22.90,11.4500,true,1,2251732
8718951187122,false,זוג מברשות שיניים אלמקס לילדים גילאי 0-3,אלמקס,,מברשת שיניים זוג ילד,יח',2.00,יח',false,,22.90,11.4500,true,1,2251733
8718951222779,false,"מרידול פור משחה לשיניים וחניכיים בריאות 75 מ""ל",קולגייט פלמוליב,PL,מרידול פור משחת שיני,גרמים,75.00,100 גרם,false,,25.90,0.3453,true,1,2131186
8718951236790,false,"קולגייט טוטאל משחת שיניים קלין מינט לפה בריא 100 מ""ל",קולגייט Colgate,PL,משחת שינים קולגייט ט,מיליליטרים,100.00,"100 מ""ל",false,,14.90,0.1490,true,1,1971402
8718951236806,false,"קולגייט טוטאל הלבנה להסרת כתמים מהשן 100 מ""ל",קולגייט Colgate,PL,משחת שיניים קולגייט,מיליליטרים,100.00,"100 מ""ל",false,,14.90,0.1490,true,1,1971389
8718951236813,false,"קולגייט טוטאל משחת שיניים ניקוי מתקדם לפה בריא יותר 100 מ""ל",קולגייט Colgate,PL,משחת שיניים קולגייט,מיליליטרים,100.00,"100 מ""ל",false,,14.90,0.1490,true,1,1971390
8718951240742,false,"קולגייט טוטאל משחת שיניים פסים מרעננים 100 מ""ל",קולגייט Colgate,PL,משחת שינים קולגייט ט,מיליליטרים,100.00,"100 מ""ל",false,,14.90,0.1490,true,1,1971403
8718951254527,false,משחת שיניים רגישות פרו רליף חוזק מוגבר,קולגייט Colgate,PL,משחת שיניים סנסטיב פ,מיליליטרים,75.00,"100 מ""ל",false,,14.90,0.1987,true,1,2123897
8718951259409,false,תחליב פלמוליב נטורלס,קולגייט פלמוליב,TR,סבון נוזלי פלמוליב נ,מיליליטרים,750.00,"100 מ""ל",false,,16.90,0.0225,true,1,2273661
8718951264618,false,"קולגייט אופטיק וייט פחם צ'רקול משחת שיניים, 75 מ""ל",קולגייט-פלמוליב,PL,משחת שינים קולגייט א,מיליליטרים,75.00,"100 מ""ל",false,,24.90,0.3320,true,1,2148961
8718951265103,false,קולגייט מברשת אולטרה סופט זוג,קולגייט פלמוליב,CN,מברשת שיניים קולגייט,יח',2.00,יח',false,,29.90,14.9500,true,1,2123898
8718951281738,false,אלמקס סנסיטיב משחה לשיניים רגישות,אלמקס,,משחת שיניים אלמקס 75,מיליליטרים,75.00,"100 מ""ל",false,,18.90,0.2520,true,1,2156626
8718951286733,false,"קולגייט אופטיק וייט לסטינג וויט 75 מ""ל",קולגייט Colgate,PL,משחת שינים קולגייט א,מיליליטרים,75.00,"100 מ""ל",false,,24.90,0.3320,true,1,2220132
8718951289833,false,פלמוליב סבון מוצק לומינוס 4*90 ג',קולגייט פלמוליב,TR,סבון מוצק רביעייה פל,גרמים,360.00,100 גרם,false,,16.90,0.0469,true,1,2132543
8718951313927,false,"פלמוליב סבון ידיים חימר ואקליפטוס 300 מ""ל",פלמוליב Palmolive,TR,סבון ידיים פלמוליב ח,מיליליטרים,300.00,"100 מ""ל",false,,10.90,0.0363,true,1,2161471
8718951314023,false,"תחליב רחצה אפרסק 750 מ""ל פלמוליב",,,סבון נוזלי פלמוליב א,מיליליטרים,750.00,"100 מ""ל",false,,16.90,0.0225,true,1,2230988
8718951315303,false,משחת שיניים קולגייט הגנה מקסימלית - מארז זוג,קולגייט-פלמוליב,PL,משחת שיניים קולגייט,מיליליטרים,200.00,"100 מ""ל",false,,16.90,0.0845,true,1,2156627
8718951319806,false,פלמוליב לגבר ג'ל רחצה ושמפו מרענן 750 מל,פלמוליב Palmolive,TR,שמפו וג'ל רחצה פלמול,מיליליטרים,750.00,"100 מ""ל",false,,16.90,0.0225,true,1,2138292
8718951320093,false,זוג מברשות 360 אדוונס וויט שיניים קולגייט,קולגייט-פלמוליב,CN,מברשת שיניים קולגייט,יח',2.00,יח',false,,29.90,14.9500,true,1,2156628
8718951333048,false,"פלמוליב סבון לידיים למטבח, 300 מ""ל",הנסיך- מפעל לייצור ט,IT,סבון ידיים פלמוליב ל,מיליליטרים,300.00,"100 מ""ל",false,,8.90,0.0297,true,1,2184328
8718951334069,false,"אגקס טריגר שירותים 500 מ""ל",,,אג'קס טריגר לשירותים,מיליליטרים,500.00,"100 מ""ל",false,,12.90,0.0258,true,1,2258956
8718951338128,false,"ליידי ספיד סטיק רול און שאוור פרש 50 מ""ל",Colgate - Mexico,,דאודורנט רול און שאו,מיליליטרים,50.00,"100 מ""ל",false,,14.90,0.2980,true,1,2214339
8718951338395,false,"אגקס תגריד פיור הום סמבוק שחור 500 מ""ל",,GR,א'גקס טריגא פיור הום,מיליליטרים,500.00,"100 מ""ל",false,,12.90,0.0258,true,1,2169889
8718951345119,false,"אג'קס לניקוי כללי עוצמת 7 היביסקוס, 2 ל'",הנסיך- מפעל לייצור ט,GR,ניקוי כללי אג'קס 2 ל,ליטרים,2.00,ליטר,false,,22.90,11.4500,true,1,2180805
8718951350137,false,תחליב רחצה נטורלס עם,,,סבון נוזלי פלמוליב נ,מיליליטרים,750.00,"100 מ""ל",false,,16.90,0.0225,true,1,2273662
8718951354807,false,אג`קס רצפות ח.הפרחים בר אדום 1.5ל',אג'קס Ajax,,אג'קס חגיגת הפרחים י,ליטרים,1.50,ליטר,false,,14.90,9.9333,true,1,2167906
8718951366015,false,"קולגייט - משחת שיניים אופטיק וויט אקס קומפ 75 מ""ל",,,משחת שיניים להלבנה מ,מיליליטרים,75.00,"100 מ""ל",false,,49.90,0.6653,true,1,2277868
8718951370135,false,"סבון נוזלי ארומה סנסיישן גלואו 750 מ""ל פלמוליב",קולגייט פלמוליב,TR,סבון נוזלי פלמוליב א,מיליליטרים,750.00,"100 מ""ל",false,,16.90,0.0225,true,1,2158500
8718951377998,false,מברשת שיניים סופט פואם סיבים רכים,קולגייט Colgate,,מברשת שיניים קולגייט,יח',2.00,יח',false,,29.90,14.9500,true,1,2179371
8718951381292,false,"משחת שיניים מקס דיטוקס פואם קולגייט 125 מ""ל",קולגייט Colgate,PL,משחת שינים מקס דיטוק,גרמים,125.00,100 גרם,false,,19.90,0.1592,true,1,2180811
8718951382787,false,"משחת שיניים אופטיק וויט חימר ומינרלים 75 מ""ל קולגייט",קולגייט Colgate,PL,משחת שינים קולגייט א,מיליליטרים,75.00,"100 מ""ל",false,,24.90,0.3320,true,1,2236324
8718951385290,false,אגקס לניקוי כללי כחול 2 ל',קולגייט פלמוליב,GR,ניקוי כללי אג'קס 2 ל,ליטרים,2.00,ליטר,false,,22.90,11.4500,true,1,2184329
8718951391284,false,נוזל אנטיבקטריאלי לניקוי כללי ורצפות רעננות הים,אג'קס Ajax,GR,אג'קס אנטי בקטריאלי,ליטרים,1.50,ליטר,false,,21.90,14.6000,true,1,2200663
8718951400474,false,"תחליב רחצה קמליה ושקדים ללא משאבה750 מ""ל פלמולי",,,סבון נוזלי פלמוליב ק,מיליליטרים,750.00,"100 מ""ל",false,,16.90,0.0225,true,1,2259529
8718951409798,false,זוג מברשות שיניים מקס וויט פחם קולגייט,הנסיך- מפעל לייצור ט,CN,זוג מברשות שניים קול,יח',2.00,יח',false,,19.90,9.9500,true,1,2205756
8718951428492,false,"ג'ל רחצה לגבר 4 ב -1 מועשר בפחם פלמוליב 750 מ""ל",CP - Turkey+60,TR,סבון נוזלי פלמוליב ל,מיליליטרים,750.00,"100 מ""ל",false,,16.90,0.0225,true,1,2237241
8718951428522,false,"פלמוליב סבון רחצה לגבר 4 ב-1 המפ 750 מ""ל",CP - Turkey+60,TR,סבון נוזלי פלמוליב ל,מיליליטרים,750.00,"100 מ""ל",false,,16.90,0.0225,true,1,2229117
8718951431614,false,"סבון רחצה סו פירם מינרלים 750 מ""ל פלמוליב",קולגייט פלמוליב,TR,סבון נוזלי פלמוליב ס,מיליליטרים,750.00,"100 מ""ל",false,,16.90,0.0225,true,1,2220133
8718951433120,false,"קולגייט טוטאל ג'וניור 7-12 50 מ""ל",קולגייט פלמוליב,PL,משחת שיניים קולגייט,מיליליטרים,50.00,"100 מ""ל",false,,16.90,0.3380,true,1,2264733
8718951443372,false,סבון ידיים פלמוליב ז,,,סבון ידיים פלמוליב ז,מיליליטרים,900.00,"100 מ""ל",false,,24.90,0.0277,true,1,2278729
8718951443396,false,"סבון ידיים חלב ודבש פלמוליב מארז 3*300 מ""ל",CP UK,TR,סבון ידיים פלמוליב ח,מיליליטרים,900.00,"100 מ""ל",false,,24.90,0.0277,true,1,2216134
8718951461413,false,"קולגייט טוטאל קלין מינט ביטיוב 100 מ""ל*2 כשל""פ",קולגייט פלמוליב,PL,קולגייט טוטל קלין מי,מיליליטרים,200.00,"100 מ""ל",false,,24.90,0.1245,true,1,2245665
8718951461444,false,"זוג משחת שיניים טוטאל הלבנה ביטיו *100 מ""ל קולגייט",קולגייט פלמוליב,PL,קולגייט טוטל הלבנה 1,מיליליטרים,200.00,"100 מ""ל",false,,24.90,0.1245,true,1,2245648
8718951470323,false,קולגייט מברשת סופט פואם פחם 2יח,קולגייט פלמוליב,CN,מברשת שיניים קולגייט,יח',2.00,יח',false,,29.90,14.9500,true,1,2259524
8718951497184,false,תחליב רחצה ים תיכוני,,IT,סבון גוף ים תיכוני 7,מיליליטרים,750.00,"100 מ""ל",false,,16.90,0.0225,true,1,2279137
8718951497207,false,"סבון גוף מועשר בלחות 750 מ""ל פלמוליב",,IT,סבון גוף מועשר בלחות,מיליליטרים,750.00,"100 מ""ל",false,,16.90,0.0225,true,1,2279138
8718951509627,false,"משחת שיניים אופטיק וויט לאוהבי קפה 75 מ""ל קולגייט",קולגייט פלמוליב,PL,משחת שינים קולגייט א,מיליליטרים,75.00,"100 מ""ל",false,,24.90,0.3320,true,1,2251393
8719128110325,false,"סירופ סודה סטרים לימונדה 500 מ""ל",,,"סירופ לימונדה 500 מ""",מיליליטרים,500.00,"100 מ""ל",false,,22.90,0.0458,true,1,1771885
8719128110332,false,"סירופ סודה סטרים אנרגיה 500 מ""ל",סודהסטרים sodastream,,"סירופ אנרגיה 500 מ""ל",מיליליטרים,500.00,"100 מ""ל",false,,22.90,0.0458,true,1,1771867
8719128110387,false,"סירופ דיאט אשכולית אדומה סודה, 500 מ""ל",,,סירופ דיאט אשכולית א,מיליליטרים,500.00,"100 מ""ל",false,,22.90,0.0458,true,1,1771888
8719128117232,false,סירופ פפסי סודה סטרי,סודה סטרים,IL,סירופ פפסי,מיליליטרים,440.00,"100 מ""ל",false,,22.90,0.0520,true,1,2202139
8719128117249,false,"סירופ פפסי מקס – 440 מ""ל",סודה סטרים,IL,סירופ פפסי מקס,מיליליטרים,500.00,"100 מ""ל",false,,22.90,0.0458,true,1,2202140
8719128117256,false,סירופ סבן אפ סודה סט,סודה סטרים,IL,סירופ 7up,מיליליטרים,440.00,"100 מ""ל",false,,22.90,0.0520,true,1,2202141
8719128117263,false,"סירופ מירינדה – 440 מ""ל",סודה סטרים,IL,סירופ מירנדה,מיליליטרים,440.00,"100 מ""ל",false,,22.90,0.0520,true,1,2202142
8719128117294,false,"דיאט – 440 מ""ל 7UPסירופ",סודה סטרים,IL,סירופ 7up זירו,מיליליטרים,440.00,"100 מ""ל",false,,22.90,0.0520,true,1,2202143
8719200998001,false,מרגרינה לאפיה ובישול בלי מלח 200 ג' בלו בנד,מיוצר עי קונדיטוריית,IL,בלובנד בלי מלח 200 ג,גרמים,200.00,100 גרם,false,,4.30,0.0215,true,1,2130515
8719200998018,false,מחמאה מרגרינה בטעם חמאה 200 ג' בלו בנד,פארייפאבה אגרואינדוס,IL,מחמאה בלובנד 200 גרם,גרמים,200.00,100 גרם,false,,4.60,0.0230,true,1,2130516
8719200998032,false,מזולה גלורי טעם חמאה 250ג',פארייפאבה אגרואינדוס,IL,מזולה בטעם חמאה 250,גרמים,250.00,100 גרם,false,,10.90,0.0436,true,1,2130518
8719200998049,false,מרגרינה מזולה בטעם טבעי,פארייפאבה אגרואינדוס,IL,מזולה 250 גרם,גרמים,250.00,100 גרם,false,,9.90,0.0396,true,1,2130519
8719200998094,false,מרגרינה מזולה בטעם טבעי ללא תוספת מלח,"מיוצר ע""י יוניליוור",IL,מזולה לאפיה ללא מלח,גרמים,200.00,100 גרם,false,,6.90,0.0345,true,1,2130524
8719200998100,false,מרגרינה בטעם חמאה לאפייה 200 ג' מזולה,פארייפאבה אגרואינדוס,IL,מזולה לאפיה בטעם חמא,גרמים,200.00,100 גרם,false,,6.90,0.0345,true,1,2130525
8720181046612,false,"דאב - דאודורנט רול און לאישה אורגינל 50 מ""ל",יוניליוור,IL,דאב רולאון אורגינל,מיליליטרים,50.00,"100 מ""ל",false,,17.90,0.3580,true,1,2200711
8720181090202,false,"דאב תחליב רחצה משי 750 מ""ל",,,תחליב רחצה דאב 750 מ,מיליליטרים,750.00,"100 מ""ל",false,,19.90,0.0265,true,1,2185074
8720181123955,false,"אקס - ג'ל רחצה ריצארג קריד 400 מ""ל",אקס Axe,,אקס ג'ל רחצה ריצארג,מיליליטרים,400.00,"100 מ""ל",false,,15.90,0.0398,true,1,2229850
8720182253156,false,דאב רביעיית סבון מוצק ירוק,,,סבון מוצק דאב מלפפונ,גרמים,360.00,100 גרם,false,,16.90,0.0469,true,1,2258632
8720182253194,false,שישייה סבון מוצק דאב,יוניליוור גרמניה (בו,DE,שישייה סבון מוצק דאב,גרמים,540.00,100 גרם,false,,22.50,0.0417,true,1,2262575
8723400756552,false,מארז סוכריות מנטוס Mentos ריינבואו,פרפטי ואן מלה ברדה,NL,מנטוס 1/4 טעמים,גרמים,150.00,100 גרם,false,,10.90,0.0727,true,1,1242057
8723400793922,false,מנטוס גליל בטעם דובדבן אריזת רביעיה 150 ג',פרפטי ואן מלה ברדה,NL,מנטוס 1/4 טעם דובדבן,גרמים,150.00,100 גרם,false,,10.90,0.0727,true,1,2217826
8801055706440,false,מנות אישיות קפה נמס טייסטרס צ'ויס Taster's Choice,נסקפה Nescafe,KR,המוצר שייך ל - ONP,גרמים,36.00,100 גרם,false,,12.90,0.3583,true,1,1224220
8801055707966,false,קפה טייסטר צו'יס נס קפה בריסטה 180ג',נסטלה קוריאה - קפה,IL,טסטרס צ'ויס בריסטה,גרמים,180.00,100 גרם,false,,34.90,0.1939,true,1,1356549
8801055709427,false,נסקפה טייסטרס צ'ויס אלטה ריקה 100 ג',לוטה נסטלה קוריאה,KR,טסטרס צ'ויס אלטה ריק,גרמים,100.00,100 גרם,false,,16.90,0.1690,true,1,2220138
8801055709434,false,קפה נמס טייסטר צ'ויס קולומביה 100 גר',לוטה נסטלה קוריאה,KR,טסטרס צ'ויס קולומביה,גרמים,100.00,100 גרם,false,,16.90,0.1690,true,1,2220139
8801055709458,false,אבקה להכנת משקה קפה בטעם קפוצ'ינו קרמל,נסטלה קוריאה - קפה,,נסקפה קפוצ'ינו קרמל,גרמים,170.00,100 גרם,false,,21.90,0.1288,true,1,2244194
8801055709465,false,אבקה להכנת משקה קפה בטעם קפוצ'ינו וניל,נסטלה קוריאה - קפה,DE,נסקפה קפוצ'ינו וניל,גרמים,185.00,100 גרם,false,,21.90,0.1184,true,1,2244195
8801055709472,false,נסטלה - נסקפה קפוצ'ינו קלאסי 12.50 גרם * 10,נסטלה קוריאה - קפה,DE,נסקפה קפוצ'ינו קלאסי,גרמים,125.00,100 גרם,false,,21.90,0.1752,true,1,2244196
8801055709489,false,אבקה להכנת משקה קפה בטעם קפוצ'ינו אגוזים,נסטלה קוריאה - קפה,,נסקפה קפוצ'ינו אגוזי,גרמים,180.00,100 גרם,false,,21.90,0.1217,true,1,2244197
8802241131664,false,חטיף אצות קלויות עם מלח ים Laverland Crunch,טעמי אסיה Taste of Asia,,חטיף אצות ים,גרמים,40.50,100 גרם,false,,24.90,0.6148,true,1,1540491
8850006331699,false,קולגייט מברשת שיניים סלים סופט שלישיה,קולגייט פלמוליב,,מברשות שיניים שלישיי,יח',3.00,יח',false,,29.90,9.9667,true,1,1833105
8850006932964,false,מארז מברשות שיניים טוויסטר קולגייט חמישייה,קולגייט פלמוליב,VN,חמישיית מברשות שיניי,יח',5.00,יח',false,,29.90,5.9800,true,1,2187486
8850025000026,false,"משקה מי קוקוס 1000 מ""ל -ללא גלוטן",,,משקה מי קוקוס 1 ליטר,ליטרים,1.00,ליטר,false,,16.90,16.9000,true,1,1411044
8850161160851,false,מי קוקוס קוקו מקס 35,טויו סייקאן קו.אל.טי,TH,מי קוקוס קוקו מקס 35,מיליליטרים,350.00,"100 מ""ל",false,,8.90,0.0254,true,1,2110126
8850161161247,false,מי קוקוס קוקו מקס 1,קוקו מקס Cocomax,,מי קוקוס קוקו מקס 1,ליטרים,1.00,ליטר,false,,14.90,14.9000,true,1,2110127
8850161167041,false,חלק קוקוס קוקו וואי,טויו טייקאן קו.אל.טי,TH,חלב קוקוס קוקו וואי,מיליליטרים,270.00,"100 מ""ל",false,,7.90,0.0293,true,1,2110128
8850161167089,false,חלב קוקוס קוקו וואי 1 ל',קוקו וואי Cocoway,,חלב קוקוס קוקו וואי,ליטרים,1.00,ליטר,false,,14.90,14.9000,true,1,2110129
8850372000472,false,מקלוני שעועית תאילנד,טעמי אסיה Taste of Asia,CN,מקלוני שעועית תאילנדי 20,גרמים,200.00,100 גרם,false,,8.90,0.0445,true,1,1257697
8850389103111,false,"סאפה אלוורה ענבים 300מ""ל",סאפה פובליק קומפני ל,TH,סאפה משקה ענבים 300,מיליליטרים,300.00,"100 מ""ל",false,,6.50,0.0217,true,1,1224274
8850389103128,false,"סאפה אלוורה תפוח 300מ""ל",סאפה פובליק קומפני ל,TH,סאפה משקה תפוח 300 מ,מיליליטרים,300.00,"100 מ""ל",false,,6.50,0.0217,true,1,1224275
8850389103159,false,"משקה ליצ'י עם חתיכות גלי קוקוס 320 מ""ל מוגו מוגו",סאפה פובליק קומפני ל,TH,מוגו מוגו ליצ'י עם ח,גרמים,320.00,100 גרם,false,,6.90,0.0216,true,1,2254287
8850389104637,false,"סאפה אלוורה בטעם אפרסק 300 מ""ל",סאפה פובליק קומפני ל,TH,סאפה משקה אפרסק 300,מיליליטרים,300.00,"100 מ""ל",false,,6.50,0.0217,true,1,1224276
8850389105825,false,סאפה אלוורה ענבים 1ליטר,סאפה פובליק קומפני ל,TH,סאפה משקה אלוורה ענב,ליטרים,1.00,ליטר,false,,12.90,12.9000,true,1,1224277
8850389105849,false,משקה אלוורה בטעם אפרסק,סאפה פובליק קומפני ל,TH,סאפה משקה אלוורה אפר,ליטרים,1.00,ליטר,false,,12.90,12.9000,true,1,1224279
8850389111352,false,"משקה מלון עם חתיכות גלי קוקוס 320 מ""ל מוגו מוגו",סאפה פובליק קומפני ל,TH,מוגו מוגו מלון עם חת,גרמים,320.00,100 גרם,false,,6.90,0.0216,true,1,2254288
8850389115312,false,"סאפה אלוורה מלון 300 מ""ל",סאפה פובליק קומפני ל,TH,משקה סאפה מלון 300 מ,מיליליטרים,300.00,"100 מ""ל",false,,6.50,0.0217,true,1,1786735
8850632604259,false,חיספוסים ממתק בטעם תות שדה בצורת מקלות,ג'נרל קנדי בעמ,TH,ממתק חמוץ מקלות בטעם,גרמים,50.00,100 גרם,false,,4.90,0.0980,true,1,1242061
8850632604266,false,יוגטה מקלות חמוצות בטעם קולה 50 גרם 24 יח',ג'נרל קנדי בעמ,TH,ממתק חמוץ מקלות בטעם,גרמים,50.00,100 גרם,false,,4.90,0.0980,true,1,1242062
8850632604372,false,יוגטה מקלות חמוצות שטיח - תות שדה 50 גרם,ג'נרל קנדי בעמ,TH,ממתק חמוץ שטיח בטעם,גרמים,50.00,100 גרם,false,,4.90,0.0980,true,1,1242063
8850632604402,false,יוגטה מקלות חמוצות שטיח בטעם מעורב24 יח',"ג'נרל קנדי בע""מ",TH,ממתק חמוץ שטיח בטעם,גרמים,50.00,100 גרם,false,,4.90,0.0980,true,1,1242064
8850632605201,false,חיספוסים ממתק בטעמי פירות בצורת שטיח,הדקלאים אגודת שיתופי,TH,ממתק חמוץ מקלות בטעם,גרמים,50.00,100 גרם,false,,4.90,0.0980,true,1,1242065
8850632606390,false,חיספוסים ממתק חמוץ בטעם אבטיח בצורת שטיח,ג'נרל קנדי בעמ,TH,יוגטה חיספוסים בטעם,גרמים,50.00,100 גרם,false,,4.90,0.0980,true,1,1242068
8850851700381,false,ספוג לתינוק רך במיוחד,טוליפס Tulips,,ספוג לתינוק רך במיוח,יחידה,0.00,יחידה,false,,11.90,0.0000,true,1,1237974
8851251000200,false,מסננת אנטיבקטריאלי,,,מסננת אנטיבקטריאלי,יחידה,0.00,יחידה,false,,6.90,0.0000,true,1,2147900
8851251000255,false,מסננת אנטיבקטריאלי,,,מסננת אנטיבקטריאלי,יחידה,0.00,יחידה,false,,9.90,0.0000,true,1,2147901
8851251060822,false,סופרלוק זכוכית עגול,,,סופרלוק זכוכית עגול,יחידה,0.00,יחידה,false,,24.90,0.0000,true,1,2147908
8851251060884,false,סופרלוק זכוכית מלבן,,,סופרלוק זכוכית מלבן,יחידה,0.00,יחידה,false,,16.90,0.0000,true,1,2147911
8851251096302,false,קופסת מידה עגולה,,,קופסת מידה עגולה,יחידה,0.00,יחידה,false,,6.90,0.0000,true,1,2170768
8851251096333,false,קופסת מידה עגולה,,,קופסת מידה עגולה,יחידה,0.00,יחידה,false,,9.90,0.0000,true,1,2170771
8852633119039,false,אסיה רוטב דגים 300 מ,טעמי אסיה Taste of Asia,,רוטב דגים,גרמים,300.00,100 גרם,false,,7.90,0.0263,true,1,1377409
8852633119077,false,רוטב דגים 700 מל,,,רוטב דגים,מיליליטרים,700.00,"100 מ""ל",false,,10.90,0.0156,true,1,1377410
8853602001263,false,קמח אורז דביק 500 גר,lhian thai rice verm,CN,קמח אורז דביק כשר,גרמים,500.00,100 גרם,false,,7.90,0.0158,true,1,1257701
8853662056098,false,סריראצה רוטב צילי חר,,,רוטב סריראצ'ה צילי ח,מיליליטרים,455.00,"100 מ""ל",false,,24.90,0.0547,true,1,2256666
8853662056661,false,רוטב סריראצה מיו 455,,,רוטב סריראצ'ה מיו,מיליליטרים,455.00,"100 מ""ל",false,,24.90,0.0547,true,1,1950021
8853662056982,false,"רוטב סריראצ'ה צ'ילי ירוק חריף 455 מ""ל",,,רוטב סריראצ'ה צ'ילי,מיליליטרים,455.00,"100 מ""ל",false,,24.90,0.0547,true,1,1950022
8853662060316,false,סריראצה רוטב צילי חר,,,רוטב סריראצ'ה חריף,מיליליטרים,455.00,"100 מ""ל",false,,24.90,0.0547,true,1,2256667
8853662060385,false,"רוטב סריראצ'ה שחור רוטב על בסיס צ'ילי 455 מ""ל",,,רוטב סריראצ'ה שחור,מיליליטרים,455.00,"100 מ""ל",false,,24.90,0.0547,true,1,2256668
8858744800019,false,ממרח קארי ירוק 50 גר,קנוקוואן פוד פרודקטס,TH,ממרח קארי ירוק 50 גר' כשר,גרמים,50.00,100 גרם,false,,5.90,0.1180,true,1,1257703
8858744800064,false,ממרח קארי אדום 50 גר,קנוקוואן פוד פרודקטס,TH,מחית קארי אדום 50 גר' כשר,גרמים,50.00,100 גרם,false,,5.90,0.1180,true,1,1257706
8858744800088,false,ממרח קארי מסאמן 50 ג,קנוקוואן פוד פרודקטס,,מחית קארי סמאמן,גרמים,50.00,100 גרם,false,,5.90,0.1180,true,1,1257707
8858744800149,false,תערובת חמשת התבלינים,קנוקוואן פוד פרודקטס,,תערובת חמשת תבלינים,יחידה,0.00,יחידה,false,,7.90,0.0000,true,1,1257709
8886303210504,false,רוטב קארה קרם קוקונט,ג'ומא,ID,קארה קרם קוקונט 24%,מיליליטרים,500.00,"100 מ""ל",false,,14.90,0.0298,true,1,2135272
8886303210542,false,רוטב קארה קרם קוקונט,ג'ומא,ID,קארה קרם קוקונט 17%,גרמים,400.00,100 גרם,false,,9.90,0.0248,true,1,2135273
8888021200256,false,סוללות אנרגייזר שמינ,יצרן: אנרג'ייזר סינג,SG,סוללות ENERGIZER 1X8 AA M,יח',8.00,יח',false,,22.90,2.8625,true,1,1266688
8888021200720,false,סוללת אנרגייזר שמיני,יצרן: אנרג'ייזר סינג,SG,סוללות ENERGIZER 1X8 *AAA,יח',8.00,יח',false,,22.90,2.8625,true,1,1266689
8888351100011,false,טופו במרקם משי,,,טופו במרקם משי,גרמים,300.00,100 גרם,false,,10.90,0.0363,true,1,1303799
8888351100073,false,טופו במרקם דחוס,יוניקורד Unicurd,,טופו במרקם דחוס,גרמים,300.00,100 גרם,false,,10.90,0.0363,true,1,1303801
8888351200070,false,טופו במרקם קשה 400 מ,יוניקורד Unicurd,,טופו במרקם קשה 400 מ,גרמים,400.00,100 גרם,false,,15.90,0.0398,true,1,1303803
8888351200124,false,טופו במרקם קשה,,,טופו במרקם קשה,גרמים,1200.00,100 גרם,false,,25.90,0.0216,true,1,1377461
8901138500306,false,משחת שיניים איורודית עם פלואוריד מן הטבע,הימלאיה Himalaya,IN,הימלאיה משחת שיניים 100 ג,גרמים,100.00,100 גרם,false,,17.90,0.1790,true,1,1224469
8901138511784,false,"הימלאיה - תרחיץ פנים ללא סבון 150 מ""ל",,,תרחיץ פנים ללא סבון,מיליליטרים,150.00,"100 מ""ל",false,,17.90,0.1193,true,1,1775979
8901138825577,false,"משחת שיניים הימלאיה להגנה מושלמת 75 מ""ל",הימלאיה Himalaya,IN,הימלאיה משחת שיניים להגנה,מיליליטרים,75.00,"100 מ""ל",false,,17.90,0.2387,true,1,1295231
8901138825591,false,"משחת שיניים הימלאיה מלבינה 75 מ""ל",הימלאיה Himalaya,IN,הימלאיה משחת שיניים מלבינ,מיליליטרים,75.00,"100 מ""ל",false,,17.90,0.2387,true,1,1295232
8901537024014,false,"אורז בסמטי מובחר 1 ק""ג - דוואט) יורה דיעה",הנסיך- מפעל לייצור ט,IN,אורז בסמטי מובחר 1 DAAWAT,קילוגרמים,1.00,"ק""ג",false,,12.90,12.9000,true,1,1226729
8901537076679,false,"אורז בסמטי חום מלא 1 ק""ג דאוואט",האי נאם סי או אל.טי.,IN,אורז בסמטי חום מלא 1,קילוגרמים,1.00,"ק""ג",false,,12.90,12.9000,true,1,1766143
8904228165942,false,עט 0.7 ראש סיכה Cell,,,עט 0.7 ראש סיכה Cell,יחידה,0.00,יחידה,false,,4.90,0.0000,true,1,2155331
8904228165980,false,עט 0.7 ראש סיכה Cell,,,עט 0.7 ראש סיכה Cell,יחידה,0.00,יחידה,false,,4.90,0.0000,true,1,2155332
8960360022758,false,תמצית טבעית בטעם רום,Bakto Flavors LLC,US,תמצית טבעית בטעם רום,מיליליטרים,29.00,"100 מ""ל",false,,29.90,1.0310,true,1,1274721
8997206332016,false,סוכר קוקוס אורגני Co Co Sugar,,,סוכר קוקוס אורגני 45,גרמים,454.00,100 גרם,false,,21.90,0.0482,true,1,1808443
9000100590693,false,"סאיוס - מוס לשיער לייצוב מקסימלי 250 מ""ל",,,מוס לשיער סאיוס,מיליליטרים,250.00,"100 מ""ל",false,,19.90,0.0796,true,1,1238821
9000100591058,false,"סאיוס - ג'ל לשיער לייצוב מקסימלי 250 מ""ל",הנקל סוד,DE,סאיוס ג'ל לשיער לייצוב מק,מיליליטרים,250.00,"100 מ""ל",false,,14.90,0.0596,true,1,1238823
9000100760591,false,"פה - דאודורנט רול און לגבר אינוויזיבל פאוואר 50 מ""ל",,,דאודורנט פה רול-און,מיליליטרים,50.00,"100 מ""ל",false,,9.90,0.1980,true,1,1731608
9000100806657,false,"פה - דאודורנט רול און לאישה בלתי נראה 50 מ""ל",הנקל סוד,DE,פה דאודורנט רולאון אינווי,מיליליטרים,50.00,"100 מ""ל",false,,9.90,0.1980,true,1,1238828
9000100843256,false,גליס תמציות שמן 6 פעולות Miracles Oil Essence,שוורצקוף Schwarzkopf,DE,גליס שמן לשיער קופסא זהב,מיליליטרים,150.00,"100 מ""ל",false,,24.90,0.1660,true,1,1238831
9000101372878,false,קפסולות דיסקס לניקוי כביסה לבנה וצבעונית Deep Clean,פרסיל Persil,HU,פרסיל דיסקס לכביסה ל,יח',22.00,יח',false,,34.90,1.5864,true,1,2203521
9000101375268,false,ברף סבון אסלה בניחוח,,,ברף סבון אסלה בניחוח,גרמים,150.00,100 גרם,false,,16.90,0.1127,true,1,2277509
9000101375299,false,ברף סבון אסלה בניחוח,,,ברף סבון אסלה בניחוח,גרמים,150.00,100 גרם,false,,16.90,0.1127,true,1,2277504
9000101380255,false,דיסקס לכביסה ניקיון הגייני 22 יח' פרסיל,פרסיל Persil,,פרסיל דיסקס לכביסה ע,יח',22.00,יח',false,,34.90,1.5864,true,1,2220940
9000101418163,false,"סבון אסלה בניחוח מתחלף תפוח ירוק נופר, 3 יחידות",ברף Bref,,ברף בניחוח מתחלף תפו,גרמים,150.00,100 גרם,false,,16.90,0.1127,true,1,2252442
9000101509069,false,ברף - סבון אסלה ג'ל גשם אביב שלשות,,,ברף סבון אסלה בניחוח,גרמים,126.00,100 גרם,false,,16.90,0.1341,true,1,2277510
9000101509151,false,ברף - סבון אסלה ג'ל אוקיינוס הקרח הצפוני שלשות,,,ברף סבון אסלה בניחוח,גרמים,126.00,100 גרם,false,,16.90,0.1341,true,1,2277511
9000101511635,false,קפסולות ג'ל לכביסה פרסיל דיסקס לעור רגיש,פרסיל Persil,HU,פרסיל דיסקס לכביסה ל,יח',22.00,יח',false,,34.90,1.5864,true,1,2235187
9000101520965,false,"סבון אסלה בניחוח מתחלף לוטוס עדין במבוק, 3 יחידות",ברף Bref,,ברף בניחוח מתחלף לוט,גרמים,150.00,100 גרם,false,,16.90,0.1127,true,1,2262019
9000101537550,false,פרסיל קאפסולות לכביסה לבנה וצבעונית 52 יח',הנקל סוד,HU,פרסיל קאפסולות ג'ל 5,יח',52.00,יח',false,,59.90,1.1519,true,1,2260805
9000101537581,false,פרסיל קאפסולות לכביסה צבעונית 52 יחידו,הנקל סוד,HU,פרסיל קאפסולות ג'ל 5,יח',52.00,יח',false,,59.90,1.1519,true,1,2262014
9000101548419,false,קולור קאצ`ר דפים למכונת לכביסה מחדש צבע לבן 18 יח',הנקל סוד,IE,דפים למכונה כביסה קו,יח',18.00,יח',false,,14.90,0.8278,true,1,2278463
9001616202100,false,זוג מוצצי סיליקון לאב אנד אפקשן 6+,,,זוג מוצצי MAM +6,יחידה,0.00,יחידה,false,,34.90,0.0000,true,1,1248681
9001616202445,false,זוג מוצצי סיליקון כיתובים 0-6,,,זוג מוצצי MAM 0-6,יחידה,0.00,יחידה,false,,34.90,0.0000,true,1,1248691
9001616203305,false,זוג פטמות X לבקבוק 6+ חודשים,מאם Mam,,פטמה X,יח',2.00,יח',false,,24.90,12.4500,true,1,1248693
9001616203350,false,פטמה מס' 1 זרימה איטית,,,פטמה מס' 1 MAM,יחידה,0.00,יחידה,false,,24.90,0.0000,true,1,1248696
9001616203367,false,פטמה מס' 2 זרימה בינונית,,,פטמה מס' 2 MAM,יחידה,0.00,יחידה,false,,24.90,0.0000,true,1,1248697
9001616203626,false,פטמה מס' 3 זרימה מהירה,,,פטמה מס' 3 MAM,יחידה,0.00,יחידה,false,,24.90,0.0000,true,1,1248698
9001616661099,false,"בקבוק לתינוק 270 מ""ל 2+ חודשים Easy Active",מאם Mam,,"בקבוק 270מ""ל MAM",יחידה,0.00,יחידה,false,,34.90,0.0000,true,1,1248704
9001616669927,false,"בקבוק לתינוק 260 מ""ל",מאם Mam,,"בקבוק MAM 260 מ""ל",יחידה,0.00,יחידה,false,,34.90,0.0000,true,1,1248706
9001616671579,false,זוג מוצצי סיליקון 0-6 חודשים Air,מאם Mam,,זוג מוצצים 0-6 MAM,יחידה,0.00,יחידה,false,,34.90,0.0000,true,1,1293434
9001616676406,false,בקבוק אנטי קוליק 320 BOY,,,בקבוק 320מל MAM,יחידה,0.00,יחידה,false,,34.90,0.0000,true,1,1752692
9001616680991,false,"בקבוק אנטי קוליק 260 מ""ל - תכלת",מאם Mam,,בקבוק אנטי קוליק 260,יחידה,0.00,יחידה,false,,34.90,0.0000,true,1,1905138
9001616681363,false,"בקבוק אנטי קוליק 160 מ""ל ורוד",,,בקבוק אנטי קוליק 260,יחידה,0.00,יחידה,false,,34.90,0.0000,true,1,1905139
9001616682216,false,"בקבוק אנטי קוליק 160 מ""ל",,,בקבוק אנטי קוליק 160,יחידה,0.00,יחידה,false,,34.90,0.0000,true,1,1905140
9001616692857,false,"בקבוק אימון 220 מ""ל",,,"בקבוק אימון 220 מ""ל",יחידה,0.00,יחידה,false,,34.90,0.0000,true,1,1752693
9001616702686,false,זוג מוצצי סיליקון כיתובים 0-6 ורוד,,,זוג מוצצים סיליקון 0,יחידה,0.00,יחידה,false,,34.90,0.0000,true,1,1905150
9001616702730,false,זוג מוצצים סיליקון 6,,,זוג מוצצים סיליקון 6,יחידה,0.00,יחידה,false,,34.90,0.0000,true,1,1905155
9001616702747,false,זוג מוצצים סיליקון 6,,,זוג מוצצים סיליקון 6,יחידה,0.00,יחידה,false,,34.90,0.0000,true,1,1905156
9001616702761,false,זוג מוצצים סיליקון 6,,,זוג מוצצים סיליקון 6,יחידה,0.00,יחידה,false,,34.90,0.0000,true,1,1905158
9001616702785,false,זוג מוצצים סיליקון 6,,,זוג מוצצים סיליקון 6,יחידה,0.00,יחידה,false,,34.90,0.0000,true,1,1905160
9001616702822,false,זוג מוצצי סיליקון קליר 6+ ורוד,,,זוג מוצצים סיליקון 6,יחידה,0.00,יחידה,false,,34.90,0.0000,true,1,1905164
9001616702839,false,סיליקון דגם רוקנרול,,AU,זוג מוצצים סיליקון 6,יחידה,0.00,יחידה,false,,34.90,0.0000,true,1,1905165
9001616702846,false,זוג מוצצים איר 0-6 ס,,,זוג מוצצים איר 0-6 ס,יחידה,0.00,יחידה,false,,34.90,0.0000,true,1,1905166
9001616702877,false,זוג מוצצי סיליקון 16+ ורוד,,,זוג מוצצים סיליקון 1,יחידה,0.00,יחידה,false,,34.90,0.0000,true,1,1905169
9001616702921,false,בקבוק אנטי קוליק 260 UNISEX,,,בקבוק אנטי קוליק 260,יחידה,0.00,יחידה,false,,34.90,0.0000,true,1,1905172
9001616702938,false,בקבוק אנטי קוליק 320 GIRL,,,בקבוק אנטי קוליק 320,יחידה,0.00,יחידה,false,,34.90,0.0000,true,1,1905173
9001616702945,false,מאם בקבוק אנטי קוליק 320 UNISEX,,,בקבוק אנטי קוליק 320,יחידה,0.00,יחידה,false,,34.90,0.0000,true,1,1905174
9001616702969,false,"בקבוק תינוק 270 מ""ל סגול",,,"בקבוק תינוק 270 מ""ל",יחידה,0.00,יחידה,false,,34.90,0.0000,true,1,1905176
9001616702983,false,"בקבוק לתינוק, 330 מ""ל",,AU,"בקבוק תינוק 330 מ""ל",יחידה,0.00,יחידה,false,,34.90,0.0000,true,1,1905178
9001616703010,false,"בקבוק תינוק 330 מ""ל ורוד",,,"בקבוק תינוק 330 מ""ל",יחידה,0.00,יחידה,false,,34.90,0.0000,true,1,1905180
9001616703232,false,מחזיק מוצץ - יוניסקס,,,מחזיק מוצץ - יוניסקס,יחידה,0.00,יחידה,false,,24.90,0.0000,true,1,1905194
9002975393812,false,סוכריות הריבו האפי צ,Unknown,,סוכריות הריבו האפי צ,גרמים,70.00,100 גרם,false,,6.90,0.0986,true,1,2180252
9002975393829,false,סוכריות הריבו פיצ'ס,Unknown,,סוכריות הריבו פיצ'ס,גרמים,70.00,100 גרם,false,,6.90,0.0986,true,1,2180253
9002975393836,false,סוכריות הריבו האפי ק,"האריבו , ג'י.אם.בי.א",AT,סוכריות הריבו האפי ק,גרמים,70.00,100 גרם,false,,6.90,0.0986,true,1,2180254
9002975393843,false,סוכריות הריבו גולדבר,"האריבו , ג'י.אם.בי.א",AT,סוכריות הריבו גולדבר,גרמים,70.00,100 גרם,false,,6.90,0.0986,true,1,2180255
9002975393850,false,סוכריות גומי בטעמי פ,"האריבו , ג'י.אם.בי.א",AT,סוכריות הריבו וורמס,גרמים,70.00,100 גרם,false,,6.90,0.0986,true,1,2180256
9003400393032,false,בירה הל שטיגל בפחית,,,בירה הל שטיגל בפחית,מיליליטרים,500.00,"100 מ""ל",false,,8.90,0.0178,true,1,2250739
9003402660088,false,פחית בירה שטיגל גולדברו Goldbrau,שטיגל Stiegl,LV,בירה שטיגל גולדבראו,מיליליטרים,500.00,"100 מ""ל",false,,8.90,0.0178,true,1,1844210
9005800317007,false,ניוואה סקראב אורז עור רגיל אוכמניות 75מל,,,פילינג רייס לעור רגי,מיליליטרים,75.00,"100 מ""ל",false,,19.90,0.2653,true,1,2188721
9005800317014,false,"ניוואה סקראב אורז עור עדין פטל 75 מ""ל",,,פילינג רייס לעור יבש,מיליליטרים,75.00,"100 מ""ל",false,,19.90,0.2653,true,1,2188722
9005800343143,false,"ניוואה מן אפטר-שייב קול קיק פרש 100 מ""ל",,,ניוואה באלם רגיש 100,מיליליטרים,100.00,"100 מ""ל",false,,49.90,0.4990,true,1,2216563
9005835312732,false,"קלרו נוזל הברקה למדיח כלים 500 מ""ל CLARO",יעקבי,AT,נוזל הברקה למדיח קלר,מיליליטרים,500.00,"100 מ""ל",false,,19.90,0.0398,true,1,2168965
9005835312756,false,"קלרו ניקוי יסודי למדיח כלים 250 מ""ל CLARO",יעקבי,AT,מנקה מדיח קלרו,מיליליטרים,250.00,"100 מ""ל",false,,14.90,0.0596,true,1,2168966
9008700111546,false,נקטר דובדבן חמוץ Happy Day,Rauch fruchtsafte gm,,נקטר דובדבן חמוץ,ליטרים,1.00,ליטר,false,,11.90,11.9000,true,1,1254298
9044400826861,false,סוכריות פז מילוי בטע,,,סוכריות פז למילוי,גרמים,82.00,100 גרם,false,,9.90,0.1207,true,1,2272399
9044400851672,false,סוכריות פז סוגים שונים + 3 מילויים,פז פרודוקשיין,HU,סוכריית פז פו הדב,גרמים,25.50,100 גרם,false,,12.90,0.5059,true,1,2251921
9044400885578,false,סוכריות פז בטעם פירות 82 ג',,,סוכריות פז למילוי,גרמים,82.00,100 גרם,false,,9.90,0.1207,true,1,2261727
9120025834723,false,חטיף אוראו מצונן 120 גרם רבנות,בובארד איטליה אס.פי.,IT,חטיף אוראו מצונן 120,גרמים,120.00,100 גרם,false,,13.90,0.1158,true,1,2264622
9120025839896,false,חטיף מילקה מצונן 128 גר',בובארד איטליה אס.פי.,IT,חטיף מילקה מצונן 128,גרמים,128.00,100 גרם,false,,13.90,0.1086,true,1,2265630
9120097310583,false,"חטיף שוקו בננה מיניונים מצונן, 108 גרם",בובארד איטליה אס.פי.,IT,חטיף שוקו בננה מיניו,גרמים,108.00,100 גרם,false,,13.90,0.1287,true,1,2264624
9300601301317,false,מברשת כלים פלסטיק,,,מברשת כלים פלסטיק,יחידה,0.00,יחידה,false,,6.90,0.0000,true,1,2218876
9310072028743,false,טים טם Tim Tam וופל שוקולד קלאסי,"ארנוטס ביסקוויטס בע""",AU,וופל טים טם שוקולד 2,גרמים,200.00,100 גרם,false,,15.90,0.0795,true,1,1351455
9310072028750,false,טים טם Tim Tam וופל שוקולד ציפוי כפול,"ארנוטס ביסקוויטס בע""",AU,וופל טים טם שוקולד 2,גרמים,200.00,100 גרם,false,,15.90,0.0795,true,1,1347589
9310714206119,false,שוורצקופף - ג'ל צביעה לגבר חום בהיר,הנקל סוד,DE,מן פרפקט ג'ל צבע לגבר קיט,מיליליטרים,40.00,"100 מ""ל",false,,49.90,1.2475,true,1,1238834
9310714206126,false,שוורצקופף - ג'ל צביעה לגבר חום בינוני,הנקל סוד,DE,מן פרפקט ג'ל צבע לגבר קיט,מיליליטרים,40.00,"100 מ""ל",false,,49.90,1.2475,true,1,1238835
9310714206140,false,שוורצקופף - ג'ל צביעה לגבר חום שחור,הנקל סוד,DE,מן פרפקט ג'ל צבע לגבר קיט,מיליליטרים,40.00,"100 מ""ל",false,,49.90,1.2475,true,1,1238837
9312931720300,false,סכיני גילוח שיק אינטואישן,שיק Schick,,סכיני גילוח שיק אינט,יח',3.00,יח',false,,29.90,9.9667,true,1,1807554
9322969000015,false,פריכיות תירס בטעם אורגינל ריל פודס 150 ג',אף.סי תבליני בגליל ב,AU,פריכיות תירס - 150ג' בטעם,גרמים,150.00,100 גרם,false,,10.90,0.0727,true,1,1266692
9322969000022,false,פריכיות תירס עם סויה וזרעי פשתן ללא גלוטן,אף.סי תבליני בגליל ב,AU,פריכיות תירס - 150ג' עם ס,גרמים,150.00,100 גרם,false,,10.90,0.0727,true,1,1266693
9322969000039,false,פריכיות תירס עם 4דגנים מלאים 150ג',,AU,פריכיות תירס,גרמים,150.00,100 גרם,false,,10.90,0.0727,true,1,1897623
9322969000046,false,פריכיות תירס שומשום אורגני ריל פודס 150 ג',אף.סי תבליני בגליל ב,AU,פריכיות תירס אורגניות - 1,גרמים,125.00,100 גרם,false,,10.90,0.0872,true,1,1266694
9322969000053,false,פריכיות אורז מלא 150 ג' RICE THINS,סנו מפעלי ברונוס.,IT,פריכיות אורז מלא 150,גרמים,150.00,100 גרם,false,,10.90,0.0727,true,1,2234857
9720188050109,false,טופוטי ממרח טופו בטעם גבינה 227 ג`,טופוטי ברנדס אינק.ג',IL,טופוטי - ממרח טופו בטעם ג,גרמים,225.00,100 גרם,false,,19.90,0.0884,true,1,1243984
9720205590009,false,חולצה מכופסרת צבעוני,,,חולצה מכופסרת צבעוני,יחידה,0.00,יחידה,false,,39.90,0.0000,true,1,2220551
9720205600013,false,חולצה מכופתרת צבעוני,,,חולצה מכופתרת צבעוני,יחידה,0.00,יחידה,false,,39.90,0.0000,true,1,2248710
9771565038357,false,עיתון ידיעות אחרונות,,,עיתון יום חול ידיעות,יחידה,0.00,יחידה,false,,5.00,0.0000,true,1,1807480
