code,internal_code,name,manufacturer_name,manufacture_country,manufacturer_item_description,unit_qty,quantity,unit_of_measure,weighted,qty_in_package,price,unit_of_measure_price,allow_discount,status,item_id
14,true,נילוס 200 גר,ישרא גל דברי מזון,,,יח`,1,,false,1,15.60,15.60,false,1,
319,true,תו סיבוס פטור מעמ,ספקים שונים,,,יח`,1,,false,1,0.01,0.01,false,1,
321,true,תן ביס פטור מעמ,ספקים שונים,,,יח`,1,,false,1,0.01,0.01,false,1,
600,true,סנדוויץ`עובד,קבוצת אסם סחר שות. מוגבלת,,,יח`,1,,false,1,3,3,false,1,
2001,true,אשכולית,פירות בני דרור בעמ,,,"ק""ג",1,,true,1,6.90,6.90,false,1,
2002,true,אשכולית אדומה,תעשיות תוצרת חקלאית אביטן בני,,,"ק""ג",1,,true,1,6.90,6.90,false,1,
2003,true,אבוקדו,גליל שוק מקומי אגשח*שיק ל60 יו,,,"ק""ג",1,,true,1,9.90,9.90,false,1,
2006,true,ארטישוק,אנונה שיווק בעמ*שיק 45 יום*,,,"ק""ג",1,,true,1,29.90,29.90,false,1,
2007,true,בטטה,משק כרמי ייצור ושיווק תוצרת*שי,,,"ק""ג",1,,true,1,9.90,9.90,false,1,
2009,true,בננות,גליל שוק מקומי אגשח*שיק ל60 יו,,,"ק""ג",1,,true,1,6.90,6.90,false,1,
2010,true,בצל יבש,רביבו יהודה חקלאות ונכסים בעמ,,,"ק""ג",1,,true,1,5.90,5.90,false,1,
2012,true,אננס,פירות הכרמל אגשח בעמ*שיק 45 יו,,,יח`,1,,false,1,40,40,false,1,
2013,true,גויאבה,אלדד קליימן שיווק בעמ*שיק 40 י,,,"ק""ג",1,,true,1,12.90,12.90,false,1,
2015,true,דלעת,שוסטר תעשיות מזון בעמ*שיק ל 60,,,"ק""ג",1,,true,1,9.90,9.90,false,1,
2016,true,דלורית,שוסטר תעשיות מזון בעמ*שיק ל 60,,,"ק""ג",1,,true,1,7.90,7.90,false,1,
2017,true,תפוח זהוב,בראשית - אגודה שיתופית*שיק 45,,,"ק""ג",1,,true,1,10.90,10.90,false,1,
2019,true,חסה עגולה,הירוקים של רצון בעמ,,,יח`,1,,false,1,5.90,5.90,false,1,
2020,true,חסה רגילה,הירוקים של רצון בעמ,,,יח`,1,,false,1,5.90,5.90,false,1,
2021,true,חצילים,שיווק העשור ירקות הזהב*שיק 30,,,"ק""ג",1,,true,1,8.90,8.90,false,1,
2022,true,ירק,א.אדמה (2007) בעמ,,,יח`,1,,false,1,3.90,3.90,false,1,
2024,true,כרוב לבן,תעשיות תוצרת חקלאית אביטן בני,,,"ק""ג",1,,true,1,4.90,4.90,false,1,
2025,true,כרובית,ד.ע. ימין גידול ושיווק ירקות*ש,,,"ק""ג",1,,true,1,8.90,8.90,false,1,
2027,true,לימון,גליל שוק מקומי אגשח*שיק ל60 יו,,,"ק""ג",1,,true,1,9.90,9.90,false,1,
2028,true,מלפפון,נסים מאיר חקלאי בעמ*שיק 30 יום,,,"ק""ג",1,,true,1,6.90,6.90,false,1,
2033,true,תפוח סמיט,בראשית - אגודה שיתופית*שיק 45,,,"ק""ג",1,,true,1,10.90,10.90,false,1,
2034,true,תפוח סטארקינג חרמון,בראשית - אגודה שיתופית*שיק 45,,,"ק""ג",1,,true,1,10.90,10.90,false,1,
2035,true,סלק,מלוא הסל שיווק ירקות בעמ*שיק 3,,,"ק""ג",1,,true,1,6.90,6.90,false,1,
2036,true,עגבניה,שיווק העשור ירקות הזהב*שיק 30,,,"ק""ג",1,,true,1,6.90,6.90,false,1,
2038,true,פטריות שמפיניון יחידה,מרינה פטריות הגליל בעמ,,,יח`,1,,false,1,9.90,9.90,true,1,
2039,true,פומלה,מהדרין תנופורט יצוא *שיק 30 יו,,,"ק""ג",1,,true,1,9.90,9.90,false,1,
2040,true,פלפל ירוק,ינאי - מרכז פרי והירק בעמ*שיק,,,"ק""ג",1,,true,1,9.90,9.90,false,1,
2041,true,פלפל חריף,שיווק העשור ירקות הזהב*שיק 30,,,"ק""ג",1,,true,1,9.90,9.90,false,1,
2044,true,צנון,עמית בראון שיווק עמ*שיק 40 יום,,,"ק""ג",1,,true,1,7.90,7.90,false,1,
2046,true,קולורבי,דובדבן שיווק בעמ*שיק 60 יום*,,,"ק""ג",1,,true,1,8.90,8.90,false,1,
2047,true,קלמנטינה,תעשיות תוצרת חקלאית אביטן בני,,,"ק""ג",1,,true,1,7.90,7.90,false,1,
2048,true,קישואים,אשר שי אלבז *שיק 30 יום*,,,"ק""ג",1,,true,1,9.90,9.90,false,1,
2049,true,קיווי,בראשית - אגודה שיתופית*שיק 45,,,"ק""ג",1,,true,1,9.90,9.90,false,1,
2050,true,פומלית,תעשיות תוצרת חקלאית אביטן בני,,,"ק""ג",1,,true,1,9.90,9.90,false,1,
2054,true,שומר,תעשיות תוצרת חקלאית אביטן בני,,,"ק""ג",1,,true,1,8.90,8.90,false,1,
2055,true,שורש,מובילי ההר,,,יח`,1,,false,1,6.90,6.90,false,1,
2058,true,תפוא לבן,עוגן שיווק ואריזות בעמ,,,"ק""ג",1,,true,1,3.90,3.90,false,1,
2059,true,תפוזים,הדרי קטיף אריזה ושיווק בעמ*שיק,,,"ק""ג",1,,true,1,5.90,5.90,false,1,
2060,true,תירס ארוז,צמח שיווק תוצרת חקלאית *שיק 30,,,"ק""ג",1,,true,1,13.90,13.90,false,1,
2061,true,פלפל אדום,י.ל. החקלאים שיווק והפצה בעמ*ש,,,"ק""ג",1,,true,1,9.90,9.90,false,1,
2063,true,אגס,טריפל סל בעמ,,,"ק""ג",1,,true,1,13.90,13.90,false,1,
2064,true,כרוב אדום,תעשיות תוצרת חקלאית אביטן בני,,,"ק""ג",1,,true,1,6.90,6.90,false,1,
2065,true,פלפל חריף אדום,דובדבן שיווק בעמ*שיק 60 יום*,,,"ק""ג",1,,true,1,10.90,10.90,false,1,
2066,true,פלפל בהיר,שיווק העשור ירקות הזהב*שיק 30,,,"ק""ג",1,,true,1,10.90,10.90,false,1,
2067,true,פלפל צהוב,ב.ד. גידול ירקות בעמ*שיק 30 יו,,,"ק""ג",1,,true,1,9.90,9.90,false,1,
2068,true,אפרסמון,מור פירות השרון בעמ* שיק 45 יו,,,"ק""ג",1,,true,1,15.90,15.90,false,1,
2071,true,וירטיקלית פטרוזליה,ורטיקל פילד בעמ*קונסיגנציה*,,,יח`,1,,false,1,5,5,false,1,
2072,true,בצל אדום,רביבו יהודה חקלאות ונכסים בעמ,,,"ק""ג",1,,true,1,7.90,7.90,false,1,
2073,true,וירטיקלית כוסברה,ורטיקל פילד בעמ*קונסיגנציה*,,,יח`,1,,false,1,5,5,false,1,
2074,true,שרי ארוז,צימן עגבניות שיווק רמת הנגב בע,,,יח`,1,,false,1,9.90,9.90,false,1,
2076,true,וירטיקלית נענע,ורטיקל פילד בעמ*קונסיגנציה*,,,יח`,1,,false,1,5,5,false,1,
2082,true,תפוח פינק,בראשית - אגודה שיתופית*שיק 45,,,"ק""ג",1,,true,1,13.90,13.90,false,1,
2086,true,מג`הול תמר בקופסא,מהדרין תנופורט יצוא *שיק 30 יו,,,יח`,1,,false,1,19.90,19.90,false,1,
2092,true,פלפל שושקה,י.ל. החקלאים שיווק והפצה בעמ*ש,,,"ק""ג",1,,true,1,10.90,10.90,false,1,
2095,true,סברס,מהדרין תנופורט יצוא *שיק 30 יו,,,"ק""ג",1,,true,1,24.90,24.90,false,1,
2099,true,שזיף אדום,בועז את עמיר בעמ*שיק 40 יום*,,,"ק""ג",1,,true,1,19.90,19.90,false,1,
2100,true,דלעת יפנית,שוסטר תעשיות מזון בעמ*שיק ל 60,,,"ק""ג",1,,true,1,18.90,18.90,false,1,
2104,true,מבצע ירקות,שפע בפרי ארצנו בעמ,,,"ק""ג",1,,true,1,4.90,4.90,false,1,
2111,true,בטטה ירושלמית כסביה,הררי מאיר ובניו הובלות בקרור ב,,,"ק""ג",1,,true,1,13.90,13.90,false,1,
2113,true,פלפל כתום,י.ל. החקלאים שיווק והפצה בעמ*ש,,,"ק""ג",1,,true,1,9.90,9.90,false,1,
2114,true,ערמונים תפזורת,בכורי שדה דרום 2002 בעמ,,,"ק""ג",1,,true,1,19.90,19.90,false,1,
2120,true,תפוא אדום,עוגן שיווק ואריזות בעמ,,,"ק""ג",1,,true,1,4.90,4.90,false,1,
2122,true,רימון,אלדד קליימן שיווק בעמ*שיק 40 י,,,"ק""ג",1,,true,1,9.90,9.90,false,1,
2127,true,ענבים ירוקים טלי,לכיש מושב עובדים להתישבות*30 י,,,"ק""ג",1,,true,1,25.90,25.90,false,1,
2130,true,אנונה,גליל שוק מקומי אגשח*שיק ל60 יו,,,"ק""ג",1,,true,1,17.90,17.90,false,1,
2132,true,ברוקולי ארוז,בננות החוף אגשח בעמ,,,יח`,1,,false,1,10,10,false,1,
2134,true,תפוח נאשי,בראשית - אגודה שיתופית*שיק 45,,,"ק""ג",1,,true,1,15.90,15.90,false,1,
2144,true,קישוא זוקיני,שיווק העשור ירקות הזהב*שיק 30,,,"ק""ג",1,,true,1,10.90,10.90,false,1,
2158,true,תפוזים ברשת,מהדרין תנופורט יצוא *שיק 30 יו,,,"ק""ג",1,,true,1,4.90,4.90,false,1,
2159,true,קלמנטינה ברשת,מהדרין תנופורט יצוא *שיק 30 יו,,,"ק""ג",1,,true,1,6.90,6.90,false,1,
2165,true,פטריות תפזורת גדולות למילוי,חוות השמפיניון בעמ,,,"ק""ג",1,,true,1,39.90,39.90,false,1,
2168,true,תפוח ברשת,אמצע השוק בעמ,,,"ק""ג",1,,true,1,9.90,9.90,false,1,
2171,true,פאפיה,עומר יבולים בעמ*שיק ל 60 יום*,,,"ק""ג",1,,true,1,19.90,19.90,false,1,
2172,true,מלון שרטל,אגרקסקו חברה ליצוא חקלאי בעמ (,,,"ק""ג",1,,true,1,5.90,5.90,false,1,
2173,true,חציל בלדי,י.ל. החקלאים שיווק והפצה בעמ*ש,,,"ק""ג",1,,true,1,9.90,9.90,false,1,
2178,true,חצילונים,נווה ירק בעמ,,,"ק""ג",1,,true,1,7.90,7.90,false,1,
2186,true,תפוח גלה,בראשית - אגודה שיתופית*שיק 45,,,"ק""ג",1,,true,1,10.90,10.90,false,1,
2188,true,אגס אדום,בראשית - אגודה שיתופית*שיק 45,,,"ק""ג",1,,true,1,14.90,14.90,false,1,
2252,true,פטיה,טריג חברה ליבוא ומסחר בעמ,,,"ק""ג",1,,true,1,19.90,19.90,false,1,
11004,true,הולנדית+שויצרית+צ`דר,גבינות הכפר בעמ,,,"ק""ג",1000,גרם,true,1,40,4,false,1,
12001,true,מעושנת,גבינות הכפר בעמ,,,"ק""ג",1000,גרם,true,1,41,4.10,false,1,
14005,true,מקסיקנית,גבינות הכפר בעמ,,,"ק""ג",1000,גרם,true,1,39,3.90,false,1,
15002,true,גבינה שום שמיר+זיתים במישקל,גבינות הכפר בעמ,,,"ק""ג",1000,גרם,true,1,39,3.90,false,1,
18218,true,שייטל עגל טרי חלק,אדום אדום - תנובה בקר,,,"ק""ג",1,,true,1,89.90,89.90,false,1,
45955,true,קוקוס טחון במשקל,וואלי מרקט 2018 א.ד.ע. בעמ,,,"ק""ג",1000,גרם,true,1,39,3.90,false,1,
46549,true,מוצרלה חריץ תנובה,תנובה - חלב,,,"ק""ג",1000,גרם,true,1,76,7.60,false,1,
46662,true,סקנדינבית 31% תנובה,תנובה - חלב,,,"ק""ג",1000,גרם,true,1,76,7.60,false,1,
47027,true,קשקבל (27% גלעד) תנובה,תנובה - חלב,,,"ק""ג",1000,גרם,true,1,121,12.10,false,1,
47485,true,בולגרית פיראוס 24% פח 3  קג`תנובה,תנובה - חלב,,,"ק""ג",1000,גרם,true,1,56,5.60,false,1,
81816,true,אוסובוקו עגל טרי חלק,אדום אדום - תנובה בקר,,,"ק""ג",1,"ק""ג",true,1,49.90,49.90,false,1,
269870,true,צ`אך עגל טרי חלק,אדום אדום - תנובה בקר,,,"ק""ג",1,,true,1,89.90,89.90,false,1,
328900,true,נפוליאון טבעי גבינת שמנת 25% מעדניה,תנובה - חלב,,,"ק""ג",1000,גרם,true,1,46,4.60,false,1,
328917,true,נפוליאון זיתים גבינת שמנת 24% מעדניה,תנובה - חלב,,,"ק""ג",1000,גרם,true,1,46,4.60,false,1,
328924,true,נפוליאון שום שמיר גבינת שמנת 25% מעדניה,תנובה - חלב,,,"ק""ג",1000,גרם,true,1,46,4.60,false,1,
344478,true,פילה מדומה טרי חלק,אדום אדום - תנובה בקר,,,"ק""ג",1,,true,1,79.90,79.90,true,1,
365510,true,צלי כתף טרי חלק,אדום אדום - תנובה בקר,,,"ק""ג",1,,true,1,89.90,89.90,false,1,
395408,true,גבנצ 28% נעם חריץ פיקוח מעדנייה,החב` המרכזית - טרה,,,"ק""ג",1000,גרם,true,1,44.79,4.48,false,1,
395415,true,גבנצ 9% נעם חריץ מעדנייה,החב` המרכזית - טרה,,,"ק""ג",1000,גרם,true,1,76,7.60,false,1,
395422,true,גבנצ 22% נעם חריץ פיקוח מעדנייה,החב` המרכזית - טרה,,,"ק""ג",1000,גרם,true,1,42.58,4.26,false,1,
416106,true,חלבה חלבי בלוק נוגט,השחר העולה תעשית ממתקים בעמ,,,"ק""ג",1.50,"ק""ג",true,1,44.10,29.40,false,1,
481043,true,פיתות כוסמין 10  יח`700 גר`,דגנית עין בר תעשיות מזון ואפיה,,,יח`,700,גרם,false,1,14.90,2.13,false,1,
554914,true,גבינה צפתית רכה 5% מעדנייה גד,מחלבות גד שיווק 1992 בעמ,,,"ק""ג",1000,גרם,true,1,62,6.20,false,1,
554983,true,לאבנה גד,מחלבות גד שיווק 1992 בעמ,,,"ק""ג",1000,גרם,true,1,39,3.90,false,1,
632599,true,ירכיים עוף-עטרה,נטו מלינדה סחר - עטרה,,,"ק""ג",1,,true,1,32.60,32.60,false,1,
652894,true,סטייק טונה 100%  דג- תנובה,תנובה קפואים,,,"ק""ג",1,,true,1,45.90,45.90,false,1,
658926,true,פילה מרלוזה 100% דג קפוא תנובה,תנובה קפואים,,,"ק""ג",0,גרם,true,1,33.90,33.90,false,1,
663135,true,קוביות סלומון קפוא,תנובה קפואים,,,יח`,1,,false,1,29.90,29.90,false,1,
684123,true,כתף טרי חלק ללא עצם,אדום אדום - תנובה בקר,,,"ק""ג",1,,true,1,79.90,79.90,true,1,
821009,true,אצבעות אנטריקוט קפוא,נחמיה לחוביץ בעמ,,,"ק""ג",1,,true,1,56.90,56.90,false,1,
914589,true,צוואר כבש טרי,אדום אדום - תנובה בקר,,,"ק""ג",1,,true,1,69.90,69.90,false,1,
1319161,true,בשר  מס`3 חזה,נחמיה לחוביץ בעמ,,,"ק""ג",1,,true,1,29.90,29.90,false,1,
1516065,true,חזה עוף פרוס דק דק טרי ארוז,קורניש חן (1987) בעמ,,,"ק""ג",1,,true,1,37.90,37.90,true,1,
1710289,true,דג מקרל ארוז,בלדי בעמ,,,"ק""ג",1,,true,1,20.30,20.30,false,1,
2105190,true,פילה מדומה בקר 6 מחפוד,עוף ירושלים שיווק בעמ,,,"ק""ג",1,,true,1,59.90,59.90,false,1,
2107743,true,צפתית מעודנת 5% צוריאל,החב` המרכזית - טרה,,,"ק""ג",1000,גרם,true,1,44,4.40,false,1,
2129820,true,טחון טרי פרימיום מוכשר יבוא,עוף ירושלים שיווק בעמ,,,"ק""ג",0,גרם,true,1,44.90,44.90,true,1,
2129943,true,פילה מדומה טרי יבוא חלק  צרפתי/ פולני,עוף ירושלים שיווק בעמ,,,"ק""ג",0,גרם,true,1,59.90,59.90,false,1,
2206019,true,כרעיים עוף טרי ארוז,קורניש חן (1987) בעמ,,,"ק""ג",1,,true,1,25.90,25.90,true,1,
2206026,true,ירך עוף טרי ארוז,קורניש חן (1987) בעמ,,,"ק""ג",1,,true,1,25.90,25.90,true,1,
2206033,true,שוקיים עוף טרי ארוז,קורניש חן (1987) בעמ,,,"ק""ג",1,,true,1,29.90,29.90,false,1,
2206040,true,כנפיים עוף טרי ארוז,קורניש חן (1987) בעמ,,,"ק""ג",1,,true,1,12.90,12.90,true,1,
2206057,true,חזה עוף טרי שלם ארוז,קורניש חן (1987) בעמ,,,"ק""ג",1,,true,1,32.90,32.90,true,1,
2206064,true,חזה עוף פרוס טרי ארוז שניצל,קורניש חן (1987) בעמ,,,"ק""ג",1,,true,1,34.90,34.90,true,1,
2206101,true,סטייק פרגית ללא עור,קורניש חן (1987) בעמ,,,"ק""ג",1,,true,1,54.90,54.90,false,1,
2206118,true,כבד עוף לצליה טרי ארוז,קורניש חן (1987) בעמ,,,"ק""ג",1,,true,1,15.90,15.90,false,1,
2206125,true,לבבות עוף טרי ארוז,קורניש חן (1987) בעמ,,,"ק""ג",1,,true,1,26.90,26.90,false,1,
2206385,true,גרון הודו נקבה טרי ארוז,קורניש חן (1987) בעמ,,,"ק""ג",1,,true,1,25.90,25.90,false,1,
2206408,true,חזה הודו נקבה טרי ארוז מוביל,קורניש חן (1987) בעמ,,,"ק""ג",1,,true,1,25.90,25.90,false,1,
2206415,true,שוקיים הודו נקבה טרי ארוז מוביל,קורניש חן (1987) בעמ,,,"ק""ג",1,,true,1,25.90,25.90,false,1,
2206484,true,שווארמה הודו נקבה טרי ארוז מוביל,קורניש חן (1987) בעמ,,,"ק""ג",1,,true,1,59.90,59.90,false,1,
2206514,true,נתחי חזה הודו טרי ארוז מוביל,קורניש חן (1987) בעמ,,,"ק""ג",1,,true,1,23.90,23.90,false,1,
2209071,true,פילה עוף טרי ארוז,קורניש חן (1987) בעמ,,,"ק""ג",1,,true,1,34.90,34.90,false,1,
2225966,true,מחפוד שוק הודו נקבה טרי ארוז,קורניש חן (1987) בעמ,,,"ק""ג",1,,true,1,32.90,32.90,false,1,
2300878,true,גבינת צדר אנגלית במשקל,א. סיימן סחר בעמ,,,"ק""ג",1000,גרם,true,1,130,13,false,1,
2300885,true,גבינת צ`דר אנגלי כתום משקל,א. סיימן סחר בעמ,,,"ק""ג",1000,גרם,true,1,130,13,false,1,
2345060,true,מאסדם הולנדי אמיתי חצי גלגל,נטו מלינדה סחר בעמ,,,"ק""ג",1000,גרם,true,1,92.90,9.29,false,1,
2370420,true,גבינת גאודה מהולנד 30% שומן-מעדניה,ג.וילי-פוד אינטרנשיונל **גבינו,,,"ק""ג",1000,גרם,true,1,60,6,false,1,
2370475,true,גבינת דנהבלו בשלה עם עובש כחול 31% מעדנ,ג.וילי-פוד אינטרנשיונל **גבינו,,,"ק""ג",1000,גרם,true,1,55,5.50,false,1,
2370970,true,איבריקו גלגל במשקל מעדנייה,ג.וילי-פוד אינטרנשיונל **גבינו,,,"ק""ג",1000,גרם,true,1,94,9.40,false,1,
2385455,true,בולגרית מעודנת 24% מעדנייה גד,מחלבות גד שיווק 1992 בעמ,,,"ק""ג",1000,גרם,true,1,65,6.50,false,1,
2385486,true,שמנות 30% טעמים מהדרין מעדנייה גד,מחלבות גד שיווק 1992 בעמ,,,"ק""ג",1000,גרם,true,1,47,4.70,false,1,
2447016,true,שפיץ  צאך/  פיקניה/ רוסביף ארוז טרי,אדום אדום - תנובה בקר,,,"ק""ג",0,"ק""ג",true,1,129,129,false,1,
2461098,true,נילוס פרוס,נ.ת.נ.ג.ב החזקות יעוץ וניהול ב,,,"ק""ג",1,,true,1,64.90,64.90,false,1,
2519409,true,צוואר ללא עצם חלק טרי מו,אדום אדום - תנובה בקר,,,"ק""ג",1,,true,1,59.90,59.90,true,1,
2519461,true,אסאדו טרי חלק,אדום אדום - תנובה בקר,,,"ק""ג",0,"ק""ג",true,1,59.90,59.90,false,1,
2519508,true,לשון עגל טרי חלק,אדום אדום - תנובה בקר,,,"ק""ג",1,,true,1,59.90,59.90,false,1,
2519607,true,קיט נתחים לקצב טחון חלק,אדום אדום - תנובה בקר,,,"ק""ג",1,,true,1,49.90,49.90,true,1,
2519980,true,צלעות ללא עצם חלק טרי מוב,אדום אדום - תנובה בקר,,,"ק""ג",1,,true,1,59.90,59.90,true,1,
2612087,true,סטייק אנטריקוט טרי יבוא חלק ארגנטיני,בלדי בעמ,,,"ק""ג",1,,true,1,149,149,false,1,
2750406,true,סופגניה פילסברי,קונסיגנציה ג`נרל מילס ישראל בע,,,יח`,1,,false,1,4.90,4.90,false,1,
2929130,true,דנאבלו גבינה+עובש משקל,נטו מלינדה סחר בעמ,,,"ק""ג",1000,גרם,true,1,112,11.20,false,1,
2930808,true,רבע כבש חלק קפוא,מאסטרפוד בעמ,,,"ק""ג",1,,true,1,79.90,79.90,false,1,
3001620,true,בשר  מס`2 צלעות,נחמיה לחוביץ בעמ,,,"ק""ג",1,,true,1,33.90,33.90,false,1,
3163847,true,בשר  מס`4 כתף בקר .,נחמיה לחוביץ בעמ,,,"ק""ג",1,,true,1,33.90,33.90,false,1,
3423909,true,חטיף שוקולד לבן עם שברי עוגיות הרשי 43 ג,ליימן שליסל בעמ,,,יח`,1,,false,1,5.70,5.70,false,1,
3444009,true,חטיף שוקולד חלב עם חמאת בוטנים הרשי 42 ג,ליימן שליסל בעמ,,,יח`,1,,false,1,4.60,4.60,false,1,
3578085,true,גבינת מוצרלה 21% מעדניה,ג.וילי-פוד אינטרנשיונל **גבינו,,,"ק""ג",1000,גרם,true,1,58,5.80,false,1,
3632367,true,פילה ברבוניה,נ.ת.נ.ג.ב החזקות יעוץ וניהול ב,,,יח`,400,גרם,false,1,19.90,4.98,false,1,
3632404,true,פילה מרלוזה ארגנטיני ללא עור מוביל,בלדי בעמ,,,"ק""ג",1,,true,1,32.90,32.90,false,1,
3796021,true,רצועות לטחינה /בשר לחמין קפוא,נחמיה לחוביץ בעמ,,,"ק""ג",1,,true,1,19.90,19.90,false,1,
3893843,true,פילה מושט ללא עור,בלו פיש גורמה סולושנס בעמ,,,"ק""ג",1,,true,1,29.90,29.90,false,1,
4033705,true,הבורגריה לחמניות המבוגר ביג לוקס 6 יח`,י.את א. ברמן בעמ,,,יח`,600,גרם,false,1,13.50,2.25,false,1,
4033712,true,לחם עננים מקמח מלא 750 גרם.,י.את א. ברמן בעמ,,,יח`,750,גרם,false,1,15.50,2.07,true,1,
4033729,true,לחם עננים כוסמין 750 גרם,י.את א. ברמן בעמ,,,יח`,750,גרם,false,1,16.50,2.20,true,1,
4033736,true,לחם עננים בסגנון בריוש 500 גר`,י.את א. ברמן בעמ,,,יח`,500,גרם,false,1,14.90,2.98,true,1,
4135324,true,פיראוס בולגרית 5% מעודנת,תנובה - חלב,,,"ק""ג",1000,גרם,true,1,43,4.30,false,1,
4136291,true,צפתית/מעודנת 5%,תנובה - חלב,,,"ק""ג",1000,גרם,true,1,51,5.10,false,1,
4136833,true,בולגרית פיראוס %16למעדניה,תנובה - חלב,,,"ק""ג",1000,גרם,true,1,58,5.80,false,1,
4193324,true,כתף כבש קפוא חלק מוביל,עוף ירושלים שיווק בעמ,,,"ק""ג",1,,true,1,79.90,79.90,false,1,
4194178,true,מחפוד-עוף קפוא  מס`1,עוף ירושלים שיווק בעמ,,,"ק""ג",1,,true,1,24.90,24.90,false,1,
4194239,true,מחפוד-חזה עוף קפוא,עוף ירושלים שיווק בעמ,,,"ק""ג",1,,true,1,31.90,31.90,false,1,
4194260,true,מחפוד-שוקיים עוף קפוא,עוף ירושלים שיווק בעמ,,,"ק""ג",1,,true,1,31.90,31.90,false,1,
4194529,true,מחפוד עוף טרי ארוז,קורניש חן (1987) בעמ,,,"ק""ג",1,,true,1,22.90,22.90,false,1,
4194536,true,מחפוד חזה עוף טרי ארוז,קורניש חן (1987) בעמ,,,"ק""ג",1,,true,1,33.90,33.90,true,1,
4194543,true,מחפוד כרעיים עוף טרי ארוז,קורניש חן (1987) בעמ,,,"ק""ג",1,,true,1,34.90,34.90,true,1,
4194550,true,מחפוד כנפיים עוף טרי ארוז,קורניש חן (1987) בעמ,,,"ק""ג",1,,true,1,13.90,13.90,false,1,
4194574,true,מחפוד שוקיים עוף טרי ארוז,קורניש חן (1987) בעמ,,,"ק""ג",1,,true,1,32.90,32.90,false,1,
4194635,true,מחפוד שניצל עוף טרי ארוז,קורניש חן (1987) בעמ,,,"ק""ג",1,,true,1,34.90,34.90,false,1,
4226350,true,חזה עם עצם בקר טרי יבוא צרפתי חלק,נטו בשרים,,,"ק""ג",100,גרם,true,1,39.90,39.90,false,1,
4256685,true,סטייק אנטריקוט טרי יבוא מוכשר ארגנטיני,בלדי בעמ,,,"ק""ג",1,,true,1,149,149,false,1,
4649159,true,בשר  מס`5 צלי כתף חלק מוביל,נחמיה לחוביץ בעמ,,,"ק""ג",1,,true,1,59.90,59.90,false,1,
4859954,true,כנפיים עוף קפוא מוביל,קורניש חן (1987) בעמ,,,"ק""ג",1,,true,1,9.90,9.90,false,1,
5041198,true,קבב ביתי קפוא מעדני הטלה (1 קג),לאטי עזרא בעמ,,,יח`,1,"ק""ג",false,1,45.90,45.90,false,1,
5358005,true,נסיכת הנילוס שלם,נ.ת.נ.ג.ב החזקות יעוץ וניהול ב,,,"ק""ג",1,,true,1,44.90,44.90,false,1,
5384295,true,גבינה חצי קשה גאודה 28%,ג.וילי-פוד אינטרנשיונל בעמ,,,"ק""ג",1000,גרם,true,1,29,2.90,false,1,
5384899,true,גבינת פטינה 21% מעדניה,ג.וילי-פוד אינטרנשיונל **גבינו,,,"ק""ג",1000,גרם,true,1,29,2.90,false,1,
5387227,true,בשר מס 8 שריר זרוע,נחמיה לחוביץ בעמ,,,"ק""ג",1,,true,1,39.90,39.90,false,1,
5992247,true,חלומי 24% מעדנייה גד,מחלבות גד שיווק 1992 בעמ,,,"ק""ג",1000,גרם,true,1,99,9.90,false,1,
6030207,true,גבינת שמנת יבנה,גבינות הכפר בעמ,,,"ק""ג",1000,גרם,true,1,26,2.60,false,1,
6040619,true,גבינת טבורוג 5% יבנה,גבינות הכפר בעמ,,,"ק""ג",1000,גרם,true,1,24,2.40,false,1,
6041043,true,גבינת צימוקים יבנה,גבינות הכפר בעמ,,,"ק""ג",1000,גרם,true,1,26,2.60,false,1,
6131188,true,פילה סלמון,נ.ת.נ.ג.ב החזקות יעוץ וניהול ב,,,"ק""ג",1,,true,1,69.90,69.90,false,1,
6131706,true,פילה אמנון (מושט) קפוא,נחמיה לחוביץ בעמ,,,"ק""ג",1,,true,1,24.90,24.90,false,1,
6131829,true,פילה סלמון מנות,נ.ת.נ.ג.ב החזקות יעוץ וניהול ב,,,"ק""ג",1,,true,1,84.90,84.90,false,1,
6131935,true,טונה פרוס בוואקום,נ.ת.נ.ג.ב החזקות יעוץ וניהול ב,,,"ק""ג",1,,true,1,39.90,39.90,false,1,
6511010,true,פרמז`נו במשקל,ג.וילי-פוד אינטרנשיונל **גבינו,,,"ק""ג",1000,גרם,true,1,101,10.10,false,1,
8175906,true,גאודה מחלב עיזים חצי קשה 32%,ג.וילי-פוד אינטרנשיונל **גבינו,,,"ק""ג",1000,גרם,true,1,103,10.30,false,1,
8211147,true,גבינת גאודה חצי קשה,א. סיימן סחר בעמ,,,"ק""ג",1000,גרם,true,1,125,12.50,false,1,
8403191,true,גבינת קשקבל צאן בשלה משקל,א. סיימן סחר בעמ,,,"ק""ג",1000,גרם,true,1,120,12,false,1,
8403917,true,גאודה פסטו ירוק-מעדנייה,א. סיימן סחר בעמ,,,"ק""ג",1000,גרם,true,1,139,13.90,false,1,
8577267,true,עוף טרי שלם ארוז,קורניש חן (1987) בעמ,,,"ק""ג",1,,true,1,19.90,19.90,true,1,
8618007,true,דג פילה סלמון טרי פרוס מגש,מאסטרפוד בעמ,,,"ק""ג",1,,true,1,109,109,false,1,
8618021,true,דג פילה דניס טרי מגש,מאסטרפוד בעמ,,,"ק""ג",1,,true,1,119,119,false,1,
8618038,true,פילה לברק טרי מגש,מאסטרפוד בעמ,,,"ק""ג",1,,true,1,126,126,false,1,
8618052,true,פילה בורי טרי מגש,מאסטרפוד בעמ,,,"ק""ג",1,,true,1,99,99,false,1,
8618083,true,פילה אמנון טרי מגש,מאסטרפוד בעמ,,,"ק""ג",1,,true,1,79.90,79.90,false,1,
9026177,true,לחם כהה אחיד פיקוח,י.את א. ברמן בעמ,,,יח`,750,גרם,false,1,3.90,0.52,false,1,
32147230,true,מיץ לימון 200 מל,דנשר (1963) בעמ,,,יח`,200,"מ""ל",false,1,9.40,4.70,false,1,
40084107,true,קינדר ביצת הפתעה,פרימיום-חברה לדברי מתיקה ולמסח,,,יח`,1,,false,1,5.50,5.50,false,1,
40111216,true,באונטי חטיף שוקולד קוקוס 57 גרם,מרס ריגלי ישראל בעמ,,,יח`,57,גרם,false,1,4,7.02,true,1,
40345123,true,סמרטיז גליל סוכריות 38 גר`,קבוצת אסם סחר שות. מוגבלת,,,יח`,38,גרם,false,1,3.90,10.26,true,1,
54051157,true,מעדן סויה בטעם שוקולד אלפרו (125x4 גרם),שטראוס גרופ בעמ,,,יח`,500,גרם,false,1,16.90,3.38,false,1,
72940754,true,מילקי וניל,שטראוס גרופ בעמ/מצונן,,,יח`,130,"מ""ל",false,1,2.90,2.23,false,1,
72940761,true,מילקי שוקו,שטראוס גרופ בעמ/מצונן,,,יח`,130,"מ""ל",false,1,2.90,2.23,false,1,
72940952,true,מילקי פי 2 קצפת,שטראוס גרופ בעמ/מצונן,,,יח`,170,"מ""ל",false,1,3.90,2.29,false,1,
72941041,true,מילקי מיני שוקולד,שטראוס גרופ בעמ/מצונן,,,יח`,130,"מ""ל",false,1,2.10,1.62,false,1,
72945308,true,שמרים טריים קובייה שמרית (50 גרם),שטראוס גרופ בעמ/מצונן,,,יח`,50,גרם,false,1,3.90,7.80,false,1,
72961506,true,יוגורט עם תות 1.5% פרילי (125 גרם),תנובה - חלב,,,יח`,125,"מ""ל",false,1,3.50,2.80,false,1,
72961544,true,יוגורט בטעם תות שדה 3% באדי (125 גרם),תנובה - חלב,,,יח`,125,"מ""ל",false,1,3,2.40,false,1,
72986233,true,מעדן חלב בטעם וניל באדי (125 גרם),תנובה - חלב,,,יח`,125,"מ""ל",false,1,2.90,2.32,false,1,
72986240,true,מעדן חלב בטעם שוקולד באדי (125 גרם),תנובה - חלב,,,יח`,125,"מ""ל",false,1,2.90,2.32,false,1,
72986479,true,גלידת פיינטים צאנקי מנקי,מוצרי איכות אמריקאיים בעמ,,,יח`,420,"מ""ל",false,1,20.30,4.83,true,1,
72991374,true,טיים רד,דובק בעמ,,,יח`,1,,false,1,32.50,32.50,true,1,
72993637,true,דני שוקולד בודד,שטראוס גרופ בעמ/מצונן,,,יח`,125,"מ""ל",false,1,2.70,2.16,false,1,
72994061,true,Good2 פסק זמן 36 גרם,שטראוס גרופ בעמ,,,יח`,36,גרם,false,1,5.40,15,false,1,
80042563,true,פאסטה עגבניות 700mutti גרם,רסטרטו יבוא ושיווק בעמ*אין החז,,,יח`,700,גרם,false,1,13.50,1.93,false,1,
80050025,true,טיק טק תפוז,פרימיום-חברה לדברי מתיקה ולמסח,,,יח`,16,גרם,false,1,4.10,25.63,true,1,
80050124,true,טיק טק מנטה,פרימיום-חברה לדברי מתיקה ולמסח,,,יח`,16,גרם,false,1,4.10,25.63,true,1,
80176800,true,ממרח אגוזי לוז נוטלה (750 גרם),פרימיום-חברה לדברי מתיקה ולמסח,,,יח`,750,גרם,false,1,25.90,3.45,false,1,
80177173,true,ממרח אגוזי לוז נוטלה (350 גרם),פרימיום-חברה לדברי מתיקה ולמסח,,,יח`,350,גרם,false,1,14.90,4.26,false,1,
80177609,true,קינדר שוקולד 50 גר,פרימיום-חברה לדברי מתיקה ולמסח,,,יח`,50,גרם,false,1,4.50,9,false,1,
80177616,true,אצבעות שוקולד קינדר (8  יח`- 100 גרם),פרימיום-חברה לדברי מתיקה ולמסח,,,יח`,1,,false,1,7.90,7.90,false,1,
80761761,true,קינדר בואנו לבן בודד 0.43 גר`,פרימיום-חברה לדברי מתיקה ולמסח,,,יח`,43,גרם,false,1,3.90,9.07,false,1,
80773429,true,מסטיק מנטוס פיור פרש בטעם תות ללס 60 גר,ליימן שליסל בעמ,,,יח`,60,גרם,false,1,10.50,17.50,true,1,
80773443,true,מסטיק מנטוס בטעם מנטה עדין ללס,ליימן שליסל בעמ,,,יח`,60,גרם,false,1,10.50,17.50,true,1,
80790990,true,מסטיק מנטוס טעם פירות מנטה ללס,ליימן שליסל בעמ,,,יח`,60,גרם,false,1,10.50,17.50,true,1,
80831402,true,סוכריות מנטוס מנטה עדינה ללס clean bera,ליימן שליסל בעמ,,,יח`,1,,false,1,7.90,7.90,true,1,
80843184,true,מסטיק מנטוס טעם ענבים ללס 60 גר,ליימן שליסל בעמ,,,יח`,60,גרם,false,1,10.50,17.50,true,1,
80854753,true,סוכריות מנטוס מנטה ללס,ליימן שליסל בעמ,,,יח`,1,,false,1,7.90,7.90,true,1,
80896081,true,מסטיק מנטוס פיור פרש טעם אבטיח ללס 60 ג,ליימן שליסל בעמ,,,יח`,60,גרם,false,1,10.50,17.50,true,1,
80913467,true,מסטיק מנטוס טעם מנטה ללס 60 גר,ליימן שליסל בעמ,,,יח`,60,גרם,false,1,10.50,17.50,true,1,
80979128,true,מסטיק מנטוס טעם דובדבן ללס 60 גר,ליימן שליסל בעמ,,,יח`,60,גרם,false,1,10.50,17.50,true,1,
80986348,true,גומי לעיסה ללא סוכר 60  גר`פיור וויט מנט,ליימן שליסל בעמ,,,יח`,60,גרם,false,1,10.90,18.17,true,1,
87108538,true,סוכריות לעיסה בטעם תות מנטוס (37.5 גרם),ליימן שליסל בעמ,,,יח`,37,גרם,false,1,4,10.81,false,1,
87108651,true,מנטוס רביעיה,ליימן שליסל בעמ,,,יח`,150,גרם,false,1,14.90,9.93,false,1,
87108712,true,מנטוס רביעיה,ליימן שליסל בעמ,,,יח`,150,גרם,false,1,14.90,9.93,false,1,
87311396,true,מנטוס גליל 7 טעמים,ליימן שליסל בעמ,,,יח`,37.50,גרם,false,1,4,10.67,false,1,
90162602,true,משקה אנרגיה רד בול (250 מל),דיפלומט היינץ,,,יח`,250,"מ""ל",false,1,6.90,2.64,true,1,
90162800,true,רד בול משקה אנרגיה 250 מל ללס,דיפלומט היינץ,,,יח`,250,"מ""ל",false,1,6.90,2.64,true,1,
90446269,true,משקה אנרגיה רד בול (250 מל),דיפלומט היינץ,,,יח`,250,"מ""ל",false,1,6.90,2.64,true,1,
90448867,true,רד בול משקה אנרגיה ללא פחמימות 250 מל,דיפלומט היינץ,,,יח`,250,"מ""ל",false,1,6.90,2.64,true,1,
90453427,true,רד בול משקה אנרגיה פיטאיה 250 מל,דיפלומט היינץ,,,יח`,250,"מ""ל",false,1,6.90,2.64,true,1,
9800800056,true,נוטלה אנד גו 52 גרם,פרימיום-חברה לדברי מתיקה ולמסח,,,יח`,52,גרם,false,1,5.50,10.58,false,1,
11182700930,true,קינג קול שעועית אדומה כהה 439 גרם,מור-ים מרקטינג בעמ,,,יח`,439,גרם,false,1,10.90,2.48,false,1,
11210000094,true,טבסקו 60 מל,ציון תורג`מן בעמ,,,יח`,60,"מ""ל",false,1,13.50,22.50,false,1,
11210002500,true,טבסקו באפלו 150,ציון תורג`מן בעמ,,,יח`,150,"מ""ל",false,1,24.40,16.27,false,1,
16000423534,true,נייטשר וואלי 210  גר`שיבולת שועל ושוקולד,ליימן שליסל בעמ,,,יח`,210,גרם,false,1,14.90,7.10,false,1,
16000548404,true,נייטשר וואלי 210  גר`שיבולת שועל ודבש,ליימן שליסל בעמ,,,יח`,175,גרם,false,1,14.90,8.51,false,1,
16000548503,true,נייטשר וואלי 210  גר`מייפל וסוכר חום,ליימן שליסל בעמ,,,יח`,210,גרם,false,1,14.90,7.10,false,1,
16000548602,true,נייטשר וואלי 210  גר`קינמון,ליימן שליסל בעמ,,,יח`,210,גרם,false,1,14.90,7.10,false,1,
16000548909,true,נייטשר וואלי 210  גר`מעורב,ליימן שליסל בעמ,,,יח`,210,גרם,false,1,14.90,7.10,false,1,
18000701223,true,פילסברי תערובת שוקולד,ליימן שליסל בעמ,,,יח`,517,גרם,false,1,18.90,3.66,false,1,
18000766413,true,תערובת לעוגת בראוניס פילסברי (550 גרם),ליימן שליסל בעמ,,,יח`,609,גרם,false,1,20.30,3.33,false,1,
22200956932,true,ספיד סטיק 24/7 ג`ל כחול,ש.שסטוביץ בעמ,,,יח`,0,גרם,false,1,16.90,16.90,false,1,
25675120020,true,מקלות חמוצות 100,גורי ע.ע.ע בעמ,,,יח`,100,גרם,false,1,9.50,9.50,false,1,
25675120037,true,מקלות חמוצות 100,גורי ע.ע.ע בעמ,,,יח`,100,גרם,false,1,9.50,9.50,false,1,
25675120044,true,מקלות חמוצות 100,גורי ע.ע.ע בעמ,,,יח`,100,גרם,false,1,9.50,9.50,false,1,
25675120068,true,מקלות חמוצות 100,גורי ע.ע.ע בעמ,,,יח`,100,גרם,false,1,9.50,9.50,false,1,
30000315958,true,קוואקר פרוטאין בננה אגוזים 336 גר`,שטראוס פריטו ליי בעמ,,,יח`,336,גרם,false,1,23.90,7.11,false,1,
30000315989,true,קוואקר פרוטאין חמוציות ושקדים 372 גר`,שטראוס פריטו ליי בעמ,,,יח`,372,גרם,false,1,23.90,6.42,false,1,
31200001597,true,חמוציות אושן ספריי,ליימן שליסל בעמ,,,יח`,170,גרם,false,1,15.20,8.94,false,1,
34000196173,true,טבלת קוקיס אנד קרים-XL,ליימן שליסל בעמ,,,יח`,113,גרם,false,1,11.20,9.91,false,1,
34000442652,true,טבלת ריזס -XL,ליימן שליסל בעמ,,,יח`,120,גרם,false,1,11.20,9.33,false,1,
34000544028,true,חטיף גומ טויז תות,ליימן שליסל בעמ,,,יח`,198,גרם,false,1,9.10,4.60,false,1,
34000544431,true,ממתק בטעם דובדבן 172 גר טוויזלרס,ליימן שליסל בעמ,,,יח`,172,גרם,false,1,9.10,5.29,false,1,
35000458476,true,מברשת שיניים ילדים 2+ מארז רביעייה קולגי,ש.שסטוביץ בעמ,,,יח`,1,,false,1,20.90,20.90,false,1,
36000516876,true,ממחטות לושן שלוש שכבות בקוביה קלינקס (75,קימברלי קלארק ישראל שיווק בעמ,,,יח`,1,,false,1,12.50,12.50,true,1,
36000516890,true,ממחטות לושן שלוש שכבות קלינקס) (120,קימברלי קלארק ישראל שיווק בעמ,,,יח`,415,גרם,false,1,22.90,5.52,true,1,
37600207256,true,חמאת בוטנים עם שברי בוטנים 462ג סקיפי,דיפלומט היינץ,,,יח`,462,גרם,false,1,19.90,4.31,false,1,
37600207287,true,חמאת בוטנים סקיפי עם דבש 462 גרם,דיפלומט היינץ,,,יח`,462,גרם,false,1,19.90,4.31,false,1,
37600297967,true,מטבל סלסה בחריפות עדינה Chi-Chi`s,ליימן שליסל בעמ,,,יח`,439,גרם,false,1,19.90,4.53,true,1,
38000138607,true,פרינגלס מלח וחומץ 158 גר`,דיפלומט היינץ,,,יח`,158,גרם,false,1,9.90,6.27,true,1,
38000138720,true,פרינגלס  קראנצ`158 גר`,דיפלומט היינץ,,,יח`,158,גרם,false,1,9.90,6.27,true,1,
38000183928,true,פרינגלס דבש וחרדל 158 גר`,דיפלומט היינץ,,,יח`,158,גרם,false,1,9.90,6.27,true,1,
38000197840,true,פרינגלס ברביקיוו 137  גר`Wavy,דיפלומט היינץ,,,יח`,137,גרם,false,1,9.90,7.23,true,1,
38000202278,true,פרינגלס אורגינל 130  גר`Wavy,דיפלומט היינץ,,,יח`,130,גרם,false,1,9.90,7.62,true,1,
38000232152,true,פרינגלס ברביקיו 158 גר`,דיפלומט היינץ,,,יח`,158,גרם,false,1,9.90,6.27,true,1,
38000232176,true,פרינגלס שמנת בצל 158 גר`,דיפלומט היינץ,,,יח`,158,גרם,false,1,9.90,6.27,true,1,
38000232183,true,פרינגלס אורגינל 149 גר`,דיפלומט היינץ,,,יח`,149,גרם,false,1,9.90,6.64,true,1,
38527591053,true,דגנים מרובעים קינמון קוואקר (411 גרם),שטראוס פריטו ליי בעמ,,,יח`,412,גרם,false,1,21.40,5.19,true,1,
38527591060,true,דגנים מרובעים קוואקר (411 גרם),שטראוס פריטו ליי בעמ,,,יח`,412,גרם,false,1,21.40,5.19,true,1,
40000514480,true,עדשי שוקולד אם אנד אם (48 גרם),מרס ריגלי ישראל בעמ,,,יח`,1,,false,1,5,5,true,1,
41190007097,true,חומץ תפוחים 946 מל גאלה,מור-ים מרקטינג בעמ,,,יח`,946,"מ""ל",false,1,14.90,1.58,false,1,
41390010309,true,רוטב טריאקי קיקומן (444 מל),דיפלומט היינץ,,,יח`,444,"מ""ל",false,1,32.60,7.34,true,1,
46214372250,true,עוגיות שטרודל תפוח עץ מרבה (225 גרם),ש.שסטוביץ בעמ,,,יח`,225,גרם,false,1,10.90,4.84,true,1,
46214731552,true,עוגיות שוקולד צ`יפס מרבה (225 גרם),ש.שסטוביץ בעמ,,,יח`,225,גרם,false,1,10.90,4.84,true,1,
50000426942,true,פנסי פיסט צאנקי בשר ועוף,שחורי אריה ואנסטסיה,,,יח`,1,,false,1,5.90,5.90,false,1,
50000429646,true,פנסי פיסט 85  גר`רטוב דגים,שחורי אריה ואנסטסיה,,,יח`,85,גרם,false,1,5.90,6.94,false,1,
55369901673,true,רסק תפוחי עץ+אפרסק ללתס רביעייה 452 גר`,מור-ים מרקטינג בעמ,,,יח`,452,גרם,false,1,14.90,3.30,false,1,
55369902557,true,רביעות רסק תפוחי עץ ממותק בסגנון ביתי 45,מור-ים מרקטינג בעמ,,,יח`,452,גרם,false,1,14.90,3.30,false,1,
55369903295,true,צנצנת רסק תפוחי עץ ללתס אפלסנקס 652 גר`,מור-ים מרקטינג בעמ,,,יח`,652,גרם,false,1,15.90,2.44,false,1,
55500012046,true,תרסיס ניקוי כללי כלורוקס (946 מל),גורי מוצרי צריכה (1991) בעמ,,,יח`,946,"מ""ל",false,1,21.90,2.32,false,1,
64144090013,true,תרסיס שמן קנולה בטעם חמאה פאם (148 מל),ליימן שליסל בעמ,,,יח`,148,"מ""ל",false,1,22.40,15.14,false,1,
64144090051,true,תרסיס שמן קנולה פאם (148 מל),ליימן שליסל בעמ,,,יח`,148,"מ""ל",false,1,22.40,15.14,false,1,
70221011116,true,טובלרון-  שוק`חלבי 100 גרם) (20,דיפלומט היינץ,,,יח`,100,גרם,false,1,6.90,6.90,false,1,
77245110610,true,סוכריות ללס בטעם מנטה מאסט (80 גרם),שטראוס גרופ בעמ,,,יח`,80,גרם,false,1,9.70,12.13,false,1,
77343000127,true,נר נשמה 26 שעות.,אבאל יזמות בעמ,,,יח`,1,,false,1,2.90,2.90,false,1,
77343000233,true,נרות חימום מנורה שי נר) (50,אבאל יזמות בעמ,,,יח`,1,,false,1,10.50,10.50,true,1,
77343001100,true,נר נשמה מנורה 26 שעות,אבאל יזמות בעמ,,,יח`,1,,false,1,2.90,2.90,true,1,
77975010167,true,סניידרס מקלוני חיטה בתוספת דבש 340 גר`,ליימן שליסל בעמ,,,יח`,340,גרם,false,1,15.90,4.68,true,1,
77975036976,true,מטבל עגבניות בחריפות עדינה,ליימן שליסל בעמ,,,יח`,439,גרם,false,1,18.90,4.31,false,1,
77975094761,true,סניידרס שברי בייגל בטעם גבינת צ`אדר,ליימן שליסל בעמ,,,יח`,340,גרם,false,1,15.90,4.68,true,1,
77975094778,true,סניידרס שברי בייגל בטעם דבש וחרדל 340 גר,ליימן שליסל בעמ,,,יח`,340,גרם,false,1,15.90,4.68,true,1,
611745285685,true,אבוקדו בשל ארוז - מור בריאות,קונסיגנציה-מור בריאות בעמ,,,יח`,1,,false,1,7.90,7.90,true,1,
613008755461,true,אריזונה אוכמניות ליטר,טמפו משקאות בעמ,,,יח`,1,1 ליטר,false,1,11.90,11.90,false,1,
649660013281,true,היל ויו מימי שזיפים מיבשיום 946 מל כשר,מור-ים מרקטינג בעמ,,,יח`,946,"מ""ל",false,1,24.20,2.53,false,1,
649870166081,true,נייטיב בקר ברוטב לחתול,שחורי אריה ואנסטסיה,,,יח`,1,,false,1,4.90,4.90,false,1,
649870166166,true,נייטיב פטה עוף לחתול בוגר,שחורי אריה ואנסטסיה,,,יח`,1,,false,1,4.90,4.90,false,1,
649870166180,true,נייטיב פטה סלמון ברוטב לחתול,שחורי אריה ואנסטסיה,,,יח`,1,,false,1,4.90,4.90,false,1,
693493065672,true,טחינה מלאה הר כנען 500 גר`,אבאל יזמות בעמ,,,יח`,500,גרם,false,1,16.90,3.38,true,1,
693493168786,true,תמר מג`הול גמבו 1קג,סהר ותמר בעמ,,,יח`,1000,גרם,false,1,25,2.50,false,1,
693493168823,true,תמר דקל נור 400 גר`,סהר ותמר בעמ,,,יח`,400,גרם,false,1,14.90,3.73,false,1,
710535495539,true,אורז בסמטי  (96% 1  קג) AVEL,אבאל יזמות בעמ,,,יח`,1,"ק""ג",false,1,12.90,12.90,true,1,
753182231761,true,בלו סיקס ללס 250 מל,בני פאוזי שמשום (2009) בעמ,,,יח`,250,"מ""ל",false,1,3,1.08,true,1,
768404001640,true,גלידת פיינטים בטעם קפה,מוצרי איכות אמריקאיים בעמ,,,יח`,420,"מ""ל",false,1,20.30,4.83,true,1,
769904000607,true,שקדי מרק 200  גר`ללא גלוטן,בטר אנד דיפרנט בעמ,,,יח`,200,גרם,false,1,10.50,5.25,false,1,
769904002014,true,מיני טוסטים 180 גר טבעי-מלוח,בטר אנד דיפרנט בעמ,,,יח`,180,גרם,false,1,12.50,6.94,false,1,
777915888299,true,רוטב סויה אקיטה ללא גלוטן,מור-ים מרקטינג בעמ,,,יח`,450,"מ""ל",false,1,17.90,3.98,false,1,
835811000402,true,כפות 50  יח`קרם עבה הנמל,הנמל אריזות ושיווק (1984) בעמ,,,יח`,1,,false,1,15.90,15.90,false,1,
835811000419,true,כפיות 50  יח`קרם עבה הנמל,הנמל אריזות ושיווק (1984) בעמ,,,יח`,1,,false,1,15.90,15.90,false,1,
835811000426,true,מזלגות 50  יח`שקוף עבה הנמל,הנמל אריזות ושיווק (1984) בעמ,,,יח`,1,,false,1,15.90,15.90,false,1,
835811001652,true,כוס לשתיה קרה 330 סמק 40  יח`הנמל,הנמל אריזות ושיווק (1984) בעמ,,,יח`,1,,false,1,9.90,9.90,false,1,
835811001966,true,תבנית אלומניום עבה רוסטר 4  יח`הנמל,הנמל אריזות ושיווק (1984) בעמ,,,יח`,1,,false,1,11.20,11.20,false,1,
835811003427,true,צלחות גדול מקנה סוכר 1 קג הנמל,הנמל אריזות ושיווק (1984) בעמ,,,יח`,1,,false,1,37.90,37.90,true,1,
835811003588,true,צלחות קלאסי גדול לבן 65 יח` הנמל,הנמל אריזות ושיווק (1984) בעמ,,,יח`,1,,false,1,35.90,35.90,true,1,
835811003823,true,קופסת איחסון מלבן 1 ליטר הנמל 5 יח,הנמל אריזות ושיווק (1984) בעמ,,,יח`,1,,false,1,10.90,10.90,false,1,
835811004202,true,מפת שולחן 6 יח עבה ניילון הנמל,הנמל אריזות ושיווק (1984) בעמ,,,יח`,1,,false,1,10.90,10.90,false,1,
835811004219,true,מפה שולחן 8 יח עבה ניילון הנמל,הנמל אריזות ושיווק (1984) בעמ,,,יח`,45,גרם,false,1,10.90,24.22,false,1,
835811004226,true,מפת שולחן עבה בגליל 45 מטר,הנמל אריזות ושיווק (1984) בעמ,,,יח`,1,,false,1,35.90,35.90,true,1,
835811004707,true,פרורי לחם מוזהבים הנמל (440 גרם),הנמל אריזות ושיווק (1984) בעמ,,,יח`,440,גרם,false,1,7.10,1.61,false,1,
835811005049,true,נייר אפייה 40 יח מתכלה ירוק הנמל,הנמל אריזות ושיווק (1984) בעמ,,,יח`,1,,false,1,10.90,10.90,true,1,
835811005810,true,מגש הכסף תבנית מרובע קטן +מכסה 10 יח`,הנמל אריזות ושיווק (1984) בעמ,,,יח`,1,,false,1,10.90,10.90,true,1,
835811005940,true,מגש הכסף תבנית אלומ` גדולה + מכסה 8 יח`,הנמל אריזות ושיווק (1984) בעמ,,,יח`,1,,false,1,10.90,10.90,true,1,
835811005957,true,מגש הכסף תבנית אלומ` 90 + מכסה 8 יח`,הנמל אריזות ושיווק (1984) בעמ,,,יח`,1,,false,1,10.90,10.90,true,1,
835811005964,true,מגש הכסף תבנית אלומ` מאורך 20 יח`,הנמל אריזות ושיווק (1984) בעמ,,,יח`,1,,false,1,10.90,10.90,true,1,
835811006213,true,קערות למרק מקנה סוכר טבעי 25  יח`הנמל,הנמל אריזות ושיווק (1984) בעמ,,,יח`,1,,false,1,10.90,10.90,false,1,
835811006220,true,צלחות ענק מקנה סוכר טבעי 25  יח`הנמל,הנמל אריזות ושיווק (1984) בעמ,,,יח`,1,,false,1,13.90,13.90,false,1,
835811006244,true,צלחות גדולות מקנה סוכר טבעי 25  יח`הנמל,הנמל אריזות ושיווק (1984) בעמ,,,יח`,1,,false,1,12.90,12.90,false,1,
835811006435,true,מגש הכסף תבנית מלבןעמוק + מכסה 9 יח`,הנמל אריזות ושיווק (1984) בעמ,,,יח`,1,,false,1,10.90,10.90,true,1,
835811007357,true,סלטינות אובלי 25 יח` הנמל,הנמל אריזות ושיווק (1984) בעמ,,,יח`,1,,false,1,5.90,5.90,true,1,
835811007562,true,תבנית קרטון אינגליש קייק הנמל) (6,הנמל אריזות ושיווק (1984) בעמ,,,יח`,1,,false,1,10.10,10.10,false,1,
835811008347,true,גפרור ענק הנמל,הנמל אריזות ושיווק (1984) בעמ,,,יח`,1,,false,1,6.10,6.10,false,1,
835811008699,true,כפות 50  יח`עבה הנמל,הנמל אריזות ושיווק (1984) בעמ,,,יח`,1,,false,1,15.90,15.90,false,1,
835811008934,true,מזלגות 50  יח`קרם עבה הנמל,הנמל אריזות ושיווק (1984) בעמ,,,יח`,1,,false,1,15.90,15.90,false,1,
835811008958,true,כפיות 50  יח`שקוף עבה הנמל,הנמל אריזות ושיווק (1984) בעמ,,,יח`,1,,false,1,13.90,13.90,false,1,
835811008996,true,כוסות קרטון 50 יח` OZ הנמל,הנמל אריזות ושיווק (1984) בעמ,,,יח`,1,,false,1,19.90,19.90,true,1,
835811009214,true,צלחות אלגנט 7.5 קטן 18  יח`הנמל,הנמל אריזות ושיווק (1984) בעמ,,,יח`,1,,false,1,27.90,27.90,false,1,
835811009337,true,כוס יין 6  אינז`12  יח`הנמל,הנמל אריזות ושיווק (1984) בעמ,,,יח`,1,,false,1,12.90,12.90,false,1,
835811009368,true,מרקיות צבע 25  יח`מעורב הנמל,הנמל אריזות ושיווק (1984) בעמ,,,יח`,1,,false,1,10.90,10.90,false,1,
835811009429,true,צלחות גדולות צבע 25  יח`מעורב הנמל,הנמל אריזות ושיווק (1984) בעמ,,,יח`,1,,false,1,16.90,16.90,false,1,
835811009436,true,צלחות ענק צבע 25  יח`מעורב הנמל,הנמל אריזות ושיווק (1984) בעמ,,,יח`,1,,false,1,25.90,25.90,false,1,
852629004774,true,רביעיית נקניקיות ביונד מיט 100 גרם,דיפלומט היינץ,,,יח`,100,גרם,false,1,40.90,40.90,true,1,
856591000109,true,עוגיות מזרחיות עבאדי 400 גר`,תה ויסוצקי (ישראל) בעמ,,,יח`,400,גרם,false,1,18.50,4.63,false,1,
856591000512,true,עוגיות מזרחיות עבאדי מקלונים פריכים 400,תה ויסוצקי (ישראל) בעמ,,,יח`,400,גרם,false,1,18.50,4.63,true,1,
856591000918,true,מארז חטיף טבעי עבאדי) (8X40,תה ויסוצקי (ישראל) בעמ,,,יח`,320,גרם,false,1,15.90,4.97,false,1,
856591000949,true,עבאדי קטנטנים חטיף טבעי 350 גרם,תה ויסוצקי (ישראל) בעמ,,,יח`,350,גרם,false,1,15.90,4.54,true,1,
859547004466,true,ספוג ניקוי SCRUB MOMMY,ר.ב מוצרי דגנים בעמ,,,יח`,1,,false,1,18.90,18.90,false,1,
884912342737,true,פרוטי פבלס ללא גלוטן וופל קריספי 326 גר`,ר.ב מוצרי דגנים בעמ,,,יח`,425,גרם,false,1,21.50,5.06,false,1,
884912359162,true,האני באנצס שקדים 340 גר`.,ר.ב מוצרי דגנים בעמ,,,יח`,340,גרם,false,1,22.90,6.74,true,1,
884912365200,true,דגני בוקר אוראו 311 גר`,ר.ב מוצרי דגנים בעמ,,,יח`,311,גרם,false,1,23.50,7.56,false,1,
893594002051,true,פופקורנס צ`יפס בטעם גבינת צ`דר,שטראוס פריטו ליי בעמ,,,יח`,32,גרם,false,1,6.90,21.56,false,1,
1230000068314,false,בשר טחון ביונד מיט 300 גרם,דיפלומט היינץ,,,יח`,300,גרם,false,1,29.90,9.97,false,1,
3014260240226,false,קצף גילוח רגיש 200 מל`,דיפלומט מפיצים (1968) בעמ,,,יח`,200,"מ""ל",false,1,14.90,7.45,false,1,
3014260280772,false,אורל בי חוט דנטלי שעוה מנטה,דיפלומט מפיצים (1968) בעמ,,,יח`,1,,false,1,16.90,16.90,false,1,
3014260283254,false,סכיני גילוח חד פעמי בלו 2 פלוס ג`ילט) (5,פארמה דיל (פ.א.ב.) שיווק והפצה,,,יח`,1,,false,1,10.90,10.90,false,1,
3046920027281,false,לינדט אקסלנס קרמלסולט 100 גר`,משה סידס ובנו בעמ,,,יח`,100,גרם,false,1,16.60,16.60,true,1,
3046920028004,false,אקסלנס 70% קקאו לינדט (100 גרם),משה סידס ובנו בעמ,,,יח`,100,גרם,false,1,16.60,16.60,true,1,
3046920028363,false,אקסלנס 85% קקאו לינדט (100 גרם),משה סידס ובנו בעמ,,,יח`,100,גרם,false,1,16.60,16.60,true,1,
3046920029759,false,אקסלנס שוקולד מריר 90% לינדט (100 גרם),משה סידס ובנו בעמ,,,יח`,100,גרם,false,1,16.30,16.30,true,1,
3059940007768,false,אירוויק ספריי 240 מל וניל ואורכידאה,רקיט בנקיזר (ניר איסט) בעמ,,,יח`,240,"מ""ל",false,1,10.90,4.54,false,1,
3059943015128,false,אירוויק נטול גז,רקיט בנקיזר (ניר איסט) בעמ,,,יח`,345,"מ""ל",false,1,15.90,4.61,false,1,
3073781162790,false,גבינה בייבי בל אדום 120 גר`,א. סיימן סחר בעמ,,,יח`,120,גרם,false,1,22.90,19.08,true,1,
3073781177220,false,גבינה בייבי בל אדום 120 גר`,א. סיימן סחר בעמ,,,יח`,120,גרם,false,1,22.90,19.08,true,1,
3161911366429,false,חמאה רכה מלוחה 250 גר,א. סיימן סחר בעמ,,,יח`,250,גרם,false,1,22.90,9.16,true,1,
3228022910023,false,חמאה צרפתית פריזידאן פרזידנט (200 גרם),נטו מלינדה סחר בעמ,,,יח`,200,גרם,false,1,16.80,8.40,false,1,
3254550033279,false,גבינת קממבר איסיני 250 גר,א. סיימן סחר בעמ,,,יח`,250,גרם,false,1,30.90,12.36,false,1,
3387390320244,false,פיטנס פירות נסטלה (375 גרם),קבוצת אסם סחר שות. מוגבלת,,,יח`,375,גרם,false,1,20.30,5.41,true,1,
3387390525960,false,דגני קראנץ` נסטלה (500 גרם),קבוצת אסם סחר שות. מוגבלת,,,יח`,500,גרם,false,1,22.90,4.58,true,1,
3387390730852,false,פיטנס 375 גר` דגני בוקר,קבוצת אסם סחר שות. מוגבלת,,,יח`,375,גרם,false,1,20.30,5.41,true,1,
3523230026826,false,פירמידה עיזים טבעי 140 גרם,א. סיימן סחר בעמ,,,יח`,140,גרם,false,1,22.90,16.36,true,1,
3574660026788,false,בייבי טלק 200  גר`גונסונס,ש.שסטוביץ בעמ,,,יח`,200,גרם,false,1,20.90,10.45,false,1,
3574660333466,false,או בה מיני פרו קומפורט 32יח,פארמה דיל (פ.א.ב.) שיווק והפצה,,,יח`,1,,false,1,20.30,20.30,false,1,
3574660464368,false,קרפרי מגה פק מגן תחתון אוורירי מבושם 76,ש.שסטוביץ בעמ,,,יח`,1,,false,1,20.90,20.90,false,1,
3574660464429,false,קרפרי מגה פק מגן תחתון אווורירי 76 יח,ש.שסטוביץ בעמ,,,יח`,1,,false,1,20.90,20.90,false,1,
3574660649987,false,ליסטרין זירו 500 מל-יבוא  מקביל,בית הצעצוע בעמ,,,יח`,500,"מ""ל",false,1,15.90,3.18,true,1,
3574661003924,false,ליסטרין טוטאל 500 מל,שקד תבל בעמ,,,יח`,500,"מ""ל",false,1,19.90,3.98,false,1,
3574661203577,false,ליסטרין אדוונס וויט 500 מל-יבוא  מקביל,בית הצעצוע בעמ,,,יח`,500,"מ""ל",false,1,15.90,3.18,true,1,
3574661419435,false,וניה תחבושות הגייניות מקסי לילה 12 יח,ש.שסטוביץ בעמ,,,יח`,1,,false,1,26.50,26.50,false,1,
3574669909204,false,בייבי שמן 300 מל גונסונס,ש.שסטוביץ בעמ,,,יח`,300,"מ""ל",false,1,22.90,7.63,false,1,
3600523652280,false,שמפו 6 שמנים 550 מל אלביב,לוריאל ישראל קוסמטיקס בעמ,,,יח`,550,"מ""ל",false,1,15.90,2.89,true,1,
3600523755806,false,שמפו קוקוס 550 מל אלביב,לוריאל ישראל קוסמטיקס בעמ,,,יח`,550,"מ""ל",false,1,15.90,2.89,true,1,
3600523756322,false,מרכך קוקוס 550 מל אלביב,לוריאל ישראל קוסמטיקס בעמ,,,יח`,550,"מ""ל",false,1,15.90,2.89,true,1,
3600523782567,false,שמפו דרים לונג 500 מל אלביב,לוריאל ישראל קוסמטיקס בעמ,,,יח`,500,"מ""ל",false,1,15.90,3.18,true,1,
3600523782581,false,מרכך דרים לונג 500 מל אלביב,לוריאל ישראל קוסמטיקס בעמ,,,יח`,500,"מ""ל",false,1,15.90,3.18,true,1,
3607343817547,false,דאו ספריי לגבר קליימקול 150 מל אדידס,דנשר (1963) בעמ,,,יח`,150,"מ""ל",false,1,12.90,8.60,false,1,
3607349687458,false,דאו ספריי לגבר קול דריי פרש 150 מל אדיד,דנשר (1963) בעמ,,,יח`,150,"מ""ל",false,1,12.90,8.60,false,1,
3614223736003,false,דאו ספריי לגבר אדיפיור 150 מל אדידס,דנשר (1963) בעמ,,,יח`,150,"מ""ל",false,1,12.90,8.60,false,1,
3800020472569,false,קיט קאט צ`אנקי קרמל,קבוצת אסם סחר שות. מוגבלת,,,יח`,43.50,גרם,false,1,3.90,8.97,false,1,
4000351109380,false,שמן קנולה 1 ליטר BROLIO.,המותג-לא פעיל להקלדה,,,יח`,1,1 ליטר,false,1,8.90,8.90,false,1,
4000415004408,false,שוגטן מריר אגוזים 100 גר`,יעד ממתקים בעמ,,,יח`,100,גרם,false,1,6.90,6.90,true,1,
4000415040109,false,שוגטן 100 גר`- קרמל,יעד ממתקים בעמ,,,יח`,100,גרם,false,1,6.90,6.90,true,1,
4000415065805,false,שוקולד סאלוט מריר 100 גר`,יעד ממתקים בעמ,,,יח`,100,גרם,false,1,4,4,true,1,
4000415065904,false,שוקולד סאלוט חלב אגוזים 100 גר`,יעד ממתקים בעמ,,,יח`,100,גרם,false,1,4.90,4.90,true,1,
4000415358303,false,שוקו פאן ביסקוויט חמישיות 210 גר`,יעד ממתקים בעמ,,,יח`,210,גרם,false,1,9.90,4.71,true,1,
4000415358501,false,שוקו פאן שביעיות קוקוס 175 גר`,יעד ממתקים בעמ,,,יח`,175,גרם,false,1,9.90,5.66,true,1,
4000415440701,false,שוקו פאן שישיות בוטנים 216 גר`,יעד ממתקים בעמ,,,יח`,216,גרם,false,1,9.90,4.58,true,1,
4000415440909,false,שוקו פאן שישיות קרמל 216 גר`,יעד ממתקים בעמ,,,יח`,216,גרם,false,1,9.90,4.58,true,1,
4000417022004,false,שוקולד ריטר חלבי צימוקים/אגוזים100 גר`,ליימן שליסל בעמ,,,יח`,100,גרם,false,1,10.50,10.50,true,1,
4000417025005,false,שוקולד ריטרמרציפן 100 גר`,ליימן שליסל בעמ,,,יח`,100,גרם,false,1,10.50,10.50,true,1,
4000417026002,false,שוקולד ריטרפרלין 100 גר`,ליימן שליסל בעמ,,,יח`,100,גרם,false,1,10.50,10.50,true,1,
4000417101211,false,אמיצ`לי גלילי וופל עם קרם אגוזי לוז בציפ,ליימן שליסל בעמ,,,יח`,150,גרם,false,1,18.90,12.60,false,1,
4000417212009,false,שוקולד ריטר ספורטמריר תפוז ושקד 100 גר`,ליימן שליסל בעמ,,,יח`,100,גרם,false,1,10.50,10.50,true,1,
4000417222008,false,שוקולד ריטר חלביעם שברי אגוזים 100גר`,ליימן שליסל בעמ,,,יח`,100,גרם,false,1,10.50,10.50,true,1,
4000417224002,false,שוקולד ריטר מריר אגוזים 100 גרם,ליימן שליסל בעמ,,,יח`,100,גרם,false,1,10.90,10.90,true,1,
4000607850004,false,שוגטן 100 גר`,יעד ממתקים בעמ,,,יח`,100,גרם,false,1,6.90,6.90,true,1,
4000607851001,false,שוגטן חלב אגוזים 100 גר`,יעד ממתקים בעמ,,,יח`,100,גרם,false,1,6.90,6.90,true,1,
4001518003800,false,מקלות פריכים עם פלפל ומלח 125 גר טורינוס,ר.ב מוצרי דגנים בעמ,,,יח`,125,גרם,false,1,15.90,12.72,false,1,
4001518106112,false,מקלות פריכים עם  רוזמרין( 125  גר`)טורינ,ר.ב מוצרי דגנים בעמ,,,יח`,125,גרם,false,1,15.90,12.72,false,1,
4002911138021,false,נרות חימום פאלאס) (100,פאלאס תעשיות נטו (2014) בעמ,,,יח`,100,יח`,false,1,20.30,0.20,false,1,
4004666042004,false,מרסס נגד עובש מלרוד,יעקב יעקבי ובניו בעמ,,,יח`,750,"מ""ל",false,1,30.90,4.12,false,1,
4005808515554,false,קרם רב שימושי סופר ניוואה 300 מל,אלפא- ב.ד.ף בעמ,,,יח`,300,"מ""ל",false,1,35.90,11.97,true,1,
4005808890507,false,ניוואה קרם סופט רב שימושי 200 מל יבוא,פארמה דיל (פ.א.ב.) שיווק והפצה,,,יח`,200,"מ""ל",false,1,16.90,8.45,false,1,
4005900521262,false,ג`ל רחצה 500 מל DEEP,אלפא- ב.ד.ף בעמ,,,יח`,500,"מ""ל",false,1,16.30,3.26,true,1,
4005900555915,false,ניוואה תחליב רחצה קוקוס 750 מל,אלפא- ב.ד.ף בעמ,,,יח`,750,"מ""ל",false,1,15.90,2.12,true,1,
4005900648181,false,ניוואה תחליב רחצה אלוורה 750 מל,אלפא- ב.ד.ף בעמ,,,יח`,750,"מ""ל",false,1,15.90,2.12,true,1,
4008287762020,false,קרומבאכר חיטה בקבוק בודד 500 מל,אגודת הכורמים,,,יח`,500,"מ""ל",false,1,10.90,2.12,true,1,
4008400290423,false,קינדר פינגווי עוגת ספוג במילוי חלבי מצופ,תנובה - חלב,,,יח`,120,גרם,false,1,12.90,10.75,false,1,
4009300522935,false,תה ירוק לימונית ולואיזה פומפדור) (20,ש.שסטוביץ בעמ,,,יח`,30,גרם,false,1,17.90,59.67,true,1,
4009300525684,false,חליטת צמחים ג`ינג`ר לימון פומפדור) (20,ש.שסטוביץ בעמ,,,יח`,35,גרם,false,1,17.30,49.43,true,1,
4009300527909,false,תה חליטת ג`יניג`ר כורכום,ש.שסטוביץ בעמ,,,יח`,40,גרם,false,1,17.30,43.25,true,1,
4009300530183,false,חליטת תפוז ספרדי פומפדור) (44,ש.שסטוביץ בעמ,,,יח`,1,,false,1,17.30,17.30,false,1,
4009300530206,false,פומפדור חליטת תפוח טורקי) (50,ש.שסטוביץ בעמ,,,יח`,1,,false,1,17.30,17.30,false,1,
4009300530275,false,פומפדור-חליטת מנטה מרוקאית,ש.שסטוביץ בעמ,,,יח`,36,גרם,false,1,17.30,48.06,false,1,
4009900403023,false,מסטיק אורביט וויט בטעם מנטה ללס,מרס ריגלי ישראל בעמ,,,יח`,1,,false,1,11.50,11.50,true,1,
4009900420129,false,מסטיק אורביט פרופשיונל מנטה חזקה ללס,מרס ריגלי ישראל בעמ,,,יח`,1,,false,1,11.50,11.50,true,1,
4009900465304,false,סקיטלס סוכריות חמוצים 174 גר,מרס ריגלי ישראל בעמ,,,יח`,174,גרם,false,1,9.90,5.69,true,1,
4009900482417,false,מסטיק אורביט בטעם פירות ומנטה ללס,מרס ריגלי ישראל בעמ,,,יח`,1,,false,1,11.50,11.50,true,1,
4011100002227,false,באונטי חטיף שוקולד קוקוס מארז 403 גרם,מרס ריגלי ישראל בעמ,,,יח`,403,גרם,false,1,19.90,4.94,false,1,
4011800528416,false,קורני בייס סויט סול 150 גר`,משה סידס ובנו בעמ,,,יח`,150,גרם,false,1,10.90,7.27,true,1,
4011800567613,false,חטיף קורני שחור לבן רביעייה,משה סידס ובנו בעמ,,,יח`,120,גרם,false,1,10.90,9.08,true,1,
4011800630515,false,חטיף קורני שישייה שוקולד חלבי ובננה,משה סידס ובנו בעמ,,,יח`,150,גרם,false,1,10.90,7.27,true,1,
4011800633516,false,חטיף קורני שישייה שוקולד מריר,משה סידס ובנו בעמ,,,יח`,150,גרם,false,1,10.90,7.27,true,1,
4014400904390,false,סוכריות שטורק וולמיש 325 גר`,ליימן שליסל בעמ,,,יח`,325,גרם,false,1,15.90,4.89,false,1,
4014400910063,false,סוכריות חמאה וורטרס אורגינל (135 גרם),ליימן שליסל בעמ,,,יח`,135,גרם,false,1,9.50,7.04,true,1,
4014400914924,false,וורטר ללס קפה 80 גר`,ליימן שליסל בעמ,,,יח`,80,גרם,false,1,9.50,11.88,true,1,
4014400920857,false,וורטר ללס בטעם שוקולד 70גר`,ליימן שליסל בעמ,,,יח`,70,גרם,false,1,9.50,13.57,true,1,
4014400923711,false,חטיפי שוקולד טופיפי (125 גרם),ליימן שליסל בעמ,,,יח`,125,גרם,false,1,14.20,11.36,true,1,
4014400925319,false,פופקרן קרמל 140  גר`וורטר,ליימן שליסל בעמ,,,יח`,140,גרם,false,1,15.90,11.36,false,1,
4015400564034,false,מגן תחתון אולווייז מגה פק לונג פלוס 58 י,דיפלומט מפיצים (1968) בעמ,,,יח`,1,,false,1,24.90,24.90,true,1,
4015400564454,false,מגן תחתון אולוויז מגה פק  לארג`68 יח,דיפלומט מפיצים (1968) בעמ,,,יח`,1,,false,1,24.90,24.90,true,1,
4015400598329,false,אולוויז קוואטרו נורמל פלוס 56 יח`,דיפלומט מפיצים (1968) בעמ,,,יח`,1,,false,1,42.90,42.90,true,1,
4015400681670,false,תחבושות לילה בטוח אולווייז) (18,דיפלומט מפיצים (1968) בעמ,,,יח`,1,,false,1,20.30,20.30,true,1,
4015400731719,false,תחבושות לילה וליו פק אולווייז) (20,דיפלומט מפיצים (1968) בעמ,,,יח`,1,,false,1,21.40,21.40,true,1,
4015400755241,false,תחבושות אולוויז וליו פק נורמל פלוס 28 יח,דיפלומט מפיצים (1968) בעמ,,,יח`,1,,false,1,21.40,21.40,true,1,
4015400755487,false,תחבושות אולטרה לונג פלוס אולווייז) (24,דיפלומט מפיצים (1968) בעמ,,,יח`,1,,false,1,21.40,21.40,true,1,
4015400759263,false,תחבושות אולוייז כפול נורמל 28 יח-יבוא מק,בית הצעצוע בעמ,,,יח`,1,,false,1,15.90,15.90,false,1,
4015400759324,false,תחבושות אולוייז כפול לילה 20 יח-יבוא מקב,בית הצעצוע בעמ,,,יח`,1,,false,1,15.90,15.90,false,1,
4015400990482,false,אבקת כביסה אריאל קולור 3 קג,דיפלומט מפיצים (1968) בעמ,,,יח`,3000,גרם,false,1,35.60,1.19,false,1,
4015600762742,false,הד אנד שולדרס שמפו 500 מל כחול,דיפלומט מפיצים (1968) בעמ,,,יח`,500,"מ""ל",false,1,21.90,4.38,true,1,
4015600762780,false,הד אנד שולדרס שמפו 500 מל,דיפלומט מפיצים (1968) בעמ,,,יח`,500,"מ""ל",false,1,21.90,4.38,true,1,
4015600762902,false,הד אנד שולדרס שמפו 500 מל נענע,דיפלומט מפיצים (1968) בעמ,,,יח`,500,"מ""ל",false,1,21.90,4.38,true,1,
4017100219900,false,גליליות וופל חלב וופלטן (100 גרם),ליימן שליסל בעמ,,,יח`,100,גרם,false,1,14.20,14.20,false,1,
4017100364112,false,היט עוגיות  סנדוויץ`שוקו בלזן (220 גרם),ליימן שליסל בעמ,,,יח`,220,גרם,false,1,11.20,5.09,true,1,
4025700001962,false,שוקולד לבן מילקה (100 גרם),דיפלומט היינץ,,,יח`,100,גרם,false,1,6.50,6.50,true,1,
4033100013348,false,ל.ד כחול בודד,גלוברנדס בעמ - שיווק סיגריות,,,יח`,1,,false,1,32,32,true,1,
4066600601920,false,פאולנר פחית 500 מל,טמפו משקאות בעמ,,,יח`,500,"מ""ל",false,1,10.90,2.12,true,1,
4066600999614,false,פאולנר 500 מל,טמפו משקאות בעמ,,,יח`,500,"מ""ל",false,1,12.20,2.38,true,1,
4079400330129,false,בירה וולטרס (500 מל),אבאל יזמות בעמ,,,יח`,500,"מ""ל",false,1,6.90,1.32,true,1,
4084500065536,false,פנטן קרם לחות מוגברת לעיצוב השיער 300 מ,דיפלומט מפיצים (1968) בעמ,,,יח`,300,"מ""ל",false,1,20.90,6.97,true,1,
4084500088917,false,נוזל לניקוי כלים לימון פיירי (650 מל),דיפלומט מפיצים (1968) בעמ,,,יח`,650,"מ""ל",false,1,11.90,1.83,true,1,
4084500739253,false,אורל בי משחת שיניים לובן מהודר,דיפלומט מפיצים (1968) בעמ,,,יח`,75,גרם,false,1,29.90,39.87,true,1,
4084500853836,false,פיירי ורדים ומשי 515 מל,דיפלומט מפיצים (1968) בעמ,,,יח`,515,"מ""ל",false,1,11.90,2.31,true,1,
4084500853898,false,פיירי אלוורה ומלפפונים 515 מל,דיפלומט מפיצים (1968) בעמ,,,יח`,515,"מ""ל",false,1,11.90,2.31,true,1,
4210201176718,false,אורל בי ראש חשמלי סנסיטיב רביעייה,דיפלומט מפיצים (1968) בעמ,,,יח`,1,,false,1,87.90,87.90,false,1,
4210201181477,false,אורל בי ראש חשמלי פרוזן 4 יח,דיפלומט מפיצים (1968) בעמ,,,יח`,1,,false,1,92.90,92.90,true,1,
4260147890513,false,איטריות ביצים דקות 500 גר`,דין שיווק וקליה 2021 בעמ,,,יח`,500,גרם,false,1,11.50,2.30,true,1,
4605561010343,false,פילה הרינג בשמן חתיכות 500 גר`,דילר בי.אמ.די פורמולה בעמ,,,יח`,500,גרם,false,1,27.90,5.58,true,1,
4605561011975,false,פילה הרינג בשמן 150 גר`,דילר בי.אמ.די פורמולה בעמ,,,יח`,150,גרם,false,1,8.90,5.93,false,1,
4605561012613,false,פילה  הרינג(קצוץ) בשמן 400 גר`,דילר בי.אמ.די פורמולה בעמ,,,יח`,400,גרם,false,1,16.90,4.23,true,1,
4640018993350,false,פיניש קוואנטום 30 קפסולות שקית לימון,רקיט בנקיזר (ניר איסט) בעמ,,,יח`,1,,false,1,40.90,40.90,false,1,
4640018993398,false,פיניש קוואנטום 60 קפסולות שקית,רקיט בנקיזר (ניר איסט) בעמ,,,יח`,1,,false,1,61.90,61.90,true,1,
4710068001692,false,מאסטר קפה 250 מל לאטה,טמפו משקאות בעמ,,,יח`,250,"מ""ל",false,1,7.20,2.88,true,1,
4710068001715,false,משקה בטעם טירמיסו מאסטר קפה (240 מל),טמפו משקאות בעמ,,,יח`,240,"מ""ל",false,1,7.20,3,true,1,
4710068001739,false,מאסטר קפה 250 מל קולומביאני,טמפו משקאות בעמ,,,יח`,250,"מ""ל",false,1,7.20,2.88,true,1,
4710068002798,false,מאסטר קפה 250 מל ונילה,טמפו משקאות בעמ,,,יח`,250,"מ""ל",false,1,7.20,2.88,true,1,
4770275048019,false,חמאה מלוחה 200 גר`,דילר בי.אמ.די פורמולה בעמ,,,יח`,200,גרם,false,1,15.90,7.95,false,1,
4800888219510,false,דאודורנט סטיק מלפפונים דאב (50 גרם),יוניליוור ישראל שיווק בעמ,,,יח`,50,גרם,false,1,15.20,30.40,true,1,
4800888219534,false,דאב סטיק אורגינל (50 גרם),יוניליוור ישראל שיווק בעמ,,,יח`,50,גרם,false,1,16.30,32.60,true,1,
4810168001056,false,פילה דג הרינג מלוח מצונן 260 גר`,דילר בי.אמ.די פורמולה בעמ,,,יח`,260,גרם,false,1,18.90,7.27,false,1,
4810168057435,false,חתיכות פילה דג הרינג מלוח בשמן 400 גר`,דילר בי.אמ.די פורמולה בעמ,,,יח`,400,גרם,false,1,27.90,6.98,true,1,
4810168058982,false,חתיכות פילה דג הרינג סקנדינבי מלוח בשמן,דילר בי.אמ.די פורמולה בעמ,,,יח`,400,גרם,false,1,27.90,6.98,true,1,
4823077613203,false,שוקולד רושן מריר עם אגוז שלם 90 גר`,דילר בי.אמ.די.אינטרנשויונל בעמ,,,יח`,90,גרם,false,1,8.90,9.89,true,1,
4823077613630,false,חטיף שוקולד רושן ממולה קרם בורלה 43 גר`,דילר בי.אמ.די.אינטרנשויונל בעמ,,,יח`,43,גרם,false,1,4.90,11.40,true,1,
4823077614675,false,ביסקוויט לקפה רושן בטעם חלב 185 גר`,דילר בי.אמ.די.אינטרנשויונל בעמ,,,יח`,185,גרם,false,1,4.90,2.65,true,1,
4823077614699,false,ביסקוויט לקפה רושן בטעם חמאה וניל 185 גר,דילר בי.אמ.די.אינטרנשויונל בעמ,,,יח`,185,גרם,false,1,4.90,2.65,true,1,
4823077614767,false,שוקולד רושן חלב נוגט בטעם אגוזי לוז 90 ג,דילר בי.אמ.די.אינטרנשויונל בעמ,,,יח`,90,גרם,false,1,5.90,6.56,true,1,
4823077614804,false,שוקולד רושן חלב נוגט בטעם אוכמניות כחולו,דילר בי.אמ.די.אינטרנשויונל בעמ,,,יח`,90,גרם,false,1,5.90,6.56,true,1,
4823077621635,false,וופל רושן בטעם חלב 72 גר`,דילר בי.אמ.די.אינטרנשויונל בעמ,,,יח`,72,גרם,false,1,4.90,6.81,true,1,
4823077621659,false,וופל רושן בטעם אגוז 72 גר`,דילר בי.אמ.די.אינטרנשויונל בעמ,,,יח`,72,גרם,false,1,4.90,6.81,true,1,
4823077624223,false,סוכריות ג`לי בוני פרוט בטעמי פירות 200,דילר בי.אמ.די.אינטרנשויונל בעמ,,,יח`,200,גרם,false,1,7.90,3.95,true,1,
4823077624247,false,סוכריות ג`לי בוני פרוט בטעם הדרים 200,דילר בי.אמ.די.אינטרנשויונל בעמ,,,יח`,200,גרם,false,1,7.90,3.95,true,1,
4823077625589,false,וופל רושן בטעם חלב 216 גר`,דילר בי.אמ.די.אינטרנשויונל בעמ,,,יח`,216,גרם,false,1,7.90,3.66,true,1,
4823077625602,false,וופל רושן בטעם שוקולד 216 גר`,דילר בי.אמ.די.אינטרנשויונל בעמ,,,יח`,216,גרם,false,1,7.90,3.66,true,1,
4823077625626,false,וופל רושן בטעם אגוז 216 גר`,דילר בי.אמ.די.אינטרנשויונל בעמ,,,יח`,216,גרם,false,1,7.90,3.66,true,1,
4823077626203,false,שוקולד רושן אורירי מריר 80 גר`,דילר בי.אמ.די.אינטרנשויונל בעמ,,,יח`,80,גרם,false,1,7.90,9.88,true,1,
4823077626227,false,שוקולד אורירי חלב 80 גר`,דילר בי.אמ.די.אינטרנשויונל בעמ,,,יח`,80,גרם,false,1,7.90,9.88,true,1,
4823077626241,false,שוקולד רושן אורירי לבן קרמל 80 גר`,דילר בי.אמ.די.אינטרנשויונל בעמ,,,יח`,80,גרם,false,1,7.90,9.88,true,1,
4823077626364,false,שוקולד רושן אורירי לבן 80 גר`,דילר בי.אמ.די.אינטרנשויונל בעמ,,,יח`,80,גרם,false,1,7.90,9.88,true,1,
4823077631467,false,קרקר עם מלח ים רושן 168 גר`,דילר בי.אמ.די.אינטרנשויונל בעמ,,,יח`,168,גרם,false,1,5.90,3.51,true,1,
4823077631474,false,קרקר קלאסי רושן 168 גר`,דילר בי.אמ.די.אינטרנשויונל בעמ,,,יח`,168,גרם,false,1,5.90,3.51,true,1,
4823077632112,false,וופל רושן בטעם קקאו חלב 216 גר`,דילר בי.אמ.די.אינטרנשויונל בעמ,,,יח`,216,גרם,false,1,7.90,3.66,true,1,
4823077632259,false,חטיף שוקולד רושן עם בוטנים 38 גר`,דילר בי.אמ.די.אינטרנשויונל בעמ,,,יח`,38,גרם,false,1,4.90,12.89,true,1,
4823077632570,false,שוקולד רושן מריר 85 גר` BRUT,דילר בי.אמ.די.אינטרנשויונל בעמ,,,יח`,85,גרם,false,1,7.90,9.29,true,1,
4823077633317,false,עוגיות שוקולד עם חתיכות שוקולד 150 גר`,דילר בי.אמ.די.אינטרנשויונל בעמ,,,יח`,150,גרם,false,1,7.90,5.27,true,1,
4823077633348,false,עוגיות רושן עם חתיכות בוטנים 150 גר`,דילר בי.אמ.די.אינטרנשויונל בעמ,,,יח`,150,גרם,false,1,7.90,5.27,true,1,
4823077633508,false,וופל ROSHETTO במילוי קרם קקאו מצופה 34 ג,דילר בי.אמ.די.אינטרנשויונל בעמ,,,יח`,34,גרם,false,1,4.90,14.41,true,1,
4823077633515,false,וופל ROSHETTO במילוי קרם חלב מצופה 34 גר,דילר בי.אמ.די.אינטרנשויונל בעמ,,,יח`,34,גרם,false,1,4.90,14.41,false,1,
4823077634192,false,עוגיות עם מילוי דובדבן וניל 168 גר`,דילר בי.אמ.די.אינטרנשויונל בעמ,,,יח`,168,גרם,false,1,7.90,4.70,true,1,
4823077634222,false,עוגיות תפוז 135 גר`,דילר בי.אמ.די.אינטרנשויונל בעמ,,,יח`,135,גרם,false,1,7.90,5.85,true,1,
4823077634277,false,עוגיות תות שדה 135 גר`,דילר בי.אמ.די.אינטרנשויונל בעמ,,,יח`,135,גרם,false,1,7.90,5.85,true,1,
4823077636110,false,עוגיות תפוז 420 גר`,דילר בי.אמ.די.אינטרנשויונל בעמ,,,יח`,420,גרם,false,1,17.90,4.26,true,1,
4823077636172,false,וופל רושן בטעם לימון 216 גר,דילר בי.אמ.די.אינטרנשויונל בעמ,,,יח`,216,גרם,false,1,7.90,3.66,true,1,
4823077636578,false,סוכריות טופי כוס חלב 325 גר`,דילר בי.אמ.די.אינטרנשויונל בעמ,,,יח`,325,גרם,false,1,12.90,3.97,false,1,
4823077636592,false,סוכריות ג`לי רושן קרייזי פצ`ולקה 378 ג,דילר בי.אמ.די.אינטרנשויונל בעמ,,,יח`,378,גרם,false,1,12.90,3.41,false,1,
4903001904192,false,רוטב סויה יאמסה פרימיום 500 מל`,ליימן שליסל בעמ,,,יח`,500,"מ""ל",false,1,18.30,3.66,false,1,
4903001925784,false,רוטב סויה יאמאסה מופחת מלח 500 מל,ליימן שליסל בעמ,,,יח`,500,"מ""ל",false,1,18.30,3.66,false,1,
5000157143365,false,מתבל בטעם מיונז וקטשופ 425 מל,דיפלומט היינץ,,,יח`,425,גרם,false,1,15.90,3.74,false,1,
5000168199245,false,שוקולד חלב מעולה בתוספת חתיכות קרם קרמל,תה ויסוצקי (ישראל) בעמ,,,יח`,90,גרם,false,1,15.90,17.67,true,1,
5000189974579,false,קיט קט מיני 200 גר`,קבוצת אסם סחר שות. מוגבלת,,,יח`,200,גרם,false,1,10.90,5.45,false,1,
5000204153903,false,גלייד ספריי מילוי אוטומטי בניחוח מרכך כב,דנשר (1963) בעמ,,,יח`,269,"מ""ל",false,1,18.90,7.03,false,1,
5000204156218,false,מבשם אויר אוטומטי בניחוח לבנדר גלייד 269,דנשר (1963) בעמ,,,יח`,1,,false,1,46.90,46.90,true,1,
5000204182057,false,גלייד ג`ל ריחני בניחוח לבנדר 180 גרם,דנשר (1963) בעמ,,,יח`,180,גרם,false,1,15.90,8.83,true,1,
5000204227192,false,גלייד מבשם מקלות בניחוח רגע של נחת 80 מ,דנשר (1963) בעמ,,,יח`,80,"מ""ל",false,1,30.90,38.63,true,1,
5000394002562,false,סוללות AA אולטרה דורסל) (4,דיפלומט מפיצים (1968) בעמ,,,יח`,1,,false,1,20.30,20.30,false,1,
5000394019171,false,סוללות דורסל D פלוס פאור,דיפלומט מפיצים (1968) בעמ,,,יח`,1,,false,1,25.90,25.90,false,1,
5000394141209,false,דורסל שישיות AAA פלוס פאוור 2021,דיפלומט מפיצים (1968) בעמ,,,יח`,1,,false,1,17.90,17.90,false,1,
5000394203921,false,דורסל זוג סוללת ליתיום 2032,דיפלומט מפיצים (1968) בעמ,,,יח`,1,,false,1,20.90,20.90,false,1,
5010123703547,false,ליסטרין פרש בורסט 500 מל-יבוא מקביל,בית הצעצוע בעמ,,,יח`,500,"מ""ל",false,1,15.90,3.18,true,1,
5010123703585,false,ליסטרין קולמינט 500 מל-יבוא מקביל,בית הצעצוע בעמ,,,יח`,500,"מ""ל",false,1,15.90,3.18,true,1,
5010123730222,false,ליסטרין טוטאל קר 500 מל-יבוא מקביל,בית הצעצוע בעמ,,,יח`,500,"מ""ל",false,1,15.90,3.18,true,1,
5010182997680,false,קוטל נמלים רייד (300 מל),דנשר (1963) בעמ,,,יח`,300,"מ""ל",false,1,20.30,6.77,false,1,
5010182998847,false,דאק נוזל בודד 750 מל כחול,דנשר (1963) בעמ,,,יח`,750,"מ""ל",false,1,11.90,1.59,false,1,
5010182998861,false,דאק נוזל בודד 750מל ירוק,דנשר (1963) בעמ,,,יח`,750,"מ""ל",false,1,11.90,1.59,false,1,
5010622010795,false,מברשת שיניים ילדים 5-7 אורל-בי,דיפלומט מפיצים (1968) בעמ,,,יח`,1,,false,1,16.30,16.30,false,1,
5010622010801,false,מברשת גילאי 8 פלוס אורל-בי,דיפלומט מפיצים (1968) בעמ,,,יח`,1,,false,1,16.30,16.30,false,1,
5013931015741,false,ידית הפלא לשטיפת כלים דיש מטיק,דנשר (1963) בעמ,,,יח`,1,,false,1,19.90,19.90,true,1,
5013931015758,false,מארז 3 יח ספוגי החלפה דיש מטיק,דנשר (1963) בעמ,,,יח`,1,,false,1,19.90,19.90,true,1,
5014271300429,false,מעדן סנט דלפור משמש,א. סיימן סחר בעמ,,,יח`,284,גרם,false,1,21.90,7.71,false,1,
5014271795980,false,מעדן סנט דלפור חמוציות ואוכמניות,א. סיימן סחר בעמ,,,יח`,284,גרם,false,1,21.90,7.71,false,1,
5029053002408,false,נייר טואלט קלינקס 9 לבן,קימברלי קלארק ישראל שיווק בעמ,,,יח`,1,,false,1,33.90,33.90,false,1,
5029053002439,false,נייר טואלט קלינקס 9 צהוב,קימברלי קלארק ישראל שיווק בעמ,,,יח`,1,,false,1,33.90,33.90,false,1,
5029053039725,false,קלינקס טישו נטורל פרש קופסא,קימברלי קלארק ישראל שיווק בעמ,,,יח`,1,,false,1,11.90,11.90,false,1,
5029053523446,false,תחבושות עם כנפיים ללילה קוטקס) (20,קימברלי קלארק ישראל שיווק בעמ,,,יח`,1,,false,1,22.40,22.40,true,1,
5029054220085,false,מגבוני האגיס לרך הנולד רביעייה,קימברלי קלארק ישראל שיווק בעמ,,,יח`,1,,false,1,33.90,33.90,true,1,
5053827215862,false,דגני בוקר קלוגס קוקו פופס בטעם  שוקולד(,דיפלומט היינץ,,,יח`,500,גרם,false,1,20.90,4.18,true,1,
5060517886486,false,משקה אנר`גי פח 500 מל מונסטר,החברה המרכזית להפצת משקאות בעמ,,,יח`,500,"מ""ל",false,1,6.90,1.32,true,1,
5060517886516,false,משקה אנר`גי זירו פח 500 מל מונסטר,החברה המרכזית להפצת משקאות בעמ,,,יח`,500,"מ""ל",false,1,6.90,1.32,true,1,
5060751218173,false,משקה אנר`גי pipline punch מונסטר 500 מל,החברה המרכזית להפצת משקאות בעמ,,,יח`,500,"מ""ל",false,1,6.90,1.32,true,1,
5099864006384,false,תחליף חלב שלב 2 מהדרין סימילאק (900 גרם),שקד תבל בעמ-סימילק,,,יח`,900,גרם,false,1,77.90,8.66,false,1,
5200133120483,false,גליליות וופלים 400 גרם וניל גולדן ברייק,דיפלומט היינץ,,,יח`,400,גרם,false,1,18.50,4.63,false,1,
5201004020338,false,גליליות קלאסיק קפריס 400 גרם,משה סידס ובנו בעמ,,,יח`,400,גרם,false,1,20.90,5.23,false,1,
5201940010110,false,זיתים שחורים קלמנטה בפח,ג.וילי-פוד אינטרנשיונל בעמ,,,יח`,454,גרם,false,1,16.30,3.59,true,1,
5202390020407,false,בסגנון פטה טבעוני 200 גר,דיפלומט היינץ,,,יח`,200,גרם,false,1,26.90,13.45,true,1,
5202390022319,false,ויולייפ צדר מגורדת 150 גר`,דיפלומט היינץ,,,יח`,150,גרם,false,1,22.90,15.27,true,1,
5202390027826,false,ויולייפ תחליף קממבר 150 גר`,דיפלומט היינץ,,,יח`,150,גרם,false,1,23.90,15.93,false,1,
5202390027871,false,ויולייפ תחליף פרמזן מגורדת 100 גר,דיפלומט היינץ,,,יח`,100,גרם,false,1,20.90,20.90,false,1,
5208049006662,false,פאל מאל אקסטרה מנדרינה פאקט,גלוברנדס בעמ - שיווק סיגריות,,,יח`,1,,false,1,260,260,false,1,
5391523057929,false,סימילאק גולד שלב 1 700 גר`,שקד תבל בעמ-סימילק,,,יח`,700,גרם,false,1,74.90,10.70,true,1,
5391523057943,false,סימילאק גולד שלב 3 700 גר`,שקד תבל בעמ-סימילק,,,יח`,700,גרם,false,1,74.90,10.70,true,1,
5391523058070,false,סימילאק אדוונס פלוס שלב 3 700 גר,שקד תבל בעמ-סימילק,,,יח`,700,גרם,false,1,68.90,9.84,true,1,
5391523058087,false,סימילאק אדוונס פלוס שלב 2 700 גר,שקד תבל בעמ-סימילק,,,יח`,700,גרם,false,1,68.90,9.84,true,1,
5410076379378,false,טייד קולור 5 קג,דיפלומט מפיצים (1968) בעמ,,,יח`,5,"ק""ג",false,1,35.90,7.18,true,1,
5410076933129,false,אריאל 3 קג`,דיפלומט מפיצים (1968) בעמ,,,יח`,3000,גרם,false,1,35.60,1.19,false,1,
5410126106183,false,לוטוס קרמל 312 גר`,דיפלומט היינץ,,,יח`,312,גרם,false,1,20.30,6.51,true,1,
5410126116953,false,ממרח ביסקוויט קרמל לוטוס (400 גרם),דיפלומט היינץ,,,יח`,400,גרם,false,1,23.40,5.85,true,1,
5410126666038,false,עוגיות לוטוס 2*18 279 גר`,דיפלומט היינץ,,,יח`,279,גרם,false,1,13.90,4.98,true,1,
5410126726947,false,ממרח עוגיות לוטוס  קראנץ`380 גר`,דיפלומט היינץ,,,יח`,380,גרם,false,1,24.40,6.42,true,1,
5410291022776,false,ממרח צ`וקטה 700 גר` פרווה,ש.שסטוביץ בעמ,,,יח`,700,גרם,false,1,20.90,2.99,false,1,
5411188094159,false,אלפרו מעדן סויה בטעם שוקו מריר רביעייה,שטראוס גרופ בעמ,,,יח`,500,גרם,false,1,16.90,3.38,false,1,
5411188094173,false,אלפרו מעדן סויה בטעם קרמל 4*125מל,שטראוס גרופ בעמ,,,יח`,500,גרם,false,1,16.90,3.38,false,1,
5411188096108,false,אלפרו סויה לבישול ( 250 מל),שטראוס גרופ בעמ/מצונן,,,יח`,250,"מ""ל",false,1,9.90,3.96,true,1,
5411188110835,false,משקה שקדים אלפרו (1 ליטר),שטראוס גרופ בעמ,,,יח`,1,1 ליטר,false,1,13.90,13.90,true,1,
5411188112709,false,משקה שקדים ללס אלפרו (1 ליטר),שטראוס גרופ בעמ,,,יח`,1,1 ליטר,false,1,13.90,13.90,true,1,
5411188115366,false,משקה שיבולת שועל אלפרו (1 ליטר),שטראוס גרופ בעמ,,,יח`,1,1 ליטר,false,1,13.90,13.90,true,1,
5411188115472,false,משקה סויה 1 ליטר אלפרו,שטראוס גרופ בעמ,,,יח`,1,1 ליטר,false,1,13.90,13.90,true,1,
5411188134985,false,אלפרו NOT MILK שיבולת שועל 3.5% שומן 1 ל,שטראוס גרופ בעמ/מצונן,,,יח`,1,1 ליטר,false,1,13.90,13.90,false,1,
5411188135005,false,אלפרו NOT MILK שיבולת שועל 1.8% ליטר,שטראוס גרופ בעמ/מצונן,,,יח`,1,1 ליטר,false,1,13.90,13.90,false,1,
5411188513483,false,אלפרו סויה לבישול 14% 250 מל,שטראוס גרופ בעמ/מצונן,,,יח`,250,"מ""ל",false,1,9.90,3.96,true,1,
5411188543398,false,משקה סויה ללס אלפרו 1 ליטר,שטראוס גרופ בעמ,,,יח`,1,1 ליטר,false,1,13.90,13.90,true,1,
5411718911963,false,סטרונגבואו רוזה אכוהולי 4.5% בטעם דבש,טמפו משקאות בעמ,,,יח`,330,"מ""ל",false,1,9.10,2.67,false,1,
5413149655522,false,אבקת כביסה שושן אריאל 1.25 קג,דיפלומט מפיצים (1968) בעמ,,,יח`,1.30,גרם,false,1,15.90,1223.08,false,1,
5413149922907,false,אריאל 5  קג`קולור,דיפלומט מפיצים (1968) בעמ,,,יח`,5,"ק""ג",false,1,45.90,9.18,true,1,
5413149922938,false,אריאל 5  קג`שושן צחור,דיפלומט מפיצים (1968) בעמ,,,יח`,5,"ק""ג",false,1,45.90,9.18,true,1,
5413149930025,false,טייד 5 קג`,דיפלומט מפיצים (1968) בעמ,,,יח`,5,"ק""ג",false,1,35.90,7.18,true,1,
5604912415003,false,סרדינים בשמן זית פורטוס 125 גר`,דיפלומט היינץ,,,יח`,125,גרם,false,1,7.90,6.32,false,1,
5604912415041,false,סרדינים בשמן חמניה פורטוס 125 גר`,דיפלומט היינץ,,,יח`,125,גרם,false,1,6.90,5.52,false,1,
5604912415058,false,סרדינים בשמן חמניה חריף פורטוס 125 גר`,דיפלומט היינץ,,,יח`,125,גרם,false,1,6.90,5.52,false,1,
5604912425057,false,מקרלים בשמן חמניה חריף פורטוס 125 גר`,דיפלומט היינץ,,,יח`,125,גרם,false,1,6.90,5.52,false,1,
5701932026964,false,הוט פופ 600 גר`,ליימן שליסל בעמ,,,יח`,600,גרם,false,1,16.90,2.82,true,1,
5701932026995,false,הוט פופ לייט 600גר`,ליימן שליסל בעמ,,,יח`,600,גרם,false,1,16.90,2.82,true,1,
5711953106583,false,גבינת שמנת עשבי טבעי 200  גר`ארלה,שטראוס גרופ בעמ/מצונן,,,יח`,200,גרם,false,1,16.90,8.45,true,1,
5711953106590,false,ארלה גבינת שמנת שום 200 גר`,שטראוס גרופ בעמ/מצונן,,,יח`,200,גרם,false,1,16.90,8.45,true,1,
5740900403215,false,ממרח לורפק עם מלח 250 גר`,שטראוס גרופ בעמ/מצונן,,,יח`,250,גרם,false,1,17.90,7.16,false,1,
5740900403222,false,ממרח לורפק עם מלח מופחת שומן 250 גר`,שטראוס גרופ בעמ/מצונן,,,יח`,250,גרם,false,1,17.90,7.16,false,1,
5740900403239,false,ממרח לורפק ללא מלח 250 גר`,שטראוס גרופ בעמ/מצונן,,,יח`,250,גרם,false,1,17.90,7.16,false,1,
5740900403246,false,ממרח לורפק ללא מלח 500 גר`,שטראוס גרופ בעמ/מצונן,,,יח`,500,גרם,false,1,28.90,5.78,false,1,
5740900403253,false,ממרח לורפק עם מלח 500 גר`,שטראוס גרופ בעמ/מצונן,,,יח`,500,גרם,false,1,28.90,5.78,false,1,
5740900403260,false,ממרח לורפק ללא מלח מופחת שומן 250 גר`,שטראוס גרופ בעמ/מצונן,,,יח`,250,גרם,false,1,17.90,7.16,false,1,
5900020012814,false,נסקוויק 500 גר` דגני בוקר,קבוצת אסם סחר שות. מוגבלת,,,יח`,500,גרם,false,1,22.90,4.58,true,1,
5900020018908,false,פיטנס חטיפי דגנים קרם עוגיות,קבוצת אסם סחר שות. מוגבלת,,,יח`,141,גרם,false,1,17.30,12.27,true,1,
5900020025647,false,פיטנס בר דליס שוקולד חלבי,קבוצת אסם סחר שות. מוגבלת,,,יח`,135,גרם,false,1,17.50,12.96,true,1,
5900020026552,false,האני נאט צ`יריוס עידן הקרח 625 גרם,קבוצת אסם סחר שות. מוגבלת,,,יח`,625,גרם,false,1,22.90,3.66,false,1,
5900020037916,false,דגני בוקר שיבולת שועל 375 גר,קבוצת אסם סחר שות. מוגבלת,,,יח`,375,גרם,false,1,16.90,4.51,false,1,
5900394009762,false,וופל אידילה 47 גר`,יעד ממתקים בעמ,,,יח`,47,גרם,false,1,3.50,7.45,true,1,
5900627066715,false,טבליות למדיח כלים פיניש) (100,רקיט בנקיזר (ניר איסט) בעמ,,,יח`,1.81,"ק""ג",false,1,61.90,34.20,false,1,
5901414200411,false,היט מיניס קרם קקאו 130גר בלזן.,ליימן שליסל בעמ,,,יח`,130,גרם,false,1,8.40,6.46,true,1,
5902198160403,false,xl ten פחית 250 מל ללס,טמפו משקאות בעמ,,,יח`,250,"מ""ל",false,1,4.90,1.84,true,1,
5904941751302,false,משקה אנרגיה בפחית בלו (250 מל),בני פאוזי שמשום (2009) בעמ,,,יח`,250,"מ""ל",false,1,3.90,1.44,true,1,
5904941751920,false,בלו דיי משקה אנרגיה,בני פאוזי שמשום (2009) בעמ,,,יח`,250,"מ""ל",false,1,4,1.48,true,1,
5904941752262,false,בלו לימון סיקס ללס 250 מל,בני פאוזי שמשום (2009) בעמ,,,יח`,250,"מ""ל",false,1,3,1.08,true,1,
5906485301012,false,משקה אנרגיה אקסל (250 מל),טמפו משקאות בעמ,,,יח`,250,"מ""ל",false,1,4.90,1.84,true,1,
5997321701806,false,קלגון 1  קג`- אבקת אבנית,רקיט בנקיזר (ניר איסט) בעמ,,,יח`,1,"ק""ג",false,1,31.90,31.90,false,1,
6001067018049,false,מברשת שיניים לילדים +2 ג`ירף קולגייט,פארמה דיל (פ.א.ב.) שיווק והפצה,,,יח`,1,,false,1,5,5,false,1,
6009188004828,false,קיט קאט צ`אנקי לבן 40 גר`,קבוצת אסם סחר שות. מוגבלת,,,יח`,40,גרם,false,1,3.90,9.75,false,1,
6118000240501,false,סרדינים מרוקאים בשמן סויה אגדיר,דין שיווק וקליה 2021 בעמ,,,יח`,125,גרם,false,1,4.90,3.92,false,1,
6901022100409,false,ג`ינג`ר כתוש טרי לירון,ביג פוד כחול לבן בעמ*שיק 30 יו,,,יח`,100,גרם,false,1,6,6,false,1,
6901022100416,false,שום כתוש טרי לירון,ביג פוד כחול לבן בעמ*שיק 30 יו,,,יח`,100,גרם,false,1,6,6,false,1,
7038513866304,false,גורדן מברשת שיניים לילדים 0-2 סטפ 1,דנשר (1963) בעמ,,,יח`,1,,false,1,11.50,11.50,true,1,
7038513866328,false,גורדן מברשת שיניים לילדים 6-8 סטפ 3,דנשר (1963) בעמ,,,יח`,1,,false,1,11.50,11.50,true,1,
7038516140357,false,מברשת שיניים ג`ורדן טוטאל רביעייה,דנשר (1963) בעמ,,,יח`,1,,false,1,21.40,21.40,true,1,
7038516140418,false,מברשת שיניים ג`ורדן טוטאל רביעייה,דנשר (1963) בעמ,,,יח`,1,,false,1,21.40,21.40,true,1,
7046110075562,false,משחת שיניים לשיניים קבועות 6-12 ג`ורדן,דנשר (1963) בעמ,,,יח`,1,,false,1,12.90,12.90,true,1,
7271730901261,false,ארוחת אטריות עם גבינה 156  גר`וויקי מאק,מור-ים מרקטינג בעמ,,,יח`,156,גרם,false,1,11.90,7.63,false,1,
7290000000374,false,פטריות שמפיניון א.א,חוות השמפיניון בעמ,,,יח`,1,,false,1,10.10,10.10,true,1,
7290000023977,false,קלאסיק מרלו יקבי ברקן (750 מל),טמפו משקאות בעמ,,,יח`,750,"מ""ל",false,1,33.90,4.48,true,1,
7290000040042,false,יוגורט ביו 3% תות יופלה (150 גרם),תנובה - חלב,,,יח`,150,"מ""ל",false,1,5.20,3.47,false,1,
7290000040066,false,יופלה דובדבן 3%,תנובה - חלב,,,יח`,150,"מ""ל",false,1,5.20,3.47,false,1,
7290000040080,false,יוגורט ביו 3% אפרסק יופלה (150 גרם),תנובה - חלב,,,יח`,150,"מ""ל",false,1,5.20,3.47,false,1,
7290000040318,false,גבינת עדי ברי 24% קולאז` (125  גרם)קולקש,תנובה - חלב,,,יח`,125,גרם,false,1,18.90,15.12,false,1,
7290000040462,false,גבינת טוסטי,תנובה - חלב,,,יח`,200,גרם,false,1,17.90,8.95,false,1,
7290000040974,false,חלב 2% דל לקטוז בקרטון תנובה (1 ליטר),תנובה - חלב,,,יח`,1,1 ליטר,false,1,7.20,7.20,false,1,
7290000041407,false,גיל 125 גרם,תנובה - חלב,,,יח`,125,"מ""ל",false,1,0.95,0.76,false,1,
7290000041445,false,קוטג`250 5%,תנובה - חלב,,,יח`,250,גרם,false,1,5.50,2.20,false,1,
7290000041452,false,גבינת  קוטג`9% מהדרין תנובה (250 גרם),תנובה - חלב,,,יח`,250,גרם,false,1,5.70,2.28,false,1,
7290000041858,false,שמנת חמוצה מעושר 15% יטבתה (200 מל),שטראוס גרופ בעמ/מצונן,,,יח`,200,"מ""ל",false,1,2.60,1.30,false,1,
7290000041865,false,לבן 4.5% יטבתה (200 מל),שטראוס גרופ בעמ/מצונן,,,יח`,200,"מ""ל",false,1,2.20,1.10,false,1,
7290000041872,false,לבן 3%,שטראוס גרופ בעמ/מצונן,,,יח`,200,"מ""ל",false,1,2.20,1.10,false,1,
7290000042015,false,חלב 3% בשקית בדצ תנובה (1  ליטר)פיקוח,תנובה - חלב,,,יח`,1,1 ליטר,false,1,5.43,5.43,false,1,
7290000042435,false,חלב דל שומן 1% בקרטון תנובה (1  ליטר)פיק,תנובה - חלב,,,יח`,1000,"מ""ל",false,1,5.86,0.59,false,1,
7290000042442,false,חלב 3% בקרטון תנובה (1  ליטר)פיקוח,תנובה - חלב,,,יח`,1000,"מ""ל",false,1,6.23,0.62,false,1,
7290000042855,false,שוקו שקית,שטראוס גרופ בעמ/מצונן,,,יח`,225,"מ""ל",false,1,2.60,1.16,false,1,
7290000043111,false,חמאה תנובה (200  גרם)פיקוח,תנובה - חלב,,,יח`,200,גרם,false,1,7.80,3.90,false,1,
7290000043814,false,השף הלבן שמנת עמיד 38% קר 250,תנובה - חלב,,,יח`,250,"מ""ל",false,1,6.47,2.59,false,1,
7290000043890,false,רויון 1.5% תנובה (1 ליטר),תנובה - חלב,,,יח`,1,1 ליטר,false,1,11.50,11.50,false,1,
7290000044712,false,יוגורט עם תות 1.5% פרילי (500 גרם),תנובה - חלב,,,יח`,500,"מ""ל",false,1,10.90,2.18,false,1,
7290000044880,false,יוגורט בטעם תות שדה 3% באדי (500 גרם),תנובה - חלב,,,יח`,500,"מ""ל",false,1,9.50,1.90,false,1,
7290000045573,false,גבינת נעמה,תנובה - חלב,,,יח`,200,גרם,false,1,15.90,7.95,false,1,
7290000046020,false,גבינת גלבוע 22% תנובה,תנובה - חלב,,,"ק""ג",1000,גרם,true,1,42.58,4.26,false,1,
7290000046327,false,גבינה צהובה 22% גלבוע (200 גרם),תנובה - חלב,,,יח`,200,גרם,false,1,13.20,6.60,false,1,
7290000046563,false,קולאג 23% פרמזן חריץ תנובה,תנובה - חלב,,,"ק""ג",1000,גרם,true,1,113,11.30,false,1,
7290000047546,false,גבינה כנען 500,תנובה - חלב,,,יח`,500,גרם,false,1,24.90,4.98,false,1,
7290000048185,false,גבינה לבנה 5% תנובה (250  גרם)פיקוח,תנובה - חלב,,,יח`,250,גרם,false,1,4.98,1.99,false,1,
7290000048192,false,גבינה לבנה 9% תנובה (250 גרם),תנובה - חלב,,,יח`,250,גרם,false,1,4.70,1.88,false,1,
7290000048413,false,גבינה חמד  (25016%  גרם)פיראוס תנובה,תנובה - חלב,,,יח`,250,גרם,false,1,17.90,7.16,false,1,
7290000048437,false,גבינת צפתית  (2005%  גרם)פיראוס תנובה,תנובה - חלב,,,יח`,200,גרם,false,1,15.90,7.95,false,1,
7290000048451,false,חרמון שקית 16% 250  גר`פיראוס תנובה,תנובה - חלב,,,יח`,250,גרם,false,1,17.50,7,false,1,
7290000049458,false,גבינה בולגרית עיזים  (25016%  גרם)פיראוס,תנובה - חלב,,,יח`,250,גרם,false,1,28.50,11.40,false,1,
7290000050447,false,יוגורט ביו 3% תות יופלה (500 גרם),תנובה - חלב,,,יח`,1,1 ליטר,false,1,12.90,12.90,false,1,
7290000050454,false,יוגורט ביו 3% אפרסק יופלה (500 גרם),תנובה - חלב,,,יח`,500,"מ""ל",false,1,12.90,2.58,false,1,
7290000051307,false,הפסקת אוכל דגני עוגי וחלבי ווניל,תנובה - חלב,,,יח`,150,"מ""ל",false,1,9.90,6.60,false,1,
7290000051352,false,חלב של פעם 3.8% בקרטון תנובה (1 ליטר),תנובה - חלב,,,יח`,1,1 ליטר,false,1,7.70,7.70,false,1,
7290000051376,false,יופלה דיאט אננס 0%,תנובה - חלב,,,יח`,150,"מ""ל",false,1,5.20,3.47,false,1,
7290000051710,false,לאבנה עם שמן זית וזעתר 9% פיראוס תנובה,תנובה - חלב,,,יח`,263,גרם,false,1,14.20,5.40,false,1,
7290000052311,false,עמק פרוס בקופסא 200  גר`15% שומן,תנובה - חלב,,,יח`,200,גרם,false,1,16.30,8.15,false,1,
7290000052946,false,יופלה לבן מעודן שמינייה בדצ,תנובה - חלב,,,יח`,1.20,1 ליטר,false,1,20.90,17.42,false,1,
7290000053219,false,טל העמק 32% צהובה,תנובה - חלב,,,"ק""ג",1000,גרם,true,1,55,5.50,false,1,
7290000053981,false,מאגדת 8 גביעים 4 תות 4 אפרסק,תנובה - חלב,,,יח`,1.20,1 ליטר,false,1,27.90,23.25,false,1,
7290000055015,false,גבינת פטה כבשים  (2505%  גרם)פיראוס בולג,תנובה - חלב,,,יח`,250,גרם,false,1,27.90,11.16,false,1,
7290000055206,false,גבינה לבנה בטעם בצל מטוגן 5%,תנובה - חלב,,,יח`,250,גרם,false,1,5.70,2.28,false,1,
7290000055329,false,יופלה משקה יוגורט 250 מל תות מלון,תנובה - חלב,,,יח`,250,גרם,false,1,5.90,2.36,false,1,
7290000055350,false,עמק פיקוח 28% צהובה מעדנייה,תנובה - חלב,,,"ק""ג",1000,גרם,true,1,44.79,4.48,false,1,
7290000055893,false,חמאה מהדרין תנובה (200  גרם)פיקוח,תנובה - חלב,,,יח`,1,,false,1,7.80,7.80,false,1,
7290000056845,false,חלב טרי 3% תנובה (1.5  ליטר)פיקוח,תנובה - חלב,,,יח`,1500,1 ליטר,false,1,9.35,0.01,false,1,
7290000056906,false,יופלה לבן שמינייה 1.5%,תנובה - חלב,,,יח`,1200,"מ""ל",false,1,17.90,1.49,false,1,
7290000057118,false,סמי עמק 400 גר,תנובה - חלב,,,יח`,400,גרם,false,1,22.20,5.55,false,1,
7290000057132,false,יוגורט ביו 1.5% תנובה (200 גרם),תנובה - חלב,,,יח`,200,גרם,false,1,3.20,1.60,false,1,
7290000057453,false,עמק פיקוח 28% חריץ צהובה בדצ,תנובה - חלב,,,"ק""ג",1000,גרם,true,1,44.79,4.48,false,1,
7290000057552,false,דיאט יופלה עוגת גבינה ותות,תנובה - חלב,,,יח`,150,גרם,false,1,5.20,3.47,false,1,
7290000058030,false,שטוזים משקה יוגורט תות יופלה (100x8 מל),תנובה - חלב,,,יח`,1,,false,1,20.90,20.90,false,1,
7290000058979,false,גיל בטעם תות,תנובה - חלב,,,יח`,125,"מ""ל",false,1,1.60,1.28,false,1,
7290000060071,false,פריכונים מאורז מלא אסם (80 גרם),קבוצת אסם סחר שות. מוגבלת,,,יח`,80,גרם,false,1,9.10,11.38,true,1,
7290000060088,false,בייגלה מקלות עם מלח אסם (400 גרם),קבוצת אסם סחר שות. מוגבלת,,,יח`,400,גרם,false,1,11.50,2.88,true,1,
7290000060200,false,פתיתים אפויים קוסקוס אסם (500 גרם),קבוצת אסם סחר שות. מוגבלת,,,יח`,500,גרם,false,1,7.70,1.54,true,1,
7290000060217,false,פסטה מקרוני מספר 7 אסם (500 גרם),קבוצת אסם סחר שות. מוגבלת,,,יח`,500,גרם,false,1,6.10,1.22,true,1,
7290000060248,false,פסטה תלתלים אסם (500 גרם),קבוצת אסם סחר שות. מוגבלת,,,יח`,500,גרם,false,1,6.10,1.22,true,1,
7290000060408,false,פתיתים אפויים טבעות אסם (500 גרם),קבוצת אסם סחר שות. מוגבלת,,,יח`,500,גרם,false,1,7.70,1.54,true,1,
7290000060415,false,לזניה אסם פרפקטו (500 גרם),קבוצת אסם סחר שות. מוגבלת,,,יח`,500,גרם,false,1,17.30,3.46,false,1,
7290000060576,false,פתיתים אפויים כוכבים אסם (500 גרם),קבוצת אסם סחר שות. מוגבלת,,,יח`,500,גרם,false,1,7.70,1.54,true,1,
7290000060781,false,פסטה מסולסלים אסם (500 גרם),קבוצת אסם סחר שות. מוגבלת,,,יח`,500,גרם,false,1,6.10,1.22,true,1,
7290000060828,false,פסטה קרניים בינוניות אסם (500 גרם),קבוצת אסם סחר שות. מוגבלת,,,יח`,500,גרם,false,1,6.10,1.22,true,1,
7290000060842,false,פסטה צדפים גדולים אסם (500 גרם),קבוצת אסם סחר שות. מוגבלת,,,יח`,500,גרם,false,1,6.10,1.22,true,1,
7290000060880,false,ספגטי אסם (500 גרם),קבוצת אסם סחר שות. מוגבלת,,,יח`,500,גרם,false,1,6.10,1.22,true,1,
7290000060903,false,פתיתים אפויים אורז אסם (500 גרם),קבוצת אסם סחר שות. מוגבלת,,,יח`,500,גרם,false,1,7.70,1.54,true,1,
7290000060958,false,אטריות מובחרות בינוניות אסם (400 גרם),קבוצת אסם סחר שות. מוגבלת,,,יח`,400,גרם,false,1,8.50,2.13,true,1,
7290000060965,false,אטריות רחבות אסם (400 גרם),קבוצת אסם סחר שות. מוגבלת,,,יח`,400,גרם,false,1,8.50,2.13,true,1,
7290000061061,false,קרקר בצל אסם (250 גרם),קבוצת אסם סחר שות. מוגבלת,,,יח`,250,גרם,false,1,11.20,4.48,true,1,
7290000061214,false,פתיתים אפויים 500 גר` קוסקוס+בצל אסם,קבוצת אסם סחר שות. מוגבלת,,,יח`,500,גרם,false,1,7.70,1.54,true,1,
7290000061450,false,פתיתים אפויים 500 גר`3 צבעים אסם,קבוצת אסם סחר שות. מוגבלת,,,יח`,500,גרם,false,1,7.70,1.54,true,1,
7290000061764,false,קפה רד מאג נסקפה (200 גרם),קבוצת אסם סחר שות. מוגבלת,,,יח`,200,גרם,false,1,19.90,9.95,false,1,
7290000062952,false,מיני קרוטונים למרק,קבוצת אסם סחר שות. מוגבלת,,,יח`,250,גרם,false,1,17.30,6.92,false,1,
7290000063102,false,קמח תופח אסם (350 גרם),קבוצת אסם סחר שות. מוגבלת,,,יח`,350,גרם,false,1,5.80,1.66,false,1,
7290000063140,false,שקדי מרק אסם (400 גרם),קבוצת אסם סחר שות. מוגבלת,,,יח`,400,גרם,false,1,13.20,3.30,true,1,
7290000063157,false,קמח תופח אסם (1 קג),קבוצת אסם סחר שות. מוגבלת,,,יח`,1,"ק""ג",false,1,11.20,11.20,false,1,
7290000064871,false,מנה חמה פירה עם בצל אסם (56 גרם),קבוצת אסם סחר שות. מוגבלת,,,יח`,56,גרם,false,1,7.50,13.39,true,1,
7290000065090,false,מיני קרוטונים למרק וסלט,קבוצת אסם סחר שות. מוגבלת,,,יח`,400,גרם,false,1,27.50,6.88,false,1,
7290000065335,false,מנה חמה פירה עם ירקות אסם (55 גרם),קבוצת אסם סחר שות. מוגבלת,,,יח`,55,גרם,false,1,7.50,13.64,true,1,
7290000065557,false,מנה חמה קוסקוס עם ירקות אסם (84 גרם),קבוצת אסם סחר שות. מוגבלת,,,יח`,62,גרם,false,1,7.50,12.10,true,1,
7290000066141,false,ביסלי חטיף בטעם גריל אסם (70 גרם),קבוצת אסם סחר שות. מוגבלת,,,יח`,70,גרם,false,1,4,5.71,true,1,
7290000066172,false,ביסלי חטיף בטעם פיצה אסם (70 גרם),קבוצת אסם סחר שות. מוגבלת,,,יח`,70,גרם,false,1,4,5.71,true,1,
7290000066196,false,ביסלי חטיף בטעם גריל אסם (200 גרם),קבוצת אסם סחר שות. מוגבלת,,,יח`,200,גרם,false,1,9.10,4.55,true,1,
7290000066226,false,ביסלי חטיף בטעם פיצה אסם (200 גרם),קבוצת אסם סחר שות. מוגבלת,,,יח`,200,גרם,false,1,9.10,4.55,true,1,
7290000066295,false,במבה מתוקה בטעם תות אסם (30 גרם),קבוצת אסם סחר שות. מוגבלת,,,יח`,30,גרם,false,1,3,10,false,1,
7290000066318,false,במבה אסם (80 גרם),קבוצת אסם סחר שות. מוגבלת,,,יח`,80,גרם,false,1,4.40,5.50,true,1,
7290000066332,false,אפרופו חטיף תירס אסם (50 גרם),קבוצת אסם סחר שות. מוגבלת,,,יח`,50,גרם,false,1,5.70,11.40,true,1,
7290000066349,false,אפרופו חטיף תירס אסם (100 גרם),קבוצת אסם סחר שות. מוגבלת,,,יח`,100,גרם,false,1,9.40,9.40,false,1,
7290000066431,false,חטיף פופקו חמאה ודבש אסם (80 גרם),קבוצת אסם סחר שות. מוגבלת,,,יח`,80,גרם,false,1,6.10,7.63,true,1,
7290000067544,false,פירורית זהב אסם (200 גרם),קבוצת אסם סחר שות. מוגבלת,,,יח`,200,גרם,false,1,7.10,3.55,false,1,
7290000067599,false,מנה חמה ספגטי בולונז אסם (65 גרם),קבוצת אסם סחר שות. מוגבלת,,,יח`,65,גרם,false,1,7.50,11.54,true,1,
7290000068138,false,פודינג בטעם וניל 80  גר`אסם,קבוצת אסם סחר שות. מוגבלת,,,יח`,80,גרם,false,1,5.90,7.38,false,1,
7290000068190,false,אבקה להכנת ג`לי בטעם תות אסם (90 גרם),קבוצת אסם סחר שות. מוגבלת,,,יח`,90,גרם,false,1,7.80,8.67,false,1,
7290000068237,false,אבקה להכנת ג`לי בטעם פטל אסם (85 גרם),קבוצת אסם סחר שות. מוגבלת,,,יח`,85,גרם,false,1,7.80,9.18,false,1,
7290000068343,false,פריכונים מאורז מלא אסם (140 גרם),קבוצת אסם סחר שות. מוגבלת,,,יח`,140,גרם,false,1,9.90,7.07,true,1,
7290000068701,false,שקדי מרק במיכל,קבוצת אסם סחר שות. מוגבלת,,,יח`,400,גרם,false,1,18.50,4.63,false,1,
7290000068770,false,במבה יום הולדת אסם (80 גרם),קבוצת אסם סחר שות. מוגבלת,,,יח`,80,גרם,false,1,4.40,5.50,true,1,
7290000068787,false,במבה יום הולדת מהדרין אסם (25 גרם),קבוצת אסם סחר שות. מוגבלת,,,יח`,25,גרם,false,1,3.30,13.20,false,1,
7290000069715,false,חטיפי קרקר מלוח אסם (300 גרם),קבוצת אסם סחר שות. מוגבלת,,,יח`,300,גרם,false,1,13.20,4.40,true,1,
7290000070308,false,מרק עוף אמיתי בשרי אסם (400 גרם),קבוצת אסם סחר שות. מוגבלת,,,יח`,400,גרם,false,1,20.40,5.10,false,1,
7290000070322,false,מרק פטריות אסם (400 גרם),קבוצת אסם סחר שות. מוגבלת,,,יח`,400,גרם,false,1,24.90,6.23,true,1,
7290000070353,false,מרק בצל רכיבים טבעיים אסם (400 גרם),קבוצת אסם סחר שות. מוגבלת,,,יח`,400,גרם,false,1,24.90,6.23,true,1,
7290000070919,false,בייגלה רשתות עם מלח אסם (400 גרם),קבוצת אסם סחר שות. מוגבלת,,,יח`,400,גרם,false,1,14.20,3.55,true,1,
7290000071008,false,בייגלה שטוחים טבעות עם מלח אסם (60 גרם),קבוצת אסם סחר שות. מוגבלת,,,יח`,60,גרם,false,1,3.60,6,false,1,
7290000072067,false,במבה במילוי קרם חלבה אסם (60 גרם),קבוצת אסם סחר שות. מוגבלת,,,יח`,60,גרם,false,1,4.40,7.33,true,1,
7290000072623,false,קטשופ אסם (750 גרם),קבוצת אסם סחר שות. מוגבלת,,,יח`,750,גרם,false,1,11.90,1.59,true,1,
7290000072630,false,קטשופ חריף אסם (750 גרם),קבוצת אסם סחר שות. מוגבלת,,,יח`,750,גרם,false,1,13.20,1.76,false,1,
7290000072753,false,קפה טייסטרס צ`ויס נסקפה (200 גרם),קבוצת אסם סחר שות. מוגבלת,,,יח`,200,גרם,false,1,29.90,14.95,false,1,
7290000072777,false,טייסטר צ ויס נטול 200 גר,קבוצת אסם סחר שות. מוגבלת,,,יח`,200,גרם,false,1,36.90,18.45,false,1,
7290000072968,false,סיני מיניס בטעם קינמון נסטלה (500 גרם),קבוצת אסם סחר שות. מוגבלת,,,יח`,375,גרם,false,1,22.90,6.11,true,1,
7290000073125,false,מנה חמה פסטה ברוטב עגבניות אסם (62 גרם),קבוצת אסם סחר שות. מוגבלת,,,יח`,62,גרם,false,1,7.50,12.10,true,1,
7290000073415,false,מנה חמה פסטה ברוטב פיצה אסם (61 גרם),קבוצת אסם סחר שות. מוגבלת,,,יח`,61,גרם,false,1,7.50,12.30,true,1,
7290000073699,false,צבר חומוס 150 גר`,קבוצת אסם סחר שות. מוגבלת,,,יח`,150,גרם,false,1,4.90,3.27,false,1,
7290000073767,false,מנה חמה נודלס בטעם בקר אסם (70 גרם),קבוצת אסם סחר שות. מוגבלת,,,יח`,70,גרם,false,1,8.50,12.14,true,1,
7290000073774,false,מנה חמה נודלס בטעם פיקנטי אסם (70 גרם),קבוצת אסם סחר שות. מוגבלת,,,יח`,76,גרם,false,1,8.50,11.18,true,1,
7290000074153,false,ביסקוויט פתי בר שוקולד אסם (500 גרם),קבוצת אסם סחר שות. מוגבלת,,,יח`,500,גרם,false,1,12.90,2.58,false,1,
7290000074184,false,ביסקוויט פתי בר אסם (500 גרם),קבוצת אסם סחר שות. מוגבלת,,,יח`,500,גרם,false,1,12.20,2.44,true,1,
7290000074245,false,קרם קרקר אסם (250 גרם),קבוצת אסם סחר שות. מוגבלת,,,יח`,250,גרם,false,1,11.20,4.48,true,1,
7290000074276,false,קרקר פיקנטי אסם (250 גרם),קבוצת אסם סחר שות. מוגבלת,,,יח`,250,גרם,false,1,11.20,4.48,true,1,
7290000074375,false,קרקר זהב אסם (150 גרם),קבוצת אסם סחר שות. מוגבלת,,,יח`,150,גרם,false,1,8.40,5.60,true,1,
7290000074696,false,קרם קרקר אסם (1 קג),קבוצת אסם סחר שות. מוגבלת,,,יח`,1,"ק""ג",false,1,30.50,30.50,false,1,
7290000075204,false,קרקר לחמית חיטה מלאה אסם (250 גרם),קבוצת אסם סחר שות. מוגבלת,,,יח`,250,גרם,false,1,10,4,true,1,
7290000075693,false,עוגת הבית שמרים בריוש שוקולד 360 גר`,קבוצת אסם סחר שות. מוגבלת,,,יח`,360,גרם,false,1,19.30,5.36,false,1,
7290000076126,false,בייגלה שמיניות עם מלח אסם (80 גרם),קבוצת אסם סחר שות. מוגבלת,,,יח`,80,גרם,false,1,3.60,4.50,false,1,
7290000076133,false,בייגלה שמיניות עם מלח אסם (400 גרם),קבוצת אסם סחר שות. מוגבלת,,,יח`,400,גרם,false,1,10.10,2.53,true,1,
7290000077253,false,קרקר לחמית כפרית אסם (190 גרם),קבוצת אסם סחר שות. מוגבלת,,,יח`,190,גרם,false,1,12.20,6.42,true,1,
7290000078212,false,קרוטונים מתובלים למרק אסם (250 גרם),קבוצת אסם סחר שות. מוגבלת,,,יח`,250,גרם,false,1,17.30,6.92,false,1,
7290000078762,false,פריכונים בדבש מאורז מלא אסם (80 גרם),קבוצת אסם סחר שות. מוגבלת,,,יח`,80,גרם,false,1,9.10,11.38,true,1,
7290000079233,false,קרם קרקר דל נתרן אסם (250 גרם),קבוצת אסם סחר שות. מוגבלת,,,יח`,250,גרם,false,1,12.20,4.88,true,1,
7290000081663,false,בייגלה טבעות עם שומשום אסם (300 גרם),קבוצת אסם סחר שות. מוגבלת,,,יח`,300,גרם,false,1,10.10,3.37,true,1,
7290000100128,false,פירות קפואים תות 300  גר`סנפרוסט,תנובה קפואים,,,יח`,300,גרם,false,1,17.30,5.77,true,1,
7290000101927,false,אוכמניות כחולות מקופאים 300 גר סנפרוסט,תנובה קפואים,,,יח`,300,גרם,false,1,16.90,5.63,true,1,
7290000101934,false,מיקס פירות יער מוקפאים 300 גר סנפרוסט,תנובה קפואים,,,יח`,300,גרם,false,1,16.90,5.63,true,1,
7290000101941,false,אננס חתוך מוקפא סנפרוסט (300 גרם),תנובה קפואים,,,יח`,300,גרם,false,1,16.90,5.63,true,1,
7290000101958,false,מנגו חתוך מוקפא סנפרוסט (300 גרם),תנובה קפואים,,,יח`,300,גרם,false,1,16.90,5.63,true,1,
7290000103433,false,לקט ירקות ל תנור 800  גר`סנפרוסט,תנובה קפואים,,,יח`,800,גרם,false,1,23.40,2.93,true,1,
7290000103457,false,מיני כרובית סנפרוסט (600 גרם),תנובה קפואים,,,יח`,600,גרם,false,1,19.30,3.22,true,1,
7290000103815,false,לקט להקפצה בסגנון תאילנדי 800  גר`סנפרוס,תנובה קפואים,,,יח`,800,גרם,false,1,25.50,3.19,true,1,
7290000104201,false,אפונה עדינה מוקפאת סנפרוסט (600 גרם),תנובה קפואים,,,יח`,600,גרם,false,1,20.90,3.48,true,1,
7290000104218,false,במיה 600  גר`סנפרוסט,תנובה קפואים,,,יח`,600,גרם,false,1,19.30,3.22,true,1,
7290000104676,false,אפונה 800  גר`סנפרוסט,תנובה קפואים,,,יח`,800,גרם,false,1,17.30,2.16,true,1,
7290000104683,false,שעועית ירוקה שלמה סנפרוסט (800 גרם),תנובה קפואים,,,יח`,800,גרם,false,1,23.40,2.93,true,1,
7290000104690,false,גרעיני תירס מוקפאים סנפרוסט (800 גרם),תנובה קפואים,,,יח`,800,גרם,false,1,18.90,2.36,true,1,
7290000104713,false,פול ירוק 800  גר`סנפרוסט,תנובה קפואים,,,יח`,800,גרם,false,1,27.50,3.44,true,1,
7290000104720,false,שעועית ירוקה חתוכה סנפרוסט (800 גרם),תנובה קפואים,,,יח`,800,גרם,false,1,21.40,2.68,true,1,
7290000104737,false,שעועית צהובה 800  גר`סנפרוסט,תנובה קפואים,,,יח`,800,גרם,false,1,21.40,2.68,true,1,
7290000104744,false,כרובית מוקפאת סנפרוסט (800 גרם),תנובה קפואים,,,יח`,800,גרם,false,1,27.60,3.45,true,1,
7290000104751,false,כרוב ניצנים סנפרוסט (800 גרם),תנובה קפואים,,,יח`,800,גרם,false,1,27.50,3.44,true,1,
7290000104768,false,עלי תרד סנפרוסט (800 גרם),תנובה קפואים,,,יח`,800,גרם,false,1,28.60,3.58,true,1,
7290000104775,false,מדליוני תרד סנפרוסט (800 גרם),תנובה קפואים,,,יח`,800,גרם,false,1,28.60,3.58,true,1,
7290000104799,false,שעועית לבנה מבושלת סנפרוסט (800 גרם),תנובה קפואים,,,יח`,800,גרם,false,1,21.40,2.68,true,1,
7290000104805,false,גרגרי חומוס מבושלים סנפרוסט (800 גרם),תנובה קפואים,,,יח`,800,גרם,false,1,21.40,2.68,true,1,
7290000104829,false,קלחוני תירס 1 קג סנפרוסט,תנובה קפואים,,,יח`,1,"ק""ג",false,1,22.50,22.50,true,1,
7290000104874,false,לקט מוקפא לקוסקוס סנפרוסט (800 גרם),תנובה קפואים,,,יח`,800,גרם,false,1,24.50,3.06,true,1,
7290000104881,false,לקט אפונה וגזר מוקפאים סנפרוסט (800 גרם),תנובה קפואים,,,יח`,800,גרם,false,1,18.30,2.29,true,1,
7290000104911,false,לקט נורמנדי מוקפא סנפרוסט (800 גרם),תנובה קפואים,,,יח`,800,גרם,false,1,17.90,2.24,true,1,
7290000107165,false,חטיף סויה אדממה סנפרוסט (400 גרם),תנובה קפואים,,,יח`,400,גרם,false,1,15.30,3.83,true,1,
7290000107295,false,ברוקולי סנפרוסט (800 גרם),תנובה קפואים,,,יח`,800,גרם,false,1,27.50,3.44,true,1,
7290000110844,false,כיפלי 70  גר`גריל,יוניליוור ישראל שיווק בעמ,,,יח`,70,גרם,false,1,6.10,8.71,true,1,
7290000111117,false,מרכך כביסה לבן בדין (4 ליטר),יוניליוור ישראל שיווק בעמ,,,יח`,4,1 ליטר,false,1,19.90,4.98,false,1,
7290000111186,false,מיונז אמיתי תלמה (500 גרם),יוניליוור ישראל שיווק בעמ,,,יח`,500,גרם,false,1,9.90,1.98,false,1,
7290000111353,false,מיונז אמיתי תלמה (1 קג),יוניליוור ישראל שיווק בעמ,,,יח`,1,"ק""ג",false,1,17.90,17.90,false,1,
7290000111360,false,חרדל אמיתי תלמה (250 גרם),יוניליוור ישראל שיווק בעמ,,,יח`,250,גרם,false,1,7.40,2.96,false,1,
7290000111384,false,חרדל אמיתי תלמה (550 גרם),יוניליוור ישראל שיווק בעמ,,,יח`,550,גרם,false,1,9.90,1.80,true,1,
7290000112220,false,בארכה טחינה 100% שומשום,קבוצת אסם סחר שות. מוגבלת,,,יח`,500,גרם,false,1,14.90,2.98,true,1,
7290000112497,false,מרק עשיר עוף עם אטריות קנור (68 גרם),יוניליוור ישראל שיווק בעמ,,,יח`,75,גרם,false,1,10.90,14.53,true,1,
7290000112619,false,מרק עוף אמיתי בשרי קנור (400 גרם),יוניליוור ישראל שיווק בעמ,,,יח`,400,גרם,false,1,26.50,6.63,true,1,
7290000116204,false,מרק דגש זך טעם עוף קנור (1 קג),יוניליוור ישראל שיווק בעמ,,,יח`,1,"ק""ג",false,1,18.30,18.30,false,1,
7290000116884,false,רוטב ברביקיו קנור (300 מל),יוניליוור ישראל שיווק בעמ,,,יח`,300,"מ""ל",false,1,13.90,4.63,true,1,
7290000117171,false,נמס בכוס מרק עוף דל קל,יוניליוור ישראל שיווק בעמ,,,יח`,46,גרם,false,1,7.50,16.30,false,1,
7290000117720,false,מרק נמס בכוס פטריות קנור (21.5x2 גרם),יוניליוור ישראל שיווק בעמ,,,יח`,43,גרם,false,1,7.60,17.67,true,1,
7290000118277,false,אבקה לקניידלך קנור (2  יח`- 130 גרם),יוניליוור ישראל שיווק בעמ,,,יח`,130,גרם,false,1,13.90,10.69,true,1,
7290000120836,false,מיונז אמיתי הלמנס (394 גרם),יוניליוור ישראל שיווק בעמ,,,יח`,433,גרם,false,1,14.20,3.28,true,1,
7290000120874,false,מיונז לייט הלמנס (424 גרם),יוניליוור ישראל שיווק בעמ,,,יח`,476,גרם,false,1,14.20,2.98,true,1,
7290000121031,false,גבינה חתול 120ג,נטו מלינדה סחר בעמ,,,יח`,120,גרם,false,1,12.20,10.17,true,1,
7290000121093,false,מון בלאן שויצרית,נטו מלינדה סחר בעמ,,,יח`,120,גרם,false,1,12.40,10.33,true,1,
7290000121109,false,מון בלאן זיתים,נטו מלינדה סחר בעמ,,,יח`,120,גרם,false,1,14,11.67,true,1,
7290000121154,false,מון בלאן סלמון,נטו מלינדה סחר בעמ,,,יח`,120,גרם,false,1,16,13.33,true,1,
7290000122830,false,רוטב סצ`ואן קנור (300 מל),יוניליוור ישראל שיווק בעמ,,,יח`,300,"מ""ל",false,1,13.90,4.63,true,1,
7290000133645,false,מש.שיניים אורביטול שלישיה,החברה הדרומית לשיווק בעמ,,,יח`,435,גרם,false,1,21.40,4.92,true,1,
7290000134307,false,קינמון טחון 50 גר`,תבליני טעם וריח בעמ,,,יח`,50,גרם,false,1,6.90,13.80,false,1,
7290000134314,false,תיבול לפיצה 120 גר`,תבליני טעם וריח בעמ,,,יח`,120,גרם,false,1,9.90,8.25,true,1,
7290000134338,false,שום אבקה 90 גר`,תבליני טעם וריח בעמ,,,יח`,90,גרם,false,1,9.90,11,true,1,
7290000134352,false,קינמון טחון 90 גר`,תבליני טעם וריח בעמ,,,יח`,90,גרם,false,1,9.90,11,true,1,
7290000134376,false,פפריקה בשמן 90 גר`,תבליני טעם וריח בעמ,,,יח`,90,גרם,false,1,9.90,11,true,1,
7290000134680,false,קימל שלם 40 גר`,תבליני טעם וריח בעמ,,,יח`,40,גרם,false,1,6.90,17.25,false,1,
7290000134826,false,זעתר מעורב 100 גר`,תבליני טעם וריח בעמ,,,יח`,100,גרם,false,1,9.90,9.90,true,1,
7290000134833,false,כמון טחון 100 גר`,תבליני טעם וריח בעמ,,,יח`,100,גרם,false,1,9.90,9.90,true,1,
7290000134840,false,כורכום טחון 100 גר`,תבליני טעם וריח בעמ,,,יח`,100,גרם,false,1,9.90,9.90,true,1,
7290000134857,false,פפריקה מתוקה 100 גר`,תבליני טעם וריח בעמ,,,יח`,100,גרם,false,1,9.90,9.90,true,1,
7290000134871,false,פלפל שחור טחון 100 גר`,תבליני טעם וריח בעמ,,,יח`,100,גרם,false,1,12.90,12.90,true,1,
7290000134987,false,פלפל שחור גרוס 90 גר`,תבליני טעם וריח בעמ,,,יח`,90,גרם,false,1,12.90,14.33,true,1,
7290000135052,false,משקה אנרגיה מנגו אקסל (250  מל)TEN,טמפו משקאות בעמ,,,יח`,250,"מ""ל",false,1,4.90,1.84,true,1,
7290000135113,false,משקה אנרגיה אקסל נענע ליים ללס (250 מל,טמפו משקאות בעמ,,,יח`,250,"מ""ל",false,1,4.90,1.84,true,1,
7290000135595,false,פפסי מקס דובדבן 1.5 ליטר,טמפו משקאות בעמ,,,יח`,1500,"מ""ל",false,1,8.60,0.57,false,1,
7290000136141,false,פפסי 1.5 ליטר,טמפו משקאות בעמ,,,יח`,1.50,1 ליטר,false,1,9.90,6.40,true,1,
7290000136158,false,פפסי מקס 1.5 ליטר,טמפו משקאות בעמ,,,יח`,1.50,1 ליטר,false,1,8.90,5.73,true,1,
7290000136165,false,מירנדה 1.5 ליטר,טמפו משקאות בעמ,,,יח`,1.50,1 ליטר,false,1,9.90,6.40,true,1,
7290000136172,false,סבן אפ 1.5 ליטר,טמפו משקאות בעמ,,,יח`,1.50,1 ליטר,false,1,9.90,6.40,true,1,
7290000136189,false,סבן אפ דיאט 1.5 ליטר,טמפו משקאות בעמ,,,יח`,1.50,1 ליטר,false,1,8.50,5.47,true,1,
7290000136240,false,סודה טמפו 1.5 ליטר,טמפו משקאות בעמ,,,יח`,1.50,1 ליטר,false,1,3,1.80,false,1,
7290000136455,false,ג`אמפ בטעם אשכוליות 1.5 ליטר,טמפו משקאות בעמ,,,יח`,1.50,1 ליטר,false,1,7.50,4.80,true,1,
7290000136516,false,ג`אמפ בטעם מנגו פסיפלורה 1.5 ליטר,טמפו משקאות בעמ,,,יח`,1.50,1 ליטר,false,1,7.50,4.80,true,1,
7290000136523,false,ג`אמפ בטעם ענבים 1.5 ליטר,טמפו משקאות בעמ,,,יח`,1.50,1 ליטר,false,1,7.50,4.80,true,1,
7290000136561,false,ג`אמפ בטעם תות בננה 1.5 ליטר,טמפו משקאות בעמ,,,יח`,1.50,1 ליטר,false,1,7.50,4.80,true,1,
7290000136585,false,ג`אמפ בטעם תפוזים 1.5 ליטר,טמפו משקאות בעמ,,,יח`,1.50,1 ליטר,false,1,7.50,4.80,true,1,
7290000136646,false,בירה שחורה נשר מאלט (1.5 ליטר),טמפו משקאות בעמ,,,יח`,1.50,1 ליטר,false,1,9.90,6.40,true,1,
7290000136653,false,בירה שחורה דיאט נשר מאלט (1.5 ליטר),טמפו משקאות בעמ,,,יח`,1500,"מ""ל",false,1,9.90,0.64,false,1,
7290000136752,false,סבן אפ דיאט 1.5 שישיה,טמפו משקאות בעמ,,,יח`,9,1 ליטר,false,1,37.90,4.01,false,1,
7290000136776,false,פפסי מקס 1.5 ליטר שישיה,טמפו משקאות בעמ,,,יח`,9,1 ליטר,false,1,38.90,4.12,false,1,
7290000136790,false,סודה טמפו 1.5 ליטר שישייה,טמפו משקאות בעמ,,,יח`,9,1 ליטר,false,1,18.90,1.90,true,1,
7290000136868,false,סאן בנדטו 1.5 ליטר שישייה,טמפו משקאות בעמ,,,יח`,9,1 ליטר,false,1,19.90,2.01,true,1,
7290000137513,false,קרמיסימו גלידונית 60 יח`,גלידות שטראוס בעמ,,,יח`,700,גרם,false,1,52,7.43,false,1,
7290000137643,false,מאגדת-טעמקור 8 יח`,גלידות שטראוס בעמ,,,יח`,1,,false,1,41.80,41.80,false,1,
7290000143187,false,שמפו ומרכך לגבר הוואי (700 מל),הנקל סוד בעמ,,,יח`,700,"מ""ל",false,1,8.90,1.27,false,1,
7290000143217,false,הוואי שמפו לשיער יבש700 מל כחול,הנקל סוד בעמ,,,יח`,700,"מ""ל",false,1,8.90,1.27,false,1,
7290000143255,false,הוואי שמפו לשיער רגיל 700 מל ירוק,הנקל סוד בעמ,,,יח`,700,"מ""ל",false,1,8.90,1.27,false,1,
7290000143262,false,הוואי שמפו 700 מל ילדים,הנקל סוד בעמ,,,יח`,700,"מ""ל",false,1,8.90,1.27,false,1,
7290000143279,false,שמפו למניעת קשקשים הוואי (700 מל),הנקל סוד בעמ,,,יח`,700,"מ""ל",false,1,8.90,1.27,false,1,
7290000143286,false,הוואי מרכך לשיער רגיל 700 מל ירוק,הנקל סוד בעמ,,,יח`,700,"מ""ל",false,1,8.90,1.27,false,1,
7290000143293,false,הוואי מרכך 700 מל ילדים,הנקל סוד בעמ,,,יח`,700,"מ""ל",false,1,8.90,1.27,false,1,
7290000144467,false,שמן חמניות מזוכך עץ הזית (1 ליטר),סוגת תעשיות בעמ,,,יח`,1,1 ליטר,false,1,17.90,17.90,true,1,
7290000144474,false,שמן קנולה מזוכך עץ הזית (1 ליטר),סוגת תעשיות בעמ,,,יח`,1,1 ליטר,false,1,16.90,16.90,true,1,
7290000146928,false,משחת שיניים טום וג`רי 60 גר`,הנקל סוד בעמ,,,יח`,60,גרם,false,1,10.10,16.83,true,1,
7290000146997,false,משחת שיניים לילדים טום וג`רי (50 מל),הנקל סוד בעמ,,,יח`,60,גרם,false,1,10.10,16.83,true,1,
7290000148380,false,פיסטוקים קלויים קליית גת (200 גרם),ליימן שליסל בעמ,,,יח`,200,גרם,false,1,19.90,9.95,true,1,
7290000148489,false,גרעיני דלעת שקית 200 גר`,ליימן שליסל בעמ,,,יח`,200,גרם,false,1,9.90,4.95,false,1,
7290000148748,false,גרעיני חמניה 200 גר`,ליימן שליסל בעמ,,,יח`,200,גרם,false,1,6.90,3.45,true,1,
7290000148939,false,שקדים קלויים קליית גת (200 גרם),ליימן שליסל בעמ,,,יח`,200,גרם,false,1,15.90,7.95,false,1,
7290000149615,false,סבון מוצק לתינוק נקה  (100x47 גרם),החברה הדרומית לשיווק בעמ,,,יח`,400,גרם,false,1,11.90,2.98,true,1,
7290000149905,false,טקסטיל שמפו נוזל,החברה הדרומית לשיווק בעמ,,,יח`,1,1 ליטר,false,1,13.90,13.90,false,1,
7290000149943,false,שמפו טקסטיל בשקית,החברה הדרומית לשיווק בעמ,,,יח`,1,"ק""ג",false,1,14.20,14.20,false,1,
7290000158105,false,שניצל עוף מיני דיזוזאור 700  גר`עוף טוב,קבוצת אסם סחר שות. מוגבלת,,,יח`,700,גרם,false,1,37.70,5.39,true,1,
7290000161358,false,מיונז אמיתי משמן קנולה תלמה (500 גרם),יוניליוור ישראל שיווק בעמ,,,יח`,500,גרם,false,1,16.30,3.26,true,1,
7290000166605,false,סיף פנטסטיק 4 ליטר כללי יסמין,יוניליוור ישראל שיווק בעמ,,,יח`,4,"ק""ג",false,1,27.50,6.88,true,1,
7290000168173,false,ברנפלקס קרנצ`ים 375  גר`בדצ,יוניליוור ישראל שיווק בעמ,,,יח`,375,גרם,false,1,24.40,6.51,true,1,
7290000169538,false,נמס בכוס עגבניות וקרוטונים,יוניליוור ישראל שיווק בעמ,,,יח`,17,גרם,false,1,7.60,44.71,true,1,
7290000169798,false,עוגי מופחת סוכר 500גר,יוניליוור ישראל שיווק בעמ,,,יח`,500,גרם,false,1,20.30,4.06,true,1,
7290000174723,false,שוקולית אבקת שוקו עלית (500 גרם),שטראוס גרופ בעמ,,,יח`,500,גרם,false,1,13.20,2.64,false,1,
7290000176062,false,קפה טורקי עלית (100 גרם),שטראוס גרופ בעמ,,,יח`,100,גרם,false,1,9.10,9.10,false,1,
7290000176079,false,קפה טורקי עם הל עלית (100 גרם),שטראוס גרופ בעמ,,,יח`,100,גרם,false,1,10.90,10.90,false,1,
7290000176413,false,נס קפה קטן פח,שטראוס גרופ בעמ,,,יח`,50,גרם,false,1,10.50,21,false,1,
7290000176420,false,קפה נמס עלית (200 גרם),שטראוס גרופ בעמ,,,יח`,200,גרם,false,1,19.90,9.95,false,1,
7290000176475,false,קפה נמס נטול קפאין האג עלית (200 גרם),שטראוס גרופ בעמ,,,יח`,200,גרם,false,1,38.10,19.05,false,1,
7290000178707,false,חטיף צ`יפס בטעם טבעי תפוצ`יפס (50 גרם),שטראוס פריטו ליי בעמ,,,יח`,50,גרם,false,1,4,8,false,1,
7290000178721,false,חטיף צ`יפס בטעם טבעי תפוצ`יפס (200 גרם),שטראוס פריטו ליי בעמ,,,יח`,200,גרם,false,1,11.50,5.75,true,1,
7290000185330,false,סילאן טבעי 900 גרם,תה ויסוצקי (ישראל) בעמ,,,יח`,900,גרם,false,1,24.90,2.77,true,1,
7290000186030,false,מגבוני האגיס רביעייה עם תחליב,קימברלי קלארק ישראל שיווק בעמ,,,יח`,1,,false,1,33.90,33.90,true,1,
7290000187921,false,נייר טואלט קלאסיק לבן לילי) (32,קימברלי קלארק ישראל שיווק בעמ,,,יח`,1969,גרם,false,1,40.90,2.08,false,1,
7290000187938,false,נייר טואלט פסטל לילי 32 גלילים,קימברלי קלארק ישראל שיווק בעמ,,,יח`,1,,false,1,33.90,33.90,false,1,
7290000188355,false,מגבת נייר ניקול) (6,קימברלי קלארק ישראל שיווק בעמ,,,יח`,1,,false,1,13.50,13.50,false,1,
7290000189192,false,מגבת רב שימושית ניקול,קימברלי קלארק ישראל שיווק בעמ,,,יח`,1,יח`,false,1,20.90,20.90,false,1,
7290000189550,false,זוג אשפתון 90x78 ניקול) (10x2,קימברלי קלארק ישראל שיווק בעמ,,,יח`,1,יח`,false,1,25.90,25.90,false,1,
7290000189598,false,מטליות לחות לניקוי כללי ניקול) (50,קימברלי קלארק ישראל שיווק בעמ,,,יח`,1,יח`,false,1,13.90,13.90,true,1,
7290000189659,false,מטליות לחות לניקוי רצפה ניקול) (10,קימברלי קלארק ישראל שיווק בעמ,,,יח`,1,יח`,false,1,15.90,15.90,true,1,
7290000189734,false,מטליות לחות לניקוי פרקטים ניקול) (10,קימברלי קלארק ישראל שיווק בעמ,,,יח`,1,,false,1,23.90,23.90,true,1,
7290000191645,false,האגיס ניו  בורן- רך נולד,קימברלי קלארק ישראל שיווק בעמ,,,יח`,1,,false,1,30.90,30.90,false,1,
7290000193014,false,מגן תחתון לילי) (50,קימברלי קלארק ישראל שיווק בעמ,,,יח`,1,,false,1,12.20,12.20,false,1,
7290000193083,false,תחבושות נובה-לי לילי) (28,קימברלי קלארק ישראל שיווק בעמ,,,יח`,1,,false,1,12.20,12.20,false,1,
7290000193205,false,תח`לילי נטורל לילה,קימברלי קלארק ישראל שיווק בעמ,,,יח`,1,יח`,false,1,16.90,16.90,false,1,
7290000193472,false,מגן תחתון נטורל נורמל לילי) (60,קימברלי קלארק ישראל שיווק בעמ,,,יח`,1,יח`,false,1,16.90,16.90,false,1,
7290000193540,false,מגן תחתון נטורל לונג לילי) (52,קימברלי קלארק ישראל שיווק בעמ,,,יח`,1,יח`,false,1,16.90,16.90,false,1,
7290000193656,false,תחבושות נטורל סופר עם כנפיים לילי) (24,קימברלי קלארק ישראל שיווק בעמ,,,יח`,1,יח`,false,1,16.90,16.90,false,1,
7290000194288,false,משטח החתלה האגיס) (10,קימברלי קלארק ישראל שיווק בעמ,,,יח`,1,,false,1,28.50,28.50,false,1,
7290000194837,false,שקיות מזון גדולות עם ידית ניקול) (200,קימברלי קלארק ישראל שיווק בעמ,,,יח`,1,,false,1,14.90,14.90,true,1,
7290000195537,false,מגבוני האגיס דיילי קר ללא בישום 4*64,קימברלי קלארק ישראל שיווק בעמ,,,יח`,1,,false,1,21.90,21.90,true,1,
7290000195773,false,מגבוני האגיס סנסיטיב קייר ללא בישום 4*64,קימברלי קלארק ישראל שיווק בעמ,,,יח`,1,,false,1,21.90,21.90,true,1,
7290000196039,false,מפת שולחן 110*180 סמ ניקול) (2,קימברלי קלארק ישראל שיווק בעמ,,,יח`,250,גרם,false,1,13.90,5.56,false,1,
7290000197012,false,שקית  ריצ`רץ`למזון ניקול) (15,קימברלי קלארק ישראל שיווק בעמ,,,יח`,15,יח`,false,1,15.90,1.06,false,1,
7290000197081,false,ניילון נצמד ניקול 150 מטר סליידר,קימברלי קלארק ישראל שיווק בעמ,,,יח`,150,,false,1,39.90,0.27,true,1,
7290000197456,false,חיתולי פרידום דריי שלב 4 האגיס) (44,קימברלי קלארק ישראל שיווק בעמ,,,יח`,1,,false,1,43.90,43.90,true,1,
7290000197463,false,חיתולי פרידום דריי שלב +4 האגיס) (40,קימברלי קלארק ישראל שיווק בעמ,,,יח`,1,,false,1,43.90,43.90,true,1,
7290000197548,false,חיתולי פרידום דריי שלב 5 האגיס) (36,קימברלי קלארק ישראל שיווק בעמ,,,יח`,1,,false,1,43.90,43.90,true,1,
7290000197678,false,חיתולי פרידום דריי שלב 6 האגיס) (30,קימברלי קלארק ישראל שיווק בעמ,,,יח`,1,,false,1,43.90,43.90,true,1,
7290000197753,false,זוג ניילון נצמד ניקול (30x2 מטר),קימברלי קלארק ישראל שיווק בעמ,,,יח`,1,יח`,false,1,14.90,14.90,true,1,
7290000197982,false,ניקול-רדיד עבה 7.5*45,קימברלי קלארק ישראל שיווק בעמ,,,יח`,2,יח`,false,1,26.90,13.45,true,1,
7290000199313,false,תחבושות קוטקס יאנג,קימברלי קלארק ישראל שיווק בעמ,,,יח`,1,,false,1,22.40,22.40,true,1,
7290000201856,false,חיתולי פרימיום שלב 4+ טיטולים) (38,קימברלי קלארק ישראל שיווק בעמ,,,יח`,1,,false,1,40.70,40.70,true,1,
7290000201863,false,חיתולי פרימיום שלב 5 טיטולים) (34,קימברלי קלארק ישראל שיווק בעמ,,,יח`,1,,false,1,40.70,40.70,true,1,
7290000201870,false,חיתולי פרימיום שלב 6 טיטולים) (30,קימברלי קלארק ישראל שיווק בעמ,,,יח`,1,,false,1,40.70,40.70,true,1,
7290000201979,false,האגיס מגבונים מארז  *724יח ללא בישום,קימברלי קלארק ישראל שיווק בעמ,,,יח`,1,,false,1,21.90,21.90,false,1,
7290000204086,false,כריות קרצוף סקוטש ניקול) (3,קימברלי קלארק ישראל שיווק בעמ,,,יח`,3,יח`,false,1,13.90,4.63,true,1,
7290000204147,false,כרית יפנית רביעייה ניקול,קימברלי קלארק ישראל שיווק בעמ,,,יח`,4,יח`,false,1,13.90,3.48,true,1,
7290000204215,false,כריות יפניות ניקול) (6,קימברלי קלארק ישראל שיווק בעמ,,,יח`,600,גרם,false,1,13.90,2.32,true,1,
7290000204239,false,ניקול מטליות רצפה רביעיה,קימברלי קלארק ישראל שיווק בעמ,,,יח`,4,יח`,false,1,14.90,3.73,true,1,
7290000204253,false,מטליות רב שימושיות לניקיון ניקול) (9,קימברלי קלארק ישראל שיווק בעמ,,,יח`,9,יח`,false,1,13.90,1.54,true,1,
7290000204512,false,מטליות לחות לרצפה בריח לימון 10 יח,קימברלי קלארק ישראל שיווק בעמ,,,יח`,1,,false,1,15.90,15.90,true,1,
7290000205762,false,האגיס חיתולי אקסטרה קר 3 48 יח,קימברלי קלארק ישראל שיווק בעמ,,,יח`,1,,false,1,46.90,46.90,false,1,
7290000207063,false,רוטב עגבניות 240  גר`פריכוז יכין,זנלכל בעמ,,,יח`,240,גרם,false,1,5.90,2.46,false,1,
7290000207162,false,רוטב עגבניות 22% יכין (100 גרם),זנלכל בעמ,,,יח`,100,גרם,false,1,3.50,3.50,true,1,
7290000207438,false,עגבניות מקולפות חתוכות לקוביות,זנלכל בעמ,,,יח`,800,גרם,false,1,10.90,1.36,false,1,
7290000208022,false,עגבניות מרוסקות יכין (800 גרם),זנלכל בעמ,,,יח`,800,גרם,false,1,10.90,1.36,false,1,
7290000208077,false,אפונת גינה גדולה יכין (550 גרם),זנלכל בעמ,,,יח`,550,גרם,false,1,9.50,1.73,true,1,
7290000208114,false,אפונת גינה וגזר יכין (550 גרם),זנלכל בעמ,,,יח`,550,גרם,false,1,9.50,1.73,true,1,
7290000208138,false,סירופ דיאט בטעם ענבים יכין (1 ליטר),זנלכל בעמ,,,יח`,1000,"מ""ל",false,1,17.90,1.79,false,1,
7290000208145,false,תירס לייט יכין (550 גרם),זנלכל בעמ,,,יח`,550,גרם,false,1,10.90,1.98,false,1,
7290000208213,false,שעועית לבנה ברוטב עגבניות יכין (580 גרם),זנלכל בעמ,,,יח`,580,גרם,false,1,10.50,1.81,true,1,
7290000208220,false,שעועית צ`ילי מקסיקני חריף יכין (550 גרם),זנלכל בעמ,,,יח`,580,גרם,false,1,11.50,1.98,false,1,
7290000208312,false,גרעיני תירס מתוק יכין,זנלכל בעמ,,,יח`,400,גרם,false,1,7.50,1.88,true,1,
7290000208329,false,גרעיני תירס מתוק יכין (550 גרם),זנלכל בעמ,,,יח`,550,גרם,false,1,9.50,1.73,true,1,
7290000208336,false,רוטב עגבניות 22% יכין (240 גרם),זנלכל בעמ,,,יח`,240,גרם,false,1,5.50,2.29,true,1,
7290000208350,false,עגבניות מרוסקות עם בצל יכין (800 גרם),זנלכל בעמ,,,יח`,800,גרם,false,1,10.90,1.36,false,1,
7290000208404,false,פול מצרי יכין (550 גרם),זנלכל בעמ,,,יח`,550,גרם,false,1,10.50,1.91,false,1,
7290000208428,false,חומוס שלם יכין (550 גרם),זנלכל בעמ,,,יח`,550,גרם,false,1,10.50,1.91,true,1,
7290000208459,false,ירקות מעורבים יכין (550 גרם),זנלכל בעמ,,,יח`,550,גרם,false,1,10.90,1.98,false,1,
7290000208480,false,תירס בטעם חמאה יכין A2,זנלכל בעמ,,,יח`,550,גרם,false,1,10.90,1.98,false,1,
7290000208534,false,תירס קיד גרעיני תירס מתוק יכין (550 גרם),זנלכל בעמ,,,יח`,550,גרם,false,1,10.90,1.98,false,1,
7290000208855,false,רוטב לפסטה קלאסי יכין (240 גרם),זנלכל בעמ,,,יח`,240,גרם,false,1,6.50,2.71,false,1,
7290000208893,false,תירס לייט יכין (400 גרם),זנלכל בעמ,,,יח`,340,גרם,false,1,7.50,2.21,true,1,
7290000208930,false,עגבניות מרוסקות עם שום יכין (240 גרם),זנלכל בעמ,,,יח`,240,גרם,false,1,6.50,2.71,false,1,
7290000208947,false,עגבניות מרוסקות יכין (240 גרם),זנלכל בעמ,,,יח`,240,גרם,false,1,6.50,2.71,false,1,
7290000209012,false,חומץ 5% יכין (1 ליטר),זנלכל בעמ,,,יח`,1,1 ליטר,false,1,7.90,7.90,true,1,
7290000209043,false,מיץ לימון משומר לתיבול יכין (1 ליטר),זנלכל בעמ,,,יח`,1,1 ליטר,false,1,8.50,8.50,true,1,
7290000209173,false,חומץ סינטטי 5% יכין (1 ליטר),זנלכל בעמ,,,יח`,1000,גרם,false,1,5.90,0.59,false,1,
7290000209371,false,מארז גרעיני תירס מתוק יכין (200x3 גרם),זנלכל בעמ,,,יח`,600,גרם,false,1,15.90,2.65,false,1,
7290000209388,false,תירס לייט שלשות OZ6,זנלכל בעמ,,,יח`,165,גרם,false,1,15.90,9.64,false,1,
7290000209524,false,סירופ דיאט בטעם פטל יכין (1 ליטר),זנלכל בעמ,,,יח`,1000,"מ""ל",false,1,17.90,1.79,false,1,
7290000209555,false,סירופ 1 ליטר דיאט תפוחים,זנלכל בעמ,,,יח`,1000,"מ""ל",false,1,17.90,1.79,false,1,
7290000209708,false,עגבניות מרוסקות בזיליקום 240  גר`יכין,זנלכל בעמ,,,יח`,240,גרם,false,1,6.50,2.71,false,1,
7290000209722,false,רוטב עגבניות 28% יכין (580  גרם)פריכוז,זנלכל בעמ,,,יח`,580,גרם,false,1,11.90,2.05,false,1,
7290000209913,false,עגבניות קוביות 240  גר`יכין,זנלכל בעמ,,,יח`,240,גרם,false,1,6.50,2.71,false,1,
7290000209951,false,רוטב לפיצה יכין (240 גרם),זנלכל בעמ,,,יח`,240,גרם,false,1,6.50,2.71,false,1,
7290000210896,false,רוטב בולונז יכין (240 גרם),זנלכל בעמ,,,יח`,240,גרם,false,1,6.90,2.88,false,1,
7290000211169,false,אורז בסגנון תאילנדי סוגת (1 קג),סוגת תעשיות בעמ,,,יח`,1,"ק""ג",false,1,7.90,7.90,true,1,
7290000211312,false,אורז מלא ארוך סוגת (1 קג),סוגת תעשיות בעמ,,,יח`,1,"ק""ג",false,1,8.90,8.90,false,1,
7290000211442,false,אורז בסגנון פרסי קלאסי סוגת (1 קג),סוגת תעשיות בעמ,,,יח`,1,"ק""ג",false,1,10.90,10.90,false,1,
7290000211503,false,סוכר לבן סוגת (1 קג),סוגת תעשיות בעמ,,,יח`,1,"ק""ג",false,1,4,4,false,1,
7290000211985,false,אורז ריזוטו עגול סוגת (1 קג),סוגת תעשיות בעמ,,,יח`,1,"ק""ג",false,1,11.50,11.50,false,1,
7290000238029,false,בצק עלים מרודד מעדנות (1 קג),תנובה קפואים,,,יח`,1000,גרם,false,1,24.40,2.44,false,1,
7290000238036,false,מלווח מעדנות (6 יח` - 700 גרם),תנובה קפואים,,,יח`,700,גרם,false,1,18.30,2.61,false,1,
7290000238173,false,בורקס גבינה מעדנות,תנובה קפואים,,,יח`,800,גרם,false,1,24.80,3.10,false,1,
7290000238180,false,בורקס תפוא מעדנות,תנובה קפואים,,,יח`,800,גרם,false,1,21.40,2.68,false,1,
7290000240541,false,ריבועי בצק עלים מעדנות,תנובה קפואים,,,יח`,800,גרם,false,1,26.60,3.33,false,1,
7290000245270,false,אבקת כביסה פרסיל 1.250 קג`,גורי שיווק בעמ,,,יח`,1.25,"ק""ג",false,1,16.30,13.04,false,1,
7290000245287,false,אבקת כביסה פרסיל 1.250 קג`,גורי שיווק בעמ,,,יח`,1.25,"ק""ג",false,1,16.30,13.04,false,1,
7290000245782,false,מרכך כביסה ורוד סוד (4 ליטר),גורי שיווק בעמ,,,יח`,4,1 ליטר,false,1,17.90,4.48,false,1,
7290000253220,false,שוקולדצ`יפס לאפייה 260  גר`אופנהיימר,תה ויסוצקי (ישראל) בעמ,,,יח`,260,גרם,false,1,12.90,4.96,false,1,
7290000262031,false,נייר טואלט לב מולט) (32,קימברלי קלארק ישראל שיווק בעמ,,,יח`,1850,גרם,false,1,30.90,1.67,false,1,
7290000262413,false,האגיס חיתולי אקסטרה קר מידה 5 34,קימברלי קלארק ישראל שיווק בעמ,,,יח`,1,,false,1,46.90,46.90,false,1,
7290000272696,false,מיץ לימון משומר עסיס (1 ליטר),קבוצת אסם סחר שות. מוגבלת,,,יח`,1,1 ליטר,false,1,10.10,10.10,false,1,
7290000272726,false,חומץ 5% עסיס (1 ליטר),קבוצת אסם סחר שות. מוגבלת,,,יח`,1,1 ליטר,false,1,8.40,8.40,false,1,
7290000286228,false,כרית יפנית סנו סושי) (6,החברה הדרומית לשיווק בעמ,,,יח`,6,יח`,false,1,12.90,2.15,true,1,
7290000286297,false,אנטי קאלק מסיר אבן מקומקום,החברה הדרומית לשיווק בעמ,,,יח`,700,"מ""ל",false,1,10.90,1.56,true,1,
7290000286594,false,סנו X לימון במיכל,החברה הדרומית לשיווק בעמ,,,יח`,600,גרם,false,1,10.90,1.82,false,1,
7290000286761,false,ניילון נצמד סנו סושי (30x2 מטר),החברה הדרומית לשיווק בעמ,,,יח`,1,,false,1,12.90,12.90,true,1,
7290000286945,false,תרסיס רהיט סנו (500 מל),החברה הדרומית לשיווק בעמ,,,יח`,500,"מ""ל",false,1,26.90,5.38,false,1,
7290000287195,false,תרסיס רהיט סנו (300 מל),החברה הדרומית לשיווק בעמ,,,יח`,305,"מ""ל",false,1,14.90,4.89,false,1,
7290000287430,false,סנובון לאסלה לימון סנו (55x3 גרם),החברה הדרומית לשיווק בעמ,,,יח`,165,גרם,false,1,12.90,7.82,true,1,
7290000287492,false,סנובון נוזלי 750 מל,החברה הדרומית לשיווק בעמ,,,יח`,750,"מ""ל",false,1,11.90,1.59,true,1,
7290000288024,false,אקונומיקה ז`אוול לימון סנו (4 ליטר),החברה הדרומית לשיווק בעמ,,,יח`,4000,"מ""ל",false,1,17.90,0.45,false,1,
7290000288048,false,ז`אוול מרסס לניקוי כללי לבנדר סנו (1 ליט,החברה הדרומית לשיווק בעמ,,,יח`,1,1 ליטר,false,1,19.90,19.90,true,1,
7290000288109,false,סנו מקסימה 1.25 קג`,החברה הדרומית לשיווק בעמ,,,יח`,1.25,"ק""ג",false,1,14.90,11.92,true,1,
7290000288253,false,קוטל מעופפים קיי 400 סנו (630 מל),החברה הדרומית לשיווק בעמ,,,יח`,630,"מ""ל",false,1,25.90,4.11,true,1,
7290000288352,false,קוטל חרקים קיי 300 סנו (630 מל),החברה הדרומית לשיווק בעמ,,,יח`,630,"מ""ל",false,1,21.90,3.48,true,1,
7290000288390,false,קוטל זבובים יתושים קיי 600 סנו (500 מל),החברה הדרומית לשיווק בעמ,,,יח`,475,"מ""ל",false,1,22.90,4.82,true,1,
7290000288642,false,סנו מקסימה4 ליטר ורוד פסים,החברה הדרומית לשיווק בעמ,,,יח`,4,1 ליטר,false,1,22.40,5.60,true,1,
7290000288840,false,מים מזוקקים 2 ליטר לגיהוץ,החברה הדרומית לשיווק בעמ,,,יח`,2,1 ליטר,false,1,13.90,6.95,true,1,
7290000289069,false,סנו ז`אוול מרסס 1 ליטר,החברה הדרומית לשיווק בעמ,,,יח`,1,1 ליטר,false,1,19.90,19.90,true,1,
7290000289472,false,סושי שקיות אשפה גדולות 50 יח`,החברה הדרומית לשיווק בעמ,,,יח`,1,,false,1,18.90,18.90,false,1,
7290000289496,false,קרם לניקוי כללי לימון סנו (750 מל),החברה הדרומית לשיווק בעמ,,,יח`,750,"מ""ל",false,1,11.90,1.59,false,1,
7290000289595,false,מש.שיניים אורביטול ילדים,החברה הדרומית לשיווק בעמ,,,יח`,145,גרם,false,1,8.90,6.14,false,1,
7290000289748,false,מסיר שומנים פורטה פלוס סנו (750 מל),החברה הדרומית לשיווק בעמ,,,יח`,750,"מ""ל",false,1,14.90,1.99,true,1,
7290000289885,false,סנופרש יבש,החברה הדרומית לשיווק בעמ,,,יח`,375,"מ""ל",false,1,11.90,3.17,true,1,
7290000289915,false,סנופרש יבש,החברה הדרומית לשיווק בעמ,,,יח`,375,"מ""ל",false,1,11.90,3.17,true,1,
7290000291857,false,פוליויקס 2 ליטר,החברה הדרומית לשיווק בעמ,,,יח`,2,1 ליטר,false,1,21.90,10.95,true,1,
7290000292311,false,פוליויקס 2 ליטר,החברה הדרומית לשיווק בעמ,,,יח`,2,1 ליטר,false,1,21.90,10.95,true,1,
7290000292502,false,קוטל נמלים קיי 800 סנו (300  מל),החברה הדרומית לשיווק בעמ,,,יח`,300,"מ""ל",false,1,16.80,5.60,false,1,
7290000292687,false,סנובון לאסלה קלאסיק כחול סנו (55x3 גרם),החברה הדרומית לשיווק בעמ,,,יח`,165,גרם,false,1,18.90,11.45,true,1,
7290000292915,false,רסס ונגב לניקוי כללי תרסיס סנו (750 מל),החברה הדרומית לשיווק בעמ,,,יח`,750,"מ""ל",false,1,15.90,2.12,true,1,
7290000293073,false,סנו מקסימה4 ליטר לבן,החברה הדרומית לשיווק בעמ,,,יח`,4,1 ליטר,false,1,22.40,5.60,true,1,
7290000294391,false,סנוג`ט יכול הכל סחלבים סנו (4 ליטר),החברה הדרומית לשיווק בעמ,,,יח`,4,1 ליטר,false,1,18.90,4.73,false,1,
7290000294773,false,אקונומיקה ז`אוול לבנדר סנו (4 ליטר),החברה הדרומית לשיווק בעמ,,,יח`,4000,"מ""ל",false,1,17.90,0.45,false,1,
7290000294780,false,אקונומיקה ז`אוול סמיכה סנו (4 ליטר),החברה הדרומית לשיווק בעמ,,,יח`,4000,"מ""ל",false,1,17.90,0.45,false,1,
7290000295121,false,מטלית ריצפה זיגזג סנו סושי) (3,החברה הדרומית לשיווק בעמ,,,יח`,1,,false,1,10.90,10.90,true,1,
7290000295299,false,כרית יפנית לכלים אקטיב סנו סושי) (4,החברה הדרומית לשיווק בעמ,,,יח`,1,,false,1,10.90,10.90,true,1,
7290000295336,false,סנו מקסימה 1.25 קג`,החברה הדרומית לשיווק בעמ,,,יח`,1.25,"ק""ג",false,1,14.90,11.92,true,1,
7290000295404,false,שקיות אשפה לפח 65x54 סנו סושי) (60,החברה הדרומית לשיווק בעמ,,,יח`,1,,false,1,23.90,23.90,true,1,
7290000295503,false,שקיות סנדביצ`ים סנו סושי) (150x2,החברה הדרומית לשיווק בעמ,,,יח`,1,,false,1,15.90,15.90,false,1,
7290000295541,false,רב מגבת ג`מבו סנו סושי,החברה הדרומית לשיווק בעמ,,,יח`,390,גרם,false,1,20.90,5.36,true,1,
7290000295558,false,סושי רדיד אלומיניום צמד,החברה הדרומית לשיווק בעמ,,,יח`,1,,false,1,12.90,12.90,true,1,
7290000295794,false,ספוגיות אל חלד סנו) (3,החברה הדרומית לשיווק בעמ,,,יח`,1,,false,1,10.90,10.90,true,1,
7290000295824,false,רדיד אלומיניום 100 מטר סושי,החברה הדרומית לשיווק בעמ,,,יח`,1,,false,1,50.90,50.90,true,1,
7290000300900,false,טבעול-שניצל תירס 750 גרם,קבוצת אסם סחר שות. מוגבלת,,,יח`,750,גרם,false,1,25.40,3.39,false,1,
7290000307800,false,פול קפוא 800  גר`פרי גליל,ויטה -פרי גליל (החדשה) בעמ,,,יח`,800,גרם,false,1,10.90,1.36,false,1,
7290000311180,false,וופל עשיריות 25*10 מן,רוקחמן בעמ,,,יח`,250,גרם,false,1,8.40,3.36,false,1,
7290000311203,false,וופל שוקולד מן (200 גרם),רוקחמן בעמ,,,יח`,200,גרם,false,1,5.50,2.75,false,1,
7290000311258,false,ופל מן מצופה 250 גר מן,רוקחמן בעמ,,,יח`,250,גרם,false,1,6.90,2.76,true,1,
7290000311272,false,וופל 180  גר`חלבה מן,רוקחמן בעמ,,,יח`,180,גרם,false,1,5.50,3.06,false,1,
7290000311357,false,וופל אגוזית 10יח*28גר מן,רוקחמן בעמ,,,יח`,280,גרם,false,1,12.90,4.61,false,1,
7290000311364,false,וופל בטעם שוקולד 10יח*21גר מן,רוקחמן בעמ,,,יח`,210,גרם,false,1,8.40,4,false,1,
7290000311425,false,ופלים מצופים מן (22x10 גרם),רוקחמן בעמ,,,יח`,200,גרם,false,1,9.90,4.95,false,1,
7290000311432,false,מן עוגיות גרנולה קינמון ללתס 200 גר`,רוקחמן בעמ,,,יח`,200,גרם,false,1,10.90,5.45,false,1,
7290000311470,false,מינימן בטעם שוקולד ללא ת.סוכר,רוקחמן בעמ,,,יח`,200,גרם,false,1,10.90,5.45,false,1,
7290000311500,false,וופל שוקולד מן (500 גרם),רוקחמן בעמ,,,יח`,500,גרם,false,1,10.90,2.18,false,1,
7290000311517,false,וופלים 500 גר לימון מן,רוקחמן בעמ,,,יח`,500,גרם,false,1,10.90,2.18,false,1,
7290000311715,false,עוגיות כוכבים בטעם שוקולד מן (300 גרם),רוקחמן בעמ,,,יח`,300,גרם,false,1,8.90,2.97,false,1,
7290000311722,false,עוגיות בטעם וניל 300  גר`מן,רוקחמן בעמ,,,יח`,300,גרם,false,1,8.90,2.97,false,1,
7290000311753,false,עוגיות חיטה מלאה בטעם חלווה 250 גרם,רוקחמן בעמ,,,יח`,250,גרם,false,1,8.90,3.56,false,1,
7290000311869,false,מן ופלים ללתס בטעם שוקולד,רוקחמן בעמ,,,יח`,180,גרם,false,1,9.50,5.28,false,1,
7290000311883,false,מן עוגיות גרנולה ללתס 200 גר`,רוקחמן בעמ,,,יח`,200,גרם,false,1,10.90,5.45,false,1,
7290000311890,false,מן ופלים ללתס בטעם לימון,רוקחמן בעמ,,,יח`,180,גרם,false,1,9.50,5.28,false,1,
7290000313160,false,חברים זהבה 3 דובים שוקו,קבוצת אסם סחר שות. מוגבלת,,,יח`,250,גרם,false,1,8.90,3.56,false,1,
7290000315126,false,ציר עוף קנור (300 גרם),יוניליוור ישראל שיווק בעמ,,,יח`,300,גרם,false,1,27.50,9.17,true,1,
7290000318127,false,נקניקיות ביס יחיעם (380 גרם),מעדני יחיעם (1993) בעמ,,,יח`,380,גרם,false,1,11.20,2.95,false,1,
7290000318677,false,סלמי סרוולט יחיעם 150 גר`,מעדני יחיעם (1993) בעמ,,,יח`,150,גרם,false,1,25.40,16.93,false,1,
7290000318943,false,פסטרמה של פעם 200 גר.,מעדני יחיעם (1993) בעמ,,,יח`,200,גרם,false,1,25.40,12.70,false,1,
7290000319131,false,נקניקיות עוף 400 גר` יחיעם,מעדני יחיעם (1993) בעמ,,,יח`,400,גרם,false,1,11.90,2.98,true,1,
7290000319803,false,קבנוס קלאסי יחיעם (125 גרם),מעדני יחיעם (1993) בעמ,,,יח`,125,גרם,false,1,14.20,11.36,false,1,
7290000319834,false,קבנוס פפרוני יחיעם (125 גרם),מעדני יחיעם (1993) בעמ,,,יח`,125,גרם,false,1,14.20,11.36,false,1,
7290000334325,false,צ`יפס למיקרוגל תפוגן (125x3 גרם),קבוצת אסם סחר שות. מוגבלת,,,יח`,380,גרם,false,1,14.80,3.89,false,1,
7290000339191,false,רן אבקת הלבנה,יוניליוור ישראל שיווק בעמ,,,יח`,350,גרם,false,1,19.90,5.69,true,1,
7290000339566,false,מרכך כביסה ורוד בדין (4 ליטר),יוניליוור ישראל שיווק בעמ,,,יח`,4,1 ליטר,false,1,19.90,4.98,false,1,
7290000339849,false,משחת כלים קלין 3.5 קג`,יוניליוור ישראל שיווק בעמ,,,יח`,3.50,"ק""ג",false,1,27.90,7.97,true,1,
7290000341071,false,בדין בייבי 2 ליטר,יוניליוור ישראל שיווק בעמ,,,יח`,2,1 ליטר,false,1,23.40,11.70,true,1,
7290000342832,false,מרכך כביסה צהוב בדין (4 ליטר),יוניליוור ישראל שיווק בעמ,,,יח`,4,1 ליטר,false,1,19.90,4.98,false,1,
7290000342856,false,מרכך כביסה כחול בדין (4 ליטר),יוניליוור ישראל שיווק בעמ,,,יח`,4,1 ליטר,false,1,19.90,4.98,false,1,
7290000345048,false,תה 74,תה ויסוצקי (ישראל) בעמ,,,יח`,125,גרם,false,1,14.40,11.52,false,1,
7290000345055,false,תה ארל גריי ויסוצקי (100 גרם),תה ויסוצקי (ישראל) בעמ,,,יח`,100,גרם,false,1,15.20,15.20,false,1,
7290000345116,false,תה ירוק עלים ויסוצקי (125 גרם),תה ויסוצקי (ישראל) בעמ,,,יח`,125,גרם,false,1,16.30,13.04,false,1,
7290000345284,false,תה קלאסיק ויסוצקי) (100,תה ויסוצקי (ישראל) בעמ,,,יח`,150,גרם,false,1,17.30,11.53,false,1,
7290000345291,false,תה ארל גריי ויסוצקי) (25,תה ויסוצקי (ישראל) בעמ,,,יח`,37.50,גרם,false,1,17.30,46.13,true,1,
7290000345307,false,תה ארל גריי ויסוצקי (50),תה ויסוצקי (ישראל) בעמ,,,יח`,75,גרם,false,1,27.90,37.20,false,1,
7290000345536,false,תה נענע ויסוצקי) (25,תה ויסוצקי (ישראל) בעמ,,,יח`,37.50,גרם,false,1,18.10,48.27,false,1,
7290000346120,false,תה קסם הקינמון ויסוצקי הגן הקסום) (25,תה ויסוצקי (ישראל) בעמ,,,יח`,62.50,גרם,false,1,17.90,28.64,true,1,
7290000346199,false,תה פירות היער ויסוצקי הגן הקסום) (25,תה ויסוצקי (ישראל) בעמ,,,יח`,67.50,גרם,false,1,17.90,26.52,true,1,
7290000346205,false,תה קמומיל ויסוצקי הגן הקסום) (25,תה ויסוצקי (ישראל) בעמ,,,יח`,37.50,גרם,false,1,17.90,47.73,true,1,
7290000346960,false,תה נענע ויסוצקי) (50,תה ויסוצקי (ישראל) בעמ,,,יח`,75,גרם,false,1,33.60,44.80,false,1,
7290000347738,false,תה ירוק נענע ויסוצקי (25),תה ויסוצקי (ישראל) בעמ,,,יח`,37.50,גרם,false,1,27.90,74.40,true,1,
7290000347752,false,תה ירוק לימונית ולואיזה ויסוצקי (25),תה ויסוצקי (ישראל) בעמ,,,יח`,1,,false,1,27.90,27.90,true,1,
7290000364278,false,סלסולי סלמי איטלקי 120  גר`טירת צבי,תנובה קפואים,,,יח`,120,גרם,false,1,17.30,14.42,true,1,
7290000364858,false,נקניקיות עוף טירת צבי (1 קג),תנובה קפואים,,,יח`,1,"ק""ג",false,1,23.90,23.90,true,1,
7290000364872,false,נקניקיות עוף טירת צבי (400 גרם),תנובה קפואים,,,יח`,400,גרם,false,1,15.20,3.80,true,1,
7290000367590,false,צמד כפרי 800  גר`טירת צבי,תנובה קפואים,,,יח`,800,גרם,false,1,37.70,4.71,true,1,
7290000377209,false,בוטנים מטוגנים קליית גת (200 גרם),ליימן שליסל בעמ,,,יח`,200,גרם,false,1,7.90,3.95,false,1,
7290000377445,false,נאש צ אנס שקית 200 גר,ליימן שליסל בעמ,,,יח`,200,גרם,false,1,8.90,4.45,true,1,
7290000377452,false,גרעיני אבטיח 200  גר`גת,ליימן שליסל בעמ,,,יח`,200,גרם,false,1,11.90,5.95,false,1,
7290000379623,false,לחם שחור פיקוח,שלמה א. אנג`ל בעמ,,,יח`,750,גרם,false,1,4.40,0.59,false,1,
7290000408316,false,יוגורט ביו 3% דנונה (200 גרם),שטראוס גרופ בעמ/מצונן,,,יח`,200,"מ""ל",false,1,3.70,1.85,false,1,
7290000408354,false,דנונה בר פיצפוצים,שטראוס גרופ בעמ/מצונן,,,יח`,173,"מ""ל",false,1,4.50,2.60,false,1,
7290000412481,false,נוזל לניקוי אסלות 00 סנו (1 ליטר),החברה הדרומית לשיווק בעמ,,,יח`,1,1 ליטר,false,1,8.90,8.90,true,1,
7290000416021,false,ממרח בטעם שוקולד השחר העולה (500 גרם),השחר העולה תעשית ממתקים בעמ,,,יח`,500,גרם,false,1,14.90,2.98,true,1,
7290000416045,false,ממרח בטעם שוקולד השחר העולה (1 קג),השחר העולה תעשית ממתקים בעמ,,,יח`,1,"ק""ג",false,1,25.90,25.90,true,1,
7290000416618,false,ממרח 400  גר`פרווה השחר,השחר העולה תעשית ממתקים בעמ,,,יח`,400,גרם,false,1,12.90,3.23,true,1,
7290000416632,false,ממרח פרווה 1  קג`השחר,השחר העולה תעשית ממתקים בעמ,,,יח`,1,"ק""ג",false,1,25.90,25.90,true,1,
7290000416854,false,אבקת קקאו השחר העולה (150 גרם),השחר העולה תעשית ממתקים בעמ,,,יח`,150,גרם,false,1,9.90,6.60,true,1,
7290000416922,false,ממרח חלב 350  גר`השחר,השחר העולה תעשית ממתקים בעמ,,,יח`,350,גרם,false,1,12.90,3.69,true,1,
7290000419107,false,קפה שחור קפה לנדוור (100 גרם),ש.שסטוביץ בעמ,,,יח`,100,גרם,false,1,8.10,8.10,false,1,
7290000419220,false,קפה שחור קפה לנדוור (100x3 גרם),ש.שסטוביץ בעמ,,,יח`,300,גרם,false,1,19.90,6.63,false,1,
7290000419374,false,קפה לנדוור לבוקר שלישיה,ש.שסטוביץ בעמ,,,יח`,300,גרם,false,1,19.90,6.63,false,1,
7290000420325,false,פופקורן פופסטאר חמישייה טבעי,דנשר (1963) בעמ,,,יח`,500,גרם,false,1,18.50,3.70,true,1,
7290000420332,false,פופקורן פופסטאר חמישייה חמאה,דנשר (1963) בעמ,,,יח`,500,גרם,false,1,18.50,3.70,true,1,
7290000420417,false,גלילונית לפח 60 יח`,דנשר (1963) בעמ,,,יח`,1,,false,1,20.30,20.30,true,1,
7290000446547,false,חמאת בוטנים טבעית בי   די (350 גרם),בטר אנד דיפרנט בעמ,,,יח`,350,גרם,false,1,14.90,4.26,false,1,
7290000446554,false,חמאת בוטנים טבעית בי   די (1 קג),בטר אנד דיפרנט בעמ,,,יח`,510,גרם,false,1,27.90,5.47,false,1,
7290000449128,false,נוזל לניקוי כללי פנטסטיק סיף (4 ליטר),יוניליוור ישראל שיווק בעמ,,,יח`,4,"ק""ג",false,1,26.50,6.63,true,1,
7290000453019,false,שמרים טריים שמרית (50 גרם),שטראוס גרופ בעמ/מצונן,,,יח`,50,גרם,false,1,4.90,9.80,false,1,
7290000453125,false,שמרים טריים ומשפר אפיה שמרית (50x2 גרם),שטראוס גרופ בעמ/מצונן,,,יח`,100,גרם,false,1,7.90,7.90,false,1,
7290000453422,false,בצק פילו מוכן לאפייה 300  גר`שימרית,שטראוס גרופ בעמ/מצונן,,,יח`,300,גרם,false,1,17.90,5.97,false,1,
7290000453866,false,נטורינה קוקוס 200  גר`שמרית,שטראוס גרופ בעמ/מצונן,,,יח`,200,גרם,false,1,7.40,3.70,false,1,
7290000461625,false,בייגלה שמונה שמונה 400 גר`,יוניליוור ישראל שיווק בעמ,,,יח`,400,גרם,false,1,11.50,2.88,true,1,
7290000461656,false,בייגלה אחד אחד 400 גר`,יוניליוור ישראל שיווק בעמ,,,יח`,400,גרם,false,1,11.50,2.88,true,1,
7290000461724,false,גדול גדול שומשום,יוניליוור ישראל שיווק בעמ,,,יח`,400,גרם,false,1,15.20,3.80,true,1,
7290000462141,false,סחוג תימני,שטראוס גרופ בעמ/מצונן,,,יח`,150,גרם,false,1,9.10,6.07,false,1,
7290000462172,false,סחוג זחוק ירוק תימני חריף זהבי (150 גרם),שטראוס גרופ בעמ/מצונן,,,יח`,140,גרם,false,1,9.10,6.50,false,1,
7290000474373,false,שמנת חמוצה 15% טרה (200 מל),החב` המרכזית - טרה,,,יח`,200,"מ""ל",false,1,2.40,1.20,false,1,
7290000474502,false,גבינה לבנה 5% 250  גר`פיקוח,החב` המרכזית - טרה,,,יח`,250,גרם,false,1,4.98,1.99,false,1,
7290000474540,false,גבינת טוב טעם,החב` המרכזית - טרה,,,יח`,250,גרם,false,1,11.50,4.60,false,1,
7290000480107,false,שיבולת שועל קוואקר (500 גרם),שטראוס פריטו ליי בעמ,,,יח`,500,גרם,false,1,11.90,2.38,false,1,
7290000481029,false,10 פיתות בטעם ביתי דגנית עין בר,דגנית עין בר תעשיות מזון ואפיה,,,יח`,1000,גרם,false,1,9.90,0.99,false,1,
7290000481074,false,לחם טריו 750  גר`דגנית עין בר,דגנית עין בר תעשיות מזון ואפיה,,,יח`,750,גרם,false,1,15.90,2.12,false,1,
7290000481197,false,לחם מחמצת גרעינים ושיבולת שועל,דגנית עין בר תעשיות מזון ואפיה,,,יח`,550,גרם,false,1,17.90,3.25,false,1,
7290000481531,false,לחמניות חיטה מלאה דגנית עין בר) (10,דגנית עין בר תעשיות מזון ואפיה,,,יח`,750,גרם,false,1,12.90,1.72,false,1,
7290000481739,false,חלה קלועה מתוקה 500  גר`דגנית,דגנית עין בר תעשיות מזון ואפיה,,,יח`,500,גרם,false,1,10.10,2.02,false,1,
7290000481883,false,לחמניות אצבע דגנית עין בר) (10,דגנית עין בר תעשיות מזון ואפיה,,,יח`,750,גרם,false,1,12.90,1.72,false,1,
7290000484747,false,עלית הארק יקב הגליל (700 מל),יקב הגליל שיווק בעמ,,,יח`,700,"מ""ל",false,1,59.90,8.51,false,1,
7290000490601,false,מאגדת מצופה דיאט שמינייה,פלקו בעמ,,,יח`,400,גרם,false,1,31.90,7.98,false,1,
7290000493176,false,רוטב צלי אסם (22 גרם),קבוצת אסם סחר שות. מוגבלת,,,יח`,22,גרם,false,1,6.10,27.73,false,1,
7290000493183,false,רוטב פטריות אסם (30 גרם),קבוצת אסם סחר שות. מוגבלת,,,יח`,30,גרם,false,1,5.40,18,false,1,
7290000497044,false,לחם אקטיב ברמן (750 גרם),י.את א. ברמן בעמ,,,יח`,750,גרם,false,1,15.90,2.12,false,1,
7290000497112,false,לחם אחיד כהה פרוס ברמן (750  גרם)פי,י.את א. ברמן בעמ,,,יח`,750,גרם,false,1,6.90,0.92,false,1,
7290000497198,false,פיתות אסלי ברמן) (10,י.את א. ברמן בעמ,,,יח`,1000,גרם,false,1,10.90,1.09,false,1,
7290000497204,false,פיתות אסלי ברמן) (5,י.את א. ברמן בעמ,,,יח`,500,גרם,false,1,7.50,1.50,false,1,
7290000497228,false,לחמניות שישייה,י.את א. ברמן בעמ,,,יח`,450,גרם,false,1,10.90,2.42,false,1,
7290000497273,false,לחמניות אקטיב ברמן,י.את א. ברמן בעמ,,,יח`,450,גרם,false,1,14.50,3.22,false,1,
7290000497426,false,לחם לענין פלוס ברמן,י.את א. ברמן בעמ,,,יח`,750,גרם,false,1,14.60,1.95,false,1,
7290000497532,false,לחם ברמן לעניין פרוס ברמן (750 גרם),י.את א. ברמן בעמ,,,יח`,750,גרם,false,1,14.50,1.93,false,1,
7290000497570,false,דגנים פלוס ברמן (500 גרם),י.את א. ברמן בעמ,,,יח`,500,גרם,false,1,14.50,2.90,false,1,
7290000498003,false,לחם מקמח מלא 750  גר`E FREE ברמן,י.את א. ברמן בעמ,,,יח`,750,גרם,false,1,15.90,2.12,true,1,
7290000498034,false,לחם מקמח כוסמין מלא 750  גר`E FREE,י.את א. ברמן בעמ,,,יח`,750,גרם,false,1,15.90,2.12,false,1,
7290000498256,false,10 לחמניות בשקית ברמן,י.את א. ברמן בעמ,,,יח`,750,גרם,false,1,12.90,1.72,false,1,
7290000498355,false,לחם כהה פיקוח,י.את א. ברמן בעמ,,,יח`,750,גרם,false,1,4.40,0.59,false,1,
7290000498393,false,חלה רגילה (500  גרם)פיקוח,י.את א. ברמן בעמ,,,יח`,500,גרם,false,1,4.90,0.98,false,1,
7290000498409,false,חלה מתוקה,י.את א. ברמן בעמ,,,יח`,500,גרם,false,1,9.90,1.98,false,1,
7290000504049,false,סוכרזית קלאסי) (1200,שטראוס גרופ בעמ,,,יח`,984,גרם,false,1,23.40,2.38,false,1,
7290000504209,false,סוכרזית דיאט טיפ נוזל,שטראוס גרופ בעמ,,,יח`,220,"מ""ל",false,1,17.90,8.14,false,1,
7290000504278,false,סוכרזית פטנט) (700,שטראוס גרופ בעמ,,,יח`,574,גרם,false,1,14.90,2.60,false,1,
7290000521008,false,יין אדום יבש של סגל (750 מל),טמפו משקאות בעמ,,,יח`,750,"מ""ל",false,1,22.90,3.01,true,1,
7290000521015,false,יין לבן יבש של סגל (750 מל),טמפו משקאות בעמ,,,יח`,750,"מ""ל",false,1,22.90,3.01,true,1,
7290000523125,false,מלח ים יבש מלח הארץ (250 גרם),סוגת תעשיות בעמ,,,יח`,200,גרם,false,1,5.90,2.95,false,1,
7290000523224,false,מלח ים יבש מלח הארץ (500 גרם),סוגת תעשיות בעמ,,,יח`,500,גרם,false,1,7.90,1.58,false,1,
7290000523804,false,מלח עדין מלח הארץ (1 קג),סוגת תעשיות בעמ,,,יח`,1,"ק""ג",false,1,7.20,7.20,false,1,
7290000525969,false,מיץ תפוזים סחוט טבעי פרימור (1 ליטר),שטראוס גרופ בעמ/מצונן,,,יח`,1,1 ליטר,false,1,16.90,16.90,false,1,
7290000530086,false,נקניק סלמי מעושן 7000 זוגלובק (600 גרם),זוגלובק שיווק בעמ,,,יח`,800,גרם,false,1,37.70,4.71,false,1,
7290000530109,false,קבנוס זוגלובק (180x2 גרם),זוגלובק שיווק בעמ,,,יח`,360,גרם,false,1,26.90,7.47,true,1,
7290000530116,false,נקניק סלמי בשן זוגלובק (470 גרם),זוגלובק שיווק בעמ,,,יח`,700,גרם,false,1,29.50,4.21,false,1,
7290000530291,false,נקניק מבשר הודו זוגלובק,זוגלובק שיווק בעמ,,,יח`,0,גרם,false,1,21,21,false,1,
7290000530413,false,המבורגר זהב,זוגלובק שיווק בעמ,,,יח`,400,גרם,false,1,19.90,4.98,false,1,
7290000530468,false,נקניקיות וניר 1 קג` זוגלובק,זוגלובק שיווק בעמ,,,יח`,1,"ק""ג",false,1,31.60,31.60,true,1,
7290000530598,false,נקניקיות וינר זוגלובק (500 גרם),זוגלובק שיווק בעמ,,,יח`,500,גרם,false,1,18.30,3.66,true,1,
7290000530703,false,מארז פסטרמה חרמון+תה,זוגלובק שיווק בעמ,,,יח`,800,גרם,false,1,35.60,4.45,true,1,
7290000531601,false,סטייק בורגר,זוגלובק שיווק בעמ,,,יח`,400,גרם,false,1,19.90,4.98,false,1,
7290000533353,false,בצק עלים זוגלובק 1 קג,זוגלובק שיווק בעמ,,,יח`,1,"ק""ג",false,1,22.40,22.40,false,1,
7290000536743,false,קריספי סטיקס תירס,זוגלובק שיווק בעמ,,,יח`,500,גרם,false,1,21.40,4.28,true,1,
7290000537566,false,נקניקיות עוף זוגלובק (400 גרם),זוגלובק שיווק בעמ,,,יח`,400,גרם,false,1,15.20,3.80,true,1,
7290000537603,false,נקניקיות עוף זוגלובק (1 קג),זוגלובק שיווק בעמ,,,יח`,1,"ק""ג",false,1,32.60,32.60,true,1,
7290000538709,false,תה מעושן 200,זוגלובק שיווק בעמ,,,יח`,200,גרם,false,1,16.30,8.15,false,1,
7290000552569,false,סטייק בורגר 400 גר` טיבונוויל,נטו מלינדה סחר בעמ,,,יח`,400,גרם,false,1,21.40,5.35,true,1,
7290000554402,false,מעדן חלב מלבי גד (160 גרם),מחלבות גד שיווק 1992 בעמ,,,יח`,160,"מ""ל",false,1,5.90,3.69,true,1,
7290000554457,false,גבינה צפתית 5% גד (350 גרם),מחלבות גד שיווק 1992 בעמ,,,יח`,350,גרם,false,1,21.90,6.26,false,1,
7290000554471,false,גבינה מוצרלה 22% גד (180 גרם),מחלבות גד שיווק 1992 בעמ,,,יח`,180,גרם,false,1,17.90,9.94,false,1,
7290000554532,false,גבינה צפתית מעודנת 5% גד (200 גרם),מחלבות גד שיווק 1992 בעמ,,,יח`,200,גרם,false,1,16.90,8.45,false,1,
7290000554600,false,מוצרלה מגורדת 22% גד (300 גרם),מחלבות גד שיווק 1992 בעמ,,,יח`,300,גרם,false,1,27.90,9.30,false,1,
7290000554686,false,לבנה בשמן  זית-גד- מדף,מחלבות גד שיווק 1992 בעמ,,,יח`,250,גרם,false,1,14.90,5.96,false,1,
7290000554815,false,גבינת מוצרלה נקניק מעדנייה גד,מחלבות גד שיווק 1992 בעמ,,,"ק""ג",1000,גרם,true,1,83,8.30,false,1,
7290000554822,false,גבינת ריקוטה 5% גד (250 גרם),מחלבות גד שיווק 1992 בעמ,,,יח`,250,גרם,false,1,15.90,6.36,true,1,
7290000554839,false,גבינת מסקרפונה 40% גד (250 גרם),מחלבות גד שיווק 1992 בעמ,,,יח`,250,גרם,false,1,22.90,9.16,false,1,
7290000561158,false,תערובת אגוזים וחמוציות חממה (150 גרם),בוטנת בעמ,,,יח`,150,גרם,false,1,14.20,9.47,false,1,
7290000561233,false,בוטן קלוף קלוי פיצוחי חממה (200 גרם),בוטנת בעמ,,,יח`,200,גרם,false,1,8.50,4.25,false,1,
7290000561561,false,מנצ`יס פיצוחי חממה (200 גרם),בוטנת בעמ,,,יח`,200,גרם,false,1,10.10,5.05,false,1,
7290000572055,false,חלבה ללתס עם סיבים ואגוזים,אחדות בעמ,,,יח`,400,גרם,false,1,16.90,4.23,false,1,
7290000572208,false,חלבה וניל אחוה (100 גרם),אחדות בעמ,,,יח`,100,גרם,false,1,3.50,3.50,false,1,
7290000572215,false,חלבה 80  גר`מצופה,אחדות בעמ,,,יח`,80,גרם,false,1,3.50,4.38,false,1,
7290000572222,false,חלבה וניל אחוה (500 גרם),אחדות בעמ,,,יח`,500,גרם,false,1,11.90,2.38,false,1,
7290000572536,false,חלבה וניל אחוה (400 גרם),אחדות בעמ,,,יח`,400,גרם,false,1,12.90,3.23,false,1,
7290000572628,false,חטיפי חלבה ללתס 275  גר`אחוה,אחדות בעמ,,,יח`,275,גרם,false,1,13.90,5.05,false,1,
7290000572673,false,חלבה וניל קקאו ואגוזים אחוה (25x12 גרם),אחדות בעמ,,,יח`,300,גרם,false,1,13.90,4.63,false,1,
7290000572819,false,טחינה גולמית אחוה (1 קג),אחדות בעמ,,,יח`,1,"ק""ג",false,1,21.90,21.90,true,1,
7290000574028,false,לחם שחור מעושר פלוס 750  גר`דגנית,דגנית עין בר תעשיות מזון ואפיה,,,יח`,750,גרם,false,1,7.90,1.05,false,1,
7290000574035,false,לחם אחיד פרוס דגנית עין בר (750 גרם),דגנית עין בר תעשיות מזון ואפיה,,,יח`,750,גרם,false,1,6.90,0.92,false,1,
7290000574141,false,לחם חיטה מלאה 750  גר`דגנית,דגנית עין בר תעשיות מזון ואפיה,,,יח`,750,גרם,false,1,14.90,1.99,false,1,
7290000574172,false,לחם קל חיטה מלאה 750  גר`דגנית,דגנית עין בר תעשיות מזון ואפיה,,,יח`,750,גרם,false,1,15.90,2.12,false,1,
7290000574455,false,לחם חיטה מלא+כוסמין  דגנית,דגנית עין בר תעשיות מזון ואפיה,,,יח`,750,גרם,false,1,14.50,1.93,false,1,
7290000599434,false,מטליות ריצפה שלישייה shiny,מ.א.ייצור ויבוא מטליות בעמ,,,יח`,1,,false,1,8.90,8.90,false,1,
7290000599571,false,צמר פלדה 200  גר`shiny,מ.א.ייצור ויבוא מטליות בעמ,,,יח`,200,גרם,false,1,5.90,2.95,false,1,
7290000599946,false,ספוג הפלא  שישייה- shiny,מ.א.ייצור ויבוא מטליות בעמ,,,יח`,1,,false,1,8.10,8.10,false,1,
7290000599977,false,כרית יפנית תשיעיה shiny,מ.א.ייצור ויבוא מטליות בעמ,,,יח`,9,גרם,false,1,10.90,121.11,false,1,
7290000646299,false,פילה נסיכת הנילוס 100%  דג- תנובה,תנובה קפואים,,,"ק""ג",1,,true,1,49.90,49.90,false,1,
7290000654973,false,גזר ארוז,מפעלי יופי אגשח בעמ*שיק 45 יום,,,"ק""ג",1,,true,1,5.90,5.90,false,1,
7290000655376,false,פילה דניס קפוא בוואקום 100% דג תנובה,תנובה קפואים,,,"ק""ג",1,,true,1,89.90,89.90,false,1,
7290000662817,false,סלמון מעושן 100  גר`תנובה,תנובה - חלב,,,יח`,100,גרם,false,1,19.90,19.90,false,1,
7290000688084,false,מי עדן ספורט 1/2 ליטר,יפאורה,,,יח`,500,"מ""ל",false,1,2.50,0.44,false,1,
7290000688176,false,מי עדן בייבי 330 מל בודד,יפאורה,,,יח`,330,"מ""ל",false,1,2.70,0.73,false,1,
7290000688374,false,מים מינרלים סמיילי מי עדן (330X6מל),יפאורה,,,יח`,1980,"מ""ל",false,1,13.90,0.61,false,1,
7290000688381,false,מים מינרלים פקק ספורט מי עדן (500x6 מל),יפאורה,,,יח`,3,1 ליטר,false,1,12.90,3.70,true,1,
7290000688466,false,מי עדן 0.75 ליטר ספורט בודד,יפאורה,,,יח`,750,"מ""ל",false,1,2.50,0.29,false,1,
7290000688503,false,מי עדן 0.75 ליטר ספורט שישייה,יפאורה,,,יח`,4.50,1 ליטר,false,1,14.90,2.91,false,1,
7290000692227,false,נוזל לניקוי כלים קלאסי פלמוליב (1 ליטר),ש.שסטוביץ בעמ,,,יח`,1,1 ליטר,false,1,15.20,15.20,false,1,
7290000803067,false,אלמקס משחת שיניים ילדים 75מל,ש.שסטוביץ בעמ,,,יח`,75,גרם,false,1,16.90,22.53,true,1,
7290000803180,false,שטיפת פה מרידול (400 מל),ש.שסטוביץ בעמ,,,יח`,400,"מ""ל",false,1,30.90,7.73,false,1,
7290000979427,false,עגבניות שרי כתום ארוז,צימן עגבניות *לא פעיל*,,,יח`,500,גרם,false,1,9.90,1.98,false,1,
7290000993461,false,עגבניות שרי צהוב פרמיום ארוז,צימן עגבניות *לא פעיל*,,,יח`,1,,false,1,9.90,9.90,false,1,
7290000993560,false,עגבניות שרי מנומר ארוז,צימן עגבניות *לא פעיל*,,,יח`,500,גרם,false,1,9.90,1.98,false,1,
7290001041147,false,חומוס גדול מיה (1 קג),מיה תעשיות מזון מ.ת.מ. בעמ,,,יח`,1,"ק""ג",false,1,12.90,12.90,true,1,
7290001041185,false,פופקורן 1 קג`,מיה תעשיות מזון מ.ת.מ. בעמ,,,יח`,1,"ק""ג",false,1,12.90,12.90,false,1,
7290001041192,false,עדשים אדומות מיה (1 קג),מיה תעשיות מזון מ.ת.מ. בעמ,,,יח`,1,"ק""ג",false,1,12.90,12.90,true,1,
7290001041215,false,חיטה 1 קג`,מיה תעשיות מזון מ.ת.מ. בעמ,,,יח`,1,"ק""ג",false,1,7.90,7.90,false,1,
7290001041222,false,חומוס לבן ענק מיה (1 קג),מיה תעשיות מזון מ.ת.מ. בעמ,,,יח`,1,"ק""ג",false,1,20.90,20.90,false,1,
7290001041260,false,שומשום מיה (400 גרם),מיה תעשיות מזון מ.ת.מ. בעמ,,,יח`,400,גרם,false,1,13.20,3.30,false,1,
7290001041291,false,לקקנים מיה) (70,מיה תעשיות מזון מ.ת.מ. בעמ,,,יח`,100,גרם,false,1,23.70,23.70,false,1,
7290001045688,false,מיץ תפוזים סחוט 400 מל פרימור,שטראוס גרופ בעמ/מצונן,,,יח`,400,"מ""ל",false,1,7.90,1.90,false,1,
7290001121054,false,צמד חמד 700 גר` יחיעם,מעדני יחיעם (1993) בעמ,,,יח`,700,גרם,false,1,26.90,3.84,true,1,
7290001121238,false,קורנדביף 4% שומן יחיעם (180 גרם).,מעדני יחיעם (1993) בעמ,,,יח`,180,גרם,false,1,25.40,14.11,false,1,
7290001123775,false,שווארמה פרגיות 500 גר` טיבון ויל,נטו מלינדה סחר בעמ,,,יח`,500,גרם,false,1,30.50,6.10,true,1,
7290001123782,false,שווארמה אמיתית הודו טיבון ויל (500 גרם),נטו מלינדה סחר בעמ,,,יח`,500,גרם,false,1,30.50,6.10,true,1,
7290001124611,false,שומן כבש 200 גר,נטו מלינדה סחר בעמ,,,יח`,200,גרם,false,1,15.20,7.60,false,1,
7290001201510,false,ביצים ארוזות M מ. לסר) (30 פיקוח,מ לסר בעמ - חברה לשיווק ביצים,,,יח`,1,,false,1,27.87,27.87,false,1,
7290001201589,false,ביצים ארוזות L מ. לסר) (12 פיקוח,מ לסר בעמ - חברה לשיווק ביצים,,,יח`,1,,false,1,12.05,12.05,false,1,
7290001201596,false,ביצים 12 יחידות M פיקוח,מ לסר בעמ - חברה לשיווק ביצים,,,יח`,1,,false,1,11.15,11.15,false,1,
7290001201602,false,ביצים 18  יח`L פיקוח,מ לסר בעמ - חברה לשיווק ביצים,,,יח`,1,,false,1,18.07,18.07,false,1,
7290001201657,false,ביצים DHA אומגה 3 M מ. לסר) (30,מ לסר בעמ - חברה לשיווק ביצים,,,יח`,1,,false,1,35.70,35.70,false,1,
7290001201824,false,ביצים אורגני L 12 יח,מ לסר בעמ - חברה לשיווק ביצים,,,יח`,1,,false,1,19.30,19.30,false,1,
7290001201862,false,ביצי חופש 12 L,מ לסר בעמ - חברה לשיווק ביצים,,,יח`,1,,false,1,17.30,17.30,false,1,
7290001201893,false,ביצים אומגה 12 יח`M,מ לסר בעמ - חברה לשיווק ביצים,,,יח`,1,,false,1,17.30,17.30,false,1,
7290001216040,false,טחינה רגילה 500 גר` אל ארז,סוגת תעשיות בעמ,,,יח`,500,גרם,false,1,17.90,3.58,false,1,
7290001245699,false,אקונומיקה סמיכה 4 ליטר טאצ`,סאסאטק אגשח בעמ,,,יח`,4000,"מ""ל",false,1,12.90,0.32,false,1,
7290001245705,false,אקונומיקה מבושמת 4 ליטר טאצ`,סאסאטק אגשח בעמ,,,יח`,4,1 ליטר,false,1,10.90,2.73,false,1,
7290001245729,false,ג`ל כביסה ירוק 3 ליטר טאצ`,סאסאטק אגשח בעמ,,,יח`,3,1 ליטר,false,1,18.90,6.30,false,1,
7290001245736,false,ג`ל כביסה כחול 3 ליטר טאצ`,סאסאטק אגשח בעמ,,,יח`,3,1 ליטר,false,1,18.90,6.30,false,1,
7290001245798,false,נוזל כלים לימון 1.6 ליטר טאצ,סאסאטק אגשח בעמ,,,יח`,1600,"מ""ל",false,1,10.90,0.68,false,1,
7290001245828,false,נוזל כלים קלאסי 1.6 ליטר טאצ,סאסאטק אגשח בעמ,,,יח`,1600,"מ""ל",false,1,10.90,0.68,false,1,
7290001245842,false,נוזל רצפות מאסק 4 ליטר טאצ,סאסאטק אגשח בעמ,,,יח`,4,1 ליטר,false,1,14.90,3.73,false,1,
7290001245958,false,מרכך כביסה 4 ליטר ורוד,סאסאטק אגשח בעמ,,,יח`,4,1 ליטר,false,1,14.90,3.73,false,1,
7290001245965,false,מרכך כביסה 4 ליטר כחול,סאסאטק אגשח בעמ,,,יח`,4,1 ליטר,false,1,14.90,3.73,false,1,
7290001245972,false,מרכך כביסה 4 ליטר לבן,סאסאטק אגשח בעמ,,,יח`,4,1 ליטר,false,1,14.90,3.73,false,1,
7290001246061,false,מרכך מרוכז פרימיום  פנטזי( 1  ליטר)טאצ`,סאסאטק אגשח בעמ,,,יח`,1,1 ליטר,false,1,11.90,11.90,false,1,
7290001246085,false,נוזל לניקוי חלונות 1 ליטר טאצ,סאסאטק אגשח בעמ,,,יח`,1000,"מ""ל",false,1,6.90,0.69,false,1,
7290001246108,false,תרסיס מסיר אבנית 750 מל טאצ`,סאסאטק אגשח בעמ,,,יח`,750,"מ""ל",false,1,12.90,1.72,false,1,
7290001246122,false,תרסיס ניקוי כללי 750 מל+אקונומיקה  טאצ`,סאסאטק אגשח בעמ,,,יח`,750,"מ""ל",false,1,12.90,1.72,false,1,
7290001246351,false,נוזל רצפות לבנדר 4 ליטר טאצ,סאסאטק אגשח בעמ,,,יח`,4,1 ליטר,false,1,14.90,3.73,false,1,
7290001246474,false,תרסיס ניקוי שטיחים 600 מל טא`צ,סאסאטק אגשח בעמ,,,יח`,600,"מ""ל",false,1,15.90,2.65,false,1,
7290001246757,false,נוזל רצפות 2 ליטר מלון בוטיק טאצ,סאסאטק אגשח בעמ,,,יח`,2,1 ליטר,false,1,18.90,9.45,false,1,
7290001247068,false,נקטר תות בננה ספרינג (1 ליטר),יפאורה,,,יח`,1,1 ליטר,false,1,7.30,7.30,false,1,
7290001247082,false,נקטר עגבניות  ספרינג( 1  ליטר),יפאורה,,,יח`,1,1 ליטר,false,1,7.30,7.30,false,1,
7290001247099,false,נקטר מנגו ספרינג (1 ליטר),יפאורה,,,יח`,1,1 ליטר,false,1,7.30,7.30,false,1,
7290001247105,false,נקטר אפרסקים ספרינג (1 ליטר),יפאורה,,,יח`,1,1 ליטר,false,1,7.30,7.30,false,1,
7290001247112,false,נקטר לימונענע  ספרינג( 1 ליטר),יפאורה,,,יח`,1,1 ליטר,false,1,7.30,7.30,false,1,
7290001247129,false,נקטר תפוזים ספרינג (1 ליטר),יפאורה,,,יח`,1,1 ליטר,false,1,7.30,7.30,false,1,
7290001247143,false,נקטר תפוחים ספרינג (1 ליטר),יפאורה,,,יח`,1,1 ליטר,false,1,7.30,7.30,false,1,
7290001265642,false,מזון חתולים רטוב לה קט (400x3 גרם),דיפלומט היינץ,,,יח`,1.20,"ק""ג",false,1,19.90,16.58,false,1,
7290001274941,false,מאגדת קרחונים דיאט שמינייה,פלקו בעמ,,,יח`,640,גרם,false,1,25.90,4.05,false,1,
7290001305188,false,פלמוליב כלים שקוף לימון 750 בקבוק חדש,ש.שסטוביץ בעמ,,,יח`,750,"מ""ל",false,1,13.90,1.85,true,1,
7290001327180,false,שטראוס קרמיסימו,גלידות שטראוס בעמ,,,יח`,1.33,1 ליטר,false,1,19.90,14.96,false,1,
7290001343845,false,גרנולה עם תוספות 1 קג,דין שיווק וקליה 2021 בעמ,,,יח`,1,"ק""ג",false,1,21.40,21.40,true,1,
7290001407547,false,טחינה בארכה שומשום מלא פי 6 סידן,קבוצת אסם סחר שות. מוגבלת,,,יח`,500,גרם,false,1,14.20,2.84,false,1,
7290001436790,false,מרגז מיני אקסטרה 500  גר`8 יח,בלדי בעמ,,,יח`,500,גרם,false,1,28.90,5.78,false,1,
7290001462010,false,אריסה מרוקאית תבליני ביטון יוחאי.,נטו מלינדה סחר בעמ,,,יח`,250,גרם,false,1,15.20,6.08,true,1,
7290001482094,false,וילי פוד פרמז`נו 200 גר`,ג.וילי-פוד אינטרנשיונל **גבינו,,,יח`,200,גרם,false,1,17.90,8.95,false,1,
7290001482384,false,אננס חתוך ג 227ר,ג.וילי-פוד אינטרנשיונל בעמ,,,יח`,227,גרם,false,1,4.90,2.16,false,1,
7290001482506,false,חומץ בלסמי ממודנה 500 גר`,ג.וילי-פוד אינטרנשיונל בעמ,,,יח`,500,"מ""ל",false,1,19.90,3.98,false,1,
7290001485019,false,גבינת שמנת 200  גר`9%,החב` המרכזית - טרה,,,יח`,200,גרם,false,1,11.90,5.95,false,1,
7290001485033,false,גבינת קרם שמנת 5% שום שמיר טרה (200 גרם),החב` המרכזית - טרה,,,יח`,200,גרם,false,1,11.90,5.95,false,1,
7290001491096,false,תה ירוק לימונית ולואיזה ויסוצקי (50),תה ויסוצקי (ישראל) בעמ,,,יח`,75,גרם,false,1,44.90,59.87,false,1,
7290001567555,false,פסטרמה מעודנת על גחלים 300 גר,מעדני יחיעם (1993) בעמ,,,יח`,300,גרם,false,1,25.40,8.47,true,1,
7290001567708,false,נקניקיות וינר 400 גרם,מעדני יחיעם (1993) בעמ,,,יח`,400,גרם,false,1,14.20,3.55,false,1,
7290001567760,false,פסטרמה של פעם 300 גרם לחמ,מעדני יחיעם (1993) בעמ,,,יח`,300,גרם,false,1,27.50,9.17,true,1,
7290001567791,false,פסטרמה רומנית 250 גרם לחמ,מעדני יחיעם (1993) בעמ,,,יח`,250,גרם,false,1,27.50,11,true,1,
7290001567807,false,כתף בקר מעושן 250 גרם לחמ,מעדני יחיעם (1993) בעמ,,,יח`,250,גרם,false,1,30.50,12.20,true,1,
7290001567814,false,סלמי מעושן בסגנון איטלקי 300 גרם,מעדני יחיעם (1993) בעמ,,,יח`,300,גרם,false,1,22.40,7.47,true,1,
7290001567937,false,סלמי איטלקי מפולפל 200  גר`יחיעם,מעדני יחיעם (1993) בעמ,,,יח`,200,גרם,false,1,13.20,6.60,false,1,
7290001594155,false,קוקה קולה 500 מל,החברה המרכזית להפצת משקאות בעמ,,,יח`,500,"מ""ל",false,1,6.90,1.32,false,1,
7290001594230,false,סודה קינלי (250 מל),החברה המרכזית להפצת משקאות בעמ,,,יח`,250,"מ""ל",false,1,3,1.08,false,1,
7290001594568,false,בירה בפחית קרלסברג (500 מל),החברה המרכזית להפצת משקאות בעמ,,,יח`,500,"מ""ל",false,1,9.90,1.92,false,1,
7290001594858,false,מארז שישייה בירה טובורג רד (330x6 מל),החברה המרכזית להפצת משקאות בעמ,,,יח`,1.98,1 ליטר,false,1,43.90,21.26,true,1,
7290001594865,false,בירה קרלסברג (330x6 מל),החברה המרכזית להפצת משקאות בעמ,,,יח`,1.98,1 ליטר,false,1,36.90,17.73,true,1,
7290001670057,false,כפיות לבן 100 יח` הנמל,הנמל אריזות ושיווק (1984) בעמ,,,יח`,1,,false,1,11.90,11.90,true,1,
7290001670071,false,כפות לבן 100 יח` הנמל,הנמל אריזות ושיווק (1984) בעמ,,,יח`,1,,false,1,11.90,11.90,true,1,
7290001670255,false,כוסות קרטון 8B 50 יח` הנמל,הנמל אריזות ושיווק (1984) בעמ,,,יח`,1,,false,1,10.90,10.90,true,1,
7290001670354,false,מפת שולחן סופגת במיוחד הנמל,הנמל אריזות ושיווק (1984) בעמ,,,יח`,1,,false,1,11.20,11.20,false,1,
7290001690147,false,טעם טוב גבינה מותכת למריחה 6%,נטו מלינדה סחר בעמ,,,יח`,120,גרם,false,1,12.50,10.42,true,1,
7290001696736,false,פקאן סיני פיצוחי חממה (100 גרם),בוטנת בעמ,,,יח`,100,גרם,false,1,18.30,18.30,false,1,
7290001710128,false,נקניקיות צוריסוס מעדני הטלה 500 גר`,לאטי עזרא בעמ,,,יח`,500,גרם,false,1,20.80,4.16,false,1,
7290001713150,false,אקונומיקה קצף ניקוי סנט מוריץ (1  ליטר),קומפלקס כימיקלים בעמ,,,יח`,1000,"מ""ל",false,1,12.90,1.29,false,1,
7290001791349,false,אקונומיקה פיסגה ריחנית סנו (4 ליטר),החברה הדרומית לשיווק בעמ,,,יח`,4,1 ליטר,false,1,12.90,3.23,true,1,
7290001817728,false,צ יטוס כאפה 55 גר,שטראוס פריטו ליי בעמ,,,יח`,55,גרם,false,1,3.90,7.09,true,1,
7290001865439,false,אל סבון נוזלי וניל פמילי (1 ליטר),דנשר (1963) בעמ,,,יח`,1,1 ליטר,false,1,15.90,15.90,true,1,
7290001865460,false,אל סבון פמלי לקשרי 1 ליטר קוקוס+משאבה,דנשר (1963) בעמ,,,יח`,1,1 ליטר,false,1,15.90,15.90,true,1,
7290001881040,false,מלפפון ביביי כבוש במלח 600  גר`מאמא מרי,מאמא - מרי בעמ,,,יח`,600,גרם,false,1,19.90,3.32,false,1,
7290001881873,false,כרוב כבוש עם חמוציות 750  גר`מאמא מרי,מאמא - מרי בעמ,,,יח`,750,גרם,false,1,18.90,2.52,true,1,
7290001917527,false,פדיות קוסמטיות,דנשר (1963) בעמ,,,יח`,1,,false,1,19.60,19.60,false,1,
7290001946121,false,פפריקה מתוקה 400 גר,דין שיווק וקליה 2021 בעמ,,,יח`,400,גרם,false,1,20.90,5.23,true,1,
7290001973233,false,מגבונים קמיל בלו מילוי+דיספנסר 120 יח,פישר תעשיות פרמצבטיות בעמ,,,יח`,120,יח`,false,1,11.90,0.10,false,1,
7290001990094,false,סוכר חום קלאסי סוגת (1 קג),סוגת תעשיות בעמ,,,יח`,1000,גרם,false,1,15.90,1.59,false,1,
7290001990148,false,סוכר גולדן קלאסי סוגת (1 קג),סוגת תעשיות בעמ,,,יח`,1,"ק""ג",false,1,14.90,14.90,false,1,
7290002000143,false,קרם ידיים פנג`ל (80 מל),דנשר (1963) בעמ,,,יח`,100,"מ""ל",false,1,10.50,10.50,false,1,
7290002007623,false,כוסות ליין 50  יח`הנמל,הנמל אריזות ושיווק (1984) בעמ,,,יח`,1,,false,1,4.90,4.90,false,1,
7290002007890,false,כוסות 100  יח`200 PP הנמל,הנמל אריזות ושיווק (1984) בעמ,,,יח`,100,יח`,false,1,9.90,0.10,false,1,
7290002007975,false,צלחות קטן 50 יח` הנמל,הנמל אריזות ושיווק (1984) בעמ,,,יח`,50,יח`,false,1,10.90,0.22,true,1,
7290002007982,false,מזלגות לבן 100 יח` הנמל,הנמל אריזות ושיווק (1984) בעמ,,,יח`,100,יח`,false,1,11.90,0.12,true,1,
7290002007999,false,צלחות גדול 50 יח` הנמל,הנמל אריזות ושיווק (1984) בעמ,,,יח`,1,,false,1,15.90,15.90,true,1,
7290002008170,false,מנג`טים מספר 3 הנמל) (130,הנמל אריזות ושיווק (1984) בעמ,,,יח`,1,,false,1,7.40,7.40,false,1,
7290002008507,false,נייר אפיה הנמל 50 יח`,הנמל אריזות ושיווק (1984) בעמ,,,יח`,1,,false,1,9.90,9.90,true,1,
7290002008989,false,קישקשים 225  יח`הנמל,הנמל אריזות ושיווק (1984) בעמ,,,יח`,1,,false,1,8.90,8.90,false,1,
7290002019114,false,רוטב עגבניות מרוכז 28 580  גר`פריניר,אבאל יזמות בעמ,,,יח`,580,גרם,false,1,8.50,1.47,true,1,
7290002019183,false,עגבניות שלמות 800  גר`פריניר,אבאל יזמות בעמ,,,יח`,850,גרם,false,1,7.90,0.93,true,1,
7290002019763,false,עגבניות מרוסקות 800  גר`פריניר,אבאל יזמות בעמ,,,יח`,800,גרם,false,1,7.90,0.99,true,1,
7290002019787,false,רוטב עגבניות מרוכז עגבניות 22% 260  גר`פ,אבאל יזמות בעמ,,,יח`,260,גרם,false,1,3.90,1.50,true,1,
7290002019794,false,רוטב עגבניות מרוכז 22% 100 גר` פריניר,אבאל יזמות בעמ,,,יח`,100,גרם,false,1,1.90,1.90,true,1,
7290002026341,false,אריסטו קראנץ ציפס בטטה טוגנים 500גר,מוצרי איכות אמריקאיים בעמ,,,יח`,500,גרם,false,1,15.20,3.04,false,1,
7290002026358,false,אריסטו קראנץ צ`יפס בטטה זיגזג טוגנים 500,מוצרי איכות אמריקאיים בעמ,,,יח`,500,גרם,false,1,15.20,3.04,false,1,
7290002026440,false,פרצלס קפוא 280 גר`,מוצרי איכות אמריקאיים בעמ,,,יח`,280,גרם,false,1,16.30,5.82,true,1,
7290002026587,false,וופל בלגי קפוא 280 גר`,מוצרי איכות אמריקאיים בעמ,,,יח`,280,גרם,false,1,16.30,5.82,true,1,
7290002037163,false,לחם אחיד פרוס ודש ברמן (750 גרם),י.את א. ברמן בעמ,,,יח`,750,גרם,false,1,6.90,0.92,false,1,
7290002037309,false,לחמניות המבורגר מאפיית ודש 8),י.את א. ברמן בעמ,,,יח`,400,גרם,false,1,12.50,3.13,false,1,
7290002040019,false,קוסקוס רגיל מזון קוסקוס (350 גרם),הנמל אריזות ושיווק (1984) בעמ,,,יח`,350,גרם,false,1,6.90,1.97,false,1,
7290002040064,false,קוסקוס דק מזון קוסקוס (350 גרם),הנמל אריזות ושיווק (1984) בעמ,,,יח`,350,גרם,false,1,6.90,1.97,false,1,
7290002040071,false,קוסקוס עבה מזון קוסקוס (350 גרם),הנמל אריזות ושיווק (1984) בעמ,,,יח`,350,גרם,false,1,6.90,1.97,false,1,
7290002040095,false,קוסקוס מארז שלושיהשקיות 3*350גר,הנמל אריזות ושיווק (1984) בעמ,,,יח`,1,,false,1,14.90,14.90,false,1,
7290002043225,false,ציפס אורז חום מלא פפריקה 60 גר` אקסטרה,א.ל.ייצור ושיווק תבלינים בעמ,,,יח`,60,גרם,false,1,7.50,12.50,true,1,
7290002043331,false,ציפס אורז חום מלא כוסמת 60  גר`אקסטרה,א.ל.ייצור ושיווק תבלינים בעמ,,,יח`,60,גרם,false,1,8.50,14.17,false,1,
7290002053088,false,איטריות ביצים מס` 8 200 גר`,גורי מוצרי צריכה (1991) בעמ,,,יח`,200,גרם,false,1,8.50,4.25,false,1,
7290002053095,false,איטריות ביצים מס 10 200 גר`,גורי מוצרי צריכה (1991) בעמ,,,יח`,200,גרם,false,1,8.50,4.25,false,1,
7290002053538,false,נודלס בסגנון תאילנדי 25%  תוספת( 500 גר`,גורי מוצרי צריכה (1991) בעמ,,,יח`,500,גרם,false,1,14.50,2.90,false,1,
7290002057383,false,מלפפון במלח 18-25,קבוצת יבנה מוצרי מזון אגודה שי,,,יח`,600,גרם,false,1,14.90,2.48,false,1,
7290002065555,false,לחמניות אנג`ל) (6,שלמה א. אנג`ל בעמ,,,יח`,450,גרם,false,1,10.90,2.42,false,1,
7290002075035,false,אובלטים מלוחים דקיקים ברט (500 גרם),שוקוטרייד בעמ,,,יח`,500,גרם,false,1,19.30,3.86,false,1,
7290002105527,false,גולש בקר 800  גר`מחפוד,עוף ירושלים שיווק בעמ,,,יח`,800,גרם,false,1,49.90,6.24,false,1,
7290002105671,false,טחון עוף מחפוד 500 גר`,עוף ירושלים שיווק בעמ,,,יח`,500,גרם,false,1,12.90,2.58,false,1,
7290002107491,false,גבינה עיזים 5% למריחה 250 גר`,החב` המרכזית - טרה,,,יח`,250,גרם,false,1,16.70,6.68,true,1,
7290002107798,false,בולגרית בקר 5% בגביע 250 גר`,החב` המרכזית - טרה,,,יח`,250,גרם,false,1,24.10,9.64,false,1,
7290002107965,false,טבורוג 5% 500גר צוריאל,החב` המרכזית - טרה,,,יח`,500,גרם,false,1,26.20,5.24,false,1,
7290002128311,false,נר נשמה בכוס זכוכית שבועי מנורה שי נר,אבאל יזמות בעמ,,,יח`,1,,false,1,10.90,10.90,true,1,
7290002128403,false,נרות שבת אורה מס 4 מנורה שי נר,אבאל יזמות בעמ,,,יח`,1,,false,1,3.50,3.50,false,1,
7290002128434,false,נרות שבת אורה  מס`10,אבאל יזמות בעמ,,,יח`,1,,false,1,3.50,3.50,false,1,
7290002128946,false,נר נשמה בכוס ל48 שעות מנורה שי נר,אבאל יזמות בעמ,,,יח`,1,,false,1,5.50,5.50,true,1,
7290002129455,false,פיצה איטלקית xl גדולה 450  גר`שלושת האופ,נטו מלינדה סחר בעמ,,,יח`,450,גרם,false,1,20.90,4.64,false,1,
7290002129462,false,פיצה איטלקית דקה שלושת האופים מארז זוג,נטו מלינדה סחר בעמ,,,יח`,640,גרם,false,1,27.90,4.36,true,1,
7290002129479,false,פיצה איטלקית דקה שלושת האופים 320 גר,נטו מלינדה סחר בעמ,,,יח`,320,גרם,false,1,14.90,4.66,true,1,
7290002129486,false,פיצה איטלקית דקה 340 גר` שלושת האופים,נטו מלינדה סחר בעמ,,,יח`,340,גרם,false,1,15.90,4.68,true,1,
7290002130567,false,דבש טהור מפרחי בר יד מרדכי (350 גרם),שטראוס גרופ בעמ,,,יח`,350,גרם,false,1,17.30,4.94,false,1,
7290002130574,false,דבש דבורים טהור 500גר,שטראוס גרופ בעמ,,,יח`,500,גרם,false,1,25.90,5.18,false,1,
7290002130581,false,דבש טהור מפרחי בר יד מרדכי (1 קג),שטראוס גרופ בעמ,,,יח`,1,"ק""ג",false,1,45.90,45.90,false,1,
7290002132011,false,עוגיות מזרחיות עם שומשום עבאדי (400 גר),תה ויסוצקי (ישראל) בעמ,,,יח`,400,גרם,false,1,18.50,4.63,true,1,
7290002157960,false,טונה ויליגר רביעייה 140 גר במי מלח,נטו מלינדה סחר בעמ,,,יח`,140,גרם,false,1,21.90,15.64,false,1,
7290002195054,false,המבורגר קפוא בלדי (400 גרם),בלדי בעמ,,,יח`,400,גרם,false,1,12.90,3.23,false,1,
7290002195078,false,קבב כבש קפוא בלדי (400 גרם),בלדי בעמ,,,יח`,400,גרם,false,1,12.90,3.23,false,1,
7290002195085,false,קבב מזרחי קפוא בלדי (400 גרם),בלדי בעמ,,,יח`,400,גרם,false,1,12.90,3.23,false,1,
7290002195092,false,קבב רומני קפוא בלדי (400 גרם),בלדי בעמ,,,יח`,400,גרם,false,1,12.90,3.23,false,1,
7290002211013,false,קמח 1 קג,טחנת קמח רוט קרית גת,,,יח`,1,"ק""ג",false,1,4.40,4.40,false,1,
7290002211044,false,סולת 1 קג,טחנת קמח רוט קרית גת,,,יח`,1,"ק""ג",false,1,5.90,5.90,false,1,
7290002232995,false,ציפוי פז דגש 500גר ללא גלוטן.,נטורפוד בעמ,,,יח`,500,גרם,false,1,27.90,5.58,false,1,
7290002239185,false,אפונה גינה 800  גר`פרי גליל,ויטה -פרי גליל (החדשה) בעמ,,,יח`,800,גרם,false,1,10.90,1.36,false,1,
7290002239277,false,גזר גמדי 800  גר`פרי גליל,ויטה -פרי גליל (החדשה) בעמ,,,יח`,800,גרם,false,1,10.90,1.36,false,1,
7290002239307,false,שעועית צהובה חתוכה 800  גר`פרי גליל,ויטה -פרי גליל (החדשה) בעמ,,,יח`,800,גרם,false,1,10.90,1.36,false,1,
7290002239420,false,תירס גרעינים 800 גר`פרי גליל,ויטה -פרי גליל (החדשה) בעמ,,,יח`,800,גרם,false,1,10.90,1.36,false,1,
7290002253006,false,שום כתוש דורות (200 גרם),קבוצת אסם סחר שות. מוגבלת,,,יח`,200,גרם,false,1,16.90,8.45,false,1,
7290002253105,false,קוביות שום כתוש דורות (80 גרם),קבוצת אסם סחר שות. מוגבלת,,,יח`,80,גרם,false,1,15.20,19,false,1,
7290002253150,false,בזיליקום קצוץ דורות (70 גרם),קבוצת אסם סחר שות. מוגבלת,,,יח`,70,גרם,false,1,12.20,17.43,false,1,
7290002253167,false,פטרוזיליה קצוצה דורות (70 גרם),קבוצת אסם סחר שות. מוגבלת,,,יח`,70,גרם,false,1,12.20,17.43,false,1,
7290002253181,false,כוסברה קצוצה דורות (70 גרם),קבוצת אסם סחר שות. מוגבלת,,,יח`,70,גרם,false,1,12.20,17.43,false,1,
7290002253310,false,קוביות תערובת שום צ`לי חריף 80  גר`דורות,קבוצת אסם סחר שות. מוגבלת,,,יח`,80,גרם,false,1,15.20,19,false,1,
7290002259640,false,דיימונד 084 0.30*7.50,גורי ע.ע.ע בעמ,,,יח`,1,,false,1,13.90,13.90,false,1,
7290002259657,false,דיימונד 085 0.30*22.5,גורי ע.ע.ע בעמ,,,יח`,1,,false,1,29.50,29.50,false,1,
7290002259664,false,רדיד אלומיניום 0.86,גורי ע.ע.ע בעמ,,,יח`,1,,false,1,56.90,56.90,false,1,
7290002263562,false,מיץ לימון  משומר( 200  מל)תבליני מימון,א.ל.ייצור ושיווק תבלינים בעמ,,,יח`,200,"מ""ל",false,1,7.90,3.95,false,1,
7290002291046,false,בלדי המבורגר מסעדות קצבייה,בלדי בעמ,,,יח`,480,גרם,false,1,25.50,5.31,false,1,
7290002317005,false,טבעות זיתים מושחר מוטולה,אבאל יזמות בעמ,,,יח`,560,גרם,false,1,10.90,1.95,true,1,
7290002317081,false,זית חרוזית A2 מוטולה,אבאל יזמות בעמ,,,יח`,560,גרם,false,1,10.90,1.95,true,1,
7290002317128,false,מלפפון במלח 10-12 מוטולה,אבאל יזמות בעמ,,,יח`,560,גרם,false,1,10.90,1.95,true,1,
7290002317135,false,מלפפון במלח 13-17 מוטולה,אבאל יזמות בעמ,,,יח`,560,גרם,false,1,10.90,1.95,true,1,
7290002317166,false,מלפפון בחומץ 10-12 מוטולה,אבאל יזמות בעמ,,,יח`,560,גרם,false,1,10.90,1.95,true,1,
7290002317173,false,מלפפונים בחומץ 13-17 מוטולה,אבאל יזמות בעמ,,,יח`,560,גרם,false,1,10.90,1.95,true,1,
7290002317265,false,מלפפון במלח 7-9 מוטולה,אבאל יזמות בעמ,,,יח`,560,גרם,false,1,8.90,1.59,true,1,
7290002317289,false,חצילים A2 מוטולה,אבאל יזמות בעמ,,,יח`,560,גרם,false,1,9.90,1.77,true,1,
7290002317296,false,פלפל שיפקה A2 מוטולה,אבאל יזמות בעמ,,,יח`,540,גרם,false,1,9.90,1.83,true,1,
7290002317326,false,זיתים מנזלינו 12-15 מוטולה,אבאל יזמות בעמ,,,יח`,560,גרם,false,1,9.90,1.77,true,1,
7290002317357,false,פלפל שיפקה חריף צנצנת זכוכית מוטולה,אבאל יזמות בעמ,,,יח`,550,גרם,false,1,9.90,1.80,true,1,
7290002317456,false,פלפל אדום רצועות מוטולה,אבאל יזמות בעמ,,,יח`,330,גרם,false,1,9.90,3,true,1,
7290002317579,false,טבעות זיתים ירוק מוטולה,אבאל יזמות בעמ,,,יח`,560,גרם,false,1,10.90,1.95,true,1,
7290002317609,false,כרוב כבוש מוטולה,אבאל יזמות בעמ,,,יח`,560,גרם,false,1,9.90,1.77,true,1,
7290002317616,false,זית מרינט 17-19 מוטולה,אבאל יזמות בעמ,,,יח`,560,גרם,false,1,10.90,1.95,true,1,
7290002317678,false,חרוזית ירוק צנצנת זכוכית מוטולה,אבאל יזמות בעמ,,,יח`,560,גרם,false,1,10.90,1.95,true,1,
7290002317753,false,זית טבעות ירוק בצנצנת זכוכית מוטולה,אבאל יזמות בעמ,,,יח`,560,גרם,false,1,10.90,1.95,true,1,
7290002317852,false,מלפפון ביתי בצנצנת מוטולה (900גר`),אבאל יזמות בעמ,,,יח`,900,גרם,false,1,30.90,3.43,true,1,
7290002319016,false,אבקת אפיה מיה (10x10 גרם),מיה תעשיות מזון מ.ת.מ. בעמ,,,יח`,100,גרם,false,1,3.30,3.30,true,1,
7290002319023,false,סוכר ווניל עשירייה,מיה תעשיות מזון מ.ת.מ. בעמ,,,יח`,100,גרם,false,1,2.90,2.90,true,1,
7290002319115,false,חומוס גדול מיה (500 גרם),מיה תעשיות מזון מ.ת.מ. בעמ,,,יח`,500,גרם,false,1,8.40,1.68,true,1,
7290002319139,false,שעועית לבנה מיה (500 גרם),מיה תעשיות מזון מ.ת.מ. בעמ,,,יח`,500,גרם,false,1,11.20,2.24,true,1,
7290002319146,false,שעועית אדומה מיה (500 גרם),מיה תעשיות מזון מ.ת.מ. בעמ,,,יח`,500,גרם,false,1,12.20,2.44,false,1,
7290002319160,false,אפונה ירוקה מיה (500 גרם),מיה תעשיות מזון מ.ת.מ. בעמ,,,יח`,500,גרם,false,1,7.40,1.48,true,1,
7290002319177,false,פופקורן מיה (500 גרם),מיה תעשיות מזון מ.ת.מ. בעמ,,,יח`,500,גרם,false,1,7.40,1.48,false,1,
7290002319184,false,עדשים אדומות מיה (500 גרם),מיה תעשיות מזון מ.ת.מ. בעמ,,,יח`,500,גרם,false,1,10.10,2.02,true,1,
7290002319191,false,עדשים ירוקות מיה (500 גרם),מיה תעשיות מזון מ.ת.מ. בעמ,,,יח`,500,גרם,false,1,9.10,1.82,true,1,
7290002319207,false,כוסמת מיה (500 גרם),מיה תעשיות מזון מ.ת.מ. בעמ,,,יח`,500,גרם,false,1,8.80,1.76,true,1,
7290002319375,false,קורנפלור 200 גר`,מיה תעשיות מזון מ.ת.מ. בעמ,,,יח`,200,גרם,false,1,5.10,2.55,false,1,
7290002327028,false,ג`חנון 650 גר` שלושת האופים,נטו מלינדה סחר בעמ,,,יח`,650,גרם,false,1,16.90,2.60,true,1,
7290002327042,false,בורקס תפוא שלושת האופים,נטו מלינדה סחר בעמ,,,יח`,800,גרם,false,1,18.90,2.36,true,1,
7290002327059,false,בצק עלים מרודד שלושת האופים (1 קג),נטו מלינדה סחר בעמ,,,יח`,1000,גרם,false,1,18.90,1.89,true,1,
7290002327073,false,בורקס גבינה שלושת האופים,נטו מלינדה סחר בעמ,,,יח`,800,גרם,false,1,20.90,2.61,true,1,
7290002329619,false,עוגת שוקו צ`יפס עוג`לה 350 גר`,בני פאוזי שמשום (2009) בעמ,,,יח`,350,גרם,false,1,7.90,2.26,true,1,
7290002329626,false,עוגת שיש עוג`לה 350 גר`,בני פאוזי שמשום (2009) בעמ,,,יח`,350,גרם,false,1,7.90,2.26,true,1,
7290002329633,false,עוגת תפוח עץ עוגל`ה 350 גר`,בני פאוזי שמשום (2009) בעמ,,,יח`,350,גרם,false,1,7.90,2.26,true,1,
7290002329664,false,עוגת אנגלית עוג`לה 350 גר`,בני פאוזי שמשום (2009) בעמ,,,יח`,350,גרם,false,1,7.90,2.26,true,1,
7290002329695,false,עוגת וניל עוג`לה 350 גר`,בני פאוזי שמשום (2009) בעמ,,,יח`,350,גרם,false,1,7.90,2.26,true,1,
7290002329961,false,עוגת שוקוצ`ינו עוג`לה 350 גר`,בני פאוזי שמשום (2009) בעמ,,,יח`,350,גרם,false,1,7.90,2.26,true,1,
7290002331025,false,נביעות 500 תו-גוווו,החברה המרכזית להפצת משקאות בעמ,,,יח`,500,"מ""ל",false,1,3.40,0.62,false,1,
7290002331094,false,בקבוק נביעות תו-גוו 750,החברה המרכזית להפצת משקאות בעמ,,,יח`,750,"מ""ל",false,1,4,0.49,false,1,
7290002331360,false,נביעות שישיה 0.500 טו גוווווו,החברה המרכזית להפצת משקאות בעמ,,,יח`,3,1 ליטר,false,1,17,5.07,true,1,
7290002331421,false,שישית נביעות תו-גוו 755,החברה המרכזית להפצת משקאות בעמ,,,יח`,4.53,1 ליטר,false,1,17.30,3.42,false,1,
7290002331490,false,מים מינרלים נביעות (1 ליטר),החברה המרכזית להפצת משקאות בעמ,,,יח`,1,1 ליטר,false,1,3.30,3.30,true,1,
7290002345015,false,דק דק סינטה אל גאוצו,נטו מלינדה סחר בעמ,,,יח`,250,גרם,false,1,25.40,10.16,true,1,
7290002345022,false,דק דק אנטריקוט אל גאוצו,נטו מלינדה סחר בעמ,,,יח`,250,גרם,false,1,25.40,10.16,true,1,
7290002348139,false,תחתיות ארטישוק ויליגר (390 גרם),נטו מלינדה סחר בעמ,,,יח`,425,גרם,false,1,11.20,2.64,true,1,
7290002353836,false,סרדין רוברט בשמן זית,א. סיימן סחר בעמ,,,יח`,115,גרם,false,1,8.90,7.74,true,1,
7290002360124,false,פומפדור חליטת צמחים ורד הבר והיביסקו חדש,ש.שסטוביץ בעמ,,,יח`,30,גרם,false,1,17.30,57.67,true,1,
7290002360285,false,תה קמומיל פומפדור) (20,ש.שסטוביץ בעמ,,,יח`,30,גרם,false,1,17.30,57.67,true,1,
7290002371496,false,פרוסות שווארמה קצבים 120  גר`טירת צבי,תנובה קפואים,,,יח`,120,גרם,false,1,30.50,25.42,false,1,
7290002371533,false,סלסולי פסטרמה בדבש טירת צבי (120 גרם),תנובה קפואים,,,יח`,120,גרם,false,1,17.30,14.42,true,1,
7290002371540,false,נקניקים קורנדביף 120  גר`טירת צבי,תנובה קפואים,,,יח`,120,גרם,false,1,17.30,14.42,true,1,
7290002371748,false,צלעות אסאדו 120  גר`טירת צבי,תנובה קפואים,,,יח`,120,גרם,false,1,30.50,25.42,false,1,
7290002371854,false,נקניקיות עוף חריפות 1  קג`טירת צבי,תנובה קפואים,,,יח`,1,1 ליטר,false,1,34.60,34.60,true,1,
7290002371939,false,סרוולד צרפתי 120  גר`טירת צבי,תנובה קפואים,,,יח`,120,גרם,false,1,30.50,25.42,true,1,
7290002374312,false,שמן קנולה מזוכך 6% מילומור (1 ליטר),סוגת תעשיות בעמ,,,יח`,1,1 ליטר,false,1,11.90,11.90,false,1,
7290002374640,false,שמן קנולה פלוס אומגה 3 עץ הזית (1 ליטר),סוגת תעשיות בעמ,,,יח`,1,1 ליטר,false,1,17.90,17.90,false,1,
7290002407348,false,שמן זית ג`השאן כתית מעולה 750 מל`,אבאל יזמות בעמ,,,יח`,750,"מ""ל",false,1,35.90,4.79,true,1,
7290002407645,false,שמן זית כתית  מעולה( 750  מל)ארץ הגליל,אבאל יזמות בעמ,,,יח`,750,"מ""ל",false,1,30.90,4.12,true,1,
7290002407676,false,זית תערובת  אריזת( 800  גר`גהשאן,אבאל יזמות בעמ,,,יח`,800,גרם,false,1,22.90,2.86,true,1,
7290002453383,false,נקניקיות מרגז טלה קפוא 500  גר`זוהר,זהר בשר עופות ובשר בעמ,,,יח`,500,גרם,false,1,26.90,5.38,false,1,
7290002453512,false,קבב כבש ביתי 800  גר`זוהר,זהר בשר עופות ובשר בעמ,,,יח`,800,גרם,false,1,31.90,3.99,false,1,
7290002453529,false,המבורגר אנטריקוט קפוא 400 גר זהר,זהר בשר עופות ובשר בעמ,,,יח`,400,גרם,false,1,29.90,7.48,false,1,
7290002453802,false,קבב אסלי ג`מבו רומני 1 קג זוהר,זהר בשר עופות ובשר בעמ,,,יח`,1,"ק""ג",false,1,31.90,31.90,false,1,
7290002507604,false,פיצת השף-שגב מאיטליה 320 גר,נטו מלינדה סחר בעמ,,,יח`,320,גרם,false,1,16.90,5.28,true,1,
7290002512004,false,מלווח צנעני (900 גרם),צנעני מוצרי בצק בעמ,,,יח`,900,גרם,false,1,19.90,2.21,false,1,
7290002512035,false,בצק עלים צנעני (1 קג),צנעני מוצרי בצק בעמ,,,יח`,1,"ק""ג",false,1,17.90,17.90,true,1,
7290002512066,false,ג`חנון אפוי צנעני למיקרוגל,צנעני מוצרי בצק בעמ,,,יח`,650,גרם,false,1,19.90,3.06,false,1,
7290002512257,false,מלווח מופחת שומן,צנעני מוצרי בצק בעמ,,,יח`,700,גרם,false,1,17.90,2.56,true,1,
7290002512264,false,ג`חנון מופחת שומן צנעני,צנעני מוצרי בצק בעמ,,,יח`,700,גרם,false,1,17.90,2.56,true,1,
7290002515364,false,קמיל בלו אל  סבון+ מילוי,פישר תעשיות פרמצבטיות בעמ,,,יח`,500,"מ""ל",false,1,18.50,3.70,false,1,
7290002515371,false,קמיל בלו משפחתי קלאסיק,פישר תעשיות פרמצבטיות בעמ,,,יח`,1,1 ליטר,false,1,32.90,32.90,true,1,
7290002517290,false,קינמון טחון 40 גר`,תבליני טעם וריח בעמ,,,יח`,40,גרם,false,1,6.90,17.25,false,1,
7290002517375,false,בזילקום עלים 30 גר`,תבליני טעם וריח בעמ,,,יח`,30,גרם,false,1,6.90,23,false,1,
7290002517849,false,שום גבישי 50 גר`,תבליני טעם וריח בעמ,,,יח`,50,גרם,false,1,6.90,13.80,false,1,
7290002542780,false,בירה סטלה ארטואה 330 מל בקבוק שישייה,תימקו בירה בעמ,,,יח`,1.98,1 ליטר,false,1,36.90,17.73,true,1,
7290002543046,false,קלוגס פרוסטיס 750 גר`,דיפלומט היינץ,,,יח`,750,גרם,false,1,22.90,3.05,false,1,
7290002603498,false,פיצת השף מאיטליה CHEF שגב אנטיפסטי 220,נטו מלינדה סחר בעמ,,,יח`,220,גרם,false,1,15.90,7.23,true,1,
7290002603504,false,פיצת השף מאיטליה CHEF שגב עגבניות ובצל ס,נטו מלינדה סחר בעמ,,,יח`,220,גרם,false,1,15.90,7.23,true,1,
7290002603634,false,פיצה תפזורת משולש 80  גר`בעלז,נטו מלינדה סחר בעמ,,,יח`,80,גרם,false,1,3.90,4.88,true,1,
7290002627210,false,גפילטע פיש מדגי קרפיון וכסיף בעלז 560 ג,נטו מלינדה סחר בעמ,,,יח`,560,גרם,false,1,10.90,1.95,false,1,
7290002628064,false,בשר בקר טחון קפוא בלדי (500 גרם),בלדי בעמ,,,יח`,500,גרם,false,1,16.90,3.38,false,1,
7290002628088,false,טחון הודו בלדי 500,בלדי בעמ,,,יח`,500,גרם,false,1,11.20,2.24,false,1,
7290002628293,false,טחון עוף בלדי 500,בלדי בעמ,,,יח`,500,גרם,false,1,11.20,2.24,false,1,
7290002661153,false,לחם דני קל פרוס ברמן (1 קג),י.את א. ברמן בעמ,,,יח`,1000,גרם,false,1,15.90,1.59,false,1,
7290002692393,false,שמן קנולה מזוכך מועשר עץ הזית (1 ליטר),סוגת תעשיות בעמ,,,יח`,1,1 ליטר,false,1,16.90,16.90,true,1,
7290002692409,false,שמן חמניות ויטמין E 1 ליטר עץ הזית,שמן תעשיות בעמ,,,יח`,1,1 ליטר,false,1,16.30,16.30,false,1,
7290002692768,false,תרסיס שמן קנולה מזוכך ללא תוספת גז 200 מ,סוגת תעשיות בעמ,,,יח`,200,"מ""ל",false,1,21.90,10.95,true,1,
7290002730262,false,נוזל לניקוי כלים קלאסי פלמוליב (750 מל),ש.שסטוביץ בעמ,,,יח`,750,"מ""ל",false,1,13.90,1.85,true,1,
7290002730811,false,משחת שיניים ג`ל קולגייט (100 מל),ש.שסטוביץ בעמ,,,יח`,138,גרם,false,1,13.90,10.07,false,1,
7290002730941,false,צמר גפן פרוס בלונס (100 גרם),ש.שסטוביץ בעמ,,,יח`,100,גרם,false,1,7.50,7.50,false,1,
7290002735014,false,מלווח ארוז יינון 800 גר`,קפוא-זן תעשיות מזון בעמ - תפוג,,,יח`,800,גרם,false,1,14.90,1.86,false,1,
7290002735021,false,ג`חנון ארוז 750  גר`יינון,קפוא-זן תעשיות מזון בעמ - תפוג,,,יח`,750,גרם,false,1,14.90,1.99,false,1,
7290002735113,false,בורקס גבינה ינון 800 גר`,קפוא-זן תעשיות מזון בעמ - תפוג,,,יח`,800,גרם,false,1,17.90,2.24,false,1,
7290002735120,false,בורקס תפוא ינון 800 גר`,קפוא-זן תעשיות מזון בעמ - תפוג,,,יח`,800,גרם,false,1,14.90,1.86,false,1,
7290002735274,false,ג חנון אפוי 600 גר יינון,קפוא-זן תעשיות מזון בעמ - תפוג,,,יח`,600,גרם,false,1,17.90,2.98,false,1,
7290002752332,false,מנטוס גליל פירות,ליימן שליסל בעמ,,,יח`,37.50,גרם,false,1,4,10.67,false,1,
7290002752349,false,מנטוס גליל טעם מנטה (37.5 גרם),ליימן שליסל בעמ,,,יח`,37.50,גרם,false,1,4,10.67,false,1,
7290002753995,false,ערכת קישוטי עוגה דקו 150 גר,ליימן שליסל בעמ,,,יח`,150,גרם,false,1,19.30,12.87,false,1,
7290002757139,false,מלוואח 700 גר` שלושת האופים,נטו מלינדה סחר בעמ,,,יח`,700,גרם,false,1,16.90,2.41,true,1,
7290002757511,false,קציצות דג לבישול דלידג (750 גרם),נטו מלינדה סחר בעמ,,,יח`,750,גרם,false,1,30.50,4.07,true,1,
7290002757665,false,קבב מיזרחי 400 גר`,נטו מלינדה סחר בעמ,,,יח`,400,גרם,false,1,10.90,2.73,false,1,
7290002757672,false,המבורגר 400 גר`,נטו מלינדה סחר בעמ,,,יח`,400,גרם,false,1,10.90,2.73,false,1,
7290002768043,false,מי פה תיאדנט (150 מל),החברה הדרומית לשיווק בעמ,,,יח`,150,"מ""ל",false,1,15.90,10.60,false,1,
7290002768159,false,קצף אמבט בת אורן (500 מל),החברה הדרומית לשיווק בעמ,,,יח`,500,"מ""ל",false,1,18.90,3.78,false,1,
7290002800361,false,המבורגר ואקום 500  גר`מסעדות,לאטי עזרא בעמ,,,יח`,500,גרם,false,1,23.90,4.78,false,1,
7290002814016,false,מסיר שומנים קר סנט מוריץ (750 מל),קומפלקס כימיקלים בעמ,,,יח`,750,"מ""ל",false,1,14.90,1.99,false,1,
7290002814078,false,אנטרטיק לניקוי,קומפלקס כימיקלים בעמ,,,יח`,1,1 ליטר,false,1,8.90,8.90,true,1,
7290002814290,false,קצף מרוכז 1 ליטר בלנקו בניחוח,קומפלקס כימיקלים בעמ,,,יח`,1,1 ליטר,false,1,13.90,13.90,true,1,
7290002814528,false,ניקוי אסלות NO.1,קומפלקס כימיקלים בעמ,,,יח`,1,1 ליטר,false,1,6.90,6.90,true,1,
7290002814603,false,מסיר שומנים מבושם בניחוח לימון 750 מל,קומפלקס כימיקלים בעמ,,,יח`,750,"מ""ל",false,1,13.90,1.85,true,1,
7290002814719,false,נוזל רצפות 4 ליטר מאסק סנט מוריץ,קומפלקס כימיקלים בעמ,,,יח`,4000,"מ""ל",false,1,12.90,0.32,false,1,
7290002814825,false,סבון אסלה כדוריות שלישייה אוקינוס כחול ס,קומפלקס כימיקלים בעמ,,,יח`,150,גרם,false,1,10.90,7.27,false,1,
7290002824183,false,קרם גבינה 5% סקי (500 גרם),שטראוס גרופ בעמ/מצונן,,,יח`,500,גרם,false,1,9.50,1.90,false,1,
7290002824466,false,יוגורט ביו 0% דנונה (200 גרם),שטראוס גרופ בעמ/מצונן,,,יח`,200,"מ""ל",false,1,3.70,1.85,false,1,
7290002824640,false,קרם גבינה 5% סקי (250 גרם),שטראוס גרופ בעמ/מצונן,,,יח`,250,גרם,false,1,4.97,1.99,false,1,
7290002825722,false,כרוב אדום במיונז אחלה (500 גרם),שטראוס גרופ בעמ/מצונן,,,יח`,575,גרם,false,1,15.60,2.71,true,1,
7290002827320,false,מחפוד נקניקיות עוף מרגז 400 גר`.,עוף ירושלים שיווק בעמ,,,יח`,400,גרם,false,1,19.90,4.98,false,1,
7290002827337,false,מחפוד נקניקיות עוף פיקנטי 400 גר`,עוף ירושלים שיווק בעמ,,,יח`,400,גרם,false,1,10.10,2.53,false,1,
7290002830948,false,גבינת מון בלאן עיזים 120 גר`,נטו מלינדה סחר בעמ,,,יח`,120,גרם,false,1,14.20,11.83,true,1,
7290002868996,false,קוטג`5% מועשר 250 גר`,החב` המרכזית - טרה,,,יח`,250,גרם,false,1,5.60,2.24,false,1,
7290002871248,false,בירה טובורג רד (500 מל),החברה המרכזית להפצת משקאות בעמ,,,יח`,500,"מ""ל",false,1,8.10,1.38,false,1,
7290002871361,false,בירה קרלסברג (500 מל),החברה המרכזית להפצת משקאות בעמ,,,יח`,500,"מ""ל",false,1,8.10,1.38,false,1,
7290002881469,false,עגבניות מיובשות קצוץ זיתים בשמן 340 גר`,תומר יבוא ושיווק מוצרי מזון (1,,,יח`,1,,false,1,12.90,12.90,false,1,
7290002904694,false,דאודורנט ספריי לגבר טיטניום (180 מל),החברה הדרומית לשיווק בעמ,,,יח`,150,"מ""ל",false,1,15.90,10.60,false,1,
7290002909576,false,בשר בקר טחון לקציצות ולקבב 500 גר`,בלדי בעמ,,,יח`,500,גרם,false,1,12.90,2.58,false,1,
7290002921165,false,הזלין ספרי,יעקב יעקבי ובניו בעמ,,,יח`,250,"מ""ל",false,1,33.90,13.56,false,1,
7290002929642,false,נתחי טונה בהירה בשמן ויליגר (140x4 גרם),נטו מלינדה סחר בעמ,,,יח`,460,גרם,false,1,21.90,4.76,false,1,
7290002954040,false,שמן תירס 1 ליטרשוקחה,בני ג`ורג` שוקחה (חיפה) בעמ,,,יח`,1000,"מ""ל",false,1,16.90,1.69,false,1,
7290002954187,false,אורז יסמין שוקחה (5 קג),בני ג`ורג` שוקחה (חיפה) בעמ,,,יח`,5,"ק""ג",false,1,44.90,8.98,false,1,
7290002971986,false,קמח שיפון ללא צורך בניפוי שטיבל,אבאל יזמות בעמ,,,יח`,1,"ק""ג",false,1,9.50,9.50,true,1,
7290002971993,false,קמח כוסמין מלא ללא צורך בניפוי 1 קג שטיב,אבאל יזמות בעמ,,,יח`,1000,גרם,false,1,14.90,1.49,false,1,
7290002972365,false,קמח תופח ללא צורך בניפוי 1 קג שטיבל,אבאל יזמות בעמ,,,יח`,1,"ק""ג",false,1,8.90,8.90,true,1,
7290002972426,false,קמח  מלא% 80 ללא צורך בניפוי 1 קג,אבאל יזמות בעמ,,,יח`,1,"ק""ג",false,1,9.50,9.50,true,1,
7290002973669,false,קמח שטיבל 2,אבאל יזמות בעמ,,,יח`,1,"ק""ג",false,1,9.50,9.50,true,1,
7290002973829,false,קמח כוסמין  לבן( 1  קג) ללא צורך ניפוי ש,אבאל יזמות בעמ,,,יח`,1000,גרם,false,1,14.90,1.49,false,1,
7290002974222,false,קמח עוגיות ללא צורך בניפוי 1 קג שטיבל,אבאל יזמות בעמ,,,יח`,1,"ק""ג",false,1,9.50,9.50,true,1,
7290002974239,false,קמח עוגות 1 קג שטיבל,אבאל יזמות בעמ,,,יח`,1,"ק""ג",false,1,9.50,9.50,true,1,
7290003009312,false,בוטן קלוי קליית גת (200 גרם),ליימן שליסל בעמ,,,יח`,200,גרם,false,1,7.90,3.95,false,1,
7290003009329,false,בוטנים אמריקאיים קליית גת (200 גרם),ליימן שליסל בעמ,,,יח`,200,גרם,false,1,6.90,3.45,true,1,
7290003009336,false,קבוקים קליית גת (200 גרם),ליימן שליסל בעמ,,,יח`,200,גרם,false,1,6.90,3.45,true,1,
7290003011087,false,אורז בסמטי 1 קג` שקית כחולה דין שיווק,דין שיווק וקליה 2021 בעמ,,,יח`,1,"ק""ג",false,1,12.20,12.20,true,1,
7290003015627,false,ריצפז פרש 2 ליטר אפרסק,החברה הדרומית לשיווק בעמ,,,יח`,2,1 ליטר,false,1,20.90,10.45,true,1,
7290003026036,false,קמיל בלו סנסטיב אל סבון,פישר תעשיות פרמצבטיות בעמ,,,יח`,1,1 ליטר,false,1,34.90,34.90,true,1,
7290003029181,false,שוקו 2% בבקבוק יטבתה (1 ליטר),שטראוס גרופ בעמ/מצונן,,,יח`,1,1 ליטר,false,1,11.90,11.90,false,1,
7290003029372,false,משקה חלב בטעם בננה 2% יטבתה (1 ליטר,שטראוס גרופ בעמ/מצונן,,,יח`,1,1 ליטר,false,1,11.90,11.90,false,1,
7290003029433,false,שוקו 2% עם פקק ספורט יטבתה (250 מל),שטראוס גרופ בעמ/מצונן,,,יח`,250,"מ""ל",false,1,5.60,2.24,false,1,
7290003029532,false,משקה מוקה 2% יטבתה (1 ליטר),שטראוס גרופ בעמ/מצונן,,,יח`,1,1 ליטר,false,1,11.90,11.90,false,1,
7290003029792,false,שוקו 2% יטבתה (225x8 מל),שטראוס גרופ בעמ/מצונן,,,יח`,1.80,1 ליטר,false,1,19.90,11.06,false,1,
7290003029815,false,חלב מועשר 3% בכד יטבתה 2 ליטר,שטראוס גרופ בעמ/מצונן,,,יח`,2000,"מ""ל",false,1,15.20,0.76,false,1,
7290003029907,false,משקה חלב אייס קפה 2% יטבתה (1 ליטר,שטראוס גרופ בעמ/מצונן,,,יח`,1,1 ליטר,false,1,11.90,11.90,false,1,
7290003031702,false,נקניקיות הודו 1 קג` מחפוד טירת צבי,תנובה קפואים,,,יח`,1,"ק""ג",false,1,34.60,34.60,false,1,
7290003031849,false,צמד כפרי ברבקיו ודבש 600 גר` מחפוד טירת,תנובה קפואים,,,יח`,600,גרם,false,1,36.70,6.12,false,1,
7290003047642,false,תה ילו לייבל ליפטון) (100,יוניליוור ישראל שיווק בעמ,,,יח`,150,גרם,false,1,12.90,8.60,true,1,
7290003069705,false,פיצה אישית עגול תפזורת,נטו מלינדה סחר בעמ,,,יח`,80,גרם,false,1,3.90,4.88,true,1,
7290003072965,false,קבנוס חריף מעושן 120  גר`טירת צבי,תנובה קפואים,,,יח`,120,גרם,false,1,13.20,11,false,1,
7290003091782,false,אווזית עגל טרי חלק מו,אדום אדום - תנובה בקר,,,"ק""ג",1,"ק""ג",true,1,79.90,79.90,true,1,
7290003102136,false,צמר גפן קוטון סופט (100 גרם),אינטרסן 1996 בעמ,,,יח`,1,,false,1,6.50,6.50,false,1,
7290003102419,false,כפפות ניילון 100  יח`בקופסא,אינטרסן 1996 בעמ,,,יח`,1,,false,1,6.50,6.50,true,1,
7290003102976,false,צימרוני אוזניים טוליפס) (200,אינטרסן 1996 בעמ,,,יח`,20000,גרם,false,1,4.90,0.02,true,1,
7290003102990,false,פדים להסרת איפור,אינטרסן 1996 בעמ,,,יח`,1,,false,1,8.40,8.40,false,1,
7290003107247,false,שמרים יבשים 33  גר`שטיבל,אבאל יזמות בעמ,,,יח`,33,גרם,false,1,7.50,22.73,true,1,
7290003107353,false,משפר אפייה ביתי (10*3 גר`)שטיבל,אבאל יזמות בעמ,,,יח`,30,גרם,false,1,6.90,23,true,1,
7290003126712,false,יוגורט עיזים 3.9% משק צוריאל (150 גרם),החב` המרכזית - טרה,,,יח`,150,"מ""ל",false,1,6.70,4.47,false,1,
7290003126958,false,טופו משק צוריאל (300 גרם),החב` המרכזית - טרה,,,יח`,300,גרם,false,1,12.70,4.23,true,1,
7290003141159,false,חטיפי מרשמלו יוגטה (180 גרם),ליימן שליסל בעמ,,,יח`,180,גרם,false,1,9.90,5.50,false,1,
7290003143146,false,ממרח תמרים קליית גת (450 גרם),ליימן שליסל בעמ,,,יח`,450,גרם,false,1,7.10,1.58,false,1,
7290003143276,false,מרשמלו מגולגל יוגטה (180 גרם),ליימן שליסל בעמ,,,יח`,180,גרם,false,1,9.90,5.50,false,1,
7290003145751,false,אגוזי קשיו קלויים קליית גת (200 גרם),ליימן שליסל בעמ,,,יח`,200,גרם,false,1,15.90,7.95,true,1,
7290003163939,false,נקניקיות גריל 1.5 קג,לאטי עזרא בעמ,,,יח`,1.50,"ק""ג",false,1,25.90,17.27,false,1,
7290003185726,false,קבב מזרחי 500 גר` טיבונוויל,נטו מלינדה סחר בעמ,,,יח`,500,גרם,false,1,21.40,4.28,true,1,
7290003224036,false,אוכמניות כחולות מוקפאות 300  גר`מאמא מרי,מאמא - מרי בעמ,,,יח`,300,גרם,false,1,17.90,5.97,false,1,
7290003224159,false,בלינצ`ס במילוי בשר 400  גר`מאמא מרי,מאמא - מרי בעמ,,,יח`,400,גרם,false,1,18.90,4.73,false,1,
7290003224265,false,כיסונים עם בשר בקר 800  גר`מאמא מרי,מאמא - מרי בעמ,,,יח`,800,גרם,false,1,29.90,3.74,false,1,
7290003224272,false,כיסונים בשר מוסקובסקי 1  קג`קפוא מאמא מר,מאמא - מרי בעמ,,,יח`,1,"ק""ג",false,1,28.90,28.90,true,1,
7290003224456,false,כיסונים בשר סיבירסקי 1  קג`מאמא מרי,מאמא - מרי בעמ,,,יח`,1,"ק""ג",false,1,28.90,28.90,true,1,
7290003224487,false,כיסונים בשר 1  קג`מאמא מרי,מאמא - מרי בעמ,,,יח`,1,"ק""ג",false,1,28.90,28.90,false,1,
7290003224579,false,כיסונים במילוי בשר 1.5  קג`XXL מאמא מרי,מאמא - מרי בעמ,,,יח`,1.50,"ק""ג",false,1,40.90,27.27,false,1,
7290003229109,false,פסטרמה הודו בפפריקה טירת צבי (400 גרם),תנובה קפואים,,,יח`,400,גרם,false,1,34.60,8.65,true,1,
7290003229116,false,פסטרמה בדבש 3% שומן טירת צבי (400 גרם),תנובה קפואים,,,יח`,400,גרם,false,1,34.60,8.65,true,1,
7290003229147,false,סלמי בסגנון איטלקי טירת צבי (300 גרם),תנובה קפואים,,,יח`,300,גרם,false,1,31.60,10.53,true,1,
7290003229154,false,סלמי קוניאק טירת צבי (300 גרם),תנובה קפואים,,,יח`,300,גרם,false,1,31.60,10.53,true,1,
7290003229192,false,כתף בקר מעושן 400  גר`טירת צבי,תנובה קפואים,,,יח`,400,גרם,false,1,37.70,9.43,true,1,
7290003229208,false,פסטרמה ספרדית 360  גר`2% טירת צבי,תנובה קפואים,,,יח`,360,גרם,false,1,34.60,9.61,true,1,
7290003229222,false,סלמי תה משובח 300 גר` טירת צבי,תנובה קפואים,,,יח`,300,גרם,false,1,24.40,8.13,false,1,
7290003258406,false,ווקס לשיער פנינה רוזנבלום (100 מל),פנינה רוזנבלום בעמ,,,יח`,100,"מ""ל",false,1,17.60,17.60,false,1,
7290003268252,false,לחם חיטה מלא לילדים דגנית,דגנית עין בר תעשיות מזון ואפיה,,,יח`,750,גרם,false,1,14.50,1.93,false,1,
7290003268429,false,לחם ירוק מקמח מלא דגנית עין בר (750 גרם),דגנית עין בר תעשיות מזון ואפיה,,,יח`,750,גרם,false,1,14.90,1.99,false,1,
7290003287253,false,מרגז ארוז 500 גר קצבייה,בלדי בעמ,,,יח`,500,גרם,false,1,28.90,5.78,false,1,
7290003287260,false,צ`וריסוס ארוז 600 גר קצביה,בלדי בעמ,,,יח`,600,גרם,false,1,28.90,4.82,false,1,
7290003287284,false,קבב ביתי ארוז 600 גר קצביה,בלדי בעמ,,,יח`,600,גרם,false,1,28.90,4.82,false,1,
7290003287307,false,קבב רומני ארוז 600 גר קצביה,בלדי בעמ,,,יח`,600,גרם,false,1,28.90,4.82,false,1,
7290003321155,false,דנונה פרי בר פקאן,שטראוס גרופ בעמ/מצונן,,,יח`,175,"מ""ל",false,1,4.50,2.57,false,1,
7290003387205,false,דאודורנט סטיק לגבר ספיד סטיק (56 גרם),ש.שסטוביץ בעמ,,,יח`,63.70,גרם,false,1,18.90,29.67,false,1,
7290003401369,false,נטורל פורמולה קרם לחות קלאסי,החברה הדרומית לשיווק בעמ,,,יח`,400,"מ""ל",false,1,23.40,5.85,true,1,
7290003401420,false,נטורל פורמולה קרם לחות,החברה הדרומית לשיווק בעמ,,,יח`,400,"מ""ל",false,1,23.40,5.85,true,1,
7290003411689,false,ליפתן לבן 25 יח` הנמל,הנמל אריזות ושיווק (1984) בעמ,,,יח`,1,,false,1,4.90,4.90,true,1,
7290003411696,false,מרקיות לבן 25 יח` הנמל,הנמל אריזות ושיווק (1984) בעמ,,,יח`,25,יח`,false,1,9.90,0.40,true,1,
7290003411726,false,קיסמים הנמל) (300,הנמל אריזות ושיווק (1984) בעמ,,,יח`,1,,false,1,5.40,5.40,false,1,
7290003427154,false,שמן זית כתית מעולה 750 מל זיתא,תה ויסוצקי (ישראל) בעמ,,,יח`,750,"מ""ל",false,1,29.90,3.99,false,1,
7290003438006,false,אוליביה ממרח פסטו איטלקי 180 גר`,תה ויסוצקי (ישראל) בעמ,,,יח`,190,גרם,false,1,14.90,7.84,false,1,
7290003438013,false,אוליביה ממרח זיתים ירוקים (190 גרם),תה ויסוצקי (ישראל) בעמ,,,יח`,190,גרם,false,1,14.90,7.84,false,1,
7290003438853,false,אוליביה אריסה חריפה (185 גרם),תה ויסוצקי (ישראל) בעמ,,,יח`,180,גרם,false,1,14.90,8.28,false,1,
7290003450602,false,חרדל היינץ (255 גרם),דיפלומט היינץ,,,יח`,255,גרם,false,1,13.20,5.18,false,1,
7290003457991,false,מאגדת-קורנטו קלאסיק,גלידות שטראוס בעמ,,,יח`,300,גרם,false,1,35.60,11.87,false,1,
7290003475124,false,צמר גפן עננים (100 גרם),ש.שסטוביץ בעמ,,,יח`,100,גרם,false,1,7.50,7.50,false,1,
7290003550753,false,נתחי טונה בהירה בשמן פוסידון (108x4 גרם),נטו מלינדה סחר בעמ,,,יח`,432,גרם,false,1,22.90,5.30,false,1,
7290003570171,false,מינוט שניצל 300 גר`,בלדי בעמ,,,יח`,300,גרם,false,1,23.90,7.97,false,1,
7290003570928,false,קבב בלדי ארוז 500  גר`קצביה,בלדי בעמ,,,יח`,500,גרם,false,1,28.90,5.78,false,1,
7290003578061,false,לבבות דקל שלמים וילי פוד (400 גרם),ג.וילי-פוד אינטרנשיונל בעמ,,,יח`,400,גרם,false,1,13.90,3.48,false,1,
7290003578078,false,קוקטייל פירות 850 גר`,ג.וילי-פוד אינטרנשיונל בעמ,,,יח`,850,גרם,false,1,10.90,1.28,false,1,
7290003578108,false,חתיכות אננס בסירופ קל וילי פוד (850 גרם),ג.וילי-פוד אינטרנשיונל בעמ,,,יח`,820,גרם,false,1,9.90,1.21,false,1,
7290003578177,false,תירס צעיר שלם וילי פוד (410 גרם),ג.וילי-פוד אינטרנשיונל בעמ,,,יח`,410,גרם,false,1,7.50,1.83,false,1,
7290003578290,false,מקלוני אורז 300  גר`וילי פוד,ג.וילי-פוד אינטרנשיונל בעמ,,,יח`,300,גרם,false,1,6.90,2.30,false,1,
7290003578313,false,דובדבן חמוץ ללא חרצן,ג.וילי-פוד אינטרנשיונל בעמ,,,יח`,720,גרם,false,1,9.50,1.32,true,1,
7290003598311,false,דק דק אנטריקוט 300  גר`קפוא פרוס מינוט,בלדי בעמ,,,יח`,300,גרם,false,1,34.90,11.63,true,1,
7290003643004,false,אורז בסמטי קלאסי סוגת (1 קג),סוגת תעשיות בעמ,,,יח`,1,"ק""ג",false,1,14.90,14.90,true,1,
7290003643387,false,סוכר לבן בצנצנת סוגת (1 קג),סוגת תעשיות בעמ,,,יח`,1,"ק""ג",false,1,8.90,8.90,false,1,
7290003643646,false,סוכר דמררה סוגת 1 קג,סוגת תעשיות בעמ,,,יח`,1000,גרם,false,1,12.90,1.29,false,1,
7290003643684,false,אפונה סוגת (500 גרם),סוגת תעשיות בעמ,,,יח`,500,גרם,false,1,7.90,1.58,true,1,
7290003643707,false,גריסים סוגת (500 גרם),סוגת תעשיות בעמ,,,יח`,500,גרם,false,1,6.50,1.30,true,1,
7290003643714,false,חומוס סוגת (500 גרם),סוגת תעשיות בעמ,,,יח`,500,גרם,false,1,8.90,1.78,true,1,
7290003643738,false,חיטה סוגת (500 גרם),סוגת תעשיות בעמ,,,יח`,500,גרם,false,1,6.50,1.30,true,1,
7290003643745,false,כוסמת סוגת (500 גרם),סוגת תעשיות בעמ,,,יח`,500,גרם,false,1,8.90,1.78,true,1,
7290003643752,false,עדשים ירוקות סוגת (500 גרם),סוגת תעשיות בעמ,,,יח`,500,גרם,false,1,8.90,1.78,true,1,
7290003643769,false,עדשים אדומות סוגת (500 גרם),סוגת תעשיות בעמ,,,יח`,500,גרם,false,1,8.90,1.78,true,1,
7290003643776,false,פופקורן סוגת (500 גרם),סוגת תעשיות בעמ,,,יח`,500,גרם,false,1,7.50,1.50,true,1,
7290003643806,false,שעועית לבנה יבשה סוגת (500 גרם),סוגת תעשיות בעמ,,,יח`,500,גרם,false,1,13.90,2.78,true,1,
7290003643813,false,שעועית אדומה סוגת (500 גרם),סוגת תעשיות בעמ,,,יח`,500,גרם,false,1,11.50,2.30,true,1,
7290003681051,false,פקאן סיני מסוכר 100  גר`מיה,מיה תעשיות מזון מ.ת.מ. בעמ,,,יח`,100,גרם,false,1,18.90,18.90,false,1,
7290003681303,false,שעועית מעורבת 500  גר`מיה,מיה תעשיות מזון מ.ת.מ. בעמ,,,יח`,500,גרם,false,1,13.20,2.64,false,1,
7290003681334,false,קוקוס מיה (400 גרם),מיה תעשיות מזון מ.ת.מ. בעמ,,,יח`,400,גרם,false,1,13.20,3.30,false,1,
7290003681532,false,דובדבנים מסוכרים 80  גר`מיה,מיה תעשיות מזון מ.ת.מ. בעמ,,,יח`,80,גרם,false,1,9.90,12.38,false,1,
7290003681693,false,חומוס לבן ענק מיה (500 גרם),מיה תעשיות מזון מ.ת.מ. בעמ,,,יח`,500,גרם,false,1,12.20,2.44,false,1,
7290003718627,false,פול ירוק 400  גר`בלדי בדץ,בלדי בעמ,,,יח`,400,גרם,false,1,10.90,2.73,false,1,
7290003726615,false,טופו ויילר 300 גר`,שטראוס גרופ בעמ/מצונן,,,יח`,300,גרם,false,1,12.50,4.17,true,1,
7290003726875,false,טופו חומוס בתוספת פסטו 300 גר,שטראוס גרופ בעמ/מצונן,,,יח`,300,גרם,false,1,13.90,4.63,true,1,
7290003744428,false,אובלטים מלוחים דקדקים קימל ברט (300 גרם),שוקוטרייד בעמ,,,יח`,300,גרם,false,1,13.20,4.40,false,1,
7290003744831,false,אובלטים 300  גר`עם בצל,שוקוטרייד בעמ,,,יח`,300,גרם,false,1,13.20,4.40,false,1,
7290003744855,false,אובלטים 300  גר`עם שומשום,שוקוטרייד בעמ,,,יח`,300,גרם,false,1,13.20,4.40,false,1,
7290003744862,false,אובלטים מלוחים דקיקים זעתר ברט (300 גרם),שוקוטרייד בעמ,,,יח`,300,גרם,false,1,13.20,4.40,false,1,
7290003781065,false,קורנישונים כבושום בחומץ 680  גר`וילי פוד,ג.וילי-פוד אינטרנשיונל בעמ,,,יח`,690,גרם,false,1,10.90,1.58,false,1,
7290003781652,false,צלפים 350 גר`,ג.וילי-פוד אינטרנשיונל בעמ,,,יח`,350,גרם,false,1,9.50,2.71,false,1,
7290003781850,false,קשקבל פרוסות 200 גר,ג.וילי-פוד אינטרנשיונל **גבינו,,,יח`,200,גרם,false,1,20.90,10.45,false,1,
7290003804252,false,תיבוליות הודי קנור (8  יח`- 72 גרם),יוניליוור ישראל שיווק בעמ,,,יח`,80,גרם,false,1,10.90,13.63,true,1,
7290003804320,false,תיבולית שום,יוניליוור ישראל שיווק בעמ,,,יח`,80,גרם,false,1,10.90,13.63,true,1,
7290003804382,false,תיבוליות פטריות קנור (8  יח`- 72 גרם),יוניליוור ישראל שיווק בעמ,,,יח`,72,גרם,false,1,10.90,15.14,true,1,
7290003805501,false,פתית בסגנון שוודי תלמה (300 גרם),יוניליוור ישראל שיווק בעמ,,,יח`,300,גרם,false,1,19.30,6.43,true,1,
7290003805587,false,פתית חיטה מלאה תלמה (250 גרם),יוניליוור ישראל שיווק בעמ,,,יח`,250,גרם,false,1,19.30,7.72,true,1,
7290003807178,false,רוטב סויה סגנון סיני קנור (300 מל),יוניליוור ישראל שיווק בעמ,,,יח`,300,"מ""ל",false,1,13.90,4.63,true,1,
7290003807482,false,רוטב טריאקי קנור (300 מל),יוניליוור ישראל שיווק בעמ,,,יח`,300,"מ""ל",false,1,13.90,4.63,true,1,
7290003864478,false,סרדינים בשמן צמחי וילי פוד (110 גרם),ג.וילי-פוד אינטרנשיונל בעמ,,,יח`,110,גרם,false,1,6.10,5.55,true,1,
7290003864485,false,סרדינים ברוטב עגבניות וילי פוד (110 גרם),ג.וילי-פוד אינטרנשיונל בעמ,,,יח`,110,גרם,false,1,6.10,5.55,true,1,
7290003864492,false,סרדין בשמן צמחי 110 גר`,ג.וילי-פוד אינטרנשיונל בעמ,,,יח`,110,גרם,false,1,6.10,5.55,true,1,
7290003903771,false,קפוצ ינו פחית 200 גר`,שטראוס גרופ בעמ,,,יח`,200,גרם,false,1,24.90,12.45,false,1,
7290003962099,false,פלפל צומה 200 גר`,מטעמי אביטלי,,,יח`,1,,false,1,12.90,12.90,false,1,
7290003976591,false,מטהר אויר  אוטומט( 250  מל)לוטוס טאצ,סאסאטק אגשח בעמ,,,יח`,250,"מ""ל",false,1,13.90,5.56,false,1,
7290003976607,false,אקונומיקה סמיכה לבנדר 4 ליטר עם פקק ביטח,סאסאטק אגשח בעמ,,,יח`,4000,"מ""ל",false,1,12.90,0.32,false,1,
7290003989096,false,חצילים פיקנטי אחלה (500 גרם),שטראוס גרופ בעמ/מצונן,,,יח`,575,גרם,false,1,16.60,2.89,true,1,
7290003989539,false,רביולי עם גבינה שטראוס (400 גרם),שטראוס גרופ בעמ/מצונן,,,יח`,400,גרם,false,1,21.70,5.43,true,1,
7290003989553,false,טורטליני פטריות 400  גר`שטראוס,שטראוס גרופ בעמ/מצונן,,,יח`,400,גרם,false,1,21.70,5.43,true,1,
7290003996209,false,פטריות א.א. חסלט,יעל ירק עלים לשיווק בעמ,,,יח`,1,,false,1,9.90,9.90,false,1,
7290003996575,false,סלק וואקום שקית 500  גר- חסלט,יעל ירק עלים לשיווק בעמ,,,יח`,3,1 ליטר,false,1,6.90,2.30,false,1,
7290004011284,false,בסיס להכנת קצפת צמחי ריץ` (212 מל),נטו מלינדה סחר בעמ,,,יח`,212,"מ""ל",false,1,10.10,4.76,true,1,
7290004011291,false,בסיס להכנת קצפת צמחי ריץ` (425 מל),נטו מלינדה סחר בעמ,,,יח`,425,"מ""ל",false,1,18.30,4.31,true,1,
7290004011338,false,קצפת מתוקה מוכנה ספריי ריץ` (250 מל),נטו מלינדה סחר בעמ,,,יח`,250,"מ""ל",false,1,17.90,7.16,true,1,
7290004011345,false,קצפת 250 מל פרווה ארוסול,נטו מלינדה סחר בעמ,,,יח`,250,"מ""ל",false,1,17.90,7.16,true,1,
7290004030018,false,מיץ לימון 1/2 ליטר,תנובה - פריניב,,,יח`,500,"מ""ל",false,1,12.10,2.36,false,1,
7290004030100,false,מיץ תפוזים סחוט וולנסיה 1 ליטר,תנובה - פריניב,,,יח`,1,1 ליטר,false,1,17.90,17.90,false,1,
7290004030445,false,סחוט 1 ליטר תפוזים פרי ניב,תנובה - פריניב,,,יח`,1,1 ליטר,false,1,14.90,14.90,false,1,
7290004063016,false,מלח שולחן מעולה סלית (1  קג)פיקוח,סוגת תעשיות בעמ,,,יח`,1,"ק""ג",false,1,1.90,1.90,false,1,
7290004063115,false,מלח מטבח גס ארזינא (1  קג)פיקוח,סוגת תעשיות בעמ,,,יח`,1,"ק""ג",false,1,1.90,1.90,false,1,
7290004064174,false,מלח ההימלאיה דק בצנצנת 1 קג`,סוגת תעשיות בעמ,,,יח`,1,"ק""ג",false,1,17.90,17.90,true,1,
7290004068172,false,יוגורט עיזים 5% גד (600 גרם),מחלבות גד שיווק 1992 בעמ,,,יח`,600,גרם,false,1,18.90,3.15,false,1,
7290004078263,false,צימרונים בלונס) (200x2,ש.שסטוביץ בעמ,,,יח`,1,,false,1,9.90,9.90,false,1,
7290004078270,false,פלמוליב צילינדר לימון 1 ליטר חדש,ש.שסטוביץ בעמ,,,יח`,1,1 ליטר,false,1,15.20,15.20,false,1,
7290004078690,false,WC ג`ל ניקוי לאסלה אג`קס (750 מל),ש.שסטוביץ בעמ,,,יח`,750,"מ""ל",false,1,15.90,2.12,false,1,
7290004119225,false,יוגורט ביו 3% אננס יופלה (150 גרם),תנובה - חלב,,,יח`,150,"מ""ל",false,1,5.20,3.47,false,1,
7290004119928,false,מעדן חלב 3% בטעם וניל קרלו (125 גרם),תנובה - חלב,,,יח`,125,"מ""ל",false,1,2.90,2.32,false,1,
7290004120061,false,מעדן חלב 1.5% שוניל קרלו (125 גרם),תנובה - חלב,,,יח`,125,"מ""ל",false,1,3,2.40,false,1,
7290004120108,false,דיאט יופלה דובדבן,תנובה - חלב,,,יח`,150,"מ""ל",false,1,5.20,3.47,false,1,
7290004120566,false,גבינה בולגרית  (25024%  גרם)פיראוס תנובה,תנובה - חלב,,,יח`,250,גרם,false,1,22.90,9.16,false,1,
7290004120573,false,גבינה בולגרית  (25016%  גרם)פיראוס תנובה,תנובה - חלב,,,יח`,250,גרם,false,1,23.90,9.56,false,1,
7290004120634,false,גבינה בולגרית  (2505%  גרם)פיראוס תנובה,תנובה - חלב,,,יח`,250,גרם,false,1,21.90,8.76,false,1,
7290004121488,false,יוגורט ביו דיאט 0% אפרסק יופלה (150 גרם),תנובה - חלב,,,יח`,150,"מ""ל",false,1,5.20,3.47,false,1,
7290004121754,false,יופלה עוגת גבינה ותות 3%,תנובה - חלב,,,יח`,150,"מ""ל",false,1,5.20,3.47,false,1,
7290004121839,false,גבינת פטה כבשים  (25020%  גרם)פיראוס בול,תנובה - חלב,,,יח`,250,גרם,false,1,27.90,11.16,false,1,
7290004121853,false,גבינה בולגרית קוביות  (2005%  גרם)פיראוס,תנובה - חלב,,,יח`,200,גרם,false,1,22.90,11.45,false,1,
7290004122119,false,פתיתי פרמז`ן השף הלבן (100 גרם),תנובה - חלב,,,יח`,100,גרם,false,1,13.50,13.50,false,1,
7290004122195,false,גוש חלב פרוס,תנובה - חלב,,,יח`,200,גרם,false,1,14.50,7.25,false,1,
7290004122270,false,גבינה צהובה קלאסית 28% עמק (200 גרם),תנובה - חלב,,,יח`,200,גרם,false,1,16.10,8.05,false,1,
7290004122348,false,גבינה צהובה מופחתת שומן 9% עמק (200 גרם),תנובה - חלב,,,יח`,200,גרם,false,1,16.90,8.45,false,1,
7290004122676,false,גבינה חמד לייט  (2505%  גרם)פיראוס תנובה,תנובה - חלב,,,יח`,250,גרם,false,1,17.90,7.16,false,1,
7290004122683,false,אצבעות עמק,תנובה - חלב,,,יח`,172,גרם,false,1,16.80,9.77,false,1,
7290004124205,false,יוגורט ביו דיאט 0% תות יופלה (150 גרם),תנובה - חלב,,,יח`,150,"מ""ל",false,1,5.20,3.47,false,1,
7290004124847,false,קצפת צמחית השף הלבן 500,תנובה - חלב,,,יח`,500,"מ""ל",false,1,15.90,3.18,false,1,
7290004125400,false,אשל 4.5% מהדרין תנובה (200  מל)פיקוח,תנובה - חלב,,,יח`,200,"מ""ל",false,1,1.69,0.85,false,1,
7290004125417,false,גיל 3% מהדרין תנובה (200  מל)פיקוח,תנובה - חלב,,,יח`,200,"מ""ל",false,1,1.51,0.76,false,1,
7290004125455,false,שמנת חמוצה 15% מהדרין תנובה (200 מל),תנובה - חלב,,,יח`,200,"מ""ל",false,1,2.40,1.20,false,1,
7290004125462,false,שמנת חמוצה 15% תנובה (500 מל),תנובה - חלב,,,יח`,500,"מ""ל",false,1,6,1.20,false,1,
7290004125509,false,שמנת חמוצה 15% תנובה (100 מל),תנובה - חלב,,,יח`,100,"מ""ל",false,1,1.70,1.70,false,1,
7290004125585,false,משקה סויה 1 ליטר וניל על הבוקר,תנובה - חלב,,,יח`,1,1 ליטר,false,1,10.90,10.90,false,1,
7290004125721,false,שמנת עמידה לבישול 15% השף הלבן (250 מל),תנובה - חלב,,,יח`,250,"מ""ל",false,1,8.20,3.28,false,1,
7290004125738,false,השף הלבן שמנת להקצפה 250,תנובה - חלב,,,יח`,250,"מ""ל",false,1,6.70,2.68,false,1,
7290004125776,false,גבינה צהובה קלאסית 28% עמק (400 גרם),תנובה - חלב,,,יח`,400,גרם,false,1,29.20,7.30,false,1,
7290004126674,false,טל העמק לייט,תנובה - חלב,,,יח`,200,גרם,false,1,18.90,9.45,false,1,
7290004126872,false,משקה שוק שוקו 250 מל,תנובה - חלב,,,יח`,250,"מ""ל",false,1,5.90,2.36,false,1,
7290004127329,false,גבינת  קוטג`5% תנובה (250 גרם),תנובה - חלב,,,יח`,250,גרם,false,1,5.70,2.28,false,1,
7290004127336,false,גבינת  קוטג`9% תנובה (250 גרם),תנובה - חלב,,,יח`,250,גרם,false,1,5.50,2.20,false,1,
7290004127800,false,גבינה לבנה 5% תנובה (500  גרם)פיק,תנובה - חלב,,,יח`,500,גרם,false,1,9.96,1.99,false,1,
7290004127817,false,גבינה לבנה 9% תנובה (500 גרם),תנובה - חלב,,,יח`,500,גרם,false,1,9.50,1.90,false,1,
7290004127862,false,גבינה לבנה 5% תנובה (750 גרם),תנובה - חלב,,,יח`,750,גרם,false,1,14.94,1.99,false,1,
7290004127916,false,גבינה לבנה 0.5% תנובה (500 גרם),תנובה - חלב,,,יח`,500,גרם,false,1,9.50,1.90,false,1,
7290004128333,false,לאבנה אסלית  (5009%  גרם)פיראוס תנובה,תנובה - חלב,,,יח`,500,גרם,false,1,20.90,4.18,false,1,
7290004128364,false,גבינת שמנת 5% זיתים 200 גר`,תנובה - חלב,,,יח`,200,גרם,false,1,11.50,5.75,false,1,
7290004129101,false,גבינת נפוליאון 225  גר`טבעי גביע,תנובה - חלב,,,יח`,225,גרם,false,1,14.90,6.62,false,1,
7290004129156,false,גבינת נפוליאון 225  גר`שום שמיר גביע,תנובה - חלב,,,יח`,225,גרם,false,1,14.90,6.62,false,1,
7290004129767,false,יופלה לבן שמינייה 3%,תנובה - חלב,,,יח`,1200,"מ""ל",false,1,17.90,1.49,false,1,
7290004130695,false,אייס קפה 2% שומן תנובה (1 ליטר),תנובה - חלב,,,יח`,1,1 ליטר,false,1,12.90,12.90,false,1,
7290004130794,false,משקה סויה במתיקות מופחתת תנובה (1 ליטר),תנובה - חלב,,,יח`,1,1 ליטר,false,1,10.90,10.90,false,1,
7290004130916,false,יופלה שמנת עם פירות יער,תנובה - חלב,,,יח`,150,"מ""ל",false,1,5.20,3.47,false,1,
7290004131074,false,חלב 3% מהדרין תנובה (1 ליטר),תנובה - חלב,,,יח`,1,1 ליטר,false,1,6.23,6.23,false,1,
7290004131227,false,גבינה לבנה 3% תנובה (500 גרם),תנובה - חלב,,,יח`,500,גרם,false,1,9.50,1.90,false,1,
7290004131432,false,יופלה-קרם יוגורט 3%,תנובה - חלב,,,יח`,200,"מ""ל",false,1,3.90,1.95,false,1,
7290004131456,false,יופלה-קרם יוגורט 1.5%,תנובה - חלב,,,יח`,200,"מ""ל",false,1,3.90,1.95,false,1,
7290004131531,false,שוקו 30% פחות תוספת סוכר תנובה (1 ליטר),תנובה - חלב,,,יח`,1,1 ליטר,false,1,12.90,12.90,false,1,
7290004131814,false,גבינת צפתית מעודנת  (2005%  גרם)פיראוס ת,תנובה - חלב,,,יח`,200,גרם,false,1,15.90,7.95,false,1,
7290004132552,false,משקה סויה 1 ליטר דיא,תנובה - חלב,,,יח`,1,1 ליטר,false,1,10.90,10.90,false,1,
7290004132606,false,קרלו מיני שמינייה וניל,תנובה - חלב,,,יח`,800,"מ""ל",false,1,13.90,1.74,false,1,
7290004132712,false,אצבעות עמק,תנובה - חלב,,,יח`,174,גרם,false,1,16.90,9.71,false,1,
7290004132903,false,גבינה לבנה 250  גר`3%,תנובה - חלב,,,יח`,250,גרם,false,1,4.70,1.88,false,1,
7290004133511,false,מאגדת שמינייה יופלה,תנובה - חלב,,,יח`,1.20,1 ליטר,false,1,20.90,17.42,false,1,
7290004135058,false,קרלו מיני שמינייה שוקולד,תנובה - חלב,,,יח`,800,"מ""ל",false,1,13.90,1.74,false,1,
7290004135614,false,גבינה בולגרית מעודנת  (2505%  גרם)פיראוס,תנובה - חלב,,,יח`,250,גרם,false,1,22.90,9.16,false,1,
7290004136598,false,מארז הפסקת אוכל  חלבי+ קורנפלקס,תנובה - חלב,,,יח`,150,"מ""ל",false,1,9.90,6.60,false,1,
7290004136857,false,מעדן ג`לי בטעם פטל תנובה (125 גרם),תנובה - חלב,,,יח`,125,"מ""ל",false,1,2.40,1.92,false,1,
7290004136864,false,ג`לי אננס+חתיכות,תנובה - חלב,,,יח`,125,"מ""ל",false,1,2.70,2.16,false,1,
7290004136871,false,ג`לי אפרסק+חתיכות,תנובה - חלב,,,יח`,125,"מ""ל",false,1,2.70,2.16,false,1,
7290004137021,false,שמנת עמידה לבישול 10% השף הלבן (250 מל),תנובה - חלב,,,יח`,250,"מ""ל",false,1,8.20,3.28,false,1,
7290004137311,false,גבינה צהובה מופחתת שומן 9% עמק (400 גרם),תנובה - חלב,,,יח`,400,גרם,false,1,30.80,7.70,false,1,
7290004150112,false,חומוס ומזרחי פיקנטי פרימיום 300 גר`,סלטי שמיר 2006 בעמ,,,יח`,300,גרם,false,1,15.90,5.30,false,1,
7290004150136,false,חציל על האש פיקנטי פרימיום 300 גר`,סלטי שמיר 2006 בעמ,,,יח`,300,גרם,false,1,15.90,5.30,false,1,
7290004150150,false,חציל בטחינה פיקנטי פרימיום 300 גר`,סלטי שמיר 2006 בעמ,,,יח`,300,גרם,false,1,15.90,5.30,false,1,
7290004150174,false,קולסלאו פיקנטי פרימיום 300 גר`,סלטי שמיר 2006 בעמ,,,יח`,300,גרם,false,1,15.90,5.30,false,1,
7290004150198,false,סלק מגורד פיקנטי פרימיום 300 גר`,סלטי שמיר 2006 בעמ,,,יח`,300,גרם,false,1,15.90,5.30,false,1,
7290004150204,false,מטבוחה פיקנטי פרימיום 300 גר`,סלטי שמיר 2006 בעמ,,,יח`,300,גרם,false,1,15.90,5.30,false,1,
7290004150211,false,תורכי איסטנבול פיקנטי פרימיום 300 גר`,סלטי שמיר 2006 בעמ,,,יח`,300,גרם,false,1,15.90,5.30,false,1,
7290004150228,false,כרוב אדום פיקנטי פרימיום 300 גר`,סלטי שמיר 2006 בעמ,,,יח`,300,גרם,false,1,15.90,5.30,false,1,
7290004150280,false,חומוס עם לימון כבוש פיקנטי פרימיום 300 ג,סלטי שמיר 2006 בעמ,,,יח`,300,גרם,false,1,15.90,5.30,false,1,
7290004199173,false,כפפות לאטקס מדיום איזי טאצ`) (100,אינטרסן 1996 בעמ,,,יח`,1,,false,1,23.90,23.90,false,1,
7290004199203,false,קיסמי שיניים במבוק מלחיה לב הוסטס) (300,אינטרסן 1996 בעמ,,,יח`,1,,false,1,4.50,4.50,false,1,
7290004199579,false,פלסטר סאני) (100,אינטרסן 1996 בעמ,,,יח`,100,יח`,false,1,10.90,0.11,false,1,
7290004199777,false,צימרוני אוזניים טוליפס) (300,אינטרסן 1996 בעמ,,,יח`,1,,false,1,8.90,8.90,false,1,
7290004219819,false,קומפלטה מלבין חלבי,ג.וילי-פוד אינטרנשיונל בעמ,,,יח`,200,גרם,false,1,10.90,5.45,false,1,
7290004219826,false,מלבין קפה הולנדי 400 גר`,ג.וילי-פוד אינטרנשיונל בעמ,,,יח`,400,גרם,false,1,20.90,5.23,false,1,
7290004255305,false,נר נשמה שבועי פלסטיק,אבאל יזמות בעמ,,,יח`,1,,false,1,10.90,10.90,true,1,
7290004255619,false,נר חימום מנורה שי נר) (100,אבאל יזמות בעמ,,,יח`,1,,false,1,22.90,22.90,true,1,
7290004256371,false,צהובה ריץ פרוסה 400 גר`,נטו מלינדה סחר בעמ,,,יח`,400,גרם,false,1,20.90,5.23,false,1,
7290004324858,false,קבב כבש 500 גר` טיבונוויל,נטו מלינדה סחר בעמ,,,יח`,500,גרם,false,1,21.40,4.28,true,1,
7290004492762,false,נשנושים חטיף תירס בייגל בייגל (325 גרם),יוניליוור ישראל שיווק בעמ,,,יח`,325,גרם,false,1,14.50,4.46,true,1,
7290004494049,false,יין לבן פומה בלאן יקב דלתון (750 מ``ל),הכרם - משקאות חריפים בעמ,,,יח`,750,"מ""ל",false,1,65.90,8.75,true,1,
7290004494148,false,מרלו 750 מל D דלתון,הכרם - משקאות חריפים בעמ,,,יח`,750,"מ""ל",false,1,65.90,8.75,true,1,
7290004554354,false,גלידת פנטזיה שוקו ווניל,גלידות שטראוס בעמ,,,יח`,900,"מ""ל",false,1,26.80,2.98,true,1,
7290004575632,false,ריאו קרמבו י16ח וניל,ריאו נתניה ביחר לגלידה וממתקים,,,יח`,1,,false,1,21.90,21.90,false,1,
7290004584306,false,גמדים רביעייה תות בננה,שטראוס גרופ בעמ/מצונן,,,יח`,400,"מ""ל",false,1,11.70,2.93,true,1,
7290004584351,false,גבינת במרקם שמנת 5% סימפוניה 200 גר (200,שטראוס גרופ בעמ/מצונן,,,יח`,200,גרם,false,1,12.20,6.10,false,1,
7290004584528,false,יוגורט ביו 1.7% דנונה (200 גרם),שטראוס גרופ בעמ/מצונן,,,יח`,200,"מ""ל",false,1,3.70,1.85,false,1,
7290004585907,false,דני וניל בודד,שטראוס גרופ בעמ/מצונן,,,יח`,130,"מ""ל",false,1,2.70,2.08,false,1,
7290004658953,false,סוביניון בלאן פי.סי יין לבן יבש 750 מל,אגודת הכורמים,,,יח`,750,"מ""ל",false,1,41.90,5.55,true,1,
7290004685157,false,לחם שיפון 100% פרוס לחם הארץ (750 גרם),י.את א. ברמן בעמ,,,יח`,750,גרם,false,1,16.20,2.16,false,1,
7290004685195,false,לחם 10 דגנים פרוס לחם הארץ (750 גרם),י.את א. ברמן בעמ,,,יח`,750,גרם,false,1,16.20,2.16,false,1,
7290004685225,false,לחם פומפרניקל פרוס לחם הארץ (750 גרם),י.את א. ברמן בעמ,,,יח`,750,גרם,false,1,16.20,2.16,false,1,
7290004685430,false,100% לחם כומסין 500 גר לחם הארץ,י.את א. ברמן בעמ,,,יח`,500,גרם,false,1,16.20,3.24,false,1,
7290004685447,false,לחמניות כוסמין 6 יח בשקית מלא 450  גר`E,י.את א. ברמן בעמ,,,יח`,450,גרם,false,1,15.90,3.53,true,1,
7290004685454,false,לחם שיבולת שועל 500  גר`ברמן,י.את א. ברמן בעמ,,,יח`,500,גרם,false,1,16.90,3.38,false,1,
7290004731076,false,אל סבון נוזלי אלוורה כיף (1 ליטר),החברה הדרומית לשיווק בעמ,,,יח`,1,1 ליטר,false,1,15.20,15.20,true,1,
7290004731083,false,אל סבון נוזלי ג`ינסנג כיף (1 ליטר),החברה הדרומית לשיווק בעמ,,,יח`,1,1 ליטר,false,1,15.20,15.20,true,1,
7290004731472,false,כיף אלסבון שלישיה,החברה הדרומית לשיווק בעמ,,,יח`,1.50,1 ליטר,false,1,21.90,14.60,true,1,
7290004731519,false,סנו מקסימה למייבש 750 מל,החברה הדרומית לשיווק בעמ,,,יח`,750,"מ""ל",false,1,18.90,2.52,true,1,
7290004731564,false,סנו מקסימה למייבש 750 מלבלו בלוטום,החברה הדרומית לשיווק בעמ,,,יח`,750,"מ""ל",false,1,18.90,2.52,true,1,
7290004737719,false,אספרגוס שלם בצנצנת 330 גר`,ג.וילי-פוד אינטרנשיונל בעמ,,,יח`,330,גרם,false,1,10.90,3.30,false,1,
7290004846923,false,קבב אסאדו קצבים 400  גר`אוראל,זהר בשר עופות ובשר בעמ,,,יח`,400,גרם,false,1,29.90,7.48,false,1,
7290004944032,false,חומוס  אמיתי( 400  גר`)אסלי,סלטי שמיר 2006 בעמ,,,יח`,400,גרם,false,1,10.90,2.73,true,1,
7290004944049,false,סלט  טחינה( 400  גר`)אסלי,סלטי שמיר 2006 בעמ,,,יח`,400,גרם,false,1,10.90,2.73,true,1,
7290004944056,false,חציל במיונז  אסלי( 400  גר`)אסלי,סלטי שמיר 2006 בעמ,,,יח`,400,גרם,false,1,10.90,2.73,true,1,
7290004944063,false,סלט  תורכי( 400  גר`)אסלי,סלטי שמיר 2006 בעמ,,,יח`,400,גרם,false,1,10.90,2.73,true,1,
7290004944070,false,כרוב  אדום( 400  גר`)אסלי,סלטי שמיר 2006 בעמ,,,יח`,400,גרם,false,1,10.90,2.73,true,1,
7290005008184,false,פלמוליב סבון נוזלי חלב שקדים 500 מל,ש.שסטוביץ בעמ,,,יח`,500,"מ""ל",false,1,16.90,3.38,false,1,
7290005008481,false,ספיד סטיק גל בסיסי ספורט פאוור,ש.שסטוביץ בעמ,,,יח`,85,גרם,false,1,18.90,22.24,false,1,
7290005068492,false,לקט ירקות מעורבים 800  גר`פרי גליל,ויטה -פרי גליל (החדשה) בעמ,,,יח`,800,גרם,false,1,10.90,1.36,false,1,
7290005079290,false,גבנצ 15% נעם חריץ מעדנייה,החב` המרכזית - טרה,,,"ק""ג",1000,גרם,true,1,68,6.80,false,1,
7290005084355,false,משחת שיניים דואל קר סנסודיין (75 מל),גורי ע.ע.ע בעמ,,,יח`,75,גרם,false,1,22.90,30.53,true,1,
7290005174513,false,חצילים במיונז אחלה (500 גרם),שטראוס גרופ בעמ/מצונן,,,יח`,500,גרם,false,1,16.20,3.24,true,1,
7290005174551,false,חומוס אחלה (125 גרם),שטראוס גרופ בעמ/מצונן,,,יח`,125,גרם,false,1,5.10,4.08,false,1,
7290005174575,false,טחינה אחלה (125 גרם),שטראוס גרופ בעמ/מצונן,,,יח`,125,גרם,false,1,5,4,false,1,
7290005197758,false,חיוכים שוקו 150,שטראוס גרופ בעמ,,,יח`,150,גרם,false,1,6.10,4.07,false,1,
7290005199738,false,מסטיק מאסט טעם מנטה ללס,שטראוס גרופ בעמ,,,יח`,30,גרם,false,1,5,16.67,false,1,
7290005200786,false,תפוצ`יפס 50 גר שמנת בצל,שטראוס פריטו ליי בעמ,,,יח`,50,גרם,false,1,4,8,false,1,
7290005201455,false,קפה נמס ארומה קלאסי עלית (200 גרם),שטראוס גרופ בעמ,,,יח`,200,גרם,false,1,27.50,13.75,true,1,
7290005230066,false,ליפתניות לבן 25 יח פאלאס,פאלאס תעשיות נטו (2014) בעמ,,,יח`,1,,false,1,5.90,5.90,true,1,
7290005230813,false,קערית אובלית לבן 25 יח פאלאס,פאלאס תעשיות נטו (2014) בעמ,,,יח`,1,,false,1,9.20,9.20,true,1,
7290005287206,false,טונה סטאריקיסט בשמן 160  גר`רביעייה,סטארקיסט דיפלומט היינץ,,,יח`,640,גרם,false,1,25.90,4.05,true,1,
7290005287213,false,טונה סטארקיסט בשמן 160  גר`רביעייה בדצ,סטארקיסט דיפלומט היינץ,,,יח`,640,גרם,false,1,25.90,4.05,true,1,
7290005287251,false,טונה סטארקיסט במים 160  גר`רביעייה,סטארקיסט דיפלומט היינץ,,,יח`,640,גרם,false,1,25.90,4.05,true,1,
7290005287510,false,ס.ק בשמן עם פלפל חריף 160 גרם בי,סטארקיסט דיפלומט היינץ,,,יח`,160,גרם,false,1,9.90,6.19,false,1,
7290005287930,false,טונה במים בדץ סטארקיסט (160x4 גרם),סטארקיסט דיפלומט היינץ,,,יח`,640,גרם,false,1,25.90,4.05,true,1,
7290005296246,false,פותח סתימות DRAIN OUT,יעקב יעקבי ובניו בעמ,,,יח`,946,"מ""ל",false,1,26.90,2.84,false,1,
7290005326523,false,אוליביה פסטו פטרוזיליה ונענע (180 גרם),תה ויסוצקי (ישראל) בעמ,,,יח`,180,גרם,false,1,14.90,8.28,false,1,
7290005326585,false,פסטו בזיליקום 180  גר`אוליביה,תנובה - חלב,,,יח`,180,גרם,false,1,12.90,7.17,false,1,
7290005423055,false,מתז פורטה פלוס לימון 1 ליטר XL סנו,החברה הדרומית לשיווק בעמ,,,יח`,1000,"מ""ל",false,1,18.90,1.89,true,1,
7290005423253,false,סנו מקסימה למייבש 750 מל,החברה הדרומית לשיווק בעמ,,,יח`,750,"מ""ל",false,1,18.90,2.52,true,1,
7290005423505,false,מי פה להלבנת שיניים אורביטול (500 מל),החברה הדרומית לשיווק בעמ,,,יח`,500,"מ""ל",false,1,25.90,5.18,true,1,
7290005423567,false,מטליות לניקוי בגליל צהוב סנו סושי) (40,החברה הדרומית לשיווק בעמ,,,יח`,1,,false,1,20.90,20.90,true,1,
7290005423734,false,סנו מקסימה4 ליטר תכלת,החברה הדרומית לשיווק בעמ,,,יח`,4,1 ליטר,false,1,22.40,5.60,true,1,
7290005423871,false,מש.שיניים אורביטול שלישיה,החברה הדרומית לשיווק בעמ,,,יח`,435,גרם,false,1,21.40,4.92,true,1,
7290005424403,false,אל סבון נוזלי כיף (1 ליטר),החברה הדרומית לשיווק בעמ,,,יח`,1,1 ליטר,false,1,15.20,15.20,true,1,
7290005424755,false,ריזצפז פלוס מטליות לחות לניקוי רצפות-דו,החברה הדרומית לשיווק בעמ,,,יח`,1,,false,1,15.90,15.90,true,1,
7290005424762,false,ריצפז+דוחה חרקים+ווקס,החברה הדרומית לשיווק בעמ,,,יח`,2,1 ליטר,false,1,27.50,13.75,false,1,
7290005424847,false,מפיות נייר סנו סושי) (150,החברה הדרומית לשיווק בעמ,,,יח`,150,יח`,false,1,8.90,0.06,true,1,
7290005424915,false,סנומוד נטול גזפציולי 150 מל,החברה הדרומית לשיווק בעמ,,,יח`,150,"מ""ל",false,1,11.90,7.93,true,1,
7290005424991,false,פרש אוטומטיק בהתזה קצובה בניחוחח בייבי פ,החברה הדרומית לשיווק בעמ,,,יח`,250,"מ""ל",false,1,14.90,5.96,false,1,
7290005425127,false,מרסס מנקה שומנים ואבנית 99.9% 750 מל סנ,החברה הדרומית לשיווק בעמ,,,יח`,750,"מ""ל",false,1,15.90,2.12,true,1,
7290005425646,false,קליר נוזל לניקוי רב תכליתי סנו (1 ליטר),החברה הדרומית לשיווק בעמ,,,יח`,1,1 ליטר,false,1,12.90,12.90,true,1,
7290005426193,false,ספוגית הפלא סנו סושי) (6,החברה הדרומית לשיווק בעמ,,,יח`,1,,false,1,13.90,13.90,true,1,
7290005426230,false,מטלית הפלא לרצפה סנו סושי,החברה הדרומית לשיווק בעמ,,,יח`,1,,false,1,12.90,12.90,true,1,
7290005426803,false,סנו מקסימה4 ליטר סגול,החברה הדרומית לשיווק בעמ,,,יח`,4,1 ליטר,false,1,22.40,5.60,true,1,
7290005426964,false,סנובון לאסלה כחול אפרסק סנו (55x3 גרם),החברה הדרומית לשיווק בעמ,,,יח`,165,גרם,false,1,18.90,11.45,true,1,
7290005426971,false,סנובון לאסלה כחול תפוח סנו (55x3 גרם),החברה הדרומית לשיווק בעמ,,,יח`,165,גרם,false,1,18.90,11.45,true,1,
7290005427107,false,מגבת הפלא סנו סושי (6),החברה הדרומית לשיווק בעמ,,,יח`,570,גרם,false,1,13.90,2.44,true,1,
7290005428852,false,מגבוני טישו צבעוני סנו) (100x5,החברה הדרומית לשיווק בעמ,,,יח`,650,גרם,false,1,12.90,1.98,false,1,
7290005431883,false,מלבי חלבי 165  גר`עדן קינוחים,תנובה - חלב,,,יח`,165,"מ""ל",false,1,7.20,4.36,false,1,
7290005431906,false,מארז קדאיף 82  גר`עדן קינוחים,תנובה - חלב,,,יח`,124,גרם,false,1,7.20,5.81,false,1,
7290005431913,false,עוגת גבינה פרורים 92  גר`עדן קינוחים,תנובה - חלב,,,יח`,92,גרם,false,1,7.20,7.83,false,1,
7290005431920,false,עוגת גבינה פרורים לייט 78  גר`עדן קינוחי,תנובה - חלב,,,יח`,1,,false,1,7.20,7.20,false,1,
7290005431937,false,מעדן טירמיסו 82  גר`עדן קינוחים,תנובה - חלב,,,יח`,82,גרם,false,1,7.20,8.78,false,1,
7290005431968,false,מלבי שמנת 150  גר`תנובה,תנובה - חלב,,,יח`,150,"מ""ל",false,1,7.50,5,false,1,
7290005559907,false,פיצה משפחתית גבינה מעדנות (500 גרם),תנובה קפואים,,,יח`,500,גרם,false,1,27.50,5.50,false,1,
7290005559914,false,פיצה משפחתית זיתים מעדנות (550 גרם),תנובה קפואים,,,יח`,550,גרם,false,1,27.50,5,false,1,
7290005591761,false,דבש לחיץ 400  גר`יד מרדכי,שטראוס גרופ בעמ,,,יח`,400,גרם,false,1,21.90,5.48,false,1,
7290005610509,false,צנונית ארוזה,תוצרת הנגב אגודה שיתופית חקלאי,,,יח`,1,,false,1,6.90,6.90,true,1,
7290005678073,false,פלפל צ`ילי,לכיש מושב עובדים להתישבות*30 י,,,יח`,1,,false,1,4.90,4.90,false,1,
7290005678424,false,פלפלון,לכיש מושב עובדים להתישבות*30 י,,,יח`,1,,false,1,8,8,false,1,
7290005838002,false,דניאלה מעדן בטעם וניל שטראוס (88 גרם),שטראוס גרופ בעמ/מצונן,,,יח`,150,"מ""ל",false,1,4,2.67,false,1,
7290005838613,false,קרם גבינה 3% בטעם וניל סקי (125 גרם),שטראוס גרופ בעמ/מצונן,,,יח`,125,גרם,false,1,3.80,3.04,true,1,
7290005839078,false,יוגורט ביו 3% דנונה (150x8 גרם),שטראוס גרופ בעמ/מצונן,,,יח`,1.20,1 ליטר,false,1,17.50,14.58,false,1,
7290005839108,false,סימפוניה 200 גר +5%זיתים,שטראוס גרופ בעמ/מצונן,,,יח`,200,גרם,false,1,12.20,6.10,false,1,
7290005839313,false,מילקי טופ מגולגלת,שטראוס גרופ בעמ/מצונן,,,יח`,130,"מ""ל",false,1,4.90,3.77,false,1,
7290005896637,false,סן בנדטו 1.5 ליטר בודד,טמפו משקאות בעמ,,,יח`,1.50,1 ליטר,false,1,4.40,2.73,false,1,
7290005992575,false,גבינה בולגרית למריחה 5% גד (250 גרם),מחלבות גד שיווק 1992 בעמ,,,יח`,250,גרם,false,1,17.90,7.16,false,1,
7290005992735,false,לאבנה 5% גד (250 גרם),מחלבות גד שיווק 1992 בעמ,,,יח`,250,גרם,false,1,12.90,5.16,false,1,
7290006199218,false,מאגדת מצופה דיאט שמינייה,פלקו בעמ,,,יח`,640,גרם,false,1,31.90,4.98,false,1,
7290006199942,false,מאגדת גלידל פרי דובדבן,פלקו בעמ,,,יח`,640,גרם,false,1,25.90,4.05,false,1,
7290006241191,false,אגוזי מלך טבעיים קליית גת (150 גרם),ליימן שליסל בעמ,,,יח`,150,גרם,false,1,17.90,11.93,false,1,
7290006241214,false,שקדים טבעיים קליית גת (200 גרם),ליימן שליסל בעמ,,,יח`,200,גרם,false,1,17.90,8.95,false,1,
7290006251107,false,תה צ`אי מסאלה ויסוצקי) (25,תה ויסוצקי (ישראל) בעמ,,,יח`,50,גרם,false,1,17.90,35.80,false,1,
7290006251275,false,תה ירוק סיני ויסוצקי (25),תה ויסוצקי (ישראל) בעמ,,,יח`,37.50,גרם,false,1,27.90,74.40,true,1,
7290006251374,false,תה ירוק לימונית וג`ינג`ר ויסוצקי (25),תה ויסוצקי (ישראל) בעמ,,,יח`,25,גרם,false,1,27.90,111.60,true,1,
7290006251589,false,תה ירוק נענע ויסוצקי (50),תה ויסוצקי (ישראל) בעמ,,,יח`,75,גרם,false,1,44.90,59.87,false,1,
7290006265500,false,פטריות שמפניון ארוז,קונס`-מרינה פטריות הגליל בעמ*ש,,,יח`,2.50,1 ליטר,false,1,9.90,3.96,false,1,
7290006271174,false,מעדנות-ג חנון בצק,תנובה קפואים,,,יח`,700,גרם,false,1,20.60,2.94,false,1,
7290006271181,false,ג`חנון אפוי מעדנות (5 יח` - 750 גרם),תנובה קפואים,,,יח`,750,גרם,false,1,28.50,3.80,false,1,
7290006271655,false,מיני בורקס במילוי גבינה מעדנות (800 גרם),תנובה קפואים,,,יח`,800,גרם,false,1,28.50,3.56,false,1,
7290006272072,false,מעדנות חטיפי פיצה 650 גר`,תנובה קפואים,,,יח`,650,גרם,false,1,35.90,5.52,false,1,
7290006272430,false,בצק עלים חמאה חלבי מעדנות (600 גרם),תנובה קפואים,,,יח`,600,גרם,false,1,30.60,5.10,false,1,
7290006342072,false,גרעין לבן 200  גר`ששון הקולה,דין שיווק וקליה 2021 בעמ,,,יח`,200,גרם,false,1,10.90,5.45,false,1,
7290006374738,false,קונפיטורת תות יד מרדכי 340 גר`,שטראוס גרופ בעמ,,,יח`,340,גרם,false,1,12.90,3.79,false,1,
7290006439451,false,אורז בסמטי 5  קג`גולד שוקחה,בני ג`ורג` שוקחה (חיפה) בעמ,,,יח`,5,"ק""ג",false,1,40.90,8.18,false,1,
7290006439512,false,פול גדול 750  גר`שוקחה,בני ג`ורג` שוקחה (חיפה) בעמ,,,יח`,750,גרם,false,1,13.90,1.85,false,1,
7290006439703,false,אפונה חצאים 1 קג שוקחה,בני ג`ורג` שוקחה (חיפה) בעמ,,,יח`,1,"ק""ג",false,1,9.50,9.50,false,1,
7290006459978,false,אובלטים שומשום 284  גר`האחים,ציון תורג`מן בעמ,,,יח`,284,גרם,false,1,11.20,3.94,true,1,
7290006492432,false,גבינה מוצרלה בייבי 18% גד (150 גרם),מחלבות גד שיווק 1992 בעמ,,,יח`,170,גרם,false,1,14.90,8.76,false,1,
7290006492616,false,בולגרית פרוסות  -2505%גד,מחלבות גד שיווק 1992 בעמ,,,יח`,250,גרם,false,1,27.90,11.16,false,1,
7290006492852,false,גבינה לבנה עיזים 5% גד (250 גרם),מחלבות גד שיווק 1992 בעמ,,,יח`,250,גרם,false,1,17.90,7.16,true,1,
7290006511157,false,פטריות שמפניון שלמות וילי פוד (400 גרם),ג.וילי-פוד אינטרנשיונל בעמ,,,יח`,400,גרם,false,1,8.50,2.13,false,1,
7290006511751,false,שלישית פטריות חתוכות,ג.וילי-פוד אינטרנשיונל בעמ,,,יח`,870,גרם,false,1,12.50,1.44,false,1,
7290006546395,false,לקט העונה קפוא 800  גר`פרי גליל,ויטה -פרי גליל (החדשה) בעמ,,,יח`,800,גרם,false,1,10.90,1.36,false,1,
7290006567048,false,פתיתי קוסקוס ישראלי אסם (350 גרם),קבוצת אסם סחר שות. מוגבלת,,,יח`,350,גרם,false,1,9.10,2.60,false,1,
7290006582539,false,חמוציות 250  גר`שקדיה,דין שיווק וקליה 2021 בעמ,,,יח`,250,גרם,false,1,9.90,3.96,false,1,
7290006618078,false,אסטוניש מרסס צהוב למטבח,יעקב יעקבי ובניו בעמ,,,יח`,750,"מ""ל",false,1,11.90,1.59,false,1,
7290006652027,false,במבה אסם (15x20 גרם),קבוצת אסם סחר שות. מוגבלת,,,יח`,300,גרם,false,1,25.40,8.47,false,1,
7290006653819,false,קוסקוס דק אסם (350 גרם),קבוצת אסם סחר שות. מוגבלת,,,יח`,350,גרם,false,1,9.10,2.60,false,1,
7290006664037,false,גמדים רביעייה דגנים,שטראוס גרופ בעמ/מצונן,,,יח`,400,"מ""ל",false,1,11.90,2.98,true,1,
7290006664051,false,אקטימל 1.8% דנונה (100x14 מל),שטראוס גרופ בעמ/מצונן,,,יח`,1.40,1 ליטר,false,1,30.90,22.07,false,1,
7290006664532,false,יוגורט ביו 3% תות דנונה (150 גרם),שטראוס גרופ בעמ/מצונן,,,יח`,150,"מ""ל",false,1,3.90,2.60,false,1,
7290006664655,false,אקטימל דנונה (100x8 מל),שטראוס גרופ בעמ/מצונן,,,יח`,800,"מ""ל",false,1,20.90,2.61,false,1,
7290006664693,false,יוגורט ביו 3% אפרסק דנונה (150 גרם),שטראוס גרופ בעמ/מצונן,,,יח`,150,"מ""ל",false,1,3.90,2.60,false,1,
7290006664990,false,יוגורט ביו 1.7% דנונה (150x8 גרם),שטראוס גרופ בעמ/מצונן,,,יח`,1.20,1 ליטר,false,1,17.50,14.58,false,1,
7290006681553,false,קרמבו שמינייה וניל,גלידות שטראוס בעמ,,,יח`,200,גרם,false,1,16.90,8.45,false,1,
7290006696717,false,תירוש ענבים טבעי מוסקט אפרת (1 ליטר),יקב טפרברג 1870 בעמ (יינות ומש,,,יח`,1000,"מ""ל",false,1,17.90,1.76,true,1,
7290006704269,false,חסה עגולה,מרינה פטריות הגליל בעמ,,,יח`,1,,false,1,5.10,5.10,false,1,
7290006712981,false,משחת שיניים לילדים קולגייט (50 מל),ש.שסטוביץ בעמ,,,יח`,66,גרם,false,1,12.90,19.55,false,1,
7290006714381,false,בשר עוף טחון מעדני הטלה 500 גר`,לאטי עזרא בעמ,,,יח`,500,גרם,false,1,13.90,2.78,false,1,
7290006714398,false,בשר הודו טחון קפוא מעדני הטלה 500 גר`,לאטי עזרא בעמ,,,יח`,500,גרם,false,1,13.90,2.78,false,1,
7290006739131,false,זוגלובק בצק פילו,זוגלובק שיווק בעמ,,,יח`,500,גרם,false,1,19.30,3.86,false,1,
7290006739292,false,פסטרממיה תבור 330,זוגלובק שיווק בעמ,,,יח`,330,גרם,false,1,30.50,9.24,true,1,
7290006739346,false,נקניקיות פרגיות זוגלובק (400 גרם),זוגלובק שיווק בעמ,,,יח`,400,גרם,false,1,19.30,4.83,false,1,
7290006739414,false,סלמי קוניאק זוגלובק (300 גרם),זוגלובק שיווק בעמ,,,יח`,350,גרם,false,1,32.60,9.31,true,1,
7290006739421,false,סלמי איטלקי מעושן זוגלובק (300 גרם),זוגלובק שיווק בעמ,,,יח`,300,גרם,false,1,30.50,10.17,true,1,
7290006739445,false,שניצל תירס זוגלובק (750 גרם),זוגלובק שיווק בעמ,,,יח`,750,גרם,false,1,27.50,3.67,true,1,
7290006739544,false,כתף בקר 3% שומן זוגלובק (300 גרם),זוגלובק שיווק בעמ,,,יח`,300,גרם,false,1,37.70,12.57,true,1,
7290006741363,false,בורקס תפוא 800 בדצ,זוגלובק שיווק בעמ,,,יח`,800,גרם,false,1,20.70,2.59,false,1,
7290006742278,false,פסטרמה צלויה 330 גר`,זוגלובק שיווק בעמ,,,יח`,330,גרם,false,1,30.50,9.24,true,1,
7290006742292,false,פסטרממיה בדבש 330 גר`,זוגלובק שיווק בעמ,,,יח`,330,גרם,false,1,30.50,9.24,true,1,
7290006742315,false,חזה הודו ברביקיו 330 גר`,זוגלובק שיווק בעמ,,,יח`,330,גרם,false,1,30.50,9.24,true,1,
7290006764065,false,בירה שחורה נשר מאלט חוזר (500 מל),טמפו משקאות בעמ,,,יח`,500,"מ""ל",false,1,5.90,0.94,true,1,
7290006764072,false,בירה גולדסטאר (500 מל),טמפו משקאות בעמ,,,יח`,500,"מ""ל",false,1,7.70,1.30,false,1,
7290006775016,false,עוגת תפוז אחוה (450  גרם)אחוה,אחדות בעמ,,,יח`,450,גרם,false,1,11.90,2.64,true,1,
7290006775023,false,עוגה אנגלית אחוה (450  גרם)אחוה,אחדות בעמ,,,יח`,450,גרם,false,1,11.90,2.64,true,1,
7290006775030,false,עוגת שוקו צ`יפס אחוה (450  גרם)אחוה,אחדות בעמ,,,יח`,450,גרם,false,1,11.90,2.64,true,1,
7290006775047,false,עוגת שוקולד אחוה (450  גרם)אחוה,אחדות בעמ,,,יח`,450,גרם,false,1,11.90,2.64,true,1,
7290006775054,false,עוגת שיש אחוה (450  גרם)אחוה,אחדות בעמ,,,יח`,450,גרם,false,1,11.90,2.64,true,1,
7290006775085,false,עוגת שמרים שוקולד אחוה (400 גרם),אחדות בעמ,,,יח`,400,גרם,false,1,11.90,2.98,false,1,
7290006775344,false,עוגת שמרים קינמון/אגוזים 400  גר`אחוה,אחדות בעמ,,,יח`,400,גרם,false,1,11.90,2.98,false,1,
7290006775795,false,עוגת תפוח עץ אחוה (450 גרם),אחדות בעמ,,,יח`,450,גרם,false,1,12.90,2.87,false,1,
7290006775801,false,רוגעלך אחוה (400 גרם),אחדות בעמ,,,יח`,400,גרם,false,1,10.90,2.73,false,1,
7290006775900,false,עוגיות מיני מרוקאיות אחוה (500 גרם),אחדות בעמ,,,יח`,500,גרם,false,1,9.90,1.98,false,1,
7290006784360,false,חלונית 1 ליטר,קומפלקס כימיקלים בעמ,,,יח`,1,1 ליטר,false,1,6.90,6.90,true,1,
7290006785657,false,שקית 20 פסטל רחבה,שמחה זה אנחנו בעמ,,,יח`,1,,false,1,5.90,5.90,false,1,
7290006788405,false,דאו נושם רול און קרליין,החברה הדרומית לשיווק בעמ,,,יח`,75,גרם,false,1,13.90,18.53,true,1,
7290006788429,false,דאו נושם רול און קרליין כתום,החברה הדרומית לשיווק בעמ,,,יח`,75,גרם,false,1,13.90,18.53,true,1,
7290006805850,false,תערובת להכנת פנקייקס פילסברי (500 גרם),ליימן שליסל בעמ,,,יח`,500,גרם,false,1,20.30,4.06,false,1,
7290006908384,false,פיסטוק חלבי פיצוחי חממה (150 גרם),בוטנת בעמ,,,יח`,150,גרם,false,1,18.30,12.20,false,1,
7290006960429,false,כרוב בולגרי כבוש 750  גר`מאמא מרי,מאמא - מרי בעמ,,,יח`,750,גרם,false,1,18.90,2.52,true,1,
7290006983527,false,עוגת הבית עשירות תפוח ופרורים 400 גר`,קבוצת אסם סחר שות. מוגבלת,,,יח`,400,גרם,false,1,19.60,4.90,false,1,
7290006983763,false,עוגת הבית בטעם שוקולד אסם (400 גרם),קבוצת אסם סחר שות. מוגבלת,,,יח`,400,גרם,false,1,12.50,3.13,false,1,
7290006983770,false,עוגת הבית שיש אסם (400 גרם),קבוצת אסם סחר שות. מוגבלת,,,יח`,400,גרם,false,1,12.50,3.13,false,1,
7290006983787,false,עוגת הבית שוקוצ`יפס אסם (400 גרם),קבוצת אסם סחר שות. מוגבלת,,,יח`,400,גרם,false,1,12.50,3.13,false,1,
7290006983794,false,עוגת הבית תפוז אסם (400 גרם),קבוצת אסם סחר שות. מוגבלת,,,יח`,400,גרם,false,1,12.50,3.13,false,1,
7290006992192,false,דייסת סולת מטרנה (200 גרם),קבוצת אסם סחר שות. מוגבלת,,,יח`,200,גרם,false,1,14.50,7.25,false,1,
7290006992208,false,דייסת דגנים מעורבים מטרנה (200 גרם),קבוצת אסם סחר שות. מוגבלת,,,יח`,200,גרם,false,1,14.50,7.25,false,1,
7290008000246,false,שטיפה אינטימית אלוורה פמינה (220 מל),גורי ע.ע.ע בעמ,,,יח`,220,"מ""ל",false,1,24.90,11.32,false,1,
7290008000796,false,סופרמן משחת שיניים לילדים,גורי ע.ע.ע בעמ,,,יח`,50,גרם,false,1,11.90,23.80,false,1,
7290008000826,false,ברבי משחת שיניים לילדים,גורי ע.ע.ע בעמ,,,יח`,50,גרם,false,1,11.90,23.80,false,1,
7290008023542,false,סיף פנטסטיק שמפו רצפות 4 ליטר,יוניליוור ישראל שיווק בעמ,,,יח`,4,1 ליטר,false,1,21.40,5.35,true,1,
7290008104050,false,שטיפה אינטימית קלאסית פמינה (220 מל),גורי ע.ע.ע בעמ,,,יח`,220,"מ""ל",false,1,24.90,11.32,false,1,
7290008116541,false,ליסטרין קול מינט 500 מל,שקד תבל בעמ,,,יח`,500,"מ""ל",false,1,17.90,3.58,false,1,
7290008154222,false,שניצלונים 700  גר`עוף טוב,קבוצת אסם סחר שות. מוגבלת,,,יח`,700,גרם,false,1,13.90,1.99,false,1,
7290008175173,false,חמאה מפינלנד ללא תוספת מלח (200 גרם),ג.וילי-פוד אינטרנשיונל **גבינו,,,יח`,200,גרם,false,1,11.90,5.95,false,1,
7290008175210,false,פרמז`נו מגורדת 90 גר`,ג.וילי-פוד אינטרנשיונל **גבינו,,,יח`,90,גרם,false,1,15.90,17.67,false,1,
7290008175692,false,איטריות נודלס 400 גר`,ג.וילי-פוד אינטרנשיונל בעמ,,,יח`,400,גרם,false,1,8.90,2.23,false,1,
7290008175814,false,פטריות חתוך 400 גר`,ג.וילי-פוד אינטרנשיונל בעמ,,,יח`,400,גרם,false,1,5.50,1.38,false,1,
7290008268011,false,אוכמניות טרי ארוז 250 גר,בראשית - אגודה שיתופית*שיק 45,,,יח`,250,גרם,false,1,10,4,false,1,
7290008330107,false,מרכך כביסה סגול בדין (4 ליטר),יוניליוור ישראל שיווק בעמ,,,יח`,4,1 ליטר,false,1,19.90,4.98,false,1,
7290008333115,false,ג`לטין דגים טהור,נטו מלינדה סחר בעמ,,,יח`,28,גרם,false,1,11.20,40,false,1,
7290008343466,false,בצק פילו שלושת האופים (500 גרם),נטו מלינדה סחר בעמ,,,יח`,500,גרם,false,1,20.90,4.18,true,1,
7290008343558,false,סיגרים בשר 1 קג שלושת האופים,נטו מלינדה סחר בעמ,,,יח`,1,"ק""ג",false,1,20.90,20.90,true,1,
7290008343565,false,סיגרים תפוא 1 קג שלושת האופים,נטו מלינדה סחר בעמ,,,יח`,1,"ק""ג",false,1,20.90,20.90,true,1,
7290008343602,false,קובה בשר מטוגן 1 קג,נטו מלינדה סחר בעמ,,,יח`,1,"ק""ג",false,1,20.90,20.90,true,1,
7290008343626,false,כדורי פלאפל 1 קג -שלושת האופים,נטו מלינדה סחר בעמ,,,יח`,1,"ק""ג",false,1,20.90,20.90,true,1,
7290008344258,false,המבורגר מיזרחי 400 גר` טיבונוויל,נטו מלינדה סחר בעמ,,,יח`,400,גרם,false,1,21.40,5.35,true,1,
7290008344272,false,המבורגר 100% 400 גר` טיבונוויל,נטו מלינדה סחר בעמ,,,יח`,400,גרם,false,1,21.40,5.35,true,1,
7290008347211,false,אצבעות דג מצופות דלידג (700 גרם),נטו מלינדה סחר בעמ,,,יח`,700,גרם,false,1,24.40,3.49,true,1,
7290008409049,false,מיני מיני דק שניצלונים בציפוי שומשום מאמ,תנובה קפואים,,,יח`,500,גרם,false,1,28.50,5.70,false,1,
7290008409216,false,שניצל דק דק פריך מאמא עוף (700 גרם),תנובה קפואים,,,יח`,700,גרם,false,1,43.80,6.26,false,1,
7290008409315,false,מיני מינידק שניצלונים בציפוי פריך 500 גר,תנובה קפואים,,,יח`,500,גרם,false,1,28.50,5.70,false,1,
7290008409407,false,שניצל דק דק צ`יפס מאמא עוף (700 גרם),תנובה קפואים,,,יח`,0,גרם,false,1,43.80,43.80,false,1,
7290008409551,false,שניצל עוף ציפוי מעודן מאמא עוף,תנובה קפואים,,,יח`,700,גרם,false,1,45.80,6.54,false,1,
7290008415071,false,חומוס עם טחינה צבר (150 גרם),קבוצת אסם סחר שות. מוגבלת,,,יח`,150,גרם,false,1,5,3.33,false,1,
7290008415514,false,צבר חומוס+חריף 150,קבוצת אסם סחר שות. מוגבלת,,,יח`,150,גרם,false,1,5,3.33,false,1,
7290008443616,false,נקה 7 מרכך 750 מל ורוד,החברה הדרומית לשיווק בעמ,,,יח`,750,"מ""ל",false,1,11.90,1.59,true,1,
7290008443630,false,נקה 7 שמפו 750 מל סגול,החברה הדרומית לשיווק בעמ,,,יח`,750,"מ""ל",false,1,11.90,1.59,true,1,
7290008443647,false,נקה 7 מרכך 750 מל,החברה הדרומית לשיווק בעמ,,,יח`,750,"מ""ל",false,1,11.90,1.59,true,1,
7290008464024,false,בירה לא מסוננת גולדסטאר (500 מל),טמפו משקאות בעמ,,,יח`,500,"מ""ל",false,1,8.90,1.72,false,1,
7290008464130,false,בירה לא מסוננת גולדסטאר (330x6 מל),טמפו משקאות בעמ,,,יח`,1.98,1 ליטר,false,1,43.80,21.21,true,1,
7290008464222,false,בירה מכבי 7.9% 500 פחית.,טמפו משקאות בעמ,,,יח`,500,"מ""ל",false,1,7.90,1.52,false,1,
7290008464468,false,בירה בפחית גולדסטאר (500 מל),טמפו משקאות בעמ,,,יח`,500,"מ""ל",false,1,8.50,1.64,false,1,
7290008464475,false,בירה מכבי פחית 500 מל,טמפו משקאות בעמ,,,יח`,500,"מ""ל",false,1,7.50,1.44,false,1,
7290008464604,false,הייניקן פחית 500 מל,טמפו משקאות בעמ,,,יח`,500,"מ""ל",false,1,12.50,2.44,false,1,
7290008464741,false,בירה גולדסטאר 330 מל בקבוק שישייה,טמפו משקאות בעמ,,,יח`,1.98,1 ליטר,false,1,40.70,19.65,true,1,
7290008464796,false,בירה הייניקן 330 מל בקבוק שישייה,טמפו משקאות בעמ,,,יח`,1.98,1 ליטר,false,1,35.90,17.22,true,1,
7290008493413,false,פירורי גריסיני מאיר בייגל (200 גרם),דנשר (1963) בעמ,,,יח`,200,גרם,false,1,6.40,3.20,false,1,
7290008493710,false,מאיר בייגל פרורי גרסיני זהב 200גר,דנשר (1963) בעמ,,,יח`,200,גרם,false,1,6.40,3.20,false,1,
7290008636650,false,קמח מצה 500 גר`,מיה תעשיות מזון מ.ת.מ. בעמ,,,יח`,500,גרם,false,1,9.40,1.88,false,1,
7290008644235,false,מבחר עלי בייבי 120 גרם-טעם הטבע,שטראוס גרופ בעמ/מצונן,,,יח`,120,גרם,false,1,10.10,8.42,false,1,
7290008644945,false,סלט המושבה שטראוס 450 גר`-טעם הטבע,שטראוס גרופ בעמ/מצונן,,,יח`,450,גרם,false,1,11.20,2.49,false,1,
7290008645935,false,חומוס אחלה (750 גרם),שטראוס גרופ בעמ/מצונן,,,יח`,750,גרם,false,1,9.90,1.32,false,1,
7290008693134,false,דניאלה מעדן בטעם תות שטראוס (88 גרם),שטראוס גרופ בעמ/מצונן,,,יח`,150,"מ""ל",false,1,4,2.67,false,1,
7290008745239,false,תפוצ`יפס 50 גר קראנץ`,שטראוס פריטו ליי בעמ,,,יח`,55,גרם,false,1,4,7.27,false,1,
7290008747547,false,תפוצ`יפס 200 גר` קראנץ`,שטראוס פריטו ליי בעמ,,,יח`,200,גרם,false,1,11.50,5.75,true,1,
7290008750264,false,מאסט ללס בטעם דובדבן (28 גרם),שטראוס גרופ בעמ,,,יח`,28,גרם,false,1,5,17.86,false,1,
7290008753111,false,תפוצ`יפס 50 גר  קראנץ`מקסיקני,שטראוס פריטו ליי בעמ,,,יח`,50,גרם,false,1,4,8,false,1,
7290008754415,false,מאסט מנטה עדין ללס 28 גרם,שטראוס גרופ בעמ,,,יח`,28,גרם,false,1,5,17.86,false,1,
7290008757072,false,משקה מוגז בטעם תות שוופס (330 מל),יפאורה,,,יח`,330,"מ""ל",false,1,3.80,1.06,true,1,
7290008757980,false,נקטר רימונים ספרינג (1 ליטר),יפאורה,,,יח`,1,1 ליטר,false,1,7.30,7.30,false,1,
7290008775816,false,ערגליות שוקו אסם (300 גרם),קבוצת אסם סחר שות. מוגבלת,,,יח`,300,גרם,false,1,12.20,4.07,true,1,
7290008775823,false,ערגליות תות אסם (300 גרם),קבוצת אסם סחר שות. מוגבלת,,,יח`,300,גרם,false,1,12.20,4.07,true,1,
7290008792264,false,מפיות  טאצ`100 יח,שניב תעשיות נייר בעמ,,,יח`,1,,false,1,5.90,5.90,false,1,
7290008801157,false,סלקטד מרלו יקבי כרמל (750 מל),אגודת הכורמים,,,יח`,750,"מ""ל",false,1,30.90,4.08,true,1,
7290008801522,false,קונקורד אדום מתוק 750 מל קינג דיוויד,אגודת הכורמים,,,יח`,750,"מ""ל",false,1,22.90,3.01,true,1,
7290008801546,false,מוסקט מתוק 750 מל קינג דיוויד,אגודת הכורמים,,,יח`,750,"מ""ל",false,1,22.90,3.01,true,1,
7290008801843,false,סלקטד קברנה סובניון יקבי כרמל (750 מל),אגודת הכורמים,,,יח`,750,"מ""ל",false,1,30.90,4.08,true,1,
7290008802512,false,וינו אדום 750 מל,אגודת הכורמים,,,יח`,750,"מ""ל",false,1,20.90,2.75,true,1,
7290008802529,false,וינו לבן 750 מל,אגודת הכורמים,,,יח`,750,"מ""ל",false,1,20.90,2.75,true,1,
7290008802895,false,קברנה סוביניון פי.סי אדום יבש 750 מל,אגודת הכורמים,,,יח`,750,"מ""ל",false,1,41.90,5.55,true,1,
7290008803090,false,מרלו אזורית אדום יבש 750 מל,אגודת הכורמים,,,יח`,750,"מ""ל",false,1,54.90,7.28,true,1,
7290008804189,false,קברנה סוביניון אזורית אדום יבש 750 מל,אגודת הכורמים,,,יח`,750,"מ""ל",false,1,54.90,7.28,true,1,
7290008805964,false,קברנה שיראז אזורית אדום יבש 750 מל,אגודת הכורמים,,,יח`,750,"מ""ל",false,1,54.90,7.28,true,1,
7290008806961,false,שטראוס קרמיסימו שוקולד ציפ,גלידות שטראוס בעמ,,,יח`,1.33,1 ליטר,false,1,19.90,14.96,false,1,
7290008836401,false,יין ישן נושן אפרת (1 ליטר),יקב טפרברג 1870 בעמ (יינות ומש,,,יח`,1,1 ליטר,false,1,22.90,22.90,true,1,
7290008836494,false,תירוש ענבים אפרת (1 ליטר),יקב טפרברג 1870 בעמ (יינות ומש,,,יח`,1000,"מ""ל",false,1,17.90,1.76,true,1,
7290008849609,false,אוליביה רוטב לעוף שום דבש (330 גרם),תה ויסוצקי (ישראל) בעמ,,,יח`,275,"מ""ל",false,1,14.90,5.42,true,1,
7290008909846,false,פחית קולה זירו,החברה המרכזית להפצת משקאות בעמ,,,יח`,330,"מ""ל",false,1,5.10,1.45,false,1,
7290008909853,false,קוקה קולה זירו 500 מל,החברה המרכזית להפצת משקאות בעמ,,,יח`,500,"מ""ל",false,1,6.90,1.32,false,1,
7290008975551,false,תחליף חלב שלב 3 מהדרין מטרנה (700 גרם),קבוצת אסם סחר שות. מוגבלת,,,יח`,700,גרם,false,1,57.10,8.16,true,1,
7290008975780,false,בונזו כופתיות קטנות קג 3,שחורי אריה ואנסטסיה,,,יח`,3,"ק""ג",false,1,49.90,16.63,false,1,
7290008989091,false,פריכיות אורז שלישיה,בטר אנד דיפרנט בעמ,,,יח`,300,גרם,false,1,13.50,4.50,false,1,
7290008989473,false,ממרח חרובים 350 גר`,בטר אנד דיפרנט בעמ,,,יח`,350,גרם,false,1,13.50,3.86,false,1,
7290010002023,false,כורכום תבליני מימון (100 גרם),א.ל.ייצור ושיווק תבלינים בעמ,,,יח`,100,גרם,false,1,13.20,13.20,false,1,
7290010002030,false,כמון טחון תבליני מימון (100 גרם),א.ל.ייצור ושיווק תבלינים בעמ,,,יח`,100,גרם,false,1,13.20,13.20,false,1,
7290010002047,false,מלח לימון תבליני מימון (200 גרם),א.ל.ייצור ושיווק תבלינים בעמ,,,יח`,200,גרם,false,1,14.90,7.45,false,1,
7290010002191,false,מקלות קינמון תבליני מימון (50 גרם),א.ל.ייצור ושיווק תבלינים בעמ,,,יח`,50,גרם,false,1,14.90,29.80,false,1,
7290010002207,false,קינמון טחון תבליני מימון (100 גרם),א.ל.ייצור ושיווק תבלינים בעמ,,,יח`,100,גרם,false,1,12.20,12.20,false,1,
7290010002290,false,תיבול לשווארמה 100 גר`,א.ל.ייצור ושיווק תבלינים בעמ,,,יח`,100,גרם,false,1,13.20,13.20,false,1,
7290010002306,false,תערובת לקציצות 100 גר`,א.ל.ייצור ושיווק תבלינים בעמ,,,יח`,100,גרם,false,1,13.20,13.20,false,1,
7290010002429,false,עלי דפנה תבליני מימון (20 גרם),א.ל.ייצור ושיווק תבלינים בעמ,,,יח`,20,גרם,false,1,12.20,61,false,1,
7290010002436,false,פטרוזיליה 25 גר`,א.ל.ייצור ושיווק תבלינים בעמ,,,יח`,25,גרם,false,1,12.20,48.80,false,1,
7290010002481,false,שום טחון תבליני מימון (100 גרם),א.ל.ייצור ושיווק תבלינים בעמ,,,יח`,100,גרם,false,1,16.30,16.30,false,1,
7290010003051,false,פפריקה הונגרית מתוקה 400 גר`,א.ל.ייצור ושיווק תבלינים בעמ,,,יח`,400,גרם,false,1,26.50,6.63,false,1,
7290010003693,false,פפריקה מתוקה תבליני מימון (80 גרם),א.ל.ייצור ושיווק תבלינים בעמ,,,יח`,80,גרם,false,1,7.10,8.88,false,1,
7290010003709,false,פלפל שחור טחון תבליני מימון (50 גרם),א.ל.ייצור ושיווק תבלינים בעמ,,,יח`,50,גרם,false,1,9.10,18.20,false,1,
7290010003761,false,כורכום טחון תבליני מימון (80 גרם),א.ל.ייצור ושיווק תבלינים בעמ,,,יח`,80,גרם,false,1,7.10,8.88,false,1,
7290010003778,false,תבלין לגריל עוף תבליני מימון (80 גרם),א.ל.ייצור ושיווק תבלינים בעמ,,,יח`,80,גרם,false,1,7.10,8.88,false,1,
7290010003792,false,מלח לימון תבליני מימון (100 גרם),א.ל.ייצור ושיווק תבלינים בעמ,,,יח`,100,גרם,false,1,7.10,7.10,false,1,
7290010003808,false,זעתר ושומשום בשקית תבליני מימון (80 גרם),א.ל.ייצור ושיווק תבלינים בעמ,,,יח`,80,גרם,false,1,7.10,8.88,false,1,
7290010003822,false,פפריקה חריפה בשקית תבליני מימון (80 גרם),א.ל.ייצור ושיווק תבלינים בעמ,,,יח`,80,גרם,false,1,7.10,8.88,false,1,
7290010003839,false,קינמון טחון תבליני מימון (80 גרם),א.ל.ייצור ושיווק תבלינים בעמ,,,יח`,80,גרם,false,1,7.10,8.88,false,1,
7290010045051,false,עוגיות מלבן שקדים לחמי (200 גרם),אבאל יזמות בעמ,,,יח`,200,גרם,false,1,19.90,9.95,true,1,
7290010045068,false,עוגיות נסיכה לחמי (250 גרם),אבאל יזמות בעמ,,,יח`,250,גרם,false,1,19.90,7.96,true,1,
7290010051021,false,בזיליקום א.אדמה,א.אדמה (2007) בעמ,,,יח`,1,,false,1,5.90,5.90,false,1,
7290010051045,false,סלט ביבי מיקס בנספק,א.אדמה (2007) בעמ,,,יח`,1,,false,1,9.90,9.90,false,1,
7290010051052,false,פטרוזליה א. אדמה,א.אדמה (2007) בעמ,,,יח`,120,גרם,false,1,3.90,3.25,false,1,
7290010051076,false,לבבות חסה קיסר,א.אדמה (2007) בעמ,,,יח`,1,,false,1,11.90,11.90,false,1,
7290010051113,false,טימין / קורנית,א.אדמה (2007) בעמ,,,יח`,1,,false,1,5.90,5.90,false,1,
7290010051120,false,מרווה,א.אדמה (2007) בעמ,,,יח`,1,,false,1,5.90,5.90,false,1,
7290010051144,false,תרד עלים א.אדמה,א.אדמה (2007) בעמ,,,יח`,180,גרם,false,1,9.90,5.50,false,1,
7290010051168,false,כוסברה א. אדמה,א.אדמה (2007) בעמ,,,יח`,1,,false,1,3.90,3.90,false,1,
7290010051175,false,שמיר א. אדמה,א.אדמה (2007) בעמ,,,יח`,1,,false,1,3.90,3.90,false,1,
7290010051182,false,עלי נענע א. אדמה,א.אדמה (2007) בעמ,,,יח`,1,,false,1,3.90,3.90,false,1,
7290010051199,false,שורש פטרוזיליה א. אדמה,א.אדמה (2007) בעמ,,,יח`,1,,false,1,5.90,5.90,false,1,
7290010051205,false,עלי סלרי א. אדמה,א.אדמה (2007) בעמ,,,יח`,1,,false,1,5.90,5.90,false,1,
7290010051212,false,סלרי ראש.,א.אדמה (2007) בעמ,,,יח`,300,גרם,false,1,5.90,1.97,false,1,
7290010051267,false,לוף  ארוז- א.אדמה,א.אדמה (2007) בעמ,,,יח`,1,,false,1,10.90,10.90,false,1,
7290010051281,false,עלה רוקולה 110 גר,א.אדמה (2007) בעמ,,,יח`,110,גרם,false,1,9.90,9,false,1,
7290010051298,false,סלק עלים ארוז מנגולד א.אד,א.אדמה (2007) בעמ,,,יח`,1,,false,1,5.90,5.90,false,1,
7290010051335,false,בצל ירוק,א.אדמה (2007) בעמ,,,יח`,1,,false,1,5.90,5.90,false,1,
7290010051373,false,לבבות חסה בשקית,א.אדמה (2007) בעמ,,,יח`,1,,false,1,10.90,10.90,false,1,
7290010051403,false,שיבה,א.אדמה (2007) בעמ,,,יח`,1,,false,1,5.90,5.90,false,1,
7290010051687,false,רוזמרין ארוז,א.אדמה (2007) בעמ,,,יח`,300,גרם,false,1,5.90,1.97,false,1,
7290010051724,false,מלפפון בייבי,א.אדמה (2007) בעמ,,,יח`,1,,false,1,9.90,9.90,false,1,
7290010065301,false,מחית פרינוק סלט,גורי מוצרי צריכה (1991) בעמ,,,יח`,130,גרם,false,1,6.50,5,false,1,
7290010065332,false,מחית פרינוק 190 גר`,גורי מוצרי צריכה (1991) בעמ,,,יח`,190,גרם,false,1,7.50,3.95,true,1,
7290010066025,false,טונה בשמן פילטונה 160 גרם,פילטונה תעשיות בעמ,,,יח`,160,גרם,false,1,6.10,3.81,false,1,
7290010066513,false,טונה בשמן צמחי 158  גר`רביעייה פילטונה,פילטונה תעשיות בעמ,,,יח`,632,גרם,false,1,23.90,3.78,false,1,
7290010066575,false,טונה במי מלח 158  גר`רביעייה פילטונה,פילטונה תעשיות בעמ,,,יח`,632,גרם,false,1,23.90,3.78,false,1,
7290010066582,false,טונה בשמן קנולה 158  גר`רביעייה פילטונה,פילטונה תעשיות בעמ,,,יח`,632,גרם,false,1,23.90,3.78,false,1,
7290010066599,false,פילטונה נתחי טונה בשמן זית רביעייה,פילטונה תעשיות בעמ,,,יח`,640,גרם,false,1,28.90,4.52,false,1,
7290010116980,false,שוקולית אבקת שוקו עלית (850 גרם),שטראוס גרופ בעמ,,,יח`,850,גרם,false,1,20.30,2.39,true,1,
7290010117864,false,חטיף תירס חריף אש דוריטוס (70 גרם),שטראוס פריטו ליי בעמ,,,יח`,70,גרם,false,1,4,5.71,true,1,
7290010118328,false,חטיף צ`יפס בטעם טבעי תפוצ`יפס (40x6 גרם),שטראוס פריטו ליי בעמ,,,יח`,240,גרם,false,1,13.20,5.50,false,1,
7290010124107,false,סטייק בורגר 400  גר`בלדי,בלדי בעמ,,,יח`,400,גרם,false,1,16.90,4.23,false,1,
7290010124190,false,שניצל בקר מלינסה אל מטאדור 250 גר`,בלדי בעמ,,,יח`,250,גרם,false,1,12.90,5.16,false,1,
7290010124503,false,שומן כבש 200,בלדי בעמ,,,יח`,200,גרם,false,1,10.10,5.05,false,1,
7290010129300,false,עוגיות רייף 350  גר`אנג`ל,שיבולים יצור ושיווק מוצרי מאפה,,,יח`,350,גרם,false,1,16.50,4.71,false,1,
7290010129652,false,עוגיות לקפה 350  גר`אנג`ל,שיבולים יצור ושיווק מוצרי מאפה,,,יח`,350,גרם,false,1,15.90,4.54,false,1,
7290010129720,false,עוגיות רוגלך קינמון 400 גר`,שיבולים יצור ושיווק מוצרי מאפה,,,יח`,400,גרם,false,1,12.90,3.23,false,1,
7290010129959,false,עוגיות רוגלך טעם שוקולד 400 גר`,שיבולים יצור ושיווק מוצרי מאפה,,,יח`,400,גרם,false,1,12.90,3.23,false,1,
7290010153688,false,חומץ טבעי מיה (1 ליטר),מיה תעשיות מזון מ.ת.מ. בעמ,,,יח`,1,1 ליטר,false,1,8.10,8.10,false,1,
7290010153770,false,ציפוי לשניצל פיקנטי 500 גר` מיה,מיה תעשיות מזון מ.ת.מ. בעמ,,,יח`,500,גרם,false,1,12.20,2.44,true,1,
7290010153787,false,ציפוי לשניצל עם שומשום 500 גר` מיה,מיה תעשיות מזון מ.ת.מ. בעמ,,,יח`,500,גרם,false,1,12.20,2.44,true,1,
7290010153794,false,ציפוי לשניצל עם עשבי תיבול 500 גר` מיה,מיה תעשיות מזון מ.ת.מ. בעמ,,,יח`,500,גרם,false,1,12.20,2.44,true,1,
7290010153800,false,ציפוי לשניצל עם תיבול עדין מיה (500 גרם),מיה תעשיות מזון מ.ת.מ. בעמ,,,יח`,500,גרם,false,1,12.20,2.44,true,1,
7290010154005,false,סחוג תימני תבליני ביטון יוחאי (250 גרם),נטו מלינדה סחר בעמ,,,יח`,250,גרם,false,1,15.20,6.08,true,1,
7290010154012,false,לימון בלאדי תבליני ביטון יוחאי (250 גרם),נטו מלינדה סחר בעמ,,,יח`,250,גרם,false,1,16.60,6.64,true,1,
7290010154241,false,סלט חזרת ביתית תבליני ביטון יוחאי (250 ג,נטו מלינדה סחר בעמ,,,יח`,250,גרם,false,1,15.20,6.08,true,1,
7290010154265,false,פלפל צ`ומה תבליני ביטון יוחאי (250 גרם),נטו מלינדה סחר בעמ,,,יח`,250,גרם,false,1,16.30,6.52,true,1,
7290010154418,false,סחוג אדום 130 גר ביטון,נטו מלינדה סחר בעמ,,,יח`,130,גרם,false,1,9.40,7.23,true,1,
7290010154425,false,סחוג ירוק 130 גר ביטון,נטו מלינדה סחר בעמ,,,יח`,130,גרם,false,1,9.40,7.23,true,1,
7290010195268,false,פופקורן פופסטאר חמישייה מופחת שומן טבעי,דנשר (1963) בעמ,,,יח`,425,גרם,false,1,18.50,4.35,true,1,
7290010237685,false,בירה הייניקן 330 בקבוק,טמפו משקאות בעמ,,,יח`,330,"מ""ל",false,1,10.30,3.03,false,1,
7290010237890,false,בירה היינקן (500 מל),טמפו משקאות בעמ,,,יח`,500,"מ""ל",false,1,8.90,1.54,false,1,
7290010259991,false,צנימים וילי פוד (250 גרם),ג.וילי-פוד אינטרנשיונל בעמ,,,יח`,250,גרם,false,1,9.10,3.64,true,1,
7290010328239,false,טחינה מתובלת משומשום טבעי אחוה (500 גרם),אחדות בעמ,,,יח`,500,גרם,false,1,12.90,2.58,true,1,
7290010328246,false,טחינה משומשום מלא אחוה (500 גרם),אחדות בעמ,,,יח`,500,גרם,false,1,11.90,2.38,true,1,
7290010328253,false,טחינה משומשום טבעי אחוה (500 גרם),אחדות בעמ,,,יח`,500,גרם,false,1,11.90,2.38,true,1,
7290010328468,false,מיני חלווה ב 3 טעמים אחוה,אחדות בעמ,,,יח`,216,גרם,false,1,11.90,5.51,true,1,
7290010328505,false,חטיפי מיני חלוה ללתס 15 יח`,אחדות בעמ,,,יח`,1,,false,1,11.90,11.90,true,1,
7290010328680,false,עוגה בטעם שוקולד עם שוקוצ`יפס מריר ולבן,אחדות בעמ,,,יח`,450,גרם,false,1,11.90,2.64,true,1,
7290010328710,false,קצפיות במגש 180  גר`אחוה,אחדות בעמ,,,יח`,180,גרם,false,1,8.50,4.72,false,1,
7290010382811,false,נטורל פורמולה לחות תלתלים,החברה הדרומית לשיווק בעמ,,,יח`,500,"מ""ל",false,1,25.90,5.18,true,1,
7290010471669,false,דנונה פרי בר קורנפלקס,שטראוס גרופ בעמ/מצונן,,,יח`,175,"מ""ל",false,1,4.50,2.57,false,1,
7290010472390,false,דני שמיניה,שטראוס גרופ בעמ/מצונן,,,יח`,1,1 ליטר,false,1,16.80,16.80,false,1,
7290010535378,false,סט כדורי רחצה,קונסיגנציה- ש. י גיספאן 1993,,,יח`,1,,false,1,11.90,11.90,false,1,
7290010535408,false,שתי  יח` קופ`למברשת שיניים,קונסיגנציה- ש. י גיספאן 1993,,,יח`,1,,false,1,13.90,13.90,false,1,
7290010546053,false,גרנולה ללתס 400  גר`מנדל,גורי מוצרי צריכה (1991) בעמ,,,יח`,400,גרם,false,1,20.90,5.23,false,1,
7290010546336,false,גרנולה בסילאן ללתס 400  גר`מנדל,גורי מוצרי צריכה (1991) בעמ,,,יח`,400,גרם,false,1,20.90,5.23,false,1,
7290010627004,false,טחינה ירושלים 500 גר`,תה ויסוצקי (ישראל) בעמ,,,יח`,500,גרם,false,1,16.90,3.38,false,1,
7290010632787,false,צימרוני אוזניים מעץ אינטרסן) (300,אינטרסן 1996 בעמ,,,יח`,300,יח`,false,1,4.90,0.02,false,1,
7290010711123,false,4 כרות פלדה מתכת shiny,מ.א.ייצור ויבוא מטליות בעמ,,,יח`,1,,false,1,6.90,6.90,false,1,
7290010711208,false,גליל מטליות צהוב 40 יח shiny,מ.א.ייצור ויבוא מטליות בעמ,,,יח`,1,,false,1,18.90,18.90,false,1,
7290010711253,false,4 מטליות מיקרו לניקוי כללי shiny,מ.א.ייצור ויבוא מטליות בעמ,,,יח`,1,,false,1,7.90,7.90,false,1,
7290010711543,false,כף אשפה עם גומי,מ.א.ייצור ויבוא מטליות בעמ,,,יח`,1,,false,1,6.40,6.40,false,1,
7290010711550,false,דלי איטלקי עם פיה יוגב,מ.א.ייצור ויבוא מטליות בעמ,,,יח`,1,,false,1,12.50,12.50,false,1,
7290010711901,false,מטליות מיקרו רצפה שלישייה shiny,מ.א.ייצור ויבוא מטליות בעמ,,,יח`,1,,false,1,13.90,13.90,false,1,
7290010711918,false,מטליות מיקרו לניקוי כללי מעוצבות shiny,מ.א.ייצור ויבוא מטליות בעמ,,,יח`,1,,false,1,8.90,8.90,false,1,
7290010711932,false,מטליות תשיעייה רב שימושיות פרימיום shiny,מ.א.ייצור ויבוא מטליות בעמ,,,יח`,1,,false,1,8.90,8.90,false,1,
7290010757947,false,בורקס פטריות ללא גלוטן 500 גר` אריאל,מאפיית אריאל בעמ,,,יח`,500,גרם,false,1,20.90,4.18,false,1,
7290010760909,false,בורקס פיצה 600 גר` אריאל,מאפיית אריאל בעמ,,,יח`,600,גרם,false,1,22.90,3.82,false,1,
7290010838219,false,סטיביה מרמולייט) (100,דנשר (1963) בעמ,,,יח`,100,יח`,false,1,28.90,0.29,false,1,
7290010838431,false,טואלט דאק 750 מל זוג,דנשר (1963) בעמ,,,יח`,1.50,1 ליטר,false,1,19.90,13.27,false,1,
7290010883356,false,כפפות אלוורה גדול סנו סושי,החברה הדרומית לשיווק בעמ,,,יח`,1,,false,1,11.90,11.90,true,1,
7290010883363,false,כפפות אלוורה קטן סנו סושי,החברה הדרומית לשיווק בעמ,,,יח`,1,,false,1,11.90,11.90,true,1,
7290010883370,false,כפפות אלוורה בינוני סנו סושי,החברה הדרומית לשיווק בעמ,,,יח`,1,,false,1,11.90,11.90,true,1,
7290010922024,false,פסיפלורה קפואה 250  גר`shake it עדה חרדי,בלדי בעמ,,,יח`,250,גרם,false,1,10.90,4.36,false,1,
7290010922864,false,גולש בקר ארוז קפוא  אשפר( 800 גר`),בלדי בעמ,,,יח`,800,גרם,false,1,29.90,3.74,false,1,
7290010931330,false,מטבוחה אחלה (500 גרם),שטראוס גרופ בעמ/מצונן,,,יח`,500,גרם,false,1,15.60,3.12,true,1,
7290010945146,false,קוטג`3% מועשר 250 גר`,החב` המרכזית - טרה,,,יח`,250,גרם,false,1,5.60,2.24,false,1,
7290011017866,false,פחית קולה סליק קוקה-קולה (330 מל),החברה המרכזית להפצת משקאות בעמ,,,יח`,330,"מ""ל",false,1,4.30,1.21,true,1,
7290011017873,false,פחית זירו סליק קוקה-קולה (330 מל),החברה המרכזית להפצת משקאות בעמ,,,יח`,330,"מ""ל",false,1,4.30,1.21,true,1,
7290011051358,false,שוופס סודה לימון 250 מל,יפאורה,,,יח`,1,,false,1,3.90,3.90,true,1,
7290011081492,false,שטראוס קרמיסימו בטעמי 3 שוקלד,גלידות שטראוס בעמ,,,יח`,1.33,1 ליטר,false,1,19.90,14.96,false,1,
7290011081690,false,שטראוס קרמיסימו,גלידות שטראוס בעמ,,,יח`,1.33,1 ליטר,false,1,19.90,14.96,false,1,
7290011108021,false,נענע מהדרין א. אדמה,א.אדמה (2007) בעמ,,,יח`,1,,false,1,6.90,6.90,false,1,
7290011108038,false,פטרוזיליה מהדרין א. אדמה,א.אדמה (2007) בעמ,,,יח`,1,,false,1,6.90,6.90,false,1,
7290011108113,false,חסה רגילה מהדרין,א.אדמה (2007) בעמ,,,יח`,1,,false,1,7.90,7.90,false,1,
7290011108120,false,בצל ירוק מהדרין,א.אדמה (2007) בעמ,,,יח`,1,,false,1,7.90,7.90,false,1,
7290011108847,false,שמיר מהדרין א.אדמה,א.אדמה (2007) בעמ,,,יח`,1,,false,1,4.90,4.90,false,1,
7290011115159,false,סבון מוצק לחות נקה 7 רביעייה,החברה הדרומית לשיווק בעמ,,,יח`,400,גרם,false,1,11.90,2.98,true,1,
7290011115258,false,סבון מוצק נקה 7 רביעייה,החברה הדרומית לשיווק בעמ,,,יח`,400,גרם,false,1,11.90,2.98,true,1,
7290011115265,false,סבון מוצק ארומה נקה 7 רביעייה,החברה הדרומית לשיווק בעמ,,,יח`,400,גרם,false,1,11.90,2.98,true,1,
7290011115289,false,סבון מוצק נקה 7 רביעייה,החברה הדרומית לשיווק בעמ,,,יח`,400,גרם,false,1,11.90,2.98,true,1,
7290011126452,false,תה קמומיל ונענע ויסוצקי הגן הקסום) (25,תה ויסוצקי (ישראל) בעמ,,,יח`,37.50,גרם,false,1,17.90,47.73,true,1,
7290011126469,false,תה קמומיל ודבש ויסוצקי הגן הקסום) (25,תה ויסוצקי (ישראל) בעמ,,,יח`,37.50,גרם,false,1,17.90,47.73,true,1,
7290011126957,false,תה ירוק ארל גריי ויסוצקי (25),תה ויסוצקי (ישראל) בעמ,,,יח`,37.50,גרם,false,1,27.90,74.40,true,1,
7290011142148,false,מארז לחמניות 450  גר`דואט,מאפיית דואט בעמ,,,יח`,1,,false,1,11.90,11.90,false,1,
7290011142193,false,מארז לחמניות מתוקות 450  גר`דואט,מאפיית דואט בעמ,,,יח`,1,,false,1,11.90,11.90,false,1,
7290011142407,false,לחם שבע דגנים 1100 גר`,מאפיית דואט בעמ,,,יח`,1100,גרם,false,1,15.90,1.45,false,1,
7290011148805,false,שעועית טריה ירקט,ירקט ירקות צעירים ארוזים בעמ,,,יח`,1,,false,1,12.90,12.90,false,1,
7290011194215,false,דניאלה מעדן בטעם בננה שטראוס (88 גרם),שטראוס גרופ בעמ/מצונן,,,יח`,150,"מ""ל",false,1,4,2.67,false,1,
7290011194246,false,גבינת  קוטג`5% שטראוס (250 גרם),שטראוס גרופ בעמ/מצונן,,,יח`,250,גרם,false,1,6.10,2.44,false,1,
7290011223045,false,בישקוטים ליידיפינגרז בונומי (200 גרם),דנשר (1963) בעמ,,,יח`,200,גרם,false,1,8.50,4.25,false,1,
7290011254254,false,שוקו צ`יפס בטעם שוקולד מיה (300 גרם),מיה תעשיות מזון מ.ת.מ. בעמ,,,יח`,300,גרם,false,1,8.10,2.70,false,1,
7290011254490,false,סוכריות ללס טעם פירות יער 80 גר`,מיה תעשיות מזון מ.ת.מ. בעמ,,,יח`,80,גרם,false,1,10,12.50,false,1,
7290011254698,false,שמן זית כתית מעולה (750 מל),מיה תעשיות מזון מ.ת.מ. בעמ,,,יח`,750,"מ""ל",false,1,31.60,4.21,true,1,
7290011254810,false,סוכריות ג`לי125 גר`,מיה תעשיות מזון מ.ת.מ. בעמ,,,יח`,125,גרם,false,1,7.40,5.92,false,1,
7290011254841,false,סוכריות ג`לי 125 גר`,מיה תעשיות מזון מ.ת.מ. בעמ,,,יח`,125,גרם,false,1,7.40,5.92,false,1,
7290011254964,false,סוכריות ג`לי 25 גר`עשירייה,מיה תעשיות מזון מ.ת.מ. בעמ,,,יח`,250,גרם,false,1,13.50,5.40,false,1,
7290011276645,false,כוסברה מהדרין א. אדמה,א.אדמה (2007) בעמ,,,יח`,1,,false,1,6.90,6.90,false,1,
7290011378769,false,מאגדת חלבה וניל,קבוצת אסם סחר שות. מוגבלת,,,יח`,1,,false,1,13.20,13.20,false,1,
7290011378776,false,מאגדת חלבה פיסטוק,קבוצת אסם סחר שות. מוגבלת,,,יח`,1,,false,1,13.20,13.20,false,1,
7290011379926,false,סלרי עלים ארוז,מרינה פטריות הגליל בעמ,,,יח`,1,,false,1,6.20,6.20,false,1,
7290011447267,false,תחליף חלב שלב 1 חלבי מטרנה (700 גרם),קבוצת אסם סחר שות. מוגבלת,,,יח`,700,גרם,false,1,57.10,8.16,true,1,
7290011447281,false,תחליף חלב שלב 2 חלבי מטרנה (700 גרם),קבוצת אסם סחר שות. מוגבלת,,,יח`,700,גרם,false,1,57.10,8.16,true,1,
7290011447908,false,סופרקט בקר וכבד 3 קג,שחורי אריה ואנסטסיה,,,יח`,3,גרם,false,1,49.90,1663.33,false,1,
7290011499051,false,גבינת פטה כבשים 20% גד (250 גרם),מחלבות גד שיווק 1992 בעמ,,,יח`,250,גרם,false,1,27.90,11.16,false,1,
7290011499105,false,גבינה בולגרית 5% גד (250 גרם),מחלבות גד שיווק 1992 בעמ,,,יח`,250,גרם,false,1,24.90,9.96,false,1,
7290011499112,false,גבינה בולגרית 16% גד (250 גרם),מחלבות גד שיווק 1992 בעמ,,,יח`,250,גרם,false,1,23.90,9.56,false,1,
7290011499129,false,בולגרית לסלט 5% 200 גר`,מחלבות גד שיווק 1992 בעמ,,,יח`,200,גרם,false,1,21.90,10.95,false,1,
7290011499303,false,פטה עיזים מעודנת 5% גד,מחלבות גד שיווק 1992 בעמ,,,יח`,250,גרם,false,1,31.90,12.76,false,1,
7290011499327,false,גבינה בולגרית מעודנת 5% גד (250 גרם),מחלבות גד שיווק 1992 בעמ,,,יח`,250,גרם,false,1,23.90,9.56,false,1,
7290011499365,false,גבינת חלומי 24% מחלב בקר גד (200 גרם),מחלבות גד שיווק 1992 בעמ,,,יח`,200,גרם,false,1,22.90,11.45,false,1,
7290011499419,false,גבינת במרקם שמנת 5% טבעי גד,מחלבות גד שיווק 1992 בעמ,,,יח`,200,גרם,false,1,12.90,6.45,false,1,
7290011499525,false,לאבנה דרוזית 9% גד (500 גרם),מחלבות גד שיווק 1992 בעמ,,,יח`,500,גרם,false,1,20.90,4.18,false,1,
7290011499624,false,גבינת שמנת 30% 200  גר`גד,מחלבות גד שיווק 1992 בעמ,,,יח`,200,גרם,false,1,13.90,6.95,true,1,
7290011499853,false,גבינת שמנת 30% זיתים 200  גר`גד,מחלבות גד שיווק 1992 בעמ,,,יח`,200,גרם,false,1,13.90,6.95,true,1,
7290011501563,false,מיץ חמוציות 1890ליטר,דין שיווק וקליה 2021 בעמ,,,יח`,1.89,1 ליטר,false,1,16.90,8.78,false,1,
7290011505776,false,שיפודי במבוק עבים 75 יח`,אינטרסן 1996 בעמ,,,יח`,1,,false,1,4.50,4.50,false,1,
7290011505806,false,קיסמי שיניים פלסטיק הוסטס) (200,אינטרסן 1996 בעמ,,,יח`,1,,false,1,11.50,11.50,false,1,
7290011515683,false,מאגדת אקסטרים וניל 6 יח`,נגה גלידות שותפות מוגבלת,,,יח`,432,גרם,false,1,32.90,7.62,false,1,
7290011518561,false,אקטימל בטעם תות דנונה (100x14 מל),שטראוס גרופ בעמ/מצונן,,,יח`,1.40,1 ליטר,false,1,30.90,22.07,false,1,
7290011524548,false,גרגרי חומוס מוקפאים 800  גר`פרי גליל,ויטה -פרי גליל (החדשה) בעמ,,,יח`,800,גרם,false,1,10.90,1.36,false,1,
7290011530488,false,שייק איט) (150*3,בלדי בעמ,,,יח`,450,גרם,false,1,29.90,6.64,true,1,
7290011530945,false,קרפציו עגל 210  גר`בלדי,בלדי בעמ,,,יח`,210,גרם,false,1,39.90,19,false,1,
7290011598211,false,סנו אנטי קאלק 4ב1 700 מל,החברה הדרומית לשיווק בעמ,,,יח`,700,"מ""ל",false,1,15.90,2.27,true,1,
7290011607197,false,קולון 5  קג`101 כתמים,רקיט בנקיזר (ניר איסט) בעמ,,,יח`,5,"ק""ג",false,1,41.90,8.38,false,1,
7290011765446,false,משחת שיניים אורביטול בוב ספוג 70 גרם,החברה הדרומית לשיווק בעמ,,,יח`,70,גרם,false,1,9.90,14.14,true,1,
7290011772468,false,אקונומיקה אמה 4 ליטר,עיסא ערטול בעמ,,,יח`,4000,"מ""ל",false,1,9.90,0.25,false,1,
7290011800840,false,טחינה בלאדי רפי כהן צבר (400 גרם),קבוצת אסם סחר שות. מוגבלת,,,יח`,400,גרם,false,1,17.30,4.33,false,1,
7290011876388,false,קציצות עוף ובקר מאמא עוף (600 גרם),תנובה קפואים,,,יח`,600,גרם,false,1,34.70,5.78,false,1,
7290011876494,false,שניצל עוף ותירס מאמא עוף (750 גרם),תנובה קפואים,,,יח`,750,גרם,false,1,38.80,5.17,false,1,
7290011923273,false,טופו אורגני ליב (300 גרם),ל.י.ב. (לחיות יותר בטבע) בעמ,,,יח`,300,גרם,false,1,12.20,4.07,false,1,
7290011947309,false,זית סורי עם לימון כבוש זיתא (230 גרם),תה ויסוצקי (ישראל) בעמ,,,יח`,230,גרם,false,1,14.90,6.48,false,1,
7290011947316,false,זיתי קלמטה 215 גר,תה ויסוצקי (ישראל) בעמ,,,יח`,215,גרם,false,1,14.90,6.93,false,1,
7290011947521,false,זיתא בדץ כמ בטע 750 מל,תה ויסוצקי (ישראל) בעמ,,,יח`,750,"מ""ל",false,1,29.90,3.99,false,1,
7290011947743,false,זית ירוק מיקס זית ירוק וזית קלמטה  זיתא(,תה ויסוצקי (ישראל) בעמ,,,יח`,217,גרם,false,1,14.90,6.87,false,1,
7290011964344,false,שום גבישי 120 גר`,תבליני טעם וריח בעמ,,,יח`,120,גרם,false,1,9.90,8.25,true,1,
7290011964627,false,פפריקה מתוקה בשמן 400 גר`,תבליני טעם וריח בעמ,,,יח`,400,גרם,false,1,22.90,5.73,false,1,
7290011996062,false,אורז לסושי טעמי אסיה (1 קג),טחנת האבן קואופ בעמ,,,יח`,1,"ק""ג",false,1,14.90,14.90,true,1,
7290011996086,false,צ`ילי חריף 700,טחנת האבן קואופ בעמ,,,יח`,700,"מ""ל",false,1,10.90,1.56,false,1,
7290011996123,false,אצות נורי גולד טעמי אסיה) (10,טחנת האבן קואופ בעמ,,,יח`,25,גרם,false,1,12.90,51.60,true,1,
7290011996789,false,פנקו טעמי אסיה (200 גרם),טחנת האבן קואופ בעמ,,,יח`,200,גרם,false,1,11.90,5.95,false,1,
7290011996888,false,רוטב טריאקי טעמי אסיה (300 מל),טחנת האבן קואופ בעמ,,,יח`,300,"מ""ל",false,1,12.90,4.30,false,1,
7290012001994,false,חרדל דיגון גרעינים 350 גרם,דיפלומט היינץ,,,יח`,340,גרם,false,1,14.20,4.18,false,1,
7290012019012,false,אספרגוס לבן 350 גר`,תומר יבוא ושיווק מוצרי מזון (1,,,יח`,330,גרם,false,1,10.90,3.30,false,1,
7290012022005,false,קריספיות,דילייט 2005 בעמ,,,יח`,60,גרם,false,1,12.90,21.50,false,1,
7290012022050,false,קריספיות חיטה מלאה,דילייט 2005 בעמ,,,יח`,75,גרם,false,1,13.90,18.53,false,1,
7290012022067,false,קריספיות קידס 30 גרם,דילייט 2005 בעמ,,,יח`,30,גרם,false,1,10.90,36.33,false,1,
7290012025822,false,סלק( 400  גר`)אסלי,סלטי שמיר 2006 בעמ,,,יח`,400,גרם,false,1,10.90,2.73,true,1,
7290012025839,false,סלט  מטבוחה( 400  גר`)אסלי,סלטי שמיר 2006 בעמ,,,יח`,400,גרם,false,1,10.90,2.73,true,1,
7290012071003,false,קמיל בלו משחה לתינוק דר. פישר (200 גרם),פישר תעשיות פרמצבטיות בעמ,,,יח`,100,גרם,false,1,21.40,21.40,false,1,
7290012116537,false,א.כביסה סנו מקסימה 2.5 קג`,החברה הדרומית לשיווק בעמ,,,יח`,2.50,"ק""ג",false,1,25.90,10.36,true,1,
7290012116551,false,אנטי קאלק מנקה כללי סנו (2 ליטר),החברה הדרומית לשיווק בעמ,,,יח`,2,1 ליטר,false,1,20.90,10.45,true,1,
7290012116735,false,נייר טואלטסנו סופט ג`מבו 24,החברה הדרומית לשיווק בעמ,,,יח`,1,,false,1,40.90,40.90,false,1,
7290012117275,false,סנוקליר שקית מילוי 750 מל,החברה הדרומית לשיווק בעמ,,,יח`,750,"מ""ל",false,1,6.90,0.92,true,1,
7290012117350,false,ריצפז פרש 2 ליטר לילך,החברה הדרומית לשיווק בעמ,,,יח`,2,1 ליטר,false,1,20.90,10.45,true,1,
7290012117411,false,קרמה ג`ל רחצה לגבר 700 מל כתום,החברה הדרומית לשיווק בעמ,,,יח`,700,"מ""ל",false,1,16,2.29,true,1,
7290012117428,false,ג`ל רחצה ושמפו מנטה לגבר קרמה (700 מל),החברה הדרומית לשיווק בעמ,,,יח`,700,"מ""ל",false,1,16,2.29,true,1,
7290012117435,false,קרמה ג`ל רחצה לגבר 700 מל,החברה הדרומית לשיווק בעמ,,,יח`,700,"מ""ל",false,1,16,2.29,true,1,
7290012117541,false,סנו מקסימה מרכך 1 ליטר צהוב,החברה הדרומית לשיווק בעמ,,,יח`,1,1 ליטר,false,1,18.90,18.90,true,1,
7290012117558,false,סנו מקסימה מרכך 1 ליטר ורוד בהיר,החברה הדרומית לשיווק בעמ,,,יח`,1,1 ליטר,false,1,18.90,18.90,true,1,
7290012117916,false,סנו אינסטלטור נוזלי 1 ליטר,החברה הדרומית לשיווק בעמ,,,יח`,1,1 ליטר,false,1,27.90,27.90,true,1,
7290012159275,false,מיונז לינה (430 גרם),יורוסטנדרט בעמ,,,יח`,430,גרם,false,1,11.30,2.63,false,1,
7290012191985,false,גפרורים 10 יח`,אבאל יזמות בעמ,,,יח`,1,,false,1,2.90,2.90,true,1,
7290012191992,false,גפרורים ארוכים,אבאל יזמות בעמ,,,יח`,1,,false,1,6.50,6.50,true,1,
7290012212161,false,זיתים קלמטה צנצנת זכוכית מוטולה,אבאל יזמות בעמ,,,יח`,560,גרם,false,1,12.90,2.30,true,1,
7290012226021,false,נקניק סלמי מעושן פראג זוגלובק (400 גרם),זוגלובק שיווק בעמ,,,יח`,400,גרם,false,1,23.40,5.85,false,1,
7290012226120,false,קבנוס זוגלובק (45x3 גרם),זוגלובק שיווק בעמ,,,יח`,135,גרם,false,1,12.50,9.26,true,1,
7290012226342,false,נקניקיה טבעונית עשירה בחלבון 460 גר` זוג,זוגלובק שיווק בעמ,,,יח`,460,גרם,false,1,29.90,6.50,true,1,
7290012226922,false,קבנוס בטעם שום זוגלובק (45x3 גרם),זוגלובק שיווק בעמ,,,יח`,135,גרם,false,1,12.50,9.26,true,1,
7290012227172,false,חרמון כפרית 300 גר`+ברביקיו 300 גר`,זוגלובק שיווק בעמ,,,יח`,600,גרם,false,1,35.60,5.93,true,1,
7290012227325,false,סלמי מעושן דק דק 120 גר` זוגלובק,זוגלובק שיווק בעמ,,,יח`,120,גרם,false,1,14.80,12.33,true,1,
7290012227615,false,נקניקיות עוף 800 גר,זוגלובק שיווק בעמ,,,יח`,800,גרם,false,1,29.50,3.69,false,1,
7290012227622,false,חרמון כפרית דבש 400  גר- מחפוד,זוגלובק שיווק בעמ,,,יח`,400,גרם,false,1,21.40,5.35,false,1,
7290012227912,false,קבנוס מעודן 135 גרם,זוגלובק שיווק בעמ,,,יח`,135,גרם,false,1,11.20,8.30,true,1,
7290012227974,false,פסטרמה בדבש 120 גר` זוגלובק,זוגלובק שיווק בעמ,,,יח`,120,גרם,false,1,14.80,12.33,true,1,
7290012227981,false,פסטרמה ברביקין 120 גר` זוגלובק,זוגלובק שיווק בעמ,,,יח`,120,גרם,false,1,14.80,12.33,true,1,
7290012227998,false,חזה בקר 120 גר` זוגלובק,זוגלובק שיווק בעמ,,,יח`,120,גרם,false,1,14.80,12.33,true,1,
7290012228261,false,נקנקיות בוקוורסט הודו 300 גר,זוגלובק שיווק בעמ,,,יח`,300,גרם,false,1,21.40,7.13,false,1,
7290012228278,false,נקנקיות בוקוורסט הודו ובקר 310 גר,זוגלובק שיווק בעמ,,,יח`,310,גרם,false,1,21.40,6.90,false,1,
7290012228407,false,נקנקיות ג`מבו מחפוד 1.5 קג זוגלובק,זוגלובק שיווק בעמ,,,יח`,1500,גרם,false,1,38.90,2.59,false,1,
7290012228766,false,קבנוס מחפוד 120 גר זוגלובק,זוגלובק שיווק בעמ,,,יח`,120,גרם,false,1,10.90,9.08,true,1,
7290012309878,false,חלבה עם פיסטוקים 500  גר`ששון הקולה,דין שיווק וקליה 2021 בעמ,,,יח`,500,גרם,false,1,13.90,2.78,false,1,
7290012309939,false,חלבה מסולסלת 500 גר`,דין שיווק וקליה 2021 בעמ,,,יח`,500,גרם,false,1,17.90,3.58,true,1,
7290012404993,false,חמוציות דיאט ספרינג קולקשן (1.25 ליטר),יפאורה,,,יח`,1.25,1 ליטר,false,1,16.90,13.28,true,1,
7290012413643,false,תה ירוק קמומיל ויסוצקי (25),תה ויסוצקי (ישראל) בעמ,,,יח`,37.50,גרם,false,1,27.90,74.40,true,1,
7290012454196,false,סוכריות ללס בטעם קפוצ`ינו 80 גר`,מיה תעשיות מזון מ.ת.מ. בעמ,,,יח`,80,גרם,false,1,10,12.50,false,1,
7290012475108,false,משקה משעורה נמס אורגני גרין פילד 100 גר`,י.איטליאנו אחזקות בעמ,,,יח`,100,גרם,false,1,16.90,16.90,false,1,
7290012483608,false,אורז בסמטי דאווט וילי פוד (5 קג),ג.וילי-פוד אינטרנשיונל בעמ,,,יח`,5,גרם,false,1,52.10,1042,false,1,
7290012576362,false,יין ספיישל רזרב קברנה סוביניון 750 מל,טמפו משקאות בעמ,,,יח`,750,"מ""ל",false,1,61,8.09,true,1,
7290012576591,false,רזרב גוורצטרמינר 750 מל יקבי ברקן,טמפו משקאות בעמ,,,יח`,750,"מ""ל",false,1,45.90,6.08,true,1,
7290012645112,false,יוגורט עיזים 750 מל בדלי,שטראוס גרופ בעמ/מצונן,,,יח`,750,"מ""ל",false,1,20.90,2.79,false,1,
7290012803215,false,טוסו וופל בלגי ללתס בטעם שוקולד 200 גר`,דנשר (1963) בעמ,,,יח`,200,גרם,false,1,11.50,5.75,true,1,
7290012803765,false,טוסו שוקולד מריר ללתס 100 גר`,דנשר (1963) בעמ,,,יח`,100,גרם,false,1,14.20,14.20,false,1,
7290012803772,false,טוסו שוקולד חלב ללתס 100 גר`,דנשר (1963) בעמ,,,יח`,100,גרם,false,1,14.20,14.20,false,1,
7290012823398,false,ריצפז פרש מטליות חד פעמיות 10 יח`,החברה הדרומית לשיווק בעמ,,,יח`,1,,false,1,12.90,12.90,true,1,
7290012823589,false,ריצפז פרש 2 ליטר,החברה הדרומית לשיווק בעמ,,,יח`,2000,1 ליטר,false,1,20.90,0.01,true,1,
7290012823602,false,נייר טואלט סופט 32 גלילים,החברה הדרומית לשיווק בעמ,,,יח`,1,,false,1,35.90,35.90,true,1,
7290012823947,false,סנו מקסימה מרכך 750 מל שחור,החברה הדרומית לשיווק בעמ,,,יח`,750,"מ""ל",false,1,18.90,2.52,true,1,
7290012884986,false,צ`יפס לתנור עד 4% שומן תפוגן (1.5 קג),קבוצת אסם סחר שות. מוגבלת,,,יח`,1500,גרם,false,1,26.50,1.77,false,1,
7290012901355,false,ארוחת אטריות עם גבינה 206 גר`Doodles,מור-ים מרקטינג בעמ,,,יח`,206,גרם,false,1,11.90,5.78,false,1,
7290012911293,false,דפי אורז 22 סמ טעמי אסיה (300 גרם)-ללא,טחנת האבן קואופ בעמ,,,יח`,300,גרם,false,1,12.90,4.30,true,1,
7290012911439,false,ממרח קארי צהוב 400 גרם,טחנת האבן קואופ בעמ,,,יח`,400,גרם,false,1,19.50,4.88,true,1,
7290012911477,false,קרם קוקוס טעמי אסיה (400 מל),טחנת האבן קואופ בעמ,,,יח`,400,גרם,false,1,11.90,2.98,false,1,
7290012911804,false,שמן שומשום טעמי אסיה (150 מל),טחנת האבן קואופ בעמ,,,יח`,150,"מ""ל",false,1,16.90,11.27,true,1,
7290012931062,false,10 אטבי הדור החדש,מ.א.ייצור ויבוא מטליות בעמ,,,יח`,1,,false,1,6.90,6.90,false,1,
7290012931086,false,מטאטא מליציה שייני,מ.א.ייצור ויבוא מטליות בעמ,,,יח`,1,יח`,false,1,17.60,17.60,false,1,
7290012931611,false,3 כריות ברזל לקרצוף חזק shiny,מ.א.ייצור ויבוא מטליות בעמ,,,יח`,1,,false,1,7.90,7.90,false,1,
7290012938405,false,דיימונד עבה 087,גורי ע.ע.ע בעמ,,,יח`,1,,false,1,18.90,18.90,false,1,
7290012938580,false,הלבנה עדינה סנסודיין (75 מל),גורי ע.ע.ע בעמ,,,יח`,75,"מ""ל",false,1,22.90,30.53,true,1,
7290012938597,false,משחת שיניים רפיד רליף סנסודיין (75 מל),גורי ע.ע.ע בעמ,,,יח`,75,גרם,false,1,24.90,33.20,true,1,
7290012938740,false,משחת שיניים בטעם מנטה סנסודיין (75 מל),גורי ע.ע.ע בעמ,,,יח`,75,גרם,false,1,22.90,30.53,true,1,
7290012938924,false,אקווה פרש מי פה 500 מל,גורי ע.ע.ע בעמ,,,יח`,500,"מ""ל",false,1,22.40,4.48,true,1,
7290012962448,false,מדליק פחם נוזלי 250 מל,אינטרסן 1996 בעמ,,,יח`,250,"מ""ל",false,1,10.10,4.04,false,1,
7290012962561,false,קיסמי שיניים במבוק הוסטס) (500,אינטרסן 1996 בעמ,,,יח`,1,,false,1,5.50,5.50,true,1,
7290013027399,false,לחם אנג`ל 100 בתוספת שיפון-קל 750גר,שלמה א. אנג`ל בעמ,,,יח`,750,גרם,false,1,13.90,1.85,false,1,
7290013083661,false,מטרנה אקסטרא קייר 700  גר`שלב 1,קבוצת אסם סחר שות. מוגבלת,,,יח`,700,גרם,false,1,63.90,9.13,true,1,
7290013083678,false,מטרנה אקסטרא קייר 700  גר`שלב 2,קבוצת אסם סחר שות. מוגבלת,,,יח`,700,גרם,false,1,63.90,9.13,true,1,
7290013083685,false,מטרנה אקסטרא קייר 700  גר`שלב3,קבוצת אסם סחר שות. מוגבלת,,,יח`,700,גרם,false,1,63.90,9.13,true,1,
7290013117229,false,בורקס פילו תפוא מעדנות,תנובה קפואים,,,יח`,600,גרם,false,1,24.40,4.07,false,1,
7290013117236,false,בורקס פילו פיצה מעדנות,תנובה קפואים,,,יח`,600,גרם,false,1,24.40,4.07,false,1,
7290013117243,false,בורקס פילו בולגרית מעדנות,תנובה קפואים,,,יח`,600,גרם,false,1,24.40,4.07,false,1,
7290013117410,false,בצק פריך מתוק 900 גר` מעדנות,תנובה קפואים,,,יח`,900,גרם,false,1,25.50,2.83,false,1,
7290013117427,false,בצק פריך מלוח 900 גר` מעדנות,תנובה קפואים,,,יח`,900,גרם,false,1,25.50,2.83,false,1,
7290013121103,false,שליש באגט ללא גלוטן,גורי ע.ע.ע בעמ,,,יח`,400,גרם,false,1,18.90,4.73,false,1,
7290013121127,false,לחמיני`ס גרין לייט (420 גרם),גורי ע.ע.ע בעמ,,,יח`,480,גרם,false,1,18.90,3.94,false,1,
7290013121158,false,לחמניות  סנדוויץ`גרין לייט (115x4 גרם),גורי ע.ע.ע בעמ,,,יח`,1,,false,1,18.90,18.90,false,1,
7290013121752,false,לחם לבן ביתי ללא גלוטן,גורי ע.ע.ע בעמ,,,יח`,700,גרם,false,1,21.90,3.13,false,1,
7290013128324,false,ענבים שחורים,לכיש מושב עובדים להתישבות*30 י,,,"ק""ג",1,,true,1,15.90,15.90,false,1,
7290013144171,false,תערובת עוגת שוקולד 560 גר`,א.ל.ייצור ושיווק תבלינים בעמ,,,יח`,560,גרם,false,1,19.90,3.55,true,1,
7290013144195,false,תערובת כדורי שוקולד 500 גר`,א.ל.ייצור ושיווק תבלינים בעמ,,,יח`,500,גרם,false,1,19.90,3.98,true,1,
7290013144218,false,תערובת עוגת וניל מימונס (560 גרם),א.ל.ייצור ושיווק תבלינים בעמ,,,יח`,560,גרם,false,1,19.90,3.55,true,1,
7290013144393,false,תמצית אפיה בטעם וניל מימונס (50 מל),א.ל.ייצור ושיווק תבלינים בעמ,,,יח`,50,גרם,false,1,5.90,11.80,false,1,
7290013144409,false,תמצית אפיה בטעם רום מימונס (50 מל),א.ל.ייצור ושיווק תבלינים בעמ,,,יח`,50,גרם,false,1,5.90,11.80,false,1,
7290013144539,false,צבע מאכל אדום מימונס (50 מל),א.ל.ייצור ושיווק תבלינים בעמ,,,יח`,50,גרם,false,1,6.90,13.80,false,1,
7290013144751,false,סירופ מייפל מימונס (500 גרם),א.ל.ייצור ושיווק תבלינים בעמ,,,יח`,500,"מ""ל",false,1,16.90,3.38,true,1,
7290013144768,false,סירופ שוקולד מימונס (500 גרם),א.ל.ייצור ושיווק תבלינים בעמ,,,יח`,500,"מ""ל",false,1,16.90,3.38,true,1,
7290013144911,false,מיקס שוקולד צ`יפס מריר וחלב 250 גר`,א.ל.ייצור ושיווק תבלינים בעמ,,,יח`,250,גרם,false,1,15.90,6.36,false,1,
7290013145109,false,שקד מולבן טחון מימונס (100 גרם),א.ל.ייצור ושיווק תבלינים בעמ,,,יח`,100,גרם,false,1,11.90,11.90,true,1,
7290013145178,false,קוקוס לבן טחון מימונס (100 גרם),א.ל.ייצור ושיווק תבלינים בעמ,,,יח`,100,גרם,false,1,6.90,6.90,false,1,
7290013145192,false,שומשום מימונס (100 גרם),א.ל.ייצור ושיווק תבלינים בעמ,,,יח`,100,גרם,false,1,6.90,6.90,false,1,
7290013145215,false,שומשום מימונס (400 גרם),א.ל.ייצור ושיווק תבלינים בעמ,,,יח`,400,גרם,false,1,14.90,3.73,false,1,
7290013145390,false,שוקולד צ`יפס מימונס (250 גרם),א.ל.ייצור ושיווק תבלינים בעמ,,,יח`,250,גרם,false,1,11.90,4.76,false,1,
7290013145406,false,שוקולד צ`יפס לבן מימונס (250 גרם),א.ל.ייצור ושיווק תבלינים בעמ,,,יח`,250,גרם,false,1,11.90,4.76,false,1,
7290013145437,false,שוקולד צ`יפס 45% מימונס (250 גרם),א.ל.ייצור ושיווק תבלינים בעמ,,,יח`,250,גרם,false,1,14.90,5.96,false,1,
7290013145628,false,סוכריות צבעוניות לקישוט 200 גר,א.ל.ייצור ושיווק תבלינים בעמ,,,יח`,200,גרם,false,1,10.90,5.45,false,1,
7290013145840,false,סוכר וניל מימונס (10x10 גרם),א.ל.ייצור ושיווק תבלינים בעמ,,,יח`,10,יח`,false,1,3.90,0.39,false,1,
7290013145857,false,אבקת אפיה מימונס (10x10 גרם),א.ל.ייצור ושיווק תבלינים בעמ,,,יח`,10,יח`,false,1,3.90,0.39,false,1,
7290013145901,false,סודה לשתיה מימונס (100 גרם),א.ל.ייצור ושיווק תבלינים בעמ,,,יח`,50,גרם,false,1,4.90,9.80,false,1,
7290013145918,false,אבקת סוכר מימונס (100 גרם),א.ל.ייצור ושיווק תבלינים בעמ,,,יח`,100,גרם,false,1,4.90,4.90,false,1,
7290013145956,false,שמרים יבשים בואקום מימונס (500 גרם),א.ל.ייצור ושיווק תבלינים בעמ,,,יח`,500,גרם,false,1,13.90,2.78,false,1,
7290013145963,false,שמרים יבשים בואקום מימונס (125 גרם),א.ל.ייצור ושיווק תבלינים בעמ,,,יח`,125,גרם,false,1,6.90,5.52,false,1,
7290013145970,false,קורנפלור מימונס (200 גרם),א.ל.ייצור ושיווק תבלינים בעמ,,,יח`,200,גרם,false,1,5.90,2.95,false,1,
7290013146656,false,כוכבים תכלת ירוק לבן לקישוט 60  גר`מימונ,א.ל.ייצור ושיווק תבלינים בעמ,,,יח`,60,גרם,false,1,12.90,21.50,false,1,
7290013146670,false,סוכריות לב סגול לבן לקישוט 60 מימונס,א.ל.ייצור ושיווק תבלינים בעמ,,,יח`,60,גרם,false,1,12.90,21.50,true,1,
7290013146816,false,אבקת סוכר שקית 500 מימונס,א.ל.ייצור ושיווק תבלינים בעמ,,,יח`,500,גרם,false,1,7.90,1.58,false,1,
7290013215017,false,דואט פטריות-יחידה,חוות השמפיניון בעמ,,,יח`,1,,false,1,18.90,18.90,false,1,
7290013220042,false,מיקס טרופי א.מ שרון (500 גרם),א.מ. שרון שיווק (2014) בעמ,,,יח`,500,גרם,false,1,24.90,4.98,true,1,
7290013220103,false,דובדבן קפוא א.מ שרון (500 גרם),א.מ. שרון שיווק (2014) בעמ,,,יח`,500,גרם,false,1,24.90,4.98,true,1,
7290013220134,false,מיקס פירות שדה א.מ שרון (500 גרם),א.מ. שרון שיווק (2014) בעמ,,,יח`,500,גרם,false,1,24.90,4.98,true,1,
7290013221018,false,מנגו קפוא 500 גר`,א.מ. שרון שיווק (2014) בעמ,,,יח`,500,גרם,false,1,24.90,4.98,true,1,
7290013268020,false,סנו מקסימה מרכך 1 ליטר כחול פסים,החברה הדרומית לשיווק בעמ,,,יח`,1,1 ליטר,false,1,18.90,18.90,true,1,
7290013268037,false,סנו מקסימה מרכך 1 ליטר סגול,החברה הדרומית לשיווק בעמ,,,יח`,1,1 ליטר,false,1,18.90,18.90,true,1,
7290013268891,false,אוקסיג`ן ג`ל 3 ליטר,החברה הדרומית לשיווק בעמ,,,יח`,3,1 ליטר,false,1,32.60,10.87,true,1,
7290013268907,false,מקסימה ג`ל כביסה 3 ליטר,החברה הדרומית לשיווק בעמ,,,יח`,3,1 ליטר,false,1,34.60,11.53,true,1,
7290013268983,false,סנו מקסימה מרכך 1 ליטר MOMENTS OF JOY,החברה הדרומית לשיווק בעמ,,,יח`,1,1 ליטר,false,1,18.90,18.90,true,1,
7290013269003,false,סנו מקסימה מרכך 1 ליטר כחול בייבי,החברה הדרומית לשיווק בעמ,,,יח`,1000,"מ""ל",false,1,20.90,2.09,true,1,
7290013269348,false,סנו K3 תחנת פיתיון 4 יח,החברה הדרומית לשיווק בעמ,,,יח`,1,,false,1,49.90,49.90,true,1,
7290013269621,false,ריצפז פרש הום בניחוח מלון בוטיק 2 ליטר,החברה הדרומית לשיווק בעמ,,,יח`,2,1 ליטר,false,1,22.90,11.45,true,1,
7290013269645,false,ריצפז פרש מטליות חד פעמיות 10 יח`,החברה הדרומית לשיווק בעמ,,,יח`,1,,false,1,12.90,12.90,true,1,
7290013269751,false,ריצפז פרש מטליות חד פעמיות 10 יח`,החברה הדרומית לשיווק בעמ,,,יח`,1,,false,1,12.90,12.90,true,1,
7290013284075,false,פריניר טבעות זיתים מושחרים 560ג.,אבאל יזמות בעמ,,,יח`,560,גרם,false,1,8.90,1.59,true,1,
7290013284082,false,פריניר זית מושחר ללא גלעין 560ג,אבאל יזמות בעמ,,,יח`,560,גרם,false,1,8.90,1.59,true,1,
7290013284105,false,פריניר זיתים טבעות ירוק a2,אבאל יזמות בעמ,,,יח`,560,גרם,false,1,8.50,1.52,true,1,
7290013284112,false,פריניר זיתים חרוזית ירוק a2,אבאל יזמות בעמ,,,יח`,0,גרם,false,1,8.50,8.50,true,1,
7290013284136,false,פריניר מלפפון במלח 7-9 560ג.,אבאל יזמות בעמ,,,יח`,560,גרם,false,1,6.90,1.23,true,1,
7290013284143,false,פריניר מלפפונים במלח 10-12 560ג.,אבאל יזמות בעמ,,,יח`,560,גרם,false,1,7.90,1.41,true,1,
7290013284150,false,פריניר מלפפונים במלח 13-17 560ג,אבאל יזמות בעמ,,,יח`,560,גרם,false,1,9.90,1.77,true,1,
7290013284167,false,פריניר מלפפון במלח 18-25,אבאל יזמות בעמ,,,יח`,560,גרם,false,1,9.90,1.77,true,1,
7290013284174,false,פריניר מלפפונים בחומץ 7-9 560גר.,אבאל יזמות בעמ,,,יח`,560,גרם,false,1,6.90,1.23,true,1,
7290013284181,false,פריניר מלפפונים בחומץ10-12 560ג.,אבאל יזמות בעמ,,,יח`,560,גרם,false,1,7.90,1.41,true,1,
7290013284198,false,פריניר מלפפון בחומץ 13-17,אבאל יזמות בעמ,,,יח`,1,,false,1,9.90,9.90,true,1,
7290013284310,false,רוטב פסטה 240  גר`פריניר,אבאל יזמות בעמ,,,יח`,240,גרם,false,1,5.90,2.46,true,1,
7290013284662,false,רוטב פיצה 240  גר`פריניר,אבאל יזמות בעמ,,,יח`,240,גרם,false,1,5.90,2.46,true,1,
7290013310019,false,קיסמי שיניים רפואיים+חוט  דנטאלי,אינטרסן 1996 בעמ,,,יח`,1,,false,1,6.90,6.90,false,1,
7290013310163,false,מדליקי פחם מוצק איזי לייט) (40,אינטרסן 1996 בעמ,,,יח`,1,,false,1,8.90,8.90,false,1,
7290013310378,false,כפפות ניטריל כחולות S איזי טאצ`) (80,אינטרסן 1996 בעמ,,,יח`,80,יח`,false,1,25.90,0.32,false,1,
7290013310385,false,כפפות ניטריל כחולות M איזי טאצ`) (80,אינטרסן 1996 בעמ,,,יח`,80,יח`,false,1,25.90,0.32,false,1,
7290013310392,false,כפפות ניטריל כחולות L איזי טאצ`) (80,אינטרסן 1996 בעמ,,,יח`,80,יח`,false,1,25.90,0.32,false,1,
7290013310408,false,כפפות ניטריל ללא אבקה XL 80 יח`,אינטרסן 1996 בעמ,,,יח`,80,יח`,false,1,25.90,0.32,false,1,
7290013358356,false,פירורי לחם מוזהבים מאסטר שף (320גרם),ש.שסטוביץ בעמ,,,יח`,320,גרם,false,1,7.90,2.47,false,1,
7290013358417,false,רוטב טריאקי מאסטר שף (300 מל),ש.שסטוביץ בעמ,,,יח`,300,"מ""ל",false,1,12.90,4.30,false,1,
7290013358462,false,מיני קרוטונים שום בצל 350 גר` מנה מאסטר,ש.שסטוביץ בעמ,,,יח`,350,גרם,false,1,19.90,5.69,false,1,
7290013358493,false,מאסטר שף אסייאתי,ש.שסטוביץ בעמ,,,יח`,400,"מ""ל",false,1,11.20,2.80,false,1,
7290013358530,false,רוטב צ`ילי מתוק מאסטר שף (700 מל),ש.שסטוביץ בעמ,,,יח`,700,"מ""ל",false,1,14.90,2.13,false,1,
7290013358547,false,רוטב צ`ילי חריף מאסטר שף (700 מל),ש.שסטוביץ בעמ,,,יח`,700,"מ""ל",false,1,14.90,2.13,false,1,
7290013358585,false,נודלס ביצים 400 גר` מנה מאסטר שף,ש.שסטוביץ בעמ,,,יח`,400,גרם,false,1,10.90,2.73,false,1,
7290013358837,false,מארז פריכיות אורז מנה ללא מלח 264 גר,ש.שסטוביץ בעמ,,,יח`,264,גרם,false,1,15.20,5.76,true,1,
7290013472892,false,הבולגריה בקוביה 200 גר,ג.וילי-פוד אינטרנשיונל **גבינו,,,יח`,200,גרם,false,1,10.90,5.45,false,1,
7290013472908,false,הבולגריה בקוביות 400 גר,ג.וילי-פוד אינטרנשיונל **גבינו,,,יח`,400,גרם,false,1,20.90,5.23,false,1,
7290013492005,false,תפוא ננסי מיקרוגל,א.אדמה (2007) בעמ,,,יח`,1,,false,1,8.90,8.90,false,1,
7290013531117,false,רוטב פסטה לילדים יכין (240 גר`),זנלכל בעמ,,,יח`,240,גרם,false,1,6.90,2.88,false,1,
7290013531612,false,רוטב נפוליטנה יכין (240 גרם),זנלכל בעמ,,,יח`,240,גרם,false,1,6.90,2.88,false,1,
7290013531759,false,שעועית לבנה מבושלת במים יכין (550 גרם),זנלכל בעמ,,,יח`,550,גרם,false,1,11.50,2.09,false,1,
7290013534057,false,צ`יפס בטטה 100 גרכשלפ,מיה תעשיות מזון מ.ת.מ. בעמ,,,יח`,100,גרם,false,1,11.20,11.20,true,1,
7290013579522,false,פילה טונה ללא עור פרוס 800  גר`סדרת המאה,בלדי בעמ,,,יח`,800,גרם,false,1,45.90,5.74,false,1,
7290013580009,false,המבורגר זהב 400  גר`בלדי,בלדי בעמ,,,יח`,400,גרם,false,1,15.90,3.98,false,1,
7290013585233,false,ספרייט זירו 330 מלסילק,החברה המרכזית להפצת משקאות בעמ,,,יח`,330,"מ""ל",false,1,4.30,1.21,true,1,
7290013585387,false,בקבוק זירו קוקה-קולה (1 ליטר),החברה המרכזית להפצת משקאות בעמ,,,יח`,1000,"מ""ל",false,1,7.90,0.76,false,1,
7290013585394,false,בקבוק קוקה-קולה (1 ליטר),החברה המרכזית להפצת משקאות בעמ,,,יח`,1000,"מ""ל",false,1,7.90,0.76,false,1,
7290013652164,false,מגבונים להסרת איפור נטורל קר,פישר תעשיות פרמצבטיות בעמ,,,יח`,1,,false,1,25.40,25.40,false,1,
7290013675811,false,פסטה א-לה רומר להקפצה 450  גר`מאמא עוף,תנובה קפואים,,,יח`,450,גרם,false,1,20.90,4.64,false,1,
7290013677648,false,שמן זית למאור(לא  למאכל),מיה תעשיות מזון מ.ת.מ. בעמ,,,יח`,1,1 ליטר,false,1,24.40,24.40,false,1,
7290013677808,false,אורז יסמין מיה (1 קג),מיה תעשיות מזון מ.ת.מ. בעמ,,,יח`,1000,גרם,false,1,14.20,1.42,false,1,
7290013677846,false,כוסמת מיה (1 קג),מיה תעשיות מזון מ.ת.מ. בעמ,,,יח`,1,"ק""ג",false,1,14.50,14.50,false,1,
7290013725769,false,נודלס עבה 400 גר`,דין שיווק וקליה 2021 בעמ,,,יח`,400,גרם,false,1,8.50,2.13,false,1,
7290013787392,false,ריקו רבילוי גבינות קלאסי 330 גר`,תנובה - חלב,,,יח`,330,גרם,false,1,27.90,8.45,false,1,
7290013847386,false,ס.ק לייט טונה 4% שומן בטעם טבעי 140 גר`,סטארקיסט דיפלומט היינץ,,,יח`,140,גרם,false,1,8.90,6.36,false,1,
7290013847454,false,טונה סטאריקיסט בשמן קנולה רביעייה 160 גר,סטארקיסט דיפלומט היינץ,,,יח`,640,גרם,false,1,25.90,4.05,true,1,
7290013847980,false,סטארקיסט שפע משקל 425 גר`,סטארקיסט דיפלומט היינץ,,,יח`,425,גרם,false,1,18.90,4.45,false,1,
7290013848383,false,ג`ל רחצה לגבר אקטיב בלוק קרמה (700 מל),החברה הדרומית לשיווק בעמ,,,יח`,700,"מ""ל",false,1,16,2.29,true,1,
7290013848611,false,רדיד אלומיניום סנו סושי (61 מטר),החברה הדרומית לשיווק בעמ,,,יח`,1,,false,1,42.90,42.90,true,1,
7290013848758,false,סנו מקסימה ג`ל מרוכז בייבי,החברה הדרומית לשיווק בעמ,,,יח`,3,1 ליטר,false,1,33.90,11.30,false,1,
7290013883407,false,דזיטול מרסס לחיטוי כללי  (750200 מל),יעקב יעקבי ובניו בעמ,,,יח`,1,,false,1,13.90,13.90,false,1,
7290013903310,false,טופו אורגני 500 יח 2 יח נפרדות ליב,ל.י.ב. (לחיות יותר בטבע) בעמ,,,יח`,500,גרם,false,1,18.90,3.78,true,1,
7290013906205,false,פסטרמה שום וצילי טירת צבי (400 גרם),תנובה קפואים,,,יח`,400,גרם,false,1,34.60,8.65,true,1,
7290013906212,false,נקניקיות וינר 1  קג`טירת צבי,תנובה קפואים,,,יח`,1,1 ליטר,false,1,34.60,34.60,true,1,
7290013906458,false,קבנוס 120  גר`פיקנטי טירת צבי,תנובה קפואים,,,יח`,120,גרם,false,1,13.20,11,false,1,
7290013906489,false,חטיפי קבנוס 120 גר` טירת צבי,תנובה קפואים,,,יח`,120,גרם,false,1,13.20,11,false,1,
7290013906687,false,צמד כפרי ברבקיו ודבש 600 גר טירת צבי,תנובה קפואים,,,יח`,600,גרם,false,1,31.60,5.27,true,1,
7290013927002,false,עוגיות דקליות בטעם שוקולד אחוה (400 גרם),אחדות בעמ,,,יח`,400,גרם,false,1,9.90,2.48,false,1,
7290013927019,false,עוגיות דקליות בטעם קינמון אחוה (400 גרם),אחדות בעמ,,,יח`,400,גרם,false,1,9.90,2.48,false,1,
7290013927026,false,עוגיות דקליות אחוה (400 גרם),אחדות בעמ,,,יח`,400,גרם,false,1,9.90,2.48,false,1,
7290013927033,false,מעמולים במגש אחוה (600 גרם),אחדות בעמ,,,יח`,600,גרם,false,1,10.90,1.82,false,1,
7290013927040,false,עוגיות ממולאות שוקולד אחוה (600 גרם),אחדות בעמ,,,יח`,600,גרם,false,1,10.90,1.82,false,1,
7290013927057,false,עוגיות שוקולד צ`יפס אחוה (400 גרם),אחדות בעמ,,,יח`,400,גרם,false,1,9.90,2.48,false,1,
7290013927064,false,עוגיות גרנולה 400 גר`,אחדות בעמ,,,יח`,400,גרם,false,1,9.90,2.48,false,1,
7290013927156,false,עוגת פירות יער ללתס 450  גר`אחוה,אחדות בעמ,,,יח`,450,גרם,false,1,13.90,3.09,false,1,
7290013927514,false,רוגעלך קינמון במגש 400  גר`אחוה,אחדות בעמ,,,יח`,400,גרם,false,1,10.90,2.73,false,1,
7290013927637,false,חלבה אחוה ללתס 400 גר`,אחדות בעמ,,,יח`,400,גרם,false,1,13.90,3.48,false,1,
7290013927996,false,עוגת שמרים קרנץ בטעם שוקולד 400  גר`אחוו,אחדות בעמ,,,יח`,400,גרם,false,1,11.90,2.98,false,1,
7290014002203,false,חליטת לימונית לואיזה ויסוצקי) (25,תה ויסוצקי (ישראל) בעמ,,,יח`,37.50,גרם,false,1,17.90,47.73,true,1,
7290014002944,false,תה חמדת השקד ויסוצקי הגן הקסום) (25,תה ויסוצקי (ישראל) בעמ,,,יח`,1,,false,1,17.90,17.90,true,1,
7290014046047,false,צמד פסטרמות 600 גר` יחיעם,מעדני יחיעם (1993) בעמ,,,יח`,600,גרם,false,1,26.90,4.48,true,1,
7290014046474,false,נקניקיות עוף 1.5 קג,מעדני יחיעם (1993) בעמ,,,יח`,1.50,"ק""ג",false,1,31.60,21.07,true,1,
7290014046580,false,פסטרמה מעודנת על גחלים יחיעם (300 גרם),מעדני יחיעם (1993) בעמ,,,יח`,300,גרם,false,1,25.40,8.47,true,1,
7290014059436,false,סנסודיין שיקום והגנה מלבינה 75 מל,גורי ע.ע.ע בעמ,,,יח`,75,"מ""ל",false,1,24.90,33.20,true,1,
7290014083813,false,שפורטים בשמן וילי פוד (190 גרם),ג.וילי-פוד אינטרנשיונל בעמ,,,יח`,190,גרם,false,1,8.90,4.68,false,1,
7290014094352,false,אגוז מלך טבעי ששון הקולה (200 גרם),דין שיווק וקליה 2021 בעמ,,,יח`,200,גרם,false,1,15.90,7.95,true,1,
7290014094369,false,שקד טבעי קלוף ששון הקולה (200 גרם),דין שיווק וקליה 2021 בעמ,,,יח`,200,גרם,false,1,22.90,11.45,false,1,
7290014094376,false,שזיפים ללא גלעין 250 גר`,דין שיווק וקליה 2021 בעמ,,,יח`,250,גרם,false,1,25.90,10.36,false,1,
7290014094383,false,משמש בקופסא ששון הקולה 250 גר`,דין שיווק וקליה 2021 בעמ,,,יח`,250,גרם,false,1,25.90,10.36,false,1,
7290014094390,false,חמוציות מסוכרות ששון הקולה 250 גר`,דין שיווק וקליה 2021 בעמ,,,יח`,250,גרם,false,1,13.90,5.56,false,1,
7290014094505,false,אורז בסמטי אהרוני (1 קג),דין שיווק וקליה 2021 בעמ,,,יח`,1,"ק""ג",false,1,13.50,13.50,false,1,
7290014094628,false,פקאן טבעי ששון הקולה (200 גרם),דין שיווק וקליה 2021 בעמ,,,יח`,200,גרם,false,1,28.90,14.45,false,1,
7290014094796,false,משמש מיובש ומסוכר 300 גר` בשקית ששון הקו,דין שיווק וקליה 2021 בעמ,,,יח`,300,גרם,false,1,21.90,7.30,true,1,
7290014094826,false,שזיפים ללא גלעין 300 גר,דין שיווק וקליה 2021 בעמ,,,יח`,300,גרם,false,1,23.90,7.97,true,1,
7290014094833,false,צימוק לבן שקית 300 גר`,דין שיווק וקליה 2021 בעמ,,,יח`,300,גרם,false,1,15.90,5.30,true,1,
7290014094840,false,צימוק חום 300 גר ששון הקולה,דין שיווק וקליה 2021 בעמ,,,יח`,300,גרם,false,1,10.90,3.63,false,1,
7290014094895,false,אגוזי מלך קלופים ששון הקולה (150 גרם),דין שיווק וקליה 2021 בעמ,,,יח`,150,גרם,false,1,10.90,7.27,true,1,
7290014094901,false,פקאן טבעי 150 גר`,דין שיווק וקליה 2021 בעמ,,,יח`,150,גרם,false,1,20.90,13.93,false,1,
7290014095861,false,שיבולת שועל דקה שקדיה (500 גרם),דין שיווק וקליה 2021 בעמ,,,יח`,500,גרם,false,1,7.10,1.42,true,1,
7290014095960,false,שיבולת שועל עבה שקדיה (500 גרם),דין שיווק וקליה 2021 בעמ,,,יח`,500,גרם,false,1,7.10,1.42,true,1,
7290014126428,false,סטיביה מרמולייט) (150,דנשר (1963) בעמ,,,יח`,150,גרם,false,1,35.60,23.73,false,1,
7290014187764,false,עגבניות כתושות,ויטה -פרי גליל (החדשה) בעמ,,,יח`,400,גרם,false,1,5.60,1.40,false,1,
7290014217003,false,פפריקה מעושנת 90 גר`,תבליני טעם וריח בעמ,,,יח`,90,גרם,false,1,9.90,11,true,1,
7290014217157,false,תיבול טוסקנה 120 גר`,תבליני טעם וריח בעמ,,,יח`,120,גרם,false,1,9.90,8.25,true,1,
7290014217225,false,גריל עוף 120 גר`,תבליני טעם וריח בעמ,,,יח`,120,גרם,false,1,9.90,8.25,true,1,
7290014217263,false,תיבול לפרגית 100 גר`,תבליני טעם וריח בעמ,,,יח`,100,גרם,false,1,9.90,9.90,true,1,
7290014217492,false,תיבול פילדלפיה 100 גר`,תבליני טעם וריח בעמ,,,יח`,100,גרם,false,1,9.90,9.90,true,1,
7290014218505,false,פיצות 360 גר` שלישייה מעדנות,תנובה קפואים,,,יח`,1080,גרם,false,1,32.90,3.05,false,1,
7290014256637,false,יין ספארקלינג מוסקטו 750 מל BUZZ,אגודת הכורמים,,,יח`,750,"מ""ל",false,1,28.90,3.81,true,1,
7290014325128,false,לקקנים בטעם פירות טרופי 220 גר`,מיה תעשיות מזון מ.ת.מ. בעמ,,,יח`,220,גרם,false,1,10.90,4.95,false,1,
7290014397286,false,מקסימה מרכך מרוכז חלב ודבש סנו (1 ליטר),החברה הדרומית לשיווק בעמ,,,יח`,1,1 ליטר,false,1,18.90,18.90,true,1,
7290014397453,false,אוקסיג`ן ג`ל 3 ליטר כביסה לבנה,החברה הדרומית לשיווק בעמ,,,יח`,3,1 ליטר,false,1,32.60,10.87,true,1,
7290014397675,false,מקסימה מרכך חלב ודבש סנו (4 ליטר),החברה הדרומית לשיווק בעמ,,,יח`,4,1 ליטר,false,1,22.40,5.60,true,1,
7290014426061,false,משחת שיניים לילדים הלו קיטי כצט (50 מל),גורי ע.ע.ע בעמ,,,יח`,50,"מ""ל",false,1,12.90,25.80,false,1,
7290014435704,false,סלמון מעושן 100 גר,סלטי שמיר 2006 בעמ,,,יח`,100,גרם,false,1,22.90,22.90,false,1,
7290014435803,false,מטיאס הולנדי פרובנציאל עם בצל בשמן 200,סלטי שמיר 2006 בעמ,,,יח`,200,גרם,false,1,19.90,9.95,false,1,
7290014435810,false,הרינג כבוש עם בצל במרינת חמוץ מתוק 220 ג,סלטי שמיר 2006 בעמ,,,יח`,220,גרם,false,1,19.90,9.05,false,1,
7290014435834,false,מקרל מעושן פרוס בשמן 190 גר,סלטי שמיר 2006 בעמ,,,יח`,190,גרם,false,1,25.90,13.63,false,1,
7290014435841,false,פילה מטיאס  הולנדי בשמן 200 גר,סלטי שמיר 2006 בעמ,,,יח`,200,גרם,false,1,19.90,9.95,false,1,
7290014455252,false,גבינת גרנה פדנו מגורדת 29% גד (100 גרם),מחלבות גד שיווק 1992 בעמ,,,יח`,100,גרם,false,1,14.90,14.90,false,1,
7290014459137,false,סטייק צ`יפס תפוגן (1.5 קג),קבוצת אסם סחר שות. מוגבלת,,,יח`,1500,גרם,false,1,26.50,1.77,false,1,
7290014459373,false,צ`יפס קראנצ`י לתנור תפוגן (1.5 קג),קבוצת אסם סחר שות. מוגבלת,,,יח`,1500,גרם,false,1,25.90,1.73,false,1,
7290014459472,false,תפוגן אמריקאן צ`יפס 2 קג`,קבוצת אסם סחר שות. מוגבלת,,,יח`,2,"ק""ג",false,1,31.60,15.80,false,1,
7290014471412,false,מוזלי בוטנים אגוזים ושקדים 1קג - שקדיה,דין שיווק וקליה 2021 בעמ,,,יח`,1,"ק""ג",false,1,21.40,21.40,true,1,
7290014471429,false,מוזלי עם פירות שקדיה (1 קג),דין שיווק וקליה 2021 בעמ,,,יח`,1,"ק""ג",false,1,21.40,21.40,true,1,
7290014472136,false,גרעין שחור קלוי ששון הקולה (150 גרם),דין שיווק וקליה 2021 בעמ,,,יח`,150,גרם,false,1,5.90,3.93,true,1,
7290014472471,false,גרעינים שחור ענק 200  גר`פרימיום ששון הק,דין שיווק וקליה 2021 בעמ,,,יח`,200,גרם,false,1,6.90,3.45,false,1,
7290014472488,false,שקד קלויים 250  גר`ששון הקולה,דין שיווק וקליה 2021 בעמ,,,יח`,250,גרם,false,1,25.90,10.36,false,1,
7290014472495,false,קשיו קלוי 250  גר`פרימיום ששון הקולה,דין שיווק וקליה 2021 בעמ,,,יח`,250,גרם,false,1,20.90,8.36,false,1,
7290014472501,false,פיסטוק קלוי 250  גר`פרימיום ששון הקולה,דין שיווק וקליה 2021 בעמ,,,יח`,250,גרם,false,1,25.90,10.36,false,1,
7290014472518,false,בוטנים קלוים 250  גר`פרימיום ששון הקולה,דין שיווק וקליה 2021 בעמ,,,יח`,250,גרם,false,1,9.90,3.96,false,1,
7290014472525,false,תערובת פיצוחים 250  גר`פרימיום ששון הקול,דין שיווק וקליה 2021 בעמ,,,יח`,250,גרם,false,1,20.90,8.36,false,1,
7290014503137,false,יין אדום יבש יובלים יקב דלתון (750 מל),הכרם - משקאות חריפים בעמ,,,יח`,750,"מ""ל",false,1,50.90,6.75,true,1,
7290014525009,false,מרבה סלים פרוט בטעם יוגורט ותפוח,ש.שסטוביץ בעמ,,,יח`,182,גרם,false,1,14.90,8.19,true,1,
7290014525023,false,מרבה סלים פרוט בטעם פירות יער,ש.שסטוביץ בעמ,,,יח`,182,גרם,false,1,14.90,8.19,true,1,
7290014525177,false,מרבה סלים פרוט בטעם יוגורט ופירות יער,ש.שסטוביץ בעמ,,,יח`,120,גרם,false,1,14.90,12.42,true,1,
7290014525290,false,סלים דליס קריספי תות מרבה (125 גרם),ש.שסטוביץ בעמ,,,יח`,120,גרם,false,1,14.90,12.42,true,1,
7290014525306,false,סלים דליס קריספי אוכמניות מרבה (125 גרם),ש.שסטוביץ בעמ,,,יח`,125,גרם,false,1,14.90,11.92,true,1,
7290014525672,false,מרבה על חלל עוגיות עם סוכריות,ש.שסטוביץ בעמ,,,יח`,140,גרם,false,1,9.90,7.07,false,1,
7290014555082,false,מים מזוקקים 4 ליטר מקסול,סאסאטק אגשח בעמ,,,יח`,4000,"מ""ל",false,1,10.90,0.27,false,1,
7290014648081,false,סכיני גילוח חדפ 10 יחידות,פארמה דיל (פ.א.ב.) שיווק והפצה,,,יח`,1,,false,1,10.90,10.90,false,1,
7290014648098,false,סכיני גילוח חמישייה-חד  פעמי,פארמה דיל (פ.א.ב.) שיווק והפצה,,,יח`,1,,false,1,12.20,12.20,false,1,
7290014648142,false,LA BELLE סמק  -70% 100אלכוהול,פארמה דיל (פ.א.ב.) שיווק והפצה,,,יח`,1,,false,1,7.90,7.90,false,1,
7290014648593,false,מקלוני אוזניים פלסטיק 300  יח`LA BELLE,פארמה דיל (פ.א.ב.) שיווק והפצה,,,יח`,1,,false,1,3.90,3.90,false,1,
7290014648692,false,כדורי צמר גפן 72 יח LA BELLE,פארמה דיל (פ.א.ב.) שיווק והפצה,,,יח`,1,,false,1,7.90,7.90,false,1,
7290014648906,false,LA BELLEמסיר לק מהציפורניים 100 מל,פארמה דיל (פ.א.ב.) שיווק והפצה,,,יח`,100,"מ""ל",false,1,3.90,3.90,false,1,
7290014648937,false,קיסמי שיניים משולבים בחוט דנטלי בטעם מנט,פארמה דיל (פ.א.ב.) שיווק והפצה,,,יח`,1,,false,1,9.90,9.90,false,1,
7290014648944,false,קיסמי מברשת דו צדדים 300 יח,פארמה דיל (פ.א.ב.) שיווק והפצה,,,יח`,1,,false,1,9.90,9.90,false,1,
7290014673397,false,תיבול לגריל עוף 250 גר`,א.ל.ייצור ושיווק תבלינים בעמ,,,יח`,250,גרם,false,1,23.40,9.36,false,1,
7290014673434,false,פלפל שחור גרוס דק שקית 80 גר`,א.ל.ייצור ושיווק תבלינים בעמ,,,יח`,80,גרם,false,1,11.20,14,false,1,
7290014692299,false,גבינת ברי 125 גר,ג.וילי-פוד אינטרנשיונל **גבינו,,,יח`,125,גרם,false,1,14.90,11.92,false,1,
7290014692305,false,גבינת קממבר 125 גר,ג.וילי-פוד אינטרנשיונל **גבינו,,,יח`,125,גרם,false,1,14.90,11.92,false,1,
7290014692336,false,שיני שום במי מלח 340 גרם,ג.וילי-פוד אינטרנשיונל בעמ,,,יח`,340,גרם,false,1,13.20,3.88,false,1,
7290014692541,false,פתיתים מגורדת וילי פוד (500  גרם)GOLDEN,ג.וילי-פוד אינטרנשיונל **גבינו,,,יח`,500,גרם,false,1,20.90,4.18,false,1,
7290014692565,false,גרעיני תירס מתוק וילי פוד (320 גרם),ג.וילי-פוד אינטרנשיונל בעמ,,,יח`,320,גרם,false,1,5.50,1.72,false,1,
7290014749245,false,צונגו רצועות שניצל שומשום 600  גר`עוף טו,קבוצת אסם סחר שות. מוגבלת,,,יח`,600,גרם,false,1,33.90,5.65,true,1,
7290014749764,false,שניצל עוף ביתי עדין כזה 700  גר`עוף טוב,קבוצת אסם סחר שות. מוגבלת,,,יח`,700,גרם,false,1,46.90,6.70,true,1,
7290014749863,false,שניצל דק דק ענק קריספי צ`יפס 720 גר`,קבוצת אסם סחר שות. מוגבלת,,,יח`,720,גרם,false,1,37.70,5.24,true,1,
7290014749887,false,עוף טוב שניצל דקענק קריספי 720 גר`,קבוצת אסם סחר שות. מוגבלת,,,יח`,720,גרם,false,1,37.70,5.24,true,1,
7290014758100,false,יוגורט ביו 3% תנובה (150x8 גרם),תנובה - חלב,,,יח`,1200,גרם,false,1,16.90,1.41,false,1,
7290014758117,false,יוגורט ביו 1.5% תנובה (150x8 גרם),תנובה - חלב,,,יח`,1200,גרם,false,1,16.90,1.41,false,1,
7290014758162,false,חלב עיזים מלא 3.6% שומן תנובה (1 ליטר),תנובה - חלב,,,יח`,1,1 ליטר,false,1,15.30,15.30,false,1,
7290014759084,false,גבינת נפוליאון 225  גר`16% גביע,תנובה - חלב,,,יח`,225,גרם,false,1,14.90,6.62,false,1,
7290014759985,false,פרמזן פלח גבע 23% 200  גר`קולקשיין תנובה,תנובה - חלב,,,יח`,200,גרם,false,1,23.90,11.95,false,1,
7290014760134,false,מעדן סויה בטעם וניל 125  גר`תנובה,תנובה - חלב,,,יח`,125,גרם,false,1,4.60,3.68,false,1,
7290014760141,false,משקה שקדים טרי תנובה (1 ליטר),תנובה - חלב,,,יח`,1000,"מ""ל",false,1,12.20,1.22,false,1,
7290014760448,false,גבינה צהובה 22% שומן גלבוע (400 גרם),תנובה - חלב,,,יח`,400,גרם,false,1,22.90,5.73,false,1,
7290014760912,false,גבינה צהובה 28% מהדרין גוש חלב (400 גרם),תנובה - חלב,,,יח`,400,גרם,false,1,25.90,6.48,false,1,
7290014761018,false,גיל בטעם וניל,תנובה - חלב,,,יח`,125,"מ""ל",false,1,1.60,1.28,false,1,
7290014761056,false,מעדן שוקולד חלב יולו (123 גרם),תנובה - חלב,,,יח`,123,"מ""ל",false,1,4.90,3.98,false,1,
7290014761063,false,מעדן שוקולד מריר יולו (123 גרם),תנובה - חלב,,,יח`,123,"מ""ל",false,1,4.90,3.98,false,1,
7290014761070,false,מעדן שוקולד לבן יולו (123 גרם),תנובה - חלב,,,יח`,123,"מ""ל",false,1,4.90,3.98,false,1,
7290014761193,false,יוגורט עם פירות יער 1.5% פרילי (125 גרם),תנובה - חלב,,,יח`,125,"מ""ל",false,1,3.50,2.80,false,1,
7290014761414,false,יולו מעדן שכבות שוקולד חלבי לבן,תנובה - חלב,,,יח`,123,"מ""ל",false,1,4.90,3.98,false,1,
7290014761438,false,פיראוס  בולגרית- 400 גר 24%,תנובה - חלב,,,יח`,400,גרם,false,1,28.50,7.13,false,1,
7290014761612,false,יולו מעדן שכבות שוקולד מריר לבן,תנובה - חלב,,,יח`,123,"מ""ל",false,1,4.90,3.98,false,1,
7290014762756,false,גבינת שמנת 16% עם בצל נפוליאון (225 גרם),תנובה - חלב,,,יח`,225,גרם,false,1,14.90,6.62,false,1,
7290014762800,false,מעדן סויה טעם שוקולד 125,תנובה - חלב,,,יח`,125,גרם,false,1,4.60,3.68,false,1,
7290014762831,false,גבינת נפוליאון 225  גר`חלפיניו גביע,תנובה - חלב,,,יח`,225,גרם,false,1,14.90,6.62,false,1,
7290014762848,false,פתיתי גלבוע 22% 500 גר,תנובה - חלב,,,יח`,500,גרם,false,1,34.60,6.92,false,1,
7290014762909,false,פתיתי מוצרלה 200 גרם,תנובה - חלב,,,יח`,200,גרם,false,1,15.90,7.95,false,1,
7290014785076,false,קרם קוקוס ללא חומר משמר 400מל כשר,טחנת האבן קואופ בעמ,,,יח`,400,"מ""ל",false,1,11.90,2.98,false,1,
7290014785564,false,אטריות אודון מוכנות 200 גר`,טחנת האבן קואופ בעמ,,,יח`,200,גרם,false,1,5.50,2.75,true,1,
7290014789913,false,שלישיית עוגיות אוראו קרם וניל,דיפלומט היינץ,,,יח`,1,,false,1,27.50,27.50,false,1,
7290014791336,false,מי עדן ספורט 1,יפאורה,,,יח`,1000,"מ""ל",false,1,3.90,0.36,false,1,
7290014855458,false,מגבונים בייביסיטר רביעייה,שקד תבל בעמ,,,יח`,1,,false,1,19.30,19.30,true,1,
7290014901896,false,מי פה קולמינט סנסודיין (500 מל),גורי ע.ע.ע בעמ,,,יח`,500,"מ""ל",false,1,26.90,5.38,true,1,
7290014905160,false,הפי מבשם פניני ריח יעקבי (130 גרם),יעקב יעקבי ובניו בעמ,,,יח`,1,,false,1,11.90,11.90,false,1,
7290014940901,false,לחם פשוט מלא לילדים פרוס אנג`ל (750 גרם),שלמה א. אנג`ל בעמ,,,יח`,500,גרם,false,1,14.50,2.90,false,1,
7290015037204,false,כרוב לבן 400  גר`חסלט,יעל ירק עלים לשיווק בעמ,,,יח`,400,גרם,false,1,11.90,2.98,false,1,
7290015037235,false,חסה אייזנברג קצוצה 300 גר חסלט,יעל ירק עלים לשיווק בעמ,,,יח`,300,גרם,false,1,12.90,4.30,false,1,
7290015037242,false,לקט ים תיכוני 350 גר חסלט,יעל ירק עלים לשיווק בעמ,,,יח`,350,גרם,false,1,12.90,3.69,false,1,
7290015037273,false,פטרוזיליה חסלט,יעל ירק עלים לשיווק בעמ,,,יח`,1,,false,1,6.40,6.40,false,1,
7290015037280,false,כוסברה חסלט,יעל ירק עלים לשיווק בעמ,,,יח`,1,,false,1,6.40,6.40,false,1,
7290015037297,false,שמיר חסלט,יעל ירק עלים לשיווק בעמ,,,יח`,1,,false,1,6.40,6.40,false,1,
7290015037419,false,סלרי חסלט,יעל ירק עלים לשיווק בעמ,,,יח`,1,,false,1,7.40,7.40,false,1,
7290015037433,false,חסה רגילה חסלט,יעל ירק עלים לשיווק בעמ,,,יח`,1,,false,1,7.40,7.40,false,1,
7290015037440,false,כרוב לבן שלם חסלט,יעל ירק עלים לשיווק בעמ,,,"ק""ג",0,"ק""ג",true,1,14.90,14.90,false,1,
7290015037457,false,כרוב אדום שלם 1 קג חסלט,יעל ירק עלים לשיווק בעמ,,,"ק""ג",1,"ק""ג",true,1,15.60,15.60,false,1,
7290015039246,false,טונה בשמן רביעייה 160  גר- וילי פוד,ג.וילי-פוד אינטרנשיונל בעמ,,,יח`,640,גרם,false,1,22.90,3.58,true,1,
7290015039338,false,טונה במים רביעייה 160  גר- וילי פוד,ג.וילי-פוד אינטרנשיונל בעמ,,,יח`,640,גרם,false,1,22.90,3.58,true,1,
7290015039482,false,גבינת אדם 230  גר`פלח 24% שומן,ג.וילי-פוד אינטרנשיונל **גבינו,,,יח`,230,גרם,false,1,22.90,9.96,true,1,
7290015129121,false,אטריות גל קונג`אק נודלס ללא גלוטן סקיני,נטורפוד בעמ,,,יח`,270,גרם,false,1,10.90,4.04,false,1,
7290015129251,false,איטריות גל קונג`אק בצורת פסטה פטוצ`יני ס,נטורפוד בעמ,,,יח`,270,גרם,false,1,10.90,4.04,false,1,
7290015150088,false,מחית עגבניות קלה בלה איטליה (700 גרם),תה ויסוצקי (ישראל) בעמ,,,יח`,700,גרם,false,1,15.20,2.17,true,1,
7290015150118,false,עגבניות חתוכות דק בלה איטליה 3*400,תה ויסוצקי (ישראל) בעמ,,,יח`,1.20,"ק""ג",false,1,18.90,15.75,false,1,
7290015155823,false,פאוץ`פרינוק תפוח 120 גר`,גורי מוצרי צריכה (1991) בעמ,,,יח`,120,גרם,false,1,6.50,5.42,true,1,
7290015155830,false,פאוץ`פרינוק תפוח בננה 120 גר`,גורי מוצרי צריכה (1991) בעמ,,,יח`,120,גרם,false,1,6.50,5.42,true,1,
7290015155847,false,פאוץ`פרינוק מחית סלט פירות 120 גר,גורי מוצרי צריכה (1991) בעמ,,,יח`,120,גרם,false,1,6.50,5.42,true,1,
7290015156776,false,פאוץ`פרינוק פירות טרופיים 120 גר`,גורי מוצרי צריכה (1991) בעמ,,,יח`,120,גרם,false,1,6.50,5.42,true,1,
7290015156790,false,פאוץ`פרינוק לפתן פירות 120 גר`,גורי מוצרי צריכה (1991) בעמ,,,יח`,120,גרם,false,1,6.50,5.42,true,1,
7290015193849,false,קרקר עם מלח 300  גר`ארומה,רזיט שיווק בעמ,,,יח`,300,גרם,false,1,7.90,2.63,false,1,
7290015253055,false,פחמים 2קג,פחם קוואנגו סחר בעמ,,,יח`,2000,גרם,false,1,11.90,0.60,false,1,
7290015282000,false,איקרה אדומה 200גר,סלטי שמיר 2006 בעמ,,,יח`,200,גרם,false,1,13.90,6.95,false,1,
7290015282024,false,איקרה לבנה 200גר,סלטי שמיר 2006 בעמ,,,יח`,200,גרם,false,1,13.90,6.95,false,1,
7290015282581,false,חומוס אבו גוש עם חריף 200גר,סלטי שמיר 2006 בעמ,,,יח`,200,גרם,false,1,10.90,5.45,true,1,
7290015282604,false,טחינה מיוחדת 200גר,סלטי שמיר 2006 בעמ,,,יח`,200,גרם,false,1,10.90,5.45,true,1,
7290015282628,false,חציל בטעם כבד 200גר,סלטי שמיר 2006 בעמ,,,יח`,200,גרם,false,1,12.90,6.45,true,1,
7290015282635,false,חומוס מסבחה 200 גר,סלטי שמיר 2006 בעמ,,,יח`,200,גרם,false,1,10.90,5.45,true,1,
7290015282673,false,חציל במיונז ביתי 200גר,סלטי שמיר 2006 בעמ,,,יח`,200,גרם,false,1,10.90,5.45,true,1,
7290015282680,false,קישוא בטעם כבד 200גר,סלטי שמיר 2006 בעמ,,,יח`,200,גרם,false,1,10.90,5.45,true,1,
7290015282697,false,כרוב אדום 200גר,סלטי שמיר 2006 בעמ,,,יח`,200,גרם,false,1,10.90,5.45,true,1,
7290015282727,false,גזר מרוקאי ברוטב פיקנטי 200 גר,סלטי שמיר 2006 בעמ,,,יח`,200,גרם,false,1,12.90,6.45,true,1,
7290015282741,false,חציל תאילנדי 200 גר,סלטי שמיר 2006 בעמ,,,יח`,200,גרם,false,1,12.90,6.45,true,1,
7290015282796,false,סלט תפוח אדמה 200 גר,סלטי שמיר 2006 בעמ,,,יח`,200,גרם,false,1,12.90,6.45,true,1,
7290015320009,false,שוקולד מריר 3*100  גר`שקדיה,דין שיווק וקליה 2021 בעמ,,,יח`,300,גרם,false,1,9.90,3.30,false,1,
7290015320481,false,שוקולד מריר 60% יעד ממתקים,יעד ממתקים בעמ,,,יח`,1,,false,1,4.90,4.90,true,1,
7290015324007,false,פלפל שחור גרוס 80 גר`,תבליני טעם וריח בעמ,,,יח`,80,גרם,false,1,9.90,12.38,false,1,
7290015324014,false,פלפל שחור טחון 80 גר`,תבליני טעם וריח בעמ,,,יח`,80,גרם,false,1,9.90,12.38,false,1,
7290015324038,false,פפריקה מתוקה בשמן 80 גר`,תבליני טעם וריח בעמ,,,יח`,80,גרם,false,1,5.90,7.38,false,1,
7290015324045,false,פפריקה חריפה 80 גר`,תבליני טעם וריח בעמ,,,יח`,80,גרם,false,1,5.90,7.38,false,1,
7290015324052,false,פפריקה מתוקה 80 גר`,תבליני טעם וריח בעמ,,,יח`,80,גרם,false,1,5.90,7.38,false,1,
7290015324069,false,גריל עוף 80 גר`,תבליני טעם וריח בעמ,,,יח`,80,גרם,false,1,5.90,7.38,false,1,
7290015324076,false,זעתר מעורב 80 גר`,תבליני טעם וריח בעמ,,,יח`,80,גרם,false,1,5.90,7.38,false,1,
7290015324083,false,מלח לימון 80 גר`,תבליני טעם וריח בעמ,,,יח`,80,גרם,false,1,5.90,7.38,false,1,
7290015324090,false,כמון טחון 80 גר`,תבליני טעם וריח בעמ,,,יח`,80,גרם,false,1,5.90,7.38,false,1,
7290015324106,false,כורכום טחון 80 גר`,תבליני טעם וריח בעמ,,,יח`,80,גרם,false,1,5.90,7.38,false,1,
7290015324120,false,שום גבישי 80 גר`,תבליני טעם וריח בעמ,,,יח`,80,גרם,false,1,6.90,8.63,false,1,
7290015324151,false,חוואיג`למרק 80 גר`,תבליני טעם וריח בעמ,,,יח`,80,גרם,false,1,6.90,8.63,false,1,
7290015324168,false,תיבול על האש 80 גר`,תבליני טעם וריח בעמ,,,יח`,80,גרם,false,1,5.90,7.38,false,1,
7290015324175,false,תיבול לשווארמה 80 גר`,תבליני טעם וריח בעמ,,,יח`,80,גרם,false,1,5.90,7.38,false,1,
7290015324427,false,סודה לשתיה 80 גר`,תבליני טעם וריח בעמ,,,יח`,80,גרם,false,1,4.90,6.13,false,1,
7290015324526,false,תערובת תיבול לפרגיות 80 גר`,תבליני טעם וריח בעמ,,,יח`,80,גרם,false,1,5.90,7.38,false,1,
7290015324557,false,בהרט לבישול מיכל גדול 80 גר`,תבליני טעם וריח בעמ,,,יח`,80,גרם,false,1,9.90,12.38,true,1,
7290015324571,false,פפריקה מתוקה בשמן בסגנון מרוקאי 400 גר`,תבליני טעם וריח בעמ,,,יח`,400,גרם,false,1,19.90,4.98,false,1,
7290015324663,false,צ`לי גרוס חריף אש 70 גר`,תבליני טעם וריח בעמ,,,יח`,70,גרם,false,1,9.90,14.14,true,1,
7290015325752,false,מגבונים רביעייה אסותא,עיסא ערטול בעמ,,,יח`,1,,false,1,16.90,16.90,false,1,
7290015347488,false,סוכר דמררה שקית מיה (1 קג),מיה תעשיות מזון מ.ת.מ. בעמ,,,יח`,1,"ק""ג",false,1,13.20,13.20,false,1,
7290015366663,false,אקוה פרש 100 מל עדין,גורי ע.ע.ע בעמ,,,יח`,100,גרם,false,1,7.90,7.90,true,1,
7290015366670,false,משחת שיניים בטעם מנטה אקוהפרש (100 מל),גורי ע.ע.ע בעמ,,,יח`,100,"מ""ל",false,1,7.90,7.90,true,1,
7290015470094,false,טוסו שוקולד מריר תפוז ללא סוכר,דנשר (1963) בעמ,,,יח`,100,גרם,false,1,14.20,14.20,false,1,
7290015652087,false,תערובת פיצוחים 150 גר` בשקית,דין שיווק וקליה 2021 בעמ,,,יח`,150,גרם,false,1,13.90,9.27,true,1,
7290015652124,false,רוטב סריראצ`ה אש ולהבה אהרוני (450 מל),דין שיווק וקליה 2021 בעמ,,,יח`,450,גרם,false,1,21.40,4.76,false,1,
7290015652254,false,גרעיני חמניה קלויים ששון הקולה (400 גרם),דין שיווק וקליה 2021 בעמ,,,יח`,400,גרם,false,1,10,2.50,false,1,
7290015652261,false,בוטנים קלויים 300 גר`,דין שיווק וקליה 2021 בעמ,,,יח`,300,גרם,false,1,10,3.33,false,1,
7290015652278,false,תערובת פיצוחים 250 גר`,דין שיווק וקליה 2021 בעמ,,,יח`,250,גרם,false,1,20,8,false,1,
7290015652285,false,אגוזים קלופים דין שיווק (250 גרם),דין שיווק וקליה 2021 בעמ,,,יח`,250,גרם,false,1,20,8,false,1,
7290015652308,false,מנצ`ס 300 גר`,דין שיווק וקליה 2021 בעמ,,,יח`,300,גרם,false,1,10,3.33,false,1,
7290015652315,false,חמוציות מסוכרות ששון הקולה (300 גרם),דין שיווק וקליה 2021 בעמ,,,יח`,300,גרם,false,1,10,3.33,false,1,
7290015652407,false,פיסטוק קלוי ששון הקולה (250 גרם),דין שיווק וקליה 2021 בעמ,,,יח`,250,גרם,false,1,20,8,false,1,
7290015733168,false,מטרנה גולד שלב 3 (700 גר`),קבוצת אסם סחר שות. מוגבלת,,,יח`,700,גרם,false,1,74.90,10.70,true,1,
7290015733243,false,מטרנה אקסטרא קייר 700  גר`שלב3 מהדרין,קבוצת אסם סחר שות. מוגבלת,,,יח`,700,גרם,false,1,63.90,9.13,true,1,
7290015733427,false,מטרנה דייסת גם וגם 300  גר`וניל פרו,קבוצת אסם סחר שות. מוגבלת,,,יח`,300,גרם,false,1,19.50,6.50,true,1,
7290015733977,false,מטרנה קומפורט 700 גרם HM-O,קבוצת אסם סחר שות. מוגבלת,,,יח`,700,גרם,false,1,68.90,9.84,false,1,
7290015781046,false,יין לבן חצי יבש VISION,יקב טפרברג 1870 בעמ (יינות ומש,,,יח`,750,"מ""ל",false,1,41.90,5.55,true,1,
7290015781121,false,יין קברנה סובניון 750 מל IMPRESSION,יקב טפרברג 1870 בעמ (יינות ומש,,,יח`,750,"מ""ל",false,1,51.90,6.88,true,1,
7290015781275,false,יין לבן מוסקטו מתוק טפרברג (750 מל),יקב טפרברג 1870 בעמ (יינות ומש,,,יח`,750,"מ""ל",false,1,41.90,5.55,true,1,
7290015855013,false,פלפלונים -טינקרבל א.אדמה,א.אדמה (2007) בעמ,,,יח`,1,,false,1,9.90,9.90,false,1,
7290015855037,false,פלפל צ`ילי בשקית,א.אדמה (2007) בעמ,,,יח`,1,,false,1,9.90,9.90,false,1,
7290015855143,false,שום קלוף 170 גרם,א.אדמה (2007) בעמ,,,יח`,170,גרם,false,1,12.90,7.59,false,1,
7290015855181,false,גינג`ר יחידה טרי,א.אדמה (2007) בעמ,,,יח`,1,,false,1,8.90,8.90,false,1,
7290015855310,false,עגבניות מיובשות,א.אדמה (2007) בעמ,,,יח`,1,,false,1,12.90,12.90,false,1,
7290015855358,false,בצל שאלוט,א.אדמה (2007) בעמ,,,יח`,1,,false,1,14.90,14.90,false,1,
7290015855884,false,וירטיקלית שמיר,ורטיקל פילד בעמ*קונסיגנציה*,,,יח`,1,,false,1,5,5,false,1,
7290015855990,false,לקט ירקות למרק טרי,א.אדמה (2007) בעמ,,,יח`,1,,false,1,14.90,14.90,false,1,
7290015858106,false,ממרח פסטו ביתי 180 גר-על לחם,שטראוס גרופ בעמ/מצונן,,,יח`,180,גרם,false,1,17.90,9.94,false,1,
7290015858328,false,איולי פסטו עללחם 295 גר`,שטראוס גרופ בעמ,,,יח`,295,גרם,false,1,13.90,4.71,false,1,
7290015858427,false,מארז עללחם 240 גר`,שטראוס גרופ בעמ/מצונן,,,יח`,240,גרם,false,1,23.90,9.96,false,1,
7290015858441,false,איולי פלפלים עללחם 295 גר`,שטראוס גרופ בעמ,,,יח`,295,גרם,false,1,13.90,4.71,false,1,
7290015858687,false,איולי שום עללחם 295 גר`,שטראוס גרופ בעמ,,,יח`,295,גרם,false,1,13.90,4.71,false,1,
7290015858694,false,איולי שום לימון עללחם 295 גר`,שטראוס גרופ בעמ,,,יח`,295,גרם,false,1,13.90,4.71,false,1,
7290015865722,false,ענבי ציון קונפיטורה לייט תות שדה 400 גר`,אבאל יזמות בעמ,,,יח`,400,גרם,false,1,20.90,5.23,true,1,
7290015865746,false,ענבי ציון קונפיטורה לייט פירות יער 400 ג,אבאל יזמות בעמ,,,יח`,400,גרם,false,1,20.90,5.23,true,1,
7290015872096,false,חומוס  אסלי( 700 גר`),סלטי שמיר 2006 בעמ,,,יח`,700,גרם,false,1,10.90,1.56,false,1,
7290015888196,false,שמן חמניות 1 ליטר שוקחה,בני ג`ורג` שוקחה (חיפה) בעמ,,,יח`,1000,"מ""ל",false,1,13.90,1.39,false,1,
7290015888301,false,שמן חמניות 3 ליטר שוקחה,בני ג`ורג` שוקחה (חיפה) בעמ,,,יח`,3000,"מ""ל",false,1,38.90,1.30,false,1,
7290015968010,false,כפפות ניטריל שחורות סייף טאץ s ללא אבקה,אינטרסן 1996 בעמ,,,יח`,1,,false,1,24.90,24.90,true,1,
7290015968102,false,קיסמי שיניים רפואיים עם חוט דנטלי 100 יח,אינטרסן 1996 בעמ,,,יח`,1,,false,1,15.90,15.90,true,1,
7290015968140,false,אטב אחיזה בעיצוב איטלקי 36 יח במארז,אינטרסן 1996 בעמ,,,יח`,1,,false,1,16.90,16.90,true,1,
7290015968331,false,נורת לד w6 אור לבן אינטרסן,אינטרסן 1996 בעמ,,,יח`,1,,false,1,16.30,16.30,true,1,
7290015968782,false,פדים להסרת איפוא במארז 80*3 יח,אינטרסן 1996 בעמ,,,יח`,1,,false,1,20.90,20.90,true,1,
7290015968973,false,כפפות ניטריל שחורות סייף טאץ M ללא אבקה,אינטרסן 1996 בעמ,,,יח`,1,,false,1,24.90,24.90,true,1,
7290015968980,false,כפפות ניטריל שחורות סייף טאץ L ללא אבקה,אינטרסן 1996 בעמ,,,יח`,1,,false,1,24.90,24.90,true,1,
7290016006292,false,נקטר מנגו בננה ספרינג (1 ליטר),יפאורה,,,יח`,1,1 ליטר,false,1,7.30,7.30,false,1,
7290016006322,false,מי עדן 1  ל` בק`בודד,יפאורה,,,יח`,1,1 ליטר,false,1,3,3,false,1,
7290016006339,false,מים מינרלים מי עדן (1x4 ליטר),יפאורה,,,יח`,4,1 ליטר,false,1,10,2.20,false,1,
7290016006346,false,שוופס סודה 500 מל שישייה,יפאורה,,,יח`,3000,"מ""ל",false,1,14.20,0.41,false,1,
7290016087147,false,רוטב עגבניות מתובל לפיצה 230  גר`פריניר,אבאל יזמות בעמ,,,יח`,230,גרם,false,1,5.90,2.57,true,1,
7290016087499,false,עגבניות חתוכות דק שליישיה 400  גר`פריניר,אבאל יזמות בעמ,,,יח`,1.20,"ק""ג",false,1,12.90,10.75,true,1,
7290016087574,false,פריניר זיתים חרוזית ירוק 390 גר,אבאל יזמות בעמ,,,יח`,390,גרם,false,1,6.90,1.77,true,1,
7290016096491,false,שלישיית נתחי טונה בהירה בשמן צמחי 80 גר`,פילטונה תעשיות בעמ,,,יח`,240,גרם,false,1,9.90,4.13,false,1,
7290016096934,false,סלט טונה פילטונה,פילטונה תעשיות בעמ,,,יח`,1,,false,1,12.90,12.90,false,1,
7290016136739,false,פתיתים פוזילי ללא גלוטן 340 גר (פסטה),גורי מוצרי צריכה (1991) בעמ,,,יח`,340,גרם,false,1,14.90,4.38,false,1,
7290016150117,false,סלק אדום בוואקום 500 גרם,ביג פוד כחול לבן בעמ*שיק 30 יו,,,יח`,1,,false,1,8.90,8.90,true,1,
7290016162219,false,כדורי שוקולד פרווה קפולסקי (280 גרם),קפולסקי אדל בעמ,,,יח`,1,,false,1,31.90,31.90,false,1,
7290016162233,false,עוגיות דיזרט פרמיום סוגים שונים,קפולסקי אדל בעמ,,,יח`,240,גרם,false,1,22.40,9.33,false,1,
7290016188585,false,למברוסקו רוזה חצי יבש 750 מל יקבי כרמל,אגודת הכורמים,,,יח`,750,"מ""ל",false,1,28.50,3.76,true,1,
7290016188592,false,למברוסקו אדום חצי יבש 750 מל יקבי כרמל,אגודת הכורמים,,,יח`,750,"מ""ל",false,1,28.50,3.76,true,1,
7290016197488,false,מטליות מיקרופייבר למשטחים ניקול) (3,קימברלי קלארק ישראל שיווק בעמ,,,יח`,1,,false,1,16.90,16.90,true,1,
7290016197495,false,מטליות מיקרופייבר לרצפה ניקול) (2,קימברלי קלארק ישראל שיווק בעמ,,,יח`,1,,false,1,26.90,26.90,true,1,
7290016197624,false,תחבושת דיפנד סופר SUPER,קימברלי קלארק ישראל שיווק בעמ,,,יח`,1,,false,1,26.90,26.90,true,1,
7290016217759,false,סלט חציל מרוקאי 200 גר,סלטי שמיר 2006 בעמ,,,יח`,200,גרם,false,1,12.90,6.45,true,1,
7290016246018,false,בארכה מיקס פינוקיות חלבה 10*20גר`,קבוצת אסם סחר שות. מוגבלת,,,יח`,200,גרם,false,1,13.20,6.60,false,1,
7290016246445,false,טחינה גולמית מעודנת שומשום מלא  גר`310,קבוצת אסם סחר שות. מוגבלת,,,יח`,310,גרם,false,1,12.10,3.90,false,1,
7290016246452,false,טחינה גולמית מעודנת לימון שום 310  גר`בא,קבוצת אסם סחר שות. מוגבלת,,,יח`,310,גרם,false,1,12.20,3.94,false,1,
7290016246773,false,טחינה מתובלת גולמית מעודנת משומשום מלא ז,קבוצת אסם סחר שות. מוגבלת,,,יח`,310,גרם,false,1,14.90,4.81,false,1,
7290016276831,false,תבשיל איטריות בטעם בקר 70 גרם,דין שיווק וקליה 2021 בעמ,,,יח`,70,גרם,false,1,6.90,9.86,true,1,
7290016277470,false,שיבולת שועל 350  גר`דקה,דין שיווק וקליה 2021 בעמ,,,יח`,350,גרם,false,1,4.60,1.31,true,1,
7290016277487,false,שיבולת שועל 350  גר`עבה,דין שיווק וקליה 2021 בעמ,,,יח`,350,גרם,false,1,4.60,1.31,true,1,
7290016319309,false,פמלי אל סבון מאסק קלאסי 1 ל`,דנשר (1963) בעמ,,,יח`,1,1 ליטר,false,1,15.90,15.90,true,1,
7290016320343,false,דאק זוג נוזל ג`ל לניקוי מתקדם בניחוח לבנ,דנשר (1963) בעמ,,,יח`,1.50,1 ליטר,false,1,19.90,13.27,false,1,
7290016321319,false,פמילי אל סבון אשכולית אדומה+משאבה 1 ליטר,דנשר (1963) בעמ,,,יח`,1,1 ליטר,false,1,15.90,15.90,true,1,
7290016321661,false,פרש וואנס רביעייה מגבונים לחים ללא בישום,דנשר (1963) בעמ,,,יח`,1,,false,1,16.90,16.90,true,1,
7290016321678,false,פרש וואנס רביעייה מגבונים לחים קמומיל,דנשר (1963) בעמ,,,יח`,1,,false,1,16.90,16.90,true,1,
7290016321890,false,נייר טואלט לח למובגרים מארז שלישייה פרש,דנשר (1963) בעמ,,,יח`,1,,false,1,15.90,15.90,false,1,
7290016329278,false,רביעיות מגבונים קמיל בלו 64 יח פישר,פישר תעשיות פרמצבטיות בעמ,,,יח`,1,,false,1,20.90,20.90,true,1,
7290016372342,false,עגבניות חתוכות לקוביות בלה איטליה 400 גר,תה ויסוצקי (ישראל) בעמ,,,יח`,1.20,"ק""ג",false,1,18.90,15.75,false,1,
7290016372373,false,רסק עגבניות בלה איטליה 140*2 גר`,תה ויסוצקי (ישראל) בעמ,,,יח`,280,גרם,false,1,9.90,3.54,false,1,
7290016372496,false,חליטת ג``ינג`ר ודבש-סודות  הצמחים 25 שק,תה ויסוצקי (ישראל) בעמ,,,יח`,0,גרם,false,1,22.40,22.40,true,1,
7290016509304,false,סוד סבון אסלה 4 כדוריות לבנדר,גורי שיווק בעמ,,,יח`,50,גרם,false,1,8.90,17.80,true,1,
7290016509786,false,פרסיל ג`ל 2.5 ליטר ירוק,גורי שיווק בעמ,,,יח`,2.50,1 ליטר,false,1,35.90,14.36,true,1,
7290016509793,false,פרסיל ג`ל 4 ליטר ירוק,גורי שיווק בעמ,,,יח`,4,1 ליטר,false,1,46.90,11.73,false,1,
7290016509809,false,פרסיל ג`ל 2.5 ליטר קולור,גורי שיווק בעמ,,,יח`,2.50,1 ליטר,false,1,35.90,14.36,true,1,
7290016509847,false,פרסיל ג`ל 2.5 ליטר בלאק,גורי שיווק בעמ,,,יח`,2.50,1 ליטר,false,1,35.90,14.36,true,1,
7290016510249,false,תחליב רחצה הוואייוגורט שקדים 700 מל,הנקל סוד בעמ,,,יח`,700,"מ""ל",false,1,10.90,1.56,false,1,
7290016510263,false,הוואי תחליב רחצה 700 מל נוזלי,הנקל סוד בעמ,,,יח`,700,"מ""ל",false,1,10.90,1.56,false,1,
7290016510287,false,תחליב רחצה הוואי קרם דבש 700 מל,הנקל סוד בעמ,,,יח`,700,"מ""ל",false,1,10.90,1.56,false,1,
7290016510768,false,תחליב רחצה הוואי יגורט אוכמניות 700 מל,הנקל סוד בעמ,,,יח`,700,"מ""ל",false,1,10.90,1.56,false,1,
7290016510898,false,הוואי שמפו לשיער רגיל 700 מל פריחת דודב,הנקל סוד בעמ,,,יח`,700,"מ""ל",false,1,8.90,1.27,false,1,
7290016564204,false,מארז 6 כריות יפניות מבריקל,אבאל יזמות בעמ,,,יח`,1,,false,1,8.90,8.90,true,1,
7290016564211,false,מארז 3 מטליות מייקרופבר למטבח מבריקל,אבאל יזמות בעמ,,,יח`,1,,false,1,11.90,11.90,true,1,
7290016564228,false,ספוגית הפלא 12 יח פס כחול מבריקל,אבאל יזמות בעמ,,,יח`,1,,false,1,8.90,8.90,false,1,
7290016564266,false,כיסוי הפלא 30 יח מבריקל,אבאל יזמות בעמ,,,יח`,1,,false,1,10.90,10.90,true,1,
7290016564273,false,שלישיית סחבות לרצפה מבריקל,אבאל יזמות בעמ,,,יח`,1,,false,1,15.90,15.90,true,1,
7290016564297,false,מארז זוג שקיות סנדוויץ 300 גר מבריקל,אבאל יזמות בעמ,,,יח`,1,,false,1,12.90,12.90,true,1,
7290016564358,false,מבריק קל נוזל חלונות ריח בית מלון 750 גר,אבאל יזמות בעמ,,,יח`,750,"מ""ל",false,1,12.90,1.72,true,1,
7290016564426,false,מבריקל שקיות אשפה ג`מבו XXL עם ידית 25,אבאל יזמות בעמ,,,יח`,1,,false,1,15.90,15.90,true,1,
7290016564433,false,מבריקל מארז רביעית כרית יפנית,אבאל יזמות בעמ,,,יח`,1,,false,1,10.90,10.90,true,1,
7290016607772,false,יין לבן רוזה  גליל( 750  מל) דלתון,הכרם - משקאות חריפים בעמ,,,יח`,750,"מ""ל",false,1,65.90,8.75,true,1,
7290016621341,false,קמיל אל סבון נוזלי ניקיון ולחות צהוב 1 ל,פישר תעשיות פרמצבטיות בעמ,,,יח`,1,1 ליטר,false,1,16.90,16.90,true,1,
7290016621358,false,קמיל אל סבון נוזלי ניקיון והזנה ורוד 1 ל,פישר תעשיות פרמצבטיות בעמ,,,יח`,1,1 ליטר,false,1,16.90,16.90,true,1,
7290016682182,false,שייק תמר בננה מופחת סוכר 1 ליטר,תנובה - פריניב,,,יח`,1,1 ליטר,false,1,16.90,16.90,true,1,
7290016682199,false,שייק תות בננה מופחת סוכר 1 ליטר,תנובה - פריניב,,,יח`,1,1 ליטר,false,1,16.90,16.90,true,1,
7290016682243,false,מיץ אשכולית אדומה 1 ליטר פרי ניב,תנובה - פריניב,,,יח`,1,1 ליטר,false,1,16.90,16.90,true,1,
7290016682335,false,מיץ תפוזים סחוט 2 ליטר פרי ניב,תנובה - פריניב,,,יח`,2,1 ליטר,false,1,26.90,13.30,false,1,
7290016682342,false,מיץ תפוזים ולנסיה 2 ליטר פרי ניב,תנובה - פריניב,,,יח`,2,1 ליטר,false,1,28.90,14.30,true,1,
7290016682397,false,מיץ חמוציות 2 ליטר פיר ניב,תנובה - פריניב,,,יח`,2,1 ליטר,false,1,20.90,10.30,true,1,
7290016682441,false,מיץ תפוזים עשוי מרכז 1 ליטר,תנובה - פריניב,,,יח`,1,1 ליטר,false,1,13.90,13.90,false,1,
7290016717099,false,סלקטד אדום חצי יבש 750 מל,אגודת הכורמים,,,יח`,750,"מ""ל",false,1,30.90,4.08,true,1,
7290016717631,false,יין לבן מבעבע מוסקטו 750 מל,אגודת הכורמים,,,יח`,750,"מ""ל",false,1,41.90,5.55,true,1,
7290016717754,false,יין היובל ישן נושן יקבי כרמל (750 מל),אגודת הכורמים,,,יח`,750,"מ""ל",false,1,20.90,2.75,true,1,
7290016717976,false,יין ספארקלינג בטעם אפרסק 750 מל BUZZ,אגודת הכורמים,,,יח`,750,"מ""ל",false,1,28.90,3.81,true,1,
7290016866643,false,משחת שיניים פרודונטקס פרש 75 מל,גורי ע.ע.ע בעמ,,,יח`,75,"מ""ל",false,1,31.90,42.53,true,1,
7290016866650,false,משחת שיניים פרודונטקס אוריג`ינל 75 מל,גורי ע.ע.ע בעמ,,,יח`,75,"מ""ל",false,1,31.90,42.53,true,1,
7290016866674,false,משחת שיניים פרודונטקס מלבינה 75 מל,גורי ע.ע.ע בעמ,,,יח`,75,"מ""ל",false,1,31.90,42.53,true,1,
7290016866711,false,סטייל מרכך קרטין E,גורי ע.ע.ע בעמ,,,יח`,750,"מ""ל",false,1,25.90,3.45,false,1,
7290016912500,false,אפקטיב קר תחריץ פנים לעור רגיל 180 מל,פישר תעשיות פרמצבטיות בעמ,,,יח`,180,"מ""ל",false,1,19.30,10.72,false,1,
7290016945089,false,עגבניות שרי טיפה,י.ל. החקלאים שיווק והפצה בעמ*ש,,,יח`,1,,false,1,10,10,false,1,
7290016967074,false,לחם חיטה מלאה 750 גר אנג`ל,שלמה א. אנג`ל בעמ,,,יח`,750,גרם,false,1,15.90,2.12,false,1,
7290017023229,false,שרינק שוופס רביעיות מוגז פירות 330 מל ס,יפאורה,,,יח`,1.32,1 ליטר,false,1,13.90,9.62,true,1,
7290017023663,false,שוופס רביעיות מוגז פירות 330 מל סליק ל,יפאורה,,,יח`,1.32,1 ליטר,false,1,13.90,9.62,true,1,
7290017023854,false,שוופס סודה 250 מל רביעייה,יפאורה,,,יח`,1,1 ליטר,false,1,14.90,14.90,true,1,
7290017031477,false,משחת שיניים רפיד רליף הלבנה רליף(75 מל),גורי ע.ע.ע בעמ,,,יח`,75,גרם,false,1,24.90,33.20,true,1,
7290017031705,false,משחת שיניים קלין פרש סנסודיין (75 מל),גורי ע.ע.ע בעמ,,,יח`,75,גרם,false,1,22.90,30.53,true,1,
7290017031859,false,משחת שיניים אולטקא קלין 75 מל פרודונטקס,גורי ע.ע.ע בעמ,,,יח`,75,"מ""ל",false,1,31.90,42.53,true,1,
7290017044019,false,מגבונים אסותא בדלי עיסא ערטול) (400,עיסא ערטול בעמ,,,יח`,1,,false,1,20.90,20.90,false,1,
7290017044293,false,מטליות לחות לרצפה 50 יח אסותא,עיסא ערטול בעמ,,,יח`,1,,false,1,30.90,30.90,false,1,
7290017058573,false,תומר פרוסות פלפל חפלינין בחומץ 340 גר`,תומר יבוא ושיווק מוצרי מזון (1,,,יח`,340,גרם,false,1,10.90,3.21,false,1,
7290017058849,false,זית קלמטה צנצנת 350  גר`תומר,תומר יבוא ושיווק מוצרי מזון (1,,,יח`,350,גרם,false,1,15.90,4.54,false,1,
7290017062716,false,מרכך מרוכז  ורוד( 1  ליטר)טאצ`,סאסאטק אגשח בעמ,,,יח`,1,1 ליטר,false,1,11.90,11.90,false,1,
7290017062730,false,נוזל כלים לבנדר  (36% 750 מל)+משאבה  טא,סאסאטק אגשח בעמ,,,יח`,750,"מ""ל",false,1,10.90,1.45,false,1,
7290017062747,false,נוזל כלים תפוח  (36% 750 מל)+משאבה  טאצ,סאסאטק אגשח בעמ,,,יח`,750,"מ""ל",false,1,10.90,1.45,false,1,
7290017065137,false,ריקוטה למריחה 5% טבעית 200  גר`מחלבות גד,מחלבות גד שיווק 1992 בעמ,,,יח`,200,גרם,false,1,10.90,5.45,false,1,
7290017065144,false,ריקוטה למריחה 5% עם בזיליקום 200  גר`גד,מחלבות גד שיווק 1992 בעמ,,,יח`,200,גרם,false,1,10.90,5.45,false,1,
7290017065236,false,גבינה בולגרית מעודנת 24% גד (250 גרם),מחלבות גד שיווק 1992 בעמ,,,יח`,250,גרם,false,1,24.90,9.96,false,1,
7290017065434,false,פרוסות גאודה הולנדית 200  גר`גד,מחלבות גד שיווק 1992 בעמ,,,יח`,200,גרם,false,1,22.90,11.45,false,1,
7290017065588,false,יוגורט יווני 600  גר`מחלבות גד,מחלבות גד שיווק 1992 בעמ,,,יח`,600,גרם,false,1,17.90,2.98,false,1,
7290017065663,false,פטה עיזים מעודנת 16% גד,מחלבות גד שיווק 1992 בעמ,,,יח`,250,גרם,false,1,31.90,12.76,false,1,
7290017065786,false,גבינה אנגלית קשה צ`דר 210  גר`גד,מחלבות גד שיווק 1992 בעמ,,,יח`,210,גרם,false,1,24.90,11.86,false,1,
7290017068374,false,שמרים בוואקום 500  גר`מיה,מיה תעשיות מזון מ.ת.מ. בעמ,,,יח`,500,גרם,false,1,13.50,2.70,false,1,
7290017068848,false,סוכריות קישוט לעוגה צבעוני 200  גר`` צנצ,מיה תעשיות מזון מ.ת.מ. בעמ,,,יח`,200,גרם,false,1,10.90,5.45,false,1,
7290017068855,false,סוכריות קישוט לעוגה חום 200  גר`צנצנת,מיה תעשיות מזון מ.ת.מ. בעמ,,,יח`,200,גרם,false,1,10.90,5.45,false,1,
7290017068886,false,ג`לי דובונים בציפוי שמן 350  גר`מיה,מיה תעשיות מזון מ.ת.מ. בעמ,,,יח`,350,גרם,false,1,15.90,4.54,false,1,
7290017068893,false,ג`לי דגיגים בציפוי סוכר 350 גר מיה,מיה תעשיות מזון מ.ת.מ. בעמ,,,יח`,350,גרם,false,1,15.90,4.54,false,1,
7290017068916,false,ג`לי טבעות בציפוי סוכר 350 גר מיה,מיה תעשיות מזון מ.ת.מ. בעמ,,,יח`,350,גרם,false,1,15.90,4.54,false,1,
7290017088051,false,חיתולים בייביסיטר מידה 3 (52 יח),שקד תבל בעמ,,,יח`,1,,false,1,34.90,34.90,true,1,
7290017088068,false,חיתולים בייביסיטר מידה 4(42 יח),שקד תבל בעמ,,,יח`,1,,false,1,34.90,34.90,true,1,
7290017088815,false,תחבושות BREEZE נורמל 12 יח`,שקד תבל בעמ,,,יח`,1,,false,1,19.90,19.90,false,1,
7290017094830,false,סלט גזר ברוטב  פיקנטי( 400  גר`)אסלי,סלטי שמיר 2006 בעמ,,,יח`,400,גרם,false,1,12.90,3.23,true,1,
7290017094847,false,סלט תפוח  אדמה( 400  גר`)אסלי,סלטי שמיר 2006 בעמ,,,יח`,400,גרם,false,1,10.90,2.73,true,1,
7290017094854,false,סלט קולסלאו  אסלי( 400  גר`)אסלי,סלטי שמיר 2006 בעמ,,,יח`,400,גרם,false,1,10.90,2.73,true,1,
7290017094861,false,חומוס עם רוטב  מסבחה( 400  גר`)אסלי,סלטי שמיר 2006 בעמ,,,יח`,400,גרם,false,1,10.90,2.73,true,1,
7290017105383,false,מארז גרעיני תירס קידס מתוק יכין,זנלכל בעמ,,,יח`,200,גרם,false,1,15.50,7.75,false,1,
7290017105895,false,גרגרי חומוס מסעדות 550  גר`יכין,זנלכל בעמ,,,יח`,550,גרם,false,1,10.90,1.98,true,1,
7290017106069,false,קוביות סלק 550  גר`יכין,זנלכל בעמ,,,יח`,550,גרם,false,1,10.90,1.98,false,1,
7290017142159,false,נתחי טונה בהירה בשמן זית 80 גר` שלישייה,סוגת תעשיות בעמ,,,יח`,240,גרם,false,1,24.90,10.38,true,1,
7290017142180,false,פילה טונה פרוס עם שמן זית טעם לימון עם פ,סוגת תעשיות בעמ,,,יח`,120,גרם,false,1,15.90,13.25,true,1,
7290017142203,false,פילה טונה פרוס עם שמן זית בטעם מעושן 120,סוגת תעשיות בעמ,,,יח`,120,גרם,false,1,15.90,13.25,true,1,
7290017142395,false,פסטה עם טונה בשמן זית 160 גר` עץ הזית,סוגת תעשיות בעמ,,,יח`,160,גרם,false,1,14.90,9.31,true,1,
7290017142456,false,נתחי טונה בשמן זית 160*2 גר עץ הזית,סוגת תעשיות בעמ,,,יח`,320,גרם,false,1,28.90,9.03,true,1,
7290017142487,false,בורגול עם גרגירי חומוס עם טונה בשמן זית,סוגת תעשיות בעמ,,,יח`,160,גרם,false,1,14.90,9.31,true,1,
7290017197043,false,אל סבון קלאסיק מרענן 1 ליטר LA BELLE,פארמה דיל (פ.א.ב.) שיווק והפצה,,,יח`,1,1 ליטר,false,1,9.50,9.50,false,1,
7290017197364,false,אל סבון לבנדר סגול 1 ליטר LA BELLE,פארמה דיל (פ.א.ב.) שיווק והפצה,,,יח`,1,1 ליטר,false,1,9.50,9.50,false,1,
7290017197456,false,אסותא מגבוני נייר טואלט שלישייה,עיסא ערטול בעמ,,,יח`,1,,false,1,10.90,10.90,false,1,
7290017289175,false,יין פטיט סירה 750 מל ישראלי,יקב טפרברג 1870 בעמ (יינות ומש,,,יח`,750,"מ""ל",false,1,23.90,3.15,true,1,
7290017289182,false,יין לבן חצי יבש 750 מל ישראלי,יקב טפרברג 1870 בעמ (יינות ומש,,,יח`,750,"מ""ל",false,1,23.90,3.15,true,1,
7290017289199,false,יין לבן יבש 750 מל ישראלי,יקב טפרברג 1870 בעמ (יינות ומש,,,יח`,750,"מ""ל",false,1,23.90,3.15,true,1,
7290017289205,false,יין קברנה סוביניון 750 מל ישראלי,יקב טפרברג 1870 בעמ (יינות ומש,,,יח`,750,"מ""ל",false,1,23.90,3.15,true,1,
7290017291123,false,שום יבש,חברת יוסף אופנהימר 1986 בעמ,,,יח`,1,,false,1,5,5,false,1,
7290017297088,false,ציפס 2 קג,ויטה -פרי גליל (החדשה) בעמ,,,יח`,2000,גרם,false,1,22.90,1.15,false,1,
7290017297118,false,ציפס אמריקאי 2 קג,ויטה -פרי גליל (החדשה) בעמ,,,יח`,2000,גרם,false,1,22.90,1.15,false,1,
7290017297187,false,לקט ירקות  להקפצה( 800  גר`)פרי הגליל,ויטה -פרי גליל (החדשה) בעמ,,,יח`,800,גרם,false,1,17.90,2.24,false,1,
7290017297194,false,לקט ירקות  לתנור( 800  גר`)פרי הגליל,ויטה -פרי גליל (החדשה) בעמ,,,יח`,800,גרם,false,1,17.90,2.24,false,1,
7290017297644,false,ברוקלי 800  גר`פרי גליל,ויטה -פרי גליל (החדשה) בעמ,,,יח`,800,גרם,false,1,15.90,1.99,false,1,
7290017374390,false,סט שירותים מיוחד,מ.א.ייצור ויבוא מטליות בעמ,,,יח`,1,,false,1,22.40,22.40,false,1,
7290017374925,false,מטאטא  אמור+ מקל,מ.א.ייצור ויבוא מטליות בעמ,,,יח`,1,,false,1,20.90,20.90,false,1,
7290017457574,false,סוד כדוריות נתלה שלשות פרחים מהדורה מיוח,גורי שיווק בעמ,,,יח`,1,,false,1,17.90,17.90,false,1,
7290017477169,false,אגוזי קשיו 250  גר`ששון הקולה,דין שיווק וקליה 2021 בעמ,,,יח`,250,גרם,false,1,20,8,false,1,
7290017477374,false,מטבעות שוקולד חלב לאפייה 300  גר`שקדיה,דין שיווק וקליה 2021 בעמ,,,יח`,300,גרם,false,1,14.90,4.97,false,1,
7290017513775,false,בייגלהמצופים שוקולד חלב 140  גר`פליפז,תה ויסוצקי (ישראל) בעמ,,,יח`,140,גרם,false,1,8.90,6.36,true,1,
7290017513829,false,תהירוק לימונית ג`ינג`ר ויטמנים D+C ויסצו,תה ויסוצקי (ישראל) בעמ,,,יח`,1,,false,1,27.90,27.90,true,1,
7290017513867,false,תה ירוק לימונית לואיזה בתוספת ויטמנים D+,תה ויסוצקי (ישראל) בעמ,,,יח`,1,,false,1,27.90,27.90,true,1,
7290017599229,false,סוכרזית סוכרלוז 200 טבליות,שטראוס גרופ בעמ,,,יח`,1,,false,1,24.90,24.90,false,1,
7290017599250,false,סוכרזית קלאסי 120  גר`שקיות,שטראוס גרופ בעמ,,,יח`,120,גרם,false,1,16.90,14.08,false,1,
7290017599274,false,סוכרזית סטיוויה 120 גר` שקיות,שטראוס גרופ בעמ,,,יח`,120,גרם,false,1,35.90,29.92,false,1,
7290017599359,false,סוכרזית קלאסי כפית לכפית 400 גר`,שטראוס גרופ בעמ,,,יח`,400,גרם,false,1,27.90,6.98,false,1,
7290017617046,false,טונה בשמן זית כתית מעולה 140 גר` סטארקיס,סטארקיסט דיפלומט היינץ,,,יח`,560,גרם,false,1,27.90,4.98,true,1,
7290017617084,false,סטארקיסט מיקס טוגו טונה עם שעועית 185 גר,סטארקיסט דיפלומט היינץ,,,יח`,185,גרם,false,1,13.90,7.51,false,1,
7290017617091,false,סטארקיסט מיקס טוגו טונה עם פתיתים 185 גר,סטארקיסט דיפלומט היינץ,,,יח`,185,גרם,false,1,13.90,7.51,false,1,
7290017617282,false,נתחי טונה בשמן 140 גר` יונה רביעייה,סטארקיסט דיפלומט היינץ,,,יח`,140,גרם,false,1,22.90,16.36,true,1,
7290017617411,false,סטארקיסט מיקס סלמון עם אורז מלא וירקות 1,סטארקיסט דיפלומט היינץ,,,יח`,160,גרם,false,1,15.90,9.94,false,1,
7290017617428,false,סטארקיסט מיקס סלמון עם עם פסטה ברוטב עגב,סטארקיסט דיפלומט היינץ,,,יח`,160,גרם,false,1,15.90,9.94,false,1,
7290017617435,false,סטארקיסט מיקס סלמון עם עדשים קינואה וירק,סטארקיסט דיפלומט היינץ,,,יח`,160,גרם,false,1,15.90,9.94,false,1,
7290017641744,false,איגלו סטיקס שמינייה כרמית,כרמית תעשיות ממתקים בעמ,,,יח`,800,גרם,false,1,7.50,0.94,true,1,
7290017677804,false,רוטב סויה (444  מל)קיקומן,דיפלומט היינץ,,,יח`,444,"מ""ל",false,1,32.90,7.41,true,1,
7290017677811,false,רוטב סויה קיקומן (296 מל),דיפלומט היינץ,,,יח`,296,"מ""ל",false,1,12.90,4.36,false,1,
7290017682617,false,מגב עם  תפסן+  מקל( 40  סמ) CLING,מ.א.ייצור ויבוא מטליות בעמ,,,יח`,1,,false,1,16.90,16.90,false,1,
7290017712246,false,פרמיו שימורי מזון מלא עם בקר ולבבות לכלב,שחורי אריה ואנסטסיה,,,יח`,150,גרם,false,1,5.90,3.93,false,1,
7290017715407,false,זית שחור יבש חריף 400  גר`תומר,תומר יבוא ושיווק מוצרי מזון (1,,,יח`,400,גרם,false,1,15.90,3.98,false,1,
7290017812069,false,ריזלינג שרדונה 750 מל אקסלנס,אגודת הכורמים,,,יח`,750,"מ""ל",false,1,27.90,3.68,true,1,
7290017812571,false,תירוש אדום 1 ליטר 100% טבעי,אגודת הכורמים,,,יח`,1,1 ליטר,false,1,21.20,21.20,true,1,
7290017812588,false,תירוש לבן 1 ליטר 100% טבעי,אגודת הכורמים,,,יח`,1,1 ליטר,false,1,20.90,20.90,true,1,
7290017812847,false,יין לבן חצי  יבש( 750  מל)פרנ`ץ גוורצרמ,אגודת הכורמים,,,יח`,750,"מ""ל",false,1,30.90,4.08,true,1,
7290017812861,false,יין לבש  יבש( 750  מל)וינו,אגודת הכורמים,,,יח`,750,"מ""ל",false,1,20.90,2.75,true,1,
7290017812977,false,יין ספארקלינג אננס 750 מל BUZZ,אגודת הכורמים,,,יח`,750,"מ""ל",false,1,28.90,3.81,true,1,
7290017871370,false,סבון ידיים מעושר בשמן אבוקדו 500 מל פמ,דנשר (1963) בעמ,,,יח`,500,"מ""ל",false,1,10.90,2.18,false,1,
7290017871462,false,טוסו חטיף פצפוצי אורז מצופה שוקולד מריר,דנשר (1963) בעמ,,,יח`,0,גרם,false,1,16.90,16.90,false,1,
7290017871707,false,טוסו חטיף פצפוצי אורז וקוקוס ללתס ללא ג,דנשר (1963) בעמ,,,יח`,0,גרם,false,1,16.90,16.90,false,1,
7290017872049,false,אל סבון בניחוח לוונדר ארומטי מארז שלישיי,דנשר (1963) בעמ,,,יח`,1.50,1 ליטר,false,1,16.90,11.27,false,1,
7290017872056,false,אל סבון סדרה לבנה מארז שלישייה 500 מל פ,דנשר (1963) בעמ,,,יח`,1.50,1 ליטר,false,1,16.90,11.27,false,1,
7290017872063,false,אל סבון ארומתרפי מארז שלישייה 500 מל פמ,דנשר (1963) בעמ,,,יח`,1.50,1 ליטר,false,1,16.90,11.27,false,1,
7290017872070,false,פרש וואנס מגבונים מארז שלישייה,דנשר (1963) בעמ,,,יח`,1,,false,1,13.90,13.90,false,1,
7290017872162,false,עוגיות אגוזי לוז 200 גר טוסו,דנשר (1963) בעמ,,,יח`,200,גרם,false,1,20.30,10.15,false,1,
7290017872186,false,עוגיות פקאן 200  גר`טוסו,דנשר (1963) בעמ,,,יח`,200,גרם,false,1,19.60,9.80,false,1,
7290017872667,false,סבון ידיים יהלום 500 מל עם שמן קמומיל,דנשר (1963) בעמ,,,יח`,500,"מ""ל",false,1,10.90,2.18,false,1,
7290017872865,false,בייביביס חטיף אפוי טעם גזר ועגבנייה 40 ג,דנשר (1963) בעמ,,,יח`,40,גרם,false,1,14.90,37.25,true,1,
7290017872872,false,בייביביס חטיף אפוי טעם גזר וסלק 40 גר`,דנשר (1963) בעמ,,,יח`,40,גרם,false,1,14.90,37.25,true,1,
7290017872940,false,מגע הדבש רצועות שעווה BIO לפנים,דנשר (1963) בעמ,,,יח`,1,,false,1,30.90,30.90,false,1,
7290017873169,false,פמלי BALL תחליב רחצה לידיים הדרים 500 מ,דנשר (1963) בעמ,,,יח`,500,"מ""ל",false,1,10.90,2.18,false,1,
7290017884462,false,ריבועי בצק עלים 450  גר`אריאל,מאפיית אריאל בעמ,,,יח`,450,גרם,false,1,18.90,4.20,false,1,
7290017888101,false,שוופס מוגז עדין אפרסק 330 מל פחיות רביע,יפאורה,,,יח`,1320,1 ליטר,false,1,13.90,0.01,true,1,
7290017888729,false,שוופס סודה 1 ליטר,יפאורה,,,יח`,1,1 ליטר,false,1,4.90,4.90,true,1,
7290017888972,false,מי עדן פקק ספורט 1 ליטר,יפאורה,,,יח`,1,1 ליטר,false,1,3.90,3.90,true,1,
7290017917283,false,רביעיות מגבונים קמיל בלו 64 יח פישר ללא,פישר תעשיות פרמצבטיות בעמ,,,יח`,1,,false,1,20.90,20.90,true,1,
7290017917467,false,קמיל בלו אל סבון שיבולת שועל 1 ליטר,פישר תעשיות פרמצבטיות בעמ,,,יח`,1,1 ליטר,false,1,34.90,34.90,true,1,
7290017928036,false,מקלות גריסני שומשום 200  גר`מאיר בייגל,דנשר (1963) בעמ,,,יח`,200,גרם,false,1,12.90,6.45,true,1,
7290017928043,false,מקלות גריסני קראנץ מלח 175  גר`מאיר בייג,דנשר (1963) בעמ,,,יח`,175,גרם,false,1,12.90,7.37,true,1,
7290017928098,false,בייגלה שטוח מלח 330  גר`מאיר בייגל,דנשר (1963) בעמ,,,יח`,330,גרם,false,1,12.90,3.91,false,1,
7290017928210,false,בייגלה גדול שומשום 250  גר`מאיר בייגל,דנשר (1963) בעמ,,,יח`,300,גרם,false,1,12.90,4.30,true,1,
7290017928227,false,בייגלה שטוחלה פינוקים 300  גר`מאיר ביי,דנשר (1963) בעמ,,,יח`,300,גרם,false,1,12.90,4.30,false,1,
7290017928463,false,שברי בייגלה בטעם דבש חרדל  ובצל( 300 גר`,דנשר (1963) בעמ,,,יח`,300,גרם,false,1,13.90,4.63,true,1,
7290017928616,false,בייגלה שטוחלה שומשום 300  גר`מאיר בייגל,דנשר (1963) בעמ,,,יח`,300,גרם,false,1,12.90,4.30,false,1,
7290017928746,false,מאיר בייגל פרורי בייגלה 200 גר`,דנשר (1963) בעמ,,,יח`,200,גרם,false,1,7.90,3.95,false,1,
7290017947105,false,לחם בסגנון אמריקה 500  גר`אנג`ל,שלמה א. אנג`ל בעמ,,,יח`,500,גרם,false,1,14.90,2.98,false,1,
7290017947891,false,לחם כוסמין וחיטה מלאה 750  גר`אנגל,שלמה א. אנג`ל בעמ,,,יח`,750,גרם,false,1,16.90,2.25,false,1,
7290017947921,false,לחמניות המבורגר שישייה,שלמה א. אנג`ל בעמ,,,יח`,450,גרם,false,1,14.90,3.31,false,1,
7290018023556,false,מלפפונים במלח סבא חביב,אבאל יזמות בעמ,,,יח`,1650,גרם,false,1,30.90,1.87,false,1,
7290018029206,false,עוגיות כתר ריבה מיקס 600 גר`,שיבולים יצור ושיווק מוצרי מאפה,,,יח`,600,גרם,false,1,20.90,3.48,false,1,
7290018091234,false,פיצה מקסיקנית 270 גר מעדנות,תנובה קפואים,,,יח`,270,גרם,false,1,15.90,5.89,false,1,
7290018091821,false,פיצה נפוליטנה 210  גר`מעדנות,תנובה קפואים,,,יח`,210,גרם,false,1,15.90,7.57,false,1,
7290018127438,false,אבקת קניידלך ללא גלוטן 130  גר`כשלפ גלו,אבאל יזמות בעמ,,,יח`,130,גרם,false,1,15.90,12.23,false,1,
7290018127452,false,פתי בר ללא גלוטן 200  גר`גלוטרי,אבאל יזמות בעמ,,,יח`,200,גרם,false,1,15.90,7.95,false,1,
7290018131930,false,מאגדת לה פרוטה בננה תמר פקאן שוקולד,נגה גלידות שותפות מוגבלת,,,יח`,325,גרם,false,1,28.90,8.89,false,1,
7290018131954,false,מאגדת לה פרוטה שוקולד תות 5*70 גרם,נגה גלידות שותפות מוגבלת,,,יח`,350,גרם,false,1,28.90,8.26,false,1,
7290018132388,false,מטרנה גולד שלב 2 700 גר`,קבוצת אסם סחר שות. מוגבלת,,,יח`,700,גרם,false,1,74.90,10.70,true,1,
7290018165027,false,רזרב גולד אדישיין רוזה 750 מל-יקבי  ברק,טמפו משקאות בעמ,,,יח`,750,"מ""ל",false,1,53,7.03,false,1,
7290018165447,false,רזרב גולד  מרלו( 750  מל)יקבי ברקן,טמפו משקאות בעמ,,,יח`,750,"מ""ל",false,1,53,7.03,true,1,
7290018198148,false,תפוגן קריספי ציפס קלאסי 1.25קג,קבוצת אסם סחר שות. מוגבלת,,,יח`,1.25,"ק""ג",false,1,28.90,23.12,false,1,
7290018198209,false,תפוגן צ`יפס בטטה קראנצי 500 גר`,קבוצת אסם סחר שות. מוגבלת,,,יח`,500,גרם,false,1,22.90,4.58,false,1,
7290018198254,false,תפוגן קריספי ציפס פוטטוס 1.25קג,קבוצת אסם סחר שות. מוגבלת,,,יח`,1.25,"ק""ג",false,1,28.90,23.12,false,1,
7290018237922,false,שניצלונים ציפוי צ`יפס 700  גר`עוף טוב,קבוצת אסם סחר שות. מוגבלת,,,יח`,700,גרם,false,1,13.90,1.99,false,1,
7290018249802,false,ממתיק sweetango צנצנת 280  גר`נטו,אבאל יזמות בעמ,,,יח`,280,גרם,false,1,27.90,9.96,true,1,
7290018249994,false,ממתיקsweetango צנצנת 700 גר` נטו,אבאל יזמות בעמ,,,יח`,700,גרם,false,1,56.90,8.13,true,1,
7290018294208,false,סלקטד אדום ישראלי 750 מל,אגודת הכורמים,,,יח`,750,"מ""ל",false,1,30.90,4.08,true,1,
7290018294932,false,מיץ ענבים אדום 1 ליטר,אגודת הכורמים,,,יח`,1,1 ליטר,false,1,13.90,13.90,false,1,
7290018344163,false,חטיף חלווה משומשום מלא בתוספת פולי קקאו,אבאל יזמות בעמ,,,יח`,70,גרם,false,1,8.90,12.71,true,1,
7290018344187,false,חטיף חלווה משומשום מלא בתוספת פיסטוק ללא,אבאל יזמות בעמ,,,יח`,70,גרם,false,1,8.90,12.71,true,1,
7290018344774,false,עוגיות כוסמין  אנרג`אוכמניות ללא סוכר,אבאל יזמות בעמ,,,יח`,200,גרם,false,1,25.90,12.95,true,1,
7290018359495,false,תירס מהשדה בלי תוספת  סוכר( 550  גר`)יכי,זנלכל בעמ,,,יח`,550,גרם,false,1,10.90,1.98,false,1,
7290018359518,false,תירס מהשדה בלי תוספת  סוכר( 200 גר *3יח),זנלכל בעמ,,,יח`,600,גרם,false,1,15.90,2.65,false,1,
7290018359556,false,תירס מהשדה בלי תוספת  סוכר( 400  גר)יכין,זנלכל בעמ,,,יח`,400,גרם,false,1,7.90,1.98,false,1,
7290018359884,false,פולפה ליקופן טבעית) (2*400 יכין,זנלכל בעמ,,,יח`,800,גרם,false,1,16.90,2.11,true,1,
7290018359952,false,רוטב עגבניות לפסטה 400  גר`יכין,זנלכל בעמ,,,יח`,400,גרם,false,1,12.50,3.13,false,1,
7290018359969,false,רוטב עגבניות לפיצה 400  גר`יכין,זנלכל בעמ,,,יח`,400,גרם,false,1,12.50,3.13,false,1,
7290018440193,false,בייגלה מצופים קרם בטעם חמאת בוטנים 140,תה ויסוצקי (ישראל) בעמ,,,יח`,140,גרם,false,1,8.90,6.36,true,1,
7290018440209,false,בייגלה בציפוי  פאדג`לבן 140  גר`פליפז,תה ויסוצקי (ישראל) בעמ,,,יח`,140,גרם,false,1,8.90,6.36,true,1,
7290018440223,false,צ`אי מסאלה 25 שקיקים,תה ויסוצקי (ישראל) בעמ,,,יח`,1,,false,1,20.90,20.90,true,1,
7290018440384,false,תה ירוק מאטה לימון נענע ויסוצקי (25),תה ויסוצקי (ישראל) בעמ,,,יח`,1,,false,1,27.90,27.90,true,1,
7290018440391,false,תה ירוק מאטה נענע גוארנה ויסוצקי (25),תה ויסוצקי (ישראל) בעמ,,,יח`,1,,false,1,27.90,27.90,true,1,
7290018440407,false,תה ירוק מאטה קקאו לוז ויסוצקי (25),תה ויסוצקי (ישראל) בעמ,,,יח`,1,,false,1,27.90,27.90,true,1,
7290018440438,false,טונה בשמן זית easy flip שלישייה 3*65 גר`,תה ויסוצקי (ישראל) בעמ,,,יח`,195,גרם,false,1,26.90,13.79,true,1,
7290018440445,false,טונה בשמן זית 160 גרם,תה ויסוצקי (ישראל) בעמ,,,יח`,160,גרם,false,1,17.90,11.19,true,1,
7290018440476,false,בייגלה מצופה בקרם עוגת גבינה ותותים 140,תה ויסוצקי (ישראל) בעמ,,,יח`,140,גרם,false,1,8.90,6.36,true,1,
7290018440483,false,בייגלה מצופה בקרמל מלוח ושוקולד 140 גר`,תה ויסוצקי (ישראל) בעמ,,,יח`,140,גרם,false,1,8.90,6.36,true,1,
7290018440490,false,סלט טונה עם קוסקוס 150 ג,תה ויסוצקי (ישראל) בעמ,,,יח`,150,גרם,false,1,15.90,10.60,true,1,
7290018440513,false,סלט קליפורניה עם טונה 150 גר`,תה ויסוצקי (ישראל) בעמ,,,יח`,150,גרם,false,1,15.90,10.60,true,1,
7290018471029,false,שוופס סודה לימון 500 מל שישייה,יפאורה,,,יח`,3000,"מ""ל",false,1,14.20,0.41,false,1,
7290018471180,false,פרוט אנד  ווג`אננס תפוח גזר 1 ליטר,יפאורה,,,יח`,1000,"מ""ל",false,1,12.90,1.26,true,1,
7290018471210,false,נקטר אגס תפוח סברס ספרינג (1 ליטר),יפאורה,,,יח`,1,1 ליטר,false,1,7.30,7.30,false,1,
7290018471470,false,תפוזינה נקטר תפוז פסיפלורה 1 ליטר,יפאורה,,,יח`,1000,"מ""ל",false,1,7.30,0.73,false,1,
7290018471906,false,משקה מוגז שוופס (1.5 ליטר) לימונדה ורוד,יפאורה,,,יח`,1.50,1 ליטר,false,1,9.50,6.13,true,1,
7290018471913,false,משקה מוגז שוופס (1.5 ליטר) תפוחים,יפאורה,,,יח`,1.50,1 ליטר,false,1,9.50,6.13,true,1,
7290018471920,false,משקה מוגז פירות שוופס (1.5 ליטר) ענבים,יפאורה,,,יח`,1.50,1 ליטר,false,1,9.50,6.13,true,1,
7290018471937,false,משקה מוגז פירות שוופס (1.5 ליטר) תות ל,יפאורה,,,יח`,1.50,1 ליטר,false,1,9.50,6.13,true,1,
7290018471944,false,משקה מוגז פירות שוופס (1.5 ליטר) לימונ,יפאורה,,,יח`,1.50,1 ליטר,false,1,9.50,6.13,true,1,
7290018471951,false,משקה מוגז פירות שוופס (1.5 ליטר) אשכול,יפאורה,,,יח`,1.50,1 ליטר,false,1,9.50,6.13,true,1,
7290018493076,false,קרם ידיים 100 מל מועשר בשמן ארגן EFFECT,פישר תעשיות פרמצבטיות בעמ,,,יח`,100,"מ""ל",false,1,16.90,16.90,false,1,
7290018493892,false,קמיל בלו סנסיטיב אל סבון 750 מל,פישר תעשיות פרמצבטיות בעמ,,,יח`,750,"מ""ל",false,1,20.90,2.79,false,1,
7290018493908,false,קמיל בלו סנסיטיב אל דמע 750 מל,פישר תעשיות פרמצבטיות בעמ,,,יח`,750,"מ""ל",false,1,20.90,2.79,false,1,
7290018516393,false,פרמיו מיקס 3 קג,שחורי אריה ואנסטסיה,,,יח`,3000,גרם,false,1,59.90,2,false,1,
7290018571071,false,טופי פספסים 450 גרם כשלפ,מיה תעשיות מזון מ.ת.מ. בעמ,,,יח`,450,גרם,false,1,16.90,3.76,false,1,
7290018571118,false,שקדים טבעי בנספק ( 200 גר`) מיה,מיה תעשיות מזון מ.ת.מ. בעמ,,,יח`,200,גרם,false,1,20.90,10.45,true,1,
7290018571712,false,אורז פרסי 1 קג מיה,מיה תעשיות מזון מ.ת.מ. בעמ,,,יח`,1,"ק""ג",false,1,10.90,10.90,true,1,
7290018571736,false,אורז בסמטי 1 קג מיה,מיה תעשיות מזון מ.ת.מ. בעמ,,,יח`,1,"ק""ג",false,1,11.90,11.90,true,1,
7290018652671,false,לה קרמריה שוקולד וניל מופחת קלוריות,נגה גלידות שותפות מוגבלת,,,יח`,1.40,1 ליטר,false,1,23.40,16.71,true,1,
7290018703052,false,פראוד חטיף חלבון עוגיות קראנץ גר`,דיפלומט היינץ,,,יח`,29,גרם,false,1,9.90,34.14,false,1,
7290018708118,false,חלבה בארכה וניל פיסטוק 350 גר`,קבוצת אסם סחר שות. מוגבלת,,,יח`,350,גרם,false,1,16.30,4.66,false,1,
7290018720011,false,מעדני המלך קרנבל חיות 250 גרם,רזיט שיווק בעמ,,,יח`,250,גרם,false,1,5.90,2.36,false,1,
7290018724644,false,מאפה בוריקיטס פילו גבינה טבעונית נטורלה,י.איטליאנו אחזקות בעמ,,,יח`,400,גרם,false,1,40.90,10.23,false,1,
7290018770245,false,זית ירוק מגולען בטעם רוזמרין 190 גר`,אבאל יזמות בעמ,,,יח`,190,גרם,false,1,13.90,7.32,true,1,
7290018770252,false,זית ירוק מגולען בטעם שום 190 גר`,אבאל יזמות בעמ,,,יח`,190,גרם,false,1,13.90,7.32,true,1,
7290018770269,false,זית קלמטה עם שמן זית 215 גר`,אבאל יזמות בעמ,,,יח`,215,גרם,false,1,13.90,6.47,true,1,
7290018770276,false,זית עריביקה עם שמן זית 215 גר`,אבאל יזמות בעמ,,,יח`,215,גרם,false,1,13.90,6.47,true,1,
7290018792841,false,אבקת קקאו טבעי 150  גר`גאנה,תה ויסוצקי (ישראל) בעמ,,,יח`,150,גרם,false,1,11.90,7.93,true,1,
7290018825228,false,תפוא אדום לטיגון דוד משה גורמה,תוצרת הנגב אגודה שיתופית חקלאי,,,"ק""ג",1,,true,1,5.90,5.90,false,1,
7290018825419,false,תפוא אפיה אדום,תוצרת הנגב אגודה שיתופית חקלאי,,,"ק""ג",1,,true,1,3.90,3.90,false,1,
7290018825617,false,תפוא אפיה לבן,תוצרת הנגב אגודה שיתופית חקלאי,,,"ק""ג",1,,true,1,3.90,3.90,false,1,
7290018835005,false,ציפס אורז חום מלא מלח פלפל ושמן זית 60 ג,א.ל.ייצור ושיווק תבלינים בעמ,,,יח`,60,גרם,false,1,7.50,12.50,true,1,
7290018878743,false,חמישיות שוקולד מריר (5*100  גר`)כרמית,כרמית תעשיות ממתקים בעמ,,,יח`,500,גרם,false,1,18.90,3.78,false,1,
7290018893005,false,בייגלה בטעם חרדל ודבש 160  גר`צוקטה,ש.שסטוביץ בעמ,,,יח`,160,גרם,false,1,7.90,4.94,true,1,
7290018893098,false,צ`וקטה ביסקוויט מצופה שוקולד חלב 100 גר`,ש.שסטוביץ בעמ,,,יח`,100,גרם,false,1,8.90,8.90,true,1,
7290018893265,false,צ`וקטה עוגות אישיות מריר 240 גרם,ש.שסטוביץ בעמ,,,יח`,240,גרם,false,1,13.90,5.79,true,1,
7290018893401,false,שוקולד מריר 70% צ`וקטה (100 גרם),ש.שסטוביץ בעמ,,,יח`,100,גרם,false,1,8.90,8.90,false,1,
7290018893425,false,צ`וקטה ממרח דואו 700 גר`,ש.שסטוביץ בעמ,,,יח`,700,גרם,false,1,20.90,2.99,false,1,
7290018893654,false,צ`וקטה בייגלה בתוספת מלח 200 גר,ש.שסטוביץ בעמ,,,יח`,200,גרם,false,1,7.90,3.95,true,1,
7290018893661,false,צ`וקטה עוגות אישיות בציפוי שוקולד מריר(,ש.שסטוביץ בעמ,,,יח`,240,גרם,false,1,13.90,5.79,true,1,
7290018893746,false,צ`וקטה בייגלה עגבניות ועשבי תיבול 180 גר,ש.שסטוביץ בעמ,,,יח`,180,גרם,false,1,7.90,4.39,true,1,
7290018893753,false,עלי וופל חמאה בטעם לימון 100 גר` צוקטה,ש.שסטוביץ בעמ,,,יח`,100,גרם,false,1,10.90,10.90,true,1,
7290018893845,false,פתי בר 400  גר`צ`וקטה,ש.שסטוביץ בעמ,,,יח`,400,גרם,false,1,7.50,1.88,false,1,
7290018893852,false,צ`וקטה בייגלה בתוספת שומשום 200 גר,ש.שסטוביץ בעמ,,,יח`,200,גרם,false,1,7.90,3.95,true,1,
7290018893876,false,צ`וקטה עוגות אישיות וניל 200 גרם,ש.שסטוביץ בעמ,,,יח`,200,גרם,false,1,13.90,6.95,true,1,
7290018894019,false,בלקוני עוגות מיקס מקס חלב 350 גר`,ש.שסטוביץ בעמ,,,יח`,350,גרם,false,1,15.90,4.54,true,1,
7290018894217,false,בלקוני עוגות מיקס מקס קקאו 350 גר`,ש.שסטוביץ בעמ,,,יח`,350,גרם,false,1,15.90,4.54,true,1,
7290018894248,false,שוקולד חלב שליישיה צ`וקטה 100 גר`,ש.שסטוביץ בעמ,,,יח`,300,גרם,false,1,13.90,4.63,false,1,
7290018894590,false,צ`וקטה מארז סביבון 225 גר`,ש.שסטוביץ בעמ,,,יח`,225,גרם,false,1,15.90,7.07,false,1,
7290018921456,false,אפקטיב קר תחליב רחצה מועשר בשמן כותנה 70,פישר תעשיות פרמצבטיות בעמ,,,יח`,700,"מ""ל",false,1,17.90,2.56,true,1,
7290018925065,false,מיץ תפוזים סחוט פרימור (2 ליטר),שטראוס גרופ בעמ/מצונן,,,יח`,2,1 ליטר,false,1,27.90,13.80,false,1,
7290018925089,false,מיץ תפוחים צלול פרימור (2 ליטר),שטראוס גרופ בעמ/מצונן,,,יח`,2,1 ליטר,false,1,27.90,13.80,false,1,
7290018929377,false,כף אשפה  מתקפל(איטליה),מ.א.ייצור ויבוא מטליות בעמ,,,יח`,1,,false,1,10.50,10.50,false,1,
7290018989081,false,חומוס הבית 410  גר`יכין,זנלכל בעמ,,,יח`,410,גרם,false,1,8.90,2.17,false,1,
7290019036395,false,ארטישוק 400  גר`קפוא,א.ג בחירה חכמה בעמ,,,יח`,400,גרם,false,1,9.90,2.48,false,1,
7290019036425,false,במיה 400  גר`קפוא,א.ג בחירה חכמה בעמ,,,יח`,400,גרם,false,1,6.90,1.73,false,1,
7290019056027,false,משקה מוגז פירות שוופס (1.5 ליטר) תפוחי,יפאורה,,,יח`,1.50,1 ליטר,false,1,9.50,6.13,true,1,
7290019056041,false,משקה מוגז פירות שוופס (1.5 ליטר) לימונ,יפאורה,,,יח`,1.50,1 ליטר,false,1,9.50,6.13,true,1,
7290019056058,false,שוופס מוגז עדין( 1.5 ליטר) תפוח ליים,יפאורה,,,יח`,1.50,1 ליטר,false,1,9.50,6.13,true,1,
7290019056065,false,שוופס מוגז עדין( 1.5 ליטר) פירות יער,יפאורה,,,יח`,1.50,1 ליטר,false,1,9.50,6.13,true,1,
7290019056072,false,שוופס מוגז עדין( 1.5 ליטר) אננס,יפאורה,,,יח`,1.50,1 ליטר,false,1,9.50,6.13,true,1,
7290019056089,false,שוופס מוגז עדין( 1.5 ליטר) ענבי ריזלינג,יפאורה,,,יח`,1.50,1 ליטר,false,1,9.50,6.13,true,1,
7290019056096,false,שוופס מוגז עדין( 1.5 ליטר) אפרסק,יפאורה,,,יח`,1.50,1 ליטר,false,1,9.50,6.13,true,1,
7290019056119,false,מי סודה (1.5  ליטר)שוופס,יפאורה,,,יח`,1.50,1 ליטר,false,1,3.90,2.40,true,1,
7290019056164,false,מי סודה (1.5x4  ליטר)שוופס,יפאורה,,,יח`,6,1 ליטר,false,1,12.20,1.83,false,1,
7290019056171,false,מי סודה (1.5x4  ליטר)בטעם לימון שוופס,יפאורה,,,יח`,6,1 ליטר,false,1,12.20,1.83,false,1,
7290019056188,false,רביעייה שוופס סודה 1.5 ליטרנענע ליים,יפאורה,,,יח`,6,1 ליטר,false,1,12.20,1.83,false,1,
7290019056201,false,רביעייה שוופס סודה 1.5 ליטר פירות יער,יפאורה,,,יח`,6,1 ליטר,false,1,12.20,1.83,false,1,
7290019056232,false,שוופס ליים 1.5 ליטר מוחיטו,יפאורה,,,יח`,1.50,1 ליטר,false,1,9.50,6.13,true,1,
7290019056249,false,שוופס מים 1.5 ליטר בטעם ענבים,יפאורה,,,יח`,1.50,1 ליטר,false,1,9.50,6.13,true,1,
7290019056256,false,שוופס מים 1.5 ליטר בטעם תפוחים,יפאורה,,,יח`,1.50,1 ליטר,false,1,9.50,6.13,true,1,
7290019056263,false,שוופס מים 1.5 ליטר בטעם אפרסק,יפאורה,,,יח`,1.50,1 ליטר,false,1,9.50,6.13,true,1,
7290019056270,false,שוופס מים 1.5 ליטר בטעם פירות יער,יפאורה,,,יח`,1.50,1 ליטר,false,1,9.50,6.13,true,1,
7290019056287,false,שוופס מים 1.5 ליטר בטעם אפרסק ללא סוכר,יפאורה,,,יח`,1.50,1 ליטר,false,1,9.50,6.13,true,1,
7290019056324,false,שוופס (1.5  ליטר)מי טוניק,יפאורה,,,יח`,1.50,1 ליטר,false,1,12.90,8.40,false,1,
7290019056331,false,שוופס מי טוניק (1.5  ליטר)ללס,יפאורה,,,יח`,1.50,"מ""ל",false,1,12.90,840,false,1,
7290019056355,false,משקה תפוזינה 1.5 ליטר לימונענע,יפאורה,,,יח`,1.50,1 ליטר,false,1,9.50,6.13,true,1,
7290019056362,false,משקה קל תפוזינה 1.5 ליטר ענבים,יפאורה,,,יח`,1.50,1 ליטר,false,1,9.50,6.13,true,1,
7290019056379,false,משקה קל תפוזינה 1.5 ליטר תפוזים,יפאורה,,,יח`,1.50,1 ליטר,false,1,9.50,6.13,true,1,
7290019056386,false,משקה קל תפוזינה 1.5 ליטר אשכוליות,יפאורה,,,יח`,1.50,"מ""ל",false,1,9.50,613.33,true,1,
7290019056393,false,משקה קל תפוזינה 1.5 ליטר תות בננה,יפאורה,,,יח`,1.50,1 ליטר,false,1,9.50,6.13,true,1,
7290019056409,false,משקה קל תפוזינה 1.5 ליטר מנגו,יפאורה,,,יח`,1.50,1 ליטר,false,1,9.50,6.13,true,1,
7290019056416,false,משקה תפוזינה 1.5 ליטר לימונדה ורודה,יפאורה,,,יח`,1.50,1 ליטר,false,1,9.50,6.13,true,1,
7290019056423,false,משקה תפוזינה 1.5 ליטר תפוחים,יפאורה,,,יח`,1.50,1 ליטר,false,1,9.50,6.13,true,1,
7290019056430,false,משקה קל תפוזינה 1.5 ליטר תפוזים לייט,יפאורה,,,יח`,1.50,1 ליטר,false,1,9.50,6.13,true,1,
7290019056447,false,משקה קל תפוזינה 1.5 ליטר אשכוליות לייט,יפאורה,,,יח`,1.50,1 ליטר,false,1,9.50,6.13,true,1,
7290019056478,false,ספרינג תה 1.5 ליטר בטעם אפרסק,יפאורה,,,יח`,1.50,1 ליטר,false,1,9.50,6.13,true,1,
7290019056485,false,ספרינג תה ירוק 1.5 ליטר בטעם לימון לואיז,יפאורה,,,יח`,1.50,1 ליטר,false,1,9.50,6.13,true,1,
7290019056492,false,ספרינג תה 1.5 ליטר בטעם מנגו אפרסק,יפאורה,,,יח`,1.50,1 ליטר,false,1,9.50,6.13,true,1,
7290019056508,false,פרוט ווטר 1.5 ליטר בטעם ענבים,יפאורה,,,יח`,1.50,1 ליטר,false,1,9.50,6.13,true,1,
7290019056515,false,פרוט ווטר 1.5 ליטר בטעם אננס,יפאורה,,,יח`,1.50,1 ליטר,false,1,9.50,6.13,true,1,
7290019056522,false,פרוט ווטר 1.5 ליטר בטעם תות,יפאורה,,,יח`,1.50,1 ליטר,false,1,9.50,6.13,true,1,
7290019056539,false,פרוט ווטר 1.5 ליטר בטעם אפרסק,יפאורה,,,יח`,1.50,1 ליטר,false,1,9.50,6.13,true,1,
7290019056553,false,מים מינרלים עין גדי (2x6 ליטר),יפאורה,,,יח`,1.20,1 ליטר,false,1,13.70,9.92,false,1,
7290019056560,false,מים עין גדי בודד 2 ליטר,יפאורה,,,יח`,2,1 ליטר,false,1,3.30,1.65,false,1,
7290019056577,false,משקה קל ספרינג 1.5 ליטר מנגו,יפאורה,,,יח`,1.50,1 ליטר,false,1,9.50,6.13,true,1,
7290019056584,false,משקה קל ספרינג 1.5 ליטר תפוזים,יפאורה,,,יח`,1.50,1 ליטר,false,1,9.50,6.13,true,1,
7290019056591,false,משקה קל ספרינג 1.5 ליטר ענבים,יפאורה,,,יח`,1.50,1 ליטר,false,1,9.50,6.13,true,1,
7290019056607,false,משקה קל ספרינג 1.5 ליטר תפוחים,יפאורה,,,יח`,1.50,1 ליטר,false,1,9.50,6.13,true,1,
7290019056614,false,משקה קל ספרינג 1.5 ליטר אפרסק,יפאורה,,,יח`,1.50,1 ליטר,false,1,9.50,6.13,true,1,
7290019056621,false,משקה קל ספרינג 1.5 ליטר פירות טרופיים,יפאורה,,,יח`,1.50,1 ליטר,false,1,9.50,6.13,true,1,
7290019056638,false,משקה קל ספרינג 1.5 ליטר תות בננה,יפאורה,,,יח`,1.50,1 ליטר,false,1,9.50,6.13,true,1,
7290019056645,false,משקה קל ספרינג 1.5 ליטר אגס תפוח סברס,יפאורה,,,יח`,1.50,1 ליטר,false,1,9.50,6.13,true,1,
7290019056652,false,משקה קל ספרינג 1.5 ליטר אננס בננה,יפאורה,,,יח`,1.50,1 ליטר,false,1,9.50,6.13,true,1,
7290019056669,false,משקה קל ספרינג 1.5 ליטר תפוחים דיאט,יפאורה,,,יח`,1.50,1 ליטר,false,1,9.50,6.13,true,1,
7290019056676,false,משקה קל ספרינג 1.5 ליטר אשכוליות אננס די,יפאורה,,,יח`,1.50,1 ליטר,false,1,9.50,6.13,true,1,
7290019056720,false,משקה קל קריסטל (2  ליטר)ענבים,יפאורה,,,יח`,2,1 ליטר,false,1,7.50,3.60,false,1,
7290019056737,false,משקה קל קריסטל (2  ליטר)אשכוליות,יפאורה,,,יח`,2,1 ליטר,false,1,7.50,3.60,false,1,
7290019056751,false,משקה קל קריסטל (2  ליטר)אשכוליות דיאט,יפאורה,,,יח`,2,1 ליטר,false,1,7.50,3.60,false,1,
7290019056768,false,משקה קל קריסטל (2  ליטר)מנגו,יפאורה,,,יח`,2,1 ליטר,false,1,7.50,3.60,false,1,
7290019056782,false,משקה קל קריסטל (2  ליטר)מוגז למון ליים,יפאורה,,,יח`,2,1 ליטר,false,1,7.50,3.60,false,1,
7290019056805,false,משקה קל קריסטל (2  ליטר)מוגז תפוחים,יפאורה,,,יח`,2,1 ליטר,false,1,7.50,3.60,false,1,
7290019056812,false,משקה קל קריסטל (2  ליטר)מוגז מנטה,יפאורה,,,יח`,2,1 ליטר,false,1,7.50,3.60,false,1,
7290019056836,false,משקה קל קריסטל (2  ליטר)מוגז תות,יפאורה,,,יח`,2,1 ליטר,false,1,7.50,3.60,false,1,
7290019056850,false,ספרינג תה 1.5 ליטר בטעם אפרסק דיאט,יפאורה,,,יח`,1.50,1 ליטר,false,1,9.50,6.13,true,1,
7290019056959,false,מי עדן בודד 1.5 ליטר,יפאורה,,,יח`,1.50,1 ליטר,false,1,2.80,1.67,false,1,
7290019056966,false,מי עדן בקבוק פיקדון 1.5 ליטר,יפאורה,,,יח`,1500,"מ""ל",false,1,4.20,0.26,false,1,
7290019056973,false,מים מינרלים (1.5x6  ליטר)מי עדן,יפאורה,,,יח`,9,1 ליטר,false,1,13.90,1.34,false,1,
7290019074885,false,קמיל בלו אקסטרה סופט קרם גוף לתינוק 500,פישר תעשיות פרמצבטיות בעמ,,,יח`,500,"מ""ל",false,1,30.90,6.18,true,1,
7290019153078,false,שוופס ביטר למון לייט 1.5 ליטר,יפאורה,,,יח`,1.50,1 ליטר,false,1,12.90,8.40,false,1,
7290019153085,false,שוופס מוחיטו ללא סוכר 1.5 ליטר,יפאורה,,,יח`,1.50,1 ליטר,false,1,9.50,6.13,true,1,
7290019153252,false,סודה תפוח (1.5*4  ליטר)שוופס,יפאורה,,,יח`,6,1 ליטר,false,1,12.20,1.83,false,1,
7290019153269,false,סודה אננס (1.5*4  ליטר)שוופס,יפאורה,,,יח`,6,1 ליטר,false,1,12.20,1.83,false,1,
7290019153344,false,משקה קל תפוזינה 1.5 ליטר סנגרייה,יפאורה,,,יח`,1500,"מ""ל",false,1,9.50,0.61,true,1,
7290019153375,false,משקה קל תפוזינה 1.5 ליטר מוחיטו,יפאורה,,,יח`,1500,"מ""ל",false,1,9.50,0.61,true,1,
7290019153535,false,שוופס רביעיות מוגז פירות למונייד ללס 33,יפאורה,,,יח`,1.32,1 ליטר,false,1,13.90,9.62,true,1,
7290019153566,false,משקה קל ספרינג 1.5 ליטר רימון אוכמניות,יפאורה,,,יח`,1.50,1 ליטר,false,1,9.50,6.13,true,1,
7290019167020,false,עוגת גבינה עם פירורים 82 גרם עדן קינוחים,תנובה - חלב,,,יח`,82,גרם,false,1,7.20,8.78,false,1,
7290019167037,false,תותים בקצפת 82 גרם עדן קינוחים,תנובה - חלב,,,יח`,82,גרם,false,1,7.20,8.78,false,1,
7290019167044,false,קצפת עם קרם בייגלה מתוק מלוח 82 גרם עדן,תנובה - חלב,,,יח`,82,גרם,false,1,7.20,8.78,false,1,
7290019232803,false,הולגריין ביסקוויט עם קרם חלב 300 גרם,תה ויסוצקי (ישראל) בעמ,,,יח`,300,גרם,false,1,12.90,4.30,true,1,
7290019232827,false,הולגריין ביסקוויט במילוי אגוזי לוז 300 ג,תה ויסוצקי (ישראל) בעמ,,,יח`,300,גרם,false,1,12.90,4.30,true,1,
7290019232834,false,בייגלה מצופים בקרם עוגיות ושוקולד 140 גר,תה ויסוצקי (ישראל) בעמ,,,יח`,140,גרם,false,1,8.90,6.36,true,1,
7290019297161,false,טורטיה ראפ מקמח תירס 450 גר` (12 יח),דין שיווק וקליה 2021 בעמ,,,יח`,450,גרם,false,1,10.90,2.42,true,1,
7290019297420,false,מעדן פרי תות 284 גר` ללא תוספת סוכר- ש,דין שיווק וקליה 2021 בעמ,,,יח`,284,גרם,false,1,11.90,4.19,true,1,
7290019297451,false,מי ורדים 500 מל דין שיווק,דין שיווק וקליה 2021 בעמ,,,יח`,500,"מ""ל",false,1,21.40,4.28,false,1,
7290019297536,false,חמאת בוטנים 510 גר` עם שברי בוטנים דין ש,דין שיווק וקליה 2021 בעמ,,,יח`,510,גרם,false,1,14.20,2.78,true,1,
7290019297543,false,חמאת בוטנים 510 גר` דין שיווק,דין שיווק וקליה 2021 בעמ,,,יח`,510,גרם,false,1,14.20,2.78,true,1,
7290019297581,false,סוכריות גומי מצופות סוכר טעם בננה,דין שיווק וקליה 2021 בעמ,,,יח`,300,גרם,false,1,10.90,3.63,false,1,
7290019302315,false,יין ספארקלין אבטיח מלון 750 מל BUZZ,אגודת הכורמים,,,יח`,750,"מ""ל",false,1,28.90,3.81,false,1,
7290019308126,false,פולי סויה 400 גר` פרוסטי,נ.ת.נ.ג.ב החזקות יעוץ וניהול ב,,,יח`,400,גרם,false,1,6.90,1.73,true,1,
7290019393016,false,קמח חיטה לבן ללא צורך בניפוי 1 קג,אבאל יזמות בעמ,,,יח`,1,"ק""ג",false,1,7.90,7.90,true,1,
7290019393061,false,קמח כוסמין 100% ללא צורך בניפוי 1 קג,אבאל יזמות בעמ,,,יח`,1,"ק""ג",false,1,15.90,15.90,true,1,
7290019393085,false,האופה פתיתים בצורת קוסקוס מחיטת דורום 40,אבאל יזמות בעמ,,,יח`,400,גרם,false,1,5.90,1.48,true,1,
7290019462095,false,סלרי חתוך קוביות מרינה,קונס`-מרינה פטריות הגליל בעמ*ש,,,יח`,1,,false,1,11.90,11.90,false,1,
7290019462125,false,עלי תרד גוליבר,קונס`-מרינה פטריות הגליל בעמ*ש,,,יח`,1,,false,1,11.90,11.90,false,1,
7290019462149,false,נבטים צוות לענין מרינה,קונס`-מרינה פטריות הגליל בעמ*ש,,,יח`,1,,false,1,10.90,10.90,false,1,
7290055090702,false,איגלו שלוקים 60 יח`,כרמית תעשיות ממתקים בעמ,,,יח`,1,,false,1,14.90,14.90,false,1,
7290100240144,false,בדין תרסיס למייבש כביסה,יוניליוור ישראל שיווק בעמ,,,יח`,500,"מ""ל",false,1,20.30,4.06,true,1,
7290100240632,false,פתית 6 דגנים תלמה (250 גרם),יוניליוור ישראל שיווק בעמ,,,יח`,250,גרם,false,1,19.30,7.72,true,1,
7290100240656,false,פתית שיפון תלמה (300 גרם),יוניליוור ישראל שיווק בעמ,,,יח`,300,גרם,false,1,19.30,6.43,true,1,
7290100243671,false,בדין אקסטרא כחול 960 מל,יוניליוור ישראל שיווק בעמ,,,יח`,960,"מ""ל",false,1,17.30,1.80,true,1,
7290100245231,false,נמס בכוס ועוד טעם עוף שקדי מרק,יוניליוור ישראל שיווק בעמ,,,יח`,50,גרם,false,1,7.60,15.20,true,1,
7290100249598,false,רוטב לעוף בטעם שום ודבש קנור (320 גרם),יוניליוור ישראל שיווק בעמ,,,יח`,310,גרם,false,1,15.20,4.90,true,1,
7290100412732,false,ד``ר עור תחליב גוף לעור יבש 400 מל פרחי,שקד תבל בעמ,,,יח`,400,"מ""ל",false,1,20.90,5.23,false,1,
7290100653586,false,ליידי ספיד סטיק 24/7 ג`ל פרש פיוזן יבוא,בית הצעצוע בעמ,,,יח`,50,"מ""ל",false,1,15.90,31.80,false,1,
7290100680650,false,מנה חמה נודלס תאילנדי,קבוצת אסם סחר שות. מוגבלת,,,יח`,76,גרם,false,1,8.50,11.18,true,1,
7290100680711,false,פירורית זהב אסם (350 גרם),קבוצת אסם סחר שות. מוגבלת,,,יח`,350,גרם,false,1,10.10,2.89,false,1,
7290100680728,false,פירורית אסם (350 גרם),קבוצת אסם סחר שות. מוגבלת,,,יח`,350,גרם,false,1,8.40,2.40,false,1,
7290100681138,false,אפרופו מארז שלישיה,קבוצת אסם סחר שות. מוגבלת,,,יח`,150,גרם,false,1,14.50,9.67,true,1,
7290100683880,false,אסם פירה רגיל 26,קבוצת אסם סחר שות. מוגבלת,,,יח`,260,גרם,false,1,14.90,5.73,false,1,
7290100684139,false,פסטה מיני מקרוני אסם (500 גרם),קבוצת אסם סחר שות. מוגבלת,,,יח`,500,גרם,false,1,6.10,1.22,true,1,
7290100685136,false,אבקת מרק בטעם עוף אסם (1 קג),קבוצת אסם סחר שות. מוגבלת,,,יח`,1,"ק""ג",false,1,15.90,15.90,true,1,
7290100685334,false,אבקת מרק עוף אמיתי מרכיבים 400 גר`,קבוצת אסם סחר שות. מוגבלת,,,יח`,400,גרם,false,1,24.90,6.23,true,1,
7290100685341,false,אבקת מרק רכיבים 400 גר`,קבוצת אסם סחר שות. מוגבלת,,,יח`,400,גרם,false,1,18.30,4.58,true,1,
7290100687109,false,במבה במילוי נוגט אסם (60 גרם),קבוצת אסם סחר שות. מוגבלת,,,יח`,60,גרם,false,1,4.40,7.33,true,1,
7290100689301,false,מרק בטעם עוף זך אסם (400 גרם),קבוצת אסם סחר שות. מוגבלת,,,יח`,400,גרם,false,1,17.30,4.33,true,1,
7290100700020,false,גריסי פנינה סוגת (500 גרם),סוגת תעשיות בעמ,,,יח`,200,גרם,false,1,7.50,3.75,true,1,
7290100700068,false,שעועית צבעונית 500 גר`,סוגת תעשיות בעמ,,,יח`,500,גרם,false,1,12.90,2.58,true,1,
7290100700075,false,פירורי לחם מוזהבים סוגת (200 גרם),סוגת תעשיות בעמ,,,יח`,200,גרם,false,1,4.90,2.45,true,1,
7290100700273,false,קינואה 500 גר`,סוגת תעשיות בעמ,,,יח`,500,גרם,false,1,16.90,3.38,true,1,
7290100700396,false,אורז יסמין סוגת (1 קג),סוגת תעשיות בעמ,,,יח`,1,"ק""ג",false,1,13.50,13.50,true,1,
7290100700587,false,בורגול סוגת (500 גרם),סוגת תעשיות בעמ,,,יח`,500,גרם,false,1,6.50,1.30,true,1,
7290100701126,false,שעועית מש סוגת (500 גרם),סוגת תעשיות בעמ,,,יח`,500,גרם,false,1,13.90,2.78,true,1,
7290100701157,false,אורז להכנת סושי סוגת (1 קג),סוגת תעשיות בעמ,,,יח`,1,"ק""ג",false,1,12.90,12.90,false,1,
7290100701454,false,בורגול דק גרישה סוגת (500 גרם),סוגת תעשיות בעמ,,,יח`,500,גרם,false,1,6.50,1.30,true,1,
7290100702994,false,סוכר דמררה בשקית סוגת (500 גרם),סוגת תעשיות בעמ,,,יח`,500,גרם,false,1,7.50,1.50,true,1,
7290100703007,false,עדשים שחורות בלוגה סוגת (500 גרם),סוגת תעשיות בעמ,,,יח`,500,גרם,false,1,8.90,1.78,true,1,
7290100704660,false,קינואה מיקס 500 גר`,סוגת תעשיות בעמ,,,יח`,500,גרם,false,1,16.90,3.38,true,1,
7290100850909,false,חטיף תירס נאצ`ו מקסיקני דוריטוס (70 גרם),שטראוס פריטו ליי בעמ,,,יח`,70,גרם,false,1,4,5.71,true,1,
7290100850916,false,חטיף תירס חמוץ חריף דוריטוס (70 גרם),שטראוס פריטו ליי בעמ,,,יח`,70,גרם,false,1,4,5.71,true,1,
7290100850923,false,חטיף תירס גריל דוריטוס (70 גרם),שטראוס פריטו ליי בעמ,,,יח`,70,גרם,false,1,4,5.71,true,1,
7290100850930,false,חטיף תירס בטעם טבעי דוריטוס (70 גרם),שטראוס פריטו ליי בעמ,,,יח`,70,גרם,false,1,4,5.71,true,1,
7290100851968,false,קפה נמס עלית 200  גר`זוג,שטראוס גרופ בעמ,,,יח`,400,גרם,false,1,39.90,9.98,false,1,
7290100858592,false,אבקת קקאו עלית (150 גרם),שטראוס גרופ בעמ,,,יח`,150,גרם,false,1,9.90,6.60,false,1,
7290100858608,false,אבקת קקאו עלית (500 גרם),שטראוס גרופ בעמ,,,יח`,500,גרם,false,1,24.50,4.90,false,1,
7290100921401,false,שמפו קרטין מחזק הוואי (700 מל),הנקל סוד בעמ,,,יח`,700,"מ""ל",false,1,8.90,1.27,false,1,
7290100921593,false,סוד כדוריות נתלה לאסלה לימון,גורי שיווק בעמ,,,יח`,1,,false,1,8.90,8.90,true,1,
7290100921616,false,סוד כדוריות נתלה לאסלה אורנים,גורי שיווק בעמ,,,יח`,1,,false,1,8.90,8.90,true,1,
7290100921623,false,סוד כדוריות נתלה לאסלה אקונומיקה,גורי שיווק בעמ,,,יח`,1,,false,1,8.90,8.90,true,1,
7290100921760,false,שמפו לשיער ולגוף ספורט הוואי (700 מל),הנקל סוד בעמ,,,יח`,700,"מ""ל",false,1,8.90,1.27,false,1,
7290100924204,false,אבקת כביסה פרסיל (8 קג),גורי שיווק בעמ,,,יח`,8,"ק""ג",false,1,51.90,6.49,false,1,
7290100924457,false,כדוריות שלישייה בניחוח לימון,גורי שיווק בעמ,,,יח`,1,,false,1,17.90,17.90,false,1,
7290100924464,false,כדוריות שלישייה אקנומיקה,גורי שיווק בעמ,,,יח`,1,,false,1,17.90,17.90,false,1,
7290100925669,false,דפים למניעת העברת צבע קולור קאצ`ר) (10,גורי שיווק בעמ,,,יח`,1,,false,1,13.90,13.90,true,1,
7290100925751,false,נוזל כלים תפוח סוד (650 מל),גורי שיווק בעמ,,,יח`,650,"מ""ל",false,1,6.90,1.06,false,1,
7290100925768,false,נוזל כלים פירות סוד (650 מל),גורי שיווק בעמ,,,יח`,650,"מ""ל",false,1,6.90,1.06,false,1,
7290100925775,false,נוזל כלים רימון ותאנים סוד (650 מל),גורי שיווק בעמ,,,יח`,650,"מ""ל",false,1,6.90,1.06,false,1,
7290100926147,false,פרסיל אבקת כביסה 2.5  קג`קולור,גורי שיווק בעמ,,,יח`,2.50,"ק""ג",false,1,26.90,10.76,true,1,
7290100927717,false,אבקת כביסה 5  קג`קולור,גורי שיווק בעמ,,,יח`,5,"ק""ג",false,1,43.80,8.76,false,1,
7290101112228,false,מאגדת גלידה פרי שמיניה אננס 8יח,פלקו בעמ,,,יח`,800,גרם,false,1,25.90,3.24,false,1,
7290101113454,false,מאגדת גלידל יוגורט אפרסק 8 יח,פלקו בעמ,,,יח`,1,,false,1,30.90,30.90,false,1,
7290101113676,false,מאגדת שלגון רמזור שישייה,פלקו בעמ,,,יח`,1,,false,1,10.90,10.90,false,1,
7290101113751,false,מאגדת שלגון יולו קרמל ושוקולד בלונדי 4 י,פלקו בעמ,,,יח`,200,גרם,false,1,18.90,9.45,false,1,
7290101113829,false,מאגדת יופלה שייק פרי מנגו 70% פרי 5 יח`,פלקו בעמ,,,יח`,350,גרם,false,1,20.90,5.97,true,1,
7290101113904,false,קרמבו מנבו 12  יח`וניל,פלקו בעמ,,,יח`,1,,false,1,23.90,23.90,false,1,
7290101410522,false,כף הופכן/תרווד למנגל לונג,אוהב ציון בעמ (מבצעים),,,יח`,1,יח`,false,1,14.90,14.90,false,1,
7290101455264,false,בקבוק שתייה דגם  שקוף-700  מל-מפרץ ההרפ,שמחה זה אנחנו בעמ,,,יח`,1,,false,1,24.90,24.90,false,1,
7290101486688,false,פרי חטיפי בריאות דגנים עם שוקולד ללס,ש.שסטוביץ בעמ,,,יח`,90,גרם,false,1,16.90,18.78,false,1,
7290101488323,false,ליידי ספיד סטיק ללא סימן ירוק חדש,ש.שסטוביץ בעמ,,,יח`,65,"מ""ל",false,1,22.90,35.23,true,1,
7290101551027,false,קפסולות 14 למכונות נספרו עלית) (10,שטראוס גרופ בעמ,,,יח`,50,גרם,false,1,18.50,37,true,1,
7290101551539,false,דנונה פרו 20  גר`אפרסק,שטראוס גרופ בעמ/מצונן,,,יח`,200,גרם,false,1,6.10,3.05,false,1,
7290101551584,false,חטיף צ`יפס קידס תפוצ`יפס) (10*20,שטראוס פריטו ליי בעמ,,,יח`,200,גרם,false,1,13.90,6.95,false,1,
7290101551638,false,מארז צ`יטוס כאפה עשירייה עלית,שטראוס פריטו ליי בעמ,,,יח`,200,גרם,false,1,13.90,6.95,true,1,
7290101863410,false,סיליט באנג אקונומיקה 750 מל,רקיט בנקיזר (ניר איסט) בעמ,,,יח`,750,"מ""ל",false,1,13.90,1.85,false,1,
7290101864127,false,ספריי להסרת כתמים וניש קליה (750 מל),רקיט בנקיזר (ניר איסט) בעמ,,,יח`,750,"מ""ל",false,1,20.90,2.79,true,1,
7290101866633,false,ג`ל להסרת כתמים וניש קליה (3 ליטר),רקיט בנקיזר (ניר איסט) בעמ,,,יח`,3,1 ליטר,false,1,30.90,10.30,true,1,
7290101866787,false,קליה ג`ל 3 ליטר,רקיט בנקיזר (ניר איסט) בעמ,,,יח`,3,1 ליטר,false,1,30.90,10.30,true,1,
7290101868958,false,פיניש נוזל הברקה 800 מל לימון,רקיט בנקיזר (ניר איסט) בעמ,,,יח`,800,"מ""ל",false,1,20.90,2.61,false,1,
7290101869726,false,ג`ל למדיח כלים All in 1 פיניש (1 ליטר),רקיט בנקיזר (ניר איסט) בעמ,,,יח`,1,1 ליטר,false,1,44.90,44.90,true,1,
7290101869795,false,מילוי מבשם אויר אוטומטי חלום ליל קיץ,רקיט בנקיזר (ניר איסט) בעמ,,,יח`,250,"מ""ל",false,1,15.90,6.36,true,1,
7290101869979,false,מקלות ריחניים אואזיס איירוויק,רקיט בנקיזר (ניר איסט) בעמ,,,יח`,1,,false,1,15.90,15.90,true,1,
7290101999584,false,נרות ג`מבו  כוכבים- הלו קיטי,שמחה זה אנחנו בעמ,,,יח`,1,,false,1,6.90,6.90,false,1,
7290102030330,false,תפוצ`יפס 200 גר` קראנץ` מקסיקני,שטראוס פריטו ליי בעמ,,,יח`,200,גרם,false,1,11.50,5.75,true,1,
7290102031276,false,שמיניית אקטימל תות בננה,שטראוס גרופ בעמ/מצונן,,,יח`,800,"מ""ל",false,1,20.90,2.61,false,1,
7290102060764,false,מרידול מברשת שיניים,ש.שסטוביץ בעמ,,,יח`,1,,false,1,30.90,30.90,false,1,
7290102060979,false,משחת שיניים אלמקס (100 מל),ש.שסטוביץ בעמ,,,יח`,100,גרם,false,1,20.90,20.90,true,1,
7290102062195,false,אלמקס ג`וניור משחת שיניים 75 מל,ש.שסטוביץ בעמ,,,יח`,75,"מ""ל",false,1,16.90,22.53,true,1,
7290102300822,false,גבינת צ`דר אנגלית כתומה 200 גרם,א. סיימן סחר בעמ,,,יח`,200,גרם,false,1,25.90,12.95,true,1,
7290102390427,false,יוגורט ביו פרופ 3% תות מולר (150 גרם),החב` המרכזית - טרה,,,יח`,150,"מ""ל",false,1,5.30,3.53,false,1,
7290102390465,false,מולר מעדן אפרסק 150 מל,החב` המרכזית - טרה,,,יח`,150,"מ""ל",false,1,5.30,3.53,false,1,
7290102390489,false,יוגורט ביו פרופ 3% לימון מולר (150 גרם),החב` המרכזית - טרה,,,יח`,150,"מ""ל",false,1,5.30,3.53,false,1,
7290102391844,false,מולר יוגורט פרי פרופ יער 150 מל,החב` המרכזית - טרה,,,יח`,150,"מ""ל",false,1,5.30,3.53,false,1,
7290102392889,false,מולר ביאנקו במתיקות מעודנת 2% 150 גר`,החב` המרכזית - טרה,,,יח`,150,"מ""ל",false,1,2.30,1.53,false,1,
7290102393039,false,מולר מיקס יוגורט קרמי,החב` המרכזית - טרה,,,יח`,170,גרם,false,1,6.20,3.65,false,1,
7290102393169,false,מולר סימפלי פרויט תות שדה,החב` המרכזית - טרה,,,יח`,150,גרם,false,1,5.30,3.53,true,1,
7290102393176,false,מולר סימפלי פרויט אפרסק,החב` המרכזית - טרה,,,יח`,150,גרם,false,1,5.30,3.53,true,1,
7290102393190,false,מולר סימפלי פרויט פירות היער,החב` המרכזית - טרה,,,יח`,150,גרם,false,1,5.30,3.53,true,1,
7290102393299,false,יוגורט עיזים 500  גר`לשתיה,החב` המרכזית - טרה,,,יח`,500,גרם,false,1,13.40,2.68,false,1,
7290102393718,false,גבינת חלומי בקר 28% משק צוריאל (200 גרם),החב` המרכזית - טרה,,,יח`,200,גרם,false,1,20.90,10.45,false,1,
7290102393855,false,יוגורט עיזים אפרסק 150 צוריאל,החב` המרכזית - טרה,,,יח`,150,גרם,false,1,6.70,4.47,false,1,
7290102393947,false,מולר סימפלי פרויט קיווי,החב` המרכזית - טרה,,,יח`,150,"מ""ל",false,1,5.30,3.53,true,1,
7290102394081,false,מולר מיקס קרמי בתוספת קורנפלקס,החב` המרכזית - טרה,,,יח`,150,"מ""ל",false,1,6.20,4.13,false,1,
7290102394258,false,מה עז 180  גר`9%,החב` המרכזית - טרה,,,יח`,180,גרם,false,1,23.70,13.17,false,1,
7290102394821,false,גבינה צהובה 200  גר`דק דק 28% אדם נעם,החב` המרכזית - טרה,,,יח`,200,גרם,false,1,17.40,8.70,false,1,
7290102394845,false,גבינה צהובה 200  גר`דק דק 9% נעם,החב` המרכזית - טרה,,,יח`,200,גרם,false,1,17.80,8.90,false,1,
7290102395217,false,מאגדת שמיניי ה במתיקות מעודנת 2%,החב` המרכזית - טרה,,,יח`,1,,false,1,19.20,19.20,false,1,
7290102395224,false,יוגורט ביו נטורל 1.7% מולר (150x8 גרם),החב` המרכזית - טרה,,,יח`,1200,גרם,false,1,18.80,1.57,false,1,
7290102395231,false,יוגורט ביו נטורל 2.8% מולר (150x8 גרם),החב` המרכזית - טרה,,,יח`,1,,false,1,18.80,18.80,false,1,
7290102395262,false,מאגדת שמינייה מולר סיפלי תות,החב` המרכזית - טרה,,,יח`,1,,false,1,31.40,31.40,false,1,
7290102395378,false,גבינה צהובה קלאסית 28% נעם (360 גרם),החב` המרכזית - טרה,,,יח`,360,גרם,false,1,20.90,5.81,false,1,
7290102395439,false,מאגדת שמינייה מולר סיפלי פרוט,החב` המרכזית - טרה,,,יח`,1,,false,1,31.40,31.40,false,1,
7290102395446,false,מעדן בטעם וניל עם קצפת מוו (123 גרם),החב` המרכזית - טרה,,,יח`,123,גרם,false,1,3,2.44,false,1,
7290102395477,false,מעדן בטעם שוקולד קצפת מוו (123 גרם),החב` המרכזית - טרה,,,יח`,123,גרם,false,1,3,2.44,false,1,
7290102395521,false,שמנת לבישול 15% 500 מל,החב` המרכזית - טרה,,,יח`,500,"מ""ל",false,1,17.40,3.48,false,1,
7290102396399,false,מעדן בטעם שוקולד מוו (100x8 גרם),החב` המרכזית - טרה,,,יח`,800,גרם,false,1,14.20,1.78,false,1,
7290102396405,false,מעדן בטעם וניל מוו (100x8 גרם),החב` המרכזית - טרה,,,יח`,800,גרם,false,1,14.20,1.78,false,1,
7290102396443,false,מעדן בטעם וניל 1.5% שומן מוו (125 גרם),החב` המרכזית - טרה,,,יח`,125,גרם,false,1,2.90,2.32,true,1,
7290102396580,false,מעדן מוו שוקולד ומוס שוקולד,החב` המרכזית - טרה,,,יח`,123,גרם,false,1,3,2.44,false,1,
7290102396597,false,מעדן מוו וניל ומוס שוקולד,החב` המרכזית - טרה,,,יח`,123,גרם,false,1,3,2.44,false,1,
7290102396665,false,גבינה צהובה דקה דקה 15% נעם (200 גרם),החב` המרכזית - טרה,,,יח`,200,גרם,false,1,17.80,8.90,false,1,
7290102396672,false,גבינה צהובה נעם דק דק 9% פתח סגור 360 ג,החב` המרכזית - טרה,,,יח`,360,גרם,false,1,27.20,7.56,false,1,
7290102396719,false,יוגורט 0% תות סימפלי מולר (150 גרם),החב` המרכזית - טרה,,,יח`,150,גרם,false,1,5.30,3.53,true,1,
7290102396726,false,יוגורט 0% אפרסק סימפלי מולר (150 גרם),החב` המרכזית - טרה,,,יח`,150,גרם,false,1,5.30,3.53,false,1,
7290102396740,false,מאגדת שמינייה מולר סיפלי 0%,החב` המרכזית - טרה,,,יח`,1,,false,1,31.40,31.40,false,1,
7290102397310,false,מאגדת שמינייה מיני מוו שוקולד קצפת,החב` המרכזית - טרה,,,יח`,1,,false,1,13.20,13.20,false,1,
7290102397334,false,בולגרית 5% בגביע 250  גר`צוריאל,החב` המרכזית - טרה,,,יח`,250,גרם,false,1,24.10,9.64,false,1,
7290102397464,false,מולר  נטורל+פקאן גרעינים וחמוציות 150,החב` המרכזית - טרה,,,יח`,150,גרם,false,1,6.20,4.13,false,1,
7290102397600,false,מולר מיקס שקדים ובוטנים בקרמל 170 גרם,החב` המרכזית - טרה,,,יח`,170,גרם,false,1,6.20,3.65,false,1,
7290102397617,false,מולר מיקס קליק 170 גרם,החב` המרכזית - טרה,,,יח`,170,גרם,false,1,6.20,3.65,false,1,
7290102397679,false,קוטג`וחצי 5% 375 גר,החב` המרכזית - טרה,,,יח`,375,גרם,false,1,8.30,2.21,false,1,
7290102397730,false,גבינה צהובה אמנטל 30% נעם (200 גרם),החב` המרכזית - טרה,,,יח`,200,גרם,false,1,17.80,8.90,false,1,
7290102397891,false,גבינה מותכת 100 גר צוריאל,החב` המרכזית - טרה,,,יח`,100,גרם,false,1,7.90,7.90,false,1,
7290102398065,false,חלב קרטון 2 ליטר 3% מהדרין וסט,החב` המרכזית - טרה,,,יח`,2,1 ליטר,false,1,12.46,6.23,false,1,
7290102398560,false,משקה שוקו מועשר בבקבוק 1 ליטר טרה,החב` המרכזית - טרה,,,יח`,1,1 ליטר,false,1,12.10,12.10,false,1,
7290102398577,false,שוקו מעושר בבקבוק 250 מל טרה,החב` המרכזית - טרה,,,יח`,250,"מ""ל",false,1,5.20,2.08,false,1,
7290102398614,false,משקה חלב בטעם בננה 1 ליטר טרה,החב` המרכזית - טרה,,,יח`,1,1 ליטר,false,1,12.10,12.10,false,1,
7290102398638,false,משקה חלב בטעם מוקה 1 ליטר טרה,החב` המרכזית - טרה,,,יח`,1,1 ליטר,false,1,12.10,12.10,false,1,
7290102398669,false,משקה חלב אייס קפוצינו 1 ליטר טרה,החב` המרכזית - טרה,,,יח`,1,1 ליטר,false,1,12.10,12.10,false,1,
7290102398799,false,משקה סויה במתיקות מופחת 1 ליטר משק צוריא,החב` המרכזית - טרה,,,יח`,1,1 ליטר,false,1,10.90,10.90,false,1,
7290102398805,false,משקה סויה בטעם וניל 1 ליטר משק צוריאל,החב` המרכזית - טרה,,,יח`,1,1 ליטר,false,1,10.90,10.90,false,1,
7290102399635,false,Muller Froop TROPICAL קוקוס ואננס 4.1% ש,החב` המרכזית - טרה,,,יח`,150,"מ""ל",false,1,5.30,3.53,false,1,
7290102399697,false,מולר סימפלי פרויט מנגו 1.5%,החב` המרכזית - טרה,,,יח`,150,גרם,false,1,5.30,3.53,false,1,
7290102399789,false,ממרח חמאה מולר ללא מלח 250 גר`,החב` המרכזית - טרה,,,יח`,250,גרם,false,1,17.80,7.12,false,1,
7290102399796,false,יוגורט מולר אקטיב לבן חלבון 25 גר,החב` המרכזית - טרה,,,יח`,200,גרם,false,1,6.20,3.10,true,1,
7290102399802,false,יוגורט מולר אקטיב תות חלבון 20גר,החב` המרכזית - טרה,,,יח`,200,גרם,false,1,6.20,3.10,true,1,
7290102399819,false,יוגורט מולר אקטיב פירות יער חלבון 20גר,החב` המרכזית - טרה,,,יח`,200,גרם,false,1,6.20,3.10,true,1,
7290102399857,false,מולר אקטיב לייט יוגורט 20 גר חלבון ( 200,החב` המרכזית - טרה,,,יח`,100,גרם,false,1,5.80,5.80,true,1,
7290103120658,false,ספיד סטיק 24/7 גל שחור,ש.שסטוביץ בעמ,,,יח`,85,גרם,false,1,16.90,19.88,false,1,
7290103124588,false,פלמוליב ג`ל רחצה ארומה לבנדר 750 מל,ש.שסטוביץ בעמ,,,יח`,750,"מ""ל",false,1,20.90,2.79,true,1,
7290103124601,false,פלמוליב חלב ודבש 750מל חדש,ש.שסטוביץ בעמ,,,יח`,750,"מ""ל",false,1,20.90,2.79,true,1,
7290103126797,false,קולגייט סנסיטיב פרו ריליף 75 מל,ש.שסטוביץ בעמ,,,יח`,110,גרם,false,1,19.90,18.09,false,1,
7290103128739,false,צמרונים לתינוק בלונס) (50,ש.שסטוביץ בעמ,,,יח`,1,יח`,false,1,7.50,7.50,false,1,
7290103150952,false,מפות שולחן עבה במיוחד 135/300 לפיד (6),פאלאס תעשיות נטו (2014) בעמ,,,יח`,1,,false,1,12.20,12.20,true,1,
7290103150969,false,מפות שולחן עבה במיוחד 135/240 לפיד (8),פאלאס תעשיות נטו (2014) בעמ,,,יח`,1,,false,1,12.20,12.20,true,1,
7290103152956,false,פאלאס תבנית גדולה/רחבה/עמוקה/עגולה,פאלאס תעשיות נטו (2014) בעמ,,,יח`,1,,false,1,1.60,1.60,true,1,
7290103152987,false,פאלאס תבניות אלומיניום קטן/אינגליש,פאלאס תעשיות נטו (2014) בעמ,,,יח`,1,,false,1,1.30,1.30,true,1,
7290103156473,false,כפיות לפיד (100),פאלאס תעשיות נטו (2014) בעמ,,,יח`,1,,false,1,10.90,10.90,true,1,
7290103156480,false,מזלג חד פעמי לפיד (100),פאלאס תעשיות נטו (2014) בעמ,,,יח`,1,,false,1,10.90,10.90,true,1,
7290103156930,false,כוס יהלום לפיד (40),פאלאס תעשיות נטו (2014) בעמ,,,יח`,1,,false,1,14.90,14.90,true,1,
7290103157104,false,רביעייה מפות אלבד לבן,פאלאס תעשיות נטו (2014) בעמ,,,יח`,1,,false,1,14.90,14.90,false,1,
7290103157135,false,צלחות גדולות לבן מילאנו כסף 10 יח,פאלאס תעשיות נטו (2014) בעמ,,,יח`,1,,false,1,18.30,18.30,false,1,
7290103401429,false,קפה PLATINUM ברזילאי 200 גר,שטראוס גרופ בעמ,,,יח`,200,גרם,false,1,24.90,12.45,true,1,
7290103404758,false,כרוב אדום במיונז אחלה (120 גרם),שטראוס גרופ בעמ/מצונן,,,יח`,120,גרם,false,1,5.10,4.25,false,1,
7290103408206,false,עלי חסה ערבית שטופים 250 גר טעם הטבע,שטראוס גרופ בעמ/מצונן,,,יח`,250,גרם,false,1,10.10,4.04,false,1,
7290103700997,false,טואלט לאבלי 40 לבן.,שניב תעשיות נייר בעמ,,,יח`,1,,false,1,39.90,39.90,false,1,
7290103702212,false,טאצ ממחטות כיס,שניב תעשיות נייר בעמ,,,יח`,1,,false,1,7.50,7.50,false,1,
7290103702663,false,מגבות מטבח לובלי שמנייה,שניב תעשיות נייר בעמ,,,יח`,1,,false,1,14.90,14.90,false,1,
7290103704155,false,מגבות  טאצ`6,שניב תעשיות נייר בעמ,,,יח`,1,,false,1,11.90,11.90,false,1,
7290103704162,false,נייר טואלט  טאצ`32 גלילים פרמיום,שניב תעשיות נייר בעמ,,,יח`,1,,false,1,28.90,28.90,false,1,
7290103704575,false,טואלט  טאצ`48 פרמיום,שניב תעשיות נייר בעמ,,,יח`,1,,false,1,38.90,38.90,false,1,
7290104061417,false,חומוס עם טחינה אחלה (400 גרם),שטראוס גרופ בעמ/מצונן,,,יח`,400,גרם,false,1,12.10,3.03,false,1,
7290104061431,false,חומוס עם צנובר אחלה (400 גרם),שטראוס גרופ בעמ/מצונן,,,יח`,400,גרם,false,1,12.10,3.03,false,1,
7290104061448,false,חומוס וחריף אחלה (400 גרם),שטראוס גרופ בעמ/מצונן,,,יח`,400,גרם,false,1,12.10,3.03,false,1,
7290104062599,false,מעדן בטעם תות בננה גמדים (100x8 גרם),שטראוס גרופ בעמ/מצונן,,,יח`,800,"מ""ל",false,1,19.20,2.40,false,1,
7290104065934,false,עלי רוקט שטראוס 150 גר`-טעם הטבע,שטראוס גרופ בעמ/מצונן,,,יח`,150,גרם,false,1,10.50,7,false,1,
7290104066566,false,טחינה משומשום מלא אחלה (500 גרם),שטראוס גרופ בעמ/מצונן,,,יח`,500,גרם,false,1,15.60,3.12,true,1,
7290104068539,false,מסטיק מאסט מלון ואבטיח ללס,שטראוס גרופ בעמ,,,יח`,28,גרם,false,1,5,17.86,false,1,
7290104068546,false,מאסט טעם קולה לימון ללס 28 ג,שטראוס גרופ בעמ,,,יח`,28,גרם,false,1,5,17.86,false,1,
7290104500572,false,אפרופו 50  גר`איטליאנו,קבוצת אסם סחר שות. מוגבלת,,,יח`,50,גרם,false,1,5.70,11.40,true,1,
7290104501661,false,פודינג בטעם וניל צרפתי 80  גר`אסם,קבוצת אסם סחר שות. מוגבלת,,,יח`,80,גרם,false,1,6.80,8.50,false,1,
7290104503184,false,עוגת הבית בראוניס שבת שוקולד ריבת חלב 38,קבוצת אסם סחר שות. מוגבלת,,,יח`,380,גרם,false,1,19.60,5.16,false,1,
7290104508189,false,גביעי גלידה אסם) (24,קבוצת אסם סחר שות. מוגבלת,,,יח`,95,גרם,false,1,15.20,16,false,1,
7290104508202,false,גביעי גלידה אמריקאים אסם) (24,קבוצת אסם סחר שות. מוגבלת,,,יח`,120,גרם,false,1,15.20,12.67,false,1,
7290104508943,false,במבה אסם (200 גרם),קבוצת אסם סחר שות. מוגבלת,,,יח`,200,גרם,false,1,10.50,5.25,true,1,
7290104570162,false,תמר כבוש 500  גר`בית שאן שוקחה,בני ג`ורג` שוקחה (חיפה) בעמ,,,יח`,500,גרם,false,1,13.90,2.78,false,1,
7290104720499,false,מארז 8 דני וניל,שטראוס גרופ בעמ/מצונן,,,יח`,1,1 ליטר,false,1,16.80,16.80,false,1,
7290104721762,false,קפה טורקי עלית (85x3 גרם),שטראוס גרופ בעמ,,,יח`,255,גרם,false,1,19.90,7.80,false,1,
7290104721953,false,לקט מסולסלים 350 גרם שטראוס טעם הטבע,שטראוס גרופ בעמ/מצונן,,,יח`,350,גרם,false,1,13.50,3.86,false,1,
7290104722530,false,תפוצ`יפס 200 גר` שמנת בצל,שטראוס פריטו ליי בעמ,,,יח`,200,גרם,false,1,11.50,5.75,true,1,
7290104726262,false,מארז 4 דני לשתייה,שטראוס גרופ בעמ/מצונן,,,יח`,500,גרם,false,1,11.40,2.28,false,1,
7290104726712,false,מילקי שמיניה,שטראוס גרופ בעמ/מצונן,,,יח`,868,"מ""ל",false,1,20.90,2.41,false,1,
7290104729003,false,שמן זית כתית מעולה יד מרדכי (750 מל),שטראוס גרופ בעמ,,,יח`,750,"מ""ל",false,1,34.90,4.65,true,1,
7290104851230,false,צלחת מרק זהב 25 יח פאלאס,פאלאס תעשיות נטו (2014) בעמ,,,יח`,1,,false,1,11.90,11.90,true,1,
7290104851339,false,צלחת קטנה קרם 25 יח פאלאס,פאלאס תעשיות נטו (2014) בעמ,,,יח`,1,,false,1,9.90,9.90,true,1,
7290104851346,false,צלחת קטנה זהב 25 יח פאלאס,פאלאס תעשיות נטו (2014) בעמ,,,יח`,1,,false,1,10.90,10.90,true,1,
7290104851681,false,קערית אובלית זהב 25 יח פאלאס,פאלאס תעשיות נטו (2014) בעמ,,,יח`,1,,false,1,8.90,8.90,true,1,
7290104961526,false,טיטניום ספרי גוף קלאסי 150 מל,החברה הדרומית לשיווק בעמ,,,יח`,150,"מ""ל",false,1,10.90,7.27,true,1,
7290104961533,false,טיטניום ספרי גוף בלק 150 מל,החברה הדרומית לשיווק בעמ,,,יח`,150,"מ""ל",false,1,10.90,7.27,true,1,
7290104961878,false,שמפו קרטין טהור נטורל פורמולה (400 מל),החברה הדרומית לשיווק בעמ,,,יח`,400,"מ""ל",false,1,31.90,7.98,false,1,
7290104963001,false,סופטקר מגבונים רביעייה,החברה הדרומית לשיווק בעמ,,,יח`,1,,false,1,16.90,16.90,false,1,
7290104963711,false,סופטקר שמפו אל דמע 770,החברה הדרומית לשיווק בעמ,,,יח`,770,"מ""ל",false,1,19.30,2.51,true,1,
7290104965647,false,דאו נושם רול און קרליין sweet kiss,החברה הדרומית לשיווק בעמ,,,יח`,75,גרם,false,1,13.90,18.53,true,1,
7290105100054,false,מטריה אוטומטי מתקפל,טומי - קונסיגנציה,,,יח`,1,,false,1,15.90,15.90,false,1,
7290105100108,false,מטריה 28 ארוכה,טומי - קונסיגנציה,,,יח`,1,,false,1,19.90,19.90,false,1,
7290105105905,false,נעלי בית חורפי,טומי - קונסיגנציה,,,יח`,1,,false,1,19.90,19.90,false,1,
7290105107534,false,מטריה רב צלעות,טומי - קונסיגנציה,,,יח`,1,,false,1,29.90,29.90,false,1,
7290105107572,false,כובע חורפי,טומי - קונסיגנציה,,,יח`,1,,false,1,24.90,24.90,false,1,
7290105108272,false,מטריה מיני אוטו עמיד ברוח,טומי - קונסיגנציה,,,יח`,1,,false,1,29.90,29.90,false,1,
7290105109095,false,כובע חורפי,טומי - קונסיגנציה,,,יח`,1,,false,1,29.90,29.90,false,1,
7290105360335,false,קפסולות 7 עדין וקטיפתי עלית) (10,שטראוס גרופ בעמ,,,יח`,50,גרם,false,1,18.50,37,true,1,
7290105362339,false,שמנת לבישול 15% יטבתה (250 מל),שטראוס גרופ בעמ/מצונן,,,יח`,250,"מ""ל",false,1,8.60,3.44,true,1,
7290105363602,false,מקלות כיף כף קלאסי עלית (40 גרם),שטראוס גרופ בעמ,,,יח`,40,גרם,false,1,5.70,14.25,true,1,
7290105364289,false,כיף כף מקלות פצפוצים,שטראוס גרופ בעמ,,,יח`,40,גרם,false,1,5.70,14.25,true,1,
7290105366023,false,חצילים בטעם כבד אחלה (400 גרם),שטראוס גרופ בעמ/מצונן,,,יח`,400,גרם,false,1,16.20,4.05,true,1,
7290105366047,false,טחינה לבנה אחלה (400 גרם),שטראוס גרופ בעמ/מצונן,,,יח`,400,גרם,false,1,16.20,4.05,true,1,
7290105366993,false,סימפוניה 200 גר פלפל שיפקה חריף,שטראוס גרופ בעמ/מצונן,,,יח`,200,גרם,false,1,12.20,6.10,false,1,
7290105368331,false,מילקי תות פיקוח,שטראוס גרופ בעמ/מצונן,,,יח`,130,"מ""ל",false,1,2.80,2.15,false,1,
7290105368928,false,שמנת חמוצה 9% יטבתה (200 מל),שטראוס גרופ בעמ/מצונן,,,יח`,200,"מ""ל",false,1,3.20,1.60,false,1,
7290105369130,false,סימפוניה 200 גר בצל ירוק 5%,שטראוס גרופ בעמ/מצונן,,,יח`,200,גרם,false,1,12.20,6.10,false,1,
7290105431516,false,חטיף תמרים ובוטנים פרי (5  יח`- 125 גרם),ש.שסטוביץ בעמ,,,יח`,125,גרם,false,1,16.90,13.52,false,1,
7290105439499,false,מיונז הולנדי מאסטר שף (483 גר`),ש.שסטוביץ בעמ,,,יח`,483,גרם,false,1,12.50,2.59,false,1,
7290105439505,false,מיונז לייט 479 גר מנה מאסטר שף,ש.שסטוביץ בעמ,,,יח`,479,גרם,false,1,12.90,2.69,false,1,
7290105439581,false,חרדל דיז`ון צרפתי מאסטר שף (370 גרם),ש.שסטוביץ בעמ,,,יח`,370,גרם,false,1,12.90,3.49,false,1,
7290105691224,false,חטיף טורטיה שום ובצל אסם (60 גרם),קבוצת אסם סחר שות. מוגבלת,,,יח`,60,גרם,false,1,9,15,true,1,
7290105691248,false,חטיף טורטיה תירס אסם (60 גרם),קבוצת אסם סחר שות. מוגבלת,,,יח`,60,גרם,false,1,9,15,true,1,
7290105691934,false,קמח שמרים אסם (1 קג),קבוצת אסם סחר שות. מוגבלת,,,יח`,1,"ק""ג",false,1,12.20,12.20,false,1,
7290105693341,false,במבה אסם (25x10 גרם),קבוצת אסם סחר שות. מוגבלת,,,יח`,250,גרם,false,1,17.30,6.92,true,1,
7290105693457,false,עוגת הבית דמקה שוקו וניל 320  גר`בחושות,קבוצת אסם סחר שות. מוגבלת,,,יח`,320,גרם,false,1,12.50,3.91,false,1,
7290105694614,false,ספגטי מהיר הכנה אסם (500 גרם),קבוצת אסם סחר שות. מוגבלת,,,יח`,500,גרם,false,1,6.10,1.22,true,1,
7290105695024,false,פתיתים אפויים 500 גר` אורז עם אטריות אסם,קבוצת אסם סחר שות. מוגבלת,,,יח`,1,,false,1,7.70,7.70,true,1,
7290105695321,false,עוגת בראוניז פאדג`,קבוצת אסם סחר שות. מוגבלת,,,יח`,400,גרם,false,1,19.60,4.90,false,1,
7290105962331,false,סחוג חריף מאוד 220 גרם,שטראוס גרופ בעמ/מצונן,,,יח`,220,גרם,false,1,9.90,4.50,false,1,
7290105964564,false,חומוס אחלה (400 גרם),שטראוס גרופ בעמ/מצונן,,,יח`,400,גרם,false,1,9.10,2.28,false,1,
7290105965738,false,דנונה לשתיה תות בננה,שטראוס גרופ בעמ/מצונן,,,יח`,263,"מ""ל",false,1,5.20,1.98,false,1,
7290105966469,false,חומץ בלסמי ממודנה יד מרדכי (250 מל),שטראוס גרופ בעמ,,,יח`,250,גרם,false,1,13.90,5.56,false,1,
7290105968098,false,סלט קולסלאו אחלה (500 גרם),שטראוס גרופ בעמ/מצונן,,,יח`,500,גרם,false,1,16.80,3.36,true,1,
7290105968654,false,רביולי עם בטטה פרווה שטראוס (400 גרם),שטראוס גרופ בעמ/מצונן,,,יח`,400,גרם,false,1,21.70,5.43,true,1,
7290105968777,false,אנרג`י פריכיות תחתית שוקולד מריר,שטראוס גרופ בעמ,,,יח`,80,גרם,false,1,9.40,11.75,false,1,
7290106520066,false,רבע לשבע - רגיל,שטראוס גרופ בעמ,,,יח`,160,גרם,false,1,14.20,8.88,false,1,
7290106520288,false,דנונה WOW תות 150 גר`,שטראוס גרופ בעמ/מצונן,,,יח`,150,גרם,false,1,4.60,3.07,true,1,
7290106520905,false,סלט טורקי אחלה (400 גרם),שטראוס גרופ בעמ/מצונן,,,יח`,400,גרם,false,1,17.20,4.30,true,1,
7290106520912,false,שמנת לבישול 9% יטבתה (250 מל),שטראוס גרופ בעמ/מצונן,,,יח`,258,"מ""ל",false,1,8.60,3.33,true,1,
7290106521049,false,קוביות סלק אחלה (400 גרם),שטראוס גרופ בעמ/מצונן,,,יח`,400,גרם,false,1,16.20,4.05,true,1,
7290106524439,false,חטיף פופס תפוצ`יפס (60 גרם),שטראוס פריטו ליי בעמ,,,יח`,60,גרם,false,1,4,6.67,false,1,
7290106525368,false,רבע לשבע שחור לבן 160 גר`,שטראוס גרופ בעמ,,,יח`,125,גרם,false,1,14.20,11.36,false,1,
7290106526822,false,אנרג`י פריכיות תחתית שוקולד,שטראוס גרופ בעמ,,,יח`,70,גרם,false,1,9.40,13.43,false,1,
7290106528567,false,חטיף תירס גריל דוריטוס (185 גרם),שטראוס פריטו ליי בעמ,,,יח`,185,גרם,false,1,7.90,4.27,false,1,
7290106572027,false,קרקר לחמית חמישה דגנים אסם (190 גרם),קבוצת אסם סחר שות. מוגבלת,,,יח`,190,גרם,false,1,10,5.26,true,1,
7290106572959,false,מארז אפרופו קלאסי 25*5,קבוצת אסם סחר שות. מוגבלת,,,יח`,125,גרם,false,1,14.20,11.36,true,1,
7290106573628,false,חומוס עם טחינה צבר (400 גרם),קבוצת אסם סחר שות. מוגבלת,,,יח`,400,גרם,false,1,13.30,3.33,false,1,
7290106574793,false,עוגת הבית שוקוצ`יפס אסם (350 גרם),קבוצת אסם סחר שות. מוגבלת,,,יח`,350,גרם,false,1,12.50,3.57,false,1,
7290106574953,false,בייגלה שטוחים עם שומשום,קבוצת אסם סחר שות. מוגבלת,,,יח`,300,גרם,false,1,10.10,3.37,true,1,
7290106574977,false,בייגלה שטוחים טבעות עם מלח אסם (300 גר,קבוצת אסם סחר שות. מוגבלת,,,יח`,300,גרם,false,1,10.10,3.37,true,1,
7290106575257,false,עוגת הבית סופלה טעם שוקולד,קבוצת אסם סחר שות. מוגבלת,,,יח`,340,גרם,false,1,12.50,3.68,false,1,
7290106576513,false,חומוס צבר (400 גרם),קבוצת אסם סחר שות. מוגבלת,,,יח`,500,גרם,false,1,12.20,2.44,false,1,
7290106576537,false,חומוס מסעדה צבר (700 גרם),קבוצת אסם סחר שות. מוגבלת,,,יח`,700,גרם,false,1,10.90,1.56,false,1,
7290106576797,false,לה קרמריה 1.4 וניל,נגה גלידות שותפות מוגבלת,,,יח`,1.40,1 ליטר,false,1,23.40,16.71,true,1,
7290106576834,false,לה קרמריה 1.4 פונטש בננה,נגה גלידות שותפות מוגבלת,,,יח`,1.40,1 ליטר,false,1,23.40,16.71,true,1,
7290106576858,false,לה קרמריה 1.4 תותים בשמנת,נגה גלידות שותפות מוגבלת,,,יח`,1.40,1 ליטר,false,1,23.40,16.71,true,1,
7290106576919,false,לה קרמריה 1.4 סורבה תות לימון,נגה גלידות שותפות מוגבלת,,,יח`,1.40,1 ליטר,false,1,23.40,16.71,true,1,
7290106576957,false,לה קרמריה 1.4 שוקו וניל פרווה,נגה גלידות שותפות מוגבלת,,,יח`,1.40,1 ליטר,false,1,23.40,16.71,true,1,
7290106577039,false,לה קרמריה 1.4 וניל שוקו,נגה גלידות שותפות מוגבלת,,,יח`,1.40,1 ליטר,false,1,23.40,16.71,true,1,
7290106577282,false,טחינה אמיתית צבר (400 גרם),קבוצת אסם סחר שות. מוגבלת,,,יח`,400,גרם,false,1,12.50,3.13,false,1,
7290106577541,false,סלט כרוב אדום צבר (400 גרם),קבוצת אסם סחר שות. מוגבלת,,,יח`,400,גרם,false,1,11.80,2.95,false,1,
7290106577572,false,צבר מרובע סלט מטבוחה 400 גר`,קבוצת אסם סחר שות. מוגבלת,,,יח`,400,גרם,false,1,13.20,3.30,false,1,
7290106578692,false,במבה ביסלי מיקס 80 גר`,קבוצת אסם סחר שות. מוגבלת,,,יח`,80,גרם,false,1,4.40,5.50,true,1,
7290106578821,false,עוגת הבית שמרים שוקולד קלאסית,קבוצת אסם סחר שות. מוגבלת,,,יח`,350,גרם,false,1,19.30,5.51,false,1,
7290106653689,false,לקט לסלט אסייתי 350 גר`-טעם הטבע,שטראוס גרופ בעמ/מצונן,,,יח`,350,גרם,false,1,11.20,3.20,false,1,
7290106654099,false,מארז מילקי CAKE שמיניה,שטראוס גרופ בעמ/מצונן,,,יח`,272,גרם,false,1,20.30,7.46,false,1,
7290106656727,false,חיוכיםשוקו 600 גר בדצ,שטראוס גרופ בעמ,,,יח`,600,גרם,false,1,19.30,3.22,false,1,
7290106656734,false,חיוכים וניל600 גר בדצ,שטראוס גרופ בעמ,,,יח`,600,גרם,false,1,19.30,3.22,false,1,
7290106663558,false,רוטב טריאקי יד מרדכי (320 גר` ),שטראוס גרופ בעמ,,,יח`,320,גרם,false,1,14.90,4.66,false,1,
7290106664555,false,רוטב שמנת עם עגבניות 9% יטבתה (250 מל),שטראוס גרופ בעמ/מצונן,,,יח`,250,"מ""ל",false,1,10.10,4.04,true,1,
7290106664562,false,רוטב שמנת עם פטריות 9% יטבתה (250 מל),שטראוס גרופ בעמ/מצונן,,,יח`,250,"מ""ל",false,1,10.10,4.04,true,1,
7290106666788,false,סוכ`נוסטלגיה דבש ממולאות,שטראוס גרופ בעמ,,,יח`,80,גרם,false,1,6.90,8.63,false,1,
7290106667266,false,חטיף תירס חמוץ חריף דוריטוס (185 גרם),שטראוס פריטו ליי בעמ,,,יח`,185,גרם,false,1,7.90,4.27,false,1,
7290106668577,false,יד מרדכי מיץ לימון 250 מל,שטראוס גרופ בעמ,,,יח`,250,"מ""ל",false,1,7.90,3.16,true,1,
7290106668713,false,יוגורט 3% פירות יער דנונה (150 גרם),שטראוס גרופ בעמ/מצונן,,,יח`,150,גרם,false,1,3.90,2.60,false,1,
7290106669857,false,קפסולות קפה עלית בטעם וניל 50 גר,שטראוס גרופ בעמ,,,יח`,50,גרם,false,1,18.50,37,true,1,
7290106720626,false,חטיף תירס בטעם גבינה צ`יטוס (80 גרם),שטראוס פריטו ליי בעמ,,,יח`,80,גרם,false,1,5,6.25,false,1,
7290106721920,false,צנצנת ספירמינט צ`יקלט,שטראוס גרופ בעמ,,,יח`,66,גרם,false,1,11.50,17.42,true,1,
7290106723689,false,עלי תרד בייבי 200 גר`שטראוס טעם הטבע,שטראוס גרופ בעמ/מצונן,,,יח`,200,גרם,false,1,11.20,5.60,false,1,
7290106726178,false,דנונה WOW פירות יער 150 גר`,שטראוס גרופ בעמ/מצונן,,,יח`,150,גרם,false,1,4.60,3.07,true,1,
7290106727984,false,כיף כף פצפצים עלית (135 גרם),שטראוס גרופ בעמ,,,יח`,135,גרם,false,1,10.90,8.07,false,1,
7290106728127,false,חלב טבעי 3.6% יטבתה (1 ליטר),שטראוס גרופ בעמ/מצונן,,,יח`,1000,"מ""ל",false,1,7.80,0.78,false,1,
7290107280013,false,מגבוני בד לחים ליטופים) (72x5,החברה הדרומית לשיווק בעמ,,,יח`,1,,false,1,20.90,20.90,true,1,
7290107280020,false,מטליות לחות לניקוי כללי סושי סנו) (50x3,החברה הדרומית לשיווק בעמ,,,יח`,1,,false,1,19.90,19.90,true,1,
7290107280099,false,מגבוני טואלט לחים סנו סופט) (48x3,החברה הדרומית לשיווק בעמ,,,יח`,1,,false,1,15.90,15.90,false,1,
7290107280129,false,שקיות אשפה חזקות 90x78 סנו סושי) (20,החברה הדרומית לשיווק בעמ,,,יח`,1,,false,1,24.90,24.90,false,1,
7290107280341,false,ריצפז פרש מטליות חד פעמיות ניחוח מלון מפ,החברה הדרומית לשיווק בעמ,,,יח`,1,,false,1,12.90,12.90,true,1,
7290107280570,false,מקסימה ג`ל כביסהבלי להפריד,החברה הדרומית לשיווק בעמ,,,יח`,3,1 ליטר,false,1,34.60,11.53,true,1,
7290107280709,false,ספארק נוזל הברקה למדיח סנו (700 מל),החברה הדרומית לשיווק בעמ,,,יח`,900,"מ""ל",false,1,17.30,1.92,true,1,
7290107280716,false,ספארק מלח למדיח סנו (2 קג),החברה הדרומית לשיווק בעמ,,,יח`,2,"ק""ג",false,1,11.90,5.95,true,1,
7290107280723,false,נוזל לניקוי כלים לימון 700 מל,החברה הדרומית לשיווק בעמ,,,יח`,700,"מ""ל",false,1,8.90,1.27,true,1,
7290107280730,false,נוזל לניקוי כלים 700מל בניחוח לבנדר,החברה הדרומית לשיווק בעמ,,,יח`,700,"מ""ל",false,1,8.90,1.27,true,1,
7290107280747,false,נוזל לניקוי כלים קלאסי 700 מל,החברה הדרומית לשיווק בעמ,,,יח`,700,"מ""ל",false,1,8.90,1.27,true,1,
7290107280754,false,נוזל לניקוי כלים היפואלרגני,החברה הדרומית לשיווק בעמ,,,יח`,700,"מ""ל",false,1,8.90,1.27,true,1,
7290107280761,false,נוזל לניקוי כלים בניחוח לימון 1ליטר,החברה הדרומית לשיווק בעמ,,,יח`,1,1 ליטר,false,1,12.20,12.20,false,1,
7290107280822,false,ריצפז פרש הום בניחוח ספא מרגיע,החברה הדרומית לשיווק בעמ,,,יח`,2,1 ליטר,false,1,22.90,11.45,true,1,
7290107341370,false,כבל טייפסי imx,קונסיגנציה-איי.איקס.אם ישראל ב,,,יח`,1,,false,1,18.90,18.90,false,1,
7290107645584,false,מרק עוף רכיבים טבעיים 400  גר`קנור,יוניליוור ישראל שיווק בעמ,,,יח`,400,גרם,false,1,29.50,7.38,true,1,
7290107645591,false,מרק טעם עוף רכיבים טבעיים 400  גר`קנור,יוניליוור ישראל שיווק בעמ,,,יח`,400,גרם,false,1,18.30,4.58,true,1,
7290107646062,false,מרק בצל רכיבים טבעיים 400  גר`קנור,יוניליוור ישראל שיווק בעמ,,,יח`,400,גרם,false,1,29.50,7.38,true,1,
7290107646925,false,ברנפלקס אקסטרה פייבר ללתס 410  גר`תלמה,יוניליוור ישראל שיווק בעמ,,,יח`,410,גרם,false,1,26.50,6.46,true,1,
7290107646970,false,ממרח איולי שום 250  גר`תלמה.,יוניליוור ישראל שיווק בעמ,,,יח`,250,גרם,false,1,7.90,3.16,true,1,
7290107647359,false,שלישיית סבון אסלה ל5 פעולות בניחוח אוקיי,יוניליוור ישראל שיווק בעמ,,,יח`,0,גרם,false,1,15.90,15.90,true,1,
7290107647366,false,שלישיית סבון אסלה ל5 פעולות בניחוח ים ד,יוניליוור ישראל שיווק בעמ,,,יח`,0,גרם,false,1,15.90,15.90,true,1,
7290107647731,false,קוקומן חום לבן 20% פחות סוכר 375 גר`,יוניליוור ישראל שיווק בעמ,,,יח`,375,גרם,false,1,23.50,6.27,true,1,
7290107647823,false,ברנפלקס מהדרין תלמה (500 גרם),יוניליוור ישראל שיווק בעמ,,,יח`,500,גרם,false,1,23.40,4.68,true,1,
7290107647854,false,שוגי 500 גר`,יוניליוור ישראל שיווק בעמ,,,יח`,500,גרם,false,1,20.30,4.06,true,1,
7290107648943,false,ברנפלקס קרנצ`ים מייפל 375 גר`,יוניליוור ישראל שיווק בעמ,,,יח`,375,גרם,false,1,24.40,6.51,true,1,
7290107649100,false,טבעות שומשום 300 גרם,יוניליוור ישראל שיווק בעמ,,,יח`,300,גרם,false,1,11.50,3.83,true,1,
7290107871990,false,פסטה צינורות מהדרין אסם (500 גרם),קבוצת אסם סחר שות. מוגבלת,,,יח`,500,גרם,false,1,6.10,1.22,true,1,
7290107874427,false,מיני פריכונים בטעם זעתר אסם (25 גרם),קבוצת אסם סחר שות. מוגבלת,,,יח`,1,,false,1,4.90,4.90,false,1,
7290107874502,false,ביסלי חטיף בטעם גריל אסם (55x4 גרם),קבוצת אסם סחר שות. מוגבלת,,,יח`,220,גרם,false,1,13.20,6,true,1,
7290107875004,false,פופקו חמאה ודבש מארז 12 יח,קבוצת אסם סחר שות. מוגבלת,,,יח`,1,,false,1,20.90,20.90,true,1,
7290107875158,false,אסם-מארז במבה קלאסי.,קבוצת אסם סחר שות. מוגבלת,,,יח`,240,גרם,false,1,14.20,5.92,false,1,
7290107875271,false,ביסלי ברביקיו מארז 4יח*55גרם,קבוצת אסם סחר שות. מוגבלת,,,יח`,220,גרם,false,1,13.20,6,true,1,
7290107875820,false,קרוטונים אפויים בתיבול ביתי,קבוצת אסם סחר שות. מוגבלת,,,יח`,180,גרם,false,1,12.20,6.78,false,1,
7290107877619,false,במבה במילוי נוגט אסם (30x5 גרם),קבוצת אסם סחר שות. מוגבלת,,,יח`,150,גרם,false,1,16.30,10.87,true,1,
7290107879521,false,מאגדת לה פרוטה תות,נגה גלידות שותפות מוגבלת,,,יח`,350,גרם,false,1,28.50,8.14,false,1,
7290107930321,false,קונפיטורת דובדבן יד מרדכי (340 גרם),שטראוס גרופ בעמ,,,יח`,340,גרם,false,1,12.90,3.79,false,1,
7290107931397,false,כיף כף פצפצים עלית (40 גרם),שטראוס גרופ בעמ,,,יח`,40,גרם,false,1,6.10,15.25,true,1,
7290107932134,false,חלב מועשר 1% בבקבוק יטבתה (1 ליטר),שטראוס גרופ בעמ/מצונן,,,יח`,1000,"מ""ל",false,1,7.80,0.78,false,1,
7290107933155,false,לקט סלנובה 200 גר ירקות שטראוס טעם הטבע,שטראוס גרופ בעמ/מצונן,,,יח`,200,גרם,false,1,13.20,6.60,false,1,
7290107936309,false,דנונה יווני לבן 7%,שטראוס גרופ בעמ/מצונן,,,יח`,130,גרם,false,1,3.50,2.69,false,1,
7290107936460,false,מארז דנכול בטעם מעודן 8יח,שטראוס גרופ בעמ/מצונן,,,יח`,800,גרם,false,1,30.50,3.81,false,1,
7290107937856,false,קפסולות קפה עלית 100% גואטמלה) (10,שטראוס גרופ בעמ,,,יח`,50,גרם,false,1,18.50,37,true,1,
7290107938396,false,אקטימל תות שמינייה בנים,שטראוס גרופ בעמ/מצונן,,,יח`,864,גרם,false,1,20.90,2.42,false,1,
7290107941259,false,עדשים ירוקות מבושלות 475 גר ירקות שטראוס,שטראוס גרופ בעמ/מצונן,,,יח`,475,גרם,false,1,13.20,2.78,false,1,
7290107942355,false,תפוצ`יפס מקלות בטעם טבעי 60 גרם,שטראוס פריטו ליי בעמ,,,יח`,60,גרם,false,1,4,6.67,false,1,
7290107943192,false,שמנת חמוצה מהערבה 27% שומן יטבתה,שטראוס גרופ בעמ/מצונן,,,יח`,200,"מ""ל",false,1,4,2,false,1,
7290107944472,false,סימפוניה 200 גר שום שמיר 5%,שטראוס גרופ בעמ/מצונן,,,יח`,200,גרם,false,1,12.20,6.10,false,1,
7290107945165,false,קונפיטורת משמש 340 גר,שטראוס גרופ בעמ,,,יח`,340,גרם,false,1,12.90,3.79,false,1,
7290107950190,false,מעדן שטראוס דיאט שוקולד מריר,שטראוס גרופ בעמ/מצונן,,,יח`,130,גרם,false,1,3.30,2.54,false,1,
7290107950206,false,מעדן שטראוס דיאט שוקולד 0%,שטראוס גרופ בעמ/מצונן,,,יח`,130,גרם,false,1,3.30,2.54,false,1,
7290107951104,false,בפלות שוקולד 200  גר`עלית,שטראוס גרופ בעמ,,,יח`,200,גרם,false,1,4.90,2.45,false,1,
7290107951715,false,צנצנת קוביות ענבים 58 גר,שטראוס גרופ בעמ,,,יח`,58,גרם,false,1,11.50,19.83,true,1,
7290107953559,false,מארז טורקי לדרך כשלפ,שטראוס גרופ בעמ,,,יח`,168,גרם,false,1,19.50,11.61,false,1,
7290107954709,false,קונפיטורת פירות יער 340 גר יד מרדכי,שטראוס גרופ בעמ,,,יח`,340,גרם,false,1,12.90,3.79,false,1,
7290107954976,false,משקה יטבתה פרו קפה 350 מל,שטראוס גרופ בעמ/מצונן,,,יח`,350,"מ""ל",false,1,6.70,1.91,false,1,
7290107956642,false,תרסיס שמן זית 150 מל יד מרדכי,שטראוס גרופ בעמ,,,יח`,150,"מ""ל",false,1,19.50,13,false,1,
7290107956895,false,קפסולות קפה עלית אספרסו בטעם קרמל,שטראוס גרופ בעמ,,,יח`,50,גרם,false,1,18.50,37,true,1,
7290107956901,false,קפסולות אספרסו בטעם אגוזים עלית,שטראוס גרופ בעמ,,,יח`,50,גרם,false,1,18.50,37,true,1,
7290107956925,false,קפסולות קפה עלית אוגנדה 13 למכונות נספרו,שטראוס גרופ בעמ,,,יח`,50,גרם,false,1,18.50,37,true,1,
7290107956932,false,קפסולות קפה עלית אידונזיה  מס`12,שטראוס גרופ בעמ,,,יח`,50,גרם,false,1,18.50,37,true,1,
7290107957991,false,מילקי מיניייס cake,שטראוס גרופ בעמ/מצונן,,,יח`,144,גרם,false,1,13.90,9.65,false,1,
7290107958035,false,מארז 8 דנונה מתיקות מעודנת ללא סוכר וממת,שטראוס גרופ בעמ/מצונן,,,יח`,1.20,1 ליטר,false,1,18.90,15.75,false,1,
7290107973311,false,קולגייט מברשת 360 פחם זהב זוג,ש.שסטוביץ בעמ,,,יח`,360,גרם,false,1,25.90,7.19,false,1,
7290107973861,false,מארז עגבניות קצוצות דק שלישייה מנה מאסט,ש.שסטוביץ בעמ,,,יח`,1200,גרם,false,1,16.90,1.41,false,1,
7290107974066,false,עלי טורטיה קמח מלא 320 גר` מנה מאסטר שף,ש.שסטוביץ בעמ,,,יח`,320,גרם,false,1,11.20,3.50,false,1,
7290107974073,false,עלי טורטיה קמח לבן 320 גר` מנה מאסטר שף,ש.שסטוביץ בעמ,,,יח`,320,גרם,false,1,11.20,3.50,false,1,
7290107974080,false,עלי טורטיה קמח לבן 744  גר`מנה מאסטר שף,ש.שסטוביץ בעמ,,,יח`,744,גרם,false,1,16.90,2.27,false,1,
7290107974301,false,ליידי ספיד סטיק אלוורה ג`ל 65,ש.שסטוביץ בעמ,,,יח`,65,"מ""ל",false,1,16.90,26,false,1,
7290107974813,false,מנה אורז יסמין 1 קג,ש.שסטוביץ בעמ,,,יח`,1000,גרם,false,1,11.90,1.19,false,1,
7290107974837,false,ממרח מתובל שום 253 גר מנה מאסטר שף,ש.שסטוביץ בעמ,,,יח`,253,גרם,false,1,9.10,3.60,false,1,
7290107975278,false,ליידי ספיד סטיק אלוורה 45 גר,ש.שסטוביץ בעמ,,,יח`,45,"מ""ל",false,1,27.90,62,false,1,
7290107975360,false,ליידי ספיד סטיק פיור פרש ג`ל 24/7,ש.שסטוביץ בעמ,,,יח`,65,"מ""ל",false,1,18.90,29.08,false,1,
7290107977456,false,פלמוליב לגבר ג`ל רחצה ושמפו ספורט 750 מ,ש.שסטוביץ בעמ,,,יח`,750,"מ""ל",false,1,20.90,2.79,true,1,
7290107978101,false,קולגייט אופטיק אקסטרה פאוור 75 מל,ש.שסטוביץ בעמ,,,יח`,75,"מ""ל",false,1,30.90,41.20,false,1,
7290107978323,false,מאסטר שף איטריות דקיקות 400 גר,ש.שסטוביץ בעמ,,,יח`,400,גרם,false,1,6.90,1.73,false,1,
7290107978330,false,מאסטר שף איטריות דקות 400 גר,ש.שסטוביץ בעמ,,,יח`,400,גרם,false,1,6.90,1.73,false,1,
7290107978347,false,מאסטר שף איטריות בינוניות 400 גר,ש.שסטוביץ בעמ,,,יח`,400,גרם,false,1,6.90,1.73,false,1,
7290107978453,false,קראנצוס גריל 55 גר`,ש.שסטוביץ בעמ,,,יח`,55,גרם,false,1,3.50,6.36,true,1,
7290107978637,false,מרידול משחת שיניים 75מל,ש.שסטוביץ בעמ,,,יח`,75,גרם,false,1,20.90,27.87,false,1,
7290108200232,false,וניש גולד אבקה 470  גר`לבן,רקיט בנקיזר (ניר איסט) בעמ,,,יח`,470,גרם,false,1,15.90,3.38,false,1,
7290108350128,false,סושי-שקיות אשפה חזקות במיוחד,החברה הדרומית לשיווק בעמ,,,יח`,1,,false,1,24.90,24.90,false,1,
7290108350142,false,סושי-שקיות רב שימושיותXXL,החברה הדרומית לשיווק בעמ,,,יח`,1,,false,1,12.90,12.90,false,1,
7290108350586,false,ספארק 1.5 ליטר נוזל כלים,החברה הדרומית לשיווק בעמ,,,יח`,1.50,1 ליטר,false,1,15.90,10.60,true,1,
7290108350616,false,סנו מקסימה מרכך 1 ליטר blue blossom,החברה הדרומית לשיווק בעמ,,,יח`,1,1 ליטר,false,1,18.90,18.90,true,1,
7290108350623,false,מקסימה מרכך כביסה סופט סילק סנו (1 ליטר),החברה הדרומית לשיווק בעמ,,,יח`,1,1 ליטר,false,1,18.90,18.90,true,1,
7290108350722,false,מש.שיניים אורביטול ילדים בוב ספוג,החברה הדרומית לשיווק בעמ,,,יח`,70,גרם,false,1,9.90,14.14,true,1,
7290108351149,false,סנו ג`ט פלוס לניקוי כללי ורצפות בתוספת,החברה הדרומית לשיווק בעמ,,,יח`,1.50,1 ליטר,false,1,13.90,9.27,true,1,
7290108351156,false,סנו ג`ט לניקוי כללי ורצפות בתוספת חומץ 1,החברה הדרומית לשיווק בעמ,,,יח`,1.50,1 ליטר,false,1,13.90,9.27,true,1,
7290108351507,false,מרכך כביסה מקסימה Soft Silk,החברה הדרומית לשיווק בעמ,,,יח`,4,1 ליטר,false,1,22.40,5.60,true,1,
7290108351606,false,סנופרש הום נטול גז 350 מל הום סופט סילק,החברה הדרומית לשיווק בעמ,,,יח`,350,"מ""ל",false,1,12.90,3.69,true,1,
7290108351613,false,ריצפז פרש הום בניחות מלון חלומי 2 ליטר,החברה הדרומית לשיווק בעמ,,,יח`,2,1 ליטר,false,1,22.90,11.45,true,1,
7290108351699,false,מגבונים  ג`ט+ חומץ מארז שלישייה,החברה הדרומית לשיווק בעמ,,,יח`,1,,false,1,20.90,20.90,true,1,
7290108351712,false,פניני בישום לכביסה275  גר`lovely,החברה הדרומית לשיווק בעמ,,,יח`,275,גרם,false,1,20.90,7.60,true,1,
7290108351804,false,סנו מקסימה סופר מרוכז (1 ליטר)- בריזה,החברה הדרומית לשיווק בעמ,,,יח`,1,1 ליטר,false,1,18.90,18.90,true,1,
7290108351927,false,ספארק טבליות למדיח סנו) (70,החברה הדרומית לשיווק בעמ,,,יח`,1,,false,1,39.90,39.90,false,1,
7290108351972,false,סנופרש הום מלון בוטיק 200 מל סנו,החברה הדרומית לשיווק בעמ,,,יח`,200,"מ""ל",false,1,13.50,6.75,true,1,
7290108351989,false,סנופרש יבש הום מלון מפנק 200 מל סנו,החברה הדרומית לשיווק בעמ,,,יח`,200,"מ""ל",false,1,13.50,6.75,true,1,
7290108352078,false,שטיפת מי פה 500 מל protective sala אורב,החברה הדרומית לשיווק בעמ,,,יח`,500,"מ""ל",false,1,20.90,4.18,false,1,
7290108352092,false,משחת שיניים protective salt  אורביטול(,החברה הדרומית לשיווק בעמ,,,יח`,145,גרם,false,1,18.90,13.03,true,1,
7290108352221,false,סנופרש הום נטול גז 350 מל מלון מפנק,החברה הדרומית לשיווק בעמ,,,יח`,350,"מ""ל",false,1,12.90,3.69,true,1,
7290108352320,false,סנופרש הום נטול גז 350 מל מלון בוטיק,החברה הדרומית לשיווק בעמ,,,יח`,350,"מ""ל",false,1,12.90,3.69,true,1,
7290108352399,false,ריצפז פרש הום בניחוח פלורל  טאצ`2 ליטר,החברה הדרומית לשיווק בעמ,,,יח`,2,1 ליטר,false,1,22.90,11.45,true,1,
7290108352450,false,ריצפז פרש הום בלו בוסום 2 ליטר,החברה הדרומית לשיווק בעמ,,,יח`,2,1 ליטר,false,1,22.90,11.45,true,1,
7290108352535,false,דפי בישום לחים למייבש כביסה מקסימה,החברה הדרומית לשיווק בעמ,,,יח`,1,,false,1,13.90,13.90,false,1,
7290108352801,false,סושי סנו שקיות אשפה לפחים קטנים 100 יח,החברה הדרומית לשיווק בעמ,,,יח`,1,,false,1,21.40,21.40,false,1,
7290108353068,false,כרית קרצוף עם סיבי נירוסטה,החברה הדרומית לשיווק בעמ,,,יח`,1,,false,1,10.90,10.90,false,1,
7290108353075,false,מפיות אירוח איכותיות  סנו( 50 יח),החברה הדרומית לשיווק בעמ,,,יח`,1,,false,1,10.90,10.90,false,1,
7290108353099,false,ממחטות אף סנו סופט חמישייה,החברה הדרומית לשיווק בעמ,,,יח`,1,,false,1,12.90,12.90,false,1,
7290108353341,false,כיף מרכך לשיער למניעת קשקשים 700,החברה הדרומית לשיווק בעמ,,,יח`,700,"מ""ל",false,1,12.90,1.84,true,1,
7290108353440,false,מברשת שיניים אורביטול זוג 12 אלף סיבים,החברה הדרומית לשיווק בעמ,,,יח`,1,,false,1,30.90,30.90,true,1,
7290108353556,false,נייר טואלט סנו  סופט( שלוש שכבות 32 גליל,החברה הדרומית לשיווק בעמ,,,יח`,1,,false,1,40.90,40.90,false,1,
7290108353648,false,סנו  סושי- שקיות אוכל מנייר 70 יח,החברה הדרומית לשיווק בעמ,,,יח`,1,,false,1,12.90,12.90,false,1,
7290108353686,false,מטלית חלומית לרצפה סנו סושי,החברה הדרומית לשיווק בעמ,,,יח`,1,,false,1,12.90,12.90,true,1,
7290108353983,false,קרמה קרם גוף קלאסי500 מל,החברה הדרומית לשיווק בעמ,,,יח`,500,"מ""ל",false,1,24.90,4.98,true,1,
7290108353990,false,קרמה קרם גוף מאסק 500 מל,החברה הדרומית לשיווק בעמ,,,יח`,500,"מ""ל",false,1,24.90,4.98,true,1,
7290108354225,false,סנו מדיק ג`ל ניקוי ידיים 100 מל תוספת א,החברה הדרומית לשיווק בעמ,,,יח`,100,"מ""ל",false,1,11.50,11.50,false,1,
7290108354270,false,מקסימה מרכך כביסה מרוכז 1ליטר קאלם,החברה הדרומית לשיווק בעמ,,,יח`,1,1 ליטר,false,1,18.90,18.90,true,1,
7290108354492,false,קרליין שמפו 10 שמן ארגן 700מל,החברה הדרומית לשיווק בעמ,,,יח`,700,"מ""ל",false,1,15.90,2.27,true,1,
7290108354713,false,קרמה תחליב רחצה קלאסי 500 מל,החברה הדרומית לשיווק בעמ,,,יח`,500,"מ""ל",false,1,13.90,2.78,true,1,
7290108354751,false,ג`ט פלוס לניקוי כללי+סודה 750 ל סנו,החברה הדרומית לשיווק בעמ,,,יח`,750,"מ""ל",false,1,13.90,1.85,true,1,
7290108355055,false,לחות מקצועית עם גלייז נטורל 400 מל,החברה הדרומית לשיווק בעמ,,,יח`,410,"מ""ל",false,1,31.60,7.71,false,1,
7290108355161,false,נקה 7 מרכך שמני הזנה750 מל,החברה הדרומית לשיווק בעמ,,,יח`,750,"מ""ל",false,1,11.90,1.59,true,1,
7290108356021,false,תחליב רחצה כיף בניחוח קרם עוגיות 700,החברה הדרומית לשיווק בעמ,,,יח`,700,"מ""ל",false,1,12.90,1.84,true,1,
7290108356045,false,תחליב רחצה כיף בניחוח גלידת סוכריות 700,החברה הדרומית לשיווק בעמ,,,יח`,700,"מ""ל",false,1,12.90,1.84,true,1,
7290108356113,false,תחליב רחצה כיף ניחוח דבש 700 מל,החברה הדרומית לשיווק בעמ,,,יח`,700,"מ""ל",false,1,12.90,1.84,true,1,
7290108356120,false,תחליב רחצה כיף ניחוח קוקוס וניל700 מל,החברה הדרומית לשיווק בעמ,,,יח`,700,"מ""ל",false,1,12.90,1.84,true,1,
7290108356137,false,תחליב רחצה כיף ניחוח לבנדר 700 מל,החברה הדרומית לשיווק בעמ,,,יח`,700,"מ""ל",false,1,12.90,1.84,true,1,
7290108356229,false,ג`ל גילוח קרמה מן קרבון,החברה הדרומית לשיווק בעמ,,,יח`,200,"מ""ל",false,1,11.90,5.95,false,1,
7290108356519,false,קרליין שמפו 10 לשיער רגיל 700,החברה הדרומית לשיווק בעמ,,,יח`,700,"מ""ל",false,1,15.90,2.27,true,1,
7290108356533,false,קרליין שמפו 10 לשיער מתולתל 700,החברה הדרומית לשיווק בעמ,,,יח`,700,"מ""ל",false,1,15.90,2.27,true,1,
7290108356571,false,קרליין מרכך 10 לשיער יבש 700,החברה הדרומית לשיווק בעמ,,,יח`,700,"מ""ל",false,1,15.90,2.27,true,1,
7290108356595,false,קרליין מרכך 10 לשיער צבוע 700,החברה הדרומית לשיווק בעמ,,,יח`,700,"מ""ל",false,1,15.90,2.27,true,1,
7290108356816,false,כיף סבון ידיים בוטני גרניום ופטצ`ולי 1 ל,החברה הדרומית לשיווק בעמ,,,יח`,1,1 ליטר,false,1,15.90,15.90,true,1,
7290108357028,false,כיף תחליב רחצה ורד ושמן קוקוי 700,החברה הדרומית לשיווק בעמ,,,יח`,700,"מ""ל",false,1,12.90,1.84,true,1,
7290108357110,false,קרליין נושם BIO דאודורנט רולאון velvet r,החברה הדרומית לשיווק בעמ,,,יח`,75,"מ""ל",false,1,13.90,18.53,true,1,
7290108357226,false,סנו אוקסיג`ן להסרת כתמים 1.4 קג,החברה הדרומית לשיווק בעמ,,,יח`,1400,גרם,false,1,30.90,2.21,false,1,
7290108357264,false,סנו אוטומטיק אולטרא פרש,החברה הדרומית לשיווק בעמ,,,יח`,250,"מ""ל",false,1,14.90,5.96,false,1,
7290108357271,false,סנובון נוזלי עם חמצן פעיל 750 מל,החברה הדרומית לשיווק בעמ,,,יח`,750,"מ""ל",false,1,11.90,1.59,true,1,
7290108357295,false,סנו אוקסיג`ן פאוור מרסס מסיר כתמים,החברה הדרומית לשיווק בעמ,,,יח`,750,"מ""ל",false,1,19.90,2.65,true,1,
7290108357301,false,קוטל חרקים K300 סנו 300 מל,החברה הדרומית לשיווק בעמ,,,יח`,300,"מ""ל",false,1,12.90,4.30,false,1,
7290108357653,false,סנובון bubbles ג`ל בניחוח אוקיינוס שליש,החברה הדרומית לשיווק בעמ,,,יח`,1,,false,1,15.90,15.90,false,1,
7290108357660,false,סנובון bubbles ג`ל בניחוח לבנדר שלישייה,החברה הדרומית לשיווק בעמ,,,יח`,1,,false,1,15.90,15.90,false,1,
7290108357745,false,כיף שמפוומרכך 2+1 תאנה ומנטה 700,החברה הדרומית לשיווק בעמ,,,יח`,700,"מ""ל",false,1,12.90,1.84,true,1,
7290108357837,false,אל סבון כיף שקית מילוי 1 ליטר כחול,החברה הדרומית לשיווק בעמ,,,יח`,1,1 ליטר,false,1,9.90,9.90,true,1,
7290108357844,false,אל סבון כיף שקית מילוי 1 ליטר ורוד,החברה הדרומית לשיווק בעמ,,,יח`,1,1 ליטר,false,1,9.90,9.90,true,1,
7290108357875,false,כיף שמפו לשיער רגיל אפרסק וחמאת מורומורו,החברה הדרומית לשיווק בעמ,,,יח`,700,"מ""ל",false,1,12.90,1.84,true,1,
7290108357882,false,כיף מרכך לשיער רגיל אפרסק וחמאת מורומורו,החברה הדרומית לשיווק בעמ,,,יח`,700,"מ""ל",false,1,12.90,1.84,true,1,
7290108358087,false,תחליב רחצה קרמהמאסק 700 מל,החברה הדרומית לשיווק בעמ,,,יח`,700,"מ""ל",false,1,18.90,2.70,true,1,
7290108358094,false,קרמה תחליב רחצה שיאה קוקוי 500 מל,החברה הדרומית לשיווק בעמ,,,יח`,500,"מ""ל",false,1,13.90,2.78,true,1,
7290108359008,false,שקיות זיפר עם סליידר 15 יח מידה L סנו,החברה הדרומית לשיווק בעמ,,,יח`,1,,false,1,17.90,17.90,false,1,
7290108359015,false,שקיות זיפר עם סליידר 20  יח`מידה M סנו,החברה הדרומית לשיווק בעמ,,,יח`,1,,false,1,15.90,15.90,false,1,
7290108359039,false,סנו סושי שקיות אשפה עם ידיתלפחים גבוהים,החברה הדרומית לשיווק בעמ,,,יח`,1,,false,1,20.90,20.90,false,1,
7290108359060,false,סנו סושי כריות לניקוי כלים לשבת,החברה הדרומית לשיווק בעמ,,,יח`,1,,false,1,12.90,12.90,true,1,
7290108359077,false,סנו סופט לושן 120 ממחטות אף 3 שכבות,החברה הדרומית לשיווק בעמ,,,יח`,1,,false,1,13.90,13.90,false,1,
7290108359190,false,סנו סושי מגבות נייר בגליל כפול 4=12,החברה הדרומית לשיווק בעמ,,,יח`,1,,false,1,25.90,25.90,false,1,
7290108359893,false,בייבי כיף תחליב רחצה 750 מל,החברה הדרומית לשיווק בעמ,,,יח`,750,"מ""ל",false,1,15.90,2.12,true,1,
7290108500677,false,כבד דג שיבוט בשמן הדג 115 גר`,ג.וילי-פוד אינטרנשיונל בעמ,,,יח`,115,גרם,false,1,10.90,9.48,true,1,
7290108501346,false,גבינת גאודה מגורדת 500  גר`28% שומן הולנ,ג.וילי-פוד אינטרנשיונל **גבינו,,,יח`,500,גרם,false,1,24.90,4.98,false,1,
7290108502381,false,4 יח תחתיות לפיצה 480 גר` וילי פוד,ג.וילי-פוד אינטרנשיונל בעמ,,,יח`,480,גרם,false,1,14.90,3.10,true,1,
7290108502541,false,גבינת שמנת טבעי 200  גר`EURO CHEESE,ג.וילי-פוד אינטרנשיונל **גבינו,,,יח`,200,גרם,false,1,13.90,6.95,true,1,
7290108502589,false,גבינת שמנת שום 200  גר`EURO CHEESE,ג.וילי-פוד אינטרנשיונל **גבינו,,,יח`,200,גרם,false,1,13.90,6.95,true,1,
7290108502725,false,גבינת גאודה פרוסות 400  גר`וילי פוד,ג.וילי-פוד אינטרנשיונל **גבינו,,,יח`,400,גרם,false,1,20.90,5.23,false,1,
7290108503043,false,מארז תפוחונים (3 יח +1 ),ג.וילי-פוד אינטרנשיונל בעמ,,,יח`,0,גרם,false,1,15.90,15.90,false,1,
7290108503159,false,גבינה כחולה עם עובש 31% שומן (100 גר`),ג.וילי-פוד אינטרנשיונל **גבינו,,,יח`,100,גרם,false,1,16.90,16.90,true,1,
7290108504378,false,גבינת שמנת עם זיתים 200  גר`EURO CHEESE,ג.וילי-פוד אינטרנשיונל **גבינו,,,יח`,200,גרם,false,1,13.90,6.95,true,1,
7290108505153,false,יוגורט טעם טבעי 150 גר 10% שומן יווני,ג.וילי-פוד אינטרנשיונל **גבינו,,,יח`,150,גרם,false,1,4.90,3.27,true,1,
7290108505160,false,יוגורט עם אגסים 150 גר 4% שומן,ג.וילי-פוד אינטרנשיונל **גבינו,,,יח`,150,גרם,false,1,4.90,3.27,true,1,
7290108505177,false,יוגורט עם אננס 150 גר 0% שומן,ג.וילי-פוד אינטרנשיונל **גבינו,,,יח`,150,גרם,false,1,4.90,3.27,true,1,
7290108505184,false,יוגורט עם קוקוס 150 גר 5% שומן,ג.וילי-פוד אינטרנשיונל **גבינו,,,יח`,150,גרם,false,1,4.90,3.27,true,1,
7290108505191,false,יוגורט עם פיצפוצי שוקולד 150 גר 5% שומן,ג.וילי-פוד אינטרנשיונל **גבינו,,,יח`,150,גרם,false,1,4.90,3.27,true,1,
7290108505207,false,יוגורט עם אוכמניות 150 גר 0% שומן,ג.וילי-פוד אינטרנשיונל **גבינו,,,יח`,150,גרם,false,1,4.90,3.27,true,1,
7290108505214,false,יוגורט עם אפרסק 150 גר 0% שומן,ג.וילי-פוד אינטרנשיונל **גבינו,,,יח`,150,גרם,false,1,4.90,3.27,true,1,
7290108505375,false,צהובה 400  גר`GOLDEN וילי פוד,ג.וילי-פוד אינטרנשיונל **גבינו,,,יח`,400,גרם,false,1,20.90,5.23,false,1,
7290108505719,false,גבינת מוצרלה מרוגדת 25%  שומן(200 גר`)יו,ג.וילי-פוד אינטרנשיונל **גבינו,,,יח`,200,גרם,false,1,14.90,7.45,true,1,
7290108505740,false,גבינת קשקבל חצי קשה 25%  שומן( 200 גר`),ג.וילי-פוד אינטרנשיונל **גבינו,,,יח`,200,גרם,false,1,14.90,7.45,true,1,
7290108506495,false,כנאפה קפוא 192.5 גר` ולי פוד,ג.וילי-פוד אינטרנשיונל **גבינו,,,יח`,192.50,גרם,false,1,12.90,6.70,true,1,
7290108506532,false,גליליות וופל במילוי אגוזי לוז 400 גר`,ג.וילי-פוד אינטרנשיונל בעמ,,,יח`,400,גרם,false,1,13.90,3.48,true,1,
7290108506549,false,גליליות וופל במילוי קרם וניל 400 גר`,ג.וילי-פוד אינטרנשיונל בעמ,,,יח`,400,גרם,false,1,13.90,3.48,true,1,
7290108506624,false,עיזים צ`אנק 150  גר`וילי פוד,ג.וילי-פוד אינטרנשיונל **גבינו,,,יח`,150,גרם,false,1,17.90,11.93,true,1,
7290108506709,false,גבינת פרמג`אנו ר`גיאנו 150 גר וילי פוד,ג.וילי-פוד אינטרנשיונל **גבינו,,,יח`,150,גרם,false,1,18.90,12.60,false,1,
7290108506969,false,מאפה בורקס מים תורכי 300  גר`גבינה וילי,ג.וילי-פוד אינטרנשיונל **גבינו,,,יח`,300,גרם,false,1,15.90,5.30,true,1,
7290108507010,false,מאפה בורקס מים תורכי 300 גר`תרד וגבינה ו,ג.וילי-פוד אינטרנשיונל **גבינו,,,יח`,300,גרם,false,1,15.90,5.30,true,1,
7290108507058,false,ביסקוויט פריך בשוקולד חלב 100 גר,ג.וילי-פוד אינטרנשיונל בעמ,,,יח`,100,גרם,false,1,7.90,7.90,true,1,
7290108507645,false,ביסקוויט פריך בשוקולד מריר 100 גר,ג.וילי-פוד אינטרנשיונל בעמ,,,יח`,100,גרם,false,1,7.90,7.90,true,1,
7290108508031,false,אננס שלם 830 גר`,ג.וילי-פוד אינטרנשיונל בעמ,,,יח`,830,גרם,false,1,11.90,1.43,false,1,
7290108508499,false,איירן משקה יוגורט בסגנון טורקי 293 מל,ג.וילי-פוד אינטרנשיונל **גבינו,,,יח`,293,"מ""ל",false,1,4.90,1.67,false,1,
7290108508772,false,קונכיות פתיתים עם תרד 400 גרם וילי פוד,ג.וילי-פוד אינטרנשיונל בעמ,,,יח`,400,גרם,false,1,6.90,1.73,true,1,
7290108508963,false,גבינת מוצרלה מגורדת 25%  שומן(200 גר`)יו,ג.וילי-פוד אינטרנשיונל **גבינו,,,יח`,200,גרם,false,1,14.90,7.45,true,1,
7290108509052,false,מאפה פילו ממולא גבינת פטה 400 גרם,ג.וילי-פוד אינטרנשיונל **גבינו,,,יח`,400,גרם,false,1,20.90,5.23,false,1,
7290108509250,false,אנטיפסטי ארטישוק עגבניות מיובשות וצלפים,ג.וילי-פוד אינטרנשיונל בעמ,,,יח`,380,גרם,false,1,25.90,6.82,false,1,
7290108509267,false,ארוחת פסטה עם רוטב גבינה ויליפוד,ג.וילי-פוד אינטרנשיונל בעמ,,,יח`,206,גרם,false,1,8.90,4.32,true,1,
7290108509359,false,פופקורן בציפוי בטעם קרמל 90 גר`,ג.וילי-פוד אינטרנשיונל בעמ,,,יח`,90,גרם,false,1,6.90,7.67,true,1,
7290108509397,false,עלי בצק פילו משולשים 360 גר,ג.וילי-פוד אינטרנשיונל **גבינו,,,יח`,360,גרם,false,1,10.90,3.03,false,1,
7290108509571,false,גבינת פטה עם צ`לי ופפריקה 153 גר`,ג.וילי-פוד אינטרנשיונל **גבינו,,,יח`,153,גרם,false,1,16.90,11.05,false,1,
7290108509588,false,גבינת פטה עם עשבי תיבול 153 גר`,ג.וילי-פוד אינטרנשיונל **גבינו,,,יח`,153,גרם,false,1,16.90,11.05,false,1,
7290108509595,false,גבינת פטה עם עגבניות מיובשות וריחן 153 ג,ג.וילי-פוד אינטרנשיונל **גבינו,,,יח`,153,גרם,false,1,16.90,11.05,false,1,
7290108509755,false,גבינת חלומי 250  גר`23% EURO,ג.וילי-פוד אינטרנשיונל **גבינו,,,יח`,250,גרם,false,1,25.90,10.36,false,1,
7290108509908,false,מנת השף אטריות להכנה מהירה בטעם ירקות,ג.וילי-פוד אינטרנשיונל בעמ,,,יח`,1,,false,1,4.90,4.90,true,1,
7290108509915,false,מנת השף אטריות להכנה מהירה בטעם סיני פ,ג.וילי-פוד אינטרנשיונל בעמ,,,יח`,1,,false,1,4.90,4.90,true,1,
7290108509922,false,מנת השף אטריות להכנה מהירה בטעם עוף 85,ג.וילי-פוד אינטרנשיונל בעמ,,,יח`,1,,false,1,4.90,4.90,true,1,
7290108509991,false,רוטב טריאקי 300 מל וילי פוד,ג.וילי-פוד אינטרנשיונל בעמ,,,יח`,300,"מ""ל",false,1,9.90,3.30,false,1,
7290109351025,false,חומוסטחינה חלק צבר (400 גרם),קבוצת אסם סחר שות. מוגבלת,,,יח`,400,גרם,false,1,15.20,3.80,false,1,
7290109351971,false,פיטנס בר פריכיות שוקולד חלב 84 גרם,קבוצת אסם סחר שות. מוגבלת,,,יח`,84,גרם,false,1,16.30,19.40,true,1,
7290109352916,false,פיטנס בר פריכיות שוקולד לבן 84 גרם,קבוצת אסם סחר שות. מוגבלת,,,יח`,84,גרם,false,1,16.30,19.40,true,1,
7290109354972,false,ביסקוויט פתי בר ללא גלוטן אסם (200 גרם),קבוצת אסם סחר שות. מוגבלת,,,יח`,200,גרם,false,1,11.20,5.60,true,1,
7290109354996,false,פתי בר שוקו ללא גלוטן 200 גרם,קבוצת אסם סחר שות. מוגבלת,,,יח`,200,גרם,false,1,11.20,5.60,true,1,
7290109358284,false,טבעול-שניצל תירס עם חלבון 664 גר`,קבוצת אסם סחר שות. מוגבלת,,,יח`,664,גרם,false,1,25.40,3.83,false,1,
7290109358482,false,קרמוגית במילוי חלווה 200 גר` אסם,קבוצת אסם סחר שות. מוגבלת,,,יח`,200,גרם,false,1,13.20,6.60,false,1,
7290109358765,false,קראנץ` רולס 450 גר דגני בוקר,קבוצת אסם סחר שות. מוגבלת,,,יח`,450,גרם,false,1,22.90,5.09,true,1,
7290109580043,false,שניצל תירס 1.75 קג בדצ זוגלובק,זוגלובק שיווק בעמ,,,יח`,1.80,גרם,false,1,50.90,2827.78,true,1,
7290109580104,false,רוסטביף פרימיום 150  גר`זוגלובק,זוגלובק שיווק בעמ,,,יח`,150,גרם,false,1,25.90,17.27,false,1,
7290109580111,false,צלעות אסאדו מעושנות פרימיום 120 גר`,זוגלובק שיווק בעמ,,,יח`,150,גרם,false,1,25.90,17.27,false,1,
7290109580135,false,קורנדביף פרימיום 180  גר`זוגלובק,זוגלובק שיווק בעמ,,,יח`,180,גרם,false,1,25.90,14.39,false,1,
7290109580210,false,נקנקיות ריינהולד`ס הצרפתייה 300  גר`זוגל,זוגלובק שיווק בעמ,,,יח`,300,גרם,false,1,21.40,7.13,false,1,
7290109580227,false,נקנקיות ריינהולד`ס קאריווסט 300  גר`זוגל,זוגלובק שיווק בעמ,,,יח`,300,גרם,false,1,21.40,7.13,false,1,
7290109580241,false,נאגטס מן הצומח 500 גר`,זוגלובק שיווק בעמ,,,יח`,500,גרם,false,1,22.90,4.58,false,1,
7290109580319,false,וונדרס בורגר 280 גרם,זוגלובק-וונדרס,,,יח`,280,גרם,false,1,30.90,11.04,true,1,
7290109580432,false,פסטרמה אקסטרה מעושנת 120 גר`,זוגלובק שיווק בעמ,,,יח`,120,גרם,false,1,14.80,12.33,true,1,
7290109580449,false,סלמי בטעם כמהין פרימיום 180  גר`זוגלובק,זוגלובק שיווק בעמ,,,יח`,180,גרם,false,1,25.90,14.39,false,1,
7290109920627,false,אסטוניש קרם אמבט ניקוי עם אקנומיקה 500 מ,יעקב יעקבי ובניו בעמ,,,יח`,500,"מ""ל",false,1,19.30,3.86,false,1,
7290109921488,false,דורגול מסיר אבנית מכונת כביסה 500 מל,יעקב יעקבי ובניו בעמ,,,יח`,500,"מ""ל",false,1,30.90,6.18,false,1,
7290109922881,false,דורגול מרסס מרוכז למטבח 600 מל,יעקב יעקבי ובניו בעמ,,,יח`,600,"מ""ל",false,1,25.90,4.32,false,1,
7290109923147,false,אסטוניש מרסס פלא של אקונומיקה 750 מל,יעקב יעקבי ובניו בעמ,,,יח`,750,"מ""ל",false,1,15.90,2.12,false,1,
7290110000493,false,חמאת בוטנים טבעית קרנצ`י 350 גרם),בטר אנד דיפרנט בעמ,,,יח`,350,גרם,false,1,14.90,4.26,false,1,
7290110058869,false,שלישיית ביצי שוקולד-סמי  הכבאי,שמחה זה אנחנו בעמ,,,יח`,60,גרם,false,1,12.90,21.50,false,1,
7290110110369,false,קרלסברג לומה 6*330 מל,החברה המרכזית להפצת משקאות בעמ,,,יח`,1980,"מ""ל",false,1,34.90,1.67,false,1,
7290110110574,false,פחית קוקה קולה סליק זירו לימון 330 מל,החברה המרכזית להפצת משקאות בעמ,,,יח`,330,"מ""ל",false,1,4.30,1.21,true,1,
7290110111557,false,פאוורייד מאונטן בלאסט בטעם פירות 500 מל,החברה המרכזית להפצת משקאות בעמ,,,יח`,500,"מ""ל",false,1,9.90,1.92,false,1,
7290110113377,false,קוקה קולה 1 ליטר מארז רביעייה,החברה המרכזית להפצת משקאות בעמ,,,יח`,4,1 ליטר,false,1,31.90,7.68,true,1,
7290110113384,false,קוקה קולה זירו 1 ליטר רביעייה,החברה המרכזית להפצת משקאות בעמ,,,יח`,4,1 ליטר,false,1,30.90,7.43,true,1,
7290110114787,false,נביעות פלוס 1.5 ליטר תפוח,החברה המרכזית להפצת משקאות בעמ,,,יח`,1.50,1 ליטר,false,1,9.20,5.93,false,1,
7290110114794,false,נביעות פלוס 1.5 ליטר אפרסק,החברה המרכזית להפצת משקאות בעמ,,,יח`,1.50,1 ליטר,false,1,9.20,5.93,false,1,
7290110114800,false,נביעות פלוס 1.5 ליטר ענבים,החברה המרכזית להפצת משקאות בעמ,,,יח`,1.50,1 ליטר,false,1,9.20,5.93,false,1,
7290110114855,false,נביעות 1.5 ליטר שישייה,החברה המרכזית להפצת משקאות בעמ,,,יח`,9,1 ליטר,false,1,13.90,1.34,true,1,
7290110114893,false,פריגת סחוט תפוז 2 ליטר,החב` המרכזית - טרה,,,יח`,2,1 ליטר,false,1,30.90,15.30,true,1,
7290110114961,false,משקה קל בטעם תפוזים פריגת (1.5 ליטר),החברה המרכזית להפצת משקאות בעמ,,,יח`,1500,"מ""ל",false,1,9.90,0.64,false,1,
7290110115005,false,משקה קל בטעם ענבים פריגת (1.5 ליטר),החברה המרכזית להפצת משקאות בעמ,,,יח`,1500,"מ""ל",false,1,9.90,0.64,false,1,
7290110115036,false,משקה קל בטעם מנגו פריגת (1.5 ליטר),החברה המרכזית להפצת משקאות בעמ,,,יח`,1500,"מ""ל",false,1,9.90,0.64,false,1,
7290110115043,false,משקה קל בטעם לימונענע פריגת (1.5 ליטר),החברה המרכזית להפצת משקאות בעמ,,,יח`,1500,"מ""ל",false,1,9.90,0.64,false,1,
7290110115050,false,משקה קל בטעם תות בננה פריגת (1.5 ליטר),החברה המרכזית להפצת משקאות בעמ,,,יח`,1500,"מ""ל",false,1,9.90,0.64,false,1,
7290110115081,false,פריגת צלול בטעם ענבים 1.5 ליטר,החברה המרכזית להפצת משקאות בעמ,,,יח`,1500,"מ""ל",false,1,9.90,0.64,false,1,
7290110115104,false,פריגת צלול בטעם אפרסק 1.5 ליטר,החברה המרכזית להפצת משקאות בעמ,,,יח`,1500,"מ""ל",false,1,9.90,0.64,false,1,
7290110115111,false,פריגת צלול בטעם אננס 1.5 ליטר,החברה המרכזית להפצת משקאות בעמ,,,יח`,1500,"מ""ל",false,1,9.90,0.64,false,1,
7290110115128,false,פריגת צלול בטעם לימונענע 1.5 ליטר,החברה המרכזית להפצת משקאות בעמ,,,יח`,1500,"מ""ל",false,1,9.90,0.64,false,1,
7290110115180,false,מים נביעות 1.5 ליטר,החברה המרכזית להפצת משקאות בעמ,,,יח`,1.50,"מ""ל",false,1,3,180,false,1,
7290110115203,false,קוקה קולה 1.5 ליטר,החברה המרכזית להפצת משקאות בעמ,,,יח`,0,1 ליטר,false,1,9.20,9.20,false,1,
7290110115210,false,קוקה קולה דיאט 1.5 ליטר,החברה המרכזית להפצת משקאות בעמ,,,יח`,1.50,1 ליטר,false,1,9.20,5.93,false,1,
7290110115227,false,קוקה קולה זירו 1.5 ליטר,החברה המרכזית להפצת משקאות בעמ,,,יח`,1.50,1 ליטר,false,1,9.20,5.93,false,1,
7290110115234,false,קוקה קולה זירו נטול 1.5 ליטר,החברה המרכזית להפצת משקאות בעמ,,,יח`,1500,"מ""ל",false,1,9.20,0.59,false,1,
7290110115241,false,קוקה קולה זירו לימון 1.5 ליטר,החברה המרכזית להפצת משקאות בעמ,,,יח`,1500,"מ""ל",false,1,9.20,0.59,false,1,
7290110115265,false,ספרייט ליים 1.5 ליטר,החברה המרכזית להפצת משקאות בעמ,,,יח`,1.50,1 ליטר,false,1,9.20,5.93,true,1,
7290110115272,false,ספרייט זירו 1.5 ליטר,החברה המרכזית להפצת משקאות בעמ,,,יח`,1.50,1 ליטר,false,1,9.20,5.93,true,1,
7290110115289,false,ספרייט לימון-נענע 1.5 ליטר,החברה המרכזית להפצת משקאות בעמ,,,יח`,1.50,1 ליטר,false,1,8.80,5.67,true,1,
7290110115302,false,פאנטה  אורנג`זירו 1.5 ליטר,החברה המרכזית להפצת משקאות בעמ,,,יח`,1.50,1 ליטר,false,1,9.90,6.40,false,1,
7290110115333,false,פאנטה תות 1.5 ליטר,החברה המרכזית להפצת משקאות בעמ,,,יח`,1.50,1 ליטר,false,1,9.90,6.40,false,1,
7290110115340,false,פאנטה ענבים 1.5 ליטר,החברה המרכזית להפצת משקאות בעמ,,,יח`,1.50,1 ליטר,false,1,9.90,6.40,false,1,
7290110115357,false,קינלי סודה 1.5 ליטר,החברה המרכזית להפצת משקאות בעמ,,,יח`,1.50,1 ליטר,false,1,4.70,2.93,false,1,
7290110115364,false,קוקה קולה 1.5 ליטר מארז שישייה,החברה המרכזית להפצת משקאות בעמ,,,יח`,9,1 ליטר,false,1,52.90,5.68,false,1,
7290110115395,false,ספרייט זירו 1.5 ליטר מארז שישייה,החברה המרכזית להפצת משקאות בעמ,,,יח`,9,1 ליטר,false,1,52.90,5.68,true,1,
7290110115401,false,קינלי סודה 1.5 ליטר מארז שישייה,החברה המרכזית להפצת משקאות בעמ,,,יח`,9,1 ליטר,false,1,17.50,1.74,false,1,
7290110115418,false,קוקה קולה זירו 1.5 ליטר מארז שישייה,החברה המרכזית להפצת משקאות בעמ,,,יח`,9,1 ליטר,false,1,52.90,5.68,false,1,
7290110115425,false,פיוז תה 1.5 ליטר בטעם גרין לימון-נענע,החברה המרכזית להפצת משקאות בעמ,,,יח`,1.50,1 ליטר,false,1,9.70,6.27,false,1,
7290110115463,false,פיוז תה 1.5 ליטר בטעם אפרסק,החברה המרכזית להפצת משקאות בעמ,,,יח`,1.50,1 ליטר,false,1,9.70,6.27,false,1,
7290110115494,false,פיוז תה 1.5 ליטר בטעם ענבים,החברה המרכזית להפצת משקאות בעמ,,,יח`,1.50,1 ליטר,false,1,9.70,6.27,false,1,
7290110115593,false,משקה קל בטעם אשכוליות 40% פחות סוכר פריג,החברה המרכזית להפצת משקאות בעמ,,,יח`,1500,"מ""ל",false,1,9.90,0.64,false,1,
7290110115616,false,פיוז תה זירו 1.5 ליטר בטעם אננס,החברה המרכזית להפצת משקאות בעמ,,,יח`,1.50,1 ליטר,false,1,9.70,6.27,false,1,
7290110115623,false,פיוז תה זירו 1.5 ליטר בטעם אפרסק,החברה המרכזית להפצת משקאות בעמ,,,יח`,1.50,1 ליטר,false,1,9.70,6.27,false,1,
7290110116552,false,ספרייט למןו היט 1.5 ליטר,החברה המרכזית להפצת משקאות בעמ,,,יח`,1.50,1 ליטר,false,1,9.20,5.93,false,1,
7290110320850,false,פתיתי עמק 200 גר,תנובה - חלב,,,יח`,200,גרם,false,1,15.20,7.60,false,1,
7290110320867,false,פתיתי עמק למאפים 28% 500 גר,תנובה - חלב,,,יח`,500,גרם,false,1,35.60,7.12,false,1,
7290110320935,false,פרוסות מוצרלה 150  גר`קולקשיין תנובה,תנובה - חלב,,,יח`,150,גרם,false,1,17.90,11.93,false,1,
7290110321277,false,קוטג בקטנה 5% מהדרין 100  גר`תנובה,תנובה - חלב,,,יח`,100,גרם,false,1,2.70,2.70,false,1,
7290110321680,false,יוגורט גו תות 200 מל,תנובה - חלב,,,יח`,200,"מ""ל",false,1,5.90,2.95,false,1,
7290110321697,false,יוגורט גו אפרסק 200 מל,תנובה - חלב,,,יח`,200,"מ""ל",false,1,5.90,2.95,false,1,
7290110321703,false,יוגורט גו פירות יער 200 מל,תנובה - חלב,,,יח`,200,"מ""ל",false,1,5.90,2.95,false,1,
7290110322014,false,טופו בטעם טבעי 300  גר`תנובה,תנובה - חלב,,,יח`,300,גרם,false,1,11.90,3.97,false,1,
7290110322038,false,טופו בטעם פיקנטי 300  גר`תנובה,תנובה - חלב,,,יח`,300,גרם,false,1,11.90,3.97,false,1,
7290110322946,false,יופלה טיוב במרקם חלק בטעם תות בננה 348 ג,תנובה - חלב,,,יח`,348,גרם,false,1,12.90,3.71,false,1,
7290110323301,false,גבינת טל עמק 32%  שומן(200  גר`)תנובה,תנובה - חלב,,,יח`,200,גרם,false,1,19.90,9.95,false,1,
7290110323585,false,יוגורט גו לייט דובדבן 200 מל,תנובה - חלב,,,יח`,200,גרם,false,1,5.60,2.80,false,1,
7290110323592,false,יוגורט גו לייט אפרסק 200 מל,תנובה - חלב,,,יח`,200,גרם,false,1,5.60,2.80,false,1,
7290110323714,false,משקה קוקוס שקדים 1 ליטר תנובה,תנובה - חלב,,,יח`,1000,"מ""ל",false,1,12.50,1.25,false,1,
7290110324353,false,יוגורט גו לייט אננס 200 מל,תנובה - חלב,,,יח`,200,"מ""ל",false,1,5.90,2.95,false,1,
7290110324551,false,יופלה טיוב במרקם חלק בטעם תות 348  גר`מה,תנובה - חלב,,,יח`,348,גרם,false,1,12.90,3.71,false,1,
7290110324711,false,ממרח סויה 9% בטעם טבעי 250 גר` תנובה,תנובה - חלב,,,יח`,250,גרם,false,1,9.90,3.96,true,1,
7290110324728,false,ממרח סויה 9% עם שום שמיר ( 250 גר`) תנוב,תנובה - חלב,,,יח`,250,גרם,false,1,9.90,3.96,true,1,
7290110324841,false,מעדן שקדים עם שוקולד מריר 125 גר`,תנובה - חלב,,,יח`,125,גרם,false,1,3.90,3.12,false,1,
7290110324872,false,גבינה צהובה גלבוע  (5% 200  גר`)תנובה,תנובה - חלב,,,יח`,200,גרם,false,1,18.90,9.45,false,1,
7290110324926,false,משקה סויה ללתס 1 ליטר תנובה,תנובה - חלב,,,יח`,1,"מ""ל",false,1,10.90,1090,false,1,
7290110325114,false,משקה גו לייט תות בננה 250 מל,תנובה - חלב,,,יח`,250,"מ""ל",false,1,6.20,2.48,false,1,
7290110325169,false,פרוסות גאודה 170 גר` קולקשיין תנובה,תנובה - חלב,,,יח`,170,גרם,false,1,19.90,11.71,false,1,
7290110325305,false,מעדן גו סויה מעודן 200 מל,תנובה - חלב,,,יח`,200,"מ""ל",false,1,5.80,2.90,false,1,
7290110325312,false,מעדן גו סויה תות 200 מל,תנובה - חלב,,,יח`,200,"מ""ל",false,1,5.90,2.95,false,1,
7290110325619,false,משקה שיבולת שועל 1 ליטר תנובה,תנובה - חלב,,,יח`,1000,"מ""ל",false,1,12.20,1.22,false,1,
7290110325701,false,צזיקי יוני 9% שומן על בסיס  יוגורט( 250,תנובה - חלב,,,יח`,250,גרם,false,1,11.90,4.76,false,1,
7290110326210,false,יופלה און טופ פצפוצים 157 גר`,תנובה - חלב,,,יח`,157,גרם,false,1,4.90,3.12,false,1,
7290110326227,false,יופלה און טופ קורנפלקס 157 גר`,תנובה - חלב,,,יח`,157,גרם,false,1,4.90,3.12,false,1,
7290110326234,false,יופלה און טופ כוכבים 157 גר`,תנובה - חלב,,,יח`,157,גרם,false,1,4.90,3.12,false,1,
7290110326241,false,יופלה און טופ גרנולה 157  גר`תנובה,תנובה - חלב,,,יח`,157,גרם,false,1,4.90,3.12,false,1,
7290110327033,false,משקה גו סויה במתיקות מופחתת,תנובה - חלב,,,יח`,1000,"מ""ל",false,1,12.50,1.25,false,1,
7290110327064,false,משקה קפה שיבולת שועל בטעם  קרמל( 1 ליטר),תנובה - חלב,,,יח`,1000,"מ""ל",false,1,12.90,1.29,false,1,
7290110327514,false,משקה שיבולת שועל בטעם אגוזי לוז 1 ליטר א,תנובה - חלב,,,יח`,1000,"מ""ל",false,1,12.20,1.22,false,1,
7290110327545,false,יופלה און טופ בטעם תות בתופסת פצפוצים מ,תנובה - חלב,,,יח`,157,גרם,false,1,4.90,3.12,false,1,
7290110327798,false,חטיף חלבון GO בטעם שוקולד 20  גר`חלבון,שקד תבל בעמ,,,יח`,1,,false,1,12.90,12.90,true,1,
7290110327828,false,חטיף חלבון GO בטעם חמאת בוטנים 20  גר`חל,שקד תבל בעמ,,,יח`,1,,false,1,12.90,12.90,true,1,
7290110328092,false,פיראוס פטה יוונית קוביות 21% שומן 150 גר,תנובה - חלב,,,יח`,150,גרם,false,1,17.90,11.93,false,1,
7290110328481,false,פתיתי פרמג`יאנו רג`יאנו 100 גרם,תנובה - חלב,,,יח`,100,גרם,false,1,14.90,14.90,false,1,
7290110328504,false,טריו מיקס מוצרלה סקנדינבית וגאודה 300 גר,תנובה - חלב,,,יח`,300,גרם,false,1,24.90,8.30,false,1,
7290110328610,false,משקה אורז ושקדים בריסטה 1 ליטר אלטרנטיב,תנובה - חלב,,,יח`,1000,"מ""ל",false,1,12.20,1.22,false,1,
7290110328627,false,יוגורט גו סמיך בננה קרמל 0% שומן 200 ג,תנובה - חלב,,,יח`,200,גרם,false,1,5.90,2.95,false,1,
7290110328641,false,טופו טבעי אלטרנטיב 2*250 תנובה,תנובה - חלב,,,יח`,500,גרם,false,1,17.90,3.58,false,1,
7290110328764,false,יוגורט גו סמיך תות 0% שומן 200 גרם,תנובה - חלב,,,יח`,200,גרם,false,1,5.90,2.95,false,1,
7290110328788,false,יוגורט גו סמיך אפרסק 0% שומן 200 גרם,תנובה - חלב,,,יח`,200,גרם,false,1,5.90,2.95,false,1,
7290110329136,false,מעדן חלב גו בטעם שוקולד 12  גר`חלבון,תנובה - חלב,,,יח`,120,גרם,false,1,5.90,4.92,false,1,
7290110329266,false,יוגורט מחלב עיזים מלא 140 גרם תנובה,תנובה - חלב,,,יח`,140,גרם,false,1,5.50,3.93,false,1,
7290110329303,false,פרוסות בטעם צהובה קלאסית 200 גרם alterna,תנובה - חלב,,,יח`,200,גרם,false,1,22.90,11.45,false,1,
7290110329433,false,טופו טבעי עם רוטב סצ`ואן 310 גר`,תנובה - חלב,,,יח`,310,גרם,false,1,11.90,3.84,false,1,
7290110329686,false,משקה חלב גו בטעם עוגיות 340 מל,תנובה - חלב,,,יח`,340,גרם,false,1,8.90,2.62,false,1,
7290110329792,false,סויה BIO אפרסק גביע 150 גרם Alternative,תנובה - חלב,,,יח`,150,גרם,false,1,4.50,3,true,1,
7290110329808,false,סויה BIO תות גביע 150 גרם Alternative,תנובה - חלב,,,יח`,150,גרם,false,1,4.50,3,true,1,
7290110329815,false,סויה BIO מתיקות מעודנת גביע 150 גרם Alte,תנובה - חלב,,,יח`,150,גרם,false,1,4.50,3,true,1,
7290110329822,false,סויה BIO פירות יער גביע 150 גרם Alternat,תנובה - חלב,,,יח`,150,גרם,false,1,4.50,3,true,1,
7290110329846,false,סויה BIO טבעי גביע 150 גרם Alternative,תנובה - חלב,,,יח`,150,גרם,false,1,4.50,3,true,1,
7290110552220,false,דנונה פרו ללא סוכר בטעם תות 200 גר`,שטראוס גרופ בעמ/מצונן,,,יח`,200,"מ""ל",false,1,5.90,2.95,false,1,
7290110552237,false,דנונה פרו ללא סוכר בטעם אפרסק מנגו 200 ג,שטראוס גרופ בעמ/מצונן,,,יח`,200,"מ""ל",false,1,5.90,2.95,false,1,
7290110553623,false,צ`יטוס קראנץ צ`דר חלפיניו 80 גר`,שטראוס פריטו ליי בעמ,,,יח`,80,גרם,false,1,5,6.25,false,1,
7290110554422,false,רוטב עגבניות ופלפלים לשקשוקה 350  גר`יד,שטראוס גרופ בעמ,,,יח`,350,גרם,false,1,11.90,3.40,true,1,
7290110554583,false,מארז צ`יטוס פאפס גבינה (10*20),שטראוס פריטו ליי בעמ,,,יח`,200,גרם,false,1,13.90,6.95,true,1,
7290110554699,false,קפסולות קפה עולה למכונות נספרו עלית,שטראוס גרופ בעמ,,,יח`,1,,false,1,19.90,19.90,true,1,
7290110554705,false,קפסולות קפה יוניקו למכונות נספרו עלית,שטראוס גרופ בעמ,,,יח`,1,,false,1,19.90,19.90,true,1,
7290110554712,false,קפסולות קפה נחת למכונות נספרו עלית,שטראוס גרופ בעמ,,,יח`,1,,false,1,19.90,19.90,true,1,
7290110555078,false,לאבנה עם שמן זית ועשבי תיבול 250 גר`,שטראוס גרופ בעמ/מצונן,,,יח`,250,גרם,false,1,11.90,4.76,true,1,
7290110556242,false,שוקולד פרה מריר פרווה עלית (100 גרם),שטראוס גרופ בעמ,,,יח`,100,גרם,false,1,5.90,5.90,false,1,
7290110557027,false,חומוס אחלה 50% טחינה 400 גרם,שטראוס גרופ בעמ/מצונן,,,יח`,400,גרם,false,1,15.20,3.80,false,1,
7290110557133,false,מעדן הגולן וניל 125 גרם,שטראוס גרופ בעמ/מצונן,,,יח`,125,"מ""ל",false,1,2.90,2.32,true,1,
7290110558130,false,אקטיביה עם שיבולת שועל ודבש,שטראוס גרופ בעמ/מצונן,,,יח`,150,גרם,false,1,4.70,3.13,false,1,
7290110558154,false,דנונה לייט אנד פרי עוגת תפוחים 150 גר`,שטראוס גרופ בעמ/מצונן,,,יח`,150,גרם,false,1,4.70,3.13,true,1,
7290110558222,false,דנונה WOW בנופי 150 גר`,שטראוס גרופ בעמ/מצונן,,,יח`,150,גרם,false,1,4.60,3.07,true,1,
7290110558239,false,דנונה WOW קראק פאי 150 גר`,שטראוס גרופ בעמ/מצונן,,,יח`,150,גרם,false,1,4.60,3.07,true,1,
7290110558284,false,דנונה ביו מולטי 200 גר`,שטראוס גרופ בעמ/מצונן,,,יח`,200,גרם,false,1,3.90,1.95,false,1,
7290110558314,false,דנונה פרו ללא סוכר בטעם פיסטוק 200 גר`,שטראוס גרופ בעמ/מצונן,,,יח`,200,"מ""ל",false,1,5.90,2.95,false,1,
7290110558420,false,אלפרו משקה ש.שועל 1 ליטר,שטראוס גרופ בעמ/מצונן,,,יח`,1000,"מ""ל",false,1,13.90,1.39,false,1,
7290110558437,false,אלפרו משקה שקדים 1 ליטר,שטראוס גרופ בעמ/מצונן,,,יח`,1000,"מ""ל",false,1,13.90,1.39,false,1,
7290110558666,false,דניאלה מעדן בטעם תפוח (88 גרם),שטראוס גרופ בעמ/מצונן,,,יח`,150,"מ""ל",false,1,4,2.67,false,1,
7290110558741,false,גמדים פאוץ תפוח בננה (100 גר`),שטראוס גרופ בעמ/מצונן,,,יח`,100,גרם,false,1,6.90,6.90,false,1,
7290110558918,false,עלי חסה  קראנצ`שטופים 150  גר`טעם הטבע ש,שטראוס גרופ בעמ/מצונן,,,יח`,150,גרם,false,1,10.10,6.73,false,1,
7290110560324,false,פריכיות משולשות-אפונה  ירוקה 30  גר`אנרג,שטראוס גרופ בעמ,,,יח`,30,גרם,false,1,4.90,16.33,false,1,
7290110561352,false,דנונה דל לקטוז ביו 200 גר`,שטראוס גרופ בעמ/מצונן,,,יח`,200,"מ""ל",false,1,3.70,1.85,false,1,
7290110561604,false,מעדן בטעם תות בננה גמדים מעורבב (100x8 ג,שטראוס גרופ בעמ/מצונן,,,יח`,800,"מ""ל",false,1,19.20,2.40,false,1,
7290110563431,false,משקה קפה קר בסגנון קלאסי  (2301.6% גר`),שטראוס גרופ בעמ/מצונן,,,יח`,230,"מ""ל",false,1,7.90,3.43,true,1,
7290110563462,false,חלב נטול לקטוז 2% יטבתה בקבוק,שטראוס גרופ בעמ/מצונן,,,יח`,1,1 ליטר,false,1,7.90,7.90,false,1,
7290110564339,false,חומוס הסדרה המובחרת עשיר 30% טחינה 400 ג,שטראוס גרופ בעמ/מצונן,,,יח`,400,גרם,false,1,15.20,3.80,false,1,
7290110564360,false,חומוס הסדרה המובחרת עשיר 40% טחינה 400 ג,שטראוס גרופ בעמ/מצונן,,,יח`,400,גרם,false,1,15.20,3.80,false,1,
7290110564742,false,משקה קפה קר בסגנון חזק  (2301.2%  גר`)י,שטראוס גרופ בעמ/מצונן,,,יח`,230,"מ""ל",false,1,7.90,3.43,true,1,
7290110565527,false,דנונה פרו 20  גר`חלבון,שטראוס גרופ בעמ/מצונן,,,יח`,200,"מ""ל",false,1,5.90,2.95,false,1,
7290110566623,false,קפסולות קפה עלית קולומביה 08,שטראוס גרופ בעמ,,,יח`,50,גרם,false,1,18.50,37,true,1,
7290110566975,false,דנונה פרו 200  גר`תות,שטראוס גרופ בעמ/מצונן,,,יח`,200,"מ""ל",false,1,5.90,2.95,false,1,
7290110568276,false,משקה יטבתה פרו וניל 350 מל,שטראוס גרופ בעמ/מצונן,,,יח`,350,"מ""ל",false,1,6.70,1.91,false,1,
7290110568559,false,חטיף מארז דוריטוס חמוץ חריף 25*10 גר`,שטראוס פריטו ליי בעמ,,,יח`,250,גרם,false,1,14.90,5.96,false,1,
7290110570224,false,משקה קפה קר בטעם עוגיות (230  גר`)יטבתה,שטראוס גרופ בעמ/מצונן,,,יח`,230,"מ""ל",false,1,7.90,3.43,true,1,
7290110571405,false,מיני פינוקיות בגביע פסק זמן 180 גר`,שטראוס גרופ בעמ,,,יח`,180,גרם,false,1,11.90,6.61,false,1,
7290110571412,false,מיני פינוקיות בגביע פאדג` 180 גר`,שטראוס גרופ בעמ,,,יח`,180,גרם,false,1,11.90,6.61,false,1,
7290110572129,false,כיף כף מקלות שוקולד לבן,שטראוס גרופ בעמ,,,יח`,40,גרם,false,1,5.70,14.25,true,1,
7290110572884,false,קפסולות 20 למכונות נספרו עלית) (10,שטראוס גרופ בעמ,,,יח`,50,גרם,false,1,18.50,37,true,1,
7290110572969,false,כיף כף פצפצים עלית קרם לבן (40 גר`),שטראוס גרופ בעמ,,,יח`,40,גרם,false,1,6.10,15.25,true,1,
7290110574413,false,פופקורן בטעם טעמי 70 גר`,שטראוס גרופ בעמ,,,יח`,1,,false,1,7.90,7.90,false,1,
7290110574420,false,פופקורן בטעם פסק זמן 70 גר`,שטראוס גרופ בעמ,,,יח`,1,,false,1,7.90,7.90,false,1,
7290110574437,false,פופקורן בטעם טורטית 70 גר`,שטראוס גרופ בעמ,,,יח`,1,,false,1,7.90,7.90,false,1,
7290110576318,false,מארז שלישיית אגוז לבן (3*100) עלית,שטראוס גרופ בעמ,,,יח`,300,גרם,false,1,25.90,8.63,false,1,
7290110576356,false,ספלנדיד שוקולד מריר פרו 64% עלית,שטראוס גרופ בעמ,,,יח`,100,גרם,false,1,9.90,9.90,true,1,
7290110576370,false,מארז שלישיית אגוז מריר (3X100 ) עלית,שטראוס גרופ בעמ,,,יח`,300,גרם,false,1,25.90,8.63,false,1,
7290110576387,false,מארז שלישיית אגוז חלב(3X100 ) עלית,שטראוס גרופ בעמ,,,יח`,300,גרם,false,1,25.90,8.63,false,1,
7290110576493,false,פופקורן בטעם בלונדי 70 גר`,שטראוס גרופ בעמ,,,יח`,1,,false,1,7.90,7.90,false,1,
7290110576776,false,שוקולד מריר 85% ספלנדיד (100 גרם),שטראוס גרופ בעמ,,,יח`,100,גרם,false,1,12.20,12.20,true,1,
7290110576868,false,גמדים רביעייה סלט פירות,שטראוס גרופ בעמ/מצונן,,,יח`,400,"מ""ל",false,1,11.70,2.93,true,1,
7290110577711,false,יטבתה שייק חלבון מי גבינה עם אפרסק ומנגו,שטראוס גרופ בעמ/מצונן,,,יח`,350,"מ""ל",false,1,7.90,2.26,false,1,
7290110577728,false,יטבתה שייק חלבון מי גבינה עם פירות יער,שטראוס גרופ בעמ/מצונן,,,יח`,350,"מ""ל",false,1,7.90,2.26,false,1,
7290111093005,false,מגבונים להסרת  איפור( 25  יח) ICARE,שקד תבל בעמ,,,יח`,1,,false,1,8.90,8.90,false,1,
7290111340178,false,ניקול מטליות לחות לשיש ניחוח מרכך כביסה,קימברלי קלארק ישראל שיווק בעמ,,,יח`,1,,false,1,13.90,13.90,true,1,
7290111340185,false,ניקול מטליות לחות לריצפה ניחוח מרכך כביס,קימברלי קלארק ישראל שיווק בעמ,,,יח`,1,,false,1,15.90,15.90,true,1,
7290111341496,false,תחבושות מיני דיפנד ACTIVE,קימברלי קלארק ישראל שיווק בעמ,,,יח`,1,,false,1,20.90,20.90,true,1,
7290111342042,false,כריות יפניות אנטיבקטריאליות ניקול,קימברלי קלארק ישראל שיווק בעמ,,,יח`,1,,false,1,14.90,14.90,true,1,
7290111342059,false,מטליות לחות אנטיבקטריאלי,קימברלי קלארק ישראל שיווק בעמ,,,יח`,1,,false,1,14.90,14.90,false,1,
7290111342189,false,מפיות אירוח איכותיות  צבעוני- ניקול,קימברלי קלארק ישראל שיווק בעמ,,,יח`,1,,false,1,9.90,9.90,false,1,
7290111343117,false,קלינקס לושן סופט פק זוגות 140 דף,קימברלי קלארק ישראל שיווק בעמ,,,יח`,1,,false,1,14.90,14.90,false,1,
7290111343858,false,מטליות לחות לרצפה אנטיבקטריאלי 10 יח ניק,קימברלי קלארק ישראל שיווק בעמ,,,יח`,1,,false,1,14.90,14.90,true,1,
7290111344206,false,מגבוני האגיס נטורל קייר מבושם 4*64,קימברלי קלארק ישראל שיווק בעמ,,,יח`,1,,false,1,21.90,21.90,true,1,
7290111344459,false,תחבושות נייט אקסטרא לונג,קימברלי קלארק ישראל שיווק בעמ,,,יח`,1,,false,1,22.40,22.40,true,1,
7290111344503,false,האגיס חיתולי אקסטרה קר מידה 4+ 36,קימברלי קלארק ישראל שיווק בעמ,,,יח`,1,,false,1,46.90,46.90,false,1,
7290111344527,false,שקיות אשפה xxl שחורות ניקול,קימברלי קלארק ישראל שיווק בעמ,,,יח`,1,,false,1,26.90,26.90,true,1,
7290111344572,false,שקיות אשפה ניקול עם ידית נשיאה,קימברלי קלארק ישראל שיווק בעמ,,,יח`,1,,false,1,26.90,26.90,true,1,
7290111344732,false,קלינקס אלרג`י קומפורט 140 דף,קימברלי קלארק ישראל שיווק בעמ,,,יח`,1,,false,1,14.90,14.90,false,1,
7290111344824,false,מגן תחתון קוטקס אנטיבקטראלי 52 יח`,קימברלי קלארק ישראל שיווק בעמ,,,יח`,1,,false,1,16.90,16.90,false,1,
7290111344855,false,מגן תחתון קוטקס אקסטרא פרוטקט  לארג`52 י,קימברלי קלארק ישראל שיווק בעמ,,,יח`,1,,false,1,16.90,16.90,false,1,
7290111344930,false,מטליות לחות לרצפה בניחוח מרכך כביסה ארומ,קימברלי קלארק ישראל שיווק בעמ,,,יח`,1,,false,1,14.90,14.90,true,1,
7290111346118,false,מגבוני האגיס לחים מהדורה בבישום עדין 4*6,קימברלי קלארק ישראל שיווק בעמ,,,יח`,1,,false,1,20.90,20.90,true,1,
7290111346293,false,מגבת נייר רב שימושית שישייה ניקול,קימברלי קלארק ישראל שיווק בעמ,,,יח`,1,,false,1,12.90,12.90,false,1,
7290111346347,false,קלינקס טישו אוריגינל חמישייה,קימברלי קלארק ישראל שיווק בעמ,,,יח`,1,,false,1,15.90,15.90,true,1,
7290111350030,false,רסק תפוחי עץ טבעי בצנצנת 670 גר קלית גת,ליימן שליסל בעמ,,,יח`,670,גרם,false,1,13.20,1.97,false,1,
7290111350719,false,נאצוס בסגנון מסעדות 322 גר`היט הופ,ליימן שליסל בעמ,,,יח`,322,גרם,false,1,17.90,5.56,true,1,
7290111350726,false,נאצוס בסגנון מקסיקני 322 גר`היט הופ,ליימן שליסל בעמ,,,יח`,322,גרם,false,1,17.90,5.56,true,1,
7290111352508,false,סילאן טבעי 840  גר`קליית גת,ליימן שליסל בעמ,,,יח`,840,גרם,false,1,20.90,2.49,true,1,
7290111352942,false,סוכריות טופי (850  גר`)יוגטה,ליימן שליסל בעמ,,,יח`,850,גרם,false,1,22.40,2.64,false,1,
7290111352959,false,סוכריות מקלות ממולאים 80 גר יוגטה,ליימן שליסל בעמ,,,יח`,80,גרם,false,1,6.90,8.63,false,1,
7290111352966,false,יוגטה גומי מקלות ממולאות 250  גר`יוגטה,ליימן שליסל בעמ,,,יח`,250,גרם,false,1,8.90,3.56,false,1,
7290111353055,false,סוכריות גומי דובונים (200 גר`) יוגטה,ליימן שליסל בעמ,,,יח`,200,גרם,false,1,10.90,5.45,false,1,
7290111353109,false,סוכריות גומי נחשים (200 גר`) יוגטה,ליימן שליסל בעמ,,,יח`,200,גרם,false,1,10.90,5.45,false,1,
7290111353130,false,סוכריות גומי חמוצות מסוכרות (800 גר`) יו,ליימן שליסל בעמ,,,יח`,800,גרם,false,1,20.90,2.61,false,1,
7290111353239,false,סוכריות גומי בטעם יין (200 גר`) יוגטה,ליימן שליסל בעמ,,,יח`,200,גרם,false,1,10.90,5.45,false,1,
7290111353680,false,גרעיני חמנייה 350 גרם קליית גת,ליימן שליסל בעמ,,,יח`,350,גרם,false,1,10,2.86,false,1,
7290111563492,false,סלט מטבוחה חריפה מרובע 400  גר`צבר,קבוצת אסם סחר שות. מוגבלת,,,יח`,400,גרם,false,1,12.50,3.13,false,1,
7290111564291,false,פיטנס פריכיות דקות עם קינואה 120  גר`אסם,קבוצת אסם סחר שות. מוגבלת,,,יח`,120,גרם,false,1,13.20,11,true,1,
7290111564666,false,כדורי בשר מן הצומח 500 גר` טבעול,קבוצת אסם סחר שות. מוגבלת,,,יח`,500,גרם,false,1,30.90,6.18,true,1,
7290111564727,false,קרמוגית במילוי קרם אגוזים 200  גר`אסם,קבוצת אסם סחר שות. מוגבלת,,,יח`,200,גרם,false,1,13.20,6.60,false,1,
7290111565038,false,לה קרמריה 1.4 וניל קוקילידה,נגה גלידות שותפות מוגבלת,,,יח`,1.40,1 ליטר,false,1,23.40,16.71,true,1,
7290111566240,false,שניצל דק בטעם צ`לי חריף 564 גר` טבעול,קבוצת אסם סחר שות. מוגבלת,,,יח`,564,גרם,false,1,34.60,6.13,true,1,
7290111566271,false,חטיפי תירס 657 גר` טבעול,קבוצת אסם סחר שות. מוגבלת,,,יח`,657,גרם,false,1,34.60,5.27,true,1,
7290111566318,false,שניצל דק מן הצומח 564 גר` טבעול,קבוצת אסם סחר שות. מוגבלת,,,יח`,564,גרם,false,1,34.60,6.13,true,1,
7290111566332,false,נקניקיות טינר צמחוניות 680 גר` טבעול,קבוצת אסם סחר שות. מוגבלת,,,יח`,680,גרם,false,1,34.60,5.09,true,1,
7290111566417,false,טחון מן הצומח טבעול (500גרם),קבוצת אסם סחר שות. מוגבלת,,,יח`,500,גרם,false,1,34.60,6.92,true,1,
7290111566547,false,חזה בגריל צמחוני 99 קלוריות 560 גר` טבע,קבוצת אסם סחר שות. מוגבלת,,,יח`,560,גרם,false,1,30.90,5.52,true,1,
7290111566561,false,שניצל ברוקולי 99 קלוריות 560 גר` טבעול,קבוצת אסם סחר שות. מוגבלת,,,יח`,560,גרם,false,1,34.60,6.18,true,1,
7290111566585,false,שניצל צמחוני 99 קלוריות 650 גר` טבעול,קבוצת אסם סחר שות. מוגבלת,,,יח`,650,גרם,false,1,34.60,5.32,true,1,
7290111566660,false,קציצות עדשים כתומות 530 גר` טבעול,קבוצת אסם סחר שות. מוגבלת,,,יח`,530,גרם,false,1,34.60,6.53,true,1,
7290111566691,false,שניצל תרד 99 קלוריות 560 גר` טבעול,קבוצת אסם סחר שות. מוגבלת,,,יח`,560,גרם,false,1,34.60,6.18,true,1,
7290111566714,false,המבורגר צמחוני 99 קלוריות 600 גר` טבעול,קבוצת אסם סחר שות. מוגבלת,,,יח`,600,גרם,false,1,34.60,5.77,true,1,
7290111566752,false,שניצל תירס 99 קלוריות 693 גר` טבעול,קבוצת אסם סחר שות. מוגבלת,,,יח`,693,גרם,false,1,34.60,4.99,true,1,
7290111566776,false,נקניקיות קוקטייל צמחונית 680 גר` טבעול,קבוצת אסם סחר שות. מוגבלת,,,יח`,680,גרם,false,1,34.60,5.09,true,1,
7290111568206,false,ביסלי פארטי מיקס 150  גר`אסם,קבוצת אסם סחר שות. מוגבלת,,,יח`,150,גרם,false,1,9.10,6.07,true,1,
7290111568275,false,נודלס אטריות אורז רחבות 300  גר`אסם,קבוצת אסם סחר שות. מוגבלת,,,יח`,300,גרם,false,1,10.90,3.63,false,1,
7290111568299,false,נודלס אטריות עם תרד 300  גר`אסם,קבוצת אסם סחר שות. מוגבלת,,,יח`,300,גרם,false,1,10.90,3.63,false,1,
7290111930799,false,קראנצוס בצל 55 גר`,ש.שסטוביץ בעמ,,,יח`,55,גרם,false,1,3.50,6.36,true,1,
7290111930805,false,קראנצוס ברביקיו 55 גר`,ש.שסטוביץ בעמ,,,יח`,55,גרם,false,1,3.50,6.36,true,1,
7290111930850,false,קראנצוס פיצה 55 גר`,ש.שסטוביץ בעמ,,,יח`,55,גרם,false,1,3.50,6.36,true,1,
7290111930904,false,פוף כוכבים בצל 40 גר`,ש.שסטוביץ בעמ,,,יח`,40,גרם,false,1,5,12.50,true,1,
7290111930911,false,פוף לבבות קלאסי 40 גר`,ש.שסטוביץ בעמ,,,יח`,40,גרם,false,1,5,12.50,true,1,
7290111931321,false,קולגייט משחת ילדים 6+ מיניונים 50 מל,ש.שסטוביץ בעמ,,,יח`,50,"מ""ל",false,1,12.90,25.80,false,1,
7290111932380,false,משחת שיינים מארז זוג 75 מל,ש.שסטוביץ בעמ,,,יח`,100,גרם,false,1,28.50,28.50,false,1,
7290111932502,false,קולגיט משחת שיינים אופטיק וייט אקספרט וי,ש.שסטוביץ בעמ,,,יח`,75,"מ""ל",false,1,30.90,41.20,false,1,
7290111933462,false,רוטב צ`לי מתוק 300 מל מאסטר שף,ש.שסטוביץ בעמ,,,יח`,300,"מ""ל",false,1,7.90,2.63,false,1,
7290111933554,false,מארז עגבניות קוביות שלישייה מאסטר שף,ש.שסטוביץ בעמ,,,יח`,1200,גרם,false,1,16.90,1.41,false,1,
7290111935992,false,אטריות להקפצה 350  גר`מאסטר שף,ש.שסטוביץ בעמ,,,יח`,350,גרם,false,1,10.90,3.11,false,1,
7290111936296,false,פלמוליב ארומה סנסיישן מסאז 750 מל,ש.שסטוביץ בעמ,,,יח`,750,"מ""ל",false,1,20.90,2.79,true,1,
7290111938481,false,רוטב סויה בהירה 300  ג`מאסטר שף,ש.שסטוביץ בעמ,,,יח`,300,"מ""ל",false,1,13.90,4.63,false,1,
7290111938498,false,רוטב סויה בהירה מאסטר שף (700 מל),ש.שסטוביץ בעמ,,,יח`,700,"מ""ל",false,1,14.90,2.13,false,1,
7290112000736,false,טבליות למדיח כלים All in 1 פיניש) (80,רקיט בנקיזר (ניר איסט) בעמ,,,יח`,1,,false,1,61.90,61.90,true,1,
7290112001030,false,מילוי מבשם אויר אוטומטי פריחת דובדבן,רקיט בנקיזר (ניר איסט) בעמ,,,יח`,250,"מ""ל",false,1,15.90,6.36,true,1,
7290112001221,false,קולון מנקה מכונות רגיל 250 מל,רקיט בנקיזר (ניר איסט) בעמ,,,יח`,250,"מ""ל",false,1,20.90,8.36,false,1,
7290112001757,false,וולייט מרכך גולד מנגוליה 1.2 ליטר,רקיט בנקיזר (ניר איסט) בעמ,,,יח`,1.20,"מ""ל",false,1,17.90,1491.67,false,1,
7290112002136,false,קולון ג`ל 4 ליטר רגיל כחול,רקיט בנקיזר (ניר איסט) בעמ,,,יח`,4,1 ליטר,false,1,35.90,8.98,false,1,
7290112002143,false,קולון ג`ל 4 ליטר לילך סגול,רקיט בנקיזר (ניר איסט) בעמ,,,יח`,4,1 ליטר,false,1,35.90,8.98,false,1,
7290112002167,false,קולון ג`ל 4 ליטר בניחוח פריחה מרענן ירוק,רקיט בנקיזר (ניר איסט) בעמ,,,יח`,4,1 ליטר,false,1,35.90,8.98,false,1,
7290112003188,false,קולון קפסולות לכביסה 60 יח קאפס,רקיט בנקיזר (ניר איסט) בעמ,,,יח`,1,,false,1,55.90,55.90,false,1,
7290112003959,false,וניש מסיר כתמים א.לכביסה צבעונית 470 גר`,רקיט בנקיזר (ניר איסט) בעמ,,,יח`,470,גרם,false,1,17.90,3.81,false,1,
7290112004413,false,ספריי להסרת כתמים וניש קליה לבן (750 מל,רקיט בנקיזר (ניר איסט) בעמ,,,יח`,750,"מ""ל",false,1,20.90,2.79,true,1,
7290112004970,false,פיניש אולטימייט 50 קפסולות,רקיט בנקיזר (ניר איסט) בעמ,,,יח`,1,,false,1,61.90,61.90,true,1,
7290112004987,false,אירוויק פרשמטיק מילוי בניחוח פצ`ולי ויער,רקיט בנקיזר (ניר איסט) בעמ,,,יח`,250,"מ""ל",false,1,15.90,6.36,true,1,
7290112005076,false,וניש מסיר כתמים א.לכביסה צבעונית 480 גר`,רקיט בנקיזר (ניר איסט) בעמ,,,יח`,480,גרם,false,1,17.90,3.73,true,1,
7290112005083,false,וניש אבקה לכביסה צבעונית,רקיט בנקיזר (ניר איסט) בעמ,,,יח`,1.50,גרם,false,1,40.90,2726.67,false,1,
7290112193278,false,שמפו מתולתלות 600 מל,גורי ע.ע.ע בעמ,,,יח`,600,"מ""ל",false,1,25.90,4.32,true,1,
7290112193872,false,וופל במילוי קרם אגוזים וחתיכות בוטנים 28,גורי ע.ע.ע בעמ,,,יח`,140,גרם,false,1,10.90,7.79,false,1,
7290112197122,false,סבון ידיים ירוק 500 מל,גורי ע.ע.ע בעמ,,,יח`,500,"מ""ל",false,1,8.90,1.78,false,1,
7290112197139,false,סבון ידיים אדום 500 מל,גורי ע.ע.ע בעמ,,,יח`,500,"מ""ל",false,1,8.90,1.78,false,1,
7290112197177,false,דגני בוקר במילוי קרם נוגט 375  גר`ללא גל,גורי מוצרי צריכה (1991) בעמ,,,יח`,375,גרם,false,1,22.90,6.11,true,1,
7290112330352,false,דנונה פרו 200  גר`וניל 0% שומן,שטראוס גרופ בעמ/מצונן,,,יח`,200,"מ""ל",false,1,5.90,2.95,false,1,
7290112330390,false,דנונה פרו 200  גר`פירות יער 0% שומן,שטראוס גרופ בעמ/מצונן,,,יח`,200,"מ""ל",false,1,5.90,2.95,false,1,
7290112332899,false,בזוקה פופים קלאסי 58 גר`,שטראוס גרופ בעמ,,,יח`,1,,false,1,11.50,11.50,true,1,
7290112334749,false,קפה טורקי עלית (200 גרם) 10% תוספת,שטראוס גרופ בעמ,,,יח`,220,גרם,false,1,16.30,7.41,true,1,
7290112335111,false,מאסט קוביות בטעם בזוקה 86 גר`,שטראוס גרופ בעמ,,,יח`,86,גרם,false,1,14.90,17.33,false,1,
7290112335487,false,פריכיות הטעימות קצח ודגנים 135,שטראוס גרופ בעמ,,,יח`,135,גרם,false,1,14.20,10.52,false,1,
7290112336637,false,מאסט סוכריות יוגרוט תות אוכמניות 80 גר`,שטראוס גרופ בעמ,,,יח`,80,גרם,false,1,9.70,12.13,false,1,
7290112336644,false,מאסט סוכריות לימון 80 גר ללא סוכר,שטראוס גרופ בעמ,,,יח`,80,גרם,false,1,9.70,12.13,false,1,
7290112336712,false,דנונה פרו 21% חלבון 0,שטראוס גרופ בעמ/מצונן,,,יח`,200,"מ""ל",false,1,6.10,3.05,false,1,
7290112339362,false,דנונה לייט אנד פריי בטעם קפוצ`נו 150 גר`,שטראוס גרופ בעמ/מצונן,,,יח`,150,"מ""ל",false,1,4.90,3.27,true,1,
7290112339867,false,גמדים סקוויז בודד תות (100 גר`),שטראוס גרופ בעמ/מצונן,,,יח`,100,גרם,false,1,6,6,false,1,
7290112339874,false,גמדים סקוויז בודד תות בננה (100 גר`),שטראוס גרופ בעמ/מצונן,,,יח`,100,גרם,false,1,6,6,false,1,
7290112340122,false,פריכיות טעימות 3 דגנים 135 גר`,שטראוס גרופ בעמ,,,יח`,135,גרם,false,1,14.20,10.52,false,1,
7290112340245,false,מסטיק מאסט צנצנת בטעם דובדבן 66 גר` מגדי,שטראוס גרופ בעמ,,,יח`,66,גרם,false,1,11.50,17.42,true,1,
7290112340276,false,עוגיות קרם קפה עלית 200 גר` עלית,שטראוס גרופ בעמ,,,יח`,200,גרם,false,1,11.90,5.95,false,1,
7290112341686,false,אקטיביה יוגורט 3% דנונה (150x8 גרם),שטראוס גרופ בעמ/מצונן,,,יח`,1.20,גרם,false,1,20.30,1691.67,false,1,
7290112342102,false,סימפוניה בצל מקורמל 5% שטראוס,שטראוס גרופ בעמ/מצונן,,,יח`,200,גרם,false,1,12.20,6.10,false,1,
7290112343260,false,רוטב שמנת קלאסי 260 גר` יטבתה,שטראוס גרופ בעמ/מצונן,,,יח`,260,"מ""ל",false,1,10.10,3.88,true,1,
7290112343499,false,צ`יטוס 55 גר` puffs,שטראוס פריטו ליי בעמ,,,יח`,60,גרם,false,1,3.90,6.50,true,1,
7290112343512,false,צ`יטוס 160  גר`puffs,שטראוס פריטו ליי בעמ,,,יח`,180,גרם,false,1,7.90,4.39,false,1,
7290112344724,false,מעדן מוס שוקולד בלונדי 133  גר`מילקי,שטראוס גרופ בעמ/מצונן,,,יח`,133,גרם,false,1,3.40,2.56,false,1,
7290112344755,false,מילקי עם 26% פחות  סוכר( 135 גר`),שטראוס גרופ בעמ/מצונן,,,יח`,135,גרם,false,1,2.90,2.15,false,1,
7290112344786,false,קפה PLATINUMקלאסי 200 גר,שטראוס גרופ בעמ,,,יח`,200,גרם,false,1,24.90,12.45,true,1,
7290112344953,false,סימפוניה חציל קלוי 5%,שטראוס גרופ בעמ/מצונן,,,יח`,200,גרם,false,1,12.20,6.10,false,1,
7290112346360,false,בפלות אחת אחת בציפוי שוקלוד חלב עלית,שטראוס גרופ בעמ,,,יח`,180,גרם,false,1,14.90,8.28,false,1,
7290112346773,false,דנונה לייט אנד פריי וניל עם חלבון,שטראוס גרופ בעמ/מצונן,,,יח`,150,גרם,false,1,4.70,3.13,true,1,
7290112346797,false,אקטיביה שיבולת שועל ושזיף 150 גר`,שטראוס גרופ בעמ/מצונן,,,יח`,150,"מ""ל",false,1,4.70,3.13,false,1,
7290112347008,false,גמדים ארוחת בוקר תות סקוויז 100 גר,שטראוס גרופ בעמ/מצונן,,,יח`,100,גרם,false,1,6,6,false,1,
7290112348142,false,שעועית לבנה 380  גר`טעם הטבע קופסה,שטראוס גרופ בעמ,,,יח`,380,גרם,false,1,7.90,2.08,true,1,
7290112348616,false,קפה נמס אגוזי לוז (100  גר)עלית,שטראוס גרופ בעמ,,,יח`,100,גרם,false,1,17.30,17.30,false,1,
7290112349606,false,דניאלה מעדן בטעם תות בננה שטראוס (88 גרם,שטראוס גרופ בעמ/מצונן,,,יח`,150,"מ""ל",false,1,4,2.67,false,1,
7290112349736,false,רוטב עגבניות לפסטה 350  גר`בזיליקום,שטראוס גרופ בעמ,,,יח`,350,גרם,false,1,11.90,3.40,true,1,
7290112349750,false,רוטב עגבניות לפיצה 350 גר`,שטראוס גרופ בעמ,,,יח`,350,גרם,false,1,11.90,3.40,true,1,
7290112350312,false,קפסולות 15 למכונות נספרו עלית) (10,שטראוס גרופ בעמ,,,יח`,50,גרם,false,1,18.50,37,true,1,
7290112350589,false,צ`יקו להכנת משקה צ`יקוריה עלית (65 גרם),שטראוס גרופ בעמ,,,יח`,65,גרם,false,1,10.90,16.77,false,1,
7290112351067,false,סילאן טבעי לחיץ 630  גר`יד מרדכי,שטראוס גרופ בעמ,,,יח`,630,גרם,false,1,24.90,3.95,false,1,
7290112351463,false,סוכריות שלישיית fresh פטל לימון ללס מאס,שטראוס גרופ בעמ,,,יח`,45,גרם,false,1,9.90,22,false,1,
7290112354945,false,תפוצ`יפס (50  גרם)היתר מכירה,שטראוס פריטו ליי בעמ,,,יח`,50,גרם,false,1,4,8,false,1,
7290112354952,false,תפוצ`יפס פפריקה (50  גרם)היתר מכירה,שטראוס פריטו ליי בעמ,,,יח`,50,גרם,false,1,4,8,false,1,
7290112354969,false,תפוצ`יפס 200 גר` (יבול חול/היתר מכירה),שטראוס פריטו ליי בעמ,,,יח`,200,גרם,false,1,11.50,5.75,true,1,
7290112355027,false,דנונה פרו 20  גר`חלבון בטעם קרמל  מלוח(,שטראוס גרופ בעמ/מצונן,,,יח`,200,"מ""ל",false,1,5.90,2.95,false,1,
7290112355393,false,רוטב שמנת עם בטטה 9% יטבתה (250 מל),שטראוס גרופ בעמ/מצונן,,,יח`,250,"מ""ל",false,1,10.10,4.04,true,1,
7290112355775,false,סימפוניה 200  גר`עירית שטראוס,שטראוס גרופ בעמ/מצונן,,,יח`,200,גרם,false,1,12.20,6.10,false,1,
7290112357045,false,עגבניות איטלקיות מרוסקות 390  גר`טעם הטב,שטראוס גרופ בעמ,,,יח`,500,גרם,false,1,7.90,1.58,true,1,
7290112357069,false,מחית עגבניות איטלקיות 500  גר`טעם הטבע ק,שטראוס גרופ בעמ,,,יח`,500,גרם,false,1,7.90,1.58,true,1,
7290112357083,false,אפונת גינה 380 גר טעם הטבע קופסה,שטראוס גרופ בעמ,,,יח`,380,גרם,false,1,7.90,2.08,true,1,
7290112357113,false,גרגרי חומוס 380 גר טעם הטבע קופסה,שטראוס גרופ בעמ,,,יח`,380,גרם,false,1,7.90,2.08,true,1,
7290112358431,false,ביסקוויט עד חצות דאבל 200 גר`,שטראוס גרופ בעמ,,,יח`,200,גרם,false,1,14.50,7.25,false,1,
7290112358561,false,קפה פלטינום קלאסיק 47  גר`עלית,שטראוס גרופ בעמ,,,יח`,47,גרם,false,1,6.90,14.68,false,1,
7290112359353,false,קפה טורקי  אלדין( 200  גר`)עלית,שטראוס גרופ בעמ,,,יח`,200,גרם,false,1,20.90,10.45,false,1,
7290112359384,false,קפה נמס אלפחרוס ריבת  חלב( 100  גר`)עלית,שטראוס גרופ בעמ,,,יח`,100,גרם,false,1,17.30,17.30,true,1,
7290112483430,false,כפות שקופות לפיד 50 יח,פאלאס תעשיות נטו (2014) בעמ,,,יח`,1,,false,1,7.90,7.90,true,1,
7290112483447,false,כפיות שקופות לפיד 50 יח,פאלאס תעשיות נטו (2014) בעמ,,,יח`,1,,false,1,7.90,7.90,true,1,
7290112483454,false,מזלגות שקופות לפיד 50 יח,פאלאס תעשיות נטו (2014) בעמ,,,יח`,1,,false,1,7.90,7.90,true,1,
7290112483461,false,סכינים שקופות לפיד 50 יח,פאלאס תעשיות נטו (2014) בעמ,,,יח`,1,,false,1,7.90,7.90,true,1,
7290112484314,false,צלחות לפתן שקוף 25 יח לפיד,פאלאס תעשיות נטו (2014) בעמ,,,יח`,1,,false,1,6.90,6.90,true,1,
7290112484321,false,צלחות ענק שקוף 25 יח לפיד,פאלאס תעשיות נטו (2014) בעמ,,,יח`,1,,false,1,16.90,16.90,false,1,
7290112484895,false,צלחות גדולות 1 קג,פאלאס תעשיות נטו (2014) בעמ,,,יח`,1,יח`,false,1,39.90,39.90,true,1,
7290112485861,false,כוסות נייר b8 פאלאס) (50,פאלאס תעשיות נטו (2014) בעמ,,,יח`,50,יח`,false,1,8.90,0.18,false,1,
7290112486141,false,כוסות שתיה קרה פאלאס 70 יח`,פאלאס תעשיות נטו (2014) בעמ,,,יח`,1,,false,1,6.90,6.90,true,1,
7290112490032,false,מרק נמס בכוס תירס קנור,יוניליוור ישראל שיווק בעמ,,,יח`,45,גרם,false,1,7.60,16.89,true,1,
7290112490117,false,קליק טבלאות שוקולד עם וופל ואגוזים 85 גר,יוניליוור ישראל שיווק בעמ,,,יח`,85,גרם,false,1,6.70,7.88,true,1,
7290112490209,false,מרק נמס בכוס עגבניות קנור) (2*28,יוניליוור ישראל שיווק בעמ,,,יח`,56,גרם,false,1,7.60,13.57,true,1,
7290112490216,false,מרק נמס בכוס טעם עוף קנור (2*24 גר`),יוניליוור ישראל שיווק בעמ,,,יח`,48,גרם,false,1,7.60,15.83,true,1,
7290112490230,false,מרק נמס בכוס אפונה קנור) (25*2,יוניליוור ישראל שיווק בעמ,,,יח`,50,גרם,false,1,7.60,15.20,true,1,
7290112490650,false,קונפיטורת תות שדה  (340788  גר`),יוניליוור ישראל שיווק בעמ,,,יח`,340,גרם,false,1,14.50,4.26,true,1,
7290112490667,false,קונפיטורת משמשים  (788 340  גר`),יוניליוור ישראל שיווק בעמ,,,יח`,340,גרם,false,1,14.50,4.26,true,1,
7290112490674,false,קונפיטורת דובדבנים  (788 340  גר`),יוניליוור ישראל שיווק בעמ,,,יח`,340,גרם,false,1,14.50,4.26,true,1,
7290112490698,false,קונפיטורה לייט תות שדה 778,יוניליוור ישראל שיווק בעמ,,,יח`,260,גרם,false,1,14.50,5.58,true,1,
7290112490735,false,מרק עשיר עגבניות עם פסטה קנור רכיבים טבע,יוניליוור ישראל שיווק בעמ,,,יח`,105,גרם,false,1,13.90,13.24,true,1,
7290112490742,false,מרק עשיר פטריות עם גריסים קנור רכיבים טב,יוניליוור ישראל שיווק בעמ,,,יח`,104,גרם,false,1,13.90,13.37,true,1,
7290112490759,false,מרק עשיר עוף עם אטריות קנור רכיבים טבעיי,יוניליוור ישראל שיווק בעמ,,,יח`,74,גרם,false,1,13.90,18.78,true,1,
7290112490896,false,רוטב צ`ילי חריף קנור (370מל),יוניליוור ישראל שיווק בעמ,,,יח`,370,"מ""ל",false,1,13.90,3.76,true,1,
7290112491770,false,בייגלה דק דק מלח 300 גר`,יוניליוור ישראל שיווק בעמ,,,יח`,300,גרם,false,1,11.50,3.83,true,1,
7290112491787,false,בייגלה דקים דקים שומשום 300 גר`,יוניליוור ישראל שיווק בעמ,,,יח`,300,גרם,false,1,11.50,3.83,true,1,
7290112492449,false,שמפו פינוק שיער רגיל 700 מל,יוניליוור ישראל שיווק בעמ,,,יח`,700,גרם,false,1,13.50,1.93,true,1,
7290112492456,false,שמפו לשיער יבש פינוק (700 מל),יוניליוור ישראל שיווק בעמ,,,יח`,700,"מ""ל",false,1,13.50,1.93,true,1,
7290112492463,false,שמפו פינוק2ב (7001 מל),יוניליוור ישראל שיווק בעמ,,,יח`,700,"מ""ל",false,1,13.50,1.93,true,1,
7290112492470,false,שמפו ומרכך פינוק 2ב (7001 מל),יוניליוור ישראל שיווק בעמ,,,יח`,700,"מ""ל",false,1,13.50,1.93,true,1,
7290112492500,false,שמפו פינוקשמן קוקוס (700מל),יוניליוור ישראל שיווק בעמ,,,יח`,700,"מ""ל",false,1,13.50,1.93,true,1,
7290112492531,false,מרכך לשיער רגיל (700  מל)פינוק,יוניליוור ישראל שיווק בעמ,,,יח`,700,"מ""ל",false,1,13.50,1.93,true,1,
7290112492548,false,מרכך לשיער יבש (700  מל)פינוק,יוניליוור ישראל שיווק בעמ,,,יח`,700,"מ""ל",false,1,13.50,1.93,true,1,
7290112492593,false,תחליב רחצה רגיל 700 מל פינוק,יוניליוור ישראל שיווק בעמ,,,יח`,700,"מ""ל",false,1,14.20,2.03,true,1,
7290112492609,false,תחליב רחצה לבנדר ווניל (700  מל)פינוק,יוניליוור ישראל שיווק בעמ,,,יח`,700,"מ""ל",false,1,14.20,2.03,true,1,
7290112492647,false,פינוק לגבר 3ב1 ספורט (700 מל),יוניליוור ישראל שיווק בעמ,,,יח`,700,"מ""ל",false,1,13.50,1.93,true,1,
7290112492982,false,מרק פטריות רכיבים טבעיים 400  גר`קנור,יוניליוור ישראל שיווק בעמ,,,יח`,400,גרם,false,1,29.50,7.38,true,1,
7290112492999,false,אבקת מרק טעם עוף 400  גר`קנור,יוניליוור ישראל שיווק בעמ,,,יח`,400,גרם,false,1,17.30,4.33,true,1,
7290112493088,false,נמס בכוס עדשים 100% רכיבים טביעיים קנור,יוניליוור ישראל שיווק בעמ,,,יח`,54,גרם,false,1,7.90,14.63,false,1,
7290112493095,false,נמס בכוס עגבניות חריף 100% רכיבים טביעיי,יוניליוור ישראל שיווק בעמ,,,יח`,48,גרם,false,1,7.90,16.46,false,1,
7290112493293,false,נמס בכוס ירקות 100% רכיבים טביעיים קנור,יוניליוור ישראל שיווק בעמ,,,יח`,44,גרם,false,1,7.90,17.95,true,1,
7290112493316,false,מרק היום אפונה 100% רכיבים טביעיים קנור,יוניליוור ישראל שיווק בעמ,,,יח`,117,גרם,false,1,13.90,11.88,true,1,
7290112493934,false,שטראוס קרמיסימו וניל צרפתי,גלידות שטראוס בעמ,,,יח`,1.33,1 ליטר,false,1,19.90,14.96,false,1,
7290112494153,false,תיבוליות ניחוח צלי  קנור( 72 גרם),יוניליוור ישראל שיווק בעמ,,,יח`,72,גרם,false,1,10.90,15.14,true,1,
7290112494344,false,קורנפלקס של אלופים תלמה (850 גרם)רבנות,יוניליוור ישראל שיווק בעמ,,,יח`,850,גרם,false,1,18.90,2.22,false,1,
7290112494351,false,קורנפלקס של אלופים תלמה (850 גרם).בדצ,יוניליוור ישראל שיווק בעמ,,,יח`,850,גרם,false,1,18.90,2.22,false,1,
7290112494382,false,פירה בטעם ביתי 260  גר`קנור,יוניליוור ישראל שיווק בעמ,,,יח`,260,גרם,false,1,10.90,4.19,false,1,
7290112494801,false,ג`ל כביסה לבנה וצבעונית בניחוח בדין ורוד,יוניליוור ישראל שיווק בעמ,,,יח`,2.50,1 ליטר,false,1,30.90,12.36,true,1,
7290112495006,false,כריות נוגט 686  גר`תלמה,יוניליוור ישראל שיווק בעמ,,,יח`,686,גרם,false,1,25.90,3.78,false,1,
7290112495020,false,כריות צ`וקולדה תלמה (686  גר`),יוניליוור ישראל שיווק בעמ,,,יח`,686,גרם,false,1,30.90,4.50,true,1,
7290112495037,false,קוקומן כדורים 375  גר`תלמה,יוניליוור ישראל שיווק בעמ,,,יח`,375,גרם,false,1,22.40,5.97,true,1,
7290112495105,false,נישנושים תפוא שמנת בצל 260 גר`,יוניליוור ישראל שיווק בעמ,,,יח`,260,גרם,false,1,14.50,5.58,true,1,
7290112495150,false,נשנושי קרקר עיגולים מלוחים 300 גר`,יוניליוור ישראל שיווק בעמ,,,יח`,300,גרם,false,1,14.50,4.83,true,1,
7290112495167,false,נשנושי קרקר משולשי שומשום 300 גר,יוניליוור ישראל שיווק בעמ,,,יח`,300,גרם,false,1,14.50,4.83,true,1,
7290112495228,false,קורנפלקס דבש 448  גר`תלמה,יוניליוור ישראל שיווק בעמ,,,יח`,448,גרם,false,1,16.90,3.77,true,1,
7290112495280,false,ברנפלקס ריבועי קינמון תלמה (400 גרם),יוניליוור ישראל שיווק בעמ,,,יח`,400,גרם,false,1,23.40,5.85,true,1,
7290112495433,false,דליפקאן תוספת אגוזי פקאן ושקדים תלמה (40,יוניליוור ישראל שיווק בעמ,,,יח`,400,גרם,false,1,24.40,6.10,true,1,
7290112495594,false,שמיניות גדולות ללא מלח 400 גר בייגל בייג,יוניליוור ישראל שיווק בעמ,,,יח`,400,גרם,false,1,14.20,3.55,true,1,
7290112495754,false,רוטב לסלט אלף האיים הלמנס (305 מל),יוניליוור ישראל שיווק בעמ,,,יח`,305,"מ""ל",false,1,13.90,4.56,true,1,
7290112495761,false,רוטב לסלט אלף האיים לייט הלמנס (305 מל),יוניליוור ישראל שיווק בעמ,,,יח`,305,"מ""ל",false,1,13.90,4.56,true,1,
7290112495785,false,רוטב לסלט שום (300  גרם)הלמנס,יוניליוור ישראל שיווק בעמ,,,יח`,300,גרם,false,1,13.90,4.63,true,1,
7290112495792,false,רוטב שום לייט 300 גר הלמנס,יוניליוור ישראל שיווק בעמ,,,יח`,300,גרם,false,1,13.90,4.63,true,1,
7290112495815,false,רוטב לסלט חרדל ודבש לייט (305  גרם)הלמנס,יוניליוור ישראל שיווק בעמ,,,יח`,305,גרם,false,1,13.90,4.56,true,1,
7290112496218,false,טריאקיהפחתה של%50 סוכר ונתרן,יוניליוור ישראל שיווק בעמ,,,יח`,340,"מ""ל",false,1,13.90,4.09,true,1,
7290112496430,false,נמס בכוס אקסטרה עגבניות,יוניליוור ישראל שיווק בעמ,,,יח`,37,גרם,false,1,5.90,15.95,false,1,
7290112496447,false,נמס בכוס אקסטרה טעם עוף,יוניליוור ישראל שיווק בעמ,,,יח`,27,גרם,false,1,5.90,21.85,false,1,
7290112496461,false,נמס בכוס אקסטרא ירקות 32 גר`,יוניליוור ישראל שיווק בעמ,,,יח`,32,גרם,false,1,5.90,18.44,false,1,
7290112497123,false,אבקת להכנת סחלב קנור (112 גר`),יוניליוור ישראל שיווק בעמ,,,יח`,112,גרם,false,1,14.50,12.95,true,1,
7290112498083,false,שמפו בתוספת שמן  חוחבה( 700  מל)פינוק,יוניליוור ישראל שיווק בעמ,,,יח`,700,"מ""ל",false,1,13.50,1.93,true,1,
7290112498915,false,מאגדת-מיני מגנום שקדים מובחרים,גלידות שטראוס בעמ,,,יח`,250,גרם,false,1,30.50,12.20,false,1,
7290112499097,false,מאגדת-מיני מגנום שוקולד מריר,גלידות שטראוס בעמ,,,יח`,1,,false,1,35.60,35.60,false,1,
7290112499196,false,שטראוס קרמיסימו החלב של הקורנפלקס,גלידות שטראוס בעמ,,,יח`,1.33,1 ליטר,false,1,19.90,14.96,false,1,
7290112499219,false,מאגדת גודיז בטעמי פיסטוק ושוקולד שטראוס,גלידות שטראוס בעמ,,,יח`,235,גרם,false,1,32.90,14,false,1,
7290112499462,false,תחליב רחצה שמן קוקוס 700 מל פינוק,יוניליוור ישראל שיווק בעמ,,,יח`,700,"מ""ל",false,1,14.20,2.03,true,1,
7290112499776,false,מאגדת לייט וניל עוגיות  עד( 99  קלוריות),גלידות שטראוס בעמ,,,יח`,342,גרם,false,1,32.90,9.62,false,1,
7290112499943,false,מאגדת-מיני מגנום קלאסיק שוקולד,גלידות שטראוס בעמ,,,יח`,1,,false,1,35.60,35.60,false,1,
7290112705426,false,צלחת במבוק 23 חד-קרן,שמחה זה אנחנו בעמ,,,יח`,1,,false,1,9.90,9.90,false,1,
7290112961266,false,בייגלה כפיות פיזור איטלקי 300 גר` אסם,קבוצת אסם סחר שות. מוגבלת,,,יח`,300,גרם,false,1,10.10,3.37,true,1,
7290112961372,false,חטיפי פריכיות דקות קינמון 60 גר` פיטנס,קבוצת אסם סחר שות. מוגבלת,,,יח`,60,גרם,false,1,9.90,16.50,false,1,
7290112961440,false,פיטנס בר פריכיות שוקולד מריר 84 גר,קבוצת אסם סחר שות. מוגבלת,,,יח`,84,גרם,false,1,16.30,19.40,true,1,
7290112962324,false,שניצל כרובית 99 קלוריות טבעול 500 גר`,קבוצת אסם סחר שות. מוגבלת,,,יח`,500,גרם,false,1,34.90,6.98,true,1,
7290112963918,false,חטיפי קרקר דק רוזמרין 140 גר` פיטנס,קבוצת אסם סחר שות. מוגבלת,,,יח`,140,גרם,false,1,12.90,9.21,true,1,
7290112964052,false,פסטה וזוביוטו 500  גר`פרפקטו אסם,קבוצת אסם סחר שות. מוגבלת,,,יח`,500,גרם,false,1,9.90,1.98,false,1,
7290112964410,false,רוטב אלף האיים לסלט ( 290 גר`) אסם,קבוצת אסם סחר שות. מוגבלת,,,יח`,290,"מ""ל",false,1,13.20,4.55,true,1,
7290112964434,false,רוטב לסלט קיסר אסם (295 מל),קבוצת אסם סחר שות. מוגבלת,,,יח`,290,"מ""ל",false,1,13.20,4.55,true,1,
7290112964458,false,רוטב לסלט וינגרט אסם (295 מל),קבוצת אסם סחר שות. מוגבלת,,,יח`,295,"מ""ל",false,1,13.20,4.47,true,1,
7290112964472,false,רוטב שום לסלט (290 גר`) אסם,קבוצת אסם סחר שות. מוגבלת,,,יח`,290,"מ""ל",false,1,13.20,4.55,true,1,
7290112964564,false,רוטב אלף האיים לייט לסלט אסם (295 מל),קבוצת אסם סחר שות. מוגבלת,,,יח`,295,"מ""ל",false,1,13.20,4.47,true,1,
7290112964724,false,המבורגר טבעוני 580 גר` טבעול,קבוצת אסם סחר שות. מוגבלת,,,יח`,504,גרם,false,1,34.60,6.87,true,1,
7290112965165,false,מרק נמס בטעם פטריות אסם (24x2  גרם)בדצ,קבוצת אסם סחר שות. מוגבלת,,,יח`,48,גרם,false,1,6.90,14.38,false,1,
7290112965240,false,זוג מרק נמס עגבניות 60  גר`אסם בדצ,קבוצת אסם סחר שות. מוגבלת,,,יח`,60,גרם,false,1,6.90,11.50,false,1,
7290112965264,false,מרק נמס סוף זוג אפונה בדצ,קבוצת אסם סחר שות. מוגבלת,,,יח`,52,גרם,false,1,6.90,13.27,false,1,
7290112965301,false,מרק נמס סוף זוג טעם עוף 52  גר`אסם,קבוצת אסם סחר שות. מוגבלת,,,יח`,52,גרם,false,1,6.90,13.27,false,1,
7290112965585,false,פסטה קסרצה 500  גר`פרפקטו אסם,קבוצת אסם סחר שות. מוגבלת,,,יח`,500,גרם,false,1,8.90,1.78,false,1,
7290112965684,false,חטיף מולטיגריין עשבי תיבול ( 25 גר`) פיט,קבוצת אסם סחר שות. מוגבלת,,,יח`,100,גרם,false,1,5.90,5.90,false,1,
7290112965707,false,חטיף מולטיגריין צ`לי מעודן ( 25 גר`) פיט,קבוצת אסם סחר שות. מוגבלת,,,יח`,100,גרם,false,1,5.90,5.90,false,1,
7290112965868,false,קרם קרקר במליחות מעודנת 250  גר`אסם,קבוצת אסם סחר שות. מוגבלת,,,יח`,250,גרם,false,1,11.20,4.48,true,1,
7290112965905,false,בייגלה שמיניות במליחות מעודנת 400 גר` אס,קבוצת אסם סחר שות. מוגבלת,,,יח`,400,גרם,false,1,11.10,2.78,true,1,
7290112965967,false,נאגטס ירקות כתומים ( 500 גר`) טבעול,קבוצת אסם סחר שות. מוגבלת,,,יח`,500,גרם,false,1,32.90,6.58,true,1,
7290112966094,false,עוגת הבית בטעם תפוז מופחת סוכראסם (400 ג,קבוצת אסם סחר שות. מוגבלת,,,יח`,400,גרם,false,1,12.50,3.13,false,1,
7290112966124,false,ביסקוויט פתי בר מופחת סוכר אסם (500 גרם),קבוצת אסם סחר שות. מוגבלת,,,יח`,500,גרם,false,1,13.20,2.64,false,1,
7290112966247,false,לחמית כוסמין 200  גר`אסם,קבוצת אסם סחר שות. מוגבלת,,,יח`,200,גרם,false,1,11.20,5.60,true,1,
7290112966445,false,במבה מתוקה אריזה גדולה 100  גר`אסם,קבוצת אסם סחר שות. מוגבלת,,,יח`,100,גרם,false,1,9.90,9.90,false,1,
7290112966841,false,פודינג בטעם שוקולד מריר 90  גר`אסם,קבוצת אסם סחר שות. מוגבלת,,,יח`,90,גרם,false,1,5.90,6.56,false,1,
7290112967114,false,חטיפי פריכיות קטניות ופלפל 60 גר` פיטנס,קבוצת אסם סחר שות. מוגבלת,,,יח`,60,גרם,false,1,9.90,16.50,false,1,
7290112967381,false,חטיפי פריכיות קטניות ומלח ים 60 גר פיטנס,קבוצת אסם סחר שות. מוגבלת,,,יח`,60,גרם,false,1,9.90,16.50,false,1,
7290112968722,false,טבעול- נקנקיות מן הצומח עדה החרדית 1.2,קבוצת אסם סחר שות. מוגבלת,,,יח`,1.20,"ק""ג",false,1,46.90,39.08,false,1,
7290112968807,false,חטיפי קרקר דק סלק 140 גר` פיטנס,קבוצת אסם סחר שות. מוגבלת,,,יח`,140,גרם,false,1,12.90,9.21,true,1,
7290112968821,false,חטיפי קרקר דק בטטה 140 גר` פיטנס,קבוצת אסם סחר שות. מוגבלת,,,יח`,140,גרם,false,1,12.90,9.21,true,1,
7290113190375,false,סילאן טבעי 900 גר` שקדיה,דין שיווק וקליה 2021 בעמ,,,יח`,900,גרם,false,1,15.90,1.77,false,1,
7290113190450,false,ממרח תמרים 450 גר` שקדיה,דין שיווק וקליה 2021 בעמ,,,יח`,450,גרם,false,1,6.50,1.44,true,1,
7290113190771,false,חלבה תלתלים בטעם שוקו וניל 300 גר`,דין שיווק וקליה 2021 בעמ,,,יח`,300,גרם,false,1,14.90,4.97,false,1,
7290113192164,false,אגוזי קשיו קלופים 150  גר`ששון הקולה,דין שיווק וקליה 2021 בעמ,,,יח`,150,גרם,false,1,15.90,10.60,false,1,
7290113192171,false,מיקס אגוזים שקדים וחמוציות 150  גר`ששון,דין שיווק וקליה 2021 בעמ,,,יח`,150,גרם,false,1,15.90,10.60,false,1,
7290113192300,false,חרוזית מושחר 275 גר` בית השיטה,קבוצת אסם סחר שות. מוגבלת,,,יח`,275,גרם,false,1,11.50,4.18,false,1,
7290113192324,false,זיתים ירוקים שלמים בינוניים 560  גר`בית,קבוצת אסם סחר שות. מוגבלת,,,יח`,560,גרם,false,1,10.90,1.95,false,1,
7290113192331,false,זיתים ירוקים שלמים גדולים 340 גר`,קבוצת אסם סחר שות. מוגבלת,,,יח`,340,גרם,false,1,10.90,3.21,false,1,
7290113192348,false,זית ירוק טעם שום  (34017-19 גר`),קבוצת אסם סחר שות. מוגבלת,,,יח`,340,גרם,false,1,11.50,3.38,true,1,
7290113192355,false,זיתים חרוזית ירוק A2 בית השיטה,קבוצת אסם סחר שות. מוגבלת,,,יח`,560,גרם,false,1,11.50,2.05,true,1,
7290113192362,false,זיתים ירוקים טבעות (560  גרם)בית השיטה,קבוצת אסם סחר שות. מוגבלת,,,יח`,560,גרם,false,1,11.90,2.13,false,1,
7290113192386,false,זיתים סורי מבוקע A2 בית השיטה,קבוצת אסם סחר שות. מוגבלת,,,יח`,560,גרם,false,1,11.90,2.13,false,1,
7290113192393,false,קוקטייל זיתים בית השיטה (336 גרם),קבוצת אסם סחר שות. מוגבלת,,,יח`,336,גרם,false,1,12.90,3.84,false,1,
7290113192478,false,מלפפון במלח 10-12 A2 בית השיטה,קבוצת אסם סחר שות. מוגבלת,,,יח`,320,גרם,false,1,8.40,2.63,true,1,
7290113192485,false,מלפפון בחומץ 10-12 A2 בית השיטה ( 290 גר,קבוצת אסם סחר שות. מוגבלת,,,יח`,290,גרם,false,1,8.40,2.90,true,1,
7290113192492,false,מלפפון בחומץ 13-17 A2 בית  השיטה( 290 ג,קבוצת אסם סחר שות. מוגבלת,,,יח`,320,גרם,false,1,10.90,3.41,false,1,
7290113192508,false,מלפפון במלח 13-17 A2 בית  השיטה( 320 גר`,קבוצת אסם סחר שות. מוגבלת,,,יח`,320,גרם,false,1,10.90,3.41,false,1,
7290113192515,false,מלפפון במלח 18-25 A2 בית  השיטה( 320 גר`,קבוצת אסם סחר שות. מוגבלת,,,יח`,320,גרם,false,1,13.50,4.22,false,1,
7290113192522,false,מלפפון בחומץ 18-25 A2 בית  השיטה( 320 גר,קבוצת אסם סחר שות. מוגבלת,,,יח`,320,גרם,false,1,13.50,4.22,false,1,
7290113192553,false,מלפפון במלח בלאדי 13-17 בית  השיטה( 320,קבוצת אסם סחר שות. מוגבלת,,,יח`,320,גרם,false,1,10.90,3.41,false,1,
7290113192560,false,פלפל חריף כבוש שיפקה בית השיטה (430 גר`),קבוצת אסם סחר שות. מוגבלת,,,יח`,430,גרם,false,1,7.90,1.84,true,1,
7290113192577,false,כרוב כבוש בית השיטה (430 גר`),קבוצת אסם סחר שות. מוגבלת,,,יח`,430,גרם,false,1,8.90,2.07,false,1,
7290113192881,false,טורטיה חיטה מופחת קלוריות 270 גר,דין שיווק וקליה 2021 בעמ,,,יח`,270,גרם,false,1,10.90,4.04,true,1,
7290113192997,false,זית מרוקאי 340  גר`בית השיטה,קבוצת אסם סחר שות. מוגבלת,,,יח`,340,גרם,false,1,12.90,3.79,false,1,
7290113193000,false,פלפל שיפקונית 230  גר`בית השיטה,קבוצת אסם סחר שות. מוגבלת,,,יח`,230,גרם,false,1,10.90,4.74,false,1,
7290113193017,false,קוקטייל זיתים 275  גר`בית השיטה,קבוצת אסם סחר שות. מוגבלת,,,יח`,275,גרם,false,1,13.50,4.91,false,1,
7290113193321,false,שמן זית כתית מעולה 750 מל בית השיטה,קבוצת אסם סחר שות. מוגבלת,,,יח`,750,"מ""ל",false,1,30.90,4.12,false,1,
7290113193406,false,טבעות קוקטייל זיתים 280  גר`בית השיטה,קבוצת אסם סחר שות. מוגבלת,,,יח`,280,גרם,false,1,12.90,4.61,false,1,
7290113193673,false,זיתים שחורים יבשים במלח 400  גר`שקדיה,דין שיווק וקליה 2021 בעמ,,,יח`,400,גרם,false,1,15.90,3.98,false,1,
7290113194076,false,זית מרוקאי מגולען 195  גר`בית השיטה,קבוצת אסם סחר שות. מוגבלת,,,יח`,195,גרם,false,1,11.90,6.10,false,1,
7290113194090,false,טבעות קלמטה 280  גר`בית השיטה,קבוצת אסם סחר שות. מוגבלת,,,יח`,280,גרם,false,1,11.90,4.25,false,1,
7290113194298,false,רצועות סלק חמוץ בית השיטה 215 גר,קבוצת אסם סחר שות. מוגבלת,,,יח`,215,גרם,false,1,8.90,4.14,false,1,
7290113194649,false,מלפפונים במלח קוביות 320 גר בית השיטה,קבוצת אסם סחר שות. מוגבלת,,,יח`,320,גרם,false,1,11.90,3.72,true,1,
7290113195172,false,רצועות קולורבי חמוץ 215 גרם בית השיטה,קבוצת אסם סחר שות. מוגבלת,,,יח`,215,גרם,false,1,11.90,5.53,false,1,
7290113195424,false,אטריות אורז 400 גרם,דין שיווק וקליה 2021 בעמ,,,יח`,400,גרם,false,1,9.90,2.48,false,1,
7290113195479,false,קמח שקדים ( 200 גר`) שקדיה,דין שיווק וקליה 2021 בעמ,,,יח`,200,גרם,false,1,15.90,7.95,true,1,
7290113195967,false,שיבולת שועל 500 גרם פחית שקדיה,דין שיווק וקליה 2021 בעמ,,,יח`,500,גרם,false,1,10.90,2.18,true,1,
7290113196001,false,פסטה ספגטי שקדיה 500 גר` .,דין שיווק וקליה 2021 בעמ,,,יח`,500,גרם,false,1,4.90,0.98,true,1,
7290113196018,false,פסטה ביסלי שקדיה 500 גר`.,דין שיווק וקליה 2021 בעמ,,,יח`,500,גרם,false,1,4.90,0.98,true,1,
7290113196025,false,פסטה צינורות שקדיה 500 גר` .,דין שיווק וקליה 2021 בעמ,,,יח`,500,גרם,false,1,4.90,0.98,true,1,
7290113196032,false,פסטה צדפים שקדיה 500 גר` .,דין שיווק וקליה 2021 בעמ,,,יח`,500,גרם,false,1,4.90,0.98,true,1,
7290113196414,false,אורז בסמטי 1 קג שקדיה,דין שיווק וקליה 2021 בעמ,,,יח`,1,"ק""ג",false,1,10.90,10.90,false,1,
7290113196490,false,פרכיות כוסמת צ`יה במליחות עדינה 150 גר`,דין שיווק וקליה 2021 בעמ,,,יח`,150,גרם,false,1,11.90,7.93,true,1,
7290113196513,false,פרכיות כוסמת שקדים במליחות עדינה 150 גר`,דין שיווק וקליה 2021 בעמ,,,יח`,150,גרם,false,1,11.90,7.93,true,1,
7290113196520,false,פרכיות כוסמין ללא מלח 150 גר`,דין שיווק וקליה 2021 בעמ,,,יח`,150,גרם,false,1,11.90,7.93,true,1,
7290113196896,false,תרסיס שמן זית 170 מל שקדיה,דין שיווק וקליה 2021 בעמ,,,יח`,170,"מ""ל",false,1,13.90,8.18,true,1,
7290113197169,false,שקדיה חמאת בוטנים עם שברי בוטנים 510 גר,דין שיווק וקליה 2021 בעמ,,,יח`,510,גרם,false,1,16.90,3.31,false,1,
7290113197176,false,שקדיה חמאת בוטנים 510 גר,דין שיווק וקליה 2021 בעמ,,,יח`,510,גרם,false,1,16.90,3.31,false,1,
7290113198562,false,סוכריות גומי בטעם תות שדה 200 גר`,דין שיווק וקליה 2021 בעמ,,,יח`,200,גרם,false,1,10.90,5.45,true,1,
7290113198579,false,סוכריות גומי דובונים בטעמי פירות 200 גר`,דין שיווק וקליה 2021 בעמ,,,יח`,200,גרם,false,1,10.90,5.45,true,1,
7290113198586,false,סוכריות גומי נחשים בטעם אפרסק 200 גר`,דין שיווק וקליה 2021 בעמ,,,יח`,200,גרם,false,1,10.90,5.45,true,1,
7290113198609,false,סוכריות גומי נחשים בטעמי פירות 200 גר`,דין שיווק וקליה 2021 בעמ,,,יח`,200,גרם,false,1,10.90,5.45,true,1,
7290113199323,false,טורטיה מיני 150 גר`,דין שיווק וקליה 2021 בעמ,,,יח`,150,גרם,false,1,5.90,3.93,false,1,
7290113199897,false,סוכריות חמצוצים בטעם תות שדה 180 גר`,דין שיווק וקליה 2021 בעמ,,,יח`,180,גרם,false,1,10.90,6.06,true,1,
7290113560055,false,מי פה פרודנטקס ( 500 מל ),גורי ע.ע.ע בעמ,,,יח`,500,"מ""ל",false,1,30.90,6.18,true,1,
7290114310215,false,טרה שמנת מתוקה עמידה בקבוק 38% 250 מל,החב` המרכזית - טרה,,,יח`,250,"מ""ל",false,1,6.47,2.59,false,1,
7290114310222,false,חלב מועשר בסידן ווטמין D  טרה( 1.5 ליט,החב` המרכזית - טרה,,,יח`,1.50,"מ""ל",false,1,12.50,833.33,false,1,
7290114310239,false,חלב נטול לקטוז  מעושר( 1.5  ליטר)בויטמין,החב` המרכזית - טרה,,,יח`,1.50,"מ""ל",false,1,12.50,833.33,false,1,
7290114310536,false,יוגורט מולר אקטיב וניל חלבון 25 גר`,החב` המרכזית - טרה,,,יח`,200,גרם,false,1,6.20,3.10,true,1,
7290114310567,false,צוריאל לאבנה עיזים 5% 200 גר,החב` המרכזית - טרה,,,יח`,200,גרם,false,1,14.60,7.30,true,1,
7290114310611,false,משקה חלב בננה בבקבוק 250 מל טרה,החב` המרכזית - טרה,,,יח`,250,"מ""ל",false,1,5.20,2.08,false,1,
7290114310895,false,מאגדת שמינייה מולר סיפלי מנגו ותות,החב` המרכזית - טרה,,,יח`,1,,false,1,31.40,31.40,false,1,
7290114310901,false,גבינה לבנה 5% 250  גר`פיקוח,החב` המרכזית - טרה,,,יח`,250,גרם,false,1,4.98,1.99,false,1,
7290114310963,false,יוגורט מחלב עיזים 3.7% שומן 500 גר`,החב` המרכזית - טרה,,,יח`,500,גרם,false,1,15.70,3.14,false,1,
7290114311014,false,אייס קפוצ`ינו פקק ספורט 250 מל טרה,החב` המרכזית - טרה,,,יח`,250,"מ""ל",false,1,5.20,2.08,false,1,
7290114311069,false,יוגורט מולר אקטיב 0% לבן חלבון 25 גר,החב` המרכזית - טרה,,,יח`,200,גרם,false,1,6.20,3.10,true,1,
7290114311298,false,קציפת תות בננה מלון מולר פרופ 150 גר`,החב` המרכזית - טרה,,,יח`,150,"מ""ל",false,1,5.30,3.53,false,1,
7290114311328,false,חלב נטול לקטוז מועשר בוויטמין D טרה,החב` המרכזית - טרה,,,יח`,1,1 ליטר,false,1,7.50,7.50,false,1,
7290114311359,false,קציפת מנגו 3% שומן מולר פרופ 150 גר`,החב` המרכזית - טרה,,,יח`,150,"מ""ל",false,1,5.30,3.53,false,1,
7290114311458,false,חלב קרטון 3% מועשר ויטמין די 1 ליטר,החב` המרכזית - טרה,,,יח`,1,1 ליטר,false,1,7.10,7.10,false,1,
7290114311496,false,חלב קרטון מועשר 1% שומן 1 ליטר,החב` המרכזית - טרה,,,יח`,1,1 ליטר,false,1,7.10,7.10,false,1,
7290114600927,false,עלי טורטיה חיטה מלאה 320 גר` מאסטר שף,ש.שסטוביץ בעמ,,,יח`,320,גרם,false,1,11.20,3.50,false,1,
7290114600941,false,מאסטר שף מיונז לחיץ 435 גר`,ש.שסטוביץ בעמ,,,יח`,435,גרם,false,1,15.90,3.66,false,1,
7290114600989,false,רוטב אלף האיים 250  גר`מאסטר שף,ש.שסטוביץ בעמ,,,יח`,250,"מ""ל",false,1,10.90,4.36,false,1,
7290114600996,false,רוטב שום 250  גר`מאסטר שף,ש.שסטוביץ בעמ,,,יח`,250,"מ""ל",false,1,10.90,4.36,false,1,
7290114603034,false,פרי גרנולה אגוזים צימוקים וחמוציות 300 ג,ש.שסטוביץ בעמ,,,יח`,300,גרם,false,1,14.90,4.97,false,1,
7290114603591,false,פוף PLAY בטעם קטשופ 40 גר`,ש.שסטוביץ בעמ,,,יח`,40,גרם,false,1,5,12.50,true,1,
7290114603607,false,פוף PLAY בטעם חמוץ מתוק 40 גר`,ש.שסטוביץ בעמ,,,יח`,40,גרם,false,1,5,12.50,true,1,
7290114604840,false,מאסטר שף דפי אורז קוטר 16,ש.שסטוביץ בעמ,,,יח`,400,גרם,false,1,10.90,2.73,false,1,
7290114606530,false,רוטב בטעם מיונז וקטשופ 515 גרם מאסטר שף,ש.שסטוביץ בעמ,,,יח`,515,גרם,false,1,15.90,3.09,false,1,
7290114606547,false,מיונז עם פטריות כמהין 242 גר` מאסטר שף,ש.שסטוביץ בעמ,,,יח`,242,גרם,false,1,15.90,6.57,false,1,
7290114606561,false,אטריות אורז דקות 400 גר` מנה מאסטר שף,ש.שסטוביץ בעמ,,,יח`,400,גרם,false,1,10.90,2.73,false,1,
7290114608169,false,פרי גרנולה קפה וקקאו עם אגוזים 300 גר`,ש.שסטוביץ בעמ,,,יח`,300,גרם,false,1,14.90,4.97,false,1,
7290114608640,false,קרוטונים לסלט כוסמין 260  גר`מאסטר שף,ש.שסטוביץ בעמ,,,יח`,260,גרם,false,1,19.90,7.65,false,1,
7290114750813,false,דאו ג`ילט קליר גל מארז זוג cool wave,דיפלומט מפיצים (1968) בעמ,,,יח`,1,,false,1,27.90,27.90,true,1,
7290114750820,false,דאו ג`ילט קליר גל מארז זוג Arctic lce,דיפלומט מפיצים (1968) בעמ,,,יח`,1,,false,1,27.90,27.90,true,1,
7290115073676,false,מארז מסכה לפנים 50  יח`צבעוני,שמחה זה אנחנו בעמ,,,יח`,1,,false,1,9.90,9.90,false,1,
7290115190014,false,מרלבורו רד חפיסה) (20,פיליפ מוריס בעמ,,,יח`,1,,false,1,38.50,38.50,true,1,
7290115190090,false,מרלבורו גולד חפיסה) (20,פיליפ מוריס בעמ,,,יח`,1,,false,1,38.50,38.50,true,1,
7290115190137,false,מרלבורו גולדפין  טאצ`בודד,פיליפ מוריס בעמ,,,יח`,1,,false,1,33.50,33.50,true,1,
7290115190151,false,מרלבורו גולד  טאצ`בודד,פיליפ מוריס בעמ,,,יח`,1,,false,1,33.50,33.50,true,1,
7290115190199,false,פרלמנט נייט ארוך חפיסה) (20,פיליפ מוריס בעמ,,,יח`,1,,false,1,43.50,43.50,true,1,
7290115190250,false,פרלמנט קצר בודד,פיליפ מוריס בעמ,,,יח`,1,,false,1,43.50,43.50,true,1,
7290115190274,false,פרלמנט סילבר בודד,פיליפ מוריס בעמ,,,יח`,1,,false,1,43.50,43.50,true,1,
7290115190335,false,ל.מ. בלו לייבל ארוך בודד,פיליפ מוריס בעמ,,,יח`,1,,false,1,33,33,true,1,
7290115190359,false,אל.אמ בלו לייבל קצר חפיסה) (20,פיליפ מוריס בעמ,,,יח`,1,,false,1,33,33,true,1,
7290115190397,false,אל.אמ קצר רד לייבל חפיסה) (20,פיליפ מוריס בעמ,,,יח`,1,,false,1,33,33,true,1,
7290115190458,false,נקסט  אדג`בודד,פיליפ מוריס בעמ,,,יח`,1,,false,1,29.50,29.50,true,1,
7290115190496,false,נקסט 100 חפיסה) (20,פיליפ מוריס בעמ,,,יח`,1,,false,1,32,32,true,1,
7290115190502,false,נקסט פיין פאקט) (10 חדש,פיליפ מוריס בעמ,,,יח`,1,,false,1,285,285,true,1,
7290115190519,false,נקסט לייט חפיסה) (20,פיליפ מוריס בעמ,,,יח`,1,,false,1,32,32,true,1,
7290115190595,false,נקסט FF בודד,פיליפ מוריס בעמ,,,יח`,1,,false,1,32,32,true,1,
7290115190632,false,טבק לגלגול מרלבורו גולד,פיליפ מוריס בעמ,,,יח`,1,,false,1,69,69,false,1,
7290115190892,false,מרלבורו פיוז`ן קפסולה בודד,פיליפ מוריס בעמ,,,יח`,1,,false,1,33,33,true,1,
7290115200003,false,פתי בר פינוקי וניל 200  גר`אסם,קבוצת אסם סחר שות. מוגבלת,,,יח`,220,גרם,false,1,11.90,5.41,true,1,
7290115200027,false,פתי בר פינוקי שוקו 200  גר`אסם,קבוצת אסם סחר שות. מוגבלת,,,יח`,220,גרם,false,1,13.20,6,true,1,
7290115200713,false,במבה קלאסי מארז אחיד 5*50  גר`אסם,קבוצת אסם סחר שות. מוגבלת,,,יח`,250,גרם,false,1,14.90,5.96,true,1,
7290115200881,false,בייגלה שטוחים שומשום במליחות מעודנת אסם,קבוצת אסם סחר שות. מוגבלת,,,יח`,300,גרם,false,1,10.10,3.37,true,1,
7290115201031,false,פתי בר דובי שוקולד 175  גר`אסם,קבוצת אסם סחר שות. מוגבלת,,,יח`,175,גרם,false,1,11.90,6.80,true,1,
7290115201451,false,לביבות בטטה וקארי 455 גר` טבעול גורמה,קבוצת אסם סחר שות. מוגבלת,,,יח`,455,גרם,false,1,35.90,7.89,true,1,
7290115201680,false,ביסלי חטיף בטעם ברביקין אסם (70 גרם),קבוצת אסם סחר שות. מוגבלת,,,יח`,70,גרם,false,1,4,5.71,true,1,
7290115201727,false,ביסלי חטיף בטעם בצל אסם (200 גרם),קבוצת אסם סחר שות. מוגבלת,,,יח`,200,גרם,false,1,9.10,4.55,true,1,
7290115202236,false,טופו קראנצי`ם 470 גרם טבעול,קבוצת אסם סחר שות. מוגבלת,,,יח`,470,גרם,false,1,34.60,7.36,true,1,
7290115202250,false,טופו קראנצי`ם צ`ילי פיקנטי 470 גרם טבעול,קבוצת אסם סחר שות. מוגבלת,,,יח`,470,גרם,false,1,34.60,7.36,true,1,
7290115202434,false,חומוס עם זעתר 375  גר`צבר,קבוצת אסם סחר שות. מוגבלת,,,יח`,375,גרם,false,1,13.30,3.55,false,1,
7290115202786,false,מנה חמה  פאוצ`נודלס אטריות בקר,קבוצת אסם סחר שות. מוגבלת,,,יח`,70,גרם,false,1,4.50,6.43,false,1,
7290115202816,false,מנה חמה  פאוצ`נודלס אטריות טעם עוף,קבוצת אסם סחר שות. מוגבלת,,,יח`,70,גרם,false,1,4.50,6.43,false,1,
7290115202847,false,מנה חמה  פאוצ`נודלס ספייסי,קבוצת אסם סחר שות. מוגבלת,,,יח`,70,גרם,false,1,4.50,6.43,false,1,
7290115202939,false,רייס מנה חמה נודלס עוף פטריות 50 גר`,קבוצת אסם סחר שות. מוגבלת,,,יח`,50,גרם,false,1,8.90,17.80,true,1,
7290115202953,false,רייס מנה חמה נודלס קארי צהוב 55 גר`,קבוצת אסם סחר שות. מוגבלת,,,יח`,55,גרם,false,1,8.90,16.18,true,1,
7290115202977,false,רייס מנה חמה נודלס רוטב סויה סיני 55 גר`,קבוצת אסם סחר שות. מוגבלת,,,יח`,55,גרם,false,1,8.90,16.18,true,1,
7290115203134,false,חטיף פופקו פופקורן במבה אסם (80 גרם),קבוצת אסם סחר שות. מוגבלת,,,יח`,80,גרם,false,1,6.10,7.63,true,1,
7290115203172,false,במבה פרו 80 גר`,קבוצת אסם סחר שות. מוגבלת,,,יח`,80,גרם,false,1,4.30,5.38,true,1,
7290115203295,false,פסטה ריציאולי 500 גרם פרפקטו אסם,קבוצת אסם סחר שות. מוגבלת,,,יח`,500,גרם,false,1,9.90,1.98,false,1,
7290115204056,false,קטשופ 56% פחות סוכר 690 גרם אסם,קבוצת אסם סחר שות. מוגבלת,,,יח`,690,גרם,false,1,12.20,1.77,false,1,
7290115204957,false,קרקר לחמית איטלקית אסם (190 גרם),קבוצת אסם סחר שות. מוגבלת,,,יח`,190,גרם,false,1,11.90,6.26,true,1,
7290115205176,false,חטיפי קרקר כפרי 140 גר` פיטנס,קבוצת אסם סחר שות. מוגבלת,,,יח`,140,גרם,false,1,12.90,9.21,true,1,
7290115205251,false,פיטנס בר פריכיות קרמל מלוח 84 גרם,קבוצת אסם סחר שות. מוגבלת,,,יח`,84,גרם,false,1,16.30,19.40,true,1,
7290115205312,false,חטיפי קרקר זיתים 140 גר` thin deli פיטנס,קבוצת אסם סחר שות. מוגבלת,,,יח`,140,גרם,false,1,12.90,9.21,true,1,
7290115205527,false,חטיף מולטיגריין עם עדשים ( 25 גר`) פיטנס,קבוצת אסם סחר שות. מוגבלת,,,יח`,25,גרם,false,1,5.90,23.60,false,1,
7290115205541,false,חטיף מולטיגריין עם חומוס ( 25 גר`) פיטנס,קבוצת אסם סחר שות. מוגבלת,,,יח`,25,גרם,false,1,5.90,23.60,false,1,
7290115205619,false,פתי בר פינוקי עוגת גבינה 220  גר`אסם,קבוצת אסם סחר שות. מוגבלת,,,יח`,220,גרם,false,1,11.90,5.41,false,1,
7290115205633,false,סנסשיונל נקניקניות 350 גר` טבעול,קבוצת אסם סחר שות. מוגבלת,,,יח`,350,גרם,false,1,29.90,8.54,true,1,
7290115206173,false,פתי בר קרמל 500 גרם אסם,קבוצת אסם סחר שות. מוגבלת,,,יח`,500,גרם,false,1,11.90,2.38,false,1,
7290115206333,false,עוגיות מיני שוקוצ`יפס אסם 225 גר`,קבוצת אסם סחר שות. מוגבלת,,,יח`,225,גרם,false,1,11.90,5.29,false,1,
7290115206852,false,ביסלי חטיף בטעם צ`יזי סטיקס 70 גר`,קבוצת אסם סחר שות. מוגבלת,,,יח`,70,גרם,false,1,4,5.71,true,1,
7290115206890,false,ביסלי חטיף בטעם המבורגר אסם (70 גרם),קבוצת אסם סחר שות. מוגבלת,,,יח`,70,גרם,false,1,4,5.71,true,1,
7290115207484,false,צבר חציל על האש 400 גר`,קבוצת אסם סחר שות. מוגבלת,,,יח`,400,גרם,false,1,16.90,4.23,false,1,
7290115207507,false,צבר סלט טורקי 360 גר`,קבוצת אסם סחר שות. מוגבלת,,,יח`,360,גרם,false,1,17.30,4.81,false,1,
7290115207620,false,רוטב סויה קלאסי אסם (290 מל),קבוצת אסם סחר שות. מוגבלת,,,יח`,290,"מ""ל",false,1,19.30,6.66,true,1,
7290115207941,false,ויטמינצ`יק אננס 1 ליטר,קבוצת אסם סחר שות. מוגבלת,,,יח`,1000,"מ""ל",false,1,20.90,2.09,false,1,
7290115207965,false,ויטמינציק מנגו אפרסק 1 ליטר,קבוצת אסם סחר שות. מוגבלת,,,יח`,1000,"מ""ל",false,1,20.90,2.09,false,1,
7290115207989,false,ויטמינצ`יק לימון 1 ליטר,קבוצת אסם סחר שות. מוגבלת,,,יח`,1000,"מ""ל",false,1,20.90,2.09,false,1,
7290115208009,false,ויטמינצ`יק ענבים 1 ליטר,קבוצת אסם סחר שות. מוגבלת,,,יח`,1000,"מ""ל",false,1,20.90,2.09,false,1,
7290115208047,false,סירופ פטל ויטמינצ`יק (1 ליטר),קבוצת אסם סחר שות. מוגבלת,,,יח`,1000,"מ""ל",false,1,20.90,2.09,false,1,
7290115208061,false,ויטמינצ`יק תפוח 1 ליטר,קבוצת אסם סחר שות. מוגבלת,,,יח`,1000,"מ""ל",false,1,20.90,2.09,false,1,
7290115208344,false,בייגלה כפיות שמנת בצל אסם (300 גרם),קבוצת אסם סחר שות. מוגבלת,,,יח`,300,גרם,false,1,10.10,3.37,true,1,
7290115208597,false,קרמוגית מיניס קרמל מלוח 200 גר` אסם,קבוצת אסם סחר שות. מוגבלת,,,יח`,200,גרם,false,1,13.20,6.60,false,1,
7290115208801,false,קרקר לחמית דבש ואגוזים אסם (190 גרם),קבוצת אסם סחר שות. מוגבלת,,,יח`,190,גרם,false,1,12.20,6.42,true,1,
7290115209136,false,טבעול חטיפי עוף צמחוני 1.2 קג,קבוצת אסם סחר שות. מוגבלת,,,יח`,1.20,"ק""ג",false,1,46.90,39.08,false,1,
7290115209198,false,במבה אורירית 80  גר`אסם,קבוצת אסם סחר שות. מוגבלת,,,יח`,80,גרם,false,1,4.40,5.50,true,1,
7290115209235,false,ביסקוויט פתי בר קפה אסם (500 גרם),קבוצת אסם סחר שות. מוגבלת,,,יח`,500,גרם,false,1,12.90,2.58,false,1,
7290115400274,false,מיני דובשניות 400 גר,שיבולים יצור ושיווק מוצרי מאפה,,,יח`,400,גרם,false,1,9.90,2.48,false,1,
7290115403282,false,עוגיות פיצפוצי שוקו 500 גר`,שיבולים יצור ושיווק מוצרי מאפה,,,יח`,500,גרם,false,1,15.90,3.18,false,1,
7290115403299,false,עוגיות פרפריות 450 גר`,שיבולים יצור ושיווק מוצרי מאפה,,,יח`,450,גרם,false,1,15.90,3.53,false,1,
7290115403312,false,עוגיות מלוחות קריספי עגול 450 גר`,שיבולים יצור ושיווק מוצרי מאפה,,,יח`,450,גרם,false,1,15.90,3.53,false,1,
7290115403329,false,עוגיות רשת קינמון מסוכרות 450גר`,שיבולים יצור ושיווק מוצרי מאפה,,,יח`,450,גרם,false,1,15.90,3.53,false,1,
7290115403350,false,עוגיות רשת שוקו מסוכרות 450 גר,שיבולים יצור ושיווק מוצרי מאפה,,,יח`,450,גרם,false,1,15.90,3.53,false,1,
7290115403367,false,עוגיותקוואקר פריכות 500 גר,שיבולים יצור ושיווק מוצרי מאפה,,,יח`,500,גרם,false,1,15.90,3.18,false,1,
7290115403381,false,עוגיות פיצפוצים לבן 500 גר`,שיבולים יצור ושיווק מוצרי מאפה,,,יח`,500,גרם,false,1,15.90,3.18,false,1,
7290115403411,false,עוגיות עינוגים בטעם קרם אגוזים 500 גר`,שיבולים יצור ושיווק מוצרי מאפה,,,יח`,500,גרם,false,1,15.90,3.18,false,1,
7290115403435,false,עוגיות מעמול תמר 500 גר`,שיבולים יצור ושיווק מוצרי מאפה,,,יח`,500,גרם,false,1,15.90,3.18,false,1,
7290115403442,false,עוגיות ממולאות טעם שוקולד 500 גר`,שיבולים יצור ושיווק מוצרי מאפה,,,יח`,500,גרם,false,1,15.90,3.18,false,1,
7290115403459,false,עוגיות נסיכה בטעם תות 500 גר`,שיבולים יצור ושיווק מוצרי מאפה,,,יח`,500,גרם,false,1,15.90,3.18,false,1,
7290115403527,false,עוגיות עינוגי תמרים 500 גר`,שיבולים יצור ושיווק מוצרי מאפה,,,יח`,500,גרם,false,1,15.90,3.18,false,1,
7290115403565,false,עוגיות קיפל וניל 500 גר`,שיבולים יצור ושיווק מוצרי מאפה,,,יח`,500,גרם,false,1,15.90,3.18,false,1,
7290115480009,false,סוד מרכך  מרוכז( 900  מל)פרש קונטרול יר,גורי שיווק בעמ,,,יח`,900,"מ""ל",false,1,12.90,1.43,false,1,
7290115670691,false,אנרג`י גרנולה פירות יער 400 גר,שטראוס גרופ בעמ,,,יח`,400,גרם,false,1,13.90,3.48,false,1,
7290115670707,false,אנרג`י גרנולה שוקולד ואגוזים 400 גרם,שטראוס גרופ בעמ,,,יח`,400,גרם,false,1,13.90,3.48,false,1,
7290115671223,false,מסטיק מאסט פאן אבטיח מנגו (58 גרם),שטראוס גרופ בעמ,,,יח`,1,,false,1,11.50,11.50,true,1,
7290115675696,false,קוואקר דגני בוקר קרנצי`ם ואגוזים 375 גרם,שטראוס פריטו ליי בעמ,,,יח`,375,גרם,false,1,20.90,5.57,true,1,
7290115677089,false,קונפיטורת תפוח וקינמון יד מרדכי 340 גר,שטראוס גרופ בעמ,,,יח`,340,גרם,false,1,12.90,3.79,false,1,
7290115677966,false,ממרח אבוקדו 200  גר`טעם הטבע,שטראוס גרופ בעמ/מצונן,,,יח`,200,גרם,false,1,14.90,7.45,false,1,
7290115678376,false,מעדן הגולן שוקולד 125 גרם,שטראוס גרופ בעמ/מצונן,,,יח`,1,,false,1,2.90,2.90,true,1,
7290115678383,false,מעדן הגולן שוקולד מריר 125 גרם,שטראוס גרופ בעמ/מצונן,,,יח`,1,,false,1,2.90,2.90,true,1,
7290115678970,false,סוכריות שלישיית fresh בטעם בזוקה ללס,שטראוס גרופ בעמ,,,יח`,45,גרם,false,1,9.90,22,false,1,
7290116530871,false,נשנושים מיקס 240 גר`,יוניליוור ישראל שיווק בעמ,,,יח`,240,גרם,false,1,14.50,6.04,true,1,
7290116531083,false,ברנפלקס תלמה שקדים ודבש 400 גר`,יוניליוור ישראל שיווק בעמ,,,יח`,400,גרם,false,1,23.40,5.85,true,1,
7290116531090,false,דגדג חטיף אפוי במליחות מעודנת 250 גר`,יוניליוור ישראל שיווק בעמ,,,יח`,250,גרם,false,1,10.90,4.36,true,1,
7290116531663,false,תחליב רחצה פינוק תפוח 700 מל,יוניליוור ישראל שיווק בעמ,,,יח`,700,"מ""ל",false,1,14.20,2.03,true,1,
7290116531762,false,בדין דפי מרכך למייבש ורוד,יוניליוור ישראל שיווק בעמ,,,יח`,1,,false,1,19.60,19.60,true,1,
7290116531779,false,בדין דפי מרכך למייבש כחול,יוניליוור ישראל שיווק בעמ,,,יח`,1,,false,1,19.50,19.50,true,1,
7290116531793,false,הלמנס רוטב לסלט קיסר 295 גר`,יוניליוור ישראל שיווק בעמ,,,יח`,295,"מ""ל",false,1,13.90,4.71,true,1,
7290116532219,false,קורנפלקס תות 448  גר`תלמה,יוניליוור ישראל שיווק בעמ,,,יח`,448,גרם,false,1,16.90,3.77,true,1,
7290116532585,false,ברנפלקס קרנצ`ים דבש וקינמון 375 גר`,יוניליוור ישראל שיווק בעמ,,,יח`,375,גרם,false,1,24.40,6.51,true,1,
7290116532615,false,שמפו פינוק בתוספת תמצית גוג`י ברי 700 מ,יוניליוור ישראל שיווק בעמ,,,יח`,700,גרם,false,1,13.50,1.93,true,1,
7290116532738,false,רוטב איטלקי 295  גר`הלמנס,יוניליוור ישראל שיווק בעמ,,,יח`,295,"מ""ל",false,1,13.90,4.71,false,1,
7290116532882,false,נישנושים איירביס טעם בצל 155 גר`,יוניליוור ישראל שיווק בעמ,,,יח`,155,גרם,false,1,14.50,9.35,false,1,
7290116532899,false,נישנושים איירביס טעם פלאפל 155 גר`,יוניליוור ישראל שיווק בעמ,,,יח`,155,גרם,false,1,14.50,9.35,false,1,
7290116915791,false,בקבוק טריטן עם צמידים -700מוזיקה,שמחה זה אנחנו בעמ,,,יח`,1,,false,1,19.90,19.90,false,1,
7290116930282,false,ארוחה בקטנה לאבנה עם קרקרים 150 גר`,תנובה - חלב,,,יח`,150,גרם,false,1,7.90,5.27,false,1,
7290116930442,false,יופלה שייק בננה מנגו תפוז גזר וצי`ה 230,תנובה - חלב,,,יח`,230,"מ""ל",false,1,7.90,3.43,false,1,
7290116930459,false,יופלה שייק בננה אננס וקוקוס 230 מל,תנובה - חלב,,,יח`,230,"מ""ל",false,1,7.90,3.43,false,1,
7290116930466,false,יופלה שייק בננה פסיפלורה והל 230 מל,תנובה - חלב,,,יח`,230,"מ""ל",false,1,7.90,3.43,false,1,
7290116930480,false,יופלה שייק בננה קיווי תפוח 230 מל,תנובה - חלב,,,יח`,230,"מ""ל",false,1,7.90,3.43,false,1,
7290116930626,false,ארוחה בקטנה צזיקי עם קרקרים 150 גר`,תנובה - חלב,,,יח`,150,גרם,false,1,7.90,5.27,false,1,
7290116930701,false,מעדן חלב גו בטעם קרמל מלוח 120 גר`,תנובה - חלב,,,יח`,120,גרם,false,1,4.90,4.08,false,1,
7290116930725,false,סויה BIO קוקוס גביע 150 גרם Alternative,תנובה - חלב,,,יח`,150,גרם,false,1,4.50,3,false,1,
7290116931074,false,צהובה פרוסות טל העמק 32% 300 גר,תנובה - חלב,,,יח`,300,גרם,false,1,26.90,8.97,false,1,
7290116931081,false,מעדן סויה בטעם טופי קרמל 125 גר`,תנובה - חלב,,,יח`,125,גרם,false,1,4.60,3.68,false,1,
7290116931104,false,יוגורט גו סמיך אננס 0% שומן 200 גרם,תנובה - חלב,,,יח`,200,גרם,false,1,5.90,2.95,false,1,
7290116931241,false,גבינת קוטג% `12תנובה (250 גרם),תנובה - חלב,,,יח`,250,גרם,false,1,5.80,2.32,false,1,
7290116931289,false,יוגורט גו סמיךאלפחורס 200 גרם,תנובה - חלב,,,יח`,200,גרם,false,1,5.90,2.95,false,1,
7290117260449,false,גבינה בולגרית מעודנת 5% למריחה טבעי 200,ג.וילי-פוד אינטרנשיונל **גבינו,,,יח`,200,גרם,false,1,10.90,5.45,false,1,
7290117260456,false,גבינה בולגרית מעודנת 5% למריחה זיתים 200,ג.וילי-פוד אינטרנשיונל **גבינו,,,יח`,200,גרם,false,1,10.90,5.45,false,1,
7290117260470,false,גבינה בולגרית מעודנת 5% למריחה שום 200 ג,ג.וילי-פוד אינטרנשיונל **גבינו,,,יח`,200,גרם,false,1,10.90,5.45,false,1,
7290117260487,false,ניוקי תפוא מצונן 500 גר ויליפוד,ג.וילי-פוד אינטרנשיונל **גבינו,,,יח`,500,גרם,false,1,10.90,2.18,false,1,
7290117260494,false,ניוקי תפוא 3 צבעים מצונן 500 גר ויליפוד,ג.וילי-פוד אינטרנשיונל **גבינו,,,יח`,500,גרם,false,1,10.90,2.18,false,1,
7290117260500,false,מיני ניוקי תפוא מצונן 500 גר ויליפוד,ג.וילי-פוד אינטרנשיונל **גבינו,,,יח`,500,גרם,false,1,10.90,2.18,false,1,
7290117260562,false,חמאה בגביע יורו 225 גר`,ג.וילי-פוד אינטרנשיונל **גבינו,,,יח`,250,גרם,false,1,17.90,7.16,false,1,
7290117260890,false,פופקורן בטעם קוקוס 90 גר`,ג.וילי-פוד אינטרנשיונל בעמ,,,יח`,90,גרם,false,1,6.90,7.67,true,1,
7290117261378,false,גבינת קשקבל לייט 250  גר`8% שומן,ג.וילי-פוד אינטרנשיונל **גבינו,,,יח`,250,גרם,false,1,15.90,6.36,true,1,
7290117261385,false,גבינת פטה לייט 500  גר`8% שומן,ג.וילי-פוד אינטרנשיונל **גבינו,,,יח`,500,גרם,false,1,28.90,5.78,true,1,
7290117261446,false,יוגורט פרוביוטי עם אפרסק ומשמש 2% 125 ג,ג.וילי-פוד אינטרנשיונל **גבינו,,,יח`,125,"מ""ל",false,1,3.90,3.12,false,1,
7290117261484,false,מאפה בצק עלים ממולא נקניקיות טבעוניות 45,ג.וילי-פוד אינטרנשיונל **גבינו,,,יח`,450,גרם,false,1,25.90,5.76,false,1,
7290117261491,false,מאפה יווני ממולא פטה טבעונית 450 גר`,ג.וילי-פוד אינטרנשיונל **גבינו,,,יח`,450,גרם,false,1,25.90,5.76,false,1,
7290117261514,false,סלמון אטלנטי בשמן קנולה ולימון 120 גר`,ג.וילי-פוד אינטרנשיונל בעמ,,,יח`,120,גרם,false,1,12.90,10.75,true,1,
7290117261576,false,סרדינים בריסלינג מעושנים ברוטב  עגבניות(,ג.וילי-פוד אינטרנשיונל בעמ,,,יח`,185,גרם,false,1,14.90,8.05,false,1,
7290117261705,false,חמאת עיזים 200 גר`,ג.וילי-פוד אינטרנשיונל **גבינו,,,יח`,200,גרם,false,1,13.90,6.95,false,1,
7290117262221,false,משקה יוגורט פרוביוטי עם אננס 200 מל 2.3,ג.וילי-פוד אינטרנשיונל **גבינו,,,יח`,200,"מ""ל",false,1,4.90,2.45,true,1,
7290117262238,false,משקה יוגורט פרוביוטי בטעם תות שדה 200 מ,ג.וילי-פוד אינטרנשיונל **גבינו,,,יח`,200,"מ""ל",false,1,4.90,2.45,true,1,
7290117262245,false,משקה יוגורט פרוביוטי עם אפרסק ומשמש 200,ג.וילי-פוד אינטרנשיונל **גבינו,,,יח`,200,"מ""ל",false,1,4.90,2.45,true,1,
7290117262290,false,פרלינים אגוזים במילוי פצפוצי דגנים מצופי,ג.וילי-פוד אינטרנשיונל בעמ,,,יח`,1,,false,1,4.90,4.90,true,1,
7290117262306,false,קורנפלקס מצופה שוקולד 50 גר`,ג.וילי-פוד אינטרנשיונל בעמ,,,יח`,1,,false,1,4.90,4.90,true,1,
7290117262313,false,פצפוצי דגנים פריכים מצופים שוקולד 50 גר`,ג.וילי-פוד אינטרנשיונל בעמ,,,יח`,1,,false,1,4.90,4.90,true,1,
7290117262320,false,ביסקוויט מצופה שוקולד 50 גר`,ג.וילי-פוד אינטרנשיונל בעמ,,,יח`,1,,false,1,4.90,4.90,true,1,
7290117263020,false,משקה יוגורט פרוביוטי פירות יער 200 מל,ג.וילי-פוד אינטרנשיונל **גבינו,,,יח`,200,"מ""ל",false,1,4.90,2.45,false,1,
7290117263037,false,מאפה דונאטס ציפוי טעם שוקולד,ג.וילי-פוד אינטרנשיונל **גבינו,,,יח`,1,,false,1,5.90,5.90,false,1,
7290117263044,false,מאפה דונאטס ציפוי שוקולדופסי וניל,ג.וילי-פוד אינטרנשיונל **גבינו,,,יח`,1,,false,1,5.90,5.90,false,1,
7290117263051,false,מאפה דונאטס במילוי קרם קרמל,ג.וילי-פוד אינטרנשיונל **גבינו,,,יח`,1,,false,1,6.90,6.90,false,1,
7290117263068,false,מאפה דונאטס ציפוי טעם קרמל,ג.וילי-פוד אינטרנשיונל **גבינו,,,יח`,1,,false,1,5.90,5.90,false,1,
7290117263075,false,מאפה דונאטס במילוי קרם אגוזים וציפוי שוק,ג.וילי-פוד אינטרנשיונל **גבינו,,,יח`,1,,false,1,6.90,6.90,false,1,
7290117263082,false,מאפה דונאטס 45 גר`,ג.וילי-פוד אינטרנשיונל **גבינו,,,יח`,45,גרם,false,1,5.90,13.11,false,1,
7290117263112,false,מאפה דונאטס ציפוי סוכריות טעם מסטיק,ג.וילי-פוד אינטרנשיונל **גבינו,,,יח`,45,גרם,false,1,5.90,13.11,false,1,
7290117263129,false,מאפה דונאטס במילוי מנגו וציפוי שבבי תפוז,ג.וילי-פוד אינטרנשיונל **גבינו,,,יח`,1,,false,1,6.90,6.90,false,1,
7290117380208,false,פוף קראנצ בטעם חמוץ חריף 60 גר`,ש.שסטוביץ בעמ,,,יח`,60,גרם,false,1,4.90,8.17,true,1,
7290117380215,false,פוף קראנצ בטעם טאקו 60 גר`,ש.שסטוביץ בעמ,,,יח`,60,גרם,false,1,4.90,8.17,true,1,
7290117382264,false,קולגייט משחת שיניים טוטאל פחם זוג,ש.שסטוביץ בעמ,,,יח`,150,"מ""ל",false,1,29.90,19.93,false,1,
7290117382332,false,סלים דליס פרו 33 חטיף חלבון מצופה שוקולד,ש.שסטוביץ בעמ,,,יח`,60,גרם,false,1,11.90,19.83,true,1,
7290117860038,false,הוואי תחליב רחצה יוגורט בניחוח אוכמניות,הנקל סוד בעמ,,,יח`,700,"מ""ל",false,1,14.90,2.13,false,1,
7290117860045,false,הוואי שמפו מטפח לשיער רגיל 700 מל,הנקל סוד בעמ,,,יח`,700,"מ""ל",false,1,14.90,2.13,true,1,
7290117860083,false,הוואי קרם רחצה בניחוח אירוס זהוב ודבש 70,הנקל סוד בעמ,,,יח`,700,"מ""ל",false,1,14.90,2.13,false,1,
7290117860090,false,הוואי מרכך מטפח לשיער רגיל 700 מל,הנקל סוד בעמ,,,יח`,700,"מ""ל",false,1,14.90,2.13,true,1,
7290117860137,false,הוואי קרם רחצה בניחוח פרח הקמליה 700 מל,הנקל סוד בעמ,,,יח`,700,"מ""ל",false,1,14.90,2.13,false,1,
7290117860144,false,הוואי שמפו למניעת קשקשים 700 מל,הנקל סוד בעמ,,,יח`,700,"מ""ל",false,1,14.90,2.13,true,1,
7290117860182,false,הוואי תחליב רחצה בניחוחמגנוליה ושמן שקדי,הנקל סוד בעמ,,,יח`,700,"מ""ל",false,1,14.90,2.13,false,1,
7290117860199,false,הוואי שמפו מעניק לחות לשיער יבש 700 מל,הנקל סוד בעמ,,,יח`,700,"מ""ל",false,1,14.90,2.13,true,1,
7290117860236,false,הוואי קרם רחצה בניחוח ויולה ורודה 700 מ,הנקל סוד בעמ,,,יח`,700,"מ""ל",false,1,14.90,2.13,false,1,
7290117860243,false,הוואי מרכך מעניק לחות לשיער יבש 700 מל,הנקל סוד בעמ,,,יח`,700,"מ""ל",false,1,14.90,2.13,true,1,
7290117860281,false,הוואי ג`ל רחצה לגבר בניחוח עוצמתי 700 מ,הנקל סוד בעמ,,,יח`,700,"מ""ל",false,1,14.90,2.13,false,1,
7290117860298,false,הוואי שמפו קרטין מחזק 700 מל,הנקל סוד בעמ,,,יח`,700,"מ""ל",false,1,14.90,2.13,true,1,
7290117860335,false,הוואי ג`ל רחצה לגבר בניחוח מעורר 700 מל,הנקל סוד בעמ,,,יח`,700,"מ""ל",false,1,14.90,2.13,false,1,
7290117860342,false,הוואי מרכך קרטין מחזק 700 מל,הנקל סוד בעמ,,,יח`,700,"מ""ל",false,1,14.90,2.13,true,1,
7290117860380,false,הוואי תחליב רחצה יוגורט בניחוח אלוורה 70,הנקל סוד בעמ,,,יח`,700,"מ""ל",false,1,14.90,2.13,false,1,
7290117860397,false,הוואי שמפו פריחת הדובדבן 700 מל,הנקל סוד בעמ,,,יח`,700,"מ""ל",false,1,14.90,2.13,true,1,
7290117860441,false,הוואי מרכך פריחת הדובדבן 700 מל,הנקל סוד בעמ,,,יח`,700,"מ""ל",false,1,14.90,2.13,true,1,
7290117860496,false,הוואי  שמפו+ מרכך 2ב1 700 מל,הנקל סוד בעמ,,,יח`,700,"מ""ל",false,1,14.90,2.13,true,1,
7290117860540,false,הוואי שמפו עדין לילדים 700 מל,הנקל סוד בעמ,,,יח`,700,"מ""ל",false,1,14.90,2.13,true,1,
7290117860595,false,הוואי מרכך מתיר קשרים לילדים 700 מל,הנקל סוד בעמ,,,יח`,700,"מ""ל",false,1,14.90,2.13,true,1,
7290117860649,false,הוואי שמפו ללא סולפטים 700 מל,הנקל סוד בעמ,,,יח`,700,"מ""ל",false,1,14.90,2.13,true,1,
7290117860694,false,הוואי מרכך ללא סולפטים 700 מל,הנקל סוד בעמ,,,יח`,700,"מ""ל",false,1,14.90,2.13,true,1,
7290117860748,false,הוואי שמפו מעניק נפח 700 מל,הנקל סוד בעמ,,,יח`,700,"מ""ל",false,1,14.90,2.13,true,1,
7290117860793,false,הוואי מרכך מעניק נפח 700 מל,הנקל סוד בעמ,,,יח`,700,"מ""ל",false,1,14.90,2.13,true,1,
7290117860847,false,הוואי שמפו 4ב1 לגבר רעננות קרירה 700 מל,הנקל סוד בעמ,,,יח`,700,"מ""ל",false,1,14.90,2.13,true,1,
7290117860892,false,הוואיתחליב רחצה יוגורט ניחוח וניל ודבש 7,הנקל סוד בעמ,,,יח`,700,"מ""ל",false,1,14.90,2.13,false,1,
7290117860946,false,הוואי תחליב רחצה יוגורט ניחוח קוקוס 700,הנקל סוד בעמ,,,יח`,700,"מ""ל",false,1,14.90,2.13,false,1,
7290117860991,false,הוואי תחליב רחצה יוגורט בניחוח שקדים 700,הנקל סוד בעמ,,,יח`,700,"מ""ל",false,1,14.90,2.13,false,1,
7290117900987,false,אגוז פקאן קלוף 140 גר ששון הקולה,דין שיווק וקליה 2021 בעמ,,,יח`,140,גרם,false,1,15,10.71,false,1,
7290117900994,false,פקאן סיני מסוכר 140 גר ששון הקולה,דין שיווק וקליה 2021 בעמ,,,יח`,140,גרם,false,1,15,10.71,false,1,
7290117901014,false,אגוזי קשיו קלויים 160 גר ששון הקולה,דין שיווק וקליה 2021 בעמ,,,יח`,160,גרם,false,1,15,9.38,false,1,
7290117901038,false,אגוזי מלך קלופים 190 גר ששון הקולה,דין שיווק וקליה 2021 בעמ,,,יח`,190,גרם,false,1,15,7.89,false,1,
7290117901168,false,מיקס אגוזים וחמוציות 250  גר`שקדיה,דין שיווק וקליה 2021 בעמ,,,יח`,250,גרם,false,1,20,8,false,1,
7290117901182,false,בוטן קליפה קלוי 350  גר`שקדיה,דין שיווק וקליה 2021 בעמ,,,יח`,350,גרם,false,1,10,2.86,false,1,
7290118420378,false,פתי בר פינוקים תותים בשמנת 220  גר`אסם,קבוצת אסם סחר שות. מוגבלת,,,יח`,220,גרם,false,1,13.20,6,false,1,
7290119041312,false,עוגיות ממולאות טעם שוקולד מצופה,שיבולים יצור ושיווק מוצרי מאפה,,,יח`,350,גרם,false,1,15.90,4.54,false,1,
7290119041367,false,עוגיות סהרונים מצופות-אדל,שיבולים יצור ושיווק מוצרי מאפה,,,יח`,350,גרם,false,1,15.90,4.54,false,1,
7290119041411,false,עוגיות נסיכה טעם תות מצופות-אדל,שיבולים יצור ושיווק מוצרי מאפה,,,יח`,350,גרם,false,1,15.90,4.54,false,1,
7290119041466,false,עוגיות בסגנון מרוקאי עגולות  מצופות- אדל,שיבולים יצור ושיווק מוצרי מאפה,,,יח`,350,גרם,false,1,15.90,4.54,false,1,
7290119041510,false,עוגיות בסגנון מרוקאי עבות  מצופות- אדל,שיבולים יצור ושיווק מוצרי מאפה,,,יח`,350,גרם,false,1,15.90,4.54,false,1,
7290119041565,false,עוגיות פיצפוצי שוקו  מצופות- אדל,שיבולים יצור ושיווק מוצרי מאפה,,,יח`,350,גרם,false,1,15.90,4.54,false,1,
7290119041619,false,עוגיות פסים עלים מסוכרות  מצופות- אדל,שיבולים יצור ושיווק מוצרי מאפה,,,יח`,350,גרם,false,1,15.90,4.54,false,1,
7290119041664,false,עוגיות רשת שוקו מסוכרות  מצופות- אדל,שיבולים יצור ושיווק מוצרי מאפה,,,יח`,350,גרם,false,1,15.90,4.54,false,1,
7290119041718,false,עוגיות קוואקר ופצפוצי שוקו  מצופות- אדל,שיבולים יצור ושיווק מוצרי מאפה,,,יח`,350,גרם,false,1,15.90,4.54,false,1,
7290900010367,false,טורטיה 360 גר AVEL,אבאל יזמות בעמ,,,יח`,360,גרם,false,1,9.90,2.75,true,1,
7297488098183,false,קמח אורז ללא גלוטן דוכן גן שמואל 500 גרם,נטורפוד בעמ,,,יח`,500,גרם,false,1,10.90,2.18,false,1,
7394376616778,false,משקה שיבולת שועל להקפצה בריסטה 1 ליטר או,ש.שסטוביץ בעמ,,,יח`,1,1 ליטר,false,1,16.90,16.90,true,1,
7501013122039,false,נקטר מנגו קרטונית ליטר גו`מקס,טמפו משקאות בעמ,,,יח`,1000,1 ליטר,false,1,10.60,0.01,false,1,
7501013122114,false,נקטר אננס קרטונית ליטר גומקס,טמפו משקאות בעמ,,,יח`,1,1 ליטר,false,1,10.60,10.60,false,1,
7501013122190,false,משקה תפוחים קרטונית ליטר גו`מקס,טמפו משקאות בעמ,,,יח`,1,1 ליטר,false,1,10.60,10.60,false,1,
7501013122992,false,משקה קוקוס אננס קרטונית ליטר גו`מקס,טמפו משקאות בעמ,,,יח`,1,1 ליטר,false,1,10.60,10.60,false,1,
7501013138184,false,משקה חמוציות קרטונית ליטר יוניקו פרסקו,טמפו משקאות בעמ,,,יח`,1,1 ליטר,false,1,12.60,12.60,false,1,
7501064191398,false,בירה קורונה 355 מל בקבוק שישייה,תימקו בירה בעמ,,,יח`,2.13,1 ליטר,false,1,35.90,16.01,true,1,
7509546678702,false,קולגייט טוטאל משחת שיניים אנטי טרטר 100,ש.שסטוביץ בעמ,,,יח`,100,"מ""ל",false,1,17.90,17.90,false,1,
7610400014649,false,לינדט לינדור טבלאה קוביות במילוי קרם שוק,משה סידס ובנו בעמ,,,יח`,100,גרם,false,1,16.60,16.60,true,1,
7610400068529,false,לינדט לינדור בונבוניירה מעורב כדורי שוקו,משה סידס ובנו בעמ,,,יח`,200,גרם,false,1,34.60,17.30,true,1,
7610400074155,false,לינדט לינדור טבלאה קוביות במילוי קרם מרי,משה סידס ובנו בעמ,,,יח`,100,גרם,false,1,16.60,16.60,true,1,
7610400091060,false,אקסלנס תפוז לינדט (100 גרם),משה סידס ובנו בעמ,,,יח`,100,גרם,false,1,16.60,16.60,true,1,
7613030979647,false,טריקס נסטלה (480 גרם),קבוצת אסם סחר שות. מוגבלת,,,יח`,480,גרם,false,1,22.90,4.77,true,1,
7613032045753,false,פיטנס שוקולד נסטלה (375 גרם),קבוצת אסם סחר שות. מוגבלת,,,יח`,375,גרם,false,1,20.30,5.41,true,1,
7613033548192,false,פיטנס שוקולד מריר נסטלה (375 גרם),קבוצת אסם סחר שות. מוגבלת,,,יח`,375,גרם,false,1,20.30,5.41,true,1,
7613035514560,false,חתול סטרילייז בקר 3 קג,שחורי אריה ואנסטסיה,,,יח`,1,,false,1,119,119,false,1,
7613035548374,false,דגני בוקר גולדן מיניס נסטלה (570 גרם),קבוצת אסם סחר שות. מוגבלת,,,יח`,570,גרם,false,1,22.90,4.02,true,1,
7613035807778,false,רוטב עגבניות לבולנז פרפקטו,קבוצת אסם סחר שות. מוגבלת,,,יח`,400,גרם,false,1,11.20,2.80,true,1,
7613035809109,false,רוטב עגבניות ובזיליקום פרפקטו,קבוצת אסם סחר שות. מוגבלת,,,יח`,400,גרם,false,1,11.20,2.80,true,1,
7613035809857,false,רוטב עגבניות לפסטה פרפקטו,קבוצת אסם סחר שות. מוגבלת,,,יח`,400,גרם,false,1,11.20,2.80,true,1,
7613036105545,false,דוגלי גזע קטן 3 קג,שחורי אריה ואנסטסיה,,,יח`,3,"ק""ג",false,1,49.90,16.63,false,1,
7613036314114,false,נס קפה גולד 200 גר`,קבוצת אסם סחר שות. מוגבלת,,,יח`,200,גרם,false,1,46.90,23.45,false,1,
7613036520492,false,רוטב עגבניות לפיצה 400  גר`פרפקטו,קבוצת אסם סחר שות. מוגבלת,,,יח`,400,גרם,false,1,11.20,2.80,true,1,
7613036737623,false,קראנץ` מקס 410 דגני בוקר,קבוצת אסם סחר שות. מוגבלת,,,יח`,410,גרם,false,1,22.90,5.59,true,1,
7613036976732,false,פאוץ פריסקיז סלמון 85 גר`,שחורי אריה ואנסטסיה,,,יח`,85,גרם,false,1,5.90,6.94,false,1,
7613037012095,false,פיטנס גרנולה שוקולד קינואה ושקדים נסטלה,קבוצת אסם סחר שות. מוגבלת,,,יח`,300,גרם,false,1,17.50,5.83,false,1,
7613037686906,false,פיטנס שקדים ודבש (355 גרם) נסטלה,קבוצת אסם סחר שות. מוגבלת,,,יח`,355,גרם,false,1,20.30,5.72,true,1,
7613038268262,false,צ`יריוס האני נאט מופחת סוכר 410 גר`,קבוצת אסם סחר שות. מוגבלת,,,יח`,410,גרם,false,1,21.90,5.34,true,1,
7613039880807,false,גרבר מחית תפוח וגזר 190 גר`,קבוצת אסם סחר שות. מוגבלת,,,יח`,190,גרם,false,1,8.10,4.26,false,1,
7613287008497,false,סטארבקס פולי קפה פייק פלייס 450גר,קבוצת אסם סחר שות. מוגבלת,,,יח`,450,גרם,false,1,50.90,11.31,false,1,
7613287155924,false,מחית תפוח גזר פאוץ 90  גר`גרבר כ,קבוצת אסם סחר שות. מוגבלת,,,יח`,90,גרם,false,1,7.90,8.78,false,1,
7613287181411,false,ויטמינצ`יק סלט פירות 110 גר`,קבוצת אסם סחר שות. מוגבלת,,,יח`,110,גרם,false,1,6.90,6.27,true,1,
7613287182326,false,ויטמינצ`יק בננה תפוח 110 גר`,קבוצת אסם סחר שות. מוגבלת,,,יח`,110,גרם,false,1,6.90,6.27,true,1,
7613287182357,false,ויטמינצ`יק אגס תפוח ופירות יער 110 גר`,קבוצת אסם סחר שות. מוגבלת,,,יח`,110,גרם,false,1,6.90,6.27,true,1,
7613287182425,false,ויטמינצ`יק תפוח בננה ותות 110 גר`,קבוצת אסם סחר שות. מוגבלת,,,יח`,110,גרם,false,1,6.90,6.27,true,1,
7613287182456,false,ויטמינצ`יק אגס תפוח ובננה 110 גר`,קבוצת אסם סחר שות. מוגבלת,,,יח`,110,גרם,false,1,6.90,6.27,true,1,
7613287302373,false,קפסולות קפה איטלאן סטייל סטארבקס,קבוצת אסם סחר שות. מוגבלת,,,יח`,56,גרם,false,1,21.90,39.11,true,1,
7613287325808,false,מטבל איולי שום 295 גר אסם,קבוצת אסם סחר שות. מוגבלת,,,יח`,295,גרם,false,1,15.90,5.39,true,1,
7613287325822,false,מטבל מיקס 295 גר אסם,קבוצת אסם סחר שות. מוגבלת,,,יח`,295,גרם,false,1,15.90,5.39,true,1,
7613287325853,false,מטבל איולי ספייסי 295 גר אסם,קבוצת אסם סחר שות. מוגבלת,,,יח`,295,גרם,false,1,15.90,5.39,true,1,
7613287325952,false,מטבל ברבקיו 345 גר אסם,קבוצת אסם סחר שות. מוגבלת,,,יח`,345,גרם,false,1,15.90,4.61,true,1,
7613287476494,false,מיונז בסגנון צרפתי 280 גר אסם,קבוצת אסם סחר שות. מוגבלת,,,יח`,280,גרם,false,1,15.90,5.68,true,1,
7613287476678,false,סינימיניס צ`ורוס 360 גרם,קבוצת אסם סחר שות. מוגבלת,,,יח`,360,גרם,false,1,22.90,6.36,true,1,
7622010001858,false,אוראו וניל 176 גר`,דיפלומט היינץ,,,יח`,176,גרם,false,1,10.10,5.74,true,1,
7622201050757,false,שוקולד חלב עם קרמל מילקה (100 גרם),דיפלומט היינץ,,,יח`,100,גרם,false,1,6.50,6.50,true,1,
7622201139278,false,גבינת פילדלפיה שמנת 150 גר` (27% שומן),נטו מלינדה סחר בעמ,,,יח`,150,גרם,false,1,14.90,9.93,true,1,
7622201401900,false,עוגיות מילקה סנביישן אוראו 156 גר`,דיפלומט היינץ,,,יח`,156,גרם,false,1,13.90,8.91,true,1,
7622201502515,false,מילקה קוקי לופ 132 גר`,דיפלומט היינץ,,,יח`,132,גרם,false,1,13.50,10.23,true,1,
7622201521493,false,גבינת פילדלפיה שום ועשבי תיבול 150 גר` (,נטו מלינדה סחר בעמ,,,יח`,150,גרם,false,1,14.90,9.93,true,1,
7622201798154,false,פילדלפיה לייט 150 גר`,נטו מלינדה סחר בעמ,,,יח`,150,גרם,false,1,14.90,9.93,true,1,
7622201802363,false,מילקה-שוק` חלבי עם צימוקים ואגוזים 100,דיפלומט היינץ,,,יח`,100,גרם,false,1,6.50,6.50,true,1,
7622201802394,false,שוקולד חלב מילקה (100 גרם),דיפלומט היינץ,,,יח`,100,גרם,false,1,6.50,6.50,true,1,
7622201808631,false,אוראו מיני כוסות בטעם וניל 67 גר`,דיפלומט היינץ,,,יח`,67,גרם,false,1,7.90,11.79,false,1,
7622201809188,false,מילקה ביסקויט מצופה שוקולד 150 גר`,דיפלומט היינץ,,,יח`,150,גרם,false,1,13.50,9,true,1,
7622201813390,false,וופל במילוי קרם קקאו מילקה (150 גרם),דיפלומט היינץ,,,יח`,150,גרם,false,1,15.20,10.13,true,1,
7622201823733,false,עוגיות מילקה ת`ניס דקות 151 גר`,דיפלומט היינץ,,,יח`,151,גרם,false,1,13.50,8.94,false,1,
7622210078131,false,שוקולד חלב דיים מילקה (100 גרם),דיפלומט היינץ,,,יח`,100,גרם,false,1,6.50,6.50,true,1,
7622210137234,false,עוגיות אוראו עם דאבל קרם וניל 170גרם,דיפלומט היינץ,,,יח`,170,גרם,false,1,11.20,6.59,true,1,
7622210163899,false,שוקולד חלב עם עדשים 100  גר`מילקה,דיפלומט היינץ,,,יח`,100,גרם,false,1,6.50,6.50,true,1,
7622210453327,false,מילקה סנסייטן 156 גר`,דיפלומט היינץ,,,יח`,156,גרם,false,1,13.50,8.65,true,1,
7622210464729,false,אוראו גולדן 154גר`,דיפלומט היינץ,,,יח`,154,גרם,false,1,8.90,5.78,true,1,
7622210690852,false,שוקולד 280  גר`מילקה,דיפלומט היינץ,,,יח`,280,גרם,false,1,15.90,5.68,true,1,
7622210693266,false,מילקה אגוזים שלמים 270 גר,דיפלומט היינץ,,,יח`,270,גרם,false,1,16.90,6.26,false,1,
7622210826053,false,שוקולד מילקה אוראו סנדביץ 92 גר`,דיפלומט היינץ,,,יח`,92,גרם,false,1,6.50,7.07,true,1,
7622210835338,false,אוראו בראוניז 176 גר`,דיפלומט היינץ,,,יח`,176,גרם,false,1,10.10,5.74,true,1,
7622300200237,false,מילקה שוקולד חלבי 250 גרם,דיפלומט היינץ,,,יח`,250,גרם,false,1,15.20,6.08,true,1,
7622300315283,false,אוראו וניל 154 גר`בדצ,דיפלומט היינץ,,,יח`,154,גרם,false,1,8.90,5.78,false,1,
7622300356767,false,עוגיות שוקולד צ`יפס מילקה (168 גרם),דיפלומט היינץ,,,יח`,168,גרם,false,1,13.50,8.04,true,1,
7622300489434,false,עוגיות אוראו בציפוי שוקולד חלבי 246 גרם,דיפלומט היינץ,,,יח`,246,גרם,false,1,20.30,8.25,true,1,
7622300495046,false,שוקולד עם אקסטרה קקאו מילקה (100 גרם),דיפלומט היינץ,,,יח`,100,גרם,false,1,6.50,6.50,true,1,
7622300503079,false,ביסקוויט מצופה שוקולד מילקה (200 גרם),דיפלומט היינץ,,,יח`,200,גרם,false,1,13.50,6.75,true,1,
7622300617820,false,שוקולד אוראו מילקה (100 גרם),דיפלומט היינץ,,,יח`,100,גרם,false,1,6.50,6.50,true,1,
7622300772314,false,אוראו וניל 66 גר`,דיפלומט היינץ,,,יח`,66,גרם,false,1,4.50,6.82,false,1,
7630477891592,false,קפסולות קפה האוס בלנד (10  יח) סטארבקס(,קבוצת אסם סחר שות. מוגבלת,,,יח`,57,גרם,false,1,21.90,38.42,true,1,
7630477891653,false,קפסולות קפה אספרסו נטול (10 יח)סטארבקס(,קבוצת אסם סחר שות. מוגבלת,,,יח`,57,גרם,false,1,21.90,38.42,true,1,
7702018263783,false,סכיני גילוח מאך  -3 שמינייה,דיפלומט מפיצים (1968) בעמ,,,יח`,1,,false,1,72.90,72.90,false,1,
7702018263813,false,רביעיית סכיני גילוח מאך 3 טורבו,דיפלומט מפיצים (1968) בעמ,,,יח`,1,,false,1,51.90,51.90,false,1,
7702018323531,false,מכשיר Venus smooth עם 2 סכינים,פארמה דיל (פ.א.ב.) שיווק והפצה,,,יח`,1,,false,1,33.90,33.90,false,1,
7702018466917,false,סכיני גילוח גילט בלו חדפ יבוא מקביל,פארמה דיל (פ.א.ב.) שיווק והפצה,,,יח`,1,,false,1,19.90,19.90,false,1,
7702018469383,false,סכיני גילוח פיוז`ן ידני ג`ילט) (12 מוגד,דיפלומט מפיצים (1968) בעמ,,,יח`,1,,false,1,148.90,148.90,true,1,
7702018874460,false,סכיני גילוח ג`ילט פיוזן  רביעייה- יבוא,פארמה דיל (פ.א.ב.) שיווק והפצה,,,יח`,1,,false,1,54.90,54.90,false,1,
7702018980864,false,קצף גילוח סירייס רגיש 250,דיפלומט מפיצים (1968) בעמ,,,יח`,250,"מ""ל",false,1,22.70,9.08,false,1,
7702174066631,false,לקקן יוגטה פינפופ 10 יחידות,ליימן שליסל בעמ,,,יח`,180,גרם,false,1,7.90,4.39,true,1,
7702174068826,false,לקקן יוגטה12 יח`,ליימן שליסל בעמ,,,יח`,216,גרם,false,1,11.90,5.51,false,1,
7702174068833,false,לקקן יוגטה גלידה12 יח`,ליימן שליסל בעמ,,,יח`,216,גרם,false,1,11.90,5.51,false,1,
7702174070201,false,לקקן יוגטה מג`יק 12 יח`,ליימן שליסל בעמ,,,יח`,1,,false,1,11.90,11.90,false,1,
7791875005353,false,ריבת חלב הוואנה 450 גר`,משה סידס ובנו בעמ,,,יח`,450,גרם,false,1,19.90,4.42,true,1,
7792860006218,false,סוכריות לקקן בייבי דול לריטייר (24 גרם),משה סידס ובנו בעמ,,,יח`,24,גרם,false,1,3,12.50,true,1,
7798304600011,false,אוכמניות- טרי 125 גר,בראשית - אגודה שיתופית*שיק 45,,,יח`,125,גרם,false,1,10,8,false,1,
7804414000860,false,קברנה סוביניון דון חוליו (750 מל),הכרם - משקאות חריפים בעמ,,,יח`,750,"מ""ל",false,1,31.50,4.16,true,1,
7804414000877,false,מרלו דון חוליו (750 מל),הכרם - משקאות חריפים בעמ,,,יח`,750,"מ""ל",false,1,31.50,4.16,true,1,
7804414012344,false,יין סוביניון בלאן 750 מל דון חוליו,הכרם - משקאות חריפים בעמ,,,יח`,750,"מ""ל",false,1,31.50,4.16,true,1,
7804632390255,false,אוכמניות טרי 125 גר,בראשית - אגודה שיתופית*שיק 45,,,יח`,125,גרם,false,1,10,8,false,1,
7804651030026,false,אוכמניות-טרי 125 גר,איגל טרייטדינג שיווק חקלאי בעמ,,,יח`,125,גרם,false,1,10,8,false,1,
7891024100721,false,קולגייט חוט דנטלי טוטל דאבל סייד 25מ,ש.שסטוביץ בעמ,,,יח`,1,,false,1,24.40,24.40,false,1,
7891024124826,false,משחת שיניים אופטיק וייט קולגייט (75 מל),ש.שסטוביץ בעמ,,,יח`,103,גרם,false,1,20.90,20.29,false,1,
8000113003402,false,קמח תירס ואקום 1 קג,גורי מוצרי צריכה (1991) בעמ,,,יח`,100,גרם,false,1,17.50,17.50,false,1,
8000215204219,false,משקה אורז ביו אורגני ויטאריז 1 ליטר,נטורפוד בעמ,,,יח`,1,1 ליטר,false,1,13.90,13.90,true,1,
8000215204714,false,משקה שיבולת שועל אורגני פרימונה 1 ליטר,נטורפוד בעמ,,,יח`,1,1 ליטר,false,1,13.90,13.90,false,1,
8000380003723,false,גרנד פטיסרי 100  גר`אגוז,ליימן שליסל בעמ,,,יח`,100,גרם,false,1,15.20,15.20,true,1,
8000380003761,false,גרנד פטיסרי 100  גר`קוקוס,ליימן שליסל בעמ,,,יח`,100,גרם,false,1,15.20,15.20,true,1,
8000380004676,false,וופל  סנדוויץ`בטעם וניל לואקר (200 גרם),ליימן שליסל בעמ,,,יח`,200,גרם,false,1,15.20,7.60,true,1,
8000380004911,false,קוארדטיני 250  גר`אגוז,ליימן שליסל בעמ,,,יח`,250,גרם,false,1,16.30,6.52,true,1,
8000380004966,false,קוארדטיני 250  גר`קקאו,ליימן שליסל בעמ,,,יח`,250,גרם,false,1,16.30,6.52,true,1,
8000380005598,false,טורטינה שישיה מריר 125 גר,ליימן שליסל בעמ,,,יח`,125,גרם,false,1,18.90,15.12,false,1,
8000380007219,false,וופל בטעם אגוזים לואקר (175 גרם),ליימן שליסל בעמ,,,יח`,175,גרם,false,1,11.90,6.80,false,1,
8000380007257,false,וופל לואקר גרדנה 200 גר`,ליימן שליסל בעמ,,,יח`,200,גרם,false,1,16.60,8.30,true,1,
8000380007264,false,וופל קקאו לואקר (175 גרם),ליימן שליסל בעמ,,,יח`,175,גרם,false,1,11.90,6.80,false,1,
8000380106028,false,טורטינה שישיה אורגינל לואקר 125 גר,ליימן שליסל בעמ,,,יח`,125,גרם,false,1,18.90,15.12,false,1,
8000380144044,false,וופל לואקר גרדנה שוקולד 200 גר`,ליימן שליסל בעמ,,,יח`,200,גרם,false,1,16.60,8.30,true,1,
8000380152704,false,מארז חטיפי אצבעות גרדנה אגוז 125 גר,ליימן שליסל בעמ,,,יח`,125,גרם,false,1,17.90,14.32,true,1,
8000380153534,false,טורטינה שישיה לבן 125 גר`,ליימן שליסל בעמ,,,יח`,125,גרם,false,1,18.90,15.12,false,1,
8000380180721,false,לואקר קלאסי שוקו חלב 175קג,ליימן שליסל בעמ,,,יח`,175,גרם,false,1,11.90,6.80,false,1,
8000380192243,false,וופלים מלבנים פריכיים בטעם אגוז 200 גר`,ליימן שליסל בעמ,,,יח`,200,גרם,false,1,13.90,6.95,false,1,
8000380192250,false,וופלים מלבנים פריכיים בטעם שוקולד 200 גר,ליימן שליסל בעמ,,,יח`,200,גרם,false,1,13.90,6.95,false,1,
8000380205400,false,קוארדטיני 250  גר`חמאת בוטנים,ליימן שליסל בעמ,,,יח`,250,גרם,false,1,16.30,6.52,false,1,
8000380206896,false,וופל לואקר גרדנה חמאת בוטנים 200 גר`,ליימן שליסל בעמ,,,יח`,200,גרם,false,1,16.60,8.30,true,1,
8000380207183,false,טורטינה שישיה חמאת בוטנים לואקר 126 גר`,ליימן שליסל בעמ,,,יח`,126,גרם,false,1,18.90,15,false,1,
8000500023624,false,חטיף הפי היפו קינדר (5  יח`- 103.5 גרם),פרימיום-חברה לדברי מתיקה ולמסח,,,יח`,90,גרם,false,1,12.50,13.89,false,1,
8000500023976,false,בונבוניירת רפאלו פררו (150 גרם),פרימיום-חברה לדברי מתיקה ולמסח,,,יח`,150,גרם,false,1,16.90,11.27,false,1,
8000500026731,false,ביצת הפתעה קינדר (20x3 גרם),פרימיום-חברה לדברי מתיקה ולמסח,,,יח`,60,גרם,false,1,15.90,26.50,true,1,
8000500029350,false,קינדר בואנו וופל שלישייה (43x3 גרם),פרימיום-חברה לדברי מתיקה ולמסח,,,יח`,129,גרם,false,1,10.90,8.45,true,1,
8000500037874,false,רושר בוני 200 גר`,פרימיום-חברה לדברי מתיקה ולמסח,,,יח`,200,גרם,false,1,25.90,12.95,false,1,
8000500071083,false,אצבעות שוקולד קינדר (16  יח`- 200 גרם),פרימיום-חברה לדברי מתיקה ולמסח,,,יח`,200,גרם,false,1,11.90,5.95,false,1,
8000500121436,false,קינדר בואנו וופל לבן שלישייה (39x3גרם),פרימיום-חברה לדברי מתיקה ולמסח,,,יח`,117,גרם,false,1,10.90,9.32,true,1,
8000500127728,false,קינדר מילק סלייס עוגת ספוג במילוי חלבי מ,תנובה - חלב,,,יח`,112,גרם,false,1,11.90,10.63,false,1,
8000500167656,false,קינדר שוקולד עם דגנים,פרימיום-חברה לדברי מתיקה ולמסח,,,יח`,1,,false,1,8.50,8.50,false,1,
8000500217740,false,קינדר בואנו מיני 86 גר`,פרימיום-חברה לדברי מתיקה ולמסח,,,יח`,1,,false,1,10.90,10.90,false,1,
8000500227848,false,נוטלה 132  גר`B ready,פרימיום-חברה לדברי מתיקה ולמסח,,,יח`,132,גרם,false,1,12.90,9.77,false,1,
8000500249352,false,קינדר בואנו מיני מיקס,פרימיום-חברה לדברי מתיקה ולמסח,,,יח`,0,גרם,false,1,19.90,19.90,false,1,
8000500256213,false,קינדר שוקולד מיני 120 גר`,פרימיום-חברה לדברי מתיקה ולמסח,,,יח`,120,גרם,false,1,9.90,8.25,false,1,
8000500267103,false,10 עוגות אישית בעטיפה אישית 39  גר`קינדר,פרימיום-חברה לדברי מתיקה ולמסח,,,יח`,390,גרם,false,1,20.90,5.36,true,1,
8000500269169,false,קינדר קארדס 5  יח`128 גר`,פרימיום-חברה לדברי מתיקה ולמסח,,,יח`,128,גרם,false,1,14.90,11.64,false,1,
8000500310397,false,נוטלה ביסקוויט T12,פרימיום-חברה לדברי מתיקה ולמסח,,,יח`,166,גרם,false,1,15.90,9.58,false,1,
8000500366073,false,נוטלה ביסקוויט T20,פרימיום-חברה לדברי מתיקה ולמסח,,,יח`,276,גרם,false,1,20.90,7.57,false,1,
8000500386941,false,נוטלה ממרח קקאו עם אגוזי לוז 900 גר`,פרימיום-חברה לדברי מתיקה ולמסח,,,יח`,900,גרם,false,1,32.90,3.66,true,1,
8000798000925,false,מטאטא יהלום גב כסף,מ.א.ייצור ויבוא מטליות בעמ,,,יח`,1,יח`,false,1,22.70,22.70,false,1,
8001003100218,false,יוגטה גומי 800 גר` ג`לי,ליימן שליסל בעמ,,,יח`,800,גרם,false,1,21.40,2.68,false,1,
8001090015969,false,טבליות למדיח פלטינום הכל באחד פיירי) (63,דיפלומט מפיצים (1968) בעמ,,,יח`,1,,false,1,54.90,54.90,false,1,
8001090184375,false,פיירי אורגינל 900 מל,דיפלומט מפיצים (1968) בעמ,,,יח`,900,"מ""ל",false,1,12.90,1.43,true,1,
8001090184412,false,פיירי אורגינל לימון 900 מל,דיפלומט מפיצים (1968) בעמ,,,יח`,900,"מ""ל",false,1,12.90,1.43,true,1,
8001090222879,false,הרבל אסנסס מרכך שיקום שמן ארגן 400 מל,דיפלומט מפיצים (1968) בעמ,,,יח`,400,"מ""ל",false,1,20.90,5.23,true,1,
8001090290830,false,אורל בי משחת שיניים פנינה בוהקת,דיפלומט מפיצים (1968) בעמ,,,יח`,75,גרם,false,1,29.90,39.87,true,1,
8001090290939,false,אורל בי משחת שיניים לובן בוהק,דיפלומט מפיצים (1968) בעמ,,,יח`,75,גרם,false,1,29.90,39.87,true,1,
8001090336408,false,חיתולי ביביי דריי מידה  (3 38  יח)פמפרס,דיפלומט מפיצים (1968) בעמ,,,יח`,1,,false,1,31.90,31.90,true,1,
8001090336446,false,חיתולי ביביי דריי מידה  (4 34  יח)פמפרס,דיפלומט מפיצים (1968) בעמ,,,יח`,1,,false,1,31.90,31.90,true,1,
8001090336521,false,חיתולי ביביי דריי מידה 5( 30  יח)פמפרס,דיפלומט מפיצים (1968) בעמ,,,יח`,1,,false,1,31.90,31.90,true,1,
8001090336606,false,חיתולי ביביי דריי  מידה( 26  יח`)פמפרס,דיפלומט מפיצים (1968) בעמ,,,יח`,1,,false,1,31.90,31.90,true,1,
8001090364203,false,אורל בי משחה שיניים G E להלבנה עדינה,דיפלומט מפיצים (1968) בעמ,,,יח`,75,גרם,false,1,18.90,25.20,true,1,
8001090364258,false,אורל בי משחה שיניים G E לניקוי עדין,דיפלומט מפיצים (1968) בעמ,,,יח`,75,גרם,false,1,18.90,25.20,true,1,
8001090377487,false,מסכה לחות מוגברת 300 מל פנטן,דיפלומט מפיצים (1968) בעמ,,,יח`,300,"מ""ל",false,1,30.90,10.30,true,1,
8001090379399,false,חיתולי פמפרס פרימיום vp מידה 5 30 יח`,דיפלומט מפיצים (1968) בעמ,,,יח`,1,,false,1,33.90,33.90,true,1,
8001090458353,false,פיירי אנטי בקטריאלי 515 מל,דיפלומט מפיצים (1968) בעמ,,,יח`,515,"מ""ל",false,1,11.90,2.31,true,1,
8001090678195,false,שולדרס מרכך סופרים לחות 275 מל,דיפלומט מפיצים (1968) בעמ,,,יח`,275,"מ""ל",false,1,17.90,6.51,true,1,
8001090678614,false,שולדרס שמפו סופרים לחות 400 מל,דיפלומט מפיצים (1968) בעמ,,,יח`,400,"מ""ל",false,1,21.90,5.48,true,1,
8001090721099,false,אריאל טבליות לכביסה 27 יחידות,דיפלומט מפיצים (1968) בעמ,,,יח`,1,,false,1,35.90,35.90,true,1,
8001090721129,false,אריאל טבליות לכביסה קולור 27 יחידות,דיפלומט מפיצים (1968) בעמ,,,יח`,1,,false,1,35.90,35.90,true,1,
8001090737809,false,מגן תחתון אולדייז סינגל טנגה 36 יחידות,דיפלומט מפיצים (1968) בעמ,,,יח`,1,,false,1,15.90,15.90,false,1,
8001090740717,false,מגן תחתון אולדייז נורמל אולווייז) (76,דיפלומט מפיצים (1968) בעמ,,,יח`,1,,false,1,24.90,24.90,true,1,
8001090802385,false,טייד קפסולות ג`ל בניחוח לנור 26 יח,דיפלומט מפיצים (1968) בעמ,,,יח`,1,,false,1,30.90,30.90,true,1,
8001090832450,false,שמפו נוסחה קלאסית 660 מל פנטן,דיפלומט מפיצים (1968) בעמ,,,יח`,660,"מ""ל",false,1,20.90,3.17,true,1,
8001090832535,false,שמפו שמן מרוקאי משקם 660 מל פנטן,דיפלומט מפיצים (1968) בעמ,,,יח`,660,"מ""ל",false,1,20.90,3.17,true,1,
8001090832573,false,שמפו שמן לחות מוגברת 660 מל פנטן,דיפלומט מפיצים (1968) בעמ,,,יח`,660,"מ""ל",false,1,20.90,3.17,true,1,
8001090832856,false,קונדישנר מרוקאי משקם 660 מל פנטן,דיפלומט מפיצים (1968) בעמ,,,יח`,660,"מ""ל",false,1,20.90,3.17,true,1,
8001090832894,false,קונדישנר לחות מוגברת 660 מל פנטן,דיפלומט מפיצים (1968) בעמ,,,יח`,660,"מ""ל",false,1,20.90,3.17,true,1,
8001090833167,false,אריאל ג`ל 2.365 ליטר ניחוח הרים,דיפלומט מפיצים (1968) בעמ,,,יח`,2.3650,1 ליטר,false,1,34.60,14.63,true,1,
8001090833259,false,אריאל ג`ל כביסה 3.740 ליטר בניחוח הרים,דיפלומט מפיצים (1968) בעמ,,,יח`,3.74,1 ליטר,false,1,42.90,11.47,true,1,
8001090886385,false,לנור כדוריות הריח בניחוח רענן (140 גר`),דיפלומט מפיצים (1968) בעמ,,,יח`,140,גרם,false,1,20.90,14.93,false,1,
8001090891273,false,לנור כדוריות הבושם סחלב (210 גר`),דיפלומט מפיצים (1968) בעמ,,,יח`,210,גרם,false,1,28.90,13.76,true,1,
8001090899224,false,תחבושות אולוויז פלטינום לונג 20 יח,דיפלומט מפיצים (1968) בעמ,,,יח`,1,,false,1,21.40,21.40,true,1,
8001090899255,false,תחבושות אולוויז פלטינום לילה 16 יח,דיפלומט מפיצים (1968) בעמ,,,יח`,1,,false,1,21.40,21.40,true,1,
8001090899286,false,תחבושות אולוויז פלטינום לילה בטוח 14 יח,דיפלומט מפיצים (1968) בעמ,,,יח`,1,,false,1,21.40,21.40,true,1,
8001100011752,false,וופל שכבות בטעם קקאו 175  גר`Balocco,אבאל יזמות בעמ,,,יח`,175,גרם,false,1,10.90,6.23,true,1,
8001160001786,false,גטורייד ספורט כחול,טמפו משקאות בעמ,,,יח`,500,"מ""ל",false,1,10.90,2.12,true,1,
8001841019291,false,אריאל קפסולות לכביסה בניחוח לנור 16 יח,דיפלומט מפיצים (1968) בעמ,,,יח`,1,,false,1,14.90,14.90,false,1,
8001841105093,false,חיתולי פמפרס פרימיום vp מידה  (6 26 יח),דיפלומט מפיצים (1968) בעמ,,,יח`,1,,false,1,33.90,33.90,true,1,
8001841137179,false,הד אנד שולדרס הנוסחה הקלאסית 275 מל,דיפלומט מפיצים (1968) בעמ,,,יח`,275,"מ""ל",false,1,17.90,6.51,true,1,
8001841272757,false,אורל בי משחת שיניים להלבנה פחם,דיפלומט מפיצים (1968) בעמ,,,יח`,75,גרם,false,1,31.90,42.53,true,1,
8001841500799,false,הרבל אסנס שמפו ללא סולפטים אלוורה ומנג,דיפלומט מפיצים (1968) בעמ,,,יח`,380,"מ""ל",false,1,20.90,5.50,true,1,
8001841502601,false,הרבל אסנס מרכל ללא סולפטים אלוורה ובמב,דיפלומט מפיצים (1968) בעמ,,,יח`,275,"מ""ל",false,1,20.90,7.60,true,1,
8001841625188,false,נוזל כלים פלטינום לימון פיירי (515 מל),דיפלומט מפיצים (1968) בעמ,,,יח`,515,"מ""ל",false,1,11.90,2.31,true,1,
8001841625362,false,פיירי פלטינום לימון 780 מל,דיפלומט מפיצים (1968) בעמ,,,יח`,780,"מ""ל",false,1,12.90,1.65,true,1,
8001841625461,false,נוזל כלים פלטינום אורגינל פיירי (515 מל,דיפלומט מפיצים (1968) בעמ,,,יח`,515,"מ""ל",false,1,11.90,2.31,true,1,
8001841625508,false,נוזל כלים פיירי פלטינום 1.015 מל,דיפלומט מפיצים (1968) בעמ,,,יח`,1.0150,1 ליטר,false,1,19.30,19.01,true,1,
8001841660530,false,קרם לחות פנטן מיראקלס במבוק 270 מל,דיפלומט מפיצים (1968) בעמ,,,יח`,270,"מ""ל",false,1,20.90,7.74,true,1,
8001841669465,false,אריאל טבליות לכביסה 24 יחידות,דיפלומט מפיצים (1968) בעמ,,,יח`,1,,false,1,35.90,35.90,true,1,
8001841669519,false,אריאל קפסולות לכביסה 55 יח,דיפלומט מפיצים (1968) בעמ,,,יח`,1.57,"ק""ג",false,1,60.90,38.79,true,1,
8001841715957,false,שולדרס ג`ל רחצה ושמפו ניקוי אינטנסיבי 36,דיפלומט מפיצים (1968) בעמ,,,יח`,360,"מ""ל",false,1,16.90,4.69,true,1,
8001841716435,false,שולדרס ג`ל רחצה ושמפו לעור רגיש 360 מל,דיפלומט מפיצים (1968) בעמ,,,יח`,360,"מ""ל",false,1,16.90,4.69,true,1,
8001841716596,false,שולדרס ג`ל רחצה ושמפו מרענן 360 מל,דיפלומט מפיצים (1968) בעמ,,,יח`,360,"מ""ל",false,1,16.90,4.69,true,1,
8001841893990,false,פיירי קפסולות למדיח פלטינום 30 יח,דיפלומט מפיצים (1968) בעמ,,,יח`,1,,false,1,39.90,39.90,true,1,
8001841943961,false,לנור כדוריות הבושם אוקיינוס 210 גר`,דיפלומט מפיצים (1968) בעמ,,,יח`,210,גרם,false,1,28.90,13.76,true,1,
8001841958460,false,טבליות למדיח הכל באחד פיירי) (48,דיפלומט מפיצים (1968) בעמ,,,יח`,1,,false,1,39.90,39.90,true,1,
8001841960081,false,טבליות למדיח פלטינום הכל באחד פיירי) (37,דיפלומט מפיצים (1968) בעמ,,,יח`,1,,false,1,39.90,39.90,true,1,
8002267015263,false,ביצת הפתעה מאשה והדוב 60 גר`,ש.שסטוביץ בעמ,,,יח`,60,גרם,false,1,12.90,21.50,false,1,
8003340091280,false,לינדט לינדור בונבוניירה 60% מריר 200 גרם,משה סידס ובנו בעמ,,,יח`,200,גרם,false,1,34.60,17.30,true,1,
8004030026018,false,ריו מארה אינסלטיסימי מקסיקני עם טונה 160,ש.שסטוביץ בעמ,,,יח`,160,גרם,false,1,19.30,12.06,false,1,
8004030044005,false,ריו מרה טונה בשמן זית 160 ג,ש.שסטוביץ בעמ,,,יח`,160,גרם,false,1,20.30,12.69,false,1,
8004030081024,false,ריו מרה טונה בשמן זית שום ופלפל 160 ג,ש.שסטוביץ בעמ,,,יח`,160,גרם,false,1,20.30,12.69,false,1,
8004030102033,false,ריו מארה טונה בשמן זית לימון ופלפל שלייש,ש.שסטוביץ בעמ,,,יח`,240,גרם,false,1,29.90,12.46,false,1,
8004030177000,false,ריו מארה טונה בשמן זית עם צ`לי שלישיות 8,ש.שסטוביץ בעמ,,,יח`,240,גרם,false,1,29.90,12.46,false,1,
8004030344938,false,ריו מארה טונה בשמן זית שלישיות 80 גרם,ש.שסטוביץ בעמ,,,יח`,240,גרם,false,1,29.90,12.46,false,1,
8004030381681,false,ריו מרה טונה בשמן זית 2*160 גר`,ש.שסטוביץ בעמ,,,יח`,320,גרם,false,1,34.90,10.91,false,1,
8004030845046,false,ריו מארה אינסלטיסימי אורז עם טונה 160 גר,ש.שסטוביץ בעמ,,,יח`,160,גרם,false,1,19.50,12.19,false,1,
8004800000064,false,גלילי ופל במילוי קרם קקאו בציפוי שוקולד,תה ויסוצקי (ישראל) בעמ,,,יח`,100,גרם,false,1,12.90,12.90,true,1,
8004800005519,false,לאגו מיני רול-גלילי וופל במילוי קרם אג,תה ויסוצקי (ישראל) בעמ,,,יח`,125,גרם,false,1,10.90,8.72,true,1,
8005110002243,false,רכז עגבניות בשפרפרת 185  גר`mutti,רסטרטו יבוא ושיווק בעמ*אין החז,,,יח`,185,גרם,false,1,7.90,4.27,false,1,
8005110170300,false,עגבניות חתוכות דק 400  גר`שלישייה פולפה,רסטרטו יבוא ושיווק בעמ*אין החז,,,יח`,1200,גרם,false,1,18.90,1.58,false,1,
8005110200014,false,רכז עגבניות 210  גר`motti,רסטרטו יבוא ושיווק בעמ*אין החז,,,יח`,210,גרם,false,1,7.90,3.76,false,1,
8005200256587,false,נסטי בטעם אפרסק 1.5 ליטר,טמפו משקאות בעמ,,,יח`,1500,"מ""ל",false,1,9.90,0.64,true,1,
8005200286584,false,נסטי בטעם מנגו אננס 1.5 ליטר,טמפו משקאות בעמ,,,יח`,1500,"מ""ל",false,1,9.90,0.64,true,1,
8006540009512,false,לנור מרכך כביסה בייבי 897 מל,דיפלומט מפיצים (1968) בעמ,,,יח`,897,"מ""ל",false,1,15.90,1.77,true,1,
8006540027011,false,לנור מרכך מרוכז בניחוח אמאטיסט 897 מל,דיפלומט מפיצים (1968) בעמ,,,יח`,897,"מ""ל",false,1,15.90,1.77,true,1,
8006540027042,false,לנור מרכך מרוכז בניחוח פרחי בר 897 מל,דיפלומט מפיצים (1968) בעמ,,,יח`,897,"מ""ל",false,1,15.90,1.77,true,1,
8006540091937,false,לנור כדוריות הבושם בניחוח אריאל 210 גר`,דיפלומט מפיצים (1968) בעמ,,,יח`,210,גרם,false,1,28.90,13.76,true,1,
8006540110317,false,שמפו פנטן מיראקלס במבוק 400 מל,דיפלומט מפיצים (1968) בעמ,,,יח`,400,"מ""ל",false,1,20.90,5.23,true,1,
8006540112793,false,לנור מרכך מרוכז בניחוח יסמין 900 מל,דיפלומט מפיצים (1968) בעמ,,,יח`,900,"מ""ל",false,1,15.90,1.77,true,1,
8006540112823,false,לנור מרכך מרוכז בניחוח אוקיינוס 900 מל,דיפלומט מפיצים (1968) בעמ,,,יח`,900,"מ""ל",false,1,15.90,1.77,true,1,
8006540112854,false,לנור מרכך מרוכז בניחוח סחלב 900 מל,דיפלומט מפיצים (1968) בעמ,,,יח`,900,"מ""ל",false,1,15.90,1.77,true,1,
8006540157374,false,מרכך שיער פנטן מיראקלס במבוק 275 מל,דיפלומט מפיצים (1968) בעמ,,,יח`,275,"מ""ל",false,1,20.90,7.60,true,1,
8006540163986,false,אריאל קפסולות לכביסה 35 יח`,דיפלומט מפיצים (1968) בעמ,,,יח`,1,,false,1,40.90,40.90,true,1,
8006540358498,false,טמפונים טמפקס פרל סופר פלוס) (18,דיפלומט מפיצים (1968) בעמ,,,יח`,1,,false,1,34,34,true,1,
8006540404898,false,תחבושות אולוויז דיסקרט לונג פלוס 8 יח,דיפלומט מפיצים (1968) בעמ,,,יח`,1,,false,1,19.90,19.90,true,1,
8006540404935,false,תחבושות אולוויז דיסקרט נורמל 12 יח`,דיפלומט מפיצים (1968) בעמ,,,יח`,1,,false,1,19.90,19.90,true,1,
8006540425930,false,אריאל טבליות לכביסה 24 יחידות,דיפלומט מפיצים (1968) בעמ,,,יח`,1,,false,1,35.90,35.90,true,1,
8006540429327,false,נוזל לניקוי כלים לימון פיירי (440 מל),דיפלומט מפיצים (1968) בעמ,,,יח`,440,"מ""ל",false,1,11.90,2.70,true,1,
8006540463550,false,טבליות למדיח פלטינום פיירי 63 יח`,דיפלומט מפיצים (1968) בעמ,,,יח`,1,,false,1,54.90,54.90,false,1,
8006540491539,false,פיירי פלטינום אורגינל 780 מל,דיפלומט מפיצים (1968) בעמ,,,יח`,780,"מ""ל",false,1,12.90,1.65,true,1,
8006540495186,false,לנור מרכך כביסה בייבי 900 מל,דיפלומט מפיצים (1968) בעמ,,,יח`,900,"מ""ל",false,1,15.90,1.77,true,1,
8007178120310,false,חומץ בלסמי גקובזי 500 מל,דיפלומט היינץ,,,יח`,500,"מ""ל",false,1,25.50,5.10,false,1,
8007520024532,false,פאוץ מיגלאור הודו 100 גר,שחורי אריה ואנסטסיה,,,יח`,100,גרם,false,1,4.90,4.90,false,1,
8008698003503,false,קרקרים מלבניים 210,ל.י.ב. (לחיות יותר בטבע) בעמ,,,יח`,210,גרם,false,1,23.40,11.14,true,1,
8008698012857,false,ביסקוויט פתי ללא גלוטן שר (165 גרם),ל.י.ב. (לחיות יותר בטבע) בעמ,,,יח`,165,גרם,false,1,14.20,8.61,false,1,
8009470009072,false,חתול סימבה ג415ר,שחורי אריה ואנסטסיה,,,יח`,415,גרם,false,1,4,0.96,false,1,
8009470009164,false,סימבה כלב כבש 415גר`,שחורי אריה ואנסטסיה,,,יח`,1,,false,1,4,4,false,1,
8009470016063,false,סימבה עוף מזון לחתולים 2קג,שחורי אריה ואנסטסיה,,,יח`,2000,גרם,false,1,34.90,1.75,false,1,
8017938005122,false,חומץ תפוחים אורגני נטורפוד 750 מל,נטורפוד בעמ,,,יח`,1,,false,1,19.50,19.50,false,1,
8024985002912,false,מחית סמוצ`י תפוח אגס בטטה אורגנית נטורה,נטורפוד בעמ,,,יח`,100,גרם,false,1,5.90,5.90,true,1,
8024985008051,false,מחית פירות סמוצ`י פירות אדומים אורגנית ל,נטורפוד בעמ,,,יח`,100,גרם,false,1,5.90,5.90,true,1,
8076800195057,false,ספגטיני מספר 5 ברילה (500 גרם),בית הצעצוע בעמ,,,יח`,500,גרם,false,1,7.50,1.50,true,1,
8076802085738,false,פסטה פנה ריגטה מספר 73 ברילה (500 גרם),בית הצעצוע בעמ,,,יח`,500,גרם,false,1,7.50,1.50,true,1,
8076802085981,false,פסטה פוזילי מספר 98 ברילה (500 גרם),בית הצעצוע בעמ,,,יח`,500,גרם,false,1,7.50,1.50,true,1,
8076808060654,false,פרפלה מספר 65 ברילה (500 גרם),בית הצעצוע בעמ,,,יח`,500,גרם,false,1,7.50,1.50,true,1,
8076808070882,false,קנלוני מספר 88 ברילה (250 גרם),ש.שסטוביץ בעמ,,,יח`,250,גרם,false,1,15.90,6.36,false,1,
8076808150072,false,ספגטי מספר 7 ברילה (500 גרם),בית הצעצוע בעמ,,,יח`,500,גרם,false,1,7.50,1.50,true,1,
8076809501415,false,פסטה פנה טריקולורה ברילה (500 גרם),ש.שסטוביץ בעמ,,,יח`,500,גרם,false,1,13.90,2.78,false,1,
8076809513395,false,רוטב לפסטה פומודורו ברילה (400 גרם),ש.שסטוביץ בעמ,,,יח`,400,גרם,false,1,15.90,3.98,false,1,
8076809513739,false,רוטב לפסטה בזיליקום ברילה (400 גרם),ש.שסטוביץ בעמ,,,יח`,400,גרם,false,1,15.90,3.98,false,1,
8076809519977,false,ברילה אורקייטה 500  גר`ברילה,ש.שסטוביץ בעמ,,,יח`,500,גרם,false,1,14.90,2.98,false,1,
8076809523738,false,לזניה ברילה (500 גרם),ש.שסטוביץ בעמ,,,יח`,500,גרם,false,1,24.90,4.98,false,1,
8076809529419,false,ספגטי חיטה מלאה ברילה (500 גרם),ש.שסטוביץ בעמ,,,יח`,500,גרם,false,1,15.90,3.18,false,1,
8076809545457,false,פסטה פנה ריגטה ללא גלוטן ברילה (400 גרם),ש.שסטוביץ בעמ,,,יח`,400,גרם,false,1,15.90,3.98,false,1,
8121300206946,false,סטיביה ממתיק 80 שקיקיים טרוביה 80 גר,גורי ע.ע.ע בעמ,,,יח`,80,גרם,false,1,19.90,24.88,true,1,
8410076600622,false,נייטשר וואלי 210  גר`שבבי שוקולד מריר,ליימן שליסל בעמ,,,יח`,210,גרם,false,1,14.90,7.10,false,1,
8410076610508,false,נייטשר וואלי צ`ואי סוליט מריר,ליימן שליסל בעמ,,,יח`,150,גרם,false,1,14.90,9.93,false,1,
8410076620507,false,נייטשר וואלי חטיף ממולא נאט קרים שיבולת,ליימן שליסל בעמ,,,יח`,190,גרם,false,1,14.90,7.84,false,1,
8410076621009,false,חטיף פייברONE טעם קרמל מלוח,ליימן שליסל בעמ,,,יח`,1,,false,1,15.90,15.90,true,1,
8410104039134,false,מנקה מדיח כלים פיניש (250 מל),רקיט בנקיזר (ניר איסט) בעמ,,,יח`,250,"מ""ל",false,1,15.90,6.36,false,1,
8410104045111,false,פינש מלח למדיח 2 קג`,רקיט בנקיזר (ניר איסט) בעמ,,,יח`,2,"ק""ג",false,1,15.90,7.95,false,1,
8420822130624,false,סופר מסיר כתמים 750 מל יעקובי,יעקב יעקבי ובניו בעמ,,,יח`,750,"מ""ל",false,1,17.90,2.39,false,1,
8423207206488,false,מרבה סלים דליס שוקולד חלב,ש.שסטוביץ בעמ,,,יח`,120,גרם,false,1,14.90,12.42,true,1,
8423207206495,false,מרבה סלים דליס שוקולד מריר,ש.שסטוביץ בעמ,,,יח`,120,גרם,false,1,14.90,12.42,true,1,
8423207207362,false,מרבה סלים דליס,ש.שסטוביץ בעמ,,,יח`,120,גרם,false,1,14.90,12.42,true,1,
8423207208260,false,מרבה סלים דליס שוקולד חלב ללא גלוטן,ש.שסטוביץ בעמ,,,יח`,1,,false,1,14.90,14.90,true,1,
8423207208680,false,סלים דליס לילדים עם שוקולד חלבי,ש.שסטוביץ בעמ,,,יח`,78,גרם,false,1,14.90,19.10,true,1,
8423207208703,false,סלים דליס מהדורה מיוחדת עם שוקולד מריר,ש.שסטוביץ בעמ,,,יח`,78,גרם,false,1,14.90,19.10,true,1,
8423207209748,false,מרבה סלים דליס שוקולד מריר בנגיעות מריר,ש.שסטוביץ בעמ,,,יח`,120,גרם,false,1,14.90,12.42,true,1,
8423207209885,false,סלים דליס מהדורה מיוחדת עם שוקולד חלב,ש.שסטוביץ בעמ,,,יח`,120,גרם,false,1,14.90,12.42,true,1,
8423207210287,false,מרבה סלים דליס שוקולד לבן בטעם יוגורט,ש.שסטוביץ בעמ,,,יח`,120,גרם,false,1,14.90,12.42,true,1,
8423207210942,false,סלים דליס טופינג פירות יער,ש.שסטוביץ בעמ,,,יח`,90,גרם,false,1,14.90,16.56,true,1,
8423207210966,false,סליס דליס טופניג קוקוס ולימון,ש.שסטוביץ בעמ,,,יח`,120,גרם,false,1,14.90,12.42,true,1,
8424842050016,false,צ`יפס בטעם כמהין 125 גר`,א. סיימן סחר בעמ,,,יח`,125,גרם,false,1,13.90,11.12,true,1,
8424842050085,false,צ`יפס בטעם חרדל ודבש 125 גר`,א. סיימן סחר בעמ,,,יח`,125,גרם,false,1,13.90,11.12,true,1,
8424842201340,false,צ`יפס מסורתי פרימיום 130 גר`,א. סיימן סחר בעמ,,,יח`,130,גרם,false,1,13.90,10.69,true,1,
8435495807636,false,תינוקולין ג`ל כביסה 2 ליטר BABY SENSITV,ליימן שליסל בעמ,,,יח`,2,1 ליטר,false,1,35.90,17.95,false,1,
8445290427120,false,פיטנס שוקולד מריר ובננה 330 גר`,קבוצת אסם סחר שות. מוגבלת,,,יח`,330,גרם,false,1,20.30,6.15,true,1,
8606018615865,false,פיינט וליבת שוקולד 300 גר`,נגה גלידות שותפות מוגבלת,,,יח`,300,גרם,false,1,22.90,7.63,false,1,
8683130008935,false,הלמנס קטשיונז 425 גרם,יוניליוור ישראל שיווק בעמ,,,יח`,425,גרם,false,1,16.30,3.84,true,1,
8683130025581,false,בדין אקסטרא ענבר 960 מל .,יוניליוור ישראל שיווק בעמ,,,יח`,960,"מ""ל",false,1,17.30,1.80,true,1,
8683323063024,false,יוגטה שטיחים תותי פרוטי 220 גר`,ליימן שליסל בעמ,,,יח`,220,גרם,false,1,8.90,4.05,false,1,
8686868600068,false,אביזרי שיער סרטים וקשתות,אל האופק שיווק וסחר,,,יח`,1,,false,1,8.90,8.90,false,1,
8686868600075,false,אביזרי שיער סיכות פפיון גדולות,אל האופק שיווק וסחר,,,יח`,1,,false,1,9.90,9.90,false,1,
8686868600105,false,אביזרי שיער,אל האופק שיווק וסחר,,,יח`,1,,false,1,12.90,12.90,false,1,
8686868600129,false,אביזרי שיער,אל האופק שיווק וסחר,,,יח`,1,,false,1,14.90,14.90,false,1,
8686868600235,false,אביזרי מנקור,אל האופק שיווק וסחר,,,יח`,1,,false,1,12.90,12.90,false,1,
8690120160405,false,וופל נאמבר 1 ירוק,רויאל קנדיס בעמ,,,יח`,1,,false,1,28.90,28.90,false,1,
8690504153740,false,שוקולד מריר עם גאנש מריר 86 גר,תה ויסוצקי (ישראל) בעמ,,,יח`,1,,false,1,14.90,14.90,false,1,
8690526009308,false,חטיף קוקוס מצופה שוקולדחלב וכדורוני דגני,גורי ע.ע.ע בעמ,,,יח`,126,גרם,false,1,10.90,8.65,true,1,
8690526009353,false,מיני חטיף בוטנים נוגט קרמל מצופה שוקולד,גורי ע.ע.ע בעמ,,,יח`,140,גרם,false,1,10.90,7.79,true,1,
8690637073373,false,תה ארל גריי ברגמוט ליפטון) (25,יוניליוור ישראל שיווק בעמ,,,יח`,50,גרם,false,1,8.70,17.40,true,1,
8690637073434,false,תה ארל גריי ברגמוט ליפטון) (100,יוניליוור ישראל שיווק בעמ,,,יח`,200,גרם,false,1,21.90,10.95,false,1,
8690637503856,false,ממרח  לחיץ( 355  גר`)הלמנס,יוניליוור ישראל שיווק בעמ,,,יח`,355,גרם,false,1,16.30,4.59,true,1,
8690637505607,false,מרכך בדין אקסטרה 960 מל בניחוח פינוק קלא,יוניליוור ישראל שיווק בעמ,,,יח`,960,"מ""ל",false,1,17.30,1.80,true,1,
8690637858734,false,סיף ג`ל אקונומיקה לימון 750 מל,יוניליוור ישראל שיווק בעמ,,,יח`,750,"מ""ל",false,1,13.20,1.76,true,1,
8690637866753,false,בדין אקסטרא לבנדר 960 מל,יוניליוור ישראל שיווק בעמ,,,יח`,960,"מ""ל",false,1,17.30,1.80,true,1,
8690637871061,false,דאב שמפו עם שמן אבוקדו ותמצית קלנדולה,יוניליוור ישראל שיווק בעמ,,,יח`,600,"מ""ל",false,1,15.90,2.65,true,1,
8690637871245,false,מיונז אמיתי לחיץ הלמנס (395 גרם),יוניליוור ישראל שיווק בעמ,,,יח`,395,גרם,false,1,16.30,4.13,true,1,
8690637890666,false,מאגדת מגנום דאבל פיסטוק,גלידות שטראוס בעמ,,,יח`,282,גרם,false,1,35.50,12.59,false,1,
8690637946301,false,בדין אקסטרא בייבי 960 מל,יוניליוור ישראל שיווק בעמ,,,יח`,960,"מ""ל",false,1,17.30,1.80,true,1,
8690637946318,false,בדין אקסטרא בייבי טלק960 מל,יוניליוור ישראל שיווק בעמ,,,יח`,960,"מ""ל",false,1,17.30,1.80,true,1,
8690637971310,false,בדין אקסטרא יערת הדבש (960מל),יוניליוור ישראל שיווק בעמ,,,יח`,960,"מ""ל",false,1,17.30,1.80,true,1,
8690637976995,false,בדין אקסטרא ורוד במיחוח סחלבים  פראי( 96,יוניליוור ישראל שיווק בעמ,,,יח`,960,"מ""ל",false,1,17.30,1.80,true,1,
8690637989612,false,מאגדת מגנום דאבל דולצ`ה גולד,גלידות שטראוס בעמ,,,יח`,282,גרם,false,1,35.50,12.59,false,1,
8690758961009,false,אסותא צמרוני אוזנים כותנה לתינוקות,עיסא ערטול בעמ,,,יח`,1,,false,1,7.90,7.90,false,1,
8690758961023,false,אסותא פדים להסרת איפור שלישייה,עיסא ערטול בעמ,,,יח`,1,,false,1,16.90,16.90,false,1,
8690758961030,false,אסותא צמר גפן כדורי 100 יח,עיסא ערטול בעמ,,,יח`,1,,false,1,10.90,10.90,false,1,
8690758981021,false,אסותא צמרגפןמכותנה,עיסא ערטול בעמ,,,יח`,1,,false,1,4.90,4.90,false,1,
8690766156367,false,טבלת שוקולד חלב מעולה 90  גר`גודייבה,תה ויסוצקי (ישראל) בעמ,,,יח`,90,גרם,false,1,15.90,17.67,true,1,
8690766156374,false,שוקולד מריר מעולה 72%  גודייבה( 90 גר`),תה ויסוצקי (ישראל) בעמ,,,יח`,90,גרם,false,1,15.90,17.67,true,1,
8690766156381,false,שוקולד מריר מעולה 90% גודייבה (90 גר`),תה ויסוצקי (ישראל) בעמ,,,יח`,90,גרם,false,1,15.90,17.67,true,1,
8690766156404,false,שוקולד מריר בטעם תפוז אדום 90 גר`,תה ויסוצקי (ישראל) בעמ,,,יח`,90,גרם,false,1,15.90,17.67,true,1,
8690770322079,false,שמרים יבשים 450 גר` בדצ הנמל,הנמל אריזות ושיווק (1984) בעמ,,,יח`,450,גרם,false,1,13.20,2.93,true,1,
8690770322598,false,שמרים יבשים לאפיה הנמל (125 גרם),הנמל אריזות ושיווק (1984) בעמ,,,יח`,125,גרם,false,1,5.90,4.72,true,1,
8690777203012,false,פלפל ירוק כבוש לא חריף סרה (600 גרם),ג.וילי-פוד אינטרנשיונל בעמ,,,יח`,600,גרם,false,1,14.20,2.37,true,1,
8690777206051,false,חציל קלוי על האש סרה (650 גרם),ג.וילי-פוד אינטרנשיונל בעמ,,,יח`,650,גרם,false,1,14.20,2.18,true,1,
8690777221405,false,פלפל אדום קלוי על האש 650  גר`ויליפוד,ג.וילי-פוד אינטרנשיונל בעמ,,,יח`,650,גרם,false,1,14.20,2.18,true,1,
8691058141238,false,ערמונים שלמים קלויים וקלופים 100  גר`Ave,אבאל יזמות בעמ,,,יח`,100,גרם,false,1,5.50,5.50,true,1,
8691707036014,false,אוזמו שוקולד בצורת ביצה,מוחמד נעמה (1994) בעמ,,,יח`,1,,false,1,3.90,3.90,true,1,
8691707066035,false,אוזמו בורגר ביסקוויט סנדוויץ ממולא,מוחמד נעמה (1994) בעמ,,,יח`,1,,false,1,2.90,2.90,true,1,
8691707087962,false,אוזמו סוכריה שוקולד על מקל,מוחמד נעמה (1994) בעמ,,,יח`,1,,false,1,2.90,2.90,true,1,
8691707590042,false,אוזמו וופל בצורת טילון ממולא שוקולד (4יח,מוחמד נעמה (1994) בעמ,,,יח`,1,,false,1,6.90,6.90,true,1,
8693323099107,false,יוגטה מרשמלו לבבות 150 גר`,ליימן שליסל בעמ,,,יח`,150,גרם,false,1,9.90,6.60,false,1,
8693495034364,false,פלמוליב סבון מוצק אורכידאה שחורה רביעייה,פארמה דיל (פ.א.ב.) שיווק והפצה,,,יח`,1,,false,1,10.90,10.90,false,1,
8693495037853,false,קולגייט מברשת סלים סופט זוג,ש.שסטוביץ בעמ,,,יח`,1,,false,1,25.90,25.90,false,1,
8693495041461,false,קולגייט מברשת סלים סופט פחם זוג,ש.שסטוביץ בעמ,,,יח`,1,,false,1,25.90,25.90,false,1,
8693495053792,false,פלמוליב סבון מוצק זיתים רביעייה-יבוא מקב,פארמה דיל (פ.א.ב.) שיווק והפצה,,,יח`,1,,false,1,10.90,10.90,false,1,
8697040108982,false,אסותא סבון נוזלי נשי,עיסא ערטול בעמ,,,יח`,1,,false,1,21.40,21.40,false,1,
8697530910743,false,פאל מאל כחול,גלוברנדס בעמ - שיווק סיגריות,,,יח`,1,,false,1,30,30,true,1,
8697530910750,false,פאל מאל כחול 100 ארוך,גלוברנדס בעמ - שיווק סיגריות,,,יח`,1,,false,1,30,30,true,1,
8697826469092,false,טורטיה קטנה 540 גר` 12יח,דין שיווק וקליה 2021 בעמ,,,יח`,540,גרם,false,1,10.90,2.02,true,1,
8699141054595,false,אוזמו האפי ביסקוויט במילוי,מוחמד נעמה (1994) בעמ,,,יח`,1,,false,1,1.90,1.90,true,1,
8710428005762,false,סימילאק איזומיל טף,שקד תבל בעמ-סימילק,,,יח`,400,גרם,false,1,47.90,11.98,false,1,
8710447224342,false,טרזמה שמפו קרטין 400 מל,יוניליוור ישראל שיווק בעמ,,,יח`,400,"מ""ל",false,1,24.50,6.13,true,1,
8710502064814,false,עוגיות שוקולד צ`יפס רך מרבה (175 גרם),ש.שסטוביץ בעמ,,,יח`,175,גרם,false,1,10.90,6.23,true,1,
8710502139017,false,עוגיות טריפל שוקולד צ`יפס מרבה (180 גרם),ש.שסטוביץ בעמ,,,יח`,225,גרם,false,1,10.90,4.84,true,1,
8710502279010,false,עוגיות שוקולד צ`יפס מצופות שוקולד ( 175,ש.שסטוביץ בעמ,,,יח`,175,גרם,false,1,10.90,6.23,true,1,
8710502405204,false,מרבה עוגיותממולאות קרם שוקולד,ש.שסטוביץ בעמ,,,יח`,175,גרם,false,1,10.90,6.23,true,1,
8710800961310,false,מנטוס רביעיה,ליימן שליסל בעמ,,,יח`,150,גרם,false,1,14.90,9.93,false,1,
8710847962608,false,אקס בודי ספריי מוחיטו ירוק ועצי ארז 150,יוניליוור ישראל שיווק בעמ,,,יח`,150,"מ""ל",false,1,12.90,8.60,false,1,
8711000371206,false,קפסולות קפה אספרסו ריסטרטו ג`ייקבוס(עוצ,דיפלומט היינץ,,,יח`,1,,false,1,16.90,16.90,true,1,
8711000371244,false,קפסולות קפה אספרסו לונגו גייקבוס,דיפלומט היינץ,,,יח`,1,,false,1,16.90,16.90,true,1,
8711327475618,false,מגנום פיינט וניל קלאסיק,גלידות שטראוס בעמ,,,יח`,260,"מ""ל",false,1,19.90,7.65,false,1,
8711327475663,false,מגנום פיינט וניל שוקולד לבן,גלידות שטראוס בעמ,,,יח`,260,"מ""ל",false,1,19.90,7.65,false,1,
8711327475717,false,מגנום פיינט וניל שקדים,גלידות שטראוס בעמ,,,יח`,260,"מ""ל",false,1,19.90,7.65,false,1,
8712000051099,false,בירה היינקן 0.0% 330 מל שישייה,טמפו משקאות בעמ,,,יח`,1.98,1 ליטר,false,1,32.40,15.45,true,1,
8712400802512,false,תחליף חלב שלב 2 נוטרילון (800 גרם),דיפלומט היינץ,,,יח`,800,גרם,false,1,64.90,8.11,true,1,
8712400802536,false,תחליף חלב שלב 3 נוטרילון (800 גרם),דיפלומט היינץ,,,יח`,800,גרם,false,1,64.90,8.11,true,1,
8712561594608,false,תחליב רחצה להזנה עמוקה דאב (750 מל),יוניליוור ישראל שיווק בעמ,,,יח`,750,"מ""ל",false,1,18.90,2.52,true,1,
8712561611411,false,דאב תחליב רחצה ירוק ומלפפון 750 מל,יוניליוור ישראל שיווק בעמ,,,יח`,750,"מ""ל",false,1,18.90,2.52,true,1,
8712561626286,false,תחליב רחצה זוהר כמשי דאב (750 מל),יוניליוור ישראל שיווק בעמ,,,יח`,750,"מ""ל",false,1,18.90,2.52,true,1,
8712561631570,false,תחליב רחצה חלב קוקוס דאב (750 מל),יוניליוור ישראל שיווק בעמ,,,יח`,750,"מ""ל",false,1,18.90,2.52,true,1,
8714599104316,false,קפה שחור 200  גר`קלוי וטחון טורקי ג`ייקו,דיפלומט היינץ,,,יח`,200,גרם,false,1,15.90,7.95,false,1,
8714599410806,false,ג`ייקובס קרוננג מיובש בהקפאה 160  גר`שקי,דיפלומט היינץ,,,יח`,160,גרם,false,1,18.90,11.81,true,1,
8714599412336,false,ג`ייקובס בריסטה אמריקנו 160 גר`,דיפלומט היינץ,,,יח`,160,גרם,false,1,27.90,17.44,true,1,
8714599513781,false,ג`יקובס גולד 200  גר`מיובש בהקפאה,דיפלומט היינץ,,,יח`,200,גרם,false,1,24.90,12.45,false,1,
8714599513835,false,ג`יקובס נטול קופאין 200  גר`מיובש בהקפאה,דיפלומט היינץ,,,יח`,200,גרם,false,1,33.90,16.95,false,1,
8714599513866,false,קפה נמס קרוננג ג`יקובס 200 גר`,דיפלומט היינץ,,,יח`,200,גרם,false,1,24.90,12.45,false,1,
8714789183800,false,קולגייט מברשת שיניים 360 מדיום,פארמה דיל (פ.א.ב.) שיווק והפצה,,,יח`,1,,false,1,10.90,10.90,false,1,
8714789303925,false,קולגייט מברשת 360 סנסטיב זוג,ש.שסטוביץ בעמ,,,יח`,1,,false,1,25.90,25.90,false,1,
8714789394534,false,משחת שיניים קולגייט הגנה מפני  עששת- יבו,איינשטיין-צור יבוא-יצוא וסחר ב,,,יח`,100,גרם,false,1,9.90,9.90,false,1,
8714789450315,false,פלמוליב כלים שקוף לימון 1.5 ליטר,ש.שסטוביץ בעמ,,,יח`,1.50,1 ליטר,false,1,16.90,11.27,false,1,
8714789529561,false,קולגייט סנסיטיב פרו ריליף + הלבנה 75 מל,ש.שסטוביץ בעמ,,,יח`,75,גרם,false,1,23.90,31.87,false,1,
8714789699110,false,פלמוליב סבון מוצק חלב שקדים רביעייה-יבוא,פארמה דיל (פ.א.ב.) שיווק והפצה,,,יח`,1,,false,1,10.90,10.90,false,1,
8714789797786,false,פלמוליב כלים שקוף גרםיס בלסטר 750,ש.שסטוביץ בעמ,,,יח`,750,"מ""ל",false,1,13.90,1.85,true,1,
8714789930848,false,קולגייט משחת אופטיק וייט הלבנה מיידית 75,איינשטיין-צור יבוא-יצוא וסחר ב,,,יח`,75,גרם,false,1,14.90,19.87,false,1,
8715700110141,false,מיונז צנצנת 460  גר`היינץ,דיפלומט היינץ,,,יח`,460,גרם,false,1,12.90,2.80,true,1,
8715700110158,false,מיונז לייט צנצנת 490  גר`היינץ,דיפלומט היינץ,,,יח`,490,גרם,false,1,12.90,2.63,true,1,
8715700115344,false,מתבל עגבניות 460  גר`כשלפ קט,דיפלומט היינץ,,,יח`,460,גרם,false,1,7.50,1.63,false,1,
8715700117805,false,מתבל עגבניות ללתס ומלח 400 מל היינץ,דיפלומט היינץ,,,יח`,400,גרם,false,1,12.90,3.23,true,1,
8715700120867,false,היינץ קטשופ 460 גר`,דיפלומט היינץ,,,יח`,460,גרם,false,1,8.90,1.93,false,1,
8715700120874,false,קטשופ שום 460 גר` היינץ,דיפלומט היינץ,,,יח`,460,גרם,false,1,12.90,2.80,true,1,
8715700419732,false,מתבל עגבניות היינץ (700 גרם),דיפלומט היינץ,,,יח`,700,גרם,false,1,13.20,1.89,true,1,
8715700423906,false,היינץ מתבל עגבניות 555 גר,דיפלומט היינץ,,,יח`,555,גרם,false,1,13.20,2.38,true,1,
8717163714850,false,דאודורנט ספריי קוקוס  ויסמין( 150  מל),יוניליוור ישראל שיווק בעמ,,,יח`,150,"מ""ל",false,1,16.30,10.87,true,1,
8717677336616,false,שוקולד מריר 70% עם שקדים ומלח טוניס שוקו,ליימן שליסל בעמ,,,יח`,180,גרם,false,1,20.90,11.61,false,1,
8718951001596,false,ספריי אמבטיות אג`קס (600 מל)-יבוא מקביל,בית הצעצוע בעמ,,,יח`,1,,false,1,9.90,9.90,false,1,
8718951001602,false,ספריי רב פעולות אג`קס (600 מל)-יבוא מקב,בית הצעצוע בעמ,,,יח`,1,,false,1,9.90,9.90,false,1,
8718951030206,false,משחת שיניים סנסטיב מולטי פרוטקשן קולגייט,ש.שסטוביץ בעמ,,,יח`,75,גרם,false,1,16.30,21.73,true,1,
8718951048461,false,אג`קס חלונות 750 מל יבוא מקביל טריפל א,אופאל יאצא בעמ,,,יח`,750,"מ""ל",false,1,11.90,1.59,true,1,
8718951079205,false,קולגייט סנסיטיב פרו רליף רפיר אנד פריוונ,ש.שסטוביץ בעמ,,,יח`,75,"מ""ל",false,1,21.40,28.53,false,1,
8718951093331,false,מרידול מברשת שיניים אקסטרה סופט זוג,ש.שסטוביץ בעמ,,,יח`,1,,false,1,30.90,30.90,false,1,
8718951159402,false,קולגייט אופטיק הלבנה מתקדמת 75 מל,איינשטיין-צור יבוא-יצוא וסחר ב,,,יח`,75,"מ""ל",false,1,14.90,19.87,false,1,
8718951159808,false,קולגייט מברשת 360 שלישייה,ש.שסטוביץ בעמ,,,יח`,1,,false,1,24.90,24.90,false,1,
8718951167094,false,פלמוליב צילינדר תפוז וליים 1 ליטר,ש.שסטוביץ בעמ,,,יח`,1000,"מ""ל",false,1,15.20,1.52,false,1,
8718951175280,false,קולגייט משחת שיניים,ש.שסטוביץ בעמ,,,יח`,75,"מ""ל",false,1,21.90,29.20,true,1,
8718951226807,false,קולגייט משחת שיניים טוטל להלבנה 75 מל,איינשטיין-צור יבוא-יצוא וסחר ב,,,יח`,75,"מ""ל",false,1,12.90,17.20,false,1,
8718951231504,false,מברשת שיניים קולגייט ילדים טרול עם בטריי,פארמה דיל (פ.א.ב.) שיווק והפצה,,,יח`,1,,false,1,25.90,25.90,false,1,
8718951236783,false,קולגייט משחת שיניים טוטל פרש סטריפ 100 מ,איינשטיין-צור יבוא-יצוא וסחר ב,,,יח`,100,"מ""ל",false,1,13.90,13.90,false,1,
8718951236790,false,קולגייט טוטאל משחת שיניים קלין מינט לפה,ש.שסטוביץ בעמ,,,יח`,100,"מ""ל",false,1,17.90,17.90,true,1,
8718951236806,false,קולגייט טוטאל משחת שיניים המסייעת בהסרת,ש.שסטוביץ בעמ,,,יח`,100,"מ""ל",false,1,17.90,17.90,true,1,
8718951236813,false,קולגייט טוטאל משחת שיניים ניקוי מתקדם לפ,ש.שסטוביץ בעמ,,,יח`,100,"מ""ל",false,1,17.90,17.90,true,1,
8718951253827,false,קולגייט משחת שיניים אופטיק פחם 75 מל,איינשטיין-צור יבוא-יצוא וסחר ב,,,יח`,75,"מ""ל",false,1,14.90,19.87,true,1,
8718951254527,false,קולגייט סנסיטיב פרו ריליף 75 מל,ש.שסטוביץ בעמ,,,יח`,75,גרם,false,1,23.90,31.87,false,1,
8718951264618,false,קולגיט אופטיק וויט עם פחם פעיל 75 מל,איינשטיין-צור יבוא-יצוא וסחר ב,,,יח`,75,"מ""ל",false,1,14.90,19.87,false,1,
8718951286733,false,קולגיט אופטיק וויט לסטינג 75 מל,ש.שסטוביץ בעמ,,,יח`,75,"מ""ל",false,1,30.90,41.20,false,1,
8718951312722,false,קולגייט מקס פרש ווייט קריסטל,איינשטיין-צור יבוא-יצוא וסחר ב,,,יח`,100,"מ""ל",false,1,14.90,14.90,false,1,
8718951315303,false,משחת שיניים להגנה מפני עששת 100*2 קולגיי,ש.שסטוביץ בעמ,,,יח`,200,גרם,false,1,20.90,10.45,false,1,
8718951382787,false,קולגיט אופטיק וויט חימר ומינרלים 75 מל,ש.שסטוביץ בעמ,,,יח`,75,"מ""ל",false,1,30.90,41.20,false,1,
8718951385290,false,אג`קס ניקוי כללי עוצמת ב-7 כחול 2 ליטר,ש.שסטוביץ בעמ,,,יח`,2,1 ליטר,false,1,23.90,11.95,false,1,
8718951466371,false,מרידול משחת לחניכיים רגישות 75 מל,ש.שסטוביץ בעמ,,,יח`,75,גרם,false,1,20.90,27.87,false,1,
8718951470538,false,קולגייט משחת שיניים מקס פרש 2*125 מל,ש.שסטוביץ בעמ,,,יח`,250,"מ""ל",false,1,30.90,12.36,false,1,
8718951477384,false,קולגייט טוטאל משחת שיניים ג`ל 75 מל,ש.שסטוביץ בעמ,,,יח`,1,,false,1,20.90,20.90,false,1,
8718951509627,false,קולגיט אופטיק וויט לאוהבי קפה 75 מל,ש.שסטוביץ בעמ,,,יח`,75,"מ""ל",false,1,30.90,41.20,false,1,
8719128117249,false,סירופ פפסי מקס 440 מל,סודהסטרים ישראל בעמ,,,יח`,440,"מ""ל",false,1,23.90,5.43,true,1,
8719200215092,false,ויובלוק תחליף חמאה 250 גר`,דיפלומט היינץ,,,יח`,250,גרם,false,1,14.90,5.96,false,1,
8719200997998,false,בלו בנד לבישול וטיגון 200 גר`,דיפלומט היינץ,,,יח`,200,גרם,false,1,4.60,2.30,false,1,
8719200998001,false,בלו בנד בלי מלח 250 גר`,דיפלומט היינץ,,,יח`,200,גרם,false,1,4.60,2.30,false,1,
8719200998018,false,מרגרינה מחמאה בטעם חמאה 200  גר`בלובנד,דיפלומט היינץ,,,יח`,200,גרם,false,1,4.90,2.45,false,1,
8719200998049,false,מרגרינה למריחה בטעם טבעי (250  גרם)מזולה,דיפלומט היינץ,,,יח`,250,גרם,false,1,11.20,4.48,false,1,
8719200998094,false,מזולה אפייה ללא מלח 200 גר,דיפלומט היינץ,,,יח`,200,גרם,false,1,7.10,3.55,false,1,
8719200998100,false,מרגרינה לאפייה בטעם חמאה מזולה (200 גרם),דיפלומט היינץ,,,יח`,200,גרם,false,1,7.10,3.55,false,1,
8720181043093,false,דאו אקס ספריי גוף אפלו 150 מל,יוניליוור ישראל שיווק בעמ,,,יח`,150,"מ""ל",false,1,10.90,7.27,true,1,
8720181046605,false,דאודורנט ספריי אורגינל (150  מל)דאב,יוניליוור ישראל שיווק בעמ,,,יח`,150,"מ""ל",false,1,16.50,11,false,1,
8720181114458,false,אקס דאו ספריי לאישה 150 מל(יבוא  מקביל,איינשטיין-צור יבוא-יצוא וסחר ב,,,יח`,150,"מ""ל",false,1,10.90,7.27,true,1,
8720181114465,false,אקס דאו ספריי לגבר 150 מל(יבוא  מקביל),איינשטיין-צור יבוא-יצוא וסחר ב,,,יח`,150,"מ""ל",false,1,10.90,7.27,true,1,
8801055707966,false,קפה טייסטרס צ`ויס בריסטה נסקפה (180 גרם),קבוצת אסם סחר שות. מוגבלת,,,יח`,180,גרם,false,1,32.90,18.28,false,1,
8801055709427,false,נסקפה טייסטרס צ`ויס אלטה ריקה 100 גרם,קבוצת אסם סחר שות. מוגבלת,,,יח`,100,גרם,false,1,24.90,24.90,true,1,
8801055709434,false,נסקפה טייסטרס צ`ויס קולומביה 100 גרם,קבוצת אסם סחר שות. מוגבלת,,,יח`,100,גרם,false,1,24.90,24.90,true,1,
8801055709472,false,נס קפה קפוצ`ינו קלאסיק 125 גר`,קבוצת אסם סחר שות. מוגבלת,,,יח`,125,גרם,false,1,19.90,15.92,false,1,
8802241131664,false,חטיף אצות ים קלויות 9 יח עם מלח,טחנת האבן קואופ בעמ,,,יח`,40.50,גרם,false,1,31.90,78.77,false,1,
8850389105825,false,משקה אלוורה ענבים סאפה (1 ליטר),טמפו משקאות בעמ,,,יח`,1,1 ליטר,false,1,14.90,14.90,false,1,
8850389105832,false,משקה אלוורה תפוחים סאפה (1 ליטר),טמפו משקאות בעמ,,,יח`,1,1 ליטר,false,1,14.90,14.90,false,1,
8850632604372,false,חמצוצים שטיח בטעם תות שדה יוגטה (50 גרם),ליימן שליסל בעמ,,,יח`,50,גרם,false,1,4,8,false,1,
8850632605201,false,יוגטה חמצוצים 50 גר`,ליימן שליסל בעמ,,,יח`,50,גרם,false,1,4,8,false,1,
8850632606390,false,חיספוסים מקלות בטעם אבטיח יוגטה (50 גרם),ליימן שליסל בעמ,,,יח`,50,גרם,false,1,4,8,false,1,
8851613101378,false,חלב קוקוס 250 מל Aroy D,גורי מוצרי צריכה (1991) בעמ,,,יח`,250,"מ""ל",false,1,10.90,4.36,false,1,
8888021200256,false,סוללות אנרג ייזר-שמיניה,דנשר (1963) בעמ,,,יח`,1,,false,1,26.90,26.90,false,1,
8888021200720,false,סוללות אנרג ייזר-שמיניה,דנשר (1963) בעמ,,,יח`,1,,false,1,26.90,26.90,false,1,
8901314118240,false,מברשת שיניים קולגייט 360,פארמה דיל (פ.א.ב.) שיווק והפצה,,,יח`,1,,false,1,10.90,10.90,false,1,
8901314308436,false,מברשת שיניים קולגייט זיג זג מדיום שישייה,פארמה דיל (פ.א.ב.) שיווק והפצה,,,יח`,1,,false,1,13.90,13.90,false,1,
8901314308443,false,מברשת שיניים קולגייט זיג זג סופט שישייה,פארמה דיל (פ.א.ב.) שיווק והפצה,,,יח`,1,,false,1,13.90,13.90,false,1,
8901314517463,false,מברשת שיניים קולגייט 360 רביעייה,פארמה דיל (פ.א.ב.) שיווק והפצה,,,יח`,1,,false,1,20.90,20.90,false,1,
8901537024014,false,אורז בסמטי דאווט וילי פוד (1 קג),ג.וילי-פוד אינטרנשיונל בעמ,,,יח`,1,"ק""ג",false,1,11.90,11.90,false,1,
8901537076679,false,אורז בסמטי חום מלא 1  קג`DAAWAT וילי פוד,ג.וילי-פוד אינטרנשיונל בעמ,,,יח`,1,"ק""ג",false,1,11.90,11.90,false,1,
8936018435263,false,דג אופירית מלוח מיובש 100 גר`,דילר בי.אמ.די פורמולה בעמ,,,יח`,100,גרם,false,1,14.90,14.90,false,1,
9000101372878,false,דיסקס לכביסה לבנה וצבעונית 22 יח פרסיל,גורי שיווק בעמ,,,יח`,1,,false,1,34.90,34.90,false,1,
9000101418163,false,ברף סבון אסלה מוצק בניחוח תפוח ירוק-נופר,גורי שיווק בעמ,,,יח`,1,,false,1,20.90,20.90,true,1,
9000101537550,false,פרסיל פאוור קאפס יוניברסל,גורי שיווק בעמ,,,יח`,1,,false,1,60.90,60.90,true,1,
9120097310545,false,חטיף מיני מיניונים מצונן 102.5 גר`,ג.וילי-פוד אינטרנשיונל **גבינו,,,יח`,102.50,גרם,false,1,15.90,15.51,false,1,
9310072028743,false,חטיף שוקולד אורגינל טים טם (200 גרם),משה סידס ובנו בעמ,,,יח`,200,גרם,false,1,22.40,11.20,true,1,
9322969000015,false,פריכיות תירס 150 גר`,דנשר (1963) בעמ,,,יח`,150,גרם,false,1,15.50,10.33,false,1,
9720188050109,false,גבינת טופו בטעמים צוריאל,החב` המרכזית - טרה,,,יח`,227,גרם,false,1,21.90,9.65,false,1,
9720188060108,false,שמנת טופו צוריאל,החב` המרכזית - טרה,,,יח`,340,גרם,false,1,21.90,6.44,false,1,
