code,internal_code,name,manufacturer_name,manufacture_country,manufacturer_item_description,unit_qty,quantity,unit_of_measure,weighted,qty_in_package,price,unit_of_measure_price,allow_discount,status,item_id
102,true,100 יח* סינרים,,,100 יח* סינרים,אין,0.00,יחידה,false,,29.90,0.0000,true,1,17598
161,true,קישוא עגול,,,קישוא עגול,קילוגרמים,1.00,"ק""ג",true,,12.90,12.9000,true,1,32205
374,true,פטריות שמפניון,,,פטריות שמפניון,יח',1.00,יח',false,,8.90,8.9000,true,1,32207
1058,true,חלה רגילה/חלה ציפורי,,,חלה רגילה/חלה ציפורי,גרמים,500.00,100 גרם,false,,5.17,0.0103,true,1,7560
1091,true,צנונית בייבי,,,צנונית בייבי,גרמים,400.00,100 גרם,false,,5.90,0.0148,true,1,22731
1215,true,לחמנית קשר/חתונה 75,,,לחמנית קשר/חתונה 75,גרמים,75.00,100 גרם,false,,2.00,0.0267,true,1,7566
1476,true,לימון סיני,,,לימון סיני,קילוגרמים,1.00,"ק""ג",true,,12.90,12.9000,true,1,32217
1501,true,עגבניות,,,עגבניות,קילוגרמים,1.00,"ק""ג",true,,6.90,6.9000,true,1,32233
1502,true,מלפפונים,,,מלפפונים,קילוגרמים,1.00,"ק""ג",true,,5.90,5.9000,true,1,32234
1503,true,גזר ארוז,,,גזר ארוז,קילוגרמים,1.00,"ק""ג",true,,3.90,3.9000,true,1,32235
1504,true,סלק,,,סלק,קילוגרמים,1.00,"ק""ג",true,,3.90,3.9000,true,1,32236
1505,true,כרוב לבן,,,כרוב לבן,קילוגרמים,1.00,"ק""ג",true,,3.90,3.9000,true,1,32237
1506,true,כרוב אדום,,,כרוב אדום,קילוגרמים,1.00,"ק""ג",true,,5.90,5.9000,true,1,32238
1507,true,כרובית,,,כרובית,קילוגרמים,1.00,"ק""ג",true,,8.90,8.9000,true,1,32239
1510,true,קישואים,,,קישואים,קילוגרמים,1.00,"ק""ג",true,,7.90,7.9000,true,1,32242
1511,true,חצילים,,,חצילים,קילוגרמים,1.00,"ק""ג",true,,5.90,5.9000,true,1,32243
1513,true,פלפל ירוק,,,פלפל ירוק,קילוגרמים,1.00,"ק""ג",true,,8.90,8.9000,true,1,32244
1515,true,פלפל חריף,,,פלפל חריף,קילוגרמים,1.00,"ק""ג",true,,8.90,8.9000,true,1,32246
1516,true,פלפל אדום,,,פלפל אדום,קילוגרמים,1.00,"ק""ג",true,,8.90,8.9000,true,1,32247
1519,true,בצל יבש,,,בצל יבש,קילוגרמים,1.00,"ק""ג",true,,4.90,4.9000,true,1,32250
1521,true,קולורבי,,,קולורבי,קילוגרמים,1.00,"ק""ג",true,,7.90,7.9000,true,1,32251
1535,true,תפו`א אדום ארוז,,,תפו`א אדום ארוז,קילוגרמים,1.00,"ק""ג",true,,4.90,4.9000,true,1,32259
1542,true,ערמונים,,,ערמונים,קילוגרמים,1.00,"ק""ג",true,,16.90,16.9000,true,1,32263
1545,true,שום ארוז ייבוא יח',,,שום ארוז ייבוא יח',יח',1.00,יח',false,,4.90,4.9000,true,1,32266
1547,true,שומר,,,שומר,קילוגרמים,1.00,"ק""ג",true,,5.90,5.9000,true,1,32268
1550,true,תפו`א לבן ארוז,,,תפו`א לבן ארוז,קילוגרמים,1.00,"ק""ג",true,,3.90,3.9000,true,1,32269
1551,true,לימון,,,לימון,קילוגרמים,1.00,"ק""ג",true,,6.90,6.9000,true,1,32270
1552,true,תפוז,,,תפוז,קילוגרמים,1.00,"ק""ג",true,,5.90,5.9000,true,1,32271
1553,true,ענב לבן,,,ענב לבן,קילוגרמים,1.00,"ק""ג",true,,28.90,28.9000,true,1,32272
1555,true,תפוז ארוז,,,תפוז ארוז,קילוגרמים,1.00,"ק""ג",true,,4.90,4.9000,true,1,32273
1556,true,בננה מובחרת,,,בננה מובחרת,קילוגרמים,1.00,"ק""ג",true,,6.90,6.9000,true,1,32274
1560,true,דלעת ארוזה,,,דלעת ארוזה,קילוגרמים,1.00,"ק""ג",true,,9.90,9.9000,true,1,32277
1561,true,תפוח עץ זהוב,,,תפוח עץ זהוב,קילוגרמים,1.00,"ק""ג",true,,9.90,9.9000,true,1,32278
1564,true,תפוח עץ סמיט,,,תפוח עץ סמיט,קילוגרמים,1.00,"ק""ג",true,,9.90,9.9000,true,1,32281
1570,true,קלמנטינה,,,קלמנטינה,קילוגרמים,1.00,"ק""ג",true,,5.90,5.9000,true,1,32285
1572,true,אבוקדו מובחר,,,אבוקדו מובחר,קילוגרמים,1.00,"ק""ג",true,,8.90,8.9000,true,1,32287
1573,true,מנגו,,,מנגו,קילוגרמים,1.00,"ק""ג",true,,11.90,11.9000,true,1,32288
1574,true,בטטה מתוקה,,,בטטה מתוקה,קילוגרמים,1.00,"ק""ג",true,,8.90,8.9000,true,1,32289
1576,true,אגס,,,אגס,קילוגרמים,1.00,"ק""ג",true,,11.90,11.9000,true,1,32290
1581,true,פלפל צהוב,,,פלפל צהוב,קילוגרמים,1.00,"ק""ג",true,,8.90,8.9000,true,1,32293
1588,true,תירס ארוז,,,תירס ארוז,קילוגרמים,1.00,"ק""ג",true,,9.90,9.9000,true,1,32298
1604,true,אפרסמון,,,אפרסמון,קילוגרמים,1.00,"ק""ג",true,,9.90,9.9000,true,1,32307
1606,true,אנונה,,,אנונה,קילוגרמים,1.00,"ק""ג",true,,19.90,19.9000,true,1,32309
1613,true,דלורית,,,דלורית,קילוגרמים,1.00,"ק""ג",true,,5.90,5.9000,true,1,32313
1615,true,בצל אדום,,,בצל אדום,קילוגרמים,1.00,"ק""ג",true,,6.90,6.9000,true,1,32315
1618,true,אפרסמון קרמבו,,,אפרסמון קרמבו,קילוגרמים,1.00,"ק""ג",true,,15.90,15.9000,true,1,32317
1619,true,פומלית,,,פומלית,קילוגרמים,1.00,"ק""ג",true,,5.90,5.9000,true,1,32318
1859,true,שיבה ליח',,,שיבה ליח',יח',1.00,יח',false,,4.90,4.9000,true,1,22738
1883,true,שום יבש תפזורת,,,שום יבש תפזורת,קילוגרמים,1.00,"ק""ג",true,,22.90,22.9000,true,1,32363
9999,true,פיקדון בקבוקים,,,פיקדון בקבוקים,אין,0.00,יחידה,false,,0.30,0.0000,true,1,3959
5678585,true,ענב סקרלוטה,,,ענב סקרלוטה,קילוגרמים,1.00,"ק""ג",true,,21.90,21.9000,true,1,32405
40111216,false,חטיף שוקולד באונטי 5,,,חטיף שוקולד באונטי 5,גרמים,57.00,100 גרם,false,,3.90,0.0684,true,1,14406
42246640,false,דאודורנט רול און פאו,,,דאודורנט רול און פאו,מיליליטרים,50.00,"100 מ""ל",false,,13.90,0.2780,true,1,116122
72940761,false,מילקי שוקולד מהדרין,,,מילקי שוקולד מהדרין,מיליליטרים,170.00,"100 מ""ל",false,,2.90,0.0171,true,1,15899
72941041,false,מיני מילקי שוקולד 70,,,מיני מילקי שוקולד 70,מיליליטרים,70.00,"100 מ""ל",false,,2.50,0.0357,true,1,15903
72986455,false,גלידת פיינטים ניו-יו,,,גלידת פיינטים ניו-יו,מיליליטרים,420.00,"100 מ""ל",false,,19.90,0.0474,true,1,12031
80001461,false,'חטיף גרדנה שוקולד 3,,,'חטיף גרדנה שוקולד 3,גרמים,38.00,100 גרם,false,,3.50,0.0921,true,1,11170
80176800,false,ממרח שוקולד נוטלה 75,,,ממרח שוקולד נוטלה 75,גרמים,750.00,100 גרם,false,,25.90,0.0345,true,1,25613
80773429,false,מסטיק מנטוס בקבוק בט,,,מסטיק מנטוס בקבוק בט,גרמים,60.00,100 גרם,false,,10.90,0.1817,true,1,11180
80773443,false,מסטיק מנטוס בקבוק בט,,,מסטיק מנטוס בקבוק בט,גרמים,60.00,100 גרם,false,,10.90,0.1817,true,1,11181
198888886,false,עיגול אגורות,,,עיגול אגורות,אין,0.00,יחידה,false,,1.00,0.0000,true,1,28832
8421361250,false,בובות TY עיניים גדול,,,בובות TY עיניים גדול,אין,0.00,יחידה,false,,28.90,0.0000,true,1,3049
9800800056,false,ממרח נוטלה & GO,,,ממרח נוטלה & GO,גרמים,52.00,100 גרם,false,,4.90,0.0942,true,1,25624
25700005674,false,זיפלוק שקיות איחסון,,,זיפלוק שקיות איחסון,גרמים,179.00,100 גרם,false,,15.90,0.0888,true,1,7936
37600207188,false,סקיפי חמאת בוטנים קל,,,סקיפי חמאת בוטנים קל,גרמים,462.00,100 גרם,false,,17.90,0.0387,true,1,7862
64144090020,false,תרסיס שמן זית פאם 14,,,תרסיס שמן זית פאם 14,גרמים,148.00,100 גרם,false,,17.90,0.1209,true,1,4174
64144090051,false,תרסיס שמן קנולה פאם,,,תרסיס שמן קנולה פאם,מיליליטרים,148.00,"100 מ""ל",false,,17.90,0.1209,true,1,4175
77975094631,false,סניידרס בייגלה סנדוו,,,סניידרס בייגלה סנדוו,גרמים,266.00,100 גרם,false,,15.90,0.0598,true,1,36261
77975094778,false,סניידרס שברי בייגלה,,,סניידרס שברי בייגלה,גרמים,340.00,100 גרם,false,,15.90,0.0468,true,1,65824
611745285685,true,אבוקדו בשל יח,,,אבוקדו בשל יח,גרמים,470.00,100 גרם,false,,8.90,0.0189,true,1,30847
835811006497,false,אבקת סוכר 500 גר,,,אבקת סוכר 500 גר,גרמים,500.00,100 גרם,false,,8.90,0.0178,true,1,9159
835811007234,false,אפונה יבשה הנמל 500,,,אפונה יבשה הנמל 500,גרמים,500.00,100 גרם,false,,4.90,0.0098,true,1,80742
835811009016,false,כוסות קרטון 50 יח 4O,,,כוסות קרטון 50 יח 4O,אין,0.00,יחידה,false,,7.90,0.0000,true,1,9183
835811009207,false,מרקיות אלגנט עגולות,,,מרקיות אלגנט עגולות,אין,0.00,יחידה,false,,39.90,0.0000,true,1,9194
856591000109,false,עבדי עוגיות מזרחיות,,,עבדי עוגיות מזרחיות,גרמים,400.00,100 גרם,false,,16.90,0.0422,true,1,16496
877300004560,false,פפריקה חריפה 80 גרם,,,פפריקה חריפה 80 גרם,גרמים,80.00,100 גרם,false,,5.90,0.0738,true,1,22354
3245412211393,false,שוקולד חלב מעולה קרפ,,FR,שוקולד חלב מעולה קרפ,גרמים,300.00,100 גרם,false,,7.90,0.0263,true,1,158562
3387390320244,false,פיטנס פירות דגני עם,,,פיטנס פירות דגני עם,גרמים,375.00,100 גרם,false,,19.90,0.0531,true,1,1537
3560070701407,false,שוקולד מריר מעולה עם,,FR,שוקולד מריר מעולה עם,גרמים,100.00,100 גרם,false,,5.90,0.0590,true,1,158430
3560070720859,false,שוקולד מריר מעולה 72,,FR,שוקולד מריר מעולה 72,גרמים,80.00,100 גרם,false,,4.90,0.0613,true,1,158415
4000417101211,false,גלילי וופל עם קרם אג,,,גלילי וופל עם קרם אג,גרמים,150.00,100 גרם,false,,17.90,0.1193,true,1,123604
4009900420129,false,אורביט פרופשייונל פפ,,,אורביט פרופשייונל פפ,גרמים,64.00,100 גרם,false,,10.50,0.1641,true,1,14440
4009900482417,false,אורביט באבל מינט בקב,,,אורביט באבל מינט בקב,גרמים,64.00,100 גרם,false,,10.50,0.1641,true,1,14447
4009900483803,false,אירוויבז בקבוק M מנט,,,אירוויבז בקבוק M מנט,גרמים,84.00,100 גרם,false,,12.50,0.1488,true,1,14448
4009900484091,false,אורביט פרופשיונל ספי,,,אורביט פרופשיונל ספי,גרמים,84.00,100 גרם,false,,12.50,0.1488,true,1,14450
4009900509770,false,אורביט באריזת בקבוק,,,אורביט באריזת בקבוק,אין,0.00,יחידה,false,,12.50,0.0000,true,1,14461
4009900531122,false,אורביט פרופשייונל ספ,,,אורביט פרופשייונל ספ,גרמים,64.00,100 גרם,false,,10.50,0.1641,true,1,14471
4009900536257,false,מסטיק אורביט רפרשרס,,,מסטיק אורביט רפרשרס,גרמים,67.00,100 גרם,false,,11.90,0.1776,true,1,14478
4009900539340,false,סוכריות סקיטלס ענקיו,,,סוכריות סקיטלס ענקיו,גרמים,141.00,100 גרם,false,,7.90,0.0560,true,1,121507
4009900539401,false,מסטיק בטעם מנטה פייב,,,מסטיק בטעם מנטה פייב,גרמים,14.40,100 גרם,false,,3.90,0.2708,true,1,128609
4009900539432,false,מסטיק בטעם אבטיח פיי,,,מסטיק בטעם אבטיח פיי,גרמים,14.40,100 גרם,false,,3.90,0.2708,true,1,153149
4011800632519,false,חטיף דגנים עם שוקולד,,,חטיף דגנים עם שוקולד,גרמים,150.00,100 גרם,false,,11.90,0.0793,true,1,4216
4014400910063,false,סוכריות חמאה וורטר 1,,,סוכריות חמאה וורטר 1,גרמים,135.00,100 גרם,false,,8.90,0.0659,true,1,11251
4014400923711,false,טופיפי בונבונירה שוק,,,טופיפי בונבונירה שוק,גרמים,125.00,100 גרם,false,,11.90,0.0952,true,1,11256
4014400925319,false,חטיף פופקורן בציפוי,,,חטיף פופקורן בציפוי,גרמים,140.00,100 גרם,false,,14.90,0.1064,true,1,23496
4022025261002,false,יין בלו נאן בלו וויי,,,יין בלו נאן בלו וויי,מיליליטרים,750.00,"100 מ""ל",false,,49.90,0.0665,true,1,25718
4033100014499,false,אל.די בלו,,,אל.די בלו,אין,0.00,יחידה,false,,27.00,0.0000,false,1,7374
4600659010854,false,וודקה סטוליצ'ניה 700,,,וודקה סטוליצ'ניה 700,מיליליטרים,700.00,"100 מ""ל",false,,60.90,0.0870,true,1,9041
4710068001692,false,מאסטר קפה לאטה פחית,,,מאסטר קפה לאטה פחית,מיליליטרים,240.00,"100 מ""ל",false,,6.40,0.0267,true,1,871
4710068001715,false,מאסטר קפה טירמיסו 24,,,מאסטר קפה טירמיסו 24,מיליליטרים,240.00,"100 מ""ל",false,,6.40,0.0267,true,1,872
4796019790020,false,גרין קוקו - שמן קוקו,,,גרין קוקו - שמן קוקו,מיליליטרים,500.00,"100 מ""ל",false,,25.90,0.0518,true,1,32652
5000054353300,false,פריסקיז פטה סלומון 2,,,פריסקיז פטה סלומון 2,גרמים,156.00,100 גרם,false,,6.50,0.0417,true,1,192837
5000159442572,false,טוויקס מיני 403 גרם,,,טוויקס מיני 403 גרם,גרמים,403.00,100 גרם,false,,19.90,0.0494,true,1,4285
5000159461122,false,חטיף סניקרס שוקולד 5,,,חטיף סניקרס שוקולד 5,גרמים,50.00,100 גרם,false,,3.90,0.0780,true,1,14491
5000267024233,false,ג'וני ווקר בלאק לייב,,,ג'וני ווקר בלאק לייב,מיליליטרים,700.00,"100 מ""ל",false,,120.90,0.1727,true,1,31160
5000396037548,false,מקוויטיס מצופה שוקול,,,מקוויטיס מצופה שוקול,גרמים,200.00,100 גרם,false,,10.90,0.0545,true,1,16504
5029053002408,false,נייר טואלט קליניקס ל,,,נייר טואלט קליניקס ל,מטרים,275.00,מטר,false,,29.90,0.1087,true,1,9499
5029053002439,false,נייר טואלט קליניקס צ,,,נייר טואלט קליניקס צ,מטרים,243.00,מטר,false,,29.90,0.1230,true,1,9500
5410126006087,false,לוטוס עוגיות קרמל 70,,,לוטוס עוגיות קרמל 70,גרמים,700.00,100 גרם,false,,24.90,0.0356,true,1,5419
5410126716016,false,ביסקוויט בטעם קרמל ל,,,ביסקוויט בטעם קרמל ל,גרמים,250.00,100 גרם,false,,11.90,0.0476,true,1,7882
5900020026552,false,האני נאט ציריוס נסטל,,,האני נאט ציריוס נסטל,גרמים,625.00,100 גרם,false,,24.90,0.0398,true,1,1555
5900020034021,false,פיטנס חטיף דגנים שוק,,,פיטנס חטיף דגנים שוק,גרמים,141.00,100 גרם,false,,16.90,0.1199,true,1,1561
5900627066715,false,פיניש 100 טבליות AIO,,,פיניש 100 טבליות AIO,אין,0.00,יחידה,false,,59.90,0.0000,true,1,187
5901414200411,false,היט מיניס קרם קקאו 1,,,היט מיניס קרם קקאו 1,גרמים,130.00,100 גרם,false,,6.30,0.0485,true,1,25904
5902198160403,false,אקס אל משקה אנרגיה ט,,,אקס אל משקה אנרגיה ט,מיליליטרים,250.00,"100 מ""ל",false,,4.50,0.0180,true,1,3998
5902768865677,true,עוגיות שוקולד צ'יפס,,,עוגיות שוקולד צ'יפס,גרמים,150.00,100 גרם,false,,5.90,0.0393,true,1,31534
5904941751302,false,בלו משקה אנרגיה 250,,,בלו משקה אנרגיה 250,מיליליטרים,250.00,"100 מ""ל",false,,4.50,0.0180,true,1,6455
5906485301012,false,אקס אל משקה אנרגיה 2,,,אקס אל משקה אנרגיה 2,מיליליטרים,250.00,"100 מ""ל",false,,4.50,0.0180,true,1,3999
7290000000104,false,סנדוויץ'  עובד,,,סנדוויץ'  עובד,אין,0.00,יחידה,false,,5.00,0.0000,true,1,22027
7290000001056,false,לחם אחיד 750 גרם,,,לחם אחיד 750 גרם,גרמים,750.00,100 גרם,false,,4.90,0.0065,true,1,7574
7290000001104,false,פטריות  חורש  ארוז,,,פטריות  חורש  ארוז,יח',1.00,יח',false,,9.90,9.9000,true,1,27397
7290000004444,false,שקיות גופיה  20 מקרו,,,שקיות גופיה  20 מקרו,אין,0.00,יחידה,false,,0.10,0.0000,true,1,168351
7290000024523,false,תירוש של סגל 1 ליטר,,,תירוש של סגל 1 ליטר,ארגז,1.00,ליטר,false,,13.90,13.9000,true,1,9830
7290000032665,false,רוטב עגבניות 28% ברי,,,רוטב עגבניות 28% ברי,גרמים,580.00,100 גרם,false,,7.52,0.0130,true,1,4629
7290000041407,false,"גיל 3% בד""צ 125 מ""ל",,,"גיל 3% בד""צ 125 מ""ל",מיליליטרים,125.00,"100 מ""ל",false,,0.90,0.0072,true,1,17033
7290000041865,false,יטבתה לבן 4.5% 200מל,,,יטבתה לבן 4.5% 200מל,מיליליטרים,200.00,"100 מ""ל",false,,2.50,0.0125,true,1,636
7290000042855,false,יטבתה שוקו שקית 225,,,יטבתה שוקו שקית 225,מיליליטרים,225.00,"100 מ""ל",false,,2.90,0.0129,true,1,15922
7290000045573,false,נעמה גבינת מותכת 25%,,,נעמה גבינת מותכת 25%,גרמים,200.00,100 גרם,false,,14.90,0.0745,true,1,729
7290000048185,false,גבינה לבנה רכה 5% תנ,,,גבינה לבנה רכה 5% תנ,גרמים,250.00,100 גרם,false,,4.98,0.0199,true,1,17054
7290000051307,false,חלב תנובה הפ.אוכל עו,,,חלב תנובה הפ.אוכל עו,מיליליטרים,150.00,"100 מ""ל",false,,9.50,0.0633,true,1,17063
7290000051710,false,פיראוס לאבנה עם שמן,,,פיראוס לאבנה עם שמן,גרמים,263.00,100 גרם,false,,13.90,0.0529,true,1,17067
7290000060200,false,פתיתים אפויים קוסקוס,,,פתיתים אפויים קוסקוס,גרמים,500.00,100 גרם,false,,6.90,0.0138,true,1,13712
7290000060248,false,פסטה תלתלים אסם 500,,,פסטה תלתלים אסם 500,גרמים,500.00,100 גרם,false,,5.90,0.0118,true,1,13714
7290000060781,false,פסטה מסולסלים אסם 50,,,פסטה מסולסלים אסם 50,גרמים,500.00,100 גרם,false,,5.90,0.0118,true,1,13723
7290000060880,false,ספגטי אסם 500 גרם,,,ספגטי אסם 500 גרם,גרמים,500.00,100 גרם,false,,5.90,0.0118,true,1,13727
7290000060958,false,אטריות בינוניות אסם,,,אטריות בינוניות אסם,גרמים,400.00,100 גרם,false,,6.90,0.0173,true,1,13730
7290000061764,false,נס קפה רד מאג טעם חד,,,נס קפה רד מאג טעם חד,גרמים,200.00,100 גרם,false,,19.90,0.0995,true,1,4251
7290000063157,false,קמח עוגה תופח מאליו,,,קמח עוגה תופח מאליו,אלף,1.00,"ק""ג",false,,7.90,7.9000,true,1,13743
7290000066172,false,ביסלי פיצה 70גרם,,,ביסלי פיצה 70גרם,גרמים,70.00,100 גרם,false,,3.90,0.0557,true,1,13754
7290000068138,false,אסם פודינג אינסטנט ו,,,אסם פודינג אינסטנט ו,גרמים,80.00,100 גרם,false,,5.50,0.0688,true,1,13780
7290000068343,false,פריכונים מאורז מלא א,,,פריכונים מאורז מלא א,גרמים,140.00,100 גרם,false,,6.90,0.0493,true,1,13789
7290000068770,false,במבה יום הולדת 80גרם,,,במבה יום הולדת 80גרם,גרמים,80.00,100 גרם,false,,4.50,0.0563,true,1,13790
7290000070322,false,אבקת מרק פטריות רכיב,,,אבקת מרק פטריות רכיב,גרמים,400.00,100 גרם,false,,19.90,0.0497,true,1,2296
7290000070353,false,אבקת מרק בצל רכיבים,,,אבקת מרק בצל רכיבים,גרמים,400.00,100 גרם,false,,19.90,0.0497,true,1,2297
7290000070919,false,בייגלה אסם רשתות מלח,,,בייגלה אסם רשתות מלח,גרמים,400.00,100 גרם,false,,11.90,0.0298,true,1,13804
7290000072067,false,במבה במילוי קרם חלבה,,,במבה במילוי קרם חלבה,גרמים,60.00,100 גרם,false,,4.50,0.0750,true,1,13806
7290000072630,false,אסם קטשופ חריף 750 ג,,,אסם קטשופ חריף 750 ג,גרמים,750.00,100 גרם,false,,11.90,0.0159,true,1,13809
7290000072753,false,נס קפה טייסטרס צ'ויס,,,נס קפה טייסטרס צ'ויס,גרמים,200.00,100 גרם,false,,29.90,0.1495,true,1,13810
7290000072777,false,טייסטרס צוייס נטול ק,,,טייסטרס צוייס נטול ק,גרמים,200.00,100 גרם,false,,36.90,0.1845,true,1,4254
7290000074184,false,אסם פתי בר 500גרם,,,אסם פתי בר 500גרם,גרמים,500.00,100 גרם,false,,10.90,0.0218,true,1,4255
7290000074764,false,קרקר זהב אסם 900 גרם,,,קרקר זהב אסם 900 גרם,גרמים,900.00,100 גרם,false,,22.90,0.0254,true,1,2162
7290000075693,false,עוגת שמרים בריוש שוק,,,עוגת שמרים בריוש שוק,גרמים,360.00,100 גרם,false,,15.90,0.0442,true,1,13829
7290000076133,false,בייגלה אסם שמיניות ק,,,בייגלה אסם שמיניות ק,גרמים,400.00,100 גרם,false,,9.90,0.0248,true,1,13831
7290000077925,false,טוסטעים עגול חיטה מל,,,טוסטעים עגול חיטה מל,גרמים,125.00,100 גרם,false,,9.90,0.0792,true,1,13836
7290000078762,false,חטיפי פריכונים אורז,,,חטיפי פריכונים אורז,גרמים,80.00,100 גרם,false,,7.90,0.0988,true,1,13838
7290000080758,false,טוסטעים פת קלוי אסם,,,טוסטעים פת קלוי אסם,גרמים,100.00,100 גרם,false,,9.90,0.0990,true,1,13840
7290000081663,false,בייגלה אסם טבעות שומ,,,בייגלה אסם טבעות שומ,גרמים,300.00,100 גרם,false,,9.90,0.0330,true,1,13842
7290000085180,false,גטניו - פתיבר וניל 4,,,גטניו - פתיבר וניל 4,גרמים,470.00,100 גרם,false,,9.90,0.0211,true,1,25530
7290000111186,false,מיונז אמיתי תלמה 500,,,מיונז אמיתי תלמה 500,גרמים,500.00,100 גרם,false,,9.90,0.0198,true,1,10248
7290000111353,false,מיונז 1 קג,,,מיונז 1 קג,אלף,1.00,"ק""ג",false,,16.90,16.9000,true,1,10249
7290000112220,false,בארכה טחינה 100% שומ,,,בארכה טחינה 100% שומ,גרמים,500.00,100 גרם,false,,13.90,0.0278,true,1,13843
7290000117171,false,מרק נמס בכוס בטעם עו,,,מרק נמס בכוס בטעם עו,גרמים,48.00,100 גרם,false,,6.90,0.1438,true,1,2317
7290000117720,false,מרק נמס בכוס פטריות,,,מרק נמס בכוס פטריות,גרמים,43.00,100 גרם,false,,6.90,0.1605,true,1,2318
7290000120874,false,מיונז הלמנס לייט 424,,,מיונז הלמנס לייט 424,גרמים,424.00,100 גרם,false,,10.90,0.0257,true,1,10258
7290000133645,false,משחת שיניים אורביטול,,,משחת שיניים אורביטול,גרמים,435.00,100 גרם,false,,16.90,0.0389,true,1,19323
7290000135342,false,"סודה טמפו 500 מ""ל בק",,,"סודה טמפו 500 מ""ל בק",מיליליטרים,500.00,"100 מ""ל",false,,3.90,0.0078,true,1,59147
7290000136295,false,סיידר הגליל JUICER ס,,,סיידר הגליל JUICER ס,מיליליטרים,330.00,"100 מ""ל",false,,13.30,0.0403,true,1,160033
7290000136301,false,סיידר הגליל JUICER ס,,,סיידר הגליל JUICER ס,מיליליטרים,330.00,"100 מ""ל",false,,13.30,0.0403,true,1,160034
7290000136523,false,ג`אמפ ענבים 1.5 ליטר,,,ג`אמפ ענבים 1.5 ליטר,ארגז,1.50,ליטר,false,,7.90,5.2667,true,1,94005
7290000136561,false,ג`אמפ תות בננה 1.5 ל,,,ג`אמפ תות בננה 1.5 ל,ארגז,1.50,ליטר,false,,7.90,5.2667,true,1,94020
7290000136585,false,ג`אמפ תפוז 1.5 ליטר,,,ג`אמפ תפוז 1.5 ליטר,ארגז,1.50,ליטר,false,,7.90,5.2667,true,1,94006
7290000136653,false,נשר מאלט דיאט 1.5 לי,,,נשר מאלט דיאט 1.5 לי,ארגז,1.50,ליטר,false,,8.90,5.9333,true,1,93920
7290000136790,false,טמפו סודה 6*1.5 ליטר,,,טמפו סודה 6*1.5 ליטר,ארגז,9.00,ליטר,false,,17.70,1.9667,true,1,94033
7290000136844,false,אקווה נובה 6*2 ליטר,,,אקווה נובה 6*2 ליטר,ארגז,12.00,ליטר,false,,11.90,0.9917,true,1,93945
7290000136851,false,סבן אפ 1.5 ליטר,,,סבן אפ 1.5 ליטר,ארגז,1.50,ליטר,false,,7.90,5.2667,true,1,94217
7290000139234,false,דגן תפוח שלווה בטעם,,,דגן תפוח שלווה בטעם,גרמים,150.00,100 גרם,false,,7.90,0.0527,true,1,6135
7290000139258,false,שלווה טבע סוכר אשבול,,,שלווה טבע סוכר אשבול,גרמים,200.00,100 גרם,false,,7.90,0.0395,true,1,6137
7290000143217,false,שמפו לשיער יבש הוואי,,,שמפו לשיער יבש הוואי,מיליליטרים,700.00,"100 מ""ל",false,,9.90,0.0141,true,1,9346
7290000144467,false,שמן חמניות בריאות מה,,,שמן חמניות בריאות מה,ארגז,1.00,ליטר,false,,15.90,15.9000,true,1,19120
7290000144474,false,שמן קנולה בריאות עץ,,,שמן קנולה בריאות עץ,ארגז,1.00,ליטר,false,,15.90,15.9000,true,1,19121
7290000148489,false,גרעיני דלעת 200 גרם,,,גרעיני דלעת 200 גרם,גרמים,200.00,100 גרם,false,,9.50,0.0475,true,1,11262
7290000148748,false,גרעיני חמניה 200 גרם,,,גרעיני חמניה 200 גרם,גרמים,200.00,100 גרם,false,,6.90,0.0345,true,1,11264
7290000174723,false,שוקולית 500 גרם,,,שוקולית 500 גרם,גרמים,500.00,100 גרם,false,,11.90,0.0238,true,1,15328
7290000176413,false,עלית נמס 50 גר',,,עלית נמס 50 גר',גרמים,50.00,100 גרם,false,,8.90,0.1780,true,1,15333
7290000176420,false,קפה נמס עלית פחית 20,,,קפה נמס עלית פחית 20,גרמים,200.00,100 גרם,false,,19.90,0.0995,true,1,2150
7290000186030,false,האגיס בייבי ספא מגבו,,,האגיס בייבי ספא מגבו,אין,0.00,יחידה,false,,24.90,0.0000,true,1,168789
7290000188355,false,מגבות מטבח ניקול לבנ,,,מגבות מטבח ניקול לבנ,מטרים,64.80,מטר,false,,12.90,0.1991,true,1,9532
7290000189192,false,ניקול מטלית חכמה יומ,,,ניקול מטלית חכמה יומ,יח',64.00,יח',false,,15.90,0.2484,true,1,9541
7290000194837,false,ניקול שקיות מזון עם,,,ניקול שקיות מזון עם,אין,0.00,יחידה,false,,11.90,0.0000,true,1,9587
7290000195537,false,מגבוני האגיס דיילי ק,,,מגבוני האגיס דיילי ק,אין,0.00,יחידה,false,,18.90,0.0000,true,1,9592
7290000195773,false,מגבוני האגיס סנסטיב,,,מגבוני האגיס סנסטיב,אין,0.00,יחידה,false,,18.90,0.0000,true,1,9595
7290000196039,false,ניקול מפות שולחן זוג,,,ניקול מפות שולחן זוג,אין,0.00,יחידה,false,,10.90,0.0000,true,1,9596
7290000197432,false,ניקול שקיות אוכל זוג,,,ניקול שקיות אוכל זוג,אין,0.00,יחידה,false,,12.90,0.0000,true,1,9609
7290000197463,false,האגיס פרידום דריי של,,,האגיס פרידום דריי של,אין,0.00,יחידה,false,,42.90,0.0000,true,1,9611
7290000197548,false,האגיס פרידום דריי של,,,האגיס פרידום דריי של,אין,0.00,יחידה,false,,42.90,0.0000,true,1,9613
7290000197654,false,אשפתון שקיות אשפה ענ,,,אשפתון שקיות אשפה ענ,אין,0.00,יחידה,false,,20.90,0.0000,true,1,9614
7290000201870,false,טיטולים פרימיום שלב,,,טיטולים פרימיום שלב,אין,0.00,יחידה,false,,30.90,0.0000,true,1,9634
7290000201979,false,מגבוני האגיס מהדורה,,,מגבוני האגיס מהדורה,יח',288.00,יח',false,,18.90,0.0656,true,1,9635
7290000204307,false,מטליות ניקול 40 רב ש,,,מטליות ניקול 40 רב ש,אין,0.00,יחידה,false,,20.90,0.0000,true,1,9642
7290000204611,false,ניקול ספוגית הקסם*6,,,ניקול ספוגית הקסם*6,אין,0.00,יחידה,false,,10.90,0.0000,true,1,9644
7290000205526,false,פיסגה שטיפת רצפות 2,,,פיסגה שטיפת רצפות 2,ארגז,2.00,ליטר,false,,12.90,6.4500,true,1,19330
7290000208022,false,עגבניות מרוסקות יכין,,,עגבניות מרוסקות יכין,גרמים,800.00,100 גרם,false,,9.90,0.0124,true,1,9447
7290000208077,false,אפונת גינה גדולה L י,,,אפונת גינה גדולה L י,גרמים,335.00,100 גרם,false,,8.90,0.0266,true,1,4633
7290000208145,false,גרעיני תירס לייט יכי,,,גרעיני תירס לייט יכי,גרמים,335.00,100 גרם,false,,9.90,0.0296,true,1,513
7290000208329,false,גרעיני תירס מתוק יכי,,,גרעיני תירס מתוק יכי,גרמים,335.00,100 גרם,false,,8.90,0.0266,true,1,4638
7290000208404,false,פול מצרי יכין 550 גר,,,פול מצרי יכין 550 גר,גרמים,350.00,100 גרם,false,,8.90,0.0254,true,1,4640
7290000208428,false,חומוס שלם יכין 550 ג,,,חומוס שלם יכין 550 ג,גרמים,290.00,100 גרם,false,,8.90,0.0307,true,1,4641
7290000209722,false,רוטב עגבניות מרוכז מ,,,רוטב עגבניות מרוכז מ,גרמים,580.00,100 גרם,false,,9.90,0.0171,true,1,4649
7290000211169,false,אורז תאילנדי 1 ק'ג,,,אורז תאילנדי 1 ק'ג,אלף,1.00,"ק""ג",false,,6.90,6.9000,true,1,13208
7290000211442,false,סוגת אורז פרסי קלאסי,,,סוגת אורז פרסי קלאסי,אלף,1.00,"ק""ג",false,,10.90,10.9000,true,1,13211
7290000211503,false,"סוכר סוגת לבן 1 ק""ג",,,"סוכר סוגת לבן 1 ק""ג",אלף,1.00,"ק""ג",false,,4.50,4.5000,true,1,13212
7290000211985,false,סוגת אורז עגול 1קג,,,סוגת אורז עגול 1קג,אלף,1.00,"ק""ג",false,,9.90,9.9000,true,1,13214
7290000243566,false,שמן קנולה בריאות עץ,,,שמן קנולה בריאות עץ,מיליליטרים,750.00,"100 מ""ל",false,,11.90,0.0159,true,1,19125
7290000284316,false,קוקה קולה 1.5 ליטר,,,קוקה קולה 1.5 ליטר,ארגז,1.50,ליטר,false,,8.30,5.5333,true,1,8755
7290000286298,false,פילה דג סלמון נורווג,,,פילה דג סלמון נורווג,קילוגרמים,1.00,"ק""ג",true,,79.90,79.9000,true,1,194505
7290000287492,false,סנובון נוזלי בניחוח,,,סנובון נוזלי בניחוח,מיליליטרים,750.00,"100 מ""ל",false,,9.90,0.0132,true,1,19354
7290000288024,false,סנו ז'אוול בריח לימו,,,סנו ז'אוול בריח לימו,ארגז,4.00,ליטר,false,,16.90,4.2250,true,1,19360
7290000288079,false,סנו זאוול בריח לימון,,,סנו זאוול בריח לימון,ארגז,2.00,ליטר,false,,11.90,5.9500,true,1,19363
7290000288642,false,מרכך כביסה סנו מקסימ,,,מרכך כביסה סנו מקסימ,ארגז,4.00,ליטר,false,,22.90,5.7250,true,1,19376
7290000292687,false,סנובון כחול שלישיה,,,סנובון כחול שלישיה,גרמים,165.00,100 גרם,false,,16.90,0.1024,true,1,19399
7290000294780,false,סנו ז'אוול סמיכה 4 ל,,,סנו ז'אוול סמיכה 4 ל,ארגז,4.00,ליטר,false,,16.90,4.2250,true,1,19413
7290000295404,false,שקיות אשפה נשלפות סנ,,,שקיות אשפה נשלפות סנ,אין,0.00,יחידה,false,,22.90,0.0000,true,1,19419
7290000303598,false,שעועית לבנה אפויה פר,,,שעועית לבנה אפויה פר,גרמים,570.00,100 גרם,false,,5.90,0.0104,true,1,502
7290000313160,false,חברים זהבה ושלושת הד,,,חברים זהבה ושלושת הד,גרמים,250.00,100 גרם,false,,8.50,0.0340,true,1,13849
7290000313184,false,חברים ביסקויט גן חיו,,,חברים ביסקויט גן חיו,גרמים,250.00,100 גרם,false,,8.50,0.0340,true,1,13850
7290000315140,false,קורנפלקס מלא תלמה בד,,,קורנפלקס מלא תלמה בד,גרמים,500.00,100 גרם,false,,18.90,0.0378,true,1,10295
7290000319834,false,יחיעם קבנוס פפרוני ק,,,יחיעם קבנוס פפרוני ק,גרמים,125.00,100 גרם,false,,10.90,0.0872,true,1,12674
7290000345260,false,תה ויסוצקי קלאסיק 25,,,תה ויסוצקי קלאסיק 25,גרמים,37.50,100 גרם,false,,6.90,0.1840,true,1,16519
7290000345284,false,תה ויסוצקי 1.5 קלאסי,,,תה ויסוצקי 1.5 קלאסי,גרמים,150.00,100 גרם,false,,15.90,0.1060,true,1,16521
7290000345307,false,תה ארל גריי 1.5/50,,,תה ארל גריי 1.5/50,גרמים,75.00,100 גרם,false,,28.90,0.3853,true,1,16523
7290000355481,false,רוטב עגבניות 22% טומ,,,רוטב עגבניות 22% טומ,גרמים,570.00,100 גרם,false,,4.90,0.0086,true,1,509
7290000377452,false,גרעין אבטיח 200 גרם,,,גרעין אבטיח 200 גרם,גרמים,200.00,100 גרם,false,,12.90,0.0645,true,1,11267
7290000408354,false,דנונה קראנצ' פצפוצים,,,דנונה קראנצ' פצפוצים,מיליליטרים,175.00,"100 מ""ל",false,,4.60,0.0263,true,1,638
7290000416021,false,ממרח שוקולד השחר 500,,,ממרח שוקולד השחר 500,גרמים,500.00,100 גרם,false,,13.90,0.0278,true,1,18737
7290000416045,false,ממרח שוקולד השחר 1 ק,,,ממרח שוקולד השחר 1 ק,אלף,1.00,"ק""ג",false,,24.90,24.9000,true,1,18738
7290000416878,false,קקאו 500 גר',,,קקאו 500 גר',גרמים,500.00,100 גרם,false,,20.90,0.0418,true,1,18746
7290000420325,false,פופסטאר פופקורן טבעי,,,פופסטאר פופקורן טבעי,גרמים,500.00,100 גרם,false,,12.90,0.0258,true,1,8047
7290000420332,false,פופסטאר פופקורן חמאה,,,פופסטאר פופקורן חמאה,גרמים,500.00,100 גרם,false,,12.90,0.0258,true,1,8048
7290000450209,false,טונה בשמן פוסידון  1,,,טונה בשמן פוסידון  1,גרמים,108.00,100 גרם,false,,5.90,0.0546,true,1,4685
7290000453385,false,פאקא שמרים יבשים 500,,,פאקא שמרים יבשים 500,גרמים,500.00,100 גרם,false,,11.90,0.0238,true,1,15343
7290000455456,false,נסיכת הנילוס פילה פר,,,נסיכת הנילוס פילה פר,קילוגרמים,1.00,"ק""ג",true,,69.90,69.9000,true,1,22531
7290000461656,false,מקלות מלוחים 400 גרם,,,מקלות מלוחים 400 גרם,גרמים,400.00,100 גרם,false,,9.90,0.0248,true,1,10306
7290000481074,false,לחם טריו מלא דגנית 7,,,לחם טריו מלא דגנית 7,גרמים,750.00,100 גרם,false,,19.90,0.0265,true,1,167159
7290000481531,false,לחמניות 10 יחידות חי,,,לחמניות 10 יחידות חי,גרמים,750.00,100 גרם,false,,13.90,0.0185,true,1,7577
7290000481883,false,10 לחמניות דגנית,,,10 לחמניות דגנית,גרמים,750.00,100 גרם,false,,13.90,0.0185,true,1,7578
7290000561141,false,מיקס אגוזים טבעי  15,,,מיקס אגוזים טבעי  15,גרמים,150.00,100 גרם,false,,14.90,0.0993,true,1,6189
7290000561202,false,גרעין חמניה קלוי 200,,,גרעין חמניה קלוי 200,גרמים,200.00,100 גרם,false,,6.90,0.0345,true,1,6192
7290000574035,false,לחם אחיד פרוס דגנית,,,לחם אחיד פרוס דגנית,גרמים,750.00,100 גרם,false,,7.11,0.0095,true,1,7582
7290000574141,false,לחם חיטה מלאה דגנית,,,לחם חיטה מלאה דגנית,גרמים,750.00,100 גרם,false,,14.90,0.0199,true,1,3907
7290000574172,false,לחם קל חיטה מלאה דגנ,,,לחם קל חיטה מלאה דגנ,גרמים,750.00,100 גרם,false,,13.90,0.0185,true,1,3908
7290000574455,false,לחם חיטה מלא+כוסמין,,,לחם חיטה מלא+כוסמין,גרמים,750.00,100 גרם,false,,14.90,0.0199,true,1,7585
7290000598472,false,סלמון מנות נורבגי בו,,,סלמון מנות נורבגי בו,קילוגרמים,1.00,"ק""ג",true,,84.90,84.9000,true,1,31274
7290000610730,false,"לשון בקר חו""ל חלק יי",,,"לשון בקר חו""ל חלק יי",קילוגרמים,1.00,"ק""ג",true,,39.90,39.9000,true,1,195269
7290000688084,false,מי עדן 1/2 ליטר ספור,,,מי עדן 1/2 ליטר ספור,מיליליטרים,500.00,"100 מ""ל",false,,2.90,0.0058,true,1,10841
7290000688114,false,מי עדן 1.5 ליטר,,,מי עדן 1.5 ליטר,ארגז,1.50,ליטר,false,,3.60,2.4000,true,1,4058
7290000688176,false,"מי עדן בייבי 330 מ""ל",,,"מי עדן בייבי 330 מ""ל",מיליליטרים,250.00,"100 מ""ל",false,,2.90,0.0116,true,1,10842
7290000688381,false,מי עדן פקק ספורט 6*5,,,מי עדן פקק ספורט 6*5,ארגז,3.00,ליטר,false,,13.90,4.6333,true,1,10843
7290000910291,false,פלפל צ`ילי,,,פלפל צ`ילי,גרמים,100.00,100 גרם,false,,7.90,0.0790,true,1,28602
7290001041185,false,פופקורן 1 ק'ג,,,פופקורן 1 ק'ג,אלף,1.00,"ק""ג",false,,9.90,9.9000,true,1,12177
7290001041208,false,עדשים ירוקות 1 ק'ג,,,עדשים ירוקות 1 ק'ג,אלף,1.00,"ק""ג",false,,12.90,12.9000,true,1,12179
7290001041994,false,סוכר זהב דמררה צנצנת,,,סוכר זהב דמררה צנצנת,אלף,1.00,"ק""ג",false,,9.90,9.9000,true,1,12201
7290001201602,false,18ביצים L  מ.לסר,,,18ביצים L  מ.לסר,אין,0.00,יחידה,false,,18.07,0.0000,true,1,103525
7290001230331,false,כאמל בוקס קופסא בודד,,,כאמל בוקס קופסא בודד,אין,0.00,יחידה,false,,32.00,0.0000,false,1,7329
7290001305188,false,פלמוליב לכלים פריחת,,,פלמוליב לכלים פריחת,מיליליטרים,750.00,"100 מ""ל",false,,11.90,0.0159,true,1,14857
7290001407547,false,בארכה טחינה שומשום מ,,,בארכה טחינה שומשום מ,גרמים,500.00,100 גרם,false,,14.90,0.0298,true,1,13864
7290001407936,false,בארכה טחינה מעודנת 3,,,בארכה טחינה מעודנת 3,גרמים,310.00,100 גרם,false,,10.90,0.0352,true,1,4257
7290001419618,false,וופל עלמה בלגי שוקו,,,וופל עלמה בלגי שוקו,גרמים,200.00,100 גרם,false,,2.90,0.0145,true,1,25533
7290001419779,false,וופל עלמה קלאסי 200,,,וופל עלמה קלאסי 200,גרמים,200.00,100 גרם,false,,2.90,0.0145,true,1,25534
7290001491096,false,תה ירוק בתוספת לימונ,,,תה ירוק בתוספת לימונ,גרמים,75.00,100 גרם,false,,45.90,0.6120,true,1,16538
7290001594025,false,קוקה קולה קלאסי 350,,,קוקה קולה קלאסי 350,מיליליטרים,350.00,"100 מ""ל",false,,6.90,0.0197,true,1,8762
7290001670064,false,סכינים 100יח,,,סכינים 100יח,אין,0.00,יחידה,false,,12.90,0.0000,true,1,9202
7290001670255,false,כוסות שתיה חמה 50 יח,,,כוסות שתיה חמה 50 יח,יח',50.00,יח',false,,8.90,0.1780,true,1,9206
7290001791349,false,אקונומיקה ריחנית פסג,,,אקונומיקה ריחנית פסג,ארגז,4.00,ליטר,false,,11.90,2.9750,true,1,19442
7290001946121,false,פפריקה מתוקה בשמן בי,,,פפריקה מתוקה בשמן בי,גרמים,400.00,100 גרם,false,,17.90,0.0447,true,1,75817
7290002007241,false,סודה לשתיה 50 גרם,,,סודה לשתיה 50 גרם,גרמים,50.00,100 גרם,false,,2.50,0.0500,true,1,9216
7290002007890,false,כוס שתיה קרה 100 יח,,,כוס שתיה קרה 100 יח,אין,0.00,יחידה,false,,12.90,0.0000,true,1,9226
7290002008040,false,שיפודים עץ 30סמ,,,שיפודים עץ 30סמ,אין,0.00,יחידה,false,,2.90,0.0000,true,1,9232
7290002008224,false,קישוט לעוגה גליד.,,,קישוט לעוגה גליד.,גרמים,60.00,100 גרם,false,,5.90,0.0983,true,1,9236
7290002019787,false,רוטב עגבניות 22% פרי,,,רוטב עגבניות 22% פרי,גרמים,260.00,100 גרם,false,,3.90,0.0150,true,1,4707
7290002019794,false,רוטב עגבניות 22% פרי,,,רוטב עגבניות 22% פרי,גרמים,100.00,100 גרם,false,,1.90,0.0190,true,1,4708
7290002057123,false,זיתים חרוזית ירוק קב,,,זיתים חרוזית ירוק קב,גרמים,275.00,100 גרם,false,,9.90,0.0360,true,1,5080
7290002057185,false,טבעות זיתים ירוקים ק,,,טבעות זיתים ירוקים ק,גרמים,540.00,100 גרם,false,,9.50,0.0176,true,1,5199
7290002057352,false,מלפפונים  במלח 7-9 ק,,,מלפפונים  במלח 7-9 ק,גרמים,560.00,100 גרם,false,,6.90,0.0123,true,1,5200
7290002057734,false,זיתים חרוזית מושחר ק,,,זיתים חרוזית מושחר ק,גרמים,560.00,100 גרם,false,,8.90,0.0159,true,1,5224
7290002065555,false,6 לחמניות רכות אנגל,,,6 לחמניות רכות אנגל,גרמים,450.00,100 גרם,false,,11.50,0.0256,true,1,22671
7290002111825,false,גרעיני תירס מתוק פרי,,,גרעיני תירס מתוק פרי,גרמים,335.00,100 גרם,false,,7.90,0.0236,true,1,4823
7290002157953,false,טונה בשמן קנולה וילי,,,טונה בשמן קנולה וילי,גרמים,560.00,100 גרם,false,,18.90,0.0337,true,1,4876
7290002317005,false,טבעות זיתים מושחרים,,,טבעות זיתים מושחרים,גרמים,560.00,100 גרם,false,,10.90,0.0195,true,1,16432
7290002317135,false,מלפפון במלח 13-17 מו,,,מלפפון במלח 13-17 מו,גרמים,560.00,100 גרם,false,,10.90,0.0195,true,1,4901
7290002317173,false,מלפפון בחומץ 13-17 מ,,,מלפפון בחומץ 13-17 מ,גרמים,560.00,100 גרם,false,,10.90,0.0195,true,1,4904
7290002319061,false,.קוקוס טחון 100 גר.,,,.קוקוס טחון 100 גר.,גרמים,100.00,100 גרם,false,,3.90,0.0390,true,1,12207
7290002319078,false,שומשום 100ג,,,שומשום 100ג,גרמים,100.00,100 גרם,false,,3.90,0.0390,true,1,12208
7290002319221,false,חיטה מיה 500 גרם,,,חיטה מיה 500 גרם,גרמים,500.00,100 גרם,false,,5.50,0.0110,true,1,12221
7290002327059,false,בצק עלים 1 ק`ג,,,בצק עלים 1 ק`ג,אלף,1.00,"ק""ג",false,,19.90,19.9000,true,1,573
7290002331025,false,נביעות 1/2 ליטר ספור,,,נביעות 1/2 ליטר ספור,מיליליטרים,500.00,"100 מ""ל",false,,3.90,0.0078,true,1,8783
7290002331322,false,מי נביעות שישייה 1.5,,,מי נביעות שישייה 1.5,ארגז,9.00,ליטר,false,,10.90,1.2111,true,1,8788
7290002331360,false,נביעות TO GO שישייה,,,נביעות TO GO שישייה,ארגז,3.00,ליטר,false,,14.90,4.9667,true,1,8789
7290002345022,false,אנטריקוט  דקדק 250 ג,,,אנטריקוט  דקדק 250 ג,גרמים,250.00,100 גרם,false,,15.90,0.0636,true,1,13060
7290002374312,false,שמן קנולה מילומור 1,,,שמן קנולה מילומור 1,ארגז,1.00,ליטר,false,,11.90,11.9000,true,1,19127
7290002542780,false,סטלה ארטואה בקבוק 6*,,,סטלה ארטואה בקבוק 6*,ארגז,1.98,ליטר,false,,35.90,18.1313,true,1,53569
7290002542865,false,בירה הוגרדן -שישיה *,,,בירה הוגרדן -שישיה *,ארגז,1.98,ליטר,false,,49.90,25.2020,true,1,71482
7290002543237,false,קורנפלקס קלוגס 750 ג,,,קורנפלקס קלוגס 750 ג,גרמים,750.00,100 גרם,false,,14.90,0.0199,true,1,7888
7290002661474,false,פירורי זהוב עם שומשו,,,פירורי זהוב עם שומשו,גרמים,200.00,100 גרם,false,,2.90,0.0145,true,1,103598
7290002692478,false,שמן זית כתית מעולה מ,,,שמן זית כתית מעולה מ,מיליליטרים,750.00,"100 מ""ל",false,,33.90,0.0452,true,1,19132
7290002703310,false,צנצנת דבש עין חרוד 5,,,צנצנת דבש עין חרוד 5,גרמים,500.00,100 גרם,false,,21.90,0.0438,true,1,28968
7290002703402,false,דבש עין חרוד 400 גרם,,,דבש עין חרוד 400 גרם,גרמים,400.00,100 גרם,false,,19.90,0.0497,true,1,28970
7290002703655,false,סילאן 100% טבעי עין,,,סילאן 100% טבעי עין,גרמים,385.00,100 גרם,false,,12.90,0.0335,true,1,28973
7290002730675,false,משחת שיניים משפחתי ק,,,משחת שיניים משפחתי ק,מיליליטרים,100.00,"100 מ""ל",false,,10.90,0.1090,true,1,14864
7290002752493,false,טיק טק 1/4,,,טיק טק 1/4,גרמים,64.00,100 גרם,false,,9.90,0.1547,true,1,25630
7290002753223,false,טיק טק תפוז 4/1,,,טיק טק תפוז 4/1,גרמים,64.00,100 גרם,false,,9.90,0.1547,true,1,25631
7290002757139,false,שלושת האופים מלוואח,,,שלושת האופים מלוואח,גרמים,700.00,100 גרם,false,,12.90,0.0184,true,1,13079
7290002814054,false,אנטרקטיק במתז 1 ליטר,,,אנטרקטיק במתז 1 ליטר,ארגז,1.00,ליטר,false,,9.90,9.9000,true,1,14201
7290002824640,false,גבינה 5% סקי 250 גרם,,,גבינה 5% סקי 250 גרם,גרמים,250.00,100 גרם,false,,4.75,0.0190,true,1,15944
7290002881940,false,סרדין מרוקאי בשמן תו,,,סרדין מרוקאי בשמן תו,גרמים,125.00,100 גרם,false,,4.90,0.0392,true,1,4948
7290002881957,false,סרדין מרוקאי חריף תו,,,סרדין מרוקאי חריף תו,גרמים,125.00,100 גרם,false,,4.90,0.0392,true,1,4949
7290002881971,false,סרדין מרוקאי בשמן זי,,,סרדין מרוקאי בשמן זי,גרמים,125.00,100 גרם,false,,4.90,0.0392,true,1,696
7290002929642,false,טונה בשמן ויליגר רבי,,,טונה בשמן ויליגר רבי,גרמים,560.00,100 גרם,false,,19.90,0.0355,true,1,4887
7290002987963,false,אחלה חומוס 1קג,,,אחלה חומוס 1קג,אלף,1.00,"ק""ג",false,,13.90,13.9000,true,1,15946
7290003029181,false,יטבתה שוקו בקבוק 1ל,,,יטבתה שוקו בקבוק 1ל,ארגז,1.00,ליטר,false,,11.90,11.9000,true,1,15947
7290003029433,false,יטבתה שוקו +פקק 250,,,יטבתה שוקו +פקק 250,מיליליטרים,250.00,"100 מ""ל",false,,5.50,0.0220,true,1,15952
7290003029792,false,יטבתה מהדרין שוקו שק,,,יטבתה מהדרין שוקו שק,ארגז,1.80,ליטר,false,,18.90,10.5000,true,1,15954
7290003029815,false,חלב מועשר בכד2 ליטר,,,חלב מועשר בכד2 ליטר,ארגז,2.00,ליטר,false,,14.90,7.4500,true,1,15955
7290003047642,false,תה ליפטון יילו לייבל,,,תה ליפטון יילו לייבל,גרמים,150.00,100 גרם,false,,11.90,0.0793,true,1,10313
7290003107315,false,"סולת  דגן 1 ק""ג",,,"סולת  דגן 1 ק""ג",אלף,1.00,"ק""ג",false,,4.50,4.5000,true,1,9776
7290003143276,false,יוגטה מרשמלו מגולגל,,,יוגטה מרשמלו מגולגל,גרמים,180.00,100 גרם,false,,6.90,0.0383,true,1,25907
7290003220410,false,מעדני המלך קרקר שומש,,,מעדני המלך קרקר שומש,גרמים,110.00,100 גרם,false,,2.90,0.0264,true,1,25545
7290003220526,false,רוטב צ'ילי חריף 700,,,רוטב צ'ילי חריף 700,מיליליטרים,700.00,"100 מ""ל",false,,10.90,0.0156,true,1,25550
7290003220533,false,רוטב צ'ילי מתוק 700,,,רוטב צ'ילי מתוק 700,מיליליטרים,700.00,"100 מ""ל",false,,10.90,0.0156,true,1,25551
7290003220588,false,ווק רוטב צ'ילי מתוק,,,ווק רוטב צ'ילי מתוק,מיליליטרים,700.00,"100 מ""ל",false,,14.90,0.0213,true,1,103687
7290003411993,false,גפרורים 10 יחידות,,,גפרורים 10 יחידות,אין,0.00,יחידה,false,,2.90,0.0000,true,1,9261
7290003427154,false,שמן זית כתית מעולה ז,,,שמן זית כתית מעולה ז,מיליליטרים,750.00,"100 מ""ל",false,,33.90,0.0452,true,1,16540
7290003521210,false,סרקל מרכך שיער לילדי,,,סרקל מרכך שיער לילדי,ארגז,2.00,ליטר,false,,39.90,19.9500,true,1,18995
7290003550753,false,טונה בהירה בשמן פוסי,,,טונה בהירה בשמן פוסי,גרמים,308.00,100 גרם,false,,19.90,0.0646,true,1,4893
7290003578313,false,דובדבנים חמוצים ללא,,,דובדבנים חמוצים ללא,גרמים,350.00,100 גרם,false,,9.90,0.0283,true,1,4767
7290003681945,false,מיץ לימון סחוט טבעי,,,מיץ לימון סחוט טבעי,מיליליטרים,500.00,"100 מ""ל",false,,8.90,0.0178,true,1,12294
7290003706167,false,בצל ירוק ארוז,,,בצל ירוק ארוז,יח',1.00,יח',false,,5.90,5.9000,true,1,22747
7290004043205,false,M&M עדשי בוטנים 93 ג,,,M&M עדשי בוטנים 93 ג,גרמים,93.00,100 גרם,false,,6.90,0.0742,true,1,116939
7290004063016,false,"מלח שולחן סלית 1 ק""ג",,,"מלח שולחן סלית 1 ק""ג",אלף,1.00,"ק""ג",false,,1.70,1.7000,true,1,13247
7290004063115,false,מלח מטבח גס לבישול כ,,,מלח מטבח גס לבישול כ,אלף,1.00,"ק""ג",false,,1.70,1.7000,true,1,13248
7290004120573,false,פיראוס בולגרית בקר 1,,,פיראוס בולגרית בקר 1,גרמים,250.00,100 גרם,false,,20.90,0.0836,true,1,751
7290004122348,false,עמק לייט 9% 200ג,,,עמק לייט 9% 200ג,גרמים,200.00,100 גרם,false,,16.80,0.0840,true,1,17127
7290004125400,false,"אשל 4.5% בד""צ מהדרין",,,"אשל 4.5% בד""צ מהדרין",מיליליטרים,200.00,"100 מ""ל",false,,1.69,0.0084,true,1,17131
7290004125417,false,"גיל 3% בד""צ מהדרין",,,"גיל 3% בד""צ מהדרין",מיליליטרים,200.00,"100 מ""ל",false,,1.51,0.0076,true,1,17132
7290004125462,false,תנובה שמנת חמוצה 15%,,,תנובה שמנת חמוצה 15%,מיליליטרים,500.00,"100 מ""ל",false,,6.00,0.0120,true,1,17134
7290004125721,false,שף לבן שמנת לבישול 1,,,שף לבן שמנת לבישול 1,מיליליטרים,250.00,"100 מ""ל",false,,8.50,0.0340,true,1,759
7290004125776,false,עמק גבינה קשה פרוסה,,,עמק גבינה קשה פרוסה,גרמים,400.00,100 גרם,false,,27.80,0.0695,true,1,761
7290004127800,false,תנובה גבינה לבנה 5%,,,תנובה גבינה לבנה 5%,גרמים,500.00,100 גרם,false,,9.96,0.0199,true,1,762
7290004127817,false,תנובה גבינה לבנה 9%,,,תנובה גבינה לבנה 9%,גרמים,500.00,100 גרם,false,,9.20,0.0184,true,1,17143
7290004127862,false,תנובה גבינה למריחה מ,,,תנובה גבינה למריחה מ,גרמים,750.00,100 גרם,false,,14.90,0.0199,true,1,17144
7290004128432,false,שף לבן פתיתי גבינה מ,,,שף לבן פתיתי גבינה מ,גרמים,500.00,100 גרם,false,,21.90,0.0438,true,1,17148
7290004129101,false,נפוליאון בטעם טבעי 2,,,נפוליאון בטעם טבעי 2,גרמים,225.00,100 גרם,false,,13.90,0.0618,true,1,764
7290004129156,false,נפוליאון שום שמיר 25,,,נפוליאון שום שמיר 25,גרמים,225.00,100 גרם,false,,13.90,0.0618,true,1,766
7290004135614,false,פיראוס בולגרית מעודנ,,,פיראוס בולגרית מעודנ,גרמים,250.00,100 גרם,false,,20.90,0.0836,true,1,17176
7290004137809,false,פיראוס לאבנה 5% 250ג,,,פיראוס לאבנה 5% 250ג,גרמים,250.00,100 גרם,false,,11.90,0.0476,true,1,17183
7290004267230,false,פריכיות אורז מצופה ש,,,פריכיות אורז מצופה ש,גרמים,80.00,100 גרם,false,,5.90,0.0738,true,1,36963
7290004492274,false,טבעות מלוחות 400 גר,,,טבעות מלוחות 400 גר,גרמים,400.00,100 גרם,false,,9.90,0.0248,true,1,10327
7290005008481,false,דאודורנט ג'ל ספורט ס,,,דאודורנט ג'ל ספורט ס,גרמים,85.00,100 גרם,false,,19.90,0.2341,true,1,14881
7290005020162,false,וויסקי בלנטיין 700 מ,,,וויסקי בלנטיין 700 מ,מיליליטרים,700.00,"100 מ""ל",false,,84.90,0.1213,true,1,21553
7290005199578,false,עלית אוריגינס קפה נט,,,עלית אוריגינס קפה נט,גרמים,200.00,100 גרם,false,,33.90,0.1695,true,1,4316
7290005201882,false,טורקי עלית 200 גר',,,טורקי עלית 200 גר',גרמים,200.00,100 גרם,false,,15.90,0.0795,true,1,15370
7290005384851,false,מיץ לימון משומר וילי,,,מיץ לימון משומר וילי,מיליליטרים,200.00,"100 מ""ל",false,,2.90,0.0145,true,1,6946
7290005423499,false,סנו נירוסטה אירוסול,,,סנו נירוסטה אירוסול,מיליליטרים,476.00,"100 מ""ל",false,,19.90,0.0418,true,1,19496
7290005424700,false,פורטה פלוס - קצף ברי,,,פורטה פלוס - קצף ברי,מיליליטרים,1.00,"100 מ""ל",false,,17.90,17.9000,true,1,19512
7290005424762,false,ריצפז פלוס ווקס דוחה,,,ריצפז פלוס ווקס דוחה,ארגז,2.00,ליטר,false,,28.90,14.4500,true,1,19514
7290005426971,false,סנובון כחול שלישיה ב,,,סנובון כחול שלישיה ב,גרמים,165.00,100 גרם,false,,16.90,0.1024,true,1,19546
7290005838002,false,דניאלה מעדן גבינה 15,,,דניאלה מעדן גבינה 15,מיליליטרים,150.00,"100 מ""ל",false,,4.10,0.0273,true,1,15970
7290005839108,false,סימפוניה עם זיתים 5%,,,סימפוניה עם זיתים 5%,גרמים,200.00,100 גרם,false,,11.50,0.0575,true,1,647
7290005839313,false,מילקי טופ מגולגלת 14,,,מילקי טופ מגולגלת 14,מיליליטרים,142.00,"100 מ""ל",false,,4.90,0.0345,true,1,15973
7290005854040,false,אסקימו משמש,,,אסקימו משמש,אין,0.00,יחידה,false,,1.90,0.0000,true,1,46851
7290006185501,false,אל סבון נוזלי ורוד פ,,,אל סבון נוזלי ורוד פ,אין,0.00,יחידה,false,,8.90,0.0000,true,1,13667
7290006185518,false,אל סבון נוזלי כחול פ,,,אל סבון נוזלי כחול פ,אין,0.00,יחידה,false,,8.90,0.0000,true,1,13668
7290006229427,false,"סאן בנדטו 6*500 מ""ל",,,"סאן בנדטו 6*500 מ""ל",ארגז,3.00,ליטר,false,,11.90,3.9667,true,1,4014
7290006235244,false,קמיל צמחי מרפא פסטה,,,קמיל צמחי מרפא פסטה,גרמים,100.00,100 גרם,false,,18.90,0.1890,true,1,19005
7290006251374,false,תה ירוק לימונית וג'י,,,תה ירוק לימונית וג'י,גרמים,25.00,100 גרם,false,,23.90,0.9560,true,1,16557
7290006251589,false,תה ירוק עם עלי נענע,,,תה ירוק עם עלי נענע,גרמים,75.00,100 גרם,false,,45.90,0.6120,true,1,16558
7290006651570,false,קמיל בלו צמחי מרפא ש,,,קמיל בלו צמחי מרפא ש,מיליליטרים,750.00,"100 מ""ל",false,,19.00,0.0253,true,1,19008
7290006664532,false,דנונה תות 3% 150מל,,,דנונה תות 3% 150מל,גרמים,150.00,100 גרם,false,,3.90,0.0260,true,1,15975
7290006788016,false,הנוסחה הקלאסית שמפו,,,הנוסחה הקלאסית שמפו,מיליליטרים,700.00,"100 מ""ל",false,,12.90,0.0184,true,1,19575
7290006788061,false,מרכך לשיער רגיל קרלי,,,מרכך לשיער רגיל קרלי,מיליליטרים,700.00,"100 מ""ל",false,,12.90,0.0184,true,1,19579
7290006908384,false,פיסטוק חלבי 150 גרם,,,פיסטוק חלבי 150 גרם,גרמים,150.00,100 גרם,false,,17.90,0.1193,true,1,6222
7290006908414,false,חמנייה 400 גרם,,,חמנייה 400 גרם,גרמים,400.00,100 גרם,false,,10.90,0.0273,true,1,6224
7290008154222,false,שניצלונים עוף טוב 70,,,שניצלונים עוף טוב 70,גרמים,700.00,100 גרם,false,,19.90,0.0284,true,1,13995
7290008464345,false,"גולדסטאר בירה ח""פ 33",,,"גולדסטאר בירה ח""פ 33",אין,330.00,יחידה,false,,8.70,0.0264,true,1,9911
7290008464604,false,הייניקן בירה פח 500מ,,,הייניקן בירה פח 500מ,מיליליטרים,500.00,"100 מ""ל",false,,12.50,0.0250,true,1,9917
7290008464611,false,"מי סודה טמפו 275 מ""ל",,,"מי סודה טמפו 275 מ""ל",מיליליטרים,275.00,"100 מ""ל",false,,3.50,0.0127,true,1,9918
7290008464703,false,בירה מכבי מארז 6 *33,,,בירה מכבי מארז 6 *33,ארגז,1.98,ליטר,false,,34.90,17.6263,true,1,9921
7290008464741,false,"גולדסטאר ח""פ בקבוק 6",,,"גולדסטאר ח""פ בקבוק 6",ארגז,1.98,ליטר,false,,37.90,19.1414,true,1,9923
7290008464796,false,"הייניקן בקבוק ח""פ 6*",,,"הייניקן בקבוק ח""פ 6*",ארגז,1.98,ליטר,false,,38.90,19.6465,true,1,9924
7290008636926,false,קקאו הולנדי 500גר. ב,,,קקאו הולנדי 500גר. ב,גרמים,500.00,100 גרם,false,,13.90,0.0278,true,1,4230
7290008693134,false,דניאלה תות מעדן גבינ,,,דניאלה תות מעדן גבינ,מיליליטרים,150.00,"100 מ""ל",false,,4.10,0.0273,true,1,15984
7290008757034,false,"סודה שוופס 250 מ""ל ב",,,"סודה שוופס 250 מ""ל ב",מיליליטרים,250.00,"100 מ""ל",false,,3.90,0.0156,true,1,10887
7290008757980,false,ספרינג רימונים 1ל,,,ספרינג רימונים 1ל,ארגז,1.00,ליטר,false,,6.90,6.9000,true,1,10894
7290008775823,false,ערגליות תות שדה 300,,,ערגליות תות שדה 300,גרמים,300.00,100 גרם,false,,9.90,0.0330,true,1,13887
7290008792264,false,מפיות טאצ' 100,,,מפיות טאצ' 100,אין,0.00,יחידה,false,,4.90,0.0000,true,1,16442
7290008801843,false,יין סלקטד קברנה סובנ,,,יין סלקטד קברנה סובנ,מיליליטרים,750.00,"100 מ""ל",false,,29.90,0.0399,true,1,5819
7290008801850,false,יין סלקטד אמרלד ריזל,,,יין סלקטד אמרלד ריזל,מיליליטרים,750.00,"100 מ""ל",false,,29.90,0.0399,true,1,5820
7290008909884,false,קוקה קולה ZERO קלאסי,,,קוקה קולה ZERO קלאסי,מיליליטרים,350.00,"100 מ""ל",false,,6.90,0.0197,true,1,3966
7290009018004,false,פיקדון בקבוק/פחית בו,,,פיקדון בקבוק/פחית בו,אין,0.00,יחידה,false,,0.30,0.0000,true,1,2189
7290009018011,false,פיקדון בקבוק/פחיות ש,,,פיקדון בקבוק/פחיות ש,אין,0.00,יחידה,false,,1.80,0.0000,true,1,410
7290010002122,false,מימון פפריקה הונגרית,,,מימון פפריקה הונגרית,גרמים,100.00,100 גרם,false,,11.90,0.1190,true,1,5711
7290010003693,false,מימון פפריקה מתוקה ש,,,מימון פפריקה מתוקה ש,גרמים,80.00,100 גרם,false,,5.90,0.0738,true,1,5744
7290010045068,false,עוגיות הנסיכה לחמי 2,,,עוגיות הנסיכה לחמי 2,גרמים,250.00,100 גרם,false,,18.90,0.0756,true,1,16572
7290010065318,false,מחית פרינוק גוניור ת,,,מחית פרינוק גוניור ת,גרמים,190.00,100 גרם,false,,6.90,0.0363,true,1,32068
7290010065349,false,מחית פרינוק גוניור ס,,,מחית פרינוק גוניור ס,גרמים,190.00,100 גרם,false,,6.90,0.0363,true,1,32070
7290010065745,false,פרינוק ג'וניור לפתן,,,פרינוק ג'וניור לפתן,גרמים,190.00,100 גרם,false,,6.90,0.0363,true,1,32071
7290010066025,false,טונה בשמן פילטונה 15,,,טונה בשמן פילטונה 15,גרמים,170.00,100 גרם,false,,6.90,0.0406,true,1,58700
7290010066575,false,נתחי טונה במים פילטו,,,נתחי טונה במים פילטו,גרמים,632.00,100 גרם,false,,22.90,0.0362,true,1,4994
7290010066582,false,נתחי טונה בשמן קנולה,,,נתחי טונה בשמן קנולה,גרמים,632.00,100 גרם,false,,22.90,0.0362,true,1,4995
7290010117864,false,דוריטוס חריף אש 70 ג,,,דוריטוס חריף אש 70 ג,גרמים,70.00,100 גרם,false,,3.60,0.0514,true,1,16362
7290010129010,false,עוגיות ריבה 600גר,,,עוגיות ריבה 600גר,גרמים,600.00,100 גרם,false,,19.90,0.0332,true,1,14230
7290010129027,false,עוגיות מרוקאיות 600,,,עוגיות מרוקאיות 600,גרמים,600.00,100 גרם,false,,19.90,0.0332,true,1,14231
7290010192007,false,פטרוזיליה,,,פטרוזיליה,יח',1.00,יח',false,,3.50,3.5000,true,1,22756
7290010192014,false,שמיר,,,שמיר,יח',1.00,יח',false,,3.50,3.5000,true,1,22757
7290010192021,false,כוסברה,,,כוסברה,יח',1.00,יח',false,,3.50,3.5000,true,1,22758
7290010192045,false,נענע יחידה,,,נענע יחידה,יח',1.00,יח',false,,3.50,3.5000,true,1,22760
7290010192052,false,סלרי עלים (אמריקאי),,,סלרי עלים (אמריקאי),יח',1.00,יח',false,,5.90,5.9000,true,1,22761
7290010237531,false,פפסי קולה 500 מ'ל,,,פפסי קולה 500 מ'ל,מיליליטרים,500.00,"100 מ""ל",false,,4.90,0.0098,true,1,9928
7290010237548,false,"פפסי מקס 500 מ""ל",,,"פפסי מקס 500 מ""ל",מיליליטרים,500.00,"100 מ""ל",false,,4.50,0.0090,true,1,9929
7290010237579,false,סבן אפ 500 מ'ל,,,סבן אפ 500 מ'ל,מיליליטרים,500.00,"100 מ""ל",false,,4.90,0.0098,true,1,9931
7290010429554,false,שמן זית כתית מעולה 2,,,שמן זית כתית מעולה 2,מיליליטרים,750.00,"100 מ""ל",false,,33.90,0.0452,true,1,15402
7290010471669,false,דנונה קראנצ' יוגורט,,,דנונה קראנצ' יוגורט,מיליליטרים,175.00,"100 מ""ל",false,,4.60,0.0263,true,1,652
7290010472390,false,מארז  דני  שוקולד 8*,,,מארז  דני  שוקולד 8*,מיליליטרים,1000.00,"100 מ""ל",false,,16.90,0.0169,true,1,15986
7290010718634,false,אל סבון נוזלי לבן פנ,,,אל סבון נוזלי לבן פנ,אין,0.00,יחידה,false,,8.90,0.0000,true,1,13671
7290010766949,false,אוליביה ממרח ארטישוק,,,אוליביה ממרח ארטישוק,גרמים,180.00,100 גרם,false,,13.90,0.0772,true,1,16578
7290010814251,false,שוקולד חלב אגו 3 יח',,,שוקולד חלב אגו 3 יח',גרמים,255.00,100 גרם,false,,9.90,0.0388,true,1,24717
7290010931330,false,אחלה מטבוחה 500ג,,,אחלה מטבוחה 500ג,גרמים,500.00,100 גרם,false,,13.90,0.0278,true,1,15987
7290011017866,false,קוקה קולה פחית סליק,,,קוקה קולה פחית סליק,מיליליטרים,330.00,"100 מ""ל",false,,5.50,0.0167,true,1,8875
7290011018443,false,פאנטה אורנג פחית סלי,,,פאנטה אורנג פחית סלי,מיליליטרים,330.00,"100 מ""ל",false,,5.50,0.0167,true,1,8887
7290011126209,false,תה הגן הקסום תפוח וק,,,תה הגן הקסום תפוח וק,גרמים,55.00,100 גרם,false,,17.90,0.3255,true,1,16579
7290011126452,false,תה קמומיל ונענע 1.5ג,,,תה קמומיל ונענע 1.5ג,גרמים,37.50,100 גרם,false,,17.90,0.4773,true,1,16580
7290011249748,false,גילרו רולים שוקו 100,,,גילרו רולים שוקו 100,גרמים,100.00,100 גרם,false,,3.90,0.0390,true,1,25558
7290011249755,false,רולים אגוז 100 גרם,,,רולים אגוז 100 גרם,גרמים,100.00,100 גרם,false,,3.90,0.0390,true,1,25559
7290011254452,false,סוכריות ללא סוכר מנט,,,סוכריות ללא סוכר מנט,גרמים,80.00,100 גרם,false,,5.90,0.0738,true,1,12359
7290011378769,false,בארכה בקטנה מאגדת ונ,,,בארכה בקטנה מאגדת ונ,גרמים,120.00,100 גרם,false,,11.90,0.0992,true,1,13896
7290011379018,false,פטריות צמד חמד,,,פטריות צמד חמד,גרמים,500.00,100 גרם,false,,15.90,0.0318,true,1,25679
7290011447304,false,מטרנה חלבי שלב 3 12*,,,מטרנה חלבי שלב 3 12*,גרמים,700.00,100 גרם,false,,48.90,0.0699,true,1,13902
7290011447359,false,מטרנה מהדרין שלב 1,,,מטרנה מהדרין שלב 1,גרמים,700.00,100 גרם,false,,49.90,0.0713,true,1,13903
7290011505806,false,קיסמי שיניים פלסטיק,,,קיסמי שיניים פלסטיק,אין,0.00,יחידה,false,,9.90,0.0000,true,1,5979
7290011593087,false,סבא חביב שמן זית כתי,,,סבא חביב שמן זית כתי,מיליליטרים,750.00,"100 מ""ל",false,,30.90,0.0412,true,1,103394
7290011607197,false,"קולון 101 5 ק""ג",,,"קולון 101 5 ק""ג",אלף,5.00,"ק""ג",false,,39.90,7.9800,true,1,14562
7290011723200,false,טחינה הר ברכה טחינה,,,טחינה הר ברכה טחינה,גרמים,500.00,100 גרם,false,,19.90,0.0398,true,1,25564
7290011877156,false,סנו פרש ענק מאסק 375,,,סנו פרש ענק מאסק 375,מיליליטרים,375.00,"100 מ""ל",false,,10.90,0.0291,true,1,19644
7290012086113,false,עגבניות שרי,,,עגבניות שרי,גרמים,500.00,100 גרם,false,,8.90,0.0178,true,1,30865
7290012116025,false,שמפו כיף פיות 750 מל,,,שמפו כיף פיות 750 מל,מיליליטרים,750.00,"100 מ""ל",false,,11.90,0.0159,true,1,19652
7290012117091,false,אבקת כביסה סנו מקסימ,,,אבקת כביסה סנו מקסימ,אלף,6.00,"ק""ג",false,,49.90,8.3167,true,1,19666
7290012117541,false,סנו מקסימה מרכך קומפ,,,סנו מקסימה מרכך קומפ,אין,0.00,יחידה,false,,18.90,0.0000,true,1,19678
7290012117558,false,סנו מקסימה מרכך קומפ,,,סנו מקסימה מרכך קומפ,אין,0.00,יחידה,false,,18.90,0.0000,true,1,19679
7290012372117,false,קמח חיטה מלא 100% רו,,,קמח חיטה מלא 100% רו,אלף,1.00,"ק""ג",false,,10.90,10.9000,true,1,137642
7290012372247,false,קמח כוסמין לבן רובינ,,,קמח כוסמין לבן רובינ,אלף,1.00,"ק""ג",false,,16.90,16.9000,true,1,137669
7290012454172,false,סוכריות ללא סוכר בטע,,,סוכריות ללא סוכר בטע,גרמים,80.00,100 גרם,false,,5.90,0.0738,true,1,12382
7290012454189,false,סוכריות ללא סוכר מיה,,,סוכריות ללא סוכר מיה,גרמים,80.00,100 גרם,false,,5.90,0.0738,true,1,12383
7290012454202,false,סוכריות ללא סוכר מיה,,,סוכריות ללא סוכר מיה,גרמים,80.00,100 גרם,false,,5.90,0.0738,true,1,12385
7290012454608,false,תן צ'אפ גלגלים 50 גר,,,תן צ'אפ גלגלים 50 גר,גרמים,50.00,100 גרם,false,,3.90,0.0780,true,1,12391
7290012823381,false,סנו מקסימה סנסטיב מר,,,סנו מקסימה סנסטיב מר,אין,0.00,יחידה,false,,18.90,0.0000,true,1,19691
7290012884986,false,תפוגן ציפס לתנור עד,,,תפוגן ציפס לתנור עד,אלף,1.50,"ק""ג",false,,24.90,16.6000,true,1,14012
7290012962912,false,כפפות ניטריל סייף טא,,,כפפות ניטריל סייף טא,אין,0.00,יחידה,false,,27.90,0.0000,true,1,141202
7290012962929,false,כפפות ניטריל סייף טא,,,כפפות ניטריל סייף טא,אין,0.00,יחידה,false,,27.90,0.0000,true,1,141203
7290013083661,false,מטרנה אקסטרה קר חסכו,,,מטרנה אקסטרה קר חסכו,גרמים,700.00,100 גרם,false,,58.90,0.0841,true,1,1566
7290013145192,false,שומשום 100גר,,,שומשום 100גר,גרמים,100.00,100 גרם,false,,4.90,0.0490,true,1,12583
7290013145628,false,סוכריות צבעוניות לקי,,,סוכריות צבעוניות לקי,גרמים,200.00,100 גרם,false,,8.90,0.0445,true,1,345
7290013145840,false,מימונס סוכר וניל 10*,,,מימונס סוכר וניל 10*,גרמים,100.00,100 גרם,false,,2.50,0.0250,true,1,12602
7290013145857,false,אבקת אפיה 10* 10 גרם,,,אבקת אפיה 10* 10 גרם,גרמים,100.00,100 גרם,false,,2.50,0.0250,true,1,12603
7290013145901,false,סודה לשתיה 100 גרם,,,סודה לשתיה 100 גרם,גרמים,100.00,100 גרם,false,,2.00,0.0200,true,1,12606
7290013145970,false,מימונס קורנפלור 200,,,מימונס קורנפלור 200,גרמים,200.00,100 גרם,false,,3.90,0.0195,true,1,12611
7290013146304,false,מימונס קורנפלור 500,,,מימונס קורנפלור 500,גרמים,500.00,100 גרם,false,,6.90,0.0138,true,1,12622
7290013268020,false,סנו מקסימה אולטרא פר,,,סנו מקסימה אולטרא פר,אין,0.00,יחידה,false,,18.90,0.0000,true,1,19706
7290013268037,false,סנו מקסימה פצ'ולי מר,,,סנו מקסימה פצ'ולי מר,אין,0.00,יחידה,false,,18.90,0.0000,true,1,19707
7290013268938,false,סנובון שלישיה מאסק 3,,,סנובון שלישיה מאסק 3,גרמים,195.00,100 גרם,false,,11.90,0.0610,true,1,19723
7290013268983,false,מקסימה מרכך כביסה בב,,,מקסימה מרכך כביסה בב,אין,0.00,יחידה,false,,18.90,0.0000,true,1,53930
7290013268990,false,סנו מקסימה מרכך מרוכ,,,סנו מקסימה מרכך מרוכ,אין,0.00,יחידה,false,,18.90,0.0000,true,1,19724
7290013269621,false,ריצפז פרש הום בניחוח,,,ריצפז פרש הום בניחוח,ארגז,2.00,ליטר,false,,21.90,10.9500,true,1,19731
7290013269669,false,ריצפז פנטזיה 3ל,,,ריצפז פנטזיה 3ל,ארגז,3.00,ליטר,false,,12.90,4.3000,true,1,19735
7290013358493,false,מאסטר שף אסייאתי קרם,,,מאסטר שף אסייאתי קרם,מיליליטרים,400.00,"100 מ""ל",false,,9.90,0.0248,true,1,14891
7290013358547,false,מאסטר שף רוטב צ'ילי,,,מאסטר שף רוטב צ'ילי,מיליליטרים,700.00,"100 מ""ל",false,,11.90,0.0170,true,1,14893
7290013472199,false,וילי פוד ערמונים 100,,,וילי פוד ערמונים 100,גרמים,100.00,100 גרם,false,,5.90,0.0590,true,1,6957
7290013639530,false,שקד טבעי קלוף 400 גר,,,שקד טבעי קלוף 400 גר,גרמים,400.00,100 גרם,false,,35.90,0.0897,true,1,32545
7290013639578,false,שקד מולבן שבבים  400,,,שקד מולבן שבבים  400,גרמים,400.00,100 גרם,false,,39.90,0.0997,true,1,32547
7290013677419,false,תן צ'אפ פלאפל 50 גרם,,,תן צ'אפ פלאפל 50 גרם,גרמים,50.00,100 גרם,false,,3.50,0.0700,true,1,12425
7290013677426,false,תן צ'אפ קטשופ 60 גרם,,,תן צ'אפ קטשופ 60 גרם,גרמים,60.00,100 גרם,false,,3.50,0.0583,true,1,12426
7290013702036,false,שוופס אפרסק ווטר 0.5,,,שוופס אפרסק ווטר 0.5,מיליליטרים,500.00,"100 מ""ל",false,,5.50,0.0110,true,1,4111
7290013713049,false,ג'מס בקבוקי 8.8 330,,,ג'מס בקבוקי 8.8 330,מיליליטרים,330.00,"100 מ""ל",false,,13.20,0.0400,true,1,10721
7290014002197,false,תה חליטת קמומיל ולימ,,,תה חליטת קמומיל ולימ,גרמים,37.50,100 גרם,false,,17.90,0.4773,true,1,16594
7290014002203,false,תה חליטת לימונית ולו,,,תה חליטת לימונית ולו,גרמים,37.50,100 גרם,false,,17.90,0.4773,true,1,16595
7290014079014,false,לבבות קיסר,,,לבבות קיסר,גרמים,300.00,100 גרם,false,,9.90,0.0330,true,1,22768
7290014083813,false,בריוולס וילניס שפרוט,,,בריוולס וילניס שפרוט,גרמים,190.00,100 גרם,false,,7.90,0.0416,true,1,66004
7290014094505,false,אהרוני אורז בסמטי 1,,,אהרוני אורז בסמטי 1,אלף,1.00,"ק""ג",false,,9.90,9.9000,true,1,75533
7290014256620,false,יין באזז קריניאנו 75,,,יין באזז קריניאנו 75,מיליליטרים,750.00,"100 מ""ל",false,,27.90,0.0372,true,1,5840
7290014258723,false,מטרנה צמחי מגיל 0-12,,,מטרנה צמחי מגיל 0-12,גרמים,700.00,100 גרם,false,,68.90,0.0984,true,1,13910
7290014731028,false,כוסות 50 יחידות שתיה,,,כוסות 50 יחידות שתיה,יח',50.00,יח',false,,9.90,0.1980,true,1,28620
7290014731264,false,כוסות לשתיה קרה חד פ,,,כוסות לשתיה קרה חד פ,יח',100.00,יח',false,,6.90,0.0690,true,1,31551
7290014731271,false,כוסות שתיה קרה 80 יח,,,כוסות שתיה קרה 80 יח,אין,0.00,יחידה,false,,5.90,0.0000,true,1,164850
7290014749849,false,שניצל עוף דקיק בציפו,,,שניצל עוף דקיק בציפו,גרמים,720.00,100 גרם,false,,28.90,0.0401,true,1,44180
7290014749863,false,שניצל עוף דקיק בציפו,,,שניצל עוף דקיק בציפו,גרמים,720.00,100 גרם,false,,28.90,0.0401,true,1,44181
7290014759084,false,נפוליאון 16% 225גר,,,נפוליאון 16% 225גר,גרמים,225.00,100 גרם,false,,13.90,0.0618,true,1,784
7290014760912,false,גוש חלב 28% מהדרין 4,,,גוש חלב 28% מהדרין 4,גרמים,400.00,100 גרם,false,,25.10,0.0628,true,1,17215
7290014761193,false,פרילי פירות יער 1.5%,,,פרילי פירות יער 1.5%,גרמים,125.00,100 גרם,false,,3.50,0.0280,true,1,17220
7290014762831,false,גבינת שמנת נפוליאון,,,גבינת שמנת נפוליאון,גרמים,225.00,100 גרם,false,,13.90,0.0618,true,1,790
7290014855458,false,מגבוני בייבי פרפורמנ,,,מגבוני בייבי פרפורמנ,אין,0.00,יחידה,false,,15.90,0.0000,true,1,19211
7290014940901,false,לחם פשוט מלא אנגל 75,,,לחם פשוט מלא אנגל 75,גרמים,750.00,100 גרם,false,,14.90,0.0199,true,1,22686
7290015009119,false,עלי טורטייה מקמח לבן,,,עלי טורטייה מקמח לבן,גרמים,420.00,100 גרם,false,,15.00,0.0357,true,1,29188
7290015009584,false,רוטב חריף מפלפל חלפי,,,רוטב חריף מפלפל חלפי,גרמים,148.00,100 גרם,false,,19.90,0.1345,true,1,163104
7290015139267,false,חופשי שוקולד מריר עם,,,חופשי שוקולד מריר עם,גרמים,85.00,100 גרם,false,,5.90,0.0694,true,1,24740
7290015150118,false,עגבניות חתוכות דק בל,,,עגבניות חתוכות דק בל,גרמים,400.00,100 גרם,false,,16.90,0.0422,true,1,4933
7290015193566,false,אובלטים שומשום 300 ג,,,אובלטים שומשום 300 ג,גרמים,300.00,100 גרם,false,,9.90,0.0330,true,1,25576
7290015253321,false,"פחם 2 ק""ג ירוק פרימי",,,"פחם 2 ק""ג ירוק פרימי",אלף,2.00,"ק""ג",false,,13.90,6.9500,true,1,31553
7290015347273,false,נטיפי שוקולד מריר לא,,,נטיפי שוקולד מריר לא,גרמים,250.00,100 גרם,false,,9.90,0.0396,true,1,12456
7290015652261,false,בוטנים קלויים ששון ה,,,בוטנים קלויים ששון ה,גרמים,300.00,100 גרם,false,,10.00,0.0333,true,1,7701
7290015652285,false,אגוזים קלופים 250 גר,,,אגוזים קלופים 250 גר,גרמים,250.00,100 גרם,false,,20.00,0.0800,true,1,75573
7290015652292,false,קבוקים עם שומשום ששו,,,קבוקים עם שומשום ששו,גרמים,400.00,100 גרם,false,,10.00,0.0250,true,1,7703
7290015652308,false,מנצ'ס ששון הקולה 300,,,מנצ'ס ששון הקולה 300,גרמים,300.00,100 גרם,false,,10.00,0.0333,true,1,7704
7290015652322,false,בוטנים אמריקאים מצופ,,,בוטנים אמריקאים מצופ,גרמים,400.00,100 גרם,false,,10.00,0.0250,true,1,7706
7290015652407,false,פיסטוק קלוי ששון הקו,,,פיסטוק קלוי ששון הקו,גרמים,250.00,100 גרם,false,,20.00,0.0800,true,1,7707
7290015733229,false,מטרנה אקסטרה קר מהדר,,,מטרנה אקסטרה קר מהדר,גרמים,700.00,100 גרם,false,,59.90,0.0856,true,1,13918
7290015766005,false,שרי וויטני יחידה,,,שרי וויטני יחידה,גרמים,500.00,100 גרם,false,,9.90,0.0198,true,1,32414
7290015781015,false,ויז'ן מלבק,,,ויז'ן מלבק,מיליליטרים,750.00,"100 מ""ל",false,,34.90,0.0465,true,1,163537
7290015781046,false,ויז'ן לבן חצי יבש 75,,,ויז'ן לבן חצי יבש 75,מיליליטרים,750.00,"100 מ""ל",false,,34.90,0.0465,true,1,163538
7290016015829,false,"תאנים מיובשות בד""צ 2",,,"תאנים מיובשות בד""צ 2",גרמים,210.00,100 גרם,false,,19.90,0.0948,true,1,101983
7290016087239,false,רוטב עגבניות לשקשוקה,,,רוטב עגבניות לשקשוקה,גרמים,240.00,100 גרם,false,,4.90,0.0204,true,1,5058
7290016087475,false,עגבניות חתוכות דק פר,,,עגבניות חתוכות דק פר,גרמים,400.00,100 גרם,false,,4.00,0.0100,true,1,58911
7290016096477,false,טונה פילטונה 140 גרם,,,טונה פילטונה 140 גרם,גרמים,140.00,100 גרם,false,,5.20,0.0371,true,1,4998
7290016096675,false,טונה בשמן זית פילטונ,,,טונה בשמן זית פילטונ,גרמים,240.00,100 גרם,false,,17.90,0.0746,true,1,5002
7290016096729,false,נתחי טונה פילטונה רב,,,נתחי טונה פילטונה רב,גרמים,432.00,100 גרם,false,,19.90,0.0461,true,1,5004
7290016104868,false,סירופ בטעם מייפל 700,,,סירופ בטעם מייפל 700,גרמים,700.00,100 גרם,false,,12.90,0.0184,true,1,11546
7290016117417,false,כרית יפנית 6 יח,,,כרית יפנית 6 יח,אין,0.00,יחידה,false,,8.90,0.0000,true,1,164167
7290016197495,false,מטלית קסם לרצפה מארז,,,מטלית קסם לרצפה מארז,אין,0.00,יחידה,false,,16.90,0.0000,true,1,9664
7290016197877,false,שקית לפחי מטבח קטנים,,,שקית לפחי מטבח קטנים,אין,0.00,יחידה,false,,19.90,0.0000,true,1,9669
7290016273090,false,סוכרית לוליפופ על מק,,,סוכרית לוליפופ על מק,גרמים,31.00,100 גרם,false,,5.50,0.1774,true,1,7272
7290016334500,false,לבבות חסה זוגות בשקי,,,לבבות חסה זוגות בשקי,יח',1.00,יח',false,,9.90,9.9000,true,1,29081
7290016509830,false,פרסיל ג'ל 2.5 ליטר ב,,,פרסיל ג'ל 2.5 ליטר ב,ארגז,2.50,ליטר,false,,34.90,13.9600,true,1,22416
7290016509847,false,פרסיל ג'ל 2.5 ליטר ב,,,פרסיל ג'ל 2.5 ליטר ב,ארגז,2.50,ליטר,false,,34.90,13.9600,true,1,22417
7290016510232,false,תחליב רחצה יוגורט קו,,,תחליב רחצה יוגורט קו,מיליליטרים,700.00,"100 מ""ל",false,,9.90,0.0141,true,1,9368
7290016510287,false,תחליב רחצה קרם דבש ה,,,תחליב רחצה קרם דבש ה,מיליליטרים,700.00,"100 מ""ל",false,,9.90,0.0141,true,1,9372
7290016564204,false,מארז כריות יפניות מב,,,מארז כריות יפניות מב,אין,0.00,יחידה,false,,8.90,0.0000,true,1,29126
7290016621013,false,קרם גוף קמיל בלו  50,,,קרם גוף קמיל בלו  50,מיליליטרים,500.00,"100 מ""ל",false,,29.90,0.0598,true,1,19070
7290016866650,false,מש.שיניים אוריגינל פ,,,מש.שיניים אוריגינל פ,מיליליטרים,75.00,"100 מ""ל",false,,31.90,0.4253,true,1,7281
7290016967074,false,חיטה מלאה אנגל 750 ג,,,חיטה מלאה אנגל 750 ג,גרמים,750.00,100 גרם,false,,16.90,0.0225,true,1,22690
7290017062693,false,מרכך כביסה מרוכז טאצ,,,מרכך כביסה מרוכז טאצ,ארגז,1.00,ליטר,false,,12.90,12.9000,true,1,24421
7290017062730,false,נוזל כלים לבנדר 36%,,,נוזל כלים לבנדר 36%,מיליליטרים,750.00,"100 מ""ל",false,,8.90,0.0119,true,1,24423
7290017062747,false,נוזל כלים תפוח 36% 7,,,נוזל כלים תפוח 36% 7,מיליליטרים,750.00,"100 מ""ל",false,,8.90,0.0119,true,1,24424
7290017068367,false,מיה שמרים בוואקום 12,,,מיה שמרים בוואקום 12,גרמים,125.00,100 גרם,false,,4.90,0.0392,true,1,12499
7290017088082,false,חיתולי ביייביסיטר סט,,,חיתולי ביייביסיטר סט,יח',36.00,יח',false,,34.90,0.9694,true,1,164054
7290017088105,false,ביייביסיטר נוחות מיד,,,ביייביסיטר נוחות מיד,יח',40.00,יח',false,,34.90,0.8725,true,1,19216
7290017088112,false,ביייביסיטר נוחות מיד,,,ביייביסיטר נוחות מיד,יח',36.00,יח',false,,34.90,0.9694,true,1,19217
7290017088136,false,ביייביסיטר נוחות מיד,,,ביייביסיטר נוחות מיד,יח',40.00,יח',false,,34.90,0.8725,true,1,19219
7290017142005,false,שמן קוקוס אורגני כתי,,,שמן קוקוס אורגני כתי,מיליליטרים,320.00,"100 מ""ל",false,,30.90,0.0966,true,1,19137
7290017142180,false,פילה טונה פרוס זית ל,,,פילה טונה פרוס זית ל,גרמים,120.00,100 גרם,false,,14.90,0.1242,true,1,5030
7290017142371,false,שמן שומשום לא מזוכך,,,שמן שומשום לא מזוכך,מיליליטרים,250.00,"100 מ""ל",false,,29.90,0.1196,true,1,19148
7290017457925,false,מרכך כביסה מרוכז סוד,,,מרכך כביסה מרוכז סוד,מיליליטרים,900.00,"100 מ""ל",false,,9.90,0.0110,true,1,22444
7290017457932,false,מרכך כביסה מרוכז סוד,,,מרכך כביסה מרוכז סוד,מיליליטרים,900.00,"100 מ""ל",false,,9.90,0.0110,true,1,22445
7290017477169,false,קשיו קלוי ששון הקולה,,,קשיו קלוי ששון הקולה,גרמים,250.00,100 גרם,false,,20.00,0.0800,true,1,7723
7290017641744,false,איגלו סטיקס כרמית 8*,,,איגלו סטיקס כרמית 8*,גרמים,800.00,100 גרם,false,,4.90,0.0061,true,1,24796
7290017812052,false,אקסלנס שיראז קברנה ס,,,אקסלנס שיראז קברנה ס,מיליליטרים,750.00,"100 מ""ל",false,,25.90,0.0345,true,1,5860
7290017812380,false,תירוש מיץ ענבים אדום,,,תירוש מיץ ענבים אדום,מיליליטרים,750.00,"100 מ""ל",false,,12.90,0.0172,true,1,5867
7290017812847,false,סלקטד פרנץ קולומברד,,,סלקטד פרנץ קולומברד,מיליליטרים,750.00,"100 מ""ל",false,,29.90,0.0399,true,1,5871
7290017812861,false,יין וינו לבן יבש יקב,,,יין וינו לבן יבש יקב,מיליליטרים,750.00,"100 מ""ל",false,,21.90,0.0292,true,1,66068
7290017871424,false,טוסו חטיף תמרים ובוט,,,טוסו חטיף תמרים ובוט,גרמים,0.00,גרם,false,,16.90,0.0000,true,1,8173
7290017871448,false,טוסו חטיף תמרים וקשי,,,טוסו חטיף תמרים וקשי,אין,0.00,יחידה,false,,16.90,0.0000,true,1,8175
7290017872070,false,פרשוואנס מגבונים מאר,,,פרשוואנס מגבונים מאר,אין,0.00,יחידה,false,,12.90,0.0000,true,1,159402
7290017928616,false,שטוחלה שומשום מאיר ב,,,שטוחלה שומשום מאיר ב,גרמים,300.00,100 גרם,false,,11.90,0.0397,true,1,8225
7290017941103,false,מזלגות 100 יח' לבן,,,מזלגות 100 יח' לבן,אין,0.00,יחידה,false,,7.90,0.0000,true,1,50049
7290017941271,false,סכינים 40 יח' עבה אי,,,סכינים 40 יח' עבה אי,אין,0.00,יחידה,false,,7.90,0.0000,true,1,31566
7290017941516,false,שקיות זיפר S לאחסון-,,,שקיות זיפר S לאחסון-,אין,0.00,יחידה,false,,6.90,0.0000,true,1,49615
7290017941530,false,כוסות TO-GO לשתייה ח,,,כוסות TO-GO לשתייה ח,אין,0.00,יחידה,false,,12.90,0.0000,true,1,42660
7290017941950,false,שקיות אוכל זוגות 150,,,שקיות אוכל זוגות 150,אין,0.00,יחידה,false,,9.90,0.0000,true,1,72683
7290017946368,false,סוד כדוריות לאסלה P.,,,סוד כדוריות לאסלה P.,גרמים,150.00,100 גרם,false,,16.90,0.1127,true,1,22449
7290017946542,false,סוד מרכך כביסה  מרוכ,,,סוד מרכך כביסה  מרוכ,ארגז,1.80,ליטר,false,,19.90,11.0556,true,1,22450
7290017947105,false,לחם בסגנון אמריקה אנ,,,לחם בסגנון אמריקה אנ,גרמים,500.00,100 גרם,false,,14.90,0.0298,true,1,22698
7290017947464,false,שמיניית פיתות כוסמין,,,שמיניית פיתות כוסמין,גרמים,400.00,100 גרם,false,,15.90,0.0398,true,1,22708
7290017947891,false,לחם כוסמין וחיטה מלא,,,לחם כוסמין וחיטה מלא,גרמים,750.00,100 גרם,false,,16.90,0.0225,true,1,22713
7290017947938,false,8 לחמניות המבורגר בס,,,8 לחמניות המבורגר בס,גרמים,4000.00,100 גרם,false,,14.90,0.0037,true,1,22715
7290018333044,false,שלוקים בטעם ענבים 20,,,שלוקים בטעם ענבים 20,גרמים,200.00,100 גרם,false,,21.90,0.1095,true,1,139280
7290018344163,false,חלווה משומשום פולי ק,,,חלווה משומשום פולי ק,גרמים,70.00,100 גרם,false,,7.90,0.1129,true,1,99179
7290018359129,false,פאסאטה מחית עגבניות,,,פאסאטה מחית עגבניות,גרמים,690.00,100 גרם,false,,8.90,0.0129,true,1,4848
7290018359495,false,תירס מהשדה בלי תוספת,,,תירס מהשדה בלי תוספת,גרמים,550.00,100 גרם,false,,8.90,0.0162,true,1,9483
7290018359853,false,עדשים שחורות יכין 40,,,עדשים שחורות יכין 40,גרמים,400.00,100 גרם,false,,7.90,0.0198,true,1,75032
7290018359884,false,פולפה ליקופן טבעית י,,,פולפה ליקופן טבעית י,גרמים,800.00,100 גרם,false,,16.90,0.0211,true,1,113826
7290018440483,false,בייגלה מצופה קרמל מל,,,בייגלה מצופה קרמל מל,גרמים,140.00,100 גרם,false,,7.90,0.0564,true,1,54680
7290018471906,false,שוופס מוגז לימונדה ו,,,שוופס מוגז לימונדה ו,ארגז,1.50,ליטר,false,,9.50,6.3333,true,1,94285
7290018500361,false,לחם אחיד פרוס מאפיית,,,לחם אחיד פרוס מאפיית,גרמים,900.00,100 גרם,false,,8.32,0.0092,true,1,164890
7290018500392,true,חלה קלועה אנגל 650 ג,,,חלה קלועה אנגל 650 ג,גרמים,650.00,100 גרם,false,,6.50,0.0100,true,1,184617
7290018540329,false,פיתה פיתה אנגל 880 ג,,,פיתה פיתה אנגל 880 ג,יח',10.00,יח',false,,12.90,1.2900,true,1,22717
7290018626030,false,קערות וינטג' 10 יח',,,קערות וינטג' 10 יח',אין,0.00,יחידה,false,,14.90,0.0000,true,1,39916
7290018626337,false,קערות וינטג' 10 יח',,,קערות וינטג' 10 יח',אין,0.00,יחידה,false,,14.90,0.0000,true,1,39917
7290018626511,false,שקיות L שרוך 50 יח',,,שקיות L שרוך 50 יח',אין,0.00,יחידה,false,,14.90,0.0000,true,1,35379
7290018626573,false,ניילון נצמד 40*100 ע,,,ניילון נצמד 40*100 ע,מטרים,100.00,מטר,false,,18.90,0.1890,true,1,47505
7290018720219,false,פיצפוצי אורז ללא סוכ,,,פיצפוצי אורז ללא סוכ,גרמים,250.00,100 גרם,false,,12.90,0.0516,true,1,173907
7290018886366,false,סכינים מהודרים שקוף,,,סכינים מהודרים שקוף,אין,0.00,יחידה,false,,6.90,0.0000,true,1,106971
7290018886403,false,מזלגות מהודרים שקוף,,,מזלגות מהודרים שקוף,אין,0.00,יחידה,false,,6.90,0.0000,true,1,106999
7290018886441,false,כפות מהודרות שקוף 10,,,כפות מהודרות שקוף 10,אין,0.00,יחידה,false,,6.90,0.0000,true,1,107027
7290018886489,false,כפיות מהודרות שקוף 1,,,כפיות מהודרות שקוף 1,אין,0.00,יחידה,false,,5.90,0.0000,true,1,106955
7290018886618,false,כוסות דמוי שיש 40 יח,,,כוסות דמוי שיש 40 יח,אין,0.00,יחידה,false,,8.90,0.0000,true,1,66510
7290018886953,false,כפיות מוכספים  20 יח,,,כפיות מוכספים  20 יח,אין,0.00,יחידה,false,,8.90,0.0000,true,1,85214
7290018886991,false,שמן קנולה אלומות 1 ל,,,שמן קנולה אלומות 1 ל,ארגז,1.00,ליטר,false,,10.90,10.9000,true,1,79102
7290018893258,false,צ'וקטה עוגות אישיות,,,צ'וקטה עוגות אישיות,גרמים,300.00,100 גרם,false,,10.90,0.0363,true,1,70278
7290018893647,false,עוגיות סנדויץ' מצופו,,,עוגיות סנדויץ' מצופו,גרמים,150.00,100 גרם,false,,7.90,0.0527,true,1,111878
7290018893906,false,צ'וקטה עוגיות סנדביץ,,,צ'וקטה עוגיות סנדביץ,גרמים,250.00,100 גרם,false,,7.90,0.0316,true,1,146307
7290018894606,false,וופל במילוי קרם קקאו,,,וופל במילוי קרם קקאו,גרמים,175.00,100 גרם,false,,7.90,0.0451,true,1,149740
7290019031079,false,תבנית R-29 מרובעת קט,,,תבנית R-29 מרובעת קט,אין,0.00,יחידה,false,,9.90,0.0000,true,1,128924
7290019031284,false,זוג מזלגות הגשה זהב,,,זוג מזלגות הגשה זהב,אין,0.00,יחידה,false,,5.90,0.0000,true,1,107097
7290019031369,false,"צלחות גדולות 9"" קרם",,,"צלחות גדולות 9"" קרם",אין,0.00,יחידה,false,,14.90,0.0000,true,1,124654
7290019031543,false,שמן זית כתית מעולה א,,,שמן זית כתית מעולה א,מיליליטרים,750.00,"100 מ""ל",false,,29.90,0.0399,true,1,133907
7290019031642,false,WIZ צלחות ענקיות שקו,,,WIZ צלחות ענקיות שקו,אין,0.00,יחידה,false,,21.90,0.0000,true,1,175823
7290019031659,false,WIZ צלחות גדולות  שק,,,WIZ צלחות גדולות  שק,אין,0.00,יחידה,false,,13.90,0.0000,true,1,175824
7290019056058,false,שוופס מוגז עדין תפוח,,,שוופס מוגז עדין תפוח,ארגז,1.50,ליטר,false,,8.50,5.6667,true,1,94035
7290019056065,false,שוופס מוגז עדין פירו,,,שוופס מוגז עדין פירו,ארגז,1.50,ליטר,false,,8.50,5.6667,true,1,94036
7290019056072,false,שוופס מוגז עדין אננס,,,שוופס מוגז עדין אננס,ארגז,1.50,ליטר,false,,8.50,5.6667,true,1,94050
7290019056096,false,שוופס מוגז עדין אפרס,,,שוופס מוגז עדין אפרס,ארגז,1.50,ליטר,false,,8.50,5.6667,true,1,94066
7290019056614,false,ספרינג אפרסק 1.5 ליט,,,ספרינג אפרסק 1.5 ליט,ארגז,1.50,ליטר,false,,8.50,5.6667,true,1,93480
7290019153344,false,תפוזינה סנגריה 1.5 ל,,,תפוזינה סנגריה 1.5 ל,ארגז,1.50,ליטר,false,,8.50,5.6667,true,1,154870
7290019153351,false,תפוזינה פינק אוזו 1.,,,תפוזינה פינק אוזו 1.,ארגז,1.50,ליטר,false,,8.50,5.6667,true,1,154883
7290019232094,false,חליטת פירות וצמחים ב,,,חליטת פירות וצמחים ב,גרמים,37.50,100 גרם,false,,17.90,0.4773,true,1,161501
7290019245001,false,שמן קנולה אלומות 1 ל,,,שמן קנולה אלומות 1 ל,ארגז,1.00,ליטר,false,,10.90,10.9000,true,1,143525
7290100243671,false,בדין אקסטרא כחול-960,,,בדין אקסטרא כחול-960,מיליליטרים,960.00,"100 מ""ל",false,,15.90,0.0166,true,1,10349
7290100573402,false,אביזרי מטבח,,,אביזרי מטבח,אין,0.00,יחידה,false,,14.90,0.0000,true,1,21921
7290100681138,false,אפרופו מאח 3*50 גר',,,אפרופו מאח 3*50 גר',גרמים,150.00,100 גרם,false,,12.90,0.0860,true,1,1576
7290100685136,false,מרק בטעם עוף אסם 1 ק,,,מרק בטעם עוף אסם 1 ק,אלף,1.00,"ק""ג",false,,14.90,14.9000,true,1,1588
7290100685938,false,עוגת דבש ת.עץ פירורי,,,עוגת דבש ת.עץ פירורי,גרמים,400.00,100 גרם,false,,18.50,0.0463,true,1,1594
7290100689301,false,מרק בטעם עוף זך אסם,,,מרק בטעם עוף זך אסם,גרמים,400.00,100 גרם,false,,13.90,0.0348,true,1,1600
7290100700396,false,סוגת אורז יסמין קלאס,,,סוגת אורז יסמין קלאס,אלף,1.00,"ק""ג",false,,11.90,11.9000,true,1,13274
7290100700563,false,אורז מיקס קלאסי 1 ק',,,אורז מיקס קלאסי 1 ק',אלף,1.00,"ק""ג",false,,12.90,12.9000,true,1,13278
7290100700587,false,סוגת בורגול 500 גר,,,סוגת בורגול 500 גר,גרמים,500.00,100 גרם,false,,5.90,0.0118,true,1,13279
7290100850909,false,דוריטוס נאצו מקסיקני,,,דוריטוס נאצו מקסיקני,גרמים,70.00,100 גרם,false,,3.60,0.0514,true,1,16365
7290100850916,false,דוריטוס חמוץ חריף 70,,,דוריטוס חמוץ חריף 70,גרמים,70.00,100 גרם,false,,3.60,0.0514,true,1,16366
7290100850930,false,דוריטוס טבעי 70 גרם,,,דוריטוס טבעי 70 גרם,גרמים,70.00,100 גרם,false,,3.60,0.0514,true,1,16368
7290101551263,false,סילאן טבעי יד מרדכי,,,סילאן טבעי יד מרדכי,גרמים,700.00,100 גרם,false,,21.90,0.0313,true,1,15438
7290101551300,false,סילאן טבעי לחיץ יד מ,,,סילאן טבעי לחיץ יד מ,גרמים,380.00,100 גרם,false,,14.90,0.0392,true,1,15439
7290101863410,false,סיליט באנג ספריי אקו,,,סיליט באנג ספריי אקו,מיליליטרים,750.00,"100 מ""ל",false,,14.90,0.0199,true,1,14564
7290101866633,false,וניש קליה ג'ל 3 ליטר,,,וניש קליה ג'ל 3 ליטר,ארגז,3.00,ליטר,false,,29.90,9.9667,true,1,14572
7290101869733,false,ג'ל 1 ליטר לימון AIO,,,ג'ל 1 ליטר לימון AIO,ארגז,1.00,ליטר,false,,42.90,42.9000,true,1,14583
7290101869917,false,איירוויק מילוי מבשם,,,איירוויק מילוי מבשם,מיליליטרים,250.00,"100 מ""ל",false,,15.90,0.0636,true,1,14594
7290101985365,false,בקבוק אלומיניום גדול,,,בקבוק אלומיניום גדול,אין,0.00,יחידה,false,,22.50,0.0000,true,1,21021
7290103156480,false,מזלג לבן 100 יחידות,,,מזלג לבן 100 יחידות,אין,0.00,יחידה,false,,7.90,0.0000,true,1,24030
7290103401429,false,קפה אוריגינס קצב ברז,,,קפה אוריגינס קצב ברז,גרמים,200.00,100 גרם,false,,24.90,0.1245,true,1,15448
7290103681173,false,הר תבור קברנה סוביני,,,הר תבור קברנה סוביני,מיליליטרים,750.00,"100 מ""ל",false,,35.90,0.0479,true,1,8679
7290103681180,false,"הר תבור מרלו 750 מ""ל",,,"הר תבור מרלו 750 מ""ל",מיליליטרים,750.00,"100 מ""ל",false,,35.90,0.0479,true,1,8680
7290103701130,false,טאצ מטליות מקרופייבר,,,טאצ מטליות מקרופייבר,אין,0.00,יחידה,false,,13.90,0.0000,true,1,16454
7290103702540,false,נייר טואלט  30 יח' מ,,,נייר טואלט  30 יח' מ,אין,0.00,יחידה,false,,23.90,0.0000,true,1,16466
7290103703219,false,טאצ' מטליות לחות לני,,,טאצ' מטליות לחות לני,אין,0.00,יחידה,false,,20.90,0.0000,true,1,24429
7290103703233,false,טאצ' מטליות לחות לני,,,טאצ' מטליות לחות לני,אין,0.00,יחידה,false,,20.90,0.0000,true,1,24430
7290103704186,false,מגבות טאצ' גליל כפול,,,מגבות טאצ' גליל כפול,אין,0.00,יחידה,false,,19.90,0.0000,true,1,111085
7290104061431,false,אחלה חומוס צנובר 400,,,אחלה חומוס צנובר 400,גרמים,400.00,100 גרם,false,,10.90,0.0273,true,1,16032
7290104062599,false,גמדים תות בננה 8*100,,,גמדים תות בננה 8*100,מיליליטרים,800.00,"100 מ""ל",false,,18.90,0.0236,true,1,16034
7290104066566,false,אחלה טחינה 500ג,,,אחלה טחינה 500ג,גרמים,500.00,100 גרם,false,,13.80,0.0276,true,1,16037
7290104500572,false,אפרופו איטלקי 36*50ג,,,אפרופו איטלקי 36*50ג,גרמים,50.00,100 גרם,false,,5.00,0.1000,true,1,1601
7290104570162,false,תמר כבוש 500 גרם,,,תמר כבוש 500 גרם,גרמים,500.00,100 גרם,false,,9.90,0.0198,true,1,26342
7290104721762,false,טורקי עלית 3*85 גר'.,,,טורקי עלית 3*85 גר'.,גרמים,255.00,100 גרם,false,,18.90,0.0741,true,1,15466
7290104962073,false,דאו' ספריי גולד טיטנ,,,דאו' ספריי גולד טיטנ,מיליליטרים,180.00,"100 מ""ל",false,,15.90,0.0883,true,1,19808
7290104963650,false,סופטקר שמפו אלדמע 1,,,סופטקר שמפו אלדמע 1,ארגז,1.00,ליטר,false,,17.90,17.9000,true,1,19827
7290104964107,false,קרם עיניים קרליין  3,,,קרם עיניים קרליין  3,מיליליטרים,50.00,"100 מ""ל",false,,29.90,0.5980,true,1,56030
7290105360755,false,שמן זית 3 חזק כתית י,,,שמן זית 3 חזק כתית י,מיליליטרים,750.00,"100 מ""ל",false,,33.90,0.0452,true,1,4323
7290105364302,false,כיף כף מקלות אגוזים,,,כיף כף מקלות אגוזים,גרמים,42.00,100 גרם,false,,4.90,0.1167,true,1,15482
7290105368904,false,יטבתה שמנת עמידה לקצ,,,יטבתה שמנת עמידה לקצ,מיליליטרים,250.00,"100 מ""ל",false,,7.50,0.0300,true,1,658
7290105500953,false,ג'ק נדיאלס וויסקי דב,,,ג'ק נדיאלס וויסקי דב,מיליליטרים,700.00,"100 מ""ל",false,,99.90,0.1427,true,1,11623
7290105693341,false,במבה מאח.15 10*25גרם,,,במבה מאח.15 10*25גרם,גרמים,250.00,100 גרם,false,,14.90,0.0596,true,1,1631
7290105694928,false,אבקת מרק בצל רכיבים,,,אבקת מרק בצל רכיבים,גרמים,220.00,100 גרם,false,,13.90,0.0632,true,1,1636
7290106521926,false,קפה טורקי עלית 150 ג,,,קפה טורקי עלית 150 ג,גרמים,150.00,100 גרם,false,,12.90,0.0860,true,1,15496
7290106524439,false,תפוציפס פופס 60 גרם,,,תפוציפס פופס 60 גרם,גרמים,60.00,100 גרם,false,,3.90,0.0650,true,1,16382
7290106525368,false,רבע לשבע אין סייד או,,,רבע לשבע אין סייד או,גרמים,125.00,100 גרם,false,,10.90,0.0872,true,1,15499
7290106528628,false,דוריטוס טבעי 185 גר`,,,דוריטוס טבעי 185 גר`,גרמים,185.00,100 גרם,false,,7.50,0.0405,true,1,16384
7290106572027,false,לחמית חמישה דגנים אס,,,לחמית חמישה דגנים אס,גרמים,190.00,100 גרם,false,,8.90,0.0468,true,1,1651
7290106573086,false,זוג קוסקוס בינוני אס,,,זוג קוסקוס בינוני אס,גרמים,700.00,100 גרם,false,,9.90,0.0141,true,1,1658
7290106573314,false,אסם קריספי טאפאס כפר,,,אסם קריספי טאפאס כפר,גרמים,150.00,100 גרם,false,,11.50,0.0767,true,1,1660
7290106578692,false,במבה ביסלי מיקס 36*8,,,במבה ביסלי מיקס 36*8,גרמים,80.00,100 גרם,false,,4.50,0.0563,true,1,1677
7290106720626,false,ציטוס  גבינה 80 גרם,,,ציטוס  גבינה 80 גרם,גרמים,80.00,100 גרם,false,,4.90,0.0613,true,1,16396
7290107280075,false,4 תבניות אלומיניום L,,,4 תבניות אלומיניום L,אין,0.00,יחידה,false,,9.90,0.0000,true,1,90543
7290107280716,false,סנו ספארק מלח למדיח,,,סנו ספארק מלח למדיח,אלף,2.00,"ק""ג",false,,12.90,6.4500,true,1,19877
7290107280754,false,ספארק נוזל לכלים עדי,,,ספארק נוזל לכלים עדי,מיליליטרים,700.00,"100 מ""ל",false,,9.90,0.0141,true,1,19882
7290107340526,false,מטען בית טייפ סי,,,מטען בית טייפ סי,אין,0.00,יחידה,false,,39.90,0.0000,true,1,143817
7290107341370,false,כבל  טייפ סי,,,כבל  טייפ סי,אין,0.00,יחידה,false,,19.90,0.0000,true,1,143821
7290107649681,false,טילון פסק זמן נוגט ק,,,טילון פסק זמן נוגט ק,אין,0.00,יחידה,false,,6.90,0.0000,true,1,7513
7290107649780,false,שוקובו חדש,,,שוקובו חדש,אין,0.00,יחידה,false,,8.90,0.0000,true,1,7517
7290107871990,false,פסטה צינורות אסם 500,,,פסטה צינורות אסם 500,גרמים,500.00,100 גרם,false,,5.90,0.0118,true,1,1684
7290107874502,false,ביסלי גריל 4*55 גרם,,,ביסלי גריל 4*55 גרם,גרמים,220.00,100 גרם,false,,12.90,0.0586,true,1,1696
7290107875820,false,קרוטונים אפויים בתיב,,,קרוטונים אפויים בתיב,גרמים,180.00,100 גרם,false,,10.90,0.0606,true,1,1704
7290107877619,false,במבה במילוי קרם נוגט,,,במבה במילוי קרם נוגט,גרמים,150.00,100 גרם,false,,13.90,0.0927,true,1,1712
7290107932080,false,יטבתה חלב בבקבוק 3%,,,יטבתה חלב בבקבוק 3%,ארגז,1.00,ליטר,false,,7.70,7.7000,true,1,664
7290107944472,false,סימפוניה 5% שום שמיר,,,סימפוניה 5% שום שמיר,גרמים,200.00,100 גרם,false,,11.50,0.0575,true,1,668
7290107951111,false,בפלות בטעם לימון עלי,,,בפלות בטעם לימון עלי,גרמים,200.00,100 גרם,false,,3.90,0.0195,true,1,4334
7290107973816,false,עגבניות קצוצות דק מא,,,עגבניות קצוצות דק מא,גרמים,400.00,100 גרם,false,,6.30,0.0157,true,1,58883
7290107974073,false,עלי טורטיה קמח לבן מ,,,עלי טורטיה קמח לבן מ,גרמים,320.00,100 גרם,false,,9.90,0.0309,true,1,14967
7290107974806,false,אורז בסמטי מאסטר שף,,,אורז בסמטי מאסטר שף,אלף,1.00,"ק""ג",false,,10.90,10.9000,true,1,14973
7290107974813,false,אורז יסמין מאסטר שף,,,אורז יסמין מאסטר שף,אלף,1.00,"ק""ג",false,,9.90,9.9000,true,1,14974
7290107978330,false,איטריות דקות מאסטר ש,,,איטריות דקות מאסטר ש,גרמים,400.00,100 גרם,false,,5.90,0.0148,true,1,14995
7290107979191,false,קוקי תבנית אלומניום,,,קוקי תבנית אלומניום,אין,0.00,יחידה,false,,11.90,0.0000,true,1,15001
7290108350531,false,סנו ספארק משאבה בניח,,,סנו ספארק משאבה בניח,ארגז,1.00,ליטר,false,,11.90,11.9000,true,1,19897
7290108350623,false,מרכך כביסה מקסימה סו,,,מרכך כביסה מקסימה סו,אין,0.00,יחידה,false,,18.90,0.0000,true,1,19902
7290108352252,false,ספארק נוזל לכלים  1,,,ספארק נוזל לכלים  1,אין,0.00,יחידה,false,,11.90,0.0000,true,1,19978
7290108352344,false,סנו פרש הום אוטומטיק,,,סנו פרש הום אוטומטיק,גרמים,250.00,100 גרם,false,,13.90,0.0556,true,1,19986
7290108352412,false,סנו פרש הום מטהר אוי,,,סנו פרש הום מטהר אוי,מיליליטרים,300.00,"100 מ""ל",false,,12.90,0.0430,true,1,19990
7290108352795,false,סנו סושי שקיות זיפר,,,סנו סושי שקיות זיפר,אין,0.00,יחידה,false,,12.90,0.0000,true,1,20010
7290108353082,false,סנו סופט 120 ממחטות,,,סנו סופט 120 ממחטות,אין,0.00,יחידה,false,,9.90,0.0000,true,1,20038
7290108353648,false,סנו סושי 70 שקיות או,,,סנו סושי 70 שקיות או,אין,0.00,יחידה,false,,10.90,0.0000,true,1,20060
7290108354621,false,מסכה לשיער עם אפרסק,,,מסכה לשיער עם אפרסק,מיליליטרים,500.00,"100 מ""ל",false,,24.90,0.0498,true,1,175896
7290108356168,false,תחליב רחצה אוקיינוס,,,תחליב רחצה אוקיינוס,מיליליטרים,700.00,"100 מ""ל",false,,11.90,0.0170,true,1,20167
7290108357097,false,דיאודורנט ספריי בניח,,,דיאודורנט ספריי בניח,מיליליטרים,150.00,"100 מ""ל",false,,12.90,0.0860,true,1,134850
7290108357257,false,מכשיר אוטומטי לבישום,,,מכשיר אוטומטי לבישום,מיליליטרים,250.00,"100 מ""ל",false,,44.90,0.1796,true,1,159889
7290108357745,false,שמפו ומרכך תאנה ומנט,,,שמפו ומרכך תאנה ומנט,מיליליטרים,700.00,"100 מ""ל",false,,11.90,0.0170,true,1,20195
7290108357875,false,שמפו לחות מוגברת אפר,,,שמפו לחות מוגברת אפר,מיליליטרים,700.00,"100 מ""ל",false,,11.90,0.0170,true,1,134754
7290108358100,false,מקלות ריחניים לבית ב,,,מקלות ריחניים לבית ב,מיליליטרים,100.00,"100 מ""ל",false,,19.90,0.1990,true,1,123344
7290108359008,false,שקיות זיפר עם סליידר,,,שקיות זיפר עם סליידר,אין,0.00,יחידה,false,,14.90,0.0000,true,1,111836
7290108359015,false,שקיות זיפר עם סליידר,,,שקיות זיפר עם סליידר,אין,0.00,יחידה,false,,14.90,0.0000,true,1,111837
7290108502862,false,מלפפונים כבושים במלח,,,מלפפונים כבושים במלח,גרמים,600.00,100 גרם,false,,8.90,0.0148,true,1,4789
7290108504699,false,נתחי טונה בשמן קנולה,,,נתחי טונה בשמן קנולה,גרמים,640.00,100 גרם,false,,19.90,0.0311,true,1,4791
7290108506495,false,כנאפה קפוא 192.5 גרם,,,כנאפה קפוא 192.5 גרם,גרמים,192.50,100 גרם,false,,12.90,0.0670,true,1,7075
7290108507058,false,ביסקויט פריך בשוקולד,,,ביסקויט פריך בשוקולד,גרמים,100.00,100 גרם,false,,6.90,0.0690,true,1,119363
7290108508734,false,כפפות סנטטיות חד פעמ,,,כפפות סנטטיות חד פעמ,אין,0.00,יחידה,false,,32.90,0.0000,true,1,2109
7290108509205,false,חטיף אורז אפוי לתינו,,,חטיף אורז אפוי לתינו,גרמים,50.00,100 גרם,false,,11.90,0.2380,true,1,107552
7290108509229,false,חטיף אורז אפוי לתינו,,,חטיף אורז אפוי לתינו,גרמים,50.00,100 גרם,false,,11.90,0.2380,true,1,107554
7290108509939,false,פרוסות פילה טונה 120,,,פרוסות פילה טונה 120,גרמים,120.00,100 גרם,false,,12.90,0.1075,true,1,107643
7290109358765,false,דגני קראנץ' רולס נוג,,,דגני קראנץ' רולס נוג,גרמים,450.00,100 גרם,false,,23.90,0.0531,true,1,1743
7290110058814,false,שלישיית ביצי שוקולד,,,שלישיית ביצי שוקולד,גרמים,60.00,100 גרם,false,,12.90,0.2150,true,1,21351
7290110110659,false,סליק ספרייט חדש 330,,,סליק ספרייט חדש 330,מיליליטרים,330.00,"100 מ""ל",false,,5.50,0.0167,true,1,8960
7290110114855,false,מי נביעות שישייה 1.5,,,מי נביעות שישייה 1.5,ארגז,9.00,ליטר,false,,13.90,1.5444,true,1,93368
7290110115180,false,נביעות 1.5 ליטר,,,נביעות 1.5 ליטר,ארגז,1.50,ליטר,false,,3.70,2.4667,true,1,105976
7290110115203,false,קוקה קולה 1.5 ליטר,,,קוקה קולה 1.5 ליטר,ארגז,1.50,ליטר,false,,8.90,5.9333,true,1,93549
7290110115227,false,קוקה קולה זירו בקבוק,,,קוקה קולה זירו בקבוק,ארגז,1.50,ליטר,false,,8.90,5.9333,true,1,93551
7290110115364,false,קוקה קולה 6*1.5 ליטר,,,קוקה קולה 6*1.5 ליטר,ארגז,9.00,ליטר,false,,49.90,5.5444,true,1,93555
7290110115418,false,קוקה קולה זירו שישיי,,,קוקה קולה זירו שישיי,ארגז,9.00,ליטר,false,,46.90,5.2111,true,1,93570
7290110115463,false,פיוז טי אפרסק 1.5 לי,,,פיוז טי אפרסק 1.5 לי,ארגז,1.50,ליטר,false,,9.50,6.3333,true,1,93689
7290110115869,false,קוקה קולה זירו בקבוק,,,קוקה קולה זירו בקבוק,ארגז,1.50,ליטר,false,,8.90,5.9333,true,1,199755
7290110116125,false,סירופ פריגת טעם פטל,,,סירופ פריגת טעם פטל,מיליליטרים,750.00,"100 מ""ל",false,,18.90,0.0252,true,1,159837
7290110116217,false,נביעות+ אשכולית 0 קל,,,נביעות+ אשכולית 0 קל,ארגז,1.50,ליטר,false,,8.90,5.9333,true,1,174126
7290110320867,false,עמק פתיתים למאפים 28,,,עמק פתיתים למאפים 28,גרמים,500.00,100 גרם,false,,29.90,0.0598,true,1,17296
7290110321604,false,פיראוס קוביות בולגרי,,,פיראוס קוביות בולגרי,גרמים,200.00,100 גרם,false,,19.90,0.0995,true,1,17319
7290110326333,false,פרוסות גבינה סקנדינב,,,פרוסות גבינה סקנדינב,גרמים,170.00,100 גרם,false,,17.50,0.1029,true,1,46698
7290110327828,false,GO חטיף חלבון עם חמא,,,GO חטיף חלבון עם חמא,גרמים,60.00,100 גרם,false,,11.90,0.1983,true,1,50527
7290110552817,false,מסטיק ללא סוכר בטעם,,,מסטיק ללא סוכר בטעם,גרמים,66.00,100 גרם,false,,9.90,0.1500,true,1,159668
7290110553623,false,ציטוס  גבינה 80 גרם,,,ציטוס  גבינה 80 גרם,גרמים,80.00,100 גרם,false,,4.90,0.0613,true,1,146320
7290110554422,false,רוטב עגבניות ופלפלים,,,רוטב עגבניות ופלפלים,גרמים,350.00,100 גרם,false,,10.90,0.0311,true,1,123359
7290110555306,false,רבע לשבע טבעוני סינמ,,,רבע לשבע טבעוני סינמ,גרמים,120.00,100 גרם,false,,10.90,0.0908,true,1,145734
7290110557133,false,מעדן הגולן מעדן חלב,,,מעדן הגולן מעדן חלב,גרמים,125.00,100 גרם,false,,2.90,0.0232,true,1,92282
7290110563462,false,יטבתה חלב בבקבוק נטו,,,יטבתה חלב בבקבוק נטו,ארגז,1.00,ליטר,false,,8.90,8.9000,true,1,16188
7290110570569,false,פולי אספרסו עשירים ו,,,פולי אספרסו עשירים ו,גרמים,500.00,100 גרם,false,,74.90,0.1498,true,1,131586
7290110571399,false,מסטיק ללא סוכר בטעם,,,מסטיק ללא סוכר בטעם,גרמים,66.00,100 גרם,false,,9.90,0.1500,true,1,159669
7290110571481,false,קפה נמס עלית 200 גרם,,,קפה נמס עלית 200 גרם,גרמים,200.00,100 גרם,false,,19.90,0.0995,true,1,159682
7290110576370,false,מארז שלישיית אגוז  מ,,,מארז שלישיית אגוז  מ,גרמים,300.00,100 גרם,false,,21.90,0.0730,true,1,190814
7290110576387,false,מארז שלישיית אגוז  ח,,,מארז שלישיית אגוז  ח,גרמים,300.00,100 גרם,false,,21.90,0.0730,true,1,190815
7290111094651,false,קוויק שקיות אשפה L ח,,,קוויק שקיות אשפה L ח,אין,0.00,יחידה,false,,12.90,0.0000,true,1,91216
7290111341984,false,לילי טואלט לח PURE מ,,,לילי טואלט לח PURE מ,אין,0.00,יחידה,false,,19.90,0.0000,true,1,9710
7290111342523,false,מפיות צבעוני ניקול 1,,,מפיות צבעוני ניקול 1,אין,0.00,יחידה,false,,6.90,0.0000,true,1,9718
7290111342738,false,לילי טואלט לח KIDS מ,,,לילי טואלט לח KIDS מ,אין,0.00,יחידה,false,,19.90,0.0000,true,1,9719
7290111344138,false,מטליות לחות אנטיבקטר,,,מטליות לחות אנטיבקטר,יח',0.00,יח',false,,12.90,0.0000,true,1,9726
7290111344206,false,מגבוני האגיס נטורל ק,,,מגבוני האגיס נטורל ק,אין,0.00,יחידה,false,,18.90,0.0000,true,1,90884
7290111563751,false,פנה ריגאטה 20% תוספת,,,פנה ריגאטה 20% תוספת,גרמים,600.00,100 גרם,false,,6.50,0.0108,true,1,1750
7290111935527,false,קולגייט טוטל קלין מי,,,קולגייט טוטל קלין מי,מיליליטרים,200.00,"100 מ""ל",false,,29.90,0.1495,true,1,15028
7290112002112,false,קולון ג'ל 2.5 ליטר ב,,,קולון ג'ל 2.5 ליטר ב,ארגז,2.50,ליטר,false,,24.90,9.9600,true,1,14669
7290112003973,false,וניש מסיר כתמים אבקה,,,וניש מסיר כתמים אבקה,גרמים,1350.00,100 גרם,false,,35.90,0.0266,true,1,66265
7290112004413,false,מסיר כתמים ספריי כבי,,,מסיר כתמים ספריי כבי,מיליליטרים,750.00,"100 מ""ל",false,,16.90,0.0225,true,1,132007
7290112192578,false,מש.שיניים פרמיום הגנ,,,מש.שיניים פרמיום הגנ,מיליליטרים,75.00,"100 מ""ל",false,,35.90,0.4787,true,1,7305
7290112332585,false,"פריכיות הטעימות תפו""",,,"פריכיות הטעימות תפו""",גרמים,30.00,100 גרם,false,,4.90,0.1633,true,1,15711
7290112335487,false,פריכיות הטעימות קצח,,,פריכיות הטעימות קצח,גרמים,135.00,100 גרם,false,,10.90,0.0807,true,1,15726
7290112335500,false,פריכיות הטעימות עשיר,,,פריכיות הטעימות עשיר,גרמים,135.00,100 גרם,false,,10.90,0.0807,true,1,15728
7290112336613,false,עד חצות סנדוויץ' 135,,,עד חצות סנדוויץ' 135,גרמים,135.00,100 גרם,false,,9.90,0.0733,true,1,15739
7290112336651,false,סוכריות מאסט ללא סוכ,,,סוכריות מאסט ללא סוכ,גרמים,80.00,100 גרם,false,,8.90,0.1113,true,1,15743
7290112340122,false,פריכיות הטעימות 3 דג,,,פריכיות הטעימות 3 דג,גרמים,135.00,100 גרם,false,,10.90,0.0807,true,1,15751
7290112340276,false,פינוקיות עוגיית קרם,,,פינוקיות עוגיית קרם,גרמים,200.00,100 גרם,false,,10.90,0.0545,true,1,15756
7290112346360,false,בפלות אחת אחת בציפוי,,,בפלות אחת אחת בציפוי,גרמים,180.00,100 גרם,false,,13.90,0.0772,true,1,4353
7290112346537,false,פינוקיות עוגיות בטעם,,,פינוקיות עוגיות בטעם,גרמים,200.00,100 גרם,false,,10.90,0.0545,true,1,15787
7290112349606,false,דניאלה תות בננה 150,,,דניאלה תות בננה 150,מיליליטרים,150.00,"100 מ""ל",false,,4.10,0.0273,true,1,110602
7290112351258,false,פינוקיות עוגיית שחור,,,פינוקיות עוגיית שחור,גרמים,200.00,100 גרם,false,,10.90,0.0545,true,1,15832
7290112358431,false,דאבל ביסקוויט עם שוק,,,דאבל ביסקוויט עם שוק,גרמים,200.00,100 גרם,false,,12.90,0.0645,true,1,41709
7290112490032,false,נמס בכוס תירס קנור 2,,,נמס בכוס תירס קנור 2,גרמים,45.00,100 גרם,false,,6.90,0.1533,true,1,10430
7290112490209,false,נמס בכוס מרק עגבניות,,,נמס בכוס מרק עגבניות,גרמים,56.00,100 גרם,false,,6.90,0.1232,true,1,10435
7290112490216,false,נמס בכוס בטעם עוף קר,,,נמס בכוס בטעם עוף קר,אין,48.00,יחידה,false,,6.90,0.1438,true,1,10436
7290112490650,false,קונפיטורה 778 תות שד,,,קונפיטורה 778 תות שד,גרמים,340.00,100 גרם,false,,12.40,0.0365,true,1,10441
7290112492548,false,פינוק מרכך לשיער יבש,,,פינוק מרכך לשיער יבש,מיליליטרים,700.00,"100 מ""ל",false,,9.90,0.0141,true,1,10474
7290112492609,false,פינוק תחליב רחצה לבנ,,,פינוק תחליב רחצה לבנ,מיליליטרים,700.00,"100 מ""ל",false,,9.90,0.0141,true,1,10477
7290112494221,false,קליק ביסקוויט 65 גרם,,,קליק ביסקוויט 65 גרם,גרמים,65.00,100 גרם,false,,5.90,0.0908,true,1,10507
7290112494351,false,קורנפלקס של אלופים ת,,,קורנפלקס של אלופים ת,גרמים,850.00,100 גרם,false,,16.90,0.0199,true,1,10515
7290112495006,false,"כריות נוגט תלמה בד""ץ",,,"כריות נוגט תלמה בד""ץ",גרמים,686.00,100 גרם,false,,24.90,0.0363,true,1,10529
7290112495754,false,רוטב אלף האיים הלמנס,,,רוטב אלף האיים הלמנס,גרמים,305.00,100 גרם,false,,10.50,0.0344,true,1,10555
7290112498915,false,מאגדת מיני מגנום שקד,,,מאגדת מיני מגנום שקד,גרמים,310.00,100 גרם,false,,27.90,0.0900,true,1,50769
7290112498922,false,מאגדת מיני מגנום לבן,,,מאגדת מיני מגנום לבן,גרמים,310.00,100 גרם,false,,27.90,0.0900,true,1,50755
7290112499462,false,תחליב רחצה בתוספת שמ,,,תחליב רחצה בתוספת שמ,מיליליטרים,700.00,"100 מ""ל",false,,9.90,0.0141,true,1,50823
7290112499639,false,טילון סופר מגנום וני,,,טילון סופר מגנום וני,אין,0.00,יחידה,false,,9.90,0.0000,true,1,7530
7290112499646,false,קורנטו סופר פקאנים,,,קורנטו סופר פקאנים,אין,0.00,יחידה,false,,9.90,0.0000,true,1,7531
7290112499677,false,מגנום שוקולד לבן ADR,,,מגנום שוקולד לבן ADR,אין,0.00,יחידה,false,,9.90,0.0000,true,1,7533
7290112499943,false,מגנום מאגדת מיני שוק,,,מגנום מאגדת מיני שוק,גרמים,250.00,100 גרם,false,,27.90,0.1116,true,1,7549
7290112963000,false,רוטב צ'ילי מתוק מופח,,,רוטב צ'ילי מתוק מופח,מיליליטרים,290.00,"100 מ""ל",false,,9.90,0.0341,true,1,1816
7290112963918,false,פיטנס חטיפי קרקר דק,,,פיטנס חטיפי קרקר דק,גרמים,140.00,100 גרם,false,,11.90,0.0850,true,1,1820
7290112965264,false,זוג מרק נמס אפונה בד,,,זוג מרק נמס אפונה בד,גרמים,30.00,100 גרם,false,,5.90,0.1967,true,1,1853
7290112967220,false,ביסלי ברביקיו מארז 1,,,ביסלי ברביקיו מארז 1,גרמים,200.00,100 גרם,false,,13.90,0.0695,true,1,1893
7290112968807,false,פיטנס קרקר דק סלק 14,,,פיטנס קרקר דק סלק 14,גרמים,140.00,100 גרם,false,,11.90,0.0850,true,1,1912
7290113103580,false,מארז 3 קרשי חיתוך,,,מארז 3 קרשי חיתוך,אין,0.00,יחידה,false,,24.90,0.0000,true,1,30642
7290113192355,false,זיתים חרוזית ירוק בי,,,זיתים חרוזית ירוק בי,גרמים,275.00,100 גרם,false,,9.90,0.0360,true,1,1938
7290113192362,false,טבעות זיתים ירוקים ב,,,טבעות זיתים ירוקים ב,גרמים,280.00,100 גרם,false,,10.90,0.0389,true,1,603
7290113192393,false,קוקטייל זיתים בית הש,,,קוקטייל זיתים בית הש,גרמים,336.00,100 גרם,false,,10.90,0.0324,true,1,1940
7290113192485,false,מלפפון בחומץ 12-10 ב,,,מלפפון בחומץ 12-10 ב,גרמים,290.00,100 גרם,false,,7.90,0.0272,true,1,1949
7290113192508,false,מלפפון במלח 13-17 בי,,,מלפפון במלח 13-17 בי,גרמים,320.00,100 גרם,false,,9.90,0.0309,true,1,606
7290113192515,false,מלפפון במלח 18-25 בי,,,מלפפון במלח 18-25 בי,גרמים,320.00,100 גרם,false,,10.90,0.0341,true,1,1950
7290113192522,false,מלפפון בחומץ 18-25 ב,,,מלפפון בחומץ 18-25 ב,גרמים,290.00,100 גרם,false,,10.90,0.0376,true,1,1951
7290113192553,false,מלפפון במלח בלדי 13-,,,מלפפון במלח בלדי 13-,גרמים,320.00,100 גרם,false,,10.90,0.0341,true,1,1954
7290113193321,false,שמן זית כתית מעולה ב,,,שמן זית כתית מעולה ב,מיליליטרים,750.00,"100 מ""ל",false,,30.90,0.0412,true,1,92347
7290113193369,false,תרסיס שמן קנולה מזוכ,,,תרסיס שמן קנולה מזוכ,גרמים,150.00,100 גרם,false,,14.90,0.0993,true,1,1961
7290113196506,false,פריכיות כוסמת שקדיה,,,פריכיות כוסמת שקדיה,גרמים,150.00,100 גרם,false,,11.90,0.0793,true,1,75855
7290113196711,false,שקד מולבן שבבים  200,,,שקד מולבן שבבים  200,גרמים,200.00,100 גרם,false,,14.90,0.0745,true,1,105288
7290113198609,false,סוכריות גומי  נחשים,,,סוכריות גומי  נחשים,גרמים,200.00,100 גרם,false,,9.90,0.0495,true,1,127890
7290113199859,false,מגש אירוח סוכריות גו,,,מגש אירוח סוכריות גו,גרמים,350.00,100 גרם,false,,14.90,0.0426,true,1,127904
7290113199903,false,סוכריות חמצוצים בטעם,,,סוכריות חמצוצים בטעם,גרמים,180.00,100 גרם,false,,9.90,0.0550,true,1,127906
7290113199927,false,סוכריות חמצוצים בטעם,,,סוכריות חמצוצים בטעם,גרמים,180.00,100 גרם,false,,9.90,0.0550,true,1,127908
7290113285118,false,כפפות לטקס ללא אבקה,,,כפפות לטקס ללא אבקה,אין,0.00,יחידה,false,,22.90,0.0000,true,1,138895
7290113289345,false,צלחות דקל מרובעות גד,,,צלחות דקל מרובעות גד,אין,0.00,יחידה,false,,16.90,0.0000,true,1,126611
7290113289505,false,רדיד אלומיניום כוכבי,,,רדיד אלומיניום כוכבי,אין,0.00,יחידה,false,,32.90,0.0000,true,1,109127
7290113289611,false,כפפות ויטריל כחולות,,,כפפות ויטריל כחולות,אין,0.00,יחידה,false,,19.90,0.0000,true,1,160749
7290114600927,false,עלי טורטיה חיטה מלאה,,,עלי טורטיה חיטה מלאה,גרמים,320.00,100 גרם,false,,9.90,0.0309,true,1,76350
7290114600941,false,מאסטר שף מאסטר שף  מ,,,מאסטר שף מאסטר שף  מ,גרמים,435.00,100 גרם,false,,13.90,0.0320,true,1,4308
7290114600989,false,מאסטר שף רוטב אלף הא,,,מאסטר שף רוטב אלף הא,מיליליטרים,250.00,"100 מ""ל",false,,9.90,0.0396,true,1,15084
7290114602778,false,FREE סלייסים צ'יפס ב,,,FREE סלייסים צ'יפס ב,גרמים,900.00,100 גרם,false,,14.90,0.0166,true,1,50410
7290114603041,false,פרי גרנולה בוטנים אג,,,פרי גרנולה בוטנים אג,גרמים,300.00,100 גרם,false,,14.90,0.0497,true,1,15094
7290114604895,false,מאסטר שף ממרח ספייסי,,,מאסטר שף ממרח ספייסי,גרמים,446.00,100 גרם,false,,13.90,0.0312,true,1,41486
7290115190540,false,נקסט ריסס קצר פאקט 1,,,נקסט ריסס קצר פאקט 1,אין,0.00,יחידה,false,,270.00,0.0000,false,1,18953
7290115190557,false,סיגריות נקסט(בודד) ר,,,סיגריות נקסט(בודד) ר,אין,0.00,יחידה,false,,28.00,0.0000,false,1,18954
7290115190618,false,טבק מרלבורו רד 30 גר,,,טבק מרלבורו רד 30 גר,גרמים,30.00,100 גרם,false,,75.00,2.5000,false,1,18960
7290115201031,false,אסם פתיבר דובי שוקול,,,אסם פתיבר דובי שוקול,גרמים,175.00,100 גרם,false,,10.50,0.0600,true,1,40542
7290115201680,false,ביסלי ברביקיו 70 גרם,,,ביסלי ברביקיו 70 גרם,גרמים,70.00,100 גרם,false,,3.90,0.0557,true,1,1971
7290115205978,false,פתי בר אצבעות שוקולד,,,פתי בר אצבעות שוקולד,גרמים,180.00,100 גרם,false,,10.90,0.0606,true,1,131453
7290115209174,false,במבה אורירית 60 גרם,,,במבה אורירית 60 גרם,גרמים,80.00,100 גרם,false,,4.50,0.0563,true,1,180005
7290115403299,false,עוגיות פרפריות אדל 4,,,עוגיות פרפריות אדל 4,גרמים,450.00,100 גרם,false,,15.90,0.0353,true,1,147936
7290115403312,false,עוגיות מלוחות קריספי,,,עוגיות מלוחות קריספי,גרמים,450.00,100 גרם,false,,15.90,0.0353,true,1,147938
7290115403480,false,עוגיות בסגנון מרוקאי,,,עוגיות בסגנון מרוקאי,גרמים,500.00,100 גרם,false,,15.90,0.0318,true,1,147954
7290115671346,false,מיני פינוקיות במילוי,,,מיני פינוקיות במילוי,גרמים,180.00,100 גרם,false,,10.90,0.0606,true,1,65554
7290115675559,false,מארז קפה טורקי לדרך,,,מארז קפה טורקי לדרך,גרמים,70.00,100 גרם,false,,7.90,0.1129,true,1,15890
7290115676273,false,עלית קקאו 500 גרם +1,,,עלית קקאו 500 גרם +1,גרמים,500.00,100 גרם,false,,23.90,0.0478,true,1,41661
7290116244037,false,אצבעות שוקולד חלב חד,,,אצבעות שוקולד חלב חד,גרמים,84.00,100 גרם,false,,7.90,0.0940,true,1,124793
7290116530062,false,רוטב לסלט ויניגרטה 2,,,רוטב לסלט ויניגרטה 2,גרמים,295.00,100 גרם,false,,10.50,0.0356,true,1,61207
7290116530260,false,דגני בוקר שוגי קקאו,,,דגני בוקר שוגי קקאו,גרמים,400.00,100 גרם,false,,19.90,0.0497,true,1,68875
7290116530871,false,חטיף נשנושים מיקס+בי,,,חטיף נשנושים מיקס+בי,גרמים,240.00,100 גרם,false,,11.90,0.0496,true,1,173849
7290116531649,false,שמפו בניחוח תפוח פינ,,,שמפו בניחוח תפוח פינ,מיליליטרים,700.00,"100 מ""ל",false,,11.90,0.0170,true,1,100941
7290116531977,false,דאודורנט ספריי גוף ס,,,דאודורנט ספריי גוף ס,מיליליטרים,150.00,"100 מ""ל",false,,12.90,0.0860,true,1,174002
7290116532769,false,גרנולה פרוטאין בתוספ,,,גרנולה פרוטאין בתוספ,גרמים,300.00,100 גרם,false,,16.90,0.0563,true,1,159605
7290116533063,false,שוגי דגני בוקר בטעם,,,שוגי דגני בוקר בטעם,גרמים,400.00,100 גרם,false,,19.90,0.0497,true,1,159618
7290116930015,false,חטיף חלבון בטעם קרמל,,,חטיף חלבון בטעם קרמל,גרמים,60.00,100 גרם,false,,11.90,0.1983,true,1,135091
7290117380208,false,פוף קראנצ בטעם חמוץ,,,פוף קראנצ בטעם חמוץ,גרמים,60.00,100 גרם,false,,3.90,0.0650,true,1,117628
7290117761052,false,מנקה חלונות 1 ליטר ז,,,מנקה חלונות 1 ליטר ז,ארגז,1.00,ליטר,false,,14.90,14.9000,true,1,131519
7290117821398,false,ביצת הפתעה פלסטיק עם,,,ביצת הפתעה פלסטיק עם,גרמים,10.00,100 גרם,false,,5.90,0.5900,true,1,167174
7290117900932,false,גרעיני אבטיח קלויים,,,גרעיני אבטיח קלויים,גרמים,130.00,100 גרם,false,,10.90,0.0838,true,1,160672
7290117900949,false,בוטנים מצופים  אמריק,,,בוטנים מצופים  אמריק,גרמים,250.00,100 גרם,false,,10.90,0.0436,true,1,160673
7290117900970,false,שקד קלוי 180 גרם,,,שקד קלוי 180 גרם,גרמים,180.00,100 גרם,false,,15.90,0.0883,true,1,160676
7290117901021,false,קבוקים בוטנים מצופים,,,קבוקים בוטנים מצופים,גרמים,220.00,100 גרם,false,,10.90,0.0495,true,1,160681
7296021266683,false,"מסננת ידית עץ 12 ס""מ",,,"מסננת ידית עץ 12 ס""מ",אין,0.00,יחידה,false,,13.90,0.0000,true,1,131072
7296102210666,false,סט 5 קופסאות עגול in,,,סט 5 קופסאות עגול in,אין,0.00,יחידה,false,,22.90,0.0000,true,1,60932
7296102831557,false,סט 4 צלחות עמוקות תמ,,,סט 4 צלחות עמוקות תמ,אין,0.00,יחידה,false,,15.00,0.0000,true,1,117996
7501013122114,false,ג'ומקס נקטר אננס קרט,,,ג'ומקס נקטר אננס קרט,ארגז,1.00,ליטר,false,,10.50,10.5000,true,1,25075
7501013122190,false,ג'ומקס משקה תפוחים ק,,,ג'ומקס משקה תפוחים ק,ארגז,1.00,ליטר,false,,10.50,10.5000,true,1,25076
7613033548192,false,דגני בוקר פיטנס שוקו,,,דגני בוקר פיטנס שוקו,גרמים,375.00,100 גרם,false,,19.90,0.0531,true,1,1991
7613035548374,false,דגני בוקר גולדן מיני,,,דגני בוקר גולדן מיני,גרמים,570.00,100 גרם,false,,24.90,0.0437,true,1,2003
7613035758834,false,פיטנס גרנולה חמוציות,,,פיטנס גרנולה חמוציות,גרמים,300.00,100 גרם,false,,14.90,0.0497,true,1,2008
7613035809857,false,פרפקטו רוטב עגבניות,,,פרפקטו רוטב עגבניות,גרמים,400.00,100 גרם,false,,9.90,0.0248,true,1,2012
7613037686906,false,פיטנס שקדים ודבש נסט,,,פיטנס שקדים ודבש נסט,גרמים,355.00,100 גרם,false,,19.90,0.0561,true,1,2061
7613038268262,false,האני נאט ציריוס מופח,,,האני נאט ציריוס מופח,גרמים,410.00,100 גרם,false,,19.90,0.0485,true,1,2065
7622201808631,false,אוראו מיני כוסות בטע,,,אוראו מיני כוסות בטע,גרמים,67.00,100 גרם,false,,7.90,0.1179,true,1,71618
7702018321582,false,דאודורנט סטיק מתקדם,,,דאודורנט סטיק מתקדם,מיליליטרים,50.00,"100 מ""ל",false,,21.90,0.4380,true,1,17813
7702018420476,false,מארז ונוס סווירל ידי,,,מארז ונוס סווירל ידי,אין,0.00,יחידה,false,,44.90,0.0000,true,1,17821
7702174066631,false,יוגטה פינפופ לקקן 10,,,יוגטה פינפופ לקקן 10,גרמים,180.00,100 גרם,false,,7.90,0.0439,true,1,25964
7702174068833,false,'לקקן יוגטה אייס קרי,,,'לקקן יוגטה אייס קרי,גרמים,216.00,100 גרם,false,,9.90,0.0458,true,1,25966
7790040420076,false,אלפחורס עוגיות סנדבי,,,אלפחורס עוגיות סנדבי,גרמים,117.00,100 גרם,false,,8.90,0.0761,true,1,11559
7792860006218,false,בייבי דול לקקן 20גר,,,בייבי דול לקקן 20גר,גרמים,24.00,100 גרם,false,,2.50,0.1042,true,1,11875
7891024030974,false,משחת טריפל אקשן קולג,,,משחת טריפל אקשן קולג,מיליליטרים,75.00,"100 מ""ל",false,,5.90,0.0787,true,1,15114
8000070003811,false,קפסולת LAVAZZA PASSI,,,קפסולת LAVAZZA PASSI,גרמים,120.00,100 גרם,false,,29.90,0.2492,true,1,185557
8000380004911,false,וופל קואדרטיני אגוז,,,וופל קואדרטיני אגוז,גרמים,250.00,100 גרם,false,,13.90,0.0556,true,1,11321
8000380004966,false,וופל קואדרטיני קקאו,,,וופל קואדרטיני קקאו,גרמים,250.00,100 גרם,false,,13.90,0.0556,true,1,11322
8000380007257,false,.וופל מצופה שוקולד ג,,,.וופל מצופה שוקולד ג,גרמים,200.00,100 גרם,false,,13.90,0.0695,true,1,11326
8000380106028,false,1/6 טורטינה אורגינל,,,1/6 טורטינה אורגינל,גרמים,125.00,100 גרם,false,,16.90,0.1352,true,1,11327
8000380201396,false,טורטינה קרמל לואקר 1,,,טורטינה קרמל לואקר 1,גרמים,125.00,100 גרם,false,,16.90,0.1352,true,1,120815
8000380207183,false,טורטינה 1/6 חמאת בוט,,,טורטינה 1/6 חמאת בוט,גרמים,126.00,100 גרם,false,,16.90,0.1341,true,1,163681
8000500023624,false,הפי היפו 5*20ג,,,הפי היפו 5*20ג,גרמים,102.00,100 גרם,false,,11.90,0.1167,true,1,25634
8000500094976,false,פררו רושר קונוס 212.,,,פררו רושר קונוס 212.,גרמים,212.00,100 גרם,false,,38.90,0.1835,true,1,25641
8000500256213,false,פרר-קינדר שוקולד מינ,,,פרר-קינדר שוקולד מינ,גרמים,120.00,100 גרם,false,,9.90,0.0825,true,1,25655
8000500386941,false,ממרח קקאו עם אגוזי ל,,,ממרח קקאו עם אגוזי ל,גרמים,900.00,100 גרם,false,,31.90,0.0354,true,1,146223
8001003100164,false,יוגטה סוכריות ג'לי פ,,,יוגטה סוכריות ג'לי פ,גרמים,450.00,100 גרם,false,,9.90,0.0220,true,1,25973
8001160001786,false,גטורייד ספורט כחול 5,,,גטורייד ספורט כחול 5,אין,500.00,יחידה,false,,10.40,0.0208,true,1,4412
8001160001892,false,גטורייד ספורט תפוז א,,,גטורייד ספורט תפוז א,מיליליטרים,500.00,"100 מ""ל",false,,10.40,0.0208,true,1,4413
8001620015636,false,סן בנדטו בטעם מיקס פ,,,סן בנדטו בטעם מיקס פ,מיליליטרים,400.00,"100 מ""ל",false,,7.50,0.0188,true,1,36743
8001620017449,false,סאן בנדטו פקק ספורט,,,סאן בנדטו פקק ספורט,מיליליטרים,500.00,"100 מ""ל",false,,2.50,0.0050,true,1,9992
8001841663692,false,פיירי נוזל כלים  לימ,,,פיירי נוזל כלים  לימ,מיליליטרים,900.00,"100 מ""ל",false,,11.90,0.0132,true,1,164152
8002267016475,false,צ'וקטה ביצת הפתעה בו,,,צ'וקטה ביצת הפתעה בו,יח',60.00,יח',false,,11.90,0.1983,true,1,25979
8002270846472,false,סאן פלגרינו 500מל,,,סאן פלגרינו 500מל,מיליליטרים,500.00,"100 מ""ל",false,,4.50,0.0090,true,1,10001
8004030022010,false,טונה וירקות גינה ריו,,,טונה וירקות גינה ריו,גרמים,160.00,100 גרם,false,,14.90,0.0931,true,1,15122
8004030026018,false,ריו מרה טונה עם שעוע,,,ריו מרה טונה עם שעוע,גרמים,160.00,100 גרם,false,,14.90,0.0931,true,1,15123
8004735092820,false,שלישיית ביצי שוקולד,,,שלישיית ביצי שוקולד,גרמים,60.00,100 גרם,false,,12.90,0.2150,true,1,124814
8005200316588,false,נסטי דיאט אפרסק 1.5,,,נסטי דיאט אפרסק 1.5,ארגז,1.50,ליטר,false,,8.50,5.6667,true,1,94272
8076800195033,false,ספגטי מס' 3 ברילה 50,,,ספגטי מס' 3 ברילה 50,גרמים,500.00,100 גרם,false,,6.90,0.0138,true,1,15136
8410076621009,false,חטיף פייבר 1 בטעם קר,,,חטיף פייבר 1 בטעם קר,גרמים,120.00,100 גרם,false,,14.90,0.1242,true,1,11353
8410128768324,false,ויוה סוי שקדים קרטונ,,,ויוה סוי שקדים קרטונ,ארגז,1.00,ליטר,false,,11.90,11.9000,true,1,25086
8410128768355,false,ויוה סוי סויה 1 ליטר,,,ויוה סוי סויה 1 ליטר,ארגז,1.00,ליטר,false,,10.90,10.9000,true,1,25087
8410128783587,false,ויוה סוי שיבולת שועל,,,ויוה סוי שיבולת שועל,ארגז,1.00,ליטר,false,,10.90,10.9000,true,1,167989
8423207210928,false,סלים דליס טופינג בטע,,,סלים דליס טופינג בטע,גרמים,90.00,100 גרם,false,,10.90,0.1211,true,1,15175
8435495805106,false,אבקת כביסה ביומט 5 ק,,,אבקת כביסה ביומט 5 ק,אלף,5.00,"ק""ג",false,,25.90,5.1800,true,1,11355
8485818700014,false,משקפיים,,,משקפיים,אין,0.00,יחידה,false,,19.90,0.0000,true,1,20582
8683323063024,false,יוגטה חיספוסים שטיחי,,,יוגטה חיספוסים שטיחי,גרמים,220.00,100 גרם,false,,6.90,0.0314,true,1,25982
8690120060170,false,וופלים אגוזים רויאל,,,וופלים אגוזים רויאל,גרמים,35.00,100 גרם,false,,1.90,0.0543,true,1,78903
8690120129006,false,וופלים מריר רויאל קנ,,,וופלים מריר רויאל קנ,גרמים,35.00,100 גרם,false,,1.90,0.0543,true,1,78905
8690120559995,false,מארז וופלים רויאל קנ,,,מארז וופלים רויאל קנ,גרמים,840.00,100 גרם,false,,28.90,0.0344,true,1,72777
8690526019178,false,וופל קקאו במילוי קרם,,,וופל קקאו במילוי קרם,אין,0.00,יחידה,false,,7.90,0.0000,true,1,7325
8690637946301,false,בדין אקסטרה בייבי  כ,,,בדין אקסטרה בייבי  כ,מיליליטרים,960.00,"100 מ""ל",false,,15.90,0.0166,true,1,10617
8690637976995,false,בדין אקסטרא ורוד- 96,,,בדין אקסטרא ורוד- 96,מיליליטרים,960.00,"100 מ""ל",false,,15.90,0.0166,true,1,10620
8690637989629,false,שלגון דאבל דולצ'ה גו,,,שלגון דאבל דולצ'ה גו,גרמים,63.00,100 גרם,false,,9.90,0.1571,true,1,3804
8690777206051,false,חציל קלוי על האש סרה,,,חציל קלוי על האש סרה,גרמים,650.00,100 גרם,false,,10.90,0.0168,true,1,7108
8710502260032,false,מרבה עוגיות שוקולד צ,,,מרבה עוגיות שוקולד צ,גרמים,150.00,100 גרם,false,,5.90,0.0393,true,1,164665
8710502279010,false,מרבה עוגיות שוקולד צ,,,מרבה עוגיות שוקולד צ,גרמים,175.00,100 גרם,false,,7.90,0.0451,true,1,15189
8712400802499,false,נוטרילון שלב 1- 800,,,נוטרילון שלב 1- 800,גרמים,800.00,100 גרם,false,,64.90,0.0811,true,1,7854
8712400802536,false,נוטרילון שלב 3- 800,,,נוטרילון שלב 3- 800,גרמים,800.00,100 גרם,false,,64.90,0.0811,true,1,7856
8714599513835,false,קפה ג`יקובס נטול קופ,,,קפה ג`יקובס נטול קופ,גרמים,200.00,100 גרם,false,,33.90,0.1695,true,1,7851
8714599513866,false,קפה ג'יקובס קרונונג,,,קפה ג'יקובס קרונונג,גרמים,200.00,100 גרם,false,,26.90,0.1345,true,1,3920
8714789402918,false,חגיגת הפרחים אדום אג,,,חגיגת הפרחים אדום אג,ארגז,1.50,ליטר,false,,19.90,13.2667,true,1,15198
8715700110141,false,מיונז היינץ אמיתי צנ,,,מיונז היינץ אמיתי צנ,גרמים,460.00,100 גרם,false,,9.90,0.0215,true,1,3929
8715700423906,false,מתבל עגבניות היינץ 2,,,מתבל עגבניות היינץ 2,גרמים,555.00,100 גרם,false,,10.90,0.0196,true,1,7924
8717163647226,false,ספריי גוף בלאק אקס 1,,,ספריי גוף בלאק אקס 1,מיליליטרים,150.00,"100 מ""ל",false,,12.90,0.0860,true,1,10674
8718951382640,false,סבון רחצה חימר דיטוק,,,סבון רחצה חימר דיטוק,מיליליטרים,750.00,"100 מ""ל",false,,19.90,0.0265,true,1,15266
8718951428492,false,תחליב רחצה לגבר 4 ב-,,,תחליב רחצה לגבר 4 ב-,מיליליטרים,750.00,"100 מ""ל",false,,19.90,0.0265,true,1,123865
8720181046612,false,דאו' רולאון אורגינל,,,דאו' רולאון אורגינל,מיליליטרים,50.00,"100 מ""ל",false,,14.90,0.2980,true,1,163818
8723400756552,false,RAINBOW רביעית סוכרי,,,RAINBOW רביעית סוכרי,גרמים,150.00,100 גרם,false,,10.90,0.0727,true,1,11365
8850389103111,false,סאפה משקה אלוורה ענב,,,סאפה משקה אלוורה ענב,מיליליטרים,300.00,"100 מ""ל",false,,6.40,0.0213,true,1,4414
8850389103128,false,סאפה משקה אלוורה תפו,,,סאפה משקה אלוורה תפו,מיליליטרים,300.00,"100 מ""ל",false,,6.40,0.0213,true,1,4415
8850389103159,false,ליצי' משקה עם חתיכות,,,ליצי' משקה עם חתיכות,מיליליטרים,320.00,"100 מ""ל",false,,6.90,0.0216,true,1,129516
8850389104637,false,סאפה משקה אלוורה אפר,,,סאפה משקה אלוורה אפר,מיליליטרים,300.00,"100 מ""ל",false,,6.40,0.0213,true,1,4416
8850389105825,false,סאפה משקה אלוורה ענב,,,סאפה משקה אלוורה ענב,ארגז,1.00,ליטר,false,,13.50,13.5000,true,1,25091
8850389105832,false,סאפה משקה אלוורה תפו,,,סאפה משקה אלוורה תפו,ארגז,1.00,ליטר,false,,13.50,13.5000,true,1,25092
8850389105849,false,סאפה משקה אלוורה אפר,,,סאפה משקה אלוורה אפר,ארגז,1.00,ליטר,false,,13.50,13.5000,true,1,25093
8850389111352,false,מלון משקה עם חתיכות,,,מלון משקה עם חתיכות,מיליליטרים,320.00,"100 מ""ל",false,,6.90,0.0216,true,1,129517
8901314517463,false,קולגייט מברשת שיניים,,,קולגייט מברשת שיניים,אין,0.00,יחידה,false,,19.90,0.0000,true,1,136694
8906064282371,false,עוגיות חמאה בפח 340,,,עוגיות חמאה בפח 340,גרמים,340.00,100 גרם,false,,11.90,0.0350,true,1,29561
9002975393850,false,סוכריות גומי בטעמי פ,,,סוכריות גומי בטעמי פ,גרמים,70.00,100 גרם,false,,6.90,0.0986,true,1,43956
9044400820180,false,סוכריות פז -סוכריות,,,סוכריות פז -סוכריות,גרמים,25.50,100 גרם,false,,9.90,0.3882,true,1,79201
9310072028743,false,טים טם אוריגינל 200,,,טים טם אוריגינל 200,גרמים,200.00,100 גרם,false,,19.90,0.0995,true,1,11878
9310072028750,false,טים טם קרם דאבל 200,,,טים טם קרם דאבל 200,גרמים,200.00,100 גרם,false,,19.90,0.0995,true,1,11879
