code,internal_code,name,manufacturer_name,manufacture_country,manufacturer_item_description,unit_qty,quantity,unit_of_measure,weighted,qty_in_package,price,unit_of_measure_price,allow_discount,status,item_id
12,true,מארז עגבניות שרי מינ,חקלאי,,עגבנית שרי מיניפלאם,לא מנהל יחידת מידה,0.00,לא מנהל יחידת מידה,false,1,9.90,0.0000,true,1,258583
911,true,שרי באשכול,חקלאי,IL,שרי באשכול,קילוגרמים,1.00,"ק""ג",true,,19.90,19.9000,true,1,273541
913,true,עגבניה שרי תמר ליחיד,חקלאי,IL,עגבניה שרי תמר ליחידה,קילוגרמים,0.00,"ק""ג",false,1,9.90,0.0000,true,1,273451
917,true,עגבניה,חקלאי,IL,עגבניה,קילוגרמים,1.00,"ק""ג",true,,9.90,9.9000,true,1,273543
920,true,מלפפון,חקלאי,IL,מלפפון,קילוגרמים,1.00,"ק""ג",true,,9.90,9.9000,true,1,273545
942,true,ענבים לבנים,חקלאי,IL,ענבים לבנים,קילוגרמים,1.00,"ק""ג",true,,29.90,29.9000,true,1,273492
943,true,ענב שחור,חקלאי,IL,ענב שחור,קילוגרמים,1.00,"ק""ג",true,,44.90,44.9000,true,1,274214
945,true,כרוב לבן,חקלאי,IL,כרוב לבן,קילוגרמים,1.00,"ק""ג",true,,5.90,5.9000,true,1,273547
990,true,בצל יבש,חקלאי,IL,בצל יבש,קילוגרמים,1.00,"ק""ג",true,,6.90,6.9000,true,1,273553
997,true,בצל אדום,חקלאי,IL,בצל אדום,קילוגרמים,1.00,"ק""ג",true,,7.90,7.9000,true,1,273442
5487,true,מאפה במשקל,גדרון,IL,מאפה במשקל,קילוגרמים,1.00,"ק""ג",true,,49.90,49.9000,true,1,291921
5497,true,מאפה קטן ליחידה גדרו,גדרון,IL,מאפה קטן ליחידה גדרון,יחידה,1.00,יחידה,false,1,3.90,3.9000,true,1,308600
8216,true,בלון בודד קטן -גומי,גמר,,בלון בודד קטן -גומי מטאלי +הליום,יחידה,1.00,יחידה,false,1,5.90,5.9000,true,1,295711
9110,true,בטטה,חקלאי,IL,בטטה,קילוגרמים,1.00,"ק""ג",true,,10.90,10.9000,true,1,273441
9140,true,חצילים,חקלאי,IL,חצילים,קילוגרמים,1.00,"ק""ג",true,,9.90,9.9000,true,1,273549
9147,true,אפרסמון,חקלאי,IL,אפרסמון,קילוגרמים,1.00,"ק""ג",true,,29.90,29.9000,true,1,273518
9150,true,פלפל בהיר,חקלאי,IL,פלפל בהיר,קילוגרמים,1.00,"ק""ג",true,,11.90,11.9000,true,1,273599
9158,true,פלפל חריף ירוק,חקלאי,IL,פלפל חריף ירוק,קילוגרמים,1.00,"ק""ג",true,,12.90,12.9000,true,1,273536
9160,true,פלפל אדום,חקלאי,IL,פלפל אדום,קילוגרמים,1.00,"ק""ג",true,,13.90,13.9000,true,1,273540
9180,true,קשואים,חקלאי,IL,קשואים,קילוגרמים,1.00,"ק""ג",true,,10.90,10.9000,true,1,273530
9184,true,קישוא כדורי,חקלאי,IL,קישוא כדורי,קילוגרמים,1.00,"ק""ג",true,,9.90,9.9000,true,1,273531
9201,true,תירס ארוז,חקלאי,IL,תירס ארוז,קילוגרמים,1.00,"ק""ג",true,,11.90,11.9000,true,1,273526
9290,true,תפוח אדמה אדום,חקלאי,IL,תפוח אדמה אדום,קילוגרמים,1.00,"ק""ג",true,,6.90,6.9000,true,1,273524
9295,true,תפוח אדמה לבן,חקלאי,IL,תפוח אדמה לבן,קילוגרמים,1.00,"ק""ג",true,,5.90,5.9000,true,1,273523
9311,true,גזר ארוז,חקלאי,IL,גזר ארוז,קילוגרמים,1.00,"ק""ג",true,,6.90,6.9000,true,1,273552
9312,true,מלון גליה,חקלאי,IL,מלון גליה,קילוגרמים,1.00,"ק""ג",true,,8.90,8.9000,true,1,273522
9348,true,שום בתפזורת,חקלאי,IL,שום בתפזורת,קילוגרמים,1.00,"ק""ג",true,,34.90,34.9000,true,1,273529
9486,true,לימון,חקלאי,IL,לימון,קילוגרמים,1.00,"ק""ג",true,,12.90,12.9000,true,1,273500
9500,true,תפוז מובחר,חקלאי,IL,תפוז מובחר,קילוגרמים,1.00,"ק""ג",true,,10.90,10.9000,true,1,273496
9502,true,תפוז אדום,חקלאי,IL,תפוז אדום,קילוגרמים,1.00,"ק""ג",true,,9.90,9.9000,true,1,288270
9504,true,תפוז ברשת,חקלאי,IL,תפוז ברשת,קילוגרמים,1.00,"ק""ג",true,,8.90,8.9000,true,1,273497
9510,true,מנדרינה,חקלאי,IL,מנדרינה,קילוגרמים,1.00,"ק""ג",true,,12.90,12.9000,true,1,273498
9522,true,אשכולית לבנה / אדומה,חקלאי,IL,אשכולית לבנה / אדומה,קילוגרמים,1.00,"ק""ג",true,,7.90,7.9000,true,1,273502
9555,true,בננות,חקלאי,IL,בננות,קילוגרמים,1.00,"ק""ג",true,,11.90,11.9000,true,1,273516
9560,true,אבוקדו,חקלאי,IL,אבוקדו,קילוגרמים,1.00,"ק""ג",true,,19.90,19.9000,true,1,273520
9604,true,אגס ספדונה,חקלאי,IL,אגס ספדונה,קילוגרמים,1.00,"ק""ג",true,,13.90,13.9000,true,1,273519
9626,true,מנגו,חקלאי,IL,מנגו,קילוגרמים,1.00,"ק""ג",true,,19.90,19.9000,true,1,273488
9634,true,אננס יח,חקלאי,IL,אננס יח,קילוגרמים,1.20,"ק""ג",false,1,39.90,33.2500,true,1,273514
9637,true,קיווי מובחר,חקלאי,IL,קיווי מובחר,קילוגרמים,1.00,"ק""ג",true,,19.90,19.9000,true,1,273510
9658,true,תפוח עץ סמיט,חקלאי,IL,תפוח עץ סמיט,קילוגרמים,1.00,"ק""ג",true,,14.90,14.9000,true,1,273506
9661,true,תפוח עץ גאלה 6.5,חקלאי,IL,תפוח עץ גאלה 6.5,קילוגרמים,1.00,"ק""ג",true,,11.90,11.9000,true,1,273486
9684,true,תפוח עץ זהוב,חקלאי,IL,תפוח עץ זהוב,קילוגרמים,1.00,"ק""ג",true,,13.90,13.9000,true,1,273508
9714,true,תפוח עץ יונתן,חקלאי,IL,תפוח עץ יונתן,קילוגרמים,1.00,"ק""ג",true,,14.90,14.9000,true,1,273504
9756,true,שזיף אדום,חקלאי,IL,שזיף אדום,קילוגרמים,1.00,"ק""ג",true,,24.90,24.9000,true,1,273489
41896,true,"קוקיס מריר מחיר לק""ג","גידרון תעשיות בע""מ",,קוקיס מריר מחיר לקג-גדרון,קילוגרמים,1.00,"ק""ג",true,,49.90,49.9000,true,1,258933
41926,true,קוקיס שוקו,"גידרון תעשיות בע""מ",,קוקיס שוקו,קילוגרמים,1.00,"ק""ג",true,,49.90,49.9000,true,1,259425
92614,true,בורקס טורקי פיטריות,"גידרון תעשיות בע""מ",,בורקס טורקי פיטריות מחיר לקג-גדרון,קילוגרמים,1.00,"ק""ג",true,,42.90,42.9000,true,1,258508
94274,true,חצי בגט גדרון א.ק,גדרון,IL,חצי בגט גדרון א.ק,לא מנהל יחידת מידה,0.00,לא מנהל יחידת מידה,false,1,3.90,0.0000,true,1,259397
96018,true,שנייק קינמון מחיר לק,"גידרון תעשיות בע""מ",,שנייק קינמון מחיר לקג-גדרון,קילוגרמים,1.00,"ק""ג",true,,42.90,42.9000,true,1,258511
97237,true,באגט 45 סמ -גדרון,"גידרון תעשיות בע""מ",,באגט 45 סמ -גדרון,גרמים,330.00,100 גרם,false,1,4.90,0.0148,true,1,258514
97282,true,קוראסון שוקולד ענק 1,"גידרון תעשיות בע""מ",,קוראסון שוקולד ענק 1 יח-גדרון,יחידה,1.00,יחידה,false,1,10.90,10.9000,true,1,258939
98289,true,בייגלה 127גר-ג.דגון,"גידרון תעשיות בע""מ",,בייגלה 127גר-ג.דגון,גרמים,150.00,100 גרם,false,1,2.90,0.0193,true,1,258964
99118,true,"בורקס תפו""א גדול-גיד","גידרון תעשיות בע""מ",,בורקס תפוא גדול-גידרון,קילוגרמים,1.70,"ק""ג",false,1,10.90,6.4118,true,1,258516
99248,true,בורקס גבינה,"גידרון תעשיות בע""מ",,בורקס גבינה מחיר לקג גידרון,קילוגרמים,1.00,"ק""ג",true,,42.90,42.9000,true,1,258517
99255,true,בורקס תפוא,"גידרון תעשיות בע""מ",,בורקס תפוא מחיר לקג -גידרון,קילוגרמים,1.00,"ק""ג",true,,42.90,42.9000,true,1,258518
99262,true,בורקס גבינה גדול-גיד,"גידרון תעשיות בע""מ",,בורקס גבינה גדול-גידרון,קילוגרמים,1.60,"ק""ג",false,1,10.90,6.8125,true,1,258519
99385,true,גביניות,"גידרון תעשיות בע""מ",,גביניות מחיר לקג-גידרון,קילוגרמים,1.00,"ק""ג",true,,42.90,42.9000,true,1,258520
99415,true,רוגלך,"גידרון תעשיות בע""מ",,רוגלך מחיר לקג-גידרון,קילוגרמים,1.00,"ק""ג",true,,42.90,42.9000,true,1,258522
99439,true,"קוראסון קטן מחיר לק""","גידרון תעשיות בע""מ",,קוראסון קטן מחיר לקג-גידרון,קילוגרמים,1.00,"ק""ג",true,,42.90,42.9000,true,1,258523
99477,true,ק.ביס שוקולד,"גידרון תעשיות בע""מ",,ק.ביס שוקולד מחיר לקג-גידרון,קילוגרמים,1.00,"ק""ג",true,,42.90,42.9000,true,1,258524
99927,true,בורקס בולגרי,"גידרון תעשיות בע""מ",,בורקס בולגרי מחיר לקג-גידרון,קילוגרמים,1.00,"ק""ג",true,,42.90,42.9000,true,1,258526
3102280,true,צמרוני שסתום לתינוק,F.H.P CO LT,CN,צמרוני שסתום לתינוק טוליפס,לא מנהל יחידת מידה,0.00,לא מנהל יחידת מידה,false,1,4.70,0.0000,true,1,298633
4170134,true,בורקס תפוא גדול-גידר,"גידרון תעשיות בע""מ",,בורקס תפוא גדול-גידרון,קילוגרמים,1.60,"ק""ג",false,1,10.90,6.8125,true,1,302857
4170141,true,בורקס גבינה גדול איש,"גידרון תעשיות בע""מ",,בורקס גבינה גדול אישי גידרון,קילוגרמים,1.70,"ק""ג",false,1,10.90,6.4118,true,1,302856
4343354,true,מספריים גרמניה לעור,,,מספריים אל חלד לעור,יחידה,1.00,יחידה,false,1,39.90,39.9000,true,1,309307
30107014,false,נייר גלגול גדול + פילטר בודד,Unknown,,נייר גלגול גדול +פילטר בודד,יחידה,1.00,יחידה,false,1,10.00,10.0000,true,1,282011
30112902,false,נייר גלגול קטן+פילטר,Unknown,,נייר גלגול קטן+פילטר בודד,יחידה,1.00,יחידה,false,1,8.90,8.9000,false,1,283499
30112919,false,נייר גלגול בינוני + פילטר בודד,Unknown,,נ.ג. בינוני+פילטר בודד,Unknown,0.00,Unknown,false,1,9.50,0.0000,false,1,281698
40084107,false,ביצת שוקולד הפתעה קינדר,פרדי קונדטוריה אס פי,IT,ביצת הפתעה - עשיר בחלב,גרמים,20.00,100 גרם,false,1,7.90,0.3950,true,1,259093
40111216,false,באונטי חטיף קוקוס ושוקולד 57ג',"נארז ע""י : א.ג. גילר",NL,חטיף קוקוס רך מצופה שוקולד חלב באונטי,גרמים,57.00,100 גרם,false,1,6.90,0.1211,true,1,256354
40144061,false,קנופרס חטיף וופל 25 גרם 24 יח,ליימן שליסל,DE,חטיף וופל קנופרס 25 גרם,גרמים,25.00,100 גרם,false,1,4.90,0.1960,true,1,310455
42061939,false,"בירה בקס בקבוק 500 מ""ל בקבוק","איי, בי, אינבוו",DE,בירה בקס 500 מל,מיליליטרים,500.00,"100 מ""ל",false,1,11.90,0.0238,true,1,296657
42138105,false,סיגריות וינסטון סופר סלימס כחול,גיי טי אינטרנשיונל,,סיגריות וינסטון סלימס כחול חפיסה בודד,לא מנהל יחידת מידה,0.00,לא מנהל יחידת מידה,false,1,34.30,0.0000,false,1,267306
42138129,false,ווינסטון סופר סלימס נטוראל חפיסה,Unknown,,סיגריות וינסטון סלימס מנטול חפיסה בודד,לא מנהל יחידת מידה,0.00,לא מנהל יחידת מידה,false,1,34.30,0.0000,false,1,267307
42149996,false,"בירה בקס בקבוק 275 מ""ל","איי, בי, אינבוו",DE,בירה בקס 275 מל,מיליליטרים,275.00,"100 מ""ל",false,1,0.30,0.0011,true,1,287534
54051140,false,מעדן סויה טעם וניל אלפרו רביעיה * 125 ג',הנסיך- מפעל לייצור ט,BE,מעדן סויה וניל אלפרו רביעייה 500 גרם,גרמים,500.00,100 גרם,false,1,19.90,0.0398,true,1,264246
54051157,false,מעדן סויה טעם שוקו אלפרו רביעיה 125 ג',קריות זול,BE,אלפרו מעדן סויה שוקולד 4*125 מל,גרמים,500.00,100 גרם,false,1,19.90,0.0398,true,1,264247
59039549,false,סיגריות ווג פריזון מנטה בודד,Unknown,,סיגריות ווג פריזון מנטול חפיסה בודד,Unknown,0.00,Unknown,false,1,40.00,0.0000,false,1,270700
59068907,false,סיגריות פאל מאל כחול דמי סלימס,גלוברנס,,סיגריות פאל מאל כחול דמי סלימס בודד,לא מנהל יחידת מידה,0.00,לא מנהל יחידת מידה,false,1,27.30,0.0000,false,1,298097
59068914,false,סיגריות פאל מאל סילבר דמי סלימס,Unknown,,סיגריות פאל מאל סילבר דמני סלימס בודד,לא מנהל יחידת מידה,0.00,לא מנהל יחידת מידה,false,1,27.30,0.0000,false,1,298099
59455233,false,ווג ליידי כחול קופסה,Unknown,,סיגריות ווג ליידי כחול חפיסה בודד,לא מנהל יחידת מידה,0.00,לא מנהל יחידת מידה,false,1,40.00,0.0000,false,1,272081
59455240,false,ווג סופרסלימס לילך חפיסה,Unknown,,סיגריות ווג ליידי לילך חפיסה בודד,Unknown,0.00,Unknown,false,1,40.00,0.0000,false,1,272079
72940761,false,"מילקי מעדן שוקולד עם קצפת שטראוס 133 מ""ל",מיוצר עי קונדיטוריית,IL,מילקי בטעם שוקולד,גרמים,133.00,100 גרם,false,1,3.30,0.0248,true,1,257777
72945308,false,קוביות שמרים לאפיה שמרית 2*25 ג',"פאקא תעשיות בע""\מ",IL,שמרית שמרים טריים לאפייה 50 גרם,גרמים,50.00,100 גרם,false,1,4.80,0.0960,true,1,257780
72961506,false,יוגורט עם תות 1.5% שומן 125 ג' פרילי,מיוצר עי קונדיטוריית,IL,פרילי תות בגביע 125 גרם,מיליליטרים,125.00,"100 מ""ל",false,1,3.90,0.0312,true,1,257788
72961544,false,"באדי יוגורט בטעם תות שדה 3% תנובה 125 מ""ל",מחלבת אלון תבור,IL,באדי תות 125 גרם,גרמים,125.00,100 גרם,false,1,3.70,0.0296,true,1,257790
72963753,false,שמנת אורגינל של פעם 27% שומן 200 ג' תנובה,תנובה מרכז שיתופי לש,IL,תנובה שמנת של פעם אורגינל 27% שומן,מיליליטרים,200.00,"100 מ""ל",false,1,5.00,0.0250,true,1,257798
72983997,false,קופסה גולף גולד ארוך בוקס,דובק,,סיגריות גולף גולד 100בוקס חפיסה בודד,לא מנהל יחידת מידה,0.00,לא מנהל יחידת מידה,false,1,31.60,0.0000,false,1,263169
72986370,false,"גלידת בן & ג'ריס פיינטים וניל 500מ""ל",מוצרי איכות אמריקאיים,IL,פיינט וניל FT,מיליליטרים,500.00,"100 מ""ל",false,1,29.90,0.0598,true,1,257807
72986424,false,"גלידת בן & ג'ריס פיינטים קרם עוגיות 500מ""ל",מוצרי איכות אמריקאיים בע,IL,"פיינט קרם עוגיות בד""ץ",מיליליטרים,500.00,"100 מ""ל",false,1,29.90,0.0598,true,1,257808
72986448,false,"גלידת בן & ג'ריס פיינטים טופי קראנץ 500מ""ל",מוצרי איכות אמריקאיים בע,IL,גלידת וניל עם חתיכות טופי מצופות שוקולד,מיליליטרים,500.00,"100 מ""ל",false,1,29.90,0.0598,true,1,257809
72986455,false,"גלידה ניו יורק סופר פאדג' צ'אנק בן אנד ג'ריס 500 מ""ל",מוצרי איכות אמריקאיים בע,IL,פיינט ניו-יורק סופר FT,מיליליטרים,500.00,"100 מ""ל",false,1,29.90,0.0598,true,1,257810
72986479,false,"גלידה שוקולד אגוז עם בננות בן וג'ירי 500 מ""ל",מוצרי איכות אמריקאיים בע,IL,פיינט צאנקי מנקי FT,מיליליטרים,500.00,"100 מ""ל",false,1,29.90,0.0598,true,1,257811
72989395,false,טילון ורמונט קרם עוגיות,מוצרי איכות אמריקאיים בע,IL,טילון קרם עוגיות,גרמים,100.00,100 גרם,false,1,13.90,0.1390,true,1,258495
72989425,false,"גלידת בן & ג'ריס פיינטים שוקולד בראוניז 500מ""ל",מוצרי איכות אמריקאיים בע,IL,פיינט שוקולד בראוניס FT,מיליליטרים,500.00,"100 מ""ל",false,1,29.90,0.0598,true,1,261129
72991374,false,סיגריות טיים רד בודד,דובק,,סיגריות טיים רד חפיסה בודד,Unknown,0.00,Unknown,false,1,30.60,0.0000,false,1,255766
72991459,false,סיגריות גולף לייט בודד,דובק,,סיגריות גולף לייט חפיסה בודד,לא מנהל יחידת מידה,0.00,לא מנהל יחידת מידה,false,1,31.60,0.0000,false,1,255786
72991497,false,סיגריות נובלס פילטר בודד,קריות זול,,סיגריות נובלס פילטר חפיסה בודד,יחידה,0.00,יחידה,false,1,30.60,0.0000,false,1,255784
72991886,false,"גלידת דולצ'ה בטעם ריבת חלב עם פאדג' בן וג'ירי 500 מ""ל",מוצרי איכות אמריקאיים בע,IL,פיינט דולצ'ה דה לצ'ה,מיליליטרים,500.00,"100 מ""ל",false,1,29.90,0.0598,true,1,257814
72994061,false,חטיף פסק זמן GOOD גלילית לבן 40 גרם,שולן צ'\יקולטה גידה סאן.,TR,פסק זמן 2GOOD,גרמים,36.00,100 גרם,false,1,7.50,0.2083,true,1,270207
76136184,false,סיגריות פאל מל סלימס כחול בודד,Unknown,,סיגריות פאל מל סלימס כחול חפיסה בודד,לא מנהל יחידת מידה,0.00,לא מנהל יחידת מידה,false,1,31.40,0.0000,false,1,264146
80001027,false,לואקר טורטינה שוקולד חלב,"כד בני דרום בע""מ",IT,וופל בציפוי שוקולד חלב וממלוא בקרם אגוזים,גרמים,21.00,100 גרם,false,1,5.50,0.2619,true,1,259090
80001287,false,וופל חטיף לואקר אגוז 38 גר',ליימן מותגים,AT,חטיף גרדנה אגוז 38 גרם,גרמים,38.00,100 גרם,false,1,5.50,0.1447,true,1,257891
80001461,false,חטיף גרנדה שוקולד 38 גרם,"א. לואקר קונפקט בע""מ",AT,חטיף גרדנה שוקולד 38 גרם,גרמים,38.00,100 גרם,false,1,5.50,0.1447,true,1,264352
80001485,false,חטיף גרדנה קוקוס 38 גרם,קריניציה ויטמינה אס,IT,לואקר גרדנה קוקוס,גרמים,38.00,100 גרם,false,1,5.50,0.1447,true,1,264353
80001799,false,לואקר טורטינה שוקולד לבן,"כד בני דרום בע""מ",IT,וופל בציפוי שוקולד חלב וממלוא בקרם אגוזים,גרמים,21.00,100 גרם,false,1,5.50,0.2619,true,1,285842
80001911,false,וופל גרדנה במילוי קרם אגוזי לוז ובציפוי שוקולד לבן,ליימן מותגים,AT,חטיף גרדנה לבן 38 גרם,גרמים,38.00,100 גרם,false,1,5.50,0.1447,true,1,291200
80042563,false,רסק עגבניות MUTTI{צהוב} 700 גרם,"איי, בי, אינבוו",IT,רסק עגבניות 700 גרם (צהוב) MUTTI,גרמים,700.00,100 גרם,false,1,12.90,0.0184,true,1,291226
80050025,false,סוכריות טיק טק תפוז 16 גרם,פררו - אלבה,ZA,דחוסות בטעם תפוז,גרמים,16.00,100 גרם,false,1,5.00,0.3125,true,1,257928
80050124,false,סוכריות טיק טק מנטה 16 גרם,פררו - אלבה,ZA,טיק טק מנטה,גרמים,16.00,100 גרם,false,1,5.00,0.3125,true,1,257929
80052760,false,קינדר בואנו Kinder Bueno עם חלב ואגוזי לוז,פררו - אלבה,PL,קינדר בואנו,גרמים,43.00,100 גרם,false,1,8.00,0.1860,true,1,257931
80176732,false,קינדר הפי היפו 28 יחידות,פררו - אלבה,DE,"הפי היפו קקאו, וופל במילוי קרם חלבי וקרם קקאו",גרמים,21.00,100 גרם,false,1,4.90,0.2333,true,1,265009
80177173,false,ממרח שוקולד נוטלה 350 גרם,פררו - אלבה,IT,ממרח שוקולד נוטלה אגוזים 350 גרם,גרמים,350.00,100 גרם,false,1,16.90,0.0483,true,1,257940
80177180,false,שוקולד קינדר קאונטרי 23.5 גרם,ליימן שליסל,IT,שוקולד קינדר קאנטרי 23.5 גרם,גרמים,24.00,100 גרם,false,1,4.90,0.2042,true,1,261127
80177609,false,אצבעות שוקולד קינדר Kinder ארבע יחידות,פררו - אלבה,IT,שוקולד חלב עם תכולת חלב גבוהה במילוי קרם חלבי,גרמים,50.00,100 גרם,false,1,8.90,0.1780,true,1,257941
80177616,false,אצבעות שוקולד קינדר Kinder שמונה יחידות,פררו - אלבה,IT,שוקולד חלב עם תכולת חלב גבוהה במילוי קרם חלבי,גרמים,100.00,100 גרם,false,1,11.90,0.1190,true,1,257942
80310891,false,ג'וי ביצת הפתעה קינדר 20 גרם,קריות זול,ZA,"ביצת קינדר ג""וי 20 גרם",גרמים,20.00,100 גרם,false,1,7.90,0.3950,true,1,311720
80761761,false,קינדר בואנו לבן בודד 39 גרם,ליימן שליסל,PL,חטיף וופל קינדר בואנו שוקולד לבן 39 גרם,גרמים,39.00,100 גרם,false,1,8.00,0.2051,true,1,271203
80768258,false,ביצת הפתעה קינדר גוי לבנות 20 גרם,פררו - אלבה,ZA,קינדר ג'וי ורוד,גרמים,20.00,100 גרם,false,1,7.90,0.3950,true,1,280951
80773429,false,מנטוס בקבוק מעוגל - מסטיק ללא סוכר בטעם תות 60 גרם,"פרפטי ואן מלה ג'\ידה,סאן",TR,מנטוס גומי לעיסה ללא סוכר בטעם תות שדה,גרמים,60.00,100 גרם,false,1,11.90,0.1983,true,1,296654
80773443,false,מנטוס בקבוק מעוגל - מסטיק ללא סוכר בטעם מנטה 60 גרם,"פרפטי ואן מלה ג'\ידה,סאן",TR,מנטוס גומי לעיסה ללא סוכר בטעם מנטה,גרמים,60.00,100 גרם,false,1,11.90,0.1983,true,1,294437
80790990,false,מסטיק מנטוס בבקבוק מעוגל בטעם פירות -מנטה 60 ג',"פרפטי ואן מלה ג'\ידה,סאן",TR,מסטיק מנטוס מנטה עדינה בקבוק מעוגל 60 גר,גרמים,60.00,100 גרם,false,1,11.90,0.1983,true,1,294424
80809265,false,טורטינה בודד חמאת בוטנים 21 ג' לואקר,לואקר,AT,חטיף טורטינה חמאת בוטנים 21 גרם,גרמים,21.00,100 גרם,false,1,5.50,0.2619,true,1,310785
80820956,false,לואקר חטיף פטיסרי אג,לואקר,IT,לואקר חטיף פטיסרי אגוז 21 גרם,גרמים,21.00,100 גרם,false,1,5.50,0.2619,true,1,308638
80833468,false,לואקר חטיף פטיסרי קו,לואקר,IT,לואקר חטיף פטיסרי קוקוס 21 גרם,גרמים,21.00,100 גרם,false,1,5.50,0.2619,true,1,308639
80843184,false,מנטוס מסטיק פיור פרש בטעם ענבים 60גר,פרפטי ואן מלה הולנד,TR,מסטיק בקבוקון פיור ענבים 60 גרם,גרמים,60.00,100 גרם,false,1,11.90,0.1983,true,1,308850
80862130,false,"מנטוס מסטיק פיור פרש - אבטיח 28 גרם (14 יח') חת""ס",פרפטי ואן מלה ברדה,NL,מנטוס מסטיק פיור פרש בטעם אבטיח,גרמים,28.00,100 גרם,false,1,4.90,0.1750,true,1,310458
80864059,false,וופל גרדנה עם קרם חמאת בוטנים בציפוי שוקולד חלב,ליימן מותגים,AT,גרדנה חמאת בוטנים 38 גרם,גרמים,38.00,100 גרם,false,1,5.50,0.1447,true,1,310786
80864295,false,סוכריות פיור וויט טעם מנטה עדינה 60 ג' מנטוס,"פרפטי ואן מלה ג'ידה,סאן",TR,מנטוס גומי לעיסה ללא סוכר בטעם תות שדה,גרמים,60.00,100 גרם,false,1,11.90,0.1983,true,1,309139
80874652,false,קארדס חטיף בוד 25.6 ג קינדר,פררו,IT,קינדר קארדס 25.6 גרם,גרמים,26.00,100 גרם,false,1,6.90,0.2654,true,1,311041
80896081,false,מנטוס בקבוק מעוגל - מסטיק ללא סוכר בטעם אבטיח 60 גרם,"פרפטי ואן מלה ג'\ידה,סאן",TR,מנטוס גומי לעיסה ללא סוכר בטעם אבטיח,גרמים,60.00,100 גרם,false,1,11.90,0.1983,true,1,296655
80913467,false,מנטוס בקבוק מעוגל - מסטיק ללא סוכר בטעם מנטה,פרפטי ואן מלה הולנד,TR,mentos - pure fresh,גרמים,60.00,100 גרם,false,1,11.90,0.1983,true,1,294550
80936848,false,סוכריות טיק טק בטעם תות שדה,ליימן-שליסל,ZA,טיק טק בטעם תות שדה- מנטה 16 גרם,גרמים,16.00,100 גרם,false,1,5.00,0.3125,true,1,280540
80945468,false,סוכריות פיור וויט טעם מנטה מתוקה 60 ג' מנטוס,"פרפטי ואן מלה ג'ידה,סאן",TR,מנטוס גומי לעיסה ללא סוכר בטעם תות שדה,גרמים,60.00,100 גרם,false,1,11.90,0.1983,true,1,309140
80954521,false,"מנטוס מסטיק פיור פרש - תות 28 גרם (14 יח') חת""ס",פרפטי ואן מלה ברדה,NL,מנטוס מסטיק פיור פרש בטעם תות,גרמים,28.00,100 גרם,false,1,4.90,0.1750,true,1,310457
80974482,false,ביצת הפתעה קינדר גוי לבנים 20 גרם,פררו - אלבה,ZA,קינדר ג'וי כחול,גרמים,20.00,100 גרם,false,1,7.90,0.3950,true,1,280952
80979128,false,מנטוס מסטיק בקבוק מעוגל בטעם דובדבן,פרפטי ואן מלה הולנד,TR,מסטיק בקבוקון פיור דובדובן 60 גרם,גרמים,60.00,100 גרם,false,1,11.90,0.1983,true,1,308851
80982470,false,מנטוס מסטיק פיור פרוסט בטעם מנטה חזקה 60 ג',פרפטי ואן מלה ברדה,TR,מסטיק מנטוס פיור מנטה חזקה 60 ג,גרמים,60.00,100 גרם,false,1,11.90,0.1983,true,1,307671
80986348,false,סוכריות פיור וויט טעם מנטה 60 ג' מנטוס,"פרפטי ואן מלה ג'ידה,סאן",TR,מנטוס גומי לעיסה ללא סוכר בטעם תות שדה,גרמים,60.00,100 גרם,false,1,11.90,0.1983,true,1,309141
85939868,false,ניר קצר לגלגול ללא פילטר,U 4 ROLL,,נייר קצר ללא פילטר,יחידה,0.00,יחידה,false,1,3.00,0.0000,true,1,275002
85942677,false,ניר קצר דק פארטי+פילטר50,U 4 ROLL,,נייר קצר כולל פילטר,Unknown,0.00,Unknown,false,1,7.50,0.0000,false,1,274871
85942707,false,נייר קצר ללא פילטר עבה PIH,U 4 ROLL,,נייר קצר עבה,Unknown,0.00,Unknown,false,1,3.00,0.0000,false,1,280452
85951730,false,רול פור יו פילטרים ל,U 4 ROLL,,120 פילטרים SLIM PARTY,Unknown,0.00,Unknown,false,1,7.50,0.0000,false,1,272439
85966611,false,נייר גלגול גדול כולל פילטר PIH,רול פור יו,,נייר גלגול גדול כולל פילטר PIH,יחידה,1.00,יחידה,false,1,8.00,8.0000,false,1,303647
85967069,false,נייר גלגול גדול כולל פילטר חום,רול פור יו,,נייר גלגול גדול כולל פילטר חום,יחידה,1.00,יחידה,false,1,10.00,10.0000,false,1,302294
85967076,false,נייר גלגול בינוני כולל פילטר חום,בל פור יו,,נייר בינוני כולל פיל,יחידה,1.00,יחידה,false,1,8.50,8.5000,true,1,303646
87108538,false,סוכריות בטעם תות מנטוס 37.5 גרם,הדקלאים אגודת שיתופי,NL,מנטוס תות 40 גלילים,גרמים,38.00,100 גרם,false,1,5.00,0.1316,true,1,264022
87311396,false,מנטוס ריינבאוו סוכריות לעיסה בטעמי פירות,פרפטי ואן מלה ברדה,NL,מנטוס ריינבאוו סוכריות לעיסה בטעמי פירות 37.5 גרם,גרמים,38.00,100 גרם,false,1,5.00,0.1316,true,1,275042
90162602,false,רד בול משקה אנרגיה פקדון 30 אג,רד בול ג'י.אם.בי. אץ,AT,"משקה אנרגיה רד בול 250 מ""ל",מיליליטרים,250.00,"100 מ""ל",false,1,8.90,0.0356,true,1,263561
90448867,false,"משקה אנרגיה רד בול ללא פחמימות 250 מ""ל",רד בול,AT,"רד בול ללא פחמימות 250 מ""ל",מיליליטרים,250.00,"100 מ""ל",false,1,8.90,0.0356,true,1,310398
9073102314,false,"גלידה סורבט שרונס קוקוס 473מ""ל",מוצרי איכות אמריקאיים,,"גלידה סורבט שרונס קוקוס 500 מ""ל",מיליליטרים,500.00,"100 מ""ל",false,1,29.90,0.0598,true,1,261961
9800800056,false,חטיף שוקולד עם מקלות לחם אנד גו,פררו - אלבה,DE,נוטלה גו בייגלה מלוח,גרמים,52.00,100 גרם,false,1,8.90,0.1712,true,1,291575
11210000094,false,"רוטב ""טבסקו"" על בסיס פלפל אדום 60 מ""ל",מקאילהייני אייבורי,,"רוטב טבסקו 60 מ""ל",מיליליטרים,60.00,"100 מ""ל",false,1,14.90,0.2483,true,1,254684
11210007253,false,"רוטב ""טבסקו"" על בסיס פלפל אדום ושום 60 מ""ל",מקאילהייני אייבורי,,"רוטב טבסקו שום ופלפל 60 מ""ל",מיליליטרים,60.00,"100 מ""ל",false,1,12.90,0.2150,true,1,254685
16000423534,false,חטיפי גרנולה קראנצ'י עם שיבולת שועל ושוקולד מריר נייצ'ר ואלי 5*42 גרם,ג'נרל מילס סאן אדריאן,ES,חטיפי גרנולה קראנצי שיבולת שועל מריר 210,גרמים,210.00,100 גרם,false,1,14.90,0.0710,true,1,271260
16000507777,false,נייטשר ואלי חטיף קראנצ'י שוקולד,ג'נרל מילס,,קראנצי שיבולת שועל שוקולד מריר 42 גרם,גרמים,42.00,100 גרם,false,1,5.90,0.1405,true,1,271439
16000548497,false,קראנצי שיבולת שועל ודבש בודד 42גר,ג'נרל מילס,,"קראנצ""י שיבולת שועל ודבש בודד 42 גרם",גרמים,42.00,100 גרם,false,1,5.90,0.1405,true,1,261016
16000548503,false,חטיפי גרנולה קראנצ'י עם מייפל וסוכר חום נייצ'ר ואלי 5*42 גרם,ג'נרל מילס סאן אדריאן,ES,חטיפי גרנולה קראנצי מייפל וסוכר חום 210,גרמים,210.00,100 גרם,false,1,14.90,0.0710,true,1,254956
16000548596,false,קראנצי מייפל וסוכר חום בודד 42גר,ג'נרל מילס,,"קראנצ""י מייפל סוכר חום בודד 42 גרם",גרמים,42.00,100 גרם,false,1,5.90,0.1405,true,1,261017
16000548909,false,חטיפי גרנולה קראנצ'י במגוון טעמים נייצ'ר ואלי 5*42 גרם,ג'נרל מילס סאן אדריאן,ES,חטיפי גרנולה קראנצי מגוון טעמים 210 גרם,גרמים,210.00,100 גרם,false,1,14.90,0.0710,true,1,254958
18000701223,false,"פילסברי, עוגה בטעם שוקולד, תערובת להכנת עוגה בטעם שוקולד. 500 גרם",הדקלאים אגודת שיתופי,IL,תערובת להכנת עוגת שוקולד פילסברי 500 גרם,גרמים,500.00,100 גרם,false,1,20.00,0.0400,true,1,255014
18000766413,false,"פילסברי, עוגה בטעם שוקולד, תערובת להכנת עוגה בטעם שוקולד. 550 גרם.",הדקלאים אגודת שיתופי,IL,תערובת לעוגת בראוניס פלסברי 550 גרם,גרמים,550.00,100 גרם,false,1,20.00,0.0364,true,1,255017
30000315958,false,קוואקר פרוטאין בננה אגוזים 366 גרם,קוואקר אוטס קומפני,US,קוואקר פרוטאין בננה אגוזים 366 גרם,גרמים,366.00,100 גרם,false,1,29.90,0.0817,true,1,301909
30000315989,false,קוואקר פרוטאין חמוציות ושקדים 372 גרם,קוואקר אוטס קומפני,US,קוואקר פרוטאין חמוציות ושקדים 372 גרם,גרמים,372.00,100 גרם,false,1,26.90,0.0723,true,1,301910
30100487197,false,קיבלר סנדוויץ קרקר גבינה וצדר 39 גרם,"מאכלי עולם ר.ז. בע""מ",,קיבלר קרקר גבינת צדר לבן 39 גרם,גרמים,39.00,100 גרם,false,1,5.50,0.1410,true,1,282564
30100545101,false,קיבלר סנדוויץ קרקר קלאב צדר 39 גרם,"מאכלי עולם ר.ז. בע""מ",,קיבלר קרקר קלאב צדר כתום 39 גרם,גרמים,39.00,100 גרם,false,1,5.50,0.1410,true,1,280807
34000470228,false,ריזס מיניס חטיף שוקולד במילוי חמאת בוטנים 70 גרם,הרשי,,שוקולד חלב מיני ריזס 70 גרם,גרמים,70.00,100 גרם,false,1,8.50,0.1214,true,1,279365
36000516876,false,ממחטות נייר קלינקס לושן 3 שכבות 75 דף,חוגלה קימברלי,GB,קלינקס לושן 75 - 3 שכבות,יחידה,27.00,יחידה,false,1,13.90,0.5148,true,1,303560
36000516890,false,קלינקס לושן שלוש שכבות 120 יחידות,חוגלה קימברלי,GB,קלינקס לושן אלוורה 120 - 3 שכבות,יחידה,24.00,יחידה,false,1,20.90,0.8708,true,1,303559
37600207188,false,חמאת בוטנים סקיפי קלאסי 462 גרם,חברת המזון אלגוד,US,חמאת בוטנים סקיפי קלאסי 462 גרם,גרמים,462.00,100 גרם,false,1,21.90,0.0474,true,1,282198
37600207256,false,חמאת בוטנים סקיפי עם שברי בוטנים 462 גרם,חברת המזון אלגוד,US,חמאת בוטנים סקיפי עם שברי בוטנים 462 גרם,גרמים,462.00,100 גרם,false,1,26.90,0.0582,true,1,282296
37600297943,false,מטבל סלסה חריף- צ'י צ'י 439 גר,מותגים,US,439גרם CHI-CHISמטבל סלסה חריף,גרמים,439.00,100 גרם,false,1,18.90,0.0431,true,1,311523
37600297967,false,מטבל סלסה בחריפות עדינה צי צי 439 גר,מותגים,US,CHI-CHIS מטבל סלסה בחריפות עדינה 439 גרם,גרמים,439.00,100 גרם,false,1,18.90,0.0431,true,1,311522
38000138638,false,חטיף צ'יפס פרינגלס פיצה 158 גרם,פרינגלס מנופקצ'ורינג קונ,US,פרינגלס פיצה 158 גרם,גרמים,158.00,100 גרם,false,1,13.90,0.0880,true,1,293509
38000183690,true,פרינגלס ברביקיו מידי,פרינגלס מניופקצ'ורינ,US,פרינגלס ברביקיו מידי חלבי 74 גרם,גרמים,74.00,100 גרם,false,1,6.90,0.0932,true,1,299968
38000232152,false,פרינגלס חטיפי תפוח אדמה בטעם ברביקיו 158 גרם,פרינגלס מנופקצ'ורינג קומ,US,פרינגלס ברביקיו 158גרם,גרמים,158.00,100 גרם,false,1,13.90,0.0880,true,1,303888
38000232169,false,פרינגלס מידי אורגינל 67 גרם.,פרינגלס מנופקצ'ורינג קונ,US,פרינגלס מידי אורגינל 67גרם,גרמים,67.00,100 גרם,false,1,6.90,0.1030,true,1,303889
38000232176,false,פרינגלס ביג שמנת בצל 158 גרם,פרינגלס מנופקצ'ורינג קונ,US,פרינגלס שמנת בצל 158גרם,גרמים,158.00,100 גרם,false,1,13.90,0.0880,true,1,303887
38000232183,false,פרינגלס ביג אורגינל 149 גרם,פרינגלס מנופקצ'ורינג קונ,US,פרינגלס אורגינל 149 גרם,גרמים,149.00,100 גרם,false,1,13.90,0.0933,true,1,303886
38000845253,false,חטיף צ'יפס פרינגלס מידי שמנת בצל 71 גרם,פרינגלס מנופקצ'ורינג קונ,US,פרינגלס מידי שמנת בצל 71 גרם,גרמים,71.00,100 גרם,false,1,6.90,0.0972,true,1,290798
38527591053,false,קואקר דגנים מרובעים שיבולת שועל וקינמון,קוואקר אוטס קומפני,,דגני קוואקר מרובעים קינמון 411 גרם,גרמים,411.00,100 גרם,false,1,23.90,0.0582,true,1,273047
38527591060,false,דגני קוואקר מרובעים Quaker Squares עם סוכר חום,קוואקר אוטס קומפני,,דגני קוואקר מרובעים סוכר חום 411 גרם,גרמים,411.00,100 גרם,false,1,23.90,0.0582,true,1,273048
40000514480,false,M&M אריזה קטנה's שוקולד אריזה קטנה 48 גרם,M&M אם אנד אם,,סוכריות M&M בטעם שוקולד 48 גרם,גרמים,48.00,100 גרם,false,1,5.90,0.1229,true,1,291705
40000514510,false,M&M אריזה קטנה's בוטנים אריזה קטנה 49 גרם,M&M אם אנד אם,,סוכריות שוקולד M&M בוטנים 49 גרם,גרמים,49.00,100 גרם,false,1,5.90,0.1204,true,1,291177
46214731552,false,עוגיות שוקולד צ'יפס 37% גודיס 225 גרם,קריניציה ויטמינה אס,NL,מרבה עוגיות עם 37% שוקולד צ'יפס 225 גרם,גרמים,225.00,100 גרם,false,1,12.90,0.0573,true,1,256658
50000293339,false,פריסקיז גרייבי 156 ג,פורינה,US,פריסקיז גרייבי 156 ג,גרמים,156.00,100 גרם,false,1,6.90,0.0442,true,1,311182
50000429448,false,פריסקיז פנסי פיסט פטה מוס סלמון 85 גרם,נסטלה פורינה USA סט,US,פנסי פיסט מוס סלמון 85 גר,גרמים,85.00,100 גרם,false,1,5.90,0.0694,true,1,256784
50000429943,false,פנסי פיסט גורמה עוף 85 גרם,פורינה,US,פנסי פיסט גורמה עוף 85 גרם,גרמים,85.00,100 גרם,false,1,5.90,0.0694,true,1,311125
64144090013,false,פאם תרסיס על בסיס שמן קנולה בטעם חמאה,קונאגרה פודס,,"תרסיס PAM שמן חמאה 148 מ""ל",מיליליטרים,148.00,"100 מ""ל",false,1,19.50,0.1318,true,1,274114
64144090051,false,"ספריי שמן PAM קנולה אורגינל 148 מ""ל",קונאגרה פודס,,"PAM תרסיס שמן קנולה 148 מ""ל",מיליליטרים,148.00,"100 מ""ל",false,1,19.50,0.1318,true,1,284484
70970473562,false,מייק לייק - סוכריות ג'לי בינס קרטונית מגה מיקס 141 גרם,ג'\אסט בורן,,מייק אנד אייק מגה מיקס 141 גרם,גרמים,141.00,100 גרם,false,1,12.90,0.0915,true,1,294913
71570009762,false,ג'לי בלי 70 גרם בטעם מיקס טרופי,ג'לי בלי קינדי,TH,גלי בלי בטעם מיקס טרופי 70 גרם,גרמים,70.00,100 גרם,false,1,16.90,0.2414,true,1,310893
71570010089,false,גלי בלי בטעם ליקוריץ,ג'לי בלי קינדי,US,גלי בלי בטעם ליקוריץ 70 גרם,גרמים,70.00,100 גרם,false,1,16.90,0.2414,true,1,310903
71570010119,false,גלי בלי בטעם דובדבן,ג'לי בלי קינדי,TH,גלי בלי בטעם דובדבן 70 גרם,גרמים,70.00,100 גרם,false,1,16.90,0.2414,true,1,310892
71570014025,false,גלי בלי בטעמים שונים,ג'לי בלי קינדי,US,גלי בלי בטעמים שונים בסגנון אמריקאי 70 גרם,גרמים,70.00,100 גרם,false,1,16.90,0.2414,true,1,310904
74299018060,true,הוט ויילס חמישיה,,,הוט ויילס חמישיה,יחידה,1.00,יחידה,false,1,59.90,59.9000,true,1,298262
76840001767,false,גלידת וניל עוגיות חמאת בוטנים בצק לא אפו,מוצרי איכות אמריקאיים בע,IL,"גלידה בן&גרי wake & no bake core 500 מ""ל",גרמים,500.00,100 גרם,false,1,29.90,0.0598,true,1,304342
76840001774,false,"גלידה עוגיות חלב עם חתיכות פאדג בן וג'ירי 500 מ""ל",מוצרי איכות אמריקאיים בע,IL,"גלידה בן&גרי שוקולד צפס קור 500מ""ל",גרמים,500.00,100 גרם,false,1,29.90,0.0598,true,1,304341
76840002351,false,גלידה גימי סמור עם מרשמלו קלוי פירורי שוקולד בן וג'ירי 428 ג',מוצרי איכות אמריקאיי,IL,"פיינט בן &גרי 500 מ""לGimme smore",מיליליטרים,500.00,"100 מ""ל",false,1,29.90,0.0598,true,1,308218
76840002566,false,פיינט נטפליקס& צילד ללא חלב 473 מל,מוצרי איכות אמריקאיי,US,"גלידה בן&גרי נטפליקס ללא חלב 500 מ""ל",מיליליטרים,500.00,"100 מ""ל",false,1,34.90,0.0698,true,1,304847
76840100583,false,גלידה וניל +בצק עוגיות ושוקולד צי'פס 473ג,מוצרי איכות אמריקאיים בע,,"גלידה בצק עוגיות 473 מ""ל",מיליליטרים,473.00,"100 מ""ל",false,1,29.90,0.0632,true,1,269391
76840400218,false,"גלידה בן&ג'ריס תות שדה ועוגת גבינה 500מ""ל",מוצרי איכות אמריקאיים בע,,"גלידה עוגת גבינה ותות שדה 473 מ""ל",מיליליטרים,473.00,"100 מ""ל",false,1,29.90,0.0632,true,1,279313
77245110610,false,סוכריות מאסט ללא סוכר בטעם מנטה 80 ג'עלית,MIESZKO S.A - MS. JO,,סוכריות מאסט מנטה ללא סוכר 80 גרם,גרמים,80.00,100 גרם,false,1,11.90,0.1488,true,1,259345
77975094624,false,"סניידרס סנדוויץ בייגלה במילוי חמאת בוטנים , 226 ג'",סניידרס Snyder's,US,שברי בייגלה סניידרס חמאת בוטנים 283 גרם,גרמים,284.00,100 גרם,false,1,19.90,0.0701,true,1,305474
77975094631,false,סניידרס סנדוויץ' בייגלה במילוי קרם בטעם צ'דר 226 גרם,סניידרס Snyder's,,"בייגלה סניידרס סנדביץ גבינה צ""דר 226 גרם",גרמים,226.00,100 גרם,false,1,19.90,0.0881,true,1,305473
77975094761,false,סניידרס חטיפים על בסיס קמח חיטה בטעם גבינת צ'דר,סניידרס אוף האנובר,US,סניידרס בטעם צדר 340 גרם,גרמים,340.00,100 גרם,false,1,19.90,0.0585,true,1,307597
77975094778,false,סניידרס שברי בייגלה בטעם דבש חרדל ובצל,סניידרס אוף האנובר,US,סניידרס דבש חרדל ובצל 340 גרם,גרמים,340.00,100 גרם,false,1,19.90,0.0585,true,1,307926
77975095133,false,שברי בייגלה בטעם פיקנטי 318 ג' סניידרס,סניידרס Snyder's,US,סניידרס שברי בייגלה בטעם פיקנטי 319 גרם,גרמים,319.00,100 גרם,false,1,19.90,0.0624,true,1,311724
77975095157,false,סניידרס שברי בייגלה בטעם חלפיניו 318 גרם,ליימן מותגים,,בייגלה סניידרס חלפיניו 318גרם,גרמים,318.00,100 גרם,false,1,19.90,0.0626,true,1,310358
77975095164,false,שברי בייגלה בטעם פרמז'ן ושום 318 ג' סניידרס,סניידרס,US,סניידרס שברי בייגלה בטעם פרמזן שום 318,גרמים,318.00,100 גרם,false,1,19.90,0.0626,true,1,311723
80432402931,false,"וויסקי סקוטי, שיבאס ריגאל 12 שנה, 700 מ''ל",מזקקת האחים שיבאס,GB,"וויסקי סקוטי, שיבאס ריגאל 12 שנה, 700 מ''ל",מיליליטרים,700.00,"100 מ""ל",false,1,139.90,0.1999,true,1,282766
80480280048,false,"וודקה גריי גוס 40% 200מ""ל",בקרדי מרטיני,FR,"וודקה גריי גוס 200 מ""ל",מיליליטרים,200.00,"100 מ""ל",false,1,64.90,0.3245,true,1,298388
80518532743,false,חבילת בלונים (50 יח') פסטל בסטרים,NORTHERN,,שקית בלון 50 בלונים,מיליליטרים,0.00,"100 מ""ל",false,1,16.00,0.0000,true,1,257969
611745285685,false,אבוקדו בשל מארז 2יחידות,"מור בריאות בע""מ",IL,אבוקדו ארוז בשל 570 גרם,גרמים,570.00,100 גרם,false,1,14.90,0.0261,true,1,305787
613008742348,false,אריזונה ג'נסינג ודבש בקבוק 1 ליטר,"נטורלה גטרנק בע""\מn\",DE,אריזונה גנסנג ודבש בקבוק 1 ליטר,ליטרים,1.00,ליטר,false,1,14.90,14.9000,true,1,304990
613008742409,false,בקבוק אריזונה אפרסק 1 ליטר,נובה טרייד אל טי די,DE,אריזונה אפרסק בקבוק 1 ליטר,ליטרים,1.00,ליטר,false,1,14.90,14.9000,true,1,304989
613008753290,false,"אריזונה אפרסק בקבוק 450 מ""ל",לני אנד לארי,BG,אריזונה אפרסק 450 מל,מיליליטרים,450.00,"100 מ""ל",false,1,10.90,0.0242,true,1,301317
613008753320,false,"אריזונה ג'ינסנג ודבש בקבוק 450 מ""ל.",לני אנד לארי,BG,אריזונה גינסנג ודבש 450 מל,מיליליטרים,450.00,"100 מ""ל",false,1,10.90,0.0242,true,1,301318
613008753382,false,"בקבוק אריזונה אוכמניות 450 מ""ל",לני אנד לארי,BG,אריזונה אוכמניות 450 מל,מיליליטרים,450.00,"100 מ""ל",false,1,10.90,0.0242,true,1,301316
645692556017,false,מצה עשירה מצופה פפושדו 300 גר',מולינו ניקולי s.p.a,IL,עוגיות יין מצופה 300 גר,גרמים,300.00,100 גרם,false,1,12.90,0.0430,true,1,262553
645692556024,false,עוגיות חצי מצופות שוקולד 350ג' פפשודו,"אחים פפושדו ובניהם בע""מ",IL,עוגיות יין חצי מצופה 300גר,גרמים,300.00,100 גרם,false,1,12.90,0.0430,true,1,262554
651080647519,false,קיסמים עם חוט דנטלי פלאקרס מנטה 35 יחידות,"פלקרס רנור ארה""ב",US,פלאקרס פלוסר חוט דנטלי ירוק -מנטה,יחידה,1.00,יחידה,false,1,12.90,12.9000,true,1,294658
677840482428,false,סוכריות גומי טרולי 1,טרולי,,"סוכריות טרולי בננ""ס 100 גר",גרמים,100.00,100 גרם,false,1,12.30,0.1230,true,1,260998
686412282984,false,נתחי טונה לבנה בשמן זית 220 גרם ORTIZ,אורטיז ORTIZ,ES,טונה לבנה בשמן זית (צנצנת)220 גרם ORTIZ,גרמים,220.00,100 גרם,false,1,46.90,0.2132,true,1,305600
693493010788,false,"נאצוס חטיף טורטיה ע""ב תירס ברביקיו 200 ג",או. קיי סניקס,DK,נאצוס בטעם ברביקיו 200 גרם,גרמים,200.00,100 גרם,false,1,16.90,0.0845,true,1,310899
693493010818,false,"נאצוס - חטיף טורטיה ע""ב תירס בטע 200 גר",או. קיי סניקס,DK,נאצוס בטעם טבעי 200 גרם,גרמים,200.00,100 גרם,false,1,16.90,0.0845,true,1,310900
693493150781,false,ערק ערנבים בטעם אננס,אליס בראנפמן,IL,ערק ערנבים בטעם אננס 700 מל,מיליליטרים,700.00,"100 מ""ל",false,1,79.90,0.1141,true,1,310801
728229123590,false,טרה אורגינל חטיף על בסיס ירקות שורש בטעם טבעי 110 גרם,הונדורס צ'יפס יצור א,HN,טרה חטיף על בסיס ירקות שורש בטעם טבעי 110 גרם,גרמים,110.00,100 גרם,false,1,18.90,0.1718,true,1,263194
728229123811,false,טרה חטיף על בסיס ירקות שורש בתיבול ים תיכוני 110 גרם,הונדורס צ'יפס יצור א,HN,טרה ירקות ים תיכוני 110 גרם,גרמים,110.00,100 גרם,false,1,18.90,0.1718,true,1,263197
728229130154,false,טרה חטיף על בסיס בטטה וסלק בטעם טבעי 110 גרם,הונדורס צ'יפס יצור א,HN,טרה חטיף על בסיס בטטה וסלק בטעם טבעי 110 גרם,גרמים,110.00,100 גרם,false,1,18.90,0.1718,true,1,267908
753182231761,false,"משקה אנרגיה BLU ללא תוספת סוכר 250 מ""ל",אקווה ויט,PL,בלו משקה אנרגיה מוגז 250 מל,מיליליטרים,250.00,"100 מ""ל",false,1,8.90,0.0356,true,1,269491
768404001640,false,"גלידה בן&ג'ריס קפה משפחתית 500מ""ל",מוצרי איכות אמריקאיים בע,,"פיינט בטעם קפה בן אנד גרי 500 מ""ל",מיליליטרים,500.00,"100 מ""ל",false,1,29.90,0.0598,true,1,267229
769904000997,false,שקדי מרק ללא גלוטן200גרם,דגש- דוכן גן שמואל,IL,שקדי מרק,גרמים,200.00,100 גרם,false,1,15.90,0.0795,true,1,270858
812319014308,false,לה מורנה דובדבן וניל,,DO,לה מורנה דובדבן וניל 5 יחידות,יחידה,5.00,יחידה,false,5,36.90,7.3800,false,1,310635
833949000264,false,"סירופ מייפל אמיתי 100% אורגני 250 מ""ל",דיקסר קוויבק,CA,סירופ מייפל אורגני 330 גרם,גרמים,330.00,100 גרם,false,1,32.90,0.0997,true,1,273995
835811005513,false,כוס ויסקי גבוהה 10 י,,,כוסות ויסקי 10 יח,לא מנהל יחידת מידה,0.00,לא מנהל יחידת מידה,false,1,10.90,0.0000,true,1,279161
835811005933,false,מגש הכסף תבנית אלומ` ענק 5 יח`,ווינפאק,,תבנית אלומיניום ענק 5 יחידות,לא מנהל יחידת מידה,0.00,לא מנהל יחידת מידה,false,1,13.90,0.0000,true,1,276472
835811005957,false,מגש הכסף תבנית אלומ` 90 + מכסה 8 יח`,יבוא ושיווק: הנמל אר,IL,"הנמל תבנית אלומניום מלבנית, 8 יחידות",לא מנהל יחידת מידה,0.00,לא מנהל יחידת מידה,false,1,14.90,0.0000,true,1,275693
835811005964,false,"הנמל תבניות אלומיניום מוארכת מארז, 20 יח'",ווינפאק,,תבנית אלומיניום אינגליש 20 יחידות,לא מנהל יחידת מידה,0.00,לא מנהל יחידת מידה,false,1,14.00,0.0000,true,1,275539
839762000641,false,משקה איילנד מנגו נקטר 1 ל',פארייפאבה אגרואינדוס,EG,איילנד מנגו 1 ליטר,ליטרים,1.00,ליטר,false,1,16.90,16.9000,true,1,261042
839762000658,false,איילנד גויאבה המשקה של חופי סיני 1 ליטר,The Egyptian Co. for,EG,איילנד גויאבה המשקה של חופי סיני 1 ליטר,ליטרים,1.00,ליטר,false,1,16.90,16.9000,true,1,260899
839762002379,false,משקה נקטר מנגו איילנד 350מל,פארייפאבה אגרואינדוס,EG,"איילנד מנגו 350 מ""ל",מיליליטרים,350.00,"100 מ""ל",false,1,8.90,0.0254,true,1,269301
839762002386,false,"איילנד גויאבה בקבוק 350 מ""ל",פארייפאבה אגרואינדוס,EG,"איילנד גויאבה 350 מ""ל",מיליליטרים,350.00,"100 מ""ל",false,1,8.90,0.0254,true,1,269302
842387000736,false,מטען רכב לגלקסי פרמי,Unknown,,מטען רכב לגלקסי פרמיום 2A,יחידה,1.00,יחידה,false,1,39.90,39.9000,true,1,303071
842426146005,false,ליטל אנד ויילד וניל,,DO,ליטל אנד ויילד וניל 5 יחידות,יחידה,5.00,יחידה,false,5,36.90,7.3800,false,1,310642
853152120344,false,פרו ברו חטיף חלבון בטעם שוקולד 70 גרם,פרובאר,US,פרו בר בטעם שוקולד 70 גרם,גרמים,70.00,100 גרם,false,1,18.90,0.2700,true,1,306669
856591000062,false,עוגיות מזרחיות עם מלח עבאדי 400 גרם,מאפיית יוסף ושמחה עבאדי,IL,מזרח. מלח 400ג 856591000062,גרמים,400.00,100 גרם,false,1,21.90,0.0547,true,1,261326
856591000109,false,עבאדי עוגיות מזרחיות פריך במיוחד 400 גרם,מאפיית יוסף ושמחה עבאדי,IL,עבאדי עוגיות מזרחיות פריך במיוחד 400 גרם,גרמים,400.00,100 גרם,false,1,21.90,0.0547,true,1,268846
856591000574,false,מיני נשנוש עבאדי טעם טבעי 40 גר,מאפיית יוסף ושמחה עב,IL,מיני נשנוש בטעם טבעי 40 גרם,גרמים,40.00,100 גרם,false,1,3.90,0.0975,true,1,287134
3014260280772,false,אורל בי חוט דנטלי אסנשיאל מנטה שעווה 50מ',דיפלומט מפיצים (1968) בעמ,,חוט דנטלי בציפוי שעווה אורל בי,Unknown,0.00,Unknown,false,1,18.70,0.0000,true,1,264259
3014260287030,false,ג`ילט סכיני גילוח חדפ לגבר יבוא מקביל,פארמה דיל (פ.א.ב.) שיווק והפצה,MD,סכיני גילוח חד פעמי גילט 5 יחידות,לא מנהל יחידת מידה,0.00,לא מנהל יחידת מידה,false,1,9.90,0.0000,true,1,263305
3046920010801,false,שוקולד מריר אקסלנס עם אגוזי לוז,לינדט ושפרונגלי קילשברג,FR,שוקולד לינדט אקסלנס הזלנט 100 גרם,גרמים,100.00,100 גרם,false,1,19.90,0.1990,true,1,294401
3046920027281,false,שוקולד מריר אקסלנס במילוי קרמל ומלח ים,לינדט ושפרונגלי קילשברג,FR,שוקולד לינדט אקסלנס קרמלסולט 100 גרם,גרמים,100.00,100 גרם,false,1,19.90,0.1990,true,1,310963
3046920028004,false,לינדט שוקולד אקסלנס מריר 70% 100 גר,לינדט ושפרונגלי קילשברג,FR,לינדט אקסלנס 70% שוקולד מריר 100 גר,גרמים,100.00,100 גרם,false,1,19.90,0.1990,true,1,255828
3046920028363,false,לינדט אקסלנס 85% מוצקי קקאו 100 גרם,לינדט ושפרונגלי קילשברג,FR,שוקולד לינדט אקסלנס 85% 100 גרם,גרמים,100.00,100 גרם,false,1,19.90,0.1990,true,1,261843
3046920029674,false,אקסלנס עם שבבי מלח לינדט (100 גרם),לינדט ושפרונגלי קילשברג,DE,לינדט אקסלנס שוקולד מריר עם נגיעות מלח ים 100 גרם,גרמים,100.00,100 גרם,false,1,19.90,0.1990,true,1,267218
3059943015128,false,מבשם אוויר נטול גז אקווה מיסט בניחוח לבנדר פראי ואוויר הרים,רקיט בנקיזר (ניר איסט) בעמ,PL,"מבשם אוויר איירוויק נטול גז בניחוח לבנדר 345 מ""ל",מיליליטרים,345.00,"100 מ""ל",false,1,15.90,0.0461,true,1,268284
3120581456267,false,"שבלי מ.דה ליני לבן יבש 750 מ""ל",מ.דה ליני,FR,"יין שבלי מ.דה ליני לבן יבש 750 מ""ל",מיליליטרים,750.00,"100 מ""ל",false,1,99.90,0.1332,true,1,305832
3161911229199,false,חמאה צרפתית רכה למריחה אל & ויר 250 גרם,א. סיימן סחר בעמ,FR,חמאה צרפתית רכה למריחה 250 גרם,גרמים,250.00,100 גרם,false,1,22.90,0.0916,true,1,255899
3179110001140,false,מצת גדול לגריל קריקט,צפניה ברזילי בעמ,CN,מצת גדול לגריל קריקט,יחידה,1.00,יחידה,false,1,19.90,19.9000,true,1,310615
3179730011024,false,פרייה מים מינרלים מבעבעים טבעיים,נסטלה ווטרס ספלאי,FR,פרייה מים מינרלים מבעבעים טבעיים 330 מל,מיליליטרים,330.00,"100 מ""ל",false,1,8.90,0.0270,true,1,269532
3387390525960,false,קראנץ' דגני בוקר עם שוקולד חלב נסטלה 500 גרם,קבוצת אוסם סחר שותפות מוגבלת,FR,דגני קראנץ נסטלה 500 גרם,גרמים,500.00,100 גרם,false,1,27.90,0.0558,true,1,266374
3415587404054,false,שלגון האגן דאז שוקולד ושקדים,האגן דאז,FR,האגן דאז שלגון שוקולד שקדים 24*70גרם,גרמים,70.00,100 גרם,false,1,12.90,0.1843,true,1,290315
3574660026788,true,גונסונס בייבי טלק 20,CILAG GMBH INTERNATI,IT,גונסונס בייבי טלק 200 גרם חדש,Unknown,0.00,Unknown,false,1,20.90,0.0000,true,1,301654
3574660115154,false,או-בה טמפונים קלאסי סופר 32יח',ג'\ונסון אנד ג'\ונסון,GR,אובה טמפונים ללא מוליך סופר 32 יח',יחידה,1.00,יחידה,false,1,32.90,32.9000,true,1,264363
3574660333466,false,טמפונים מיני פרו קומפורט אובה 32 יחידות,הנסיך- מפעל לייצור ט,DE,אובה מיני טמפונים ללא מוליך 32 יחידות,ליטרים,0.00,ליטר,false,1,32.90,0.0000,true,1,274278
3574661425139,true,גונסונס בייבי קרם הח,CILAG GMBH INTERNATI,IT,גונסונס בייבי קרם החתלה 100 מל חדש,מיליליטרים,100.00,"100 מ""ל",false,1,17.90,0.1790,true,1,301656
3574669909204,false,גונסונס בייבי שמן לתינוק 300 מל,ג'ונסונס Johnson's,IT,גונסונס בייבי שמן 300 מל חדש,מיליליטרים,300.00,"100 מ""ל",false,1,22.90,0.0763,true,1,301503
3661163990545,false,"אדידס דאודורנט ספריי לגברים אקשיין 200 מ""ל",מיוצר עי קונדיטוריית,PT,200 מל דאודורנט ספריי קליימקול לגבר אדידס,מיליליטרים,200.00,"100 מ""ל",false,1,23.90,0.1195,true,1,268767
4000417019004,false,שוקולד חלב אגוזי לוז שלמים ריטר ספורט 100 גרם,ריטר ספורט Ritter sport,DE,ריטר ספורט שוקולד חלב עם אגוזי לוז שלמים,גרמים,100.00,100 גרם,false,1,9.90,0.0990,true,1,271144
4000417025005,false,שוקולד מריר במילוי מרציפן ריטר ספורט 100 גרם,ריטר ספורט Ritter sport,DE,שוקולד מריר ממולא מרציפן,גרמים,100.00,100 גרם,false,1,9.90,0.0990,true,1,271147
4000417101211,false,גלילי וופל עם קרם אגוזי לוז בציפוי שוקולד חלב,ליימן שליסל בע`מ,AT,אמיצלי גלילי וופל 150 גרם,גרמים,150.00,100 גרם,false,1,19.90,0.1327,true,1,310585
4000417211002,false,שוקולד חלב מעולה ממולא קרם קרמל מוקצף ושברי שקדים מומלחים,ריטר ספורט Ritter sport,DE,שוקולד ריטר ספורט מוס קרמל ושברי שקדים,גרמים,100.00,100 גרם,false,1,9.90,0.0990,true,1,291702
4002590000022,false,סוכריות קלפני פירות יער אוכמניות 150 ג',ליימן שליסל בע`מ,DE,קלפני פירות יער 150 גר',גרמים,150.00,100 גרם,false,1,12.90,0.0860,true,1,261005
4002590000046,false,סוכריות בטעם מנטה מרענן קלפני 150 גרם,ליימן שליסל בע`מ,DE,קלפני מנטה מרענן 150 גר',גרמים,150.00,100 גרם,false,1,12.90,0.0860,true,1,258471
4005808366392,false,שפתון ליובש כחול קלאסי לבלו 48 גרם,טרופיקל דגיל תעשיות,DE,לבלו בליסטר כחול,גרמים,1.00,100 גרם,false,1,13.90,13.9000,true,1,292014
4005808368280,false,שפתון ליובש דובדבן לבלו 48 גרם,טרופיקל דגיל תעשיות,DE,לבלו בליסטר דובדבן,גרמים,1.00,100 גרם,false,1,13.90,13.9000,true,1,292015
4007745058811,false,חרדל צרפתי חלק אורגני 200 גרם,נטורפוד בעמ,DE,נטורפוד חרדל אמיתי אורגני 200 גרם,גרמים,200.00,100 גרם,false,1,14.90,0.0745,true,1,297516
4008400290126,false,ק'נדר פינגווי עוגת ספוג במילוי חלבי מצופה שוקולד מריר 30 ג' OUD,פררו טורקיה צ'\יקולטה וו,TR,קנדר עוגת ספוג במילוי חלבי מצופה ש מריר,גרמים,30.00,100 גרם,false,1,5.90,0.1967,true,1,308199
4009309740422,true,רסק תפוחים אורגני,תות תעשיות מזון (201,DE,נטור פוד רסק תפוחים אורגני 700 גרם,גרמים,700.00,100 גרם,false,1,16.90,0.0241,true,1,296958
4009309742426,true,רסק תפוח מנגו אורגני,תות תעשיות מזון (201,DE,נטור פוד רסק תפוחים אורגני 700 גרם,גרמים,700.00,100 גרם,false,1,16.90,0.0241,true,1,296959
4009900402965,false,אורביט וויט בטעם פירות בקבוקון 46מלבניות,"מרס ריגלי ישראל בע""מ",PL,מסטיק אורביט וויט פירות בקבוקון,Unknown,0.00,Unknown,false,1,11.90,0.0000,true,1,275712
4009900403023,false,אורביט וויט בטעם מנטה בקבוקון 46 מלבניות,"מרס ריגלי ישראל בע""מ",PL,מסטיק אורביט וויט קלאסי בקבוקון,גרמים,64.00,100 גרם,false,1,11.90,0.1859,true,1,275713
4009900420129,false,מסטיק אורביט פרופשנל פפרמינט בקבוקון 64 גר',"מרס ריגלי ישראל בע""מ",PL,אורביט פרופשיונל פפרמינט בקבוקון,לא מנהל יחידת מידה,0.00,לא מנהל יחידת מידה,false,1,11.90,0.0000,true,1,300285
4009900426039,false,מסטיק מנטה אקליפטוס בקבוקון איירווייבס 64 גרם,"מרס ריגלי ישראל בע""מ",PL,מסטיק אירווביס מנטה אקליפטוס בקבוקון,גרמים,64.00,100 גרם,false,1,11.90,0.1859,true,1,292436
4009900426121,false,מסטיק אורביט איירוויז בקבוקון אוכמניות 64ג',"מרס ריגלי ישראל בע""מ",PL,מסטיק איירווייבס אוכמניות בקבוקון,גרמים,64.00,100 גרם,false,1,11.90,0.1859,true,1,292437
4009900479998,false,אורביט וויט אוכמניות בקבוקון 46 מלבניות,"מרס ריגלי ישראל בע""מ",PL,מסטיק אורביט אוכמניות בקבוקון,Unknown,0.00,Unknown,false,1,11.90,0.0000,true,1,282801
4009900482417,false,מסטיק אורביט פירות מנטה בקבוקון באבל מינט 45יח,"מרס ריגלי ישראל בע""מ",PL,מסטיק אורביט בבלמינט בקבוקון 64 גרם,Unknown,0.00,Unknown,false,1,11.90,0.0000,true,1,277976
4009900504218,false,אורביט וויט בטעם תפוז בקבוקון 46 מלבניות,חברת ריגלי בעמ,PL,מסטיק אורביט תפוז בקבוקון,לא מנהל יחידת מידה,0.00,לא מנהל יחידת מידה,false,1,11.90,0.0000,true,1,286293
4009900525138,false,"וויט גומי לעיסה בטעם תות ללא סוכר, 64 ג' אורפיט",מרס ריגלי ישראל בעמ,PL,מסטיק אורביט וויט תות בקבוקון,יחידה,1.00,יחידה,false,1,11.90,11.9000,true,1,303316
4009900531122,false,"מסטיק בטעם מנטה ספירמינט, 64 ג' פרופשיונל אורפיט","מרס ריגלי ישראל בע""מ",PL,אורביט פרופשיונל ספירמינט בקבוקון,לא מנהל יחידת מידה,0.00,לא מנהל יחידת מידה,false,1,11.90,0.0000,true,1,300286
4009900534611,false,מסטיק איירוויבז בקבוקון בטעם מלון ומנטה,מרס ריגלי ישראל בעמ,IL,מסטיק בקבוקון איירוויז מלון מנטה 64גרם,גרמים,64.00,100 גרם,false,1,11.90,0.1859,true,1,304344
4009900536257,false,מסטיק אורביט רפרשרס ספירמינט בקבוקון ללא סוכר 67 גר',מרס ריגלי קונפקשונרי,PL,מסטיק אורביט רפרשרס ספירמנט 67 ג,גרמים,67.00,100 גרם,false,1,12.90,0.1925,true,1,307672
4009900536288,false,מסטיק אורביט רפרשרס פפרמינט בקבוקון ללא סוכר 67 גר',מרס ריגלי קונפקשונרי,PL,מסטיק אורביט רפרשרס פפרמ 67 ג,גרמים,67.00,100 גרם,false,1,12.90,0.1925,true,1,307673
4009900536486,false,מסטיק אורביט רפרשרס באבלמינט בקבוקון ללא סוכר 67 גר',מרס ריגלי קונפקשונרי,PL,מסטיק אורביט רפרשרס באבלמ 67 ג,גרמים,67.00,100 גרם,false,1,12.90,0.1925,true,1,307674
4009900539685,false,"מסטיק פייב באונס בטעם מנטה בקבוקון, 61.8 גרם","מרס ריגלי ישראל בע""מ",PL,מסטיק פייב באונס בטעם מנטה ללא סוכר,גרמים,62.00,100 גרם,false,1,13.90,0.2242,true,1,309955
4009900539746,false,"מסטיק פייב באונס בטעם אבטיח בקבוקון, 61.8 גרם",מרס ריגלי ישראל בעמ,PL,מסטיק פייב באונס בטעם אבטיח בקבוקון,גרמים,62.00,100 גרם,false,1,13.90,0.2242,true,1,309956
4009900540551,false,מסטיק אורביט רפרשרס טרופיקל בקבוקון ללא סוכר,מרס ריגלי ישראל בעמ,PL,אורביט ריפרשרס טרופיקל,גרמים,67.00,100 גרם,false,1,12.90,0.1925,true,1,309952
4010160055709,false,א.ב טננבלוט - טננבלוט 100 מ`ל,אנטון הובנר,DE,"טננבלוט 100 מ""ל טיפול בהצטטנות ושפעת",מיליליטרים,100.00,"100 מ""ל",false,1,49.90,0.4990,true,1,297736
4011800567613,false,מאגדת קורני מילק דרק & ואיט 120 גרם,מיוצר עי קונדיטוריית,DE,חטיף קורני סנדוויץ שחור לבן מארז 4 יח,גרמים,120.00,100 גרם,false,1,13.90,0.1158,true,1,281833
4011800617615,false,1X24X50G קורני ביג שוקולד,משה סידס ובנו בעמ,DE,קורני ביג חטיף דגנים עם שוקולד חלב 50 גרם,גרמים,50.00,100 גרם,false,1,5.90,0.1180,true,1,303339
4011800617714,false,"""קורני"" ביג שוקו בננה50 גרם",מיוצר עי קונדיטוריית,DE,קורני ביג חטיף דגנים עם שוקולד חלב ובננה 50 גרם,גרמים,50.00,100 גרם,false,1,5.90,0.1180,true,1,303338
4011800617813,false,"""קורני"" ביג בראוניס 50 גרם",משה סידס ובנו בעמ,DE,קורני ביג חטיף דגנים בטעם בראוניז 50 גרם,גרמים,50.00,100 גרם,false,1,5.90,0.1180,true,1,303340
4011800617912,false,קורני ביג נאטס אגוזי,משה סידס ובנו בעמ,DE,קורני ביג חטיף דגנים עם אגוזי לוז 50 גרם,גרמים,50.00,100 גרם,false,1,5.90,0.1180,true,1,303341
4011800628512,false,חטיף קורני שוקולד חלב 6 יח 150 גר,מיוצר עי קונדיטוריית,DE,קורני חטיף דגנים עם שוקולד חלב 6 יחידות 150 גרם,גרמים,150.00,100 גרם,false,1,13.90,0.0927,true,1,280275
4011800630515,false,חטיף קורני שוקולד חלב ובננה 6 יח 150 גר,מיוצר עי קונדיטוריית,DE,קורני חטיף דגנים עם שוקולד חלב ובננה 175 גרם,גרמים,150.00,100 גרם,false,1,13.90,0.0927,true,1,280302
4011800633516,false,קורני בציפוי שוקולד מריר מעולה 6*23,משה סידס ובנו בעמ,DE,חטיף קורני שוקולד מריר מארז 6 יח,גרמים,138.00,100 גרם,false,1,13.90,0.1007,true,1,280069
4014400901191,false,בונבונריית מרסי מבחר ממתקי שוקולד 250 גרם,ליימן שליסל בע`מ,DE,מרסי 250 גרם,גרמים,250.00,100 גרם,false,1,28.90,0.1156,true,1,256361
4014400901405,false,בונבונריית מרסי מבחר ממתקי שוקולד חלב 250 גרם,קריניציה ויטמינה אס,DE,מרסי חלב 250 גרם,גרמים,250.00,100 גרם,false,1,34.90,0.1396,true,1,263082
4014400904277,false,סוכריות בטעם מנטה אייס פרש סטורק 425 גרם,ליימן שליסל בע`מ,DE,אייספרש 425 גרם (15 בקרטון),גרמים,425.00,100 גרם,false,1,25.90,0.0609,true,1,260521
4014400904376,false,סוכריות טופי בטעם שוקולד סטורק 325 גרם,קריניציה ויטמינה אס,DE,סוכ.שטורק שוקולדן 325 גר,גרמים,326.00,100 גרם,false,1,24.90,0.0764,true,1,256363
4014400910063,false,סוכריות חמאה וורטרס אורגינל (135 גרם),ליימן שליסל בע`מ,DE,וורטרס אורגינל סוכריות חמאה 135 גרם,גרמים,135.00,100 גרם,false,1,13.90,0.1030,true,1,269627
4014400914696,false,וורטרס אורגינל סוכריות ללא סוכר 80 גרם,ליימן שליסל בע`מ,DE,סוכריות חמאה וורטר ללא סוכר 80 גרם,גרמים,80.00,100 גרם,false,1,13.90,0.1738,true,1,270468
4014400923711,false,בונבוניירה שוקולד אגוזים טופיפי 125 גרם,ליימן שליסל בע`מ,DE,בונבוניירה טופיפי שוקולד 125 גרם,גרמים,125.00,100 גרם,false,1,13.90,0.1112,true,1,292822
4015400363002,false,טמפקס סופר 20 יחידות,פרוקטר אנד גמבל,DE,טמפקס סופר 20 יח,יחידה,20.00,יחידה,false,1,25.90,1.2950,true,1,310877
4015400363033,false,טמפקס רגולר 20 יח,פרוקטר & גמבל,DE,טמפקס רגולר 20 יח,יחידה,20.00,יחידה,false,1,25.90,1.2950,true,1,310878
4015400363064,false,טמפקס סופר פלוס 20 יח',פרוקטר & גמבל,DE,טמפקס סופר פלוס 20 יח,יחידה,20.00,יחידה,false,1,25.90,1.2950,true,1,310879
4015400755241,false,תחבושות היגייניות אולוויז אולטרה נורמל - 28 יח',דיפלומט מפיצים (1986) בע`מ,UA,תחבושות אולוויז הגיינה נורמל 28 יחידות,לא מנהל יחידת מידה,0.00,לא מנהל יחידת מידה,false,1,23.90,0.0000,true,1,291087
4015400755487,false,תחבושות היגייניות אולוויז אולטרה לונג - 24 יח',דיפלומט מפיצים (1986) בע`מ,UA,תחבושות אולווייז וליו פק לונג 24 יחידות,לא מנהל יחידת מידה,0.00,לא מנהל יחידת מידה,false,1,19.90,0.0000,true,1,291088
4015600762742,false,שמפו יומיומי למניעת קשקשים הנוסחה הקלאסית,דיפלומט מפיצים (1986) בע`מ,RO,"הד אנד שולדרס שמפו קלאסי 500 מ""ל",מיליליטרים,500.00,"100 מ""ל",false,1,25.90,0.0518,true,1,287175
4015600762780,false,שמפו וקונדישינר יומיומי למניעת קשקשים הנוסחה הקלאסית 2in1,דיפלומט מפיצים (1986) בע`מ,RO,"הד אנד שולדרס 2 ב 1 קלאסי 500 מ""ל",מיליליטרים,500.00,"100 מ""ל",false,1,25.90,0.0518,true,1,286890
4015600762902,false,"האד אנד שולדרס שמפו מנטול 500 מ""ל",דיפלומט מפיצים (1986) בע`מ,RO,"הד אנד שולדרס שמפו מנטול 500 מ""ל",מיליליטרים,500.00,"100 מ""ל",false,1,25.90,0.0518,true,1,287184
4015600762940,false,שמפו יומיומי למניעת קשקשים בניחוח תפוח,דיפלומט מפיצים (1986) בע`מ,RO,"הד אנד שולדרס שמפו תפוח 500 מ""ל",מיליליטרים,500.00,"100 מ""ל",false,1,25.90,0.0518,true,1,293774
4015600763022,false,שמפו יומיומי למניעת קשקשים לשיער יבש/פגום לשיער רך כמשי,דיפלומט מפיצים (1986) בע`מ,RO,"הד אנד שולדרס שמפו מגע משי 500 מ""ל",מיליליטרים,500.00,"100 מ""ל",false,1,25.90,0.0518,true,1,287262
4015600810849,false,גילט דאו קליר גל 70 מל פאוור ראש,פרוקטר אנד גמבל,PL,"ג'ילט דאודורנט קליר ג'ל 70 מ""ל Power rush",מיליליטרים,70.00,"100 מ""ל",false,1,16.90,0.2414,true,1,310668
4017100198151,false,בלזן היט ביסקוויט עם מלית קרם בטעם וניל (41%) 220 גרם,הדקלאים אגודת שיתופי,PL,בלזן היט וניל 220 גרם,גרמים,220.00,100 גרם,false,1,9.90,0.0450,true,1,287686
4017100364112,false,בלזן היט בסקוויט סנדביץ עם מלית קרם בטעם שוקולד קקאו (41%) 220 גרם,הדקלאים אגודת שיתופי,PL,בלזן היט קקאו 220 גרם,גרמים,220.00,100 גרם,false,1,9.90,0.0450,true,1,285522
4018722100133,false,איטריות כוסמין וביצים אורגניות למרק 250ג,נטורפוד בעמ,DE,אטריות כוסמין וביצים אורגניות,גרמים,250.00,100 גרם,false,1,15.90,0.0636,true,1,297520
4018722100157,false,פסטה פוזילי מקמח כוסמין מלא אורגני,האחים פלם הגפן,DE,אלב גולד פוזילי כוסמין אורגני 250 גרם,גרמים,250.00,100 גרם,false,1,12.90,0.0516,true,1,297521
4018722102632,true,ספגטי כוסמין מלא אור,האחים פלם הגפן,DE,כוסמין פסטה אורגנית,גרמים,500.00,100 גרם,false,1,16.90,0.0338,true,1,297522
4018722102656,true,ספגטי כוסמין אורגני,האחים פלם הגפן,DE,אלב גולד - ספגטי כוסמין אורגני 500 גרם,גרמים,500.00,100 גרם,false,1,16.90,0.0338,true,1,297523
4018722303459,true,מקרוני כוסמין אורגני,האחים פלם הגפן,DE,אלב גולד - מקרוני כוסמין אורגני,גרמים,250.00,100 גרם,false,1,12.90,0.0516,true,1,297524
4022025001752,true,יין בלו נאן מבעבע כש,,,"יין בלו נאן מבעבע כשר 750 מ""ל",מיליליטרים,750.00,"100 מ""ל",false,1,64.90,0.0865,true,1,309555
4022025001790,false,יין בלו נאן מבעבע גולד 24 קראט*,היכל היין שקד גולן בעמ,DE,"יין בלו נאן 24K גולד מבעבע כשר 750 מ""ל",מיליליטרים,750.00,"100 מ""ל",false,1,64.90,0.0865,true,1,309557
4022025002025,false,יין בלו נאן מבעבע גו,בלו נאן,DE,"24K יין בלו נאן גולד כשר 200 מ""ל",מיליליטרים,200.00,"100 מ""ל",false,1,27.90,0.1395,true,1,309561
4022025262009,false,בלו נאן כשר גוורץ ריזלינג,היכל היין שקד גולן בעמ,,"יין בלו נאן גוורצטרמינר כשר 750 מ""ל",מיליליטרים,750.00,"100 מ""ל",false,1,59.90,0.0799,true,1,309556
4022025262436,false,יין בלו נאן גוורצטרמ,בלו נאן,DE,"יין בלו נאן גוורצטרמינר כשר 250מ""ל",מיליליטרים,250.00,"100 מ""ל",false,1,27.90,0.1116,true,1,309563
4022025290309,false,יין בלו נאן פינק רוז,בלו נאן,DE,"יין בלו נאן פינק רוזה כשר 750 מ""ל",מיליליטרים,750.00,"100 מ""ל",false,1,59.90,0.0799,true,1,309559
4022025773000,false,יין בלו נאן מוסקטו כ,בלו נאן,DE,"בלו נאן מוסקטו כשר 750 מ""ל",מיליליטרים,750.00,"100 מ""ל",false,1,59.90,0.0799,true,1,309558
4032900104508,false,אל די סופרסלים כחול יחיד,Unknown,,סיגריות אל די סופרסל,לא מנהל יחידת מידה,0.00,לא מנהל יחידת מידה,false,1,28.40,0.0000,false,1,300947
4032900111292,false,סיגריות ווינסטון קומפקט כחול,גלוברנדס גרופ בעמ,UA,סיגריות ווינסטון קומפקט כחול בודד,לא מנהל יחידת מידה,0.00,לא מנהל יחידת מידה,false,1,29.80,0.0000,false,1,301408
4032900111308,false,ווינסטון קומפלקט סילבר חפיסה,Unknown,UA,סיגריות ווינסטון קומפקט סילבר בודד,לא מנהל יחידת מידה,0.00,לא מנהל יחידת מידה,false,1,29.80,0.0000,false,1,301410
4032900112824,false,כאמל קומפקט כחול)תכלת( ח,Unknown,,סיגריות כאמל קומפקט,יחידה,1.00,יחידה,false,1,27.60,27.6000,false,1,301586
4032900112879,false,כאמל קומפקט כחול כהה חפ,Unknown,,סיגריות כאמל קומפקט כחול בודד,יחידה,1.00,יחידה,false,1,27.60,27.6000,false,1,301585
4032900124254,false,ווינסטון קומפלקט ברי PP חפיסה,גלוברנדס גרופ בעמ,,וינסטון קומפקט ברי PP בודד,יחידה,1.00,יחידה,false,1,29.80,29.8000,false,1,305025
4033100013348,false,סיגריות אל די כחול ארוך בודד,גלוברנדס בעמ - שיווק סיגריות,,סיגריות אל די כחול ארוך חפיסה בודד,לא מנהל יחידת מידה,0.00,לא מנהל יחידת מידה,false,1,30.20,0.0000,false,1,269201
4033100014468,false,סיגריות אל די אדום בודד,גלוברנדס בעמ - שיווק סיגריות,,סיגריות אל די אדום חפיסה בודד,לא מנהל יחידת מידה,0.00,לא מנהל יחידת מידה,false,1,30.20,0.0000,false,1,269200
4033100014499,false,סיגריות אל די כחול בודד,גלוברנדס בעמ - שיווק סיגריות,,סיגריות אל די כחול חפיסה בודד,Unknown,0.00,Unknown,false,1,30.20,0.0000,false,1,269199
4033100014529,false,סיגריות אל די סלים בודד,גלוברנדס בעמ - שיווק סיגריות,,סיגריות אל די סלים חפיסה בודד,יחידה,1.00,יחידה,false,1,29.00,29.0000,false,1,269202
4033100024146,false,סיגריות ווינסטון קוד בודד,גלוברנדס בעמ - שיווק סיגריות,,סיגריות וינסטון קוד חפיסה בודד,לא מנהל יחידת מידה,0.00,לא מנהל יחידת מידה,false,1,32.00,0.0000,false,1,275318
4033100024252,false,סיגריות ווינסטון אקווה בודד,גלוברנדס בעמ - שיווק סיגריות,,סיגריות וינסטון אקווה חפיסה בודד,יחידה,0.00,יחידה,false,1,32.00,0.0000,false,1,275320
4033100038914,false,טבק כאמל צהוב + נייר גלגול 30ג',גלוברנדס בעמ - שיווק סיגריות,,טבק לגלגול קאמל צהוב חפיסה30 גרם,גרמים,30.00,100 גרם,false,1,81.20,2.7067,false,1,279554
4033100046490,false,סיגריות ווינסטון אקווה ארוך בודד,גלוברנדס בעמ - שיווק סיגריות,,סיגריות וינסטון קוד אקווה 100 חפיסה בודד,לא מנהל יחידת מידה,0.00,לא מנהל יחידת מידה,false,1,32.00,0.0000,false,1,278518
4033100047350,false,טבק כאמל כחול + נייר גלגול 30ג',גלוברנדס בעמ - שיווק סיגריות,,טבק לגלגול קאמל כחול חפיסה30 גרם,גרמים,30.00,100 גרם,false,1,81.20,2.7067,false,1,279555
4033100064036,false,וינסטון כחול טבק לגלגול חפיסה,גלוברנדס בעמ - שיווק סיגריות,,טבק לגלגול וינסטון כחול חפיסה30 גרם,גרמים,30.00,100 גרם,false,1,81.20,2.7067,false,1,286982
4043058008778,false,טבק אמריקן ספיריט כחול פאוצ,פלנטה טבק,,טבק לגלגול אמריקן ספיריט כחול חבילה30גר,גרמים,30.00,100 גרם,false,1,88.20,2.9400,false,1,279698
4050300873398,false,OSRAM סט נורות ופיו,,,OSRAM סט נורות ופיוזים H4,לא מנהל יחידת מידה,0.00,לא מנהל יחידת מידה,false,1,74.90,0.0000,true,1,302903
4050300876375,false,OSRAM סט נורות ופיו,,,OSRAM סט נורות ופיוזים H7,לא מנהל יחידת מידה,0.00,לא מנהל יחידת מידה,false,1,74.90,0.0000,true,1,302902
4084500876019,false,"פיירי נוזל כלים 500 מ""ל צהוב",פרוקטר אנד גמבל,GB,נוזל כלים פיירי לימון 500 מל,מיליליטרים,500.00,"100 מ""ל",false,1,9.90,0.0198,true,1,310674
4100130937163,false,בירה בקס שישייה 6*275 מל,הכרם -משקאות חריפים בע`מ,DE,בירה בקס 6 יחידות 1.65 ליטר,מיליליטרים,275.00,"100 מ""ל",false,1,39.90,0.1451,true,1,287563
4100470106700,true,חומץ תפוחים טבעי ואו,ברוקהרט,DE,נטורפוד חומץ תפוחים טבעי ואורגני,מיליליטרים,750.00,"100 מ""ל",false,1,25.90,0.0345,true,1,296962
4210201262183,false,מברשת שיניים חשמלית ויטליטי Vitality נטענת,דיפלומט מפיצים (1968) בעמ,DE,אורל בי מברשת חשמלית נטענת D100,לא מנהל יחידת מידה,0.00,לא מנהל יחידת מידה,false,1,99.90,0.0000,true,1,310153
4210201360742,false,אורל בי ראש חשמלי ניקוי יסודי רביעייה,דיפלומט מפיצים (1968) בעמ,IE,אורל בי ראש חשמלי לניקוי יסודי 4 יח',לא מנהל יחידת מידה,0.00,לא מנהל יחידת מידה,false,1,99.90,0.0000,true,1,310154
4640018993343,false,פיניש קוואנטום קפסולות ג'ל למדיח כלים 30 יח',רקיט בנקיזר (ניר איסט) בעמ,PL,פיניש קוואנטום קפסולות למדיח 30 טבליות,גרמים,375.00,100 גרם,false,1,44.90,0.1197,true,1,306540
4640018993350,false,פיניש קוואנטום קפסולות ג'ל למדיח כלים לימון 30 יח',רקיט בנקיזר (ניר איסט) בעמ,PL,פיניש קוואנטום 30 יח קפסולות גיל לימון,גרמים,375.00,100 גרם,false,1,44.90,0.1197,true,1,308141
4710068001692,false,מאסטר קפה בטעם לאטה בפחית 240מ`ל,תאיט מרקטינג אנד דיסטריב,,מאסטר קפה לאטה פחית,מיליליטרים,240.00,"100 מ""ל",false,1,10.50,0.0438,true,1,281302
4710068001715,false,משקה בטעם טירמיסו מאסטר קפה (240 מל),יוני פרזינדנט אנטרפר,,מאסטר קפה טרמיסו פחית 240 מל,מיליליטרים,240.00,"100 מ""ל",false,1,10.50,0.0438,true,1,281304
4710068001739,false,מאסטר קפה בטעם קולומביאני בפחית 240מ`ל,יוני פרזינדנט אנטרפר,,מאסטר קפה משקה קפה קר קלאסיקו 240 מל,מיליליטרים,240.00,"100 מ""ל",false,1,10.50,0.0438,true,1,281303
4710068002798,false,מאסטר קפה בטעם וניל בפחית 240מ`ל,מאיטה פוד אינדוסטריאל קו,,מאסטר קפה לאטה פחית,מיליליטרים,240.00,"100 מ""ל",false,1,10.50,0.0438,true,1,302114
4751007730938,false,שיפרוטים מעושנים בשמן צמחי 240 גר`,דברים טובים סגל בעמ,LV,שימורי שפרוטים מעושנים בשמן צמחי 240גרם,גרמים,240.00,100 גרם,false,1,9.90,0.0413,true,1,305190
4751007737760,false,שימורי דגי קילקה מטו,SAIVA,LV,שימורי דגי קילקה מטוגנים ברוטב עגבניות,גרמים,240.00,100 גרם,false,1,5.90,0.0246,true,1,305205
4796019790013,false,שמן קוקוס כבישה קרה אורגני גרין קוקו 300,נטורפוד בעמ,,שמן קוקוס אורגני,מיליליטרים,300.00,"100 מ""ל",false,1,24.90,0.0830,true,1,290764
4820163124124,false,וודקה חורטיצה גרין700מל,אוקראיניאן דיסטרביוטיג ק,UA,וודקה חורטיצה גרין ליין 0.7 כשרה לפסח,מיליליטרים,700.00,"100 מ""ל",false,1,74.90,0.1070,true,1,310110
4820229031311,false,"וודקה חורטיצה פלטניום 700 מ""ל.",אוקראיניאן דיסטריביו,UA,וודקה חורטיצה פלטינום 700 מל,מיליליטרים,700.00,"100 מ""ל",false,1,74.90,0.1070,true,1,310774
4820229032219,false,וודקה חורטיצה אייס 7,Global Gourmet Produ,UA,וודקה חורטיצה אייס 700 מל,מיליליטרים,700.00,"100 מ""ל",false,1,79.90,0.1141,true,1,310775
4891228430085,false,סכיני גילוח שיק אקסטרים קומפורט לגבר 3 להבים 4 יחידות,אנרג'יזר Energizer,CN,סכיני גילוח שייק אקסטרים 3 כחול רביעייה,לא מנהל יחידת מידה,0.00,לא מנהל יחידת מידה,false,1,19.70,0.0000,true,1,262511
4891228430092,false,סכיני גילוח שיק אקסטרים קומפורט לנשים 3 להבים 4 יחידות,אנרג'יזר Energizer,CN,שיק אקסטרים 3 סכיני גילוח לאישה לעור רגיש,לא מנהל יחידת מידה,0.00,לא מנהל יחידת מידה,false,1,19.70,0.0000,true,1,263975
4895149077572,false,נורת לד 10.5W 60W הב,J&P,,נורת לד 10.5W 60W הברגה E27 אור לבן,יחידה,1.00,יחידה,false,1,14.90,14.9000,true,1,291252
5000054359500,false,פריסקיז פטה כבד ועוף 156גרם,קבוצת אוסם סחר-שות.מוגבלת,US,פריסקיז פטה כבד ועוף 156גרם,גרמים,156.00,100 גרם,false,1,6.90,0.0442,true,1,311185
5000157143365,true,מתבל בטעם מיונז וקטש,תאי פרזידנט פוד פאבל,PL,"רוטב בטעם מיונז וקטשופ 425 מ""ל",מיליליטרים,425.00,"100 מ""ל",false,1,16.90,0.0398,true,1,303990
5000159376655,false,סוכריות SKITTLES פירות קטן 38 גרם אדום,"מרס ריגלי ישראל בע""מ",,סוכריות סקיטלס פירות 38 גרם,גרמים,38.00,100 גרם,false,1,4.50,0.1184,true,1,276366
5000159376792,false,סוכריות סקיטלס Skittles פירות חמוצים,"מרס ריגלי ישראל בע""מ",,סוכריות סקיטלס חמוץ 38 גרם,גרמים,38.00,100 גרם,false,1,4.50,0.1184,true,1,276367
5000159407236,false,מרס חטיף שוקולד עם קרמל 51 גרם,"מרס ריגלי ישראל בע""מ",NL,חטיף שוקולד חלב במילוי נוגט וקרמל מרס,גרמים,51.00,100 גרם,false,1,6.90,0.1353,true,1,265980
5000159414197,false,מלטיזרס-כדורים פריכים בציפוי שוולד חלב 135 גרם,מרס שוקולד צ.אמריקה,NL,מלטיזרס 135גרם,גרמים,135.00,100 גרם,false,1,19.90,0.1474,true,1,310636
5000159452977,false,מיקס שקית מיניס 400 גרם מרס-באונטי-טוויק,"מרס ריגלי ישראל בע""מ",NL,שוקולד מיקס חטיפי מיני,גרמים,400.00,100 גרם,false,1,28.90,0.0722,true,1,280074
5000159459228,false,חטיף אצבעות קרמל ושוקולד טוויקס (50 גרם),"מרס ריגלי ישראל בע""מ",NL,חטיף אצבעות קרמל ושוקולד טוויקס,גרמים,50.00,100 גרם,false,1,6.90,0.1380,true,1,277182
5000159461122,false,סניקרס חטיף שוקולד עם בוטנים 50 גרם,"מרס ריגלי ישראל בע""מ",NL,חטיף סניקרס שוקולד 50 גרם,גרמים,50.00,100 גרם,false,1,6.90,0.1380,true,1,277183
5000159541152,false,חטיף טוויקס לבן 46 גרם.,מרס ריגלי ישראל בעמ,DE,טוייקס לבן 46 גרם,גרמים,46.00,100 גרם,false,1,6.90,0.1500,true,1,308625
5000207004172,false,פדים להנקה ג'ונסון 30יח',CILAG GMBH INTERNATI,IT,ג'ונסונס רפידות הנקה 30 יח',Unknown,0.00,Unknown,false,1,25.90,0.0000,true,1,256804
5000267014234,false,וויסקי ג'וני ווקר רד לייבל Red label,החברה המרכזית להפצת משקאות בעמ,,"גוני ווקר אדום 700 מ""ל",מיליליטרים,700.00,"100 מ""ל",false,1,99.90,0.1427,true,1,261903
5000267015200,false,"ויסקי ג'וני ווקר אדום 200 מ""ל",ג'וני ווקר,,"ויסקי גוני ווקר אדום בקבוק 200 מ""ל",מיליליטרים,200.00,"100 מ""ל",false,1,44.90,0.2245,true,1,262214
5000267024233,false,"וויסקי ג'וני בלאק לייבל עם פורר 700מ""ל",החברה המרכזית להפצת משקאות בעמ,,"גוני ווקר שחור 700 מ""ל",מיליליטרים,700.00,"100 מ""ל",false,1,139.90,0.1999,true,1,264455
5000267025209,false,ג'וני ווקר שחור 200 גרם,ג'ון ווקר ובניו,,"ג'וני ווקר בלאק לייבל ויסקי סקוטי, 200 מל",מיליליטרים,200.00,"100 מ""ל",false,1,69.90,0.3495,true,1,284127
5000267171654,false,"וויסקי פוקט ג וני ווקר שחור 200מ""ל 40%.",החברה המרכזית להפצת משקאות בעמ,GB,"ג'וני שחור 200 מ""ל פוקט 40% כהל",מיליליטרים,200.00,"100 מ""ל",false,1,69.90,0.3495,true,1,305006
5000394019089,false,סוללה פלוס פאוור 2 יחידות C דורסל,דיפלומט מפיצים (1986) בע`מ,US,דורסל סוללות פלוס פאוור C,יחידה,1.00,יחידה,false,1,34.90,34.9000,true,1,295016
5000394019171,false,סוללה פלוס פאוור 2 יחידות D דורסל,דיפלומט מפיצים (1968) בעמ,US,דורסל סוללות D|2,יחידה,1.00,יחידה,false,1,34.90,34.9000,true,1,295017
5010038454831,false,"בקבוק בירה בלומון 330 מ""ל",הכרם - משקאות חריפים בעמ,,"בירה בלו מון 5.4% כוהל 330 מ""ל",מיליליטרים,330.00,"100 מ""ל",false,1,17.90,0.0542,true,1,303004
5010103800051,false,ויסקי J&B בקבוק 200,DIAGEO,,"ויסקי J&B בקבוק 200 מ""ל",מיליליטרים,200.00,"100 מ""ל",false,1,44.90,0.2245,true,1,262215
5010103943024,false,וויסקי פוקט J$B ML 200,החברה המרכזית להפצת משקאות בעמ,GB,"ג'יי אנד בי 200 מ""ל פוקט 40% כהל",מיליליטרים,200.00,"100 מ""ל",false,1,44.90,0.2245,true,1,305005
5010182997253,false,רייד תרסיס קוטל ג'וקים/תיקנים 300 מל,אס.סי.ג'ונסון מידרכט,NL,רייד תרסיס קוטל ג'וקים 300 מל,מיליליטרים,300.00,"100 מ""ל",false,1,22.90,0.0763,true,1,256819
5010182997680,false,"ארוסול-קוטל זוחלים אדום 400 מ""ל",אס.סי.ג'ונסון מידרכט,NL,רייד תרסיס קוטל נמלים 300 מל,מיליליטרים,300.00,"100 מ""ל",false,1,22.90,0.0763,true,1,256823
5010182997918,false,דאק ג'ל לניקוי אסלות בניחוח ים 55 מל,"איטיליאן פוד, אס.פי.",IT,דאק ג'ל לאסלה בניחוח ים 55 מל,מיליליטרים,55.00,"100 מ""ל",false,1,11.90,0.2164,true,1,256824
5010232964211,false,דורקס EXTRA SAFE - קונדומים שקופים עבים,דורקס Durex,TH,קונדומים דורקס אקסטרא סייף 12 יחידות,לא מנהל יחידת מידה,0.00,לא מנהל יחידת מידה,false,1,39.90,0.0000,true,1,260785
5010232964228,false,דורקס THIN FEEL - קונדומים דקים להגברת התחושה,דורקס Durex,TH,"קונדמים קצר ולעניין, דק 12 יחידות",לא מנהל יחידת מידה,0.00,לא מנהל יחידת מידה,false,1,39.90,0.0000,true,1,260786
5010265000382,true,רויטה פת פריכה שיפון,רייויטה,GB,רויטה פת פריכה שיפון 250 גרם,גרמים,250.00,100 גרם,false,1,13.90,0.0556,true,1,296979
5010265002836,true,רויטה פת פריכה שיפון,דה ג'ורנדסאנד ריוויט,AO,פת פריכה קמח שיפון מלא 250 גרם,גרמים,250.00,100 גרם,false,1,11.90,0.0476,true,1,296980
5010327000046,false,"וויסקי גרנטס וויסקי 700 מ""ל","וויליאם גראנט ובניו בע""\",,"ויסקי גרנטס 700 מ""ל",מיליליטרים,700.00,"100 מ""ל",false,1,109.90,0.1570,true,1,256826
5010677551397,false,"בקרדי בריזר בטעם לימון ליים 275 מ""ל",בקרדי בריזר Bacardi Breezer,BE,"בריזר - משקה כוהלי מוגז בטעם ליים 275 מ""ל",מיליליטרים,275.00,"100 מ""ל",false,1,18.90,0.0687,true,1,285242
5010677552387,false,"בקרדי בריזר אננס 275 מ""ל בקבוק",בקרדי בריזר Bacardi Breezer,BE,"בריזר - משקה כוהלי מוגז בטעם אננס 275 מ""ל",מיליליטרים,275.00,"100 מ""ל",false,1,18.90,0.0687,true,1,256831
5010677554398,false,בריזר אבטיח בבקבוק בקרדי (275 מל),בקרדי בריזר Bacardi Breezer,BE,"בריזר - משקה כוהלי מוגז בטעם אבטיח 275 מ""ל",מיליליטרים,275.00,"100 מ""ל",false,1,18.90,0.0687,true,1,256832
5010677714006,false,"ג'ין בומביי ספייר 700מ""ל",ג'ון דיואר ובניו,ES,ג'ין בומביי ספייר,מיליליטרים,700.00,"100 מ""ל",false,1,129.90,0.1856,true,1,305829
5010677850100,false,"וודקה צרפתית גריי גוס 700מ""ל",בקרדי מרטיני,FR,"וודקה גריי גוס 750 מ""ל",מיליליטרים,700.00,"100 מ""ל",false,1,149.90,0.2141,true,1,301079
5014271330426,false,מעדן אוכמניות כחולות ללא תוספת סוכר 284 גרם,סאן דלפור - שמבור,FR,מעדן סנדלפור אוכמניות 284 גרם,גרמים,284.00,100 גרם,false,1,23.90,0.0842,true,1,256839
5014379009972,false,בירה לאגר באדוויזר פחית 500 מל,הכרם - משקאות חריפים בעמ,,בירה באדוויזר,מיליליטרים,500.00,"100 מ""ל",false,1,12.90,0.0258,true,1,302679
5018357006816,false,תערובת דגנים 30% פירות ואגוזים 620 גרם,אחים טיירי עסקי מזון בעמ,,גרנולה דורסט 620 גרם,גרמים,620.00,100 גרם,false,1,22.70,0.0366,true,1,264108
5018357011858,false,דורסט סיריאלס-ברי גרנולה 550 גרם,דורסט סיריאליס,IL,גרנולה דורסט סיריאלס ברי גרנולה 550 גרם,גרמים,550.00,100 גרם,false,1,32.90,0.0598,true,1,297509
5029053032658,false,שמיניית ממחטות טישו קלינקס 9 יחידות,קימברלי קלארק ישראל שיווק בעמ,,ממחטות קלינקס א.ס 10 יחידות,לא מנהל יחידת מידה,0.00,לא מנהל יחידת מידה,false,1,10.90,0.0000,true,1,295522
5029053510811,false,תחבושות נורמל פלוס עם כנפיים קוטקס 28 יחידות,קימברלי קלארק ישראל שיווק בעמ,,קוטקס תחבושות עם כנפיים נורמל פלוס 30 יחידות,Unknown,0.00,Unknown,false,1,22.90,0.0000,true,1,256852
5029053523446,false,קוטקס - תחבושות אולטרה נייט + כנפיים 20 יח',קימברלי קלארק ישראל שיווק בעמ,,קוטקס תחבושות עם כנפיים נייט 20 יחידות,לא מנהל יחידת מידה,0.00,לא מנהל יחידת מידה,false,1,22.90,0.0000,true,1,256855
5035766044673,false,"סטרונגבואו גולד, סיידר תפוחים אלכוהולי, בקבוק 330 מ''ל",האי נאם סי או אל.טי.,BE,סיידר תפוחים 5% אלכוהול סטרונגבאו 330 מל,מיליליטרים,330.00,"100 מ""ל",false,1,9.90,0.0300,true,1,281865
5038483207949,false,דורקס THIN FEEL קונדומים דקים במיוחד,דורקס Durex,TH,קונדומים דורקס אינימט פיל סיכה 12 יחידות,לא מנהל יחידת מידה,0.00,לא מנהל יחידת מידה,false,1,39.90,0.0000,true,1,263911
5038483574386,false,שלשיית קונדומים durex אדום,רקיט בנקיזר הלת'קר,,קונדומים דורקס פדרלייט 3 * 12 יח,לא מנהל יחידת מידה,0.00,לא מנהל יחידת מידה,false,1,14.90,0.0000,true,1,267255
5038483574416,false,קונדום דורקס אקסטרא סייף 3,רקיט בנקיזר הלת'קר,,קונדומים דורקס אקסטרא 3 יחידות,לא מנהל יחידת מידה,0.00,לא מנהל יחידת מידה,false,1,14.90,0.0000,true,1,267354
5050974504559,false,פת ריויטה פרוטאין אפ,דה ג'ורדנס אנד ריווי,GB,פת פריכה עם חלבון אפונה וקינואה רייויטה,גרמים,200.00,100 גרם,false,1,14.90,0.0745,true,1,300108
5056357900925,false,סניקרס חטיף חלבון חמאת בוטנים 57 גרם,פארם אקספרס,US,סניקרס חמאת בוטנים 57 גרם,גרמים,59.00,100 גרם,false,1,17.90,0.3034,true,1,306661
5056357901427,false,אם אנד אם חטיף חלבון שוקולד 51 גרם,פארם אקספרס,GB,חטיף חלבון m&m בטעם שוקולד,גרמים,51.00,100 גרם,false,1,17.90,0.3510,true,1,309231
5056357901441,false,אם אנד אם חטיף חלבון בוטנים 51 גרם,פארם אקספרס,GB,חטיף חלבון בוטנים 15 חלבון 51 גרם m&m,גרמים,51.00,100 גרם,false,1,17.90,0.3510,true,1,309232
5056357903834,false,באונטי מעושר בחלבון 52 גרם,מארס יורק אנגליה,GB,חטיף באונטי 18גרם חלבון 52גרם,גרמים,52.00,100 גרם,false,1,17.90,0.3442,true,1,309564
5060221201391,false,גרנייד בטעם קרמל chaos,גרנייה,NL,chaosגרנייד בטעם קרמל60 גרם,גרמים,60.00,100 גרם,false,1,17.90,0.2983,true,1,310156
5060221201575,false,חטיף חלבון גרנייד בטעם קרם עוגיות,LTD (UK) GRENADE,GB,חטיף חלבון גרנייד קרם עוגיות 23 חלבון 60,גרמים,60.00,100 גרם,false,1,17.90,0.2983,true,1,309356
5060221201605,false,חטיף חלבון גרנייד בטעם באוני פאדג',LTD (UK) GRENADE,GB,חטיף חלבון גרנייד באוני פאדג 23 חלבון,גרמים,60.00,100 גרם,false,1,17.90,0.2983,true,1,309355
5060221201810,false,גרנייד בטעם שוקולד לבן עוגיות,LTD (UK) GRENADE,NL,גרנייד שוקולד לבן עוגיות 60גרם,גרמים,60.00,100 גרם,false,1,17.90,0.2983,true,1,310158
5060221203753,false,חטיף חלבון גרנייד בטעם חמאת בוטנים,LTD (UK) GRENADE,GB,חטיף חלבון גרנייד חמאת בוטנים 21 חלבון,גרמים,60.00,100 גרם,false,1,17.90,0.2983,true,1,309354
5060221203937,false,גרנייד בטעם שוקוצ'יפס בצק עוגיות,LTD (UK) GRENADE,NL,גרנייד שוקוציפס בצק עוגיות 60גרם,גרמים,60.00,100 גרם,false,1,17.90,0.2983,true,1,310157
5060221206860,false,חטיף חלבון בטעם קרמל מלוח ושוקולד 60 ג' Grenade,LTD (UK) GRENADE,GB,חטיף חלבון גרנייד קרמל מלוח 20 חלבון 60,גרמים,60.00,100 גרם,false,1,17.90,0.2983,true,1,309357
5060317320449,false,"UFIT - משקה חלבון בטעם שוקולד 500 מ""ל",לאקסה אס.אי,GB,"UFIT משקה חלבון בטעם שוקולד 500מ""ל",מיליליטרים,500.00,"100 מ""ל",false,1,19.90,0.0398,true,1,310622
5060317322122,false,"UFIT - משקה חלבון בטעם קרמל מלוח 330 מ""ל",לאקסה אס.אי,GB,UFIT משקה חלבון בטעם קרמל מלוח 330 מ,מיליליטרים,330.00,"100 מ""ל",false,1,14.90,0.0452,true,1,310618
5060317322146,false,"UFIT - משקה חלבוI בטעם שוקולד לבן 330 מ""ל",לאקסה אס.אי,GB,UFIT משקה חלבון בטעם שוקולד לבן 330מ,מיליליטרים,330.00,"100 מ""ל",false,1,14.90,0.0452,true,1,310619
5060317322368,false,"UFIT - משקה חלבון בטעם פאדג' בראוניז 330 מ""ל",לאקסה אס.אי,GB,UFIT משקה חלבון בטעם פאדג בראוניז 33,מיליליטרים,330.00,"100 מ""ל",false,1,14.90,0.0452,true,1,310620
5060319120078,true,תה הייר ליבינג סוויט,אונלי נטורל פרודקטס,GB,הייר ליווינג חליטת סוויט דרימס אורגני 26 גרם,גרמים,40.00,100 גרם,false,1,18.90,0.4725,true,1,296985
5060319120115,true,תה ירוק אורגני-הייר,אונלי נטורל פרודקטס,GB,הייר ליווינג תה ירוק אורגני 40 גרם,גרמים,50.00,100 גרם,false,1,18.90,0.3780,true,1,296987
5060402908248,false,סניקרס חטיף חלבון 55 גרם,פארם אקספרס,US,סניקרס פרוטאין 55 גרם,גרמים,59.00,100 גרם,false,1,17.90,0.3034,true,1,306662
5060402908286,false,חטיף חלבון מארס 59 גרם,פארם אקספרס,US,מארס פרוטאין 59 גרם,גרמים,59.00,100 גרם,false,1,17.90,0.3034,true,1,306659
5060402909542,false,מארס חטיף חלבון קרמל מלוח 59 גרם,פארם אקספרס,US,מארס קרמל מלוח 59 גרם,גרמים,59.00,100 גרם,false,1,17.90,0.3034,true,1,306660
5060424705368,false,WARRIOR - חטיף חלבון קראנץ' בטעם קרמל מלוח,וורקווין,GB,WARRIOR חטיף קראנץ בטעם קרמל מלוח 64 גר,גרמים,64.00,100 גרם,false,1,14.90,0.2328,true,1,310465
5060424705511,false,WARRIOR - חטיף חלבון קראנץ' בטעם שוקולד וקוקוס,תעשיות מזון בלאבאן,US,WARRIOR חטיף חלבון קראנץ שוקולד וקוקוס,גרמים,64.00,100 גרם,false,1,14.90,0.2328,true,1,311758
5060424705535,false,חטיף חלבון WARRIOR בטעם שוקולד מריר ובוטנים,"KBF תעשיות בע""מ UK",GB,WARRIORשוקולד מריר ובוטנים 20גר חלבון,גרמים,64.00,100 גרם,false,1,14.90,0.2328,true,1,310451
5060465390004,false,"בירה לל""ג ""סקיני"" בקבוק 330 מ""ל",סקיני ביר בע״מ,GB,"בירה סקיני 4% לל""ג 330 מ""ל",מיליליטרים,330.00,"100 מ""ל",false,1,12.90,0.0391,true,1,299650
5060517886486,false,"משקה אנרגיה מונסטר אנרג'י בפחית 500 מ""ל",החברה המרכזית להפצת משקאות בעמ,RU,"מונסטר אנרג'י פח 500 מ""ל",מיליליטרים,500.00,"100 מ""ל",false,1,10.90,0.0218,true,1,303556
5060639128051,false,"משקה אנרגיה מונסטר אולטרה בפחית 500 מ""ל",החברה המרכזית להפצת משקאות בעמ,RS,"מונסטר ULTRA פח 500 מ""ל",מיליליטרים,500.00,"100 מ""ל",false,1,10.90,0.0218,true,1,305004
5060639129102,false,"משקה אנרגיה מונסטר אנרג'י מנגו בפחית 500 מ""ל",החברה המרכזית להפצת משקאות בעמ,RS,"מונסטר Mango Loco פח 500 מ""ל",מיליליטרים,500.00,"100 מ""ל",false,1,10.90,0.0218,true,1,306571
5060751218173,false,"משקה אנרגיה מונסטר אנרג'י piplin punch בפחית 500 מ""ל",החברה המרכזית להפצת משקאות בעמ,IE,"מונסטר פייפליין פאנץ' פח 500 מ""ל",מיליליטרים,500.00,"100 מ""ל",false,1,10.90,0.0218,true,1,310449
5060751219033,false,"משקה אנרגיה מונסטר אנרג'י זירו paradise בפחית 500 מ""ל",החברה המרכזית להפצת משקאות בעמ,IE,"מונסטר ULTRA PARADISE פח 500 מ""ל",מיליליטרים,500.00,"100 מ""ל",false,1,10.90,0.0218,true,1,310450
5060756342781,false,חטיף חלבון WARRIOR בטעם קרם עוגיות,"KBF תעשיות בע""מ UK",GB,WARRIOR קרם עוגיות 20גר חלבון 64גרם,גרמים,64.00,100 גרם,false,1,14.90,0.2328,true,1,310452
5060756343702,false,WARRIORחטיף חלבון קר,תעשיות מזון בלאבאן,US,WARRIORחטיף חלבון קראנץ פטל שוקולד מריר,גרמים,64.00,100 גרם,false,1,14.90,0.2328,true,1,311759
5201004020338,false,גליליות קפריס קרם אגוזים שוקולד 400 גר,משה סידס ובנו בעמ,GR,גלילי וופל במילוי קרם אגוזי לוז וקקאו 400 גרם,גרמים,400.00,100 גרם,false,1,19.90,0.0497,true,1,302490
5201004021328,false,קפריס רולס גלילי וופל במילוי קרם אגוזי לוז וקקאו,אי. ג'יי פאפאדופולוס,GR,גלילי וופל במילוי קרם אגוזי לוז וקקאו 115 גרם,גרמים,115.00,100 גרם,false,1,12.90,0.1122,true,1,310888
5201044009706,false,קוביות בוטנים בקרמל,פודס,GR,קוביות בוטנים בקרמל 85 גרם,גרמים,85.00,100 גרם,false,1,11.90,0.1400,true,1,303872
5201347400545,false,רצועות שעווה מוכנות לשימוש לפנים ולאזורים רגישים,רקיט בנקיזר (ניר איסט) בעמ,FR,רצועות שעווה מוכנות לפנים ויט 20 יחידות,יחידה,1.00,יחידה,false,1,31.90,31.9000,true,1,273257
5201583750411,false,זירו-סוכריות ללא סוכר בטעם לימון עם סטיב,איתן,GR,סוכריות זירו לימון 32 גרם,גרמים,32.00,100 גרם,false,1,7.90,0.2469,true,1,308727
5201583750510,false,זירו-סוכריות ללא סוכר בטעם תות קרמי,ציון תורגמן בעמ,GR,סוכריות זירו תות חלבי 32 גרם,גרמים,32.00,100 גרם,false,1,7.90,0.2469,true,1,308730
5201583751418,false,סוכריות זירו אייס בלו סטיביה ללא סוכר 32 ג',איתן,GR,סוכריות זירו אייס בלו 32 גרם,גרמים,32.00,100 גרם,false,1,7.90,0.2469,true,1,308729
5201583752118,false,זירו סוכריות ללא סוכר חמאה במילוי שוקולד,איתן,GR,סוכריות זירו חמאה במילוי ק.שוקולד 32 גרם,גרמים,32.00,100 גרם,false,1,7.90,0.2469,true,1,308728
5202302020020,true,ממרח זיתי קלמטה לילי,לילייה פודס,GR,ממרח זיתי קלמטה ליליה 200 גרם,גרמים,200.00,100 גרם,false,1,16.90,0.0845,true,1,296994
5208049001452,false,גולדן וירג`יניה ירוק 30 גר`בודד+נייר גל,גלוברנדס בעמ - שיווק סיגריות,,גולדן ירוק 30 ג+ נייר PP פקט חפיסה,יחידה,1.00,יחידה,false,1,70.00,70.0000,false,1,303044
5208049001483,false,גולדן וירגיניה לבן 30 גר+נייר PP יחידה,Unknown,,גולדן וירגיניה לבן30 גר+ נייר גלגול P,גרמים,30.00,100 גרם,false,1,70.00,2.3333,true,1,302873
5208049001513,false,גולדן וירגיניה צהוב30 גר+נייר לגלגול יח,Unknown,,גולדן וירגיניה צהוב 30 גר+ נייר גלגול P,גרמים,30.00,100 גרם,false,1,70.00,2.3333,true,1,302872
5208049002473,false,קנט ארוך קופסא בודדת,גלוברנדס גרופ בעמ,,סיגריות קנט ארוך חפיסה בודד PP,יחידה,1.00,יחידה,false,1,38.40,38.4000,false,1,302878
5208049004781,false,פאל מאל ברי דמי סלימס חפיסה,Unknown,,סיגריות,יחידה,1.00,יחידה,false,1,27.30,27.3000,false,1,306006
5208049006594,false,פאל מאל אקסטרה כחול קופסה,גלוברנדס בעמ - שיווק סיגריות,DE,פאל מאל אקסטרה כחול חפיסה,יחידה,1.00,יחידה,false,1,30.20,30.2000,true,1,310913
5208049006624,false,פאל מאל אקסטרה סילבר חפיסה,גלוברנדס בעמ - שיווק סיגריות,DE,פאל מאל אקסטרה סילבר חפיסה,יחידה,1.00,יחידה,false,1,30.20,30.2000,true,1,310915
5208049006655,false,פאל מאל אקסטרה מנדרינה קופסה,גלוברנדס בעמ,RO,סיגריות פלמל אקסטרה מנדרינה חפיסה,יחידה,1.00,יחידה,false,1,30.20,30.2000,true,1,311880
5410126006360,false,לוטוס עוגיות סנדוויץ במילוי לוטוס 150 גרם,דיפלומט מפיצים (1968) בעמ**,BE,לוטוס עוגיות סנדוויץ במילוי לוטוס 150 גר,גרמים,150.00,100 גרם,false,1,11.90,0.0793,true,1,309234
5410126106183,false,עוגיות לוטוס 50 יחידות ארוזות בנפרד 312 גרם,דיפלומט מפיצים (1968) בעמ**,BE,"ביסקויט קרמל 312 גרם בד""צ 50 יח ארוז בנפ",גרמים,312.00,100 גרם,false,1,24.90,0.0798,true,1,259384
5410126116953,false,ממרח ביסקוויט קרמל לוטוס (400 גרם),דיפלומט מפיצים (1968) בעמ**,BE,ממרח עוגיות לוטוס קרמל,גרמים,400.00,100 גרם,false,1,21.90,0.0547,true,1,276032
5410126716016,false,"עוגיות לוטוס ביסקויט קרמל בד""צ 250 גרם",דיפלומט מפיצים (1968) בעמ**,BE,"ביסקויט בטעם קרמל לוטוס 250 גרם בד""צ",גרמים,250.00,100 גרם,false,1,13.90,0.0556,true,1,257028
5410228217732,false,"בירה סטלה ארטואה 440מ""ל פחית.",מנדלז סי.אר. פרודקשן,BE,בירה סטלה ארטואה בפחית 440 מל,מיליליטרים,440.00,"100 מ""ל",false,1,15.90,0.0361,true,1,306572
5410228267508,false,"באדוויזר בקבוק 330 מ""ל - 5% אלכוהול",הכרם - משקאות חריפים בעמ,,בירה באדוויזר,מיליליטרים,330.00,"100 מ""ל",false,1,11.90,0.0361,true,1,302678
5410228267515,false,"שישיית בירה לאגר באדוויזר 6*330 מ""ל",הכרם - משקאות חריפים בעמ,,בירה באדוויזר,ליטרים,1.98,ליטר,false,1,49.90,25.2020,true,1,302677
5410316983693,false,וודקה סמירנוף אייס בודד 275 מ``ל.,החברה המרכזית להפצת משקאות בעמ,IT,סמירנוף אייס בודד,מיליליטרים,275.00,"100 מ""ל",false,1,17.90,0.0651,true,1,258914
5410769100081,false,"בירה לה שוף קטן 330 מ""ל בקבוק",הכרם משקאות חריפים בעמ,BE,לה שוף בירה חזקה ומעוננת 330 מל,מיליליטרים,330.00,"100 מ""ל",false,1,17.90,0.0542,true,1,269813
5410769200088,false,"בירה מק שוף קטן 330 מ""ל בקבוק",הכרם משקאות חריפים בעמ,BE,"בירה מק שוף בקבוק 330 מ""ל",מיליליטרים,330.00,"100 מ""ל",false,1,17.90,0.0542,true,1,269815
5410769800097,false,"בירה לה צרי שוף 8% 330 מ""ל בקבוק",הכרם - משקאות חריפים בעמ,BE,"בירה צרי שוף 8% בקבוק 330 מ""ל",מיליליטרים,330.00,"100 מ""ל",false,1,17.90,0.0542,true,1,295637
5411081003654,false,"קסטיל בירה רוז 330 מ""ל",מבשלת קסטל ואן הונסב,,בירה קסטל רוזי 330,מיליליטרים,330.00,"100 מ""ל",false,1,13.90,0.0421,true,1,278362
5411188080268,false,משקה סויה אלפרו אורגני אלפרו (1 ליטר),הנסיך- מפעל לייצור ט,BE,אלפרו משקה סויה אורגני 1ל,ליטרים,1.00,ליטר,false,1,16.90,16.9000,true,1,260149
5411188096108,false,"אלפרו שמנת צמחית לבישול לייט 250מ""ל",שטראוס גרופ בעמ/מצונן,BE,אלפרו סויה לבישול 250 מל,מיליליטרים,250.00,"100 מ""ל",false,1,10.90,0.0436,true,1,268494
5411188110835,false,אלפרו חלב סויה שקדים וניל 1ל',הנסיך- מפעל לייצור ט,BE,אלפרו משקה שקדים 1ל,ליטרים,1.00,ליטר,false,1,16.90,16.9000,true,1,277100
5411188115472,false,משקה סויה 1 ליטר אלפרו,הנסיך- מפעל לייצור ט,BE,אלפרו משקה סויה 1ל,ליטרים,1.00,ליטר,false,1,16.90,16.9000,true,1,305293
5411188124726,false,משקה שיבולת שועל שקדים 1 ליטר אלפרו,הדקלאים אגודת שיתופי,BE,אלפרו משקה ש.שועל שקדים1ל,ליטרים,1.00,ליטר,false,1,16.90,16.9000,true,1,295590
5411188134985,false,אלפרו 3.5% NOT M*LK שיבולת שועל 1 ליטר בית יוסף,שטראוס גרופ בעמ/מצונן,BE,אלפרו 3.5%שומן NOT M*LK ש.שועל ל1,ליטרים,1.00,ליטר,false,1,14.90,14.9000,true,1,309455
5411188135005,false,אלפרו 1.8% NOT M*LK שיבולת שועל 1 ליטר בית יוסף,שטראוס גרופ בעמ/מצונן,BE,אלפרו 1.8%שומן NOT M*LK ש.שועל ל1,ליטרים,1.00,ליטר,false,1,14.90,14.9000,true,1,308837
5411188300328,false,אלפרו משקה סויה עמיד בטעם שוקו 1 ליטר,הנסיך- מפעל לייצור ט,BE,אלפרו משקה סויה שוקו 1ל,ליטרים,1.00,ליטר,false,1,16.90,16.9000,true,1,281393
5411188513483,false,"סויה לבישול 14% שומן אלפרו 250 מ""ל",שטראוס גרופ בעמ/מצונן,BE,אלפרו סויה לבישול 14% שומן 250מל,מיליליטרים,250.00,"100 מ""ל",false,1,9.90,0.0396,true,1,309644
5411681014005,false,"בירה דובל בקבוק 330 מ""ל",הכרם משקאות חריפים בעמ,IL,"בירה דובל בקבוק 330 מ""ל",מיליליטרים,330.00,"100 מ""ל",false,1,17.90,0.0542,true,1,257037
5411681038001,false,"מרדסו מעורפלת מאוד330מ""ל",הכרם - משקאות חריפים בעמ,BE,בירה מרדסו 10% כוהל 330 מל,מיליליטרים,330.00,"100 מ""ל",false,1,17.90,0.0542,true,1,289268
5413149655522,false,"אבקת כביסה שושן צחור 1.25 ק""ג אריאל",דיפלומט מפיצים (1986) בע`מ,,איראל אבקת כביסה שושן צחור 1.25 קג,קילוגרמים,1.25,"ק""ג",false,1,19.90,15.9200,true,1,266426
5600286004072,false,תפוחונים אורגניים מתקתק 40 גר,נטורפוד,PT,תפוחונים אורגניים מתקתק 40 גרם נטורפוד,גרמים,40.00,100 גרם,false,1,9.90,0.2475,true,1,304799
5600286004089,false,תפוחונים אורגניים חמצמץ 40 גר,נטורפוד,PT,תפוחונים אורגניים חמצמץ 40 גרם נטורפוד,גרמים,40.00,100 גרם,false,1,9.90,0.2475,true,1,304800
5701397337704,false,קופסאות בוטנים 200 ג,snack foods,DK,קופסאות בוטנים 200 גרם,גרמים,200.00,100 גרם,false,1,16.90,0.0845,true,1,310957
5701397337711,false,בוטנים מלוח מתוק 175,snack foods,DK,בוטנים מלוח מתוק 175 גרם,גרמים,175.00,100 גרם,false,1,16.90,0.0966,true,1,310958
5701397337728,false,בוטנים חריף מלוח 175,snack foods,DK,בוטנים חריף מלוח 175 גר,גרמים,175.00,100 גרם,false,1,16.90,0.0966,true,1,310961
5701397337735,false,בוטנים בתערובת פירות,snack foods,DK,בוטנים בתערובת פירות מתוקים 175 גרם,גרמים,175.00,100 גרם,false,1,16.90,0.0966,true,1,310960
5701397337742,false,קופסאות בוטנים ווסאב,snack foods,DK,קופסאות בוטנים ווסאבי,גרמים,130.00,100 גרם,false,1,16.90,0.1300,true,1,310956
5701397337759,false,בוטני צילי חריף 150,snack foods,DK,בוטני צילי חריף 150 גרם,גרמים,150.00,100 גרם,false,1,16.90,0.1127,true,1,310959
5701932026964,false,"הוטפופ גרעיני תירס להכנת פופקורן במיקרוגל בטעם טבעי, בתוספת מלח, 600 גרם",ליימן שליסל בע`מ,US,פופקורן עם מלח הוטפופ 600 גרם,גרמים,600.00,100 גרם,false,1,21.90,0.0365,true,1,257199
5701932026971,false,הוטפופ גרעיני תירס להכנת פופקורן במיקרוגל בטעם חמאה 600 גרם,ליימן שליסל בע`מ,US,הוט חמאה 600 ג') ב(12,גרמים,600.00,100 גרם,false,1,21.90,0.0365,true,1,257200
5710840209437,false,טבק באלי נטורל 40 גר`בודד,סקמדינביין טובקו,,באלי נטוראל 40 גר,גרמים,40.00,100 גרם,false,1,100.00,2.5000,true,1,303251
5710840210013,false,בא לי שג לבן סופר עדין 40גר,סקמדינביין טובקו,,באלי לבן 40 גר,גרמים,40.00,100 גרם,false,1,100.00,2.5000,true,1,303250
5710840210167,false,באלישג וירג'יניה 40 גרם,סקנדינביין טובקו,,באלי צהוב 40 גר,גרמים,40.00,100 גרם,false,1,100.00,2.5000,true,1,303479
5711953106583,false,גבינת שמנת בטעם טבעי 200 גרם ארלה,שטראוס גרופ בעמ/מצונן,DK,ארלה גבינת שמנת טבעי 200 גרם,גרמים,200.00,100 גרם,false,1,17.90,0.0895,true,1,302797
5711953106590,false,גבינת שמנת ארלה שמנת שום 200 גרם,שטראוס גרופ בעמ/מצונן,DK,ארלה גבינת שמנת שום,גרמים,200.00,100 גרם,false,1,17.90,0.0895,true,1,302798
5711953106606,false,גבינת שמנת עם תבלינים ועשבי תיבול 23.5%,שטראוס גרופ בעמ/מצונן,DK,ארלה גבינת שמנת עשבי תיבול,גרמים,200.00,100 גרם,false,1,17.90,0.0895,true,1,302799
5740900403215,true,ממרח לורפק עם מלח 25,ארלה פודס אמבה,DK,ממרח לורפק עם מלח 250,גרמים,250.00,100 גרם,false,1,19.90,0.0796,true,1,299535
5740900403222,true,ממרח לורפק עם מלח מו,ארלה פודס אמבא,DK,ממרח לורפק עם מלח מופחת שומן,גרמים,250.00,100 גרם,false,1,19.90,0.0796,true,1,299536
5740900403239,true,ממרח לורפק ללא מלח 2,ארלה פודס אמבא,DK,ממרח לורפק בלי מלח 250,גרמים,250.00,100 גרם,false,1,19.90,0.0796,true,1,299537
5740900403246,true,ממרח לורפק ללא מלח 5,ארלה פודס אמבה,DK,ממרח לורפק בלי מלח 500גר,גרמים,500.00,100 גרם,false,1,30.90,0.0618,true,1,299538
5740900403253,true,ממרח לורפק עם מלח 50,ארלה פודס אמבה,DK,ממרח לורפק עם מלח 500גר,גרמים,500.00,100 גרם,false,1,30.90,0.0618,true,1,299539
5740900403260,false,ממרח מחמאת לורפק ללא מלח 27% פחות שומן,שטראוס גרופ בעמ/מצונן,DK,ממרח לורפק ללא מלח מופחת שומן,גרמים,250.00,100 גרם,false,1,19.90,0.0796,true,1,299540
5900020026552,false,דגני בוקר האני נאט צ'יריוס בטעם דבש ושקדים,קבוצת אוסם סחר שותפות מוגבלת,FR,דגני האני נאט ציריוס 625 גרם,גרמים,625.00,100 גרם,false,1,27.90,0.0446,true,1,290363
5900907000118,false,סלט ירקות בתחמיץ 680,אורבנק,PL,סלט ירקות בתחמיץ 680 גרם,גרמים,680.00,100 גרם,false,1,11.90,0.0175,true,1,305197
5900907000217,false,פלפל אדום בחומץ 680,דברים טובים סגל בעמ,PL,פלפל אדום בחומץ 680 גרם,גרמים,680.00,100 גרם,false,1,16.90,0.0249,true,1,305194
5900907000965,false,פטיסון מלפפון בחומץ 910 גר`צנצנת,דברים טובים סגל בעמ,PL,פטיסון בחומץ 910 גרם,גרמים,910.00,100 גרם,false,1,21.90,0.0241,true,1,305200
5900907001429,false,תערובת ירקות בחומץ 910 גרם צנצנת,דברים טובים סגל בעמ,,אסורטי 910גרם,גרמים,910.00,100 גרם,false,1,17.90,0.0197,true,1,264843
5900907001450,false,מלפפון במלח צנצנת 920 גרם,דברים טובים סגל בעמ,PL,מלפפון במלח 910 גרם,גרמים,910.00,100 גרם,false,1,17.90,0.0197,true,1,305198
5900907001474,false,עגבניות אדומות בחומץ 920 גרם צנצנת,דברים טובים סגל בעמ,,עגבניות אדומות בחומץ 920 גרם,גרמים,920.00,100 גרם,false,1,16.90,0.0184,true,1,305189
5900907001719,false,תערובת ירקות כבושים930גר,דברים טובים סגל בעמ,IL,תערובת מלפפונים ועגבניות,גרמים,910.00,100 גרם,false,1,17.90,0.0197,true,1,305192
5900951283963,false,חטיף סניקרס עם חמאת בוטנים Creamy Peanut Butter,"מרס ריגלי ישראל בע""מ",PL,dro סניקרס קרימי ח.בוטנים 36.5,גרמים,37.00,100 גרם,false,1,6.90,0.1865,true,1,309670
5901414200411,false,בלזן היט מיני ביסקוויט סנדוויץ' עם מילוי קרם בטעם שוקולד 130 גרם,ליימן שליסל בע`מ,PL,עוגיות היט מיני קקאו 130 גרם,גרמים,130.00,100 גרם,false,1,9.00,0.0692,true,1,261617
5902198160403,false,XL משקה אנרגיה מוגז ללא סוכר עד 10 קלוריות לפחית 250 מל,"טמפו משקאות בע""\מ",IL,"משקה אנרגיה XL TEN פחית 250 מ""ל",מיליליטרים,250.00,"100 מ""ל",false,1,7.90,0.0316,true,1,293945
5904941750312,false,"משקה אנרגיה BLU מוחיטו בודד 250 מ""ל",בני פאוזי שמשום (2009) בעמ,PL,בלו משקה אנרגיה מוגז 250 מל,מיליליטרים,250.00,"100 מ""ל",false,1,8.90,0.0356,true,1,276971
5904941751302,false,משקה אנרגיה בפחית בלו (250 מל),בני פאוזי שמשום (2009) בעמ,PL,בלו משקה אנרגיה מוגז 250 מל,מיליליטרים,250.00,"100 מ""ל",false,1,8.90,0.0356,true,1,266104
5904941751524,false,"משקה אנרגיה BLU DAY אבטיח בודד 250 מ""ל",בני פאוזי שמשום (2009) בעמ,PL,בלו משקה אנרגיה מוגז 250 מל,מיליליטרים,250.00,"100 מ""ל",false,1,8.90,0.0356,true,1,276972
5904941751920,false,בלו משקה אנרגיה דיי חצי מכמות הקלו250 מל,בני פאוזי שמשום (2009) בעמ,PL,בלו משקה אנרגיה מוגז 250 מל,מיליליטרים,250.00,"100 מ""ל",false,1,8.90,0.0356,true,1,274491
5904941752262,false,משקה אנרגיה בטעם לימון ליים ללא תוספת סוכר,בני פאוזי שמשום (2009) בעמ,PL,בלו משקה אנרגיה מוגז 250 מל,מיליליטרים,250.00,"100 מ""ל",false,1,8.90,0.0356,true,1,305012
5906485301012,false,משקה אנרגיה XL מוגז פחית 250 מל,"טמפו משקאות בע""מ",IL,אקס אל אנרג'י דרינק משקה אנרגיה מוגז,מיליליטרים,250.00,"100 מ""ל",false,1,7.90,0.0316,true,1,261986
5998623526739,false,יין גוורצטרמינר חצי מתוק סי גראס 750 מ,מ. אקרמן בעמ,HU,"יין גוורצטרמינר סי גראס 750 מ""ל",מיליליטרים,750.00,"100 מ""ל",false,1,49.90,0.0665,true,1,301490
6001023641601,false,מילוי גז למצתים 250,,,"מילוי גז למצתים 250 מ""ל",מיליליטרים,250.00,"100 מ""ל",false,1,11.90,0.0476,true,1,300365
6001067017530,false,מברשת שיניים קולגייט לילדים מגיל שנתיים עד חמש 1 יחידה,יבואן ומשווק: ש. שסט,CN,קולגייט מברשת שיניים ילדים ספיידרמן/ברבי גילאי 2-5,יחידה,1.00,יחידה,false,1,15.90,15.9000,true,1,277029
6008165003984,false,סיגריות פאל מאל כחול סטרים פילט בודד,גלוברנדס בעמ - שיווק סיגריות,,סיגריות פאל מל כחול סטרים חפיסה בודד,לא מנהל יחידת מידה,0.00,לא מנהל יחידת מידה,false,1,31.40,0.0000,false,1,278728
6008165271192,false,סיגריות פאל מל ארוך אדום בודד,גלוברנדס בעמ - שיווק סיגריות,,סיגריות פאל מל ארוך אדום חפיסה בודד,לא מנהל יחידת מידה,0.00,לא מנהל יחידת מידה,false,1,31.40,0.0000,false,1,277818
6008165274629,false,פאל מאל כחול ארוך סטרים פילטר חפיסה,גלוברנדס בעמ - שיווק סיגריות,,סיגריות פאל מאל כחול ארוך סטרים חפיסה בו,לא מנהל יחידת מידה,0.00,לא מנהל יחידת מידה,false,1,31.40,0.0000,false,1,287753
6008165276098,false,סיגריות רוטמנס כחול,Unknown,,סיגריות רוטמנס כחול חפיסה בודד,Unknown,0.00,Unknown,false,1,31.40,0.0000,false,1,295216
6253017300012,false,טחינה קראוון המקורית,אחדות ביחר לטחינה ח,IL,טחינה קראוון המקורית 500 גרם,גרמים,500.00,100 גרם,false,1,17.90,0.0358,true,1,274209
6253341100029,false,טחינה עאייש 100% שומ,עומר עאייש שכם,PS,טחינה עאייש 100% שומשום 450 גרם,גרמים,450.00,100 גרם,false,1,13.90,0.0309,true,1,302552
6585146519035,false,מפזר חום עומד/שוכב B,,,מפזר חום עומד/שוכב BENATON BT-1903,יחידה,1.00,יחידה,false,1,79.00,79.0000,true,1,303298
6908235694404,false,אוזניות מיקרופון אוניברסליות,ארטוס,,אוזניות מיקרופון אוניברסליות,יחידה,1.00,יחידה,false,1,29.90,29.9000,true,1,303084
6926572510386,false,סוכריית לקקן גלי ממו,אחים מזרחי,,סוכריית לקקן גלי ממותג,לא מנהל יחידת מידה,0.00,לא מנהל יחידת מידה,false,1,5.50,0.0000,true,1,257675
6928542902795,false,דפי רענון כחול 12 יח',שאטו בלוו,CN,פרש דפי ריענון כחול,לא מנהל יחידת מידה,0.00,לא מנהל יחידת מידה,false,1,7.90,0.0000,true,1,262561
6928542902801,false,פרש ד.רענון ספירמנט,שאטו בלוו,CN,פרש דפי ריענון מנטה ירוק,לא מנהל יחידת מידה,0.00,לא מנהל יחידת מידה,false,1,7.90,0.0000,true,1,262562
6928542902818,false,דפי רענון מנטה אדום,שאטו בלוו,CN,פרש דפי ריענון תות אדום,לא מנהל יחידת מידה,0.00,לא מנהל יחידת מידה,false,1,7.90,0.0000,true,1,262563
6942133304713,false,Twist stix   בטעם דל,,CN,Twist stix   בטעם דלעת וחלב עיזים 80 גרם,גרמים,80.00,100 גרם,false,1,11.90,0.1488,true,1,310993
6959375199175,false,FLAMINGO - ניקוי חל,פלמינגו,CN,FLAMINGO - ניקוי חלודה -065,יחידה,1.00,יחידה,false,1,14.90,14.9000,true,1,302607
6971060682656,false,ס. אלקטרונית ק. פרו,shenzhen hot technol,CN,ס. אלקטרונית ק. פרו תות לימון 2000 שאיפו,יחידה,1.00,יחידה,false,1,59.90,59.9000,false,1,309604
6971060682700,false,קובי פרו טבק 2000 ש,shenzhen shengsi,CN,קובי פרו טבק 2000 שאיפות,יחידה,1.00,יחידה,false,1,79.90,79.9000,false,1,310377
6971060683226,false,ס.אלקטרונית ק.פרו 28,shenzhen hot technol,CN,ס.אלקטרונית ק.פרו 2800 שאיפות ליצי,יחידה,1.00,יחידה,false,1,79.90,79.9000,false,1,309702
6971060683561,false,ס. אלקטרונית ק. פרו,shenzhen hot technol,CN,ס. אלקטרונית ק. פרו אבטיח סוכריה 2000 שא,יחידה,1.00,יחידה,false,1,59.90,59.9000,false,1,309602
6971060684087,false,ס. אלקטרונית ק. פרו,,CN,ס. אלקטרונית ק. פרו קוקוס אננס 2000 שאיפ,יחידה,1.00,יחידה,false,1,79.90,79.9000,false,1,309600
6974706640027,false,סיגריה אלקטרונית סמא,shenzhen hot technol,CN,סיגריה אלקטרונית סמארט אבטיח אייס 3000 שאיפות,יחידה,1.00,יחידה,false,1,99.90,99.9000,true,1,311512
7070646289629,false,חטיף חלבון טעם קשיו קרמל,הרת'סייד פוד סולושיי,GB,מקס 100בטעם קרמל קשיו,גרמים,100.00,100 גרם,false,1,18.90,0.1890,true,1,308194
7262626055168,false,זוג קלפים ACE איכותי 6 קופסאות בדיספליי,,,חפיסת קלפי משחק,יחידה,1.00,יחידה,false,1,19.90,19.9000,true,1,306755
7290000008384,false,דונאטס במגוון טעמים,פילסברי,IL,דונאטס במגוון טעמים,יחידה,1.00,יחידה,false,1,6.90,6.9000,true,1,305252
7290000023083,false,ערק אשקלון בקבוק 700,טמפו משקאות בע`מ,IL,"ערק אשקלון 40% בקבוק 700 מ""ל",מיליליטרים,700.00,"100 מ""ל",false,1,84.90,0.1213,true,1,280601
7290000023809,false,קלאסיק קברנה סובניון יקבי ברקן (750 מל),יקבי ברקן שיווק והפצה בע,IL,ברקן קלאסיק קברנה סוביניון יין אדום יבש 2015,מיליליטרים,750.00,"100 מ""ל",false,1,35.20,0.0469,true,1,255365
7290000023816,false,קלאסיק אמרלד ריזלינג יקבי ברקן (750 מל),יקבי ברקן שיווק והפצה בע,IL,ברקן קלאסיק אמרלד ריזלינג יין לבן חצי יבש 2016,מיליליטרים,750.00,"100 מ""ל",false,1,35.20,0.0469,true,1,255366
7290000023977,false,קלאסיק מרלו יקבי ברקן (750 מל),יקבי ברקן שיווק והפצה בע,IL,ברקן קלאסיק מרלו יין אדום יבש 2015 750 מל,מיליליטרים,750.00,"100 מ""ל",false,1,35.20,0.0469,true,1,255374
7290000024202,false,רזרב קברנה סובניון יקבי ברקן (750 מל),ברקן שיווק והפצה בעמ,IL,"יין ברקן רזרב קברנה סובניון 750 מ""ל",מיליליטרים,750.00,"100 מ""ל",false,1,54.90,0.0732,true,1,255384
7290000024219,false,יין רזרב אמרלד ריזלינג 750 מל שביעית,טמפו משקאות בע`מ,IL,ברקן רזרב יין לבן חצי יבש אמרלד ריזלינג 750 מל,מיליליטרים,750.00,"100 מ""ל",false,1,54.90,0.0732,true,1,255385
7290000024264,false,רזרב מרלו יקבי ברקן (750 מל),"כרמי צבי - אחים סגל בע""\",IL,ברקן רזרב מרלו,מיליליטרים,750.00,"100 מ""ל",false,1,54.90,0.0732,true,1,255387
7290000024523,false,"תירוש של סגל ,מיץ ענבים , 1 ליטר",כרמי צבי - האחים סגל,IL,מיץ ענבים תירוש סגל 1 ליטר,ליטרים,1.00,ליטר,false,1,16.20,16.2000,true,1,283786
7290000040042,false,יוגורט יופלה תות 3% שומן 150 גרם,"תנובה בע""מ ***",IL,יופלה יוגורט תות %3 גביע 150 גרם,גרמים,150.00,100 גרם,false,1,5.70,0.0380,true,1,256315
7290000040080,false,יוגורט יופלה אפרסק 3% שומן 150 גרם,"תנובה בע""מ ***",IL,יופלה יוגורט אפרסק %3 גביע 150 גרם,גרמים,150.00,100 גרם,false,1,5.70,0.0380,true,1,256340
7290000041858,false,"שמנת חמוצה 15% מועשרת יטבתה 200 מ""ל",שטראוס גרופ בעמ/מצונן,IL,שמנת חמוצה 15% מועשרת מהדרין,מיליליטרים,200.00,"100 מ""ל",false,1,2.90,0.0145,true,1,256488
7290000042015,false,חלב 3% בשקית בדצ תנובה (1 ליטר)פיקוח,תנובה מרכז שיתופי לש,IL,"חלב 3% שקית בד""ץ פיקוח 1 ליטר",ליטרים,1.00,ליטר,false,1,5.43,5.4300,true,1,256507
7290000042435,false,חלב דל שומן 1% בקרטון תנובה (1 ליטר)פיק,תנובה מרכז שיתופי לש,IL,תנובה חלב טרי 1% שומן,ליטרים,1.00,ליטר,false,1,5.86,5.8600,true,1,256527
7290000042855,false,"שוקו בשקית 250 מ""ל ""יטבתה""",שטראוס גרופ בעמ/מצונן,,"שוקו יטבתה בשקית 225 מ""ל",מיליליטרים,225.00,"100 מ""ל",false,1,3.50,0.0156,true,1,256536
7290000043814,false,השף הלבן שמנת להקצפה 38% שומן 250 מל - מוצר בפיקוח,תנובה מרכז שיתופי לש,IL,השף הלבן שמנת להקצפה 38% שומן 250 מל,מיליליטרים,250.00,"100 מ""ל",false,1,6.47,0.0259,true,1,256584
7290000045573,false,גבינת מותכת משולשים 25% שומן 200 ג' נעמה,"תנובה בע""מ ***",IL,נעמה גבינה מותכת משולשים 25% שומן,גרמים,200.00,100 גרם,false,1,17.90,0.0895,true,1,256634
7290000045580,false,גבינה מותכת נעמה חורש תנובה 240 גרם,תנובה מרכז שיתופי לש,IL,נעמה גבינה מותכת משולשים 25% שומן,גרמים,240.00,100 גרם,false,1,20.90,0.0871,true,1,256635
7290000045917,false,תנובה פרומעז גבינה מותכת מחלב עיזים 23% שומן,תנובה בעמ ***,IL,תנובה פרומעז גבינה מותכת מחלב עיזים 23% שומן,גרמים,200.00,100 גרם,false,1,28.90,0.1445,true,1,256642
7290000046327,false,גלבוע גבינה צהובה פרוסה 22% תנובה 200 גרם,תנובה מרכז שיתופי לש,IL,גלבוע גבינה צהובה חצי קשה פרוס 22% שומן,גרמים,200.00,100 גרם,false,1,15.50,0.0775,true,1,256664
7290000048185,false,גבינה לבנה 5% תנובה 250 גרם מהדרין,מיוצר עי קונדיטוריית,IL,גבינה למריחה 5% תנובה פיקוח 250 גרם,גרמים,250.00,100 גרם,false,1,4.98,0.0199,true,1,256724
7290000048437,false,גבינת צפתית (2005% גרם)פיראוס תנובה,פארייפאבה אגרואינדוס,IL,גבינה צפתית 5% שומן,גרמים,200.00,100 גרם,false,1,17.50,0.0875,true,1,256738
7290000051307,false,"מארז הפסקת אוכל עם דגני עוגי ומשקה חלב עמיד בטעם וניל 150 מ""ל",תנובה מרכז שיתופי לש,IL,מארז הפסקת אוכל חלב+דגני עוגי,לא מנהל יחידת מידה,0.00,לא מנהל יחידת מידה,false,1,10.90,0.0000,true,1,267443
7290000051376,false,יוגורט יופלה דיאט אננס 0% שומן 150 גרם,תנובה מרכז שיתופי לש,IL,יופלה דיאט אננס גביע 150 גרם,גרמים,150.00,100 גרם,false,1,6.00,0.0400,true,1,267850
7290000051710,false,פיראוס גבינת לאבנה אסלית על בסיס יוגורט תנובה 263 גרם,"תנובה, מחלבת אלון תב",IL,פיראוס לאבנה אסלית עם שמן זית וזעתר על בסיס יוגורט,גרמים,263.00,100 גרם,false,1,15.50,0.0589,true,1,267851
7290000052649,false,לאבנה אסלית (5005% גרם)פיראוס תנובה,תנובה מרכז שיתופי לש,IL,פיראוס לאבנה אסלית 5% שומן,גרמים,500.00,100 גרם,false,1,21.90,0.0438,true,1,269327
7290000055329,false,"משקה בוקר יוגורט 1.5% בטעם תות מלון יופלה 250 מ""ל",תנובה מרכז שיתופי לש,IL,"משקה יוגורט יופלה תות מלון 250 מ""ל",מיליליטרים,250.00,"100 מ""ל",false,1,6.90,0.0276,true,1,271644
7290000055336,false,"משקה יוגורט 1.5% בטעם בננה אפרסק יופלה 250 מ""ל",תנובה מרכז שיתופי לש,IL,"משקה יוגורט יופלה בננה אפרסק 250 מ""ל",מיליליטרים,250.00,"100 מ""ל",false,1,6.90,0.0276,true,1,271645
7290000055343,false,משקה יוגורט יופלה פירות טרופיים 250 גרם,תנובה מרכז שיתופי לש,IL,"משקה יוגורט יופלה טרופי 250 מ""ל",מיליליטרים,250.00,"100 מ""ל",false,1,6.90,0.0276,true,1,271646
7290000055893,false,חמאה משמנת מפוסטרת 200גרם 82% כ.מהדרין - מוצר בפיקוח,תנובה מרכז שיתופי לש,IL,חמאה תנובה 200 גרם,גרמים,200.00,100 גרם,false,1,8.50,0.0425,true,1,277846
7290000056845,false,תנובה חלב טרי 3% שומן 1.5 ליטר - מוצר בפיקוח,פארייפאבה אגרואינדוס,IL,תנובה חלב טרי 3% שומן אריזת נוחות,ליטרים,1.50,ליטר,false,1,9.34,6.2267,true,1,273189
7290000057088,false,עמק גבינה צהובה פרוסה דק דק 28% תנובה 200 גרם,תנובה מרכז שיתופי לש,IL,גבינה עמק 28% דק 200 גרם,גרמים,200.00,100 גרם,false,1,18.90,0.0945,true,1,273205
7290000057149,false,יוגורט תנובה טבעי 3% גביע 200 גרם,מיוצר עי קונדיטוריית,IL,יוגורט ביו 3% תנובה 200 גרם,גרמים,200.00,100 גרם,false,1,3.30,0.0165,true,1,273207
7290000058580,false,קוקילידה בטעם וניל עם עוגיות שוקולד גלידות נסטלה 80 גרם,נגה גלידות שותפות מוגבלת,IL,נסטלה קוקילידה 28*80גרם,גרמים,80.00,100 גרם,false,1,12.50,0.1563,true,1,258994
7290000060163,false,פסטה אסם אטריות דקות 400גר,קבוצת אוסם סחר שותפות מוגבלת,IL,אסם אטריות דקות 12*400גרם,גרמים,400.00,100 גרם,false,1,8.90,0.0223,true,1,257344
7290000060200,false,פסטה אסם פתיתים אפויים קוסקוס 500גר,קבוצת אוסם סחר שותפות מוגבלת,IL,פתיתים אפויים קוסקוס 500 גרם,גרמים,500.00,100 גרם,false,1,8.90,0.0178,true,1,257345
7290000060576,false,פתיתים אפויים כוכבים אסם (500 גרם),קבוצת אוסם סחר שותפות מוגבלת,IL,אסם פתיתים אפויים כוכבים 12*500גרם,גרמים,500.00,100 גרם,false,1,8.90,0.0178,true,1,257360
7290000060781,false,פרומנטי פתיתים מסולסלים אוסם,קבוצת אוסם סחר שותפות מוגבלת,IT,אסם פסטה מסולסלים לאחר הפסח 12*500גרם,גרמים,500.00,100 גרם,false,1,6.90,0.0138,true,1,257363
7290000060811,false,טילון אקסטרים מטבע ענק שוקולד נסטלה 120 גרם,תות תעשיות מזון (201,IL,אקסטרים ענק מטבע שוקולד 16*120גרם,גרמים,141.00,100 גרם,false,1,12.50,0.0887,true,1,257364
7290000060842,false,פסטה אסם פתיתים צדפים גדולים 500גר,קבוצת אוסם סחר שותפות מוגבלת,IT,אסם פסטה צדפים גדולים 12*500גרם,גרמים,500.00,100 גרם,false,1,6.90,0.0138,true,1,257367
7290000060880,false,פסטה ספגטי מספר 8 אסם 500 גרם,קבוצת אוסם סחר שותפות מוגבלת,IT,ספגטי אסם 500 גרם,גרמים,500.00,100 גרם,false,1,6.90,0.0138,true,1,257369
7290000060903,false,פסטה אסם פתיתים אפויים אורז 500גר,קבוצת אוסם סחר שותפות מוגבלת,IL,אסם פתיתים אפויים אורז 12*500גרם,גרמים,500.00,100 גרם,false,1,8.90,0.0178,true,1,257370
7290000061245,false,עוגיות שוקוצ'יפס במילוי שוקולד אסם 220 גרם,קבוצת אוסם סחר-שות.מוגבלת,IL,אסם עוגיות שוקוצ'יפס ממולאות 12*220גרם,גרמים,220.00,100 גרם,false,1,14.90,0.0677,true,1,257386
7290000061764,false,קפה נמס מגורען רד מאג 200 גרם,קבוצת אוסם סחר שותפות מוגבלת,ES,נסקפה רד מאג טעם חדש 6*200גרם2017,גרמים,200.00,100 גרם,false,1,26.90,0.1345,true,1,257390
7290000063140,false,שקדי מרק רכיבים טבעיים בשקית 400 ג' אסם,קבוצת אוסם סחר שותפות מוגבלת,IL,אסם שקדי מרק רכיבים טבעיים 12*400גרם,גרמים,400.00,100 גרם,false,1,15.90,0.0398,true,1,257474
7290000063157,false,"קמח עוגה תופח מאליו אסם 1 ק""ג",קבוצת אוסם סחר שותפות מוגבלת,IL,"קמח תופח מאליו 1 ק""ג אסם",קילוגרמים,1.00,"ק""ג",false,1,8.90,8.9000,true,1,257476
7290000064758,false,קוסקוס בינוני אמיתי אסם 350 ג',קבוצת אוסם סחר שותפות מוגבלת,IL,אסם קוסקוס אמיתי 12*350גרם,גרמים,350.00,100 גרם,false,1,9.90,0.0283,true,1,259816
7290000065557,false,אוסם - מנה חמה קוסקוס עם ירקות 84 גרם,קבוצת אוסם סחר שותפות מוגבלת,IL,מנה חמה קוסקוס וירקות בדצ 12*84גרם,גרמים,84.00,100 גרם,false,1,9.90,0.1179,true,1,257527
7290000066141,false,ביסלי חטיף בטעם גריל אסם (70 גרם),קבוצת אוסם סחר שותפות מוגבלת,IL,ביסלי גריל 48*70גרם,גרמים,70.00,100 גרם,false,1,6.90,0.0986,true,1,257541
7290000066172,false,ביסלי חטיף בטעם פיצה אסם (70 גרם),קבוצת אוסם סחר-שות.מוגבלת,IL,ביסלי פיצה 24*70גרם,גרמים,70.00,100 גרם,false,1,6.90,0.0986,true,1,257544
7290000066196,false,ביסלי חטיף בטעם גריל אסם (200 גרם),קבוצת אוסם סחר שותפות מוגבלת,IL,ביסלי גריל 25*200גרם,גרמים,200.00,100 גרם,false,1,12.50,0.0625,true,1,257546
7290000066226,false,ביסלי חטיף בטעם פיצה אסם (200 גרם),קבוצת אוסם סחר שותפות מוגבלת,IL,ביסלי פיצה 25*200גרם,גרמים,200.00,100 גרם,false,1,12.50,0.0625,true,1,257549
7290000066264,false,דובונים חטיף תפוחי אדמה אסם (40 גרם),קבוצת אוסם סחר שותפות מוגבלת,IL,חטיף דובונים 40 גרם,גרמים,40.00,100 גרם,false,1,7.90,0.1975,true,1,257550
7290000066318,false,במבה חטיף בוטנים אסם 80 גרם,קבוצת אוסם סחר שותפות מוגבלת,IL,במבה קלאסי 40*80גרם,גרמים,80.00,100 גרם,false,1,7.90,0.0988,true,1,257553
7290000066332,false,אפרופו חטיף תירס אסם (50 גרם),קבוצת אוסם סחר שותפות מוגבלת,IL,אפרופו 36*50גרם,גרמים,50.00,100 גרם,false,1,7.90,0.1580,true,1,257554
7290000066349,false,אפרופו חטיף תירס אסם (100 גרם),קבוצת אוסם סחר-שות.מוגבלת,IL,אפרופו 20*100גרם,גרמים,100.00,100 גרם,false,1,11.90,0.1190,true,1,257555
7290000067568,false,ביסלי ברביקיו 70 גרם כשלפ,מיוצר עי קונדיטוריית,IL,ביסלי ברביקיו כלפ.48*70גרם,גרמים,70.00,100 גרם,false,1,6.90,0.0986,true,1,266566
7290000067599,false,מנה חמה ספגטי ברוטב בולונז אסם 65 גרם,קבוצת אוסם סחר שותפות מוגבלת,IL,מנה חמה ספגטי בולונז 12*65גרם,גרמים,65.00,100 גרם,false,1,9.90,0.1523,true,1,257591
7290000068138,false,אינסטנט פודינג בטעם וניל אסם 80 גרם,קבוצת אוסם סחר שותפות מוגבלת,IL,אסם פודינג אינסטנט וניל 12*80גרם,גרמים,80.00,100 גרם,false,1,6.50,0.0813,true,1,257641
7290000068190,false,אסם ג'לי תות שדה צבעים טבעיים 90 גרם,קבוצת אוסם סחר שותפות מוגבלת,IL,אסם ג'לי תות שדה צבעים טבעיים 12*90גרם,גרמים,90.00,100 גרם,false,1,7.90,0.0878,true,1,257643
7290000068770,false,במבה יום הולדת חטיף בוטנים אסם 80 גרם,קבוצת אוסם סחר שותפות מוגבלת,IL,במבה יום הולדת 40*80גרם,גרמים,80.00,100 גרם,false,1,7.90,0.0988,true,1,257658
7290000070308,false,אבקת מרק עוף אמיתי בשרי אסם 400 גרם,קבוצת אוסם סחר שותפות מוגבלת,IL,אסם מרק עוף אמיתי חתם סופר כלפ.6*400גרם,גרמים,400.00,100 גרם,false,1,25.90,0.0647,true,1,257695
7290000072623,false,קטשופ אסם בקבוק לחיץ 750 גרם,קבוצת אוסם סחר שותפות מוגבלת,IL,אסם קטשופ בקבוק לחיץ 9*750גרם-חדש,גרמים,750.00,100 גרם,false,1,13.90,0.0185,true,1,257709
7290000072753,false,קפה נמס מגורען טסטרס צ'ויס 200 גרם-,קבוצת אוסם סחר שותפות מוגבלת,,טייסטרס צ'וייס 12*200גרם,גרמים,200.00,100 גרם,false,1,35.90,0.1795,true,1,257712
7290000072968,false,דגני בוקר סיני מיניס חיטה מלאה וקינמון נסטלה 500 גרם,קבוצת אוסם סחר-שות.מוגבלת,PL,דגני סיני מיניס קינמון 500 גרם,גרמים,500.00,100 גרם,false,1,27.90,0.0558,true,1,257802
7290000073125,false,מנה חמה פסטה ברוטב עגבניות אסם (62 גרם),קבוצת אוסם סחר שותפות מוגבלת,IL,מנה חמה פסטה עם עגבניות ר.טבע. בדץ12*62ג,גרמים,62.00,100 גרם,false,1,9.90,0.1597,true,1,257828
7290000073415,false,אוסם - מנה חמה פסטה ברוטב פיצה 61 גרם,קבוצת אוסם סחר שותפות מוגבלת,IL,מנה חמה פסטה ברוטב פיצה 61 גרם,גרמים,61.00,100 גרם,false,1,9.90,0.1623,true,1,257829
7290000073699,false,סלט חומוס צבר 150 גרם,קבוצת אוסם סחר שותפות מוגבלת,IL,סלטי צבר חומוס חלק 6*150גרם,גרמים,150.00,100 גרם,false,1,6.50,0.0433,true,1,275936
7290000074184,false,ביסקוויט פתי בר אסם (500 גרם),קבוצת אוסם סחר שותפות מוגבלת,IL,אסם פתי בר 12*500גרם,גרמים,500.00,100 גרם,false,1,9.90,0.0198,true,1,257836
7290000074245,false,אוסם - קרם קרקר אסם 250 גרם,קבוצת אוסם סחר שותפות מוגבלת,IL,אסם קרם קרקר 12*250גרם,גרמים,250.00,100 גרם,false,1,11.90,0.0476,true,1,257837
7290000074252,false,אסם קרקר שומשום 250 גרם,קבוצת אוסם סחר שותפות מוגבלת,IL,אסם קרקר שומשום 12*250גרם,גרמים,250.00,100 גרם,false,1,11.90,0.0476,true,1,257838
7290000074276,false,קרקר פיקנטי טבעון 250 ג' אסם,קבוצת אוסם סחר שותפות מוגבלת,IL,אסם קרקר פיקנטי 12*250גרם,גרמים,250.00,100 גרם,false,1,11.90,0.0476,true,1,257839
7290000074375,false,אוסם - קרקר זהב 150 גרם,קבוצת אוסם סחר שותפות מוגבלת,IL,אסם קרקר זהב 12*150גרם,גרמים,150.00,100 גרם,false,1,10.00,0.0667,true,1,257842
7290000074481,false,קרקר לחמית אגוזים אסם (160 גרם),קבוצת אסם סחר שות. מוגבלת,IL,לחמית אגוזים 12*160גרם,גרמים,160.00,100 גרם,false,1,11.90,0.0744,true,1,272758
7290000076126,false,אוסם - בייגלה שמיניות קטנות 80 גרם,קבוצת אוסם סחר שותפות מוגבלת,IL,אסם בייגלה שמיניות קטנות 24*80גרם,גרמים,80.00,100 גרם,false,1,5.00,0.0625,true,1,257866
7290000076133,false,בייגלה שמיניות קטנות עם מלח אסם 400 גרם,קבוצת אוסם סחר שותפות מוגבלת,IL,אסם בייגלה שמיניות קטנות 12*400גרם,גרמים,400.00,100 גרם,false,1,14.90,0.0373,true,1,257867
7290000077253,false,אוסם - לחמית כפרית עם דגנים מלאים 190 גרם,קבוצת אסם סחר שות. מוגבלת,IL,לחמית כפרית 12*190גרם,גרמים,190.00,100 גרם,false,1,11.90,0.0626,true,1,269073
7290000080758,false,פת קלויה טוסטעים אסם (100 גרם),קבוצת אוסם סחר שותפות מוגבלת,NL,אסם טוסטעים 14*100גרם,גרמים,100.00,100 גרם,false,1,11.60,0.1160,true,1,257995
7290000100128,false,פירות קפואים תות 300 גר`סנפרוסט,תנובה ענף ב.ע.ד,IL,פירות קפואים תות,גרמים,300.00,100 גרם,false,1,20.90,0.0697,true,1,298426
7290000101927,false,אוכמניות כחולות מוקפאות סנפרוסט 300 גרם,תנובה ענף ב.ע.ד,IL,אוכמניות כחולות מוקפאות 300 גרם,גרמים,300.00,100 גרם,false,1,20.90,0.0697,true,1,294250
7290000101958,false,מנגו חתוך מוקפא סנפרוסט (300 גרם),תנובה ענף ב.ע.ד,IL,מנגו מוקפא 300 גרם,גרמים,300.00,100 גרם,false,1,20.90,0.0697,true,1,294314
7290000104201,false,אפונה עדינה מוקפאת סנפרוסט (600 גרם),"איי, בי, אינבוו",IL,אפונה עדינה סנפרוסט 600 גרם,גרמים,600.00,100 גרם,false,1,22.90,0.0382,true,1,254633
7290000104676,false,אפונה קפואה סנפרוסט 800 גרם,תנובה מרכז שיתופי לשיווק תוצרת,IL,אפונת גינה 800 גרם סנפרוסט,גרמים,800.00,100 גרם,false,1,22.90,0.0286,true,1,254641
7290000104683,false,שעועית ירוקה שלמה סנפרוסט (800 גרם),תנובה מרכז שיתופי לשיווק תוצרת,IL,שעועית ירוקה שלמה סנפרוסט 800גרם,גרמים,800.00,100 גרם,false,1,23.90,0.0299,true,1,254642
7290000104690,false,גרעיני תירס מוקפאים סנפרוסט (800 גרם),תנובה מרכז שיתופי לשיווק תוצרת,IL,תירס גרעינים סנפרוסט 800גרם,גרמים,800.00,100 גרם,false,1,22.90,0.0286,true,1,254643
7290000104744,false,כרובית מוקפאת סנפרוסט (800 גרם),תנובה מרכז שיתופי לשיווק תוצרת,IL,כרובית 800 גרם סנפרוסט,גרמים,800.00,100 גרם,false,1,29.90,0.0374,true,1,254648
7290000104836,false,שעועית ירוקה עדינה שלמה סנפרוסט 600 גרם,תנובה מרכז שיתופי לשיווק תוצרת,IL,שעועית עדינה שלמה 600 גרם סנפרוסט,גרמים,600.00,100 גרם,false,1,22.90,0.0382,true,1,260970
7290000107165,false,חטיף סויה אדממה סנפרוסט (400 גרם),תנובה מרכז שיתופי לשיווק תוצרת,IL,חטיף פולי סויה אדממה 400 גרם סנפרוסט,גרמים,400.00,100 גרם,false,1,16.50,0.0413,true,1,262680
7290000107295,false,תפרחות ברוקולי סנפרוסט 800 גרם,תנובה מרכז שיתופי לשיווק תוצרת,IL,ברוקולי מוקפא 800 גרם סנפרוסט,גרמים,800.00,100 גרם,false,1,28.90,0.0361,true,1,254663
7290000110844,false,כיפלי בטעם גריל בד`צ 70 גרם .,יוניליוור ישראל שיווק בע`מ,IL,כיפלי חטיף בטעם גריל,גרמים,70.00,100 גרם,false,1,7.90,0.1129,true,1,260205
7290000111063,false,מיונז אמיתי תלמה (250 גרם),"יוניליוור ישראל שיווק בע""מ",IL,תלמה מיונז אמיתי 250 גרם,גרמים,250.00,100 גרם,false,1,8.90,0.0356,true,1,254670
7290000111186,false,"מיונז אמיתי תלמה 500 גרם בד""צ","יוניליוור ישראל שיווק בע""מ",IL,תלמה מיונז אמיתי 500 גרם,גרמים,500.00,100 גרם,false,1,11.90,0.0238,true,1,254672
7290000111360,false,חרדל אמיתי חריף 250 גרם בצנצנת כשלפ,יוניליוור ישראל שיווק בע`מ,IL,חרדל אמיתי תלמה,גרמים,250.00,100 גרם,false,1,8.90,0.0356,true,1,254675
7290000112220,false,טחינה גולמית שומשום טהור בארכה 500 גרם,קבוצת אוסם סחר שותפות מוגבלת,IL,בארכה טחינה 100% שומשום 12*500גרם,גרמים,500.00,100 גרם,false,1,16.90,0.0338,true,1,254691
7290000112619,false,אבקת מרק עוף אמיתי קנור 400 ג' כשלפ,יוניליוור ישראל שיווק בע`מ,IL,קנור מרק עוף אמיתי 400 גרם,גרמים,400.00,100 גרם,false,1,26.90,0.0672,true,1,254707
7290000113203,false,כיפלי צ`יפסים קטשופ תלמה (50 גרם),יוניליוור ישראל שיווק בעמ,IL,"כיפלי על בסיס תפו""א בטעם קטשופ",גרמים,50.00,100 גרם,false,1,6.90,0.1380,true,1,268688
7290000116884,false,"קנור רוטב ברביקיו 300 מ""ל כשלפ",יוניליוור ישראל שיווק בע`מ,IL,רוטב ברביקיו קנור,מיליליטרים,300.00,"100 מ""ל",false,1,13.90,0.0463,true,1,259279
7290000116921,false,"קנור רוטב צילי מתוק 300 מ""ל כשלפ","יוניליוור ישראל שיווק בע""מ",IL,רוטב צ'ילי מתוק קנור,מיליליטרים,300.00,"100 מ""ל",false,1,13.90,0.0463,true,1,259280
7290000116945,false,"רוטב סויה קלאסי קנור בד""צ 350 גרם",יוניליוור ישראל שיווק בע`מ,IL,רוטב סויה קלאסי קנור,מיליליטרים,300.00,"100 מ""ל",false,1,14.90,0.0497,true,1,259281
7290000118352,false,לטקס אבקה להכנת לביבות תפוא 170גר כשלפ,יוניליוור ישראל שיווק בע`מ,IL,KNORR 170 GR,גרמים,170.00,100 גרם,false,1,17.90,0.1053,true,1,254745
7290000120836,false,מיונז אמיתי הלמנס (394 גרם),"יוניליוור ישראל שיווק בע""מ",CA,hellmanns real מיונז אמיתי הלמנס,גרמים,394.00,100 גרם,false,1,10.90,0.0277,true,1,254749
7290000120874,false,מיונז הלמנס לייט מופחת קלוריות 424ג,יוניליוור ישראל שיווק בעמ,US,hellmanns light ממרח מופחת קלוריות,גרמים,424.00,100 גרם,false,1,15.90,0.0375,true,1,254750
7290000121093,false,גבינה מותכת לייט בטעם שוויצרי 7% מון בלאן 120 גר',האי נאם סי או אל.טי.,IL,גבינה מותכת מון בלאן 7% לייט 120 גרם,גרמים,120.00,100 גרם,false,1,12.90,0.1075,true,1,254752
7290000134147,false,טעם וריח מוסקט טחון מיכל 40גר,"תבליני טעם וריח בע""מ",IL,"תבליני טעם וריח, מוסקט טחון 100%, 40 גרם",גרמים,40.00,100 גרם,false,1,16.90,0.4225,true,1,260542
7290000134307,false,קינמון טחון 50 גרם טעם וריח,"תבליני טעם וריח בע""מ",IL,"תבליני טעם וריח, 100% קינמון טחון, 50 גרם",גרמים,50.00,100 גרם,false,1,6.90,0.1380,true,1,261166
7290000134314,false,פיצה תערובת תיבול 120 גרם מיכל גדול,"תבליני טעם וריח בע""מ",IL,תבליני טעם וריח תערובת תיבול לפיצה 120 גרם,גרמים,120.00,100 גרם,false,1,10.90,0.0908,true,1,261191
7290000134352,false,קינמון טחון בקופ' 90 גר' טעם וריח,"תבליני טעם וריח בע""מ",IL,"תבליני טעם וריח, 100% קינמון טחון, 90 גרם",גרמים,80.00,100 גרם,false,1,10.90,0.1363,true,1,260041
7290000134376,false,פפריקה בשמן בקופ' 90 גר' טעם וריח,"תבליני טעם וריח בע""מ",IL,תבלין פפריקה מתוקה בשמן 90 מיכ,גרמים,90.00,100 גרם,false,1,10.90,0.1211,true,1,260614
7290000134550,false,עלי דפנה 20 גר' טעם וריח,"תבליני טעם וריח בע""מ",IL,"תבליני טעם וריח, 100% עלי דפנה, 20 גרם",גרמים,20.00,100 גרם,false,1,6.90,0.3450,true,1,260042
7290000134666,false,רוזמרין 15 גר מיכל ק,תבליני טעם וריח בעמ,IL,"תבליני טעם וריח, 100% רוזמרין, 15 גרם",גרמים,15.00,100 גרם,false,1,7.50,0.5000,true,1,264119
7290000134673,false,זנגויל טחון מיכל 30 גרם,"תבליני טעם וריח בע""מ",IL,"תבליני טעם וריח, 100% זנגביל טחון, 30 גרם",גרמים,30.00,100 גרם,false,1,7.50,0.2500,true,1,264120
7290000134680,false,קימל שלם 40 גר' טעם וריח,תבליני טעם וריח בעמ,IL,"תבליני טעם וריח, 100% מקלות קינמון, 15 גרם",גרמים,40.00,100 גרם,false,1,7.50,0.1875,true,1,264121
7290000134826,false,זעתר מעורב בקופ' 100 גר' טעם וריח,"תבליני טעם וריח בע""מ",IL,"תבליני טעם וריח, תערובת תיבול זעתר , 100 גרם",גרמים,100.00,100 גרם,false,1,10.90,0.1090,true,1,260171
7290000134833,false,כמון טחון בקופ' 100 גר' טעם וריח,"תבליני טעם וריח בע""מ",IL,"תבליני טעם וריח, 100% כמון מזרחי",גרמים,100.00,100 גרם,false,1,10.90,0.1090,true,1,260172
7290000134840,false,כורכום טחון בקופ' 100 גר' טעם וריח,"תבליני טעם וריח בע""מ",IL,"תבליני טעם וריח, 100% כורכום, 100 גרם",גרמים,100.00,100 גרם,false,1,10.90,0.1090,true,1,260288
7290000134857,false,פפריקה מתוקה בקופ' 100 גר' טעם וריח,"תבליני טעם וריח בע""מ",IL,"תבליני טעם וריח, פפריקה מתוקה 100%, 100 גרם",גרמים,100.00,100 גרם,false,1,10.90,0.1090,true,1,260289
7290000134864,false,פפריקה חריפה בקופ' 100 גר' טעם וריח,"תבליני טעם וריח בע""\מ",IL,תבליני טעם וריח פפריקה חריפה 100% 100 גרם,גרמים,100.00,100 גרם,false,1,10.90,0.1090,true,1,260173
7290000134871,false,פלפל שחור טחון בקופ' 100 גר' טעם וריח,"תבליני טעם וריח בע""מ",IL,"תבליני טעם וריח, 100% פלפל שחור טחון, 100 גרם",גרמים,100.00,100 גרם,false,1,14.90,0.1490,true,1,260322
7290000134970,false,חוואיג' בקופ' 100 גר' טעם וריח,"תבליני טעם וריח בע""מ",IL,"תבליני טעם וריח, חוויאג' למרק, 100 גרם",גרמים,100.00,100 גרם,false,1,10.90,0.1090,true,1,260253
7290000134994,false,טימין 20 גר מיכל קטן,"תבליני טעם וריח בע""מ",IL,"תבליני טעם וריח, 100% טימין, 20 גרם",גרמים,20.00,100 גרם,false,1,7.50,0.3750,true,1,264123
7290000135045,false,"XL TEN משקה אנרגיה פתוח ללא סוכר 250 מ""ל","טמפו משקאות בע""\מ",IL,XL TEN משקה אנרגיה בטעם תפוח250מל,מיליליטרים,250.00,"100 מ""ל",false,1,7.90,0.0316,true,1,279855
7290000135052,false,"XL TEN משקה אנרגיה מנגו ללא סוכר 250 מ""ל","טמפו משקאות בע""\מ",IL,משקה אנרגיה XL TEN מנגו פחית 250 מל,מיליליטרים,250.00,"100 מ""ל",false,1,7.90,0.0316,true,1,301285
7290000135151,false,"טמפו סודה למון ליים בקבוק 250 מ""ל",טמפו משקאות בעמ,IL,"סודה נגיעות למון ליים 275 מ""ל",מיליליטרים,275.00,"100 מ""ל",false,1,5.50,0.0200,true,1,304101
7290000135625,false,"רביעיית פחיות בירה גולדסטאר 500 מ""ל",טמפו משקאות בעמ,IL,"פחיות גולדסטאר רביעיה 500 מ""ל",ליטרים,2.00,ליטר,false,1,44.70,22.3500,true,1,311752
7290000135632,false,"רביעיית פחיות בירה גולדסטאר לא מסונן 500 מ""ל","טמפו משקאות בע""\מ",IL,פחיות בירה גולדסטאר לא מסונן רביעייה 500,ליטרים,2.00,ליטר,false,1,44.70,22.3500,true,1,311753
7290000136141,false,פפסי קולה 1.5 ליטר פיקדון,"טמפו משקאות בע""\מ",IL,פפסי קולה בקבוק 1.5 ליטר,ליטרים,1.50,ליטר,false,1,11.90,7.9333,true,1,309376
7290000136158,false,פפסי מקס משקה מוגז דל קלוריות בטעם קולה,"טמפו משקאות בע""\מ",IL,פפסי קולה מקס ללא סוכר בקבוק 1.5 ליטר,ליטרים,1.50,ליטר,false,1,11.90,7.9333,true,1,309377
7290000136165,false,מירינדה אורנג` 1.5 ליטר פיקדון,"טמפו משקאות בע""\מ",IL,מירינדה בקבוק 1.5 ליטר,ליטרים,1.50,ליטר,false,1,11.90,7.9333,true,1,309378
7290000136172,false,משקה 7UP בקבוק 1.5 ליטר פיקדון,"טמפו משקאות בע""\מ",IL,סבן אפ בקבוק 1.5 ליטר,ליטרים,1.50,ליטר,false,1,11.90,7.9333,true,1,309379
7290000136240,false,סודה 1.5 ליטר שישייה בודד,"טמפו משקאות בע""\מ",IL,מי סודה 1.5 ליטר,ליטרים,1.50,ליטר,false,1,4.90,3.2667,true,1,309380
7290000136646,false,בירה נשר מאלט ללא אלכוהול 1.5 ליטר,"טמפו משקאות בע""\מ",IL,בירה נשר מאלט בקבוק 1.5 ליטר,ליטרים,1.50,ליטר,false,1,11.90,7.9333,true,1,309381
7290000136844,false,מארז מים מזוככים אקווה נובה שישיית 2 ליטר,"טמפו משקאות בע""\מ",IL,מים אקווה נובה שישייה בקבוק 2 ליטר,ליטרים,12.00,ליטר,false,6,16.90,1.4083,true,1,309384
7290000137643,false,שלגוני טעמקור בטעם שוקו וניל שטראוס 8*50 גרם,"גלידת שטראוס בע""\מ, רחוב",IL,"שטראוס טעמקור 880 מ""ל",גרמים,500.00,100 גרם,false,1,44.90,0.0898,true,1,254845
7290000143200,false,"הוואי - מרכך לשיער יבש 700 מ""ל",טרופיקל דגיל קוסמטיק,IL,הוואי מרכך לשיער יבש,מיליליטרים,700.00,"100 מ""ל",false,1,14.90,0.0213,true,1,254860
7290000143217,false,הוואי שמפו לשיער יבש700 מל כחול,שוורצקוף& הנקל דיסלד,IL,"שמפו הוואי לשיער יבש 700 מ""ל",מיליליטרים,700.00,"100 מ""ל",false,1,14.90,0.0213,true,1,254861
7290000143255,false,הוואי שמפו לשיער רגיל 700 מל ירוק,שוורצקוף& הנקל דיסלד,IL,הוואי שמפו לשיער רגיל,מיליליטרים,700.00,"100 מ""ל",false,1,14.90,0.0213,true,1,254862
7290000143279,false,"הוואי שמפו לשיער נגד קשקשים 700 מ""ל",שוורצקוף& הנקל דיסלד,IL,"שמפו הוואי למניעת קשקשים 700 מ""ל",מיליליטרים,700.00,"100 מ""ל",false,1,14.90,0.0213,true,1,254864
7290000143286,false,הוואי מרכך לשיער רגיל 700 מל ירוק,שוורצקוף& הנקל דיסלד,IL,הוואי מרכך לשיער רגיל,מיליליטרים,700.00,"100 מ""ל",false,1,14.90,0.0213,true,1,254865
7290000144467,false,שמן חמניות מועשר בנוגדי חמצון 1 ל' עץ הזית,"נארז ע""י : א.ג. גילר",GR,שמן חמניות מועשר בנוגדי חמצון 1 ליטר,ליטרים,1.00,ליטר,false,1,17.90,17.9000,true,1,254871
7290000144474,false,שמן עץ הזית קנולה 1 ליטר בריאות מהטבע,סוגת תעשיות בעמ,EE,שמן קנולה מועשר בנוגדי חמצון 1 ליטר,ליטרים,1.00,ליטר,false,1,17.90,17.9000,true,1,254872
7290000146997,false,משחת שיניים לילדים מסטיק טום וג'רי 50 מל,טרופיקל דגיל קוסמטיק,IL,טום וג'רי משחת שיניים בטעם מסטיק,מיליליטרים,50.00,"100 מ""ל",false,1,12.80,0.2560,true,1,258818
7290000148380,false,פיסטוקים קלויים קליית גת (200 גרם),ליימן שליסל בעמ,IL,קליית גת פיסטוק קלויים 200 גרם,גרמים,200.00,100 גרם,false,1,24.90,0.1245,true,1,258528
7290000148489,false,"קליית גת גרעיני דלעת קלויים,200 גרם",ליימן שליסל בעמ,IL,"קליית גת גרעיני דלעת קלויים,200 גרם",גרמים,200.00,100 גרם,false,1,11.90,0.0595,true,1,259454
7290000148618,false,קשיו מטוגן שקית קליית גת 200 גרם,ליימן שליסל בעמ,IL,קליית גת קשיו מטוגן 200 גרם,גרמים,200.00,100 גרם,false,1,24.90,0.1245,true,1,258529
7290000148748,false,קליית גת גרעיני חמניה קלויים ומומלחים200,ליימן שליסל בעמ,IL,"קליית גת חמנייה קלויים, 200 גרם",גרמים,200.00,100 גרם,false,1,8.90,0.0445,true,1,258458
7290000148939,false,שקדים קלויים קליית גת (200 גרם),ליימן שליסל בעמ,IL,שקד קלוי 200 גר' שקית,גרמים,200.00,100 גרם,false,1,25.90,0.1295,true,1,258530
7290000153469,false,קציצות עוף קלאסיות 100% רכיבים טבעיים,קבוצת אסם סחר שות. מוגבלת,IL,עוף טוב קציצות עוף קלאסיות 14*600גרם,גרמים,600.00,100 גרם,false,1,33.90,0.0565,true,1,272597
7290000161631,false,קליק חטיף שוקולד מילוי קרם נוגט 38גר,יוניליוור ישראל שיווק בע`מ,IL,קליק קליק אין חטיף נוגט 38 גרם,גרמים,38.00,100 גרם,false,1,7.50,0.1974,true,1,262302
7290000174723,false,שוקולית אבקה להכנת משקה שוקו 500 גרם,הנסיך- מפעל לייצור ט,IL,שוקולית קופסא 500 / 12 קופ'/ 500ג',גרמים,500.00,100 גרם,false,1,16.90,0.0338,true,1,254984
7290000176062,false,קפה טורקי בשקית 100 ג' עלית,שטראוס קפה בי.ויn\.,IL,עלית טורקי שקית 100ג/1שק'/100גר',גרמים,100.00,100 גרם,false,1,10.90,0.1090,true,1,254989
7290000176413,false,קפה נמס עלית פחית 50 גרם,הנסיך- מפעל לייצור ט,IL,קפה נמס 50 גרם חדש,גרמים,50.00,100 גרם,false,1,11.90,0.2380,true,1,254994
7290000176420,false,קפה נמס פחית עלית 200 גרם,פיקסל אם.גי.אם בעמ,IL,קפה נמס עלית 200 גר',גרמים,200.00,100 גרם,false,1,19.90,0.0995,true,1,254995
7290000178707,false,חטיף צ`יפס בטעם טבעי תפוצ`יפס (50 גרם),"שטראוס פריטו ליי בע""\מ )",IL,תפו טבעי 50 גר 48 יח - שמיטה,גרמים,50.00,100 גרם,false,1,5.90,0.1180,true,1,255009
7290000178721,false,חטיף צ`יפס בטעם טבעי תפוצ`יפס (200 גרם),"שטראוס פריטו ליי בע""\מ )",IL,תפו טבעי 200 גר 12 יח,גרמים,200.00,100 גרם,false,1,15.50,0.0775,true,1,255011
7290000187921,false,נייר טואלט דו שכבתי לבן לילי 32 יחידות,קימברלי קלארק ישראל שיווק בעמ,IL,לילי פיור נייר טואלט דו שכבתי לבן 32 גלילים,מטרים,58880.00,מטר,false,1,41.90,0.0007,true,1,265677
7290000187938,false,לילי - נייר טואולט נייר טואלט פסטל 32 יח',קימברלי קלארק ישראל שיווק בעמ,,נייר טואלט לילי פסטל 32 גלילים,מטרים,58880.00,מטר,false,1,39.90,0.0007,true,1,265678
7290000189079,false,תבניות אינגליש קייק עבות 6 יחידות ניקול,קימברלי קלארק ישראל שיווק בעמ,CN,תבניות אינגליש ניקול 6 יחידות,לא מנהל יחידת מידה,0.00,לא מנהל יחידת מידה,false,1,13.90,0.0000,true,1,284036
7290000189505,false,ניקול תבנית אפייה מקרטון אינגליש קייק ניקול 5 יחידות,קימברלי קלארק ישראל שיווק בעמ,IL,תבנית אפייה מקרטון אינגלי,לא מנהל יחידת מידה,0.00,לא מנהל יחידת מידה,false,1,13.90,0.0000,true,1,268423
7290000189550,false,"שקיות אשפה ענקיות עם שרוך 78 * 90 ס""מ ניקול 2 * 10 יחידות",קימברלי קלארק ישראל שיווק בעמ,IL,שקיות אשפה זוג 20 יחידות,לא מנהל יחידת מידה,0.00,לא מנהל יחידת מידה,false,1,27.90,0.0000,true,1,262306
7290000189659,false,מטליות לחות לרצפה ניקול 10 יח'-מרכז,קימברלי קלארק ישראל שיווק בעמ,IL,ניקול מטליות לחות לניקוי הרצפה 10 יחידות,Unknown,0.00,Unknown,false,1,13.90,0.0000,true,1,268041
7290000190150,false,מפיות מודפסות תלת שכבתיות ניקול 20 יחידות,קימברלי קלארק ישראל שיווק בעמ,SI,ניקול מפיות מעוצבות תלת שכבתי 20 יחידות,לא מנהל יחידת מידה,0.00,לא מנהל יחידת מידה,false,1,8.90,0.0000,true,1,255046
7290000195216,false,נייר אפייה בשקית ניקול 50 יחידות,קימברלי קלארק ישראל שיווק בעמ,,נייר אפיה ניקול 50 יח,לא מנהל יחידת מידה,0.00,לא מנהל יחידת מידה,false,1,12.90,0.0000,true,1,284228
7290000195537,false,האגיס - מגבוני האגיס דיילי קר לא מבושם 64 יח' * 4,קימברלי קלארק ישראל שיווק בעמ,IL,האגיס מגבונים לחים לתינוק ללא בישום מארז רביעייה,יחידה,1.00,יחידה,false,1,22.90,22.9000,true,1,259823
7290000196039,false,"מפות שולחן איריס ח""פ ניקול 2 יח'",קימברלי קלארק ישראל שיווק בעמ,,"מפות שולחן ניקול זוג 180*110 ס""מ",לא מנהל יחידת מידה,0.00,לא מנהל יחידת מידה,false,1,15.90,0.0000,true,1,255082
7290000196763,false,"שקיות אשפה חזקות במיוחד עם שרוך 52 * 65 ס""מ ניקול 40 יחידות",קימברלי קלארק ישראל שיווק בעמ,IL,שקיות אשפה השקית החזקה ניקול 40 יח,Unknown,0.00,Unknown,false,1,26.90,0.0000,true,1,272412
7290000197326,false,רדיד אלומיניום ניקול זוגות 7.5*2קצר,קימברלי קלארק ישראל שיווק בעמ,IL,זוג רדיד אלומיניום קצר עובי משופר 15 מיקרון,מטרים,1500.00,מטר,false,1,15.90,0.0106,true,1,255086
7290000197425,false,חיתולים פרידום דריי שלב 3 האגיס 52 יחידות,קימברלי קלארק ישראל שיווק בעמ,IL,חיתולים פרידום דריי שלב 3,יחידה,1.00,יחידה,false,1,46.90,46.9000,true,1,283610
7290000197432,false,שקיות אוכל סנדביצ'ון ניקול מארז 150X2יח',קימברלי קלארק ישראל שיווק בעמ,IL,סנדוויצון זוגות,לא מנהל יחידת מידה,0.00,לא מנהל יחידת מידה,false,1,16.90,0.0000,true,1,255090
7290000197456,false,חיתולים פרידום דריי שלב 4 האגיס 44 יחידות,קימברלי קלארק ישראל שיווק בעמ,IL,חיתולים פרידום דריי שלב 4,יחידה,1.00,יחידה,false,1,46.90,46.9000,true,1,283611
7290000197463,false,חיתולים פרידום דריי שלב +4 האגיס 40 יחידות,קימברלי קלארק ישראל שיווק בעמ,IL,חיתולי פרידום דריי שלב +4,יחידה,1.00,יחידה,false,1,46.90,46.9000,true,1,283861
7290000197548,false,חיתולים פרידום דריי שלב 5 האגיס 36 יחידות,קימברלי קלארק ישראל שיווק בעמ,IL,חיתולי האגיס פרידום דריי שלב 5,לא מנהל יחידת מידה,0.00,לא מנהל יחידת מידה,false,1,46.90,0.0000,true,1,283612
7290000197678,false,חיתולי האגיס פרידום דריי שלב 6 30 יחידות,קימברלי קלארק ישראל שיווק בעמ,IL,חיתולים פרידום דריי שלב 6,יחידה,1.00,יחידה,false,1,46.90,46.9000,true,1,283613
7290000197753,false,ניילון נצמד אנטי בטקריאלי ניקול 30X2מ',קימברלי קלארק ישראל שיווק בעמ,,ניילון נצמד זוג ניקול,מטרים,3000.00,מטר,false,1,15.90,0.0053,true,1,255093
7290000199313,false,תחבושות עם כנפיים נורמל פלוס קוטקס 30 יחידות,קימברלי קלארק ישראל שיווק בעמ,,קוטקס תחבושות לנערות 28 יח,Unknown,0.00,Unknown,false,1,22.90,0.0000,true,1,263918
7290000204215,false,שישיית כרית יפנית ניקול 6 יחידות,קימברלי קלארק ישראל שיווק בעמ,IL,"ניקול,כריות יפניות ,6 יחידות",גרמים,0.00,100 גרם,false,1,14.20,0.0000,true,1,255172
7290000207162,false,רוטב עגבניות מרכיב טבעי 100 ג' יכין,זנלכול יכין,IL,יכין רוטב עגבניות מרוכז 100 גרם,גרמים,100.00,100 גרם,false,1,2.20,0.0220,true,1,255216
7290000208213,false,שעועית לבנה אפויה A2 ברוטב עגבניות יכין 560ג',היינץ צפון אמריקה מק,IL,יכין שעועית לבנה ברוטב עגבניות 580 גרם,גרמים,580.00,100 גרם,false,1,8.90,0.0153,true,1,260055
7290000208329,false,גרעיני תירס מתוק יכין (550 גרם),זנלכול יכין,IL,יכין גרעיני תירס מתוק שימורים 550 גרם,גרמים,560.00,100 גרם,false,1,8.90,0.0159,true,1,258460
7290000208336,false,רסק יכין 240גר 22% יכין בית יוסף,"זנלכל בע""\מ",IL,יכין רוטב עגבניות מרוכז 240 גרם,גרמים,240.00,100 גרם,false,1,4.90,0.0204,true,1,263250
7290000208428,false,גרגרי חומוס שלם 550 גרם יכין,היינץ צפון אמריקה מק,IL,יכין חומוס שלם 550 גרם,גרמים,560.00,100 גרם,false,1,8.90,0.0159,true,1,260056
7290000208947,false,עגבניות מרוסקות יכין (240 גרם),היינץ צפון אמריקה מק,IL,יכין עגבניות מרוסקות 260 גרם,גרמים,240.00,100 גרם,false,1,5.90,0.0246,true,1,263252
7290000209913,false,עגבניות חתוכות לקוביות 240 גרם יכין,"זנלכל בע""\מ",IL,קוביות עגבניות 240גרם,גרמים,240.00,100 גרם,false,1,5.90,0.0246,true,1,265273
7290000209944,false,רוטב לעגבניות בסיס לשקשוקה 240 ג' יכין,"זנלכל בע""\מ",IL,רוטב עגבניות לשקשוקה יכין 240גרם,גרמים,240.00,100 גרם,false,1,5.90,0.0246,true,1,265274
7290000209951,false,רוטב עגבניות לפיצה 260 גרם יכין,"זנלכל בע""\מ",IL,רוטב פיצה 240גרם יכין,גרמים,240.00,100 גרם,false,1,5.90,0.0246,true,1,265275
7290000211169,false,"אורז תאילנדי אחד אחד סוגת 1 ק""ג",האי נאם סי או אל.טי.,IL,"אורז תאילנדי 1 ק""ג",קילוגרמים,1.00,"ק""ג",false,1,8.90,8.9000,true,1,260129
7290000211442,false,אורז בסגנון פרסי קלאסי סוגת (1 קג),האי נאם סי או אל.טי.,IL,"אורז פרסי 1 ק""ג",קילוגרמים,1.00,"ק""ג",false,1,13.90,13.9000,true,1,255245
7290000211503,false,סוכר לבן ארוז בשקית,"סוגת תעשיות בע""\מ",IL,"סוכר לבן ארוז בשקית סוגת 1 ק""ג",קילוגרמים,1.00,"ק""ג",false,1,5.90,5.9000,true,1,255246
7290000211985,false,אורז עגול ריזוטו אחד אחד 1 קג,"סוגת תעשיות בע""\מ",IL,"אורז עגול 1 ק""ג",קילוגרמים,1.00,"ק""ג",false,1,13.90,13.9000,true,1,255250
7290000226514,false,עוגת דובוש טעם ריבת חלב קפולסקי 450 גרם,תופינים מקבוצת קפולסקי,IL,עוגת דובוש ריבת חלב 450 גרם,גרמים,450.00,100 גרם,false,1,36.90,0.0820,true,1,255290
7290000238029,false,"בצק עלים צרפתי מרודד מעדנות 1 ק""ג",תנובה מרכז שיתופי לשיווק תוצרת,IL,"בצק עלים 1 ק""ג",קילוגרמים,1.00,"ק""ג",false,1,26.90,26.9000,true,1,255363
7290000238036,false,מלאווח מעדנות 6 יח`700 גרם קפוא,תנובה מרכז שיתופי לשיווק תוצרת,IL,מלווח 700 גרם מעדנות,גרמים,700.00,100 גרם,false,1,21.90,0.0313,true,1,255364
7290000238173,false,.בורקס במילוי גבינה 800 גרם מעדנות,מיוצר עי קונדיטוריית,IL,בורקס גבינה מעדנות 800 גרם,גרמים,800.00,100 גרם,false,1,28.90,0.0361,true,1,255367
7290000238180,false,בורקס במילוי תפוא 800 גרם מעדנות,מיוצר עי קונדיטוריית,IL,"בורקס תפו""א מעדנות 800 גרם",גרמים,800.00,100 גרם,false,1,25.90,0.0324,true,1,255368
7290000253220,false,שוקולדצ`יפס לאפייה 260 גר`אופנהיימר,תה ויסוצקי (ישראל) בעמ,IL,נטיפי שוקולד,גרמים,260.00,100 גרם,false,1,13.90,0.0535,true,1,255435
7290000266107,false,כריך בלחמניה סלט טונה220,עינת תעשיות מזון,,כריך שמינייה טונה 225 גרם,גרמים,225.00,100 גרם,false,1,18.20,0.0809,true,1,264427
7290000266206,false,כריך בלחמניה טוניסאי 260,עינת תעשיות מזון,,כריך טוניסאי 250 גרם,גרמים,250.00,100 גרם,false,1,19.90,0.0796,true,1,265004
7290000272696,false,מיץ לימון טבעי משומר 1 ליטר עסיס כלפ,קבוצת אוסם סחר שותפות מוגבלת,IL,עסיס מיץ לימון משומר 12*1ליטר,ליטרים,1.00,ליטר,false,1,13.90,13.9000,true,1,255522
7290000284347,false,סודה קינלי (1.5 ליטר),החברה המרכזית להפצת משקאות בעמ,IL,קינלי סודה 1.5 ליטר,ליטרים,1.50,ליטר,false,1,7.90,5.2667,true,1,255592
7290000286228,false,ספוגיות לניקוי כללי סנו סושי 6 יחידות,החברה הדרומית לשיווק בעמ,IL,כרית יפנית סנו סושי 1/6,גרמים,70.00,100 גרם,false,1,14.90,0.2129,true,1,255606
7290000286297,false,"אנטי קאלק מסיר אבנית מקומקום סנו 700 מ""ל",החברה הדרומית לשיווק בעמ,IL,אנטי קלאק מסיר אבנית מקומקום 700 מל,מיליליטרים,700.00,"100 מ""ל",false,1,20.00,0.0286,true,1,255607
7290000286471,false,סנו מדיק ג'ל לניקוי ידיים דמויות סיליקון,החברה הדרומית לשיווק בעמ,CN,סנו מדיק אלכו גל דמות סיליקון לתליה 30,מיליליטרים,30.00,"100 מ""ל",false,1,11.90,0.3967,true,1,302596
7290000286549,false,מטליות לניקוי כללי סנו סושי 9 יחידות,החברה הדרומית לשיווק בעמ,IL,"סנו סושי מטליות לניקוי כללי, 9 יחידות",לא מנהל יחידת מידה,0.00,לא מנהל יחידת מידה,false,1,12.90,0.0000,true,1,255612
7290000286761,false,ניילון נצמד סנו סושי פלסטיק מארז 30X2 מ',החברה הדרומית לשיווק בעמ,CN,סנו סושי - צמד ניילון נצמד+,מטרים,3000.00,מטר,false,1,15.90,0.0053,true,1,255615
7290000286921,false,סנוקל רסס וכבס תרסיס אקדח 750 מ``ל,החברה הדרומית לשיווק בעמ,IL,סנו קל ביו רסס וכבס 750 מל,מיליליטרים,750.00,"100 מ""ל",false,1,19.70,0.0263,true,1,268477
7290000286945,false,סנו רהיט נוזלי תרסיס 500 סמק+אקדח,החברה הדרומית לשיווק בעמ,IL,סנו רהיט נוזל מנקה ומבריק רהיטים 500 מל,מיליליטרים,500.00,"100 מ""ל",false,1,26.90,0.0538,true,1,255621
7290000287102,false,סנו שטיחים קצף לניקוי שטיחים 600 סמק,החברה הדרומית לשיווק בעמ,IL,"סנו ספריי לשטיחים 600 מ""ל",מיליליטרים,600.00,"100 מ""ל",false,1,31.50,0.0525,true,1,255623
7290000288017,false,אקונומיקה בריח לימון סנו ז'אוול 1 ליטר,החברה הדרומית לשיווק בעמ,IL,סנו JAVEL אקונומיקה בריח לימון 1 ליטר,ליטרים,1.00,ליטר,false,1,9.90,9.9000,true,1,255642
7290000288024,false,סנו - ז'אוול אקונומיקה בריח לימון 4 ליטר,החברה הדרומית לשיווק בעמ,IL,אקונומיקה סנו JAVEL לימון 4 ליטר,ליטרים,4.00,ליטר,false,1,17.90,4.4750,true,1,255643
7290000288253,false,"קוטל חרקים מעופפים K-400 סנו 630 מ""ל",החברה הדרומית לשיווק בעמ,IL,"משמיד מעופפים K400 סמ""ק 630",מיליליטרים,630.00,"100 מ""ל",false,1,28.90,0.0459,true,1,255646
7290000288352,false,"קוטל חרקים וזוחלים K-300 סנו 630 מ""ל",החברה הדרומית לשיווק בעמ,IL,K-300,מיליליטרים,630.00,"100 מ""ל",false,1,28.90,0.0459,true,1,255650
7290000288413,false,סנו-די דוחה יתושים כדורי סנו (50 מל),החברה הדרומית לשיווק בעמ,IL,"סנו די דוחה יתושים כדורי 50 מ""ל",מיליליטרים,50.00,"100 מ""ל",false,1,22.90,0.4580,true,1,255653
7290000288420,false,"תרסיס דוחה יתושים סנו די 175 מ""ל",החברה הדרומית לשיווק בעמ,IL,סנו די תרסיס דוחה יתושים 175 מל,גרמים,125.00,100 גרם,false,1,22.90,0.1832,true,1,255654
7290000289069,false,סנו - ז'אוול מרסס קצף ניקוי בתוספת אקונומיקה בריח לימון 1 ליטר,החברה הדרומית לשיווק בעמ,IL,קצף ניקוי JAVEL מרסס בריח לימון סנו 1 ל,ליטרים,1.00,ליטר,false,1,18.90,18.9000,true,1,255660
7290000289748,false,"מסיר שומנים לתנורים פורטה פלוס סנו 750 מ""ל",החברה הדרומית לשיווק בעמ,IL,סנו פורטה פלוס 750 מ''ל,מיליליטרים,750.00,"100 מ""ל",false,1,19.90,0.0265,true,1,255662
7290000292007,false,K3 פיתיון ג'ל קוטל תיקנים (ג'וקים) בבית ובחצר,החברה הדרומית לשיווק בעמ,IL,סנו K3 פיתיון ג'ל קוטל תיקנים,גרמים,0.00,100 גרם,false,1,49.90,0.0000,true,1,301417
7290000292557,false,סנומט מלוי נוזלי דוחה יתושים 45 לילות,החברה הדרומית לשיווק בעמ,IT,"סנומט מילוי נוזלי למכשיר חשמלי, דוחה יתושים",Unknown,0.00,Unknown,false,1,21.90,0.0000,true,1,255685
7290000292564,false,סנו K-2000 תרסיס מיקרו קפסולרי ללא ריח 750 מ”ל,החברה הדרומית לשיווק בעמ,IL,תכשיר מיקרוקפסורי,מיליליטרים,750.00,"100 מ""ל",false,1,39.90,0.0532,true,1,255686
7290000292687,false,סנובון מוצק לניקוי אסלה קלאסיק כחול סנו 3 יחידות,החברה הדרומית לשיווק בעמ,IL,סנובון כחול סבון מוצק לאסלה בניחוח קלאסי 3 יחידות,גרמים,165.00,100 גרם,false,1,22.90,0.1388,true,1,255687
7290000293561,false,"תרסיס להסרת כתמי עובש עם אקונומיקה סנו 750 מ""ל",החברה הדרומית לשיווק בעמ,IL,סנו מסיר עובש,מיליליטרים,750.00,"100 מ""ל",false,1,20.90,0.0279,true,1,255692
7290000295336,false,סנו מקסימה אבקת כביסה סנסטיב מילוי1.25,החברה הדרומית לשיווק בעמ,IL,אבק.כביסה מקסימה סנסטיב1.25 קג,קילוגרמים,1.25,"ק""ג",false,1,16.90,13.5200,true,1,255702
7290000295367,false,"מקסימה אבקת כביסה אפקט ז'אוול סנו 2.5 ק""ג",החברה הדרומית לשיווק בעמ,IL,"אבקת כביסה, אפקט JAVEL",קילוגרמים,2.50,"ק""ג",false,1,33.90,13.5600,true,1,255704
7290000295404,false,שקיות אשפה עם שרוך 54 * 65 סנו סושי 60 יחידות,החברה הדרומית לשיווק בעמ,IL,סושי 60 ש.אשפה חזקות עם שרוך,לא מנהל יחידת מידה,0.00,לא מנהל יחידת מידה,false,1,23.70,0.0000,true,1,255705
7290000295558,false,"רדיד אלומיניום רוחב 30 ס""מ סנו סושי 2 יח' 7.5 מטר",החברה הדרומית לשיווק בעמ,TR,"רדיד אלומיניום זוג 15 מ רוחב 30 ס""מ",מטרים,1500.00,מטר,false,1,15.90,0.0106,true,1,260138
7290000300900,false,שניצל תירס מרכיבים טבעיים טבעול 750 גרם,קבוצת אוסם סחר שותפות מוגבלת,IL,טבעול שניצל תירס 8*750גרם-חדש,גרמים,750.00,100 גרם,false,1,29.90,0.0399,true,1,255732
7290000311203,false,"וופלים בטעם שוקולד ""מן"" 200 גרם",רוקחמן בעמ מפעל לייצור ופלים ו,IL,ופלים מן בטעם שוקולד 200 גרם,גרמים,200.00,100 גרם,false,1,7.90,0.0395,true,1,255865
7290000311869,false,מן וופלים שוקולד ללא תוספת סוכר 180 גר,רוקחמן בעמ מפעל לייצור ופלים ו,IL,ופל מן ללא סוכר 180 גרם,גרמים,180.00,100 גרם,false,1,9.90,0.0550,true,1,276619
7290000318127,false,נקניקיות ביס יחיעם (380 גרם),מעדני יחיעם (1993) בעמ,IL,יחיעם נקניקיות ביס 380 גרם,גרמים,380.00,100 גרם,false,1,12.90,0.0339,true,1,255906
7290000318479,false,נקניק פרושוטו בקר יחיעם 100 גרם,מעדני יחיעם ( 1993 ) בע`מ,IL,"יחיעם, פרושוטו , 100 גרם",גרמים,100.00,100 גרם,false,1,29.80,0.2980,true,1,261727
7290000318677,false,נקניק סלמי סרוולט יחיעם 150 גרם,מעדני יחיעם (1993) בעמ,IL,סלמי סרוולט,גרמים,150.00,100 גרם,false,1,25.90,0.1727,true,1,264376
7290000318943,false,פסטרמה של פעם מעושן 1.5% יחיעם 200 גרם,מעדני יחיעם ( 1993 ) בע`מ,IL,"יחיעם, פסטרמה של פעם, 200 גרם",גרמים,200.00,100 גרם,false,1,29.90,0.1495,true,1,264377
7290000319063,false,כתף בקר מפולפל יחיעם 150 גרם,מעדני יחיעם (1993) בעמ,IL,כתף בקר מפולפל 150 גרם,גרמים,150.00,100 גרם,false,1,25.90,0.1727,true,1,297555
7290000319131,false,נקניקיות עוף יחיעם 400 גרם,מעדני יחיעם (1993) בעמ,IL,נקניקיות עוף 400 גר יחיעם,גרמים,400.00,100 גרם,false,1,16.60,0.0415,true,1,255942
7290000319520,false,נקניק סלמי צרפתי יחיעם 100 גרם,מעדני יחיעם (1993) בעמ,IL,סלמי צרפתי 100 גרם יחיעם,גרמים,100.00,100 גרם,false,1,22.90,0.2290,true,1,261728
7290000319803,false,קבנוס קלאסי יחיעם (125 גרם),מעדני יחיעם ( 1993 ) בע`מ,IL,"יחיעם, קבנוס קלאסי 125 גרם",גרמים,125.00,100 גרם,false,1,14.90,0.1192,true,1,286708
7290000319834,false,קבנוס פפרוני יחיעם (125 גרם),מעדני יחיעם ( 1993 ) בע`מ,IL,"יחיעם, קבנוס פפרוני , 125 גרם",גרמים,125.00,100 גרם,false,1,14.90,0.1192,true,1,286559
7290000334684,false,תפוגן טבעות בצל לתנור 700 גרם,קבוצת אוסם סחר שותפות מוגבלת,IL,תפוגן טבעות בצל 10*700גרם,גרמים,700.00,100 גרם,false,1,19.90,0.0284,true,1,255996
7290000334745,false,"ציפס אמריקאי דקדק תפוגן 1.5 ק""ג",קבוצת אוסם סחר שותפות מוגבלת,IL,תפוגן אמריקן צ'יפס 6*1.5קג,קילוגרמים,1.50,"ק""ג",false,1,29.90,19.9333,true,1,260309
7290000339566,false,מרכך כביסה ורוד בדין (4 ליטר),יוניליוור ישראל שיווק בע`מ,IL,מרכך כביסה בדין ורוד,ליטרים,4.00,ליטר,false,1,25.90,6.4750,true,1,256019
7290000342856,false,מרכך כביסה כחול בדין (4 ליטר),"יוניליוור ישראל שיווק בע""מ",IL,מרכך כביסה בדין כחול,ליטרים,4.00,ליטר,false,1,25.90,6.4750,true,1,256039
7290000345215,false,תה כחול קלאסיק ויסוצקי 100 יחידות,תה ויסוצקי (ישראל) בעמ,IL,100/1כחול C2000,גרמים,100.00,100 גרם,false,1,24.90,0.2490,true,1,256062
7290000345260,false,תה קלאסיק מעטפות ויסוצקי 25 יחידות,תה ויסוצקי (ישראל) בעמ,IL,25/1.5במעטפה,גרמים,37.00,100 גרם,false,1,9.90,0.2676,true,1,256063
7290000345291,false,תה ארל גרי 1.5/ 25 שקיקים ויסוצקי,תה ויסוצקי (ישראל) בעמ,IL,ארל גריי TEAR TAPE - 25,גרמים,38.00,100 גרם,false,1,21.10,0.5553,true,1,256066
7290000346205,false,חליטת קמומיל הגן הקסום ויסוצקי 25 יחידות,תה ויסוצקי (ישראל) בעמ,IL,"קמומיל-""הגן הקסוםC24 ?",גרמים,37.00,100 גרם,false,1,19.90,0.5378,true,1,256083
7290000347738,false,תה ירוק בתוספת עלי נענע 25 שקיקים,תה ויסוצקי (ישראל) בעמ,IL,תה ירוק עם נענע T.T,גרמים,37.00,100 גרם,false,1,26.90,0.7270,true,1,256088
7290000347752,false,תה ירוק לימונית ולואיזה 25 שקיקים *1.5 ג'' ויסוצקי,תה ויסוצקי (ישראל) בעמ,IL,תה ירוק עם לימונית/לואיזה T.T,גרמים,37.00,100 גרם,false,1,26.90,0.7270,true,1,256089
7290000363363,false,קבנוס נקניק מעושן יבש 160 גרם,תנובה מרכז שיתופי לשיווק תוצרת,IL,טירת צבי קבנוס נקניק מעושן יבש 160 גרם,גרמים,160.00,100 גרם,false,1,18.90,0.1181,true,1,256155
7290000364261,false,"דקניקים, סלסולי פסטרמה כתף בקר מעושנת 120 גרם",תנובה מרכז שיתופי לשיווק תוצרת,IL,"טירת צבי, סלסולי פסטרמה כתף בקר מעושנת 120 גרם",גרמים,120.00,100 גרם,false,1,17.90,0.1492,true,1,269151
7290000364278,false,דקניקים סלסולי סלמי איטלקי משובח טירת צבי 120 גרם,תנובה מרכז שיתופי לשיווק תוצרת,IL,"דקניקים, סלסולי סלמי אטלקי 120 גרם",גרמים,120.00,100 גרם,false,1,17.90,0.1492,true,1,269152
7290000364285,false,דקניקים סלסולי פסטרמה הודו טירת צבי 120 גרם,תנובה מרכז שיתופי לשיווק תוצרת,IL,"טירת צבי, סלסולי הודו אפוי, 120 גרם",גרמים,120.00,100 גרם,false,1,17.90,0.1492,true,1,269153
7290000364858,false,"נקניקיות עוף טרי טירת צבי 1 ק""ג",הנסיך- מפעל לייצור ט,IL,"טירת צבי - נקניקיות עוף 1 ק""ג",קילוגרמים,1.00,"ק""ג",false,1,32.90,32.9000,true,1,256181
7290000364872,false,נקניקיות עוף טירת צבי (400 גרם),טיב טירת צבי 2000,IL,נקניקיות עוף 400 גרם,גרמים,400.00,100 גרם,false,1,16.90,0.0422,true,1,256182
7290000367590,false,פסטרמה כפרית וסלמי פריזר כפרי טירת צבי 2*400 גרם,תנובה מרכז שיתופי לשיווק תוצרת,IL,צמד כפרי פסטרמה סלמי טירת צבי 800 גרם,גרמים,800.00,100 גרם,false,1,33.90,0.0424,true,1,256197
7290000377209,false,בוטנים מטוגנים קליית גת (200 גרם),ליימן שליסל בעמ,IL,בוטנים מטוגנים קליית גת 200 גרם,גרמים,200.00,100 גרם,false,1,9.90,0.0495,true,1,259767
7290000377445,false,נש צ'אנס קליית גת 200 גרם,ליימן שליסל בעמ,IL,נש צ'אנס 200 גר' ב 12,גרמים,200.00,100 גרם,false,1,10.90,0.0545,true,1,259768
7290000377452,false,גרעיני אבטיח קלויים ומלוחים קלית גת 200,הדקלאים אגודת שיתופי,IL,גרעיני אבטיח שק'200 גר',גרמים,200.00,100 גרם,false,1,14.90,0.0745,true,1,258542
7290000377612,false,מיץ תפוזים סחוט טבעי פריגת 400 מל,*החברה המרכזית להפצת משקאותבעמ,IL,פריגת סחוט תפוזים קלאסי,מיליליטרים,400.00,"100 מ""ל",false,1,12.50,0.0313,true,1,256211
7290000408316,false,יוגורט דנונה דל לקטוז 200 גרם,שטראוס גרופ בעמ/מצונן,IL,דנונה ביו 3% 200 גרם,גרמים,200.00,100 גרם,false,1,3.90,0.0195,true,1,256401
7290000408354,false,יוגורט עם אורז מצופה שוקולד קקאו 175 ג' דנונה,שטראוס גרופ בעמ/מצונן,IL,בר דנונה פצפוצים,גרמים,175.00,100 גרם,false,1,6.20,0.0354,true,1,256402
7290000412481,false,נוזל לניקוי אסלות 00 סנו (1 ליטר),החברה הדרומית לשיווק בעמ,IL,סנו 00 מנקה אסלות 1 ליטר,ליטרים,1.00,ליטר,false,1,9.90,9.9000,true,1,256432
7290000416021,false,ממרח בטעם שוקולד השחר העולה (500 גרם),השחר העולה תעשית ממתקים בעמ,IL,ממרח השחר העולה חלבי 500 גרם,גרמים,500.00,100 גרם,false,1,13.90,0.0278,true,1,256480
7290000430102,false,קוביות קרח בשקית מיסטר אייס 2 קילו,אייס קיובס בעמ מיסטר אייס,,קוביות קרח בשקית,יחידה,1.00,יחידה,false,1,14.90,14.9000,true,1,259778
7290000449128,false,סיף פנטסטיק לימון ניקוי רב תכליתי 4ל',יוניליוור ישראל שיווק בע`מ,IL,פנטסטיק תרכיז ניקוי רב תכליתי בניחוח לימון 4 ליטר,ליטרים,4.00,ליטר,false,1,29.90,7.4750,true,1,256600
7290000450209,false,נתחי טונה בהירה בשמן פוסידון (108 גרם),"מיוצר עי וליגר בעמ,",IL,פוסידון נתחי טונה בהירה בשמן 108 גרם,גרמים,108.00,100 גרם,false,1,7.90,0.0731,true,1,256613
7290000453019,false,שמרים טריים לאפייה שקית שמרית 50 ג',שטראוס גרופ בעמ/מצונן,IL,שמרית שמרים טריים לאפייה 50 גרם,גרמים,50.00,100 גרם,false,1,6.90,0.1380,true,1,256620
7290000453408,false,בצק פיצה דק מצונן ומוכן לאפייה שמרית 415 גרם,שטראוס גרופ בעמ/מצונן,GR,בצק פיצה דק מצונן ומוכן לאפייה - שמרית,גרמים,150.00,100 גרם,false,1,18.90,0.1260,true,1,302768
7290000453415,false,בצק עלים מצונן ומוכן לאפייה שמרית 300 גרם,שטראוס גרופ בעמ/מצונן,FR,בצק עלים מצונן ומוכן לאפייה - שמרית,גרמים,150.00,100 גרם,false,1,18.90,0.1260,true,1,302766
7290000453422,false,בצק פילו מצונן ומוכן לאפייה שמרית 300 גרם,שטראוס גרופ בעמ/מצונן,GR,בצק פילו מוכן לאפייה - שמרית,גרמים,150.00,100 גרם,false,1,17.90,0.1193,true,1,302767
7290000453897,false,מרגרינה בטעם חמאה שמרית 200 גרם,גרונבאנג- גרונדנסק א,DK,מרגרינה שמרית בטעם חמאה ללא שומן מוקשה 200 גרם,גרמים,200.00,100 גרם,false,1,5.30,0.0265,true,1,289934
7290000461700,false,בייגלה שמיניות גדולות מלוחות 400 גרם,יוניליוור ישראל שיווק בע`מ,IL,כעכים גדולים עם מלח בייגל בייגל,גרמים,400.00,100 גרם,false,1,17.90,0.0447,true,1,256649
7290000461793,false,בייגלה ארוך ארוך סידרה ירוקה בייגל בייגל 150 גרם,יוניליוור ישראל שיווק בע`מ,IL,כעכים בצורת מקלות עם מלח בייגל בייגל,גרמים,150.00,100 גרם,false,1,8.90,0.0593,true,1,256652
7290000462141,false,סחוג אדום תימני מקורי חריף מאוד זהבי 150 גרם,שטראוס גרופ בעמ/מצונן,IL,"זהבי הכרם זחוק תמני חריף, 150 גרם",גרמים,150.00,100 גרם,false,1,9.90,0.0660,true,1,266935
7290000467320,false,מלך החומוס אבו מרוואן 400 גרם,קבוצת אוסם סחר שותפות מוגבלת,IL,צבר חומוס אבו מרוואן 6*400גרם,גרמים,400.00,100 גרם,false,1,14.90,0.0373,true,1,280366
7290000480107,false,קוואקר שיבולת שועל פחית 500 גרם,שטראוס פריטו ליי בעמ,,שיבולת שועל קוואקר פחית 500 גרם,גרמים,500.00,100 גרם,false,1,16.90,0.0338,true,1,256717
7290000480442,false,קוואקר שיבולת שועל בשקית 500 גרם,שטראוס פריטו ליי בע`מ,IL,קוואקר שיבולת שועל שקית 500 גר 16 יח,גרמים,500.00,100 גרם,false,1,15.90,0.0318,true,1,256722
7290000482019,false,שקיות לצליה קוקי 10 יחידות,"ש. שסטוביץ בע""מ",IL,שקיות לצליה קוקי 10 יחידות,לא מנהל יחידת מידה,0.00,לא מנהל יחידת מידה,false,1,16.20,0.0000,true,1,256728
7290000482033,false,שקיות לצליה בתנור ובמיקרוגל קוקי 5 יחידות,הנסיך- מפעל לייצור ט,IL,קוקי שקיות לצליה מהירה ענק 5 יחידות,Unknown,0.00,Unknown,false,1,12.90,0.0000,true,1,256729
7290000484747,false,"ארק עלית 700 מ""ל 40% יקב הגליל*",יקב הגליל יוסף גולד ובניו,,"עלית הארק 40% בקבוק 700 מ""ל",מיליליטרים,700.00,"100 מ""ל",false,1,65.20,0.0931,true,1,290541
7290000497044,false,לחם אקטיב ברמן (750 גרם),מאפית י את א ברמן בע,IL,לחם ברמן אקטיב 750 גרם,גרמים,750.00,100 גרם,false,1,17.90,0.0239,true,1,280941
7290000497112,false,"לחם כהה פרוס וארוז ""ברמן""-מוצר בפיקוח",מאפית י את א ברמן בע,IL,"ברמן לחם אחיד מקמח כהה פרוס, 750 גרם",גרמים,750.00,100 גרם,false,1,7.91,0.0105,true,1,256765
7290000497136,false,חלה ארוזה פרוסה 500 גר',"י.את.א.ברמן בע""\מ",IL,ברמן חלה פרוסה 500 גרם,גרמים,500.00,100 גרם,false,1,9.90,0.0198,true,1,256766
7290000497198,false,מארז פיתות עשירייה אסלי,מאפית י את א ברמן בע,IL,ברמן אסלי 10 פיתות 1קג,קילוגרמים,1.00,"ק""ג",false,1,12.90,12.9000,true,1,307718
7290000497204,false,פיתות בשקית חמישיה. ברמן,מאפית י את א ברמן בע,IL,פיתות,גרמים,500.00,100 גרם,false,1,8.90,0.0178,true,1,259409
7290000497228,false,לחמניה רגילה בשקית ברמן 6יח',מאפית י את א ברמן בע,IL,ברמן 6 לחמניות 450 גרם,גרמים,450.00,100 גרם,false,1,12.90,0.0287,true,1,256767
7290000497303,false,"שישיית לחמניות מקמח מלא ""ברמן""",מאפית י את א ברמן בע,IL,מאפיית ברמן שש לחמניות מקמח חיטה מלא 450 גרם,גרמים,450.00,100 גרם,false,1,14.90,0.0331,true,1,262738
7290000497358,false,חלומית חלה מתוקה קלועה ברמן (500 גרם),מאפית י את א ברמן בע,IL,חלומית ארוזה ברמן 500גרם,גרמים,500.00,100 גרם,false,1,15.90,0.0318,true,1,307707
7290000497570,false,לחם דגנים פלוס ברמן 500 גרם,מאפית י את א ברמן בע,IL,ברמן דגני קלות 500 גרם,גרמים,500.00,100 גרם,false,1,15.90,0.0318,true,1,256769
7290000498034,false,לחם אי פרי קמח כוסמין מלא 750 גר',מאפית י את א ברמן בע,IL,לחם מקמח כוסמין 750גרם,גרמים,750.00,100 גרם,false,1,17.90,0.0239,true,1,307708
7290000498393,false,חלה רגילה/עגולה/מרובעת,מאפית י.את א. ברמן ב,,חלה מרובעת ברמן 500גרם,גרמים,500.00,100 גרם,false,1,5.17,0.0103,true,1,256778
7290000504025,false,ממתיק סוכרזית פטרייה עלית 300 גרם,אף.סי תבליני בגליל ב,IL,סוכרזית קלאסי 300,גרמים,25.00,100 גרם,false,1,10.90,0.4360,true,1,256856
7290000504278,false,ממתיק סוכרזית אריזת פטנט 700 טבליות,אף.סי תבליני בגליל ב,IL,ממתיק סוכרזית פטנט 700 טבליות,גרמים,57.00,100 גרם,false,1,19.90,0.3491,true,1,256860
7290000518336,false,ממתק צמר גפן מתוק מסיבים תזונתיים,מתוק וקל בעמ,IL,מוש צמר גפן מתוק מסיבים תזונתיים 10 גרם,גרמים,10.00,100 גרם,false,1,7.90,0.7900,true,1,311035
7290000521428,false,"יין שרדונה מרום גליל 750 מ""ל","כרמי צבי-אחים סגל בע""\מ",IL,מרום גליל שרדונה 750 מ- 12 בקבוקים,מיליליטרים,750.00,"100 מ""ל",false,1,54.90,0.0732,true,1,271620
7290000523125,false,מלח הארץ הים האדום 250 ג' עדין,"חברת מלח הארץ אילת בע""\מ",IL,מלח ים אדום דק 250 גרם,גרמים,250.00,100 גרם,false,1,6.90,0.0276,true,1,256941
7290000523514,false,מלח ים יבש מופחת נתרן מלח הארץ (250 גרם),"חברת מלח הארץ אילת בע""\מ",IL,מלח הארץ 50% מכמות נתרן 250 גרם,גרמים,250.00,100 גרם,false,1,11.90,0.0476,true,1,256944
7290000525969,false,מיץ תפוזים סחוט רכיבים טבעיים פרימור 1 ליטר,שטראוס גרופ בעמ/מצונן,IL,פרימור מיץ תפוזים 1 ליטר,ליטרים,1.00,ליטר,false,1,19.50,19.5000,true,1,256950
7290000530413,false,המבורגר זהב זוגלובק 400 גרם,נקניק נהריה כשר זוגל,IL,זוגלובק המבורגר זהב 400 גרם,גרמים,400.00,100 גרם,false,1,22.90,0.0572,true,1,256969
7290000530598,false,נקניקיות עוף וינר זוגלובק 500 גרם,נקניק נהריה כשר זוגל,IL,זוגלובק נקניקיות וינר 500 גרם,גרמים,500.00,100 גרם,false,1,17.90,0.0358,true,1,256971
7290000530703,false,פסטרמה חרמון כפרית ונקניק תה מעושן זוגלובק 2*400 גרם,נקניק נהריה כשר זוגל,IL,זוגלובק זוג חרמון הודו ועוף 400+סלמי תה 400 גרם,גרמים,800.00,100 גרם,false,1,34.90,0.0436,true,1,256972
7290000537566,false,נקניקיות עוף טרי 400 ג' זוגלובק,נקניק נהריה כשר זוגל,IL,זוגלובק נקניקיות עוף 400 גרם,גרמים,400.00,100 גרם,false,1,16.90,0.0422,true,1,257004
7290000538709,false,נקניק סלמי תה מעושן זוגלובק 200 גרם,נקניק זוגלובק נהריה,IL,זוגלובק סלמי תה מעושן 200 גרם,Unknown,0.00,Unknown,false,1,11.50,0.0000,true,1,266470
7290000554532,false,גבינה צפתית מעודנת במלח ים 5% 200 ג' גד,מחלבות גד שיווק 1992 בעמ,IL,גד צפתית מעודנת 5% שומן,גרמים,200.00,100 גרם,false,1,16.90,0.0845,true,1,266674
7290000554624,false,ירח מתוק מעדן חלב עם אורז 3% גד 150 גרם,מחלבות גד שיווק 1992 בעמ,IL,"ירח מתוק ,מעדן חלב עם אורז 3% , 150 גרם",גרמים,150.00,100 גרם,false,1,6.50,0.0433,true,1,257136
7290000554686,false,גבינת לאבנה בתוספת שמן זית וזעתר 5% גד 250 גרם,מחלבות גד שיווק 1992 בעמ,IL,גד לאבנה בתוספת שמן זית וזעתר 5%,גרמים,250.00,100 גרם,false,1,16.90,0.0676,true,1,257138
7290000554822,false,ריקוטה גבינה לבנה בסגנון איטלקי 5% גד 250 גרם,מחלבות גד שיווק 1992 בעמ,IL,גבינה ריקוטה גד 250 גרם,גרמים,250.00,100 גרם,false,1,16.90,0.0676,true,1,257142
7290000554839,false,מסקרפונה שמנת מתוקה קשה בסגנון איטלקי 40% גד 250 גרם,מחלבות גד שיווק 1992 בעמ,IL,גבינה מוקצפת מסקרפונה 250 גרם גד,גרמים,250.00,100 גרם,false,1,24.90,0.0996,true,1,257143
7290000560533,false,אדג`פרו ג`ל לגילוח רגיל ירוק 220 מל,אס.סי ג'ונסון ובניו,US,200 מל גל גילוח אדג בתוספת אלוורה,מיליליטרים,200.00,"100 מ""ל",false,1,19.90,0.0995,true,1,257182
7290000560540,false,אדג`פרו ג`ל לגילוח עור רגיש כתום220,המאפיה של הרמן,US,אדג ג'ל גילוח לעור רגיש עם אלוורה 200 מל,מיליליטרים,200.00,"100 מ""ל",false,1,19.90,0.0995,true,1,257183
7290000571386,false,המחלבה יוגורמה יוגורט מחלב כבשים 5% 850 גרם,גבינות משק אחים מאיר בית,IL,המחלבה יוגורמה יוגורט מחלב כבשים 5% 850 גרם,גרמים,850.00,100 גרם,false,1,29.90,0.0352,true,1,257207
7290000572208,false,חלוה בטעם וניל אחווה 100 גרם,שוורצקוף& הנקל דיסלד,IL,אחוה חלוה בטעם וניל 100 גרם,גרמים,100.00,100 גרם,false,1,4.50,0.0450,true,1,257210
7290000572222,false,חלווה בלוק וניל אחוה 500 גרם,שוורצקוף& הנקל דיסלד,IL,אחווה חלוה בטעם וניל 500 גרם,גרמים,500.00,100 גרם,false,1,14.90,0.0298,true,1,257211
7290000572536,false,אחווה חלווה ווניל במגש 400 גר,אחדות ביתחרושת לטחינה חלבה,IL,אחוה חלוה בטעם וניל 400 גרם,גרמים,400.00,100 גרם,false,1,15.90,0.0398,true,1,263909
7290000644783,false,נתחי פילה סלמון קפוא קג,תנובה קפואים,,"נתחי פילה סלמון בואקום לק""ג",קילוגרמים,1.00,"ק""ג",true,,105.00,105.0000,true,1,269884
7290000652542,false,פילה אמנון 5-7 100% דג- תנובה,תנובה קפואים,CN,פילה אמנון קפוא 5-7 100% דג לקג,קילוגרמים,1.00,"ק""ג",true,,39.00,39.0000,true,1,303937
7290000679440,false,"קמיל בלו משחת החתלה לתינוק ד""ר פישר 100 גרם","פישר תעשיות פרמבצטיות בע""מ",IL,משחה לתינוק,גרמים,100.00,100 גרם,false,1,14.90,0.1490,true,1,257621
7290000688077,false,"מי עדן 0.500 מ""ל פקק רגיל",יפאורה שותפות מוגבלת לשיווק,IL,מים מינרליים מי עדן פקק רגיל 0.5 ל',מיליליטרים,500.00,"100 מ""ל",false,1,6.90,0.0138,true,1,264166
7290000688084,false,מי עדן פקק ספורטאים500מל,יפאורה שותפות מוגבלת לשיווק,IL,"מי עדן בקבוק ספורט 500 מ""ל",מיליליטרים,500.00,"100 מ""ל",false,1,6.90,0.0138,true,1,257660
7290000688381,false,מים מינרלים פקק ספורט מי עדן (500x6 מל),יפאורה שותפות מוגבלת לשיווק,,"מי עדן בקבוק אישי שישייה 500 מ""ל",ליטרים,3.00,ליטר,false,1,12.90,4.3000,true,1,257664
7290000692210,false,נוזל לניקוי כללי ורצפות בניחוח לבנדר אג'קס 2 ליטר,הנסיך- מפעל לייצור ט,GR,אג'קס נוזל לניקוי כללי ורצפות בניחוח לבנדר 2 ליטר,ליטרים,2.00,ליטר,false,1,29.90,14.9500,true,1,257669
7290000805900,false,"מזון חתולים לה קט עוף 2.85 ק""ג",דיפלומט מפיצים (1968) בעמ**,FR,לה קט עוף 2.85 קג,קילוגרמים,2.85,"ק""ג",false,1,59.90,21.0175,true,1,308772
7290000849492,false,"סרקל שמפו לילדים 500 מ""ל",פישר תעשיות פרמבצטיות בעמ,IL,דר פישר סרקל שמפו לילדים ללא דמעות 500 מל,מיליליטרים,500.00,"100 מ""ל",false,1,17.90,0.0358,true,1,258134
7290001045633,false,פרימור מיץ לימון ונענע סחוט טרי 400מל,שטראוס גרופ בעמ/מצונן,IL,פרימור משקה קל לימונים ונענע 400 מל,מיליליטרים,400.00,"100 מ""ל",false,1,11.90,0.0298,true,1,259095
7290001045657,false,פרימור מיץ תפוחים סחוט מקורר 400מל,שטראוס גרופ בעמ/מצונן,IL,פרימור מיץ תפוחים 100% מיץ צלול מיוצר מרכז 400 מל,מיליליטרים,400.00,"100 מ""ל",false,1,11.90,0.0298,true,1,258456
7290001045688,false,"מיץ תפוזים סחוט פרימור 400 מ""ל",שטראוס גרופ בעמ/מצונן,IL,פרימור מיץ תפוזים סחוט 400 מל,מיליליטרים,400.00,"100 מ""ל",false,1,11.90,0.0298,true,1,259092
7290001121054,false,צמד חמד פסטרמה וסלמי יחיעם 700 גרם,מעדני יחיעם ( 1993 ) בע`מ,IL,צמד חמד סלמי+פסטרמה 700 גר יחיעם,גרמים,700.00,100 גרם,false,1,26.90,0.0384,true,1,254688
7290001121238,false,קורנדביף 4% שומן יחיעם (180 גרם).,מעדני יחיעם ( 1993 ) בע`מ,IL,יחיעם קורנד ביף 180 גרם,גרמים,180.00,100 גרם,false,1,25.90,0.1439,true,1,268293
7290001121979,false,נקניק סלמי הרץ מעדני יחיעם 150 גרם,מעדני יחיעם ( 1993 ) בע`מ,IL,"יחיעם, סלמי הרץ, 150 גרם",גרמים,150.00,100 גרם,false,1,25.90,0.1727,true,1,274321
7290001201589,false,ביצים ארוזות L מ. לסר) (12 פיקוח,מ לסר בעמ - חברה לשיווק ביצים,,ביצים ארוזות12 יח L,לא מנהל יחידת מידה,0.00,לא מנהל יחידת מידה,false,1,12.05,0.0000,true,1,307734
7290001201596,false,ביצים ארוזות M 12 יחידות,מ לסר בעמ - חברה לשיווק ביצים,,ביצים ארוזות12 יח M,לא מנהל יחידת מידה,0.00,לא מנהל יחידת מידה,false,1,11.15,0.0000,true,1,307735
7290001216040,false,טחינה גולמית שומשום טהור אל ארז 500 גרם,אגס ירוק מסחר ושירותים,IL,טחינת אל ארז 500 גרם,גרמים,500.00,100 גרם,false,1,17.90,0.0358,true,1,260708
7290001216231,false,טחינה גולמית שומשום מלא אל ארז 500 גרם,אגס ירוק מסחר ושירותים,IL,טחינה מלאה אל ארז 500 גרם,גרמים,500.00,100 גרם,false,1,17.90,0.0358,true,1,268198
7290001230234,false,כאמל צהוב סופט חפיסה,גיי טי אינטרנשיונל,,סיגריות כאמל סופט חפיסה בודד,יחידה,0.00,יחידה,false,1,32.00,0.0000,false,1,259452
7290001230331,false,כאמל בוקס קופסא בודד,Unknown,,סיגריות כאמל בוקס חפיסה בודד,יחידה,0.00,יחידה,false,1,32.00,0.0000,false,1,259453
7290001230739,false,כאמל כחול חפיסה חפיסה,Unknown,,סיגריות כאמל כחול חפיסה בודד,יחידה,0.00,יחידה,false,1,32.00,0.0000,false,1,260859
7290001231233,false,סיגריות וינסטון בוקס,Unknown,,סיגריות וינסטון בוקס חפיסה בודד,Unknown,0.00,Unknown,false,1,34.30,0.0000,false,1,259439
7290001231932,false,ווינסטון כחול בוקס חפיסה,Unknown,,סיגריות וינסטון כחול בוקס חפיסה בודד,לא מנהל יחידת מידה,0.00,לא מנהל יחידת מידה,false,1,34.30,0.0000,false,1,259440
7290001235938,false,וינסטון כחול ארוך חפיסה,Unknown,,סיגריות וינסטון כחול 100 חפיסה בודד,לא מנהל יחידת מידה,0.00,לא מנהל יחידת מידה,false,1,34.30,0.0000,false,1,265400
7290001247723,false,"ספרינג נקטר תות בננה פחית 330 מ""ל",יפאורה שותפות מוגבלת לשיווק,IL,"ספרינג נקטר תות בננה פחית 330 מ""ל",מיליליטרים,330.00,"100 מ""ל",false,1,8.50,0.0258,true,1,261471
7290001247730,false,"נקטר ספרינג בטעם מנגו פחית 330 מ""ל",יפאורה שותפות מוגבלת לשיווק,IL,"ספרינג נקטר מנגו פחית 330 מ""ל",מיליליטרים,330.00,"100 מ""ל",false,1,8.50,0.0258,true,1,261472
7290001265642,false,"מזון חתולים מעדני פטה 1.2 ק""ג מארז 3 יחידות",דיפלומט מפיצים (1968) בעמ**,FR,לה קט מולטיפק מעדני פטה 3*400 גרם,גרמים,400.00,100 גרם,false,1,19.90,0.0497,true,1,308775
7290001305058,false,"פלמוליב - נטורלס תחליב רחצה חלב ודבש 500 מ""ל",הנסיך- מפעל לייצור ט,TR,פלמוליב סבון נוזלי חלב ודבש 750 מל,מיליליטרים,500.00,"100 מ""ל",false,1,19.90,0.0398,true,1,254805
7290001305188,false,"נוזל לניקוי כלים בריח לימון פלמוליב 750 מ""ל",יבואן ומשווק: ש. שסט,GR,פלמוליב נוזל לניקוי כלים בריח לימון (כתום) 750 מל,מיליליטרים,750.00,"100 מ""ל",false,1,13.90,0.0185,true,1,254806
7290001327180,false,שטראוס קרמיסימו וניל ציפ 1.33 ליטר,"גלידת שטראוס בע""\מ, רחוב",IL,קרמיסימו קרמיסימו בטעם וניל צ'יפ 1.33 ליטר,ליטרים,1.33,ליטר,false,1,33.90,25.4887,true,1,254812
7290001327791,false,גלידה קרמיסימו וניל עוגיות 1.33 ליטר,"גלידת שטראוס בע""\מ, רחוב",IL,קרמיסימו קרמיסימו בטעם וניל עוגיות 1.33 ליטר,ליטרים,1.33,ליטר,false,1,33.90,25.4887,true,1,254816
7290001407844,false,חלבה קלאסית בטעם וניל בארכה 350 גרם,קבוצת אוסם סחר שותפות מוגבלת,IL,בארכה חלבה קלאסית בטעם וניל כלפ.8*350גרם,גרמים,350.00,100 גרם,false,1,15.90,0.0454,true,1,263370
7290001419618,false,וופל בלגי עלמה שחור לבן וניל 200ג',מ.ד אטיאס סוכנויות מזון בע`מ,,ופלים בלגי שוקולד עלמה 200 גרם,גרמים,200.00,100 גרם,false,1,5.50,0.0275,true,1,269164
7290001419779,false,"וופל קלאסי בטעם שוקולד ""עלמה"" 200 גרם",רזיט שיווק בעמ,,ופלים שוקולד עלמה 200 גרם,גרמים,200.00,100 גרם,false,1,5.50,0.0275,true,1,263206
7290001419793,false,גביעי גלידה מגולגל עלמה גילרו 30 יח',מ.ד אטיאס סוכנויות מזון בע`מ,,גביעי גלידה מגולגלים 12 יח,גרמים,132.00,100 גרם,false,1,12.90,0.0977,true,1,265329
7290001482186,false,אננס חתוך בסירופ קל ויליפוד 565 גרם,ג.וילי פוד אינטרנשיונל בעמ,TH,ויליפוד חתיכות אננס בסירופ קל 565 גרם,גרמים,567.00,100 גרם,false,1,6.90,0.0122,true,1,260710
7290001509272,false,שוקיים פטם ארוז קפוא פרימיום,מילועוף,,"שוקיים פטם פרימיום קפוא ארוז לק""ג",קילוגרמים,1.00,"ק""ג",true,,36.90,36.9000,true,1,294820
7290001509296,false,שניצל פרוס פרימיום ק,מילועוף,,"שניצל פרוס פרימיום קפוא ארוז לק""ג",קילוגרמים,1.00,"ק""ג",true,,46.90,46.9000,true,1,294821
7290001509319,false,כנפיים פטם פרימיום ק,מילועוף,,"כנפיים פטם פרימיום קפוא ארוז לק""ג",קילוגרמים,1.00,"ק""ג",true,,21.90,21.9000,true,1,294823
7290001509326,false,פילה פטם ארוז קפוא פרימיום,,,פילה פטם ארוז קפוא פרימיום,קילוגרמים,1.00,"ק""ג",true,,55.00,55.0000,true,1,301176
7290001509340,false,כרעיים פטם ארוז קפוא פרימיום,מילועוף,,"כרעיים מקוצב פרימיום קפוא ארוז לק""ג",קילוגרמים,1.00,"ק""ג",true,,36.90,36.9000,true,1,294824
7290001516522,false,ירך פטם מפורק ארוז קפוא פרימיום,מילועוף,,"שוארמה פטם פרימיום קפוא ארוז לק""ג",קילוגרמים,1.00,"ק""ג",true,,79.00,79.0000,true,1,294826
7290001594025,false,קוקה קולה בקבוק זכוכית,החברה המרכזית להפצת משקאות בעמ,IL,"קוקה קולה קלאסי 350 מ""ל",מיליליטרים,330.00,"100 מ""ל",false,1,8.50,0.0258,true,1,260892
7290001594155,false,"קוקה-קולה בבקבוק אישי 500 מ""ל",החברה המרכזית להפצת משקאות בעמ,IL,"קוקה קולה 500 מ""ל",מיליליטרים,500.00,"100 מ""ל",false,1,9.50,0.0190,true,1,254933
7290001594179,false,"פאנטה אורנג' בבקבוק אישי 500 מ""ל",החברה המרכזית להפצת משקאות בעמ,IL,"פאנטה אורנג' 500 מ""ל",מיליליטרים,500.00,"100 מ""ל",false,1,9.50,0.0190,true,1,254935
7290001594186,false,"דיאט קוקה-קולה בבקבוק אישי 500 מ""ל",החברה המרכזית להפצת משקאות בעמ,IL,"דיאט קוקה קולה 500 מ""ל",מיליליטרים,500.00,"100 מ""ל",false,1,9.50,0.0190,true,1,254936
7290001594230,false,קינלי סודה בבקבוק זכוכית,החברה המרכזית להפצת משקאות בעמ,IL,"קינלי סודה 250 מ""ל",מיליליטרים,250.00,"100 מ""ל",false,1,6.50,0.0260,true,1,254938
7290001594377,false,פריגת תפוזים 0.5 ליטר חייב בפקדון,החברה המרכזית להפצת משקאות בעמ,IL,פריגת משקה קל תפוזים 500 מל,מיליליטרים,500.00,"100 מ""ל",false,1,9.50,0.0190,true,1,254939
7290001594384,false,פריגת אשכוליות 0.5 ליטר חייב בפקדון,החברה המרכזית להפצת משקאות בעמ,IL,"פריגת משק""ל אשכוליות 0.5 ליטר",מיליליטרים,500.00,"100 מ""ל",false,1,9.50,0.0190,true,1,254940
7290001594391,false,"פריגת משקה קל ענבים בבקבוק אישי 500 מ""ל",החברה המרכזית להפצת משקאות בעמ,IL,"משקל פריגת ענבים 500 מ""ל",מיליליטרים,500.00,"100 מ""ל",false,1,9.50,0.0190,true,1,254941
7290001594520,false,"בירה טובורג רד בקבוק 330 מ""ל",החברה המרכזית להפצת משקאות בעמ,IL,"טובורג בק 330 מ""ל פקדון",מיליליטרים,330.00,"100 מ""ל",false,1,13.90,0.0421,true,1,254952
7290001594568,false,בירה בפחית קרלסברג (500 מל),החברה המרכזית להפצת משקאות בעמ,RO,קלסברג בירה 500 מל,מיליליטרים,500.00,"100 מ""ל",false,1,14.90,0.0298,true,1,254942
7290001594575,false,בירה בפחית רד טובורג (500 מל),החברה המרכזית להפצת משקאות בעמ,IL,"טובורג רד פחית 500 מ""ל",מיליליטרים,500.00,"100 מ""ל",false,1,15.50,0.0310,true,1,254943
7290001594858,false,מארז שישייה בירה טובורג רד (330x6 מל),החברה המרכזית להפצת משקאות בעמ,,"בירה טובורג רד שישייה בקבוק 330 מ""ל",ליטרים,1.98,ליטר,false,1,49.90,25.2020,true,1,254951
7290001594865,false,"שישייה בירה קרלסברג בקבוק 330 מ""ל",החברה המרכזית להפצת משקאות בעמ,,"בירה קרלסברג מארז שישייה בקבוק 330 מ""ל",ליטרים,1.98,ליטר,false,1,49.90,25.2020,true,1,254953
7290001670057,false,כפיות לבן 100 יח`הנמל,הנמל אריזות ושיווק (1984) בעמ,IL,הנמל כפיות לבן 100 יחידות,Unknown,0.00,Unknown,false,1,14.90,0.0000,true,1,260593
7290001670071,false,כפות חד פעמי לבן 100 יח',הנמל אריזות ושיווק (1984) בעמ,IL,הנמל כפות לבן 100 יחידות,Unknown,0.00,Unknown,false,1,16.90,0.0000,true,1,258857
7290001670873,false,"צלחות גדולות לבנות קשיח ח""פ הנמל 66יח'",הנמל אריזות ושיווק (1984) בעמ,IL,"הנמל צלחות עבות במיוחד 66 יח', 1 קג",קילוגרמים,1.00,"ק""ג",false,1,54.90,54.9000,true,1,258858
7290001723357,false,מוצץ סיליקון אורטודנטי סימטרי רך בינוני-זוג,הדקלאים אגודת שיתופי,DE,טוליפס 2 מוצצי סיליקון אורטודנטי בינוני עם ידיות,Unknown,0.00,Unknown,false,1,26.90,0.0000,true,1,265108
7290001723364,false,מוצץ סיל' אורט' ידית קצר-זוג-מרכז.,אינטרסן (1996) בעמ,DE,טוליפס 2 מוצצי סיליקון אורטודנטי קצר עם ידיות,Unknown,0.00,Unknown,false,1,29.90,0.0000,true,1,260344
7290001780800,false,שלגון קראנץ שוקולד ליבת נוגט נסטלה 100 גרם,נגה גלידות שותפות מוגבלת,,שלגון קראנץ ליבת נוגט,Unknown,0.00,Unknown,false,1,12.50,0.0000,true,1,261355
7290001791349,false,אקונומיקה פיסגה ריחנית סנו (4 ליטר),החברה הדרומית לשיווק בעמ,IL,אקונומיקה ריחנית פיסגה 4 ליטר,ליטרים,4.00,ליטר,false,1,12.90,3.2250,true,1,264124
7290001791776,false,"סנו-די דוחה יתושים רול און עם אלוורה סנו 50 מ""ל",החב. הדרומית לשיווק,IL,סנו די פלוס אלוורה כדורית 50 מל,מיליליטרים,50.00,"100 מ""ל",false,1,22.90,0.4580,true,1,263966
7290001817728,false,צ'יטוס אפוי כאפה בטעם קטשופ 55 גרם,"שטראוס פריטו ליי בע""\מ )",IL,"חטיף צ""יטוס כאפה 55 גר",גרמים,55.00,100 גרם,false,1,6.00,0.1091,true,1,255027
7290001896556,false,כבד פרימיום קפוא ארו,,,כבד פרימיום קפוא ארוז לקג,קילוגרמים,1.00,"ק""ג",true,,24.90,24.9000,true,1,304216
7290001902301,false,חלה מתוקה קלועה 450 גרם,"גידרון תעשיות בע""מ",,חלה מתוקה קלועה,גרמים,560.00,100 גרם,false,1,9.90,0.0177,true,1,259727
7290001990117,false,שומשום סוגת 100 גרם,האי נאם סי או אל.טי.,IL,שומשום 100 גר',גרמים,100.00,100 גרם,false,1,4.50,0.0450,true,1,264004
7290002002857,false,"מגע הדבש, ניירות להסרת שיער בשעווה, 50 יחידות","איטיליאן פוד, אס.פי.",IL,נייר מגע המשי להסרת שיער 50 יח,יחידה,1.00,יחידה,false,1,21.90,21.9000,true,1,255112
7290002007241,false,סודה לשתיה הנמל 50 גרם,הנמל אריזות ושיווק (1984) בעמ,IL,הנמל סודה לשתייה 50 גרם,גרמים,50.00,100 גרם,false,1,2.30,0.0460,true,1,255117
7290002007852,false,"תמצית אפייה בטעמים שונים 55 מ""ל הנמל",הנמל אריזות ושיווק 1984 בע`מ,IL,הנמל תמצית בטעם וניל 55 מל,מיליליטרים,55.00,"100 מ""ל",false,1,4.00,0.0727,true,1,255125
7290002007890,false,כוסות חד פעמיות מפלסטיק 100 יח`,הנמל אריזות ושיווק (1984) בעמ,IL,כוס שתיה קרה 100 יח,יחידה,100.00,יחידה,false,1,12.90,0.1290,true,1,255127
7290002007982,false,מזלגות לבן 100 יח`הנמל,הנמל אריזות ושיווק (1984) בעמ,IL,"הנמל מזלגות, 100 יחידות",Unknown,0.00,Unknown,false,1,16.90,0.0000,true,1,258865
7290002008019,false,סוכריות לקישוט בטעם שוקולד הנמל 200 גרם,הנמל אריזות ושווק בעמ,IL,הנמל סוכריות לקישוט שוקולד 200 גרם,גרמים,200.00,100 גרם,false,1,10.00,0.0500,true,1,262109
7290002008040,false,שיפודי במבוק הנמל 100 יחידות,הנמל אריזות ושיווק (1984) בעמ,IL,הנמל שיפודי במבוק 100 יחידות,Unknown,0.00,Unknown,false,1,4.90,0.0000,true,1,255128
7290002008057,false,"תמצית אפייה בטעם רום 55 מ""ל הנמל",ממתקי עלה ייצור שווק,IL,הנמל תמצית אפייה בטעם רום 55 מל,מיליליטרים,55.00,"100 מ""ל",false,1,4.00,0.0727,true,1,255129
7290002008224,false,סוכריות לקישוט צבעונית הנמל 100 ג',הנמל אריזות ושיווק 1984 בע`מ,IL,סוכריות לקישוט צבעוני 100 גרם,גרמים,100.00,100 גרם,false,1,6.90,0.0690,true,1,255136
7290002008309,false,עטרות נייר חום לעוגה מס' 4 הנמל 130יח',הנמל אריזות ושיווק (1984) בעמ,IL,"הנמל עטרות נייר אפייה מספר 4 , 130 יח'",לא מנהל יחידת מידה,0.00,לא מנהל יחידת מידה,false,1,5.20,0.0000,true,1,255137
7290002008507,false,נייר אפיה הנמל 50 יחידות,הנמל אריזות ושיווק (1984) בעמ,IL,הנמל נייר אפייה 50 יח',לא מנהל יחידת מידה,0.00,לא מנהל יחידת מידה,false,1,15.00,0.0000,true,1,260377
7290002008651,false,קמח תפוחי אדמה הנמל 500 גרם,הנמל אריזות ושיווק (1984) בעמ,IL,הנמל קמח תפוח אדמה 500,גרמים,500.00,100 גרם,false,1,8.50,0.0170,true,1,260878
7290002008743,false,סוכר וניל עשירייה הנמל 100 גרם,הנמל אריזות ושיווק 1984 בע`מ,IL,הנמל סוכר וניל 10 יחידות,גרמים,100.00,100 גרם,false,1,3.50,0.0350,true,1,255143
7290002008750,false,אבקת אפיה עשירייה הנמל 100 גרם,הנמל אריזות ושיווק 1984 בע`מ,IL,הנמל אבקת אפיה 10 יחידות,גרמים,100.00,100 גרם,false,1,3.50,0.0350,true,1,255144
7290002008774,false,שומשום הנמל 200 גרם,הנמל אריזות ושיווק 1984 בע`מ,IL,הנמל שומשום 200 גרם,גרמים,200.00,100 גרם,false,1,8.50,0.0425,true,1,260933
7290002008989,false,קישקשים קשים לשתיה 225יח הנמל,הנמל אריזות ושיווק (1984) בעמ,CN,הנמל קישקשים 225 יחידות,לא מנהל יחידת מידה,0.00,לא מנהל יחידת מידה,false,1,11.90,0.0000,true,1,259814
7290002020189,false,סופגניה מיני רגילה+ריבה,"גידרון תעשיות בע""מ",,מיני סופגניה עם מילוי ריבה 40 גרם,גרמים,40.00,100 גרם,false,1,3.90,0.0975,true,1,265991
7290002022152,false,מרשמלו ורוד לבן וסטהיים 100ג36X שקיות בקרטון,כרמית תעשיות ממתקים בעמ,IL,מרשמלו ורוד לבן וסטהיים 100ג36X שקיות בקרטון,גרמים,100.00,100 גרם,false,1,5.90,0.0590,true,1,288863
7290002026303,false,"דולצ'ה דה לצ'ה 150 מ""ל - שורטי",מוצרי איכות אמריקאיי,IL,"דולצ'ה דה לצ'ה 150 מ""ל - שורטי",מיליליטרים,150.00,"100 מ""ל",false,1,13.90,0.0927,true,1,255156
7290002026372,false,טילון בצק עוגיות בן,המאפיה של הרמן,IL,טילון בצק עוגיות בן & גריס 100 גרם,גרמים,100.00,100 גרם,false,1,13.90,0.1390,true,1,297503
7290002026778,false,גלידת שמנת בטעם וניל קרמל וחתיכות גביעי,מוצרי איכות אמריקאיים בעמ,IL,פיינט-CONE SWEET CONE,מיליליטרים,500.00,"100 מ""ל",false,1,29.90,0.0598,true,1,290168
7290002037309,false,לחמניות המבורגר מאפיית ודש 8),מאפית י את א ברמן בע,IL,8 לחמניות המבורגר,גרמים,300.00,100 גרם,false,1,14.90,0.0497,true,1,255162
7290002037637,false,לחמניות הבית מתוקות מאפיית ודש) (4,מאפית י.את א. ברמן ב,IL,לחמניות הבית של ודש 4 בשקית,גרמים,350.00,100 גרם,false,1,14.90,0.0426,true,1,255164
7290002043065,false,אקסטרה פריכיות אורז חום מלא בציפוי שוקולד מריר 70 גרם,א.ל.ייצור ושיווק תבלינים בעמ,BG,פריכוני אורז חום מלא בציפוי שוקו מריר70ג,גרמים,70.00,100 גרם,false,1,8.90,0.1271,true,1,306414
7290002043072,false,אקסטרה פריכיות אורז חום מלא בציפוי שוקולד חלב 70 גרם,א.ל.ייצור ושיווק תבלינים בעמ,BG,פריכוני אורז חום מלא בציפוי שוקו חלב70ג,גרמים,70.00,100 גרם,false,1,8.90,0.1271,true,1,306415
7290002043096,false,אקסטרה פריכוני אורז בציפוי שוקולד לבן בלגי,א.ל.ייצור ושיווק תבלינים בעמ,BG,פריכוני אורז חום מלא בציפוי שוקו לבן70ג,גרמים,70.00,100 גרם,false,1,8.90,0.1271,true,1,306416
7290002043188,false,אקסטרה צ'יפס אורז חום מלא צ'ילי חריף 60 גרם,א.ל ייצור ושיווק תבלינים בעמ,BG,ציפס אורז חום מלא צילי חריף60גרם,גרמים,60.00,100 גרם,false,1,7.90,0.1317,true,1,306413
7290002043782,false,אקסטרה צ'יפס אורז חום מלא טקסס ברביקיו 60 גרם,א.ל.ייצור ושיווק תבלינים בעמ,BG,ציפס אורז חום מלא טקסס ברביקיו 60גרם,גרמים,60.00,100 גרם,false,1,7.90,0.1317,true,1,306411
7290002043812,false,פריכוני אורז חום מלא,נוהלס,BG,פריכוני אורז חום מלא ציה וקינואה 24גרם,גרמים,24.00,100 גרם,false,1,4.90,0.2042,true,1,306417
7290002057031,false,זיתים מבוקעים פיקנטי קבוצת יבנה 340 גרם,"קבוצת יבנה מוצרי מזון בע""מ",IL,קבוצת יבנה זיתים מבוקעים 540 גרם,גרמים,540.00,100 גרם,false,1,9.90,0.0183,true,1,255182
7290002057048,false,זית סורי מתובל בשמן קבוצת יבנה 560 גרם,"קבוצת יבנה מוצרי מזון בע""מ",IL,זית סורי מבוקע - A2יבנה ח,גרמים,540.00,100 גרם,false,1,12.50,0.0231,true,1,255183
7290002057055,false,זית סורי שלם בטעם שום יבנה 340 גרם,קבוצת יבנה מוצרי מזון בעמ,IL,"קבוצת יבנה, זית סורי ירוק 540 גרם",גרמים,540.00,100 גרם,false,1,12.50,0.0231,true,1,255184
7290002057123,false,זיתים ירוקים מנזנילו קבוצת יבנה 560 גרם,קבוצת יבנה מוצרי מזון אגודה שי,IL,זיתים ירוקים מנזנילו ללא גלעין 540 יבנה,גרמים,540.00,100 גרם,false,1,10.90,0.0202,true,1,255187
7290002057147,false,זית מושחר גדול 560 ג' יבנה,קבוצת יבנה מוצרי מזון בעמ,IL,זית שחור מנסולינו קבוצת יבנה 540 גרם,גרמים,540.00,100 גרם,false,1,9.90,0.0183,true,1,255188
7290002057185,false,טבעות זיתים ירוקים קבוצת יבנה 560 גרם,קבוצת יבנה מוצרי מזון אגודה שי,IL,טבעות זיתים ירוקים 540 גרם יבנה,גרמים,540.00,100 גרם,false,1,10.90,0.0202,true,1,255190
7290002057352,false,מלפפונים במלח ‏9‏-‏7‏ קבוצת יבנה 320 גרם,"קבוצת יבנה מוצרי מזון בע""מ",IL,קבוצת יבנה מלפפונים גדולים במלח 560 גרם,גרמים,540.00,100 גרם,false,1,7.50,0.0139,true,1,255193
7290002057369,false,מלפפונים במלח ‏12‏-‏10‏ קבוצת יבנה 320 גרם,"קבוצת יבנה מוצרי מזון בע""מ",IL,מלפפונים במלח יבנה10-12 540 גרם,גרמים,540.00,100 גרם,false,1,8.90,0.0165,true,1,255194
7290002057376,false,מלפפונים במלח ‏17‏-‏13‏ קבוצת יבנה 320 גרם,"קבוצת יבנה מוצרי מזון בע""מ",IL,13-17 מלפפונים במלח קטן,גרמים,540.00,100 גרם,false,1,11.90,0.0220,true,1,255195
7290002057383,false,מלפפון יבנה במלח קטנים מאוד 18-25 320 גר יבנה,"קבוצת יבנה מוצרי מזון בע""מ",IL,מלפפונים במלח קטן 18-25 540 גרם,גרמים,540.00,100 גרם,false,1,12.90,0.0239,true,1,255196
7290002057451,false,מלפפונים בחומץ ‏9‏-‏7 קבוצת יבנה 290 גרם,קבוצת יבנה מוצרי מזון אגודה שי,IL,קבוצת יבנה מלפפונים גדולים בחומץ 7-9 גדול 560 גרם,גרמים,540.00,100 גרם,false,1,7.50,0.0139,true,1,255197
7290002057734,false,זיתים חרוזית מושחר קבוצת יבנה 275 גרם,קבוצת יבנה מוצרי מזון בעמ,IL,זיתים מושחרים ללא גלעין 540ג יבנה ח,גרמים,540.00,100 גרם,false,1,10.90,0.0202,true,1,255201
7290002128083,false,נרות חנוכה רגיל 44יח-מנורה,,,נרות חנוכה בקופסא 44 יחידות,יחידה,1.00,יחידה,false,1,6.90,6.9000,true,1,261047
7290002128205,false,נרות לא נוטפים 45יח-מנורה,,,נרות חנוכה לוקס,יחידה,1.00,יחידה,false,1,12.90,12.9000,true,1,261025
7290002128335,false,כוסות שתייה חמה50 יח,טיי פרידה,CN,כוסות שתייה חמה50 יח OZ8,יחידה,1.00,יחידה,false,1,14.90,14.9000,true,1,304916
7290002130567,false,דבש דבורים טהור פרחי בר יד מרדכי 350 גרם,מכוורת יד מרדכי שטראוס ב,IL,דבש טהור 350 גרם,גרמים,350.00,100 גרם,false,1,22.50,0.0643,true,1,255256
7290002132011,false,עוגיות מזרחיות עם שומשום עבאדי (400 גר),מאפיית יוסף ושמחה עבאדי,IL,"עבאדי עוגיות מזרחיות שומשום, 400 גרם",גרמים,400.00,100 גרם,false,1,21.90,0.0547,true,1,255259
7290002232995,false,ציפוי פז דגש 500גר ללא גלוטן.,נטורפוד בעמ,IL,בריאות וטבע ציפוי פז מתובל 500 גרם,גרמים,500.00,100 גרם,false,1,29.90,0.0598,true,1,271185
7290002331018,false,"נביעות מים עם פקק ספורט 500מ""ל",החברה המרכזית להפצת משקאות בעמ,IL,נביעות 500 פ.שטוח פיקדון,מיליליטרים,500.00,"100 מ""ל",false,1,6.90,0.0138,true,1,259382
7290002331025,false,"מים מינרלים נביעות ספורט 500 מ""ל פקדון",החברה המרכזית להפצת משקאות בעמ,IL,נביעות 500 TO GO פקדון,מיליליטרים,500.00,"100 מ""ל",false,1,6.90,0.0138,true,1,255330
7290002331094,false,"מים מינרליים GO TO נביעות 755 מ""ל",החברה המרכזית להפצת משקאות בעמ,IL,"נביעות 755 מ""ל",מיליליטרים,755.00,"100 מ""ל",false,1,7.50,0.0099,true,1,255331
7290002331124,false,נביעות+ מים מינרליים בטעם תפוח,החברה המרכזית להפצת משקאות בעמ,IL,נביעות+ בטעם תפוח 500 מל,מיליליטרים,500.00,"100 מ""ל",false,1,10.50,0.0210,true,1,262801
7290002331155,false,מים נביעות בטעם אפרסק 0.5 ליטר,החברה המרכזית להפצת משקאות בעמ,IL,"נביעות + בטעם אפרסק 500 מ""ל",מיליליטרים,500.00,"100 מ""ל",false,1,10.50,0.0210,true,1,262802
7290002331162,false,נביעות מים מינרלים 1.5ל',החברה המרכזית להפצת משקאות בעמ,,מים נביעות בקבוק 1.5 ליטר,ליטרים,1.50,ליטר,false,1,7.90,5.2667,true,1,255332
7290002331360,false,"נביעות מים מינרליים טו גו מארז 500X6מ""ל",החברה המרכזית להפצת משקאות בעמ,,"מים נביעות TO GO שישייה בקבוק 500 מ""ל",ליטרים,3.00,ליטר,false,1,17.90,5.9667,true,1,255336
7290002331421,false,"שישיית מים מינרליים GO TO נביעות 755 מ""ל",החברה המרכזית להפצת משקאות בעמ,,"מים נביעות TO-GO שישייה בקבוק 755 מ""ל",ליטרים,4.53,ליטר,false,1,23.30,5.1435,true,1,255337
7290002331490,false,מים מינרלים נביעות (1 ליטר),החברה המרכזית להפצת משקאות בעמ,IL,נביעות 1 ליטר,ליטרים,1.00,ליטר,false,1,8.00,8.0000,true,1,280429
7290002331711,false,נביעות מים מינרלים בטעם ענבים0.5ליטר,החברה המרכזית להפצת משקאות בעמ,IL,"נביעות + בטעם ענבים 500 מ""ל",מיליליטרים,500.00,"100 מ""ל",false,1,10.50,0.0210,true,1,264356
7290002348139,false,תחתיות ארטישוק ויליגר (390 גרם),נטו מילנדה סחר בעמ*,EG,ויליגר תחתיות ארטישוק במי מלח 390 גרם,גרמים,400.00,100 גרם,false,1,10.90,0.0273,true,1,255345
7290002348238,false,לפתן אננס חתוך 850 ג וויליגר,נטו מלינדה סחר בעמ,TH,ויליגר חתיכות אננס מקולפים בסירופ קל 850 גרם,גרמים,850.00,100 גרם,false,1,8.90,0.0105,true,1,260737
7290002371526,false,דקניקים סלסולי פסטרמה שום וצילי פיקנטי טירת צבי 120 גרם,תנובה מרכז שיתופי לשיווק תוצרת,IL,"דקניקים, סלסולי פסטרמה שום וצי'לי פיקנטי 120 גרם",גרמים,120.00,100 גרם,false,1,17.90,0.1492,true,1,279045
7290002371533,false,דקניקים סלסולי פסטרמה דבש טירת צבי 120 גרם,תנובה מרכז שיתופי לשיווק תוצרת,IL,סלסולי פסטרמה דבש 120 גרם,גרמים,120.00,100 גרם,false,1,17.90,0.1492,true,1,279046
7290002371540,false,דקניקים קורנדביף ללא גלוטן טירת צבי 120 גרם,תנובה מרכז שיתופי לשיווק תוצרת,IL,טירת צבי דקניקים קורנדביף 120 גרם,גרמים,120.00,100 גרם,false,1,17.90,0.1492,true,1,279047
7290002371939,false,סרוולד בסגנון צרפתי דליקטיב 120 גרם,תנובה מרכז שיתופי לשיווק תוצרת,IL,סרוולד צרפתי 120 גרם,גרמים,120.00,100 גרם,false,1,29.90,0.2492,true,1,265354
7290002488422,false,תמר מגהול פרימיום 600 גרם,דין שיווק וקליה 2021 בעמ,IL,תמר מגהול 600 גרם,גרמים,600.00,100 גרם,false,1,15.90,0.0265,true,1,311870
7290002517269,false,"פלפל שחור שלם 350 גרם ""טעם וריח""",תבליני טעם וריח בעמ,IL,תבליני טעם וריח פלפל שחור שלם 35 גרם,גרמים,35.00,100 גרם,false,1,9.90,0.2829,true,1,264128
7290002517337,false,אורגנו עלים 20 גר' טעם וריח,"תבליני טעם וריח בע""מ",IL,תבליני טעם וריח 100% אורגנו 20 גרם,גרמים,20.00,100 גרם,false,1,6.90,0.3450,true,1,263568
7290002517375,false,בזילקום עלים 30 גר' טעם וריח,"תבליני טעם וריח בע""מ",IL,"תבליני טעם וריח, 100% בזיליקום (ריחן), 30 גרם",גרמים,30.00,100 גרם,false,1,6.90,0.2300,true,1,264129
7290002517603,false,תבלין בזיליקום מיכל 10ג',"תבליני טעם וריח בע""מ",IL,"תבליני טעם וריח בזיליקום (ריחן), 10 גרם",גרמים,10.00,100 גרם,false,1,7.50,0.7500,true,1,263697
7290002517689,false,תבלין קרי 40 גרם מיכל קטן,תבליני טעם וריח בעמ,IL,תבליני טעם וריח אבקת קרי 40 גרם,גרמים,40.00,100 גרם,false,1,7.50,0.1875,true,1,263703
7290002517726,false,קינמון מקלות 15 גר' טעם וריח,"תבליני טעם וריח בע""מ",IL,תבליני טעם וריח מקלות קינמון 100%,גרמים,15.00,100 גרם,false,1,7.50,0.5000,true,1,263705
7290002517733,false,תבלין קצח טעם וריח 4,תבליני טעם וריח בעמ,IL,"תבליני טעם וריח, 100% קצח, 40 גרם",גרמים,40.00,100 גרם,false,1,7.50,0.1875,true,1,263706
7290002517863,false,תבלין ציפורן טחון 80ג',"תבליני טעם וריח בע""מ",IL,"תבליני טעם וריח, ציפורן טחון 100%, 40 גרם",גרמים,40.00,100 גרם,false,1,9.90,0.2475,true,1,263717
7290002542506,false,"בקבוק בירה קורונה 355 מ""ל",קריניציה ויטמינה אס,MX,בירה קורונה אקסטרה 355 מל,מיליליטרים,355.00,"100 מ""ל",false,1,16.90,0.0476,true,1,269437
7290002542773,false,"בירה סטלה ארטואה בקבוק 330 מ""ל","אינבב, ברוורייפליין",BE,סטלה ארטואה בק 330 מל,מיליליטרים,330.00,"100 מ""ל",false,1,14.90,0.0452,true,1,306573
7290002542780,false,"שישייה בירה סטלה ארטואה בקבוק 330X6 מ""ל","אינבב, ברוורייפליין",BE,סטלה ארטואה שישיה 6 בק*330 מל,ליטרים,1.32,ליטר,false,1,59.90,45.3788,true,1,306574
7290002551003,false,נתחי טונה בהירה בשמן סטארקיסט (160 גרם),דיפלומט מפיצים (1968) בעמ**,,טונה בשמן סטארקיסט 160 גרם,גרמים,160.00,100 גרם,false,1,8.90,0.0556,true,1,255457
7290002551010,false,נתחי טונה בהירה במים סטארקיסט (160 גרם),דיפלומט מפיצים (1968) בעמ**,TR,ס.ק טונה במים 160גרם-בי,גרמים,160.00,100 גרם,false,1,8.90,0.0556,true,1,255458
7290002627210,false,גפילטע פיש קציצות מדגי קרפיון וכסיף בצנצנת 560 גרם,האי נאם סי או אל.טי.,IL,דלידג גפילטעפיש קציצות מדגי כסיף וקרפיון 560 גרם,גרמים,560.00,100 גרם,false,1,16.90,0.0302,true,1,302575
7290002715504,false,ארוחת נודלס בטעם עוף מג`יק (70 גרם),נטו מלינדה סחר בע`מ,SG,תבשיל מגיק בכוס עוף 70 גרם,גרמים,70.00,100 גרם,false,1,6.90,0.0986,true,1,255497
7290002715511,false,ארוחת נודלס בטעם בשר מג`יק (70 גרם),נטו מילנדה סחר בעמ*,SG,תבשיל מגיק בכוס בקר 70 גרם,גרמים,70.00,100 גרם,false,1,6.90,0.0986,true,1,255498
7290002715528,false,ארוחת נודלס בטעם ירקות מג`יק (70 גרם),נטו מילנדה סחר בעמ*,SG,ארוחת ירקות - בטעם ירקות,גרמים,70.00,100 גרם,false,1,6.90,0.0986,true,1,255499
7290002715580,false,ארוחת נודלס בטעם סיני חריף מג'יק 70 גרם,נטו מילנדה סחר בעמ*,SG,תבשיל מגיק בכוס ירקות סיני 70 גרם,גרמים,70.00,100 גרם,false,1,6.90,0.0986,true,1,255500
7290002730262,false,נוזל לניקוי כלים קלאסי פלמוליב (750 מל),יבואן ומשווק: ש. שסט,GR,פלמוליב נוזל לניקוי כלים קלאסי 750 מל,מיליליטרים,750.00,"100 מ""ל",false,1,13.90,0.0185,true,1,255524
7290002730521,false,צימרוני אוזניים בלונס בקופסא 200 יח',ש. שסטוביץ בע`מ,GR,בלונס מקלות אוזניים כותנה 200 יח,גרמים,66.00,100 גרם,false,1,8.90,0.1348,true,1,255526
7290002730675,false,"קולגייט משחת שיניים אדומה משפחתי 100 מ""ל",קולגייט-פלמוליב,PL,"משחת שיניים קולגייט אדומה 100 מ""ל",מיליליטרים,100.00,"100 מ""ל",false,1,9.90,0.0990,true,1,255529
7290002730958,false,סבון מוצק בניחוח זיתים ואלוורה פלמוליב 4*100 גרם,הנסיך- מפעל לייצור ט,TR,סבון מוצק בניחוח זיתים ואלוורה פלמוליב 4 יחידות,גרמים,400.00,100 גרם,false,1,19.90,0.0497,true,1,255535
7290002752332,false,"סוכריות מנטוס פירות בגליל, 37.5 גרם",הדקלאים אגודת שיתופי,NL,מנטוס סוכריות לעיסה בטעם פירות 37.5 גרם,גרמים,38.00,100 גרם,false,1,5.00,0.1316,true,1,255538
7290002752349,false,סוכריות מנטוס מנטה 40יח' בגליל 38ג',ליימן שליסל בעמ,NL,גליל מנטוס סוכריות לעיסה בטעם מנטה,גרמים,38.00,100 גרם,false,1,5.00,0.1316,true,1,258462
7290002771111,false,.קפה אלנחילה 250 גר עם הל,קפה אל נחלה בני רפיק,IL,אל נחל'ה קפה קלוי וטחון עם הל 250 גרם,גרמים,250.00,100 גרם,false,1,19.90,0.0796,true,1,255546
7290002771128,false,קפה אלנח'לה בלי הל 250 ג',קפה אל נחלה בני רפיק,IL,קפה תורכי נחלה 250 גרם,גרמים,250.00,100 גרם,false,1,18.90,0.0756,true,1,259828
7290002824183,false,"גבינה לבנה סקי 500 גרם 5% ""שטראוס"" -מוצר בפיקוח",שטראוס גרופ בעמ/מצונן,IL,סקי משפחתי 5%,גרמים,500.00,100 גרם,false,1,9.96,0.0199,true,1,255578
7290002824640,false,"גבינת סקי 250 גרם 5% ""שטראוס"" -מוצר בפיקוח",שטראוס גרופ בעמ/מצונן,IL,סקי 5% 250 גרם,גרמים,250.00,100 גרם,false,1,4.98,0.0199,true,1,255581
7290002871248,false,"בירה טובורג רד בקבוק 500 מ""ל חוזר",החברה המרכזית להפצת משקאות בעמ,IL,"טובורג מלא חוזר חדש 500 מ""ל",מיליליטרים,500.00,"100 מ""ל",false,1,10.50,0.0210,true,1,255624
7290002871361,false,"בירה קרלסברג בקבוק 500 מ""ל חוזר",החברה המרכזית להפצת משקאות בעמ,IL,קלסברג בירה 500 מל,מיליליטרים,500.00,"100 מ""ל",false,1,9.90,0.0198,true,1,255626
7290002879640,false,וופל בלגי 100 גרם פלוטקין,ביסקוטר,BE,וופל בלגי 100 גרם פלוטקין,גרמים,100.00,100 גרם,false,1,8.90,0.0890,true,1,310894
7290002900092,false,סטייק בורגר טירת צבי,הנסיך- מפעל לייצור ט,IL,סטייק בורגר מבשר בקר 400 גר',גרמים,400.00,100 גרם,false,1,24.90,0.0622,true,1,260204
7290002900207,false,המבורגר אמיתי 100% 400 גרם-תנובה,הנסיך- מפעל לייצור ט,IL,המבורגר אמיתי 100% בקר 400 גרם,גרמים,400.00,100 גרם,false,1,24.90,0.0622,true,1,255666
7290002900214,false,קבב מזרחי טירת צבי 4,טיב טירת צבי 2000,IL,קבב מזרחי 400 גרם,גרמים,450.00,100 גרם,false,1,24.90,0.0553,true,1,255667
7290002929536,false,שלושת האופים קובה למ,האי נאם סי או אל.טי.,IL,"קובה למרק 600 גר """,גרמים,600.00,100 גרם,false,1,17.90,0.0298,true,1,280455
7290002929635,false,טונה ויליגר במים 140 גרם,נטו מילנדה סחר בעמ*,IL,ויליגר נתחי טונה בהירה בשמן 140 גרם,גרמים,140.00,100 גרם,false,1,5.90,0.0421,true,1,285849
7290002929642,false,נתחי טונה בהירה בשמן ויליגר (140x4 גרם),דיאמנט פוד פרודקט קו,TH,ויליגר נתחי טונה בהירה בשמן 560 גרם,גרמים,560.00,100 גרם,false,1,21.90,0.0391,true,1,281273
7290003009312,false,בוטן קלוי 200 גרם שקית קליית גת,הדקלאים אגודת שיתופי,IL,בוטן קלוי 200 גר' שק',גרמים,200.00,100 גרם,false,1,9.90,0.0495,true,1,258539
7290003009329,false,בוטנים אמריקאיים קליית גת (200 גרם),הדקלאים אגודת שיתופי,IL,בוטן אמריק'200 גר'שק (ב(24,גרמים,200.00,100 גרם,false,1,8.90,0.0445,true,1,258464
7290003009336,false,קבוקים קליית גת (200 גרם),הדקלאים אגודת שיתופי,IL,קבוקים 200 גר'שק'ב24,גרמים,200.00,100 גרם,false,1,8.90,0.0445,true,1,259271
7290003029181,false,משקה יטבתה שוקו' בקבוק 1ל מהדרין,שטראוס גרופ בעמ/מצונן,IL,שוקו 1 ליטר,ליטרים,1.00,ליטר,false,1,12.90,12.9000,true,1,255810
7290003029372,false,יטבתה משקה בטעם בננה %3 בקבוק 1 ליטר,שטראוס גרופ בעמ/מצונן,IL,בננה 1 ליטר,ליטרים,1.00,ליטר,false,1,12.90,12.9000,true,1,255813
7290003029389,false,"משקה חלב בננה פקק ספורט 250 מ""ל יוטבתה",שטראוס גרופ בעמ/מצונן,IL,בננה פקק 250*12,מיליליטרים,250.00,"100 מ""ל",false,1,7.50,0.0300,true,1,255814
7290003029433,false,"משקה יטבתה שוקו פקק 250 מ""ל מהדרין",שטראוס גרופ בעמ/מצונן,IL,"שוקו פקק 250 מ""ל",מיליליטרים,250.00,"100 מ""ל",false,1,7.50,0.0300,true,1,255816
7290003029907,false,משקה חלב אייס קפה 2% יטבתה (1 ליטר,שטראוס גרופ בעמ/מצונן,IL,אייס קפה 1 ליטר,ליטרים,1.00,ליטר,false,1,12.90,12.9000,true,1,262823
7290003047642,false,תה שחור יילו לייבל 100*1.5 ג' שקיק ליפטון,"יוניליוור ישראל שיווק בע""מ",RU,תה שחור יילו לייבל,גרמים,150.00,100 גרם,false,1,19.90,0.1327,true,1,255830
7290003054183,false,מסטמכר לחם שיפון מלא 500ג,דיפלומט מפיצים (1968) בעמ**,DE,לחם שיפון מסטמכר 500 גרם,גרמים,500.00,100 גרם,false,1,14.50,0.0290,true,1,255838
7290003055128,false,טישו פיור 100 יח,חיי נייר,IL,טישו פיור 100 יח,יחידה,1.00,יחידה,false,1,3.90,3.9000,true,1,303255
7290003060009,false,"קמח חיטה לבן בהיר טחנות ישראליות 1 ק""ג",טחנות ישראליות,,"קמח חיטה לבן 1 ק""ג סוגת",קילוגרמים,1.00,"ק""ג",false,1,6.70,6.7000,true,1,255850
7290003060023,false,"סולת חיטה 1 ק""ג מטחנות ישראליות",טחנות ישראליות,,"סולת חיטה 1 ק""ג טחנות ישראליות",קילוגרמים,1.00,"ק""ג",false,1,5.90,5.9000,true,1,255851
7290003060276,true,קמח בהיר מנופה,,,קמח בהיר מנופה,קילוגרמים,1.00,"ק""ג",false,1,8.50,8.5000,true,1,306753
7290003072859,false,רוסטביף טירת צבי 120 גרם,הנסיך- מפעל לייצור ט,IL,טירת צבי דלקטיב רוסטביף 120 גרם,מיליליטרים,120.00,"100 מ""ל",false,1,29.90,0.2492,true,1,303381
7290003102136,false,צמר גפן COTTON SOFT רפואי 100 גר' 3102136,הדקלאים אגודת שיתופי,TR,צמר גפן מכותנה טבעית 100 גרם,גרמים,100.00,100 גרם,false,1,5.90,0.0590,true,1,272587
7290003131006,false,בונדוק טיבעי במשקל,אוליבלס SA,,בונדוק טיבעי במשקל,קילוגרמים,1.00,"ק""ג",true,,90.00,90.0000,true,1,295984
7290003131266,false,גרעין שחור קלוי,אוליבלס SA,,גרעין שחור קלוי במשקל,קילוגרמים,1.00,"ק""ג",true,,48.00,48.0000,true,1,295908
7290003131310,false,בוטנים טיבעי במשקל,אוליבלס SA,,בוטנים טיבעי במשקל,קילוגרמים,1.00,"ק""ג",true,,38.00,38.0000,true,1,295990
7290003143146,false,ממרח תמרים קליית גת (450 גרם),הדקלאים אגודת שיתופי,IL,ממרח תמרים קלית גת 450 גר',גרמים,450.00,100 גרם,false,1,6.90,0.0153,true,1,297728
7290003144310,false,תערובת אגוזים וחמוציות קליית גת 150 גרם,ליימן שליסל בעמ,IL,תע'אגוזים וחמוציות 150 גר,גרמים,150.00,100 גרם,false,1,22.90,0.1527,true,1,290049
7290003145560,false,ק.גת שקדים קלויים100,ליימן שליסל,IL,שקד קלוי 100 גר',גרמים,100.00,100 גרם,false,1,14.90,0.1490,true,1,294208
7290003145577,false,ק.גת קשיו קלויים 100,ליימן שליסל,IL,קשיו קלוי 100 גרם,גרמים,100.00,100 גרם,false,1,14.90,0.1490,true,1,294207
7290003145584,false,ק.גת פיסטוק קלוי 100,קוד יצרן JG,IL,קליית גת פיסטוק קלוי 100 גרם,גרמים,100.00,100 גרם,false,1,14.90,0.1490,true,1,294206
7290003145751,false,אגוזי קשיו קלויים קליית גת (200 גרם),הדקלאים אגודת שיתופי,IL,"קליית גת אגוזי קלויים, 200 גרם",גרמים,200.00,100 גרם,false,1,24.90,0.1245,true,1,266316
7290003145768,false,בוטנים אמריקאיים 50גר קליית גת,ששון ושות;#039& )ש.ת. תע,IL,בוטן אמריקאי 50X42 גר',גרמים,50.00,100 גרם,false,1,3.00,0.0600,true,1,265672
7290003145959,false,פקאן טבעי קליית גת 150 גרם,ליימן שליסל בעמ,IL,פקאן טבעי 150 גרם,יחידה,150.00,יחידה,false,1,26.90,0.1793,true,1,266685
7290003158973,false,פיתה פרנה גדרון א.ק,מאפיית אורן משי,,פיתה פרנה גדרון א.ק,יחידה,1.00,יחידה,false,1,4.90,4.9000,true,1,273175
7290003185726,false,קבב מזרחי טיבון ויל 500 גרם,טיבון ויל אחזקות בעמ,IL,קבב מזרחי 500 גרם,גרמים,500.00,100 גרם,false,1,23.90,0.0478,true,1,255919
7290003192013,false,רביולי {בוטן בטעם גר,אוליבלס SA,,רביולי {בוטן בטעם גריל} במשקל,קילוגרמים,1.00,"ק""ג",true,,80.00,80.0000,true,1,296036
7290003192014,false,פקאן טיבעי במשקל,אוליבלס SA,,פקאן טיבעי במשקל,קילוגרמים,1.00,"ק""ג",true,,150.00,150.0000,true,1,295983
7290003192022,false,בוטנים אמריקאים במשק,אוליבלס SA,,בוטנים אמריקאים במשקל,קילוגרמים,1.00,"ק""ג",true,,39.00,39.0000,true,1,296038
7290003192558,false,בוטנים מולבנים,אוליבלס SA,,בוטנים מולבנים במשקל,קילוגרמים,1.00,"ק""ג",true,,29.00,29.0000,true,1,295991
7290003208890,false,"וודקה פינלנדיה 200 מ""ל",בראון פורמן,,"וודקה פינלנדיה 200 מ""ל",מיליליטרים,200.00,"100 מ""ל",false,1,39.90,0.1995,true,1,274064
7290003211302,false,גרעין לבן קלוי,אוליבלס SA,,גרעין לבן קלוי במשקל,קילוגרמים,1.00,"ק""ג",true,,49.00,49.0000,true,1,295909
7290003211319,false,קבוקים מסוכר,אוליבלס SA,,קבוקים במשקל,קילוגרמים,1.00,"ק""ג",true,,48.00,48.0000,true,1,295918
7290003211388,false,סוכריות במשקל,אוליבלס SA,,סוכריות במשקל,קילוגרמים,1.00,"ק""ג",true,,49.00,49.0000,true,1,295995
7290003211975,false,קשיו קלוי,אוליבלס SA,,קשיו קלוי במשקל,קילוגרמים,1.00,"ק""ג",true,,130.00,130.0000,true,1,295907
7290003211982,false,מנציס,אוליבלס SA,,מנציס במשקל,קילוגרמים,1.00,"ק""ג",true,,80.00,80.0000,true,1,295911
7290003211999,false,פקאן סיני,אוליבלס SA,,פקאן סיני במשקל,קילוגרמים,1.00,"ק""ג",true,,145.00,145.0000,true,1,295920
7290003213016,false,חטיף אורז חריף,אוליבלס SA,,חטיף אורז חריף במשקל,קילוגרמים,1.00,"ק""ג",true,,69.00,69.0000,true,1,295912
7290003213030,false,גרעין אבטיח קלוי,אוליבלס SA,,גרעין אבטיח קלוי במשקל,קילוגרמים,1.00,"ק""ג",true,,80.00,80.0000,true,1,295910
7290003213108,false,פול קליפה קלוי מטוגן,אוליבלס SA,,פול קליפה קלוי מטוגן,קילוגרמים,1.00,"ק""ג",true,,60.00,60.0000,true,1,295913
7290003213375,false,שקד טבעי במשקל,אוליבלס SA,,שקד טבעי במשקל,קילוגרמים,1.00,"ק""ג",true,,89.00,89.0000,true,1,295981
7290003213382,false,אגוז מלך במשקל,אוליבלס SA,,אגוז מלך במשקל,קילוגרמים,1.00,"ק""ג",true,,55.00,55.0000,true,1,295982
7290003213450,false,תמר מגהול במשקל,אוליבלס SA,IL,תמר מגהול במשקל,קילוגרמים,1.00,"ק""ג",true,,65.00,65.0000,true,1,295888
7290003213702,false,קשיו טיבעי במשקל,אוליבלס SA,,קשיו טיבעי במשקל,קילוגרמים,1.00,"ק""ג",true,,89.00,89.0000,true,1,295987
7290003213740,false,שקד קלוי,אוליבלס SA,,שקד קלוי במשקל,קילוגרמים,1.00,"ק""ג",true,,130.00,130.0000,true,1,295905
7290003213825,false,פיסטוק קלוי במשקל,אוליבלס SA,,פיסטוק קלוי במשקל,קילוגרמים,1.00,"ק""ג",true,,109.00,109.0000,true,1,295906
7290003229109,false,פסטרמה הודו בפפריקה טירת צבי (400 גרם),תנובה מרכז שיתופי לשיווק תוצרת,IL,נקניק הודו אפוי לח בתיבול פפריקה,גרמים,400.00,100 גרם,false,1,32.90,0.0822,true,1,255967
7290003229116,false,פסטרמה הודו בדבש שומן טירת צבי 400 גרם,תנובה מרכז שיתופי לשיווק תוצרת,IL,פסטרמה בדבש טירת צבי 400 גרם,גרמים,400.00,100 גרם,false,1,32.90,0.0822,true,1,255968
7290003229123,false,פסטרמה הודו על גחלים 2% טירת צבי 400 גרם,תנובה מרכז שיתופי לשיווק תוצרת,IL,א.מ פסטרמה גחלים 400 גרם,גרמים,400.00,100 גרם,false,1,32.90,0.0822,true,1,255969
7290003229154,false,נקניק סלמי קוניאק טירת צבי 300 גרם,תנובה מרכז שיתופי לשיווק תוצרת,IL,סלמי קוניאק 300 גרם,גרמים,300.00,100 גרם,false,1,33.90,0.1130,true,1,255971
7290003229192,false,נקניק כתף בקר מעושן 2% טירת צבי 400 גרם,תנובה מרכז שיתופי לשיווק תוצרת,IL,"טירת צבי, פסטרמה כתף בקר מעושנת 400 גרם",גרמים,400.00,100 גרם,false,1,35.90,0.0897,true,1,255972
7290003268733,false,לחמניה שמינית 125 גר,דגנית עין בר ~~~,,לחמניה שמינית 125 גרם,גרמים,125.00,100 גרם,false,1,3.90,0.0312,true,1,261808
7290003268740,false,לחם אחיד 750 גרם,דגנית עין בר,,לחם אחיד 750 גרם,גרמים,750.00,100 גרם,false,1,5.12,0.0068,true,1,261809
7290003321155,false,יוגורט בר עם פקאן מצופה שוקולד 183 ג' דנונה,שטראוס גרופ בעמ/מצונן,IL,דנונה קראנצ פקאן,גרמים,175.00,100 גרם,false,1,6.20,0.0354,true,1,255990
7290003400500,false,חטיף הרשי ריזס נאטרייגיס 47 גרם,ליימן מותגים,,שוקולד ריזס קרמל עם בוטנים 47 גרם,גרמים,47.00,100 גרם,false,1,7.90,0.1681,true,1,279366
7290003401369,false,"קרם לחות לשיער חוחובה נטורל פורמולה 400 מ""ל",החברה הדרומית לשיווק בעמ,IL,קרם לחות קלאסי חוחובה,מיליליטרים,400.00,"100 מ""ל",false,1,25.00,0.0625,true,1,256022
7290003401420,false,"קרם לחות לשיער סיליקון כתום נטורל 400 מ""ל",החברה הדרומית לשיווק בעמ,IL,קרם לחות והעיצוב לכל סוגי השיער סיליקון 400 מל,מיליליטרים,400.00,"100 מ""ל",false,1,29.90,0.0747,true,1,256024
7290003402809,false,חטיף הרשי ריזס שוקולד לבן 39 גר,ליימן מותגים,,שוקולד ריזס לבן 39 ג,גרמים,39.00,100 גרם,false,1,7.90,0.2026,true,1,305624
7290003411689,false,לפתניות פלסטיק חד פעמיות 25 יח`,הנמל אריזות ושיווק (1984) בעמ,IL,הנמל ליפתניות 25 יחידות,יחידה,1.00,יחידה,false,1,5.90,5.9000,true,1,258880
7290003411993,false,גפרורים הנמל 10 יחידות,הנמל אריזות ושיווק (1984) בעמ,SE,הנמל גפרורים 10 יחידות,לא מנהל יחידת מידה,0.00,לא מנהל יחידת מידה,false,1,6.00,0.0000,true,1,261702
7290003423909,false,חטיף קוקיס אנד קרים לבן 43 גרם,ליימן מותגים,,שוקולד הרשיז קוקיז אנד קרים 43 גרם,גרמים,43.00,100 גרם,false,1,7.90,0.1837,true,1,279587
7290003444009,false,הרשי ריזס חטיף במילוי בוטנים 42 גרם,ליימן מותגים,,שוקולד ריזס חלב 42 גרם,גרמים,42.00,100 גרם,false,1,7.90,0.1881,true,1,279589
7290003450602,false,חרדל אמיתי צהוב בקבוק לחיץ 255 גר,היינץ צפון אמריקה מקבוצת ה.י.היינץ,US,היינץ חרדל לחיץ 255 גרם,גרמים,255.00,100 גרם,false,1,12.90,0.0506,true,1,256055
7290003457861,false,"סולרו בטעם פירות טרופיים ""שטראוס""","מיוצר ע""\י גלידת שטראוס",IL,סולרו שלגון סולרו וניל ופירות טרופיים 76 גרם,גרמים,85.00,100 גרם,false,1,12.90,0.1518,true,1,256074
7290003495030,false,מאפה שקדים פרווה,"גידרון תעשיות בע""מ",,מאפה שקדים פרווה,קילוגרמים,1.00,"ק""ג",true,,44.90,44.9000,true,1,273589
7290003521760,false,"אפטרסול ג'ל אלוורה שפורפרת ד""ר פישר 200 מ""ל","פישר תעשיות פרמצביטות בע""מ",IL,"אפטרסול ג""ל אלוורה 200 מ""ל",מיליליטרים,200.00,"100 מ""ל",false,1,29.90,0.1495,true,1,259243
7290003578153,false,נתחי טונה בהירה בשמן וילי פוד 160 גר,גולדן פרייז קאנינג א,TH,וילי פוד נתחי טונה בשמן צמחי 160 גרם,גרמים,160.00,100 גרם,false,1,6.90,0.0431,true,1,256125
7290003643004,false,אורז בסמטי קלאסי סוגת (1 קג),האי נאם סי או אל.טי.,IL,"אורז בסמטי קלאסי 1 ק""ג",קילוגרמים,1.00,"ק""ג",false,1,16.90,16.9000,true,1,256159
7290003643134,false,סוכר וניל סוגת 100 גרם מארז 10 יחידות,גוד פוד פרודקטס S.p,IL,סוכר וניל סוגת 10 גרם,גרמים,100.00,100 גרם,false,1,3.70,0.0370,true,1,263982
7290003643158,false,קורנפולר שקית 200 ג' סוגת,סוגת תעשיות בעמ,IL,סוגת קורנפלור 200 גרם,גרמים,200.00,100 גרם,false,1,4.50,0.0225,true,1,256160
7290003643387,false,"סוכר אריזת פלסטיק 1 ק""ג סוגת",האי נאם סי או אל.טי.,IL,"סוכר 1 ק""ג בצנצנת",קילוגרמים,1.00,"ק""ג",false,1,10.90,10.9000,true,1,256162
7290003643646,false,"סוכר דמררה קלאסי בצנצנת סוגת 1 ק""ג",האי נאם סי או אל.טי.,IL,סוכר דמררה צנצנת 1 קג,קילוגרמים,1.00,"ק""ג",false,1,13.90,13.9000,true,1,256163
7290003643684,false,אפונה יבשה סוגת 500 גר',האי נאם סי או אל.טי.,IL,אפונה 500 גרם,גרמים,500.00,100 גרם,false,1,7.90,0.0158,true,1,263130
7290003643714,false,חומוס גרגירים 500 גרם סוגת,האי נאם סי או אל.טי.,IL,חומוס 500 גרם,גרמים,500.00,100 גרם,false,1,9.90,0.0198,true,1,264000
7290003643738,false,חיטה סוגת (500 גרם),האי נאם סי או אל.טי.,IL,חיטה 500 גרם,גרמים,500.00,100 גרם,false,1,6.50,0.0130,true,1,264002
7290003643752,false,עדשים ירוקים יבש סוגת 500 גר',האי נאם סי או אל.טי.,IL,עדשים ירוקות 500 גר',גרמים,500.00,100 גרם,false,1,9.90,0.0198,true,1,264114
7290003643776,false,"פופקורן גרעינים סוגת 500 ג' כשל""פ",האי נאם סי או אל.טי.,IL,פופקורן 500 גרם,גרמים,500.00,100 גרם,false,1,6.90,0.0138,true,1,263998
7290003643783,false,קוקוס טחון סוגת 100 גרם,האי נאם סי או אל.טי.,IL,קוקוס 100 גרם,גרמים,100.00,100 גרם,false,1,4.50,0.0450,true,1,262280
7290003643806,false,שעועית לבנה יבשה סוגת (500 גרם),האי נאם סי או אל.טי.,IL,שעועית לבנה 500 גרם,גרמים,500.00,100 גרם,false,1,13.90,0.0278,true,1,263453
7290003643813,false,שעועית אדומה יבשה סוגת 500 גר',האי נאם סי או אל.טי.,IL,שעועית אדומה 500 גרם,גרמים,500.00,100 גרם,false,1,12.90,0.0258,true,1,264003
7290003726615,false,"טופו ויילר 300 גרם ""שטראוס""",שטראוס גרופ בעמ/מצונן,IL,טופו ויילר 300 גרם,גרמים,300.00,100 גרם,false,1,13.90,0.0463,true,1,302033
7290003775010,false,משקפי שמש GREEN WITH,,,משקפי שמש GREEN WITH GOLD MIRROR,יחידה,1.00,יחידה,false,1,59.90,59.9000,true,1,296410
7290003775011,false,משקפי שמש GREEN,,,משקפי שמש GREEN,יחידה,1.00,יחידה,false,1,59.90,59.9000,true,1,296411
7290003775040,false,משקפי שמש BLACK,,,משקפי שמש BLACK,יחידה,1.00,יחידה,false,1,59.90,59.9000,true,1,296397
7290003775041,false,משקפי שמש BROWN,,,משקפי שמש BROWN,יחידה,1.00,יחידה,false,1,59.90,59.9000,true,1,296405
7290003775050,false,משקפי שמש MIRROR,,,משקפי שמש MIRROR,יחידה,1.00,יחידה,false,1,59.90,59.9000,true,1,296407
7290003775051,false,משקפי שמש G15,,,משקפי שמש G15,יחידה,1.00,יחידה,false,1,59.90,59.9000,true,1,296408
7290003775052,false,משקפי שמש BLACK,,,משקפי שמש BLACK,יחידה,1.00,יחידה,false,1,59.90,59.9000,true,1,296401
7290003779499,false,גינגר ארוז 200 גרם,"מרינה פטריות הגליל בע""מ",IL,גינגר טרי יח,גרמים,200.00,100 גרם,false,1,16.90,0.0845,true,1,269707
7290003805501,false,"פתית בסגנון שוודי תלמה בד""צ 300 גרם",יוניליוור ישראל שיווק בע`מ,IL,פתית שוודי קרקר דגנים פריך בסגנון שוודי,גרמים,300.00,100 גרם,false,1,18.20,0.0607,true,1,260186
7290003807482,false,קנור רוטב טריאקי מופחת נתרן 370 גרם,"יוניליוור ישראל שיווק בע""מ",IL,קנור רוטב טריאקי 370 גרם,מיליליטרים,300.00,"100 מ""ל",false,1,13.90,0.0463,true,1,264042
7290003882922,false,עלי גפן ממולאים באורז וילי פוד 360 גרם,ג. וילי-פוד אינטרנשיונל בע`מ,CN,ויליפוד עלי גפן ממולאים באורז 400 גרם,גרמים,400.00,100 גרם,false,1,9.90,0.0248,true,1,256274
7290003896141,false,חטיף ספרדי פיקנטי אלמנדוס 200 גרם,הדקלאים אגודת שיתופי,IL,אלמנדוס 200 גרם (ב(12,גרמים,200.00,100 גרם,false,1,10.90,0.0545,true,1,266673
7290003989539,false,רביולי עם גבינה שטראוס (400 גרם),שטראוס גרופ בעמ/מצונן,IL,רביולי גבינה 400 גרם,גרמים,400.00,100 גרם,false,1,22.90,0.0572,true,1,256304
7290004011796,false,קבבונים בקר קפוא אל גאוצ''ו 400ג',"טיבון ויל אחזקות בע""",IL,אל גאוצו קבבונים 400 גרם,גרמים,400.00,100 גרם,false,1,24.90,0.0622,true,1,269599
7290004011802,false,נקניקיות צ'וריסוס אל גאוצ'ו 400 גר',טיבון ויל אחזקות בעמ,IL,אל גאוצ'ו נקניות צ'וריסוס 400 גרם,גרמים,400.00,100 גרם,false,1,24.90,0.0622,true,1,269600
7290004014407,false,עדשי מ&מ'ס חמאת בוטנים46,מרס נדרלנד,,סוכריות שוקולדM&M חמאת בוטנים 46 גרם,גרמים,46.00,100 גרם,false,1,5.90,0.1283,true,1,288775
7290004063016,false,מלח שולחן מעולה סלית (1 קג)פיקוח,האי נאם סי או אל.טי.,IL,מלח שולחן,קילוגרמים,1.00,"ק""ג",false,1,2.07,2.0700,true,1,256393
7290004063115,false,"מלח מטבח עבה להמלחת בשר ובישול 1 ק""ג 1ק""ג",האי נאם סי או אל.טי.,IL,מלח מטבח,קילוגרמים,1.00,"ק""ג",false,1,2.07,2.0700,true,1,256394
7290004064082,false,מטחנה מלח ים טבעי מלח הארץ 100 גרם,חברת מלח הארץ אילת ב,IL,מטחנת מלח ים 250 גרם,גרמים,250.00,100 גרם,false,1,13.90,0.0556,true,1,290164
7290004064099,false,מטחנה מלח ים מהרי ההימלאיה מלח הארץ 100 גרם,"חברת מלח הארץ אילת בע""\מ",IL,מטחנת מלח הימלאיה 300 גרם,גרמים,250.00,100 גרם,false,1,18.90,0.0756,true,1,290162
7290004068172,false,"יוגורט עיזים בדלי 5% 600 מ""ל רובין",מחלבות גד שיווק 1992 בעמ,IL,גד יוגורט חלב עיזים 2.8% 600 גרם,גרמים,600.00,100 גרם,false,1,18.90,0.0315,true,1,276526
7290004078225,false,"שטיפת פה קולגייט פלקס מינט ירוק 500מ""ל",קולגייט- פלמוליב,PL,קולגייט מי פה פלאקס מנטה מרענן ירוק 500 מל,מיליליטרים,500.00,"100 מ""ל",false,1,34.90,0.0698,true,1,256396
7290004078942,false,ליידי ספיד סטיק - דאודורנט ג'ל לאישה 65 גרם,קולגייט-פלמוליב,US,"ליידי ספיד סטיק ג""ל כתום",גרמים,63.00,100 גרם,false,1,26.90,0.4270,true,1,256400
7290004119225,false,יוגורט יופלה אננס 3% שומן 150 גרם,תנובה מרכז שיתופי לש,IL,יופלה יוגורט אננס 3% גביע 150 גרם,גרמים,150.00,100 גרם,false,1,5.70,0.0380,true,1,256409
7290004119928,false,מעדן חלב בטעם וניל 2% קרלו תנובה 125 גרם,מחלבת אלון תבור,IL,קרלו מעדן וניל רביעיות גביע 125 1.5%,גרמים,125.00,100 גרם,false,1,3.30,0.0264,true,1,256411
7290004119973,false,קרלו מעדן שוקו רביעיה גביע 1.5% 125 גרם,תנובה מרכז שיתופי לש,IL,קרלו מעדן שוקו רביעיה גביע 125 גרם 1.5%,גרמים,125.00,100 גרם,false,1,3.30,0.0264,true,1,256412
7290004120566,false,גבינה בולגרית (25024% גרם)פיראוס תנובה,"תנובה בע""מ ***",IL,פיראוס בולגרית 24% שומן 250 גרם,גרמים,250.00,100 גרם,false,1,25.90,0.1036,true,1,256416
7290004120573,false,גבינה בולגרית (25016% גרם)פיראוס תנובה,תנובה מרכז שיתופי לש,IL,גבינה בולגרית מלוחה 16% שומן,גרמים,250.00,100 גרם,false,1,25.90,0.1036,true,1,256417
7290004120634,false,גבינה בולגרית (2505% גרם)פיראוס תנובה,תנובה מרכז שיתופי לש,IL,פיראוס גבינה בולגרית 5% שומן,גרמים,250.00,100 גרם,false,1,25.90,0.1036,true,1,256418
7290004121853,false,גבינה בולגרית קוביות (2005% גרם)פיראוס,תנובה מרכז שיתופי לש,IL,פירוס בולגרית קוביות 5% 200 גרם,גרמים,200.00,100 גרם,false,1,24.90,0.1245,true,1,256423
7290004122119,false,פתיתי פרמזן לפסטה 23% השף הלבן 100 גרם,"תנובה בע""מ ***",IL,תנובה השף הלבן פתיתי גבע פרמזן 23% שומן,גרמים,100.00,100 גרם,false,1,14.90,0.1490,true,1,260073
7290004122195,false,גוש חלב גבינה צהובה פרוסה 28% תנובה 200 גרם,"תנובה בע""מ ***",IL,גוש חלב פרוסות גבינה צהובה חצי קשה 28% שומן מהדרין,גרמים,200.00,100 גרם,false,1,15.90,0.0795,true,1,259941
7290004122270,false,עמק קלאסית פרוסות גבינה חצי קשה 28% 200 גרם,תנובה מרכז שיתופי לש,IL,עמק קלאסית פרוסות גבינה חצי קשה 28% 200 גרם,גרמים,200.00,100 גרם,false,1,18.90,0.0945,true,1,256424
7290004122348,false,גבינה צהובה מופחתת שומן 9% עמק (200 גרם),תנובה מרכז שיתופי לש,IL,עמק גבינה צהובה חצי קשה 9% מופחתת שומן,גרמים,200.00,100 גרם,false,1,18.90,0.0945,true,1,256425
7290004124205,false,יופלה דיאט יוגורט תות %0 גביע 150 גרם,תנובה מרכז שיתופי לש,IL,יופלה דיאט יוגורט תות %0 גביע 150 גרם,גרמים,150.00,100 גרם,false,1,6.00,0.0400,true,1,256430
7290004125370,false,"שמנת חמוצה 9% מופחתת שומן תנובה 200 מ""ל מהדרין",תנובה מרכז שיתופי לש,IL,תנובה שמנת חמוצה מופחתת שומן,מיליליטרים,200.00,"100 מ""ל",false,1,4.00,0.0200,true,1,256434
7290004125400,false,"אשל שלי מהדרין 200 מ""ל 4.5% ""תנובה""- מוצר בפיקוח",פארייפאבה אגרואינדוס,IL,תנובה אשל לבן 4.5% שומן,מיליליטרים,200.00,"100 מ""ל",false,1,1.69,0.0084,true,1,256435
7290004125417,false,"גיל 3% שלי 200 מ""ל ""תנובה"" -מוצר בפיקוח",תנובה מרכז שיתופי לש,IL,תנובה גיל לבן 3% 206 גרם,מיליליטרים,200.00,"100 מ""ל",false,1,1.51,0.0076,true,1,256436
7290004125455,false,"שמנת חמוצה 200 מ""ל 15% ""תנובה"" -מוצר בפיקוח",תנובה מרכז שיתופי לש,IL,שמנת אורגינל 15% שומן 200 מל,מיליליטרים,200.00,"100 מ""ל",false,1,2.40,0.0120,true,1,256437
7290004125509,false,"שמנת חמוצה 15% מועשרת תנובה 100 מ""ל",תנובה מרכז שיתופי לש,IL,תנובה שמנת 15% חצי מנה 100 מל,מיליליטרים,100.00,"100 מ""ל",false,1,1.90,0.0190,true,1,256438
7290004125578,false,משקה סויה מועשר בסידן 1 ל`תנובה,תנובה מרכז שיתופי לש,IL,משקה סויה מועשר בסידן 1 ליטר,ליטרים,1.00,ליטר,false,1,12.90,12.9000,true,1,256439
7290004125585,false,משקה סויה בטעם וניל תנובה 1 ליטר,תנובה מרכז שיתופי לש,IL,משקה סויה על הבוקר וניל 1 ליטר,ליטרים,1.00,ליטר,false,1,13.50,13.5000,true,1,256440
7290004125721,false,"השף הלבן שמנת עמידה לבישול 15% תנובה 250 מ""ל",תנובה מרכז שיתופי לש,IL,"השף הלבן שמנת לבישול ,שמנת עמידה לבישול 15% 250 מל",מיליליטרים,250.00,"100 מ""ל",false,1,9.20,0.0368,true,1,256441
7290004125738,false,שמנת מתוקה להקצפה32% 250מל עמיד השף הלבן,תנובה מרכז שיתופי לש,IL,"שמנת להקצפה 32% 250 מ""ל",מיליליטרים,250.00,"100 מ""ל",false,1,7.90,0.0316,true,1,256442
7290004126759,false,דאיט יופלה פירות יער טו יוג פרי 150גר.,"תנובה בע""מ ***",IL,יופלה דיאט פירות יער %0 גביע 150 גרם,גרמים,150.00,100 גרם,false,1,6.00,0.0400,true,1,256445
7290004127329,false,קוטג תנובה גביע 250 גרם %5 ו.מהדרין,מיוצר עי קונדיטוריית,IL,קוטג 5% תנובה 250 גרם,גרמים,250.00,100 גרם,false,1,5.70,0.0228,true,1,256449
7290004127336,false,קוטג תנובה גביע 250 גרם %9 ו.מהדרין,מיוצר עי קונדיטוריית,IL,קוטג 9% תנובה 250 גרם,גרמים,250.00,100 גרם,false,1,5.70,0.0228,true,1,256450
7290004127800,false,"גבינה לבנה 500 גרם 5% ""תנובה"" -מוצר בפיקוח",מיוצר עי קונדיטוריית,IL,גבינה למריחה 5% פיקוח 500 גרם,גרמים,500.00,100 גרם,false,1,9.96,0.0199,true,1,256452
7290004128333,false,לאבנה על בסיס יוגורט %9 שומן 500 ג' פיראוס,תנובה בעמ ***,IL,פיראוס גבינת לאבנה אסלית 9% שומן,גרמים,500.00,100 גרם,false,1,21.90,0.0438,true,1,259462
7290004129101,false,גבינת שמנת 25% בטעם טבעי 225 ג' נפוליאון,תנובה מרכז שיתופי לש,IL,גבינת שמנת נפוליאון טבעי 225 גרם,גרמים,225.00,100 גרם,false,1,15.90,0.0707,true,1,256459
7290004129156,false,גבינת שמנת25% עם שום שמיר 225 ג' נפוליאון,תנובה מרכז שיתופי לש,IL,גבינת שמנת נפוליאון שום שמיר 225 גרם,גרמים,225.00,100 גרם,false,1,15.90,0.0707,true,1,256461
7290004131074,false,"חלב 1 ליטר 3% קרטון ""תנובה""- מוצר בפיקוח",תנובה מרכז שיתופי לש,IL,חלב 3% קרטון מהדרין פיקוח 1 ליטר,ליטרים,1.00,ליטר,false,1,6.23,6.2300,true,1,256464
7290004136598,false,מארז הפסקת אוכל עם קורנפלקס ומשקה חלב עמיד בטעם וניל,פארייפאבה אגרואינדוס,IL,מארז הפסקת אוכל חלב+דגנים,לא מנהל יחידת מידה,0.00,לא מנהל יחידת מידה,false,1,10.90,0.0000,true,1,264453
7290004137021,false,"שמנת עמידה לבישול מופחת שומן 10% השף הלבן 250 מ""ל",תנובה מרכז שיתופי לש,IL,תנובה השף הלבן שמנת לבישול עם סיבים 10% שומן,מיליליטרים,250.00,"100 מ""ל",false,1,9.20,0.0368,true,1,265445
7290004170011,false,מאפה דה לה קרם נוגט אגוז,גידרון,IL,מאפה קרם נוגט,קילוגרמים,1.00,"ק""ג",true,,42.90,42.9000,true,1,307948
7290004170080,false,קרנץ שוקולד קינמון 450גר,גדרון,IL,קרנץ במילוי קינמון דה לה קרם,יחידה,1.00,יחידה,false,1,21.90,21.9000,true,1,303632
7290004170097,false,עוגת קרנץ' שוקולד 450גרם,גדרון,IL,עוגת קרנץ במילוי דה לה קרם בטעם שוקולד,יחידה,1.00,יחידה,false,1,19.90,19.9000,true,1,303631
7290004170103,false,עוגת קרנץ במילוי נוג,גדרון,IL,עוגת קרנץ במילוי נוגט דה לה קרם,יחידה,1.00,יחידה,false,1,21.90,21.9000,true,1,303630
7290004170479,false,באגט אותנטי כפרי אפוי,מאפ גדרון,IL,באגט אותנטי כפרי גידרון חצי אפוי,לא מנהל יחידת מידה,0.00,לא מנהל יחידת מידה,false,1,10.90,0.0000,true,1,297701
7290004170882,false,שליש באגט אותנטי,גדרון דגון,IL,שליש באגט אותנטי,יחידה,1.00,יחידה,false,1,6.90,6.9000,true,1,298833
7290004199173,false,כפפות לטקס איזי טאצ 100 יח מדיום,הדקלאים אגודת שיתופי,TH,EASY TOUCH כפפות לטקס גודל: Medium,לא מנהל יחידת מידה,0.00,לא מנהל יחידת מידה,false,1,34.90,0.0000,true,1,266521
7290004199180,false,כפפות לאטקס לארג` איזי טאצ` (100),הדקלאים אגודת שיתופי,TH,EASY TOUCH כפפות לטקס גודל: Large,יחידה,1.00,יחידה,false,1,34.90,34.9000,true,1,266522
7290004199579,false,פלסטר מעורב 100 יח' - SUNNY PLASTER,הדקלאים אגודת שיתופי,CN,סאני פלסטר 100 פלסטרים בגדלים שונים סטריליים,גרמים,0.00,100 גרם,false,1,9.90,0.0000,true,1,277637
7290004200930,false,זיקוק זוג 15 סמ בשקית,שמחה זה אנחנו בע`מ,,זיקוק זוג 15 סמ בשקית,יחידה,1.00,יחידה,false,1,6.90,6.9000,true,1,277530
7290004255428,false,נר נשמה בפחית 24 שעות מנורה,"מנורה שי נר בע""מ",IL,נר נשמה מנורה בפחית 24 שעות,יחידה,1.00,יחידה,false,1,2.90,2.9000,true,1,304359
7290004256371,false,ריץ פרוס 400 ג' -צהובה פרוסה,נטו מילנדה סחר בעמ*,PL,גבינה צהובה פרוסה על בסיס חלב,גרמים,400.00,100 גרם,false,1,15.20,0.0380,true,1,301902
7290004343460,false,צבת אל חלד לעור סולי,,,צבת אל חלד לעור סולינגן,יחידה,1.00,יחידה,false,1,59.90,59.9000,true,1,309293
7290004344603,false,צבת אל חלד לציפורניי,,,צבת אל חלד לצפורניים סולינגן,יחידה,1.00,יחידה,false,1,59.90,59.9000,true,1,309292
7290004344627,false,קשת פשוטה זוג טאצ,,,קשת פשוטה זוג טאצ,יחידה,1.00,יחידה,false,1,12.90,12.9000,true,1,309323
7290004494131,false,יין דלתון קברנה סוביניון גליל,הכרם - משקאות חריפים בעמ,IL,דלתון קברנה סוביניון 2019 יין אדום יבש,מיליליטרים,750.00,"100 מ""ל",false,1,72.90,0.0972,true,1,260673
7290004494148,false,"דלתון גליל מרלו 750 מ""ל",הכרם - משקאות חריפים בעמ,IL,דלתון יין 15% אדום יבש מרלו 2014,מיליליטרים,750.00,"100 מ""ל",false,1,72.90,0.0972,true,1,260382
7290004494179,false,יין דלתון שרדונה 750 מל,הכרם -משקאות חריפים בע`מ,IL,יין דלתון שרדונה 750 מל,מיליליטרים,750.00,"100 מ""ל",false,1,74.90,0.0999,true,1,311028
7290004494377,false,יין אדום יבש שיראז יקב דלתון (750 מל),לפ החברה הסקוטית למסחר ושיווק,IL,יין דלתון אדום יבש שיראז 2020 13.5% 750 מל,מיליליטרים,750.00,"100 מ""ל",false,1,72.90,0.0972,true,1,262106
7290004554354,false,גלידת פנטזיה שוקו וניל 1 ל' שטראוס,"גלידת שטראוס בע""\מ, רחוב",IL,פנטסיה שוקולד ווניל חלבי 1 ליטר,ליטרים,1.00,ליטר,false,1,31.90,31.9000,true,1,256630
7290004554798,false,"שלגון מטרה פטל,לימון וענבים","מיוצר ע"" גלידת שטראו",IL,שטראוס מטרה שלגון בטעמי פטל ולימון 80 גרם,גרמים,90.00,100 גרם,false,1,8.90,0.0989,true,1,258989
7290004584306,false,רבעיית גמדים בטעם תות בננה * 100 ג' שטראוס,שטראוס גרופ בעמ/מצונן,IL,4 גמדים תות בננה,גרמים,400.00,100 גרם,false,1,12.70,0.0317,true,1,256638
7290004584351,false,גבינה לבנה סימפוניה עם תוספות 200 ג' חמישית 200,שטראוס גרופ בעמ/מצונן,IL,סימפוניה החמישית,גרמים,200.00,100 גרם,false,1,12.70,0.0635,true,1,256639
7290004584528,false,יוגורט דנונה ביו לבן 1.7% שומן 200 גרם,שטראוס גרופ בעמ/מצונן,IL,דנונה ביו 1.7% 200 גרם,גרמים,200.00,100 גרם,false,1,3.90,0.0195,true,1,256640
7290004585907,false,דני ועדן וניל 1.5% 125ג' שטראוס,שטראוס גרופ בעמ/מצונן,IL,דני וניל,גרמים,125.00,100 גרם,false,1,3.90,0.0312,true,1,256641
7290004685430,false,100% לחם כומסין 500 גר לחם הארץ,מאפית י את א ברמן בע,IL,לחם כוסמין 500 גרם,גרמים,500.00,100 גרם,false,1,16.90,0.0338,true,1,294869
7290004731083,false,אל סבון נוזלי ג`ינסנג כיף (1 ליטר),החברה הדרומית לשיווק בעמ,IL,כיף 1 ליטר ג'נסינג,ליטרים,1.00,ליטר,false,1,16.90,16.9000,true,1,261658
7290004731410,false,"שלישיית כריות קרצוף ירוקות סנו סושי 25X10.6 ס""מ",החברה הדרומית לשיווק בעמ,,כרית קרצוף סנו סושי ירוק שלישייה,יחידה,0.00,יחידה,false,1,11.90,0.0000,true,1,261687
7290004731472,false,"אל סבון צבעוני כיף שלישיה* 500 מ""ל",החברה הדרומית לשיווק בעמ,IL,כיף שלישיה צבעוני,ליטרים,1.50,ליטר,false,1,24.90,16.6000,true,1,261659
7290004737443,false,קוקטייל 5 פירות קלאסי 820 גר`,ג.וילי פוד אינטרנשיונל בעמ,CN,קוקטייל פירות 820 גרם,גרמים,820.00,100 גרם,false,1,9.90,0.0121,true,1,265432
7290004737900,false,חלב כחוש מרוכז וממותק בתוספת שמן צמחי ויליפוד 397 גרם,ג. וילי-פוד אינטרנשיונל בע`מ,LT,חלב מרוכז הולנדי ויליפוד 397 גרם,גרמים,397.00,100 גרם,false,1,11.90,0.0300,true,1,256698
7290004872021,false,קרחון רמזור 80ג' נסטלה,גלידות נסטלה )נגה גלידות,IL,נסטלה קרחון רמזור בדצ 48*80גרם,Unknown,0.00,Unknown,false,1,4.00,0.0000,true,1,258999
7290004872069,false,קרחון לימון נסטלה 80 גרם,נגה גלידות שותפות מוגבלת,IL,שלגון קרח לימון,Unknown,0.00,Unknown,false,1,4.00,0.0000,true,1,258558
7290004872229,false,"שלגון שוקולד כלפ. 48*67גרם חת""ס",תות תעשיות מזון (201,IL,נסטלה שלגון שוקולד כלפ. 48*67גרם,Unknown,0.00,Unknown,false,1,7.90,0.0000,true,1,259003
7290004872243,false,שלגון בננה מצופה נסטלה 57ג',תות תעשיות מזון (201,IL,שלגון בננה מצופה,Unknown,0.00,Unknown,false,1,7.90,0.0000,true,1,258482
7290004872250,false,שלגון שרבט אבטיח נסטלה 108 גרם,נגה גלידות שותפות מוגבלת,IL,שלגון אבטיח קיץ,Unknown,0.00,Unknown,false,1,8.50,0.0000,true,1,258483
7290004872359,false,"קרחון דובדבן עם סוכריות כשל""פ",נגה גלידות שותפות מוגבלת,IL,שלגון קרח דובדבן,Unknown,0.00,Unknown,false,1,4.00,0.0000,true,1,258484
7290004872731,false,טילון וניל אקסטרים נסטלה 72 גרם,גלידות נסטלה,IL,אקסטרים טילון וניל בדצ 24*72גרם,Unknown,0.00,Unknown,false,1,10.50,0.0000,true,1,259006
7290004872786,false,טילון אקסטרים פקאן ענק,גלידות נסטלה,IL,אקסטרים טילון פקאן בדצ 16*115גרם,גרמים,139.00,100 גרם,false,1,12.50,0.0899,true,1,259008
7290005008184,false,"סבון נוזלי בניחוח חלב שקדים פלמוליב 500 מ""ל",הנסיך- מפעל לייצור ט,TR,פלמוליב סבון נוזלי חלב שקדים 500 מל,מיליליטרים,500.00,"100 מ""ל",false,1,19.90,0.0398,true,1,256811
7290005008191,false,"סבון נוזלי ארומה בניחוח לבנדר פטצ'ולי וילנג ילנג פלמוליב 500 מ""ל",הנסיך- מפעל לייצור ט,TR,500 מל סבון נוזלי פלמוליב so relaxed,מיליליטרים,500.00,"100 מ""ל",false,1,19.90,0.0398,true,1,256812
7290005113222,false,זיתים קוקטייל וגמבה יבנה 350ג',קבוצת יבנה מוצרי מזון אגודה שי,IL,קבוצת יבנה מיקס זיתים 560 גרם,גרמים,540.00,100 גרם,false,1,11.90,0.0220,true,1,266047
7290005174551,false,סלט חומוס עם צנוברים 125 ג' אחלה,שטראוס גרופ בעמ/מצונן,IL,חומוס יום-יום 125 גרם,גרמים,125.00,100 גרם,false,1,6.40,0.0512,true,1,256874
7290005174575,false,טחינה אחלה יום יום משובחת 125ג',שטראוס גרופ בעמ/מצונן,IL,טחינה 125 משובחת,גרמים,125.00,100 גרם,false,1,6.40,0.0512,true,1,256876
7290005175589,false,"קמח תירס ללא גלוטן וילי פוד 1 ק""ג",ג.וילי פוד אינטרנשיונל בעמ,,"קמח תירס 1 ק""ג",קילוגרמים,1.00,"ק""ג",false,1,12.00,12.0000,true,1,256879
7290005197758,false,"עוגיות חיוכים שוקולד עלית 150 גרם בד""צ",אפיפית נצרת תעשיות ב,IL,חיוכים שוקו 150 בדצ,גרמים,150.00,100 גרם,false,1,6.90,0.0460,true,1,256892
7290005199738,false,גומי מאסט בטעם פפרמינט ריח פה נעים פליפטופ 28 ג' עלית,שטראוס גרופ בע`מ,IL,"מאסט מנטה מרעננת לל""ס 28 גר",גרמים,28.00,100 גרם,false,1,6.00,0.2143,true,1,256896
7290005200786,false,תפוצ'יפס בטעם שמנת בצל עלית 50 גרם,"שטראוס פריטו ליי בע""\מ )",IL,תפו שמנת בצל 50 גר 48 יח - שמיטה,גרמים,50.00,100 גרם,false,1,5.90,0.1180,true,1,256898
7290005201882,false,קפה טורקי בצלופן עלית 200 גרם,הנסיך- מפעל לייצור ט,IL,עלית טורקי שקית 200ג/1שק'/200גר',גרמים,200.00,100 גרם,false,1,18.90,0.0945,true,1,256923
7290005418709,false,"נטורל קרם לחות לקיבוע תלתלים גלי 400 מ""ל",החברה הדרומית לשיווק בעמ,IL,"קרם לחות במרקם ג""ל לקיבוע GO C",מיליליטרים,400.00,"100 מ""ל",false,1,30.30,0.0758,true,1,257042
7290005423253,false,"סנו - מקסימה מרסס למייבש כביסה אולטרה פרש 750 מ""ל",החברה הדרומית לשיווק בעמ,IL,סנו מקסימה מרכך למייבש אולטרא פרש 750 מל,מיליליטרים,750.00,"100 מ""ל",false,1,19.90,0.0265,true,1,257045
7290005423369,false,סנו די קידס תחליב דוחה יתושים לילדים 100,טרופיקל דגיל תעשיות,IL,סנו די קידס דוחה יתושים לילדים 100 מל,מיליליטרים,100.00,"100 מ""ל",false,1,22.90,0.2290,true,1,304169
7290005423567,false,מטליות ניקוי רב שימושיות בגליל סנו סושי 40 יחידות,החברה הדרומית לשיווק בעמ,IL,סנו סושי מטליות לניקוי כללי בגליל צהוב 40 יחידות,לא מנהל יחידת מידה,0.00,לא מנהל יחידת מידה,false,1,29.30,0.0000,true,1,257050
7290005423635,false,ריצפז נוזל רצפות דוחה תיקנים סנו 2 ליטר,החברה הדרומית לשיווק בעמ,IL,סנו ריצפז פלוס,ליטרים,2.00,ליטר,false,1,26.90,13.4500,true,1,257051
7290005423734,false,מרכך כביסה מרוכז אולטרא פרש סנו מקסימה 4 ליטר,החברה הדרומית לשיווק בעמ,IL,מקסימה מרכך אולטרא פרש 4 ליטר,ליטרים,4.00,ליטר,false,1,26.90,6.7250,true,1,257052
7290005424403,false,"אל סבון כיף אצות ים קטיפתי 1ליטר,",החברה הדרומית לשיווק בעמ,IL,כיף אל סבון קטיפתי מועשר בלחות 1 ליטר,ליטרים,1.00,ליטר,false,1,16.90,16.9000,true,1,257059
7290005424847,false,"מפיות נייר 30*30 ס""מ סנו סושי 150 יחידות",החברה הדרומית לשיווק בעמ,TR,"סנו סושי מפיות אירוח חד שכבתיות, 150 יחידות",Unknown,0.00,Unknown,false,1,11.90,0.0000,true,1,257067
7290005425127,false,"חיטוי משטחים 99.9% מתז לשומנים ואבנית 750 מ""ל",החברה הדרומית לשיווק בעמ,IL,סנו מחטא ומשמיד חיידקים עוצמתי 750 מל,לא מנהל יחידת מידה,0.00,לא מנהל יחידת מידה,false,1,16.90,0.0000,true,1,300855
7290005425646,false,קליר נוזל לניקוי חלונות רב תכליתי סנו 1 ליטר,החברה הדרומית לשיווק בעמ,IL,סנוקליר לניקוי והברקה 1 ליטר,ליטרים,1.00,ליטר,false,1,14.90,14.9000,true,1,257075
7290005426193,false,ספוגית הפלא סנו סושי 6 יחידות,החברה הדרומית לשיווק בעמ,IL,סנו סושי ספוג הפלא,Unknown,0.00,Unknown,false,1,15.90,0.0000,true,1,259327
7290005427107,false,סנו - סושי מגבות נייר הפלא 6 יחידות,החברה הדרומית לשיווק בעמ,IL,"סנו סושי 6 מגבות הפלא, 700 גרם",מטרים,6350.00,מטר,false,1,14.90,0.0023,true,1,260522
7290005429286,false,"אבקת כביסה ביו סנו מקסימה 6 ק""ג",החברה הדרומית לשיווק בעמ,IL,"אבק.כביסה מקסימה ביו 6 ק""ג",קילוגרמים,6.00,"ק""ג",false,1,49.90,8.3167,true,1,262352
7290005430602,false,"סנו אוקסיג'ן ספריי להסרת כתמים עם חמצן פעיל 750 מ""ל",החברה הדרומית לשיווק בעמ,IL,"מסיר כתמים אוקסיג""ן מרסס 750 מ""ל",מיליליטרים,750.00,"100 מ""ל",false,1,21.90,0.0292,true,1,257098
7290005559587,false,מאפה נקניקיה בבצק מעדנות 800ג',תנובה מרכז שיתופי לשיווק תוצרת,IL,מאפה נקניקיה 800 גרם,גרמים,800.00,100 גרם,false,1,34.90,0.0436,true,1,257157
7290005559907,false,פיצה משפחתית 100% גבינה מעדנות 500 גרם,תנובה מרכז שיתופי לשיווק תוצרת,IL,פיצה משפחתית גבינה מעדנות 500גרם,גרמים,500.00,100 גרם,false,1,29.90,0.0598,true,1,257160
7290005559914,false,פיצה משפחתית עם 100% גבינה בתוספת זיתים מעדנות 550 גרם,תנובה מרכז שיתופי לשיווק תוצרת,IL,פיצה משפחתית זיתים 550 גרם,גרמים,550.00,100 גרם,false,1,29.90,0.0544,true,1,257161
7290005559990,false,בצק עלים פילאס תורכי 600 גרם קפוא,תנובה מרכז שיתופי לשיווק תוצרת,IL,בצק פילאס תורכי 600 גרם,גרמים,600.00,100 גרם,false,1,26.90,0.0448,true,1,257164
7290005605895,false,פאנטה אקזוטיק 0.5 חייב פקדון,החברה המרכזית להפצת משקאות בעמ,IL,"פנטה אקזוטי 500 מ""ל",מיליליטרים,500.00,"100 מ""ל",false,1,9.50,0.0190,true,1,257186
7290005651069,false,"מזון חתולים לה קט מיקס 2.85 ק""ג",דיפלומט מפיצים (1968) בעמ**,FR,לה קט מיקס 2.85 קג,קילוגרמים,2.85,"ק""ג",false,1,59.90,21.0175,true,1,308774
7290005651366,false,"מזון לכלבים בונזו מזון כלבים כבד 3 ק""ג",דיפלומט מפיצים (1968) בעמ**,FR,"בונזו בקר וכבד 3 ק""ג",קילוגרמים,3.00,"ק""ג",false,1,49.90,16.6333,true,1,308771
7290005803628,false,קרחון מלון - צבע מאכל טבעי,נגה גלידות שותפות מוגבלת,IL,נסטלה קרחון מלון בדצ 48*80גרם,Unknown,0.00,Unknown,false,1,4.00,0.0000,true,1,258562
7290005838002,false,מעדן גבינה ויוגורט בטעם וניל 88 ג' דניאלה,שטראוס גרופ בעמ/מצונן,IL,דניאלה וניל,גרמים,88.00,100 גרם,false,1,4.90,0.0557,true,1,257264
7290005839078,false,שמיניית יוגורט לבן 3% ביו דנונה 150 גרם,שטראוס גרופ בעמ/מצונן,IL,מארז 8 חסכון - ביו 3% 150 גרם,קילוגרמים,1.20,"ק""ג",false,1,17.50,14.5833,true,1,257268
7290005839108,false,גבינה לבנה סימפוניה עם תוספות 200 ג'+זיתים 5%,שטראוס גרופ בעמ/מצונן,IL,סימפוניה 5% עם זתים,גרמים,200.00,100 גרם,false,1,12.70,0.0635,true,1,257269
7290005839313,false,מילקי Top עם שוקולדה מגולגלת 140 גרם,שטראוס גרופ בעמ/מצונן,IL,מילקי טופ מגולגלת,גרמים,140.00,100 גרם,false,1,5.40,0.0386,true,1,257270
7290005854040,false,שלגון אסקימו משמש שטראוס 75 גרם,גלידות שטראוס בעמ,,שלגון אסקימו משמש,לא מנהל יחידת מידה,0.00,לא מנהל יחידת מידה,false,1,4.00,0.0000,true,1,267045
7290005854606,false,קרחון אסקימו שטראוס אננס,גלידות שטראוס בעמ,,שלגון אסקימו אננס,לא מנהל יחידת מידה,0.00,לא מנהל יחידת מידה,false,1,4.00,0.0000,true,1,259262
7290005854613,false,שלגון אסקימו תותי פרוט 75 גר',גלידות שטראוס בעמ,,תותי פרוטי,לא מנהל יחידת מידה,0.00,לא מנהל יחידת מידה,false,1,4.90,0.0000,true,1,258489
7290005896439,false,"בירה מכבי, בקבוק חוזר 500 מ''ל","טמפו משקאות בע""מ",IL,"בירה מכבי, בקבוק חוזר 500 מ''ל",מיליליטרים,500.00,"100 מ""ל",false,1,7.50,0.0150,true,1,273948
7290005896453,false,"בירה מכבי 7.9%, בירה חזקה, בקבוק חוזר 500 מ''ל",פארייפאבה אגרואינדוס,IL,"בירה מכבי 7.9%, בירה חזקה, בקבוק חוזר 500 מ''ל",מיליליטרים,500.00,"100 מ""ל",false,1,8.50,0.0170,true,1,292451
7290005938245,false,ממרח פסטו קלאסי פרסקו 220ג' מצונן,מיוצר עי פרסקו חצבה,IL,פרסקו פסטו קלאסי ממרח בזיליקום וצנובר 220 גרם,גרמים,220.00,100 גרם,false,1,22.90,0.1041,true,1,261913
7290005966033,false,הר חרמון לבן יקב רמת הגולן (750 מל),היכל היין שקד גולן בעמ,IL,"הר חרמון יין לבן יבש 2020 750 מ""ל",מיליליטרים,750.00,"100 מ""ל",false,1,45.90,0.0612,true,1,257301
7290005966088,false,"יין הר חרמון אדום עברית 750 מ""ל",היכל היין שקד גולן בעמ,IL,הר חרמון אדום 2020 יבש,מיליליטרים,750.00,"100 מ""ל",false,1,45.90,0.0612,true,1,257302
7290005966392,false,גולן קברנה סוביניון750מל,יקבי רמת הגולן קצרין,,"יין גולן קברנה סוביניון 750 מ""ל",מיליליטרים,750.00,"100 מ""ל",false,1,65.00,0.0867,true,1,257308
7290005992735,false,לאבנה טבעית 5% 250 גר' - רבנות,מחלבות גד שיווק 1992 בעמ,IL,גד גבינת לאבנה 5%,גרמים,250.00,100 גרם,false,1,13.90,0.0556,true,1,257323
7290005996078,false,סלמי סרוולט הונגרי יחיעם 150 גרם,מעדני יחיעם (1993) בעמ,IL,סלמי סרוולט הונגרי 125 ג',גרמים,125.00,100 גרם,false,1,29.90,0.2392,true,1,304190
7290005996160,false,נקניקיות צוריסו פרימיום יחיעם 280 גרם,מעדני יחיעם (1993) בעמ,IL,נק' צ'וריסו 280 גרם,גרמים,280.00,100 גרם,false,1,24.90,0.0889,true,1,303753
7290005996221,false,פסטרמה של פעם דק דק (120 גר`)יחיעם,מעדני יחיעם (1993) בעמ,IL,פסט' של פעם דק דק 120 גרם,גרמים,120.00,100 גרם,false,1,11.90,0.0992,true,1,304554
7290005996238,false,פסטרמה בדבש דק דק (120 גר`)יחיעם,מעדני יחיעם (1993) בעמ,IL,פסט' בדבש דק דק 120 גרם,גרמים,120.00,100 גרם,false,1,11.90,0.0992,true,1,304553
7290005996276,false,פסטרמה ברביקין דק דק (120 גר`)יחיעם,מעדני יחיעם (1993) בעמ,IL,פסט' ברבקיו דק דק 140גר',גרמים,120.00,100 גרם,false,1,11.90,0.0992,true,1,304555
7290005996740,false,סלמי פפרוני 300 גר יחיעם,מעדני יחיעם (1993) בעמ,IL,סלמי פפרוני יחיעם 300 גרם,גרמים,300.00,100 גרם,false,1,27.90,0.0930,true,1,310567
7290005996825,false,נקניקיות בקר בסגנון אמריקאי 280 גרם,מעדני יחיעם (1993) בעמ,IL,נקניקיות בקר אמריקאיות יחיעם 280גרם,גרמים,280.00,100 גרם,false,1,24.90,0.0889,true,1,307944
7290006229427,false,סן בנדטו - מים מינרלים - מארז שישיית 500 מל,טמפו משקאות בע`מ,,"מים סן בנדטו שישייה בקבוק 500 מ""ל",ליטרים,3.00,ליטר,false,1,18.90,6.3000,true,1,258733
7290006241191,false,אגוזי מלך טבעיים קליית גת (150 גרם),הדקלאים אגודת שיתופי,US,אגוז מלך שקית 150 גרם,גרמים,150.00,100 גרם,false,1,19.90,0.1327,true,1,266686
7290006241214,false,שקדים טבעיים קליית גת (200 גרם),הדקלאים אגודת שיתופי,IL,שקד טבעי שקית 200 גרם,גרמים,200.00,100 גרם,false,1,25.90,0.1295,true,1,259770
7290006251275,false,תה ירוק סיני קלאסי ויסוצקי 25 יחידות,תה ויסוצקי (ישראל) בעמ,IL,תה ירוק סיני T.T,גרמים,37.00,100 גרם,false,1,26.90,0.7270,true,1,257449
7290006256089,false,"יין אדום קברנה סוביניון גאטו נגרו 750 מ""ל",היכל היין שקד גולן בעמ,,יין גאטו נגרו קברנה סוביניון750מל,מיליליטרים,750.00,"100 מ""ל",false,1,39.90,0.0532,true,1,257453
7290006256102,false,"יין אדום מרלו גאטו נגרו 750 מ""ל",היכל היין שקד גולן בעמ,,יין גאטו נגרו מרלו 750 מל .,מיליליטרים,750.00,"100 מ""ל",false,1,39.90,0.0532,true,1,308973
7290006265500,false,פטריות שמפיניון ארוז מרינה,קונס`-מרינה פטריות הגליל בעמ*ש,IL,פטריות שמפיניון יחידה,גרמים,250.00,100 גרם,false,1,11.90,0.0476,true,1,262173
7290006271174,false,ג'חנון לאפיה בתנור מעדנות 700 גרם,תנובה מרכז שיתופי לשיווק תוצרת,IL,גחנון לאפיה מעדנות 700 גרם,גרמים,700.00,100 גרם,false,1,21.90,0.0313,true,1,257456
7290006271181,false,ג'חנון אפוי למיקרוגל מעדנות 750 גרם,תנובה מרכז שיתופי לשיווק תוצרת,IL,"ג""חנון אפוי 750 גרם מעדנות",גרמים,750.00,100 גרם,false,1,29.90,0.0399,true,1,257457
7290006272072,false,חטיפי פיצה גבינה מעדנות 650 גרם,תנובה קפואים,IL,חטיפי פיצה מעדנות 650 גרם,גרמים,650.00,100 גרם,false,1,36.90,0.0568,true,1,274809
7290006272430,false,בצק עלים חמאה חלבי מעדנות (600 גרם),מיוצר עי קונדיטוריית,IL,בצק עלים חמאה 600 גרם,גרמים,600.00,100 גרם,false,1,30.50,0.0508,true,1,264628
7290006281210,false,טוסט קלאסי 200 גרם,עינת תעשיות,,טוסט בייגל,גרמים,200.00,100 גרם,false,1,17.90,0.0895,true,1,264940
7290006342065,false,בוטנים קלויים ששון הקולה 200 גרם,,,בוטנים קלויים 200גרם,גרמים,200.00,100 גרם,false,1,9.90,0.0495,true,1,308756
7290006342072,false,גרעין לבן ששון הקולה 200 גרם,דין שיווק וקליה 2021 בעמ,IL,גרעין לבן 200גרם,גרמים,200.00,100 גרם,false,1,13.90,0.0695,true,1,308770
7290006342447,false,גרעיני אבטיח ששון הקולה 200 גרם,דין שיווק וקליה 2021 בעמ,,גרעין אבטיח 200גרם,גרמים,200.00,100 גרם,false,1,18.90,0.0945,true,1,308757
7290006342553,false,קבוקים בשקית ששון הקולה 200 גרם,דין שיווק וקליה 2021 בעמ,,קבוקים200 גר,גרמים,200.00,100 גרם,false,1,7.90,0.0395,true,1,308759
7290006342560,false,בוטן אמריקאי 200 גרם ששון הקולה,דין שיווק וקליה 2021 בעמ,IL,בוטן אמריקאי 200גרם,גרמים,200.00,100 גרם,false,1,6.90,0.0345,true,1,308732
7290006374738,false,קונפיטורה תות יד מרדכי בטעם תות,אף.סי תבליני בגליל ב,IL,קונפיטורת תות 340 גרם,גרמים,340.00,100 גרם,false,1,15.90,0.0468,true,1,259793
7290006385178,false,לחם שאור עם אגוזים+צימוק,"גידרון תעשיות בע""מ",,לחם שיאור אגוזים צימוקים,גרמים,600.00,100 גרם,false,1,19.90,0.0332,true,1,259647
7290006390806,false,חצי ג'בטה אפוי קפוא,גידרון,IL,חצי גאבטה לבן,גרמים,150.00,100 גרם,false,1,4.90,0.0327,true,1,259464
7290006449955,false,מלפפון בייבי מארז,"מרינה פטריות הגליל בע""מ",IL,מלפפון בייבי ארוז,גרמים,500.00,100 גרם,false,1,13.90,0.0278,true,1,273652
7290006451170,false,שנייק פיצה מחיר לקג-,"גידרון תעשיות בע""מ",IL,שנייק פיצה מחיר לקג-גידרון,קילוגרמים,1.00,"ק""ג",true,,42.90,42.9000,true,1,308819
7290006463630,false,עוגה בחושה כשלפ תפוז,"איתנס' עוגות בע""מ",,עוגה בחושה כשלפ תפוזים ארוז אישי,לא מנהל יחידת מידה,0.00,לא מנהל יחידת מידה,false,1,8.50,0.0000,true,1,292978
7290006492432,false,גבינה מוצרלה בייבי 18% גד (150 גרם),מחלבות גד שיווק 1992 בעמ,IL,גבינה מוצרלה בייבי 150 גרם,גרמים,150.00,100 גרם,false,1,16.90,0.1127,true,1,257511
7290006492616,false,גבינה בולגרית מעודנת פרוסות 5% גד 250 גרם,מחלבות גד שיווק 1992 בעמ,IL,פרוסות בולגרית מעודנת 5%,גרמים,250.00,100 גרם,false,1,29.90,0.1196,true,1,261646
7290006492685,false,גבינת לאבנה עיזים 5% גד (250 גרם),מחלבות גד שיווק 1992 בעמ,IL,גבינת לאבנה מחלב עיזים 5% שומן,גרמים,250.00,100 גרם,false,1,19.90,0.0796,true,1,262476
7290006492852,false,גבינת עיזים למריחה 5% 250 גרם רובין,מחלבות גד שיווק 1992 בעמ,IL,גד גבינה למריחה מחלב עיזים 5% שומן,גרמים,250.00,100 גרם,false,1,19.90,0.0796,true,1,262966
7290006511157,false,פטריות שמפניון שלמות וילי פוד (400 גרם),ג.וילי-פוד אינטרנשיונל בעמ,PL,ויליפוד פטריות שמפניון שלמות 400 גרם,גרמים,400.00,100 גרם,false,1,7.90,0.0198,true,1,260404
7290006582539,false,חמוציות בשקית ששון הקולה 250 גרם,דין שיווק וקליה 2021 בעמ,IL,חמוציות 250גרם,גרמים,250.00,100 גרם,false,1,14.90,0.0596,true,1,308741
7290006644510,false,"מיץ ענבים 500 מ""ל תפוזינה",יפאורה שותפות מוגבלת לשיווק,IL,תפוזינה ענבים 0.5 ל',מיליליטרים,500.00,"100 מ""ל",false,1,9.50,0.0190,true,1,265891
7290006660602,false,מי קוקוס אורגני גרין קוקו קרטונית 1 ליטר,תות תעשיות מזון (201,PH,GREEN COCO מי קוקוס אורגני 1 ליטר,ליטרים,1.00,ליטר,false,1,20.90,20.9000,true,1,300110
7290006664051,false,"אקטימל לבן 1.51 ק""ג מארז 14 יחידות",שטראוס גרופ בעמ/מצונן,IL,אקטימל לבן 14,ליטרים,1.40,ליטר,false,1,32.60,23.2857,true,1,260880
7290006664655,false,דנונה Actimel יוגורט טבעי 8*100 מ``ל,שטראוס גרופ בעמ/מצונן,IL,אקטימל לבן שמינייה,מיליליטרים,864.00,"100 מ""ל",false,1,26.90,0.0311,true,1,260882
7290006681003,false,גלידה קרמיסימו סרבט תות לימון 650 גרם,"גלידת שטראוס בע""\מ, רחוב",IL,קרמיסימו קרמיסימו פרווה בטעם תות לימון 1.33 ליטר,ליטרים,1.33,ליטר,false,1,33.90,25.4887,true,1,257567
7290006681065,false,"קסטה שוקו וניל ""שטראוס""","מיוצר ע""\י גלידת שטראוס",IL,שלגון טעמקור XL,גרמים,75.00,100 גרם,false,1,10.90,0.1453,true,1,259794
7290006681553,false,קרמבו בטעם וניל שטראוס 8 יחידות,"גלידות שטראוס בע""מ",IL,"שטראוס קרמבו 80 מ""ל",גרמים,200.00,100 גרם,false,1,19.90,0.0995,true,1,260929
7290006681560,false,קרמבו בטעם מוקה שטראוס 8 יחידות,"גלידות שטראוס בע""מ",IL,"שטראוס קרמבו 80 מ""ל",גרמים,200.00,100 גרם,false,1,19.90,0.0995,true,1,260930
7290006704511,false,"תפו""א גמדי אדום למיקרו מרינה 750ג'","מרינה פטריות הגליל בע""מ",IL,תפוא זעיר למיקרו יח,לא מנהל יחידת מידה,0.00,לא מנהל יחידת מידה,false,1,8.90,0.0000,true,1,262254
7290006704573,false,בצל ירוק א שער מגש,"מרינה פטריות הגליל בע""מ",IL,בצל ירוק יח,גרמים,100.00,100 גרם,false,1,6.90,0.0690,true,1,262291
7290006712981,false,"משחת שיניים קולגייט ספיידרמן מגיל שש 50 מ""ל",הנסיך- מפעל לייצור ט,PL,קולגייט משחת שיניים לילדים בגילאי +6 50 מל,מיליליטרים,50.00,"100 מ""ל",false,1,13.90,0.2780,true,1,259919
7290006738615,false,קבב פרימיום זהב 100% בשר זוגלובק 400 ג',נקניק נהריה כשר זוגל,IL,זוגלובק קבב זהב 400 גרם,גרמים,400.00,100 גרם,false,1,22.90,0.0572,true,1,265246
7290006739421,false,נקניק סלמי מעושן איטלקי זוגלובק 300 גרם,נקניק נהריה כשר זוגל,IL,זוגלובק סלמי מעושן איטלקי 300 גרם א.מ.,גרמים,300.00,100 גרם,false,1,29.90,0.0997,true,1,260868
7290006764072,false,"בירה גולדסטאר בקבוק 500 מ""ל חוזר","טמפו משקאות בע""\מ",IL,"בירה גולדסטאר בקבוק חוזר 500 מ""ל",מיליליטרים,500.00,"100 מ""ל",false,1,10.90,0.0218,true,1,257596
7290006764478,false,"בירה נשר מאלט בקבוק זכוכית 330 מ""ל",החברה המרכזית להפצת משקאות בעמ,IL,"בירה נשר מאלט, בקבוק זכוכית 330 מל",Unknown,0.00,Unknown,false,1,8.50,0.0000,true,1,260000
7290006770684,false,עוגת מוס גבינה ופרורים קפולסקי 850 גרם,קפולסקי שיווק וקמעונ,,עוגת מוס גבינה ופרורים 850 גרם,גרמים,850.00,100 גרם,false,1,64.90,0.0764,true,1,257608
7290006788429,false,"קרליין - נושם סאן רייס דאודורנט רול און לאישה כתום 75 מ""ל",החברה הדרומית לשיווק בעמ,IL,"קרליין, דיאורדורנט נושם רול און כתום SUNRISE75 מל",גרמים,119.00,100 גרם,false,1,16.90,0.1420,true,1,260319
7290006788436,false,"קרליין - נושם פיור דאודורנט רול און לאישה ורוד 75 מ""ל",החברה הדרומית לשיווק בעמ,IL,קרליין דיאודורנט נושם+ רול און וורוד PURE 75 מל,גרמים,119.00,100 גרם,false,1,16.90,0.1420,true,1,260516
7290006788481,false,"קרליין - נושם סאן רייס דאודורנט ספריי לאישה כתום 200 מ""ל",החברה הדרומית לשיווק בעמ,IL,"קרליין דיאורדורנט נושם ספריי כחום SUNRISE200 מ""ל",מיליליטרים,200.00,"100 מ""ל",false,1,16.90,0.0845,true,1,259955
7290006788498,false,"קרליין - נושם פיור דאודורנט ספריי לאישה ורוד 200 מ""ל",החברה הדרומית לשיווק בעמ,IL,"קרליין דיאורדורנט נושם ספריי וורוד PURE200 מ""ל",מיליליטרים,200.00,"100 מ""ל",false,1,16.90,0.0845,true,1,259898
7290006805850,false,פילסברי פנקייק תערובת להכנת חביתיות,הדקלאים אגודת שיתופי,IL,תערובת קלת הכנה לפנקייק ביתי וטעים 450 גרם,גרמים,500.00,100 גרם,false,1,20.00,0.0400,true,1,261502
7290006983176,false,קרקר לחמית שיפון אסם (230 גרם),קבוצת אוסם סחר שותפות מוגבלת,IL,לחמית שיפון 10*230גרם,גרמים,230.00,100 גרם,false,1,11.90,0.0517,true,1,257681
7290006983763,false,עוגת הבית בטעם שוקולד אסם (400 גרם),קבוצת אוסם סחר שותפות מוגבלת,IL,הבית עוגת שוקולד 8*400גרם,גרמים,400.00,100 גרם,false,1,14.90,0.0373,true,1,258784
7290006983787,false,עוגת הבית שוקולד צ'יפס אסם 400 גרם,קבוצת אוסם סחר שותפות מוגבלת,IL,הבית עוגת שוקולד צ'יפס 8*400גרם,גרמים,400.00,100 גרם,false,1,14.90,0.0373,true,1,258785
7290006991294,false,מעדן יוגורט מוזלי 35,עינת תעשיות מזון,,מעדן יוגורט מוזלי 355 גרם,גרמים,355.00,100 גרם,false,1,18.90,0.0532,true,1,262731
7290007144729,false,בגט לבן אפוי 330גרם,"גידרון תעשיות בע""מ",,בגט שלם גדרון א.ק,גרמים,330.00,100 גרם,false,1,6.90,0.0209,true,1,258491
7290008175814,false,וילי פוד פטריות שמפיניון חתוך בדץ 400ג,ג.וילי פוד אינטרנשיונל בעמ,PL,פטריות חתוך 400גרם- בד'צ,גרמים,400.00,100 גרם,false,1,5.50,0.0138,true,1,258032
7290008335553,false,קובה בשר וצנובר 600ג שלושת האופים,נטו מילנדה סחר בעמ*,IL,קובה במילוי בשר וצנובר 600 גרם,גרמים,600.00,100 גרם,false,1,17.90,0.0298,true,1,258055
7290008335560,false,סיגרים עם בשר שלשת האופים,האי נאם סי או אל.טי.,IL,סיגרים במילוי בשר 600 גרם,גרמים,600.00,100 גרם,false,1,15.90,0.0265,true,1,258056
7290008367875,false,בורקס שבלול גבינה-גי,"גידרון תעשיות בע""מ",,בורקס שבלול גבינה-גידרון,קילוגרמים,2.50,"ק""ג",false,1,10.90,4.3600,true,1,258816
7290008409124,false,מאמא עוף קפוא שניצל ג'ונגל פריך 700 גרם,תנובה מרכז שיתופי לשיווק תוצרת,IL,שניצל גונגל מאמא עוף 700 גרם,גרמים,700.00,100 גרם,false,1,39.90,0.0570,true,1,261925
7290008409216,false,מאמא עוף קפוא שניצל דק פריך 700 גרם,תנובה מרכז שיתופי לשיווק תוצרת,IL,מאמא עוף שניצל דק פריך 700 גרם,גרמים,700.00,100 גרם,false,1,47.50,0.0679,true,1,267039
7290008409407,false,שניצל דק דק צ`יפס מאמא עוף (700 גרם),תנובה גליל שותפות מוגבלת,IL,"שניצל דק בציפוי צ""יפס 700 גרם",גרמים,700.00,100 גרם,false,1,47.50,0.0679,true,1,270133
7290008409551,false,שניצל עוף אמיתי בציפוי מעודן 700 ג' מאמא עוף,תנובה מרכז שיתופי לשיווק תוצרת,IL,שניצל אמיתי מעודן,גרמים,700.00,100 גרם,false,1,49.90,0.0713,true,1,258077
7290008409582,false,שניצל עוף אמיתי בציפוי ביתי מאמא עוף 700 גרם,תנובה מרכז שיתופי לשיווק תוצרת,IL,שניצל אמיתי ביתי מאמא עוף 700 גרם,גרמים,700.00,100 גרם,false,1,49.90,0.0713,true,1,258080
7290008415071,false,צבר חומוס עם טחינה עגול 150 גרם,קבוצת אוסם סחר שותפות מוגבלת,IL,סלטי צבר חומוס עם טחינה 12*150גרם,גרמים,150.00,100 גרם,false,1,6.50,0.0433,true,1,258097
7290008415514,false,צבר חומוס עם חריף עגול 150 גרם,קבוצת אוסם סחר שותפות מוגבלת,IL,סלטי צבר חומוס עם חריף 12*150גרם,גרמים,150.00,100 גרם,false,1,6.50,0.0433,true,1,258099
7290008464024,false,"בירה גולדסטאר Unfiltered, בירה לא מסוננת, פחית 500 מ""ל","טמפו משקאות בע""מ",IL,"בירה גולדסטאר לא מסונן פחית 500 מ""ל",מיליליטרים,500.00,"100 מ""ל",false,1,14.50,0.0290,true,1,279781
7290008464109,false,"בירה גולדסטאר Unfiltered, בירה לא מסוננת, בקבוק 330 מ""ל","טמפו משקאות בע""מ",IL,"בירה גולדסטאר ל.מסונן בקבוק 330 מ""ל",מיליליטרים,330.00,"100 מ""ל",false,1,13.50,0.0409,true,1,261273
7290008464130,false,"בירה גולדסטאר Unfiltered, בירה לא מסוננת, מארז שישייה, בקבוק 330 מ""ל",טמפו משקאות בעמ,,בירה גולדסטאר ל.מסונן שישייה בקבוק 330 מ,ליטרים,1.98,ליטר,false,1,49.90,25.2020,true,1,276556
7290008464208,false,"בירה מכבי 7.9%, בירה חזקה, בקבוק 330 מ''ל",פארייפאבה אגרואינדוס,IL,"בירה מכבי 7.9%, בירה חזקה, בקבוק 330 מ''ל",מיליליטרים,330.00,"100 מ""ל",false,1,12.50,0.0379,true,1,282777
7290008464222,false,"בירה מכבי 7.9%, בירה חזקה, פחית 500 מ""ל","טמפו משקאות בע""\מ",IL,"בירה מכבי 7.9%, בירה חזקה, פחית 500 מ""ל",מיליליטרים,500.00,"100 מ""ל",false,1,12.50,0.0250,true,1,285535
7290008464345,false,"בירה גולדסטאר, בקבוק 330 מ''ל",פארייפאבה אגרואינדוס,IL,"בירה גולדסטאר, בקבוק 330 מ''ל",מיליליטרים,330.00,"100 מ""ל",false,1,13.50,0.0409,true,1,258116
7290008464468,false,בירה בפחית גולדסטאר (500 מל),פארייפאבה אגרואינדוס,IL,"בירה גולדסטאר, פחית 500 מ""ל",מיליליטרים,500.00,"100 מ""ל",false,1,13.90,0.0278,true,1,258119
7290008464475,false,בירה מכבי פחית 500 מ``ל,"טמפו משקאות בע""\מ",IL,"בירה מכבי, פחית 500 מ""ל",מיליליטרים,500.00,"100 מ""ל",false,1,12.50,0.0250,true,1,258120
7290008464505,false,סאן בנדטו מים מינרלים להחזרה 0.5 ל`,אקווה מינרלה סאן בנדטו ב,IT,סן בנדטו 500 מל שישייה,מיליליטרים,500.00,"100 מ""ל",false,1,6.90,0.0138,true,1,258566
7290008464604,false,"בירה הייניקן פחית 500 מ""ל",טמפו משקאות בע''מ,NL,"בירה היינקן, פחית 500 מ""ל",מיליליטרים,500.00,"100 מ""ל",false,1,15.90,0.0318,true,1,258132
7290008464611,false,"הסודה של טמפו, מי סודה בגיזוז חזק, 275 מל",טמפו משקאות בעמ,IL,"הסודה של טמפו, מי סודה בגיזוז חזק, 275 מל",מיליליטרים,275.00,"100 מ""ל",false,1,5.50,0.0200,true,1,298599
7290008464734,false,"שישיית בירה גולדסטאר לאגר SLOW BREW בקבוק 330 מ""ל",טמפו משקאות בע''מ,IL,בירה גולדסטאר SLOW BREW שישייה בקבוק 330,ליטרים,1.98,ליטר,false,1,49.90,25.2020,true,1,258124
7290008464741,false,"בירה גולדסטאר, מארז שישייה, בקבוק 330 מ''ל","טמפו משקאות בע""\מ",,"בירה גולדסטאר שישייה בקבוק 330 מ""ל",ליטרים,1.98,ליטר,false,1,49.90,25.2020,true,1,258125
7290008464796,false,"בירה היינקן, מארז שישייה, בקבוק 330 מ''ל",טמפו משקאות בע''מ,,"בירה הייניקן שישייה בקבוק 330 מ""ל",ליטרים,1.98,ליטר,false,1,64.90,32.7778,true,1,258128
7290008493413,false,פירורי לחם מאיר בייגל פירורי גריסיני 200 גרם,"דנשר (1963) בע,מ",IL,מאיר בייגל פירורי גריסיני 200 גרם,גרמים,200.00,100 גרם,false,1,7.90,0.0395,true,1,263653
7290008535212,false,תפוגן טוגן זיג זג 800 גרם,"תעשיות תפוגן בע""מ",IL,תפוגן טוגן זיג זג 12*800גרם,גרמים,800.00,100 גרם,false,1,13.90,0.0174,true,1,260100
7290008612166,false,פלסטרים שקופים 5 גדלים,פארמה פלסט,EG,פלסטר מיקס 48 יחידות,לא מנהל יחידת מידה,0.00,לא מנהל יחידת מידה,false,1,10.90,0.0000,true,1,309257
7290008634045,false,"פלסטר שקוף 30 יחידות ""SUNNY PLASTER""",אינטרסן (1996) בעמ,,פלסטר לילדים סאני 30 יחידות,יחידה,1.00,יחידה,false,1,6.90,6.9000,true,1,277638
7290008644112,false,אחלה יום יום סלט מטבוחה יום יום 125 גרם,שטראוס גרופ בעמ/מצונן,IL,סלט מטבוחה יום יום 125 גרם,גרמים,125.00,100 גרם,false,1,6.40,0.0512,true,1,258138
7290008644945,false,סלט המושבה שטראוס 450 גר`-טעם הטבע,שטראוס בריאות ירקות טריי,IL,סלט המושבה 450 גרם שטראוס טעם הטבע,גרמים,450.00,100 גרם,false,1,13.90,0.0309,true,1,258142
7290008645935,false,אחלה חומוס לניגוב 750 גרם,שטראוס גרופ בעמ/מצונן,IL,חומוס 750 אחלה,גרמים,750.00,100 גרם,false,1,11.90,0.0159,true,1,261700
7290008670012,false,"יין אדום קברנה סוביניון רקנאטי 750 מ""ל",היכל היין שקד גולן בעמ,IL,רקנטי - קברנה סוביניון 2017 750 מל,מיליליטרים,750.00,"100 מ""ל",false,1,69.90,0.0932,true,1,258144
7290008670029,false,"יין אדום מרלו רקנאטי 750 מ""ל",היכל היין שקד גולן בעמ,IL,רקנטי - מרלו 2017 750 מל,מיליליטרים,750.00,"100 מ""ל",false,1,69.90,0.0932,true,1,258145
7290008670142,false,"יין רקנאטי יסמין אדום 2019 750 מ""ל",היכל היין שקד גולן בעמ,IL,רקנטי - יסמין אדום 2017,מיליליטרים,750.00,"100 מ""ל",false,1,45.90,0.0612,true,1,260036
7290008670159,false,"יין לבן יסמין רקנאטי 750 מ""ל",היכל היין שקד גולן בעמ,IL,"יין יסמין לבן רקנאטי 750 מ""ל",מיליליטרים,750.00,"100 מ""ל",false,1,45.90,0.0612,true,1,260037
7290008670210,false,"יין אדום שירז רקנאטי אחים שקד 750 מ""ל",היכל היין שקד גולן בעמ,IL,רקנטי - שיראז 2017 750 מל,מיליליטרים,750.00,"100 מ""ל",false,1,69.90,0.0932,true,1,262007
7290008693134,false,מעדן גבינה ויוגורט בטעם תות 5% שומן 88 ג' דניאלה,שטראוס גרופ בעמ/מצונן,IL,דניאלה תות,גרמים,88.00,100 גרם,false,1,4.90,0.0557,true,1,258170
7290008745239,false,תפוצ'יפס קראנצ' בטעם טבעי עלית 50 גרם,"שטראוס פריטו ליי בע""\מ )",IL,תפו קראנצ טבעי 50 גר 48 יח - שמיטה,גרמים,50.00,100 גרם,false,1,5.90,0.1180,true,1,258196
7290008747547,false,תפוצ'יפס קראנץ' בטעם טבעי עלית 200 גרם,"שטראוס פריטו ליי בע""\מ )",IL,תפו קראנצ טבעי 200 גר 12 יח - שמיטה,גרמים,200.00,100 גרם,false,1,15.50,0.0775,true,1,258201
7290008750264,false,"מסטיק מאסט ציקלס דובדבן 28 גרם לל""ס מגדים",שטראוס גרופ בע`מ,IL,מסטיק מאסט דובדבן 28 גרם,גרמים,28.00,100 גרם,false,1,6.00,0.2143,true,1,258208
7290008752244,false,תפוצ'יפס קראנץ' בטעם גריל עלית 50 גרם,"שטראוס פריטו ליי בע""\מ )",IL,תפו קראנצ גריל 50 גר 48 יח - שמיטה,גרמים,50.00,100 גרם,false,1,5.90,0.1180,true,1,258211
7290008753111,false,תפוצ'יפס קראנץ' בטעם מקסיקני עלית 50 גרם,"שטראוס פריטו ליי בע""\מ )",IL,תפו קראנצ מקסיקני 50 גר 48 יח- שמיטה,גרמים,50.00,100 גרם,false,1,5.90,0.1180,true,1,258213
7290008754415,false,גומי מאסט בטעם ספירמינט עדין פליפטופ 28 ג' עלית,שטראוס גרופ בע`מ,IL,מסטיק מאסט ספירמינט עדין 28 גרם,גרמים,28.00,100 גרם,false,1,6.00,0.2143,true,1,262798
7290008754422,false,גומי מאסט בטעם פפרמינט קלאסי פליפטופ 28 ג' עלית,שטראוס גרופ בע`מ,IL,מסטיק מאסט פפרמינט קלאסי 28 גרם,גרמים,28.00,100 גרם,false,1,6.00,0.2143,true,1,262799
7290008757010,false,"שוופס ביטר לימון 250 מ""ל - בודד",יפאורה שותפות מובגלת לשיווק,IL,שוופס ביטר למון 250 מל,מיליליטרים,250.00,"100 מ""ל",false,1,8.50,0.0340,true,1,265903
7290008757034,false,"שוופס סודה זכוכית 250 מ""ל",יפאורה שותפות מוגבלת לשיווק,IL,"שוופס סודה 250 מ""ל זכוכית",מיליליטרים,250.00,"100 מ""ל",false,1,6.90,0.0276,true,1,258219
7290008775816,false,ערגליות עוגיות במילוי שוקולד אסם 300 גרם,קבוצת אוסם סחר שותפות מוגבלת,IL,ערגליות שוקולד 6*300גרם,גרמים,300.00,100 גרם,false,1,13.90,0.0463,true,1,258221
7290008801157,false,"יין מרלו סלקטד כרמל כרמל 750 מ""ל",אגודת הכורמים -כרמל מזרחי,,"יין סלקטד מרלו 750 מ""ל",מיליליטרים,750.00,"100 מ""ל",false,1,35.90,0.0479,true,1,258228
7290008801522,false,יין קינג דויד קונקורד אדום מתוק 750 מל,אגודת הכורמים הקואופרטיב,IL,כרמל קינג דיויד קונקורד- יין אדום ממותק 750 מל,מיליליטרים,750.00,"100 מ""ל",false,1,28.90,0.0385,true,1,258792
7290008801843,false,סלקטד קברנה סובניון יקבי כרמל (750 מל),אגודת הכורמים בעמ,IL,כרמל סלקטד קברנה סוביניון יין אדום יבש 2017 750 מל,מיליליטרים,750.00,"100 מ""ל",false,1,35.90,0.0479,true,1,258233
7290008801850,false,סלקטד אמרלד ריזלינג לבן חצי יבש 750 מל,אגודת הכורמים הקואופרטיב,IL,כרמל סלקטד אמרלד ריזלינג-קולומברד 2018,מיליליטרים,750.00,"100 מ""ל",false,1,35.90,0.0479,true,1,258234
7290008802291,false,יין מרלו פרייבט קולקשן יקבי כרמל,אגודת הכורמים הקואופרטיב,IL,כרמל פרייבט קולקשן מרלו 2018 יין אדום יבש 750 מל,מיליליטרים,750.00,"100 מ""ל",false,1,45.90,0.0612,true,1,258235
7290008802895,false,יין קברנה סוביניון פרייבט קולקשן יקבי כרמל,אגודת הכורמים הקאופורטיב,IL,"יין P.C קברנה סוביניון 750 מ""ל",מיליליטרים,750.00,"100 מ""ל",false,1,45.90,0.0612,true,1,258238
7290008806305,false,"שלגון פצפצים ""שטראוס""","מיוצר ע"" גלידת שטראו",IL,שלגון פצפצים תות בננה עם סוכרי,גרמים,97.00,100 גרם,false,1,8.90,0.0918,true,1,258259
7290008806961,false,גלידה שוקולד שבבי שוקולד פרה 1.33 ל' קרמיסימו,"גלידת שטראוס בע""\מ, רחוב",IL,קרמיסימו קרמיסימו בטעם שוקולד צ'יפ 1.33 ליטר,ליטרים,1.33,ליטר,false,1,33.90,25.4887,true,1,258262
7290008806985,false,נישנושים גלידה שוקו וניל בציפוי שוקולד 60 יח' קרמיסימו,"גלידת שטראוס בע""\מ, רחוב",,גלידונית קרמיסימו 1/60 630 גרם פרווה,גרמים,630.00,100 גרם,false,1,57.90,0.0919,true,1,258263
7290008880112,false,מצת קליפר,Flamagas SA Barcelon,,מצת קליפר,לא מנהל יחידת מידה,0.00,לא מנהל יחידת מידה,false,1,7.50,0.0000,false,1,285414
7290008909761,false,"קרלסברג בקבוק יחיד 330מ""ל",החברה המרכזית להפצת משקאות בעמ,IL,"קרלסברג בק 330 מ""ל פקדון",מיליליטרים,330.00,"100 מ""ל",false,1,14.90,0.0452,true,1,254954
7290008909853,false,"קוקה קולה זירו בקבוק 500 מ""ל.",החברה המרכזית להפצת משקאות בעמ,IL,"קולה ZERO בקבוק 500 מ""ל",מיליליטרים,500.00,"100 מ""ל",false,1,9.50,0.0190,true,1,265036
7290008909884,false,"קוקה קולה זירו 350 מ""ל בקבוק זכוכית",החברה המרכזית להפצת משקאות בעמ,IL,"קולה ZERO קלאסי 350 מ""ל",מיליליטרים,330.00,"100 מ""ל",false,1,8.50,0.0258,true,1,271711
7290009183436,false,לחמיניה וילי דוג,יושלם,,לחמניה וילי דוג 100 גר,גרמים,100.00,100 גרם,false,1,3.40,0.0340,true,1,267170
7290009398113,false,חלה מתוקה,"גידרון תעשיות בע""מ",,חלה מתוקה ח א,גרמים,560.00,100 גרם,false,1,12.90,0.0230,true,1,261906
7290009957808,false,פרצל אפוי גדרון א.ק,גדרון,IL,פרצל אפוי גדרון א.ק,יחידה,1.00,יחידה,false,1,5.90,5.9000,true,1,307274
7290010117864,false,דוריטוס חטיף תירס בטעם חריף אש עלית 70 גרם,"שטראוס פריטו ליי בע""\מ )",IL,דוריטוס חריף אש 70 גרם,גרמים,70.00,100 גרם,false,1,6.90,0.0986,true,1,263175
7290010117970,false,סבבה בוטנים קלויים מצופים - אריזה אישית,"שטראוס פריטו ליי בע""מ",IL,בוטנים אמריקאים סבבה 50 גרם,גרמים,50.00,100 גרם,false,1,3.00,0.0600,true,1,265661
7290010129010,false,עוגיות כתר ריבה דולצ`ה ויטה (600 גרם),שיבולים יצור ושיווק מוצרי מאפה,IL,עוגיות כתר ריבה 600 גרם,גרמים,600.00,100 גרם,false,1,18.90,0.0315,true,1,260453
7290010129027,false,עוגיות מרוקאיות דולצ`ה ויטה (600 גרם),שיבולים יצור ושיווק מוצרי מאפה,IL,עוגיות מרוקאיות 600 גרם,גרמים,600.00,100 גרם,false,1,21.90,0.0365,true,1,260454
7290010129041,false,עוגיות רייבה דולצ`ה ויטה (600 גרם),שיבולים יצור ושיווק מוצרי מאפה,IL,עוגיות מלוחות 600 גרם,גרמים,600.00,100 גרם,false,1,18.90,0.0315,true,1,260456
7290010129300,false,עוגיות רייף 350ג מאפים של אדל,שיבולים יצור ושיווק מוצרי מאפה,IL,עוגיות רייף מרוקאיות 350 גרם,גרמים,350.00,100 גרם,false,1,23.00,0.0657,true,1,261933
7290010129324,false,עוגיות מעמול דולצה ויטה 600 גר,שיבולים יצור ושיווק מוצרי מאפה,IL,עוגיות מעמול 600 גרם,גרמים,600.00,100 גרם,false,1,18.20,0.0303,true,1,261699
7290010129553,false,עוגיות רולדה תמרים דולצ`ה ויטה (600 גרם),שיבולים יצור ושיווק מוצרי מאפה,IL,עוגיות רולדה תמרים 600 גרם,גרמים,600.00,100 גרם,false,1,19.90,0.0332,true,1,302065
7290010129652,false,עוגיות לקפה 350ג מאפים של אדל,שיבולים יצור ושיווק מוצרי מאפה,IL,עוגיות לקפה 350 גרם,גרמים,350.00,100 גרם,false,1,23.00,0.0657,true,1,302072
7290010129720,false,עוגיות שמרים קינמון 400 גרם דולצה ויטה,שיבולים יצור ושיווק מוצרי מאפה,IL,עוגיות שמרים שניק קינמון 400 גרם,גרמים,400.00,100 גרם,false,1,13.90,0.0348,true,1,302077
7290010129942,false,עוגיות שמרים 500 גרם דולצה ויטה,שיבולים יצור ושיווק מוצרי מאפה,IL,אדל עוגת קרנץ בטעם שוקולד 500 גרם,גרמים,500.00,100 גרם,false,1,15.90,0.0318,true,1,286259
7290010129959,false,עוגיות שמרים 400 גרם דולצה ויטה,שיבולים יצור ושיווק מוצרי מאפה,IL,עוגיות שמרים רוגלך 400 גרם,גרמים,400.00,100 גרם,false,1,13.90,0.0348,true,1,286260
7290010133536,false,סיגריה אלקטרונית חפ,קלאס ספא,CN,סיגריה אלקטרונית ח״פ אייס אוכמניות 3000 שאיפות,יחידה,1.00,יחידה,false,1,99.90,99.9000,true,1,310917
7290010133543,false,סיגריה אלקטרונית חפ,קלאס ספא,CN,סיגריה אלקטרונית ח״פ אייס ענבים 3000 שאיפות,יחידה,1.00,יחידה,false,1,99.90,99.9000,true,1,310918
7290010133550,false,סיגריה אלקטרונית חפ,קלאס ספא,CN,סיגריה אלקטרונית ח״פ אייס תות 3000 שאיפות,יחידה,1.00,יחידה,false,1,99.90,99.9000,true,1,310919
7290010133574,false,סיגריה אלקטרונית סמא,shenzhen hot technol,CN,סיגריה אלקטרונית סמארט אוכמניות אייס 3000 שאיפות,יחידה,1.00,יחידה,false,1,99.90,99.9000,true,1,311513
7290010133581,false,סיגריה אלקטרונית סמא,shenzhen hot technol,CN,סיגריה אלקטרונית סמארט תות אייס 3000 שאיפות,יחידה,1.00,יחידה,false,1,99.90,99.9000,true,1,311511
7290010133598,false,סיגריה אלקטרונית סמא,shenzhen hot technol,CN,סיגריה אלקטרונית סמארט מנגו אייס 3000 שאיפות,יחידה,1.00,יחידה,false,1,99.90,99.9000,true,1,311514
7290010133604,false,סיגריה אלקטרונית סמא,shenzhen hot technol,CN,סיגריה אלקטרונית סמארט ענבים אייס 3000 שאיפות,יחידה,1.00,יחידה,false,1,99.90,99.9000,true,1,311509
7290010133611,false,סיגריה אלקטרונית סמא,shenzhen hot technol,CN,סיגריה אלקטרונית סמארט פירות אייס 3000 ש,יחידה,1.00,יחידה,false,1,99.90,99.9000,true,1,311508
7290010133628,false,סיגריה אלקטרונית סמא,shenzhen hot technol,CN,סיגריה אלקטרונית סמארט מלון אייס 3000 שאיפות,יחידה,1.00,יחידה,false,1,99.90,99.9000,true,1,311510
7290010154012,false,לימון בלאדי תבליני ביטון יוחאי (250 גרם),נטו מלינדה סחר בע`מ,IL,לימון כבוש בלאדי 250 גרם,גרמים,250.00,100 גרם,false,1,16.50,0.0660,true,1,257751
7290010154678,false,אריסה מרוקאית תבליני ביטון 250 גרם,תבליני יוחאי ביטון,IL,אריסה מרוקאית 250 גרם,גרמים,250.00,100 גרם,false,1,15.90,0.0636,true,1,298165
7290010163069,false,צנובר 100 גרם שקית שקדיה,דין שיווק וקליה 2021 בעמ,IL,צנובר 100 גרם,גרמים,100.00,100 גרם,false,1,29.90,0.2990,true,1,308755
7290010173044,false,"יין בר הרי גליל מרלו 750 מ""ל",היכל היין שקד גולן בעמ,IL,"הרי גליל מרלו יין אדום יבש, 750 מל",מיליליטרים,750.00,"100 מ""ל",false,1,45.90,0.0612,true,1,259410
7290010173068,false,יין בר הרי גליל קברנה סוביניון 750 מל,היכל היין שקד גולן בעמ,IL,יקבי הרי גליל קברנה סוביניון 750 מל,מיליליטרים,750.00,"100 מ""ל",false,1,45.90,0.0612,true,1,259418
7290010192816,false,תמר מג'הול ללא גלעין 45,תימורת הערבה,IL,תמר מגהול ללא גלעין 45 גרם,גרמים,45.00,100 גרם,false,1,5.90,0.1311,true,1,309748
7290010237531,false,משקה מוגז בטעם קולה פפסי (500 מל),סנו מפעלי ברונוס.,IL,פפסי 500 מל בקבוק,מיליליטרים,500.00,"100 מ""ל",false,1,7.90,0.0158,true,1,261812
7290010237548,false,"פפסי מקס דל קלוריות 500 מ""ל בקבוק",טמפו משקאות בע`מ,IL,פפסי מקס בקבוק 500 מל,מיליליטרים,500.00,"100 מ""ל",false,1,7.90,0.0158,true,1,261813
7290010237562,false,משקה מוגז בטעם תפוזים מירנדה (500 מל),טמפו משקאות בע`מ,IL,מירינדה 500 בקבוק 24 יח',מיליליטרים,500.00,"100 מ""ל",false,1,7.90,0.0158,true,1,261814
7290010237579,false,משקה מוגז בטעם ליים סבן אפ (500 מל),טמפו משקאות בע`מ,IL,סבן אפ 500 בקבוק,מיליליטרים,500.00,"100 מ""ל",false,1,9.50,0.0190,true,1,261815
7290010237685,false,"הייניקן בירה צואר ארוך 330מ""ל",טמפו משקאות בע''מ,IL,"בירה היינקן, בקבוק 330 מ''ל",מיליליטרים,330.00,"100 מ""ל",false,1,15.90,0.0482,true,1,258129
7290010237890,false,"בירה הייניקן בקבוק 500 מ""ל חוזר",טמפו משקאות בע''מ,IL,"בירה היינקן, בקבוק חוזר 500 מ""ל",מיליליטרים,500.00,"100 מ""ל",false,1,11.90,0.0238,true,1,261750
7290010259823,false,מנת השף נודלס בטעם עוף וילי פוד (70 גרם),ג. וילי-פוד אינטרנשיונל בע`מ,TH,מנת השף- מרק עם נודלס בטעם עוף,גרמים,70.00,100 גרם,false,1,6.90,0.0986,true,1,262281
7290010259830,false,מנת השף נודלס בסגנון סיני פיקנטי וילי פוד 70 גרם,ג. וילי-פוד אינטרנשיונל בע`מ,TH,ויליפוד מנת השף נודלס בטעם סיני-פיקנטי 70 גרם,גרמים,70.00,100 גרם,false,1,6.90,0.0986,true,1,262282
7290010259847,false,מנת השף מרק עם נודלס בטעם תירס ויליפוד 70 גרם,ג. וילי-פוד אינטרנשיונל בע`מ,TH,ויליפוד מנת השף נודלס בטעם תירס 70 גרם,גרמים,70.00,100 גרם,false,1,6.90,0.0986,true,1,262283
7290010259854,false,מנת השף מרק עם נודלס בטעם פטריות ויליפוד 70 גרם,ג. וילי-פוד אינטרנשיונל בע`מ,TH,ויליפוד מנת השף נודלס בטעם פטריות 70 גרם,גרמים,70.00,100 גרם,false,1,6.90,0.0986,true,1,264482
7290010328093,false,ממרח חלווה אחווה 400 ג' מהדרין,אחדות ביחר לטחינה חל,IL,אחוה ממרח חלוה 400 גרם,גרמים,400.00,100 גרם,false,1,13.90,0.0348,true,1,263471
7290010328246,false,טחינה גולמית משומשום מלא אחווה 500 גרם,אחדות ביתחרושת לטחינה חלבה,IL,טחינה שומשום מלא אחווה 500 גרם,גרמים,500.00,100 גרם,false,1,15.90,0.0318,true,1,271360
7290010328253,false,טחינה גולמית משומשום טבעי אחווה 500 גרם,אחדות ביתחרושת לטחינה חלבה,IL,אחוה טחינה גולמית 500 גרם בפלסטיק,גרמים,500.00,100 גרם,false,1,15.90,0.0318,true,1,270701
7290010328468,false,מארז מיני חלווה אחוה בטעמים 18 יחידות 216 גרם,אחדות ביחר לטחינה חל,IL,"אחוה חטיפי מיני חלוה פיסטוק, וניל וקקאו 18 יחידות",גרמים,216.00,100 גרם,false,1,12.90,0.0597,true,1,281099
7290010328505,false,"מארז מיני חלווה 15 יחידות לל""ס אחוה 150 גרם",אחדות ביחר לטחינה חל,IL,חטיפי מיני חלוה ללא תוספת סוכר 15 יח' במגש,גרמים,150.00,100 גרם,false,1,10.90,0.0727,true,1,281100
7290010417315,false,יקבי רמת הגולן גולן,יקבי רמת הגולן קצרין,,"יין גולן מרלו 750 מ""ל",מיליליטרים,750.00,"100 מ""ל",false,1,39.90,0.0532,true,1,262308
7290010471669,false,יוגורט תות עם קורנפלקס מצופה שוקולד ללא גלוטן 3.9%,שטראוס גרופ בעמ/מצונן,IL,דנונה קראנצ תות קורנפלקס,גרמים,175.00,100 גרם,false,1,6.20,0.0354,true,1,261278
7290010609734,false,אייס לי משקה להקפאה בטעמי פירות - מארז 8 יח',דודו הדיל בעמ,IL,"שלוקים אייס לי 800 מ""ל",מיליליטרים,800.00,"100 מ""ל",false,1,6.90,0.0086,true,1,293413
7290010632121,false,כוס אימון עם ידיות ופיה רכה ML360 טוליפס פרמיום,אינטרסן (1996) בעמ,CN,כוס אימון עם ידיות רכות TULIPS,לא מנהל יחידת מידה,0.00,לא מנהל יחידת מידה,false,1,17.90,0.0000,true,1,265110
7290010632558,true,נובי כפית ארוכה,מולינו ניקולי s.p.a,CN,נובי כפיות האכלה 18 יחידות,לא מנהל יחידת מידה,0.00,לא מנהל יחידת מידה,false,1,20.90,0.0000,true,1,298639
7290010791576,false,מזון חתולים לה קט דליקטס דגי אוקיאנוס 85 גרם,דיפלומט מפיצים (1968) בעמ**,TH,לה קט דליקטס אוצרות הים 85 גרם,גרמים,85.00,100 גרם,false,1,5.90,0.0694,true,1,308737
7290010839865,false,רוטב רכז רימונים ויליפוד 320 ג',ג. וילי-פוד אינטרנשיונל בע`מ,TR,רוטב רימונים 320 גרם,מיליליטרים,320.00,"100 מ""ל",false,1,13.90,0.0434,true,1,268126
7290010849505,false,די לואיג`י רוסו דולצ`ה 750 מל למברוסקו,הכרם - משקאות חריפים בעמ,IT,"למברוסקו די לואיגי אדום 750 מ""ל",מיליליטרים,750.00,"100 מ""ל",false,1,36.90,0.0492,true,1,268495
7290010849512,false,למברוסקו די לואיג`י קאוויקיולי (750 מל),הכרם - משקאות חריפים בעמ,IT,"למברוסקו די לואיגי רוזה 750 מ""ל",מיליליטרים,750.00,"100 מ""ל",false,1,36.90,0.0492,true,1,269507
7290011015374,false,"סחוט תפוחים צלול פריגת 400 מ""ל",היינץ צפון אמריקה מק,IL,"סחוט תפוח צלול 400 מ""ל",מיליליטרים,400.00,"100 מ""ל",false,1,12.50,0.0313,true,1,266693
7290011017866,false,פחית קולה סליק קוקה-קולה (330 מל),החברה המרכזית להפצת משקאות בעמ,IL,"סליק קוקה קולה 330 מ""ל מבצע",מיליליטרים,330.00,"100 מ""ל",false,1,8.50,0.0258,true,1,274616
7290011017873,false,פחית זירו סליק קוקה-קולה (330 מל),החברה המרכזית להפצת משקאות בעמ,IL,"סליק קולה ZERO 330 מ""ל מבצע",מיליליטרים,330.00,"100 מ""ל",false,1,8.50,0.0258,true,1,274617
7290011017880,false,פחית דיאט קולה סליק קוקה-קולה (330 מל),החברה המרכזית להפצת משקאות בעמ,IL,"סליק דק""ק 330 מ""ל מבצע",מיליליטרים,330.00,"100 מ""ל",false,1,8.50,0.0258,true,1,274618
7290011018184,false,תה קר בטעם אפרסק פיוז-טי (500 מל),החברה המרכזית להפצת משקאות בעמ,IL,FUZE tea אפרסק 0.5 ליטר,מיליליטרים,500.00,"100 מ""ל",false,1,9.90,0.0198,true,1,274541
7290011018214,false,פיוז טי תה קר בטעם מנגו אננס,פארייפאבה אגרואינדוס,IL,פיוזטי מנגו אננס 0.5 ליטר,מיליליטרים,500.00,"100 מ""ל",false,1,9.90,0.0198,true,1,274543
7290011018443,false,משקה מוגז אורנג` פאנטה (330 מל),החברה המרכזית להפצת משקאות בעמ,IL,"סליק פאנטה אורנג' 330 מ""ל מבצע",מיליליטרים,330.00,"100 מ""ל",false,1,8.50,0.0258,true,1,276538
7290011018917,false,ק.קולה זירו פרידגפק סליק 330 מל שישייה,החברה המרכזית להפצת משקאות בעמ,IL,"מארז ק""ק ZERO 6 פח FRIDGE-PACK מבצע",ליטרים,1.98,ליטר,false,1,33.90,17.1212,true,1,277068
7290011051358,false,"שוופס סודה לימון זכוכית 250 מ""ל",יפאורה - שותפות מוגבלת לשיווק,IL,"שוופס סודה לימון 250 מ""ל זכוכית",מיליליטרים,250.00,"100 מ""ל",false,1,6.90,0.0276,true,1,265922
7290011081492,false,גלידה בטעם שלושה שוקולדים 1.33ל' קרמיסימו,"גלידת שטראוס בע""\מ, רחוב",IL,קרמיסימו קרמיסימו בטעם שלושה שוקולדים 1.33 ליטר,ליטרים,1.33,ליטר,false,1,33.90,25.4887,true,1,263927
7290011131371,false,מוזלי קראנצ`י שקדים ואגוזים גרין (1 קג),ויטליאה ניקולה דו,MK,מוזלי פלוס אגוזים ושקדים 1 קג,קילוגרמים,1.00,"ק""ג",false,1,29.90,29.9000,true,1,263361
7290011131395,false,מוזלי קראנצ`י 30% פירות גרין (1 קג),ויטליאה ניקולה דו,MK,גרין מוזלי קראנצ'י בתוספת 30% פירות 1 קג,קילוגרמים,1.00,"ק""ג",false,1,29.90,29.9000,true,1,263358
7290011148959,false,פלפל טינקרבל- 200 גר- מרינה,"מרינה פטריות הגליל בע""מ",IL,פלפל טינקרבל יחידה,גרמים,500.00,100 גרם,false,1,13.90,0.0278,true,1,274362
7290011194246,false,קוטג 5% 250 גרם עם סידן שטראוס,שטראוס גרופ בעמ/מצונן,IL,קוטג' 5% 250 גרם,גרמים,250.00,100 גרם,false,1,6.20,0.0248,true,1,262560
7290011223038,false,בונומי עלים לקרמשניט שכבות אפויות מבצק עלים 300 גרם,דנשר (1963) בעמ,IT,עלים לקרמשניט בונומי 300 גרם,גרמים,300.00,100 גרם,false,1,16.90,0.0563,true,1,270231
7290011223045,false,בישקוטים ליידיפינגרז בונומי (200 גרם),דנשר (1963) בעמ,IT,בונמי בישקוטים 200 גרם,גרמים,200.00,100 גרם,false,1,8.90,0.0445,true,1,270142
7290011223205,false,ריבת חלב ארגנטינאית 454 גרם,אשבל מזון פונקציונלי,IL,ריבת חלב ארגנטינאית דולקור 454 גרם,גרמים,454.00,100 גרם,false,1,17.90,0.0394,true,1,270120
7290011223243,false,"טואלט דאק ג'ל לאסלה בניחוח לבנדר 55 מ""ל","איטיליאן פוד, אס.פי.",IT,ג'ל נוזלי לאסלה בניחוח לבנדר 55 מל,מיליליטרים,55.00,"100 מ""ל",false,1,11.90,0.2164,true,1,262708
7290011249748,false,רולים גלילי ופל במילוי קרם שוקולד 100 ג' עלמה,ח.כהן סוכנות מזון ומשקאות בע,,ופל גלילית שוקולד גילרו 100 גרם,גרמים,100.00,100 גרם,false,1,3.50,0.0350,true,1,281425
7290011249755,false,רולים גלילי ופל במילוי קרם אגוזים 100 ג' עלמה,ח.כהן סוכנות מזון ומשקאות בע,,ופלים גלילית אגוזים 100 גרם,גרמים,100.00,100 גרם,false,1,3.50,0.0350,true,1,281424
7290011378233,false,"חטיפי חלווה בארכה 126 גרם מארז 7 יחידות לל""ס",קבוצת אוסם סחר שותפות מוגבלת,IL,בארכה בקטנה מגדת.ונל.לא סוכר כלפ12 7*18ג,גרמים,120.00,100 גרם,false,1,13.90,0.1158,true,1,278205
7290011378769,false,חטיף חלווה וניל בארכה 126 גרם מארז 7 יחידות,קבוצת אוסם סחר שותפות מוגבלת,IL,בארכה בקטנה מאגדת וניל כלפ.12 7*18גרם,גרמים,120.00,100 גרם,false,1,13.90,0.1158,true,1,275050
7290011379926,false,סלרי עלים ארוז יח,"מרינה פטריות הגליל בע""מ",IL,סלרי עלים ארוז יח,גרמים,400.00,100 גרם,false,1,6.90,0.0173,true,1,270106
7290011438142,false,"משקה יטבתה אייס קפה בבקבוק אישי 350 מ""ל",שטראוס גרופ בעמ/מצונן,IL,"אייס קפה 350 מ""ל",מיליליטרים,350.00,"100 מ""ל",false,1,7.50,0.0214,true,1,263792
7290011447281,false,מטרנה פרימיום חלבי שלב 2 700 גרם חיסכון,קבוצת אוסם סחר שותפות מוגבלת,IL,מטרנה פרימיום שלב 2 חלבי 700 גרם,גרמים,700.00,100 גרם,false,1,69.90,0.0999,true,1,264989
7290011499051,false,פטה כבשים מסורתית 20% בגביע 250 גרם - רובין,מחלבות גד שיווק 1992 בעמ,IL,פטה כבשים גבינה מלוחה במי מלח,גרמים,250.00,100 גרם,false,1,28.90,0.1156,true,1,263209
7290011499105,false,בולגרית מסורתית 5% 250 גרם -רבנות,מחלבות גד שיווק 1992 בעמ,IL,גבינה בולגרית 5% 250 גרם,גרמים,250.00,100 גרם,false,1,27.90,0.1116,true,1,263501
7290011499112,false,בולגרית מסורתית 16% 250 גרם - רבנות,מחלבות גד שיווק 1992 בעמ,IL,בולגריות מיוצרת בשיטה מסורתית 16% 250 גרם,גרמים,250.00,100 גרם,false,1,27.90,0.1116,true,1,263502
7290011499129,false,גבינה בולגרית מעודנת קוביות קטנות 5% גד 200 גרם,מחלבות גד שיווק 1992 בעמ,IL,קוביות בולגרית מעודנת,גרמים,200.00,100 גרם,false,1,25.90,0.1295,true,1,263631
7290011499358,false,פטה עיזים מסורתית 20% בגביע 200 גרם - רובין,מחלבות גד שיווק 1992 בעמ,IL,מחלבות גד גבינת פטה עיזים 20% שומן,גרמים,200.00,100 גרם,false,1,29.90,0.1495,true,1,265645
7290011499365,false,גבינת חלומי 24% מחלב בקר גד (200 גרם),מחלבות גד שיווק 1992 בעמ,IL,גד גבינת חלומי קשה מחלב בקר 24% שומן 200 גרם,גרמים,200.00,100 גרם,false,1,23.90,0.1195,true,1,265646
7290011499419,false,גבינה במרקם שמנת בטעם טבעי 5% ניו יורק,מחלבות גד שיווק 1992 בעמ,IL,גד מרקם שמנת ניו יורק 5% 200 גרם,גרמים,200.00,100 גרם,false,1,12.90,0.0645,true,1,266762
7290011499624,false,שמנת 30% ניו יורק טבעי 200 גרם רבנות,מחלבות גד שיווק 1992 בעמ,IL,"גד, גבינת שמנת בטעם טבעי 30% , 200 גרם",גרמים,200.00,100 גרם,false,1,14.90,0.0745,true,1,268861
7290011499853,false,שמנת 30% ניו יורק זיתים 200 גרם רובין,מחלבות גד שיווק 1992 בעמ,IL,גד ניו יורק גבינת שמנת זיתים 30% 200 גרם,גרמים,200.00,100 גרם,false,1,14.90,0.0745,true,1,271500
7290011505493,false,כף מהודרת עבה במיוחד הוסטס 50 יח',הוסטס,,כפות מהודר עבה במיוחד 50 יחידות,לא מנהל יחידת מידה,0.00,לא מנהל יחידת מידה,false,1,8.90,0.0000,true,1,294332
7290011505516,false,סכין מהודר עבה במיוחד 50 יחידות הוסטס,הוסטס Hostess,,סכינים מהודר עבה במיוחד 50 יחידות,לא מנהל יחידת מידה,0.00,לא מנהל יחידת מידה,false,1,13.90,0.0000,true,1,294330
7290011518561,false,"אקטימל תות 1.51 ק""ג מארז 14 יחידות",שטראוס גרופ בעמ/מצונן,IL,אקטימל 14 תות,ליטרים,1.40,ליטר,false,1,32.40,23.1429,true,1,263259
7290011598211,false,"סנו - אנטי קאלק מרסס ניקוי כללי 4 ב-1 700 מ""ל",החברה הדרומית לשיווק בעמ,IL,אנטי קאלק מרסס כללי רב שימושי 4 ב 1 700 מל,מיליליטרים,700.00,"100 מ""ל",false,1,21.90,0.0313,true,1,264479
7290011765095,false,קרמה מן גל גילוח אלוורה ירוק 200 מל,החברה הדרומית לשיווק בעמ,TR,קרמה מן ג'ל גילוח ירוק אלוורה,מיליליטרים,200.00,"100 מ""ל",false,1,14.90,0.0745,true,1,264915
7290011765200,false,"סנו מדיק ג'ל לניקוי ידיים עם אולוורה 300 מ""ל",החברה הדרומית לשיווק בעמ,IL,סנו מדיק ג'ל לניקוי ידיים ללא מים 300 מל,מיליליטרים,300.00,"100 מ""ל",false,1,25.90,0.0863,true,1,303992
7290011765316,false,מברשת שיניים לילדים עם שעון 4-8 אורביטול,החברה הדרומית,,מברשת שיניים אורביטול+שעון,Unknown,0.00,Unknown,false,1,18.50,0.0000,true,1,265058
7290011765446,false,משחת שיניים לילדים בוב ספוג בטעם מיץ ענבים עם פלואוריד למניעת עששת,טרופיקל דגיל תעשיות קוסמ,IL,משחת שיניים אורביטול בוב ספוג 70 גרם,גרמים,70.00,100 גרם,false,1,10.90,0.1557,true,1,264242
7290011870225,false,סוללות פוג'יקום AAA רביעייה,פוג'יקום,,סוללות פוזיקום 4AAA,יחידה,1.00,יחידה,false,1,9.90,9.9000,true,1,269365
7290011870249,false,סוללות *AAA12 פוגיקום,פוגיקום בעמ,,סוללות פוזיקום 12AAA,לא מנהל יחידת מידה,0.00,לא מנהל יחידת מידה,false,1,19.90,0.0000,true,1,272506
7290011870256,false,AA סוללות פוגיקום 4 יחידות,פוגיקום בעמ,,מארז 4 פוגיקום AA,יחידה,1.00,יחידה,false,1,9.90,9.9000,true,1,269364
7290011870270,false,פוג'יקום סוללות מארז 12 יח' AA,פוגיקום בעמ,,סוללות פוזיקום 12AA,לא מנהל יחידת מידה,0.00,לא מנהל יחידת מידה,false,1,19.90,0.0000,true,1,272507
7290011870720,false,סוללה פוגיקום גדול D,פוג'יקום,,סוללות פוזיקום D,יחידה,1.00,יחידה,false,1,23.90,23.9000,true,1,269367
7290011870737,false,סוללה פוגיקום בינוני,פוג'יקום,,סוללות פוזיקום C,יחידה,1.00,יחידה,false,1,21.90,21.9000,true,1,269366
7290011870744,false,9V סוללת פוגיקום מרובעת,פוג'יקום,,סוללות פוזיקום 9V,יחידה,1.00,יחידה,false,1,19.90,19.9000,true,1,269368
7290011877446,false,קרם נגד גירויים לתינוק עם הנוסחה המשולשת SBC,החברה הדרומית לשיווק בעמ,IL,בייבי כיף קרם נגד גירויים,מיליליטרים,100.00,"100 מ""ל",false,1,13.90,0.1390,true,1,265878
7290011877859,false,סנו אינסטלטור חדש פותח סתימות 200ג',החברה הדרומית לשיווק בעמ,IL,"פותח סתימות אינסטלטור 200 גר """,גרמים,200.00,100 גרם,false,1,16.90,0.0845,true,1,265691
7290011947309,false,זיתים מצוננים סורי מבוקע ולימון כבוש זיתא 230 ג',תה ויסוצקי (ישראל) בעמ,IL,זית סורי מבוקע,גרמים,230.00,100 גרם,false,1,14.90,0.0648,true,1,279055
7290011947781,false,מיקס זית ירוק וזית קלמטה ללא גלעין עם שמן זית כתית מעולה,תה ויסוצקי (ישראל) בעמ,IL,זית ירוק קלמטה ללא גלעין מיקס זיתא190גרם,גרמים,190.00,100 גרם,false,1,14.90,0.0784,true,1,305906
7290011947798,false,זית קלמטה ללא גלעין עם שמן זית כתית מעולה,תה ויסוצקי (ישראל) בעמ,IL,זית קלמטה ללא גלעין זיתא 190 גרם,גרמים,190.00,100 גרם,false,1,14.90,0.0784,true,1,305905
7290011964658,false,מלח לימון בקופ' 170 גר' טעם וריח,"תבליני טעם וריח בע""מ",IL,תבליני טעם וריח מלח לימון 100% 170 גרם,גרמים,170.00,100 גרם,false,1,10.90,0.0641,true,1,266790
7290011964689,false,על האש לא מונוסודיום 100 גרם 100 גרם מיכל גדול,"תבליני טעם וריח בע""מ",IL,"תבליני טעם וריח תערובת תיבול על האש, 100 גרם",Unknown,0.00,Unknown,false,1,10.90,0.0000,true,1,269168
7290011996031,false,אטריות ביצים טעמי אסיה (454 גרם),טחנת האבן קואופ בעמ,,אטריות ביצים 454 גרם,גרמים,454.00,100 גרם,false,1,8.90,0.0196,true,1,265280
7290011996062,false,אורז לבן עגול מתאים להכנת סושי,טחנת האבן קואופ בעמ,,"אורז לסושי 1 ק""ג",קילוגרמים,1.00,"ק""ג",false,1,13.90,13.9000,true,1,264899
7290011996123,false,אצות לסושי נורי גולד 10 יחידות,טחנת האבן קואופ בעמ,,דפי אצות ים נורי 10 יח,גרמים,25.00,100 גרם,false,1,11.90,0.4760,true,1,266463
7290011996185,false,חומץ אורז לבן לסושי טעמי אסיה (250 מל),טחנת האבן קואופ בעמ,,"חומץ אורז 250 מ""ל",מיליליטרים,250.00,"100 מ""ל",false,1,8.50,0.0340,true,1,265491
7290011996222,false,מי קוקוס טעמי אסיה (400 מל),טחנת האבן קואופ בעמ,,"חלב קוקוס אסיה 400 מ""ל",מיליליטרים,400.00,"100 מ""ל",false,1,7.80,0.0195,true,1,267051
7290011996499,false,אטריות אורז דקות טעמי אסיה (400 גרם),טחנת האבן קואופ בעמ,,מקלוני אורז דקים 400 גרם,גרמים,400.00,100 גרם,false,1,9.90,0.0248,true,1,265946
7290011996529,false,אטריות אורז 5 סמ טעמי אסיה (400 גרם),טחנת האבן קואופ בעמ,,"אטריות אורז 5 מ""מ 400 גרם",גרמים,400.00,100 גרם,false,1,9.90,0.0248,true,1,265990
7290011996703,false,טעם אסיה אצות וקאמה 100גר,טחנת האבן קואופ בעמ,,אצות וואקאמה מיובשות 100 גרם,גרמים,100.00,100 גרם,false,1,12.00,0.1200,true,1,268437
7290011996765,false,"אבקה ווסאבי 70 גרם ""אסיה""",טחנת האבן קואופ בעמ,,וואסבי שפורפרת 43 גרם,גרמים,43.00,100 גרם,false,1,10.90,0.2535,true,1,267125
7290011996819,false,"מקלוני אטריות שעועית 250 גרם ""אסיה""",טחנת האבן קואופ בעמ,,אטריות סיניות מקלוני שעועית 250 גרם,גרמים,250.00,100 גרם,false,1,9.90,0.0396,true,1,266906
7290012116612,false,אורביטול מברשת שיניים סופט 4 יח`,החברה הדרומית לשיווק בעמ,CN,אורביטול מברשת שיניים 1/4,לא מנהל יחידת מידה,0.00,לא מנהל יחידת מידה,false,1,13.90,0.0000,true,1,271099
7290012116629,false,תחליב רול און דוחה יתושים לתינוקות ולילדים סנו די,החברה הדרומית לשיווק בעמ,IL,סנו די תחליב דוחה יתושים לתינוקות ולילדים 50 מל,מיליליטרים,50.00,"100 מ""ל",false,1,22.90,0.4580,true,1,267198
7290012117091,false,"אבקת כביסה סנסיטיב סנו מקסימה 6 ק""ג",החברה הדרומית לשיווק בעמ,IL,אבקת כביסה מרוכזת SENSITIVE,קילוגרמים,6.00,"ק""ג",false,1,49.90,8.3167,true,1,268470
7290012117558,false,מקסימה מרכך כביסה מרוכז ורוד בניחוח מאסק סנו 1 ליטר,החברה הדרומית לשיווק בעמ,IL,מקסימה מרכך כביסה מרוכז מאסק 1 ליטר,ליטרים,1.00,ליטר,false,1,18.90,18.9000,true,1,268868
7290012139499,false,בג עצם לחוצה מעושנת בציפוי עוף 5 מקט ח,דיפלומט מפיצים (1968) בעמ**,,"בונזו ג""וי עצם לחוצה מעושנת בצ",גרמים,160.00,100 גרם,false,1,21.90,0.1369,true,1,308780
7290012226120,false,קבנוס זוגלובק (45x3 גרם),נקניק נהריה כשר זוגל,IL,זוגלובק קבנוס 135 גרם,גרמים,135.00,100 גרם,false,1,12.90,0.0956,true,1,269915
7290012226939,false,קבנוס עם צ'ילי חריף זוגלובק 135 גרם,נקניק נהריה כשר זוגל,IL,זוגלובק קבנוס עם צ'ילי חריף 135 גרם,גרמים,135.00,100 גרם,false,1,12.90,0.0956,true,1,270969
7290012227325,false,סלמי דק דק מעושן איטלקי 120 ג' זוגלובק,זוגלובק שיווק בעמ,IL,זוגלובק סלמי מעושן איטלקי 120 גרם דק דק דק,גרמים,120.00,100 גרם,false,1,15.90,0.1325,true,1,296168
7290012227981,false,פסטרמה דק דק ברביקיו 120 ג' זוגלובק,זוגלובק שיווק בעמ,IL,זוגלובק פסטרמה ברביקיו 120 גרם דק דק דק,גרמים,120.00,100 גרם,false,1,15.90,0.1325,true,1,296171
7290012228261,false,נקנקיות קנקרס הודו ועוף ריינהולד'ס זוגלובק 300 ג',זוגלובק שיווק בעמ,IL,זוגלובק נקניקיות הודו פרמיום קנקרס ריינהולד'ס,גרמים,300.00,100 גרם,false,1,19.90,0.0663,true,1,293431
7290012245176,false,וופל ציפס קריספי קפוא 700ג,קפוא זן תעשיות מזון בעמ,BE,CHIPS וופל ציפס קריספי 700גרם,גרמים,700.00,100 גרם,false,1,14.90,0.0213,true,1,310111
7290012245183,false,צ'יפס קריספי קלאסי 700 גרם,קפוא זן תעשיות מזון בעמ,BE,CHIPS ציפס קריספי קלאסי700גרם,גרמים,700.00,100 גרם,false,1,12.90,0.0184,true,1,310112
7290012245275,false,"גולד ציפס בטטה קריספי 1 ק""ג",קפוא זן תעשיות מזון בעמ,BE,"CHIPS ציפס בטטה קריספי 1 ק""ג",קילוגרמים,1.00,"ק""ג",false,1,26.90,26.9000,true,1,310113
7290012263453,false,מד חום גמיש מהיר,גזיאנג,CN,מד חום גמיש מהיר,יחידה,1.00,יחידה,false,1,21.90,21.9000,true,1,305609
7290012309311,false,ערמונים קלופים שלמים 100 גר`,דין שיווק וקליה 2021 בעמ,,ערמונים מקולפים 105 גרם,גרמים,105.00,100 גרם,false,1,7.90,0.0752,true,1,310945
7290012313264,false,כרוב כבוש קבוצת יבנה,קבוצת יבנה מוצרי מזון בעמ,IL,כרוב כבוש 560 גרם יבנה,גרמים,560.00,100 גרם,false,1,9.90,0.0177,true,1,293761
7290012404177,false,"שוופס Fruits תפוח זכוכית 330 מ""ל",יפאורה שותפות מוגבלת לשיווק,IL,"שוופס מוגז פירות תפוחים 330 מ""ל זכוכית",מיליליטרים,330.00,"100 מ""ל",false,1,9.90,0.0300,true,1,268005
7290012404184,false,שוופס מוגז פירות לימונים 330 מל,יפאורה שותפות מוגבלת לשיווק,IL,"שוופס מוגז פירות לימונים 330 מ""ל זכוכית",מיליליטרים,330.00,"100 מ""ל",false,1,9.90,0.0300,true,1,267968
7290012483233,false,אנשובי ארוך בשמן זית בצנצנת ויליפוד 80 גרם,נמצאו,ES,אנשובי ארוך בשמן זית 80 גרם,גרמים,80.00,100 גרם,false,1,14.90,0.1863,true,1,267940
7290012522581,false,טבעול שניצל תירס ללא גלוטן טבעול 664 גרם,קבוצת אוסם סחר-שות.מוגבלת,IL,טבעול שניצל תירס ללא גלוטן 6*664גרם,גרמים,660.00,100 גרם,false,1,30.90,0.0468,true,1,273154
7290012525452,false,טילון אקסטרים נוק אאוט שוקו וניל 70ג',גלידות נסטלה )נגה גלידות,IL,אקסטרים טילון שוקו וניל בדצ 24*70גרם-חדש,גרמים,70.00,100 גרם,false,1,10.50,0.1500,true,1,267186
7290012576591,false,רזרב גוורצטרמינר 750 מל יקבי ברקן,יקבי ברקן שיווק והפצה בע,IL,"גוורצטרמינר רזרב 750 מ""ל",מיליליטרים,750.00,"100 מ""ל",false,1,54.90,0.0732,true,1,299848
7290012588570,false,ווטר בוקס מי מעיין 5,בורסה פזרי,IE,"ווטר בוקס מי מעיין 500 מ""ל",מיליליטרים,500.00,"100 מ""ל",false,1,6.60,0.0132,true,1,311879
7290012645112,false,יוגורט עיזים 2.8% בדלי חלב הארץ 750 גרם,שטראוס גרופ בעמ/מצונן,IL,חלב הארץ יוגורט עיזים 2.8% 750 גרם,מיליליטרים,750.00,"100 מ""ל",false,1,21.90,0.0292,true,1,295803
7290012645129,false,יוגורט כבשים 5% בדלי חלב הארץ 750 גרם,שטראוס גרופ בעמ/מצונן,IL,חלב הארץ יוגורט כבשים בדלי 5% שומן 750 גרם,מיליליטרים,750.00,"100 מ""ל",false,1,21.90,0.0292,true,1,295802
7290012697081,false,סוכרזית מהטבע סטיוויה 100שקיות 100גרם,שטראוס גרופ בע`מ,IL,סוכרזית סטיוויה 100 שקיות,גרמים,100.00,100 גרם,false,1,32.90,0.3290,true,1,272915
7290012724817,false,נענע יח בשקית,"מרינה פטריות הגליל בע""מ",IL,נענע ארוז ליח,גרמים,70.00,100 גרם,false,1,5.90,0.0843,true,1,278889
7290012724824,false,שמיר טרי ארוז,"מרינה פטריות הגליל בע""מ",IL,שמיר ארוז ליח,גרמים,70.00,100 גרם,false,1,5.90,0.0843,true,1,278886
7290012724831,false,כוסברה ארוז ליח,"מרינה פטריות הגליל בע""מ",IL,כוסברה ארוז ליח,גרמים,70.00,100 גרם,false,1,5.90,0.0843,true,1,278887
7290012724848,false,פטרוזיליה יח בשקית,"מרינה פטריות הגליל בע""מ",IL,פטרוזיליה ארוז ליח,גרמים,70.00,100 גרם,false,1,5.90,0.0843,true,1,278888
7290012759017,false,חטיף אישי קשיו שקד פיסטוק 50 גר' - ממה,טחנת האבן קואופ בעמ,,חטיף אנרגיה מיקס ממה 50 גרם,גרמים,50.00,100 גרם,false,1,8.50,0.1700,true,1,267153
7290012759031,false,חטיף אישי בננה פקאן 50 גר' - ממה,טחנת האבן קואופ בעמ,,חטיף אנרגיה בננה ופקאן ממה אישי 50 גרם,גרמים,50.00,100 גרם,false,1,8.50,0.1700,true,1,267305
7290012759215,false,חטיף אישי קינואה ואגוזים 30 גר`,טחנת האבן קואופ בעמ,,חטיף אנרגיה קינואה טחינה אגוזים ממה 25 ג,גרמים,25.00,100 גרם,false,1,8.50,0.3400,true,1,278074
7290012759284,false,חטיף דגנים עם קקאו 30 גר,ממה חטיפי אנרגיה,,חטיף דגנים מלאים בקרם אגוזי לוז וקקאו 25,גרמים,25.00,100 גרם,false,1,8.50,0.3400,true,1,281691
7290012759291,false,אגוזים מייפל ומלח הי,"טחנת האבן תעשיות בע""",IL,אגוזים מייפל ומלח הימלאיה בשקית 50גרם,גרמים,50.00,100 גרם,false,1,8.90,0.1780,true,1,309957
7290012759635,false,כדורי תמרים וקקאו 5,ממה חטיפי אנרגיה,IL,כדורי תמרים וקקאו 50גרם,גרמים,50.00,100 גרם,false,1,8.90,0.1780,true,1,297584
7290012759710,false,חטיף בראוניז קוקוס ו,ממה חטיפי אנרגיה,IL,חטיף בראוניז קוקוס ואגוז מלך 50 גרם,גרמים,50.00,100 גרם,false,1,8.90,0.1780,true,1,302306
7290012759727,false,חטיף בראוניז תמר שוקולד פקאן ופולי קקאו 40 גר' - ממה,טחנת האבן קואופ בעמ,IL,חטיף בראוניז פקאן ופולי קקאו 50 גרם,גרמים,50.00,100 גרם,false,1,8.90,0.1780,true,1,302305
7290012759949,false,חטיף אישי חלבון תמר לוז וצ`יה 50 גר`,טחנת האבן קואופ בעמ,IL,מארז חטיף חלבון תמר קרם לוז יה עם חלבון,גרמים,50.00,100 גרם,false,1,10.90,0.2180,true,1,305907
7290012759956,false,חטיף אישי חלבון תמר פקאן וקשיו 50 גר`,טחנת האבן קואופ בעמ,IL,מארז חטיף חלבון תמר פקאן עם חלבון,גרמים,50.00,100 גרם,false,1,10.90,0.2180,true,1,305908
7290012760761,false,"סופהרב - ויטמין 1000 D3 סופטג'ל בד""ץ 90 כמוסות רכות",LTD .AMBROZIA,IL,ויטמין D3 כמוסות 90 100 סופהרב,יחידה,1.00,יחידה,false,1,44.90,44.9000,true,1,306115
7290012803352,false,רייד תרסיס קוטל יתושים/זבובים 300 מל,אס.סי.ג'ונסון מידרכט,NL,רייד קוטל זבובים ויתושים 300 מל,מיליליטרים,300.00,"100 מ""ל",false,1,22.90,0.0763,true,1,269630
7290012803765,false,טוסו שוקולד מריר ללא תוספת סוכר 100 גרם,אלטינמארקה גידה סאן,TR,טוסו שוקולד מריר ללא תוספת סוכר 100 גרם,גרמים,100.00,100 גרם,false,1,12.60,0.1260,true,1,273971
7290012803772,false,טוסו שוקולד חלב ללא תוספת סוכר 100 גרם,אלטינמארקה גידה סאן,TR,טוסו שוקולד חלב ללא תוספת סוכר 100 גרם,גרמים,100.00,100 גרם,false,1,12.60,0.1260,true,1,273972
7290012823398,false,מטליות חד פעמיות לניקוי הרצפה בניחוח מרכך כביסה 10יח' סנו,החברה הדרומית לשיווק בעמ,IL,"סנו רצפז, מטליות לחות לניקוי הרצפה,970 גרם",יחידה,1.00,יחידה,false,1,16.90,16.9000,true,1,294767
7290012823602,false,נייר טואלט סופט סילק לבן 32 גלילים סנו,החברה הדרומית לשיווק בעמ,IL,נייר טואלט סופט 32 גלילים,מטרים,58800.00,מטר,false,1,35.90,0.0006,true,1,270739
7290012911415,false,ממרח קארי ירוק טעמי אסיה (400 גרם),קיי אר אס ספייסי פוד,,ממרח קארי ירוק 400 גרם,גרמים,400.00,100 גרם,false,1,18.00,0.0450,true,1,272603
7290012911422,false,ממרח קארי אדום טעמי אסיה (400 גרם),טחנת האבן קואופ בעמ,,ממרח קארי אדום 400 גרם,גרמים,400.00,100 גרם,false,1,18.00,0.0450,true,1,272482
7290012911439,false,"קארי ממרח צהוב 400 גרם ""אסיה""",טחנת האבן קואופ בעמ,,ממרח קארי צהוב 400 גרם,גרמים,400.00,100 גרם,false,1,18.00,0.0450,true,1,272684
7290012911477,false,קרם קוקוס טעמי אסיה (400 מל),אסיאטיק אגרו אינדסטר,,קרם קוקוס גולד 400 גרם,גרמים,400.00,100 גרם,false,1,9.90,0.0248,true,1,271578
7290012911583,false,רצועות דלעת כבושה קנפיו 100גר,טחנת האבן קואופ בעמ,,רצועות דלעת כבושה קנפיו 100 גרם,גרמים,100.00,100 גרם,false,1,12.00,0.1200,true,1,272171
7290012911804,false,שמן שומשום טעמי אסיה (150 מל),גואנגדונג גוד טייסט,,"שמן שומשום אסיה 150 מ""ל",מיליליטרים,150.00,"100 מ""ל",false,1,11.00,0.0733,true,1,271422
7290012921025,false,"בקבוק בירה מלכה בהירה 330 מ""ל",הכרם - משקאות חריפים בעמ,IL,בירה מלכה בהירה 6.5% כוהל 330 מל,מיליליטרים,330.00,"100 מ""ל",false,1,15.90,0.0482,true,1,272869
7290012921032,false,"בקבוק בירה מלכה אדמונית 330 מ""ל",הכרם - משקאות חריפים בעמ,IL,בירה מלכה אדמונית 5.5% כוהל 330 מל,מיליליטרים,330.00,"100 מ""ל",false,1,15.90,0.0482,true,1,272868
7290012921056,false,"בקבוק בירה מלכה חיטה 330 מ""ל",הכרם - משקאות חריפים בעמ,,"בירה מלכה חיטה בקבוק 330 מ""ל",מיליליטרים,330.00,"100 מ""ל",false,1,15.90,0.0482,true,1,273064
7290012921063,false,בירה מלכה הינדי בבקבוק,הכרם משקאות חריפים בעמ,IL,בירה מלכה הינדי 330 מל,מיליליטרים,330.00,"100 מ""ל",false,1,15.90,0.0482,true,1,305827
7290012962974,false,כפיות הוסטס עבה במיו,F.P.S,,כפית מהודרת עבה במיוחד 50 יחידות,לא מנהל יחידת מידה,0.00,לא מנהל יחידת מידה,false,1,10.90,0.0000,true,1,294331
7290013038432,false,מים אקווה נובה בקבוק יחיד,אקווה נובה Aqua Nova,IL,אקווה נובה מים מזוככים,ליטרים,2.00,ליטר,false,1,5.50,2.7500,true,1,268305
7290013068361,false,שמן זית אליעד כתית מ,אליעד בית בד בגולן,IL,שמן זית אליעד כתית מעולה 750 מל,מיליליטרים,750.00,"100 מ""ל",false,1,38.90,0.0519,true,1,302432
7290013068699,false,שמן זית כתית מעולה ע,בית הבד,IL,"שמן זית כתית מעולה עשיר אליעד 750מ""ל",מיליליטרים,750.00,"100 מ""ל",false,1,38.90,0.0519,true,1,304413
7290013068705,false,שמן זית ישראלי כתית750מ,אליעד בית בד בגולן,IL,שמן זית כתית מעולה קטיפתי אליעד750 מל,מיליליטרים,750.00,"100 מ""ל",false,1,38.90,0.0519,true,1,304412
7290013083685,false,תחליף חלב מטרנה אקסטרה קר שלב 3 חסכון 700 גרם,קבוצת אוסם סחר-שות.מוגבלת,IL,מטרנה אקסטרה קייר שלב 3 700 גרם,גרמים,700.00,100 גרם,false,1,69.90,0.0999,true,1,269693
7290013117212,false,בורקס פילו במילוי גבינה 600 גר`מעדנות,תנובה מרכז שיתופי לשיווק תוצרת,IL,בורקס פילו במילוי גבינה 600 גרם,גרמים,600.00,100 גרם,false,1,23.90,0.0398,true,1,268306
7290013145048,true,צנוברים,מיוצר עי קונדיטוריית,IL,"מיימונס, צנוברים, 100 גרם",Unknown,0.00,Unknown,false,1,27.90,0.0000,true,1,297175
7290013145055,true,פרג שלם,א.ל ייצור ושיווק תבל,IL,פרג שלם,גרמים,100.00,100 גרם,false,1,6.20,0.0620,true,1,297176
7290013145123,true,שקד מולבן פרוס,מיוצר עי קונדיטוריית,IL,מימונס שקד מולבן פרוס 100 גרם,Unknown,0.00,Unknown,false,1,13.90,0.0000,true,1,297785
7290013145710,false,דובדבנים מסוכרים מימונס (100 גרם),א.ל. ייצור ושיווק תבלינים בע`מ,IL,דובדבנים מסוכרים לקישוט ואפייה,גרמים,100.00,100 גרם,false,1,9.90,0.0990,true,1,268989
7290013145963,true,שמרים בואקום 125 ג,לה - סאף ייצור וסחר,CN,מימונס שמרים יבשים בואקום 125 גרם,גרמים,125.00,100 גרם,false,1,6.90,0.0552,true,1,297789
7290013153432,false,"סחוט לימונענע פריגת 400 מ""ל",היינץ צפון אמריקה מק,IL,"סחוט לימונענע 400 מ""ל",מיליליטרים,400.00,"100 מ""ל",false,1,12.50,0.0313,true,1,288807
7290013268020,false,מקסימה מרכך כביסה מרוכז בניחוח אולטרא פרש סנו 1 ליטר,החברה הדרומית לשיווק בעמ,IL,מקסימה מרכך כביסה מרוכז אולטרא פרש 1 ליטר,ליטרים,1.00,ליטר,false,1,17.90,17.9000,true,1,268920
7290013268884,false,"נוזל רצפות מאסק 2 ליטר ""ריצפז פרש""",החברה הדרומית לשיווק בעמ,IL,ריצפז פרש ניחוח מאסק 2 ליטר,ליטרים,2.00,ליטר,false,1,22.90,11.4500,true,1,270032
7290013268891,false,אוקסיג'ן ג'ל ללא אקונומיקה עם חמצן פעיל סנו 3 ליטר,החברה הדרומית לשיווק בעמ,IL,ג'ל אוקסיג'ן ללא אקונומיקה 3 ליטר,ליטרים,3.00,ליטר,false,1,34.60,11.5333,true,1,270977
7290013269003,false,מרכך כביסה סופר מרוכז בייבי לתינוקות ולעור רגיש,החברה הדרומית לשיווק בעמ,IL,מקסימה מרכך כביסה סופר מרוכז בייבי 1 ליטר,ליטרים,1.00,ליטר,false,1,18.90,18.9000,true,1,270912
7290013269287,false,סנו - מקסימה ג'ל כביסה מרוכז מאסק 3 ליטר,החברה הדרומית לשיווק בעמ,IL,מקסימה ג'ל כביסה מרוכז מאסק 3 ליטר,ליטרים,3.00,ליטר,false,1,35.90,11.9667,true,1,273260
7290013269669,false,ריצפז בניחוח פנטזיה לניקוי הרצפה,החברה הדרומית לשיווק בעמ,IL,ריצפז בניחוח פנטזיה לניקוי הריצפה 3 ליטר,ליטרים,3.00,ליטר,false,1,15.90,5.3000,true,1,275266
7290013269751,false,מטליות לחותריצפז פרש לניקוי ריצפה בניחות מלון בוטיק 10 יח' סנו,החברה הדרומית לשיווק בעמ,IL,"סנו רצפז, מטליות לחות לניקוי הרצפה.",לא מנהל יחידת מידה,7.50,לא מנהל יחידת מידה,false,1,16.90,2.2533,true,1,300059
7290013269850,false,נייר אפיה אקולוגי סנו סושי 50 יחידות,החברה הדרומית לשיווק בעמ,IL,סושי אפיה אק - עשוי מהצומח,לא מנהל יחידת מידה,0.00,לא מנהל יחידת מידה,false,1,16.70,0.0000,true,1,272111
7290013276117,false,"בקבוק בירה נגב אואזיס 330 מ""ל",הכרם - משקאות חריפים בעמ,IL,"נגב, אואזיס, בירה, 330 מל",מיליליטרים,330.00,"100 מ""ל",false,1,15.90,0.0482,true,1,291521
7290013276124,false,"בקבוק בירה נגב אמבר אייל 330 מ""ל",הכרם - משקאות חריפים בעמ,IL,"נגב, אמבר אייל, בירה, 330 מל",מיליליטרים,330.00,"100 מ""ל",false,1,15.90,0.0482,true,1,294319
7290013310187,false,כוסות נייר 50 יח לשת,,,כוסות נייר 50 יח לשתיה חמה קרה,יחידה,1.00,יחידה,false,1,10.90,10.9000,true,1,302170
7290013310507,false,מברשת עם פטנט לבקבוק ופיטמה טוליפס פרמיום,אינטרסן (1996) בעמ,CN,מברשת עם פטנט לבקבוק ופיטמה,לא מנהל יחידת מידה,0.00,לא מנהל יחידת מידה,false,1,9.90,0.0000,true,1,298628
7290013358363,false,מאסטר שף פרורי לחם פנקו עבים בסגנון יפני 300 גר,קריניציה ויטמינה אס,IL,פירורי לחם יפנים פנקו 300 גרם,גרמים,300.00,100 גרם,false,1,10.10,0.0337,true,1,272882
7290013496171,false,"ויטמין סי 500 מ""ג- 30 טבליות מציצה ללא סוכר.",LIFE OF PROMEDICO-TRI,SK,ויטמין C טרי אוף לייף,לא מנהל יחידת מידה,0.00,לא מנהל יחידת מידה,false,1,35.00,0.0000,true,1,306116
7290013520067,false,מארז 10 לחמניות אצבע,מאפיית אגמי,,10 לחמניות אצבע אגמי,גרמים,750.00,100 גרם,false,1,16.90,0.0225,true,1,282416
7290013520111,false,מארז לחמניות המבורגר,מאפיית אגמי,IL,לחמניית המבורגר אמריקאי 6 יח,גרמים,600.00,100 גרם,false,1,17.90,0.0298,true,1,293545
7290013520463,true,כוסמין לחם בריאות,,,כוסמין לחם בריאות,גרמים,600.00,100 גרם,false,1,17.90,0.0298,true,1,290544
7290013585233,false,"ספרייט זירו פחית סליק 330 מ""ל",החברה המרכזית להפצת משקאות בעמ,IL,"גזוז בטעם לימון ליים דל קלוריות 330 מ""ל",מיליליטרים,330.00,"100 מ""ל",false,1,8.50,0.0258,true,1,285464
7290013585257,false,ספרייט זירו בבקבוק אישי,החברה המרכזית להפצת משקאות בעמ,IL,"ZERO ספרייט 500 מ""ל",מיליליטרים,500.00,"100 מ""ל",false,1,9.50,0.0190,true,1,285462
7290013585387,false,בקבוק זירו קוקה-קולה (1 ליטר),החברה המרכזית להפצת משקאות בעמ,IL,ZERO תריסר 1 ליטר,ליטרים,1.00,ליטר,false,1,12.50,12.5000,true,1,285087
7290013585394,false,בקבוק קוקה-קולה (1 ליטר),החברה המרכזית להפצת משקאות בעמ,IL,קוקה קולה 1 ליטר תריסר,ליטרים,1.00,ליטר,false,1,12.50,12.5000,true,1,285086
7290013585653,false,"פריגת אננס אקסטרא420מ""ל",מבשלות בירה בינלאומיות ב,IL,"פריגת EXTRA אננס 420 מ""ל",מיליליטרים,420.00,"100 מ""ל",false,1,10.90,0.0260,true,1,293802
7290013608260,false,מיץ רימונים 100%מיץ סחוט טרי מצונן 1ליט,שטראוס גרופ בעמ/מצונן,IL,7290068700001,ליטרים,1.00,ליטר,false,1,28.50,28.5000,true,1,281549
7290013702418,false,"שוופס מוגז עדין אפרסק זכוכית 330 מ""ל",יפאורה תבורי בעמ,IL,"שוופס מוגז עדין אפרסק 330 מ""ל זכוכית",מיליליטרים,330.00,"100 מ""ל",false,1,9.90,0.0300,true,1,293040
7290013702425,false,"שוופס מוגז עדין פירות יער זכוכית 330 מ""ל",יפאורה תבורי בעמ,IL,"שוופס מוגז עדין פירות יער 330 מ""ל זכוכית",מיליליטרים,330.00,"100 מ""ל",false,1,9.90,0.0300,true,1,293041
7290013847645,false,סטארקיסט טונה בשמן זית 80 גר' שלישיות,סטארקיסט Starkist,TR,שלישיות טונה בשמן זית,גרמים,240.00,100 גרם,false,1,18.90,0.0787,true,1,302230
7290013848758,false,מקסימה גל כביסה מרוכז בייבי 3ליטר סנסטיב,החברה הדרומית לשיווק בעמ,IL,מקסימה ג'ל כביסה מרוכז בייבי 3 ליטר,ליטרים,3.00,ליטר,false,1,38.90,12.9667,true,1,279163
7290013906052,false,נקניקיות פרגיות טירת צבי 300 גרם,תנובה מרכז שיתופי לשיווק תוצרת,IL,נקניקיות פרגיות 300 גרם,גרמים,300.00,100 גרם,false,1,15.90,0.0530,true,1,273925
7290013906441,false,קבנוס טירת צבי 120 גרם,תנובה מרכז שיתופי לשיווק תוצרת,IL,קבנוס נקניק מעושן יבש 120 גרם,גרמים,120.00,100 גרם,false,1,13.90,0.1158,true,1,278384
7290013906458,false,קבנוס בטעם פיקנטי טירת צבי 120 גרם,תנובה מרכז שיתופי לשיווק תוצרת,IL,טירת צבי קבנוס פיקנטי נקניק מעושן יבש 120 גרם,גרמים,120.00,100 גרם,false,1,13.90,0.1158,true,1,278385
7290013906489,false,חטיפי מיני קבנוס טירת צבי 120 גרם,תנובה מרכז שיתופי לשיווק תוצרת,IL,טירת צבי חטיפי מיני קבנוס 120 גרם,גרמים,120.00,100 גרם,false,1,13.90,0.1158,true,1,278387
7290013971203,false,מכונת תספורת BLIZZARD-HC-100,פוגיקום בעמ,,מכונת תספורת BLIZZARD,יחידה,1.00,יחידה,false,1,139.90,139.9000,true,1,279252
7290013971555,false,סוללות 12יח מעורב פוגיקום,פוגיקום בעמ,,מארז פוגיקום 8+4,לא מנהל יחידת מידה,0.00,לא מנהל יחידת מידה,false,1,19.90,0.0000,true,1,279215
7290014066373,false,לנדוור-קפסולות אספרסו קלאסיק(09) - 10יח'12X יח,ש.שסטוביץ בעמ,IL,קפסולות אספרסו לנדוור קלאסי 10יח,גרמים,50.00,100 גרם,false,1,19.90,0.3980,true,1,298172
7290014066380,false,לנדוור-קפסולות אספרסו סופרימו(10) - 10יח'12X יח,ש.שסטוביץ בעמ,IL,קפסולות אספרסו לנדוור סופרימו 10יח,גרמים,50.00,100 גרם,false,1,19.90,0.3980,true,1,298171
7290014066526,false,לנדוור-קפסולות אספרסו תערובת הבית(11) - 10יח'12X יח,ש.שסטוביץ בעמ,IL,לנדוור-קפסולות אספרסו תערובת הבית,יחידה,10.00,יחידה,false,1,19.90,1.9900,true,1,302751
7290014066533,false,לנדוור-קפסולות אספרסו קלייה כפולה(12) - 10יח'12X יח,ש.שסטוביץ בעמ,IL,לנדוור-קפסולות אספרסו קלייה כפול 10 יח,יחידה,10.00,יחידה,false,1,19.90,1.9900,true,1,302752
7290014079014,false,לבבות קיסר ארוז נספק,"מרינה פטריות הגליל בע""מ",IL,חסה לבבות קיסר,גרמים,300.00,100 גרם,false,1,12.90,0.0430,true,1,272333
7290014079328,false,פרסה כרישה ארוזה מרי,"מרינה פטריות הגליל בע""מ",IL,לוף/כרישה קצוץ יח,גרמים,500.00,100 גרם,false,1,9.90,0.0198,true,1,279028
7290014079526,false,כרובית ארוזה יחידה,חקלאי,IL,כרובית ארוזה יח,קילוגרמים,1.50,"ק""ג",false,1,13.90,9.2667,true,1,293948
7290014079854,false,לבבות חסה ארץ הגליל מרינה,"מרינה פטריות הגליל בע""מ",IL,לבבות חסה,גרמים,700.00,100 גרם,false,1,14.90,0.0213,true,1,289260
7290014083806,false,עוגיות בטעם חמאה 350 גרם בפח,ג. וילי-פוד אינטרנשיונל בע`מ,PT,וילי פוד עוגיות חמאה 200 גרם,גרמים,350.00,100 גרם,false,1,14.90,0.0426,true,1,275214
7290014092532,false,פלחי דלעת מרינה,"מרינה פטריות הגליל בע""מ",IL,דלעת חתוכה ליח,גרמים,850.00,100 גרם,false,1,14.90,0.0175,true,1,278933
7290014094260,false,שיני שום קלוף קמעונאי,קונס`-מרינה פטריות הגליל בעמ*ש,IL,שום מקולף 170 גרם,גרמים,170.00,100 גרם,false,1,12.90,0.0759,true,1,284882
7290014094796,false,משמשים מיובשים בשקית ששון הקולה 300 גרם,דין שיווק וקליה 2021 בעמ,,משמש בשקית 300 גרם,גרמים,300.00,100 גרם,false,1,21.90,0.0730,true,1,308760
7290014094826,false,שזיפים ללא גלעין בשקית ששון הקולה 300 גרם,דין שיווק וקליה 2021 בעמ,,שזיף מגולען 300 גרם,גרמים,300.00,100 גרם,false,1,17.90,0.0597,true,1,308761
7290014094833,false,צימוק בהיר 300 גרם ששון הקולה,דין שיווק וקליה 2021 בעמ,,צימוק לבן שקית 300 גרם,גרמים,300.00,100 גרם,false,1,15.90,0.0530,true,1,308762
7290014094857,false,פקאן סיני מסוכר 150 גרם ששון הקולה,דין שיווק וקליה 2021 בעמ,IL,פקאן סיני מסוכר 150 גרם,גרמים,150.00,100 גרם,false,1,19.90,0.1327,true,1,308764
7290014094864,false,פיסטוק קלוי 170 גר עם קליפה ששון הקולה,דין שיווק וקליה 2021 בעמ,IL,פיסטוק קלוי 170גרם,גרמים,170.00,100 גרם,false,1,22.90,0.1347,true,1,308733
7290014094895,true,אגוזים קלופים 150 גר,דין שיווק,IL,אגוזים קלופים 150 גרם,גרמים,150.00,100 גרם,false,1,15.90,0.1060,true,1,308763
7290014138988,true,כוסיות עם שמן ופתיל,,,כוסיות עם שמן ופתיל,יחידה,1.00,יחידה,false,1,59.90,59.9000,true,1,305784
7290014217003,false,פפריקה מעושנת בקופ' 90 גר' טעם וריח,"תבליני טעם וריח בע""מ",IL,"תבליני טעם וריח, פפריקה בטעם מעושן, 90 גרם",גרמים,90.00,100 גרם,false,1,10.90,0.1211,true,1,274243
7290014217010,false,דגים T130 -BUL בקופ' 90 גר' טעם וריח,"תבליני טעם וריח בע""מ",IL,"תבליני טעם וריח T-BUL תערובת תיבול לדגים, 90 גרם",גרמים,90.00,100 גרם,false,1,15.90,0.1767,true,1,274839
7290014217027,false,עוף T130 -BUL בקופ' 120 גר' טעם וריח,"תבליני טעם וריח בע""מ",IL,"תבליני טעם וריח T-BUL תערובת תיבול לעוף, 120 גרם",גרמים,120.00,100 גרם,false,1,15.90,0.1325,true,1,274840
7290014217065,false,אורגנו עלים בקופ' 30 גר' טעם וריח,"תבליני טעם וריח בע""מ",IL,תבליני טעם וריח אורגנו 100% 30 גרם,Unknown,0.00,Unknown,false,1,10.90,0.0000,true,1,274255
7290014217140,false,"מיכל ראס אל חנות 100 גר' ""טעם וריח""","תבליני טעם וריח בע""מ",IL,תבליני טעם וריח ראס אל חנות 100 גרם,גרמים,100.00,100 גרם,false,1,10.90,0.1090,true,1,283697
7290014217164,false,תבלין פטרוזיליה מיכל גדול 20 ג',"תבליני טעם וריח בע""מ",IL,תבליני טעם וריח פטרוזיליה 100% 20 גרם,גרמים,20.00,100 גרם,false,1,10.90,0.5450,true,1,283699
7290014217171,false,תערובת תיבול תיבול גריל דג מיכל 100ג',"תבליני טעם וריח בע""מ",IL,תבליני טעם וריח תערובת תיבול גריל דג 100 גרם,Unknown,0.00,Unknown,false,1,10.90,0.0000,true,1,283700
7290014217201,false,"תערובת תיבול סומק 45 גרם ""טעם וריח""","תבליני טעם וריח בע""מ",IL,תבליני טעם וריח מיכל קטן סומק 45 גרם,גרמים,45.00,100 גרם,false,1,7.50,0.1667,true,1,294881
7290014217225,false,גריל עוף בקופ' 120 גר' טעם וריח,"תבליני טעם וריח בע""מ",IL,"תבליני טעם וריח, תערובת תיבול גריל עוף, 120 גרם",גרמים,120.00,100 גרם,false,1,10.90,0.0908,true,1,281181
7290014217348,false,"מיכל צ'ילי כתוש 70 גר' ""טעם וריח""","תבליני טעם וריח בע""מ",IL,תבליני טעם וריח צ'ילי גרוס חריף 70 גרם,גרמים,0.00,100 גרם,false,1,10.90,0.0000,true,1,281358
7290014217355,false,קרי אבקה בקופ' 100 גר' טעם וריח,"תבליני טעם וריח בע""מ",IL,"תבליני טעם וריח, אבקת קארי, 100 גרם",Unknown,0.00,Unknown,false,1,10.90,0.0000,true,1,281359
7290014217478,false,תערובת עשבי תיבול איטלקי ים תיכוני 30ג',"תבליני טעם וריח בע""מ",IL,עשבי תיבול איטלקי ים תיכוני 30 גרם,גרמים,30.00,100 גרם,false,1,10.90,0.3633,true,1,290228
7290014217492,false,תיבול פילדלפיה בקופ' 100 גר' טעם וריח,"תבליני טעם וריח בע""מ",IL,תבליני טעם וריח תערובת תיבול פילדלפיה 100 גרם,גרמים,100.00,100 גרם,false,1,10.90,0.1090,true,1,301221
7290014218932,false,חטיפי פיצה בתוספ זיתים בשקית מעדנות 710 גרם,מיוצר עי קונדיטוריית,IL,חטיפי פיצה בתוספת זיתים בשקית 710 גרם,גרמים,710.00,100 גרם,false,1,34.90,0.0492,true,1,301398
7290014256620,false,"יין מבעבע קריניאנו באזז יקבי כרמל 750 מ""ל",אגודת הכורמים -כרמל מזרחי,IL,"יין BUZZ קריניאנו 750 מ""ל",מיליליטרים,750.00,"100 מ""ל",false,1,35.90,0.0479,true,1,283332
7290014256637,false,"יין מבעבע מוסקטו באזז יקבי כרמל 750 מ""ל",אגודת הכורמים -כרמל מזרחי,IL,"יין BUZZ מוסקטו 750 מ""ל",מיליליטרים,750.00,"100 מ""ל",false,1,35.90,0.0479,true,1,283333
7290014369252,false,שלגון מנגו טרוםי בציפוי קוקוס,איתלק,IL,שלגון MOJO מנגו בצ.קוקוס67 גרם,גרמים,67.00,100 גרם,false,1,10.90,0.1627,true,1,307816
7290014369269,false,שלגון קוקוס אננס ופיטאיה,איתלק,IL,שלגון MOJO קוקוס אננס 69 גרם,גרמים,69.00,100 גרם,false,1,10.90,0.1580,true,1,307817
7290014369306,false,שלגון תות שדה מרכיבי,איתלק,IL,שלגון MOJO תות שדה טבעי 70 גרם,גרמים,70.00,100 גרם,false,1,10.90,0.1557,true,1,301469
7290014369320,false,שלגון סורבה קוקוס 66 גרם,איתלק,IL,שלגון MOJO סורבה קוקוס טבעי 70 גרם,גרמים,70.00,100 גרם,false,1,10.90,0.1557,true,1,301471
7290014369351,false,מנגו אננס ופסיפלורה טבעיים,איתלק,IL,מנגו אננס ופסיפלורה טבעיים 70 גרם,גרמים,70.00,100 גרם,false,1,10.90,0.1557,true,1,301474
7290014369382,false,פיסטוק טבעי מובחר בציפוי שוקולד מריר,איתלק,IL,שלגון MOJO פיסטוק מובחר טבעי 70 גרם,גרמים,70.00,100 גרם,false,1,10.90,0.1557,true,1,301476
7290014369412,false,שוקולד בלגי בציפוי שוקולד מריר,איתלק,IL,שלגון MOJO שוקולד בלגי 70 גרם,גרמים,70.00,100 גרם,false,1,10.90,0.1557,true,1,301479
7290014369443,false,שלגון יוגורט דובדבן,איתלק,IL,שלגון MOJO יוגורט דובדבן 70 גרם,גרמים,70.00,100 גרם,false,1,10.90,0.1557,true,1,301482
7290014369450,false,"קוקוס ואננסטבעיים ""מוג'ו""",איתלק,,קוקוס ואננס טבעיים,יחידה,1.00,יחידה,false,1,10.90,10.9000,true,1,302853
7290014369504,false,שלגון קרם קוקוס בציפ,פיקסל,,שלגון קוקוס בציפוי שוקולד מריר,גרמים,70.00,100 גרם,false,1,10.90,0.1557,true,1,304599
7290014369528,false,שלגון אגוז לוז טבעי מובחר בציפוי שוקולד מריר,איתלק,IL,שלגון MOJO אגוז לוז בציפוי 70 גרם,גרמים,70.00,100 גרם,false,1,10.90,0.1557,true,1,304125
7290014369795,false,שלגון אננס עם חתיכות תות,גלידת אילו,IL,שלגון אננס עם חתיכות תות 71גרם,גרמים,71.00,100 גרם,false,1,10.90,0.1535,true,1,310316
7290014369801,false,שלגון קרם קוקוס אוכמניות,גלידת אילו,IL,שלגון קרם קוקוס עם חתיכות אוכמניות 71 גרם,גרמים,71.00,100 גרם,false,1,10.90,0.1535,true,1,310317
7290014369818,false,שלגון מוגו`מסקרפונה עם אפרסק,פיקסל אם.גי.אם שיווק והפצה בע,IL,שלגון מסקרפונה עם חתיכות אפרסק 71גרם,גרמים,71.00,100 גרם,false,1,10.90,0.1535,true,1,310314
7290014369825,false,שלגון מוגו`תות עם חתיכות ליצ`י,פיקסל אם.גי.אם שיווק והפצה בע,IL,שלגון תות עם חתיכות ליצי 71גרם,גרמים,71.00,100 גרם,false,1,10.90,0.1535,true,1,310318
7290014369832,false,שלגון מקיאטו 71גרם,גלידת אילו,IL,שלגון מקיאטו 71גרם,גרמים,71.00,100 גרם,false,1,10.90,0.1535,true,1,310315
7290014397279,false,שקיות מזון גדולות XL סנו סושי 300 יחידות,החברה הדרומית לשיווק בעמ,CN,XL,לא מנהל יחידת מידה,0.00,לא מנהל יחידת מידה,false,1,14.90,0.0000,true,1,281118
7290014397835,false,סנו - מט דוחה יתושים נוזלי מכשיר + מילוי 45 לילות,החברה הדרומית לשיווק בעמ,IT,סמארט מכשיר+מילוי 45 לילות,לא מנהל יחידת מידה,0.00,לא מנהל יחידת מידה,false,1,39.90,0.0000,true,1,284434
7290014455320,false,גבינה כדורי מוצרלה פרסקה גד 100ג',מחלבות גד שיווק 1992 בעמ,IL,גד מוצרלה פרסקה מחלב בקר 18% שומן,גרמים,100.00,100 גרם,false,1,10.90,0.1090,true,1,285091
7290014466128,false,"יין הר חרמון אינדיגו 750 מ""ל",מיוצר וממולא על ידי יקב,IL,"יין הר חרמון אינדיגו 750 מ""ל",מיליליטרים,750.00,"100 מ""ל",false,1,45.90,0.0612,true,1,275462
7290014466463,false,הר חרמון מוסקט יקב רמת הגולן (750 מל),היכל היין שקד גולן בעמ,IL,"הר חרמון מוסקטו 2020 750 מ""ל",מיליליטרים,750.00,"100 מ""ל",false,1,45.90,0.0612,true,1,278261
7290014466609,false,יין גמלא מרלו עברית 2018*,היכל היין שקד גולן בעמ,IL,"גמלא השמורה מרלו 2016 יין אדום יבש, 750 מל",מיליליטרים,750.00,"100 מ""ל",false,1,79.90,0.1065,true,1,288727
7290014472136,false,גרעין שחור קלוי ששון הקולה (150 גרם),דין שיווק וקליה 2021 בעמ,IL,גרעין שחור קלוי 150גרם,גרמים,150.00,100 גרם,false,1,7.90,0.0527,true,1,308838
7290014503137,false,יין אדום יבש יובלים יקב דלתון (750 מל),הכרם - משקאות חריפים בעמ,IL,"יין דלתון כנען אדום 750 מ""ל",מיליליטרים,750.00,"100 מ""ל",false,1,49.90,0.0665,true,1,292035
7290014503144,false,יין לבן יובלים יקב דלתון (750 מל),הכרם - משקאות חריפים בעמ,IL,"יין דלתון כנען לבן 750 מ""ל",מיליליטרים,750.00,"100 מ""ל",false,1,49.90,0.0665,true,1,292036
7290014581036,false,"פחם למנגל הלהבה כ2- ק""ג",פחם קוואנגו סחר בעמ,,"פחם להבה 2 ק""ג",קילוגרמים,2.00,"ק""ג",false,1,16.90,8.4500,true,1,286139
7290014603028,false,שלגון סולרו שרבט תות-חלבי,"מיוצר ע""י גלידת שטרא",IL,שלגון סולרו וניל ציפוי תות,גרמים,76.00,100 גרם,false,1,12.90,0.1697,true,1,276014
7290014648906,false,LA BELLEמסיר לק מהציפורניים 100 מל,פארמה דיל (פ.א.ב.) שיווק והפצה,IL,"אציטון לה בל 100 מ""ל",מיליליטרים,100.00,"100 מ""ל",false,1,5.90,0.0590,true,1,304418
7290014692565,false,גרעיני תירס מתוק וילי פוד (320 גרם),ג.וילי-פוד אינטרנשיונל בעמ,HU,ויליפוד גרעיני תירס מתוק 320 גרם,גרמים,320.00,100 גרם,false,1,6.50,0.0203,true,1,287547
7290014725294,false,סוכרזית סוכרלוז סטיוויה 100 שקית,"שטראוס גרופ בע""מ",IL,סוכרזית סוכרלוז 100 שקיות,לא מנהל יחידת מידה,0.00,לא מנהל יחידת מידה,false,1,22.90,0.0000,true,1,282775
7290014738652,false,"ערק ערנבים 700 מ""ל",אליס בראנפמן,IL,"ערק ערנבים 700 מ""ל",מיליליטרים,700.00,"100 מ""ל",false,1,79.90,0.1141,true,1,310799
7290014749245,false,ספיישל רצועות שניצל שומשום עוף טוב 600 גרם,קבוצת אוסם סחר שותפות מוגבלת,IL,עוף טוב ספיישל רצועות שניצל שמשם.12*600ג,גרמים,600.00,100 גרם,false,1,39.90,0.0665,true,1,303757
7290014749764,false,עוף טוב שניצל עוף ביתי עדין כזה 700 גרם,קבוצת אוסם סחר שותפות מוגבלת,IL,עוף טוב שניצל עוף ביתי עדין כזה 700גרם,גרמים,700.00,100 גרם,false,1,47.90,0.0684,true,1,304258
7290014759978,false,קצ`קאבל פלח גלעד 200 גר`קולקשיין תנובה,תנובה בעמ ***,IL,גלעד גבינת קצ'קבל מחלב כבשים 28% שומן,גרמים,200.00,100 גרם,false,1,28.90,0.1445,true,1,279347
7290014759985,false,פרמזן פלח גבע 23% 200 גר`קולקשיין תנובה,תנובה - חלב,IL,פרמזן פלח 200 גרם קולקשיין,גרמים,200.00,100 גרם,false,1,27.90,0.1395,true,1,279348
7290014760141,true,משקה שקדים טרי 1 ליט,תות תעשיות מזון (201,IL,משקה שקדים טרי 1 ליטר,ליטרים,1.00,ליטר,false,1,13.90,13.9000,true,1,285965
7290014761056,false,מעדן שוקולד חלב יולו תנובה 123 גרם,מיוצר עי קונדיטוריית,IL,YOLO מעדן שוקולד חלב מעולה 123 גרם,גרמים,123.00,100 גרם,false,1,5.20,0.0423,true,1,283449
7290014761063,false,מעדן שוקולד מריר יולו תנובה 123 גרם,מיוצר עי קונדיטוריית,IL,YOLO מעדן שוקולד מריר מעולה 123 גרם,גרמים,123.00,100 גרם,false,1,5.20,0.0423,true,1,283450
7290014761070,false,מעדן שוקולד לבן יולו תנובה 123 גרם,מיוצר עי קונדיטוריית,IL,YOLO מעדן שוקולד לבן מעולה 123 גרם,גרמים,123.00,100 גרם,false,1,5.20,0.0423,true,1,283451
7290014761414,false,יולו מעדן שכבות שוקולד חלב ולבן 123 גר,מיוצר עי קונדיטוריית,IL,YOLO מעדן שכבות שוקולד חלב ולבן 122 גרם,גרמים,123.00,100 גרם,false,1,5.20,0.0423,true,1,283453
7290014761612,false,מעדן שכבות שוקולד מריר ולבן יולו 122 גרם,מיוצר עי קונדיטוריית,IL,YOLO מעדן שכבות שוקולד מריר 123 גרם,גרמים,123.00,100 גרם,false,1,5.20,0.0423,true,1,284995
7290014791572,false,"שוויפס מוגז בטעם ענבים 330 מ""ל",יפאורה שותפות מוגבלת לשיווק,IL,"שוופס מוגז פירות ענבים 330 מ""ל זכוכית",מיליליטרים,330.00,"100 מ""ל",false,1,9.90,0.0300,true,1,293042
7290014791626,false,"שוופס סודה נענע ליים 250 מ""ל זכוכית",יפאורה שותפות מוגבלת לשיווק,IL,"שוופס סודה נענע ליים 250 מ""ל זכוכית",מיליליטרים,250.00,"100 מ""ל",false,1,6.90,0.0276,true,1,293158
7290014791664,false,שישיה מי עדן אישי פקק רגיל 500 מל,יפאורה שותפות מוגבלת לשיווק,IL,שישיית מים 0.5 ליטר,ליטרים,3.00,ליטר,false,6,15.90,5.3000,true,1,310460
7290014791848,false,FRUIT WATER טעם אננס 0.5 ליטר,יפאורה תבורי בעמ,IL,Fruit Water אננס 0.5 ל',מיליליטרים,500.00,"100 מ""ל",false,1,8.90,0.0178,true,1,293047
7290014821057,false,כבל AUX - אלומניום,ארטוס,,כבל AUX - אלומניום,לא מנהל יחידת מידה,0.00,לא מנהל יחידת מידה,false,1,29.90,0.0000,true,1,303052
7290014821064,false,כבל סנכרון אלומניום גלקסי 2 מטר,ארטוס,,כבל גלקסי 2 מטר,יחידה,1.00,יחידה,false,1,29.90,29.9000,true,1,303090
7290014821088,false,כבל אייפון מאושר אפל,,,כבל אייפון מאושר אפל 2.1,יחידה,1.00,יחידה,false,1,49.90,49.9000,true,1,303051
7290014821095,false,מטען רכב אייפון מאוש,,,מטען רכב אייפון מאושר אפל 2.1,יחידה,1.00,יחידה,false,1,79.90,79.9000,true,1,303081
7290014821347,false,אוזניות מיקרופות איכ,ארטוס,,אוזניות PURE-METAL,יחידה,1.00,יחידה,false,1,49.90,49.9000,true,1,303078
7290014821507,false,מטען קיר אייפון מאוש,,,מטען קיר אייפון מאושר אפל 2.1,יחידה,1.00,יחידה,false,1,79.90,79.9000,true,1,303082
7290014821569,false,כבל סנכרון אלומניום אייפון 6 2 מטר,ארטוס,,כבל אייפון 2 מטר,יחידה,1.00,יחידה,false,1,39.90,39.9000,true,1,303074
7290014974562,false,גביעי גלידה רגיל טילון עלמה גילרו 24 יח',"א.ג גילרו בע""\מ",IL,עלמה גביעי טילון 24 יח',גרמים,120.00,100 גרם,false,1,9.90,0.0825,true,1,293881
7290015009003,false,מונטנייר חומץ יין לבן 500מל,מנדלז סי.אר. פרודקשן,ES,דניאל חומץ בן יין לבן 500 מל,מיליליטרים,500.00,"100 מ""ל",false,1,18.70,0.0374,true,1,280273
7290015009010,false,מונטנייר חומץ יין אדום 500מל,מנדלז סי.אר. פרודקשן,ES,חומץ בן יין אדום 5%,מיליליטרים,500.00,"100 מ""ל",false,1,18.70,0.0374,true,1,280274
7290015009027,false,"חומץ בלסמי 500 מ""ל ""daniel""",ר. צ'צ'יק,ES,חומץ בלסמי חומציות 6%,מיליליטרים,500.00,"100 מ""ל",false,1,22.90,0.0458,true,1,280829
7290015129121,false,אטריות גל קונג`אק נודלס ללא גלוטן סקיני,הוויזאי וואנגייה פוד,CN,סקיני פסטה- בצורת אטריות פטוצ'יני 200 גרם,גרמים,270.00,100 גרם,false,1,12.90,0.0478,true,1,281579
7290015176361,false,מברשת שיניים חשמלית למבוגרים-FJ-TBFJ-ABLUE,פוג'יקום,,מברשת שיניים חשמלית פוגיקום כחול,יחידה,1.00,יחידה,false,1,39.90,39.9000,true,1,288743
7290015176378,false,מברשת שיניים חשמלית למבוגרים-FJ-TBFJ-APURPLE,פוגיקום בעמ,,מברשת שיניים חשמלית סגולה,יחידה,1.00,יחידה,false,1,39.90,39.9000,true,1,288634
7290015176385,false,מברשת שיניים חשמלית לילדים בצבע כחול,פוגיקום בעמ,,מברשת שיניים חשמלית פוגיקום,יחידה,1.00,יחידה,false,1,39.90,39.9000,true,1,288752
7290015176392,false,מברשת שיניים חשמלית פוג'יקום לילד ורוד,פוגיקום בעמ,,מברשת שיניים חשמלית ילדות פוגיקום,יחידה,1.00,יחידה,false,1,39.90,39.9000,true,1,288671
7290015220880,false,"פחם מעץ אקולוגי 2 ק""ג","ג'לו השקעות בע""מ",,"פחם אקולוגי בשקית 2 ק""ג",קילוגרמים,2.00,"ק""ג",false,1,16.90,8.4500,true,1,290300
7290015299992,false,רצועות מתיחה לפעילות גופנית,,,רצועות אירובי,יחידה,1.00,יחידה,false,1,14.90,14.9000,true,1,305085
7290015324014,false,"פלפל שחור טחון בשקית 80 גרם ""טעם וריח""","תבליני טעם וריח בע""מ",IL,"תבליני טעם וריח, 100% פלפל שחור טחון, 80 גרם",גרמים,80.00,100 גרם,false,1,11.90,0.1488,true,1,280309
7290015324038,false,פפריקה מתוקה בשמן 100 גרם טעם וריח,"תבליני טעם וריח בע""מ",IL,פפריקה בשמן 80 גרם,גרמים,80.00,100 גרם,false,1,6.90,0.0863,true,1,280310
7290015324045,false,תבלין פפריקה חריפה 80 גר' שק',"תבליני טעם וריח בע""מ",IL,"תבליני טעם וריח, 100% פפריקה חריפה, 80 גרם",גרמים,80.00,100 גרם,false,1,6.90,0.0863,true,1,280311
7290015324052,false,פפריקה מתוקה 80 גר' טעם וריח,"תבליני טעם וריח בע""מ",IL,"תבליני טעם וריח, 100% פפריקה מתוקה, 80 גרם",גרמים,80.00,100 גרם,false,1,6.90,0.0863,true,1,280312
7290015324069,false,גריל עוף 80 גר' טעם וריח,"תבליני טעם וריח בע""מ",IL,"תבליני טעם וריח, תערובת תיבול גריל עוף, 80 גרם",גרמים,80.00,100 גרם,false,1,6.90,0.0863,true,1,280313
7290015324076,false,זעתר מעורב 80 גר' טעם וריח,"תבליני טעם וריח בע""מ",IL,"תבליני טעם וריח, תערובת תיבול זעתר, 80 גרם",גרמים,80.00,100 גרם,false,1,6.90,0.0863,true,1,280367
7290015324083,false,מלח לימון 80 גר' טעם וריח,"תבליני טעם וריח בע""מ",IL,"תבליני טעם וריח, 100% מלח לימון, 80 גרם",גרמים,80.00,100 גרם,false,1,6.90,0.0863,true,1,280314
7290015324090,false,כמון טחון 80 גר' טעם וריח,"תבליני טעם וריח בע""מ",IL,"תבליני טעם וריח, 100% כמון מזרחי, 80 גרם",גרמים,80.00,100 גרם,false,1,6.90,0.0863,true,1,280315
7290015324106,false,כורכום טחון 80 גר' טעם וריח,"תבליני טעם וריח בע""מ",IL,"תבליני טעם וריח, 100% כורכום, 80 גרם",גרמים,80.00,100 גרם,false,1,6.90,0.0863,true,1,280316
7290015324113,false,טעם וריח בהרט שקית 8,"תבליני טעם וריח בע""מ",IL,"תבליני טעם וריח, תערובת תיבול בהרט לבישול, 80 גרם",גרמים,80.00,100 גרם,false,1,6.90,0.0863,true,1,280317
7290015324120,false,שום גבישי 80 גר' טעם וריח,"תבליני טעם וריח בע""מ",IL,תבליני טעם וריח שום גבישי 80 גרם,גרמים,80.00,100 גרם,false,1,6.90,0.0863,true,1,280318
7290015324151,false,חוואיג' למרק 80 גר' טעם וריח,"תבליני טעם וריח בע""מ",IL,חוויאג למרק 80 גרם,גרמים,80.00,100 גרם,false,1,6.90,0.0863,true,1,280319
7290015324168,false,שק 80 גרם על האש ללא מונוסטדיום,"תבליני טעם וריח בע""מ",IL,"תבליני טעם וריח, תערובת תיבול על האש, 80 גרם",גרמים,80.00,100 גרם,false,1,6.90,0.0863,true,1,280320
7290015324175,false,תיבול לשווארמה 80 גר' טעם וריח,"תבליני טעם וריח בע""מ",IL,תבליני טעם וריח תערובת תיבול לשווארמה 80 גרם,גרמים,0.00,100 גרם,false,1,6.90,0.0000,true,1,280321
7290015324557,false,בהרט לבישול מיכל גדול 80 גרם,"תבליני טעם וריח בע""מ",IL,תבליני טעם וריח בהרט לבישול 80 גרם,גרמים,0.00,100 גרם,false,1,10.90,0.0000,true,1,302734
7290015324588,false,פלפל לבן 100 גר` טעם וריח,"תבליני טעם וריח בע""מ",IL,"תבליני טעם וריח מיכל פלפל לבן טחון 100% , 100 גרם",גרמים,100.00,100 גרם,false,1,14.90,0.1490,true,1,304586
7290015324663,false,צ'ילי גרוס חריף אש 70 גרם,"תבליני טעם וריח בע""מ",IL,תבליני טעם וריח צ'ילי גרוס חריף אש 70 גרם,גרמים,70.00,100 גרם,false,1,10.90,0.1557,true,1,306393
7290015519144,false,מטען קיר מיקרו פרימי,ארטוס,,מטען קיר לגלקסי פרימיום 2A,יחידה,1.00,יחידה,false,1,49.90,49.9000,true,1,303073
7290015597937,false,קורנטו קלאסיק וניל עם צימוקים,"מיוצר ע""\י גלידת שטראוס",IL,קורנטו טילון קלאסי בטעם וניל 70 גרם,גרמים,70.00,100 גרם,false,1,10.90,0.1557,true,1,296271
7290015652070,false,קשוי קלוי בשקית ששון הקולה 150 גרם,דין שיווק וקליה 2021 בעמ,IL,קשיו קלוי 150 גרם,גרמים,150.00,100 גרם,false,1,16.90,0.1127,true,1,308765
7290015652087,false,תערובת פיצוחים בשקית ששון הקולה 150 גרם,דין שיווק וקליה 2021 בעמ,IL,תערובת פיצוחים 150 גרם,גרמים,150.00,100 גרם,false,1,16.90,0.1127,true,1,308766
7290015848909,false,אולטרסול תחליב קידס 30/250,פישר מעבדות פרמצבטיות בע,IL,אולטרסול תחליב קידס 30/250,לא מנהל יחידת מידה,0.00,לא מנהל יחידת מידה,false,1,44.90,0.0000,true,1,298019
7290015848923,false,אולטרסול תחליב הגנה מבוגרים 30/250,פישר מעבדות פרמצבטיות בע,IL,אולטרסול תחליב הגנה מבוגרים 30/250,מיליליטרים,250.00,"100 מ""ל",false,1,44.90,0.1796,true,1,293745
7290015848992,false,"ד""ר פישר - אולטרסול קרם פנים קידס 75 מ""ל 50SPF",פישר מעבדות פרמצבטיות בע,IL,אולטרסול קרם פנים ילדים 75/50,לא מנהל יחידת מידה,0.00,לא מנהל יחידת מידה,false,1,39.90,0.0000,true,1,290511
7290015951227,false,"יין גמלא השמורה סירה 2021 750 מ""ל",מיוצר וממולא על ידי יקב,IL,יין גמלא סירה 750 מל,מיליליטרים,750.00,"100 מ""ל",false,1,79.90,0.1065,true,1,306149
7290015951869,false,"יין הר חרמון רוזה 750 מ""ל",מיוצר וממולא על ידי יקב,IL,הר חרמון רוזה,מיליליטרים,750.00,"100 מ""ל",false,1,45.90,0.0612,true,1,297662
7290015968294,false,"נובי כוס הפלא 240מ""ל עם מכסה וידיות",מולינו ניקולי s.p.a,CN,נובי כוס הפלא עם מכסה וידיות,לא מנהל יחידת מידה,0.00,לא מנהל יחידת מידה,false,1,44.90,0.0000,true,1,298651
7290015968683,false,צלחת קריסטל פרח שקופ,J.E&W.Inc,,צלחת קריסטל פרח שקופה בינונית 10 יח,לא מנהל יחידת מידה,0.00,לא מנהל יחידת מידה,false,1,16.90,0.0000,true,1,294801
7290015968713,false,צלחת קריסטל מעוטרת בינונית 10 יחידות,הוסטס Hostess,,צלחת קריסטל מעוטרת בינונית 10 יח,לא מנהל יחידת מידה,0.00,לא מנהל יחידת מידה,false,1,15.90,0.0000,true,1,294798
7290015968881,false,מפיות מודפסות 20 יח',W.W.P.Co.Ltd,,"מפיות מודפסות 33*33 ס""מ 20 יח דגם W-763",יחידה,1.00,יחידה,false,1,7.90,7.9000,true,1,294813
7290015968904,false,מפיות מודפסות 20 יח',W.W.P.Co.Ltd,,"מפיות מודפסות 33*33 ס""מ 20 יח דגם W-773",יחידה,1.00,יחידה,false,1,7.90,7.9000,true,1,294815
7290015988827,false,טבק לנרגילה לימונענע,טבק אלעוד,IL,טבק לנרגילה לימונענע 60 גרם PP בודד,גרמים,60.00,100 גרם,false,1,34.90,0.5817,true,1,303688
7290015988889,false,טבק לנרגילה אייס אבט,טבק אלעוד,IL,טבק לנרגילה אייס אבטיח 60 גרם PP בודד,גרמים,60.00,100 גרם,false,1,34.90,0.5817,true,1,303690
7290015988896,false,טבק לנרגילה בלוברי 6,טבק אלעוד,IL,טבק לנרגילה בלוברי 60 גרם PP בודד,גרמים,60.00,100 גרם,false,1,34.90,0.5817,true,1,303689
7290016081619,false,אוזנית שלט קפיצית -,,,RETRACTABLE - שלט BT עם אוזניה - צבע שחו,יחידה,1.00,יחידה,false,1,109.00,109.0000,true,1,303062
7290016081626,false,RETRACTABLE - שלט BT,,,RETRACTABLE - שלט BT עם אוזניה - צבע לב,יחידה,1.00,יחידה,false,1,109.00,109.0000,true,1,303061
7290016087543,false,זיתים ירוקים נטולי גלעין,פריניר,IL,זיתים ירוקים ללא גלעין פרי ניר 200גרם,גרמים,200.00,100 גרם,false,1,5.90,0.0295,true,1,309479
7290016094008,false,אולטרסול קרם פנים 50 75 מל,פישר תעשיות פרמבצטיות בעמ,IL,אולטרסול מבוגרים קוליפה קרם פנים 50 SPF 75 מל,לא מנהל יחידת מידה,0.00,לא מנהל יחידת מידה,false,1,39.90,0.0000,true,1,289821
7290016094022,true,אולטרסול 50/200 תרסי,הדקלאים אגודת שיתופי,IL,ספריי שקוף 50 SPF,מיליליטרים,200.00,"100 מ""ל",false,1,44.90,0.2245,true,1,290231
7290016094039,false,"ד""ר פישר - אולטרסול ספריי שקוף קידס 200 מ""ל 50SPF",פישר מעבדות פרמצבטיות בע,IL,ספריי שקוף לילדים 50 SPF,מיליליטרים,200.00,"100 מ""ל",false,1,44.90,0.2245,true,1,293420
7290016094817,false,"ד""ר פישר - אולטרסול ספריי שמן גזר 200 מ""ל 20SPF",פישר מעבדות פרמצבטיות בע,IL,"ספריי שמן, שמן גזר",מיליליטרים,200.00,"100 מ""ל",false,1,44.90,0.2245,true,1,293274
7290016162264,false,עוגת גבינה רנסנס קפולסקי (450 גרם),קפולסקי שיווק וקמעונ,IL,עוגת גבינה רנסנס 450 גרם,גרמים,450.00,100 גרם,false,1,36.90,0.0820,true,1,290140
7290016197488,false,מטליות מיקרופייבר למשטחים ניקול 3יח',קימברלי קלארק ישראל שיווק בעמ,CN,מטליות מיקרופייבר משטחים,לא מנהל יחידת מידה,0.00,לא מנהל יחידת מידה,false,1,17.90,0.0000,true,1,290808
7290016197495,false,ניקול זוג מטליות הקסם מיקרופייבר לרצפה,קימברלי קלארק ישראל שיווק בעמ,CN,מטליות מיקרופייבר רצפה,לא מנהל יחידת מידה,0.00,לא מנהל יחידת מידה,false,1,25.90,0.0000,true,1,290809
7290016230888,false,סוללות V3 5) יחידות( 5 י,פוג'יקום,,סוללה 3V 5 יחידות,יחידה,1.00,יחידה,false,1,22.90,22.9000,true,1,297585
7290016245615,false,לחם שיפון 100% עם אג,מאפיית טעמי הכפר 201,,לחם שיפון 100% עם אגוזים מצופה גרעינים,גרמים,900.00,100 גרם,false,1,20.90,0.0232,true,1,279652
7290016245653,false,לחם שיפון קל חצי משפחתי 550 גרם,"ביכורים מזון ומאפה בע""\מ",,לחם שיפון מלא חצי קסטן,גרמים,600.00,100 גרם,false,1,18.90,0.0315,true,1,280445
7290016245769,true,לחם כוסמין מחמצת בתו,,,לחם כוסמין מחמצת בתוספת פשתן,לא מנהל יחידת מידה,0.00,לא מנהל יחידת מידה,false,1,18.90,0.0000,true,1,297933
7290016245806,false,לחמניות המבוגר כוסמין4יח,"ביכורים מזון ומאפה בע""\מ",,מארז לחמניות המבורגר,יחידה,1.00,יחידה,false,1,16.90,16.9000,true,1,302984
7290016245912,false,מאפה אישי 120 גרם,עינת,IL,מאפה אישי 120 גרם,גרמים,120.00,100 גרם,false,1,8.00,0.0667,true,1,310706
7290016270709,false,עגבניות שרי אשכולות,ביכורי השדה צפון 1994 ג.ד. בעמ,IL,שרי קלמר ארוז יח,גרמים,460.00,100 גרם,false,1,12.90,0.0280,true,1,291920
7290016321661,false,פרש וואנס SENSITIVE מגבונים ללא בישום רביעייה 72 יחידות,עלבד משואות יצחק,IL,פרש וואנס רביעייה סנסטיב SENSITIVE קייר,לא מנהל יחידת מידה,0.00,לא מנהל יחידת מידה,false,4,19.90,0.0000,true,1,301786
7290016416961,false,מוס גבינה תות שדה קפולסקי 400 גרם,קפולסקי שיווק וקמעונ,IL,מוס גבינה תות שדה 400גרם,גרמים,400.00,100 גרם,false,1,36.90,0.0922,true,1,291992
7290016416992,false,עוגת דובוש בסקוויטים קפולסקי 400 גרם,תופינים מקבוצת קפולסקי,IL,עוגת דובוש בסקוויטים 400גרם,גרמים,400.00,100 גרם,false,1,36.90,0.0922,true,1,292007
7290016497526,false,בגט אותנטי לבן אפוי 280ג,מאפ גדרון,IL,באגט אותנטי לבן גידרון חצי אפוי,לא מנהל יחידת מידה,0.00,לא מנהל יחידת מידה,false,1,10.90,0.0000,true,1,297700
7290016510225,false,"תחליב רחצה הוואי יוגורט וניל ודבש 700 מ""ל",תאי פרזידנט פוד פאבל,IL,"הוואי תחליב יוגורט וניל ודבש, 700 מל",מיליליטרים,700.00,"100 מ""ל",false,1,14.90,0.0213,true,1,298584
7290016510232,false,"הוואי - תחליב רחצה יוגורט קוקוס 700 מ""ל",תאי פרזידנט פוד פאבל,IL,"הוואי תחליב רחצה יוגורט קוקוס, 700 מל",מיליליטרים,700.00,"100 מ""ל",false,1,14.90,0.0213,true,1,298585
7290016584011,false,חטיפוני גזר 350 גרם גיזרונים,קונס`-מרינה פטריות הגליל בעמ*ש,IL,חטיפוני גזר 350 גרם,גרמים,350.00,100 גרם,false,1,11.90,0.0340,true,1,290970
7290016584080,false,חטיפי גזר 60 גרם,גמר,IL,חטיפי גזר 60 גרם,גרמים,60.00,100 גרם,false,1,3.90,0.0650,true,1,293031
7290016717631,false,יין מוסקטו בעל חוזק אלכוהול נמוך פרייבט קולקשן,אגודת הכורמים הקואופרטיב,IL,יקבי כרמל פרייבט קולקשן מוסקטו 2017 750 מל,מיליליטרים,750.00,"100 מ""ל",false,1,45.90,0.0612,true,1,306566
7290016823004,false,בזיליקום יח freshlid,"מרינה פטריות הגליל בע""מ",IL,בזיליקום ארוז יח,גרמים,30.00,100 גרם,false,1,6.90,0.2300,true,1,293190
7290016823349,false,סלק מקולף בוואקום לי,"מרינה פטריות הגליל בע""מ",IL,סלק מקולף בוואקום ליח,גרמים,500.00,100 גרם,false,1,7.90,0.0158,true,1,295112
7290016823448,false,ברוקולי יחידה 350 גרם,"מרינה פטריות הגליל בע""מ",IL,ברוקולי ארוז יח,גרמים,350.00,100 גרם,false,1,9.90,0.0283,true,1,296142
7290016829785,false,רביעיית קליפסים חום/,,,רביעיית קליפסים חום/,יחידה,1.00,יחידה,false,1,9.90,9.9000,true,1,309330
7290017065137,false,ריקוטה למריחה 5% טבעית 200 גר`מחלבות גד,מחלבות גד שיווק 1992 בעמ,IL,גד ריקוטה למריחה 5% שומן 200 גרם,גרמים,200.00,100 גרם,false,1,9.90,0.0495,true,1,295609
7290017065236,false,גבינה בולגרית מעודנת 24% גד (250 גרם),מחלבות גד שיווק 1992 בעמ,IL,בולגרית מעודנת 24%,גרמים,250.00,100 גרם,false,1,27.90,0.1116,true,1,296715
7290017088242,false,מגבונים בייבי בייסיק.,,,מגבונים בייבי בייסיק,לא מנהל יחידת מידה,0.00,לא מנהל יחידת מידה,false,1,4.90,0.0000,true,1,301867
7290017105895,false,גרגרי חומוס להכנת חומוס משובח יכין 560 ג,זנלכל בעמ,IL,גרגרי חומוס להכנת חומוס משובח,גרמים,550.00,100 גרם,false,1,9.90,0.0180,true,1,305331
7290017121093,false,"אריסה חריפה 250 גרם ""עללחם""","מדשא תעשיות מזון בע""\מ",IL,עללחם בפיתה אריסה חריפה 250 גרם,גרמים,250.00,100 גרם,false,1,15.90,0.0636,true,1,296599
7290017142159,false,"שלישיית נתחי טונה בהירה בשמן זית 80 גרם ""עץ הזית""",הנסיך- מפעל לייצור ט,TH,נתחי טונה בהירה בשמן זית 80*3 גרם,גרמים,240.00,100 גרם,false,1,26.90,0.1121,true,1,297537
7290017217031,false,נובי שלישיית כפיות מסיליקון רך,אינטרסן (1996) בעמ,CN,נובי שליששית כפיות מסיליקון רך,לא מנהל יחידת מידה,0.00,לא מנהל יחידת מידה,false,1,30.90,0.0000,true,1,298654
7290017334448,false,שמן קנולה מזוכך OLEO,א.ד.מ . אנטוורפן,BE,שמן קנולה מזוכך OLEO 1 ליטר,ליטרים,1.00,ליטר,false,1,12.90,12.9000,true,1,306570
7290017334455,false,"אורז פרסי זיפר 1ק""ג",,TH,"אורז פרסי זיפר 1ק""ג",קילוגרמים,1.00,"ק""ג",false,1,9.90,9.9000,true,1,309336
7290017334462,false,אורז יסמין זיפר 1,,TH,"אורז יסמין זיפר 1 ק""ג",קילוגרמים,1.00,"ק""ג",false,1,12.90,12.9000,true,1,309337
7290017440729,false,אולטרסול ספריי שמן קוקוס 200/20 SPF,פישר תעשיות,IL,"ד""ר פישר, אולטרסול, שמן קוקוס SPF20, 200 מ""ל",מיליליטרים,200.00,"100 מ""ל",false,1,44.90,0.2245,true,1,310967
7290017457727,false,"סוד כחול מרכך כביסה מרוכז20%+בישום 900 מ""ל",גורי שיווק בעמ,IL,סוד מרכך מרוכז Fresh Sky,מיליליטרים,900.00,"100 מ""ל",false,1,18.90,0.0210,true,1,302028
7290017457734,false,"סוד ורוד מרכך כביסה מרוכז20%+בישום 900 מ""ל",גורי שיווק בעמ,IL,סוד מרכך מרוכז Wild Rose,מיליליטרים,900.00,"100 מ""ל",false,1,18.90,0.0210,true,1,302029
7290017477596,false,תמר מגהול פרימיום 400 ג' בקופסא,דין שיווק וקליה 2021 בעמ,IL,תמר מגהול ענק פרמיום 400ג שקדיה,גרמים,400.00,100 גרם,false,1,24.90,0.0622,true,1,309026
7290017513775,false,פליפז בייגלה מצופה שוקולד חלב מקוויטיס 140 גרם,תה ויסוצקי (ישראל) בעמ,TR,"Flipz, חטיף בייגלה אפוי בציפוי שוקולד חלב, 140 גרם",גרמים,140.00,100 גרם,false,1,9.90,0.0707,true,1,303744
7290017589633,false,"רזרב גולד אדישיין קברנה סוביניון 750 מ""ל",טמפו משקאות בעמ,IL,"קברנה סוביניון מהדורת רזרב גולד 750 מ""ל",מיליליטרים,750.00,"100 מ""ל",false,1,54.90,0.0732,true,1,300987
7290017617459,false,רביעיית טונה בשמן צמחי 120 ג' סטארקיסט,dalmore distilleries,TH,רביעיית טונה סטארקיסט בשמן צמחי 480גרם,גרמים,480.00,100 גרם,false,1,22.90,0.0477,true,1,310608
7290017617466,false,רביעיית טונה במים 120 ג' סטארקיסט,dalmore distilleries,TH,רביעיית טונה סטארקיסט במים 480גרם,גרמים,480.00,100 גרם,false,1,22.90,0.0477,true,1,310609
7290017647425,false,"יין גמלא קברנה סוביניון שנת 2018 750 מ""ל",היכל היין שקד גולן בעמ,,גמלא קברנה סוביניון - בציר 2018,מיליליטרים,750.00,"100 מ""ל",false,1,79.90,0.1065,true,1,304954
7290017647470,false,ירדן-הר חרמון מג`נטה 750 מל,היכל היין שקד גולן בעמ,IL,"יין הר חרמון מגנטה 750 מ""ל",מיליליטרים,750.00,"100 מ""ל",false,1,45.90,0.0612,true,1,305645
7290017647708,false,"רמת הגולן גמלא גוורצטרמינר, 750 מ""ל י יקב רמת הגולן",מיוצר וממולא על ידי יקב,IL,יין גמלא גוורצטרמינר 750 מל,מיליליטרים,750.00,"100 מ""ל",false,1,79.90,0.1065,true,1,309244
7290017647722,false,"רמת הגולן גמלא בלאנקו, 750 מ""ל י יקב רמת הגולן",היכל היין שקד גולן בעמ,IL,יין גמלא בלאנקו 750 מל,מיליליטרים,750.00,"100 מ""ל",false,1,79.90,0.1065,true,1,309245
7290017696577,false,שרי מנומר משולש יחיד,מרינה,IL,שרי מנומר משולש יחידה,גרמים,350.00,100 גרם,false,1,12.90,0.0369,true,1,302123
7290017696584,false,שרי לובלו משולש יחיד,מרינה,IL,שרי לובלו משולש יחידה,גרמים,350.00,100 גרם,false,1,12.90,0.0369,true,1,302122
7290017712239,false,פרמיו שימורי מזון מלא עם עוף לכלב במקרם,שחורי אריה ואנסטסיה,DE,פרמיו שימורי מזון מלא עם עוף לכלב במרק,גרמים,150.00,100 גרם,false,1,5.90,0.0393,true,1,311335
7290017712260,false,פרמיו פטה סלמון לכלב 150ג',שחורי אריה ואנסטסיה,DE,פרמיו פטה סלמון לכלב 150 ג,גרמים,150.00,100 גרם,false,1,5.90,0.0393,true,1,311337
7290017712673,false,הוריזן בקר וכבד לכלב ננסי 100 גר`,שחורי אריה ואנסטסיה,DE,הוריזן בקר וכבד לכלב ננסי 100 ג,גרמים,100.00,100 גרם,false,1,4.90,0.0490,true,1,311356
7290017724027,false,עוגיות אלפחורס 300 גרם,הלל בן הלל שיווק ומסחר בעמ,IL,עוגיות אלפחורס 300 גרם,גרמים,300.00,100 גרם,false,1,28.90,0.0963,true,1,309182
7290017724034,false,עוגיות סנדוויץ ריבה 250 גר`,הלל בן הלל שיווק ומסחר בעמ,IL,עוגיות סנדוויץ ריבה 250 גרם,גרמים,250.00,100 גרם,false,1,28.90,0.1156,true,1,309089
7290017724058,false,עוגיות מעדן תמר אגוז אקלר,הלל בן הלל שיווק ומסחר בעמ,IL,עוגיות מעדן תמר אגוז250 גרם,גרמים,250.00,100 גרם,false,1,28.90,0.1156,true,1,309090
7290017724225,false,עוגיות בויוס קשקבל א,הלל בן הלל שיווק ומסחר בעמ,IL,עוגיות בויוס 200 גרם,גרמים,200.00,100 גרם,false,1,28.90,0.1445,true,1,309338
7290017724683,false,עוגיות חמאה ושקדים 200 גר`,אקלר בעמ,IL,עוגיות חמאה שקדים 200 גרם,גרמים,200.00,100 גרם,false,1,28.90,0.1445,true,1,309183
7290017812571,false,מיץ ענבים תירוש אדום 100% טבעי כרמל 1 ליטר,אגודת הכורמים -כרמל מזרחי,IL,תירוש ליטר אדום 100% טבעי,ליטרים,1.00,ליטר,false,1,24.90,24.9000,true,1,304057
7290017871516,false,פמילי לקשרי שמן קמומ,"טאהא קימיה, גזיאנטפ",TR,פמלי לקשרי 1 ליטר עם שמן קמומיל+משאבה -מהדורת חורף,ליטרים,1.00,ליטר,false,1,15.90,15.9000,true,1,303094
7290017888019,false,"משקה תפוח רימון סלק גינגיר פרות &ווג 350 מ""ל",יפאורה שותפות מוגבלת לשיווק,IL,"FRUIT&VEG תפוח סלק רימון ג'ינג'ר 350 מ""ל",מיליליטרים,350.00,"100 מ""ל",false,1,10.90,0.0311,true,1,301696
7290017888026,false,"משקה אננס תפוח גזר פרות & ווג 350 מ""ל",יפאורה שותפות מוגבלת לשיווק,IL,"FRUIT&VEG אננס תפוח גזר 350 מ""ל",מיליליטרים,350.00,"100 מ""ל",false,1,10.90,0.0311,true,1,301598
7290017888033,false,"משקה בננה מלון נענע פרות &ווג 350 מ""ל",יפאורה שותפות מוגבלת לשיווק,IL,"FRUIT&VEG בננה מלון נענע 350 מ""ל",מיליליטרים,350.00,"100 מ""ל",false,1,10.90,0.0311,true,1,301599
7290017888644,false,"משקה אננס בננה כורכום פרות & ווג 350 מ""ל",יפאורה שותפות מוגבלת לשיווק,IL,"FRUIT&VEG אננס בננה כורכום 350 מ""ל",לא מנהל יחידת מידה,3.30,לא מנהל יחידת מידה,false,1,10.90,3.3030,true,1,304508
7290017888729,false,שוופס סודה בקבוק 1 ל',יפאורה שותפות מוגבלת לשיווק,IL,שוופס סודה 1 ל' גיזוז חזק,ליטרים,1.00,ליטר,false,1,7.90,7.9000,true,1,304509
7290017888866,false,משקה שוופס מיקס פירו,מיוצר עי קונדיטוריית,IL,"שוופס אסאי דובדבן 330 מ""ל פחית",מיליליטרים,330.00,"100 מ""ל",false,1,7.90,0.0239,true,1,304506
7290017888972,false,בקבוק מי עדן פקק ספורט 1 ליטר,יפאורה שותפות מוגבלת לשיווק,IL,מי עדן פקק ספורט 1 ליטר,ליטרים,1.00,ליטר,false,1,8.00,8.0000,true,1,304775
7290017894010,false,גרין קוקו - מי קוקוס אורגני 1עם אננס 1 ליטר,בן טרה ג'\וינט סטוק )בטר,LK,מי קוקוס אורגני בתוספת מיץ אננס,ליטרים,1.00,ליטר,false,1,20.90,20.9000,true,1,302906
7290017928234,true,גריסיני בייטס בצל 17,מאיר בייגל,IL,גריסיני בייטס בצל 175 גרם,יחידה,0.00,יחידה,false,1,14.90,0.0000,true,1,303539
7290018043110,false,אול אין אקסטרא קרם ק,הרת'סייד פוד סולושיי,NL,אול אין אקסטרא קרם קשיו קרמל,גרמים,60.00,100 גרם,false,1,14.90,0.2483,true,1,308887
7290018043134,false,אול אין אקסטרא קרם ש,הרת'סייד פוד סולושיי,NL,אול אין אקסטרא קרם ש לבן,גרמים,60.00,100 גרם,false,1,14.90,0.2483,true,1,308886
7290018043189,false,חטיף חלבון פראוד בלאק קשיו קרמל 60 גרם - 18 גרם חלבון,דיפלומט מפיצים (1968) בעמ**,NL,PROUD קרמל קשיו 60 גרם,גרמים,60.00,100 גרם,false,1,14.90,0.2483,true,1,306663
7290018043196,false,פראוד - חטיף חלבון בטעם שוקולד לבן עוגיות 60 גרם,דיפלומט מפיצים (1968) בעמ**,NL,חטיף חלבון PROUD שוקולד עוגיות 60 גרם,גרמים,60.00,100 גרם,false,1,14.90,0.2483,true,1,306665
7290018043295,false,חטיף חלבון בטעם ונילה קראנצ 60 גרם,דיפלומט מפיצים (1968) בעמ**,NL,PROUD ונילה קראנץ 60 גרם,גרמים,60.00,100 גרם,false,1,14.90,0.2483,true,1,306664
7290018071267,false,כפפות פלסטיק L שחורות אלסטיות 100 יחידות,אינטרסן (1996) בעמ,CN,כפפות פלסטיק שחורות L ללא אבקה 100 יח,יחידה,1.00,יחידה,false,1,14.90,14.9000,true,1,306844
7290018077597,false,בייגל רומני שומשום אפוי,גידרון,IL,בייגל רומני אפוי קפוא עם שומשום,יחידה,1.00,יחידה,false,1,5.90,5.9000,true,1,303620
7290018077603,false,בייגל רומני עם זעתר,גדרון,IL,בייגל רומני עם זעתר א.ק,יחידה,1.00,יחידה,false,1,5.90,5.9000,true,1,303619
7290018077665,false,בייגל רומני גדרון א.,גידרון,IL,בייגל רומני גדרון א.ק,יחידה,1.00,יחידה,false,1,5.90,5.9000,true,1,303629
7290018091036,false,פיצה אנטיפסטי מעדנות 200 גרם,תנובה מעדנות,IL,פיצה אנטיפסטי מעדנות 250גרם,גרמים,250.00,100 גרם,false,1,19.90,0.0796,true,1,305783
7290018091234,false,פיצה מקסיקנית מעדנות 200 גרם,תנובה מעדנות,IL,פיצה מקסיקנית מעדנות 260גרם,גרמים,260.00,100 גרם,false,1,19.90,0.0765,true,1,305782
7290018091821,false,פיצה נפוליטנה מעדנות 200 גרם,תנובה ענף ב.ע.ד,IL,פיצה נפוליטנה מעדנות 200גרם,גרמים,200.00,100 גרם,false,1,19.90,0.0995,true,1,305781
7290018131077,false,נסטלה מילקה שלגון וניל חדש 71 גרם,פרונרי פולין,PL,שלגון מילקה עם ריפל שוקולד 71 גרם,גרמים,71.00,100 גרם,false,1,12.90,0.1817,true,1,307299
7290018131251,false,אקסטרים מטבע שוקולד לבן וליבת קרם עוגיות 115ג',נגה גלידות שותפות מוגבלת,IL,אקסטרים מ.שקלד.לבן וליבת ק.עוג. 18*115ג,גרמים,128.00,100 גרם,false,1,12.50,0.0977,true,1,303900
7290018131336,false,שלגון ליון בטעם קרמל עם,שוורצקוף& הנקל דיסלד,PL,שלגון ליון קרמל 66גרם,גרמים,66.00,100 גרם,false,1,12.90,0.1955,true,1,307300
7290018131428,false,טילון אקסטרים מסקרפו,גלידות נסטלה )נגה גלידות,IL,טילון אקסטרים מסקרפונה תות 128 גרם,גרמים,128.00,100 גרם,false,1,12.50,0.0977,true,1,303903
7290018131596,false,אימפלס מיני בייטס אוראו 8 יחידות,שוורצקוף& הנקל דיסלד,PL,גלידה מיני בייטס אוראו 85 גרם,גרמים,85.00,100 גרם,false,1,9.90,0.1165,true,1,303911
7290018131640,false,קראנץ בלונד עם ליבת נוגט בוטנים 100 גרם,גלידות נסטלה )נגה גלידות,IL,קראנץ שוקולד בלונדי 100 גרם,גרמים,100.00,100 גרם,false,1,12.50,0.1250,true,1,307298
7290018131770,false,שלגון נסטלה מצופה וניל תות 60 גרם,גלידות נסטלה (נגה גל,IL,שלגון וניל מצופה תות 55 גרם,גרמים,55.00,100 גרם,false,1,7.90,0.1436,true,1,306797
7290018131879,false,אקסטרים טילון חלב בדצ מאגדת 6*72 גרם נסטלה,נגה גלידות שותפות מוגבלת,IL,מאג אקסטרים טילון ריבת חלב 432גרם,גרמים,432.00,100 גרם,false,1,39.90,0.0924,true,1,307294
7290018131978,false,טילון נסטלה אוראו 68.5 גרם,פרונרי סרביה,PL,טילון אוראו 68.5גרם,גרמים,69.00,100 גרם,false,1,7.90,0.1145,true,1,307301
7290018165010,false,"יין רזרב GOLD EDITION גווצטרמינר ברקן 750 מ""ל",יקבי ברקן שיווק והפצה בע,IL,"גוורצטרמינר רזרב גולד 750 מ""ל",מיליליטרים,750.00,"100 מ""ל",false,1,54.90,0.0732,true,1,304640
7290018165027,false,רזרב גולד אדישיין רוזה 750 מל-יקבי ברק,יקבי ברקן שיווק והפצה בע,IL,"רזרב גולד רוזה 750 מ""ל",מיליליטרים,750.00,"100 מ""ל",false,1,54.90,0.0732,true,1,304641
7290018165447,false,רזרב גולד מרלו ( 750 מל) יקבי ברקן,יקבי ברקן שיווק והפצה בע,IL,"רזרב גולד מרלו 750 מ""ל",מיליליטרים,750.00,"100 מ""ל",false,1,54.90,0.0732,true,1,308125
7290018192023,false,מקלות סלרי ארוז יח',קונס`-מרינה פטריות הגליל בעמ*ש,IL,מקלות סלרי יחידה,גרמים,500.00,100 גרם,false,1,7.90,0.0158,true,1,303142
7290018192658,false,מארז זוג פטריות פורטובלה ושמפיניון מרינה,קונס`-מרינה פטריות הגליל בעמ*ש,IL,פטריות שמפניון צמד חמד איטלקי מארז זוג,גרמים,500.00,100 גרם,false,1,18.90,0.0378,true,1,307063
7290018194454,false,ערק סאפי לימונארק 7,הנסיך- מפעל לייצור ט,IL,"לימונארק סאפי 700 מ""ל",מיליליטרים,700.00,"100 מ""ל",false,1,59.90,0.0856,true,1,305325
7290018296042,false,לחם טוסט אמריקה 500 גר,מאפיית אגמי,IL,לחם טוסט אמריקה 500גרם,גרמים,500.00,100 גרם,false,1,15.90,0.0318,true,1,308832
7290018296448,false,לחם בריוש 500 גרם,מאפיית אגמי,IL,לחם בריוש 500 גרם,גרמים,500.00,100 גרם,false,1,17.90,0.0358,true,1,309704
7290018296608,false,לחם בריאות ושובע 9 דגנים קל,מאפיית אגמי,IL,לחם בריאות ושובע 9 דגנים,גרמים,600.00,100 גרם,false,1,16.90,0.0282,true,1,303700
7290018296615,false,פיתה ביס כוסמין מלא 10יח,"מאפיית אגמי בע""מ",,פיתה כוסמין ביס,גרמים,500.00,100 גרם,false,1,17.90,0.0358,true,1,303799
7290018296813,false,פיתה ביס קלה 10 יח 4,"מאפיית אגמי בע""מ",,פיתה קלה ביס,גרמים,500.00,100 גרם,false,1,15.90,0.0318,true,1,303800
7290018440209,false,פליפז בייגלה בציפוי פאדג' לבן מקוויטיס 140 גרם,תה ויסוצקי (ישראל) בעמ,TR,"Flipz, חטיף בייגלה אפוי בציפוי שוקולד חלב, 140 גרם",גרמים,140.00,100 גרם,false,1,9.90,0.0707,true,1,306569
7290018440254,false,תה צ'אי קרמל מלוח 25 שקיקים ויסוצקי,תה ויסוצקי (ישראל) בעמ,IL,צאי קרמל מלוח 25 גרם,גרמים,25.00,100 גרם,false,1,19.90,0.7960,true,1,309585
7290018440483,false,פליפז בייגלה מצופה בקרמל מלוח ושוקולד מקוויטיס 140 גרם,תה ויסוצקי (ישראל) בעמ,TR,פליפז בייגלה מצופה בקרמל מלוח ושוקולד 14,גרמים,140.00,100 גרם,false,1,9.90,0.0707,true,1,308404
7290018441626,false,גלידת פיינטים מנטה עוגיות 430 ג' בן וג'ירי,מוצרי איכות אמריקאיים בעמ,IL,גלידת שמנת בטעם מנטה עם עוגיות בטעם שוקולד 430 גרם,גרמים,430.00,100 גרם,false,1,29.90,0.0695,true,1,309572
7290018441886,false,"קרם עוגיות 150 מ""ל - דולצ'ה דה לצ'ה",מוצרי איכות אמריקאים,IL,דולצה דה לצה 150מל שורטי,מיליליטרים,150.00,"100 מ""ל",false,1,13.90,0.0927,true,1,309002
7290018471050,false,"ספרינג נקטר אגס תפוח סברס פחית 330 מ""ל",יפאורה - שותפות מוגבלת לשיווק,IL,"ספרינג אגס תפוח סברס פחית 330 מ""ל",מיליליטרים,330.00,"100 מ""ל",false,1,8.50,0.0258,true,1,307942
7290018471128,false,"ספרינג שייק אננס מנגו פסיפלורה זכוכית 330 מ""ל","יפאורה תבורי בע""\מ",IL,"ספרינג שייק אננס מנגו פסיפלורה 330 מ""ל",מיליליטרים,330.00,"100 מ""ל",false,1,10.90,0.0330,true,1,308318
7290018471135,false,"ספרינג שייק בננה תמר תפוז 330 מ""ל זכוכית","יפאורה תבורי בע""\מ",IL,"ספרינג שייק בננה תמר תפוז 330 מ""ל",מיליליטרים,330.00,"100 מ""ל",false,1,10.90,0.0330,true,1,308319
7290018471906,false,שוופס מוגז פירות לימונדה ורודה 1.5 ליטר פיקדון,יפאורה - שותפות מוגבלת לשיווק,IL,שוופס מוגז פירות לימונדה ורודה 1.5 ל',ליטרים,1.50,ליטר,false,1,14.50,9.6667,true,1,309386
7290018471913,false,משקה מוגז פירות תפוחים שוופס 1.5 ליטר,יפאורה - שותפות מוגבלת לשיווק,IL,שוופס משקה תפוחים מוגז 1.5 ליטר,ליטרים,1.50,ליטר,false,1,14.50,9.6667,true,1,309387
7290018471944,false,שוופס מוגז פירות לימונייד 1.5 ליטר פיקדון,יפאורה - שותפות מוגבלת לשיווק,IL,שוופס מוגז פירות לימונייד 1.5 ליטר,ליטרים,1.50,ליטר,false,1,14.50,9.6667,true,1,309388
7290018641439,false,ערק אשכולית אדומה מוגז 330 מל אוק אנד,טחנת האבן קואופ בעמ,IL,ערק פלוס אשכוליות 330 מל,מיליליטרים,330.00,"100 מ""ל",false,1,15.90,0.0482,true,1,309223
7290018641446,false,אוק אנד אש - ערק לימונדה מוגז,,IL,ערק פלוס לימודה 330 מל,מיליליטרים,330.00,"100 מ""ל",false,1,15.90,0.0482,true,1,309339
7290018652015,false,נסטלה שלגון סופרולר 75 גרם,פרונרי איברייה,ES,סופרולר 75גרם,גרמים,75.00,100 גרם,false,1,9.90,0.1320,true,1,307302
7290018652053,false,"יסקולידה אקסטרה גלידה בטעמי וניל ושוקולד, 90 גרם",גלידות נסטלה )נגה גלידות,IL,ביסקולידה קסטרה 95 גרם,גרמים,95.00,100 גרם,false,1,7.90,0.0832,true,1,307297
7290018652190,false,חטיף גלידה קראנץ בר 60 גרם,פרונרי איטליה,IT,קראנץ בר אימפלס 60גרם,גרמים,60.00,100 גרם,false,1,8.90,0.1483,true,1,309857
7290018652718,false,שלגון מילקה אגוזים 71 גרם,נגה גלידות,PL,שלגון מילקה אגוזים 71גרם,גרמים,71.00,100 גרם,false,1,12.90,0.1817,true,1,309862
7290018652770,false,טילון אקסטרים בייגלה מתוק מלוח 115 גרם,נגה גלידות שותפות מוגבלת,IL,טילון גולדה 115גרם,גרמים,115.00,100 גרם,false,1,12.50,0.1087,true,1,309858
7290018652817,false,שלגון פרווה וניל עוגיות,נסטלה,IL,שלגון פרווה וניל עוגיות 55גרם,גרמים,55.00,100 גרם,false,1,5.90,0.1073,true,1,309860
7290018652862,false,באבל גאם מסטיק תות 60ג בדץ,נסטלה,IL,באבל גאם 60גרם,גרמים,60.00,100 גרם,false,1,8.90,0.1483,true,1,309859
7290018652947,false,קראנץ ליבת נוגט+אורז תפוח כלפ28*100ג,גלידות נסטלה,IL,שלגון קראנץ פיסטוק 100 גרם,גרמים,100.00,100 גרם,false,1,12.50,0.1250,true,1,310348
7290018848005,false,יין רוזה בפחית 250 מ,דונלי ויני,IT,"יין רוזה בפחית 250 מ""ל",מיליליטרים,250.00,"100 מ""ל",false,1,17.90,0.0716,true,1,309686
7290018848012,false,יין לבן בפחית 250 מ,דונלי ויני,IT,"יין לבן בפחית 250 מ""ל",מיליליטרים,250.00,"100 מ""ל",false,1,17.90,0.0716,true,1,309685
7290018894002,false,קוביות וופל במילוי קרם קקאו - חלבי,ש. שסטוביץ בע`מ,IT,בלקוני וופל קוביות קקאו 250 ג,גרמים,250.00,100 גרם,false,1,15.90,0.0636,true,1,310189
7290018894019,false,עוגות אישיות במילוי קרם חלבי ובציפוי קרם קקאו,ש. שסטוביץ בע`מ,IT,בלקוני עוגות מיקס מקס חלב 350 ג,גרמים,350.00,100 גרם,false,1,19.90,0.0569,true,1,310194
7290018894200,false,וופל קוביות ווניל בלקוני 250 גרם,ש. שסטוביץ בע`מ,IT,בלקוני וופל קוביות וניל 250 ג,גרמים,250.00,100 גרם,false,1,15.90,0.0636,true,1,310190
7290018894408,false,קוביות וופל במילוי קרם אגוזי לוז - חלבי,ש. שסטוביץ בע`מ,IT,בלקוני וופל קוביות אגוזי לוז 250 ג,גרמים,250.00,100 גרם,false,1,15.90,0.0636,true,1,310191
7290018894606,false,בלקוני וופל קקאו 175 גרם חלבי OU,ש. שסטוביץ בע`מ,IT,בלקוני וופל קקאו 175 ג,גרמים,175.00,100 גרם,false,1,12.90,0.0737,true,1,310192
7290018925065,false,מיץ תפוזים סחוט פרימור (2 ליטר),שטראוס גרופ בעמ/מצונן,IL,פרימור סחוט מיץ תפוזים 100% 2 ליטר,ליטרים,2.00,ליטר,false,1,33.50,16.7500,true,1,309480
7290018925072,false,פרימור טרי מיץ לימונים עם נענע 2 ליטר,שטראוס גרופ בעמ/מצונן,IL,פרימור משקה קל לימונים ונענע 2 ליטר,ליטרים,2.00,ליטר,false,1,33.50,16.7500,true,1,309389
7290018925409,false,משקה לימון ואננס 400 מל פרימור,שטראוס גרופ בעמ/מצונן,IL,מיץ לימון ואננס פרימור 400 מל,מיליליטרים,400.00,"100 מ""ל",false,1,11.90,0.0298,true,1,310924
7290018925416,false,פרימור סחוט לימון ופסיפלורה 400 מל,שטראוס גרופ בעמ/מצונן,IL,מיץ לימון ופסיפלורה פרימור 400 מל,מיליליטרים,400.00,"100 מ""ל",false,1,11.90,0.0298,true,1,310923
7290018949009,false,גרופר משקה קל מוגז אורגני תפוזזה 330 מל,טחנת האבן קואופ בעמ,IL,משקה קל מוגז גרופר תפוזזה 330 מל,מיליליטרים,330.00,"100 מ""ל",false,1,9.90,0.0300,true,1,309448
7290018949023,false,גרופר משקה קל מוגז אורגני לימוננדה 330 מ,טחנת האבן קואופ בעמ,IL,משקה קל מוגז גרופר לימוננדה 330 מל,מיליליטרים,330.00,"100 מ""ל",false,1,9.90,0.0300,true,1,309450
7290019056065,false,שוופס מוגז עדין פירות יער 1.5 ליטר פיקדון,יפאורה - שותפות מוגבלת לשיווק,IL,שוופס מוגז עדין פירות יער 1.5 ל',ליטרים,1.50,ליטר,false,1,14.50,9.6667,true,1,309390
7290019056096,false,שוופס מוגז עדין אפרסק 1.5 ליטר פיקדון,יפאורה - שותפות מוגבלת לשיווק,IL,שוופס מוגז עדין אפרסק 1.5 ל',ליטרים,1.50,ליטר,false,1,14.50,9.6667,true,1,309391
7290019056119,false,שוופס סודה 1.5 ליטר פיקדון,יפאורה שותפות מוגבלת לשיווק,IL,שוופס סודה 1.5 ל',ליטרים,1.50,ליטר,false,1,6.80,4.5333,true,1,309392
7290019056317,false,משקה בטעם ראשן 1.5 ל' שוופס,יפאורה - שותפות מוגבלת לשיווק,IL,שוופס ראשן 1.5 ל',ליטרים,1.50,ליטר,false,1,16.90,11.2667,true,1,309393
7290019056379,false,משקה קל תפוזינה 1.5 ליטר תפוזים,יפאורה - שותפות מוגבלת לשיווק,IL,תפוזינה תפוזים 1.5 ל',ליטרים,1.50,ליטר,false,1,14.90,9.9333,true,1,309394
7290019056416,false,מיץ בטעם לימונדה ורודה 1.5 ל' תפוזינה,יפאורה - שותפות מוגבלת לשיווק,IL,תפוזינה לימונדה ורודה 1.5 ל',ליטרים,1.50,ליטר,false,1,14.90,9.9333,true,1,309395
7290019056515,false,פרוט ווטר אננס 1.5 ליטר פיקדון,יפאורה - שותפות מוגבלת לשיווק,IL,Fruit Water אננס 1.5 ל',ליטרים,1.50,ליטר,false,1,14.90,9.9333,true,1,309396
7290019056546,false,fruit water פרוט ווטר אבטיח 1.5 ליטר-,יפאורה - שותפות מוגבלת לשיווק,IL,Fruit Water אבטיח 1.5 ל',ליטרים,1.50,ליטר,false,1,14.90,9.9333,true,1,309398
7290019056638,false,משקה קל ספרינג 1.5 ליטר תות בננה,יפאורה - שותפות מוגבלת לשיווק,IL,ספרינג תות בננה 1.5 ל',ליטרים,1.50,ליטר,false,1,14.90,9.9333,true,1,309399
7290019056645,false,משקה קל ספרינג 1.5 ליטר אגס תפוח סברס,יפאורה - שותפות מוגבלת לשיווק,IL,ספרינג תפוח אגס סברס 1.5 ל',ליטרים,1.50,ליטר,false,1,14.90,9.9333,true,1,309400
7290019056959,false,מי עדן בקבוק מתכווץ שקט 1.5 מ``ל,יפאורה - שותפות מוגבלת לשיווק,IL,מי עדן בקבוק 1.5 ליטר,ליטרים,1.50,ליטר,false,1,9.20,6.1333,true,1,309401
7290019056966,false,מי עדן בקבוק פיקדון 1.5 ליטר,תבורי-שותפות מוגבלת לשיווק,IL,מי עדן בקבוק 1.5 ליטר,ליטרים,1.50,ליטר,false,1,9.20,6.1333,true,1,309473
7290019056973,false,מי עדן שישיה בק `1.5ליטר פיקדון,יפאורה - שותפות מוגבלת לשיווק,IL,מי עדן שישייה בקבוק 1.5 ליטר,ליטרים,9.00,ליטר,false,6,20.90,2.3222,true,1,309402
7290019153313,false,"משקהתפוח חמוציות אוכמניות 350 מ""ל פרות & ווג",יפאורה - שותפות מוגבלת לשיווק,IL,"FRUIT&VEG תפוח חמוציות אוכמניות 350 מ""ל",מיליליטרים,350.00,"100 מ""ל",false,1,10.90,0.0311,true,1,310461
7290019232834,false,פליפז בייגלה מצופה קרם עוגיות ושוקולד מקוויטיס 140 גרם,תה ויסוצקי (ישראל) בעמ,TR,בייגלה מצופה קרם עוגיות ושוקולד 140 גרם,גרמים,140.00,100 גרם,false,1,9.90,0.0707,true,1,310453
7290019297628,false,שקד טבעי בשקית ששון הקולה 150 גרם,דין שיווק וקליה 2021 בעמ,IL,שקד טבעי 150 גרם,גרמים,150.00,100 גרם,false,1,18.90,0.1260,true,1,308767
7290019297635,false,שקדים קלויים ששון הקולה 150 גרם,דין שיווק וקליה 2021 בעמ,IL,שקדים קלויים ששון הקולה 150 גרם,גרמים,150.00,100 גרם,false,1,21.90,0.1460,true,1,308768
7290067642005,false,"בירה גולדסטאר SLOWBREW בקבוק 10% 330 מ""ל",טמפו משקאות בעמ,IL,גולדסטאר 10% בירה לאגר חזקה מאוד,מיליליטרים,330.00,"100 מ""ל",false,1,13.90,0.0421,true,1,293712
7290100240137,false,"תרסיס ריחני למייבש כחול בדין 500 מ""ל",יוניליוור ישראל שיווק בע`מ,IL,בדין תרסיס ריחני למייבש הכביסה כחול 500 מל,מיליליטרים,500.00,"100 מ""ל",false,1,21.90,0.0438,true,1,264611
7290100240144,false,בדין תרסיס למייבש הכביסה ורוד 500מל,יוניליוור ישראל שיווק בע`מ,IL,בדין תרסיס ריחני למייבש כביסה ורוד 500 מל,מיליליטרים,500.00,"100 מ""ל",false,1,21.90,0.0438,true,1,264612
7290100243671,false,"מרכך כביסה מרוכז אקסטרה כחול בדין 960 מ""ל",יוניליוור ישראל שיווק בע`מ,TR,בדין מרכך כביסה מרוכז בדין אקסטרה כחול 960 מל,מיליליטרים,960.00,"100 מ""ל",false,1,19.90,0.0207,true,1,266394
7290100412343,true,קוויק לניקוי כללי -,האי נאם סי או אל.טי.,IL,מטליות לחות,לא מנהל יחידת מידה,0.00,לא מנהל יחידת מידה,false,1,10.90,0.0000,true,1,291750
7290100653586,false,"דאודורנט ג'ל פרש פיוזן 24/7 ליידי ספיד סטיק 65 מ""ל",ליידי ספיד סטיק Lady Speed Stick,US,דאודורנט ליידי ספיד סטיק 24/7 גל פרש פיוזן 65 גרם,גרמים,65.00,100 גרם,false,1,26.90,0.4138,true,1,261895
7290100680650,false,מנה חמה נודלס-אטריות ירקות טעם תאילנדי אסם 76 ג',קבוצת אוסם סחר שותפות מוגבלת,TH,מנה חמה נודל.+ירקות תאילנדי6 6*76גרם,גרמים,76.00,100 גרם,false,1,9.90,0.1303,true,1,261719
7290100680667,false,מנה חמה נודלס בסגנון סצ`ואן אסם (76 גרם),קבוצת אוסם סחר שותפות מוגבלת,TH,מנה חמה נודלס+ירקות ט.סצ'ואן6 6*76גרם,גרמים,76.00,100 גרם,false,1,9.90,0.1303,true,1,261720
7290100680711,false,פירורית זהב אסם זהב 350ג',קבוצת אוסם סחר שותפות מוגבלת,IL,אסם פירורית זהב 12*350גרם,גרמים,350.00,100 גרם,false,1,9.90,0.0283,true,1,262380
7290100680728,false,פירורית רגילה שקית 350 גרם,קבוצת אוסם סחר שותפות מוגבלת,IL,אסם פירורית 20*350גרם,גרמים,350.00,100 גרם,false,1,7.90,0.0226,true,1,262381
7290100681138,false,מארז אפרופו חטיף תירס 3 יחידות,קבוצת אוסם סחר שותפות מוגבלת,IL,אפרופו מאח.10 3*50גרם,גרמים,150.00,100 גרם,false,1,13.90,0.0927,true,1,261288
7290100685938,false,עוגת הבית דבש ותפוח עץ עם פירורים 400 גר,קבוצת אוסם סחר-שות.מוגבלת,IL,הבית עוגת דבש ותפוח עץ 8*400גרם,גרמים,400.00,100 גרם,false,1,19.90,0.0497,true,1,262962
7290100700075,false,פירורי לחם מוזהבים סוגת (200 גרם),"סוגת תעשיות בע""\מ",IL,פירורי לחם מוזהבים סוגת 200 גרם,גרמים,200.00,100 גרם,false,1,4.50,0.0225,true,1,280188
7290100700273,false,קינואה לבנה 500 ג סו,האי נאם סי או אל.טי.,IL,קינואה 500 גרם,גרמים,500.00,100 גרם,false,1,16.90,0.0338,true,1,267738
7290100700396,false,"אורז יסמין קלאסי סוגת 1 ק""ג",האי נאם סי או אל.טי.,IL,אורז יסמין קלאסי,קילוגרמים,1.00,"ק""ג",false,1,14.90,14.9000,true,1,274048
7290100700587,false,"בורגול ""סוגת"" 500 גרם",האי נאם סי או אל.טי.,IL,בורגול 500 גרם,גרמים,500.00,100 גרם,false,1,6.50,0.0130,true,1,268933
7290100701331,false,קמח רב תכליתי שטיבל קמח חיטה לבן בהיר,"שטיבל בע""\מ - טחנות קמח",IL,קמח רב תכליתי +1,קילוגרמים,1.00,"ק""ג",false,1,8.90,8.9000,true,1,273163
7290100701881,false,קמח פיצה ופוקצ'ה- קמח חיטה לבן בהיר שטיבל,"שטיבל בע""\מ - טחנת קמח",IL,"קמח פיצה 1 ק""ג - סוגת",קילוגרמים,1.00,"ק""ג",false,1,8.90,8.9000,true,1,273031
7290100703007,false,"עדשים שחורות בלוגה 500 גרם ""סוגת""",האי נאם סי או אל.טי.,IL,עדשים שחורות בלוגה,גרמים,500.00,100 גרם,false,1,9.90,0.0198,true,1,292417
7290100850909,false,חטיף תירס נאצ`ו מקסיקני דוריטוס (70 גרם),"שטראוס פריטו ליי בע""\מ",IL,דוריטוס נאצו 70 גרם,גרמים,70.00,100 גרם,false,1,6.90,0.0986,true,1,261371
7290100850916,false,דוריטוס חמוץ חריף מעודן 70 גרם כשר לפסח,"שטראוס פריטו ליי בע""\מ )",IL,דוריטוס חמוץ חריף 70 גר 48 יח,גרמים,70.00,100 גרם,false,1,6.90,0.0986,true,1,261372
7290100850923,false,חטיף תירס גריל דוריטוס (70 גרם),"שטראוס פריטו ליי בע""\מ )",IL,דוריטוס גריל 70 גר 48 יח,גרמים,70.00,100 גרם,false,1,6.90,0.0986,true,1,261373
7290100850930,false,חטיף תירס בטעם טבעי דוריטוס (70 גרם),"שטראוס פריטו ליי בע""\מ )",IL,דוריטוס טבעי 70 גר 48 יח,גרמים,70.00,100 גרם,false,1,6.90,0.0986,true,1,261374
7290100858592,false,אבקת קקאו עלית שקית 150 ג',הנסיך- מפעל לייצור ט,IL,שקית קקאו 150גרם/20שק/150גר,גרמים,150.00,100 גרם,false,1,11.80,0.0787,true,1,263467
7290100921401,false,"שמפו הוואי מועשר בקרטין 700מ""ל",טרופיקל דגיל,,הוואי שמפו קרטין מחזק 700 מל,מיליליטרים,700.00,"100 מ""ל",false,1,14.90,0.0213,true,1,280322
7290100921418,false,מרכך מועשר בקרטין הוואי (700 מל),תאי פרזידנט פוד פאבל,IL,הוואי מרכך קרטין מחזק לשיער עדין או חלש 700 מל,מיליליטרים,700.00,"100 מ""ל",false,1,14.90,0.0213,true,1,280323
7290100921593,false,מנקה אסלה סוד 4 כדוריות לאסלה לימון נתלה 50 ג',גורי שיווק בעמ,,כדוריות אסלה בריח לימון 50 גר,גרמים,50.00,100 גרם,false,1,9.90,0.1980,true,1,279066
7290101486688,false,חטיף דגנים עם שוקולד ללא גלוטן וסוכר פרי 5*20 גרם,טבעית מוצרים מן הטבע בעמ,IL,FREEמאגדת חטיף דגנים עם שוקולד 100 גרם,גרמים,100.00,100 גרם,false,1,19.90,0.1990,true,1,264411
7290101551027,false,קפסולות קפה אספרסו חזק במיוחד 14 עלית 10 יח',הנסיך- מפעל לייצור ט,IL,קפסולות 14 למכונות נספרסו,גרמים,50.00,100 גרם,false,1,19.90,0.3980,true,1,300886
7290101551300,false,סילאן טבעי ללא תוספת סוכר בקבוק לחיץ,מכוורת יד מרדכי שטראוס ב,IL,סילאן טבעי לחיץ 380 גרם,גרמים,380.00,100 גרם,false,1,18.90,0.0497,true,1,300416
7290101863410,false,"סיליט באנג ספריי ניקוי עוצמתי מכיל אקונומיקה 750 מ""ל",רקיט בנקיזר (ניר איסט) בעמ,PL,"ספריי מכיל אקונומיקה סיליט באנג 750 מ""ל",מיליליטרים,750.00,"100 מ""ל",false,1,17.90,0.0239,true,1,266508
7290101865261,false,נוזל הברקה למדיח כלים פיניש (800 מל),רקיט בנקיזר (ניר איסט) בעמ,PL,"נוזל הברקה למדיח פיניש 800 מ""ל",מיליליטרים,800.00,"100 מ""ל",false,1,25.90,0.0324,true,1,276147
7290101987598,false,חרב בועות סבון דורה,סודי,,חרב בועות סבון דורה,Unknown,0.00,Unknown,false,1,10.00,0.0000,true,1,276629
7290101989073,false,ממתק גלי,יושלם,,ממתק גלי,לא מנהל יחידת מידה,0.00,לא מנהל יחידת מידה,false,1,9.90,0.0000,true,1,277535
7290102002801,false,שלישית ביצי שוקולד - לשבור את הקרח,זאיני,,ביצי שוקולד פרוזן שלישייה 60 גרם,גרמים,60.00,100 גרם,false,1,17.50,0.2917,true,1,285065
7290102030330,false,תפוצ`יפס אקסטרא מקסיקני 200 גרם +20 תו,"שטראוס פריטו ליי בע""\מ )",IL,תפו קראנצ מקסיקני 200 גר 12 יח - שמיטה,גרמים,200.00,100 גרם,false,1,15.50,0.0775,true,1,264206
7290102390427,false,יוגורט ביו עם קציפת תות 3% שומן 150 ג' מולר,החברה המרכזית טלהפצת משקאות בע,,יוגורט מולר פרופ תות 150 גרם,גרמים,150.00,100 גרם,false,1,6.50,0.0433,true,1,264993
7290102390465,false,יוגורט ביו עם קציפת אפרסק ופסיפלורה 3% שומן 150 ג' מולר,החברה המרכזית טלהפצת משקאות בע,,יוגורט מולר פרופ אפרסק פסיפלורה 150 גרם,גרמים,150.00,100 גרם,false,1,6.50,0.0433,true,1,264994
7290102390489,false,יוגורט ביו עם קציפת לימון 3% שומן 150 ג' מולר,*החברה המרכזית להפצת משקאותבעמ,,יוגורט מולר פרופ לימון 150 גרם,גרמים,150.00,100 גרם,false,1,6.50,0.0433,true,1,264995
7290102391844,false,יוגורט ביו עם קציפת פירות יער3% שומן 150 ג' מולר,החברה המרכזית טלהפצת משקאות בע,,יוגורט מולר פרופ פירות יער 150 גרם,גרמים,150.00,100 גרם,false,1,6.50,0.0433,true,1,265960
7290102393039,false,"יוגורט ביו קרמי מיקס פצפוצי שוקולד 7.6% מולר 170 מ""ל",*החברה המרכזית להפצת משקאותבעמ,IL,יוגורט מולר מיקס פצפוצי שוקולד 170 גרם,גרמים,170.00,100 גרם,false,1,6.60,0.0388,true,1,268680
7290102394463,false,נעם גבינה צהובה פרוסה ואקום 28% טרה 500 גרם,החברה המרכזית טלהפצת משקאות בע,IL,"גבנצ 28% ואקום 500 ג' בד""צ",גרמים,500.00,100 גרם,false,1,29.90,0.0598,true,1,275873
7290102394821,false,גבינה צהובה 28% דק דק לפתיחה חוזרת 200,החברה המרכזית טלהפצת משקאות בע,IL,גבנצ 28% דק דק 200 ג',גרמים,200.00,100 גרם,false,1,18.90,0.0945,true,1,273245
7290102394845,false,נעם גבינה צהובה לייט פרוסה דק דק 9% טרה 200 גרם,*החברה המרכזית להפצת משקאותבעמ,IL,גבנצ 9% דק דק 200 ג',גרמים,200.00,100 גרם,false,1,16.90,0.0845,true,1,273246
7290102397600,false,מיקס יוגורט בתוספת שקדים ובוטנים מקורמלים 170 ג' מולר,החברה המרכזית טלהפצת משקאות בע,IL,Muller mix שקדים ובוטנים בקרמל,גרמים,168.00,100 גרם,false,1,6.60,0.0393,true,1,290652
7290102397617,false,יוגורט ביו קרמי עם כדורים מצופים שוקולד חום לבן,*החברה המרכזית להפצת משקאותבעמ,IL,Muller mix כדורי דגנים בציפוי שוקולד,גרמים,168.00,100 גרם,false,1,6.60,0.0393,true,1,290653
7290102399635,false,"מולר פרופ יוגורט ביו עם קציפת קוקוס ואננס 150 מ""ל",*החברה המרכזית להפצת משקאותבעמ,IL,מולר פרופ TROPICAL קוקוס ואננס 3.9% שומן,גרמים,150.00,100 גרם,false,1,6.50,0.0433,true,1,304407
7290103120658,false,דאודורנט ספיד סטיק גל שחור 85 גרם,הנסיך- מפעל לייצור ט,US,"ספיד סטיק 24/7 ג""ל שחור 85 גרם",גרמים,85.00,100 גרם,false,1,26.90,0.3165,true,1,266249
7290103128739,false,בלונס מקלות אוזניים לתינוק 56 יחידות,הנסיך- מפעל לייצור ט,GR,בייבי בלונס מקלוני כותנה לתינוק 50 יח',מיליליטרים,0.00,"100 מ""ל",false,1,6.80,0.0000,true,1,274059
7290103129378,false,ספיד סטיק - דאודורנט ג'ל לגבר איקס 5 85 גרם,הנסיך- מפעל לייצור ט,US,דאודורנט גל ספיד סטיק X5 85 גרם,גרמים,0.00,100 גרם,false,1,26.90,0.0000,true,1,275178
7290103401429,false,קפה קצב ברזילאי אוריגינס 200 גר,הנסיך- מפעל לייצור ט,IL,פלטינום ברזילאי 200 גרם,גרמים,200.00,100 גרם,false,1,29.90,0.1495,true,1,267185
7290103404758,false,סלט כרוב אדום במיונז אחלה 120 גרם,שטראוס גרופ בעמ/מצונן,IL,כרוב 120,גרמים,120.00,100 גרם,false,1,6.40,0.0533,true,1,266737
7290103681173,false,"יין הר קברנה סובניון יקבי תבור 750 מ""ל.",*החברה המרכזית להפצת משקאותבעמ,IL,הר קברנה סוביניון יין אדום יבש 2016 מל,מיליליטרים,750.00,"100 מ""ל",false,1,44.90,0.0599,true,1,300588
7290103681180,false,"יין הר מרלו מיתוג תנשמת 750 מ""ל",*החברה המרכזית להפצת משקאותבעמ,IL,הר מרלו 750 מל,מיליליטרים,750.00,"100 מ""ל",false,1,44.90,0.0599,true,1,300587
7290103681197,false,"יין הר שיראז מיתוג תנשמת 750 מ""ל",*החברה המרכזית להפצת משקאותבעמ,IL,"יין שיראז  750 מ""ל סדרת הר",מיליליטרים,750.00,"100 מ""ל",false,1,44.90,0.0599,true,1,300586
7290103681210,false,"יין הר שרדונה מיתוג תנשמת 750 מ""ל",*החברה המרכזית להפצת משקאותבעמ,IL,תבור הר שרדונה 750 מל,מיליליטרים,750.00,"100 מ""ל",false,1,44.90,0.0599,true,1,300585
7290103681227,false,"יין הר גוורצטרמינר מיתוג תנשמת 750 מ""ל",החברה המרכזית טלהפצת משקאות בע,IL,"יין גוורצטרמינר חצי מתוק 750 מ""ל סדרת הר",מיליליטרים,750.00,"100 מ""ל",false,1,44.90,0.0599,true,1,300589
7290104061417,false,סלט חומוס עם טחינה אחלה 400 גרם,שטראוס גרופ בעמ/מצונן,IL,חומוס טחינה 400 גרם,גרמים,400.00,100 גרם,false,1,12.90,0.0323,true,1,267854
7290104061431,false,סלט חומוס עם צנובר אחלה 400 גרם,שטראוס גרופ בעמ/מצונן,IL,חומוס צנובר 400 גרם,גרמים,400.00,100 גרם,false,1,12.90,0.0323,true,1,267856
7290104061448,false,סלט חומוס עם חריף אחלה 400 גרם,שטראוס גרופ בעמ/מצונן,IL,חומוס חריף 400 גרם,גרמים,400.00,100 גרם,false,1,12.90,0.0323,true,1,267857
7290104067679,false,סלט טחינה 400 ג' אחלה,שטראוס גרופ בעמ/מצונן,IL,טחינה 400,גרמים,400.00,100 גרם,false,1,11.90,0.0298,true,1,287943
7290104068539,false,מאסט פליפטופ מלון ואבטיח ללא גרעינים,שטראוס גרופ בע`מ,IL,מסטיק מאסט מלון ואבטיח 28 גרם,גרמים,28.00,100 גרם,false,1,6.00,0.2143,true,1,269281
7290104260940,false,שלישיית כובעי ניילון,,,שלישיית כובעי ניילון,יחידה,1.00,יחידה,false,1,14.90,14.9000,true,1,309331
7290104500572,false,אפרופו חטיף תירס איטליאנו אסם 50 גרם,קבוצת אוסם סחר-שות.מוגבלת,IL,אפרופו איטלקי 36*50גרם,גרמים,50.00,100 גרם,false,1,7.90,0.1580,true,1,271238
7290104508943,false,במבה חטיף בוטנים אסם 200 גרם,קבוצת אוסם סחר-שות.מוגבלת,IL,במבה קלאסי 18*200 גרם,גרמים,200.00,100 גרם,false,1,13.90,0.0695,true,1,272557
7290104722530,false,תפוצ'יפס בטעם שמנת בצל עלית 200 גרם,"שטראוס פריטו ליי בע""\מ )",IL,תפו שמנת בצל 200 גר 12 יח - שמיטה,גרמים,200.00,100 גרם,false,1,15.50,0.0775,true,1,269852
7290104726262,false,רביעייה מעדן דני שוקולד דיסני לבנים 125 גרם,שטראוס גרופ בעמ/מצונן,IL,דני שלוק שוקולד רביעייה,גרמים,500.00,100 גרם,false,1,11.50,0.0230,true,1,270677
7290104728310,false,"שמנת מתוקה עמידה 38% שומן ""יטבתה"" -מוצר בפיקוח",שטראוס גרופ בעמ/מצונן,IL,שמנת להקצפה 38% מהדרין,מיליליטרים,250.00,"100 מ""ל",false,1,6.47,0.0259,true,1,271379
7290104729003,false,"יד מרדכי - שמן זית כתית מעולה 2 קלאסי 750 מ""ל",מכוורת יד מרדכי שטרא,IL,שמן זית כתית מעולה 750 מוצר מדבקה,מיליליטרים,750.00,"100 מ""ל",false,1,39.90,0.0532,true,1,297350
7290104960970,false,דאודורנט ספריי טיטניום מטאל Titanium Metal,אמיליה קוסמטיקס בעמ,IL,"טיטניום דאודורנט ספריי מטאל 180 מ""ל",מיליליטרים,180.00,"100 מ""ל",false,1,19.90,0.1106,true,1,273296
7290104962073,false,דאודורנט ספריי גוף טיטניום גולד Titanium Gold,החברה הדרומית לשיווק בעמ,IL,"טיטניום דאודורנט ספריי גולד 180 מ""ל",מיליליטרים,180.00,"100 מ""ל",false,1,19.90,0.1106,true,1,278870
7290105108272,true,מטריה מבוגרים,,,מטריה מבוגרים,יחידה,1.00,יחידה,false,1,39.90,39.9000,true,1,311841
7290105360878,false,תפוציפס טבעי 50 גרם מארז רביעייה,"שטראוס פריטו ליי בע""\מ )",IL,מ. תפו טבעי 4*50 גר 12 יח - שמיטה,גרמים,200.00,100 גרם,false,1,18.90,0.0945,true,1,282217
7290105362339,false,"שמנת לבישול 15% 250 מ""ל יטבתה מהדרין",שטראוס גרופ בעמ/מצונן,IL,שמנת לבישול 15% מהדרין- ח,מיליליטרים,250.00,"100 מ""ל",false,1,9.00,0.0360,true,1,273783
7290105363602,false,מקלות כיף כף קלאסי עלית (40 גרם),שולן צ'\יקולטה גידה סאן.,TR,כיף כף מקלות קלאסי,גרמים,40.00,100 גרם,false,1,6.90,0.1725,true,1,275276
7290105364289,false,מקלות כיף כף פצפוצים עלית 40 גרם,שולן צ'\יקולטה גידה סאן.,TR,כיף כף מקלות פצפוצים,גרמים,40.00,100 גרם,false,1,6.90,0.1725,true,1,275277
7290105364302,false,"עלית חטיף שוקולד כיף כף מקלות אגוזים, 40 גרם",שולן צ'\יקולטה גידה סאן.,TR,כיף כף מקלות אגוזים,גרמים,40.00,100 גרם,false,1,6.90,0.1725,true,1,275278
7290105364678,false,"אקטיביה משקה יוגורט בטעם אפרסק שטראוס 250 מ""ל",שטראוס גרופ בעמ/מצונן,IL,משקה אקטיביה אפרסק 1.2% בודד,מיליליטרים,250.00,"100 מ""ל",false,1,6.60,0.0264,true,1,271761
7290105366047,false,טחינה לבנה אחלה (400 גרם),שטראוס גרופ בעמ/מצונן,IL,טחינה לבנה 400 גר,גרמים,400.00,100 גרם,false,1,19.90,0.0497,true,1,272252
7290105366993,false,סימפוניה גבינת שמנת פלפל שיפקה 5% שטראוס 200 גרם,שטראוס גרופ בעמ/מצונן,IL,סימפוניה פילפל שיפקה חריף,גרמים,200.00,100 גרם,false,1,12.70,0.0635,true,1,279149
7290105368331,false,מעדן מילקי בטעם תות עם קצפת,שטראוס גרופ בעמ/מצונן,IL,מילקי בטעם תות,גרמים,133.00,100 גרם,false,1,3.30,0.0248,true,1,274014
7290105368904,false,"שמנת מתוקה להקצפה 32% שומן 250 מ""ל יוטבתה",שטראוס גרופ בעמ/מצונן,IL,שמנת מתוקה להקצפה 32% מהדרין-ח,מיליליטרים,250.00,"100 מ""ל",false,1,7.90,0.0316,true,1,274805
7290105430458,false,"פלמוליב - תחליב רחצה נטורלס שקדים 750 מ""ל",הנסיך- מפעל לייצור ט,TR,"פלמוליב נטורלס תחליב רחצה חלב שקדים, 750 מל",מיליליטרים,750.00,"100 מ""ל",false,1,22.90,0.0305,true,1,276465
7290105431868,false,"פלמוליב ספא קוקוס גרגרים נוזלי 500 מ""ל",הנסיך- מפעל לייצור ט,TR,500 מל סבון נוזלי פלמוליב חלב קוקוס,מיליליטרים,500.00,"100 מ""ל",false,1,19.90,0.0398,true,1,279072
7290105436382,false,חטיף פרי תמרים קשיו ללא תוספת סוכר וגלוטן 5 יח,טבעית מוצרים מן הטבע בעמ,IL,"FREE חטיף תמרים ואגוזי קשיו, 5 חטיפים, 125 גרם",גרמים,125.00,100 גרם,false,1,17.90,0.1432,true,1,282063
7290105439581,false,מנה מאסטר שף חרדל דיזיון צרפתי 370 גר,רמיה סי.וי.הולנד,FR,מאסטר שף חרדל דיז'ון צרפתי 370 גרם,גרמים,370.00,100 גרם,false,1,13.90,0.0376,true,1,289346
7290105500151,false,וודקה פינלנדיה רגיל 700,"אלטיה קורפ, הלסינקי,",FI,"פינלנדיה 700 מ""ל",מיליליטרים,700.00,"100 מ""ל",false,1,79.90,0.1141,true,1,274424
7290105500236,false,וויסקי ג'ק דניאלס מס' 7 Brand No,ג'ק דניאלס Jack Daniel's,US,טנסי וויסקי,מיליליטרים,700.00,"100 מ""ל",false,1,125.20,0.1789,true,1,281398
7290105691224,false,אסם חטיפי פריכונים טורטייה שום בצל 60 גרם,קבוצת אוסם סחר-שות.מוגבלת,IL,אסם חטיפי פריכונים טורטיה שום בצל 12*60ג,גרמים,60.00,100 גרם,false,1,8.50,0.1417,true,1,272763
7290105691248,false,אסם חטיפי פריכונים טורטייה תירס 60 גרם,קבוצת אוסם סחר שותפות מוגבלת,IL,אסם חטיפי פריכונים טורטיה תירס 12*60גרם,גרמים,60.00,100 גרם,false,1,8.50,0.1417,true,1,272764
7290105695895,false,עוגת הבית דמקה דבש אסם (320 גרם),קבוצת אוסם סחר-שות.מוגבלת,IL,הבית עוגת דמקה דבש 8*320גרם,גרמים,320.00,100 גרם,false,1,16.90,0.0528,true,1,274345
7290105962980,false,כרוב אדום במיונז 400 ג' אחלה,מיוצר עי קונדיטוריית,IL,כרוב סגול במיונז 400 גרם,גרמים,400.00,100 גרם,false,1,11.90,0.0298,true,1,287942
7290105962997,false,חצילים אחלה במיונז 400 גר',"שטראוס גרופ ***בע""מ",IL,חציל מיונז 400,גרמים,400.00,100 גרם,false,1,11.90,0.0298,true,1,287941
7290105963000,false,סלט מטבוחה 400 ג' אחלה,מיוצר עי קונדיטוריית,IL,מטבוחה 400,גרמים,400.00,100 גרם,false,1,11.90,0.0298,true,1,285103
7290105963864,false,חזרת אחלה שטראוס 220,שטראוס גרופ בעמ/מצונן,IL,חזרת אחלה 220 גרם,גרמים,220.00,100 גרם,false,1,13.90,0.0632,true,1,274492
7290105965738,false,יוגורט לשתיה בטעם תות בננה267 ג' דנונה,שטראוס גרופ בעמ/מצונן,IL,דנונה לשתיה תות בננה 267גר',מיליליטרים,267.00,"100 מ""ל",false,1,6.90,0.0258,true,1,280163
7290105968654,false,רביולי עם בטטה פרווה שטראוס (400 גרם),שטראוס גרופ בעמ/מצונן,IL,רביולי בטטה פרווה 400 גרם,גרמים,400.00,100 גרם,false,1,20.00,0.0500,true,1,274806
7290105968777,false,פריכיות 5 דגנים עם תחתית שוקולד מריר 70 גרם,"טחנת האבן תעשיות בע""",IL,פריכיות אנרגי תחתית ש.מריר OS,גרמים,70.00,100 גרם,false,1,9.90,0.1414,true,1,276789
7290106520066,false,"רבע לשבע שוקולד חלב במילוי אגוזים עלית 160 גרם בד""צ","הגביע מוצרי וופלים בע""\מ",IL,רבע לשבע (ירוק) 160 גר',גרמים,160.00,100 גרם,false,1,13.90,0.0869,true,1,275461
7290106520912,false,שמנת לבישול 9% שומן 258גר מהדרין יטבתה,שטראוס גרופ בעמ/מצונן,IL,שמנת לבישול 9% מהדרין-ח,מיליליטרים,250.00,"100 מ""ל",false,1,9.00,0.0360,true,1,276859
7290106524439,false,חטיף פופס תפוצ`יפס (60 גרם),"שטראוס פריטו ליי בע""\מ )",IL,תפו פופס 60 גר 40 יח,גרמים,60.00,100 גרם,false,1,5.90,0.0983,true,1,295592
7290106526822,false,פריכיות אורז חום מלא תחתית שוקולד חלב 80 גרם,"טחנת האבן תעשיות בע""",IL,פריכיות אנרגי תחתית ש.חלב OS,גרמים,80.00,100 גרם,false,1,9.90,0.1238,true,1,279272
7290106528567,false,חטיף תירס גריל דוריטוס (185 גרם),"שטראוס פריטו ליי בע""\מ )",IL,דוריטוס גריל 185 גר 12 יח,גרמים,185.00,100 גרם,false,1,11.90,0.0643,true,1,289902
7290106528628,false,חטיף תירס בטעם טבעי דוריטוס (185 גרם),"שטראוס פריטו ליי בע""\מ )",IL,דוריטוס DIPPAS טבעי 185 גר 12 יח,גרמים,185.00,100 גרם,false,1,11.90,0.0643,true,1,289903
7290106570153,false,תערובת להכנת לטקס כש,"אסם השקעות בע""\מ",IL,אסם תערובת להכנת לטקס כלפ.6*170גרם,גרמים,170.00,100 גרם,false,1,12.90,0.0759,true,1,276050
7290106570177,false,בייגלה שטוחים מלח 250 גר,"אסם השקעות בע""\מ",IL,אסם בייגלה שטוחים מלח כלפ.12*250גר,גרמים,250.00,100 גרם,false,1,17.90,0.0716,true,1,276018
7290106571792,false,קרחון ענבים ויטמנציק נסטלה,גלידות נסטלה )נגה גלידות,IL,ויטמינצ'יק קרחון ענבים 48*80גרם,גרמים,80.00,100 גרם,false,1,4.00,0.0500,true,1,276023
7290106574120,false,גומי גם קרחון שרבט עם סוכריות 90 גר`נסט,נגה גלידות שותפות מוגבלת,IL,גומיגם קרחון שרבט עם סוכריות בפנים42*90ג,גרמים,90.00,100 גרם,false,1,10.50,0.1167,true,1,279441
7290106574953,false,בייגלה שטוחים כעכים שטוחים עם שומשום,קבוצת אוסם סחר שותפות מוגבלת,IL,אסם בייגלה שטוחים שומשום 9*300גרם,גרמים,300.00,100 גרם,false,1,14.90,0.0497,true,1,277898
7290106574977,false,בייגלה שטוחים טבעות עם מלח אסם (300 גרם),קבוצת אוסם סחר שותפות מוגבלת,IL,אסם בייגלה שטוחים עם מלח 9*300גרם,גרמים,300.00,100 גרם,false,1,14.90,0.0497,true,1,277899
7290106575257,false,עוגת הבית סופלה בטעם שוקולד 340 ג' אסם,קבוצת אוסם סחר שותפות מוגבלת,IL,הבית עוגת סופלה בטעם שוקולד 8*340גרם,גרמים,340.00,100 גרם,false,1,14.90,0.0438,true,1,278565
7290106576537,false,חומוס מסעדה צבר (700 גרם),קבוצת אוסם סחר שותפות מוגבלת,IL,צבר חומוס מסעדה 6*700גרם,גרמים,700.00,100 גרם,false,1,12.70,0.0181,true,1,278677
7290106576797,false,"לה קרמריה גלידת וניל איטלקי כשל""פ 1.4ל'",נגה גלידות שותפות מוגבלת,IL,לה קרמריה וניל איטלקי בדצ 6*1.4ליטר,ליטרים,1.40,ליטר,false,1,22.90,16.3571,true,1,279448
7290106576810,false,גלידה לה קרמריה ריבת חלב 1.4 ל' נסטלה,נגה גלידות שותפות מוגבלת,IL,לה קרמריה ריבת חלב חתס.כלפ.6*1.4ל,ליטרים,1.40,ליטר,false,1,22.90,16.3571,true,1,279449
7290106576834,false,גלידה לה קרמריה פונטש בננה1.4 ל' נסטלה,נגה גלידות שותפות מוגבלת,IL,גלידה לה קרמריה פונטש בננה 1.4 ליטר,ליטרים,1.40,ליטר,false,1,22.90,16.3571,true,1,279456
7290106576858,false,גלידה לה קרמריה תותים בשמנת 1.4 ל' נסטלה,נגה גלידות שותפות מוגבלת,IL,לה קרמריה תותים בשמנת כלפ.6*1.4ליטר,ליטרים,1.40,ליטר,false,1,22.90,16.3571,true,1,279451
7290106576957,false,"לה קרמריה גלידת שוקו וניל פליק פרווה כשל""פ 1.4",נגה גלידות שותפות מוגבלת,IL,לה קרמריה שוקו וניל פליק פרווה בדצ6*1.4ל,לא מנהל יחידת מידה,0.00,לא מנהל יחידת מידה,false,1,31.90,0.0000,true,1,279460
7290106576971,false,גלידה לה קרמריה שוקולד בלגי 1.4 ל' נסטלה,נגה גלידות שותפות מוגבלת,IL,לה קרמריה גלידת שוקולד 6*1.4ל,ליטרים,1.40,ליטר,false,1,22.90,16.3571,true,1,279450
7290106577039,false,גלידה לה קרמריה שוקו וניל פליק 1.4 ל' נסטלה,נגה גלידות שותפות מוגבלת,IL,לה קרמריה שוקו וניל פליק חלבי בדצ 6*1.4ל,לא מנהל יחידת מידה,0.00,לא מנהל יחידת מידה,false,1,22.90,0.0000,true,1,279452
7290106577282,false,טחינה אמיתית מרובע 400 ג' צבר,קבוצת אוסם סחר-שות.מוגבלת,IL,צבר טחינה מרובע 6*400גרם,גרמים,400.00,100 גרם,false,1,13.90,0.0348,true,1,278791
7290106577480,false,צבר חציל על האש בטחינה מרובע 400גרם,קבוצת אוסם סחר-שות.מוגבלת,IL,צבר חציל על האש בטחינה מרובע 6*400גרם,גרמים,400.00,100 גרם,false,1,13.90,0.0348,true,1,278793
7290106577503,false,סלט חציל במיונז צבר 400 גרם,קבוצת אוסם סחר-שות.מוגבלת,IL,צבר חציל במיונז מרובע 6*400גרם,גרמים,400.00,100 גרם,false,1,13.90,0.0348,true,1,278794
7290106577541,false,צבר כרוב אדום מרובע 400גרם,קבוצת אוסם סחר-שות.מוגבלת,IL,צבר כרוב אדום מרובע 6*400גרם,גרמים,400.00,100 גרם,false,1,13.90,0.0348,true,1,278796
7290106653504,false,סבבה בוטנים אמריקאים ברביקיו 50 גרם,שטראוס פריטו ליי בע`מ,IL,בוטנים ברביקיו ללא תקשור 50 גר 50,גרמים,50.00,100 גרם,false,1,3.00,0.0600,true,1,278963
7290106660649,false,חטיף ציטוס קראנץ בוט,"שטראוס פריטו ליי בע""\מ )",IL,ציטוס בוטנים 80 גר 48 יח,גרמים,80.00,100 גרם,false,1,5.90,0.0738,true,1,282182
7290106662025,false,תפוציפס טבעי מלח ופלפל 50 גרם,שטראוס פריטו ליי בע`מ,IL,תפו מלח פלפל 50 גר 48 יח - שמיטה,גרמים,50.00,100 גרם,false,1,5.90,0.1180,true,1,293594
7290106662964,false,גומי יין סוכריות גומי מסוכרות בטעמי פירות,הדקלאים אגודת שיתופי,IL,סוכ' נוסטלגיה גומי יין,גרמים,80.00,100 גרם,false,1,7.50,0.0938,true,1,285875
7290106663091,false,"לאבנה 9 % עם שמן זית 500 גר' ""שטראוס""",שטראוס גרופ בעמ/מצונן,IL,לאבנה 9% 500 גרם,גרמים,500.00,100 גרם,false,1,21.90,0.0438,true,1,288495
7290106663121,false,"עוגה אישית במילוי קרם חלב ""מילקי קייק"" שטראוס",בובארד איטליה אס.פי.איי,IT,עוגת מילקי CAKE אישית 34 גרם,גרמים,34.00,100 גרם,false,1,4.00,0.1176,true,1,286684
7290106664067,false,לאבנה עם שמן זית וזעתר 10% שטראוס 400 ג',שטראוס גרופ בעמ/מצונן,IL,לאבנה שמן זית וזעתר 10% שומן,גרמים,400.00,100 גרם,false,1,17.90,0.0447,true,1,288494
7290106667266,false,חטיף תירס חמוץ חריף דוריטוס (185 גרם),"שטראוס פריטו ליי בע""\מ )",IL,דוריטוס חמוץ חריף 185 גר 12 יח,גרמים,185.00,100 גרם,false,1,11.90,0.0643,true,1,289900
7290106668577,false,"מיץ לימון טבעי 250 מ""ל ""יד מרדכי""",האי נאם סי או אל.טי.,IT,"מיץ לימון טבעי 250 מ""ל",מיליליטרים,250.00,"100 מ""ל",false,1,9.80,0.0392,true,1,286456
7290106720626,false,חטיף תירס בטעם גבינה צ`יטוס (80 גרם),"שטראוס פריטו ליי בע""\מ )",IL,ציטוס גבינה 80 ג 48 יח רבנות,גרמים,80.00,100 גרם,false,1,5.90,0.0738,true,1,293886
7290106721913,false,מסטיק מאסט MUST ללא סוכר בטעם מנטה מרעננת,שטראוס גרופ בע`מ,IL,"צנצנת מאסט מנטה מרעננת לל""ס 66 גרם",גרמים,66.00,100 גרם,false,1,11.90,0.1803,true,1,285879
7290106721920,false,צנצנת מסטיק מאסט בטעם ספירמינט עדין 66 ג' עלית,"שטראוס גרופ בע""\מ.",IL,"צנצנת ספירמינט לל""ס 66 גרם",גרמים,66.00,100 גרם,false,1,11.90,0.1803,true,1,285880
7290106725867,false,סירופ מייפל טהור ללס יד מרדכי 189 גר,"שטראוס גרופ בע""מ",CA,"סירופ מייפל טבעי 189 מ""ל",מיליליטרים,189.00,"100 מ""ל",false,1,42.90,0.2270,true,1,288482
7290106726178,false,יוגורט PRO עם פירות יער 2.4% 10 גרם חלבון בגביע,שטראוס גרופ בעמ/מצונן,IL,דנונה WOW פירות יער,גרמים,150.00,100 גרם,false,1,5.50,0.0367,true,1,288485
7290106727984,false,"כיף כף פצפצים בגביע 135 גרם ""עלית""",שולן צ'\יקולטה גידה סאן.,TR,גביע פצפצים 135 ג' 2016,גרמים,135.00,100 גרם,false,1,14.90,0.1104,true,1,291741
7290106728127,false,חלב טבעי בקבוק 1ליטר 3.6%,"שטראוס גרופ ***בע""מ",IL,חלב בבקבוק טבעי 3.6%,ליטרים,1.00,ליטר,false,1,8.50,8.5000,true,1,288416
7290107280020,false,שלישיית מטליות לחות לניקוי כללי סנו סושי 50 יחידות,החברה הדרומית לשיווק בעמ,IL,שלישיה מטליות לחות לניקוי כללי,לא מנהל יחידת מידה,0.00,לא מנהל יחידת מידה,false,1,25.60,0.0000,true,1,277504
7290107280075,true,תבניות אלומיניום לאפ,מיוצר עי קונדיטוריית,CN,"סנו סושי, תבניות אלומיניום מידה L, 130 גרם",Unknown,0.00,Unknown,false,1,9.90,0.0000,true,1,285615
7290107280099,false,שלישיית מגובנים נשטפים באסלה סופט סוד 48 יחידות,החברה הדרומית לשיווק בעמ,IL,"סנו סופט מגבוני טואלט לחים, מארז שלישייה",Unknown,0.00,Unknown,false,1,20.70,0.0000,true,1,281245
7290107280723,false,נוזל לניקוי כלים סנו ספארק Spark בניחוח לימון רענן,החברה הדרומית לשיווק בעמ,IL,סנו ספארק נוזל לניקוי כלים בניחוח לימון רענן,מיליליטרים,700.00,"100 מ""ל",false,1,11.90,0.0170,true,1,283750
7290107280747,false,נוזל לניקוי כלים סנו ספארק Spark קלאסי,החברה הדרומית לשיווק בעמ,IL,סנו ספארק נוזל לניקוי כלים קלאסי,מיליליטרים,700.00,"100 מ""ל",false,1,11.90,0.0170,true,1,283752
7290107280761,false,נוזל לניקוי כלים בניחוח לימון רענן סנו ספארק Spark,החברה הדרומית לשיווק בעמ,IL,ספארק משאבה לימון 1ל,ליטרים,1.00,ליטר,false,1,14.90,14.9000,true,1,283839
7290107646147,false,"חטיף שוגי קורנפלקס תלמה 156 גרם מארז 6 יחידות בד""צ",יוניליוור ישראל שיווק בע`מ,IL,"שוגי חטיף פתיתי תירס קלויים, 156 גרם",גרמים,156.00,100 גרם,false,1,15.90,0.1019,true,1,296718
7290107646154,false,"חטיף קוקומן פצפוצים תלמה 126 גרם מארז 6 יחידות בד""צ","יוניליוור ישראל שיווק בע""מ",IL,"קוקומן חטיף פצפוצי דגנים בטעם שוקולד, 126 גרם",גרמים,126.00,100 גרם,false,1,15.90,0.1262,true,1,296719
7290107646826,false,"חטיף שוגי שוקו תלמה 156 גרם מארז 6 יחידות בד""צ","יוניליוור ישראל שיווק בע""מ",IL,"שוגי חטיף פתיתי תירס קלויים בטעם שוקולד, 156 גרם",גרמים,156.00,100 גרם,false,1,14.90,0.0955,true,1,296720
7290107647632,false,קורנטו מעדן קפוא טעם וניל,"גלידת שטראוס בע""\מ, רח'\",IL,קורנטו כשלפ וניל,לא מנהל יחידת מידה,0.00,לא מנהל יחידת מידה,false,1,10.90,0.0000,true,1,300903
7290107647649,false,"סולרו פרוט בוסט יחידתי קוקוס אננס 89מ""ל","גלידת שטראוס בע""\מ",IL,שלגון סולרו קוקוס אננס 62 גרם,גרמים,62.00,100 גרם,false,1,8.90,0.1435,true,1,300522
7290107647816,false,"ברנפלקס ללא תוספת סוכר תלמה בד""ץ 500 גרם","יוניליוור ישראל שיווק בע""מ",IL,ברנפלקס ללא תוספת סוכר 500 גרם,גרמים,500.00,100 גרם,false,1,25.90,0.0518,true,1,294996
7290107647854,false,"שוגי מופחת סוכר תלמה 500 ג' בד""צ",יוניליוור ישראל שיווק בע`מ,IL,דגני בוקר שוגי בדצ 500 גרם,גרמים,500.00,100 גרם,false,1,24.90,0.0498,true,1,294993
7290107649100,false,בייגלה טבעות שומשום 300 גרם.,"יוניליוור ישראל שיווק בע""מ",IL,בייגלה טבעות שומשום 300 גר,גרמים,300.00,100 גרם,false,1,14.90,0.0497,true,1,310590
7290107649681,false,טילון פסק זמן - נוגט קראנץ',"מיוצר ע""\י גלידת שטראוס",IL,קורנטו טילון פסק זמן בטעם נוגט ושוקולד 64 גרם,גרמים,64.00,100 גרם,false,1,10.90,0.1703,true,1,301294
7290107649780,false,שוקובו שוקולד 85 גרם,"מיוצר ע""\י גלידת שטראוס",IL,שוקובו שוקו 85 גרם,גרמים,85.00,100 גרם,false,1,12.90,0.1518,true,1,301297
7290107649858,false,טילון סופר מגנום וניל ושוקלד לבן,"מיוצר ע""\י גלידת שטראוס",IL,מגנום טילון שוקולד לבן 100 גרם,גרמים,100.00,100 גרם,false,1,13.50,0.1350,true,1,301756
7290107870047,false,טילון אקסטרים115-120 גרם ענק נסטלה 120 גרם,נגה גלידות שותפות מוגבלת,IL,אקסטרים טילון בראוניז מטבע ענק 18*115גרם,גרמים,133.00,100 גרם,false,1,12.50,0.0940,true,1,283860
7290107879644,false,קרחון שרבט בננה תמר פקאן לה פרוטה נסטלה 70 גרם,המאפיה של הרמן,IL,לה פרוטה בננה תמר פקאן 36*65גרם,גרמים,65.00,100 גרם,false,1,8.90,0.1369,true,1,289132
7290107879668,false,קרחון שרבט תות לה פרוטה נסטלה 70 גרם,נגה גלידות שותפות מוגבלת,IL,לה פרוטה תות 36*70גרם,גרמים,70.00,100 גרם,false,1,8.90,0.1271,true,1,289130
7290107879699,false,קרחון שרבט מנגו לה פרוטה נסטלה 70 גרם,גלידות נסטלה )נגה גלידות,IL,לה פרוטה מנגו 36*70גרם,גרמים,70.00,100 גרם,false,1,8.90,0.1271,true,1,289131
7290107879712,false,שלגון לה פרוטה פירות אדומים 70 גרם,גלידות נסטלה,IL,שרבט לה פרוטה פירות אדומים 70גרם,גרמים,70.00,100 גרם,false,1,8.90,0.1271,true,1,309855
7290107931397,false,כיף כף פצפוצים במילוי שוקולד 40 גרם,שולן צ'\יקולטה גידה סאן.,TR,כיף כף פצפצים,גרמים,40.00,100 גרם,false,1,6.90,0.1725,true,1,290187
7290107932080,false,חלב 3% מועשר בבקבוק יטבתה (1 ליטר),שטראוס גרופ בעמ/מצונן,IL,חלב בבקבוק 3% מועשר- מהדרין,ליטרים,1.00,ליטר,false,1,8.50,8.5000,true,1,288414
7290107932134,false,חלב מועשר 1% בבקבוק יטבתה (1 ליטר),שטראוס גרופ בעמ/מצונן,IL,חלב בבקבוק 1% מועשר- מהדרין,ליטרים,1.00,ליטר,false,1,8.50,8.5000,true,1,288415
7290107936309,false,דנונה יוגורט 7% יווני לבן 130 ג',שטראוס גרופ בעמ/מצונן,IL,דנונה יוגורט יווני לבן,גרמים,130.00,100 גרם,false,1,3.40,0.0262,true,1,292191
7290107936958,false,עד חצות ביסקוויט אצבעות שוקולד 125 גרם,ביסקוויטס טור ד'\אלבון,FR,עד חצות אצבעות,גרמים,125.00,100 גרם,false,1,14.90,0.1192,true,1,295264
7290107937542,false,משקה יוגורט אקטיביה עם תות 1.2% שומן,שטראוס גרופ בעמ/מצונן,IL,משקה אקטיביה תות 1.2% בודד,גרמים,250.00,100 גרם,false,1,6.60,0.0264,true,1,290368
7290107937627,false,מסטיק מאסט Must קוביות ללא סוכר בטעם מנטה עדינה,שטראוס גרופ בע`מ,DE,צנצנת קוביות מנטה עדינה 58 גרם,גרמים,58.00,100 גרם,false,1,11.90,0.2052,true,1,292125
7290107937634,false,צנצנית מסטיק מאסט קוביות פפירמינט 58 ג' עלית,"שטראוס גרופ בע""מ",DE,צנצנת קוביות מנטה 58 גרם,גרמים,58.00,100 גרם,false,1,11.90,0.2052,true,1,292134
7290107937641,false,צנצנת קוביות בזוקה גומי לעיסה 58גר,אסקום קונפקשיין,DE,צנצנת קוביות בזוקה 58 גרם,גרמים,58.00,100 גרם,false,1,11.90,0.2052,true,1,292127
7290107938396,false,שמיניית אקטימל תות דיסני בנים 108 גרם,שטראוס גרופ בעמ/מצונן,IL,אקטימל שמיניה תות,מיליליטרים,864.00,"100 מ""ל",false,1,23.50,0.0272,true,1,290647
7290107943369,false,קוואקר שיבולת שועל ללא גלוטן 511 גר'.,שטראוס פריטו ליי בע`מ,US,קוואקר שיבולת שועל ללא גלוטן 511 גר 6 יח,גרמים,511.00,100 גרם,false,1,19.90,0.0389,true,1,295034
7290107944472,false,סימפוניה גבינה במרקם שמנת 5% שום שמיר,שטראוס גרופ בעמ/מצונן,IL,סימפוניה שום שמיר 5%,גרמים,200.00,100 גרם,false,1,12.70,0.0635,true,1,292474
7290107945165,false,קונפיטורת משמש יד מרדכי 340 גרם,אף.סי תבליני בגליל ב,IL,קונפיטורת משמש 340 גרם,גרמים,340.00,100 גרם,false,1,15.90,0.0468,true,1,293537
7290107951104,false,בפלות ופלים ארוכים בטעם שוקולד,"שטראוס גרופ בע""\מ",IL,בפלות שוקולד 200 גרם,גרמים,200.00,100 גרם,false,1,6.90,0.0345,true,1,292551
7290107951715,false,צנצנת מסטיק מאסט קוביות בטעם ענבים 58 ג' עלית,"שטראוס גרופ בע""מ",IL,צנצנת קוביות ענבים 58 גרם,גרמים,58.00,100 גרם,false,1,11.90,0.2052,true,1,293531
7290107953559,false,"מארז קפה טורקי עלית לדרך כשל""פ 168 גרם",הנסיך- מפעל לייצור ט,IL,מארז טורקי לדרך 168 גר,גרמים,200.00,100 גרם,false,1,22.90,0.1145,true,1,296680
7290107954976,false,משקה חלב PRO עם קפה 1.5% 25 גרם חלבון בבקבוק,שטראוס גרופ בעמ/מצונן,DE,משקה קפה עם חלבון חלב 350 מיל,מיליליטרים,350.00,"100 מ""ל",false,1,7.50,0.0214,true,1,294639
7290107956642,false,"תרסיס שמן זית 150 מ""ל יד מרדכי כשלפ",פארייפאבה אגרואינדוס,ES,"תרסיס שמן זית 150 מ""ל",מיליליטרים,150.00,"100 מ""ל",false,1,19.90,0.1327,true,1,295759
7290107956901,true,קפסולות אגוזי לוז למ,הנסיך- מפעל לייצור ט,IL,קפסולות אגוזי לוז למכונות NESPRESSO,לא מנהל יחידת מידה,0.00,לא מנהל יחידת מידה,false,1,19.90,0.0000,true,1,297355
7290107956925,true,קפסולות קפה אספרסו 1,הנסיך- מפעל לייצור ט,IL,קפסולות אוגנדה מס' 13,לא מנהל יחידת מידה,0.00,לא מנהל יחידת מידה,false,1,19.90,0.0000,true,1,299354
7290107957069,false,"מסטיק ע""למה ""בטעם אוכניות 66 גרם צנצנת ""עלית""","שטראוס גרופ בע""\מ",IL,"צנצנת עלמה בטעם אוכמניות לל""ס 66 גרם",גרמים,66.00,100 גרם,false,1,11.90,0.1803,true,1,295259
7290107957076,false,"מסטיק ""עלמה"" בטעם ספירמנט 66 גרם צנצנת ""עלית""","שטראוס גרופ בע""\מ",IL,מסטיק עלמה בצנצנת בטעם ספירמינט 66 גרם,גרמים,66.00,100 גרם,false,1,11.90,0.1803,true,1,295260
7290107957991,false,מילקי CAKE מיניס קרם חלב בציפוי שוקולד חלב שקית 16X9ג',בובארד איטליה אס.פי.איי,IT,מילקי מינייס,גרמים,144.00,100 גרם,false,1,14.90,0.1035,true,1,298813
7290107971751,false,מי פה קולגייט טוטל ללא אלכוהול פפרמינט,יבואן ומשווק: ש. שסט,PL,קולגייט מי פה טוטל כחול 500 מל,מיליליטרים,500.00,"100 מ""ל",false,1,37.90,0.0758,true,1,290198
7290107973014,false,"סבון ידיים משאבה פלמוליב חלב ודבש 300 מ""ל",הנסיך- מפעל לייצור ט,TR,פלמוליב סבון ידיים חלב ודבש 300 מל,מיליליטרים,300.00,"100 מ""ל",false,1,11.90,0.0397,true,1,294630
7290107973038,false,"סבון ידיים משאבה פלמוליב אקווריום 300 מ""ל",הנסיך- מפעל לייצור ט,IT,פלמוליב סבון ידיים אקווריום 300 מל,מיליליטרים,300.00,"100 מ""ל",false,1,11.90,0.0397,true,1,294629
7290107973311,false,קולגייט מברשת שיניים 360 פחם זהב זוג,הנסיך- מפעל לייצור ט,,קולגייט 360 מברשת שיניים גולד 2 יח',לא מנהל יחידת מידה,0.00,לא מנהל יחידת מידה,false,1,37.90,0.0000,true,1,290255
7290107973861,false,מאסטר שף עגבניות קצוצות דק שלישיה 400ג*3 כשלפ,קונסרזיו קאסאלאסקו ד,IT,מאסטר שף עגבניות קצוצות דק מארז שלישייה,גרמים,400.00,100 גרם,false,1,15.90,0.0398,true,1,291692
7290107974073,false,מנה עלי טורטיה קמח לבן מ.שף 20 סמ 320 גר,אלקאטי קורביישיסי גי,ES,מאסטר שף עלי טורטיה קמח לבן 320 גר,גרמים,320.00,100 גרם,false,1,11.30,0.0353,true,1,290375
7290107974080,false,עלי טורטיה קמח לבן 744 גר`מנה מאסטר שף,אלקאטי קורביישיסי גי,ES,מאסטר שף עלי טורטייה קמח חיטה 756 גרם,גרמים,840.00,100 גרם,false,1,19.90,0.0237,true,1,290376
7290107974301,true,ספיד סטיק ליידי גל א,הנסיך- מפעל לייצור ט,US,ליידי ספיד סטיק דאודורנט אלוורה ג'ל 65 גרם,Unknown,0.00,Unknown,false,1,26.90,0.0000,true,1,297360
7290107977456,false,"פלמוליב - ג'ל רחצה ושמפו ספורט לגבר 750 מ""ל",קולגייט פלמוליב,TR,"פלמוליב סבון נוזלי ספורט לגבר 750 מ""ל",מיליליטרים,750.00,"100 מ""ל",false,1,22.90,0.0305,true,1,302945
7290107978637,true,משחת שיניים מרידול ח,קולגייט פלמוליב,PL,מרידול משחת שיניים למניעת בעיות חנייכים 75 מל,מיליליטרים,1.00,"100 מ""ל",false,1,21.90,21.9000,true,1,300125
7290108350531,false,סנו ספארק נוזל כלים בניחוח קלאסי עם משאבה 1 ל',מיוצר עי קונדיטוריית,IL,ספארק משאבה קלאסי 1ל,ליטרים,1.00,ליטר,false,1,14.90,14.9000,true,1,287490
7290108350623,false,מרכך כביסה סופר מרוכז סופט סילק מקסימה 1 ל' סנו,החברה הדרומית לשיווק בעמ,IL,מקסימה מרכך כביסה מרוכז סופט סילק 1 ליטר,ליטרים,1.00,ליטר,false,1,18.90,18.9000,true,1,290702
7290108351514,false,מרכך כביסה בלו בלוסום סנו מקסימה 4 ליטר,החברה הדרומית לשיווק בעמ,IL,מרכך כביסה מקסימה BLUE BLOSSOM,ליטרים,4.00,ליטר,false,1,26.90,6.7250,true,1,292660
7290108351590,false,"סנופרש הום בלו בלוסון בניחוח מרכך כביסה 350 מ""ל",החברה הדרומית לשיווק בעמ,IL,פרש הום בלו,מיליליטרים,350.00,"100 מ""ל",false,1,17.90,0.0511,true,1,294773
7290108351613,false,סנו ריצפז פרש הום 2 ליטר בניחוח מלון חלומי,החברה הדרומית לשיווק בעמ,IL,'רצפז פ.הום מלון חלומי 2 ליטר,ליטרים,0.00,ליטר,false,1,23.90,0.0000,true,1,294771
7290108351699,false,סנו - ג'ט מטליות לחות לניקוי כללי בתוספת חומץ לבנדר שלישיה,החברה הדרומית לשיווק בעמ,IL,מגבונים גט + חומץ מא,לא מנהל יחידת מידה,0.00,לא מנהל יחידת מידה,false,1,22.90,0.0000,true,1,298901
7290108351835,false,מרכך כביסה Pure Sensation סנו מקסימה 4 ליטר,החברה הדרומית לשיווק בעמ,IL,מרכך כביסה מקסימה 4 ליטר FLORAL TOUCH,ליטרים,4.00,ליטר,false,1,26.90,6.7250,true,1,302932
7290108351989,false,"מטהר אוויר סנו פרש הום מלון מפנק 200 מ""ל",החברה הדרומית לשיווק בעמ,IL,מבשם לבית ולטקסטיל בניחוח מלון מפנק 200 מל,מיליליטרים,200.00,"100 מ""ל",false,1,12.90,0.0645,true,1,302927
7290108352641,false,סנו סושי מטלית הפלא לניקוי כללי במארז שלישייה,החברה הדרומית לשיווק בעמ,CN,"סנו סושי מטלית הפלא לניקוי כללי, 3 יחידות",לא מנהל יחידת מידה,0.00,לא מנהל יחידת מידה,false,1,13.80,0.0000,true,1,294766
7290108352672,false,צמד מטליות הפלא לרצפה מיקרפייבר סנו סושי,החברה הדרומית לשיווק בעמ,CN,"סנו סושי, צמד מטליות במארז, מטלית הפלא לרצפה",Unknown,0.00,Unknown,false,1,21.90,0.0000,true,1,294765
7290108352801,false,"שקיות אשפה לפחים קטנים 45 * 56 ס""מ סנו סושי 100 יחידות",החברה הדרומית לשיווק בעמ,IL,שקיות אשפה לפחים קטנים,לא מנהל יחידת מידה,0.00,לא מנהל יחידת מידה,false,1,21.90,0.0000,true,1,298307
7290108352825,false,ספוג הפלא נירוסטה סנו סושי 3יח',החברה הדרומית לשיווק בעמ,CN,ספוג הפלא נירוסטה,גרמים,44.00,100 גרם,false,1,10.90,0.2477,true,1,298899
7290108353082,false,ממחטות אף בקופסה 2 שכבות סנו סופט 120 דף,החברה הדרומית לשיווק בעמ,IL,סנו סופט 120 ממחטות אף דו שכבתיות,יחידה,1.00,יחידה,false,1,10.90,10.9000,true,1,302680
7290108353099,false,ממחטות אף במארז ניילון סנו סופט 5 יח' * 100 דף,החברה הדרומית לשיווק בעמ,CN,סנו סופט - 500 ממחטות אף דו שכבתיות נשלפות אחת אחת,יחידה,1.00,יחידה,false,1,16.90,16.9000,true,1,302681
7290108353402,false,צמד מברשות שיניים עם סיבי פחם דקים במיוחד,יבואן ומשווק: ש. שסט,CN,מברשת שיניים אורביטול צארקול זוג,יחידה,1.00,יחידה,false,1,19.90,19.9000,true,1,303471
7290108353433,false,שטיפת פה לרעננות מתמשכת מנטה עדין Protect & Fresh,"קוסמופארם בע""\מ",IL,שטיפת מי פה אורביטול,מיליליטרים,500.00,"100 מ""ל",false,1,24.70,0.0494,true,1,300061
7290108353518,false,"תבניות אלומיניום עם ידיות אחיזה 34*29 ס""מ",החברה הדרומית לשיווק בעמ,CN,"סנו סושי תבניות אלומיניום עם ידיות אחיזה, 2 יחידות",יחידה,1.00,יחידה,false,1,12.90,12.9000,true,1,303414
7290108353525,false,סנו סושי - תבניות אלומיניום עם ידיות אחיזה,החברה הדרומית לשיווק בעמ,CN,סנו סושי - תבניות אלומיניום עם ידיות אחיזה,יחידה,1.00,יחידה,false,1,10.90,10.9000,true,1,303415
7290108353808,false,"תחליב רחצה מדגסקר נקה 7 בניחוח אמבר 750 מ""ל",החברה הדרומית לשיווק בעמ,IL,"נקה 7 תחליב רחצה מדגסקר אמבר 750 מ""ל",מיליליטרים,750.00,"100 מ""ל",false,1,12.90,0.0172,true,1,305271
7290108354829,false,"קרם ידיים קרמה ורד וניל 100 מ""ל מ""ל",החברה הדרומית לשיווק בעמ,IL,קרמה קרם ידיים 100 מל ורד ווניל,מיליליטרים,100.00,"100 מ""ל",false,1,11.90,0.1190,true,1,309665
7290108354836,false,קרם ידיים מרוכז לידיים יבשות מאוד בבישום עדין,החברה הדרומית לשיווק בעמ,IL,קרם ידיים מרוכז קרמה בישום עדין 50 מל,מיליליטרים,50.00,"100 מ""ל",false,1,15.90,0.3180,true,1,309666
7290108356113,false,תחליב רחצה כיף ניחוח דבש 700 מל,החברה הדרומית לשיווק בעמ,IL,"כיף תחליב רחצה חלב ודבש, 700 מל",מיליליטרים,700.00,"100 מ""ל",false,1,14.90,0.0213,true,1,300068
7290108356151,false,תחליב רחצה כיף ניחוחמאסק יסמין 700 מל,החברה הדרומית לשיווק בעמ,IL,"כיף תחליב רחצה מאסק ויסמין, 700 מל",מיליליטרים,700.00,"100 מ""ל",false,1,14.90,0.0213,true,1,300071
7290108356168,false,תחליב רחצה כיף ניחוח אוקיינס700 מל,החברה הדרומית לשיווק בעמ,IL,"כיף תחליב רחצה אוקיינוס, 700 מל",מיליליטרים,700.00,"100 מ""ל",false,1,14.90,0.0213,true,1,300070
7290108357004,false,כיף שמפו ורד ושמן קוקוי לרכות וברק,החברה הדרומית לשיווק בעמ,IL,"כיף שמפו ורד ושמן קוקוי לרכות וברק 700 מ""ל",מיליליטרים,700.00,"100 מ""ל",false,1,14.90,0.0213,true,1,303286
7290108357011,false,כיף קונדישינר לשיער שמן קוקוי 700 מל,החברה הדרומית לשיווק בעמ,IL,"כיף מרכך ורד ושמן קוקוי לרכות וברק 700 מ""ל",מיליליטרים,700.00,"100 מ""ל",false,1,14.90,0.0213,true,1,303287
7290108357028,false,"תחליב רחצה כיף ורד ושמן קוקוי 700 מ""ל",החברה הדרומית לשיווק בעמ,IL,"תחליב רחצה כיף ורד ושמן קוקוי 700 מ""ל",מיליליטרים,700.00,"100 מ""ל",false,1,14.90,0.0213,true,1,303288
7290108357707,false,"כיף שמפו לשיער רגיל- תפוח זרעי צ'יה 700 מ""ל",החברה הדרומית לשיווק בעמ,IL,כיף שמפו לשיער רגיל תפוח זרעי ציה 700 מ,מיליליטרים,700.00,"100 מ""ל",false,1,14.90,0.0213,true,1,300658
7290108357714,false,"כיף שמפו לשיער יבש -רימונים ושמן ארגן 700 מ""ל",החברה הדרומית לשיווק בעמ,IL,כיף שמפו לשיער יבש רימונים ושמן ארג700 מ,מיליליטרים,700.00,"100 מ""ל",false,1,14.90,0.0213,true,1,300660
7290108357769,false,"מרכך לשיער רגיל תפוח וזרעי צ'יה 700 מ""ל כיף",החברה הדרומית לשיווק בעמ,IL,כיף מרכך לשיער רגיל תפוח זרעי ציה 700 מ,מיליליטרים,700.00,"100 מ""ל",false,1,14.90,0.0213,true,1,300659
7290108357776,false,"כיף מרכך לשיער יבש -רימונים ושמן ארגן 700 מ""ל",החברה הדרומית לשיווק בעמ,IL,כיף מרכך לשיער יבש רימונים ושמן ארג700 מ,מיליליטרים,700.00,"100 מ""ל",false,1,14.90,0.0213,true,1,300661
7290108359879,false,"אלסבון בייבי כיף+משאבה 750 מ""ל",החברה הדרומית לשיווק בעמ,IL,"בייבי כיף אל סבון 24 שעות לחות, 750 מל",מיליליטרים,750.00,"100 מ""ל",false,1,18.90,0.0252,true,1,300063
7290108502329,true,נתחי טונה בשמן זית 6,ארזינא,TH,נתחי טונה בשמן זית 640 גרם ויליפוד 1/4,גרמים,640.00,100 גרם,false,1,30.90,0.0483,true,1,299565
7290108502985,false,תפוחונים וילי פוד תפוחי עץ מיובשים 22 גר,ג.וילי-פוד אינטרנשיונל בעמ,CN,חטיף תפוחונים טבעי 22 גרם,גרמים,22.00,100 גרם,false,1,6.00,0.2727,true,1,300183
7290108503043,false,תפוחונים חטיף פלחים מיובשים מארז 22X4ג',ג. וילי-פוד אינטרנשיונל בע`מ,CN,תפוחונים מיובשים מארז 3+1 88 גרם,גרמים,88.00,100 גרם,false,1,14.50,0.1648,true,1,300857
7290108941692,false,כריך שמיניה סלט ביצי,עינת,IL,כריך שמיניה סלט ביצים,גרמים,240.00,100 גרם,false,1,18.90,0.0787,true,1,308338
7290108941746,false,גבטה טוניסאי 305גרם,עינת,IL,גבטה טוניסאי 305גרם,גרמים,305.00,100 גרם,false,1,27.00,0.0885,true,1,308333
7290108941753,false,גבטה דאבל בשר 295גרם,עינת,IL,גבטה דאבל בשר 295גרם,גרמים,295.00,100 גרם,false,1,27.00,0.0915,true,1,308334
7290108941760,false,גבטה סביח305גרם,עינת,IL,גבטה סביח305גרם,גרמים,305.00,100 גרם,false,1,27.00,0.0885,true,1,308337
7290108941791,false,"סלט השוק 1000 מ""ל",עינת,IL,"סלט השוק 1000 מ""ל",מיליליטרים,1000.00,"100 מ""ל",false,1,24.90,0.0249,true,1,308341
7290108941807,false,"סלט רענן 1000 מ""ל",עינת,IL,"סלט רענן 1000 מ""ל",מיליליטרים,1000.00,"100 מ""ל",false,1,24.90,0.0249,true,1,308340
7290108941821,false,"סלט הכפר 1000 מ""ל",עינת,IL,"סלט הכפר 1000 מ""ל",מיליליטרים,1000.00,"100 מ""ל",false,1,24.90,0.0249,true,1,308339
7290109351025,false,מלך החומוס חומוסטחינה 40% טחינה גולמית,קבוצת אוסם סחר שותפות מוגבלת,IL,צבר חומוסטחינה 6*400גרם,גרמים,400.00,100 גרם,false,1,14.90,0.0373,true,1,288730
7290109355504,false,שלגון קראנץ וניל ליבת נוגט נסטלה 100 גרם,נגה גלידות שותפות מוגבלת,IL,נסטלה קראנץ ונל.ליבת נגט.שקלד.לבן28*100ג,גרמים,100.00,100 גרם,false,1,12.50,0.1250,true,1,292654
7290109580098,false,קבנוס בטעם סרירצ'ה זוגלובק 135 גרם,נקניק זוגלובק נהריה,IL,קבנוס בטעם סרירצה 135 גרם,גרמים,135.00,100 גרם,false,1,12.90,0.0956,true,1,309889
7290109580432,false,פסטרמה חזה הודו מעושן דק דק זוגלובק 120 גרם,נקניק זוגלובק נהריה,IL,פסטרמה חזה הודו מעושן 120 גר דק דק,גרמים,120.00,100 גרם,false,1,15.90,0.1325,true,1,310578
7290110110635,false,ספרייט 0.5 ליים חייב פקדון,החברה המרכזית להפצת משקאות בעמ,IL,"ספרייט בקבוק 500 מ""ל",מיליליטרים,500.00,"100 מ""ל",false,1,9.50,0.0190,true,1,296652
7290110110659,false,"ספרייט לימון ליים פחית 330מ""ל",החברה המרכזית להפצת משקאות בעמ,IL,"סליק ספרייט LIME 330 מ""ל מבצע",מיליליטרים,330.00,"100 מ""ל",false,1,8.50,0.0258,true,1,296651
7290110110765,false,פיוז טי גרין בטעם לימון נענע 500 מל,מבשלות בירה בינלאומי,IL,פיוזטי גרין לימון נענע 0.5 ליטר,מיליליטרים,500.00,"100 מ""ל",false,1,9.90,0.0198,true,1,298078
7290110111557,false,"משקה ספורט איזוטוני בטעם פירות 500 מ""ל פאוורייד",החברה המרכזית להפצת משקאות בעמ,IT,פאוורייד ספורט500מל בטעם פירות,מיליליטרים,500.00,"100 מ""ל",false,1,11.90,0.0238,true,1,299981
7290110111564,false,"משקה ספורט איזוטוני בטעם הדרים ליין 500 מ""ל פאוורייד",החברה המרכזית להפצת משקאות בעמ,IT,פאוורייד ספורט 500מל איזוטוני בטעם הדרים,מיליליטרים,500.00,"100 מ""ל",false,1,11.90,0.0238,true,1,299982
7290110113421,false,"בירה מעוננת קרלסברג luma 330 מ""ל",החברה המרכזית להפצת משקאות בעמ,IL,קרלסברג LUMA בק 330 בודד,מיליליטרים,330.00,"100 מ""ל",false,1,15.90,0.0482,true,1,304773
7290110113490,false,"פיוז טי אפרסק 19 קלוריות 500 מ""ל",החברה המרכזית להפצת משקאות בעמ,IL,Fuze tea אפרסק 19 קלוריות 0.5 ליטר,מיליליטרים,500.00,"100 מ""ל",false,1,9.90,0.0198,true,1,304770
7290110113902,false,בירה טובורג פחית סלי,מבשלות בירה בינלאומי,IL,"טובורג רד פחית 330 מ""ל",מיליליטרים,330.00,"100 מ""ל",false,1,10.90,0.0330,true,1,308866
7290110114787,false,נביעות+ מים מינרליים בטעם תפוח 1.5 ליטר,החברה המרכזית להפצת משקאות בעמ,IL,נביעות+ בטעם תפוח 1.5 ליטר,ליטרים,1.50,ליטר,false,1,13.90,9.2667,true,1,309403
7290110114794,false,נביעות+ מים מינרליים בטעם אפרסק 1.5 ליטר,החברה המרכזית להפצת משקאות בעמ,IL,נביעות + בטעם אפרסק 1.5 ליטר,ליטרים,1.50,ליטר,false,1,13.90,9.2667,true,1,309404
7290110114800,false,נביעות+ מים מינרליים בטעם ענבים 1.5 ליטר,החברה המרכזית להפצת משקאות בעמ,IL,נביעות + בטעם ענבים 1.5 ליטר,ליטרים,1.50,ליטר,false,1,13.90,9.2667,true,1,309405
7290110114855,false,"נביעות מים מינרליים, שישיה 6 * 1.5 ליטר פקדון",החברה המרכזית להפצת משקאות בעמ,IL,6 נביעות 1.5 ליטר,ליטרים,9.00,ליטר,false,6,20.90,2.3222,true,1,309406
7290110114961,false,משקה קל בטעם תפוזים פריגת (1.5 ליטר),החברה המרכזית להפצת משקאות בעמ,IL,"פריגת תפוזים, 1.5 ליטר",ליטרים,1.50,ליטר,false,1,14.90,9.9333,true,1,309410
7290110114985,false,משקה קל בטעם אשכוליות פריגת (1.5 ליטר),החברה המרכזית להפצת משקאות בעמ,IL,פריגת בטעם אשכוליות 1.5 ליטר,ליטרים,1.50,ליטר,false,1,14.90,9.9333,true,1,309411
7290110115005,false,משקה קל בטעם ענבים פריגת (1.5 ליטר),החברה המרכזית להפצת משקאות בעמ,IL,משקה קל פירות ענבים תפוחים,ליטרים,1.50,ליטר,false,1,14.90,9.9333,true,1,309412
7290110115029,false,משקה קל בטעם תפוחים פריגת (1.5 ליטר),החברה המרכזית להפצת משקאות בעמ,IL,פריגת בטעם תפוחים 1.5 ליטר,ליטרים,1.50,ליטר,false,1,14.90,9.9333,true,1,309413
7290110115036,false,משקה קל בטעם מנגו פריגת (1.5 ליטר),החברה המרכזית להפצת משקאות בעמ,IL,"משק""ל מנגו 1.5 ליטר",ליטרים,1.50,ליטר,false,1,14.90,9.9333,true,1,309414
7290110115043,false,משקה קל בטעם לימונענע פריגת (1.5 ליטר),החברה המרכזית להפצת משקאות בעמ,IL,משקה קל פירות לימונענע,ליטרים,1.50,ליטר,false,1,14.90,9.9333,true,1,309464
7290110115050,false,משקה קל בטעם תות בננה פריגת (1.5 ליטר),החברה המרכזית להפצת משקאות בעמ,IL,פריגת טעם תות בננה 1.5 ליטר,ליטרים,1.50,ליטר,false,1,14.90,9.9333,true,1,309415
7290110115319,false,פאנטה אקזוטי פירות טרופיים 1.5ל פיקדון,החברה המרכזית להפצת משקאות בעמ,IL,פאנטה אקזוטיק 1.5 ליטר,ליטרים,1.50,ליטר,false,1,13.90,9.2667,true,1,309423
7290110115449,false,פיוז-טי תה מנגו אננס 1.5 ליטר פיקדון,החברה המרכזית להפצת משקאות בעמ,IL,פיוזטי מנגו אננס 1.5 ליטר,ליטרים,1.50,ליטר,false,1,14.50,9.6667,true,1,309427
7290110115456,false,פיוז-טי תה אפרסק 1.5 ליטר 19 קל פיקדון,החברה המרכזית להפצת משקאות בעמ,IL,FUZE tea אפרסק 19 קל' 1.5 ליטר,ליטרים,1.50,ליטר,false,1,14.50,9.6667,true,1,309428
7290110115463,false,פיוז-טי תה אפרסק 1.5 ליטר פיקדון,החברה המרכזית להפצת משקאות בעמ,IL,פיוזטי אפרסק 1.5 ליטר,ליטרים,1.50,ליטר,false,1,14.50,9.6667,true,1,309429
7290110115494,false,תה קר בטעם ענבים פיוז טי 1.5 ליטר,החברה המרכזית להפצת משקאות בעמ,IL,פיוזטי ענבים 1.5 ליטר,ליטרים,1.50,ליטר,false,1,14.50,9.6667,true,1,309431
7290110115654,false,"פיוז טי זירו גרין אננס, 500 מ""ל",החברה המרכזית להפצת משקאות בעמ,IL,פיוזטי ZERO גרין אננס 0.5 ליטר,מיליליטרים,500.00,"100 מ""ל",false,1,9.90,0.0198,true,1,309452
7290110115661,false,"פיוז טי זירו בטעם אפרסק 500 מ""ל",החברה המרכזית להפצת משקאות בעמ,IL,פיוזטי ZERO אפרסק 0.5 ליטר,מיליליטרים,500.00,"100 מ""ל",false,1,9.90,0.0198,true,1,309451
7290110115692,false,משקה קל בטעם מלון עם קוביות אלוורה,החברה המרכזית למשקאו,IL,"פריגת קוביות מלון אלוורה 315 מ""ל",מיליליטרים,315.00,"100 מ""ל",false,1,10.90,0.0346,true,1,310886
7290110115739,false,משקה קל בטעם פינקולדה עם קוביות קוקוס,החברה המרכזית למשקאו,IL,"פריגת קוביות פינקולדה קוקוס 315 מ""ל",מיליליטרים,315.00,"100 מ""ל",false,1,10.90,0.0346,true,1,310885
7290110115777,false,מים מינרליים נביעות 1.5 ל,נביעות,,מים נביעות בקבוק 1.5 ליטר,ליטרים,1.50,ליטר,false,1,8.20,5.4667,true,1,309466
7290110115845,false,קוקה קולה 1.5 ליטר פיקדון,"אינסטנטה בע""מ",IL,קוקה קולה בקבוק 1.5 ליטר,ליטרים,1.50,ליטר,false,1,14.50,9.6667,true,1,309416
7290110115869,false,קוקה קולה זירו 1.5 ליטר פיקדון,תות תעשיות מזון (201,IL,קוקה קולה זירו בקבוק 1.5 ליטר,ליטרים,1.50,ליטר,false,1,14.50,9.6667,true,1,309418
7290110116385,false,"פחיות סטפאני מרשמלו אבטיח תות זירו 330 מ""ל",החברה המרכזית להפצת משקאות בעמ,IL,קולה קולה זירו סטאפני 330 מל,מיליליטרים,330.00,"100 מ""ל",false,1,9.50,0.0288,true,1,310843
7290110116576,false,ספרייט זירו לימון היט בקבוק 0.5,החברה המרכזית להפצת משקאות בעמ,IL,"ספרייט זירו למון היט 500 מ""ל",מיליליטרים,500.00,"100 מ""ל",false,1,9.50,0.0190,true,1,311751
7290110320850,false,פתיתים גבינה חצי קשה מגורדת 28% שומן,תנובה מרכז שיתופי לש,IL,עמק פתיתים 28% שומן 200 גרם,גרמים,200.00,100 גרם,false,1,16.90,0.0845,true,1,295277
7290110320867,false,פתיתים גבינה חצי קשה מגורדת 28% שומן,תנובה מרכז שיתופי לש,IL,עמק פתיתים 28% שומן 500 גרם,גרמים,500.00,100 גרם,false,1,39.90,0.0798,true,1,295050
7290110321680,false,יוגורט GO בטעם תות 20 גרם חלבון בגביע,מיוצר עי קונדיטוריית,IL,יוגורט עם תות בתוספת חלבוני חלב,גרמים,200.00,100 גרם,false,1,6.90,0.0345,true,1,296704
7290110321697,false,יוגורט GO בטעם אפרסק 20 גרם חלבון בגביע,מיוצר עי קונדיטוריית,IL,יוגורט עם אפרסק בתוספת חלבוני חלב,גרמים,200.00,100 גרם,false,1,6.90,0.0345,true,1,296705
7290110321703,false,יוגורט עם פירות יער בתוספת חלבוני חלב 2% שומן,מיוצר עי קונדיטוריית,IL,יוגורט עם פירות יער מועשר בחלבון,גרמים,200.00,100 גרם,false,1,6.90,0.0345,true,1,298157
7290110323066,true,משקה יוגורט מועשר בח,מיוצר עי קונדיטוריית,IL,משקה יוגורט GO 20מועשר בחלבון בננה ואפר,מיליליטרים,236.00,"100 מ""ל",false,1,7.70,0.0326,true,1,299869
7290110323073,false,"משקה יוגורט יופלה גו תות פטל 250 מ""ל - רבנות",מיוצר עי קונדיטוריית,IL,משקה יוגורט יופלה GO 20 מועשר בחלבון תו,מיליליטרים,236.00,"100 מ""ל",false,1,7.70,0.0326,true,1,299870
7290110324926,false,משקה סויה ללא תוספת סוכר E אלטרנטיב,תנובה מרכז שיתופי לש,IL,משקה סויה ללא תוספת סוכר 1 ליטר,ליטרים,1.00,ליטר,false,1,13.50,13.5000,true,1,303212
7290110325114,false,"משקה יוגורט יופלה גו לייט תות בננה 250 מ""ל - רבנות",מיוצר עי קונדיטוריית,IL,משקה יוגורטGO לייט תות בננה 250 מל,מיליליטרים,250.00,"100 מ""ל",false,1,7.70,0.0308,true,1,302507
7290110325619,false,משקה שיבולת שועל תנובה E אלטרנטיב,מיוצר עי קונדיטוריית,IL,משקה שיבולת שועל 1ליטר,ליטרים,1.00,ליטר,false,1,13.90,13.9000,true,1,303762
7290110325893,false,משקה חלב GO מועשר בחלבון בטעם אייס קפה,מיוצר עי קונדיטוריית,IL,תנובה GO אייס קפה 340 מל,מיליליטרים,340.00,"100 מ""ל",false,1,9.90,0.0291,true,1,303767
7290110326210,false,יופלה און טופ פצפוצים תנובה 157 גרם,מיוצר עי קונדיטוריית,IL,יופלה און טופ פצפוצים 157 גרם,גרמים,157.00,100 גרם,false,1,5.70,0.0363,true,1,304199
7290110326227,false,יופלה און טופ קורנפלקס תנובה 157 גרם,מיוצר עי קונדיטוריית,IL,יופלה און טופ קורנפלקס 157 גרם,גרמים,157.00,100 גרם,false,1,5.70,0.0363,true,1,304201
7290110326234,false,יופלה און טופ כוכבים תנובה 157 גרם,מיוצר עי קונדיטוריית,IL,יופלה און טופ כוכבים 157 גרם,גרמים,157.00,100 גרם,false,1,5.70,0.0363,true,1,304200
7290110326449,false,חמאה השף הלבן 250 גר,אמרלנד,DE,השף הלבן חמאה 250 גרם,גרמים,250.00,100 גרם,false,1,10.70,0.0428,true,1,305586
7290110327514,false,alternative משקה שיבולת שועל בטעם אגוזי לוז תנובה 1 ליטר,תנובה מרכז שיתופי לש,IL,משקה שיבולת שועל אלטרנטיב אגוזי לוז 1 ל,ליטרים,1.00,ליטר,false,1,13.90,13.9000,true,1,309211
7290110327545,false,יופלה און טופ בטעם תות בתוספת פצפוצים מצופים שוקולד 157 גרם,מיוצר עי קונדיטוריית,IL,יופלה אוןטופ תות תוספת פצפוצים מצופים157,גרמים,157.00,100 גרם,false,1,5.50,0.0350,true,1,309635
7290110327798,false,חטיף חלבון GO - שוקולד 60 ג' חלב נוכרי - רבנות,"בלמונט קונפקציות בע""\מ.",US,GO חטיף חלבון בטעם שוקולד 60 גרם,גרמים,60.00,100 גרם,false,1,14.90,0.2483,true,1,308043
7290110327804,false,חטיף חלבון GO - עוגיות 60 ג' חלב נוכרי - רבנות,"בלמונט קונפקציות בע""\מ.",US,GO חטיף חלבון בטעם בצק עוגיות 60 גרם,גרמים,60.00,100 גרם,false,1,14.90,0.2483,true,1,308044
7290110327811,false,חטיף חלבון GO בטעם בצק קוקוס 20 גר`חלבו,"בלמונט קונפקציות בע""\מ.",US,GO חטיף חלבון עם קוקוס 60 גרם,גרמים,60.00,100 גרם,false,1,14.90,0.2483,true,1,308045
7290110327828,false,חטיף חלבון GO - חמאת בוטנים 60 ג' חלב נוכרי - רבנות,"בלמונט קונפקציות בע""\מ.",US,GO חטיף חלבון עם חמאת בוטנים 60 גרם,גרמים,60.00,100 גרם,false,1,14.90,0.2483,true,1,308046
7290110328016,false,משקה סויה מועשר בחלבון בטעם אגוזי לוז 250 גרם,שוורצקוף& הנקל דיסלד,IL,"משקה סויה מועשר בחלבון בטעם אגוזי לוז 250 מ""ל",מיליליטרים,250.00,"100 מ""ל",false,1,7.90,0.0316,true,1,307148
7290110328023,false,משקה סויה מועשר בחלבון בטעם קפה 250 גרם,תנובה בעמ ***,IL,"משקה סויה מועשר בחלבון בטעם קפה 250 מ""ל",מיליליטרים,250.00,"100 מ""ל",false,1,7.90,0.0316,true,1,307147
7290110328481,false,פתיתי פרמג'יאנו רג'יאנו מחלב בקר 30%,ברטינלי גיאני א.,IT,פתיתי פרמגאנו רגיאנו קולקשיין 100 גרם,גרמים,100.00,100 גרם,false,1,18.90,0.1890,true,1,307661
7290110328627,false,יוגורט יופלה GO במרקם סמיך בטעם בננה קרמל 0%,מיוצר עי קונדיטוריית,IL,יוגורט GO סמיך 0% בננה קרמל 200 גרם,גרמים,200.00,100 גרם,false,1,6.90,0.0345,true,1,308074
7290110328764,false,יוגורט יופלה GO במרקם סמיך עם תות 0%,מיוצר עי קונדיטוריית,IL,יוגורט GO סמיך 0% תות 200 גרם,גרמים,200.00,100 גרם,false,1,6.90,0.0345,true,1,308073
7290110328771,false,יוגורט יופלה GO במרקם סמיך עם פירות יער 0%,מיוצר עי קונדיטוריית,IL,יוגורט GO סמיך 0% פ. יער 200 גרם,גרמים,200.00,100 גרם,false,1,6.90,0.0345,true,1,308072
7290110328788,false,יוגורט יופלה GO במרקם סמיך בטעם אפרסק 0%,תנובה מרכז שיתופי לש,IL,יוגורט GO סמיך 0% אפרסק 200 גרם,גרמים,200.00,100 גרם,false,1,6.90,0.0345,true,1,308071
7290110329136,false,מעדן חלב מעושר בחלבון בטעם שוקולד 120 ג' GO,תנובה מרכז שיתופי לש,IL,מעדן חלב גו בטעם שוקולד 12 חלבון 120גרם,גרמים,120.00,100 גרם,false,1,5.50,0.0458,true,1,309213
7290110329143,false,מעדן חלב מעושר בחלבון בטעם וניל גביע 120 ג' GO,תנובה מרכז שיתופי לש,IL,מעדן חלב גו בטעם וניל 12 חלבון 120גרם,גרמים,120.00,100 גרם,false,1,5.50,0.0458,true,1,309214
7290110329686,false,משקה GO חלב בטעם עוגיות 27 גר`חלבון,מיוצר עי קונדיטוריית,IL,משקה חלב GO בטעם עוגיות 340 מל,מיליליטרים,340.00,"100 מ""ל",false,1,9.90,0.0291,true,1,309250
7290110329716,false,משקה חלב קר בטעם קפוצ'ינו 230 גרם תנובה,תנובה מרכז שיתופי לש,IL,"משקה חלב עם קפה קפוצינו 230 מ""ל",מיליליטרים,230.00,"100 מ""ל",false,1,9.90,0.0430,true,1,310442
7290110329723,false,משקה חלב קר בטעם לאטה 230 גרם תנובה,תנובה מרכז שיתופי לש,IL,"משקה חלב עם קפה לאטה 230 מ""ל",מיליליטרים,230.00,"100 מ""ל",false,1,9.90,0.0430,true,1,310443
7290110329730,false,"משקה חלב עם שוקולד וקפה בסגנון לאטה 2.7%  230 מ""ל תנובה",תנובה מרכז שיתופי לש,IL,"משקה חלב עם קפה שוקולד 230 מ""ל",מיליליטרים,230.00,"100 מ""ל",false,1,9.90,0.0430,true,1,310444
7290110472016,false,כבל מטאלי 2 מטר שחורTYPE C,Unknown,,כבל 2 מטר - TYPE C,יחידה,1.00,יחידה,false,1,39.90,39.9000,true,1,303226
7290110472467,false,מתאם למצת TYPE C + כבל טעינה 1.5 מטר,Unknown,,מתאם למצת TYPE C,יחידה,0.00,יחידה,false,1,44.90,0.0000,true,1,303064
7290110472474,false,מתאם קיר TYPE C + כבל טעינה 1.5 מטר,Unknown,,מתאם קיר TYPE C,יחידה,1.00,יחידה,false,1,54.90,54.9000,true,1,303065
7290110473433,false,אוזניות JUST BASS אפ,Unknown,,אוזניות JUST BASS אפור,יחידה,1.00,יחידה,false,1,49.90,49.9000,true,1,303075
7290110473440,false,אוזניות JUST BASS זה,Unknown,,אוזניות JUST BASS זהב,יחידה,1.00,יחידה,false,1,49.90,49.9000,true,1,303077
7290110473501,false,זרוע טלסקופית לרכב שחור TECH GRIP,Unknown,,זרוע לרכב TECH GRIP BLACK,יחידה,1.00,יחידה,false,1,54.90,54.9000,true,1,303092
7290110473594,false,זרוע איכותית לרכב מג,Unknown,,זרוע לרכב ROCKET GRIP BLACK,יחידה,1.00,יחידה,false,1,49.90,49.9000,true,1,303080
7290110474256,false,כבל aux iron man,Unknown,,כבל aux iron man,יחידה,1.00,יחידה,false,1,49.90,49.9000,true,1,303060
7290110474430,false,מתאם לאוזניות מ אפל,Unknown,,מתאם AUX מאושר אפל,יחידה,1.00,יחידה,false,1,79.90,79.9000,true,1,303050
7290110474560,false,אוזניות מיקרופון NEW AGE SOUND,Unknown,,אוזניות מיקרופון NEW AGE SOUND,יחידה,1.00,יחידה,false,1,49.90,49.9000,true,1,303068
7290110474577,false,אוזניות מיקרופון DOU,Unknown,,אוזניות מיקרופון DOUBLE OUT LOUD,יחידה,1.00,יחידה,false,1,79.90,79.9000,true,1,303067
7290110474690,false,כבל USB C לחיבור LI,Unknown,,כבל USB C לחיבור LIGHTNING מאושר אפל,יחידה,1.00,יחידה,false,1,69.90,69.9000,true,1,303059
7290110474713,false,מחזיק סלולר למזגן,Unknown,,מעמד למזגן OPEN WIDE VENT,לא מנהל יחידת מידה,0.00,לא מנהל יחידת מידה,false,1,49.90,0.0000,true,1,303063
7290110475116,false,מטען קיר SPEEDY,Unknown,,מטען קיר SPEEDY,יחידה,1.00,יחידה,false,1,79.90,79.9000,true,1,303058
7290110476267,false,מטען קיר מאושר אפל 2,Unknown,,מטען קיר מאושר אפל 2,יחידה,1.00,יחידה,false,1,119.00,119.0000,true,1,306850
7290110552220,false,יוגורט PRO בטעם תות 0% סוכר לבן 20 גרם חלבון בגביע,שטראוס גרופ בעמ/מצונן,IL,'דנונה פרו 20גר' ללא סוכר תות,גרמים,200.00,100 גרם,false,1,6.90,0.0345,true,1,309504
7290110552237,false,יוגורט פרו בטעם אפרסק מנגו ללא סוכר 200 ג' דנונה,שטראוס גרופ בעמ/מצונן,IL,דנונה פרו 20גר' ללא סוכר אפרסק מנגו,גרמים,200.00,100 גרם,false,1,6.90,0.0345,true,1,309505
7290110553029,false,"אנרג'י קריספס-פריכיות חומוס, עדשים ואפונה עם קייל וסלק","פרח תעשיו מזון בע""מ",IL,פריכיות חלבון קייל חומוס ומלח 60גרם,גרמים,60.00,100 גרם,false,1,12.90,0.2150,true,1,309687
7290110553036,false,קריספס-פריכיות עם אפונה ובטטה סגולה בטעם בצל מקורמל,"פרח תעשיו מזון בע""מ",IL,פריכיות חלבון בטטה סגולה ובצל 60 ג,גרמים,60.00,100 גרם,false,1,12.90,0.2150,true,1,309688
7290110553210,false,בוטנים הוט באפלו ווינגס סבבה עלית 50 גר,שטראוס פריטו ליי בע`מ,IL,סבבה בוטנים הוט באפלו ווינגס 50 גרם,גרמים,50.00,100 גרם,false,1,3.00,0.0600,true,1,310772
7290110553401,false,בינז אייס קופי לאטה,מונסטרלנד לולף,DE,אייס קופי לאטה וניל BEANZ,מיליליטרים,250.00,"100 מ""ל",false,1,11.90,0.0476,true,1,310547
7290110553623,false,צ'יטוס קראנצ'י בטעם צ'דר חלפיניו - חלבי,"שטראוס פריטו ליי בע""\מ )",IL,ציטוס קראנץ צ'דר חלפיניו 80 ג 48 יח,גרמים,80.00,100 גרם,false,1,5.20,0.0650,true,1,310889
7290110554118,false,נודלס מלזי חריף עם טופו וירקות ברוטב קארי ירוק,קפוא-זן תעשיות מזון בעמ - תפוג,IL,נודלס מלזי חריף דלישס 350גרם,גרמים,350.00,100 גרם,false,1,26.90,0.0769,true,1,308955
7290110554453,false,בינז אייס קופי לאטה,מונסטרלנד לולף,DE,אייס קופי לאטה מוקה BEANZ,מיליליטרים,250.00,"100 מ""ל",false,1,11.90,0.0476,true,1,310548
7290110555337,false,נמס ICE קלאסי 250 מל,מונסטרלנד לולף,DE,"ICE נמס קלאסי 250 מ""ל",מיליליטרים,250.00,"100 מ""ל",false,1,10.80,0.0432,true,1,310881
7290110556242,false,"שוקולד מריר פרווה 100 גר' בד""ץ תוצרת חוץ","שטראוס גרופ בע""מ.",FR,שוקולד מריר פרווה בדץ חדש,גרמים,100.00,100 גרם,false,1,8.50,0.0850,true,1,311009
7290110557133,false,מעדן הגולן וניל 125 ג' שטראוס,שטראוס גרופ בעמ/מצונן,IL,מעדן הגולן וניל,גרמים,125.00,100 גרם,false,1,3.20,0.0256,true,1,309453
7290110558284,false,דנונה ביו מולטי שטראוס 200 גרם,שטראוס גרופ בעמ/מצונן,IL,דנונה מולטי 200 גר',מיליליטרים,200.00,"100 מ""ל",false,1,4.90,0.0245,true,1,310606
7290110558307,false,יוגורט דנונה PRO עם שיבולת שועל במתיקות מעודנת,שטראוס גרופ בעמ/מצונן,IL,דנונה פרו 20 גר עם שיבולת שועל 200גרם,גרמים,200.00,100 גרם,false,1,6.90,0.0345,true,1,310274
7290110559045,false,"מילקשייק וניל עם סירופ 300מ""ל","שטראוס גרופ ***בע""מ",IL,מילקשייק וניל עם סירופ שוקולד 300 מיל',מיליליטרים,300.00,"100 מ""ל",false,1,9.90,0.0330,true,1,310605
7290110559939,false,דלישס נתחי סויה בסגנון שוארמה 350ג דלישס,קפוא זן תעשיות מזון בעמ,IL,נתחי סויה בסגנון שווארמה ומגדרה דלישס 3,גרמים,350.00,100 גרם,false,1,26.90,0.0769,true,1,310568
7290110560300,false,"הפריכיות הטעימות חומוס, עדשים שחורות, קינואה ופלפל שחור",אנרג'י Energy - שטראוס,IL,פריכיות משולשות- פלפל שחור,גרמים,30.00,100 גרם,false,1,6.90,0.2300,true,1,299933
7290110560317,false,"הפריכיות הטעימות חומוס, עדשים שחורות, קינואה ומלח ים","פרח תעשיו מזון בע""מ",IL,פריכיות משולשות- מלח ים,גרמים,30.00,100 גרם,false,1,6.90,0.2300,true,1,299934
7290110560324,false,"הפריכיות הטעימות תפו""א, אורז, אפונה ומלח ים","פרח תעשיו מזון בע""מ",IL,פריכיות משולשות- אפונה ירוקה,גרמים,30.00,100 גרם,false,1,6.90,0.2300,true,1,299935
7290110563431,false,"משקה קפה קר בסגנון קלאסי 230 מ""ל 1.6% יוטבתה",שטראוס גרופ בעמ/מצונן,AT,משקה קפה קר בסגנון קלאסי 1.6%,מיליליטרים,230.00,"100 מ""ל",false,1,9.90,0.0430,true,1,300839
7290110563448,false,"משקה קפה קר בסגנון מעודן 230 מ""ל 1.6% יוטבתה",שטראוס גרופ בעמ/מצונן,AT,משקה קפה קר בסגנון מעודן 1.6%,מיליליטרים,230.00,"100 מ""ל",false,1,9.90,0.0430,true,1,300840
7290110563462,false,חלב 2% דל לקטוז בבקבוק יטבתה 1 ליטר.,שטראוס גרופ בעמ/מצונן,IL,חלב בבקבוק נטול לקטוז 2%,ליטרים,1.00,ליטר,false,1,8.50,8.5000,true,1,301014
7290110564360,false,חומוס אחלה הסידרה המובחר 40% טחינה 400 גר',שטראוס גרופ בעמ/מצונן,IL,חומוס הסדרה המובחרת עשיר ב-40% טחינה,גרמים,400.00,100 גרם,false,1,15.60,0.0390,true,1,296161
7290110564742,false,"משקה קפה קר בסגנון חזק 230 מ""ל 1.2% יוטבתה",שטראוס גרופ בעמ/מצונן,AT,משקה קפה קר בסגנון חזק -חדש,מיליליטרים,230.00,"100 מ""ל",false,1,9.90,0.0430,true,1,300841
7290110565527,false,יוגורט PRO פרו 1.5% 20 גרם חלבון בגביע,שטראוס גרופ בעמ/מצונן,IL,דנונה פרו 20 גר 1.5% שומן,גרמים,200.00,100 גרם,false,1,6.90,0.0345,true,1,295728
7290110566043,false,יוגורט 4.5% שומן 3 ל' שטראוס,"מחלבות בר בכפר בע""מ",IL,יוגורט כד 3 ליטר 4% שומן,מיליליטרים,3.00,"100 מ""ל",false,1,30.90,10.3000,true,1,298150
7290110566579,false,דבש לחיץ 200 גרם יד מרדכי,מכוורת יד מרדכי שטרא,IL,דבש בקבוק לחיץ 200 גרם,גרמים,200.00,100 גרם,false,1,13.90,0.0695,true,1,302390
7290110566975,false,דנונה פרו יוגורט 0% תות עשיר בחלבון 200ג',שטראוס גרופ בעמ/מצונן,IL,דנונה פרו 20 גר תות 0% שומן,גרמים,200.00,100 גרם,false,1,6.90,0.0345,true,1,296818
7290110568238,false,"קצפת צמחית 21% שומן 250 מ""ל יוטבתה",שטראוס גרופ בעמ/מצונן,IL,קצפת צמחית 21%,גרמים,250.00,100 גרם,false,1,8.50,0.0340,true,1,298453
7290110570224,false,משקה קפה קר בטעם עוגיות (230 גר`) יטבתה,שטראוס גרופ בעמ/מצונן,AT,משקה קפה קר בטעם עוגיות,מיליליטרים,230.00,"100 מ""ל",false,1,9.90,0.0430,true,1,310603
7290110572884,false,"קפסולות קפה מספר 20 למכונת אספרס אספרסו, 50 גרם",שטראוס קפה בי.וי.,IL,קפסולות אספרסו 20 שטראוס 50 גרם,גרמים,50.00,100 גרם,false,1,19.90,0.3980,true,1,311878
7290110572969,false,כיף כף פצפצים עלית קרם לבן (40 גר`),שולן צ'\יקולטה גידה סאן.,TR,חטיף כיף כף פצפצים 40 גרם,גרמים,40.00,100 גרם,false,1,6.90,0.1725,true,1,311507
7290110572976,false,כיף כף גביע פצפוצים קרם לבן 135 גרם,שולן צ'יקולטה גידה ס,TR,כיף כף פצפצים 135 גרם,גרמים,135.00,100 גרם,false,1,14.90,0.1104,true,1,311518
7290110576752,false,טבלאות שוקולד ספלנדיד מריר 70% 100 ג' עלית,"שטראוס גרופ בע""מ",BE,ספלנדיד מריר 70% 100 גרם,גרמים,100.00,100 גרם,false,1,12.90,0.1290,true,1,311835
7290110576776,false,טבלאות שוקולד ספלנדיד מריר 85% 100 ג' עלית,שטראוס גרופ בע`מ,BE,ספלנדיד מריר 85% 100 גרם,גרמים,100.00,100 גרם,false,1,12.90,0.1290,true,1,311836
7290110577247,false,"יטבתה משקה חלב-פיסטוק בבקבוק 350 מ""ל",שטראוס גרופ בעמ/מצונן,IL,משקה חלב בטעם פיסטוק 350 מל,מיליליטרים,350.00,"100 מ""ל",false,1,7.90,0.0226,true,1,311714
7290110856243,false,ציל סיגריה אלקטרונית,Unknown,CN,ציל סיגריה אלקטרונית 2800 שאיפות ענבים,יחידה,1.00,יחידה,false,1,89.90,89.9000,false,1,310550
7290110856250,false,ציל סיגריה אלקטרונית,Unknown,CN,ציל סיגריה אלקטרונית 2800 שאיפות תפוח,יחידה,1.00,יחידה,false,1,89.90,89.9000,false,1,310555
7290110856267,false,ציל סיגריה אלקטרונית,Unknown,CN,ציל סיגריה אלקטרונית 2800 שאיפות אבטיח,יחידה,1.00,יחידה,false,1,89.90,89.9000,false,1,310554
7290111340185,true,מטליות לניקוי רצפה ב,עלבד משואות יצחק בעמ,IL,ניקול מטליות לחות לניקוי הרצפה 10 יחידות,Unknown,0.00,Unknown,false,1,16.90,0.0000,true,1,297370
7290111341984,false,לילי - מגבוני נייר טואלט לח פיור רביעייה,קימברלי קלארק ישראל שיווק בעמ,GB,לילי לח רביעייה,יחידה,1.00,יחידה,false,1,27.90,27.9000,true,1,303144
7290111342059,false,50 מטליות מיקרופייבר לשטחים אנטיבקטריאלי ניקול,קימברלי קלארק ישראל שיווק בעמ,IL,מטליות לחות לניקוי וחיטוי משטחים אנטיבקטריאלי,לא מנהל יחידת מידה,0.00,לא מנהל יחידת מידה,false,1,16.90,0.0000,true,1,303978
7290111344206,false,האגיס נטורל קר מגבונים לחים בבישום עדין רביעייה,קימברלי קלארק ישראל שיווק בעמ,IL,מגבוני האגיס נטורל קייר מבושם 4*64,לא מנהל יחידת מידה,0.00,לא מנהל יחידת מידה,false,1,22.90,0.0000,true,1,309256
7290111344831,false,קוטקס - מגיני יום אקסטרא פרוטקט נורמל ביג 60 יח',קימברלי קלארק ישראל שיווק בעמ,CN,מגן תחתון קוטקס נורמל 60 יחידות,יחידה,1.00,יחידה,false,1,25.90,25.9000,true,1,309491
7290111346293,false,מגבת נייר ניקול 6 יחידות מהדורה חגיגית,קימברלי קלארק ישראל שיווק בעמ,IL,מגבת נייר ניקול שישייה מהדורה,יחידה,6.00,יחידה,false,1,14.90,2.4833,true,1,310515
7290111350726,false,חטיף נאצוס הוטפופ בסגנון מקסיקני 322 גר,ליימן שליסל בע`מ,US,נאצוס הוטפופ מקסיקני 332 גרם,גרמים,332.00,100 גרם,false,1,17.90,0.0539,true,1,301283
7290111351280,false,תערובת אגוזים קלויים ללא מלח 150 גרם קליית גת,ליימן שליסל,IL,תערובת אגוזים קלויים ללא מלח 150 ג,גרמים,150.00,100 גרם,false,1,22.90,0.1527,true,1,300908
7290111354748,false,כדורגל קליית גת מתנה,ליימן שליסל,CN,כדורגל קליית גת,יחידה,1.00,יחידה,false,1,29.90,29.9000,true,1,311909
7290111354922,false,מארז סניידרס+הוטפופ,סניידרס,US,סניידרס+הוטפופ 300 גרם,גרמים,300.00,100 גרם,false,1,29.90,0.0997,true,1,311736
7290111534010,false,פס גבינה שמנת פירורים קפולסקי 400 גרם,תופינים מקבוצת קפולסקי,IL,מוס גבינה שמנת ופירורים 400גרם,גרמים,400.00,100 גרם,false,1,36.90,0.0922,true,1,294926
7290111563492,false,סלטי צבר מטבוחה חריפה מרובע 6*400גרם,קבוצת אוסם סחר-שות.מוגבלת,IL,סלטי צבר מטבוחה חריפה מרובע 6*400גרם,גרמים,400.00,100 גרם,false,1,13.90,0.0348,true,1,296687
7290111564956,false,"ביסלי במבה מיקס 200 גרם ""אסם""",קבוצת אוסם סחר שותפות מוגבלת,IL,ביסלי במבה מיקס 18*200גרם,גרמים,200.00,100 גרם,false,1,13.90,0.0695,true,1,294947
7290111565038,false,"לה קרמריה וניל קוקילידה בד""צ 1.4 ל'",נגה גלידות שותפות מוגבלת,IL,לה קרמריה וניל קוקילידה בדצ6*1.4ליטר חדש,ליטרים,1.40,ליטר,false,1,22.90,16.3571,true,1,297620
7290111565502,false,ארטיק אוראו וניל ועוגיות סנדוויץ נסטלה 80 ג',נגה גלידות שותפות מוגבלת,IT,אוראו סנדביץ'אימפלס24*80ג12359343,גרמים,80.00,100 גרם,false,1,12.50,0.1563,true,1,296107
7290111565656,false,במבה במילוי קרם נוגט 150 ג',קבוצת אסם סחר שות. מוגבלת,IL,במבה נוגט 24*150גרם,גרמים,150.00,100 גרם,false,1,13.90,0.0927,true,1,294946
7290111566226,false,שניצל ברוקולי טבעול 667 גרם,קבוצת אוסם סחר-שות.מוגבלת,IL,טבעול שניצל ברוקולי 6*664גרם,גרמים,667.00,100 גרם,false,1,36.90,0.0553,true,1,296383
7290111566271,false,טבעול חטיפי תירס 657 גרם קפוא,קבוצת אוסם סחר שותפות מוגבלת,IL,טבעול חטיפי תירס 6*657גרם,גרמים,657.00,100 גרם,false,1,29.90,0.0455,true,1,296373
7290111566547,false,טבעול חזה בגריל צמחוני 99 קלוריות 560ג',קבוצת אוסם סחר-שות.מוגבלת,IL,טבעול חזה בגריל צמחוני 6*560גרם,גרמים,560.00,100 גרם,false,1,34.90,0.0623,true,1,296372
7290111566561,false,"שניצל ברוקולי 99 קלוריות 560 גר' ""טבעול""",קבוצת אוסם סחר שותפות מוגבלת,IL,טבעול שניצל ברוקולי 99 קלוריות 6*560ג,גרמים,560.00,100 גרם,false,1,34.90,0.0623,true,1,296384
7290111566660,false,טבעול קציצות עדשים כתומות 525 גרם,קבוצת אוסם סחר שותפות מוגבלת,IL,טבעול קציצות עדשים כתומות 6*530גרם,גרמים,530.00,100 גרם,false,1,34.90,0.0658,true,1,296380
7290111566714,false,טבעול המבורגר צמחוני 99 קלוריות 600 גרם,קבוצת אוסם סחר שותפות מוגבלת,IL,טבעול המבורגר צמחוני 99 קלוריות 6*600ג,גרמים,600.00,100 גרם,false,1,34.90,0.0582,true,1,296371
7290111566752,false,טבעול שניצל תירס 99 קלוריות 693 גרם,קבוצת אוסם סחר שותפות מוגבלת,IL,טבעול שניצל תירס 99 קלוריות 6*693גרם,גרמים,693.00,100 גרם,false,1,34.90,0.0504,true,1,296388
7290111878862,true,שקית בלונים 10 יח מ,גמר,,שקית בלונים 10 יח מודפס,לא מנהל יחידת מידה,0.00,לא מנהל יחידת מידה,false,1,11.90,0.0000,true,1,301101
7290111933554,true,מאסטר שף עגבניות קוב,פראנו אנריקו ופיגלי,IT,מאסטר שף עגבניות קוביות שלשות 400גר*3,קילוגרמים,1.20,"ק""ג",false,1,15.90,13.2500,true,1,299577
7290111936296,true,פלמוליב ארומה סנסייש,COLGATE ($) -PALMOLI,TR,פלמוליב ארומה סנסיישן מסאז 750,Unknown,0.00,Unknown,false,1,22.90,0.0000,true,1,301676
7290111937712,false,קוקי רדיד אלומיניום עטוף בנייר אפייה,ש. שסטוביץ בע`מ,CN,קוקי רדיד אלומיניום עטוף בנייר אפייה 2 ב,יחידה,1.00,יחידה,false,1,11.90,11.9000,true,1,303824
7290112002112,false,ג'ל כביסה מרוכז קולון 101 בניחוח ורדים,רקיט בנקיזר (ניר איסט) בעמ,IL,ג'ל כביסה קולון בניחוח מאסק 2.5 ליטר,ליטרים,2.50,ליטר,false,1,36.90,14.7600,true,1,303264
7290112330352,false,"יוגורט PRO בטעם וניל 0% , 20 גרם חלבון בגביע",שטראוס גרופ בעמ/מצונן,IL,דנונה פרו 20 גר וניל 0% שומן,גרמים,200.00,100 גרם,false,1,6.90,0.0345,true,1,301616
7290112330390,false,דנונה פרו פירות יער 20 גרם חלבון 0% שומן 200 גרם,שטראוס גרופ בעמ/מצונן,IL,דנונה פרו 20 גר פירות יער 0% שומן,גרמים,200.00,100 גרם,false,1,6.90,0.0345,true,1,301617
7290112330970,false,שייק חלבון+פירות יער350מ,מחלבת יטבתה,IL,"שייק חלבון מי גבינה עם פירות יער 350 מ""ל",מיליליטרים,350.00,"100 מ""ל",false,1,8.50,0.0243,true,1,300671
7290112332585,false,פריכיות משולש תפוא אורז בתיבול סלק ומלח ים אנרג'י 30 גרם,"פרח תעשיו מזון בע""מ",IL,פריכיות משולשות-סלק,גרמים,30.00,100 גרם,false,1,6.90,0.2300,true,1,301949
7290112332691,false,פינוקיות עוגיות קרם פסק זמן אגוזים 200 גרם,"הגביע מוצרי וופלים בע""\מ",IL,פינוקיות קרם פסק זמן,גרמים,200.00,100 גרם,false,1,14.90,0.0745,true,1,302046
7290112335487,false,הפריכיות הטעימות קצח ודגנים אנרג'י 135 גרם,אנרג'י Energy - שטראוס,IL,פריכיות טעימות קצח ודגנים 135 גרם,גרמים,135.00,100 גרם,false,1,15.90,0.1178,true,1,301611
7290112335494,false,הפריכיות הטעימות תפוחי אדמה בטעם פוטטוס,"פרח תעשיות מזון בע""\מ",IL,הפריכיות הטעימות פוטטוס,גרמים,135.00,100 גרם,false,1,15.90,0.1178,true,1,301612
7290112336644,false,סוכריות מאסט ללא סוכר לימון 80 ג' עלית,"שטראוס גרופ בע""מ",PL,סוכריות ללס לימון 80 ג חדש,גרמים,80.00,100 גרם,false,1,11.90,0.1488,true,1,303723
7290112337474,false,סוכריות מאסט ללא סוכר פטל לימון 80 ג' עלית,שטראוס גרופ בע`מ,PL,סוכריות ללס פטל לימון 80 גר,גרמים,80.00,100 גרם,false,1,11.90,0.1488,true,1,303725
7290112339867,true,גמדים סקוויז תות 10,שטראוס,IL,גמדים סקוויז תות 100 גרם,גרמים,100.00,100 גרם,false,1,6.90,0.0690,true,1,305318
7290112339874,true,גמדים סקוויז תות בננ,שטראוס,IL,גמדים סקוויז תות בננה 100,גרמים,100.00,100 גרם,false,1,6.90,0.0690,true,1,305319
7290112340122,false,הפריכיות הטעימות 3 דגנים אנרג'י 135 גרם,"פרח תעשיות מזון בע""\מ",IL,פריכיות טעימות 3 דגנים 135 גרם,גרמים,135.00,100 גרם,false,1,15.90,0.1178,true,1,301614
7290112340245,false,מסטיק מאסט צנצנת בטעם דובדבן 66 גר` מגדי,"שטראוס גרופ בע""\מ",IL,צנצנת MUST דובדבן 66 גר,גרמים,66.00,100 גרם,false,1,11.90,0.1803,true,1,301308
7290112340252,false,צנצנת מסטיק מאסט בטעם אבטיח מלון 66 ג' עלית,"שטראוס גרופ בע""\מ",IL,צנצנת MUST בטעם אבטיח מלון 66 גר,גרמים,66.00,100 גרם,false,1,11.90,0.1803,true,1,301307
7290112342195,false,תפוצ`יפס מקלות טבעי 200 גרם כשלפ,"שטראוס פריטו ליי בע""\מ )",IL,תפו מקלות טבעי 200 גר 15 יח,גרמים,200.00,100 גרם,false,1,15.50,0.0775,true,1,303554
7290112342508,false,חטיף דוריטוס צ`יזי טוויסט 70 גרם,"שטראוס פריטו ליי בע""\מ",IL,דוריטוס קול ראנצ 70 גרם,גרמים,70.00,100 גרם,false,1,6.90,0.0986,true,1,311034
7290112343420,false,"משקה חלב עם דגנים מלאים ובננה פרו יטבתה 350מ""ל",שטראוס גרופ בעמ/מצונן,IL,"יטבתה פרו ארוחת בוקר 350 מל לל""ג",מיליליטרים,350.00,"100 מ""ל",false,1,8.50,0.0243,true,1,303278
7290112343499,false,חטיף צ'יטוס פאפס אפוי בטעם גבינה,"שטראוס פריטו ליי בע""\מ )",IL,צ'יטוס PUFFS בטעם גבינה 55 ג 48 יח,גרמים,55.00,100 גרם,false,1,5.90,0.1073,true,1,308896
7290112344427,false,קפה נמס אבקתי 100 גר,שטראוס קפה בי.וי,IL,קפה נמס עלית 100 גרם,גרמים,100.00,100 גרם,false,1,15.90,0.1590,true,1,302935
7290112344724,false,מילקי בטעם שוקולד בלונדי עם קצפת 133גר,שטראוס גרופ בעמ/מצונן,IL,מילקי בטעם שוקולד בלונדי,גרמים,170.00,100 גרם,false,1,3.90,0.0229,true,1,303275
7290112346537,false,עוגיות פינוקיות בטעם טורטית 200 ג' עלית,"הגביע מוצרי ופלים בע""\מ",IL,פינוקיות בטעם טורטית,גרמים,200.00,100 גרם,false,1,14.90,0.0745,true,1,303434
7290112347008,false,גמדים לדרך גבינה לבנה עם מחית תות ושיבולת שועל,שטראוס גרופ בעמ/מצונן,IL,גמדים ארוחת בוקר תות סקוויז,גרמים,100.00,100 גרם,false,1,6.90,0.0690,true,1,303270
7290112348029,false,חומוס אסלי דליקטס 250 גרם,שטראוס,IL,חומוס חלק דליקטס 250 גרם,גרמים,250.00,100 גרם,false,1,8.90,0.0356,true,1,306830
7290112350312,false,קפסולות 15 קפה יותר למכונות נספרסו עלית 10יח',הנסיך- מפעל לייצור ט,IL,קפסולות 15 למכונות NESPRESSO,גרמים,50.00,100 גרם,false,1,19.90,0.3980,true,1,305265
7290112353412,false,"פריכיות תפו""א, אורז, תירס, אפונה ירוקה, סלק, מלח ים","פרח תעשיו מזון בע""מ",IL,"פריכיות משולש תפא,תירס,אפונה,סלק מלח",גרמים,30.00,100 גרם,false,1,6.90,0.2300,true,1,305355
7290112353566,false,סלט טחינה דליקטס 250 גרם,שטראוס,IL,סלט טחינה דליקטס 250 גרם,גרמים,250.00,100 גרם,false,1,12.90,0.0516,true,1,306833
7290112353887,false,"משקה קפה קר בטעם אגוזים יטבתה 230 מ""ל",האי נאם סי או אל.טי.,AT,משקה קפה קר בטעם אגוזים,מיליליטרים,230.00,"100 מ""ל",false,1,9.90,0.0430,true,1,304679
7290112354174,false,"פסטה רוזה 280 ג""ר ""דלישס"" שטראוס",קפוא-זן תעשיות מזון בעמ - תפוג,IT,פסטה רוזה דלישס 280גרם,גרמים,280.00,100 גרם,false,1,24.90,0.0889,true,1,308956
7290112354204,false,"ספגטי עגבניות 280 גר' ""דלישס"" שטראוס",קפוא-זן תעשיות מזון בעמ - תפוג,IT,ספגטי עגבניות דלישס 280 גרם,גרמים,280.00,100 גרם,false,1,24.90,0.0889,true,1,308957
7290112354945,false,תפוצ'יפס WAVY בטעם טבעי 50 גרם,שטראוס פריטו ליי בע`מ,IL,תפוציפס טבעי 50 גרם wavy,גרמים,50.00,100 גרם,false,1,5.90,0.1180,true,1,311739
7290112354952,false,תפוצ`יפס פפריקה (50 גרם)היתר מכירה,שטראוס פריטו ליי בע`מ,IL,תפוציפס פפריקה 50 גרם wavy,גרמים,50.00,100 גרם,false,1,5.90,0.1180,true,1,311740
7290112354969,false,תפוצ'יפס בטעם טבעי 200 גרם היתר מכירה,שטראוס פריטו ליי בע`מ,IL,תפוציפס טבעי 200 גרם wavy,גרמים,200.00,100 גרם,false,1,15.50,0.0775,true,1,311737
7290112355027,false,דנונה פרו 20 גרם חלבון בטעם קרמל מלוח 200 גרם,שטראוס גרופ בעמ/מצונן,IL,דנונה פרו 20 גרם בטעם קרמל מלוח,גרמים,200.00,100 גרם,false,1,6.90,0.0345,true,1,306552
7290112355812,false,מילקי טופ קורנפלקס 141 ג' שטראוס,שטראוס גרופ בעמ/מצונן,IL,מילקי טופ קורנפלקס,גרמים,141.00,100 גרם,false,1,5.40,0.0383,true,1,310581
7290112358004,false,פסק זמן חטיף קראנץ עלית( 32 גר`),שולן צ'\יקולטה גידה סאן.,TR,פסק זמן קראנץ' 32 גר,גרמים,32.00,100 גרם,false,1,7.50,0.2344,true,1,306208
7290112358431,false,עד חצות דאבל ביסקוויט עם שוקולד חלב -8 אריזות אישיות,ביסקוויטס טור ד'\אלבון,FR,עד חצות דאבל 200 גרם,גרמים,200.00,100 גרם,false,1,18.90,0.0945,true,1,307936
7290112358554,false,מארז קפה נמס מנות אישיות לדרך 50.4 גר,שטראוס גרופ בע`מ,RO,מארז נמס לדרך,גרמים,50.00,100 גרם,false,1,14.90,0.2980,true,1,305264
7290112358752,false,קפה קר BeanZ חלבי פח,קריניציה ויטמינה אס,PL,"קפה קר BeanZ חלבי פחית 250 מ""ל",מיליליטרים,250.00,"100 מ""ל",false,1,11.90,0.0476,true,1,307679
7290112490032,true,מרק נמס בכוס תירס 43,יוניליוור ישראל מזון,IL,קנור נמס בכוס מרק תירס 45 גרם,גרמים,43.00,100 גרם,false,1,7.50,0.1744,true,1,299303
7290112490209,true,נמס בכוס עגבניות קרו,יוניליוור ישראל מזון,IL,נמס בכוס עגבניות קרוטונים ר.טבעי 64 גרם,גרמים,64.00,100 גרם,false,1,7.50,0.1172,true,1,299306
7290112490230,true,נמס בכוס אפונה ר.טבע,יוניליוור ישראל מזון,IL,נמס בכוס מרק אפונה - 100% רכיבים טבעיים,גרמים,50.00,100 גרם,false,1,7.50,0.1500,true,1,299307
7290112490698,false,קונפיטורה תות שדה לייט 300 גרם-צנצנת,יוניליוור ישראל שיווק בע`מ,BE,קונפיטורה תות שדה לייט 300 גרם,גרמים,300.00,100 גרם,false,1,15.90,0.0530,true,1,299276
7290112492449,false,פינוק שמפו שיער רגיל 700 מל-חדש,"יוניליוור ישראל שיווק בע""מ",IL,PINUK שמפו 2IN1 700 ML,מיליליטרים,700.00,"100 מ""ל",false,1,14.90,0.0213,true,1,304484
7290112492456,false,"שמפו פינוק לשיער יבש/פגום 700 מ""ל",יוניליוור ישראל שיווק בע`מ,IL,PINUK שמפו 2IN1 700 ML,מיליליטרים,700.00,"100 מ""ל",false,1,14.90,0.0213,true,1,304485
7290112492487,false,פינוק שמפו לשיער עם שמן מרוקאי 700 מל,"יוניליוור ישראל שיווק בע""מ",IL,PINUK שמפו 2IN1 700 ML,מיליליטרים,700.00,"100 מ""ל",false,1,14.90,0.0213,true,1,304487
7290112492500,false,פינוק שמפו לשיער עם שמן קוקוס 700 מל,"יוניליוור ישראל שיווק בע""מ",IL,PINUK שמפו 2IN1 700 ML,מיליליטרים,700.00,"100 מ""ל",false,1,14.90,0.0213,true,1,305221
7290112492531,true,פינוק מרכך שיער רגיל,יוניליוור ישראל טיפו,IL,PINUK מרכך 700 ML,מיליליטרים,700.00,"100 מ""ל",false,1,14.90,0.0213,true,1,303462
7290112492548,true,פינוק מרכך שיער יבש,יוניליוור ישראל טיפו,IL,PINUK מרכך שיער 700 ML,מיליליטרים,700.00,"100 מ""ל",false,1,14.90,0.0213,true,1,303463
7290112492579,true,פינוק מרכך שמן קוקוס,יוניליוור ישראל טיפו,IL,PINUK מרכך שיער 700 ML,מיליליטרים,700.00,"100 מ""ל",false,1,14.90,0.0213,true,1,305222
7290112492593,true,פינוק תחליב רחצה בני,יוניליוור ישראל טיפו,IL,PINUK סבון נוזלי 700 ML,גרמים,700.00,100 גרם,false,1,14.90,0.0213,true,1,303465
7290112492609,true,פינוק תחליב רחצה לבנ,יוניליוור ישראל טיפו,IL,PINUK סבון נוזלי 700 ML,מיליליטרים,700.00,"100 מ""ל",false,1,14.90,0.0213,true,1,303466
7290112492630,true,פינוק שמפו 3 ב-1 לגב,יוניליוור ישראל טיפו,IL,PINUK סבון נוזלי 700 ML,מיליליטרים,700.00,"100 מ""ל",false,1,14.90,0.0213,true,1,303468
7290112492999,false,קנור מרק עוף אמיתי 400 גרם פרווה,יוניליוור ישראל שיווק בע`מ,IL,קנור מרק טעם עוף 400 גרם,גרמים,400.00,100 גרם,false,1,17.90,0.0447,true,1,303439
7290112493293,true,קנור מרק נמס בכוס יר,יוניליוור ישראל מזון,IL,קנור מרק נמס בכוס ירקות 44גרם - 100% רכי,גרמים,44.00,100 גרם,false,1,7.50,0.1705,true,1,302532
7290112493903,false,מעדן קפוא בטעמים תות לימון ענבים ומשמש,"מיוצר ע""\י גלידת שטראוס",IL,"מאגדת ננסים בטעמים תות, לימון, קולה ומשמש",גרמים,87.00,100 גרם,false,1,12.90,0.1483,true,1,302473
7290112493927,false,גלידה בטעם ריבת חלב 1.33ל' קרמיסימו,"גלידת שטראוס בע""\מ, רחוב",IL,קרמיסימו ריבת חלב 1.33 ליטר,ליטרים,1.33,ליטר,false,1,33.90,25.4887,true,1,303665
7290112493934,false,גלידה קרמיסימו וניל צרפתי 1.33 ליטר,"גלידת שטראוס בע""\מ, רחוב",IL,קרמיסימו קרמיסימו וניל צרפתי 1.33 ליטר,ליטרים,1.33,ליטר,false,1,33.90,25.4887,true,1,303664
7290112494221,false,חטיף ביסקויט שוקולד חלב קליק (65 גרם),יוניליוור ישראל שיווק בע`מ,IL,קליק ביסקוויט 65 גרם,גרמים,65.00,100 גרם,false,1,7.90,0.1215,true,1,302916
7290112494238,false,חטיף כדורים שוקולד חלב קליק (65 גרם),יוניליוור ישראל שיווק בע`מ,IL,קליק קליק כדורים 65 גרם,גרמים,65.00,100 גרם,false,1,7.90,0.1215,true,1,302919
7290112494276,false,קליק כריות בתפזורת כשר לפסח,יוניליוור ישראל שיווק בע`מ,IL,קליק קליק כריות 65 גרם,גרמים,65.00,100 גרם,false,1,7.90,0.1215,true,1,302920
7290112494283,false,חטיף כדורים מעורב חום לבו 65 גר`קליק,יוניליוור ישראל שיווק בע`מ,IL,קליק חום לבן 65 גרם,גרמים,65.00,100 גרם,false,1,7.90,0.1215,true,1,302918
7290112494313,false,קליק - קורנפלקס תפזורת 65 גרם,"יוניליוור ישראל שיווק בע""מ",IL,קליק קליק קורנפלקס 65 גרם,גרמים,65.00,100 גרם,false,1,7.90,0.1215,true,1,302923
7290112494344,false,קורנפלקס של אלופים תלמה (850 גרם)רבנות,"יוניליוור ישראל שיווק בע""מ",IL,תלמה קורנפלקס של אלופים דגני בוקר 850 גרם,גרמים,850.00,100 גרם,false,1,24.90,0.0293,true,1,304052
7290112494382,false,פירה בטעם ביתי 260 גרם-קופסא,יוניליוור ישראל שיווק בע`מ,IL,פירה בטעם ביתי מוכן ברגע קנור,גרמים,260.00,100 גרם,false,1,14.90,0.0573,true,1,303315
7290112494795,false,בדין-ג'ל לכביסה לבנה וצבעונית בניחוח עדין כחול 2.5 ליטר,"יוניליוור ישראל שיווק בע""מ",IL,בדין ג'ל כביסה כחול 2.5 ליטר,ליטרים,2.50,ליטר,false,1,34.90,13.9600,true,1,302966
7290112494801,false,בדין-ג'ל לכביסה לבנה וצבעונית בניחוח עדין ורוד 2.5 ליטר,"יוניליוור ישראל שיווק בע""מ",IL,בדין גל לכביסה לבנה וצבעונית בניחוח בדי,ליטרים,2.50,ליטר,false,1,34.90,13.9600,true,1,302965
7290112495006,false,כריות דגנים במילוי נוגט בדצ 686 גרם,"יוניליוור ישראל שיווק בע""מ",IL,תלמה דגני בוקר כריות נוגט 686 גרם,גרמים,686.00,100 גרם,false,1,29.90,0.0436,true,1,302938
7290112495433,false,דגני דליפקאן תוספת אגוזי פקאן ושקדים 400 גר,יוניליוור ישראל שיווק בע`מ,IL,TELMA דגני מבוגרים 400 GR,גרמים,400.00,100 גרם,false,1,28.90,0.0722,true,1,302501
7290112496034,false,"סירופ מייפל לחיץ 580 מ""ל כשל""פ אפיכל",יוניליוור ישראל שיווק בע`מ,IL,EFICOL קינוחים שונים 580 GR,גרמים,580.00,100 גרם,false,1,17.90,0.0309,true,1,303706
7290112496270,false,"פתית צ'יפס תפו""א בתוספת עגבניות ועשבי תיבול 22 גרם",יוניליוור ישראל שיווק בע`מ,GB,פתית ציפס עם תפוחי אדמה עגבניות 22 גרם,גרמים,0.00,100 גרם,false,1,5.90,0.0000,true,1,305142
7290112496287,false,פתית - צ'יפס בטטה בטעם טבעי 21 גרם,יוניליוור ישראל שיווק בע`מ,GB,פתית פתית צ'יפס בטטה בטעם טבעי 21 גר',גרמים,0.00,100 גרם,false,1,5.90,0.0000,true,1,305141
7290112496294,false,חטיף פתית צ'יפס עם אפונה ירוקה צהובה וצ'ילי,יוניליוור ישראל שיווק בע`מ,GB,פתית ציפס עם אפונה ירוקה וצהובה 22 גרם,גרמים,0.00,100 גרם,false,1,5.90,0.0000,true,1,305140
7290112496430,false,קנור נמס בכוס אקסטרה עגבניות+איטריות 37 גרם - רבנות,יוניליוור ישראל שיווק בע`מ,IL,נמס בכוס אקסטרה מרק עגבניות 37 גרם,גרמים,37.00,100 גרם,false,1,6.90,0.1865,true,1,309081
7290112496461,false,נמס בכוס אקסטרה מרק ירקות עם המון אטריות,"יוניליוור ישראל שיווק בע""מ",IL,נמס בכוס מרק אקסטרה ירקות עם המון אטריות,גרמים,32.00,100 גרם,false,1,6.90,0.2156,true,1,309145
7290112496591,false,חטיף קליק כריות בלאק חלב 65 גר,יוניליוור ישראל שיווק בעמ,IL,קליק קליק כריות בלאק ושוקולד חלב 65 גרם,גרמים,65.00,100 גרם,false,1,9.00,0.1385,true,1,304995
7290112498526,false,"פתית צ'יפס עם בטטה סגולה בטעם שמנת ובצל, 22 גרם",יוניליוור ישראל שיווק בע`מ,GB,פתית ציפס בטטה סגולה 22 גרם,גרמים,22.00,100 גרם,false,1,5.90,0.2682,true,1,309133
7290112498786,false,מגנום קריספי קרמל בננה שטראוס,"מיוצר ע""\י גלידת שטראוס",IL,מגנום שלגון מגנום קריספי קרמל בננה 76 גרם,גרמים,76.00,100 גרם,false,1,12.50,0.1645,true,1,306804
7290112498878,false,שלגון קורנטו פסק זמן ריבת חלב,"מיוצר ע""\י גלידת שטראוס",IL,קורנטו פסק זמן 69 גרם,גרמים,69.00,100 גרם,false,1,9.90,0.1435,true,1,307307
7290112498915,false,מאגדת מיני מגנום שקדים מובחר שטראוס 250 גרם,"מיוצר ע""\י גלידת שטראוס",IL,מגנום מאגדת מיני מגנום שקדים מובחרים 5 יחידות,גרמים,250.00,100 גרם,false,1,30.90,0.1236,true,1,308152
7290112498922,false,מאגדת מיני מגנום לבן שטראוס 250 גרם,"מיוצר ע""\י גלידת שטראוס",IL,מגנום מאגדת מיני מגנום לבן 5 יחידות,גרמים,250.00,100 גרם,false,1,30.90,0.1236,true,1,308153
7290112498946,false,קשת בענן ארטיק ילדים שטראוס 47 גרם,"גלידת שטראוס בע""\מ, רח'\",IL,"מקס ארטיק קשת בענן בטעמי תות, וניל ומרשמלו 47 גרם",גרמים,47.00,100 גרם,false,1,8.90,0.1894,true,1,309692
7290112499097,false,מאגדת מיני מגנום מריר Intense Dark! 240 גרם,"מיוצר ע""\י גלידת שטראוס",IL,מגנום מאגדת מיני מגנום מריר 5 יחידות,גרמים,240.00,100 גרם,false,1,30.90,0.1287,true,1,309693
7290112499103,false,טילון קורנטו קליק וניל עוגיות שטראוס 72 גרם,"צר ע""\י גלידת שטראוס בע\",IL,קורנטו טילון קליק בטעם וניל עוגיות 72 גרם,גרמים,72.00,100 גרם,false,1,10.90,0.1514,true,1,310172
7290112499127,false,שלגון גלידה שוקולד לבן ותות 77 גרם,"מיוצר ע""\י גלידת שטראוס",IL,מגנום שלגון גלידה שוקולד לבן ותות 77 גרם,גרמים,77.00,100 גרם,false,1,13.50,0.1753,true,1,309690
7290112499141,false,סולרו וניל ותפוח ירוק 76 ג' שטראוס,שטראוס גרופ גלידות,IL,סולרו שלגון בטעם וניל ותפוח ירוק,גרמים,74.00,100 גרם,false,1,12.90,0.1743,true,1,310171
7290112499189,false,"גלידת קרמיסימו חד קרן וניל תות, 1.33 ליטר","גלידת שטראוס בע""\מ, רחוב",IL,קרמיסימו חד קרן בטעמי וניל תות ובננה 1.3,ליטרים,1.33,ליטר,false,1,29.90,22.4812,true,1,310639
7290112499196,false,גלידה בטעם החלב של הקורנפלקס 1.33 ל' קרמיסימו,"גלידת שטראוס בע""\מ, רחוב",IL,קרמיסימו החלב של הקורנפלקס 1.33 ליטר,ליטרים,1.33,ליטר,false,1,29.90,22.4812,true,1,310640
7290112499226,false,גלידונית פיסטוק ובננהבקלקר 60 יח 700 גרם,"גלידת שטראוס בע""\מ, רחוב",IL,גלידונית כמה כמה בטעמי פיסטוק ובננה 950,מיליליטרים,950.00,"100 מ""ל",false,1,57.90,0.0609,true,1,311741
7290112499257,false,שלגון שוקובו שטראוס,שטראוס גרופ גלידות,IL,שוקובו לבן 85 גרם,גרמים,85.00,100 גרם,false,1,12.90,0.1518,true,1,311887
7290112499462,false,פינוק תחליב רחצה 700 בתוספת שמן קוקוס,יוניליוור ישראל שיווק בע`מ,IL,פינוק תחליב רחצה בתוספת שמן קוקוס 700 מל,מיליליטרים,700.00,"100 מ""ל",false,1,14.90,0.0213,true,1,308540
7290112499639,false,טילון סופר מגנום וניל צ'יפ שוקולד 110 גרם,"מיוצר ע""\י גלידת שטראוס",IL,קורנטו מגנום טילון וניל צ'יפ שוקולד 110 גרם,גרמים,110.00,100 גרם,false,1,13.50,0.1227,true,1,303676
7290112499646,false,"מעדן קפוא בטעם וניל עם וופל 108 גרם ""קורנטו""","מיוצר ע""\י גלידת שטראוס",IL,קורנטו סופר פקאן 108 גרם,גרמים,108.00,100 גרם,false,1,13.50,0.1250,true,1,304305
7290112499677,false,מגנום וניל בציפוי שוקולד לבן,"מיוצר ע""\י גלידת שטראוס",IL,מגנום שלגון שוקולד לבן 85 גרם,גרמים,85.00,100 גרם,false,1,13.50,0.1588,true,1,303670
7290112499738,false,קרחון שרבט פרווה בטעם מלון 90 גרם,"מיוצר ע""\י גלידת שטראוס",IL,מקס שלגון מלון 90 גרם,גרמים,90.00,100 גרם,false,1,8.90,0.0989,true,1,303733
7290112499776,false,גלידת שמנת מופחתת שומן וקלוריות בטעם שוקולד לבן 240 גרם,"גלידת שטראוס בע""\מ, רח'\",IL,GOODIZ חבילות בית 350 ML,גרמים,297.00,100 גרם,false,1,27.90,0.0939,true,1,304299
7290112499837,false,מגנום דואט שוקו לד עם נוגט שטראוס,"מיוצר ע""\י גלידת שטראוס",IL,מגנום שלגון מגנום דואט שוקולד עם נוגט 90 גרם,גרמים,90.00,100 גרם,false,1,13.50,0.1500,true,1,303671
7290112499844,false,מאגדת מיני מגנום דואט שוקולד עם נוגט שטראוס 310 גרם,"מיוצר ע""\י גלידת שטראוס",IL,מגנום מאגדת מיני מגנום דואט שוקולד נוגט 5 יחידות,גרמים,310.00,100 גרם,false,1,30.90,0.0997,true,1,303669
7290112499851,false,גלידת שמנת בטעם וניל עם פירורי עוגיות 57 גרם,"גלידת שטראוס בע""\מ, רח'",IL,Magnum יחידתיות 80 ML,גרמים,58.00,100 גרם,false,1,12.50,0.2155,true,1,304825
7290112499868,false,מאגדת מיני מגנום טבעוני פרווה 250 גרם,"גלידת שטראוס בע""\מ, רח'\",IL,Magnum מאגדות 350 ML,גרמים,250.00,100 גרם,false,1,27.90,0.1116,true,1,304298
7290112499929,false,מגנום שוקולד אימפלס פסח 120מל,"מיוצר ע""\י גלידת שטראוס",IL,מגנום שלגון מגנום שוקולד 85 גרם,גרמים,85.00,100 גרם,false,1,13.50,0.1588,true,1,303672
7290112499936,false,מגנום שקדים אימפלס פסח 125מל,"מיוצר ע""\י גלידת שטראוס",IL,מגנום שלגון מגנום שקדים 85 גרם,גרמים,85.00,100 גרם,false,1,13.50,0.1588,true,1,303673
7290112499943,false,מיני מאגדת מיני מגנום טעמים שונים וניל+שוקו,"מיוצר ע""\י גלידת שטראוס",IL,מגנום מאגדת מיני מגנום קלאסיק שוקולד 5 יחידות,גרמים,250.00,100 גרם,false,1,30.90,0.1236,true,1,303668
7290112960856,false,טילון אקסטרים115-120 גרם מטבע שוקולד בטעם לוז נוגט נסטלה 115 גרם,נגה גלידות שותפות מוגבלת,IL,נסטל.אקסטרים ליבת ריבת חלב ומטבע 18*115ג,גרמים,128.00,100 גרם,false,1,12.50,0.0977,true,1,300914
7290112961372,false,פיטנס חטיפי פריכיות דקות קינמון 60 גרם,קבוצת אוסם סחר שותפות מוגבלת,IL,פיטנס חטיפי פריכיות דקות קינמון12*60ג,גרמים,60.00,100 גרם,false,1,9.50,0.1583,true,1,300422
7290112961464,false,פיטנס חטיפי פריכיות דגנים וחומוס מתובלות,קבוצת אוסם סחר שותפות מוגבלת,IL,פיטנס חטיפי פריכיות דקות מתובלות 12*60ג,גרמים,60.00,100 גרם,false,1,9.50,0.1583,true,1,300421
7290112962003,false,שלגון קראנץ וניל עוגיות עם שוקולד נסטלה 90 גרם,נגה גלידות שותפות מוגבלת,IL,קראנץ וניל עוגיות 28*90גרם,לא מנהל יחידת מידה,0.00,לא מנהל יחידת מידה,false,1,12.50,0.0000,true,1,300515
7290112963918,false,פיטנס חטיפי קרקר דק רוזמרין 140 גרם,קבוצת אוסם סחר שותפות מוגבלת,IL,פיטנס קרקר דק רוזמרין 12*140גרם,גרמים,140.00,100 גרם,false,1,13.90,0.0993,true,1,302204
7290112964410,false,אסם רוטב אלף האיים חדש לסלט 290 גרם,קבוצת אוסם סחר שותפות מוגבלת,IL,אסם רוטב אלף האיים חדש לסלט 9*290גרם,גרמים,290.00,100 גרם,false,1,13.90,0.0479,true,1,301959
7290112964724,false,המבורגר צמחוני עם המון חלבון 580 גר,קבוצת אוסם סחר שותפות מוגבלת,IL,טבעול המבורגר טבעוני 6*580גרם,גרמים,580.00,100 גרם,false,1,36.90,0.0636,true,1,302207
7290112965745,false,אוסם - ביסלי פריסטייל בצל מעושן 60 גרם,קבוצת אוסם סחר שותפות מוגבלת,IL,ביסלי פריסטייל בצל מעושן 60 גרם,גרמים,60.00,100 גרם,false,1,6.90,0.1150,true,1,308155
7290112967114,false,פיטנס חטיפי פריכיות קטניות ופלפל 60 גרם,קבוצת אוסם סחר שותפות מוגבלת,IL,פיטנס חטיפי פריכיות קטניות ופלפל 60 גר,גרמים,60.00,100 גרם,false,1,9.50,0.1583,true,1,304973
7290112967381,false,פיטנס חטיפי פריכיות קטניות ומלח ים 60 גרם,קבוצת אוסם סחר שותפות מוגבלת,IL,פיטנס חטיפי פריכיות קטניות ומלח ים 60 ג,גרמים,60.00,100 גרם,false,1,9.50,0.1583,true,1,304972
7290113192171,false,מיקס אגוזים שקדים וחמוציו 150ג דין שיו,דין שיווק וקליה 2021 בעמ,IL,מיקס אגוזים שקדים וחמוציות 150 גרם,גרמים,150.00,100 גרם,false,1,17.90,0.1193,true,1,308769
7290113192355,true,חרוזית ירוק בית השיט,בית-השיטה עסיס תעשיו,IL,חרוזית ירוק בית השיטה 275גר,גרמים,275.00,100 גרם,false,1,12.90,0.0469,true,1,303501
7290113192362,true,טבעות זיתים ירק בית,בית-השיטה עסיס תעשיו,IL,טבעות זיתים ירק בית השיטה 280גר,גרמים,280.00,100 גרם,false,1,11.90,0.0425,true,1,303502
7290113192386,true,זית סורי מבוקע בית,בית-השיטה עסיס תעשיו,IL,זית סורי מבוקע בית השיטה 340גר,גרמים,340.00,100 גרם,false,1,12.90,0.0379,true,1,303504
7290113192393,true,קוקטייל זיתים בית ה,בית-השיטה עסיס תעשיו,IL,קוקטייל זיתים בית השיטה 336גר,גרמים,336.00,100 גרם,false,1,13.90,0.0414,true,1,303505
7290113192478,true,מלפפונים במלח 10-12,בית-השיטה עסיס תעשיו,IL,מלפפונים במלח 10-12 בית השיטה 320גר,גרמים,320.00,100 גרם,false,1,9.90,0.0309,true,1,303513
7290113192485,true,מלפפונים בחומץ 10-12,בית-השיטה עסיס תעשיו,IL,מלפפונים בחומץ 10-12בית השיטה 290גר,גרמים,290.00,100 גרם,false,1,9.90,0.0341,true,1,303514
7290113192492,true,מלפפונים בחומץ 17-13,בית-השיטה עסיס תעשיו,IL,מלפפונים בחומץ 17-13בית השיטה 290גר,גרמים,290.00,100 גרם,false,1,12.90,0.0445,true,1,303515
7290113192508,true,מלפפונים במלח 17-13ב,בית-השיטה עסיס תעשיו,IL,מלפפונים במלח 17-13בית השיטה 320גר,גרמים,320.00,100 גרם,false,1,12.90,0.0403,true,1,303516
7290113192515,true,מלפפונים במלח 18 -25,בית-השיטה עסיס תעשיו,IL,מלפפונים במלח 18 -25בית השיטה 320גר,גרמים,0.00,100 גרם,false,1,13.90,0.0000,true,1,303517
7290113192539,true,מלפפונים במלח 7-9 ב,בית-השיטה עסיס תעשיו,IL,מלפפונים במלח 7-9 בית השיטה 320גר,גרמים,320.00,100 גרם,false,1,7.90,0.0247,true,1,303519
7290113192577,true,כרוב כבוש בית השיטה,שוורצקוף& הנקל דיסלד,IL,כרוב כבוש בית השיטה 430גר,גרמים,430.00,100 גרם,false,1,9.90,0.0230,true,1,303523
7290113198029,false,פקאן מצופה חלבה 150 גרם,דין שיווק וקליה 2021 בעמ,IL,פקאן מצופה חלבה 150גרם,גרמים,150.00,100 גרם,false,1,17.90,0.1193,true,1,308745
7290113198074,false,פקאן מצופה בשוקולד שיש 150 גרם,דין שיווק וקליה 2021 בעמ,IL,פקאן מצופה שוקולד שיש 150גרם,גרמים,150.00,100 גרם,false,1,17.90,0.1193,true,1,308748
7290113198241,false,קשיו ענק קלוי בצנצנת,דין שיווק,IL,קשיו ענק קלוי בצנצנת 200 גרם,גרמים,200.00,100 גרם,false,1,21.90,0.1095,true,1,311036
7290113198258,false,פיסטוק ענק קלוי בצנצ,דין שיווק,IL,פיסטוק ענק קלוי בצנצנת 170 גרם,גרמים,170.00,100 גרם,false,1,21.90,0.1288,true,1,311037
7290113198265,false,שקד ענק קלוי בצנצנת,דין שיווק,IL,שקד ענק קלוי בצנצנת 200 גרם,גרמים,200.00,100 גרם,false,1,21.90,0.1095,true,1,311038
7290113198272,false,תערובת פיצוחים פרימי,דין שיווק,IL,תערובת פיצוחים פרימיום בצנצנת 200 גרם,גרמים,200.00,100 גרם,false,1,21.90,0.1095,true,1,311039
7290113198289,false,בוטנים קלויים בצנצנת,דין שיווק,IL,בוטנים קלויים בצנצנת 220 גרם,גרמים,220.00,100 גרם,false,1,17.90,0.0814,true,1,311040
7290113302259,false,חטיף בונזו נאגטס בקר ודג 80 גר,שחורי אריה ואנסטסיה,CN,חטיף בונזו נאגטס בקר ודג 80 גר,גרמים,80.00,100 גרם,false,1,12.90,0.1613,true,1,311407
7290113303607,false,חטיף בונזו חטיפי עוף 80 גר,שחורי אריה ואנסטסיה,CN,חטיף בונזו חטיפי עוף 80 גר,גרמים,80.00,100 גרם,false,1,12.90,0.1613,true,1,311423
7290113311565,true,בלון בועה קוטר 24 עם,,,בלון בועה קוטר 24 עם מילוי,לא מנהל יחידת מידה,0.00,לא מנהל יחידת מידה,false,1,25.90,0.0000,true,1,300317
7290113452848,false,קטי גומי אבטיח 200 ג,טופגם,IL,קטי גומי אבטיח 200 גרם,גרמים,200.00,100 גרם,false,1,14.90,0.0745,true,1,310678
7290113452916,false,סוכריות גומי קולה קט,טופגם,IL,סוכריות גומי קולה קטן ארוז 200 גרם,גרמים,200.00,100 גרם,false,1,14.90,0.0745,true,1,309184
7290113452923,false,סוכריות גומי לב אפרס,טופגם,IL,סוכריות גומי לב אפרסק ארוז 200 גרם,גרמים,200.00,100 גרם,false,1,14.90,0.0745,true,1,309207
7290113452930,false,סוכריות גומי דובי מו,טופגם,IL,סוכריות גומי דובי מוברק ארוז 200 גרם,גרמים,200.00,100 גרם,false,1,14.90,0.0745,true,1,309187
7290113452985,false,קטי תות ממולא 150 גר,טופגם,IL,קטי תות ממולא 150 גרם,גרמים,150.00,100 גרם,false,1,14.90,0.0993,true,1,310679
7290113453050,false,סוכריות גומי תות קטן,טופגם,IL,סוכריות גומי תות קטן מסוכר 200 גרם,גרמים,200.00,100 גרם,false,1,14.90,0.0745,true,1,309209
7290114720878,false,פוג'יקום מארז זוג נורות 75W אור לבן,פוגיקום בעמ,,75w מארז זוג נורות לבן,יחידה,1.00,יחידה,false,1,29.90,29.9000,true,1,307758
7290114720885,false,פוג'יקום זוג נורות 75W אור צהוב,פוגיקום בעמ,,75w מארז זוג נורות צהוב,יחידה,1.00,יחידה,false,1,29.90,29.9000,true,1,307760
7290115073676,false,מסכות כירורגיות צבעוני מארז 50 יח(ש),שמחה זה אנחנו בע`מ,CN,מסכות מנתח שחורות 50 יח שמחה זה אנחנו,יחידה,1.00,יחידה,false,1,9.90,9.9000,true,1,305224
7290115180251,false,יחידות טבק לחימום אמבר PP קרטוש,פיליפ מוריס,,יחידות טבק לחימום אמבר PP חפיסה,יחידה,1.00,יחידה,false,1,27.90,27.9000,false,1,306652
7290115180268,false,יחידות טבק לחימום צהוב PP,פיליפ מוריס בעמ,IL,יחידות טבק לחימום צהוב PP בודד,יחידה,1.00,יחידה,false,1,27.90,27.9000,true,1,306233
7290115180275,false,יחידות טבק לחימום טורקיז PP,פיליפ מוריס בעמ,IL,יחידות טבק לחימום טורקיז PP בודד,יחידה,1.00,יחידה,false,1,27.90,27.9000,true,1,306236
7290115180282,false,יחידות טבק לחימום ברונז PP,פיליפ מוריס,IL,יחידות טבק לחימום ברונז PP בודד,יחידה,1.00,יחידה,false,1,27.90,27.9000,true,1,306237
7290115190014,false,סיגריות מרלבורו רד קצר בוקס,פיליפ מוריס בעמ,,סיגריות PPמרלבורו רד חפיסה,יחידה,1.00,יחידה,false,1,36.70,36.7000,false,1,305888
7290115190038,false,סיגריות מרלבורו רד קצר סופט,פיליפ מוריס בעמ,,סיגריות PPמרלבורו רד סופט חפיסה,יחידה,1.00,יחידה,false,1,34.50,34.5000,false,1,305874
7290115190052,false,סיגריות מרלבורו מדיום פלייבור מיקס,פיליפ מוריס בעמ,,סיגריות מרלבורו פלייבור מיקסPP חפיסה בוד,יחידה,1.00,יחידה,false,1,36.70,36.7000,false,1,305640
7290115190076,false,סיגריות מרלבורו גולד ארוך 100 בוקס,פיליפ מוריס בעמ,,סיגריות מרלבורו גולד 100בודד,יחידה,1.00,יחידה,false,1,36.70,36.7000,false,1,306246
7290115190090,false,סיגריות מרלבורו קצר בוקס בודד,פיליפ מוריס בעמ,,סיגריות מרלבורו גולדPP חפיסה,יחידה,1.00,יחידה,false,1,36.70,36.7000,false,1,305860
7290115190137,false,סיגריות מרלבורו טאצ סילבר יחידה,פיליפ מוריס בעמ,,סיגריות מרלבורו פיין טאץPP חפיסה,יחידה,1.00,יחידה,false,1,32.90,32.9000,false,1,305884
7290115190151,false,סיגריות מרלבורו טאצ גולד,פיליפ מוריס בעמ,,סיגריות מרלבורו טאץPP חפיסה,יחידה,1.00,יחידה,false,1,32.90,32.9000,false,1,305876
7290115190175,false,פרלמנט סופר סלימס קופסא,פיליפ מוריס בעמ,,סיגריות פרלמנט סופר סלימסPP חפיסה בודד,יחידה,1.00,יחידה,false,1,41.70,41.7000,false,1,305636
7290115190199,false,פרלמנט נייט ארוך חפיסה) (20,פיליפ מוריס בעמ,,פרלמנט נייט 100PP חפיסה,יחידה,1.00,יחידה,false,1,41.70,41.7000,false,1,307813
7290115190212,false,סיגריות פרלמנט בלו 100 BR בודד,פיליפ מוריס בעמ,,סיגריות פרלמנט בלו 100PPחפיסה,יחידה,1.00,יחידה,false,1,41.70,41.7000,false,1,305866
7290115190236,false,סיגריות פרלמנט קצר בלו בודד,פיליפ מוריס בעמ,,סיגריות פרלמנט בלוPP חפיסה,יחידה,1.00,יחידה,false,1,41.70,41.7000,false,1,305862
7290115190250,false,סיגריות פרלמנט קצר בודד,פיליפ מוריס בעמ,,סיגריות פרלמנט נייטPP חפיסה בודד,יחידה,1.00,יחידה,false,1,41.70,41.7000,false,1,305642
7290115190335,false,ל.מ.בלו לייבל ארוך בוקס חפיסה,פיליפ מוריס בעמ,,ל.מ בלו 100PP חפיסה,יחידה,1.00,יחידה,false,1,32.20,32.2000,false,1,307910
7290115190359,false,אל.אמ בלו לייבל קצר חפיסה) (20,פיליפ מוריס בעמ,,סיגריות ל.מ בלוPP חפיסה בודד,יחידה,1.00,יחידה,false,1,32.20,32.2000,false,1,305638
7290115190373,false,סיגריות ל.מ. קפסולהP,פיליפ מוריס בעמ,,סיגריות ל.מ. קפסולהPP חפיסה,יחידה,1.00,יחידה,false,1,32.20,32.2000,false,1,305880
7290115190397,false,סיגריות L.M קצר רד לייבל בודד,פיליפ מוריס בעמ,,ל.מ רדPP חפיסה בודד סיגריות,יחידה,1.00,יחידה,false,1,32.20,32.2000,false,1,305633
7290115190434,false,סיגריות L.M וייב סלימס בודד,פיליפ מוריס בעמ,IL,סיגריות ל.מ וייבPP חפיסה בודד,יחידה,1.00,יחידה,false,1,32.20,32.2000,false,1,305644
7290115190458,false,סיגריות נקסט פיין אדג' בודד,פיליפ מוריס בעמ,,סיגריות נקסט אדג בודד,יחידה,1.00,יחידה,false,1,25.00,25.0000,false,1,306213
7290115190472,false,סיגריות נקסט אדג' בודד,פיליפ מוריס בעמ,,סיגריות נקסט פיין אדגPP חפיסה,יחידה,1.00,יחידה,false,1,25.00,25.0000,false,1,306585
7290115190496,false,סיגריות נקסט ארוך בודד,פיליפ מוריס בעמ,IL,סיגריות נקסט פיין 100PP חפיסה,יחידה,1.00,יחידה,false,1,31.20,31.2000,false,1,307134
7290115190519,false,סיגריות נקסט פיין חפ,פיליפ מוריס בעמ,,סיגריות נקסט פיין חפיסה,יחידה,1.00,יחידה,false,1,31.20,31.2000,false,1,305870
7290115190533,false,סיגריות נקסט ריסס 100 בודד,פיליפ מוריס בעמ,,סיגריות נקסט ריסס 100בודד,יחידה,1.00,יחידה,false,1,26.00,26.0000,false,1,306243
7290115190557,false,חפיסת סיגריות ריסס פילטר נקסט) (20,פיליפ מוריס בעמ,,סיגריות נקסט ריסס קצרPP חפיסה,יחידה,1.00,יחידה,false,1,26.00,26.0000,false,1,305872
7290115190571,false,סיגריות נקסט לילך בודד,פיליפ מוריס בעמ,,סיגריות נקסט לילךPP חפיסה בודד,יחידה,1.00,יחידה,false,1,31.20,31.2000,false,1,305635
7290115190595,false,סיגריות נקסט אוריגינ,פיליפ מוריס בעמ,,סיגריות נקסט אוריגינלPP חפיסה,יחידה,1.00,יחידה,false,1,31.20,31.2000,false,1,305858
7290115190618,false,מרלבורו רד-טבק לגלגול סיגריות בודד,פיליפ מוריס בעמ,,טבק מרלבורו רדPP חפיסה,יחידה,1.00,יחידה,false,1,82.40,82.4000,true,1,306647
7290115190632,false,מרלבורו גולד-טבק לגלגול סיגריות בודד,פיליפ מוריס בעמ,,טבק מרלבורו גולד חפיסה 30 גרם,גרמים,30.00,100 גרם,false,1,82.40,2.7467,false,1,306587
7290115190656,false,נקסט טבק פיין סיגריות חפיסה.,פיליפ מוריס בעמ,,טבק נקסט פייןPP חפיסה,יחידה,1.00,יחידה,false,1,87.30,87.3000,true,1,306381
7290115190670,false,טבק נקסט אוריג'ינל 40 גרם חפיסה,פיליפ מוריס בעמ,,טבק נקסט אוריגינל בודד,יחידה,1.00,יחידה,false,1,87.30,87.3000,true,1,306248
7290115190892,false,סיגריות מרלבורו פיוז'ן קפסולה בודד,פיליפ מוריס בעמ,IL,סיגריות מרלבורו פיוזן קפסולה בודד,יחידה,1.00,יחידה,false,1,27.00,27.0000,false,1,308220
7290115190915,false,טבק לגלגול נקסט לבן 50 גר`בודד,פיליפ מוריס בעמ,,טבק לגלגול נקסט לבן XL ל 50 גרם בודד,גרמים,50.00,100 גרם,false,1,102.30,2.0460,true,1,308065
7290115190939,false,אל.אם קפסולות קליק חפיסה,פיליפ מוריס בעמ,,סיגריות ל.מ קליק קפסולה בודד,יחידה,1.00,יחידה,false,1,25.00,25.0000,false,1,309199
7290115191035,false,מרלבורו סאמר ספלאש קופסא,פיליפ מוריס בעמ,RS,מרלבורו סאמר ספלאש חפיסה בודד,יחידה,1.00,יחידה,false,1,29.00,29.0000,false,1,310407
7290115191073,false,נקסט ריץ' ריסס חפיסה,פיליפ מוריס בעמ,RS,נקסט ריץ ריסס חפיסה,יחידה,1.00,יחידה,false,1,26.00,26.0000,true,1,311787
7290115201680,false,ביסלי חטיף בטעם ברביקין אסם (70 גרם),קבוצת אוסם סחר שותפות מוגבלת,IL,בסלי ברביקיו 70גרם,גרמים,70.00,100 גרם,false,1,6.90,0.0986,true,1,306172
7290115201703,false,ביסלי חטיף בטעם ברביקין אסם (200 גרם),קבוצת אוסם סחר שותפות מוגבלת,IL,בסלי ברביקיו 200גרם,גרמים,200.00,100 גרם,false,1,12.50,0.0625,true,1,306170
7290115201727,false,ביסלי חטיף בטעם בצל אסם (200 גרם),קבוצת אוסם סחר-שות.מוגבלת,IL,בסלי בצל 200גרם,גרמים,200.00,100 גרם,false,1,12.50,0.0625,true,1,306169
7290115205176,false,729001032825פיטנס חטיפי קרקר כפרי 140גר.,קבוצת אוסם סחר שותפות מוגבלת,IL,פיטנס קרקר דק כפרי 150 גרם,גרמים,150.00,100 גרם,false,1,13.90,0.0927,true,1,309594
7290115205312,false,קרקר פיטנס דק עם זיתי קלמטה ועשבי תיבול,קבוצת אוסם סחר שותפות מוגבלת,IL,קרקר דק פיטנס זיתים 140 גרם,גרמים,140.00,100 גרם,false,1,13.90,0.0993,true,1,310259
7290115205527,false,חטיף מולטיגריין עם עדשים ( 25 גר`) פיטנס,קבוצת אוסם סחר שותפות מוגבלת,IL,פיטנס חטיף מולטגריין עם עדשים 25 גרם,גרמים,25.00,100 גרם,false,1,6.50,0.2600,true,1,310557
7290115206852,false,ביסלי חטיף בטעם צ`יזי סטיקס 70 גר`,קבוצת אוסם סחר-שות.מוגבלת,IL,ביסלי ציזי סטיקס חדש 70גרם,גרמים,70.00,100 גרם,false,1,6.90,0.0986,true,1,310866
7290115206890,false,ביסלי חטיף בטעם המבורגר אסם (70 גרם),קבוצת אוסם סחר-שות.מוגבלת,IL,ביסלי המבורגר חדש 70גרם,גרמים,70.00,100 גרם,false,1,6.90,0.0986,true,1,310867
7290115208009,false,ויטמינצ'יק ענבים סירופ 1 ליטר,קבוצת אוסם סחר שותפות מוגבלת,IL,סירופ ויטמינציק ענבים 1 ליטר,ליטרים,1.00,ליטר,false,1,23.90,23.9000,true,1,309663
7290115208047,false,סירופ פטל ויטמינצ`יק (1 ליטר),קבוצת אוסם סחר שותפות מוגבלת,IL,סירופ ויטמינציק פטל 1 ליטר,ליטרים,1.00,ליטר,false,1,23.90,23.9000,true,1,309662
7290115208320,false,אפרופו חטיף בטעם ביסלי בצל 50 גרם,קבוצת אוסם סחר שותפות מוגבלת,IL,אפרופו בטעם ביסלי בצל 50גרם,גרמים,50.00,100 גרם,false,1,7.90,0.1580,true,1,311746
7290115209358,false,במבה במילוי בראוניז אסם (60 גרם),קבוצת אוסם סחר שותפות מוגבלת,IL,במבה במילוי בראוניז 60גרם,גרמים,60.00,100 גרם,false,1,7.90,0.1317,true,1,311743
7290115209372,false,במבה במילוי בראוניז 150 גרם אוסם,קבוצת אוסם סחר שותפות מוגבלת,IL,במבה במילוי בראוניז 150גרם,גרמים,150.00,100 גרם,false,1,13.90,0.0927,true,1,311744
7290115405057,false,פס מוס גבינה אוכמניות 300 גרם קפולסקי,קפולסקי אדל בעמ,IL,פס מוס גבינה אוכמניות 300גרם,גרמים,300.00,100 גרם,false,1,24.90,0.0830,true,1,308383
7290115405781,false,פחזניות ממולאות בטעם שוקולד קפולסקי 180 גרם,תופינים מקבוצת קפולס,IL,פחזניות ממולאות בטעם שוקולד 180 גרם,גרמים,180.00,100 גרם,false,1,16.90,0.0939,true,1,310584
7290115671223,false,מסטיק מאסט פאן אבטיח מנגו צנצנת 58 גרם,שטראוס גרופ בע`מ,DE,מאסט פאן אבטיח מנגו 58 גרם,גרמים,58.00,100 גרם,false,1,11.90,0.2052,true,1,309713
7290115671308,false,מסטיק מאסט פאן בצנצנת תות דובדבן,"שטראוס גרופ בע""מ",DE,מאסט פאן תות דובדבן 58 גרם,גרמים,58.00,100 גרם,false,1,11.90,0.2052,true,1,309714
7290115671339,false,מיני פינוקיות בראוניז בייגל בוטן עלית 180 ג' עלית,"הגביע מוצרי ופלים בע""\מ",IL,מיני פינוקיות בראוניז בייגל בוטן 180 ג',גרמים,180.00,100 גרם,false,1,14.90,0.0828,true,1,308634
7290115674712,false,BREADZ קרקר סריראצה 170 גרם,"שטראוס פריטו ליי בע""מ",US,BREADZ קרקר סריראצה 170 ג 12 יח,גרמים,170.00,100 גרם,false,1,16.90,0.0994,true,1,309881
7290115674774,false,BREADZ קרקר קינואה צ'יה 170 גרם,שטראוס פריטו ליי בעמ,US,BREADZ קרקר קינואה צ'יה 170 ג 12 יח,גרמים,170.00,100 גרם,false,1,16.90,0.0994,true,1,309880
7290115675580,false,קוואקר חטיף בוטנים עם שיבולת שועל 50 גרם,"שטראוס פריטו ליי בע""\מ )",IL,חטיף קוואקר ובוטנים 50 ג 48 יח,גרמים,50.00,100 גרם,false,1,4.90,0.0980,true,1,309203
7290115676082,false,משקה דנונה פרו 20 יוגורט תות 255 ג' רבנות,שטראוס גרופ בעמ/מצונן,IL,משקה דנונה פרו 20 תות,מיליליטרים,255.00,"100 מ""ל",false,1,7.90,0.0310,true,1,308084
7290115676099,false,משקה דנונה פרו 20 יוגורט וניל 255 ג' רבנות,שטראוס גרופ בעמ/מצונן,IL,משקה דנונה פרו 20 וניל,מיליליטרים,255.00,"100 מ""ל",false,1,7.90,0.0310,true,1,308083
7290115677140,false,תפוצ'יפס בטעם פפריקה 200 גרם היתר מכירה,"שטראוס פריטו ליי בע""מ",IL,תפוציפס פפריקה 200 גרם wavy,גרמים,200.00,100 גרם,false,1,15.50,0.0775,true,1,311738
7290115677362,false,"נודלס טריאקי ""דלישס"" שטראוס",קפוא-זן תעשיות מזון בעמ - תפוג,IL,דלישס נודלס טריאקי,גרמים,350.00,100 גרם,false,1,26.90,0.0769,true,1,308958
7290115677423,false,אורז ירוק קארי חריף חריף דלישס 350 גרם,קפוא-זן תעשיות מזון בעמ - תפוג,IL,דלישס אורז קארי ירוק חריף,גרמים,350.00,100 גרם,false,1,26.90,0.0769,true,1,308960
7290115677959,false,ממרח אבוקדו גוואקמולי 220 ג' אחלה,"שטראוס גרופ ***בע""מ",IL,גוואקמולי אחלה 220 גרם,גרמים,220.00,100 גרם,false,1,18.90,0.0859,true,1,309286
7290116530482,false,תלמה מארז קורנפלקס אלופים 30 גרם*5 יחידו,יוניליוור ישראל שיווק בע`מ,IL,תלמה מארז קורנפלקס של אלופים 5*30 גרם,גרמים,150.00,100 גרם,false,1,12.90,0.0860,true,1,309003
7290116531885,false,"מיונז הלמנס טיבעוני בד""ץ 500 גר",יוניליוור ישראל שיווק בע`מ,IL,הלמנס ממרח טבעוני ויגן 500 גרם,גרמים,500.00,100 גרם,false,1,15.90,0.0318,true,1,310954
7290116531939,false,גלידה בשומן צמחי בטעם תות שדה בציפוי מכיל שוקולד,"גלידת שטראוס בע""\מ, רח'",IL,קרמיסימו גלידונית גלידה בטעם תות שדה 60 יחידות,גרמים,638.00,100 גרם,false,1,57.90,0.0908,true,1,310169
7290116532011,false,קליק אוקיי נוגט בציפוי שוקולד חלב 35 גרם,יוניליוור ישראל שיווק בע`מ,IL,קליק חטיף נוגט 35 גרם,גרמים,35.00,100 גרם,false,1,7.50,0.2143,true,1,309877
7290116532035,false,קליק קורנפלקס חום לבן כשר לפסח 65 גרם,יוניליוור ישראל שיווק בעמ,IL,קליק קליק קורנפלקס חום לבן כשר לפסח 65 גרם,גרמים,65.00,100 גרם,false,1,9.00,0.1385,true,1,309697
7290116532264,false,גודיז פרי אפרסק – שלגון מופחת קלוריות עם יוגורט בציפוי בטעם אפרסק,"גלידת שטראוס בע""\מ, רחוב",IL,גודיז פרי אפרסק 300 גרם,גרמים,300.00,100 גרם,false,1,27.90,0.0930,true,1,310175
7290116532462,false,גלידת שמנת קליק בטעמי שוקולד בננה 384 ג' שטראוס,"גלידת שטראוס בע""\מ, רחוב",IL,פיינט קליק שוקולד בננה,מיליליטרים,520.00,"100 מ""ל",false,1,29.90,0.0575,true,1,310380
7290116532479,false,קליק גלידת שמנת בטעמי שוקולד לבן עוגיות 384 ג' שטראוס,"גלידת שטראוס בע""\מ, רחוב",IL,"פיינט קליק שוקולד לבן קרם עוגיות 520 מ""ל",מיליליטרים,520.00,"100 מ""ל",false,1,29.90,0.0575,true,1,310379
7290116532486,false,גלידת שמנת קליק בטעמי וניל קרמל מלוח 384 ג' שטראוס,"גלידת שטראוס בע""\מ, רחוב",IL,פיינט קליק וניל קרמל מלוח,מיליליטרים,520.00,"100 מ""ל",false,1,29.90,0.0575,true,1,310381
7290116930015,false,GO חטיף חלבון חטיף בוטנים קריספי 20 גרם חלבון,"בלמונט קונפקציות בע""\מ.",IL,GO חטיף חלבון קרמל מלוח חמאת בוטנים 60ג,גרמים,60.00,100 גרם,false,1,14.90,0.2483,true,1,310440
7290116930022,false,GO חטיף חלבון עוגיות ציפוי קריספי 20 גרם חלבון,"בלמונט קונפקציות בע""\מ.",IL,GO חטיף חלבון בטעם קרם עוגיות 60גרם,גרמים,60.00,100 גרם,false,1,14.90,0.2483,true,1,310441
7290116930282,false,ארוחה בקטנה לאבנה עם קרקרים 150ג' תנובה,"תנובה בע""מ ***",IL,ארוחה בקטנה לאבנה עם קרקרים 150 גרם,גרמים,150.00,100 גרם,false,1,7.90,0.0527,true,1,311646
7290116930435,false,יופלה גו במרקם סמיך עם דובדבן 0% 200מל,תנובה מרכז שיתופי לש,IL,יוגורט גו סמיך 0% דובדבן,גרמים,150.00,100 גרם,false,1,6.90,0.0460,true,1,310277
7290116930442,false,"משקה SHAKE בננה מנגו תפוז גזר וצ'יה 230 מ""ל יופלה",תנובה - חלב,IL,SHAKE יופלה בננה מנגו תפוז גזר וציה 230,מיליליטרים,230.00,"100 מ""ל",false,1,9.90,0.0430,true,1,310595
7290116930466,false,"משקה SHAKE בננה מנגן פסיפלורה והל 230 מ""ל יופלה",קבוצת המזון אקטשלאר,IL,SHAKE יופלה מנגו בננה פסיפלורה והל 230 מ,מיליליטרים,230.00,"100 מ""ל",false,1,9.90,0.0430,true,1,310597
7290116930480,false,"משקה SHAKE בננה קיווי תפוח 230 מ""ל יופלה",קבוצת המזון אקטשלאר,IL,SHAKE יופלה בננה קיווי תפוח 230 מל,מיליליטרים,230.00,"100 מ""ל",false,1,9.90,0.0430,true,1,310596
7290116930558,false,"משקה תה קר עם חלב בטעם צ'אי קרמל 230 מ""ל תנובה",תנובה - חלב,IL,משקה תה קר עם חלב בטעם צאי קרמל 230מל,מיליליטרים,230.00,"100 מ""ל",false,1,8.90,0.0387,true,1,310600
7290116930565,false,"משקה תה קר עם חלב בטעם צ'אי מסאלה 230 מ""ל תנובה",תנובה - חלב,IL,משקה תה קר עם חלב בטעם צאי מסאלה 230מל,מיליליטרים,230.00,"100 מ""ל",false,1,8.90,0.0387,true,1,310601
7290116930626,false,ארוחה בקטנה ציזיקי עם קרקרים 150ג' תנובה,"תנובה בע""מ ***",IL,ארוחה בקטנה ציזיקי עם קרקרים 150 גרם,גרמים,150.00,100 גרם,false,1,7.90,0.0527,true,1,310930
7290116930657,false,"משקה חלב גו בטעם בננה תמר בתוספת שיבולת שועל במרקם חלק 340 מ""ל",תנובה מרכז שיתופי לש,IL,"GO משקה בננה תמר שיבולת שועל 340 מ""ל",מיליליטרים,340.00,"100 מ""ל",false,1,9.90,0.0291,true,1,311766
7290116930701,false,מעדן חלב GO מועשר בחלבון בטעם קרמל מלוח,תנובה מרכז שיתופי לש,IL,GOמעדן חלב בטעם קרמל מלוח 120גרם,גרמים,120.00,100 גרם,false,1,5.20,0.0433,true,1,310599
7290116931104,false,יופלה GO במרקם סמיך עם אננס 0% תנובה 200 גרם,תנובה בעמ ***,IL,יופלה גו במרקם סמיך עם אננס 0% 200גרם,גרמים,200.00,100 גרם,false,1,6.50,0.0325,true,1,310928
7290117380178,false,סוויט פוף חטיף מצופה שוקולד חלב,"טחנת האבן תעשיות בע""",IL,סוויט פוף שוקולד חלב 50 גרם,גרמים,50.00,100 גרם,false,1,6.90,0.1380,true,1,311788
7290117380185,false,סוויט פוף חטיף מצופה שוקולד חלב ולבן,"טחנת האבן תעשיות בע""",IL,סוויט פוף שוקולד חלב ולבן 50 גרם,גרמים,50.00,100 גרם,false,1,6.90,0.1380,true,1,311789
7290117821398,false,ביצת הפתעה פלסטיק עם סוכריות קשות 10 גרם כבאית,PAZARLAMA GIDA GLOBAL,IL,ביצת הפתעה פלסטיק עם סוכריות קשות 10ג S כבאית,גרמים,10.00,100 גרם,false,1,6.90,0.6900,true,1,310858
7290117821442,false,ביצת הפתעה עם סוכריות קשות 20 גר`כדורגל,שמחה זה אנחנו בעמ,IL,ביצת הפתעה פלסטיק עם סוכריות קשות 20ג L כדורגל,גרמים,20.00,100 גרם,false,1,8.90,0.4450,true,1,310863
7290117821459,false,ביצת הפתעה עם סוכ.דינוזא,שמחה,IL,ביצת הפתעה פלסטיק עם סוכריות קשות 20ג L דינוזאור,גרמים,20.00,100 גרם,false,1,8.90,0.4450,true,1,310861
7290118420071,false,במבה ביסלי ברביקיו מיקס 80גר אסם{,קבוצת אוסם סחר שותפות מוגבלת,IL,במבה ביסלי ברביקיו מיקס 80גרם,גרמים,80.00,100 גרם,false,1,7.90,0.0988,true,1,311745
7296021121548,false,"תבנית פאי 2.5*26 ס""מ תחתית מתפרקת",נעמן,,תבנית פאי תחתית מתפרקת,יחידה,1.00,יחידה,false,1,24.90,24.9000,true,1,293318
7296021133541,false,מצקת נירוסטה ידית שח,KIS CHINA,CN,מצקת נירוסטה ידית שחורה נעמן בייסיק ידי,יחידה,1.00,יחידה,false,1,19.90,19.9000,true,1,290392
7296021133565,false,תרווד מחורץ ידית שחו,KIS CHINA,CN,תרווד מחורץ ידית שחורה נעמן בייסיק ידית,יחידה,1.00,יחידה,false,1,13.90,13.9000,true,1,291618
7296021273162,false,סט שישיית סכינים לחי,,,סט שישיית סכינים לחיתוך ירקות אדום,יחידה,1.00,יחידה,false,1,14.90,14.9000,true,1,309522
7296021273650,false,סט שישיית סכינים לחי,,,סט שישיית סכינים לחיתוך ירקות שחור,יחידה,1.00,יחידה,false,1,14.90,14.9000,true,1,309523
7296150000028,false,עלי גפן ממולאים באורז 425 גר,אקמאר,,עלי גפן ממולאים באורז 425 גרם,גרמים,425.00,100 גרם,false,1,10.90,0.0256,true,1,260860
7297488097995,false,גרנולה דבש ללא גלוטן 250 גרם דגש,תות תעשיות מזון (201,IL,בריאות וטבע גרנולה דבש 250 גרם,גרמים,250.00,100 גרם,false,1,15.50,0.0620,true,1,274351
7297488098015,false,גרנולה קרנץ' עם שוקולד צ'יפס מריר ללא גלוטן 250 גרם דגש,תות תעשיות מזון (201,IL,גרנולה קרנצי שוקו דגש 250 גרם,גרמים,250.00,100 גרם,false,1,15.50,0.0620,true,1,274353
7297488098152,false,קמח חומוס ללא גלוטן דגש 500 גרם,אף.סי תבליני בגליל ב,IL,דוכן גן שמואל קמח חומוס 500 גרם,גרמים,500.00,100 גרם,false,1,15.90,0.0318,true,1,272114
7297488098169,false,"קמח תירס ללא גלוטן דג""ש",תבליני העליון 2007 ב,IL,קמח תירס ללא גלוטן 500 גרם,גרמים,500.00,100 גרם,false,1,9.80,0.0196,true,1,271527
7297488098282,false,אבקת מרק בטעם עוף ללא גלוטן בריאות וטבע,אף.סי. תבליני הגליל,IL,בריאות וטבע אבקת מרק בטעם עוף 500 גרם,גרמים,500.00,100 גרם,false,1,19.90,0.0398,true,1,273980
7297488098299,false,קמח טפיוקה ללא גלוטן500ג,אף סי תבליני הגליל ב,IL,דוכן גן שמואל קמח טפיוקה 500 גרם,גרמים,500.00,100 גרם,false,1,6.90,0.0138,true,1,273981
7297488098305,false,"מרק דגש""קמח שקדים""250גרם","תבליני העליון בע""מ",IL,דוכן גן שמואל קמח שקדים 500 גרם,גרמים,250.00,100 גרם,false,1,27.50,0.1100,true,1,274139
7297488098688,true,פצפוצי אורז מלא ללא,תירפז בעמ,IL,פצפוצי אורז מלא ללא תוספת סוכר ומלח,גרמים,450.00,100 גרם,false,1,16.90,0.0376,true,1,297380
7297488099753,false,דגש -עוגיות בטעם שוקולד וקוקוס 250 גרם,תות תעשיות מזון (201,IL,עוגיות בטעם שוקולד וקוקוס 250 גרם,גרמים,250.00,100 גרם,false,1,27.90,0.1116,true,1,296147
7297488099760,true,עוגיות בטעם חלבה 250,תות תעשיות מזון (201,IL,בריאות וטבע עוגיות מובחרות עם חלווה 250 גרם,גרמים,250.00,100 גרם,false,1,27.90,0.1116,true,1,297381
7297488099777,true,עוגיות בטעם קאשיו 25,תות תעשיות מזון (201,IL,בריאות וטבע עוגיות מובחרות עם קשיו 250 גרם,גרמים,250.00,100 גרם,false,1,27.90,0.1116,true,1,297382
7297488099784,false,עוגיות בטעם קינמון 250 גרם,תות תעשיות מזון (201,IL,בריאות וטבע עוגיות מובחרות עם קינמון 250 גרם,גרמים,250.00,100 גרם,false,1,27.90,0.1116,true,1,296148
7297488099821,false,גרנולה ללא תוספת סוכר לנמנעים מגלוטן,תות תעשיות מזון (201,IL,בריאות וטבע גרנולה 250 גרם,גרמים,250.00,100 גרם,false,1,15.50,0.0620,true,1,296149
7297488199590,false,פצפוצי אורז לבן תפוח ללא גלוטן,דגש- דוכן גן שמואל,IL,פצפוצי אורז לבן תפוח,גרמים,450.00,100 גרם,false,1,23.90,0.0531,true,1,296144
7297488199606,false,פצפוצי אורז תפוח ללא תוספת סוכר ומלח ללא גלוטן,דגש- דוכן גן שמואל,IL,פצפוצי אורז לבן תפוח,גרמים,450.00,100 גרם,false,1,23.90,0.0531,true,1,296145
7297603010328,false,בקבוק אקרילי 500 מל,,,בקבוק אקרילי 500 מל,יחידה,1.00,יחידה,false,1,39.90,39.9000,true,1,311537
7297603011370,false,כף טיגון מחוררת עשוי,,,כף טיגון מחוררת עשוי,יחידה,1.00,יחידה,false,1,16.90,16.9000,true,1,311539
7297603011387,false,כף טיגון מחוררת אליפ,,,כף טיגון מחוררת אליפ,יחידה,1.00,יחידה,false,1,15.50,15.5000,true,1,311540
7297603011394,false,כף הגשה אליפסה עשויה,,,כף הגשה אליפסה עשויה,יחידה,1.00,יחידה,false,1,14.90,14.9000,true,1,311541
7297603011400,false,כף הגשה מרובעת עשויה,,,כף הגשה מרובעת עשויה,יחידה,1.00,יחידה,false,1,14.90,14.9000,true,1,311542
7297603013664,false,גלגלת לחיתוך פיצה מק,,,גלגלת לחיתוך פיצה מק,יחידה,1.00,יחידה,false,1,25.90,25.9000,true,1,311551
7297603014388,false,מלקחיים סיליקון 22 ס,,,מלקחיים סיליקון 22 ס,יחידה,1.00,יחידה,false,1,19.90,19.9000,true,1,308678
7297603015576,false,קרש חיתוך עץ אקשיה ע,,,קרש חיתוך עץ אקשיה ע,יחידה,1.00,יחידה,false,1,29.90,29.9000,true,1,309153
7297603015606,false,קרש חיתוך עץ אקשיה ע,,,קרש חיתוך עץ אקשיה ע,יחידה,1.00,יחידה,false,1,49.90,49.9000,true,1,309156
7297603015750,false,כף עץ במבוק 30 סמ,,,כף עץ במבוק 30 סמ,יחידה,1.00,יחידה,false,1,11.90,11.9000,true,1,309170
7297603015767,false,כף עץ מחוררת במבוק 3,,,כף עץ מחוררת במבוק 3,יחידה,1.00,יחידה,false,1,11.90,11.9000,true,1,309171
7297603015774,false,כף עץ מחוררת במבוק 3,,,כף עץ מחוררת במבוק 3,יחידה,1.00,יחידה,false,1,11.90,11.9000,true,1,309172
7297603015781,false,כף עץ במבוק 30 סמ,,,כף עץ במבוק 30 סמ,יחידה,1.00,יחידה,false,1,12.90,12.9000,true,1,309173
7297603015798,false,כף עץ לפסטה במבוק 30,,,כף עץ לפסטה במבוק 30,יחידה,1.00,יחידה,false,1,11.90,11.9000,true,1,309174
7297603015804,false,כף עץ מחוררת במבוק 3,,,כף עץ מחוררת במבוק 3,יחידה,1.00,יחידה,false,1,11.90,11.9000,true,1,309175
7297603016405,false,קרש אקשיה להגשה מחול,,,קרש אקשיה להגשה מחול,יחידה,1.00,יחידה,false,1,59.90,59.9000,true,1,310290
7297603017228,false,קנקן זכוכית מעוצב 15,,,קנקן זכוכית מעוצב 15,יחידה,1.00,יחידה,false,1,59.90,59.9000,true,1,311557
7297603017235,false,קנקן זכוכית מעוצב 18,,,קנקן זכוכית מעוצב 18,יחידה,1.00,יחידה,false,1,64.90,64.9000,true,1,311558
7297603017242,false,קנקן זכוכית מעוצב 15,,,קנקן זכוכית מעוצב 15,יחידה,1.00,יחידה,false,1,49.90,49.9000,true,1,311559
7297603017365,false,מאג סבתא רגע של קפה,,,מאג סבתא רגע של קפה,יחידה,1.00,יחידה,false,1,11.90,11.9000,true,1,309496
7297603017396,false,בול סבתא רגע של פינו,,,בול סבתא רגע של פינו,יחידה,1.00,יחידה,false,1,14.90,14.9000,true,1,309499
7297603028132,false,כפפה סילקון שחורה עמ,,,כפפה סילקון שחורה עמ,יחידה,1.00,יחידה,false,1,31.90,31.9000,true,1,311567
7297603030326,false,מאג סבתא רטרו שחור ל,,,מאג סבתא רטרו שחור ל,יחידה,1.00,יחידה,false,1,12.90,12.9000,true,1,311582
7297603030333,false,בול סבתא שחור לבן,,,בול סבתא שחור לבן,יחידה,1.00,יחידה,false,1,15.90,15.9000,true,1,311583
7297603030579,false,מלקחיים מנירוסטה איכ,,,מלקחיים מנירוסטה איכ,יחידה,1.00,יחידה,false,1,12.90,12.9000,true,1,311534
7297603034201,false,מאג פורצלן,,,מאג פורצלן,יחידה,1.00,יחידה,false,1,19.90,19.9000,true,1,311615
7298074500615,false,ערכה לבדיקת הריון בודד סנסו טסט,סנסו טסט Senso Test,,ערכה לבדיקת הריון בודד סנסו טסט,יחידה,1.00,יחידה,false,1,25.90,25.9000,true,1,302741
7298074501018,false,בליסטקס קלאסיק שפתון לשפתיים יבשות וסדוק,בליסטקס פריגו,US,שפתון בליסטקס קלאסיק,יחידה,1.00,יחידה,false,1,9.90,9.9000,true,1,307782
7298074501995,false,בליסטקס סטיק אולטרא SPF50,בליסטקס פריגו,,בליסטקס הגנה מוגברת spf50,יחידה,1.00,יחידה,false,1,9.90,9.9000,true,1,302944
7330578306048,false,ס.אלקטרונית סמארט תו,shenzhen shengsi,CN,ס.אלקטרונית סמארט תות אייס 1200 שאיפות,יחידה,1.00,יחידה,false,1,59.90,59.9000,false,1,309270
7441000720599,false,לבבות דקל LA CIMA פח 400 גרם,אינקופלמיטו,EC,שימורי לבבות דקל שלמים(פחית),גרמים,400.00,100 גרם,false,1,14.90,0.0373,true,1,293161
7465603183636,false,סיגר פרינסיפס נטורל,,DO,סיגר פרינסיפס נטורל בודד,יחידה,1.00,יחידה,false,1,12.90,12.9000,false,1,310641
7465603183797,false,סיגר פרינסיפס נטורל,,DO,סיגר פרינסיפס נטורל 5 יחידות,יחידה,5.00,יחידה,false,5,46.90,9.3800,false,1,310643
7500162900000,false,"בירה סול בקבוק 330 מ""ל",פארייפאבה אגרואינדוס,NL,"סול ח""פ 330 בקבוק בודד",מיליליטרים,330.00,"100 מ""ל",false,1,13.50,0.0409,true,1,304447
7501013101348,false,"ג'ומקס מנגו בקבוק 473 מ""ל תריסר",חומקס קומר קומרסאליזדורה,MX,"ג'ומקס מנגו בקבוק 473 מ""ל תריסר",מיליליטרים,473.00,"100 מ""ל",false,1,11.90,0.0252,true,1,302689
7501013101355,false,"נקטר בטעם אפרסק 500 מ""ל JUMEX",חומקס קומר קומרסאליזדורה,MX,"ג'ומקס אפרסק בקבוק 473 מ""ל תריסר",מיליליטרים,473.00,"100 מ""ל",false,1,11.90,0.0252,true,1,302688
7501013101362,false,"נקטר בטעם קוקוס ואננס 500 מ""ל JUMEX",חומקס קומר קומרסאליזדורה,MX,"ג'ומקס קוקוס אננס בקבוק 473 מ""ל תריסר",מיליליטרים,473.00,"100 מ""ל",false,1,11.90,0.0252,true,1,302690
7501013101393,false,"ג'ומקס אננס בקבוק 473 מ""ל תריסר",חומקס קומר קומרסאליזדורה,MX,"ג'ומקס אננס  בקבוק 473 מ""ל תריסר",מיליליטרים,473.00,"100 מ""ל",false,1,11.90,0.0252,true,1,302687
7501013122039,false,ג'ומקס מיץ מנגו קרטונית ליטר תריסר,חומקס קומר קומרסאליזדורה,MX,ג'ומקס מנגו קרטונית ליטר תריסר,ליטרים,1.00,ליטר,false,1,14.90,14.9000,true,1,302684
7501013122053,false,נקטר אפרסק ג'ומקס בקרטונית 1 ליטר,חומקס קומר קומרסאליזדורה,MX,ג'ומקס אפרסק קרטונית ליטר תריסר,ליטרים,1.00,ליטר,false,1,14.90,14.9000,true,1,302683
7501013122992,false,ג'ומקס מיץ קוקוס אננס קרטונית ליטר תריסר,חומקס קומר קומרסאליזדורה,MX,ג'ומקס קוקוס אננס קרטונית ליטר תריסר,ליטרים,1.00,ליטר,false,1,14.90,14.9000,true,1,302685
7501049936945,false,"בירה סול שישייה בקבוק 330 מ""ל",פארייפאבה אגרואינדוס,NL,"בירה סול שישייה (6X330 מ""ל)",ליטרים,1.98,ליטר,false,1,49.90,25.2020,true,1,304446
7501064191398,false,שישיית בירה קורונה אקסטרא *355 מל,קריניציה ויטמינה אס,MX,בשישיית בירה קורונה אקסטרה 2.13 ל',ליטרים,2.13,ליטר,false,6,49.90,23.4272,true,1,301547
7501064196690,false,"פחית בירה קורונה 355 מ""ל",סרבסריה מידלו,MX,"פחית בירה קורונה 355 מ""ל",מיליליטרים,355.00,"100 מ""ל",false,1,16.90,0.0476,true,1,303651
7503012779405,false,סירופ אגבה כחולה – נטורפוד (גדול),נוטריאגבס דה מקסיקו,MX,סירופ אגבה כחולה אורגני 660 גרם,גרמים,660.00,100 גרם,false,1,30.90,0.0468,true,1,294062
7610113000175,false,"רום בקרדי מוחיטו 700 מ""ל",בקרדי מרטיני,DE,בקרדי מוחיטו 700מל,מיליליטרים,700.00,"100 מ""ל",false,1,79.90,0.1141,true,1,305831
7610113011652,false,בריזר - משקה כוהלי מוגז בטעם תפוח,בקרדי בריזר Bacardi Breezer,BE,"בריזר - משקה כוהלי מוגז בטעם תפוח 275 מ""ל",מיליליטרים,275.00,"100 מ""ל",false,1,18.90,0.0687,true,1,304877
7610113013250,false,"משקה כוהלי על בסיס רום בקרדי 250 מ""ל",בקרדי מרטיני,BE,פחית בקרדי מוחיטו 250 מל,מיליליטרים,250.00,"100 מ""ל",false,1,17.90,0.0716,true,1,308331
7610113015797,false,"בריזר סלצזר פטל ליים 250מ""ל פחית",טמפו משקאות בעמ,BE,בריזר סלצזר פטל ליים 250 מל פחית,מיליליטרים,250.00,"100 מ""ל",false,1,18.90,0.0756,true,1,309240
7610400075770,false,לינדט לה גרנד שוקולד מריר אגוז 150 גרם,לינדט ושפרונגלי קילשברג,CH,לינדט לגרנד דארק הזלנט 150 גרם,גרמים,150.00,100 גרם,false,1,27.90,0.1860,true,1,297389
7610400075787,false,לינדט לה גרנד שוקולד חלב אגוז 150 גרם,לינדט ושפרונגלי קילשברג,CH,לינדט לה גרנד - שוקולד חלב עם אגוזי לוז 150 גר',גרמים,150.00,100 גרם,false,1,27.90,0.1860,true,1,300952
7610400075794,false,לינדט לה גרנד שוקולד לבן ושקדים 150 גרם,לינדט ושפרונגלי,CH,לינדט לגרנד ואיט אלמונד150 גרם,גרמים,150.00,100 גרם,false,1,27.90,0.1860,true,1,300953
7610400091060,false,שוקולד מריר לינדט אקסלנס בתוספת תפוז ושקדים,לינדט ושפרונגלי קילש,,שוקולד לינדט אקסלנס תפוז 100 גרם,גרמים,100.00,100 גרם,false,1,19.90,0.1990,true,1,310962
7613032045753,false,פיטנס דגנים מחיטה מלאה שוקולד 375גרם,קבוצת אוסם סחר שותפות מוגבלת,FR,פיטנס שוקולד 16*375גרם 2017,גרמים,375.00,100 גרם,false,1,23.90,0.0637,true,1,265583
7613035379794,false,דנטלייף חטיף דנטלי לכלבים מגזע בינוני - 4 יחידות,קבוצת אוסם סחר-שות.מוגבלת,US,דנטלייף גזע בינוני115גרם,גרמים,115.00,100 גרם,false,1,14.90,0.1296,true,1,310702
7613035619050,false,פירולו חמשושים מפלצות 75 מל,שוורצקוף& הנקל דיסלד,ES,חמשושים מפלצות 18*75מל,גרמים,80.00,100 גרם,false,1,10.50,0.1313,true,1,290401
7613035807778,false,פרפקטו רוטב עגבניות לבולונז אסם 400 גרם,קבוצת אוסם סחר שותפות מוגבלת,ES,פרפקטו רוטב עגבניות לבולונז 6*400גרם,גרמים,400.00,100 גרם,false,1,10.90,0.0273,true,1,291634
7613035809857,false,פרפקטו רוטב עגבניות לפסטה ולבישול אסם 400 גרם,קבוצת אוסם סחר שותפות מוגבלת,ES,פרפקטו רוטב עגבניות לפסטה ולבישול 6*400ג,גרמים,400.00,100 גרם,false,1,10.90,0.0273,true,1,291635
7613036280327,false,פרייה אנד גוס אפרסק דובדבן 250 מל פחיות,נסטלה ווטרס ספלאי,FR,פרייה אנד ג'וס אפרסק דובדבן פחית,מיליליטרים,250.00,"100 מ""ל",false,1,10.50,0.0420,true,1,306212
7613036286008,false,"פרייה אנד גוס אננס מנגו 250 מ""ל פחיות",נסטלה ווטרס ספלאי,FR,"משקה אננס מנגו מוגז - פחית 250 מ""ל",מיליליטרים,250.00,"100 מ""ל",false,1,10.50,0.0420,true,1,306211
7613036288026,false,"דוגלי גורים אקטיב 4*3 ק""ג",קבוצת אוסם סחר-שות.מוגבלת,HU,דוגלי גורים 3 קג,קילוגרמים,3.00,"ק""ג",false,1,49.90,16.6333,true,1,310695
7613036576734,false,קרטיב חמשושים חדש נסטלה 60 גר,נגה גלידות שותפות מוגבלת,ES,נסטלה חמשושים חדש 18*60גרם,גרמים,60.00,100 גרם,false,1,10.50,0.1750,true,1,299009
7613036976657,false,מזון לחתולים פריסקיז פאוצ' הודו,קבוצת אוסם סחר-שות.מוגבלת,FR,פאוץ פריסקיז הודו 85גר,גרמים,85.00,100 גרם,false,1,4.90,0.0576,true,1,311442
7613036976732,false,פריסקיז פאוצ`סלמון ברוטב 85גר,קבוצת אוסם סחר-שות.מוגבלת,FR,פאוץ פריסקיז סלומון 85גר,גרמים,85.00,100 גרם,false,1,4.90,0.0576,true,1,311446
7613037686906,false,פיטנס - דגני בוקר שקדים ודבש 355 גרם,קבוצת אוסם סחר שותפות מוגבלת,FR,פיטנס שקדים ודבש 14*355גרם N9LEM 2019,גרמים,355.00,100 גרם,false,1,23.90,0.0673,true,1,303878
7616500553484,false,שוקולד פריי מהודר מריר 78% 100גר,צוקולאט פריי אייץגיץ,CH,פריי שוקולד מריר 78% 100 גרם,גרמים,100.00,100 גרם,false,1,12.90,0.1290,true,1,264782
7622010001858,false,עוגיות אוראו ממולאות קרם וניל 176 גרם.,דיפלומט מפיצים (1968) בעמ**,UA,עוגיות אוראו ממולאות קרם וניל 176 גר',גרמים,176.00,100 גרם,false,1,14.00,0.0795,true,1,289660
7622201401900,false,עוגיות מילקה סנסיישן אוראו 156 גרם,דיפלומט מפיצים (1968) בעמ**,PL,עוגיות מילקה סנסיישן אוראו 156 גרם,גרמים,156.00,100 גרם,false,1,15.90,0.1019,true,1,306114
7622201502515,false,עוגיות מילקה קוקי לופ שוקולד צ'יפס,דיפלומט מפיצים (1968) בעמ**,HU,מילקה קוקי לופ 132 גרם,גרמים,132.00,100 גרם,false,1,15.90,0.1205,true,1,309241
7622201801809,false,מילקה שוקולד חלב עם אגוזים 100 גרם חדש,מנדלז דויצ'\לנד סנקס פרו,DE,שוקולד חלב אגוזים מילקה 100 גרם,גרמים,100.00,100 גרם,false,1,7.90,0.0790,true,1,308367
7622201802363,false,מילקה טבלת שוקולד חלב וצימוקים ואגוזים 100ג',דיפלומט מפיצים (1968) בעמ**,DE,שוקולד חלב אגוז וצימוק מילקה 100 גרם,גרמים,100.00,100 גרם,false,1,7.90,0.0790,true,1,309148
7622201802394,false,שוקולד מילקה חלב מסרונים 100 גרם,מנדלז דויצ'\לנד סנקס פרו,DE,שוקולד חלב מילקה 100 גרם,גרמים,100.00,100 גרם,false,1,7.90,0.0790,true,1,309084
7622201808631,false,אוראו מיני עוגיות ממולאות קרם וניל 67גרם,דיפלומט מפיצים (1968) בעמ**,ID,אוראו מיני כוסות בטעם וניל 67 גרם,גרמים,67.00,100 גרם,false,1,7.90,0.1179,true,1,308368
7622210826053,false,מילקה שוקולד אוראו סנדוויץ 100 גרם,דיפלומט מפיצים (1968) בעמ**,HU,שוקולד מילקה אוראו סנדביץ 92 גרם,גרמים,92.00,100 גרם,false,1,7.90,0.0859,true,1,306396
7622300270506,false,מילקה גריינס - עוגיות שיבולת שועל מצופות שוקולד 168 ג',דיפלומט מפיצים (1968) בעמ**,PL,עוגיות שיבולת שועל מצופות 168 גרם,גרמים,168.00,100 גרם,false,1,16.90,0.1006,true,1,272272
7622300340285,false,גבינת שמנת 22% שומן 175 ג' פילדלפיה,מונדלז דויצ'לנד פרוד,DE,גבינת שמנת 21% שומן,גרמים,175.00,100 גרם,false,1,17.90,0.1023,true,1,297664
7622300489427,false,עוגיות אוראו בציפוי בטעם שוקולד לבן 246 גרם,דיפלומט מפיצים (1968) בעמ**,ES,עוגיות אוראו בציפוי בטעם שוקולד לבן 246 גר',גרמים,246.00,100 גרם,false,1,23.90,0.0972,true,1,287682
7622300489434,false,"עוגיות אוראו פאדג' בציפוי שוקולד חלב, 246 גרם",דיפלומט מפיצים (1968) בעמ**,ES,אוריאו פאג' שוקולד חלב 246 גרם,גרמים,246.00,100 גרם,false,1,23.90,0.0972,true,1,291759
7622300503079,false,עוגיות ביסקוויט מצופה שוקולד חלב מילקה 200 גרם,דיפלומט מפיצים (1968) בעמ**,PL,מילקה מו עוגיות ביסקוויט בציפוי שוקולד 200 גר',גרמים,200.00,100 גרם,false,1,15.90,0.0795,true,1,271973
7622300617820,false,מילקה שוקולד חלב במילוי קרם חלב ווניל ושבבי עוגיות אוראו 100 גרם,מנדלז דויצ'\לנד סנקס פרו,DE,שוקולד חלב אוראו מילקה 100 גרם,גרמים,100.00,100 גרם,false,1,5.90,0.0590,true,1,275685
7622300761363,false,עוגיות מיני אוראו במילוי קרם בטעם שוקולד בכוס,דיפלומט מפיצים (1968) בעמ**,ID,אוראו מיני כוסות בטעם שוקולד 61.3 גרם,גרמים,67.00,100 גרם,false,1,7.90,0.1179,true,1,284778
7630477891592,false,סטארבקס קפסולות קפה האוס בלנד 10 יחידות,קבוצת אוסם סחר שותפות מוגבלת,CH,סטארבקס קפסולות האוס בלנד 57 גרם,גרמים,57.00,100 גרם,false,1,21.90,0.3842,true,1,310815
7630477891639,false,קפסולות קפה סומטרה (10 יח) סטארבקס ( 55,קבוצת אוסם סחר שותפות מוגבלת,CH,סטארבקס קפסולות ורונה 55 גרם,גרמים,55.00,100 גרם,false,1,21.90,0.3982,true,1,310817
7630477891714,false,סטארבקס קפסולות קפה אספרסו 10 יחידות,קבוצת אוסם סחר שותפות מוגבלת,CH,סטארבקס קפסולות אספרסו 57 גרם,גרמים,57.00,100 גרם,false,1,21.90,0.3842,true,1,310816
7630477891738,false,סטארבקס קפסולות קפה אספרסו בלונד 10 יחיד,קבוצת אוסם סחר שותפות מוגבלת,CH,סטארבקס קפסולות אספרסו בלונד 53 גרם,גרמים,53.00,100 גרם,false,1,21.90,0.4132,true,1,310814
7640175743451,false,משקה כוהלי על בסיס גין בומביי ספייר 250מ,בומביי ספיריטס,BE,פחית גין בומביי טוניק 250 מל,מיליליטרים,250.00,"100 מ""ל",false,1,17.90,0.0716,true,1,308332
7702018271788,false,"דאודורנט קליר ג'ילט בניחוח ספורט 70 מ""ל",פארמה דיל (פ.א.ב.) שיווק והפצה,PL,ג'ילט דאודורנט ג'ל sport triumph עד 48 שעות 70 מל,ליטרים,70.00,ליטר,false,1,16.90,0.2414,true,1,310667
7702018978106,false,"ג'ילט - דאודורנט ג'ל לגבר ארטיק אייס 70 מ""ל",פארמה דיל (פ.א.ב.) שיווק והפצה,PL,"ג'ילט דאודורנט קליר ג'ל 70 מ""ל Artic Ice",ליטרים,70.00,ליטר,false,1,16.90,0.2414,true,1,310666
7702018978120,false,"ג'ילט - דאודורנט ג'ל לגבר קול וייב 70 מ""ל",פארמה דיל (פ.א.ב.) שיווק והפצה,PL,"ג'ילט דאודורנט קליר ג'ל 70 מ""ל cool wave",מיליליטרים,70.00,"100 מ""ל",false,1,16.90,0.2414,true,1,266964
7702018980857,false,גילט סירייס גל גילוח לעור רגיש 75 מל,פרוקטר & גמבל,RO,"גל גילוח סירייס לעור רגיש 75 מ""ל",מיליליטרים,250.00,"100 מ""ל",false,1,12.90,0.0516,true,1,302384
7702174068826,false,יוגטה מבחר סוכריות לקקן קשות ממולאות טופי בטעמי יוגורט ופירות 204 גרם,הדקלאים אגודת שיתופי,CO,"לקקן יוגטה בטעם פירות 12 יח """,גרמים,216.00,100 גרם,false,1,13.90,0.0644,true,1,274949
7792860006218,false,סוכריות לקקן בייבי דול לריטייר (24 גרם),גוד פוד פרודקטס S.p,AR,"סוכריות בייבי דול, 24 גרם",גרמים,20.00,100 גרם,false,1,2.90,0.1450,true,1,257878
7798141877836,false,"גאטו נגרו פינו סוביניון בלאן 750מ""ל",היכל היין שקד גולן בעמ,AR,גאטו נגרו סוביניון בלאן 750 מל,מיליליטרים,750.00,"100 מ""ל",false,1,39.90,0.0532,true,1,309759
7804414000860,false,קברנה סוביניון דון חוליו (750 מל),צ'ילה לואיס פיליפה אדוארדס,,דון חוליו יין 13.5% אדום יבש קברנה סובניון 2016,מיליליטרים,750.00,"100 מ""ל",false,1,39.90,0.0532,true,1,257879
7804414000877,false,יין דון חוליו מרלו אדוארדס,צ'ילה לואיס פיליפה אדוארדס,,דון חוליו יין אדום יבש מרלו 2019,מיליליטרים,750.00,"100 מ""ל",false,1,39.90,0.0532,true,1,257880
7804414001614,false,שיראז חצי יבש דון חוליו (750 מל),צ'ילה לואיס פיליפה אדוארדס,,דון חוליו יין 13% אדום חצי יבש שיראז 2017,מיליליטרים,750.00,"100 מ""ל",false,1,39.70,0.0529,true,1,262438
7890557502507,false,כפכפי הווייאנס סלים,אלפרגאטאס,,כפכפי הוויאנס סלים זהב חלק 41-2,יחידה,1.00,יחידה,false,1,49.90,49.9000,true,1,293982
7891024179482,false,קולגייט שטיפת פה אופטיק וויט 500 מל,יבואן ומשווק: ש. שסט,PL,קולגייט מי פה אופטיק וייט 500 מל,מיליליטרים,500.00,"100 מ""ל",false,1,31.90,0.0638,true,1,275886
7893249567082,false,כפכפי הווייאנס סלים,אלפרגאטאס,,כפכפי הוויאנס סלים חלק בלט 37-8,יחידה,1.00,יחידה,false,1,49.90,49.9000,true,1,296753
7909690466833,false,כפכפי הווייאנס סלים,,,כפכפי הווייאנס סלים גלוס שחור 37-38,יחידה,1.00,יחידה,false,1,79.90,79.9000,true,1,310827
8000070081017,false,קפסולות קפה אספרסו דיצו 10 10 יחידות,לאוג'\י לוואצה אס.פי.אי,IT,קפסולות דיצו 50 גרם,גרמים,50.00,100 גרם,false,1,18.90,0.3780,true,1,310812
8000070081109,false,קפסולות לוואצה ריקו נטולקפאין 6 נספרס 50,לאוג'\י לוואצה אס.פי.אי,IT,קפסולות קפה ריקו נטול קפאין 50 גרם,גרמים,50.00,100 גרם,false,1,18.90,0.3780,true,1,310813
8000215204219,false,משקה אורז ביו אורגני ויטאריז 1 ליטר,בטר אנד דיפרנט,IT,משקה אורז אורגני 1 ליטר,ליטרים,1.00,ליטר,false,1,15.90,15.9000,true,1,269997
8000215204240,false,משקה אורז ושקדים ביו אורגני ויטאריז 1 לי,בטר אנד דיפרנט,IT,משקה שקדים ואורז אורגני 1 ליטר,ליטרים,1.00,ליטר,false,1,15.90,15.9000,true,1,269998
8000215204264,false,ויטריז - משקה אורז אישי אישי 200 גר,בטר אנד דיפרנט,IT,ויטריז משקה אורז אישי 200 מל,מיליליטרים,200.00,"100 מ""ל",false,1,4.50,0.0225,true,1,291747
8000215204271,false,ויטריז - משקה שקדים ואורז אישי 200 גר,"נטורפוד בע""מ",IT,"משקה אורז ושקדים ויטריז 200 מ""ל",מיליליטרים,200.00,"100 מ""ל",false,1,4.50,0.0225,true,1,283155
8000215204370,false,"ויטאריז לבישול תחליף שמנת צחית אורגנית 200 מ""ל",נטורפוד בעמ,IT,תחליף שמנת צמחי לבישול אורגני ויטריז 200,מיליליטרים,200.00,"100 מ""ל",false,1,6.50,0.0325,true,1,292208
8000215204394,false,משקה אורז ואגוזי לוז ביו אורגני ויטאריז,בטר אנד דיפרנט,US,משקה אגוזי לוז ואורז אורגני 1 ליטר,ליטרים,1.00,ליטר,false,1,18.90,18.9000,true,1,281465
8000215204554,true,משקה אורז קוקוס אורג,בטר אנד דיפרנט,IT,ויטאריז אורז עם קוקוס אורגני 1 ליטר,ליטרים,1.00,ליטר,false,1,15.90,15.9000,true,1,291509
8000215204561,false,משקה שקדים אורגני וללא גלוטן ויטאסי 1 לי,בטר אנד דיפרנט,IT,ויטאסי משקה שקדים אורגני 1 ליטר,ליטרים,1.00,ליטר,false,1,16.90,16.9000,true,1,300107
8000215204653,false,משקה סויה ויטאסי 1 ליטר,בטר אנד דיפרנט,IT,ויטאסי משקה סויה אורגני,ליטרים,1.00,ליטר,false,1,12.90,12.9000,true,1,302908
8000215204677,false,ויטריז - משקה שיבולת שועל בריסטה אורגני,בטר אנד דיפרנט,IT,משקה שיבולת שועל אורגני בריסטה 1 ליטר,ליטרים,1.00,ליטר,false,1,15.90,15.9000,true,1,309565
8000380003723,false,וופלים גרנד פטיסרי במילוי קרם אגוזים 100,קריניציה ויטמינה אס,IT,לואקר גרנד פטיסרי אגוז 100 גרם,גרמים,100.00,100 גרם,false,1,15.90,0.1590,true,1,257893
8000380003761,false,וופל גרנד פטיסרי שוקולד וקוקוס לואקר 100 גרם,קריניציה ויטמינה אס,IT,לואקר גרנד פטיסרי קוקוס 100 גרם,גרמים,100.00,100 גרם,false,1,15.90,0.1590,true,1,257894
8000380004676,false,קוביות וופל סנדוויץ Sandwich עם וניל וחלב,"א. לואקר, קונפקט ג'י",AT,ופל סנדויץ קרם וניל לואקר 200 גרם,גרמים,200.00,100 גרם,false,1,13.90,0.0695,true,1,257895
8000380004911,false,קוביות וופל קואדרטיני Quadratini קרם אגוזים,קריניציה ויטמינה אס,AT,קוארדטיני אגוז 250 גר',גרמים,250.00,100 גרם,false,1,17.90,0.0716,true,1,257896
8000380004966,false,וופל קוארדטיני לואקר קוביות שוקולד 250ג',קריניציה ויטמינה אס,AT,קוארדטיני שוקולד 250 גר',גרמים,250.00,100 גרם,false,1,17.90,0.0716,true,1,257897
8000380007219,false,וופל לואקר ממולא קרם אגוזים 175 גרם,ליימן שליסל בע`מ,AT,לואקר קלאסיק אגוז 175 גרם,גרמים,175.00,100 גרם,false,1,12.90,0.0737,true,1,257898
8000380007257,false,וופל גרדנה במילוי קרם אגוזים מצופה,קריניציה ויטמינה אס,IT,לואקר גרנדה אגוז 200 גר',גרמים,200.00,100 גרם,false,1,14.90,0.0745,true,1,257899
8000380007264,false,וופל לואקר ממולא קרם קקאו 175 גרם,קריניציה ויטמינה אס,AT,לואקר קלאסיק קקאו 175 גרם,גרמים,175.00,100 גרם,false,1,12.90,0.0737,true,1,258810
8000380144044,false,גרדנה וופל מצופה שוקולד חלב לואקר 200 גרם,ליימן שליסל בע`מ,IT,וופל במילוי קרם שוקולד מצופה שוקולד חלב,גרמים,200.00,100 גרם,false,1,14.90,0.0745,true,1,264606
8000380153442,false,וופל קלאסיק בטעם אגוזים לואקר 90 גרם,ליימן שליסל,IT,ופל אגוז לואקר 90 גרם,גרמים,90.00,100 גרם,false,1,10.00,0.1111,true,1,276274
8000380153466,false,וופל קלאסיק בטעם קקאו לואקר 90 גרם,קריניציה ויטמינה אס,IT,ופל שוקולד לואקר 90 גרם,גרמים,90.00,100 גרם,false,1,10.00,0.1111,true,1,276261
8000380180721,false,לואקר וופל קקאו במילוי קרם חלבי 175 גר,קריניציה ויטמינה אס,AT,לואקר קלאסיק שוקו-חלב 175 גרם,גרמים,175.00,100 גרם,false,1,12.90,0.0737,true,1,289841
8000380180745,false,וופל קוביות קקאו במילוי קרם חלב לואקר 250 גרם,"א. לואקר, קונפקט ג'י",AT,ופל קואדרטיני שושו לבן 250 גרם,גרמים,250.00,100 גרם,false,1,14.90,0.0596,true,1,289857
8000380187119,false,עוגיות במילוי קרם אגוזי לוז לואקר 100 גר,ליימן שליסל בעמ,AT,עוגיות לואקר אגוזי לוז,גרמים,100.00,100 גרם,false,1,15.90,0.1590,true,1,305933
8000380187249,false,עוגיות עם מילוי קרם שקדים ושוקולד חלב,ליימן שליסל בע`מ,AT,עוגיות לואקר שקדים 100גרם,גרמים,100.00,100 גרם,false,1,15.90,0.1590,true,1,305934
8000380187300,false,עוגיות חמאה עם שוקולד חלב לואקר 120 גר,ליימן שליסל בעמ,AT,עוגיות לואקר פתיתי שלג 120גרם,גרמים,120.00,100 גרם,false,1,15.90,0.1325,true,1,305935
8000380205400,false,וופלים קואדרטיני חמאת בוטנים לואקר 250 גרם,ליימן שליסל בע`מ,AT,קואדרטיני חמאת בוטנים 250 גרם,גרמים,250.00,100 גרם,false,1,17.90,0.0716,true,1,310638
8000380205523,false,וופלים בטעם חמאת בוטנים לואקר 175 גרם,ליימן שליסל בעמ,AT,לואקר קלאסיק אגוז 175 גרם,גרמים,175.00,100 גרם,false,1,15.90,0.0909,true,1,310637
8000500009673,false,בונבוניירה פררו רושה 300 גרם,פרימיום חברה לדברי מתיקה ולמסח,IT,בונבוניירה רושר 300 גרם,גרמים,300.00,100 גרם,false,1,49.90,0.1663,true,1,261978
8000500023976,false,בונבוניירת רפאלו פררו (150 גרם),פרימיום-חברה לדברי מתיקה ולמסח,PL,כדור וופל בציפוי קוקוס פריך במילוי קרם ושקד שלם,גרמים,150.00,100 גרם,false,1,26.90,0.1793,true,1,257900
8000500026731,false,ביצי שוקולד קינדר מארז 3 יח סופרייז,פרימיום-חברה לדברי מתיקה ולמסח,IT,ביצת הפתעה קינדר שלישייה,גרמים,64.00,100 גרם,false,1,18.90,0.2953,true,1,257901
8000500037874,false,בונבוניירת פררו רושה 200 גרם,פרימיום חברה לדברי מתיקה ולמסח,IT,בונבוניירה רושר אריזה דקורטיבית 200 גרם,גרמים,200.00,100 גרם,false,1,31.90,0.1595,true,1,257904
8000500192801,false,בונבוניירה רושה 100 גרם,פררו,IT,פררו רושה 100 גרי T8X8,גרמים,100.00,100 גרם,false,1,19.90,0.1990,true,1,291123
8000500227848,true,נוטלה בי רדי שישיה 1,קדבורי,IT,נוטלה בי רדי שישיה 132 גרם,גרמים,132.00,100 גרם,false,1,15.90,0.1205,true,1,298093
8000500267103,true,קינדר דליס עשיריה,קדבורי,IT,קינדר דליס עוגת ספוג קקאו במילוי חלבי 390 גרם,גרמים,390.00,100 גרם,false,1,29.90,0.0767,true,1,294622
8000700000050,false,סבון DOVE מוצק לבן רביעיה 4*100 גרם,יוניליוור ישראל שיווק בע`מ,DE,סבון מוצק לבן דאב רביעייה,גרמים,400.00,100 גרם,false,1,20.90,0.0522,true,1,257906
8000786100408,false,"פולנטה מסורתית 1 ק""ג LA GRANDE ROUTA",לה גרנדה רוטה,IT,"פולנטה מסורתית 1 ק""ג LA GRANDE ROUTA",קילוגרמים,1.00,"ק""ג",false,1,18.90,18.9000,true,1,305580
8000920704967,false,"בן אנד ג'ריס צ'אנקי מנקי 150 מ""ל",מוצרי איכות אמריקאיים בעמ,,"גלידה שורטי צאנקי מאנקי 150 מ""ל",מיליליטרים,150.00,"100 מ""ל",false,1,13.90,0.0927,true,1,261766
8000920704998,false,"שורטי בצק עוגיות 150 מ""ל",מוצרי איכות אמריקאיים בעמ,IL,בצק עוגיות 150 מ'ל - שורטי,מיליליטרים,150.00,"100 מ""ל",false,1,13.90,0.0927,true,1,261768
8001010033721,false,רוטב פסטו חדש 135 ג' PONTI,,,רוטב פסטו חדש 135 גרם PONTI,גרמים,135.00,100 גרם,false,1,13.90,0.1030,true,1,301039
8001090810083,false,"פנטן קונדישנר נוסחה קלאסית 500 מ""ל",דיפלומט מפיצים (1968) בעמ,RO,"פנטן קונדישנר נוסחה קלאסית 500 מ""ל",מיליליטרים,500.00,"100 מ""ל",false,1,19.90,0.0398,true,1,299084
8001090810120,false,"פנטן קונדישנר שמן מרוקאי משקם 500 מ""ל",פרוקטר אנד גמבל,RO,"פנטן פרו-וי מרכך שמן מרוקאי משקם 500 מ""ל",מיליליטרים,500.00,"100 מ""ל",false,1,19.90,0.0398,true,1,299090
8001090810205,false,"שמפו נוסחה קלאסית פנטן 500 מ""ל",פנטן שמפן/מרכך 500 מ,RO,"פנטן שמפו הנוסחה הקלאסית 500 מ""ל",מיליליטרים,500.00,"100 מ""ל",false,1,19.90,0.0398,true,1,299083
8001090810281,false,"פנטן שמפו שמן מרוקאי משקם 500 מ""ל",דיפלומט מפיצים 1968 בעמ,RO,"פנטן פרו-וי שמפו שמן מרוקאי משקם 500 מ""ל",מיליליטרים,500.00,"100 מ""ל",false,1,19.90,0.0398,true,1,299089
8001090810403,false,"פנטן שמפו למגע רך כמשי 500 מ""ל",פנטן שמפן/מרכך 500 מ,RO,פנטן שמפו למגע רך כמשי 500 מל,מיליליטרים,500.00,"100 מ""ל",false,1,19.90,0.0398,true,1,299081
8001090833167,false,גל כביסה אריאל בניחוח הרים 2.365 ליטר,דיפלומט מפיצים (1986) בע`מ,FR,אריאל ג'ל כביסה ניחוח הרים 2.365 ליטר,ליטרים,2.37,ליטר,false,1,39.90,16.8354,true,1,300027
8001090988362,false,"שמפו פאנטן לחות מוגברת 500 מ""ל",דיפלומט מפיצים {1968}בעמ,RO,"פנטן שמפו לחות מוגברת 500 מ""ל",מיליליטרים,500.00,"100 מ""ל",false,1,19.90,0.0398,true,1,299079
8001160001786,false,"משקה אנרגיה גטורייד ספורט כחול 500מ""ל",אקווה מינרלה סאן בנדטו,IT,"משקה גטורייד בטעם פטל ,מופחת קלוריות.",מיליליטרים,500.00,"100 מ""ל",false,1,12.90,0.0258,true,1,275127
8001160001892,false,"משקה אנרגיה גטורייד ספורט תפוז אדום 500מ""ל",אקווה מינרלה סאן בנדטו,IT,גטורייד ספורט תפוז אדום בקבוק 500 תריסר,מיליליטרים,500.00,"100 מ""ל",false,1,12.90,0.0258,true,1,275128
8001505000313,false,ממרח אגוזי לוז אורגני 270 גרם NICCIOLATA,ריג'וני דה אסינו,IT,נוקיולטה ממרח אגוזי לוז אורגני 270 גרם,גרמים,270.00,100 גרם,false,1,20.90,0.0774,true,1,280672
8001505000498,true,מעדן לימון אורגני,ריג'וני דה אסיאגו,IT,מעדן לימון אורגני 250 גרם,גרמים,250.00,100 גרם,false,1,19.90,0.0796,true,1,297405
8001505001105,true,ממרח אגוזי לוז אורגנ,אף.סי תבליני בגליל ב,IT,נוקיולטה ממרח אגוזי לוז אורגני 270 גרם,גרמים,270.00,100 גרם,false,1,20.90,0.0774,true,1,297408
8001505001785,false,ממרח אגוזי לוז לבן אורגני 270 גרם,ריגוני די אסיי ישראל,IT,ממרח 30% אגוזי לוז,גרמים,270.00,100 גרם,false,1,23.90,0.0885,true,1,302880
8001620015629,false,"משקה פירות בטעם תפוז ותפוז אדום 400 מ""ל פרוטה",אקווה מינרלה סאן בנדטו ב,IT,משקה פירות פרוטה בטעם תפוז ותפוז אדום,מיליליטרים,400.00,"100 מ""ל",false,1,9.50,0.0238,true,1,309484
8001620015636,false,"משקה פירות פרוטה-מיקס פירות 400 מ""ל סאן בנדטו",אקווה מינרלה סאן בנדטו ב,IT,משקה פירות פרוטה בטעם מיקס פירות,מיליליטרים,400.00,"100 מ""ל",false,1,9.50,0.0238,true,1,307676
8001620018408,false,"משקה פירות בטעם מנגו תפוח 400 מ""ל פרוטה",אקווה מינרלה סאן בנדטו ב,IT,משקה פירות פרוטה בטעם מנגו תפוח,מיליליטרים,400.00,"100 מ""ל",false,1,9.50,0.0238,true,1,309485
8001620019160,false,"סן בנדטו מים מינרלים בטעם אפרסק 500 מ""ל",אקווה מינרלה סאן בנדטו ב,IT,"סן בנדטו אפרסק 400 מ""ל",מיליליטרים,400.00,"100 מ""ל",false,1,9.50,0.0238,true,1,310936
8001620019177,false,"סן בנדטו מים מינרלים בטעם ענבים 500 מ""ל",אקווה מינרלה סאן בנדטו ב,IT,סן בנדטו ענבים 400,מיליליטרים,400.00,"100 מ""ל",false,1,9.50,0.0238,true,1,310937
8001780499307,false,דובדבני אמרנה בסירופ 230 גרם,רסטרטו יבוא ושיווק בעמ,IT,דובדבני אמרנה 230 גרם FABBRI,גרמים,230.00,100 גרם,false,1,23.90,0.1039,true,1,305238
8001841722146,false,אולוויז מגן תחתון וליופק נורמל 56 יחידות,דיפלומט,DE,מגן תחתון אולוויז וליופק נורמל 56 יחידות,לא מנהל יחידת מידה,0.00,לא מנהל יחידת מידה,false,1,16.90,0.0000,true,1,305490
8002205319835,false,מזון לחתולים בוגרים בטעם סלמון פורינה ONE,קבוצת אוסם סחר-שות.מוגבלת,US,ONE חתול בוגר סלמון 800,גרמים,800.00,100 גרם,false,1,34.90,0.0436,true,1,302884
8002270846472,false,סן פלגרינו מים מינרליים טבעיים מוגזים,טמפו משקאות בעמ,IT,"סן פלגרינו מוגז פלסטיק 500 מ""ל 24 יחידות",מיליליטרים,500.00,"100 מ""ל",false,1,7.90,0.0158,true,1,275924
8002920016903,false,LADORIA עגבניות מרוס,,IT,LADORIA עגבניות מרוסקות שלישיה 400גרם,גרמים,400.00,100 גרם,false,3,16.90,0.0422,true,1,310168
8003753158617,false,אילי קפסולות אספרסו לונגו קלאסיקו 10 יח' 57 גרם,ג'ייקובס דאו אגרבטס פר א,FR,קפסולות קפה לונגו,גרמים,57.00,100 גרם,false,1,19.90,0.3491,true,1,304042
8004030044005,false,נתחי טונה בהירה בשמן זית ריו מרה 112גרם,"בולטון אלימנטרי בע""\מ",IT,ריו מר נתחי טונה בהירה בשמן זית 160 גרם,גרמים,160.00,100 גרם,false,1,18.90,0.1181,true,1,257926
8004690050620,false,L.M פסטה איטלקית לינגוויני 500 גרם,לה מוליזנה קמפובאסן,IT,פסטה איטלקית לינגוויני 500 גרם LM,גרמים,500.00,100 גרם,false,1,8.90,0.0178,true,1,281510
8004690051573,false,ספגטי לה מוליזנה 500 גרם,לה מוליזנה קמפובאסן,IT,ספגטי למוליזנה 500 גרם,גרמים,500.00,100 גרם,false,1,8.90,0.0178,true,1,281511
8004690052044,false,פסטה לאמוליזנה פנה ז,לה מוליזנה קמפובאסן,IT,פסטה איטלקית פנה זיטי ריגטה 500 גרם LM,גרמים,500.00,100 גרם,false,1,8.90,0.0178,true,1,281512
8004690052600,false,פסטה איטלקית קונכיות,למוליזנה,IT,פסטה איטלקית קונכיות ניוקי 500 גרם LM,גרמים,500.00,100 גרם,false,1,8.90,0.0178,true,1,305328
8004690052846,false,L.M פסטה איטלקית פוזילי 500 גרם,לה מוליסנה,IT,פסטה איטלקית פוזילי 500 גרם LM,גרמים,500.00,100 גרם,false,1,8.90,0.0178,true,1,281513
8004690053195,false,L.M פסטה איטלקית ריגטוני 500 גרם,לה מוליזנה קמפובאסן,IT,פסטה איטלקית ריגטוני 500 גרם LM,גרמים,500.00,100 גרם,false,1,8.90,0.0178,true,1,281514
8004690057308,false,L.M פסטה איטלקית רדיאטורי 500 גרם,לה מוליסנה,IT,פסטה איטלקית רדיאטורי 500 גרם LM,גרמים,500.00,100 גרם,false,1,8.90,0.0178,true,1,305235
8004690106600,false,פרפלה לה מוליזינה 500 גר,לה מוליזנה קמפובאסן,IT,פסטה איטלקית פרפאלה 500 גרם LM,גרמים,500.00,100 גרם,false,1,8.90,0.0178,true,1,281928
8004690203002,false,"L.M פסטה איטלקית ניוקי תפו""א 500 גרם",למוליזנה,IT,פסטה איטלקית ניוקי תפוחי אדמה 500 גרם,גרמים,500.00,100 גרם,false,1,7.90,0.0158,true,1,305651
8004690470022,false,לה מוליזנה ללא גלוטן,למוליזנה,IT,פסטה ספגטי ללג LM גרם401,גרמים,400.00,100 גרם,false,1,14.90,0.0373,true,1,305865
8004690470039,false,לה מוליזנה ללא גלוטן,למוליזנה,IT,פסטה פנה ללג LM גרם400,גרמים,400.00,100 גרם,false,1,14.90,0.0373,true,1,305864
8004735031645,false,מיני ביצי שוקולד-ספי,יושלם,,מיני ביצי שוקולד ספיידרמן,גרמים,122.00,100 גרם,false,1,14.90,0.1221,true,1,281963
8005110001413,false,מארז זוג רוטב עגבניות 140ג MUTTI,רסטרטו יבוא ושיווק בעמ,IT,MUTTI רסק עגבניות מארז זוג 140X2 גרם,גרמים,280.00,100 גרם,false,1,8.90,0.0318,true,1,305237
8005110002243,false,רכז עגבניות Doppio Concentr בשפופרת 185 ג' MUTTI,רסטרטו יבוא ושיווק בעמ*אין החז,IT,רכז עגבניות בשפורפרת Doppio MUTTI 185,גרמים,185.00,100 גרם,false,1,8.90,0.0481,true,1,305483
8005110170300,false,עגבניות מרוסקות חתוכות מוטי MUTTI שלישיה *400,רסטרטו יבוא ושיווק בעמ*אין החז,IT,שלישיית עגבניות מרוסקות 400 גר MUTTI,גרמים,400.00,100 גרם,false,1,18.90,0.0472,true,1,291134
8005110171215,false,עגבניות חתוכות 690 POLPAPEZZI ג' (כחול) MUTTI,רסטרטו יבוא ושיווק בעמ,IT,קוביות עגבניות מקולפות במיץ,גרמים,690.00,100 גרם,false,1,14.90,0.0216,true,1,296487
8005110191015,false,רסק עגבניות ובזיליקום MUTTI{ירוק } 700 גרם,רסטרטו יבוא ושיווק בעמ,IT,מחית עגבניות קלה עם בזיליקום בתוספת מלח,גרמים,700.00,100 גרם,false,1,14.90,0.0213,true,1,298832
8005110200014,false,רסק עגבניות 210 ג' CONCENTRATO MUTTI,רסטרטו יבוא ושיווק בעמ,IT,רסק עגבניות בתוספת מלח 22Bx ללא תוספת סוכר,גרמים,210.00,100 גרם,false,1,7.90,0.0376,true,1,291609
8005110550508,true,שימורי עגבניות שרי,,,שימורי עגבניות שרי,Unknown,0.00,Unknown,false,1,9.90,0.0000,true,1,297418
8005110551253,false,רוטב לפיצה להכנת פיצה איטלקית קלאסית,רסטרטו יבוא ושיווק בעמ*אין החז,IT,רוטב לפיצה 400 גרם MUTTI,גרמים,400.00,100 גרם,false,1,9.90,0.0248,true,1,305289
8005200256587,false,נסטי - תה קר בטעם אפרסק 1.5 ליטר,פארייפאבה אגרואינדוס,IT,נסטי אפרסק 1.5 ליטר,ליטרים,1.50,ליטר,false,1,15.00,10.0000,true,1,309432
8005200486526,false,"נסטי, תה קר בטעם אפרסק 500 מל",פארייפאבה אגרואינדוס,IT,"נסטי, תה קר בטעם אפרסק 500 מל",מיליליטרים,500.00,"100 מ""ל",false,1,9.90,0.0198,true,1,274950
8005803010357,false,גריסיני קלאסי - מקלות אפויים עם שמן זית ומלח,ליימן שליסל בע`מ,IT,גריסיני קלאסי - מקלות אפויים עם שמן זית ומלח,גרמים,125.00,100 גרם,false,1,11.90,0.0952,true,1,292378
8005803010586,false,"מקלות אפויים עם שמן זית, מלח, עגבניות ואורגנו, 125 גרם, אמור די פאן","הוסטה איטליה, ס.ר.ל.",IT,מקלות אפויים בטעם פיצה,גרמים,125.00,100 גרם,false,1,11.90,0.0952,true,1,292379
8005803010661,false,"מקלות אפויים עם שמן זית, מלח, ושומשום, 125 גרם, אמור די פאן","הוסטה איטליה, ס.ר.ל.",IT,מקלות אפויים עם שומשום,גרמים,125.00,100 גרם,false,1,11.90,0.0952,true,1,292380
8006227001372,false,סמנצאטו – לחם מחמצת לבן עם שמן זית ללא קשה 1400 גרם,רו. מאר ס.ר.ל,IT,סמנצאטו לחם מחמצת לבן משמן זית 400 גרם ל,גרמים,250.00,100 גרם,false,1,19.90,0.0796,true,1,309487
8006227001389,false,סמנצאטו – לחם מחמצת עם שמן זית ללא קשה 1400 גרם,רו. מאר ס.ר.ל,IT,סמנצאטו לחם מחמצת קמח לבן משמן זית 400 ג,גרמים,250.00,100 גרם,false,1,19.90,0.0796,true,1,309488
8006540592434,true,תחבושות אולוויז נורמ,פרוקטר,DE,תחבושות אולוויז נורמל פלוס 28 יח,יחידה,28.00,יחידה,false,1,19.90,0.7107,true,1,310671
8007270999012,false,שמן גרעיני ענבים קוסטה דורו 1 ליטר,קוסטה דיאורו,IT,קוסטה דיאורו שמן גרעיני ענבים 1 ליטר,ליטרים,1.00,ליטר,false,1,31.90,31.9000,true,1,294150
8007520098045,false,מורנדו בוגר מיני בקר 1.5 קג,שחורי אריה ואנסטסיה,IT,מורנדו בוגר מיני בקר 1.5 קג,קילוגרמים,1.50,"ק""ג",false,1,29.90,19.9333,true,1,311453
8010024006010,false,חמאת שקדים 100% השקד נטורפוד 350 גרם,תות תעשיות מזון (201,IT,חמאת שקדים,גרמים,350.00,100 גרם,false,1,39.90,0.1140,true,1,292708
8017938005764,false,מיץ תפוחים אורגני 100% 1 ליטר נטורפוד,יבואן ומשווק: ש. שסט,IT,נטור פוד מיץ תפוחים אורגני 100% טבעי 1 ליטר,ליטרים,1.00,ליטר,false,1,24.20,24.2000,true,1,288359
8024985000062,false,מחית תפוח אורגני 100% פרי 200 גר נטורה,"נטורפוד בע""מ",IT,נטורה נובה מחית תפוח 100% אורגני 200 גרם,גרמים,200.00,100 גרם,false,1,8.90,0.0445,true,1,283415
8024985002783,true,מחית סמוזי גזר דלעת,נטורה נובה,IT,מחית סמוזי גזר דלעת 100 גרם,גרמים,100.00,100 גרם,false,1,5.90,0.0590,true,1,297533
8024985002912,false,מחית סמוצ`י תפוח אגס בטטה אורגנית נטורה,נטורפוד בעמ,IT,סמוזי תפוח אגס בטטה אורגני נטורה 100 גרם,גרמים,100.00,100 גרם,false,1,5.90,0.0590,true,1,299368
8024985002943,false,מחית סמוצ`י תפוח אננס קוקוס אורגנית נטור,נטורפוד בעמ,IT,סמוצ'י תפוח אננס קוקוס אורגניים,גרמים,100.00,100 גרם,false,1,5.90,0.0590,true,1,302217
8024985002950,false,מחית פירות סמוצ`י שזיף אורגנית נטורה נוב,נטורפוד בעמ,IT,סמוצ'י תפוח בננה תרד אורגניים,גרמים,100.00,100 גרם,false,1,5.90,0.0590,true,1,302216
8024985002967,false,מחית סמוצ`י בננה תרד נטורה נובה 100 גרם,נטורפוד בעמ,IT,סמוצ'י תפוח בננה תרד אורגניים,גרמים,100.00,100 גרם,false,1,5.90,0.0590,true,1,302218
8024985003988,false,מחית פירות סמוצ`י תפוחים ובננה אורגנית ל,נטורפוד בעמ,IT,סמוצ'י תפוח בננה אורגניים 100 גרם,גרמים,100.00,100 גרם,false,1,5.90,0.0590,true,1,287555
8024985005234,false,מחית פירות סמוצ`י תפוח עץ ומנגו אורגנית,נטורפוד בעמ,IT,סמוצ'י תפוח אפרסק מנגו אורגניים 100 גרם,גרמים,100.00,100 גרם,false,1,5.90,0.0590,true,1,291538
8024985005296,true,מחית סמוזי אגס בננה,נטורה נובה,IT,סמוצ'י אגס בננה תפוח וקינואה 120 גרם,גרמים,120.00,100 גרם,false,1,6.90,0.0575,true,1,297430
8024985005302,true,נטורה נובה סמוזי תפ,נטורה נובה,IT,סמוצ'י תפוח רימון פטל אוכמניות ואסאי 120 גרם,גרמים,120.00,100 גרם,false,1,6.90,0.0575,true,1,297431
8024985008044,false,מחית פירות סמוצ`י אגס אורגנית ללתס נטור,"נטורפוד בע""מ",IT,סמוצ'י אגסים אורגניים 100 גרם,גרמים,100.00,100 גרם,false,1,5.90,0.0590,true,1,283413
8024985008051,false,מחית פירות סמוצ`י פירות אדומים אורגנית ל,"נטורפוד בע""מ",IT,סמוצ'י פירות אדומים אורגניים 100 גרם,גרמים,100.00,100 גרם,false,1,5.90,0.0590,true,1,283412
8024985011204,false,נטורה נובה-סמוזי תפוח תות בננה 100 גרם,נטורה נובה,IT,נטורה נובה סמוצ'י תפוח תות בננה אורגניים 100 גרם,גרמים,350.00,100 גרם,false,1,5.90,0.0169,true,1,310120
8032804430471,false,פליסיה פסטה סדניני עדשים אורגני 250 גרם,אף.סי תבליני בגליל ב,IT,פליסיה ביו 100% עדשים אדומות בצורת אטריות 250 גרם,גרמים,250.00,100 גרם,false,1,13.90,0.0556,true,1,294061
8032804430501,false,פליסיה קופסא פוזילי אפונה ירוקה נטורפוד 250 גרם,אף.סי תבליני בגליל ב,IT,פסטה מקמח אפונה ירוקה פליסיה 250 גרם,גרמים,250.00,100 גרם,false,1,13.90,0.0556,true,1,294060
8032880800243,false,פיקניק הפתעה - אגוזי לוז ומקלות אפויים,"הוסטה איטליה, ס.ר.ל.",IT,ממרח קקאו עם אגוזי לוז בתוספת מקלות אפויים והפתעה,גרמים,50.00,100 גרם,false,1,10.00,0.2000,true,1,264564
8033020445973,false,"PIVETTI קמח 00 לכל מטרה 1 ק""ג",פיווטי Pivetti,IT,"קמח\ Antigrumi 1 ק""ג PIVETTI",קילוגרמים,1.00,"ק""ג",false,1,7.50,7.5000,true,1,305239
8033020445980,false,"קמח לפסטה 1 pasta fresca ק""ג 00 PIVETTI",PIVETTI,IT,"קמח לפסטה 1 pasta fresca ק""ג 00 PIVETTI",קילוגרמים,1.00,"ק""ג",false,1,11.90,11.9000,true,1,305242
8033020445997,false,"קמח איטלקי ללחמים 1 ק""ג 0 PIVETTI",PIVETTI,IT,"קמח איטלקי ללחמים 1 ק""ג 0 PIVETTI",קילוגרמים,1.00,"ק""ג",false,1,10.90,10.9000,true,1,305241
8033020446000,false,"קמח איטלקי לפיצה ופוקצה 1 ק""ג 00 PIVETTI",פיווטי Pivetti,IT,"קמח איטלקי לפיצה ופוקצה 1 ק""ג 00 PIVETTI",קילוגרמים,1.00,"ק""ג",false,1,9.90,9.9000,true,1,305240
8076800195057,false,ברילה - צ.א ספגטי מס5 חדש 500 גרם,ברילה גי.אי.אר פרטלי ס.פ,IT,ברילה ספגטי מס' 5 500 גרם,גרמים,500.00,100 גרם,false,1,6.90,0.0138,true,1,257998
8076802085738,false,ברילה - צ.ק פנה רגטה חדש 500 גרם,ברילה גי.אי.אר פרטלי ס.פ,IT,ברילה פסטה פתיתים -פנה רגטה 500 גרם,גרמים,500.00,100 גרם,false,1,6.90,0.0138,true,1,258002
8076802085981,false,ברילה - צ.ק פוזילי חדש 500 גרם,ברילה גי.אי.אר פרטלי ס.פ,IT,ברילה פסטה פתיתים פוזילי 500 גרם,גרמים,500.00,100 גרם,false,1,6.90,0.0138,true,1,258006
8076808150072,false,ברילה - צ.א ספגטוני מס7 חדש 500 גרם,ברילה גי.אי.אר פרטלי ס.פ,IT,ברילה ספגטי מספר 7 500 גרם,גרמים,500.00,100 גרם,false,1,6.90,0.0138,true,1,258009
8076809513395,false,ברילה פומודורו רוטב עגבניות קלאסי 400 גר,ברילה גי.אי.אר פרטלי ס.פ,IT,ברילה רוטב עגבניות קלאסי 400 גרם,גרמים,400.00,100 גרם,false,1,15.90,0.0398,true,1,258012
8076809513654,false,בסיס רוטב עגבניות לבולונז 400 גרם ברילה,ברילה גי.אי.אר פרטלי ס.פ,IT,ברילה רוטב בסיס לפסטה בולונז 400 גרם,גרמים,400.00,100 גרם,false,1,15.90,0.0398,true,1,261282
8076809513692,false,רוטב עגבניות נפולטנה בתוספת ירקות,ברילה גי.אי.אר פרטלי ס.פ,IT,ברילה רוטב עגבניות עם ירקות שורש לפסטה 400 גרם,גרמים,400.00,100 גרם,false,1,15.90,0.0398,true,1,258013
8076809513739,false,ברילה רוטב עגבניות עם בזיליקום 400 גרם,ברילה גי.אי.אר פרטלי ס.פ,IT,ברילה רוטב עגבניות עם בזיליקום לפסטה 400 גרם,גרמים,400.00,100 גרם,false,1,15.90,0.0398,true,1,262993
8076809523561,false,ברילה - רוטב פסטה בטעם טוסקנה 400 גרם,ברילה גי.אי.אר פרטלי ס.פ,IT,ברילה רוטב טוסקנה לפסטה 400 גרם,גרמים,400.00,100 גרם,false,1,15.90,0.0398,true,1,266999
8076809523738,false,דפי לזניה ברילה 500 גרם,ברילה גי.אי.אר פרטלי ס.פ,IT,500 גרם לזניה ברילה,גרמים,500.00,100 גרם,false,1,25.90,0.0518,true,1,259420
8232521301232,false,קונוס 40 לבן *,מירה פרואין,,קונוס 40,יחידה,1.00,יחידה,false,1,29.90,29.9000,false,1,302296
8410076800633,false,נייטשר וואלי קראנצי שבבי שוקולד בודד,ליימן שליסל,,קראנצי שיבולת שועל ושוקולד מריר,גרמים,42.00,100 גרם,false,1,5.90,0.1405,true,1,285664
8410104039134,false,"מנקה ומחדש מדיח כלים פיניש 250 מ""ל",רקיט בנקיזר (ניר איסט) בעמ,PL,"מנקה מדיח כלים פיניש 250 מ""ל",מיליליטרים,250.00,"100 מ""ל",false,1,22.80,0.0912,true,1,258088
8410104045111,false,"פיניש מלח למדיח כלים 2ק""ג",רקיט בנקיזר (ניר איסט) בעמ,IL,פיניש מלח למדיח כלים 2 קג,קילוגרמים,2.00,"ק""ג",false,1,16.90,8.4500,true,1,258090
8410179100043,false,שמן זית בורחס מעולה750מל,PONTU BORGES ACEITES,ES,"BORGES שמן זית כתית מעולה 750 מ""ל",מיליליטרים,750.00,"100 מ""ל",false,1,38.90,0.0519,true,1,297450
8411320234006,false,נתחי טונה לבנה בשמן זית (פחית) 112 ג ORTIZ,אורטיז ORTIZ,ES,נתחי טונה לבנה בשמן זית (פחית) 112 גרם,גרמים,112.00,100 גרם,false,1,19.90,0.1777,true,1,305288
8411320334027,false,אורטיז נתחי טונה צהובה בשמן זית (פחית) 1,אורטיז ORTIZ,ES,נתחי טונה צהובה בשמן זית (פחית) 112 גרם,גרמים,112.00,100 גרם,false,1,17.90,0.1598,true,1,305287
8411320382967,false,טונה צהובה בשמן זית (צנצנת) 220 גרם,אורטיז ORTIZ,ES,טונה צהובה בשמן זית (צנצנת)220 גרם ORTIZ,גרמים,220.00,100 גרם,false,1,44.90,0.2041,true,1,305245
8420639100018,false,בועות סבון מיקי (דיס,שמחה זה אנחנו בע`מ,,בועות סבון,לא מנהל יחידת מידה,0.00,לא מנהל יחידת מידה,false,1,3.00,0.0000,true,1,265106
8423207206488,false,סלים דליס חטיף דגנים מצופה שוקולד חלב מרבה 6*20 גרם,אף.סי תבליני בגליל ב,ES,חטיף דגנים סלים דליס שוקולד חלב 120 גרם,גרמים,120.00,100 גרם,false,1,14.90,0.1242,true,1,282822
8423207206495,false,סלים דליס חטיף דגנים מצופה שוקולד מריר מרבה 6*20 גרם,אף.סי תבליני בגליל ב,ES,חטיף דגנים סלים דליס שוקולד מריר 120 גרם,גרמים,120.00,100 גרם,false,1,14.90,0.1242,true,1,282823
8423207207362,false,חטיפי סלים דליס שוקולד לבן מרבה 6 יחידות,ביסנצ'ורי אס.אל.יו,ES,סלים דליס שוקולד לבן 120 גרם,גרמים,120.00,100 גרם,false,1,14.90,0.1242,true,1,282825
8423207208680,false,חטיף דגנים שוקולד סלים דליס לילדים מרבה 6 יחידות,ביסנצ'ורי אס.אל.יו,ES,סלים דליס קידס חטיף דגנים מצופה שוקולד חלב 120 גר',גרמים,182.00,100 גרם,false,1,14.90,0.0819,true,1,289210
8423371000462,false,סאליסול- קוקטייל מיקס 50 גרם,גלוברנדס,ES,סאליסול טו גו קוקטיל מיקס,גרמים,50.00,100 גרם,false,1,7.90,0.1580,true,1,302579
8423371000516,false,סאליסול- בוטנים ושקדים מקורמלים 50 גרם,גלוברנדס,ES,פיצוחים בפחית טו גו בוטנים ושקדים מקורמל,גרמים,50.00,100 גרם,false,1,7.90,0.1580,true,1,304463
8423371000530,false,חטיף בוטנים עם מלח 60גרם,SALTS OK,ES,סאליסול טו גו בוטנים עם מלח,גרמים,60.00,100 גרם,false,1,7.90,0.1317,true,1,302580
8423371000653,false,סאליסול- בוטנים מלוחים בדבש 50 גרם,גלוברנדס,ES,סאליסול טו גו בוטנים עם דבש ומלח,גרמים,50.00,100 גרם,false,1,7.90,0.1580,true,1,302582
8423371005078,false,סאליסול- מיקס פיקנטי 50 גרם,גלוברנדס,ES,סאליסול טו גו מיקס פיקנטי,גרמים,50.00,100 גרם,false,1,7.90,0.1580,true,1,302581
8423371005795,false,פיצוחים בפחית טו גו,SALTS OK,ES,סאליסול טו גו קאנטרי מיקס,גרמים,45.00,100 גרם,false,1,7.90,0.1756,true,1,302578
8595134503302,false,פילטרים לגלגול 6 ממ- ארוך,צפניה ברזילי בעמ,,פילטר 6 ארוך,Unknown,0.00,Unknown,false,1,7.50,0.0000,false,1,300320
8595134503487,false,פילטרים לגילגול 5.3 ארוך PIH,צפניה ברזילי בעמ,,פילטר 5.3 ארוך,יחידה,1.00,יחידה,false,1,7.50,7.5000,true,1,302022
8595134503975,false,נייר גלגול בינוני Black כולל פילטר,צפניה ברזילי בעמ,,נייר בינוני כולל פילטר,לא מנהל יחידת מידה,0.00,לא מנהל יחידת מידה,false,1,7.50,0.0000,false,1,303648
8683130012666,false,שלגון מגנום דאבל לבן עוגיות 72 גרם,"מיוצר ע""\י יונילוור סנאי",TR,מגנום דאבל לבן עוגיות 74 גרם,גרמים,74.00,100 גרם,false,1,13.50,0.1824,true,1,310170
8690120060170,false,וופל נאמבר 1 שוקולד חלב 35 גרם,רויאל קנדיס בעמ,TR,וופל נאמבר וואן מצופה שוק חלב 35 גרם,גרמים,35.00,100 גרם,false,1,3.90,0.1114,true,1,307175
8690120060408,false,וופל נאמבר 1 שוקולד אגוזים 35 גרם,רויאל קנדיס בעמ,TR,נאמבר וואן ירוק 32גרם,גרמים,32.00,100 גרם,false,1,3.90,0.1219,true,1,309753
8690637007705,false,מסטיגם וניל מסטיק על מקל ללא סוכר,"מיוצר ע""י יוניליוור",TR,שטראוס שלגון גלידה מסטיגם בטעם וניל ומסטיק 80 גרם,גרמים,80.00,100 גרם,false,1,8.90,0.1113,true,1,300191
8690637555084,false,"מרכך כביסה מרוכז אקסטרה פריחת התפוז בדין 960 מ""ל","יוניליוור ישראל שיווק בע""מ",TR,בדין מרכך כביסה אקסטרה פריחת התפוז,מיליליטרים,960.00,"100 מ""ל",false,1,19.90,0.0207,true,1,268401
8690637842382,false,מגנום דאבל פרי יער שטראוס 82 גר,"מיוצר ע""\י יונילוור סנאי",TR,מגנום שלגון דאבל פרי יער 76 גרם,גרמים,85.00,100 גרם,false,1,13.50,0.1588,true,1,296248
8690637890666,false,מאגדת מגנום מיני דאבל פיסטוק 6 יח' שטראוס,יוניליוור סנאיי וי ט,TR,מאגדת מיני מגנום 1/6 329 גרם דאבל פיסטוק,גרמים,282.00,100 גרם,false,1,29.90,0.1060,true,1,301288
8690637946301,false,"בדין - מרכך כביסה אקסטרא בייביי כחול 960 מ""ל","יוניליוור ישראל שיווק בע""מ",TR,Badin מרכך כביסה 960 ML,מיליליטרים,960.00,"100 מ""ל",false,1,19.90,0.0207,true,1,304481
8690637989612,false,שלגון שמנת בטעם וניל עם ריפל בטעם שוקולד 246 גרם,יונילוור סנאיי וי טיג'\,TR,מגנום מאגדת מיני מגנום דאבל דולצ'ה גולד 6 יחידות,גרמים,246.00,100 גרם,false,1,37.90,0.1541,true,1,307694
8690637989629,false,מגנום דאבל דולצ'ה גולד בטעם וניל עם ריפל בטעם שוקולד 246 גרם,יונילוור סנאיי וי טיג'\,TR,מגנום שלגון מגנום דאבל דולצ'ה גולד 63 גרם,גרמים,63.00,100 גרם,false,1,13.50,0.2143,true,1,307304
8690637997914,false,גלידת מגנום וניל שקדים בכוס אישית 76 גרם,יונילוור סנאיי וי טיג'\,TR,מגנום גלידת שמנת וניל שקדים כוס אישית 57 גרם,גרמים,76.00,100 גרם,false,1,9.90,0.1303,true,1,308640
8690637997921,false,גלידת שמנת וניל קלאסיק בכוס אישית 63 גרם,יונילוור סנאיי וי טיג'\,TR,מגנום גלידת שמנת וניל קלאסיק כוס אישית 63 גרם,גרמים,81.00,100 גרם,false,1,9.90,0.1222,true,1,308641
8690777206051,false,חציל קלוי על האש סרה ויליפוד 650 גרם,ג. וילי-פוד אינטרנשיונל בע`מ,TR,סרה חציל קלוי על האש 650 גרם,גרמים,650.00,100 גרם,false,1,14.90,0.0229,true,1,265923
8690777221405,false,פלפל אדום קלוי על האש 650 גר` ויליפוד,ג. וילי-פוד אינטרנשיונל בע`מ,TR,סרה פלפלים אדומים קלויים על האש 650 גרם,גרמים,650.00,100 גרם,false,1,15.30,0.0235,true,1,268179
8692952013195,false,ARAS-סט(6) כוסות 30,,,"ARAS-סט(6) כוסות 305 מ""ל י-LV-ARA233F",יחידה,1.00,יחידה,false,1,29.90,29.9000,true,1,302260
8692952091834,false,"סט 6 כוסות 255 מ""ל",,,"סט 6 כוסות 255 מ""ל",יחידה,1.00,יחידה,false,1,29.90,29.9000,true,1,302262
8697530910743,false,סיגריות פאל מאל כחול קצר מטאליק,גלוברנדס בעמ - שיווק סיגריות,,סיגריות פאל מל כחול חפיסה בודד,יחידה,1.00,יחידה,false,1,31.40,31.4000,false,1,264867
8697530910750,false,סיגריות פאל מאל כחול ארוך האוס,גלוברנדס בעמ - שיווק סיגריות,,סיגריות פאל מל כחול ארוך חפיסה בודד,יחידה,0.00,יחידה,false,1,31.40,0.0000,false,1,264868
8697530910781,false,סיגריות פאל מאל אדום מטאליק,גלוברנדס בעמ - שיווק סיגריות,,סיגריות פאל מל אדום חפיסה בודד,יחידה,1.00,יחידה,false,1,31.40,31.4000,false,1,264869
8697530911276,false,סיגריות קנט קצר חפיס,גלוברנדס בעמ - שיווק סיגריות,,סיגריות קנט קצר חפיסה בודד,יחידה,1.00,יחידה,false,1,38.40,38.4000,false,1,265317
8710103922582,false,"פיליפס ONE BLADE, מכשיר לעיצוב וגילוח 30 דקות פעולה",פיליפס-גילוח,ID,וואן בליד מכשיר לעיצוב וגילוח 30דק פעולה,יחידה,1.00,יחידה,false,1,159.90,159.9000,true,1,307783
8710447320662,false,דאודורנט ספריי בניחוח אפרסק ולימון ללא אלומיניום,יוניליוור ישראל שיווק בע`מ,IT,DOVE דאו ספריי 50 ML,מיליליטרים,150.00,"100 מ""ל",false,1,19.90,0.1327,true,1,304475
8710502064814,false,עוגיות מרבה שוקולד ציפס במרקם רך 175 גר,בנקטבקריי מרבה בי.וי,NL,מרבה עוגיות שוקולד צ'יפס במרקם רך 175 גרם,גרמים,225.00,100 גרם,false,1,12.90,0.0573,true,1,285854
8710502100864,false,מרבה פטיסרי עוגיות דאבל שוקולד 200 גרם,ש.שסטוביץ בעמ,NL,מרבה פטיסרי עוגיות דאבל שוקולד 200 גרם,גרמים,200.00,100 גרם,false,1,13.90,0.0695,true,1,310895
8710502139017,false,עוגיות טריפל שוקולד צ`יפס מרבה (180 גרם),בנקטבקריי מרבה בי.וי,NL,עוגיות טריפל שוקולד ציפס מרבה 180 גרם,גרמים,180.00,100 גרם,false,1,12.90,0.0717,true,1,269976
8710502194801,false,"עוגיות שוקלד ציפס רכה פירות יער ""מרבה"" 175 גרם",בנקטבקריי מרבה בי.וי,NL,מרבה עוגיות שוקולד צ'יפס במרקם רך עם פירות יער,גרמים,175.00,100 גרם,false,1,12.90,0.0737,true,1,290695
8710502231018,false,מרבה מיני עוגיות שוקולד צ'יפס 175 גרם,ש. שסטוביץ בע`מ,NL,מיני עוגיות מרבה ש ציפס 175 גרם,גרמים,175.00,100 גרם,false,1,12.90,0.0737,true,1,307288
8710502405204,false,עוגיות שוקולד צ'יפס עם קרם שוקולד מרבה 175 גרם,קריניציה ויטמינה אס,NL,מרבה עוגיות ממולאות קרם שוקולד,גרמים,175.00,100 גרם,false,1,12.90,0.0737,true,1,273803
8710908404184,false,דאודורנט ספריי 0% אלומיניום אורגינל דאב,יוניליוור ישראל שיווק בע`מ,IT,DOVE דאו ספריי 150 ML,מיליליטרים,150.00,"100 מ""ל",false,1,19.90,0.1327,true,1,304474
8711327475618,false,מגנום פיינט וניל קלאסיק 260 גר`,"מפעל גלידות בווספרם, רחו",HU,מגנום גלידת שמנת בטעם וניל 440 מל,גרמים,260.00,100 גרם,false,1,30.90,0.1188,true,1,306622
8711327475663,false,מגנום פיינט וניל שוקולד לבן 260 גרם,"מפעל גלידות בווספרם, רחו",HU,מגנום גלידת שמנת בטעם וניל עם שוקולד לבן 440 מל,גרמים,260.00,100 גרם,false,1,30.90,0.1188,true,1,306621
8711327475717,false,מגנום פיינט וניל שקדים 260 גרם,"מפעל גלידות בווספרם, רחו",HU,מגנום גלידת שמנת בטעם וניל עם שקדים 440 מל,גרמים,260.00,100 גרם,false,1,30.90,0.1188,true,1,306623
8711327475762,false,מגנום פיינט שוקולד לבן עוגיות 260 גרם,"מפעל גלידות בווספרם, רחו",HU,מגנום גלידת שמנת שוקולד לבן ועוגיות 440 מל,גרמים,260.00,100 גרם,false,1,30.90,0.1188,true,1,306624
8712000050146,false,"בירה היינקן 0% אלכוהול בקבוק 330 מ""ל","מבשלת היינקן, ריטבלד",NL,"בירה היינקן 0.0 בקבוק 330 מ""ל",מיליליטרים,330.00,"100 מ""ל",false,1,9.90,0.0300,true,1,301758
8712100859939,false,גלידת WICH בצקעוגיות,אווגה,GR,קסטה WICH בצק עוגיות,גרמים,80.00,100 גרם,false,1,13.90,0.1738,true,1,290600
8712561594240,false,"דאב תחליב רחצה להזנה עמוקה500 מ""ל-מרכז",יוניליוור ישראל שיווק בע`מ,DE,דאב תחליב רחצה להזנה עמוקה 500 מל,מיליליטרים,500.00,"100 מ""ל",false,1,19.90,0.0398,true,1,286683
8712561611183,false,"דאב - תחליב רחצה תה ירוק ומלפפון 500 מ""ל",יוניליוור ישראל שיווק בע`מ,DE,דאב תחליב רחצה מלפפון ותה ירוק 500 מל,מיליליטרים,500.00,"100 מ""ל",false,1,19.90,0.0398,true,1,286682
8714599512159,false,קפה נמס ג'קובס מונארך190,"אל.אל.סי ""גייקובס דא",RU,גייקובס מגורען 190 גרם,גרמים,190.00,100 גרם,false,1,28.90,0.1521,true,1,310371
8714789177229,false,רבעיית מברשות שיניים קולגייט אקסטרה קלין 1 יחידה,הנסיך- מפעל לייצור ט,CN,4 מברשות שיניים קולגייט אקסטרה קלין,יחידה,1.00,יחידה,false,1,18.90,18.9000,true,1,261170
8714789740058,false,מברשת שיניים טוויסטר סופט קולגייט 2 יחידות,הנסיך- מפעל לייצור ט,CN,קולגייט מברשת טוויסטר זוג סופט,יחידה,1.00,יחידה,false,1,23.80,23.8000,true,1,275140
8715700419732,false,מתבל עגבניות היינץ (700 גרם),דיפלומט מפיצים (1968) בעמ**,NL,היינץ מתבל עגבניות 700 גרם,גרמים,700.00,100 גרם,false,1,9.90,0.0141,true,1,280798
8715700423906,false,היינץ מתבל עגבניות מופחת סוכר ומלח 50/50 550 גרם,דיפלומט מפיצים (1968) בעמ**,NL,היינץ מתבל עגבניות 50/50 550 גרם,גרמים,555.00,100 גרם,false,1,14.90,0.0268,true,1,296846
8717163655764,true,רקסונה דאודורנט ספרי,"קוסטר אירוסול, גבזה",TR,אקס דאודורנט ספריי שאוור פרש 150 מל,מיליליטרים,150.00,"100 מ""ל",false,1,19.90,0.1327,true,1,303473
8717677336616,false,שוקולד מריר עם שקדים ומלח טוניס' שוקולונלי 180 גרם,טוניס/שוקולונלי,NL,טוניס' שוקולונלי - שוקולד מריר מעולה עם שקדים ומלח,גרמים,180.00,100 גרם,false,1,20.90,0.1161,true,1,310395
8717677336630,false,שוקולד חלב עם שקדים ודבש טוניס' שוקולונלי 180 גרם,ליימן שליסל בע`מ,NL,טוניס' שוקולונלי - שוקולד חלב מעולה עם שקדים ודבש,גרמים,180.00,100 גרם,false,1,20.90,0.1161,true,1,310393
8717677336654,false,טוניס - שוקולד חלב מעולה עם שברי קרמל מלוח,ליימן שליסל בע`מ,NL,טוניס' שוקולונלי - שוקולד חלב עם שברי קרמל מלוח,גרמים,180.00,100 גרם,false,1,20.90,0.1161,true,1,311042
8717677336661,false,טוניס שוקולד מריר מעולה 70% 180 גרם רבנות - נוכרי,ליימן שליסל בע`מ,NL,טוניס' שוקולונלי - שוקולד מריר מעולה 70%,גרמים,180.00,100 גרם,false,1,20.90,0.1161,true,1,310394
8717677338436,false,שוקולד חלב עם אגוזי לוז טוניס' שוקולונלי 180 גרם,טוניס/שוקולונלי,NL,טוניס' שוקולונלי - שוקולד חלב מעולה,גרמים,180.00,100 גרם,false,1,20.90,0.1161,true,1,310392
8718951159808,true,קולגייט 360 שלישיה,קולגייט - פלמוליב,CN,3 מברשות שיניים,Unknown,0.00,Unknown,false,1,39.90,0.0000,true,1,305131
8718951166561,false,משחת שיניים לרעננות מוגברת max fresh cooling crystals,הנסיך- מפעל לייצור ט,PL,קולגייט משחת שיניים מקס פרש COOL MINT 125 מל,מיליליטרים,125.00,"100 מ""ל",false,1,21.70,0.1736,true,1,299518
8718951236790,false,"קולגייט טוטאל משחת שיניים קלין מינט לפה בריא 100 מ""ל",קולגייט פלמוליב,PL,טוטל קלין,מיליליטרים,100.00,"100 מ""ל",false,1,19.90,0.1990,true,1,301463
8718951236806,false,"קולגייט טוטאל הלבנה משחת שיניים המסייעת בהסרת כתמים 100 מ""ל",ש. שסטוביץ בע`מ,PL,משחת שיניים קולגייט,מיליליטרים,100.00,"100 מ""ל",false,1,19.90,0.1990,true,1,301462
8718951315303,false,"קולגייט אדומה משחת שיניים להגנה מפני עששת 2*100 מ""ל",קולגייט-פלמוליב,PL,משחת שיניים קולגייט אדומה זוג,יחידה,1.00,יחידה,false,1,21.90,21.9000,true,1,304710
8718951320093,false,זוג מברשות 360 אדוונס וויט שיניים קולגייט,קולגייט-פלמוליב,CN,מברשת שיניים קולגייט 360 אדוונס ווייט זו,יחידה,1.00,יחידה,false,1,39.90,39.9000,true,1,304711
8718951385290,false,אג`קס ניקוי כללי עוצמת ב -7כחול 2 ליטר,קולגייט פלמוליב,GR,נוזל לניקוי כללי ורצפות אג'קס 2 ליטר,ליטרים,2.00,ליטר,false,1,29.90,14.9500,true,1,308788
8718951466371,false,מרידול משחת לחניכיים רגישות 75 מל,קולגייט פלמוליב,PL,מרידול משחת שיניים 75 מל,מיליליטרים,75.00,"100 מ""ל",false,1,21.90,0.2920,true,1,311716
8719200998001,false,מרגרינה לאפיה ובישול בלי מלח 200 ג' בלו בנד,יוניליוור ישראל מזון בע\,IL,בלו בנד עם מלח 200 גרם,גרמים,200.00,100 גרם,false,1,5.50,0.0275,true,1,303654
8719987835339,false,סט 3 נרות זכוכית עיט,,,סט 3 נרות זכוכית עיט,יחידה,1.00,יחידה,false,1,21.90,21.9000,true,1,311635
8720181114489,false,"אקס - דאודורנט ספריי לגבר בלק 150 מ""ל",איינשטיין-צור יבוא-יצוא וסחר ב,GB,"ספריי אקס שחור 150 מ""ל",מיליליטרים,150.00,"100 מ""ל",false,1,13.90,0.0927,true,1,310676
8720181114496,false,"אקס - דאודורנט ספריי לגבר שוקולד 150 מ""ל",איינשטיין-צור יבוא-יצוא וסחר ב,GB,"ספרי גוף אקס שוקולד 150 מ""ל",מיליליטרים,150.00,"100 מ""ל",false,1,13.90,0.0927,true,1,310677
8802241132821,false,חטיף אצות קלויות עם מלח 3 * 13.5 ג',"מאן גו'ן פוד בע""מ",,חטיף אצות 3 יח,גרמים,14.00,100 גרם,false,1,11.90,0.8500,true,1,295869
8850161166204,false,"קרם קוקוס 17-19% 500 מ""ל - AMPAWA",אמפווה קוקונט פרודקט,TH,"אמפווה קרם קוקוס 500 מ""ל",מיליליטרים,500.00,"100 מ""ל",false,1,12.90,0.0258,true,1,306712
8850161167041,false,"קוקו וואי משקה קוקוס 270 מ""ל",טויו טייקאן קו.אל.טי.די,TH,"קוקו וואי משקה קוקוס 270 מ""ל",מיליליטרים,270.00,"100 מ""ל",false,1,10.50,0.0389,true,1,302120
8850389103111,false,סאפי משקה אלוורה בטעם ענבים 300מל,פארייפאבה אגרואינדוס,TH,"סאפה אלוורה ענבים בקבוק 300 מ""ל",מיליליטרים,300.00,"100 מ""ל",false,1,10.90,0.0363,true,1,264391
8850389103128,false,"משקה קל סאפה בטעם תפוח 300 מ""ל",פארייפאבה אגרואינדוס,TH,"סאפה תפוח בקבוק 300 מ""ל 24 יח",מיליליטרים,300.00,"100 מ""ל",false,1,10.90,0.0363,true,1,264392
8850389103159,false,"משקה ליצ'י עם חתיכות גלי קוקוס 320 מ""ל מוגו מוגו",סאפה פובליק קומפני לימיט,TH,מוגו מוגו ליצ'י עם חתיכות ג'לי קוקוס,מיליליטרים,320.00,"100 מ""ל",false,1,10.90,0.0341,true,1,309683
8850389104637,false,"משקה קל סאפה אלוורה אפרסק 300 מ""ל",פארייפאבה אגרואינדוס,TH,"סאפה אלוורה אפרסק בקבוק 300 מ""ל",מיליליטרים,300.00,"100 מ""ל",false,1,10.90,0.0363,true,1,267848
8850389105825,false,משקה אלוורה בטעם ענבים סאפה 1 ליטר,סאפה פובליק קומפני לימיט,TH,סאפה משקה אלוורה בטעם ענבים,ליטרים,1.00,ליטר,false,1,18.50,18.5000,true,1,269946
8850389105832,false,סאפה משקה אלוורה בטעם תפוח עם קוביות אלוורה 1 ליטר,סאפה פובליק קומפני לימיט,TH,סאפה תפוח אלוורה בקבוק ליטר,ליטרים,1.00,ליטר,false,1,18.50,18.5000,true,1,270537
8850389105849,false,סאפה משקה אלוורה מופחת קלוריות בטעם אפרסק 1 ליטר,סאפה פובליק קומפני לימיט,TH,סאפה אפרסק אלוורה בקבוק ליטר,ליטרים,1.00,ליטר,false,1,18.50,18.5000,true,1,269947
8850389111352,false,"משקה מלון עם חתיכות גלי קוקוס 320 מ""ל מוגו מוגו",סאפה פובליק קומפני לימיט,TH,מוגו מוגו מלון עם חתיכות ג'לי קוקוס,מיליליטרים,320.00,"100 מ""ל",false,1,10.90,0.0341,true,1,309684
8850389115312,false,"סאפה אלוורה מלון בקבוק 300 מ""ל",סאפה פובליק קומפני ל,TH,"סאפה אלוורה מלון בקבוק 300 מ""ל",מיליליטרים,330.00,"100 מ""ל",false,1,10.90,0.0330,true,1,296625
8850389115336,false,משקה אלוורה בטעם מלון סאפה 1 ליטר,סאפה פובליק קומפני לימיט,TH,סאפה משקה אלוורה בטעם מלון,ליטרים,1.00,ליטר,false,1,18.50,18.5000,true,1,296626
8850632604259,false,"יוגטה, חיספוסים, ממתק חמוץ בצורת מקלות בטעם תות שדה,50 גרם",ליימן שליסל בע`מ,TH,ממתק תות שדה בצורת מקלות יוגטה 50 גרם,גרמים,50.00,100 גרם,false,1,6.90,0.1380,true,1,269042
8850632604266,false,"יוגטה, ממתק חמוץ בצורת מקלות בטעם קולה, 50 גרם",ליימן שליסל בע`מ,TH,"יוגטה, ממתק חמוץ בצורת מקלות בטעם קולה, 50 גרם",גרמים,50.00,100 גרם,false,1,6.90,0.1380,true,1,269043
8850632604402,false,יוגטה חיספוסים בטעם מעורב תות שדה אבטיח ענבים בננה 50 גרם,ליימן שליסל בע`מ,TH,ממתק תות ענבים בצורת שטיח יוגטה 50 גרם,גרמים,50.00,100 גרם,false,1,6.90,0.1380,true,1,269045
8888021200126,false,סוללות אנרג'יזר מקס AA - מארז 4 יח',אנרג'יזר Energizer,SG,אנרג'ייזר סוללות מקס AA*4,Unknown,0.00,Unknown,false,1,16.90,0.0000,true,1,258296
8888021200164,false,סוללות 1X4 ADVANCED FORMULA AAA ריפרש,קריות זול,,סוללות אנרגייזר AAA רביעיה,Unknown,0.00,Unknown,false,1,16.90,0.0000,true,1,258297
8901537024014,false,"אורז בסמטי מובחר 1 ק""ג - דוואט) יורה דיעה",ג. וילי-פוד אינטרנשיונל בע`מ,IN,אורז בסמטי 1 DAAWAT קג,קילוגרמים,1.00,"ק""ג",false,1,14.90,14.9000,true,1,268180
8901537076679,false,אורז בסמטי חום מלא 1 קג`DAAWAT וילי פוד,ג. וילי-פוד אינטרנשיונל בע`מ,IN,"אורז בסמטי חום מלא דאווט 1 ק""ג",קילוגרמים,1.00,"ק""ג",false,1,16.90,16.9000,true,1,298367
8901571011018,false,סנסודיין שלישייה מב.שיניים סנסטיב סופט,הנקל,DE,מברשת שיניים סנסודיין שלישייה,יחידה,3.00,יחידה,false,1,13.90,4.6333,true,1,310926
8994692541038,false,שלישייה קונוסים לגלגול,צפניה ברזילי בעמ,,קונוס לגלגול 3 יחידות,Unknown,0.00,Unknown,false,1,8.90,0.0000,false,1,271756
8994692541120,false,12 קונוסים לגלגול,,,12 קונוסים לגלגול,Unknown,0.00,Unknown,false,1,14.90,0.0000,false,1,271780
9002975393836,false,סוכריות גילי הריבו האפי קולה 70 גרם,"האריבו , ג'\י.אם.בי.אייץ",AT,סוכריות גומי בטעם קולה 70 גרם,גרמים,70.00,100 גרם,false,1,8.90,0.1271,true,1,307937
9002975393843,false,סוכריות גילי הריבו גולדברס 70 גרם,"האריבו , ג'\י.אם.בי.אייץ",AT,סוכריות גומי בטעמי פירות דובונים 70 גרם,גרמים,70.00,100 גרם,false,1,8.90,0.1271,true,1,307938
9002975393850,false,סוכריות גילי הריבו וורמס 70 גרם,"האריבו , ג'\י.אם.בי.אייץ",AT,סוכריות גומי בטעמי פירות נחשים 70 גרם,גרמים,70.00,100 גרם,false,1,8.90,0.1271,true,1,307939
9044400841000,false,בובת פז Pez + שלוש יחידות סוכריות למילוי,ר.ב. מוצרי דגנים בעמ,HU,סוכריות פז בובה,גרמים,26.00,100 גרם,false,1,15.90,0.6115,true,1,258363
9044400851672,false,סוכריות פז סוגים שונים + 3 מילויים,ר.ב. מוצרי דגנים בעמ,HU,סוכריות פז בובה,גרמים,26.00,100 גרם,false,1,15.90,0.6115,true,1,310374
9310072028743,false,טים טם ביסקוויט במילוי שוקולד 200 גרם,"ארנוטס ביסקוויטס בע""",AU,טים טם אורגינל 200 גר,גרמים,200.00,100 גרם,false,1,24.90,0.1245,true,1,289756
9310072028750,false,חטיף שוקולד דאבל קרם טים טם (200 גרם),"ארנוטס ביסקוויטס בע""",AU,טים טם דאבל 200 גר,גרמים,200.00,100 גרם,false,1,24.90,0.1245,true,1,289234
9322969000015,false,פריכיות תירס בטעם אורגינל ריל פודס 150 ג',אף.סי תבליני בגליל ב,AU,רילפוד- פריכיות תירס בטעם טבעי 150 גר',גרמים,150.00,100 גרם,false,1,13.90,0.0927,true,1,260104
9322969000022,false,"ריל פוד פריכיות תירס עם סויה וזרעי פשתן, ללא גלוטן 150 גרם",אף.סי תבליני בגליל ב,AU,פריכיות תירס עם סויה וזרעי פשת 150 גרם,גרמים,150.00,100 גרם,false,1,13.90,0.0927,true,1,269867
9322969000046,false,פריכיות תירס שומשום אורגני ריל פודס 150 ג',אף.סי תבליני בגליל ב,AU,ריל פוד פריכיות תירס עם שומשום 150 גרם,גרמים,150.00,100 גרם,false,1,13.90,0.0927,true,1,269868
9720188050109,false,ממרח על בסיס סויה בסגנון גבינה טופוטי 225 גרם,*החברה המרכזית להפצת משקאותבעמ,IL,טופוטי - ממרח טופו בטעם גבינה - 225 גר,גרמים,225.00,100 גרם,false,1,24.90,0.1107,true,1,258387
