code,internal_code,name,manufacturer_name,manufacture_country,manufacturer_item_description,unit_qty,quantity,unit_of_measure,weighted,qty_in_package,price,unit_of_measure_price,allow_discount,status,item_id
911,true,שרי באשכול,חקלאי,IL,שרי באשכול,קילוגרמים,1.00,"ק""ג",true,,19.90,19.9000,true,1,43069
913,true,עגבניה שרי תמר ליחיד,חקלאי,IL,עגבניה שרי תמר ליחידה,קילוגרמים,0.00,"ק""ג",false,1,9.90,0.0000,true,1,42976
915,true,שרי לבבות יחידה,חקלאי,IL,שרי לבבות יחידה,Unknown,0.00,Unknown,false,1,14.90,0.0000,true,1,109630
917,true,עגבניה,חקלאי,IL,עגבניה,קילוגרמים,1.00,"ק""ג",true,,9.90,9.9000,true,1,43071
920,true,מלפפון,חקלאי,IL,מלפפון,קילוגרמים,1.00,"ק""ג",true,,13.90,13.9000,true,1,43073
927,true,מלפפון בייבי יח,חקלאי,IL,מלפפון בייבי יח,לא מנהל יחידת מידה,0.00,לא מנהל יחידת מידה,false,1,9.90,0.0000,true,1,43967
941,true,סלק,חקלאי,IL,סלק,קילוגרמים,1.00,"ק""ג",true,,6.90,6.9000,true,1,43072
943,true,ענב שחור,חקלאי,IL,ענב שחור,קילוגרמים,1.00,"ק""ג",true,,44.90,44.9000,true,1,44374
945,true,כרוב לבן,חקלאי,IL,כרוב לבן,קילוגרמים,1.00,"ק""ג",true,,5.90,5.9000,true,1,43075
960,true,כרובית ארוזה שקיל,חקלאי,IL,כרובית ארוזה שקיל,קילוגרמים,1.00,"ק""ג",true,,12.90,12.9000,true,1,16177
990,true,בצל יבש,חקלאי,IL,בצל יבש,קילוגרמים,1.00,"ק""ג",true,,6.90,6.9000,true,1,43081
995,true,בצל ירוק ארוז,חקלאי,IL,בצל ירוק ארוז,לא מנהל יחידת מידה,0.00,לא מנהל יחידת מידה,false,1,5.90,0.0000,true,1,43009
997,true,בצל אדום,חקלאי,IL,בצל אדום,קילוגרמים,1.00,"ק""ג",true,,7.90,7.9000,true,1,42967
5497,true,מאפה קטן ליחידה גדרו,גדרון,IL,מאפה קטן ליחידה גדרון,יחידה,1.00,יחידה,false,1,3.90,3.9000,true,1,119281
6913,true,מסכת בד,,,מסכת בד,יחידה,1.00,יחידה,false,1,0.30,0.3000,true,1,81614
8216,true,בלון בודד קטן -גומי,גמר,,בלון בודד קטן -גומי מטאלי +הליום,יחידה,1.00,יחידה,false,1,5.90,5.9000,true,1,70749
9110,true,בטטה,חקלאי,IL,בטטה,קילוגרמים,1.00,"ק""ג",true,,10.90,10.9000,true,1,42966
9113,true,כוסברה ארוזה,חקלאי,IL,כוסברה ארוזה,Unknown,0.00,Unknown,false,1,4.90,0.0000,true,1,43005
9114,true,נענע ארוזה,חקלאי,IL,נענע ארוזה,Unknown,0.00,Unknown,false,1,4.90,0.0000,true,1,43006
9131,true,דלעת ארוזה,חקלאי,IL,דלעת ארוזה,קילוגרמים,1.00,"ק""ג",true,,11.90,11.9000,true,1,43078
9135,true,דלורית,חקלאי,IL,דלורית,קילוגרמים,1.00,"ק""ג",true,,10.90,10.9000,true,1,43079
9138,true,דלעת ערמונים,חקלאי,IL,דלעת ערמונים,קילוגרמים,1.00,"ק""ג",true,,9.90,9.9000,true,1,44958
9140,true,חצילים,חקלאי,IL,חצילים,קילוגרמים,1.00,"ק""ג",true,,9.90,9.9000,true,1,43077
9143,true,חציל בלדי,חקלאי,IL,חציל בלדי,קילוגרמים,1.00,"ק""ג",true,,10.90,10.9000,true,1,44959
9147,true,אפרסמון,חקלאי,IL,אפרסמון,קילוגרמים,1.00,"ק""ג",true,,29.90,29.9000,true,1,43046
9155,true,פלפל כהה,חקלאי,IL,פלפל כהה,קילוגרמים,1.00,"ק""ג",true,,11.90,11.9000,true,1,43067
9158,true,פלפל חריף ירוק,חקלאי,IL,פלפל חריף ירוק,קילוגרמים,1.00,"ק""ג",true,,12.90,12.9000,true,1,43064
9160,true,פלפל אדום,חקלאי,IL,פלפל אדום,קילוגרמים,1.00,"ק""ג",true,,13.90,13.9000,true,1,43068
9163,true,פלפל צהוב,חקלאי,IL,פלפל צהוב,קילוגרמים,1.00,"ק""ג",true,,12.90,12.9000,true,1,99133
9167,true,פלפל כתום,חקלאי,IL,פלפל כתום,קילוגרמים,1.00,"ק""ג",true,,11.90,11.9000,true,1,99134
9172,true,פלפל ננסי טינקרבל,חקלאי,IL,פלפל ננסי טינקרבל,לא מנהל יחידת מידה,0.00,לא מנהל יחידת מידה,false,1,9.90,0.0000,true,1,42973
9180,true,קשואים,חקלאי,IL,קשואים,קילוגרמים,1.00,"ק""ג",true,,10.90,10.9000,true,1,43058
9224,true,אוכמניות יחידה,חקלאי,IL,אוכמניות יחידה,לא מנהל יחידת מידה,0.00,לא מנהל יחידת מידה,false,1,23.90,0.0000,true,1,70110
9229,true,נבטי חמניה,חקלאי,IL,נבטי חמניה,Unknown,0.00,Unknown,false,1,10.90,0.0000,true,1,42981
9237,true,עלי חסה שטופים,חקלאי,IL,עלי חסה שטופים,לא מנהל יחידת מידה,0.00,לא מנהל יחידת מידה,false,1,12.90,0.0000,true,1,42990
9250,true,חסה עגולה ארוזה,חקלאי,IL,חסה עגולה ארוזה,לא מנהל יחידת מידה,0.00,לא מנהל יחידת מידה,false,1,7.90,0.0000,true,1,42989
9255,true,עולש בלגי- אנדיב,חקלאי,IL,עולש בלגי- אנדיב,Unknown,0.00,Unknown,false,1,19.90,0.0000,true,1,64754
9260,true,חסה ערבית ארוזה,חקלאי,IL,חסה ערבית ארוזה,יחידה,1.00,יחידה,false,1,5.90,5.9000,true,1,42988
9290,true,תפוח אדמה אדום,חקלאי,IL,תפוח אדמה אדום,קילוגרמים,1.00,"ק""ג",true,,6.90,6.9000,true,1,43052
9295,true,תפוח אדמה לבן,חקלאי,IL,תפוח אדמה לבן,קילוגרמים,1.00,"ק""ג",true,,5.90,5.9000,true,1,43051
9297,true,פטרוזליה ארוזה,חקלאי,IL,פטרוזליה ארוזה,לא מנהל יחידת מידה,0.00,לא מנהל יחידת מידה,false,1,4.90,0.0000,true,1,43008
9299,true,סלרי ראש ארוז,חקלאי,IL,סלרי ראש ארוז,Unknown,0.00,Unknown,false,1,5.90,0.0000,true,1,42998
9306,true,סלרי עלים,חקלאי,IL,סלרי עלים,לא מנהל יחידת מידה,0.00,לא מנהל יחידת מידה,false,1,5.90,0.0000,true,1,43000
9307,true,גינגר ארוז,חקלאי,IL,גינגר ארוז,יחידה,0.00,יחידה,false,1,15.90,0.0000,true,1,42972
9308,true,נבטים סיניים גדול,חקלאי,IL,נבטים סיניים גדול,Unknown,0.00,Unknown,false,1,6.90,0.0000,true,1,42983
9311,true,גזר ארוז,חקלאי,IL,גזר ארוז,קילוגרמים,1.00,"ק""ג",true,,6.90,6.9000,true,1,43080
9323,true,פטריות פורטובלו,חקלאי,IL,פטריות פורטובלו,יחידה,1.00,יחידה,false,1,11.90,11.9000,true,1,42979
9324,true,פטריות שמפניון מארז,חקלאי,IL,פטריות שמפניון מארז,לא מנהל יחידת מידה,0.00,לא מנהל יחידת מידה,false,1,10.90,0.0000,true,1,42980
9331,true,תות שדה במארז כ 250,חקלאי,IL,תות שדה במארז כ 250 גרם,גרמים,250.00,100 גרם,false,1,19.90,0.0796,true,1,43100
9334,true,תות שדה יח 500 ג,חקלאי,IL,תות שדה יח 500 ג,גרמים,500.00,100 גרם,false,1,34.90,0.0698,true,1,52134
9345,true,שום שיני קלופות,חקלאי,IL,שום שיני קלופות יח,יחידה,1.00,יחידה,false,1,11.90,11.9000,true,1,49588
9348,true,שום בתפזורת,חקלאי,IL,שום בתפזורת,קילוגרמים,1.00,"ק""ג",true,,34.90,34.9000,true,1,43057
9441,true,סלק אדום בואקום,חקלאי,IL,סלק אדום בואקום,לא מנהל יחידת מידה,0.00,לא מנהל יחידת מידה,false,1,6.90,0.0000,true,1,42977
9486,true,לימון,חקלאי,IL,לימון,קילוגרמים,1.00,"ק""ג",true,,12.90,12.9000,true,1,43029
9500,true,תפוז מובחר,חקלאי,IL,תפוז מובחר,קילוגרמים,1.00,"ק""ג",true,,10.90,10.9000,true,1,86002
9504,true,תפוז ברשת,חקלאי,IL,תפוז ברשת,קילוגרמים,1.00,"ק""ג",true,,8.90,8.9000,true,1,99131
9510,true,מנדרינה,חקלאי,IL,מנדרינה,קילוגרמים,1.00,"ק""ג",true,,12.90,12.9000,true,1,43027
9522,true,אשכולית לבנה / אדומה,חקלאי,IL,אשכולית לבנה / אדומה,קילוגרמים,1.00,"ק""ג",true,,7.90,7.9000,true,1,43031
9555,true,בננות,חקלאי,IL,בננות,קילוגרמים,1.00,"ק""ג",true,,11.90,11.9000,true,1,43045
9560,true,אבוקדו,חקלאי,IL,אבוקדו,קילוגרמים,1.00,"ק""ג",true,,19.90,19.9000,true,1,43048
9604,true,אגס ספדונה,חקלאי,IL,אגס ספדונה,קילוגרמים,1.00,"ק""ג",true,,13.90,13.9000,true,1,43047
9637,true,קיווי מובחר,חקלאי,IL,קיווי מובחר,קילוגרמים,1.00,"ק""ג",true,,19.90,19.9000,true,1,43039
9658,true,תפוח עץ סמיט,חקלאי,IL,תפוח עץ סמיט,קילוגרמים,1.00,"ק""ג",true,,14.90,14.9000,true,1,43035
9684,true,תפוח עץ זהוב,חקלאי,IL,תפוח עץ זהוב,קילוגרמים,1.00,"ק""ג",true,,13.90,13.9000,true,1,43037
9697,true,תפוח עץ סטארקינג,חקלאי,IL,תפוח עץ סטארקינג,קילוגרמים,1.00,"ק""ג",true,,14.90,14.9000,true,1,43036
9891,true,ברוקולי ארוז,חקלאי,IL,ברוקולי ארוז,מיליליטרים,1.00,"100 מ""ל",false,1,12.90,12.9000,true,1,43083
9928,true,שמיר,חקלאי,IL,שמיר,לא מנהל יחידת מידה,0.00,לא מנהל יחידת מידה,false,1,4.90,0.0000,true,1,58308
9950,true,כרוב אדום,חקלאי,IL,כרוב אדום,קילוגרמים,1.00,"ק""ג",true,,8.90,8.9000,true,1,43076
9965,true,תפוח עץ פינק,חקלאי,IL,תפוח עץ פינק,קילוגרמים,1.00,"ק""ג",true,,19.90,19.9000,true,1,43034
91211,true,לחמנית חלה מתוקה,גדרון,IL,לחמנית חלה מתוקה,לא מנהל יחידת מידה,0.00,לא מנהל יחידת מידה,false,1,6.90,0.0000,true,1,37132
92614,true,בורקס טורקי פיטריות,"גידרון תעשיות בע""מ",,בורקס טורקי פיטריות מחיר לקג-גדרון,קילוגרמים,1.00,"ק""ג",true,,42.90,42.9000,true,1,8387
94274,true,חצי בגט גדרון א.ק,גדרון,IL,חצי בגט גדרון א.ק,לא מנהל יחידת מידה,0.00,לא מנהל יחידת מידה,false,1,3.90,0.0000,true,1,9933
97282,true,קוראסון שוקולד ענק 1,"גידרון תעשיות בע""מ",,קוראסון שוקולד ענק 1 יח-גדרון,יחידה,1.00,יחידה,false,1,10.90,10.9000,true,1,8999
99118,true,"בורקס תפו""א גדול-גיד","גידרון תעשיות בע""מ",,בורקס תפוא גדול-גידרון,קילוגרמים,1.70,"ק""ג",false,1,10.90,6.4118,true,1,8395
99248,true,בורקס גבינה,"גידרון תעשיות בע""מ",,בורקס גבינה מחיר לקג גידרון,קילוגרמים,1.00,"ק""ג",true,,42.90,42.9000,true,1,8396
99255,true,בורקס תפוא,"גידרון תעשיות בע""מ",,בורקס תפוא מחיר לקג -גידרון,קילוגרמים,1.00,"ק""ג",true,,42.90,42.9000,true,1,8397
99262,true,בורקס גבינה גדול-גיד,"גידרון תעשיות בע""מ",,בורקס גבינה גדול-גידרון,קילוגרמים,1.60,"ק""ג",false,1,10.90,6.8125,true,1,8398
99385,true,גביניות,"גידרון תעשיות בע""מ",,גביניות מחיר לקג-גידרון,קילוגרמים,1.00,"ק""ג",true,,42.90,42.9000,true,1,8399
99415,true,רוגלך,"גידרון תעשיות בע""מ",,רוגלך מחיר לקג-גידרון,קילוגרמים,1.00,"ק""ג",true,,42.90,42.9000,true,1,8401
99439,true,"קוראסון קטן מחיר לק""","גידרון תעשיות בע""מ",,קוראסון קטן מחיר לקג-גידרון,קילוגרמים,1.00,"ק""ג",true,,42.90,42.9000,true,1,8402
99460,true,קוראסון חמאה ענק 1 י,"גידרון תעשיות בע""מ",,קוראסון חמאה ענק 1 יח-גדרון,יחידה,1.00,יחידה,false,1,10.90,10.9000,true,1,8998
99477,true,ק.ביס שוקולד,"גידרון תעשיות בע""מ",,ק.ביס שוקולד מחיר לקג-גידרון,קילוגרמים,1.00,"ק""ג",true,,42.90,42.9000,true,1,8403
99927,true,בורקס בולגרי,"גידרון תעשיות בע""מ",,בורקס בולגרי מחיר לקג-גידרון,קילוגרמים,1.00,"ק""ג",true,,42.90,42.9000,true,1,8405
453781,true,שמרים יבשים 125 גרם,"אינסטנטה בע""מ",PT,שמרית שמרים יבשים 125 גרם,גרמים,125.00,100 גרם,false,1,6.90,0.0552,true,1,75261
4170134,true,בורקס תפוא גדול-גידר,"גידרון תעשיות בע""מ",,בורקס תפוא גדול-גידרון,קילוגרמים,1.60,"ק""ג",false,1,10.90,6.8125,true,1,80211
4170141,true,בורקס גבינה גדול איש,"גידרון תעשיות בע""מ",,בורקס גבינה גדול אישי גידרון,קילוגרמים,1.70,"ק""ג",false,1,10.90,6.4118,true,1,80210
30107014,false,נייר גלגול גדול + פילטר בודד,Unknown,IL,נייר גלגול גדול +פילטר בודד,יחידה,1.00,יחידה,false,1,10.00,10.0000,true,1,57727
30112902,false,נייר גלגול קטן+פילטר יח,TECHNOLOGIES REPUBLIC,FR,נייר גלגול קטן+פילטר בודד,יחידה,1.00,יחידה,false,1,8.90,8.9000,false,1,59781
30112919,false,נייר גלגול בינוני + פילטר בודד,Unknown,IL,נ.ג. בינוני+פילטר בודד,Unknown,0.00,Unknown,false,1,9.50,0.0000,false,1,57314
40084107,false,ביצת שוקולד הפתעה קינדר,פרדי קונדטוריה אס פי,IT,ביצת הפתעה - עשיר בחלב,גרמים,20.00,100 גרם,false,1,8.90,0.4450,true,1,9167
40111216,false,באונטי חטיף קוקוס ושוקולד 57ג',"נארז ע""י : א.ג. גילר",NL,חטיף קוקוס רך מצופה שוקולד חלב באונטי,גרמים,57.00,100 גרם,false,1,6.90,0.1211,true,1,3278
42138105,false,סיגריות וינסטון סלימס כחול בודד,גיי טי אינטרנשיונל,CH,סיגריות וינסטון סלימס כחול חפיסה בודד,לא מנהל יחידת מידה,0.00,לא מנהל יחידת מידה,false,1,35.80,0.0000,false,1,29403
42138129,false,סיגריות וינסטון סופר סלימס מנטול,Unknown,CH,סיגריות וינסטון סלימס מנטול חפיסה בודד,לא מנהל יחידת מידה,0.00,לא מנהל יחידת מידה,false,1,35.80,0.0000,false,1,29404
59039549,false,סיגריות ווג פריזון מנטה בודד,Unknown,PL,סיגריות ווג פריזון מנטול חפיסה בודד,Unknown,0.00,Unknown,false,1,40.00,0.0000,false,1,37066
59068907,false,סיגריות פאל מאל כחול דמי סלימס,גלוברנס,PL,סיגריות פאל מאל כחול דמי סלימס בודד,לא מנהל יחידת מידה,0.00,לא מנהל יחידת מידה,false,1,27.30,0.0000,false,1,73731
59068914,false,סיגריות פאל מאל סילבר דמי סלימס,Unknown,PL,סיגריות פאל מאל סילבר דמני סלימס בודד,לא מנהל יחידת מידה,0.00,לא מנהל יחידת מידה,false,1,27.30,0.0000,false,1,73733
59455233,false,סיגריות ווג ליידי כח,Unknown,PL,סיגריות ווג ליידי כחול חפיסה בודד,לא מנהל יחידת מידה,0.00,לא מנהל יחידת מידה,false,1,40.00,0.0000,false,1,40010
59455240,false,ווג סופרסלימס לילך חפיסה,Unknown,PL,סיגריות ווג ליידי לילך חפיסה בודד,Unknown,0.00,Unknown,false,1,40.00,0.0000,false,1,40008
72917367,false,טעמי חטיף במילוי קרם נוגט וקרמל,"שטראוס גרופ בע""מ",IL,טעמי 40 גרם,גרמים,40.00,100 גרם,false,1,6.90,0.1725,true,1,6129
72940754,false,"מילקי מעדן וניל עם קצפת שטראוס 133 מ""ל","שטראוס גרופ בע""\מ",IL,מילקי בטעם וניל,גרמים,133.00,100 גרם,false,1,3.60,0.0271,true,1,6136
72940761,false,"מילקי מעדן שוקולד עם קצפת שטראוס 133 מ""ל",מיוצר עי קונדיטוריית,IL,מילקי בטעם שוקולד,גרמים,133.00,100 גרם,false,1,3.60,0.0271,true,1,6137
72961520,false,"פרילי יוגורט עם אננס 1.5% תנובה 125 מ""ל",מיוצר עי קונדיטוריית,IL,פרילי אננס בגביע 125 גרם,מיליליטרים,125.00,"100 מ""ל",false,1,3.90,0.0312,true,1,6268
72963753,false,שמנת אורגינל של פעם 27% שומן 200 ג' תנובה,תנובה מרכז שיתופי לש,IL,תנובה שמנת של פעם אורגינל 27% שומן,מיליליטרים,200.00,"100 מ""ל",false,1,5.00,0.0250,true,1,6297
72964422,false,יוגורט פרחים 4.5% שומן 200 גרם,מחלבת תנובה,IL,תנובה יוגורט 4.5% שומן 200 מל,גרמים,200.00,100 גרם,false,1,3.60,0.0180,true,1,6300
72986370,false,"גלידת בן & ג'ריס פיינטים וניל 500מ""ל",מוצרי איכות אמריקאיים,IL,פיינט וניל FT,מיליליטרים,500.00,"100 מ""ל",false,1,29.90,0.0598,true,1,6638
72986424,false,"גלידת בן & ג'ריס פיינטים קרם עוגיות 500מ""ל",מוצרי איכות אמריקאיים בע,IL,"פיינט קרם עוגיות בד""ץ",מיליליטרים,500.00,"100 מ""ל",false,1,29.90,0.0598,true,1,6639
72986448,false,"גלידת בן & ג'ריס פיינטים טופי קראנץ 500מ""ל",מוצרי איכות אמריקאיים בע,IL,גלידת וניל עם חתיכות טופי מצופות שוקולד,מיליליטרים,500.00,"100 מ""ל",false,1,29.90,0.0598,true,1,6640
72986455,false,"ניו יורק סופר גלידת שוקולד, חתיכות פאדג' ואגוזים",מוצרי איכות אמריקאיים בע,IL,פיינט ניו-יורק סופר FT,מיליליטרים,500.00,"100 מ""ל",false,1,29.90,0.0598,true,1,6641
72986479,false,"צ'אנקי מנקי גלידת וניל, בננות, חתיכות פאדג' ואגוזים",מוצרי איכות אמריקאיים בע,IL,פיינט צאנקי מנקי FT,מיליליטרים,500.00,"100 מ""ל",false,1,29.90,0.0598,true,1,6642
72989395,false,טילון ורמוט קרם עוגיות,מוצרי איכות אמריקאיים בע,IL,טילון קרם עוגיות,גרמים,100.00,100 גרם,false,1,13.90,0.1390,true,1,8366
72989425,false,"גלידת בן & ג'ריס פיינטים שוקולד בראוניז 500מ""ל",מוצרי איכות אמריקאיים בע,IL,פיינט שוקולד בראוניס FT,מיליליטרים,500.00,"100 מ""ל",false,1,29.90,0.0598,true,1,13953
72991008,false,חטיף פסק זמן במילוי ופל מגולגל 45 גרם,"שטראוס גרופ בע""מ",IL,פז קלסיק מגדים45 גרם,גרמים,45.00,100 גרם,false,1,7.50,0.1667,true,1,6644
72991374,false,סיגריות טיים רד חפיס,דובק,IL,סיגריות טיים רד חפיסה בודד,Unknown,0.00,Unknown,false,1,30.60,0.0000,false,1,2149
72991497,false,קופסה נובלס ירוק כהה,קריות זול,IL,סיגריות נובלס פילטר חפיסה בודד,יחידה,0.00,יחידה,false,1,30.60,0.0000,false,1,2168
72991886,false,"גלידת דולצ'ה בטעם ריבת חלב עם פאדג' בן וג'ירי 500 מ""ל",מוצרי איכות אמריקאיים בע,IL,פיינט דולצ'ה דה לצ'ה,מיליליטרים,500.00,"100 מ""ל",false,1,29.90,0.0598,true,1,6645
72993637,false,מעדן חלב בטעם שוקולד 125 ג' דני,"שטראוס גרופ בע""\מ",IL,דני שוקולד,גרמים,125.00,100 גרם,false,1,3.90,0.0312,true,1,24454
72994061,false,חטיף פסק זמן GOOD גלילית לבן 40 גרם,שולן צ'\יקולטה גידה סאן.,TR,פסק זמן 2GOOD,גרמים,36.00,100 גרם,false,1,7.50,0.2083,true,1,36134
80001027,false,לואקר טורטינה שוקולד חלב,"כד בני דרום בע""מ",IT,וופל בציפוי שוקולד חלב וממלוא בקרם אגוזים,גרמים,21.00,100 גרם,false,1,5.50,0.2619,true,1,9163
80001287,false,וופל חטיף לואקר אגוז 38 גר',ליימן מותגים,AT,חטיף גרדנה אגוז 38 גרם,גרמים,38.00,100 גרם,false,1,5.50,0.1447,true,1,6863
80001461,false,חטיף גרנדה שוקולד 38 גרם,"א. לואקר קונפקט בע""מ",AT,חטיף גרדנה שוקולד 38 גרם,גרמים,38.00,100 גרם,false,1,5.50,0.1447,true,1,22289
80001485,false,חטיף גרנדה קוקוס 38 גרם,קריניציה ויטמינה אס,IT,לואקר גרדנה קוקוס,גרמים,38.00,100 גרם,false,1,5.50,0.1447,true,1,22290
80001799,false,חטיף טורטינה קרם אגוזים 21 גרם,"כד בני דרום בע""מ",IT,וופל בציפוי שוקולד חלב וממלוא בקרם אגוזים,גרמים,21.00,100 גרם,false,1,5.50,0.2619,true,1,62673
80001911,false,וופל גרדנה במילוי קרם אגוזי לוז ובציפוי שוקולד לבן,ליימן מותגים,AT,חטיף גרדנה לבן 38 גרם,גרמים,38.00,100 גרם,false,1,5.50,0.1447,true,1,67770
80042563,false,רסק עגבניות MUTTI{צהוב} 700 גרם,"איי, בי, אינבוו",IT,רסק עגבניות 700 גרם (צהוב) MUTTI,גרמים,700.00,100 גרם,false,1,12.90,0.0184,true,1,69004
80052760,false,קינדר בואנו Kinder Bueno עם חלב ואגוזי לוז,פררו - אלבה,PL,קינדר בואנו,גרמים,43.00,100 גרם,false,1,8.00,0.1860,true,1,6949
80176732,false,קינדר הפי היפו 28 יחידות,פררו - אלבה,DE,"הפי היפו קקאו, וופל במילוי קרם חלבי וקרם קקאו",גרמים,21.00,100 גרם,false,1,5.50,0.2619,true,1,23945
80177173,false,ממרח שוקולד נוטלה 350 גרם,פררו - אלבה,IT,ממרח שוקולד נוטלה אגוזים 350 גרם,גרמים,350.00,100 גרם,false,1,16.90,0.0483,true,1,6984
80177180,false,שוקולד קינדר קאונטרי 23.5 גרם,ליימן שליסל,IT,שוקולד קינדר קאנטרי 23.5 גרם,גרמים,24.00,100 גרם,false,1,5.50,0.2292,true,1,13949
80177609,false,אצבעות שוקולד קינדר Kinder ארבע יחידות,פררו - אלבה,IT,שוקולד חלב עם תכולת חלב גבוהה במילוי קרם חלבי,גרמים,50.00,100 גרם,false,1,8.90,0.1780,true,1,6985
80273592,false,פלפל ארבע עונות 30 גר ארומה דה טוסקנה,דרוגיה ואלימנטרי אס.אר.א,IT,פלפל 4 העונות במטחנה 35 גרם,גרמים,35.00,100 גרם,false,1,14.90,0.4257,true,1,7017
80273677,false,צילי במטחנה 20 גר ארומה דה טוסקנה,דרוגיה ואלימנטרי אס.אר.א,IT,"צ""ילי במטחנה 20 גרם",גרמים,20.00,100 גרם,false,1,14.00,0.7000,true,1,7023
80310891,false,ג'וי ביצת הפתעה קינדר 20 גרם,קריות זול,ZA,"ביצת קינדר ג""וי 20 גרם",גרמים,20.00,100 גרם,false,1,8.90,0.4450,true,1,124193
80651000,false,שום צילי במטחנה 30 גרם ארומה דה טוסקנה,דרוגיה ואלימנטרי אס.אר.א,IT,"שום וצ""ילי במטחנה 30 גרם",גרמים,30.00,100 גרם,false,1,14.00,0.4667,true,1,7067
80724353,false,ארטישוק פונטי מתובל,מודנצטי ויה פראדה,IT,ארטישוק מתובל 280 גרם PONTI,גרמים,280.00,100 גרם,false,1,29.90,0.1068,true,1,77332
80761761,false,קינדר בואנו חטיף לבן בודד,ליימן שליסל,PL,חטיף וופל קינדר בואנו שוקולד לבן 39 גרם,גרמים,39.00,100 גרם,false,1,8.00,0.2051,true,1,38078
80773429,false,מנטוס בקבוק מעוגל - מסטיק ללא סוכר בטעם תות 60 גרם,"פרפטי ואן מלה ג'\ידה,סאן",TR,מנטוס גומי לעיסה ללא סוכר בטעם תות שדה,גרמים,60.00,100 גרם,false,1,11.90,0.1983,true,1,72106
80773443,false,מנטוס בקבוק מעוגל - מסטיק ללא סוכר בטעם מנטה 60 גרם,"פרפטי ואן מלה ג'\ידה,סאן",TR,מנטוס גומי לעיסה ללא סוכר בטעם מנטה,גרמים,60.00,100 גרם,false,1,11.90,0.1983,true,1,70360
80790990,false,מסטיק מנטוס בבקבוק מעוגל בטעם פירות -מנטה 60 ג',"פרפטי ואן מלה ג'\ידה,סאן",TR,מסטיק מנטוס מנטה עדינה בקבוק מעוגל 60 גר,גרמים,60.00,100 גרם,false,1,11.90,0.1983,true,1,70359
80809265,false,וופל לואקר טורטינה חמאת בוטנים 21 גר,לואקר,AT,חטיף טורטינה חמאת בוטנים 21 גרם,גרמים,21.00,100 גרם,false,1,5.50,0.2619,true,1,123256
80843184,false,מנטוס מסטיק פיור פרש בטעם ענבים 60גר,פרפטי ואן מלה הולנד,TR,מסטיק בקבוקון פיור ענבים 60 גרם,גרמים,60.00,100 גרם,false,1,11.90,0.1983,true,1,121302
80864059,false,וופל גרדנה עם קרם חמאת בוטנים בציפוי שוקולד חלב,ליימן מותגים,AT,גרדנה חמאת בוטנים 38 גרם,גרמים,38.00,100 גרם,false,1,5.50,0.1447,true,1,123257
80864295,false,סוכריות פיור וויט טעם מנטה עדינה 60 ג' מנטוס,"פרפטי ואן מלה ג'ידה,סאן",TR,מנטוס גומי לעיסה ללא סוכר בטעם תות שדה,גרמים,60.00,100 גרם,false,1,11.90,0.1983,true,1,121598
80874652,false,קינדר קלפים בודד 25.6 גר',פררו,IT,קינדר קארדס 25.6 גרם,גרמים,26.00,100 גרם,false,1,6.90,0.2654,true,1,123512
80896081,false,מנטוס בקבוק מעוגל - מסטיק ללא סוכר בטעם אבטיח 60 גרם,"פרפטי ואן מלה ג'\ידה,סאן",TR,מנטוס גומי לעיסה ללא סוכר בטעם אבטיח,גרמים,60.00,100 גרם,false,1,11.90,0.1983,true,1,72107
80913467,false,מנטוס בקבוק מעוגל - מסטיק ללא סוכר בטעם מנטה,פרפטי ואן מלה הולנד,TR,mentos - pure fresh,גרמים,60.00,100 גרם,false,1,11.90,0.1983,true,1,70361
80945468,false,סוכריות פיור וויט טעם מנטה מתוקה 60 ג' מנטוס,"פרפטי ואן מלה ג'ידה,סאן",TR,מנטוס גומי לעיסה ללא סוכר בטעם תות שדה,גרמים,60.00,100 גרם,false,1,11.90,0.1983,true,1,121599
80974482,false,קינדר ג'וי כחול 72 יחידות,פררו - אלבה,ZA,"ביצת קינדר ג""וי כחול בודד",גרמים,20.00,100 גרם,false,1,7.90,0.3950,true,1,56033
80979128,false,מנטוס בקבוק מעוגל - מסטיק ללא סוכר בטעם דובדבן,פרפטי ואן מלה הולנד,TR,מסטיק בקבוקון פיור דובדובן 60 גרם,גרמים,60.00,100 גרם,false,1,11.90,0.1983,true,1,121303
80982470,false,מסטיק מנטוס פיור פרוסט בטעם מנטה חזק 60 גר',פרפטי ואן מלה ברדה,TR,מסטיק מנטוס פיור מנטה חזקה 60 ג,גרמים,60.00,100 גרם,false,1,11.90,0.1983,true,1,85389
80986348,false,סוכריות פיור וויט טעם מנטה 60 ג' מנטוס,"פרפטי ואן מלה ג'ידה,סאן",TR,מנטוס גומי לעיסה ללא סוכר בטעם תות שדה,גרמים,60.00,100 גרם,false,1,11.90,0.1983,true,1,121600
85939868,false,ניר קצר לגלגול ללא פילטר,U 4 ROLL,CZ,נייר קצר ללא פילטר,יחידה,0.00,יחידה,false,1,3.00,0.0000,true,1,46022
85942677,false,ניר קצר דק פארטי+פילטר50,U 4 ROLL,CZ,נייר קצר כולל פילטר,Unknown,0.00,Unknown,false,1,7.50,0.0000,false,1,45737
85942707,false,נייר קצר ללא פילטר עבה PIH,U 4 ROLL,CZ,נייר קצר עבה,Unknown,0.00,Unknown,false,1,3.00,0.0000,false,1,55212
85951730,false,פלטר פרטי 120יח' 6X15 1,U 4 ROLL,CZ,120 פילטרים SLIM PARTY,Unknown,0.00,Unknown,false,1,7.50,0.0000,false,1,40791
85966611,false,נייר גלגול גדול כולל פילטר PIH,רול פור יו,CZ,נייר גלגול גדול כולל פילטר PIH,יחידה,1.00,יחידה,false,1,8.00,8.0000,false,1,81035
85967069,false,נייר גלגול גדול כולל פילטר חום,רול פור יו,CZ,נייר גלגול גדול כולל פילטר חום,יחידה,1.00,יחידה,false,1,10.00,10.0000,false,1,79081
85967076,false,נייר גלגול בינוני כולל פילטר חום,בל פור יו,CZ,נייר בינוני כולל פיל,יחידה,1.00,יחידה,false,1,8.50,8.5000,true,1,81034
87108538,false,סוכריות בטעם תות מנטוס 37.5 גרם,הדקלאים אגודת שיתופי,NL,מנטוס תות 40 גלילים,גרמים,38.00,100 גרם,false,1,5.00,0.1316,true,1,21646
90162602,false,רד בול משקה אנרגיה פקדון 30 אג,רד בול ג'י.אם.בי. אץ,IL,"משקה אנרגיה רד בול 250 מ""ל",מיליליטרים,250.00,"100 מ""ל",false,1,8.90,0.0356,true,1,20811
90162800,false,רד בול משקה אנרגיה ללא סוכר פקדון 30 אג,רד בול ג'י.אם.בי. אץ,AT,רד בול,מיליליטרים,250.00,"100 מ""ל",false,1,8.90,0.0356,true,1,21841
90446269,false,"משקה רד בול אבטיח מוגז פחית 250 מ""ל",ראון פרוכטסאפה,AT,רד בול אבטיח - משקה אנרגיה פונקציונאלי,מיליליטרים,250.00,"100 מ""ל",false,1,8.90,0.0356,true,1,85653
90448867,false,"משקה אנרגיה רד בול ללא פחמימות 250 מ""ל",רד בול,AT,"רד בול ללא פחמימות 250 מ""ל",מיליליטרים,250.00,"100 מ""ל",false,1,8.90,0.0356,true,1,122864
96198117,false,פישרמנס ספירמינטס ללא סוכר,Unknown,GB,‏פישרמנס‏ ‏ספירמינט‏ ‏ללא‏ ‏סוכר,גרמים,25.00,100 גרם,false,1,9.90,0.3960,true,1,121684
96198162,false,פישרמנס מנטה ללא סוכר - ירוק לבן,Unknown,GB,פישרמנס‏ ‏מנטה‏ ‏ללא סוכר ‏-‏ירוק‏ ‏לבן,גרמים,25.00,100 גרם,false,1,9.90,0.3960,true,1,121683
9800800056,false,חטיף שוקולד עם מקלות לחם אנד גו,פררו - אלבה,DE,נוטלה גו בייגלה מלוח,גרמים,52.00,100 גרם,false,1,8.90,0.1712,true,1,67045
11210000094,false,רוטב טבסקו אדום 60 גרם,מקאילהייני אייבורי,US,"רוטב טבסקו 60 מ""ל",מיליליטרים,60.00,"100 מ""ל",false,1,14.90,0.2483,true,1,105
12300119139,false,ווינסטון כחול בוקס עשירייה,Unknown,CH,סיגריות וינסטון כחול בוקס פקט 10 יח,Unknown,0.00,Unknown,false,1,328.00,0.0000,false,1,10543
16000507777,false,נייטשר ואלי חטיף קראנצ'י שוקולד,ג'נרל מילס,ES,קראנצי שיבולת שועל שוקולד מריר 42 גרם,גרמים,42.00,100 גרם,false,1,5.90,0.1405,true,1,38678
16000548404,false,חטיפי גרנולה קראנצ'י עם שיבולת שועל ודבש נייצ'ר ואלי 5*42 גרם,ג'נרל מילס סאן אדריאן,ES,"נייטשר וואלי, קראנצ'י שיבולת שועל עם דבש",גרמים,210.00,100 גרם,false,1,14.90,0.0710,true,1,625
16000548497,false,קראנצי שיבולת שועל ודבש בודד 42גר,ג'נרל מילס,,"קראנצ""י שיבולת שועל ודבש בודד 42 גרם",גרמים,42.00,100 גרם,false,1,5.90,0.1405,true,1,13709
16000548503,false,חטיפי גרנולה קראנצ'י עם מייפל וסוכר חום נייצ'ר ואלי 5*42 גרם,ג'נרל מילס סאן אדריאן,ES,חטיפי גרנולה קראנצי מייפל וסוכר חום 210,גרמים,210.00,100 גרם,false,1,14.90,0.0710,true,1,626
16000548596,false,חטיף 18 יח מייפל וסוכר חום,ג'נרל מילס,,"קראנצ""י מייפל סוכר חום בודד 42 גרם",גרמים,42.00,100 גרם,false,1,5.90,0.1405,true,1,13710
16000548602,false,חטיפי גרנולה קראנצ'י קינמון נייצ'ר ואלי 5*24 גרם,ג'נרל מילס סאן אדריאן,ES,חטיפי גרנולה קראנצי קינמון 210 גרם,גרמים,210.00,100 גרם,false,1,14.90,0.0710,true,1,627
18000701223,false,"פילסברי, עוגה בטעם שוקולד, תערובת להכנת עוגה בטעם שוקולד. 500 גרם",הדקלאים אגודת שיתופי,IL,תערובת להכנת עוגת שוקולד פילסברי 500 גרם,גרמים,500.00,100 גרם,false,1,20.00,0.0400,true,1,757
18000703494,false,"פילסברי, עוגה בטעם וניל, תערובת להכנת עוגה בטעם וניל. 500 גרם.",הדקלאים אגודת שיתופי,IL,תערובת לעוגה וניל פילסברי,גרמים,524.00,100 גרם,false,1,20.00,0.0382,true,1,758
30000315989,false,קוואקר פרוטאין חמוציות ושקדים 372 גרם,קוואקר אוטס קומפני,US,קוואקר פרוטאין חמוציות ושקדים 372 גרם,גרמים,372.00,100 גרם,false,1,26.90,0.0723,true,1,78624
30100487197,false,קיבלר סנדוויץ קרקר גבינה וצדר 39 גרם,"מאכלי עולם ר.ז. בע""מ",,קיבלר קרקר גבינת צדר לבן 39 גרם,גרמים,39.00,100 גרם,false,1,5.50,0.1410,true,1,58477
30100545101,false,קיבלר קרקר קלאב צדר,"מאכלי עולם ר.ז. בע""מ",,קיבלר קרקר קלאב צדר כתום 39 גרם,גרמים,39.00,100 גרם,false,1,5.50,0.1410,true,1,55774
36000183399,false,"ליטל סווימרס בגד-ים חד פעמי 7-15 ק""ג M האגיס",חוגלה קימברלי,CZ,חיתולי האגיס שחיה מידה S/M,לא מנהל יחידת מידה,0.00,לא מנהל יחידת מידה,false,1,45.90,0.0000,true,1,2762
36000516876,false,ממחטות נייר קלינקס לושן 3 שכבות 75 דף,חוגלה קימברלי,US,קלינקס לושן 75 - 3 שכבות,יחידה,27.00,יחידה,false,1,13.90,0.5148,true,1,80959
37600207188,false,חמאת בוטנים קלאסי סקיפי 462 גרם,חברת המזון אלגוד,US,חמאת בוטנים סקיפי קלאסי 462 גרם,גרמים,462.00,100 גרם,false,1,21.90,0.0474,true,1,57986
38000183690,true,פרינגלס ברביקיו מידי,פרינגלס מניופקצ'ורינ,US,פרינגלס ברביקיו מידי חלבי 74 גרם,גרמים,74.00,100 גרם,false,1,6.90,0.0932,true,1,75773
38000232152,false,פרינגלס חטיפי תפוח אדמה בטעם ברביקיו 158 גרם,פרינגלס מנופקצ'ורינג קומ,US,פרינגלס ברביקיו 158גרם,גרמים,158.00,100 גרם,false,1,13.90,0.0880,true,1,81335
38000232169,false,פרינגלס מידי אורגינל 71 גרם,פרינגלס מנופקצ'ורינג קונ,US,פרינגלס מידי אורגינל 67גרם,גרמים,67.00,100 גרם,false,1,6.90,0.1030,true,1,81336
38000232176,false,פרינגלס ביג שמנת בצל 158 גרם,פרינגלס מנופקצ'ורינג קונ,US,פרינגלס שמנת בצל 158גרם,גרמים,158.00,100 גרם,false,1,13.90,0.0880,true,1,81334
38000232183,false,פרינגלס ביג אורגינל 149 גרם,פרינגלס מנופקצ'ורינג קונ,US,פרינגלס אורגינל 149 גרם,גרמים,149.00,100 גרם,false,1,13.90,0.0933,true,1,81333
38000845253,false,חטיף צ'יפס פרינגלס מידי שמנת בצל 71 גרם,פרינגלס מנופקצ'ורינג קונ,US,פרינגלס מידי שמנת בצל 71 גרם,גרמים,71.00,100 גרם,false,1,6.90,0.0972,true,1,75771
38527591053,false,קואקר דגנים מרובעים שיבולת שועל וקינמון,קוואקר אוטס קומפני,US,דגני קוואקר מרובעים קינמון 411 גרם,גרמים,411.00,100 גרם,false,1,25.90,0.0630,true,1,42042
38527591060,false,דגני קוואקר מרובעים Quaker Squares עם סוכר חום,קוואקר אוטס קומפני,US,דגני קוואקר מרובעים סוכר חום 411 גרם,גרמים,411.00,100 גרם,false,1,25.90,0.0630,true,1,42043
40000514480,false,M&M אריזה קטנה's שוקולד אריזה קטנה 48 גרם,M&M אם אנד אם,US,סוכריות M&M בטעם שוקולד 48 גרם,גרמים,48.00,100 גרם,false,1,5.90,0.1229,true,1,67131
40000514510,false,M&M אריזה קטנה's בוטנים אריזה קטנה 49 גרם,M&M אם אנד אם,US,סוכריות שוקולד M&M בוטנים 49 גרם,גרמים,49.00,100 גרם,false,1,5.90,0.1204,true,1,66892
41224468108,false,עגבניות מיובשות שמן זית 340 גרם ROLAND,סיגס גיטה,TR,עגבניות מיובשות בשמן זית 283 גרם,גרמים,283.00,100 גרם,false,1,29.90,0.1057,true,1,26733
44600320717,false,פחם קינגספורד אטרגינ,כלורוקס אוקלנד,US,"פחם קינגספורד אורגינל 3.6 ק""ג",קילוגרמים,3.60,"ק""ג",false,1,49.90,13.8611,true,1,122686
46214731552,false,עוגיות שוקולד צ'יפס 37% גודיס 225 גרם,קריניציה ויטמינה אס,NL,מרבה עוגיות עם 37% שוקולד צ'יפס 225 גרם,גרמים,225.00,100 גרם,false,1,12.90,0.0573,true,1,3820
50000225224,false,מזול חתולים פריסקיז פילה הודו ברוטב 156 גרם,נסטלה פורינה USA קר,US,פריסקיז פריים פילה הודו ברוטב 156 גר,גרמים,156.00,100 גרם,false,1,6.90,0.0442,true,1,123161
50000292615,true,פנסי פיסט לבבות עוף,פורינה,US,פנסי פיסט לבבות עוף וכבד,גרמים,85.00,100 גרם,false,1,5.90,0.0694,true,1,123162
50000429042,false,מזון חתולים כבד מעודן ועוף פנסי פיסט 85 גרם,נסטלה פורינה USA ג',US,מזון חתולים כבד מעודן ועוף פנסי פיסט 85,גרמים,85.00,100 גרם,false,1,5.90,0.0694,true,1,93387
50000429448,false,פנסי פיסט מוס סלומון 85 גרם,נסטלה פורינה USA סט,US,פנסי פיסט מוס סלמון 85 גר,גרמים,85.00,100 גרם,false,1,5.90,0.0694,true,1,87351
50000429646,false,פריסקיז פנסי פיסט לח דג אוקיאנוס 85 גרם,נסטלה פורינה USA ג',US,מזון חתולים לח דגים פנסי פיסט 85 גרם,גרמים,85.00,100 גרם,false,1,5.90,0.0694,true,1,4086
50000445691,false,מזול חתולים פריסקיז עוף וסלמון ברוטב 156 גרם,נסטלה פורינה USA קר,US,פריסקיז חתולים נתחי עוף וסלמון ברוטב,גרמים,156.00,100 גרם,false,1,6.90,0.0442,true,1,123155
64144090013,false,פאם תרסיס על בסיס שמן קנולה בטעם חמאה,קונאגרה פודס,US,"תרסיס PAM שמן חמאה 148 מ""ל",מיליליטרים,148.00,"100 מ""ל",false,1,19.50,0.1318,true,1,44171
64144090051,false,"ספריי שמן PAM קנולה אורגינל 148 מ""ל",קונאגרה פודס,US,"PAM תרסיס שמן קנולה 148 מ""ל",מיליליטרים,148.00,"100 מ""ל",false,1,19.50,0.1318,true,1,61096
70970471285,false,"סוכריות מייק אייק רד רייג'רס, 141 ג'",ג'אסט בורן,US,מייק & אייק רייגרס 141 גרם,גרמים,141.00,100 גרם,false,1,12.90,0.0915,true,1,124538
70970471308,false,"סוכריות מייק אייק רד רייג'רס, 141 ג'",ג'אסט בורן,US,מייק & אייק ענבים 141 גרם,גרמים,141.00,100 גרם,false,1,12.90,0.0915,true,1,124558
70970473562,false,מייק לייק - סוכריות ג'לי בינס קרטונית מגה מיקס 141 גרם,ג'\אסט בורן,US,מייק אנד אייק מגה מיקס 141 גרם,גרמים,141.00,100 גרם,false,1,13.90,0.0986,true,1,70226
71570009762,false,גלי בלי בטעם מיקס טר,ג'לי בלי קינדי,TH,גלי בלי בטעם מיקס טרופי 70 גרם,גרמים,70.00,100 גרם,false,1,16.90,0.2414,true,1,123364
71570010089,false,גלי בלי בטעם ליקוריץ,ג'לי בלי קינדי,US,גלי בלי בטעם ליקוריץ 70 גרם,גרמים,70.00,100 גרם,false,1,16.90,0.2414,true,1,123374
71570010119,false,גלי בלי בטעם דובדבן,ג'לי בלי קינדי,TH,גלי בלי בטעם דובדבן 70 גרם,גרמים,70.00,100 גרם,false,1,16.90,0.2414,true,1,123363
74299018060,true,הוט ויילס חמישיה,,,הוט ויילס חמישיה,יחידה,1.00,יחידה,false,1,59.90,59.9000,true,1,44814
76840002542,false,"גלידת בן & ג'ריס פיינט נטפליקס וצ'ילד 500מ""ל",מוצרי איכות אמריקאיים בע,IL,פיינט נטפליקס וצילד,גרמים,500.00,100 גרם,false,1,29.90,0.0598,true,1,82362
76840100156,false,"בן אנד גריס גלידת צרי גרסיה 500 מ""ל",מוצרי איכות אמריקאיים בע,IL,"גלידה צרי גרסיה 500 מ""ל",מיליליטרים,500.00,"100 מ""ל",false,1,29.90,0.0598,true,1,6750
76840100583,false,"גלידת וניל עם בצק עוגיות בן וג'ירי 473 מ""ל",מוצרי איכות אמריקאיים בע,IL,"גלידה בצק עוגיות 473 מ""ל",מיליליטרים,473.00,"100 מ""ל",false,1,29.90,0.0632,true,1,34345
76840400218,false,"גלידה בן&ג'ריס תות שדה ועוגת גבינה 500מ""ל",מוצרי איכות אמריקאיים בע,IL,"גלידה עוגת גבינה ותות שדה 473 מ""ל",מיליליטרים,473.00,"100 מ""ל",false,1,29.90,0.0632,true,1,53483
77245110610,false,סוכריות מאסט ללא סוכר בטעם מנטה 80 ג'עלית,MIESZKO S.A - MS. JO,PL,סוכריות מאסט מנטה ללא סוכר 80 גרם,גרמים,80.00,100 גרם,false,1,11.90,0.1488,true,1,9829
77343000233,false,נרות חימום 50 יחידות,"מנורה שי נר בע""מ",IL,נרות חימום אורה 50,יחידה,1.00,יחידה,false,1,11.90,11.9000,true,1,64862
77975091975,false,סניידרס סנדוויץ' בייגלה במילוי קרם בטעם פיצה,ליימן מותגים,US,סניידרס סנדוויץ בייגלה במילוי קרם בטעם,יחידה,1.00,יחידה,false,1,19.90,19.9000,true,1,80377
77975094624,false,"סניידרס סנדוויץ בייגלה במילוי חמאת בוטנים , 226 ג'",סניידרס Snyder's,US,שברי בייגלה סניידרס חמאת בוטנים 283 גרם,גרמים,284.00,100 גרם,false,1,19.90,0.0701,true,1,83276
77975094631,false,סניידרס סנדוויץ' בייגלה במילוי קרם בטעם צ'דר 226 גרם,סניידרס לאנס,US,"בייגלה סניידרס סנדביץ גבינה צ""דר 226 גרם",גרמים,226.00,100 גרם,false,1,19.90,0.0881,true,1,83275
77975094778,false,שברי בייגלה סניידרס בטעם דבש חרדל 340 גר,סניידרס אוף האנובר,US,סניידרס דבש חרדל ובצל 340 גרם,גרמים,340.00,100 גרם,false,1,19.90,0.0585,true,1,85639
77975095157,false,סניידרס שברי בייגלה בטעם חלפיניו 318 גרם,סניידרס Snyder's,US,בייגלה סניידרס חלפיניו 318גרם,גרמים,318.00,100 גרם,false,1,19.90,0.0626,true,1,122824
80518532743,false,חבילת בלונים (50 יח') פסטל בסטרים,NORTHERN,CN,שקית בלון 50 בלונים,מיליליטרים,0.00,"100 מ""ל",false,1,16.00,0.0000,true,1,7036
613008742409,false,בקבוק אריזונה אפרסק 1 ליטר,"נטורלה גטרנק בע""\מn\",DE,אריזונה אפרסק בקבוק 1 ליטר,ליטרים,1.00,ליטר,false,1,14.90,14.9000,true,1,82558
613008753290,false,"בקבוק אריזונה אפרסק 450 מ""ל",נובה טרייד אל טי די,BG,אריזונה אפרסק 450 מל,מיליליטרים,450.00,"100 מ""ל",false,1,10.90,0.0242,true,1,77682
613008753320,false,"תה קר ג'ינסנג ודבש אריזונה 450 מ""ל",אריזונה Arizona,BG,אריזונה גינסנג ודבש 450 מל,מיליליטרים,450.00,"100 מ""ל",false,1,10.90,0.0242,true,1,77683
613008753382,false,"בקבוק אריזונה אוכמניות 450 מ""ל",נובה טרייד אל טי די,BG,אריזונה אוכמניות 450 מל,מיליליטרים,450.00,"100 מ""ל",false,1,10.90,0.0242,true,1,77681
638102532817,false,חטיף על בסיס חלבון סויה עם שוקולד מריר,"אבוט נוטרישן, מעבדות",US,חטיף זון דאבל שוקולד,גרמים,50.00,100 גרם,false,1,13.90,0.2780,true,1,76924
638102582737,false,חטיף זון קלסיק רול קינמון 50 גר,"אבוט נוטרישן, מעבדות",US,חטיף זון קלאסיק רול קינמון,גרמים,50.00,100 גרם,false,1,13.90,0.2780,true,1,76926
651080647519,false,קיסמים עם חוט דנטלי פלאקרס מנטה 35 יחידות,"פלקרס רנור ארה""ב",US,פלאקרס פלוסר חוט דנטלי ירוק -מנטה,יחידה,1.00,יחידה,false,1,12.90,12.9000,true,1,69402
686412282984,false,נתחי טונה לבנה בשמן זית 220 גרם ORTIZ,אורטיז ORTIZ,ES,טונה לבנה בשמן זית (צנצנת)220 גרם ORTIZ,גרמים,220.00,100 גרם,false,1,46.90,0.2132,true,1,83400
693493010788,false,"נאצוס חטיף טורטיה ע""ב תירס ברביקיו 200 ג",או. קיי סניקס,DK,נאצוס בטעם ברביקיו 200 גרם,גרמים,200.00,100 גרם,false,1,16.90,0.0845,true,1,123370
693493010818,false,"נאצוס - חטיף טורטיה ע""ב תירס בטע 200 גר",או. קיי סניקס,DK,נאצוס בטעם טבעי 200 גרם,גרמים,200.00,100 גרם,false,1,16.90,0.0845,true,1,123371
693493150781,false,ערק ערנבים בטעם אננס,אליס בראנפמן,IL,ערק ערנבים בטעם אננס 700 מל,מיליליטרים,700.00,"100 מ""ל",false,1,79.90,0.1141,true,1,123272
693493162111,false,סיגריה אלקטרונית חפ,קלאס ספא,CN,סיגריה אלקטרונית חפ אייס אבטיח 3000 שאי,יחידה,1.00,יחידה,false,1,99.90,99.9000,true,1,123387
721733000739,false,פטרון סילבר טקילה מארז TIN 2016) ) 700,פטרון דיסטרליס,MX,טקילה פטרון סילבר 700 מל,מיליליטרים,700.00,"100 מ""ל",false,1,179.90,0.2570,true,1,83621
728229123590,false,טרה אורגינל חטיף על בסיס ירקות שורש בטעם טבעי 110 גרם,הונדורס צ'יפס יצור א,HN,טרה חטיף על בסיס ירקות שורש בטעם טבעי 110 גרם,גרמים,110.00,100 גרם,false,1,18.90,0.1718,true,1,19892
728229123613,false,טרה חטיף על בסיס תפוח אדמה כחול בטעם טבעי 110 גרם,היין סלסטיאל גרופ,US,טרה חטיף על בסיס תפוח אדמה כחול בטעם טבעי 110 גרם,גרמים,110.00,100 גרם,false,1,18.90,0.1718,true,1,91918
728229123811,false,טרה חטיף על בסיס ירקות שורש בתיבול ים תיכוני 110 גרם,הונדורס צ'יפס יצור א,HN,טרה ירקות ים תיכוני 110 גרם,גרמים,110.00,100 גרם,false,1,18.90,0.1718,true,1,19895
728229124771,false,טרה חטיף על בסיס בטטה בטעם ברביקיו 110 גרם,היין פיוצ'ור נטורל פ,IN,טרה חטיף על בסיס בטטה בטעם ברביקיו 110 גרם,גרמים,110.00,100 גרם,false,1,18.90,0.1718,true,1,66621
728229130154,false,טרה חטיף על בסיס בטטה וסלק בטעם טבעי 110 גרם,הונדורס צ'יפס יצור א,HN,טרה חטיף על בסיס בטטה וסלק בטעם טבעי 110 גרם,גרמים,110.00,100 גרם,false,1,18.90,0.1718,true,1,30990
728229130444,false,"חטיף על בסיס ירקות שורש עם בטטה, תפו""א כחול וסלק",היין סלסטיאל גרופ,US,טרה ירק תפוא כחול סלק 110 גרם,גרמים,110.00,100 גרם,false,1,18.90,0.1718,true,1,34815
729001735395,false,FOOTBALL STARS מעטפ,PANINI,IT,FOOTBALL STARS מעטפת מדבקות חינם,יחידה,1.00,יחידה,false,1,5.00,5.0000,true,1,124559
768404001640,false,"גלידה בן&ג'ריס קפה משפחתית 500מ""ל",מוצרי איכות אמריקאיים בע,IL,"פיינט בטעם קפה בן אנד גרי 500 מ""ל",מיליליטרים,500.00,"100 מ""ל",false,1,29.90,0.0598,true,1,29219
802084124951,false,טבק לנרגילה SOEX אבט,Soex,,טבק לנרגילה SOEX אבטיח,Unknown,0.00,Unknown,false,1,11.90,0.0000,false,1,33151
812319014308,false,לה מורנה דובדבן וניל,,DO,לה מורנה דובדבן וניל 5 יחידות,יחידה,5.00,יחידה,false,5,36.90,7.3800,false,1,123104
833949000264,false,"סירופ מייפל אמיתי 100% אורגני 250 מ""ל",דיקסר קוויבק,CA,סירופ מייפל אורגני 330 גרם,גרמים,330.00,100 גרם,false,1,32.90,0.0997,true,1,43949
835811005513,false,כוס ויסקי גבוהה 10 י,,,כוסות ויסקי 10 יח,לא מנהל יחידת מידה,0.00,לא מנהל יחידת מידה,false,1,10.90,0.0000,true,1,53217
835811005933,false,תבנית אלמניום ענק 5יח',ווינפאק,,תבנית אלומיניום ענק 5 יחידות,לא מנהל יחידת מידה,0.00,לא מנהל יחידת מידה,false,1,13.90,0.0000,true,1,48715
835811006060,false,"כוסות אספרסו קטנות 75 מ""ל",הנמל,,כוסות נייר אספרסו 50 יח,Unknown,0.00,Unknown,false,1,7.90,0.0000,true,1,46405
835811009023,false,"כוסות משקה חם קרטון 235 מ""ל",הנמל,,כוסות קרטון,יחידה,0.50,יחידה,false,1,15.90,31.8000,true,1,31367
839762000641,false,משקה איילנד מנגו נקטר 1 ל',"פאראגאלה,דה אג'יפשן קו פ",EG,איילנד מנגו 1 ליטר,ליטרים,1.00,ליטר,false,1,16.90,16.9000,true,1,13754
839762000658,false,איילנד גויאבה המשקה של חופי סיני 1 ליטר,The Egyptian Co. for,EG,איילנד גויאבה המשקה של חופי סיני 1 ליטר,ליטרים,1.00,ליטר,false,1,16.90,16.9000,true,1,13419
839762002379,false,"משקה איילנד מנגו 350 מ""ל","פאראגאלה,דה אג'יפשן",EG,"איילנד מנגו 350 מ""ל",מיליליטרים,350.00,"100 מ""ל",false,1,8.90,0.0254,true,1,34053
839762002386,false,נקטר איילנד גויאבה 3,"פאראגאלה,דה אג'יפשן",EG,"איילנד גויאבה 350 מ""ל",מיליליטרים,350.00,"100 מ""ל",false,1,8.90,0.0254,true,1,34054
842387000736,false,מטען רכב פרימיום מיק,Unknown,,מטען רכב לגלקסי פרמיום 2A,יחידה,1.00,יחידה,false,1,39.90,39.9000,true,1,80442
856591000062,false,עוגיות מזרחיות עם מלח עבאדי 400 גרם,מאפיית יוסף ושמחה עבאדי,IL,מזרח. מלח 400ג 856591000062,גרמים,400.00,100 גרם,false,1,21.90,0.0547,true,1,14518
856591000109,false,עוגיות מזרחיות פריך במיוחד עבאדי 400 גרם,מאפיית יוסף ושמחה עבאדי,IL,עבאדי עוגיות מזרחיות פריך במיוחד 400 גרם,גרמים,400.00,100 גרם,false,1,21.90,0.0547,true,1,33221
856591000574,false,מיני נשנוש עבאדי טעם טבעי 40 גר,מאפיית יוסף ושמחה עב,IL,מיני נשנוש בטעם טבעי 40 גרם,גרמים,40.00,100 גרם,false,1,3.90,0.0975,true,1,64073
888849008100,false,משקה חלבון קווסט בטע,קווסט נטרישן,US,משקה חלבון קווסט בטעם שוקולד 330מל,מיליליטרים,330.00,"100 מ""ל",false,1,19.90,0.0603,true,1,121720
888849008117,false,משקה חלבון קווסט בטע,קווסט נטרישן,US,משקה חלבון קווסט בטעם וניל 330מל,מיליליטרים,330.00,"100 מ""ל",false,1,19.90,0.0603,true,1,121721
3013201300029,false,מחממי אוזניים שחור,IMPOFIX,,מחממי אוזניים שחור,יחידה,1.00,יחידה,false,1,8.90,8.9000,true,1,51276
3014260214692,false,"ג'ל גילוח ג'ילט סירייס לעור רגיש 200 מ""ל",פרוקטר אנד גמבל,GB,גל גילוח גילט סירייס לעור רגיש ירוק 200,מיליליטרים,20000.00,"100 מ""ל",false,1,15.90,0.0008,true,1,92055
3014260287030,false,סכיני גילוח חד פעמי חמישיה gullette,פרוקטר אנד גמבל,MD,סכיני גילוח חד פעמי גילט 5 יחידות,לא מנהל יחידת מידה,0.00,לא מנהל יחידת מידה,false,1,9.90,0.0000,true,1,20165
3046920010801,false,שוקולד מריר אקסלנס עם אגוזי לוז,לינדט ושפרונגלי קילשברג,FR,שוקולד לינדט אקסלנס הזלנט 100 גרם,גרמים,100.00,100 גרם,false,1,19.90,0.1990,true,1,112111
3046920027281,false,שוקולד מריר אקסלנס במילוי קרמל ומלח ים,לינדט ושפרונגלי קילשברג,FR,שוקולד לינדט אקסלנס קרמלסולט 100 גרם,גרמים,100.00,100 גרם,false,1,19.90,0.1990,true,1,123434
3046920028004,false,לינדט שוקולד אקסלנס מריר 70% 100 גר,לינדט ושפרונגלי קילשברג,FR,לינדט אקסלנס 70% שוקולד מריר 100 גר,גרמים,100.00,100 גרם,false,1,19.90,0.1990,true,1,2216
3046920028363,false,לינדט אקסלנס 85% מוצקי קקאו 100 גרם,לינדט ושפרונגלי קילשברג,FR,שוקולד לינדט אקסלנס 85% 100 גרם,גרמים,100.00,100 גרם,false,1,19.90,0.1990,true,1,15928
3046920029674,false,שוקולד לינדט אקסלנס סולט 100 גרם,לינדט ושפרונגלי קילשברג,DE,שוקולד לינדט אקסלנס מלח 100 גרם,גרמים,100.00,100 גרם,false,1,19.90,0.1990,true,1,29207
3059943015128,false,מבשם אוויר נטול גז אקווה מיסט בניחוח לבנדר פראי ואוויר הרים,הדקלאים אגודת שיתופי,PL,"מבשם אוויר איירוויק נטול גז בניחוח לבנדר 345 מ""ל",מיליליטרים,345.00,"100 מ""ל",false,1,15.90,0.0461,true,1,31861
3073781162790,false,גבינה מותכת בייבי בל 120 גרם,מחלבות בל,FR,"בייבי בל גבינה מחלב מפוסטר, 120 גרם",גרמים,120.00,100 גרם,false,1,22.90,0.1908,true,1,122683
3141360054405,false,פיניש מפיץ ריח למדיח בניחוח לימון וליים,הדקלאים אגודת שיתופי,HU,מפיץ ריח למדיח לימון פיניש,לא מנהל יחידת מידה,0.00,לא מנהל יחידת מידה,false,1,18.90,0.0000,true,1,75097
3179730011024,false,פרייה מים מינרלים מבעבעים טבעיים,נסטלה ווטרס ספלאי,FR,פרייה מים מינרלים מבעבעים טבעיים 330 מל,מיליליטרים,330.00,"100 מ""ל",false,1,8.90,0.0270,true,1,34613
3523230025652,true,בושה עיזים שום 125 ג,אוריאל,FR,בושה עיזים שום ע.תיבול 125 גרם,גרמים,125.00,100 גרם,false,1,25.90,0.2072,true,1,77846
3574660089547,false,טמפונים נורמל קלאסי אובה 32 יחידות,ג'\ונסון אנד ג'\ונסון,GR,אובה טמפונים ללא מוליך נורמל 32 יח',יחידה,1.00,יחידה,false,1,32.90,32.9000,true,1,22307
3574660115154,false,או-בה טמפונים קלאסי סופר 32יח',ג'\ונסון אנד ג'\ונסון,GR,אובה טמפונים ללא מוליך סופר 32 יח',יחידה,1.00,יחידה,false,1,32.90,32.9000,true,1,22310
3574660333466,false,טמפונים מיני פרו קומפורט אובה 32 יחידות,הנסיך- מפעל לייצור ט,DE,אובה מיני טמפונים ללא מוליך 32 יחידות,ליטרים,0.00,ליטר,false,1,32.90,0.0000,true,1,44541
3574661425139,true,גונסונס בייבי קרם הח,CILAG GMBH INTERNATI,IT,גונסונס בייבי קרם החתלה 100 מל חדש,מיליליטרים,100.00,"100 מ""ל",false,1,17.90,0.1790,true,1,78111
3574661425696,true,גונסונס בייבי תחליב,CILAG GMBH INTERNATI,IT,גונסונס בייבי תחליב 500 חדש,Unknown,0.00,Unknown,false,1,28.90,0.0000,true,1,116676
3574669907767,true,גונסונס בייבי שמפו ק,CILAG GMBH INTERNATI,IT,גונסונס בייבי שמפו קמומיל 750 מל חדש,Unknown,0.00,Unknown,false,1,25.90,0.0000,true,1,78114
3661163990545,false,"אדידס דאודורנט ספריי לגברים אקשיין 200 מ""ל",מיוצר עי קונדיטוריית,PT,200 מל דאודורנט ספריי קליימקול לגבר אדידס,מיליליטרים,200.00,"100 מ""ל",false,1,23.90,0.1195,true,1,33022
4000417101211,false,גלילי וופל עם קרם אגוזי לוז בציפוי שוקולד חלב,אמיצ'לי Amicelli,AT,אמיצלי גלילי וופל 150 גרם,גרמים,150.00,100 גרם,false,1,19.90,0.1327,true,1,123054
4000417211002,false,שוקולד חלב מעולה ממולא קרם קרמל מוקצף ושברי שקדים מומלחים,ריטר ספורט Ritter sport,DE,שוקולד ריטר ספורט מוס קרמל ושברי שקדים,גרמים,100.00,100 גרם,false,1,11.90,0.1190,true,1,67129
4002575016253,false,מרציפן מצופה שוקולד זנטיס 100 גרם,"זנטוס, ג'ולישר 177",DE,מרציפן מצופה שוקולד 100 גר .,גרמים,100.00,100 גרם,false,1,10.70,0.1070,true,1,3202
4002590000046,false,סוכריות בטעם מנטה מרענן קלפני 150 גרם,ליימן מותגים,DE,קלפני מנטה מרענן 150 גר',גרמים,150.00,100 גרם,false,1,12.90,0.0860,true,1,8335
4002590703541,false,קלפני סוכריות קשות בטעם תות,ליימן מותגים,DE,קלפני בטעם תות 150 גר',גרמים,150.00,100 גרם,false,1,12.90,0.0860,true,1,106729
4005808366392,false,שפתון ליובש כחול קלאסי לבלו 48 גרם,טרופיקל דגיל תעשיות,IL,לבלו בליסטר כחול,גרמים,1.00,100 גרם,false,1,13.90,13.9000,true,1,67164
4005808368280,false,שפתון ליובש דובדבן לבלו 48 גרם,טרופיקל דגיל תעשיות,DE,לבלו בליסטר דובדבן,גרמים,1.00,100 גרם,false,1,13.90,13.9000,true,1,110617
4009300522935,false,תה ירוק פומפדור לימונית ולואיזה 20 יחידות,"איטיליאן פוד, אס.פי.",DE,פומפדור תה ירוק לימונית ולואיזה 30 גר',גרמים,30.00,100 גרם,false,1,19.50,0.6500,true,1,26523
4009300522966,false,תה ירוק עם נענע פומפדור 20 יחידות,"איטיליאן פוד, אס.פי.",DE,pompadour תה ירוק עם נענע 30 גרם,גרמים,30.00,100 גרם,false,1,19.50,0.6500,true,1,26524
4009300524588,false,חליטת צמחים פומפדור פירות יער 20 יחידות,פומפדור Pompadour,DE,תה פומפדור חליטה פירות יער,גרמים,60.00,100 גרם,false,1,16.90,0.2817,true,1,95285
4009300525011,false,פומפידור תה ירוק עם תפוז וג'ינגר 25 שקיקים,"איטיליאן פוד, אס.פי.",DE,פומפדור תה ירוק ג'ינג'ר תפוז 30 גרם,גרמים,30.00,100 גרם,false,1,19.50,0.6500,true,1,41024
4009309740422,true,רסק תפוחים אורגני,תות תעשיות מזון (201,DE,נטור פוד רסק תפוחים אורגני 700 גרם,גרמים,700.00,100 גרם,false,1,16.90,0.0241,true,1,113622
4009309742426,true,רסק תפוח מנגו אורגני,תות תעשיות מזון (201,DE,נטור פוד רסק תפוחים אורגני 700 גרם,גרמים,700.00,100 גרם,false,1,16.90,0.0241,true,1,113623
4009900402965,false,אורביט וויט בטעם פירות בקבוקון 46מלבניות,ריגלי פולין,PL,מסטיק אורביט וויט פירות בקבוקון,Unknown,0.00,Unknown,false,1,11.90,0.0000,true,1,47426
4009900403023,false,אורביט וויט בטעם מנטה בקבוקון 46 מלבניות,"ב.א מזון בע""מ",PL,מסטיק אורביט וויט קלאסי בקבוקון,גרמים,64.00,100 גרם,false,1,11.90,0.1859,true,1,47427
4009900420129,false,מסטיק אורביט פרופשנל פפרמינט בקבוקון 64 גר',מרס נדרלנד,PL,אורביט פרופשיונל פפרמינט בקבוקון,לא מנהל יחידת מידה,0.00,לא מנהל יחידת מידה,false,1,11.90,0.0000,true,1,76250
4009900426039,false,מסטיק מנטה אקליפטוס בקבוקון איירווייבס 64 גרם,איירוויבס Airwaves,PL,מסטיק אירווביס מנטה אקליפטוס בקבוקון,גרמים,64.00,100 גרם,false,1,11.90,0.1859,true,1,67348
4009900426121,false,מסטיק אורביט איירוויז בקבוקון אוכמניות 64ג',איירוויבס Airwaves,PL,מסטיק איירווייבס אוכמניות בקבוקון,גרמים,64.00,100 גרם,false,1,11.90,0.1859,true,1,67349
4009900479998,false,אורביט וויט אוכמניות בקבוקון 46 מלבניות,ריגלי פולין,PL,מסטיק אורביט אוכמניות בקבוקון,Unknown,0.00,Unknown,false,1,11.90,0.0000,true,1,58780
4009900482417,false,מסטיק אורביט פירות מנטה בקבוקון באבל מינט 45יח,ריגלי פולין,PL,מסטיק אורביט בבלמינט בקבוקון 64 גרם,Unknown,0.00,Unknown,false,1,11.90,0.0000,true,1,51220
4009900531122,false,"מסטיק בטעם מנטה ספירמינט, 64 ג' פרופשיונל אורביט",מרס נדרלנד,PL,אורביט פרופשיונל ספירמינט בקבוקון,לא מנהל יחידת מידה,0.00,לא מנהל יחידת מידה,false,1,11.90,0.0000,true,1,76251
4009900536486,false,מסטיק אורביט רפרשרס באבלמינט בקבוקון ללא סוכר 67 גר',מרס ריגלי קונפקשונרי,PL,מסטיק אורביט רפרשרס באבלמ 67 ג,גרמים,67.00,100 גרם,false,1,12.90,0.1925,true,1,85392
4009900539685,false,"מסטיק פייב באונס בטעם מנטה בקבוקון, 61.8 גרם",ריגלי בעמ רוסיה,PL,מסטיק פייב באונס בטעם מנטה ללא סוכר,גרמים,62.00,100 גרם,false,1,13.90,0.2242,true,1,122420
4009900539746,false,"מסטיק פייב באונס בטעם אבטיח בקבוקון, 61.8 גרם",ריגלי בעמ רוסיה,PL,מסטיק פייב באונס בטעם אבטיח בקבוקון,גרמים,62.00,100 גרם,false,1,13.90,0.2242,true,1,122421
4009900540551,false,מסטיק אורביט רפרשרס טרופיקל בקבוקון ללא סוכר,מרס פולין,PL,אורביט ריפרשרס טרופיקל,גרמים,67.00,100 גרם,false,1,12.90,0.1925,true,1,122417
4011800617615,false,1X24X50G קורני ביג שוקולד,שוורטאוור וורקה,DE,קורני ביג חטיף דגנים עם שוקולד חלב 50 גרם,גרמים,50.00,100 גרם,false,1,5.90,0.1180,true,1,80718
4011800617714,false,"""קורני"" ביג שוקו בננה50 גרם",מיוצר עי קונדיטוריית,DE,קורני ביג חטיף דגנים עם שוקולד חלב ובננה 50 גרם,גרמים,50.00,100 גרם,false,1,5.90,0.1180,true,1,80717
4011800617813,false,"""קורני"" ביג בראוניס 50 גרם",שוורטאוור וורקה,DE,קורני ביג חטיף דגנים בטעם בראוניז 50 גרם,גרמים,50.00,100 גרם,false,1,5.90,0.1180,true,1,80719
4011800628512,false,חטיף קורני שוקולד חלב 6 יח 150 גר,מיוצר עי קונדיטוריית,DE,קורני חטיף דגנים עם שוקולד חלב 6 יחידות 150 גרם,גרמים,150.00,100 גרם,false,1,13.90,0.0927,true,1,54988
4011800630515,false,חטיף קורני שוקולד חלב ובננה 6 יח 150 גר,מיוצר עי קונדיטוריית,DE,קורני חטיף דגנים עם שוקולד חלב ובננה 175 גרם,גרמים,150.00,100 גרם,false,1,13.90,0.0927,true,1,55025
4011800633516,false,קורני שוקולד מריר מעולה 58% קקאו 6*1,שוורטאוור וורקה,DE,חטיף קורני שוקולד מריר מארז 6 יח,גרמים,138.00,100 גרם,false,1,13.90,0.1007,true,1,54676
4014400900217,false,בונבונריית מרסי מבחר ממתקי שוקולד 400 גרם,קריניציה ויטמינה אס,DE,בונבונריית מרסי מבחר ממתקי שוקולד 400 גרם,גרמים,400.00,100 גרם,false,1,49.90,0.1247,true,1,8423
4014400901191,false,בונבונריית מרסי מבחר ממתקי שוקולד 250 גרם,ליימן מותגים,DE,בונבוניירה מרסי 250 גרם,גרמים,250.00,100 גרם,false,1,34.90,0.1396,true,1,3289
4014400901405,false,בונבוניירה שוקולד מרסי חלב 250 ג',קריניציה ויטמינה אס,DE,מרסי חלב 250 גרם,גרמים,250.00,100 גרם,false,1,34.90,0.1396,true,1,19634
4014400904277,false,סוכריות בטעם מנטה אייס פרש סטורק 425 גרם,תות ממתקי איכות,DE,אייספרש 425 גרם (15 בקרטון),גרמים,425.00,100 גרם,false,1,25.90,0.0609,true,1,11818
4014400925319,false,וורטרס אורגינל פופקורן קרמל 140 גרם,וורטרס Werther's,DE,חטיף פופקורן בציפוי קרמל,גרמים,140.00,100 גרם,false,1,16.90,0.1207,true,1,84001
4015400363002,false,טמפקס סופר 20 יחידות,פרוקטר אנד גמבל,DE,טמפקס סופר 20 יח,יחידה,20.00,יחידה,false,1,25.90,1.2950,true,1,123348
4015400363033,false,טמפקס רגולר 20 יח,פרוקטר & גמבל,DE,טמפקס רגולר 20 יח,יחידה,20.00,יחידה,false,1,25.90,1.2950,true,1,123349
4015400363064,false,טמפקס סופר פלוס 20 י,פרוקטר & גמבל,DE,טמפקס סופר פלוס 20 יח,יחידה,20.00,יחידה,false,1,25.90,1.2950,true,1,123350
4015400498124,false,אולוויז תחבושת (ס) אולטרה נייט 18 יח',פרוקטל אנד גמבל,DE,תחבושות אולוויז אולטרה לילה 18 יח,יחידה,18.00,יחידה,false,1,21.90,1.2167,true,1,124246
4015400755210,false,תחבושות אולוויז סינגל נורמל פלוס 14 יחידות,דיפלומט,DE,אולוויז תחבושות סינגל נורמל פלוס 14 יח',יחידה,14.00,יחידה,false,1,14.90,1.0643,true,1,67773
4015400759171,false,תחבושות אולווייז אול,פרוקטר & גמבל,DE,תחבושות אולווייז אולטרה נורמל 20 יחידות,יחידה,20.00,יחידה,false,1,18.90,0.9450,true,1,123396
4015600810849,false,גילט דאו קליר גל 70 מל פאוור ראש,פרוקטר אנד גמבל,CZ,"ג'ילט דאודורנט קליר ג'ל 70 מ""ל Power rush",מיליליטרים,70.00,"100 מ""ל",false,1,16.90,0.2414,true,1,123137
4017100210105,false,וופל מגולגל מצופה שוקולד מריר בלזן 100 גרם,הדקלאים אגודת שיתופי,DE,וופלטן וופל מגולגל מריר 100 גרם,גרמים,100.00,100 גרם,false,1,17.90,0.1790,true,1,64681
4017100290008,false,בלזן בסקויט חמאה מצופה שוקולד חלב 125 גרם,הדקלאים אגודת שיתופי,DE,בלזן בסקויט חמאה מצופה שוק חלב 125 גרם,גרמים,125.00,100 גרם,false,1,15.90,0.1272,true,1,3349
4017100364112,false,בלזן היט בסקוויט סנדביץ עם מלית קרם בטעם שוקולד קקאו (41%) 220 גרם,הדקלאים אגודת שיתופי,PL,בלזן היט קקאו 220 גרם,גרמים,220.00,100 גרם,false,1,11.90,0.0541,true,1,62351
4022025001790,false,"בלו נאן מבעבע זהב כשר 750 מ""ל",היי סישל סוהן טראבן,DE,"יין בלו נאן 24K גולד מבעבע כשר 750 מ""ל",מיליליטרים,750.00,"100 מ""ל",false,1,64.90,0.0865,true,1,122018
4022025002025,false,יין בלו נאן מבעבע גו,בלו נאן,DE,"24K יין בלו נאן גולד כשר 200 מ""ל",מיליליטרים,200.00,"100 מ""ל",false,1,27.90,0.1395,true,1,122022
4022025002087,false,"בלו נאן מבעבע רוזה זהב כשר 750 מ""ל",בלו נאן,DE,"24K יין בלו נאן רוזה מבעבע כשר 750 מ""ל",מיליליטרים,750.00,"100 מ""ל",false,1,64.90,0.0865,true,1,122021
4022025002254,false,24K יין בלו נאן רוזה,בלו נאן,DE,"24K יין בלו נאן רוזה כשר 200 מ""ל",מיליליטרים,200.00,"100 מ""ל",false,1,27.90,0.1395,true,1,122023
4022025262009,false,יין בלו נאן גוורצטרמ,לנגוט טראבן,,"יין בלו נאן גוורצטרמינר כשר 750 מ""ל",מיליליטרים,750.00,"100 מ""ל",false,1,59.90,0.0799,true,1,122017
4022025262436,false,יין בלו נאן גוורצטרמ,בלו נאן,DE,"יין בלו נאן גוורצטרמינר כשר 250מ""ל",מיליליטרים,250.00,"100 מ""ל",false,1,27.90,0.1116,true,1,122024
4022025773000,false,יין בלו נאן מוסקטו כ,בלו נאן,DE,"בלו נאן מוסקטו כשר 750 מ""ל",מיליליטרים,750.00,"100 מ""ל",false,1,59.90,0.0799,true,1,122019
4032900111292,false,ווינסטון קומפלקט כחול חפיסה,Unknown,UA,סיגריות ווינסטון קומפקט כחול בודד,לא מנהל יחידת מידה,0.00,לא מנהל יחידת מידה,false,1,31.30,0.0000,false,1,77788
4032900111308,false,ווינסטון קומפלקט סילבר חפיסה,Unknown,UA,סיגריות ווינסטון קומפקט סילבר בודד,לא מנהל יחידת מידה,0.00,לא מנהל יחידת מידה,false,1,31.30,0.0000,false,1,77790
4032900124193,false,כאמל צהוב ארוך PP חפיסה,Unknown,PL,סיגריות כאמל צהוב ארוך בודד PP,לא מנהל יחידת מידה,0.00,לא מנהל יחידת מידה,false,1,33.50,0.0000,false,1,81481
4032900124254,false,ווינסטון קומפלקט ברי PP חפיסה,Unknown,RO,וינסטון קומפקט ברי PP בודד,יחידה,1.00,יחידה,false,1,31.30,31.3000,false,1,82603
4033100014468,false,סיגריות אל די אדום ח,Unknown,TR,סיגריות אל די אדום חפיסה בודד,לא מנהל יחידת מידה,0.00,לא מנהל יחידת מידה,false,1,31.70,0.0000,false,1,33880
4033100014499,false,סיגריות אל די כחול בודד,Unknown,TR,סיגריות אל די כחול חפיסה בודד,Unknown,0.00,Unknown,false,1,31.70,0.0000,false,1,33879
4033100014529,false,סיגריות אל די סלים ח,Unknown,TR,סיגריות אל די סלים חפיסה בודד,יחידה,1.00,יחידה,false,1,29.50,29.5000,false,1,33882
4033100024146,false,סיגריות וינסטון CODE בודד,Unknown,CH,סיגריות וינסטון קוד חפיסה בודד,לא מנהל יחידת מידה,0.00,לא מנהל יחידת מידה,false,1,33.50,0.0000,false,1,46735
4033100024252,false,וינסטון אקווה לייט קופסה,Unknown,CH,סיגריות וינסטון אקווה חפיסה בודד,יחידה,0.00,יחידה,false,1,33.50,0.0000,false,1,46737
4033100038914,false,כאמל צהוב טבק לגלגול,Unknown,GB,טבק לגלגול קאמל צהוב חפיסה30 גרם,גרמים,30.00,100 גרם,false,1,84.20,2.8067,false,1,53896
4033100046490,false,סיגריות וינסטון 100 אקווה ארוך,יושלם,CH,סיגריות וינסטון קוד אקווה 100 חפיסה בודד,לא מנהל יחידת מידה,0.00,לא מנהל יחידת מידה,false,1,33.50,0.0000,false,1,52116
4033100064036,false,וינסטון כחול טבק לגלגול חפיסה,Unknown,GB,טבק לגלגול וינסטון כחול חפיסה30 גרם,גרמים,30.00,100 גרם,false,1,84.20,2.8067,false,1,63909
4050300873398,false,OSRAM סט נורות ופיו,,,OSRAM סט נורות ופיוזים H4,לא מנהל יחידת מידה,0.00,לא מנהל יחידת מידה,false,1,74.90,0.0000,true,1,80269
4053700292455,false,ויט רצועות שעווה מוכנות להסרת שיער לעור רגיל 12 יחידות,רקיט בנקיזר צרפת,FR,רצועות שעווה מוכנות לעור רגיל ויט 12 יחידות,לא מנהל יחידת מידה,0.00,לא מנהל יחידת מידה,false,1,31.90,0.0000,true,1,28521
4061289003553,false,חטיף בריאות אגוזים ב,"קומפני בע""מHNC",DE,חטיף בריאות אגוזים בוטנים ושקדים MAXI 4,גרמים,46.00,100 גרם,false,1,14.90,0.3239,true,1,124556
4061289005601,false,חטיף חלבון שוקולד לב,"קומפני בע""מHNC",DE,חטיף חלבון שוקולד לבן ועוגיות חלב MAXI,גרמים,45.00,100 גרם,false,1,14.90,0.3311,true,1,124555
4603400000043,false,"וודקה רוסקיי סטנדרט 700 מ""ל",רוסקי סטנדרט וודקה,RU,"וודקה רוסקי סטנדרט בקבוק 700 מ""ל",מיליליטרים,700.00,"100 מ""ל",false,1,89.90,0.1284,true,1,101905
4640018993343,false,פיניש קוואנטום קפסולות ג'ל למדיח כלים 30 יח',רקיט בנקיזר,PL,פיניש קוואנטום קפסולות למדיח 30 טבליות,גרמים,375.00,100 גרם,false,1,44.90,0.1197,true,1,118921
4710068001692,false,"מאסטר קפה לאטה פחית 240 מ""ל",תאיט מרקטינג אנד דיסטריב,TW,מאסטר קפה לאטה פחית,מיליליטרים,240.00,"100 מ""ל",false,1,10.50,0.0438,true,1,56580
4710068001715,false,"מאסטר קפה טירמיסו פחית 240 מ""ל",יוני פרזינדנט אנטרפר,TW,מאסטר קפה טרמיסו פחית 240 מל,מיליליטרים,240.00,"100 מ""ל",false,1,10.50,0.0438,true,1,56582
4710068001739,false,"מאסטר קפה קולומביאני 250 מ""ל",יוני פרזינדנט אנטרפר,TW,מאסטר קפה משקה קפה קר קלאסיקו 240 מל,מיליליטרים,240.00,"100 מ""ל",false,1,10.50,0.0438,true,1,56581
4710068002798,false,מאסטר קפה וונילה פחית 240 מל,מאיטה פוד אינדוסטריאל קו,TW,מאסטר קפה לאטה פחית,מיליליטרים,240.00,"100 מ""ל",false,1,10.50,0.0438,true,1,78869
4796019790013,false,"גרין קוקו - שמן קוקוס אורגני 300 מ""ל",כפרי בריא,,שמן קוקוס אורגני,מיליליטרים,300.00,"100 מ""ל",false,1,24.90,0.0830,true,1,68763
4820229031311,false,"וודקה חורטיצה פלטניום 700 מ""ל.",אוקראיניאן דיסטריביו,UA,וודקה חורטיצה פלטינום 700 מל,מיליליטרים,700.00,"100 מ""ל",false,1,74.90,0.1070,true,1,123245
4820229032219,false,וודקה חורטיצה אייס 7,Global Gourmet Produ,UA,וודקה חורטיצה אייס 700 מל,מיליליטרים,700.00,"100 מ""ל",false,1,79.90,0.1141,true,1,123246
4895149077572,false,נורת לד 10.5W 60W הב,J&P,,נורת לד 10.5W 60W הברגה E27 אור לבן,יחידה,1.00,יחידה,false,1,14.90,14.9000,true,1,69911
4895149077596,false,נורת לד 12W 75W הברג,J&P,,נורת לד 12W 75W הברגה E27 אור לבן,יחידה,1.00,יחידה,false,1,24.90,24.9000,true,1,69909
4902430751483,false,מכשיר גילוח גילט מאך,פרוקטר אנד גמבל,PL,מכשיר גילוח גילט מאך 3 סכין,יחידה,1.00,יחידה,false,1,21.90,21.9000,true,1,123141
5000159376655,false,סוכריות SKITTLES פירות קטן 38 גרם אדום,ריגלי ממתקים,CZ,סוכריות סקיטלס פירות 38 גרם,גרמים,38.00,100 גרם,false,1,4.50,0.1184,true,1,48582
5000159376792,false,סוכריות סקיטלס Skittles פירות חמוצים,ריגלי ממתקים,CZ,סוכריות סקיטלס חמוץ 38 גרם,גרמים,38.00,100 גרם,false,1,4.50,0.1184,true,1,48583
5000159407236,false,חטיף מרס שוקולד עם ק,מרס הולנד בי.וי.,NL,חטיף שוקולד חלב במילוי נוגט וקרמל מרס,גרמים,51.00,100 גרם,false,1,6.90,0.1353,true,1,26036
5000159414197,false,מלטיזרס בציפוי שוקולד 135 גרם,מרס שוקולד צ.אמריקה,NL,מלטיזרס 135גרם,גרמים,135.00,100 גרם,false,1,19.90,0.1474,true,1,123105
5000159452977,false,מיקס שקית מיניס 400 גרם מרס-באונטי-טוויק,מרס הולנד בי.וי.,NL,מארז מיני מיקס,גרמים,400.00,100 גרם,false,1,29.90,0.0747,true,1,54681
5000159459228,false,חטיף שוקולד טוויקס 50 ג',"נארז ע""י : א.ג. גילר",NL,חטיף אצבעות קרמל ושוקולד טוויקס,גרמים,50.00,100 גרם,false,1,6.90,0.1380,true,1,49907
5000159461122,false,חטיף שוקולד סניקרס מקס קרמל 50 ג',"נארז ע""י : א.ג. גילר",NL,חטיף סניקרס שוקולד 50 גרם,גרמים,50.00,100 גרם,false,1,6.90,0.1380,true,1,49908
5000159541152,false,טוויקס חטיף בודד 50 גרם לבן,מרס.גי אם. בי אייץ,DE,טוייקס לבן 46 גרם,גרמים,46.00,100 גרם,false,1,6.90,0.1500,true,1,121077
5000207004172,false,פדים להנקה ג'ונסון 30יח',CILAG GMBH INTERNATI,IT,ג'ונסונס רפידות הנקה 30 יח',Unknown,0.00,Unknown,false,1,25.90,0.0000,true,1,4174
5000267015200,false,וויסקי ג'וני ווקר רד לייבל 200מ''ל,ג'וני ווקר,GB,"ויסקי גוני ווקר אדום בקבוק 200 מ""ל",מיליליטרים,200.00,"100 מ""ל",false,1,44.90,0.2245,true,1,17194
5000267024202,false,"וויסקי ג'וני בלאק לייבל עם פורר 700מ""ל",אלכוהול (איי.בי.בי),GB,"ויסקי ג""וני ווקר שחור בקבוק 700 מ""ל",מיליליטרים,700.00,"100 מ""ל",false,1,169.90,0.2427,true,1,40251
5000267171654,false,"ויסקי ג'וני ווקר שחור פוקט 200 מ""ל",ג'ון ווקר ובניו,GB,"ג'וני שחור 200 מ""ל פוקט 40% כהל",מיליליטרים,200.00,"100 מ""ל",false,1,69.90,0.3495,true,1,82573
5000394019089,false,סוללה פלוס פאוור 2 יחידות C דורסל,פרוקטר אנד גמבל,US,דורסל סוללות פלוס פאוור C,יחידה,1.00,יחידה,false,1,34.90,34.9000,true,1,69987
5010103800051,false,ויסקי J&B בקבוק 200,DIAGEO,,"ויסקי J&B בקבוק 200 מ""ל",מיליליטרים,200.00,"100 מ""ל",false,1,44.90,0.2245,true,1,17195
5010103800259,false,"וויסקי גיי אנד בי 700 מ""ל",גסטוריני אנד ברוקס,IL,"ויסקי J&B בקבוק 700 מ""ל",מיליליטרים,700.00,"100 מ""ל",false,1,109.90,0.1570,true,1,21618
5010103943024,false,"ויסקי ג'יי אנד בי 200 מ""ל",ג'וסטריני אנד ברוקס,GB,"ג'יי אנד בי 200 מ""ל פוקט 40% כהל",מיליליטרים,200.00,"100 מ""ל",false,1,44.90,0.2245,true,1,82572
5010182997253,false,"רייד ארוסול קוטל ג''וקים - 300 מ""ל",אס.סי.ג'ונסון מידרכט,NL,רייד תרסיס קוטל ג'וקים 300 מל,מיליליטרים,300.00,"100 מ""ל",false,1,22.90,0.0763,true,1,4213
5010182997680,false,"רייד ארוסול קוטל נמלים - 300 מ""ל",אס.סי.ג'ונסון מידרכט,NL,רייד תרסיס קוטל נמלים 300 מל,מיליליטרים,300.00,"100 מ""ל",false,1,22.90,0.0763,true,1,4217
5010232964211,false,דורקס EXTRA SAFE - קונדומים שקופים עבים,דורקס Durex,TH,קונדומים דורקס אקסטרא סייף 12 יחידות,לא מנהל יחידת מידה,0.00,לא מנהל יחידת מידה,false,1,39.90,0.0000,true,1,12939
5010232964228,false,דורקס THIN FEEL - קונדומים דקים להגברת התחושה,דורקס Durex,TH,"קונדמים קצר ולעניין, דק 12 יחידות",לא מנהל יחידת מידה,0.00,לא מנהל יחידת מידה,false,1,39.90,0.0000,true,1,12940
5010327000046,false,וויסקי גרנט'ס סקוטי,"וויליאם גראנט ובניו בע""\",GB,"ויסקי גרנטס 700 מ""ל",מיליליטרים,700.00,"100 מ""ל",false,1,109.90,0.1570,true,1,4226
5010677551397,false,"בקרדי בריזר לימון ליים 275 מ""ל",בקרדי בריזר Bacardi Breezer,BE,"בריזר - משקה כוהלי מוגז בטעם ליים 275 מ""ל",מיליליטרים,275.00,"100 מ""ל",false,1,18.90,0.0687,true,1,62013
5010677552387,false,בריזר ט.אננס בקבוק 275מל,בקרדי בריזר Bacardi Breezer,BE,"בריזר - משקה כוהלי מוגז בטעם אננס 275 מ""ל",מיליליטרים,275.00,"100 מ""ל",false,1,18.90,0.0687,true,1,4231
5010677554398,false,בקרדי בריזר אבטיח 275 בקבוק,בקרדי בריזר Bacardi Breezer,BE,"בריזר - משקה כוהלי מוגז בטעם אבטיח 275 מ""ל",מיליליטרים,275.00,"100 מ""ל",false,1,18.90,0.0687,true,1,4233
5010677850100,false,וודקה גריי גוס בקבוק,בקרדי מרטיני,FR,"וודקה גריי גוס בקבוק 700מ""ל",מיליליטרים,700.00,"100 מ""ל",false,1,149.90,0.2141,true,1,77423
5011007003005,false,"וויסקי ג'יימסון אירי מזוקק 700 מ""ל",אייריש דיסטילרז,IE,"וויסקי אירי, ג'יימסון, 700 מ''ל",מיליליטרים,700.00,"100 מ""ל",false,1,139.90,0.1999,true,1,13721
5014271350424,false,מעדן ארבעה פירות ללא תוספת סוכר 284 גרם,סאן דלפור - שמבור,FR,מעדן סנדלפור ארבעה פירות 284 גרם,גרמים,284.00,100 גרם,false,1,23.90,0.0842,true,1,9813
5014271400426,false,"מעדן בטעם תות שדה לל""ס סאן דלפור 284 גרם",סאן דלפור - שמבור,FR,מעדן סנדלפור תות שדה 284 גרם,גרמים,284.00,100 גרם,false,1,23.90,0.0842,true,1,4251
5029053510811,false,תחבושות נורמל פלוס עם כנפיים קוטקס 28 יחידות,קימברלי קלארק,CZ,קוטקס תחבושות עם כנפיים נורמל פלוס 30 יחידות,Unknown,0.00,Unknown,false,1,22.90,0.0000,true,1,4264
5029053510828,false,תחבושות סופר פלוס עם כנפיים קוטקס 22יחידות,קימברלי קלארק,CZ,קוטקס תחבושות עם כנפיים סופר פלוס 22 יחידות,Unknown,0.00,Unknown,false,1,22.90,0.0000,true,1,4265
5029053523446,false,קוטקס - תחבושות אולטרה נייט + כנפיים 20 יח',קימברלי קלארק,CZ,קוטקס תחבושות עם כנפיים נייט 20 יחידות,לא מנהל יחידת מידה,0.00,לא מנהל יחידת מידה,false,1,22.90,0.0000,true,1,4271
5038483198032,false,דורקס PLEASURE ME - קונדומים עם צלעות רטט,דורקס Durex,TH,קונדומים דורקס פלגרמקס 12 יחידות,לא מנהל יחידת מידה,0.00,לא מנהל יחידת מידה,false,1,39.90,0.0000,true,1,23517
5038483207949,false,דורקס THIN FEEL קונדומים דקים במיוחד,דורקס Durex,TH,קונדומים דורקס אינימט פיל סיכה 12 יחידות,לא מנהל יחידת מידה,0.00,לא מנהל יחידת מידה,false,1,39.90,0.0000,true,1,21478
5038483574386,false,שלשיית קונדומים durex אדום,רקיט בנקיזר הלת'קר,TH,קונדומים דורקס פדרלייט 3 * 12 יח,לא מנהל יחידת מידה,0.00,לא מנהל יחידת מידה,false,1,14.90,0.0000,true,1,29277
5038483574416,false,קונדום דורקס אקסטרא סייף 3,רקיט בנקיזר הלת'קר,TH,קונדומים דורקס אקסטרא 3 יחידות,לא מנהל יחידת מידה,0.00,לא מנהל יחידת מידה,false,1,14.90,0.0000,true,1,29504
5038483578780,false,שלישיית קונדומים durex סגול,רקיט בנקיזר הלת'קר,TH,קונדומים דורקס עלית 3 יחידות,לא מנהל יחידת מידה,0.00,לא מנהל יחידת מידה,false,1,14.90,0.0000,true,1,29558
5038483866566,false,דורקס ULTRA THIN FEEL - קונדומים דקים במיוחד לתחושה מוגברת,דורקס Durex,TH,קונדומים דקים דורקס אולטרה 12 יח,לא מנהל יחידת מידה,0.00,לא מנהל יחידת מידה,false,1,39.90,0.0000,true,1,36211
5056357900925,false,סניקרס חטיף חלבון חמאת בוטנים 57 גרם,פארם אקספרס,US,סניקרס חמאת בוטנים 57 גרם,גרמים,59.00,100 גרם,false,1,17.90,0.3034,true,1,84387
5056357901441,false,אם אנד אם חטיף חלבון בוטנים 51 גרם,פארם אקספרס,GB,חטיף חלבון בוטנים 15 חלבון 51 גרם m&m,גרמים,51.00,100 גרם,false,1,17.90,0.3510,true,1,121691
5056357903834,false,באונטי מעושר בחלבון 52 גרם,מארס יורק אנגליה,GB,חטיף באונטי 18גרם חלבון 52גרם,גרמים,52.00,100 גרם,false,1,17.90,0.3442,true,1,122025
5060221201575,false,חטיף חלבון גרנייד בטעם קרם עוגיות,LTD (UK) GRENADE,GB,חטיף חלבון גרנייד קרם עוגיות 23 חלבון 60,גרמים,60.00,100 גרם,false,1,17.90,0.2983,true,1,121816
5060221201810,false,גרנייד בטעם שוקולד לבן עוגיות,LTD (UK) GRENADE,NL,גרנייד שוקולד לבן עוגיות 60גרם,גרמים,60.00,100 גרם,false,1,17.90,0.2983,true,1,122623
5060221203753,false,חטיף חלבון גרנייד בטעם חמאת בוטנים,LTD (UK) GRENADE,GB,חטיף חלבון גרנייד חמאת בוטנים 21 חלבון,גרמים,60.00,100 גרם,false,1,17.90,0.2983,true,1,121814
5060221203937,false,גרנייד בטעם שוקוצ'יפס בצק עוגיות,LTD (UK) GRENADE,NL,גרנייד שוקוציפס בצק עוגיות 60גרם,גרמים,60.00,100 גרם,false,1,17.90,0.2983,true,1,122622
5060221206860,false,חטיף חלבון בטעם קרמל מלוח ושוקולד 60 ג' Grenade,LTD (UK) GRENADE,GB,חטיף חלבון גרנייד קרמל מלוח 20 חלבון 60,גרמים,60.00,100 גרם,false,1,17.90,0.2983,true,1,121817
5060317322122,false,"UFIT - משקה חלבון בטעם קרמל מלוח 330 מ""ל",לאקסה אס.אי,GB,UFIT משקה חלבון בטעם קרמל מלוח 330 מ,מיליליטרים,330.00,"100 מ""ל",false,1,14.90,0.0452,true,1,123087
5060317322368,false,"UFIT - משקה חלבון בטעם פאדג' בראוניז 330 מ""ל",לאקסה אס.אי,GB,UFIT משקה חלבון בטעם פאדג בראוניז 33,מיליליטרים,330.00,"100 מ""ל",false,1,14.90,0.0452,true,1,123089
5060319120023,true,תה קנמון - הייר ליבי,הייר ליבינג,GB,תה קינמון אורגני 40 גרם,גרמים,40.00,100 גרם,false,1,18.90,0.4725,true,1,113642
5060319120078,true,תה הייר ליבינג סוויט,אף.סי תבליני בגליל ב,GB,הייר ליווינג חליטת סוויט דרימס אורגני 26 גרם,גרמים,40.00,100 גרם,false,1,18.90,0.4725,true,1,113644
5060319120115,true,תה ירוק אורגני-הייר,אף.סי תבליני בגליל ב,GB,הייר ליווינג תה ירוק אורגני 40 גרם,גרמים,50.00,100 גרם,false,1,18.90,0.3780,true,1,72670
5060319120153,true,תה קמומיל וניל-הייר,אף.סי תבליני בגליל ב,IL,הייר ליווינג תה קמומיל וניל אורגני 30 גרם,גרמים,30.00,100 גרם,false,1,18.90,0.6300,true,1,113646
5060402908286,false,מארס חטיף חלבון 59 גרם,פארם אקספרס,US,מארס פרוטאין 59 גרם,גרמים,59.00,100 גרם,false,1,17.90,0.3034,true,1,84385
5060402909542,false,מארס חטיף חלבון קרמל מלוח 59 גרם,פארם אקספרס,US,מארס קרמל מלוח 59 גרם,גרמים,59.00,100 גרם,false,1,17.90,0.3034,true,1,118982
5060424705368,false,WARRIOR - חטיף חלבון קראנץ' בטעם קרמל מלוח,וורקווין,GB,WARRIOR חטיף קראנץ בטעם קרמל מלוח 64 גר,גרמים,64.00,100 גרם,false,1,14.90,0.2328,true,1,122933
5060424705467,false,WARRIOR - חטיף חלבון קראנץ' בטעם שוקולד לבן,תעשיות מזון בלאבאן,US,WARRIOR חטיף חלבון קראנץ שוקולד לבן 64,גרמים,64.00,100 גרם,false,1,14.90,0.2328,true,1,124230
5060424705511,false,WARRIOR - חטיף חלבון קראנץ' בטעם שוקולד וקוקוס,תעשיות מזון בלאבאן,US,WARRIOR חטיף חלבון קראנץ שוקולד וקוקוס,גרמים,64.00,100 גרם,false,1,14.90,0.2328,true,1,124231
5060424705535,false,WARRIOR -חטיף חלבון בטעם שוקולד מריר ובוטנים,"KBF תעשיות בע""מ UK",GB,WARRIORשוקולד מריר ובוטנים 20גר חלבון,גרמים,64.00,100 גרם,false,1,14.90,0.2328,true,1,122918
5060517886486,false,"משקה אנרגיה מונסטר אנרג'י בפחית 500 מ""ל",מונסטר אנרג'י Monster Energy,RS,"מונסטר אנרג'י פח 500 מ""ל",מיליליטרים,500.00,"100 מ""ל",false,1,10.90,0.0218,true,1,80955
5060639129102,false,"משקה אנרגיה מונסטר אנרג'י מנגו בפחית 500 מ""ל",מונסטר אנרג'י Monster Energy,RS,"מונסטר Mango Loco פח 500 מ""ל",מיליליטרים,500.00,"100 מ""ל",false,1,10.90,0.0218,true,1,84298
5060751218173,false,"משקה אנרגיה מונסטר אנרג'י piplin punch בפחית 500 מ""ל",מונסטר אנרג'י לימטד,RS,"מונסטר פייפליין פאנץ' פח 500 מ""ל",מיליליטרים,500.00,"100 מ""ל",false,1,10.90,0.0218,true,1,122916
5060751219033,false,"משקה אנרגיה מונסטר אנרג'י זירו paradise בפחית 500 מ""ל",מונסטר אנרג'י לימטד,RS,"מונסטר ULTRA PARADISE פח 500 מ""ל",מיליליטרים,500.00,"100 מ""ל",false,1,10.90,0.0218,true,1,122917
5060756342781,false,WARRIOR-חטיף חלבון בטעם קרם עוגיות,"KBF תעשיות בע""מ UK",GB,WARRIOR קרם עוגיות 20גר חלבון 64גרם,גרמים,64.00,100 גרם,false,1,14.90,0.2328,true,1,122919
5060756343702,false,WARRIOR - חטיף חלבון קראנץ' שוקולד מריר פטל,תעשיות מזון בלאבאן,US,WARRIORחטיף חלבון קראנץ פטל שוקולד מריר,גרמים,64.00,100 גרם,false,1,14.90,0.2328,true,1,124232
5201004021328,false,קפריס רולס גלילי וופל במילוי קרם אגוזי לוז וקקאו,אי. ג'יי פאפאדופולוס,GR,גלילי וופל במילוי קרם אגוזי לוז וקקאו 115 גרם,גרמים,115.00,100 גרם,false,1,12.90,0.1122,true,1,123359
5201184066508,false,נר מספר ממותג,פאלאס,IL,נר מספר 8,Unknown,0.00,Unknown,false,1,5.00,0.0000,true,1,4397
5201347400545,false,רצועות שעווה מוכנות לשימוש לפנים ולאזורים רגישים,רקיט בנקיזר צרפת,FR,רצועות שעווה מוכנות לפנים ויט 20 יחידות,יחידה,1.00,יחידה,false,1,31.90,31.9000,true,1,42498
5201583750411,false,זירו-סוכריות ללא סוכר בטעם לימון עם סטיב,איתן,GR,סוכריות זירו לימון 32 גרם,גרמים,32.00,100 גרם,false,1,7.90,0.2469,true,1,121179
5201583750510,false,זירו-סוכריות ללא סוכר בטעם תות קרמי,איתן,GR,סוכריות זירו תות חלבי 32 גרם,גרמים,32.00,100 גרם,false,1,7.90,0.2469,true,1,121182
5201583751418,false,סוכריות זירו אייס בלו סטיביה ללא סוכר 32 ג',איתן,GR,סוכריות זירו אייס בלו 32 גרם,גרמים,32.00,100 גרם,false,1,7.90,0.2469,true,1,121181
5202302020020,true,ממרח זיתי קלמטה לילי,לילייה פודס,GR,ממרח זיתי קלמטה ליליה 200 גרם,גרמים,200.00,100 גרם,false,1,16.90,0.0845,true,1,113651
5208049001452,false,גולדן וירגיניה ירוק 30 גר+נייר PP,Unknown,NL,גולדן ירוק 30 ג+ נייר PP פקט חפיסה,יחידה,1.00,יחידה,false,1,70.00,70.0000,false,1,80413
5208049001513,false,גולדן וירגיניה צהוב30 גר+נייר לגלגול יח,Unknown,NL,גולדן וירגיניה צהוב 30 גר+ נייר גלגול P,גרמים,30.00,100 גרם,false,1,70.00,2.3333,true,1,80236
5208049001841,false,סיגריות פאל מאל דמי קפסולה,גלוברנס,PL,פאל מאל דמי קפסולה בודד,יחידה,1.00,יחידה,false,1,27.30,27.3000,false,1,80082
5208049002473,false,סיגריות קנט ארוך חפי,Unknown,TR,סיגריות קנט ארוך חפיסה בודד PP,יחידה,1.00,יחידה,false,1,38.40,38.4000,false,1,80242
5208049004781,false,פאל מאל ברי דמי סלימס קופסא,Unknown,,סיגריות,יחידה,1.00,יחידה,false,1,27.30,27.3000,false,1,83791
5208049006624,false,סיגריות פאל מל אקסטרה סילבר בודד,Unknown,DE,פאל מאל אקסטרה סילבר חפיסה,יחידה,1.00,יחידה,false,1,30.20,30.2000,true,1,123386
5410126006339,false,עוגיות לוטוס ארוזות בזוגות 124 גרם,לוטוס ביקרי נ.וי,BE,ביסקויט קרמל לוטוס 124 גר 2*8 עטוף בנפרד,גרמים,124.00,100 גרם,false,1,9.90,0.0798,true,1,58327
5410126116953,false,ממרח ביסקוויט קרמל לוטוס 400 גרם,לוטוס בייקרי בלגיה נ,BE,ממרח עוגיות לוטוס קרמל,גרמים,400.00,100 גרם,false,1,21.90,0.0547,true,1,47984
5410228217732,false,"סטלה ארטואה -פחית 440 מ""ל",מנדלז סי.אר. פרודקשן,BE,בירה סטלה ארטואה בפחית 440 מל,מיליליטרים,440.00,"100 מ""ל",false,1,15.90,0.0361,true,1,84299
5410228267508,false,"באדוויזר בקבוק 330 מ""ל - 5% אלכוהול","איי, בי, אינבוו",GB,בירה באדוויזר,מיליליטרים,330.00,"100 מ""ל",false,1,11.90,0.0361,true,1,82130
5410316983693,false,"סמירנוף אייס בקבוק 275 מ""ל",סמירנוף אייס Smirnoff ice,IT,סמירנוף אייס,מיליליטרים,275.00,"100 מ""ל",false,1,17.90,0.0651,true,1,8968
5410316994019,false,"וודקה סמירנוף אדום 700מ""ל",דיאג'ו אופריישנס איט,US,סמירנוף וודקה 700 מל,מיליליטרים,700.00,"100 מ""ל",false,1,99.90,0.1427,true,1,51745
5411081003654,false,"קסטיל בירה רוז 330 מ""ל",מבשלת קסטל ואן הונסב,BE,בירה קסטל רוזי 330,מיליליטרים,330.00,"100 מ""ל",false,1,15.90,0.0482,true,1,76524
5411188094159,false,רביעיית מעדן סויה שוקו מריר אלפרו 125 גרם,הנסיך- מפעל לייצור ט,BE,אלפרו מעדן סויה שוקולד מריר 4*125מל,גרמים,500.00,100 גרם,false,1,19.90,0.0398,true,1,22115
5411188115472,false,משקה סויה אלפרו 1 ליטר,הנסיך- מפעל לייצור ט,BE,אלפרו משקה סויה 1ל,ליטרים,1.00,ליטר,false,1,16.90,16.9000,true,1,82905
5411188134985,false,משקה NOT MILK שיבולת שועל 3.5% אלפרו 1 ליטר,הנסיך- מפעל לייצור ט,BE,אלפרו 3.5%שומן NOT M*LK ש.שועל ל1,ליטרים,1.00,ליטר,false,1,14.90,14.9000,true,1,121916
5411188135005,false,משקה NOT MILK שיבולת שועל 1.8% אלפרו 1 ליטר,הנסיך- מפעל לייצור ט,BE,אלפרו 1.8%שומן NOT M*LK ש.שועל ל1,ליטרים,1.00,ליטר,false,1,14.90,14.9000,true,1,121289
5411741166026,false,מיני סיגר,j cortez,,מיני סיגר,Unknown,0.00,Unknown,false,1,34.90,0.0000,false,1,35717
5413548280189,false,קינדר שוקו בון 1 יחידות 125 גרם,פררו - אלבה,BE,חטיף קינדר שוקו בון 125 גרם,גרמים,125.00,100 גרם,false,1,16.90,0.1352,true,1,4656
5600286004072,false,תפוחונים מתקתק אורגני 40 גרם,נטורפוד,PT,תפוחונים אורגניים מתקתק 40 גרם נטורפוד,גרמים,40.00,100 גרם,false,1,9.90,0.2475,true,1,82307
5600286004089,false,תפוחונים חמצמץ אורגני 40 גרם,נטורפוד,PT,תפוחונים אורגניים חמצמץ 40 גרם נטורפוד,גרמים,40.00,100 גרם,false,1,9.90,0.2475,true,1,82308
5601010211087,false,פילה סרדין בשמן זית כתית 100 גר רמירז,רמירז אנד קה פילהאוס,PT,שימורי סרדינים(פילה)בשמן זית,גרמים,100.00,100 גרם,false,1,13.20,0.1320,true,1,36605
5601217129420,true,ווליט דפים 20יח,מנוטרסיו איטליה,IT,דפים לשמירה על הצבע ווליט קולור פרוטקשן 20 דפים,Unknown,0.00,Unknown,false,1,26.90,0.0000,true,1,75951
5701932026964,false,"הוטפופ גרעיני תירס להכנת פופקורן במיקרוגל בטעם טבעי, בתוספת מלח, 600 גרם",ליימן מותגים,US,פופקורן עם מלח הוטפופ 600 גרם,גרמים,600.00,100 גרם,false,1,21.90,0.0365,true,1,4934
5701932026971,false,הוטפופ גרעיני תירס להכנת פופקורן במיקרוגל בטעם חמאה 600 גרם,ליימן מותגים,US,הוט חמאה 600 ג') ב(12,גרמים,600.00,100 גרם,false,1,21.90,0.0365,true,1,4935
5710840209437,false,טבק באלי נטוראל 40 גרם,סקמדינביין טובקו,DK,באלי נטוראל 40 גר,גרמים,40.00,100 גרם,false,1,100.00,2.5000,true,1,80620
5710840210013,false,באלי לבן סופר עדין 40גרם,סקמדינביין טובקו,DK,באלי לבן 40 גר,גרמים,40.00,100 גרם,false,1,100.00,2.5000,true,1,80619
5710840210167,false,באלישג וירג'יניה 40 גרם,סקנדינביין טובקו,IL,באלי צהוב 40 גר,גרמים,40.00,100 גרם,false,1,100.00,2.5000,true,1,80879
5711953106583,false,גבינת שמנת בטעם טבעי 200 ג' ארלה,ארלה פודס אמבה,DK,ארלה גבינת שמנת טבעי 200 גרם,גרמים,200.00,100 גרם,false,1,17.90,0.0895,true,1,80141
5740900403215,true,ממרח לורפק עם מלח 25,ארלה פודס אמבה,DK,ממרח לורפק עם מלח 250,גרמים,250.00,100 גרם,false,1,19.90,0.0796,true,1,75262
5740900403222,true,ממרח לורפק עם מלח מו,ארלה פודס אמבה,DK,ממרח לורפק עם מלח מופחת שומן,גרמים,250.00,100 גרם,false,1,19.90,0.0796,true,1,75263
5740900403239,true,ממרח לורפק ללא מלח 2,ארלה פודס אמבה,DK,ממרח לורפק בלי מלח 250,גרמים,250.00,100 גרם,false,1,19.90,0.0796,true,1,75264
5740900403260,false,ממרח מחמאת לורפק ללא מלח 27% פחות שומן,ארלה פודס אמבה,DK,ממרח לורפק ללא מלח מופחת שומן,גרמים,250.00,100 גרם,false,1,19.90,0.0796,true,1,75267
5740900403284,false,ממרח חמאה לופרק ללא מלח 200 גר',ארלה פודס אמבה,DK,ממרח לורפק 200 גר ללא מלח,גרמים,200.00,100 גרם,false,1,12.90,0.0645,true,1,82743
5900020025647,false,חטיף דגנים פיטנס שוקולד חלב 135 גרם מארז 6 יחידות,מיוצר עי קונדיטוריית,PL,פיטנס בר דליס שוקולד חלב מאח.9 6*22.5ג,גרמים,135.00,100 גרם,false,1,17.90,0.1326,true,1,64093
5900020026552,false,דגני בוקר האני נאט צ'יריוס בטעם דבש ושקדים,נסטלה צרפת איטנקורט,FR,דגני האני נאט ציריוס 625 גרם,גרמים,625.00,100 גרם,false,1,27.90,0.0446,true,1,66582
5900951283963,false,חטיף סניקרס עם חמאת בוטנים Creamy Peanut Butter,סנו מפעלי ברונוס.,PL,dro סניקרס קרימי ח.בוטנים 36.5,גרמים,37.00,100 גרם,false,1,6.90,0.1865,true,1,122134
5901414200411,false,בלזן היט מיני ביסקוויט סנדוויץ' עם מילוי קרם בטעם שוקולד 130 גרם,ליימן שליסל,PL,עוגיות היט מיני קקאו 130 גרם,גרמים,130.00,100 גרם,false,1,9.00,0.0692,true,1,15306
5902198160403,false,XL משקה אנרגיה מוגז ללא סוכר עד 10 קלוריות לפחית 250 מל,"טמפו משקאות בע""\מ",IL,"משקה אנרגיה XL TEN פחית 250 מ""ל",מיליליטרים,250.00,"100 מ""ל",false,1,7.90,0.0316,true,1,68906
5904941751302,false,"משקה אנרגיה בלו 250 מ""ל- בודד",אקו - ביט,PL,בלו משקה אנרגיה מוגז 250 מל,מיליליטרים,250.00,"100 מ""ל",false,1,8.90,0.0356,true,1,26403
5904941751920,false,"משקה אנרגיה BLU day רגיל 250 מ""ל",אקו - ביט,PL,בלו משקה אנרגיה מוגז 250 מל,מיליליטרים,250.00,"100 מ""ל",false,1,8.90,0.0356,true,1,44930
5906485301012,false,"משקה אנרגיה XL פחית 250 מ""ל","טמפו משקאות בע""מ",IL,אקס אל אנרג'י דרינק משקה אנרגיה מוגז,מיליליטרים,250.00,"100 מ""ל",false,1,7.90,0.0316,true,1,16318
6008165003984,false,סיגריות פאל מאל כחול סטרים פילט בודד,אמריקן גרדן,TR,סיגריות פאל מל כחול סטרים חפיסה בודד,לא מנהל יחידת מידה,0.00,לא מנהל יחידת מידה,false,1,31.40,0.0000,false,1,52454
6008165271192,false,סיגריות פאל מל ארוך אדום בודד,אמריקן גרדן,TR,סיגריות פאל מל ארוך אדום חפיסה בודד,לא מנהל יחידת מידה,0.00,לא מנהל יחידת מידה,false,1,31.40,0.0000,false,1,50965
6008165274629,false,פאל מאל כחול ארוך סטרים פילטר חפיסה,יושלם,TR,סיגריות פאל מאל כחול ארוך סטרים חפיסה בו,לא מנהל יחידת מידה,0.00,לא מנהל יחידת מידה,false,1,31.40,0.0000,false,1,64747
6253341100029,false,טחינה עאייש 100% שומ,עומר עאייש שכם,PS,טחינה עאייש 100% שומשום 450 גרם,גרמים,450.00,100 גרם,false,1,13.90,0.0309,true,1,79834
6908235694404,false,אוזניות מיקרופון אוניברסליות,ארטוס,,אוזניות מיקרופון אוניברסליות,יחידה,1.00,יחידה,false,1,29.90,29.9000,true,1,80417
6926572510386,false,סוכריית לקקן גלי ממו,אחים מזרחי,,סוכריית לקקן גלי ממותג,לא מנהל יחידת מידה,0.00,לא מנהל יחידת מידה,false,1,5.50,0.0000,true,1,5920
6942138915839,false,הליכון צהוב שלב A,,,הליכון צהוב שלב A,יחידה,1.00,יחידה,false,1,29.90,29.9000,true,1,71761
6959375199175,false,FLAMINGO - ניקוי חל,פלמינגו,CN,FLAMINGO - ניקוי חלודה -065,יחידה,1.00,יחידה,false,1,14.90,14.9000,true,1,79901
6971060682700,false,קובי פרו טבק 2000 ש,shenzhen shengsi,CN,קובי פרו טבק 2000 שאיפות,יחידה,1.00,יחידה,false,1,79.90,79.9000,false,1,122843
6971060684025,false,ס. אלקטרונית ק. פרו,,CN,ס. אלקטרונית ק. פרו גלידה 2000 שאיפות,לא מנהל יחידת מידה,0.00,לא מנהל יחידת מידה,false,1,99.90,0.0000,false,1,122063
6971060684049,false,קובי פרו פומלה 2000,shenzhen shengsi,CN,קובי פרו פומלה 2000 שאיפות,יחידה,1.00,יחידה,false,1,99.90,99.9000,false,1,122844
6971060684070,false,קובי פרו פינה קולדה,shenzhen shengsi,CN,קובי פרו פינה קולדה 2000 שאיפות,יחידה,1.00,יחידה,false,1,99.90,99.9000,false,1,122842
6971060684087,false,ס. אלקטרונית ק. פרו,,CN,ס. אלקטרונית ק. פרו קוקוס אננס 2000 שאיפ,יחידה,1.00,יחידה,false,1,79.90,79.9000,false,1,122064
6971578990625,false,HQD סיגריה אלקטרוני,shenzhen shengsi,CN,HQD סיגריה אלקטרונית תפוח 1200 שאיפות,יחידה,1.00,יחידה,false,1,99.90,99.9000,false,1,122881
6971578996757,false,סיגריה אלקטרונית גו,shenzhen shengsi,CN,סיגריה אלקטרונית גויאבה 1200 שאיפות HQD,יחידה,1.00,יחידה,false,1,99.90,99.9000,false,1,122893
6971578997181,false,ס.א אוכמניות שחורות,shenzhen shengsi,CN,HQD סיגריה אלקטרונית אוכמניות שחורות 12,יחידה,1.00,יחידה,false,1,99.90,99.9000,false,1,122895
6971578998683,false,HQD סיגריה אלקטרוני,shenzhen shengsi,CN,HQD סיגריה אלקטרונית צמר גפן מתוק 1200,יחידה,1.00,יחידה,false,1,99.90,99.9000,false,1,122896
6974706640027,false,סיגריה אלקטרונית סמא,shenzhen hot technol,CN,סיגריה אלקטרונית סמארט אבטיח אייס 3000 שאיפות,יחידה,1.00,יחידה,false,1,99.90,99.9000,true,1,123983
7290000008384,false,דונאטס במגוון טעמים,פילסברי,IL,דונאטס במגוון טעמים,יחידה,1.00,יחידה,false,1,8.90,8.9000,true,1,86000
7290000023083,false,ערק אשקלון בקבוק 700,"יקבי ברקן בע""\מ",IL,"ערק אשקלון 40% בקבוק 700 מ""ל",מיליליטרים,700.00,"100 מ""ל",false,1,84.90,0.1213,true,1,55426
7290000023809,false,"יין קלאסיק קברנה סוביניון ברקן 750 מ""ל",יקבי ברקן שיווק והפצה בע,IL,ברקן קלאסיק קברנה סוביניון יין אדום יבש 2015,מיליליטרים,750.00,"100 מ""ל",false,1,39.90,0.0532,true,1,1524
7290000023816,false,"יין קלאסיק אמרלד ריזלינג ברקן 750 מ""ל",יקבי ברקן שיווק והפצה בע,IL,"יין ברקן קלאסיק אמרלד ריזלינג 750 מ""ל",מיליליטרים,750.00,"100 מ""ל",false,1,39.90,0.0532,true,1,1525
7290000023977,false,"יין קלאסיק מרלו ברקן 750 מ""ל",יקבי ברקן שיווק והפצה בע,IL,ברקן קלאסיק מרלו יין אדום יבש 2015 750 מל,מיליליטרים,750.00,"100 מ""ל",false,1,39.90,0.0532,true,1,1535
7290000024202,false,"יין רזרב קברנה סוביניון ברקן 750 מ""ל",ברקן שיווק והפצה בעמ,IL,"יין ברקן רזרב קברנה סובניון 750 מ""ל",מיליליטרים,750.00,"100 מ""ל",false,1,54.90,0.0732,true,1,1557
7290000024219,false,"רזרב אמרלד ריזילינג 750 מ""ל",יקבי ברקן,IL,ברקן רזרב יין לבן חצי יבש אמרלד ריזלינג 750 מל,מיליליטרים,750.00,"100 מ""ל",false,1,54.90,0.0732,true,1,1558
7290000024264,false,"יין רזרב מרלו ברקן 750 מ""ל","כרמי צבי - אחים סגל בע""\",IL,"יין ברקן רזרב מרלו 750 מ""ל",מיליליטרים,750.00,"100 מ""ל",false,1,54.90,0.0732,true,1,1562
7290000024523,false,"תירוש של סגל ,מיץ ענבים , 1 ליטר",כרמי צבי - האחים סגל,IL,מיץ ענבים תירוש סגל 1 ליטר,ליטרים,1.00,ליטר,false,1,18.90,18.9000,true,1,60165
7290000040042,false,יופלה יוגורט תות 3% שומן 150 גרם,תנובה חלב,IL,יופלה יוגורט תות %3 גביע 150 גרם,גרמים,150.00,100 גרם,false,1,5.70,0.0380,true,1,3205
7290000040066,false,יופלה יוגורט דובדבן %3 גביע 150 גרם,תנובה מרכז שיתופי לש,IL,יופלה יוגורט דובדבן %3 גביע 150 גרם,גרמים,150.00,100 גרם,false,1,5.70,0.0380,true,1,3239
7290000040080,false,יופלה יוגורט אפרסק 3% שומן 150 גרם,תנובה חלב,IL,יופלה יוגורט אפרסק %3 גביע 150 גרם,גרמים,150.00,100 גרם,false,1,5.70,0.0380,true,1,3241
7290000040974,false,חלב דל לקטוז 2% תנובה קרטון 1 ליטר,תנובה מרכז שיתופי לש,IL,חלב תנובה דל לקטוז 2% שומן 1 ליטר,ליטרים,1.00,ליטר,false,1,7.90,7.9000,true,1,37755
7290000041858,false,"שמנת חמוצה 15% מועשרת יטבתה 200 מ""ל",שטראוס גרופ,IL,שמנת חמוצה 15% מועשרת מהדרין,מיליליטרים,200.00,"100 מ""ל",false,1,2.90,0.0145,true,1,3525
7290000042435,false,חלב דל שומן בקרטון+פקק תנובה 1 ליטר,תנובה מרכז שיתופי לש,IL,תנובה חלב טרי 1% שומן,ליטרים,1.00,ליטר,false,1,5.86,5.8600,true,1,3577
7290000042640,false,"חלב תנובה עמיד 3% קרטון 250 מ""ל",תנובה מרכז שיתופי לש,IL,תנובה חלב עמיד 3% שומן 250 מל,מיליליטרים,250.00,"100 מ""ל",false,1,3.20,0.0128,true,1,8338
7290000042855,false,"שוקו בשקית 250 מ""ל ""יטבתה""",שטראוס גרופ,IL,"שוקו יטבתה בשקית 225 מ""ל",מיליליטרים,225.00,"100 מ""ל",false,1,3.50,0.0156,true,1,3597
7290000043814,false,השף הלבן שמנת להקצפה 38% שומן 250 מל - מוצר בפיקוח,תנובה מרכז שיתופי לש,IL,השף הלבן שמנת להקצפה 38% שומן 250 מל,מיליליטרים,250.00,"100 מ""ל",false,1,6.47,0.0259,true,1,3701
7290000043944,false,כד יוגורט תנובה 4% שומן 1.5 ליטר,מיוצר עי קונדיטוריית,IL,יוגורט 4.5% בכד תנובה 1.5 ליטר,ליטרים,1.50,ליטר,false,1,18.90,12.6000,true,1,3721
7290000044880,false,באדי יוגורט תות 3% שומן 500 ג' תנובה,מיוצר עי קונדיטוריית,IL,"באדי תות 3% 500 מ""ל",מיליליטרים,500.00,"100 מ""ל",false,1,10.90,0.0218,true,1,3741
7290000045573,false,גבינת מותכת משולשים 25% שומן 200 ג' נעמה,תנובה חלב,IL,נעמה גבינה מותכת משולשים 25% שומן,גרמים,200.00,100 גרם,false,1,17.90,0.0895,true,1,3783
7290000045917,false,תנובה פרומעז גבינה מותכת מחלב עיזים 23% שומן,תנובה חלב,IL,תנובה פרומעז גבינה מותכת מחלב עיזים 23% שומן,גרמים,200.00,100 גרם,false,1,28.90,0.1445,true,1,3799
7290000046327,false,גלבוע גבינה צהובה פרוסה 22% תנובה 200 גרם,תנובה מרכז שיתופי לש,IL,גלבוע גבינה צהובה חצי קשה פרוס 22% שומן,גרמים,200.00,100 גרם,false,1,15.50,0.0775,true,1,3826
7290000048185,false,גבינה לבנה 5% תנובה 250 גרם מהדרין,מיוצר עי קונדיטוריית,IL,גבינה למריחה 5% תנובה פיקוח 250 גרם,גרמים,250.00,100 גרם,false,1,4.98,0.0199,true,1,3960
7290000048307,false,גבינת קוטג' עם זיתים 5% תנובה 250 גרם,מיוצר עי קונדיטוריית,IL,קוטג 5% זיתים 250 גרם,גרמים,250.00,100 גרם,false,1,6.10,0.0244,true,1,3972
7290000048437,false,פיראוס צפתית 5% שומן 200 גרם,פארייפאבה אגרואינדוס,IL,גבינה צפתית 5% שומן,גרמים,200.00,100 גרם,false,1,17.50,0.0875,true,1,3979
7290000049458,false,גבינת פטה עיזים 16% גביע פיראוס 250 ג',תנובה מרכז שיתופי לש,IL,פיראוס פטה עיזים 16% שומן,גרמים,250.00,100 גרם,false,1,30.90,0.1236,true,1,4043
7290000050447,false,"יוגורט ביו בטעם תות YYY יופלה 500 מ""ל",מיוצר עי קונדיטוריית,IL,יופלה תות 3% גביע 500 גרם,גרמים,500.00,100 גרם,false,1,15.50,0.0310,true,1,28171
7290000050454,false,יוגורט יופלה אפרסק 3% שומן 500 גרם,מיוצר עי קונדיטוריית,IL,יופלה אפרסק 3% גביע 500 גרם,גרמים,500.00,100 גרם,false,1,15.50,0.0310,true,1,28172
7290000051307,false,"מארז הפסקת אוכל עם דגני עוגי ומשקה חלב עמיד בטעם וניל 150 מ""ל",תנובה מרכז שיתופי לש,IL,מארז הפסקת אוכל חלב+דגני עוגי,לא מנהל יחידת מידה,0.00,לא מנהל יחידת מידה,false,1,10.90,0.0000,true,1,29692
7290000051710,false,פיראוס גבינת לאבנה אסלית על בסיס יוגורט תנובה 263 גרם,"תנובה, מחלבת אלון תב",IL,פיראוס לאבנה אסלית עם שמן זית וזעתר על בסיס יוגורט,גרמים,263.00,100 גרם,false,1,15.50,0.0589,true,1,30878
7290000052311,false,גבינה צהובה עמק לייט 15% שומן 200 גרם,תנובה מרכז שיתופי לש,IL,עמק פרוסות גבינה צהובה חצי קשה 15% מופחתת שומן,גרמים,200.00,100 גרם,false,1,18.90,0.0945,true,1,34544
7290000052649,false,גבינת לאבנה 5% שומן 500 ג' פיראוס,תנובה מרכז שיתופי לש,IL,פיראוס לאבנה אסלית 5% שומן,גרמים,500.00,100 גרם,false,1,21.90,0.0438,true,1,34090
7290000055329,false,"משקה בוקר יוגורט 1.5% בטעם תות מלון יופלה 250 מ""ל",תנובה מרכז שיתופי לש,IL,"משקה יוגורט יופלה תות מלון 250 מ""ל",מיליליטרים,250.00,"100 מ""ל",false,1,6.90,0.0276,true,1,39072
7290000055336,false,"משקה יוגורט 1.5% בטעם בננה אפרסק יופלה 250 מ""ל",תנובה מרכז שיתופי לש,IL,"משקה יוגורט יופלה בננה אפרסק 250 מ""ל",מיליליטרים,250.00,"100 מ""ל",false,1,6.90,0.0276,true,1,39073
7290000055893,false,חמאה משמנת מפוסטרת 200גרם 82% כ.מהדרין - מוצר בפיקוח,תנובה מרכז שיתופי לש,IL,חמאה תנובה 200 גרם,גרמים,200.00,100 גרם,false,1,8.50,0.0425,true,1,51008
7290000057088,false,עמק גבינה צהובה פרוסה דק דק 28% תנובה 200 גרם,תנובה מרכז שיתופי לש,IL,גבינה עמק 28% דק 200 גרם,גרמים,200.00,100 גרם,false,1,18.90,0.0945,true,1,42397
7290000057118,false,גבינה צהובה עמק 28% שומן ואקום 400 גרם,תנובה מרכז שיתופי לש,IL,גבינת עמק קלאסית חצי קשה פרוסות 28% שומן,גרמים,400.00,100 גרם,false,1,24.90,0.0622,true,1,42500
7290000057132,false,יוגורט תנובה טבעי 1.5% גביע 200 גרם,מחלבת אלון תבור,IL,יוגורט ביו 1.5% תנובה 200 גרם,גרמים,200.00,100 גרם,false,1,3.30,0.0165,true,1,42398
7290000057149,false,יוגורט תנובה טבעי 3% גביע 200 גרם,מיוצר עי קונדיטוריית,IL,יוגורט ביו 3% תנובה 200 גרם,גרמים,200.00,100 גרם,false,1,3.30,0.0165,true,1,42399
7290000058580,false,קוקילידה בטעם וניל עם עוגיות שוקולד גלידות נסטלה 80 גרם,נגה גלידות (גלידות נ,IL,נסטלה קוקילידה 28*80גרם,גרמים,80.00,100 גרם,false,1,12.50,0.1563,true,1,9056
7290000060071,false,אוסם - חטיפי פריכונים מאורז מלא קלוי 80גר,"פרח תעשיות מזון בע""מ.",IL,אסם חטיפי פריכונים טבעי 12*80גרם,גרמים,80.00,100 גרם,false,1,9.90,0.1238,true,1,5193
7290000060088,false,בייגלה מקלות מלוחים אסם 400 גרם,מיוצר עי קונדיטוריית,IL,אסם בייגלה מקלות מלוחים 12*400גרם,גרמים,400.00,100 גרם,false,1,14.90,0.0373,true,1,89883
7290000060163,false,אטריות דקות אסם 400 גרם,"אסם תעשיות בע""מ",IL,אסם אטריות דקות 12*400גרם,גרמים,400.00,100 גרם,false,1,8.90,0.0223,true,1,5208
7290000060200,false,אוסם - פתיתים אפויים קוסקוס 500 גרם,"אסם תעשיות בע""מ",IL,פתיתים אפויים קוסקוס 500 גרם,גרמים,500.00,100 גרם,false,1,8.90,0.0178,true,1,5211
7290000060408,false,פתיתים אפויים טבעות אסם 500 גרם,מיוצר עי קונדיטוריית,IL,אסם פתיתים אפויים טבעות 12*500גרם,גרמים,500.00,100 גרם,false,1,8.90,0.0178,true,1,5222
7290000060576,false,פתיתים אפויים כוכבים אסם 500 גרם,"אסם השקעות בע""\מ",IL,אסם פתיתים אפויים כוכבים 12*500גרם,גרמים,500.00,100 גרם,false,1,8.90,0.0178,true,1,5232
7290000060781,false,פסטה מסולסלים אסם 500 גרם,קריות זול,IT,אסם פסטה מסולסלים לאחר הפסח 12*500גרם,גרמים,500.00,100 גרם,false,1,6.90,0.0138,true,1,5238
7290000060811,false,טילון אקסטרים ענק מטבע שוקולד 120 ג',תות תעשיות מזון (201,IL,אקסטרים ענק מטבע שוקולד 16*120גרם,גרמים,141.00,100 גרם,false,1,12.50,0.0887,true,1,5239
7290000060880,false,פסטה ספגטי מספר 8 אסם 500 גרם,קריות זול,IT,ספגטי אסם 500 גרם,גרמים,500.00,100 גרם,false,1,6.90,0.0138,true,1,5245
7290000060903,false,אוסם - פתיתים אפויים אורז 500 גרם,"אסם השקעות בע""\מ",IL,אסם פתיתים אפויים אורז 12*500גרם,גרמים,500.00,100 גרם,false,1,8.90,0.0178,true,1,5246
7290000060965,false,איטריות מובחר רחבות 400 ג',"אסם השקעות בע""\מ",IL,אסם אטריות רחבות 12*400גרם,גרמים,400.00,100 גרם,false,1,8.90,0.0223,true,1,5251
7290000060972,false,אטריות דקיקות אסם 400 גרם,קריות זול,IT,אסם אטריות דקיקות 12*400גרם,גרמים,400.00,100 גרם,false,1,8.90,0.0223,true,1,5252
7290000061061,false,קרקר חיטה עם בצל אסם,"אסם השקעות בע""\מ",IL,אסם קרקר בצל 12*250גרם,גרמים,250.00,100 גרם,false,1,11.90,0.0476,true,1,5255
7290000061764,false,קפה נמס מגורען רד מאג 200 גרם,נסטלה ספרד קפה,ES,נסקפה רד מאג טעם חדש 6*200גרם2017,גרמים,200.00,100 גרם,false,1,26.90,0.1345,true,1,5293
7290000062952,false,אוסם - מיני קרוטונים למרק ולסלט 250 גרם,עינת תעשיות מזון אגו,IL,אסם מיני קרוטונים למרק וסלט 12*250גרם,גרמים,250.00,100 גרם,false,1,18.90,0.0756,true,1,25944
7290000063140,false,שקדי מרק רכיבים טבעיים בשקית 400 ג' אסם,"אסם תעשיות בע""מ",IL,אסם שקדי מרק רכיבים טבעיים 12*400גרם,גרמים,400.00,100 גרם,false,1,15.90,0.0398,true,1,5455
7290000065090,false,מיני קרוטונים מתובלים למרק ולסלט אסם 400 גרם,עינת תעשיות מזון אגו,IL,אסם מיני קרוטונים למרק וסלט 12*400גרם,גרמים,400.00,100 גרם,false,1,27.90,0.0697,true,1,5540
7290000065540,false,אוסם - מנה חמה פסטה מוקרמת בטעם עוף 55 גרם,"אסם תעשיות בע""מ",IL,מנה חמה פסטה מוקרמת בדץ 12*55גרם,גרמים,55.00,100 גרם,false,1,9.90,0.1800,true,1,5569
7290000066141,false,ביסלי חטיף בטעם גריל אסם 70 גרם,"אסם השקעות בע""\מ",IL,ביסלי גריל 48*70גרם,גרמים,70.00,100 גרם,false,1,6.90,0.0986,true,1,5619
7290000066172,false,ביסלי חטיף בטעם פיצה אסם 70 גרם,"אסם השקעות בע""\מ",IL,ביסלי פיצה 24*70גרם,גרמים,70.00,100 גרם,false,1,6.90,0.0986,true,1,5622
7290000066196,false,ביסלי חטיף בטעם גריל אסם 200 גרם,מיוצר עי קונדיטוריית,IL,ביסלי גריל 25*200גרם,גרמים,200.00,100 גרם,false,1,12.50,0.0625,true,1,5624
7290000066226,false,ביסלי חטיף בטעם פיצה אסם 200 גרם,"אסם השקעות בע""\מ",IL,ביסלי פיצה 200 גרם,גרמים,200.00,100 גרם,false,1,12.50,0.0625,true,1,5627
7290000066264,false,דובונים חטיף תפוחי אדמה אסם 40 גרם,"אסם השקעות בע""\מ",IL,חטיף דובונים 40 גרם,גרמים,40.00,100 גרם,false,1,7.90,0.1975,true,1,5628
7290000066295,false,במבה מתוקה מחומרים טבעיים 30 גרם,מיוצר עי קונדיטוריית,IL,במבה מתוקה מחומרים טבעיים 40*30גרם,גרמים,30.00,100 גרם,false,1,3.90,0.1300,true,1,5636
7290000066318,false,במבה חטיף בוטנים אסם 80 גרם,"אסם השקעות בע""\מ",IL,במבה קלאסי 40*80גרם,גרמים,80.00,100 גרם,false,1,7.90,0.0988,true,1,5638
7290000066332,false,אפרופו חטיף תירס אסם 50 גרם,מיוצר עי קונדיטוריית,IL,אפרופו 36*50גרם,גרמים,50.00,100 גרם,false,1,7.90,0.1580,true,1,5639
7290000066349,false,אפרופו חטיף תירס אסם 100 גרם,מיוצר עי קונדיטוריית,IL,אפרופו 20*100גרם,גרמים,100.00,100 גרם,false,1,11.90,0.1190,true,1,5640
7290000066431,false,פופקו חטיף פופקורן בטעם חמאה ודבש אסם 80 גרם,מיוצר עי קונדיטוריית,IL,פופקו חמאה ודבש 40*80גרם,גרמים,80.00,100 גרם,false,1,7.90,0.0988,true,1,5641
7290000067599,false,מנה חמה ספגטי ברוטב בולונז אסם 65 גרם,"אסם השקעות בע""\מ",IL,מנה חמה ספגטי בולונז 12*65גרם,גרמים,65.00,100 גרם,false,1,9.90,0.1523,true,1,5741
7290000068138,false,אינסטנט פודינג בטעם וניל אסם 80 גרם,מיוצר עי קונדיטוריית,IL,אסם פודינג אינסטנט וניל 12*80גרם,גרמים,80.00,100 גרם,false,1,6.90,0.0863,true,1,5820
7290000068190,false,אסם ג'לי תות שדה צבעים טבעיים 90 גרם,מיוצר עי קונדיטוריית,IL,אסם ג'לי תות שדה צבעים טבעיים 12*90גרם,גרמים,90.00,100 גרם,false,1,7.90,0.0878,true,1,87948
7290000068343,false,אסם פריכונים פרוסות קלויות מלא,"פרח תעשיות מזון בע""מ.",IL,אסם פריכונים מאורז מלא 12*140גרם,גרמים,140.00,100 גרם,false,1,9.90,0.0707,true,1,5841
7290000068770,false,במבה יום הולדת חטיף בוטנים אסם 80 גרם,"אסם השקעות בע""\מ",IL,במבה יום הולדת 40*80גרם,גרמים,80.00,100 גרם,false,1,7.90,0.0988,true,1,5857
7290000070322,false,אבקת מרק פטריות רכיבים טבעיים אסם 400 גרם,"אסם השקעות בע""\מ",IL,"אבקת מרק פטריות כשל""פ 400 גרם",גרמים,400.00,100 גרם,false,1,32.90,0.0822,true,1,5974
7290000071008,false,בייגלה שטוחים טבעות שטוחות עם מלח,"אסם השקעות בע""\מ",IL,אסם בייגלה שטוחים מלח 24*60גרם,גרמים,60.00,100 גרם,false,1,5.00,0.0833,true,1,36422
7290000072067,false,במבה חטיף בוטנים במילוי קרם חלבה 60 גרם,מיוצר עי קונדיטוריית,IL,במבה במילוי קרם חלבה 36*60גרם,גרמים,60.00,100 גרם,false,1,7.90,0.1317,true,1,31761
7290000072630,false,קטשופ אסם חריף 750 גרם-בקבוק,"אסם תעשיות בע""מ",IL,אסם קטשופ חריף כלפ.9*750גרם 2015,גרמים,750.00,100 גרם,false,1,13.90,0.0185,true,1,6017
7290000072753,false,קפה נמס מגורען טסטרס צ'ויס 200 גרם-,נסטלה קוריאה - קפה,KR,טייסטרס צ'וייס 12*200גרם,גרמים,200.00,100 גרם,false,1,35.90,0.1795,true,1,87982
7290000072777,false,קפה נמס מגורען נטול קפאין טסטרס צ'ויס 200 גרם,נסטלה קוריאה - קפה,KR,טייסטרס צוייס נטול קופאין 12*200גרם,גרמים,200.00,100 גרם,false,1,39.90,0.1995,true,1,6021
7290000073125,false,מנה חמה פסטה ברוטב עגבניות אסם 62 גרם,"אסם השקעות בע""\מ",IL,מנה חמה פסטה עם עגבניות ר.טבע. בדץ12*62ג,גרמים,62.00,100 גרם,false,1,9.90,0.1597,true,1,6664
7290000074184,false,ביסקויט פתיבר קלאסי 500 גרם,"אסם השקעות בע""\מ",IL,אסם פתי בר 12*500גרם,גרמים,500.00,100 גרם,false,1,16.90,0.0338,true,1,6698
7290000074245,false,אוסם - קרם קרקר אסם 250 גרם,"אסם השקעות בע""\מ",IL,אסם קרם קרקר 12*250גרם,גרמים,250.00,100 גרם,false,1,11.90,0.0476,true,1,88057
7290000074276,false,קרקר פיקנטי טבעון 250 ג' אסם,"אסם השקעות בע""\מ",IL,אסם קרקר פיקנטי 12*250גרם,גרמים,250.00,100 גרם,false,1,11.90,0.0476,true,1,6701
7290000074375,false,אוסם - קרקר זהב 150 גרם,"אסם השקעות בע""\מ",IL,אסם קרקר זהב 12*150גרם,גרמים,150.00,100 גרם,false,1,9.90,0.0660,true,1,6704
7290000074481,false,לחמית אגוזים אסם 160 גרם,"אסם השקעות בע""\מ",IL,לחמית אגוזים 12*160גרם,גרמים,160.00,100 גרם,false,1,11.90,0.0744,true,1,41379
7290000075204,false,אוסם - לחמית חיטה מלאה 250 גרם,"אסם השקעות בע""\מ",IL,לחמית חיטה מלאה 10*250גרם חדש,גרמים,250.00,100 גרם,false,1,11.90,0.0476,true,1,6725
7290000075693,false,עוגת הבית שמרים בריוש שוקולד אסם 360 גרם,מיוצר עי קונדיטוריית,IL,הבית עוגת שמרים בריוש שוקולד 8*360גרם,גרמים,360.00,100 גרם,false,1,20.90,0.0581,true,1,31118
7290000076126,false,אוסם - בייגלה שמיניות קטנות 80 גרם,"אסם השקעות בע""\מ",IL,אסם בייגלה שמיניות קטנות 24*80גרם,גרמים,80.00,100 גרם,false,1,5.00,0.0625,true,1,6740
7290000076133,false,בייגלה שמיניות קטנות עם מלח אסם 400 גרם,"אסם השקעות בע""\מ",IL,אסם בייגלה שמיניות קטנות 12*400גרם,גרמים,400.00,100 גרם,false,1,14.90,0.0373,true,1,6741
7290000077017,false,עוגיות קרמוגית במילוי קרם שוקולד אסם 200 גרם,מיוצר עי קונדיטוריית,IL,אסם קרמוגית במילוי שוקולד 12*200גרם,גרמים,200.00,100 גרם,false,1,14.90,0.0745,true,1,6758
7290000077253,false,אוסם - לחמית כפרית עם דגנים מלאים 190 גרם,"אסם השקעות בע""\מ",IL,לחמית כפרית 12*190גרם,גרמים,190.00,100 גרם,false,1,11.90,0.0626,true,1,33662
7290000078762,false,אוסם - חטיפי פריכונים מאורז מלא בטעם דבש 80גר,סנורייס בלגיום אן. ו,GB,אסם חטיפי פריכונים אורז ודבש 14*80גרם,גרמים,80.00,100 גרם,false,1,9.90,0.1238,true,1,6843
7290000085159,false,פרורי ביסקוויט בטעם וניל הדר 250 גרם,גטניו אם החיטה,IL,פירורי ביסקויט וניל 300 גר,גרמים,300.00,100 גרם,false,1,5.80,0.0193,true,1,85613
7290000100128,false,פירות קפואים תות סנפרוסט 300 ג',"סנפרוסט בע""מ",IL,פירות קפואים תות סנפרוסט,גרמים,300.00,100 גרם,false,1,20.90,0.0697,true,1,74099
7290000100135,false,פירות קפואים סנפרוסט דובדבן 300 גר,"סנפרוסט בע""מ",IL,פירות קפואים דובדבן,גרמים,300.00,100 גרם,false,1,20.90,0.0697,true,1,74100
7290000101927,false,אוכמניות כחולות מוקפאות סנפרוסט 300 גרם,"איי, בי, אינבוו",IL,אוכמניות כחולות מוקפאות 300 גרם,גרמים,300.00,100 גרם,false,1,20.90,0.0697,true,1,68974
7290000101934,false,מיקס פירות יער מוקפאות 300 ג' סנפרוסט,"סנפרוסט בע""\מ",IL,תערובת פירות יער סנפרוסט 300 גרם,גרמים,300.00,100 גרם,false,1,20.90,0.0697,true,1,68975
7290000101941,false,אננס חתוך מוקפא סנפרוסט 300ג',"סנפרוסט בע""\מ",IL,אננס מוקפא סנפרוסט 300 גרם,גרמים,300.00,100 גרם,false,1,20.90,0.0697,true,1,69037
7290000101958,false,מנגו חתוך מוקפא סנפרוסט 300ג',"סנפרוסט בע""\מ",IL,מנגו מוקפא סנפרוסט 300 גרם,גרמים,300.00,100 גרם,false,1,20.90,0.0697,true,1,69031
7290000103365,false,מרק ירקות עשיר סנפרוסט 550 גרם,"איי, בי, אינבוו",IL,מרק ירקות סנפרוסט 550 גרם,גרמים,550.00,100 גרם,false,1,20.90,0.0380,true,1,46238
7290000104676,false,אפונה קפואה סנפרוסט 800 גרם,"איי, בי, אינבוו",IL,אפונת גינה 800 גרם סנפרוסט,גרמים,800.00,100 גרם,false,1,22.90,0.0286,true,1,36
7290000104683,false,שעועית ירוקה שלמה סנפרוסט 800 גרם,"סנפרוסט בע""\מ",IL,שעועית ירוקה שלמה סנפרוסט 800גרם,גרמים,800.00,100 גרם,false,1,23.90,0.0299,true,1,37
7290000104690,false,תירס גרעינים 800 גרם סנפרוסט,"איי, בי, אינבוו",IL,תירס גרעינים סנפרוסט 800גרם,גרמים,800.00,100 גרם,false,1,22.90,0.0286,true,1,38
7290000104744,false,כרובית סנפרוסט 800 גרם,"סנפרוסט בע""\מ",IL,כרובית 800 גרם סנפרוסט,גרמים,800.00,100 גרם,false,1,29.90,0.0374,true,1,43
7290000104805,false,גרגירי חומוס מבושלים סנפרוסט 800 גרם,"איי, בי, אינבוו",IL,גרגרי חומוס מבושלים קפואים 800 גרם,גרמים,800.00,100 גרם,false,1,22.90,0.0286,true,1,48
7290000106533,false,לקט קינואה עדשים ויר,"סנפרוסט בע""מ",IL,לקט קינואה עדשים וירקות 800גרם,גרמים,800.00,100 גרם,false,1,29.90,0.0374,true,1,78620
7290000107165,false,חטיף סויה אדממה סנפרוסט 400 גרם,"איי, בי, אינבוו",IL,חטיף פולי סויה אדממה 400 גרם סנפרוסט,גרמים,400.00,100 גרם,false,1,16.50,0.0413,true,1,18490
7290000107295,false,תפרחות ברוקולי סנפרוסט 800 גרם,"איי, בי, אינבוו",IL,ברוקולי מוקפא 800 גרם סנפרוסט,גרמים,800.00,100 גרם,false,1,28.90,0.0361,true,1,60
7290000107615,false,ירקות ואננס להקפצה מנה אסייתית צבעונית ועשירה,"איי, בי, אינבוו",IL,לקט מנה אסייתית צבעונית ועשירה 800גרם,גרמים,800.00,100 גרם,false,1,29.90,0.0374,true,1,78621
7290000107622,false,ירקות ופסטה א-לה איטליה סנפרוסט 800 גרם,"איי, בי, אינבוו",IL,לקט פסטה וירקות א-לה איטליה 800גרם,גרמים,800.00,100 גרם,false,1,29.90,0.0374,true,1,78622
7290000110844,false,"כיפלי גריל בד""צ תלמה 70 ג'",יוניליור ישראל מזון,IL,כיפלי חטיף בטעם גריל,גרמים,70.00,100 גרם,false,1,7.90,0.1129,true,1,11219
7290000111117,false,מרכך כביסה לבן בדין 4 ליטר,יוניליור ישראל טיפוח איש,IL,מרכך כביסה בדין לבן,ליטרים,4.00,ליטר,false,1,25.90,6.4750,true,1,78
7290000111360,false,חרדל תלמה 250 גרם-צנצנת,יוניליוור ישראל מזו,IL,חרדל אמיתי תלמה,גרמים,250.00,100 גרם,false,1,8.90,0.0356,true,1,83
7290000112220,false,טחינה גולמית שומשום טהור בארכה 500 גרם,"רושדי תעשיות מזון בע""\מ",IL,בארכה טחינה 100% שומשום 12*500גרם,גרמים,500.00,100 גרם,false,1,16.90,0.0338,true,1,113
7290000112237,false,"טחינה גולמית שומשום טהור בארכה 1 ק""ג","רושדי תעשיות מזון בע""\מ",IL,בארכה טחינה 100% שומשום 6*1קג,קילוגרמים,1.00,"ק""ג",false,1,33.90,33.9000,true,1,8845
7290000113203,false,כיפלי צ'יפס קטשופ תלמה 50 ג',יוניליוור ישראל מזון בעמ,IL,"כיפלי על בסיס תפו""א בטעם קטשופ",גרמים,50.00,100 גרם,false,1,6.90,0.1380,true,1,32903
7290000116884,false,"רוטב ברביקיו קנור 300 גרם בד""צ",יוניליוור ישראל מזון בע\,IL,רוטב ברביקיו קנור,מיליליטרים,300.00,"100 מ""ל",false,1,13.90,0.0463,true,1,9628
7290000116921,false,רוטב צ'ילי מתוק 340 גרם קנור,יוניליוור ישראל מזון בע\,IL,רוטב צ'ילי מתוק קנור,מיליליטרים,300.00,"100 מ""ל",false,1,13.90,0.0463,true,1,9629
7290000116945,false,"רוטב סויה קלאסי קנור בד""צ 350 גרם",יוניליוור ישראל מזון בע\,IL,רוטב סויה קלאסי קנור,מיליליטרים,300.00,"100 מ""ל",false,1,14.90,0.0497,true,1,9630
7290000117720,false,נמס בכוס פטריות קנור 21.5 גרם מארז זוגי,יוניליוור ישראל מזון בע\,IL,קנור נמס בכוס פטריות 43 גרם,גרמים,43.00,100 גרם,false,1,7.50,0.1744,true,1,222
7290000134338,false,אבקת שום בקופ' 90 גר' טעם וריח,"תבליני טעם וריח בע""מ",IL,תבליני טעם וריח אבקת שום 90 גרם,גרמים,90.00,100 גרם,false,1,12.30,0.1367,true,1,11237
7290000134352,false,קינמון טחון בקופ' 90 גר' טעם וריח,"תבליני טעם וריח בע""מ",IL,"תבליני טעם וריח, 100% קינמון טחון, 90 גרם",גרמים,80.00,100 גרם,false,1,10.90,0.1363,true,1,10958
7290000134376,false,פפריקה בשמן בקופ' 90 גר' טעם וריח,"תבליני טעם וריח בע""מ",IL,תבלין פפריקה מתוקה בשמן 90 מיכ,גרמים,90.00,100 גרם,false,1,10.90,0.1211,true,1,12224
7290000134550,false,עלי דפנה 20 גר' טעם וריח,"תבליני טעם וריח בע""מ",IL,"תבליני טעם וריח, 100% עלי דפנה, 20 גרם",גרמים,20.00,100 גרם,false,1,6.90,0.3450,true,1,10959
7290000134758,false,"תיבול לתפו""א בקופ' 100 גר' טעם וריח","תבליני טעם וריח בע""מ",IL,"תבליני טעם וריח, תערובת תיבול לתפוחי אדמה, 100 גרם",גרמים,100.00,100 גרם,false,1,10.90,0.1090,true,1,21815
7290000134826,false,זעתר מעורב בקופ' 100 גר' טעם וריח,"תבליני טעם וריח בע""מ",IL,"תבליני טעם וריח, תערובת תיבול זעתר , 100 גרם",גרמים,100.00,100 גרם,false,1,10.90,0.1090,true,1,11162
7290000134833,false,כמון טחון בקופ' 100 גר' טעם וריח,"תבליני טעם וריח בע""מ",IL,"תבליני טעם וריח, 100% כמון מזרחי",גרמים,100.00,100 גרם,false,1,10.90,0.1090,true,1,11163
7290000134857,false,פפריקה מתוקה בקופ' 100 גר' טעם וריח,"תבליני טעם וריח בע""מ",IL,"תבליני טעם וריח, פפריקה מתוקה 100%, 100 גרם",גרמים,100.00,100 גרם,false,1,10.90,0.1090,true,1,11343
7290000134864,false,פפריקה חריפה בקופ' 100 גר' טעם וריח,"תבליני טעם וריח בע""\מ",IL,תבליני טעם וריח פפריקה חריפה 100% 100 גרם,גרמים,100.00,100 גרם,false,1,10.90,0.1090,true,1,11164
7290000134871,false,פלפל שחור טחון בקופ' 100 גר' טעם וריח,"תבליני טעם וריח בע""מ",IL,"תבליני טעם וריח, 100% פלפל שחור טחון, 100 גרם",גרמים,100.00,100 גרם,false,1,14.90,0.1490,true,1,11405
7290000134970,false,חוואיג' בקופ' 100 גר' טעם וריח,"תבליני טעם וריח בע""מ",IL,"תבליני טעם וריח, חוויאג' למרק, 100 גרם",גרמים,100.00,100 גרם,false,1,10.90,0.1090,true,1,11293
7290000135045,false,"XL TEN משקה אנרגיה פתוח ללא סוכר 250 מ""ל","טמפו משקאות בע""\מ",IL,XL TEN משקה אנרגיה בטעם תפוח250מל,מיליליטרים,250.00,"100 מ""ל",false,1,7.90,0.0316,true,1,54392
7290000135052,false,"XL TEN משקה אנרגיה מנגו ללא סוכר 250 מ""ל","טמפו משקאות בע""\מ",IL,משקה אנרגיה XL TEN מנגו פחית 250 מל,מיליליטרים,250.00,"100 מ""ל",false,1,7.90,0.0316,true,1,77651
7290000136141,false,משקה בטעם קולה 1.5ל' פפסי,"טמפו משקאות בע""\מ",IL,פפסי קולה בקבוק 1.5 ליטר,ליטרים,1.50,ליטר,false,1,11.90,7.9333,true,1,121836
7290000136158,false,פפסי מקס משקה מוגז דל קלוריות בטעם קולה,"טמפו משקאות בע""\מ",IL,פפסי קולה מקס ללא סוכר בקבוק 1.5 ליטר,ליטרים,1.50,ליטר,false,1,11.90,7.9333,true,1,121837
7290000136165,false,משקה מירינדה 1.5ליטר,"טמפו משקאות בע""\מ",IL,מירינדה בקבוק 1.5 ליטר,ליטרים,1.50,ליטר,false,1,11.90,7.9333,true,1,121838
7290000136172,false,סבן אפ בקבוק 1.5 ליט,"טמפו משקאות בע""\מ",IL,סבן אפ בקבוק 1.5 ליטר,ליטרים,1.50,ליטר,false,1,11.90,7.9333,true,1,121839
7290000136240,false,סודה 1.5 ליטר שישייה בודד,"טמפו משקאות בע""\מ",IL,מי סודה 1.5 ליטר,ליטרים,1.50,ליטר,false,1,4.90,3.2667,true,1,121840
7290000136646,false,בירה נשר מאלט ללא אלכוהול 1.5 ליטר,"טמפו משקאות בע""\מ",IL,בירה נשר מאלט בקבוק 1.5 ליטר,ליטרים,1.50,ליטר,false,1,11.90,7.9333,true,1,121841
7290000136707,false,טמפו מירינדה 1.5 ליטר,טמפו,IL,מירינדה בקבוק 1.5 ליטר,ליטרים,1.50,ליטר,false,1,14.50,9.6667,true,1,121936
7290000136844,false,מארז מים מזוככים אקווה נובה שישיית 2 ליטר,"טמפו משקאות בע""\מ",IL,מים אקווה נובה שישייה בקבוק 2 ליטר,ליטרים,12.00,ליטר,false,6,16.90,1.4083,true,1,121844
7290000137513,false,גלידונית גלידה וניל בציפוי שוקולד 60 יח' קרמיסימו,"גלידת שטראוס בע""\מ, רחוב",IL,גלידונית קרמיסימו 1/60 630 גרם,גרמים,630.00,100 גרם,false,1,57.90,0.0919,true,1,417
7290000137643,false,שלגוני טעמקור בטעם שוקו וניל שטראוס 8*50 גרם,"גלידת שטראוס בע""\מ, רחוב",IL,"שטראוס טעמקור 880 מ""ל",גרמים,500.00,100 גרם,false,1,44.90,0.0898,true,1,418
7290000143217,false,"שמפו הוואי לשיער יבש 700 מ""ל",שוורצקוף& הנקל דיסלד,IL,"שמפו הוואי לשיער יבש 700 מ""ל",מיליליטרים,700.00,"100 מ""ל",false,1,14.90,0.0213,true,1,449
7290000143255,false,"שמפו הוואי רגיל 700 מ""ל ירוק",שוורצקוף& הנקל דיסלד,IL,הוואי שמפו לשיער רגיל,מיליליטרים,700.00,"100 מ""ל",false,1,14.90,0.0213,true,1,451
7290000143279,false,"שמפו הוואי נגד קשקשים 700 מ""ל-אדום",שוורצקוף& הנקל דיסלד,IL,"שמפו הוואי למניעת קשקשים 700 מ""ל",מיליליטרים,700.00,"100 מ""ל",false,1,14.90,0.0213,true,1,453
7290000144160,false,"שמן זית כתית מעולה ארומתי עץ הזית 750 מ""ל","מרקאולאו, ספרד.אבסה,",IT,שמן זית ארומתי,מיליליטרים,750.00,"100 מ""ל",false,1,36.90,0.0492,true,1,33918
7290000144467,false,שמן חמניות מועשר בנוגדי חמצון 1 ל' עץ הזית,"נארז ע""י : א.ג. גילר",GR,שמן חמניות מועשר בנוגדי חמצון 1 ליטר,ליטרים,1.00,ליטר,false,1,17.90,17.9000,true,1,464
7290000144474,false,שמן עץ הזית קנולה 1 ליטר בריאות מהטבע,שמן תעשיות בעמ,EE,שמן קנולה מועשר בנוגדי חמצון 1 ליטר,ליטרים,1.00,ליטר,false,1,18.90,18.9000,true,1,86159
7290000148380,false,פיסטוקים קלוים קליית גת 200 גרם,"ג'י אנד ג'י בע""מ",IL,קליית גת פיסטוק קלויים 200 גרם,גרמים,200.00,100 גרם,false,1,24.90,0.1245,true,1,8406
7290000148489,false,"קליית גת גרעיני דלעת קלויים,200 גרם","ג'י אנד ג'י בע""מ",IL,"קליית גת גרעיני דלעת קלויים,200 גרם",גרמים,200.00,100 גרם,false,1,11.90,0.0595,true,1,10037
7290000148618,false,קשיו מטוגן שקית קליית גת 200 גרם,"ג'י אנד ג'י בע""מ",IL,קליית גת קשיו מטוגן 200 גרם,גרמים,200.00,100 גרם,false,1,24.90,0.1245,true,1,8407
7290000148748,false,קליית גת גרעיני חמניה קלויים ומומלחים200,"ג'י אנד ג'י בע""מ",IL,"קליית גת חמנייה קלויים, 200 גרם",גרמים,200.00,100 גרם,false,1,8.90,0.0445,true,1,8322
7290000148939,false,שקדים קלויים 200 גרם קליית גת,"ג'י אנד ג'י בע""מ",IL,שקד קלוי 200 גר' שקית,גרמים,200.00,100 גרם,false,1,25.90,0.1295,true,1,8408
7290000153469,false,קציצות עוף קלאסיות 100% רכיבים טבעיים,"מוצרי עוף טוב (2001) בע""",IL,עוף טוב קציצות עוף קלאסיות 14*600גרם,גרמים,600.00,100 גרם,false,1,33.90,0.0565,true,1,41099
7290000165073,false,סיף קרם ניקוי לימון 500מ,יוניליוור,TR,cif קרם ניקוי בניחוח לימון עם מיקרו חלקיקים,מיליליטרים,500.00,"100 מ""ל",false,1,14.80,0.0296,true,1,41725
7290000168173,false,"ברנפלקס קרנצ'ים תלמה 375 גרם בד""צ",יוניליור ישראל מזון,IL,ברנפלקס קרנצים 375 גרם,גרמים,375.00,100 גרם,false,1,25.90,0.0691,true,1,57591
7290000169798,false,"עוגי מופחת סוכר 20% פצפוצי שוקו' 500ג' בד""צ",יוניליוור ישראל מזון בע\,IL,תלמה דגני בוקר עוגי 500 גרם,גרמים,500.00,100 גרם,false,1,24.90,0.0498,true,1,52406
7290000170053,false,"שוקולד פרה חלב 100 גרם בד""צ לל""ג","שטראוס גרופ בע""\מ.",IL,שוקולד פרה חלב 100 גרם,גרמים,100.00,100 גרם,false,1,8.50,0.0850,true,1,645
7290000174723,false,שוקולית אבקה להכנת משקה שוקו 500 גרם,הנסיך- מפעל לייצור ט,IL,שוקולית קופסא 500 / 12 קופ'/ 500ג',גרמים,500.00,100 גרם,false,1,16.90,0.0338,true,1,671
7290000176062,false,קפה טורקי בשקית 100 ג' עלית,שטראוס קפה בי.ויn\.,IL,עלית טורקי שקית 100ג/1שק'/100גר',גרמים,100.00,100 גרם,false,1,10.90,0.1090,true,1,680
7290000176079,false,קפה עלית טורקי עם הל 100 גרם,הנסיך- מפעל לייצור ט,IL,עלית טורקי עם הל 00/1שק'/100גר',גרמים,100.00,100 גרם,false,1,11.90,0.1190,true,1,681
7290000176413,false,קפה נמס אבקתי 50 ג' עלית,הנסיך- מפעל לייצור ט,IL,קפה נמס 50 גרם חדש,גרמים,50.00,100 גרם,false,1,11.90,0.2380,true,1,686
7290000176420,false,קפה נמס פחית עלית 200 גרם,שטראוס קפה בי.וי,IL,קפה נמס עלית 200 גר',גרמים,200.00,100 גרם,false,1,24.90,0.1245,true,1,687
7290000178707,false,תפוצ'יפס בטעם טבעי 50 גרם,"שטראוס פריטו ליי בע""\מ )",IL,תפו טבעי 50 גר 48 יח - שמיטה,גרמים,50.00,100 גרם,false,1,5.90,0.1180,true,1,752
7290000178721,false,תפוצ'יפס בטעם טבעי 200 גרם,"שטראוס פריטו ליי בע""\מ )",IL,תפוציפס מלוח 200 גרם,גרמים,200.00,100 גרם,false,1,15.50,0.0775,true,1,754
7290000180212,false,שוקולד מריר עם שברי אגוזים פרה עלית 100 גרם,"שטראוס גרופ בע""מ",IL,שוקולד פרה מריר אגוזים 100 גרם,גרמים,100.00,100 גרם,false,1,8.90,0.0890,true,1,763
7290000187860,false,מגבוני טואלט לחים לילי דיספנסר 40יח',עלבד משואות יצחק בעמ,IL,מגבוני טואלט לח לילי,לא מנהל יחידת מידה,0.00,לא מנהל יחידת מידה,false,1,8.90,0.0000,true,1,816
7290000187921,false,נייר טואלט דו שכבתי לבן לילי 32 יחידות,לילי נייר טואלט חוגלה,IL,לילי פיור נייר טואלט דו שכבתי לבן 32 גלילים,מטרים,58880.00,מטר,false,1,41.90,0.0007,true,1,25387
7290000187938,false,"נייר טואלט ""לילי"" פסטל 32 גלילים",לילי נייר טואלט חוגלה,IL,נייר טואלט לילי פסטל 32 גלילים,מטרים,58880.00,מטר,false,1,39.90,0.0007,true,1,25388
7290000189482,false,תבניות אפיה מרובעות מקרטון ניקול 4 יחידות,"דוקארט בעמ, קיבוץ כפ",IL,תבנית אפייה קרטון מלבן 4 יח,לא מנהל יחידת מידה,0.00,לא מנהל יחידת מידה,false,1,13.90,0.0000,true,1,32319
7290000189505,false,ניקול תבנית אפייה מקרטון אינגליש קייק ניקול 5 יחידות,"דוקארט בעמ, קיבוץ כפ",IL,תבנית אפייה מקרטון אינגלי,לא מנהל יחידת מידה,0.00,לא מנהל יחידת מידה,false,1,13.90,0.0000,true,1,32321
7290000189536,false,אשפתון שרוך מתכלה 52/65 ניקול 40 יח',אשפלסט,TR,שקיות אשפה לפחים גדולים,לא מנהל יחידת מידה,0.00,לא מנהל יחידת מידה,false,1,24.90,0.0000,true,1,17475
7290000189550,false,"שקיות אשפה ענקיות עם שרוך 78 * 90 ס""מ ניקול 2 * 10 יחידות","אשפלסט תעשיות בע""מ",IL,שקיות אשפה זוג 20 יחידות,לא מנהל יחידת מידה,0.00,לא מנהל יחידת מידה,false,1,27.90,0.0000,true,1,17415
7290000189598,false,מטליות לחות חד פעמיות לניקוי כללי 50 יח' ניקול,עלבד משואות יצחק בעמ,IL,מטליות לחות לניקוי כללי 50 יח ניקול,Unknown,0.00,Unknown,false,1,14.90,0.0000,true,1,28147
7290000190068,false,מפיות נייר ניקול 100 יחידות,חוגלה קימברלי,IL,"מפיות ניקול חלקות לאירוח חד שכבתי, 100 יחידות",Unknown,0.00,Unknown,false,1,8.90,0.0000,true,1,21860
7290000191546,false,ממחטות טישו צבעוני 2 שכבות לילי מארז 100X3יח',חוגלה קימברלי,IL,ממחטות טישיו לילי צבעוני בניילון שלישייה,Unknown,0.00,Unknown,false,1,12.90,0.0000,true,1,845
7290000191652,false,שלישיית ממחטות אולטרה סופט קלינקס 90 יחידות,חוגלה קימברלי,IL,ממחטות טישיו קלינקס ניילון מארז שלישייה,לא מנהל יחידת מידה,0.00,לא מנהל יחידת מידה,false,1,11.90,0.0000,true,1,23118
7290000195216,false,נייר אפייה בשקית ניקול 50 יח',ניקול,IL,נייר אפיה ניקול 50 יח,לא מנהל יחידת מידה,0.00,לא מנהל יחידת מידה,false,1,12.90,0.0000,true,1,60767
7290000197326,false,רדיד אלומניום ניקול זוגי 30X7.5מ',חוגלה קימברלי,IL,זוג רדיד אלומיניום קצר עובי משופר 15 מיקרון,מטרים,1500.00,מטר,false,1,15.90,0.0106,true,1,907
7290000197425,false,חיתולים פרידום דריי שלב 3 האגיס 52 יחידות,קימברלי קלארק ישראל,IL,חיתולים פרידום דריי שלב 3,יחידה,1.00,יחידה,false,1,46.90,46.9000,true,1,59935
7290000197456,false,חיתולים פרידום דריי שלב 4 האגיס 44 יחידות,קימברלי קלארק ישראל,IL,חיתולים פרידום דריי שלב 4,יחידה,1.00,יחידה,false,1,46.90,46.9000,true,1,59936
7290000197548,false,חיתולים פרידום דריי שלב 5 האגיס 36 יחידות,קימברלי קלארק ישראל,IL,חיתולי האגיס פרידום דריי שלב 5,לא מנהל יחידת מידה,0.00,לא מנהל יחידת מידה,false,1,46.90,0.0000,true,1,59937
7290000197654,false,ניקול אשפתון שקיות אשפה ענקיות 45 יח',"אשפלסט תעשיות בע""מ",IL,אשפתון ענק 50 75*90 יחידות,Unknown,0.00,Unknown,false,1,24.90,0.0000,true,1,88761
7290000197753,false,ניילון נצמד אנטי בטקריאלי ניקול 30X2מ',חוגלה קימברלי,CN,ניילון נצמד זוג ניקול,מטרים,3000.00,מטר,false,1,15.90,0.0053,true,1,919
7290000197883,false,תבנית אלומיניום 100 גדולה ניקול 4 יחידות,חוגלה קימברלי,CN,תבנית אלומיניום גדול 4 יחידות,לא מנהל יחידת מידה,0.00,לא מנהל יחידת מידה,false,1,11.90,0.0000,true,1,11297
7290000199313,false,קוטקס יאנג תחבושות עם כנפיים נורמל חדש30,חוגלה קימברלי,CZ,קוטקס תחבושות לנערות 28 יח,Unknown,0.00,Unknown,false,1,22.90,0.0000,true,1,21496
7290000204512,false,מטליות לחות לניקוי רצפה בריח לימון ניקול 10 יחידות,עלבד משואות יצחק בעמ,IL,מטליות לחות ניקול בריח לימון,לא מנהל יחידת מידה,0.00,לא מנהל יחידת מידה,false,1,16.90,0.0000,true,1,79766
7290000204611,false,שישיית ספוגית הקסם ניקול 6 יחידות,חוגלה קימברלי,US,ספוגית הקסם ניקול 6 יחידות,לא מנהל יחידת מידה,0.00,לא מנהל יחידת מידה,false,1,13.90,0.0000,true,1,10540
7290000205526,false,פיסגה נוזל ריחני לשטיפת רצפות סנו 2 ליטר,"סנו מפעלי ברונוס בע""",IL,פיסגה נוזל ריחני לשטיפת רצפות 2 ליטר,ליטרים,2.00,ליטר,false,1,12.90,6.4500,true,1,1082
7290000207162,false,רוטב עגבניות מרכיב טבעי 100 ג' יכין,"זנלכל בע""\מ",IL,יכין רוטב עגבניות מרוכז 100 גרם,גרמים,100.00,100 גרם,false,1,2.20,0.0220,true,1,1128
7290000208022,false,עגבניות מרוסקות פריכוז 800 ג' יכין,"זנלכל בע""\מ",IL,עגבניות מרוסקות יכין 800 גרם,גרמים,800.00,100 גרם,false,1,9.90,0.0124,true,1,21086
7290000208077,false,אפונת גינה רגילה 550 גרם יכין,"זנלכל בע""\מ",IL,אפונת גינה יכין 550גרם,גרמים,550.00,100 גרם,false,1,7.90,0.0144,true,1,10970
7290000208114,false,"אפונה וגזר יכין A2 פ""ק בית יוסף","זנלכל בע""\מ",IL,יכין אפונת גינה וגזר 550 גרם,גרמים,550.00,100 גרם,false,1,8.90,0.0162,true,1,1174
7290000208213,false,שעועית לבנה אפויה A2 ברוטב עגבניות יכין 560ג',היינץ צפון אמריקה מק,IL,יכין שעועית לבנה ברוטב עגבניות 580 גרם,גרמים,580.00,100 גרם,false,1,8.90,0.0153,true,1,10972
7290000208329,false,גרעיני תירס מתוק 550 גרם יכין,"זנלכל בע""\מ",IL,יכין גרעיני תירס מתוק שימורים 550 גרם,גרמים,560.00,100 גרם,false,1,8.90,0.0159,true,1,8325
7290000208336,false,רסק יכין 240גר 22% יכין בית יוסף,"זנלכל בע""\מ",IL,יכין רוטב עגבניות מרוכז 240 גרם,גרמים,240.00,100 גרם,false,1,4.90,0.0204,true,1,20053
7290000208428,false,יכין חומוס בשימורים 550 גרם,"זנלכל בע""\מ",IL,חומוס שלם יכין 560 גרם,גרמים,560.00,100 גרם,false,1,8.90,0.0159,true,1,10973
7290000208947,false,עגבניות מרוסקות יכין 260 גרם,היינץ צפון אמריקה מק,IL,יכין עגבניות מרוסקות 260 גרם,גרמים,240.00,100 גרם,false,1,5.90,0.0246,true,1,20055
7290000209043,false,מיץ לימון לתיבול יכין 1 ליטר,היינץ צפון אמריקה מק,IL,יכין רוטב לימון משומר לתיבול 1 ליטר,ליטרים,1.00,ליטר,false,1,9.70,9.7000,true,1,11248
7290000209371,false,תירס מתוק יכין 200 גרם מארז 3 יח',היינץ צפון אמריקה מק,IL,יכין גרעיני תירס מתוק שלישייה 3*165,גרמים,165.00,100 גרם,false,1,14.90,0.0903,true,1,61688
7290000209722,false,רוטב עגבניות פריכוז יכין 580 גרם,"זנלכל בע""\מ",IL,רסק עגבניות פריכוז 580 יכין,גרמים,580.00,100 גרם,false,1,10.90,0.0188,true,1,8326
7290000209944,false,רוטב לעגבניות בסיס לשקשוקה 240 ג' יכין,"זנלכל בע""\מ",IL,רוטב עגבניות לשקשוקה יכין 240גרם,גרמים,240.00,100 גרם,false,1,5.90,0.0246,true,1,24461
7290000209951,false,רוטב עגבניות לפיצה 260 גרם יכין,"זנלכל בע""\מ",IL,רוטב פיצה 240גרם יכין,גרמים,240.00,100 גרם,false,1,5.90,0.0246,true,1,24462
7290000211169,false,"אורז תאילנדי אחד אחד סוגת 1 ק""ג",האי נאם סי או אל.טי.,IL,"אורז תאילנדי 1 ק""ג סוגת",קילוגרמים,1.00,"ק""ג",false,1,8.90,8.9000,true,1,11095
7290000211312,false,"אורז מלא ארוך סוגת 1 ק""ג",האי נאם סי או אל.טי.,IL,"אורז מלא ארוך 1 ק""ג",קילוגרמים,1.00,"ק""ג",false,1,11.90,11.9000,true,1,1198
7290000211442,false,"אורז פרסי קלאסי סוגת 1 ק""ג",האי נאם סי או אל.טי.,IL,"אורז פרסי 1 ק""ג",קילוגרמים,1.00,"ק""ג",false,1,13.90,13.9000,true,1,1202
7290000211503,false,סוכר לבן ארוז בשקית,"סוגת תעשיות בע""\מ",IL,"סוכר לבן ארוז בשקית סוגת 1 ק""ג",קילוגרמים,1.00,"ק""ג",false,1,5.90,5.9000,true,1,1203
7290000238036,false,מלאווח בקופסא מעדנות 700 גרם,מיוצר עי קונדיטוריית,IL,מלווח 700 גרם מעדנות,גרמים,700.00,100 גרם,false,1,21.90,0.0313,true,1,1523
7290000238173,false,בורקס גבינה מעדנות 800 גרם,מיוצר עי קונדיטוריית,IL,בורקס גבינה מעדנות 800 גרם,גרמים,800.00,100 גרם,false,1,28.90,0.0361,true,1,1526
7290000238180,false,בורקס תפוחי אדמה מעדנות 800 גרם,מיוצר עי קונדיטוריית,IL,"בורקס תפו""א מעדנות 800 גרם",גרמים,800.00,100 גרם,false,1,25.90,0.0324,true,1,1527
7290000253220,false,שוקולד צ'יפס חום אופנהיימר 260 גר',אופנהיימר,IL,נטיפי שוקולד,גרמים,260.00,100 גרם,false,1,13.90,0.0535,true,1,1666
7290000266107,false,כריך בלחמניה סלט טונה220,עינת תעשיות מזון,IL,כריך שמינייה טונה 225 גרם,גרמים,225.00,100 גרם,false,1,18.20,0.0809,true,1,22572
7290000266206,false,כריך בלחמניה טוניסאי 260,עינת תעשיות מזון,IL,כריך טוניסאי 250 גרם,גרמים,250.00,100 גרם,false,1,19.90,0.0796,true,1,23934
7290000286228,false,ספוגיות לניקוי כללי סנו סושי 6 יחידות,סנו מפעלי ברונו בעמ,IL,כרית יפנית סנו סושי 1/6,גרמים,70.00,100 גרם,false,1,14.90,0.2129,true,1,1926
7290000286549,false,מטליות לניקוי כללי סנו סושי 9 יחידות,נועם אורים תעשיות בע,IL,"סנו סושי מטליות לניקוי כללי, 9 יחידות",לא מנהל יחידת מידה,0.00,לא מנהל יחידת מידה,false,1,12.90,0.0000,true,1,1932
7290000287195,false,"סנו רהיט ספריי עשיר בווקס להברקה 305 מ""ל",מיוצר עי קונדיטוריית,IL,"סנו רהיט אירוסול מנקה, מבריק, מגן ודוחה אבק 300 מל",מיליליטרים,305.00,"100 מ""ל",false,1,19.90,0.0652,true,1,1953
7290000288024,false,סנו - ז'אוול אקונומיקה בריח לימון 4 ליטר,"סנו מפעלי ברונוס בע""מ",IL,אקונומיקה סנו JAVEL לימון 4 ליטר,ליטרים,4.00,ליטר,false,1,17.90,4.4750,true,1,1964
7290000288109,false,"אבקת כביסה מקסימה אפקט ג''אוול 1.25 ק""ג סנו",סנו מפעלי ברונוס בעמ,IL,"אבקת כביסה קומפקט מקסימה 1.25 ק""ג",קילוגרמים,1.25,"ק""ג",false,1,16.90,13.5200,true,1,1966
7290000288352,false,"קוטל חרקים וזוחלים K-300 סנו 630 מ""ל","סנו מפעלי ברונוס בע""מ",IL,K-300,מיליליטרים,630.00,"100 מ""ל",false,1,28.90,0.0459,true,1,1971
7290000289069,false,סנו - ז'אוול מרסס קצף ניקוי בתוספת אקונומיקה בריח לימון 1 ליטר,"סנו מפעלי ברונוס בע""מ",IL,קצף ניקוי JAVEL מרסס בריח לימון סנו 1 ל,ליטרים,1.00,ליטר,false,1,18.90,18.9000,true,1,1983
7290000289236,false,K3 נמלים פיתיון ג'ל - קוטל נמלים בבית ובחצר,"סנו מפעלי ברונוס בע""\מ",IL,סנו K3 קוטל נמלים פיתיון ג'ל 12 גרם,יחידה,1.00,יחידה,false,1,49.90,49.9000,true,1,81856
7290000289748,false,"מסיר שומנים לתנורים פורטה פלוס סנו 750 מ""ל","סנו מפעלי ברונוס בע""\מ",IL,סנו פורטה פלוס 750 מ''ל,מיליליטרים,750.00,"100 מ""ל",false,1,19.90,0.0265,true,1,1987
7290000292687,false,סנובון מוצק לניקוי אסלה קלאסיק כחול סנו 3 יחידות,מיוצר עי קונדיטוריית,IL,סנובון כחול סבון מוצק לאסלה בניחוח קלאסי 3 יחידות,גרמים,165.00,100 גרם,false,1,22.90,0.1388,true,1,2016
7290000294780,false,אקונומיקה סמיכה בריח לימון סנו ז'אוול 4 ליטר,"סנו מפעלי ברונוס בע""מ",IL,סנו Javel אקונומיקה סמיכה מבושמת בריח לימון 4 ליטר,ליטרים,4.00,ליטר,false,1,17.90,4.4750,true,1,2032
7290000295442,false,אטבי איכות סנו 20יח',מ.א ייצור,,אטבי כביסה איכות 20 יחידות,יחידה,0.00,יחידה,false,1,14.90,0.0000,true,1,86674
7290000295503,false,זוג שקיות מזון טבע 19*25 סנו סושי 150 יחידות,"אשפלסט תעשיות בע""מ",CN,סנו סושי - שקיות אוכל 2*150,לא מנהל יחידת מידה,0.00,לא מנהל יחידת מידה,false,1,15.90,0.0000,true,1,2047
7290000295558,false,"רדיד אלומיניום רוחב 30 ס""מ סנו סושי 2 יח' 7.5 מטר",מולינו ניקולי s.p.a,TR,"רדיד אלומיניום זוג 15 מ רוחב 30 ס""מ",מטרים,1500.00,מטר,false,1,15.90,0.0106,true,1,11111
7290000295794,false,ספוגיות מתכת אל חלד לניקוי סנו 3 יחידות,סנו,,ספוגיות מתכת,יחידה,1.00,יחידה,false,1,11.90,11.9000,true,1,70746
7290000300900,false,שניצל תירס מרכיבים טבעיים טבעול 750 גרם,עיצובים 2020 (4.8),IL,טבעול שניצל תירס 8*750גרם-חדש,גרמים,750.00,100 גרם,false,1,32.90,0.0439,true,1,2089
7290000313160,false,זהבה ושלושת הדובים עוגיות בטעם שוקולד אסם 350 גרם,"הגביע מוצרי וופלים בע""\מ",IL,עוגיות ביסקוויט זהבה ו 3 הדובים 250 גרם,גרמים,250.00,100 גרם,false,1,9.70,0.0388,true,1,11113
7290000313184,false,עוגיות חברים גן חיות וניל אסם 250 גר',"הגביע מוצרי וופלים בע""\מ",IL,אסם עוגיות גן חיות וניל 12*250גרם חדש,גרמים,250.00,100 גרם,false,1,10.90,0.0436,true,1,11374
7290000318479,false,נקניק פרושוטו בקר יחיעם 100 גרם,תאי פרזידנט פוד פאבל,IL,"יחיעם, פרושוטו , 100 גרם",גרמים,100.00,100 גרם,false,1,29.80,0.2980,true,1,15609
7290000318677,false,נקניק סלמי סרוולט יחיעם 150 גרם,מעדני יחיעם 1993,IL,סלמי סרוולט,גרמים,150.00,100 גרם,false,1,25.90,0.1727,true,1,22326
7290000318707,false,נקניק סלמי מעושן יחיעם 500 גרם,מעדני יחיעם 1993,IL,יחיעם סלמי מעושן 500 גרם,גרמים,500.00,100 גרם,false,1,39.90,0.0798,true,1,2377
7290000318943,false,פסטרמה של פעם מעושן 1.5% יחיעם 200 גרם,תאי פרזידנט פוד פאבל,IL,"יחיעם, פסטרמה של פעם, 200 גרם",גרמים,200.00,100 גרם,false,1,29.90,0.1495,true,1,22328
7290000319063,false,כתף בקר מפולפל יחיעם 150 גרם,מעדני יחיעם,IL,כתף בקר מפולפל 150 גרם,גרמים,150.00,100 גרם,false,1,25.90,0.1727,true,1,72753
7290000319124,false,סלמי סרוולט מאפ יחיעם 250 גרם,מעדני יחיעם 1993,IL,סלמי סרוולד יחיעם 250 גרם,גרמים,250.00,100 גרם,false,1,34.90,0.1396,true,1,2397
7290000319131,false,נקניקיות עוף יחיעם 400 גרם,מעדני יחיעם 1993,IL,נקניקיות עוף 400 גר יחיעם,גרמים,400.00,100 גרם,false,1,16.60,0.0415,true,1,85911
7290000319520,false,נקניק סלמי צרפתי יחיעם 100 גרם,מעדני יחיעם 1993,IL,סלמי צרפתי 100 גרם יחיעם,גרמים,100.00,100 גרם,false,1,22.90,0.2290,true,1,15610
7290000319803,false,קבנוס קלאסי יחיעם 125 גרם,תאי פרזידנט פוד פאבל,IL,קבנוס קלאסי 125 גרם יחיעם,גרמים,125.00,100 גרם,false,1,14.90,0.1192,true,1,63620
7290000319834,false,קבנוס פפרוני קלאסי 125 גרם,תאי פרזידנט פוד פאבל,IL,קבנוס פפרוני קלאסי 125 גרם יחיעם,גרמים,125.00,100 גרם,false,1,14.90,0.1192,true,1,63457
7290000327020,false,"שישיית פפסי פחית צרה *330 מ""ל","מודרן גרופ משקאות בע""\מ",IL,פפסי פחית צרה 330 שישייה,ליטרים,1.98,ליטר,false,6,25.90,13.0808,true,1,123423
7290000336282,false,"פריגת סיידר צלול 330 מ""ל בקבוק",טמפו משקאות בעמ,IL,סיידר תפוח צלול 330 בקבוק,מיליליטרים,330.00,"100 מ""ל",false,1,8.50,0.0258,true,1,9157
7290000339566,false,מרכך כביסה ורד בדין 4 ליטר,יוניליור ישראל טיפוח איש,IL,מרכך כביסה בדין ורוד,ליטרים,4.00,ליטר,false,1,25.90,6.4750,true,1,2561
7290000342856,false,מרכך כביסה כחול בדין 4 ליטר,יוניליור ישראל טיפוח איש,IL,מרכך כביסה בדין כחול,ליטרים,4.00,ליטר,false,1,25.90,6.4750,true,1,2592
7290000345260,false,תה קלאסיק מעטפות ויסוצקי 25 יחידות,מולינו ניקולי s.p.a,IL,25/1.5במעטפה,גרמים,37.00,100 גרם,false,1,9.90,0.2676,true,1,2635
7290000345291,false,תה ארל גריי ויסוצקי 25 יחידות,תה ויסוצקי,IL,ארל גריי TEAR TAPE - 25,גרמים,38.00,100 גרם,false,1,21.10,0.5553,true,1,2638
7290000346205,false,חליטת קמומיל הגן הקסום ויסוצקי 25 יחידות,תה ויסוצקי,IL,"קמומיל-""הגן הקסוםC24 ?",גרמים,37.00,100 גרם,false,1,19.90,0.5378,true,1,2664
7290000347738,false,תה ירוק נענע ויסוצקי 25 יחידות,תה ויסוצקי,IL,תה ירוק עם נענע T.T,גרמים,37.00,100 גרם,false,1,26.90,0.7270,true,1,2676
7290000347752,false,תה ירוק לימונית ולואיזה 25 שקיקים *1.5 ג'' ויסוצקי,תה ויסוצקי,IL,תה ירוק עם לימונית/לואיזה T.T,גרמים,37.00,100 גרם,false,1,26.90,0.7270,true,1,2677
7290000363363,false,קבנוס נקניק מעושן יבש 160 גרם,הנסיך- מפעל לייצור ט,IL,טירת צבי קבנוס נקניק מעושן יבש 160 גרם,גרמים,160.00,100 גרם,false,1,18.90,0.1181,true,1,2784
7290000364261,false,"דקניקים, סלסולי פסטרמה כתף בקר מעושנת 120 גרם",הנסיך- מפעל לייצור ט,IL,"טירת צבי, סלסולי פסטרמה כתף בקר מעושנת 120 גרם",גרמים,120.00,100 גרם,false,1,17.90,0.1492,true,1,33807
7290000364278,false,דקניקים סלסולי סלמי איטלקי משובח טירת צבי 120 גרם,הנסיך- מפעל לייצור ט,IL,"דקניקים, סלסולי סלמי אטלקי 120 גרם",גרמים,120.00,100 גרם,false,1,17.90,0.1492,true,1,33808
7290000364285,false,דקניקים סלסולי פסטרמה הודו טירת צבי 120 גרם,הנסיך- מפעל לייצור ט,IL,"טירת צבי, סלסולי הודו אפוי, 120 גרם",גרמים,120.00,100 גרם,false,1,17.90,0.1492,true,1,33809
7290000364858,false,"נקניקיות עוף טרי טירת צבי 1 ק""ג",הנסיך- מפעל לייצור ט,IL,"טירת צבי - נקניקיות עוף 1 ק""ג",קילוגרמים,1.00,"ק""ג",false,1,32.90,32.9000,true,1,2832
7290000364872,false,נקניקיות עוף טירת צבי 400 גרם,טיב טירת צבי 2000,IL,נקניקיות עוף 400 גרם,גרמים,400.00,100 גרם,false,1,16.90,0.0422,true,1,2834
7290000377209,false,בוטן מטוגן קליית גת 200 גרם,"ג'י אנד ג'י בע""מ",IL,בוטנים מטוגנים קליית גת 200 גרם,גרמים,200.00,100 גרם,false,1,9.90,0.0495,true,1,10384
7290000377452,false,גרעיני אבטיח קליית גת 200 גרם,הדקלאים אגודת שיתופי,IL,גרעיני אבטיח שק'200 גר',גרמים,200.00,100 גרם,false,1,14.90,0.0745,true,1,8420
7290000377612,false,מיץ תפוזים סחוט טבעי פריגת 400 מל,גת גבעת חיים,IL,פריגת סחוט תפוזים קלאסי,מיליליטרים,400.00,"100 מ""ל",false,1,12.50,0.0313,true,1,2880
7290000408316,false,יוגורט דנונה דל לקטוז 200 גרם,מיוצר עי קונדיטוריית,IL,דנונה ביו 3% 200 גרם,גרמים,200.00,100 גרם,false,1,3.90,0.0195,true,1,3391
7290000408354,false,יוגורט עם אורז מצופה שוקולד קקאו 175 ג' דנונה,"שטראוס בריאות בע""\מ",IL,בר דנונה פצפוצים,גרמים,175.00,100 גרם,false,1,6.20,0.0354,true,1,3392
7290000412481,false,נוזל לניקוי אסלות 00 סנו 1 ליטר,מיוצר עי קונדיטוריית,IL,סנו 00 מנקה אסלות 1 ליטר,ליטרים,1.00,ליטר,false,1,9.90,9.9000,true,1,3432
7290000416021,false,ממרח בטעם שוקולד השחר חלבי 500,השחר העולה,IL,ממרח השחר העולה חלבי 500 גרם,גרמים,500.00,100 גרם,false,1,13.90,0.0278,true,1,3508
7290000430102,false,קוביות קרח בשקית מיסטר אייס 2 קילו,"אייס (קיובס) בע""מ -",IL,קוביות קרח בשקית,יחידה,1.00,יחידה,false,1,14.90,14.9000,true,1,67832
7290000449128,false,סיף פנטסטיק לימון ניקוי רב תכליתי 4ל',יוניליוור ישראל טיפוח אי,IL,פנטסטיק תרכיז ניקוי רב תכליתי בניחוח לימון 4 ליטר,ליטרים,4.00,ליטר,false,1,29.90,7.4750,true,1,3743
7290000450209,false,פוסידון טונה בהירה בשמן 77 גרם,"מיוצר עי וליגר בעמ,",IL,פוסידון נתחי טונה בהירה בשמן 108 גרם,גרמים,108.00,100 גרם,false,1,7.90,0.0731,true,1,3757
7290000453422,false,בצק פילו מצונן ומוכן לאפייה שמרית 300 גרם,"פאקא תעשיות בע""מ",GR,בצק פילו מוכן לאפייה - שמרית,גרמים,150.00,100 גרם,false,1,17.90,0.1193,true,1,80110
7290000453798,false,שמרית שמרים יבשים אקטיביים 500 גר',"גי' בי' רכיבים בע""מ",IL,שמרית שמרים יבשים אקטיביים 500 גרם,גרמים,500.00,100 גרם,false,1,15.90,0.0318,true,1,66328
7290000462141,false,סחוג אדום תימני מקורי חריף מאוד זהבי 150 גרם,קריניסה ויטמין אס אי,IL,"זהבי הכרם זחוק תמני חריף, 150 גרם",גרמים,150.00,100 גרם,false,1,9.90,0.0660,true,1,28559
7290000462172,false,סחוג תימני ירוק חריף זהבי הכרם 150 גרם,קריניסה ויטמין אס אי,IL,זחוק זהבי ירוק חריף 150 גרם,גרמים,150.00,100 גרם,false,1,10.90,0.0727,true,1,3821
7290000480107,false,קוואקר שיבולת שועל פחית 500 גרם,וולקרס סנקס לימיטד,GB,קוואקר שיבולת שועל פחית 500 גר 24 יח,גרמים,500.00,100 גרם,false,1,16.90,0.0338,true,1,3944
7290000480442,false,קוואקר שיבולת שועל בשקית 500 גרם,פריטו ליי FRITO-LAY,IL,קוואקר שיבולת שועל שקית 500 גר 16 יח,גרמים,500.00,100 גרם,false,1,15.90,0.0318,true,1,3951
7290000484747,false,"ארק איילות 40% 700 מ""ל",יקב הגליל יוסף גולד ובניו,IL,"עלית הארק 40% בקבוק 700 מ""ל",מיליליטרים,700.00,"100 מ""ל",false,1,79.90,0.1141,true,1,66664
7290000493176,false,אסם אבקת רוטב צלי לבשר 22 ג',"אסם השקעות בע""\מ",IL,רוטב צלי בשר 22 גרם,גרמים,22.00,100 גרם,false,1,4.90,0.2227,true,1,4036
7290000497044,false,"לחם אקטיב 750 גרם ""ברמן""",מאפית י את א ברמן בע,IL,לחם ברמן אקטיב 750 גרם,גרמים,750.00,100 גרם,false,1,17.90,0.0239,true,1,56021
7290000497112,false,"לחם כהה פרוס וארוז ""ברמן""-מוצר בפיקוח",מאפית י את א ברמן בע,IL,"ברמן לחם אחיד מקמח כהה פרוס, 750 גרם",גרמים,750.00,100 גרם,false,1,7.91,0.0105,true,1,4044
7290000497198,false,מארז פיתות עשירייה אסלי,מאפית י את א ברמן בע,IL,ברמן אסלי 10 פיתות 1קג,קילוגרמים,1.00,"ק""ג",false,1,13.90,13.9000,true,1,85433
7290000497570,false,לחם דגנים פלוס ברמן 500 גרם,מאפית י את א ברמן בע,IL,ברמן דגני קלות 500 גרם,גרמים,500.00,100 גרם,false,1,15.90,0.0318,true,1,4051
7290000504025,false,ממתיק סוכרזית פטרייה עלית 300 גרם,אף.סי תבליני בגליל ב,IL,סוכרזית קלאסי 300,גרמים,25.00,100 גרם,false,1,10.90,0.4360,true,1,4274
7290000504278,false,ממתיק סוכרזית אריזת פטנט 700 טבליות,אף.סי תבליני בגליל ב,IL,ממתיק סוכרזית פטנט 700 טבליות,גרמים,57.00,100 גרם,false,1,19.90,0.3491,true,1,4278
7290000525969,false,מיץ תפוזים סחוט רכיבים טבעיים פרימור 1 ליטר,"גניר (1992) בע""מ",IL,פרימור מיץ תפוזים 1 ליטר,ליטרים,1.00,ליטר,false,1,19.50,19.5000,true,1,4515
7290000530598,false,נקניקיות עוף וינר זוגלובק 500 גרם,נקניק נהריה כשר זוגל,IL,זוגלובק נקניקיות וינר 500 גרם,גרמים,500.00,100 גרם,false,1,17.90,0.0358,true,1,4542
7290000530703,false,פסטרמה חרמון כפרית ונקניק תה מעושן זוגלובק 2*400 גרם,נקניק נהריה כשר זוגל,IL,זוגלובק זוג חרמון הודו ועוף 400+סלמי תה 400 גרם,גרמים,800.00,100 גרם,false,1,34.90,0.0436,true,1,4543
7290000537566,false,נקניקיות עוף טרי 400 ג' זוגלובק,נקניק נהריה כשר זוגל,IL,זוגלובק נקניקיות עוף 400 גרם,גרמים,400.00,100 גרם,false,1,16.90,0.0422,true,1,4581
7290000538709,false,נקניק סלמי תה מעושן זוגלובק 200 גרם,זוגלובק,IL,זוגלובק סלמי תה מעושן 200 גרם,Unknown,0.00,Unknown,false,1,11.50,0.0000,true,1,27202
7290000554532,false,גבינה צפתית מעודנת במלח ים 5% 200 ג' גד,הנסיך- מפעל לייצור ט,IL,גד צפתית מעודנת 5% שומן,גרמים,200.00,100 גרם,false,1,16.90,0.0845,true,1,27978
7290000554600,false,מוצרלה מגורדת 22 אחוז 300גרם גד מהדרין,מחלבות גד בעמ,IL,גד מוצרלה מגורדת מחלב בקר 22% 300 גרם,גרמים,300.00,100 גרם,false,1,27.90,0.0930,true,1,4835
7290000554624,false,מעדן חלב ירח מתוק עם אורז 3% גד 150 גרם,"מיוצר ע""\י קוד יצרן EDNK",IL,"ירח מתוק ,מעדן חלב עם אורז 3% , 150 גרם",גרמים,150.00,100 גרם,false,1,6.50,0.0433,true,1,4836
7290000554839,false,מסקרפונה שמנת מתוקה קשה בסגנון איטלקי 40% גד 250 גרם,מחלבות גד בעמ,IL,גבינה מוקצפת מסקרפונה 250 גרם גד,גרמים,250.00,100 גרם,false,1,24.90,0.0996,true,1,4843
7290000560533,false,אדג' ג'ל גילוח ירוק לעור רגיל 198גרם,אס.סי ג'ונסון ובניו,US,200 מל גל גילוח אדג בתוספת אלוורה,מיליליטרים,200.00,"100 מ""ל",false,1,19.90,0.0995,true,1,4900
7290000560540,false,אדג' ג'ל גילוח כתום לעור רגיש 198גרם,המאפיה של הרמן,US,אדג ג'ל גילוח לעור רגיש עם אלוורה 200 מל,מיליליטרים,200.00,"100 מ""ל",false,1,19.90,0.0995,true,1,4901
7290000571386,false,המחלבה יוגורמה יוגורט מחלב כבשים 5% 850 גרם,גבינות משק אחים מאיר בית,IL,המחלבה יוגורמה יוגורט מחלב כבשים 5% 850 גרם,גרמים,850.00,100 גרם,false,1,29.90,0.0352,true,1,87651
7290000571478,false,גבינת תום עיזים פרוס המחלבה 200 גרם,גבינות משק אחים מאיר בית,IL,גאודה-תום פרוסה 200 גרם,גרמים,150.00,100 גרם,false,1,39.90,0.2660,true,1,96297
7290000572208,false,חלוה בטעם וניל אחווה 100 גרם,שוורצקוף& הנקל דיסלד,IL,אחוה חלוה בטעם וניל 100 גרם,גרמים,100.00,100 גרם,false,1,4.50,0.0450,true,1,4945
7290000644783,false,נתחי פילה סלמון קפוא קג,דגי תנובה,DK,"נתחי פילה סלמון בואקום לק""ג",קילוגרמים,1.00,"ק""ג",true,,115.00,115.0000,true,1,35360
7290000652542,false,פילה אמנון קפוא 5-7 קג,דגי תנובה,IL,פילה אמנון קפוא 5-7 100% דג לקג,קילוגרמים,1.00,"ק""ג",true,,39.00,39.0000,true,1,81382
7290000659312,false,פילה סלמון פרימיום דגי תנובה,דגי תנובה,IL,"פילה סלמון בואקום לק""ג",קילוגרמים,1.00,"ק""ג",true,,99.00,99.0000,true,1,15786
7290000663135,false,קוביות סלומון קפוא 100% דג 300 גרם תנובה,"צ'\ילה, Ll MONTT, PUERTO",CL,קוביות סלמון קפוא 100% דג 300גרם,גרמים,300.00,100 גרם,false,1,40.00,0.1333,true,1,121287
7290000688077,false,"מי עדן 0.500 מ""ל פקק רגיל",מופק ממקור בזלתי עדן,IL,מים מינרליים מי עדן פקק רגיל 0.5 ל',מיליליטרים,500.00,"100 מ""ל",false,1,6.90,0.0138,true,1,21894
7290000688084,false,מי עדן פקק ספורטאים500מל,"מופק ממקור בזלתי עדן ,1",IL,"מי עדן בקבוק ספורט 500 מ""ל",מיליליטרים,500.00,"100 מ""ל",false,1,6.90,0.0138,true,1,5859
7290000692210,false,נוזל לניקוי כללי ורצפות בניחוח לבנדר אג'קס 2 ליטר,הנסיך- מפעל לייצור ט,GR,אג'קס נוזל לניקוי כללי ורצפות בניחוח לבנדר 2 ליטר,ליטרים,2.00,ליטר,false,1,29.90,14.9500,true,1,5911
7290000801476,false,אקמול לשיכוך כאבים וחום,טבע,,אקמול 14 קפליות,לא מנהל יחידת מידה,0.00,לא מנהל יחידת מידה,false,1,15.50,0.0000,true,1,15319
7290000802886,false,אלרין תרסיס טיפות אף,פריגו,US,"אלרין תרסיס טיפות אף 30 מ""ל מבוגרים",מיליליטרים,30.00,"100 מ""ל",false,1,37.80,1.2600,true,1,121567
7290000803067,false,"משחת שיניים לילדים גילאים 6-2 אלמקס 75 מ""ל",הנסיך- מפעל לייצור ט,PL,אלמקס משחת שיניים ילדים 113 מל,מיליליטרים,113.00,"100 מ""ל",false,1,16.90,0.1496,true,1,7028
7290000850160,false,"נורופן לילדים בטעם תפוז 100 מ""ל",רקיט בנקיזר,,"נורופן לילדים תרחיף בטעם תפוז 100 מ""ל",מיליליטרים,100.00,"100 מ""ל",false,1,24.90,0.2490,true,1,40474
7290000993560,false,עגבניות שרי שוקו \מנומר 500ג' ארוז,אראל תוצרת חקלאית בע,IL,עגבניות שרי שוקו לב 500 גרם,גרמים,500.00,100 גרם,false,1,7.90,0.0158,true,1,74720
7290001045633,false,"פרימור משקה לימונים ונענע 400מ""ל",פרימור,IL,פרימור משקה קל לימונים ונענע 400 מל,מיליליטרים,400.00,"100 מ""ל",false,1,11.90,0.0298,true,1,9169
7290001045657,false,"פרימור סחוט תפוחים צלול 400 מ""ל",פרימור,IL,פרימור מיץ תפוחים 100% מיץ צלול מיוצר מרכז 400 מל,מיליליטרים,400.00,"100 מ""ל",false,1,11.90,0.0298,true,1,8319
7290001045688,false,"מיץ תפוזים סחוט פרימור 400 מ""ל",פרימור,IL,פרימור מיץ תפוזים סחוט 400 מל,מיליליטרים,400.00,"100 מ""ל",false,1,11.90,0.0298,true,1,9166
7290001121054,false,צמד חמד פסטרמה וסלמי יחיעם 700 גרם,תאי פרזידנט פוד פאבל,IL,צמד חמד סלמי+פסטרמה 700 גר יחיעם,גרמים,700.00,100 גרם,false,1,26.90,0.0384,true,1,109
7290001121238,false,נקניק קורנדביף 4% יחיעם 180 גרם,מעדני יחיעם 1993,IL,יחיעם קורנד ביף 180 גרם,גרמים,180.00,100 גרם,false,1,25.90,0.1439,true,1,31879
7290001121672,false,פסטרמה מעודנת בפפריקה 300 ג' יחיעם,מעדני יחיעם 1993,IL,פסטרמה מעודנת בפפריקה 300 גרם יחיעם,גרמים,300.00,100 גרם,false,1,26.90,0.0897,true,1,57140
7290001121849,false,פסטרמה ברביקיו יחיעם 250 גרם ר.טבעיים,מעדני יחיעם 1993,IL,פסטרמה ברביקיו יחיעם 100% חומרים טבעיים,גרמים,250.00,100 גרם,false,1,27.90,0.1116,true,1,57141
7290001121979,false,נקניק סלמי הרץ מעדני יחיעם 150 גרם,תאי פרזידנט פוד פאבל,IL,"יחיעם, סלמי הרץ, 150 גרם",גרמים,150.00,100 גרם,false,1,25.90,0.1727,true,1,44653
7290001201589,false,ביצים ארוזות L 12 יחידות,שופרסל,IL,ביצים ארוזות12 יח L,לא מנהל יחידת מידה,0.00,לא מנהל יחידת מידה,false,1,12.05,0.0000,true,1,85449
7290001201596,false,ביצים ארוזות M 12 יחידות,שופרסל,IL,ביצים ארוזות12 יח M,לא מנהל יחידת מידה,0.00,לא מנהל יחידת מידה,false,1,11.15,0.0000,true,1,85450
7290001216040,false,טחינה גולמית שומשום טהור אל ארז 500 גרם,אגס ירוק מסחר ושירותים,IL,טחינת אל ארז 500 גרם,גרמים,500.00,100 גרם,false,1,17.90,0.0358,true,1,12575
7290001230234,false,סיגריות כאמל סופט חפ,גיי טי אינטרנשיונל,CH,סיגריות כאמל סופט חפיסה בודד,יחידה,0.00,יחידה,false,1,33.50,0.0000,false,1,10035
7290001230331,false,סיגריות כאמל בוקס חפ,Unknown,CH,סיגריות כאמל בוקס חפיסה בודד,יחידה,0.00,יחידה,false,1,33.50,0.0000,false,1,10036
7290001230739,false,כאמל כחול חפיסה חפיסה,Unknown,CH,סיגריות כאמל כחול חפיסה בודד,יחידה,0.00,יחידה,false,1,33.50,0.0000,false,1,13283
7290001231932,false,ווינסטון כחול בוקס חפיסה,Unknown,CH,סיגריות וינסטון כחול בוקס חפיסה בודד,לא מנהל יחידת מידה,0.00,לא מנהל יחידת מידה,false,1,35.80,0.0000,false,1,10023
7290001235938,false,וינסטון כחול ארוך חפיסה,Unknown,CH,סיגריות וינסטון כחול 100 חפיסה בודד,לא מנהל יחידת מידה,0.00,לא מנהל יחידת מידה,false,1,35.80,0.0000,false,1,24744
7290001247723,false,"ספרינג נקטר תות בננה פחית 330 מ""ל",יפאורה תבורי בעמ,IL,"ספרינג נקטר תות בננה פחית 330 מ""ל",מיליליטרים,330.00,"100 מ""ל",false,1,8.50,0.0258,true,1,14853
7290001247730,false,"נקטר ספרינג בטעם מנגו פחית 330 מ""ל",יפאורה תבורי בעמ,IL,"ספרינג נקטר מנגו פחית 330 מ""ל",מיליליטרים,330.00,"100 מ""ל",false,1,8.50,0.0258,true,1,14854
7290001305058,false,"פלמוליב - נטורלס תחליב רחצה חלב ודבש 500 מ""ל",הנסיך- מפעל לייצור ט,TR,פלמוליב סבון נוזלי חלב ודבש 750 מל,מיליליטרים,500.00,"100 מ""ל",false,1,19.90,0.0398,true,1,350
7290001327180,false,שטראוס קרמיסימו וניל ציפ 1.33 ליטר,"גלידת שטראוס בע""\מ, רחוב",IL,קרמיסימו קרמיסימו בטעם וניל צ'יפ 1.33 ליטר,ליטרים,1.33,ליטר,false,1,33.90,25.4887,true,1,363
7290001327791,false,גלידת קרמיסימו וניל עוגיות חלבי,"גלידת שטראוס בע""\מ, רחוב",IL,קרמיסימו קרמיסימו בטעם וניל עוגיות 1.33 ליטר,ליטרים,1.33,ליטר,false,1,33.90,25.4887,true,1,367
7290001407769,false,טחינה גולמית שומשום מלא בארכה 500 גרם,"רושדי תעשיות מזון בע""\מ",IL,בארכה טחינה עם שומשום מלא 12*500גרם,גרמים,500.00,100 גרם,false,1,17.90,0.0358,true,1,20232
7290001419618,false,"ופלים בלגי בטעם שוקולד ""עלמה"" 200 גרם","גילרו בע""מ",IL,ופלים בלגי שוקולד עלמה 200 גרם,גרמים,200.00,100 גרם,false,1,5.50,0.0275,true,1,33828
7290001419779,false,"וופל קלאסי בטעם שוקולד ""עלמה"" 200 גרם","גילרו בע""מ",IL,ופלים שוקולד עלמה 200 גרם,גרמים,200.00,100 גרם,false,1,5.50,0.0275,true,1,19918
7290001509272,false,שוקיים פטם פרימיום ק,מילועוף,,"שוקיים פטם פרימיום קפוא ארוז לק""ג",קילוגרמים,1.00,"ק""ג",true,,36.90,36.9000,true,1,81711
7290001509296,false,שניצל פרוס פרימיום ק,מילועוף,,"שניצל פרוס פרימיום קפוא ארוז לק""ג",קילוגרמים,1.00,"ק""ג",true,,46.90,46.9000,true,1,81668
7290001509319,false,כנפיים פטם פרימיום ק,מילועוף,,"כנפיים פטם פרימיום קפוא ארוז לק""ג",קילוגרמים,1.00,"ק""ג",true,,21.90,21.9000,true,1,81669
7290001509340,false,כרעיים מקוצב פרימיום,מילועוף,,"כרעיים מקוצב פרימיום קפוא ארוז לק""ג",קילוגרמים,1.00,"ק""ג",true,,36.90,36.9000,true,1,81670
7290001516522,false,שוארמה פטם פרימיום ק,מילועוף,,"שוארמה פטם פרימיום קפוא ארוז לק""ג",קילוגרמים,1.00,"ק""ג",true,,79.00,79.0000,true,1,81676
7290001567760,false,פסטרמה של פעם יחיעם 300 גרם,מעדני יחיעם,IL,פסטרמה של פעם יחיעם 300 גרם,גרמים,300.00,100 גרם,false,1,25.90,0.0863,true,1,66613
7290001567814,false,סלמי מעושן בסגנון איטלקי 300 ג' יחיעם,מעדני יחיעם,IL,יחיעם סלמי מעושן בסגנון איטלקי 300 גרם,גרמים,300.00,100 גרם,false,1,22.90,0.0763,true,1,66615
7290001594025,false,"קוקה קולה זכוכית 350 מ""ל",החברה המרכזית לייצור,IL,"קוקה קולה קלאסי 350 מ""ל",מיליליטרים,330.00,"100 מ""ל",false,1,8.50,0.0258,true,1,13410
7290001594155,false,"קוקה-קולה בבקבוק אישי 500 מ""ל",החברה המרכזית לייצור משקאות,IL,"קוקה קולה 500 מ""ל",מיליליטרים,500.00,"100 מ""ל",false,1,9.50,0.0190,true,1,604
7290001594179,false,"פאנטה אורנג' בבקבוק אישי 500 מ""ל",החברה המרכזית לייצור משקאות,IL,"פאנטה אורנג' 500 מ""ל",מיליליטרים,500.00,"100 מ""ל",false,1,9.50,0.0190,true,1,606
7290001594186,false,דיאט קוקה-קולה בבקבוק אישי,החברה המרכזית לייצור משקאות,IL,"דיאט קוקה קולה 500 מ""ל",מיליליטרים,500.00,"100 מ""ל",false,1,9.50,0.0190,true,1,607
7290001594230,false,קינלי סודה בבקבוק זכוכית,החברה המרכזית לייצור,IL,"קינלי סודה 250 מ""ל",מיליליטרים,250.00,"100 מ""ל",false,1,6.50,0.0260,true,1,609
7290001594377,false,פריגת תפוזים 0.5 ליטר חייב בפקדון,מבשלות בירה בינלאומיות ב,IL,פריגת משקה קל תפוזים 500 מל,מיליליטרים,500.00,"100 מ""ל",false,1,9.50,0.0190,true,1,610
7290001594384,false,פריגת אשכוליות 0.5 ליטר חייב בפקדון,מבשלות בירה בינלאומיות ב,IL,"פריגת משק""ל אשכוליות 0.5 ליטר",מיליליטרים,500.00,"100 מ""ל",false,1,9.50,0.0190,true,1,611
7290001594391,false,"פריגת משקה קל ענבים בבקבוק אישי 500 מ""ל",מבשלות בירה בינלאומיות ב,IL,משקה קל פירות ענבים תפוחים 500 מל,מיליליטרים,500.00,"100 מ""ל",false,1,9.50,0.0190,true,1,612
7290001594520,false,"בירה טובורג רד בקבוק 330 מ""ל",מבשלות בירה בינלאומיות ב,IL,"טובורג בק 330 מ""ל פקדון",מיליליטרים,330.00,"100 מ""ל",false,1,13.90,0.0421,true,1,622
7290001594568,false,"קרלסברג פחית 500 מ""ל פקדון",מבשלות בירה בינלאומיות ב,RO,קלסברג בירה 500 מל,מיליליטרים,500.00,"100 מ""ל",false,1,14.90,0.0298,true,1,614
7290001594575,false,"בירה טובורג רד פחית 500 מ""ל",מבשלות בירה בינלאומיות ב,IL,"טובורג רד פחית 500 מ""ל",מיליליטרים,500.00,"100 מ""ל",false,1,15.50,0.0310,true,1,615
7290001594865,false,"שישייה בירה קרלסברג בקבוק 330 מ""ל",מבשלות בירה בינלאומיות ב,IL,"בירה קרלסברג מארז שישייה בקבוק 330 מ""ל",ליטרים,1.98,ליטר,false,1,49.90,25.2020,true,1,623
7290001670057,false,כפיות לבן 100 יחידות,הנמל אריזות ושיווק ב,IL,הנמל כפיות לבן 100 יחידות,Unknown,0.00,Unknown,false,1,14.90,0.0000,true,1,12145
7290001670071,false,כפות חד פעמי לבן 100 יח',הנמל אריזות ושיווק ב,IL,הנמל כפות לבן 100 יחידות,Unknown,0.00,Unknown,false,1,16.90,0.0000,true,1,8850
7290001670873,false,"צלחות גדולות לבנות קשיח ח""פ הנמל 66יח'",הנמל אריזות ושיווק ב,IL,"הנמל צלחות עבות במיוחד 66 יח', 1 קג",קילוגרמים,1.00,"ק""ג",false,1,54.90,54.9000,true,1,8851
7290001723357,false,2מוצ.סיליקון אורט.בינוני,הדקלאים אגודת שיתופי,DE,טוליפס 2 מוצצי סיליקון אורטודנטי בינוני עם ידיות,Unknown,0.00,Unknown,false,1,26.90,0.0000,true,1,74587
7290001780800,false,שלגון קראנץ שוקולד ליבת נוגט נסטלה 100 גרם,נסטלה גלידות,IL,שלגון קראנץ ליבת נוגט,גרמים,0.00,100 גרם,false,1,12.90,0.0000,true,1,14579
7290001791349,false,פיסגה אקונומיקה ריחנית סנו 4 ליטר,"סנו מפעלי ברונוס בע""מ",IL,אקונומיקה ריחנית פיסגה 4 ליטר,ליטרים,4.00,ליטר,false,1,12.90,3.2250,true,1,21817
7290001817377,false,צ'יטוס חטיף איקס עיגול פיצה 60 גרם,"שטראוס פריטו ליי בע""\מ )",IL,ציטוס איקס עיגול 60 גר 40 יח,גרמים,60.00,100 גרם,false,1,6.50,0.1083,true,1,790
7290001817728,false,צ'יטוס אפוי כאפה בטעם קטשופ 55 גרם,"שטראוס פריטו ליי בע""\מ )",IL,"חטיף צ""יטוס כאפה 55 גר",גרמים,55.00,100 גרם,false,1,6.50,0.1182,true,1,791
7290001865453,false,פמילי לקשרי 1 ליטר לבנדר ארומטי+משאבה,מיוצר עי קונדיטוריית,TR,פמילי אל סבון נוזלי לבנדר ארומטי 1 ליטר,ליטרים,1.00,ליטר,false,1,16.90,16.9000,true,1,812
7290001896556,false,כבד פרימיום קפוא ארו,,,כבד פרימיום קפוא ארוז לקג,קילוגרמים,1.00,"ק""ג",true,,24.90,24.9000,true,1,117919
7290001896631,false,ירך פרימיום קפוא ארו,מילועוף,IL,ירך פרימיום קפוא ארוז,קילוגרמים,1.00,"ק""ג",true,,38.90,38.9000,true,1,120403
7290001990094,false,"סוכר חום כהה צנצנת קלאסי סוגת 1ק""ג",האי נאם סי או אל.טי.,IL,סוכר חום קלאסי בצנצנת,קילוגרמים,1.00,"ק""ג",false,1,17.50,17.5000,true,1,11348
7290001990117,false,שומשום סוגת 100 גרם,האי נאם סי או אל.טי.,IL,שומשום 100 גר',גרמים,100.00,100 גרם,false,1,4.50,0.0450,true,1,21634
7290001990148,false,"סוכר גולדן קלאסי בצנצנת סוגת 1 ק""ג",האי נאם סי או אל.טי.,IL,סוכר גולדן קלאסי צנצנת 1 קג,קילוגרמים,1.00,"ק""ג",false,1,13.50,13.5000,true,1,11498
7290002002857,false,ניירות להסרת שיער בשעווה+ מקלון מריחה,"איטיליאן פוד, אס.פי.",IL,נייר מגע המשי להסרת שיער 50 יח,יחידה,1.00,יחידה,false,1,21.90,21.9000,true,1,955
7290002007234,false,אבקת סוכר הנמל 100 גרם,"מיוצר וארוז ע""י: ר.ס",IL,הנמל אבקת סוכר 100 גרם,גרמים,100.00,100 גרם,false,1,2.30,0.0230,true,1,966
7290002007852,false,"תמצית אפייה בטעמים שונים 55 מ""ל הנמל",ממתקי עלה יצור ושיוו,IL,הנמל תמצית בטעם וניל 55 מל,מיליליטרים,55.00,"100 מ""ל",false,1,4.00,0.0727,true,1,977
7290002007982,false,מזלגות חד פעמי 100 י,הנמל אריזות ושיווק ב,IL,"הנמל מזלגות, 100 יחידות",Unknown,0.00,Unknown,false,1,16.90,0.0000,true,1,8858
7290002008019,false,סוכריות לקישוט בטעם שוקולד הנמל 200 גרם,ממתקי עלה יצור ושיוו,IL,הנמל סוכריות לקישוט שוקולד 200 גרם,גרמים,200.00,100 גרם,false,1,10.00,0.0500,true,1,16852
7290002008071,false,גביעי נייר מספר 2 הנמל 1 יחידה,"הנמל אריזות ושיווק בע""\מ",IL,הנמל עטרות נייר אפייה מספר 2 130 יחידות,לא מנהל יחידת מידה,0.00,לא מנהל יחידת מידה,false,1,5.20,0.0000,true,1,986
7290002008187,false,קשים מתקפלים לשתיה הנמל 40 יחידות,יבוא ושיווק: הנמל אריזות,CN,קשים מתקפלים לשתיה 40 יח,לא מנהל יחידת מידה,0.00,לא מנהל יחידת מידה,false,1,2.90,0.0000,true,1,989
7290002008224,false,סוכריות לקישוט צבעונית הנמל 100 ג',ממתקי עלה בעמ,IL,סוכריות לקישוט צבעוני 100 גרם,גרמים,100.00,100 גרם,false,1,6.90,0.0690,true,1,991
7290002008507,false,נייר אפיה הנמל 50 יחידות,"הנמל אריזות ושיווק בע""\מ",IL,הנמל נייר אפייה 50 יח',לא מנהל יחידת מידה,0.00,לא מנהל יחידת מידה,false,1,15.00,0.0000,true,1,11501
7290002008743,false,סוכר וניל עשירייה הנמל 100 גרם,"מיוצר וארוז ע""י: ר.ס",IL,הנמל סוכר וניל 10 יחידות,גרמים,100.00,100 גרם,false,1,3.50,0.0350,true,1,1000
7290002008750,false,אבקת אפיה עשירייה הנמל 100 גרם,"מיוצר ע""י:ר.ס. חברה",IL,הנמל אבקת אפיה 10 יחידות,גרמים,100.00,100 גרם,false,1,3.50,0.0350,true,1,1001
7290002008774,false,שומשום הנמל 200 גרם,הנמל אריזות ושיווק ב,IL,הנמל שומשום 200 גרם,גרמים,200.00,100 גרם,false,1,8.50,0.0425,true,1,13492
7290002020189,false,סופגניה מיני רגילה+ריבה,"גידרון תעשיות בע""מ",IL,מיני סופגניה עם מילוי ריבה 40 גרם,גרמים,40.00,100 גרם,false,1,3.90,0.0975,true,1,26109
7290002020981,false,מיני סופגניה ללא ריבה יח,"גידרון תעשיות בע""מ",IL,מיני סופגניה ללא ריבה כ 40 גר,גרמים,40.00,100 גרם,false,1,3.90,0.0975,true,1,30863
7290002022152,false,מרשמלו ורוד לבן וסטהיים 100ג36X שקיות בקרטון,מנדלז סי.אר. פרודקשן,IL,מרשמלו ורוד לבן וסטהיים 100ג36X שקיות בקרטון,גרמים,100.00,100 גרם,false,1,5.90,0.0590,true,1,77560
7290002026303,false,"דולצ'ה דה לצ'ה 150 מ""ל - שורטי",מוצרי איכות אמריקאיי,IL,"דולצ'ה דה לצ'ה 150 מ""ל - שורטי",מיליליטרים,150.00,"100 מ""ל",false,1,13.90,0.0927,true,1,1037
7290002043065,false,פריכיות אורז חום מלא בציפוי שוקולד מריר בלגי 70 ג',נוהלס ג'\י אס סי.,BG,פריכוני אורז חום מלא בציפוי שוקו מריר70ג,גרמים,70.00,100 גרם,false,1,8.90,0.1271,true,1,84195
7290002043072,false,אקסטרה פריכיות אורז חום מלא בציפוי שוקולד חלב 70 גרם,נוהלס ג'\י אס סי.,BG,פריכוני אורז חום מלא בציפוי שוקו חלב70ג,גרמים,70.00,100 גרם,false,1,8.90,0.1271,true,1,84196
7290002043096,false,פריכיות אורז חום מלא בציפוי שוקולד לבן בלגי 70 ג',נוהלס ג'\י אס סי.,BG,פריכוני אורז חום מלא בציפוי שוקו לבן70ג,גרמים,70.00,100 גרם,false,1,8.90,0.1271,true,1,84197
7290002043188,false,אקסטרה צ'יפס אורז חום מלא צ'ילי חריף 60 גרם,נוהלס ג'\י אס סי.,BG,ציפס אורז חום מלא צילי חריף60גרם,גרמים,60.00,100 גרם,false,1,7.90,0.1317,true,1,84194
7290002043782,false,אקסטרה צ'יפס אורז חום מלא טקסס ברביקיו 60 גרם,נוהלס ג'\י אס סי.,BG,ציפס אורז חום מלא טקסס ברביקיו 60גרם,גרמים,60.00,100 גרם,false,1,7.90,0.1317,true,1,84192
7290002043812,false,פריכוני אורז חום מלא,נוהלס,BG,פריכוני אורז חום מלא ציה וקינואה 24גרם,גרמים,24.00,100 גרם,false,1,4.90,0.2042,true,1,84198
7290002057031,false,זיתים מבוקעים פיקנטי קבוצת יבנה 340 גרם,קבוצת יבנה,IL,קבוצת יבנה זיתים מבוקעים 540 גרם,גרמים,540.00,100 גרם,false,1,9.90,0.0183,true,1,1083
7290002057048,false,זית יבנה סורי מבוקע בשמן זית 340 גרם,קבוצת יבנה,IL,זית סורי מבוקע - A2יבנה ח,גרמים,540.00,100 גרם,false,1,12.50,0.0231,true,1,1084
7290002057055,false,זיתים סורי ירוק שלם A2 יבנה 560ג',קבוצת יבנה,IL,"קבוצת יבנה, זית סורי ירוק 540 גרם",גרמים,540.00,100 גרם,false,1,12.50,0.0231,true,1,1085
7290002057123,false,זיתים ירוקים מנזנילו קבוצת יבנה 560 גרם,קבוצת יבנה,IL,זיתים ירוקים מנזנילו ללא גלעין 540 יבנה,גרמים,540.00,100 גרם,false,1,10.90,0.0202,true,1,1088
7290002057147,false,זיתים שחור גדול A2 יבנה 560ג',קבוצת יבנה,IL,זית שחור מנסולינו קבוצת יבנה 540 גרם,גרמים,540.00,100 גרם,false,1,9.90,0.0183,true,1,1089
7290002057185,false,טבעות זיתים ירוקים קבוצת יבנה 560 גרם,קבוצת יבנה,IL,טבעות זיתים ירוקים 540 גרם יבנה,גרמים,540.00,100 גרם,false,1,10.90,0.0202,true,1,1091
7290002057352,false,מלפפונים במלח ‏9‏-‏7‏ קבוצת יבנה 320 גרם,קבוצת יבנה מוצרי מזון,IL,מלפפונים במלח גדול 7-9 540 גרם,גרמים,540.00,100 גרם,false,1,7.50,0.0139,true,1,1094
7290002057369,false,מלפפונים במלח ‏12‏-‏10‏ קבוצת יבנה 320 גרם,קבוצת יבנה,IL,מלפפונים במלח יבנה10-12 540 גרם,גרמים,540.00,100 גרם,false,1,8.90,0.0165,true,1,1095
7290002057376,false,מלפפונים במלח ‏17‏-‏13‏ קבוצת יבנה 320 גרם,קבוצת יבנה,IL,13-17 מלפפונים במלח קטן,גרמים,540.00,100 גרם,false,1,11.90,0.0220,true,1,1096
7290002057383,false,מלפפונים במלח ‏25‏-‏18‏ קבוצת יבנה 320 גרם,קבוצת יבנה,IL,מלפפונים במלח קטן 18-25 540 גרם,גרמים,540.00,100 גרם,false,1,12.90,0.0239,true,1,1097
7290002057451,false,מלפפונים בחומץ ‏9‏-‏7 קבוצת יבנה 290 גרם,קבוצת יבנה מוצרי מזון,IL,מלפפונים בחומץ גדול 7-9 540 גרם,גרמים,540.00,100 גרם,false,1,7.50,0.0139,true,1,1099
7290002057468,false,מלפפון יבנה בחומץ בינוניים 10-12 290 גרם,קבוצת יבנה,IL,מלפפונים בחומץ יבנה10-12 540 גרם,גרמים,540.00,100 גרם,false,1,8.90,0.0165,true,1,10454
7290002057604,false,פלפל חריף שיפקה קבוצת יבנה 225 גרם.,קבוצת יבנה,IL,קבוצת יבנה פלפל חריף שיפקה 560 גרם,גרמים,540.00,100 גרם,false,1,6.90,0.0128,true,1,1100
7290002057734,false,זיתים חרוזית מושחר קבוצת יבנה 275 גרם,קבוצת יבנה,IL,זיתים מושחרים ללא גלעין 540ג יבנה ח,גרמים,540.00,100 גרם,false,1,10.90,0.0202,true,1,1103
7290002079033,false,לחם דגנים לייט פרוס 500 גרם,מאפיית דוידוביץ ובניו בע,IL,לחם דגנים לייט,גרמים,500.00,100 גרם,false,1,14.90,0.0298,true,1,1160
7290002079156,false,פיתות דוידוביץ חמישי,מאפיית דוידוביץ ובני,IL,פיתה 1/5,יחידה,1.00,יחידה,false,1,5.90,5.9000,true,1,10410
7290002079217,false,מחמצת עם אגוזים שיפון 650 ג',מאפיית דוידוביץ ובני,IL,דוידוביץ מחמצת שיפון מלא אגוזים וחמניות 650 גרם,גרמים,650.00,100 גרם,false,1,13.90,0.0214,true,1,82679
7290002079316,false,חלה רגילה פרוסה 500 גרם,מאפית דוידוביץ ובניו,IL,דוידוביץ חלה מעודנת פרוסה 500 גרם,גרמים,500.00,100 גרם,false,1,10.90,0.0218,true,1,10411
7290002079361,false,לחמניות המבורגר חתוך 6+2*60 ג',מאפיית דוידוביץ ובני,IL,לחמניות המבורגר פרוס 1/8,גרמים,480.00,100 גרם,false,1,16.90,0.0352,true,1,10412
7290002079477,false,לחם אחיד פרוס דוידוב,מאפיית דוידוביץ ובניו בע,IL,דוידוביץ לחם אחיד פרוס 750 גרם,גרמים,750.00,100 גרם,false,1,7.91,0.0105,true,1,10413
7290002079590,false,חלה רגילה עגולה 500גר,מאפיית דוידוביץ,,חלה רגילה**,גרמים,0.00,100 גרם,false,1,6.26,0.0000,true,1,10416
7290002079613,false,חלה קלועה מתוקה ארוז,מאפיית דוידוביץ ובני,IL,חלה קלועה פרג 500 גר .,גרמים,500.00,100 גרם,false,1,14.90,0.0298,true,1,10417
7290002079927,false,לחם דגנים מלא דוידוב,מאפיית דוידוביץ ובני,IL,מאפיית דוידוביץ לחם דגנים מלא 750 גרם,גרמים,750.00,100 גרם,false,1,14.90,0.0199,true,1,34462
7290002079996,false,לחם אחיד קל פרוס 750 גרם,מאפיית דוידוביץ ובני,IL,מאפית דוידוביץ לחם אחיד קל 750 גרם,גרמים,750.00,100 גרם,false,1,13.90,0.0185,true,1,1162
7290002128205,false,נרות חנוכה מיוחדים 4,,,נרות חנוכה לוקס,יחידה,1.00,יחידה,false,1,14.90,14.9000,true,1,13720
7290002128434,false,נרות שבת אורה 10 יחידות,קריות זול,IL,נרות שבת אורה מספר 10,יחידה,1.00,יחידה,false,1,4.00,4.0000,true,1,31853
7290002130567,false,דבש דבורים טהור פרחי בר יד מרדכי 350 גרם,מכוורת יד מרדכי שטראוס ב,IL,דבש טהור 350 גרם,גרמים,350.00,100 גרם,false,1,22.50,0.0643,true,1,1235
7290002130574,false,דבש טהור מפרחי בר בזכוכית 500 ג' יד מרדכי,מכוורת יד מרדכי שטראוס ב,IL,דבש טהור 500 גרם,גרמים,500.00,100 גרם,false,1,26.60,0.0532,true,1,1236
7290002132011,false,עוגיות מזרחיות מלוחות עבאדי 400 גרם,מאפיית יוסף ושמחה עבאדי,IL,"עבאדי עוגיות מזרחיות שומשום, 400 גרם",גרמים,400.00,100 גרם,false,1,21.90,0.0547,true,1,1238
7290002157830,false,קוביות גולש עגל קפוא טיבון ויל 800 גרם,טיבון ויל - נטו,IL,קוביות גולש 100% בשר 800 גרם,גרמים,800.00,100 גרם,false,1,39.90,0.0499,true,1,70725
7290002157830,false,קוביות גולש עגל קפוא טיבון ויל 800 גרם,טיבון ויל - נטו,IL,קוביות גולש 100% בשר 800 גרם,גרמים,800.00,100 גרם,false,1,39.90,0.0499,true,1,70595
7290002193197,false,מסרק לכינים שיני מתכ,פרגון,,מסרק לכינים שיני מתכת,Unknown,0.00,Unknown,false,1,12.90,0.0000,true,1,34574
7290002253105,false,קוביות שום כתוש טרי דורות 80 גרם,עיצובים 2020 (3.8),IL,דורות קוביות שום טרי2 16*80גרם,גרמים,80.00,100 גרם,false,1,15.90,0.1988,true,1,1314
7290002281382,false,נתח סלמון פילה קפוא קג,דלידג,IL,נתח פילה סלמון קפוא 100% דג,קילוגרמים,1.00,"ק""ג",true,,92.00,92.0000,true,1,75561
7290002331018,false,"נביעות מים עם פקק ספורט 500מ""ל",נביעות טבע הגליל בעמ,IL,נביעות 500 פ.שטוח פיקדון,מיליליטרים,500.00,"100 מ""ל",false,1,6.90,0.0138,true,1,9910
7290002331025,false,"מים מינרלים נביעות ספורט 500 מ""ל פקדון",נביעות טבע הגליל בעמ,IL,נביעות 500 TO GO פקדון,מיליליטרים,500.00,"100 מ""ל",false,1,6.90,0.0138,true,1,1436
7290002331124,false,נביעות+ מים מינרליים בטעם תפוח,נביעות טבע הגליל בעמ,IL,נביעות+ בטעם תפוח 500 מל,מיליליטרים,500.00,"100 מ""ל",false,1,10.50,0.0210,true,1,18802
7290002331155,false,מים נביעות בטעם אפרסק 0.5 ליטר,נביעות טבע הגליל בעמ,IL,"נביעות + בטעם אפרסק 500 מ""ל",מיליליטרים,500.00,"100 מ""ל",false,1,10.50,0.0210,true,1,18803
7290002331490,false,מים מינרליים נביעות 1 ליטר,נביעות טבע הגליל בעמ,IL,נביעות 1 ליטר,ליטרים,1.00,ליטר,false,1,8.00,8.0000,true,1,55178
7290002331711,false,נביעות+מים מינרליים בטעם ענבים,נביעות טבע הגליל בעמ,IL,"נביעות + בטעם ענבים 500 מ""ל",מיליליטרים,500.00,"100 מ""ל",false,1,10.50,0.0210,true,1,22295
7290002345015,false,סינטה דק דק אל גאוצ'ו 250ג' מינוט,"טיבון ויל אחזקות בע""\מ",IL,סינטה דק דק אלגאוצו,גרמים,250.00,100 גרם,false,1,29.90,0.1196,true,1,70637
7290002345022,false,אנטריקוט דק דק מינוט סטייק אל גאוצ'ו 250 גרם,"טיבון ויל אחזקות בע""\מ",IL,אל גאוצ'ו מינוט סטייק אנטריקוטדקדק 250 גרם,גרמים,250.00,100 גרם,false,1,29.90,0.1196,true,1,70638
7290002348139,false,ארטישוק תחתיות 210 ג' ויליגר,האי נאם סי או אל.טי.,EG,ויליגר תחתיות ארטישוק במי מלח 390 גרם,גרמים,400.00,100 גרם,false,1,10.90,0.0273,true,1,1471
7290002348283,false,לפתן חצאי אפרסקים בס,הלניק ג'וס אינדוסטרי,GR,לפתן חצאי אפרסקים בסירופ 850 גרם,גרמים,850.00,100 גרם,false,1,9.40,0.0111,true,1,12681
7290002353836,false,סרדינים רוברט בשמן זית 115 גרם,קונסרבס פורטוגל נורטה,PT,סרדינים בשמן זית רוברט 115 גרם,גרמים,115.00,100 גרם,false,1,8.90,0.0774,true,1,1476
7290002360285,false,חליטת צמחים פומפדור קמומיל 20 יחידות,TEEKANNE- POMPADOU,DE,פומפדור חליטת צמחים קמומיל 20 יחידות,גרמים,30.00,100 גרם,false,1,19.90,0.6633,true,1,1509
7290002371533,false,דקניקים סלסולי פסטרמה דבש טירת צבי 120 גרם,הנסיך- מפעל לייצור ט,IL,סלסולי פסטרמה דבש 120 גרם,גרמים,120.00,100 גרם,false,1,17.90,0.1492,true,1,53041
7290002371540,false,דקניקים קורנדביף ללא גלוטן טירת צבי 120 גרם,הנסיך- מפעל לייצור ט,IL,טירת צבי דקניקים קורנדביף 120 גרם,גרמים,120.00,100 גרם,false,1,17.90,0.1492,true,1,53042
7290002472087,false,עוגת קצפת פס שוקולד 600ג,"גידרון תעשיות בע""מ",IL,עוגת קצפת,גרמים,600.00,100 גרם,false,1,44.90,0.0748,true,1,10062
7290002472117,false,פס קצפת קפוצ'ינו 600 גרם,"גידרון תעשיות בע""מ",IL,עוגת קצפת קפוצינו,גרמים,600.00,100 גרם,false,1,44.90,0.0748,true,1,9878
7290002472148,false,עוגת קצפת בלק פורסט600גר,"גידרון תעשיות בע""מ",IL,עוגת בלק פורסט,גרמים,600.00,100 גרם,false,1,44.90,0.0748,true,1,10230
7290002515364,false,"קמיל בלו אל סבון לתינוק קלאסיק ד""ר פישר 500 מ""ל",פישר מעבדות פרמצבטיות בע,IL,דר פישר קמיל בלו קלאסיק 500 מל,מיליליטרים,500.00,"100 מ""ל",false,1,17.90,0.0358,true,1,1663
7290002517276,false,פלפל אנגלי שלם 25 גר' טעם וריח,תות ממתקי איכות,IL,תבליני טעם וריח מיכל קטן פלפל אנגלי שלם 25 גרם,גרמים,25.00,100 גרם,false,1,9.90,0.3960,true,1,21559
7290002517726,false,קינמון מקלות 15 גר' טעם וריח,"תבליני טעם וריח בע""מ",IL,תבליני טעם וריח מקלות קינמון 100%,גרמים,15.00,100 גרם,false,1,7.50,0.5000,true,1,21098
7290002542773,false,"בירה סטלה ארטואה בקבוק 330 מ""ל","אינבב, ברוורייפליין",BE,סטלה ארטואה בק 330 מל,מיליליטרים,330.00,"100 מ""ל",false,1,14.90,0.0452,true,1,84300
7290002551003,false,טונה בשמן בודד 160 ג' סטארקיסט,סטארקיסט Starkist,IL,טונה בשמן סטארקיסט 160 גרם,גרמים,160.00,100 גרם,false,1,8.90,0.0556,true,1,1693
7290002551010,false,טונה סטארקיסט במים 160 גרם,"סטארקיסט פודור בע""מ",TR,ס.ק טונה במים 160גרם-בי,גרמים,160.00,100 גרם,false,1,8.90,0.0556,true,1,1694
7290002603474,false,פיצת השף מאיטליה רוטב פטריות בטעם כמהין 256 גרם,סוילה אס.אר.אל,IT,שגב פיצת השף רוטב פטריות בטעם כמהין 220 גרם,גרמים,220.00,100 גרם,false,1,14.90,0.0677,true,1,113428
7290002627210,false,גפילטע פיש קציצות מדגי קרפיון וכסיף בצנצנת 560 גרם,האי נאם סי או אל.טי.,IL,דלידג גפילטעפיש קציצות מדגי כסיף וקרפיון 560 גרם,גרמים,560.00,100 גרם,false,1,16.90,0.0302,true,1,79853
7290002715528,false,ארוחת נודלס בטעם ירקות מג'יק 70 גרם,טאט הוי פוד בעמ,SG,ארוחת ירקות - בטעם ירקות,גרמים,70.00,100 גרם,false,1,6.90,0.0986,true,1,1783
7290002730521,false,צימרוני אוזניים בלונס בקופסא 200 יח',קריות זול,GR,בלונס מקלות אוזניים כותנה 200 יח,גרמים,66.00,100 גרם,false,1,8.90,0.1348,true,1,1819
7290002730538,false,פדיות להסרת איפור בלונס 80 יחידות,הנסיך- מפעל לייצור ט,GR,בלונס פדיות להסרת איפור 80 יחידות,לא מנהל יחידת מידה,0.00,לא מנהל יחידת מידה,false,1,10.80,0.0000,true,1,1820
7290002730675,false,"קולגייט משחת שיניים אדומה משפחתי 100 מ""ל",קולגייט-פלמוליב,PL,"משחת שיניים קולגייט אדומה 100 מ""ל",מיליליטרים,100.00,"100 מ""ל",false,1,11.90,0.1190,true,1,1822
7290002730958,false,סבון מוצק בניחוח זיתים ואלוורה פלמוליב 4*100 גרם,הנסיך- מפעל לייצור ט,TR,סבון מוצק בניחוח זיתים ואלוורה פלמוליב 4 יחידות,גרמים,400.00,100 גרם,false,1,19.90,0.0497,true,1,1827
7290002752332,false,"סוכריות מנטוס פירות בגליל, 37.5 גרם",הדקלאים אגודת שיתופי,NL,מנטוס סוכריות לעיסה בטעם פירות 37.5 גרם,גרמים,38.00,100 גרם,false,1,5.00,0.1316,true,1,1832
7290002752349,false,סוכריות מנטוס מנטה 40יח' בגליל 38ג',פרפטי ואן מלה,NL,גליל מנטוס סוכריות לעיסה בטעם מנטה,גרמים,38.00,100 גרם,false,1,5.00,0.1316,true,1,8327
7290002771128,false,קפה אלנח'לה בלי הל 250 ג',מולינו ניקולי s.p.a,IL,קפה תורכי נחלה 250 גרם,גרמים,250.00,100 גרם,false,1,18.90,0.0756,true,1,10483
7290002824183,false,"גבינה לבנה סקי 500 גרם 5% ""שטראוס"" -מוצר בפיקוח",מיוצר עי קונדיטוריית,IL,סקי משפחתי 5%,גרמים,500.00,100 גרם,false,1,9.96,0.0199,true,1,1887
7290002824466,false,יוגורט דנונה ביו לבן 0% שומן 200 גרם,"שטראוס בריאות בע""\מ",IL,דנונה ביו 0% 200 גרם,גרמים,200.00,100 גרם,false,1,3.90,0.0195,true,1,1888
7290002824640,false,"גבינת סקי 250 גרם 5% ""שטראוס"" -מוצר בפיקוח",מיוצר עי קונדיטוריית,IL,סקי 5% 250 גרם,גרמים,250.00,100 גרם,false,1,4.98,0.0199,true,1,1890
7290002871361,false,"בירה קרלסברג בקבוק 500 מ""ל חוזר",מבשלות בירה בינלאומיות ב,IL,קלסברג בירה 500 מל,מיליליטרים,500.00,"100 מ""ל",false,1,11.90,0.0238,true,1,1946
7290002879640,false,וופל בלגי פלוטקין 100 גרם,ביסקוטר,BE,וופל בלגי 100 גרם פלוטקין,גרמים,100.00,100 גרם,false,1,8.90,0.0890,true,1,123365
7290002929512,false,שלושת האופים פלאפל 5,האי נאם סי או אל.טי.,IL,פלאפל 500 גר,גרמים,500.00,100 גרם,false,1,17.90,0.0358,true,1,55567
7290002929536,false,שלושת האופים קובה למ,האי נאם סי או אל.טי.,IL,"קובה למרק 600 גר """,גרמים,600.00,100 גרם,false,1,17.90,0.0298,true,1,55216
7290002929635,false,טונה ויליגר במים 140 גרם,"ויליגר תעשיות בע""מ",IL,ויליגר נתחי טונה בהירה בשמן 140 גרם,גרמים,140.00,100 גרם,false,1,5.90,0.0421,true,1,62678
7290002929642,false,רביעיית טונה בשמן ויליגר 140 גרם,דיאמנט פוד פרודקט קו,TH,ויליגר נתחי טונה בהירה בשמן 560 גרם,גרמים,560.00,100 גרם,false,1,21.90,0.0391,true,1,56538
7290003009312,false,בוטן קלוי קליית גת 200 גרם,הדקלאים אגודת שיתופי,IL,בוטן קלוי 200 גר' שק',גרמים,200.00,100 גרם,false,1,9.90,0.0495,true,1,8417
7290003009329,false,בוטנים אמריקאיים קליית גת 200 גרם,הדקלאים אגודת שיתופי,IL,בוטן אמריק'200 גר'שק (ב(24,גרמים,200.00,100 גרם,false,1,8.90,0.0445,true,1,8329
7290003009336,false,קבוקים קליית גת 200 גרם,הדקלאים אגודת שיתופי,IL,קבוקים 200 גר'שק'ב24,גרמים,200.00,100 גרם,false,1,8.90,0.0445,true,1,9578
7290003015627,false,"נוזל רצפות אפרסק 2 ליטר ""ריצפז פרש""","סנו מפעלי ברונוס בע""",IL,ריצפז פרש אפרסק 2 ליטר,ליטרים,2.00,ליטר,false,1,22.90,11.4500,true,1,19140
7290003029181,false,משקה יטבתה שוקו' בקבוק 1ל מהדרין,שטראוס גרופ,IL,שוקו 1 ליטר,ליטרים,1.00,ליטר,false,1,13.50,13.5000,true,1,2198
7290003029372,false,משקה חלב בטעם בננה יטבתה 1 ליטר,שטראוס גרופ,IL,בננה 1 ליטר,ליטרים,1.00,ליטר,false,1,13.50,13.5000,true,1,2201
7290003029389,false,"משקה חלב בננה פקק ספורט 250 מ""ל יוטבתה",שטראוס גרופ,IL,בננה פקק 250*12,מיליליטרים,250.00,"100 מ""ל",false,1,7.50,0.0300,true,1,2202
7290003029433,false,"משקה יטבתה שוקו פקק 250 מ""ל מהדרין",שטראוס גרופ,IL,"שוקו פקק 250 מ""ל",מיליליטרים,250.00,"100 מ""ל",false,1,7.50,0.0300,true,1,2204
7290003029532,false,מוקה בבקבוק יטבתה 1 ליטר מהדרין,שטראוס גרופ,IL,מוקה 1 ליטר,ליטרים,1.00,ליטר,false,1,13.50,13.5000,true,1,2206
7290003029815,false,כד חלב 3% יטבתה 2 ליטר מהדרין,שטראוס גרופ,IL,חלב 3% בקבוק 2 ליטר,ליטרים,2.00,ליטר,false,1,17.00,8.5000,true,1,18045
7290003029907,false,אייס קפה יטבתה 1 ליטר מהדרין,שטראוס גרופ,IL,אייס קפה 1 ליטר,ליטרים,1.00,ליטר,false,1,13.50,13.5000,true,1,18861
7290003047642,false,תה שחור יילו לייבל 100*1.5 ג' שקיק ליפטון,"יונילוור רוסייה בע""מ",RU,תה שחור יילו לייבל,גרמים,150.00,100 גרם,false,1,19.90,0.1327,true,1,2225
7290003055128,false,טישו פיור 100 יח,חיי נייר,IL,טישו פיור 100 יח,יחידה,1.00,יחידה,false,1,3.90,3.9000,true,1,80624
7290003060009,false,"קמח חיטה לבן בהיר טחנות ישראליות 1 ק""ג",טחנות ישראליות,IL,"קמח חיטה לבן 1 ק""ג סוגת",קילוגרמים,1.00,"ק""ג",false,1,6.70,6.7000,true,1,2263
7290003060023,false,"סולת חיטה 1 ק""ג מטחנות ישראליות",טחנות ישראליות,IL,"סולת חיטה 1 ק""ג טחנות ישראליות",קילוגרמים,1.00,"ק""ג",false,1,5.90,5.9000,true,1,2264
7290003060276,true,קמח בהיר מנופה,,,קמח בהיר מנופה,קילוגרמים,1.00,"ק""ג",false,1,8.50,8.5000,true,1,84479
7290003102976,false,צימרוני אוזניים פלסטיק בקופסה 200 יחידות,הדקלאים אגודת שיתופי,CN,צימרוני פלסטיק צבעוניים 200 יחידות,יחידה,1.00,יחידה,false,1,4.90,4.9000,true,1,99046
7290003121106,false,ארוחת נודלס טעם עוף בשקית מג'יק 85 גרם,"טאט פוד הוי בע""מ",SG,מג'יק ארוחת נודלס בטעם עוף 85 גרם,גרמים,85.00,100 גרם,false,1,5.00,0.0588,true,1,2308
7290003131266,false,גרעין שחור קלוי,אוליבלס SA,,גרעין שחור קלוי במשקל,קילוגרמים,1.00,"ק""ג",true,,48.00,48.0000,true,1,71054
7290003131341,false,אלמונדוס,אוליבלס SA,,אלמונדוס במשקל,קילוגרמים,1.00,"ק""ג",true,,59.00,59.0000,true,1,71065
7290003139859,false,פופקורן להכנה במיקרוגל מלח 300 גרם,ליימן שליסל,US,הוטפופ בטעם טבעי 100*3 גרם,גרמים,300.00,100 גרם,false,1,9.90,0.0330,true,1,10666
7290003142477,false,ערמונים קלופים וקלויים 100 גרם,הדקלאים אגודת שיתופי,IL,ערמונים קלויים 100 גרם,גרמים,100.00,100 גרם,false,1,8.90,0.0890,true,1,46497
7290003143146,false,ממרח תמרים קליית גת 450 גרם,הדקלאים אגודת שיתופי,IL,ממרח תמרים קלית גת 450 גר',גרמים,450.00,100 גרם,false,1,6.90,0.0153,true,1,51536
7290003144310,false,תערובת אגוזים וחמוציות קליית גת 150 גרם,ליימן מותגים,IL,תע'אגוזים וחמוציות 150 גר,גרמים,150.00,100 גרם,false,1,22.90,0.1527,true,1,71033
7290003145751,false,"קליית גת אגוזי קלויים, 200 גרם",הדקלאים אגודת שיתופי,IL,"קליית גת אגוזי קלויים, 200 גרם",גרמים,200.00,100 גרם,false,1,24.90,0.1245,true,1,26864
7290003145768,false,בוטן אמריקאי קלית גת 50 גר,ששון ושות;#039& )ש.ת. תע,IL,בוטן אמריקאי 50X42 גר',גרמים,50.00,100 גרם,false,1,3.00,0.0600,true,1,25378
7290003145959,false,פקאן טבעי קליית גת 150 גרם,ליימן מותגים,IL,פקאן טבעי 150 גרם,יחידה,150.00,יחידה,false,1,26.90,0.1793,true,1,27998
7290003158164,false,פילו ריקוטה פרימיום קג,"גידרון תעשיות בע""מ",IL,בורקס ריקוטה,קילוגרמים,1.00,"ק""ג",true,,49.90,49.9000,true,1,122037
7290003158973,false,פיתה פרנה גדרון א.ק,מאפיית אורן משי,IL,פיתה פרנה גדרון א.ק,יחידה,1.00,יחידה,false,1,4.90,4.9000,true,1,42316
7290003192013,false,רביולי {בוטן בטעם גר,אוליבלס SA,,רביולי {בוטן בטעם גריל} במשקל,קילוגרמים,1.00,"ק""ג",true,,80.00,80.0000,true,1,71174
7290003192014,false,פקאן טיבעי במשקל,אוליבלס SA,,פקאן טיבעי במשקל,קילוגרמים,1.00,"ק""ג",true,,150.00,150.0000,true,1,71122
7290003192021,false,אפונה קלוי במשקל,אוליבלס SA,,אפונה קלוי במשקל,קילוגרמים,1.00,"ק""ג",true,,50.00,50.0000,true,1,71177
7290003192022,false,בוטנים אמריקאים במשק,אוליבלס SA,,בוטנים אמריקאים במשקל,קילוגרמים,1.00,"ק""ג",true,,39.00,39.0000,true,1,71176
7290003192533,false,פיסטוק טיבעי במשקל,אוליבלס SA,IL,פיסטוק טיבעי במשקל,קילוגרמים,1.00,"ק""ג",true,,105.00,105.0000,true,1,71128
7290003208890,false,"וודקה פינלנדיה 200 מ""ל",בראון פורמן,US,"וודקה פינלנדיה 200 מ""ל",מיליליטרים,200.00,"100 מ""ל",false,1,39.90,0.1995,true,1,44104
7290003211302,false,גרעין לבן קלוי,אוליבלס SA,,גרעין לבן קלוי במשקל,קילוגרמים,1.00,"ק""ג",true,,49.00,49.0000,true,1,71055
7290003211319,false,קבוקים מסוכר,אוליבלס SA,,קבוקים במשקל,קילוגרמים,1.00,"ק""ג",true,,48.00,48.0000,true,1,71064
7290003211975,false,קשיו קלוי,אוליבלס SA,,קשיו קלוי במשקל,קילוגרמים,1.00,"ק""ג",true,,130.00,130.0000,true,1,71182
7290003211982,false,מנציס,אוליבלס SA,,מנציס במשקל,קילוגרמים,1.00,"ק""ג",true,,80.00,80.0000,true,1,71057
7290003211999,false,פקאן סיני,אוליבלס SA,,פקאן סיני במשקל,קילוגרמים,1.00,"ק""ג",true,,145.00,145.0000,true,1,71066
7290003213016,false,חטיף אורז חריף,אוליבלס SA,,חטיף אורז חריף במשקל,קילוגרמים,1.00,"ק""ג",true,,69.00,69.0000,true,1,71058
7290003213030,false,גרעין אבטיח קלוי,אוליבלס SA,,גרעין אבטיח קלוי במשקל,קילוגרמים,1.00,"ק""ג",true,,80.00,80.0000,true,1,71056
7290003213108,false,פול קליפה קלוי מטוגן,אוליבלס SA,,פול קליפה קלוי מטוגן,קילוגרמים,1.00,"ק""ג",true,,60.00,60.0000,true,1,71059
7290003213696,false,בוטנים קלוים,אוליבלס SA,,בוטנים קלוים במשקל,קילוגרמים,1.00,"ק""ג",true,,39.00,39.0000,true,1,71060
7290003213702,false,קשיו טיבעי במשקל,אוליבלס SA,,קשיו טיבעי במשקל,קילוגרמים,1.00,"ק""ג",true,,89.00,89.0000,true,1,71126
7290003213740,false,שקד קלוי,אוליבלס SA,,שקד קלוי במשקל,קילוגרמים,1.00,"ק""ג",true,,130.00,130.0000,true,1,71052
7290003220434,false,פתי פר מעדני המלך וניל 110 גרם,מגדנית הדר,IL,ביסקוויט פתיבר וניל מעדני המלך 110 גרם,גרמים,110.00,100 גרם,false,1,3.50,0.0318,true,1,32916
7290003220441,false,פתי בר מעדני המלך שוקו 110 גרם,מגדנית הדר,IL,ביסקוויט פתיבר שוקו מעדני המלך 110 גרם,גרמים,110.00,100 גרם,false,1,3.50,0.0318,true,1,32917
7290003220533,false,"רוטב צ'ילי מתוק ווק 700 מ""ל",תאי פרידה אינדסטרי ב,TH,"רוטב WOK צילי מתוק 700 מ""ל",מיליליטרים,700.00,"100 מ""ל",false,1,15.90,0.0227,true,1,34069
7290003220595,false,"ווק אורז לסושי 1 ק""ג WOK","מיה תעשיות מזון בע""מ",IL,"אורז לסושי WOK שקית 1 ק""ג",קילוגרמים,1.00,"ק""ג",false,1,16.40,16.4000,true,1,40716
7290003220717,false,WOK אצות נורי סילבר 10 יחידות,ג'י וואן גלובול נאט,KR,אצות נורי סילוור 10 דפים 25 גרם,גרמים,25.00,100 גרם,false,1,13.90,0.5560,true,1,40371
7290003220830,false,"WOK חומץ אורז יסמין 500 מ""ל",דיאמונד פריזרוד פודס,TH,"ווק חומץ אורז יסמין 500מ""ל WOK",מיליליטרים,500.00,"100 מ""ל",false,1,16.90,0.0338,true,1,55746
7290003321155,false,יוגורט בר עם פקאן מצופה שוקולד 183 ג' דנונה,"שטראוס בריאות בע""\מ",IL,דנונה קראנצ פקאן,גרמים,175.00,100 גרם,false,1,6.20,0.0354,true,1,2500
7290003387205,false,דאו' ספיד סטיק בסיסי ירוק רגיל לגבר 63ג',הנסיך- מפעל לייצור ט,US,דאודורנט ספיד סטיק רגולר 56.6 גרם,גרמים,70.00,100 גרם,false,1,26.90,0.3843,true,1,2552
7290003401369,false,"קרם לחות לשיער חוחובה נטורל פורמולה 400 מ""ל",מיוצר עי אמיליה קוסמ,IL,קרם לחות קלאסי חוחובה,מיליליטרים,400.00,"100 מ""ל",false,1,25.00,0.0625,true,1,2566
7290003402809,false,חטיף הרשי ריזס שוקולד לבן 39 גר,ליימן מותגים,US,שוקולד ריזס לבן 39 ג,גרמים,39.00,100 גרם,false,1,7.90,0.2026,true,1,83424
7290003411689,false,צלחות לפתן לבן 25יח',הנמל אריזות ושיווק ב,IL,הנמל ליפתניות 25 יחידות,יחידה,1.00,יחידה,false,1,5.90,5.9000,true,1,8884
7290003444009,false,הרשי ריזס חטיף במילוי בוטנים 42 גרם,ליימן מותגים,US,שוקולד ריזס חלב 42 גרם,גרמים,42.00,100 גרם,false,1,7.90,0.1881,true,1,53950
7290003457861,false,סולרו קלאסיק חלבי - פירות טרופיים,"מיוצר ע""\י גלידת שטראוס",IL,סולרו שלגון סולרו וניל ופירות טרופיים 76 גרם,גרמים,85.00,100 גרם,false,1,12.90,0.1518,true,1,2655
7290003495030,false,מאפה שקדים פרווה,"גידרון תעשיות בע""מ",IL,מאפה שקדים פרווה,קילוגרמים,1.00,"ק""ג",true,,44.90,44.9000,true,1,43126
7290003521197,false,"ד""ר פישר - סרקל תרסיס מתיר קשרים 340 מ""ל",פישר מעבדות פרמצבטיות בע,IL,סרקל מתיר קשרים 340 מל,מיליליטרים,340.00,"100 מ""ל",false,1,25.90,0.0762,true,1,2689
7290003521760,false,"פישר אפטרסול ג'ל אלוורה להרגעת העור, 200 מ""ל",פישר מעבדות פרמצבטיות בע,IL,"אפטרסול ג""ל אלוורה 200 מ""ל",מיליליטרים,200.00,"100 מ""ל",false,1,29.90,0.1495,true,1,9488
7290003550753,false,רביעיית טונה בשמן פוסידון 108 גרם,"מיוצר עי וליגר בעמ,",IL,פוסידון נתחי טונה בהירה בשמן,גרמים,432.00,100 גרם,false,1,24.90,0.0576,true,1,58777
7290003578153,false,נתחי טונה בשמן צמחי 160ג' וילי פוד,גולדן פרייז קאנינג א,TH,וילי פוד נתחי טונה בשמן צמחי 160 גרם,גרמים,160.00,100 גרם,false,1,6.90,0.0431,true,1,2739
7290003578245,false,ליצ'י שלם בסירופ,הנסיך- מפעל לייצור ט,CN,ויליפוד חתיכות אננס בסירופ קל 850 גרם,גרמים,500.00,100 גרם,false,1,8.50,0.0170,true,1,2744
7290003643004,false,"סוגת אורז בסמטי קלאסי 1 ק""ג",האי נאם סי או אל.טי.,IL,"אורז בסמטי קלאסי 1 ק""ג",קילוגרמים,1.00,"ק""ג",false,1,16.90,16.9000,true,1,2802
7290003643127,false,אבקת אפיה סוגת 100 גרם 10 יחידות,גוד פוד פרודקטס S.p,IL,אבקת אפיה סוגת 10 גרם,Unknown,0.00,Unknown,false,1,3.30,0.0000,true,1,21611
7290003643134,false,סוכר וניל סוגת 100 גרם מארז 10 יחידות,גוד פוד פרודקטס S.p,IL,סוכר וניל סוגת 10 גרם,גרמים,100.00,100 גרם,false,1,3.70,0.0370,true,1,21610
7290003643158,false,קורנפולר שקית 200 ג' סוגת,המאפיה של הרמן,IL,סוגת קורנפלור 200 גרם,גרמים,200.00,100 גרם,false,1,4.50,0.0225,true,1,2803
7290003643387,false,"סוכר לבן בצנצנת 1 ק""ג סוגת",האי נאם סי או אל.טי.,IL,"סוכר 1 ק""ג בצנצנת",קילוגרמים,1.00,"ק""ג",false,1,10.90,10.9000,true,1,2805
7290003643646,false,"סוכר דמררה קלאסי בצנצנת סוגת 1 ק""ג",האי נאם סי או אל.טי.,IL,סוכר דמררה צנצנת 1 קג,קילוגרמים,1.00,"ק""ג",false,1,13.90,13.9000,true,1,2806
7290003643684,false,אפונה יבשה סוגת 500 גר',האי נאם סי או אל.טי.,IL,אפונה 500 גרם,גרמים,500.00,100 גרם,false,1,7.90,0.0158,true,1,19743
7290003643714,false,חומוס גרגירים 500 גרם סוגת,האי נאם סי או אל.טי.,IL,חומוס 500 גרם,גרמים,500.00,100 גרם,false,1,9.90,0.0198,true,1,21630
7290003643738,false,סוגת חיטה 500 גרם,האי נאם סי או אל.טי.,IL,חיטה 500 גרם,גרמים,500.00,100 גרם,false,1,6.50,0.0130,true,1,21632
7290003643745,false,סוגת כוסמת 500 גרם,האי נאם סי או אל.טי.,IL,כוסמת 500 גרם,גרמים,500.00,100 גרם,false,1,9.90,0.0198,true,1,21631
7290003643752,false,עדשים ירוקים יבש סוגת 500 גר',האי נאם סי או אל.טי.,IL,עדשים ירוקות 500 גר',גרמים,500.00,100 גרם,false,1,9.90,0.0198,true,1,21807
7290003643769,false,עדשים אדומים יבש סוגת 500 גר',"סוגת תעשיות בע""\מ",IL,עדשים אדומות סוגת 500 גרם,גרמים,500.00,100 גרם,false,1,9.90,0.0198,true,1,13744
7290003643776,false,"פופקורן גרעינים סוגת 500 ג' כשל""פ",האי נאם סי או אל.טי.,IL,פופקורן 500 גרם,גרמים,500.00,100 גרם,false,1,6.90,0.0138,true,1,21629
7290003643783,false,קוקוס טחון סוגת 100 גרם,האי נאם סי או אל.טי.,IL,קוקוס 100 גרם,גרמים,100.00,100 גרם,false,1,4.50,0.0450,true,1,17370
7290003643806,false,שעועית לבנה יבשה סוגת 500 ג',האי נאם סי או אל.טי.,IL,שעועית לבנה 500 גרם,גרמים,500.00,100 גרם,false,1,13.90,0.0278,true,1,20572
7290003643813,false,שעועית אדומה יבשה סוגת 500 גר',האי נאם סי או אל.טי.,IL,שעועית אדומה 500 גרם,גרמים,500.00,100 גרם,false,1,12.90,0.0258,true,1,21633
7290003726615,false,"טופו ויילר 300 גרם ""שטראוס""",הדקלאים אגודת שיתופי,IL,טופו ויילר 300 גרם,גרמים,300.00,100 גרם,false,1,14.90,0.0497,true,1,78789
7290003775021,false,משקפי שמש GRADIENT B,,,משקפי שמש GRADIENT BOWN,יחידה,1.00,יחידה,false,1,59.00,59.0000,true,1,77724
7290003775030,false,משקפי שמש MIRROR,,,משקפי שמש MIRROR,יחידה,1.00,יחידה,false,1,59.90,59.9000,true,1,77721
7290003775031,false,משקפי שמש GRADIENT B,,,משקפי שמש GRADIENT BOWN,יחידה,1.00,יחידה,false,1,59.90,59.9000,true,1,77722
7290003775041,false,משקפי שמש BROWN,,,משקפי שמש BROWN,יחידה,1.00,יחידה,false,1,59.90,59.9000,true,1,77727
7290003805501,false,"פתית שוודי חסכוני בד""צ 300 גרם",יוניליוור ישראל מזון בע\,IL,פתית שוודי קרקר דגנים פריך בסגנון שוודי,גרמים,300.00,100 גרם,false,1,18.20,0.0607,true,1,11192
7290003807482,false,קנור רוטב טריאקי מופחת נתרן 370 גרם,יוניליוור ישראל מזון בע\,IL,קנור רוטב טריאקי 370 גרם,מיליליטרים,300.00,"100 מ""ל",false,1,13.90,0.0463,true,1,21674
7290003882922,false,עלי גפן ממולאים באורז וילי פוד 360 גרם,הזה פלאקספו פוד קו ב,CN,ויליפוד עלי גפן ממולאים באורז 400 גרם,גרמים,400.00,100 גרם,false,1,9.90,0.0248,true,1,3047
7290003896141,false,חטיף ספרדי פיקנטי אלמנדוס 200 גרם,הדקלאים אגודת שיתופי,IL,אלמנדוס 200 גרם (ב(12,גרמים,200.00,100 גרם,false,1,10.90,0.0545,true,1,27976
7290003989539,false,לורנצו רביולי במילוי גבינה,מיוצר עי קונדיטוריית,IL,רביולי גבינה 400 גרם,גרמים,400.00,100 גרם,false,1,22.90,0.0572,true,1,3175
7290003989553,false,פסטה טורטליני גבינה ופטריות 400 גרם,מיוצר עי קונדיטוריית,IL,טורטליני פטריות פרווה 400 גרם,גרמים,400.00,100 גרם,false,1,22.90,0.0572,true,1,3176
7290004014407,false,עדשי מ&מ'ס חמאת בוטנים46,מרס נדרלנד,US,סוכריות שוקולדM&M חמאת בוטנים 46 גרם,גרמים,46.00,100 גרם,false,1,5.90,0.1283,true,1,65497
7290004020422,false,לחם אגוזים 500 גרם,מאפיית עלית,,לחם אגוזים 500 גרם,Unknown,0.00,Unknown,false,1,22.90,0.0000,true,1,26472
7290004020439,false,לחם דגנים קל,מאפיית עלית,,לחם דגנים קל,Unknown,0.00,Unknown,false,1,22.90,0.0000,true,1,26471
7290004020477,false,פיתות דל קלוריות 10,מאפיית עלית,,פיתות דל קלוריות 10 יחידות,Unknown,0.00,Unknown,false,1,14.80,0.0000,true,1,26475
7290004063016,false,"מלח שולחן דק סלית 1 ק""ג בדץ",האי נאם סי או אל.טי.,IL,מלח שולחן,קילוגרמים,1.00,"ק""ג",false,1,2.07,2.0700,true,1,3378
7290004063115,false,"מלח מטבח עבה להמלחת בשר ובישול 1 ק""ג",האי נאם סי או אל.טי.,IL,מלח מטבח,קילוגרמים,1.00,"ק""ג",false,1,2.07,2.0700,true,1,3379
7290004068172,false,יוגורט עזים בדלי 5% שומן 600 ג' גד,קוד יצרן MKN,IL,גד יוגורט חלב עיזים 2.8% 600 גרם,גרמים,600.00,100 גרם,false,1,18.90,0.0315,true,1,48861
7290004078270,false,נוזל לניקוי כלים בריח לימון פלמוליב 1 ליטר,יבואן ומשווק: ש. שסט,GR,פלמוליב נוזל לניקוי כלים בריח לימון 1 ליטר,ליטרים,1.00,ליטר,false,1,14.80,14.8000,true,1,3385
7290004119225,false,יופלה יוגורט אננס %3 גביע 150 גרם,תנובה מרכז שיתופי לש,IL,יופלה יוגורט אננס 3% גביע 150 גרם,גרמים,150.00,100 גרם,false,1,5.70,0.0380,true,1,3404
7290004119928,false,מעדן חלב בטעם וניל 2% קרלו תנובה 125 גרם,מחלבת אלון תבור,IL,קרלו מעדן וניל רביעיות גביע 125 1.5%,גרמים,125.00,100 גרם,false,1,3.30,0.0264,true,1,3406
7290004119973,false,קרלו מעדן שוקו רביעיה גביע 1.5% 125 גרם,תנובה מרכז שיתופי לש,IL,קרלו מעדן שוקו רביעיה גביע 125 גרם 1.5%,גרמים,125.00,100 גרם,false,1,3.30,0.0264,true,1,3407
7290004120566,false,פיראוס 24% גבינה בולגרית 250 גרם,תנובה חלב,IL,פיראוס בולגרית 24% שומן 250 גרם,גרמים,250.00,100 גרם,false,1,25.90,0.1036,true,1,3411
7290004120573,false,פיראוס 16% גבינה בולגרית 250 גרם,תנובה מרכז שיתופי לש,IL,גבינה בולגרית מלוחה 16% שומן,גרמים,250.00,100 גרם,false,1,25.90,0.1036,true,1,3412
7290004120634,false,גבינה פיראוס בולגרית 5% 250 גרם,תנובה מרכז שיתופי לש,IL,פיראוס גבינה בולגרית 5% שומן,גרמים,250.00,100 גרם,false,1,25.90,0.1036,true,1,3413
7290004121853,false,גבינה בולגרית פיראוס 5% קוביות 200 גרם,תנובה מרכז שיתופי לש,IL,פירוס בולגרית קוביות 5% 200 גרם,גרמים,200.00,100 גרם,false,1,24.90,0.1245,true,1,3420
7290004122119,false,פתיתי פרמזן לפסטה 23% השף הלבן 100 גרם,פ.פ.ח. שאביט,IL,תנובה השף הלבן פתיתי גבע פרמזן 23% שומן,גרמים,100.00,100 גרם,false,1,14.90,0.1490,true,1,11003
7290004122195,false,גוש חלב גבינה צהובה פרוסה 28% תנובה 200 גרם,תנובה חלב,IL,גוש חלב פרוסות גבינה צהובה חצי קשה 28% שומן מהדרין,גרמים,200.00,100 גרם,false,1,15.90,0.0795,true,1,10705
7290004122348,false,גבינת עמק לייט פרוס בקופסא 200 גרם,תנובה מרכז שיתופי לש,IL,עמק גבינה צהובה חצי קשה 9% מופחתת שומן,גרמים,200.00,100 גרם,false,1,18.90,0.0945,true,1,3423
7290004125400,false,"אשל שלי מהדרין 200 מ""ל 4.5% ""תנובה""- מוצר בפיקוח",פארייפאבה אגרואינדוס,IL,תנובה אשל לבן 4.5% שומן,מיליליטרים,200.00,"100 מ""ל",false,1,1.69,0.0084,true,1,3435
7290004125417,false,"גיל 3% שלי 200 מ""ל ""תנובה"" -מוצר בפיקוח",תנובה מרכז שיתופי לש,IL,תנובה גיל לבן 3% 206 גרם,מיליליטרים,200.00,"100 מ""ל",false,1,1.51,0.0076,true,1,3436
7290004125455,false,"שמנת חמוצה 200 מ""ל 15% ""תנובה"" -מוצר בפיקוח",תנובה מרכז שיתופי לש,IL,שמנת אורגינל 15% שומן 200 מל,מיליליטרים,200.00,"100 מ""ל",false,1,2.40,0.0120,true,1,3437
7290004125509,false,"שמנת חמוצה 15% מועשרת תנובה 100 מ""ל",תנובה מרכז שיתופי לש,IL,תנובה שמנת 15% חצי מנה 100 מל,מיליליטרים,100.00,"100 מ""ל",false,1,1.90,0.0190,true,1,3438
7290004125578,false,משקה סויה מעושר בסידן תנובה 1ל',תנובה מרכז שיתופי לש,IL,משקה סויה מועשר בסידן 1 ליטר,ליטרים,1.00,ליטר,false,1,12.90,12.9000,true,1,3439
7290004125585,false,משקה סויה בטעם וניל תנובה 1 ליטר,תנובה מרכז שיתופי לש,IL,משקה סויה על הבוקר וניל 1 ליטר,ליטרים,1.00,ליטר,false,1,13.50,13.5000,true,1,3440
7290004125721,false,"השף הלבן שמנת עמידה לבישול 15% תנובה 250 מ""ל",תנובה מרכז שיתופי לש,IL,"השף הלבן שמנת לבישול ,שמנת עמידה לבישול 15% 250 מל",מיליליטרים,250.00,"100 מ""ל",false,1,9.20,0.0368,true,1,3441
7290004125738,false,שמנת מתוקה להקצפה32% 250מל עמיד השף הלבן,תנובה מרכז שיתופי לש,IL,"שמנת להקצפה 32% 250 מ""ל",מיליליטרים,250.00,"100 מ""ל",false,1,7.90,0.0316,true,1,3442
7290004125776,false,גבינה צהובה עמק 28% 400 גרם בקופסא,תנובה חלב,IL,עמק פרוס 28% 400 גרם בקופסא,גרמים,400.00,100 גרם,false,1,32.50,0.0813,true,1,18479
7290004126872,false,"שוקו תנובה בבקבוק 250 מ""ל תנובה",תנובה חלב,IL,"שוקו תנובה בקבוק 250 מ""ל",מיליליטרים,250.00,"100 מ""ל",false,1,7.00,0.0280,true,1,19247
7290004127077,false,קוטג תנובה 3% גביע 250 גרם מהדרין,מיוצר עי קונדיטוריית,IL,קוטג 3% תנובה 250 גרם,גרמים,250.00,100 גרם,false,1,5.70,0.0228,true,1,3446
7290004127329,false,קוטג תנובה גביע 250 גרם %5 ו.מהדרין,מיוצר עי קונדיטוריית,IL,קוטג 5% תנובה 250 גרם,גרמים,250.00,100 גרם,false,1,5.70,0.0228,true,1,3451
7290004127800,false,"גבינה לבנה 500 גרם 5% ""תנובה"" -מוצר בפיקוח",מיוצר עי קונדיטוריית,IL,גבינה למריחה 5% פיקוח 500 גרם,גרמים,500.00,100 גרם,false,1,9.96,0.0199,true,1,3456
7290004127862,false,גבינה לבנה 5% שומן 750 ג' תנובה,תנובה מרכז שיתופי לש,IL,גבינה למריחה 750 5% גרם,גרמים,750.00,100 גרם,false,1,14.94,0.0199,true,1,3458
7290004128333,false,לאבנה על בסיס יוגורט %9 שומן 500 ג' פיראוס,תנובה חלב,IL,פיראוס גבינת לאבנה אסלית 9% שומן,גרמים,500.00,100 גרם,false,1,21.90,0.0438,true,1,10050
7290004128432,false,פתיתים מיוחדים לפיצה על בסיס גבינה 500 ג',תנובה חלב,IL,פתיתים מיוחדים לפיצה על בסיס גבינה,גרמים,500.00,100 גרם,false,1,24.90,0.0498,true,1,24896
7290004129101,false,גבינת שמנת 25% בטעם טבעי 225 ג' נפוליאון,תנובה מרכז שיתופי לש,IL,גבינת שמנת נפוליאון טבעי 225 גרם,גרמים,225.00,100 גרם,false,1,15.90,0.0707,true,1,3465
7290004129118,false,גבינת שמנת 24% עם זיתים ירוקים 225 ג' נפוליאון,תנובה מרכז שיתופי לש,IL,גבינת שמנת נפוליאון זיתים 225 גרם,גרמים,225.00,100 גרם,false,1,15.90,0.0707,true,1,3466
7290004129156,false,גבינת שמנת25% עם שום שמיר 225 ג' נפוליאון,תנובה מרכז שיתופי לש,IL,גבינת שמנת נפוליאון שום שמיר 225 גרם,גרמים,225.00,100 גרם,false,1,15.90,0.0707,true,1,3468
7290004129736,false,יוגורט במתיקות מעודנת 1.5% שומן 200 ג' יופלה,תנובה מרכז שיתופי לש,IL,יוגורט,גרמים,200.00,100 גרם,false,1,5.00,0.0250,true,1,13582
7290004130794,false,משקה סויה במתיקות מופחתת תנובה 1 ליטר,תנובה מרכז שיתופי לש,IL,משקה סויה מועשר מופחת מתיקות 1 ליטר,ליטרים,1.00,ליטר,false,1,13.50,13.5000,true,1,9767
7290004130916,false,יוגורט יופלה פירות יער בשמנת 3% 150 גרם,תנובה מרכז שיתופי לש,IL,יוגורט יופלה פירות יער שמנת 150 גרם,גרמים,150.00,100 גרם,false,1,5.70,0.0380,true,1,18397
7290004131074,false,"חלב 1 ליטר 3% קרטון ""תנובה""- מוצר בפיקוח",תנובה מרכז שיתופי לש,IL,חלב 3% קרטון מהדרין פיקוח 1 ליטר,ליטרים,1.00,ליטר,false,1,6.23,6.2300,true,1,3475
7290004131432,false,יוגורט יופלה לבן ביו 3% 200 גרם,מיוצר עי קונדיטוריית,IL,יופלה לבן 3% גביע 200 גרם,גרמים,200.00,100 גרם,false,1,5.00,0.0250,true,1,13584
7290004131456,false,יוגורט ביו 1.5% שומן 200 ג' יופלה,מיוצר עי קונדיטוריית,IL,יופלה לבן 1.5% גביע 200 גרם,גרמים,200.00,100 גרם,false,1,5.00,0.0250,true,1,13585
7290004131814,false,גבינה צפתית 5% מעודנת 200 ג' פיראוס,פארייפאבה אגרואינדוס,IL,פיראוס צפתית 5% מעודנת 200 גרם,גרמים,200.00,100 גרם,false,1,17.50,0.0875,true,1,15168
7290004132552,false,משקה סויה בטעם טבעי לייט תנובה 1 ליטר,תנובה מרכז שיתופי לש,IL,משקה סויה דיאט 1 ליטר,ליטרים,1.00,ליטר,false,1,13.50,13.5000,true,1,16067
7290004132712,false,חטיף אצבעות גבינת מוצרלה 20% 172 ג' עמק,תנובה מרכז שיתופי לש,IL,עמק חטיף אצבעות גבינת מוצרלה 172 גרם 20%,גרמים,172.00,100 גרם,false,1,18.50,0.1076,true,1,14753
7290004136598,false,מארז הפסקת אוכל עם קורנפלקס ומשקה חלב עמיד בטעם וניל,פארייפאבה אגרואינדוס,IL,מארז הפסקת אוכל חלב+דגנים,לא מנהל יחידת מידה,0.00,לא מנהל יחידת מידה,false,1,10.90,0.0000,true,1,22781
7290004137809,false,פיראוס לאבנה 5% גביע 250 גרם,"תנובה, מחלבת אלון תב",IL,פיראוס לאבנה אסלית 5% שומן 250 גרם,גרמים,250.00,100 גרם,false,1,14.90,0.0596,true,1,24776
7290004170882,false,שליש באגט אותנטי,גדרון דגון,IL,שליש באגט אותנטי,יחידה,1.00,יחידה,false,1,6.90,6.9000,true,1,77976
7290004199166,false,כפפות לאטקס 100 יח' EASY TOUCH- S,הדקלאים אגודת שיתופי,TH,EASY TOUCH כפפות לטקס גודל: Small,יחידה,1.00,יחידה,false,1,34.90,34.9000,true,1,27337
7290004199203,false,קיסמי שיניים מבמבוק מלחיה 300 יחידות,הדקלאים אגודת שיתופי,CN,קיסמי שיניים מבמבוק מלחייה 300 יח',Unknown,0.00,Unknown,false,1,3.20,0.0000,true,1,32588
7290004199234,false,כפפות לאטקס 100 יח' EASY TOUCH- XL,איזי טאצ',TH,כפפות לטקס איזי טאצ 100 יח XL,לא מנהל יחידת מידה,0.00,לא מנהל יחידת מידה,false,1,34.90,0.0000,true,1,123358
7290004199579,false,פלסטר מעורב 100 יח' - SUNNY PLASTER,הדקלאים אגודת שיתופי,CN,סאני פלסטר 100 פלסטרים בגדלים שונים סטריליים,גרמים,0.00,100 גרם,false,1,9.90,0.0000,true,1,50661
7290004200930,false,זיקוק זוג 15 סמ בשקית,שמחה זה אנחנו,CN,זיקוק זוג 15 סמ בשקית,יחידה,1.00,יחידה,false,1,6.90,6.9000,true,1,50481
7290004200961,false,זיקוק דק 3X בשקית,שמחה זה אנחנו,CN,נר זיקוק 3 בשקית,לא מנהל יחידת מידה,0.00,לא מנהל יחידת מידה,false,1,4.90,0.0000,true,1,13898
7290004255428,false,נר נשמה 24 שעות-מנורה,"מנורה שי נר בע""מ",IL,נר נשמה מנורה בפחית 24 שעות,יחידה,1.00,יחידה,false,1,2.90,2.9000,true,1,81836
7290004532437,false,פיצוחי הטיב שקד מולב,"גיי אנג גי פקאנס בע""",IL,פיצוחי הטיב שקד מולבן 100ג,גרמים,100.00,100 גרם,false,1,11.00,0.1100,true,1,9083
7290004554293,false,קרחון אסקימו שטראוס ענבים,גלידות שטראוס,IL,אסקימו ענבים,לא מנהל יחידת מידה,0.00,לא מנהל יחידת מידה,false,1,4.90,0.0000,true,1,9049
7290004554330,false,שלגון אסקימו דובדבן שטראוס 75 גרם,"מיוצר ע""\י גלידת שטראוס",IL,גלידת שטראוס קרטיב מחלוטה דובדבן 50 יחידות,גרמים,84.00,100 גרם,false,1,4.90,0.0583,true,1,9050
7290004554798,false,"שלגון מטרה פטל,לימון וענבים","מיוצר ע"" גלידת שטראו",IL,שטראוס מטרה שלגון בטעמי פטל ולימון 80 גרם,גרמים,90.00,100 גרם,false,1,8.90,0.0989,true,1,9051
7290004584306,false,רבעיית גמדים בטעם תות בננה * 100 ג' שטראוס,מיוצר עי קונדיטוריית,IL,4 גמדים תות בננה,גרמים,400.00,100 גרם,false,1,12.70,0.0317,true,1,3791
7290004584351,false,גבינה לבנה סימפוניה עם תוספות 200 ג' חמישית 200,"שטראוס בריאות בע""\מ",IL,סימפוניה החמישית,גרמים,200.00,100 גרם,false,1,12.70,0.0635,true,1,3792
7290004584528,false,יוגורט דנונה ביו לבן 1.7% שומן 200 גרם,מיוצר עי קונדיטוריית,IL,דנונה ביו 1.7% 200 גרם,גרמים,200.00,100 גרם,false,1,3.90,0.0195,true,1,3793
7290004585907,false,דני ועדן וניל 1.5% 125ג' שטראוס,מיוצר עי קונדיטוריית,IL,דני וניל,גרמים,125.00,100 גרם,false,1,3.90,0.0312,true,1,3797
7290004685447,false,לחמניות כוסמין 6 בשקית 450 גרם,מאפית ברמן מקבוצת י. את,IL,לחמניות כוסמין מארז שישייה,גרמים,750.00,100 גרם,false,1,16.90,0.0225,true,1,85426
7290004685478,false,פיתות כוסמין 100% כוסמין 550 גרם,"מאפיית אורן משי בע""\מ",IL,פיתות כוסמין 10 בשקית 550 גרם,גרמים,550.00,100 גרם,false,1,17.90,0.0325,true,1,123353
7290004731076,false,"סבון נוזלי לידיים אלוורה ""כיף""",טרופיקל דגיל תעשיות,IL,כיף 1 ליטר אלוורה,ליטרים,1.00,ליטר,false,1,16.90,16.9000,true,1,15404
7290004731472,false,"שלישיית אלסבון צבעוני כיף 500 מ""ל",טרופיקל דגיל תעשיות,IL,כיף שלישיה צבעוני,ליטרים,1.50,ליטר,false,1,24.90,16.6000,true,1,15407
7290004737443,false,קוקטייל פירות 820 גרם,ג'יאנגסו יואהו פוד ק,CN,קוקטייל פירות 820 גרם,גרמים,820.00,100 גרם,false,1,9.90,0.0121,true,1,24810
7290004850432,false,אגיסטן אלוורה 20 גרם,פריגו,,אגיסטן אלוורה 20 גרם,לא מנהל יחידת מידה,0.00,לא מנהל יחידת מידה,false,1,30.50,0.0000,true,1,16181
7290004872021,false,קרחון רמזור כלפ 48*80גר,גלידות נסטלה )נגה גלידות,IL,נסטלה קרחון רמזור בדצ 48*80גרם,Unknown,0.00,Unknown,false,1,4.00,0.0000,true,1,9061
7290004872229,false,"שלגון שוקולד כלפ. 48*67גרם חת""ס",תות תעשיות מזון (201,IL,נסטלה שלגון שוקולד כלפ. 48*67גרם,Unknown,0.00,Unknown,false,1,7.90,0.0000,true,1,9067
7290004872243,false,שלגון בננה מצופה נסטלה 57ג',תות תעשיות מזון (201,IL,שלגון בננה מצופה,Unknown,0.00,Unknown,false,1,7.90,0.0000,true,1,8349
7290004872250,false,שלגון שרבט אבטיח נסטלה 108 גרם,גלידות נסטלה )נגה גלידות,IL,שלגון אבטיח קיץ,Unknown,0.00,Unknown,false,1,8.50,0.0000,true,1,8350
7290004872359,false,קרחון דובדבן נסטלה 80 גרם,גלידות נסטלה )נגה גלידות,IL,שלגון קרח דובדבן,Unknown,0.00,Unknown,false,1,4.00,0.0000,true,1,8351
7290004872786,false,"טילון אקסטרים ענק פקאן 115ג' בד""ץ",גלידות נסטלה,IL,אקסטרים טילון פקאן בדצ 16*115גרם,גרמים,139.00,100 גרם,false,1,12.50,0.0899,true,1,9072
7290004914219,false,בקבוק ריח עם מקלות עץ,סאנרייז,,מפיץ ריח לרכב סנרייז,Unknown,0.00,Unknown,false,1,12.90,0.0000,true,1,36076
7290005008184,false,"סבון נוזלי בניחוח חלב שקדים פלמוליב 500 מ""ל",הנסיך- מפעל לייצור ט,TR,פלמוליב סבון נוזלי חלב שקדים 500 מל,מיליליטרים,500.00,"100 מ""ל",false,1,19.90,0.0398,true,1,4198
7290005008191,false,"סבון נוזלי ארומה בניחוח לבנדר פטצ'ולי וילנג ילנג פלמוליב 500 מ""ל",הנסיך- מפעל לייצור ט,TR,500 מל סבון נוזלי פלמוליב so relaxed,מיליליטרים,500.00,"100 מ""ל",false,1,19.90,0.0398,true,1,4199
7290005113222,false,זיתים קוקטייל וגמבה יבנה 350ג',קבוצת יבנה,IL,קבוצת יבנה מיקס זיתים 560 גרם,גרמים,540.00,100 גרם,false,1,11.90,0.0220,true,1,26277
7290005174551,false,סלט חומוס עם צנוברים 125 ג' אחלה,"שטראוס גרופ בע""\מ",IL,סלט חומוס יום יום 125 גרם,גרמים,125.00,100 גרם,false,1,6.40,0.0512,true,1,4322
7290005174575,false,טחינה אחלה יום יום משובחת 125ג',מיוצר עי קונדיטוריית,IL,טחינה 125 משובחת,גרמים,125.00,100 גרם,false,1,6.40,0.0512,true,1,4324
7290005197758,false,"עוגיות חיוכים שוקולד עלית 150 גרם בד""צ",אפיפית נצרת תעשיות ב,IL,חיוכים שוקו 150 בדצ,גרמים,150.00,100 גרם,false,1,6.90,0.0460,true,1,4346
7290005199738,false,גומי מאסט בטעם פפרמינט ריח פה נעים פליפטופ 28 ג' עלית,"שטראוס גרופ בע""מ",IL,"מאסט מנטה מרעננת לל""ס 28 גר",גרמים,28.00,100 גרם,false,1,6.00,0.2143,true,1,4355
7290005200786,false,תפוצ'יפס בטעם שמנת בצל עלית 50 גרם,"שטראוס פריטו ליי בע""\מ )",IL,תפו שמנת בצל 50 גר 48 יח - שמיטה,גרמים,50.00,100 גרם,false,1,5.90,0.1180,true,1,4360
7290005201882,false,קפה טורקי בצלופן עלית 200 גרם,הנסיך- מפעל לייצור ט,IL,עלית טורקי שקית 200ג/1שק'/200גר',גרמים,200.00,100 גרם,false,1,18.90,0.0945,true,1,4416
7290005380600,false,"פד דביק סטרילי 5X7 ס""מ",פארמה פלסט,EG,פד דבק סטרילי 5*7 סמ 10יח,לא מנהל יחידת מידה,0.00,לא מנהל יחידת מידה,false,1,10.90,0.0000,true,1,121714
7290005381027,false,פלסטרים שקוף/חום 100 יח',פארמה פלסט,EG,פלסטר און F 100 שקוף,לא מנהל יחידת מידה,0.00,לא מנהל יחידת מידה,false,1,11.90,0.0000,true,1,121712
7290005423253,false,"סנו - מקסימה מרסס למייבש כביסה אולטרה פרש 750 מ""ל","סנו מפעלי ברונוס בע""\מ",IL,סנו מקסימה מרכך למייבש אולטרא פרש 750 מל,מיליליטרים,750.00,"100 מ""ל",false,1,19.90,0.0265,true,1,4674
7290005423635,false,ריצפז נוזל רצפות דוחה תיקנים סנו 2 ליטר,מיוצר עי קונדיטוריית,IL,סנו ריצפז פלוס,ליטרים,2.00,ליטר,false,1,26.90,13.4500,true,1,4680
7290005423918,false,סנו - מקסימה מרכך כביסה היפואלרגני אלוורה 4 ליטר,"סנו מפעלי ברונוס בע""\מ",IL,מקסימה מרכך כביסה בייבי 4 ליטר,ליטרים,4.00,ליטר,false,1,25.90,6.4750,true,1,88777
7290005424113,false,מטליות רצפה סנו סושי 4 יחידות,סנו סושי,IL,"מטלית רצפה סנו סושי 4 יח """,Unknown,0.00,Unknown,false,1,15.90,0.0000,true,1,4685
7290005425646,false,קליר נוזל לניקוי חלונות רב תכליתי סנו 1 ליטר,"סנו מפעלי ברונוס בע""\מ",IL,סנוקליר לניקוי והברקה 1 ליטר,ליטרים,1.00,ליטר,false,1,14.90,14.9000,true,1,4706
7290005426230,false,מטלית הפלא לרצפה מיקרופייבר סנו 1יח',סנו סושי,CN,מטלית הפלא לרצפה סנו סושי,Unknown,0.00,Unknown,false,1,14.90,0.0000,true,1,4712
7290005427107,false,סנו - סושי מגבות נייר הפלא 6 יחידות,מיוצר עי קונדיטוריית,IL,"סנו סושי 6 מגבות הפלא, 700 גרם",מטרים,6350.00,מטר,false,1,14.90,0.0023,true,1,11819
7290005428845,false,מפיות סנו סופט 33*33 100 יחידות,"חי מוצרי נייר בע""מ",IL,סנו סושי מפיות אירוח חד שכבתיות 100 יחידות,מיליליטרים,750.00,"100 מ""ל",false,1,10.90,0.0145,true,1,10442
7290005430480,false,מטלית הפלא למשטחים מיקרופייבר סנו סושי 1 יחידה,קריות זול,IL,מטלית הפלא סנו סושי למשטח,Unknown,0.00,Unknown,false,1,14.00,0.0000,true,1,19665
7290005430602,false,"סנו אוקסיג'ן ספריי להסרת כתמים עם חמצן פעיל 750 מ""ל","סנו מפעלי ברונוס בע""",IL,"מסיר כתמים אוקסיג""ן מרסס 750 מ""ל",מיליליטרים,750.00,"100 מ""ל",false,1,21.90,0.0292,true,1,4738
7290005431159,false,תותים בקצפת לייט עדן קינוחים 80 גרם,עדן קינוחים,IL,תותים בקצפת לייט עדן 80 גרם,גרמים,80.00,100 גרם,false,1,7.70,0.0963,true,1,121373
7290005431883,false,מלבי חלבי עדן קינוחים 165 גרם,עדן קינוחים Eden,IL,עדן מלבי 165 גרם,גרמים,165.00,100 גרם,false,1,7.70,0.0467,true,1,80766
7290005431906,false,קדאיף עדן קינוחים 82 גרם,עדן קינוחים Eden,IL,עדן קדאיף 82 גרם,גרמים,82.00,100 גרם,false,1,7.70,0.0939,true,1,80769
7290005431913,false,עוגת גבינה פירורים עדן קינוחים 92 גרם,עדן קינוחים Eden,IL,עדן עוגת גבינה פירורים 92 גרם,גרמים,92.00,100 גרם,false,1,7.70,0.0837,true,1,80767
7290005559587,false,מאפה נקניקיה בבצק מעדנות 800ג',מיוצר עי קונדיטוריית,IL,מאפה נקניקיה 800 גרם,גרמים,800.00,100 גרם,false,1,34.90,0.0436,true,1,4860
7290005559709,false,בורקס פיצה מעדנות 700 גרם,"מעדנות בע""\מ",IL,בורקס פיצה מעדנות 700 גרם,גרמים,700.00,100 גרם,false,1,32.00,0.0457,true,1,4863
7290005559907,false,פיצה משפחתית 100% גבינה מעדנות 500 גרם,מיוצר עי קונדיטוריית,IL,פיצה משפחתית גבינה מעדנות 500גרם,גרמים,500.00,100 גרם,false,1,29.90,0.0598,true,1,4865
7290005559914,false,פיצה משפחתית עם 100% גבינה בתוספת זיתים מעדנות 550 גרם,מיוצר עי קונדיטוריית,IL,פיצה משפחתית זיתים 550 גרם,גרמים,550.00,100 גרם,false,1,29.90,0.0544,true,1,4866
7290005591761,false,דבש טהור מפרחי בר בלחיץ 400 ג' יד מרדכי,מכוורת יד מרדכי שטראוס ב,IL,דבש טהור לחיץ 400 גרם,גרמים,400.00,100 גרם,false,1,26.90,0.0672,true,1,4883
7290005605895,false,פאנטה אקזוטיק 0.5 חייב פקדון,החברה מרכזית לייצור,IL,"פנטה אקזוטי 500 מ""ל",מיליליטרים,500.00,"100 מ""ל",false,1,9.50,0.0190,true,1,4904
7290005680052,false,טמפונים סופר פלוס אובה 32 יחידות,גונסון אנד גונסון,GR,טמפוני O.B סופר פלוס 32 יח,יחידה,32.00,יחידה,false,1,32.90,1.0281,true,1,4926
7290005803628,false,קרחון מלון - צבע מאכל טבעי,גלידות נסטלה )נגה גלידות,IL,נסטלה קרחון מלון בדצ 48*80גרם,Unknown,0.00,Unknown,false,1,4.00,0.0000,true,1,8442
7290005838002,false,מעדן גבינה ויוגורט בטעם וניל 88 ג' דניאלה,"שטראוס בריאות בע""מ",IL,דניאלה וניל,גרמים,88.00,100 גרם,false,1,4.90,0.0557,true,1,5051
7290005839108,false,גבינה לבנה סימפוניה עם תוספות 200 ג'+זיתים 5%,"שטראוס בריאות בע""\מ",IL,סימפוניה 5% עם זתים,גרמים,200.00,100 גרם,false,1,12.70,0.0635,true,1,5058
7290005839313,false,"מילקי טופ מגולגלת שטראוס 170 מ""ל",מיוצר עי קונדיטוריית,IL,מילקי טופ מגולגלת,גרמים,140.00,100 גרם,false,1,5.40,0.0386,true,1,5059
7290005854040,false,שלגון אסקימו משמש שטראוס,שטראוס,IL,שלגון אסקימו משמש,לא מנהל יחידת מידה,0.00,לא מנהל יחידת מידה,false,1,4.00,0.0000,true,1,28809
7290005854606,false,קרחון אסקימו שטראוס אננס,שטראוס,IL,שלגון אסקימו אננס,לא מנהל יחידת מידה,0.00,לא מנהל יחידת מידה,false,1,4.00,0.0000,true,1,9511
7290005854613,false,שלגון אסקימו תותי פרוט 75 גר',שטראוס,IL,תותי פרוטי,לא מנהל יחידת מידה,0.00,לא מנהל יחידת מידה,false,1,4.90,0.0000,true,1,8357
7290005966088,false,"יין הר חרמון אדום יבש 750מ""ל",יקבי רמת הגולן קצרין,IL,הר חרמון אדום 2020 יבש,מיליליטרים,750.00,"100 מ""ל",false,1,45.90,0.0612,true,1,5120
7290005992575,false,גבינה בולגרית למריחה 5% גד 250 גרם,מחלבות גד בעמ,IL,גד גבינה בולגרית מלוחה למריחה 5% שומן,גרמים,250.00,100 גרם,false,1,19.90,0.0796,true,1,5170
7290005992735,false,לאבנה טבעי 5 אחוז 250גרם גד,הנסיך- מפעל לייצור ט,IL,גד גבינת לאבנה 5%,גרמים,250.00,100 גרם,false,1,13.90,0.0556,true,1,5176
7290005996078,false,סרוולט בסגנון הונגרי יחיעם 125 גרם,מעדני יחיעם,IL,סלמי סרוולט הונגרי 125 ג',גרמים,125.00,100 גרם,false,1,29.90,0.2392,true,1,81622
7290005996153,false,נקניקיות צרפתיות פרמיום יחיעם 280 גרם,מעדני יחיעם,IL,נק' בסגנון צרפתי 280 גרם,גרמים,280.00,100 גרם,false,1,24.90,0.0889,true,1,81148
7290005996160,false,נקניקיות צוריסו פרימיום יחיעם 280 גרם,מעדני יחיעם,IL,נק' צ'וריסו 280 גרם,גרמים,280.00,100 גרם,false,1,24.90,0.0889,true,1,81149
7290005996221,false,פסטרמה של פעם דקדק יחיעם 120 גרם,מעדני יחיעם,IL,פסטרמה של פעם דק דק 120 גרם יחיעם,גרמים,120.00,100 גרם,false,1,11.90,0.0992,true,1,82046
7290005996238,false,פסטרמה בדבש דקדק יחיעם 120 גרם,מעדני יחיעם,IL,פסטרמה בדבש דק דק 120 גרם יחיעם,גרמים,120.00,100 גרם,false,1,11.90,0.0992,true,1,82045
7290005996276,false,פסטרמה ברביקיו דקדק יחיעם 120 גרם,מעדני יחיעם,IL,פסטרמה ברביקיו דק דק 120 גרם יחיעם,גרמים,120.00,100 גרם,false,1,11.90,0.0992,true,1,82047
7290005996740,false,סלמי פפרוני יחיעם 300 ג',מעדני יחיעם 1993,IL,סלמי פפרוני יחיעם 300 גרם,גרמים,300.00,100 גרם,false,1,27.90,0.0930,true,1,123036
7290006241214,false,שקד טבעי קליית גת 200 גרם,הדקלאים אגודת שיתופי,IL,שקד טבעי שקית 200 גרם,גרמים,200.00,100 גרם,false,1,25.90,0.1295,true,1,10387
7290006265548,false,נבטים סינים מרינה ארוז 360ג',"מרינה פטריות הגליל בע""מ",IL,נבטים סינים יח,גרמים,350.00,100 גרם,false,1,6.90,0.0197,true,1,33772
7290006271181,false,ג'חנון אפוי למיקרוגל מעדנות 750 גרם,מיוצר עי קונדיטוריית,IL,"ג""חנון אפוי 750 גרם מעדנות",גרמים,750.00,100 גרם,false,1,29.90,0.0399,true,1,5429
7290006271648,false,מיני בורקס תפוחי אדמה מעדנות 800 גרם,"מעדנות בע""\מ",IL,מיני בורקס תפוא מעדנות 800גרם,גרמים,800.00,100 גרם,false,1,26.90,0.0336,true,1,15470
7290006271655,false,מיני בורקס גבינה מעדנות 800 גרם,מיוצר עי קונדיטוריית,IL,מיני בורקס גבינה מעדנות 800גרם,גרמים,800.00,100 גרם,false,1,27.90,0.0349,true,1,15561
7290006272072,false,חטיפי פיצה גבינה מעדנות 650 גרם,"מעדנות בע""\מ",IL,חטיפי פיצה מעדנות 650 גרם,גרמים,650.00,100 גרם,false,1,36.90,0.0568,true,1,74083
7290006281210,false,טוסט קלאסי 200 גרם,עינת תעשיות,IL,טוסט בייגל,גרמים,200.00,100 גרם,false,1,17.90,0.0895,true,1,23790
7290006322104,false,לחם ריחיים קל פרוס 500גר,מאפיית דוידוביץ ובניו בע,IL,לחם מקמח חיטה מלא ושיפון 500 גרם,גרמים,500.00,100 גרם,false,1,9.90,0.0198,true,1,5460
7290006322111,false,לחמניות ריחיים 80*6 גרם,מאפיית דוידוביץ ובניו בע,IL,מאפיית דוידוביץ 6 לחמניות ריחיים 450 גרם,גרמים,450.00,100 גרם,false,1,13.00,0.0289,true,1,10421
7290006322197,false,לחמנ.הבית כפולות 125X4גר,מאפיית דוידוביץ ובניו בע,IL,מארז 4 לחמניות הבית כפולות 120 גרם,גרמים,120.00,100 גרם,false,1,15.90,0.1325,true,1,123382
7290006322838,false,לחם מקמח מלא דוידובי,מאפיית דוידוביץ ובניו בע,IL,דוידוביץ לחם מלא 100%,גרמים,750.00,100 גרם,false,1,11.90,0.0159,true,1,48500
7290006342065,false,בוטנים קלויים ששון הקולה 200 גרם,,,בוטנים קלויים 200גרם,גרמים,200.00,100 גרם,false,1,9.90,0.0495,true,1,121208
7290006342072,false,גרעין לבן ששון הקולה 200 גרם,"דין שיווק וקלייה בע""",IL,גרעין לבן 200גרם,גרמים,200.00,100 גרם,false,1,13.90,0.0695,true,1,121222
7290006342447,false,גרעיני אבטיח ששון הקולה 200 גרם,"דין שיווק וקלייה בע""",IL,גרעין אבטיח 200גרם,גרמים,200.00,100 גרם,false,1,18.90,0.0945,true,1,121209
7290006342553,false,קבוקים 200 גרם ששון וקולה,"דין שיווק וקליה בע""מ",,קבוקים200 גר,גרמים,200.00,100 גרם,false,1,7.90,0.0395,true,1,121211
7290006342560,false,בוטן אמריקאי ששון הקולה 200 גרם,"דין שיווק וקלייה בע""",IL,בוטן אמריקאי 200גרם,גרמים,200.00,100 גרם,false,1,6.90,0.0345,true,1,121184
7290006374738,false,קונפיטורית תות 340 גר' יד מרדכי,אף.סי תבליני בגליל ב,IL,קונפיטורת תות 340 גרם,גרמים,340.00,100 גרם,false,1,15.90,0.0468,true,1,10427
7290006390806,false,חצי ג'בטה אפוי קפוא,גידרון,IL,חצי גאבטה לבן,גרמים,150.00,100 גרם,false,1,4.90,0.0327,true,1,10053
7290006401571,false,אדויל ליקווי ג'ל 16 כמוסות,פייזר,,אדויל ליקויי גל 16 כמוסות,Unknown,0.00,Unknown,false,1,31.50,0.0000,true,1,15318
7290006463630,false,עוגה בחושה כשלפ תפוז,"איתנס' עוגות בע""מ",,עוגה בחושה כשלפ תפוזים ארוז אישי,לא מנהל יחידת מידה,0.00,לא מנהל יחידת מידה,false,1,8.50,0.0000,true,1,67568
7290006492432,false,גבינת מוצרלה בייבי 18% גד 150 גרם,מחלבות גד בעמ,IL,גבינה מוצרלה בייבי 150 גרם,גרמים,150.00,100 גרם,false,1,16.90,0.1127,true,1,5515
7290006492616,false,גבינה בולגרית מעודנת פרוסות 5% גד 250 גרם,DSH עבור מחלבות גד ב,IL,פרוסות בולגרית מעודנת 5%,גרמים,250.00,100 גרם,false,1,29.90,0.1196,true,1,15379
7290006492630,false,גבינת פרומעז עיזים 22% גד 180 גרם,מחלבות גד בעמ,IL,מחלבות גד גדעז גבינת שמנת מחלב עיזים 20%,גרמים,180.00,100 גרם,false,1,25.90,0.1439,true,1,90989
7290006492685,false,גבינת לאבנה 5% מחלב עזים גד 250 גרם,מחלבות גד בעמ,IL,גבינת לאבנה מחלב עיזים 5% שומן,גרמים,250.00,100 גרם,false,1,19.90,0.0796,true,1,17907
7290006492852,false,גבינת עיזים למריחה 5% שומן 250 ג' גד,גבינות מדף,IL,גד גבינה למריחה מחלב עיזים 5% שומן,גרמים,250.00,100 גרם,false,1,19.90,0.0796,true,1,19222
7290006511157,false,פטריות שמפיניון שלמות ויליפוד,אוקצ'מפס אס.איי אויי,PL,ויליפוד פטריות שמפניון שלמות 400 גרם,גרמים,400.00,100 גרם,false,1,6.90,0.0173,true,1,11554
7290006644510,false,"מיץ ענבים 500 מ""ל תפוזינה",יפאורה שותפות מובגלת לשיווק,IL,תפוזינה ענבים 0.5 ל',מיליליטרים,500.00,"100 מ""ל",false,1,9.50,0.0190,true,1,25806
7290006644527,false,תפוזינה תות בננה 0.5 ליטר,יפאורה שותפות מובגלת לשיווק,IL,תפוזינה תות בננה 0.5 ל',מיליליטרים,500.00,"100 מ""ל",false,1,9.50,0.0190,true,1,9799
7290006653819,false,פתיתי קוסקוס דק 350 גרם,"מיוצר ע""י קוד יצרן K",IL,אסם קוסקוס דק 12*350גרם,גרמים,350.00,100 גרם,false,1,9.90,0.0283,true,1,11033
7290006660602,false,מי קוקוס אורגני גרין קוקו קרטונית 1 ליטר,בן טרה ג'וינט סטוק,VN,GREEN COCO מי קוקוס אורגני 1 ליטר,ליטרים,1.00,ליטר,false,1,20.90,20.9000,true,1,75954
7290006664402,false,גבינה לבנה סקי 5% שומן 750 גרם,מיוצר עי קונדיטוריית,IL,סקי% 5 750 גרם,גרמים,750.00,100 גרם,false,1,14.94,0.0199,true,1,5684
7290006664532,false,יוגורט עם תות 3% שומן 150 ג' דנונה,מיוצר עי קונדיטוריית,IL,דנונה תות 3%,גרמים,150.00,100 גרם,false,1,4.50,0.0300,true,1,8965
7290006664655,false,"אקטימל לבן טבעי מארז 100X8 מ""ל",מיוצר עי קונדיטוריית,IL,אקטימל לבן שמינייה,מיליליטרים,864.00,"100 מ""ל",false,1,26.90,0.0311,true,1,13369
7290006664693,false,יוגורט עם אפרסק 3% שומן 150 ג' דנונה,מיוצר עי קונדיטוריית,IL,דנונה אפרסק 3%,גרמים,150.00,100 גרם,false,1,4.50,0.0300,true,1,9853
7290006681003,false,גלידה תות לימון סורבה 1.33 ל' קרמיסימו,"גלידת שטראוס בע""\מ, רחוב",IL,קרמיסימו קרמיסימו פרווה בטעם תות לימון 1.33 ליטר,ליטרים,1.33,ליטר,false,1,33.90,25.4887,true,1,5691
7290006681065,false,"קסטה שוקו וניל ""שטראוס""","מיוצר ע""\י גלידת שטראוס",IL,שלגון טעמקור XL,גרמים,75.00,100 גרם,false,1,10.90,0.1453,true,1,10432
7290006707734,false,שניצל דק דק עוף טוב,"עוף טוב שאן בע""מ",IL,שניצל דק דק,קילוגרמים,1.00,"ק""ג",true,,55.00,55.0000,true,1,79919
7290006712981,false,"משחת שיניים קולגייט ספיידרמן מגיל שש 50 מ""ל",הנסיך- מפעל לייצור ט,PL,קולגייט משחת שיניים לילדים בגילאי +6 50 מל,מיליליטרים,50.00,"100 מ""ל",false,1,13.90,0.2780,true,1,10652
7290006739544,false,נקניק כתף בקר 3% 300 גרם,זוגלובק,IL,זוגלובק כתף בקר 300 גרם א.מ.,גרמים,300.00,100 גרם,false,1,35.90,0.1197,true,1,30675
7290006764072,false,"בירה גולדסטאר בקבוק 500 מ""ל חוזר","טמפו משקאות בע""\מ",IL,"בירה גולדסטאר, בקבוק חוזר 500 מ""ל",מיליליטרים,500.00,"100 מ""ל",false,1,10.90,0.0218,true,1,5747
7290006764478,false,"בירה נשר מאלט בקבוק זכוכית 330 מ""ל","טמפו משקאות בע""מ",IL,"בירה נשר מאלט, בקבוק זכוכית 330 מל",Unknown,0.00,Unknown,false,1,8.50,0.0000,true,1,10902
7290006983176,false,אוסם - לחמית שיפון 250 גרם,"אסם השקעות בע""\מ",IL,לחמית שיפון 10*230גרם,גרמים,230.00,100 גרם,false,1,11.90,0.0517,true,1,5936
7290006983763,false,עוגת הבית שוקולד אסם 400 גרם,מיוצר עי קונדיטוריית,IL,הבית עוגת שוקולד 8*400גרם,גרמים,400.00,100 גרם,false,1,18.90,0.0472,true,1,8652
7290008102674,false,זובירקס קרם 5% 2 גר,גלקסו,,זובירקס קרם 5% 2 גרם,לא מנהל יחידת מידה,0.00,לא מנהל יחידת מידה,false,1,34.90,0.0000,true,1,22623
7290008104050,false,"שטיפת אינטימית לקטופיל פמינה 220 מ""ל",כצט נוביס סעמ,IL,פמינה תחליב רחצה אינטימי קלאסיק 220 מל,מיליליטרים,220.00,"100 מ""ל",false,1,19.90,0.0905,true,1,7120
7290008175814,false,וילי פוד פטריות שמפניון חתיכות 400 גר`,"אוקצ'מפ אס, איי אויי",PL,פטריות חתוך 400גרם- בד'צ,גרמים,400.00,100 גרם,false,1,6.90,0.0173,true,1,7153
7290008333115,false,אבקת ג'לטין טהור נטו 28 גרם,מאיר עזרא ובניו,IL,ויליגר אבקת ג'לטין טהור 28 גרם,גרמים,28.00,100 גרם,false,1,12.90,0.4607,true,1,7230
7290008335553,false,קובה במילוי בשר 600 גרם,האי נאם סי או אל.טי.,IL,קובה במילוי בשר וצנובר 600 גרם,גרמים,600.00,100 גרם,false,1,17.90,0.0298,true,1,7238
7290008335560,false,סיגרים במילוי בשר 600גרם,האי נאם סי או אל.טי.,IL,סיגרים במילוי בשר 600 גרם,גרמים,600.00,100 גרם,false,1,15.90,0.0265,true,1,7239
7290008335577,false,"פסטלים במילוי תפו""א 600ג",האי נאם סי או אל.טי.,IL,"פסטלים תפו""א 600 גרם",גרמים,600.00,100 גרם,false,1,17.90,0.0298,true,1,7240
7290008335584,false,"סיגרים במילוי תפו""א 600ג",האי נאם סי או אל.טי.,IL,"סיגרים במילוי תפו""א 600 גרם",גרמים,600.00,100 גרם,false,1,15.90,0.0265,true,1,7241
7290008367875,false,בורקס שבלול גבינה-גי,"גידרון תעשיות בע""מ",,בורקס שבלול גבינה-גידרון,קילוגרמים,2.50,"ק""ג",false,1,10.90,4.3600,true,1,8721
7290008409100,false,אצבעות שניצל בציפוי שומשום מאמא עוף 700 גרם,תנובה גליל שותפות מוגבלת,IL,אצבעות שניצל ציפוי שומשום מאמא ע 700 גרם,גרמים,700.00,100 גרם,false,1,39.90,0.0570,true,1,15807
7290008409216,false,שניצל דק דק פריך מאמא עוף 700 גרם,תנובה גליל,IL,מאמא עוף שניצל דק פריך 700 גרם,גרמים,700.00,100 גרם,false,1,47.50,0.0679,true,1,28790
7290008409407,false,שניצל דק צ'יפס מאמא עוף 700 גרם,תנובה גליל שותפות מוגבלת,IL,"שניצל דק בציפוי צ""יפס 700 גרם",גרמים,700.00,100 גרם,false,1,47.50,0.0679,true,1,35939
7290008409582,false,שניצל עוף אמיתי בציפוי ביתי מאמא עוף 700 גרם,תנובה גליל שותפות מוגבלת,IL,שניצל אמיתי ביתי מאמא עוף 700 גרם,גרמים,700.00,100 גרם,false,1,49.90,0.0713,true,1,7271
7290008461221,false,סרדינים רוברט בשמן חמניות 115 גרם,"רמירז, מטוסינוס",PT,סרדינים בשמן חמניות 115 גרם,גרמים,115.00,100 גרם,false,1,8.90,0.0774,true,1,7342
7290008461238,false,"סרדינים בשמן חמניות ופלפל חריף רוברט 84 גרם, 115 גרם","רמירז, מטוסינוס",PT,סרדינים בשמן חמניות חריף 115 גר,גרמים,115.00,100 גרם,false,1,8.90,0.0774,true,1,7343
7290008461283,false,גבינת טריפל צ'דר חצי קשה הגבינות של נני 200 גרם,דאוליי צ'סמייקרס,GB,גבינה טריפל צדר נני 200 גרם,גרמים,200.00,100 גרם,false,1,25.90,0.1295,true,1,112903
7290008464024,false,"בירה גולדסטאר Unfiltered, בירה לא מסוננת, פחית 500 מ""ל","טמפו משקאות בע""מ",IL,"בירה גולדסטאר לא מסונן פחית 500 מ""ל",מיליליטרים,500.00,"100 מ""ל",false,1,14.50,0.0290,true,1,54282
7290008464109,false,"בירה גולדסטאר Unfiltered, בירה לא מסוננת, בקבוק 330 מ""ל","טמפו משקאות בע""מ",IL,"בירה גולדסטאר ל.מסונן בקבוק 330 מ""ל",מיליליטרים,330.00,"100 מ""ל",false,1,13.50,0.0409,true,1,14314
7290008464130,false,"בירה גולדסטאר Unfiltered, בירה לא מסוננת, מארז שישייה, בקבוק 330 מ""ל",טמפו,IL,בירה גולדסטאר ל.מסונן שישייה בקבוק 330 מ,ליטרים,1.98,ליטר,false,1,49.90,25.2020,true,1,48895
7290008464208,false,"בירה מכבי 7.9%, בירה חזקה, בקבוק 330 מ''ל",טמפו משקאות בע''מ,IL,"בירה מכבי 7.9%, בירה חזקה, בקבוק 330 מ''ל",מיליליטרים,330.00,"100 מ""ל",false,1,12.50,0.0379,true,1,58746
7290008464222,false,"בירה מכבי 7.9%, בירה חזקה, פחית 500 מ""ל","טמפו משקאות בע""\מ",IL,"בירה מכבי 7.9%, בירה חזקה, פחית 500 מ""ל",מיליליטרים,500.00,"100 מ""ל",false,1,12.50,0.0250,true,1,62364
7290008464338,false,בירה מכבי בקבוק בודד 330 מל,בירה מכבי,IL,בירה מכבי בקבוק 330 מל לאגר בהירה,מיליליטרים,330.00,"100 מ""ל",false,1,12.50,0.0379,true,1,7358
7290008464345,false,"בירה גולדסטאר, בקבוק 330 מ''ל",טמפו משקאות בע''מ,IL,"בירה גולדסטאר, בקבוק 330 מ''ל",מיליליטרים,330.00,"100 מ""ל",false,1,13.50,0.0409,true,1,7359
7290008464468,false,"בירה גולדסטאר, פחית 500 מ""ל","טמפו משקות בע""\מ",IL,"בירה גולדסטאר פחית 500 מ""ל",מיליליטרים,500.00,"100 מ""ל",false,1,13.90,0.0278,true,1,7362
7290008464475,false,"בירה מכבי, פחית 500 מ""ל","טמפו משקאות בע""\מ",IL,"בירה מכבי, פחית 500 מ""ל",מיליליטרים,500.00,"100 מ""ל",false,1,12.50,0.0250,true,1,7363
7290008464604,false,"בירה הייניקן פחית 500 מ""ל",טמפו משקאות בע''מ,NL,"בירה היינקן, פחית 500 מ""ל",מיליליטרים,500.00,"100 מ""ל",false,1,15.90,0.0318,true,1,7378
7290008464611,false,"הסודה של טמפו, מי סודה בגיזוז חזק, 275 מל",טמפו משקאות בעמ,IL,"הסודה של טמפו, מי סודה בגיזוז חזק, 275 מל",מיליליטרים,275.00,"100 מ""ל",false,1,5.50,0.0200,true,1,74298
7290008464697,false,"בירה מכבי 7.9%, בירה חזקה, מארז שישייה, בקבוק 330 מ""ל",טמפו,IL,"בירה מכבי 7.9% שישייה בקבוק 330 מ""ל",ליטרים,1.98,ליטר,false,1,47.90,24.1919,true,1,58381
7290008464741,false,"בירה גולדסטאר, מארז שישייה, בקבוק 330 מ''ל","טמפו משקאות בע""\מ",IL,"בירה גולדסטאר שישייה בקבוק 330 מ""ל",ליטרים,1.98,ליטר,false,1,49.90,25.2020,true,1,7370
7290008493413,false,פירורי לחם מאיר בייגל פירורי גריסיני 200 גרם,מאיר את ביגל,IL,מאיר בייגל פירורי גריסיני 200 גרם,גרמים,200.00,100 גרם,false,1,7.90,0.0395,true,1,21024
7290008612074,false,אגד מתמתח 5 ס'מ,פארמה פלסט,EG,"אגד מתמתח 5 ס""מ",לא מנהל יחידת מידה,0.00,לא מנהל יחידת מידה,false,1,9.90,0.0000,true,1,121717
7290008612166,false,פלסטרים שקופים 5 גדלים,פארמה פלסט,EG,פלסטר מיקס 48 יחידות,לא מנהל יחידת מידה,0.00,לא מנהל יחידת מידה,false,1,10.90,0.0000,true,1,121716
7290008612531,false,"מד חום מהיר גמיש 10 שניות אמ""ר",פארמה פלסט,EG,מד חום מהיר וגמיש 10 שניות,לא מנהל יחידת מידה,0.00,לא מנהל יחידת מידה,false,1,25.90,0.0000,true,1,121713
7290008634045,false,"פלסטר שקוף 30 יחידות ""SUNNY PLASTER""",A.U. In,CN,פלסטר לילדים סאני 30 יחידות,יחידה,1.00,יחידה,false,1,6.90,6.9000,true,1,50662
7290008644112,false,סלט מטבוחה יום יום אחלה 125 גרם,"שטראוס גרופ בע""\מ",IL,סלט מטבוחה יום יום 125 גרם,גרמים,125.00,100 גרם,false,1,6.40,0.0512,true,1,7422
7290008645935,false,חומוס לניגוב אחלה 750 ג',"שטראוס גרופ בע""\מ",IL,חומוס 750 אחלה,גרמים,750.00,100 גרם,false,1,12.90,0.0172,true,1,15556
7290008693134,false,מעדן גבינה ויוגורט בטעם תות 5% שומן 88 ג' דניאלה,"שטראוס בריאות בע""מ",IL,דניאלה תות,גרמים,88.00,100 גרם,false,1,4.90,0.0557,true,1,7482
7290008745239,false,תפוצ'יפס קראנצ' בטעם טבעי עלית 50 גרם,"שטראוס פריטו ליי בע""\מ )",IL,תפו קראנצ טבעי 50 גר 48 יח - שמיטה,גרמים,50.00,100 גרם,false,1,5.90,0.1180,true,1,7539
7290008747547,false,תפוצ'יפס קראנץ' בטעם טבעי עלית 200 גרם,"שטראוס פריטו ליי בע""\מ )",IL,תפו קראנצ טבעי 200 גר 12 יח - שמיטה,גרמים,200.00,100 גרם,false,1,15.50,0.0775,true,1,7548
7290008750264,false,"מסטיק מאסט ציקלס דובדבן 28 גרם לל""ס מגדים","שטראוס גרופ בע""מ",IL,מסטיק מאסט דובדבן 28 גרם,גרמים,28.00,100 גרם,false,1,6.00,0.2143,true,1,7574
7290008752244,false,תפוצ'יפס קראנץ' בטעם גריל עלית 50 גרם,"שטראוס פריטו ליי בע""\מ )",IL,תפו קראנצ גריל 50 גר 48 יח - שמיטה,גרמים,50.00,100 גרם,false,1,5.90,0.1180,true,1,7583
7290008753111,false,תפוצ'יפס קראנץ' בטעם מקסיקני עלית 50 גרם,"שטראוס פריטו ליי בע""\מ )",IL,תפו קראנצ מקסיקני 50 גר 48 יח- שמיטה,גרמים,50.00,100 גרם,false,1,5.90,0.1180,true,1,7596
7290008754415,false,גומי מאסט בטעם ספירמינט עדין פליפטופ 28 ג' עלית,"שטראוס גרופ בע""מ",IL,מסטיק מאסט ספירמינט עדין 28 גרם,גרמים,28.00,100 גרם,false,1,6.00,0.2143,true,1,18797
7290008754422,false,גומי מאסט בטעם פפרמינט קלאסי פליפטופ 28 ג' עלית,"שטראוס גרופ בע""מ",IL,מסטיק מאסט פפרמינט קלאסי 28 גרם,גרמים,28.00,100 גרם,false,1,6.00,0.2143,true,1,18798
7290008757010,false,"שוופס ביטר לימון 250 מ""ל",יפאורה שותפות מובגלת לשיווק,IL,שוופס ביטר למון 250 מל,מיליליטרים,250.00,"100 מ""ל",false,1,8.50,0.0340,true,1,25824
7290008757034,false,"שוופס סודה זכוכית 250 מ""ל",יפאורה שותפות מובגלת לשיווק,IL,"שוופס סודה 250 מ""ל זכוכית",מיליליטרים,250.00,"100 מ""ל",false,1,6.90,0.0276,true,1,7621
7290008775816,false,ערגליות עוגיות במילוי שוקולד אסם 300 גרם,מיוצר עי קונדיטוריית,IL,ערגליות שוקולד 6*300גרם,גרמים,300.00,100 גרם,false,1,13.90,0.0463,true,1,7629
7290008775823,false,ערגליות עוגיות תות שדה אסם 300 גרם,מיוצר עי קונדיטוריית,IL,ערגליות תות שדה 6*300גרם,גרמים,300.00,100 גרם,false,1,13.90,0.0463,true,1,7630
7290008801157,false,"יין מרלו סלקטד כרמל כרמל 750 מ""ל",כרמל מזרחי,IL,"יין סלקטד מרלו 750 מ""ל",מיליליטרים,750.00,"100 מ""ל",false,1,35.90,0.0479,true,1,7645
7290008801522,false,יין קינג דויד קונקורד אדום מתוק 750 מל,אגודת הכורמים הקואופרטיב,IL,כרמל קינג דיויד קונקורד- יין אדום ממותק 750 מל,מיליליטרים,750.00,"100 מ""ל",false,1,28.90,0.0385,true,1,8679
7290008801843,false,"יין קברנה סוביניון סלקטד כרמל 750 מ""ל","כד בני דרום בע""מ",IL,כרמל סלקטד קברנה סוביניון יין אדום יבש 2017 750 מל,מיליליטרים,750.00,"100 מ""ל",false,1,35.90,0.0479,true,1,7655
7290008801850,false,סלקטד אמרלד ריזלינג לבן חצי יבש 750 מל,אגודת הכורמים הקואופרטיב,IL,כרמל סלקטד אמרלד ריזלינג-קולומברד 2018,מיליליטרים,750.00,"100 מ""ל",false,1,35.90,0.0479,true,1,7656
7290008806305,false,"שלגון פצפצים ""שטראוס""","מיוצר ע"" גלידת שטראו",IL,שלגון פצפצים תות בננה עם סוכרי,גרמים,97.00,100 גרם,false,1,8.90,0.0918,true,1,7713
7290008806961,false,גלידה שוקולד שבבי שוקולד פרה 1.33 ל' קרמיסימו,"גלידת שטראוס בע""\מ, רחוב",IL,קרמיסימו קרמיסימו בטעם שוקולד צ'יפ 1.33 ליטר,ליטרים,1.33,ליטר,false,1,33.90,25.4887,true,1,7718
7290008880112,false,מצת קליפר,Flamagas SA Barcelon,,מצת קליפר,לא מנהל יחידת מידה,0.00,לא מנהל יחידת מידה,false,1,7.50,0.0000,false,1,62238
7290008909761,false,"בירה קרלברג בקבוק 330 מ""ל",מבשלות בירה בינלאומי,IL,"קרלסברג בק 330 מ""ל פקדון",מיליליטרים,330.00,"100 מ""ל",false,1,14.90,0.0452,true,1,624
7290008909853,false,"קוקה קולה זירו בקבוק 500 מ""ל.",החברה המרכזית לייצור משקאות,IL,"קולה ZERO בקבוק 500 מ""ל",מיליליטרים,500.00,"100 מ""ל",false,1,9.50,0.0190,true,1,23994
7290008909884,false,"קוקה קולה זירו 350 מ""ל בקבוק זכוכית",החברה המרכזית לייצור משק,IL,"קולה ZERO קלאסי 350 מ""ל",מיליליטרים,330.00,"100 מ""ל",false,1,8.50,0.0258,true,1,39168
7290009183436,false,לחמיניה וילי דוג,יושלם,,לחמניה וילי דוג 100 גר,גרמים,100.00,100 גרם,false,1,3.40,0.0340,true,1,29114
7290009399158,false,פיתה אפויה קפואה מקמ,יושלם,,פיתה אפויה קפואה מקמח מלא,גרמים,100.00,100 גרם,false,1,2.90,0.0290,true,1,27948
7290010117864,false,דוריטוס חטיף תירס בטעם חריף אש עלית 70 גרם,"שטראוס פריטו ליי בע""\מ )",IL,דוריטוס חריף אש 70 גרם,גרמים,70.00,100 גרם,false,1,7.90,0.1129,true,1,19834
7290010117970,false,סבבה בוטנים קלויים מצופים - אריזה אישית,"שטראוס פריטו ליי בע""",IL,בוטנים אמריקאים סבבה 50 גרם,גרמים,50.00,100 גרם,false,1,3.90,0.0780,true,1,25348
7290010129003,false,עוגיות אוזניים 600 גרם,ק.א. ומשווק בבלעדיות על,IL,דולצ'ה ויטה עוגיות אוזניות מבצק עלים 600 גרם,גרמים,600.00,100 גרם,false,1,18.90,0.0315,true,1,11639
7290010129010,false,עוג.כתר במילוי ריבה 600ג,ק.א. ומשווק בבלעדיות על,IL,עוגיות כתר ריבה 600 גרם,גרמים,600.00,100 גרם,false,1,18.90,0.0315,true,1,11640
7290010129027,false,עוגיות מרוקאיות 600 גרם,ק.א. ומשווק בבלעדיו על י,IL,עוגיות מרוקאיות 600 גרם,גרמים,600.00,100 גרם,false,1,21.90,0.0365,true,1,11641
7290010129300,false,עוגיות רייף מרוקאיות 350 גרם,קונדטוריית אנגל,IL,עוגיות רייף מרוקאיות 350 גרם,גרמים,350.00,100 גרם,false,1,23.00,0.0657,true,1,16161
7290010129324,false,עוגיות מעמול 600 גרם,ק.א. ומשווק בבלעדיות על,IL,עוגיות מעמול 600 גרם,גרמים,600.00,100 גרם,false,1,18.20,0.0303,true,1,15553
7290010129553,false,עוגיות רולדה תמרים 600 גרם,ק.א. ומשווק בבלעדיות על,IL,עוגיות רולדה תמרים 600 גרם,גרמים,600.00,100 גרם,false,1,19.90,0.0332,true,1,78820
7290010129652,false,עוגיות לקפה דולצ'ה ו,קונדטוריית אנגל,IL,עוגיות לקפה 350 גרם,גרמים,350.00,100 גרם,false,1,23.00,0.0657,true,1,78827
7290010133529,false,סיגריה אלקטרונית חפ,קלאס ספא,CN,סיגריה אלקטרונית ח״פ אייס מלון 3000 שאיפות,יחידה,1.00,יחידה,false,1,99.90,99.9000,true,1,123391
7290010133536,false,סיגריה אלקטרונית חפ,קלאס ספא,CN,סיגריה אלקטרונית ח״פ אייס אוכמניות 3000 שאיפות,יחידה,1.00,יחידה,false,1,99.90,99.9000,true,1,123388
7290010133543,false,סיגריה אלקטרונית חפ,קלאס ספא,CN,סיגריה אלקטרונית ח״פ אייס ענבים 3000 שאיפות,יחידה,1.00,יחידה,false,1,99.90,99.9000,true,1,123389
7290010133550,false,סיגריה אלקטרונית חפ,קלאס ספא,CN,סיגריה אלקטרונית ח״פ אייס תות 3000 שאיפות,יחידה,1.00,יחידה,false,1,99.90,99.9000,true,1,123390
7290010133567,false,סיגריה אלקטרונית חפ,קלאס ספא,CN,סיגריה אלקטרונית ח״פ אייס בננה 3000 שאיפות,יחידה,1.00,יחידה,false,1,99.90,99.9000,true,1,123392
7290010133611,false,סיגריה אלקטרונית סמא,shenzhen hot technol,CN,סיגריה אלקטרונית סמארט פירות אייס 3000 ש,יחידה,1.00,יחידה,false,1,99.90,99.9000,true,1,123979
7290010140732,false,טבליות לעיסהטאמס בטע,גלקסמן סמית קליים,,טבליות לעיסהטאמס בטעם פירות יער,גרמים,750.00,100 גרם,false,1,35.20,0.0469,true,1,75841
7290010154012,false,לימון בלאדי כבוש תבליני ביטון 250 גרם,תבליני יוחאי ביטון,IL,לימון כבוש בלאדי 250 גרם,גרמים,250.00,100 גרם,false,1,16.50,0.0660,true,1,6078
7290010154685,false,שום כתוש יוחאי ביטון 250 גרם,תבליני יוחאי ביטון,IL,ביטון יוחאי המקורי סלט שום כתוש 250 גרם,גרמים,250.00,100 גרם,false,1,17.40,0.0696,true,1,73819
7290010237531,false,"פפסי קולה פלסטיק 500 מ""ל","טמפו משקאות בע""ם.",IL,פפסי 500 מל בקבוק,מיליליטרים,500.00,"100 מ""ל",false,1,7.90,0.0158,true,1,15800
7290010237548,false,"פפסי מקס דל קלוריות 500 מ""ל בקבוק",טמפו משקאות בעמ,IL,פפסי מקס בקבוק 500 מל,מיליליטרים,500.00,"100 מ""ל",false,1,7.90,0.0158,true,1,15801
7290010237562,false,משקה פפסי מרינדה קוו,"טמפו משקאות בע""מ",IL,מירינדה 500 בקבוק 24 יח',מיליליטרים,500.00,"100 מ""ל",false,1,7.90,0.0158,true,1,15803
7290010237579,false,משקה סבן אפ קוול 500,"טמפו משקאות בע""מ",IL,סבן אפ 500 בקבוק,מיליליטרים,500.00,"100 מ""ל",false,1,7.90,0.0158,true,1,15804
7290010237685,false,"הייניקן בירה צואר ארוך 330מ""ל",טמפו משקאות בע''מ,IL,"בירה היינקן, בקבוק 330 מ''ל",מיליליטרים,330.00,"100 מ""ל",false,1,15.90,0.0482,true,1,7375
7290010237890,false,"בירה הייניקן בקבוק 500 מ""ל חוזר",טמפו משקאות בע''מ,IL,"בירה היינקן, בקבוק חוזר 500 מ""ל",מיליליטרים,500.00,"100 מ""ל",false,1,11.90,0.0238,true,1,15649
7290010328093,false,ממרח חלווה אחווה 400 ג' מהדרין,אחדות בית חרושת לטחי,IL,אחוה ממרח חלוה 400 גרם,גרמים,400.00,100 גרם,false,1,13.90,0.0348,true,1,20602
7290010328253,false,טחינה גולמית משומשום טבעי אחווה 500 גרם,"אחדות ביח""ר לטחינה ח",IL,אחוה טחינה גולמית 500 גרם בפלסטיק,גרמים,500.00,100 גרם,false,1,15.90,0.0318,true,1,37067
7290010328468,false,מארז מיני חלווה אחוה בטעמים 18 יחידות 216 גרם,שוורצקוף& הנקל דיסלד,IL,"אחוה חטיפי מיני חלוה פיסטוק, וניל וקקאו 18 יחידות",גרמים,216.00,100 גרם,false,1,12.90,0.0597,true,1,56243
7290010464098,false,טוסט בייגל גבינה צהו,לורד סנדויץ,,טוסט בייגל גבינה צהובה 250 גרם,גרמים,250.00,100 גרם,false,1,17.90,0.0716,true,1,23684
7290010471669,false,יוגורט תות עם קורנפלקס מצופה שוקולד ללא גלוטן 3.9%,"שטראוס בריאות בע""\מ",IL,דנונה קראנצ תות קורנפלקס,גרמים,175.00,100 גרם,false,1,6.20,0.0354,true,1,14328
7290010569120,false,חטיף גלידה שמנת בטעם נוגה עם קרם שוקולד,"מיוצר ע""\י גלידת שטראוס",IL,שטראוס חטיף פסק זמן בטעם נוגט ושוקולד 67 גרם,גרמים,73.00,100 גרם,false,1,12.90,0.1767,true,1,14511
7290010577804,false,דקסמול 16 קפליות,דקסל,,דקסמול 16 קפליות,לא מנהל יחידת מידה,0.00,לא מנהל יחידת מידה,false,1,11.90,0.0000,true,1,66239
7290010577965,false,"אדקס 200 מ""ג",דקסל,,"אדקס 200 מ""ג",לא מנהל יחידת מידה,0.00,לא מנהל יחידת מידה,false,1,19.90,0.0000,true,1,66243
7290010609734,false,אייס לי משקה להקפאה בטעמי פירות - מארז 8 יח',הדיל,IL,"שלוקים אייס לי 800 מ""ל",מיליליטרים,800.00,"100 מ""ל",false,1,6.90,0.0086,true,1,78736
7290010632404,false,נובי מיכל לאבקת חלב,מולינו ניקולי s.p.a,CN,מיכל לאבקת תחליף חלב נובי,לא מנהל יחידת מידה,0.00,לא מנהל יחידת מידה,false,1,18.90,0.0000,true,1,74331
7290010632558,true,נובי כפית ארוכה,מולינו ניקולי s.p.a,CN,נובי כפיות האכלה 18 יחידות,לא מנהל יחידת מידה,0.00,לא מנהל יחידת מידה,false,1,20.90,0.0000,true,1,74334
7290010632961,true,מברשת+מסרק,F.H.P CO LT,CN,מברשת+מסרק,לא מנהל יחידת מידה,0.00,לא מנהל יחידת מידה,false,1,20.90,0.0000,true,1,74339
7290010650828,false,פטריות שימג'י חוות תקוע 150 גרם,שנגחאי פינק פוד קומפני,CN,פטריות שימאגי,גרמים,150.00,100 גרם,false,1,23.90,0.1593,true,1,122729
7290010657292,false,צלפים בחומץ צנצנת 35,פ.ח סאנצאס,ES,צלפים בחומץ צנצנת 350 גרם,גרמים,350.00,100 גרם,false,1,15.00,0.0429,true,1,25663
7290010838219,false,ממתיק על בסיס צמח הסטיביה - שקיות,"קיפל טבליות וממתיקים בע""מ",IL,מרמולייט סטיביה ממתיק 100 שקיות,גרמים,100.00,100 גרם,false,1,32.90,0.3290,true,1,43829
7290010839865,false,רוטב רכז רימונים ויליפוד 320 ג',ניו ג'רסי סטאר סנקס,TR,רוטב רימונים 320 גרם,מיליליטרים,320.00,"100 מ""ל",false,1,13.90,0.0434,true,1,31429
7290010859283,false,פניסטיל גל 30 גרם,נוברטיס,,"פניסטיל ג""ל",Unknown,0.00,Unknown,false,1,39.90,0.0000,true,1,15329
7290010859306,false,"אוטריוין למבוגרים 10 מ""ל",נוברטיס,,אוטריוין מבוגרים,Unknown,0.00,Unknown,false,1,29.90,0.0000,true,1,15326
7290010859320,false,"אוטריוין מנטול 10 מ""ל",נוברטיס,,אוטריוין מנטול,Unknown,0.00,Unknown,false,1,34.00,0.0000,true,1,15327
7290010883356,false,כפפות אלוורה רב שימושיות גדולות L סנו סושי,סנו סושי,CN,L-סושי כפפות אלוורה,לא מנהל יחידת מידה,0.00,לא מנהל יחידת מידה,false,1,10.80,0.0000,true,1,20702
7290011015374,false,"סחוט תפוחים צלול פריגת 400 מ""ל",היינץ צפון אמריקה מק,IL,"סחוט תפוח צלול 400 מ""ל",מיליליטרים,400.00,"100 מ""ל",false,1,12.50,0.0313,true,1,28022
7290011017866,false,קוקה קולה קלאסי בפחית,החברה המרכזית לייצור משקאות,IL,"סליק קוקה קולה 330 מ""ל מבצע",מיליליטרים,330.00,"100 מ""ל",false,1,8.50,0.0258,true,1,45258
7290011017873,false,"פחיות קוקה קולה זירו 330 מ""ל",החברה המרכזית לייצור משקאות,IL,"סליק קולה ZERO 330 מ""ל מבצע",מיליליטרים,330.00,"100 מ""ל",false,1,8.50,0.0258,true,1,45259
7290011018184,false,פיוז טי תה קר בטעם אפרסק,מבשלות בירה בינלאומי,IL,FUZE tea אפרסק 0.5 ליטר,מיליליטרים,500.00,"100 מ""ל",false,1,9.90,0.0198,true,1,45015
7290011018214,false,פיוז טי תה קר בטעם מנגו אננס,מבשלות בירה בעמ,IL,פיוזטי מנגו אננס 0.5 ליטר,מיליליטרים,500.00,"100 מ""ל",false,1,9.90,0.0198,true,1,45017
7290011018443,false,"פנטה אורנג פחית סליק 330 מ""ל",החברה המרכזית לייצור משקאות,IL,"סליק פאנטה אורנג' 330 מ""ל מבצע",מיליליטרים,330.00,"100 מ""ל",false,1,8.50,0.0258,true,1,48873
7290011018832,false,"קוקה קולה פרידגפק סליק 330 מ""ל שישייה",החברה המרכזית לייצור משקאות,IL,"ק""ק 6 FRIDGE-PACK מבצע",ליטרים,1.98,ליטר,false,1,33.90,17.1212,true,1,49695
7290011051358,false,"שוופס סודה לימון זכוכית 250 מ""ל",יפאורה תבורי בעמ,IL,"שוופס סודה לימון 250 מ""ל זכוכית",מיליליטרים,250.00,"100 מ""ל",false,1,6.90,0.0276,true,1,25873
7290011081492,false,גלידה בטעם שלושה שוקולדים 1.33ל' קרמיסימו,"גלידת שטראוס בע""\מ, רחוב",IL,קרמיסימו קרמיסימו בטעם שלושה שוקולדים 1.33 ליטר,ליטרים,1.33,ליטר,false,1,33.90,25.4887,true,1,21518
7290011131371,false,"מוזלי שקדים ואגוזים 1 ק""ג גרין",ויטליאה ניקולה דו,MK,מוזלי פלוס אגוזים ושקדים 1 קג,קילוגרמים,1.00,"ק""ג",false,1,29.90,29.9000,true,1,20307
7290011131395,false,"מוזלי בתוספת 30% פירות 1 ק""ג גרין",ויטליאה ניקולה דו,MK,גרין מוזלי קראנצ'י בתוספת 30% פירות 1 קג,קילוגרמים,1.00,"ק""ג",false,1,29.90,29.9000,true,1,20301
7290011132507,false,סן בנדטו- מים מנרליים - מוגז עדין 500 מל,אקווה מינרלה סאן בנדטו ב,IT,סן בנדטו מוגז 500 מל,מיליליטרים,500.00,"100 מ""ל",false,1,5.90,0.0118,true,1,39037
7290011194246,false,קוטג' 5% עם סידן 250 ג' שטראוס,מיוצר עי קונדיטוריית,IL,קוטג' 5% 250 גרם,גרמים,250.00,100 גרם,false,1,6.20,0.0248,true,1,18135
7290011223205,false,ריבת חלב ארגנטינאית 454 גרם,אשבל מזון פונקציונלי,IL,ריבת חלב ארגנטינאית דולקור 454 גרם,גרמים,454.00,100 גרם,false,1,17.90,0.0394,true,1,35921
7290011223243,false,"טואלט דאק ג'ל לאסלה בניחוח לבנדר 55 מ""ל","איטיליאן פוד, אס.פי.",IT,ג'ל נוזלי לאסלה בניחוח לבנדר 55 מל,מיליליטרים,55.00,"100 מ""ל",false,1,11.90,0.2164,true,1,18580
7290011239213,false,עמוס חטיפים מתוקים מ,בני ריאד מחרום,IL,חטיף מתוק מחרום 100 גר,גרמים,100.00,100 גרם,false,1,6.90,0.0690,true,1,26373
7290011249748,false,רולים גלילי ופל במילוי קרם שוקולד 100 ג' עלמה,"גילרו בע""מ",IL,ופל גלילית שוקולד גילרו 100 גרם,גרמים,100.00,100 גרם,false,1,3.50,0.0350,true,1,56756
7290011249755,false,רולים גלילי ופל במילוי קרם אגוזים 100 ג' עלמה,"גילרו בע""מ",IL,ופלים גלילית אגוזים 100 גרם,גרמים,100.00,100 גרם,false,1,3.50,0.0350,true,1,56755
7290011363178,false,לימוסין בטעם לימון,גלקסמן סמית קליים,,לימוסין בטעם לימון,לא מנהל יחידת מידה,7.50,לא מנהל יחידת מידה,false,1,30.20,4.0267,true,1,20397
7290011378233,false,"חטיפי חלווה בארכה 126 גרם מארז 7 יחידות לל""ס","רושדי תעשיות מזון בע""\מ",IL,בארכה בקטנה מגדת.ונל.לא סוכר כלפ12 7*18ג,גרמים,120.00,100 גרם,false,1,13.90,0.1158,true,1,51612
7290011378769,false,חטיף חלווה וניל בארכה 126 גרם מארז 7 יחידות,"רושדי תעשיות מזון בע""\מ",IL,בארכה בקטנה מאגדת וניל כלפ.12 7*18גרם,גרמים,120.00,100 גרם,false,1,13.90,0.1158,true,1,46131
7290011378776,false,חטיף חלווה פיסטוק בארכה 126 גרם מארז 7 יחידות,"רושדי תעשיות מזון בע""\מ",IL,בארכה בקטנה מאגדת פיסטוק כלפ.12 7*18גרם,גרמים,120.00,100 גרם,false,1,13.90,0.1158,true,1,46132
7290011435226,false,דבש מפרחי בר לחיץ 650 ג' יד מרדכי,מכוורת יד מרדכי שטראוס ב,IL,דבש מפרחי בר לחיץ 650 גרם,גרמים,650.00,100 גרם,false,1,34.90,0.0537,true,1,29637
7290011438142,false,"משקה יטבתה אייס קפה בבקבוק אישי 350 מ""ל",שטראוס גרופ,IL,"אייס קפה 350 מ""ל",מיליליטרים,350.00,"100 מ""ל",false,1,7.50,0.0214,true,1,21267
7290011447267,false,מטרנה פרימיום חלבי שלב 1 700 גרם חיסכון,מטרנה תעשיות ש.מ,IL,מטרנה פרימיום חלבי שלב 1 700,גרמים,700.00,100 גרם,false,1,69.90,0.0999,true,1,23894
7290011447281,false,מטרנה פרימיום חלבי שלב 2 700 גרם חיסכון,מטרנה תעשיות ש.מ,IL,מטרנה פרימיום שלב 2 חלבי 700 גרם,גרמים,700.00,100 גרם,false,1,69.90,0.0999,true,1,23895
7290011499051,false,פטה כבשים מסורתית 20% בגביע מחלבות גד,MKN עבור מחלבות גד ב,IL,פטה כבשים גבינה מלוחה במי מלח,גרמים,250.00,100 גרם,false,1,28.90,0.1156,true,1,19928
7290011499105,false,גבינה בולגרית מלוחה 5% 250 ג' גד,ג'נרל מילס סאן אדריא,IL,גבינה בולגרית 5% 250 גרם,גרמים,250.00,100 גרם,false,1,27.90,0.1116,true,1,20681
7290011499129,false,גבינה בולגרית מעודנת קוביות קטנות 5% גד 200 גרם,קוד יצרן DSH,IL,קוביות בולגרית מעודנת,גרמים,200.00,100 גרם,false,1,25.90,0.1295,true,1,20963
7290011499303,false,גבינה בולגרית עזים 5% גד מעודנת 250 גרם,ג'נרל מילס סאן אדריא,IL,גד בולגרית עיזים מעודנת 5% שומן,גרמים,250.00,100 גרם,false,1,32.90,0.1316,true,1,24902
7290011499327,false,גבינה בולגרית מעודנת חלב בקר 250 גר,מיוצר על ידי DSH עבו,IL,גד גבינת בולגרית מעודנת מחלב בקר במי מלח 5% שומן,גרמים,250.00,100 גרם,false,1,27.90,0.1116,true,1,24904
7290011499341,false,גבינת קשקבל ארוז 26 אחוז 250גרם גד,הנסיך- מפעל לייצור ט,IL,גד קאשקבלו 26% שומן 200 גרם,גרמים,200.00,100 גרם,false,1,29.90,0.1495,true,1,25312
7290011499365,false,גבינת חלומי 24% גד 200 גרם,"מחלבות גד בע""\מ",IL,גד גבינת חלומי קשה מחלב בקר 24% שומן 200 גרם,גרמים,200.00,100 גרם,false,1,23.90,0.1195,true,1,25314
7290011499419,false,גבינה במרקם שמנת בטעם טבעי 5% ניו יורק,גבינות מדף,IL,גבינת ניו יורק מרקם שמנת 5% 200 גר,גרמים,200.00,100 גרם,false,1,12.90,0.0645,true,1,28179
7290011499624,false,גבינת שמנת בטעם טבעי גד 30% 200 גרם,גבינות מדף,IL,"גד, גבינת שמנת בטעם טבעי 30% , 200 גרם",גרמים,200.00,100 גרם,false,1,14.90,0.0745,true,1,33249
7290011499846,false,גבינת ריקוטה פרסקה 9% גד 300 גרם,מחלבות גד בעמ,IL,גבינת ריקוטה פרסקה 9% 300 גרם גד,גרמים,300.00,100 גרם,false,1,19.90,0.0663,true,1,37939
7290011499853,false,גבינת שמנת זיתים 30אחוז 200גרם גד,מחלבות גד (שיווק 199,IL,גד ניו יורק גבינת שמנת זיתים 30% 200 גרם,גרמים,200.00,100 גרם,false,1,14.90,0.0745,true,1,38785
7290011505417,true,נובי כוס אימון עם פי,מולינו ניקולי s.p.a,CN,נובי כוס אימון עם פיה רכה,לא מנהל יחידת מידה,0.00,לא מנהל יחידת מידה,false,1,29.90,0.0000,true,1,74346
7290011505493,false,כף מהודרת עבה במיוחד הוסטס 50 יח',הוסטס,,כפות מהודר עבה במיוחד 50 יחידות,לא מנהל יחידת מידה,0.00,לא מנהל יחידת מידה,false,1,8.90,0.0000,true,1,75595
7290011505509,false,מזלגות מהודר עבה במי,הוסטס Hostess,,מזלגות מהודר עבה במיוחד 50 יחידות,לא מנהל יחידת מידה,0.00,לא מנהל יחידת מידה,false,1,13.90,0.0000,true,1,75246
7290011505516,false,סכין מהודר עבה במיוחד 50 יחידות הוסטס,הוסטס Hostess,,סכינים מהודר עבה במיוחד 50 יחידות,לא מנהל יחידת מידה,0.00,לא מנהל יחידת מידה,false,1,13.90,0.0000,true,1,75330
7290011598211,false,"סנו - אנטי קאלק מרסס ניקוי כללי 4 ב-1 700 מ""ל",מיוצר עי קונדיטוריית,IL,אנטי קאלק מרסס כללי רב שימושי 4 ב 1 700 מל,מיליליטרים,700.00,"100 מ""ל",false,1,21.90,0.0313,true,1,22977
7290011598372,false,מטלית מיקרופייבר פרופשיונל לרצפה סנו סושי,סנו מפעלי ברונוס.,IL,סנו סושי מטלית מקצועית לניקוי ריצפה עם חור למגב,Unknown,0.00,Unknown,false,1,19.90,0.0000,true,1,21839
7290011598402,false,מקסימה מרכך כביסה ארומתרפי מאסק סנו 4 ליטר,"סנו מפעלי ברונוס בע""\מ",IL,"מרכך כביסה מקסימה מסק 4 ל """,ליטרים,4.00,ליטר,false,1,21.70,5.4250,true,1,92236
7290011723200,false,טחינה הר ברכה 100% שומשום טהור 500 גר,טחינה הר ברכה בעמ,IL,טחינת הר ברכה 500גרם,גרמים,500.00,100 גרם,false,1,20.90,0.0418,true,1,21534
7290011765316,false,מברשת שיניים לילדים עם שעון 4-8 אורביטול,החברה הדרומית,CN,מברשת שיניים אורביטול+שעון,Unknown,0.00,Unknown,false,1,18.50,0.0000,true,1,24046
7290011765392,false,"בוב ספוג שמפו לשיער לסירוק קל כיף 750 מ""ל",טרופיקל דגיל תעשיות,IL,בוב ספוג שמפו 750 מ''ל,מיליליטרים,750.00,"100 מ""ל",false,1,13.90,0.0185,true,1,22091
7290011776589,false,שרי אשכולות באריזה ל,חקלאי,IL,שרי אשכולות באריזה ליח,יחידה,1.00,יחידה,false,1,10.90,10.9000,true,1,76700
7290011870225,false,סוללות פוג'יקום AAA רביעייה,פוג'יקום,CN,סוללות פוזיקום 4AAA,יחידה,1.00,יחידה,false,1,9.90,9.9000,true,1,68861
7290011870249,false,פוג'יקום סוללות מארז 12 יח' AAA,פוג'יקום,CN,סוללות פוזיקום 12AAA,לא מנהל יחידת מידה,0.00,לא מנהל יחידת מידה,false,1,19.90,0.0000,true,1,68874
7290011870256,false,סוללה אצבע פוגיקום A,פוג'יקום,CN,מארז 4 פוגיקום AA,יחידה,1.00,יחידה,false,1,9.90,9.9000,true,1,68860
7290011870270,false,פוג'יקום סוללות מארז 12 יח' AA,פוג'יקום,CN,סוללות פוזיקום 12AA,לא מנהל יחידת מידה,0.00,לא מנהל יחידת מידה,false,1,19.90,0.0000,true,1,68875
7290011870720,false,סוללה פוגיקום גדול D,פוג'יקום,CN,סוללות פוזיקום D,יחידה,1.00,יחידה,false,1,23.90,23.9000,true,1,34197
7290011870737,false,סוללה פוגיקום בינוני,פוג'יקום,CN,סוללות פוזיקום C,יחידה,1.00,יחידה,false,1,21.90,21.9000,true,1,68870
7290011870744,false,סוללה מרובע פוגיקום,פוג'יקום,CN,סוללות פוזיקום 9V,יחידה,1.00,יחידה,false,1,19.90,19.9000,true,1,34198
7290011964344,false,שום גבישי בקופ' 120 גר' טעם וריח,"תבליני טעם וריח בע""מ",IL,תבליני טעם וריח מיכל שום גבישי 120 גרם,גרמים,120.00,100 גרם,false,1,10.90,0.0908,true,1,24225
7290011964658,false,מלח לימון בקופ' 170 גר' טעם וריח,"תבליני טעם וריח בע""מ",IL,תבליני טעם וריח מלח לימון 100% 170 גרם,גרמים,170.00,100 גרם,false,1,10.90,0.0641,true,1,28249
7290011964689,false,על האש לא מונוסודיום 100 גרם 100 גרם מיכל גדול,"תבליני טעם וריח בע""מ",IL,"תבליני טעם וריח תערובת תיבול על האש, 100 גרם",Unknown,0.00,Unknown,false,1,10.90,0.0000,true,1,33833
7290011964702,false,שווארמה ללא מונסודיום 100 גרם מיכל גדול,"תבליני טעם וריח בע""מ",IL,"תבליני טעם וריח תערובת תיבול לשווארמה, 100 גרם",גרמים,110.00,100 גרם,false,1,10.90,0.0991,true,1,33835
7290011996000,false,טעם אסיה אטריות עגבניות 454 ג',טעמי אסיה Taste of Asia,CN,אטריות עגבניות 454 גרם,גרמים,454.00,100 גרם,false,1,9.90,0.0218,true,1,24818
7290011996017,false,טעם אסיה אטריות תרד 454 ג',טעמי אסיה Taste of Asia,CN,אטריות תרד 454 גרם,גרמים,454.00,100 גרם,false,1,9.90,0.0218,true,1,24409
7290011996277,false,מחצלת עגולה לגלגול סושי,טעמי אסיה Taste of Asia,CN,מחצלת לסושי אסיה,יחידה,1.00,יחידה,false,1,5.90,5.9000,true,1,26326
7290011996703,false,טעם אסיה אצות וקאמה 100גר,טעמי אסיה Taste of Asia,,אצות וואקאמה מיובשות 100 גרם,גרמים,100.00,100 גרם,false,1,12.00,0.1200,true,1,32344
7290011996758,false,מזרח מערב קמח טמפורה כשר 500ג',טעמי אסיה Taste of Asia,CN,קמח טמפורה 500 גרם,גרמים,500.00,100 גרם,false,1,11.80,0.0236,true,1,34072
7290012019258,false,מחית תפוחי עץ רביעיה 4 * 113 ג' תומר,אינדיאן סאמר קו אופ אינק,US,מחית תפוחי עץ רביעייה 452 גרם,גרמים,452.00,100 גרם,false,1,14.90,0.0330,true,1,45264
7290012019265,false,רביעיית מחית תפוח עץ ללא תוספת סוכר תומר 113 גרם,אינדיאן סאמר קו אופ אינק,US,מחית תפוחי עץ דיאט רביעייה 452 גרם,גרמים,452.00,100 גרם,false,1,14.90,0.0330,true,1,45265
7290012030475,false,ל.מ רד לייבל קצר יח,פיליפ מוריס,US,ל.מ רדPP חפיסה,יחידה,1.00,יחידה,false,1,32.20,32.2000,false,1,70516
7290012116612,false,אורביטול מברשת שיניים מארז 4 יח',ג'נרל מילס סאן אדריא,CN,אורביטול מברשת שיניים 1/4,לא מנהל יחידת מידה,0.00,לא מנהל יחידת מידה,false,1,13.90,0.0000,true,1,37891
7290012226021,false,נקניק סלמי מעושן פראג זוגלובק 400 גרם,נקניק נהריה כשר זוגל,IL,זוגלובק סלמי מעושן פראג 400 גרם א.מ.,גרמים,400.00,100 גרם,false,1,23.90,0.0597,true,1,32602
7290012226120,false,"קבנוס 135 גרם ""זוגלובק""",נקניק נהריה כשר זוגל,IL,זוגלובק קבנוס 135 גרם,גרמים,135.00,100 גרם,false,1,12.90,0.0956,true,1,35412
7290012226939,false,קבנוס עם צ'ילי חריף זוגלובק 135 גרם,נקניק נהריה כשר זוגל,IL,זוגלובק קבנוס עם צ'ילי חריף 135 גרם,גרמים,135.00,100 גרם,false,1,12.90,0.0956,true,1,37609
7290012228971,false,סלמי תה פפרוני זוגלובק 180 ג',זוגלובק,IL,סלמי תה פפרוני זוגלובק 180 גרם,גרמים,180.00,100 גרם,false,1,15.90,0.0883,true,1,121718
7290012228988,false,חרמון הודו ועוף בדבש זוגלובק 200 ג',זוגלובק,IL,חרמון הודו ועוף בדבש זוגלובק 200 גרם,גרמים,200.00,100 גרם,false,1,15.90,0.0795,true,1,121719
7290012244056,false,עוגת גבינה ופירורים 900ג,"גידרון תעשיות בע""מ",IL,עוגת מוס פירורים,גרמים,900.00,100 גרם,false,1,69.90,0.0777,true,1,24882
7290012245176,false,וופל צ'יפס קריספי 700 גרם,אגריסטו,BE,CHIPS וופל ציפס קריספי 700גרם,גרמים,700.00,100 גרם,false,1,14.90,0.0213,true,1,122576
7290012245275,false,"גולד ציפס בטטה קריספי 1 ק""ג",אגריסטו,BE,"CHIPS ציפס בטטה קריספי 1 ק""ג",קילוגרמים,1.00,"ק""ג",false,1,26.90,26.9000,true,1,122578
7290012309311,false,ערמונים קלופים ששון הקולה 100 גרם,"דין שיווק וקלייה בע""",CN,ערמונים מקולפים 105 גרם,גרמים,105.00,100 גרם,false,1,7.90,0.0752,true,1,123416
7290012313141,false,מלפפונים פרוסות במלח קבוצת יבנה 330 גרם,אף.סי תבליני בגליל ב,IL,קבוצת יבנה פרוסות מלפפונים במלח 540 גרם,גרמים,540.00,100 גרם,false,1,6.90,0.0128,true,1,40660
7290012313264,false,שימורי כרוב כבוש יבנה 600 גרם,קדבורי,IL,כרוב כבוש 560 גרם יבנה,גרמים,560.00,100 גרם,false,1,9.90,0.0177,true,1,72122
7290012404177,false,"שוופס Fruits תפוח זכוכית 330 מ""ל",יפאורה תבורי בעמ,IL,"שוופס מוגז פירות תפוחים 330 מ""ל זכוכית",מיליליטרים,330.00,"100 מ""ל",false,1,9.90,0.0300,true,1,31167
7290012404184,false,שוופס מוגז פירות לימונים 330 מל,יפאורה תבורי בעמ,IL,"שוופס מוגז פירות לימונים 330 מ""ל זכוכית",מיליליטרים,330.00,"100 מ""ל",false,1,9.90,0.0300,true,1,31112
7290012522581,false,שניצל תירס ללא גלוטן טבעול 664 גרם,עיצובים 2020 (4.8),IL,טבעול שניצל תירס ללא גלוטן 6*664גרם,גרמים,660.00,100 גרם,false,1,33.90,0.0514,true,1,42273
7290012525452,false,טילון אקסטרים נוק אאוט שוקו וניל 70ג',גלידות נסטלה )נגה גלידות,IL,אקסטרים טילון שוקו וניל בדצ 24*70גרם-חדש,גרמים,70.00,100 גרם,false,1,10.50,0.1500,true,1,29144
7290012588570,false,ווטר בוקס - מי מעיין טבעיים 1.ליטר,בוריסטליג' בוטלינג קומפנ,IE,"ווטר בוקס 500 מ""ל",מיליליטרים,500.00,"100 מ""ל",false,1,6.90,0.0138,true,1,124352
7290012588907,false,"איילנד גויאבה 350 מ""ל",טמפו,IL,"איילנד גויאבה 300 מ""ל",מיליליטרים,300.00,"100 מ""ל",false,1,8.90,0.0297,true,1,124445
7290012588914,false,"איילנד מנגו 350 מ""ל",טמפו,IL,"איילנד מנגו 300 מ""ל",מיליליטרים,300.00,"100 מ""ל",false,1,8.90,0.0297,true,1,124446
7290012645112,false,יוגורט עיזים 2.8% בדלי חלב הארץ 750 גרם,מחלבות סוסיא,IL,"יוגורט עיזים 750 מ""ל חלב הארץ",מיליליטרים,750.00,"100 מ""ל",false,1,21.90,0.0292,true,1,70945
7290012759017,false,חטיף אישי קשיו שקד פיסטוק 50 גר' - ממה,ממה חטיפי אנרגיה,IL,חטיף אנרגיה מיקס ממה 50 גרם,גרמים,50.00,100 גרם,false,1,8.90,0.1780,true,1,29071
7290012759031,false,ח.אנרגיה אישי בטעם בננה,ממה חטיפי אנרגיה,IL,חטיף אנרגיה בננה ופקאן ממה אישי 50 גרם,גרמים,50.00,100 גרם,false,1,8.90,0.1780,true,1,29400
7290012759215,false,חטיף קינואה טחינה ואגוז,ממה חטיפי אנרגיה,IL,חטיף אנרגיה קינואה טחינה אגוזים ממה 25 ג,גרמים,25.00,100 גרם,false,1,8.90,0.3560,true,1,51391
7290012759710,false,תמר אגוזי מלך וקוקוס ממה,ממה חטיפי אנרגיה,IL,חטיף בראוניז קוקוס ואגוז מלך 50 גרם,גרמים,50.00,100 גרם,false,1,8.90,0.1780,true,1,79094
7290012759727,false,חטיף בראוניז תמר שוקולד פקאן ופולי קקאו 40 גר' - ממה,ממה חטיפי אנרגיה,IL,חטיף בראוניז פקאן ופולי קקאו 50 גרם,גרמים,50.00,100 גרם,false,1,8.90,0.1780,true,1,79093
7290012779152,false,חסה פאקצ'וי מרינה מה,מרינה פטריות הגליל,IL,עלי חסה פאק צוי 200 גרם,גרמים,200.00,100 גרם,false,1,12.90,0.0645,true,1,70354
7290012803055,false,סוכרלוז מרמולייט- 100שקיות אישיות,"קיפל טבליות וממתיקים בע""מ",IL,מרמוליט סוכרלוז ממתיק 100 שקיות,גרמים,100.00,100 גרם,false,1,26.90,0.2690,true,1,29050
7290012803215,false,וופל בלגי בטעם שוקולד ללא תוספת סוכר,בטר אנד דיפרנט,IL,ופל בלגי בטעם שוקולד 200 גרם,גרמים,200.00,100 גרם,false,1,10.80,0.0540,true,1,43750
7290012803772,false,טוסו שוקולד חלב ללא תוספת סוכר 100 גרם,אלטינמארקה גידה סאן,TR,טוסו שוקולד חלב ללא תוספת סוכר 100 גרם,גרמים,100.00,100 גרם,false,1,12.70,0.1270,true,1,43897
7290012823381,false,מקסימה מרכך כביסה מרוכז סנסטיב בייבי סנו 1 ליטר,"סנו מפעלי ברונוס בע""\מ",IL,מקסימה מרכך כביסה סופר מרוכז סנסטיב 1 ליטר,ליטרים,1.00,ליטר,false,1,21.90,21.9000,true,1,33399
7290012823398,false,מטליות חד פעמיות לניקוי הרצפה בניחוח מרכך כביסה 10יח' סנו,סנו מפעלי ברונו בעמ,IL,"סנו רצפז, מטליות לחות לניקוי הרצפה,970 גרם",יחידה,1.00,יחידה,false,1,16.90,16.9000,true,1,69600
7290012823602,false,נייר טואלט סופט סילק לבן - מארז 32 גלילים,טרופיקל דגיל תעשיות,IL,נייר טואלט סופט 32 גלילים,מטרים,58800.00,מטר,false,1,35.90,0.0006,true,1,37140
7290012911262,false,"מירין משובח 500 מ""ל",פוקולוקו,CN,"מירין משובח 500 מ""ל",מיליליטרים,500.00,"100 מ""ל",false,1,22.30,0.0446,true,1,40625
7290012911439,false,"קארי ממרח צהוב 400 גרם ""אסיה""",טעמי אסיה Taste of Asia,TH,ממרח קארי צהוב 400 גרם,גרמים,400.00,100 גרם,false,1,18.00,0.0450,true,1,41256
7290012911583,false,רצועות דלעת כבושה-קנפיו,טעמי אסיה Taste of Asia,CN,רצועות דלעת כבושה קנפיו 100 גרם,גרמים,100.00,100 גרם,false,1,12.00,0.1200,true,1,98276
7290012911675,false,"פיטריות שטאקה 85 גרם ""אסיה""",טעמי אסיה Taste of Asia,IL,פטריות שיטאקה אסיה 85 גרם,גרמים,85.00,100 גרם,false,1,17.90,0.2106,true,1,46633
7290012921025,false,"בקבוק בירה מלכה בהירה 330 מ""ל","בירה מלכה בע""מ",IL,בירה מלכה בהירה 6.5% כוהל 330 מל,מיליליטרים,330.00,"100 מ""ל",false,1,17.90,0.0542,true,1,41651
7290012962608,false,"צלחות פלסטיק עבות כ-22 ס""מ במבחר צבעים",הוסטס Hostess,,"צלחות פלסטיק עבות במיוחד 25 יחידות 22 ס""",לא מנהל יחידת מידה,0.00,לא מנהל יחידת מידה,false,1,16.90,0.0000,true,1,79099
7290012962974,false,כפית מהודרת עבה במיו,F.T.I,,כפית מהודרת עבה במיוחד 50 יחידות,לא מנהל יחידת מידה,0.00,לא מנהל יחידת מידה,false,1,10.90,0.0000,true,1,75594
7290013038432,false,מים אקווה נובה בקבוק יחיד,אקווה נובה Aqua Nova,IL,אקווה נובה מים מזוככים,ליטרים,2.00,ליטר,false,1,5.50,2.7500,true,1,31902
7290013068361,false,שמן זית אליעד כתית מ,אליעד בית בד בגולן,IL,שמן זית אליעד כתית מעולה 750 מל,מיליליטרים,750.00,"100 מ""ל",false,1,38.90,0.0519,true,1,79707
7290013068699,false,שמן זית כתית מעולה ע,בית הבד,IL,"שמן זית כתית מעולה עשיר אליעד 750מ""ל",מיליליטרים,750.00,"100 מ""ל",false,1,38.90,0.0519,true,1,81901
7290013068705,false,שמן זית ישראלי כתית750מ,אליעד בית בד בגולן,IL,שמן זית כתית מעולה קטיפתי אליעד750 מל,מיליליטרים,750.00,"100 מ""ל",false,1,38.90,0.0519,true,1,81900
7290013092236,false,רני מנטה להקלה בצרבת,פייזר,,רני מנטה,Unknown,0.00,Unknown,false,1,29.90,0.0000,true,1,72468
7290013092571,false,בפנטן פלוס קרם משחה לפצעים וכוויות 30 גר,GP,,בפנטן פלוס משחה,Unknown,0.00,Unknown,false,1,34.90,0.0000,true,1,66265
7290013117212,false,בורקס פילו במילוי גבינה מעדנות 600 גר,מיוצר עי קונדיטוריית,IL,בורקס פילו במילוי גבינה 600 גרם,גרמים,600.00,100 גרם,false,1,23.90,0.0398,true,1,31904
7290013117229,false,"בורקס פילו במילוי תפו""א מעדנות 600 גר",מיוצר עי קונדיטוריית,IL,"בורקס פילו במילוי תפו""א 600 גרם",גרמים,600.00,100 גרם,false,1,23.90,0.0398,true,1,31905
7290013117236,false,בורקס פילו פיצה מעדנות 600 גרם,מיוצר עי קונדיטוריית,IL,בורקס פילו פיצה 600 גרם,גרמים,600.00,100 גרם,false,1,23.90,0.0398,true,1,31906
7290013117243,false,בורקס פילו בולגרית מעדנות 600 גרם,מיוצר עי קונדיטוריית,IL,בורקס פילו בולגרית 600 גרם,גרמים,600.00,100 גרם,false,1,23.90,0.0398,true,1,31907
7290013117526,false,בצק שמרים מרודד למאפים מתוקים מעדנות 900 גרם,"מעדנות בע""\מ",IL,בצק שמרים למאפים מתוקים 900 גר,גרמים,900.00,100 גרם,false,1,26.90,0.0299,true,1,38728
7290013144409,false,תמצית בטעם רום מימונס 50 גרם,א.ל ייצור ושיווק תבלינים,IL,מימונס תמצית אפיה בטעם רום 50 מל,גרמים,50.00,100 גרם,false,1,4.90,0.0980,true,1,33480
7290013145017,true,אגוז מלך קלוף מימונס,מיוצר עי קונדיטוריית,IL,מימונס אגוז מלך קלוף 100 גרם,גרמים,100.00,100 גרם,false,1,13.90,0.1390,true,1,74280
7290013145024,true,אגוז מלך טחון מימונס,מיוצר עי קונדיטוריית,IL,מימונס אגוז מלך טחון 100 גרם,גרמים,100.00,100 גרם,false,1,15.90,0.1590,true,1,35024
7290013145048,true,צנוברים,מיוצר עי קונדיטוריית,IL,"מיימונס, צנוברים, 100 גרם",Unknown,0.00,Unknown,false,1,27.90,0.0000,true,1,85989
7290013145055,true,פרג שלם,א.ל ייצור ושיווק תבל,IL,פרג שלם,גרמים,100.00,100 גרם,false,1,6.20,0.0620,true,1,74282
7290013145109,true,שקד מולבן טחון 100גר,מיוצר עי קונדיטוריית,IL,"מיימונס, שקד מולבן טחון, 100 גרם",Unknown,0.00,Unknown,false,1,14.90,0.0000,true,1,36992
7290013145192,true,שומשום,מיוצר עי קונדיטוריית,IL,"מימונס, שומשום, 100% טהור, 100 גרם",גרמים,100.00,100 גרם,false,1,5.20,0.0520,true,1,74289
7290013145710,false,מיימונס דובדבנים מסוכרים 100 גרם,א.ל ייצור ושיווק תבלינים,IL,דובדבנים מסוכרים לקישוט ואפייה,גרמים,100.00,100 גרם,false,1,9.90,0.0990,true,1,33494
7290013145857,false,אבקת אפיה מיימונס 10 יחידות,מימונס אפייה,IL,אבקת אפיה 100 1/10 גר,גרמים,100.00,100 גרם,false,1,2.50,0.0250,true,1,38827
7290013145864,false,אבקת ג'לטין טהור מיימונס 28 גרם,א.ל ייצור ושיווק תבלינים,IL,"ג""לטין טהור אבקה בד""צ 28 גרם",גרמים,28.00,100 גרם,false,1,11.90,0.4250,true,1,33501
7290013145918,false,אבקת סוכר מיימונס 100 גרם,א.ל ייצור ושיווק תבלינים,IL,מימונס אבקת סוכר ללא גלוטן 100 גרם,לא מנהל יחידת מידה,0.00,לא מנהל יחידת מידה,false,1,2.00,0.0000,true,1,114808
7290013145970,false,קורנפלור מימונס בשקית 200 ג',א.ל ייצור ושיווק תבלינים,IL,"מיימונס, קורנפלור בשקית 200 גרם",גרמים,200.00,100 גרם,false,1,3.90,0.0195,true,1,74272
7290013153432,false,"פריגת סחוט לימונענע 400 מ""ל",היינץ צפון אמריקה מק,IL,"סחוט לימונענע 400 מ""ל",מיליליטרים,400.00,"100 מ""ל",false,1,12.50,0.0313,true,1,65527
7290013153616,false,סחוט ENERGIZE רימון,גת,IL,סחוט ENERGIZE רימון וסלק 400,מיליליטרים,400.00,"100 מ""ל",false,1,12.50,0.0313,true,1,78875
7290013269003,false,מרכך כביסה סופר מרוכז בייבי לתינוקות ולעור רגיש,"סנו מפעלי ברונוס בע""\מ",IL,מקסימה מרכך כביסה סופר מרוכז בייבי 1 ליטר,ליטרים,1.00,ליטר,false,1,17.70,17.7000,true,1,37497
7290013269287,false,סנו - מקסימה ג'ל כביסה מרוכז מאסק 3 ליטר,"סנו מפעלי ברונוס בע""\מ",IL,מקסימה ג'ל כביסה מרוכז מאסק 3 ליטר,ליטרים,3.00,ליטר,false,1,35.90,11.9667,true,1,42501
7290013269669,false,ריצפז בניחוח פנטזיה לניקוי הרצפה,"סנו מפעלי ברונוס בע""",IL,ריצפז בניחוח פנטזיה לניקוי הריצפה 3 ליטר,ליטרים,3.00,ליטר,false,1,15.90,5.3000,true,1,46614
7290013269751,false,מטליות לחותריצפז פרש לניקוי ריצפה בניחות מלון בוטיק 10 יח' סנו,טרופיקל דגיל תעשיות,IL,"סנו רצפז, מטליות לחות לניקוי הרצפה.",לא מנהל יחידת מידה,7.50,לא מנהל יחידת מידה,false,1,16.90,2.2533,true,1,75900
7290013310101,false,"שיפודי במבוק ג'מבו 50 יח' עובי 5 מ""מ אורך 30 ס""מ",הדקלאים אגודת שיתופי,CN,שיפודי במבוק ג'מבו 50 יחידות,Unknown,0.00,Unknown,false,1,5.90,0.0000,true,1,48917
7290013310187,false,כוסות נייר 50 יח לשת,,,כוסות נייר 50 יח לשתיה חמה קרה,יחידה,1.00,יחידה,false,1,10.90,10.9000,true,1,78944
7290013310507,false,מברשת עם פטנט לבקבוק ופיטמה טוליפס פרמיום,N.L.PRODUCT,CN,מברשת עם פטנט לבקבוק ופיטמה,לא מנהל יחידת מידה,0.00,לא מנהל יחידת מידה,false,1,9.90,0.0000,true,1,74324
7290013310576,false,"כוסות נייר 240-8BOZמ""ל שתיה חם/קר הוסטס 50 יח'",ACSP,CN,כוסות נייר 8 לשתייה חמה 50יח 240מל,יחידה,1.00,יחידה,false,1,11.90,11.9000,true,1,120435
7290013358356,false,מאסטר שף - פירורי לחם מוזהבים 320 גרם,מנה י.א בעמ,IL,פירורי לחם מוזהבים 350 גרם מאסטר שף,גרמים,300.00,100 גרם,false,1,8.50,0.0283,true,1,41666
7290013358363,false,מאסטר שף פרורי לחם פנקו עבים בסגנון יפני 300 גר,קריניציה ויטמינה אס,IL,פירורי לחם יפנים פנקו 300 גרם,גרמים,300.00,100 גרם,false,1,10.10,0.0337,true,1,41667
7290013358370,false,פנקו פירורי לחם מאסטר שף בטעם שום 300 גרם,"מיוצר ע""י מנה י.א בע",IL,פירורי לחם יפנים טעם שום 300 גרם,גרמים,300.00,100 גרם,false,1,10.10,0.0337,true,1,41668
7290013358486,false,מאסטר שף פירורים מוזהבים ללא צורך בביצה 300 ג,"מיוצר ע""י מנה י.א בע",IL,פירורי לחם ללא צורך בביצה 300 גרם,גרמים,300.00,100 גרם,false,1,8.90,0.0297,true,1,56657
7290013358585,false,מנה אסייאתי נודלס ביצים להקפצה 400 מ.שף,הנסיך- מפעל לייצור ט,CN,מאסטר שף נודלס אטריות ביצים 400 גרם,גרמים,400.00,100 גרם,false,1,9.80,0.0245,true,1,62700
7290013585233,false,"ספרייט ZERO פחית סליק 330 מ""ל",החברה המרכזית לייצור משקאות,IL,"גזוז בטעם לימון ליים דל קלוריות 330 מ""ל",מיליליטרים,330.00,"100 מ""ל",false,1,8.50,0.0258,true,1,62291
7290013585257,false,ספרייט זירו בבקבוק אישי,החברה המרכזית לייצור משקאות,IL,"ZERO ספרייט 500 מ""ל",מיליליטרים,500.00,"100 מ""ל",false,1,9.50,0.0190,true,1,62289
7290013585387,false,קוקה קולה זירו בקבוק,החברה המרכזית לייצור משקאות,IL,ZERO תריסר 1 ליטר,ליטרים,1.00,ליטר,false,1,12.50,12.5000,true,1,61808
7290013585394,false,קוקה קולה 1ליטר בודד,החברה המרכזית לייצור משקאות,IL,קוקה קולה 1 ליטר תריסר,ליטרים,1.00,ליטר,false,1,12.50,12.5000,true,1,61807
7290013608260,false,מיץ רימונים 100%מיץ סחוט טרי מצונן 1ליט,"גניר (1992) בע""מ",IL,7290068700001,ליטרים,1.00,ליטר,false,1,28.50,28.5000,true,1,57057
7290013683595,false,עוגת פס שביל החלב 600 גר,"גידרון תעשיות בע""מ",IL,עוגת פס שביל חלב,יחידה,1.00,יחידה,false,1,44.90,44.9000,true,1,42641
7290013702418,false,"שוופס מוגז עדין אפרסק זכוכית 330 מ""ל",יפאורה תבורי בעמ,IL,"שוופס מוגז עדין אפרסק 330 מ""ל זכוכית",מיליליטרים,330.00,"100 מ""ל",false,1,9.90,0.0300,true,1,67589
7290013702425,false,"שוופס מוגז עדין פירות יער זכוכית 330 מ""ל",יפאורה תבורי בעמ,IL,"שוופס מוגז עדין פירות יער 330 מ""ל זכוכית",מיליליטרים,330.00,"100 מ""ל",false,1,9.90,0.0300,true,1,67590
7290013726001,false,כריך טונה 230 גרם,לורד סנדויץ,,כריך טונה 230 גרם,גרמים,230.00,100 גרם,false,1,18.20,0.0791,true,1,67034
7290013726025,false,כריך גבינה צהובה 210,לורד סנדויץ,,כריך גבינה צהובה 210 גרם,גרמים,210.00,100 גרם,false,1,18.90,0.0900,true,1,67033
7290013726100,false,כריך טוניסאי 250 גרם,לורד סנדויץ,,כריך טוניסאי 250 גרם,גרמים,250.00,100 גרם,false,1,19.90,0.0796,true,1,67035
7290013726124,false,כריך שניצל 280 גרם,לורד סנדויץ,,כריך שניצל 280 גרם,גרמים,280.00,100 גרם,false,1,19.90,0.0711,true,1,67037
7290013787071,false,מרק עגבניות וריזוטו,תנובה,IL,מרק עגבניות וריזוטו 350 גר פסטה ריקו,גרמים,350.00,100 גרם,false,1,15.90,0.0454,true,1,122119
7290013906441,false,קבנוס טירת צבי 120 גרם,הנסיך- מפעל לייצור ט,IL,קבנוס נקניק מעושן יבש 120 גרם,גרמים,120.00,100 גרם,false,1,13.90,0.1158,true,1,51890
7290013906458,false,קבנוס בטעם פיקנטי טירת צבי 120 גרם,הנסיך- מפעל לייצור ט,IL,טירת צבי קבנוס פיקנטי נקניק מעושן יבש 120 גרם,גרמים,120.00,100 גרם,false,1,13.90,0.1158,true,1,51891
7290013906489,false,חטיפי מיני קבנוס טירת צבי 120 גרם,הנסיך- מפעל לייצור ט,IL,טירת צבי חטיפי מיני קבנוס 120 גרם,גרמים,120.00,100 גרם,false,1,13.90,0.1158,true,1,51893
7290013906519,false,פרושוטו בקר טירת צבי 100 גרם,הנסיך- מפעל לייצור ט,IL,פרושוטו בקר 100 גרם,גרמים,100.00,100 גרם,false,1,29.90,0.2990,true,1,58872
7290013971203,false,מכונת תספורת BLIZZARD-HC-100,פוג'יקום,,מכונת תספורת BLIZZARD,יחידה,1.00,יחידה,false,1,139.90,139.9000,true,1,53367
7290013971555,false,סוללות פוג'יקום 4AAA+8AA,פוג'יקום,CN,מארז פוגיקום 8+4,לא מנהל יחידת מידה,0.00,לא מנהל יחידת מידה,false,1,19.90,0.0000,true,1,53305
7290014046016,false,פסטרמה של פעם דל שומן 2% רכיבים טבעיים,מעדני יחיעם,IL,"פסטרמה של פעם 100% ר""ט 250 גרם יחיעם",גרמים,250.00,100 גרם,false,1,25.90,0.1036,true,1,61064
7290014046030,false,"מוס כבד עוף 140 גרם ""יחיעם""",מעדני יחיעם 1993,IL,מוס כבד עוף 140 גרם יחיעם,גרמים,140.00,100 גרם,false,1,15.90,0.1136,true,1,64986
7290014046757,false,סלמי תה מעדני יחיעם,מעדני יחיעם,IL,סלמי תה מעדני יחיעם 300גרם,גרמים,300.00,100 גרם,false,1,22.90,0.0763,true,1,70609
7290014066533,false,לנדוור-קפסולות אספרסו קלייה כפולה(12) - 10יח'12X יח,קפה לנדוור,IL,לנדוור-קפסולות אספרסו קלייה כפול 10 יח,יחידה,10.00,יחידה,false,1,19.90,1.9900,true,1,80093
7290014094864,false,פיסטוק קלוי 170 גר עם קליפה ששון הקולה,"דין שיווק וקלייה בע""",IL,פיסטוק קלוי 170גרם,גרמים,170.00,100 גרם,false,1,22.90,0.1347,true,1,121185
7290014094895,true,אגוזים קלופים 150 גר,דין שיווק,IL,אגוזים קלופים 150 גרם,גרמים,150.00,100 גרם,false,1,15.90,0.1060,true,1,121215
7290014217003,false,פפריקה מעושנת בקופ' 90 גר' טעם וריח,"תבליני טעם וריח בע""מ",IL,"תבליני טעם וריח, פפריקה בטעם מעושן, 90 גרם",גרמים,90.00,100 גרם,false,1,10.90,0.1211,true,1,44427
7290014217010,false,דגים T130 -BUL בקופ' 90 גר' טעם וריח,"תבליני טעם וריח בע""מ",IL,"תבליני טעם וריח T-BUL תערובת תיבול לדגים, 90 גרם",גרמים,90.00,100 גרם,false,1,15.90,0.1767,true,1,45682
7290014217027,false,עוף T130 -BUL בקופ' 120 גר' טעם וריח,"תבליני טעם וריח בע""מ",IL,"תבליני טעם וריח T-BUL תערובת תיבול לעוף, 120 גרם",גרמים,120.00,100 גרם,false,1,15.90,0.1325,true,1,45683
7290014217065,false,אורגנו עלים בקופ' 30 גר' טעם וריח,"תבליני טעם וריח בע""מ",IL,תבליני טעם וריח אורגנו 100% 30 גרם,Unknown,0.00,Unknown,false,1,10.90,0.0000,true,1,44488
7290014217119,false,תערובת לצ'יפס בקופ' 100 גר' טעם וריח,"תבליני טעם וריח בע""מ",IL,"תבליני טעם וריח תערובת תיבול לצ'יפס, 100 גרם",Unknown,0.00,Unknown,false,1,10.90,0.0000,true,1,60064
7290014217140,false,"מיכל ראס אל חנות 100 גר' ""טעם וריח""","תבליני טעם וריח בע""מ",IL,תבליני טעם וריח ראס אל חנות 100 גרם,גרמים,100.00,100 גרם,false,1,10.90,0.1090,true,1,60067
7290014217201,false,"תערובת תיבול סומק 45 גרם ""טעם וריח""","תבליני טעם וריח בע""מ",IL,תבליני טעם וריח מיכל קטן סומק 45 גרם,גרמים,45.00,100 גרם,false,1,7.50,0.1667,true,1,75331
7290014217225,false,גריל עוף בקופ' 120 גר' טעם וריח,"תבליני טעם וריח בע""מ",IL,"תבליני טעם וריח, תערובת תיבול גריל עוף, 120 גרם",גרמים,120.00,100 גרם,false,1,10.90,0.0908,true,1,56360
7290014217355,false,קרי אבקה בקופ' 100 גר' טעם וריח,"תבליני טעם וריח בע""מ",IL,"תבליני טעם וריח, אבקת קארי, 100 גרם",Unknown,0.00,Unknown,false,1,10.90,0.0000,true,1,56662
7290014217492,false,תיבול פילדלפיה בקופ' 100 גר' טעם וריח,"תבליני טעם וריח בע""מ",IL,תבליני טעם וריח תערובת תיבול פילדלפיה 100 גרם,גרמים,100.00,100 גרם,false,1,10.90,0.1090,true,1,77590
7290014217522,false,תערובת ללחם שום טעם וריח 100 ג',"תבליני טעם וריח בע""מ",IL,לחם שום תערובת מיכל 100 גרם,גרמים,100.00,100 גרם,false,1,12.90,0.1290,true,1,74369
7290014218932,false,חטיפי פיצה בתוספ זיתים בשקית מעדנות 710 גרם,מיוצר עי קונדיטוריית,IL,חטיפי פיצה בתוספת זיתים בשקית 710 גרם,גרמים,710.00,100 גרם,false,1,34.90,0.0492,true,1,77778
7290014256637,false,"יין מבעבע מוסקטו באזז יקבי כרמל 750 מ""ל",יקבי כרמל Carmel Winery,IL,"יין BUZZ מוסקטו 750 מ""ל",מיליליטרים,750.00,"100 מ""ל",false,1,35.90,0.0479,true,1,59558
7290014369252,false,שלגון מנגו טרוםי בציפוי קוקוס,פיקסל,IL,שלגון MOJO מנגו בצ.קוקוס67 גרם,גרמים,67.00,100 גרם,false,1,11.90,0.1776,true,1,85529
7290014369320,false,שלגון סורבה קוקוס 66 גרם,איתלק,IL,שלגון MOJO סורבה קוקוס טבעי 70 גרם,גרמים,70.00,100 גרם,false,1,11.90,0.1700,true,1,77849
7290014369351,false,מנגו אננס ופסיפלורה טבעיים,איתלק,IL,מנגו אננס ופסיפלורה טבעיים 70 גרם,גרמים,70.00,100 גרם,false,1,11.90,0.1700,true,1,77852
7290014369382,false,פיסטוק טבעי מובחר בציפוי שוקולד מריר,איתלק,IL,שלגון MOJO פיסטוק מובחר טבעי 70 גרם,גרמים,70.00,100 גרם,false,1,11.90,0.1700,true,1,77854
7290014369412,false,שוקולד בלגי בציפוי שוקולד מריר,איתלק,IL,שלגון MOJO שוקולד בלגי 70 גרם,גרמים,70.00,100 גרם,false,1,11.90,0.1700,true,1,77857
7290014369450,false,"קוקוס ואננסטבעיים ""מוג'ו""",איתלק,IL,קוקוס ואננס טבעיים,יחידה,1.00,יחידה,false,1,11.90,11.9000,true,1,80206
7290014369528,false,שלגון אגוז לוז טבעי מובחר בציפוי שוקולד מריר,איתלק,IL,שלגון MOJO אגוז לוז בציפוי 70 גרם,גרמים,70.00,100 גרם,false,1,11.90,0.1700,true,1,81565
7290014369795,false,שלגון אננס עם חתיכות תות,גלידת אילו,IL,שלגון אננס עם חתיכות תות 71גרם,גרמים,71.00,100 גרם,false,1,11.90,0.1676,true,1,122781
7290014369801,false,שלגון קרם קוקוס אוכמניות,גלידת אילו,IL,שלגון קרם קוקוס עם חתיכות אוכמניות 71 גרם,גרמים,71.00,100 גרם,false,1,11.90,0.1676,true,1,122782
7290014369818,false,שלגון מסקרפונה עם חתיכות,גלידת אילו,IL,שלגון מסקרפונה עם חתיכות אפרסק 71גרם,גרמים,71.00,100 גרם,false,1,11.90,0.1676,true,1,122779
7290014369825,false,שלגון תות עם ליצי יח,גלידת אילו,IL,שלגון תות עם חתיכות ליצי 71גרם,גרמים,71.00,100 גרם,false,1,11.90,0.1676,true,1,122783
7290014455245,false,גבינה גרנה פדנו משולש גד 200 גר',מחלבת סוציאלה מנטובה,IT,גד גרנה פדנו גבינה קשה 29% שומן,גרמים,200.00,100 גרם,false,1,27.90,0.1395,true,1,108228
7290014455320,false,גבינה כדורי מוצרלה פרסקה גד 100ג',מחלבות גד בעמ,IL,גד מוצרלה פרסקה מחלב בקר 18% שומן,גרמים,100.00,100 גרם,false,1,10.90,0.1090,true,1,61811
7290014455467,false,ירח מתוק מעדן חלב 2% ושיבולת שועל גד 150ג',גבינות מדף,IL,גד מעדן שיבולת שועל וחלב 2% שומן,גרמים,150.00,100 גרם,false,1,6.50,0.0433,true,1,108494
7290014466128,false,"יין הר חרמון אינדיגו 750 מ""ל",מיוצר וממולא על ידי יקב,IL,"יין הר חרמון אינדיגו 750 מ""ל",מיליליטרים,750.00,"100 מ""ל",false,1,45.90,0.0612,true,1,46948
7290014466463,false,"יין הר חרמון מוסקטו 750 מ""ל",יקבי רמת הגולן קצרין,IL,"הר חרמון מוסקטו 2020 750 מ""ל",מיליליטרים,750.00,"100 מ""ל",false,1,45.90,0.0612,true,1,51688
7290014466609,false,יין מרלו גמלא 2020 750 מל,יקבי רמת הגולן קצרין,IL,"גמלא השמורה מרלו 2016 יין אדום יבש, 750 מל",מיליליטרים,750.00,"100 מ""ל",false,1,79.90,0.1065,true,1,65472
7290014472136,false,גרעיני חמנייה ששון הקולה 150 גרם,"דין שיווק וקלייה בע""",IL,גרעין שחור קלוי 150גרם,גרמים,150.00,100 גרם,false,1,7.90,0.0527,true,1,121290
7290014503137,false,"יין כנען אדום דלתון 750 מ""ל","יקב דלתון בע""\מ",IL,"יין דלתון כנען אדום 750 מ""ל",מיליליטרים,750.00,"100 מ""ל",false,1,49.90,0.0665,true,1,67178
7290014581036,false,"פחם למנגל הלהבה כ2- ק""ג",,EG,"פחם להבה 2 ק""ג",קילוגרמים,2.00,"ק""ג",false,1,16.90,8.4500,true,1,62979
7290014581319,false,מנגל קטן+ רשת,,,מנגל פח + רשת,יחידה,1.00,יחידה,false,1,29.90,29.9000,true,1,81951
7290014603028,false,סולרו תות שדה יחידות 76 ג',"מיוצר ע""י גלידת שטרא",IL,שלגון סולרו וניל ציפוי תות,גרמים,76.00,100 גרם,false,1,12.90,0.1697,true,1,47960
7290014648906,false,מסיר לק מהציפורניים,אקטיב,IL,"אציטון לה בל 100 מ""ל",מיליליטרים,100.00,"100 מ""ל",false,1,5.90,0.0590,true,1,81907
7290014692336,false,שיני שום במלח ויליפוד 340ג',לינאי קטימה פודסטאפ,CN,ויליפוד שיני שום במי מלח 340 גרם,גרמים,340.00,100 גרם,false,1,14.90,0.0438,true,1,49208
7290014692350,true,וילי פוד עגבניות מיו,,CN,וילי פוד עגבניות מיו,גרמים,340.00,100 גרם,false,1,12.90,0.0379,true,1,49209
7290014738652,false,"ערק ערנבים 700 מ""ל",אליס בראנפמן,IL,"ערק ערנבים 700 מ""ל",מיליליטרים,700.00,"100 מ""ל",false,1,79.90,0.1141,true,1,123270
7290014749245,false,ספיישל רצועות שניצל שומשום עוף טוב 600 גרם,מוצרי עוף טוב (2001) בע\,IL,עוף טוב ספיישל רצועות שניצל שמשם.12*600ג,גרמים,600.00,100 גרם,false,1,39.90,0.0665,true,1,117687
7290014758148,false,פרוסות גבינה 22% שומן 400 ג' גלבוע,תנובה,IL,"גלבוע פרוסות גבינה חצי קשה, 22% שומן",גרמים,400.00,100 גרם,false,1,24.90,0.0622,true,1,47628
7290014759084,false,גבינת שמנת נפוליאון 16% מופחת שומן תנובה 225 גרם,תנובה מרכז שיתופי לש,IL,גבינת שמנת נפוליאון בסגנון צרפתי 225 גרם,גרמים,225.00,100 גרם,false,1,15.90,0.0707,true,1,52299
7290014759909,false,פטה עיזים 5% פיראוס גביע 250 גרם,"תנובה, מחלבת טנא נוג",IL,פטה עיזים 5% גבינה מלוחה מחלב עיזים במי מלח,גרמים,250.00,100 גרם,false,1,30.90,0.1236,true,1,54899
7290014759985,false,גבינת פרמזן גבע 23% תנובה 200 גרם,תנובה חלב,IL,פרמזן פלח 200 גרם קולקשיין,גרמים,200.00,100 גרם,false,1,27.90,0.1395,true,1,53540
7290014760141,true,משקה שקדים טרי 1 ליט,תות תעשיות מזון (201,IL,משקה שקדים טרי 1 ליטר,ליטרים,1.00,ליטר,false,1,13.90,13.9000,true,1,62798
7290014760448,false,גבינה צהובה גלבוע פרוסה 22%,מיוצר בסין.יבוא ושיו,IL,"גלבוע פרוסות גבינה חצי קשה, 22% שומן 400 גרם",גרמים,400.00,100 גרם,false,1,26.90,0.0672,true,1,56061
7290014761056,false,מעדן שוקולד חלב יולו תנובה 123 גרם,מיוצר עי קונדיטוריית,IL,YOLO מעדן שוקולד חלב מעולה 123 גרם,גרמים,123.00,100 גרם,false,1,5.20,0.0423,true,1,59707
7290014761063,false,מעדן שוקולד מריר יולו תנובה 123 גרם,מיוצר עי קונדיטוריית,IL,YOLO מעדן שוקולד מריר מעולה 123 גרם,גרמים,123.00,100 גרם,false,1,5.20,0.0423,true,1,59708
7290014761070,false,מעדן שוקולד לבן יולו תנובה 123 גרם,מיוצר עי קונדיטוריית,IL,YOLO מעדן שוקולד לבן מעולה 123 גרם,גרמים,123.00,100 גרם,false,1,5.20,0.0423,true,1,59709
7290014761414,false,יולו מעדן שכבות שוקולד חלב ולבן 123 גר,מיוצר עי קונדיטוריית,IL,YOLO מעדן שכבות שוקולד חלב ולבן 122 גרם,גרמים,123.00,100 גרם,false,1,5.20,0.0423,true,1,59711
7290014762756,false,גבינת שמנת נפוליאון 16% עם בצל תנובה 225 גרם,תנובה חלב,IL,גבינת שמנת נפוליאון בצל 200 גרם,גרמים,200.00,100 גרם,false,1,15.90,0.0795,true,1,65844
7290014762800,false,"מעדן סויה בטעם שוקולד תנובה 125 מ""ל",תנובה מרכז שיתופי לש,IL,תנובה מעדן סויה שוקולד 2% שומן 125 גרם,גרמים,125.00,100 גרם,false,1,4.50,0.0360,true,1,69612
7290014762831,false,גבינת שמנת נפוליאון 16% עם פלפל חלפיניו תנובה 225 גרם,תנובה מרכז שיתופי לש,IL,גבינת נפוליאון 24% חלפיניו 225 גרם,גרמים,225.00,100 גרם,false,1,15.90,0.0707,true,1,69620
7290014762909,false,פתיתי מוצרלה השף הלבן 10% תוספת מתנה,"תנובה, מחלבת תל יוסף",IL,פתיתי מוצרלה 10% תוספת השף הלבן,גרמים,200.00,100 גרם,false,1,18.90,0.0945,true,1,66363
7290014791572,false,"שוויפס מוגז בטעם ענבים 330 מ""ל",יפאורה תבורי בעמ,IL,"שוופס מוגז פירות ענבים 330 מ""ל זכוכית",מיליליטרים,330.00,"100 מ""ל",false,1,9.90,0.0300,true,1,67591
7290014791626,false,"שוופס סודה נענע ליים 250 מ""ל זכוכית",יפאורה תבורי בעמ,IL,"שוופס סודה נענע ליים 250 מ""ל זכוכית",מיליליטרים,250.00,"100 מ""ל",false,1,6.90,0.0276,true,1,67646
7290014791664,false,שישיה מי עדן אישי פקק רגיל 500 מל,מופק ממקור בזלתי עדן,IL,שישיית מים 0.5 ליטר,ליטרים,3.00,ליטר,false,6,15.90,5.3000,true,1,122927
7290014821057,false,כבל אלומיניום AUX,,,כבל AUX - אלומניום,לא מנהל יחידת מידה,0.00,לא מנהל יחידת מידה,false,1,29.90,0.0000,true,1,80423
7290014821064,false,כבל סנכרון אלומניום גלקסי 2 מטר,ארטוס,,כבל גלקסי 2 מטר,יחידה,1.00,יחידה,false,1,29.90,29.9000,true,1,80459
7290014821088,false,כבל אייפון מאושר אפל,,,כבל אייפון מאושר אפל 2.1,יחידה,1.00,יחידה,false,1,49.90,49.9000,true,1,80422
7290014821095,false,מטען רכב אייפון מאוש,,,מטען רכב אייפון מאושר אפל 2.1,יחידה,1.00,יחידה,false,1,79.90,79.9000,true,1,80451
7290014821347,false,אוזניות מיקרופות איכ,ארטוס,,אוזניות PURE-METAL,יחידה,1.00,יחידה,false,1,49.90,49.9000,true,1,80448
7290014821507,false,מטען קיר אייפון מאוש,,,מטען קיר אייפון מאושר אפל 2.1,יחידה,1.00,יחידה,false,1,79.90,79.9000,true,1,80452
7290014821569,false,כבל סנכרון אלומניום אייפון 6 2 מטר,ארטוס,,כבל אייפון 2 מטר,יחידה,1.00,יחידה,false,1,39.90,39.9000,true,1,80444
7290014961258,false,כריך דאבל פסטרמה ובק,לורד סנדויץ,,כריך דאבל פסטרמה ובקר 250 גרם,גרמים,250.00,100 גרם,false,1,17.90,0.0716,true,1,67036
7290014961265,false,כריך ביצה קשה 210 גר,לורד סנדויץ,,כריך ביצה קשה 210 גרם,גרמים,210.00,100 גרם,false,1,17.90,0.0852,true,1,67032
7290014974562,false,גביעי גלידה רגיל טילון עלמה גילרו 24 יח',"א.ג גילרו בע""מ",IL,עלמה גביעי טילון 24 יח',גרמים,120.00,100 גרם,false,1,9.90,0.0825,true,1,68466
7290014974876,true,רולים ללא גלוטן בטעם,גילרו,IL,רולים ללא גלוטן בטעם אגוז 40,גרמים,40.00,100 גרם,false,1,8.90,0.2225,true,1,73532
7290015009003,false,מונטנייר חומץ יין לבן 500מל,מנדלז סי.אר. פרודקשן,ES,דניאל חומץ בן יין לבן 500 מל,מיליליטרים,500.00,"100 מ""ל",false,1,18.70,0.0374,true,1,54986
7290015129121,false,אטריות קונג'אק בתוספת טפיוקה בצורת נודלס,הוויזאי וואנגייה פוד,CN,סקיני פסטה- בצורת אטריות פטוצ'יני 200 גרם,גרמים,270.00,100 גרם,false,1,12.90,0.0478,true,1,57093
7290015129251,false,איטריות קונגאק ללא גלוטן 270 גרם skinny,אף.סי תבליני בגליל ב,CN,סקיני פסטה- בצורת אטריות פטוצ'יני 200 גרם,גרמים,270.00,100 גרם,false,1,12.90,0.0478,true,1,63499
7290015176361,false,מברשת שיניים חשמלית למבוגרים-FJ-TBFJ-ABLUE,פוג'יקום,CN,מברשת שיניים חשמלית פוגיקום כחול,יחידה,1.00,יחידה,false,1,39.90,39.9000,true,1,67863
7290015176378,false,מברשת שיניים חשמלית למבוגרים-FJ-TBFJ-APURPLE,פוג'יקום,CN,מברשת שיניים חשמלית סגולה,יחידה,1.00,יחידה,false,1,39.90,39.9000,true,1,67860
7290015176385,false,מברשת שיניים חשמלית לילדים בצבע כחול,פוג'יקום,CN,מברשת שיניים חשמלית פוגיקום,יחידה,1.00,יחידה,false,1,39.90,39.9000,true,1,67864
7290015176392,false,מברשת שיניים חשמלית פוג'יקום לילד ורוד,פוג'יקום,CN,מברשת שיניים חשמלית ילדות פוגיקום,יחידה,1.00,יחידה,false,1,39.90,39.9000,true,1,67862
7290015193634,false,אובלטים דקיקים קימל מעדני המלך 300 גר',אם החיטה,IL,אובלטים קימל 300 גרם,גרמים,300.00,100 גרם,false,1,12.90,0.0430,true,1,70246
7290015193832,false,קרקר עם שומשום ארומה 300 גרם,פפושדו,IL,קרקר עם שומשום ארומה 300 גרם,גרמים,300.00,100 גרם,false,1,8.50,0.0283,true,1,78094
7290015299992,false,רצועות מתיחה לפעילות גופנית,,,רצועות אירובי,יחידה,1.00,יחידה,false,1,14.90,14.9000,true,1,82700
7290015324007,false,פלפל שחור גרוס 80 גר' טעם וריח,"תבליני טעם וריח בע""מ",IL,"תבליני טעם וריח, 100% פלפל שחור גרוס, 80 גרם",גרמים,80.00,100 גרם,false,1,11.90,0.1488,true,1,55032
7290015324014,false,"פלפל שחור טחון בשקית 80 גרם ""טעם וריח""","תבליני טעם וריח בע""מ",IL,"תבליני טעם וריח, 100% פלפל שחור טחון, 80 גרם",גרמים,80.00,100 גרם,false,1,11.90,0.1488,true,1,55033
7290015324069,false,גריל עוף 80 גר' טעם וריח,"תבליני טעם וריח בע""מ",IL,"תבליני טעם וריח, תערובת תיבול גריל עוף, 80 גרם",גרמים,80.00,100 גרם,false,1,6.90,0.0863,true,1,55037
7290015324076,false,זעתר מעורב 80 גר' טעם וריח,"תבליני טעם וריח בע""מ",IL,"תבליני טעם וריח, תערובת תיבול זעתר, 80 גרם",גרמים,80.00,100 גרם,false,1,6.90,0.0863,true,1,55106
7290015324533,false,רוזמרין מיכל גדול 55 גרם,"תבליני טעם וריח בע""מ",IL,תבליני טעם וריח רוזמרין 55 גרם,גרמים,55.00,100 גרם,false,1,10.90,0.1982,true,1,80059
7290015324557,false,בהרט לבישול מיכל גדול 80 גרם,"תבליני טעם וריח בע""מ",IL,תבליני טעם וריח בהרט לבישול 80 גרם,גרמים,0.00,100 גרם,false,1,10.90,0.0000,true,1,80062
7290015324564,false,בכוסברה טחונה מיכל גדול 70 גרם,"תבליני טעם וריח בע""מ",IL,תבליני טעם וריח כוסברה טחונה 70 גרם,גרמים,70.00,100 גרם,false,1,10.90,0.1557,true,1,80060
7290015324588,false,תבליני טעם וריח מיכל גדו,"תבליני טעם וריח בע""מ",IL,"תבליני טעם וריח מיכל פלפל לבן טחון 100% , 100 גרם",גרמים,100.00,100 גרם,false,1,14.90,0.1490,true,1,82079
7290015366670,false,משחת שיניים הגנה משולשת מנטה מרענן,גלקסוסמיתקליין,SK,"משחת שיניים אקווה פרש מנטה 100 מ""ל",מיליליטרים,100.00,"100 מ""ל",false,1,8.90,0.0890,true,1,66113
7290015446495,false,אול אין חטיף חלבון ב,,,אול אין חטיף חלבון בטעם שוקולד פאדג100גר,גרמים,100.00,100 גרם,false,1,19.90,0.1990,true,1,76932
7290015446525,false,חטיף אול אין חלבון ק,,,חטיף אול אין חלבון קרמל מלוח100 גרם,גרמים,100.00,100 גרם,false,1,19.90,0.1990,true,1,76936
7290015446914,false,חטיף חלבון בטעם שוקו,הרת'סייד פוד סולושיי,NL,חטיף חלבון בטעם שוקולד ציפ 100 גרם,גרמים,100.00,100 גרם,false,1,19.90,0.1990,true,1,122045
7290015446921,false,חטיף חלבון בטעם קרמל,,,חטיף חלבון בטעם קרמל מלוח- 60 גרם,גרמים,60.00,100 גרם,false,1,14.90,0.2483,true,1,122041
7290015519144,false,מטען קיר מיקרו פרימי,ארטוס,,מטען קיר לגלקסי פרימיום 2A,יחידה,1.00,יחידה,false,1,49.90,49.9000,true,1,80443
7290015597937,false,קורנטו וניל קלאסי שטראוס 70 גר,"מיוצר ע""\י גלידת שטראוס",IL,קורנטו טילון קלאסי בטעם וניל 70 גרם,גרמים,70.00,100 גרם,false,1,10.90,0.1557,true,1,71516
7290015652070,false,קשוי קלוי בשקית ששון הקולה 150 גרם,"דין שיווק וקלייה בע""",IL,קשיו קלוי 150 גרם,גרמים,150.00,100 גרם,false,1,16.90,0.1127,true,1,121217
7290015652087,false,תערובת פיצוחים בשקית ששון הקולה 150 גרם,דין שיווק,IL,תערובת פיצוחים 150 גרם,גרמים,150.00,100 גרם,false,1,16.90,0.1127,true,1,121218
7290015848909,false,"אולטרסול תחליב קידס 30/250 מ""ל",פישר מעבדות פרמצבטיות בע,IL,אולטרסול תחליב קידס 30/250,לא מנהל יחידת מידה,0.00,לא מנהל יחידת מידה,false,1,44.90,0.0000,true,1,77046
7290015848923,false,אולטרסול תחליב הגנה מבוגרים 30/250,פישר מעבדות פרמצבטיות בע,IL,אולטרסול תחליב הגנה מבוגרים 30/250,מיליליטרים,250.00,"100 מ""ל",false,1,44.90,0.1796,true,1,69321
7290015848992,false,"ד""ר פישר - אולטרסול קרם פנים קידס 75 מ""ל 50SPF",פישר מעבדות פרמצבטיות בע,IL,אולטרסול קרם פנים ילדים 75/50,לא מנהל יחידת מידה,0.00,לא מנהל יחידת מידה,false,1,39.90,0.0000,true,1,75492
7290015858106,false,"ממרח פסטו ביתי 180 גרם ""עללחם""","מדשא תעשיות מזון בע""\מ",IL,עללחם פסטו ביתי 100 גרם,גרמים,180.00,100 גרם,false,1,19.90,0.1106,true,1,70745
7290015858113,false,"ממרח עגבניות מיובשות 180 גרם ""טריטרי""","מדשא תעשיות מזון בע""\מ",IL,"עללחם ממרח עגבניות מיובשות, 180 גרם",גרמים,180.00,100 גרם,false,1,19.90,0.1106,true,1,70755
7290015858144,false,ממרח ארטישוק עללחם 180 גרם,"מדשא תעשיות מזון בע""\מ",IL,ממרח ארטישוק 180 גרם עללחם,גרמים,180.00,100 גרם,false,1,19.90,0.1106,true,1,124357
7290015858229,false,"טפנד זיתי קלמטה 180 גרם ""עללחם""","מדשא תעשיות מזון בע""\מ",IL,עללחם טפנד זיתי קלמטה 180 גרם,גרמים,180.00,100 גרם,false,1,19.90,0.1106,true,1,113901
7290015951227,false,גמלא השמורה סירה קברנה מרלו 750מל,מיוצר וממולא על ידי יקב,IL,יין גמלא סירה 750 מל,מיליליטרים,750.00,"100 מ""ל",false,1,79.90,0.1065,true,1,83932
7290015951869,false,"יין הר חרמון רוזה 750 מ""ל",מיוצר וממולא על ידי יקב,IL,הר חרמון רוזה,מיליליטרים,750.00,"100 מ""ל",false,1,45.90,0.0612,true,1,74314
7290015951890,false,"יין הר חרמון קברנה סובניון 750 מ""ל",יקבי רמת הגולן קצרין,IL,"יין הר חרמון קברנה סובניון 750 מ""ל",מיליליטרים,750.00,"100 מ""ל",false,1,45.90,0.0612,true,1,74050
7290015968089,false,"צלחות פלסטיק עבות כ-17 ס""מ במבחר צבעים",הוסטס Hostess,,צלחות פלסטיק עבות במיוחד 25 יחידות 17 סמ,לא מנהל יחידת מידה,0.00,לא מנהל יחידת מידה,false,1,9.90,0.0000,true,1,79100
7290015968317,false,"סינרים ח""פ לתינוק",טוליפס Tulips,CN,"סינרים ח""פ לתינוק",לא מנהל יחידת מידה,0.00,לא מנהל יחידת מידה,false,1,25.90,0.0000,true,1,74326
7290015968461,false,כוסות פלסטיק משובחות,F.T.I,,"כוסות פלסטיק משובחות 330 מ""ל 40 יחי",לא מנהל יחידת מידה,0.00,לא מנהל יחידת מידה,false,1,10.90,0.0000,true,1,75187
7290015968508,false,"כוסות פלסטיק לשתיה קרה 180מ""ל",,TR,"כוסות 180 מ""ל פלסטיק לשתיה קרה",יחידה,1.00,יחידה,false,1,8.90,8.9000,true,1,117839
7290015968669,false,גביע יין מוכסף לקידו,J.E&W.Inc,,גביע יין מוכסף לקידוש 6 יח,לא מנהל יחידת מידה,0.00,לא מנהל יחידת מידה,false,1,12.90,0.0000,true,1,69652
7290015968713,false,צלחת קריסטל מעוטרת בינונית,הוסטס Hostess,,צלחת קריסטל מעוטרת בינונית 10 יח,לא מנהל יחידת מידה,0.00,לא מנהל יחידת מידה,false,1,15.90,0.0000,true,1,69647
7290015988827,false,טבק לנרגילה לימונענע,טבק אלעוד,IL,טבק לנרגילה לימונענע 60 גרם PP בודד,גרמים,60.00,100 גרם,false,1,34.90,0.5817,true,1,81083
7290015996983,false,סוכרלוז סוכרזית 0 קלוריות 100 שקיות,ביסקול בעn,IL,"סוכרזית, סוכרלוז החדש, 100 גרם",גרמים,100.00,100 גרם,false,1,30.90,0.3090,true,1,114550
7290016006377,false,"שוויפס מוגז בטעם פירות תות ליים 330 מ""ל",יפאורה תבורי בעמ,IL,"שוופס מוגז פירות תות ליים 330 מ""ל זכוכית",מיליליטרים,330.00,"100 מ""ל",false,1,9.90,0.0300,true,1,67592
7290016081619,false,שלט BT עם אוזניה צבע,,,RETRACTABLE - שלט BT עם אוזניה - צבע שחו,יחידה,1.00,יחידה,false,1,109.00,109.0000,true,1,80433
7290016087215,false,עגבניות מרוסקות מרוכזות ושום 230 גרם פריניר,פריניר ( הדס 1987) ב,IL,עגבניות מרוסקות מרוכזות בתוספת שום,גרמים,230.00,100 גרם,false,1,4.50,0.0196,true,1,71540
7290016087543,false,זיתים ירוקים נטולי גלעין,פריניר,IL,זיתים ירוקים ללא גלעין פרי ניר 200גרם,גרמים,200.00,100 גרם,false,1,5.90,0.0295,true,1,121940
7290016087550,false,מלפפונים במלח קטנים מאוד 8-12,"פריניר(הדס 1987) בע""",IL,מלפפונים קטנים במלח,גרמים,200.00,100 גרם,false,1,5.90,0.0295,true,1,121294
7290016094008,false,אולטרסול קרם פנים 50 75 מל,פישר מעבדות פרמצבטיות בע,IL,אולטרסול מבוגרים קוליפה קרם פנים 50 SPF 75 מל,לא מנהל יחידת מידה,0.00,לא מנהל יחידת מידה,false,1,39.90,0.0000,true,1,77042
7290016094022,true,אולטרסול 50/200 תרסי,פישר מעבדות פרמצבטיו,IL,ספריי שקוף 50 SPF,מיליליטרים,200.00,"100 מ""ל",false,1,44.90,0.2245,true,1,77043
7290016094039,false,"ד""ר פישר - אולטרסול ספריי שקוף קידס 200 מ""ל 50SPF",פישר מעבדות פרמצבטיות בע,IL,ספריי שקוף לילדים 50 SPF,מיליליטרים,200.00,"100 מ""ל",false,1,44.90,0.2245,true,1,68502
7290016094817,false,אולטרסול ספריי שמן גזר 200/20 SPF,פישר מעבדות פרמצבטיות בע,IL,"ספריי שמן, שמן גזר",מיליליטרים,200.00,"100 מ""ל",false,1,44.90,0.2245,true,1,77051
7290016230888,false,סוללות V3 5) יחידות( 5 י,פוג'יקום,IL,סוללה 3V 5 יחידות,יחידה,1.00,יחידה,false,1,22.90,22.9000,true,1,72835
7290016245653,false,לחם שיפון קל חצי משפחתי 550 גרם,"ביכורים מזון ומאפה בע""\מ",IL,לחם שיפון מלא חצי קסטן,גרמים,600.00,100 גרם,false,1,18.90,0.0315,true,1,55202
7290016245769,true,לחם כוסמין מחמצת בתו,,,לחם כוסמין מחמצת בתוספת פשתן,לא מנהל יחידת מידה,0.00,לא מנהל יחידת מידה,false,1,18.90,0.0000,true,1,74504
7290016245806,false,לחמניות המבוגר כוסמין4יח,"ביכורים מזון ומאפה בע""\מ",IL,מארז לחמניות המבורגר,יחידה,1.00,יחידה,false,1,16.90,16.9000,true,1,80347
7290016246445,true,טחינה גולמית מעודנ,רושדי תעשיות מזון בע,IL,בארכה טחנ.גולמית מעודנת שמשם.מלא12*310ג,גרמים,310.00,100 גרם,false,1,14.90,0.0481,true,1,75273
7290016246452,true,טחינה .גולמית מעוד,רושדי תעשיות מזון בע,IL,בארכה טחנ.גולמית מעודנת לימון שום12*310ג,גרמים,310.00,100 גרם,false,1,14.90,0.0481,true,1,75274
7290016304145,false,לחמניה שמיניה 120 גר,מאפיית דוידוביץ,,לחמניה שמיניה 120 גרם,גרמים,250.00,100 גרם,false,1,3.50,0.0140,true,1,65049
7290016304596,false,לחמניות לסנדביץ 75 גרם,מאפית דוידוביץ ובניו,IL,לחמניות לסנדויץ 10 יח במארז,גרמים,750.00,100 גרם,false,1,13.90,0.0185,true,1,82257
7290016319309,false,סבון נוזלי מאסק קלאסי+משאבה פמלי 1 ל,הנסיך- מפעל לייצור ט,IL,אל סבון מאסק קלאסי,ליטרים,1.00,ליטר,false,1,16.90,16.9000,true,1,67185
7290016321661,false,פרש וואנס SENSITIVE מגבונים ללא בישום רביעייה 72 יחידות,עלבד משואות יצחק,IL,פרש וואנס רביעייה סנסטיב SENSITIVE קייר,לא מנהל יחידת מידה,0.00,לא מנהל יחידת מידה,false,4,19.90,0.0000,true,1,78389
7290016329896,false,"ד""ר פישר אלכוגל תפוח",דר.פישר,IL,"ד""ר פישר אלכוגל תפוח 30 מ""ל",מיליליטרים,30.00,"100 מ""ל",false,1,10.00,0.3333,true,1,81538
7290016408980,false,מטבעות שוקולד חלב כרמית 36 גרם,כרמית תעשיות מזון,IL,מטבעות שוקולד חלב 36 גרם,גרמים,36.00,100 גרם,false,1,4.90,0.1361,true,1,124434
7290016510225,false,"הוואי תחליב רחצה וניל ודבש 700 מ""ל",תאי פרזידנט פוד פאבל,IL,"הוואי תחליב יוגורט וניל ודבש, 700 מל",מיליליטרים,700.00,"100 מ""ל",false,1,14.90,0.0213,true,1,74255
7290016510232,false,"הוואי תחליב רחצה יוגורט קוקוס 700 מ""ל",תאי פרזידנט פוד פאבל,IL,"הוואי תחליב רחצה יוגורט קוקוס, 700 מל",מיליליטרים,700.00,"100 מ""ל",false,1,14.90,0.0213,true,1,74256
7290016584080,false,חטיפי גזר 60 גרם,גמר,IL,חטיפי גזר 60 גרם,גרמים,60.00,100 גרם,false,1,3.90,0.0650,true,1,68135
7290016717631,false,יין מוסקטו בעל חוזק אלכוהול נמוך פרייבט קולקשן,אגודת הכורמים הקואופרטיב,IL,יין מוסקטו P.C,מיליליטרים,750.00,"100 מ""ל",false,1,45.90,0.0612,true,1,84293
7290017023526,true,"שוופס מוגז פירות לל""",יפאורה תבורי בעמ,IL,"שוופס מוגז פירות לל""ס תפוח 330 מ""ל",מיליליטרים,330.00,"100 מ""ל",false,1,9.90,0.0300,true,1,73709
7290017065007,false,פרוסות גבינה מוצרלה חצי קשה 22% שומן 200 ג' גד,מחלבות גד בעמ,IL,גבינה מוצרלה פרוסה גד 150 גרם,גרמים,150.00,100 גרם,false,1,20.90,0.1393,true,1,68185
7290017065137,false,גבינת ריקוטה למריחה 5% טבעית 200ג' גד,האי נאם סי או אל.טי.,IL,גד ריקוטה למריחה 5% שומן 200 גרם,גרמים,200.00,100 גרם,false,1,10.90,0.0545,true,1,70652
7290017065144,false,ריקוטה למריחה בתוספת בזיליקום 5% גד 200 גם,האי נאם סי או אל.טי.,IL,"גד ריקוטה למריחה, בזיליקום 5% שומן 200 גרם",גרמים,200.00,100 גרם,false,1,10.90,0.0545,true,1,70654
7290017065212,false,גבינת קרם מסקרפונה מחלבות גד 250 גר,מיוצר עי קוד יצרן ED,IL,קרם מסקרפונה 38%,גרמים,250.00,100 גרם,false,1,21.90,0.0876,true,1,72597
7290017065236,false,גבינה בולגרית מעודנת 24% גד 250 גרם,הנסיך- מפעל לייצור ט,IL,בולגרית מעודנת 24%,גרמים,250.00,100 גרם,false,1,27.90,0.1116,true,1,72221
7290017065434,false,גבינה גאודה פרוסה הולנדית 200 גר',מחלבות גד בעמ,NL,גד פרוסות פרוסות גאודה בקר 200 גרם,גרמים,200.00,100 גרם,false,1,22.90,0.1145,true,1,116467
7290017065526,false,קוואטרו פורמאג'י 4 גבינות מגוררות 26%,מחלבות גד בעמ,IL,גד קוואטרו פורמאג'י 300 גרם,גרמים,300.00,100 גרם,false,1,29.90,0.0997,true,1,116475
7290017065731,false,גבינת שמנת עם כמהין 30% ניו יורק 200 ג',פ.פ.ח. שאביט,IL,"גד, גבינת שמנת בטעם טבעי 30% , 200 גרם",גרמים,200.00,100 גרם,false,1,14.90,0.0745,true,1,119244
7290017065878,false,רוטב לפסטה מק אנד צ'יז גד 200 גרם,גבינות מדף,IL,מק אנד ציז גד 200גרם,גרמים,200.00,100 גרם,false,1,19.90,0.0995,true,1,122880
7290017088105,false,חיתולים בייביסיטר נו,די.פי.אל תעשיות מוצר,IL,חיתול דק מידה 3,יחידה,38.00,יחידה,false,1,34.90,0.9184,true,1,113455
7290017088242,false,מגבוני ביי בייסיק 72 יחידות בחבילה,,,מגבונים בייבי בייסיק,לא מנהל יחידת מידה,0.00,לא מנהל יחידת מידה,false,1,4.90,0.0000,true,1,78563
7290017088341,false,מגבון דוחה יתושים 20 יח',נאופארם,IL,מגבון דוחה יתושים איי קר 20 יח,יחידה,1.00,יחידה,false,1,20.00,20.0000,true,1,82088
7290017121048,false,"פלפל צ'ומה 250 גרם ""עללחם""","מדשא תעשיות מזון בע""\מ",IL,פלפל צומה 250ג עללחם,גרמים,250.00,100 גרם,false,1,15.90,0.0636,true,1,80044
7290017121093,false,"אריסה חריפה 250 גרם ""עללחם""","מדשא תעשיות מזון בע""\מ",IL,עללחם בפיתה אריסה חריפה 250 גרם,גרמים,250.00,100 גרם,false,1,15.90,0.0636,true,1,72049
7290017142159,false,"שלישיית נתחי טונה בהירה בשמן זית 80 גרם ""עץ הזית""",יוניקורד ח.צ בעמ,TH,נתחי טונה בהירה עץ הזית *3 168גרם,גרמים,168.00,100 גרם,false,1,26.90,0.1601,true,1,72735
7290017217031,false,שלישיית כפיות מסיליק,F.H.P CO LT,CN,נובי שליששית כפיות מסיליקון רך,לא מנהל יחידת מידה,0.00,לא מנהל יחידת מידה,false,1,30.90,0.0000,true,1,74353
7290017266060,false,וופל קראנצ`מילוי קרם בטעם שוקולד 175 גר,גילרו,IL,"וופלים קראנצ לל""ס בטעם שוקולד עלמה 175 ג",גרמים,175.00,100 גרם,false,1,8.50,0.0486,true,1,71397
7290017275147,false,עוגת שמרים אישית דניש קינמון אחוה 120 גרם,אחדות ביחר לטחינה חל,IL,דניש קינמון 120 גרם,גרמים,120.00,100 גרם,false,1,6.90,0.0575,true,1,124531
7290017275154,false,עוגת שמרים אישית שוקולד אחוה 120 גרם,אחדות ביחר לטחינה חל,IL,רוגלך שוקולד 120 גרם,גרמים,120.00,100 גרם,false,1,6.90,0.0575,true,1,124530
7290017285894,false,"ד""ר פישר - אולטרסול קידס קרם פנים צורני 30 מ""ל 50SPF",פישר מעבדות פרמצבטיות בע,IL,אולטרסול קידס קרם פנים צורני 30 מל,מיליליטרים,30.00,"100 מ""ל",false,1,29.90,0.9967,true,1,77047
7290017334448,false,שמן קנולה מזוכך OLEO,א.ד.מ . אנטוורפן,BE,שמן קנולה מזוכך OLEO 1 ליטר,ליטרים,1.00,ליטר,false,1,12.90,12.9000,true,1,84297
7290017334455,false,"אורז פרסי זיפר 1ק""ג",,TH,"אורז פרסי זיפר 1ק""ג",קילוגרמים,1.00,"ק""ג",false,1,9.90,9.9000,true,1,121795
7290017334462,false,אורז יסמין זיפר 1,,TH,"אורז יסמין זיפר 1 ק""ג",קילוגרמים,1.00,"ק""ג",false,1,12.90,12.9000,true,1,121796
7290017406794,false,אורז בסמטי קינג קראו,פונט סלאם וולנסיה,IN,"אורז בסמטי קינג קראוון 1 ק""ג",קילוגרמים,1.00,"ק""ג",false,1,12.90,12.9000,true,1,122220
7290017457703,false,"סוד ארומתרפי זהב מרכך כביסה מרוכז20%+בישום 900 מ""ל",הנקל סוד,IL,סוד מרכך מרוכז ארומתרפי זהב,מיליליטרים,900.00,"100 מ""ל",false,1,18.90,0.0210,true,1,78776
7290017513775,false,פליפז בייגלה מצופה שוקולד חלב מקוויטיס 140 גרם,אולקר מקבוצת פלאדיס,TR,"Flipz, חטיף בייגלה אפוי בציפוי שוקולד חלב, 140 גרם",גרמים,140.00,100 גרם,false,1,9.90,0.0707,true,1,81137
7290017555461,false,חטיף בוטנים בייק פרו,אשבל,IL,חטיף בוטנים בייק פרו 21 גרם חלבון 80גרם,גרמים,80.00,100 גרם,false,1,13.90,0.1738,true,1,82615
7290017589633,false,"רזרב גולד אדישיין קברנה סוביניון 750 מ""ל",יקבי ברקן Barkan,IL,"קברנה סוביניון מהדורת רזרב גולד 750 מ""ל",מיליליטרים,750.00,"100 מ""ל",false,1,54.90,0.0732,true,1,82334
7290017617381,false,סטארקיסט לאנץ' בוקס אורז פיקנטי 200 גרם,תאי יוניון מנופקצ'ור,TH,לאנצ בוקס טונה אורז פיקנטי סטארקיסט 200,גרמים,200.00,100 גרם,false,1,15.90,0.0795,true,1,124398
7290017617398,false,סטארקיסט לאנץ' בוקס פסטה 200 גרם,תאי יוניון מנופקצ'ור,TH,לאנצ בוקס טונה פסטה סטארקיסט 200גרם,גרמים,200.00,100 גרם,false,1,15.90,0.0795,true,1,124399
7290017617404,false,סטארקיסט לאנץ' בוקס אורז וקינואה 200 גרם,תאי יוניון מנופקצ'ור,TH,לאנצ בוקס טונה אורז וקינואה סטארקיסט 200,גרמים,200.00,100 גרם,false,1,15.90,0.0795,true,1,124400
7290017617459,false,רביעיית טונה בשמן צמחי 120 ג' סטארקיסט,dalmore distilleries,TH,רביעיית טונה סטארקיסט בשמן צמחי 480גרם,גרמים,480.00,100 גרם,false,1,22.90,0.0477,true,1,123077
7290017647425,false,"יין גמלא קברנה סוביניון שנת 2018 750 מ""ל",יקבי רמת הגולן,IL,גמלא קברנה סוביניון - בציר 2018,מיליליטרים,750.00,"100 מ""ל",false,1,79.90,0.1065,true,1,82522
7290017724027,false,עוגיות אלפחורס 300 גרם,"אקלר בע""מ",IL,עוגיות אלפחורס 300 גרם,גרמים,300.00,100 גרם,false,1,28.90,0.0963,true,1,121641
7290017724034,false,עוגיות ריבה בטעם תות250ג,אקלר,IL,עוגיות סנדוויץ ריבה 250 גרם,גרמים,250.00,100 גרם,false,1,28.90,0.1156,true,1,121548
7290017724225,false,עוגיות אקלר בויוס 20,אקלר,IL,עוגיות בויוס 200 גרם,גרמים,200.00,100 גרם,false,1,28.90,0.1445,true,1,121797
7290017812571,false,מיץ ענבים תירוש אדום 100% טבעי כרמל 1 ליטר,יקבי כרמל Carmel Winery,IL,תירוש ליטר אדום 100% טבעי,ליטרים,1.00,ליטר,false,1,24.90,24.9000,true,1,81494
7290017872070,false,מארז מגבונים לחים בניחוח מרענן פרש וואנס שלישייה,"ווטנפס בע""\מn\",IL,פרש וואנס מגבונים נטורל קר שלישייה,יחידה,1.00,יחידה,false,1,9.90,9.9000,true,1,85774
7290017888019,false,"משקה תפוח רימון סלק גינגיר פרות &ווג 350 מ""ל",פרוט אנד וג' Fruit & Veg,IL,"FRUIT&VEG תפוח סלק רימון ג'ינג'ר 350 מ""ל",מיליליטרים,350.00,"100 מ""ל",false,1,10.90,0.0311,true,1,78167
7290017888026,false,"משקה אננס תפוח גזר פרות & ווג 350 מ""ל",פרוט אנד וג' Fruit & Veg,IL,"FRUIT&VEG אננס תפוח גזר 350 מ""ל",מיליליטרים,350.00,"100 מ""ל",false,1,10.90,0.0311,true,1,78057
7290017888033,false,"משקה בננה מלון נענע פרות &ווג 350 מ""ל",פרוט אנד וג' Fruit & Veg,IL,"FRUIT&VEG בננה מלון נענע 350 מ""ל",מיליליטרים,350.00,"100 מ""ל",false,1,10.90,0.0311,true,1,78058
7290017888644,false,"משקה אננס בננה כורכום פרות & ווג 350 מ""ל",פרוט אנד וג' Fruit & Veg,IL,"FRUIT&VEG אננס בננה כורכום 350 מ""ל",לא מנהל יחידת מידה,3.30,לא מנהל יחידת מידה,false,1,10.90,3.3030,true,1,81998
7290017888972,false,בקבוק מי עדן פקק ספורט 1 ליטר,"מופק ממקור בזלתי עדן ,1",IL,מי עדן פקק ספורט 1 ליטר,ליטרים,1.00,ליטר,false,1,8.00,8.0000,true,1,82282
7290017894010,false,גרין קוקו - מי קוקוס אורגני 1עם אננס 1 ליטר,בן טרה ג'\וינט סטוק )בטר,LK,מי קוקוס אורגני בתוספת מיץ אננס,ליטרים,1.00,ליטר,false,1,20.90,20.9000,true,1,80631
7290017928449,true,שטוחלה פרו מלח 170 ג,מאיר בייגל,IL,מאיר בייגל פרוטאין בייגל שטוח מלח 170 גרם,גרמים,170.00,100 גרם,false,1,14.90,0.0876,true,1,80944
7290017971940,false,טוסט פטריות אלפרדו 2,לורד סנדויץ,,טוסט פטריות אלפרדו 245 גרם,גרמים,245.00,100 גרם,false,1,17.90,0.0731,true,1,81428
7290018012093,false,תאורת חירום מודל xl,,,תאורת חירום מודל xl,לא מנהל יחידת מידה,0.00,לא מנהל יחידת מידה,false,1,119.90,0.0000,true,1,80926
7290018012246,false,תאורת קמפינג סולארית,,,תאורת קמפינג סולארית,לא מנהל יחידת מידה,0.00,לא מנהל יחידת מידה,false,1,29.90,0.0000,true,1,81038
7290018043110,false,אול אין אקסטרא קרם ק,הרת'סייד פוד סולושיי,NL,אול אין אקסטרא קרם קשיו קרמל,גרמים,60.00,100 גרם,false,1,14.90,0.2483,true,1,121339
7290018043301,false,חטיף חלבון בטעם וניל,הרת'סייד פוד סולושיי,NL,חטיף חלבון בטעם ונילה קראנץ- 60 גרם,גרמים,60.00,100 גרם,false,1,14.90,0.2483,true,1,122042
7290018043899,false,חטיף חלבון בטעם בוטנ,הרת'סייד פוד סולושיי,NL,חטיף חלבון בטעם בוטנים קרמל- 60 גרם,גרמים,60.00,100 גרם,false,1,14.90,0.2483,true,1,122044
7290018077597,false,בייגל רומני שומשום אפוי,גידרון,IL,בייגל רומני אפוי קפוא עם שומשום,יחידה,1.00,יחידה,false,1,5.90,5.9000,true,1,81445
7290018077603,false,בייגל רומני עם זעתר,גדרון,IL,בייגל רומני עם זעתר א.ק,יחידה,1.00,יחידה,false,1,5.90,5.9000,true,1,81368
7290018077665,false,בייגל רומני גדרון א.,גידרון,IL,בייגל רומני גדרון א.ק,יחידה,1.00,יחידה,false,1,5.90,5.9000,true,1,81446
7290018091234,false,פיצה מקסיקנית מעדנות 260 ג',תנובה מעדנות,IL,פיצה מקסיקנית מעדנות 260גרם,גרמים,260.00,100 גרם,false,1,19.90,0.0765,true,1,83577
7290018091821,false,פיצה נפוליטנה מעדנות 200 ג',תנובה מעדנות,IL,פיצה נפוליטנה מעדנות 200גרם,גרמים,200.00,100 גרם,false,1,19.90,0.0995,true,1,83576
7290018131251,false,אקסטרים מטבע שוקולד לבן וליבת קרם עוגיות 115ג',גלידות נסטלה )נגה גלידות,IL,אקסטרים מ.שקלד.לבן וליבת ק.עוג. 18*115ג,גרמים,128.00,100 גרם,false,1,12.50,0.0977,true,1,81346
7290018131336,false,שלגון ליון בטעם קרמל עם,שוורצקוף& הנקל דיסלד,PL,שלגון ליון קרמל 66גרם,גרמים,66.00,100 גרם,false,1,12.90,0.1955,true,1,119201
7290018131640,false,קראנץ בלונד עם ליבת נוגט בוטנים 100 גרם,גלידות נסטלה )נגה גלידות,IL,קראנץ שוקולד בלונדי 100 גרם,גרמים,100.00,100 גרם,false,1,12.90,0.1290,true,1,85019
7290018131770,false,שלגון נסטלה מצופה וניל תות 60 גרם,גלידות נסטלה (נגה גל,IL,שלגון וניל מצופה תות 55 גרם,גרמים,55.00,100 גרם,false,1,7.90,0.1436,true,1,84523
7290018131978,false,טילון נסטלה אוראו 68.5 גרם,פרונרי סרביה,PL,טילון אוראו 68.5גרם,גרמים,69.00,100 גרם,false,1,7.90,0.1145,true,1,85022
7290018165010,false,"יין רזרב GOLD EDITION גווצטרמינר ברקן 750 מ""ל",יקבי ברקן שיווק והפצה בע,IL,"גוורצטרמינר רזרב גולד 750 מ""ל",מיליליטרים,750.00,"100 מ""ל",false,1,54.90,0.0732,true,1,82137
7290018165447,false,"יין רזרב GOLD מרלו ברקן 750 מ""ל",יקבי ברקן שיווק והפצה בע,IL,"רזרב גולד מרלו 750 מ""ל",מיליליטרים,750.00,"100 מ""ל",false,1,54.90,0.0732,true,1,118949
7290018440193,false,פליפז בייגלה בציפוי קרם בטעם חמאת בוטנים מקוויטיס 140 גרם,אולקר מקבוצת פלאדיס,TR,פליפז בייגלה מצופה חמאת בוטנים 140 ג,גרמים,140.00,100 גרם,false,1,9.90,0.0707,true,1,84295
7290018440209,false,פליפז בייגלה בציפוי פאדג' לבן מקוויטיס 140 גרם,אולקר מקבוצת פלאדיס,TR,"Flipz, חטיף בייגלה אפוי בציפוי שוקולד חלב, 140 גרם",גרמים,140.00,100 גרם,false,1,9.90,0.0707,true,1,84296
7290018440247,false,תה צ'אי שקדים0 25 שקיקים ויסוצקי,תה ויסוצקי,IL,צאי שקדים 25 גרם,גרמים,25.00,100 גרם,false,1,19.90,0.7960,true,1,122046
7290018440254,false,תה צ'אי קרמל מלוח 25 שקיקים ויסוצקי,תה ויסוצקי,IL,צאי קרמל מלוח 25 גרם,גרמים,25.00,100 גרם,false,1,19.90,0.7960,true,1,122047
7290018440483,false,פליפז בייגלה מצופה בקרמל מלוח ושוקולד מקוויטיס 140 גרם,אולקר מקבוצת פלאדיס,TR,פליפז בייגלה מצופה בקרמל מלוח ושוקולד 14,גרמים,140.00,100 גרם,false,1,9.90,0.0707,true,1,120683
7290018441886,false,"קרם עוגיות 150 מ""ל - דולצ'ה דה לצ'ה",מוצרי איכות אמריקאים,IL,דולצה דה לצה 150מל שורטי,מיליליטרים,150.00,"100 מ""ל",false,1,13.90,0.0927,true,1,121457
7290018471050,false,"ספרינג נקטר אגס תפוח סברס פחית 330 מ""ל",יפאורה תבורי בעמ,IL,"ספרינג אגס תפוח סברס פחית 330 מ""ל",מיליליטרים,330.00,"100 מ""ל",false,1,8.50,0.0258,true,1,85655
7290018471111,false,שוופס ליים מוחיטו 330 מל זכוכית,יפאורה שותפות מובגלת,IL,שוופס ליים מוחיטו 330 מל,ליטרים,1.50,ליטר,false,1,9.90,6.6000,true,1,85929
7290018471142,false,"ספרינג שייק בננה אננס קוקוס פירות יער זכוכית 330 מ""ל","יפאורה תבורי בע""\מ",IL,ספרינג שייק בננה אננס קוקוס פירות יער 330 מל,מיליליטרים,330.00,"100 מ""ל",false,1,10.90,0.0330,true,1,120550
7290018471906,false,שוופס מוגז פירות לימונדה ורודה 1.5 ליטר פיקדון,"יפאורה תבורי בע""\מ",IL,שוופס מוגז פירות לימונדה ורודה 1.5 ל',ליטרים,1.50,ליטר,false,1,14.50,9.6667,true,1,121846
7290018471913,false,משקה מוגז פירות תפוחים שוופס 1.5 ליטר,"יפאורה תבורי בע""\מ",IL,שוופס משקה תפוחים מוגז 1.5 ליטר,ליטרים,1.50,ליטר,false,1,14.50,9.6667,true,1,121847
7290018471944,false,שוופס מוגז פירות לימונייד 1.5 ליטר פיקדון,"יפאורה תבורי בע""\מ",IL,שוופס מוגז פירות לימונייד 1.5 ליטר,ליטרים,1.50,ליטר,false,1,14.50,9.6667,true,1,121848
7290018641439,false,אוק אנד אש - ערק אשכולית אדומה מוגז,,IL,ערק פלוס אשכוליות 330 מל,מיליליטרים,330.00,"100 מ""ל",false,1,15.90,0.0482,true,1,121682
7290018652015,false,נסטלה שלגון סופרולר 75 גרם,פרונרי איברייה,ES,סופרולר 75גרם,גרמים,75.00,100 גרם,false,1,9.90,0.1320,true,1,85023
7290018652053,false,"יסקולידה אקסטרה גלידה בטעמי וניל ושוקולד, 90 גרם",גלידות נסטלה )נגה גלידות,IL,ביסקולידה קסטרה 95 גרם,גרמים,95.00,100 גרם,false,1,7.90,0.0832,true,1,119199
7290018652190,false,חטיף גלידה קראנץ בר 60 גרם,פרונרי איטליה,IT,קראנץ בר אימפלס 60גרם,גרמים,60.00,100 גרם,false,1,8.90,0.1483,true,1,122322
7290018652671,false,"לה קרמריה שוקולד וניל 1.4 ליטר [תו אי""ל]",גלידות נסטלה,IL,לה קרמריה שוקו וניל תות 700גרם,גרמים,700.00,100 גרם,false,1,31.90,0.0456,true,1,122332
7290018652688,false,לה קרמריה פירות טרופיים ופירות יער נסטלה 700 גרם,גלידות נסטלה,IL,לה קרמריה פירות טרופיים ויער 700גרם,גרמים,700.00,100 גרם,false,1,31.90,0.0456,true,1,122333
7290018652718,false,שלגון מילקה אגוזים 71 גרם,פרונרי פולין,PL,שלגון מילקה אגוזים 71גרם,גרמים,71.00,100 גרם,false,1,12.90,0.1817,true,1,122327
7290018652770,false,אקסטרים ביגלה מתוק מלוח 115 ג' נסטלה,גלידות נסטלה,IL,טילון גולדה 115גרם,גרמים,115.00,100 גרם,false,1,12.50,0.1087,true,1,122323
7290018703076,false,חטיף חלבון בטעם דאבל,הרת'סייד פוד סולושיי,NL,חטיף חלבון בטעם דאבל שוקולד- 60 גרם,גרמים,60.00,100 גרם,false,1,14.90,0.2483,true,1,122043
7290018703304,false,אול אין חטיף חלבון ק,,,אול אין חטיף חלבון קרם עוגיות,גרמים,60.00,100 גרם,false,1,14.90,0.2483,true,1,122744
7290018703489,false,אול אין חטיף חלבון,,,אול אין חטיף חלבון בננה טופי אקסטרה 60,גרמים,60.00,100 גרם,false,1,14.90,0.2483,true,1,122745
7290018848005,false,יין רוזה בפחית 250 מ,דונלי ויני,IT,"יין רוזה בפחית 250 מ""ל",מיליליטרים,250.00,"100 מ""ל",false,1,17.90,0.0716,true,1,122150
7290018848012,false,יין לבן בפחית 250 מ,דונלי ויני,IT,"יין לבן בפחית 250 מ""ל",מיליליטרים,250.00,"100 מ""ל",false,1,17.90,0.0716,true,1,122149
7290018894002,false,קוביות וופל במילוי קרם קקאו - חלבי,בלקוני Balconi,IT,בלקוני וופל קוביות קקאו 250 ג,גרמים,250.00,100 גרם,false,1,15.90,0.0636,true,1,122654
7290018894200,false,בלקוני וופל קוביות וניל 250 גרם,בלקוני Balconi,IT,בלקוני וופל קוביות וניל 250 ג,גרמים,250.00,100 גרם,false,1,15.90,0.0636,true,1,122655
7290018894408,false,קוביות וופל במילוי קרם אגוזי לוז - חלבי,בלקוני Balconi,IT,בלקוני וופל קוביות אגוזי לוז 250 ג,גרמים,250.00,100 גרם,false,1,15.90,0.0636,true,1,122656
7290018894606,false,וופלים במילוי קרם קקאו - חלבי,בלקוני Balconi,IT,בלקוני וופל קקאו 175 ג,גרמים,175.00,100 גרם,false,1,12.90,0.0737,true,1,122657
7290018894804,false,וופלים במילוי קרם אגוזי לוז - חלבי,בלקוני Balconi,IT,בלקוני וופל אגוזי לוז 175 ג,גרמים,175.00,100 גרם,false,1,12.90,0.0737,true,1,122658
7290018925065,false,מיץ פרימור תפוזים סחוט 2 ליטר-,"גניר (1992) בע""מ",IL,פרימור סחוט מיץ תפוזים 100% 2 ליטר,ליטרים,2.00,ליטר,false,1,33.50,16.7500,true,1,121941
7290018925072,false,משקה קל לימונים ונענע 2 ל פרימור,"גניר (1992) בע""מ",IL,פרימור משקה קל לימונים ונענע 2 ליטר,ליטרים,2.00,ליטר,false,1,33.50,16.7500,true,1,121849
7290018925409,false,"מיץ לימון ואננס 400 מ""ל פרימור",קריות זול,IL,מיץ לימון ואננס פרימור 400 מל,מיליליטרים,400.00,"100 מ""ל",false,1,11.90,0.0298,true,1,123395
7290018925416,false,"מיץ לימון ופסיפלורה 400 מ""ל פרימור",קריות זול,IL,מיץ לימון ופסיפלורה פרימור 400 מל,מיליליטרים,400.00,"100 מ""ל",false,1,11.90,0.0298,true,1,123394
7290018949023,false,"גרופר משקה קל מוגז אורגני לימוננ 330 מ""ל",מיקס קווידזון,IL,משקה קל מוגז גרופר לימוננדה 330 מל,מיליליטרים,330.00,"100 מ""ל",false,1,9.90,0.0300,true,1,121911
7290019056065,false,שוופס מוגז עדין פירות יער 1.5 ליטר פיקדון,"יפאורה תבורי בע""\מ",IL,שוופס מוגז עדין פירות יער 1.5 ל',ליטרים,1.50,ליטר,false,1,14.50,9.6667,true,1,121850
7290019056096,false,שוופס מוגז עדין אפרסק 1.5 ליטר פיקדון,"יפאורה תבורי בע""\מ",IL,שוופס מוגז עדין אפרסק 1.5 ל',ליטרים,1.50,ליטר,false,1,14.50,9.6667,true,1,121851
7290019056317,false,שוופס ראשן 1.5 ליטר פיקדון,"יפאורה תבורי בע""\מ",IL,שוופס ראשן 1.5 ל',ליטרים,1.50,ליטר,false,1,16.90,11.2667,true,1,121853
7290019056324,false,שוופס טוניק 1.5 ליטר פיקדון,"יפאורה תבורי בע""\מ",IL,שוופס טוניק 1.5 ל',ליטרים,1.50,ליטר,false,1,16.90,11.2667,true,1,121932
7290019056515,false,פרוט ווטר אננס 1.5 ליטר פיקדון,"יפאורה תבורי בע""\מ",IL,Fruit Water אננס 1.5 ל',ליטרים,1.50,ליטר,false,1,14.90,9.9333,true,1,121856
7290019056546,false,פרוט ווטר אבטיח 1.5 ליטר פיקדון,"יפאורה תבורי בע""\מ",IL,Fruit Water אבטיח 1.5 ל',ליטרים,1.50,ליטר,false,1,14.90,9.9333,true,1,121858
7290019056638,false,משקה קל תות בננה ספרינג 1.5 ליטר,"יפאורה תבורי בע""\מ",IL,ספרינג תות בננה 1.5 ל',ליטרים,1.50,ליטר,false,1,14.90,9.9333,true,1,121859
7290019056645,false,משקה קל אגס תפוח סברס ספרינג 1.5 ליטר,"יפאורה תבורי בע""\מ",IL,ספרינג תפוח אגס סברס 1.5 ל',ליטרים,1.50,ליטר,false,1,14.90,9.9333,true,1,121860
7290019056959,false,מי עדן 1.5 ליטר בק' בודד פיקדון,"מופק ממקור בזלתי עדן ,1",IL,מי עדן בקבוק 1.5 ליטר,ליטרים,1.50,ליטר,false,1,9.20,6.1333,true,1,121861
7290019056966,false,מי עדן בקבוק פיקדון 1.5 ליטר,"מי עדן בע""מ",IL,מי עדן בקבוק 1.5 ליטר,ליטרים,1.50,ליטר,false,1,9.20,6.1333,true,1,121934
7290019056973,false,שישיית מי עדן 1.5 ליטר משפחתי,"מופק ממקור בזלתי עדן ,1",IL,מי עדן שישייה בקבוק 1.5 ליטר,ליטרים,9.00,ליטר,false,6,20.90,2.3222,true,1,121862
7290019153313,false,"משקהתפוח חמוציות אוכמניות 350 מ""ל פרות & ווג",יפאורה תבורי בעמ,IL,"FRUIT&VEG תפוח חמוציות אוכמניות 350 מ""ל",מיליליטרים,350.00,"100 מ""ל",false,1,10.90,0.0311,true,1,122928
7290019153368,false,"מיץ בטעם מוחיטו 330 מ""ל תפוזינה",יפאורה תבורי בעמ,IL,"תפוזינה מוחיטו 330 מ""ל זכוכית",מיליליטרים,330.00,"100 מ""ל",false,1,6.90,0.0209,true,1,123058
7290019153382,false,"מיץ בטעם סנגרייה 330 מ""ל תפוזינה",יפאורה תבורי בעמ,IL,"תפוזינה סנגריה 330 מ""ל זכוכית",מיליליטרים,330.00,"100 מ""ל",false,1,6.90,0.0209,true,1,123056
7290019196204,false,רביעיית טונה הספן בש,תעשיות פילטונה,IL,רביעיית טונה הספן בשמן קנולה 540גרם,גרמים,540.00,100 גרם,false,4,22.90,0.0424,true,1,122689
7290019232834,false,פליפז בייגלה מצופה קרם עוגיות ושוקולד מקוויטיס 140 גרם,אולקר מקבוצת פלאדיס,TR,"Flipz, חטיף בייגלה אפוי בציפוי שוקולד חלב, 140 גרם",גרמים,140.00,100 גרם,false,1,9.90,0.0707,true,1,122920
7290100243671,false,"מרכך כביסה מרוכז אקסטרה כחול בדין 960 מ""ל",יוניליוור סנאיי וי טיקאר,TR,בדין מרכך כביסה מרוכז בדין אקסטרה כחול 960 מל,מיליליטרים,960.00,"100 מ""ל",false,1,19.90,0.0207,true,1,27019
7290100412343,true,קוויק לניקוי כללי -,האי נאם סי או אל.טי.,IL,מטליות לחות,לא מנהל יחידת מידה,0.00,לא מנהל יחידת מידה,false,1,10.90,0.0000,true,1,73397
7290100680650,false,מנה חמה נודלס-אטריות ירקות טעם תאילנדי אסם 76 ג',PUB FOODS PRESIDENT THAI,TH,מנה חמה נודל.+ירקות תאילנדי6 6*76גרם,גרמים,76.00,100 גרם,false,1,9.90,0.1303,true,1,15599
7290100680667,false,מנה חמה נודלס בסגנון סצ'ואן אסם 76 גרם,PUB FOODS PRESIDENT THAI,TH,מנה חמה נודלס+ירקות ט.סצ'ואן6 6*76גרם,גרמים,76.00,100 גרם,false,1,9.90,0.1303,true,1,15600
7290100680711,false,פירורית זהב אסם זהב 350ג',עינת תעשיות מזון אגו,IL,אסם פירורית זהב 12*350גרם,גרמים,350.00,100 גרם,false,1,10.50,0.0300,true,1,17688
7290100680728,false,פירורית רגילה 350 ג' אוסם,מיוצר עי קונדיטוריית,IL,אסם פירורית 20*350גרם,גרמים,350.00,100 גרם,false,1,8.50,0.0243,true,1,17689
7290100685136,false,"אבקת מרק בטעם עוף אסם 1 ק""ג","אסם השקעות בע""\מ",IL,אסם מרק טעם עוף 8*1קג,קילוגרמים,1.00,"ק""ג",false,1,17.90,17.9000,true,1,18859
7290100687109,false,אוסם - במבה במילוי קרם נוגט 60 גרם,"אסם השקעות בע""\מ",IL,במבה במילוי נוגט 60 גרם,גרמים,60.00,100 גרם,false,1,7.90,0.1317,true,1,24423
7290100700020,false,סוגת גריסי פנינה 500 גרם,האי נאם סי או אל.טי.,IL,גריסי פנינה 500 גרם,גרמים,500.00,100 גרם,false,1,6.50,0.0130,true,1,15525
7290100700273,false,קינואה לבנה 500 ג סו,האי נאם סי או אל.טי.,IL,קינואה 500 גרם,גרמים,500.00,100 גרם,false,1,16.90,0.0338,true,1,30559
7290100700372,false,"סוגת אורז בסמטי מלא 1 ק""ג",האי נאם סי או אל.טי.,IL,אורז בסמטי מלא 1 קג,קילוגרמים,1.00,"ק""ג",false,1,16.90,16.9000,true,1,28158
7290100700587,false,"בורגול ""סוגת"" 500 גרם",האי נאם סי או אל.טי.,IL,בורגול 500 גרם,גרמים,500.00,100 גרם,false,1,6.50,0.0130,true,1,33419
7290100701331,false,קמח רב תכליתי שטיבל קמח חיטה לבן בהיר,"שטיבל בע""\מ - טחנות קמח",IL,קמח רב תכליתי +1,קילוגרמים,1.00,"ק""ג",false,1,8.90,8.9000,true,1,42285
7290100701874,false,"קמח כוסמין מלא סוגת 1 ק""ג",טחנות קמח שטיבל באר,IL,קמח כוסמין מלא + 14,קילוגרמים,1.00,"ק""ג",false,1,17.90,17.9000,true,1,67430
7290100701881,false,קמח פיצה ופוקצ'ה- קמח חיטה לבן בהיר שטיבל,"שטיבל בע""\מ - טחנת קמח",IL,"קמח פיצה 1 ק""ג - סוגת",קילוגרמים,1.00,"ק""ג",false,1,8.90,8.9000,true,1,41964
7290100703007,false,"עדשים שחורות בלוגה 500 גרם ""סוגת""",האי נאם סי או אל.טי.,IL,עדשים שחורות בלוגה,גרמים,500.00,100 גרם,false,1,9.90,0.0198,true,1,76209
7290100704691,false,אורז אדום סוגת 500 גרם,"סוגת תעשיות בע""\מ",IL,אורז אדום סוגת 500 גרם,גרמים,500.00,100 גרם,false,1,10.90,0.0218,true,1,124401
7290100704707,false,אורז מיקס סוגת 500 גרם,"סוגת תעשיות בע""\מ",IL,אורז מיקס סוגת 500 גרם,גרמים,500.00,100 גרם,false,1,10.90,0.0218,true,1,124402
7290100850909,false,דוריטוס נאצ'ו מקסיקני 70 גרם,"שטראוס פריטו ליי בע""\מ",IL,דוריטוס נאצו 70 גרם,גרמים,70.00,100 גרם,false,1,7.90,0.1129,true,1,14622
7290100850916,false,דוריטוס חמוץ חריף מעודן 70 גרם כשר לפסח,"שטראוס פריטו ליי בע""\מ )",IL,דוריטוס חמוץ חריף 70 גר 48 יח,גרמים,70.00,100 גרם,false,1,7.90,0.1129,true,1,14623
7290100850923,false,דוריטוס בטעם גריל 70 גרם,"שטראוס פריטו ליי בע""\מ )",IL,דוריטוס גריל 70 גר 48 יח,גרמים,70.00,100 גרם,false,1,7.90,0.1129,true,1,14624
7290100850930,false,דוריטוס בטעם טבעי 70 גרם,"שטראוס פריטו ליי בע""\מ )",IL,דוריטוס טבעי 70 גר 48 יח,גרמים,70.00,100 גרם,false,1,7.90,0.1129,true,1,14625
7290100858592,false,אבקת קקאו עלית שקית 150 ג',הנסיך- מפעל לייצור ט,IL,שקית קקאו 150גרם/20שק/150גר,גרמים,150.00,100 גרם,false,1,11.80,0.0787,true,1,20596
7290100921401,false,"שמפו הוואי מועשר בקרטין 700מ""ל",טרופיקל דגיל,IL,הוואי שמפו קרטין מחזק 700 מל,מיליליטרים,700.00,"100 מ""ל",false,1,14.90,0.0213,true,1,55046
7290100921418,false,"הוואי - מרכך קרטין מחזק 700 מ""ל",תאי פרזידנט פוד פאבל,IL,הוואי מרכך קרטין מחזק לשיער עדין או חלש 700 מל,מיליליטרים,700.00,"100 מ""ל",false,1,14.90,0.0213,true,1,55047
7290101488286,false,"ליידי ספיד סטיק - דאודורנט ספריי לאישה 24/7 פרש פיוזן ורוד 150 מ""ל",ליידי ספיד סטיק Lady Speed Stick,RU,דאודורנט ספרי ל.ספיד ורוד פרש פיוזן150 מ,מיליליטרים,150.00,"100 מ""ל",false,1,24.90,0.1660,true,1,28890
7290101488323,false,ליידי ספיד סטיק - דאודורנט סטיק לאישה ללא סימן ירוק סטיק 65 גרם,ליידי ספיד סטיק Lady Speed Stick,US,דאודורנט ליידי ספיד סטיק ללא סימן פאודר פרש 65 גרם,גרמים,65.00,100 גרם,false,1,33.90,0.5215,true,1,24720
7290101551027,false,קפסולות קפה אספרסו חזק במיוחד 14 עלית 10 יח',הנסיך- מפעל לייצור ט,IL,קפסולות 14 למכונות נספרסו,גרמים,50.00,100 גרם,false,1,19.90,0.3980,true,1,77032
7290101551300,false,סילאן טבעי ללא תוספת סוכר בקבוק לחיץ,מכוורת יד מרדכי שטראוס ב,IL,סילאן טבעי לחיץ 380 גרם,גרמים,380.00,100 גרם,false,1,18.90,0.0497,true,1,76452
7290101863410,false,"סיליט באנג ספריי ניקוי עוצמתי מכיל אקונומיקה 750 מ""ל",סיליט באנג Cillit Bang,PL,"ספריי מכיל אקונומיקה סיליט באנג 750 מ""ל",מיליליטרים,750.00,"100 מ""ל",false,1,17.90,0.0239,true,1,27308
7290101865261,false,"פיניש נוזל הברקה למדיח 800 מ""ל",רקיט בנקיזר,PL,"נוזל הברקה למדיח פיניש 800 מ""ל",מיליליטרים,800.00,"100 מ""ל",false,1,25.90,0.0324,true,1,48188
7290101868156,false,סטרפסילס ללא סוכר תות,רקיט בנקיזר,,סטרפסילס תות ללא סוכר,לא מנהל יחידת מידה,0.00,לא מנהל יחידת מידה,false,1,37.40,0.0000,true,1,121908
7290101868507,false,נורופן לכאבי מחזור,רקיט בנקיזר,,נורופן כאבי מחזור,Unknown,0.00,Unknown,false,1,18.90,0.0000,true,1,66236
7290101985433,false,הפתעות לימי הולדת,NOVELTY,,הפתעות לימי הולדת,יחידה,1.00,יחידה,false,1,6.70,6.7000,true,1,50487
7290101989073,false,ממתק גלי,יושלם,,ממתק גלי,לא מנהל יחידת מידה,0.00,לא מנהל יחידת מידה,false,1,9.90,0.0000,true,1,50486
7290102002801,false,שלישית ביצי שוקולד - לשבור את הקרח,זאיני,IT,ביצי שוקולד פרוזן שלישייה 60 גרם,גרמים,60.00,100 גרם,false,1,17.50,0.2917,true,1,61785
7290102030330,false,תפוצ'יפס קראנצ' בטעם מקסיקני 200 גרם,"שטראוס פריטו ליי בע""\מ )",IL,תפו קראנצ מקסיקני 200 גר 12 יח - שמיטה,גרמים,200.00,100 גרם,false,1,15.50,0.0775,true,1,21984
7290102300822,false,גבינה צ'דר אנגלית כתומה 200 גרם,דאולי צ'יסמייקרס,GB,גבינת צדר אנגלית כתומה 200 גרם נני,גרמים,200.00,100 גרם,false,1,28.90,0.1445,true,1,42405
7290102394463,false,נעם גבינה צהובה פרוסה ואקום 28% טרה 500 גרם,Unknown,IL,"גבנצ 28% ואקום 500 ג' בד""צ",גרמים,500.00,100 גרם,false,1,29.90,0.0598,true,1,47631
7290102394821,false,נעם גבינה צהובה פרוסה 28% טרה 200 גרם,מילקו תעשיות בעמ,IL,גבנצ 28% דק דק 200 ג',גרמים,200.00,100 גרם,false,1,18.90,0.0945,true,1,42480
7290102394845,false,נעם גבינה צהובה לייט פרוסה דק דק 9% טרה 200 גרם,מילקו תעשיות בעמ,IL,גבינה צהובה דק דק 9% נעם 200 גרם,גרמים,200.00,100 גרם,false,1,18.90,0.0945,true,1,42481
7290102397730,false,פרוסות גבינה אמנטל חצי קשה 30% שומן 200 ג' נעם,Unknown,IL,טרה נועם אמנטל פרוסות גבינה חצי קשה 30% 200 גרם,גרמים,200.00,100 גרם,false,1,20.90,0.1045,true,1,68803
7290103120658,false,דאודורנט ספיד סטיק גל שחור 85 גרם,הנסיך- מפעל לייצור ט,US,"ספיד סטיק 24/7 ג""ל שחור 85 גרם",גרמים,85.00,100 גרם,false,1,26.90,0.3165,true,1,26692
7290103128739,false,מקלוני כותנה לתינוק בלונס 50 יחידות,הנסיך- מפעל לייצור ט,GR,בייבי בלונס מקלוני כותנה לתינוק 50 יח',מיליליטרים,0.00,"100 מ""ל",false,1,6.80,0.0000,true,1,44092
7290103404758,false,סלט כרוב אדום במיונז אחלה 120 גרם,מיוצר עי קונדיטוריית,IL,כרוב 120,גרמים,120.00,100 גרם,false,1,6.40,0.0533,true,1,28104
7290103681173,false,"יין הר קברנה סובניון יקבי תבור 750 מ""ל.",מיוצר על ידי יקב תבור,IL,הר קברנה סוביניון יין אדום יבש 2016 מל,מיליליטרים,750.00,"100 מ""ל",false,1,49.90,0.0665,true,1,76694
7290103681210,false,"יין הר שרדונה מיתוג תנשמת 750 מ""ל",מיוצר על ידי יקב תבור,IL,"יין שרדונה 750 מ""ל סדרת הר",מיליליטרים,750.00,"100 מ""ל",false,1,49.90,0.0665,true,1,76691
7290103681227,false,"יין הר גוורצטרמינר מיתוג תנשמת 750 מ""ל",מיוצר על ידי יקב תבור,IL,"יין גוורצטרמינר חצי מתוק 750 מ""ל סדרת הר",מיליליטרים,750.00,"100 מ""ל",false,1,49.90,0.0665,true,1,76695
7290103681241,false,"יין הר מוסקטו מיתוג תנשמת 750 מ""ל",יקב תבור,IL,"תבור הר מוסקטו 750 מ""ל",מיליליטרים,750.00,"100 מ""ל",false,1,49.90,0.0665,true,1,78395
7290104061417,false,סלט חומוס עם טחינה אחלה 400 גרם,"שטראוס גרופ בע""\מ",IL,חומוס טחינה 400 גרם,גרמים,400.00,100 גרם,false,1,12.90,0.0323,true,1,30883
7290104061431,false,סלט חומוס עם צנובר אחלה 400 גרם,"שטראוס גרופ בע""\מ",IL,חומוס צנובר 400 גרם,גרמים,400.00,100 גרם,false,1,12.90,0.0323,true,1,30885
7290104061448,false,סלט חומוס עם חריף אחלה 400 גרם,מיוצר עי קונדיטוריית,IL,חומוס חריף 400 גרם,גרמים,400.00,100 גרם,false,1,12.90,0.0323,true,1,30886
7290104067679,false,סלט טחינה אחלה 400גר,מיוצר עי קונדיטוריית,IL,טחינה 400,גרמים,400.00,100 גרם,false,1,11.90,0.0298,true,1,64891
7290104500572,false,אפרופו חטיף תירס איטליאנו אסם 50 גרם,מיוצר עי קונדיטוריית,IL,אפרופו איטלקי 36*50גרם,גרמים,50.00,100 גרם,false,1,7.90,0.1580,true,1,38157
7290104501661,false,אינסטנט פודינג בטעם וניל צרפתי אסם 80 גרם,מיוצר עי קונדיטוריית,IL,אסם פודינג בטעם וניל צרפתי 12*80גרם,גרמים,80.00,100 גרם,false,1,6.90,0.0863,true,1,35980
7290104503184,false,הבית עוגת שבת בראוניס טעם שוקולד ריבת חלב 380 גרם,מיוצר עי קונדיטוריית,IL,הבית עוגת שבת בראוניס ט.שקלד.ר.חלב8*380ג,גרמים,380.00,100 גרם,false,1,17.90,0.0471,true,1,40532
7290104508943,false,במבה חטיף בוטנים אסם 200 גרם,"אסם השקעות בע""\מ",IL,במבה קלאסי 18*200 גרם,גרמים,200.00,100 גרם,false,1,13.90,0.0695,true,1,41037
7290104722530,false,תפוצ'יפס בטעם שמנת בצל עלית 200 גרם,"שטראוס פריטו ליי בע""\מ )",IL,תפו שמנת בצל 200 גר 12 יח - שמיטה,גרמים,200.00,100 גרם,false,1,15.50,0.0775,true,1,35305
7290104728310,false,"שמנת מתוקה עמידה 38% שומן ""יטבתה"" -מוצר בפיקוח",שטראוס גרופ,IL,שמנת להקצפה 38% מהדרין,מיליליטרים,250.00,"100 מ""ל",false,1,6.47,0.0259,true,1,38513
7290104729003,false,"יד מרדכי - שמן זית כתית מעולה 2 קלאסי 750 מ""ל",מכוורת יד מרדכי שטרא,IL,שמן זית כתית מעולה 750 מוצר מדבקה,מיליליטרים,750.00,"100 מ""ל",false,1,39.90,0.0532,true,1,75596
7290104963216,false,סופטקר - אל סבון עדין לתינוק לעור רגיש 1 ליטר,קוסמופארם בע'\'\מ,IL,סופטקר אל סבון עדין לתינוק 1 ליטר,ליטרים,1.00,ליטר,false,1,20.90,20.9000,true,1,66680
7290104963711,false,"שמפו סופטקר אלדמע משאבה 770 מ""ל",גוד פוד פרודקטס S.p,IL,סופטקר שמפו אל דמע לעור רגיש 770 מל,לא מנהל יחידת מידה,0.00,לא מנהל יחידת מידה,false,1,19.90,0.0000,true,1,73970
7290105108272,true,מטריה מבוגרים,,,מטריה מבוגרים,יחידה,1.00,יחידה,false,1,39.90,39.9000,true,1,124314
7290105360250,false,קפסולות 09 עשיר וארומטי למכונת נספרסו עלית 10יח',הנסיך- מפעל לייצור ט,IL,קפסולות 09 למכונות NESPRESSO,גרמים,50.00,100 גרם,false,1,19.90,0.3980,true,1,48271
7290105360328,false,קפסולות אספרסו חזק למכונות נספרסו 10 יח',הנסיך- מפעל לייצור ט,IL,קפסולות 10 למכונות נספרסו,גרמים,50.00,100 גרם,false,1,19.90,0.3980,true,1,48201
7290105362339,false,"שמנת לבישול 15% 250 מ""ל יטבתה מהדרין",שטראוס גרופ,IL,"שמנת לבישול 15% מהדרין 250 מ""ל יוטבתה",מיליליטרים,250.00,"100 מ""ל",false,1,9.00,0.0360,true,1,99286
7290105364302,false,"עלית חטיף שוקולד כיף כף מקלות אגוזים, 40 גרם",שולן צ'\יקולטה גידה סאן.,TR,כיף כף מקלות אגוזים,גרמים,40.00,100 גרם,false,1,6.90,0.1725,true,1,46650
7290105364678,false,"אקטיביה משקה יוגורט בטעם אפרסק שטראוס 250 מ""ל",מיוצר עי קונדיטוריית,IL,משקה אקטיביה אפרסק 1.2% בודד,מיליליטרים,250.00,"100 מ""ל",false,1,6.60,0.0264,true,1,39344
7290105368331,false,מעדן מילקי בטעם תות עם קצפת,מחלבת אחיהוד,IL,מילקי בטעם תות,גרמים,133.00,100 גרם,false,1,3.60,0.0271,true,1,43989
7290105368904,false,"שמנת מתוקה להקצפה 32% שומן 250 מ""ל יוטבתה",שטראוס גרופ,IL,שמנת מתוקה להקצפה 32% מהדרין-ח,מיליליטרים,250.00,"100 מ""ל",false,1,7.90,0.0316,true,1,99991
7290105369130,false,סימפוניה גבינת שמנת בצל ירוק 5% שטראוס 200 גרם,"שטראוס בריאות בע""\מ",IL,סימפוניה בצל ירוק 2022,גרמים,200.00,100 גרם,false,1,12.70,0.0635,true,1,47644
7290105431868,false,"סבון פלמוליב נוזלי ספא קוקוס גרגרים 500 מ""ל",הנסיך- מפעל לייצור ט,TR,500 מל סבון נוזלי פלמוליב חלב קוקוס,מיליליטרים,500.00,"100 מ""ל",false,1,19.90,0.0398,true,1,53070
7290105436382,false,חטיף פרי תמרים קשיו ללא תוספת סוכר וגלוטן 5 יח,טבעית מוצרים מן הטבע בעמ,IL,"FREE חטיף תמרים ואגוזי קשיו, 5 חטיפים, 125 גרם",גרמים,125.00,100 גרם,false,1,17.90,0.1432,true,1,57792
7290105439581,false,מנה מאסטר שף חרדל דיזיון צרפתי 370 גר,רמיה סי.וי.הולנד,FR,מאסטר שף חרדל דיז'ון צרפתי 370 גרם,גרמים,370.00,100 גרם,false,1,12.90,0.0349,true,1,65977
7290105439598,false,מאסטר שף חרדל דיז'ון גרגירים 370 גר כשלפ,סאס קווינור צרפת,FR,מאסטר שף חרדל דיז'ון גרגירים 370 גרם,גרמים,370.00,100 גרם,false,1,13.90,0.0376,true,1,65978
7290105500151,false,וודקה פינלנדיה בקבוק,"אלטיה קורפ, הלסינקי,",FI,"פינלנדיה 700 מ""ל",מיליליטרים,700.00,"100 מ""ל",false,1,79.90,0.1141,true,1,44837
7290105500236,false,וויסקי ג'ק דניאלס מס' 7 Brand No,ג'ק דניאלס Jack Daniel's,US,טנסי וויסקי,מיליליטרים,700.00,"100 מ""ל",false,1,129.90,0.1856,true,1,56719
7290105691224,false,אסם חטיפי פריכונים טורטייה שום בצל 60 גרם,"פרח תעשיות מזון בע""מ.",IL,אסם חטיפי פריכונים טורטיה שום בצל 12*60ג,גרמים,60.00,100 גרם,false,1,8.50,0.1417,true,1,41398
7290105691248,false,אסם חטיפי פריכונים טורטייה תירס 60 גרם,"פרח תעשיות מזון בע""מ.",IL,אסם חטיפי פריכונים טורטיה תירס 12*60גרם,גרמים,60.00,100 גרם,false,1,8.50,0.1417,true,1,41399
7290105695024,false,פתיתים אפויים אורז עם אטריות אסם 500 גרם,"אסם השקעות בע""\מ",IL,אסם פתיתים אפויים אורז עם אטריות 12*500ג,גרמים,500.00,100 גרם,false,1,8.90,0.0178,true,1,46758
7290105695321,false,עוגת הבית בראוניס פאדג' אסם 380 גרם,מיוצר עי קונדיטוריית,IL,הבית עוגת בראוניס פאדג' 8*380גרם,גרמים,380.00,100 גרם,false,1,22.90,0.0603,true,1,44213
7290105961181,false,משקה פונץ' בננה יטבתה 1 ליטר מהדרין,שטראוס גרופ,IL,משקה חלב בטעם פונץ בננה 1 ליטר,ליטרים,1.00,ליטר,false,1,12.90,12.9000,true,1,43543
7290105962980,false,כרוב אדום במיונז 400 ג' אחלה,מיוצר עי קונדיטוריית,IL,כרוב סגול במיונז 400 גרם,גרמים,400.00,100 גרם,false,1,11.90,0.0298,true,1,64890
7290105962997,false,חצילים אחלה במיונז 400 גר',"שטראוס גרופ בע""מ",IL,חציל מיונז 400,גרמים,400.00,100 גרם,false,1,11.90,0.0298,true,1,64889
7290105963000,false,סלט מטבוחה 400 ג' אחלה,מיוצר עי קונדיטוריית,IL,מטבוחה 400,גרמים,400.00,100 גרם,false,1,11.90,0.0298,true,1,61835
7290105965738,false,יוגורט לשתיה בטעם תות בננה267 ג' דנונה,מיוצר עי קונדיטוריית,IL,דנונה לשתיה תות בננה 267גר',מיליליטרים,267.00,"100 מ""ל",false,1,6.90,0.0258,true,1,54806
7290105966469,false,"חומץ בלסמי ממודנה יד מרדכי 250 מ""ל",אצטייה ג'וזפה קרמוני,IT,חומץ בלסמי יד מרדכי,מיליליטרים,250.00,"100 מ""ל",false,1,16.50,0.0660,true,1,48591
7290105968654,false,רביולי בטטה פרווה פסטה נונה 400 ג',מיוצר עי קונדיטוריית,IL,רביולי בטטה פרווה 400 גרם,גרמים,400.00,100 גרם,false,1,20.00,0.0500,true,1,45620
7290105968777,false,פריכיות 5 דגנים עם תחתית שוקולד מריר 70 גרם,"טחנת האבן תעשיות בע""",IL,פריכיות אנרגי תחתית ש.מריר OS,גרמים,70.00,100 גרם,false,1,9.90,0.1414,true,1,49306
7290106520066,false,"רבע לשבע שוקולד חלב במילוי אגוזים עלית 160 גרם בד""צ","הגביע מוצרי וופלים בע""\מ",IL,רבע לשבע (ירוק) 160 גר',גרמים,160.00,100 גרם,false,1,16.90,0.1056,true,1,46947
7290106520912,false,"שמנת 9% לבישול יטבתה 250 מ""ל מהדרין",שטראוס גרופ,IL,"שמנת לבישול 250 9% מ""ל יוטבתה",מיליליטרים,250.00,"100 מ""ל",false,1,9.00,0.0360,true,1,101389
7290106524439,false,"תפוצ'יפס פופס 60 גרם ""עלית""","שטראוס פריטו ליי בע""\מ )",IL,תפו פופס 60 גר 40 יח,גרמים,60.00,100 גרם,false,1,5.90,0.0983,true,1,70633
7290106528567,false,"דוריטוס גריל 185 גרם ""עלית""","שטראוס פריטו ליי בע""\מ )",IL,דוריטוס גריל 185 גר 12 יח,גרמים,185.00,100 גרם,false,1,11.90,0.0643,true,1,66313
7290106528628,false,"דוריטוס טבעי 185 גרם ""עלית""","שטראוס פריטו ליי בע""\מ )",IL,דוריטוס DIPPAS טבעי 185 גר 12 יח,גרמים,185.00,100 גרם,false,1,11.90,0.0643,true,1,66314
7290106571792,false,קרחון ענבים ויטמנציק נסטלה,גלידות נסטלה )נגה גלידות,IL,ויטמינצ'יק קרחון ענבים 48*80גרם,גרמים,80.00,100 גרם,false,1,4.00,0.0500,true,1,47970
7290106574120,false,שלגון שרבט סוכריות גומיגם נסטלה 90 גרם,גלידות נסטלה )נגה גלידות,IL,גומיגם קרחון שרבט עם סוכריות בפנים42*90ג,גרמים,90.00,100 גרם,false,1,10.50,0.1167,true,1,53743
7290106574977,false,בייגלה שטוחים כעכים שטוחים עם מלח,מיוצר עי קונדיטוריית,IL,אסם בייגלה שטוחים עם מלח 9*300גרם,גרמים,300.00,100 גרם,false,1,14.90,0.0497,true,1,51077
7290106576223,false,"אפרופו שוקולד 40 גרם ""אסם""",מיוצר עי קונדיטוריית,IL,אפרופו שוקולד 36*40גרם,גרמים,40.00,100 גרם,false,1,7.90,0.1975,true,1,67059
7290106576797,false,"לה קרמריה גלידת וניל איטלקי כשל""פ 1.4ל'",תות תעשיות מזון (201,IL,לה קרמריה וניל איטלקי בדצ 6*1.4ליטר,ליטרים,1.40,ליטר,false,1,31.90,22.7857,true,1,53751
7290106576834,false,גלידה לה קרמריה פונטש בננה1.4 ל' נסטלה,תות תעשיות מזון (201,IL,גלידה לה קרמריה פונטש בננה 1.4 ליטר,ליטרים,1.40,ליטר,false,1,31.90,22.7857,true,1,53759
7290106576858,false,גלידה לה קרמריה תותים בשמנת 1.4 ל' נסטלה,גלידות נסטלה )נגה גלידות,IL,לה קרמריה תותים בשמנת כלפ.6*1.4ליטר,ליטרים,1.40,ליטר,false,1,31.90,22.7857,true,1,53754
7290106576957,false,"לה קרמריה גלידת שוקו וניל פליק פרווה כשל""פ 1.4",תות תעשיות מזון (201,IL,לה קרמריה שוקו וניל פליק פרווה בדצ6*1.4ל,לא מנהל יחידת מידה,0.00,לא מנהל יחידת מידה,false,1,31.90,0.0000,true,1,53763
7290106576971,false,גלידה לה קרמריה שוקולד בלגי 1.4 ל' נסטלה,תות תעשיות מזון (201,IL,לה קרמריה גלידת שוקולד 6*1.4ל,ליטרים,1.40,ליטר,false,1,31.90,22.7857,true,1,53753
7290106576995,false,גלידה סורבה לה קרמריה תות מנגו לייט 1.4 ל' נסטלה,גלידות נסטלה )נגה גלידות,IL,לה קרמריה סורבה לייט תות מנגו 6*1.4ליטר,ליטרים,1.40,ליטר,false,1,31.90,22.7857,true,1,53760
7290106578692,false,ביסלי במבה מיקס מהדורת אליפות אסם 80 גרם,פרו מן יו פתרונות אר,IL,במבה ביסלי מיקס 36*80גרם,גרמים,80.00,100 גרם,false,1,7.90,0.0988,true,1,55173
7290106578821,false,עוגת הבית שמרים קלאסית שוקולד אסם 350 גרם,מיוצר עי קונדיטוריית,IL,הבית עוגת שמרים שוקולד קלאסית 8*350ג,גרמים,350.00,100 גרם,false,1,22.90,0.0654,true,1,55358
7290106653504,false,סבבה בוטנים אמריקאים ברביקיו 50 גרם,"שטראוס פריטו ליי בע""",IL,בוטנים ברביקיו ללא תקשור 50 גר 50,גרמים,50.00,100 גרם,false,1,3.90,0.0780,true,1,52900
7290106658479,false,וופל טורטית שוקלד מגדים 40ג',"שטראוס גרופ בע""\מ",IL,טורטית מגדים 40 גרם,גרמים,40.00,100 גרם,false,1,6.90,0.1725,true,1,66737
7290106662025,false,תפוציפס טבעי מלח ופלפל 50 גרם,"שטראוס פריטו ליי בע""",IL,תפו מלח פלפל 50 גר 48 יח - שמיטה,גרמים,50.00,100 גרם,false,1,5.90,0.1180,true,1,68126
7290106663121,false,"עוגה אישית במילוי קרם חלב ""מילקי קייק"" שטראוס",בובארד איטליה אס.פי.איי,IT,עוגת מילקי CAKE אישית 34 גרם,גרמים,34.00,100 גרם,false,1,4.00,0.1176,true,1,63599
7290106663503,false,קונפיטורה לייט תות יד מרדכי 230 גרם,אף.סי תבליני בגליל ב,IL,קונפיטורת תות שדה לייט,גרמים,230.00,100 גרם,false,1,15.70,0.0683,true,1,58988
7290106664067,false,לאבנה עם שמן זית וזעתר 10% שטראוס 400 ג',הדקלאים אגודת שיתופי,IL,לאבנה שמן זית וזעתר 10% שומן,גרמים,400.00,100 גרם,false,1,17.90,0.0447,true,1,65284
7290106667266,false,"דוריטוס חמוץ חריף 185 גרם ""עלית""","שטראוס פריטו ליי בע""\מ )",IL,דוריטוס חמוץ חריף 185 גר 12 יח,גרמים,185.00,100 גרם,false,1,11.90,0.0643,true,1,66311
7290106668713,false,יוגורט עם פירות יער 3% שומן 150 ג' דנונה,מיוצר עי קונדיטוריית,IL,דנונה פירות יער 3%,גרמים,150.00,100 גרם,false,1,4.50,0.0300,true,1,64694
7290106669857,false,קפסולות אספרסו בטעם וניל עלית 10 יחידות,הנסיך- מפעל לייצור ט,IL,קפסולות וניל למכונות NESPRESSO,גרמים,50.00,100 גרם,false,1,19.90,0.3980,true,1,67700
7290106720626,false,צ'יטוס קראנצ' בטעם גבינה - חלבי,"שטראוס פריטו ליי בע""\מ )",IL,ציטוס גבינה 80 ג 48 יח רבנות,גרמים,80.00,100 גרם,false,1,6.90,0.0863,true,1,68468
7290106721913,false,מסטיק מאסט MUST ללא סוכר בטעם מנטה מרעננת,"שטראוס גרופ בע""מ",IL,"צנצנת מאסט מנטה מרעננת לל""ס 66 גרם",גרמים,66.00,100 גרם,false,1,11.90,0.1803,true,1,62708
7290106721920,false,צנצנת מסטיק מאסט בטעם ספירמינט עדין 66 ג' עלית,"שטראוס גרופ בע""\מ.",IL,"צנצנת ספירמינט לל""ס 66 גרם",גרמים,66.00,100 גרם,false,1,11.90,0.1803,true,1,62709
7290106725867,false,"סירופ מייפל טבעי 189 מ""ל ""יד מרדכי""",קוסלסי פוד,CA,"סירופ מייפל טבעי 189 מ""ל",מיליליטרים,189.00,"100 מ""ל",false,1,42.90,0.2270,true,1,65272
7290106727984,false,"כיף כף פצפצים בגביע 135 גרם ""עלית""",שולן צ'\יקולטה גידה סאן.,TR,גביע פצפצים 135 ג' 2016,גרמים,135.00,100 גרם,false,1,14.90,0.1104,true,1,67135
7290107280020,false,שלישיית מטליות לחות לניקוי כללי סנו סושי 50 יחידות,טרופיקל דגיל- תעשיות,IL,שלישיה מטליות לחות לניקוי כללי,לא מנהל יחידת מידה,0.00,לא מנהל יחידת מידה,false,1,25.60,0.0000,true,1,50440
7290107280709,false,"סנו ספארק נוזל הברקה למדיח 700 מ""ל","סנו מפעלי ברונוס בע""\מ",IL,סנו ספארק נוזל הברקה למדיח 700 מל,מיליליטרים,900.00,"100 מ""ל",false,1,22.70,0.0252,true,1,61038
7290107280761,false,נוזל לניקוי כלים בניחוח לימון רענן סנו ספארק Spark,מיוצר עי קונדיטוריית,IL,ספארק משאבה לימון 1ל,ליטרים,1.00,ליטר,false,1,14.90,14.9000,true,1,60266
7290107647656,false,מאגדת מיני סולרו קוקוס אננס 245 ג',"מיוצר ע""\י גלידת שטראוס",IL,סולרו מאגדת סולרו קוקוס אננס 5 יחידות,גרמים,245.00,100 גרם,false,1,26.90,0.1098,true,1,76566
7290107647823,false,"ברנפלקס פתיתי חיטה מלאה וסובין 500 גרם ""תלמה""",יוניליוור ישראל מזון בעמ,IL,ברנפלקס בדצ500 גרם,גרמים,500.00,100 גרם,false,1,25.90,0.0518,true,1,70680
7290107647854,false,"שוגי מופחת סוכר תלמה 500 ג' בד""צ",יוניליוור ישראל מזון בעמ,IL,דגני בוקר שוגי בדצ 500 גרם,גרמים,500.00,100 גרם,false,1,24.90,0.0498,true,1,70153
7290107649681,false,טילון פסק זמן - נוגט קראנץ',"מיוצר ע""\י גלידת שטראוס",IL,קורנטו טילון פסק זמן בטעם נוגט ושוקולד 64 גרם,גרמים,64.00,100 גרם,false,1,10.90,0.1703,true,1,77660
7290107649780,false,שלגון שוקובו שוקו 85,"מיוצר ע""\י גלידת שטראוס",IL,שוקובו שוקו 85 גרם,גרמים,85.00,100 גרם,false,1,12.90,0.1518,true,1,77663
7290107649858,false,טילון מגנוםלבן -גלידת שמנת,"מיוצר ע""\י גלידת שטראוס",IL,מגנום טילון שוקולד לבן 100 גרם,גרמים,100.00,100 גרם,false,1,13.50,0.1350,true,1,78292
7290107865166,false,סמארט 4500 שאיפות תפ,shenzhen shengsi,CN,סמארט 4500 שאיפות תפוח,יחידה,1.00,יחידה,false,1,149.90,149.9000,false,1,123250
7290107875400,false,גלידה לה קרמריה פיסטוק מוקה 1.4 ל' נסטלה,גלידות נסטלה )נגה גלידות,IL,לה קרמריה פיסטוק מוקה פרווה בדצ6*1.4ליטר,ליטרים,1.40,ליטר,false,1,23.90,17.0714,true,1,59889
7290107879620,false,קרחון שרבט מלון תפוח לה פרוטה נסטלה 70 גרם,גלידות נסטלה )נגה גלידות,IL,לה פרוטה תפוח מלון 36*70גרם,גרמים,70.00,100 גרם,false,1,9.90,0.1414,true,1,65802
7290107879668,false,קרחון שרבט תות לה פרוטה נסטלה 70 גרם,גלידות נסטלה )נגה גלידות,IL,לה פרוטה תות 36*70גרם,גרמים,70.00,100 גרם,false,1,9.90,0.1414,true,1,65799
7290107879699,false,קרחון שרבט מנגו לה פרוטה נסטלה 70 גרם,גלידות נסטלה )נגה גלידות,IL,לה פרוטה מנגו 36*70גרם,גרמים,70.00,100 גרם,false,1,9.90,0.1414,true,1,65800
7290107931397,false,כיף כף פצפוצים במילוי שוקולד 40 גרם,שולן צ'\יקולטה גידה סאן.,TR,כיף כף פצפצים,גרמים,40.00,100 גרם,false,1,6.90,0.1725,true,1,66502
7290107932080,false,חלב מועשר יוטבתה בבקבוק 3% 1 ליטר,מחלבת יטבתה,IL,חלב בבקבוק 3% מועשר- מהדרין,ליטרים,1.00,ליטר,false,1,8.50,8.5000,true,1,65223
7290107932134,false,חלב מועשר יוטבתה בבקבוק 1% 1 ליטר,מחלבת יטבתה,IL,חלב בבקבוק 1% מועשר- מהדרין,ליטרים,1.00,ליטר,false,1,8.50,8.5000,true,1,65224
7290107936958,false,עד חצות ביסקוויט אצבעות שוקולד 125 גרם,ביסקוויטס טור ד'\אלבון,FR,עד חצות אצבעות,גרמים,125.00,100 גרם,false,1,14.90,0.1192,true,1,70213
7290107936965,false,עיגולים עד חצות עם שוקולד חלב 225 גר,ביסקווטרי עוגיות סנט,FR,עד חצות עיגולים,גרמים,225.00,100 גרם,false,1,18.90,0.0840,true,1,70212
7290107937542,false,משקה יוגורט אקטיביה עם תות 1.2% שומן,מיוצר עי קונדיטוריית,IL,משקה אקטיביה תות 1.2% בודד,גרמים,250.00,100 גרם,false,1,6.60,0.0264,true,1,66588
7290107937634,false,צנצנית מסטיק מאסט קוביות פפירמינט 58 ג' עלית,אסקום קונפקשיין,DE,צנצנת קוביות מנטה 58 גרם,גרמים,58.00,100 גרם,false,1,11.90,0.2052,true,1,67244
7290107937856,false,קפסולות 11חזק למכונות נספרסו עלית 10יח',הנסיך- מפעל לייצור ט,IL,קפסולות 11 למכונות נספרסו,גרמים,50.00,100 גרם,false,1,19.90,0.3980,true,1,67201
7290107938396,false,שמיניית אקטימל תות דיסני בנים 108 גרם,מיוצר עי קונדיטוריית,IL,אקטימל שמיניה תות,מיליליטרים,864.00,"100 מ""ל",false,1,23.50,0.0272,true,1,66714
7290107942355,false,תפוצ'יפס מקלות בטעם טבעי 60 גרם,"שטראוס פריטו ליי בע""",IL,תפו מקלות טבעי 60 גר 56 יח,גרמים,60.00,100 גרם,false,1,5.90,0.0983,true,1,67362
7290107943369,false,קוואקר שיבולת שועל ללא גלוטן 511 גרם,היידי שוקולד בירונטי,US,קוואקר שיבולת שועל ללא גלוטן 511 גר 6 יח,גרמים,511.00,100 גרם,false,1,19.90,0.0389,true,1,70031
7290107945165,false,קונפיטורת משמש יד מרדכי 340 גרם,אף.סי תבליני בגליל ב,IL,קונפיטורת משמש 340 גרם,גרמים,340.00,100 גרם,false,1,15.90,0.0468,true,1,67853
7290107951104,false,בפלות ופלים ארוכים בטעם שוקולד,"שטראוס גרופ בע""\מ",IL,בפלות שוקולד 200 גרם,גרמים,200.00,100 גרם,false,1,6.90,0.0345,true,1,67403
7290107951715,false,צנצנת מסטיק מאסט קוביות בטעם ענבים 58 ג' עלית,אסקום קונפקשיין,IL,צנצנת קוביות ענבים 58 גרם,גרמים,58.00,100 גרם,false,1,11.90,0.2052,true,1,67847
7290107954976,false,משקה חלב PRO עם קפה 1.5% 25 גרם חלבון בבקבוק,מחלבת יטבתה,DE,משקה קפה עם חלבון חלב 350 מיל,מיליליטרים,350.00,"100 מ""ל",false,1,7.50,0.0214,true,1,69531
7290107956642,false,"תרסיס שמן זית 150 מ""ל יד מרדכי כשלפ",פארייפאבה אגרואינדוס,ES,"תרסיס שמן זית 150 מ""ל",מיליליטרים,150.00,"100 מ""ל",false,1,19.90,0.1327,true,1,70788
7290107956901,true,קפסולות אגוזי לוז למ,הנסיך- מפעל לייצור ט,IL,קפסולות אגוזי לוז למכונות NESPRESSO,לא מנהל יחידת מידה,0.00,לא מנהל יחידת מידה,false,1,19.90,0.0000,true,1,72857
7290107956925,true,קפסולות קפה אספרסו 1,הנסיך- מפעל לייצור ט,IL,קפסולות אוגנדה מס' 13,לא מנהל יחידת מידה,0.00,לא מנהל יחידת מידה,false,1,19.90,0.0000,true,1,75126
7290107957991,false,מילקי CAKE מיניס קרם חלב בציפוי שוקולד חלב שקית 16X9ג',בובארד איטליה אס.פי.איי,IT,מילקי מינייס,גרמים,144.00,100 גרם,false,1,14.90,0.1035,true,1,74492
7290107973038,false,"סבון ידיים משאבה פלמוליב אקווריום 300 מ""ל",הנסיך- מפעל לייצור ט,IT,פלמוליב סבון ידיים אקווריום 300 מל,מיליליטרים,300.00,"100 מ""ל",false,1,11.90,0.0397,true,1,69345
7290107973557,true,ליידי ספריי אלוורה,הנסיך- מפעל לייצור ט,RU,לסס דאורדורנט ספריי אלוורה 150 מל,Unknown,0.00,Unknown,false,1,21.90,0.0000,true,1,75151
7290107973809,false,שימורי עגבניות קוביות 400 ג' מאסטר שף,פראנו אריקו ופיגלי ס.פ.א,IT,מאסטר שף קוביות עגבניות איטלקיות 400 גרם,גרמים,400.00,100 גרם,false,1,6.20,0.0155,true,1,66934
7290107975940,false,שימורי עדשים ירוקות400ג,פראנו אנריקו ופיגלי,IT,מאסטר שף קטניות איטלקיות עדשים ירוקות 400 גרם,גרמים,400.00,100 גרם,false,1,7.90,0.0198,true,1,67199
7290107978323,false,איטריות דקיקות מאסטר שף 400 גרם,הדקלאים אגודת שיתופי,PL,"מאסטר שף, אטריות דקיקות, 400 גרם",גרמים,400.00,100 גרם,false,1,6.50,0.0163,true,1,69100
7290107978330,false,מאסטר שף איטריות דקות 400 גרם,הדקלאים אגודת שיתופי,PL,מאסטר שף אטריות דקות 400 גרם,גרמים,400.00,100 גרם,false,1,6.50,0.0163,true,1,69101
7290107978347,false,איטריות בינוניות מאסטר שף 400 גרם,הדקלאים אגודת שיתופי,PL,מאסטר שף אטריות בינוניות 400 גרם,גרמים,400.00,100 גרם,false,1,6.50,0.0163,true,1,69102
7290107978637,true,משחת שיניים מרידול ח,קולגייט פלמוליב,PL,מרידול משחת שיניים למניעת בעיות חנייכים 75 מל,מיליליטרים,1.00,"100 מ""ל",false,1,21.90,21.9000,true,1,75968
7290108350128,false,סנו סושי שקיות אשפה חזקות במיוחד 40 יח',מיוצר עי קונדיטוריית,IL,שקית אשפה חזקה סנו סושי 40 יח,Unknown,0.00,Unknown,false,1,28.90,0.0000,true,1,61039
7290108350203,false,"סנו סושי כריות קרצוף+ספוג מקציף 6 יחידות 12X9 ס""מ",סנו סושי,US,כריות קרצוף עם ספוג מקציף 6 יחידות,לא מנהל יחידת מידה,0.00,לא מנהל יחידת מידה,false,1,11.90,0.0000,true,1,66683
7290108350210,false,סנו סושי 30 שקיות אשפה XL חזקות במיוחד,מיוצר עי קונדיטוריית,IL,חזקות לאשפה XL 30 שקיות,לא מנהל יחידת מידה,0.00,לא מנהל יחידת מידה,false,1,31.90,0.0000,true,1,65525
7290108350616,false,סנו - מקסימה מרכך כביסה מרוכז פריחה כחולה 1 ליטר,"סנו מפעלי ברונוס בע""\מ",IL,מקסימה מרכך כביסה מרוכז בלו בלוסום עוצמתי 1 ליטר,ליטרים,1.00,ליטר,false,1,21.90,21.9000,true,1,66770
7290108350623,false,מרכך כביסה סופר מרוכז סופט סילק מקסימה 1 ל' סנו,"סנו מפעלי ברונוס בע""\מ",IL,מקסימה מרכך כביסה מרוכז סופט סילק 1 ליטר,ליטרים,1.00,ליטר,false,1,21.90,21.9000,true,1,66760
7290108351156,false,ג'ל ניקוי כללי בתוספת חומץ בריח לבנדר סנו ג'ט 1.5 ליטר,"סנו מפעלי ברונוס בע""\מ",IL,ג'ט + לניקוי כללי ורצפות בתוספת חומץ 1.5 ליטר,ליטרים,1.50,ליטר,false,1,15.90,10.6000,true,1,67544
7290108351613,false,סנו ריצפז פרש הום בניחוח מלון חלומי 2 ל,"סנו מפעלי ברונוס בע""\מ",IL,'רצפז פ.הום מלון חלומי 2 ליטר,ליטרים,0.00,ליטר,false,1,23.90,0.0000,true,1,69604
7290108352009,false,סנו ספארק קפסולות למדיח כלים 50 יחידות,טרופיקל דגיל תעשיות,PL,סנו ספארק 50 קפסולות למדיח,לא מנהל יחידת מידה,0.00,לא מנהל יחידת מידה,false,1,55.90,0.0000,true,1,81606
7290108352641,false,סנו סושי מטלית הפלא לניקוי כללי במארז שלישייה,סנו מפעלי ברונוס.,IL,"סנו סושי מטלית הפלא לניקוי כללי, 3 יחידות",לא מנהל יחידת מידה,0.00,לא מנהל יחידת מידה,false,1,13.80,0.0000,true,1,69599
7290108352818,false,מטלית במבוק לניקוי דוחה ריחות רעים,צ'\נצ'\גן גולי מוצרי צרי,CN,סנו סושי מטלית במבוק לניקוי,לא מנהל יחידת מידה,0.00,לא מנהל יחידת מידה,false,1,9.90,0.0000,true,1,76507
7290108353044,false,תב.אפייה מנייר סנו סושי מאפינס גדול 24 י,מיוצר עי קונדיטוריית,CN,תבניות אפייה מנייר L,יחידה,1.00,יחידה,false,1,12.90,12.9000,true,1,117152
7290108353075,true,מפיות אירוח איכותיות,האנק טישו,PL,מפיות אירוח איכותיות 40*40,יחידה,1.00,יחידה,false,1,12.90,12.9000,true,1,78125
7290108353402,false,צמד מברשות שיניים עם סיבי פחם דקים במיוחד,יבואן ומשווק: ש. שסט,CN,מברשת שיניים אורביטול צארקול זוג,יחידה,1.00,יחידה,false,1,19.90,19.9000,true,1,80871
7290108353679,false,סנו סושי – ניילון שקופות 10 מפות,מיוצר עי קונדיטוריית,IL,סנו סושי - מפות ניילון שקופות נפתחות בקלות 10 יח,לא מנהל יחידת מידה,1.00,לא מנהל יחידת מידה,false,1,17.90,17.9000,true,1,81605
7290108354829,false,"קרם ידיים קרמה ורד וניל 100 מ""ל מ""ל",קוסמופארם,IL,קרמה קרם ידיים 100 מל ורד ווניל,מיליליטרים,100.00,"100 מ""ל",false,1,11.90,0.1190,true,1,122129
7290108356113,false,כיף תחליב רחצה חלב ודבש 700 מל,קוסמופארם בעמ,IL,"כיף תחליב רחצה חלב ודבש, 700 מל",מיליליטרים,700.00,"100 מ""ל",false,1,14.90,0.0213,true,1,75909
7290108357707,false,"כיף שמפו לשיער רגיל- תפוח זרעי צ'יה 700 מ""ל",גוד פוד פרודקטס S.p,IL,כיף שמפו לשיער רגיל תפוח זרעי ציה 700 מ,מיליליטרים,700.00,"100 מ""ל",false,1,14.90,0.0213,true,1,76778
7290108359824,false,"כיף - בייבי כיף קרם 500 מ""ל",קוסמופארם בעמ,IL,"לעור רגיש, 500 מל",מיליליטרים,500.00,"100 מ""ל",false,1,25.90,0.0518,true,1,75908
7290108502329,true,נתחי טונה בשמן זית 6,ארזינא,TH,נתחי טונה בשמן זית 640 גרם ויליפוד 1/4,גרמים,640.00,100 גרם,false,1,30.90,0.0483,true,1,75291
7290108503043,false,תפוחונים חטיף פלחים מיובשים מארז 22X4ג',הביי דונגפנג פוד קו. בעמ,CN,תפוחונים מיובשים מארז 3+1 88 גרם,גרמים,88.00,100 גרם,false,1,14.50,0.1648,true,1,77013
7290108890402,false,כובע סרוג לונג,אודס,,כובע סרוג לונג,יחידה,1.00,יחידה,false,1,29.90,29.9000,true,1,64600
7290108896350,false,כובע שחור לגבר,IMPOFIX,,כובע שחור לגבר,יחידה,1.00,יחידה,false,1,29.90,29.9000,true,1,66946
7290108941630,false,פשוטוסט-טוסט צהובה 2,עינת,IL,פשוטוסט-טוסט צהובה 215 גרם,גרמים,215.00,100 גרם,false,1,17.90,0.0833,true,1,83976
7290108941692,false,כריך שמיניה סלט ביצי,עינת,IL,כריך שמיניה סלט ביצים,גרמים,240.00,100 גרם,false,1,18.90,0.0787,true,1,120568
7290108941746,false,גבטה טוניסאי 305גרם,עינת,IL,גבטה טוניסאי 305גרם,גרמים,305.00,100 גרם,false,1,27.00,0.0885,true,1,120563
7290108941753,false,גבטה דאבל בשר 295גרם,עינת,IL,גבטה דאבל בשר 295גרם,גרמים,295.00,100 גרם,false,1,27.00,0.0915,true,1,120564
7290108941760,false,כריך גבטה סביח,עינת,IL,גבטה סביח305גרם,גרמים,305.00,100 גרם,false,1,27.00,0.0885,true,1,120567
7290108941791,false,"סלט השוק 1000 מ""ל",עינת,IL,"סלט השוק 1000 מ""ל",מיליליטרים,1000.00,"100 מ""ל",false,1,24.90,0.0249,true,1,120571
7290108941807,false,"סלט רענן 1000 מ""ל",עינת,IL,"סלט רענן 1000 מ""ל",מיליליטרים,1000.00,"100 מ""ל",false,1,24.90,0.0249,true,1,120570
7290108941821,false,"סלט הכפר 1000 מ""ל",עינת,IL,"סלט הכפר 1000 מ""ל",מיליליטרים,1000.00,"100 מ""ל",false,1,24.90,0.0249,true,1,120569
7290109351209,false,קרחון שרבט אננס תפוז לה פרוטה נסטלה 70 גרם,גלידות נסטלה )נגה גלידות,IL,קרחון שרבט לה פרוטה אננס תפוז 70 גרם,גרמים,70.00,100 גרם,false,1,9.90,0.1414,true,1,65804
7290109351957,false,פריכיות אורז מלא פיטנס עם שכבת שוקולד חלב,סנורייס בלגיום אן. ו,BE,פיטנס פריכיות גדולות שקלד.חלב 12*100גרם,גרמים,100.00,100 גרם,false,1,9.90,0.0990,true,1,67326
7290109355504,false,שלגון קראנץ וניל ליבת נוגט נסטלה 100 גרם,נטו מלינדה-בשר,IL,שלגון קראנץ וניל נוגט,גרמים,100.00,100 גרם,false,1,12.90,0.1290,true,1,67439
7290109358482,false,עוגיות קרמוגית במילוי קרם בטעם חלבה,"הגביע מוצרי וופלים בע""\מ",IL,אסם קרמוגית במילוי חלבה 12*200גרם,גרמים,200.00,100 גרם,false,1,14.90,0.0745,true,1,76549
7290109580111,false,צלעות אסאדו מעושנות פרימיום זוגלובק 120 גרם,זוגלובק,IL,צלעות אסאדו מעושנות פרימיום 120 גרם,גרמים,120.00,100 גרם,false,1,24.90,0.2075,true,1,122353
7290110110635,false,ספרייט 0.5 ליים חייב פקדון,החברה המרכזית לייצור,IL,"ספרייט בקבוק 500 מ""ל",מיליליטרים,500.00,"100 מ""ל",false,1,9.50,0.0190,true,1,72104
7290110110659,false,"ספרייט לימון ליים פחית 330מ""ל",החברה המרכזית לייצור משק,IL,"סליק ספרייט LIME 330 מ""ל מבצע",מיליליטרים,330.00,"100 מ""ל",false,1,8.50,0.0258,true,1,72103
7290110110765,false,פיוז טי גרין בטעם לימון נענע 500 מל,מבשלות בירה בינלאומי,IL,פיוזטי גרין לימון נענע 0.5 ליטר,מיליליטרים,500.00,"100 מ""ל",false,1,9.90,0.0198,true,1,73702
7290110111557,false,"משקה ספורט איזוטוני בטעם פירות 500 מ""ל פאוורייד",Caslino al Piano pla,IT,פאוורייד ספורט500מל בטעם פירות,מיליליטרים,500.00,"100 מ""ל",false,1,11.90,0.0238,true,1,75784
7290110111564,false,"משקה ספורט איזוטוני בטעם הדרים ליין 500 מ""ל פאוורייד",פאווראייד POWERADE,IT,פאוורייד ספורט 500מל איזוטוני בטעם הדרים,מיליליטרים,500.00,"100 מ""ל",false,1,11.90,0.0238,true,1,75785
7290110113421,false,"בירה מעוננת קרלסברג luma 330 מ""ל",מבשלות בירה בינלאומיות ב,IL,קרלסברג LUMA בק 330 בודד,מיליליטרים,330.00,"100 מ""ל",false,1,15.90,0.0482,true,1,82280
7290110113599,false,סודה נורדיק 250 מל,החברה המרכזית למשקאו,IL,"NM מי סודה 250 מ""ל",מיליליטרים,250.00,"100 מ""ל",false,1,6.90,0.0276,true,1,123317
7290110113926,false,פאנטה ZERO אורנג 0.5 חייב פקדון,החברה המרכזית לייצור,IL,"פאנטה ZERO אורנג' 500 מ""ל",מיליליטרים,500.00,"100 מ""ל",false,1,9.50,0.0190,true,1,121094
7290110114190,false,פריגת יוניקורן תפוח,גת,IL,"סחוט UNICORN תפוח ענבים אגס 400 מ""ל",מיליליטרים,400.00,"100 מ""ל",false,1,12.50,0.0313,true,1,122938
7290110114398,false,"נורדיק מיסט סודה לימון עדין 250 מ""ל",החברה המרכזית למשקאו,IL,"NM סודה בטעם לימון עדין 250 מ""ל",מיליליטרים,250.00,"100 מ""ל",false,1,6.90,0.0276,true,1,123315
7290110114404,false,"נורדיק מיסט סודה תפוח נענע עדין 250 מ""ל",החברה המרכזית למשקאו,IL,"NM סודה בטעם תפוח נענע עדין 250 מ""ל",מיליליטרים,250.00,"100 מ""ל",false,1,6.90,0.0276,true,1,123316
7290110114787,false,נביעות+ מים מינרליים בטעם תפוח 1.5 ליטר,נביעות טבע הגליל בעמ,IL,נביעות+ בטעם תפוח 1.5 ליטר,ליטרים,1.50,ליטר,false,1,13.90,9.2667,true,1,121863
7290110114794,false,נביעות+ מים מינרליים בטעם אפרסק 1.5 ליטר,"נביעות טבע הגליל בע""\מ ,",IL,נביעות + בטעם אפרסק 1.5 ליטר,ליטרים,1.50,ליטר,false,1,13.90,9.2667,true,1,121864
7290110114800,false,נביעות+ מים מינרליים בטעם ענבים 1.5 ליטר,"נביעות טבע הגליל בע""\מ",IL,נביעות + בטעם ענבים 1.5 ליטר,ליטרים,1.50,ליטר,false,1,13.90,9.2667,true,1,121865
7290110114855,false,"נביעות מים מינרליים, שישיה 6 * 1.5 ליטר פקדון",נביעות טבע הגליל בעמ,IL,6 נביעות 1.5 ליטר,ליטרים,9.00,ליטר,false,6,20.90,2.3222,true,1,121866
7290110114961,false,משקה קל תפוזים פריגת 1.5 ליטר,מבשלות בירה בינלאומיות ב,IL,"פריגת תפוזים, 1.5 ליטר",ליטרים,1.50,ליטר,false,1,14.90,9.9333,true,1,121870
7290110114985,false,משקה קל אשכוליות פריגת 1.5 ליטר,מבשלות בירה בינלאומיות ב,IL,פריגת בטעם אשכוליות 1.5 ליטר,ליטרים,1.50,ליטר,false,1,14.90,9.9333,true,1,121871
7290110115005,false,משקה קל ענבים פריגת 1.5 ליטר,מבשלות בירה בינלאומיות ב,IL,משקה קל פירות ענבים תפוחים,ליטרים,1.50,ליטר,false,1,14.90,9.9333,true,1,121872
7290110115029,false,"פריגת משק""ל תפוח 1.5 ליטר פיקדון",מבשלות בירה בינלאומיות ב,IL,פריגת בטעם תפוחים 1.5 ליטר,ליטרים,1.50,ליטר,false,1,14.90,9.9333,true,1,121873
7290110115036,false,משקה קל מנגו פריגת 1.5 ליטר,מבשלות בירה בינלאומיות ב,IL,"משק""ל מנגו 1.5 ליטר",ליטרים,1.50,ליטר,false,1,14.90,9.9333,true,1,121874
7290110115043,false,משקה קל לימונענע פריגת 1.5 ליטר,מבשלות בירה בינלאומיות ב,IL,משקה קל פירות לימונענע,ליטרים,1.50,ליטר,false,1,14.90,9.9333,true,1,121925
7290110115050,false,פריגת מיקס תות בננה 1.5 ליטר פיקדון,מבשלות בירה בינלאומיות ב,IL,פריגת טעם תות בננה 1.5 ליטר,ליטרים,1.50,ליטר,false,1,14.90,9.9333,true,1,121875
7290110115296,false,משקה מוגז אורנג' פאנטה 1.5 ליטר,החברה המרכזית לייצור משק,IL,פאנטה אורנג' 1.5 ליטר,ליטרים,1.50,ליטר,false,1,13.50,9.0000,true,1,121882
7290110115319,false,פאנטה אקזוטיק 1.5 ליטר פיקדון,החברה המרכזית לייצור משק,IL,פאנטה אקזוטיק 1.5 ליטר,ליטרים,1.50,ליטר,false,1,13.90,9.2667,true,1,121883
7290110115449,false,אייס תה בטעם מנגו אננס 1.5ל' FUZE TEA,מבשלות בירה בינלאומיות ב,IL,פיוזטי מנגו אננס 1.5 ליטר,ליטרים,1.50,ליטר,false,1,14.50,9.6667,true,1,121887
7290110115456,false,"תה קר בטעם אפרסק 19 קלוריות ב- 100 מ""ל",מבשלות בירה בינלאומיות ב,IL,FUZE tea אפרסק 19 קל' 1.5 ליטר,ליטרים,1.50,ליטר,false,1,14.50,9.6667,true,1,121888
7290110115463,false,פיוז טי אפרסק 1.5 ליטר פיקדון,מבשלות בירה בינלאומיות ב,IL,פיוזטי אפרסק 1.5 ליטר,ליטרים,1.50,ליטר,false,1,14.50,9.6667,true,1,121889
7290110115494,false,תה קר בטעם ענבים פיוז טי 1.5 ליטר,מבשלות בירה בינלאומית בע,IL,פיוזטי ענבים 1.5 ליטר,ליטרים,1.50,ליטר,false,1,14.50,9.6667,true,1,121891
7290110115654,false,"פיוז טי זירו גרין אננס, 500 מ""ל",מבשלות בירה בינלאומי,IL,פיוזטי ZERO גרין אננס 0.5 ליטר,מיליליטרים,500.00,"100 מ""ל",false,1,9.90,0.0198,true,1,121913
7290110115661,false,"פיוז טי זירו בטעם אפרסק 500 מ""ל",מבשלות בירה בינלאומי,IL,פיוזטי ZERO אפרסק 0.5 ליטר,מיליליטרים,500.00,"100 מ""ל",false,1,9.90,0.0198,true,1,121912
7290110115692,false,משקה קל בטעם מלון עם קוביות אלוורה,החברה המרכזית למשקאו,TW,"פריגת קוביות מלון אלוורה 315 מ""ל",מיליליטרים,315.00,"100 מ""ל",false,1,10.90,0.0346,true,1,123357
7290110115739,false,פריגת קוביות בטעם פינקולדה עם קוביות ג'ל קוקוס,החברה המרכזית למשקאו,TW,"פריגת קוביות פינקולדה קוקוס 315 מ""ל",מיליליטרים,315.00,"100 מ""ל",false,1,10.90,0.0346,true,1,123356
7290110115777,false,נביעות .ל1.5 מים מינרלים,נביעות,,מים נביעות בקבוק 1.5 ליטר,ליטרים,1.50,ליטר,false,1,8.20,5.4667,true,1,121927
7290110116200,false,מים 0 קלוריות בטעם לימון-ליים 0.5 ל נביעות,"נביעות טבע הגליל בע""",TW,נביעות+ 0 קלוריות לימון ליים 0.5 ליטר,מיליליטרים,500.00,"100 מ""ל",false,1,10.50,0.0210,true,1,123497
7290110116224,false,נביעות 0 קלוריות בטעם אשכולית 0.5 ליטר,"נביעות טבע הגליל בע""",TW,נביעות+ 0 קלוריות אשכולית 0.5 ליטר,מיליליטרים,500.00,"100 מ""ל",false,1,10.50,0.0210,true,1,123496
7290110116385,false,"פחיות סטפאני מרשמלו אבטיח תות זירו 330 מ""ל",החברה המרכזית לייצור משק,IL,קולה קולה זירו סטאפני 330 מל,מיליליטרים,330.00,"100 מ""ל",false,1,9.50,0.0288,true,1,123314
7290110116422,false,נורדיק מיסט סודה נענע גרידת לימון 250 מ,החברה המרכזית למשקאו,IL,"NM סודה בטעם נענע גרידת לימון 250 מ""ל",מיליליטרים,250.00,"100 מ""ל",false,1,6.50,0.0260,true,1,124447
7290110116514,false,פריגת סחוט מיקס תות בננה 400מל,פריגת,IL,"MIX תות בננה 400 מ""ל",מיליליטרים,400.00,"100 מ""ל",false,1,11.90,0.0298,true,1,124302
7290110116521,false,"פריגת סחוט מיקס אפרסק משמש 400 מ""ל",פריגת,IL,"MIX אפרסק משמש 400 מ""ל",מיליליטרים,400.00,"100 מ""ל",false,1,11.90,0.0298,true,1,124303
7290110116576,false,"ספרייט זירו LEMON HIT בקבוק 500 מ""ל",החברה המרכזית לייצור משק,IL,"ספרייט זירו למון היט 500 מ""ל",מיליליטרים,500.00,"100 מ""ל",false,1,9.50,0.0190,true,1,124224
7290110320850,false,פתיתים גבינה חצי קשה מגורדת 28% שומן,תנובה מרכז שיתופי לש,IL,עמק פתיתים 28% שומן 200 גרם,גרמים,200.00,100 גרם,false,1,16.90,0.0845,true,1,70224
7290110320867,false,פתיתים גבינה חצי קשה מגורדת 28% שומן,תנובה מרכז שיתופי לש,IL,עמק פתיתים 28% שומן 500 גרם,גרמים,500.00,100 גרם,false,1,39.90,0.0798,true,1,70070
7290110320935,false,גבינת מוצרלה תנובה 150ג' פרוסות,תנובה מרכז שיתופי לש,IL,תנובה פרוסות מוצרלה 20% שומן 150 גרם,גרמים,150.00,100 גרם,false,1,19.90,0.1327,true,1,70105
7290110321031,false,מעדן חלב GO יוגורט מועשר בחלבון טבעי 200 ג' יופלה,"תנובה, מחלבת אלון תב",IL,"יופלה GO יוגורט מועשר בחלבון, 2% שומן",גרמים,200.00,100 גרם,false,1,6.90,0.0345,true,1,70042
7290110321680,false,יוגורט GO בטעם תות 20 גרם חלבון בגביע,מיוצר עי קונדיטוריית,IL,יוגורט עם תות בתוספת חלבוני חלב,גרמים,200.00,100 גרם,false,1,6.90,0.0345,true,1,72217
7290110321697,false,יוגורט GO בטעם אפרסק 20 גרם חלבון בגביע,מיוצר עי קונדיטוריית,IL,יוגורט עם אפרסק בתוספת חלבוני חלב,גרמים,200.00,100 גרם,false,1,6.90,0.0345,true,1,72218
7290110321703,false,יוגורט עם פירות יער בתוספת חלבוני חלב 2% שומן,מיוצר עי קונדיטוריית,IL,יוגורט עם פירות יער מועשר בחלבון,גרמים,200.00,100 גרם,false,1,6.90,0.0345,true,1,73784
7290110323301,false,טל העמק בסגנון אמנטל 32% שומן 200 גרם,עמק - תנובה,IL,גבינה צהובה טל העמק 32% שומן 200 גרם,גרמים,200.00,100 גרם,false,1,19.90,0.0995,true,1,76495
7290110323585,true,יוגורט עם דובדבן מופ,מיוצר עי קונדיטוריית,IL,יוגורט עם דובדבן מופחת קולוריות GO200גרם,גרמים,200.00,100 גרם,false,1,6.90,0.0345,true,1,76020
7290110323592,true,יוגורט עם אפרסק מופח,מיוצר עי קונדיטוריית,IL,יוגורט עם אפרסק מופחת קולוריות GO200גרם,גרמים,200.00,100 גרם,false,1,6.90,0.0345,true,1,76021
7290110323714,false,משקה קוקוס שקדים תנובה 1 ליטר,מיוצר עי קונדיטוריית,IL,משקה קוקוס שקדים תנובה 1 ליטר,ליטרים,1.00,ליטר,false,1,13.90,13.9000,true,1,76793
7290110324841,false,מעדן שקדים עם שוקולד מריר תנובה 125 גרם,מיוצר עי קונדיטוריית,IL,מעדן שקדים עם שוקולד מריר אלטרנטיב 125גר,גרמים,125.00,100 גרם,false,1,5.00,0.0400,true,1,80572
7290110324872,false,פרוסות גבינה צהובה גלבוע 5%,גלבוע - תנובה,IL,גבינת גלבוע 5% שומן 200 גרם,גרמים,200.00,100 גרם,false,1,20.90,0.1045,true,1,80775
7290110324926,false,משקה סויה ללא תוספת סוכר 1 ליטר,תנובה מרכז שיתופי לש,IL,משקה סויה ללא תוספת סוכר 1 ליטר,ליטרים,1.00,ליטר,false,1,13.50,13.5000,true,1,80582
7290110325169,false,פרוסות גאודה תנובה 170 גרם,תנובה חלב,IL,פרוסות גאודה קולקשיין 170 גרם,גרמים,170.00,100 גרם,false,1,24.90,0.1465,true,1,117897
7290110325305,false,יופלה GO סויה 20 גרם חלבון במתיקות מעודנת תנובה 200 גרם,מיוצר עי קונדיטוריית,IL,מעדן סויהGO 20 גרם חלבון במתיקות מעודנת 200גרם,גרמים,200.00,100 גרם,false,1,7.00,0.0350,true,1,80576
7290110325312,false,יופלה GO סויה 20 גרם חלבון בטעם תות תנובה 200 גרם,"תנובה בע""\מ",IL,מעדן סויה GO 20 גרם חלבון בטעם תות 200גרם,גרמים,200.00,100 גרם,false,1,7.00,0.0350,true,1,80575
7290110325619,false,אלטרנטיב משקה שיבולת שועל 1 ליטר,מיוצר עי קונדיטוריית,IL,משקה שיבולת שועל 1ליטר,ליטרים,1.00,ליטר,false,1,13.90,13.9000,true,1,81156
7290110325893,false,משקה חלב GO מועשר בחלבון בטעם אייס קפה,מיוצר עי קונדיטוריית,IL,תנובה GO אייס קפה 340 מל,מיליליטרים,340.00,"100 מ""ל",false,1,9.90,0.0291,true,1,81161
7290110326210,false,יופלה און טופ פצפוצים תנובה 157 גרם,מיוצר עי קונדיטוריית,IL,יופלה און טופ פצפוצים 157 גרם,גרמים,157.00,100 גרם,false,1,5.70,0.0363,true,1,81631
7290110326241,false,יופלה און טופ גרנולה תנובה 157 גרם,מיוצר עי קונדיטוריית,IL,יופלה און טופ גרנולה 157 גרם,גרמים,157.00,100 גרם,false,1,5.70,0.0363,true,1,81634
7290110326333,false,פרוסות גבינה סקנדינבית תנובה 170 גרם,פ.פ.ח. שאביט,IL,פרוסות גבינה סקנדינבית קולקשיין 170 גרם,גרמים,200.00,100 גרם,false,1,19.90,0.0995,true,1,83390
7290110327514,false,alternative משקה שיבולת שועל בטעם אגוזי לוז תנובה 1 ליטר,תנובה מרכז שיתופי לש,IL,משקה שיבולת שועל אלטרנטיב אגוזי לוז 1 ל,ליטרים,1.00,ליטר,false,1,13.90,13.9000,true,1,121670
7290110327545,false,יופלה און טופ בטעם תות בתוספת פצפוצים מצופים שוקולד 157 גרם,מיוצר עי קונדיטוריית,IL,יופלה אוןטופ תות תוספת פצפוצים מצופים157,גרמים,157.00,100 גרם,false,1,5.50,0.0350,true,1,122099
7290110327798,false,חטיף חלבון GO בטעם שוקולד 20 גרם חלבון,"בלמונט קונפקציות בע""\מ.",US,GO חטיף חלבון בטעם שוקולד 60 גרם,גרמים,60.00,100 גרם,false,1,14.90,0.2483,true,1,85756
7290110327804,false,חטיף חלבון GO בטעם בצק עוגיות 20 גרם חלבון,"בלמונט קונפקציות בע""\מ.",US,GO חטיף חלבון בטעם בצק עוגיות 60 גרם,גרמים,60.00,100 גרם,false,1,14.90,0.2483,true,1,85757
7290110327811,false,חטיף חלבון GO בטעם קוקוס 20 גרם חלבון,"בלמונט קונפקציות בע""\מ.",US,GO חטיף חלבון עם קוקוס 60 גרם,גרמים,60.00,100 גרם,false,1,14.90,0.2483,true,1,85758
7290110327828,false,חטיף חלבון GO בטעם חמאת בוטנים 20 גרם חלבון,"בלמונט קונפקציות בע""\מ.",US,GO חטיף חלבון עם חמאת בוטנים 60 גרם,גרמים,60.00,100 גרם,false,1,14.90,0.2483,true,1,85759
7290110328016,false,משקה סויה מועשר בחלבון בטעם אגוזי לוז 250 גרם,תנובה מרכז שיתופי לש,IL,"משקה סויה מועשר בחלבון בטעם אגוזי לוז 250 מ""ל",מיליליטרים,250.00,"100 מ""ל",false,1,7.90,0.0316,true,1,119118
7290110328023,false,משקה סויה מועשר בחלבון בטעם קפה 250 גרם,תנובה מרכז שיתופי לש,IL,"משקה סויה מועשר בחלבון בטעם קפה 250 מ""ל",מיליליטרים,250.00,"100 מ""ל",false,1,7.90,0.0316,true,1,119117
7290110328580,false,יוגורט תנובה טבעי 5% גביע 200 גרם,מיוצר עי קונדיטוריית,IL,יוגורט תנובה 5% 200 גרם,גרמים,200.00,100 גרם,false,1,3.30,0.0165,true,1,121671
7290110328627,false,יוגורט יופלה GO במרקם סמיך בטעם בננה קרמל 0%,מיוצר עי קונדיטוריית,IL,יוגורט GO סמיך 0% בננה קרמל 200 גרם,גרמים,200.00,100 גרם,false,1,6.90,0.0345,true,1,85787
7290110328764,false,יוגורט יופלה GO במרקם סמיך עם תות 0%,מיוצר עי קונדיטוריית,IL,יוגורט GO סמיך 0% תות 200 גרם,גרמים,200.00,100 גרם,false,1,6.90,0.0345,true,1,85786
7290110328771,false,יוגורט יופלה GO במרקם סמיך עם פירות יער 0%,מיוצר עי קונדיטוריית,IL,יוגורט GO סמיך 0% פ. יער 200 גרם,גרמים,200.00,100 גרם,false,1,6.90,0.0345,true,1,85785
7290110328788,false,יוגורט יופלה GO במרקם סמיך בטעם אפרסק 0%,תנובה מרכז שיתופי לש,IL,יוגורט GO סמיך 0% אפרסק 200 גרם,גרמים,200.00,100 גרם,false,1,6.90,0.0345,true,1,85784
7290110329143,false,מעדן חלב מעושר בחלבון בטעם וניל גביע 120 ג' GO,תנובה מרכז שיתופי לש,IL,מעדן חלב גו בטעם וניל 12 חלבון 120גרם,גרמים,120.00,100 גרם,false,1,5.50,0.0458,true,1,121673
7290110329686,false,"משקה חלב גו בטעם עוגיות 340 מ""ל",מיוצר עי קונדיטוריית,IL,משקה חלב GO בטעם עוגיות 340 מל,מיליליטרים,340.00,"100 מ""ל",false,1,9.90,0.0291,true,1,121709
7290110329709,false,יוגורט תנובה טבעי 0% גביע 200 גרם,מיוצר עי קונדיטוריית,IL,יוגורט תנובה 0% 200 גרם,גרמים,200.00,100 גרם,false,1,3.30,0.0165,true,1,121676
7290110424619,false,צעיף נשים פתוח,,,צעיף נשים סגור,יחידה,1.00,יחידה,false,1,29.90,29.9000,true,1,75022
7290110472016,false,כבל מטאלי 2 מטר שחורTYPE C,Unknown,,כבל 2 מטר - TYPE C,יחידה,1.00,יחידה,false,1,39.90,39.9000,true,1,80596
7290110472467,false,מתאם למצת TYPE C + כבל טעינה 1.5 מטר,Unknown,,מתאם למצת TYPE C,יחידה,0.00,יחידה,false,1,44.90,0.0000,true,1,80435
7290110472474,false,מתאם קיר TYPE C + כבל טעינה 1.5 מטר,Unknown,,מתאם קיר TYPE C,יחידה,1.00,יחידה,false,1,54.90,54.9000,true,1,80436
7290110473433,false,אוזניות JUST BASS אפ,Unknown,,אוזניות JUST BASS אפור,יחידה,1.00,יחידה,false,1,49.90,49.9000,true,1,80445
7290110473501,false,זרוע טלסקופית לרכב שחור TECH GRIP,Unknown,,זרוע לרכב TECH GRIP BLACK,יחידה,1.00,יחידה,false,1,54.90,54.9000,true,1,80461
7290110473594,false,זרוע איכותית לרכב מג,Unknown,,זרוע לרכב ROCKET GRIP BLACK,יחידה,1.00,יחידה,false,1,49.90,49.9000,true,1,80450
7290110474256,false,כבל 2 מטר aux iron m,Unknown,,כבל aux iron man,יחידה,1.00,יחידה,false,1,49.90,49.9000,true,1,80431
7290110474430,false,מתאם לאוזניות מ אפל,Unknown,,מתאם AUX מאושר אפל,יחידה,1.00,יחידה,false,1,79.90,79.9000,true,1,80421
7290110474690,false,כבל USB C לחיבור LI,Unknown,,כבל USB C לחיבור LIGHTNING מאושר אפל,יחידה,1.00,יחידה,false,1,69.90,69.9000,true,1,80430
7290110475086,false,כבל טעינה 3 מטר USB,Unknown,,כבל 3 מטר EXTENDED CHARGE למיקרו USB,יחידה,1.00,יחידה,false,1,39.90,39.9000,true,1,80458
7290110475116,false,מטען קיר SPEEDY,Unknown,,מטען קיר SPEEDY,יחידה,1.00,יחידה,false,1,79.90,79.9000,true,1,80429
7290110475673,false,שלישיית מסכות KN95,Unknown,,מארז 3 מסכות N95,יחידה,1.00,יחידה,false,3,10.00,10.0000,true,1,81567
7290110476267,false,מטען קיר מאושר אפל 2,Unknown,,מטען קיר מאושר אפל 2,יחידה,1.00,יחידה,false,1,119.00,119.0000,true,1,84575
7290110477875,false,זרוע מגנטית למגנט,Unknown,,TECH VENT מעמד מגנטי למזגן,יחידה,1.00,יחידה,false,1,39.90,39.9000,true,1,124454
7290110550394,false,PERFECT BITE שוקולד חלב במילוי קרם ושברי אגוזי לוז 234 גרם,"שטראוס גרופ בע""\מ",IL,BITEחטיפי שוקולד קרם אגוזים ושב 234 גרם,גרמים,234.00,100 גרם,false,1,24.90,0.1064,true,1,121681
7290110553029,false,"אנרג'י קריספס-פריכיות חומוס, עדשים ואפונה עם קייל וסלק","פרח תעשיו מזון בע""מ",IL,פריכיות חלבון קייל חומוס ומלח 60גרם,גרמים,60.00,100 גרם,false,1,12.90,0.2150,true,1,122151
7290110553036,false,קריספס-פריכיות עם אפונה ובטטה סגולה בטעם בצל מקורמל,"פרח תעשיו מזון בע""מ",IL,פריכיות חלבון בטטה סגולה ובצל 60 ג,גרמים,60.00,100 גרם,false,1,12.90,0.2150,true,1,122152
7290110553210,false,סבבה בוטנים הוט באפלו ווינגס 51.2 ג',STRAUSS-ISRAEL,IL,סבבה בוטנים הוט באפלו ווינגס 50 גרם,גרמים,50.00,100 גרם,false,1,3.00,0.0600,true,1,123243
7290110553401,false,בינז אייס קופי לאטה,מונסטרלנד לולף,DE,אייס קופי לאטה וניל BEANZ,מיליליטרים,250.00,"100 מ""ל",false,1,11.90,0.0476,true,1,123016
7290110553623,false,צ'יטוס קראנצ'י בטעם צ'דר חלפיניו - חלבי,"שטראוס פריטו ליי בע""\מ )",IL,ציטוס קראנץ צ'דר חלפיניו 80 ג 48 יח,גרמים,80.00,100 גרם,false,1,6.90,0.0863,true,1,123360
7290110554118,false,נודלס מלזי חריף עם טופו וירקות ברוטב קארי ירוק,"טרופיקל דגיל בע""מ אז",IL,נודלס מלזי חריף דלישס 350גרם,גרמים,350.00,100 גרם,false,1,26.90,0.0769,true,1,121410
7290110554453,false,בינז אייס קופי לאטה,מונסטרלנד לולף,DE,אייס קופי לאטה מוקה BEANZ,מיליליטרים,250.00,"100 מ""ל",false,1,11.90,0.0476,true,1,123017
7290110555078,false,לאבנה עם שמן זית ועשבי תיבול שטראוס 250 גרם,"מחלבות בר בכפר בע""\מ",IL,לאבנה עם שמן זית ועשבי תיבול 250 גרם,גרמים,250.00,100 גרם,false,1,11.90,0.0476,true,1,122737
7290110555092,false,לאבנה עם שמן זית וצ'ילי שטראוס 250 גרם,"מחלבות בר בכפר בע""\מ",IL,לאבנה עם שמן זית וצ'ילי 250 גרם,גרמים,250.00,100 גרם,false,1,11.90,0.0476,true,1,122738
7290110555337,false,נמס ICE קלאסי 250 מל,מונסטרלנד לולף,DE,"ICE נמס קלאסי 250 מ""ל",מיליליטרים,250.00,"100 מ""ל",false,1,10.50,0.0420,true,1,123352
7290110555344,false,"ICE נמס וניל 250 מ""ל",שטראוס גרופ,IL,"ICE נמס וניל 250 מ""ל",מיליליטרים,250.00,"100 מ""ל",false,1,10.50,0.0420,true,1,123351
7290110556242,false,עלית - שוקולד מריר פרווה בדץ 100 גרם,"שטראוס גרופ בע""מ.",FR,שוקולד מריר פרווה בדץ חדש,גרמים,100.00,100 גרם,false,1,8.50,0.0850,true,1,123480
7290110557102,false,מעדן חלב עם שוקולד מועשר בחלבון 150 ג' שטראוס,מיוצר עי קונדיטוריית,IL,מעדן חלב עם שוקולד מועשר בחלבון,גרמים,150.00,100 גרם,false,1,5.50,0.0367,true,1,121264
7290110557133,false,מעדן הגולן וניל 125 ג' שטראוס,מיוצר עי קונדיטוריית,IL,מעדן הגולן וניל,גרמים,125.00,100 גרם,false,1,3.20,0.0256,true,1,121914
7290110557416,false,מילקי טופ לבבות 144 גרם,מיוצר עי קונדיטוריית,IL,מילקי טופ לבבות,גרמים,141.00,100 גרם,false,1,5.40,0.0383,true,1,122105
7290110558154,false,דנונה לייט אנד פרי עוגת תפוחים 150ג דנונה,"שטראוס בריאות בע""\מ",IL,דנונה לייט אנד פרי עוגת תפוחים,גרמים,150.00,100 גרם,false,1,5.50,0.0367,true,1,123342
7290110558215,false,"דנונה קראנצ`פיסטוק עם פיצפוץ לבן קראנצי פיסטוק, 173 גרם","שטראוס בריאות בע""\מ",IL,דנונה בר קראנצ פיסטוק פצפוץ לבן 173 ג,גרמים,173.00,100 גרם,false,1,6.20,0.0358,true,1,124183
7290110558741,false,"גמדים פאוץ תפוח בננה, 100 ג' שטראוס","שטראוס בריאות בע""\מ",IL,גמדים פאוץ תפוח בננה 100,גרמים,100.00,100 גרם,false,1,6.90,0.0690,true,1,124405
7290110559939,false,נתחי סויה בסגנון שווארמה ומג'דרה 350 גרם,אוכל ביתי ניר עציון,IL,נתחי סויה בסגנון שווארמה ומגדרה דלישס 3,גרמים,350.00,100 גרם,false,1,26.90,0.0769,true,1,123037
7290110560300,false,"הפריכיות הטעימות חומוס, עדשים שחורות, קינואה ופלפל שחור",אנרג'י Energy - שטראוס,IL,פריכיות משולשות- פלפל שחור,גרמים,30.00,100 גרם,false,1,6.90,0.2300,true,1,75753
7290110560324,false,"הפריכיות הטעימות תפו""א, אורז, אפונה ומלח ים","פרח תעשיו מזון בע""מ",IL,פריכיות משולשות- אפונה ירוקה,גרמים,30.00,100 גרם,false,1,6.90,0.2300,true,1,75755
7290110563431,false,"משקה קפה קר בסגנון קלאסי 230 מ""ל 1.6% יוטבתה",האי נאם סי או אל.טי.,AT,משקה קפה קר בסגנון קלאסי 1.6%,מיליליטרים,230.00,"100 מ""ל",false,1,9.90,0.0430,true,1,76992
7290110563448,false,"משקה קפה קר בסגנון מעודן 230 מ""ל 1.6% יוטבתה",האי נאם סי או אל.טי.,AT,משקה קפה קר בסגנון מעודן 1.6%,מיליליטרים,230.00,"100 מ""ל",false,1,9.90,0.0430,true,1,76993
7290110563462,false,חלב 2% דל לקטוז בבקבוק יטבתה 1 ליטר.,מחלבת יטבתה,IL,חלב בבקבוק נטול לקטוז 2%,ליטרים,1.00,ליטר,false,1,8.50,8.5000,true,1,77306
7290110564360,false,חומוס אחלה הסידרה המובחר 40% טחינה 400 גר',מיוצר עי קונדיטוריית,IL,חומוס הסדרה המובחרת עשיר ב-40% טחינה,גרמים,400.00,100 גרם,false,1,15.60,0.0390,true,1,71379
7290110564742,false,"משקה קפה קר בסגנון חזק 230 מ""ל 1.2% יוטבתה",האי נאם סי או אל.טי.,AT,משקה קפה קר בסגנון חזק -חדש,מיליליטרים,230.00,"100 מ""ל",false,1,9.90,0.0430,true,1,76994
7290110566043,false,יוגורט 4.5% שומן 3 ל' שטראוס,"מחלבות בר בכפר בע""מ",IL,יוגורט כד 3 ליטר 4% שומן,מיליליטרים,3.00,"100 מ""ל",false,1,30.90,10.3000,true,1,114534
7290110566579,false,דבש לחיץ 200 גרם יד מרדכי,מכוורת יד מרדכי שטרא,IL,דבש בקבוק לחיץ 200 גרם,גרמים,200.00,100 גרם,false,1,13.90,0.0695,true,1,79664
7290110566975,false,דנונה פרו יוגורט 0% תות עשיר בחלבון 200ג',"שטראוס בריאות בע""\מ",IL,דנונה פרו 20 גר תות 0% שומן,גרמים,200.00,100 גרם,false,1,6.90,0.0345,true,1,72480
7290110568238,false,"קצפת צמחית 21% שומן 250 מ""ל יוטבתה",מחלבת יטבתה,IL,קצפת צמחית 21% 250 גרם יוטבתה,גרמים,250.00,100 גרם,false,1,8.50,0.0340,true,1,114714
7290110568276,false,משקה וניל פרו Pro מועשר בחלבון 1.5%,מחלבת יטבתה,DE,משקה וניל עם חלבון חלב 350 מיל,מיליליטרים,350.00,"100 מ""ל",false,1,7.50,0.0214,true,1,73779
7290110570125,false,"משקה קפה קר בטעם אייריש קרים230 מ""ל יוטבתה",אנסטל מילק kg,AT,קפה קר בטעם אייריש קרים 230מל,מיליליטרים,230.00,"100 מ""ל",false,1,9.90,0.0430,true,1,124184
7290110571382,false,מעדן חלב בטעם וניל מעושר בחלבון 150 ג' שטראוס,"שטראוס בריאות בע""\מ",IL,מעדן חלב בטעם וניל מועשר בחלבון,גרמים,150.00,100 גרם,false,1,5.50,0.0367,true,1,122741
7290110571405,false,עלית - מיני פינוקיות בגביע פסק זמן 180 גרם,"הגביע מוצרי ופלים בע""\מ",IL,מיני פינוקיות בגביע פסק זמן 180 גרם,גרמים,180.00,100 גרם,false,1,14.90,0.0828,true,1,124548
7290110571412,false,עלית - מיני פינוקיות בגביע פאדג' 180 גרם,"הגביע מוצרי ופלים בע""\מ",IL,מיני פינוקיות בגביע פאדג 180 גרם,גרמים,180.00,100 גרם,false,1,14.90,0.0828,true,1,124547
7290110572969,false,כיף כף פצפצים במילוי קרם בטעם שוקולד לבן,שולן צ'\יקולטה גידה סאן.,TR,חטיף כיף כף פצפצים 40 גרם,גרמים,40.00,100 גרם,false,1,6.90,0.1725,true,1,123978
7290110572976,false,כיף כף פצפצים בגביע במילוי קרם בטעם שוקולד לבן,שולן צ'\יקולטה גידה סאן.,TR,כיף כף פצפצים 135 גרם,גרמים,135.00,100 גרם,false,1,14.90,0.1104,true,1,123989
7290110576752,false,טבלאות שוקולד ספלנדיד מריר 70% 100 ג' עלית,קימ'ס גריפלנן,BE,ספלנדיד מריר 70% 100 גרם,גרמים,100.00,100 גרם,false,1,12.90,0.1290,true,1,124308
7290110576776,false,טבלאות שוקולד ספלנדיד מריר 85% 100 ג' עלית,קימ'ס גריפלנן,BE,ספלנדיד מריר 85% 100 גרם,גרמים,100.00,100 גרם,false,1,12.90,0.1290,true,1,124309
7290110577230,false,משקה חלב בטעם פיסטוק בבקבוק יטבתה 1 ליטר,מחלבת יטבתה,IL,משקה חלב בטעם פיסטוק 1 ליטר,ליטרים,1.00,ליטר,false,1,12.90,12.9000,true,1,124186
7290110577629,false,עלית - רבע לשבע טבעוני טורטית 125 גרם,"הגביע מוצרי וופלים בע""\מ",IL,רבע לשבע טבעוני טורטית 125 גרם,גרמים,125.00,100 גרם,false,1,16.90,0.1352,true,1,124546
7290110577636,false,עלית - רבע לשבע טבעוני חמאת בוטנים 125 גרם,"הגביע מוצרי וופלים בע""\מ",IL,רבע לשבע טבעוני חמאת בוטנים 125 גרם,גרמים,125.00,100 גרם,false,1,16.90,0.1352,true,1,124545
7290110577711,false,"משקה שייק חלבון מי גבינה עם אפרסק ומנגו350מ""ל יטבתה",מחלבת יטבתה,IL,שייק חלבון מי גבינה אפרסק ומנגו 350 מל,מיליליטרים,350.00,"100 מ""ל",false,1,8.50,0.0243,true,1,124406
7290110577728,false,"משקה שייק חלבון מי גבינה עם פירות יער 350מ""ל יטבתה",מחלבת יטבתה,IL,שייק חלבון מי גבינה פירות יער 350 מל,מיליליטרים,350.00,"100 מ""ל",false,1,8.50,0.0243,true,1,124407
7290110579319,false,חומוס גלילי אחלה 400 גרם,שטראוס גרופ,IL,חומוס גלילי 400 אחלה גרם,גרמים,400.00,100 גרם,false,1,11.90,0.0298,true,1,124568
7290110730642,false,אייבו- משכך חום וכאבים לילדים,,,אייבו- תרופה ללא מרש,לא מנהל יחידת מידה,0.00,לא מנהל יחידת מידה,false,1,25.90,0.0000,true,1,77678
7290110731960,false,ליינקס תרסיס מדוד לאף,,,תרסיס אף ליינוקס,יחידה,1.00,יחידה,false,1,29.90,29.9000,true,1,80154
7290110856243,false,ציל סיגריה אלקטרונית,Unknown,CN,ציל סיגריה אלקטרונית 2800 שאיפות ענבים,יחידה,1.00,יחידה,false,1,69.90,69.9000,false,1,123019
7290110856250,false,ציל סיגריה אלקטרונית,Unknown,CN,ציל סיגריה אלקטרונית 2800 שאיפות תפוח,יחידה,1.00,יחידה,false,1,69.90,69.9000,false,1,123024
7290110856267,false,ציל סיגריה אלקטרונית,Unknown,CN,ציל סיגריה אלקטרונית 2800 שאיפות אבטיח,יחידה,1.00,יחידה,false,1,69.90,69.9000,false,1,123023
7290110856373,false,ציל סיגריה אלקטרונית,Unknown,CN,ציל סיגריה אלקטרונית 2800 שאיפות תפוח אפרסק,יחידה,1.00,יחידה,false,1,69.90,69.9000,false,1,123022
7290110856519,false,ציל סיגריה אלקטרונית,Unknown,CN,ציל סיגריה אלקטרונית 2800 שאיפות פטל,יחידה,1.00,יחידה,false,1,69.90,69.9000,false,1,123025
7290111079122,false,כוס זכוכית כפולה לב,,,כוס זכוכית כפולה לב,יחידה,1.00,יחידה,false,1,49.90,49.9000,true,1,120981
7290111342059,false,50 מטליות מיקרופייבר לשטחים אנטיבקטריאלי ניקול,ניקול,IL,מטליות לחות לניקוי וחיטוי משטחים אנטיבקטריאלי,לא מנהל יחידת מידה,0.00,לא מנהל יחידת מידה,false,1,16.90,0.0000,true,1,81423
7290111343797,false,מטליות לחות לניקוי חלונות 48 יח' ניקול,חוגלה קימברלי,IL,מטליות לחות לניקוי חלונות,יחידה,1.00,יחידה,false,1,13.90,13.9000,true,1,121239
7290111344831,false,קוטקס - מגיני יום אקסטרא פרוטקט נורמל ביג 60 יח',חוגלה קימברלי,CN,מגן תחתון קוטקס נורמל 60 יחידות,יחידה,1.00,יחידה,false,1,25.90,25.9000,true,1,121952
7290111346088,false,נייר טואלט מולט דו שכבתי 30 גל,חוגלה קימברלי,IL,נייר טואלט מולט 30 גלילים,יחידה,1.00,יחידה,false,1,29.90,29.9000,true,1,123481
7290111346125,false,מארז שלישייה מגבוני דיילי קר ללא בישום *56 יח' האגיס,קימברלי,IL,מגבוני האגיס ללא בושם דיילי שלישיה,יחידה,3.00,יחידה,false,3,18.90,6.3000,true,1,124419
7290111346132,false,מארז שלישייה מגבוני סנסטיב קר ללא בישום *56 יח' האגיס,עלבד,IL,מגבוני האגיס סנסטיב קר שלישייה,יחידה,3.00,יחידה,false,3,18.90,6.3000,true,1,124420
7290111346293,false,מגבת נייר ניקול 6 יחידות מהדורה חגיגית,קימברלי קלארק,IL,מגבת נייר ניקול שישייה מהדורה,יחידה,6.00,יחידה,false,1,14.90,2.4833,true,1,122983
7290111350719,false,חטיף נאצוס הוטפופ בסגנון מסעדות 322 גר,ליימן מותגים,US,נאצוס הוטפופ מסעדות 332 גרם,גרמים,332.00,100 גרם,false,1,18.90,0.0569,true,1,77650
7290111351280,false,תערובת אגוזים קלויים ללא מלח 150 גרם קליית גת,קליית גת,IL,תערובת אגוזים קלויים ללא מלח 150 ג,גרמים,150.00,100 גרם,false,1,22.90,0.1527,true,1,77060
7290111354922,false,מארז סניידרס+הוטפופ,סניידרס,US,סניידרס+הוטפופ 300 גרם,גרמים,300.00,100 גרם,false,1,29.90,0.0997,true,1,124209
7290111564727,false,עוגיות אסם קרמוגית וקרם אגוזים אסם 200ג',מיוצר עי קונדיטוריית,IL,אסם קרמוגית במילוי קרם אגוזים12*200ג חדש,גרמים,200.00,100 גרם,false,1,14.90,0.0745,true,1,71203
7290111564956,false,"ביסלי במבה מיקס 200 גרם ""אסם""",פרו מן יו פתרונות אריזה,IL,ביסלי במבה מיקס 18*200גרם,גרמים,200.00,100 גרם,false,1,13.90,0.0695,true,1,69894
7290111565502,false,ארטיק אוראו וניל ועוגיות סנדוויץ נסטלה 80 ג',נסטלה גלידות,IT,גלידה סנדויץ אוריאו 80 גרם,גרמים,80.00,100 גרם,false,1,12.50,0.1563,true,1,71310
7290111565656,false,במבה במילוי קרם נוגט 150 ג',"אסם תעשיות בע""מ",IL,במבה נוגט 24*150גרם,גרמים,150.00,100 גרם,false,1,13.90,0.0927,true,1,69893
7290111566127,false,מעדן אוראו קפוא בטעם וניל עם עוגיות בטעם שוקולד,ג'נרל מילס סאן אדריא,IT,אוראו מאגדת סנדביץ 8 6*33ג 12364441,גרמים,198.00,100 גרם,false,1,27.90,0.1409,true,1,71308
7290111566226,false,שניצל ברוקולי טבעול 667 גרם,עיצובים 2020 (4.8),IL,טבעול שניצל ברוקולי 6*664גרם,גרמים,667.00,100 גרם,false,1,36.90,0.0553,true,1,71727
7290111566271,false,חטיפי תירס טבעול 657 גרם,עיצובים 2020 (4.8),IL,טבעול חטיפי תירס 6*657גרם,גרמים,657.00,100 גרם,false,1,32.90,0.0501,true,1,71717
7290111566318,false,שניצל דק מן הצומח בטעם ביתי 700 גרם,עיצובים 2020 (4.8),IL,טבעול שניצל דק מן הצומח 8*564גרם,גרמים,564.00,100 גרם,false,1,36.90,0.0654,true,1,71730
7290111566547,false,טבעול חזה בגריל צמחוני 99 קלוריות 560ג',עיצובים 2020 (4.8),IL,חזה בגריל טבעול צמחוני 99 קלוריות 560גר,גרמים,560.00,100 גרם,false,1,34.90,0.0623,true,1,71716
7290111566660,false,טבעול קציצות עדשים כתומות 525 גרם,עיצובים 2020 (4.8),IL,טבעול קציצות עדשים כתומות 6*530גרם,גרמים,530.00,100 גרם,false,1,34.90,0.0658,true,1,71724
7290111566714,false,טבעול המבורגר צמחוני 99 קלוריות 600 גרם,עיצובים 2020 (4.8),IL,טבעול המבורגר צמחוני 99 קלוריות 6*600ג,גרמים,600.00,100 גרם,false,1,34.90,0.0582,true,1,71715
7290111566752,false,טבעול שניצל תירס 99 קלוריות 693 גרם,עיצובים 2020 (4.8),IL,טבעול שניצל תירס 99 קלוריות 6*693גרם,גרמים,693.00,100 גרם,false,1,34.90,0.0504,true,1,71732
7290111568206,false,"מיקס ביסלי, אפרופו ופיצוחים מתובלים",פרו מן יו פתרונות אר,IL,ביסלי פארטי מיקס 150 גרם,גרמים,150.00,100 גרם,false,1,11.90,0.0793,true,1,72506
7290111878862,true,שקית בלונים 10 יח מ,גמר,,שקית בלונים 10 יח מודפס,לא מנהל יחידת מידה,0.00,לא מנהל יחידת מידה,false,1,11.90,0.0000,true,1,77444
7290111930911,false,חטיף פוף לבבות קלאסי 40 גרם,פוף POOF,IL,מנה חטיף פוף קלאסי לבבות 40 גרם,גרמים,40.00,100 גרם,false,1,5.90,0.1475,true,1,70277
7290111930928,false,חטיף פוף לבבות גריל 40 גרם,פוף POOF,IL,מנה חטיף פוף גריל לבבות 40 גרם,גרמים,40.00,100 גרם,false,1,5.90,0.1475,true,1,70278
7290111933554,true,מאסטר שף עגבניות קוב,פראנו אנריקו ופיגלי,IT,מאסטר שף עגבניות קוביות שלשות 400גר*3,קילוגרמים,1.20,"ק""ג",false,1,15.90,13.2500,true,1,75300
7290112330390,false,דנונה פרו פירות יער 20 גרם חלבון 0% שומן 200 גרם,"שטראוס בריאות בע""\מ",IL,דנונה פרו 20 גר פירות יער 0% שומן,גרמים,200.00,100 גרם,false,1,6.90,0.0345,true,1,78075
7290112332585,false,פריכיות משולש תפוא אורז בתיבול סלק ומלח ים אנרג'י 30 גרם,"פרח תעשיו מזון בע""מ",IL,פריכיות משולשות-סלק,גרמים,30.00,100 גרם,false,1,6.90,0.2300,true,1,78660
7290112332691,false,פינוקיות עוגיות קרם פסק זמן אגוזים 200 גרם,"הגביע מוצרי וופלים בע""\מ",IL,פינוקיות קרם פסק זמן,גרמים,200.00,100 גרם,false,1,14.90,0.0745,true,1,78799
7290112335487,false,הפריכיות הטעימות קצח ודגנים אנרג'י 135 גרם,"פרח תעשיות מזון בע""\מ",IL,פריכיות טעימות קצח ודגנים 135 גרם,גרמים,135.00,100 גרם,false,1,15.90,0.1178,true,1,78069
7290112335494,false,הפריכיות הטעימות תפוחי אדמה בטעם פוטטוס,"פרח תעשיות מזון בע""\מ",IL,הפריכיות הטעימות פוטטוס,גרמים,135.00,100 גרם,false,1,15.90,0.1178,true,1,78070
7290112336637,false,סוכריות מאסט Must ללא סוכר יוגורט תות ואוכניות,שטראוס גרופ,PL,סוכריות ללס יוגורט תות אוכמניות,גרמים,80.00,100 גרם,false,1,11.90,0.1488,true,1,81112
7290112336644,false,סוכריות מאסט ללא סוכר לימון 80 ג' עלית,שטראוס גרופ,PL,סוכריות ללס לימון 80 ג חדש,גרמים,80.00,100 גרם,false,1,11.90,0.1488,true,1,81113
7290112336651,false,סוכריות מאסט ללא סוכר ריבת חלב 80 ג' עלית,שטראוס גרופ,PL,סוכריות ללס ריבת חלב 80 ג חדש,גרמים,80.00,100 גרם,false,1,11.90,0.1488,true,1,81114
7290112337474,false,סוכריות מאסט ללא סוכר פטל לימון 80 ג' עלית,שטראוס גרופ,PL,סוכריות ללס פטל לימון 80 גר,גרמים,80.00,100 גרם,false,1,11.90,0.1488,true,1,81115
7290112337481,false,סוכריות מאסט ללא סוכר קפצ''ינו 80 ג' עלית,שטראוס גרופ,PL,סוכריות ללס קפוצ'ינו 80 גר' אריזה חדשה,גרמים,80.00,100 גרם,false,1,11.90,0.1488,true,1,81116
7290112339171,false,מילקי מוס עם שוקולד וקצפת,מיוצר עי קונדיטוריית,IL,מילקי מוס,גרמים,81.00,100 גרם,false,1,3.90,0.0481,true,1,76501
7290112339867,true,גמדים סקוויז תות 10,שטראוס,IL,גמדים סקוויז תות 100 גרם,גרמים,100.00,100 גרם,false,1,6.90,0.0690,true,1,82930
7290112339874,true,גמדים סקוויז תות בננ,שטראוס,IL,גמדים סקוויז תות בננה 100,גרמים,100.00,100 גרם,false,1,6.90,0.0690,true,1,82931
7290112340122,false,הפריכיות הטעימות 3 דגנים אנרג'י 135 גרם,"פרח תעשיות מזון בע""\מ",IL,פריכיות טעימות 3 דגנים 135 גרם,גרמים,135.00,100 גרם,false,1,15.90,0.1178,true,1,78072
7290112340245,false,צנצנת מסטיק מאסט בטעם דובדבן 66 ג' עלית,"שטראוס גרופ בע""\מ",IL,צנצנת MUST דובדבן 66 גר,גרמים,66.00,100 גרם,false,1,11.90,0.1803,true,1,77674
7290112340252,false,צנצנת מסטיק מאסט בטעם אבטיח מלון 66 ג' עלית,"שטראוס גרופ בע""\מ",IL,צנצנת MUST בטעם אבטיח מלון 66 גר,גרמים,66.00,100 גרם,false,1,11.90,0.1803,true,1,77673
7290112340276,false,פינוקיות עוגיות קרם קפה 200 גרם,"הגביע מוצרי וופלים בע""\מ",IL,פינוקיות קרם קפה נמס,גרמים,200.00,100 גרם,false,1,14.90,0.0745,true,1,78808
7290112342195,false,כשלפ תפוציפס מקלות טבעי 200 גרם,"שטראוס פריטו ליי בע""\מ )",IL,תפו מקלות טבעי 200 גר 15 יח,גרמים,200.00,100 גרם,false,1,15.50,0.0775,true,1,80954
7290112342508,false,דוריטוס צ'יזי טוויסט 70 גרם,"שטראוס פריטו ליי בע""\מ",IL,דוריטוס קול ראנצ 70 גרם,גרמים,70.00,100 גרם,false,1,7.90,0.1129,true,1,123505
7290112343406,false,שוקו ספלנדיד בבקבוק יטבתה 1 ליטר,שטראוס גרופ,IL,שוקו מריר 1 ליטר,ליטרים,1.00,ליטר,false,1,13.50,13.5000,true,1,80662
7290112343413,false,"משקה שוקו ספלנדיד יטבתה 350 מ""ל",שטראוס גרופ,IL,שוקו מריר 350 מל,מיליליטרים,350.00,"100 מ""ל",false,1,7.50,0.0214,true,1,80661
7290112343420,false,"משקה חלב עם דגנים מלאים ובננה פרו יטבתה 350מ""ל",מחלבת יטבתה,IL,"יטבתה פרו ארוחת בוקר 350 מל לל""ג",מיליליטרים,350.00,"100 מ""ל",false,1,8.50,0.0243,true,1,80657
7290112343499,false,חטיף צ'יטוס פאפס אפוי בטעם גבינה,"שטראוס פריטו ליי בע""\מ )",IL,צ'יטוס PUFFS בטעם גבינה 55 ג 48 יח,גרמים,55.00,100 גרם,false,1,6.50,0.1182,true,1,121348
7290112344724,false,מעדן בטעם שוקולד בלונדי 170 ג' מילקי,מיוצר עי קונדיטוריית,IL,מילקי בטעם שוקולד בלונדי,גרמים,170.00,100 גרם,false,1,3.90,0.0229,true,1,80652
7290112344861,false,מעדן חלב בטעם קפה עם קצפת,"שטראוס גרופ בע""\מ",IL,מילקי קפוצינו 133גרם,גרמים,133.00,100 גרם,false,1,3.90,0.0293,true,1,120453
7290112346360,false,בפלות אחת אחת ופל בטעם שוקולד מצופה שוקולד,הגביע מוצרי וופלים ב,GR,בפלות אחת אחת בציפוי שוקולד חלב,גרמים,180.00,100 גרם,false,1,18.90,0.1050,true,1,81120
7290112346537,false,עוגיות פינוקיות בטעם טורטית 200 ג' עלית,"הגביע מוצרי ופלים בע""\מ",IL,פינוקיות בטעם טורטית,גרמים,200.00,100 גרם,false,1,14.90,0.0745,true,1,80830
7290112347008,false,גמדים לדרך גבינה לבנה עם מחית תות ושיבולת שועל,מיוצר עי קונדיטוריית,IL,גמדים ארוחת בוקר תות סקוויז,גרמים,100.00,100 גרם,false,1,6.90,0.0690,true,1,80647
7290112348029,false,חומוס אסלי דליקטס 250 גרם,שטראוס,IL,חומוס חלק דליקטס 250 גרם,גרמים,250.00,100 גרם,false,1,8.90,0.0356,true,1,84555
7290112348999,false,הפריכיות הטעימות תירס דקות אנרג'י 135 גרם,"פרח תעשיות מזון בע""\מ",IL,הפריכיות הטעימות הדקות תירס,גרמים,135.00,100 גרם,false,1,15.90,0.1178,true,1,84346
7290112349637,false,מעדן גבינה בטעם ענבים 88 ג' דניאלה,"שטראוס בריאות בע""\מ",IL,מעדן דניאלה ענבים 88גרם,גרמים,88.00,100 גרם,false,1,4.90,0.0557,true,1,124539
7290112350312,false,קפסולות 15 קפה יותר למכונות נספרסו עלית 10יח',הנסיך- מפעל לייצור ט,IL,קפסולות 15 למכונות NESPRESSO,גרמים,50.00,100 גרם,false,1,19.90,0.3980,true,1,82877
7290112351104,false,שוקולד פרה ממולא פיצפוצי אורז 100 ג' עלית,"שטראוס גרופ בע""\מ",IL,שוקולד פרה פצפוצי אורז 100גרם,גרמים,100.00,100 גרם,false,1,8.90,0.0890,true,1,82003
7290112351128,false,שוקולד פרה סוכריות קופצות וועסטהייים,"שטראוס גרופ בע""\מ",IL,טבלאות שוקולד פרה סוכריות קופצות 90 גרם,גרמים,90.00,100 גרם,false,1,8.90,0.0989,true,1,82564
7290112353566,false,סלט טחינה דליקטס 250 גרם,שטראוס,IL,סלט טחינה דליקטס 250 גרם,גרמים,250.00,100 גרם,false,1,12.90,0.0516,true,1,84558
7290112353887,false,"משקה קפה קר בטעם אגוזים יטבתה 230 מ""ל",אנסטל מילק kg,AT,"משקה קפה קר בטעם אגוזים 230 מ""ל",מיליליטרים,230.00,"100 מ""ל",false,1,9.90,0.0430,true,1,82186
7290112354174,false,"פסטה רוזה 280 ג""ר ""דלישס"" שטראוס",גסטרונומיה פרוסט אס. אר.,IT,פסטה רוזה דלישס 280גרם,גרמים,280.00,100 גרם,false,1,24.90,0.0889,true,1,121411
7290112354204,false,"ספגטי עגבניות 280 גר' ""דלישס"" שטראוס",גסטרונומיה פרוסט אס. אר.,IT,ספגטי עגבניות דלישס 280 גרם,גרמים,280.00,100 גרם,false,1,24.90,0.0889,true,1,121412
7290112354945,false,תפוצ'יפס WAVY בטעם טבעי 50 גרם,שטראוס פריטו ליי בע”,IL,תפוציפס טבעי 50 גרם wavy,גרמים,50.00,100 גרם,false,1,5.90,0.1180,true,1,124212
7290112354952,false,תפוצ'יפס WAVY בטעם פפריקה 50 גרם,שטראוס פריטו ליי בע”,IL,תפוציפס פפריקה 50 גרם wavy,גרמים,50.00,100 גרם,false,1,5.90,0.1180,true,1,124213
7290112355102,false,גמדים סקוויז 100 גרם פאוץ סלט פירות 100 גרם,"שטראוס בריאות בע""\מ",IL,גמדים פאוץ סלט פירות,גרמים,100.00,100 גרם,false,1,6.90,0.0690,true,1,84372
7290112357618,false,כשלפ מסטיק קוביות בטעם פירות טרופיים 58 ג,אסקום קונפקשיין,DE,כשלפ צנצנת קוביות פירות טרופיים 58 גרם,גרמים,58.00,100 גרם,false,1,11.90,0.2052,true,1,81713
7290112358004,false,פסק זמן קראנצ' עלית 32 גרם,שולן צ'\יקולטה גידה סאן.,TR,פסק זמן קראנץ' 32 גר,גרמים,32.00,100 גרם,false,1,7.50,0.2344,true,1,83991
7290112358431,false,עד חצות דאבל ביסקוויט עם שוקולד חלב -8 אריזות אישיות,ביסקוויטס טור ד'\אלבון,FR,עד חצות דאבל 200 גרם,גרמים,200.00,100 גרם,false,1,18.90,0.0945,true,1,85649
7290112358554,false,מארז קפה נמס מנות אישיות לדרך 50.4 גר,שטראוס רומניה,RO,מארז נמס לדרך,גרמים,50.00,100 גרם,false,1,14.90,0.2980,true,1,82876
7290112490032,true,מרק נמס בכוס תירס 43,יוניליוור ישראל מזון,IL,קנור נמס בכוס מרק תירס 45 גרם,גרמים,43.00,100 גרם,false,1,7.50,0.1744,true,1,75070
7290112490117,false,קליק אקסטרא לארג שוקולד חלב עם וופל ואגוזים,יוניליוור ישראל מזון בעמ,IL,קליק שוקולד חלב עם וופל ואגוזים 85 גרם,גרמים,85.00,100 גרם,false,1,9.90,0.1165,true,1,72631
7290112490209,true,נמס בכוס עגבניות קרו,יוניליוור ישראל מזון,IL,נמס בכוס עגבניות קרוטונים ר.טבעי 64 גרם,גרמים,64.00,100 גרם,false,1,7.50,0.1172,true,1,75073
7290112490230,true,נמס בכוס אפונה ר.טבע,יוניליוור ישראל מזון,IL,נמס בכוס מרק אפונה - 100% רכיבים טבעיים,גרמים,50.00,100 גרם,false,1,7.50,0.1500,true,1,75074
7290112490698,false,קונפיטורה תות שדה לייט 300 גרם-צנצנת,יוניליוור מזון,IL,קונפיטורה תות שדה לייט 300 גרם,גרמים,300.00,100 גרם,false,1,15.90,0.0530,true,1,75008
7290112492449,false,פינוק שמפו שיער רגיל 700 מל-חדש,יוניליוור ישראל טיפוח אי,IL,PINUK שמפו 2IN1 700 ML,מיליליטרים,700.00,"100 מ""ל",false,1,14.90,0.0213,true,1,81973
7290112492456,false,"שמפו פינוק לשיער יבש/פגום 700 מ""ל",יוניליוור ישראל טיפוח אי,IL,PINUK שמפו 2IN1 700 ML,מיליליטרים,700.00,"100 מ""ל",false,1,14.90,0.0213,true,1,81974
7290112492487,false,פינוק שמפו לשיער עם שמן מרוקאי 700 מל,יוניליוור ישראל טיפוח אי,IL,PINUK שמפו 2IN1 700 ML,מיליליטרים,700.00,"100 מ""ל",false,1,14.90,0.0213,true,1,81976
7290112492500,false,פינוק שמפו לשיער עם שמן קוקוס 700 מל,"יוניליור ישראל, טיפו",IL,PINUK שמפו 2IN1 700 ML,מיליליטרים,700.00,"100 מ""ל",false,1,14.90,0.0213,true,1,118048
7290112492593,true,פינוק תחליב רחצה בני,יוניליוור ישראל טיפו,IL,PINUK סבון נוזלי 700 ML,גרמים,700.00,100 גרם,false,1,14.90,0.0213,true,1,80865
7290112492685,false,פינוק מרכך לשיער רגיל אריזת נסיעות 100 מ,יוניליוור ישראל טיפוח אי,IL,פינוק מרכך לשיער רגיל לנסיעות 100 מל,מיליליטרים,100.00,"100 מ""ל",false,1,6.90,0.0690,true,1,118327
7290112493293,true,קנור מרק נמס בכוס יר,יוניליוור ישראל מזון,IL,קנור מרק נמס בכוס ירקות 44גרם - 100% רכי,גרמים,44.00,100 גרם,false,1,7.50,0.1705,true,1,79807
7290112493903,false,גלידת ננסים בארבע טעמים 60 גר,"מיוצר ע""\י גלידת שטראוס",IL,"מאגדת ננסים בטעמים תות, לימון, קולה ומשמש",גרמים,87.00,100 גרם,false,1,12.90,0.1483,true,1,79746
7290112493927,false,גלידה בטעם ריבת חלב 1.33ל' קרמיסימו,"גלידת שטראוס בע""\מ, רחוב",IL,קרמיסימו ריבת חלב 1.33 ליטר,ליטרים,1.33,ליטר,false,1,33.90,25.4887,true,1,81058
7290112493934,false,גלידת וניל צרפתי קרמיסימו 1.33 ל,"גלידת שטראוס בע""\מ, רחוב",IL,קרמיסימו קרמיסימו וניל צרפתי 1.33 ליטר,ליטרים,1.33,ליטר,false,1,33.90,25.4887,true,1,81057
7290112494238,false,קליק - כדורים חלב תפזורת 65 גרם,יוניליוור ישראל מזון בע\,IL,קליק קליק כדורים 65 גרם,גרמים,65.00,100 גרם,false,1,9.00,0.1385,true,1,80281
7290112494276,false,קליק כריות תפזורת 65 גר,יוניליוור ישראל מזון בע\,IL,קליק קליק כריות 65 גרם,גרמים,65.00,100 גרם,false,1,9.00,0.1385,true,1,80282
7290112494283,false,קליק - מעורב חום לבן תפזורת 65 גרם,יוניליוור ישראל מזון בע\,IL,קליק חום לבן 65 גרם,גרמים,65.00,100 גרם,false,1,9.00,0.1385,true,1,80280
7290112494313,false,קליק - קורנפלקס תפזורת 65 גרם,יוניליוור ישראל מזון בע\,IL,קליק קליק קורנפלקס 65 גרם,גרמים,65.00,100 גרם,false,1,9.00,0.1385,true,1,80285
7290112494382,false,פירה בטעם ביתי 260 גרם-קופסא,יוניליוור ישראל מזון בע\,IL,פירה בטעם ביתי מוכן ברגע קנור,גרמים,260.00,100 גרם,false,1,14.90,0.0573,true,1,80694
7290112495006,false,כריות נוגט 686 גרם - קופסא,"יוניליוור ישראל מזון בע""",IL,תלמה דגני בוקר כריות נוגט 686 גרם,גרמים,686.00,100 גרם,false,1,29.90,0.0436,true,1,80299
7290112495037,false,דגני בוקר בטעם שוקולד כדורים 375 ג' קוקומן,יוניליוור שפע ישראל בעמ,IL,קוקומן כדורים 375 גרם,גרמים,375.00,100 גרם,false,1,21.90,0.0584,true,1,80301
7290112495228,false,"קורנפלקס דבש תלמה 448 ג' בד""צ","יוניליוור שפע ישראל בע""\",IL,תלמה קורנפלקס דבש 448 גרם,גרמים,448.00,100 גרם,false,1,19.90,0.0444,true,1,80303
7290112495433,false,דגני דליפקאן תוספת אגוזי פקאן ושקדים 400 גר,"יוניליור שפע ישראל בע""\מ",IL,TELMA דגני מבוגרים 400 GR,גרמים,400.00,100 גרם,false,1,28.90,0.0722,true,1,79779
7290112495471,false,"קורנפלקס כשל""פ 500 גרם","מולינו ניקולי ,S.P.A ויה",IT,TELMA דגני משפחה 500 GR,גרמים,500.00,100 גרם,false,1,24.90,0.0498,true,1,81103
7290112495754,false,"רטבי הלמנס לסלט 300 מ""ל אלף האיים",יוניליוור ישראל מזון בעמ,IL,הלמנ'ס רוטב אלף האיים 305 גרם,גרמים,305.00,100 גרם,false,1,14.90,0.0489,true,1,81072
7290112495785,false,רוטב לסלט שום הלמנס 300ג,יוניליוור ישראל מזון בעמ,IL,הלמנ'ס רוטב שום 300 גרם,גרמים,300.00,100 גרם,false,1,14.90,0.0497,true,1,81074
7290112495969,false,"ג'ל כביסה מיני בייבי 425 מ""ל","זוהר דליה, קיבוץ דלי",IL,Badin אבקת כביסה 425 ML,מיליליטרים,425.00,"100 מ""ל",false,1,10.00,0.0235,true,1,81244
7290112496027,false,סירופ שוקולד אפיכל 580 גרם,יוניליוור ישראל מזון בע\,IL,EFICOL קינוחים שונים 580 GR,גרמים,580.00,100 גרם,false,1,17.90,0.0309,true,1,81100
7290112496034,false,סירופ מייפל אפיכל 580 גרם,יוניליוור ישראל מזון בע\,IL,EFICOL קינוחים שונים 580 GR,גרמים,580.00,100 גרם,false,1,17.90,0.0309,true,1,81099
7290112496270,false,"פתית צ'יפס תפו""א בתוספת עגבניות ועשבי תיבול 22 גרם",JLM גלובל פודסn37\ דרך א,GB,פתית ציפס עם תפוחי אדמה עגבניות 22 גרם,גרמים,0.00,100 גרם,false,1,5.90,0.0000,true,1,82757
7290112496287,false,פתית צ'יפס בטטה בטעם טבעי 22 גרם,JLM גלובל פודסn37\ דרך א,GB,פתית פתית צ'יפס בטטה בטעם טבעי 21 גר',גרמים,0.00,100 גרם,false,1,5.90,0.0000,true,1,82756
7290112496294,false,חטיף פתית צ'יפס עם אפונה ירוקה צהובה וצ'ילי,JLM גלובל פודסn37\ דרך א,GB,פתית ציפס עם אפונה ירוקה וצהובה 22 גרם,גרמים,0.00,100 גרם,false,1,5.90,0.0000,true,1,82755
7290112496430,false,נמס בכוס אקסטרה מרק עגבניות עם המון אטריות,יוניליוור ישראל מזון בע\,IL,נמס בכוס אקסטרה מרק עגבניות 37 גרם,גרמים,37.00,100 גרם,false,1,6.90,0.1865,true,1,121536
7290112496584,false,קליק כריות בלאק לבן 65 גר,"דרך השוקולד 1, צפת 1",IL,קליק קליק כריות בלאק ושוקולד לבן 65 גרם,גרמים,65.00,100 גרם,false,1,9.00,0.1385,true,1,82563
7290112497123,false,סחלב תערובת להכנת מעדן בטעם סחלב 112גרם,יוניליוור ישראל מזון בע\,IL,קנור סחלב 112 גרם,גרמים,112.00,100 גרם,false,1,14.90,0.1330,true,1,118902
7290112497932,false,נשנושים ביס שמנת בצל בייגל בייגל 60 גרם,"דרך השוקולד 1, צפת 1",IL,בייגל בייגל נשנושים חטיף אפוי בטעם שמנת בצל 60 גרם,גרמים,60.00,100 גרם,false,1,5.90,0.0983,true,1,84453
7290112498526,false,"פתית צ'יפס עם בטטה סגולה בטעם שמנת ובצל, 22 גרם",JLM גלובל פודסn37\ דרך א,GB,פתית ציפס בטטה סגולה 22 גרם,גרמים,22.00,100 גרם,false,1,5.90,0.2682,true,1,121592
7290112498915,false,מאגדת מיני מגנום שקדים מובחרים 250 ג',"מיוצר ע""\י גלידת שטראוס",IL,מגנום מאגדת מיני מגנום שקדים מובחרים 5 יחידות,גרמים,250.00,100 גרם,false,1,30.90,0.1236,true,1,119359
7290112498922,false,מאגדת מיני מגנום לבן שטראוס 250 גרם,"מיוצר ע""\י גלידת שטראוס",IL,מגנום מאגדת מיני מגנום לבן 5 יחידות,גרמים,250.00,100 גרם,false,1,30.90,0.1236,true,1,119360
7290112498946,false,קשת בענן ארטיק ילדים שטראוס 47 גרם,"גלידת שטראוס בע""\מ, רח'\",IL,"מקס ארטיק קשת בענן בטעמי תות, וניל ומרשמלו 47 גרם",גרמים,47.00,100 גרם,false,1,8.90,0.1894,true,1,122156
7290112499103,false,קורנטו קליק וניל עוגיות 72 ג' שטראוס,"צר ע""\י גלידת שטראוס בע\",IL,קורנטו טילון קליק בטעם וניל עוגיות 72 גרם,גרמים,72.00,100 גרם,false,1,10.90,0.1514,true,1,122637
7290112499110,false,טילון קליק בטעם שוקולד 72 ג' שטראוס,שטראוס גרופ גלידות,IL,קורנטו טילון קליק בטעם שוקולד 72 גרם,גרמים,72.00,100 גרם,false,1,10.90,0.1514,true,1,122638
7290112499189,false,"גלידת קרמיסימו חד קרן וניל תות, 1.33 ליטר","גלידת שטראוס בע""\מ, רחוב",IL,קרמיסימו חד קרן בטעמי וניל תות ובננה 1.3,ליטרים,1.33,ליטר,false,1,33.90,25.4887,true,1,123108
7290112499219,false,שלגון שמנת מופחת שומן וקלוריות בטעם פיסטוק עם ריפל בטעם שוקולד מריר וציפוי חלקי של שוקולד חלב מעולה,"גלידת שטראוס בע""\מ, רחוב",IL,גודיז מאגדת גלידה בטעמי פיסטוק ושוקולד 5 יחידות,גרמים,235.00,100 גרם,false,1,27.90,0.1187,true,1,122639
7290112499226,false,גלידונית קרמיסימו פיסטוק בננה 630 גרם,"גלידת שטראוס בע""\מ, רח'",IL,גלידונית כמה כמה בטעמי פיסטוק ובננה 950,מיליליטרים,950.00,"100 מ""ל",false,1,57.90,0.0609,true,1,124214
7290112499257,false,שלגון שוקובו עם ציפוי שוקולד לבן 85 גרם,שטראוס גרופ גלידות,IL,שוקובו לבן 85 גרם,גרמים,85.00,100 גרם,false,1,12.90,0.1518,true,1,124360
7290112499462,false,פינוק תחליב רחצה 700 בתוספת שמן קוקוס,יוניליוור ישראל טיפוח אי,IL,פינוק תחליב רחצה בתוספת שמן קוקוס 700 מל,מיליליטרים,700.00,"100 מ""ל",false,1,14.90,0.0213,true,1,120961
7290112499639,false,טילון סופר מגנום וניל צ'יפ שוקולד 110 גרם,"מיוצר ע""\י גלידת שטראוס",IL,קורנטו מגנום טילון וניל צ'יפ שוקולד 110 גרם,גרמים,110.00,100 גרם,false,1,13.50,0.1227,true,1,81069
7290112499646,false,טילון קורנטו וניל עם וופל פקאן 108 ג',"מיוצר ע""\י גלידת שטראוס",IL,קורנטו סופר פקאן 108 גרם,גרמים,108.00,100 גרם,false,1,13.50,0.1250,true,1,81777
7290112499677,false,מגנום וניל בציפוי שוקולד לבן,"מיוצר ע""\י גלידת שטראוס",IL,מגנום שלגון שוקולד לבן 85 גרם,גרמים,85.00,100 גרם,false,1,13.50,0.1588,true,1,81063
7290112499738,false,קרחון שרבט פרווה בטעם מלון 90 גרם,"מיוצר ע""\י גלידת שטראוס",IL,מקס שלגון מלון 90 גרם,גרמים,90.00,100 גרם,false,1,8.90,0.0989,true,1,81123
7290112499776,false,גלידת שמנת מופחתת שומן וקלוריות בטעם שוקולד לבן 240 גרם,"גלידת שטראוס בע""\מ, רח'\",IL,GOODIZ חבילות בית 350 ML,גרמים,297.00,100 גרם,false,1,27.90,0.0939,true,1,81771
7290112499837,false,"שלגון בטעם שוקולד עם נוגט ""מגנום""","מיוצר ע""\י גלידת שטראוס",IL,מגנום שלגון מגנום דואט שוקולד עם נוגט 90 גרם,גרמים,90.00,100 גרם,false,1,13.50,0.1500,true,1,81064
7290112499844,false,מאגדת מיני מגנום דואט שוקולד עם נוגט שטראוס 310 גרם,"מיוצר ע""\י גלידת שטראוס",IL,מגנום מאגדת מיני מגנום דואט שוקולד נוגט 5 יחידות,גרמים,310.00,100 גרם,false,1,30.90,0.0997,true,1,81062
7290112499905,false,טילון קורניטו קליק בטעם מרשמלו 72 גרם,"מיוצר ע""\י גלידת שטראוס",IL,קורנטו טילון קורנטו קליק בטעם מרשמלו 72 גרם,גרמים,72.00,100 גרם,false,1,10.90,0.1514,true,1,82343
7290112499929,false,מגנום שוקולד אימפלס פסח 120מל,"מיוצר ע""\י גלידת שטראוס",IL,מגנום שלגון מגנום שוקולד 85 גרם,גרמים,85.00,100 גרם,false,1,13.50,0.1588,true,1,81065
7290112499936,false,מגנום שקדים אימפלס פסח 125מל,"מיוצר ע""\י גלידת שטראוס",IL,מגנום שלגון מגנום שקדים 85 גרם,גרמים,85.00,100 גרם,false,1,13.50,0.1588,true,1,81066
7290112499943,false,מיני מאגדת מיני מגנום טעמים שונים וניל+שוקו,"מיוצר ע""\י גלידת שטראוס",IL,מגנום מאגדת מיני מגנום קלאסיק שוקולד 5 יחידות,גרמים,250.00,100 גרם,false,1,30.90,0.1236,true,1,81061
7290112960856,false,גלידה בשומן צמחי בטעם ריבת חלב ומטבע שוקולד,גלידות נסטלה )נגה גלידות,IL,נסטל.אקסטרים ליבת ריבת חלב ומטבע 18*115ג,גרמים,128.00,100 גרם,false,1,12.50,0.0977,true,1,77077
7290112961372,false,פיטנס חטיפי פריכיות דקות קינמון 60 גרם,"פרח תעשיות מזון בע""\מ",IL,פיטנס חטיפי פריכיות דקות קינמון12*60ג,גרמים,60.00,100 גרם,false,1,9.90,0.1650,true,1,76457
7290112961464,false,פיטנס חטיפי פריכיות דגנים וחומוס מתובלות,"פרח תעשיות מזון בע""\מ",IL,פיטנס חטיפי פריכיות דקות מתובלות 12*60ג,גרמים,60.00,100 גרם,false,1,9.90,0.1650,true,1,76456
7290112962003,false,שלגון קראנץ וניל עוגיות עם שוקולד נסטלה 90 גרם,גלידות נסטלה )נגה גלידות,IL,קראנץ וניל עוגיות 28*90גרם,לא מנהל יחידת מידה,0.00,לא מנהל יחידת מידה,false,1,12.90,0.0000,true,1,76558
7290112962287,false,טבעול שווארמה טבעונית 6*450 גרם,"טבעול תעשיות מזון בע""\מ",IL,שווארמה טבעונית טבעול כשלפ 450גרם,גרמים,450.00,100 גרם,false,1,34.90,0.0776,true,1,81171
7290112962751,false,מעדן קפוא בטעם וניל עם שברי עוגיות וציפוי,פורנארי אריה,IL,אוראו שלגון אימפלס 20*65גרם,גרמים,65.00,100 גרם,false,1,12.90,0.1985,true,1,77082
7290112963918,false,פיטנס חטיפי קרקר דק רוזמרין 140 גרם,נסטלה Nestle,IL,פיטנס קרקר דק רוזמרין 12*140גרם,גרמים,140.00,100 גרם,false,1,13.90,0.0993,true,1,78969
7290112964410,false,אסם רוטב אלף האיים חדש לסלט 290 גרם,"אסם תעשיות בע""מ",IL,אסם רוטב אלף האיים חדש לסלט 9*290גרם,גרמים,290.00,100 גרם,false,1,13.90,0.0479,true,1,78671
7290112964724,false,המבורגר צמחוני עם המון חלבון 580 גר,מיוצר עי קונדיטוריית,IL,טבעול המבורגר טבעוני 6*580גרם,גרמים,580.00,100 גרם,false,1,36.90,0.0636,true,1,116917
7290112965363,false,קציצות קינואה וברוקולי טבעול 525 גרם,"טבעול תעשיות מזון בע""\מ",IL,טבעול קציצת קינואה וברוקולי 2019 6*525ג,גרמים,525.00,100 גרם,false,1,36.90,0.0703,true,1,80589
7290112965660,false,פיטנס - חטיף מולטיגריין מלח פלפל 25 גרם,מיוצר עי קונדיטוריית,IL,פיטנס חטיף מולטיגריין מלח פלפל 25גרם,גרמים,25.00,100 גרם,false,1,6.50,0.2600,true,1,84005
7290112965684,false,פיטנס - חטיף מולטיגריין עשבי תיבול 25 גרם,מיוצר עי קונדיטוריית,IL,פיטנס חטיף מולטיגריין עשבי תיבול 25גרם,גרמים,25.00,100 גרם,false,1,6.50,0.2600,true,1,84006
7290112966803,false,אסם פודינג אינסטנט שוקולד 95 גרם,"אסם השקעות בע""\מ",IL,אסם פודינג אינסטנט שוקולד 88 גרם,גרמים,88.00,100 גרם,false,1,6.90,0.0784,true,1,80789
7290112967114,false,פיטנס חטיפי פריכיות קטניות ופלפל 60 גרם,"פרח תעשיות מזון בע""\מ",IL,פיטנס חטיפי פריכיות קטניות ופלפל 60 גר,גרמים,60.00,100 גרם,false,1,9.90,0.1650,true,1,82542
7290112967381,false,פיטנס חטיפי פריכיות קטניות ומלח ים 60 גרם,"פרח תעשיות מזון בע""\מ",IL,פיטנס חטיפי פריכיות קטניות ומלח ים 60 ג,גרמים,60.00,100 גרם,false,1,9.90,0.1650,true,1,82541
7290112967572,false,"אסם רוטב ברביקיו 290 מ""ל אסם",Unknown,IL,אסם רוטב ברביקיו 9*290מל חדש,מיליליטרים,290.00,"100 מ""ל",false,1,12.90,0.0445,true,1,80788
7290112968807,false,פיטנס - קרקר דק סלק 140 גרם,מפעל אסם יקנעם,IL,פיטנס קרקר דק סלק 12*140גרם,גרמים,140.00,100 גרם,false,1,13.90,0.0993,true,1,82965
7290112968821,false,פיטנס - קרקר דק בטטה 140 גרם,מפעל אסם יקנעם,IL,פיטנס קרקר דק בטטה 12*140גרם,גרמים,140.00,100 גרם,false,1,13.90,0.0993,true,1,82966
7290113158634,false,כוס זכוכית כפולה אספ,,,כוס זכוכית כפולה אספ,יחידה,1.00,יחידה,false,1,29.90,29.9000,true,1,118726
7290113158672,false,כוס זכוכית כפולה 350,,,כוס זכוכית כפולה 350,יחידה,1.00,יחידה,false,1,39.90,39.9000,true,1,118728
7290113192171,false,מיקס אגוזים שקדים וחמוציות 150 גרם,דין שיווק,IL,מיקס אגוזים שקדים וחמוציות 150 גרם,גרמים,150.00,100 גרם,false,1,17.90,0.1193,true,1,121221
7290113192317,true,טבעות זיתים מושחרים,בית השיטה,IL,טבעות זיתים מושחרים בית השיטה 280גר,גרמים,280.00,100 גרם,false,1,13.90,0.0496,true,1,80897
7290113192324,true,זית ירוק בית השיטה,בית-השיטה עסיס תעשיו,IL,זית ירוק בית השיטה 340גר,גרמים,340.00,100 גרם,false,1,10.90,0.0321,true,1,80898
7290113192331,true,זית ירוק גדול בית ה,בית-השיטה עסיס תעשיו,IL,זית ירוק גדול בית השיטה 340גר,גרמים,0.00,100 גרם,false,1,12.90,0.0000,true,1,80899
7290113192355,true,חרוזית ירוק בית השיט,בית-השיטה עסיס תעשיו,IL,חרוזית ירוק בית השיטה 275גר,גרמים,275.00,100 גרם,false,1,14.50,0.0527,true,1,80901
7290113192362,true,טבעות זיתים ירק בית,בית-השיטה עסיס תעשיו,IL,טבעות זיתים ירק בית השיטה 280גר,גרמים,280.00,100 גרם,false,1,14.90,0.0532,true,1,80902
7290113192379,true,זיתים ירוקים מבוקעים,שוורצקוף& הנקל דיסלד,IL,זיתים ירוקים מבוקעים בית השיטה 340גר,גרמים,340.00,100 גרם,false,1,10.90,0.0321,true,1,80903
7290113192386,true,זית סורי מבוקע בית,בית-השיטה עסיס תעשיו,IL,זית סורי מבוקע בית השיטה 340גר,גרמים,340.00,100 גרם,false,1,12.90,0.0379,true,1,80904
7290113192393,true,קוקטייל זיתים בית ה,בית-השיטה עסיס תעשיו,IL,קוקטייל זיתים בית השיטה 336גר,גרמים,336.00,100 גרם,false,1,13.90,0.0414,true,1,80905
7290113192478,true,מלפפונים במלח 10-12,בית-השיטה עסיס תעשיו,IL,מלפפונים במלח 10-12 בית השיטה 320גר,גרמים,320.00,100 גרם,false,1,10.90,0.0341,true,1,80913
7290113192485,true,מלפפונים בחומץ 10-12,בית-השיטה עסיס תעשיו,IL,מלפפונים בחומץ 10-12בית השיטה 290גר,גרמים,290.00,100 גרם,false,1,10.90,0.0376,true,1,80914
7290113192492,true,מלפפונים בחומץ 17-13,בית-השיטה עסיס תעשיו,IL,מלפפונים בחומץ 17-13בית השיטה 290גר,גרמים,290.00,100 גרם,false,1,12.90,0.0445,true,1,80915
7290113192522,true,מלפפונים בחומץ בית ה,בית-השיטה עסיס תעשיו,IL,מלפפונים בחומץ בית השיטה 18-25 290גר,גרמים,290.00,100 גרם,false,1,13.90,0.0479,true,1,80918
7290113192539,true,מלפפונים במלח 7-9 ב,בית-השיטה עסיס תעשיו,IL,מלפפונים במלח 7-9 בית השיטה 320גר,גרמים,320.00,100 גרם,false,1,9.50,0.0297,true,1,80919
7290113192546,true,מלפפונים בחומץ 7-9 ב,בית-השיטה עסיס תעשיו,IL,מלפפונים בחומץ 7-9 בית השיטה 290גר,גרמים,290.00,100 גרם,false,1,9.50,0.0328,true,1,80920
7290113198241,false,קשיו ענק קלוי בצנצנת,דין שיווק,IL,קשיו ענק קלוי בצנצנת 200 גרם,גרמים,200.00,100 גרם,false,1,21.90,0.1095,true,1,123507
7290113198258,false,פיסטוק ענק קלוי בצנצ,דין שיווק,IL,פיסטוק ענק קלוי בצנצנת 170 גרם,גרמים,170.00,100 גרם,false,1,21.90,0.1288,true,1,123508
7290113452848,false,קטי גומי אבטיח 200 ג,טופגם,IL,קטי גומי אבטיח 200 גרם,גרמים,200.00,100 גרם,false,1,14.90,0.0745,true,1,123147
7290113452862,false,סוכריות גומי נחש מוב,טופגם,IL,סוכריות גומי נחש מוברק ארוז 200 גרם,גרמים,200.00,100 גרם,false,1,14.90,0.0745,true,1,121644
7290113452879,false,סוכריות גומי בננה אר,טופגם,IL,סוכריות גומי בננה ארוז 200 גרם,גרמים,200.00,100 גרם,false,1,14.90,0.0745,true,1,121645
7290113452886,false,סוכריות גומי נחש חמו,טופגם,IL,סוכריות גומי נחש חמוץ ארוז 200 גרם,גרמים,200.00,100 גרם,false,1,14.90,0.0745,true,1,121647
7290113452916,false,סוכריות גומי קולה קט,טופגם,IL,סוכריות גומי קולה קטן ארוז 200 גרם,גרמים,200.00,100 גרם,false,1,14.90,0.0745,true,1,121643
7290113452923,false,סוכריות גומי לב אפרס,טופגם,IL,סוכריות גומי לב אפרסק ארוז 200 גרם,גרמים,200.00,100 גרם,false,1,14.90,0.0745,true,1,121666
7290113452930,false,סוכריות גומי דובי מו,טופגם,IL,סוכריות גומי דובי מוברק ארוז 200 גרם,גרמים,200.00,100 גרם,false,1,14.90,0.0745,true,1,121646
7290113453043,false,סוכריות גומי תות קטן,טופגם,IL,סוכריות גומי תות קטן 200 גרם,גרמים,200.00,100 גרם,false,1,14.90,0.0745,true,1,121667
7290114600767,false,FREE קו-קווים חטיף אפוי עם זיתים ועגבניות 150 גר',הדקלאים אגודת שיתופי,IT,חטיף אפוי עם זיתים ועגבניות קו קווים150ג,גרמים,150.00,100 גרם,false,1,12.90,0.0860,true,1,82546
7290114720250,false,פוג'יקום מטען סוללות USB אוניברסלי,פוג'יקום,CN,מטען סוללות USB אוני,יחידה,1.00,יחידה,false,1,69.90,69.9000,true,1,82077
7290114720878,false,פוג'יקום מארז זוג נורות 75W אור לבן,,,75w מארז זוג נורות לבן,יחידה,1.00,יחידה,false,1,29.90,29.9000,true,1,85472
7290115073676,false,מסכה לפנים חד פעמי 50 יח צבעוניות,שמחה זה אנחנו,CN,מסכות מנתח שחורות 50 יח שמחה זה אנחנו,יחידה,1.00,יחידה,false,1,9.90,9.9000,true,1,82837
7290115077131,false,מסכות ילדים צבעוני מעורב 40 יח',מ.פאנג,CN,מסכת פנים חדפ ילדים 40 יח צבעוני,יחידה,1.00,יחידה,false,1,8.90,8.9000,true,1,84180
7290115180251,false,יחידות טבק לחימום אמבר PP קרטוש,פיליפ מוריס,PL,יחידות טבק לחימום אמבר PP חפיסה,יחידה,1.00,יחידה,false,1,29.90,29.9000,false,1,84378
7290115180268,false,יחידות טבק לחימום צהוב PP,פיליפ מוריס,IL,יחידות טבק לחימום צהוב PP בודד,יחידה,1.00,יחידה,false,1,29.90,29.9000,true,1,84015
7290115180275,false,יחידות טבק לחימום טורקיז PP,פיליפ מוריס,IL,יחידות טבק לחימום טורקיז PP בודד,יחידה,1.00,יחידה,false,1,29.90,29.9000,true,1,84018
7290115180282,false,יחידות טבק לחימום ברונז PP,פיליפ מוריס,IL,יחידות טבק לחימום ברונז PP בודד,יחידה,1.00,יחידה,false,1,29.90,29.9000,true,1,84019
7290115180299,false,יחידות טבק לחימום סיינה PP,פיליפ מוריס,IL,יחידות טבק לחימום סיינה PP בודד,יחידה,1.00,יחידה,false,1,29.90,29.9000,true,1,84022
7290115180688,false,יחידות טבק לחימום סגול PP,פיליפ מוריס,CH,יחידות טבק לחימום סגול PPבודד,יחידה,1.00,יחידה,false,1,29.90,29.9000,false,1,83906
7290115181500,false,יחידות טבק לחימום הייטס לגונה סוופיט,פיליפ מוריס,,הייטס לגונה סוויפט PP בודד,יחידה,1.00,יחידה,false,10,29.90,29.9000,false,1,122055
7290115181531,false,EHC1 HEETS TEAK SELECTION S50 PRI חפיסה,פיליפ מוריס,RO,PP טבק היטס טיק חפיסה,יחידה,1.00,יחידה,false,1,29.90,29.9000,true,1,122719
7290115190014,false,סיגריות מרלבורו רד קצר בוקס,פיליפ מוריס,IL,סיגריות PPמרלבורו רד חפיסה,יחידה,1.00,יחידה,false,1,38.20,38.2000,false,1,83679
7290115190038,false,סיגריות מרלבורו רד קצר סופט,פיליפ מוריס,IL,סיגריות PPמרלבורו רד סופט חפיסה,יחידה,1.00,יחידה,false,1,36.20,36.2000,false,1,83665
7290115190052,false,סיגריות מרלבורו מדיום פלייבור מיקס,פיליפ מוריס,US,סיגריות מרלבורו פלייבור מיקסPP חפיסה בוד,יחידה,1.00,יחידה,false,1,38.20,38.2000,false,1,83440
7290115190076,false,סיגריות מרלבורו גולד ארוך 100 בוקס,פיליפ מוריס,TR,סיגריות מרלבורו גולד 100בודד,יחידה,1.00,יחידה,false,1,38.20,38.2000,false,1,84028
7290115190083,false,מרלבורו גולד קצר פאקט,פיליפ מוריס,IL,סיגריות מרלבורו גולדPP פאקט,יחידה,1.00,יחידה,false,10,355.00,355.0000,false,1,83652
7290115190090,false,סיגריות מרלבורו קצר בוקס בודד,פיליפ מוריס,US,סיגריות מרלבורו גולדPP חפיסה,יחידה,1.00,יחידה,false,1,38.20,38.2000,false,1,83651
7290115190113,false,מרלבורו גולד קצר קופסא סופט,פיליפ מוריס,IL,סיגריות מרלבורו גולד סופטPP חפיסה,יחידה,1.00,יחידה,false,1,36.20,36.2000,false,1,83673
7290115190137,false,סיגריות מרלבורו טאצ סילבר יחידה,פיליפ מוריס,IL,סיגריות מרלבורו פיין טאץPP חפיסה,יחידה,1.00,יחידה,false,1,34.40,34.4000,false,1,83675
7290115190151,false,סיגריות מרלבורו טאצ גולד,פיליפ מוריס,IL,סיגריות מרלבורו טאץPP חפיסה,יחידה,1.00,יחידה,false,1,34.40,34.4000,false,1,83667
7290115190175,false,פרלמנט סופר סלימס קופסא,פיליפ מוריס,US,סיגריות פרלמנט סופר סלימסPP חפיסה בודד,יחידה,1.00,יחידה,false,1,43.20,43.2000,false,1,83436
7290115190199,false,פרלמנט נייט ארוך חפיסה,פיליפ מוריס,TR,פרלמנט נייט 100PP חפיסה,יחידה,1.00,יחידה,false,1,43.20,43.2000,false,1,85526
7290115190212,false,סיגריות פרלמנט בלו 100 BR בודד,פיליפ מוריס,PL,סיגריות פרלמנט בלו 100PPחפיסה,יחידה,1.00,יחידה,false,1,43.20,43.2000,false,1,83657
7290115190236,false,סיגריות פרלמנט קצר בלו בודד,פיליפ מוריס,IL,סיגריות פרלמנט בלוPP חפיסה,יחידה,1.00,יחידה,false,1,43.20,43.2000,false,1,83653
7290115190250,false,סיגריות פרלמנט קצר בודד,פיליפ מוריס,US,סיגריות פרלמנט נייטPP חפיסה בודד,יחידה,1.00,יחידה,false,1,43.20,43.2000,false,1,83442
7290115190335,false,ל.מ.בלו לייבל ארוך בוקס חפיסה,פיליפ מוריס,TR,ל.מ בלו 100PP חפיסה,יחידה,1.00,יחידה,false,1,33.70,33.7000,false,1,85623
7290115190359,false,סיגריות L.M בלו לייבל קצר,פיליפ מוריס,US,סיגריות ל.מ בלוPP חפיסה בודד,יחידה,1.00,יחידה,false,1,33.70,33.7000,false,1,83438
7290115190373,false,סיגריות ל.מ. קפסולהP,פיליפ מוריס,TR,סיגריות ל.מ. קפסולהPP חפיסה,יחידה,1.00,יחידה,false,1,33.70,33.7000,false,1,83671
7290115190397,false,סיגריות L.M קצר רד לייבל בודד,פיליפ מוריס,US,ל.מ רדPP חפיסה בודד סיגריות,יחידה,1.00,יחידה,false,1,33.70,33.7000,false,1,83433
7290115190434,false,סיגריות L.M וייב סלימס בודד,פיליפ מוריס,US,סיגריות ל.מ וייבPP חפיסה בודד,יחידה,1.00,יחידה,false,1,33.70,33.7000,false,1,83444
7290115190458,false,סיגריות נקסט פיין אדג' בודד,פיליפ מוריס,TR,סיגריות נקסט אדג בודד,יחידה,1.00,יחידה,false,1,25.50,25.5000,false,1,83996
7290115190472,false,סיגריות נקסט פיין אדג',פיליפ מוריס,TR,סיגריות נקסט פיין אדגPP חפיסה,יחידה,1.00,יחידה,false,1,25.50,25.5000,false,1,84312
7290115190489,false,סיגריות נקסט פיין 10,פיליפ מוריס,TR,סיגריות נקסט פיין 100PP פקט,יחידה,1.00,יחידה,false,10,297.00,297.0000,false,1,84860
7290115190496,false,סיגריות נקסט ארוך בודד,פיליפ מוריס,IL,סיגריות נקסט פיין 100PP חפיסה,יחידה,1.00,יחידה,false,1,32.70,32.7000,false,1,84859
7290115190519,false,סיגריות נקסט פיין חפ,פיליפ מוריס,PL,סיגריות נקסט פיין חפיסה,יחידה,1.00,יחידה,false,1,32.70,32.7000,false,1,83661
7290115190533,false,סיגריות נקסט ריסס 100 בודד,פיליפ מוריס,TR,סיגריות נקסט ריסס 100בודד,יחידה,1.00,יחידה,false,1,30.70,30.7000,false,1,84025
7290115190557,false,סיגריות נקסט ריסס בודד,פיליפ מוריס,TR,סיגריות נקסט ריסס קצרPP חפיסה,יחידה,1.00,יחידה,false,1,30.70,30.7000,false,1,83663
7290115190571,false,סיגריות נקסט לילך בודד,פיליפ מוריס,US,סיגריות נקסט לילךPP חפיסה בודד,יחידה,1.00,יחידה,false,1,32.70,32.7000,false,1,83435
7290115190595,false,סיגריות נקסט אוריגינ,פיליפ מוריס,PL,סיגריות נקסט אוריגינלPP חפיסה,יחידה,1.00,יחידה,false,1,32.70,32.7000,false,1,83649
7290115190618,false,טבק מרלבורו רד 30 גרם חפיסה,פיליפס,PL,טבק מרלבורו רדPP חפיסה,יחידה,1.00,יחידה,false,1,85.20,85.2000,true,1,84373
7290115190632,false,טבק מרלבורו גולד 30 גרם חפיסה,פיליפ מוריס,PL,טבק מרלבורו גולד חפיסה 30 גרם,גרמים,30.00,100 גרם,false,1,85.20,2.8400,false,1,84314
7290115190656,false,טבק נקסט פיין 40 גרם חפיסה,פיליפ מוריס,PL,טבק נקסט פייןPP חפיסה,יחידה,1.00,יחידה,false,1,90.20,90.2000,true,1,84162
7290115190670,false,טבק נקסט אוריגינל בו,פיליפ מוריס,PL,טבק נקסט אוריגינל בודד,יחידה,1.00,יחידה,false,1,90.20,90.2000,true,1,84030
7290115190892,false,סיגריות מרלבורו פיוז'ן קפסולה בודד,פיליפ מוריס,IL,סיגריות מרלבורו פיוזן קפסולה בודד,יחידה,1.00,יחידה,false,1,27.00,27.0000,false,1,120434
7290115190939,false,אל.אם קפסולות קליק חפיסה,פיליפ מוריס,TR,סיגריות ל.מ קליק קפסולה בודד,יחידה,1.00,יחידה,false,1,25.00,25.0000,false,1,121658
7290115190960,false,מרלברו טאץ אדום פאקט,פיליפ מוריס,TR,מרלבורו טאץ אדום פאקט,יחידה,10.00,יחידה,false,10,307.00,30.7000,false,1,123263
7290115190977,false,סיגריות מרלבורו טאץ אדום -בודד,פיליפ מוריס,TR,מרלבורו טאץ אדום חפיסה,יחידה,20.00,יחידה,false,1,34.40,1.7200,false,1,123262
7290115191035,false,סיגריות מרלבורו סאמר ספלאש בודד,פיליפ מוריס,RS,מרלבורו סאמר ספלאש חפיסה בודד,יחידה,1.00,יחידה,false,1,29.00,29.0000,false,1,122873
7290115191073,false,נקסט ריץ' ריסס חפיסה,פיליפ מוריס,RS,נקסט ריץ ריסס חפיסה,יחידה,1.00,יחידה,false,1,26.00,26.0000,true,1,124260
7290115200003,false,פתי בר פינוקי וניל אסם 220 גרם,תאי פרזידנט פוד פאבל,PL,אסם פתי בר פינוקי וניל 220 גרם,גרמים,220.00,100 גרם,false,1,14.90,0.0677,true,1,82759
7290115201680,false,ביסלי בטעם ברביקיו אסם 70 גרם,"אסם השקעות בע""\מ",IL,בסלי ברביקיו 70גרם,גרמים,70.00,100 גרם,false,1,6.90,0.0986,true,1,83955
7290115201703,false,ביסלי ברביקיו גדול אסם 200 גרם,מיוצר עי קונדיטוריית,IL,בסלי ברביקיו 200גרם,גרמים,200.00,100 גרם,false,1,12.50,0.0625,true,1,83953
7290115201727,false,ביסלי חטיף בטעם בצל אסם 200 גרם,מיוצר עי קונדיטוריית,IL,בסלי בצל 200גרם,גרמים,200.00,100 גרם,false,1,12.50,0.0625,true,1,83952
7290115203134,false,פופקו פופקורן במבה - פופקורן בציפוי קרמל ובוטנים,"אסם השקעות בע""\מ",IL,פופקו פופקורן במבה 80 גרם,גרמים,80.00,100 גרם,false,1,7.90,0.0988,true,1,119366
7290115204018,false,מנה חמה איטלקי פסטה בסגנון אלפרדו 60 ג' אסם,"אסם תעשיות בע""מ",IL,מנה חמה פסטה בסגנון אלפרדו 60 גרם,גרמים,60.00,100 גרם,false,1,9.90,0.1650,true,1,85560
7290115205176,false,פיטנס - קרקר דק כפרי פיטנס 140 גרם,נסטלה Nestle,IL,פיטנס קרקר דק כפרי 150 גרם,גרמים,150.00,100 גרם,false,1,13.90,0.0927,true,1,122058
7290115205312,false,קרקר פיטנס דק עם זיתי קלמטה ועשבי תיבול,"אסם השקעות בע""\מ",IL,קרקר דק פיטנס זיתים 140 גרם,גרמים,140.00,100 גרם,false,1,13.90,0.0993,true,1,122724
7290115205527,false,פיטנס חטיף מולטיגריין עם עדשים 25 גרם,"אסם השקעות בע""\מ",IL,פיטנס חטיף מולטגריין עם עדשים 25 גרם,גרמים,25.00,100 גרם,false,1,6.50,0.2600,true,1,123026
7290115205541,false,פיטנס חטיף מולטיגריין עם חומוס 25 גרם,"אסם השקעות בע""\מ",IL,פיטנס חטיף מולטיגריין עם חומוס 25 גרם,גרמים,25.00,100 גרם,false,1,6.50,0.2600,true,1,123027
7290115205978,false,"פתי בר אצבעות שוקולד אוסם, 180 גרם","t\ד""\ר ג'\רארד בע""\מn\",PL,אסם פתי בר אצבעות שוקולד 180גרם,גרמים,180.00,100 גרם,false,1,14.90,0.0828,true,1,122936
7290115206531,false,אסם קרמוגית במילוי קרם בייגלה 12*200 גרם,אסם-נסטלה,IL,אסם קרמוגית בייגלה 200 גרם,גרמים,200.00,100 גרם,false,1,14.90,0.0745,true,1,121596
7290115206876,false,במבה דובים 40 80גרם,אסם,IL,במבה דובים 40 80גרם,גרמים,80.00,100 גרם,false,1,7.90,0.0988,true,1,124570
7290115206937,false,מנ.חמה רייס נודלס כשלפ55,תאי פרזידנט,TH,מנה חמה רייס נודלס כשלפ מוקפץ עוף 55 גרם,גרמים,55.00,100 גרם,false,1,11.90,0.2164,true,1,122581
7290115207323,false,"פרפקטו פסטה ספירלי ללא גלוטן 400 גרם כשל""פ",ניולט,IT,פרפקטו פסטה ספירלי ללא גלוטן 400גרם,גרמים,400.00,100 גרם,false,1,13.90,0.0348,true,1,122805
7290115208009,false,סירופ ענבים ויטמינצ'יק 1 ליטר,בית-השיטה עסיס תעשיות מז,IL,סירופ ויטמינציק ענבים 1 ליטר,ליטרים,1.00,ליטר,false,1,23.90,23.9000,true,1,122127
7290115208047,false,סירופ פטל ויטמינצ'יק 1 ליטר,בית-השיטה עסיס תעשיות מז,IL,סירופ ויטמינציק פטל 1 ליטר,ליטרים,1.00,ליטר,false,1,23.90,23.9000,true,1,122126
7290115208320,false,אפרופו טעם ביסלי בצל אסם 50 גרם,"אסם השקעות בע""\מ",IL,אפרופו בטעם ביסלי בצל 50גרם,גרמים,50.00,100 גרם,false,1,7.90,0.1580,true,1,124219
7290115208528,false,קרמוגית בטעם טירמיסו,Unknown,IL,אסם קרמוגית קרם בטעם טירמיסו 12 200גרם,גרמים,200.00,100 גרם,false,1,14.90,0.0745,true,1,124571
7290115208597,false,קרמוגית מיניס קרמל מלוח אסם 200 גרם,"אסם השקעות בע""\מ",IL,אסם קרמוגית מיניס קרמל מלוח 200 גרם,גרמים,200.00,100 גרם,false,1,14.90,0.0745,true,1,123335
7290115209198,false,במבה אוורירית אסם 80 גרם,"אסם תעשיות בע""מ",IL,במבה אורירית 80גרם,גרמים,80.00,100 גרם,false,1,7.90,0.0988,true,1,123362
7290115209358,false,במבה במילוי קרם בטעם בראוניז,"אסם השקעות בע""\מ",IL,במבה במילוי בראוניז 60גרם,גרמים,60.00,100 גרם,false,1,7.90,0.1317,true,1,124216
7290115671223,false,מסטיק מאסט פאן אבטיח מנגו צנצנת 58 גרם,אסקום קונפקשיין,DE,מאסט פאן אבטיח מנגו 58 גרם,גרמים,58.00,100 גרם,false,1,11.90,0.2052,true,1,122177
7290115671339,false,מיני פינוקיות בראוניז בייגל בוטן עלית 180 ג' עלית,"הגביע מוצרי ופלים בע""\מ",IL,מיני פינוקיות בראוניז בייגל בוטן 180 ג',גרמים,180.00,100 גרם,false,1,14.90,0.0828,true,1,121086
7290115671346,false,מיני פינוקיות טופי קרמל מלוח עלית 180 גרם,"הגביע מוצרי ופלים בע""\מ",IL,מיני פינוקיות טופי קרמל מלוח 180 ג',גרמים,180.00,100 גרם,false,1,14.90,0.0828,true,1,121087
7290115675559,false,מארז קפה טורקי לדרך 10 יחידות,שטראוס קפה בי.וי.,IL,מארז טורקי לדרך 70 גרם,גרמים,70.00,100 גרם,false,1,11.90,0.1700,true,1,123260
7290115675696,false,דגני בוקר קראנצ'ים שיבולת שועל עם אגוזים ושקדים,גלידות שטראוס,PL,קוואקר CRUESLI אגוזים 375 גר 6 יח,גרמים,375.00,100 גרם,false,1,25.90,0.0691,true,1,122140
7290115675702,false,דגני בוקר קראנצ'ים שיבולת שועל עם פירות מיובשים,גלידות שטראוס,PL,קוואקר CRUESLI פירות 375 גר 6 יח,גרמים,375.00,100 גרם,false,1,25.90,0.0691,true,1,122141
7290115676082,false,משקה יוגורט בטעם תות פרו 20 דנונה 255 ג',"שטראוס בריאות בע""\מ.",IL,משקה דנונה פרו 20 תות,מיליליטרים,255.00,"100 מ""ל",false,1,7.90,0.0310,true,1,85797
7290115676099,false,משקה יוגורט בטעם וניל פרו 20 דנונה 255 ג',"שטראוס בריאות בע""\מ.",IL,משקה דנונה פרו 20 וניל,מיליליטרים,255.00,"100 מ""ל",false,1,7.90,0.0310,true,1,85796
7290115676693,false,תפוצ'יפס מלח חומץ 50 ג' עלית,"שטראוס פריטו ליי בע""\מ )",IL,תפו SALT & VINEGAR י50 גר 48 יח - שמיטה,גרמים,50.00,100 גרם,false,1,5.90,0.1180,true,1,123048
7290115677362,false,"נודלס טריאקי ""דלישס"" שטראוס","טרופיקל דגיל בע""מ אז",IL,דלישס נודלס טריאקי,גרמים,350.00,100 גרם,false,1,26.90,0.0769,true,1,121413
7290115677423,false,אורז ירוק קארי חריף חריף דלישס 350 גרם,"טרופיקל דגיל בע""מ אז",IL,דלישס אורז קארי ירוק חריף,גרמים,350.00,100 גרם,false,1,26.90,0.0769,true,1,121415
7290116531281,false,קליק מיקס 65 גרם,יוניליוור ישראל מזון,IL,קליק קליק מיקס 65 גרם,גרמים,65.00,100 גרם,false,1,9.00,0.1385,true,1,121696
7290116531939,false,גלידה בשומן צמחי בטעם תות שדה בציפוי מכיל שוקולד,"גלידת שטראוס בע""\מ, רח'",IL,קרמיסימו גלידונית גלידה בטעם תות שדה 60 יחידות,גרמים,638.00,100 גרם,false,1,57.90,0.0908,true,1,122634
7290116532264,false,מאגדת גודיז פרי אפרסק יוגורט בציפוי 300 ג' שטראוס,"גלידת שטראוס בע""\מ, רחוב",IL,גודיז פרי אפרסק 300 גרם,גרמים,300.00,100 גרם,false,1,27.90,0.0930,true,1,122640
7290116532271,false,סנדוויץ לייט גודיז שוקולד וניל 270 ג' שטראוס,"גלידת שטראוס בע""\מ, רחוב",IL,גודיז סנדוויץ 270 גרם,גרמים,270.00,100 גרם,false,1,33.90,0.1256,true,1,122641
7290116532462,false,גלידת שמנת קליק בטעמי שוקולד בננה 384 ג' שטראוס,"גלידת שטראוס בע""\מ, רחוב",IL,פיינט קליק שוקולד בננה,מיליליטרים,520.00,"100 מ""ל",false,1,29.90,0.0575,true,1,122846
7290116532479,false,קליק גלידת שמנת בטעמי שוקולד לבן עוגיות 384 ג' שטראוס,"גלידת שטראוס בע""\מ, רחוב",IL,"פיינט קליק שוקולד לבן קרם עוגיות 520 מ""ל",מיליליטרים,520.00,"100 מ""ל",false,1,29.90,0.0575,true,1,122845
7290116532486,false,גלידת שמנת קליק בטעמי וניל קרמל מלוח 384 ג' שטראוס,"גלידת שטראוס בע""\מ, רחוב",IL,פיינט קליק וניל קרמל מלוח,מיליליטרים,520.00,"100 מ""ל",false,1,29.90,0.0575,true,1,122847
7290116930015,false,GO חטיף חלבון חטיף בוטנים קריספי 20 גרם חלבון,"בלמונט קונפקציות בע""\מ.",US,GO חטיף חלבון קרמל מלוח חמאת בוטנים 60ג,גרמים,60.00,100 גרם,false,1,14.90,0.2483,true,1,122907
7290116930022,false,חטיף חלבון GO קרם עוגיות ציפוי קריספי 20 גרם,"בלמונט קונפקציות בע""\מ.",US,GO חטיף חלבון בטעם קרם עוגיות 60גרם,גרמים,60.00,100 גרם,false,1,14.90,0.2483,true,1,122908
7290116930282,false,ארוחה בקטנה לאבנה עם קרקרים 150ג' תנובה,תנובה חלב,IL,ארוחה בקטנה לאבנה עם קרקרים 150 גרם,גרמים,150.00,100 גרם,false,1,7.90,0.0527,true,1,124117
7290116930435,false,יוגורט יופלה GO במרקם סמיך עם דובדבן 0%,תנובה מרכז שיתופי לש,IL,יוגורט גו סמיך 0% דובדבן,גרמים,150.00,100 גרם,false,1,6.90,0.0460,true,1,122742
7290116930626,false,ארוחה בקטנה ציזיקי עם קרקרים 150ג' תנובה,תנובה חלב,IL,ארוחה בקטנה ציזיקי עם קרקרים 150 גרם,גרמים,150.00,100 גרם,false,1,7.90,0.0527,true,1,123401
7290116930657,false,"משקה חלב גו בטעם בננה תמר בתוספת שיבולת שועל במרקם חלק 340 מ""ל",תנובה מרכז שיתופי לש,IL,"GO משקה בננה תמר שיבולת שועל 340 מ""ל",מיליליטרים,340.00,"100 מ""ל",false,1,9.50,0.0279,true,1,124239
7290116930701,false,מעדן חלב GO מועשר בחלבון בטעם קרמל מלוח,תנובה מרכז שיתופי לש,IL,GOמעדן חלב בטעם קרמל מלוח 120גרם,גרמים,120.00,100 גרם,false,1,5.20,0.0433,true,1,123068
7290116931029,false,משקה בריסטה שיבולת שועל בטעם אייריש קרים 1 ל' תנובה,תנובה Alternative,IL,משקה בריסטה שיבולת שועל בטעם אייריש קרים,ליטרים,1.00,ליטר,false,1,14.90,14.9000,true,1,124572
7290116931104,false,יופלה GO במרקם סמיך עם אננס 0% תנובה 200 גרם,תנובה חלב,IL,יופלה גו במרקם סמיך עם אננס 0% 200גרם,גרמים,200.00,100 גרם,false,1,6.50,0.0325,true,1,123399
7290117262290,false,פרלינים אגוזים מצופים פצפוצי שוקולד 50 גרם,מודרן צוקולטה,TR,פרלינים אגוזים במילוי פצפוצי דגנים מצופי,גרמים,50.00,100 גרם,false,1,7.90,0.1580,true,1,124310
7290117262320,false,ביסקוויט מצופה שוקולד חלב 50 גר JAZZY,מודרן צוקולטה,TR,ביסקוויט מצופה שוקולד חלב 40גרם,גרמים,40.00,100 גרם,false,1,7.90,0.1975,true,1,124313
7290117380178,false,סוויט פוף חטיף מצופה שוקולד חלב,"טחנת האבן תעשיות בע""",IL,סוויט פוף שוקולד חלב 50 גרם,גרמים,50.00,100 גרם,false,1,6.90,0.1380,true,1,124261
7290117380185,false,סוויט פוף חטיף מצופה שוקולד חלב ולבן,"טחנת האבן תעשיות בע""",IL,סוויט פוף שוקולד חלב ולבן 50 גרם,גרמים,50.00,100 גרם,false,1,6.90,0.1380,true,1,124262
7290117821367,false,ביצת הפתעה פלסטיק עם סוכריות קשות 10 גרם טרקטור,PAZARLAMA GIDA GLOBAL,TR,ביצת הפתעה פלסטיק עם סוכריות קשות 10ג S טרקטור,גרמים,10.00,100 גרם,false,1,6.90,0.6900,true,1,123328
7290117821374,false,ביצת הפתעה פלסטיק עם סוכריות קשות 10 גרם פוני,PAZARLAMA GIDA GLOBAL,TR,ביצת הפתעה פלסטיק עם סוכריות קשות 10ג S פוני,גרמים,10.00,100 גרם,false,1,6.90,0.6900,true,1,123330
7290117821435,false,ביצת הפתעה פלסטיק עם סוכריות קשות 10 גרם חד קרן,PAZARLAMA GIDA GLOBAL,TR,ביצת הפתעה פלסטיק עם סוכריות קשות 10ג S חד קרן,גרמים,10.00,100 גרם,false,1,6.90,0.6900,true,1,123327
7290117821442,false,ביצת הפתעה פלסטיק עם,שמחה,IL,ביצת הפתעה פלסטיק עם סוכריות קשות 20ג L כדורגל,גרמים,20.00,100 גרם,false,1,8.90,0.4450,true,1,123334
7290118420415,false,אסם קטשופ קלאסי היתר מכירה 750 גרם,"אסם תעשיות מזון בע""מ",IL,קטשופ אסם 750 גרם,גרמים,750.00,100 גרם,false,1,13.90,0.0185,true,1,124532
7290118420712,false,עוגיות שוקוציפס קרמל מלוח אסם 220 גרם,קריות זול,IL,אסם עוגיות שוקוציפס קרמל מלוח 12 220גרם,גרמים,220.00,100 גרם,false,1,14.90,0.0677,true,1,124578
7290118420859,false,אסם קרמוגית קרם בטעם,Unknown,IL,אסם קרמוגית קרם בטעם קרם ברולה 12 200גרם,גרמים,200.00,100 גרם,false,1,14.90,0.0745,true,1,124579
7290118873082,false,אנטיגן משולב שפעת מארז חמישייה,,IL,בדיקת קורונה שפעת מארז חמישייה,יחידה,1.00,יחידה,false,1,59.90,59.9000,true,1,124307
7296150000028,false,עלי גפן ממולאים באורז 425 גר,אקמאר,TR,עלי גפן ממולאים באורז 425 גרם,גרמים,425.00,100 גרם,false,1,14.00,0.0329,true,1,13284
7297488098152,false,דגש קמח חומוס ללא גל,אף.סי תבליני בגליל ב,IL,דוכן גן שמואל קמח חומוס 500 גרם,גרמים,500.00,100 גרם,false,1,15.90,0.0318,true,1,98238
7297488098305,false,קמח שקדים ללא גלוטן,תות תעשיות מזון (201,IL,דוכן גן שמואל קמח שקדים 500 גרם,גרמים,250.00,100 גרם,false,1,27.50,0.1100,true,1,44217
7297488099753,false,דגש עוגיות בטעם שוקולד וקוקוס 250 גרם,תות תעשיות מזון (201,IL,עוגיות בטעם שוקולד וקוקוס 250 גרם,גרמים,250.00,100 גרם,false,1,27.90,0.1116,true,1,71368
7297488199590,false,פצפוצי אורז לבן תפוח ללא גלוטן,דגש- דוכן גן שמואל,IL,פצפוצי אורז לבן תפוח,גרמים,450.00,100 גרם,false,1,23.90,0.0531,true,1,71365
7297488199606,false,פצפוצי אורז תפוח ללא תוספת סוכר ומלח ללא גלוטן,דגש- דוכן גן שמואל,IL,פצפוצי אורז לבן תפוח,גרמים,450.00,100 גרם,false,1,23.90,0.0531,true,1,113151
7297603008998,false,מטרפה נירוסטה 30 סמ,,,מטרפה נירוסטה 30 סמ,יחידה,1.00,יחידה,false,1,10.90,10.9000,true,1,118875
7297603010328,false,בקבוק אקרילי 500 מל,,,בקבוק אקרילי 500 מל,יחידה,1.00,יחידה,false,1,39.90,39.9000,true,1,124008
7297603014388,false,מלקחיים סיליקון 22 ס,,,מלקחיים סיליקון 22 ס,יחידה,1.00,יחידה,false,1,19.90,19.9000,true,1,121130
7297603015576,false,קרש חיתוך עץ אקשיה ע,,,קרש חיתוך עץ אקשיה ע,יחידה,1.00,יחידה,false,1,29.90,29.9000,true,1,121612
7297603015750,false,כף עץ במבוק 30 סמ,,,כף עץ במבוק 30 סמ,יחידה,1.00,יחידה,false,1,11.90,11.9000,true,1,121629
7297603015767,false,כף עץ מחוררת במבוק 3,,,כף עץ מחוררת במבוק 3,יחידה,1.00,יחידה,false,1,11.90,11.9000,true,1,121630
7297603015774,false,כף עץ מחוררת במבוק 3,,,כף עץ מחוררת במבוק 3,יחידה,1.00,יחידה,false,1,11.90,11.9000,true,1,121631
7297603015798,false,כף עץ לפסטה במבוק 30,,,כף עץ לפסטה במבוק 30,יחידה,1.00,יחידה,false,1,11.90,11.9000,true,1,121633
7297603015804,false,כף עץ מחוררת במבוק 3,,,כף עץ מחוררת במבוק 3,יחידה,1.00,יחידה,false,1,11.90,11.9000,true,1,121634
7297603017228,false,קנקן זכוכית מעוצב 15,,,קנקן זכוכית מעוצב 15,יחידה,1.00,יחידה,false,1,59.90,59.9000,true,1,124028
7297603017235,false,קנקן זכוכית מעוצב 18,,,קנקן זכוכית מעוצב 18,יחידה,1.00,יחידה,false,1,64.90,64.9000,true,1,124029
7297603017242,false,קנקן זכוכית מעוצב 15,,,קנקן זכוכית מעוצב 15,יחידה,1.00,יחידה,false,1,49.90,49.9000,true,1,124030
7297603018072,false,קנקן זכוכית עגול מעו,,,קנקן זכוכית עגול מעו,יחידה,1.00,יחידה,false,1,59.90,59.9000,true,1,124031
7297603018089,false,קנקן זכוכית עגול מעו,,,קנקן זכוכית עגול מעו,יחידה,1.00,יחידה,false,1,79.90,79.9000,true,1,124032
7297603027500,false,מלחיה זכוכית נירוסט,,,מלחיה זכוכית נירוסט,יחידה,1.00,יחידה,false,1,11.90,11.9000,true,1,122458
7297603030326,false,מאג סבתא רטרו שחור ל,,,מאג סבתא רטרו שחור ל,יחידה,1.00,יחידה,false,1,12.90,12.9000,true,1,124053
7297603030333,false,בול סבתא שחור לבן,,,בול סבתא שחור לבן,יחידה,1.00,יחידה,false,1,15.90,15.9000,true,1,124054
7297603030340,false,מאג סבתא 350 מל,,,מאג סבתא 350 מל,יחידה,1.00,יחידה,false,1,11.90,11.9000,true,1,124055
7297603030357,false,מאג סבתא 4 גווני חו,,,מאג סבתא 4 גווני חו,יחידה,1.00,יחידה,false,1,12.90,12.9000,true,1,124056
7297603030364,false,בול סבתא 4 גווני חו,,,בול סבתא 4 גווני חו,יחידה,1.00,יחידה,false,1,16.90,16.9000,true,1,124057
7297603030456,false,מעמד לנייר סופג מוט,,,מעמד לנייר סופג מוט,יחידה,1.00,יחידה,false,1,39.90,39.9000,true,1,122474
7297603030463,false,מעמד לנייר סופג מוט,,,מעמד לנייר סופג מוט,יחידה,1.00,יחידה,false,1,39.90,39.9000,true,1,122475
7297603034027,false,קרמיקה יפנית מגש מל,,,קרמיקה יפנית מגש מלבן 28X16 סמ,יחידה,1.00,יחידה,false,1,29.90,29.9000,true,1,124072
7297603034058,false,קרמיקה יפנית קערית,,,קרמיקה יפנית קערית,יחידה,1.00,יחידה,false,1,6.90,6.9000,true,1,124075
7297603034072,false,קרמיקה יפנית צלחת,,,קרמיקה יפנית צלחת,יחידה,1.00,יחידה,false,1,17.90,17.9000,true,1,124077
7297603034089,false,קרמיקה יפנית צלוחית,,,קרמיקה יפנית צלוחית,יחידה,1.00,יחידה,false,1,12.90,12.9000,true,1,124078
7297603034102,false,קרמיקה וינטג צלחת ע,,,קרמיקה וינטג צלחת ע,יחידה,1.00,יחידה,false,1,19.90,19.9000,true,1,124080
7297603034126,false,קרמיקה וינטג בול קו,,,קרמיקה וינטג בול קו,יחידה,1.00,יחידה,false,1,19.90,19.9000,true,1,124082
7298074500615,false,ערכה לבדיקת הריון בודד סנסו טסט,סנסו טסט Senso Test,,ערכה לבדיקת הריון בודד סנסו טסט,יחידה,1.00,יחידה,false,1,25.90,25.9000,true,1,80079
7298074501995,false,בליסטקס סטיק אולטרא SPF50,מדיליין פריגו,US,בליסטקס הגנה מוגברת spf50,יחידה,1.00,יחידה,false,1,9.90,9.9000,true,1,80305
7298087000959,false,וולטרן אמולגל שפורפר,נוברטיס,,וולטרן אמולגל שפורפרת 50 גרם,גרמים,50.00,100 גרם,false,1,47.00,0.9400,true,1,66230
7330578306055,false,ס.אלקטרונית סמארט אנ,shenzhen shengsi,CN,ס.אלקטרונית סמארט אננס 1200 שאיפות,יחידה,1.00,יחידה,false,1,59.90,59.9000,false,1,121724
7330578306109,false,ס.אלקטרונית סמארט מל,shenzhen shengsi,CN,ס.אלקטרונית סמארט מלון 1200 שאיפות,יחידה,1.00,יחידה,false,1,59.90,59.9000,false,1,121728
7441000720599,false,לבבות דקל LA CIMA פח 400 גרם,אינקופלמיטו,EC,שימורי לבבות דקל שלמים(פחית),גרמים,400.00,100 גרם,false,1,14.90,0.0373,true,1,67649
7441000720605,false,לבבות דקל LA CIMA צנצנת 410 גרם,אינקופלמיטו אס. אי,EC,לה קימה שימורי לבבות דקל שלמים 410 גרם,גרמים,410.00,100 גרם,false,1,19.90,0.0485,true,1,67650
7465603183636,false,"סיגר אורגינל ""קורונה 1""",,DO,סיגר פרינסיפס נטורל בודד,יחידה,1.00,יחידה,false,1,12.90,12.9000,false,1,123110
7500162900000,false,"בירה סול בקבוק 330 מ""ל",היינקן,NL,"סול ח""פ 330 בקבוק בודד",מיליליטרים,330.00,"100 מ""ל",false,1,13.50,0.0409,true,1,81933
7501013101348,false,"נקטר בטעם מנגו 500 מ""ל JUMEX",חומקס קומר קומרסאליזדורה,MX,"ג'ומקס מנגו בקבוק 473 מ""ל תריסר",מיליליטרים,473.00,"100 מ""ל",false,1,11.90,0.0252,true,1,80005
7501013101355,false,"נקטר בטעם אפרסק 500 מ""ל JUMEX",חומקס קומר קומרסאליזדורה,MX,"ג'ומקס אפרסק בקבוק 473 מ""ל תריסר",מיליליטרים,473.00,"100 מ""ל",false,1,11.90,0.0252,true,1,80004
7501013101362,false,"נקטר בטעם קוקוס ואננס 500 מ""ל JUMEX",חומקס קומר קומרסאליזדורה,MX,"ג'ומקס קוקוס אננס בקבוק 473 מ""ל תריסר",מיליליטרים,473.00,"100 מ""ל",false,1,11.90,0.0252,true,1,80006
7501013101393,false,"נקטר בטעם אננס טבעי 500 מ""ל JUMEX",חומקס קומר קומרסאליזדורה,MX,"ג'ומקס אננס  בקבוק 473 מ""ל תריסר",מיליליטרים,473.00,"100 מ""ל",false,1,11.90,0.0252,true,1,80003
7501013122039,false,נקטר מנגו ג'ומקס בקרטונית 1 ליטר,חומקס קומר קומרסאליזדורה,MX,ג'ומקס מנגו קרטונית ליטר תריסר,ליטרים,1.00,ליטר,false,1,14.90,14.9000,true,1,80000
7501013122053,false,נקטר אפרסק ג'ומקס בקרטונית 1 ליטר,חומקס קומר קומרסאליזדורה,MX,ג'ומקס אפרסק קרטונית ליטר תריסר,ליטרים,1.00,ליטר,false,1,14.90,14.9000,true,1,79999
7501013122114,false,"נקטר משקה אננס בקרטונית ג'ומקס, 1 ל'",חומקס קומר קומרסאליזדורה,MX,ג'ומקס אננס קרטונית ליטר תריסר,ליטרים,1.00,ליטר,false,1,14.90,14.9000,true,1,79998
7501013122992,false,משקה קוקוס אננס ג'ומקס בקרטונית 1 ליטר,חומקס קומר קומרסאליזדורה,MX,ג'ומקס קוקוס אננס קרטונית ליטר תריסר,ליטרים,1.00,ליטר,false,1,14.90,14.9000,true,1,80001
7501013138184,false,משקה חמוציות יוניקו פרסקו ג'ומקס קרטונית 1 ליטר,חומקס קומר קומרסאליזדורה,MX,ג'ומקס פרסקו חמוציות קרטונית ליטר תריסר,ליטרים,1.00,ליטר,false,1,14.90,14.9000,true,1,120596
7501064196690,false,"פחית בירה קורונה 355 מ""ל",סרבסריה מידלו,MX,"פחית בירה קורונה 355 מ""ל",מיליליטרים,355.00,"100 מ""ל",false,1,16.90,0.0476,true,1,81044
7610113011652,false,בריזר - משקה כוהלי מוגז בטעם תפוח,בקרדי בריזר Bacardi Breezer,BE,"בריזר - משקה כוהלי מוגז בטעם תפוח 275 מ""ל",מיליליטרים,275.00,"100 מ""ל",false,1,18.90,0.0687,true,1,82419
7610113013250,false,"משקה כוהלי על בסיס רום בקרדי 250 מ""ל",בקרדי מרטיני,BE,פחית בקרדי מוחיטו 250 מל,מיליליטרים,250.00,"100 מ""ל",false,1,17.90,0.0716,true,1,120561
7610400075794,false,לינדט לה גרנד שוקולד לבן ושקדים 150 גרם,לינדט ושפרונגלי,CH,לינדט לגרנד ואיט אלמונד150 גרם,גרמים,150.00,100 גרם,false,1,27.90,0.1860,true,1,80962
7610400091060,false,שוקולד מריר לינדט אקסלנס בתוספת תפוז ושקדים,לינדט ושפרונגלי קילש,CH,שוקולד לינדט אקסלנס תפוז 100 גרם,גרמים,100.00,100 גרם,false,1,19.90,0.1990,true,1,123433
7613032045753,false,פיטנס - דגני בוקר שוקולד 375 גרם,נסטלה צרפת איטנקורט,FR,פיטנס שוקולד 16*375גרם 2017,גרמים,375.00,100 גרם,false,1,23.90,0.0637,true,1,25189
7613033635571,false,פורינה וואן - חתול סטרילייז סלמון 800 גרם,נסטלה פורינה צרפתn\,FR,ONE חתול סטרילייז סלמון800גרם,גרמים,800.00,100 גרם,false,1,37.90,0.0474,true,1,117373
7613035514430,false,"פורינה ONE חתול בוגר סלמון 3 ק""ג",נסטלה פורינה צרפת,FR,פורינה ONE חתול בוגר סלמון 4*3קג,קילוגרמים,3.00,"ק""ג",false,1,119.90,39.9667,true,1,80249
7613035618794,false,"פורינה ONE חתול בוגר עוף 3 ק""ג",נסטלה פורינה צרפת,FR,פורינה ONE חתול בוגר עוף 4*3קג,קילוגרמים,3.00,"ק""ג",false,1,119.90,39.9667,true,1,80248
7613035619050,false,פירולו חמשושים מפלצות 75 מל,שוורצקוף& הנקל דיסלד,ES,חמשושים מפלצות 18*75מל,גרמים,80.00,100 גרם,false,1,10.50,0.1313,true,1,66604
7613035635845,false,פיטנס גרנולה שוקולד 14*300 גרם,שוורצקוף& הנקל דיסלד,LT,גרנולה פיטנס שוקולד 300 גרם,גרמים,300.00,100 גרם,false,1,15.90,0.0530,true,1,66290
7613036105576,false,דוגלי עוף לכלבים בוגרים,נסטלה פורינה פטקר הו,HU,דוגלי בוגר עוף 4*3 קג N2,קילוגרמים,3.00,"ק""ג",false,1,59.90,19.9667,true,1,69916
7613036105606,false,דוגלי בקר לכלבים בוגרים,נסטלה פורינה פטקר הו,HU,דוגלי בוגר בקר 3 קג,קילוגרמים,3.00,"ק""ג",false,1,59.90,19.9667,true,1,70120
7613036280327,false,פרייה אנד גוס אפרסק דובדבן 250 מל פחיות,נסטלה ווטרס ספלאי,FR,פרייה אנד ג'וס אפרסק דובדבן פחית,מיליליטרים,250.00,"100 מ""ל",false,1,10.50,0.0420,true,1,83995
7613036576734,false,קרטיב חמשושים חדש נסטלה 60 גר,פרונרי איבריה ס.ל,ES,נסטלה חמשושים חדש 18*60גרם,גרמים,60.00,100 גרם,false,1,10.50,0.1750,true,1,74779
7613037276091,false,נסטלה מיקס מיני אריזות דגני בוקר 200 גרם,נסטלה Nestle,FR,נסטלה מיקס מיני אריזות דגני בוקר *200גרם,גרמים,200.00,100 גרם,false,1,20.90,0.1045,true,1,78680
7613037686906,false,פיטנס שקדים ודבש 355 גרם מופחת סוכר,נסטלה צרפת איטנקורט,FR,פיטנס שקדים ודבש 14*355גרם N9LEM 2019,גרמים,355.00,100 גרם,false,1,23.90,0.0673,true,1,81324
7616500553484,false,שוקולד פריי מהודר מריר 78% 100גר,צוקולאט פריי אייץגיץ,CH,פריי שוקולד מריר 78% 100 גרם,גרמים,100.00,100 גרם,false,1,12.90,0.1290,true,1,23512
7616500630161,false,פריי שוקולד מריר 85% קקאו 100גר,צוקולאט פריי אייץגיץ,CH,פריי שוקולד מריר 85% 100 גרם,גרמים,100.00,100 גרם,false,1,12.90,0.1290,true,1,120996
7616500646087,false,שוקולד פריי חלב עם שבבי אגוזים 100ג,צוקולאט פריי אייץגיץ,CH,פריי שוקולד עם שברי אגוזים 100 גרם,גרמים,100.00,100 גרם,false,1,12.90,0.1290,true,1,56397
7622010001858,false,עוגיות אוראו ממולאות קרם וניל 176 גרם.,פי אר ג'\יי אס אי מנדלז,UA,עוגיות אוראו ממולאות קרם וניל 176 גרם,גרמים,176.00,100 גרם,false,1,12.90,0.0733,true,1,66169
7622201127367,false,מילקה אוראו מיניס שוקולד לבן 153 גרם,פי.אר.ג'יי.אס.סי מונ,UA,מילקה אוראו מיניס לבן 153 גרם,גרמים,153.00,100 גרם,false,1,19.90,0.1301,true,1,85509
7622201137052,false,אוראו מיני קוקיס - עוגיות שוקולד צ'יפס ותחתית מצופה שוקולד חלב,מונדלז אספנה גלטאס פ,ES,מילקה מיני קוקיז 110 גרם,גרמים,110.00,100 גרם,false,1,10.90,0.0991,true,1,85010
7622201401900,false,עוגיות סנסיישן אוראו מילקה 156 גרם,מונדלז פולסקה פרודקש,PL,עוגיות מילקה סנסיישן אוראו 156 גרם,גרמים,156.00,100 גרם,false,1,15.90,0.1019,true,1,83897
7622201502515,false,עוגיות מילקה קוקי לופ שוקולד צ'יפס,גיורי קייקס קייאפטי,HU,מילקה קוקי לופ 132 גרם,גרמים,132.00,100 גרם,false,1,15.90,0.1205,true,1,121700
7622201801809,false,מילקה שוקולד חלב עם אגוזים 100 גרם חדש,מנדלז דויצ'\לנד סנקס פרו,DE,מילקה- שוק' חלב עם אגוזים 100 גרם,גרמים,100.00,100 גרם,false,1,7.90,0.0790,true,1,120616
7622201802394,false,שוקולד מילקה חלב מסרונים 100 גרם,מנדלז דויצ'\לנד סנקס פרו,DE,מילקה חלב מסרונים 100 גרם,גרמים,100.00,100 גרם,false,1,7.90,0.0790,true,1,121539
7622201808631,false,אוראו מיני עוגיות ממולאות קרם וניל 67גרם,פי.טי. מונדלז אינדונ,ID,אוראו מיני כוסות בטעם וניל 67 גרם,גרמים,67.00,100 גרם,false,1,7.90,0.1179,true,1,120617
7622210637994,false,מיני עוגיות אוראו קראנצ'י בייטס אורגינל,מונדלז אספניה ג'לאטס,ES,אוראו קראנצ'י בייטס מצופים 110 גרם,גרמים,110.00,100 גרם,false,1,10.90,0.0991,true,1,84459
7622210638021,false,מיני עוגיות אוראו קראנצ'י בייטס מצופים,מונדלז אספניה ג'לאטס,ES,אוראו קראנצ'י בייטס מצופים 110 גרם,גרמים,110.00,100 גרם,false,1,10.90,0.0991,true,1,84460
7622210644794,false,טבלת שוקולד עם שוקולד לבן 100ג' מילקה,מונדלייז,DE,מילקה דלמטי חום לבן 100 גר,גרמים,100.00,100 גרם,false,1,7.90,0.0790,true,1,124264
7622210826053,false,שוקולד מילקה אוראו סנדוויץ 92 גר',גיאורי קאקסז קייאףטי,HU,שוקולד מילקה אוראו סנדביץ 92 גרם,גרמים,92.00,100 גרם,false,1,7.90,0.0859,true,1,84177
7622210835338,false,אוראו עוגיות ממולאות טעם בראוניז 176 גרם,מנדלז אספנה גאלטס פר,ES,עוגיות אוראו בראוניז 176 גרם,גרמים,176.00,100 גרם,false,1,12.90,0.0733,true,1,77022
7622300370367,false,מילקה דיים 100 גר,מונדלייז,DE,מילקה דיים 100 גר,גרמים,100.00,100 גרם,false,1,7.90,0.0790,true,1,124265
7622300489427,false,עוגיות אוראו בציפוי בטעם שוקולד לבן 246 גרם,מנדלז אספנה גאלטס פר,ES,עוגיות אוראו בציפוי בטעם שוקולד לבן 246 גר',גרמים,246.00,100 גרם,false,1,23.90,0.0972,true,1,72297
7622300503079,false,עוגיות ביסקוויט מצופה שוקולד חלב מילקה 200 גרם,מונדלז פולסקה פרודקש,PL,מילקה מו עוגיות ביסקוויט בציפוי שוקולד 200 גר',גרמים,200.00,100 גרם,false,1,15.90,0.0795,true,1,39789
7622300617820,false,מילקה שוקולד חלב במילוי קרם חלב ווניל ושבבי עוגיות אוראו 100 גרם,מנדלז דויצ'\לנד סנקס פרו,DE,מילקה אוראו 100 גרם,גרמים,100.00,100 גרם,false,1,7.90,0.0790,true,1,47354
7630477891592,false,סטארבקס קפסולות קפה האוס בלנד 10 יחידות,נסטלה שוויץ - קפה,CH,סטארבקס קפסולות האוס בלנד 57 גרם,גרמים,57.00,100 גרם,false,1,21.90,0.3842,true,1,123286
7630477891639,false,סטארבקס קפסולות קפה ורונה 10 יחידות,נסטלה שוויץ - קפה,CH,סטארבקס קפסולות ורונה 55 גרם,גרמים,55.00,100 גרם,false,1,21.90,0.3982,true,1,123288
7630477891714,false,סטארבקס קפסולות קפה אספרסו 10 יחידות,נסטלה שוויץ - קפה,CH,סטארבקס קפסולות אספרסו 57 גרם,גרמים,57.00,100 גרם,false,1,21.90,0.3842,true,1,123287
7630477891738,false,סטארבקס קפסולות קפה אספרסו בלונד 10 יחיד,נסטלה שוויץ - קפה,CH,סטארבקס קפסולות אספרסו בלונד 53 גרם,גרמים,53.00,100 גרם,false,1,21.90,0.4132,true,1,123285
7640175743451,false,משקה כוהלי על בסיס גין בומביי ספייר 250מ,בומביי ספיריטס,BE,פחית גין בומביי טוניק 250 מל,מיליליטרים,250.00,"100 מ""ל",false,1,17.90,0.0716,true,1,120562
7702018271788,false,"דאודורנט קליר ג'ילט בניחוח ספורט 70 מ""ל",פרוקטר אנד גמבל,PL,ג'ילט דאודורנט ג'ל sport triumph עד 48 שעות 70 מל,ליטרים,70.00,ליטר,false,1,16.90,0.2414,true,1,123136
7702018978106,false,"ג'ילט - דאודורנט ג'ל לגבר ארטיק אייס 70 מ""ל",פרוקטר אנד גמבל,PL,"ג'ילט דאודורנט קליר ג'ל 70 מ""ל Artic Ice",ליטרים,70.00,ליטר,false,1,16.90,0.2414,true,1,123135
7702018978120,false,"ג'ילט - דאודורנט ג'ל לגבר קול וייב 70 מ""ל",פרוקטר אנד גמבל,PL,"ג'ילט דאודורנט קליר ג'ל 70 מ""ל cool wave",מיליליטרים,70.00,"100 מ""ל",false,1,16.90,0.2414,true,1,94749
7702018980857,false,גילט סירייס גל גילוח לעור רגיש 75 מל,פרוקטר & גמבל,RO,"גל גילוח סירייס לעור רגיש 75 מ""ל",מיליליטרים,250.00,"100 מ""ל",false,1,12.90,0.0516,true,1,81591
7792860006218,false,סוכריות לקקנים בייבי דול Baby Doll לריטר,גוד פוד פרודקטס S.p,AR,"סוכריות בייבי דול, 24 גרם",גרמים,20.00,100 גרם,false,1,2.90,0.1450,true,1,6775
7890557502484,false,כפכפי הווייאנס סלים,אלפרגאטאס,,כפכפי הוויאנס סלים זהב חלק 37-8,יחידה,1.00,יחידה,false,1,49.90,49.9000,true,1,72014
7890557502491,false,כפכפי הווייאנס סלים,אלפרגאטאס,,כפכפי הוויאנס סלים זהב חלק 39-4,יחידה,1.00,יחידה,false,1,49.90,49.9000,true,1,72515
7890557502507,false,כפכפי הווייאנס סלים,אלפרגאטאס,,כפכפי הוויאנס סלים זהב חלק 41-2,יחידה,1.00,יחידה,false,1,49.90,49.9000,true,1,72026
7891024179482,false,"שטיפת פה קולגייט אופטיק וייט 500מ""ל",יבואן ומשווק: ש. שסט,PL,קולגייט מי פה אופטיק וייט 500 מל,מיליליטרים,500.00,"100 מ""ל",false,1,36.60,0.0732,true,1,47647
7893249567082,false,כפכפי הווייאנס סלים,אלפרגאטאס,,כפכפי הוויאנס סלים חלק בלט 37-8,יחידה,1.00,יחידה,false,1,49.90,49.9000,true,1,72302
7893249567099,false,כפכפי הווייאנס סלים,אלפרגאטאס,,כפכפי הוויאנס סלים חלק בלט 39,יחידה,1.00,יחידה,false,1,49.90,49.9000,true,1,72303
8000070010680,false,קפסולות אספרסו לוואצה NCC מותאמות למכונו,לאוג'י לוואצה אס.פי.אי,IT,קפסולות אספרסו ויגורוסו 55 גרם,גרמים,55.00,100 גרם,false,1,18.90,0.3436,true,1,123113
8000070081017,false,קפסולות קפה אספרסו דיצו 10 10 יחידות,לאוג'\י לוואצה אס.פי.אי,IT,קפסולות דיצו 50 גרם,גרמים,50.00,100 גרם,false,1,18.90,0.3780,true,1,123283
8000215204219,false,ויטאריז משקה אורז אורגני 1 ליטר,בטר אנד דיפרנט,IT,משקה אורז אורגני 1 ליטר,ליטרים,1.00,ליטר,false,1,16.90,16.9000,true,1,35607
8000215204240,false,ויטאריז משקה שקדים ואורז אורגני 1 ליטר,בטר אנד דיפרנט,IT,משקה שקדים ואורז אורגני 1 ליטר,ליטרים,1.00,ליטר,false,1,16.90,16.9000,true,1,35608
8000215204394,false,"משקה אורז אורגני אגוז לוז ""נטורפוד""",בטר אנד דיפרנט,US,משקה אגוזי לוז ואורז אורגני 1 ליטר,ליטרים,1.00,ליטר,false,1,18.90,18.9000,true,1,56886
8000215204561,false,VITASI משקה שקדים אורגני 1 ליטר,בטר אנד דיפרנט,IT,ויטאסי משקה שקדים אורגני 1 ליטר,ליטרים,1.00,ליטר,false,1,16.90,16.9000,true,1,75949
8000215204653,false,משקה סויה אורגני 1ליטר,בטר אנד דיפרנט,IT,ויטאסי משקה סויה אורגני,ליטרים,1.00,ליטר,false,1,13.90,13.9000,true,1,80633
8000215204677,false,ויטריז - משקה שיבולת שועל בריסטה אורגני,בטר אנד דיפרנט,IT,משקה שיבולת שועל אורגני בריסטה 1 ליטר,ליטרים,1.00,ליטר,false,1,16.90,16.9000,true,1,122026
8000215204714,false,משקה שיבולת שועל אורגני 1 ליטר PRIMAVENA,בטר אנד דיפרנט,IT,פרימאבנה משקה שיבולת שועל אורגני 1 ליטר,ליטרים,1.00,ליטר,false,1,16.90,16.9000,true,1,56887
8000380003723,false,וופל אגוזים בציפוי שוקולד לואקר 100 גרם,קריניציה ויטמינה אס,IT,לואקר גרנד פטיסרי אגוז 100 גרם,גרמים,100.00,100 גרם,false,1,15.90,0.1590,true,1,6870
8000380003754,false,וופל גראן פטיסרי Gran Pasticceria קפוצ'ינו,"כד בני דרום בע""מ",IT,לואקר - וופל במילוי קרם בטעם קפה,גרמים,100.00,100 גרם,false,1,14.90,0.1490,true,1,115601
8000380003761,false,וופל גרנד פטיסרי שוקולד וקוקוס לואקר 100 גרם,קריניציה ויטמינה אס,IT,לואקר גרנד פטיסרי קוקוס 100 גרם,גרמים,100.00,100 גרם,false,1,15.90,0.1590,true,1,6871
8000380004669,false,וופל לואקר סנדוויץ קוביות ושוקולד 200ג',"א. לואקר, קונפקט ג'י",AT,ופל סנדויץ קקאו לואקר 200 גרם,גרמים,200.00,100 גרם,false,1,16.90,0.0845,true,1,30297
8000380004676,false,קוביות וופל סנדוויץ Sandwich עם וניל וחלב,"א. לואקר, קונפקט ג'י",AT,ופל סנדויץ קרם וניל לואקר 200 גרם,גרמים,200.00,100 גרם,false,1,16.90,0.0845,true,1,6872
8000380004911,false,קוביות וופל קואדרטיני Quadratini קרם אגוזים,קריניציה ויטמינה אס,AT,קוארדטיני אגוז 250 גר',גרמים,250.00,100 גרם,false,1,18.90,0.0756,true,1,6873
8000380004966,false,וופל קוארדטיני לואקר קוביות שוקולד 250ג',קריניציה ויטמינה אס,AT,קוארדטיני שוקולד 250 גר',גרמים,250.00,100 גרם,false,1,18.90,0.0756,true,1,6874
8000380007219,false,וופלים בטעם אגוזים לואקר 175 גרם,ליימן מותגים,AT,לואקר קלאסיק אגוז 175 גרם,גרמים,175.00,100 גרם,false,1,15.90,0.0909,true,1,6875
8000380007257,false,וופל גרדנה אגוזים לואקר 200 גרם,קריניציה ויטמינה אס,IT,לואקר גרנדה אגוז 200 גר',גרמים,200.00,100 גרם,false,1,18.90,0.0945,true,1,6876
8000380007264,false,וופלים בטעם קקאו לואקר 175 גרם,קריניציה ויטמינה אס,AT,לואקר קלאסיק קקאו 175 גרם,גרמים,175.00,100 גרם,false,1,15.90,0.0909,true,1,8715
8000380144044,false,גרדנה וופל מצופה שוקולד חלב לואקר 200 גרם,"א. לואקר , AG/SpA, ו",IT,וופל במילוי קרם שוקולד מצופה שוקולד חלב,גרמים,200.00,100 גרם,false,1,18.90,0.0945,true,1,23188
8000380153442,false,וופל קלאסיק בטעם אגוזים לואקר 90 גרם,ליימן שליסל,IT,ופל אגוז לואקר 90 גרם,גרמים,90.00,100 גרם,false,1,10.00,0.1111,true,1,48377
8000380153466,false,וופל לואקר שוקולד 90,קריניציה ויטמינה אס,IT,ופל שוקולד לואקר 90 גרם,גרמים,90.00,100 גרם,false,1,10.00,0.1111,true,1,48356
8000380180721,false,לואקר וופל קקאו במילוי קרם חלבי 175 גר,קריניציה ויטמינה אס,AT,לואקר קלאסיק שוקו-חלב 175 גרם,גרמים,175.00,100 גרם,false,1,15.90,0.0909,true,1,66266
8000380180745,false,וופל קוביות קקאו במילוי קרם חלב לואקר 250 גרם,"א. לואקר, קונפקט ג'י",AT,ופל קואדרטיני שושו לבן 250 גרם,גרמים,250.00,100 גרם,false,1,18.90,0.0756,true,1,66274
8000380187119,false,עוגיות במילוי קרם אגוזי לוז לואקר 100 גר,לואקר Loacker,AT,עוגיות לואקר אגוזי לוז,גרמים,100.00,100 גרם,false,1,15.90,0.1590,true,1,83723
8000380187249,false,עוגיות עם מילוי קרם שקדים ושוקולד חלב,לואקר Loacker,AT,עוגיות לואקר שקדים 100גרם,גרמים,100.00,100 גרם,false,1,15.90,0.1590,true,1,83724
8000380187300,false,עוגיות חמאה עם שוקולד חלב לואקר 120 גר,לואקר Loacker,AT,עוגיות לואקר פתיתי שלג 120גרם,גרמים,120.00,100 גרם,false,1,15.90,0.1325,true,1,83725
8000380205400,false,וופלים קואדרטיני חמאת בוטנים לואקר 250 גרם,ליימן מותגים,AT,קואדרטיני חמאת בוטנים 250 גרם,גרמים,250.00,100 גרם,false,1,18.90,0.0756,true,1,123107
8000380205523,false,וופלים בטעם חמאת בוטנים לואקר 175 גרם,ליימן מותגים,AT,לואקר קלאסיק אגוז 175 גרם,גרמים,175.00,100 גרם,false,1,15.90,0.0909,true,1,123106
8000500009673,false,בונבונרייה פררו רושר 300 גרם,פררו - אלבה,IT,בונבוניירה רושר 300 גרם,גרמים,300.00,100 גרם,false,1,49.90,0.1663,true,1,16267
8000500023976,false,בונבוניירת רפאלו פררו 150 גרם,פררו - אלבה,PL,כדור וופל בציפוי קוקוס פריך במילוי קרם ושקד שלם,גרמים,150.00,100 גרם,false,1,26.90,0.1793,true,1,6878
8000500037874,false,בונבונרייה פררו רושר 200 גרם,פררו - אלבה,IT,בונבוניירה רושר אריזה דקורטיבית 200 גרם,גרמים,200.00,100 גרם,false,1,31.90,0.1595,true,1,6881
8000500094976,false,"בונבוניירה פררו רושר רושה קונוס, 212 גרם T17X4",רושר,IT,בונב.רושה קונוס 212 גרם,גרמים,212.00,100 גרם,false,1,46.90,0.2212,true,1,100246
8000500192801,false,בונבוניירה רושה 100 גרם,פררו,IT,פררו רושה 100 גרי T8X8,גרמים,100.00,100 גרם,false,1,19.90,0.1990,true,1,80353
8000500227848,true,נוטלה בי רדי שישיה 1,קדבורי,IT,נוטלה בי רדי שישיה 132 גרם,גרמים,132.00,100 גרם,false,1,15.90,0.1205,true,1,75766
8000500267103,true,קינדר דליס עשיריה,קדבורי,IT,קינדר דליס עוגת ספוג קקאו במילוי חלבי 390 גרם,גרמים,390.00,100 גרם,false,1,29.90,0.0767,true,1,75765
8000500310397,false,נוטלה עוגיות נוטלה בגליל 12יח' - NUTELLA BISCUITTS,נוטלה Nutella,IT,נוטלה ביסקויט 166 גרם,גרמים,166.00,100 גרם,false,1,19.90,0.1199,true,1,124582
8000500359358,false,מארז שלישיית עוגיות נוטלה באריזה אישית - NUTELLA BISCUITTS,פררו,IT,נוטלה ביסקויט 41.4 גרם,גרמים,41.00,100 גרם,false,1,7.90,0.1927,true,1,124583
8000500366073,false,נוטלה עוגיות נוטלה בשקית 20 יח'- NUTELLA BISCUITTS,נוטלה Nutella,IT,נוטלה ביסקויט 276 גרם,גרמים,276.00,100 גרם,false,1,27.90,0.1011,true,1,124621
8000786100408,false,"פולנטה מסורתית 1 ק""ג LA GRANDE ROUTA",לה גרנדה רוטה,IT,"פולנטה מסורתית 1 ק""ג LA GRANDE ROUTA",קילוגרמים,1.00,"ק""ג",false,1,18.90,18.9000,true,1,18614
8000920704967,false,"בן אנד ג'ריס צ'אנקי מנקי 150 מ""ל",מוצרי איכות אמריקאיים,IL,"גלידה שורטי צאנקי מאנקי 150 מ""ל",מיליליטרים,150.00,"100 מ""ל",false,1,13.90,0.0927,true,1,15688
8000920704974,false,"בן אנד ג'ריס שוקולד בראוניס 150 מ""ל",מוצרי איכות אמריקאיי,IL,"גלידה שורטי שוקולד בראוניס 150 מ""ל",מיליליטרים,150.00,"100 מ""ל",false,1,13.90,0.0927,true,1,15689
8000920704998,false,"שורטי בצק עוגיות 150 מ""ל",מוצרי איכות אמריקאיים בע,IL,בצק עוגיות 150 מ'ל - שורטי,מיליליטרים,150.00,"100 מ""ל",false,1,13.90,0.0927,true,1,15690
8001090705600,false,טמפקס קומפאק רגולר 1,פרוקטל אנד גמבל,HU,טמפקס קומפאק רגולר 18 יח,יחידה,18.00,יחידה,false,1,25.90,1.4389,true,1,124412
8001090705662,false,טמפקס קומפאק סופר 18,פרוקטל אנד גמבל,HU,טמפקס קומפאק סופר 18 יח,יחידה,18.00,יחידה,false,1,25.90,1.4389,true,1,124413
8001090810205,false,"שמפו פנטן נוסחה קלאסית 500 מ""ל",פנטן שמפן/מרכך 500 מ,RO,"פנטן שמפו הנוסחה הקלאסית 500 מ""ל",מיליליטרים,500.00,"100 מ""ל",false,1,19.90,0.0398,true,1,74854
8001160001786,false,"משקה אנרגיה גטורייד ספורט כחול 500מ""ל",אקווה מינרלה סאן בנדטו,IT,"משקה גטורייד בטעם פטל ,מופחת קלוריות.",מיליליטרים,500.00,"100 מ""ל",false,1,12.90,0.0258,true,1,46283
8001160001892,false,"משקה אנרגיה גטורייד ספורט תפוז אדום 500מ""ל",אקווה מינרלה סאן בנדטו,IT,גטורייד ספורט תפוז אדום בקבוק 500 תריסר,מיליליטרים,500.00,"100 מ""ל",false,1,12.90,0.0258,true,1,46284
8001505000313,false,ממרח אגוזי לוז אורגני נטורפוד 270 גרם,ריג'וני דה אסינו,IT,נוקיולטה ממרח אגוזי לוז אורגני 270 גרם,גרמים,270.00,100 גרם,false,1,20.90,0.0774,true,1,55527
8001505001105,true,ממרח אגוזי לוז אורגנ,אף.סי תבליני בגליל ב,IT,נוקיולטה ממרח אגוזי לוז אורגני 270 גרם,גרמים,270.00,100 גרם,false,1,20.90,0.0774,true,1,72643
8001505001785,false,ממרח אגוזי לוז לבן אורגני 270 גרם,ריגוני די אסיי ישראל,IT,ממרח 30% אגוזי לוז,גרמים,270.00,100 גרם,false,1,23.90,0.0885,true,1,117369
8001620015612,false,"משקה פירוט בטעם גזר תפוז לימן 400 מ""ל פרוטה",אקווה מינרלה סאן בנדטו ב,IT,משקה פירות פרוטה בטעם תפוז גזר לימון,מיליליטרים,400.00,"100 מ""ל",false,1,9.50,0.0238,true,1,85393
8001620015636,false,"משקה פרוטה מיקס פירות 400 מ""ל",אקווה מינרלה סאן בנדטו ב,IT,משקה פירות פרוטה בטעם מיקס פירות,מיליליטרים,400.00,"100 מ""ל",false,1,9.50,0.0238,true,1,85394
8001620018408,false,"משקה פירות בטעם מנגו תפוח 400 מ""ל פרוטה",אקווה מינרלה סאן בנדטו ב,IT,משקה פירות פרוטה בטעם מנגו תפוח,מיליליטרים,400.00,"100 מ""ל",false,1,9.50,0.0238,true,1,121946
8001620019160,false,"סן בנדטו מים מינרלים בטעם אפרסק 500 מ""ל",אקווה מינרלה סאן בנדטו ב,IT,"סן בנדטו אפרסק 400 מ""ל",מיליליטרים,400.00,"100 מ""ל",false,1,9.50,0.0238,true,1,123407
8001780499307,false,דובדבני אמרנה בסירופ,פאברי Fabbri,IT,דובדבני אמרנה 230 גרם FABBRI,גרמים,230.00,100 גרם,false,1,23.90,0.1039,true,1,82851
8001841237657,false,מגן תחתון אולוויז פר,פרוקטר & גמבל,DE,מגן תחתון אולוויז פרש נורמל 72 יח,יחידה,72.00,יחידה,false,1,21.90,0.3042,true,1,124229
8001841722146,false,אולוויז מגן תחתון וליופק נורמל 56 יחידות,דיפלומט,DE,מגן תחתון אולוויז וליופק נורמל 56 יחידות,לא מנהל יחידת מידה,0.00,לא מנהל יחידת מידה,false,1,16.90,0.0000,true,1,83292
8001841722481,false,מגן תחתון אולוויז פר,פרוקטר & גמבל,DE,מגן תחתון אולוויז פרש נורמל 54 יח,יחידה,54.00,יחידה,false,1,19.90,0.3685,true,1,124244
8002205319835,false,מזון לחתולים בוגרים בטעם סלמון פורינה ONE,נסטלה פורינה צרפת,FR,ONE חתול בוגר סלמון 800,גרמים,800.00,100 גרם,false,1,37.90,0.0474,true,1,117372
8002205319903,false,מזון לחתולים בוגרים בטעם עוף פורינה ONE,נסטלה פורינה צרפת,FR,ONE חתול בוגר עוף 800גרם,גרמים,800.00,100 גרם,false,1,37.90,0.0474,true,1,117371
8002230000012,false,מארז משקה קוקטייל אפ,אלכוהול (איי.בי.בי),IT,ליקר אפרול בקבוק 1 ליטר,ליטרים,1.00,ליטר,false,1,114.90,114.9000,true,1,71447
8002270846472,false,סן פלגרינו מים מינרליים טבעיים מוגזים,סן-פלגרינו,IT,"סן פלגרינו מוגז פלסטיק 500 מ""ל 24 יחידות",מיליליטרים,500.00,"100 מ""ל",false,1,7.90,0.0158,true,1,47758
8002960500165,false,רוטב פומודורינה 830,MENU,IT,רוטב פומודורינה 830גרם MENU,גרמים,830.00,100 גרם,false,1,26.90,0.0324,true,1,82856
8003340091280,false,לינדט לינדור בונבוניירה 60% מוצקי קקאו 200 גרם,לינדט ושפרונגלי קילשברג,IT,לינדט לינדור כדורי שוקולד מריר 200 ג',גרמים,200.00,100 גרם,false,1,34.90,0.1745,true,1,95197
8003385312104,false,עגבניות קוביות אנטונ,אנטונלה,IT,עגבניות קוביות אנטונלה שלישייה 400גרם,גרמים,400.00,100 גרם,false,3,15.90,0.0398,true,1,121794
8003753158556,false,אילי קפסולות אספרסו קלאסיקו 10 יח' 57 גרם,ג'ייקובס דאו אגרבטס פר א,FR,קפסולות אספרסו קלאסיקו ILLY 10יח 57גרם,גרמים,57.00,100 גרם,false,1,19.90,0.3491,true,1,81477
8003753158617,false,אילי קפסולות אספרסו לונגו קלאסיקו 10 יח' 57 גרם,ג'ייקובס דאו אגרבטס פר א,FR,קפסולות קפה לונגו,גרמים,57.00,100 גרם,false,1,19.90,0.3491,true,1,81480
8004030022010,false,ירקות גינה עם טונה ריו מרה אינסלטיסימי 160 ג',"בולטון אלימנטרי בע""\מ",IT,ריו מר ירקות גינה עם טונה 160 גרם,גרמים,160.00,100 גרם,false,1,19.90,0.1244,true,1,65507
8004030044005,false,נתחי טונה בהירה בשמן זית ריו מרה 112גרם,"בולטון אלימנטרי בע""\מ",IT,ריו מר נתחי טונה בהירה בשמן זית 160 גרם,גרמים,160.00,100 גרם,false,1,18.90,0.1181,true,1,6935
8004030860001,false,ירקות עם קוקוס וטונה ריו מרה אינסלטיסימי 160 ג',"בולטון אלימנטרי בע""\מ",IT,ריו מר ירקות עם קוסקוס וטונה 160 גרם,גרמים,160.00,100 גרם,false,1,19.90,0.1244,true,1,67195
8004690050507,false,פטוצ'יני לה מוליזנה 500ג,לה מוליסנה,IT,פסטה איטלקית פטוציני 500 גרם LM,גרמים,500.00,100 גרם,false,1,8.90,0.0178,true,1,82847
8004690050620,false,L.M פסטה איטלקית לינגוויני 500 גרם,לה מוליזנה קמפובאסן,IT,פסטה איטלקית לינגוויני 500 גרם LM,גרמים,500.00,100 גרם,false,1,8.90,0.0178,true,1,56987
8004690051573,false,ספגטי לה מוליזנה 500 גרם,לה מוליזנה קמפובאסן,IT,ספגטי למוליזנה 500 גרם,גרמים,500.00,100 גרם,false,1,8.90,0.0178,true,1,56988
8004690052044,false,פסטה פנה ריגטה 500 גרם,לה מוליזנה קמפובאסן,IT,פסטה איטלקית פנה זיטי ריגטה 500 גרם LM,גרמים,500.00,100 גרם,false,1,8.90,0.0178,true,1,56989
8004690052600,false,פסטה לאמוליזנה קונכי,למוליזנה,IT,פסטה איטלקית קונכיות ניוקי 500 גרם LM,גרמים,500.00,100 גרם,false,1,8.90,0.0178,true,1,82940
8004690055601,false,L.M פסטה איטלקית צ'ינסי 500 גרם,למוליזנה,IT,פסטה איטלקית צינסי 500 גרם LM,גרמים,500.00,100 גרם,false,1,8.90,0.0178,true,1,117136
8004690057308,false,L.M פסטה איטלקית רדיאטורי 500 גרם,לה מוליסנה,IT,פסטה איטלקית רדיאטורי 500 גרם LM,גרמים,500.00,100 גרם,false,1,8.90,0.0178,true,1,82848
8004690058008,false,L.M פסטה איטלקית ג'מלי 500 גרם,לה מוליזנה קמפובאסן,IT,פסטה איטלקית גמלי 500 גרם LM,גרמים,500.00,100 גרם,false,1,8.90,0.0178,true,1,117133
8004690106600,false,L.M פסטה איטלקית פרפאלה 500 גרם,לה מוליזנה קמפובאסן,IT,פסטה איטלקית פרפאלה 500 גרם LM,גרמים,500.00,100 גרם,false,1,8.90,0.0178,true,1,57626
8004690470039,false,לה מוליזנה ללא גלוטן,למוליזנה,IT,פסטה פנה ללג LM גרם400,גרמים,400.00,100 גרם,false,1,14.90,0.0373,true,1,83655
8005110001413,false,מארז זוג רסק עגבניות 140 ג' MUTTI,"איי, בי, אינבוו",IT,MUTTI רסק עגבניות מארז זוג 140X2 גרם,גרמים,280.00,100 גרם,false,1,8.90,0.0318,true,1,82850
8005110060106,false,מארז זוג עגבניות מקולפות 400*2 גרם MUTTI,"איי, בי, אינבוו",IT,עגבניות מקולפות MUTT,גרמים,800.00,100 גרם,false,1,14.90,0.0186,true,1,77329
8005110170300,false,עגבניות חתוכות דק Polpa - מארז שלישייה,מוטי Mutti,IT,שלישיית עגבניות מרוסקות 400 גר MUTTI,גרמים,400.00,100 גרם,false,1,18.90,0.0472,true,1,68897
8005110171215,false,מוטי עגבניות חתוכות פולפפזי 690 גרם{בקבוק},"איי, בי, אינבוו",IT,קוביות עגבניות מקולפות במיץ,גרמים,690.00,100 גרם,false,1,14.90,0.0216,true,1,77330
8005110191015,false,רסק עגבניות ובזיליקום MUTTI{ירוק } 700 גרם,"איי, בי, אינבוו",IT,מחית עגבניות קלה עם בזיליקום בתוספת מלח,גרמים,700.00,100 גרם,false,1,14.90,0.0213,true,1,79040
8005110200014,false,רסק עגבניות 210 ג' CONCENTRATO MUTTI,"איי, בי, אינבוו",IT,רסק עגבניות בתוספת מלח 22Bx ללא תוספת סוכר,גרמים,210.00,100 גרם,false,1,7.90,0.0376,true,1,69173
8005110550508,true,שימורי עגבניות שרי,,,שימורי עגבניות שרי,Unknown,0.00,Unknown,false,1,9.90,0.0000,true,1,77331
8005110551253,false,רוטב לפיצה להכנת פיצה איטלקית קלאסית,"איי, בי, אינבוו",IT,רוטב לפיצה 400 גרם MUTTI,גרמים,400.00,100 גרם,false,1,9.90,0.0248,true,1,82901
8005200256587,false,נסטי - תה קר בטעם אפרסק 1.5 ליטר,מפעל סאנפלגרינו S.P.A,IT,נסטי אפרסק 1.5 ליטר,ליטרים,1.50,ליטר,false,1,15.00,10.0000,true,1,121892
8005200486526,false,"נסטי, תה קר בטעם אפרסק 500 מל",מפעל סאנפלגרינו S.p.,IT,"נסטי, תה קר בטעם אפרסק 500 מל",מיליליטרים,500.00,"100 מ""ל",false,1,9.90,0.0198,true,1,45889
8005803010357,false,גריסיני קלאסי - מקלות אפויים עם שמן זית ומלח,"אינסטנטה בע""מ",IT,גריסיני קלאסי - מקלות אפויים עם שמן זית ומלח,גרמים,125.00,100 גרם,false,1,11.90,0.0952,true,1,67331
8005803010586,false,"מקלות אפויים עם שמן זית, מלח, עגבניות ואורגנו, 125 גרם, אמור די פאן","הוסטה איטליה, ס.ר.ל.",IT,מקלות אפויים בטעם פיצה,גרמים,125.00,100 גרם,false,1,11.90,0.0952,true,1,67332
8005803010661,false,"מקלות אפויים עם שמן זית, מלח, ושומשום, 125 גרם, אמור די פאן","הוסטה איטליה, ס.ר.ל.",IT,מקלות אפויים עם שומשום,גרמים,125.00,100 גרם,false,1,11.90,0.0952,true,1,67333
8006290803514,false,מים מינרליים מוגזים,"פררלה, ס.פ.א",IT,Ferrarelle 330 ml,מיליליטרים,330.00,"100 מ""ל",false,1,7.90,0.0239,true,1,83572
8006540019672,false,נוזל כלים פיירי פלטי,פרוקטר & גמבל,GB,נוזל כלים פיירי פלטינום 700 מל,מיליליטרים,700.00,"100 מ""ל",false,1,12.90,0.0184,true,1,124223
8006540088371,false,אולוויז תחבושות נורמל 20 יח,פרוקטר,TR,תחבושות אולוויז אולטרה 20 יחידות,יחידה,20.00,יחידה,false,1,15.90,0.7950,true,1,123515
8006540221068,false,מגן תחתון אולוויז וליופק לונג פלוס 40 יח,פרוקטר & גמבל,DE,מגן תחתון אולוויז וליופק לונג פלוס 40 יחידות,יחידה,40.00,יחידה,false,1,19.90,0.4975,true,1,124245
8006540592465,false,תחבושות אולוויז אולטרה לונג כפול 24 יח,פרוקטר & גמבל,HU,תחבושות אולוייז כפול לונג פלוס 24 יח,יחידה,24.00,יחידה,false,1,22.90,0.9542,true,1,123138
8017938005764,false,מיץ תפוחים אורגני 100% 1 ליטר נטורפוד,לוצ'ה מריה,IT,נטור פוד מיץ תפוחים אורגני 100% טבעי 1 ליטר,ליטרים,1.00,ליטר,false,1,24.20,24.2000,true,1,65180
8024985000062,false,מחית תפוח אורגני 100% פרי 200 גר נטורה,"נטורפוד בע""מ",IT,נטורה נובה מחית תפוח 100% אורגני 200 גרם,גרמים,200.00,100 גרם,false,1,8.90,0.0445,true,1,59662
8024985000086,false,מחית תפוח בננה 100% פרי 200 ג נטורה נובה,"נטורפוד בע""מ",IT,נטורה נובה מחית תפוח בננה 100% אורגני 200 גרם,גרמים,200.00,100 גרם,false,1,10.50,0.0525,true,1,55542
8024985000109,false,מחית אגס אורגנ 100% פרי 200 ג נטורה נובה,נטורה נובה,IT,נטור נובה ביו מחית אגס 100% טבעי 200 גרם,גרמים,200.00,100 גרם,false,1,10.50,0.0525,true,1,103743
8024985005234,false,סמוזי נטורה נובה סמוצי תפוח מנגו 100 גרם,נטורה נובה,IT,סמוצ'י תפוח אפרסק מנגו אורגניים 100 גרם,גרמים,100.00,100 גרם,false,1,6.90,0.0690,true,1,68767
8024985008037,false,סמוזי נטורה נובה סמוצי תפוח 100 גרם,"נטורפוד בע""מ",IT,סמוצ'י תפוחים אורגניים 100 גרם,גרמים,100.00,100 גרם,false,1,6.90,0.0690,true,1,59661
8024985008051,false,סמוזי נטורה נובה סמוצי פירות אדומים 100,נטורה נובה Natura Nuova,IT,סמוצ'י פירות אדומים אורגניים 100 גרם,גרמים,100.00,100 גרם,false,1,6.90,0.0690,true,1,59659
8032880800243,false,פיקניק הפתעה - אגוזי לוז ומקלות אפויים,"הוסטה איטליה, ס.ר.ל.",IT,ממרח קקאו עם אגוזי לוז בתוספת מקלות אפויים והפתעה,גרמים,50.00,100 גרם,false,1,10.00,0.2000,true,1,23115
8076800195057,false,ברילה - צ.א ספגטי מס5 חדש 500 גרם,ברילה גי.אי.אר פרטלי ס.פ,IT,ברילה ספגטי מס' 5 500 גרם,גרמים,500.00,100 גרם,false,1,9.90,0.0198,true,1,7075
8076802085738,false,ברילה צ.ק פנה רגטה מס' 73 500 גרם,ברילה גי.אי.אר פרטלי ס.פ,IT,ברילה פסטה פתיתים -פנה רגטה 500 גרם,גרמים,500.00,100 גרם,false,1,9.90,0.0198,true,1,7081
8076802085981,false,ברילה - צ.ק פוזילי חדש 500 גרם,ברילה גי.אי.אר פרטלי ס.פ,IT,ברילה פסטה פתיתים פוזילי 500 גרם,גרמים,500.00,100 גרם,false,1,9.90,0.0198,true,1,7085
8076808060654,false,פסטה פרפלה מספר 65 ברילה 500 גרם,ברילה גי.אי.אר פרטלי ס.פ,IT,ברילה פסטה פתיתים פרפלה 500 גרם,גרמים,500.00,100 גרם,false,1,9.90,0.0198,true,1,7086
8076809545464,false,ברילה פסטה ללא גלוטן צורת ספירלי 400 גר,מולינו אנדריאני אס.א,IT,ברילה פוזילי על בסיס קמח תירס ללא גלוטן 400 גרם,גרמים,400.00,100 גרם,false,1,15.90,0.0398,true,1,64991
8410076600622,false,חטיפי גרנולה קראנצ'י עם שוקולד מריר נייצ'ר ואלי 210 גרם,ג'נרל מילס סאן אדריאן,ES,קראנצי שבבי שוקולד מריר 210 גר,גרמים,210.00,100 גרם,false,1,14.90,0.0710,true,1,54888
8410076610379,false,"חטיף בוטנים, חלבון סויה ושוקולד מריר עם ציפוי בטעם שוקולד",סריילטו ספיין פודס,ES,מאג חטיף פרוטאין בוטנים ושבבי שוקולד120,גרמים,120.00,100 גרם,false,1,29.90,0.2492,true,1,68471
8410076610492,false,חטיף שיבולת שועל מלאה ובוטנים בציפוי עם חמאת בוטנים,יבואן ומשווק: ש. שסט,GB,נייטשר ואלי צ'ואי בוטנים בציפוי עם חמאת בטנים,גרמים,150.00,100 גרם,false,1,14.90,0.0993,true,1,67224
8410076610508,false,"חטיף שיבולת שועל מלאה עם בוטנים, שקדים ושוקולד מריר בציפוי בטעם שוקולד",נייצ'ר ואלי Nature Valley,ES,חטיף סוויט&סולטי שוקולד מריר בוטנים 150,גרמים,150.00,100 גרם,false,1,14.90,0.0993,true,1,67223
8410076800633,false,נייטשר וואלי קראנצי שבבי שוקולד בודד,ליימן שליסל,ES,קראנצי שיבולת שועל ושוקולד מריר,גרמים,42.00,100 גרם,false,1,5.90,0.1405,true,1,62493
8410104035112,false,"נוזל הברקה פיניש למדיח 500מ""ל",רקיט בנקיזר,PL,"פיניש נוזל הברקה למדיח 400 מ""ל",מיליליטרים,400.00,"100 מ""ל",false,1,21.90,0.0547,true,1,7285
8410104045111,false,"פיניש מלח למדיח כלים 2ק""ג",רקיט בנקיזר,IL,פיניש מלח למדיח כלים 2 קג,קילוגרמים,2.00,"ק""ג",false,1,16.90,8.4500,true,1,7288
8410179100043,false,שמן זית בורחס מעולה750מל,בורחס אגריקולטורל וא,ES,"BORGES שמן זית כתית מעולה 750 מ""ל",מיליליטרים,750.00,"100 מ""ל",false,1,38.90,0.0519,true,1,79704
8410182420114,false,"בצלצלי פנינה בחומץ 370 מ""ל",דליסיאס,,בצלצלי פנינה בחומץ 370 גרם,גרמים,370.00,100 גרם,false,1,11.90,0.0322,true,1,34103
8410793001757,false,"בירה אסטרייה דאם בקבוק 330 מ""ל","סי סי דאם, אס.אל, בר",ES,בירה אסטרייה דאם בקבוק 330 מל,מיליליטרים,330.00,"100 מ""ל",false,1,16.90,0.0512,true,1,122943
8411320234006,false,נתחי טונה לבנה בשמן זית (פחית) 112 ג ORTIZ,אורטיז ORTIZ,ES,נתחי טונה לבנה בשמן זית (פחית) 112 גרם,גרמים,112.00,100 גרם,false,1,19.90,0.1777,true,1,82900
8411320334027,false,אורטיז נתחי טונה צהובה בשמן זית (פחית) 1,קונסרבז אורטיז,ES,נתחי טונה צהובה בשמן זית (פחית) 112 גרם,גרמים,112.00,100 גרם,false,1,17.90,0.1598,true,1,82899
8411320382967,false,טונה צהובה בשמן זית (צנצנת) 220 גרם,אורטיז ORTIZ,ES,טונה צהובה בשמן זית (צנצנת)220 גרם ORTIZ,גרמים,220.00,100 גרם,false,1,44.90,0.2041,true,1,82858
8420639100018,false,בועות סבון מיקי (דיס,יושלם,,בועות סבון,לא מנהל יחידת מידה,0.00,לא מנהל יחידת מידה,false,1,3.00,0.0000,true,1,24158
8420708012822,false,"גבינת קשקבל ספרדי, 200 גרם",מיוצר עי קונדיטוריית,ES,קשקבל צאן בשלה 200 גר נני,גרמים,200.00,100 גרם,false,1,28.90,0.1445,true,1,59911
8420708018817,false,גב.מנצ'גו כבשים36% 150גר,האי נאם סי או אל.טי.,ES,מנצגו בשלה 150 גרם נני,גרמים,150.00,100 גרם,false,1,24.90,0.1660,true,1,116609
8423207206495,false,סלים דליס חטיף דגנים מצופה שוקולד מריר מרבה 6*20 גרם,אף.סי תבליני בגליל ב,ES,חטיף דגנים סלים דליס שוקולד מריר 120 גרם,גרמים,120.00,100 גרם,false,1,14.90,0.1242,true,1,58810
8423207208703,false,חטיפי סלים דליס שוקולד מריר מרבה 6 יחידות,ביסנצ'ורי אס.אל.יו,ES,סלים דליס חטיף דגנים שוקולד מריר 120 גרם,גרמים,182.00,100 גרם,false,1,14.90,0.0819,true,1,65863
8423371000462,false,סאליסול- קוקטייל מיקס 50 גרם,גלוברנדס,ES,סאליסול טו גו קוקטיל מיקס,גרמים,50.00,100 גרם,false,1,7.90,0.1580,true,1,79873
8423371000516,false,סאליסול- בוטנים ושקדים מקורמלים 50 גרם,גלוברנדס,ES,פיצוחים בפחית טו גו בוטנים ושקדים מקורמל,גרמים,50.00,100 גרם,false,1,7.90,0.1580,true,1,81949
8423371000530,false,בוטנים מלוחים סאליסול 60 גרם,SALTS OK,ES,סאליסול טו גו בוטנים עם מלח,גרמים,60.00,100 גרם,false,1,7.90,0.1317,true,1,79874
8423371000653,false,סאליסול- בוטנים מלוחים בדבש 50 גרם,גלוברנדס,ES,סאליסול טו גו בוטנים עם דבש ומלח,גרמים,50.00,100 גרם,false,1,7.90,0.1580,true,1,79876
8423371002312,false,בוטנים צילי סאליסול 150 גרם,סאליסול,ES,סאליסול פיצוחים בפחית בוטנים צילי 150 ג,גרמים,150.00,100 גרם,false,1,12.90,0.0860,true,1,124368
8423371002725,false,סאליסול- קוקטייל מיקס 100 גרם,גלוברנדס,ES,פיצוחים בפחית וקטייל מיקס 100גרם,גרמים,100.00,100 גרם,false,1,12.90,0.1290,true,1,124363
8423371002749,false,סאליסול- בוטנים ושקדים מקורמלים 135 גרם,גלוברנדס,ES,סאליסול משפחתי בוטנים ושקדים מקורמלים,גרמים,135.00,100 גרם,false,1,12.90,0.0956,true,1,124366
8423371005078,false,סאליסול- מיקס פיקנטי 50 גרם,גלוברנדס,ES,סאליסול טו גו מיקס פיקנטי,גרמים,50.00,100 גרם,false,1,7.90,0.1580,true,1,79875
8423371005795,false,פיצוחים בפחית טו גו,SALTS OK,ES,סאליסול טו גו קאנטרי מיקס,גרמים,45.00,100 גרם,false,1,7.90,0.1756,true,1,79872
8423371007089,false,סאליסול- בוטנים מלוחים בדבש 150 גרם,גלוברנדס,ES,פיצוחים בפחית בוטנים בדבש 150 גרם,גרמים,150.00,100 גרם,false,1,12.90,0.0860,true,1,124365
8445290341587,false,פנסי פיסט פטה דג לבן ועוף 85גר,נסטלה פורינה USA ג',US,פנסי פיסט פטה דג לבן ועוף 24*85גרם,גרמים,85.00,100 גרם,false,1,5.90,0.0694,true,1,123413
8445290341655,false,פנסי פיסט פטה עוף 85 גרם,נסטלה פורינה USA ג',US,פנסי פיסט פטה עוף 24*85גרם,גרמים,85.00,100 גרם,false,1,5.90,0.0694,true,1,123414
8595134503302,false,פילטר פארטי 120יח' 6X22,U 4 ROLL,CZ,פילטר 6 ארוך,Unknown,0.00,Unknown,false,1,7.50,0.0000,false,1,76288
8595134503487,false,פילטרים לגילגול 5.3 ארוך PIH,U 4 ROLL,CZ,פילטר 5.3 ארוך,יחידה,1.00,יחידה,false,1,7.50,7.5000,true,1,78770
8595134503975,false,נייר גלגול בינוני כולל פילטר PIH,,CZ,נייר בינוני כולל פילטר,לא מנהל יחידת מידה,0.00,לא מנהל יחידת מידה,false,1,7.50,0.0000,false,1,81036
8606018615827,false,גלידת וניל עם שברי עוגיות אוראו 480 גרם,פרונרי סרביה,RS,פיינט אוראו 480גרם,גרמים,480.00,100 גרם,false,1,27.90,0.0581,true,1,122334
8606018615841,false,גלידה וניל עם ליבת שוקולד חלב מעולה 480 גרם,פרונרי סרביה,RS,פיינט מילקה וניל ליבת שוקולד 480גרם,גרמים,480.00,100 גרם,false,1,27.90,0.0581,true,1,122335
8606018615865,false,פיינט מילקה קרמל ליבת שוקולד 480 גרם,פרונרי סרביה,RS,פיינט מילקה קרמל ליבת שוקולד 480גרם,גרמים,480.00,100 גרם,false,1,27.90,0.0581,true,1,122336
8683130012666,false,שלגון מגנום דאבל לבן עוגיות 72 גרם,"מיוצר ע""\י יונילוור סנאי",TR,מגנום דאבל לבן עוגיות 74 גרם,גרמים,74.00,100 גרם,false,1,13.50,0.1824,true,1,122635
8690120060170,false,וופל נאמבר וואן מצופ,טורקו,TR,וופל נאמבר וואן מצופה שוק חלב 35 גרם,גרמים,35.00,100 גרם,false,1,3.90,0.1114,true,1,84899
8690120060408,false,וופל נאמבר וואן ירוק,קוניאק גדוה,TR,נאמבר וואן ירוק 32גרם,גרמים,32.00,100 גרם,false,1,3.90,0.1219,true,1,122217
8690637007705,false,מסטיגם וניל מסטיק על מקל ללא סוכר,"מיוצר ע""י יוניליוור",TR,שטראוס שלגון גלידה מסטיגם בטעם וניל ומסטיק 80 גרם,גרמים,80.00,100 גרם,false,1,8.90,0.1113,true,1,76030
8690637704376,false,"שמפו לטיפוח יום יומי דאב 600 מ""ל",יוניליוור סנאיי וי טיקאר,TR,דאב שמפו טיפוח יום יומי 600 מל,מיליליטרים,600.00,"100 מ""ל",false,1,23.90,0.0398,true,1,105395
8690637704390,false,"מרכך שיער לטיפוח יום יומי דאב 600 מ""ל",יוניליוור טורקיה. אזור ת,TR,דאב מרכך שיער טיפוח יום יומי 600 מל,מיליליטרים,600.00,"100 מ""ל",false,1,23.90,0.0398,true,1,105396
8690637842382,false,מגנום דאבל פרי יער שטראוס 82 גר,"מיוצר ע""\י יונילוור סנאי",TR,מגנום שלגון דאבל פרי יער 76 גרם,גרמים,85.00,100 גרם,false,1,13.50,0.1588,true,1,71505
8690637890666,false,מאגדת מגנום מיני דאבל פיסטוק 6 יח' שטראוס,יוניליוור סנאיי וי ט,TR,מאגדת מיני מגנום 1/6 329 גרם דאבל פיסטוק,גרמים,282.00,100 גרם,false,1,30.90,0.1096,true,1,77654
8690637989612,false,שלגון שמנת בטעם וניל עם ריפל בטעם שוקולד 246 גרם,יונילוור סנאיי וי טיג'\,TR,מגנום מאגדת מיני מגנום דאבל דולצ'ה גולד 6 יחידות,גרמים,246.00,100 גרם,false,1,37.90,0.1541,true,1,85410
8690637989629,false,מגנום דאבל דולצה גולד 63 גרם,יונילוור סנאיי וי טיג'\,TR,מגנום שלגון מגנום דאבל דולצ'ה גולד 63 גרם,גרמים,63.00,100 גרם,false,1,13.50,0.2143,true,1,85025
8690637997914,false,גלידת מגנום וניל שקדים בכוס אישית 76 גרם,יונילוור סנאיי וי טיג'\,TR,מגנום גלידת שמנת וניל שקדים כוס אישית 57 גרם,גרמים,76.00,100 גרם,false,1,9.90,0.1303,true,1,121092
8690637997921,false,גלידת שמנת וניל קלאסיק בכוס אישית 63 גרם,יונילוור סנאיי וי טיג'\,TR,מגנום גלידת שמנת וניל קלאסיק כוס אישית 63 גרם,גרמים,81.00,100 גרם,false,1,9.90,0.1222,true,1,121093
8690777206051,false,חציל קלוי על האש סרה ויליפוד 650 גרם,קוראהן פזלרמה וי דיס,TR,סרה חציל קלוי על האש 650 גרם,גרמים,650.00,100 גרם,false,1,14.90,0.0229,true,1,25875
8697530910743,false,סיגריות פאל מאל כחול קצר מטאליק,Unknown,TR,סיגריות פאל מל כחול חפיסה בודד,יחידה,1.00,יחידה,false,1,31.40,31.4000,false,1,23634
8697530910750,false,סיגריות פאל מאל כחול ארוך האוס,Unknown,TR,סיגריות פאל מל כחול ארוך חפיסה בודד,יחידה,0.00,יחידה,false,1,31.40,0.0000,false,1,23635
8697530910781,false,סיגריות פאל מאל אדום מטאליק,גלוברנדס,TR,סיגריות פאל מל אדום חפיסה בודד,יחידה,1.00,יחידה,false,1,31.40,31.4000,false,1,23636
8697530911276,false,סיגריות קנט קצר חפיס,גלוברנדס,TR,סיגריות קנט קצר חפיסה בודד,יחידה,1.00,יחידה,false,1,38.40,38.4000,false,1,24541
8697704019753,false,משחת נעלים נוזלית שח,גולדקימיה,,"משחת נעלים נוזלית שחור 75 מ""ל",יחידה,1.00,יחידה,false,1,5.90,5.9000,true,1,71905
8710103922582,false,"פיליפס ONE BLADE, מכשיר לעיצוב וגילוח 30 דקות פעולה",פיליפס-גילוח,ID,וואן בליד מכשיר לעיצוב וגילוח 30דק פעולה,יחידה,1.00,יחידה,false,1,159.90,159.9000,true,1,85497
8710502064814,false,עוגיות מרבה שוקולד ציפס במרקם רך 175 גר,בנקטבקריי מרבה בי.וי,NL,מרבה עוגיות שוקולד צ'יפס במרקם רך 175 גרם,גרמים,225.00,100 גרם,false,1,12.90,0.0573,true,1,62683
8710502100864,false,עוגיות מרבה פטיסרי דאבל שוקולד 200 גרם,"י. מרבה ישראל בע""\מ",NL,מרבה פטיסרי עוגיות דאבל שוקולד 200 גרם,גרמים,200.00,100 גרם,false,1,13.90,0.0695,true,1,123366
8710502139017,false,עוגיות מרבה טריפל שוקולד שוקוצ'יפס 180ג',בנקטבקריי מרבה בי.וי,NL,עוגיות טריפל שוקולד ציפס מרבה 180 גרם,גרמים,180.00,100 גרם,false,1,12.90,0.0717,true,1,35547
8710502194801,false,"עוגיות שוקלד ציפס רכה פירות יער ""מרבה"" 175 גרם",בנקטבקריי מרבה בי.וי,NL,מרבה עוגיות שוקולד צ'יפס במרקם רך עם פירות יער,גרמים,175.00,100 גרם,false,1,12.90,0.0737,true,1,66757
8710502405204,false,עוגיות שוקולד צ'יפס עם קרם שוקולד מרבה 175 גרם,קריניציה ויטמינה אס,NL,מרבה עוגיות ממולאות קרם שוקולד,גרמים,175.00,100 גרם,false,1,12.90,0.0737,true,1,43556
8710502470028,false,עוגיות שוקולד צ'יפס ממולאות בקרם נוגט,"מרבה בע""\מ",NL,עוגיות שוקולד ציפס נוגטלי מרבה 160 גרם,גרמים,160.00,100 גרם,false,1,12.90,0.0806,true,1,35549
8710847892134,true,בדין כדוריות הבושם ו,יוניליוור רומניה,RO,Badin 75 GR,מיליליטרים,0.00,"100 מ""ל",false,1,32.90,0.0000,true,1,78136
8711327475618,false,"גלידת מגנום וניל קלאסיק 440 מ""ל","מפעל גלידות בווספרם, רחו",HU,מגנום גלידת שמנת בטעם וניל 440 מל,גרמים,260.00,100 גרם,false,1,30.90,0.1188,true,1,84348
8711327475663,false,"מגנום פיינט וניל שוקולד לבן 440 מ""ל","מפעל גלידות בווספרם, רחו",HU,גלידת שמנת בטעם וניל עם שוקולד לבן,גרמים,260.00,100 גרם,false,1,30.90,0.1188,true,1,84347
8711327475717,false,"מגנום פיינט וניל שקדים 440 מ""ל","מפעל גלידות בווספרם, רחו",HU,מגנום גלידת שמנת בטעם וניל עם שקדים 440 מל,גרמים,260.00,100 גרם,false,1,30.90,0.1188,true,1,84349
8711327475762,false,"מגנום פיינט שוקולד לבן עוגיות 440 מ""ל","מפעל גלידות בווספרם, רחו",HU,מגנום גלידת שמנת שוקולד לבן ועוגיות 440 מל,גרמים,260.00,100 גרם,false,1,30.90,0.1188,true,1,84350
8712000050146,false,"בירה היינקן 0% אלכוהול בקבוק 330 מ""ל","מבשלת היינקן, ריטבלד",NL,"בירה היינקן 0.0 בקבוק 330 מ""ל",מיליליטרים,330.00,"100 מ""ל",false,1,9.90,0.0300,true,1,78294
8712100859939,false,גלידת WICH בצקעוגיות,אווגה,GR,קסטה WICH בצק עוגיות,גרמים,80.00,100 גרם,false,1,13.90,0.1738,true,1,66691
8712561594240,false,דאב תחליב רחצה להזנה עמוקה 500 מל חדש,"יוניליוור גרמניה, Gmbh &",DE,"תחליב רחצה דאב להזנה עמוקה 500 מ""ל",מיליליטרים,500.00,"100 מ""ל",false,1,19.90,0.0398,true,1,63598
8712561611183,false,דאב סבון נוזלי 500 תמציות מלפפונים ותה,"יוניליוור גרמניה, Gmbh &",DE,"תחליב רחצה דאב מלפפונים 500 מ""ל",מיליליטרים,500.00,"100 מ""ל",false,1,19.90,0.0398,true,1,63597
8714599512159,false,קפה נמס ג'קובס מונארך190,"אל.אל.סי ""גייקובס דא",RU,גייקובס מגורען 190 גרם,גרמים,190.00,100 גרם,false,1,28.90,0.1521,true,1,122837
8714789402918,false,נוזל לניקוי כללי ורצפות בניחוח פרחי בר אג'קס 1.5 ליטר,הנסיך- מפעל לייצור ט,GR,"אג""קס חגיגת הפרחים אדום 1.5 ל """,ליטרים,1.50,ליטר,false,1,20.70,13.8000,true,1,28140
8715700419732,false,מתבל עגבניות היינץ 700 גרם,ה.י. היינץ,NL,היינץ מתבל עגבניות 700 גרם,גרמים,700.00,100 גרם,false,1,14.90,0.0213,true,1,55752
8715800321607,false,חם צוואר צבעוני פרוו,IMPOFIX,,חם צוואר צבעוני פרווה,לא מנהל יחידת מידה,0.00,לא מנהל יחידת מידה,false,1,19.90,0.0000,true,1,80224
8717163647226,false,"אקס דאודורנט ספריי גוף בלאק 150 מ""ל",ארנסט. רחוב קומבינצק,GB,אקס ספריי גוף בלאק 150 מל,מיליליטרים,150.00,"100 מ""ל",false,1,15.90,0.1060,true,1,78530
8717163647240,false,"אקס דאודורנט ספריי גוף לגבר שוקולד 150 מ""ל",יוניליוור גרמניה (בו,GB,"דאודורנט ספריי AXE שוקולד 150 מ""ל",מיליליטרים,150.00,"100 מ""ל",false,1,15.90,0.1060,true,1,78532
8717163647264,false,"אקס דאודורנט ספריי גוף אייס צ'יל 150 מ""ל",ארנסט. רחוב קומבינצק,GB,"דאודורנט ספריי גוף אייס ציל 150 מ""ל",מיליליטרים,150.00,"100 מ""ל",false,1,15.90,0.1060,true,1,124609
8717677336654,false,טוניס - שוקולד חלב מעולה עם שברי קרמל מלוח,טוניס/שוקולונלי,NL,טוניס' שוקולונלי - שוקולד חלב עם שברי קרמל מלוח,גרמים,180.00,100 גרם,false,1,20.90,0.1161,true,1,123513
8717677336661,false,שוקולד מריר 70% טוניס' שוקולונלי 180 גרם,טוניס/שוקולונלי,NL,טוניס' שוקולונלי - שוקולד מריר מעולה 70%,גרמים,180.00,100 גרם,false,1,20.90,0.1161,true,1,122860
8718114724485,false,מיונז לחיץ הלמנס 705,יוניליוור,GB,מיונז הלמנס לחיץ 750 גרם,גרמים,750.00,100 גרם,false,1,24.90,0.0332,true,1,124350
8718951170445,false,"קולגייט סמיילס משחת שיניים ילדים גילאי 2-5 50 מ""ל",COLGATE ($) -PALMOLI,PL,קולגייט סמיילס מ. שיניים לילדים 2-5 50 מ,מיליליטרים,50.00,"100 מ""ל",false,1,12.90,0.2580,true,1,74764
8718951189881,false,אגקס טריגר בוסט תפוח,הדקלאים אגודת שיתופי,GR,אג'קס טריגר בוסט תפוח וחומץ 500 מל,מיליליטרים,500.00,"100 מ""ל",false,1,15.90,0.0318,true,1,75884
8718951190160,false,אגקס ניקוי כללי בוסט,קולגייט פלמוליב,GR,אג'קס ניקוי כללי בוסט לימון וסודה 1 ליטר,ליטרים,1.00,ליטר,false,1,12.90,12.9000,true,1,75885
8718951190191,false,"אג'קס טריגר בוסט לימון וסודה 500 מ""ל",קולגייט פלמוליב פירא,GR,אג'קס טריגר בוסט לימון וסודה 500 מל,מיליליטרים,500.00,"100 מ""ל",false,1,15.90,0.0318,true,1,75883
8718951236790,false,"קולגייט טוטאל משחת שיניים קלין מינט לפה בריא 100 מ""ל",קולגייט פלמוליב,PL,טוטל קלין,מיליליטרים,100.00,"100 מ""ל",false,1,19.90,0.1990,true,1,77820
8718951247871,false,"מרסס אגקס טריגר לשירותים 500 מ""ל",CP UK,GR,"אגקס טריגר שירותים 500 מ""ל",מיליליטרים,500.00,"100 מ""ל",false,1,16.90,0.0338,true,1,81225
8719202489262,false,שק שינה מעטפה,,,שק שינה מעטפה,לא מנהל יחידת מידה,0.00,לא מנהל יחידת מידה,false,1,59.90,0.0000,true,1,77434
8720181046605,false,דאב - דאודורנט ספריי לאישה אורגינל כחול 150מל,"יוניליוור אנגליה, דרך קו",TR,"דאודורנט ספריי אוריגינל 150 מ""ל",מיליליטרים,150.00,"100 מ""ל",false,1,14.90,0.0993,true,1,124608
8815810002043,false,מגני אוזניים כדורים,IMPOFIX,,מחמם אוזניים ילדים,לא מנהל יחידת מידה,0.00,לא מנהל יחידת מידה,false,1,19.90,0.0000,true,1,80223
8850161160851,false,"קוקו מקס 100% מי קוקוס 350 מ""ל",טויו סייקאן קו.אל.טי.די,TH,"מי קוקוס קוקו מקס 350 מ""ל",מיליליטרים,350.00,"100 מ""ל",false,1,10.50,0.0300,true,1,80381
8850161166204,false,"קרם קוקוס 17-19% 500 מ""ל - AMPAWA",אמפווה קוקונט פרודקט,TH,"אמפווה קרם קוקוס 500 מ""ל",מיליליטרים,500.00,"100 מ""ל",false,1,12.90,0.0258,true,1,117138
8850389103111,false,סאפי משקה אלוורה בטעם ענבים 300מל,סאפה פובליק קומפני ל,TH,"סאפה אלוורה ענבים בקבוק 300 מ""ל",מיליליטרים,300.00,"100 מ""ל",false,1,10.90,0.0363,true,1,22412
8850389103128,false,"משקה קל סאפה בטעם תפוח 300 מ""ל",סאפה פובליק קומפני ל,TH,"סאפה תפוח בקבוק 300 מ""ל 24 יח",מיליליטרים,300.00,"100 מ""ל",false,1,10.90,0.0363,true,1,22413
8850389103159,false,"משקה ליצ'י עם חתיכות גלי קוקוס 320 מ""ל מוגו מוגו",סאפה פובליק קומפני לימיי,TH,מוגו מוגו ליצ'י עם חתיכות ג'לי קוקוס,מיליליטרים,320.00,"100 מ""ל",false,1,10.90,0.0341,true,1,122147
8850389104637,false,"משקה קל סאפה אלוורה אפרסק 300 מ""ל",סאפה פובליק קומפני ל,TH,"סאפה אלוורה אפרסק בקבוק 300 מ""ל",מיליליטרים,300.00,"100 מ""ל",false,1,10.90,0.0363,true,1,30872
8850389105825,false,משקה אלוורה בטעם ענבים סאפה 1 ליטר,סאפה פובליק קומפני לימיט,TH,סאפה משקה אלוורה בטעם ענבים,ליטרים,1.00,ליטר,false,1,18.50,18.5000,true,1,35478
8850389105832,false,סאפה משקה אלוורה בטעם תפוח עם קוביות אלוורה 1 ליטר,סאפה פובליק קומפני לימיט,TH,סאפה תפוח אלוורה בקבוק ליטר,ליטרים,1.00,ליטר,false,1,18.50,18.5000,true,1,36805
8850389105849,false,סאפה משקה אלוורה מופחת קלוריות בטעם אפרסק 1 ליטר,סאפה פובליק קומפני לימיט,TH,סאפה אפרסק אלוורה בקבוק ליטר,ליטרים,1.00,ליטר,false,1,18.50,18.5000,true,1,35479
8850389111352,false,"משקה מלון עם חתיכות גלי קוקוס 320 מ""ל מוגו מוגו",סאפה פובליק קומפני לימיי,TH,מוגו מוגו מלון עם חתיכות ג'לי קוקוס,מיליליטרים,320.00,"100 מ""ל",false,1,10.90,0.0341,true,1,122148
8850389115312,false,"סאפה אלוורה מלון בקבוק 300 מ""ל",סאפה פובליק קומפני ל,TH,"סאפה אלוורה מלון בקבוק 300 מ""ל",מיליליטרים,330.00,"100 מ""ל",false,1,10.90,0.0330,true,1,72077
8850389115336,false,משקה אלוורה בטעם מלון סאפה 1 ליטר,סאפה פובליק קומפני לימיט,TH,סאפה משקה אלוורה בטעם מלון,ליטרים,1.00,ליטר,false,1,18.50,18.5000,true,1,72078
8850632604259,false,"יוגטה, חיספוסים, ממתק חמוץ בצורת מקלות בטעם תות שדה,50 גרם",ג'נרל קנדי בעמ,TH,ממתק תות שדה בצורת מקלות יוגטה 50 גרם,גרמים,50.00,100 גרם,false,1,6.90,0.1380,true,1,33600
8850632604266,false,"יוגטה, ממתק חמוץ בצורת מקלות בטעם קולה, 50 גרם",ג'נרל קנדי בעמ,TH,"יוגטה, ממתק חמוץ בצורת מקלות בטעם קולה, 50 גרם",גרמים,50.00,100 גרם,false,1,6.90,0.1380,true,1,33601
8850632604372,false,"יוגטה, חיספוסים בצורת שטיח בטעם תות שדה 50 גרם",ג'נרל קנדי בעמ,TH,ממתק תות שדה בצורת שטיח יוגטה 50 גרם,גרמים,50.00,100 גרם,false,1,6.90,0.1380,true,1,33602
8850632604402,false,יוגטה חיספוסים בטעם מעורב תות שדה אבטיח ענבים בננה 50 גרם,"ג'נרל קנדי בע""מ",TH,ממתק תות ענבים בצורת שטיח יוגטה 50 גרם,גרמים,50.00,100 גרם,false,1,6.90,0.1380,true,1,122228
8850632606390,false,"יוגטה, חיספוסים, ממתק חמוץ בצורת שטיח בטעם אבטיח, 50 גרם",ג'נרל קנדי בעמ,TH,יוגטה חיספוסים בטעם אבטיח,גרמים,50.00,100 גרם,false,1,6.90,0.1380,true,1,51241
8888021200126,false,סוללות אנרג'יזר מקס AA - מארז 4 יח',אנרג'יזר Energizer,SG,אנרג'ייזר סוללות מקס AA*4,Unknown,0.00,Unknown,false,1,18.70,0.0000,true,1,7781
8888021200164,false,סוללות 1X4 ADVANCED FORMULA AAA ריפרש,אנרג'ייזר,SG,סוללות אנרגייזר AAA רביעיה,Unknown,0.00,Unknown,false,1,18.70,0.0000,true,1,7782
8994692446296,false,קונוס 40 חום *,מירה פרואין,ID,קונוס 40 חום,יחידה,1.00,יחידה,false,1,29.90,29.9000,false,1,79084
8994692541038,false,נייר קונוס לגלגול KS 3,j-ware,CZ,קונוס לגלגול 3 יחידות,Unknown,0.00,Unknown,false,1,8.90,0.0000,false,1,39331
8994692541120,false,12 קונוסים לגלגול,,,12 קונוסים לגלגול,Unknown,0.00,Unknown,false,1,14.90,0.0000,false,1,39380
9002975393836,false,סוכריות גילי הריבו האפי קולה 70 גרם,"האריבו , ג'\י.אם.בי.אייץ",AT,סוכריות גומי בטעם קולה 70 גרם,גרמים,70.00,100 גרם,false,1,8.90,0.1271,true,1,85650
9002975393843,false,סוכריות גילי הריבו גולדברס 70 גרם,"האריבו , ג'\י.אם.בי.אייץ",AT,סוכריות גומי בטעמי פירות דובונים 70 גרם,גרמים,70.00,100 גרם,false,1,8.90,0.1271,true,1,85651
9002975393850,false,סוכריות גילי הריבו וורמס 70 גרם,"האריבו , ג'\י.אם.בי.אייץ",AT,סוכריות גומי בטעמי פירות נחשים 70 גרם,גרמים,70.00,100 גרם,false,1,8.90,0.1271,true,1,85652
9044400841000,false,סוכריות פז סוגים שונים + 3 מילויים,פופז,HU,סוכריות פז בובה,גרמים,26.00,100 גרם,false,1,15.90,0.6115,true,1,8018
9044400851672,false,סוכריות פז סוגים שונים + 3 מילויים,פז פרודקשיין יורו,HU,סוכריות פז בובה,גרמים,26.00,100 גרם,false,1,15.90,0.6115,true,1,122840
9310072028743,false,טים טם ביסקוויט במילוי שוקולד 200 גרם,"ארנוטס ביסקוויטס בע""",AU,טים טם אורגינל 200 גר,גרמים,200.00,100 גרם,false,1,24.90,0.1245,true,1,66219
9310072028750,false,טים טם Tim Tam וופל שוקולד ציפוי כפול,"ארנוטס ביסקוויטס בע""",AU,טים טם דאבל 200 גר,גרמים,200.00,100 גרם,false,1,24.90,0.1245,true,1,65887
9322969000046,false,פריכיות תירס שומשום אורגני ריל פודס 150 ג',אף.סי תבליני בגליל ב,AU,ריל פוד פריכיות תירס עם שומשום 150 גרם,גרמים,150.00,100 גרם,false,1,13.90,0.0927,true,1,35324
