code,internal_code,name,manufacturer_name,manufacture_country,manufacturer_item_description,unit_qty,quantity,unit_of_measure,weighted,qty_in_package,price,unit_of_measure_price,allow_discount,status,item_id
2,true,"עמלת החזרת צ ק 14ש""ח",שונות /שרות,,,"י""ח",1,,false,1,14,14,false,1,
39,true,ב 39 תו קניה,שונות /שרות,,,"י""ח",1,,false,1,10,10,false,1,
82,true,דג אדום מובחר,ב ספק דגים קפואים,,,"ק""ג",1,,true,1,37.95,37.95,false,1,
151,true,עוף טחון טרי {קצביה]**,ח.י. מעדני גורמה בעמ,,,"ק""ג",1,,true,1,49.90,49.90,true,1,
353,true,גינגר תפזורת,ביכורי השדה צפון 1994 ג.ד. בעמ,,,"ק""ג",1,,true,1,39.90,39.90,false,1,
443,true,כרטיס להופעה של בני ברדא,שונות /שרות,,,"י""ח",1,,false,1,60,60,false,1,
504,true,אנונה,ביכורי השדה צפון 1994 ג.ד. בעמ,,,"ק""ג",1,,true,1,24.90,24.90,false,1,
505,true,אבוקדו,ביכורי השדה צפון 1994 ג.ד. בעמ,,,"ק""ג",1,"ק""ג",true,1,11.90,11.90,false,1,
506,true,אבטיח,ביכורי השדה צפון 1994 ג.ד. בעמ,,,"ק""ג",1,"ק""ג",true,1,5.90,5.90,false,1,
509,true,קסביה,ביכורי השדה צפון 1994 ג.ד. בעמ,,,"ק""ג",1,"ק""ג",true,1,15.90,15.90,false,1,
510,true,אגסים,ביכורי השדה צפון 1994 ג.ד. בעמ,,,"ק""ג",1,"ק""ג",true,1,13.90,13.90,false,1,
511,true,אגס קטן,ביכורי השדה צפון 1994 ג.ד. בעמ,,,"י""ח",1,,true,1,7.90,7.90,false,1,
515,true,אפרסמון,ביכורי השדה צפון 1994 ג.ד. בעמ,,,"ק""ג",1,"ק""ג",true,1,12.90,12.90,false,1,
516,true,קרמבולה,ביכורי השדה צפון 1994 ג.ד. בעמ,,,"ק""ג",1,,true,1,39.90,39.90,false,1,
522,true,אננס.,ביכורי השדה צפון 1994 ג.ד. בעמ,,,"י""ח",1,,false,1,29.90,29.90,false,1,
523,true,אשכולית אדומה,ביכורי השדה צפון 1994 ג.ד. בעמ,,,"ק""ג",1,"ק""ג",true,1,6.90,6.90,false,1,
525,true,אשכולית,ביכורי השדה צפון 1994 ג.ד. בעמ,,,"ק""ג",1,"ק""ג",true,1,9.90,9.90,false,1,
530,true,בננה.,ביכורי השדה צפון 1994 ג.ד. בעמ,,,"ק""ג",1,"ק""ג",true,1,8.90,8.90,false,1,
535,true,לימון,ביכורי השדה צפון 1994 ג.ד. בעמ,,,"ק""ג",1,"ק""ג",true,1,7.90,7.90,false,1,
536,true,פמלה,ביכורי השדה צפון 1994 ג.ד. בעמ,,,"ק""ג",1,"ק""ג",true,1,7.90,7.90,false,1,
540,true,מלון,ביכורי השדה צפון 1994 ג.ד. בעמ,,,"ק""ג",1,"ק""ג",true,1,7.90,7.90,false,1,
553,true,ענב אדום,ביכורי השדה צפון 1994 ג.ד. בעמ,,,"ק""ג",1,"ק""ג",true,1,17.90,17.90,false,1,
554,true,ענבים לבן .,ביכורי השדה צפון 1994 ג.ד. בעמ,,,"ק""ג",1,"ק""ג",true,1,23.90,23.90,false,1,
555,true,שתיה,שונות /שרות,,,"י""ח",1,,false,1,1,1,false,1,
557,true,פמלית,ביכורי השדה צפון 1994 ג.ד. בעמ,,,"ק""ג",1,"ק""ג",true,1,8.90,8.90,false,1,
560,true,קלמנטינה,ביכורי השדה צפון 1994 ג.ד. בעמ,,,"ק""ג",1,"ק""ג",true,1,6.90,6.90,false,1,
563,true,קיווי.,ביכורי השדה צפון 1994 ג.ד. בעמ,,,"ק""ג",1,"ק""ג",true,1,17.90,17.90,false,1,
564,true,רימונים,ביכורי השדה צפון 1994 ג.ד. בעמ,,,"ק""ג",1,"ק""ג",true,1,8.90,8.90,false,1,
566,true,שזיף אדום.,ביכורי השדה צפון 1994 ג.ד. בעמ,,,"ק""ג",1,"ק""ג",true,1,16.90,16.90,false,1,
575,true,תפוז תבורי.,ביכורי השדה צפון 1994 ג.ד. בעמ,,,"ק""ג",1,"ק""ג",true,1,6.90,6.90,false,1,
580,true,תפוח אנה,ביכורי השדה צפון 1994 ג.ד. בעמ,,,"ק""ג",1,"ק""ג",true,1,10.90,10.90,false,1,
583,true,תפוח סמיט ירוק,ביכורי השדה צפון 1994 ג.ד. בעמ,,,"ק""ג",1,"ק""ג",true,1,11.90,11.90,false,1,
585,true,תפוח חרמון,ביכורי השדה צפון 1994 ג.ד. בעמ,,,"ק""ג",1,"ק""ג",true,1,11.90,11.90,false,1,
586,true,תפוז ברשת,ביכורי השדה צפון 1994 ג.ד. בעמ,,,"ק""ג",1,,true,1,4.90,4.90,false,1,
587,true,קלמנטינה ברשת,ביכורי השדה צפון 1994 ג.ד. בעמ,,,"ק""ג",1,,true,1,6.90,6.90,false,1,
588,true,תפוח גלה,ביכורי השדה צפון 1994 ג.ד. בעמ,,,"ק""ג",1,"ק""ג",true,1,13.90,13.90,false,1,
590,true,תפוח זהוב.,ביכורי השדה צפון 1994 ג.ד. בעמ,,,"ק""ג",1,"ק""ג",true,1,11.90,11.90,false,1,
594,true,סברס,ביכורי השדה צפון 1994 ג.ד. בעמ,,,"ק""ג",1,"ק""ג",true,1,29.90,29.90,false,1,
600,true,לימון בלדי-קטן,ביכורי השדה צפון 1994 ג.ד. בעמ,,,"ק""ג",1,,true,1,13.90,13.90,false,1,
605,true,בצל יבש,ביכורי השדה צפון 1994 ג.ד. בעמ,,,"ק""ג",1,"ק""ג",true,1,4.90,4.90,false,1,
606,true,בצל אדום,ביכורי השדה צפון 1994 ג.ד. בעמ,,,"ק""ג",1,"ק""ג",true,1,7.90,7.90,false,1,
612,true,בטטה,ביכורי השדה צפון 1994 ג.ד. בעמ,,,"ק""ג",1,"ק""ג",true,1,10.90,10.90,false,1,
620,true,דלעת,ביכורי השדה צפון 1994 ג.ד. בעמ,,,"ק""ג",1,"ק""ג",true,1,12.90,12.90,false,1,
622,true,דלורית,ביכורי השדה צפון 1994 ג.ד. בעמ,,,"ק""ג",1,"ק""ג",true,1,7.90,7.90,false,1,
625,true,חציל,ביכורי השדה צפון 1994 ג.ד. בעמ,,,"ק""ג",1,"ק""ג",true,1,8.90,8.90,false,1,
629,true,7290113198470ירק בתפזורת,ביכורי השדה צפון 1994 ג.ד. בעמ,,,"י""ח",1,,false,1,3.90,3.90,false,1,
630,true,כרוב לבן,ביכורי השדה צפון 1994 ג.ד. בעמ,,,"ק""ג",1,"ק""ג",true,1,5.90,5.90,false,1,
633,true,כרוב אדום,ביכורי השדה צפון 1994 ג.ד. בעמ,,,"ק""ג",1,"ק""ג",true,1,5.90,5.90,false,1,
635,true,כרובית,ביכורי השדה צפון 1994 ג.ד. בעמ,,,"י""ח",1,"ק""ג",false,1,10.90,10.90,false,1,
645,true,מלפפון.,ביכורי השדה צפון 1994 ג.ד. בעמ,,,"ק""ג",1,"ק""ג",true,1,7.90,7.90,false,1,
657,true,סלרי,ביכורי השדה צפון 1994 ג.ד. בעמ,,,"י""ח",1,,false,1,5.90,5.90,false,1,
659,true,סלק אדום,ביכורי השדה צפון 1994 ג.ד. בעמ,,,"ק""ג",1,"ק""ג",true,1,5.90,5.90,false,1,
660,true,עגבניה.,ביכורי השדה צפון 1994 ג.ד. בעמ,,,"ק""ג",1,"ק""ג",true,1,7.90,7.90,false,1,
661,true,עגבניה שרי תפזורת,ביכורי השדה צפון 1994 ג.ד. בעמ,,,"ק""ג",1,,true,1,18.90,18.90,false,1,
663,true,פלפל חריף ירוק,ביכורי השדה צפון 1994 ג.ד. בעמ,,,"ק""ג",1,"ק""ג",true,1,10.90,10.90,false,1,
665,true,פלפל כהה,ביכורי השדה צפון 1994 ג.ד. בעמ,,,"ק""ג",1,"ק""ג",true,1,9.90,9.90,false,1,
666,true,פלפל צהוב,ביכורי השדה צפון 1994 ג.ד. בעמ,,,"ק""ג",1,"ק""ג",true,1,10.90,10.90,false,1,
667,true,גמבה אדומה,ביכורי השדה צפון 1994 ג.ד. בעמ,,,"ק""ג",1,"ק""ג",true,1,10.90,10.90,false,1,
669,true,פלפל בהיר,ביכורי השדה צפון 1994 ג.ד. בעמ,,,"ק""ג",0,"ק""ג",true,1,10.90,10.90,false,1,
684,true,זנגביל,ביכורי השדה צפון 1994 ג.ד. בעמ,,,"ק""ג",1,,true,1,29.90,29.90,false,1,
685,true,קישואים.,ביכורי השדה צפון 1994 ג.ד. בעמ,,,"ק""ג",1,"ק""ג",true,1,9.90,9.90,false,1,
687,true,קולורבי,ביכורי השדה צפון 1994 ג.ד. בעמ,,,"ק""ג",1,"ק""ג",true,1,9.90,9.90,false,1,
689,true,7290016150117שום ארוז.,ביכורי השדה צפון 1994 ג.ד. בעמ,,,"י""ח",1,,false,1,7.90,7.90,true,1,
690,true,שומר,ביכורי השדה צפון 1994 ג.ד. בעמ,,,"ק""ג",1,"ק""ג",true,1,9.90,9.90,false,1,
697,true,תרד לט,ביכורי השדה צפון 1994 ג.ד. בעמ,,,"י""ח",1,,false,1,6.90,6.90,false,1,
698,true,תירס קלחים טרי ארוז.,ביכורי השדה צפון 1994 ג.ד. בעמ,,,"ק""ג",1,"ק""ג",true,1,9.90,9.90,false,1,
699,true,תפוח אדמה אדום.,ביכורי השדה צפון 1994 ג.ד. בעמ,,,"ק""ג",1,"ק""ג",true,1,5.90,5.90,false,1,
700,true,תפוח אדמה לבן ארוז,ביכורי השדה צפון 1994 ג.ד. בעמ,,,"ק""ג",1,"ק""ג",true,1,4.90,4.90,false,1,
702,true,"תפו""א לאפיה",ביכורי השדה צפון 1994 ג.ד. בעמ,,,"ק""ג",1,,true,1,2.90,2.90,false,1,
716,true,פלפל כתום,ביכורי השדה צפון 1994 ג.ד. בעמ,,,"ק""ג",1,"ק""ג",true,1,10.90,10.90,false,1,
723,true,תפוח פינק ישראלי.,ביכורי השדה צפון 1994 ג.ד. בעמ,,,"ק""ג",1,,true,1,19.90,19.90,false,1,
770,true,פלפל שושקה,ביכורי השדה צפון 1994 ג.ד. בעמ,,,"ק""ג",1,,true,1,15.90,15.90,false,1,
821,true,תפוח פינק,ביכורי השדה צפון 1994 ג.ד. בעמ,,,"ק""ג",1,"ק""ג",true,1,19.90,19.90,false,1,
858,true,שקד עם קליפה,פיצוחי הטיב,IL,,"י""ח",1,,true,1,34.90,34.90,false,1,
868,true,חצי בגט,שונות /שרות,,,"י""ח",1,,false,1,3,3,false,1,
1593,true,נענע,ביכורי השדה צפון 1994 ג.ד. בעמ,,,"י""ח",1,,false,1,5.90,5.90,false,1,
3416,true,קוקטייל עוף טרי מקוצב,ח.י. מעדני גורמה בעמ,,,"ק""ג",1,,true,1,49.90,49.90,true,1,
4443,true,סופגניה רגילה עם ריבה.,שונות /שרות,,,"י""ח",1,,false,1,4.90,4.90,true,1,
4444,true,סופגניה פרימיום מצופות.,ג נרל מילס ישראל בעמ,,,"י""ח",1,,false,1,5.90,5.90,true,1,
4455,true,מסכה כירורגית,שמחה זה אנחנו,,,"י""ח",1,,false,1,0.60,0.60,false,1,
5066,true,אבטיח אישי,ביכורי השדה צפון 1994 ג.ד. בעמ,,,"ק""ג",1,,true,1,5.90,5.90,false,1,
6590,true,סופגניה מיני.,ג נרל מילס ישראל בעמ,,,"י""ח",55,ל גרם,false,1,3.90,7.09,true,1,
8027,true,תרומה ילדים בסיכוי,שונות /שרות,,,"י""ח",1,,false,1,10,10,false,1,
9342,true,קופון הנחה אדממה 400ג ב2ש,בלדי בעמ,,,"י""ח",1,,false,1,0.01,0.01,false,1,
9343,true,קופון הנחה פיצה שלושת האופים ב5ש,נטו מלינדה סחר בעמ,,,"י""ח",1,,false,1,0.01,0.01,false,1,
12345,true,מכולת,שונות /שרות,,,"י""ח",250,ל גרם,false,1,0.10,0.04,false,1,
23809,true,יין קלאסיק ברקן ק. סובניון,טמפו משקאות בעמ,,,"י""ח",750,"ל מ""ל",false,1,32.90,4.35,true,1,
23977,true,יין קלאסיק מרלו ברקן.,טמפו משקאות בעמ,,,"י""ח",750,"ל מ""ל",false,1,32.90,4.35,true,1,
24202,true,רזרב קברנה סובניון ברקן,טמפו משקאות בעמ,,,"י""ח",750,"ל מ""ל",false,1,44.90,5.95,true,1,
40442,true,עצמות בקר למרק טרי**,ח.י. מעדני גורמה בעמ,,,"ק""ג",1,,true,1,19.90,19.90,false,1,
40974,true,חלב טרי דל לקטוז 1 ליטר,תנובה בעמ ***,,,"י""ח",1,ליטר,false,1,7.20,7.20,false,1,
41042,true,דואט למרק **,ח.י. מעדני גורמה בעמ,,,"ק""ג",1,,true,1,16.90,16.90,true,1,
41212,true,סטייק פרגיות עוף טרי**,ח.י. מעדני גורמה בעמ,,,"ק""ג",1,,true,1,79.90,79.90,true,1,
41218,true,גרון עוף טרי **,ח.י. מעדני גורמה בעמ,,,"ק""ג",1,,true,1,14.90,14.90,true,1,
41260,true,כתף בקר טרי /מצונן חלק.,ח.י. מעדני גורמה בעמ,,,"ק""ג",1,,true,1,79.90,79.90,false,1,
41265,true,עצמות מח/ברך טרי**,ח.י. מעדני גורמה בעמ,,,"ק""ג",1,,true,1,34.90,34.90,false,1,
41268,true,אסאדו עם עצם טרי**,ח.י. מעדני גורמה בעמ,,,"ק""ג",1,,true,1,79.90,79.90,true,1,
41270,true,כנפית עוף **,ח.י. מעדני גורמה בעמ,,,"ק""ג",1,,true,1,21.90,21.90,true,1,
41271,true,אנטריקוט טרי/מצונן**,ח.י. מעדני גורמה בעמ,,,"ק""ג",1,,true,1,199,199,true,1,
41315,true,זוג עופיונים,ח.י. מעדני גורמה בעמ,,,"י""ח",1,,false,1,85,85,true,1,
41360,true,חזה בקר טרי**,ח.י. מעדני גורמה בעמ,,,"ק""ג",1,,true,1,59.90,59.90,true,1,
41379,true,שוקית כנף עוף **,ח.י. מעדני גורמה בעמ,,,"ק""ג",1,,true,1,21.90,21.90,true,1,
41381,true,שוקיים עוף מוזל **.,ח.י. מעדני גורמה בעמ,,,"ק""ג",1,,true,1,34.90,34.90,true,1,
41390,true,חזה בקר טרי***עם עצם,ח.י. מעדני גורמה בעמ,,,"ק""ג",1,,true,1,59.90,59.90,false,1,
41447,true,פרגית עוף לתנור עם עצם טרי**,ח.י. מעדני גורמה בעמ,,,"ק""ג",1,,true,1,59.90,59.90,true,1,
41659,true,אסאדו בלי עצם טרי**,ח.י. מעדני גורמה בעמ,,,"ק""ג",1,,true,1,79.90,79.90,true,1,
41680,true,דנוור סטייק טרי **.,ח.י. מעדני גורמה בעמ,,,"ק""ג",1,,true,1,118,118,false,1,
42209,true,טחון כתף/צלעות טרי **,ח.י. מעדני גורמה בעמ,,,"ק""ג",1,,true,1,59.90,59.90,true,1,
42261,true,סטייק עם עצם טרי**,ח.י. מעדני גורמה בעמ,,,"ק""ג",1,,true,1,119.90,119.90,false,1,
42265,true,צלי כתף טרי/מצונן**,ח.י. מעדני גורמה בעמ,,,"ק""ג",1,,true,1,99.90,99.90,false,1,
42266,true,פילה מדומה טרי/מצונן**,ח.י. מעדני גורמה בעמ,,,"ק""ג",1,,true,1,89.90,89.90,true,1,
42267,true,אוסובוקו טרי**,ח.י. מעדני גורמה בעמ,,,"ק""ג",1,,true,1,69.90,69.90,true,1,
42268,true,שריר טרי/מצונן**,ח.י. מעדני גורמה בעמ,,,"ק""ג",1,"ק""ג",true,1,69.90,69.90,true,1,
42269,true,צוואר טרי/מצונן חלק**,ח.י. מעדני גורמה בעמ,,,"ק""ג",1,"ק""ג",true,1,64.90,64.90,true,1,
42341,true,סינטה דק דק טרי**.,ח.י. מעדני גורמה בעמ,,,"ק""ג",1,,true,1,148.80,148.80,false,1,
42866,true,אוסובוקו הודו טרי **,ח.י. מעדני גורמה בעמ,,,"ק""ג",1,,true,1,39.90,39.90,true,1,
45876,true,שאריות נקניק,שונות /שרות,,,"ק""ג",1,,true,1,19.90,19.90,false,1,
46006,true,עמק שקילה *,תנובה בעמ ***,,,"ק""ג",1000,ל גרם,true,1,44.79,4.48,false,1,
46501,true,טל העמק שקיל,תנובה בעמ ***,,,"ק""ג",1000,ל גרם,true,1,61.30,6.13,false,1,
46549,true,מוצרלה חריץ 20% מהדרין שקיל,תנובה בעמ ***,,,"ק""ג",1,"ק""ג",true,1,82,82,false,1,
46662,true,.גבינה סקנדינבית,תנובה בעמ ***,,,"ק""ג",10,"ק""ג",true,1,79,7.90,false,1,
47027,true,גבינה קצ`קבל(גלעד) חריץ תנובה שקיל,תנובה בעמ ***,,,"ק""ג",1000,ל גרם,true,1,128,12.80,false,1,
47485,true,בולגרית פיראוס %24 שקיל,תנובה בעמ ***,,,"ק""ג",1,"ק""ג",true,1,62,62,false,1,
51352,true,חלב של פעם 1 ליטר,תנובה בעמ ***,,,"י""ח",1,ליטר,false,1,7.40,7.40,false,1,
51376,true,יופלה דיאט אננס ספורטיבי 150גר`,תנובה בעמ ***,,,"י""ח",150,ל גרם,false,1,5.20,3.47,false,1,
51710,true,פיראוס לאבנה עם שמן זית וזעתר 263גר`,תנובה בעמ ***,,,"י""ח",263,ל גרם,false,1,14.30,5.44,false,1,
52311,true,עמק 15% פרוס בקופסא 200גר`,תנובה בעמ ***,,,"י""ח",200,ל גרם,false,1,16.40,8.20,true,1,
55329,true,"יופלה משקה יוגורט טעם תות-מלון 250מ""ל",תנובה בעמ ***,,,"י""ח",250,ל גרם,false,1,6,2.40,false,1,
55336,true,"יופלה משקה יוגורט טעם בננה-אפרסק 250מ""",תנובה בעמ ***,,,"י""ח",250,ל גרם,false,1,6,2.40,false,1,
55343,true,"יופלה משקה יוגורט טעם טרופי 250מ""ל",תנובה בעמ ***,,,"י""ח",250,ל גרם,false,1,6,2.40,false,1,
55893,true,חמאה 200גרם רגיל*תנובה,תנובה בעמ ***,,,"י""ח",200,ל גרם,false,1,7.80,3.90,false,1,
56890,true,מאגדת יופלה שמיניה דיאט 0%,תנובה בעמ ***,,,"י""ח",1.20,ליטר,false,1,32.30,26.92,false,1,
57088,true,עמק דק 200גר`,תנובה בעמ ***,,,"י""ח",200,ל גרם,false,1,16.40,8.20,true,1,
57118,true,עמק סמי מעדניה 400גרם,תנובה בעמ ***,,,"י""ח",400,ל גרם,false,1,23.90,5.98,false,1,
57132,true,יוגורט תנובה 1.5% 200גרם,תנובה בעמ ***,,,"י""ח",200,ל גרם,false,1,3.20,1.60,false,1,
57149,true,יוגורט תנובה 3% 200גרם,תנובה בעמ ***,,,"י""ח",200,ל גרם,false,1,3.20,1.60,false,1,
58030,true,"יופלה שטוזים מקה יוגורט תות 800 מ""ל",תנובה בעמ ***,,,"י""ח",800,"ל מ""ל",false,1,21.20,2.65,false,1,
58047,true,"שמנת מתוקה (38%תנובה)עם פקק 500 מ""ל*",תנובה בעמ ***,,,"י""ח",500,"ל מ""ל",false,1,12.94,2.59,false,1,
58979,true,ג לי בטעם תות 125גר,תנובה בעמ ***,,,"י""ח",125,"ל מ""ל",false,1,1.50,1.20,false,1,
61214,true,פתיתים קוסקום עם בצל 500גר`,קבוצת אוסם סחר-שות.מוגבלת,,,"י""ח",500,ל גרם,false,1,7.90,1.58,true,1,
63142,true,פרגיות עוף טרי[קצביה]**מוזל,ח.י. מעדני גורמה בעמ,,,"ק""ג",1,"ק""ג",true,1,69.90,69.90,true,1,
65977,true,חטיפי פריכונים תירס שומשום 80 ג`,קבוצת אוסם סחר-שות.מוגבלת,,,"י""ח",800,ל גרם,false,1,9.30,1.16,false,1,
72067,true,במבה חלבה 60גר`,קבוצת אוסם סחר-שות.מוגבלת,,,"י""ח",60,ל גרם,false,1,4.90,8.17,true,1,
73699,true,חומוס 150גר צבר,קבוצת אוסם סחר-שות.מוגבלת,,,"י""ח",150,ל גרם,false,1,5.80,3.87,false,1,
75693,true,עוגת שמרים בריוש שוקולד,קבוצת אוסם סחר-שות.מוגבלת,,,"י""ח",360,ל גרם,false,1,18.10,5.03,false,1,
77253,true,לחמית כפרית עם דגנים מלאים 190 ג`,קבוצת אוסם סחר-שות.מוגבלת,,,"י""ח",190,ל גרם,false,1,9.90,5.21,true,1,
77925,true,טוסטעים צנימים עגולים חיטה מלאה 125גר`,קבוצת אוסם סחר-שות.מוגבלת,,,"י""ח",125,ל גרם,false,1,12.20,9.76,false,1,
101132,true,לקט קטניות לחמין 800ג,תנובה בשר,,,"י""ח",800,ל גרם,false,1,24.90,3.11,true,1,
103471,true,מיני ברוקולי (600סנפרוסט),תנובה בשר,,,"י""ח",600,ל גרם,false,1,19.90,3.32,true,1,
103730,true,לקט להקפצה עם פסטה פוזילי 800גר`,תנובה בשר,,,"י""ח",800,ל גרם,false,1,24.40,3.05,true,1,
103815,true,לקט להקפצה בסגנון תאילנ}סנפרוסט {800,תנובה בשר,,,"י""ח",800,ל גרם,false,1,24.20,3.03,true,1,
103839,true,מרק כתום 572גרם סנפרוסט,תנובה בשר,,,"י""ח",572,ל גרם,false,1,19.90,3.48,true,1,
103846,true,מרק אפונה 572גרם סנפרוסט,תנובה בשר,,,"י""ח",572,ל גרם,false,1,19.90,3.48,true,1,
103860,true,מרק עדשים 572גרם סנפרוסט,תנובה בשר,,,"י""ח",572,ל גרם,false,1,19.90,3.48,true,1,
103877,true,מרק שעועית 644גרם סנפרוסט,תנובה בשר,,,"י""ח",644,ל גרם,false,1,19.90,3.09,true,1,
110851,true,כיפלי חטיף בצל,יוניליוור ישראל שיווק בעמ,,,"י""ח",70,ל גרם,false,1,6.50,9.29,false,1,
113355,true,ערכת אבלים בתי משפט,שונות /שרות,,,"י""ח",1,,false,1,677.48,677.48,false,1,
116884,true,רוטב ברביקיו-קנור 340גרם,יוניליוור ישראל שיווק בעמ,,,"י""ח",340,ל גרם,false,1,11.90,3.50,true,1,
116945,true,רוטב סויה-קנור 340גרם,יוניליוור ישראל שיווק בעמ,,,"י""ח",340,ל גרם,false,1,11.90,3.50,true,1,
120874,true,מיונז הלמנס לייט 424גרם,יוניליוור ישראל שיווק בעמ,,,"י""ח",424,ל גרם,false,1,13.90,3.28,false,1,
135311,true,פפסי מקס ליים 1.5 ליטר,טמפו משקאות בעמ,,,"י""ח",1.50,ליטר,false,1,7.80,5,true,1,
135465,true,"סודה טמפו 500 מ""ל 12 בק",טמפו משקאות בעמ,,,"י""ח",6,ליטר,false,1,29.90,4.38,true,1,
135595,true,פפסי מקס טעם דובדבן 1.5 ליטר,טמפו משקאות בעמ,,,"י""ח",1.50,ליטר,false,1,7.50,4.80,true,1,
136141,true,פפסי 1.5 ליטר.,טמפו משקאות בעמ,,,"י""ח",150,"ל מ""ל",false,1,7.90,5.07,true,1,
136158,true,פפסי מקס 1.5 ליטר,טמפו משקאות בעמ,,,"י""ח",1.50,ליטר,false,1,7.50,4.80,true,1,
136165,true,מירנדה 1.5 ליטר,טמפו משקאות בעמ,,,"י""ח",1.50,ליטר,false,1,7.90,5.07,true,1,
136172,true,סבן אפ 1.5 ליטר.,טמפו משקאות בעמ,,,"י""ח",1.50,ליטר,false,1,7.70,4.93,true,1,
136189,true,7-UP דיאט 1.5 ליטר,טמפו משקאות בעמ,,,"י""ח",1.50,ליטר,false,1,7.20,4.60,true,1,
136240,true,סודה טמפו 1.5 ל,טמפו משקאות בעמ,,,"י""ח",1.50,ליטר,false,1,4.50,2.80,true,1,
136295,true,"סיידר תרכיז 330מ""ל בטעם פטל Juicer",טמפו משקאות בעמ,,,"י""ח",330,"ל מ""ל",false,1,13.60,4.12,true,1,
136431,true,ג אמפ אפרסק צלול 1.5 ליטר,טמפו משקאות בעמ,,,"י""ח",1.50,ליטר,false,1,7.50,4.80,true,1,
136455,true,ג אמפ אשכוליות 1.5 ליטר,טמפו משקאות בעמ,,,"י""ח",1.50,ליטר,false,1,7.50,4.80,true,1,
136516,true,ג אמפ מנגו פסיפלורה 1.5 ליטר,טמפו משקאות בעמ,,,"י""ח",1.50,ליטר,false,1,7.50,4.80,true,1,
136523,true,ג אמפ ענבים 1.5 ליטר,טמפו משקאות בעמ,,,"י""ח",1.50,ליטר,false,1,7.50,4.80,true,1,
136608,true,ג אמפ תפוח צלול 1.5 ליטר,טמפו משקאות בעמ,,,"י""ח",1.50,ליטר,false,1,7.50,4.80,true,1,
136790,true,סודה 1.5 ליטר שישיה טמפו,טמפו משקאות בעמ,,,"י""ח",9,ליטר,false,1,17.90,1.79,false,1,
136813,true,סודה אננס 1.5ליטר רביעייה.,טמפו משקאות בעמ,,,"י""ח",6,ליטר,false,1,12.50,1.88,true,1,
136837,true,סודה נגיעות אפרסק 1.5ליטר רביעייה.,טמפו משקאות בעמ,,,"י""ח",6,ליטר,false,1,12.50,1.88,true,1,
136868,true,סאן בנדטו שישיה 1.5 ל,טמפו משקאות בעמ,,,"י""ח",9,ליטר,false,1,19.90,2.01,false,1,
136875,true,סאן בנדטו מוגז שישיה 1.5 ליטר,טמפו משקאות בעמ,,,"י""ח",9,ליטר,false,1,19.90,2.01,false,1,
166605,true,סיף כללי יסמין 4 ליטר,יוניליוור ישראל שיווק בעמ,,,"י""ח",4,ליטר,false,1,20.90,5.23,false,1,
168173,true,ברנפלקס קראנצ`ים 375גרם,יוניליוור ישראל שיווק בעמ,,,"י""ח",500,ל גרם,false,1,22.90,4.58,false,1,
169538,true,נמס בכוס מרק עגבניות עם קרוטונים 62 ג`ב,יוניליוור ישראל שיווק בעמ,,,"י""ח",34,ל גרם,false,1,7.50,22.06,true,1,
169798,true,"עוגי מופחת סוכר 500 ג בד""ץ",יוניליוור ישראל שיווק בעמ,,,"י""ח",500,ל גרם,false,1,19.90,3.98,true,1,
176420,true,111,"שטראוס גרופ בע""מ",,,"י""ח",200,"ל מ""ל",false,1,19.90,9.95,false,1,
185590,true,סילאן 635ג טבעי בקבוק,תה ויסוצקי (ישראל)בעמ,,,"י""ח",635,ל גרם,false,1,19.90,3.13,false,1,
186535,true,נייר טואלט לילי טריו 32 לבן,קימברלי קלארק ישראל שיווק בעמ,,,"י""ח",1788,ל גרם,false,1,44.90,2.51,false,1,
187853,true,נייר טואלט לילי לבן 1/40,קימברלי קלארק ישראל שיווק בעמ,,,"י""ח",40,"י""ח",false,1,45.90,1.15,true,1,
188355,true,מגבות ניקול לבנה 1/6,קימברלי קלארק ישראל שיווק בעמ,,,"י""ח",66.20,מטר,false,1,12.90,0.19,true,1,
188386,true,מגבות ניקול לבנה 1/12,קימברלי קלארק ישראל שיווק בעמ,,,"י""ח",132.40,מארז,false,1,22.90,0.17,false,1,
188416,true,מטריה,קימברלי קלארק ישראל שיווק בעמ,,,"י""ח",1,,false,1,15,15,false,1,
189079,true,תבניות אינגליש קייק חזקות ועבות,קימברלי קלארק ישראל שיווק בעמ,,,"י""ח",1,,false,1,11.90,11.90,false,1,
189116,true,תבניות עגולות חזקות ועבות,קימברלי קלארק ישראל שיווק בעמ,,,"י""ח",1,,false,1,11.90,11.90,false,1,
189260,true,תבניות מלבניות חזקות ועבות,קימברלי קלארק ישראל שיווק בעמ,,,"י""ח",1,,false,1,11.90,11.90,false,1,
189277,true,.תבניות מלבניות גדולות ועמוקות,קימברלי קלארק ישראל שיווק בעמ,,,"י""ח",1,,false,1,11.90,11.90,false,1,
189598,true,מטליות לחות חד פעמיות ניקול,קימברלי קלארק ישראל שיווק בעמ,,,"י""ח",100,ל גרם,false,1,9.80,9.80,false,1,
189734,true,מטליות לחות לפרקט,קימברלי קלארק ישראל שיווק בעמ,,,"י""ח",1,,false,1,10.90,10.90,false,1,
189871,true,#ניקול אשפתון פחים גדולים 55יח,קימברלי קלארק ישראל שיווק בעמ,,,"י""ח",55,"י""ח",false,1,23.90,0.43,true,1,
190198,true,מטליות לחות לניקוי נירוסטה,קימברלי קלארק ישראל שיווק בעמ,,,"י""ח",1,,false,1,9.80,9.80,false,1,
191225,true,האגיס ליטל בייביס שלב 2 חדש,קימברלי קלארק ישראל שיווק בעמ,,,"י""ח",1,"י""ח",false,1,31.90,31.90,false,1,
192581,true,מגבות ניקול גליל כפול 6=12,קימברלי קלארק ישראל שיווק בעמ,,,"י""ח",6,"י""ח",false,1,21.90,3.65,false,1,
194837,true,שקיות למזון גדולות במיוחד,קימברלי קלארק ישראל שיווק בעמ,,,"י""ח",200,"י""ח",false,1,13.90,0.07,true,1,
194912,true,מכנסון גזרתי סופר נייטL,קימברלי קלארק ישראל שיווק בעמ,,,"י""ח",15,"י""ח",false,1,74.90,4.99,false,1,
195216,true,נייר אפיה לתנור בשקית 50יח,קימברלי קלארק ישראל שיווק בעמ,,,"י""ח",1,"י""ח",false,1,10.90,10.90,false,1,
196763,true,שקיות אשפה ניקול גדול,קימברלי קלארק ישראל שיווק בעמ,,,"י""ח",1,"י""ח",false,1,24.90,24.90,true,1,
197425,true,האגיס פרידום דריי שלב 3,קימברלי קלארק ישראל שיווק בעמ,,,"י""ח",54,"י""ח",false,1,45.90,0.85,true,1,
197456,true,האגיס פרידום דריי שלב 4,קימברלי קלארק ישראל שיווק בעמ,,,"י""ח",44,"י""ח",false,1,45.90,1.04,true,1,
197463,true,האגיס פרידום דריי שלב 4+,קימברלי קלארק ישראל שיווק בעמ,,,"י""ח",42,"י""ח",false,1,45.90,1.09,true,1,
197548,true,האגיס פרידום דריי שלב 5,קימברלי קלארק ישראל שיווק בעמ,,,"י""ח",38,"י""ח",false,1,45.90,1.21,true,1,
197678,true,18571736האגיס פרידום דריי שלב 6,קימברלי קלארק ישראל שיווק בעמ,,,"י""ח",34,"י""ח",false,1,45.90,1.35,true,1,
201849,true,טיטולים פרמיום שלב 4,קימברלי קלארק ישראל שיווק בעמ,,,"י""ח",1,"י""ח",false,1,36.90,36.90,true,1,
201856,true,טיטולים פרמיום שלב 4+,קימברלי קלארק ישראל שיווק בעמ,,,"י""ח",1,"י""ח",false,1,36.90,36.90,true,1,
201863,true,טיטולים פרמיום שלב 5,קימברלי קלארק ישראל שיווק בעמ,,,"י""ח",1,"י""ח",false,1,36.90,36.90,true,1,
201870,true,טיטולים פרמיום שלב 6,קימברלי קלארק ישראל שיווק בעמ,,,"י""ח",1,"י""ח",false,1,36.90,36.90,true,1,
201979,true,מגבוני האגיס,קימברלי קלארק ישראל שיווק בעמ,,,"י""ח",4,"י""ח",false,1,19.90,4.98,true,1,
204512,true,מטליות לחות לרצפה בריח לימון,קימברלי קלארק ישראל שיווק בעמ,,,"י""ח",1,"י""ח",false,1,11,11,false,1,
205762,true,האגיס אקסטרא קר מידה 3,קימברלי קלארק ישראל שיווק בעמ,,,"י""ח",1,"י""ח",false,1,57.90,57.90,true,1,
209012,true,חומץ 1ליטר]יכין[,זנלכל בעמ,,,"י""ח",600,"ל מ""ל",false,1,7.90,1.32,true,1,
209371,true,שלשות תירס 6OZ,זנלכל בעמ,,,"י""ח",600,ל גרם,false,1,16.90,2.82,false,1,
209388,true,תירס לייט 150 ג שלישיה,זנלכל בעמ,,,"י""ח",1,,false,1,16.90,16.90,false,1,
211138,true,עיזים הולנד,א. סיימן סחר בעמ,,,"ק""ג",5,"ק""ג",true,1,99.90,19.98,false,1,
262413,true,האגיס אקסטרא קר מידה 5,קימברלי קלארק ישראל שיווק בעמ,,,"י""ח",1,"י""ח",false,1,57.90,57.90,true,1,
311869,true,וופל שוקולד ללא סוכר 180ג מן,ח.כהן סוכנות מזון ומשקאות בע,,,"י""ח",180,ל גרם,false,1,7.90,4.39,false,1,
318189,true,פסטרמה ברביקיו על האש 300גר.,מעדני יחיעם 1993 בעמ,,,"י""ח",300,ל גרם,false,1,29.90,9.97,false,1,
319292,true,"נקניקיות וינר פלוס1 ק""ג",מעדני יחיעם 1993 בעמ,,,"י""ח",1,"ק""ג",false,1,19.90,19.90,false,1,
319728,true,איטלקי מפולפל{יחיעם},מעדני יחיעם 1993 בעמ,,,"ק""ג",1000,ל גרם,true,1,68.60,6.86,true,1,
319834,true,קבנוס פפרוני קלאסי 125ג,מעדני יחיעם 1993 בעמ,,,"י""ח",125,ל גרם,false,1,14.90,11.92,true,1,
327549,true,פפסי קולה שישייה 1.5ל,טמפו משקאות בעמ,,,"י""ח",9,ליטר,false,1,26.90,2.99,false,1,
364261,true,סלסולי כתף בקר 120גר`,תנובה בשר,,,"י""ח",120,ל גרם,false,1,17.90,14.92,false,1,
364292,true,סלסולי פסטרמה גחלים 120גר`,תנובה בשר,,,"י""ח",120,ל גרם,false,1,17.90,14.92,false,1,
379240,true,חלה רגילה מרובעת 500 גרם*,שלמה א.אנג ל בעמ,,,"י""ח",500,ל גרם,false,1,5.10,1.02,false,1,
379944,true,"קמח אנג ל 1ק""ג",שלמה א.אנג ל בעמ,,,"י""ח",1,מארז,false,1,5.90,5.90,false,1,
453408,true,בצק פיצה דק ומוכן לאפיה שמרית 415גר,"שטראוס גרופ ***בע""מ",,,"י""ח",415,ל גרם,false,1,17.90,4.31,false,1,
453415,true,בצק עלים מצונן ומוכן לאפיה שמרית 300גר,"שטראוס גרופ ***בע""מ",,,"י""ח",300,ל גרם,false,1,15.90,5.30,false,1,
453422,true,בצק פילו מוכן לאפיה שמרית 300גר,"שטראוס גרופ ***בע""מ",,,"י""ח",300,ל גרם,false,1,15.90,5.30,false,1,
453781,true,שמרים יבשים 125ג שמרית.,"שטראוס גרופ בע""מ",,,"י""ח",125,ל גרם,false,1,7.50,6,false,1,
453798,true,שמרים אקטיבים 500גר עלית,"שטראוס גרופ בע""מ",,,"י""ח",500,ל גרם,false,1,17.90,3.58,false,1,
453866,true,נטורינה קוקוס 200גר,"שטראוס גרופ ***בע""מ",,,"י""ח",200,ל גרם,false,1,7.90,3.95,false,1,
453880,true,מרגרינה ללא מלח לאפייה ובישול 200גר,"שטראוס גרופ ***בע""מ",,,"י""ח",200,ל גרם,false,1,5.90,2.95,false,1,
453897,true,מרגרינה בטעם חמאה 200גר,"שטראוס גרופ ***בע""מ",,,"י""ח",200,ל גרם,false,1,5.90,2.95,false,1,
462141,true,סחוג אדום חריף זהבי 150גר`,"שטראוס גרופ ***בע""מ",,,"י""ח",150,ל גרם,false,1,8.90,5.93,false,1,
467153,true,חומוס סמיר הגדול 400גר,קבוצת אוסם סחר-שות.מוגבלת,,,"י""ח",400,ל גרם,false,1,16.80,4.20,true,1,
518190,true,מתוק וקל סטיביה 100 שק.,מתוק וקל בעמ,,,"י""ח",25,ל גרם,false,1,24.70,98.80,false,1,
518220,true,סוכרה דיאט 100 יח.,מתוק וקל בעמ,,,"י""ח",100,"י""ח",false,1,26.90,0.27,false,1,
518336,true,צמר גפן מתוק,מתוק וקל בעמ,,,"י""ח",25,ל גרם,false,1,4.90,19.60,true,1,
521015,true,יין סגל לבן,טמפו משקאות בעמ,,,"י""ח",750,"ל מ""ל",false,1,22.90,3.01,true,1,
523811,true,"מלח גס 1 ק""ג צנצנת הארץ",סוגת תעשיות בעמ,,,"י""ח",1,"ק""ג",false,1,7.30,7.30,false,1,
530024,true,תה מעושן רחב זוגלובק,זוגלובק שיווק בעמ,,,"ק""ג",1000,ל גרם,true,1,44.90,4.49,true,1,
530871,true,חזה עוף מעושן,זוגלובק שיווק בעמ,,,"ק""ג",1,,true,1,76.90,76.90,true,1,
551159,true,בשר ראש מוכשר.,נטו מלינדה סחר בעמ,,,"ק""ג",1,,true,1,79.90,79.90,false,1,
552118,true,נקניקיות מרגז 400 גרם,נטו מלינדה סחר בעמ,,,"י""ח",400,ל גרם,false,1,20.50,5.13,false,1,
554532,true,צפתית גד מעודנת 5% במלח ים טבעי 200 ג,מחלבות גד,,,"י""ח",200,"ל מ""ל",false,1,14.90,7.45,true,1,
554815,true,גבינה מוצרלה משק}גד{,מחלבות גד,,,"ק""ג",1,,true,1,79.90,79.90,false,1,
554891,true,בולגרית פח %16}גד{,מחלבות גד,,,"ק""ג",1,,true,1,55.90,55.90,false,1,
554921,true,ריקוטה }גד 5% מעדנייה,מחלבות גד,,,"ק""ג",1,,true,1,56.90,56.90,false,1,
555502,true,אריזת פקדון(חוק פקדון),שונות /שרות,,,"י""ח",1,,false,1,0.30,0.30,false,1,
555503,true,פיקדון X 6,שונות /שרות,,,"י""ח",1,,false,1,1.80,1.80,false,1,
555504,true,פיקדון X 4,שונות /שרות,,,"י""ח",1,,false,1,1.20,1.20,false,1,
555509,true,פיקדון 12X,שונות /שרות,,,"י""ח",1,,false,1,3.60,3.60,false,1,
555513,true,פיקדון *5בקבוקים,טמפו משקאות בעמ,,,"י""ח",1,,false,1,1.50,1.50,false,1,
630519,true,עוף טרי שלם מוכשר(קצביה)**.,ח.י. מעדני גורמה בעמ,,,"ק""ג",1,"ק""ג",true,1,19.90,19.90,false,1,
631059,true,כבד עוף טרי(קצביה) **.,ח.י. מעדני גורמה בעמ,,,"ק""ג",1,"ק""ג",true,1,29.90,29.90,true,1,
632278,true,שניצל עוף פרימיום נקי ודק דק[קצביה].,ח.י. מעדני גורמה בעמ,,,"ק""ג",1,"ק""ג",true,1,49.90,49.90,true,1,
632308,true,חזה עוף חצוי נקי טרי(קצביה )**.,ח.י. מעדני גורמה בעמ,,,"ק""ג",1,,true,1,42.80,42.80,false,1,
633800,true,כנפיים פטם עטרה]קפוא[,נטו מלינדה סחר בעמ,,,"ק""ג",1,"ק""ג",true,1,14.90,14.90,false,1,
641751,true,חזה הודו טרי נז קצביה**,ח.י. מעדני גורמה בעמ,,,"ק""ג",1,,true,1,34.90,34.90,false,1,
642840,true,שוקיים הודו טרי**,ח.י. מעדני גורמה בעמ,,,"ק""ג",1,,true,1,29.90,29.90,false,1,
643243,true,שווארמה הודו נקבה}קצביה{**,ח.י. מעדני גורמה בעמ,,,"ק""ג",1,,true,1,74.90,74.90,false,1,
643946,true,כנף הודו טרי}קצביה{**,ח.י. מעדני גורמה בעמ,,,"ק""ג",1,,true,1,14.90,14.90,false,1,
644356,true,גרון הודו טרי(קצביה)**,ח.י. מעדני גורמה בעמ,,,"ק""ג",1,,true,1,32.90,32.90,false,1,
644783,true,דג סלמון קפוא מנות תנובה,תנובה בשר,,,"ק""ג",1,"ק""ג",true,1,89.90,89.90,false,1,
652177,true,נתחי פילה נסיכה 100% דג,תנובה בשר,,,"ק""ג",1,,true,1,59.90,59.90,false,1,
654546,true,פילה אמנון 7-9 100% דג פרמיום,תנובה בשר,,,"ק""ג",1,,true,1,37.90,37.90,false,1,
657657,true,מאפים טריים במשקל אפיה מקומית.,ג נרל מילס ישראל בעמ,,,"ק""ג",1,,true,1,44.90,44.90,true,1,
658926,true,פילה מרלוזה קפוא 100% דג,תנובה בשר,,,"ק""ג",1,,true,1,32.90,32.90,false,1,
662817,true,סלמון מעושן 100גר,תנובה בשר,,,"י""ח",100,ל גרם,false,1,19.90,19.90,false,1,
663135,true,קוביות סלמון קפוא 300ג,תנובה בשר,,,"י""ח",300,ל גרם,false,1,29.90,9.97,false,1,
666601,true,פיקדון 0.30.,שונות /שרות,,,"י""ח",1,"י""ח",false,1,0.30,0.30,false,1,
672844,true,חלה רגילה (אפיה מקומית),ג נרל מילס ישראל בעמ,,,"י""ח",1,,false,1,10.90,10.90,true,1,
688374,true,מי עדן בייבי שישיה 250,יפאורה שותפות מוגבלת לשיווק,,,"י""ח",1.50,ליטר,false,1,15.80,9.33,false,1,
688381,true,מי עדן שישיה 0.5 ליטר,יפאורה שותפות מוגבלת לשיווק,,,"י""ח",3,ליטר,false,1,14.90,4.37,true,1,
688428,true,מי מינרלים בודד חצי ליטר,יפאורה שותפות מוגבלת לשיווק,,,"י""ח",500,"ל מ""ל",false,1,3,0.54,false,1,
688503,true,"מי עדן שישייה ג ים 750 מ""ל",יפאורה שותפות מוגבלת לשיווק,,,"י""ח",4.50,ליטר,false,1,16.50,3.27,true,1,
861000,true,משטח עץ,שונות /שרות,,,"י""ח",1,,false,1,7,7,false,1,
900001,true,בטריות מרוקי סמסונג,לפ טל-פון שלומי,,,"י""ח",1,,false,1,120,120,false,1,
961804,true,דלעת ארוזה שקיל,ביכורי השדה צפון 1994 ג.ד. בעמ,,,"ק""ג",1,,true,1,12.90,12.90,false,1,
995410,true,נבטים,ביכורי השדה צפון 1994 ג.ד. בעמ,,,"י""ח",1,,false,1,6.90,6.90,false,1,
1009123,true,לחם 100% כוסמין 600 גרם,עזרן מסחר ושרותים בעמ,,,"י""ח",600,ל גרם,false,1,16.90,2.82,false,1,
1009178,true,לחם 100% שיפון 900 גרם,עזרן מסחר ושרותים בעמ,,,"י""ח",1,,false,1,16.90,16.90,false,1,
1045657,true,מיץ תפוח עץ צלול,"שטראוס גרופ ***בע""מ",,,"י""ח",400,"ל מ""ל",false,1,7.90,1.90,false,1,
1072028,true,"דאו נובו מן 150מ""ל Force",סאסאטק אגשח בעמ,,,"י""ח",150,"ל מ""ל",false,1,8.90,5.93,false,1,
1121672,true,פסטרמה מעודנת בפפריקה 300ג,מעדני יחיעם 1993 בעמ,,,"י""ח",330,ל גרם,false,1,20.90,6.33,false,1,
1123041,true,בשר 5 חלק,נטו מלינדה סחר בעמ,,,"ק""ג",1,,true,1,59.90,59.90,false,1,
1201510,true,ביצים M 30 יח,מ.לסר בעמ,,,"י""ח",30,"י""ח",false,1,27.80,0.93,false,1,
1201589,true,ביצים L 12 יח*,מ.לסר בעמ,,,"י""ח",12,"י""ח",false,1,12.05,1,false,1,
1201596,true,ביצים M 12 יח*,מ.לסר בעמ,,,"י""ח",12,"י""ח",false,1,11.15,0.93,false,1,
1201602,true,ביצים L 18יח,מ.לסר בעמ,,,"י""ח",18,"י""ח",false,1,18,1,false,1,
1201824,true,ביצים 12יח L אורגני,מ.לסר בעמ,,,"י""ח",12,"י""ח",false,1,20.90,1.74,false,1,
1201862,true,ביצים 12יח L חופש,מ.לסר בעמ,,,"י""ח",12,"י""ח",false,1,17.90,1.49,false,1,
1201893,true,ביצים 12יח M אומגה 3,מ.לסר בעמ,,,"י""ח",10,"י""ח",false,1,18.90,1.89,true,1,
1216040,true,"טחינה""אל ארז""רגילה 500גר",סוגת תעשיות בעמ,,,"י""ח",500,ל גרם,false,1,16.90,3.38,false,1,
1216057,true,"טחינה אל ארז 1ק""ג",סוגת תעשיות בעמ,,,"י""ח",1,"ק""ג",false,1,31.90,31.90,false,1,
1216101,true,"טחינה""אל ארז""מלאה 1ק""ג",סוגת תעשיות בעמ,,,"י""ח",1,"ק""ג",false,1,35.90,35.90,false,1,
1230331,true,כאמל בוקס בודד.,גלוברנדס בעמ,,,"י""ח",1,,false,1,31,31,false,1,
1230739,true,קאמל כחול בודד,גלוברנדס בעמ,,,"י""ח",1,,false,1,31,31,false,1,
1231932,true,וינסטון כחול בודד.,גלוברנדס בעמ,,,"י""ח",1,,false,1,32.50,32.50,false,1,
1245798,true,נ.כלים לימון 1.6 ל`טאצ,סאסאטק אגשח בעמ,,,"י""ח",1.60,ליטר,false,1,11.90,7.44,true,1,
1245835,true,נוזל רצפות אורנים 4ליטר טאצ`,סאסאטק אגשח בעמ,,,"י""ח",4,ליטר,false,1,14.90,3.73,true,1,
1246184,true,מבשם נטול גז 350 מ``ל טאצ,סאסאטק אגשח בעמ,,,"י""ח",350,"ל מ""ל",false,1,9.90,2.83,false,1,
1246351,true,נוזל רצפות לבנדר 4ליטר טאצ`.,סאסאטק אגשח בעמ,,,"י""ח",4,ליטר,false,1,14.90,3.73,true,1,
1246528,true,מרכך כביסה מרוכז פרםיום מיסטרי 1 ל`טא,סאסאטק אגשח בעמ,,,"י""ח",1,ליטר,false,1,14.90,14.90,true,1,
1246757,true,נוזל רצפות מלון בוטיק 2ליטר טאצ`,סאסאטק אגשח בעמ,,,"י""ח",2,ליטר,false,1,18.90,9.45,true,1,
1444160,true,"שמן זית כתית מעולה מ עץ הזית 750 מ""ל.",סוגת תעשיות בעמ,,,"י""ח",750,"ל מ""ל",false,1,34.90,4.65,true,1,
1455456,true,פילה נסיכת הנילוס פרוס,בלדי בעמ,,,"ק""ג",1,"ק""ג",true,1,62.90,62.90,false,1,
1461457,true,בגט רוסטיק,ג נרל מילס ישראל בעמ,,,"י""ח",1,,false,1,7.90,7.90,true,1,
1567708,true,נקניק וינר 400ג ללא,מעדני יחיעם 1993 בעמ,,,"י""ח",400,ל גרם,false,1,11.90,2.98,true,1,
1591505,true,סטייק דג טונה קפוא עם עור מחנה יהודה.,נטו מלינדה סחר בעמ,,,"ק""ג",1,"ק""ג",true,1,39.90,39.90,true,1,
1591550,true,פילה אמנון ללא עור מחנה יהודה.,נטו מלינדה סחר בעמ,,,"ק""ג",1,"ק""ג",true,1,37.90,37.90,true,1,
1591574,true,פילה אמנון 80% מחנה יהודה.,נטו מלינדה סחר בעמ,,,"ק""ג",1,"ק""ג",true,1,26.90,26.90,true,1,
1591604,true,המבורגר אנגוס מחנה יהודה 600גר,נטו מלינדה סחר בעמ,,,"י""ח",600,ל גרם,false,1,29.90,4.98,true,1,
1591611,true,קבבוני אנגוס עגול מחנה יהודה 500גר,נטו מלינדה סחר בעמ,,,"י""ח",500,ל גרם,false,1,29.90,5.98,true,1,
1591642,true,קבבוני טלה מחנה יהודה 500גר.,נטו מלינדה סחר בעמ,,,"י""ח",500,ל גרם,false,1,29.90,5.98,true,1,
1690376,true,אמנון שלם נקי בוואקום,נטו מלינדה סחר בעמ,,,"ק""ג",1,"ק""ג",true,1,19.90,19.90,false,1,
1873458,true,סטייקבורגר 320ג בלאק אנגוס,נטו מלינדה סחר בעמ,,,"י""ח",320,ל גרם,false,1,25.90,8.09,true,1,
1873489,true,קרפציו 120ג בלאק אנגוס,נטו מלינדה סחר בעמ,,,"י""ח",120,ל גרם,false,1,19.90,16.58,true,1,
1879627,true,פילה עוף טרי**,ח.י. מעדני גורמה בעמ,,,"ק""ג",1,,true,1,49.90,49.90,true,1,
1989364,true,מקרל פרוס בשמן במשקל,סלטי שמיר2006בעמ,,,"ק""ג",1,,true,1,129.90,129.90,false,1,
1989388,true,מעדן מטיאס הולנדי במשקל.,לפ לפ סלטי שמיר 2006 בעמ,,,"ק""ג",1,,true,1,64.90,64.90,false,1,
2008989,true,קישקשים 225 יחידות הנמל,הנמל אריזות ושווק בעמ,,,"י""ח",225,"י""ח",false,1,9.90,0.04,false,1,
2013006,true,פסטרמה מקסיקנית,זוגלובק שיווק בעמ,,,"ק""ג",1,,true,1,76.90,76.90,true,1,
2013037,true,פסטרמה פרגיות על לבנים 1% שומן,זוגלובק שיווק בעמ,,,"ק""ג",1,,true,1,76.90,76.90,true,1,
2015192,true,מלפפונים במלח ]18/25ב.ד[,קבוצת יבנה מוצרי מזון בעמ,,,"י""ח",560,ל גרם,false,1,11.90,2.13,false,1,
2026402,true,בלינצס גבינה 420גר,מוצרי איכות אמריקאיים בעמ,,,"י""ח",420,ל גרם,false,1,15,3.57,true,1,
2043102,true,פרכיות אורז חום מלא 7 זרעי על 200גר,א.ל.יצור ושיווקתבלינים בעמ,,,"י""ח",200,ל גרם,false,1,15.90,7.95,true,1,
2043225,true,צ`יפס אורז חום מלא פפריקה 60גר,א.ל.יצור ושיווקתבלינים בעמ,,,"י""ח",60,ל גרם,false,1,6.90,11.50,true,1,
2043348,true,צ`יפס אורז חום מלא צ`יה וקינואה 60גר,א.ל.יצור ושיווקתבלינים בעמ,,,"י""ח",60,ל גרם,false,1,7.90,13.17,false,1,
2043782,true,צ`יפס אורז חום מלא טקסס ברביקיו 60גר,א.ל.יצור ושיווקתבלינים בעמ,,,"י""ח",60,ל גרם,false,1,6.90,11.50,true,1,
2043829,true,פרכיות אורז חום מלא מהרי ההימלאיה 200ג,א.ל.יצור ושיווקתבלינים בעמ,,,"י""ח",200,ל גרם,false,1,15.90,7.95,true,1,
2065616,true,לחם שיפון גרעינים 750גר`,שלמה א.אנג ל בעמ,,,"י""ח",750,ל גרם,false,1,12.90,1.72,false,1,
2075271,true,ריקולה שקית 70ג צמחים,שוקוטרייד בעמ,,,"י""ח",70,ל גרם,false,1,11.90,17,false,1,
2077725,true,סלומון נורווגי מצונן 100 גרם(נטו),נטו מלינדה סחר בעמ,,,"י""ח",100,ל גרם,false,1,19.90,19.90,false,1,
2109488,true,קבב אמיתי 100% 440גרם טיבוןויל,נטו מלינדה סחר בעמ,,,"י""ח",500,ל גרם,false,1,21.90,4.38,true,1,
2129462,true,פיצה איטלקית דקה שלושת האופים זוג 640ג,נטו מלינדה סחר בעמ,,,"י""ח",640,ל גרם,false,1,28.90,4.52,true,1,
2129479,true,פיצה איטלקית דקה שלושת האופים 320גר,נטו מלינדה סחר בעמ,,,"י""ח",320,ל גרם,false,1,16.90,5.28,true,1,
2157953,true,טונה קנולה 140ג 1/4,נטו מלינדה סחר בעמ,,,"י""ח",560,ל גרם,false,1,20.90,3.73,true,1,
2157960,true,טונה במים 140ג 1/4,נטו מלינדה סחר בעמ,,,"י""ח",560,ל גרם,false,1,20.90,3.73,true,1,
2195054,true,המבורגר בלדי 400גרם ארוז,בלדי בעמ,,,"י""ח",400,ל גרם,false,1,13.90,3.48,false,1,
2195078,true,קבב כבש 400גרם ארוז,בלדי בעמ,,,"י""ח",400,ל גרם,false,1,13.90,3.48,false,1,
2195085,true,קבב מזרחי 400גרם ארוז,בלדי בעמ,,,"י""ח",400,ל גרם,false,1,13.90,3.48,false,1,
2195092,true,קבב רומני 400גרם ארוז,בלדי בעמ,,,"י""ח",400,ל גרם,false,1,13.90,3.48,false,1,
2198048,true,פסטרמה הודו בתיבול שווארמה,זוגלובק שיווק בעמ,,,"י""ח",1,,true,1,76.90,76.90,true,1,
2263562,true,"רוטב לימון משומר 200מ""ל",א.ל.יצור ושיווקתבלינים בעמ,,,"י""ח",200,"ל מ""ל",false,1,6.90,3.45,false,1,
2278528,true,זוג כריות ניקוי כלים,ח.כהן סוכנות מזון ומשקאות בע,,,"י""ח",2,"י""ח",false,1,7.90,3.95,false,1,
2281382,true,נתחי פילה סלמון נורבגי מנות,נטו מלינדה סחר בעמ,,,"ק""ג",1,"ק""ג",true,1,99,99,false,1,
2281405,true,סלט סלמון מעושן 160*2יח,נטו מלינדה סחר בעמ,,,"י""ח",320,ל גרם,false,1,9.90,3.09,false,1,
2281429,true,סטייק דג טונה קפוא ללא עור,נטו מלינדה סחר בעמ,,,"ק""ג",1,"ק""ג",true,1,54.90,54.90,false,1,
2281894,true,בשר מס `2חלק,נטו מלינדה סחר בעמ,,,"ק""ג",1,,true,1,34.90,34.90,false,1,
2300884,true,צ`דר אנגלי כתום נטו.,א. סיימן סחר בעמ,,,"ק""ג",1,,true,1,129,129,true,1,
2331360,true,נביעות שישיות 500 מייל פקק ספורט,החברה המרכזית להפצת משקאות בעמ,,,"י""ח",3,ליטר,false,1,15.90,4.70,true,1,
2331476,true,"נביעות בודד בייבי 320מ""ל",החברה המרכזית להפצת משקאות בעמ,,,"י""ח",3,ליטר,false,1,3.20,0.97,false,1,
2331490,true,נביעות 1ליטר,החברה המרכזית להפצת משקאות בעמ,,,"י""ח",1,ליטר,false,1,3.50,3.50,true,1,
2345015,true,סינטה דקדק 250גר אל גאוצו,נטו מלינדה סחר בעמ,,,"י""ח",250,ל גרם,false,1,16.90,6.76,true,1,
2345022,true,אנטריקוט דקדק 250גר,נטו מלינדה סחר בעמ,,,"י""ח",250,ל גרם,false,1,28.90,11.56,true,1,
2345060,true,מאסדם גבינה הולנדי אמיתי שקיל.,נטו מלינדה סחר בעמ,,,"ק""ג",1,,true,1,89,89,false,1,
2345435,true,פילה מרלוזה,נטו מלינדה סחר בעמ,,,"ק""ג",1,"ק""ג",true,1,31.90,31.90,false,1,
2370130,true,גבינת ברי צרפתית שקיל,ג.וילי פוד אינטרנשיונל בעמ,,,"ק""ג",1,"ק""ג",true,1,109.90,109.90,false,1,
2370475,true,גבינה כחולה עם עובש שקיל,ג.וילי פוד אינטרנשיונל בעמ,,,"ק""ג",1,"ק""ג",true,1,99.90,99.90,true,1,
2370680,true,אצבעות מוצרלי במשקל ויליפוד,ג.וילי פוד אינטרנשיונל בעמ,,,"ק""ג",1,,true,1,79.90,79.90,true,1,
2370734,true,צמות גבינה במי מלח 25% שומן שקיל,ג.וילי פוד אינטרנשיונל בעמ,,,"ק""ג",1,"ק""ג",true,1,99,99,true,1,
2370741,true,גבינה מלוחה מחלב עיזים 19% שומןשקיל,ג.וילי פוד אינטרנשיונל בעמ,,,"ק""ג",1,"ק""ג",true,1,99,99,true,1,
2370925,true,גבינת גאודה עם עשבי תיבול ושום שקיל,ג.וילי פוד אינטרנשיונל בעמ,,,"ק""ג",1,"ק""ג",true,1,110,110,true,1,
2370994,true,גבינת גאודה עם פטריות כמהין גלגל שקיל,ג.וילי פוד אינטרנשיונל בעמ,,,"ק""ג",1,"ק""ג",true,1,159,159,true,1,
2371533,true,סלסולי פסטרמה דבש 120גר`,תנובה בשר,,,"י""ח",120,ל גרם,false,1,17.90,14.92,false,1,
2371571,true,פסטרמה פרגיות טירת צבי,תנובה בשר,,,"ק""ג",1,,true,1,89,89,false,1,
2371939,true,סרוולד צרפתי 120גר,תנובה בשר,,,"י""ח",120,ל גרם,false,1,26.90,22.42,false,1,
2374640,true,שמן קנולה פלוס אומגה 3 עץ הזית 1ליטר,סוגת תעשיות בעמ,,,"י""ח",1,ליטר,false,1,17.70,17.70,false,1,
2385066,true,בולגרית קוביות 5%,מחלבות גד,,,"י""ח",1,,true,1,61.90,61.90,false,1,
2385127,true,לבנה זעתר,מחלבות גד,,,"ק""ג",1,,true,1,41.90,41.90,false,1,
2385455,true,בולגרית מעודנת 24% גד מעדנייה,מחלבות גד,,,"ק""ג",1,,true,1,62,62,false,1,
2395408,true,"גבנצ נעם 28% ק""ג *.",*החברה המרכזית להפצת משקאותבעמ,,,"ק""ג",1,,true,1,44.79,44.79,false,1,
2395415,true,חריץ גבינה נעם 9% שקיל,*החברה המרכזית להפצת משקאותבעמ,,,"ק""ג",1,,true,1,70.90,70.90,false,1,
2395422,true,גבינה צהובה נעם 22% שקיל*,*החברה המרכזית להפצת משקאותבעמ,,,"ק""ג",1,,true,1,42.58,42.58,false,1,
2439240,true,פס גבינה אפויה 500גר,נטו מלינדה סחר בעמ,,,"י""ח",450,ל גרם,false,1,34.90,7.76,false,1,
2507277,true,קציצות דג 700 גרם,נטו מלינדה סחר בעמ,,,"י""ח",700,ל גרם,false,1,28.90,4.13,true,1,
2507284,true,שניצל דג מצופה 700 במבינו,נטו מלינדה סחר בעמ,,,"י""ח",700,ל גרם,false,1,24.90,3.56,false,1,
2507604,true,פיצה השף איטלקית 320ג,נטו מלינדה סחר בעמ,,,"י""ח",320,ל גרם,false,1,17.90,5.59,true,1,
2511229,true,בולגרית מעודנת 16% המושבה,מחלבות המושבה בעמ,,,"ק""ג",1000,ל גרם,true,1,39.90,3.99,false,1,
2511236,true,בולגרית מעודנת 5% המושבה,מחלבות המושבה בעמ,,,"ק""ג",1,,true,1,39.90,39.90,false,1,
2511427,true,אצבעות שוקולד וניל מעדניה,מחלבות המושבה בעמ,,,"ק""ג",1000,ל גרם,true,1,59.90,5.99,false,1,
2512066,true,גחנון אפוי 650 גרם צנעני,א.ג בחירה חכמה בעמ,,,"י""ח",650,ל גרם,false,1,18.90,2.91,false,1,
2512257,true,מלאווח מופחת שומן 700ג צנעני,א.ג בחירה חכמה בעמ,,,"י""ח",700,ל גרם,false,1,16.90,2.41,false,1,
2517801,true,צילי כתוש-חריף(פלפל קיינה )30גרם,תבליני טעם וריח בעמ,,,"י""ח",1,,false,1,5.90,5.90,false,1,
2517863,true,ציפורן טחון 40 גרם,תבליני טעם וריח בעמ,,,"י""ח",1,,false,1,9.90,9.90,false,1,
2542780,true,"בירה סטלה ארטואה 330מ""ל 1/6 בקבוק",תימקו בירה בעמ,,,"י""ח",330,"ל מ""ל",false,1,39.90,11.55,true,1,
2542810,true,"הוגרדן בקבוק 330מ""ל",תימקו בירה בעמ,,,"י""ח",330,"ל מ""ל",false,1,12.90,3.82,true,1,
2577508,true,פילה הרינג בשמן ובצל 240 ג,נטו מלינדה סחר בעמ,,,"י""ח",240,ל גרם,false,1,22.30,9.29,false,1,
2579731,true,"נר נשמה שבועי בזכוכית""שווה""",ח.כהן סוכנות מזון ומשקאות בע,,,"י""ח",1,,false,1,9.90,9.90,false,1,
2603474,true,פיצה שף שגב רוטב פטריות טעם ממהין200ג,נטו מלינדה סחר בעמ,,,"י""ח",200,ל גרם,false,1,16.90,8.45,true,1,
2603634,true,"משולש זיתים דק תפזורת בעל""ז",נטו מלינדה סחר בעמ,,,"י""ח",1,"י""ח",false,1,2.90,2.90,true,1,
2608509,true,לחם מחמצת זיתי קלמטה 530גר,ג נרל מילס ישראל בעמ,,,"י""ח",530,ל גרם,false,1,16.90,3.19,false,1,
2628170,true,צלי כתף מס 5 חלק ג.חול פרגוואי.,בלדי בעמ,,,"ק""ג",1,"ק""ג",true,1,79.90,79.90,true,1,
2661535,true,"פירורי לחם זהוב 1ק""ג",י.את א. ברמן בעמ,,,"י""ח",1,"ק""ג",false,1,14.90,14.90,false,1,
2692768,true,תרסיס שמן קנולה מזוכך ללא תוספת גז 200,סוגת תעשיות בעמ,,,"י""ח",200,"ל מ""ל",false,1,15.90,7.95,false,1,
2692782,true,תרסיס טעם זית כתית מעולה ללא תוספת גז1,סוגת תעשיות בעמ,,,"י""ח",200,"ל מ""ל",false,1,15.90,7.95,false,1,
2730903,true,סבון מוצק ורדים פלמוליב 4יח,ש.שסטוביץ בעמ,,,"י""ח",360,ל גרם,false,1,16.90,4.69,true,1,
2750840,true,חליות,ג נרל מילס ישראל בעמ,,,"י""ח",100,ל גרם,false,1,2.90,2.90,false,1,
2750925,true,חצי בגט כפרי,ג נרל מילס ישראל בעמ,,,"י""ח",1,,false,1,3,3,false,1,
2750963,true,בגט רוסטיק פילסברי,ג נרל מילס ישראל בעמ,,,"י""ח",1,,false,1,7.90,7.90,true,1,
2757139,true,מלוואח 700 גר`שלושת האופים,נטו מלינדה סחר בעמ,,,"י""ח",700,ל גרם,false,1,17.90,2.56,true,1,
2757511,true,קציצת דג לבישול 750גר`,נטו מלינדה סחר בעמ,,,"י""ח",750,"ל מ""ל",false,1,28.90,3.85,true,1,
2757726,true,בורקס גבינה 700 ג`,נטו מלינדה סחר בעמ,,,"י""ח",700,ל גרם,false,1,19.90,2.84,false,1,
2757740,true,"בורקס תפו""א 700 ג` סדרה אדומה",נטו מלינדה סחר בעמ,,,"י""ח",700,ל גרם,false,1,14.90,2.13,false,1,
2787761,true,גבינה צהובה עלמה שקיל *26%,נטו מלינדה סחר בעמ,,,"ק""ג",1000,ל גרם,true,1,29,2.90,false,1,
2787884,true,"מקלות בורקס פילו תפו""א 650גר`",נטו מלינדה סחר בעמ,,,"י""ח",650,ל גרם,false,1,21.90,3.37,true,1,
2909804,true,פילה בקלה(מרלוזה)ארוז ללא עור.,בלדי בעמ,,,"ק""ג",1,"ק""ג",true,1,31,31,false,1,
2909880,true,פולי סויה אדממה 400גר,בלדי בעמ,,,"י""ח",400,ל גרם,false,1,8.90,2.23,true,1,
2919179,true,פילה אמנון בלדי,בלדי בעמ,,,"ק""ג",1,"ק""ג",true,1,32.90,32.90,false,1,
2929642,true,טונה מארז 4 יח }ויליגיר{ 140גר,נטו מלינדה סחר בעמ,,,"י""ח",560,ל גרם,false,1,20.90,3.73,true,1,
2929734,true,"~גפילטע פיש 570 גר` קציצות קרפיון בד""ץ",נטו מלינדה סחר בעמ,,,"י""ח",570,ל גרם,false,1,12.90,2.26,false,1,
2971191,true,"קמח חיטה לבן שטיבל 1ק""ג",טחנות קמח שטיבל בש בעמ,,,"י""ח",1,"ק""ג",false,1,4,4,true,1,
2971955,true,"קמח לבן 650 ללא צורך בניפוי 1ק""ג שטיבל",ח.כהן סוכנות מזון ומשקאות בע,,,"י""ח",1,"ק""ג",false,1,8.90,8.90,false,1,
2971962,true,"קמח מלא 100% 1ק""ג ללא צורך בניפוי",ח.כהן סוכנות מזון ומשקאות בע,,,"י""ח",1,"ק""ג",false,1,8.90,8.90,false,1,
2971986,true,קמח שיפון ללא צורך בניפוי,ח.כהן סוכנות מזון ומשקאות בע,,,"י""ח",1,"ק""ג",false,1,8.90,8.90,false,1,
2972006,true,"קמח בהיר 405 ללא צורך בניפוי 1ק""ג שטיב",ח.כהן סוכנות מזון ומשקאות בע,,,"י""ח",1,"ק""ג",false,1,8.90,8.90,false,1,
2972365,true,"קמח תופח ללא צורך בניפוי 1ק""ג",ח.כהן סוכנות מזון ומשקאות בע,,,"י""ח",1,"ק""ג",false,1,8.90,8.90,false,1,
2972426,true,"קמח מלא 80% ללא צורך בניפוי 1ק""ג",ח.כהן סוכנות מזון ומשקאות בע,,,"י""ח",1,"ק""ג",false,1,8.90,8.90,false,1,
2973812,true,"קמח כוסמין 80% ללא צורך בניפוי 1ק""ג",ח.כהן סוכנות מזון ומשקאות בע,,,"י""ח",1,"ק""ג",false,1,15.90,15.90,false,1,
2973829,true,"קמח כוסמין לבן ללא צורך בניפוי 1ק""ג.",ח.כהן סוכנות מזון ומשקאות בע,,,"י""ח",1,"ק""ג",false,1,15.90,15.90,false,1,
2974116,true,קמח כפרי שטיבל ללא צ.בניפוי,ח.כהן סוכנות מזון ומשקאות בע,,,"י""ח",1,"ק""ג",false,1,8.90,8.90,false,1,
2974222,true,קמח עוגיות 4 שטיבל ללא צ.בניפוי,ח.כהן סוכנות מזון ומשקאות בע,,,"י""ח",1,"ק""ג",false,1,7.90,7.90,false,1,
2974239,true,קמח עוגיות 5 שטיבל ללא צ.בניפוי,ח.כהן סוכנות מזון ומשקאות בע,,,"י""ח",1,"ק""ג",false,1,7.90,7.90,false,1,
2974314,true,קמח פיצה שטיבל ללא צ.בניפוי,ח.כהן סוכנות מזון ומשקאות בע,,,"י""ח",1,"ק""ג",false,1,10.90,10.90,false,1,
3060283,true,"7290003060283קמח תופח מעושר בחנקן 1ק""ג",טחנות ישראליות בעמ,,,"י""ח",1,"ק""ג",false,1,8.90,8.90,true,1,
3069156,true,פילה דג סלמון קפוא V,נטו מלינדה סחר בעמ,,,"ק""ג",1,"ק""ג",true,1,79.90,79.90,false,1,
3069590,true,"סול פילה ארוז 1ק""ג.",נטו מלינדה סחר בעמ,,,"י""ח",1,"ק""ג",false,1,36.90,36.90,false,1,
3069705,true,"פיצה אישית גבינה דקה תפזורת בעל""ז",נטו מלינדה סחר בעמ,,,"י""ח",1,"י""ח",false,1,2.90,2.90,true,1,
3072606,true,נקניקיות עוף מיני 350ג,תנובה בשר,,,"י""ח",350,ל גרם,false,1,14.90,4.26,false,1,
3072804,true,פסטרמה של פעם 200ג,תנובה בשר,,,"י""ח",200,ל גרם,false,1,21.90,10.95,false,1,
3072859,true,רוסטביף 120ג טירת צבי,תנובה בשר,,,"י""ח",120,ל גרם,false,1,23.90,19.92,false,1,
3102136,true,צמר גפן רפואי,אינטרסן (1996) בעמ,,,"י""ח",1,,false,1,5.50,5.50,false,1,
3118113,true,מארז פיתות ביס לבן,מאפיית דואט בעמ,,,"י""ח",700,ל גרם,false,1,14.90,2.13,false,1,
3141159,true,יוגטה מרשמלו 180ג,ליימן שליסל,,,"י""ח",180,ל גרם,false,1,8.90,4.94,true,1,
3143276,true,יוגטה מרשמלו מגולגל 180ג,ליימן שליסל,,,"י""ח",180,ל גרם,false,1,8.90,4.94,true,1,
3144310,true,תערובת אגוזים וחמוציות 150ג,ליימן שליסל,,,"י""ח",150,ל גרם,false,1,16.90,11.27,false,1,
3144679,true,הוטפופ 5(בדלי) שקיות עם מלח,ליימן שליסל,,,"י""ח",500,ל גרם,false,1,16.90,3.38,true,1,
3145782,true,צנובר טבעי 100גר`,ליימן שליסל,,,"י""ח",100,ל גרם,false,1,24.90,24.90,false,1,
3189045,true,הולנדי כפיר-א. חלב נוכרי,גבינות הכפר בעמ,,,"ק""ג",1,,true,1,37.90,37.90,false,1,
3189199,true,צהובה חריפה במשקל-א.חלב נוכרי,גבינות הכפר בעמ,,,"ק""ג",1,,true,1,33.90,33.90,false,1,
3189274,true,צהובה מעושן חלב נוכרי במשקל,גבינות הכפר בעמ,,,"ק""ג",1,"י""ח",true,1,39.90,39.90,false,1,
3189380,true,צהובה שום שמיר במשקל חלב נוכרי,גבינות הכפר בעמ,,,"ק""ג",1,,true,1,35.90,35.90,false,1,
3196117,true,בייגלה,****דין שיווק וקליה 2021 בעמ,,,"י""ח",1,,false,1,4.30,4.30,false,1,
3224104,true,כיסונים כרוב 800ג,מאמא מרי בעמ,,,"י""ח",800,ל גרם,false,1,19.90,2.49,false,1,
3224128,true,"כיסוני תפו""א 800ג",מאמא מרי בעמ,,,"י""ח",800,ל גרם,false,1,17.90,2.24,false,1,
3224135,true,כיסוני בשר 800ג,מאמא מרי בעמ,,,"י""ח",800,ל גרם,false,1,23.90,2.99,false,1,
3224142,true,"בלינצס תפו""א פטריות 7יח",מאמא מרי בעמ,,,"י""ח",7,"י""ח",false,1,18.90,2.70,false,1,
3224463,true,"כיסוני בשר אוקראיני 1ק""ג",מאמא מרי בעמ,,,"י""ח",1,"ק""ג",false,1,28.90,28.90,false,1,
3229123,true,פסטרמה על גחלים,תנובה בשר,,,"י""ח",400,ל גרם,false,1,27.90,6.98,true,1,
3229222,true,סלמי תה משובח 300גר`,תנובה בשר,,,"י""ח",300,ל גרם,false,1,23.90,7.97,false,1,
3251308,true,אציטון,ציון תורגמן בעמ,,,"י""ח",100,"ל מ""ל",false,1,4.90,4.90,false,1,
3287260,true,צ`וריסוס ארוז 600גרם,בלדי בעמ,,,"י""ח",600,ל גרם,false,1,31.90,5.32,false,1,
3287956,true,פילה לברק יפני 5-7 וואקום בלדי.,בלדי בעמ,,,"ק""ג",1,"ק""ג",true,1,49.90,49.90,false,1,
3400500,true,חטיף קרמל עם בוטנים נטרייג`ס 47גר,ליימן שליסל,,,"י""ח",47,ל גרם,false,1,4.90,10.43,false,1,
3402809,true,חטיף שוקולד לבן ריזס 39גר.,ליימן שליסל,,,"י""ח",39,ל גרם,false,1,3.90,10,false,1,
3423909,true,חטיף שוקולד לבן קוקיז אנד קרים 43גר,ליימן שליסל,,,"י""ח",43,ל גרם,false,1,4.90,11.40,false,1,
3444009,true,חטיף שוקולד לבן ריזס 42גר,ליימן שליסל,,,"י""ח",43,ל גרם,false,1,4.90,11.40,false,1,
3451555,true,שריר בשר מס `8מוכשר.,בלדי בעמ,,,"ק""ג",1,"ק""ג",true,1,29.90,29.90,false,1,
3514007,true,שקדי מרק 400 גר`MANA,ש.שסטוביץ בעמ,,,"י""ח",400,ל גרם,false,1,9.90,2.48,true,1,
3526871,true,פטריות חתוך מארז שלשות,נטו מלינדה סחר בעמ,,,"י""ח",290,ל גרם,false,1,11.90,4.10,false,1,
3550937,true,רגל פרוסה במגש.,נטו מלינדה סחר בעמ,,,"ק""ג",1,,true,1,39.90,39.90,false,1,
3578085,true,גבינת מוצרלה %21שומן למעדניות,ג.וילי פוד אינטרנשיונל בעמ,,,"ק""ג",1,,true,1,69,69,false,1,
3598311,true,מינוט סטייק דקדק 100% בשר 300גרם,בלדי בעמ,,,"י""ח",300,ל גרם,false,1,25.90,8.63,false,1,
3648207,true,מטיאס שקיל,סלטי שמיר2006בעמ,,,"ק""ג",1,"ק""ג",true,1,55,55,false,1,
3648306,true,מקרל מעושן שקילה,סלטי שמיר2006בעמ,,,"ק""ג",1,"ק""ג",true,1,81.90,81.90,false,1,
3726592,true,טופו ויילר 300גר טעם פסטו,"שטראוס גרופ ***בע""מ",,,"י""ח",300,ל גרם,false,1,13,4.33,false,1,
3726615,true,טופו ויילר 300גר,"שטראוס גרופ ***בע""מ",,,"י""ח",300,ל גרם,false,1,13,4.33,false,1,
3976560,true,"מטהר אוויר מיסטרי 250מ""ל טאץ",סאסאטק אגשח בעמ,,,"י""ח",250,"ל מ""ל",false,1,12.90,5.16,false,1,
3976683,true,"תרסיס חיטוי 400מ""ל טאצ`",סאסאטק אגשח בעמ,,,"י""ח",400,"ל מ""ל",false,1,19.90,4.98,false,1,
3976768,true,"מרסס מסיר כתמים אוקסי פאואר 750מ""ל טאצ",סאסאטק אגשח בעמ,,,"י""ח",750,"ל מ""ל",false,1,12.90,1.72,false,1,
3996445,true,עלי פאקצ`וי כפר טרי,יעל ירק עלים לשיווק בעמ,,,"י""ח",1,,false,1,13.90,13.90,false,1,
3996568,true,חסה לאליק כפר טרי,יעל ירק עלים לשיווק בעמ,,,"י""ח",1,,false,1,13.90,13.90,false,1,
4003004,true,חצי בגט חיטה מלאה,מאפיית אריאל,,,"י""ח",260,ל גרם,false,1,2.50,0.96,false,1,
4011284,true,"בסיס להכנת קצפת 212מ""ל",נטו מלינדה סחר בעמ,,,"י""ח",212,"ל מ""ל",false,1,9.90,4.67,true,1,
4011291,true,"בסיס להכנת קצפת 425מ""ל",נטו מלינדה סחר בעמ,,,"י""ח",425,"ל מ""ל",false,1,12.90,3.04,false,1,
4011338,true,"קצפת 250מ""ל",נטו מלינדה סחר בעמ,,,"י""ח",250,"ל מ""ל",false,1,9.90,3.96,false,1,
4011345,true,"קצפת ריצ`פרווה במיכל 250 מ""ל",נטו מלינדה סחר בעמ,,,"י""ח",250,"ל מ""ל",false,1,9.90,3.96,false,1,
4011352,true,"בסיס להכנת קצפת 212מ""ל מארז 3יח",נטו מלינדה סחר בעמ,,,"י""ח",3,"י""ח",false,1,21.90,7.30,false,1,
4026851,true,בייגלה רומני,ג נרל מילס ישראל בעמ,,,"י""ח",150,ל גרם,false,1,4.50,3,true,1,
4030100,true,מיץ תפוזים סחוט 1ל פריניב,תנובה בעמ ***,,,"י""ח",1,ליטר,false,1,13.90,13.90,false,1,
4030223,true,מיץ תפוח 1 ליטר סחוט 100%,תנובה בעמ ***,,,"י""ח",1,ליטר,false,1,20,20,true,1,
4030445,true,מיץ תפוזים 1 ליטר,תנובה בעמ ***,,,"י""ח",1,ליטר,false,1,13.90,13.90,false,1,
4030544,true,מיץ לימונענע 1 ליטר,תנובה בעמ ***,,,"י""ח",1,ליטר,false,1,15.60,15.60,true,1,
4030612,true,"מיץ קיווי אגס 90% מיץ 1ל ללא""ס",תנובה בעמ ***,,,"י""ח",1,ליטר,false,1,13.20,13.20,true,1,
4030728,true,"מיץ לימון 100% 250 מ""ל מחנה יהודה",פריניב סחר והפצה בעמ,,,"י""ח",250,"ל מ""ל",false,1,7.90,3.16,true,1,
4033712,true,לחם עננים מקמח מלא עם פרוסות 750גר,י.את א. ברמן בעמ,,,"י""ח",750,ל גרם,false,1,13.90,1.85,false,1,
4033736,true,לחם עננים בסגנון בריוש,י.את א. ברמן בעמ,,,"י""ח",500,ל גרם,false,1,14.50,2.90,false,1,
4063016,true,"מלח שולחן 1 ק""ג*",סוגת תעשיות בעמ,,,"י""ח",1,"ק""ג",false,1,1.70,1.70,false,1,
4064105,true,מטחנה מלח עשבי תיבול,סוגת תעשיות בעמ,,,"י""ח",400,ל גרם,false,1,15.90,3.98,false,1,
4064174,true,"מלח דק 1 ק""ג צנצנת ההימלאיה",סוגת תעשיות בעמ,,,"י""ח",1,"ק""ג",false,1,17.90,17.90,false,1,
4064297,true,"מלח מאושר ביוד צנצנת 1ק""ג",סוגת תעשיות בעמ,,,"י""ח",1,"ק""ג",false,1,9.90,9.90,false,1,
4064358,true,"מלח דק זורם בקלות 1ק""ג קרטון",סוגת תעשיות בעמ,,,"י""ח",1,"ק""ג",false,1,5.50,5.50,false,1,
4068172,true,יוגורט עזים דלי 600ג 5%,מחלבות גד,,,"י""ח",600,ל גרם,false,1,19.10,3.18,true,1,
4068424,true,גאודה גלגל משולש שקיל גד,מחלבות גד,,,"ק""ג",1,,true,1,109.90,109.90,false,1,
4068585,true,גאודה עיזים משולשים שקיל גד,מחלבות גד,,,"ק""ג",1,,true,1,134,134,false,1,
4078263,true,צימרוני אוזניים בלונס,ש.שסטוביץ בעמ,,,"י""ח",1,,false,1,11.90,11.90,false,1,
4135324,true,בולגרית מעודנת,תנובה בעמ ***,,,"ק""ג",1,"ק""ג",true,1,52,52,false,1,
4136291,true,צפתית מעודנת פיראוס (5%שקיל).,תנובה בעמ ***,,,"ק""ג",1,"ק""ג",true,1,55,55,false,1,
4150112,true,חומוס מזרחי פיקנטי פרמיום 300ג,סלטי שמיר2006בעמ,,,"י""ח",300,ל גרם,false,1,16.90,5.63,true,1,
4150129,true,טחינה פיקנטי פרמיום 300ג,סלטי שמיר2006בעמ,,,"י""ח",300,ל גרם,false,1,16.90,5.63,true,1,
4150143,true,חציל במיונז פיקנטי פרמיום 300ג,סלטי שמיר2006בעמ,,,"י""ח",300,ל גרם,false,1,16.90,5.63,true,1,
4150150,true,חציל בטחינה פיקנטי פרמיום 300ג,סלטי שמיר2006בעמ,,,"י""ח",300,ל גרם,false,1,16.90,5.63,true,1,
4150167,true,"תפו""א במיונז פיקנטי פרמיום 300ג",סלטי שמיר2006בעמ,,,"י""ח",300,ל גרם,false,1,16.90,5.63,true,1,
4150235,true,חומוס עם חריף פיקנטי פרמיום 300ג,סלטי שמיר2006בעמ,,,"י""ח",300,ל גרם,false,1,16.90,5.63,true,1,
4150280,true,חומוס עם לימון כבוש פיקנטי פרמיום 300ג,סלטי שמיר2006בעמ,,,"י""ח",300,ל גרם,false,1,15.90,5.30,true,1,
4150365,true,חומוס בטטה פיקנטי פרמיום 300ג,סלטי שמיר2006בעמ,,,"י""ח",300,ל גרם,false,1,16.90,5.63,true,1,
4165017,true,"רסק תפו""ע דל קלוריות 560גר.",זנלכל בעמ,,,"י""ח",560,ל גרם,false,1,8.90,1.59,false,1,
4225285,true,דנאבלו 100גר נטו,נטו מלינדה סחר בעמ,,,"י""ח",100,ל גרם,false,1,12.10,12.10,false,1,
4225872,true,"קרם קוקוס 400מ""ל ויליגר",נטו מלינדה סחר בעמ,,,"י""ח",400,"ל מ""ל",false,1,6.90,1.73,false,1,
4228804,true,עלי בצק למילוי סיגרים 450 ג`,נטו מלינדה סחר בעמ,,,"י""ח",450,ל גרם,false,1,13.90,3.09,false,1,
4230104,true,קציצות בקר ברוטב עגבניות שגב 800גר,נטו מלינדה סחר בעמ,,,"י""ח",800,ל גרם,false,1,29.90,3.74,true,1,
4230371,true,מקלות בורקס פילו פיצה 600 גרם,נטו מלינדה סחר בעמ,,,"י""ח",600,ל גרם,false,1,21.90,3.65,true,1,
4255428,true,"נר נשמה פחית מנורה ""שווה""",ח.כהן סוכנות מזון ומשקאות בע,,,"י""ח",1,,false,1,2.90,2.90,true,1,
4256180,true,גבינה גאודה נטו.,נטו מלינדה סחר בעמ,,,"ק""ג",1,"ק""ג",true,1,89.90,89.90,false,1,
4256197,true,גבינת עיזים הולנד נטו,נטו מלינדה סחר בעמ,,,"ק""ג",1,"ק""ג",true,1,139,139,false,1,
4257101,true,אנטריקוט דק דק 250ג עטרה,נטו מלינדה סחר בעמ,,,"י""ח",250,ל גרם,false,1,29.90,11.96,false,1,
4257118,true,מילנסה דק דק 250ג עטרה,נטו מלינדה סחר בעמ,,,"י""ח",250,ל גרם,false,1,29.90,11.96,false,1,
4257125,true,סינטה דק דק 250ג עטרה,נטו מלינדה סחר בעמ,,,"י""ח",250,ל גרם,false,1,19.90,7.96,false,1,
4685010,true,לחם קל 100%,י.את א. ברמן בעמ,,,"י""ח",750,ל גרם,false,1,16.50,2.20,false,1,
4685027,true,לחם קל מחיטה מלאה 500גר,י.את א. ברמן בעמ,,,"י""ח",500,ל גרם,false,1,15.90,3.18,false,1,
4685089,true,לחם חמניות 750 גר`ברמן,י.את א. ברמן בעמ,,,"י""ח",750,ל גרם,false,1,16.50,2.20,false,1,
4685447,true,לחמניות כוסמין 6 בשקית,י.את א. ברמן בעמ,,,"י""ח",450,ל גרם,false,1,14.90,3.31,false,1,
4685454,true,לחם שיבולת שועל 500ג,י.את א. ברמן בעמ,,,"י""ח",500,ל גרם,false,1,17.90,3.58,false,1,
4731564,true,מבשם ומרכך למייבש כביסה כחול,החב הדרומית לשיווק,,,"י""ח",750,"ל מ""ל",false,1,19.90,2.65,true,1,
4861025,true,בולגרית מסורתית שקיל 5% המושבה,מחלבות המושבה בעמ,,,"ק""ג",10,"ק""ג",true,1,49.90,4.99,false,1,
4861056,true,צפתית טבעי המושבה שקילה 5%.,מחלבות המושבה בעמ,,,"ק""ג",1000,ל גרם,true,1,49,4.90,false,1,
4861285,true,טבורוג המושבה שקילה 5%,מחלבות המושבה בעמ,,,"ק""ג",1,"ק""ג",true,1,29.90,29.90,false,1,
4982393,true,ברס בלו-א.חלב נוכרי,א. סיימן סחר בעמ,,,"ק""ג",1,"ק""ג",true,1,180,180,true,1,
5079290,true,חריץ גבינה נעם 15% שקיל,*החברה המרכזית להפצת משקאותבעמ,,,"ק""ג",1,,true,1,66.90,66.90,false,1,
5079412,true,אמנטל נעם חריץ מעדניה.,*החברה המרכזית להפצת משקאותבעמ,,,"ק""ג",200,ל גרם,true,1,59.90,29.95,false,1,
5100088,true,בייגל בצל,ג נרל מילס ישראל בעמ,,,"י""ח",1,,false,1,4.30,4.30,false,1,
5113222,true,מיקס זיתים 2 A יבנה,קבוצת יבנה מוצרי מזון בעמ,,,"י""ח",1,,false,1,9.80,9.80,true,1,
5326523,true,אוליביה פסטו פטרוזיליה ונענע 180גר,תה ויסוצקי (ישראל)בעמ,,,"י""ח",180,ל גרם,false,1,13.90,7.72,true,1,
5358883,true,שריר בשר מס `8 חלק.,נטו מלינדה סחר בעמ,,,"ק""ג",1,,true,1,32.90,32.90,false,1,
5384295,true,גבינת גאודה חצי קשה שקיל,ג.וילי פוד אינטרנשיונל בעמ,,,"ק""ג",1,,true,1,30,30,false,1,
5384899,true,בסגנון פטה ים תיכונית 19%שומן שקיל,ג.וילי פוד אינטרנשיונל בעמ,,,"ק""ג",1,,true,1,22.90,22.90,true,1,
5387043,true,צלעות מס 2 חלק רבנות,בלדי בעמ,,,"ק""ג",1,"ק""ג",true,1,34.90,34.90,true,1,
5424021,true,ריפרש מנטרל ריחות פרשם הום,החב הדרומית לשיווק,,,"י""ח",350,"ל מ""ל",false,1,14.90,4.26,false,1,
5431883,true,מלבי חלבי 165ג. תנובה,תנובה בעמ ***,,,"י""ח",165,"ל מ""ל",false,1,7.90,4.79,false,1,
5431913,true,עוגת גבינה פירורים 92ג(. תנובה),תנובה בעמ ***,,,"י""ח",92,"ל מ""ל",false,1,7.70,8.37,false,1,
5431968,true,מלבי שמנת 150ג,תנובה בעמ ***,,,"י""ח",150,"ל מ""ל",false,1,7.60,5.07,false,1,
5559907,true,פיצה משפחתית גבינה 500 ג מעדנות,תנובה בשר,,,"י""ח",500,ל גרם,false,1,25.50,5.10,true,1,
5559990,true,בצק פילאס טורקי,תנובה בשר,,,"י""ח",600,ל גרם,false,1,22.90,3.82,false,1,
5678417,true,ענבים טלי לבן,ביכורי השדה צפון 1994 ג.ד. בעמ,,,"ק""ג",1,,true,1,24.90,24.90,false,1,
5778711,true,מעטפות מכתב,צבע ומכחול (2014) בעמ,,,"י""ח",1,,false,1,5.90,5.90,false,1,
5896439,true,"מכבי בקבוק}חוזר {500מ""ל",טמפו משקאות בעמ,,,"י""ח",500,"ל מ""ל",false,1,6.60,1.08,false,1,
5896453,true,"מכבי 7.9% 500מ""ל בקבוק חוזר",טמפו משקאות בעמ,,,"י""ח",500,"ל מ""ל",false,1,7.30,1.22,false,1,
5896637,true,סן בנדטו כחול בודד 1.5 ליטר,טמפו משקאות בעמ,,,"י""ח",1.50,ליטר,false,1,3.80,2.33,false,1,
5966033,true,"יין הר חרמון לבן 750 מ""ל",היכל היין שקד גולן בעמ,,,"י""ח",750,"ל מ""ל",false,1,36.90,4.88,true,1,
5966088,true,"~יין הר חרמון אדום 750 מ""ל.",היכל היין שקד גולן בעמ,,,"י""ח",750,"ל מ""ל",false,1,36.90,4.88,true,1,
5996740,true,סלמי פפרוני 300ג,מעדני יחיעם 1993 בעמ,,,"י""ח",300,ל גרם,false,1,24.90,8.30,true,1,
6271174,true,ג חנון בצק}מעדנות 700 ג,תנובה בשר,,,"י""ח",700,ל גרם,false,1,18.90,2.70,false,1,
6421511,true,"פריגת לימונענע 280מ""ל קפוא",*החברה המרכזית להפצת משקאותבעמ,,,"י""ח",280,ל גרם,false,1,10.90,3.89,false,1,
6496294,true,"רכז רימונים 350מ""ל",ציון תורגמן בעמ,,,"י""ח",350,"ל מ""ל",false,1,11.90,3.40,false,1,
6511010,true,פרמזנו(שקיל),ג.וילי פוד אינטרנשיונל בעמ,,,"ק""ג",200,ל גרם,true,1,86.90,43.45,false,1,
6511706,true,גבינת גאודה עם כמון שקיל,ג.וילי פוד אינטרנשיונל בעמ,,,"ק""ג",1,"ק""ג",true,1,110,110,true,1,
6511904,true,כדורי גבינת אדם למעדניה,ג.וילי פוד אינטרנשיונל בעמ,,,"ק""ג",1,"ק""ג",true,1,65.90,65.90,false,1,
6582539,true,חמוציות 250ג,דין שיווק וקליה 2021 בעמ,,,"י""ח",250,ל גרם,false,1,11.90,4.76,false,1,
6681003,true,קרמיסימו 1.33 ל סורבט,גלידות שטראוס בעמ,,,"י""ח",1,,false,1,18.90,18.90,false,1,
6681577,true,אסקימו לימון+דובדבן 8+2 שטראוס,גלידות שטראוס בעמ,,,"י""ח",10,"י""ח",false,1,19.50,1.95,false,1,
6738615,true,קבב זהב 400גר`,זוגלובק שיווק בעמ,,,"י""ח",400,ל גרם,false,1,22.90,5.73,true,1,
6739124,true,בצק פילאס 500גר זוגלובק,זוגלובק שיווק בעמ,,,"י""ח",500,ל גרם,false,1,17.90,3.58,true,1,
6739131,true,בצק פילו 500גר זוגלובק,זוגלובק שיווק בעמ,,,"י""ח",500,ל גרם,false,1,14.90,2.98,true,1,
6739247,true,פסטרמה איטלקית(שקיל) זוגלובק,זוגלובק שיווק בעמ,,,"ק""ג",1,,true,1,76.90,76.90,true,1,
6739292,true,פסטרמה תבור 330 ג,זוגלובק שיווק בעמ,,,"י""ח",330,ל גרם,false,1,26.90,8.15,true,1,
6739407,true,שניצל תירס לייט 600גר`,זוגלובק שיווק בעמ,,,"י""ח",600,ל גרם,false,1,25.90,4.32,true,1,
6739421,true,מעושן איטלקי 300גר`,זוגלובק שיווק בעמ,,,"י""ח",300,ל גרם,false,1,26.90,8.97,true,1,
6739445,true,שניצל תירס קלאסי 750גר`,זוגלובק שיווק בעמ,,,"י""ח",750,ל גרם,false,1,27.90,3.72,true,1,
6739544,true,כתף בקר 300גר`,זוגלובק שיווק בעמ,,,"י""ח",300,ל גרם,false,1,31.90,10.63,true,1,
6742278,true,פסטרממיה צלויה על לבנים 330גר`,זוגלובק שיווק בעמ,,,"י""ח",330,ל גרם,false,1,26.90,8.15,true,1,
6742292,true,פסטרממיה בדבש 330גר`,זוגלובק שיווק בעמ,,,"י""ח",330,ל גרם,false,1,26.90,8.15,true,1,
6742315,true,חזה הודו ברביקיו 330גר`,זוגלובק שיווק בעמ,,,"י""ח",330,ל גרם,false,1,26.90,8.15,true,1,
6764065,true,נשר מאלט }500 חוזר{,טמפו משקאות בעמ,,,"י""ח",500,"ל מ""ל",false,1,5.50,0.86,true,1,
6764072,true,"גולדסטאר 500 מ""ל}חוזר{",טמפו משקאות בעמ,,,"י""ח",500,"ל מ""ל",false,1,7.90,1.34,false,1,
6764157,true,"בירה גולדסטאר לא מסונן חוזר 500מ""ל",טמפו משקאות בעמ,,,"י""ח",500,"ל מ""ל",false,1,7.90,1.34,false,1,
6764485,true,נשר מאלט 330 שישיה,טמפו משקאות בעמ,,,"י""ח",1.98,ליטר,false,1,30.90,14.70,false,1,
6775801,true,רוגלך 400גרם,אחדות בעמ,,,"י""ח",400,ל גרם,false,1,13.90,3.48,false,1,
6805362,true,חצי בגט מאפית אפיה מקומית.,ג נרל מילס ישראל בעמ,,,"י""ח",1,,false,1,3.30,3.30,true,1,
6805386,true,שליש בגאט כפרי,ג נרל מילס ישראל בעמ,,,"י""ח",1,,false,1,2.50,2.50,false,1,
6806444,true,בייגל אמריקאי,לפ לפ פילסברי,,,"י""ח",1,,false,1,4.50,4.50,true,1,
6822192,true,אושן ספריי דיאט חמוציות 1ליטר,החברה המרכזית להפצת משקאות בעמ,,,"י""ח",1000,"ל מ""ל",false,1,11,1.07,false,1,
6941466,true,שמן קנולה 1 ליטר שווה,ח.כהן סוכנויות מזון ומשקאות***,,,"י""ח",1,ליטר,false,1,10.90,10.90,false,1,
8000796,true,סופרמן משחת שיניים לילדים,גורי ע.ע.ע. בעמ,,,"י""ח",1,,false,1,10.90,10.90,false,1,
8101318,true,קריספי פירורי לחם זהוב 300גר,א.ל.יצור ושיווקתבלינים בעמ,,,"י""ח",300,ל גרם,false,1,6.90,2.30,true,1,
8104050,true,לקטופיל פמינה 220,גורי ע.ע.ע. בעמ,,,"י""ח",220,"ל מ""ל",false,1,23.90,10.86,false,1,
8175760,true,גבינת מנצ`יגו(חלב כבשים)למעדניה,ג.וילי פוד אינטרנשיונל בעמ,,,"ק""ג",1,"ק""ג",true,1,99,99,true,1,
8175814,true,"פטריות חתוך 400 גרם 8""",ג.וילי פוד אינטרנשיונל בעמ,,,"י""ח",400,ל גרם,false,1,5.40,1.35,false,1,
8175906,true,גבינה עיזים שקיל,ג.וילי פוד אינטרנשיונל בעמ,,,"ק""ג",1,"ק""ג",true,1,132,132,false,1,
8211145,true,גבינה גאודה נטו.,א. סיימן סחר בעמ,,,"ק""ג",4.50,"ק""ג",true,1,99,22,true,1,
8403917,true,גאודה פסטו ירוק שקיל,א. סיימן סחר בעמ,,,"ק""ג",1,,true,1,144,144,true,1,
8409049,true,מיני מיני שניצלונים בציפוי שומשום,תנובה בשר,,,"י""ח",1,,false,1,29.50,29.50,false,1,
8409216,true,.שניצל דק דק פריך 700גר`,תנובה בשר,,,"י""ח",700,ל גרם,false,1,42.90,6.13,false,1,
8409315,true,מיני מיני שניצלונים בציפוי פריך 500ג,תנובה בשר,,,"י""ח",1,,false,1,29.50,29.50,false,1,
8409407,true,שניצל דק בציפוי צ`יפס 700גר`,תנובה בשר,,,"י""ח",700,ל גרם,false,1,42.90,6.13,false,1,
8464024,true,"7290002543גולדסטאר פחית 500 מ""ל לט מסונן",טמפו משקאות בעמ,,,"י""ח",500,"ל מ""ל",false,1,9,1.74,false,1,
8464222,true,"מכבי 7.9% 500מ""ל פחית",טמפו משקאות בעמ,,,"י""ח",0.50,ליטר,false,1,8,15.40,false,1,
8464611,true,"סודה טמפו 275 מ""ל.",טמפו משקאות בעמ,,,"י""ח",275,"ל מ""ל",false,1,3.50,1.16,true,1,
8464673,true,"גולדסטאר פחית 500 מ""ל Slowbrew 10%",טמפו משקאות בעמ,,,"י""ח",500,"ל מ""ל",false,1,8.50,1.64,false,1,
8464741,true,גולדסטאר 330 מייל שישייה.,טמפו משקאות בעמ,,,"י""ח",1980,"ל מ""ל",false,1,33.90,1.62,true,1,
8464796,true,היינקן שישיה}בקבוק 330 מייל,טמפו משקאות בעמ,,,"י""ח",1.98,ליטר,false,1,39.90,19.24,true,1,
8466806,true,מארז שניק וניל 500ג מחנה יהודה,הלל בן הלל שיווק ומסחר בעמ,,,"י""ח",500,ל גרם,false,1,17.90,3.58,true,1,
8493710,true,פירורי גריסיני זהב 200ג,דנשר (1963) בעמ,,,"י""ח",200,ל גרם,false,1,6.90,3.45,false,1,
8631952,true,כנפיים לחמין לנדא}קפוא{,נטו מלינדה סחר בעמ,,,"ק""ג",1,"ק""ג",true,1,10.90,10.90,false,1,
8747547,true,"תפוצ יפס קראנץ טבעי 200ג כשל""פ","שטראוס פריטו ליי בע""מ",,,"י""ח",200,ל גרם,false,1,11.50,5.75,true,1,
8801522,true,K.D קונקורד,אגודת הכורמים,,,"י""ח",750,"ל מ""ל",false,1,21.90,2.88,true,1,
8801539,true,K.D כרמל 120.,אגודת הכורמים,,,"י""ח",750,"ל מ""ל",false,1,21.90,2.88,true,1,
8801546,true,K.D מוסקט כרמל 0.75 ל,אגודת הכורמים,,,"י""ח",750,"ל מ""ל",false,1,21.90,2.88,true,1,
8801843,true,סלקטד קברנה סובניון 0.75,אגודת הכורמים,,,"י""ח",750,"ל מ""ל",false,1,29.90,3.95,true,1,
8801850,true,סלקטד ריזלינג 0.75 ל,אגודת הכורמים,,,"י""ח",750,"ל מ""ל",false,1,29.90,3.95,true,1,
8802291,true,"PC מרלו פ.קולקשיין 750מ""ל",אגודת הכורמים,,,"י""ח",750,"ל מ""ל",false,1,39.90,5.28,true,1,
8802895,true,PC קברנה סובניון 0.75 ל,אגודת הכורמים,,,"י""ח",750,"ל מ""ל",false,1,39.90,5.28,true,1,
8804332,true,"PC שיראז 750מ""ל",אגודת הכורמים,,,"י""ח",750,"ל מ""ל",false,1,39.90,5.28,true,1,
8805049,true,סלקטד רוזה 0.75 ל,אגודת הכורמים,,,"י""ח",750,"ל מ""ל",false,1,29.90,3.95,true,1,
8805520,true,סלקטד קברנה מרלו 0.75 ל,אגודת הכורמים,,,"י""ח",750,"ל מ""ל",false,1,29.90,3.95,true,1,
8899321,true,חלה רגילה קלועה (אפיה מקומית).,ג נרל מילס ישראל בעמ,,,"י""ח",570,ל גרם,false,1,10.90,1.91,true,1,
8899345,true,שמינייה כפרית קלועה פילסבר..,ג נרל מילס ישראל בעמ,,,"י""ח",1,,false,1,3.90,3.90,true,1,
8899376,true,לחמניה פילסברי קשר.אפיה מקומית,ג נרל מילס ישראל בעמ,,,"י""ח",1,,false,1,2.50,2.50,true,1,
8899505,true,בגט ארוך לבן (אפיה מקומית),ג נרל מילס ישראל בעמ,,,"י""ח",250,ל גרם,false,1,4.90,1.96,true,1,
8899512,true,בגט כפרי (אפיה מקומית),ג נרל מילס ישראל בעמ,,,"י""ח",1,,false,1,4.50,4.50,true,1,
14205017,true,"צלחת קטנות""שווה""50יח",ח.כהן סוכנות מזון ומשקאות בע,,,"י""ח",30,"י""ח",false,1,10.90,0.36,false,1,
40099132,true,הובה בובה תות 20חפ`,מרס ריגלי ישראל בעמ,,,"י""ח",35,ל גרם,false,1,3.80,10.86,false,1,
40099705,true,אורביט כחול,מרס ריגלי ישראל בעמ,,,"י""ח",30,ל גרם,false,1,2.90,9.67,false,1,
40111216,true,באונטי חטיף שוקולד 57גר,מרס ריגלי ישראל בעמ,,,"י""ח",57,ל גרם,false,1,4.50,7.89,true,1,
42123866,true,הובה בובה קלאסי,מרס ריגלי ישראל בעמ,,,"י""ח",35,ל גרם,false,1,3.80,10.86,false,1,
42138105,true,וינסטון סלימס,גלוברנדס בעמ,,,"י""ח",1,,false,1,32.50,32.50,false,1,
59039549,true,ווג פריזון מנטול בודד,גלוברנדס בעמ,,,"י""ח",1,,false,1,37.50,37.50,false,1,
59068907,true,פאל מאל כחול דמי סמילס,גלוברנדס בעמ,,,"י""ח",1,,false,1,25,25,false,1,
59068914,true,פאל מאל סילבר דמי סמילס,גלוברנדס בעמ,,,"י""ח",1,,false,1,25,25,false,1,
59455240,true,ווג ליידי לילך,גלוברנדס בעמ,,,"י""ח",1,,false,1,37.50,37.50,false,1,
72940754,true,"מילקי וניל רובין כשל""פ 135גר","שטראוס גרופ ***בע""מ",,,"י""ח",130,"ל מ""ל",false,1,2.90,2.23,false,1,
72940761,true,"מילקי שוקו}שטראוס{רובין כשל""פ","שטראוס גרופ ***בע""מ",,,"י""ח",130,"ל מ""ל",false,1,2.90,2.23,false,1,
72940952,true,מילקי פי2 קצפת 111גר,"שטראוס גרופ ***בע""מ",,,"י""ח",111,ל גרם,false,1,4.10,3.69,false,1,
72940983,true,חומוס אחלה 250 גר.,"שטראוס גרופ ***בע""מ",,,"י""ח",250,ל גרם,false,1,6.90,2.76,false,1,
72941041,true,מיני מילקי שוקו,"שטראוס גרופ ***בע""מ",,,"י""ח",130,"ל מ""ל",false,1,2.10,1.62,false,1,
72945308,true,שמרים קוביות 50,"שטראוס גרופ ***בע""מ",,,"י""ח",50,ל גרם,false,1,3.80,7.60,false,1,
72961209,true,שמנית*,תנובה בעמ ***,,,"י""ח",200,"ל מ""ל",false,1,2.40,1.20,false,1,
72961506,true,"פרילי תות 125 מ""ל",תנובה בעמ ***,,,"י""ח",125,"ל מ""ל",false,1,3.70,2.96,false,1,
72961544,true,באדי תות,תנובה בעמ ***,,,"י""ח",125,"ל מ""ל",false,1,3,2.40,false,1,
72986370,true,גלידה פיינטים וניל,מוצרי איכות אמריקאיים בעמ,,,"י""ח",500,"ל מ""ל",false,1,19.90,3.98,true,1,
72986424,true,גלידה פיינטים קרם עוגיות,מוצרי איכות אמריקאיים בעמ,,,"י""ח",750,"ל מ""ל",false,1,19.90,2.65,true,1,
72986448,true,גלידה פיינטים טופי קראנץ,מוצרי איכות אמריקאיים בעמ,,,"י""ח",750,"ל מ""ל",false,1,19.90,2.65,true,1,
72986455,true,גלידה פיינטים ניו-יורק סופר,מוצרי איכות אמריקאיים בעמ,,,"י""ח",500,"ל מ""ל",false,1,19.90,3.98,true,1,
72986479,true,גלידה פיינטים צאנקי מנקי,מוצרי איכות אמריקאיים בעמ,,,"י""ח",500,"ל מ""ל",false,1,19.90,3.98,true,1,
72989425,true,גלידה פיינטים שוקולד בראוניס,מוצרי איכות אמריקאיים בעמ,,,"י""ח",750,"ל מ""ל",false,1,19.90,2.65,true,1,
72991374,true,טיים בודד,דובק בעמ,,,"י""ח",1,,false,1,29.30,29.30,false,1,
72991381,true,טיים ארוך בודד,דובק בעמ,,,"י""ח",1,,false,1,29.30,29.30,false,1,
72991886,true,גלידה פיינטים דולציה דה לצ ה,מוצרי איכות אמריקאיים בעמ,,,"י""ח",500,"ל מ""ל",false,1,19.90,3.98,true,1,
72993637,true,דני שוקולד בודד,"שטראוס גרופ ***בע""מ",,,"י""ח",125,"ל מ""ל",false,1,2.70,2.16,false,1,
72994061,true,פסק זמן GOOD 2,"שטראוס גרופ בע""מ",,,"י""ח",40,ל גרם,false,1,5.90,14.75,false,1,
76136184,true,פאל מל סלים בודד,גלוברנדס בעמ,,,"י""ח",1,,false,1,29.50,29.50,false,1,
80001287,true,גרדנה 25 יח 38 גרם,ליימן שליסל,,,"י""ח",1,,false,1,4,4,true,1,
80001461,true,גרנד שוקולד 38 גרם,ליימן שליסל,,,"י""ח",38,ל גרם,false,1,4,10.53,true,1,
80001911,true,גרדנה שוקולד לבן 38 גרם,ליימן שליסל,,,"י""ח",38,ל גרם,false,1,4,10.53,true,1,
80042556,true,עגבניות חתוכות 400ג MUTTI.,רסטרטו יבוא ושיווק בעמ,,,"י""ח",400,ל גרם,false,1,5.90,1.48,true,1,
80042563,true,מחית עגבניות 700ג צהוב MUTTI,רסטרטו יבוא ושיווק בעמ,,,"י""ח",700,ל גרם,false,1,13.90,1.99,false,1,
80050025,true,טיק טק תפוז,פרימיום - חברה לדברי מתיקה ולמ,,,"י""ח",16,ל גרם,false,1,3.50,21.88,true,1,
80050124,true,חטיף טיק טק,פרימיום - חברה לדברי מתיקה ולמ,,,"י""ח",16,ל גרם,false,1,3.50,21.88,true,1,
80050278,true,חטיף רושר,פרימיום - חברה לדברי מתיקה ולמ,,,"י""ח",1,,false,1,5.90,5.90,true,1,
80136194,true,קינדר הפי היפו 1/5 אגוזי לוז,פרימיום - חברה לדברי מתיקה ולמ,,,"י""ח",5,"י""ח",false,1,12.90,2.58,false,1,
80176800,true,נוטלה 750 גרם,פרימיום - חברה לדברי מתיקה ולמ,,,"י""ח",750,ל גרם,false,1,27.90,3.72,false,1,
80177173,true,נוטלה 350 גרם.,פרימיום - חברה לדברי מתיקה ולמ,,,"י""ח",3.50,"י""ח",false,1,15.90,4.54,false,1,
80177609,true,קינדר 50 גרם,פרימיום - חברה לדברי מתיקה ולמ,,,"י""ח",50,ל גרם,false,1,4.20,8.40,false,1,
80177616,true,קינדר אצבעות 100 גר,פרימיום - חברה לדברי מתיקה ולמ,,,"י""ח",1,,false,1,8.90,8.90,false,1,
80310167,true,קינדר אצבעות 126 גר,פרימיום - חברה לדברי מתיקה ולמ,,,"י""ח",126,ל גרם,false,1,9.90,7.86,true,1,
80310891,true,ביצת הפתעה קינדר ג וי 20ג,פרימיום - חברה לדברי מתיקה ולמ,,,"י""ח",200,ל גרם,false,1,6.50,3.25,false,1,
80773429,true,מנטוס טעם תות בקבוק 60ג,ליימן שליסל,,,"י""ח",60,ל גרם,false,1,9.90,16.50,true,1,
80773443,true,מנטוס טעם פירות מנטה בקבוק 60ג,ליימן שליסל,,,"י""ח",60,ל גרם,false,1,9.90,16.50,true,1,
80776307,true,מנטוס טעם פירות מנטה בקבוק 90ג,ליימן שליסל,,,"י""ח",90,ל גרם,false,1,15.90,17.67,false,1,
80790990,true,מנטוס טעם מנטה עדין בקבוק 60ג,ליימן שליסל,,,"י""ח",60,ל גרם,false,1,9.90,16.50,true,1,
80831402,true,סוכריות מנטה עדינה ללא סוכר,ליימן שליסל,,,"י""ח",100,ל גרם,false,1,6.90,6.90,true,1,
80832560,true,סוכריות מנטוס מרעננות ללא סוכר פירות י,ליימן שליסל,,,"י""ח",93,ל גרם,false,1,6.90,7.42,true,1,
80843184,true,מנטוס טעם ענבים בקבוק 60ג,ליימן שליסל,,,"י""ח",60,ל גרם,false,1,9.90,16.50,true,1,
80854753,true,סוכריות מנטה ללא סוכר,ליימן שליסל,,,"י""ח",100,ל גרם,false,1,6.90,6.90,true,1,
80896081,true,מנטוס טעם אבטיח בקבוק 60ג,ליימן שליסל,,,"י""ח",60,ל גרם,false,1,9.90,16.50,true,1,
80913467,true,מנטוס טעם מנטה בקבוק 60ג,ליימן שליסל,,,"י""ח",60,ל גרם,false,1,9.90,16.50,true,1,
80936459,true,ביצי שוקולד שלישייה ריגלי אקדמי,שמחה זה אנחנו,,,"י""ח",1,,false,1,14.90,14.90,false,1,
80936848,true,טיק טק בטעם תות שדה,פרימיום - חברה לדברי מתיקה ולמ,,,"י""ח",1,,false,1,3.50,3.50,true,1,
80945468,true,מנטוס בוקס וואיט מנטה מתוקה 30 יח`,ליימן שליסל,,,"י""ח",60,ל גרם,false,1,9.90,16.50,true,1,
80954521,true,מנטוס מסטיק קופסא 28ג תות,ליימן שליסל,,,"י""ח",28,ל גרם,false,1,4.90,17.50,true,1,
80979128,true,מנטוס טעם דובדבן בקבוק 60ג,ליימן שליסל,,,"י""ח",60,ל גרם,false,1,9.90,16.50,true,1,
80982470,true,מנטוס טעם מנטה חזק בקבוק 60ג,ליימן שליסל,,,"י""ח",60,ל גרם,false,1,9.90,16.50,true,1,
80986348,true,מנטוס בוקס וואיט מנטה 30 יח`,ליימן שליסל,,,"י""ח",60,ל גרם,false,1,9.90,16.50,true,1,
80995128,true,מנטוס טעם הדרים בתוספת ויטמין D,ליימן שליסל,,,"י""ח",60,ל גרם,false,1,9.90,16.50,true,1,
87108538,true,מנטוס גלילים תות,ליימן שליסל,,,"י""ח",37,ל גרם,false,1,3.30,8.92,true,1,
87311396,true,מנטוס גלילים מיקס פירות,ליימן שליסל,,,"י""ח",37.50,ל גרם,false,1,3.30,8.80,true,1,
90162602,true,"רד בול פחית 250 מ""ל",דיפלומט מפיצים (1968) בעמ**,,,"י""ח",250,"ל מ""ל",false,1,5.90,2.24,true,1,
90162800,true,"רד בול פחית 250 מ""ל",דיפלומט מפיצים (1968) בעמ**,,,"י""ח",250,"ל מ""ל",false,1,6.20,2.36,true,1,
8112100298,true,"שמן שומשום טהור 185מ""ל",מזרח ומערב יבוא ושיווק,,,"י""ח",185,"ל מ""ל",false,1,15.90,8.59,false,1,
8421420568,true,בובת TY עיינים גדולות S חתולה,שמחה זה אנחנו,,,"י""ח",1,,false,1,29.90,29.90,false,1,
8888888888,true,2311,לפ הוצ בולט תעשיו,,,"י""ח",1,,false,1,22.11,22.11,false,1,
11182701388,true,קינג קול שעועית פינטו 439ג,מור ים מרקטינג בעמ,,,"י""ח",439,ל גרם,false,1,11.90,2.71,false,1,
11210000032,true,"רוטב טבסקו ענק 350 מ""ל",ציון תורגמן בעמ,,,"י""ח",60,"ל מ""ל",false,1,49.90,83.17,false,1,
11210000094,true,"טבסקו חריף 60 מ""ל",ציון תורגמן בעמ,,,"י""ח",60,"ל מ""ל",false,1,9.90,16.50,true,1,
11210002500,true,"טבסקו באפלו 150מ""ל",ציון תורגמן בעמ,,,"י""ח",150,"ל מ""ל",false,1,22.90,15.27,false,1,
11210006508,true,רוטב טבסקו חריף אקסטרה,ציון תורגמן בעמ,,,"י""ח",60,"ל מ""ל",false,1,21.90,36.50,false,1,
11210698055,true,"טבסקו סרירצ`ה 556מ""ל",ציון תורגמן בעמ,,,"י""ח",556,"ל מ""ל",false,1,24.90,4.48,false,1,
16000281684,true,נייטשר קראנצ`י פקאן 1/5,ליימן שליסל,,,"י""ח",210,ל גרם,false,1,19.90,9.48,true,1,
16000423534,true,נייטשר קראנצ`י ש.שועל ושוקולד מריר 1/5,ליימן שליסל,,,"י""ח",210,ל גרם,false,1,19.90,9.48,true,1,
16000548404,true,נייטשר קראנצ`י שיבולת שועל ודבש 1/5,ליימן שליסל,,,"י""ח",210,ל גרם,false,1,19.90,9.48,true,1,
16000548503,true,חטיף ניצ`ר ואלי מייפל בסוכר חום,ליימן שליסל,,,"י""ח",210,ל גרם,false,1,19.90,9.48,true,1,
16000548602,true,נייטשר קראנצ`י קינמון 1/5,ליימן שליסל,,,"י""ח",210,ל גרם,false,1,19.90,9.48,true,1,
16229924263,true,"קרם קוקוס 250מ""ל",גורי מוצרי צריכה בעמ,,,"י""ח",250,"ל מ""ל",false,1,9.90,3.96,false,1,
18000701223,true,תערובת לעוגת שוק(פילסברי),ליימן שליסל,,,"י""ח",517,ל גרם,false,1,17.90,3.46,false,1,
25675120037,true,מקלות חמוצות 100,גורי ע.ע.ע. בעמ,,,"י""ח",100,ל גרם,false,1,9.90,9.90,false,1,
25675120044,true,מקלות חמוצות 100,גורי ע.ע.ע. בעמ,,,"י""ח",100,ל גרם,false,1,8.90,8.90,false,1,
25675120068,true,ממתק מקלות בטעם קולה,גורי ע.ע.ע. בעמ,,,"י""ח",100,ל גרם,false,1,9.90,9.90,false,1,
25675121027,true,חמצוצים 115גר`,גורי ע.ע.ע. בעמ,,,"י""ח",115,ל גרם,false,1,10.20,8.87,false,1,
25675121058,true,חמצוצים 115גר`,גורי ע.ע.ע. בעמ,,,"י""ח",115,ל גרם,false,1,10.20,8.87,false,1,
25675301108,true,מקלות חמוצות 50 גרם,גורי ע.ע.ע. בעמ,,,"י""ח",50,ל גרם,false,1,4.90,9.80,false,1,
25675301153,true,מקלות חמוצות 50 ג פטל,גורי ע.ע.ע. בעמ,,,"י""ח",50,ל גרם,false,1,4.90,9.80,false,1,
25675301184,true,מקלות חמוצות קולה,גורי ע.ע.ע. בעמ,,,"י""ח",50,ל גרם,false,1,4.90,9.80,false,1,
25675301207,true,מקלות בטעם תפוחי עץ,גורי ע.ע.ע. בעמ,,,"י""ח",50,ל גרם,false,1,4.90,9.80,false,1,
30000315958,true,קוואקר פרוטאין בננה אגוזים 366ג.,"שטראוס פריטו ליי בע""מ",,,"י""ח",366,ל גרם,false,1,21.90,5.98,false,1,
30000315989,true,קוואקר פרוטאין חמוציות ושקדים 372ג.,"שטראוס פריטו ליי בע""מ",,,"י""ח",372,ל גרם,false,1,21.90,5.89,false,1,
31200001597,true,חמוציות אושן ספריי 170גר,ליימן שליסל,,,"י""ח",170,ל גרם,false,1,14.50,8.53,true,1,
33617000026,true,וואזה מקמח מלא 260ג,גורי מוצרי צריכה בעמ,,,"י""ח",260,ל גרם,false,1,12.90,4.96,true,1,
34000196173,true,הרשי קוקיס קרים XL,ליימן שליסל,,,"י""ח",47,ל גרם,false,1,8.90,18.94,false,1,
34000442652,true,ריזס קבלה XL,ליימן שליסל,,,"י""ח",47,ל גרם,false,1,8.90,18.94,false,1,
34000470563,true,ריזס מיניס ארזה משפחתית 215ג,ליימן שליסל,,,"י""ח",215,ל גרם,false,1,19.90,9.26,false,1,
34000544028,true,ממתק בטעם תות 198ג,ליימן שליסל,,,"י""ח",198,ל גרם,false,1,7.90,3.99,false,1,
34000544431,true,ליקרויץ 198 גרם -דובדבן,ליימן שליסל,,,"י""ח",1,,false,1,7.90,7.90,false,1,
37600207188,true,חמאת קלאסי סקיפי,דיפלומט מפיצים (1968) בעמ**,,,"י""ח",462,ל גרם,false,1,20.90,4.52,false,1,
38000138638,true,פרינגלס פיצה 161 גר`פלקס,דיפלומט מפיצים (1968) בעמ**,,,"י""ח",161,ל גרם,false,1,9.90,6.15,true,1,
38000138720,true,פרינגלס ראנץ 158ג,דיפלומט מפיצים (1968) בעמ**,,,"י""ח",161,ל גרם,false,1,9.90,6.15,true,1,
38000183928,true,פרינגלס חרדל דבש 158ג`,דיפלומט מפיצים (1968) בעמ**,,,"י""ח",158,ל גרם,false,1,9.90,6.27,true,1,
38000232152,true,פרינגלס ברביקיו 161 גר`פלקס,דיפלומט מפיצים (1968) בעמ**,,,"י""ח",161,ל גרם,false,1,9.90,6.15,true,1,
38000232176,true,פרינגלס שמנת בצל 161 גר`פלקס,דיפלומט מפיצים (1968) בעמ**,,,"י""ח",161,ל גרם,false,1,9.90,6.15,true,1,
38000232183,true,7290002929642פרינגלס אוריגינל 149 גר`.,דיפלומט מפיצים (1968) בעמ**,,,"י""ח",149,ל גרם,false,1,9.90,6.64,true,1,
38527591053,true,דגנים מרובעים קי,"שטראוס פריטו ליי בע""מ",,,"י""ח",375,ל גרם,false,1,19.90,5.31,false,1,
38527591060,true,דגנים מרובעים,"שטראוס פריטו ליי בע""מ",,,"י""ח",453,ל גרם,false,1,19.90,4.39,false,1,
40000513568,true,שוקולד M M אריזה גדולה 156ג,מרס ריגלי ישראל בעמ,,,"י""ח",1560,ל גרם,false,1,10.90,0.70,false,1,
41190069453,true,שופרייט רוטב קלאסי לפסטה 680גר,מור ים מרקטינג בעמ,,,"י""ח",737,ל גרם,false,1,17.90,2.43,false,1,
41740001056,true,רוטב צלעות גולדס 539 מ``ל,מור ים מרקטינג בעמ,,,"י""ח",539,"ל מ""ל",false,1,21.90,4.06,false,1,
46214731552,true,עוגיות שוקו צ יפ מרבה,ש.שסטוביץ בעמ,,,"י""ח",225,ל גרם,false,1,9.90,4.40,true,1,
50000015474,true,פריסקיז דגים,קבוצת אוסם סחר-שות.מוגבלת,,,"י""ח",1.42,"ק""ג",false,1,39.10,27.54,false,1,
50000084500,true,פריסקייז מעדני השף,קבוצת אוסם סחר-שות.מוגבלת,,,"י""ח",1.42,"ק""ג",false,1,40.60,28.59,false,1,
50000170180,true,פריסקיז עוף ברוטב 156גר`,קבוצת אוסם סחר-שות.מוגבלת,,,"י""ח",156,ל גרם,false,1,8.40,5.38,false,1,
50000225224,true,פריסקיז פריים פילה הודו ברוטב 156גר`,קבוצת אוסם סחר-שות.מוגבלת,,,"י""ח",156,ל גרם,false,1,8.90,5.71,false,1,
50000292592,true,פנסי פיסט סלמון וסול ברוטב עשיר 85גר,קבוצת אוסם סחר-שות.מוגבלת,,,"י""ח",85,ל גרם,false,1,7.30,8.59,false,1,
50000445691,true,פריסקיז נתחי עוף וסלומון ברוטב 156גר,קבוצת אוסם סחר-שות.מוגבלת,,,"י""ח",156,ל גרם,false,1,7.90,5.06,false,1,
50000578450,true,פנסי פיסט עוף ברוטב עשיר 85גר,קבוצת אוסם סחר-שות.מוגבלת,,,"י""ח",85,ל גרם,false,1,7.20,8.47,false,1,
55369903295,true,רסק אפל סנק תפוחי עץ ללא סוכר צנצנת 70,מור ים מרקטינג בעמ,,,"י""ח",1,,false,1,15.90,15.90,false,1,
76840002542,true,גלידה פיינטים נטפליקס צ`ילד,מוצרי איכות אמריקאיים בעמ,,,"י""ח",500,"ל מ""ל",false,1,19.90,3.98,true,1,
76840100156,true,גלידה פיינטים צרי גרסיה,מוצרי איכות אמריקאיים בעמ,,,"י""ח",750,"ל מ""ל",false,1,19.90,2.65,true,1,
76840100583,true,גלידה פיינטים בצק עוגיות 473 מל,מוצרי איכות אמריקאיים בעמ,,,"י""ח",750,"ל מ""ל",false,1,19.90,2.65,true,1,
76840400218,true,"גלידת בן אנד גריס 473מ""לעוגת גבינה עם",מוצרי איכות אמריקאיים בעמ,,,"י""ח",473,"ל מ""ל",false,1,23.90,5.05,true,1,
77245110610,true,סוכריות מאסט מנטה ללא סוכ,"שטראוס גרופ בע""מ",,,"י""ח",80,ל גרם,false,1,9.60,12,false,1,
77975094631,true,סנדוויץ בייגל במילוי קרם צ דר 226ג.,ליימן שליסל,,,"י""ח",226,ל גרם,false,1,15.90,7.04,true,1,
77975094761,true,סניידרס שברי בייגל גבינת צ`דר 340גר,ליימן שליסל,,,"י""ח",340,ל גרם,false,1,15.90,4.68,true,1,
77975094778,true,"סניידרס שברי בייגל בצל,חרדל ודבש 340ג",ליימן שליסל,,,"י""ח",340,ל גרם,false,1,15.90,4.68,true,1,
80432402931,true,"וויסקי שיבאס רגאל 700מ""ל",טמפו משקאות בעמ,,,"י""ח",700,"ל מ""ל",false,1,119.90,17.09,true,1,
80518532743,true,שקית בלונים,שמחה זה אנחנו,,,"י""ח",1,,false,1,12,12,false,1,
80518532859,true,בלונים 100 יח,שמחה זה אנחנו,,,"י""ח",1,,false,1,21.90,21.90,false,1,
613008753320,true,"אריזונה ג`נסנג ודבש 450מ""ל",טמפו משקאות בעמ,,,"י""ח",450,"ל מ""ל",false,1,7.40,1.58,true,1,
633824111838,true,"וודקה ואן גוך אננס 750 מ""ל",טמפו משקאות בעמ,,,"י""ח",750,"ל מ""ל",false,1,129.90,17.28,true,1,
634065831295,true,גרביים 39-42 שחור נשים,איי.איקס.אם ישראל בעמ,,,"י""ח",1,,false,1,13.90,13.90,false,1,
634065854607,true,גרביים 35-38 שחור נשים,איי.איקס.אם ישראל בעמ,,,"י""ח",1,,false,1,13.90,13.90,false,1,
634065875046,true,גרביים 35-38 לבן שנים,איי.איקס.אם ישראל בעמ,,,"י""ח",1,,false,1,13.90,13.90,false,1,
634065877156,true,גרביים 39-42 לבן שנים,איי.איקס.אם ישראל בעמ,,,"י""ח",1,,false,1,13.90,13.90,false,1,
649660013281,true,היל ויל מיץ שזיפים 946 מ``ל,מור ים מרקטינג בעמ,,,"י""ח",946,"ל מ""ל",false,1,23.20,2.42,false,1,
651080647519,true,פלאקרס פלוסר קיסם+חוט,דנשר (1963) בעמ,,,"י""ח",1,,false,1,10.90,10.90,false,1,
693493102575,true,עגבניות שרי קלמרים,ביכורי השדה צפון 1994 ג.ד. בעמ,,,"י""ח",450,ל גרם,false,1,11.90,2.64,false,1,
753182231761,true,משקה אנרגיה בלו סיקס ללא סוכר,בני פאוזי שמשום (2009) בעמ,,,"י""ח",250,"ל מ""ל",false,1,4.50,1.68,true,1,
753182340302,true,"אבקת וואסבי 35גרם חת""ם סופר",מזרח ומערב יבוא ושיווק,,,"י""ח",35,ל גרם,false,1,11.50,32.86,false,1,
768404001640,true,גלידה פיינטים קפה,מוצרי איכות אמריקאיים בעמ,,,"י""ח",500,"ל מ""ל",false,1,19.90,3.98,true,1,
786150000281,true,"לף בראון בקבוק 330מ""ל 1/6",תימקו בירה בעמ,,,"י""ח",330,"ל מ""ל",false,1,49.90,14.58,true,1,
791669336530,true,רלסטון דייסת ש.שועל מהירה קינמון 430גר,מור ים מרקטינג בעמ,,,"י""ח",430,ל גרם,false,1,22.90,5.33,false,1,
807250553009,true,בר בצק,צבע ומכחול (2014) בעמ,,,"י""ח",1,,false,1,9.90,9.90,false,1,
807251101223,true,פלסטלינה,צבע ומכחול (2014) בעמ,,,"י""ח",1,,false,1,9.90,9.90,false,1,
807259201284,true,עפרונות אומגה 12יח,צבע ומכחול (2014) בעמ,,,"י""ח",1,,false,1,7.50,7.50,false,1,
807259441888,true,דבק סטיק 3יח,צבע ומכחול (2014) בעמ,,,"י""ח",1,,false,1,7.90,7.90,false,1,
813724023756,true,"ווטקינס וניל אפיה 59מ""ל",מ.סידס ובנו בעמ,,,"י""ח",59,"ל מ""ל",false,1,29.90,50.68,false,1,
813724025927,true,"ווטקינס וניל ללא אלכוהול 59מ""ל",מ.סידס ובנו בעמ,,,"י""ח",59,"ל מ""ל",false,1,49.90,84.58,false,1,
813724025934,true,"ווטקינס מחית וניל 56מ""ל",מ.סידס ובנו בעמ,,,"י""ח",56,"ל מ""ל",false,1,49.90,89.11,false,1,
835811000396,true,נייר אפיה לתבנית מוארכת 30יח הנמל,הנמל אריזות ושווק בעמ,,,"י""ח",1,,false,1,9.90,9.90,false,1,
835811002239,true,גביעי מאפינס צבעוני 200יח מס3,הנמל אריזות ושווק בעמ,,,"י""ח",1,,false,1,7.90,7.90,false,1,
835811002246,true,גביעי מאפינס צבעוני 200יח מס2,הנמל אריזות ושווק בעמ,,,"י""ח",1,,false,1,7.50,7.50,false,1,
856591000062,true,עבאדי עוגיות מזרחיות מלח -400,תה ויסוצקי (ישראל)בעמ,,,"י""ח",400,ל גרם,false,1,18.90,4.73,false,1,
856591000109,true,עבאדי עוגיות מזרחיות פריך במיוחד 400גר,תה ויסוצקי (ישראל)בעמ,,,"י""ח",400,ל גרם,false,1,18.90,4.73,false,1,
856591000918,true,מארז עבאדי חטיף טבעי 80גר,תה ויסוצקי (ישראל)בעמ,,,"י""ח",320,ל גרם,false,1,14.90,4.66,false,1,
856591000949,true,עבאדי קטנטנים מאפה חיטה מלוח 350גר,תה ויסוצקי (ישראל)בעמ,,,"י""ח",350,ל גרם,false,1,16.90,4.83,true,1,
873999000906,true,סוללות קטן,עולם הבית שיווק והפצה בעמ,,,"י""ח",1,,false,1,3.90,3.90,false,1,
884912129512,true,דגני בוקר קוקו פבלס 311 גרם,ר.ב. מוצרי דגנים בעמ,,,"י""ח",1,,false,1,21.90,21.90,false,1,
884912359155,true,דגני בוקר האני באנצ רוסטד 340ג,ר.ב. מוצרי דגנים בעמ,,,"י""ח",340,ל גרם,false,1,21.90,6.44,true,1,
884912359162,true,דגני בוקר האני באנצ שקדים 340ג,ר.ב. מוצרי דגנים בעמ,,,"י""ח",340,ל גרם,false,1,22.90,6.74,true,1,
884912359414,true,דגני בוקר האני באנצ קינמון 340ג,ר.ב. מוצרי דגנים בעמ,,,"י""ח",340,ל גרם,false,1,21.90,6.44,true,1,
884912365200,true,דגני בוקר אוראו 311גר.,ר.ב. מוצרי דגנים בעמ,,,"י""ח",311,ל גרם,false,1,23.90,7.68,true,1,
884912377142,true,דגני בוקר האני באנצ וניל 340ג,ר.ב. מוצרי דגנים בעמ,,,"י""ח",340,ל גרם,false,1,21.90,6.44,true,1,
3014260240226,false,"קצף גילוח ג'ילט לעור רגיש 200 מ""ל",דיפלומט מפיצים (1986) בע`מ,,,"י""ח",200,"ל מ""ל",false,1,16.30,8.15,true,1,
3014260287030,false,ג`ילט סכיני גילוח חדפ לגבר יבוא מקביל,פארמה דיל (פ.א.ב.) שיווק והפצה,,,"י""ח",1,,false,1,6.90,6.90,true,1,
3014260289287,false,סכין גילוח גילט בלו 2 לנשים-חמישייה,דיפלומט מפיצים (1968) בעמ,,,"י""ח",1,,false,1,14.90,14.90,true,1,
3045201108008,false,אידיאל מסיר כתמים לפני כביסה -כדור מבריש,יעקב יעקבי ובניו בעמ,,,"י""ח",1,ליטר,false,1,19.90,19.90,false,1,
3045206360609,false,"דזיטול נוזל מחטא בגדים בכביסה, 1 ליטר",יעקב יעקבי ובניו בעמ,,,"י""ח",500,"ל מ""ל",false,1,23.90,4.78,true,1,
3046920028004,false,לינדט שוקולד אקסלנס מריר 70% 100 גר,לינדט ושפרונגלי קילשברג,,,"י""ח",100,ל גרם,false,1,16.90,16.90,true,1,
3046920028721,false,לינדט אקסלנס סטרוברי 100גר`,לינדט ושפרונגלי קילשברג,,,"י""ח",100,ל גרם,false,1,16.90,16.90,true,1,
3046920029759,false,אקסלנס שוקולד מריר 90% לינדט (100 גרם),לינדט ושפרונגלי קילשברג,,,"י""ח",100,ל גרם,false,1,16.90,16.90,true,1,
3059943015104,false,"אירוויק מבשם אויר נטול גז בניחוח פריסיה ויסמין 345 מ""ל",רקיט בנקיזר (ניר איסט) בעמ,,,"י""ח",345,"ל מ""ל",false,1,14.90,4.32,true,1,
3059943015128,false,מבשם אוויר נטול גז אקווה מיסט בניחוח לבנדר פראי ואוויר הרים,רקיט בנקיזר (ניר איסט) בעמ,,,"י""ח",345,"ל מ""ל",false,1,14.90,4.32,true,1,
3069900201327,false,זיתים שחורים בשקית וואקום 400 גר,ויצמן פרימיום בעמ,,,"י""ח",400,ל גרם,false,1,10.90,2.73,false,1,
3073781161663,false,גבינה מותכת 18.5% שומן לה וואש קירי,בני ג`ורג` שוקחה (חיפה) בעמ,,,"י""ח",128,ל גרם,false,1,11.90,9.30,false,1,
3073781161687,false,גבינה לוואש קרי(מותכת) 16 יח 256 גר,בני ג`ורג` שוקחה (חיפה) בעמ,,,"י""ח",256,ל גרם,false,1,22.90,8.95,true,1,
3073781162790,false,גבינה מותכת בייבי בל 120 גרם,א. סיימן סחר בעמ,,,"י""ח",120,ל גרם,false,1,21.90,18.25,true,1,
3073781177220,false,גבינה בייבי בל אדום 120 גר`,א. סיימן סחר בעמ,,,"י""ח",120,ל גרם,false,1,21.90,18.25,true,1,
3161911229199,false,חמאה צרפתית רכה למריחה אל & ויר 250 גרם,א. סיימן סחר בעמ,,,"י""ח",250,ל גרם,false,1,23.90,9.56,true,1,
3178530402353,false,עוגות מיני מדלן קלאסי סאן מישל 175 גרם,סאן מישל ביסוויט,,,"י""ח",175,ל גרם,false,1,11.90,6.80,true,1,
3178530407938,false,עוגיות מיני מדליין עם שוקוצ'יפס סאן מישל 175 גרם,א. סיימן סחר בעמ,,,"י""ח",175,ל גרם,false,1,12.90,7.37,true,1,
3178530411478,false,ביסקוויטים גאלט עם חמאה ומלח ים,א. סיימן סחר בעמ,,,"י""ח",150,ל גרם,false,1,13.90,9.27,false,1,
3178530412703,false,עוגיות חמאה דונאט עם שוקולד 180 גר,א. סיימן סחר בעמ,,,"י""ח",180,ל גרם,false,1,19.90,11.06,false,1,
3178530417357,false,בראוניז שוקולד לבן סנט מישל 210 גרם,א. סיימן סחר בעמ,,,"י""ח",180,ל גרם,false,1,19.90,11.06,true,1,
3228022910023,false,חמאה צרפתית פריזידאן פרזידנט (200 גרם),סוסייטה בארייר דה אי,,,"י""ח",2,"י""ח",false,1,14.90,7.45,false,1,
3282554138911,false,כפיות לבן 100 יח PP ארקפלסט (40 בק`)*,ח.כהן סוכנות מזון ומשקאות בע,,,"י""ח",100,"י""ח",false,1,6.90,0.07,false,1,
3282554174841,false,מזלגות לבן 100 יח PP ארקפלסט (40 בק`),ח.כהן סוכנות מזון ומשקאות בע,,,"י""ח",100,"י""ח",false,1,9.90,0.10,false,1,
3387390525960,false,קראנץ' דגני בוקר עם שוקולד חלב נסטלה 500 גרם,קבוצת אוסם סחר שותפות מוגבלת,,,"י""ח",500,ל גרם,false,1,24.70,4.94,true,1,
3563490014898,false,ריין דיז'ון חרדל דיז'ון 265 גרם,דיפלומט מפיצים (1968) בעמ**,,,"י""ח",255,ל גרם,false,1,12.90,5.06,false,1,
3574660089547,false,טמפונים נורמל קלאסי אובה 32 יחידות,ג'\ונסון אנד ג'\ונסון,,,"י""ח",1,,false,1,24.90,24.90,false,1,
3574661114637,false,ליסטרין שטיפת פה קול מינט טעם מעודן 500,ג'\ונסון אנד ג'\ונסון,,,"י""ח",500,"ל מ""ל",false,1,17.90,3.58,true,1,
3574661485201,false,טמפונים אובה סופר 32 יח' פרוקומפורט,ש.שסטוביץ בעמ,,,"י""ח",1,,false,1,24.90,24.90,false,1,
3574661485218,false,טמפונים נורמל אובה 32 יח' פרוקומפורט,"ש. שסטוביץ בע""\מ",,,"י""ח",1,,false,1,24.90,24.90,false,1,
3574661487328,false,קרפרי מגני תחתון אורגינל פלוס 56 יח',הדקלאים אגודת שיתופי,,,"י""ח",58,"י""ח",false,1,19.90,0.34,true,1,
3574661487335,false,מגן תחתון קרפרי מקסי לונג ריחני 40 יחידות,ש. שסטוביץ בע`מ,,,"י""ח",1,,false,1,18.90,18.90,true,1,
3574661487625,false,מגן תחתון קרפרי מקסי לארג 48 יחידות,הדקלאים אגודת שיתופי,,,"י""ח",1,,false,1,18.90,18.90,true,1,
3574661500355,false,קרפרי מגן תחתון מקסי לונג רגיל 40 יח',ג'ויה מעבדות לקוסמטי,,,"י""ח",1,,false,1,18.90,18.90,true,1,
3574661552804,false,מגן תחתון קרפרי אלוורה 56 יחידות,הדקלאים אגודת שיתופי,,,"י""ח",1,,false,1,18.90,18.90,true,1,
3574661554884,false,קרפרי מגן תחתון רגיל טנגה מבושם 56 יח,הדקלאים אגודת שיתופי,,,"י""ח",1,,false,1,18.90,18.90,true,1,
3574669909204,false,גונסונס בייבי שמן לתינוק 300 מל,ג'ונסונס Johnson's,,,"י""ח",300,ל גרם,false,1,24.90,8.30,false,1,
3600541029323,false,מסיר איפור עמיד במים אסנשיאלס 2 ב-1,לוריאל ישראל קוסמטיקס בעמ,,,"י""ח",1,,false,1,27.90,27.90,true,1,
3600541928275,false,מי פנים מיסלריים דו-פאזיים מסיר איפור עמיד במים,לוריאל ישראל קוסמטיקס בעמ,,,"י""ח",1,,false,1,29.90,29.90,false,1,
3600542365796,false,בוטניקל ג`ל ניקוי ענבים 200 מל גרניה,לוריאל ישראל קוסמטיקס בעמ,,,"י""ח",200,"ל מ""ל",false,1,24.90,12.45,true,1,
3600542375801,false,קרם גרנייה פיוראקטיב 3ב1 פחם 150 מל,לוריאל ישראל קוסמטיקס בעמ,,,"י""ח",150,"ל מ""ל",false,1,29.90,19.93,false,1,
3607343817547,false,"אדידס - דאודורנט ספריי לגבר קליימקול 150 מ""ל",דנשר (1963) בעמ,,,"י""ח",150,"ל מ""ל",false,1,12.90,8.60,true,1,
3607347320449,false,"אדידס - ג'ל רחצה ספורט אנרג'י 400 מ""ל",דנשר (1963) בעמ,,,"י""ח",400,"ל מ""ל",false,1,10.90,2.73,false,1,
3608580730248,false,קונפיטורה בטעם דובדבן 370 ג BONNE MAMAN,ר.ב. מוצרי דגנים בעמ,,,"י""ח",370,ל גרם,false,1,19.90,5.38,false,1,
3608580730255,false,קונפיטורה בטעם משמש 370 גר BONNE MAMAN,ר.ב. מוצרי דגנים בעמ,,,"י""ח",370,ל גרם,false,1,19.90,5.38,false,1,
3614221653715,false,"אדידס קליימקול ג'ל רחצה, 400 מ""ל","דנשר (1963) בע,מ",,,"י""ח",400,"ל מ""ל",false,1,10.90,2.73,false,1,
3665468301723,false,אירוויק באז מבשם ומנטרל ריחות בניחוח לילות לבנים 237 מ'ל,רקיט בנקיזר (ניר איסט) בעמ,,,"י""ח",345,"ל מ""ל",false,1,14.90,4.32,true,1,
3838824127200,false,צבע לשיער פאלטה סמי קיט 3-0 חום כהה,שוורצקופף והנקל,,,"י""ח",1,,false,1,22.90,22.90,true,1,
3838824380902,false,צבעי שיער בלונד סופר בהיר 10-0 סמי קיט פאלטה,שוורצקופף והנקל,,,"י""ח",1,,false,1,19.90,19.90,true,1,
3883133883132,false,סביבון,צבע ומכחול (2014) בעמ,,,"י""ח",1,,false,1,7.90,7.90,false,1,
4000417022004,false,ריטר ספורט שוקולד חלב מעולה עם צימוקים ואגוזי לוז 100 גרם,ריטר ספורט Ritter sport,,,"י""ח",100,ל גרם,false,1,8.90,8.90,true,1,
4000417023001,false,ריטר ספורט שוקולד חלב מעולה עם שקדים שלמים,ריטר ספורט Ritter sport,,,"י""ח",100,ל גרם,false,1,10.90,10.90,true,1,
4000417025005,false,שוקולד מריר במילוי מרציפן ריטר ספורט 100 גרם,ריטר ספורט Ritter sport,,,"י""ח",100,ל גרם,false,1,8.90,8.90,true,1,
4000417026002,false,שוקולד ריטר ספורט פרלין 100 גרם חלב נוכרי,ריטר ספורט Ritter sport,,,"י""ח",100,ל גרם,false,1,8.90,8.90,true,1,
4000417101211,false,גלילי וופל עם קרם אגוזי לוז בציפוי שוקולד חלב,ליימן שליסל בע`מ,,,"י""ח",150,ל גרם,false,1,17.90,11.93,true,1,
4000417101310,false,אמיצ`לי עם קרם קקאו בציפוי שוקולד גלילי,ליימן שליסל בע`מ,,,"י""ח",150,ל גרם,false,1,17.90,11.93,true,1,
4000417212009,false,ריטר ספורט שוקולד מריר מעולה עם שקדים קצוצים וקליפות תפוז מסוכרות,ריטר ספורט Ritter sport,,,"י""ח",100,ל גרם,false,1,8.90,8.90,true,1,
4000417222008,false,שוקולד ריטר ספורט חלב+שברי אגוזים 100 גרם חלב נוכרי,ריטר ספורט Ritter sport,,,"י""ח",100,ל גרם,false,1,8.90,8.90,true,1,
4000522061752,false,בייגלה צ'יו מקלות מלוחים 100 גרם,ר.ב. מוצרי דגנים בעמ,,,"י""ח",100,ל גרם,false,1,3.90,3.90,false,1,
4000539280726,false,שוקולד לינדט אקסלנס מילד 70% 100 גר`,משה סידס ובנו בעמ,,,"י""ח",100,ל גרם,false,1,16.90,16.90,true,1,
4000539280740,false,לינדט אקסלנס 78% מוצקי קקאו 100 גרם,לינדט ושפרונגלי קילשברג,,,"י""ח",100,ל גרם,false,1,16.90,16.90,true,1,
4000869032569,false,"הפי מבשם ומטהר אויר ורוד מוצק יעקבי 150 מ""ל","יעקב יעקבי ובניו בע""מ",,,"י""ח",1,,false,1,10.20,10.20,false,1,
4002448019480,false,"סיליט באנג מסיר שומנים רב שימושי 750 מ""ל",רקיט בנקיזר (ניר איסט) בעמ,,,"י""ח",750,"ל מ""ל",false,1,12.90,1.72,false,1,
4002720005736,false,מליטה קפה לפילטר פרימיום 250 גרם,המאפיה של הרמן,,,"י""ח",250,ל גרם,false,1,15.90,6.36,false,1,
4004666042004,false,"מלרוד מרסס משמיד עובש יעקבי 500 מ""ל","יעקב יעקבי ובניו בע""מ",,,"י""ח",750,"ל מ""ל",false,1,29.90,3.99,false,1,
4004666111656,false,"ג'ל פעיל להשמדת עובש 250 מ""ל מרלוד",יעקב יעקבי ובניו בעמ,,,"י""ח",250,"ל מ""ל",false,1,29.90,11.96,false,1,
4005808366392,false,שפתון ליובש כחול קלאסי לבלו 48 גרם,טרופיקל דגיל תעשיות,,,"י""ח",1,,false,1,11.90,11.90,true,1,
4005808368280,false,שפתון ליובש דובדבן לבלו 48 גרם,טרופיקל דגיל תעשיות,,,"י""ח",1,"י""ח",false,1,11.90,11.90,true,1,
4008287058161,false,בירה קרומבאכר פילס 4.8% שישיה 6 * 330 מל,אגודת הכורמים -כרמל מזרחי,,,"י""ח",1.98,ליטר,false,1,37.90,18.23,true,1,
4009300522935,false,תה ירוק לימונית ולואיזה פומפדור 20 יחידות,"איטיליאן פוד, אס.פי.",,,"י""ח",30,ל גרם,false,1,16.90,56.33,true,1,
4009300522966,false,תה ירוק עם נענע פומפדור 20 יחידות,"איטיליאן פוד, אס.פי.",,,"י""ח",36,ל גרם,false,1,16.90,46.94,true,1,
4009300524588,false,חליטת צמחים פומפדור פירות יער 20 יחידות,ש. שסטוביץ בע`מ,,,"י""ח",300,ל גרם,false,1,14.90,4.97,true,1,
4009300525684,false,חליטת צמחים פומפדור ג'ינג'ר ולימון 20 יחידות,ש. שסטוביץ בע`מ,,,"י""ח",300,ל גרם,false,1,14.90,4.97,true,1,
4009300529514,false,תה חליטת פומפדור פירות אוכמניות 20 יח,ש.שסטוביץ בעמ,,,"י""ח",30,ל גרם,false,1,14.90,49.67,false,1,
4009300529552,false,תה חליטת פומפדור פירות אפרסק 20 יח,ש.שסטוביץ בעמ,,,"י""ח",30,ל גרם,false,1,14.90,49.67,false,1,
4009300530183,false,תה חליטת פומפדור תפוז ספרדי 20 יח,ש.שסטוביץ בעמ,,,"י""ח",44,ל גרם,false,1,15.90,36.14,false,1,
4009900385824,false,מסטיק אורביט פפרמינט סטיקס משפחתי-חמישיות,"מרס ריגלי ישראל בע""מ",,,"י""ח",5,"י""ח",false,1,9.90,1.98,false,1,
4009900402965,false,אורביט וויט בטעם פירות בקבוקון 46מלבניות,"מרס ריגלי ישראל בע""מ",,,"י""ח",90,ל גרם,false,1,10.50,11.67,true,1,
4009900403023,false,אורביט וויט בטעם מנטה בקבוקון 46 מלבניות,"מרס ריגלי ישראל בע""מ",,,"י""ח",90,ל גרם,false,1,10.50,11.67,true,1,
4009900420129,false,מסטיק אורביט פרופשנל פפרמינט בקבוקון 64 גר',"מרס ריגלי ישראל בע""מ",,,"י""ח",90,ל גרם,false,1,10.50,11.67,true,1,
4009900455299,false,"סוכרית ג'לי אדומה 174 גרם ""סקיטלס""","מרס ריגלי ישראל בע""מ",,,"י""ח",174,ל גרם,false,1,8.90,5.11,false,1,
4009900465304,false,סוכריות סקיטלס פירות חמוצים 174 גרם,"מרס ריגלי ישראל בע""מ",,,"י""ח",174,ל גרם,false,1,8.90,5.11,false,1,
4009900479998,false,אורביט וויט אוכמניות בקבוקון 46 מלבניות,"מרס ריגלי ישראל בע""מ",,,"י""ח",90,ל גרם,false,1,10.50,11.67,true,1,
4009900482417,false,מסטיק אורביט פירות מנטה בקבוקון באבל מינט 45יח,"מרס ריגלי ישראל בע""מ",,,"י""ח",90,ל גרם,false,1,10.50,11.67,true,1,
4009900500166,false,סוכריות פירות אדום סקיטלס בקבוקון 125ג',"מרס ריגלי ישראל בע""מ",,,"י""ח",1,,false,1,8.90,8.90,false,1,
4009900532327,false,סוכריות סקיטלס סמודיס בטעמי יוגורט ופירות,"מרס ריגלי ישראל בע""מ",,,"י""ח",38,ל גרם,false,1,3,7.89,false,1,
4009900535540,false,מסטיק אורביט רפרשרס פפרמינט ללא סוכר 15.6גר',"מרס ריגלי ישראל בע""מ",,,"י""ח",15,ל גרם,false,1,3.90,26,false,1,
4009900536257,false,מסטיק אורביט רפרשרס ספירמינט בקבוקון ללא סוכר 67 גר',מרס ריגלי קונפקשונרי,,,"י""ח",67,ל גרם,false,1,11.90,17.76,false,1,
4009900536288,false,מסטיק אורביט רפרשרס פפרמינט בקבוקון ללא סוכר 67 גר',מרס ריגלי קונפקשונרי,,,"י""ח",67,ל גרם,false,1,11.90,17.76,false,1,
4009900539685,false,"מסטיק פייב באונס בטעם מנטה בקבוקון, 61.8 גרם","מרס ריגלי ישראל בע""מ",,,"י""ח",67,ל גרם,false,1,11.90,17.76,true,1,
4009900539746,false,"מסטיק פייב באונס בטעם אבטיח בקבוקון, 61.8 גרם",מרס ריגלי ישראל בעמ,,,"י""ח",67,ל גרם,false,1,11.90,17.76,true,1,
4011800567613,false,מאגדת קורני מילק דרק & ואיט 120 גרם,מיוצר עי קונדיטוריית,,,"י""ח",1,,false,1,14.80,14.80,true,1,
4011800628512,false,חטיף קורני שוקולד חלב 6 יח 150 גר,מיוצר עי קונדיטוריית,,,"י""ח",150,ל גרם,false,1,11.90,7.93,true,1,
4011800636517,false,קורני פרי שוקולד חלב מעולה ללא סוכר 6*1,מיוצר עי קונדיטוריית,,,"י""ח",6,"י""ח",false,1,11.90,1.98,true,1,
4011800637514,false,חטיף קורני Corny Free עם שוקולד לבן ללא תוספת סוכר,מ.סידס ובנו בעמ,,,"י""ח",150,ל גרם,false,1,14.80,9.87,true,1,
4012273123009,false,נטרוגינה קרם ידיים 50 מל הסדרה הנורבגית,גונסון אנד גונסון,,,"י""ח",50,"ל מ""ל",false,1,24.90,49.80,true,1,
4013197767010,false,קבנדיש סוכריות בפחית בטעם פירות,שוקוטרייד בעמ,,,"י""ח",300,ל גרם,false,1,10.90,3.63,false,1,
4013197767034,false,קוונדיש סוכריות בפחית לימון,שוקוטרייד בעמ,,,"י""ח",300,ל גרם,false,1,10.90,3.63,false,1,
4014400900217,false,בונבונריית מרסי מבחר ממתקי שוקולד 400 גרם,קריניציה ויטמינה אס,,,"י""ח",400,ל גרם,false,1,49.90,12.48,true,1,
4014400901191,false,בונבונריית מרסי מבחר ממתקי שוקולד 250 גרם,ליימן שליסל בע`מ,,,"י""ח",250,ל גרם,false,1,25.50,10.20,true,1,
4014400901412,false,מרסי בונבוניירה שוק`מריר 250 גר כשלפ,ליימן שליסל בע`מ,,,"י""ח",250,ל גרם,false,1,25.50,10.20,false,1,
4014400904277,false,סוכריות בטעם מנטה אייס פרש סטורק 425 גרם,ליימן שליסל בע`מ,,,"י""ח",425,ל גרם,false,1,14.90,3.51,true,1,
4014400904307,false,סוכריות בטעם פירות קליפורניה סטורק 425 גרם,קריניציה ויטמינה אס,,,"י""ח",425,ל גרם,false,1,14.90,3.51,true,1,
4014400904376,false,סוכריות טופי בטעם שוקולד סטורק 325 גרם,קריניציה ויטמינה אס,,,"י""ח",325,ל גרם,false,1,14.90,4.58,true,1,
4014400904390,false,סוכריות טופי ממולא חלב סטורק 325 גרם,קריניציה ויטמינה אס,,,"י""ח",325,ל גרם,false,1,14.90,4.58,true,1,
4014400910063,false,סוכריות חמאה וורטרס אורגינל (135 גרם),ליימן שליסל בע`מ,,,"י""ח",135,ל גרם,false,1,9.90,7.33,true,1,
4014400914696,false,וורטרס אורגינל סוכריות ללא סוכר 80 גרם,ליימן שליסל בע`מ,,,"י""ח",1,,false,1,10,10,true,1,
4014400920857,false,וורטר אורגינל ללא סוכר בטעם שוקולד-שקית 70 גרם,קריניציה ויטמינה אס,,,"י""ח",70,ל גרם,false,1,8.90,12.71,true,1,
4014400923711,false,בונבוניירה שוקולד אגוזים טופיפי 125 גרם,ליימן שליסל בע`מ,,,"י""ח",125,ל גרם,false,1,12.90,10.32,true,1,
4014400925319,false,וורטרס אורגינל פופקורן קרמל 140 גרם,ליימן שליסל בע`מ,,,"י""ח",140,ל גרם,false,1,15.90,11.36,true,1,
4015000031394,false,"ספטיל - משחה להסרת כתמים 200 מ""ל",גורי שיווק בעמ,,,"י""ח",200,ל גרם,false,1,18.20,9.10,false,1,
4015000940948,false,מרכך גליס Gliss שיקום נזק קיצוני אולטימט ריפייר,שוורצקוף Schwarzkopf,,,"י""ח",400,"ל מ""ל",false,1,18.90,4.73,true,1,
4015000940955,false,שמפו גליס Gliss שיקום נזק קיצוני אולטימט ריפייר,שוורצקופף והנקל,,,"י""ח",400,"ל מ""ל",false,1,18.90,4.73,true,1,
4015400564034,false,מגן תחתון אולוויז מגה פק לונג פלוס 58 יחידות,דיפלומט מפיצים (1986) בע`מ,,,"י""ח",58,"י""ח",false,1,19.90,0.34,true,1,
4015400564454,false,מגני תחתון אולוויז לארג' עם ניחוח מגה פק,דיפלומט מפיצים (1986) בע`מ,,,"י""ח",1,,false,1,19.90,19.90,true,1,
4015400681670,false,תחבושות אולוויז וליו פק לילה בטוח 18 יחידות,דיפלומט מפיצים (1986) בע`מ,,,"י""ח",1,,false,1,19.90,19.90,true,1,
4015400731719,false,תחבושות היגייניות אולוויז יום ולילה Day & Night,דיפלומט מפיצים (1986) בע`מ,,,"י""ח",1,,false,1,19.90,19.90,true,1,
4015400755241,false,תחבושות היגייניות אולוויז אולטרה נורמל - 28 יח',דיפלומט מפיצים (1986) בע`מ,,,"י""ח",1,,false,1,19.90,19.90,true,1,
4015400755487,false,תחבושות היגייניות אולוויז אולטרה לונג - 24 יח',דיפלומט מפיצים (1986) בע`מ,,,"י""ח",1,,false,1,19.90,19.90,true,1,
4015600762742,false,שמפו יומיומי למניעת קשקשים הנוסחה הקלאסית,דיפלומט מפיצים (1986) בע`מ,,,"י""ח",500,"ל מ""ל",false,1,21.90,4.38,false,1,
4015600762940,false,שמפו יומיומי למניעת קשקשים בניחוח תפוח,דיפלומט מפיצים (1986) בע`מ,,,"י""ח",500,"ל מ""ל",false,1,21.90,4.38,false,1,
4015600763022,false,שמפו יומיומי למניעת קשקשים לשיער יבש/פגום לשיער רך כמשי,דיפלומט מפיצים (1986) בע`מ,,,"י""ח",500,"ל מ""ל",false,1,21.90,4.38,false,1,
4017100219900,false,בלזן וופלטן וופל מגולגל מצופה שוקולד חלב 100 גרם,הדקלאים אגודת שיתופי,,,"י""ח",100,ל גרם,false,1,13.90,13.90,true,1,
4017100290008,false,בלזן בסקויט חמאה מצופה שוקולד חלב 125 גרם,הדקלאים אגודת שיתופי,,,"י""ח",125,ל גרם,false,1,13.90,11.12,true,1,
4017100364112,false,בלזן היט בסקוויט סנדביץ עם מלית קרם בטעם שוקולד קקאו (41%) 220 גרם,הדקלאים אגודת שיתופי,,,"י""ח",220,ל גרם,false,1,7.90,3.59,true,1,
4022025261002,false,"בלו ווין גוורצטרמינר כשר 750 מ""ל",היכל היין שקד גולן בעמ,,,"י""ח",750,"ל מ""ל",false,1,49.90,6.61,true,1,
4023800231647,false,בונבוניירה מוצארט 200 גרם Mozartkugeln,שוקוטרייד בעמ,,,"י""ח",200,ל גרם,false,1,20.90,10.45,false,1,
4025700001962,false,מילקה טבלה 100 גר' לבן 1/22 (4248023),דיפלומט מפיצים (1968) בעמ**,,,"י""ח",100,ל גרם,false,1,6.50,6.50,true,1,
4033100013348,false,סיגריות אל די כחול ארוך בודד,גלוברנדס בעמ - שיווק סיגריות,,,"י""ח",1,,false,1,27.50,27.50,false,1,
4033100014529,false,סיגריות אל די סלים בודד,גלוברנדס בעמ - שיווק סיגריות,,,"י""ח",1,,false,1,25,25,false,1,
4033100024146,false,סיגריות ווינסטון קוד בודד,גלוברנדס בעמ - שיווק סיגריות,,,"י""ח",1,,false,1,31,31,false,1,
4033100024252,false,סיגריות ווינסטון אקווה בודד,גלוברנדס בעמ - שיווק סיגריות,,,"י""ח",1,,false,1,31,31,false,1,
4033100038914,false,טבק כאמל צהוב + נייר גלגול 30ג',גלוברנדס בעמ - שיווק סיגריות,,,"י""ח",1,,false,1,75,75,false,1,
4033100046490,false,סיגריות ווינסטון אקווה ארוך בודד,גלוברנדס בעמ - שיווק סיגריות,,,"י""ח",1,,false,1,31,31,false,1,
4033100064036,false,וינסטון כחול טבק לגלגול חפיסה,גלוברנדס בעמ - שיווק סיגריות,,,"י""ח",1,,false,1,75,75,false,1,
4084500149526,false,טייד גל כביסה 2.48 ליטר אלפים רענן,דיפלומט מפיצים (1986) בע`מ,,,"י""ח",2.48,ליטר,false,1,29.90,12.06,false,1,
4084500853836,false,"נוזל כלים פיירי ורדים ומשי 515 מ""ל בד""צ",דיפלומט מפיצים (1986) בע`מ,,,"י""ח",1.24,ליטר,false,1,10.90,8.79,false,1,
4084500853898,false,"נוזל כלים פיירי אלוורה ומלפפונים 515 מ""ל בד""צ",דיפלומט מפיצים (1986) בע`מ,,,"י""ח",515,"ל מ""ל",false,1,10.90,2.12,false,1,
4105120623941,false,"בירה ויינשטפן בק' ח""פ 500 מ""ל",החברה המרכזית להפצת משקאות בעמ,,,"י""ח",500,"ל מ""ל",false,1,11.90,2.32,true,1,
4210201262183,false,מברשת שיניים חשמלית ויטליטי Vitality נטענת,דיפלומט מפיצים (1968) בעמ,,,"י""ח",1,,false,1,99.90,99.90,true,1,
4600659010854,false,וודקה סטוליצ`יניה (700 מל),הכרם -משקאות חריפים בע`מ,,,"י""ח",700,"ל מ""ל",false,1,70.20,9.99,true,1,
4605561010343,false,פילה דג הרינג חתיכות בשמן 500 גרם,דילר בי.אמ.די פורמולה בעמ,,,"י""ח",500,ל גרם,false,1,26.90,5.38,true,1,
4605561013009,false,פילה דג הרינג בשמן 400 גרם,דילר בי.אם.די. פורמולה בעמ,,,"י""ח",400,ל גרם,false,1,15.90,3.98,true,1,
4710964104916,false,"שמן שומשום טהור 370 מ""ל (כ)",מזרח ומערב יבוא ושיווק,,,"י""ח",370,"ל מ""ל",false,1,22.90,6.19,false,1,
4715896311357,false,זוג דבק מהיר,צבע ומכחול (2014) בעמ,,,"י""ח",1,,false,1,5.90,5.90,false,1,
4770237049313,false,גלידת שמנת פלומביר בטעם וניל עם שקדים בציפוי צמקאו על מקל 63 גר' SVALIA,אייס דילר בי.אמ.די בעמ,,,"י""ח",63,ל גרם,false,1,5.90,9.37,true,1,
4770237049443,false,גלידת שמנת בטעם קרמל- קרם ברולה פלומביר בגביע וופל אישי 70 גר' SVALIA,אייס דילר בי.אמ.די בעמ,,,"י""ח",70,ל גרם,false,1,5.90,8.43,true,1,
4770237049450,false,גלידת שמנת בטעם וניל בגביע וופל אישי פלומביר 70 גר' SVALIA,אייס דילר בי.אמ.די בעמ,,,"י""ח",70,ל גרם,false,1,5.90,8.43,true,1,
4770237050432,false,גלידת שמנת בטעם שוקולד פלומביר בגביע וופל אישי 70 גר' SVALIA,אייס דילר בי.אמ.די בעמ,,,"י""ח",70,ל גרם,false,1,5.90,8.43,true,1,
4770237052092,false,גלידת שמנת בטעם וניל בציפוי צימקאו בגביע וופל אישי 85 גר' SVALIA,אייס דילר בי.אמ.די בעמ,,,"י""ח",85,ל גרם,false,1,5.90,6.94,true,1,
4770237054423,false,גלידת ס שרבט מנגו עם אפרסק בגביע וופל אישי 85 גר' SVALIA,אייס דילר בי.אמ.די בעמ,,,"י""ח",85,ל גרם,false,1,5.90,6.94,true,1,
4800888210197,false,דאו דאב סטיק אנטיפרספירנט קוקוס ויסמין50,"יוניליוור ישראל שיווק בע""מ",,,"י""ח",50,ל גרם,false,1,19.90,39.80,true,1,
4800888219534,false,דאב - דאודורנט סטיק לאישה אנטי פרספירמט 50 גרם,יוניליוור ישראל שיווק בע`מ,,,"י""ח",76,ל גרם,false,1,19.90,26.18,true,1,
4810168000011,false,פילה דג הרינג מלוח מצונן 250 גרם,דילר בי.אם.די. פורמולה בעמ,,,"י""ח",250,ל גרם,false,1,13.90,5.56,true,1,
4810168000066,false,פילה דג הרינג מלוח מצונן עם תבלינים 250 גרם,דילר בי.אם.די. פורמולה בעמ,,,"י""ח",250,ל גרם,false,1,13.90,5.56,true,1,
4810168001056,false,פילה דג הרינג מלוח מצונן בצנצנת חתיכות 260גרם,דילר בי.אם.די. פורמולה בעמ,,,"י""ח",260,ל גרם,false,1,17.90,6.88,false,1,
4810168019051,false,חתיכות פילה דג הרינג מלוח מצונן עם תבלין 200גרם,דילר בי.אם.די. פורמולה בעמ,,,"י""ח",200,ל גרם,false,1,13.90,6.95,true,1,
4810168045098,false,גלידת שמנת בטעם קרם ברולה בגביע וופל YUKKI,אייס דילר בי.אמ.די בעמ,,,"י""ח",75,ל גרם,false,1,5.90,7.87,true,1,
4810168047351,false,בצק עלים מרודד מוקפא 450 גרם,דילר בי.אמ.די פורמולה בעמ,,,"י""ח",450,ל גרם,false,1,8.90,1.98,true,1,
4810168049928,false,"בלינצ'ס במילוי תפו""א ופטריות מוקפאים 420 גרם",דילר בי.אמ.די פורמולה בעמ,,,"י""ח",420,ל גרם,false,1,13.90,3.31,true,1,
4810168051570,false,"בלינצ'ס במילוי תפו""ץ וקינמון מוקפא 360 גרם",דילר בי.אם.די. פורמולה בעמ,,,"י""ח",360,ל גרם,false,1,13.90,3.86,true,1,
4810168055011,false,כיסונים במילוי גבינת טבורוג מוקפאים 450 גרם,דילר בי.אם.די פורמולה בעמ,,,"י""ח",450,ל גרם,false,1,15.90,3.53,true,1,
4810168055066,false,"כיסונים במילוי תפו""א ופטריות מוקפאים 450 גרם",דילר בי.אם.די. פורמולה בעמ,,,"י""ח",450,ל גרם,false,1,12.90,2.87,true,1,
4810168055080,false,כיסונים במילוי כרוב ופטריות מוקפאים 450 גרם,דילר בי.אמ.די פורמולה בעמ,,,"י""ח",450,ל גרם,false,1,12.90,2.87,true,1,
4810168055882,false,חתיכות פילה דג הרינג ממולח בשמן 1200 גרם,דילר בי.אם.די. פורמולה בעמ,,,"י""ח",1.20,"ק""ג",false,1,39.90,33.25,false,1,
4810168055899,false,פילה דג הרינג מומלח בשמן מצונן 1200 גרם,דילר בי.אם.די. פורמולה בעמ,,,"י""ח",1.20,"ק""ג",false,1,39.90,33.25,false,1,
4810168055905,false,פילה דג הרינג סקנדינבי ממולח בשמן 1200 גרם,דילר בי.אם.די. פורמולה בעמ,,,"י""ח",1.20,"ק""ג",false,1,39.90,33.25,false,1,
4810168057510,false,חתיכות פילה דג הרינג מתובל מלוח בשמן 400 גרם,דילר בי.אם.די. פורמולה בעמ,,,"י""ח",400,ל גרם,false,1,26.90,6.73,true,1,
4810168058982,false,חתיכות פילה דג הרינג סקנדינבי מלוח בשמן 400 גר,דילר בי.אם.די. פורמולה בעמ,,,"י""ח",400,ל גרם,false,1,26.90,6.73,true,1,
4810168058999,false,פילה דג הרינג סקנדינבי מלוח מצונן 250 גרם,דילר בי.אמ.די פורמולה בעמ,,,"י""ח",250,ל גרם,false,1,13.90,5.56,true,1,
4810168062170,false,"כיסונים במילוי תפו""א ובצל מוקפאים 450 גר",דילר בי.אמ.די פורמולה בעמ,,,"י""ח",450,ל גרם,false,1,14.90,3.31,true,1,
4810168062200,false,בלינצ`ס פרווה במילוי דובדבן 360גר קפוא,דילר בי.אמ.די פורמולה בעמ,,,"י""ח",360,ל גרם,false,1,15.90,4.42,true,1,
4815387002136,false,ערכת תה מתנה 12 סוגי תה וחליטת וצמחים דלהי 60 יח',דילר בי.אמ.די.אינטרנשיונל בעמ,,,"י""ח",60,"י""ח",false,1,32.90,0.55,false,1,
4820154722469,false,גלידה בטעם וניל בכוס אסקימוס 80 גרם,אייס דילר בי.אמ.די בעמ,,,"י""ח",80,ל גרם,false,1,5.90,7.38,true,1,
4820154723275,false,גלידה בטעם וניל בציפוי שוקולד מריר בכוס אסקימוס 80 גרם,אייס דילר בי.אמ.די בעמ,,,"י""ח",80,ל גרם,false,1,5.90,7.38,true,1,
4820154725187,false,גלידה בטעם שוקולד בציפוי שוקולד מריר בכוס אסקימוס 80 גרם,אייס דילר בי.אמ.די בעמ,,,"י""ח",80,ל גרם,false,1,5.90,7.38,true,1,
4823077613630,false,חטיף שוקולד רושן ממולה קרם בורלה 43 גרם,דילר בי.אמ.די.אינטרנשויונל בעמ,,,"י""ח",40,ל גרם,false,1,3.90,9.75,true,1,
4823077614675,false,48230776ביסקוויט לקפה רושן בטעם חלב 18,דילר בי.אמ.די.אינטרנשויונל בעמ,,,"י""ח",185,ל גרם,false,1,3.90,2.11,true,1,
4823077614699,false,ביסקוויט לקפה רושן בטעם חמאה וניל 185 גרם,דילר בי.אמ.די.אינטרנשויונל בעמ,,,"י""ח",185,ל גרם,false,1,3.90,2.11,true,1,
4823077614767,false,שוקולד רושן חלב נוגט בטעם אגוזי לוז 90 גרם,דילר בי.אמ.די.אינטרנשויונל בעמ,,,"י""ח",90,ל גרם,false,1,4.90,5.44,true,1,
4823077617041,false,חטיף שוקולד רושן ממולה קרם קרמל 43 גרם,דילר בי.אמ.די.אינטרנשויונל בעמ,,,"י""ח",43,ל גרם,false,1,3.90,9.07,true,1,
4823077624223,false,"רושן ממתקי סוכריות ג'ילי ""בוני פרוט"" בטעמי פירות 200 גר",דילר בי.אמ.די.אינטרנשויונל בעמ,,,"י""ח",200,ל גרם,false,1,6.90,3.45,true,1,
4823077624247,false,"רושן ממתקי סוכריות ג'ילי ""בוני פרוט"" בטעם הדרים 200 גר",דילר בי.אמ.די.אינטרנשויונל בעמ,,,"י""ח",200,ל גרם,false,1,6.90,3.45,true,1,
4823077625145,false,ממתקי שוקולד מריר עם דובדבן בליקר דובדבן,דילר בי.אמ.די.אינטרנשויונל בעמ,,,"י""ח",150,ל גרם,false,1,12.90,8.60,true,1,
4823077625589,false,וופל וואפרס חלב רושן 216 גר,דילר בי.אמ.די.אינטרנשויונל בעמ,,,"י""ח",216,ל גרם,false,1,6.90,3.19,true,1,
4823077625602,false,וופל וואפרס שוקולד רושן 216 גר,דילר בי.אמ.די.אינטרנשויונל בעמ,,,"י""ח",216,ל גרם,false,1,6.90,3.19,true,1,
4823077625626,false,וופל וואפרס אגוז רושן 216 גר,דילר בי.אמ.די.אינטרנשויונל בעמ,,,"י""ח",216,ל גרם,false,1,6.90,3.19,true,1,
4823077626203,false,שוקולד רושן אורירי מריר 80 גרם,דילר בי.אמ.די.אינטרנשויונל בעמ,,,"י""ח",80,ל גרם,false,1,6.90,8.63,true,1,
4823077626227,false,שוקולד רושן אורירי חלב 80 גרם,דילר בי.אמ.די.אינטרנשויונל בעמ,,,"י""ח",80,ל גרם,false,1,6.90,8.63,true,1,
4823077626241,false,שוקולד רושן אורירי לבן קרמל 80 גרם,דילר בי.אמ.די.אינטרנשויונל בעמ,,,"י""ח",80,ל גרם,false,1,6.90,8.63,true,1,
4823077626364,false,שוקולד רושן אורירי לבן 80 גרם,דילר בי.אמ.די.אינטרנשויונל בעמ,,,"י""ח",80,ל גרם,false,1,6.90,8.63,true,1,
4823077630439,false,"סנדוויץ' קרקר שוקולד רושן 235 גרם "" 2 CRACK """,דילר בי.אמ.די.אינטרנשויונל בעמ,,,"י""ח",235,ל גרם,false,1,9.90,4.21,true,1,
4823077630996,false,"סנדוויץ' קרקר קקאו-אגוז רושן 235 גרם "" 2 CRACK """,דילר בי.אמ.די.אינטרנשויונל בעמ,,,"י""ח",235,ל גרם,false,1,9.90,4.21,true,1,
4823077631467,false,קרקר עם מלח ים רושן 168 גר HI DAY,דילר בי.אמ.די.אינטרנשויונל בעמ,,,"י""ח",168,ל גרם,false,1,4.90,2.92,true,1,
4823077631474,false,קרקר קלאסי רושן 168 גר HI DAY,דילר בי.אמ.די.אינטרנשויונל בעמ,,,"י""ח",168,ל גרם,false,1,4.90,2.92,true,1,
4823077632112,false,וופל רושן בטעם קקאו חלב 2.16 גר`,דילר בי.אמ.די.אינטרנשויונל בעמ,,,"י""ח",216,ל גרם,false,1,6.90,3.19,true,1,
4823077632259,false,חטיף שוקולד רושן עם בוטנים 43 גרם,דילר בי.אמ.די.אינטרנשויונל בעמ,,,"י""ח",40,ל גרם,false,1,3.90,9.75,true,1,
4823077632570,false,שוקולד רושן BRUT מריר 85 גרם,דילר בי.אמ.די.אינטרנשויונל בעמ,,,"י""ח",85,ל גרם,false,1,6.90,8.12,true,1,
4823077632587,false,שוקולד רושן חלב עם שקד שלם 90 גר` LACMI,דילר בי.אמ.די.אינטרנשויונל בעמ,,,"י""ח",90,ל גרם,false,1,7.90,8.78,true,1,
4823077632594,false,שוקולד רושן חלב עם אגוז שלם 90 גר` LACMI,דילר בי.אמ.די.אינטרנשויונל בעמ,,,"י""ח",90,ל גרם,false,1,7.90,8.78,true,1,
4823077633508,false,חטיף שוקולד רושן במילוי קרם קקאו מצופה 34 גרם,דילר בי.אמ.די.אינטרנשויונל בעמ,,,"י""ח",34,ל גרם,false,1,3.90,11.47,true,1,
4823077633515,false,חטיף שוקולד רושן במילוי קרם חלבי מצופה 34 גרם,דילר בי.אמ.די.אינטרנשויונל בעמ,,,"י""ח",34,ל גרם,false,1,3.90,11.47,true,1,
4823077634178,false,עוגיות רושן LOVITA במילוי תפוח קינמון 168 גרם,דילר בי.אמ.די.אינטרנשויונל בעמ,,,"י""ח",168,ל גרם,false,1,6.90,4.11,true,1,
4823077634192,false,עוגיות רושן LOVITA במילוי דובדבן וניל 168 גרם,דילר בי.אמ.די.אינטרנשויונל בעמ,,,"י""ח",168,ל גרם,false,1,6.90,4.11,true,1,
4823077634222,false,עוגיות Lovita ממולאות ג'לי תפוז מצופות צימקאו,דילר בי.אמ.די.אינטרנשויונל בעמ,,,"י""ח",168,ל גרם,false,1,6.90,4.11,true,1,
4823077634246,false,עוגיות Lovita ממולאות ג'לי פטל מצופות צימקאו,דילר בי.אמ.די.אינטרנשויונל בעמ,,,"י""ח",168,ל גרם,false,1,6.90,4.11,true,1,
4823077634369,false,שוקולד רושן חלב אוורירי ופצפוצי אורז 85 גר LACMI CRISP,דילר בי.אמ.די.אינטרנשויונל בעמ,,,"י""ח",85,ל גרם,false,1,6.90,8.12,true,1,
4823077636110,false,עוגיות תפוז LOVITAי 420 גרם,דילר בי.אמ.די.אינטרנשויונל בעמ,,,"י""ח",420,ל גרם,false,1,16.90,4.02,true,1,
4823077636172,false,וופל רושן בטעם לימון 216 גרם,דילר בי.אמ.די.אינטרנשויונל בעמ,,,"י""ח",216,ל גרם,false,1,6.90,3.19,true,1,
4823077636332,false,עוגיות רושן במילוי קרם ש. 127גר LOVITA,דילר בי.אמ.די.אינטרנשויונל בעמ,,,"י""ח",127,ל גרם,false,1,6.90,5.43,true,1,
4823077636400,false,עוגיות רושן במילוי קרם חלב 127גר LOVIT,דילר בי.אמ.די.אינטרנשויונל בעמ,,,"י""ח",127,ל גרם,false,1,6.90,5.43,true,1,
4823077636417,false,עוגיות רושן במילוי קרם אגוזים 127 גר`,דילר בי.אמ.די.אינטרנשויונל בעמ,,,"י""ח",127,ל גרם,false,1,6.90,5.43,true,1,
4823077636554,false,סוכריות ממולאות קרם בטעם חלב טיפת חלב 378 גרם,דילר בי.אמ.די.אינטרנשויונל בעמ,,,"י""ח",378,ל גרם,false,1,11.90,3.15,true,1,
4823077636561,false,סוכריות ממולאות בטעם חלב קפה קפה לייק 378 גרם,דילר בי.אמ.די.אינטרנשויונל בעמ,,,"י""ח",378,ל גרם,false,1,11.90,3.15,true,1,
4823077636578,false,סוכריות טופי כוס חלב מילקי ספלאש 325 גרם,דילר בי.אמ.די.אינטרנשויונל בעמ,,,"י""ח",325,ל גרם,false,1,11.90,3.66,true,1,
4823077636592,false,רושן סוכריות ג'לי קרייזי פצ'ולקה 378 גרם,דילר בי.אמ.די.אינטרנשויונל בעמ,,,"י""ח",378,ל גרם,false,1,11.90,3.15,true,1,
4823077636608,false,רושן סוכריות טופי במילוי שוקולד טופלין 325 גרם,דילר בי.אמ.די.אינטרנשויונל בעמ,,,"י""ח",325,ל גרם,false,1,11.90,3.66,true,1,
4895149084891,false,שלישיית נורות לד 12W=75W הברגה E27 אור ח,פוגיקום בעמ,,,"י""ח",1,,false,1,24.90,24.90,true,1,
4903001904192,false,"רוטב סויה יאמאסה פרימיום 500מ""ל",הדקלאים אגודת שיתופי,,,"י""ח",500,"ל מ""ל",false,1,17.90,3.58,false,1,
4903001904208,false,רוטב סויה יאמאסה פרימיום 1 ליטר,הדקלאים אגודת שיתופי,,,"י""ח",1,ליטר,false,1,31.90,31.90,false,1,
4903001925784,false,"רוטב סויה יאמאסה דל מלח 500מ""ל פרימיום",הדקלאים אגודת שיתופי,,,"י""ח",500,"ל מ""ל",false,1,19.90,3.98,false,1,
4903001945706,false,"רוטב יאמאסה פונזו לתיבול 500 מ""ל",ליימן שליסל,,,"י""ח",500,"ל מ""ל",false,1,19.90,3.98,false,1,
5000054351900,false,פריסקיס דגי אוקינוס וטונה 156גר`,קבוצת אוסם סחר-שות.מוגבלת,,,"י""ח",156,ל גרם,false,1,7.40,4.74,false,1,
5000146048671,false,סילבו מטליות לניקוי והברקה 75גר,רקיט בנקיזר (ניר איסט) בעמ,,,"י""ח",75,ל גרם,false,1,20.90,27.87,false,1,
5000157143365,false,מתבל בטעם מיונז וקטשופ היינץ 425 גרם,דיפלומט מפיצים (1968) בעמ**,,,"י""ח",425,ל גרם,false,1,14.90,3.51,false,1,
5000159376655,false,סוכריות SKITTLES פירות קטן 38 גרם אדום,"מרס ריגלי ישראל בע""מ",,,"י""ח",38,ל גרם,false,1,3,7.89,false,1,
5000159407236,false,מרס חטיף שוקולד עם קרמל 51 גרם,"מרס ריגלי ישראל בע""מ",,,"י""ח",51,ל גרם,false,1,4.50,8.82,true,1,
5000159452540,false,סניקרס חטיף שוקולד עם בוטנים חמישייה ברי,"מרס ריגלי ישראל בע""מ",,,"י""ח",180,ל גרם,false,1,12.90,7.17,false,1,
5000159459228,false,חטיף אצבעות קרמל ושוקולד טוויקס (50 גרם),"מרס ריגלי ישראל בע""מ",,,"י""ח",50,ל גרם,false,1,4.50,9,true,1,
5000159461122,false,סניקרס חטיף שוקולד עם בוטנים 50 גרם,"מרס ריגלי ישראל בע""מ",,,"י""ח",51,ל גרם,false,1,4.50,8.82,true,1,
5000159538626,false,טוויקס מארז חטיף 50 גרם חמישייה,"מרס ריגלי ישראל בע""מ",,,"י""ח",180,ל גרם,false,1,12.90,7.17,false,1,
5000204153729,false,מטהר אוויר גלייד מילוי אוטומטי לבנדר וניל,המאפיה של הרמן,,,"י""ח",269,"ל מ""ל",false,1,15.90,5.91,false,1,
5000204153903,false,מטהר אוויר גלייד מילוי אוטומטי מרכך כביסה,"קוסטר אירוסול ואלף סאן,",,,"י""ח",269,"ל מ""ל",false,1,15.90,5.91,false,1,
5000204155723,false,"גלייד מארז אוטומטי-בניחות מרכך כביסה 269 מ""ל",קוסטר אירוסול ואלף סאן,,,"י""ח",269,"ל מ""ל",false,1,39.90,14.83,false,1,
5000204156218,false,מבשם אויר אוטומטי בניחוח לבנדר גלייד 269,יצרן אירוסול: קוסטור איר,,,"י""ח",269,"ל מ""ל",false,1,39.90,14.83,false,1,
5000204167856,false,"מטהר אוויר גלייד מילוי אוטומטי פסטיבל קינמון 269 מ""ל","קוסטר אירוסול ואלף סאן,",,,"י""ח",269,"ל מ""ל",false,1,15.90,5.91,false,1,
5000204196658,false,רייד ליתושים נוזל מילוי 45לילות,גונסון שנגחאי,,,"י""ח",1,,false,1,20.30,20.30,false,1,
5000204196689,false,"RAID מכשיר חשמלי +נוזל מילוי 90 לילות 2*36 מ""ל","דנשר (1963) בע,מ",,,"י""ח",1,,false,1,45.90,45.90,false,1,
5000204225655,false,"מטהר אוויר גלייד מילוי אוטומטי מסיבת פטל 269 מ""ל",דנשר (1963) בעמ,,,"י""ח",269,"ל מ""ל",false,1,15.90,5.91,false,1,
5000204227161,false,"גלייד מבשם ריח מקלות ניחוח הפרדס 80 מ""ל","דנשר (1963) בע,מ",,,"י""ח",80,"ל מ""ל",false,1,29.90,37.38,true,1,
5000204657883,false,קיווי משחת נעליים בקופסא חום 50 מל,ג' אל ראיה בוגור ג'א,,,"י""ח",50,ל גרם,false,1,5.80,11.60,false,1,
5000204657913,false,קיווי משחת נעליים בקופסא שחור 50 מ`ל,ג' אל ראיה בוגור,,,"י""ח",50,ל גרם,false,1,5.80,11.60,false,1,
5000219009295,false,פאל מאל אדום ארוך האוס עשירייה,גלוברנדס בעמ - שיווק סיגריות,,,"י""ח",1,,false,1,290,290,false,1,
5000267014234,false,וויסקי ג'וני ווקר רד לייבל Red label,החברה המרכזית להפצת משקאות בעמ,,,"י""ח",700,"ל מ""ל",false,1,79.90,11.37,false,1,
5010026515940,false,מורנפלייק מוזלי פרוטי 750 גרם,מורנפלייק Mornflake,,,"י""ח",650,ל גרם,false,1,24.90,3.83,false,1,
5010029000252,false,וויטביקס תערובת דגנים מחיטה מלאה 430 גרם,ר.ב. מוצרי דגנים בעמ,,,"י""ח",430,ל גרם,false,1,23.90,5.56,false,1,
5010182996799,false,ג'ל אסלה מנטרל ריחות בניחוח פרחי בר ורודים,דאופלור אס.פי.אי איט,,,"י""ח",1,,false,1,12.90,12.90,false,1,
5010182997338,false,דאק ג'ל לניקוי אסלות בניחוח רענן 55 מל,"איטיליאן פוד, אס.פי.",,,"י""ח",55,ל גרם,false,1,12.90,23.45,false,1,
5010182997680,false,"ארוסול-קוטל זוחלים אדום 400 מ""ל",אס.סי.ג'ונסון מידרכט,,,"י""ח",400,"ל מ""ל",false,1,14.90,3.73,false,1,
5010182998861,false,דאק נוזל לניקוי אסלות בניחוח רענן 750 מל,מיוצר עי קונדיטוריית,,,"י""ח",750,"ל מ""ל",false,1,8.90,1.19,false,1,
5010327000107,false,"גרנטס וויסקי חצי 375מ""ל",הכרם משקאות חריפים בעמ,,,"י""ח",375,"ל מ""ל",false,1,54.90,14.56,true,1,
5010327399614,false,"גלנפידיך 12 אמריקן אווק כשר 700 מ""ל",הכרם - משקאות חריפים בעמ,,,"י""ח",750,"ל מ""ל",false,1,219.90,29.28,true,1,
5010677551397,false,"בקרדי בריזר בטעם לימון ליים 275 מ""ל",בקרדי בריזר Bacardi Breezer,,,"י""ח",275,"ל מ""ל",false,1,14.20,5.05,true,1,
5010677552387,false,"בקרדי בריזר אננס 275 מ""ל בקבוק",בקרדי בריזר Bacardi Breezer,,,"י""ח",275,"ל מ""ל",false,1,14.20,5.05,true,1,
5010677554398,false,בריזר אבטיח בבקבוק בקרדי (275 מל),בקרדי בריזר Bacardi Breezer,,,"י""ח",275,"ל מ""ל",false,1,14.20,5.05,true,1,
5010677850100,false,"וודקה צרפתית גריי גוס 700מ""ל",בקרדי מרטיני,,,"י""ח",750,"ל מ""ל",false,1,109.90,14.61,false,1,
5011157671222,false,"טילדה אורז בסמטי חום מלא 1 ק""ג",ש.שסטוביץ בעמ,,,"י""ח",1,"ק""ג",false,1,19.90,19.90,false,1,
5011157730271,false,אורז יסמין לבן ארוך טילדה,ש.שסטוביץ בעמ,,,"י""ח",1,"ק""ג",false,1,19.90,19.90,false,1,
5014271310428,false,מעדן דובדבנים שחורים ללא תוספת סוכר 284 גרם,סאן דלפור - שמבור,,,"י""ח",284,ל גרם,false,1,23.90,8.42,true,1,
5014271350424,false,מעדן ארבעה פירות ללא תוספת סוכר 284 גרם,סאן דלפור - שמבור,,,"י""ח",284,ל גרם,false,1,23.90,8.42,true,1,
5014271370422,false,מעדן אפרסקים ללא תוספת סוכר 284 גרם,סאן דלפור - שמבור,,,"י""ח",284,ל גרם,false,1,23.90,8.42,true,1,
5014271400426,false,"מעדן בטעם תות שדה לל""ס סאן דלפור 284 גרם",נטו מלינדה סחר בעמ,,,"י""ח",284,ל גרם,false,1,23.90,8.42,true,1,
5014271560427,false,מעדן תפוז וג'ינג'ר ללא סוכר סאן דלפור 284 גר,סאן דלפור - שמבור,,,"י""ח",284,ל גרם,false,1,23.90,8.42,true,1,
5014271795980,false,מעדן חמוציות ואוכמניות ללא תוספת סוכר 284 גרם,א. סיימן סחר בעמ,,,"י""ח",284,ל גרם,false,1,23.90,8.42,true,1,
5014379009972,false,בירה לאגר באדוויזר פחית 500 מל,הכרם - משקאות חריפים בעמ,,,"י""ח",500,"ל מ""ל",false,1,8.90,1.72,true,1,
5029053002408,false,קלינקס - נייר טואולט קליניקס לבן 9 גלילים,קימברלי קלארק ישראל שיווק בעמ,,,"י""ח",1184,ל גרם,false,1,31.90,2.69,false,1,
5029053002439,false,קלינקס - נייר טואולט קליניקס צהוב 9 גלילים,קימברלי קלארק ישראל שיווק בעמ,,,"י""ח",1184,ל גרם,false,1,31.90,2.69,false,1,
5029053032658,false,שמיניית ממחטות טישו קלינקס 9 יחידות,קימברלי קלארק ישראל שיווק בעמ,,,"י""ח",8,"י""ח",false,1,9.90,1.24,false,1,
5029053039725,false,ממחטות נייר קלינקס נטורל פרש קופסה 72 דף,קימברלי קלארק ישראל שיווק בעמ,,,"י""ח",72,"י""ח",false,1,10.90,0.15,true,1,
5029053510811,false,תחבושות נורמל פלוס עם כנפיים קוטקס 28 יחידות,קימברלי קלארק ישראל שיווק בעמ,,,"י""ח",28,"י""ח",false,1,19.90,0.71,true,1,
5029053510828,false,תחבושות סופר פלוס עם כנפיים קוטקס 22יחידות,קימברלי קלארק ישראל שיווק בעמ,,,"י""ח",24,"י""ח",false,1,19.90,0.83,true,1,
5029053527598,false,תחתוני ספיגה בנים לתופעת הרטבת לילה 8-15 האגיס,קימברלי קלארק ישראל שיווק בעמ,,,"י""ח",1,"י""ח",false,1,38.90,38.90,false,1,
5029053578309,false,קופסת ממחטות אולטרה סופט 48 דף קלינקס,קימברלי קלארק ישראל שיווק בעמ,,,"י""ח",48,"י""ח",false,1,7.90,0.16,false,1,
5053827193368,false,דגני בוקר קלוגס ברנפלקס 500 גרם,קלוגס קומפני אוף גרייט ב,,,"י""ח",500,ל גרם,false,1,22.90,4.58,false,1,
5060517886486,false,"משקה אנרגיה מונסטר אנרג'י בפחית 500 מ""ל",החברה המרכזית להפצת משקאות בעמ,,,"י""ח",500,"ל מ""ל",false,1,7,1.34,false,1,
5060517886516,false,"משקה אנרגיה מונסטר אנרג'י זירו בפחית 500 מ""ל",החברה המרכזית להפצת משקאות בעמ,,,"י""ח",500,"ל מ""ל",false,1,7,1.34,false,1,
5060639129102,false,"משקה אנרגיה מונסטר אנרג'י מנגו בפחית 500 מ""ל",החברה המרכזית להפצת משקאות בעמ,,,"י""ח",500,"ל מ""ל",false,1,7,1.34,false,1,
5099864006391,false,סימילאק למהדרין שלב 3 אריזת חיסכון 900 ג,אבוט מעבדות רפואיות,,,"י""ח",900,ל גרם,false,1,79.90,8.88,false,1,
5201004020338,false,גליליות קפריס קרם אגוזים שוקולד 400 גר,משה סידס ובנו בעמ,,,"י""ח",400,ל גרם,false,1,20.90,5.23,false,1,
5201347160326,false,גל לשמירה על חיי מכונת הכביסה קלגון 750מ,רקיט בנקיזר (ניר איסט) בעמ,,,"י""ח",750,"ל מ""ל",false,1,29.90,3.99,false,1,
5201940010110,false,זיתים שחורים קלמטה וילי פוד 250 גרם,ג. וילי-פוד אינטרנשיונל בע`מ,,,"י""ח",454,ל גרם,false,1,16.50,3.63,false,1,
5202390015618,false,גבינה צהובה טבעונית אורגינל ויאו לייף 200 ג',דיפלומט מפיצים (1968) בעמ**,,,"י""ח",200,ל גרם,false,1,19.90,9.95,false,1,
5208049002473,false,קנט ארוך קופסא בודדת,גלוברנדס גרופ בעמ,,,"י""ח",1,,false,1,36.50,36.50,false,1,
5391523058070,false,סימילאק אדבנס פלוס 3 תרכובת מזון על בסיס חלב,אבוט מעבדות רפואיות,,,"י""ח",700,ל גרם,false,1,69.90,9.99,true,1,
5410076379378,false,אבקת כביסה טייד קולור,דיפלומט מפיצים (1968) בעמ,,,"י""ח",5,"ק""ג",false,1,36.90,7.38,true,1,
5410091648176,false,"פה - דאודורנט רול און לאישה פינק פרדייס 50 מ""ל",שוורצקופף והנקל,,,"י""ח",50,"ל מ""ל",false,1,10.90,21.80,true,1,
5410091677992,false,"סאיוס - ספריי לשיער לייצוב מקסימלי 400 מ""ל",שוורצקופף והנקל,,,"י""ח",400,"ל מ""ל",false,1,29.90,7.48,true,1,
5410091708955,false,"סאיוס ספריי קרטין סטיילינג 400מ""ל",שוורצקופף והנקל,,,"י""ח",400,"ל מ""ל",false,1,29.90,7.48,true,1,
5410126106022,false,לוטוס ביסקויט מארז חג 2*250ג.,דיפלומט מפיצים (1968) בעמ**,,,"י""ח",500,ל גרם,false,1,17.90,3.58,true,1,
5410126116953,false,ממרח ביסקוויט קרמל לוטוס (400 גרם),דיפלומט מפיצים (1968) בעמ**,,,"י""ח",312,ל גרם,false,1,22.90,7.34,false,1,
5410228267515,false,"שישיית בירה לאגר באדוויזר 6*330 מ""ל",הכרם - משקאות חריפים בעמ,,,"י""ח",1.98,ליטר,false,1,31.70,15.10,true,1,
5410291021991,false,ממרח אגוזי לוז עם קקאו צ`וקטה (700 גרם),ש. שסטוביץ בע`מ,,,"י""ח",385,ל גרם,false,1,18.90,4.91,false,1,
5410291022011,false,ממרח אגוזי לוז עם קקאו צ`וקטה (350 גרם),ש. שסטוביץ בע`מ,,,"י""ח",385,ל גרם,false,1,11.90,3.09,true,1,
5410291022752,false,צ'וקטה ממרח אגוזי לוז עם קקאו פרווה 350 ג',ש. שסטוביץ בע`מ,,,"י""ח",350,ל גרם,false,1,11.90,3.40,true,1,
5410316994019,false,וודקה סמירנוף אדום (700 מל),החברה המרכזית להפצת משקאות בעמ,,,"י""ח",750,"ל מ""ל",false,1,62.90,8.35,true,1,
5410769800097,false,"בירה לה צרי שוף 8% 330 מ""ל בקבוק",הכרם - משקאות חריפים בעמ,,,"י""ח",330,"ל מ""ל",false,1,14.90,4.42,true,1,
5411188081852,false,אלפרו משקה סויה בטעם וניל 1 ליטר,הנסיך- מפעל לייצור ט,,,"י""ח",1,ליטר,false,1,17.50,17.50,false,1,
5411188096108,false,"אלפרו שמנת צמחית לבישול לייט 250מ""ל",שטראוס גרופ בעמ/מצונן,,,"י""ח",250,"ל מ""ל",false,1,10.80,4.32,true,1,
5411188110835,false,אלפרו חלב סויה שקדים וניל 1ל',הנסיך- מפעל לייצור ט,,,"י""ח",1,ליטר,false,1,13.90,13.90,false,1,
5411188112709,false,"משקה קוקוס אלפרו 1 ליטר משקה שקדים לל""ס",הנסיך- מפעל לייצור ט,,,"י""ח",1,ליטר,false,1,16.80,16.80,false,1,
5411188115472,false,משקה סויה 1 ליטר אלפרו,הנסיך- מפעל לייצור ט,,,"י""ח",1,ליטר,false,1,14.90,14.90,false,1,
5411188121923,false,"משקה סויה מועשר סידן אלפרו 3*250 מ""ל",הנסיך- מפעל לייצור ט,,,"י""ח",750,"ל מ""ל",false,1,15.90,2.12,false,1,
5411188133476,false,אלפרו משקה סויה שוקו+חלבון 250 גרם בית יוסף,שטראוס גרופ בעמ/מצונן,,,"י""ח",250,"ל מ""ל",false,1,6.90,2.76,false,1,
5411188133490,false,אלפרו משקה סויה קפה קרמל+חלבון 250 גרם בית יוסף,שטראוס גרופ בעמ/מצונן,,,"י""ח",750,"ל מ""ל",false,1,6.90,0.92,false,1,
5411188134985,false,אלפרו 3.5% NOT M*LK שיבולת שועל 1 ליטר בית יוסף,שטראוס גרופ בעמ/מצונן,,,"י""ח",1,ליטר,false,1,13.90,13.90,true,1,
5411188135005,false,אלפרו 1.8% NOT M*LK שיבולת שועל 1 ליטר בית יוסף,שטראוס גרופ בעמ/מצונן,,,"י""ח",1,ליטר,false,1,13.90,13.90,true,1,
5411188513483,false,"סויה לבישול 14% שומן אלפרו 250 מ""ל",שטראוס גרופ בעמ/מצונן,,,"י""ח",250,"ל מ""ל",false,1,9.90,3.96,true,1,
5411188543398,false,אלפרו משקה סויה 1 ליטר ללא סוכר,הנסיך- מפעל לייצור ט,,,"י""ח",1,ליטר,false,1,14.80,14.80,false,1,
5411681038001,false,"מרדסו מעורפלת מאוד330מ""ל",הכרם - משקאות חריפים בעמ,,,"י""ח",330,"ל מ""ל",false,1,15.20,4.52,true,1,
5413149655522,false,"אבקת כביסה שושן צחור 1.25 ק""ג אריאל",דיפלומט מפיצים (1986) בע`מ,,,"י""ח",2.50,"ק""ג",false,1,19.90,7.96,false,1,
5413149922907,false,"אבקת כביסה קולור וסטייל 5 ק""ג אריאל",דיפלומט מפיצים (1986) בע`מ,,,"י""ח",5,"ק""ג",false,1,46.90,9.38,true,1,
5413149922938,false,"אריאל אבקת כביסה שושן צחור, 5 ק""ג",דיפלומט מפיצים (1986) בע`מ,,,"י""ח",5,"ק""ג",false,1,46.90,9.38,true,1,
5601008200444,false,עוגיות גודיס טבעות מצופות שוקולד חלב מרבה 150 גרם,הנסיך- מפעל לייצור ט,,,"י""ח",150,ל גרם,false,1,7.90,5.27,true,1,
5601008200468,false,עוגיות גודיס טבעות מצופות שוקולד לבו מרבה 150 גרם,קריניציה ויטמינה אס,,,"י""ח",150,ל גרם,false,1,7.90,5.27,true,1,
5601217129420,false,וולייט דפים למניעת העברת צבע 20 יחידות,רקיט בנקיזר (ניר איסט) בעמ,,,"י""ח",20,"י""ח",false,1,19.90,1,false,1,
5604912415058,false,סרדינים פורטוס בשמן חמניות חריף 125 גרם,דיפלומט מפיצים (1968) בעמ**,,,"י""ח",125,ל גרם,false,1,6.90,5.52,false,1,
5701932026964,false,"הוטפופ גרעיני תירס להכנת פופקורן במיקרוגל בטעם טבעי, בתוספת מלח, 600 גרם",ליימן שליסל בע`מ,,,"י""ח",600,ל גרם,false,1,16.90,2.82,true,1,
5701932026995,false,"הוטפופ גרעיני תירס להכנת פופקורן במיקרוגל בטעם טבעי מופחת שומן, 510 גרם",קריניציה ויטמינה אס,,,"י""ח",510,ל גרם,false,1,16.90,3.31,true,1,
5711953106583,false,גבינת שמנת בטעם טבעי 200 גרם ארלה,שטראוס גרופ בעמ/מצונן,,,"י""ח",200,ל גרם,false,1,16.90,8.45,true,1,
5711953106606,false,גבינת שמנת עם תבלינים ועשבי תיבול 23.5%,שטראוס גרופ בעמ/מצונן,,,"י""ח",200,ל גרם,false,1,16.90,8.45,true,1,
5711953148347,false,גבינת שמנת בטעם טבעי 300 גרם ארלה,שטראוס גרופ בעמ (ח),,,"י""ח",300,ל גרם,false,1,24.90,8.30,true,1,
5740900403215,false,ממרח חמאה דנית לורפק עם מלח 250 גרם,שטראוס גרופ בעמ/מצונן,,,"י""ח",250,ל גרם,false,1,17.90,7.16,false,1,
5740900403222,false,ממרח לורפק חמאה עם מלח מופחת שומן 250 ג,שטראוס גרופ בעמ/מצונן,,,"י""ח",250,ל גרם,false,1,17.90,7.16,false,1,
5740900403239,false,ממרח חמאה דנית לורפק ללא מלח 250 גרם,שטראוס גרופ בעמ/מצונן,,,"י""ח",250,ל גרם,false,1,17.90,7.16,false,1,
5740900403246,false,ממרח לורפק ללא תוספת מלח 500 גר,שטראוס גרופ בעמ/מצונן,,,"י""ח",500,ל גרם,false,1,29.80,5.96,false,1,
5740900403253,false,ממרח מחמאת לורפק עם מלח 500 ג',שטראוס גרופ בעמ/מצונן,,,"י""ח",500,ל גרם,false,1,29.80,5.96,false,1,
5740900403260,false,ממרח מחמאת לורפק ללא מלח 27% פחות שומן,שטראוס גרופ בעמ/מצונן,,,"י""ח",250,ל גרם,false,1,17.90,7.16,false,1,
5740900403864,false,חמאה +מלח 200 גרם לורפק כשרות או קיי,שטראוס גרופ בעמ/מצונן,,,"י""ח",200,ל גרם,false,1,12.90,6.45,false,1,
5900020026552,false,דגני בוקר האני נאט צ'יריוס בטעם דבש ושקדים,קבוצת אוסם סחר שותפות מוגבלת,,,"י""ח",615,ל גרם,false,1,26.30,4.28,true,1,
5900020036407,false,ליון דגני בוקר שוקולד וקרמל נסטלה 480 גרם,קבוצת אוסם סחר שותפות מוגבלת,,,"י""ח",410,ל גרם,false,1,25.90,6.32,true,1,
5900020039590,false,פיטנס חטיף דגנים קלאסי 6.8*23.5גר פרווה,קבוצת אוסם סחר-שות.מוגבלת,,,"י""ח",141,ל גרם,false,1,16.70,11.84,true,1,
5900020039620,false,פיטנס חטיף דגנים שקדים ודבש פרווה 8 6*23 ג,קבוצת אוסם סחר שותפות מוגבלת,,,"י""ח",141,ל גרם,false,1,16.70,11.84,true,1,
5900627063233,false,טבליות למדיח הכל ב-1 פיניש מקס 50 יחידות,רקיט בנקיזר (ניר איסט) בעמ,,,"י""ח",50,"י""ח",false,1,39.90,0.80,true,1,
5900627080674,false,וולייט סרום לכביסה 100מל,רקיט בנקיזר (ניר איסט) בעמ,,,"י""ח",1,,false,1,16.90,16.90,false,1,
5900907001450,false,מלפפון במלח צנצנת 920 גרם,דברים טובים סגל בעמ,,,"י""ח",900,ל גרם,false,1,15.20,1.69,false,1,
5900951283963,false,חטיף סניקרס עם חמאת בוטנים Creamy Peanut Butter,"מרס ריגלי ישראל בע""מ",,,"י""ח",36,ל גרם,false,1,4.50,12.50,true,1,
5901888020508,false,FREEYU חטיף דגנים עם קינואה בטעם צ'ילי 70 גרם,"דנשר (1963) בע,מ",,,"י""ח",70,ל גרם,false,1,12.90,18.43,false,1,
5902198160403,false,XL משקה אנרגיה מוגז ללא סוכר עד 10 קלוריות לפחית 250 מל,"טמפו משקאות בע""\מ",,,"י""ח",250,"ל מ""ל",false,1,4.30,1.60,true,1,
5904941750312,false,"משקה אנרגיה BLU מוחיטו בודד 250 מ""ל",בני פאוזי שמשום (2009) בעמ,,,"י""ח",250,"ל מ""ל",false,1,4.50,1.68,true,1,
5904941751302,false,משקה אנרגיה בפחית בלו (250 מל),בני פאוזי שמשום (2009) בעמ,,,"י""ח",250,"ל מ""ל",false,1,3.90,1.44,true,1,
5904941751920,false,בלו משקה אנרגיה דיי חצי מכמות הקלו250 מל,בני פאוזי שמשום (2009) בעמ,,,"י""ח",250,"ל מ""ל",false,1,4.50,1.68,true,1,
5906485301012,false,משקה אנרגיה XL מוגז פחית 250 מל,"טמפו משקאות בע""מ",,,"י""ח",250,"ל מ""ל",false,1,4.50,1.68,true,1,
5997321701806,false,אבקה למניעת אבנית במכונת כביסה 2 ב-1,רקיט בנקיזר (ניר איסט) בעמ,,,"י""ח",1,"ק""ג",false,1,29.90,29.90,false,1,
5998710131877,false,בונבונטי חטיף דובדבן בשוקולד 36 גרם,דילר בי.אמ.די.אינטרנשיונל בעמ,,,"י""ח",36,ל גרם,false,1,3.90,10.83,true,1,
6008165271192,false,סיגריות פאל מל ארוך אדום בודד,גלוברנדס בעמ - שיווק סיגריות,,,"י""ח",1,,false,1,29.50,29.50,false,1,
6008165274629,false,פאל מאל כחול ארוך סטרים פילטר חפיסה,גלוברנדס בעמ - שיווק סיגריות,,,"י""ח",0,"י""ח",false,1,29.50,29.50,false,1,
6901022100416,false,שום כתוש לירון 100 גרם,ביג פוד כחול לבן בעמ*שיק 30 יו,,,"י""ח",1,,false,1,9.90,9.90,false,1,
6901022100584,false,רצועות פלפלים אדומים קלויים,ביג פוד כחול לבן בעמ*שיק 30 יו,,,"י""ח",1,,false,1,13.90,13.90,false,1,
6901022100591,false,רצועות מיקס פלפלים קלויים,ביג פוד כחול לבן בעמ*שיק 30 יו,,,"י""ח",1,,false,1,13.90,13.90,false,1,
6910191800287,false,אצות נורי בלו 10 דף (ננגטונג),מזרח ומערב יבוא ושיווק,,,"י""ח",10,"י""ח",false,1,13.90,1.39,true,1,
6922276100083,false,מחית וואסבי -חזרת 43 גרם (דליאן),מזרח ומערב יבוא ושיווק,,,"י""ח",500,ל גרם,false,1,11.90,2.38,false,1,
6924485403252,false,טוש 12יח,צבע ומכחול (2014) בעמ,,,"י""ח",1,,false,1,9.90,9.90,false,1,
6924485408103,false,לורד גמבו,צבע ומכחול (2014) בעמ,,,"י""ח",1,,false,1,14.90,14.90,false,1,
6930126758636,false,מכשירי כתיבה,צבע ומכחול (2014) בעמ,,,"י""ח",1,,false,1,7.50,7.50,false,1,
6934582521216,false,מספריים,צבע ומכחול (2014) בעמ,,,"י""ח",1,,false,1,5.90,5.90,false,1,
6934931265266,false,סוללות 10 יח' גדול,עולם הבית שיווק והפצה בעמ,,,"י""ח",1,,false,1,9.90,9.90,false,1,
6934931265334,false,סוללות 14 יח' קטן,עולם הבית שיווק והפצה בעמ,,,"י""ח",1,,false,1,9.90,9.90,false,1,
6936613888667,false,שום ארוז יבוא,ביכורי השדה צפון 1994 ג.ד. בעמ,,,"י""ח",1,,false,1,7.90,7.90,true,1,
6936745600462,false,"מירין 500 מ""ל (דאניינג)",מזרח ומערב יבוא ושיווק,,,"י""ח",500,"ל מ""ל",false,1,22.90,4.58,false,1,
7038516140357,false,מברשת שיניים ג'ורדן טוטל סופט מארז 4 יחידות,מיוצר במלזיה עבור ג',,,"י""ח",1,,false,1,10.90,10.90,false,1,
7162203009006,false,שמיכת חורף פנסי יחיד,דהן פרוספר בעמ,,,"י""ח",1,,false,1,79.90,79.90,false,1,
7162203009013,false,שמיכת חורף פנסי זוגי,דהן פרוספר בעמ,,,"י""ח",1,,false,1,89.90,89.90,false,1,
7162203011016,false,שמיכת חורף דו צדדית טיטניום זוגי,דהן פרוספר בעמ,,,"י""ח",1,,false,1,89.90,89.90,false,1,
7162204035011,false,שמיכת כבש ממולאת פפיטה זוגי,דהן פרוספר בעמ,,,"י""ח",1,,false,1,119.90,119.90,true,1,
7162204036001,false,שמיכת כבש ממולאת טיטניום יחיד,דהן פרוספר בעמ,,,"י""ח",1,,false,1,99.90,99.90,true,1,
7262626058466,false,טייץ שחור מודפס,ביג מול בעמ,,,"י""ח",1,,false,1,29.90,29.90,false,1,
7262626088197,false,טייץ טרמי צבעוני מלא,ביג מול בעמ,,,"י""ח",183,ל גרם,false,1,29.90,16.34,false,1,
7262626088272,false,מטריה סיליקון שחור חצי אוטו בדיספליי,ביג מול בעמ,,,"י""ח",1,,false,1,39.90,39.90,false,1,
7271730901261,false,ווקי מאק ארוחת אטריות עם גבינה 156 גרם,ניו וורלד פסטה קומפנ,,,"י""ח",156,ל גרם,false,1,11.90,7.63,false,1,
7290000000848,false,תירס מתוק ארוז,ביכורי השדה צפון 1994 ג.ד. בעמ,,,"ק""ג",1,,true,1,19.90,19.90,false,1,
7290000000978,false,חסה גוש קטיף ירק הארץ היתר מכירה,ביכורי השדה צפון 1994 ג.ד. בעמ,,,"י""ח",1,,false,1,6.90,6.90,true,1,
7290000000985,false,פטרוזיליה ברכת קטיף ייבול נוכרי בוסתן,ביכורי השדה צפון 1994 ג.ד. בעמ,,,"י""ח",1,,false,1,5.90,5.90,true,1,
7290000001043,false,כרוב לבן מהדרין-ברכת קטיף,ביכורי השדה צפון 1994 ג.ד. בעמ,,,"ק""ג",1,,true,1,14.90,14.90,false,1,
7290000001579,false,סלרי מהדרין קטיף טרי,ביכורי השדה צפון 1994 ג.ד. בעמ,,,"י""ח",1,,false,1,5.90,5.90,true,1,
7290000001586,false,שמיר מהדרין קטיף טרי,ביכורי השדה צפון 1994 ג.ד. בעמ,,,"י""ח",1,,false,1,6.90,6.90,true,1,
7290000001593,false,נענע מהדרין קטיף טרי,ביכורי השדה צפון 1994 ג.ד. בעמ,,,"י""ח",1,,false,1,6.90,6.90,true,1,
7290000001616,false,כוסברה ירק הארץ גוש היתר מכירה,ביכורי השדה צפון 1994 ג.ד. בעמ,,,"י""ח",1,,false,1,5.90,5.90,true,1,
7290000023007,false,"ברנדי שטוק 84 37 % 750 מ""ל",טמפו משקאות בעמ,,,"י""ח",750,ל גרם,false,1,79.90,10.61,true,1,
7290000024219,false,יין רזרב אמרלד ריזלינג 750 מל שביעית,טמפו משקאות בע`מ,,,"י""ח",750,"ל מ""ל",false,1,44.90,5.95,true,1,
7290000024561,false,"יין אסמבלאז' איתן 2011 ברקן 750 מ""ל",טמפו משקאות בעמ,,,"י""ח",750,"ל מ""ל",false,1,59.90,7.95,true,1,
7290000034256,false,ביסקוויט תירוש חצי מצופה 175 ג`הדר*,ח.כהן סוכנות מזון ומשקאות בע,,,"י""ח",175,ל גרם,false,1,6.90,3.94,true,1,
7290000040042,false,יוגורט יופלה תות 3% שומן 150 גרם,"תנובה בע""מ ***",,,"י""ח",150,"ל מ""ל",false,1,5.60,3.73,false,1,
7290000040066,false,יוגורט יופלה דובדבן 3% שומן 150 גרם,תנובה מרכז שיתופי לש,,,"י""ח",150,"ל מ""ל",false,1,5.60,3.73,false,1,
7290000040080,false,יוגורט יופלה אפרסק 3% שומן 150 גרם,"תנובה בע""מ ***",,,"י""ח",150,"ל מ""ל",false,1,5.60,3.73,false,1,
7290000041858,false,"שמנת חמוצה 15% מועשרת יטבתה 200 מ""ל",שטראוס גרופ בעמ/מצונן,,,"י""ח",200,"ל מ""ל",false,1,2.40,1.20,false,1,
7290000041865,false,"לבן 4.5% שומן מהדרין ""יטבתה""",שטראוס גרופ בעמ/מצונן,,,"י""ח",200,"ל מ""ל",false,1,2,1,false,1,
7290000041872,false,"לבן 3% יטבתה 200מ""ל מהדרין",שטראוס גרופ בעמ/מצונן,,,"י""ח",200,"ל מ""ל",false,1,2,1,false,1,
7290000042015,false,חלב 3% בשקית בדצ תנובה (1 ליטר)פיקוח,תנובה מרכז שיתופי לש,,,"י""ח",1,ליטר,false,1,5.43,5.43,false,1,
7290000042404,false,חלב 3% מועשר מהדרין בשקית יטבתה (1 ליטר),שטראוס גרופ בעמ/מצונן,,,"י""ח",1,ליטר,false,1,5.90,5.90,false,1,
7290000042435,false,חלב דל שומן 1% בקרטון תנובה (1 ליטר)פיק,תנובה מרכז שיתופי לש,,,"י""ח",1,ליטר,false,1,5.86,5.86,false,1,
7290000042640,false,"חלב תנובה עמיד 3% קרטון 250 מ""ל",תנובה מרכז שיתופי לש,,,"י""ח",250,"ל מ""ל",false,1,3.10,1.24,false,1,
7290000042855,false,"שוקו בשקית 250 מ""ל ""יטבתה""",שטראוס גרופ בעמ/מצונן,,,"י""ח",225,"ל מ""ל",false,1,2.90,1.29,false,1,
7290000043012,false,"שוקו עמיד 2% בקרטון 250 מ""ל תנובה",תנובה מרכז שיתופי לש,,,"י""ח",250,"ל מ""ל",false,1,4.90,1.96,false,1,
7290000043814,false,השף הלבן שמנת להקצפה 38% שומן 250 מל - מוצר בפיקוח,תנובה מרכז שיתופי לש,,,"י""ח",250,"ל מ""ל",false,1,6.47,2.59,false,1,
7290000043890,false,תנובה רויון לבן מחלב מפסוטר 1.5%,תנובה מרכז שיתופי לש,,,"י""ח",1.0350,ליטר,false,1,12.50,12.08,false,1,
7290000043944,false,כד יוגורט תנובה 4% שומן 1.5 ליטר,מיוצר עי קונדיטוריית,,,"י""ח",1.50,ליטר,false,1,16.80,11.20,false,1,
7290000044712,false,יוגורט עם תות 1.5% שומן 500 ג' פרילי,מיוצר עי קונדיטוריית,,,"י""ח",500,"ל מ""ל",false,1,10.80,2.16,false,1,
7290000044880,false,יוגורט בטעם תות שדה 3% באדי (500 גרם),מיוצר עי קונדיטוריית,,,"י""ח",500,"ל מ""ל",false,1,9.30,1.86,false,1,
7290000045573,false,גבינת מותכת משולשים 25% שומן 200 ג' נעמה,"תנובה בע""מ ***",,,"י""ח",200,ל גרם,false,1,15.90,7.95,false,1,
7290000045580,false,גבינה מותכת נעמה חורש תנובה 240 גרם,תנובה מרכז שיתופי לש,,,"י""ח",240,ל גרם,false,1,17.90,7.46,false,1,
7290000045771,false,יוגורט לבן 4% תנובה (3 ליטר),תנובה מרכז שיתופי לש,,,"י""ח",3,ליטר,false,1,30.30,10.10,false,1,
7290000045917,false,תנובה פרומעז גבינה מותכת מחלב עיזים 23% שומן,תנובה בעמ ***,,,"י""ח",1,,false,1,27.60,27.60,false,1,
7290000046020,false,"גלבוע 22% שקילה}גבנ""צ{*.",תנובה מרכז שיתופי לש,,,"ק""ג",1000,ל גרם,true,1,42.58,4.26,false,1,
7290000046327,false,גלבוע גבינה צהובה פרוסה 22% תנובה 200 גרם,תנובה מרכז שיתופי לש,,,"י""ח",200,ל גרם,false,1,13.20,6.60,false,1,
7290000046563,false,קולאג 23% פרמזן חריץ תנובה,תנובה מרכז שיתופי לש,,,"ק""ג",1000,ל גרם,true,1,114,11.40,false,1,
7290000047546,false,השף הלבן כנען גבינה לבנה דלת נתרן 5% תנובה 500 גרם,תנובה מרכז שיתופי לש,,,"י""ח",500,ל גרם,false,1,25.30,5.06,false,1,
7290000047621,false,גבינה לבנה רכה 5% תנובה 250ג' מהדרין,תנובה מרכז שיתופי לש,,,"י""ח",250,ל גרם,false,1,4.70,1.88,false,1,
7290000047942,false,**תנובה גבינה לבנה מהדרין 9% 250ג,תנובה מרכז שיתופי לש,,,"י""ח",250,ל גרם,false,1,4.90,1.96,false,1,
7290000048185,false,גבינה לבנה 5% תנובה 250 גרם מהדרין,מיוצר עי קונדיטוריית,,,"י""ח",250,ל גרם,false,1,4.98,1.99,false,1,
7290000048192,false,גבינה לבנה 9% תנובה 250 גרם מהדרין,מחלבת אלון תבור,,,"י""ח",250,ל גרם,false,1,4.90,1.96,false,1,
7290000048413,false,גבינה חמד (25016% גרם)פיראוס תנובה,תנובה מרכז שיתופי לש,,,"י""ח",250,ל גרם,false,1,19.50,7.80,false,1,
7290000056951,false,"תנובה, השף הלבן, שמנת לבישול 15% שומן 500 מל",תנובה מרכז שיתופי לש,,,"י""ח",500,"ל מ""ל",false,1,16.50,3.30,false,1,
7290000060088,false,בייגלה מקלות עם מלח אסם (400 גרם),קבוצת אוסם סחר שותפות מוגבלת,,,"י""ח",400,ל גרם,false,1,12.10,3.03,false,1,
7290000060163,false,פסטה אסם אטריות דקות 400גר,קבוצת אוסם סחר שותפות מוגבלת,,,"י""ח",400,ל גרם,false,1,7.90,1.98,true,1,
7290000060200,false,פסטה אסם פתיתים אפויים קוסקוס 500גר,קבוצת אוסם סחר שותפות מוגבלת,,,"י""ח",500,ל גרם,false,1,7.80,1.56,true,1,
7290000060323,false,פסטה פרפקטו ספגטיני (2) 500 גרם,קבוצת אוסם סחר-שות.מוגבלת,,,"י""ח",500,ל גרם,false,1,8.70,1.74,false,1,
7290000060408,false,פסטה אסם פתיתים אפויים טבעות 500 גר,קבוצת אוסם סחר שותפות מוגבלת,,,"י""ח",500,ל גרם,false,1,7.80,1.56,true,1,
7290000060415,false,"פסטה פרפקטו לאזניה 500 ג' ""אסם""",קבוצת אוסם סחר שותפות מוגבלת,,,"י""ח",500,ל גרם,false,1,15.90,3.18,false,1,
7290000060781,false,פרומנטי פתיתים מסולסלים אוסם,קבוצת אוסם סחר שותפות מוגבלת,,,"י""ח",500,ל גרם,false,1,6.90,1.38,true,1,
7290000060828,false,פסטה קרניים בינוניות אסם (500 גרם),קבוצת אוסם סחר שותפות מוגבלת,,,"י""ח",500,ל גרם,false,1,6.90,1.38,true,1,
7290000060880,false,פסטה ספגטי מספר 8 אסם 500 גרם,קבוצת אוסם סחר שותפות מוגבלת,,,"י""ח",500,ל גרם,false,1,6.90,1.38,true,1,
7290000060958,false,אטריות מובחרות בינוניות אסם (400 גרם),קבוצת אוסם סחר שותפות מוגבלת,,,"י""ח",400,ל גרם,false,1,7.90,1.98,true,1,
7290000060965,false,פסטה אסם אטריות רחבות 400גר,קבוצת אוסם סחר שותפות מוגבלת,,,"י""ח",400,ל גרם,false,1,7.90,1.98,true,1,
7290000063140,false,שקדי מרק רכיבים טבעיים בשקית 400 ג' אסם,קבוצת אוסם סחר שותפות מוגבלת,,,"י""ח",400,ל גרם,false,1,12.90,3.23,true,1,
7290000063157,false,"קמח עוגה תופח מאליו אסם 1 ק""ג",קבוצת אוסם סחר שותפות מוגבלת,,,"י""ח",1,"ק""ג",false,1,9.90,9.90,true,1,
7290000064758,false,קוסקוס בינוני אמיתי אסם 350 ג',קבוצת אוסם סחר שותפות מוגבלת,,,"י""ח",350,ל גרם,false,1,9.20,2.63,false,1,
7290000064871,false,"אוסם - מנה חמה פירה תפו""א עם בצל 56 גרם",קבוצת אוסם סחר שותפות מוגבלת,,,"י""ח",87,ל גרם,false,1,7.90,9.08,true,1,
7290000065540,false,אוסם - מנה חמה פסטה מוקרמת בטעם עוף 55 גרם,קבוצת אוסם סחר שותפות מוגבלת,,,"י""ח",55,ל גרם,false,1,7.90,14.36,true,1,
7290000065557,false,אוסם - מנה חמה קוסקוס עם ירקות 84 גרם,קבוצת אוסם סחר שותפות מוגבלת,,,"י""ח",50,ל גרם,false,1,7.90,15.80,true,1,
7290000066141,false,ביסלי חטיף בטעם גריל אסם (70 גרם),קבוצת אוסם סחר שותפות מוגבלת,,,"י""ח",70,ל גרם,false,1,4.50,6.43,true,1,
7290000066189,false,ביסלי חטיף בטעם פלאפל אסם (200 גרם),קבוצת אוסם סחר שותפות מוגבלת,,,"י""ח",200,ל גרם,false,1,8.90,4.45,true,1,
7290000066196,false,ביסלי חטיף בטעם גריל אסם (200 גרם),קבוצת אוסם סחר שותפות מוגבלת,,,"י""ח",200,ל גרם,false,1,8.90,4.45,true,1,
7290000066226,false,ביסלי חטיף בטעם פיצה אסם (200 גרם),קבוצת אוסם סחר שותפות מוגבלת,,,"י""ח",200,ל גרם,false,1,8.90,4.45,true,1,
7290000066318,false,במבה חטיף בוטנים אסם 80 גרם,קבוצת אוסם סחר שותפות מוגבלת,,,"י""ח",80,ל גרם,false,1,4.90,6.13,true,1,
7290000066332,false,אפרופו חטיף תירס אסם (50 גרם),קבוצת אוסם סחר שותפות מוגבלת,,,"י""ח",50,ל גרם,false,1,5.80,11.60,true,1,
7290000066349,false,אפרופו חטיף תירס אסם (100 גרם),קבוצת אוסם סחר-שות.מוגבלת,,,"י""ח",100,ל גרם,false,1,9.30,9.30,true,1,
7290000067599,false,מנה חמה ספגטי ברוטב בולונז אסם 65 גרם,קבוצת אוסם סחר שותפות מוגבלת,,,"י""ח",55,ל גרם,false,1,7.90,14.36,true,1,
7290000068138,false,אינסטנט פודינג בטעם וניל אסם 80 גרם,קבוצת אוסם סחר שותפות מוגבלת,,,"י""ח",80,ל גרם,false,1,5.90,7.38,true,1,
7290000068190,false,אסם ג'לי תות שדה צבעים טבעיים 90 גרם,קבוצת אוסם סחר שותפות מוגבלת,,,"י""ח",85,ל גרם,false,1,7.20,8.47,false,1,
7290000068206,false,אסם ג'לי משמש צבעים טבעיים 85 גרם,קבוצת אוסם סחר שותפות מוגבלת,,,"י""ח",85,ל גרם,false,1,7.90,9.29,false,1,
7290000068343,false,אוסם - פירכונים מאורז מלא 140 גרם,קבוצת אוסם סחר שותפות מוגבלת,,,"י""ח",140,ל גרם,false,1,8.70,6.21,false,1,
7290000069258,false,פסטה פרפקטו פנה ריגאטה 500 ג' אסם,קבוצת אוסם סחר-שות.מוגבלת,,,"י""ח",500,ל גרם,false,1,8.70,1.74,false,1,
7290000069364,false,פריכונים מאורז מלא ללא תוספת סוכר אסם 140 גרם,קבוצת אוסם סחר שותפות מוגבלת,,,"י""ח",140,ל גרם,false,1,9.70,6.93,false,1,
7290000070308,false,אבקת מרק עוף אמיתי בשרי אסם 400 גרם,קבוצת אוסם סחר שותפות מוגבלת,,,"י""ח",400,ל גרם,false,1,17.90,4.48,false,1,
7290000072623,false,קטשופ אסם בקבוק לחיץ 750 גרם,קבוצת אוסם סחר שותפות מוגבלת,,,"י""ח",750,ל גרם,false,1,11.90,1.59,true,1,
7290000072753,false,קפה נמס מגורען טסטרס צ'ויס 200 גרם-,קבוצת אוסם סחר שותפות מוגבלת,,,"י""ח",200,ל גרם,false,1,31.90,15.95,true,1,
7290000072777,false,קפה נמס מגורען נטול קפאין טסטרס צ'ויס 200 גרם,קבוצת אוסם סחר שותפות מוגבלת,,,"י""ח",200,ל גרם,false,1,36.90,18.45,false,1,
7290000072968,false,דגני בוקר סיני מיניס חיטה מלאה וקינמון נסטלה 500 גרם,קבוצת אוסם סחר-שות.מוגבלת,,,"י""ח",375,ל גרם,false,1,27.30,7.28,true,1,
7290000073125,false,מנה חמה פסטה ברוטב עגבניות אסם (62 גרם),קבוצת אוסם סחר שותפות מוגבלת,,,"י""ח",55,ל גרם,false,1,7.90,14.36,true,1,
7290000073415,false,אוסם - מנה חמה פסטה ברוטב פיצה 61 גרם,קבוצת אוסם סחר שותפות מוגבלת,,,"י""ח",61,ל גרם,false,1,7.90,12.95,true,1,
7290000073750,false,מנה חמה נודלס אטר+ירקות טעם עוף 70 גרם,קבוצת אוסם סחר שותפות מוגבלת,,,"י""ח",76,ל גרם,false,1,7.90,10.39,true,1,
7290000073767,false,מנה חמה נודלס אטר.+ירקות טעם בקר 70 גרם,קבוצת אוסם סחר שותפות מוגבלת,,,"י""ח",76,ל גרם,false,1,7.90,10.39,true,1,
7290000073774,false,מנה חמה נודלס אטר+ירקות טעם צילי 70 גרם,קבוצת אוסם סחר שותפות מוגבלת,,,"י""ח",76,ל גרם,false,1,7.90,10.39,true,1,
7290000074153,false,ביסקוויט פתי בר שוקולד אסם (500 גרם),קבוצת אוסם סחר שותפות מוגבלת,,,"י""ח",500,ל גרם,false,1,13.90,2.78,true,1,
7290000074184,false,ביסקוויט פתי בר אסם (500 גרם),קבוצת אוסם סחר שותפות מוגבלת,,,"י""ח",500,ל גרם,false,1,12.90,2.58,true,1,
7290000074245,false,אוסם - קרם קרקר אסם 250 גרם,קבוצת אוסם סחר שותפות מוגבלת,,,"י""ח",250,ל גרם,false,1,10.90,4.36,true,1,
7290000074276,false,קרקר פיקנטי טבעון 250 ג' אסם,קבוצת אוסם סחר שותפות מוגבלת,,,"י""ח",250,ל גרם,false,1,11.70,4.68,true,1,
7290000074764,false,קרקר הזהב אסם 900 גרם,קבוצת אוסם סחר שותפות מוגבלת,,,"י""ח",900,ל גרם,false,1,30.40,3.38,true,1,
7290000075204,false,קרקר לחמית חיטה מלאה אסם (250 גרם),קבוצת אוסם סחר שותפות מוגבלת,,,"י""ח",250,ל גרם,false,1,9.90,3.96,true,1,
7290000078762,false,אוסם - חטיפי פריכונים מאורז מלא בטעם דבש 80גר,קבוצת אוסם סחר-שות.מוגבלת,,,"י""ח",100,ל גרם,false,1,8.70,8.70,false,1,
7290000104201,false,אפונה עדינה מוקפאת סנפרוסט (600 גרם),"איי, בי, אינבוו",,,"י""ח",600,ל גרם,false,1,20.70,3.45,true,1,
7290000104225,false,בצל קצוץ 600 גרם סנפרוסט,"סנפרוסט בע""\מ",,,"י""ח",800,ל גרם,false,1,19.90,2.49,true,1,
7290000104676,false,אפונה קפואה סנפרוסט 800 גרם,תנובה מרכז שיתופי לשיווק תוצרת,,,"י""ח",800,ל גרם,false,1,17.90,2.24,true,1,
7290000104683,false,שעועית ירוקה שלמה סנפרוסט (800 גרם),תנובה מרכז שיתופי לשיווק תוצרת,,,"י""ח",800,ל גרם,false,1,23.90,2.99,true,1,
7290000104690,false,גרעיני תירס מוקפאים סנפרוסט (800 גרם),תנובה מרכז שיתופי לשיווק תוצרת,,,"י""ח",800,ל גרם,false,1,19.30,2.41,true,1,
7290000104720,false,שעועית ירוקה חתוכה סנפרוסט (800 גרם),תנובה מרכז שיתופי לשיווק תוצרת,,,"י""ח",800,ל גרם,false,1,19.90,2.49,true,1,
7290000104737,false,שעועית צהובה חתוכה סנפרוסט 800 גרם,תנובה מרכז שיתופי לשיווק תוצרת,,,"י""ח",800,ל גרם,false,1,19.90,2.49,true,1,
7290000104751,false,"כרוב ניצנים 800 גרם ""סנפרוסט""",תנובה מרכז שיתופי לשיווק תוצרת,,,"י""ח",800,ל גרם,false,1,26.40,3.30,true,1,
7290000104768,false,עלי תרד סנפרוסט (800 גרם),תנובה מרכז שיתופי לשיווק תוצרת,,,"י""ח",800,ל גרם,false,1,28.40,3.55,true,1,
7290000104775,false,מדליוני תרד סנפרוסט (800 גרם),תנובה מרכז שיתופי לשיווק תוצרת,,,"י""ח",800,ל גרם,false,1,28.40,3.55,true,1,
7290000104799,false,שעועית לבנה מבושלת סנפרוסט (800 גרם),תנובה מרכז שיתופי לשיווק תוצרת,,,"י""ח",1,"ק""ג",false,1,21.90,21.90,true,1,
7290000104805,false,גרגירי חומוס מבושלים סנפרוסט 800 גרם,תנובה מרכז שיתופי לשיווק תוצרת,,,"י""ח",800,ל גרם,false,1,21.90,2.74,true,1,
7290000104836,false,שעועית ירוקה עדינה שלמה סנפרוסט 600 גרם,תנובה מרכז שיתופי לשיווק תוצרת,,,"י""ח",600,ל גרם,false,1,23.90,3.98,true,1,
7290000104881,false,לקט אפונה וגזר מוקפאים סנפרוסט (800 גרם),תנובה מרכז שיתופי לשיווק תוצרת,,,"י""ח",800,ל גרם,false,1,19.40,2.43,true,1,
7290000104911,false,לקט נורמנדי מוקפא סנפרוסט (800 גרם),תנובה מרכז שיתופי לשיווק תוצרת,,,"י""ח",800,ל גרם,false,1,24.30,3.04,true,1,
7290000107165,false,חטיף סויה אדממה סנפרוסט (400 גרם),תנובה מרכז שיתופי לשיווק תוצרת,,,"י""ח",400,ל גרם,false,1,15.40,3.85,true,1,
7290000107189,false,תחתיות ארטישוק סנפרוסט (400 גרם),תנובה מרכז שיתופי לשיווק תוצרת,,,"י""ח",400,ל גרם,false,1,24.40,6.10,true,1,
7290000107295,false,תפרחות ברוקולי סנפרוסט 800 גרם,תנובה מרכז שיתופי לשיווק תוצרת,,,"י""ח",800,ל גרם,false,1,27.60,3.45,true,1,
7290000110844,false,כיפלי בטעם גריל בד`צ 70 גרם .,יוניליוור ישראל שיווק בע`מ,,,"י""ח",70,ל גרם,false,1,6.50,9.29,false,1,
7290000111063,false,מיונז אמיתי תלמה (250 גרם),"יוניליוור ישראל שיווק בע""מ",,,"י""ח",250,ל גרם,false,1,7.90,3.16,false,1,
7290000111117,false,מרכך כביסה לבן בדין (4 ליטר),"יוניליוור ישראל שיווק בע""מ",,,"י""ח",4,ליטר,false,1,21.90,5.48,false,1,
7290000111186,false,"מיונז אמיתי תלמה 500 גרם בד""צ","יוניליוור ישראל שיווק בע""מ",,,"י""ח",500,ל גרם,false,1,10.40,2.08,false,1,
7290000111353,false,מיונז אמיתי תלמה (1 קג),"יוניליוור ישראל שיווק בע""מ",,,"י""ח",1,"ק""ג",false,1,18.90,18.90,false,1,
7290000111360,false,חרדל אמיתי חריף 250 גרם בצנצנת כשלפ,יוניליוור ישראל שיווק בע`מ,,,"י""ח",250,ל גרם,false,1,6.90,2.76,false,1,
7290000111384,false,חרדל אמיתי בצנצנת 550 ג' תלמה,יוניליוור ישראל שיווק בע`מ,,,"י""ח",550,ל גרם,false,1,9.10,1.65,false,1,
7290000112220,false,טחינה גולמית שומשום טהור בארכה 500 גרם,קבוצת אוסם סחר שותפות מוגבלת,,,"י""ח",500,ל גרם,false,1,15.40,3.08,false,1,
7290000112497,false,מרק עשיר עוף אטריות קנור 75 גרם - שקיות,יוניליוור ישראל שיווק בע`מ,,,"י""ח",68,ל גרם,false,1,10.20,15,true,1,
7290000116204,false,"אבקת מרק דגש בטעם עוף 1ק""ג קנור","יוניליוור ישראל שיווק בע""מ",,,"י""ח",1,מטר,false,1,16.90,16.90,true,1,
7290000116921,false,"קנור רוטב צילי מתוק 300 מ""ל כשלפ","יוניליוור ישראל שיווק בע""מ",,,"י""ח",340,"ל מ""ל",false,1,11.90,3.50,true,1,
7290000117171,false,מרק טעם עוף דל קלוריות 48 גרם-קופסא,"יוניליוור ישראל שיווק בע""מ",,,"י""ח",48,ל גרם,false,1,7.80,16.25,false,1,
7290000117720,false,נמס בכוס פטריות קנור 21.5 גרם מארז זוגי,"יוניליוור ישראל שיווק בע""מ",,,"י""ח",43,ל גרם,false,1,7.50,17.44,true,1,
7290000118277,false,כופתאות מצה להכנת מהירה 65 ג' קנור,"יוניליוור ישראל שיווק בע""מ",,,"י""ח",130,ל גרם,false,1,11.80,9.08,false,1,
7290000120836,false,מיונז אמיתי הלמנס (394 גרם),"יוניליוור ישראל שיווק בע""מ",,,"י""ח",394,ל גרם,false,1,13.90,3.53,false,1,
7290000121031,false,החתול המחייך גבינה מותכת 14% מון בלאן 120 גרם,נטו מילנדה סחר בעמ*,,,"י""ח",120,ל גרם,false,1,11.90,9.92,false,1,
7290000121093,false,גבינה מותכת לייט בטעם שוויצרי 7% מון בלאן 120 גר',האי נאם סי או אל.טי.,,,"י""ח",120,ל גרם,false,1,12.90,10.75,false,1,
7290000121109,false,גבינה מותכת לייט עם זיתים 7% מון בלאן 120 גרם,נטו מילנדה סחר בעמ*,,,"י""ח",120,ל גרם,false,1,12.90,10.75,false,1,
7290000123363,false,"צימקאו לציפוי ואפיה אפיכל 500 גרם בד""צ",יוניליוור ישראל שיווק בע`מ,,,"י""ח",500,ל גרם,false,1,10.90,2.18,false,1,
7290000124841,false,ורד הגליל שוקולד חלב מארז שלישיה 300 גרם,"יוניליוור ישראל שיווק בע""מ",,,"י""ח",300,ל גרם,false,1,14.90,4.97,true,1,
7290000129457,false,אבקת רוטב פטריות קנור 28 ג' שקית,יוניליוור ישראל שיווק בע`מ,,,"י""ח",28,ל גרם,false,1,4.60,16.43,false,1,
7290000129785,false,מרכך כביסה ירוק בדין (4 ליטר),יוניליוור ישראל שיווק בע`מ,,,"י""ח",4,ליטר,false,1,20.90,5.23,false,1,
7290000133645,false,שלישיית משחת שיניים סודה אורביטול 145 גרם,החברה הדרומית לשיווק בעמ,,,"י""ח",435,ל גרם,false,1,19.90,4.57,false,1,
7290000133904,false,"מטהר אוויר דואופרש פסיפלורה תפוז סנו 300 מ""ל",החברה הדרומית לשיווק בעמ,,,"י""ח",300,"ל מ""ל",false,1,12.90,4.30,false,1,
7290000134147,false,טעם וריח מוסקט טחון מיכל 40גר,"תבליני טעם וריח בע""מ",,,"י""ח",1,,false,1,15.90,15.90,false,1,
7290000134307,false,קינמון טחון 50 גרם טעם וריח,"תבליני טעם וריח בע""מ",,,"י""ח",1,,false,1,5.90,5.90,false,1,
7290000134314,false,פיצה תערובת תיבול 120 גרם מיכל גדול,"תבליני טעם וריח בע""מ",,,"י""ח",1,,false,1,9.90,9.90,true,1,
7290000134338,false,אבקת שום בקופ' 90 גר' טעם וריח,"תבליני טעם וריח בע""מ",,,"י""ח",90,ל גרם,false,1,9.90,11,true,1,
7290000134352,false,קינמון טחון בקופ' 90 גר' טעם וריח,"תבליני טעם וריח בע""מ",,,"י""ח",1,,false,1,9.90,9.90,true,1,
7290000134376,false,פפריקה בשמן בקופ' 90 גר' טעם וריח,"תבליני טעם וריח בע""מ",,,"י""ח",1,,false,1,9.90,9.90,true,1,
7290000134550,false,עלי דפנה 20 גר' טעם וריח,"תבליני טעם וריח בע""מ",,,"י""ח",1,,false,1,5.90,5.90,false,1,
7290000134673,false,זנגויל טחון מיכל 30 גרם,"תבליני טעם וריח בע""מ",,,"י""ח",1,,false,1,5.90,5.90,false,1,
7290000134826,false,זעתר מעורב בקופ' 100 גר' טעם וריח,"תבליני טעם וריח בע""מ",,,"י""ח",1,,false,1,9.90,9.90,true,1,
7290000134833,false,כמון טחון בקופ' 100 גר' טעם וריח,"תבליני טעם וריח בע""מ",,,"י""ח",1,,false,1,9.90,9.90,true,1,
7290000134840,false,כורכום טחון בקופ' 100 גר' טעם וריח,"תבליני טעם וריח בע""מ",,,"י""ח",1,,false,1,9.90,9.90,true,1,
7290000134857,false,פפריקה מתוקה בקופ' 100 גר' טעם וריח,"תבליני טעם וריח בע""מ",,,"י""ח",1,,false,1,9.90,9.90,true,1,
7290000134864,false,פפריקה חריפה בקופ' 100 גר' טעם וריח,"תבליני טעם וריח בע""\מ",,,"י""ח",1,,false,1,9.90,9.90,true,1,
7290000134871,false,פלפל שחור טחון בקופ' 100 גר' טעם וריח,"תבליני טעם וריח בע""מ",,,"י""ח",100,ל גרם,false,1,14.90,14.90,true,1,
7290000134987,false,פלפל שחור גרוס בקופ' 90 גר' טעם וריח,"תבליני טעם וריח בע""מ",,,"י""ח",90,ל גרם,false,1,14.90,16.56,true,1,
7290000135045,false,"XL TEN משקה אנרגיה פתוח ללא סוכר 250 מ""ל","טמפו משקאות בע""\מ",,,"י""ח",250,"ל מ""ל",false,1,4.30,1.60,true,1,
7290000135052,false,"XL TEN משקה אנרגיה מנגו ללא סוכר 250 מ""ל","טמפו משקאות בע""\מ",,,"י""ח",250,"ל מ""ל",false,1,4.30,1.60,true,1,
7290000136585,false,משקה בטעם תפוזים תריסר 1.5 ל' ג'אמפ,"טמפו משקאות בע""\ם.",,,"י""ח",1.50,ליטר,false,1,7.50,4.80,true,1,
7290000136646,false,בירה נשר מאלט ללא אלכוהול 1.5 ליטר,"טמפו משקאות בע""\מ",,,"י""ח",1.50,ליטר,false,1,9.10,5.87,true,1,
7290000136653,false,בירה שחורה נשר מאלט דיאט בקבוק 1.5ל`,"טמפו משקאות בע""\מ",,,"י""ח",1.50,ליטר,false,1,9,5.80,true,1,
7290000136844,false,מארז מים מזוככים אקווה נובה שישיית 2 ליטר,"טמפו משקאות בע""\מ",,,"י""ח",12,ליטר,false,1,12.90,0.93,false,1,
7290000137513,false,גלידונית גלידה וניל בציפוי שוקולד 60 יח' קרמיסימו,"גלידת שטראוס בע""\מ, רחוב",,,"י""ח",700,ל גרם,false,1,49.90,7.13,false,1,
7290000137643,false,שלגוני טעמקור בטעם שוקו וניל שטראוס 8*50 גרם,"גלידת שטראוס בע""\מ, רחוב",,,"י""ח",1,,false,1,34.90,34.90,false,1,
7290000144467,false,שמן חמניות מועשר בנוגדי חמצון 1 ל' עץ הזית,"נארז ע""י : א.ג. גילר",,,"י""ח",1,ליטר,false,1,16.90,16.90,false,1,
7290000144474,false,שמן עץ הזית קנולה 1 ליטר בריאות מהטבע,סוגת תעשיות בעמ,,,"י""ח",1,ליטר,false,1,15.90,15.90,false,1,
7290000146645,false,הוואי - סבון מוצק שחור מסתורי 100 גרם רביעייה,טרופיקל דגיל קוסמטיק,,,"י""ח",400,ל גרם,false,1,13.90,3.48,true,1,
7290000146683,false,הוואי - סבון מוצק אפקט דאודורנט 100 גרם רביעייה,טרופיקל דגיל קוסמטיק,,,"י""ח",400,ל גרם,false,1,13.90,3.48,true,1,
7290000146928,false,"משחת שיניים לילדים בטעם ענבים טום וג'רי 50 מ""ל",טרופיקל דגיל קוסמטיק,,,"י""ח",75,ל גרם,false,1,7.90,10.53,true,1,
7290000148380,false,פיסטוקים קלויים קליית גת (200 גרם),ליימן שליסל בעמ,,,"י""ח",200,ל גרם,false,1,22.90,11.45,true,1,
7290000148489,false,"קליית גת גרעיני דלעת קלויים,200 גרם",ליימן שליסל בעמ,,,"י""ח",200,ל גרם,false,1,9.90,4.95,false,1,
7290000148748,false,קליית גת גרעיני חמניה קלויים ומומלחים200,ליימן שליסל בעמ,,,"י""ח",200,ל גרם,false,1,6.40,3.20,true,1,
7290000149844,false,סבון רב שימושי סינטבון (230 גרם),החברה הדרומית לשיווק בעמ,,,"י""ח",230,ל גרם,false,1,6.90,3,false,1,
7290000149851,false,סבון לניקוי והסרת כתמים סינטבון 460 גרם,החברה הדרומית לשיווק בעמ,,,"י""ח",460,ל גרם,false,1,10.90,2.37,false,1,
7290000161358,false,מיונז אמיתי משמן קנולה תלמה (500 גרם),"יוניליוור ישראל שיווק בע""מ",,,"י""ח",500,ל גרם,false,1,14.90,2.98,false,1,
7290000174723,false,שוקולית אבקה להכנת משקה שוקו 500 גרם,הנסיך- מפעל לייצור ט,,,"י""ח",500,ל גרם,false,1,13.80,2.76,false,1,
7290000176062,false,קפה טורקי בשקית 100 ג' עלית,שטראוס קפה בי.ויn\.,,,"י""ח",100,ל גרם,false,1,9.50,9.50,false,1,
7290000176079,false,קפה טורקי עם הל עלית (100 גרם),הנסיך- מפעל לייצור ט,,,"י""ח",100,ל גרם,false,1,9.90,9.90,false,1,
7290000176116,false,קפה טורקי בוואקום עלית (1 קג),הנסיך- מפעל לייצור ט,,,"י""ח",1,"ק""ג",false,1,77.90,77.90,false,1,
7290000176413,false,קפה נמס עלית פחית 50 גרם,הנסיך- מפעל לייצור ט,,,"י""ח",50,ל גרם,false,1,10.90,21.80,false,1,
7290000176468,false,קפה נמס נטול קפאין 50 ג' קפה האג,"שטראוס גרופ בע""מ",,,"י""ח",50,ל גרם,false,1,12.50,25,false,1,
7290000178707,false,חטיף צ`יפס בטעם טבעי תפוצ`יפס (50 גרם),"שטראוס פריטו ליי בע""\מ )",,,"י""ח",50,ל גרם,false,1,4.50,9,false,1,
7290000178721,false,חטיף צ`יפס בטעם טבעי תפוצ`יפס (200 גרם),"שטראוס פריטו ליי בע""\מ )",,,"י""ח",200,ל גרם,false,1,11.50,5.75,true,1,
7290000187952,false,לילי טריפל קומפורט ורוד נ.טואלט 32 גלילי,קימברלי קלארק ישראל שיווק בעמ,,,"י""ח",537,מטר,false,1,44.90,0.08,false,1,
7290000189536,false,שקיות אשפהעם שרוך 65*52 ניקול 40 יחידות,קימברלי קלארק ישראל שיווק בעמ,,,"י""ח",40,"י""ח",false,1,21.90,0.55,false,1,
7290000189550,false,"שקיות אשפה ענקיות עם שרוך 78 * 90 ס""מ ניקול 2 * 10 יחידות",קימברלי קלארק ישראל שיווק בעמ,,,"י""ח",1,"י""ח",false,1,23.90,23.90,true,1,
7290000190068,false,מפיות אירוח לבן 100 יחי' ניקול,קימברלי קלארק ישראל שיווק בעמ,,,"י""ח",100,"י""ח",false,1,7.90,0.08,false,1,
7290000190150,false,מפיות מודפסות תלת שכבתיות ניקול 20 יחידות,קימברלי קלארק ישראל שיווק בעמ,,,"י""ח",20,"י""ח",false,1,8.90,0.45,false,1,
7290000191393,false,מגבוני טישיו רכים שביעייה מולט 100X7יח',קימברלי קלארק ישראל שיווק בעמ,,,"י""ח",822.50,ל גרם,false,1,21.90,2.66,false,1,
7290000191539,false,חמישיית ממחטות טישו צבועני לילי 100 יחידות,קימברלי קלארק ישראל שיווק בעמ,,,"י""ח",593,ל גרם,false,1,17.90,3.02,false,1,
7290000193014,false,מגן תחתון פדיות אינטרלוד לילי 50 יחידות,קימברלי קלארק ישראל שיווק בעמ,,,"י""ח",1,"י""ח",false,1,9.90,9.90,false,1,
7290000193083,false,נובה-לי תחבושות היגייניות לילי 28 יחידות,קימברלי קלארק ישראל שיווק בעמ,,,"י""ח",1,"י""ח",false,1,10.90,10.90,false,1,
7290000193205,false,תחבושות עם כנפיים ללילה נטורל לילי 20 יחידות,קימברלי קלארק ישראל שיווק בעמ,,,"י""ח",1,"י""ח",false,1,16.90,16.90,false,1,
7290000193540,false,מגן תחתון ארוך נטורל לילי 52 יחידות,קימברלי קלארק ישראל שיווק בעמ,,,"י""ח",1,"י""ח",false,1,16.90,16.90,false,1,
7290000193618,false,לילי אינטימייט מגן תחתון נורמל 24 יח',קימברלי קלארק ישראל שיווק בעמ,,,"י""ח",1,"י""ח",false,1,16.90,16.90,false,1,
7290000193649,false,תחבושות עם כנפיים נורמל פלוס לילי 24 יחידות,קימברלי קלארק ישראל שיווק בעמ,,,"י""ח",1,"י""ח",false,1,16.90,16.90,false,1,
7290000195537,false,האגיס - מגבוני האגיס דיילי קר לא מבושם 64 יח' * 4,קימברלי קלארק ישראל שיווק בעמ,,,"י""ח",4,"י""ח",false,1,19.90,4.98,true,1,
7290000195773,false,האגיס - מגבוני האגיס סנסטיב קר לא מבושם 64 יח' * 4,קימברלי קלארק ישראל שיווק בעמ,,,"י""ח",1,,false,1,19.90,19.90,true,1,
7290000196343,false,"מפת שולחן מהודרת לילי 180X120ס""מ",קימברלי קלארק ישראל שיווק בעמ,,,"י""ח",1,,false,1,13.90,13.90,false,1,
7290000197326,false,רדיד אלומיניום ניקול זוגות 7.5*2קצר,קימברלי קלארק ישראל שיווק בעמ,,,"י""ח",200,ל גרם,false,1,10.90,5.45,false,1,
7290000197432,false,שקיות אוכל סנדביצ'ון ניקול מארז 150X2יח',קימברלי קלארק ישראל שיווק בעמ,,,"י""ח",2,"י""ח",false,1,12.90,6.45,false,1,
7290000197470,false,שקיות רב שימושיות מתכלות ניקול 250 יחידות,קימברלי קלארק ישראל שיווק בעמ,,,"י""ח",200,"י""ח",false,1,17.90,0.09,false,1,
7290000197654,false,שקיות אשפה ענקיות נשלפות 75*90 ניקול 50 יחידות,קימברלי קלארק ישראל שיווק בעמ,,,"י""ח",45,"י""ח",false,1,22.90,0.51,true,1,
7290000197999,false,רדיד אלומיניום עבה ניקול זוגי 30X7.5מ',קימברלי קלארק ישראל שיווק בעמ,,,"י""ח",1,"י""ח",false,1,17.90,17.90,false,1,
7290000199313,false,תחבושות עם כנפיים נורמל פלוס קוטקס 30 יחידות,קימברלי קלארק ישראל שיווק בעמ,,,"י""ח",1,"י""ח",false,1,19.90,19.90,true,1,
7290000204086,false,ניקול כרית קרצוף מארז שלישייה,קימברלי קלארק ישראל שיווק בעמ,,,"י""ח",3,"י""ח",false,1,10.90,3.63,false,1,
7290000204215,false,שישיית כרית יפנית ניקול 6 יחידות,קימברלי קלארק ישראל שיווק בעמ,,,"י""ח",600,ל גרם,false,1,10.90,1.82,false,1,
7290000204253,false,מטליות רב שימושיות לניקיון ניקול 9 יחידות,קימברלי קלארק ישראל שיווק בעמ,,,"י""ח",9,"י""ח",false,1,10.90,1.21,false,1,
7290000204611,false,שישיית ספוגית הקסם ניקול 6 יחידות,קימברלי קלארק ישראל שיווק בעמ,,,"י""ח",6,"י""ח",false,1,10.90,1.82,false,1,
7290000207063,false,רסק עגבניות פריכוז 28% 240 גרם יכין,היינץ צפון אמריקה מק,,,"י""ח",240,ל גרם,false,1,4.90,2.04,false,1,
7290000207162,false,רוטב עגבניות מרכיב טבעי 100 ג' יכין,זנלכול יכין,,,"י""ח",100,ל גרם,false,1,2.90,2.90,true,1,
7290000207438,false,עגבניות מקולפות חתוכות לקוביות,זנלכול יכין,,,"י""ח",800,ל גרם,false,1,11.90,1.49,false,1,
7290000208022,false,עגבניות 2.5 A מרוסקות 850 גרם יכין,זנלכול יכין,,,"י""ח",800,ל גרם,false,1,11.90,1.49,false,1,
7290000208077,false,אפונת גינה גדולה יכין (550 גרם),זנלכול יכין,,,"י""ח",550,ל גרם,false,1,8.90,1.62,true,1,
7290000208114,false,"אפונה וגזר יכין A2 פ""ק בית יוסף",זנלכול יכין,,,"י""ח",550,ל גרם,false,1,8.90,1.62,true,1,
7290000208145,false,גרעיני תירס מתוק לייט 550 גרם יכין,זנלכול יכין,,,"י""ח",550,ל גרם,false,1,11.90,2.16,false,1,
7290000208213,false,שעועית לבנה אפויה A2 ברוטב עגבניות יכין 560ג',היינץ צפון אמריקה מק,,,"י""ח",580,ל גרם,false,1,8.90,1.53,true,1,
7290000208220,false,שעועית צ`ילי מקסיקני חריף יכין (550 גרם),היינץ צפון אמריקה מק,,,"י""ח",550,ל גרם,false,1,10.90,1.98,false,1,
7290000208244,false,"בסיס לשקשוקה יכין A2 פ""ק בית יוסף",זנלכול יכין,,,"י""ח",570,ל גרם,false,1,9.90,1.74,true,1,
7290000208312,false,גרעיני תירס מתוק בואקום יכין 400 גר',"זנלכל בע""\מ",,,"י""ח",325,ל גרם,false,1,7.90,2.43,true,1,
7290000208329,false,גרעיני תירס מתוק יכין (550 גרם),זנלכול יכין,,,"י""ח",550,ל גרם,false,1,8.90,1.62,true,1,
7290000208336,false,רסק יכין 240גר 22% יכין בית יוסף,"זנלכל בע""\מ",,,"י""ח",240,ל גרם,false,1,4.90,2.04,true,1,
7290000208343,false,עגבניות מרוסקות שום יכין A2.5 בית יוסף,היינץ צפון אמריקה מק,,,"י""ח",900,ל גרם,false,1,9.90,1.10,false,1,
7290000208428,false,גרגרי חומוס שלם 550 גרם יכין,היינץ צפון אמריקה מק,,,"י""ח",550,ל גרם,false,1,8.90,1.62,true,1,
7290000208534,false,תירס קיד גרעיני תירס מתוק יכין (550 גרם),זנלכול יכין,,,"י""ח",550,ל גרם,false,1,9.90,1.80,false,1,
7290000208893,false,גרעיני תירס מתוק לייט 400 גרם יכין,היינץ צפון אמריקה מק,,,"י""ח",340,ל גרם,false,1,6.90,2.03,false,1,
7290000208930,false,עגבניות מרוסקות בתוספת שום 240 גרם יכין,זנלכול יכין,,,"י""ח",240,ל גרם,false,1,5.50,2.29,false,1,
7290000208947,false,עגבניות מרוסקות יכין (240 גרם),היינץ צפון אמריקה מק,,,"י""ח",240,ל גרם,false,1,6.50,2.71,false,1,
7290000208978,false,רוטב עגבניות (10028% גרם)פריכוז יכין,זנלכול יכין,,,"י""ח",100,ל גרם,false,1,2.90,2.90,false,1,
7290000209043,false,מיץ לימון משומר לתיבול יכין (1 ליטר),היינץ צפון אמריקה מק,,,"י""ח",1,ליטר,false,1,7.90,7.90,true,1,
7290000209173,false,חומצה אצטית למזון 5% יכין 1 ליטר,זנלכול יכין,,,"י""ח",1,ליטר,false,1,5.90,5.90,false,1,
7290000209579,false,סירופ דיאט בטעם אננס יכין (1 ליטר),"זנלכל בע""\מ",,,"י""ח",1,ליטר,false,1,21.90,21.90,false,1,
7290000209722,false,רוטב עגבניות 28% יכין (580 גרם)פריכוז,"זנלכל בע""\מ",,,"י""ח",580,ל גרם,false,1,12.90,2.22,true,1,
7290000209913,false,עגבניות חתוכות לקוביות 240 גרם יכין,"זנלכל בע""\מ",,,"י""ח",240,ל גרם,false,1,5.50,2.29,false,1,
7290000209944,false,רוטב לעגבניות בסיס לשקשוקה 240 ג' יכין,"זנלכל בע""\מ",,,"י""ח",240,ל גרם,false,1,6.50,2.71,false,1,
7290000209951,false,רוטב עגבניות לפיצה 260 גרם יכין,"זנלכל בע""\מ",,,"י""ח",240,"ל מ""ל",false,1,6.50,2.71,false,1,
7290000209968,false,רוטב עגבניות ללזניה 260 גרם יכין,זנלכול יכין,,,"י""ח",240,ל גרם,false,1,6.50,2.71,false,1,
7290000211169,false,"אורז תאילנדי אחד אחד סוגת 1 ק""ג",האי נאם סי או אל.טי.,,,"י""ח",1,"ק""ג",false,1,7.90,7.90,false,1,
7290000211312,false,סוגת אורז מלא פרסי אחד אחד 1 קג,האי נאם סי או אל.טי.,,,"י""ח",1,"ק""ג",false,1,7.90,7.90,false,1,
7290000211442,false,אורז בסגנון פרסי קלאסי סוגת (1 קג),האי נאם סי או אל.טי.,,,"י""ח",1,"ק""ג",false,1,10.90,10.90,false,1,
7290000211503,false,סוכר לבן ארוז בשקית,"סוגת תעשיות בע""\מ",,,"י""ח",1,"ק""ג",false,1,4.40,4.40,false,1,
7290000211626,false,חיש אורז אחד אחד 1 קג,"סוגת תעשיות בע""\מ",,,"י""ח",1,"ק""ג",false,1,10.90,10.90,false,1,
7290000211985,false,אורז עגול ריזוטו אחד אחד 1 קג,"סוגת תעשיות בע""\מ",,,"י""ח",1,"ק""ג",false,1,9.90,9.90,false,1,
7290000218502,false,תערובת לחמין A-2 ויטה בדצ,ויטה פרי גליל (החדשה) בע`מ,,,"י""ח",500,ל גרם,false,1,9.90,1.98,false,1,
7290000226552,false,קפולסקי עוגת טורט ריבת חלב+ קוקוס קפוא,קפולסקי שיווק וקמעונ,,,"י""ח",1,"ק""ג",false,1,69.90,69.90,false,1,
7290000226576,false,"עוגת טורט מצופה שוקולד קפולסקי 1 ק""ג",תופינים מקבוצת קפולסקי,,,"י""ח",1,"ק""ג",false,1,69.90,69.90,false,1,
7290000238029,false,"בצק עלים צרפתי מרודד מעדנות 1 ק""ג",תנובה מרכז שיתופי לשיווק תוצרת,,,"י""ח",1,"ק""ג",false,1,21.90,21.90,false,1,
7290000238036,false,מלאווח מעדנות 6 יח`700 גרם קפוא,תנובה מרכז שיתופי לשיווק תוצרת,,,"י""ח",700,ל גרם,false,1,17.90,2.56,true,1,
7290000238173,false,.בורקס במילוי גבינה 800 גרם מעדנות,מיוצר עי קונדיטוריית,,,"י""ח",800,ל גרם,false,1,21.90,2.74,true,1,
7290000238180,false,בורקס במילוי תפוא 800 גרם מעדנות,מיוצר עי קונדיטוריית,,,"י""ח",800,ל גרם,false,1,19.90,2.49,true,1,
7290000244143,false,קרם הוואי לאחר גילוח+ לחות 120 מ``ל,טרופיקל דגיל קוסמטיק,,,"י""ח",120,ל גרם,false,1,17.90,14.92,true,1,
7290000244761,false,"קרם ידיים ולווטה 100 מ""ל",טרופיקל דגיל קוסמטיק,,,"י""ח",100,"ל מ""ל",false,1,15,15,true,1,
7290000245089,false,סוד סופט מרכך כביסה סגול 4 ליטר,גורי שיווק בעמ,,,"י""ח",4,ליטר,false,1,16.90,4.23,false,1,
7290000245157,false,סוד סופט מרכך כביסה סנסיישן 4 ליטר,גורי שיווק בעמ,,,"י""ח",4,ליטר,false,1,16.90,4.23,false,1,
7290000245294,false,"פרסיל אבקת כביסה סופרא 2.5ק""ג",גורי שיווק בעמ,,,"י""ח",2.50,"ק""ג",false,1,25.90,10.36,false,1,
7290000245799,false,סוד סופט מרכך כביסה כחול 4 ליטר,גורי שיווק בעמ,,,"י""ח",4,ליטר,false,1,16.90,4.23,false,1,
7290000253220,false,שוקולדצ`יפס לאפייה 260 גר`אופנהיימר,תה ויסוצקי (ישראל) בעמ,,,"י""ח",260,ל גרם,false,1,12.90,4.96,false,1,
7290000262161,false,נייר טואלט לב אדום 40 גלילים מולט,קימברלי קלארק ישראל שיווק בעמ,,,"י""ח",716,מטר,false,1,36.90,0.05,false,1,
7290000272696,false,מיץ לימון טבעי משומר 1 ליטר עסיס כלפ,קבוצת אוסם סחר שותפות מוגבלת,,,"י""ח",1,ליטר,false,1,9.90,9.90,false,1,
7290000272726,false,חומץ רכיבים רכיבים טבעיים 5% עסיס 1 ליטר,קבוצת אוסם סחר שותפות מוגבלת,,,"י""ח",1,ליטר,false,1,7.50,7.50,false,1,
7290000286228,false,ספוגיות לניקוי כללי סנו סושי 6 יחידות,החברה הדרומית לשיווק בעמ,,,"י""ח",6,"י""ח",false,1,12.90,2.15,false,1,
7290000286549,false,מטליות לניקוי כללי סנו סושי 9 יחידות,החברה הדרומית לשיווק בעמ,,,"י""ח",9,"י""ח",false,1,12.90,1.43,false,1,
7290000286594,false,אבקה לניקוי במיכל לימון X סנו 600 גרם,החברה הדרומית לשיווק בעמ,,,"י""ח",600,ל גרם,false,1,9.90,1.65,false,1,
7290000286761,false,ניילון נצמד סנו סושי פלסטיק מארז 30X2 מ',החברה הדרומית לשיווק בעמ,,,"י""ח",1,,false,1,12.90,12.90,false,1,
7290000286907,false,"סנוקל מסיר כתמים סנו 170 מ""ל",סנו מפעלי ברונוס בעמ,,,"י""ח",170,"ל מ""ל",false,1,25.90,15.24,false,1,
7290000287409,false,"שלישיית סנובון תות לאסלה ""סנו""",החברה הדרומית לשיווק בעמ,,,"י""ח",165,ל גרם,false,1,12.90,7.82,false,1,
7290000287621,false,"אנטי קאלק נוזל לניקוי אסלות סנו 750 מ""ל",החברה הדרומית לשיווק בעמ,,,"י""ח",750,"ל מ""ל",false,1,15.90,2.12,true,1,
7290000288017,false,אקונומיקה בריח לימון סנו ז'אוול 1 ליטר,החברה הדרומית לשיווק בעמ,,,"י""ח",1,ליטר,false,1,8.90,8.90,false,1,
7290000288024,false,סנו - ז'אוול אקונומיקה בריח לימון 4 ליטר,החברה הדרומית לשיווק בעמ,,,"י""ח",4,ליטר,false,1,16.90,4.23,false,1,
7290000288048,false,ז`אוול מרסס לניקוי כללי לבנדר סנו (1 ליט,החברה הדרומית לשיווק בעמ,,,"י""ח",1,ליטר,false,1,19.90,19.90,false,1,
7290000288086,false,אבקת ניקוי עם אקונומיקה בריח לימון סנו ז'אוול 600 ג',החברה הדרומית לשיווק בעמ,,,"י""ח",600,ל גרם,false,1,11.90,1.98,false,1,
7290000288253,false,"קוטל חרקים מעופפים K-400 סנו 630 מ""ל",החברה הדרומית לשיווק בעמ,,,"י""ח",630,"ל מ""ל",false,1,23.90,3.79,false,1,
7290000288352,false,"קוטל חרקים וזוחלים K-300 סנו 630 מ""ל",החברה הדרומית לשיווק בעמ,,,"י""ח",630,"ל מ""ל",false,1,21.90,3.48,false,1,
7290000288390,false,קוטל זבובים יתושים קיי 600 סנו (500 מל),החברה הדרומית לשיווק בעמ,,,"י""ח",475,"ל מ""ל",false,1,24.90,5.24,false,1,
7290000288413,false,סנו-די דוחה יתושים כדורי סנו (50 מל),החברה הדרומית לשיווק בעמ,,,"י""ח",50,"ל מ""ל",false,1,24.90,49.80,false,1,
7290000288642,false,מקסימה מרכך כביסה סנסיטיב בייבי סנו 4 ליטר,החברה הדרומית לשיווק בעמ,,,"י""ח",4,ליטר,false,1,21.90,5.48,false,1,
7290000288840,false,מים מזוקקים 2 ליטר לגיהוץ,החברה הדרומית לשיווק בעמ,,,"י""ח",2,ליטר,false,1,12.90,6.45,false,1,
7290000289069,false,סנו - ז'אוול מרסס קצף ניקוי בתוספת אקונומיקה בריח לימון 1 ליטר,החברה הדרומית לשיווק בעמ,,,"י""ח",1,ליטר,false,1,19.90,19.90,false,1,
7290000289472,false,סנו סושי רב שקית שקיות אשפה90*76 50י,החברה הדרומית לשיווק בעמ,,,"י""ח",1,,false,1,18.90,18.90,false,1,
7290000289496,false,"סנו - ז'אוול ג'ל קרם לניקוי כללי לימון 750 מ""ל",החברה הדרומית לשיווק בעמ,,,"י""ח",750,"ל מ""ל",false,1,11.90,1.59,false,1,
7290000291857,false,פוליויקס נוזל רצפות בניחוח גולדן סאנרייז סנו 2 ליטר,החברה הדרומית לשיווק בעמ,,,"י""ח",2,ליטר,false,1,20.90,10.45,true,1,
7290000291932,false,"סנובון נוזל לניקוי אסלה בניחוח לבנדר סנו 750 מ""ל",החברה הדרומית לשיווק בעמ,,,"י""ח",750,"ל מ""ל",false,1,12.90,1.72,false,1,
7290000291956,false,סנו אקונומיקה מונבלאן 1 ל,החברה הדרומית לשיווק בעמ,,,"י""ח",1,ליטר,false,1,8.50,8.50,false,1,
7290000291963,false,אקונומיקה סמיכה בריח לימון סנו ז'אוול 1 ליטר,החברה הדרומית לשיווק בעמ,,,"י""ח",1,ליטר,false,1,8.90,8.90,false,1,
7290000292311,false,פוליויקס נוזל רצפות בניחוח סחלבים סנו 2 ליטר,החברה הדרומית לשיווק בעמ,,,"י""ח",200,"ל מ""ל",false,1,20.90,10.45,true,1,
7290000292502,false,"סנו K 800 תרסיס קוטל חרקים 300מ ""ל",החברה הדרומית לשיווק בעמ,,,"י""ח",630,"ל מ""ל",false,1,15.80,2.51,false,1,
7290000292687,false,סנובון מוצק לניקוי אסלה קלאסיק כחול סנו 3 יחידות,החברה הדרומית לשיווק בעמ,,,"י""ח",165,ל גרם,false,1,17.90,10.85,true,1,
7290000293073,false,מקסימה מרכך כביסה ביו לבן סנו 4 ליטר,החברה הדרומית לשיווק בעמ,,,"י""ח",4,ליטר,false,1,21.90,5.48,false,1,
7290000293530,false,שקית מילוי לסנו סופג לחות ומונע עובש,החברה הדרומית לשיווק בעמ,,,"י""ח",340,"ל מ""ל",false,1,14.90,4.38,false,1,
7290000293943,false,"מרסס לבן מסיר אבנית 1 ליטר אנטי קאלק ""סנו""",החברה הדרומית לשיווק בעמ,,,"י""ח",1,ליטר,false,1,19.90,19.90,false,1,
7290000294391,false,נוזל לניקוי כללי בניחוח סחלבים סנו ג'ט 4 ליטר,החברה הדרומית לשיווק בעמ,,,"י""ח",4,ליטר,false,1,22.90,5.73,false,1,
7290000295121,false,מטליות זיגזג סנו סושי לניקוי רצפות 3יח',החברה הדרומית לשיווק בעמ,,,"י""ח",1,,false,1,12.90,12.90,false,1,
7290000295367,false,"מקסימה אבקת כביסה אפקט ז'אוול סנו 2.5 ק""ג",החברה הדרומית לשיווק בעמ,,,"י""ח",2.50,"ק""ג",false,1,26.90,10.76,false,1,
7290000295404,false,שקיות אשפה עם שרוך 54 * 65 סנו סושי 60 יחידות,החברה הדרומית לשיווק בעמ,,,"י""ח",1,"י""ח",false,1,22.90,22.90,false,1,
7290000295503,false,זוג שקיות מזון טבע 19*25 סנו סושי 150 יחידות,החברה הדרומית לשיווק בעמ,,,"י""ח",1,,false,1,15.90,15.90,false,1,
7290000295541,false,סנו סושי רב מגבת ג`מבו 75 יחידות,החברה הדרומית לשיווק בעמ,,,"י""ח",390,ל גרם,false,1,24.90,6.38,false,1,
7290000295558,false,"רדיד אלומיניום רוחב 30 ס""מ סנו סושי 2 יח' 7.5 מטר",החברה הדרומית לשיווק בעמ,,,"י""ח",1,,false,1,12.90,12.90,false,1,
7290000300900,false,שניצל תירס מרכיבים טבעיים טבעול 750 גרם,קבוצת אוסם סחר שותפות מוגבלת,,,"י""ח",750,ל גרם,false,1,39.90,5.32,true,1,
7290000302027,false,סיגריות טיים אדום פא,"דובק בע""מ",,,"י""ח",200,"י""ח",false,1,286.90,1.43,false,1,
7290000303581,false,פול מצרי פרי הגליל 560 גרם,ויטה -פרי גליל (החדשה) בעמ,,,"י""ח",560,ל גרם,false,1,7.90,1.41,true,1,
7290000304663,false,סלט טונה נון 160 גרם בדצ עדה חרדית,דיפלומט מפיצים (1968) בעמ**,,,"י""ח",160,ל גרם,false,1,6.90,4.31,false,1,
7290000311203,false,"וופלים בטעם שוקולד ""מן"" 200 גרם",רוקחמן בעמ מפעל לייצור ופלים ו,,,"י""ח",200,ל גרם,false,1,4.90,2.45,false,1,
7290000311210,false,"וופלים בטעם לימון ""מן"" 200 גרם",רוקחמן בעמ מפעל לייצור ופלים ו,,,"י""ח",200,ל גרם,false,1,4.90,2.45,false,1,
7290000311227,false,"וופלים במילוי קרם קפה ""מן"" 200 גרם",ח.כהן סוכנות מזון ומשקאות בע,,,"י""ח",200,ל גרם,false,1,4.90,2.45,false,1,
7290000311234,false,וופל מן בטעם וניל 200 גרם,ח.כהן סוכנות מזון ומשקאות בע,,,"י""ח",200,ל גרם,false,1,4.90,2.45,false,1,
7290000311357,false,מן וופלים בטעם אגוזים 10*28 גר-נ.ל.פ,ח.כהן סוכנות מזון ומשקאות בע,,,"י""ח",280,ל גרם,false,1,11.90,4.25,false,1,
7290000311425,false,ופל מצופה עשיריות מן 220 גרם מארז 10 יחידות,רוקחמן בעמ מפעל לייצור ופלים ו,,,"י""ח",200,ל גרם,false,1,8.90,4.45,false,1,
7290000311500,false,וופלים מן שוקו ללא כולסטרול 500 גרם,רוקחמן בעמ מפעל לייצור ופלים ו,,,"י""ח",500,ל גרם,false,1,9.90,1.98,false,1,
7290000311517,false,מן וופלים בטעם לימון 500 גרם,ח.כהן סוכנות מזון ומשקאות בע,,,"י""ח",500,ל גרם,false,1,9.90,1.98,false,1,
7290000311715,false,מן עוגיות כוכבים בטעם שוקולד 300 גרם*נ.ל.פ,רוקחמן בעמ מפעל לייצור ופלים ו,,,"י""ח",300,ל גרם,false,1,6.90,2.30,false,1,
7290000311722,false,מן עוגיות כוכבים וניל 300 גרם,רוקחמן בעמ מפעל לייצור ופלים ו,,,"י""ח",300,ל גרם,false,1,6.90,2.30,false,1,
7290000313160,false,זהבה ושלושת הדובים עוגיות בטעם שוקולד אסם 350 גרם,קבוצת אוסם סחר שותפות מוגבלת,,,"י""ח",250,ל גרם,false,1,9.50,3.80,false,1,
7290000313184,false,עוגיות חברים גן חיות וניל אסם 250 גר',קבוצת אוסם סחר שותפות מוגבלת,,,"י""ח",250,ל גרם,false,1,9.60,3.84,false,1,
7290000313290,false,אסם נודלס נודלס איטריות מסולסלות 200גר,קבוצת אוסם סחר שותפות מוגבלת,,,"י""ח",200,ל גרם,false,1,12.90,6.45,false,1,
7290000315126,false,קנור ציר עוף משחתי 300 ג,יוניליוור ישראל שיווק בע`מ,,,"י""ח",300,ל גרם,false,1,24.90,8.30,false,1,
7290000318127,false,נקניקיות ביס יחיעם (380 גרם),מעדני יחיעם (1993) בעמ,,,"י""ח",380,ל גרם,false,1,11.90,3.13,false,1,
7290000318677,false,נקניק סלמי סרוולט יחיעם 150 גרם,מעדני יחיעם (1993) בעמ,,,"י""ח",150,ל גרם,false,1,23.90,15.93,false,1,
7290000318707,false,נקניק סלמי מעושן יחיעם 500 גרם,מעדני יחיעם ( 1993 ) בע`מ,,,"י""ח",500,ל גרם,false,1,30.90,6.18,true,1,
7290000318806,false,נקניק סרוולד סלמי מעדניה,מעדני יחיעם ( 1993 ) בע`מ,,,"ק""ג",1,,true,1,147,147,false,1,
7290000318929,false,סלמי צרפתי מובחר במשקל,מעדני יחיעם ( 1993 ) בע`מ,,,"ק""ג",1,,true,1,147,147,false,1,
7290000319131,false,נקניקיות עוף יחיעם 400 גרם,מעדני יחיעם (1993) בעמ,,,"י""ח",400,ל גרם,false,1,11.90,2.98,true,1,
7290000334684,false,תפוגן טבעות בצל לתנור 700 גרם,קבוצת אוסם סחר שותפות מוגבלת,,,"י""ח",700,ל גרם,false,1,18.40,2.63,false,1,
7290000334745,false,"ציפס אמריקאי דקדק תפוגן 1.5 ק""ג",קבוצת אוסם סחר שותפות מוגבלת,,,"י""ח",1.50,"ק""ג",false,1,25.90,17.27,false,1,
7290000339191,false,רן אבקת הלבנה לכביסה 350 גרם,יוניליוור ישראל שיווק בע`מ,,,"י""ח",350,ל גרם,false,1,21,6,false,1,
7290000339887,false,"משחת כלים סיף קלין לימון 5 3 ק""ג",יוניליוור ישראל שיווק בע`מ,,,"י""ח",3.50,"ק""ג",false,1,27.90,7.97,false,1,
7290000342856,false,מרכך כביסה כחול בדין (4 ליטר),"יוניליוור ישראל שיווק בע""מ",,,"י""ח",4,ליטר,false,1,20.90,5.23,false,1,
7290000345048,false,תה עלים 74 פחית 125 גרם,תה ויסוצקי (ישראל) בעמ,,,"י""ח",125,ל גרם,false,1,13.90,11.12,false,1,
7290000345215,false,תה כחול קלאסיק ויסוצקי 100 יחידות,תה ויסוצקי (ישראל) בעמ,,,"י""ח",100,"י""ח",false,1,16.90,0.17,false,1,
7290000345260,false,תה קלאסיק מעטפות ויסוצקי 25 יחידות,תה ויסוצקי (ישראל) בעמ,,,"י""ח",37.50,ל גרם,false,1,7.50,20,false,1,
7290000345284,false,תה ויסוצקי קלאסי אריזה ירוקה מרובעת (100 שקיקים),תה ויסוצקי (ישראל) בעמ,,,"י""ח",150,ל גרם,false,1,17.90,11.93,false,1,
7290000345291,false,תה ארל גרי 1.5/ 25 שקיקים ויסוצקי,תה ויסוצקי (ישראל) בעמ,,,"י""ח",37.50,ל גרם,false,1,15.90,42.40,true,1,
7290000346137,false,חליטת הילולי פירות הגן הקסום ויסוצקי 25 יחידות,תה ויסוצקי (ישראל) בעמ,,,"י""ח",62.50,ל גרם,false,1,17.90,28.64,true,1,
7290000346199,false,חליטת פירות יער הגן הקסום ויסוצקי 25 יחידות,תה ויסוצקי (ישראל) בעמ,,,"י""ח",67.50,ל גרם,false,1,17.90,26.52,true,1,
7290000346205,false,חליטת קמומיל הגן הקסום ויסוצקי 25 יחידות,תה ויסוצקי (ישראל) בעמ,,,"י""ח",37.50,ל גרם,false,1,17.90,47.73,true,1,
7290000347738,false,תה ירוק בתוספת עלי נענע 25 שקיקים,תה ויסוצקי (ישראל) בעמ,,,"י""ח",25,"י""ח",false,1,24.90,1,true,1,
7290000347752,false,תה ירוק לימונית ולואיזה 25 שקיקים *1.5 ג'' ויסוצקי,תה ויסוצקי (ישראל) בעמ,,,"י""ח",37.50,ל גרם,false,1,24.90,66.40,true,1,
7290000363462,false,סלמי איטלקי מעושן ט.צבי,תנובה בשר,,,"ק""ג",1,,true,1,89,89,false,1,
7290000363486,false,נקניק תה טירת צבי מע,תנובה בשר,,,"ק""ג",1000,ל גרם,true,1,56.50,5.65,false,1,
7290000364803,false,נקניקיות בקר אמריקאיות טירת צבי 500 גרם,הנסיך- מפעל לייצור ט,,,"י""ח",500,ל גרם,false,1,32.10,6.42,false,1,
7290000364858,false,"נקניקיות עוף טרי טירת צבי 1 ק""ג",הנסיך- מפעל לייצור ט,,,"י""ח",1,"ק""ג",false,1,28.90,28.90,false,1,
7290000364872,false,נקניקיות עוף טירת צבי (400 גרם),טיב טירת צבי 2000,,,"י""ח",400,ל גרם,false,1,14.90,3.73,true,1,
7290000365954,false,פסטרמה גחלים טירת צבי,תנובה בשר,,,"ק""ג",1,,true,1,89,89,false,1,
7290000367590,false,פסטרמה כפרית וסלמי פריזר כפרי טירת צבי 2*400 גרם,תנובה מרכז שיתופי לשיווק תוצרת,,,"י""ח",8,"י""ח",false,1,33.90,4.24,false,1,
7290000377209,false,בוטנים מטוגנים קליית גת (200 גרם),ליימן שליסל בעמ,,,"י""ח",200,ל גרם,false,1,7,3.50,false,1,
7290000377445,false,נש צ'אנס קליית גת 200 גרם,ליימן שליסל בעמ,,,"י""ח",200,ל גרם,false,1,8.90,4.45,true,1,
7290000377452,false,גרעיני אבטיח קלויים ומלוחים קלית גת 200,הדקלאים אגודת שיתופי,,,"י""ח",200,ל גרם,false,1,13,6.50,false,1,
7290000379000,false,חלה רגילה/קלועה חדשה 650 גרם *.,שלמה א.אנג ל בעמ,,,"י""ח",650,ל גרם,false,1,6.60,1.02,false,1,
7290000379357,false,חלה קלה פרוסה 500 גרם,מאפיית שלמה א. אנג'\ל בע,,,"י""ח",500,ל גרם,false,1,14,2.80,false,1,
7290000379951,false,"סולת חיטה 1 ק""ג אנג'ל",שלמה א.אנג ל בעמ,,,"י""ח",1,"ק""ג",false,1,6.60,6.60,false,1,
7290000408316,false,יוגורט דנונה דל לקטוז 200 גרם,שטראוס גרופ בעמ/מצונן,,,"י""ח",200,"ל מ""ל",false,1,3.70,1.85,false,1,
7290000408354,false,יוגורט עם אורז מצופה שוקולד קקאו 175 ג' דנונה,שטראוס גרופ בעמ/מצונן,,,"י""ח",175,"ל מ""ל",false,1,4.80,2.74,false,1,
7290000412481,false,נוזל לניקוי אסלות 00 סנו (1 ליטר),החברה הדרומית לשיווק בעמ,,,"י""ח",1,ליטר,false,1,7.90,7.90,false,1,
7290000416021,false,ממרח בטעם שוקולד השחר העולה (500 גרם),השחר העולה תעשית ממתקים בעמ,,,"י""ח",500,ל גרם,false,1,14.90,2.98,false,1,
7290000416045,false,ממרח בטעם שוקולד השחר העולה (1 קג),השחר העולה תעשית ממתקים בעמ,,,"י""ח",1,"ק""ג",false,1,23.90,23.90,false,1,
7290000416618,false,"ממרח שוקולד פרווה השחר 400 גרם כשל""פ",השחר העולה תעשית ממתקים בעמ,,,"י""ח",400,ל גרם,false,1,13.90,3.48,false,1,
7290000416632,false,"ממרח שוקולד פרווה השחר 1 ק""ג כשל""פ",השחר העולה תעשית ממתקים בעמ,,,"י""ח",1,מטר,false,1,25.20,25.20,false,1,
7290000419107,false,לנדוור קפה מקורי לבוקר טחון טורקי 100 גרם,קפה לנדוור בע''מ,,,"י""ח",100,ל גרם,false,1,9.90,9.90,false,1,
7290000419220,false,לנדוור כחול המקורי קפה טחון טורקי 3*100 גרם 16 יח',ש.שסטוביץ בעמ,,,"י""ח",300,ל גרם,false,1,19.90,6.63,false,1,
7290000419893,false,לנדוור קפה שחור חזק טחון טורקי 100 גרם,מולינו ניקולי s.p.a,,,"י""ח",100,ל גרם,false,1,9.90,9.90,false,1,
7290000419909,false,לנדוור קפה שחור לבוקר טחון טורקי 100 גרם,מולינו ניקולי s.p.a,,,"י""ח",100,ל גרם,false,1,9.90,9.90,false,1,
7290000420325,false,"פופסטאר פופקורן למקירוגל בטעם טבעי 5 שקיות,500 גרם","דנשר (1963) בע,מ",,,"י""ח",500,ל גרם,false,1,13.80,2.76,true,1,
7290000420332,false,פופסטאר פופקורן למיקרוגל בטעם חמאה 5 יחידות 500 גרם,"דנשר (1963) בע,מ",,,"י""ח",500,ל גרם,false,1,13.80,2.76,true,1,
7290000420417,false,גלילונית שקיות אשפה 52X65 עם שרוך 60 יחידות,"איטיליאן פוד, אס.פי.",,,"י""ח",60,"י""ח",false,1,19.90,0.33,false,1,
7290000432120,false,נרות חנוכה רגיל 44 יח,פאלאס תעשיות נטו (2014) בעמ,,,"י""ח",1,,false,1,3.90,3.90,false,1,
7290000449128,false,סיף פנטסטיק לימון ניקוי רב תכליתי 4ל',יוניליוור ישראל שיווק בע`מ,,,"י""ח",4,ליטר,false,1,25.10,6.28,false,1,
7290000450209,false,נתחי טונה בהירה בשמן פוסידון (108 גרם),"מיוצר עי וליגר בעמ,",,,"י""ח",110,ל גרם,false,1,6.70,6.09,false,1,
7290000453019,false,שמרים טריים לאפייה שקית שמרית 50 ג',שטראוס גרופ בעמ/מצונן,,,"י""ח",50,ל גרם,false,1,4.50,9,false,1,
7290000453125,false,שמרית שמרים טריים לאפיה +משפר אפיה 100ג,שטראוס גרופ בעמ/מצונן,,,"י""ח",100,ל גרם,false,1,7.90,7.90,false,1,
7290000461625,false,בייגלה שמיניות מלח בייגל בייגל 400 ג',יוניליוור ישראל שיווק בע`מ,,,"י""ח",400,ל גרם,false,1,11.90,2.98,true,1,
7290000461656,false,בייגלה מקלות מלוחים בייגל בייגל 400 גרם,"יוניליוור ישראל שיווק בע""מ",,,"י""ח",400,ל גרם,false,1,11.90,2.98,true,1,
7290000461793,false,בייגלה ארוך ארוך סידרה ירוקה בייגל בייגל 150 גרם,יוניליוור ישראל שיווק בע`מ,,,"י""ח",150,ל גרם,false,1,6.90,4.60,false,1,
7290000469638,false,"ספריי לגיהוץ קל מריטו 500 מ""ל",בולטון מניטובה,,,"י""ח",500,"ל מ""ל",false,1,24.40,4.88,false,1,
7290000474090,false,"חלב בקרטון 1%- 1 ליטר בד""צ - מוצר בפיקוח",*החברה המרכזית להפצת משקאותבעמ,,,"י""ח",1,ליטר,false,1,5.86,5.86,false,1,
7290000474373,false,"שמנת חמוצה 15% שומן 200 מ""ל טרה",החברה המרכזית טלהפצת משקאות בע,,,"י""ח",200,"ל מ""ל",false,1,2.40,1.20,false,1,
7290000474502,false,גבינה לבנה טרה 5% מרכיבים טבעיים,*החברה המרכזית להפצת משקאותבעמ,,,"י""ח",250,ל גרם,false,1,4.98,1.99,false,1,
7290000474540,false,גבינה טוב טעם 3% טרה 250ג' מהדרין,החברה המרכזית טלהפצת משקאות בע,,,"י""ח",250,ל גרם,false,1,11.50,4.60,false,1,
7290000480442,false,קוואקר שיבולת שועל בשקית 500 גרם,שטראוס פריטו ליי בע`מ,,,"י""ח",500,ל גרם,false,1,12.90,2.58,true,1,
7290000482019,false,שקיות לצליה קוקי 10 יחידות,"ש. שסטוביץ בע""מ",,,"י""ח",1,,false,1,12.90,12.90,true,1,
7290000484747,false,"ארק עלית 700 מ""ל 40% יקב הגליל*",יקב הגליל יוסף גולד ובניו,,,"י""ח",700,"ל מ""ל",false,1,57.90,8.23,false,1,
7290000493176,false,אסם אבקת רוטב צלי לבשר 22 ג',קבוצת אוסם סחר שותפות מוגבלת,,,"י""ח",22,ל גרם,false,1,5,22.73,false,1,
7290000493183,false,אבקת רוטב פטריות לבשר-30 גרם,קבוצת אוסם סחר שותפות מוגבלת,,,"י""ח",30,ל גרם,false,1,5,16.67,false,1,
7290000497044,false,לחם אקטיב ברמן (750 גרם),מאפית י את א ברמן בע,,,"י""ח",1,,false,1,16.90,16.90,false,1,
7290000497426,false,לחם ברמן לענין פלוס 500 גרם,מאפית י את א ברמן בע,,,"י""ח",750,ל גרם,false,1,14.40,1.92,false,1,
7290000497532,false,לחם ברמן לעניין פרוס ברמן (750 גרם),מאפית י את א ברמן בע,,,"י""ח",750,ל גרם,false,1,14.90,1.99,false,1,
7290000497570,false,לחם דגנים פלוס ברמן 500 גרם,מאפית י את א ברמן בע,,,"י""ח",750,ל גרם,false,1,15.90,2.12,false,1,
7290000498256,false,מארז 10 לחמניות בשקית ברמן,מאפית י את א ברמן בע,,,"י""ח",1,,false,1,13.90,13.90,false,1,
7290000504049,false,סוכרזית קלאסי קנקן 1200 טבליות,אף.סי תבליני בגליל ב,,,"י""ח",984,ל גרם,false,1,23.90,2.43,true,1,
7290000504209,false,"סוכרזית דיאט טיפ נוזלי 220 מ""ל",אף.סי תבליני בגליל ב,,,"י""ח",220,"ל מ""ל",false,1,17.90,8.14,false,1,
7290000518176,false,ממתיק מתוק וקל 250 שקיות,מתוק וקל בע`מ,,,"י""ח",2.50,"י""ח",false,1,16.90,6.76,false,1,
7290000518251,false,ממתיק זהב מתוק וקל 100 יחידות,מתוק וקל בע`מ,,,"י""ח",100,"י""ח",false,1,11.90,0.12,false,1,
7290000521411,false,יין מרום גליל סינגל מרלו 750 מל,תאי פרזידנט פוד פאבל,,,"י""ח",750,"ל מ""ל",false,1,34.90,4.61,true,1,
7290000521428,false,"יין שרדונה מרום גליל 750 מ""ל","כרמי צבי-אחים סגל בע""\מ",,,"י""ח",750,"ל מ""ל",false,1,34.90,4.61,true,1,
7290000523125,false,מלח הארץ הים האדום 250 ג' עדין,"חברת מלח הארץ אילת בע""\מ",,,"י""ח",250,ל גרם,false,1,6.70,2.68,false,1,
7290000523224,false,מלח הארץ הים האדום 500 ג' עדין,"חברת מלח הארץ אילת בע""\מ",,,"י""ח",500,ל גרם,false,1,8.90,1.78,false,1,
7290000525969,false,מיץ תפוזים סחוט רכיבים טבעיים פרימור 1 ליטר,שטראוס גרופ בעמ/מצונן,,,"י""ח",1,ליטר,false,1,16.60,16.60,false,1,
7290000530048,false,נקניק סלמי פפרוני במ,נקניק זוגלובק נהריה,,,"י""ח",1000,ל גרם,true,1,55.20,5.52,true,1,
7290000530086,false,נקניק סלמי מעושן 7000 זוגלובק (600 גרם),נקניק נהריה כשר זוגל,,,"י""ח",800,ל גרם,false,1,29.90,3.74,true,1,
7290000530116,false,נקניק סלמי מעושן בשן 470 ג' זוגלובק,נקניק נהריה כשר זוגל,,,"י""ח",700,ל גרם,false,1,26.90,3.84,true,1,
7290000530178,false,קוניאק זוגלובק שקילה,זוגלובק שיווק בעמ,,,"י""ח",1000,ל גרם,true,1,75.60,7.56,true,1,
7290000530260,false,נקניק מרטדלה רחב במשקל,זוגלובק שיווק בעמ,,,"ק""ג",1000,ל גרם,true,1,37.90,3.79,true,1,
7290000530369,false,פסטרמה גולן חזה הודו מעושן מעדניה,נקניק זוגלובק נהריה,,,"ק""ג",1,,true,1,76.90,76.90,true,1,
7290000530444,false,כתף בקר מעושן אורלנדו מש,זוגלובק שיווק בעמ,,,"ק""ג",1,,true,1,110.90,110.90,true,1,
7290000530468,false,"נקניקיות וינר זוגלובק 1 ק""ג",זוגלובק שיווק בעמ,,,"י""ח",1,"ק""ג",false,1,28.90,28.90,true,1,
7290000530598,false,נקניקיות עוף וינר זוגלובק 500 גרם,נקניק נהריה כשר זוגל,,,"י""ח",500,ל גרם,false,1,15.80,3.16,true,1,
7290000530703,false,פסטרמה חרמון כפרית ונקניק תה מעושן זוגלובק 2*400 גרם,נקניק נהריה כשר זוגל,,,"י""ח",800,ל גרם,false,1,28.90,3.61,true,1,
7290000531410,false,פסטרממיה בדבש טהור במשקל,נקניק זוגלובק נהריה,,,"ק""ג",1,,true,1,76.90,76.90,true,1,
7290000532400,false,פסטרמה חזה הודו ברביקיו זוגלובק,נקניק זוגלובק נהריה,,,"ק""ג",1,,true,1,76.90,76.90,true,1,
7290000533353,false,"בצק עלים מרודד זוגלובק 1 ק""ג",מאפיית אריאל וגידרון,,,"י""ח",1,"ק""ג",false,1,17.90,17.90,true,1,
7290000533681,false,פסטרמה הודו מעושנת הבית,זוגלובק שיווק בעמ,,,"י""ח",1,"י""ח",true,1,76.90,76.90,true,1,
7290000534718,false,פסטרמה הודו תבור 1% שומן זוגלובק,נקניק זוגלובק נהריה,,,"ק""ג",1,,true,1,76.90,76.90,true,1,
7290000534800,false,פסטרמה הודו רומני מעדניה,נקניק זוגלובק נהריה,,,"י""ח",1,,true,1,76.90,76.90,true,1,
7290000536316,false,שניצל מן הצומח זוגלובק (1 קג),נקניק נהריה כשר זוגל,,,"י""ח",1,"ק""ג",false,1,30.90,30.90,true,1,
7290000536774,false,"נקניקיות מן הצומח זוגלובק 1ק""ג בד""צ",זוגלובק שיווק בעמ,,,"י""ח",1,"ק""ג",false,1,29.90,29.90,true,1,
7290000537566,false,נקניקיות עוף טרי 400 ג' זוגלובק,נקניק נהריה כשר זוגל,,,"י""ח",400,ל גרם,false,1,12.90,3.23,true,1,
7290000537603,false,"נקניקיות עוף 1 ק""ג זוגלובק.",זוגלובק שיווק בעמ,,,"י""ח",1,"ק""ג",false,1,26.90,26.90,true,1,
7290000540160,false,עוגיות ללא סוכר 500 גרם קמח מלא,ציון תורג`מן בעמ,,,"י""ח",500,ל גרם,false,1,21.90,4.38,false,1,
7290000552194,false,קישקע קפוא טיבון ויל (500 גרם),טיבון ויל אחזקות בעמ,,,"י""ח",500,ל גרם,false,1,13.90,2.78,false,1,
7290000554402,false,מעדן חלב מלבי גד (160 גרם),מחלבות גד שיווק 1992 בעמ,,,"י""ח",160,"ל מ""ל",false,1,6,3.75,true,1,
7290000554471,false,נקניק מוצרלה 22 אחוז 180גרם גד מהדרין,מחלבות גד שיווק 1992 בעמ,,,"י""ח",1,,false,1,18.50,18.50,true,1,
7290000554600,false,מוצרלה מגורדת 22 אחוז 300גרם גד מהדרין,מחלבות גד שיווק 1992 בעמ,,,"י""ח",300,ל גרם,false,1,22.90,7.63,true,1,
7290000554624,false,ירח מתוק מעדן חלב עם אורז 3% גד 150 גרם,מחלבות גד שיווק 1992 בעמ,,,"י""ח",150,"ל מ""ל",false,1,6,4,true,1,
7290000554686,false,גבינת לאבנה בתוספת שמן זית וזעתר 5% גד 250 גרם,מחלבות גד שיווק 1992 בעמ,,,"י""ח",250,ל גרם,false,1,13.90,5.56,true,1,
7290000554792,false,גבינה בולגרית 5%במשקל,מחלבות גד,,,"ק""ג",1000,ל גרם,true,1,54.90,5.49,false,1,
7290000554822,false,ריקוטה גבינה לבנה בסגנון איטלקי 5% גד 250 גרם,מחלבות גד שיווק 1992 בעמ,,,"י""ח",250,ל גרם,false,1,15.90,6.36,true,1,
7290000554839,false,מסקרפונה שמנת מתוקה קשה בסגנון איטלקי 40% גד 250 גרם,מחלבות גד שיווק 1992 בעמ,,,"י""ח",250,ל גרם,false,1,21.90,8.76,true,1,
7290000554969,false,גב.שמנת 30%שומן1קג משקל,מחלבות גד,,,"ק""ג",1,,true,1,43.90,43.90,false,1,
7290000554990,false,מוצרלה כדורים גדולים,מחלבות גד,,,"ק""ג",1,,true,1,89,89,false,1,
7290000572086,false,טחינה אורגנית אחדות 500 גרם,אחדות ביחר לטחינה חל,,,"י""ח",500,ל גרם,false,1,12.90,2.58,false,1,
7290000572208,false,חלוה בטעם וניל אחווה 100 גרם,שוורצקוף& הנקל דיסלד,,,"י""ח",100,ל גרם,false,1,2.90,2.90,false,1,
7290000572222,false,חלווה בלוק וניל אחוה 500 גרם,שוורצקוף& הנקל דיסלד,,,"י""ח",500,ל גרם,false,1,10.90,2.18,false,1,
7290000572543,false,חלוה בטעם שוקו וניל אחווה 400 גרם,אחדות ביתחרושת לטחינה חלבה,,,"י""ח",400,ל גרם,false,1,12.90,3.23,false,1,
7290000572628,false,חלבה חטיף לייט 25 ג* 11יח קופ`שי אחוה,אחדות ביחר לטחינה חל,,,"י""ח",276,ל גרם,false,1,11.90,4.31,false,1,
7290000572673,false,חלבה וניל קקאו ואגוזים אחוה (25x12 גרם),שוורצקוף& הנקל דיסלד,,,"י""ח",300,ל גרם,false,1,12.90,4.30,false,1,
7290000599021,false,מקל מתכת,מ.א.ייצור ויבוא מטליות בעמ,,,"י""ח",1,,false,1,4,4,false,1,
7290000611884,false,כבד עוף טרי ארוז לצל,ח.י. מעדני גורמה בעמ,,,"ק""ג",1,,true,1,29.90,29.90,false,1,
7290000631424,false,פרגיות עוף טרי[קצביה]**,"ח.י. מעדני גורמה בע""מ",,,"ק""ג",1,"ק""ג",true,1,79.90,79.90,true,1,
7290000632452,false,כרעיים עוף טרי(קצביה )**.,"ח.י. מעדני גורמה בע""מ",,,"ק""ג",1,"ק""ג",true,1,36.90,36.90,true,1,
7290000632599,false,ירכיים פטם קפוא עטרה מחי,נטו מלינדה סחר בעמ,,,"ק""ג",1,"ק""ג",true,1,32.90,32.90,false,1,
7290000632759,false,שוקיים עוף טרי (קצביה)**,"ח.י. מעדני גורמה בע""מ",,,"ק""ג",1,"ק""ג",true,1,42.90,42.90,true,1,
7290000633855,false,כנפיים עוף טרי מקוצבות[קצביה],"ח.י. מעדני גורמה בע""מ",,,"ק""ג",1,"י""ח",true,1,16.90,16.90,true,1,
7290000643250,false,עוף טרי מפורק(קצביה)**,"ח.י. מעדני גורמה בע""מ",,,"י""ח",1,,true,1,21.90,21.90,false,1,
7290000659312,false,דגי תנובה פילה סלומון קפוא בוואקום,תנובה בשר,,,"ק""ג",1,"ק""ג",true,1,84.90,84.90,false,1,
7290000663166,false,פילה הייק דרום אפריקאי קפוא,תנובה קפואים,,,"ק""ג",1,,true,1,49,49,false,1,
7290000692210,false,נוזל לניקוי כללי ורצפות בניחוח לבנדר אג'קס 2 ליטר,הנסיך- מפעל לייצור ט,,,"י""ח",2,ליטר,false,1,22.90,11.45,false,1,
7290000692227,false,נוזל כלים פלמוליב צילינדר קלאסי 1 ליטר,יבואן ומשווק: ש. שסט,,,"י""ח",1,ליטר,false,1,14.60,14.60,false,1,
7290000803067,false,"משחת שיניים לילדים גילאים 6-2 אלמקס 75 מ""ל",הנסיך- מפעל לייצור ט,,,"י""ח",75,ל גרם,false,1,15.90,21.20,true,1,
7290000803180,false,"מרידול-שטיפת פה דנטלית 400 מ""ל",קולגייט פלמוליב,,,"י""ח",400,"ל מ""ל",false,1,29.90,7.48,false,1,
7290000805795,false,חול לחתולים יורו קיט,דיפלומט מפיצים (1968) בעמ**,,,"י""ח",10,"ק""ג",false,1,29.90,2.99,false,1,
7290001045688,false,"מיץ תפוזים סחוט פרימור 400 מ""ל",שטראוס גרופ בעמ/מצונן,,,"י""ח",400,"ל מ""ל",false,1,7.90,1.90,false,1,
7290001121054,false,צמד חמד פסטרמה וסלמי יחיעם 700 גרם,מעדני יחיעם ( 1993 ) בע`מ,,,"י""ח",850,ל גרם,false,1,24.90,2.93,false,1,
7290001123782,false,שווארמה אמיתית הודו טיבון ויל (500 גרם),נטו מלינדה סחר בע`מ,,,"י""ח",500,ל גרם,false,1,26.90,5.38,false,1,
7290001124536,false,ארוחת נודלס טעם תירס מג'יק 70 גרם,נטו מלינדה סחר בעמ,,,"י""ח",70,ל גרם,false,1,4.90,7,false,1,
7290001136294,false,"שמפו לשיער יבש בבישום פרחים נקה 7 750 מ""ל",החברה הדרומית לשיווק בעמ,,,"י""ח",750,"ל מ""ל",false,1,12.90,1.72,false,1,
7290001245705,false,אקונומיקה מבושמת 4 ליטר טאצ',סאסאטק אגשח בעמ,,,"י""ח",4,ליטר,false,1,11.90,2.98,false,1,
7290001245736,false,ג'ל כביסה כחול טאצ' 3 ליטר סלקט,סאסאטק אגשח בעמ,,,"י""ח",1,ליטר,false,1,19.90,19.90,true,1,
7290001245828,false,נוזל כלים קלאסי טאצ' 18% 1.6 ליטר,סאסאטק אגשח בעמ,,,"י""ח",1.60,ליטר,false,1,12.90,8.06,true,1,
7290001245965,false,מרכך כביסה כחול 4 ליטר טאצ',סאסאטק אגשח בעמ,,,"י""ח",4,ליטר,false,1,15.90,3.98,true,1,
7290001245972,false,מרכך כביסה לבן 4 ליטר טאצ',סאסאטק אגשח בעמ,,,"י""ח",4,ליטר,false,1,15.90,3.98,true,1,
7290001245989,false,מרכך כביסה 4 ליטר טאצ' סגול,סאסאטק אגשח בעמ,,,"י""ח",4,ליטר,false,1,15.90,3.98,true,1,
7290001246061,false,מרכך מרוכז פרימיום פנטזי( 1 ליטר)טאצ`,סאסאטק אגשח בעמ,,,"י""ח",1,ליטר,false,1,14.90,14.90,true,1,
7290001246085,false,נוזל לניקוי חלונות 1 ליטר טאצ,סאסאטק אגשח בעמ,,,"י""ח",1,ליטר,false,1,8.90,8.90,true,1,
7290001246092,false,"תרסיס מסיר שומנים 750 מ""ל טאצ.",סאסאטק אגשח בעמ,,,"י""ח",75,"ל מ""ל",false,1,12.90,17.20,false,1,
7290001246115,false,תרסיס מסיר עובש 750 מ``ל טאצ,סאסאטק אגשח בעמ,,,"י""ח",75,"ל מ""ל",false,1,12.90,17.20,false,1,
7290001246122,false,"תרסיס ניקוי כללי+ אקונומיקה 750 מ""ל טאצ",סאסאטק אגשח בעמ,,,"י""ח",75,"ל מ""ל",false,1,12.90,17.20,false,1,
7290001246238,false,"טאצ' תרסיס מטהר אוויר פריחה 300 מ""ל",סאסאטק אגשח בעמ,,,"י""ח",300,"ל מ""ל",false,1,5.70,1.90,false,1,
7290001247068,false,קרטונית נקטר ספרינג תות בננה 1 ליטר,יפאורה שותפות מוגבלת לשיווק,,,"י""ח",1,ליטר,false,1,6.90,6.90,true,1,
7290001247082,false,מיץ עגבניות רכיבים טבעיים ספרינג 1 ליטר,יפאורה שותפות מובגלת לשיווק,,,"י""ח",1,ליטר,false,1,6.90,6.90,true,1,
7290001247099,false,קרטונית נקטר ספרינג מנגו 1 ליטר,יפאורה שותפות מובגלת לשיווק,,,"י""ח",1,ליטר,false,1,6.90,6.90,true,1,
7290001247105,false,קרטונית נקטר ספרינג אפרסק 1 ליטר,יפאורה שותפות מובגלת לשיווק,,,"י""ח",1,ליטר,false,1,6.90,6.90,true,1,
7290001247112,false,קרטונית נקטר ספרינג לימונענע 1 ליטר,יפאורה שותפות מובגלת לשיווק,,,"י""ח",1,ליטר,false,1,6.90,6.90,true,1,
7290001247129,false,נקטר ספרינג תפוזים קרטונית 1 ל',יפאורה שותפות מובגלת לשיווק,,,"י""ח",1,ליטר,false,1,6.90,6.90,true,1,
7290001247143,false,קרטונית נקטר ספרינג תפוחים 1 ליטר,יפאורה שותפות מובגלת לשיווק,,,"י""ח",1,ליטר,false,1,6.90,6.90,true,1,
7290001265642,false,"מזון חתולים מעדני פטה 1.2 ק""ג מארז 3 יחידות",דיפלומט מפיצים (1968) בעמ**,,,"י""ח",1.20,"ק""ג",false,1,19.90,16.58,false,1,
7290001305188,false,"נוזל לניקוי כלים בריח לימון פלמוליב 750 מ""ל",יבואן ומשווק: ש. שסט,,,"י""ח",750,"ל מ""ל",false,1,12.90,1.72,true,1,
7290001327180,false,שטראוס קרמיסימו וניל ציפ 1.33 ליטר,"גלידת שטראוס בע""\מ, רחוב",,,"י""ח",1.33,ליטר,false,1,18.90,14.21,false,1,
7290001327791,false,גלידה קרמיסימו וניל עוגיות 1.33 ליטר,"גלידת שטראוס בע""\מ, רחוב",,,"י""ח",1.33,ליטר,false,1,18.90,14.21,false,1,
7290001407769,false,טחינה גולמית בארכה שומשום מלא 500 גרם,קבוצת אוסם סחר שותפות מוגבלת,,,"י""ח",500,ל גרם,false,1,13.90,2.78,false,1,
7290001485019,false,גבינת קרם שמנת טבעי 5% טרה 200 גרם,*החברה המרכזית להפצת משקאותבעמ,,,"י""ח",200,ל גרם,false,1,11.90,5.95,false,1,
7290001491096,false,תה ירוק בתוספת לימונית ולואיזה 50 שקיקים ויסוצקי,תה ויסוצקי (ישראל) בעמ,,,"י""ח",75,ל גרם,false,1,45.90,61.20,true,1,
7290001594155,false,"קוקה-קולה בבקבוק אישי 500 מ""ל",החברה המרכזית להפצת משקאות בעמ,,,"י""ח",500,"ל מ""ל",false,1,6.30,1.20,true,1,
7290001594179,false,"פאנטה אורנג' בבקבוק אישי 500 מ""ל",החברה המרכזית להפצת משקאות בעמ,,,"י""ח",500,"ל מ""ל",false,1,6.30,1.20,true,1,
7290001594384,false,פריגת אשכוליות 0.5 ליטר חייב בפקדון,החברה המרכזית להפצת משקאות בעמ,,,"י""ח",500,"ל מ""ל",false,1,5.20,0.98,true,1,
7290001594391,false,"פריגת משקה קל ענבים בבקבוק אישי 500 מ""ל",החברה המרכזית להפצת משקאות בעמ,,,"י""ח",500,"ל מ""ל",false,1,5.20,0.98,true,1,
7290001594575,false,בירה בפחית רד טובורג (500 מל),החברה המרכזית להפצת משקאות בעמ,,,"י""ח",500,"ל מ""ל",false,1,9.30,1.80,true,1,
7290001723333,false,מוצץ סיליקון זוג בינוני,אינטרסן (1996) בעמ,,,"י""ח",1,,false,1,24.90,24.90,true,1,
7290001791349,false,אקונומיקה פיסגה ריחנית סנו (4 ליטר),החברה הדרומית לשיווק בעמ,,,"י""ח",4,ליטר,false,1,12.90,3.23,false,1,
7290001791356,false,"פרש מבשם אויר אוטומטי בניחוח לבנדר סנו 250 מ""ל",החברה הדרומית לשיווק בעמ,,,"י""ח",165,ל גרם,false,1,14.90,9.03,false,1,
7290001791363,false,"מטהר אויר בניחוח וניל קוקוס מילוי סנו 250 מ""ל",החברה הדרומית לשיווק בעמ,,,"י""ח",165,ל גרם,false,1,13.90,8.42,false,1,
7290001813454,false,"עוגיות חיוכים שוקולד עלית 900 גרם מארז 6 יחידות בד""צ","אפיפית נצרת (1971) בע""\מ",,,"י""ח",900,ל גרם,false,1,21.90,2.43,false,1,
7290001813478,false,"עוגיות חיוכים וניל עלית 900 גרם מארז 6 יחידות בד""צ","אפיפית נצרת (1971) בע""\מ",,,"י""ח",900,ל גרם,false,1,21.90,2.43,false,1,
7290001817728,false,צ'יטוס אפוי כאפה בטעם קטשופ 55 גרם,"שטראוס פריטו ליי בע""\מ )",,,"י""ח",0.55,"י""ח",false,1,3.70,6.73,true,1,
7290001865439,false,פמילי אל סבון נוזלי בניחוח וניל 1 ליטר,אף.סי תבליני בגליל ב,,,"י""ח",1,ליטר,false,1,12.90,12.90,false,1,
7290001917527,false,פרש וואנס פדים להסרת איפור 80 יח' *3,דנשר (1963) בעמ,,,"י""ח",1,,false,1,19.90,19.90,false,1,
7290001973233,false,"קמיל בלו מגבונים לחים סנסיטיב ד""ר פישר 120 יחידות","פישר תעשיות פרמבצטיות בע""מ",,,"י""ח",120,"י""ח",false,1,10.90,0.09,false,1,
7290001990407,false,"עדשים ירוקות סוגת 1 ק""ג","סוגת תעשיות בע""\מ",,,"י""ח",1,"ק""ג",false,1,15.90,15.90,true,1,
7290002000143,false,"חדש -פנג'ל ק.ידיים קלאסיק 80מ""ל",מיוצר עי קונדיטוריית,,,"י""ח",100,"ל מ""ל",false,1,7.90,7.90,false,1,
7290002002857,false,"מגע הדבש, ניירות להסרת שיער בשעווה, 50 יחידות","איטיליאן פוד, אס.פי.",,,"י""ח",1,"י""ח",false,1,20.30,20.30,false,1,
7290002007371,false,פירורי לחם הנמל 500 ג',הנמל אריזות ושיווק 1984 בע`מ,,,"י""ח",500,ל גרם,false,1,7.90,1.58,false,1,
7290002019114,false,רוטב עגבניות מרוכז מאד 28-30BX פריניר,ח.כהן סוכנות מזון ומשקאות בע,,,"י""ח",580,ל גרם,false,1,6.90,1.19,false,1,
7290002019183,false,"עגבניות מקולפות 800ג בד""ץ פריניר*",ח.כהן סוכנות מזון ומשקאות בע,,,"י""ח",850,ל גרם,false,1,6.80,0.80,false,1,
7290002019763,false,עגבניות מרוסקות 800ג פריניר ה.מכירה *,ח.כהן סוכנות מזון ומשקאות בע,,,"י""ח",800,ל גרם,false,1,6.90,0.86,false,1,
7290002019787,false,רוטב עגבניות מרוכז מאוד 260 גרם פריניר,ח.כהן סוכנות מזון ומשקאות בע,,,"י""ח",260,ל גרם,false,1,3.90,1.50,false,1,
7290002019794,false,רוטב עגבניות מרוכז מאוד 100 גרם פריניר,ח.כהן סוכנות מזון ומשקאות בע,,,"י""ח",100,ל גרם,false,1,1.90,1.90,false,1,
7290002026358,false,אריסטו קראנץ צ`יפס בטטה זיגזג טוגנים 500,מוצרי איכות אמריקאיים בעמ,,,"י""ח",500,ל גרם,false,1,18.90,3.78,true,1,
7290002026587,false,וופל בלגי פרווה בראנץ אנד קראנץ 8 יח',מוצרי איכות אמריקאיים בעמ,,,"י""ח",280,ל גרם,false,1,16,5.71,true,1,
7290002037040,false,חלה קלה פרוסה 500 גרם,מאפית י את א ברמן בע,,,"י""ח",500,ל גרם,false,1,14.90,2.98,false,1,
7290002037057,false,"לחם לבן פרוס ארוז ""ברמן"" - מוצר בפיקוח",מאפית י את א ברמן בע,,,"י""ח",500,ל גרם,false,1,6.10,1.22,false,1,
7290002037125,false,חלה פרוסה מאפיית ודש (500 גרם),מאפית י את א ברמן בע,,,"י""ח",500,ל גרם,false,1,9.90,1.98,false,1,
7290002037163,false,לחם אחיד פרוס ודש ברמן (750 גרם),מאפית י.את א. ברמן ב,,,"י""ח",750,ל גרם,false,1,6.90,0.92,false,1,
7290002037309,false,לחמניות המבורגר מאפיית ודש 8),מאפית י את א ברמן בע,,,"י""ח",400,ל גרם,false,1,13.90,3.48,false,1,
7290002037637,false,לחמניות הבית מתוקות מאפיית ודש) (4,מאפית י.את א. ברמן ב,,,"י""ח",1,,false,1,12.90,12.90,false,1,
7290002040019,false,קוסקוס רגיל מזון קוסקוס (350 גרם),הנמל אריזות ושיווק (1984) בעמ,,,"י""ח",350,ל גרם,false,1,6.90,1.97,false,1,
7290002040064,false,קוסקוס דק להכנה מהירה בשקית 350 גרם,הנמל אריזות ושיווק (1984) בעמ,,,"י""ח",350,ל גרם,false,1,6.90,1.97,false,1,
7290002040088,false,קוסקוס מלא מזון קוסקוס (350 גרם),הנמל אריזות ושיווק (1984) בעמ,,,"י""ח",350,ל גרם,false,1,8.20,2.34,false,1,
7290002057017,false,זיתים ירוקים נובו קבוצת יבנה (540 גרם),קבוצת יבנה מוצרי מזון אגודה שי,,,"י""ח",560,ל גרם,false,1,8.90,1.59,false,1,
7290002057031,false,זיתים מבוקעים פיקנטי קבוצת יבנה 340 גרם,"קבוצת יבנה מוצרי מזון בע""מ",,,"י""ח",560,ל גרם,false,1,8.90,1.59,false,1,
7290002057048,false,זית סורי מתובל בשמן קבוצת יבנה 560 גרם,"קבוצת יבנה מוצרי מזון בע""מ",,,"י""ח",560,ל גרם,false,1,10.50,1.88,false,1,
7290002057352,false,מלפפונים במלח ‏9‏-‏7‏ קבוצת יבנה 320 גרם,"קבוצת יבנה מוצרי מזון בע""מ",,,"י""ח",600,ל גרם,false,1,7.60,1.27,false,1,
7290002057369,false,מלפפונים במלח ‏12‏-‏10‏ קבוצת יבנה 320 גרם,"קבוצת יבנה מוצרי מזון בע""מ",,,"י""ח",600,ל גרם,false,1,7.50,1.25,false,1,
7290002057376,false,מלפפונים במלח ‏17‏-‏13‏ קבוצת יבנה 320 גרם,"קבוצת יבנה מוצרי מזון בע""מ",,,"י""ח",600,ל גרם,false,1,9.90,1.65,false,1,
7290002057451,false,מלפפונים בחומץ ‏9‏-‏7 קבוצת יבנה 290 גרם,קבוצת יבנה מוצרי מזון אגודה שי,,,"י""ח",600,ל גרם,false,1,7.60,1.27,false,1,
7290002057475,false,מלפפונים בחומץ ‏17‏-‏13 קבוצת יבנה 290 גרם,קבוצת יבנה מוצרי מזון אגודה שי,,,"י""ח",600,ל גרם,false,1,9.90,1.65,false,1,
7290002057604,false,פלפל חריף שיפקה קבוצת יבנה (540 גרם),קבוצת יבנה מוצרי מזון אגודה שי,,,"י""ח",560,ל גרם,false,1,5.50,0.98,false,1,
7290002057871,false,זית חרוזית צנצנת 540 ג' יבנה,קבוצת יבנה מוצרי מזון בעמ,,,"י""ח",560,ל גרם,false,1,9.50,1.70,false,1,
7290002065555,false,שישיית לחמנייה הכי רכה בהפסקה אנג'ל 450 גרם,מאפיית שלמה א. אנג'\ל בע,,,"י""ח",1,,false,1,11.90,11.90,false,1,
7290002107965,false,גבינת טבורוג לאפייה ומילוי %5 500גרם,*החברה המרכזית להפצת משקאותבעמ,,,"י""ח",500,ל גרם,false,1,24.90,4.98,true,1,
7290002130567,false,דבש דבורים טהור פרחי בר יד מרדכי 350 גרם,מכוורת יד מרדכי שטראוס ב,,,"י""ח",3.50,"י""ח",false,1,20.70,5.91,false,1,
7290002130574,false,דבש טהור מפרחי בר בזכוכית 500 ג' יד מרדכי,מכוורת יד מרדכי שטראוס ב,,,"י""ח",500,ל גרם,false,1,28.60,5.72,false,1,
7290002132011,false,עוגיות מזרחיות עם שומשום עבאדי (400 גר),מאפיית יוסף ושמחה עבאדי,,,"י""ח",400,ל גרם,false,1,17.90,4.48,false,1,
7290002239307,false,שעועית צהובה חתוכה 800 גר`פרי גליל,ויטה פרי גליל (החדשה) בע`מ,,,"י""ח",800,ל גרם,false,1,12.90,1.61,false,1,
7290002239338,false,שעועית ירוקה חתוכה800 גר`פרי גליל,ויטה- פרי גליל (החדשה) בעמ,,,"י""ח",800,ל גרם,false,1,12.90,1.61,false,1,
7290002253006,false,שום טרי כתוש צנצנת דורות 200 גרם,קבוצת אוסם סחר-שות.מוגבלת,,,"י""ח",200,ל גרם,false,1,16.90,8.45,false,1,
7290002253150,false,קוביות בזיליקום קצוץ דורות 70 גרם,קבוצת אוסם סחר שותפות מוגבלת,,,"י""ח",70,ל גרם,false,1,10.90,15.57,false,1,
7290002253174,false,קוביות שמיר קצוץ דורות 70 גרם,קבוצת אוסם סחר שותפות מוגבלת,,,"י""ח",70,ל גרם,false,1,10.90,15.57,false,1,
7290002253198,false,ג'ינג'ר טרי כתוש במגשית 70 ג' דורות,קבוצת אוסם סחר-שות.מוגבלת,,,"י""ח",90,ל גרם,false,1,10.50,11.67,false,1,
7290002319016,false,אבקת אפיה עשיריות מיה 100 גרם,מיה תעשיות מזון מ.ת.מ. בעמ,,,"י""ח",100,ל גרם,false,1,1.90,1.90,false,1,
7290002319023,false,סוכר וניל עשיריות מיה 100 גרם,מיה תבליני החיים ירושלים בע`מ,,,"י""ח",100,ל גרם,false,1,1.90,1.90,false,1,
7290002319061,false,קוקוס טחון מיה (100 גרם),מיה תעשיות מזון מ.ת.מ. בעמ,,,"י""ח",100,ל גרם,false,1,3.90,3.90,false,1,
7290002319078,false,שומשום 100 גרם מיה,מיה תעשיות מזון מ.ת.מ. בעמ,,,"י""ח",100,ל גרם,false,1,2.90,2.90,false,1,
7290002319115,false,חומוס גדול יבש מיה 500 גר',מיה תעשיות מזון מ.ת.מ. בעמ,,,"י""ח",500,ל גרם,false,1,6.90,1.38,true,1,
7290002319139,false,שעועית לבנה יבשה מיה 500 ג',מיה תעשיות מזון מ.ת.מ. בעמ,,,"י""ח",500,ל גרם,false,1,6.90,1.38,true,1,
7290002319146,false,שעועית אדומה מיה (500 גרם),מיה תעשיות מזון מ.ת.מ. בעמ,,,"י""ח",500,ל גרם,false,1,7.50,1.50,false,1,
7290002319160,false,אפונה ירוקה יבשה מיה 500 ג',מיה תעשיות מזון מ.ת.מ. בעמ,,,"י""ח",500,ל גרם,false,1,4.90,0.98,true,1,
7290002319177,false,פופקורן גרעינים מיה 500 גר',מיה תעשיות מזון מ.ת.מ. בעמ,,,"י""ח",500,ל גרם,false,1,4.90,0.98,true,1,
7290002319184,false,עדשים אדומים יבשים מיה 500 גר',מיה תעשיות מזון מ.ת.מ. בעמ,,,"י""ח",500,ל גרם,false,1,6.90,1.38,true,1,
7290002319207,false,כוסמת מיה (500 גרם),מיה תעשיות מזון מ.ת.מ. בעמ,,,"י""ח",500,ל גרם,false,1,8.90,1.78,true,1,
7290002319221,false,חיטה מיה (500 גרם),מיה תעשיות מזון מ.ת.מ. בעמ,,,"י""ח",500,ל גרם,false,1,3.50,0.70,false,1,
7290002319375,false,"קורנפלור 200 ג' בד""ץ מיה",מיה תעשיות מזון מ.ת.מ. בעמ,,,"י""ח",200,ל גרם,false,1,2.90,1.45,false,1,
7290002319610,false,שקדים טחונים מיה 100 גרם,מיה תעשיות מזון מ.ת.מ. בעמ,,,"י""ח",100,ל גרם,false,1,10.90,10.90,false,1,
7290002319771,false,תמצית אפיה בטעם וניל מיה (50 מל),מיה תעשיות מזון מ.ת.מ. בעמ,,,"י""ח",50,"ל מ""ל",false,1,2.90,5.80,false,1,
7290002319788,false,תמצית אפיה בטעם רום כשלפ בדצ העדח,מיה תעשיות מזון מ.ת.מ. בעמ,,,"י""ח",60,"ל מ""ל",false,1,2.90,4.83,false,1,
7290002319825,false,"אבקת סוכר 100 ג`בד""ץ מיה",מיה תעשיות מזון מ.ת.מ. בעמ,,,"י""ח",100,ל גרם,false,1,2.30,2.30,false,1,
7290002327042,false,"בורקס תפו""א 800 גר' שלושת האופים קהילות",נטו מלינדה סחר בע`מ,,,"י""ח",800,ל גרם,false,1,21.90,2.74,true,1,
7290002327059,false,"בצק עלים 1 ק""ג שלושת האופים קהילות",נטו מלינדה סחר בע`מ,,,"י""ח",1,"ק""ג",false,1,19.90,19.90,true,1,
7290002327103,false,שלושת האופים ג'חנון תימני 900 גרם,נטו מלינדה סחר בעמ,,,"י""ח",1,"ק""ג",false,1,21.90,21.90,true,1,
7290002331421,false,"שישיית מים מינרליים GO TO נביעות 755 מ""ל",החברה המרכזית להפצת משקאות בעמ,,,"י""ח",4.53,ליטר,false,1,16.90,3.33,false,1,
7290002348306,false,'קוקטייל פירות ויליגר 850 ג,נטו מילנדה סחר בעמ*,,,"י""ח",850,ל גרם,false,1,11.90,1.40,true,1,
7290002353836,false,סרדינים רוברט בשמן זית 115 גרם,קונסרבס פורטוגל נורטה,,,"י""ח",120,ל גרם,false,1,9.90,8.25,true,1,
7290002360278,false,חליטת צמחים פומפדור מנטה 20 יחידות,"איטיליאן פוד, אס.פי.",,,"י""ח",45,ל גרם,false,1,14.90,33.11,true,1,
7290002360285,false,חליטת צמחים פומפדור קמומיל 20 יחידות,ש. שסטוביץ בע`מ,,,"י""ח",30,ל גרם,false,1,14.90,49.67,true,1,
7290002371854,false,נקניקיות עוף חריפות טירת צבי 2 * 500 גרם,תנובה מרכז שיתופי לשיווק תוצרת,,,"י""ח",1,"ק""ג",false,1,31.90,31.90,false,1,
7290002374268,false,שמן חמניות מזוכך ללא כולסטרול 1 ליטר,סוגת תעשיות בעמ,,,"י""ח",1,ליטר,false,1,11.90,11.90,false,1,
7290002374312,false,שמן קנולה מזוכך 6% מילומור (1 ליטר),"נארז ע""י : א.ג. גילר",,,"י""ח",1,ליטר,false,1,11.90,11.90,false,1,
7290002485025,false,סלט חומוס מסעדות 500 גרם,"סלטי שמיר 2006 בע""מ",,,"י""ח",500,ל גרם,false,1,15.90,3.18,false,1,
7290002485063,false,סלט חומוס אבו גוש בי,"סלטי שמיר 2006 בע""מ",,,"י""ח",500,ל גרם,false,1,15.90,3.18,false,1,
7290002515333,false,"ד""ר פישר - קמיל בלו סנסיטיב אל סבון עדין לתינוק 500 מ""ל","פישר תעשיות פרמבצטיות בע""מ",,,"י""ח",400,"ל מ""ל",false,1,18.60,4.65,false,1,
7290002517337,false,אורגנו עלים 20 גר' טעם וריח,"תבליני טעם וריח בע""מ",,,"י""ח",1,,false,1,5.90,5.90,false,1,
7290002517375,false,בזילקום עלים 30 גר' טעם וריח,"תבליני טעם וריח בע""מ",,,"י""ח",1,,false,1,5.90,5.90,false,1,
7290002517580,false,"תערובת תיבול לעוף 80 גרם ""טעם וריח""",תבליני טעם וריח בעמ,,,"י""ח",100,ל גרם,false,1,11.90,11.90,false,1,
7290002543237,false,דגני בוקר קלוגס קורנפלקס 750 גרם,קלוגס קומפני אוף גרייט ב,,,"י""ח",750,ל גרם,false,1,17.90,2.39,true,1,
7290002628064,false,בשר בקר טחון קפוא בלדי (500 גרם),יוליניבר,,,"י""ח",500,ל גרם,false,1,18.90,3.78,false,1,
7290002628293,false,טחון עוף קפוא 500 גרם בלדי,בלדי בע`מ,,,"י""ח",500,ל גרם,false,1,10.90,2.18,false,1,
7290002692393,false,שמן קנולה מזוכך מועשר עץ הזית (1 ליטר),סוגת תעשיות בעמ,,,"י""ח",1,ליטר,false,1,15.90,15.90,false,1,
7290002692478,false,"שמן זית כתית מעולה קלאסי מעודן 750 מ""ל עץ הזית","מרקאולאו, ספרד.אבסה,",,,"י""ח",750,"ל מ""ל",false,1,31.90,4.25,true,1,
7290002715504,false,ארוחת נודלס בטעם עוף מג`יק (70 גרם),נטו מלינדה סחר בע`מ,,,"י""ח",70,ל גרם,false,1,5,7.14,false,1,
7290002715511,false,ארוחת נודלס בטעם בשר מג`יק (70 גרם),נטו מילנדה סחר בעמ*,,,"י""ח",70,ל גרם,false,1,5,7.14,false,1,
7290002715528,false,ארוחת נודלס בטעם ירקות מג`יק (70 גרם),נטו מילנדה סחר בעמ*,,,"י""ח",70,ל גרם,false,1,5,7.14,false,1,
7290002715580,false,ארוחת נודלס בטעם סיני חריף מג'יק 70 גרם,נטו מילנדה סחר בעמ*,,,"י""ח",70,ל גרם,false,1,5,7.14,false,1,
7290002730262,false,נוזל לניקוי כלים קלאסי פלמוליב (750 מל),יבואן ומשווק: ש. שסט,,,"י""ח",750,"ל מ""ל",false,1,12.90,1.72,true,1,
7290002730538,false,פדיות להסרת איפור בלונס 80 יחידות,הנסיך- מפעל לייצור ט,,,"י""ח",1,"י""ח",false,1,8.90,8.90,false,1,
7290002730675,false,"קולגייט משחת שיניים אדומה משפחתי 100 מ""ל",קולגייט-פלמוליב,,,"י""ח",100,"ל מ""ל",false,1,11.90,11.90,false,1,
7290002730811,false,"משחת שיניים ג'ל פסים מרעננים קולגייט 100 מ""ל",הנסיך- מפעל לייצור ט,,,"י""ח",138,ל גרם,false,1,14.80,10.72,true,1,
7290002750130,false,חליות פילסברי מארז 80ג',ג נרל מילס ישראל בעמ ~~~,,,"י""ח",1,,false,1,13.90,13.90,false,1,
7290002752332,false,"סוכריות מנטוס פירות בגליל, 37.5 גרם",הדקלאים אגודת שיתופי,,,"י""ח",37.50,ל גרם,false,1,3.30,8.80,true,1,
7290002752349,false,סוכריות מנטוס מנטה 40יח' בגליל 38ג',ליימן שליסל בעמ,,,"י""ח",37.50,ל גרם,false,1,3.30,8.80,true,1,
7290002753223,false,רביעייה סוכריות תפוז 4*16 ג' טיק טק,פרימיום-חברה לדברי מתיקה ולמסח,,,"י""ח",1,,false,1,10.25,10.25,false,1,
7290002753995,false,סוכריות עדשים לקישוט עוגה וורנר 6*25 גרם,היינץ צפון אמריקה מק,,,"י""ח",150,ל גרם,false,1,18.40,12.27,false,1,
7290002768074,false,אל סבון נוזלי רגיל דרמפון 1 ליטר,החברה הדרומית לשיווק בעמ,,,"י""ח",1,ליטר,false,1,17.90,17.90,false,1,
7290002805151,false,סיף פנטסטיק לרצפות בניחוח סחלבים 4ל',"יוניליוור ישראל שיווק בע""מ",,,"י""ח",4,ליטר,false,1,20.80,5.20,false,1,
7290002814016,false,"מסיר שומנים מתז 750 מ""ל סנט מוריץ כשל""פ עד""ח",קומפלקס כימיקלסבעמ ~~~,,,"י""ח",750,"ל מ""ל",false,1,12.90,1.72,false,1,
7290002814078,false,סנט מוריץ נוזל לניקוי אמבט אנטרטיק 1ל',קומפלקס כימיקלסבעמ ~~~,,,"י""ח",1,ליטר,false,1,10.80,10.80,false,1,
7290002824183,false,"גבינה לבנה סקי 500 גרם 5% ""שטראוס"" -מוצר בפיקוח",שטראוס גרופ בעמ/מצונן,,,"י""ח",500,ל גרם,false,1,9.50,1.90,false,1,
7290002824466,false,יוגורט דנונה ביו לבן 0% שומן 200 גרם,שטראוס גרופ בעמ/מצונן,,,"י""ח",200,"ל מ""ל",false,1,3.70,1.85,false,1,
7290002824640,false,"גבינת סקי 250 גרם 5% ""שטראוס"" -מוצר בפיקוח",שטראוס גרופ בעמ/מצונן,,,"י""ח",250,ל גרם,false,1,4.97,1.99,false,1,
7290002825722,false,כרוב אדום במיונז אחלה (500 גרם),שטראוס גרופ בעמ/מצונן,,,"י""ח",500,ל גרם,false,1,15.90,3.18,true,1,
7290002868996,false,"קוטג' 5% שומן, רכיבים טבעיים, 250 גרם",*החברה המרכזית להפצת משקאותבעמ,,,"י""ח",250,ל גרם,false,1,5.90,2.36,false,1,
7290002904694,false,"טיטניום דאודורנט ספריי לגברים 150 מ""ל",החברה הדרומית לשיווק בעמ,,,"י""ח",150,"ל מ""ל",false,1,15.90,10.60,false,1,
7290002905462,false,מקל אלומיניום למטאטא,לפ סולומון סולור,,,"י""ח",1,,false,1,4.30,4.30,false,1,
7290002921233,false,"קרבונה ניקוי יבש לכתמים שומניים 200 מ""ל","יעקב יעקבי ובניו בע""מ",,,"י""ח",170,ל גרם,false,1,28.90,17,false,1,
7290002921240,false,"קרבונה שמפוזר לניקוי שטיחים וריפוד יעקבי 650 מ""ל","יעקב יעקבי ובניו בע""מ",,,"י""ח",650,"ל מ""ל",false,1,33.90,5.22,false,1,
7290002922117,false,מקלות קינמון וסוכר חום,הלל בן הלל שיווק ומסחר בעמ,,,"י""ח",250,ל גרם,false,1,23.90,9.56,false,1,
7290002987963,false,"חומוס אחלה 1 ק""ג שטראוס",שטראוס גרופ בעמ/מצונן,,,"י""ח",1,"ק""ג",false,1,14.90,14.90,false,1,
7290003009312,false,בוטן קלוי 200 גרם שקית קליית גת,הדקלאים אגודת שיתופי,,,"י""ח",200,ל גרם,false,1,6.60,3.30,true,1,
7290003009329,false,בוטנים אמריקאיים קליית גת (200 גרם),הדקלאים אגודת שיתופי,,,"י""ח",200,ל גרם,false,1,5.90,2.95,true,1,
7290003009336,false,קבוקים קליית גת (200 גרם),הדקלאים אגודת שיתופי,,,"י""ח",200,ל גרם,false,1,5.90,2.95,true,1,
7290003009596,false,סירופ דיאט אשכוליות 750 מל פיקדון,החברה המרכזית להפצת משקאות בעמ,,,"י""ח",750,"ל מ""ל",false,1,23.60,3.15,false,1,
7290003009640,false,מיץ תפוזים סחוט רכיבים טבעיים פריגת 1 ליטר,*החברה המרכזית להפצת משקאותבעמ,,,"י""ח",1,ליטר,false,1,16.20,16.20,true,1,
7290003015627,false,"נוזל רצפות אפרסק 2 ליטר ""ריצפז פרש""",החברה הדרומית לשיווק בעמ,,,"י""ח",2,ליטר,false,1,19.90,9.95,false,1,
7290003015634,false,"נוזל רצפות פסיפלורה 2 ליטר ""ריצפז פרש""",החברה הדרומית לשיווק בעמ,,,"י""ח",2,ליטר,false,1,19.90,9.95,false,1,
7290003015641,false,"נוזל רצפות יסמין 2 ליטר ""ריצפז פרש""",החברה הדרומית לשיווק בעמ,,,"י""ח",2,ליטר,false,1,19.90,9.95,false,1,
7290003029181,false,משקה יטבתה שוקו' בקבוק 1ל מהדרין,שטראוס גרופ בעמ/מצונן,,,"י""ח",1,ליטר,false,1,12,12,false,1,
7290003029372,false,יטבתה משקה בטעם בננה %3 בקבוק 1 ליטר,שטראוס גרופ בעמ/מצונן,,,"י""ח",1,ליטר,false,1,12,12,false,1,
7290003029389,false,"משקה חלב בננה פקק ספורט 250 מ""ל יוטבתה",שטראוס גרופ בעמ/מצונן,,,"י""ח",250,"ל מ""ל",false,1,5.60,2.24,false,1,
7290003029433,false,"משקה יטבתה שוקו פקק 250 מ""ל מהדרין",שטראוס גרופ בעמ/מצונן,,,"י""ח",250,"ל מ""ל",false,1,5.60,2.24,false,1,
7290003029532,false,מוקה בבקבוק יטבתה 1 ליטר מהדרין,שטראוס גרופ בעמ/מצונן,,,"י""ח",1,ליטר,false,1,12,12,false,1,
7290003029792,false,"משקה יטבתה שוקו שקיות מהדרין מארז 225X8מ""ל",שטראוס גרופ בעמ/מצונן,,,"י""ח",1.80,ליטר,false,1,19.90,11.06,false,1,
7290003029815,false,חלב מועשר 3% בכד יטבתה 2 ליטר,שטראוס גרופ בעמ/מצונן,,,"י""ח",2,ליטר,false,1,15.60,7.80,false,1,
7290003029907,false,משקה חלב אייס קפה 2% יטבתה (1 ליטר,שטראוס גרופ בעמ/מצונן,,,"י""ח",1,ליטר,false,1,12,12,false,1,
7290003054183,false,מסטמכר לחם שיפון מלא 500ג,דיפלומט מפיצים (1968) בעמ**,,,"י""ח",500,ל גרם,false,1,13.30,2.66,false,1,
7290003054220,false,מסטמכר לחם שיפון פומפרניקל 500ג,דיפלומט מפיצים (1968) בעמ**,,,"י""ח",500,ל גרם,false,1,13.90,2.78,false,1,
7290003054657,false,חרדל ריין דיז'ון אקסטרה פורטה 370 גרם,דיפלומט מפיצים (1968) בעמ**,,,"י""ח",370,ל גרם,false,1,11.90,3.22,false,1,
7290003119509,false,פקדון בקבוק בירה ריק,שונות /שרות,,,"י""ח",1,"י""ח",false,1,1.20,1.20,false,1,
7290003121083,false,ארוחת נודלס בטעם בשר בשקית מג'יק 85 גרם,נטו מילנדה סחר בעמ*,,,"י""ח",85,ל גרם,false,1,4.40,5.18,false,1,
7290003121090,false,ארוחת נודלס ירקות בשקית מג'יק 85 גרם,נטו מלינדה סחר בעמ,,,"י""ח",85,ל גרם,false,1,2.50,2.94,false,1,
7290003121106,false,ארוחת נודלס טעם עוף בשקית מג'יק 85 גרם,נטו מילנדה סחר בעמ*,,,"י""ח",85,ל גרם,false,1,4.40,5.18,false,1,
7290003126712,false,יוגורט עיזים מחלב מלא 3.7% משק צוריאל 150 גרם,*החברה המרכזית להפצת משקאותבעמ,,,"י""ח",140,"ל מ""ל",false,1,6.30,4.50,false,1,
7290003126958,false,טופו גבינה גוש בואקום צוריאל 300 ג',*החברה המרכזית להפצת משקאותבעמ,,,"י""ח",300,ל גרם,false,1,12.70,4.23,false,1,
7290003127597,false,שקית שרות קופה גופיה,שונות /שרות,,,"י""ח",1,,false,1,0.10,0.10,false,1,
7290003145751,false,אגוזי קשיו קלויים קליית גת (200 גרם),הדקלאים אגודת שיתופי,,,"י""ח",200,ל גרם,false,1,22.90,11.45,true,1,
7290003145959,false,פקאן טבעי קליית גת 150 גרם,ליימן שליסל בעמ,,,"י""ח",150,ל גרם,false,1,20.40,13.60,false,1,
7290003185719,false,קבב רומני טיבון ויל 500 גרם,טיבון ויל אחזקות בעמ,,,"י""ח",500,ל גרם,false,1,20.90,4.18,true,1,
7290003185726,false,קבב מזרחי טיבון ויל 500 גרם,טיבון ויל אחזקות בעמ,,,"י""ח",500,ל גרם,false,1,21.90,4.38,true,1,
7290003321155,false,יוגורט בר עם פקאן מצופה שוקולד 183 ג' דנונה,שטראוס גרופ בעמ/מצונן,,,"י""ח",175,"ל מ""ל",false,1,4.80,2.74,false,1,
7290003401369,false,"קרם לחות לשיער חוחובה נטורל פורמולה 400 מ""ל",החברה הדרומית לשיווק בעמ,,,"י""ח",400,"ל מ""ל",false,1,24.90,6.23,false,1,
7290003401376,false,"קרם לחות ועיצוב לשיער אלוורה נטורל 400 מ""ל",החברה הדרומית לשיווק בעמ,,,"י""ח",400,"ל מ""ל",false,1,24.90,6.23,false,1,
7290003411054,false,שקיות צליה גדול דליקטס רוסטי הנמל 5יח`,הנמל אריזות ושיווק (1984) בעמ,,,"י""ח",5,"י""ח",false,1,5.10,1.02,false,1,
7290003411757,false,"צלחות 1 ק""ג הנמל",הנמל אריזות ושווק בעמ,,,"י""ח",1,"ק""ג",false,1,34.90,34.90,false,1,
7290003427154,false,"שמן זית כתית מעולה טעם מעודן זיתא 750 מ""ל",תה ויסוצקי (ישראל) בעמ,,,"י""ח",750,"ל מ""ל",false,1,37.90,5.05,true,1,
7290003438006,false,ממרח אולביה פסטו וצנובר איטלקי 190ג',תה ויסוצקי (ישראל) בעמ,,,"י""ח",190,ל גרם,false,1,13.90,7.32,true,1,
7290003438013,false,7290003אוליביה ממרח זיתים ירוקים 190 גרם,תה ויסוצקי (ישראל) בעמ,,,"י""ח",190,ל גרם,false,1,13.90,7.32,true,1,
7290003438020,false,אוליביה ממרח עגבניות מיובשות (190 גרם),תה ויסוצקי (ישראל) בעמ,,,"י""ח",190,ל גרם,false,1,13.90,7.32,true,1,
7290003438709,false,ממרח אולביה זיתים שחורים וירוקים 190 ג',תה ויסוצקי (ישראל) בעמ,,,"י""ח",190,ל גרם,false,1,14.90,7.84,true,1,
7290003438990,false,עיטורי עגבניות מיובשות וזיתים אוליביה 280 ג',תה ויסוצקי (ישראל) בעמ,,,"י""ח",220,ל גרם,false,1,18.90,8.59,true,1,
7290003457861,false,"סולרו בטעם פירות טרופיים ""שטראוס""","מיוצר ע""\י גלידת שטראוס",,,"י""ח",1,,false,1,10,10,true,1,
7290003457991,false,טילון קורנטו וניל עם וופל ואגוזי לוז מסוכרים,"גלידת שטראוס בע""\מ, רחוב",,,"י""ח",1,,false,1,34.90,34.90,false,1,
7290003461677,false,"חומוס אסלי 1 ק""ג}שמיר{","סלטי שמיר 2006 בע""מ",,,"י""ח",1,"ק""ג",false,1,15.90,15.90,true,1,
7290003461868,false,"חציל במיונז אסלי שמיר 1 ק""ג","סלטי שמיר 2006 בע""מ",,,"י""ח",1,"ק""ג",false,1,15.90,15.90,true,1,
7290003521074,false,סרקל מרכך שיער לילדים דר. פישר (1 ליטר),"פישר תעשיות פרמבצטיות בע""מ",,,"י""ח",1,ליטר,false,1,29.90,29.90,false,1,
7290003521166,false,"ד""ר פישר - סרקל קרם רוזמרין לילדים 325 מ""ל","פישר תעשיות פרמבצטיות בע""מ",,,"י""ח",325,ל גרם,false,1,25.90,7.97,false,1,
7290003521197,false,"ד""ר פישר - סרקל תרסיס מתיר קשרים 340 מ""ל","פישר תעשיות פרמצביטות בע""מ",,,"י""ח",340,"ל מ""ל",false,1,25.90,7.62,false,1,
7290003525461,false,סלט טונה פיקנטי ויליגר 160 גרם,נטו מילנדה סחר בעמ*,,,"י""ח",160,ל גרם,false,1,5.90,3.69,false,1,
7290003525478,false,סלט טונה ויליגר 160 גרם,נטו מילנדה סחר בעמ*,,,"י""ח",160,ל גרם,false,1,5.90,3.69,false,1,
7290003526444,false,אננס חתוך ויליגר A2 מהדרין,נטו מלינדה סחר בע`מ,,,"י""ח",1,,false,1,6.10,6.10,false,1,
7290003550753,false,נתחי טונה בהירה בשמן פוסידון (108x4 גרם),"מיוצר עי וליגר בעמ,",,,"י""ח",340,ל גרם,false,1,23.90,7.03,false,1,
7290003578061,false,לבבות דקל שלמים וילי פוד (400 גרם),ג.וילי-פוד אינטרנשיונל בעמ,,,"י""ח",400,ל גרם,false,1,11.90,2.98,false,1,
7290003578177,false,תירס צעיר שלם וילי פוד (410 גרם),ג.וילי-פוד אינטרנשיונל בעמ,,,"י""ח",410,ל גרם,false,1,8.90,2.17,true,1,
7290003578290,false,וילי פוד מקלוני אורז בדץ 300ג,ג. וילי-פוד אינטרנשיונל בע`מ,,,"י""ח",300,ל גרם,false,1,6.50,2.17,false,1,
7290003643004,false,אורז בסמטי קלאסי סוגת (1 קג),האי נאם סי או אל.טי.,,,"י""ח",1,"ק""ג",false,1,13.90,13.90,false,1,
7290003643387,false,"סוכר אריזת פלסטיק 1 ק""ג סוגת",האי נאם סי או אל.טי.,,,"י""ח",1,"ק""ג",false,1,8.90,8.90,false,1,
7290003643646,false,"סוכר דמררה קלאסי בצנצנת סוגת 1 ק""ג",האי נאם סי או אל.טי.,,,"י""ח",1,"ק""ג",false,1,13.90,13.90,false,1,
7290003643684,false,אפונה יבשה סוגת 500 גר',האי נאם סי או אל.טי.,,,"י""ח",500,ל גרם,false,1,6.90,1.38,true,1,
7290003643707,false,גריסים סוגת (500 גרם),"סוגת תעשיות בע""מ",,,"י""ח",500,ל גרם,false,1,4.90,0.98,true,1,
7290003643714,false,חומוס גרגירים 500 גרם סוגת,האי נאם סי או אל.טי.,,,"י""ח",500,ל גרם,false,1,8.90,1.78,true,1,
7290003643738,false,חיטה סוגת (500 גרם),האי נאם סי או אל.טי.,,,"י""ח",500,ל גרם,false,1,6.80,1.36,true,1,
7290003643745,false,כוסמת סוגת (500 גרם),האי נאם סי או אל.טי.,,,"י""ח",500,ל גרם,false,1,8.90,1.78,true,1,
7290003643752,false,עדשים ירוקים יבש סוגת 500 גר',האי נאם סי או אל.טי.,,,"י""ח",500,ל גרם,false,1,8.90,1.78,true,1,
7290003643769,false,עדשים אדומים יבש סוגת 500 גר',"סוגת תעשיות בע""\מ",,,"י""ח",500,ל גרם,false,1,8.90,1.78,true,1,
7290003643776,false,"פופקורן גרעינים סוגת 500 ג' כשל""פ",האי נאם סי או אל.טי.,,,"י""ח",500,ל גרם,false,1,6.90,1.38,true,1,
7290003643806,false,שעועית לבנה יבשה סוגת (500 גרם),האי נאם סי או אל.טי.,,,"י""ח",500,ל גרם,false,1,13.80,2.76,true,1,
7290003643813,false,שעועית אדומה יבשה סוגת 500 גר',האי נאם סי או אל.טי.,,,"י""ח",500,ל גרם,false,1,11.90,2.38,true,1,
7290003643820,false,חומוס ענק יבש סוגת 500 גרם,"סוגת תעשיות בע""\מ",,,"י""ח",500,ל גרם,false,1,10.90,2.18,true,1,
7290003681341,false,קונפיטורה תות מיה 340 גרם,מיה תעשיות מזון מ.ת.מ בעמ,,,"י""ח",340,ל גרם,false,1,13.90,4.09,false,1,
7290003681693,false,חומוס לבן ענק יבש מיה 500 גר',מיה תעשיות מזון מ.ת.מ. בעמ,,,"י""ח",500,ל גרם,false,1,8.90,1.78,false,1,
7290003681716,false,גריסי פנינה מיה (500 גרם),מיה תעשיות מזון מ.ת.מ. בעמ,,,"י""ח",500,ל גרם,false,1,6.90,1.38,false,1,
7290003744855,false,אובלטים עם שומשום 300 גר,שוקוטרייד בעמ,,,"י""ח",300,ל גרם,false,1,11.90,3.97,false,1,
7290003781065,false,מלפפונים בחומץ קטנים מאוד וילי פוד 370 גרם,ג. וילי-פוד אינטרנשיונל בע`מ,,,"י""ח",690,ל גרם,false,1,9.90,1.43,false,1,
7290003781652,false,צלפים במי מלח וילי פוד 230 גרם,ג. וילי-פוד אינטרנשיונל בע`מ,,,"י""ח",370,ל גרם,false,1,8.90,2.41,false,1,
7290003804252,false,תיבוליות לאורז בנוסח הודי קנור 80גרם,יוניליוור ישראל שיווק בע`מ,,,"י""ח",72,ל גרם,false,1,10.40,14.44,true,1,
7290003804320,false,תיבולית קנור שום ופטורזיליה 72 גרם,"יוניליוור ישראל שיווק בע""מ",,,"י""ח",72,ל גרם,false,1,10.40,14.44,true,1,
7290003804368,false,תיבוליות בזיליקום קנור (8 יח`- 72 גרם),"יוניליוור ישראל שיווק בע""מ",,,"י""ח",72,ל גרם,false,1,10.40,14.44,true,1,
7290003805501,false,"פתית בסגנון שוודי תלמה בד""צ 300 גרם",יוניליוור ישראל שיווק בע`מ,,,"י""ח",300,ל גרם,false,1,18.70,6.23,false,1,
7290003807482,false,קנור רוטב טריאקי מופחת נתרן 370 גרם,"יוניליוור ישראל שיווק בע""מ",,,"י""ח",370,"ל מ""ל",false,1,11.90,3.22,true,1,
7290003864478,false,סרדינים בשמן צמחי פתח קל ויליפוד 110 גרם,ג.וילי-פוד אינטרנשיונל בעמ,,,"י""ח",110,ל גרם,false,1,4.90,4.45,true,1,
7290003864485,false,סרדינים ברוטב עגבנ יות ויליפוד 110ג' פתח קל,ג. וילי-פוד אינטרנשיונל בע`מ,,,"י""ח",110,ל גרם,false,1,4.90,4.45,true,1,
7290003864492,false,סרדין בשמן צמחי חריף פתח קל ויליפוד 110 גרם,ג. וילי-פוד אינטרנשיונל בע`מ,,,"י""ח",110,ל גרם,false,1,4.90,4.45,true,1,
7290003882922,false,עלי גפן ממולאים באורז וילי פוד 360 גרם,ג. וילי-פוד אינטרנשיונל בע`מ,,,"י""ח",400,ל גרם,false,1,7.90,1.98,false,1,
7290003896141,false,חטיף ספרדי פיקנטי אלמנדוס 200 גרם,הדקלאים אגודת שיתופי,,,"י""ח",200,ל גרם,false,1,9.40,4.70,true,1,
7290003989096,false,סלט חצילים פיקנטי אחלה 500 גרם,שטראוס גרופ בעמ/מצונן,,,"י""ח",500,ל גרם,false,1,15.90,3.18,true,1,
7290003989539,false,רביולי עם גבינה שטראוס (400 גרם),שטראוס גרופ בעמ/מצונן,,,"י""ח",400,ל גרם,false,1,20.90,5.23,true,1,
7290003989553,false,פסטה טורטליני גבינה ופטריות 400 גרם,שטראוס גרופ בעמ/מצונן,,,"י""ח",400,ל גרם,false,1,21.70,5.43,true,1,
7290004048679,false,קובה למרק שלושת האופים(כ 18 יח`- 1 קג),נטו מלינדה סחר בעמ,,,"י""ח",1,"ק""ג",false,1,21.90,21.90,false,1,
7290004061494,false,נגיסי עוף 700 גר`טופ שף,קפוא-זן תעשיות מזון בעמ - תפוג,,,"י""ח",700,ל גרם,false,1,16.90,2.41,true,1,
7290004063115,false,"מלח מטבח עבה להמלחת בשר ובישול 1 ק""ג 1ק""ג",האי נאם סי או אל.טי.,,,"י""ח",1,"ק""ג",false,1,1.70,1.70,false,1,
7290004078270,false,נוזל לניקוי כלים בריח לימון פלמוליב 1 ליטר,יבואן ומשווק: ש. שסט,,,"י""ח",1,ליטר,false,1,14.60,14.60,false,1,
7290004078942,false,ליידי ספיד סטיק - דאודורנט ג'ל לאישה 65 גרם,קולגייט-פלמוליב,,,"י""ח",63,ל גרם,false,1,23.90,37.94,false,1,
7290004091255,false,ג'ל פטרוליום טהור 100% וזלין 212 גרם,יוניליוור ישראל שיווק בע`מ,,,"י""ח",225,"ל מ""ל",false,1,19.70,8.76,false,1,
7290004119133,false,כד יוגורט תנובה 6.5% שומן 1.5 ליטר,מיוצר עי קונדיטוריית,,,"י""ח",1.50,ליטר,false,1,18.90,12.60,false,1,
7290004119225,false,יוגורט יופלה אננס 3% שומן 150 גרם,תנובה מרכז שיתופי לש,,,"י""ח",150,"ל מ""ל",false,1,5.60,3.73,false,1,
7290004120061,false,מעדן חלב בטעם שוקו וניל שוניל 2% קרלו 125 גרם,תנובה מרכז שיתופי לש,,,"י""ח",125,"ל מ""ל",false,1,3.10,2.48,false,1,
7290004120108,false,יוגורט יופלה דיאט דובדבן 0% שומן 150גרם,תנובה מרכז שיתופי לש,,,"י""ח",150,"ל מ""ל",false,1,5.20,3.47,false,1,
7290004120566,false,גבינה בולגרית (25024% גרם)פיראוס תנובה,"תנובה בע""מ ***",,,"י""ח",250,ל גרם,false,1,23.90,9.56,true,1,
7290004120573,false,גבינה בולגרית (25016% גרם)פיראוס תנובה,תנובה מרכז שיתופי לש,,,"י""ח",250,ל גרם,false,1,23.90,9.56,false,1,
7290004120634,false,גבינה בולגרית (2505% גרם)פיראוס תנובה,תנובה מרכז שיתופי לש,,,"י""ח",250,ל גרם,false,1,23.90,9.56,true,1,
7290004121488,false,יוגורט ביו דיאט 0% אפרסק יופלה (150 גרם),תנובה מרכז שיתופי לש,,,"י""ח",150,"ל מ""ל",false,1,5.40,3.60,false,1,
7290004121525,false,יופלה מאגדת פרי 4 תות 4 אפרסק 3% 8 יח'*150 ג',תנובה מרכז שיתופי לש,,,"י""ח",1.20,ליטר,false,1,32.30,26.92,false,1,
7290004121853,false,גבינה בולגרית קוביות (2005% גרם)פיראוס,תנובה מרכז שיתופי לש,,,"י""ח",200,ל גרם,false,1,23.90,11.95,false,1,
7290004122119,false,פתיתי פרמזן לפסטה 23% השף הלבן 100 גרם,"תנובה בע""מ ***",,,"י""ח",100,ל גרם,false,1,13.90,13.90,false,1,
7290004122195,false,גוש חלב גבינה צהובה פרוסה 28% תנובה 200 גרם,"תנובה בע""מ ***",,,"י""ח",200,ל גרם,false,1,14.60,7.30,false,1,
7290004122270,false,עמק קלאסית פרוסות גבינה חצי קשה 28% 200 גרם,תנובה מרכז שיתופי לש,,,"י""ח",200,ל גרם,false,1,16.40,8.20,true,1,
7290004122348,false,גבינה צהובה מופחתת שומן 9% עמק (200 גרם),תנובה מרכז שיתופי לש,,,"י""ח",200,ל גרם,false,1,16.80,8.40,true,1,
7290004122676,false,גבינה חמד לייט (2505% גרם)פיראוס תנובה,תנובה מרכז שיתופי לש,,,"י""ח",250,ל גרם,false,1,19.10,7.64,true,1,
7290004122683,false,עמק חטיף אצבעות גבינה חצי קשה 28% שומן,תנובה מרכז שיתופי לש,,,"י""ח",172,ל גרם,false,1,17.10,9.94,true,1,
7290004124205,false,יופלה דיאט יוגורט תות %0 גביע 150 גרם,תנובה מרכז שיתופי לש,,,"י""ח",150,"ל מ""ל",false,1,5.20,3.47,false,1,
7290004124847,false,"קצפת צמחית השף הלבן 500 מ""ל תנובה",תנובה מרכז שיתופי לש,,,"י""ח",500,"ל מ""ל",false,1,15.90,3.18,true,1,
7290004125370,false,"שמנת חמוצה 9% מופחתת שומן תנובה 200 מ""ל מהדרין",תנובה מרכז שיתופי לש,,,"י""ח",200,"ל מ""ל",false,1,3.70,1.85,false,1,
7290004125400,false,"אשל שלי מהדרין 200 מ""ל 4.5% ""תנובה""- מוצר בפיקוח",פארייפאבה אגרואינדוס,,,"י""ח",200,"ל מ""ל",false,1,1.69,0.85,false,1,
7290004125417,false,"גיל 3% שלי 200 מ""ל ""תנובה"" -מוצר בפיקוח",תנובה מרכז שיתופי לש,,,"י""ח",200,ל גרם,false,1,1.51,0.76,false,1,
7290004125455,false,"שמנת חמוצה 200 מ""ל 15% ""תנובה"" -מוצר בפיקוח",תנובה מרכז שיתופי לש,,,"י""ח",200,"ל מ""ל",false,1,2.40,1.20,false,1,
7290004125462,false,"שמנת חמוצה 15% תנובה 500 מ""ל מהדרין",תנובה מרכז שיתופי לש,,,"י""ח",500,"ל מ""ל",false,1,6,1.20,false,1,
7290004125509,false,"שמנת חמוצה 15% מועשרת תנובה 100 מ""ל",תנובה מרכז שיתופי לש,,,"י""ח",100,"ל מ""ל",false,1,1.80,1.80,false,1,
7290004125578,false,משקה סויה מועשר בסידן 1 ל`תנובה,תנובה מרכז שיתופי לש,,,"י""ח",1,ליטר,false,1,11.90,11.90,true,1,
7290004125585,false,משקה סויה בטעם וניל תנובה 1 ליטר,תנובה מרכז שיתופי לש,,,"י""ח",1,ליטר,false,1,11.90,11.90,true,1,
7290004125721,false,"השף הלבן שמנת עמידה לבישול 15% תנובה 250 מ""ל",תנובה מרכז שיתופי לש,,,"י""ח",250,"ל מ""ל",false,1,8.90,3.56,false,1,
7290004125738,false,שמנת מתוקה להקצפה32% 250מל עמיד השף הלבן,תנובה מרכז שיתופי לש,,,"י""ח",250,"ל מ""ל",false,1,6.80,2.72,false,1,
7290004125776,false,גבינה צהובה קלאסית 28% עמק (400 גרם),"תנובה בע""מ ***",,,"י""ח",400,ל גרם,false,1,30.30,7.58,true,1,
7290004126674,false,טל העמק פרוסות גבינה חצי קשה לייט %9 200 גרם בקופסא,תנובה מרכז שיתופי לש,,,"י""ח",200,ל גרם,false,1,18.80,9.40,false,1,
7290004126759,false,דאיט יופלה פירות יער טו יוג פרי 150גר.,"תנובה בע""מ ***",,,"י""ח",150,"ל מ""ל",false,1,5.20,3.47,false,1,
7290004127077,false,קוטג תנובה 3% גביע 250 גרם מהדרין,מיוצר עי קונדיטוריית,,,"י""ח",250,ל גרם,false,1,5.90,2.36,false,1,
7290004127329,false,קוטג תנובה גביע 250 גרם %5 ו.מהדרין,מיוצר עי קונדיטוריית,,,"י""ח",275,ל גרם,false,1,5.90,2.15,false,1,
7290004127336,false,קוטג תנובה גביע 250 גרם %9 ו.מהדרין,מיוצר עי קונדיטוריית,,,"י""ח",250,ל גרם,false,1,5.90,2.36,false,1,
7290004127800,false,"גבינה לבנה 500 גרם 5% ""תנובה"" -מוצר בפיקוח",מיוצר עי קונדיטוריית,,,"י""ח",500,ל גרם,false,1,9.96,1.99,false,1,
7290004127817,false,גבינה לבנה 9% שומן 500 ג' תנובה,מיוצר עי קונדיטוריית,,,"י""ח",500,ל גרם,false,1,9.80,1.96,false,1,
7290004127862,false,"גבינה לבנה 750 גרם 5% ""תנובה"" - מוצר בפיקוח",תנובה מרכז שיתופי לש,,,"י""ח",750,ל גרם,false,1,14.94,1.99,false,1,
7290004128340,false,קרם גבינת שמנת %5 בטעם טבעי 200 ג' תנובה,תנובה בעמ ***,,,"י""ח",200,ל גרם,false,1,11.80,5.90,false,1,
7290004129101,false,גבינת שמנת 25% בטעם טבעי 225 ג' נפוליאון,תנובה מרכז שיתופי לש,,,"י""ח",225,ל גרם,false,1,15,6.67,false,1,
7290004129156,false,גבינת שמנת25% עם שום שמיר 225 ג' נפוליאון,תנובה מרכז שיתופי לש,,,"י""ח",225,ל גרם,false,1,15,6.67,false,1,
7290004130794,false,משקה סויה במתיקות מופחתת תנובה (1 ליטר),תנובה מרכז שיתופי לש,,,"י""ח",1,ליטר,false,1,11.90,11.90,true,1,
7290004130916,false,יוגורט יופלה פירות יער בשמנת 3% 150 גרם,תנובה מרכז שיתופי לש,,,"י""ח",150,"ל מ""ל",false,1,5.60,3.73,false,1,
7290004131074,false,"חלב 1 ליטר 3% קרטון ""תנובה""- מוצר בפיקוח",תנובה מרכז שיתופי לש,,,"י""ח",1,ליטר,false,1,6.23,6.23,false,1,
7290004131814,false,גבינת צפתית מעודנת (2005% גרם)פיראוס ת,פארייפאבה אגרואינדוס,,,"י""ח",200,ל גרם,false,1,15.90,7.95,false,1,
7290004132170,false,"לבן טבעי 1.5% 150 מ""ל יופלה","תנובה בע""מ ***",,,"י""ח",150,"ל מ""ל",false,1,3.20,2.13,false,1,
7290004132552,false,משקה סויה בטעם טבעי לייט תנובה 1 ליטר,תנובה מרכז שיתופי לש,,,"י""ח",1,ליטר,false,1,11.90,11.90,true,1,
7290004132712,false,חטיף אצבעות גבינת מוצרלה 20% 172 ג' עמק,תנובה מרכז שיתופי לש,,,"י""ח",172,ל גרם,false,1,17.10,9.94,true,1,
7290004132903,false,גבינה לבנה 3% מהדרין תנובה 250 גרם,תנובה מרכז שיתופי לש,,,"י""ח",250,ל גרם,false,1,4.90,1.96,false,1,
7290004133511,false,יופלה מאגדת לבן 1.5% מעודן 8 יח' * 150 ג',מיוצר עי קונדיטוריית,,,"י""ח",1.20,ליטר,false,1,20.80,17.33,false,1,
7290004134945,false,יוגורט ביו 3% בטעם מוקה יופלה (150 גרם),תנובה מרכז שיתופי לש,,,"י""ח",150,"ל מ""ל",false,1,5.60,3.73,false,1,
7290004135614,false,גבינה בולגרית מעודנת 5% פיראוס 250 גרם,"תנובה בע""מ ***",,,"י""ח",250,ל גרם,false,1,23.90,9.56,false,1,
7290004136857,false,מעדן ג`לי בטעם פטל תנובה (125 גרם),תנובה מרכז שיתופי לש,,,"י""ח",125,"ל מ""ל",false,1,2.70,2.16,false,1,
7290004136871,false,מעדן ג'לי בטעם אפרסק עם חתיכות תנובה 125 גרם,תנובה מרכז שיתופי לש,,,"י""ח",125,"ל מ""ל",false,1,2.90,2.32,false,1,
7290004137021,false,"שמנת עמידה לבישול מופחת שומן 10% השף הלבן 250 מ""ל",תנובה מרכז שיתופי לש,,,"י""ח",250,"ל מ""ל",false,1,8.90,3.56,false,1,
7290004137311,false,גבינה צהובה מופחתת שומן 9% עמק (400 גרם),"תנובה בע""מ ***",,,"י""ח",400,ל גרם,false,1,31.90,7.98,true,1,
7290004199074,false,סאני פלסטר אינטרסן 5,אינטרסן (1996) בעמ,,,"י""ח",1,,false,1,5.90,5.90,false,1,
7290004199326,false,כוס אימון מהפכנית טוליפס פרמיום,אינטרסן (1996) בעמ,,,"י""ח",1,,false,1,15.90,15.90,false,1,
7290004199579,false,פלסטר מעורב 100 יח' - SUNNY PLASTER,הדקלאים אגודת שיתופי,,,"י""ח",100,"י""ח",false,1,9.90,0.10,true,1,
7290004199791,false,כפפות M לטקס עם איבוק עדין 100 יח- SAFE TOUCH,אינטרסן (1996) בעמ,,,"י""ח",1,,false,1,22.90,22.90,true,1,
7290004199807,false,כפפות L לטקס עם איבוק עדין 100 יח- SAFE TOUCH,אינטרסן (1996) בעמ,,,"י""ח",1,,false,1,22.90,22.90,true,1,
7290004199821,false,אטבי כביסה סופר 24 יח',אינטרסן (1996) בעמ,,,"י""ח",1,,false,1,4.90,4.90,true,1,
7290004200282,false,פרסים רמה 7,שמחה זה אנחנו,,,"י""ח",1,,false,1,16.50,16.50,false,1,
7290004219826,false,מלבין קפה הולנדי קומפלטה 400ג',ג. וילי-פוד אינטרנשיונל בע`מ,,,"י""ח",400,ל גרם,false,1,21.90,5.48,false,1,
7290004324858,false,קבב כבש טיבון ויל 500 גרם,"טיבון ויל אחזקות בע""",,,"י""ח",500,ל גרם,false,1,21.90,4.38,true,1,
7290004492274,false,בייגלה טבעות מלוחות בייגל בייגל 400 גרם,"יוניליוור ישראל שיווק בע""מ",,,"י""ח",400,ל גרם,false,1,11.90,2.98,true,1,
7290004492762,false,"נשנושים תירס אפוי טעם טבעי בייגל בייגל 325 גרם בד""צ",יוניליוור ישראל שיווק בע`מ,,,"י""ח",325,ל גרם,false,1,13.90,4.28,false,1,
7290004554903,false,"גלידת פנטזיה שוקו וניל 900 מ""ל שטראוס","גלידת שטראוס בע""\מ, רחוב",,,"י""ח",900,"ל מ""ל",false,1,26.50,2.94,false,1,
7290004575632,false,קרמבו וניל 16 יחידות(ריאו).,ריאו נתניה ביחר לגלידה וממתקים,,,"י""ח",16,"י""ח",false,1,21.90,1.37,false,1,
7290004584351,false,גבינה לבנה סימפוניה עם תוספות 200 ג' חמישית 200,שטראוס גרופ בעמ/מצונן,,,"י""ח",200,ל גרם,false,1,12,6,true,1,
7290004584528,false,יוגורט דנונה ביו לבן 1.7% שומן 200 גרם,שטראוס גרופ בעמ/מצונן,,,"י""ח",200,"ל מ""ל",false,1,3.70,1.85,false,1,
7290004585907,false,דני ועדן וניל 1.5% 125ג' שטראוס,שטראוס גרופ בעמ/מצונן,,,"י""ח",130,"ל מ""ל",false,1,2.70,2.08,false,1,
7290004658960,false,יין אמרלד ריזלינג פרייבט קולקשן יקבי כרמל,אגודת הכורמים הקואופרטיב,,,"י""ח",750,"ל מ""ל",false,1,39.90,5.28,true,1,
7290004685126,false,לחם 5 דגנים פרוס לחם הארץ (750 גרם),מאפית י את א ברמן בע,,,"י""ח",750,ל גרם,false,1,15.90,2.12,false,1,
7290004685157,false,לחם שיפון 100% פרוס לחם הארץ (750 גרם),מאפית י את א ברמן בע,,,"י""ח",750,ל גרם,false,1,15.90,2.12,false,1,
7290004685201,false,לחם הארץ שיפון אגוזים500,מאפית י את א ברמן בע,,,"י""ח",500,ל גרם,false,1,15.90,3.18,false,1,
7290004685225,false,לחם פומפרניקל פרוס לחם הארץ (750 גרם),מאפית י את א ברמן בע,,,"י""ח",750,ל גרם,false,1,15.90,2.12,false,1,
7290004685430,false,100% לחם כומסין 500 גר לחם הארץ,מאפית י את א ברמן בע,,,"י""ח",1,,false,1,16.90,16.90,false,1,
7290004731472,false,"אל סבון צבעוני כיף שלישיה* 500 מ""ל",החברה הדרומית לשיווק בעמ,,,"י""ח",1.50,ליטר,false,1,18.90,12.60,false,1,
7290004731519,false,"מקסימה מרכך ומבשם כביסה למייבש סנסיטיב סנו 750 מ""ל",החברה הדרומית לשיווק בעמ,,,"י""ח",750,"ל מ""ל",false,1,19.90,2.65,true,1,
7290004737719,false,אספרגוס שלם מקולף בצנצנת ויליפוד 330 גרם,ג.וילי-פוד אינטרנשיונל בעמ,,,"י""ח",330,ל גרם,false,1,11.40,3.45,false,1,
7290004737900,false,חלב כחוש מרוכז וממותק בתוספת שמן צמחי ויליפוד 397 גרם,ג. וילי-פוד אינטרנשיונל בע`מ,,,"י""ח",397,ל גרם,false,1,9.90,2.49,false,1,
7290004861261,false,גבינה טובורג צימוקים/דובדבן/אוכמניות,מחלבות המושבה בעמ,,,"ק""ג",1,,true,1,32.90,32.90,false,1,
7290004944032,false,חומוס אמיתי אסלי שמיר 400 גרם,"סלטי שמיר 2006 בע""מ",,,"י""ח",400,ל גרם,false,1,9.90,2.48,true,1,
7290004944049,false,טחינה אסלי שמיר 400 גרם,"סלטי שמיר 2006 בע""מ",,,"י""ח",400,ל גרם,false,1,9.90,2.48,true,1,
7290004944056,false,סדרת האסלי חציל במיונז שמיר 400 גרם,"סלטי שמיר 2006 בע""מ",,,"י""ח",400,ל גרם,false,1,9.90,2.48,true,1,
7290004944063,false,סלט תורכי אסלי שמיר 400 ג',"סלטי שמיר 2006 בע""מ",,,"י""ח",400,ל גרם,false,1,10.90,2.73,true,1,
7290005068492,false,לקט ירקות מעורבים 700 גרם פרי-גליל,ויטה פרי גליל (החדשה) בע`מ,,,"י""ח",700,ל גרם,false,1,9.90,1.41,false,1,
7290005084355,false,סנסודין משחת שיניים דואל קר פלואוריד 75,גלקסו סמית קליין,,,"י""ח",75,ל גרם,false,1,23.90,31.87,true,1,
7290005174513,false,חציל על האש במיונז אחלה 400 גרם+225גר,שטראוס גרופ בעמ/מצונן,,,"י""ח",500,ל גרם,false,1,15.90,3.18,true,1,
7290005174551,false,סלט חומוס עם צנוברים 125 ג' אחלה,שטראוס גרופ בעמ/מצונן,,,"י""ח",125,ל גרם,false,1,5.70,4.56,false,1,
7290005174568,false,אחלה יום יום חצילים במיונז 125 גרם,שטראוס גרופ בעמ/מצונן,,,"י""ח",125,ל גרם,false,1,5.70,4.56,false,1,
7290005174575,false,טחינה אחלה יום יום משובחת 125ג',שטראוס גרופ בעמ/מצונן,,,"י""ח",125,ל גרם,false,1,5.70,4.56,false,1,
7290005175428,false,"קמח תירס לל""ג ריבארה 500 ג'",ג. וילי-פוד אינטרנשיונל בע`מ,,,"י""ח",500,ל גרם,false,1,5.90,1.18,false,1,
7290005197758,false,"עוגיות חיוכים שוקולד עלית 150 גרם בד""צ",אפיפית נצרת תעשיות ב,,,"י""ח",150,ל גרם,false,1,6.50,4.33,false,1,
7290005199738,false,גומי מאסט בטעם פפרמינט ריח פה נעים פליפטופ 28 ג' עלית,שטראוס גרופ בע`מ,,,"י""ח",28,ל גרם,false,1,4.60,16.43,false,1,
7290005200786,false,תפוצ'יפס בטעם שמנת בצל עלית 50 גרם,"שטראוס פריטו ליי בע""\מ )",,,"י""ח",50,ל גרם,false,1,4.50,9,false,1,
7290005287206,false,רביעיית טונה בשמן סטארקיסט 160 גרם,דיפלומט מפיצים (1968) בעמ**,,,"י""ח",640,ל גרם,false,1,27.90,4.36,true,1,
7290005287251,false,רביעיית טונה במים סטארקיסט 160 גרם,דיפלומט מפיצים (1968) בעמ**,,,"י""ח",640,ל גרם,false,1,27.90,4.36,true,1,
7290005287657,false,"סטארקיסט ממרח טונה 160 גרם בד""צ",דיפלומט מפיצים (1968) בעמ**,,,"י""ח",160,ל גרם,false,1,6.50,4.06,true,1,
7290005296246,false,"פותח סתימות דריין אאוט 946 מ""ל יעקבי","יעקב יעקבי ובניו בע""מ",,,"י""ח",946,"ל מ""ל",false,1,30.90,3.27,false,1,
7290005296260,false,"אסטוניש ספריי רסס ונגב לניקוי כללי יעקבי 750 מ""ל","יעקב יעקבי ובניו בע""מ",,,"י""ח",750,"ל מ""ל",false,1,16.90,2.25,true,1,
7290005317200,false,קרקר טופז טעמים שונים 110 גר,ח.כהן סוכנות מזון ומשקאות בע,,,"י""ח",110,ל גרם,false,1,2.90,2.64,true,1,
7290005423499,false,"תרסיס לניקוי משטחי נירוסטה אירוסל סנו 500 מ""ל",החברה הדרומית לשיווק בעמ,,,"י""ח",476,"ל מ""ל",false,1,19.90,4.18,false,1,
7290005423567,false,מטליות ניקוי רב שימושיות בגליל סנו סושי 40 יחידות,החברה הדרומית לשיווק בעמ,,,"י""ח",1,,false,1,19.90,19.90,false,1,
7290005423635,false,ריצפז נוזל רצפות דוחה תיקנים סנו 2 ליטר,החברה הדרומית לשיווק בעמ,,,"י""ח",2,ליטר,false,1,22.90,11.45,false,1,
7290005423871,false,שלישיית משחת שיניים מנטול אורביטול 145 גרם,טרופיקל דגיל תעשיות קוסמ,,,"י""ח",435,ל גרם,false,1,19.90,4.57,false,1,
7290005423918,false,סנו - מקסימה מרכך כביסה היפואלרגני אלוורה 4 ליטר,החברה הדרומית לשיווק בעמ,,,"י""ח",4,ליטר,false,1,21.90,5.48,false,1,
7290005424311,false,סנו k רב קוטל זוחלים ומעופפים 475 סמ,החברה הדרומית לשיווק בעמ,,,"י""ח",500,"ל מ""ל",false,1,24.90,4.98,false,1,
7290005424700,false,סנו - פורטה פלוס מרסס מסיר שומנים 1 ליטר,החברה הדרומית לשיווק בעמ,,,"י""ח",1,ליטר,false,1,19.90,19.90,false,1,
7290005424847,false,"מפיות נייר 30*30 ס""מ סנו סושי 150 יחידות",החברה הדרומית לשיווק בעמ,,,"י""ח",150,"י""ח",false,1,7.90,0.05,false,1,
7290005425073,false,"מטהר אויר בניחוח יסמין ועץ סאנדלווד סנו 300 מ""ל",החברה הדרומית לשיווק בעמ,,,"י""ח",300,"ל מ""ל",false,1,12.90,4.30,false,1,
7290005425202,false,אבקת כביסה ביו מקסימה לכתמים קשים,החברה הדרומית לשיווק בעמ,,,"י""ח",2.50,"ק""ג",false,1,26.90,10.76,false,1,
7290005426230,false,מטלית הפלא לרצפה מיקרופייבר סנו 1יח',החברה הדרומית לשיווק בעמ,,,"י""ח",1,,false,1,12.90,12.90,false,1,
7290005426629,false,"סנו דואופרש אורן לוטוס ופרחי מים ודובדבן, 300 מ""ל",החברה הדרומית לשיווק בעמ,,,"י""ח",300,"ל מ""ל",false,1,12.90,4.30,false,1,
7290005426964,false,סנובון סבון לאסלה בניחוח אפרסק סנו 3 יחידות,החברה הדרומית לשיווק בעמ,,,"י""ח",165,ל גרם,false,1,17.90,10.85,true,1,
7290005426971,false,סנובון סבון לאסלה תפוח כחול סנו 3 יחידות,החברה הדרומית לשיווק בעמ,,,"י""ח",165,ל גרם,false,1,17.90,10.85,true,1,
7290005427107,false,סנו - סושי מגבות נייר הפלא 6 יחידות,החברה הדרומית לשיווק בעמ,,,"י""ח",570,ל גרם,false,1,13.90,2.44,false,1,
7290005427121,false,סנו סושי מגבות הפלא 12 גלילים,החברה הדרומית לשיווק בעמ,,,"י""ח",12,"י""ח",false,1,24.90,2.08,false,1,
7290005427633,false,"כיף גל לשיער לשיער חזק במיוחד 1 ק""ג",החברה הדרומית לשיווק בעמ,,,"י""ח",1,"ק""ג",false,1,22.90,22.90,false,1,
7290005427848,false,מטליות ניקוי רב שימושיות בגליל סנו סושי 40 יחידות,החברה הדרומית לשיווק בעמ,,,"י""ח",1,,false,1,19.90,19.90,false,1,
7290005428845,false,מפיות סנו סופט 33*33 100 יחידות,החב הדרומית לשיווק,,,"י""ח",100,"י""ח",false,1,7.90,0.08,false,1,
7290005428852,false,ממחטות טישו צבעוניים סנו סופט 5 יח' *100דף,החברה הדרומית לשיווק בעמ,,,"י""ח",650,ל גרם,false,1,13.90,2.14,false,1,
7290005429279,false,סנו מקסימה קומפקט קומפקט אפקט גאוול 6 ק,החברה הדרומית לשיווק בעמ,,,"י""ח",6,"ק""ג",false,1,49.90,8.32,true,1,
7290005430602,false,"סנו אוקסיג'ן ספריי להסרת כתמים עם חמצן פעיל 750 מ""ל",החברה הדרומית לשיווק בעמ,,,"י""ח",750,"ל מ""ל",false,1,18.90,2.52,false,1,
7290005430671,false,פוליויקס נוזל לניקוי קרמיקה סנו 2 ליטר,החברה הדרומית לשיווק בעמ,,,"י""ח",2,ליטר,false,1,20.90,10.45,true,1,
7290005430961,false,שמפו לכביסה עדינה ביד בד גארד סנו מקסימה 1 ליטר,החברה הדרומית לשיווק בעמ,,,"י""ח",1,ליטר,false,1,15.90,15.90,false,1,
7290005559709,false,בורקס פיצה מעדנות 700 גרם,מיוצר עי קונדיטוריית,,,"י""ח",700,ל גרם,false,1,28.90,4.13,false,1,
7290005559914,false,פיצה משפחתית עם 100% גבינה בתוספת זיתים מעדנות 550 גרם,תנובה מרכז שיתופי לשיווק תוצרת,,,"י""ח",550,ל גרם,false,1,24.90,4.53,true,1,
7290005591761,false,דבש טהור מפרחי בר בלחיץ 400 ג' יד מרדכי,מכוורת יד מרדכי שטרא,,,"י""ח",400,ל גרם,false,1,24.90,6.23,false,1,
7290005651069,false,"מזון חתולים לה קט מיקס 2.85 ק""ג",דיפלומט מפיצים (1968) בעמ**,,,"י""ח",2.85,"ק""ג",false,1,64.90,22.77,false,1,
7290005838002,false,מעדן גבינה ויוגורט בטעם וניל 88 ג' דניאלה,שטראוס גרופ בעמ/מצונן,,,"י""ח",150,"ל מ""ל",false,1,4.30,2.87,false,1,
7290005838613,false,קרם גבינה 3% בטעם וניל סקי (125 גרם),שטראוס גרופ בעמ/מצונן,,,"י""ח",125,ל גרם,false,1,3.90,3.12,true,1,
7290005839078,false,שמיניית יוגורט לבן 3% ביו דנונה 150 גרם,שטראוס גרופ בעמ/מצונן,,,"י""ח",1.20,ליטר,false,1,17.60,14.67,false,1,
7290005839108,false,גבינה לבנה סימפוניה עם תוספות 200 ג'+זיתים 5%,שטראוס גרופ בעמ/מצונן,,,"י""ח",200,ל גרם,false,1,12,6,true,1,
7290005839313,false,מילקי Top עם שוקולדה מגולגלת 140 גרם,שטראוס גרופ בעמ/מצונן,,,"י""ח",130,"ל מ""ל",false,1,5,3.85,true,1,
7290005896460,false,"בירה איגל לאגר חזקה 7.8% 500 מ""ל פחית",טמפו משקאות בעמ,,,"י""ח",330,"ל מ""ל",false,1,6.70,1.94,false,1,
7290005938245,false,ממרח פסטו קלאסי פרסקו 220ג' מצונן,מיוצר עי פרסקו חצבה,,,"י""ח",220,ל גרם,false,1,16.90,7.68,false,1,
7290005992018,false,"יוגורט עיזים לשתיה 3% מחלבות גד 500 מ""ל",מחלבות גד שיווק 1992 בעמ,,,"י""ח",500,"ל מ""ל",false,1,13.90,2.78,true,1,
7290005992575,false,גבינה בולגרית למריחה 5% גד (250 גרם),מחלבות גד שיווק 1992 בעמ,,,"י""ח",250,ל גרם,false,1,18.20,7.28,true,1,
7290006229427,false,סן בנדטו - מים מינרלים - מארז שישיית 500 מל,טמפו משקאות בע`מ,,,"י""ח",3,ליטר,false,1,11.90,3.97,false,1,
7290006229588,false,בירה איגל לאגר פרימיום חזקה 6.3% 500 מל,טמפו משקאות בעמ,,,"י""ח",330,"ל מ""ל",false,1,6.20,1.79,false,1,
7290006241191,false,אגוזי מלך טבעיים קליית גת (150 גרם),הדקלאים אגודת שיתופי,,,"י""ח",150,ל גרם,false,1,17.90,11.93,true,1,
7290006241214,false,שקדים טבעיים קליית גת (200 גרם),הדקלאים אגודת שיתופי,,,"י""ח",200,ל גרם,false,1,20.90,10.45,false,1,
7290006241535,false,"משקה מנגו קפוא פריגת 340 מ""ל",*החברה המרכזית להפצת משקאותבעמ,,,"י""ח",280,ל גרם,false,1,13.90,4.96,false,1,
7290006251282,false,חליטת חמוציות הגן הקסום ויסוצקי 25 יחידות,תה ויסוצקי (ישראל) בעמ,,,"י""ח",75,ל גרם,false,1,17.90,23.87,true,1,
7290006251343,false,חליטת פסיפלורה מנגו הגן הקסום ויסוצקי 25 יחידות,תה ויסוצקי (ישראל) בעמ,,,"י""ח",62.50,ל גרם,false,1,17.90,28.64,true,1,
7290006251374,false,תה ירוק לימונית וג'ינג'ר ויסוצקי 25 יחידות,תה ויסוצקי (ישראל) בעמ,,,"י""ח",25,ל גרם,false,1,24.90,99.60,true,1,
7290006251589,false,תה ירוק עם עלי נענע 50 שקיקים ויסוצקי,תה ויסוצקי (ישראל) בעמ,,,"י""ח",75,ל גרם,false,1,45.90,61.20,true,1,
7290006265500,false,פטריות שמפיניון ארוז מרינה,קונס`-מרינה פטריות הגליל בעמ*ש,,,"י""ח",1,,false,1,10.90,10.90,true,1,
7290006271181,false,ג'חנון אפוי למיקרוגל מעדנות 750 גרם,תנובה מרכז שיתופי לשיווק תוצרת,,,"י""ח",750,ל גרם,false,1,28.70,3.83,false,1,
7290006271655,false,מיני בורקס במילוי גבינה מעדנות (800 גרם),תנובה מרכז שיתופי לשיווק תוצרת,,,"י""ח",800,ל גרם,false,1,28.30,3.54,false,1,
7290006272072,false,חטיפי פיצה גבינה מעדנות 650 גרם,תנובה קפואים,,,"י""ח",650,ל גרם,false,1,36.90,5.68,false,1,
7290006306319,false,רביולי במילוי בטטה 400 ג' פסטה נונה,דורום תעשיות מזון ופסטה,,,"י""ח",400,ל גרם,false,1,21.90,5.48,false,1,
7290006342447,false,גרעיני אבטיח ששון הקולה 200 גרם,דין שיווק וקליה 2021 בעמ,,,"י""ח",200,ל גרם,false,1,14.90,7.45,false,1,
7290006374738,false,קונפיטורה תות יד מרדכי בטעם תות,אף.סי תבליני בגליל ב,,,"י""ח",340,ל גרם,false,1,15.60,4.59,false,1,
7290006429506,false,חצאי אפרסקים 820 גרם טעמן,טעמן שיווק מזון בעמ,,,"י""ח",820,ל גרם,false,1,9.90,1.21,false,1,
7290006429902,false,"בייבי טעמן מחית פריטוב תפו""ע לל""ס 190ג'",טעמן שווק מזון בעמ,,,"י""ח",190,ל גרם,false,1,4,2.11,false,1,
7290006492432,false,גבינה מוצרלה בייבי 18% גד (150 גרם),מחלבות גד שיווק 1992 בעמ,,,"י""ח",1,,false,1,15.30,15.30,true,1,
7290006492616,false,גבינה בולגרית מעודנת פרוסות 5% גד 250 גרם,מחלבות גד שיווק 1992 בעמ,,,"י""ח",250,ל גרם,false,1,25.90,10.36,true,1,
7290006492685,false,גבינת לאבנה עיזים 5% גד (250 גרם),מחלבות גד שיווק 1992 בעמ,,,"י""ח",250,ל גרם,false,1,16.90,6.76,true,1,
7290006492852,false,גבינת עיזים למריחה 5% 250 גרם רובין,מחלבות גד שיווק 1992 בעמ,,,"י""ח",1,,false,1,18.20,18.20,true,1,
7290006494917,false,טוסו וופל קלאסי במילוי שוקולד 200 גרם,"איטיליאן פוד, אס.פי.",,,"י""ח",180,ל גרם,false,1,7.80,4.33,false,1,
7290006511157,false,פטריות שמפניון שלמות וילי פוד (400 גרם),ג.וילי-פוד אינטרנשיונל בעמ,,,"י""ח",400,ל גרם,false,1,8.90,2.23,true,1,
7290006511751,false,פטריות שמפניון חתוך ויליפוד 290X3 ג' בד”צ,ג.וילי-פוד אינטרנשיונל בעמ,,,"י""ח",870,ל גרם,false,1,11.90,1.37,false,1,
7290006546302,false,"צ'יפס קיטרינג פרי גליל 1.5 ק""ג",ויטה- פרי גליל (החדשה) בעמ,,,"י""ח",1.50,"ק""ג",false,1,21.90,14.60,true,1,
7290006546319,false,"סטייק צ'יפס פרי הגליל 1.5 ק""ג",ויטה- פרי גליל (החדשה) בעמ,,,"י""ח",700,ל גרם,false,1,21.90,3.13,true,1,
7290006546524,false,צי'פס מובחר קפוא פרי גליל 800 ג',נטו מלינדה סחר בעמ,,,"י""ח",800,ל גרם,false,1,14.90,1.86,false,1,
7290006546999,false,לקט למרק פרי הגליל 800 ג',ויטה פרי גליל (החדשה) בע`מ,,,"י""ח",800,ל גרם,false,1,14.90,1.86,false,1,
7290006618078,false,"מרסס לניקוי יסודי מטבח אסטוניש 750 מ""ל","יעקב יעקבי ובניו בע""מ",,,"י""ח",750,"ל מ""ל",false,1,16.90,2.25,true,1,
7290006640598,false,מכשירי כתיבה מגוון,צבע ומכחול (2014) בעמ,,,"י""ח",1,,false,1,5.50,5.50,false,1,
7290006640789,false,צעצועים,צבע ומכחול (2014) בעמ,,,"י""ח",1,,false,1,9.90,9.90,false,1,
7290006652027,false,במבה חטיף בוטנים אסם 20*15 גרם,קבוצת אוסם סחר שותפות מוגבלת,,,"י""ח",300,ל גרם,false,1,27.70,9.23,true,1,
7290006653819,false,קוסקוס אמיתי דק בשקית 350 גרם,קבוצת אוסם סחר שותפות מוגבלת,,,"י""ח",350,ל גרם,false,1,9.20,2.63,false,1,
7290006664051,false,"אקטימל לבן 1.51 ק""ג מארז 14 יחידות",שטראוס גרופ בעמ/מצונן,,,"י""ח",1.40,ליטר,false,1,32.60,23.29,false,1,
7290006664402,false,גבינה לבנה סקי 5% שומן 750 גרם,שטראוס גרופ בעמ/מצונן,,,"י""ח",750,ל גרם,false,1,14.25,1.90,false,1,
7290006664532,false,יוגורט עם תות 3% שומן 150 ג' דנונה,שטראוס גרופ בעמ/מצונן,,,"י""ח",150,"ל מ""ל",false,1,3.90,2.60,true,1,
7290006664655,false,דנונה Actimel יוגורט טבעי 8*100 מ``ל,שטראוס גרופ בעמ/מצונן,,,"י""ח",800,"ל מ""ל",false,1,22.70,2.84,false,1,
7290006664693,false,יוגורט עם אפרסק 3% שומן 150 ג' דנונה,שטראוס גרופ בעמ/מצונן,,,"י""ח",150,"ל מ""ל",false,1,3.90,2.60,true,1,
7290006664990,false,"יוגורט דנונה ביו לבן 1.7% שומן 8*150 מ""ל",שטראוס גרופ בעמ/מצונן,,,"י""ח",1.20,ליטר,false,1,17.60,14.67,false,1,
7290006681065,false,"קסטה שוקו וניל ""שטראוס""","מיוצר ע""\י גלידת שטראוס",,,"י""ח",1,,false,1,8,8,true,1,
7290006681553,false,קרמבו בטעם וניל שטראוס 8 יחידות,"גלידות שטראוס בע""מ",,,"י""ח",8,"י""ח",false,1,15.90,1.99,true,1,
7290006681560,false,קרמבו בטעם מוקה שטראוס 8 יחידות,"גלידות שטראוס בע""מ",,,"י""ח",8,"י""ח",false,1,15.90,1.99,true,1,
7290006739414,false,נקניק סלמי קוניאק זוגלובק 300 גרם,נקניק נהריה כשר זוגל,,,"י""ח",3.50,"י""ח",false,1,26.90,7.69,true,1,
7290006741387,false,מלווח תימני זוגלובק בד`צ 700 גרם קפוא,נקניק נהריה כשר זוגל,,,"י""ח",700,ל גרם,false,1,16.90,2.41,true,1,
7290006742179,false,קבב מזרחי זוגלובק 400 גרם,נקניק נהריה כשר זוגל,,,"י""ח",400,ל גרם,false,1,22.90,5.73,true,1,
7290006764096,false,"בירה איגל 3.8% בקבוק 500 מ""ל חוזר","טמפו משקאות בע""\מ",,,"י""ח",500,"ל מ""ל",false,1,5.10,0.78,true,1,
7290006775016,false,עוגת תפוז אחוה (450 גרם)אחוה,אחדות ביתחרושת לטחינה חלבה,,,"י""ח",450,ל גרם,false,1,10.90,2.42,false,1,
7290006775023,false,עוגה אנגלית אחוה (450 גרם)אחוה,אחדות ביתחרושת לטחינה חלבה,,,"י""ח",450,ל גרם,false,1,10.90,2.42,false,1,
7290006775030,false,עוגת שוקו צ`יפס אחוה (450 גרם)אחוה,אחדות ביתחרושת לטחינה חלבה,,,"י""ח",450,ל גרם,false,1,10.90,2.42,false,1,
7290006775047,false,עוגת שוקולד אחוה (450 גרם)אחוה,אחדות ביתחרושת לטחינה חלבה,,,"י""ח",450,ל גרם,false,1,10.90,2.42,false,1,
7290006775054,false,עוגת שיש אחוה (450 גרם)אחוה,אחדות ביתחרושת לטחינה חלבה,,,"י""ח",450,ל גרם,false,1,10.90,2.42,false,1,
7290006775191,false,מאפין ממולא בטעם שוקולד 50 גרם אחוה,אחדות ביתחרושת לטחינה חלבה,,,"י""ח",400,ל גרם,false,1,1.50,0.38,true,1,
7290006775306,false,מאפינס אישי וניל במילוי תות אחווה 50ג',אחדות ביתחרושת לטחינה חלבה,,,"י""ח",50,ל גרם,false,1,1.50,3,true,1,
7290006804907,false,פיתה אסלית אפויה קפואה (חמישיות),קונסיגנציה ג`נרל מילס ישראל בע,,,"י""ח",1,,false,1,7.90,7.90,true,1,
7290006805850,false,פילסברי פנקייק תערובת להכנת חביתיות,הדקלאים אגודת שיתופי,,,"י""ח",500,ל גרם,false,1,17.90,3.58,false,1,
7290006806963,false,חלה מתוקה קלועה אפויה(אפיה מקומית),ג נרל מילס ישראל בעמ ~~~,,,"י""ח",570,ל גרם,false,1,10.90,1.91,true,1,
7290006866363,false,מיץ סחוט אשכוליות אדומות פרימור 1 ליטר,שטראוס גרופ בעמ/מצונן,,,"י""ח",1,ליטר,false,1,16.60,16.60,false,1,
7290006941237,false,לפתניה צבעוני המותג 25 יח,דין שיווק וקליה 2021 בעמ****,,,"י""ח",25,"י""ח",false,1,5.90,0.24,false,1,
7290006983176,false,קרקר לחמית שיפון אסם (230 גרם),קבוצת אוסם סחר שותפות מוגבלת,,,"י""ח",230,ל גרם,false,1,9.90,4.30,true,1,
7290006983206,false,אבקה להכנת פלאפל בקלי קלות 180 גרם,קבוצת אוסם סחר שותפות מוגבלת,,,"י""ח",90,ל גרם,false,1,11.30,12.56,false,1,
7290006983763,false,עוגת הבית בטעם שוקולד אסם (400 גרם),קבוצת אוסם סחר שותפות מוגבלת,,,"י""ח",400,ל גרם,false,1,14.10,3.53,false,1,
7290006983770,false,עוגת הבית שיש אסם (400 גרם),קבוצת אוסם סחר שותפות מוגבלת,,,"י""ח",400,ל גרם,false,1,14.10,3.53,false,1,
7290006983787,false,עוגת הבית שוקולד צ'יפס אסם 400 גרם,קבוצת אוסם סחר שותפות מוגבלת,,,"י""ח",400,ל גרם,false,1,14.10,3.53,false,1,
7290006983794,false,עוגת הבית בטעם תפוז אסם 400 גרם,קבוצת אוסם סחר שותפות מוגבלת,,,"י""ח",400,ל גרם,false,1,13.10,3.28,false,1,
7290006992161,false,מטרנה - דייסת קורנפלור פרוביוטי 200 גרם,קבוצת אוסם סחר שותפות מוגבלת,,,"י""ח",200,ל גרם,false,1,14.90,7.45,false,1,
7290006992390,false,"מטרנה - דייסת וניל פרוביוטי כשל""פ 200 גרם",קבוצת אוסם סחר שותפות מוגבלת,,,"י""ח",200,ל גרם,false,1,14.90,7.45,false,1,
7290008116541,false,שטיפת פה ליסטרין מנטה קריר 500 מ`ל,ג'\ונסון אנד ג'\ונסון,,,"י""ח",500,"ל מ""ל",false,1,17.90,3.58,true,1,
7290008116565,false,שטיפת פה ליסטרין מנטה מרענן 500 מ`ל,ג'\ונסון אנד ג'\ונסון,,,"י""ח",500,"ל מ""ל",false,1,17.90,3.58,true,1,
7290008154222,false,עוף טוב שניצלונים 700 גרם,קבוצת אוסם סחר-שות.מוגבלת,,,"י""ח",700,ל גרם,false,1,15.90,2.27,true,1,
7290008175210,false,גבינת פרמזן מגורדת 90ג' ויליפוד,ג.וילי-פוד אינטרנשיונל **גבינו,,,"י""ח",90,ל גרם,false,1,14.90,16.56,false,1,
7290008190633,false,לקקן כרמית בטעם תות,כרמית תעשיות ממתקים בעמ,,,"י""ח",110,ל גרם,false,1,34.90,31.73,false,1,
7290008190909,false,עוגיות מיני קוקיס שוקולד צ'יפס בצנצנת כרמית 600 גרם,כרמית תעשיות ממתקים בעמ,,,"י""ח",600,ל גרם,false,1,16.90,2.82,false,1,
7290008333115,false,אבקת ג'לטין טהור נטו 28 גרם,נטו מילנדה סחר בעמ*,,,"י""ח",28,ל גרם,false,1,11.10,39.64,false,1,
7290008335539,false,פלמיני במלית בשר 600 גר`שלושת האופים,נטו מילנדה סחר בעמ*,,,"י""ח",600,ל גרם,false,1,13.90,2.32,false,1,
7290008343466,false,בצק פילו שלושת האופים (500 גרם),שלושת האופים שגמור,,,"י""ח",500,ל גרם,false,1,21.90,4.38,true,1,
7290008343503,false,גחנון אפוי 650 גר' שלושת האופים קהילות,נטו מלינדה סחר בע`מ,,,"י""ח",650,ל גרם,false,1,21.90,3.37,true,1,
7290008343558,false,סיגרים במילוי בשר פיקנטי 1 ק``ג קפוא,נטו מלינדה סחר בע`מ,,,"י""ח",1,"ק""ג",false,1,21.90,21.90,false,1,
7290008343565,false,"סיגרים תפו""א 1 ק""ג שלושת האופים",נטו מלינדה סחר בעמ,,,"י""ח",1,"ק""ג",false,1,21.90,21.90,false,1,
7290008343572,false,אגרול סיני 1 קג -שלושת האופים,נטו מלינדה סחר בע`מ,,,"י""ח",1,"ק""ג",false,1,22.90,22.90,false,1,
7290008343619,false,"פסטלים תפו""א שלושת האופים 1 ק""ג",נטו מלינדה סחר בע`מ,,,"י""ח",1,"ק""ג",false,1,21.90,21.90,false,1,
7290008343626,false,"כדורי פלאפל 1 ק""ג שלושת האופים",נטו מלינדה סחר בע`מ,,,"י""ח",1,"ק""ג",false,1,22.90,22.90,false,1,
7290008344258,false,המבורגר מיזרחי 400 גר`טיבונוויל,"טיבון ויל אחזקות בע""\מ",,,"י""ח",400,ל גרם,false,1,20.90,5.23,true,1,
7290008344272,false,המבורגר 100% טיבון ויל 400 גרם,טיבון ויל אחזקות בעמ,,,"י""ח",400,ל גרם,false,1,23.90,5.98,true,1,
7290008345576,false,סלט איקרה ביתית לבנה 300 גרם דלידג,נטו מלינדה סחר בע`מ,,,"י""ח",300,ל גרם,false,1,21.90,7.30,false,1,
7290008347211,false,אצבעות דג מצופות דלידג (700 גרם),אף.סי תבליני בגליל ב,,,"י""ח",700,ל גרם,false,1,26.90,3.84,false,1,
7290008409100,false,אצבעות שניצל בציפוי שומשום מאמא עוף 700 גרם,תנובה גליל שותפות מוגבלת,,,"י""ח",600,ל גרם,false,1,39.40,6.57,false,1,
7290008409124,false,מאמא עוף קפוא שניצל ג'ונגל פריך 700 גרם,תנובה מרכז שיתופי לשיווק תוצרת,,,"י""ח",700,ל גרם,false,1,39.40,5.63,false,1,
7290008409551,false,שניצל עוף אמיתי בציפוי מעודן 700 ג' מאמא עוף,תנובה מרכז שיתופי לשיווק תוצרת,,,"י""ח",700,ל גרם,false,1,45.90,6.56,false,1,
7290008415071,false,צבר חומוס עם טחינה עגול 150 גרם,קבוצת אוסם סחר שותפות מוגבלת,,,"י""ח",150,ל גרם,false,1,5.80,3.87,false,1,
7290008415514,false,צבר חומוס עם חריף עגול 150 גרם,קבוצת אוסם סחר שותפות מוגבלת,,,"י""ח",150,ל גרם,false,1,5.80,3.87,false,1,
7290008443647,false,"מרכך לשיער מתולתל סגול, 750 מ""ל נקה 7",החברה הדרומית לשיווק בעמ,,,"י""ח",750,"ל מ""ל",false,1,12.90,1.72,false,1,
7290008461221,false,סרדינים רוברט בשמן חמניות 115 גרם,א. סיימן סחר בעמ,,,"י""ח",115,ל גרם,false,1,7.90,6.87,true,1,
7290008461238,false,סרדינים בשמן חמניות ופלפל חריף רוברט 84 גרם,א. סיימן סחר בעמ,,,"י""ח",115,ל גרם,false,1,7.90,6.87,true,1,
7290008464468,false,בירה בפחית גולדסטאר (500 מל),פארייפאבה אגרואינדוס,,,"י""ח",500,"ל מ""ל",false,1,8.10,1.56,false,1,
7290008464475,false,בירה מכבי פחית 500 מ``ל,"טמפו משקאות בע""\מ",,,"י""ח",500,"ל מ""ל",false,1,7.50,1.44,false,1,
7290008464505,false,סאן בנדטו מים מינרלים להחזרה 0.5 ל`,אקווה מינרלה סאן בנדטו ב,,,"י""ח",500,"ל מ""ל",false,1,3.20,0.58,false,1,
7290008464604,false,"בירה הייניקן פחית 500 מ""ל",טמפו משקאות בע''מ,,,"י""ח",500,"ל מ""ל",false,1,9.90,1.92,false,1,
7290008464734,false,"שישיית בירה גולדסטאר לאגר SLOW BREW בקבוק 330 מ""ל",טמפו משקאות בע''מ,,,"י""ח",1.98,ליטר,false,1,41.90,20.25,true,1,
7290008466660,false,מארז רוגלך מחנה יהודה 500 גר`,הלל בן הלל שיווק ומסחר בעמ,,,"י""ח",500,ל גרם,false,1,17.90,3.58,true,1,
7290008466813,false,מארז עוגיות קינמון 500ג מחנה יהודה,הלל בן הלל שיווק ומסחר בעמ,,,"י""ח",500,ל גרם,false,1,17.90,3.58,true,1,
7290008493413,false,פירורי לחם מאיר בייגל פירורי גריסיני 200 גרם,"דנשר (1963) בע,מ",,,"י""ח",200,ל גרם,false,1,6.90,3.45,false,1,
7290008609531,false,נייר אפייה 50 יח`פאלאס,פאלאס תעשיות נטו (2014) בעמ,,,"י""ח",1,,false,1,9.90,9.90,false,1,
7290008636339,false,פירה שבבי תפוח אדמה מיה 500 גרם כשר לפסח,מיה תעשיות מזון מ.ת.מ. בעמ,,,"י""ח",500,ל גרם,false,1,12.50,2.50,false,1,
7290008636919,false,קקאו הולנדי בבשקית מיה 200 גרם,מיה תעשיות מזון מ.ת.מ. בעמ,,,"י""ח",250,ל גרם,false,1,8.90,3.56,false,1,
7290008636933,false,אגוזי מלך גרוסים מיה 100 גרם,מיה תעשיות מזון מ.ת.מ. בעמ,,,"י""ח",100,ל גרם,false,1,10.90,10.90,false,1,
7290008644112,false,אחלה יום יום סלט מטבוחה יום יום 125 גרם,שטראוס גרופ בעמ/מצונן,,,"י""ח",125,ל גרם,false,1,5.70,4.56,false,1,
7290008644235,false,מבחר עלי בייבי 120 גרם-טעם הטבע,שטראוס בריאות ירקות טריי,,,"י""ח",120,ל גרם,false,1,10.90,9.08,false,1,
7290008644945,false,סלט המושבה שטראוס 450 גר`-טעם הטבע,שטראוס בריאות ירקות טריי,,,"י""ח",450,ל גרם,false,1,13.90,3.09,false,1,
7290008690713,false,נקטר חמוציות אושן ספריי פריגת (1 ליטר),החברה המרכזית להפצת משקאות בעמ,,,"י""ח",1,ליטר,false,1,11.50,11.50,false,1,
7290008693134,false,מעדן גבינה ויוגורט בטעם תות 5% שומן 88 ג' דניאלה,שטראוס גרופ בעמ/מצונן,,,"י""ח",150,"ל מ""ל",false,1,4.30,2.87,false,1,
7290008713900,false,לחם שיפון עגול פרוס אחדות (750 גרם),מאפיית אנג'\ל אורנים מאפ,,,"י""ח",750,ל גרם,false,1,12.90,1.72,false,1,
7290008745239,false,תפוצ'יפס קראנצ' בטעם טבעי עלית 50 גרם,"שטראוס פריטו ליי בע""\מ )",,,"י""ח",55,ל גרם,false,1,4.50,8.18,false,1,
7290008750264,false,"מסטיק מאסט ציקלס דובדבן 28 גרם לל""ס מגדים",שטראוס גרופ בע`מ,,,"י""ח",28,ל גרם,false,1,4.60,16.43,false,1,
7290008752244,false,תפוצ'יפס קראנץ' בטעם גריל עלית 50 גרם,"שטראוס פריטו ליי בע""\מ )",,,"י""ח",50,ל גרם,false,1,4.50,9,false,1,
7290008753111,false,תפוצ'יפס קראנץ' בטעם מקסיקני עלית 50 גרם,"שטראוס פריטו ליי בע""\מ )",,,"י""ח",50,ל גרם,false,1,4.50,9,false,1,
7290008754415,false,גומי מאסט בטעם ספירמינט עדין פליפטופ 28 ג' עלית,שטראוס גרופ בע`מ,,,"י""ח",28,ל גרם,false,1,4.70,16.79,false,1,
7290008754422,false,גומי מאסט בטעם פפרמינט קלאסי פליפטופ 28 ג' עלית,שטראוס גרופ בע`מ,,,"י""ח",28,ל גרם,false,1,4.80,17.14,false,1,
7290008757034,false,"שוופס סודה זכוכית 250 מ""ל",יפאורה שותפות מוגבלת לשיווק,,,"י""ח",250,"ל מ""ל",false,1,3.50,1.28,true,1,
7290008757980,false,קרטונית ספרינג נקטר רימונים 1 ליטר,יפאורה שותפות מוגבלת לשיווק,,,"י""ח",1,ליטר,false,1,6.90,6.90,true,1,
7290008775816,false,ערגליות עוגיות במילוי שוקולד אסם 300 גרם,קבוצת אוסם סחר שותפות מוגבלת,,,"י""ח",300,ל גרם,false,1,10.90,3.63,true,1,
7290008775892,false,פסטה פרפקטו לינגוויני (11) 500 גרם,קבוצת אוסם סחר-שות.מוגבלת,,,"י""ח",500,ל גרם,false,1,8.70,1.74,false,1,
7290008801461,false,"יין הנצחון כרמל 750 מ""ל",אגודת הכורמים -כרמל מזרחי,,,"י""ח",750,"ל מ""ל",false,1,21,2.76,true,1,
7290008801478,false,יין טופז זהב אדום מתוק ייצוא 750 מל,אגודת הכורמים בעמ,,,"י""ח",750,"ל מ""ל",false,1,21.20,2.79,true,1,
7290008806961,false,גלידה שוקולד שבבי שוקולד פרה 1.33 ל' קרמיסימו,"גלידת שטראוס בע""\מ, רחוב",,,"י""ח",1.33,ליטר,false,1,18.90,14.21,false,1,
7290008849586,false,רוטב לעוף ריבת בצל אוליביה 310 גרם,תה ויסוצקי (ישראל) בעמ,,,"י""ח",310,ל גרם,false,1,13.90,4.48,true,1,
7290008849777,false,רוטב צ'ילי מתוק אוליביה 345 גרם,תה ויסוצקי (ישראל)בעמ,,,"י""ח",350,ל גרם,false,1,13.90,3.97,true,1,
7290008899420,false,לחמניות ביס/פטיט פאן כפרי 40 גרם,ג נרל מילס ישראל בעמ,,,"י""ח",1,,false,1,1.50,1.50,true,1,
7290008909778,false,"קרלסברג שישייה 330מ""ל",החברה המרכזית להפצת משקאות בעמ,,,"י""ח",1.98,ליטר,false,1,42.70,20.66,true,1,
7290008909853,false,"קוקה קולה זירו בקבוק 500 מ""ל.",החברה המרכזית להפצת משקאות בעמ,,,"י""ח",500,"ל מ""ל",false,1,6.30,1.20,true,1,
7290008945202,false,שקיות אשפה לפח ענק 90x75 גלילונית) (50,"קילט ניהול פרוייקטים בע""מ",,,"י""ח",1,,false,1,12.90,12.90,false,1,
7290009076509,false,חמישיית פיתות אפיה במקום אנג'ל,שלמה א.אנג ל בעמ,,,"י""ח",1,,false,1,7.90,7.90,true,1,
7290010002023,false,כורכום הודי טחון תבליני מימון 100 גרם,א.ל. ייצור ושיווק תבלינים בע`מ,,,"י""ח",100,ל גרם,false,1,12.90,12.90,false,1,
7290010002092,false,תבלין פלפל שחור גרוס דק תבליני מימון 90,א.ל. ייצור ושיווק תבלינים בע`מ,,,"י""ח",90,ל גרם,false,1,15.50,17.22,false,1,
7290010002139,false,פפריקה הונגרית חריפה תבליני מימון 100 גרם,א.ל. ייצור ושיווק תבלינים בע`מ,,,"י""ח",100,ל גרם,false,1,12.90,12.90,false,1,
7290010002320,false,תבלין לגריל עוף תבליני מימון (100 גרם),א.ל. ייצור ושיווק תבלינים בע`מ,,,"י""ח",100,ל גרם,false,1,12.90,12.90,false,1,
7290010002375,false,תבלין מדראס קארי תבליני מימון (100 גרם),א.ל. ייצור ושיווק תבלינים בע`מ,,,"י""ח",100,ל גרם,false,1,12.90,12.90,false,1,
7290010002382,false,תבלין אורגנו תבליני מימון 40 גרם,א.ל. ייצור ושיווק תבלינים בע`מ,,,"י""ח",40,ל גרם,false,1,9.90,24.75,false,1,
7290010002498,false,תבלין שום גבישי תבליני מימון 120 גרם,א.ל. ייצור ושיווק תבלינים בע`מ,,,"י""ח",120,ל גרם,false,1,14.90,12.42,false,1,
7290010003693,false,פפריקה מתוקה בשקית תבליני מימון 80 גרם,א.ל. ייצור ושיווק תבלינים בע`מ,,,"י""ח",80,ל גרם,false,1,6.40,8,false,1,
7290010003709,false,פלפל שחור טחון בשקית תבליני מימון 50 גרם,א.ל. ייצור ושיווק תבלינים בע`מ,,,"י""ח",50,ל גרם,false,1,8.90,17.80,false,1,
7290010023141,false,תה לימונענע הגן הקסום ויסוצקי 25 יחידות,תה ויסוצקי (ישראל) בעמ,,,"י""ח",50,ל גרם,false,1,17.90,35.80,true,1,
7290010065059,false,מחית פירות מעורבים ג'וניור פרינוק 190 גרם,פרוטה פודווין איי.אס,,,"י""ח",190,ל גרם,false,1,5.90,3.11,true,1,
7290010065271,false,פרינוק - מחית תפוחי עץ 130 גרם,גורי מוצרי צריכה 1991 בעמ,,,"י""ח",130,ל גרם,false,1,5.90,4.54,false,1,
7290010065295,false,פרינוק - מחית תפוחי עץ ובננה 130 גרם,גורי מוצרי צריכה (1991) בעמ,,,"י""ח",130,ל גרם,false,1,5.90,4.54,false,1,
7290010065332,false,מחית תפוח עץ בננה ג'וניור פרינוק 190 גרם,גורי מוצרי צריכה (1991) בעמ,,,"י""ח",760,ל גרם,false,1,5.90,0.78,true,1,
7290010065745,false,מחית לפתן פירות ג'וניור פרינוק 190 גרם,גורי מוצרי צריכה (1991) בעמ,,,"י""ח",190,ל גרם,false,1,5.90,3.11,true,1,
7290010066513,false,נתחי טונה בשמן צמחי רביעיה *158ג' פילטונה,תעשיות פילטונה בעמ,,,"י""ח",640,ל גרם,false,1,23.90,3.73,false,1,
7290010066575,false,נתחי טונה במים רביעיה *158ג' פילטונה,תעשיות פילטונה בעמ,,,"י""ח",640,ל גרם,false,1,23.90,3.73,false,1,
7290010066582,false,נתחי טונה בשמן קנולה רביעיה * 158 ג' פילטונה,תעשיות פילטונה בעמ,,,"י""ח",640,ל גרם,false,1,23.90,3.73,false,1,
7290010066599,false,רביעיית נתחי טונה בשמן זית פילטונה 158X4 גרם,תעשיות פילטונה בעמ,,,"י""ח",640,ל גרם,false,1,27.90,4.36,false,1,
7290010117864,false,דוריטוס חטיף תירס בטעם חריף אש עלית 70 גרם,"שטראוס פריטו ליי בע""\מ )",,,"י""ח",70,ל גרם,false,1,3.90,5.57,true,1,
7290010124107,false,סטייקבורגר זהב 400 גרם הקצביה בלדי,בלדי בעמ,,,"י""ח",400,ל גרם,false,1,18.90,4.73,false,1,
7290010124503,false,שומן כבש מעובד ארוז בלדי 200גר,בלדי בע`מ,,,"י""ח",200,ל גרם,false,1,11.90,5.95,false,1,
7290010129010,false,עוגיות כתר ריבה דולצ`ה ויטה (600 גרם),שיבולים יצור ושיווק מוצרי מאפה,,,"י""ח",600,ל גרם,false,1,19.90,3.32,false,1,
7290010129027,false,עוגיות מרוקאיות דולצ`ה ויטה (600 גרם),שיבולים יצור ושיווק מוצרי מאפה,,,"י""ח",600,ל גרם,false,1,19.90,3.32,false,1,
7290010129348,false,עוגיות שוקולד דולצ`ה ויטה (600 גרם),שיבולים יצור ושיווק מוצרי מאפה,,,"י""ח",600,ל גרם,false,1,19.90,3.32,false,1,
7290010129553,false,עוגיות רולדה תמרים דולצ`ה ויטה (600 גרם),שיבולים יצור ושיווק מוצרי מאפה,,,"י""ח",600,ל גרם,false,1,19.90,3.32,false,1,
7290010129652,false,עוגיות לקפה 350ג מאפים של אדל,שיבולים יצור ושיווק מוצרי מאפה,,,"י""ח",350,ל גרם,false,1,16.90,4.83,false,1,
7290010153510,false,בורגול יבש מיה 500 גר',מיה תעשיות מזון מ.ת.מ. בעמ,,,"י""ח",500,ל גרם,false,1,3.90,0.78,false,1,
7290010153688,false,חומץ רכיבים טבעיים 1 ליטר,מיה תעשיות מזון מ.ת.מ. בעמ,,,"י""ח",1,ליטר,false,1,5.90,5.90,false,1,
7290010153800,false,ציפוי לשניצל עם תיבול עדין מיה (500 גרם),מיה תעשיות מזון מ.ת.מ. בעמ,,,"י""ח",500,ל גרם,false,1,12.90,2.58,false,1,
7290010154012,false,לימון בלאדי תבליני ביטון יוחאי (250 גרם),נטו מלינדה סחר בע`מ,,,"י""ח",250,ל גרם,false,1,15.90,6.36,false,1,
7290010154241,false,סלט חזרת ביתית תבליני ביטון יוחאי (250 ג,נטו מלינדה סחר בע`מ,,,"י""ח",250,ל גרם,false,1,15.90,6.36,false,1,
7290010154425,false,סחוג ירוק תבליני ביטון 130 גרם,תבליני ביטון יוחאי,,,"י""ח",130,ל גרם,false,1,10.90,8.38,false,1,
7290010175857,false,פרוסות לבבות דקל במי מלח טעים 400 גרם,טעמן שיווק מזון בעמ,,,"י""ח",400,ל גרם,false,1,11.90,2.98,true,1,
7290010192120,false,צנונית ארוזה יחידה,ביכורי השדה צפון 1994 ג.ד. בעמ,,,"י""ח",1,,false,1,6.90,6.90,false,1,
7290010195268,false,פופקורן פופסטאר חמישייה מופחת שומן טבעי,דנשר (1963) בעמ,,,"י""ח",500,ל גרם,false,1,13.80,2.76,true,1,
7290010195275,false,פופ סטאר גרעיני תירס להכנת פופקורן במיקרוגל בטעם חמאה מופחת שומן 425 גרם,דנשר (1963) בעמ,,,"י""ח",500,ל גרם,false,1,13.80,2.76,true,1,
7290010196678,false,קוקי ענק שקיות צליה מארז 10יח,ש.שסטוביץ בעמ,,,"י""ח",1,,false,1,19.90,19.90,true,1,
7290010237548,false,"פפסי מקס דל קלוריות 500 מ""ל בקבוק",טמפו משקאות בע`מ,,,"י""ח",500,"ל מ""ל",false,1,4.90,0.92,true,1,
7290010237784,false,בירה שנדי בתוספת משקה לימון ליים - שישייה,"טמפו משקאות בע""\מ",,,"י""ח",1.98,ליטר,false,1,35.90,17.22,true,1,
7290010237890,false,"בירה הייניקן בקבוק 500 מ""ל חוזר",טמפו משקאות בע''מ,,,"י""ח",500,"ל מ""ל",false,1,8.90,1.54,false,1,
7290010259311,false,מי קוקוס 400 גרם]וויליפו,ג.וילי פוד אינטרנשיונל בעמ,,,"י""ח",400,ל גרם,false,1,7.90,1.98,false,1,
7290010259359,false,וילי פוד נודלס אטר.ביצים להקפצה בדץ 200ג,ג.וילי פוד אינטרנשיונל בעמ,,,"י""ח",200,ל גרם,false,1,4.90,2.45,false,1,
7290010259366,false,וילי פוד נודלס אטר.ביצים מסולסל בדץ 200ג,ג. וילי-פוד אינטרנשיונל בע`מ,,,"י""ח",200,ל גרם,false,1,4.90,2.45,false,1,
7290010259991,false,צנימים מיוחדים בטעם טבעי 250 ג',ג. וילי-פוד אינטרנשיונל בע`מ,,,"י""ח",250,ל גרם,false,1,7.90,3.16,true,1,
7290010328239,false,טחינה מתובלת משומשום טבעי אחוה (500 גרם),אחדות ביתחרושת לטחינה חלבה,,,"י""ח",500,ל גרם,false,1,13.90,2.78,false,1,
7290010328246,false,טחינה גולמית משומשום מלא אחווה 500 גרם,אחדות ביתחרושת לטחינה חלבה,,,"י""ח",500,ל גרם,false,1,10.90,2.18,true,1,
7290010328253,false,טחינה גולמית משומשום טבעי אחווה 500 גרם,אחדות ביתחרושת לטחינה חלבה,,,"י""ח",500,ל גרם,false,1,10.90,2.18,true,1,
7290010328451,false,אחווה חלווה עם פולי קקאו 400 גר,אחדות ביתחרושת לטחינה חלבה,,,"י""ח",400,ל גרם,false,1,12.90,3.23,false,1,
7290010328680,false,עוגה בטעם שוקולד עם שוקוצ'יפס מריר ולבן 450 גרם,אחדות ביחר לטחינה חל,,,"י""ח",450,ל גרם,false,1,10.90,2.42,false,1,
7290010429684,false,דבש טהור פרחי בר יד מרדכי 700 גרם מארז זוגי,"שטראוס גרופ בע""מ",,,"י""ח",700,ל גרם,false,1,35.90,5.13,false,1,
7290010471669,false,יוגורט תות עם קורנפלקס מצופה שוקולד ללא גלוטן 3.9%,שטראוס גרופ בעמ/מצונן,,,"י""ח",175,"ל מ""ל",false,1,4.80,2.74,false,1,
7290010472390,false,מארז 8 יחידות מעדן דני בטעם שוקולד 1.5%,שטראוס גרופ בעמ/מצונן,,,"י""ח",1,ליטר,false,1,16.30,16.30,false,1,
7290010513703,false,4079400330129צ`ופסטיקס צפצפה 20 יח,מזרח ומערב יבוא ושיווק,,,"י""ח",20,"י""ח",false,1,7.90,0.40,false,1,
7290010513727,false,פנקו פרורי לחם 200 גרם (קינגדאו),מזרח ומערב יבוא ושיווק,,,"י""ח",200,ל גרם,false,1,9.90,4.95,false,1,
7290010609840,false,"טרופית איקס בודד 200מ""ל",דודו הדיל בעמ,,,"י""ח",1,"י""ח",false,1,0.90,0.90,false,1,
7290010613984,false,טאצ' מטליות לחות לרצפה בניחוח ורד פראי,סאסאטק אגשח בעמ,,,"י""ח",10,"י""ח",false,1,11.90,1.19,true,1,
7290010632343,false,מברשת לבקבוק ופיטמה,אינטרסן (1996) בעמ,,,"י""ח",1,,false,1,23.90,23.90,true,1,
7290010632787,false,צימרוני אוזניים מעץ אינטרסן) (300,הדקלאים אגודת שיתופי,,,"י""ח",300,"י""ח",false,1,4.50,0.02,false,1,
7290010632824,false,סט 6יח'ספוג מתכת+ידיתUNISUN,אינטרסן (1996) בעמ,,,"י""ח",1,,false,1,12.50,12.50,false,1,
7290010650019,false,אנדיב בלגי אמיתי חוות תקוע,חוות פטריות תקוע בעמ*קונסיגנצי,,,"י""ח",1,,false,1,13.90,13.90,false,1,
7290010650033,false,בצלצלי שלוט מגשית 350 גר,ביכורי השדה צפון 1994 ג.ד. בעמ,,,"י""ח",350,ל גרם,false,1,10.90,3.11,false,1,
7290010650828,false,פטריות שימג'י חוות תקוע 150 גרם,ביכורי השדה צפון 1994 ג.ד. בעמ,,,"י""ח",150,ל גרם,false,1,11.90,7.93,true,1,
7290010650996,false,"פטריות שי מג'י חומות, 150 גרם חוות תקוע",ביכורי השדה צפון 1994 ג.ד. בעמ,,,"י""ח",1,"י""ח",false,1,13.90,13.90,true,1,
7290010760893,false,"בורקס תפו""א כשל""פ 600 גרם",מאפיית אריאל בעמ,,,"י""ח",600,ל גרם,false,1,22.90,3.82,false,1,
7290010766949,false,ממרח תחתיות ארטישוק 180ג' אוליביה,תה ויסוצקי (ישראל)בעמ,,,"י""ח",1,,false,1,14.90,14.90,true,1,
7290010791545,false,מזון חתולים לה קט דליקטס פטה כבד 85 גרם,דיפלומט מפיצים (1968) בעמ**,,,"י""ח",85,ל גרם,false,1,6.90,8.12,false,1,
7290010791583,false,לה-קט דליקטס דגי אוקינוס וטונה 85 גר',דיפלומט מפיצים (1968) בעמ**,,,"י""ח",85,ל גרם,false,1,6.90,8.12,false,1,
7290010814244,false,שלשות שוקולד מריר 85 גרם*3 בלמינט *18 בקרטון,כרמית תעשיות ממתקים בעמ,,,"י""ח",255,ל גרם,false,1,11.90,4.67,true,1,
7290010814251,false,שלשות שוקולד חלב 85 גר*3 בלמינט*18 בקרט בדצ,כרמית תעשיות ממתקים בעמ,,,"י""ח",300,ל גרם,false,1,11.90,3.97,true,1,
7290010814695,false,שוקולד מריר פרווה ללא תוספת סוכר כרמית 85 גרם,"כרמית תעשיות ממתקים בע""\",,,"י""ח",85,ל גרם,false,1,6.90,8.12,true,1,
7290010838219,false,ממתיק על בסיס צמח הסטיביה - שקיות,"קיפל טבליות וממתיקים בע""מ",,,"י""ח",100,"י""ח",false,1,25.90,0.26,false,1,
7290010838424,false,ג'ל לניקוי מתקדם בניחוח רענן - מארז זוג,"איטיליאן פוד, אס.פי.",,,"י""ח",1.50,ליטר,false,1,16.90,11.27,false,1,
7290010838431,false,ג'ל לניקוי מתקדם בניחוח ים - מארז זוג,מיוצר עי קונדיטוריית,,,"י""ח",1.50,ליטר,false,1,16.90,11.27,false,1,
7290010849505,false,די לואיג`י רוסו דולצ`ה 750 מל למברוסקו,הכרם - משקאות חריפים בעמ,,,"י""ח",750,"ל מ""ל",false,1,25.90,3.41,false,1,
7290010883356,false,כפפות אלוורה רב שימושיות גדולות L סנו סושי,החברה הדרומית לשיווק בעמ,,,"י""ח",1,,false,1,10.90,10.90,false,1,
7290010886210,false,סט 4 זיקוק עבה צבעוני 18 ס`מ,שמחה זה אנחנו בע`מ,,,"י""ח",1,,false,1,15.50,15.50,false,1,
7290010931330,false,סלט מטבוחה אחלה 500 גרם,שטראוס גרופ בעמ/מצונן,,,"י""ח",500,ל גרם,false,1,14.90,2.98,true,1,
7290010945146,false,קוטג' 3% מועשר בסידן טרה 250 ג' מהדרין,*החברה המרכזית להפצת משקאותבעמ,,,"י""ח",250,ל גרם,false,1,6,2.40,false,1,
7290010945306,false,חלב טרה קרטון 2 ליטר מהדרין*%*3,החברה המרכזית טלהפצת משקאות בע,,,"י""ח",2,ליטר,false,1,12.46,6.23,false,1,
7290010945450,false,גבינה לבנה 3% 250 גר מועשר בסידן וויטמין,*החברה המרכזית להפצת משקאותבעמ,,,"י""ח",250,ל גרם,false,1,4.98,1.99,false,1,
7290010945481,false,גבינה לבנה טרה 5% מרכיבים טבעיים,החברה המרכזית טלהפצת משקאות בע,,,"י""ח",500,ל גרם,false,1,9.96,1.99,false,1,
7290011015862,false,סירופ דיאט 750 מל בטעם לימונענע פריגת,החברה המרכזית להפצת משקאות בעמ,,,"י""ח",750,"ל מ""ל",false,1,23.60,3.15,false,1,
7290011017866,false,פחית קולה סליק קוקה-קולה (330 מל),החברה המרכזית להפצת משקאות בעמ,,,"י""ח",330,"ל מ""ל",false,1,4.60,1.30,true,1,
7290011017873,false,פחית זירו סליק קוקה-קולה (330 מל),החברה המרכזית להפצת משקאות בעמ,,,"י""ח",330,"ל מ""ל",false,1,4.60,1.30,true,1,
7290011017880,false,פחית דיאט קולה סליק קוקה-קולה (330 מל),החברה המרכזית להפצת משקאות בעמ,,,"י""ח",330,"ל מ""ל",false,1,4.60,1.30,true,1,
7290011018184,false,תה קר בטעם אפרסק פיוז-טי (500 מל),החברה המרכזית להפצת משקאות בעמ,,,"י""ח",500,"ל מ""ל",false,1,6.20,1.18,true,1,
7290011081492,false,גלידה בטעם שלושה שוקולדים 1.33ל' קרמיסימו,"גלידת שטראוס בע""\מ, רחוב",,,"י""ח",1.33,ליטר,false,1,18.90,14.21,false,1,
7290011081690,false,קרמיסימו פרווה שוקו ציפ+וניל ציפ 1.33ל,"גלידת שטראוס בע""\מ, רחוב",,,"י""ח",1.33,ליטר,false,1,18.90,14.21,false,1,
7290011115241,false,אל סבון ארומטי מוצק ורוד ורד ויסמין - מארז רביעיה,החברה הדרומית לשיווק בעמ,,,"י""ח",400,ל גרם,false,1,10.90,2.73,false,1,
7290011115289,false,אל סבון מוצק מבושם בניחוח עדין קלאסיק - מארז רביעיה,החברה הדרומית לשיווק בעמ,,,"י""ח",400,ל גרם,false,1,10.90,2.73,false,1,
7290011115401,false,אל סבון ארומטי מוצק צהוב קמומיל - רביעייה,החברה הדרומית לשיווק בעמ,,,"י""ח",400,ל גרם,false,1,10.90,2.73,false,1,
7290011126209,false,הגן הקסום תה טעם תפוח וקינמון סיידר ויסוצקי 25 יח',תה ויסוצקי (ישראל)בעמ,,,"י""ח",55,ל גרם,false,1,17.90,32.55,true,1,
7290011126452,false,הגן הקסום תה בטעם קמומיל ונענע ויסוצקי 25 יחידות,תה ויסוצקי (ישראל) בעמ,,,"י""ח",37.50,ל גרם,false,1,17.90,47.73,true,1,
7290011126469,false,חליטת צמחים וקמומיל הגן הקסום ויסוצקי 25 יחידות,תה ויסוצקי (ישראל) בעמ,,,"י""ח",37.50,ל גרם,false,1,17.90,47.73,true,1,
7290011132507,false,סן בנדטו- מים מנרליים - מוגז עדין 500 מל,אקווה מינרלה סאן בנדטו ב,,,"י""ח",500,"ל מ""ל",false,1,3.10,0.56,false,1,
7290011133368,false,בירה שנדי בתוספת משקה תפוח - שישייה,"טמפו משקאות בע""מ",,,"י""ח",1.98,ליטר,false,1,35.90,17.22,true,1,
7290011133375,false,בירה שנדי בתוספת משקה אפרסק - שישייה,"טמפו משקאות בע""מ",,,"י""ח",330,"ל מ""ל",false,1,35.90,10.33,true,1,
7290011142001,false,לחם שיפון בורודינסקי,מאפיית דואט בעמ,,,"י""ח",550,ל גרם,false,1,11.90,2.16,false,1,
7290011142032,false,לחם שיפון בורודינסקי,מאפיית דואט בעמ,,,"י""ח",630,ל גרם,false,1,12.90,2.05,false,1,
7290011142049,false,לחם ביתי עם סובין לל,מאפיית דואט בעמ,,,"י""ח",630,ל גרם,false,1,11.90,1.89,false,1,
7290011142148,false,שישיית לחמניות אצבע מאפיית דואט,מאפיית דואט בעמ,,,"י""ח",700,ל גרם,false,1,12.90,1.84,false,1,
7290011142193,false,לחמניות קלועות מתוקות עם צימוקים 400 גרם,מאפיית דואט בעמ,,,"י""ח",700,ל גרם,false,1,12.90,1.84,false,1,
7290011142315,false,לחם מרוקאי מסורתי(פרנה),מאפיית דואט בעמ,,,"י""ח",700,ל גרם,false,1,14.50,2.07,false,1,
7290011142322,false,10 פיתות במארז( דואט),מאפיית דואט בעמ,,,"י""ח",700,ל גרם,false,1,13.90,1.99,false,1,
7290011142407,false,"לחם שבע דגנים 1100 ג""ר",מאפיית דואט בעמ,,,"י""ח",1.10,"ק""ג",false,1,18.90,17.18,false,1,
7290011142445,false,לחם כוסמין בריוש 600,אלון חברה ליצור שיוו,,,"י""ח",1,"ק""ג",false,1,17.90,17.90,false,1,
7290011142650,false,לחם שיפון (900100% גר`),מאפיית דואט בעמ,,,"י""ח",900,ל גרם,false,1,17.90,1.99,false,1,
7290011142827,false,מארז פיתות כוסמין,מאפיית דואט בעמ`,,,"י""ח",700,ל גרם,false,1,16.90,2.41,false,1,
7290011142834,false,פיתות קלה 10 יח מארז 500 גר,מאפיית דואט בעמ`,,,"י""ח",700,ל גרם,false,1,15.90,2.27,false,1,
7290011154035,false,"תרכיז תפוחים סחוט 500 מ""ל טעמי הגליל",ליימן שליסל בעמ,,,"י""ח",500,"ל מ""ל",false,1,20.50,4.10,true,1,
7290011154899,false,"תרכיז תפוזים וענבים טבעי טעמי הגליל 500 מ""ל",ליימן שליסל בעמ,,,"י""ח",500,"ל מ""ל",false,1,27.90,5.58,true,1,
7290011174040,false,גזר ננסי 800 ג' פרי הגליל,ויטה- פרי גליל (החדשה) בעמ,,,"י""ח",800,ל גרם,false,1,10.90,1.36,false,1,
7290011174224,false,"צ יפס קפוא 1.5 ק""ג פרי גליל בד""ץ",ויטה- פרי גליל (החדשה) בעמ,,,"י""ח",1.50,"ק""ג",false,1,21.90,14.60,false,1,
7290011174323,false,"צ'יפס אמריקאי 1.5 ק""ג פרי הגליל",ויטה פרי גליל (החדשה) בע`מ,,,"י""ח",1.50,"ק""ג",false,1,21.90,14.60,true,1,
7290011174422,false,"סטייק צ יפס 1.5 ל בד""ץ",ויטה- פרי גליל (החדשה) בעמ,,,"י""ח",1,,false,1,21.90,21.90,false,1,
7290011194215,false,מעדן גבינה ויוגורט בטעם בננה 5% שומן 88 ג' דניאלה,שטראוס גרופ בעמ/מצונן,,,"י""ח",150,"ל מ""ל",false,1,4.30,2.87,false,1,
7290011194246,false,קוטג 5% 250 גרם עם סידן שטראוס,שטראוס גרופ בעמ/מצונן,,,"י""ח",250,ל גרם,false,1,5.90,2.36,false,1,
7290011223243,false,"טואלט דאק ג'ל לאסלה בניחוח לבנדר 55 מ""ל","איטיליאן פוד, אס.פי.",,,"י""ח",55,"ל מ""ל",false,1,12.90,23.45,false,1,
7290011254032,false,קינואה מיה (500 גרם),מיה תעשיות מזון מ.ת.מ. בעמ,,,"י""ח",500,ל גרם,false,1,9.90,1.98,true,1,
7290011254612,false,"לקט תערובת לקדירה 600 גרם ""מיה"" קדירה לקט בריאות",מיה תעשיות מזון מ.ת.מ. בעמ,,,"י""ח",600,ל גרם,false,1,12.90,2.15,false,1,
7290011254728,false,ג'לטין טהור בקרטוני מיה 25 גרם,מיה תעשיות מזון מ.ת.מ. בעמ,,,"י""ח",25,ל גרם,false,1,9.90,39.60,false,1,
7290011254766,false,"שעועית לוביה יבשה מיה 400 גר'בד""צ",מיה תעשיות מזון מ.ת.מ. בעמ,,,"י""ח",400,ל גרם,false,1,6.90,1.73,false,1,
7290011276485,false,חסה עגולה רמי לוי,ביכורי השדה צפון 1994 ג.ד. בעמ,,,"י""ח",1,,false,1,6.90,6.90,false,1,
7290011378769,false,חטיף חלווה וניל בארכה 126 גרם מארז 7 יחידות,קבוצת אוסם סחר שותפות מוגבלת,,,"י""ח",6,"י""ח",false,1,11.90,1.98,false,1,
7290011379018,false,מארז משפחתי שמפיניון 500 ג' מרינה,ביכורי השדה צפון 1994 ג.ד. בעמ,,,"י""ח",1,,false,1,18.90,18.90,false,1,
7290011438142,false,"משקה יטבתה אייס קפה בבקבוק אישי 350 מ""ל",שטראוס גרופ בעמ/מצונן,,,"י""ח",350,"ל מ""ל",false,1,6.50,1.86,false,1,
7290011447267,false,מטרנה פרימיום חלבי שלב 1 700 גרם חיסכון,קבוצת אוסם סחר-שות.מוגבלת,,,"י""ח",700,ל גרם,false,1,49.90,7.13,false,1,
7290011447281,false,מטרנה פרימיום חלבי שלב 2 700 גרם חיסכון,קבוצת אוסם סחר שותפות מוגבלת,,,"י""ח",700,ל גרם,false,1,49.90,7.13,false,1,
7290011447304,false,מטרנה פרימיום חלבי שלב 3 700 גרם חיסכון,קבוצת אוסם סחר שותפות מוגבלת,,,"י""ח",700,ל גרם,false,1,49.90,7.13,false,1,
7290011447359,false,תחליף חלב מטרנה מהדרין שלב 1 חלבי 700 גרם,קבוצת אוסם סחר שותפות מוגבלת,,,"י""ח",700,ל גרם,false,1,49.90,7.13,false,1,
7290011461058,false,גומא - מקלות ריחניים,מוסקו בעמ,,,"י""ח",1,,false,1,19.90,19.90,false,1,
7290011480516,false,שמיר טרי מהדרין ארוז,ביכורי השדה צפון 1994 ג.ד. בעמ,,,"י""ח",1,,false,1,5.90,5.90,true,1,
7290011480547,false,בצל ירוק יבולי הכפר הר' אפרתי,ביכורי השדה צפון 1994 ג.ד. בעמ,,,"י""ח",1,,false,1,5.90,5.90,true,1,
7290011488062,false,בצלצלי שאלוט תיבולי הכפר,ביכורי השדה צפון 1994 ג.ד. בעמ,,,"י""ח",350,ל גרם,false,1,13.90,3.97,false,1,
7290011499105,false,בולגרית מסורתית 5% 250 גרם -רבנות,מחלבות גד שיווק 1992 בעמ,,,"י""ח",250,ל גרם,false,1,23.30,9.32,true,1,
7290011499112,false,בולגרית מסורתית 16% 250 גרם - רבנות,מחלבות גד שיווק 1992 בעמ,,,"י""ח",250,"ס""מ",false,1,23.70,9.48,true,1,
7290011499129,false,גבינה בולגרית מעודנת קוביות קטנות 5% גד 200 גרם,מחלבות גד שיווק 1992 בעמ,,,"י""ח",200,ל גרם,false,1,23.40,11.70,true,1,
7290011499303,false,פטה עיזים מעודנת 5% בגביע 250 גרם - רבנות,מחלבות גד שיווק 1992 בעמ,,,"י""ח",250,ל גרם,false,1,29.90,11.96,true,1,
7290011499365,false,גבינת חלומי 24% מחלב בקר גד (200 גרם),מחלבות גד שיווק 1992 בעמ,,,"י""ח",200,ל גרם,false,1,21.60,10.80,true,1,
7290011499624,false,שמנת 30% ניו יורק טבעי 200 גרם רבנות,מחלבות גד שיווק 1992 בעמ,,,"י""ח",200,ל גרם,false,1,13.90,6.95,true,1,
7290011501617,false,חמוציות ברכז תפוחים ללא סוכר 250 גרם,דין שיווק וקליה 2021 בעמ,,,"י""ח",250,ל גרם,false,1,15.90,6.36,false,1,
7290011505608,false,"בקבוק נובי טבעי מצויר 180מ""ל שלב 1",אינטרסן (1996) בעמ,,,"י""ח",1,,false,1,24.90,24.90,false,1,
7290011505806,false,קיסמי שיניים דנטאליים מפלסטיק 200 יחידות בחבית,אינטרסן (1996) בעמ,,,"י""ח",200,"י""ח",false,1,8.90,0.04,false,1,
7290011515683,false,מאגדת טילון אקסטרים וניל נסטלה 6 יחידות,נגה גלידות שותפות מוגבלת,,,"י""ח",1,,false,1,34.90,34.90,false,1,
7290011518561,false,"אקטימל תות 1.51 ק""ג מארז 14 יחידות",שטראוס גרופ בעמ/מצונן,,,"י""ח",1.40,ליטר,false,1,32.60,23.29,false,1,
7290011524548,false,גרגרי חומוס מוקפאים 800 גר`פרי גליל,ויטה -פרי גליל (החדשה) בעמ,,,"י""ח",1,,false,1,11.90,11.90,false,1,
7290011525323,false,אל סבון טיפולי לתינוק קמיל בלו סנסטיב שיבולת שועל,פישר תעשיות פרמבצטיות בעמ,,,"י""ח",1,,false,1,23,23,false,1,
7290011575250,false,מברשת הפי מבריק וצובע נעליים שחור יעקבי,"יעקב יעקבי ובניו בע""מ",,,"י""ח",1,,false,1,11,11,false,1,
7290011575809,false,"הגרטי תרסיס לניקוי כלי כסף יעקבי 200 מ""ל",יעקב יעקבי ובניו בעמ,,,"י""ח",1,"י""ח",false,1,29.90,29.90,false,1,
7290011593087,false,"שמן זית כתית מעולה 750 מ""ל סבא חביב",בני פאוזי שמשום (2009) בעמ,,,"י""ח",750,"ל מ""ל",false,1,29.90,3.99,true,1,
7290011593117,false,זית סורי ירוק מבוקע 800 ג' סבא חביב,בני פאוזי שמשום (2009) בעמ,,,"י""ח",800,ל גרם,false,1,24.90,3.11,false,1,
7290011598211,false,"סנו - אנטי קאלק מרסס ניקוי כללי 4 ב-1 700 מ""ל",החברה הדרומית לשיווק בעמ,,,"י""ח",700,"ל מ""ל",false,1,19.90,2.84,false,1,
7290011598402,false,מקסימה מרכך כביסה ארומתרפי מאסק סנו 4 ליטר,החברה הדרומית לשיווק בעמ,,,"י""ח",4,ליטר,false,1,21.90,5.48,false,1,
7290011607180,false,"אבקת כביסה קולון 101 1.25 ק""ג",רקיט בנקיזר (ניר איסט) בעמ,,,"י""ח",1.25,"ק""ג",false,1,14.90,11.92,false,1,
7290011607197,false,"קולון 101 אבקת כביסה 5 ק""ג",רקיט בנקיזר (ניר איסט) בעמ,,,"י""ח",5,"ק""ג",false,1,39.90,7.98,false,1,
7290011622428,false,כתמטמינים-חטיף בריאות לתינוקות וילדים 45 ג',גורי מוצרי צריכה (1991) בעמ,,,"י""ח",45,ל גרם,false,1,6.70,14.89,false,1,
7290011622664,false,כתמטמינים - חטיף אצבעות טחינה אורז ותירס 45 גרם,גורי מוצרי צריכה בעמ,,,"י""ח",45,ל גרם,false,1,5.90,13.11,false,1,
7290011765422,false,אל סבון מועשר בלחות ותמצית קמומיל - בוב ספוג,החברה הדרומית לשיווק בעמ,,,"י""ח",750,"ל מ""ל",false,1,14.90,1.99,false,1,
7290011765446,false,משחת שיניים לילדים בוב ספוג בטעם מיץ ענבים עם פלואוריד למניעת עששת,טרופיקל דגיל תעשיות קוסמ,,,"י""ח",70,ל גרם,false,1,8.90,12.71,false,1,
7290011870249,false,סוללות *AAA12 פוגיקום,פוגיקום בעמ,,,"י""ח",1,,false,1,19.90,19.90,true,1,
7290011877156,false,"מבשם אוויר, בגדים וארונות פרש בניחוח מאסק",החברה הדרומית לשיווק בעמ,,,"י""ח",375,"ל מ""ל",false,1,10.90,2.91,false,1,
7290011877446,false,קרם נגד גירויים לתינוק עם הנוסחה המשולשת SBC,החברה הדרומית לשיווק בעמ,,,"י""ח",100,ל גרם,false,1,14.90,14.90,false,1,
7290011877859,false,סנו אינסטלטור חדש פותח סתימות 200ג',החברה הדרומית לשיווק בעמ,,,"י""ח",200,"ל מ""ל",false,1,15.90,7.95,false,1,
7290011877866,false,"מקסימה אבקת כביסה בניחוח מאסק סנו 6 ק""ג",החברה הדרומית לשיווק בעמ,,,"י""ח",6,"ק""ג",false,1,49.90,8.32,true,1,
7290011931193,false,סוכרלייט ממתיק אבקה סוכרזית 100 גרם,"שטראוס גרופ בע""מ",,,"י""ח",105,ל גרם,false,1,30.30,28.86,false,1,
7290011947521,false,"שמן זית כתית מעולה 750 מ""ל טעם מודגש זיתא",תה ויסוצקי (ישראל) בעמ,,,"י""ח",750,"ל מ""ל",false,1,37.90,5.05,true,1,
7290011964344,false,שום גבישי בקופ' 120 גר' טעם וריח,"תבליני טעם וריח בע""מ",,,"י""ח",1,,false,1,9.90,9.90,true,1,
7290011964658,false,מלח לימון בקופ' 170 גר' טעם וריח,"תבליני טעם וריח בע""מ",,,"י""ח",1,,false,1,9.90,9.90,true,1,
7290011964689,false,על האש לא מונוסודיום 100 גרם 100 גרם מיכל גדול,"תבליני טעם וריח בע""מ",,,"י""ח",1,,false,1,9.90,9.90,true,1,
7290011964702,false,שווארמה ללא מונסודיום 100 גרם מיכל גדול,"תבליני טעם וריח בע""מ",,,"י""ח",1,,false,1,9.90,9.90,true,1,
7290011977627,false,סרדינים בשמן צמחי טעים 125 גרם,טעמן שווק מזון בעמ,,,"י""ח",125,ל גרם,false,1,4.90,3.92,true,1,
7290011977634,false,סרדינים בשמן קנולה עם פלפל חריף טעים 125 גרם,טעמן שווק מזון בעמ,,,"י""ח",125,ל גרם,false,1,4.90,3.92,true,1,
7290012022203,false,פריכיות חיטה מלאה 60 גרם,דילייט 2005 בע`מ,,,"י""ח",140,ל גרם,false,1,13.50,9.64,false,1,
7290012022227,false,פריכיות חיטה טבעי 60 גרם,דילייט 2005 בע`מ,,,"י""ח",140,ל גרם,false,1,11.90,8.50,false,1,
7290012025822,false,שמיר סלק אסלי 400 גרם,"סלטי שמיר 2006 בע""מ",,,"י""ח",400,ל גרם,false,1,9.90,2.48,true,1,
7290012025839,false,מטבוחה אסלי שמיר 400 גרם,"סלטי שמיר 2006 בע""מ",,,"י""ח",400,ל גרם,false,1,10.90,2.73,true,1,
7290012052170,false,גרנולה עם אגוזים ופירות יבשים במתיקות מעודנת,כרמית תעשיות ממתקים בעמ,,,"י""ח",350,ל גרם,false,1,16.90,4.83,false,1,
7290012116025,false,שמפו פיית הפרפרים לסירוק קל מכיל רוזמרין,החברה הדרומית לשיווק בעמ,,,"י""ח",800,ל גרם,false,1,14.90,1.86,false,1,
7290012116063,false,כיף אלסבון פיות מועשר בתמציות קמומיל 750,טרופיקל דגיל תעשיות,,,"י""ח",800,ל גרם,false,1,11.90,1.49,false,1,
7290012116360,false,פוליויקס נוזל לניקוי רצפות גרניט פורצלן סנו 2 ליטר,החברה הדרומית לשיווק בעמ,,,"י""ח",2,ליטר,false,1,24.90,12.45,true,1,
7290012116537,false,"מקסימה אבקת כביסה בניחוח מאסק סנו 2.5 ק""ג",החברה הדרומית לשיווק בעמ,,,"י""ח",2.50,"ק""ג",false,1,26.90,10.76,false,1,
7290012116551,false,אנטי קאלק נוזל לניקוי כללי סנו 2 ליטר,החברה הדרומית לשיווק בעמ,,,"י""ח",2,ליטר,false,1,20.90,10.45,false,1,
7290012116612,false,אורביטול מברשת שיניים סופט 4 יח`,החברה הדרומית לשיווק בעמ,,,"י""ח",1,,false,1,14.90,14.90,false,1,
7290012117091,false,"אבקת כביסה סנסיטיב סנו מקסימה 6 ק""ג",החברה הדרומית לשיווק בעמ,,,"י""ח",6,קוב,false,1,49.90,8.32,true,1,
7290012117275,false,"קליר שקית מילוי לניקוי חלונות סנו 750 מ""ל",החברה הדרומית לשיווק בעמ,,,"י""ח",750,"ל מ""ל",false,1,8.90,1.19,false,1,
7290012117428,false,"ג'ל רחצה ושמפו מעיינות מנטה קרמה מן 700 מ""ל",החברה הדרומית לשיווק בעמ,,,"י""ח",700,"ל מ""ל",false,1,19.90,2.84,false,1,
7290012117435,false,"קרמה - שמפו וג'ל רחצה 2 ב-1 אלוורה 700 מ""ל",החברה הדרומית לשיווק בעמ,,,"י""ח",700,"ל מ""ל",false,1,19.90,2.84,false,1,
7290012117558,false,מקסימה מרכך כביסה מרוכז ורוד בניחוח מאסק סנו 1 ליטר,החברה הדרומית לשיווק בעמ,,,"י""ח",1,ליטר,false,1,19.90,19.90,false,1,
7290012117572,false,כפפות סנו סושי לטקס M אריזת 100יח',החב. הדרומית לשיווק,,,"י""ח",1,,false,1,44.90,44.90,false,1,
7290012117916,false,אינסטלטור נוזל לפתיחת סתימות סנו 1 ליטר,החברה הדרומית לשיווק בעמ,,,"י""ח",1,ליטר,false,1,29.90,29.90,false,1,
7290012139482,false,בג עצם לחוצה מעושנת בציפוי עוף 3 מקט ח,דיפלומט מפיצים (1968) בעמ**,,,"י""ח",3,"ק""ג",false,1,18.50,6.17,false,1,
7290012193125,false,ממתיק על בסיס סוכרלוז - טבליות,"קיפל טבליות וממתיקים בע""מ",,,"י""ח",150,ל גרם,false,1,34.90,23.27,false,1,
7290012226021,false,נקניק סלמי מעושן פראג זוגלובק (400 גרם),נקניק נהריה כשר זוגל,,,"י""ח",400,ל גרם,false,1,20.90,5.23,true,1,
7290012226120,false,קבנוס זוגלובק (45x3 גרם),נקניק נהריה כשר זוגל,,,"י""ח",135,ל גרם,false,1,11,8.15,true,1,
7290012226922,false,קבנוס בטעם שום זוגלובק (45x3 גרם),נקניק נהריה כשר זוגל,,,"י""ח",135,ל גרם,false,1,11,8.15,true,1,
7290012226991,false,"נקניקיות עוף באריזת ג''מבו 1.5 ק""ג זוגלובק",נקניק נהריה כשר זוגל,,,"י""ח",1.50,"י""ח",false,1,29.90,19.93,true,1,
7290012227172,false,חרמן הודו בדבש וברביקיו זוג במארז 600 ג' זוגלובק,נקניק נהריה כשר זוגל,,,"י""ח",600,ל גרם,false,1,31.90,5.32,true,1,
7290012227325,false,סלמי דק דק מעושן איטלקי 120 ג' זוגלובק,זוגלובק שיווק בעמ,,,"י""ח",120,ל גרם,false,1,13.90,11.58,true,1,
7290012227615,false,נקניקיות עוף זוגלובק 800 ג' מחפוד,זוגלובק שיווק בעמ,,,"י""ח",800,ל גרם,false,1,24.90,3.11,true,1,
7290012227912,false,קבנוס מעודן זוגלובק 135 גרם,נקניק זוגלובק נהריה,,,"י""ח",135,ל גרם,false,1,10.90,8.07,true,1,
7290012227974,false,פסטרמה הודו בדבש טהור דק דק דק,זוגלובק שיווק בעמ,,,"י""ח",120,ל גרם,false,1,13.90,11.58,true,1,
7290012227981,false,פסטרמה דק דק ברביקיו 120 ג' זוגלובק,זוגלובק שיווק בעמ,,,"י""ח",120,ל גרם,false,1,13.90,11.58,true,1,
7290012227998,false,פסטרמה דק דק חזה בקר 120 ג' זוגלובק,זוגלובק שיווק בעמ,,,"י""ח",120,ל גרם,false,1,13.90,11.58,true,1,
7290012228278,false,נקניקיות בוקוורסט הודו ובקר סדרת ריינהולדס 310 גרם,זוגלובק שיווק בעמ,,,"י""ח",310,ל גרם,false,1,19.90,6.42,false,1,
7290012228766,false,קבנוס מחפוד זוגלובק 120 גרם,זוגלובק שיווק בעמ,,,"י""ח",120,ל גרם,false,1,10.90,9.08,false,1,
7290012245183,false,צ'יפס קריספי קלאסי 700 גרם,קפוא זן תעשיות מזון בעמ,,,"י""ח",700,ל גרם,false,1,14.90,2.13,false,1,
7290012245312,false,"גולד ציפס אמריקאי 1.5 ק""ג קפוא זן",קפוא-זן תעשיות מזון בעמ - תפוג,,,"י""ח",1.50,"ק""ג",false,1,21.90,14.60,true,1,
7290012295973,false,עלי רוקולה פרמיום 100ג שמיטה,ביכורי השדה צפון 1994 ג.ד. בעמ,,,"י""ח",1,,false,1,9.90,9.90,false,1,
7290012309311,false,ערמונים קלופים שלמים 100 גר`,דין שיווק וקליה 2021 בעמ,,,"י""ח",1,,false,1,5.90,5.90,false,1,
7290012309939,false,חלווה מסולסלת בקופסא ששון הקולה 500 גרם,דין שיווק וקליה 2021 בעמ,,,"י""ח",1,,false,1,17.90,17.90,false,1,
7290012313073,false,מיקס זיתים מגולענים מרינד קבוצת יבנה 340 גרם,"קבוצת יבנה מוצרי מזון בע""מ",,,"י""ח",1,,false,1,11.90,11.90,true,1,
7290012313264,false,כרוב כבוש קבוצת יבנה,קבוצת יבנה מוצרי מזון בעמ,,,"י""ח",1,,false,1,7.90,7.90,false,1,
7290012404955,false,נקטר חמוציות ספרינג קולקשן (1.25 ליטר),יפאורה - שותפות מוגבלת לשיווק,,,"י""ח",1.25,ליטר,false,1,13.50,10.56,true,1,
7290012483608,false,"אורז בסגנון בסמטי מובחר 5ק""ג DAWAT",ג.וילי-פוד אינטרנשיונל בעמ,,,"י""ח",5,"ק""ג",false,1,49.90,9.98,false,1,
7290012576607,false,"יין קברנה סוביניון פרמייר מלבק אדום ברקן 750 מ""ל","ברקן שיווק והפצה בע""",,,"י""ח",750,"ל מ""ל",false,1,27.90,3.68,true,1,
7290012588242,false,"מים מינרלים מיי וואטר כדורגל מארז 500X6מ""ל",נרה קריטיס אס איי באריפט,,,"י""ח",1.98,ליטר,false,1,12.90,5.61,true,1,
7290012645020,false,"יוגורט עיזים טבעי בבקבוק חלב הארץ 500 מ""ל",שטראוס גרופ בעמ/מצונן,,,"י""ח",500,"ל מ""ל",false,1,12.90,2.58,false,1,
7290012645112,false,יוגורט עיזים 2.8% בדלי חלב הארץ 750 גרם,שטראוס גרופ בעמ/מצונן,,,"י""ח",750,"ל מ""ל",false,1,19.90,2.65,true,1,
7290012645129,false,יוגורט כבשים 5% בדלי חלב הארץ 750 גרם,שטראוס גרופ בעמ/מצונן,,,"י""ח",750,"ל מ""ל",false,1,21.50,2.87,true,1,
7290012803055,false,סוכרלוז מרמולייט- 100שקיות אישיות,"קיפל טבליות וממתיקים בע""מ",,,"י""ח",100,ל גרם,false,1,19.80,19.80,false,1,
7290012803215,false,טוסו וופל בלגי ללתס בטעם שוקולד 200 גר`,בטר אנד דיפרנט,,,"י""ח",200,ל גרם,false,1,10.50,5.25,false,1,
7290012803222,false,טוסו ופל בסגנון בלגי בטעם לימון ללא תוספת סוכר 200 גרם,בטר אנד דיפרנט,,,"י""ח",200,ל גרם,false,1,10.50,5.25,false,1,
7290012803789,false,טוסו שוקולד מריר עם אגוזים ללא תוספת סוכר 100 גרם,האי נאם סי או אל.טי.,,,"י""ח",100,ל גרם,false,1,11.90,11.90,false,1,
7290012823381,false,מקסימה מרכך כביסה מרוכז סנסטיב בייבי סנו 1 ליטר,החברה הדרומית לשיווק בעמ,,,"י""ח",1,ליטר,false,1,19.90,19.90,false,1,
7290012823398,false,מטליות חד פעמיות לניקוי הרצפה בניחוח מרכך כביסה 10יח' סנו,החברה הדרומית לשיווק בעמ,,,"י""ח",1,,false,1,12.90,12.90,false,1,
7290012823558,false,"מטליות לחות לרצפה 40*70 ס""מ סנו סושי 10 יחידות",החברה הדרומית לשיווק בעמ,,,"י""ח",1,,false,1,12.90,12.90,false,1,
7290012823602,false,נייר טואלט סופט סילק לבן 32 גלילים סנו,החברה הדרומית לשיווק בעמ,,,"י""ח",32,"י""ח",false,1,35.90,1.12,false,1,
7290012823947,false,"סנו - מרכך כביסה מרוכז פרפיום קריסטל נואר 750 מ""ל",החברה הדרומית לשיווק בעמ,,,"י""ח",750,"ל מ""ל",false,1,19.90,2.65,false,1,
7290012838026,false,עוגיות מלוחות עבודת יד 350גר,הלל בן הלל שיווק ומסחר בעמ,,,"י""ח",350,ל גרם,false,1,15.90,4.54,false,1,
7290012850011,false,מחית תפוחי עץ שלב 3 בילובד (190 גרם),שקד תבל בע`מ,,,"י""ח",190,"ל מ""ל",false,1,5.90,3.11,true,1,
7290012850073,false,מחית בוליווד סלט פירות 190 גרם,שקד תבל בע`מ,,,"י""ח",190,"ל מ""ל",false,1,5.90,3.11,true,1,
7290012884986,false,צ`יפס לתנור עד 4% שומן תפוגן (1.5 קג),קבוצת אוסם סחר שותפות מוגבלת,,,"י""ח",1.50,"ק""ג",false,1,26.90,17.93,false,1,
7290012901355,false,דודלס ארוחת אטריות עם גבינה 206 גרם,האי נאם סי או אל.טי.,,,"י""ח",206,ל גרם,false,1,11.90,5.78,false,1,
7290012921032,false,"בקבוק בירה מלכה אדמונית 330 מ""ל",הכרם - משקאות חריפים בעמ,,,"י""ח",660,"ל מ""ל",false,1,15.20,2.26,true,1,
7290012936890,false,תבלינים קצח בצנצנות זכוכית 50 גרם,א.ל. ייצור ושיווק תבלינים בע`מ,,,"י""ח",50,ל גרם,false,1,12.90,25.80,false,1,
7290012936944,false,אגוז מוסקט טחון תבליני מימון (40 גרם),א.ל. ייצור ושיווק תבלינים בע`מ,,,"י""ח",50,ל גרם,false,1,14.90,29.80,false,1,
7290012938405,false,"רדיד אלומיניום עבה במיוחד לבישול,אפייה והקפאה.",גורי ע.ע.ע. בע`מ,,,"י""ח",100,ל גרם,false,1,16.90,16.90,false,1,
7290012938580,false,"משחת שיניים סנסודיין להלבנה עדינה 75 מ""ל",גלקסוסמית'\קליין קונסיומ,,,"י""ח",75,ל גרם,false,1,23.90,31.87,true,1,
7290012938924,false,אקוהפרש מי פה ללא אלכוהול 500 מל,מולינו ניקולי s.p.a,,,"י""ח",500,ל גרם,false,1,19.70,3.94,true,1,
7290012962578,false,צימרוני אוזניים עץ בקופסא 300 יחידות אינטרסאן,הדקלאים אגודת שיתופי,,,"י""ח",300,"י""ח",false,1,6.90,0.02,true,1,
7290012975875,false,כוסות יהלום בנדע שווה 75יח,ח.כהן סוכנות מזון ומשקאות בע,,,"י""ח",1,,false,1,10.90,10.90,true,1,
7290013027399,false,לחם קמח מלא קל בתוספת שיפון 750 ג' אנג'ל,מאפיית שלמה א. אנג'\ל בע,,,"י""ח",750,ל גרם,false,1,14.90,1.99,false,1,
7290013027405,false,מיני חלה 100גרם.,שלמה א.אנג ל בעמ,,,"י""ח",1,"י""ח",false,1,2.50,2.50,false,1,
7290013083661,false,"מטרנה אקסטרה קר שלב 1 חסכון 700 גרם תמ""ל",קבוצת אוסם סחר-שות.מוגבלת,,,"י""ח",700,ל גרם,false,1,59.90,8.56,false,1,
7290013083678,false,"מטרנה אקסטרה קר שלב 2 חסכון 700 גרם תמ""ל",קבוצת אוסם סחר-שות.מוגבלת,,,"י""ח",700,ל גרם,false,1,59.90,8.56,false,1,
7290013083685,false,תחליף חלב מטרנה אקסטרה קר שלב 3 חסכון 700 גרם,קבוצת אוסם סחר-שות.מוגבלת,,,"י""ח",700,ל גרם,false,1,59.90,8.56,false,1,
7290013117229,false,"בורקס פילו במילוי תפו""א מעדנות 600 גר",תנובה מרכז שיתופי לשיווק תוצרת,,,"י""ח",600,ל גרם,false,1,22.20,3.70,false,1,
7290013117670,false,אצבעות פילו גבינה וניל,תנובה בשר,,,"י""ח",800,ל גרם,false,1,15.90,1.99,false,1,
7290013121028,false,לחם לבן 500 גרם ללא גלוטן גרין לייט,אביב קונדיטוריה מעול,,,"י""ח",500,ל גרם,false,1,17.90,3.58,false,1,
7290013121035,false,לחם פשתן ללא גלוטן 500 גר קפוא,אביב קונדיטוריה מעול,,,"י""ח",500,ל גרם,false,1,18.90,3.78,false,1,
7290013121158,false,לחמניות סנדוויץ ללא גלוטן גרין לייט 4 * 115 גרם,אביב קונדיטוריה מעול,,,"י""ח",460,ל גרם,false,1,17.90,3.89,false,1,
7290013121165,false,לחמניות נקניקיה ללא גלוטן גרין לייט 6 * 77 גרם,אביב קונדיטוריה מעול,,,"י""ח",460,ל גרם,false,1,17.90,3.89,false,1,
7290013121769,false,רביעיית שליש באגט ללא תוספת סוכר וללא גלוטן,אביב קונדיטוריה מעול,,,"י""ח",400,ל גרם,false,1,15.90,3.98,false,1,
7290013144171,false,"תערובת עוגת שוקולד 560 גרם ""מיימונס""",א.ל.ייצור ושיווק תבלינים בעמ,,,"י""ח",560,ל גרם,false,1,16.90,3.02,true,1,
7290013144232,false,מיימונס פודינג בטעם וניל 80 גרם,א.ל. ייצור ושיווק תבלינים בע`מ,,,"י""ח",8500,ל גרם,false,1,5.90,0.07,true,1,
7290013144249,false,פודינג בטעם שוקולד 95 גר`מימונס,א.ל. ייצור ושיווק תבלינים בע`מ,,,"י""ח",1,,false,1,5.90,5.90,true,1,
7290013144287,false,מיימונס ג'לי תות 85 גרם,א.ל.יצור ושיווקתבלינים בעמ,,,"י""ח",1,,false,1,5.90,5.90,false,1,
7290013144393,false,תמצית אפיה בטעם וניל מימונס (50 מל),א.ל. ייצור ושיווק תבלינים בע`מ,,,"י""ח",1,,false,1,5.50,5.50,false,1,
7290013144416,false,"תמצית בטעם שקדים מימונס 50 מ""ל",א.ל. ייצור ושיווק תבלינים בע`מ,,,"י""ח",1,,false,1,4.90,4.90,false,1,
7290013144539,false,צבע מאכל אדום מימונס 50 גרם,א.ל. ייצור ושיווק תבלינים בע`מ,,,"י""ח",1,,false,1,4.60,4.60,false,1,
7290013145017,false,אגוז מלך קלוף מיימונס 100 גרם,א.ל. ייצור ושיווק תבלינים בע`מ,,,"י""ח",100,ל גרם,false,1,12.90,12.90,false,1,
7290013145024,false,מיימונס אגוז מלך טחון 100 גרם,א.ל. ייצור ושיווק תבלינים בע`מ,,,"י""ח",100,ל גרם,false,1,13.90,13.90,false,1,
7290013145031,false,אגוזי לוז מסוכרים מיימונס 100 גרם,א.ל. ייצור ושיווק תבלינים בע`מ,,,"י""ח",100,ל גרם,false,1,13.90,13.90,false,1,
7290013145048,false,צנוברים מימונס (100 גרם),א.ל.ייצור ושיווק תבלינים בעמ,,,"י""ח",100,ל גרם,false,1,26.90,26.90,false,1,
7290013145093,false,"שקד מולבן גרוס 100 גרם ""מיימונס",א.ל. ייצור ושיווק תבלינים בע`מ,,,"י""ח",100,ל גרם,false,1,12.90,12.90,true,1,
7290013145116,false,מיימונס שקד מולבן מקלות 100 גרם.,א.ל. ייצור ושיווק תבלינים בע`מ,,,"י""ח",100,ל גרם,false,1,13.90,13.90,true,1,
7290013145130,false,"שקד מולבן חצוי 100 גרם ""מיימונס",א.ל. ייצור ושיווק תבלינים בע`מ,,,"י""ח",100,ל גרם,false,1,13.90,13.90,true,1,
7290013145178,false,קוקוס לבן טחון מימונס (100 גרם),א.ל. ייצור ושיווק תבלינים בע`מ,,,"י""ח",100,ל גרם,false,1,4.60,4.60,false,1,
7290013145192,false,שומשום מיימונס 100 גרם,א.ל. ייצור ושיווק תבלינים בע`מ,,,"י""ח",100,ל גרם,false,1,4.90,4.90,false,1,
7290013145215,false,שומשום מימונס (400 גרם),א.ל.ייצור ושיווק תבלינים בעמ,,,"י""ח",400,ל גרם,false,1,15.90,3.98,false,1,
7290013145277,false,עלים לקרמשניט מימונס 300 גרם,א.ל.ייצור ושיווק תבלינים בעמ,,,"י""ח",300,ל גרם,false,1,17.90,5.97,false,1,
7290013145390,false,מימונס שוקולד צ'יפס מהדרין 250 גר,א.ל. ייצור ושיווק תבלינים בע`מ,,,"י""ח",250,ל גרם,false,1,9.90,3.96,false,1,
7290013145567,false,מיימונס מיני מיני עדשים 90 גרם.,א.ל.ייצור ושיווק תבלינים בעמ,,,"י""ח",1,,false,1,10.90,10.90,false,1,
7290013145710,false,דובדבנים מסוכרים מימונס (100 גרם),א.ל. ייצור ושיווק תבלינים בע`מ,,,"י""ח",100,ל גרם,false,1,9.90,9.90,false,1,
7290013145727,false,מיימונס קליפות הדרים מסוכרים 90 גרם,א.ל. ייצור ושיווק תבלינים בע`מ,,,"י""ח",1,,false,1,7.90,7.90,false,1,
7290013145826,false,פודניג בטעם וניל לבן במיוחד מימונס 80 ג',א.ל. ייצור ושיווק תבלינים בע`מ,,,"י""ח",80,ל גרם,false,1,5.90,7.38,true,1,
7290013145840,false,סוכר וניל מימונס 10יח בצלופן,א.ל. ייצור ושיווק תבלינים בע`מ,,,"י""ח",10,"י""ח",false,1,3.50,0.35,false,1,
7290013145857,false,אבקת אפיה מימונס 10יח בצלופן,א.ל. ייצור ושיווק תבלינים בע`מ,,,"י""ח",10,"י""ח",false,1,2.90,0.29,false,1,
7290013145871,false,שמרים יבשים סטיק מימונס 5*11 ג',א.ל. ייצור ושיווק תבלינים בע`מ,,,"י""ח",1,,false,1,9.90,9.90,false,1,
7290013145956,false,שמרים יבשים בוואקום מיימונס 500 גרם,א.ל. ייצור ושיווק תבלינים בע`מ,,,"י""ח",500,ל גרם,false,1,14.50,2.90,false,1,
7290013145963,false,שמרים יבשים בוואקום מיימונס 125 גרם,א.ל. ייצור ושיווק תבלינים בע`מ,,,"י""ח",125,ל גרם,false,1,6.50,5.20,false,1,
7290013145970,false,קורנפלור מימונס בשקית 200 ג',א.ל. ייצור ושיווק תבלינים בע`מ,,,"י""ח",100,ל גרם,false,1,4.40,4.40,false,1,
7290013146403,false,סירופ בטעם קרמל מלוח מימונס 500 גרם,א.ל ייצור ושיווק תבלינים בעמ,,,"י""ח",50,ל גרם,false,1,16.90,33.80,false,1,
7290013146663,false,אטריות צבעוניות לקישוט מימונס 55 גרם,א.ל ייצור ושיווק תבלינים בעמ,,,"י""ח",55,ל גרם,false,1,11.90,21.64,true,1,
7290013146670,false,סוכריות לב סגול ורוד לבן לקישוט 60 גרם,א.ל ייצור ושיווק תבלינים בעמ,,,"י""ח",60,ל גרם,false,1,11.90,19.83,true,1,
7290013146724,false,אבקת אייס קפה 350 גרם מימונס,א.ל. ייצור ושיווק תבלינים בע`מ,,,"י""ח",350,ל גרם,false,1,17.90,5.11,true,1,
7290013153593,false,תפוזים מתקתק 100% פריגת 1 ליטר,*החברה המרכזית להפצת משקאותבעמ,,,"י""ח",1,ליטר,false,1,11.90,11.90,false,1,
7290013156006,false,עוגיות כעכים לקפה מרוקאיות 200גר,הלל בן הלל שיווק ומסחר בעמ,,,"י""ח",300,ל גרם,false,1,16.90,5.63,false,1,
7290013156822,false,עוגיות רייף 350ג גאקובס,הלל בן הלל שיווק ומסחר בעמ,,,"י""ח",350,ל גרם,false,1,16.90,4.83,false,1,
7290013156914,false,עוגיות כעך טוניסאי 350גר,הלל בן הלל שיווק ומסחר בעמ,,,"י""ח",350,ל גרם,false,1,16.90,4.83,false,1,
7290013156921,false,עוגיות מרוקאיות ללא סוכר,הלל בן הלל שיווק ומסחר בעמ,,,"י""ח",350,ל גרם,false,1,16.90,4.83,false,1,
7290013215017,false,פטריות זוגות חוות השמפניון,ביכורי השדה צפון 1994 ג.ד. בעמ,,,"י""ח",1,,false,1,18.90,18.90,false,1,
7290013267665,false,סולרו מיני קלאסי - פירות טרופיים (חלבי),"מיוצר ע""\י גלידת שטראוס",,,"י""ח",354,ל גרם,false,1,24.90,7.03,false,1,
7290013268037,false,מקסימה מרכך כביסה מרוכז בניחוח לבנדר פצ'ולי סנו 1 ליטר,החברה הדרומית לשיווק בעמ,,,"י""ח",1,ליטר,false,1,19.90,19.90,false,1,
7290013268372,false,פוליוויקס פרקט סנו בתוספת שמן ארגן (2 לי,החברה הדרומית לשיווק בעמ,,,"י""ח",2,ליטר,false,1,19.90,9.95,false,1,
7290013268891,false,אוקסיג'ן ג'ל ללא אקונומיקה עם חמצן פעיל סנו 3 ליטר,החברה הדרומית לשיווק בעמ,,,"י""ח",3,ליטר,false,1,29.90,9.97,false,1,
7290013268938,false,סנובון סבון לאסלה בניחוח מאסק סנו 3*65 גרם,החברה הדרומית לשיווק בעמ,,,"י""ח",165,ל גרם,false,1,12.90,7.82,false,1,
7290013268983,false,מרכך כביסה סופר מרוכז בבישום עוצמתי סנו מקסימה 1 ל',החברה הדרומית לשיווק בעמ,,,"י""ח",1,ליטר,false,1,19.90,19.90,false,1,
7290013268990,false,מרכך כביסה מרוכז לבן ביו סנו מקסימה 1 ליטר,החברה הדרומית לשיווק בעמ,,,"י""ח",1,ליטר,false,1,19.90,19.90,false,1,
7290013269157,false,"מרכך מבשם למייבש כביסה לבנדר סנו מקסימה 750 מ""ל",החב הדרומית לשיווק,,,"י""ח",750,"ל מ""ל",false,1,19.90,2.65,true,1,
7290013269263,false,ג'ל כביסה מרוכז מקסימה בבישום קריסטל נואר,החברה הדרומית לשיווק בעמ,,,"י""ח",3,ליטר,false,1,34.90,11.63,false,1,
7290013269287,false,סנו - מקסימה ג'ל כביסה מרוכז מאסק 3 ליטר,החברה הדרומית לשיווק בעמ,,,"י""ח",3,ליטר,false,1,34.90,11.63,false,1,
7290013269300,false,סושי ניילון נצמד פלוס סנו (150 מטר),החברה הדרומית לשיווק בעמ,,,"י""ח",1,,false,1,23.90,23.90,false,1,
7290013269621,false,ריצפז פרש לניקוי רצפות בניחוח מלון בוטיק,החברה הדרומית לשיווק בעמ,,,"י""ח",1.45,ליטר,false,1,22.90,15.79,false,1,
7290013269638,false,ספוג הפלא אקסטרה Extra- מארז 6 יח',החברה הדרומית לשיווק בעמ,,,"י""ח",1,,false,1,12.90,12.90,false,1,
7290013269645,false,ריצפז פרש מטליות לחות לריצפה בניחוח מאסק 10 יחידות,החברה הדרומית לשיווק בעמ,,,"י""ח",1,,false,1,12.90,12.90,false,1,
7290013269669,false,ריצפז בניחוח פנטזיה לניקוי הרצפה,החברה הדרומית לשיווק בעמ,,,"י""ח",3,ליטר,false,1,15.90,5.30,false,1,
7290013269706,false,"סנובון ג'ל לאסלה אוקיאנוס נתלה 55מ""ל",החברה הדרומית לשיווק בעמ,,,"י""ח",65,"ל מ""ל",false,1,7.90,12.15,false,1,
7290013269751,false,מטליות לחותריצפז פרש לניקוי ריצפה בניחות מלון בוטיק 10 יח' סנו,החברה הדרומית לשיווק בעמ,,,"י""ח",1,,false,1,12.90,12.90,false,1,
7290013302656,false,פילה סרדין בשמן זית ופלפל חריף טעים 125 ג',טעמן שווק מזון בעמ,,,"י""ח",125,ל גרם,false,1,8.90,7.12,true,1,
7290013302663,false,פילה סרדין בשמן זית 125 גר' טעים,טעמן שווק מזון בעמ,,,"י""ח",125,ל גרם,false,1,8.90,7.12,true,1,
7290013310385,false,כפפות ניטריל M כחולות ללא אבקה 80 יח' EASY TOUCH,אינטרסן (1996) בעמ,,,"י""ח",80,"י""ח",false,1,24.90,0.31,true,1,
7290013358356,false,פירורי לחם מוזהבים מאסטר שף (320גרם),ש. שסטוביץ בע`מ,,,"י""ח",320,ל גרם,false,1,8.30,2.59,false,1,
7290013358363,false,מאסטר שף פרורי לחם פנקו עבים בסגנון יפני 300 גר,קריניציה ויטמינה אס,,,"י""ח",300,ל גרם,false,1,10.80,3.60,false,1,
7290013358417,false,מאסטר שף אסייאתי רוטב טריאקי 300 מל כשלפ,קריניציה ויטמינה אס,,,"י""ח",300,"ל מ""ל",false,1,12.90,4.30,false,1,
7290013358431,false,קרוטונים לסלט מאסטר שף בטעם עגבניות ובזיליקום 200 גרם,עינת תעשיות מזון אגו,,,"י""ח",200,ל גרם,false,1,13.80,6.90,true,1,
7290013358486,false,מאסטר שף פירורים מוזהבים ללא צורך בביצה 300 ג,"מיוצר ע""י מנה י.א בע",,,"י""ח",300,ל גרם,false,1,6.90,2.30,false,1,
7290013358530,false,מאסטר שף אסייאתי רוטב צ'ילי מתוק 700 מל כשלפ,קריניציה ויטמינה אס,,,"י""ח",700,"ל מ""ל",false,1,13.90,1.99,false,1,
7290013358578,false,מנה אסייאתי אטריות אורז רחבות 400 ג מ.שף,ליינג טונג רייספלוור,,,"י""ח",400,ל גרם,false,1,10.80,2.70,false,1,
7290013361981,false,צ'יפס קפוא חתוך פרי הגליל,ויטה -פרי גליל (החדשה) בעמ,,,"י""ח",2,"ק""ג",false,1,27.90,13.95,false,1,
7290013361998,false,"סטייק צ'יפס פרי הגליל 2 ק""ג",ויטה- פרי גליל (החדשה) בעמ,,,"י""ח",2,"ק""ג",false,1,27.90,13.95,false,1,
7290013412966,false,רבעיית מגבונים תולי 72*4 יחידות,שקד תבל בעמ,,,"י""ח",4,"י""ח",false,1,12.90,3.23,true,1,
7290013430083,false,"בירה אלכסנדר בלונד בקבוק 330 מ""ל",מנדלז סי.אר. פרודקשן,,,"י""ח",330,"ל מ""ל",false,1,12.90,3.82,true,1,
7290013472199,false,ערמונים קלופים וקלויים 105 גרם,ג.וילי פוד אינטרנשיונל בעמ,,,"י""ח",100,ל גרם,false,1,5.90,5.90,true,1,
7290013492005,false,תפוח אדמה אדום למיקרו 600 ג',ביכורי השדה צפון 1994 ג.ד. בעמ,,,"י""ח",1,,false,1,8.90,8.90,true,1,
7290013525253,false,שמיר טחינה מיוחדת 16,"סלטי שמיר 2006 בע""מ",,,"י""ח",160,ל גרם,false,1,5.90,3.69,false,1,
7290013525260,false,שמיר חציל במיונז 160,"סלטי שמיר 2006 בע""מ",,,"י""ח",160,ל גרם,false,1,5.90,3.69,false,1,
7290013525710,false,חומוס עם טחינה 160 גרם,"סלטי שמיר 2006 בע""מ",,,"י""ח",160,ל גרם,false,1,5.90,3.69,false,1,
7290013525802,false,סחוג תימני אדום 150 גר' שמיר,"סלטי שמיר 2006 בע""מ",,,"י""ח",150,ל גרם,false,1,10.90,7.27,false,1,
7290013531117,false,רוטב פסטה לילדים יכין (240 גר`),"זנלכל בע""\מ",,,"י""ח",240,ל גרם,false,1,6.50,2.71,false,1,
7290013531346,false,סירופ דיאט בטעם לימונענע יכין 1 ליטר,זנלכול יכין,,,"י""ח",1,ליטר,false,1,21.90,21.90,false,1,
7290013531759,false,שעועית לבנה מבושלת במים יכין (550 גרם),זנלכול יכין,,,"י""ח",600,ל גרם,false,1,11.90,1.98,false,1,
7290013534057,false,"צ'יפס בטטה טבעי מיה 100ג' 'כשל""פ",מיה תעשיות מזון מ.ת.מ. בעמ,,,"י""ח",100,ל גרם,false,1,9.90,9.90,true,1,
7290013558916,false,פטריות שמפיניון יח',ביכורי השדה צפון 1994 ג.ד. בעמ,,,"י""ח",1,,false,1,10.90,10.90,true,1,
7290013580009,false,המבורגר זהב 400 גרם הקצביה בלדי,בלדי בעמ,,,"י""ח",400,ל גרם,false,1,18.90,4.73,false,1,
7290013585233,false,"ספרייט זירו פחית סליק 330 מ""ל",החברה המרכזית להפצת משקאות בעמ,,,"י""ח",330,"ל מ""ל",false,1,4.60,1.30,true,1,
7290013585387,false,בקבוק זירו קוקה-קולה (1 ליטר),החברה המרכזית להפצת משקאות בעמ,,,"י""ח",1,ליטר,false,1,7.50,7.50,false,1,
7290013585394,false,בקבוק קוקה-קולה (1 ליטר),החברה המרכזית להפצת משקאות בעמ,,,"י""ח",1,ליטר,false,1,7.50,7.50,false,1,
7290013608260,false,מיץ רימונים 100%מיץ סחוט טרי מצונן 1ליט,שטראוס גרופ בעמ/מצונן,,,"י""ח",1,ליטר,false,1,26.10,26.10,false,1,
7290013608864,false,פרימור משקה פירות הדר 1 ליטר בתוספת ויטמין C,שטראוס גרופ בעמ/מצונן,,,"י""ח",1,ליטר,false,1,16.60,16.60,false,1,
7290013625229,false,פילה מקרל בשמן צמחי ופלפל חריף טעים 125 ג',טעמן שווק מזון בעמ,,,"י""ח",1,,false,1,7.90,7.90,true,1,
7290013652157,false,"ד""ר פישר - נטורל קר מגבונים להסרת איפור לעור רגיל יבש 30 יח' * 3","פישר תעשיות פרמצביטות בע""מ",,,"י""ח",1,,false,1,24.90,24.90,false,1,
7290013652805,false,"נטורל קר קרם לחות לשיער יבש צבוע פגום, 400 מ""ל",פישר תעשיות פרמבצטיות בעמ,,,"י""ח",400,"ל מ""ל",false,1,23.90,5.98,true,1,
7290013677648,false,שמן זית למאור מיה 1 ליטר,מיה תעשיות מזון מ.ת.מ. בעמ,,,"י""ח",100,"ל מ""ל",false,1,18.90,18.90,false,1,
7290013677747,false,"שוקו של מיה 500גרם בשקית בד""ץ",מיה תעשיות מזון מ.ת.מ. בעמ,,,"י""ח",1,,false,1,6.90,6.90,false,1,
7290013713049,false,בירה ג`מס בקבוק 8.80% אלכוהול ( 330 מל),אגודת הכורמים -כרמל מזרחי,,,"י""ח",330,"ל מ""ל",false,1,12.90,3.82,true,1,
7290013725691,false,רוטב סויה בסגנון יפני,דין שיווק וקליה 2021 בעמ,,,"י""ח",300,"ל מ""ל",false,1,7.90,2.63,false,1,
7290013847867,false,מארז זוגות טונה בשמן סויה 140 ג' סטארקיסט,דיפלומט מפיצים (1968) בעמ**,,,"י""ח",280,ל גרם,false,1,12.90,4.61,true,1,
7290013848017,false,תרסיס ניקוי והברקת נירוסטה,החברה הדרומית לשיווק בעמ,,,"י""ח",500,"ל מ""ל",false,1,19.90,3.98,false,1,
7290013848345,false,מארז מטליות לחיטוי וניקוי יסודי אנטיבקטריאלי 99.9%,החברה הדרומית לשיווק בעמ,,,"י""ח",3,"י""ח",false,1,24.90,8.30,false,1,
7290013848581,false,סנו סושי מגבות נייר בגליל ענק.,החברה הדרומית לשיווק בעמ,,,"י""ח",1,"י""ח",false,1,12.90,12.90,false,1,
7290013848758,false,מקסימה גל כביסה מרוכז בייבי 3ליטר סנסטיב,החברה הדרומית לשיווק בעמ,,,"י""ח",3,ליטר,false,1,34.90,11.63,false,1,
7290013883148,false,סופג ריחות במקרר ווליט 40 גרם,יעקב יעקבי ובניו בעמ,,,"י""ח",300,"ל מ""ל",false,1,14,4.67,false,1,
7290013883407,false,"דזיטול מרסס לחיטוי כללי יעקבי 750 מ""ל",יעקב יעקבי ובניו בע`מ,,,"י""ח",1,ליטר,false,1,10.90,10.90,false,1,
7290013883414,false,"מרסס מסיר כתמי חלודה איירון אאוט 473 מ""ל",יעקב יעקבי ובניו בעמ,,,"י""ח",1,"י""ח",false,1,29.90,29.90,false,1,
7290013906052,false,נקניקיות פרגיות טירת צבי 300 גרם,תנובה מרכז שיתופי לשיווק תוצרת,,,"י""ח",300,ל גרם,false,1,15,5,false,1,
7290013906205,false,פסטרמה עם שום וצילי טירת צבי 400 ג',תנובה מרכז שיתופי לשיווק תוצרת,,,"י""ח",400,ל גרם,false,1,29.90,7.48,false,1,
7290013906441,false,קבנוס טירת צבי 120 גרם,תנובה מרכז שיתופי לשיווק תוצרת,,,"י""ח",120,ל גרם,false,1,11.90,9.92,false,1,
7290013906458,false,קבנוס בטעם פיקנטי טירת צבי 120 גרם,תנובה מרכז שיתופי לשיווק תוצרת,,,"י""ח",120,ל גרם,false,1,12.90,10.75,false,1,
7290013906496,false,פסטרמה עגל בסגנון רומני טירת צבי 120 גר,הנסיך- מפעל לייצור ט,,,"י""ח",120,ל גרם,false,1,15.90,13.25,false,1,
7290013906687,false,פסט' צמד כפרית ברביקיו ודבש 300X2ג' טירת צבי,תנובה מרכז שיתופי לשיווק תוצרת,,,"י""ח",600,ל גרם,false,1,29.90,4.98,false,1,
7290013906694,false,נקניקיות שקית קילו וחצי טירת צבי,תנובה מרכז שיתופי לשיווק תוצרת,,,"י""ח",1.50,"ק""ג",false,1,39.90,26.60,false,1,
7290013927101,false,אחווה עוגה תפוחים ללא תוספת סוכר 450גר,אחדות ביחר לטחינה חל,,,"י""ח",450,ל גרם,false,1,11.90,2.64,false,1,
7290013927156,false,אחוה בטעם פירות יער ללא תוספת סוכר 450 גרם.,אחדות ביחר לטחינה חל,,,"י""ח",450,ל גרם,false,1,11.90,2.64,false,1,
7290013927514,false,אחוה רוגעלך קינמון במגש 400 גר,אחדות ביחר לטחינה חל,,,"י""ח",400,ל גרם,false,1,13.90,3.48,false,1,
7290013971555,false,סוללות 12יח מעורב פוגיקום,פוגיקום בעמ,,,"י""ח",1,,false,1,19.90,19.90,true,1,
7290014002197,false,חליטת קמומיל ולימונית הגן הקסום ויסוצקי 25 יחידות,תה ויסוצקי (ישראל) בעמ,,,"י""ח",37.50,ל גרם,false,1,17.90,47.73,true,1,
7290014002203,false,חליטת לימונית ולואיזה הגן הקסום ויסוצקי 25 יחידות,תה ויסוצקי (ישראל) בעמ,,,"י""ח",37.50,ל גרם,false,1,17.90,47.73,true,1,
7290014002944,false,גן קסום חליטת פירות וצמחים חמדת שקד 25 שקיקים,תה ויסוצקי (ישראל) בעמ,,,"י""ח",1,,false,1,17.90,17.90,true,1,
7290014046047,false,פסטרמת מעודנת ברביקיו 2יח*300גר,מעדני יחיעם ( 1993 ) בע`מ,,,"י""ח",600,ל גרם,false,1,24.90,4.15,false,1,
7290014046474,false,"נקניקיות עוף 1.5 ק""ג יחיעם",מעדני יחיעם ( 1993 ) בע`מ,,,"י""ח",1.50,"ק""ג",false,1,34.20,22.80,true,1,
7290014046757,false,סלמי תה יחיעם (300 גרם),מעדני יחיעם (1993) בעמ,,,"י""ח",300,ל גרם,false,1,20.90,6.97,false,1,
7290014059436,false,"משחת שיניים סנסודיין 75 מ""ל פרימיום לשיקום והגנה מלבינה 75 מ""ל","סמית קליין ביצ'ם בע""",,,"י""ח",75,"ל מ""ל",false,1,26.90,35.87,true,1,
7290014066373,false,לנדוור-קפסולות אספרסו קלאסיק(09) - 10יח'12X יח,ש.שסטוביץ בעמ,,,"י""ח",10,"י""ח",false,1,16.90,1.69,true,1,
7290014066380,false,לנדוור-קפסולות אספרסו סופרימו(10) - 10יח'12X יח,ש.שסטוביץ בעמ,,,"י""ח",10,"י""ח",false,1,16.90,1.69,true,1,
7290014066441,false,לנדוור-קפסולות אספרסו נטול קפאין(07) - 10יח'12X יח,ש.שסטוביץ בעמ,,,"י""ח",10,"י""ח",false,1,16.90,1.69,true,1,
7290014066526,false,לנדוור-קפסולות אספרסו תערובת הבית(11) - 10יח'12X יח,ש.שסטוביץ בעמ,,,"י""ח",10,"י""ח",false,1,16.90,1.69,true,1,
7290014083165,false,ניוקי ויליפוד 500 גרם,ג. וילי-פוד אינטרנשיונל בע`מ,,,"י""ח",500,ל גרם,false,1,8.40,1.68,false,1,
7290014083479,false,גבינה פרוסה גאודה 27% שומן EURO CHEESE ויליפוד 150 גרם,ג.וילי פוד אינטרנשיונל בעמ,,,"י""ח",150,ל גרם,false,1,9.90,6.60,false,1,
7290014083813,false,וילי פוד מריגה שפרוטים מעושנים בשמן 190ג,ג. וילי-פוד אינטרנשיונל בע`מ,,,"י""ח",160,ל גרם,false,1,9.90,6.19,false,1,
7290014094796,false,משמשים מיובשים בשקית ששון הקולה 300 גרם,דין שיווק וקליה 2021 בעמ,,,"י""ח",300,ל גרם,false,1,23.90,7.97,false,1,
7290014094826,false,שזיפים ללא גלעין בשקית ששון הקולה 300 גרם,דין שיווק וקליה 2021 בעמ,,,"י""ח",300,ל גרם,false,1,23.90,7.97,false,1,
7290014094840,false,צימוק חום בשקית ששון הקולה 300 גרם,דין שיווק וקליה 2021 בעמ,,,"י""ח",300,ל גרם,false,1,13.90,4.63,false,1,
7290014094895,false,אגוזים קלופים בשקית ששון הקולה 150 גרם,דין שיווק וקליה 2021 בעמ,,,"י""ח",150,ל גרם,false,1,13.90,9.27,false,1,
7290014094901,false,פקאן טבעי 150 גרם ששון הקולה,דין שיווק וקליה 2021 בעמ,,,"י""ח",150,ל גרם,false,1,23.90,15.93,false,1,
7290014095861,false,שיבולת שועל דקה בשקית שקדיה 500 גרם,דין שיווק וקליה 2021 בעמ,,,"י""ח",500,ל גרם,false,1,5.90,1.18,false,1,
7290014095960,false,שיבולת שועל עבה בשקית שקדיה 500 גרם,דין שיווק וקליה 2021 בעמ,,,"י""ח",500,ל גרם,false,1,5.90,1.18,false,1,
7290014205000,false,צלחות גדולות 50 יחידות,ח.כהן סוכנות מזון ומשקאות בע,,,"י""ח",50,"י""ח",false,1,14.90,0.30,false,1,
7290014205024,false,"קעריות אובלי ח""פ לבן 25 יח!",ח.כהן סוכנות מזון ומשקאות בע,,,"י""ח",30,"י""ח",false,1,5.90,0.20,true,1,
7290014205031,false,"לפתניה לבן 25 יח ""שווה"" *",ח.כהן סוכנות מזון ומשקאות בע,,,"י""ח",25,"י""ח",false,1,4.90,0.20,true,1,
7290014205048,false,disposable plastic 17 cm soup plate 25,ח.כהן סוכנות מזון ומשקאות בע,,,"י""ח",2500,ל גרם,false,1,7.90,0.32,false,1,
7290014205062,false,"כוסות ח""פ פלסטיק 100""שווה"".",ח.כהן סוכנות מזון ומשקאות בע,,,"י""ח",100,"י""ח",false,1,7.90,0.08,false,1,
7290014205093,false,דבש 350ג שווה,ח.כהן סוכנות מזון ומשקאות בע,,,"י""ח",350,ל גרם,false,1,18.90,5.40,false,1,
7290014205130,false,צלחות גדול קרם / לבן/ בורדו/ זהב 25 יח,ח.כהן סוכנות מזון ומשקאות בע,,,"י""ח",2500,ל גרם,false,1,11.90,0.48,false,1,
7290014205147,false,"צלחת קטן צבעוני 25 יח ""שווה"" *",ח.כהן סוכנות מזון ומשקאות בע,,,"י""ח",25,"י""ח",false,1,6.90,0.28,false,1,
7290014205154,false,קעריות אובלי קרם /בורדו זהב 25 יח,ח.כהן סוכנות מזון ומשקאות בע,,,"י""ח",2500,ל גרם,false,1,5.90,0.24,false,1,
7290014205161,false,disposable plastic 12.5 cm compote plate,ח.כהן סוכנות מזון ומשקאות בע,,,"י""ח",2500,ל גרם,false,1,4.90,0.20,false,1,
7290014205178,false,"מרקיה צבעוני ""שווה"" 25יח",ח.כהן סוכנות מזון ומשקאות בע,,,"י""ח",2500,ל גרם,false,1,8.90,0.36,false,1,
7290014205185,false,"צלחת ענק צבעוני 25 יח ""שווה "" *",ח.כהן סוכנות מזון ומשקאות בע,,,"י""ח",25,"י""ח",false,1,18.90,0.76,false,1,
7290014205208,false,סכינים שקוףשווה צבעוני 50 יחידות יצרןמותג: חכהן,ח.כהן סוכנות מזון ומשקאות בע,,,"י""ח",50,"י""ח",false,1,9.90,0.20,false,1,
7290014205352,false,קינוחיות פרח 20יח שווה,ח.כהן סוכנות מזון ומשקאות בע,,,"י""ח",30,"י""ח",false,1,9.90,0.33,false,1,
7290014205673,false,שמן סויה מזוכך 1 ליטר,ח.כהן סוכנויות מזון ומשקאות***,,,"י""ח",1,ליטר,false,1,9.90,9.90,false,1,
7290014205697,false,אננס חתוך 565 גר` A2 שווה * (24 בקרטו,ח.כהן סוכנות מזון ומשקאות בע,,,"י""ח",600,ל גרם,false,1,7.90,1.32,true,1,
7290014205758,false,מפת שולחן 1/6 עבה שווה,ח.כהן סוכנות מזון ומשקאות בע,,,"י""ח",6,"י""ח",false,1,11.90,1.98,false,1,
7290014205796,false,"שקיות מזון זוג בקופסה 150*2 יח ""שווה""*",ח.כהן סוכנות מזון ומשקאות בע,,,"י""ח",750,"ל מ""ל",false,1,11.90,1.59,false,1,
7290014205802,false,שקיות הקפאה שווה 200יח זוג,ח.כהן סוכנות מזון ומשקאות בע,,,"י""ח",200,"י""ח",false,1,7.90,0.04,false,1,
7290014205819,false,"שקיות אפור ""75/90 שווה""20 יח`ממוחזר",ח.כהן סוכנות מזון ומשקאות בע,,,"י""ח",20,"י""ח",false,1,17.90,0.90,true,1,
7290014205826,false,שקיות אשפה ירוק 52/65 שרוך שווה 50יח,ח.כהן סוכנות מזון ומשקאות בע,,,"י""ח",50,"י""ח",false,1,18.90,0.38,false,1,
7290014205840,false,"שקיות אשפה 52/65 עם שרון""שווה""",ח.כהן סוכנות מזון ומשקאות בע,,,"י""ח",20,"י""ח",false,1,6.90,0.35,false,1,
7290014205857,false,"שקיות אפור ""75/90 שווה""20 יח`ממוחזר.",ח.כהן סוכנות מזון ומשקאות בע,,,"י""ח",20,"י""ח",false,1,11.90,0.60,true,1,
7290014205864,false,"שקיות כתום 75/90 ""שווה"" 50יח",ח.כהן סוכנות מזון ומשקאות בע,,,"י""ח",50,"י""ח",false,1,11.90,0.24,false,1,
7290014206267,false,מפיות מוטבעות 15יח 3 שכבות שווה*,ח.כהן סוכנות מזון ומשקאות בע,,,"י""ח",1,"י""ח",false,1,7.90,7.90,true,1,
7290014206410,false,מארז זוג חלונות 2 ל`משאבה+מילוי שווה*,ח.כהן סוכנות מזון ומשקאות בע,,,"י""ח",2,ליטר,false,1,8.90,4.45,false,1,
7290014206847,false,סרדינים שמן סויה 125גר שווה מרוקו,ח.כהן סוכנות מזון ומשקאות בע,,,"י""ח",125,ל גרם,false,1,4.90,3.92,false,1,
7290014206861,false,סרדינים בשמן זית 125גר שווה,ח.כהן סוכנות מזון ומשקאות בע,,,"י""ח",125,ל גרם,false,1,5.90,4.72,false,1,
7290014206885,false,אנשובי ארוך בפח בשמן חמניות 77ג שווה,ח.כהן סוכנות מזון ומשקאות בע,,,"י""ח",77,ל גרם,false,1,6.90,8.96,false,1,
7290014206892,false,אנשובי צנצנת 100 ג` שמן חמניות שווה*,ח.כהן סוכנות מזון ומשקאות בע,,,"י""ח",100,ל גרם,false,1,12.90,12.90,false,1,
7290014206908,false,אננס שלם A2 שווה,ח.כהן סוכנות מזון ומשקאות בע,,,"י""ח",227,ל גרם,false,1,7.90,3.48,false,1,
7290014206915,false,"לפתניה קשוף ""שווה"" 20יח",ח.כהן סוכנות מזון ומשקאות בע,,,"י""ח",2000,ל גרם,false,1,5.90,0.30,false,1,
7290014206939,false,"מרקיה קשופה ""שווה"" 20יח",ח.כהן סוכנות מזון ומשקאות בע,,,"י""ח",2000,ל גרם,false,1,11.90,0.60,false,1,
7290014206946,false,"צלחת קטנה קשופה ""שווה"" 20יח",ח.כהן סוכנות מזון ומשקאות בע,,,"י""ח",2000,ל גרם,false,1,10.90,0.55,false,1,
7290014206953,false,"צלחת גדולה קשופה ""שווה"" 20יח",ח.כהן סוכנות מזון ומשקאות בע,,,"י""ח",2000,ל גרם,false,1,16.90,0.85,true,1,
7290014206960,false,"צלחת ענקית קשופה ""שווה"" 20יח",ח.כהן סוכנות מזון ומשקאות בע,,,"י""ח",2000,ל גרם,false,1,24.90,1.25,true,1,
7290014217010,false,דגים T130 -BUL בקופ' 90 גר' טעם וריח,"תבליני טעם וריח בע""מ",,,"י""ח",90,ל גרם,false,1,14.90,16.56,false,1,
7290014217027,false,עוף T130 -BUL בקופ' 120 גר' טעם וריח,"תבליני טעם וריח בע""מ",,,"י""ח",120,ל גרם,false,1,14.90,12.42,false,1,
7290014217065,false,אורגנו עלים בקופ' 30 גר' טעם וריח,"תבליני טעם וריח בע""מ",,,"י""ח",30,ל גרם,false,1,9.90,33,true,1,
7290014217140,false,"מיכל ראס אל חנות 100 גר' ""טעם וריח""","תבליני טעם וריח בע""מ",,,"י""ח",1,,false,1,9.90,9.90,true,1,
7290014217157,false,"מיכל טוסקנה תיבול 120 גר ""טעם וריח""","תבליני טעם וריח בע""מ",,,"י""ח",1,,false,1,9.90,9.90,true,1,
7290014217164,false,תבלין פטרוזיליה מיכל גדול 20 ג',"תבליני טעם וריח בע""מ",,,"י""ח",1,,false,1,9.90,9.90,true,1,
7290014217171,false,תערובת תיבול תיבול גריל דג מיכל 100ג',"תבליני טעם וריח בע""מ",,,"י""ח",1,,false,1,9.90,9.90,true,1,
7290014217225,false,גריל עוף בקופ' 120 גר' טעם וריח,"תבליני טעם וריח בע""מ",,,"י""ח",1,,false,1,9.90,9.90,true,1,
7290014217263,false,תיבול לפרגית בקופ' 100 גר' טעם וריח,"תבליני טעם וריח בע""מ",,,"י""ח",1,,false,1,9.90,9.90,true,1,
7290014217348,false,"מיכל צ'ילי כתוש 70 גר' ""טעם וריח""","תבליני טעם וריח בע""מ",,,"י""ח",70,ל גרם,false,1,9.90,14.14,true,1,
7290014217355,false,קרי אבקה בקופ' 100 גר' טעם וריח,"תבליני טעם וריח בע""מ",,,"י""ח",1,,false,1,9.90,9.90,true,1,
7290014217485,false,תיבול קייג'ון בקופ' 100 גר' טעם וריח,"תבליני טעם וריח בע""מ",,,"י""ח",100,ל גרם,false,1,9.90,9.90,true,1,
7290014217492,false,תיבול פילדלפיה בקופ' 100 גר' טעם וריח,"תבליני טעם וריח בע""מ",,,"י""ח",1,,false,1,9.90,9.90,true,1,
7290014218932,false,חטיפי פיצה בתוספ זיתים בשקית מעדנות 710 גרם,מיוצר עי קונדיטוריית,,,"י""ח",710,ל גרם,false,1,37.90,5.34,false,1,
7290014288058,false,"להבונים 50 שקית ""שווה""",ח.כהן סוכנות מזון ומשקאות בע,,,"י""ח",1,,false,1,10.90,10.90,true,1,
7290014288072,false,כריות יפניות רביעייה שווה,ח.כהן סוכנות מזון ומשקאות בע,,,"י""ח",1,"י""ח",false,1,6.90,6.90,false,1,
7290014288089,false,סרטי קירצוף זוגות שווה איכותי,ח.כהן סוכנות מזון ומשקאות בע,,,"י""ח",10,"י""ח",false,1,5.90,0.59,false,1,
7290014288096,false,מטליות מיקרופייבר 5* ניקוי כלל שווה,ח.כהן סוכנות מזון ומשקאות בע,,,"י""ח",3,"י""ח",false,1,9.90,3.30,false,1,
7290014288119,false,"ממרקות מתכת 4 יח ""שווה"" *",ח.כהן סוכנות מזון ומשקאות בע,,,"י""ח",1,,false,1,5.90,5.90,false,1,
7290014288195,false,מפת שולחן אל בד 1.8/1.1,ח.כהן סוכנות מזון ומשקאות בע,,,"י""ח",1.80,מטר,false,1,6.90,3.83,false,1,
7290014288201,false,מארז מטליות מיקרופייבר שווה,ח.כהן סוכנות מזון ומשקאות בע,,,"י""ח",400,"ל מ""ל",false,1,12.90,3.23,false,1,
7290014288300,false,עלי טורטייה שווה 8 יח' 320 גרם,ח.כהן סוכנות מזון ומשקאות בע,,,"י""ח",320,ל גרם,false,1,10.90,3.41,true,1,
7290014288317,false,עלי טורטייה שווה 6 יח' 420 גרם,ח.כהן סוכנות מזון ומשקאות בע,,,"י""ח",320,ל גרם,false,1,10.90,3.41,true,1,
7290014288324,false,עלי טורטייה מקמח מלא שווה 8 יח' 320 גרם,ח.כהן סוכנות מזון ומשקאות בע,,,"י""ח",320,ל גרם,false,1,10.90,3.41,true,1,
7290014288379,false,"ערמונים 100 גר` ""שווה""",ח.כהן סוכנות מזון ומשקאות בע,,,"י""ח",100,ל גרם,false,1,5.90,5.90,true,1,
7290014288393,false,"רוטב סויה 500מ""ל שווה",ח.כהן סוכנות מזון ומשקאות בע,,,"י""ח",700,"ל מ""ל",false,1,9.90,1.41,false,1,
7290014288409,false,"רוטב טריאקי 300מ""ל שווה",ח.כהן סוכנות מזון ומשקאות בע,,,"י""ח",500,"ל מ""ל",false,1,9.90,1.98,false,1,
7290014288423,false,נר נשמה 48 שעות בזכוכית שווה,ח.כהן סוכנות מזון ומשקאות בע,,,"י""ח",1,,false,1,4.90,4.90,false,1,
7290014288447,false,"נרות חנוכה צבעוניים ""שווה"" * -ללא חזרו",ח.כהן סוכנות מזון ומשקאות בע,,,"י""ח",1,,false,1,3.90,3.90,false,1,
7290014288454,false,"נרות חנוכה מיוחדים מהודרים ""שווה"" *",ח.כהן סוכנות מזון ומשקאות בע,,,"י""ח",1,,false,1,6.90,6.90,false,1,
7290014288461,false,נר נשמה שווה 24 שעות,ח.כהן סוכנות מזון ומשקאות בע,,,"י""ח",1,,false,1,2.90,2.90,true,1,
7290014288584,false,נייר אפיה 50 יחידות איכותי שווה*,ח.כהן סוכנות מזון ומשקאות בע,,,"י""ח",50,"י""ח",false,1,9.90,0.20,true,1,
7290014288614,false,רדיד אלומיניום קצר כוכבים גבוה/עבה 16M,ח.כהן סוכנות מזון ומשקאות בע,,,,10,"י""ח",false,1,21.90,2.19,false,1,
7290014288645,false,מגבונים מגבופיל 72יח שווה,ח.כהן סוכנות מזון ומשקאות בע,,,"י""ח",72,"י""ח",false,1,18.90,0.26,true,1,
7290014288737,false,"כוסות חד פעמי מעוטרות 40יח 285מ""ל שווה",ח.כהן סוכנות מזון ומשקאות בע,,,"י""ח",40,"י""ח",false,1,12.90,0.32,false,1,
7290014288843,false,נרות שבת מספרים שווה,ח.כהן סוכנות מזון ומשקאות בע,,,"י""ח",1,,false,1,3.90,3.90,false,1,
7290014288980,false,נייר טישו חמישיה (10 יח בקרטון) שווה*,ח.כהן סוכנות מזון ומשקאות בע,,,"י""ח",5,"י""ח",false,1,12.90,2.58,false,1,
7290014325036,false,סוכריות ג'לי עטופות שמחות מיה 600 גרם,מיה תעשיות מזון מ.ת.מ. בעמ,,,"י""ח",750,ל גרם,false,1,19.90,2.65,true,1,
7290014325135,false,"קונפיטורה אוכמניות 340 גרם כשל""פ חתם סופר",מיה תעשיות מזון מ.ת.מ בעמ,,,"י""ח",3400,ל גרם,false,1,13.90,0.41,false,1,
7290014356962,false,פתיתים בצורת קוסקוס 500ג אגא,אחים אגא (א.מ.) שיווק,,,"י""ח",500,ל גרם,false,1,4.50,0.90,true,1,
7290014397279,false,שקיות מזון גדולות XL סנו סושי 300 יחידות,החברה הדרומית לשיווק בעמ,,,"י""ח",1,,false,1,12.90,12.90,false,1,
7290014397453,false,סנו אוקסיגן גל מסיר כתמים כביסה לבנה 3 ל,החברה הדרומית לשיווק בעמ,,,"י""ח",3,ליטר,false,1,29.90,9.97,false,1,
7290014397675,false,מקסימה מרכך כביסה חלב ודבש סנו 4 ליטר,החברה הדרומית לשיווק בעמ,,,"י""ח",4,ליטר,false,1,21.90,5.48,false,1,
7290014397774,false,ריצפז פרש הום טבע רענן 2ל לרצפה,החברה הדרומית לשיווק בעמ,,,"י""ח",1.45,ליטר,false,1,22.90,15.79,false,1,
7290014397873,false,מרכך כביסה בבישום עוצמתי ג'נטל בריז,החברה הדרומית לשיווק בעמ,,,"י""ח",4,ליטר,false,1,21.90,5.48,false,1,
7290014426061,false,משחת שיניים הלו קיטי בטעם ענבים לגיל 2-6,גורי ע.ע.ע. בע`מ,,,"י""ח",50,ל גרם,false,1,13.80,27.60,false,1,
7290014435377,false,חומוס עם רוטב מסבחה שמיר 400 גרם,סלטי שמיר 2006 בעמ,,,"י""ח",400,ל גרם,false,1,11.90,2.98,true,1,
7290014435384,false,חומוס עם טחינה מיוחדת שמיר 400 גרם,סלטי שמיר 2006 בעמ,,,"י""ח",400,ל גרם,false,1,11.90,2.98,true,1,
7290014435704,false,סלמון מעושן פרוס 100ג(שמיר),שבעת הימים - שמיר,,,"י""ח",100,ל גרם,false,1,24.90,24.90,false,1,
7290014435810,false,נתחי הרינג כבוש עם בצל במרינת חמוץ מתוק שמיר 220 גרם,"סלטי שמיר 2006 בע""מ",,,"י""ח",180,ל גרם,false,1,19.90,11.06,false,1,
7290014435834,false,מקרל מעושן פרוס בשמן שמיר 180 גרם,"סלטי שמיר 2006 בע""מ",,,"י""ח",180,ל גרם,false,1,26.90,14.94,false,1,
7290014435872,false,סלט הרינג עם מיונז שמיר 200 גרם,"סלטי שמיר 2006 בע""מ",,,"י""ח",200,ל גרם,false,1,19.90,9.95,false,1,
7290014435889,false,סלט מטיאס עם מיונז שמיר 200 גרם,שבעת הימים - שמיר,,,"י""ח",200,ל גרם,false,1,19.90,9.95,false,1,
7290014435896,false,סלט סלמון עם מיונז שמיר 180 גרם,שבעת הימים - שמיר,,,"י""ח",200,ל גרם,false,1,23.90,11.95,false,1,
7290014455252,false,גבינת גרנה פדנו מגורדת 29% גד (100 גרם),מחלבות גד שיווק 1992 בעמ,,,"י""ח",100,ל גרם,false,1,12.40,12.40,true,1,
7290014455320,false,גבינה כדורי מוצרלה פרסקה גד 100ג',מחלבות גד שיווק 1992 בעמ,,,"י""ח",100,ל גרם,false,1,8.90,8.90,true,1,
7290014455467,false,ירח מתוק מעדן חלב 2% ושיבולת שועל גד 150ג',מחלבות גד שיווק 1992 בעמ,,,"י""ח",150,"ל מ""ל",false,1,6,4,true,1,
7290014459373,false,"צ'יפס קראנצ'י לתנור קפוא תפוגן 1.5ק""ג",קבוצת אוסם סחר שותפות מוגבלת,,,"י""ח",1.50,"ק""ג",false,1,26.40,17.60,false,1,
7290014459472,false,"תפוגן צ יפס קלאסי 2ק""ג (תפוגן)",קבוצת אוסם סחר שותפות מוגבלת,,,"י""ח",2.50,"ק""ג",false,1,29.90,11.96,false,1,
7290014459632,false,"צ'יפס טוגן תפוגן 1.5 ק""ג",קבוצת אוסם סחר שותפות מוגבלת,,,"י""ח",1.50,"ק""ג",false,1,17.90,11.93,false,1,
7290014466128,false,"יין הר חרמון אינדיגו 750 מ""ל",מיוצר וממולא על ידי יקב,,,"י""ח",750,"ל מ""ל",false,1,36.90,4.88,true,1,
7290014471412,false,"מוזלי בוטנים אגוזים ושקדים 1 ק""ג - 412 ירוק שקדיה",דין שיווק וקליה 2021 בעמ,,,"י""ח",0,"ק""ג",false,1,19.90,19.90,true,1,
7290014471436,false,"מוזלי צימוקים תפוח קינמון וגרעיני חמניה 1 ק""ג כחול שקדיה",דין שיווק וקליה 2021 בעמ,,,"י""ח",0,"ק""ג",false,1,19.90,19.90,true,1,
7290014472433,false,קונפיטורה תות שדה 70% פרי 450 גרם,דין שיווק וקליה 2021 בעמ,,,"י""ח",450,ל גרם,false,1,13.90,3.09,false,1,
7290014472990,false,ממרח 100% שקדים שקדיה (300 גרם),דין שיווק וקליה 2021 בעמ,,,"י""ח",300,ל גרם,false,1,34.90,11.63,false,1,
7290014525009,false,חטיף סלים פרוט Slim fruit בטעם יוגורט ובמילוי תפוח,סלים דליס Slim Delis,,,"י""ח",283,ל גרם,false,1,13.90,4.91,true,1,
7290014525016,false,עשיריית חטיף סלים פרוט מרבה יוגורט תות סלים דליס 18.2 גרם,ש.שסטוביץ בעמ,,,"י""ח",283,ל גרם,false,1,13.90,4.91,true,1,
7290014525023,false,חטיף בריאות יוגורט במילוי פירות יער 182ג,סלים דליס Slim Delis,,,"י""ח",283,ל גרם,false,1,13.90,4.91,true,1,
7290014525177,false,חטיף סלים פרוט Slim fruit בטעם יוגורט ופירות יער,סלים דליס Slim Delis,,,"י""ח",120,ל גרם,false,1,13.90,11.58,true,1,
7290014525290,false,חטיפי סלים דליס קריספי תות מרבה 125 גרם,סלים דליס Slim Delis,,,"י""ח",120,ל גרם,false,1,13.90,11.58,true,1,
7290014525306,false,חטיפי סלים דליס קריספי אוכמניות מרבה 125 גרם,סלים דליס Slim Delis,,,"י""ח",120,ל גרם,false,1,13.90,11.58,true,1,
7290014525313,false,חטיפי סלים דליס קריספי שוקולד מרבה 125 גרם,סלים דליס Slim Delis,,,"י""ח",120,ל גרם,false,1,13.90,11.58,true,1,
7290014525665,false,מרבה על חלל עוגיות קקאו וסוכריות שוק חלב 140 יח',ש.שסטוביץ בעמ,,,"י""ח",140,ל גרם,false,1,10.90,7.79,false,1,
7290014525672,false,מרבה על חלל עוגיות קקאו וסוכריות שוקולד חלב 140 גרם,ש.שסטוביץ בעמ,,,"י""ח",140,ל גרם,false,1,10.90,7.79,false,1,
7290014673366,false,כורכום טחון תבליני מימון (250 גרם),א.ל. ייצור ושיווק תבלינים בע`מ,,,"י""ח",250,ל גרם,false,1,21.90,8.76,false,1,
7290014673403,false,פלפל שחור טחון תבליני מימון (250 גרם),א.ל. ייצור ושיווק תבלינים בע`מ,,,"י""ח",250,ל גרם,false,1,27.90,11.16,false,1,
7290014692305,false,גבינת קממבר EURO CHEESE ויליפוד 125 גרם,ג.וילי-פוד אינטרנשיונל **גבינו,,,"י""ח",125,ל גרם,false,1,15.90,12.72,false,1,
7290014692541,false,פתיתים מגורדת וילי פוד (500 גרם)GOLDEN,ג.וילי-פוד אינטרנשיונל **גבינו,,,"י""ח",500,ל גרם,false,1,19.90,3.98,false,1,
7290014692565,false,גרעיני תירס מתוק וילי פוד (320 גרם),ג.וילי-פוד אינטרנשיונל בעמ,,,"י""ח",320,ל גרם,false,1,5.90,1.84,true,1,
7290014692817,false,גבינת מוצרלה מגורדתEURO CHEESE ויליפוד 200 גרם,ג.וילי-פוד אינטרנשיונל **גבינו,,,"י""ח",200,ל גרם,false,1,16.90,8.45,false,1,
7290014748613,false,מקלוני דגים בציפוי צ'יפס דג טוב 600 גרם,קבוצת אוסם סחר שותפות מוגבלת,,,"י""ח",170,ל גרם,false,1,28.90,17,false,1,
7290014749245,false,ספיישל רצועות שניצל שומשום עוף טוב 600 גרם,קבוצת אוסם סחר שותפות מוגבלת,,,"י""ח",700,ל גרם,false,1,39.90,5.70,true,1,
7290014749764,false,עוף טוב שניצל עוף ביתי עדין כזה 700 גרם,קבוצת אוסם סחר שותפות מוגבלת,,,"י""ח",700,ל גרם,false,1,33.90,4.84,true,1,
7290014758100,false,מאגדת יוגורט ביו 3% שומן 8 יח' *150ג' תנובה,מיוצר עי קונדיטוריית,,,"י""ח",1.20,ליטר,false,1,17.30,14.42,true,1,
7290014758117,false,מאגדת יוגורט ביו 1.5% שומן 8 יח' *150 ג' תנובה,מיוצר עי קונדיטוריית,,,"י""ח",1.20,ליטר,false,1,17.30,14.42,true,1,
7290014758162,false,חלב עיזים מלא 3.6% שומן תנובה (1 ליטר),תנובה מרכז שיתופי לש,,,"י""ח",1,ליטר,false,1,15.70,15.70,false,1,
7290014758681,false,גבינת קוטג`1% בגביע תנובה (250 גרם),מיוצר עי קונדיטוריית,,,"י""ח",275,ל גרם,false,1,5.90,2.15,false,1,
7290014759084,false,גבינת שמנת נפוליאון 16% מופחת שומן תנובה 225 גרם,תנובה מרכז שיתופי לש,,,"י""ח",225,ל גרם,false,1,15,6.67,false,1,
7290014760134,false,"מעדן סויה בטעם וניל תנובה 125 מ""ל",תנובה Alternative,,,"י""ח",125,"ל מ""ל",false,1,4.70,3.76,false,1,
7290014760141,false,משקה שקדים טרי תנובה (1 ליטר),"תנובה בע""מ ***",,,"י""ח",1,ליטר,false,1,13.90,13.90,true,1,
7290014760912,false,גבינה צהובה 28% מהדרין גוש חלב (400 גרם),תנובה מרכז שיתופי לש,,,"י""ח",400,ל גרם,false,1,26.10,6.53,false,1,
7290014761056,false,מעדן שוקולד חלב יולו תנובה 123 גרם,מיוצר עי קונדיטוריית,,,"י""ח",123,"ל מ""ל",false,1,5,4.07,true,1,
7290014761063,false,מעדן שוקולד מריר יולו תנובה 123 גרם,מיוצר עי קונדיטוריית,,,"י""ח",123,"ל מ""ל",false,1,5,4.07,true,1,
7290014761070,false,מעדן שוקולד לבן יולו תנובה 123 גרם,מיוצר עי קונדיטוריית,,,"י""ח",123,"ל מ""ל",false,1,5,4.07,true,1,
7290014761414,false,יולו מעדן שכבות שוקולד חלב ולבן 123 גר,מיוצר עי קונדיטוריית,,,"י""ח",123,"ל מ""ל",false,1,5,4.07,true,1,
7290014761438,false,פיראוס בולגרית קלאסית 24% סמי מעדניה 400,תנובה מרכז שיתופי לש,,,"י""ח",400,ל גרם,false,1,27.20,6.80,false,1,
7290014761612,false,מעדן שכבות שוקולד מריר ולבן יולו 122 גרם,מיוצר עי קונדיטוריית,,,"י""ח",123,"ל מ""ל",false,1,5,4.07,true,1,
7290014761698,false,"גבינת עמק 28% סמי חצי קשה 600 גרם בד""ץ",תנובה מרכז שיתופי לש,,,"י""ח",600,ל גרם,false,1,30.90,5.15,false,1,
7290014762831,false,גבינת שמנת נפוליאון 16% עם פלפל חלפיניו תנובה 225 גרם,תנובה מרכז שיתופי לש,,,"י""ח",225,ל גרם,false,1,15,6.67,false,1,
7290014762909,false,פתיתי מוצרלה השף הלבן 10% תוספת מתנה,"תנובה, מחלבת תל יוסף",,,"י""ח",200,ל גרם,false,1,17.90,8.95,false,1,
7290014763418,false,"כד יוגרט תנובה 4% שומן 1.5 ליטר, מהדרין",תנובה מרכז שיתופי לש,,,"י""ח",1,ליטר,false,1,16.90,16.90,false,1,
7290014789913,false,עוגיות אוראו קרם בטעם וניל מארז 176 גרם,דיפלומט מפיצים (1968) בעמ**,,,"י""ח",352,ל גרם,false,1,23.90,6.79,true,1,
7290014791336,false,מי מינרלים בודד ליטר,יפאורה שותפות מוגבלת לשיווק,,,"י""ח",500,"ל מ""ל",false,1,4.20,0.78,false,1,
7290014855434,false,מגבונים בייביסיטר פרפורמנס מבושם רביעיה,בייביסיטר Babysitter,,,"י""ח",1,,false,1,16.90,16.90,true,1,
7290014855458,false,מגבוני בייביסיטר פרפורמנס ללא בישום מארז 72X4יח',בייביסיטר Babysitter,,,"י""ח",1,,false,1,16.90,16.90,true,1,
7290014860070,false,"מקלוני אורז ללא גלוטן 5 מ""מ 454גר' (אור)",מזרח ומערב יבוא ושיווק,,,"י""ח",454,ל גרם,false,1,10.90,2.40,true,1,
7290014860988,false,"קרם קוקוס 17% סלבס 400מ""ל מזרח ומערב",מזרח ומערב יבוא ושיווק,,,"י""ח",400,"ל מ""ל",false,1,9.90,2.48,true,1,
7290014905160,false,"הפי מטהר אוויר פניני ריח בניחוחות, 130 גרם","יעקב יעקבי ובניו בע""מ",,,"י""ח",1,,false,1,10.90,10.90,false,1,
7290014905207,false,"הג'ל הכחול לניקוי האסלה יעקבי 750 מ""ל",יעקב יעקבי ובניו בעמ,,,"י""ח",750,"ל מ""ל",false,1,7.90,1.05,false,1,
7290014905498,false,הפי מטליות דו צדדיות בגליל 20 מטליות,"יעקב יעקבי ובניו בע""מ",,,"י""ח",1,,false,1,11.90,11.90,false,1,
7290014905696,false,"נוזל כלים הפי מרוכז 24% לימון 750 מ""ל","יעקב יעקבי ובניו בע""מ",,,"י""ח",750,"ל מ""ל",false,1,7.90,1.05,false,1,
7290014905719,false,מנטרל ריחות בניחוח לימון למדיח כלים,"יעקב יעקבי ובניו בע""מ",,,"י""ח",1,,false,1,10.90,10.90,false,1,
7290014905733,false,נוזל לניקוי חלונות הפי (750 מל),"יעקב יעקבי ובניו בע""מ",,,"י""ח",750,"ל מ""ל",false,1,8.90,1.19,true,1,
7290014940901,false,לחם פשוט מלא לילדים פרוס אנג`ל (750 גרם),מאפיית שלמה א. אנג'\ל בע,,,"י""ח",750,ל גרם,false,1,14.90,1.99,false,1,
7290014974593,false,גביעי גלידה 12 מגולגל ללא גלוטן גילרו*,ח.כהן סוכנות מזון ומשקאות בע,,,"י""ח",12,"י""ח",false,1,16.90,1.41,false,1,
7290015005555,false,"צ'יפס אמריקאי 2 ק""ג פרי הגליל",ויטה- פרי גליל (החדשה) בעמ,,,"י""ח",2,"ק""ג",false,1,27.90,13.95,false,1,
7290015014168,false,בייבי מיקס רמי לוי,ביכורי השדה צפון 1994 ג.ד. בעמ,,,"י""ח",300,ל גרם,false,1,9.90,3.30,false,1,
7290015014182,false,לבבות קיסר בנספק רמי לוי,ביכורי השדה צפון 1994 ג.ד. בעמ,,,"י""ח",300,ל גרם,false,1,9.90,3.30,true,1,
7290015014274,false,צנונית ארוזה שמיטה,ביכורי השדה צפון 1994 ג.ד. בעמ,,,"י""ח",1,,false,1,7.90,7.90,false,1,
7290015014465,false,רוזמרין (בוסתן),ביכורי השדה צפון 1994 ג.ד. בעמ,,,"י""ח",1,,false,1,6.90,6.90,false,1,
7290015014472,false,קורנית(בוסתן),ביכורי השדה צפון 1994 ג.ד. בעמ,,,"י""ח",1,,false,1,6.90,6.90,false,1,
7290015027021,false,עוגות שמרים פרימיום 500גר,הלל בן הלל שיווק ומסחר בעמ,,,"י""ח",500,ל גרם,false,1,21.90,4.38,false,1,
7290015039055,false,"רוטב צ'ילי חריף תאילנדי וילי פוד 700 מ""ל",ג.וילי פוד אינטרנשיונל בעמ,,,"י""ח",700,"ל מ""ל",false,1,9.90,1.41,false,1,
7290015039246,false,נתחי טונה בשמן צמחי רביעיה * 160 ג' וילי פוד,ג.וילי פוד אינטרנשיונל בעמ,,,"י""ח",640,ל גרם,false,1,22.90,3.58,false,1,
7290015039338,false,נתחי טונה במי מלח רביעיה * 160 ג' וילי פוד,ג.וילי-פוד אינטרנשיונל בעמ,,,"י""ח",640,ל גרם,false,1,19.90,3.11,false,1,
7290015039499,false,ויליפוד עוגיות חמאה איטלקיות מובחרות 1ק,ג.וילי-פוד אינטרנשיונל בעמ,,,"י""ח",1,"ק""ג",false,1,12.90,12.90,true,1,
7290015139267,false,שוקולד מריר עם שקדים ללא תוספת סוכר וסטהיים,"כרמית תעשיות ממתקים בע""\",,,"י""ח",85,ל גרם,false,1,6.90,8.12,true,1,
7290015139571,false,חופשי ופל בארים בציפוי שוקולד 25 גר,"כרמית תעשיות ממתקים בע""\",,,"י""ח",25,ל גרם,false,1,10.90,43.60,false,1,
7290015150088,false,מחית עגבניות קלה גרנד איטליה 700 גרם,תה ויסוצקי (ישראל) בעמ,,,"י""ח",700,ל גרם,false,1,12.50,1.79,true,1,
7290015150118,false,שלישיית עגבניות חתוכות דק גרנד איטליה 400 גרם,תה ויסוצקי (ישראל) בעמ,,,"י""ח",400,ל גרם,false,1,17.90,4.48,false,1,
7290015155830,false,מחית תפוחי עץ ובננה חטיפטף ללא תוספת סוכר,גורי מוצרי צריכה (1991) בעמ,,,"י""ח",120,ל גרם,false,1,6.90,5.75,true,1,
7290015155878,false,חטיף אורז אפוי לתינוקות טבעי חטיפטף 28גר,גורי מוצרי צריכה בעמ,,,"י""ח",1,,false,1,6.90,6.90,false,1,
7290015155885,false,חטיפטף - חטיף אורז אפוי בטעם אוכמניות 28 גרם,גורי מוצרי צריכה (1991) בעמ,,,"י""ח",1,,false,1,6.90,6.90,false,1,
7290015155892,false,חטיף אורז אפוי לתינוקות בננה חטיפטף 28גר,גורי מוצרי צריכה (1991) בעמ,,,"י""ח",1,,false,1,6.90,6.90,false,1,
7290015156769,false,מחית פרינוק פאוץ' תפוח ואוכמניות 120 גרם,גורי מוצרי צריכה (1991) בעמ,,,"י""ח",120,ל גרם,false,1,6.90,5.75,true,1,
7290015156790,false,מחית לפתן פירות חטיפטף ללא תוספת סוכר,גורי מוצרי צריכה (1991) בעמ,,,"י""ח",120,ל גרם,false,1,6.90,5.75,true,1,
7290015164832,false,מחית קארי ירוק 400 גרם SUREE כשר,מזרח ומערב יבוא ושיווק,,,"י""ח",400,ל גרם,false,1,19.90,4.98,false,1,
7290015178266,false,אוליביה רוטב פלפלת שחורה 270 גרם,תה ויסוצקי (ישראל)בעמ,,,"י""ח",480,"ל מ""ל",false,1,13.90,2.90,true,1,
7290015178273,false,רוטב מרינדה לעוף בגריל אוליביה 270 גר,תה ויסוצקי (ישראל)בעמ,,,"י""ח",530,"ל מ""ל",false,1,13.90,2.62,true,1,
7290015251341,false,תחליב רחצה אקזוטי+משאבה1ל נובו,סאסאטק אגשח בעמ,,,"י""ח",1,ליטר,false,1,10.90,10.90,false,1,
7290015282000,false,איקרא אדומה SEVEN SEAS 200 גרם,שבעת הימים - שמיר,,,"י""ח",200,ל גרם,false,1,14.90,7.45,false,1,
7290015282024,false,איקרא לבנה SEVEN SEAS 200 גרם,"סלטי שמיר 2006 בע""מ",,,"י""ח",200,ל גרם,false,1,14.90,7.45,false,1,
7290015282390,false,סלט תורכי 200 גרם שמיר,"סלטי שמיר 2006 בע""מ",,,"י""ח",200,ל גרם,false,1,12.90,6.45,true,1,
7290015282581,false,חומוס אבו גוש עם חריף שמיר 200 גרם,"סלטי שמיר 2006 בע""מ",,,"י""ח",200,ל גרם,false,1,11.90,5.95,true,1,
7290015282604,false,טחינה מיוחדת גורמה שמיר 200 גרם,"סלטי שמיר 2006 בע""מ",,,"י""ח",200,ל גרם,false,1,11.90,5.95,true,1,
7290015282628,false,חציל בטעם כבד גורמה שמיר 200 גרם,"סלטי שמיר 2006 בע""מ",,,"י""ח",200,ל גרם,false,1,12.90,6.45,true,1,
7290015282635,false,חומוס מסבחה גורמה שמיר 200 גרם,"סלטי שמיר 2006 בע""מ",,,"י""ח",200,ל גרם,false,1,11.90,5.95,true,1,
7290015282642,false,חומוס אבו גוש גורמה שמיר 200 גרם,"סלטי שמיר 2006 בע""מ",,,"י""ח",200,ל גרם,false,1,11.90,5.95,true,1,
7290015282666,false,סלט טונה עם ירקות 200 גר,"סלטי שמיר 2006 בע""מ",,,"י""ח",200,ל גרם,false,1,18.90,9.45,false,1,
7290015282673,false,חציל במיונז ביתי גורמה שמיר 200 גרם,"סלטי שמיר 2006 בע""מ",,,"י""ח",200,ל גרם,false,1,11.90,5.95,true,1,
7290015282680,false,קישוא בטעם כבד גורמה שמיר 200 גרם,"סלטי שמיר 2006 בע""מ",,,"י""ח",200,ל גרם,false,1,12.90,6.45,true,1,
7290015282697,false,כרוב אדום שמיר גורמה 200גר,"סלטי שמיר 2006 בע""מ",,,"י""ח",200,ל גרם,false,1,12.90,6.45,true,1,
7290015282710,false,קוביות סלק גורמה שמיר 200 גרם,"סלטי שמיר 2006 בע""מ",,,"י""ח",200,ל גרם,false,1,11.90,5.95,true,1,
7290015282727,false,גזר מרוקאי ברוטב פיקנטי אסלי שמיר 200 ג',"סלטי שמיר 2006 בע""מ",,,"י""ח",200,ל גרם,false,1,12.90,6.45,true,1,
7290015282734,false,מטבוחה ביתית גורמה שמיר 200 גרם,"סלטי שמיר 2006 בע""מ",,,"י""ח",200,ל גרם,false,1,12.90,6.45,true,1,
7290015282741,false,חציל תאילנדי אסלי שמיר 200 ג',"סלטי שמיר 2006 בע""מ",,,"י""ח",200,ל גרם,false,1,12.90,6.45,true,1,
7290015282796,false,"סלט תפו""א שמיר במיונז 200ג'","סלטי שמיר 2006 בע""מ",,,"י""ח",200,ל גרם,false,1,12.90,6.45,true,1,
7290015324007,false,פלפל שחור גרוס 80 גר' טעם וריח,"תבליני טעם וריח בע""מ",,,"י""ח",1,,false,1,10.90,10.90,false,1,
7290015324014,false,"פלפל שחור טחון בשקית 80 גרם ""טעם וריח""","תבליני טעם וריח בע""מ",,,"י""ח",1,,false,1,10.90,10.90,false,1,
7290015324038,false,פפריקה מתוקה בשמן 100 גרם טעם וריח,"תבליני טעם וריח בע""מ",,,"י""ח",1,,false,1,5.90,5.90,false,1,
7290015324052,false,פפריקה מתוקה 80 גר' טעם וריח,"תבליני טעם וריח בע""מ",,,"י""ח",1,,false,1,5.90,5.90,false,1,
7290015324069,false,גריל עוף 80 גר' טעם וריח,"תבליני טעם וריח בע""מ",,,"י""ח",1,,false,1,5.90,5.90,false,1,
7290015324076,false,זעתר מעורב 80 גר' טעם וריח,"תבליני טעם וריח בע""מ",,,"י""ח",1,,false,1,5.90,5.90,false,1,
7290015324083,false,מלח לימון 80 גר' טעם וריח,"תבליני טעם וריח בע""מ",,,"י""ח",1,,false,1,5.90,5.90,false,1,
7290015324090,false,כמון טחון 80 גר' טעם וריח,"תבליני טעם וריח בע""מ",,,"י""ח",1,,false,1,5.90,5.90,false,1,
7290015324106,false,כורכום טחון 80 גר' טעם וריח,"תבליני טעם וריח בע""מ",,,"י""ח",1,,false,1,5.90,5.90,false,1,
7290015324113,false,טעם וריח בהרט שקית 8,"תבליני טעם וריח בע""מ",,,"י""ח",1,,false,1,5.90,5.90,false,1,
7290015324120,false,שום גבישי 80 גר' טעם וריח,"תבליני טעם וריח בע""מ",,,"י""ח",1,,false,1,5.90,5.90,false,1,
7290015324151,false,חוואיג' למרק 80 גר' טעם וריח,"תבליני טעם וריח בע""מ",,,"י""ח",1,,false,1,5.90,5.90,false,1,
7290015324168,false,שק 80 גרם על האש ללא מונוסטדיום,"תבליני טעם וריח בע""מ",,,"י""ח",80,ל גרם,false,1,5.90,7.38,false,1,
7290015324175,false,תיבול לשווארמה 80 גר' טעם וריח,"תבליני טעם וריח בע""מ",,,"י""ח",1,,false,1,5.90,5.90,false,1,
7290015324519,false,תערובת לפיצה שקית 80 גרם,"תבליני טעם וריח בע""מ",,,"י""ח",80,ל גרם,false,1,5.90,7.38,false,1,
7290015324526,false,תערובת תיבול לפרגיות 80 גרם,"תבליני טעם וריח בע""מ",,,"י""ח",80,ל גרם,false,1,5.90,7.38,false,1,
7290015324540,false,טימין מיכל גדול 30 גרם,"תבליני טעם וריח בע""מ",,,"י""ח",30,ל גרם,false,1,9.90,33,true,1,
7290015324564,false,בכוסברה טחונה מיכל גדול 70 גרם,"תבליני טעם וריח בע""מ",,,"י""ח",70,ל גרם,false,1,9.90,14.14,true,1,
7290015324571,false,פפריקה מתוקה בשמן בסגנון מרוקאי 400גרם.,"תבליני טעם וריח בע""\מ",,,"י""ח",400,ל גרם,false,1,19.90,4.98,false,1,
7290015324687,false,מטחנת לקט פלפל 50 ג' טעם וריח,תבליני טעם וריח בעמ,,,"י""ח",30,ל גרם,false,1,14.90,49.67,true,1,
7290015324694,false,מטחנת מלח ים 100 ג' טעם וריח,תבליני טעם וריח בעמ,,,"י""ח",100,ל גרם,false,1,14.90,14.90,true,1,
7290015339438,false,"דבש טהור טבעי 1 ק""ג",טעמן שווק מזון בעמ,,,"י""ח",1,"ק""ג",false,1,45.90,45.90,false,1,
7290015339469,false,"אורז פרסי קלאסי טעמן 1 ק""ג",יותאי פרודוס קומפני,,,"י""ח",1,"ק""ג",false,1,7.90,7.90,false,1,
7290015339643,false,שוקולד מריר 100 גרם טעמן.,טעמן שיווק מזון בעמ,,,"י""ח",100,ל גרם,false,1,6.90,6.90,true,1,
7290015339650,false,שוקולד חלב 100 גרם טעמן.,טעמן שיווק מזון בעמ,,,"י""ח",100,ל גרם,false,1,6.90,6.90,true,1,
7290015347358,false,סודה לשתיה בקרטונית מיה 50 גרם,מיה תעשיות מזון מ.ת.מ. בעמ,,,"י""ח",150,ל גרם,false,1,1.90,1.27,false,1,
7290015347464,false,מיה קינואה מעורבת 400 גרם,מיה תעשיות מזון מ.ת.מ. בעמ,,,"י""ח",500,ל גרם,false,1,14.90,2.98,true,1,
7290015347488,false,"סוכר דמררה חום שקית מיה 1 ק""ג",מיה תעשיות מזון מ.ת.מ. בעמ,,,"י""ח",1,"ק""ג",false,1,8.90,8.90,false,1,
7290015348423,false,מיץ ענבים סגל משפחות 1 ליטר,טמפו משקאות בעמ,,,"י""ח",7.50,"י""ח",false,1,15.90,2.08,true,1,
7290015350150,false,יין אדום חצי יבש של סגל (750 מל),"כרמי צבי - אחים סגל בע""\",,,"י""ח",750,"ל מ""ל",false,1,22.90,3.01,true,1,
7290015366663,false,"משחת שיניים מנטה עדין אקווה פרש 100 מ""ל",גלקסוסמיתקליין,,,"י""ח",100,ל גרם,false,1,8.90,8.90,true,1,
7290015366670,false,משחת שיניים בטעם מנטה אקוהפרש (100 מל),גלקסוסמיתקליין,,,"י""ח",100,ל גרם,false,1,8.90,8.90,true,1,
7290015596831,false,"קרם גוף מעושר בשמן אבוקדו אפקטיב קר ד""ר פישר",פישר תעשיות פרמבצטיות בעמ,,,"י""ח",450,"ל מ""ל",false,1,24.90,5.53,true,1,
7290015597326,false,אסקימו מאגדת קלי קלות שטראוס 10 יחידות,"גלידת שטראוס בע""\מ, רחוב",,,"י""ח",1,,false,1,28.90,28.90,false,1,
7290015603188,false,אטריות ביצים 454ג' (כ) (fu),פוגיאן לונגהי אנלידה אינ,,,"י""ח",0.4540,"ק""ג",false,1,10.90,24.01,true,1,
7290015603546,false,"שימורי קרם קוקוס 17-19% 400 מ""ל (ASIATIC)(כ)",מזרח ומערב יבוא ושיווק,,,"י""ח",400,ל גרם,false,1,8.90,2.23,false,1,
7290015603591,false,גינגר ורוד כבוש ללא מונוסודיום 160 גרם,מזרח ומערב יבוא ושיווק,,,"י""ח",160,ל גרם,false,1,9.50,5.94,false,1,
7290015644297,false,שישיית לחמניות פשוט מלא אנג'ל 450 גרם,מאפיית שלמה א. אנג'\ל בע,,,"י""ח",6,"י""ח",false,1,11.90,1.98,false,1,
7290015652087,false,תערובת פיצוחים בשקית ששון הקולה 150 גרם,דין שיווק וקליה 2021 בעמ,,,"י""ח",150,ל גרם,false,1,14.90,9.93,false,1,
7290015652124,false,"רוטב סריראציה חריף מאוד 450 מ""ל אהרוני",דין שיווק וקליה 2021 בעמ,,,"י""ח",450,"ל מ""ל",false,1,16.90,3.76,false,1,
7290015652278,false,תערובת פיצוחים 250 גרם ששון הקולה,דין שיווק וקליה 2021 בעמ,,,"י""ח",250,ל גרם,false,1,20,8,false,1,
7290015652285,false,אגוזים קלופים ששון הקולה 250 גרם,דין שיווק וקליה 2021 בעמ,,,"י""ח",250,ל גרם,false,1,20,8,false,1,
7290015652292,false,קבוקים עם שומשום ששון הקולה 400 גרם,דין שיווק וקליה 2021 בעמ,,,"י""ח",400,ל גרם,false,1,10,2.50,false,1,
7290015652308,false,מנצ'ס ששון הקולה 400 גרם,דין שיווק וקליה 2021 בעמ,,,"י""ח",300,ל גרם,false,1,10,3.33,false,1,
7290015652322,false,בוטנים אמריקאיים מצופים 400 גר ששון הקלה,דין שיווק וקליה 2021 בעמ,,,"י""ח",400,ל גרם,false,1,10,2.50,false,1,
7290015652407,false,פיסטוק קלוי ששון הקולה (250 גרם),דין שיווק וקליה 2021 בעמ,,,"י""ח",250,ל גרם,false,1,20,8,false,1,
7290015652605,false,פיסטוק קלוף השף 100 גרם,דין שיווק וקליה 2021 בעמ,,,"י""ח",150,ל גרם,false,1,25.90,17.27,false,1,
7290015699730,false,סבון דה מארסיי יעקבי 1.5 ליטר *חדש-,"יעקב יעקבי ובניו בע""מ",,,"י""ח",1.50,ליטר,false,1,10.90,7.27,false,1,
7290015733120,false,מטרנה גולד שלב 1 תרכובת מזון על בסיס חלבי,קבוצת אוסם סחר שותפות מוגבלת,,,"י""ח",700,ל גרם,false,1,74.90,10.70,true,1,
7290015733144,false,מטרנה גולד שלב 2 תרכובת מזון על בסיס חלבי,קבוצת אוסם סחר-שות.מוגבלת,,,"י""ח",700,ל גרם,false,1,74.90,10.70,true,1,
7290015733465,false,דייסת מטרנה גם וגם קרנפלור פרו 300 גרם,קבוצת אוסם סחר שותפות מוגבלת,,,"י""ח",300,ל גרם,false,1,19.90,6.63,false,1,
7290015781008,false,"יין VISION מרלו אדום טפרברג 750 מ""ל",יקב טפרברג 1870 בעמ (יינות ומש,,,"י""ח",750,"ל מ""ל",false,1,39.90,5.28,true,1,
7290015781091,false,"יין VISION קברנה סוביניון טפרברג 750 מ""ל",יקב טפרברג 1870 בעמ (יינות ומש,,,"י""ח",750,"ל מ""ל",false,1,39.90,5.28,true,1,
7290015781121,false,"יין IMPRESSION קברנה סוביניון יבש טפרברג 750 מ""ל",יקב טפרברג 1870 בעמ (יינות ומש,,,"י""ח",750,"ל מ""ל",false,1,49.90,6.61,true,1,
7290015821728,false,נר נשמה בכוס פלסטיק 48,פאלאס תעשיות נטו (2014) בעמ,,,"י""ח",1,,false,1,5.20,5.20,false,1,
7290015858106,false,"ממרח פסטו ביתי 180 גרם ""עללחם""",שטראוס גרופ בעמ/מצונן,,,"י""ח",180,ל גרם,false,1,17.90,9.94,true,1,
7290015858328,false,עללחם ממרח איולי פסטו 295 גרם,"מדשא תעשיות מזון בע""\מ",,,"י""ח",295,ל גרם,false,1,14.90,5.05,true,1,
7290015858441,false,עללחם ממרח איולי פלפלים 295 גרם,"מדשא תעשיות מזון בע""\מ",,,"י""ח",295,ל גרם,false,1,14.90,5.05,true,1,
7290015858687,false,עללחם ממרח איולי שום 295 גרם,"מדשא תעשיות מזון בע""\מ",,,"י""ח",295,ל גרם,false,1,14.90,5.05,true,1,
7290015858694,false,עללחם ממרח איולי שום לימון 295 גרם,"מדשא תעשיות מזון בע""\מ",,,"י""ח",295,ל גרם,false,1,14.90,5.05,true,1,
7290015865739,false,ענבי ציון קונפיטורה לייט אוכמניות 400 גר,אבאל יזמות בעמ,,,"י""ח",400,ל גרם,false,1,19.90,4.98,false,1,
7290015872096,false,חומוס אסלי שמיר 700 גרם,"סלטי שמיר 2006 בע""מ",,,"י""ח",700,ל גרם,false,1,10.90,1.56,true,1,
7290015872553,false,חומוס של מסעדה שמיר 700 גרם,"סלטי שמיר 2006 בע""מ",,,"י""ח",0.70,"ק""ג",false,1,13.90,19.86,true,1,
7290015951890,false,"יין הר חרמון קברנה סוביניון 750 מ""ל.",היכל היין שקד גולן בעמ,,,"י""ח",750,"ל מ""ל",false,1,36.90,4.88,true,1,
7290015968102,false,קיסמי שיניים רפויים עם חוט דנטאלי 100 יחידות,אינטרסן (1996) בעמ,,,"י""ח",200,"י""ח",false,1,15.90,0.08,true,1,
7290015968140,false,אטב אחיזה רחבה בעיצוב איטלקי הוסטס 36 יח,אינטרסן (1996) בעמ,,,"י""ח",48,"י""ח",false,1,15.90,0.33,true,1,
7290015968782,false,פדים להסרת איפור במארז 80X3 יח',אינטרסן (1996) בעמ,,,"י""ח",3,"י""ח",false,1,17.90,5.97,true,1,
7290015996983,false,סוכרלוז סוכרזית 0 קלוריות 100 שקיות,"שטראוס גרופ בע""מ",,,"י""ח",100,ל גרם,false,1,28.90,28.90,false,1,
7290016006025,false,שוופס סודה 0.50 ליטר בקבוק,יפאורה שותפות מוגבלת לשיווק,,,"י""ח",500,"ל מ""ל",false,1,2.60,0.46,false,1,
7290016006292,false,נקטר מנגו בננה מלון קרטונית 1 ל' ספרינג,יפאורה שותפות מובגלת לשיווק,,,"י""ח",1,ליטר,false,1,6.90,6.90,true,1,
7290016006339,false,מים מינרלים מי עדן (1x4 ליטר),יפאורה שותפות מוגבלת לשיווק,,,"י""ח",9,ליטר,false,1,11.90,1.19,false,1,
7290016006346,false,שוופס סודה 0.5 ליטר מארז שישייה,יפאורה שותפות מובגלת לשיווק,,,"י""ח",300,"ל מ""ל",false,1,14.90,4.37,true,1,
7290016076011,false,לבש ארמני 4 יח 330 גרם,מאפיית דואט בעמ,,,"י""ח",330,ל גרם,false,1,16.90,5.12,false,1,
7290016077759,false,רוטב ברביקיו קלאסי היינץ 480 גרם,דיפלומט מפיצים (1968) בעמ**,,,"י""ח",480,ל גרם,false,1,16.90,3.52,false,1,
7290016087499,false,עגבניות חתוכות מארז 400X3ג' אריזות ירושלים,ח.כהן סוכנות מזון ומשקאות בע,,,"י""ח",400,ל גרם,false,1,13.90,3.48,false,1,
7290016096491,false,נתחי טונה בהירה בשמן צמחי שלישיה *80ג' פילטונה,תעשיות פיל טונה בעמ,,,"י""ח",240,ל גרם,false,1,11.90,4.96,true,1,
7290016096705,false,נתחי טונה בשמן צמחי פילטונה רביעיה *110 ג',תעשיות פילטונה בעמ,,,"י""ח",440,ל גרם,false,1,19.90,4.52,false,1,
7290016096934,false,מארז זוגות סלט טונה 2*160 ג' פילטונה,תעשיות פיל טונה בעמ,,,"י""ח",320,ל גרם,false,1,11.90,3.72,true,1,
7290016106671,false,נתחי טונה בהירה בשמן צמחי,טעמן שווק מזון בעמ,,,"י""ח",140,ל גרם,false,1,4.50,3.21,false,1,
7290016106688,false,נתחי טונה במי מלח טעמן 140 ג',טעמן שווק מזון בעמ,,,"י""ח",140,ל גרם,false,1,4.50,3.21,false,1,
7290016114300,false,נייר טואלט דו שכבתי אורך כפול לבן לילי 16 גלילים,קימברלי קלארק ישראל שיווק בעמ,,,"י""ח",1953,ל גרם,false,1,42.90,2.20,true,1,
7290016136739,false,GFREE פתיתי פוזילי על בסיס קמח תירס וקמח,גורי מוצרי צריכה (1991) בעמ,,,"י""ח",340,ל גרם,false,1,11.40,3.35,false,1,
7290016144000,false,"קמח חיטה מלאה נפלאות 80% 1 ק""ג",תה ויסוצקי (ישראל)בעמ,,,"י""ח",1,"ק""ג",false,1,9.90,9.90,true,1,
7290016144017,false,"קמח מלא נפלאות 100% ללא ניפוי 1 ק""ג",תה ויסוצקי (ישראל)בעמ,,,"י""ח",1,"ק""ג",false,1,10.90,10.90,true,1,
7290016144031,false,"נפלאות קמח חיטה לבן מנופה 1 ק""ג",תה ויסוצקי (ישראל)בעמ,,,"י""ח",1,"ק""ג",false,1,7.90,7.90,false,1,
7290016144062,false,"קמח שיפון מלא נפלאות, 1 ק""ג",תה ויסוצקי (ישראל)בעמ,,,"י""ח",1,"ק""ג",false,1,11.90,11.90,false,1,
7290016150117,false,סלק אדום מקולף ומבושל500,ביג פוד כחול לבן בעמ*שיק 30 יו,,,"י""ח",500,ל גרם,false,1,8.90,1.78,true,1,
7290016162233,false,עוגיות ממולאות סוגים שונים 200 גרם קפולסקי,קפולסקי אדל בעמ,,,"י""ח",280,ל גרם,false,1,19.90,7.11,false,1,
7290016162264,false,עוגת גבינה רנסנס קפולסקי (450 גרם),קפולסקי שיווק וקמעונ,,,"י""ח",450,ל גרם,false,1,44.90,9.98,false,1,
7290016188592,false,GIACOBAZZI למברוסקו אדום חצי יבש יקבי כרמל,"כד בני דרום בע""מ",,,"י""ח",750,"ל מ""ל",false,1,24.90,3.28,true,1,
7290016197488,false,מטליות מיקרופייבר למשטחים ניקול 3יח',קימברלי קלארק ישראל שיווק בעמ,,,"י""ח",3,"י""ח",false,1,16.90,5.63,false,1,
7290016197495,false,ניקול זוג מטליות הקסם מיקרופייבר לרצפה,קימברלי קלארק ישראל שיווק בעמ,,,"י""ח",2,"י""ח",false,1,21.90,10.95,false,1,
7290016197600,false,דיפנד - תחבושת לנשים נורמל 12 יח',קימברלי קלארק ישראל שיווק בעמ,,,"י""ח",1,,false,1,19.90,19.90,true,1,
7290016197617,false,תחבושת לנשים אקסטרה דיפנד 10 יחידות,קימברלי קלארק ישראל שיווק בעמ,,,"י""ח",1,,false,1,19.90,19.90,true,1,
7290016197624,false,תחבושות לנשים סופר דיפנד 8 יחידות,קימברלי קלארק ישראל שיווק בעמ,,,"י""ח",1,,false,1,19.90,19.90,true,1,
7290016197839,false,ניקול השקית החזקה 20 יח' XL,קימברלי קלארק ישראל שיווק בעמ,,,"י""ח",1,"י""ח",false,1,23.90,23.90,false,1,
7290016197853,false,ניקול שקיות אשפה לפחים קטנים 42X45 סמ,קימברלי קלארק ישראל שיווק בעמ,,,"י""ח",50,"י""ח",false,1,17.90,0.36,false,1,
7290016217643,false,חמוצים סיני אסלי שמיר 400 גרם,"סלטי שמיר 2006 בע""מ",,,"י""ח",400,ל גרם,false,1,10.90,2.73,true,1,
7290016217735,false,חציל על האש 200גרם גורמה,"סלטי שמיר 2006 בע""מ",,,"י""ח",200,ל גרם,false,1,11.90,5.95,true,1,
7290016217742,false,חציל בטחינה 200גרם גורמה,"סלטי שמיר 2006 בע""מ",,,"י""ח",200,ל גרם,false,1,11.90,5.95,true,1,
7290016217759,false,חציל מרוקאי 200גרם גורמה,"סלטי שמיר 2006 בע""מ",,,"י""ח",200,ל גרם,false,1,12.90,6.45,true,1,
7290016217988,false,גרבלקס-סלמון כבוש שמיר 100 גרם,"סלטי שמיר 2006 בע""מ",,,"י""ח",100,ל גרם,false,1,27.90,27.90,false,1,
7290016246209,false,"חטיף חלבה וניל 100 גרם ""בארכה""",קבוצת אוסם סחר שותפות מוגבלת,,,"י""ח",100,ל גרם,false,1,3.90,3.90,false,1,
7290016270709,false,עגבניות שרי אשכולות,ביכורי השדה צפון 1994 ג.ד. בעמ,,,"י""ח",1,,false,1,11.90,11.90,false,1,
7290016273090,false,סוכריה על מקל בטעם תות בננה 31 גרם,אוריגינל גורמה,,,"י""ח",31,ל גרם,false,1,4.90,15.81,false,1,
7290016276763,false,מעדן שזיף 100% רכיבי פרי ללא סוכר שקדיה 284 ג',דין שיווק וקליה 2021 בעמ,,,"י""ח",284,ל גרם,false,1,13.90,4.89,true,1,
7290016277470,false,שיבולת שועל דקה 350 גר',דין שיווק וקליה 2021 בעמ,,,"י""ח",350,ל גרם,false,1,3.90,1.11,true,1,
7290016277487,false,שיבולת שועל עבה 350 גר',דין שיווק וקליה 2021 בעמ,,,"י""ח",350,ל גרם,false,1,3.90,1.11,true,1,
7290016320343,false,"דאק נוזל ג'ל לניקוי מתקדם בניחות לבנדר זוג * 750 מ""ל",אס. סי. ג'\ונסון מידרכט,,,"י""ח",1.50,ליטר,false,1,16.90,11.27,false,1,
7290016334050,false,סלרי חתוך.,ביכורי השדה צפון 1994 ג.ד. בעמ,,,"י""ח",1,,false,1,6.90,6.90,true,1,
7290016334166,false,לוף רגיל ארוז ליח,ביכורי השדה צפון 1994 ג.ד. בעמ,,,"י""ח",1,,false,1,9.90,9.90,false,1,
7290016334173,false,פלפל טינקרבל שמיטה,ביכורי השדה צפון 1994 ג.ד. בעמ,,,"י""ח",1,,false,1,8.90,8.90,true,1,
7290016334180,false,מלפפון בייבי רמי לוי,ביכורי השדה צפון 1994 ג.ד. בעמ,,,"י""ח",1,,false,1,8.90,8.90,true,1,
7290016334296,false,ברוקולי ארוז יחידה שמיטה,ביכורי השדה צפון 1994 ג.ד. בעמ,,,"י""ח",1,,false,1,11.90,11.90,false,1,
7290016334432,false,שורש פטרוזיליה,ביכורי השדה צפון 1994 ג.ד. בעמ,,,"י""ח",1,,false,1,6.90,6.90,false,1,
7290016334456,false,בזיליקום רמי לוי,ביכורי השדה צפון 1994 ג.ד. בעמ,,,"י""ח",1,,false,1,5.90,5.90,false,1,
7290016334463,false,ראש סלרי,ביכורי השדה צפון 1994 ג.ד. בעמ,,,"י""ח",1,,false,1,6.90,6.90,false,1,
7290016334487,false,פלפל אדום יבש 200ג,ביכורי השדה צפון 1994 ג.ד. בעמ,,,"י""ח",1,,false,1,8.90,8.90,false,1,
7290016334494,false,חסה ערבית,ביכורי השדה צפון 1994 ג.ד. בעמ,,,"י""ח",1,,false,1,4.90,4.90,false,1,
7290016334500,false,לבבות חסה זוגות בשקי,ביכורי השדה צפון 1994 ג.ד. בעמ,,,"י""ח",300,ל גרם,false,1,8.90,2.97,false,1,
7290016334579,false,פטרוזיליה בוסתן,ביכורי השדה צפון 1994 ג.ד. בעמ,,,"י""ח",1,,false,1,3.90,3.90,false,1,
7290016334586,false,כוסברה בוסתן,ביכורי השדה צפון 1994 ג.ד. בעמ,,,"י""ח",1,,false,1,4.90,4.90,false,1,
7290016334593,false,שמיר ארוז,ביכורי השדה צפון 1994 ג.ד. בעמ,,,"י""ח",1,,false,1,4.90,4.90,false,1,
7290016334609,false,נענע בשקית,ביכורי השדה צפון 1994 ג.ד. בעמ,,,"י""ח",1,,false,1,4.90,4.90,false,1,
7290016334616,false,בצל ירוק בוסתן,ביכורי השדה צפון 1994 ג.ד. בעמ,,,"י""ח",1,,false,1,5.90,5.90,false,1,
7290016334623,false,סלרי אמריקאי,ביכורי השדה צפון 1994 ג.ד. בעמ,,,"י""ח",1,"י""ח",false,1,5.90,5.90,false,1,
7290016334647,false,מנגולד-סלק עלים ארוז,ביכורי השדה צפון 1994 ג.ד. בעמ,,,"י""ח",1,,false,1,6.90,6.90,false,1,
7290016334654,false,תרד ניו זילנדי רמי לוי,ביכורי השדה צפון 1994 ג.ד. בעמ,,,"י""ח",200,ל גרם,false,1,14.90,7.45,false,1,
7290016334784,false,ג'ינג'ר ארוז ברכת קטיף 200 גרם,ביכורי השדה צפון 1994 ג.ד. בעמ,,,"י""ח",1,,false,1,11.90,11.90,false,1,
7290016334883,false,שרי תמר בוסתן שמיטה,ביכורי השדה צפון 1994 ג.ד. בעמ,,,"י""ח",1,,false,1,11.90,11.90,false,1,
7290016334890,false,עגבניות שרי ליקופן,ביכורי השדה צפון 1994 ג.ד. בעמ,,,"י""ח",1,,false,1,12.90,12.90,false,1,
7290016334906,false,מיקס עגבניות שרי.,ביכורי השדה צפון 1994 ג.ד. בעמ,,,"י""ח",1,,false,1,12.90,12.90,false,1,
7290016334975,false,אספרגוס רמי לוי,ביכורי השדה צפון 1994 ג.ד. בעמ,,,"י""ח",1,,false,1,29.90,29.90,false,1,
7290016370256,false,מארז טבעות זיתים יבנה 3*200 ג',קבוצת יבנה מוצרי מזון בעמ,,,"י""ח",600,ל גרם,false,1,13.90,2.32,false,1,
7290016370317,false,זית קלמטה ללא גלעין 560 גרם צנצנת יבנה,קבוצת יבנה מוצרי מזון בעמ,,,"י""ח",560,ל גרם,false,1,14.90,2.66,false,1,
7290016372342,false,עגבניות חתוך קוביות גראנד איטליה מארז 400X3ג',תה ויסוצקי (ישראל) בעמ,,,"י""ח",400,ל גרם,false,1,17.90,4.48,false,1,
7290016372373,false,רסק עגבניות ללא תוספת סוכר ומלח - מארז זוג,תה ויסוצקי (ישראל) בעמ,,,"י""ח",280,ל גרם,false,1,7.90,2.82,false,1,
7290016373035,false,ליצ'י שלם מקולף 567 גרם בסירופ קל,טעמן שיווק מזון בעמ,,,"י""ח",900,ל גרם,false,1,10.90,1.21,false,1,
7290016400168,false,שקיות צליה 10יח שווה,ח.כהן סוכנות מזון ומשקאות בע,,,"י""ח",10,"י""ח",false,1,4.90,0.49,true,1,
7290016400274,false,"שיפודים קצרים 20 ס""מ 70 יח`שווה*",ח.כהן סוכנות מזון ומשקאות בע,,,"י""ח",70,"י""ח",false,1,2.90,0.04,false,1,
7290016400311,false,קיסמי שיניים מלחיה 300יח שווה,ח.כהן סוכנות מזון ומשקאות בע,,,"י""ח",1,,false,1,3.90,3.90,false,1,
7290016400328,false,קיסמי שיניים חבת 500יח שווה,ח.כהן סוכנות מזון ומשקאות בע,,,"י""ח",1,,false,1,3.90,3.90,false,1,
7290016400403,false,שקיות שחור 75/90 גליל 50יח שווה,ח.כהן סוכנות מזון ומשקאות בע,,,"י""ח",50,"י""ח",false,1,14.90,0.30,false,1,
7290016400502,false,גפרורים 10 חדש שווה,ח.כהן סוכנות מזון ומשקאות בע,,,"י""ח",10,"י""ח",false,1,4,0.40,false,1,
7290016400540,false,"קינוחיות עגול קטן עם מכסה 12 יח ""שווה",ח.כהן סוכנות מזון ומשקאות בע,,,"י""ח",12,"י""ח",false,1,9.90,0.83,false,1,
7290016400793,false,מפיות נייר 100יח שווה,ח.כהן סוכנות מזון ומשקאות בע,,,"י""ח",100,"י""ח",false,1,5.90,0.06,true,1,
7290016401103,false,טורטיה ענקית 30 ס``מ 6 יח` שווה,ח.כהן סוכנות מזון ומשקאות בע,,,"י""ח",540,ל גרם,false,1,11.90,2.20,true,1,
7290016401141,false,עלי טורטיה תירס שווה 8 יח' 320 גרם,ח.כהן סוכנות מזון ומשקאות בע,,,"י""ח",320,ל גרם,false,1,10.90,3.41,true,1,
7290016401158,false,נודלס 200ג דקות שווה*,ח.כהן סוכנות מזון ומשקאות בע,,,"י""ח",200,ל גרם,false,1,5.90,2.95,false,1,
7290016401165,false,נודלס 200ג רחבות שווה*,ח.כהן סוכנות מזון ומשקאות בע,,,"י""ח",200,ל גרם,false,1,5.90,2.95,false,1,
7290016401240,false,"נוזל קוקוס 400מ""ל 5-7% שווה",ח.כהן סוכנות מזון ומשקאות בע,,,"י""ח",400,"ל מ""ל",false,1,7.90,1.98,false,1,
7290016401257,false,"קרם קוקוס 400מ""ל 21-22% שווה",ח.כהן סוכנות מזון ומשקאות בע,,,"י""ח",400,"ל מ""ל",false,1,9.90,2.48,false,1,
7290016401295,false,"רוטב צילי מתוק 700מ""ל שווה",ח.כהן סוכנות מזון ומשקאות בע,,,"י""ח",700,"ל מ""ל",false,1,11.90,1.70,false,1,
7290016401394,false,פטריות חתוך שווה 400 גרם,ח.כהן סוכנות מזון ומשקאות בע,,,"י""ח",400,ל גרם,false,1,5.90,1.48,false,1,
7290016401493,false,רוטב לימון משומר 1ליטר שווה,ח.כהן סוכנות מזון ומשקאות בע,,,"י""ח",1,ליטר,false,1,6.90,6.90,false,1,
7290016401509,false,חומץ 1ליטר 5% שווה,ח.כהן סוכנות מזון ומשקאות בע,,,"י""ח",1,ליטר,false,1,5.90,5.90,false,1,
7290016401585,false,זוג רדיד אלומיניום קצר 7.5/30 שווה *,ח.כהן סוכנות מזון ומשקאות בע,,,"י""ח",1,"י""ח",false,1,10.90,10.90,false,1,
7290016401592,false,זוג ניילון נצמד ביתי שווה,ח.כהן סוכנות מזון ומשקאות בע,,,"י""ח",1,"י""ח",false,1,11.90,11.90,true,1,
7290016401677,false,נרונים 6שעות 72יח,ח.כהן סוכנות מזון ומשקאות בע,,,"י""ח",72,"י""ח",false,1,27.90,0.39,false,1,
7290016401905,false,שקיות לפח קטן 40/45 שווה,ח.כהן סוכנות מזון ומשקאות בע,,,"י""ח",10,"י""ח",false,1,9.90,0.99,false,1,
7290016408294,false,"מרשמלו ורוד לבן וסטהיים 150 ג', 26 בקרטון",כרמית תעשיות ממתקים בעמ,,,"י""ח",1,,false,1,5.90,5.90,true,1,
7290016408423,false,חטיף קרקר עם זיתים שחורים ושום 130 גר,כרמית תעשיות ממתקים בעמ,,,"י""ח",130,ל גרם,false,1,6.90,5.31,true,1,
7290016408980,false,"מטבעות שוקולד חלב 36 ג' כשל""פ בד""ץ!",כרמית תעשיות ממתקים בעמ,,,"י""ח",36,ל גרם,false,1,3.90,10.83,true,1,
7290016416992,false,עוגת דובוש בסקוויטים קפולסקי 400 גרם,תופינים מקבוצת קפולסקי,,,"י""ח",400,ל גרם,false,1,44.90,11.23,false,1,
7290016437416,false,דיפנד - גזרה גבוה תחתון מדיום נשים 18 יח',קימברלי קלארק ישראל שיווק בעמ,,,"י""ח",1,,false,1,74.90,74.90,false,1,
7290016437423,false,דיפנד - גזרה גבוה תחתון לארג' נשים 16 יח',קימברלי קלארק ישראל שיווק בעמ,,,"י""ח",1,,false,1,74.90,74.90,false,1,
7290016437508,false,מולט נייר טואלט 24 גלילים כפולים=48 גליל,קימברלי קלארק ישראל שיווק בעמ,,,"י""ח",24,"י""ח",false,1,42.90,1.79,false,1,
7290016437645,false,חיתולי האגיס פרידום דריי pants מידה 5 34 יחידות,קימברלי קלארק ישראל שיווק בעמ,,,"י""ח",1,"י""ח",false,1,49.90,49.90,true,1,
7290016437652,false,חיתולי האגיס פרידום דריי pants מידה 6 30 יחידות,קימברלי קלארק ישראל שיווק בעמ,,,"י""ח",1,"י""ח",false,1,49.90,49.90,true,1,
7290016509342,false,סוד מארז טריו כדוריות לאסלה כחול אקטיבי אקונומיקה,גורי שיווק בעמ,,,"י""ח",3,"י""ח",false,1,15.90,5.30,false,1,
7290016509786,false,פרסיל גל לכביסה לבנה וצבעונית-ירוק 2.5 ל,גורי שיווק בעמ,,,"י""ח",2.50,ליטר,false,1,34.90,13.96,false,1,
7290016509809,false,ג'ל מרוכז לכביסה קולור 2.5 ל' פרסיל,גורי שיווק בעמ,,,"י""ח",2.50,ליטר,false,1,34.90,13.96,false,1,
7290016509830,false,ג'ל כביסה לבגדי תינוקות ובעלי עור רגיש Sensitive,גורי שיווק בעמ,,,"י""ח",2.50,ליטר,false,1,33.90,13.56,false,1,
7290016572391,false,"צ`יפס קלאסי 2.5ק""ג ש",***אדום גרופ למזון שיווק***,,,"י""ח",2.50,"ק""ג",false,1,27.90,11.16,false,1,
7290016682199,false,פריניב שייק תות בננה מופחת סוכר 1 ליטר,הנסיך- מפעל לייצור ט,,,"י""ח",1,ליטר,false,1,15.20,15.20,true,1,
7290016682243,false,פריניב מיץ אשכולית אדומה סחוט 1 ליטר,תנובה - פריניב,,,"י""ח",1,ליטר,false,1,13.20,13.20,true,1,
7290016717051,false,משקה Buzz מוגז בטעם רימון מבוסס יין אדום מתוק,אגודת הכורמים -כרמל מזרחי,,,"י""ח",750,"ל מ""ל",false,1,27.90,3.68,true,1,
7290016717099,false,"יין כרמל סלקטד אדום חצי יבש, 750 מ""ל",אגודת הכורמים בעמ,,,"י""ח",750,"ל מ""ל",false,1,29.90,3.95,true,1,
7290016717754,false,יין היובל ישן נושן יקבי כרמל (750 מל),אגודת הכורמים -כרמל מזרחי,,,"י""ח",750,"ל מ""ל",false,1,20.90,2.75,true,1,
7290016865943,false,אטריות ביצים פטוציני אוריינט 400 גרם,גורי מוצרי צריכה 1991 בעמ,,,"י""ח",400,ל גרם,false,1,13.90,3.48,true,1,
7290016866643,false,פרודונטקס מ.שיניים אקסטרה פרש 75 מל,פרודונטקס Parodontax,,,"י""ח",75,"ל מ""ל",false,1,30.90,41.20,true,1,
7290016866650,false,"פרודונטקס - משחת שיניים אוריג'ינל 75 מ""ל",פרודונטקס Parodontax,,,"י""ח",75,"ל מ""ל",false,1,30.90,41.20,true,1,
7290016866667,false,"משחת שיניים פרודונטקס ללא פלואוריד 75 מ""ל",פרודונטקס Parodontax,,,"י""ח",75,"ל מ""ל",false,1,30.90,41.20,true,1,
7290016882414,false,קונפיטורה שזיף 70% פרי 450 גרם,דין שיווק וקליה 2021 בעמ,,,"י""ח",450,ל גרם,false,1,13.90,3.09,false,1,
7290016967074,false,לחם חיטה מלאה עם גרעינים ודגנים,מאפיית שלמה א. אנג'\ל בע,,,"י""ח",750,ל גרם,false,1,16.90,2.25,false,1,
7290016998221,false,מיקס צבעי הטבע נטורז,ביכורי השדה צפון 1994 ג.ד. בעמ,,,"י""ח",350,"ל מ""ל",false,1,11.90,3.40,false,1,
7290016998238,false,כרוב לבן קצוץ נטורזה,ביכורי השדה צפון 1994 ג.ד. בעמ,,,"י""ח",400,ל גרם,false,1,9.90,2.48,false,1,
7290017004808,false,פסטה פוזילי 500גר פנטולה,מ.ר. ניאוברנד בעמ,,,"י""ח",500,ל גרם,false,1,4.90,0.98,true,1,
7290017004815,false,ספגטי 500גר פנטולה,מ.ר. ניאוברנד בעמ,,,"י""ח",500,ל גרם,false,1,4.90,0.98,true,1,
7290017004877,false,טחינה גולמית 500ג מחנה יהודה,"אחדות בע""מ",,,"י""ח",500,ל גרם,false,1,14.90,2.98,true,1,
7290017023212,false,"שוויפס מוגז פירות תפוח מארז רביעייה* 330 מ""ל",יפאורה שותפות מוגבלת לשיווק,,,"י""ח",1.32,ליטר,false,1,14.70,10.23,true,1,
7290017023229,false,רביעיית פחיות שוופס מוגז פירות תות ליים 330 מל.,יפאורה שותפות מוגבלת לשיווק,,,"י""ח",1.32,ליטר,false,1,14.70,10.23,true,1,
7290017023854,false,מי סודה בקבוקים אישיים - מארז 4 יח',יפאורה שותפות מוגבלת לשיווק,,,"י""ח",1,ליטר,false,1,13.10,13.10,true,1,
7290017023861,false,סודה בטעם לימון בקבוקים אישיים - מארז 4 יח',יפאורה שותפות מוגבלת לשיווק,,,"י""ח",1,ליטר,false,1,13.10,13.10,true,1,
7290017023878,false,סודה בטעם נענע ליים בקבוקים אישיים - מארז 4 יח',יפאורה שותפות מוגבלת לשיווק,,,"י""ח",1,ליטר,false,1,13.10,13.10,true,1,
7290017044682,false,אמה דלי מגבונים לניקוי כללי,עיסא ערטול בעמ-סוכן הנקל סוד,,,"י""ח",1,"י""ח",false,1,17.90,17.90,true,1,
7290017062693,false,מרכך כביסה מרוכז לבן 1*5 ליטר טאצ,סאסאטק אגשח בעמ,,,"י""ח",1,ליטר,false,1,14.90,14.90,true,1,
7290017062709,false,מרכך כביסה מרוכז בורדו 1 ל`טאצ`.,סאסאטק אגשח בעמ,,,"י""ח",1,ליטר,false,1,14.90,14.90,true,1,
7290017062754,false,נוזל כלים לימון (36% 750 מל)+משאבה טא,סאסאטק אגשח בעמ,,,"י""ח",750,"ל מ""ל",false,1,10.90,1.45,true,1,
7290017062891,false,"קצף לכלים בניחוח תפוח פלירוסול 500 מ""ל טאצ",סאסאטק אגשח בעמ,,,"י""ח",500,"ל מ""ל",false,1,21.90,4.38,false,1,
7290017062907,false,"מילוי קצף לכלים בניחוח תפוח פלירוסול 500 מ""ל טאצ",סאסאטק אגשח בעמ,,,"י""ח",500,"ל מ""ל",false,1,11.90,2.38,false,1,
7290017062990,false,מארז מטליות רצפה חד פעמי מלון בוטיק טאצ 10יחי',סאסאטק אגשח בעמ,,,"י""ח",10,"י""ח",false,1,11.90,1.19,true,1,
7290017065137,false,ריקוטה למריחה 5% טבעית 200 גר`מחלבות גד,מחלבות גד שיווק 1992 בעמ,,,"י""ח",200,ל גרם,false,1,10.70,5.35,true,1,
7290017065236,false,גבינה בולגרית מעודנת 24% גד (250 גרם),מחלבות גד שיווק 1992 בעמ,,,"י""ח",250,ל גרם,false,1,21.90,8.76,true,1,
7290017068879,false,חמאת בוטנים טבעית מיה 510 גרם,מיה תעשיות מזון מ.ת.מ בעמ,,,"י""ח",510,ל גרם,false,1,9.90,1.94,false,1,
7290017068916,false,סוכריות ג`לי טבעות בציפוי סוכר 350גר,מיה תעשיות מזון מ.ת.מ. בעמ,,,"י""ח",350,ל גרם,false,1,14.90,4.26,true,1,
7290017068978,false,שיבולת שועל מלאה להכנה מהירה 500 גר בזיפ,מיה תעשיות מזון מ.ת.מ. בעמ,,,"י""ח",500,ל גרם,false,1,10,2,true,1,
7290017079677,false,שוקולד חלב 270 גרם טעמן,טעמן שווק מזון בעמ,,,"י""ח",270,ל גרם,false,1,11.90,4.41,false,1,
7290017079691,false,שוקולד חלב עם אגוזים 270 גרם טעמן,טעמן שווק מזון בעמ,,,"י""ח",270,ל גרם,false,1,11.90,4.41,false,1,
7290017079769,false,מחית תפוח עץ ובננה בפאוץ פריטוב קידס,פרוטה פודיוין איי.אס,,,"י""ח",120,ל גרם,false,1,4.50,3.75,false,1,
7290017079776,false,מחיות פאוץ' סלט פירות פריטוב 120 גרם,פרוטה פודיוין איי.אס,,,"י""ח",120,ל גרם,false,1,4.50,3.75,false,1,
7290017079783,false,מחיות פאוץ' תפוח עץ פריטוב 120 גרם,פרוטה פודיוין איי.אס,,,"י""ח",120,ל גרם,false,1,4.50,3.75,false,1,
7290017079790,false,מחיות פאוץ' פירות מעורבים פריטוב 120 גרם,פרוטה פודיוין איי.אס,,,"י""ח",120,ל גרם,false,1,4.50,3.75,false,1,
7290017088075,false,בייביסיטר - חיתולי סטנדרט מידה 4+ - 40 יח',די.פי.אל תעשיות מוצרים ח,,,"י""ח",1,,false,1,34.90,34.90,true,1,
7290017088082,false,בייביסיטר - חיתולי סטנדרט מידה 5 - 36 יח',די.פי.אל תעשיות מוצרים ח,,,"י""ח",1,,false,1,34.90,34.90,true,1,
7290017088631,false,רבעיית מגבונים תולי ללא בישום 72*4 יחידות,שקד תבל בעמ,,,"י""ח",4,"י""ח",false,1,12.90,3.23,true,1,
7290017094830,false,סלט גזר ברוטב פיקנטי אסלי שמיר 400 ג',"סלטי שמיר 2006 בע""מ",,,"י""ח",400,ל גרם,false,1,10.90,2.73,true,1,
7290017094847,false,סלט תפוחי אדמה אסלי שמיר 400 ג',"סלטי שמיר 2006 בע""מ",,,"י""ח",400,ל גרם,false,1,10.90,2.73,true,1,
7290017094854,false,סלט קולסלאו אסלי( 400 גר`)אסלי,"סלטי שמיר 2006 בע""מ",,,"י""ח",400,ל גרם,false,1,10.90,2.73,true,1,
7290017094861,false,חומוס עם רוטב מסבחה אסלי שמיר 400 ג',"סלטי שמיר 2006 בע""מ",,,"י""ח",400,ל גרם,false,1,9.90,2.48,true,1,
7290017100401,false,"כפפות לטקס 100 יחי' M כשלפ עד""ח פרפקט",ח.כהן סוכנות מזון ומשקאות בע,,,"י""ח",100,"י""ח",false,1,19.90,0.20,true,1,
7290017105468,false,מארז שלישייה אפונה קטנה יכין 3*200 גר,קשקמט קונסרב הונגריה,,,"י""ח",200,ל גרם,false,1,16.90,8.45,false,1,
7290017121093,false,"אריסה חריפה 250 גרם ""עללחם""","מדשא תעשיות מזון בע""\מ",,,"י""ח",250,ל גרם,false,1,15.90,6.36,true,1,
7290017129495,false,אגו מיקס כדורי תירס מצופים שוקולד חלב כרמית 55 גרם,כרמית תעשיות ממתקים בעמ,,,"י""ח",55,ל גרם,false,1,3.90,7.09,true,1,
7290017129501,false,אגו מיקס כדורי תירס מצופים שוקולד לבן כרמית 55 גרם,כרמית תעשיות ממתקים בעמ,,,"י""ח",55,ל גרם,false,1,3.90,7.09,true,1,
7290017129518,false,אגו מיקס כדורי תירס מצופים שוקולד חלב ולבן כרמית 55 גרם,כרמית תעשיות ממתקים בעמ,,,"י""ח",55,ל גרם,false,1,3.90,7.09,true,1,
7290017129754,false,"שוקולד מריר מעולה 70% מוצקי קקאו 100 גר בד""ץ",כרמית תעשיות ממתקים בעמ,,,"י""ח",100,ל גרם,false,1,7.90,7.90,false,1,
7290017129761,false,שוקולד פרימיום 70% מריר בטעם תפוז כרמית 100 גרם,"כרמית תעשיות ממתקים בע""\",,,"י""ח",100,ל גרם,false,1,7.90,7.90,false,1,
7290017129778,false,שוקולד פרימיום 70% מריר בטעם קפה כרמית 100 גרם,"כרמית תעשיות ממתקים בע""\",,,"י""ח",100,ל גרם,false,1,7.90,7.90,false,1,
7290017129846,false,עוגיות מיני קוקיס בטעם קרמל בצנצנת כרמית 600 גרם,כרמית תעשיות ממתקים בעמ,,,"י""ח",600,"ס""מ",false,1,16.90,2.82,false,1,
7290017129877,false,מיקס 40 יחידות לקקנים שטוחים כרמית 180 גרם,כרמית תעשיות ממתקים בעמ,,,"י""ח",30000,ל גרם,false,1,11.90,0.04,false,1,
7290017129884,false,חמישיות שוקולד מריר 44% 85 גר*5*12 בקרטון,"כרמית תעשיות ממתקים בע""\",,,"י""ח",85,ל גרם,false,1,17.90,21.06,true,1,
7290017142128,false,"שמן זית כתית מעולה קלאסי עץ הזית 750 מ""ל",סוגת תעשיות בעמ,,,"י""ח",750,"ל מ""ל",false,1,31.90,4.25,true,1,
7290017142180,false,פילה טונה בשמן זית בטעם לימון עם פלפל שחור 120 ג',"יוניקורד ח.צ בע""מ",,,"י""ח",120,ל גרם,false,1,12.90,10.75,false,1,
7290017142203,false,"פילה טונה פרוס עם שמן זית בטעם מעושן 120 גרם ""עץ הזית""","יוניקורד ח.צ בע""מ",,,"י""ח",120,ל גרם,false,1,12.90,10.75,false,1,
7290017142258,false,נתחי טונה בשמן זית עץ הזית 100 גרם,סוגת תעשיות בעמ,,,"י""ח",100,ל גרם,false,1,7.90,7.90,false,1,
7290017142388,false,שמן חמניות פלוס 1 ליטר אומגה 3 עץ הזית,סוגת תעשיות בעמ,,,"י""ח",1,ליטר,false,1,17.70,17.70,false,1,
7290017142401,false,"LUNCH TO GO קינואה לבנה ואדומה טונה בשמן זית 160 גרם ""עץ הזית""",ג'נרל מילס סאן אדריא,,,"י""ח",160,ל גרם,false,1,12.90,8.06,false,1,
7290017142487,false,"LUNCH TO GO בורגול עם חומוס טונה בשמן זית 160 גרם ""עץ הזית""",יוניקורד ח.צ בעמ,,,"י""ח",160,ל גרם,false,1,12.90,8.06,false,1,
7290017189246,false,מיני פנקייק אפוי קפוא WOOPS,קפוא זן תעשיות מזון בעמ,,,"י""ח",500,ל גרם,false,1,19.90,3.98,false,1,
7290017217062,false,נובי כדור נשכן מסליקון,אינטרסן (1996) בעמ,,,"י""ח",1,"י""ח",false,1,31.90,31.90,false,1,
7290017266312,false,וופל מילוי קרם בטעם שוקולד 150 גרם,ח.כהן סוכנות מזון ומשקאות בע,,,"י""ח",15,ל גרם,false,1,3.20,21.33,false,1,
7290017266343,false,וופל קראנץ במילוי קרם שוקולד 150 גרם,ח.כהן סוכנות מזון ומשקאות בע,,,"י""ח",15,ל גרם,false,1,3.20,21.33,false,1,
7290017297156,false,"צ יפס עם קליפה 1.5 ק""ג פרי הגליל",ויטה- פרי גליל (החדשה) בעמ,,,"י""ח",1.50,"ק""ג",false,1,21.90,14.60,true,1,
7290017297200,false,לקט כפרי תוספת לעוף( 800 גר`)פרי הגליל,ויטה -פרי גליל (החדשה) בעמ,,,"י""ח",800,ל גרם,false,1,16.90,2.11,false,1,
7290017297217,false,עדשים ירוקות מושרות מבושלות ומקפאות פרי הגליל 800 ג',ויטה- פרי גליל (החדשה) בעמ,,,"י""ח",800,ל גרם,false,1,13.90,1.74,false,1,
7290017297392,false,תירס קפוא פרי אדמה 800ג,לפ ויטה פרי גליל (החדשה) בעמ,,,"י""ח",800,ל גרם,false,1,14.90,1.86,true,1,
7290017297408,false,אפונה עדינה קפואה פרי אדמה 600ג,ויטה פרי גליל (החדשה) בעמ,,,"י""ח",600,ל גרם,false,1,14.90,2.48,true,1,
7290017297415,false,אפונה קפואה פרי אדמה 800ג.,לפ ויטה פרי גליל (החדשה) בעמ,,,"י""ח",800,ל גרם,false,1,14.90,1.86,true,1,
7290017297422,false,אפונה וגזר קפוא פרי אדמה 800ג,לפ ויטה פרי גליל (החדשה) בעמ,,,"י""ח",800,ל גרם,false,1,14.90,1.86,true,1,
7290017297439,false,שעועית ירוקה פרי אדמה 800ג,לפ ויטה פרי גליל (החדשה) בעמ,,,"י""ח",800,ל גרם,false,1,14.90,1.86,true,1,
7290017297453,false,שעועית שלמה קפואה פרי אדמה 800ג,לפ ויטה פרי גליל (החדשה) בעמ,,,"י""ח",800,ל גרם,false,1,14.90,1.86,true,1,
7290017297477,false,פול קפוא פרי אדמה 800ג,ויטה פרי גליל (החדשה) בעמ,,,"י""ח",800,ל גרם,false,1,14.90,1.86,true,1,
7290017297491,false,חומוס פרי אדמה 800ג,ויטה פרי גליל (החדשה) בעמ,,,"י""ח",800,ל גרם,false,1,14.90,1.86,true,1,
7290017297507,false,גזר גמדי פרי אדמה 800ג,לפ ויטה פרי גליל (החדשה) בעמ,,,"י""ח",800,ל גרם,false,1,14.90,1.86,true,1,
7290017297514,false,לקט ירק מעורב פרי אדמה 700ג,לפ ויטה פרי גליל (החדשה) בעמ,,,"י""ח",700,ל גרם,false,1,14.90,2.13,true,1,
7290017297521,false,ברוקולי פרי אדמה 800ג,ויטה פרי גליל (החדשה) בעמ,,,"י""ח",800,ל גרם,false,1,19.90,2.49,true,1,
7290017297538,false,כרובית פרי אדמה 800ג,ויטה פרי גליל (החדשה) בעמ,,,"י""ח",800,ל גרם,false,1,14.90,1.86,true,1,
7290017297552,false,במיה פרי אדמה 600ג,לפ ויטה פרי גליל (החדשה) בעמ,,,"י""ח",600,ל גרם,false,1,14.90,2.48,true,1,
7290017297583,false,"ציפס 2ק""ג קפוא פרי אדמה.",לפ ויטה פרי גליל (החדשה) בעמ,,,"י""ח",2,"ק""ג",false,1,24.90,12.45,true,1,
7290017297590,false,"ציפס זיגזג 2ק""ג קפוא פרי אדמה",לפ ויטה פרי גליל (החדשה) בעמ,,,"י""ח",2,"ק""ג",false,1,24.90,12.45,true,1,
7290017297606,false,"ציפס אמריקאי 2ק""ג קפוא פרי אדמה",לפ ויטה פרי גליל (החדשה) בעמ,,,"י""ח",2,"ק""ג",false,1,24.90,12.45,true,1,
7290017297613,false,"סטייק ציפס 2ק""ג קפוא פרי אדמה",לפ ויטה פרי גליל (החדשה) בעמ,,,"י""ח",2,"ק""ג",false,1,24.90,12.45,true,1,
7290017297644,false,ברוקולי קפוא גרין אנד פרש 800 גר',ויטה פרי גליל (החדשה) בע`מ,,,"י""ח",800,ל גרם,false,1,14.90,1.86,false,1,
7290017297682,false,כרובית מוקפאת גרין אנד פרש 800 גר',ויטה- פרי גליל (החדשה) בעמ,,,"י""ח",800,ל גרם,false,1,12.90,1.61,false,1,
7290017297729,false,גזר ננסי פרי אדמה 800ג,לפ ויטה פרי גליל (החדשה) בעמ,,,"י""ח",800,ל גרם,false,1,14.90,1.86,true,1,
7290017304885,false,לחם שיפון מחיטה מלאה ללא תוספת סוכר 750 ג' אנג'ל,מאפיית שלמה א. אנג'\ל בע,,,"י""ח",750,ל גרם,false,1,16.90,2.25,false,1,
7290017440279,false,"ד""ר פישר - קידס אל סבון ויטמינים 750 מ""ל",פישר תעשיות פרמבצטיות בעמ,,,"י""ח",750,"ל מ""ל",false,1,16.90,2.25,false,1,
7290017440286,false,"ד""ר פישר - קידס מרכך ויטמינים 750 מ""ל","פישר תעשיות פרמצביטות בע""מ",,,"י""ח",750,"ל מ""ל",false,1,16.90,2.25,false,1,
7290017457574,false,כדוריות סבון נתלה לאסלה בניחוח פרחים - 3 יח',גורי שיווק בעמ,,,"י""ח",204,"ל מ""ל",false,1,15.90,7.79,false,1,
7290017457581,false,"סוד מרכך כביסה מרוכז קוקוס 900 מ""ל",גורי שיווק בעמ,,,"י""ח",90,"ל מ""ל",false,1,12.90,14.33,true,1,
7290017457727,false,"סוד כחול מרכך כביסה מרוכז20%+בישום 900 מ""ל",גורי שיווק בעמ,,,"י""ח",90,"ל מ""ל",false,1,12.90,14.33,true,1,
7290017457734,false,"סוד ורוד מרכך כביסה מרוכז20%+בישום 900 מ""ל",גורי שיווק בעמ,,,"י""ח",90,"ל מ""ל",false,1,12.90,14.33,true,1,
7290017477558,false,שמן זית כתית מעולה אספניולה 750 מל,דין שיווק וקליה 2021 בעמ,,,"י""ח",750,"ל מ""ל",false,1,33.90,4.52,false,1,
7290017504001,false,פטריות שמפיניון ארוז,ביכורי השדה צפון 1994 ג.ד. בעמ,,,"י""ח",1,,false,1,10.90,10.90,true,1,
7290017504025,false,פטריות פורטבלה ברכת קטיף,ביכורי השדה צפון 1994 ג.ד. בעמ,,,"י""ח",1,,false,1,11.90,11.90,false,1,
7290017504032,false,זוג פטריות שמפניון ו,ביכורי השדה צפון 1994 ג.ד. בעמ,,,"י""ח",1,,false,1,18.90,18.90,false,1,
7290017513775,false,פליפז בייגלה מצופה שוקולד חלב מקוויטיס 140 גרם,תה ויסוצקי (ישראל) בעמ,,,"י""ח",140,ל גרם,false,1,8.90,6.36,true,1,
7290017513782,false,פליפז בייגלה מצופה שוקולד מריר מקוויטיס 140 גרם,תה ויסוצקי (ישראל) בעמ,,,"י""ח",140,ל גרם,false,1,8.90,6.36,true,1,
7290017586007,false,גזר ארוז,ביכורי השדה צפון 1994 ג.ד. בעמ,,,"ק""ג",1,"ק""ג",true,1,5.90,5.90,false,1,
7290017589633,false,"רזרב גולד אדישיין קברנה סוביניון 750 מ""ל",טמפו משקאות בעמ,,,"י""ח",750,"ל מ""ל",false,1,49.90,6.61,true,1,
7290017599267,false,סוכרלוז 120 שקיות ממתיק שולחני,שטראוס גרופ בע`מ,,,"י""ח",100,"י""ח",false,1,24.90,0.25,false,1,
7290017599281,false,סוכרזית סטיוויה פלוס 100שקיות,"שטראוס גרופ בע""מ",,,"י""ח",100,ל גרם,false,1,35.90,35.90,false,1,
7290017599359,false,סוכרזית קלאסי כפית לכפית 400גר,"שטראוס גרופ בע""מ",,,"י""ח",400,ל גרם,false,1,29.90,7.48,false,1,
7290017617411,false,סטארקיסט מיקס סלמון עם אורז מלא וירקות 160 גרם,דיפלומט מפיצים (1968) בעמ**,,,"י""ח",80,ל גרם,false,1,14.90,18.63,false,1,
7290017617428,false,סטארקיסט מיקס סלמון עם פסטה ברוטב עגבניות 160 גרם,דיפלומט מפיצים (1968) בעמ**,,,"י""ח",80,ל גרם,false,1,14.90,18.63,false,1,
7290017641720,false,שוקולד פרימיום 70% שברי שקד כרמית 100 גרם,כרמית תעשיות ממתקים בעמ,,,"י""ח",85,ל גרם,false,1,7.90,9.29,false,1,
7290017641737,false,שוקולד פרימיום 70% שברי אגוז כרמית 100 גרם,כרמית תעשיות ממתקים בעמ,,,"י""ח",85,ל גרם,false,1,7.90,9.29,false,1,
7290017641812,false,טופי אצבעות בטעם מיקס פירות כרמית 804 גרם,כרמית תעשיות ממתקים בעמ,,,"י""ח",804,ל גרם,false,1,19.90,2.48,false,1,
7290017647425,false,"יין גמלא קברנה סוביניון שנת 2018 750 מ""ל",היכל היין שקד גולן בעמ,,,"י""ח",750,"ל מ""ל",false,1,69.90,9.28,true,1,
7290017677804,false,"רוטב סויה קיקומן ללא חומרים משמרים 444 מ""ל",דיפלומט מפיצים (1968) בעמ**,,,"י""ח",444,"ל מ""ל",false,1,19.90,4.48,false,1,
7290017687117,false,"צלחות פלסטיק עבות במיוחד 1ק""ג",שפע טוב סנטר בעמ,,,"י""ח",66,"י""ח",false,1,37.90,0.57,false,1,
7290017724072,false,עוגיות רולדה שוקולד תמר 200 גר`,הלל בן הלל שיווק ומסחר בעמ,,,"י""ח",200,ל גרם,false,1,23.90,11.95,false,1,
7290017724157,false,"עוגיות מעדן תפו""ע ללא סוכר אקלר",הלל בן הלל שיווק ומסחר בעמ,,,"י""ח",250,ל גרם,false,1,23.90,9.56,false,1,
7290017724201,false,עוגיות ואן גוך ללא סוכר אקלר,הלל בן הלל שיווק ומסחר בעמ,,,"י""ח",250,ל גרם,false,1,23.90,9.56,false,1,
7290017812052,false,יין שיראז-קברנה סוביניון אקסלנס יקבי כרמל,אגודת הכורמים בעמ,,,"י""ח",750,"ל מ""ל",false,1,24.90,3.28,false,1,
7290017812571,false,מיץ ענבים תירוש אדום 100% טבעי כרמל 1 ליטר,אגודת הכורמים -כרמל מזרחי,,,"י""ח",1,ליטר,false,1,19.90,19.90,false,1,
7290017812588,false,מיץ ענבים תירוש לבן 100% טבעי כרמל 1 ליטר,אגודת הכורמים -כרמל מזרחי,,,"י""ח",1,ליטר,false,1,19.90,19.90,false,1,
7290017812618,false,מיץ ענבים תירוש אדום רוזה כרמל 1 ליטר,אגודת הכורמים -כרמל מזרחי,,,"י""ח",1,ליטר,false,1,19.90,19.90,false,1,
7290017812861,false,יין לבש יבש ( 750 מל) וינו,אגודת הכורמים בעמ,,,"י""ח",750,"ל מ""ל",false,1,21,2.76,true,1,
7290017812885,false,"יין P.C סוביניון בלאן גוורצטרמינר כרמל 750 מ""ל",אגודת הכורמים א.ת אל,,,"י""ח",500,"ל מ""ל",false,1,39.90,7.92,true,1,
7290017816111,false,פתי בר הכוסמין המקורי 220 גר`,גורי מוצרי צריכה (1991) בעמ,,,"י""ח",250,ל גרם,false,1,10.90,4.36,false,1,
7290017841182,false,קערית מיתבלים קטנה 12 יח שווה,ח.כהן סוכנות מזון ומשקאות בע,,,"י""ח",30,"י""ח",false,1,12.90,0.43,false,1,
7290017841502,false,נרות שבת ארוך 72 שווה,ח.כהן סוכנות מזון ומשקאות בע,,,"י""ח",1,"י""ח",false,1,28.90,28.90,false,1,
7290017841656,false,מטליות מיקרופייבר מקצועי *2 50/80 שוו,ח.כהן סוכנות מזון ומשקאות בע,,,"י""ח",2,"י""ח",false,1,17.90,8.95,false,1,
7290017841885,false,דלי מגבונים ניקוי כללי 400 יח שווה*,ח.כהן סוכנות מזון ומשקאות בע,,,"י""ח",400,"י""ח",false,1,19.90,0.05,true,1,
7290017842110,false,"שקיות נייר מאוירות""שווה"" 50 יחידות*",ח.כהן סוכנות מזון ומשקאות בע,,,"י""ח",50,"י""ח",false,1,8.90,0.18,false,1,
7290017842127,false,"ניירות סנדויץ` מאוירים ""שווה"" 100 יח",ח.כהן סוכנות מזון ומשקאות בע,,,"י""ח",100,"י""ח",false,1,9.90,0.10,false,1,
7290017842141,false,"נייר אפייה איכותי אקולוגי, 40 יח ""שווה",ח.כהן סוכנות מזון ומשקאות בע,,,"י""ח",1,"י""ח",false,1,9.90,9.90,true,1,
7290017842202,false,נייר טישו כיס מארז 10 יח` שווה,ח.כהן סוכנות מזון ומשקאות בע,,,"י""ח",1,,false,1,6.90,6.90,true,1,
7290017842226,false,פילה סרדין 125 ג בשמן צמחי ללא עור,ח.כהן סוכנות מזון ומשקאות בע,,,"י""ח",125,"ל מ""ל",false,1,5.90,4.72,true,1,
7290017842240,false,אנשובי ארוך בפח בשמן זית שווה,ח.כהן סוכנות מזון ומשקאות בע,,,"י""ח",77,ל גרם,false,1,6.90,8.96,false,1,
7290017842257,false,אנשובי ארוך פח פלפל וצילי שווה 46 גרם,ח.כהן סוכנות מזון ומשקאות בע,,,"י""ח",1,,false,1,5.90,5.90,false,1,
7290017842448,false,"אננס שלם 227 ג ""שווה"" *",ח.כהן סוכנות מזון ומשקאות בע,,,"י""ח",227,ל גרם,false,1,4.90,2.16,false,1,
7290017842455,false,קוקטייל פירות A2 שווה* (24 בקרטון),ח.כהן סוכנות מזון ומשקאות בע,,,"י""ח",540,ל גרם,false,1,8.90,1.65,false,1,
7290017842493,false,"תירס גמדי 425 גרם ""שווה"" *",ח.כהן סוכנות מזון ומשקאות בע,,,"י""ח",425,"ל מ""ל",false,1,7.90,1.86,false,1,
7290017842523,false,שקיות רב שימושיות זיפר גדולות 20 יחידות,ח.כהן סוכנות מזון ומשקאות בע,,,"י""ח",20,"י""ח",false,1,8.90,0.45,false,1,
7290017842530,false,שקיות אוכל ריץ רץ קטנות שווה 15 יחידות,ח.כהן סוכנות מזון ומשקאות בע,,,"י""ח",15,"י""ח",false,1,6.90,0.46,false,1,
7290017842554,false,חמאת בוטנים קראנץ 510גר קלאסית שווה,ח.כהן סוכנות מזון ומשקאות בע,,,"י""ח",510,ל גרם,false,1,11.90,2.33,true,1,
7290017842561,false,חמאת בוטנים קראנץ 510גר קראנץ שווה,ח.כהן סוכנות מזון ומשקאות בע,,,"י""ח",510,ל גרם,false,1,11.90,2.33,true,1,
7290017842578,false,"חמאת בוטנים בד""צ 510 טבעית ""שווה""",ח.כהן סוכנות מזון ומשקאות בע,,,"י""ח",510,ל גרם,false,1,10.90,2.14,true,1,
7290017842622,false,צלחת גדולה אריזת ענק 50 יח`מתכלה שווה,ח.כהן סוכנות מזון ומשקאות בע,,,"י""ח",1,,false,1,24.90,24.90,false,1,
7290017842691,false,"מכסים לכוסות נייר גולד 9 ""שווה""",ח.כהן סוכנות מזון ומשקאות בע,,,"י""ח",1,,false,1,7.90,7.90,false,1,
7290017842745,false,צלחת בינונית חושן 20יח שווה,ח.כהן סוכנות מזון ומשקאות בע,,,"י""ח",20,"י""ח",false,1,8.90,0.45,false,1,
7290017842752,false,צלחת גדולה חושן מתכלה 20 יח שווה,ח.כהן סוכנות מזון ומשקאות בע,,,"י""ח",20,"י""ח",false,1,13.90,0.70,false,1,
7290017842776,false,מרקיה חושן מתכלה 20 יח שווה,ח.כהן סוכנות מזון ומשקאות בע,,,"י""ח",20,"י""ח",false,1,12.90,0.65,false,1,
7290017842783,false,קערית אובלית חושן מתכלה 20 יח,ח.כהן סוכנות מזון ומשקאות בע,,,"י""ח",20,"י""ח",false,1,8.90,0.45,false,1,
7290017842813,false,"צלחות גדולות מעלי דקל 10 יח""שווה""",ח.כהן סוכנות מזון ומשקאות בע,,,"י""ח",1,,false,1,12.90,12.90,false,1,
7290017842868,false,"מגשים עגולים קטנים מעלי דקל 5 יח""שוו",ח.כהן סוכנות מזון ומשקאות בע,,,"י""ח",1,,false,1,9.90,9.90,false,1,
7290017845067,false,פטריות פורטובלה XL מוגו,ביכורי השדה צפון 1994 ג.ד. בעמ,,,"י""ח",1,,false,1,19.90,19.90,false,1,
7290017864594,false,שום צנצנת רמי לוי,ביכורי השדה צפון 1994 ג.ד. בעמ,,,"י""ח",1,,false,1,14.90,14.90,false,1,
7290017871363,false,פמילי יהלום- פמלי סבון ידיים מועשר בשמן מקדמיה לניקוי וטיפוח עור הידיים,המאפיה של הרמן,,,"י""ח",500,"ל מ""ל",false,1,9.90,1.98,false,1,
7290017871370,false,פמילי יהלום- סבון ידיים מועשר בשמן אבוקדו לניקוי וטיפוח עור הידיים,המאפיה של הרמן,,,"י""ח",500,"ל מ""ל",false,1,9.90,1.98,false,1,
7290017871998,false,טוסו פודינג אינסטנט בטעם וניל 30גרם,אשבל מזון פונקציונלי בע\,,,"י""ח",1,"י""ח",false,1,10.90,10.90,false,1,
7290017872056,false,פמלי אל סבון 3*1 הסדרה הלבנה-מעורב 500 גרם*3,אברנסל קוסמטיקס,,,"י""ח",1.50,ליטר,false,1,17.90,11.93,false,1,
7290017872063,false,אל סבון ארומתרפי מארז שלישייה 500 מל פמ,אברנסל קוסמטיקס,,,"י""ח",1.50,ליטר,false,1,17.90,11.93,false,1,
7290017872162,false,טוסו - עוגיות אגוזי לוז ללא סוכר 200 גרם,"הגביע מוצרי וופלים בע""\מ",,,"י""ח",200,ל גרם,false,1,15.90,7.95,false,1,
7290017872896,false,גלילונית שקיות אשפה L חזקים 44יח,דנשר (1963) בעמ,,,"י""ח",275,"י""ח",false,1,23.90,0.09,false,1,
7290017873169,false,"סבון ידיים מועשר בשמן זית 500 מ""ל יהלום",דנשר (1963) בעמ,,,"י""ח",500,"ל מ""ל",false,1,9.90,1.98,false,1,
7290017873176,false,"סבון ידיים מועשר בשמן אבוקדו 500 מ""ל יהלום",דנשר (1963) בעמ,,,"י""ח",500,"ל מ""ל",false,1,9.90,1.98,false,1,
7290017884455,false,"אריאל כשל""פ- ג'חנון600 גר'",מאפיית אריאל בעמ,,,"י""ח",600,ל גרם,false,1,22.90,3.82,false,1,
7290017888729,false,שוופס סודה בקבוק 1 ל',יפאורה שותפות מוגבלת לשיווק,,,"י""ח",1,ליטר,false,1,4.50,4.50,true,1,
7290017888972,false,בקבוק מי עדן פקק ספורט 1 ליטר,יפאורה שותפות מוגבלת לשיווק,,,"י""ח",1,ליטר,false,1,3.90,3.90,false,1,
7290017917283,false,מגבונים מילוי קמיל בלו ללא בישום רביעייה,"פישר תעשיות פרמצביטות בע""מ",,,"י""ח",400,ל גרם,false,1,19.90,4.98,true,1,
7290017925554,false,"חמישיית בירה לאגר באדוויזר 5*330 מ""ל+כוס",הכרם משקאות חריפים בעמ,,,"י""ח",1.65,ליטר,false,1,24.90,14.18,true,1,
7290017928036,false,מאיר בייגל מקלות גריסיני שומשום 175 גרם,מאיר את בייגל,,,"י""ח",175,ל גרם,false,1,12.90,7.37,true,1,
7290017928043,false,מקלות גריסיני קראנץ' מלח מאיר בייגל 175 גרם,מאיר את בייגל,,,"י""ח",175,ל גרם,false,1,12.90,7.37,true,1,
7290017928128,false,בייגלה מקלות מלח מאיר בייגל 400 גרם.,"דנשר (1963) בע,מ",,,"י""ח",400,ל גרם,false,1,12.90,3.23,true,1,
7290017928463,false,מאיר בייגל -סמאש-שבורים בטעם דבש חרדל ובצל 300 גרם,דנשר (1963) בעמ,,,"י""ח",300,"ל מ""ל",false,1,11.90,3.97,true,1,
7290017928609,false,בייגלה טבעות שומשום מאיר בייגל 300 גרם,מאיר את בייגל,,,"י""ח",300,ל גרם,false,1,10.90,3.63,true,1,
7290017928807,false,בייגלה אצבעות שומשום מאיר בייגל 300 גרם,מאיר את בייגל,,,"י""ח",300,ל גרם,false,1,12.90,4.30,true,1,
7290017932316,false,רוטב עגבניות לפסטה עם שמן זית 680 גר' דיניקולה,מור ים מרקטינג בעמ,,,"י""ח",737,ל גרם,false,1,17.90,2.43,false,1,
7290017946764,false,מנקה מכונת כביסה 150 גר K2R,גורי שיווק בעמ,,,"י""ח",150,ל גרם,false,1,21.90,14.60,false,1,
7290017947105,false,לחם אנג'ל בסגנון אמריקה 500 גרם,מאפיית שלמה א. אנג'\ל בע,,,"י""ח",500,ל גרם,false,1,14.90,2.98,false,1,
7290017947457,false,חלה קלועה כוסמין אנג'ל ארוזה 500 גרם,מאפיית שלמה א.אנג'ל,,,"י""ח",500,ל גרם,false,1,16.90,3.38,false,1,
7290017947464,false,שמיניית פיתות כוסמין אנג'ל 8*50 גרם,מאפיית שלמה א.אנג'\ל בע\,,,"י""ח",8,"י""ח",false,1,14.90,1.86,true,1,
7290017947495,false,לחמניות כוסמין 6 יח(450 גר`)אנג`ל,"איטיליאן פוד, אס.פי.",,,"י""ח",450,ל גרם,false,1,15.90,3.53,false,1,
7290017947891,false,לחם אנג'ל כוסמין וחיטה מלאה 750 גרם,מאפיית שלמה א. אנג'\ל בע,,,"י""ח",750,ל גרם,false,1,15.90,2.12,false,1,
7290017947921,false,לחמניות המבורגר בסגנון אמריקאי מארז 6 יח',מאפיית שלמה א. אנג'\ל בע,,,"י""ח",450,ל גרם,false,1,12.90,2.87,false,1,
7290017947938,false,מיני לחמניות המבורגר בסגנון אמריקה 400 ג' אנג'ל,מאפיית שלמה א. אנג'\ל בע,,,"י""ח",400,ל גרם,false,1,14.90,3.73,false,1,
7290017978215,false,"קרמבו מוקה ""ריאו"" 16 יחידות",ריאו נתניה ביחר לגלידה וממתקים,,,"י""ח",16,"י""ח",false,1,21.90,1.37,false,1,
7290018043844,false,חטיף חלבון בוטנים קרמל קראנץ 60 ג' פראוד,דיפלומט מפיצים (1968) בעמ**,,,"י""ח",60,ל גרם,false,1,13.90,23.17,false,1,
7290018045084,false,BON&BON דגנים במילוי קרם בטעם בראוניז 480 גרם,ר.ב. מוצרי דגנים בעמ,,,"י""ח",750,ל גרם,false,1,21.90,2.92,true,1,
7290018045695,false,דגני בוקר בון בון במילוי קרם בטעם קרמל מ,ר.ב. מוצרי דגנים בעמ,,,"י""ח",750,ל גרם,false,1,21.90,2.92,true,1,
7290018045893,false,דגני בוקר בון בון במילוי קרם נוגט 480 גר,ר.ב. מוצרי דגנים בעמ,,,"י""ח",750,ל גרם,false,1,21.90,2.92,true,1,
7290018071205,false,כפפות ניטרו V כחולות אלסטיות S ללא אבקה 100 יחידות,אינטרסן (1996) בעמ,,,"י""ח",100,"י""ח",false,1,22.90,0.23,true,1,
7290018071533,false,נר נשמה 48 שעות בכוס זכוכית - נרות חסידים,אינטרסן (1996) בעמ,,,"י""ח",1,,false,1,5.90,5.90,false,1,
7290018071557,false,נר נשמה 7 ימים בכוס זכוכית - נרות חסידים,אינטרסן (1996) בעמ,,,"י""ח",1,,false,1,10.90,10.90,false,1,
7290018091616,false,מקלות פילו גבינה מעדנות 450 גרם,מיוצר עי קונדיטוריית,,,"י""ח",450,ל גרם,false,1,17.60,3.91,false,1,
7290018098493,false,פיצה זיתים מקמח כוסמין טבעוני 350 גרם פרווה,גורי מוצרי צריכה (1991) בעמ,,,"י""ח",350,ל גרם,false,1,21.90,6.26,true,1,
7290018098653,false,מרק מינסטרונה ירוק מן הצומח 500גר,קפוא זן תעשיות מזון בעמ,,,"י""ח",500,ל גרם,false,1,16.90,3.38,false,1,
7290018115039,false,אבוקדו מוכן לאכילה,ביכורי השדה צפון 1994 ג.ד. בעמ,,,"י""ח",1,"י""ח",false,1,10.90,10.90,false,1,
7290018131534,false,מאגדת מיני בייטס מילקה 201 גרם,שוורצקוף& הנקל דיסלד,,,"י""ח",162,ל גרם,false,1,22.90,14.14,false,1,
7290018131596,false,אימפלס מיני בייטס אוראו 8 יחידות,שוורצקוף& הנקל דיסלד,,,"י""ח",54,ל גרם,false,1,10.90,20.19,true,1,
7290018131831,false,נסטלה מאגדת שלגון מילקה וניל חדש8 4*66ג,נגה גלידות שותפות מוגבלת,,,"י""ח",284,ל גרם,false,1,36.90,12.99,false,1,
7290018132340,false,"מטרנה גולד בד""צ שלב 1 700 גר`",קבוצת אוסם סחר שותפות מוגבלת,,,"י""ח",700,ל גרם,false,1,74.90,10.70,true,1,
7290018132425,false,"מטרנה גולד בד""ץ שלב 3 700 גרם",קבוצת אוסם סחר שותפות מוגבלת,,,"י""ח",700,ל גרם,false,1,74.90,10.70,true,1,
7290018156124,false,"אל סבון קמיל צבעוני ד""ר פישר שלישיה* 500 מ""ל","פישר תעשיות פרמבצטיות בע""מ",,,"י""ח",3,"י""ח",false,1,19.90,6.63,false,1,
7290018165447,false,רזרב גולד מרלו ( 750 מל) יקבי ברקן,יקבי ברקן שיווק והפצה בע,,,"י""ח",750,"ל מ""ל",false,1,49.90,6.61,true,1,
7290018192658,false,מארז זוג פטריות פורטובלה ושמפיניון מרינה,קונס`-מרינה פטריות הגליל בעמ*ש,,,"י""ח",1,,false,1,19.90,19.90,false,1,
7290018195031,false,"שמן זית כתית מעולה ישראלי 750 מ""ל",טעמן שווק מזון בעמ,,,"י""ח",750,"ל מ""ל",false,1,34.90,4.65,false,1,
7290018198209,false,צ'יפס בטטה קראנצ'י תפוגן 500 גרם,קבוצת אוסם סחר שותפות מוגבלת,,,"י""ח",500,ל גרם,false,1,21.90,4.38,false,1,
7290018198254,false,"תפוגן קריספי צ'יפס פוטטוס 1.25 ק""ג",קבוצת אוסם סחר שותפות מוגבלת,,,"י""ח",1.50,"ק""ג",false,1,27.90,18.60,false,1,
7290018208472,false,"תמר מג`הול 1ק""ג מחנה יהודה.",א.מ. עישבי תיבול תקומה בעמ,,,"י""ח",1,"ק""ג",false,1,19.90,19.90,true,1,
7290018208489,false,תמר מג`הול 800גר פרימים מחנה יהודה,א.מ. עישבי תיבול תקומה בעמ,,,"י""ח",800,ל גרם,false,1,24.90,3.11,true,1,
7290018208496,false,תמר מג`הול 650גר סופר פרימים מחנה יהוד,"בכורי השדה צפון1994 ג.ד. בע""מ",,,"י""ח",650,ל גרם,false,1,24.90,3.83,true,1,
7290018236635,false,עוף טוב צ'ונגו פופקורן מצופה 600 גרם,קבוצת אוסם סחר שותפות מוגבלת,,,"י""ח",700,ל גרם,false,1,39.90,5.70,true,1,
7290018237939,false,שניצלונים ציפוי שומשום עוף טוב 700 גרם,קבוצת אוסם סחר שותפות מוגבלת,,,"י""ח",700,ל גרם,false,1,14.90,2.13,true,1,
7290018282991,false,אסותא סבון ידיים קוביה נוסטלגיה,עיסא ערטול בעמ-סוכן הנקל סוד,,,"י""ח",500,"ל מ""ל",false,1,5.90,1.18,true,1,
7290018294192,false,"יין בלנד היינן אדום יבש 750 מ""ל p.c",אגודת הכורמים -כרמל מזרחי,,,"י""ח",750,"ל מ""ל",false,1,39.90,5.28,true,1,
7290018333112,false,טופי אצבעות מיקס פירות כרמית 402 גרם,כרמית תעשיות ממתקים בעמ,,,"י""ח",402,ל גרם,false,1,11.90,2.96,false,1,
7290018333945,false,חטיף אגוזים רפאלס שקד ווניל בדצ 150 גר *12יח,כרמית תעשיות ממתקים בעמ,,,"י""ח",150,ל גרם,false,1,15.90,10.60,false,1,
7290018333952,false,חטיף אגוזים רפאלס וחמוציות בדצ 150 גר *12יח,כרמית תעשיות ממתקים בעמ,,,"י""ח",150,ל גרם,false,1,15.90,10.60,false,1,
7290018333976,false,חטיף גרנולה רפאלס קשיו וקוקוס בדצ 150 גר *12יח,כרמית תעשיות ממתקים בעמ,,,"י""ח",150,ל גרם,false,1,15.90,10.60,false,1,
7290018343388,false,"ספריי אלכו גל 100 מ""ל",פישר תעשיות פרמבצטיות בעמ,,,"י""ח",100,"ל מ""ל",false,1,24.90,24.90,false,1,
7290018359129,false,פולפה עגבניות חתוכות מקולפות דק יכין 690 גרם,אמיליאנה קונסרב,,,"י""ח",690,ל גרם,false,1,9.90,1.43,false,1,
7290018359464,false,קראנצ`י חטיף בטעם תירס טבעי יכין 27 גר,זנלכול יכין,,,"י""ח",27,ל גרם,false,1,10.90,40.37,true,1,
7290018359495,false,תירס מהשדה בלי תוספת סוכר יכין 550 גרם,היינץ צפון אמריקה מק,,,"י""ח",550,ל גרם,false,1,9.90,1.80,false,1,
7290018359556,false,תירס מהשדה בלי תוספת סוכר יכין 400 גרם,זנלכל בעמ,,,"י""ח",400,ל גרם,false,1,6.90,1.73,false,1,
7290018359679,false,הקיסרית-שעועית לימה יכין 550 גרם,קריות זול,,,"י""ח",520,ל גרם,false,1,9.90,1.90,false,1,
7290018359686,false,יכין חומוס גדול 550 גר A2,היינץ צפון אמריקה מק,,,"י""ח",520,ל גרם,false,1,10.90,2.10,false,1,
7290018359716,false,רוטב עגבניות פיצה טוסקנה 240 גרם יכין,"זנלכל בע""\מ",,,"י""ח",240,"ל מ""ל",false,1,6.50,2.71,false,1,
7290018359884,false,פולפה ליקופן טבעית 2*400גר יכין A1.,זנלכול יכין,,,"י""ח",800,ל גרם,false,1,16.90,2.11,true,1,
7290018440209,false,פליפז בייגלה בציפוי פאדג' לבן מקוויטיס 140 גרם,תה ויסוצקי (ישראל) בעמ,,,"י""ח",140,ל גרם,false,1,8.90,6.36,true,1,
7290018440391,false,תה ירוק מאטה נענע גוארנה ויסוצקי 25 יחידות,תה ויסוצקי (ישראל) בעמ,,,"י""ח",25,"י""ח",false,1,24.90,1,true,1,
7290018440483,false,פליפז בייגלה מצופה בקרמל מלוח ושוקולד מקוויטיס 140 גרם,תה ויסוצקי (ישראל) בעמ,,,"י""ח",140,ל גרם,false,1,8.90,6.36,true,1,
7290018440896,false,הגן הקסום חליטה ג'ינגר כורכום ויסוצקי 25 יח,תה ויסוצקי (ישראל) בעמ,,,"י""ח",67.50,ל גרם,false,1,17.90,26.52,true,1,
7290018443354,false,נענע ברכת קטיף מצע מנותק ייבול נוכרי,ביכורי השדה צפון 1994 ג.ד. בעמ,,,"י""ח",1,,false,1,6.90,6.90,true,1,
7290018443385,false,חסה ייבול נוכרי ברכת קטיף,ביכורי השדה צפון 1994 ג.ד. בעמ,,,"י""ח",1,,false,1,6.90,6.90,true,1,
7290018443545,false,פלפל צילי אדום 200 גרם,ביכורי השדה צפון 1994 ג.ד. בעמ,,,"י""ח",200,ל גרם,false,1,10.90,5.45,false,1,
7290018443712,false,כרובית ארוזה תקומה,ביכורי השדה צפון 1994 ג.ד. בעמ,,,"י""ח",1,"י""ח",false,1,10.90,10.90,false,1,
7290018443828,false,צמח חסה אייסברג,ביכורי השדה צפון 1994 ג.ד. בעמ,,,"י""ח",150,ל גרם,false,1,10.90,7.27,false,1,
7290018443835,false,שרי סוכריות פרמיום תקומה,ביכורי השדה צפון 1994 ג.ד. בעמ,,,"י""ח",1,,false,1,12.90,12.90,false,1,
7290018471029,false,"סודה בטעם לימון - מארז 6 בקבוקים 500 מ""ל",יפאורה שותפות מוגבלת לשיווק,,,"י""ח",300,"ל מ""ל",false,1,13.90,4.03,false,1,
7290018471180,false,משקה פרוט& ווג' אננס תפוח גזר 1 ליטר,יפאורה שותפות מוגבלת לשיווק,,,"י""ח",1,ליטר,false,1,12.90,12.90,false,1,
7290018471197,false,פרוט אנד ווג` תפוח בננה מלון נענע 1 ליטר,יפאורה שותפות מוגבלת לשיווק,,,"י""ח",1,ליטר,false,1,12.90,12.90,false,1,
7290018471210,false,ספרינג נקטר אגס סברס תפוח 1ליטר קרטוני,יפאורה שותפות מוגבלת לשיווק,,,"י""ח",1,ליטר,false,1,6.90,6.90,true,1,
7290018471463,false,תפוזינה נקטר תפוז מנגו קרטונית 1 ליטר,יפאורה שותפות מוגבלת לשיווק,,,"י""ח",1,ליטר,false,1,8.10,8.10,true,1,
7290018471470,false,תפוזינה נקטר תפוז פסיפלורה קרטונית 1 ליטר,יפאורה שותפות מוגבלת לשיווק,,,"י""ח",1,ליטר,false,1,8.10,8.10,true,1,
7290018471487,false,תפוזינה נקטר תפוז אננס קרטונית 1 ליטר,יפאורה שותפות מוגבלת לשיווק,,,"י""ח",1,ליטר,false,1,8.10,8.10,true,1,
7290018471906,false,שוופס מוגז פירות לימונדה ורודה 1.5 ליטר פיקדון,יפאורה - שותפות מוגבלת לשיווק,,,"י""ח",1.50,ליטר,false,1,8.80,5.67,true,1,
7290018471913,false,משקה מוגז פירות תפוחים שוופס 1.5 ליטר,יפאורה - שותפות מוגבלת לשיווק,,,"י""ח",1.50,ליטר,false,1,8.80,5.67,true,1,
7290018471920,false,שוופס מוגז פירות ענבים 1.5 ליטר פיקדון,יפאורה - שותפות מוגבלת לשיווק,,,"י""ח",1.50,ליטר,false,1,8.80,5.67,true,1,
7290018471937,false,שוופס מוגז פירות תות ליים 1.5 ליטר פיקדון,יפאורה - שותפות מוגבלת לשיווק,,,"י""ח",1.50,ליטר,false,1,8.80,5.67,true,1,
7290018471944,false,שוופס מוגז פירות לימונייד 1.5 ליטר פיקדון,יפאורה - שותפות מוגבלת לשיווק,,,"י""ח",1.50,ליטר,false,1,8.80,5.67,true,1,
7290018471951,false,שוופס מוגז פירות אשכולית אדומה 1.5 ליטר פיקדון,יפאורה - שותפות מוגבלת לשיווק,,,"י""ח",1.50,ליטר,false,1,8.80,5.67,true,1,
7290018493045,false,"קרם ידיים מועשר בשמן קוקוס ד""ר פישר 100 מ""ל","פישר תעשיות פרמבצטיות בע""מ",,,"י""ח",100,ל גרם,false,1,15.90,15.90,true,1,
7290018493052,false,"ד""ר פישר - אפקטיב קר קרם ידיים מועשר בשמן אבוקדו 100 מ""ל","פישר תעשיות פרמבצטיות בע""מ",,,"י""ח",100,ל גרם,false,1,15.90,15.90,true,1,
7290018493069,false,"אפקטיב קר קרם ידייםמועשר בשמן כותנה ד""ר פישר 100 מ""ל","פישר תעשיות פרמבצטיות בע""מ",,,"י""ח",100,ל גרם,false,1,15.90,15.90,true,1,
7290018493403,false,"ד""ר פישר - קידס קצף אמבט ויטמינים 750 מ""ל",פישר תעשיות פרמבצטיות בעמ,,,"י""ח",750,"ל מ""ל",false,1,16.90,2.25,false,1,
7290018493908,false,"ד""ר פישר - קמיל בלו סנסיטיב אל דמע 750 מ""ל",פישר תעשיות פרמצבטיות בעמ,,,"י""ח",750,"ל מ""ל",false,1,19.90,2.65,false,1,
7290018500231,false,לחם פרוס וויקאנד אנג'ל 750 גרם,מאפיית שלמה א. אנג'\ל בע,,,"י""ח",750,ל גרם,false,1,16.90,2.25,false,1,
7290018500316,false,ארטיזנל לחם כוסמין לבן אנג'ל 750 גרם,מאפיית שלמה א. אנג'ל,,,"י""ח",750,ל גרם,false,1,20.90,2.79,true,1,
7290018500361,false,"לחם שחור פרוס 900 גרם ""אנג'ל"" -מוצר בפיקוח",מאפיית שלמה א. אנג'\ל בע,,,"י""ח",900,ל גרם,false,1,8.53,0.95,false,1,
7290018500460,false,לחם חצי מלא אנג'ל 700 גרם,שלמה א.אנג ל בעמ,,,"י""ח",750,ל גרם,false,1,11.90,1.59,false,1,
7290018500491,false,חלה בסגנון אמריקה אנגל.,שלמה א.אנג ל בעמ,,,"י""ח",500,ל גרם,false,1,15.90,3.18,false,1,
7290018516324,false,פאוץ' פרינוק תפוח עץ עם שיבולת שועל 120 גרם,גורי מוצרי צריכה (1991) בעמ,,,"י""ח",120,ל גרם,false,1,6.90,5.75,true,1,
7290018516331,false,פאוץ' פרינוק תפוח בננה ושיבולת שועל 120 גרם,גורי מוצרי צריכה (1991) בעמ,,,"י""ח",120,ל גרם,false,1,6.90,5.75,true,1,
7290018516348,false,פאוץ' פרינוק סלט פירות ושיבולת שועל 120 גרם,גורי מוצרי צריכה (1991) בעמ,,,"י""ח",120,ל גרם,false,1,6.90,5.75,true,1,
7290018540329,false,שקית פיתה פיתה בלדי 800 ג' אנג'ל,מאפיית שלמה א. אנג'\ל בע,,,"י""ח",8,"י""ח",false,1,12.90,1.61,false,1,
7290018540459,false,לחמניות המבורגר כוסמין 6 יח`300 גרם אנג,מאפיית שלמה א.אנג'\ל בע\,,,"י""ח",300,ל גרם,false,1,15.90,5.30,false,1,
7290018540817,false,ארטיזנל לחם מחמצת כוסמין אנג'ל 500 גרם,שלמה א. אנג`ל בעמ,,,"י""ח",500,ל גרם,false,1,17.90,3.58,true,1,
7290018540824,false,ארטיזנל לחם מחמצת כפרי אנג'ל 500 גרם,שלמה א. אנג`ל בעמ,,,"י""ח",500,ל גרם,false,1,17.90,3.58,true,1,
7290018540831,false,ארטיזנל לחם מחמצת חיטה מלאה ודגנים אנג'ל 500 גרם,שלמה א. אנג`ל בעמ,,,"י""ח",500,ל גרם,false,1,17.90,3.58,true,1,
7290018556924,false,משקה אלכהלי מחנה יהודה לימון 700 מייל,פיירוואטר בעמ,,,"י""ח",750,"ל מ""ל",false,1,40.20,5.32,true,1,
7290018571064,false,"מקלוני טופי 450 גרם ""מיה""",מיה תעשיות מזון מ.ת.מ. בעמ,,,"י""ח",450,ל גרם,false,1,15.90,3.53,true,1,
7290018571422,false,מיה-לקקנים מולטיקולור מיקס 65 יחידות,מיה תעשיות מזון מ.ת.מ. בעמ,,,"י""ח",65,"י""ח",false,1,18.90,0.29,true,1,
7290018571491,false,ריבת חלב אמיתי אמיתית בצנצנת 340 גרם,מיה תעשיות מזון מ.ת.מ. בעמ,,,"י""ח",340,ל גרם,false,1,14.90,4.38,true,1,
7290018571514,false,סוכריות ויטמין די ילדים דובונים יד למעלה 175 גרם מיה פלוס,מיה תעשיות מזון מ.ת.מ בעמ,,,"י""ח",175,ל גרם,false,1,39.90,22.80,false,1,
7290018571552,false,סוכריות ג'לי ללא סוכר עם חומצות שומן אומגה 3 למבוגרים,מיה תעשיות מזון מ.ת.מ בעמ,,,"י""ח",240,ל גרם,false,1,39.90,16.63,false,1,
7290018571613,false,סוכריות אומגה 3 מבוגרים אצבעות מיה פלוס 210 גרם ללס,מיה תעשיות מזון מ.ת.מ בעמ,,,"י""ח",210,ל גרם,false,1,39.90,19,false,1,
7290018571705,false,"אורז יסמין 1 ק""ג מיה.",מיה תעשיות מזון מ.ת.מ. בעמ,,,"י""ח",1,"ק""ג",false,1,10.90,10.90,true,1,
7290018571712,false,"אורז בסגנון פרסי 1 ק""ג",מיה תעשיות מזון מ.ת.מ. בעמ,,,"י""ח",1,"ק""ג",false,1,9.90,9.90,true,1,
7290018571736,false,אורז בסמטי הודי 1ק''ג,מיה תעשיות מזון מ.ת.מ. בעמ,,,"י""ח",1,"ק""ג",false,1,10.90,10.90,true,1,
7290018571750,false,"סילאן טבעי 900גרם בד""ץ העדה חרדית",מיה תעשיות מזון מ.ת.מ בעמ,,,"י""ח",900,ל גרם,false,1,21.90,2.43,false,1,
7290018571798,false,סוכריות ג'לי שמחות 2 צבעים מיה 540 גרם,מיה תעשיות מזון מ.ת.מ. בעמ,,,"י""ח",540,ל גרם,false,1,19.90,3.69,true,1,
7290018626290,false,פיצה מרגריטה עגבניות ובזיליקום 400ג.,***אדום גרופ למזון שיווק***,,,"י""ח",350,ל גרם,false,1,10.90,3.11,false,1,
7290018626306,false,פיצה מרגריטה פטריות 400ג,***אדום גרופ למזון שיווק***,,,"י""ח",400,ל גרם,false,1,10.90,2.73,false,1,
7290018703229,false,חטיף חלבון טבעוני בטעם שוקולד אגוזי לו,דיפלומט מפיצים (1968) בעמ**,,,"י""ח",60,ל גרם,false,1,13.90,23.17,false,1,
7290018703496,false,פראוד - חטיף חלבון בטעם בננה טופי 60 גרם,דיפלומט מפיצים (1968) בעמ**,,,"י""ח",60,ל גרם,false,1,13.90,23.17,false,1,
7290018708125,false,בארכה חלבה מסולסלת וניל 250 גרם,קבוצת אוסם סחר שותפות מוגבלת,,,"י""ח",350,ל גרם,false,1,15.90,4.54,false,1,
7290018710679,false,"צ`יפס קלאסי 2.5ק""ג מחפוד",***אדום גרופ למזון שיווק***,,,"י""ח",2.50,"ק""ג",false,1,32.90,13.16,false,1,
7290018732601,false,אבוקדו מוכן לאכילה,ביכורי השדה צפון 1994 ג.ד. בעמ,,,"י""ח",1,,false,1,9.90,9.90,false,1,
7290018732809,false,אבוקדו בשל לאכילה,ביכורי השדה צפון 1994 ג.ד. בעמ,,,"י""ח",1,"ק""ג",false,1,8.90,8.90,false,1,
7290018835005,false,אקסטרה צ'יפס אורז חום מלא מלח פלפל שמן זית 60 גרם,א.ל. ייצור ושיווק תבלינים בע`מ,,,"י""ח",60,ל גרם,false,1,7.90,13.17,true,1,
7290018860984,false,אטריות ביצים דקות 400 גרם,מזרח ומערב יבוא ושיווק,,,"י""ח",4,"ק""ג",false,1,9.90,2.48,true,1,
7290018893142,false,צ'וקטה גריסיני בתוספת שמן זית 120 גרם,ש.שסטוביץ בעמ,,,"י""ח",120,ל גרם,false,1,6.90,5.75,true,1,
7290018893258,false,צ'וקטה עוגות אישיות במילוי קרם קרמל ובציפוי בטעם שוקולד 300 גרם,פרדי קונדיטוריה אס.פ,,,"י""ח",300,ל גרם,false,1,14.90,4.97,false,1,
7290018893265,false,צ'וקטה עוגות אישיות בטעם שוקולד מריר 8 יח 240 גרם,"פרדי קונדיטוריה אס,פי.אי",,,"י""ח",240,ל גרם,false,1,11.90,4.96,true,1,
7290018893272,false,צוקטה בונבוניירה צדפות בלגי יוגטה 125 גרם,ש. שסטוביץ בע`מ,,,"י""ח",125,ל גרם,false,1,12.90,10.32,true,1,
7290018893340,false,מקלות אפויים בתוספת שומשום Salty,ש. שסטוביץ בע`מ,,,"י""ח",120,ל גרם,false,1,6.90,5.75,true,1,
7290018893456,false,צ'וקטה עוגות אישיות במילוי קרם ובציפוי בטעם שוקולד 300 גרם,"פרדי קונדיטוריה אס,פי.אי",,,"י""ח",300,ל גרם,false,1,14.90,4.97,false,1,
7290018893487,false,צ`וקוטה עוגות אישיות טעם קוקוס 350 גרם,פרדי קונדטוריה אס פי,,,"י""ח",300,ל גרם,false,1,14.90,4.97,false,1,
7290018893494,false,עלי וופל דקים בטעם חמאה צ'וקטה 100 גרם,דיסטרופר אוליבייר,,,"י""ח",100,ל גרם,false,1,9.90,9.90,true,1,
7290018893647,false,עוגיות סנדוויץ במילוי קרם וניל בציפוי שוקולד 150 גרם צ'וקטה,ש.שסטוביץ בעמ,,,"י""ח",150,ל גרם,false,1,9.90,6.60,true,1,
7290018893708,false,עוגיות סנדוויץ' במילוי קרם בטעם שוקולד,ש.שסטוביץ בעמ,,,"י""ח",250,ל גרם,false,1,7.90,3.16,true,1,
7290018893746,false,צוקטה בייגלה עגבניות ועשבי תיבול 180 גרם,ש.שסטוביץ בעמ,,,"י""ח",180,ל גרם,false,1,6.90,3.83,false,1,
7290018893814,false,צ'וקטה חמישיית שוקולד מריר 48%,הדקלאים אגודת שיתופי,,,"י""ח",500,"ל מ""ל",false,1,16.90,3.38,false,1,
7290018893845,false,פתי בר ביסקוויט בטעם חמאה 400 גרם צ'וקטה,ש. שסטוביץ בע`מ,,,"י""ח",400,ל גרם,false,1,8.90,2.23,false,1,
7290018893876,false,עוגות אישיות רכות עם מילוי קרם בטעם וניל,פרדי קונדיטוריה אס.פ,,,"י""ח",240,ל גרם,false,1,11.90,4.96,true,1,
7290018893906,false,עוגיות סנדוויץ' במילוי קרם בטעם וניל,ש.שסטוביץ בעמ,,,"י""ח",250,ל גרם,false,1,7.90,3.16,true,1,
7290018893920,false,לוקיטוס סוכריות ג'לי בטעמי פירות 700 גרם,ש. שסטוביץ בע`מ,,,"י""ח",700,ל גרם,false,1,19.90,2.84,false,1,
7290018894002,false,קוביות וופל במילוי קרם קקאו - חלבי,ש. שסטוביץ בע`מ,,,"י""ח",250,ל גרם,false,1,12.90,5.16,true,1,
7290018894071,false,צוקטה מארז סביבון לחנוכה 225ג,ש.שסטוביץ בעמ,,,"י""ח",225,ל גרם,false,1,16.90,7.51,false,1,
7290018894200,false,וופל קוביות ווניל בלקוני 250 גרם,ש. שסטוביץ בע`מ,,,"י""ח",250,ל גרם,false,1,12.90,5.16,true,1,
7290018894248,false,צ'וקטה - שוקולד חלב שלישייה 3 * 100 גרם,ש. שסטוביץ בע`מ,,,"י""ח",300,"ל מ""ל",false,1,13.90,4.63,true,1,
7290018894408,false,קוביות וופל במילוי קרם אגוזי לוז - חלבי,ש. שסטוביץ בע`מ,,,"י""ח",250,ל גרם,false,1,12.90,5.16,true,1,
7290018894606,false,בלקוני וופל קקאו 175 גרם חלבי OU,ש. שסטוביץ בע`מ,,,"י""ח",175,ל גרם,false,1,7.90,4.51,true,1,
7290018894804,false,וופלים במילוי קרם אגוזי לוז - חלבי,ש. שסטוביץ בע`מ,,,"י""ח",175,ל גרם,false,1,7.90,4.51,true,1,
7290018921067,false,"ד""ר פישר - אפקטיב קר תחליב רחצה שמן שקדים 700 מ""ל","פישר תעשיות פרמצביטות בע""מ",,,"י""ח",700,"ל מ""ל",false,1,16.90,2.41,true,1,
7290018921203,false,"קמיל בלו קרם החתלה קמומיל 120 ג' ד""ר פישר",פישר תעשיות פרמבצטיות בעמ,,,"י""ח",120,ל גרם,false,1,18.90,15.75,true,1,
7290018921456,false,"ד""ר פישר - אפקטיב קר תחליב רחצה שמן כותנה 700 מ""ל","פישר תעשיות פרמבצטיות בע""מ",,,"י""ח",700,"ל מ""ל",false,1,16.90,2.41,true,1,
7290018921654,false,"ד""ר פישר - אפקטיב קר תחליב רחצה תמצית לוונדר 700 מ""ל","פישר תעשיות פרמצביטות בע""מ",,,"י""ח",700,"ל מ""ל",false,1,16.90,2.41,true,1,
7290018925065,false,מיץ תפוזים סחוט פרימור (2 ליטר),שטראוס גרופ בעמ/מצונן,,,"י""ח",2,ליטר,false,1,26.90,13.30,false,1,
7290018925089,false,"מיץ פרימור תפו""ע צלול סחוט 2 ליטר-",שטראוס גרופ בעמ/מצונן,,,"י""ח",2,ליטר,false,1,26.90,13.30,false,1,
7290018925409,false,משקה לימון ואננס 400 מל פרימור,שטראוס גרופ בעמ/מצונן,,,"י""ח",400,"ל מ""ל",false,1,7.90,1.90,false,1,
7290018989128,false,סירופ בטעם ענבים יכין 1 ליטר,זנלכול יכין,,,"י""ח",1,ליטר,false,1,19.90,19.90,false,1,
7290018989135,false,סירופ 1 ליטר פטל יכין ליטר,זנלכול יכין,,,"י""ח",1,ליטר,false,1,19.90,19.90,false,1,
7290019014003,false,טאצ' נוזל רצפות אואזיס 4 ליטר,סאסאטק אגשח בעמ,,,"י""ח",4,ליטר,false,1,14.90,3.73,true,1,
7290019014027,false,טאצ' נוזל רצפות בלוסום 4 ליטר,סאסאטק אגשח בעמ,,,"י""ח",4,ליטר,false,1,14.90,3.73,true,1,
7290019014089,false,טאצ' נוזל רצפות 2 ליטר דיונה פראית,סאסאטק אגשח בעמ,,,"י""ח",2,ליטר,false,1,18.90,9.45,true,1,
7290019038252,false,מאפין במילוי שוקולד עם סוכריות 45 גרם אנג'ל,שלמה א.אנג ל בעמ,,,"י""ח",1,,false,1,2.50,2.50,true,1,
7290019038559,false,עוגה בטעם שוקוצ'יפס 350 גרם אנג'ל,שלמה א.אנג ל בעמ,,,"י""ח",270,ל גרם,false,1,12.90,4.78,false,1,
7290019047045,false,מגבוני נייר טואלט לח נשטפים לילדים 40י,"פישר תעשיות פרמבצטיות בע""מ",,,"י""ח",40,"י""ח",false,1,9.90,0.25,true,1,
7290019056027,false,שוופס מוגז פירות תפוחים ללא סוכר 1.5 ליטר פיקדון,יפאורה - שותפות מוגבלת לשיווק,,,"י""ח",1.50,ליטר,false,1,7.90,5.07,true,1,
7290019056034,false,שוופס מוגז פירות אננס ללא סוכר 1.5 ליטר פיקדון,יפאורה - שותפות מוגבלת לשיווק,,,"י""ח",1.50,ליטר,false,1,7.90,5.07,true,1,
7290019056041,false,שוופס מוגז פירות לימונייד ללא סוכר 1.5 ליטר פיקדון,יפאורה - שותפות מוגבלת לשיווק,,,"י""ח",1.50,ליטר,false,1,7.90,5.07,true,1,
7290019056058,false,שוופס מוגז עדין תפוח ליים 1.5 ליטר פיקדון,יפאורה - שותפות מוגבלת לשיווק,,,"י""ח",1.50,ליטר,false,1,8.60,5.53,true,1,
7290019056065,false,שוופס מוגז עדין פירות יער 1.5 ליטר פיקדון,יפאורה - שותפות מוגבלת לשיווק,,,"י""ח",1.50,ליטר,false,1,7.80,5,true,1,
7290019056072,false,שוופס מוגז עדין אננס 1.5 ליטר פיקדון,יפאורה - שותפות מוגבלת לשיווק,,,"י""ח",1.50,ליטר,false,1,7.80,5,true,1,
7290019056096,false,שוופס מוגז עדין אפרסק 1.5 ליטר פיקדון,יפאורה - שותפות מוגבלת לשיווק,,,"י""ח",1.50,ליטר,false,1,7.80,5,true,1,
7290019056119,false,שוופס סודה 1.5 ליטר פיקדון,יפאורה שותפות מוגבלת לשיווק,,,"י""ח",1.50,ליטר,false,1,4.80,3,true,1,
7290019056164,false,שוופס סודה 1.5 ליטר רביעייה פיקדון,יפאורה - שותפות מוגבלת לשיווק,,,"י""ח",6,ליטר,false,1,11.90,1.78,true,1,
7290019056171,false,שוופס סודה לימון 1.5 ליטר רביעייה פיקדון,יפאורה - שותפות מוגבלת לשיווק,,,"י""ח",6,ליטר,false,1,11.90,1.78,true,1,
7290019056188,false,מארז רביעיית סודה בטעם נענע ליים 1.5 ל' שוופס,יפאורה - שותפות מוגבלת לשיווק,,,"י""ח",6,ליטר,false,1,11.90,1.78,true,1,
7290019056201,false,מארז רביעיית סודה בטעם פירות יער 1.5 ל' שוופס,יפאורה - שותפות מוגבלת לשיווק,,,"י""ח",6,ליטר,false,1,11.90,1.78,true,1,
7290019056232,false,משקה מוגז בטעם ליים מוחיטו 1.5 ל' שוופס,יפאורה - שותפות מוגבלת לשיווק,,,"י""ח",1.50,ליטר,false,1,7.80,5,true,1,
7290019056249,false,שוופס מים בטעמים ענבים 1.5 ליטר פיקדון,יפאורה - שותפות מוגבלת לשיווק,,,"י""ח",1.50,ליטר,false,1,8.50,5.47,true,1,
7290019056256,false,שוופס מים בטעמים תפוחים 1.5 ליטר פיקדון,יפאורה - שותפות מוגבלת לשיווק,,,"י""ח",1.50,ליטר,false,1,8.50,5.47,true,1,
7290019056263,false,שוופס מים בטעמים אפרסק 1.5 ליטר פיקדון,יפאורה - שותפות מוגבלת לשיווק,,,"י""ח",1.50,ליטר,false,1,8.50,5.47,true,1,
7290019056287,false,שוופס מים בטעמים אפרסק ללא סוכר 1.5 ליטר פיקדון,יפאורה - שותפות מוגבלת לשיווק,,,"י""ח",1.50,ליטר,false,1,8.50,5.47,true,1,
7290019056294,false,שוופס ג'ינג'ר אייל 1.5 ליטר פיקדון,יפאורה - שותפות מוגבלת לשיווק,,,"י""ח",1.50,ליטר,false,1,13.20,8.60,false,1,
7290019056300,false,משקה בטעם ביטר לימון 1.5 ל' שוויפס,יפאורה - שותפות מוגבלת לשיווק,,,"י""ח",1.50,ליטר,false,1,12.50,8.13,false,1,
7290019056324,false,משקה בטעם טוניק 1.5 ל' שוופס,יפאורה - שותפות מוגבלת לשיווק,,,"י""ח",1.50,ליטר,false,1,12.50,8.13,false,1,
7290019056331,false,שוופס טוניק ללא סוכר 1.5 ליטר פיקדון,יפאורה - שותפות מוגבלת לשיווק,,,"י""ח",1.50,ליטר,false,1,11.90,7.73,false,1,
7290019056362,false,תפוזינה משקה קל ענבים 1.5 ליטר,יפאורה - שותפות מוגבלת לשיווק,,,"י""ח",1.50,ליטר,false,1,9.20,5.93,true,1,
7290019056379,false,משקה קל תפוזינה 1.5 ליטר תפוזים,יפאורה - שותפות מוגבלת לשיווק,,,"י""ח",1.50,ליטר,false,1,9.20,5.93,true,1,
7290019056386,false,משקה קל תפוזינה 1.5 ליטר אשכוליות,יפאורה - שותפות מוגבלת לשיווק,,,"י""ח",1.50,ליטר,false,1,9.20,5.93,true,1,
7290019056409,false,תפוזינה משקה קל מנגו עסיסי1.5ליטר,יפאורה - שותפות מוגבלת לשיווק,,,"י""ח",1.50,ליטר,false,1,9.20,5.93,true,1,
7290019056423,false,תפוזינה משקה קל תפוח רענן 1.5ליטר,יפאורה - שותפות מוגבלת לשיווק,,,"י""ח",1.50,ליטר,false,1,9.20,5.93,true,1,
7290019056430,false,משקה קל תפוזינה 1.5 ליטר תפוזים לייט,יפאורה - שותפות מוגבלת לשיווק,,,"י""ח",1.50,ליטר,false,1,9.20,5.93,true,1,
7290019056447,false,משקה קל תפוזינה 1.5 ליטר אשכוליות לייט,יפאורה - שותפות מוגבלת לשיווק,,,"י""ח",1.50,ליטר,false,1,9.20,5.93,true,1,
7290019056485,false,ספריג תה ירוק לימון לואיזה 1.5 ליטר פיקדון,יפאורה - שותפות מוגבלת לשיווק,,,"י""ח",1.50,ליטר,false,1,7.50,4.80,true,1,
7290019056492,false,ספרינג תה מנגו אפרסק 1.5 ליטר פיקדון,יפאורה - שותפות מוגבלת לשיווק,,,"י""ח",1.50,ליטר,false,1,7.50,4.80,true,1,
7290019056522,false,מים בטעם תות 1.5 ל' פרוט וואטר,יפאורה - שותפות מוגבלת לשיווק,,,"י""ח",1.50,ליטר,false,1,8.50,5.47,true,1,
7290019056539,false,fruit water פרוט ווטר אפרסק 1.5 ליטר-,יפאורה שותפות מוגבלת לשיווק,,,"י""ח",1.50,ליטר,false,1,8.50,5.47,true,1,
7290019056553,false,שישיית מים מינרלים עין גדי 2 ליטר,יפאורה - שותפות מוגבלת לשיווק,,,"י""ח",12,ליטר,false,1,13.70,0.99,false,1,
7290019056560,false,עין גדי מים מינרלים בקבוק 2 ליטר,יפאורה שותפות מוגבלת לשיווק,,,"י""ח",2,ליטר,false,1,3.30,1.50,false,1,
7290019056577,false,ספרינג קל מנגו 1.5 ליטר פיקדון,יפאורה - שותפות מוגבלת לשיווק,,,"י""ח",1.50,ליטר,false,1,9.20,5.93,true,1,
7290019056584,false,משקה קל תפוזים ספרינג 1.5 ליטר,יפאורה - שותפות מוגבלת לשיווק,,,"י""ח",1.50,ליטר,false,1,9.20,5.93,true,1,
7290019056591,false,משקה קל ענבים ספרינג 1.5 ליטר,יפאורה - שותפות מוגבלת לשיווק,,,"י""ח",1.50,ליטר,false,1,9.20,5.93,true,1,
7290019056607,false,משקה קל תפוחים ספרינג 1.5 ליטר,יפאורה - שותפות מוגבלת לשיווק,,,"י""ח",1.50,ליטר,false,1,9.20,5.93,true,1,
7290019056614,false,משקה קל אפרסק ספרינג 1.5 ליטר,יפאורה - שותפות מוגבלת לשיווק,,,"י""ח",1.50,ליטר,false,1,9.20,5.93,true,1,
7290019056621,false,משקה קל פירות טרופיים ספרינג 1.5 ליטר,יפאורה - שותפות מוגבלת לשיווק,,,"י""ח",1.50,ליטר,false,1,9.20,5.93,true,1,
7290019056638,false,משקה קל ספרינג 1.5 ליטר תות בננה,יפאורה - שותפות מוגבלת לשיווק,,,"י""ח",1.50,ליטר,false,1,9.20,5.93,true,1,
7290019056645,false,משקה קל ספרינג 1.5 ליטר אגס תפוח סברס,יפאורה - שותפות מוגבלת לשיווק,,,"י""ח",1.50,ליטר,false,1,9.20,5.93,true,1,
7290019056652,false,משקה קל ספרינג 1.5 ליטר אננס בננה,יפאורה - שותפות מוגבלת לשיווק,,,"י""ח",1.50,ליטר,false,1,9.20,5.93,true,1,
7290019056669,false,משקה קל ספרינג 1.5 ליטר תפוחים דיאט,יפאורה - שותפות מוגבלת לשיווק,,,"י""ח",1.50,ליטר,false,1,9.20,5.93,true,1,
7290019056676,false,משקה קל אשכולית אננס דיאט ספרינג 1.5 ליטר,יפאורה - שותפות מוגבלת לשיווק,,,"י""ח",1.50,ליטר,false,1,9.20,5.93,true,1,
7290019056720,false,קריסטל מיץ ענבים 2 ליטר פיקדון,יפאורה - שותפות מוגבלת לשיווק,,,"י""ח",2,ליטר,false,1,7.80,3.75,true,1,
7290019056744,false,קריסטל מיץ תפוזים 2 ליטר פיקדון,יפאורה - שותפות מוגבלת לשיווק,,,"י""ח",2,ליטר,false,1,7.80,3.75,true,1,
7290019056768,false,קריסטל משקה קל מנגו 2 ליטר פיקדון,יפאורה - שותפות מוגבלת לשיווק,,,"י""ח",2,ליטר,false,1,7.80,3.75,true,1,
7290019056775,false,משקה קל קריסטל (2 ליטר)מוגז ענבים,יפאורה - שותפות מוגבלת לשיווק,,,"י""ח",2,ליטר,false,1,7.50,3.60,true,1,
7290019056782,false,משקה קל קריסטל (2 ליטר)מוגז למון ליים,יפאורה - שותפות מוגבלת לשיווק,,,"י""ח",2,ליטר,false,1,7.80,3.75,true,1,
7290019056805,false,משקה קל קריסטל (2 ליטר)מוגז תפוחים,יפאורה - שותפות מוגבלת לשיווק,,,"י""ח",2,ליטר,false,1,7.80,3.75,true,1,
7290019056812,false,משקה קל קריסטל (2 ליטר)מוגז מנטה,יפאורה - שותפות מוגבלת לשיווק,,,"י""ח",2,ליטר,false,1,7.80,3.75,true,1,
7290019056836,false,משקה קל קריסטל (2 ליטר)מוגז תות,יפאורה - שותפות מוגבלת לשיווק,,,"י""ח",2,ליטר,false,1,7.80,3.75,true,1,
7290019056843,false,משקה קל קריסטל (2 ליטר)מוגז קולה,יפאורה - שותפות מוגבלת לשיווק,,,"י""ח",2,ליטר,false,1,7.50,3.60,true,1,
7290019056959,false,מי עדן בקבוק מתכווץ שקט 1.5 מ``ל,יפאורה - שותפות מוגבלת לשיווק,,,"י""ח",1.50,ליטר,false,1,3.60,2.20,false,1,
7290019056973,false,מי עדן שישיה בק `1.5ליטר פיקדון,יפאורה - שותפות מוגבלת לשיווק,,,"י""ח",9,ליטר,false,1,14.90,1.46,false,1,
7290019074243,false,מגבונים אנטי-בקטריאלים לניקוי משטחים*3,"פישר תעשיות פרמבצטיות בע""מ",,,"י""ח",1,,false,1,19.90,19.90,false,1,
7290019075080,false,קידס מולטי ויטמין אל סבון 1ליטר,"פישר תעשיות פרמבצטיות בע""מ",,,"י""ח",1,ליטר,false,1,24.90,24.90,true,1,
7290019075288,false,קידס מולטי ויטמין שמפו 1ליטר,"פישר תעשיות פרמבצטיות בע""מ",,,"י""ח",1,ליטר,false,1,24.90,24.90,true,1,
7290019075295,false,"ד""ר פישר - אפקטיב קר תחליב רחצה עדין לידיים מועשר בש""ש 350 מ""ל","פישר תעשיות פרמבצטיות בע""מ",,,"י""ח",350,ל גרם,false,1,11.90,3.40,true,1,
7290019075479,false,"ד""ר פישר - קמיל בלו קלאסיק שמפו לתינוק 1 ליטר",פישר תעשיות פרמבצטיות בעמ,,,"י""ח",1,ליטר,false,1,32.90,32.90,true,1,
7290019075493,false,"אפקטיב קר אל סבון עדין לידיים מועשר בתה ירוק ויסמין 350 מ""ל","פישר תעשיות פרמבצטיות בע""מ",,,"י""ח",350,ל גרם,false,1,11.90,3.40,true,1,
7290019075547,false,קרם גוף EFFECTIVE CARE מ.בחומצה היאלור,"פישר תעשיות פרמבצטיות בע""מ",,,"י""ח",450,"ל מ""ל",false,1,24.90,5.53,true,1,
7290019075684,false,קידס מולטי ויטמין שמפו ומרכך 1ליטר,"פישר תעשיות פרמבצטיות בע""מ",,,"י""ח",1,ליטר,false,1,24.90,24.90,true,1,
7290019075691,false,"ד""ר פישר - אפקטיב קר תחליב רחצה עדין לידיים מועשר בלבנדר 350 מ""ל","פישר תעשיות פרמבצטיות בע""מ",,,"י""ח",350,ל גרם,false,1,11.90,3.40,true,1,
7290019075745,false,אפקטיב קר קרם ידיים מועשר בחומצה היאלו,"פישר תעשיות פרמבצטיות בע""מ",,,"י""ח",100,"ל מ""ל",false,1,15.90,15.90,true,1,
7290019075899,false,קמיל בלו אקסטרה סופט אל סבון לתינוק 1 ליטר,"פישר תעשיות פרמצביטות בע""מ",,,"י""ח",1,ליטר,false,1,32.90,32.90,false,1,
7290019105022,false,אל סבון נוזלי בניחוח מאסק 1ליטר,טרופיקל דגיל תעשיות קוסמטיקה,,,"י""ח",1,ליטר,false,1,10.90,10.90,true,1,
7290019105428,false,אל סבון נוזלי בניחוח פרחים 1ליטר,טרופיקל דגיל תעשיות קוסמטיקה,,,"י""ח",1,ליטר,false,1,10.90,10.90,true,1,
7290019105817,false,אל סבון נוזלי בניחוח וניל ודבש 1ליטר,טרופיקל דגיל תעשיות קוסמטיקה,,,"י""ח",1,ליטר,false,1,10.90,10.90,true,1,
7290019145400,false,משקה אלכהלי מחנה יהודה אבטיח 700 מייל,פיירוואטר בעמ,,,"י""ח",750,"ל מ""ל",false,1,40.20,5.32,true,1,
7290019153085,false,שוופס מוגז ליים מוחיטו ללא סוכר 1.5 ליטר-,יפאורה - שותפות מוגבלת לשיווק,,,"י""ח",1.50,ליטר,false,1,8.80,5.67,true,1,
7290019153252,false,שוופס סודה תפוח 1.5 ליטר רביעייה פיקדון,יפאורה - שותפות מוגבלת לשיווק,,,"י""ח",6,ליטר,false,1,11.90,1.78,true,1,
7290019153269,false,שוופס סודה אננס 1.5 ליטר רביעייה פיקדון,יפאורה - שותפות מוגבלת לשיווק,,,"י""ח",6,ליטר,false,1,11.90,1.78,true,1,
7290019153351,false,משקה קל תפוזינה 1.5 ליטר פינק אוזו,יפאורה - שותפות מוגבלת לשיווק,,,"י""ח",1.50,ליטר,false,1,9.20,5.93,true,1,
7290019153375,false,משקה קל תפוזינה 1.5 ליטר מוחיטו,יפאורה - שותפות מוגבלת לשיווק,,,"י""ח",1.50,ליטר,false,1,9.20,5.93,true,1,
7290019153566,false,משקה קל רימון אוכמניות דובדבן ספרינג 1.5 ליטר,יפאורה - שותפות מוגבלת לשיווק,,,"י""ח",1.50,ליטר,false,1,9.10,5.87,true,1,
7290019167020,false,עוגת גבינה עם פירות יער לייט עדן קינוחים 82 גרם,"תנובה בע""מ ***",,,"י""ח",82,"ל מ""ל",false,1,6.90,8.41,false,1,
7290019167044,false,קצפת עם קרם בייגלה מתוק מלוח עדן קינוחים 82 גרם,תנובה בעמ ***,,,"י""ח",82,"ל מ""ל",false,1,6.90,8.41,false,1,
7290019204008,false,עוף טוב פסטרמה ארבעה פלפלים 350 גרם,קבוצת אוסם סחר שותפות מוגבלת,,,"י""ח",350,ל גרם,false,1,29.90,8.54,true,1,
7290019204107,false,עוף טוב פסטרמה בטעם אווז 320 גרם,קבוצת אוסם סחר-שות.מוגבלת,,,"י""ח",320,ל גרם,false,1,29.90,9.34,true,1,
7290019204206,false,עוף טוב פסטרמה בסגנון רומני 320 גרם,קבוצת אוסם סחר-שות.מוגבלת,,,"י""ח",320,ל גרם,false,1,29.90,9.34,true,1,
7290019204305,false,חזה הודו פסטרמה ברביקיו 350 גר',קבוצת אוסם סחר שותפות מוגבלת,,,"י""ח",350,ל גרם,false,1,29.90,8.54,true,1,
7290019232186,false,תה ירוק לימונית לואיזהSTAY WELL 25 שקיקים ויסוצקי,תה ויסוצקי (ישראל) בעמ,,,"י""ח",25,"י""ח",false,1,24.90,1,true,1,
7290019232353,false,תה ירוק סיני 50 שקיקים ויסוצקי,תה ויסוצקי (ישראל) בעמ,,,"י""ח",75,ל גרם,false,1,45.90,61.20,true,1,
7290019233022,false,רוטב עגבניות עם קוביות ושמן זית 420ג זיתא,תה ויסוצקי (ישראל) בעמ,,,"י""ח",350,"ל מ""ל",false,1,13.90,3.97,true,1,
7290019297420,false,מעדן תות שדה 100% רכיבי פרי 284 גר' ללא תוספת סוכר,דין שיווק וקליה 2021 בעמ,,,"י""ח",284,ל גרם,false,1,13.90,4.89,true,1,
7290019297512,false,"רוטב רימונים שקדיה 340 מ""ל בדץ",דין שיווק וקליה 2021 בעמ,,,"י""ח",340,ל גרם,false,1,9.90,2.91,false,1,
7290019297543,false,חמאת בוטנים 510 גר` דין שיווק,דין שיווק וקליה 2021 בעמ,,,"י""ח",510,ל גרם,false,1,10.90,2.14,false,1,
7290019297550,false,בוטנים מטוגנים בקוספא 185 גרם,דין שיווק וקליה 2021 בעמ,,,"י""ח",160,ל גרם,false,1,10,6.25,false,1,
7290022005562,false,קריספ פירורי לחם שום 300 גרם מיימונס,א.ל.ייצור ושיווק תבלינים בעמ,,,"י""ח",300,ל גרם,false,1,7.90,2.63,true,1,
7290042051785,false,צלחות מתכלות גדולות 25 יח` שווה*,ח.כהן סוכנות מזון ומשקאות בע,,,"י""ח",25,"י""ח",false,1,14.90,0.60,true,1,
7290042051921,false,כוסות יהלום שווה 40יח,ח.כהן סוכנות מזון ומשקאות בע,,,"י""ח",40,"י""ח",false,1,8.90,0.22,false,1,
7290100240137,false,"תרסיס ריחני למייבש כחול בדין 500 מ""ל",יוניליוור ישראל שיווק בע`מ,,,"י""ח",500,"ל מ""ל",false,1,19.90,3.98,false,1,
7290100240632,false,קרקר פתית 200-300ג' 6 דגנים 250 גרם,"יוניליוור ישראל שיווק בע""מ",,,"י""ח",250,ל גרם,false,1,18.70,7.48,false,1,
7290100240656,false,"פתית שיפון בד""צ חדש 300X24 גר'",יוניליוור ישראל שיווק בע`מ,,,"י""ח",300,ל גרם,false,1,18.70,6.23,false,1,
7290100243671,false,"מרכך כביסה מרוכז אקסטרה כחול בדין 960 מ""ל",יוניליוור ישראל שיווק בע`מ,,,"י""ח",960,"ל מ""ל",false,1,17.90,1.86,true,1,
7290100245231,false,נמס בכוס מרק בטעם עוף עם אטריות ושקדי מרק-2 שקיות,יוניליוור ישראל שיווק בע`מ,,,"י""ח",50,ל גרם,false,1,7.50,15,true,1,
7290100411254,false,מחית בוליווד תפוח ובננה 190 גרם ללא תוספ,שקד תבל בע`מ,,,"י""ח",190,"ל מ""ל",false,1,5.90,3.11,true,1,
7290100412343,false,קוויק מטליות לחות 99.9% לניקוי כללי בריח לימון 50 יחידות,שקד תבל בע`מ,,,"י""ח",50,"י""ח",false,1,8.90,0.18,true,1,
7290100412466,false,קוויק מטליות לחות לניקוי רצפות ניחוח לימון 10 יחידות,שקד תבל בע`מ,,,"י""ח",10,"י""ח",false,1,11.90,1.19,true,1,
7290100412756,false,"קרם ידיים לעור יבש פרחי בר ד""ר עור 100 מ""ל","אמיליה קוסמטיקס בע""מ",,,"י""ח",100,ל גרם,false,1,13.90,13.90,true,1,
7290100412763,false,"דר' עור תחליב רחצה קלאסי -לבנדר 700 מ""ל","אמיליה קוסמטיקס בע""מ",,,"י""ח",700,ל גרם,false,1,14.90,2.13,true,1,
7290100412770,false,"ד""ר עור - תחליב רחצה קלאסי בניחוח מאסק 700 מ""ל","אמיליה קוסמטיקס בע""מ",,,"י""ח",700,ל גרם,false,1,14.90,2.13,true,1,
7290100412787,false,"ד""ר עור - תחליב רחצה קלאסי בניחוח פריחת הכותנה 700 מ""ל","אמיליה קוסמטיקס בע""מ",,,"י""ח",700,ל גרם,false,1,14.90,2.13,true,1,
7290100412831,false,תחליב רחצה אנטי אייג'ינג בניחוח וניל טרופי,"אמיליה קוסמטיקס בע""מ",,,"י""ח",700,ל גרם,false,1,14.90,2.13,true,1,
7290100680711,false,פירורית זהב אסם זהב 350ג',קבוצת אוסם סחר שותפות מוגבלת,,,"י""ח",350,ל גרם,false,1,10.10,2.89,false,1,
7290100680728,false,פירורית רגילה שקית 350 גרם,קבוצת אוסם סחר שותפות מוגבלת,,,"י""ח",350,ל גרם,false,1,8.60,2.46,false,1,
7290100681138,false,מארז אפרופו חטיף תירס 3 יחידות,קבוצת אוסם סחר שותפות מוגבלת,,,"י""ח",150,ל גרם,false,1,14.10,9.40,true,1,
7290100683880,false,פירה אסם ללא צורך בבישול 260 גרם,קבוצת אוסם סחר שותפות מוגבלת,,,"י""ח",260,ל גרם,false,1,17.10,6.58,false,1,
7290100685136,false,"אבקת מרק טעם עוף 1 ק""ג 1/8 אסם",קבוצת אוסם סחר שותפות מוגבלת,,,"י""ח",1,"ק""ג",false,1,14.90,14.90,false,1,
7290100685334,false,אבקת מרק עוף אמיתי בשרי רכיבים טבעיים אסם 400 גרם,קבוצת אוסם סחר שותפות מוגבלת,,,"י""ח",400,ל גרם,false,1,25.90,6.48,false,1,
7290100685341,false,אבקת מרק טעם עוף זך רכיבים טבעיים אסם 400 גרם,קבוצת אוסם סחר שותפות מוגבלת,,,"י""ח",400,ל גרם,false,1,17.30,4.33,false,1,
7290100686171,false,מארז מולטיפק ביסלי גריל 6 יח 35 גר ליח,קבוצת אוסם סחר שותפות מוגבלת,,,"י""ח",210,ל גרם,false,1,15.90,7.57,true,1,
7290100688618,false,גביעי גלידה שוקולד אסם 95 גרם 24 יחידות,קבוצת אוסם סחר-שות.מוגבלת,,,"י""ח",24,"י""ח",false,1,17.40,0.73,false,1,
7290100689301,false,אבקת מרק בטעם עוף זך עדיף אסם 400 גרם,קבוצת אוסם סחר שותפות מוגבלת,,,"י""ח",400,ל גרם,false,1,17.40,4.35,false,1,
7290100700020,false,גריסי פנינה סוגת (500 גרם),האי נאם סי או אל.טי.,,,"י""ח",200,ל גרם,false,1,6.80,3.40,true,1,
7290100700075,false,פירורי לחם מוזהבים סוגת (200 גרם),"סוגת תעשיות בע""\מ",,,"י""ח",200,ל גרם,false,1,4.60,2.30,true,1,
7290100700266,false,פירורי לחם לבנים סוגת 200 גרם,"סוגת תעשיות בע""מ",,,"י""ח",200,ל גרם,false,1,3.90,1.95,true,1,
7290100700273,false,קינואה לבנה 500 ג סו,האי נאם סי או אל.טי.,,,"י""ח",500,ל גרם,false,1,12.90,2.58,true,1,
7290100700372,false,"אורז בסגנון בסמטי מלא 1 ק""ג",האי נאם סי או אל.טי.,,,"י""ח",1,"ק""ג",false,1,14.90,14.90,false,1,
7290100700389,false,"אורז אדום סוגת 1 ק""ג","סוגת תעשיות בע""\מ",,,"י""ח",1,"ק""ג",false,1,14.80,14.80,false,1,
7290100700396,false,"אורז יסמין קלאסי סוגת 1 ק""ג",האי נאם סי או אל.טי.,,,"י""ח",1,"ק""ג",false,1,12.90,12.90,false,1,
7290100700587,false,"בורגול ""סוגת"" 500 גרם",האי נאם סי או אל.טי.,,,"י""ח",500,ל גרם,false,1,6.80,1.36,true,1,
7290100701300,false,קינואה אדומה סוגת (500 גרם),"סוגת תעשיות בע""\מ",,,"י""ח",500,ל גרם,false,1,15.30,3.06,true,1,
7290100701454,false,בורגול דק גרישה סוגת (500 גרם),"סוגת תעשיות בע""\מ",,,"י""ח",500,ל גרם,false,1,5.90,1.18,true,1,
7290100702277,false,סוגת קוסקוס עבה 350 גרם,"אסיף תעשיות מזון בע""",,,"י""ח",350,ל גרם,false,1,4.90,1.40,false,1,
7290100702611,false,פתיתים אפויים אורז 500 גרם סוגת,"אסיף תעשיות מזון בע""\מ",,,"י""ח",500,ל גרם,false,1,5.90,1.18,true,1,
7290100702628,false,פתיתים אפויים קוסקוס סוגת 500 גרם,"אסיף תעשיות מזון בע""\מ",,,"י""ח",500,ל גרם,false,1,5.90,1.18,true,1,
7290100702635,false,פתיתים אפויים כוכבים סוגת 500 גרם,"אסיף תעשיות מזון בע""",,,"י""ח",500,ל גרם,false,1,5.90,1.18,true,1,
7290100702673,false,פתיתים אפויים 3 צבעים 400 גר גרם סוגת,"אסיף תעשיות מזון בע""",,,"י""ח",400,ל גרם,false,1,5.90,1.48,true,1,
7290100702987,false,שיבולת שועל פתיתים סוגת 500 גרם,סוגת תעשיות בעמ,,,"י""ח",500,ל גרם,false,1,4.90,0.98,true,1,
7290100702994,false,סוכר דמררה קלאסי בשקית סוגת 500 גרם,"סוגת תעשיות בע""מ",,,"י""ח",500,ל גרם,false,1,4.90,0.98,false,1,
7290100703007,false,"עדשים שחורות בלוגה 500 גרם ""סוגת""",האי נאם סי או אל.טי.,,,"י""ח",500,ל גרם,false,1,9.90,1.98,true,1,
7290100703458,false,כוסמת לא קלויה 500ג סוגת*,"סוגת תעשיות בע""\מ",,,"י""ח",500,ל גרם,false,1,7.90,1.58,true,1,
7290100703854,false,קוביות סוכר לבן דמררה 500 ג' סוגת,סוגת תעשיות בעמ,,,"י""ח",0.50,"ק""ג",false,1,9.90,19.80,false,1,
7290100703915,false,פופקורן להכנה במיקרוגל בטעם חמאה - מארז 6 שקיות,סוגת תעשיות בעמ,,,"י""ח",6,"י""ח",false,1,10.90,1.82,false,1,
7290100703922,false,פופקורן להכנה במיקרוגל בטעם טבעי - מארז 6 שקיות,סוגת תעשיות בעמ,,,"י""ח",6,"י""ח",false,1,10.90,1.82,false,1,
7290100704622,false,סוכר דמררה דק דק בצנצנת סוגת 500 גרם,"סוגת תעשיות בע""\מ",,,"י""ח",500,ל גרם,false,1,7.90,1.58,false,1,
7290100850909,false,חטיף תירס נאצ`ו מקסיקני דוריטוס (70 גרם),"שטראוס פריטו ליי בע""\מ",,,"י""ח",70,ל גרם,false,1,3.90,5.57,true,1,
7290100850916,false,דוריטוס חמוץ חריף מעודן 70 גרם כשר לפסח,"שטראוס פריטו ליי בע""\מ )",,,"י""ח",70,ל גרם,false,1,3.90,5.57,true,1,
7290100850923,false,חטיף תירס גריל דוריטוס (70 גרם),"שטראוס פריטו ליי בע""\מ )",,,"י""ח",70,ל גרם,false,1,3.90,5.57,true,1,
7290100850930,false,חטיף תירס בטעם טבעי דוריטוס (70 גרם),"שטראוס פריטו ליי בע""\מ )",,,"י""ח",70,ל גרם,false,1,3.90,5.57,true,1,
7290100851968,false,מארז קפה נמס עלית זוגות,"שטראוס גרופ בע""מ",,,"י""ח",400,ל גרם,false,1,39.40,9.85,true,1,
7290100858592,false,אבקת קקאו עלית שקית 150 ג',הנסיך- מפעל לייצור ט,,,"י""ח",150,ל גרם,false,1,10.20,6.80,false,1,
7290100921593,false,מנקה אסלה סוד 4 כדוריות לאסלה לימון נתלה 50 ג',גורי שיווק בעמ,,,"י""ח",750,"ל מ""ל",false,1,8.90,1.19,false,1,
7290100921609,false,סוד סבון לאסלה 4 כדוריות בניחוח אוקיינוס 50 ג',גורי שיווק בעמ,,,"י""ח",750,"ל מ""ל",false,1,8.90,1.19,false,1,
7290100924631,false,מרכך כביסה מרוכז לבגדי תינוקות ובעלי עור רגיש,גורי שיווק בעמ,,,"י""ח",900,"ל מ""ל",false,1,13.90,1.54,true,1,
7290100924693,false,סבון סוד 4 כדוריות מוצק כחול אקטיבי-אקנומיקה 50ג',גורי שיווק בעמ,,,"י""ח",1,"י""ח",false,1,8.90,8.90,false,1,
7290100925676,false,קולור קאצר 20 דפים לוכדי צבע למכונת כביס,גורי שיווק בעמ,,,"י""ח",20,"י""ח",false,1,20.90,1.05,false,1,
7290100925751,false,נוזל כלים תפוח סוד (650 מל),גורי שיווק בעמ,,,"י""ח",650,"ל מ""ל",false,1,6.90,1.06,false,1,
7290100925775,false,נוזל כלים רימון ותאנים סוד (650 מל),גורי שיווק בעמ,,,"י""ח",650,"ל מ""ל",false,1,6.90,1.06,false,1,
7290100926109,false,סוד לבן חלומי 4 ל מרכך כביסה,גורי שיווק בעמ,,,"י""ח",4,ליטר,false,1,16.90,4.23,false,1,
7290100926598,false,פרסיל א.כביסה סודה אקטיב 5קג,גורי שיווק בעמ,,,"י""ח",5,"ק""ג",false,1,43.90,8.78,false,1,
7290101113812,false,מאגדת יופלה שייק פרי אננס קוקוס פלדמן 5 יחידות,פלקו בעמ חברה ישראלית,,,"י""ח",1,,false,1,12.90,12.90,false,1,
7290101451105,false,נרות מטה כוכבים תותים,שמחה זה אנחנו,,,"י""ח",1,,false,1,6,6,false,1,
7290101453901,false,נר מספר - 3 (1X12X60),שמחה זה אנחנו בע`מ,,,"י""ח",1,,false,1,3.50,3.50,false,1,
7290101455929,false,"בקבוק נירוסטה מעוצב 500מ""ל מיקי",שמחה זה אנחנו,,,"י""ח",1,,false,1,29.90,29.90,false,1,
7290101551027,false,קפסולות קפה אספרסו חזק במיוחד 14 עלית 10 יח',הנסיך- מפעל לייצור ט,,,"י""ח",50,ל גרם,false,1,19.90,39.80,true,1,
7290101551263,false,סילאן טבעי 700 גרם יד מרדכי,"שטראוס גרופ בע""מ",,,"י""ח",700,ל גרם,false,1,22.90,3.27,true,1,
7290101551300,false,סילאן טבעי ללא תוספת סוכר בקבוק לחיץ,מכוורת יד מרדכי שטראוס ב,,,"י""ח",380,ל גרם,false,1,15.60,4.11,false,1,
7290101551584,false,תפוצ'יפס קידס מארז 10 יח' * 20 ג',"שטראוס פריטו ליי בע""מ )פ",,,"י""ח",10,"י""ח",false,1,13.90,1.39,false,1,
7290101551614,false,חטיף צ'יטוס קראנץ בטעם גבינה - מארז 8 יח',"שטראוס פריטו ליי בע""מ )פ",,,"י""ח",550,ל גרם,false,1,11.90,2.16,false,1,
7290101551638,false,חטיף צ'יטוס כאפה בטעם קטשופ - מארז 10 יח',"שטראוס פריטו ליי בע""מ )פ",,,"י""ח",10,"י""ח",false,1,12.90,1.29,true,1,
7290101864127,false,ספריי להסרת כתמים וניש קליה (750 מל),רקיט בנקיזר (ניר איסט) בעמ,,,"י""ח",750,"ל מ""ל",false,1,17.90,2.39,true,1,
7290101866633,false,וניש קליה גל להסרת כתמים 3 ליטר אוקסיפרש,רקיט בנקיזר (ניר איסט) בעמ,,,"י""ח",1.70,ליטר,false,1,29.90,17.59,false,1,
7290101866787,false,וניש קליה נוזל מסיר כתמים לכביסה לבנה 3 ליטר,רקיט בנקיזר (ניר איסט) בעמ,,,"י""ח",3,ליטר,false,1,29.90,9.97,false,1,
7290101868958,false,פיניש נוזל הברקה למדיח בניחוח לימון,רקיט בנקיזר (ניר איסט) בעמ,,,"י""ח",800,"ל מ""ל",false,1,19.90,2.49,false,1,
7290101869788,false,"אירוויק ספריי אוטומטי מילוי בניחוח אואזיס 250 מ""ל*",רקיט בנקיזר (ניר איסט) בעמ,,,"י""ח",1,,false,1,14.90,14.90,true,1,
7290101869795,false,"אירוויק מילוי מבשם אויר אטומטי חלום ליל קיץ 250 מ""ל",רקיט בנקיזר (ניר איסט) בעמ,,,"י""ח",1,,false,1,14.90,14.90,true,1,
7290101869801,false,"אירוויק מכשיר חשמלי+מילוי בניחוח אואזיס 19 מ""ל",רקיט בנקיזר (ניר איסט) בעמ,,,"י""ח",1,"י""ח",false,1,29.90,29.90,true,1,
7290101869917,false,"אירוויק מילוי מבשם אויר אטומטי היער הקסום 19 מ""ל",רקיט בנקיזר (ניר איסט) בעמ,,,"י""ח",1,,false,1,14.90,14.90,true,1,
7290101987413,false,נרות אותיות HB,שמחה זה אנחנו בעמ,,,"י""ח",1,,false,1,9.90,9.90,false,1,
7290102003907,false,נרות מטה לבבות - מכוניות(1X24),שמחה זה אנחנו בעמ,,,"י""ח",1,,false,1,7,7,false,1,
7290102006526,false,נייר אכיל ספיידרמן עיצוב 3,שמחה זה אנחנו,,,"י""ח",1,,false,1,19.90,19.90,false,1,
7290102030330,false,תפוצ`יפס אקסטרא מקסיקני 200 גרם +20 תו,"שטראוס פריטו ליי בע""\מ )",,,"י""ח",200,ל גרם,false,1,11.50,5.75,true,1,
7290102031276,false,מארז 8 יחידות אקטימל משקה יוגורט בטעם תות בננה,שטראוס גרופ בעמ/מצונן,,,"י""ח",800,"ל מ""ל",false,1,22.70,2.84,false,1,
7290102032334,false,אבקה להכנת משקה קפה בטעם וניל,"שטראוס גרופ בע""מ",,,"י""ח",200,ל גרם,false,1,24.90,12.45,false,1,
7290102276615,false,דבק רחב שקוף,צבע ומכחול (2014) בעמ,,,"י""ח",1,,false,1,9.90,9.90,false,1,
7290102302246,false,גבינת גאודה הולנדית 200 גרם,מיוצר עי קונדיטוריית,,,"י""ח",200,ל גרם,false,1,27.90,13.95,true,1,
7290102302253,false,"גבינת גאודה עיזים חצי קשה 34%, 200 גרם",מיוצר עי קונדיטוריית,,,"י""ח",200,ל גרם,false,1,36.90,18.45,true,1,
7290102303977,false,גוש טונה בשמן זית רוברט 140 גרם,קונסרבס פורטוגל נורטה,,,"י""ח",140,ל גרם,false,1,11.90,8.50,true,1,
7290102390427,false,יוגורט ביו עם קציפת תות 3% שומן 150 ג' מולר,החברה המרכזית טלהפצת משקאות בע,,,"י""ח",150,"ל מ""ל",false,1,5.30,3.53,true,1,
7290102390465,false,יוגורט ביו עם קציפת אפרסק ופסיפלורה 3% שומן 150 ג' מולר,החברה המרכזית טלהפצת משקאות בע,,,"י""ח",150,"ל מ""ל",false,1,5.30,3.53,true,1,
7290102390489,false,יוגורט ביו עם קציפת לימון 3% שומן 150 ג' מולר,*החברה המרכזית להפצת משקאותבעמ,,,"י""ח",150,"ל מ""ל",false,1,5.30,3.53,true,1,
7290102391301,false,"מולר ביאנקו נאטורל ביו 1.7% 150 מ""ל",*החברה המרכזית להפצת משקאותבעמ,,,"י""ח",150,"ל מ""ל",false,1,3.30,2.20,false,1,
7290102391844,false,יוגורט ביו עם קציפת פירות יער3% שומן 150 ג' מולר,החברה המרכזית טלהפצת משקאות בע,,,"י""ח",150,"ל מ""ל",false,1,5.30,3.53,true,1,
7290102392094,false,חלב עיזים 3.7% בקרטון משק צוריאל 1 ליטר,החברה המרכזית טלהפצת משקאות בע,,,"י""ח",1,ליטר,false,1,15.90,15.90,false,1,
7290102392254,false,"חלב בקרטון 1% 2 ליטר בד""צ - מוצר בפיקוח",*החברה המרכזית להפצת משקאותבעמ,,,"י""ח",2,ליטר,false,1,11.72,5.86,false,1,
7290102393039,false,"יוגורט ביו קרמי מיקס פצפוצי שוקולד 7.6% מולר 170 מ""ל",*החברה המרכזית להפצת משקאותבעמ,,,"י""ח",500,ל גרם,false,1,6,1.20,true,1,
7290102393060,false,"יוגורט ביו קרמי מיקס גלילי ופל ואגוזים 5.9% מולר 170 מ""ל",*החברה המרכזית להפצת משקאותבעמ,,,"י""ח",500,ל גרם,false,1,6,1.20,true,1,
7290102393176,false,סימפלי פרוט יוגורט אפרסק 3% שומן 150 ג' מולר,*החברה המרכזית להפצת משקאותבעמ,,,"י""ח",150,"ל מ""ל",false,1,5.30,3.53,true,1,
7290102393190,false,"יוגורט סימפלי פרוט בטעם פירות יער 3% מולר 150 מ""ל",*החברה המרכזית להפצת משקאותבעמ,,,"י""ח",150,"ל מ""ל",false,1,5.30,3.53,true,1,
7290102393268,false,"גבינה לבנה 5% שומן, רכיבים טבעיים 750 גרם",*החברה המרכזית להפצת משקאותבעמ,,,"י""ח",750,ל גרם,false,1,14.94,1.99,true,1,
7290102393299,false,יוגורט עיזים לשתייה 3% משק צוריאל 500 גרם,*החברה המרכזית להפצת משקאותבעמ,,,"י""ח",500,"ל מ""ל",false,1,11.90,2.38,false,1,
7290102393947,false,סימפלי פרוט יוגורט בטעם קיווי 3% שומן 150 ג' מולר,*החברה המרכזית להפצת משקאותבעמ,,,"י""ח",150,"ל מ""ל",false,1,5.30,3.53,true,1,
7290102394463,false,נעם גבינה צהובה פרוסה ואקום 28% טרה 500 גרם,החברה המרכזית טלהפצת משקאות בע,,,"י""ח",500,ל גרם,false,1,26.90,5.38,false,1,
7290102394821,false,גבינה צהובה 28% דק דק לפתיחה חוזרת 200,החברה המרכזית טלהפצת משקאות בע,,,"י""ח",200,ל גרם,false,1,15.60,7.80,true,1,
7290102394845,false,נעם גבינה צהובה לייט פרוסה דק דק 9% טרה 200 גרם,*החברה המרכזית להפצת משקאותבעמ,,,"י""ח",200,ל גרם,false,1,16.90,8.45,true,1,
7290102395101,false,ממרח גבינה ושוקולד מוו טרה 200 גרם,החברה המרכזית טלהפצת משקאות בע,,,"י""ח",227,ל גרם,false,1,11.90,5.24,false,1,
7290102395231,false,שמיניית יוגורט ביו ביאנקו 2.8% מולר 150 גרם,*החברה המרכזית להפצת משקאותבעמ,,,"י""ח",900,ל גרם,false,1,17.90,1.99,false,1,
7290102395262,false,מארז 8 גביעים יוגורט בטעם תות שדה ואפרסק 3% Simply Fruit,החברה המרכזית טלהפצת משקאות בע,,,"י""ח",150,"ל מ""ל",false,1,30.90,20.60,false,1,
7290102395378,false,נעם גבינה צהובה פרוסה ואקום 28% טרה 360 גרם,*החברה המרכזית להפצת משקאותבעמ,,,"י""ח",360,ל גרם,false,1,20.90,5.81,false,1,
7290102395439,false,מארז 8 גביעים יוגורט בטעם פירות יער וקיווי 3% Simply Fruit,*החברה המרכזית להפצת משקאותבעמ,,,"י""ח",150,"ל מ""ל",false,1,30.90,20.60,false,1,
7290102395446,false,מעדן חלב בטעם וניל עם קצפת 123 ג' טרה,*החברה המרכזית להפצת משקאותבעמ,,,"י""ח",250,ל גרם,false,1,2.90,1.16,false,1,
7290102395477,false,מעדן חלב בטעם שוקולד עם קצפת 123 ג' טרה,*החברה המרכזית להפצת משקאותבעמ,,,"י""ח",250,ל גרם,false,1,2.90,1.16,false,1,
7290102395521,false,"שמנת לבישול 15% שומן 500 מ""ל טרה",החברה המרכזית טלהפצת משקאות בע,,,"י""ח",500,"ל מ""ל",false,1,15.90,3.18,true,1,
7290102396399,false,מארז 8 יחידות מעדן חלב בטעם שוקולד 1.5%,*החברה המרכזית להפצת משקאותבעמ,,,"י""ח",800,ל גרם,false,1,14.20,1.78,false,1,
7290102396405,false,מארז 8 יחידות מעדן חלב בטעם וניל 1.5%,החברה המרכזית טלהפצת משקאות בע,,,"י""ח",800,ל גרם,false,1,14.20,1.78,false,1,
7290102396436,false,מעדן בטעם שוקולד 1.5% שומן מוו (125 גרם),*החברה המרכזית להפצת משקאותבעמ,,,"י""ח",250,ל גרם,false,1,2.90,1.16,true,1,
7290102396443,false,מעדן בטעם וניל 1.5% שומן מוו (125 גרם),*החברה המרכזית להפצת משקאותבעמ,,,"י""ח",250,ל גרם,false,1,2.90,1.16,true,1,
7290102396580,false,מעדן מוו שוקולד ומוס שוקולד טרה 118 גרם,החברה המרכזית טלהפצת משקאות בע,,,"י""ח",123,ל גרם,false,1,2.90,2.36,false,1,
7290102396597,false,מעדן מוו וניל ומוס שוקולד טרה 118 גרם,*החברה המרכזית להפצת משקאותבעמ,,,"י""ח",123,ל גרם,false,1,2.90,2.36,false,1,
7290102396665,false,צהובה פרוסות דקדק פתח סגור 15% 200 גר`,*החברה המרכזית להפצת משקאותבעמ,,,"י""ח",200,ל גרם,false,1,15.90,7.95,true,1,
7290102396672,false,גבינה צהובה נעם דק דק 9% פתח סגור 360 ג,*החברה המרכזית להפצת משקאותבעמ,,,"י""ח",360,ל גרם,false,1,27.50,7.64,false,1,
7290102396719,false,יוגורט 0% תות סימפלי מולר (150 גרם),*החברה המרכזית להפצת משקאותבעמ,,,"י""ח",150,"ל מ""ל",false,1,5.30,3.53,true,1,
7290102396740,false,מארז 8 גביעים יוגורט בטעם תות שדה ואפרסק 0% Simply Fruit,החברה המרכזית טלהפצת משקאות בע,,,"י""ח",8,"י""ח",false,1,30.90,3.86,false,1,
7290102397075,false,יוגורט בקרטון 4% שומן 1.5ל' טרה,*החברה המרכזית להפצת משקאותבעמ,,,"י""ח",1.50,ליטר,false,1,14.50,9.67,false,1,
7290102397310,false,מעדן מיני בטעם שוקולד קצפת מוו מאגדת 8 יח' * 70 ג',החברה המרכזית טלהפצת משקאות בע,,,"י""ח",250,ל גרם,false,1,11.90,4.76,false,1,
7290102397464,false,יוגורט ביו בתוספת גרעינים אגוזים וחמוציות 170 ג' מולר,החברה המרכזית טלהפצת משקאות בע,,,"י""ח",170,ל גרם,false,1,6,3.53,true,1,
7290102397600,false,מיקס יוגורט בתוספת שקדים ובוטנים מקורמלים 170 ג' מולר,החברה המרכזית טלהפצת משקאות בע,,,"י""ח",170,ל גרם,false,1,6,3.53,true,1,
7290102397617,false,יוגורט ביו קרמי עם כדורים מצופים שוקולד חום לבן,*החברה המרכזית להפצת משקאותבעמ,,,"י""ח",500,ל גרם,false,1,6,1.20,true,1,
7290102397679,false,קוטג' וחצי טרה 5% מרכיבים טבעיים,*החברה המרכזית להפצת משקאותבעמ,,,"י""ח",350,ל גרם,false,1,7.90,2.26,false,1,
7290102397730,false,פרוסות גבינה אמנטל חצי קשה 30% שומן 200 ג' נעם,*החברה המרכזית להפצת משקאותבעמ,,,"י""ח",200,ל גרם,false,1,17.90,8.95,true,1,
7290102397747,false,פרוסות גבינת מוצרלה נעם מחלב בקר 22%,*החברה המרכזית להפצת משקאותבעמ,,,"י""ח",200,ל גרם,false,1,18.90,9.45,true,1,
7290102397891,false,גבינה ניו יורק מותכת %16 4*25 גרם,החברה המרכזית טלהפצת משקאות בע,,,"י""ח",100,"ל מ""ל",false,1,7.30,7.30,false,1,
7290102398065,false,חלב טרה בקרטון 2 ליטר מהדרין 3% - מוצר בפיקוח,*החברה המרכזית להפצת משקאותבעמ,,,"י""ח",2,ליטר,false,1,12.46,6.23,false,1,
7290102398072,false,"חלב קרטון 3%-1 ליטר "" טרה"" -מוצר פיקוח",החברה המרכזית טלהפצת משקאות בע,,,"י""ח",1,ליטר,false,1,6.23,6.23,false,1,
7290102398331,false,חלב מועשר דל לקטוז 2% שומן טרה 1 ליטר,*החברה המרכזית להפצת משקאותבעמ,,,"י""ח",1,ליטר,false,1,7.70,7.70,false,1,
7290102398560,false,משקה שוקו מועשר בבקבוק 1 ליטר טרה,החברה המרכזית טלהפצת משקאות בע,,,"י""ח",1,ליטר,false,1,12.10,12.10,false,1,
7290102398577,false,משקה חלב בטעם שוקו 2% בבקבוק אישי,החברה המרכזית טלהפצת משקאות בע,,,"י""ח",250,"ל מ""ל",false,1,5.70,2.28,true,1,
7290102398614,false,משקה חלב טרה ט. בננה 1ליטר בקבוק,*החברה המרכזית להפצת משקאותבעמ,,,"י""ח",1,ליטר,false,1,12.10,12.10,false,1,
7290102398638,false,משקה חלב טרה ט.מוקה 1ליטר בקבוק,החברה המרכזית טלהפצת משקאות בע,,,"י""ח",1,ליטר,false,1,12.10,12.10,false,1,
7290102398782,false,.משקה סויה קלאסי 1ל בקבוק משק צוריא,*החברה המרכזית להפצת משקאותבעמ,,,"י""ח",1,ליטר,false,1,11.90,11.90,false,1,
7290102398805,false,משקה סויה בטעם וניל 1ל בקבוק משק צוריא,החברה המרכזית טלהפצת משקאות בע,,,"י""ח",1,ליטר,false,1,11.90,11.90,false,1,
7290102398836,false,משקה שקדים קלאסי 1 ליטר משק צוריאל,החברה המרכזית טלהפצת משקאות בע,,,"י""ח",1,ליטר,false,1,12.90,12.90,false,1,
7290102399697,false,סימפלי פרוט מנגו 1.5% שומן 150 ג' מולר,*החברה המרכזית להפצת משקאותבעמ,,,"י""ח",150,ל גרם,false,1,5.30,3.53,true,1,
7290102399772,false,מולר ספרדבל-ממרח חמאת מולר במליחות עדינה 250 גרם,החברה המרכזית טלהפצת משקאות בע,,,"י""ח",250,ל גרם,false,1,16.90,6.76,true,1,
7290102399789,false,מולר ספרדבל-ממרח חמאת מולר ללא מלח 250 גרם,החברה המרכזית טלהפצת משקאות בע,,,"י""ח",250,ל גרם,false,1,16.90,6.76,true,1,
7290102399796,false,מעדן יוגורט לבן מועשר בחלבון 200 ג' מולר אקטיב,*החברה המרכזית להפצת משקאותבעמ,,,"י""ח",200,"ל מ""ל",false,1,6,3,true,1,
7290102399802,false,יוגורט עם תות מולר אקטיב מועשר בחלבון 200 גר',החברה המרכזית טלהפצת משקאות בע,,,"י""ח",200,"ל מ""ל",false,1,6,3,true,1,
7290102399819,false,יוגורט עם פירות יער מולר אקטיב מועשר בחלבון 200 גר',החברה המרכזית טלהפצת משקאות בע,,,"י""ח",200,"ל מ""ל",false,1,6,3,true,1,
7290103120658,false,דאודורנט ספיד סטיק גל שחור 85 גרם,הנסיך- מפעל לייצור ט,,,"י""ח",1,"י""ח",false,1,19.90,19.90,true,1,
7290103124601,false,"תחליב רחצה נוזל חלב ודבש משאבה 750מ""ל פלמוליב",הנסיך- מפעל לייצור ט,,,"י""ח",750,"ל מ""ל",false,1,19.90,2.65,true,1,
7290103128739,false,בלונס מקלות אוזניים לתינוק 56 יחידות,הנסיך- מפעל לייצור ט,,,"י""ח",1,"י""ח",false,1,5.90,5.90,false,1,
7290103401429,false,קפה קצב ברזילאי אוריגינס 200 גר,הנסיך- מפעל לייצור ט,,,"י""ח",200,ל גרם,false,1,28.80,14.40,true,1,
7290103404758,false,סלט כרוב אדום במיונז אחלה 120 גרם,שטראוס גרופ בעמ/מצונן,,,"י""ח",120,ל גרם,false,1,5.40,4.50,false,1,
7290103408206,false,עלי חסה ערבית שטופים 250 גר טעם הטבע,ביכורי השדה הצפון בעמ` 1964,,,"י""ח",250,ל גרם,false,1,11.90,4.76,false,1,
7290103681210,false,"יין הר שרדונה מיתוג תנשמת 750 מ""ל",*החברה המרכזית להפצת משקאותבעמ,,,"י""ח",750,"ל מ""ל",false,1,35.90,4.75,false,1,
7290103701017,false,נייר אפיה נשלף טאצ 50 יחידות כשלפ,שניב תעשיות נייר בעמ,,,"י""ח",10,"י""ח",false,1,9.90,0.99,true,1,
7290103702540,false,נייר טואלט מהדרות כדור פורח 30 גלילים טאצ',שניב תעשיות נייר בעמ,,,"י""ח",30,"י""ח",false,1,26.90,0.90,true,1,
7290103703219,false,דלי מטליות לחות לניקוי כללי בניחוח לימון טאצ',סאסאטק אגשח בעמ,,,"י""ח",7,"י""ח",false,1,21.90,3.13,true,1,
7290103704186,false,מגבות מטבח כפול טאצ`מהדורת 2021 6 יחידות,שניב תעשיות נייר בעמ,,,"י""ח",6,"י""ח",false,1,20.90,3.48,true,1,
7290103704766,false,נייר טואלט 24 גליל כפול מהדורת פרח סגול,"שניב תעשיות נייר בע""\מ",,,"י""ח",883,מטר,false,1,42.90,0.05,true,1,
7290103722005,false,נייר טואלט לאבלי 32 ג' לבן-מרכז,שניב תעשיות נייר בעמ,,,"י""ח",588,מטר,false,1,36.90,0.06,false,1,
7290103746001,false,ממחטות טאצ`חמישייה צבעוני 500 דף,שניב תעשיות נייר בעמ,,,"י""ח",1,,false,1,13.90,13.90,true,1,
7290104061417,false,סלט חומוס עם טחינה אחלה 400 גרם,שטראוס גרופ בעמ/מצונן,,,"י""ח",400,ל גרם,false,1,11.90,2.98,false,1,
7290104061424,false,סלט חומוס עם זעתר אחלה 400 גרם,שטראוס גרופ בעמ/מצונן,,,"י""ח",400,ל גרם,false,1,11.90,2.98,false,1,
7290104061431,false,סלט חומוס עם צנובר אחלה 400 גרם,שטראוס גרופ בעמ/מצונן,,,"י""ח",400,ל גרם,false,1,11.90,2.98,false,1,
7290104061448,false,סלט חומוס עם חריף אחלה 400 גרם,שטראוס גרופ בעמ/מצונן,,,"י""ח",400,ל גרם,false,1,11.90,2.98,false,1,
7290104062599,false,מארז 8 יחידות מעדן גמדים בטעמי תות ובננה,שטראוס גרופ בעמ/מצונן,,,"י""ח",800,ל גרם,false,1,18.90,2.36,false,1,
7290104064012,false,חטיף פסק זמן GOOD שוקולד לבן גוד 36 גרם,שולן צ'יקולטה גידה ס,,,"י""ח",36,ל גרם,false,1,5.90,16.39,false,1,
7290104065934,false,עלי רוקט שטראוס 150 גר`-טעם הטבע,ביכורי השדה הצפון בעמ` 1964,,,"י""ח",150,ל גרם,false,1,10.90,7.27,false,1,
7290104066566,false,סלט טחינה שומשום מלא 500גר אחלה,שטראוס גרופ בעמ/מצונן,,,"י""ח",500,ל גרם,false,1,14.90,2.98,true,1,
7290104067693,false,חומוס אחלה עם תוספת חריף 150 גר,שטראוס גרופ בעמ/מצונן,,,"י""ח",150,ל גרם,false,1,5.80,3.87,false,1,
7290104508189,false,אסם 24 גביעי גלידה ממותקים 95 גרם,קבוצת אוסם סחר שותפות מוגבלת,,,"י""ח",24,"י""ח",false,1,14.10,0.59,false,1,
7290104508943,false,במבה חטיף בוטנים אסם 200 גרם,קבוצת אוסם סחר-שות.מוגבלת,,,"י""ח",200,ל גרם,false,1,10.60,5.30,true,1,
7290104721533,false,רצועות פלפלים קלויים אחלה (400 גרם),שטראוס גרופ בעמ/מצונן,,,"י""ח",400,ל גרם,false,1,14.90,3.73,true,1,
7290104721762,false,מארז שלשות קפה טורקי עלית 85 ג',"שטראוס גרופ בע""מ",,,"י""ח",1,"י""ח",false,1,24.80,24.80,false,1,
7290104721953,false,לקט מסולסלים 350 גרם שטראוס טעם הטבע,שטראוס בריאות ירקות טריי,,,"י""ח",350,ל גרם,false,1,14,4,false,1,
7290104722530,false,תפוצ'יפס בטעם שמנת בצל עלית 200 גרם,"שטראוס פריטו ליי בע""\מ )",,,"י""ח",200,ל גרם,false,1,11.50,5.75,true,1,
7290104726262,false,רביעייה מעדן דני שוקולד דיסני לבנים 125 גרם,שטראוס גרופ בעמ/מצונן,,,"י""ח",500,ל גרם,false,1,11.50,2.30,false,1,
7290104726712,false,מארז 8 יחידות מעדן מילקי בטעם שוקולד עם קצפת,שטראוס גרופ בעמ/מצונן,,,"י""ח",868,"ל מ""ל",false,1,21.20,2.44,false,1,
7290104728310,false,"שמנת מתוקה עמידה 38% שומן ""יטבתה"" -מוצר בפיקוח",שטראוס גרופ בעמ/מצונן,,,"י""ח",250,"ל מ""ל",false,1,6.47,2.59,true,1,
7290104729003,false,"יד מרדכי - שמן זית כתית מעולה 2 קלאסי 750 מ""ל",מכוורת יד מרדכי שטרא,,,"י""ח",750,"ל מ""ל",false,1,36.80,4.91,true,1,
7290104859786,false,תבנית אלומניום בינונית R31 פאלאס 7 יח,פאלאס תעשיות נטו (2014) בעמ,,,"י""ח",1,,false,1,12.90,12.90,false,1,
7290104859793,false,תבנית אלומניום ענק R99 פאלאס 4 יח,פאלאס תעשיות נטו (2014) בעמ,,,"י""ח",1,,false,1,12.90,12.90,false,1,
7290104859809,false,תבנית אלומניום אינגליש R88 פאלאס 14 יח,פאלאס תעשיות נטו (2014) בעמ,,,"י""ח",1,,false,1,12.90,12.90,false,1,
7290104859816,false,תבנית אלומניום בינונית R2 פאלאס 7 יח,פאלאס תעשיות נטו (2014) בעמ,,,"י""ח",1,,false,1,12.90,12.90,false,1,
7290104859823,false,תבנית אלומניום עמוקה R64 פאלאס 8 יח,פאלאס תעשיות נטו (2014) בעמ,,,"י""ח",1,,false,1,12.90,12.90,false,1,
7290104859830,false,תבנית אלומניום עגולה c10 פאלאס 8 יח,פאלאס תעשיות נטו (2014) בעמ,,,"י""ח",1,,false,1,12.90,12.90,false,1,
7290104960239,false,תחליב רחצה בניחוח קמומיל נקה (7507 מל),טרופיקל דגיל תעשיות קוסמ,,,"י""ח",750,"ל מ""ל",false,1,9.90,1.32,false,1,
7290104960253,false,נקה 7 ארומה תחליב רחצה לבנדר ענוג 750,החברה הדרומית לשיווק בעמ,,,"י""ח",750,"ל מ""ל",false,1,9.90,1.32,false,1,
7290104960352,false,"נקה 7 תחליב רחצה ארומה שקד וניל 750מ""ל",החברה הדרומית לשיווק בעמ,,,"י""ח",750,"ל מ""ל",false,1,9.90,1.32,false,1,
7290104960970,false,דאודורנט ספריי טיטניום מטאל Titanium Metal,אמיליה קוסמטיקס בעמ,,,"י""ח",150,"ל מ""ל",false,1,15.90,10.60,false,1,
7290104961243,false,"נקה 7 תחליב רחצה מגע קטיפה קוקוס ליים 750 מ""ל",טרופיקל דגיל תעשיות קוסמ,,,"י""ח",750,"ל מ""ל",false,1,9.90,1.32,false,1,
7290104961250,false,"נקה 7 תחליב רחצה מגע קטיפה וניל מאסק 750 מ""ל",טרופיקל דגיל תעשיות קוסמ,,,"י""ח",750,"ל מ""ל",false,1,9.90,1.32,false,1,
7290104961540,false,דאודורנט ספריי גוף טיטניום מטאל Titanium Metal,החברה הדרומית לשיווק בעמ,,,"י""ח",150,"ל מ""ל",false,1,12.90,8.60,false,1,
7290104961878,false,"שמפו לשיער קרטין אינטנס פורמולה 400 מ""ל נטורל",החברה הדרומית לשיווק בעמ,,,"י""ח",700,"ל מ""ל",false,1,29.90,4.27,false,1,
7290104961885,false,מרכך קרטין טהור לשיער שעבר החלקה או עיצוב בחום,החברה הדרומית לשיווק בעמ,,,"י""ח",700,"ל מ""ל",false,1,29.90,4.27,false,1,
7290104962073,false,דאודורנט ספריי גוף טיטניום גולד Titanium Gold,החברה הדרומית לשיווק בעמ,,,"י""ח",100,ל גרם,false,1,14.90,14.90,false,1,
7290104962080,false,דאודורנט ספריי גוף טיטניום גולד Titanium Gold,החברה הדרומית לשיווק בעמ,,,"י""ח",150,"ל מ""ל",false,1,12.90,8.60,false,1,
7290104962134,false,דאודורנט קרליין רול און נושם לנערות ללא אלומיניום,החברה הדרומית לשיווק בעמ,,,"י""ח",1,,false,1,12.90,12.90,false,1,
7290104963001,false,סופטקר מגבונים לחים רביעייה בניחוח עדין,החברה הדרומית לשיווק בעמ,,,"י""ח",4,"י""ח",false,1,17.90,4.48,false,1,
7290104963018,false,סופטקר מגבונים לחים רביעייה ללא בישום,החברה הדרומית לשיווק בעמ,,,"י""ח",4,"י""ח",false,1,18.90,4.73,false,1,
7290104963216,false,סופטקר - אל סבון עדין לתינוק לעור רגיש 1 ליטר,החברה הדרומית לשיווק בעמ,,,"י""ח",1,ליטר,false,1,18.90,18.90,false,1,
7290105360250,false,קפסולות 09 עשיר וארומטי למכונת נספרסו עלית 10יח',הנסיך- מפעל לייצור ט,,,"י""ח",50,ל גרם,false,1,19.90,39.80,true,1,
7290105360328,false,קפסולות אספרסו חזק למכונות נספרסו 10 יח',הנסיך- מפעל לייצור ט,,,"י""ח",50,ל גרם,false,1,19.90,39.80,true,1,
7290105360335,false,קפסולות אספרסו למכונות נספרסו 50 גר,הנסיך- מפעל לייצור ט,,,"י""ח",50,ל גרם,false,1,19.90,39.80,true,1,
7290105360878,false,תפוציפס טבעי 50 גרם מארז רביעייה,"שטראוס פריטו ליי בע""\מ )",,,"י""ח",200,ל גרם,false,1,11.90,5.95,false,1,
7290105362339,false,"שמנת לבישול 15% 250 מ""ל יטבתה מהדרין",שטראוס גרופ בעמ/מצונן,,,"י""ח",250,"ל מ""ל",false,1,8.60,3.44,true,1,
7290105363602,false,מקלות כיף כף קלאסי עלית (40 גרם),שולן צ'\יקולטה גידה סאן.,,,"י""ח",40,ל גרם,false,1,5.30,13.25,true,1,
7290105364289,false,מקלות כיף כף פצפוצים עלית 40 גרם,שולן צ'\יקולטה גידה סאן.,,,"י""ח",40,ל גרם,false,1,5.20,13,true,1,
7290105364302,false,"עלית חטיף שוקולד כיף כף מקלות אגוזים, 40 גרם",שולן צ'\יקולטה גידה סאן.,,,"י""ח",40,ל גרם,false,1,5.20,13,true,1,
7290105364678,false,"אקטיביה משקה יוגורט בטעם אפרסק שטראוס 250 מ""ל",שטראוס גרופ בעמ/מצונן,,,"י""ח",250,"ל מ""ל",false,1,5,2,false,1,
7290105366023,false,סלט חצילים בטעם כבד אחלה 400 גרם,שטראוס גרופ בעמ/מצונן,,,"י""ח",400,ל גרם,false,1,14.90,3.73,true,1,
7290105366047,false,טחינה לבנה אחלה (400 גרם),שטראוס גרופ בעמ/מצונן,,,"י""ח",400,ל גרם,false,1,14.90,3.73,true,1,
7290105366993,false,סימפוניה גבינת שמנת פלפל שיפקה 5% שטראוס 200 גרם,שטראוס גרופ בעמ/מצונן,,,"י""ח",200,ל גרם,false,1,12,6,true,1,
7290105368225,false,חומוס עם פלפל שיפקה אחלה (400 גרם),שטראוס גרופ בעמ/מצונן,,,"י""ח",400,ל גרם,false,1,11.90,2.98,false,1,
7290105368331,false,מעדן מילקי בטעם תות עם קצפת,שטראוס גרופ בעמ/מצונן,,,"י""ח",130,"ל מ""ל",false,1,2.90,2.23,false,1,
7290105368904,false,"שמנת מתוקה להקצפה 32% שומן 250 מ""ל יוטבתה",שטראוס גרופ בעמ/מצונן,,,"י""ח",250,"ל מ""ל",false,1,7.80,3.12,true,1,
7290105369130,false,סימפוניה גבינת שמנת בצל ירוק 5% שטראוס 200 גרם,שטראוס גרופ בעמ/מצונן,,,"י""ח",200,ל גרם,false,1,12,6,true,1,
7290105439499,false,מאסטר שף מאסטר שף מיונז 480 גר כשלפ,רמיה סי.וי. הולנד,,,"י""ח",481,ל גרם,false,1,11.50,2.39,false,1,
7290105439505,false,מאסטר שף קרם בטעם מיונז לייט 479 גר כשלפ,רמיה סי.וי. הולנד,,,"י""ח",521,ל גרם,false,1,12.90,2.48,false,1,
7290105439581,false,מנה מאסטר שף חרדל דיזיון צרפתי 370 גר,רמיה סי.וי.הולנד,,,"י""ח",370,ל גרם,false,1,12.90,3.49,false,1,
7290105439598,false,מאסטר שף חרדל דיז'ון גרגירים 370 גר כשלפ,סאס קווינור צרפת,,,"י""ח",370,ל גרם,false,1,12.90,3.49,false,1,
7290105500151,false,וודקה פינלנדיה רגיל 700,"אלטיה קורפ, הלסינקי,",,,"י""ח",750,"ל מ""ל",false,1,68.90,9.15,true,1,
7290105691248,false,אסם חטיפי פריכונים טורטייה תירס 60 גרם,קבוצת אוסם סחר שותפות מוגבלת,,,"י""ח",60,ל גרם,false,1,9.40,15.67,false,1,
7290105691712,false,אסם עוגיות הפסקת קפה דגנים מלאים 230 גרם,קבוצת אוסם סחר שותפות מוגבלת,,,"י""ח",230,ל גרם,false,1,10.90,4.74,true,1,
7290105691934,false,קמח שמרים אסם 1 קילו,קבוצת אוסם סחר שותפות מוגבלת,,,"י""ח",1,"ק""ג",false,1,10.90,10.90,false,1,
7290105693341,false,מארז עשיריית במבה אסם 25*10 גרם,קבוצת אוסם סחר שותפות מוגבלת,,,"י""ח",250,ל גרם,false,1,16.90,6.76,true,1,
7290105962331,false,סחוג תימני אדום חריף מאוד זהבי הכרם 220 גרם,שטראוס גרופ בעמ/מצונן,,,"י""ח",220,ל גרם,false,1,12.40,5.64,false,1,
7290105964564,false,חומוס אחלה 400 גרם. שטראוס,שטראוס גרופ בעמ/מצונן,,,"י""ח",400,ל גרם,false,1,9.50,2.38,false,1,
7290105965738,false,יוגורט לשתיה בטעם תות בננה267 ג' דנונה,שטראוס גרופ בעמ/מצונן,,,"י""ח",267,ל גרם,false,1,5.30,1.99,false,1,
7290105966469,false,חומץ בלסמי ממודנה יד מרדכי (250 מל),אצטייה ג'וזפה קרמוני,,,"י""ח",250,"ל מ""ל",false,1,16.80,6.72,false,1,
7290105968098,false,"סלט קולסלאו 500 גרם ""אחלה""",שטראוס גרופ בעמ/מצונן,,,"י""ח",500,ל גרם,false,1,14.90,2.98,true,1,
7290105968654,false,רביולי עם בטטה פרווה שטראוס (400 גרם),שטראוס גרופ בעמ/מצונן,,,"י""ח",400,ל גרם,false,1,21.70,5.43,true,1,
7290105968777,false,פריכיות 5 דגנים עם תחתית שוקולד מריר 70 גרם,"טחנת האבן תעשיות בע""",,,"י""ח",1,,false,1,8.90,8.90,true,1,
7290106520066,false,"רבע לשבע שוקולד חלב במילוי אגוזים עלית 160 גרם בד""צ","הגביע מוצרי וופלים בע""\מ",,,"י""ח",160,ל גרם,false,1,12.90,8.06,false,1,
7290106520288,false,יוגורט פרו חלבון עם תות 2.4% שומן 150 ג' דנונה,שטראוס גרופ בעמ/מצונן,,,"י""ח",150,"ל מ""ל",false,1,4.90,3.27,true,1,
7290106520905,false,סלט טורקי אחלה (400 גרם),שטראוס גרופ בעמ/מצונן,,,"י""ח",400,ל גרם,false,1,14.90,3.73,true,1,
7290106520912,false,שמנת לבישול 9% שומן 258גר מהדרין יטבתה,שטראוס גרופ בעמ/מצונן,,,"י""ח",258,"ל מ""ל",false,1,8.60,3.33,true,1,
7290106521049,false,אחלה טעמי השוק קוביות סלק 400 גר,שטראוס גרופ בעמ/מצונן,,,"י""ח",500,ל גרם,false,1,14.90,2.98,true,1,
7290106521926,false,קפה טורקי בצלופן עלית 150 גרם,שטראוס קפה בי.ויn\.,,,"י""ח",150,ל גרם,false,1,13.90,9.27,true,1,
7290106524439,false,חטיף פופס תפוצ`יפס (60 גרם),"שטראוס פריטו ליי בע""\מ )",,,"י""ח",60,ל גרם,false,1,4.50,7.50,false,1,
7290106525399,false,קפסולות 06 ברזיל למכונות נספרסו עלית 10יח',הנסיך- מפעל לייצור ט,,,"י""ח",50,ל גרם,false,1,19.90,39.80,true,1,
7290106525405,false,קפסולות קפה עלית נטול קפאין אספרסו) (10,שטראוס קפה בי.וי.,,,"י""ח",50,ל גרם,false,1,19.90,39.80,true,1,
7290106526822,false,פריכיות אורז חום מלא תחתית שוקולד חלב 80 גרם,"טחנת האבן תעשיות בע""",,,"י""ח",80,ל גרם,false,1,9,11.25,true,1,
7290106528567,false,חטיף תירס גריל דוריטוס (185 גרם),"שטראוס פריטו ליי בע""\מ )",,,"י""ח",185,ל גרם,false,1,6.90,3.73,false,1,
7290106528949,false,סלט ערוגות שטראוס 450 גר`-טעם הטבע,ביכורי השדה הצפון בעמ` 1964,,,"י""ח",450,ל גרם,false,1,13.90,3.09,false,1,
7290106571921,false,פיטנס עוגיות עם חמוציות נסטלה (180 גרם),קבוצת אוסם סחר שותפות מוגבלת,,,"י""ח",180,ל גרם,false,1,13.90,7.72,true,1,
7290106572027,false,קרקר לחמית חמישה דגנים אסם (190 גרם),קבוצת אוסם סחר-שות.מוגבלת,,,"י""ח",230,ל גרם,false,1,9.90,4.30,true,1,
7290106572065,false,חטיפי טורטיה בטעם חמוץ מתוק אסם (60 גרם),קבוצת אוסם סחר שותפות מוגבלת,,,"י""ח",60,ל גרם,false,1,10.30,17.17,false,1,
7290106573314,false,אוסם - קריספי טאפאס כפרי 150 גרם,קבוצת אוסם סחר שותפות מוגבלת,,,"י""ח",150,ל גרם,false,1,12.90,8.60,false,1,
7290106574953,false,בייגלה שטוחים כעכים שטוחים עם שומשום,קבוצת אוסם סחר שותפות מוגבלת,,,"י""ח",300,ל גרם,false,1,11.70,3.90,false,1,
7290106574977,false,בייגלה שטוחים טבעות עם מלח אסם (300 גרם),קבוצת אוסם סחר שותפות מוגבלת,,,"י""ח",300,ל גרם,false,1,11.70,3.90,false,1,
7290106575011,false,פתיתים אפויים קוסקוס מחיטה מלאה אסם 400 גרם,קבוצת אוסם סחר שותפות מוגבלת,,,"י""ח",500,ל גרם,false,1,7.60,1.52,false,1,
7290106576513,false,סלט רק חומוס צבר 400 גרם,קבוצת אוסם סחר שותפות מוגבלת,,,"י""ח",400,ל גרם,false,1,11.90,2.98,false,1,
7290106576537,false,חומוס מסעדה צבר (700 גרם),קבוצת אוסם סחר שותפות מוגבלת,,,"י""ח",700,ל גרם,false,1,12.70,1.81,false,1,
7290106576797,false,"לה קרמריה גלידת וניל איטלקי כשל""פ 1.4ל'",נגה גלידות שותפות מוגבלת,,,"י""ח",1.40,ליטר,false,1,19.90,14.21,false,1,
7290106576834,false,גלידה לה קרמריה פונטש בננה1.4 ל' נסטלה,נגה גלידות שותפות מוגבלת,,,"י""ח",1.40,ליטר,false,1,19.90,14.21,false,1,
7290106576919,false,"לה קרמריה סורבה תות לימו 1.4 ליטר כשל""פ",נגה גלידות שותפות מוגבלת,,,"י""ח",1.40,ליטר,false,1,19.90,14.21,false,1,
7290106577282,false,טחינה אמיתית מרובע 400 ג' צבר,קבוצת אוסם סחר-שות.מוגבלת,,,"י""ח",400,ל גרם,false,1,14.30,3.58,true,1,
7290106577541,false,צבר כרוב אדום מרובע 400גרם,קבוצת אוסם סחר-שות.מוגבלת,,,"י""ח",400,ל גרם,false,1,13.90,3.48,true,1,
7290106578692,false,ביסלי במבה מיקס מהדורת אליפות אסם 80 גרם,קבוצת אוסם סחר שותפות מוגבלת,,,"י""ח",60,ל גרם,false,1,5.20,8.67,true,1,
7290106578821,false,הבית עוגת שמרים קלאסית בטעם שוקולד 350גר.,קבוצת אוסם סחר שותפות מוגבלת,,,"י""ח",350,ל גרם,false,1,18.10,5.17,false,1,
7290106653689,false,לקט לסלט אסייתי 350 גר`-טעם הטבע,ביכורי השדה הצפון בעמ` 1964,,,"י""ח",350,ל גרם,false,1,10.90,3.11,false,1,
7290106654099,false,מילקי CAKE עוגות אישיות במילוי קרם חלב,בובארד איטליה אס.פי.איי,,,"י""ח",272,ל גרם,false,1,20.90,7.68,true,1,
7290106656734,false,"עוגיות חיוכים וניל עלית 600 גרם בד""צ",אפיפית נצרת תעשיות ב,,,"י""ח",600,ל גרם,false,1,18.60,3.10,false,1,
7290106660410,false,"רביולי תרד וגבינה 400 גרם ""שטראוס""",שטראוס גרופ בעמ/מצונן,,,"י""ח",400,ל גרם,false,1,21.70,5.43,true,1,
7290106662964,false,גומי יין סוכריות גומי מסוכרות בטעמי פירות,הדקלאים אגודת שיתופי,,,"י""ח",100,ל גרם,false,1,6.90,6.90,false,1,
7290106663558,false,"רוטב טריאקי ורימון יד מרדכי 280מ""ל",אף.סי תבליני בגליל ב,,,"י""ח",280,"ל מ""ל",false,1,15,5.36,false,1,
7290106664555,false,"רוטב שמנת עם עגבניות 9% שומן 250 מ""ל יוטבתה",שטראוס גרופ בעמ/מצונן,,,"י""ח",200,ל גרם,false,1,11.30,5.65,true,1,
7290106666788,false,עלית - סוכריות נוסטלגיה דבש ממולאות 80 גרם,"שטראוס גרופ בע""מ",,,"י""ח",100,ל גרם,false,1,5.90,5.90,false,1,
7290106667266,false,חטיף תירס חמוץ חריף דוריטוס (185 גרם),"שטראוס פריטו ליי בע""\מ )",,,"י""ח",185,ל גרם,false,1,7.90,4.27,false,1,
7290106668577,false,"מיץ לימון טבעי 250 מ""ל ""יד מרדכי""",האי נאם סי או אל.טי.,,,"י""ח",250,"ל מ""ל",false,1,8.80,3.52,true,1,
7290106668713,false,יוגורט עם פירות יער 3% שומן 150 ג' דנונה,שטראוס גרופ בעמ/מצונן,,,"י""ח",150,"ל מ""ל",false,1,3.90,2.60,true,1,
7290106720626,false,חטיף תירס בטעם גבינה צ`יטוס (80 גרם),"שטראוס פריטו ליי בע""\מ )",,,"י""ח",80,ל גרם,false,1,4.90,6.13,false,1,
7290106721913,false,מסטיק מאסט MUST ללא סוכר בטעם מנטה מרעננת,שטראוס גרופ בע`מ,,,"י""ח",66,ל גרם,false,1,11.50,17.42,true,1,
7290106721920,false,צנצנת מסטיק מאסט בטעם ספירמינט עדין 66 ג' עלית,"שטראוס גרופ בע""\מ.",,,"י""ח",66,ל גרם,false,1,11.50,17.42,true,1,
7290106723689,false,עלי תרד בייבי 200 גר`שטראוס טעם הטבע,ביכורי השדה הצפון בעמ` 1964,,,"י""ח",200,ל גרם,false,1,11.90,5.95,false,1,
7290106726178,false,יוגורט PRO עם פירות יער 2.4% 10 גרם חלבון בגביע,שטראוס גרופ בעמ/מצונן,,,"י""ח",150,"ל מ""ל",false,1,4.90,3.27,true,1,
7290106729650,false,יוגורט עם תות מאגדת 8 יח' * 150ג' דנונה,שטראוס גרופ בעמ/מצונן,,,"י""ח",1.20,ליטר,false,1,26,21.67,false,1,
7290107280020,false,שלישיית מטליות לחות לניקוי כללי סנו סושי 50 יחידות,החברה הדרומית לשיווק בעמ,,,"י""ח",1,,false,1,18.90,18.90,false,1,
7290107280068,false,סנו סושי תבנית אלומיניום ענק א.לארג 2 יח,החברה הדרומית לשיווק בעמ,,,"י""ח",1,,false,1,9.90,9.90,false,1,
7290107280389,false,"סנו - ג'ט מרסס לניקוי בחדר האמבטיה 750 מ""ל",החברה הדרומית לשיווק בעמ,,,"י""ח",750,"ל מ""ל",false,1,16.90,2.25,false,1,
7290107280396,false,"סנו - ג'ט מרסס לניקוי יסודי במטבח 750 מ""ל",החברה הדרומית לשיווק בעמ,,,"י""ח",750,"ל מ""ל",false,1,16.90,2.25,false,1,
7290107280563,false,סנו אוקסיג`ן ג`ל לכביסה בייבי 3 ל`,החברה הדרומית לשיווק בעמ,,,"י""ח",3,ליטר,false,1,29.90,9.97,false,1,
7290107280570,false,סנו - מקסימה ג'ל כביסה מרוכז לכביסה צבעונית 3 ליטר,החברה הדרומית לשיווק בעמ,,,"י""ח",3,ליטר,false,1,34.90,11.63,false,1,
7290107280587,false,שלישיית סנובון מוצק דאבל אקשן פריחה ורודה 55 גרם,החברה הדרומית לשיווק בעמ,,,"י""ח",750,"ל מ""ל",false,1,11.90,1.59,false,1,
7290107280655,false,אבקת כביסה Baby לתינוקות ולעור רגיש,החברה הדרומית לשיווק בעמ,,,"י""ח",3.25,"ק""ג",false,1,31.90,9.82,false,1,
7290107280723,false,נוזל לניקוי כלים סנו ספארק Spark בניחוח לימון רענן,החברה הדרומית לשיווק בעמ,,,"י""ח",700,"ל מ""ל",false,1,10.90,1.56,false,1,
7290107280730,false,נוזל לניקוי כלים סנו ספארק Spark בניחוח לבנדר,החברה הדרומית לשיווק בעמ,,,"י""ח",700,"ל מ""ל",false,1,10.90,1.56,false,1,
7290107280754,false,נוזל כלים סנו ספארק Spark היפואלרגני פריחת השקד,החברה הדרומית לשיווק בעמ,,,"י""ח",700,"ל מ""ל",false,1,10.90,1.56,false,1,
7290107280761,false,נוזל לניקוי כלים בניחוח לימון רענן סנו ספארק Spark,החברה הדרומית לשיווק בעמ,,,"י""ח",1,ליטר,false,1,12.90,12.90,false,1,
7290107645584,false,אבקת מרק עוף אמיתי רכיבים טבעיים 400 גרם - רבנות,יוניליוור ישראל שיווק בע`מ,,,"י""ח",400,ל גרם,false,1,25.90,6.48,true,1,
7290107646154,false,"חטיף קוקומן פצפוצים תלמה 126 גרם מארז 6 יחידות בד""צ","יוניליוור ישראל שיווק בע""מ",,,"י""ח",156,ל גרם,false,1,14.90,9.55,false,1,
7290107646376,false,סיף מטליות לחות לניקוי כללי בניחוח לימון,יוניליוור ישראל שיווק בעמ,,,"י""ח",1,"י""ח",false,1,9,9,false,1,
7290107646383,false,סיף מטליות לחות לניקוי רצפות בניחוח לימו,יוניליוור ישראל שיווק בעמ,,,"י""ח",1,"י""ח",false,1,11,11,false,1,
7290107646826,false,"חטיף שוגי שוקו תלמה 156 גרם מארז 6 יחידות בד""צ","יוניליוור ישראל שיווק בע""מ",,,"י""ח",156,ל גרם,false,1,14.90,9.55,false,1,
7290107647656,false,סולרו פרוט בוסט - קוקוס אננס (פרווה),"מיוצר ע""\י גלידת שטראוס",,,"י""ח",354,ל גרם,false,1,24.90,7.03,false,1,
7290107647731,false,קוקומן חום לבן 20% פחות סוכר 375 גרם ב,יוניליוור ישראל שיווק בע`מ,,,"י""ח",375,ל גרם,false,1,19.90,5.31,true,1,
7290107647816,false,"ברנפלקס ללא תוספת סוכר תלמה בד""ץ 500 גרם","יוניליוור ישראל שיווק בע""מ",,,"י""ח",500,ל גרם,false,1,22.90,4.58,false,1,
7290107647854,false,"שוגי מופחת סוכר תלמה 500 ג' בד""צ",יוניליוור ישראל שיווק בע`מ,,,"י""ח",500,ל גרם,false,1,19.90,3.98,true,1,
7290107871990,false,פסטה צינורות מהדרין אסם (500 גרם),קבוצת אוסם סחר שותפות מוגבלת,,,"י""ח",500,ל גרם,false,1,6.90,1.38,true,1,
7290107874502,false,ביסלי גריל קדמ. מארז אחיד 10 4*55 גרם,קבוצת אוסם סחר שותפות מוגבלת,,,"י""ח",210,ל גרם,false,1,13,6.19,true,1,
7290107875400,false,גלידה לה קרמריה פיסטוק מוקה 1.4 ל' נסטלה,נגה גלידות שותפות מוגבלת,,,"י""ח",1.40,ליטר,false,1,19.90,14.21,false,1,
7290107932080,false,חלב 3% מועשר בבקבוק יטבתה (1 ליטר),שטראוס גרופ בעמ/מצונן,,,"י""ח",1,ליטר,false,1,7.90,7.90,false,1,
7290107932134,false,חלב מועשר 1% בבקבוק יטבתה (1 ליטר),שטראוס גרופ בעמ/מצונן,,,"י""ח",1,ליטר,false,1,7.90,7.90,false,1,
7290107933155,false,לקט סלנובה 200 גר ירקות שטראוס טעם הטבע,שטראוס בריאות ירקות טריי,,,"י""ח",200,ל גרם,false,1,13.90,6.95,false,1,
7290107934473,false,שמינייה יוגורט לבן אקטיביה 1.5% דנונה 150 גרם,שטראוס גרופ בעמ/מצונן,,,"י""ח",1.20,ליטר,false,1,21.50,17.92,false,1,
7290107936309,false,דנונה יוגורט 7% יווני לבן 130 ג',שטראוס גרופ בעמ/מצונן,,,"י""ח",130,ל גרם,false,1,3.50,2.69,false,1,
7290107937542,false,משקה יוגורט אקטיביה עם תות 1.2% שומן,שטראוס גרופ בעמ/מצונן,,,"י""ח",250,"ל מ""ל",false,1,5.10,2.04,false,1,
7290107938396,false,שמיניית אקטימל תות דיסני בנים 108 גרם,שטראוס גרופ בעמ/מצונן,,,"י""ח",800,"ל מ""ל",false,1,22.70,2.84,false,1,
7290107940030,false,"חומוס אחלה מופחת שומן 650 גרם ""אחלה""","שטראוס גרופ ***בע""מ",,,"י""ח",500,ל גרם,false,1,9.90,1.98,true,1,
7290107940467,false,אקטיביה יוגורט קרמי 1.5% דנונה (200 גרם),שטראוס גרופ בעמ/מצונן,,,"י""ח",200,ל גרם,false,1,4.20,2.10,true,1,
7290107943192,false,"שמנת חמוצה מהערבה 27% שומן 200 מ""ל יטבתה",שטראוס גרופ בעמ/מצונן,,,"י""ח",200,"ל מ""ל",false,1,4.20,2.10,false,1,
7290107944243,false,אפיפיות בטעם שוקולד 200 גרם כשר לפסח,"שטראוס גרופ בע""\מ",,,"י""ח",200,ל גרם,false,1,9.90,4.95,false,1,
7290107944472,false,סימפוניה גבינה במרקם שמנת 5% שום שמיר,שטראוס גרופ בעמ/מצונן,,,"י""ח",200,ל גרם,false,1,12,6,true,1,
7290107945165,false,קונפיטורת משמש יד מרדכי 340 גרם,אף.סי תבליני בגליל ב,,,"י""ח",340,ל גרם,false,1,15.70,4.62,false,1,
7290107950190,false,מעדן חלב דל קלוריות בטעם שוקולד מריר 0.5% שומן,שטראוס גרופ בעמ/מצונן,,,"י""ח",130,ל גרם,false,1,3.40,2.62,false,1,
7290107950206,false,מעדן דיאט שוקולד שטראוס 130 גרם,שטראוס גרופ בעמ/מצונן,,,"י""ח",130,ל גרם,false,1,3.40,2.62,false,1,
7290107951104,false,בפלות ופלים ארוכים בטעם שוקולד,"שטראוס גרופ בע""\מ",,,"י""ח",200,ל גרם,false,1,5.40,2.70,false,1,
7290107951111,false,בפלות ופלים ארוכים בטעם לימון,שטראוס גרופ בע`מ,,,"י""ח",200,ל גרם,false,1,5.40,2.70,false,1,
7290107951715,false,צנצנת מסטיק מאסט קוביות בטעם ענבים 58 ג' עלית,"שטראוס גרופ בע""מ",,,"י""ח",66,ל גרם,false,1,11.90,18.03,true,1,
7290107953559,false,"מארז קפה טורקי עלית לדרך כשל""פ 168 גרם",הנסיך- מפעל לייצור ט,,,"י""ח",168,ל גרם,false,1,20,11.90,false,1,
7290107954976,false,משקה חלב PRO עם קפה 1.5% 25 גרם חלבון בבקבוק,שטראוס גרופ בעמ/מצונן,,,"י""ח",350,ל גרם,false,1,6.90,1.97,false,1,
7290107956642,false,"תרסיס שמן זית 150 מ""ל יד מרדכי כשלפ",פארייפאבה אגרואינדוס,,,"י""ח",150,ל גרם,false,1,18.90,12.60,false,1,
7290107956901,false,קפסולות בטעם אגוזים למכונת נספרסו עלית 10 יחידות,שטראוס קפה בי.וי.,,,"י""ח",50,ל גרם,false,1,19.90,39.80,true,1,
7290107957229,false,שוקולד צ'יפס מריר מעולה לאפיה עלית 250 ג',"שטראוס גרופ בע""מ",,,"י""ח",180,ל גרם,false,1,12.90,7.17,false,1,
7290107957991,false,מילקי CAKE מיניס קרם חלב בציפוי שוקולד חלב שקית 16X9ג',בובארד איטליה אס.פי.איי,,,"י""ח",144,ל גרם,false,1,15.50,10.76,true,1,
7290107958035,false,יוגורט במתיקות מעודנת 2% ללא תוספת סוכר- מארז 8 יח,שטראוס גרופ בעמ/מצונן,,,"י""ח",1.20,ליטר,false,1,19.30,16.08,false,1,
7290107970129,false,"ליידי ספיד סטיק - דאודורנט רול און לאישה פרש אסנס סחלב שחור 50 מ""ל",הנסיך- מפעל לייצור ט,,,"י""ח",50,"ל מ""ל",false,1,18.90,37.80,true,1,
7290107973861,false,מאסטר שף עגבניות קצוצות דק שלישיה 400ג*3 כשלפ,קונסרזיו קאסאלאסקו ד,,,"י""ח",1.20,"ק""ג",false,1,17.90,14.92,false,1,
7290107974066,false,"עלי טורטיה קמח מלא 20ס""מ 8יח' מאסטר שף 320ג'",אלקאטי קורביישיסי גי,,,"י""ח",320,ל גרם,false,1,11.90,3.72,false,1,
7290107974073,false,מנה עלי טורטיה קמח לבן מ.שף 20 סמ 320 גר,אלקאטי קורביישיסי גי,,,"י""ח",320,ל גרם,false,1,10.90,3.41,false,1,
7290107974806,false,"אורז בסגנון בסמטי 1ק""ג מאסטר שף",דווה סינג שיהם סינג,,,"י""ח",1,"ק""ג",false,1,12.90,12.90,false,1,
7290107974820,false,ממרח בטעם ספייסי מיונז מאסטר שף 250 גרם,רמיה סי.וי.הולנד,,,"י""ח",253,ל גרם,false,1,8.90,3.52,false,1,
7290107976848,false,פלמוליב סבון מוצק קמומיל רביעייה 360 ג,קולגייט-פלמוליב,,,"י""ח",360,ל גרם,false,1,16.90,4.69,true,1,
7290107976916,false,"סבון ידיים משאבה פלמוליב זיתים 300 מ""ל",קולגייט פלמוליב,,,"י""ח",300,"ל מ""ל",false,1,9.90,3.30,true,1,
7290107978330,false,איטריות דקות מאסטר שף 400 גרם,הדקלאים אגודת שיתופי,,,"י""ח",400,ל גרם,false,1,5.90,1.48,true,1,
7290107978347,false,איטריות בינוניות מאסטר שף 400 גרם,הדקלאים אגודת שיתופי,,,"י""ח",400,ל גרם,false,1,5.90,1.48,true,1,
7290107978453,false,חטיף בטעם גריל קראנצ,ש. שסטוביץ בע`מ,,,"י""ח",55,ל גרם,false,1,3.90,7.09,true,1,
7290107979184,false,קוקי תבנית אלומיניום עם נייר אפייה גדול 3,ש.שסטוביץ בעמ,,,"י""ח",1,,false,1,10.90,10.90,true,1,
7290108079357,false,מארז בלונים על מקל לניפוח עצמי HAPPY BIRTHDAY - כסף,שמחה זה אנחנו בעמ,,,"י""ח",1,,false,1,29.90,29.90,false,1,
7290108201284,false,איירוויק מקלות ריחניים בניחוח לבנדר מתוק,רקיט בנקיזר (ניר איסט) בעמ,,,"י""ח",30,"ל מ""ל",false,1,15.90,53,true,1,
7290108201437,false,"אבקת כביסה קולון 101 2.5 ק""ג",רקיט בנקיזר (ניר איסט) בעמ,,,"י""ח",2.50,"ק""ג",false,1,24.90,9.96,false,1,
7290108350128,false,סנו סושי שקיות אשפה חזקות במיוחד 40 יח',החברה הדרומית לשיווק בעמ,,,"י""ח",1,,false,1,24.90,24.90,false,1,
7290108350203,false,"סנו סושי כריות קרצוף+ספוג מקציף 6 יחידות 12X9 ס""מ",החברה הדרומית לשיווק בעמ,,,"י""ח",1,,false,1,9.90,9.90,false,1,
7290108350210,false,סנו סושי 30 שקיות אשפה XL חזקות במיוחד,החברה הדרומית לשיווק בעמ,,,"י""ח",1,,false,1,24.90,24.90,false,1,
7290108350258,false,נייר טואלט דו שכבתי ארוך פי 3 - מארז 12 גלילים,החברה הדרומית לשיווק בעמ,,,"י""ח",84.64,מטר,false,1,39.90,0.47,false,1,
7290108350531,false,סנו ספארק נוזל כלים בניחוח קלאסי עם משאבה 1 ל',מיוצר עי קונדיטוריית,,,"י""ח",1,ליטר,false,1,12.90,12.90,false,1,
7290108350548,false,סנו ספארק נוזל כלים בניחוח לבנדר עם משאבה 1 ל',החברה הדרומית לשיווק בעמ,,,"י""ח",1,ליטר,false,1,12.90,12.90,false,1,
7290108350555,false,נוזל כלים סנו ספארק Spark היפואלרגני פריחת השקד,החברה הדרומית לשיווק בעמ,,,"י""ח",1,ליטר,false,1,12.90,12.90,false,1,
7290108350586,false,נוזל לניקוי כלים סנו ספארק Spark בניחוח לימון רענן,החברה הדרומית לשיווק בעמ,,,"י""ח",1.50,ליטר,false,1,15.90,10.60,false,1,
7290108350616,false,סנו - מקסימה מרכך כביסה מרוכז פריחה כחולה 1 ליטר,החברה הדרומית לשיווק בעמ,,,"י""ח",1,ליטר,false,1,19.90,19.90,false,1,
7290108350623,false,מרכך כביסה סופר מרוכז סופט סילק מקסימה 1 ל' סנו,החברה הדרומית לשיווק בעמ,,,"י""ח",1,ליטר,false,1,19.90,19.90,false,1,
7290108351156,false,ג'ל ניקוי כללי בתוספת חומץ בריח לבנדר סנו ג'ט 1.5 ליטר,החברה הדרומית לשיווק בעמ,,,"י""ח",1.50,ליטר,false,1,15.90,10.60,false,1,
7290108351507,false,מרכך כביסה אינספרישיין סנו מקסימה 4 ליטר,החברה הדרומית לשיווק בעמ,,,"י""ח",4,ליטר,false,1,21.90,5.48,false,1,
7290108351514,false,מרכך כביסה בלו בלוסום סנו מקסימה 4 ליטר,החברה הדרומית לשיווק בעמ,,,"י""ח",4,ליטר,false,1,21.90,5.48,false,1,
7290108351552,false,"סנו - ג'ט לניקוי כללי בתוספת חומץ בניחוח לבנדר 750 מ""ל",החברה הדרומית לשיווק בעמ,,,"י""ח",750,"ל מ""ל",false,1,16.90,2.25,false,1,
7290108351569,false,מבשם ומרכך למייבש כביסה Baby לתינוקות ולעור רגיש,החברה הדרומית לשיווק בעמ,,,"י""ח",750,"ל מ""ל",false,1,19.90,2.65,true,1,
7290108351590,false,"סנופרש הום בלו בלוסון בניחוח מרכך כביסה 350 מ""ל",החברה הדרומית לשיווק בעמ,,,"י""ח",350,"ל מ""ל",false,1,14.90,4.26,false,1,
7290108351699,false,סנו - ג'ט מטליות לחות לניקוי כללי בתוספת חומץ לבנדר שלישיה,החברה הדרומית לשיווק בעמ,,,"י""ח",1,,false,1,20,20,false,1,
7290108351804,false,מרכך כביסה סופר מרוכז Gentl Breeze סנו מקסימה 1 ליטר,החברה הדרומית לשיווק בעמ,,,"י""ח",1,ליטר,false,1,19.90,19.90,false,1,
7290108351835,false,מרכך כביסה Pure Sensation סנו מקסימה 4 ליטר,החברה הדרומית לשיווק בעמ,,,"י""ח",4,ליטר,false,1,21.90,5.48,false,1,
7290108352009,false,סנו ספארק קפסולות למדיח כלים 50 יחידות,החברה הדרומית לשיווק בעמ,,,"י""ח",50,"י""ח",false,1,49.90,1,false,1,
7290108352054,false,אורביטול - צמד מברשות שיניים 980 + חוט דנטלי במתנה,החברה הדרומית לשיווק בעמ,,,"י""ח",1,,false,1,19.90,19.90,false,1,
7290108352061,false,משחת שיניים Go White אורביט 145 גרם עם פחם,טרופיקל דגיל תעשיות קוסמ,,,"י""ח",145,ל גרם,false,1,10.90,7.52,false,1,
7290108352207,false,מקסימה 40 קפסולות לכביסה בניחוח fresh burst,החברה הדרומית לשיווק בעמ,,,"י""ח",40,"י""ח",false,1,39.90,1,false,1,
7290108352214,false,סנו - מקסימה קפסולות כביסה בניחוח בריזה מרעננת 40 יח',החברה הדרומית לשיווק בעמ,,,"י""ח",40,"י""ח",false,1,39.90,1,false,1,
7290108352252,false,נוזל לניקוי כלים מתאים לניקוי ירקות ופירות סנו ספארק,החברה הדרומית לשיווק בעמ,,,"י""ח",1,ליטר,false,1,12.90,12.90,false,1,
7290108352337,false,"מטהר אויר פרש הום אוטומטיק מלון מפנק 250 מ""ל",החברה הדרומית לשיווק בעמ,,,"י""ח",165,ל גרם,false,1,14.90,9.03,false,1,
7290108352344,false,"פרש מבשם אויר אוטומטי בניחוח לבנדר סנו 250 מ""ל",החברה הדרומית לשיווק בעמ,,,"י""ח",165,ל גרם,false,1,14.90,9.03,false,1,
7290108352399,false,ריצפז פרש הום בניחוח מרכך כביסה פלורל טאצ',החברה הדרומית לשיווק בעמ,,,"י""ח",1.45,ליטר,false,1,22.90,15.79,false,1,
7290108352443,false,סנובון מוצק לניקוי אסלה כחול סנו 3 יחידות,החברה הדרומית לשיווק בעמ,,,"י""ח",165,ל גרם,false,1,17.90,10.85,true,1,
7290108352511,false,"מקסימה לניקוי וחיטוי מכונת כביסה שקית 500 מ""ל",החברה הדרומית לשיווק בעמ,,,"י""ח",500,"ל מ""ל",false,1,12.90,2.58,false,1,
7290108352566,false,מרכך כביסה בבישום עוצמתי 4 ל' סנו מקסינה,החברה הדרומית לשיווק בעמ,,,"י""ח",4,ליטר,false,1,21.90,5.48,false,1,
7290108352597,false,דלי מגבונים לניקוי כללי סנו 400 יחידות,החברה הדרומית לשיווק בעמ,,,"י""ח",400,"י""ח",false,1,29.90,0.07,false,1,
7290108352641,false,סנו סושי מטלית הפלא לניקוי כללי במארז שלישייה,החברה הדרומית לשיווק בעמ,,,"י""ח",3,"י""ח",false,1,14.90,4.97,false,1,
7290108352672,false,צמד מטליות הפלא לרצפה מיקרפייבר סנו סושי,החברה הדרומית לשיווק בעמ,,,"י""ח",2,"י""ח",false,1,23.90,11.95,false,1,
7290108352788,false,סנו סושי שקיות זיפר לאוכל L 20 יחידות,החברה הדרומית לשיווק בעמ,,,"י""ח",20,"י""ח",false,1,12.90,0.65,false,1,
7290108352795,false,שקיות זיפר 50 יח`במידה M סנו סושי,החברה הדרומית לשיווק בעמ,,,"י""ח",50,"י""ח",false,1,12.90,0.26,false,1,
7290108352801,false,"שקיות אשפה לפחים קטנים 45 * 56 ס""מ סנו סושי 100 יחידות",החברה הדרומית לשיווק בעמ,,,"י""ח",100,"י""ח",false,1,19.90,0.20,false,1,
7290108352870,false,סנו סושי שקיות צלייה 10יח' מידה XL,החברה הדרומית לשיווק בעמ,,,"י""ח",10,"י""ח",false,1,7.90,0.79,false,1,
7290108352900,false,מגבות נייר בגליל כפול סנו סושי 12=6 גלילים,החברה הדרומית לשיווק בעמ,,,"י""ח",84.64,מטר,false,1,24.90,0.29,false,1,
7290108353068,false,ספוג הפלא נירוסטה עם סיבי קירצוף סנו סושי 2 יח',החברה הדרומית לשיווק בעמ,,,"י""ח",1,,false,1,12.90,12.90,false,1,
7290108353099,false,ממחטות אף במארז ניילון סנו סופט 5 יח' * 100 דף,החברה הדרומית לשיווק בעמ,,,"י""ח",500,"י""ח",false,1,11.90,0.02,false,1,
7290108353686,false,מטלית חלומית לרצפה סנו סושי 1 יחידה,החברה הדרומית לשיווק בעמ,,,"י""ח",1,,false,1,12.90,12.90,false,1,
7290108353839,false,סושי כפפות ניטריל שחורות 80 יחידות M,החברה הדרומית לשיווק בעמ,,,"י""ח",80,"י""ח",false,1,29.90,0.37,false,1,
7290108353846,false,סושי כפפות ניטריל שחורות 80 יחידות L,החברה הדרומית לשיווק בעמ,,,"י""ח",80,"י""ח",false,1,29.90,0.37,false,1,
7290108353921,false,קרמה דיאודורנט סטיק מאסק 70 גרם,"אמיליה קוסמטיקס בע""\מ",,,"י""ח",70,"ל מ""ל",false,1,17.90,25.57,false,1,
7290108353983,false,"קרמה - קרם גוף קרמה קלאסי 500 מ""ל",החברה הדרומית לשיווק בעמ,,,"י""ח",500,"ל מ""ל",false,1,24.90,4.98,false,1,
7290108354270,false,מרכך כביסה מרוכז בבישום עוצמתי 1 ל' סנו מקסימה,החברה הדרומית לשיווק בעמ,,,"י""ח",1,ליטר,false,1,19.90,19.90,false,1,
7290108354447,false,"כיף מרכך לשיקום והזנה שמן קוקוס וקרטין 700 מ""ל",החברה הדרומית לשיווק בעמ,,,"י""ח",700,"ל מ""ל",false,1,13.90,1.99,false,1,
7290108354492,false,"קרליין שמפו 10 לשיער שמן ארגן 700 מ""ל",החברה הדרומית לשיווק בעמ,,,"י""ח",700,"ל מ""ל",false,1,13.90,1.99,true,1,
7290108354591,false,"תחליב רחצה בניחוח מי קקטוס ושמן באבאסו 750 מ""ל נקה 7",החברה הדרומית לשיווק בעמ,,,"י""ח",750,"ל מ""ל",false,1,12.90,1.72,false,1,
7290108354751,false,"סנו - ג'ט מרסס לניקוי כללי בתוספת אבקת סודה 750 מ""ל",החברה הדרומית לשיווק בעמ,,,"י""ח",750,"ל מ""ל",false,1,16.90,2.25,false,1,
7290108354768,false,"קרם גוף קרמה דבש 500 מ""ל",החברה הדרומית לשיווק בעמ,,,"י""ח",500,"ל מ""ל",false,1,24.90,4.98,false,1,
7290108354829,false,"קרם ידיים קרמה ורד וניל 100 מ""ל מ""ל",החברה הדרומית לשיווק בעמ,,,"י""ח",100,"ל מ""ל",false,1,12.90,12.90,true,1,
7290108354911,false,"שמפו, ג'ל רחצה וגילוח מועשר בתמצית אלוורה",החברה הדרומית לשיווק בעמ,,,"י""ח",700,"ל מ""ל",false,1,19.90,2.84,false,1,
7290108356106,false,כיף תחליב רחצה חלב שקדים 700 מל,החברה הדרומית לשיווק בעמ,,,"י""ח",750,"ל מ""ל",false,1,13.90,1.85,false,1,
7290108356113,false,תחליב רחצה כיף ניחוח דבש 700 מל,החברה הדרומית לשיווק בעמ,,,"י""ח",750,"ל מ""ל",false,1,13.90,1.85,false,1,
7290108356120,false,תחליב רחצה כיף ניחוח קוקוס וניל700 מל,החברה הדרומית לשיווק בעמ,,,"י""ח",750,"ל מ""ל",false,1,13.90,1.85,false,1,
7290108356137,false,תחליב רחצה כיף ניחוח לבנדר 700 מל,החברה הדרומית לשיווק בעמ,,,"י""ח",750,"ל מ""ל",false,1,13.90,1.85,false,1,
7290108356168,false,תחליב רחצה כיף ניחוח אוקיינס700 מל,החברה הדרומית לשיווק בעמ,,,"י""ח",750,"ל מ""ל",false,1,13.90,1.85,false,1,
7290108356182,false,אל סבון נוזלי כיף תאנה ותה ירוק (1ליטר),החברה הדרומית לשיווק בעמ,,,"י""ח",1,ליטר,false,1,14.90,14.90,false,1,
7290108356229,false,ג'ל גילוח לכל סוגי העור מועשר בפחם פעיל,החברה הדרומית לשיווק בעמ,,,"י""ח",200,"ל מ""ל",false,1,12.90,6.45,false,1,
7290108356489,false,"כיף - תחליב רחצה אפרסק וחמאת מורומורו 700 מ""ל",החברה הדרומית לשיווק בעמ,,,"י""ח",750,"ל מ""ל",false,1,13.90,1.85,false,1,
7290108356519,false,קרליין שמפו 10למניעת קשקשים 700מל,החברה הדרומית לשיווק בעמ,,,"י""ח",700,"ל מ""ל",false,1,14.90,2.13,true,1,
7290108356526,false,"קרליין - שמפו 10 לשיער יבש 700 מ""ל",החברה הדרומית לשיווק בעמ,,,"י""ח",700,"ל מ""ל",false,1,14.90,2.13,true,1,
7290108356540,false,קרוליין 10 שמפו לשיער צבוע 700 מל,החברה הדרומית לשיווק בעמ,,,"י""ח",700,"ל מ""ל",false,1,14.90,2.13,true,1,
7290108356571,false,"קרליין - מרכך 10 לשיער יבש 700 מ""ל",החברה הדרומית לשיווק בעמ,,,"י""ח",700,"ל מ""ל",false,1,14.90,2.13,true,1,
7290108356595,false,קרוליין 10 מרכך לשיער צבוע 700 מל,החברה הדרומית לשיווק בעמ,,,"י""ח",700,"ל מ""ל",false,1,14.90,2.13,true,1,
7290108356854,false,מגבונים לחים בניחוח עדין - 5 יחידות במארז,החברה הדרומית לשיווק בעמ,,,"י""ח",1,,false,1,19.90,19.90,false,1,
7290108356861,false,מגבוני בייבי כיף ללא בישום מארז חמישייה,החברה הדרומית לשיווק בעמ,,,"י""ח",1,,false,1,19.90,19.90,false,1,
7290108357028,false,"תחליב רחצה כיף ורד ושמן קוקוי 700 מ""ל",החברה הדרומית לשיווק בעמ,,,"י""ח",700,"ל מ""ל",false,1,13.90,1.99,false,1,
7290108357042,false,"קרליין - נושם ביו דאודורנט רול און 75 מ""ל Citrus Blossoms לאישה",החברה הדרומית לשיווק בעמ,,,"י""ח",75,ל גרם,false,1,12.90,17.20,false,1,
7290108357097,false,"קרליין - נושם ביו דאודורנט ספריי 150 מ""ל Velvet Rose לאישה",החברה הדרומית לשיווק בעמ,,,"י""ח",150,"ל מ""ל",false,1,12.90,8.60,false,1,
7290108357110,false,"קרליין - נושם ביו דאודורנט רול און 75 מ""ל Valvet Rose לאישה",החברה הדרומית לשיווק בעמ,,,"י""ח",75,ל גרם,false,1,12.90,17.20,false,1,
7290108357189,false,"מבשם ומרכך למייבש הכביסה מקסימה פלורל 750 מ""ל סנו",החברה הדרומית לשיווק בעמ,,,"י""ח",750,"ל מ""ל",false,1,19.90,2.65,true,1,
7290108357196,false,"ג'ט פלוס לניקוי כללי בתוספת תמצית עץ התה 750 מ""ל סנו",החברה הדרומית לשיווק בעמ,,,"י""ח",750,"ל מ""ל",false,1,16.90,2.25,false,1,
7290108357202,false,סנוקליר לניקוי בניחוח בלו בלוסום 1 ליטר,החברה הדרומית לשיווק בעמ,,,"י""ח",1,ליטר,false,1,12.90,12.90,false,1,
7290108357240,false,"אוקסיג'ן פאוור תוסף להסרת כתמים קשים 1.4 ק""ג",החברה הדרומית לשיווק בעמ,,,"י""ח",1.40,"ק""ג",false,1,31.90,22.79,false,1,
7290108357295,false,"מרסס אוקסיג'ן מסיר כתמים סנו לכביסה לבנה 750 מ""ל",החברה הדרומית לשיווק בעמ,,,"י""ח",750,"ל מ""ל",false,1,17.70,2.36,false,1,
7290108357400,false,"תחליב רחצה קרמה לבנדר ואקליפטוס 700 מ""ל",החברה הדרומית לשיווק בעמ,,,"י""ח",700,ל גרם,false,1,19.90,2.84,false,1,
7290108357653,false,סנובון ג'ל לאסלה שלישיה בניחוח אוקיינוס,החברה הדרומית לשיווק בעמ,,,"י""ח",65,"ל מ""ל",false,1,15.90,24.46,false,1,
7290108357707,false,"כיף שמפו לשיער רגיל- תפוח זרעי צ'יה 700 מ""ל",החברה הדרומית לשיווק בעמ,,,"י""ח",700,"ל מ""ל",false,1,13.90,1.99,false,1,
7290108357714,false,"כיף שמפו לשיער יבש -רימונים ושמן ארגן 700 מ""ל",החברה הדרומית לשיווק בעמ,,,"י""ח",700,"ל מ""ל",false,1,13.90,1.99,false,1,
7290108357776,false,"כיף מרכך לשיער יבש -רימונים ושמן ארגן 700 מ""ל",החברה הדרומית לשיווק בעמ,,,"י""ח",700,"ל מ""ל",false,1,13.90,1.99,false,1,
7290108357837,false,כיף אל סבון 1 ליטר ג'נסינג שקית מילוי + פקק,החברה הדרומית לשיווק בעמ,,,"י""ח",1,ליטר,false,1,8.90,8.90,false,1,
7290108357844,false,כיף אל סבון 1 ליטר אצות ים שקית מילוי + פקק,החברה הדרומית לשיווק בעמ,,,"י""ח",1,ליטר,false,1,8.90,8.90,false,1,
7290108357875,false,"כיף - שמפו לחות מוגברת עם אפרסק וחמאת מורומורו 700 מ""ל",החברה הדרומית לשיווק בעמ,,,"י""ח",700,"ל מ""ל",false,1,13.90,1.99,false,1,
7290108357882,false,"כיף - מרכך לחות מוגברת עם אפרסק וחמאת מורומורו 700 מ""ל",החברה הדרומית לשיווק בעמ,,,"י""ח",700,"ל מ""ל",false,1,13.90,1.99,false,1,
7290108358070,false,"תחליב רחצה קלאסי קרמה 700מ""ל.",החברה הדרומית לשיווק בעמ,,,"י""ח",700,ל גרם,false,1,19.90,2.84,false,1,
7290108358117,false,"פרש הום מקלות ריחניים לבית בניחוח כביסה רעננה 100 מ""ל",החברה הדרומית לשיווק בעמ,,,"י""ח",750,"ל מ""ל",false,1,21.90,2.92,false,1,
7290108358124,false,דפי בישום לחים למייבש הכביסה בניחוח מרכך כביסה 20 יח' מקסימה,טרופיגל דגיל תעשיות קוסמ,,,"י""ח",750,"ל מ""ל",false,1,12.90,1.72,true,1,
7290108359015,false,סושי שקיות זיפר עם סליידר 20 יח מדיום,החברה הדרומית לשיווק בעמ,,,"י""ח",1,,false,1,14.90,14.90,false,1,
7290108359046,false,שקיות אשפה EXTRA חזקאות במיוחד XXL סנו סושי 20 יח',החברה הדרומית לשיווק בעמ,,,"י""ח",20,"י""ח",false,1,24.90,1.25,false,1,
7290108359077,false,סנו - סופט לושן ממחטות אף בקופסא 3 שכבות 120 יח',החברה הדרומית לשיווק בעמ,,,"י""ח",440,ל גרם,false,1,12.90,2.93,false,1,
7290108359169,false,"תבנית אלומיניום עגולה 628 ס""מ יחי סנו סושי",החברה הדרומית לשיווק בעמ,,,"י""ח",6,"י""ח",false,1,12.90,2.15,false,1,
7290108359176,false,סופט ממחטות אף צמד בשקית לושן 3 שכבות,החברה הדרומית לשיווק בעמ,,,"י""ח",650,ל גרם,false,1,13.90,2.14,true,1,
7290108359824,false,"כיף - בייבי כיף קרם 500 מ""ל",החברה הדרומית לשיווק בעמ,,,"י""ח",500,"ל מ""ל",false,1,24.90,4.98,false,1,
7290108359831,false,בייבי שמן לתינוק לעור עדין כיף (500 מל),החברה הדרומית לשיווק בעמ,,,"י""ח",500,"ל מ""ל",false,1,24.90,4.98,false,1,
7290108359879,false,"אלסבון בייבי כיף+משאבה 750 מ""ל",החברה הדרומית לשיווק בעמ,,,"י""ח",750,"ל מ""ל",false,1,17.90,2.39,false,1,
7290108501346,false,גבינה מגורדת גאודה 28% שומן EURO CHEESE ויליפוד 500 גרם,ג.וילי-פוד אינטרנשיונל **גבינו,,,"י""ח",500,ל גרם,false,1,26.90,5.38,false,1,
7290108501988,false,חטיף שקדים וחמוציות הפי נוטס מארז 35X4ג',ג. וילי-פוד אינטרנשיונל בע`מ,,,"י""ח",100,ל גרם,false,1,14.80,14.80,true,1,
7290108502305,false,גבינת גרדה פדנו משולש 150 גר` וילי פוד,ג.וילי-פוד אינטרנשיונל **גבינו,,,"י""ח",150,ל גרם,false,1,16.90,11.27,false,1,
7290108502725,false,גבינת גאודה פרוסות ויליפוד 400 גרם,ג.וילי-פוד אינטרנשיונל **גבינו,,,"י""ח",120,ל גרם,false,1,20.90,17.42,false,1,
7290108502862,false,מלפפונים כבושים במלח 18-25 קטנים ויליפוד 600 גרם,ג. וילי-פוד אינטרנשיונל בע`מ,,,"י""ח",600,ל גרם,false,1,11.90,1.98,false,1,
7290108503043,false,תפוחונים חטיף פלחים מיובשים מארז 22X4ג',ג. וילי-פוד אינטרנשיונל בע`מ,,,"י""ח",4,"י""ח",false,1,15.90,3.98,false,1,
7290108503067,false,פרמז'נו משולש ויליפוד 150 גרם,ג.וילי-פוד אינטרנשיונל **גבינו,,,"י""ח",150,ל גרם,false,1,23.90,15.93,false,1,
7290108503982,false,פרוסות גבינה בטעם צ'דר לכריכים וטוסטים ויליפוד 150 גרם,ג. וילי-פוד אינטרנשיונל בע`מ,,,"י""ח",150,ל גרם,false,1,11.90,7.93,true,1,
7290108505160,false,יוגורט עם אגסים 4% שומן ויליפוד 150 גרם,ג.וילי-פוד אינטרנשיונל **גבינו,,,"י""ח",150,ל גרם,false,1,5.90,3.93,true,1,
7290108505207,false,יוגורט עם אוכמניות 0% שומן ויליפוד 150 גרם,ג.וילי-פוד אינטרנשיונל **גבינו,,,"י""ח",150,ל גרם,false,1,5.90,3.93,true,1,
7290108505490,false,דונאטס קפוא ויליפוד,ג.וילי פוד אינטרנשיונל בעמ,,,"י""ח",1,,false,1,5.90,5.90,true,1,
7290108505962,false,שזיפים מיובשים וילי פוד 400 גרם,ג.וילי פוד אינטרנשיונל בעמ,,,"י""ח",400,ל גרם,false,1,21.90,5.48,false,1,
7290108506709,false,גבינת פרמג`אנו ר`גיאנו 150 גר וילי פוד,ג.וילי-פוד אינטרנשיונל **גבינו,,,"י""ח",150,ל גרם,false,1,29.90,19.93,false,1,
7290108507072,false,שבבי גבינת גרנה פדנו ויליפוד 100 גרם,ג. וילי-פוד אינטרנשיונל בע`מ,,,"י""ח",100,ל גרם,false,1,9.90,9.90,false,1,
7290108508499,false,"איירן משקה יוגורט בסגנון טורקי יורו 293 מ""ל",ג.וילי-פוד אינטרנשיונל **גבינו,,,"י""ח",293,ל גרם,false,1,5.90,2.01,true,1,
7290108508963,false,גבינת מוצרלה מגורדת 25% שומן( 200 גר`)יו,ג.וילי-פוד אינטרנשיונל **גבינו,,,"י""ח",200,ל גרם,false,1,16.90,8.45,false,1,
7290108509106,false,"גבינה בולגרית מעודנת בקוביות 13% שומן 200 ג' חת""ס פ""ת",ג.וילי-פוד אינטרנשיונל **גבינו,,,"י""ח",200,ל גרם,false,1,13.90,6.95,false,1,
7290108509113,false,"גבינה בולגרית מעודנת 18% שומן 250 גרם חת""ס פ""ת",ג.וילי-פוד אינטרנשיונל **גבינו,,,"י""ח",250,ל גרם,false,1,13.90,5.56,true,1,
7290108509137,false,"גבינה בולגרית מעודנת 5% שומן 250 גרם חת""ס פ""ת",ג.וילי-פוד אינטרנשיונל **גבינו,,,"י""ח",250,ל גרם,false,1,13.90,5.56,false,1,
7290108509267,false,ארוחת פסטה עם רוטב גבינה ויליפוד 206 גרם,ג. וילי-פוד אינטרנשיונל בע`מ,,,"י""ח",206,ל גרם,false,1,7.90,3.83,true,1,
7290108509700,false,אורז פרסי 1 קג`DAAWAT וילי פוד,ג. וילי-פוד אינטרנשיונל בע`מ,,,"י""ח",1,"ק""ג",false,1,9.90,9.90,false,1,
7290108509908,false,"מנת השף בשקית-איטריות בטעם ירקות 85 ג' חתם סופר ב""ב",ג. וילי-פוד אינטרנשיונל בע`מ,,,"י""ח",85,ל גרם,false,1,3.90,4.59,true,1,
7290108509915,false,"מנת השף בשקית-איטריות בטעם סיני פיקנטי 85 ג' חתם סופר ב""ב",ג. וילי-פוד אינטרנשיונל בע`מ,,,"י""ח",85,ל גרם,false,1,3.90,4.59,true,1,
7290108509922,false,מנתהשף אטריות להכנה מהירה טעם עוף ויליפוד 85 גרם,ג. וילי-פוד אינטרנשיונל בע`מ,,,"י""ח",85,ל גרם,false,1,3.90,4.59,true,1,
7290109351025,false,מלך החומוס חומוסטחינה 40% טחינה גולמית,קבוצת אוסם סחר שותפות מוגבלת,,,"י""ח",400,ל גרם,false,1,15.40,3.85,true,1,
7290109351971,false,פריכיות דגנים פיטנס מצופות שוקולד חלב,קבוצת אוסם סחר שותפות מוגבלת,,,"י""ח",84,ל גרם,false,1,14.90,17.74,true,1,
7290109352916,false,פריכיות דגנים פיטנס מצופות שוקולד לבן,קבוצת אוסם סחר שותפות מוגבלת,,,"י""ח",84,ל גרם,false,1,14.90,17.74,true,1,
7290109580043,false,"שניצל תירס קלאסי זוגלובק 1.75 ק""ג",נקניק זוגלובק נהריה,,,"י""ח",1.75,"ק""ג",false,1,49.90,28.51,false,1,
7290109580104,false,זוגלובק פרימיום רוסטביף 150 גרם,נקניק זוגלובק נהריה,,,"י""ח",150,ל גרם,false,1,24.90,16.60,false,1,
7290109580111,false,צלעות אסאדו מעושנות פרימיום זוגלובק 120 גרם,נקניק זוגלובק נהריה,,,"י""ח",120,ל גרם,false,1,24.90,20.75,false,1,
7290109580135,false,זוגלובק פרימיום קורנדביף 180 גרם,נקניק זוגלובק נהריה,,,"י""ח",180,ל גרם,false,1,24.90,13.83,false,1,
7290109580227,false,נקניקיות עוף ובקר בסגנון ברלינאי קאריוורסט,נקניק זוגלובק נהריה,,,"י""ח",300,ל גרם,false,1,19.90,6.63,false,1,
7290109580241,false,נאגטס מן הצומח זוגלובק 500 גרם,נקניק זוגלובק נהריה,,,"י""ח",0.50,"ק""ג",false,1,22.90,45.80,false,1,
7290109580302,false,מארז זוג תה מעושן 350+חזה עוף 350 זוגלובק,זוגלובק שיווק בעמ,,,"י""ח",700,ל גרם,false,1,31.90,4.56,false,1,
7290109580319,false,"בורגר וונדרס 0% בשר , טבעוני",זוגלובק שיווק בעמ ו/או וונדרס,,,"י""ח",280,ל גרם,false,1,29.90,10.68,true,1,
7290109580357,false,מארז זוג חרמון 300 +חרמון ברביקיו 300 גרם זוגלובק,זוגלובק שיווק בעמ,,,"י""ח",600,ל גרם,false,1,35.90,5.98,false,1,
7290109841588,false,מיקסר עומד 1000W,אליהו שיווק חשמל בעמ,,,"י""ח",1,,false,1,200,200,false,1,
7290109844732,false,מיחם שחור 50 כוסות /10ליטר,אליהו שיווק חשמל בעמ,,,"י""ח",1,,false,1,200,200,false,1,
7290109920146,false,"דורגול מסיר אבנית מקומקומים 750 מ""ל",יעקב יעקבי ובניו בע`מ,,,"י""ח",750,"ל מ""ל",false,1,19.90,2.65,false,1,
7290109920313,false,"אסטוניש מרסס לניקוי חלונות 750 מ""ל","יעקב יעקבי ובניו בע""מ",,,"י""ח",750,"ל מ""ל",false,1,16.90,2.25,true,1,
7290109920597,false,"אסטוניש - מרסס לניקוי המקלחון 750 מ""ל","יעקב יעקבי ובניו בע""מ",,,"י""ח",750,"ל מ""ל",false,1,16.90,2.25,true,1,
7290109920603,false,"אסטוניש קרם לניקוי המטבח 500 מ""ל",יעקב יעקבי ובניו בע`מ,,,"י""ח",500,"ל מ""ל",false,1,9.90,1.98,false,1,
7290109920627,false,"אסטוניש קרם ואקונומיקה לניקוי אמבטיות 500 מ""ל","יעקב יעקבי ובניו בע""מ",,,"י""ח",500,"ל מ""ל",false,1,13.90,2.78,false,1,
7290109920917,false,"ג'ל לניקוי אסלה עם כלור הפי 750 מ""ל","יעקב יעקבי ובניו בע""מ",,,"י""ח",750,"ל מ""ל",false,1,9.90,1.32,true,1,
7290109921303,false,טורבול SLIM סופג לחות 2 מגשיות יעקבי,יעקב יעקבי ובניו בעמ,,,"י""ח",1,"י""ח",false,1,25.90,25.90,false,1,
7290109921488,false,"דורגול לניקוי וחיטוי מכונת הכביסה יעקבי 500 מ""ל","יעקב יעקבי ובניו בע""מ",,,"י""ח",500,"ל מ""ל",false,1,29.90,5.98,false,1,
7290109921723,false,"דורגול ג'ל לאסלה 750 מ""ל","יעקב יעקבי ובניו בע""מ",,,"י""ח",750,"ל מ""ל",false,1,19.90,2.65,false,1,
7290109921853,false,אסטוניש המשחה המקורית לניקוי עם עוצמה,"יעקב יעקבי ובניו בע""מ",,,"י""ח",150,"ל מ""ל",false,1,14.90,9.93,false,1,
7290109921952,false,ג'ל כביסה סופרו אקטיב יעקובי ירוק 2.5 ליטר,יעקב יעקבי ובניו בעמ,,,"י""ח",3,ליטר,false,1,24.90,8.30,false,1,
7290109921976,false,ג'ל כביסה סופרו אקטיב יעקובי לבן 2.5 ליטר,"יעקב יעקבי ובניו בע""מ",,,"י""ח",3,ליטר,false,1,24.90,8.30,false,1,
7290109922867,false,2 in 1 - סופרו - ג'ל כביסה מרוכז עם מרכך יעקבי,"יעקב יעקבי ובניו בע""מ",,,"י""ח",400,"ל מ""ל",false,1,25.90,6.48,false,1,
7290109923031,false,"אסטוניש מרסס פרימיום ארומטיק למקלחון 750 מ""ל","יעקב יעקבי ובניו בע""מ",,,"י""ח",750,"ל מ""ל",false,1,14.90,1.99,false,1,
7290109923079,false,דזיטול נוזל מרוכז לחיטוי כללי ולרצפות 2 ליטר,יעקב יעקבי ובניו בעמ,,,"י""ח",2,ליטר,false,1,24.90,12.45,true,1,
7290109923093,false,"אסטוניש - קרם כיריים הלוגן ומיקרו 500 מ""ל","יעקב יעקבי ובניו בע""מ",,,"י""ח",500,"ל מ""ל",false,1,14.90,2.98,true,1,
7290109923147,false,אסטוניש מהדורה פרימיום פלא של אקונומיקה,יעקב יעקבי ובניו בע`מ,,,"י""ח",500,"ל מ""ל",false,1,14.90,2.98,false,1,
7290110050467,false,"בקבוק שתייה דגם שקוף 700מ""ל ספיידרמן",שמחה זה אנחנו,,,"י""ח",1,,false,1,29.90,29.90,false,1,
7290110110574,false,פחית קוקה קולה סליק זירו לימון 330 מל,החברה המרכזית להפצת משקאות בעמ,,,"י""ח",330,"ל מ""ל",false,1,4.60,1.30,true,1,
7290110110635,false,ספרייט 0.5 ליים חייב פקדון,החברה המרכזית להפצת משקאות בעמ,,,"י""ח",500,"ל מ""ל",false,1,6.30,1.20,true,1,
7290110113261,false,נקטר חמוציות 19 קלוריות SPRAY OCEAN פריגת 1 ליטר,החברה המרכזית להפצת משקאות בעמ,,,"י""ח",1,ליטר,false,1,11,11,false,1,
7290110113384,false,קוקה קולה זירו מארז רביעיה 1X4 ליטר,החברה המרכזית להפצת משקאות בעמ,,,"י""ח",4,ליטר,false,1,29.90,7.18,false,1,
7290110114787,false,נביעות+ מים מינרליים בטעם תפוח 1.5 ליטר,החברה המרכזית להפצת משקאות בעמ,,,"י""ח",1.50,ליטר,false,1,9,5.80,false,1,
7290110114794,false,נביעות+ מים מינרליים בטעם אפרסק 1.5 ליטר,החברה המרכזית להפצת משקאות בעמ,,,"י""ח",1.50,ליטר,false,1,9,5.80,false,1,
7290110114800,false,נביעות+ מים מינרליים בטעם ענבים 1.5 ליטר,החברה המרכזית להפצת משקאות בעמ,,,"י""ח",1.50,ליטר,false,1,9,5.80,false,1,
7290110114855,false,"נביעות מים מינרליים, שישיה 6 * 1.5 ליטר פקדון",החברה המרכזית להפצת משקאות בעמ,,,"י""ח",9,ליטר,false,1,14,1.36,false,1,
7290110114893,false,מיץ תפוזים מפוסטר סחוט 2 ליטר,*החברה המרכזית להפצת משקאותבעמ,,,"י""ח",2,ליטר,false,1,28.90,14.30,false,1,
7290110114954,false,מיץ תפוזים מתקתקים פריגת 2 ליטר,*החברה המרכזית להפצת משקאותבעמ,,,"י""ח",2,ליטר,false,1,20.90,10.30,false,1,
7290110114961,false,משקה קל בטעם תפוזים פריגת (1.5 ליטר),החברה המרכזית להפצת משקאות בעמ,,,"י""ח",1.50,ליטר,false,1,9,5.80,false,1,
7290110114985,false,משקה קל בטעם אשכוליות פריגת (1.5 ליטר),החברה המרכזית להפצת משקאות בעמ,,,"י""ח",1.50,ליטר,false,1,9.50,6.13,false,1,
7290110114992,false,משקה קל בטעם אשכוליות לייט פריגת (1.5 לי,החברה המרכזית להפצת משקאות בעמ,,,"י""ח",1.50,ליטר,false,1,8.50,5.47,false,1,
7290110115005,false,משקה קל בטעם ענבים פריגת (1.5 ליטר),החברה המרכזית להפצת משקאות בעמ,,,"י""ח",1.50,ליטר,false,1,9.50,6.13,false,1,
7290110115043,false,משקה קל בטעם לימונענע פריגת (1.5 ליטר),החברה המרכזית להפצת משקאות בעמ,,,"י""ח",1.50,ליטר,false,1,9.50,6.13,false,1,
7290110115050,false,משקה קל בטעם תות בננה פריגת (1.5 ליטר),החברה המרכזית להפצת משקאות בעמ,,,"י""ח",1.50,ליטר,false,1,9.50,6.13,false,1,
7290110115081,false,פריגת צלול ענבים 1.5 ליטר פיקדון,החברה המרכזית להפצת משקאות בעמ,,,"י""ח",1.50,ליטר,false,1,8.60,5.53,false,1,
7290110115104,false,פריגת צלול אפרסק 1.5 ליטר פיקדון,החברה המרכזית להפצת משקאות בעמ,,,"י""ח",1.50,ליטר,false,1,8.60,5.53,false,1,
7290110115111,false,פריגת צלול אננס 1.5 ליטר פיקדון,החברה המרכזית להפצת משקאות בעמ,,,"י""ח",1.50,ליטר,false,1,8.60,5.53,false,1,
7290110115128,false,פריגת צלול בטעם לימונענע 1.5 ליטר פיקדון,החברה המרכזית להפצת משקאות בעמ,,,"י""ח",1.50,ליטר,false,1,8.60,5.53,false,1,
7290110115203,false,קוקה קולה 1.5 ליטר פיקדון,החברה המרכזית להפצת משקאות בעמ,,,"י""ח",150,"ל מ""ל",false,1,9,5.80,false,1,
7290110115210,false,קוקה קולה דיאט 1.5 ליטר פיקדון,החברה המרכזית להפצת משקאות בעמ,,,"י""ח",1.50,ליטר,false,1,8.30,5.33,false,1,
7290110115227,false,קוקה קולה Zero בקבוק 1.5 ליטר פיקדון,החברה המרכזית להפצת משקאות בעמ,,,"י""ח",1.50,ליטר,false,1,8.90,5.73,false,1,
7290110115234,false,קוקה קולה דיאט זירו 1.5 ליטר פיקדון,החברה המרכזית להפצת משקאות בעמ,,,"י""ח",1.50,ליטר,false,1,8.30,5.33,false,1,
7290110115241,false,קוקה קולה דיאט לימון 1.5 ליטר פיקדון,החברה המרכזית להפצת משקאות בעמ,,,"י""ח",1.50,ליטר,false,1,8.60,5.53,false,1,
7290110115265,false,ספרייט לימון ליים 1.5 ליטר-,החברה המרכזית להפצת משקאות בעמ,,,"י""ח",1.50,ליטר,false,1,9,5.80,true,1,
7290110115272,false,ZERO ספרייט 1.5 ליטר פיקדון,החברה המרכזית להפצת משקאות בעמ,,,"י""ח",1.50,ליטר,false,1,9,5.80,true,1,
7290110115302,false,משקה מוגז אורנג' זירו פאנטה 1.5 ליטר,החברה המרכזית להפצת משקאות בעמ,,,"י""ח",1.50,ליטר,false,1,8.30,5.33,false,1,
7290110115319,false,פאנטה אקזוטי פירות טרופיים 1.5ל פיקדון,החברה המרכזית להפצת משקאות בעמ,,,"י""ח",1.50,ליטר,false,1,8.80,5.67,false,1,
7290110115333,false,גזוז בטעם תות פאנטה 1.5 ליטר פיקדון,החברה המרכזית להפצת משקאות בעמ,,,"י""ח",1.50,ליטר,false,1,8.80,5.67,false,1,
7290110115340,false,פאנטה ענבים 1.5 ליטר פיקדון,החברה המרכזית להפצת משקאות בעמ,,,"י""ח",1.50,ליטר,false,1,8.80,5.67,false,1,
7290110115364,false,קוקה קולה שישיות 1.5 ליטר פיקדון,החברה המרכזית להפצת משקאות בעמ,,,"י""ח",9,ליטר,false,1,49.90,5.34,false,1,
7290110115401,false,קינלי סודה שישייה 1.5 ליטר פיקדון,החברה המרכזית להפצת משקאות בעמ,,,"י""ח",9,ליטר,false,1,16.90,1.68,true,1,
7290110115418,false,קוקה קולה זירו 1.5 ליטר מארז שישייה,החברה המרכזית להפצת משקאות בעמ,,,"י""ח",9,ליטר,false,1,48.90,5.23,false,1,
7290110115425,false,FUZE TEA גרין לימונענע -נענע 1.5 ליטר פיקדון,החברה המרכזית להפצת משקאות בעמ,,,"י""ח",1.50,ליטר,false,1,9.50,6.13,false,1,
7290110115449,false,פיוז-טי תה מנגו אננס 1.5 ליטר פיקדון,החברה המרכזית להפצת משקאות בעמ,,,"י""ח",1.50,ליטר,false,1,9.50,6.13,false,1,
7290110115463,false,פיוז-טי תה אפרסק 1.5 ליטר פיקדון,החברה המרכזית להפצת משקאות בעמ,,,"י""ח",1.50,ליטר,false,1,9.50,6.13,false,1,
7290110115913,false,"משקה ספורט איזוטוני זירו בטעם אננס 500 מ""ל פאוורייד",החברה המרכזית להפצת משקאות בעמ,,,"י""ח",500,"ל מ""ל",false,1,9.90,1.92,true,1,
7290110116064,false,פאנטה זירו בטעם פירות ירוק 1.5 ל פיקדון,החברה המרכזית להפצת משקאות בעמ,,,"י""ח",1.50,ליטר,false,1,8.80,5.67,false,1,
7290110116125,false,"סירופ פריגת בטעם פטל 750 מ""ל פיקדון",החברה המרכזית להפצת משקאות בעמ,,,"י""ח",750,"ל מ""ל",false,1,23.60,3.15,true,1,
7290110116194,false,נביעות+ סדרת 0 קלוריות לימון-ליים 1.5 ליטר,החברה המרכזית להפצת משקאות בעמ,,,"י""ח",1.50,ליטר,false,1,9.50,6.13,false,1,
7290110116217,false,נביעות+ סדרת 0 קלוריות אשכוליות 1.5 ליטר,החברה המרכזית להפצת משקאות בעמ,,,"י""ח",1.50,ליטר,false,1,9.50,6.13,false,1,
7290110116385,false,"פחיות סטפאני מרשמלו אבטיח תות זירו 330 מ""ל",החברה המרכזית להפצת משקאות בעמ,,,"י""ח",330,"ל מ""ל",false,1,4.60,1.30,true,1,
7290110116392,false,"סירופ פריגת בטעם תפוזים 750 מ""ל פיקדון",החברה המרכזית להפצת משקאות בעמ,,,"י""ח",750,"ל מ""ל",false,1,23.60,3.15,true,1,
7290110116491,false,פריגת סחוט מיקס אפרסק משמש 1ליטר,*החברה המרכזית להפצת משקאותבעמ,,,"י""ח",1,ליטר,false,1,17.90,17.90,false,1,
7290110116507,false,פריגת סחוט מיקס אננס בננה אגס 1ליטר,*החברה המרכזית להפצת משקאותבעמ,,,"י""ח",1,ליטר,false,1,17.90,17.90,false,1,
7290110116552,false,ספרייט לימון היט 1.5 ליטר LIME פיקדון,החברה המרכזית להפצת משקאות בעמ,,,"י""ח",1.50,ליטר,false,1,9,5.80,true,1,
7290110116569,false,ספרייט זירו 1.5 ליטר LEMON HIT פיקדון,החברה המרכזית להפצת משקאות בעמ,,,"י""ח",1.50,ליטר,false,1,9,5.80,true,1,
7290110116576,false,ספרייט זירו לימון היט בקבוק 0.5,החברה המרכזית להפצת משקאות בעמ,,,"י""ח",500,"ל מ""ל",false,1,5.60,1.06,true,1,
7290110320591,false,גבינה בולגרית במרקם מעודן 16% פיראוס,"תנובה בע""מ ***",,,"י""ח",250,ל גרם,false,1,23.90,9.56,false,1,
7290110320850,false,פתיתים גבינה חצי קשה מגורדת 28% שומן,תנובה מרכז שיתופי לש,,,"י""ח",200,ל גרם,false,1,15.90,7.95,false,1,
7290110320867,false,פתיתים גבינה חצי קשה מגורדת 28% שומן,תנובה מרכז שיתופי לש,,,"י""ח",500,ל גרם,false,1,37.90,7.58,true,1,
7290110321277,false,קוטג בקטנה 5%. 100 גרם מהדרין תנובה,פארייפאבה אגרואינדוס,,,"י""ח",100,ל גרם,false,1,2.70,2.70,false,1,
7290110321680,false,יוגורט GO בטעם תות 20 גרם חלבון בגביע,מיוצר עי קונדיטוריית,,,"י""ח",200,ל גרם,false,1,5.80,2.90,false,1,
7290110323073,false,"משקה יוגורט יופלה גו תות פטל 250 מ""ל - רבנות",מיוצר עי קונדיטוריית,,,"י""ח",250,"ל מ""ל",false,1,6.70,2.68,false,1,
7290110323301,false,טל העמק בסגנון אמנטל 32% שומן 200 גרם,"תנובה בע""מ ***",,,"י""ח",0.80,ליטר,false,1,19.90,24.88,false,1,
7290110323714,false,משקה קוקוס שקדים תנובה E אלטרנטיב,מיוצר עי קונדיטוריית,,,"י""ח",1,ליטר,false,1,13.90,13.90,true,1,
7290110324551,false,יופלה טיוב יוגורט במרקם חלק תות כשרות מהדרין,"תנובה בע""מ ***",,,"י""ח",348,"ל מ""ל",false,1,12.90,3.71,false,1,
7290110324872,false,גבינה צהובה גלבוע (5% 200 גר`)תנובה,גלבוע - תנובה,,,"י""ח",200,ל גרם,false,1,18.90,9.45,false,1,
7290110324926,false,משקה סויה ללא תוספת סוכר E אלטרנטיב,תנובה מרכז שיתופי לש,,,"י""ח",1,ליטר,false,1,11.90,11.90,true,1,
7290110325169,false,פרוסות גאודה 170 גר` קולקשיין תנובה,תנובה בעמ ***,,,"י""ח",170,ל גרם,false,1,19.90,11.71,false,1,
7290110325510,false,יופלה טיוב יוגורט במרקם חלק בטעם וניל-יוניקור,"תנובה בע""מ ***",,,"י""ח",348,"ל מ""ל",false,1,12.90,3.71,false,1,
7290110325619,false,משקה שיבולת שועל תנובה E אלטרנטיב,מיוצר עי קונדיטוריית,,,"י""ח",1,ליטר,false,1,13.90,13.90,true,1,
7290110326210,false,יופלה און טופ פצפוצים תנובה 157 גרם,מיוצר עי קונדיטוריית,,,"י""ח",150,"ל מ""ל",false,1,5.60,3.73,false,1,
7290110326333,false,פרוסות גבינה סקנדינבית 170 גר`קולקשיין,"תנובה בע""מ ***",,,"י""ח",175,ל גרם,false,1,18.80,10.74,false,1,
7290110326906,false,חלב נטול לקטוז 3% שומן( 1 ליטר)תנובה,מיוצר עי קונדיטוריית,,,"י""ח",1,ליטר,false,1,7.50,7.50,false,1,
7290110327125,false,פטה 21% מחלב צאן במי מלח תנובה 200 גרם,תנובה בעמ ***,,,"י""ח",200,ל גרם,false,1,25.90,12.95,false,1,
7290110327514,false,alternative משקה שיבולת שועל בטעם אגוזי לוז תנובה 1 ליטר,תנובה מרכז שיתופי לש,,,"י""ח",1,ליטר,false,1,13.90,13.90,true,1,
7290110328016,false,משקה סויה מועשר בחלבון בטעם אגוזי לוז 250 גרם,שוורצקוף& הנקל דיסלד,,,"י""ח",0.25,ליטר,false,1,7.90,31.60,false,1,
7290110328504,false,טריו - מיקס גבינות מוצרלה סקנדינבית וגאודה 300 גרם,מיוצר עי קונדיטוריית,,,"י""ח",300,ל גרם,false,1,28.90,9.63,false,1,
7290110328627,false,יוגורט יופלה GO במרקם סמיך בטעם בננה קרמל 0%,מיוצר עי קונדיטוריית,,,"י""ח",200,"ל מ""ל",false,1,5.90,2.95,true,1,
7290110328641,false,טופו טבעי 500 גר`אלטרנטיב 2*250 גר`,"תנובה בע""מ ***",,,"י""ח",500,ל גרם,false,1,19.90,3.98,false,1,
7290110328764,false,יוגורט יופלה GO במרקם סמיך עם תות 0%,מיוצר עי קונדיטוריית,,,"י""ח",200,"ל מ""ל",false,1,5.90,2.95,true,1,
7290110328771,false,יוגורט יופלה GO במרקם סמיך עם פירות יער 0%,מיוצר עי קונדיטוריית,,,"י""ח",200,"ל מ""ל",false,1,5.90,2.95,true,1,
7290110328788,false,יוגורט יופלה GO במרקם סמיך בטעם אפרסק 0%,תנובה מרכז שיתופי לש,,,"י""ח",200,"ל מ""ל",false,1,5.90,2.95,true,1,
7290110329143,false,מעדן חלב מעושר בחלבון בטעם וניל גביע 120 ג' GO,תנובה מרכז שיתופי לש,,,"י""ח",120,"ל מ""ל",false,1,5.30,4.42,false,1,
7290110329686,false,משקה GO חלב בטעם עוגיות 27 גר`חלבון,מיוצר עי קונדיטוריית,,,"י""ח",340,"ל מ""ל",false,1,7.50,2.21,false,1,
7290110329792,false,יוגורט סויה BIO Alternative אפרסק 150 ג' תנובה,מיוצר עי קונדיטוריית,,,"י""ח",150,"ל מ""ל",false,1,5.50,3.67,false,1,
7290110329808,false,יוגורט סויה BIO Alternative תות 150 ג' תנובה,מיוצר עי קונדיטוריית,,,"י""ח",150,"ל מ""ל",false,1,5.50,3.67,false,1,
7290110329822,false,יוגורט סויה BIO Alternative פירות יער 150 ג' תנובה,מיוצר עי קונדיטוריית,,,"י""ח",150,"ל מ""ל",false,1,4.80,3.20,false,1,
7290110550370,false,פריכיות משולשות קינואה ופלפל שחור 65 גרם,"שטראוס גרופ בע""מ",,,"י""ח",65,ל גרם,false,1,9.50,14.62,true,1,
7290110552121,false,יוגורט 5% בתוספת סידן וויטמין D היוגורט הראשון שלי,שטראוס גרופ בעמ/מצונן,,,"י""ח",100,"ל מ""ל",false,1,2.30,2.30,true,1,
7290110552220,false,יוגורט PRO בטעם תות 0% סוכר לבן 20 גרם חלבון בגביע,שטראוס גרופ בעמ/מצונן,,,"י""ח",20,"ל מ""ל",false,1,5.90,29.50,false,1,
7290110552237,false,יוגורט פרו בטעם אפרסק מנגו ללא סוכר 200 ג' דנונה,שטראוס גרופ בעמ/מצונן,,,"י""ח",20,"ל מ""ל",false,1,5.90,29.50,false,1,
7290110553029,false,"אנרג'י קריספס-פריכיות חומוס, עדשים ואפונה עם קייל וסלק","פרח תעשיו מזון בע""מ",,,"י""ח",65,ל גרם,false,1,9.50,14.62,true,1,
7290110553036,false,קריספס-פריכיות עם אפונה ובטטה סגולה בטעם בצל מקורמל,"פרח תעשיו מזון בע""מ",,,"י""ח",65,ל גרם,false,1,9.50,14.62,true,1,
7290110553104,false,נסקפה קפוצ'ינו סטיק קלאסי 130 ג' עלית,שטראוס גרופ בע`מ,,,"י""ח",130,ל גרם,false,1,16.90,13,true,1,
7290110553180,false,אנרגי פריכיות אורז בטעם תפוח קינמון 50 ג,שטראוס גרופ בע`מ,,,"י""ח",40,ל גרם,false,1,6.90,17.25,true,1,
7290110553432,false,תבשיל אורז מלא וירקות קלויים דלישס,קפוא זן תעשיות מזון בעמ,,,"י""ח",300,ל גרם,false,1,26.90,8.97,true,1,
7290110553623,false,צ'יטוס קראנצ'י בטעם צ'דר חלפיניו - חלבי,"שטראוס פריטו ליי בע""\מ )",,,"י""ח",80,ל גרם,false,1,4.90,6.13,false,1,
7290110554101,false,"סירופ מייפל בפאוץ' יד מרדכי 125 מ""ל",שטראוס גרופ בע`מ,,,"י""ח",125,"ל מ""ל",false,1,17.90,14.32,true,1,
7290110554118,false,נודלס מלזי חריף עם טופו וירקות ברוטב קארי ירוק,קפוא-זן תעשיות מזון בעמ - תפוג,,,"י""ח",300,ל גרם,false,1,27.90,9.30,true,1,
7290110554125,false,דלישס נודלס בסגנון סצ`ואן חריף 350 גרם,קפוא-זן תעשיות מזון בעמ - תפוג,,,"י""ח",300,ל גרם,false,1,26.90,8.97,true,1,
7290110554262,false,חלבית מלבין קפה חלבי 350 ג' עלית,שטראוס גרופ בע`מ,,,"י""ח",350,ל גרם,false,1,21.90,6.26,false,1,
7290110554422,false,פומודורו רוטב עגבניות ופלפלים לשקשוקה לפסטה יד מרדכי 350 גרם,אמיליאנה קונסרב סוסייטה,,,"י""ח",350,ל גרם,false,1,11.90,3.40,true,1,
7290110554514,false,קפה טורקי איתיופי שקית 100 גרם,שטראוס קפה בי.וי.,,,"י""ח",100,ל גרם,false,1,9.90,9.90,false,1,
7290110554583,false,מארז חטיפי צ'יטוס פאפס בטעם גבינה - 10 יחידות,"שטראוס פריטו ליי בע""\מ )",,,"י""ח",200,ל גרם,false,1,12.90,6.45,true,1,
7290110554705,false,קפסולות נספרסו לקפה יוניקו סדרת בתי הקלייה 10יח,שטראוס קפה בי.וי.,,,"י""ח",50,ל גרם,false,1,19.90,39.80,true,1,
7290110554729,false,קפסולות עלית אספרסו 04 תואמות למכונות NESPRESSO,שטראוס קפה בי.וי.,,,"י""ח",50,ל גרם,false,1,19.90,39.80,true,1,
7290110555009,false,זוג פסאטה מחית עגבניות חלקה יד מרדכי 700 גרם,אמיליאנה קונסרב ס.פ.,,,"י""ח",700,ל גרם,false,1,11.90,1.70,false,1,
7290110555078,false,לאבנה עם שמן זית ועשבי תיבול שטראוס 250 גרם,שטראוס גרופ בעמ/מצונן,,,"י""ח",250,ל גרם,false,1,10.90,4.36,true,1,
7290110555306,false,רבע לשבע טבעוני סינמון באן עלית 125 גרם,"הגביע מוצרי וופלים בע""\מ",,,"י""ח",125,ל גרם,false,1,12.90,10.32,false,1,
7290110555603,false,ספלנדיד אבקה להכנת משקה בטעם שוקולטה,"שטראוס גרופ בע""מ",,,"י""ח",220,ל גרם,false,1,24.90,11.32,false,1,
7290110555665,false,קקאו דל שומן עלית בקופסא 220 גרם,"שטראוס גרופ בע""מ",,,"י""ח",220,ל גרם,false,1,19.90,9.05,false,1,
7290110556242,false,"שוקולד מריר פרווה 100 גר' בד""ץ תוצרת חוץ","שטראוס גרופ בע""מ.",,,"י""ח",100,ל גרם,false,1,6.50,6.50,true,1,
7290110557027,false,חומוס עשיר 50% טחינה גולמית 400 ג' אחלה,שטראוס גרופ בעמ/מצונן,,,"י""ח",400,ל גרם,false,1,15.20,3.80,true,1,
7290110557102,false,מעדן חלב עם שוקולד מועשר בחלבון 150 ג' שטראוס,שטראוס גרופ בעמ/מצונן,,,"י""ח",130,ל גרם,false,1,5,3.85,true,1,
7290110557133,false,מעדן הגולן וניל 125 ג' שטראוס,שטראוס גרופ בעמ/מצונן,,,"י""ח",125,ל גרם,false,1,3.40,2.72,true,1,
7290110557317,false,יוגורט בתוספת סידן וויטמין ד עם שיבולת שועל 100 ג' דנונה,שטראוס גרופ בעמ/מצונן,,,"י""ח",100,"ל מ""ל",false,1,2.30,2.30,true,1,
7290110557478,false,חומוס גלילי במרקם מעודן 600 גרם,שטראוס גרופ בעמ/מצונן,,,"י""ח",600,ל גרם,false,1,11.90,1.98,true,1,
7290110558130,false,יוגורט אקטיביה עם שיבולת שועל ודבש 150 גרם,שטראוס גרופ בעמ/מצונן,,,"י""ח",150,"ל מ""ל",false,1,4.50,3,false,1,
7290110558154,false,דנונה לייט אנד פרי עוגת תפוחים 150ג דנונה,שטראוס גרופ בעמ/מצונן,,,"י""ח",150,"ל מ""ל",false,1,4.50,3,true,1,
7290110558222,false,"וואו יוגורט עם שכבה בטעם בנופי פאי 5.4%, 150ג דנונה",שטראוס גרופ בעמ/מצונן,,,"י""ח",150,"ל מ""ל",false,1,4.90,3.27,true,1,
7290110558239,false,"וואו יוגורט עם שכבה בטעם קראק פאי 5.4%, 150 ג דנונה",שטראוס גרופ בעמ/מצונן,,,"י""ח",150,"ל מ""ל",false,1,4.90,3.27,true,1,
7290110558253,false,דנונה שייק נונה ריפרש בננה אננס וצ'יה,שטראוס גרופ בעמ/מצונן,,,"י""ח",250,"ל מ""ל",false,1,5.50,2.20,false,1,
7290110558284,false,דנונה ביו מולטי שטראוס 200 גרם,שטראוס גרופ בעמ/מצונן,,,"י""ח",200,"ל מ""ל",false,1,4.20,2.10,false,1,
7290110558314,false,דנונה פרו 20 גרם חלבון ללא סוכר פיסטוק 200 גרם,שטראוס גרופ בעמ/מצונן,,,"י""ח",20,"ל מ""ל",false,1,5.90,29.50,false,1,
7290110558338,false,דנונה פרו 25 ג' חלבון 200 ג' שטראוס,שטראוס גרופ בעמ/מצונן,,,"י""ח",200,"ל מ""ל",false,1,6.70,3.35,false,1,
7290110558666,false,מעדן גבינה בטעם תפוח 88 ג' דניאלה,שטראוס גרופ בעמ/מצונן,,,"י""ח",150,"ל מ""ל",false,1,4.30,2.87,false,1,
7290110559007,false,"שועועית חומה טעם הטבע קופסה, 380 גרם",שטראוס גרופ בע`מ,,,"י""ח",380,ל גרם,false,1,6.90,1.82,true,1,
7290110559014,false,שעועית שחורה מבושלת טעם הטבע 380 גרם,שטראוס גרופ בע`מ,,,"י""ח",380,ל גרם,false,1,6.90,1.82,true,1,
7290110559762,false,ריל מאגדת אגוזים תמרים קוקוס שטראוס 105 גרם,"ואמואליס פודס אס.איי,",,,"י""ח",105,ל גרם,false,1,15.90,15.14,true,1,
7290110560300,false,"הפריכיות הטעימות חומוס, עדשים שחורות, קינואה ופלפל שחור",אנרג'י Energy - שטראוס,,,"י""ח",30,ל גרם,false,1,5.50,18.33,false,1,
7290110560317,false,"הפריכיות הטעימות חומוס, עדשים שחורות, קינואה ומלח ים","פרח תעשיו מזון בע""מ",,,"י""ח",30,ל גרם,false,1,5.50,18.33,false,1,
7290110560324,false,"הפריכיות הטעימות תפו""א, אורז, אפונה ומלח ים","פרח תעשיו מזון בע""מ",,,"י""ח",30,ל גרם,false,1,5.50,18.33,false,1,
7290110561352,false,דנונה יוגורט ביו פרוביוטי 3% דל לקטוז 150ג',שטראוס גרופ בעמ/מצונן,,,"י""ח",200,"ל מ""ל",false,1,3.70,1.85,false,1,
7290110561604,false,מארז 8 יחידות מעדן גמדים בטעם תות בננה,שטראוס גרופ בעמ/מצונן,,,"י""ח",800,ל גרם,false,1,18.90,2.36,false,1,
7290110563431,false,"משקה קפה קר בסגנון קלאסי 230 מ""ל 1.6% יוטבתה",שטראוס גרופ בעמ/מצונן,,,"י""ח",230,"ל מ""ל",false,1,7.90,3.43,true,1,
7290110563448,false,"משקה קפה קר בסגנון מעודן 230 מ""ל 1.6% יוטבתה",שטראוס גרופ בעמ/מצונן,,,"י""ח",230,"ל מ""ל",false,1,7.90,3.43,true,1,
7290110563462,false,חלב 2% דל לקטוז בבקבוק יטבתה 1 ליטר.,שטראוס גרופ בעמ/מצונן,,,"י""ח",1,ליטר,false,1,8.20,8.20,false,1,
7290110564339,false,חומוס אחלה הסידרה המובחר 30% טחינה 400 גר',שטראוס גרופ בעמ/מצונן,,,"י""ח",400,ל גרם,false,1,15.20,3.80,true,1,
7290110564360,false,חומוס אחלה הסידרה המובחר 40% טחינה 400 גר',שטראוס גרופ בעמ/מצונן,,,"י""ח",400,ל גרם,false,1,15.20,3.80,true,1,
7290110564414,false,חומוס אחלה הסידרה המובחר 30% טחינה 600 גר',שטראוס גרופ בעמ/מצונן,,,"י""ח",600,ל גרם,false,1,13.90,2.32,false,1,
7290110564742,false,"משקה קפה קר בסגנון חזק 230 מ""ל 1.2% יוטבתה",שטראוס גרופ בעמ/מצונן,,,"י""ח",230,"ל מ""ל",false,1,7.90,3.43,true,1,
7290110565435,false,מעדן ג`לי בטעם פטל חלבי שטראוס (125 גרם,שטראוס גרופ בעמ/מצונן,,,"י""ח",125,ל גרם,false,1,2.10,1.68,true,1,
7290110565527,false,יוגורט PRO פרו 1.5% 20 גרם חלבון בגביע,שטראוס גרופ בעמ/מצונן,,,"י""ח",20,"ל מ""ל",false,1,6.20,31,false,1,
7290110565572,false,מארז קפה טורקי עלית לדרך עם הל 168 גרם,שטראוס קפה בי.וי.,,,"י""ח",168,ל גרם,false,1,19.90,11.85,false,1,
7290110566623,false,קפסולות קולומביה עלית 08 למכונת נספרסו מארז 5X10ג',שטראוס קפה בי.וי.,,,"י""ח",50,ל גרם,false,1,19.90,39.80,true,1,
7290110566975,false,דנונה פרו יוגורט 0% תות עשיר בחלבון 200ג',שטראוס גרופ בעמ/מצונן,,,"י""ח",20,"ל מ""ל",false,1,6.20,31,false,1,
7290110567057,false,צנצנת מסטיק מאסט קוביות מנטה חזקה 66 ג' עלית,אסקום קונפקשיין,,,"י""ח",66,ל גרם,false,1,11.90,18.03,true,1,
7290110568238,false,"קצפת צמחית 21% שומן 250 מ""ל יוטבתה",שטראוס גרופ בעמ/מצונן,,,"י""ח",250,"ל מ""ל",false,1,8.20,3.28,false,1,
7290110568276,false,משקה וניל פרו Pro מועשר בחלבון 1.5%,שטראוס גרופ בעמ/מצונן,,,"י""ח",350,ל גרם,false,1,6.90,1.97,false,1,
7290110568511,false,קונפיטורית פירות יער במתיקות מעודנת 265 גר' יד מרדכי,"שטראוס גרופ בע""מ",,,"י""ח",340,ל גרם,false,1,11.90,3.50,false,1,
7290110568559,false,דוריטוס עלית מארז חמוץ חריף 10 יח' *25 ג',"שטראוס פריטו ליי בע""מ )פ",,,"י""ח",250,ל גרם,false,1,10.90,4.36,false,1,
7290110570224,false,משקה קפה קר בטעם עוגיות (230 גר`) יטבתה,שטראוס גרופ בעמ/מצונן,,,"י""ח",230,"ל מ""ל",false,1,7.90,3.43,true,1,
7290110571184,false,עדשים חומות 380 גר` טעם הטבע שטראוס,"שטראוס גרופ בע""מ",,,"י""ח",380,ל גרם,false,1,6.90,1.82,true,1,
7290110571382,false,מעדן חלב בטעם וניל מעושר בחלבון 150 ג' שטראוס,שטראוס גרופ בעמ/מצונן,,,"י""ח",130,ל גרם,false,1,5,3.85,true,1,
7290110571405,false,עלית - מיני פינוקיות בגביע פסק זמן 180 גרם,שטראוס גרופ בע`מ,,,"י""ח",200,ל גרם,false,1,10.90,5.45,true,1,
7290110572129,false,כיף כף מקלות שוקולד לבן 40 ג' עלית,סולן בעבור שטראוס,,,"י""ח",40,ל גרם,false,1,5.20,13,true,1,
7290110572884,false,"קפסולות קפה מספר 20 למכונת אספרס אספרסו, 50 גרם",שטראוס קפה בי.וי.,,,"י""ח",50,ל גרם,false,1,19.90,39.80,true,1,
7290110572969,false,כיף כף פצפצים עלית קרם לבן (40 גר`),שולן צ'\יקולטה גידה סאן.,,,"י""ח",40,ל גרם,false,1,4.90,12.25,true,1,
7290110572976,false,כיף כף גביע פצפוצים קרם לבן 135 גרם,שולן צ'יקולטה גידה ס,,,"י""ח",135,ל גרם,false,1,9.90,7.33,false,1,
7290110575274,false,"שמן זית יד מרדכי כתית 750 מ""ל שמיטה","שטראוס גרופ בע""מ",,,"י""ח",750,"ל מ""ל",false,1,33.20,4.43,false,1,
7290110576318,false,מאגדת שלישיית שוקולד אגוז לבן 300 ג' עלית,"שטראוס גרופ בע""מ",,,"י""ח",112,ל גרם,false,1,25.90,23.13,false,1,
7290110576356,false,"שוקולד ספלנדיד מריר 64% - חלבי , מפולי קקאו מפרו",שטראוס גרופ בע`מ,,,"י""ח",105,ל גרם,false,1,8.90,8.48,true,1,
7290110576387,false,מאגדת שלישיית שוקולד אגוז חלב 300 ג' עלית,שטראוס גרופ בע`מ,,,"י""ח",112,ל גרם,false,1,25.90,23.13,false,1,
7290110576752,false,טבלאות שוקולד ספלנדיד מריר 70% 100 ג' עלית,"שטראוס גרופ בע""מ",,,"י""ח",100,ל גרם,false,1,12.40,12.40,false,1,
7290110576776,false,טבלאות שוקולד ספלנדיד מריר 85% 100 ג' עלית,שטראוס גרופ בע`מ,,,"י""ח",100,ל גרם,false,1,12.40,12.40,false,1,
7290110576790,false,סקי בטעם מוקה 3% (125 גר`) דנונה,שטראוס גרופ בעמ/מצונן,,,"י""ח",125,ל גרם,false,1,3.90,3.12,true,1,
7290110576868,false,רבעיית גמדים סלט פירוט * 100 ג' שטראוס,שטראוס גרופ בעמ/מצונן,,,"י""ח",400,"ל מ""ל",false,1,11.90,2.98,true,1,
7290110577230,false,משקה חלב בטעם פיסטוק בבקבוק יטבתה 1 ליטר,שטראוס גרופ בעמ/מצונן,,,"י""ח",1,ליטר,false,1,11.90,11.90,false,1,
7290111092985,false,מארז מגבונים לחים בייביסיטר ללא בישום רביעייה,שקד תבל בע`מ,,,"י""ח",1,,false,1,15.90,15.90,true,1,
7290111093005,false,"I-CARE מג'להסרת איפור, 25 יח בפלופק",די.פי.אל תעשיות מוצר,,,"י""ח",25,"י""ח",false,1,7.90,0.32,true,1,
7290111093470,false,"קוויק מסיר הפלא ספוגית להסרת כתמים, 3 יחידות",שקד תבל בע`מ,,,"י""ח",3,"י""ח",false,1,10.90,3.63,true,1,
7290111093685,false,קוויק מגבונים לניקוי כללי בריח לימון*3,שקד תבל בעמ,,,"י""ח",3,"י""ח",false,1,19.90,6.63,true,1,
7290111093760,false,קוויק מטליות לחות לניקוי רצפות ניחוח מרכך כביסה 10 יחידות,שקד תבל בע`מ,,,"י""ח",1,"י""ח",false,1,11.90,11.90,true,1,
7290111094248,false,"קוויק שקית אשפה חזקה וגדולה במיוחד (90*78), 20 יח'",שקד תבל בע`מ,,,"י""ח",1,"י""ח",false,1,21.90,21.90,true,1,
7290111094361,false,קוויק שקיות אשפה XL עם ידית 20 יח' במארז,שקד תבל בעמ,,,"י""ח",1,"י""ח",false,1,14.90,14.90,true,1,
7290111094392,false,"טרופיקל תחליב רחצה קוקוס וליים 700 מ""ל דר' עור","אמיליה קוסמטיקס בע""\מ",,,"י""ח",700,ל גרם,false,1,14.90,2.13,true,1,
7290111094613,false,מגבונים לניקוי משקפיים 10 יח' I-CARE,שקד תבל בע`מ,,,"י""ח",24,"י""ח",false,1,7.90,0.33,true,1,
7290111094651,false,שקיות אשפה L עם ידית קוויק 40 יח',שקד תבל בעמ,,,"י""ח",1,"י""ח",false,1,14.90,14.90,true,1,
7290111097041,false,מגבונים בייביסיטר מבושם שמינייה,קיבוץ עמיר dpl,,,"י""ח",66,"י""ח",false,1,24.90,0.38,true,1,
7290111340178,false,מטליות לחות לניקוי כללי בניחוח מרכך כביסה 50 יח' ניקול,קימברלי קלארק ישראל שיווק בעמ,,,"י""ח",100,ל גרם,false,1,10.90,10.90,false,1,
7290111341373,false,נייר טואלט לילי פסטל 30 יחידות,קימברלי קלארק ישראל שיווק בעמ,,,"י""ח",30,"י""ח",false,1,34.90,1.16,false,1,
7290111341557,false,קוטקס אקטיב טמפונים ללא מוליך סופר 32יח,קימברלי קלארק ישראל שיווק בעמ,,,"י""ח",1,,false,1,28.90,28.90,false,1,
7290111341984,false,לילי - מגבוני נייר טואלט לח פיור רביעייה,קימברלי קלארק ישראל שיווק בעמ,,,"י""ח",117,ל גרם,false,1,24.90,21.28,true,1,
7290111342523,false,מפיות אירוח לשימוש יומיומי ניקול 100 יח,קימברלי קלארק ישראל שיווק בעמ,,,"י""ח",100,"י""ח",false,1,7.90,0.08,false,1,
7290111343841,false,ניקול ספוגית הקסם נירוסטה 3 יחידות,קימברלי קלארק ישראל שיווק בעמ,,,"י""ח",3,"י""ח",false,1,10,3.33,false,1,
7290111344206,false,האגיס נטורל קר מגבונים לחים בבישום עדין רביעייה,קימברלי קלארק ישראל שיווק בעמ,,,"י""ח",4,"י""ח",false,1,19.90,4.98,true,1,
7290111344459,false,קוטוקס תחבושות נייט אקסטרא לונג 20 יח',קימברלי קלארק ישראל שיווק בעמ,,,"י""ח",20,"י""ח",false,1,19.90,1,true,1,
7290111344527,false,ניקול שקיות אשפה XXL לפחים ענקיים 20 יחי,קימברלי קלארק ישראל שיווק בעמ,,,"י""ח",20,"י""ח",false,1,24.90,1.25,true,1,
7290111344558,false,שקיות אשפה בגודל L עם שרוך 100 יח`,קימברלי קלארק ישראל שיווק בעמ,,,"י""ח",100,"י""ח",false,1,29.90,0.30,false,1,
7290111344695,false,נייר טואלט מולט 32 יח' מהדורת חורף,קימברלי קלארק ישראל שיווק בעמ,,,"י""ח",1850,ל גרם,false,1,31.90,1.72,false,1,
7290111344701,false,ניקול שקיות אוכל סנדויצון מניונים 250 יחידות,קימברלי קלארק ישראל שיווק בעמ,,,"י""ח",250,"י""ח",false,1,12.90,0.05,false,1,
7290111344916,false,ניקול שישיית כריות יפניות אנטיבקטריאליות,קימברלי קלארק ישראל שיווק בעמ,,,"י""ח",1,"י""ח",false,1,13.90,13.90,false,1,
7290111344978,false,ניקול רדיד אלומיניום חסכוני 61 מטר עבה ב,קימברלי קלארק ישראל שיווק בעמ,,,"י""ח",1,"י""ח",false,1,37.90,37.90,false,1,
7290111345050,false,כרית מיקרופייבר דו צדדית לניקוי עדין,קימברלי קלארק ישראל שיווק בעמ,,,"י""ח",10,"י""ח",false,1,12.90,1.29,false,1,
7290111345760,false,תחבושות נטורל דואו סופר 18 יח' קוטקס,קימברלי קלארק ישראל שיווק בעמ,,,"י""ח",1,,false,1,19.90,19.90,true,1,
7290111345777,false,תחבושת קוטקס כותנה לילה 16 יח' קוטקס,קימברלי קלארק ישראל שיווק בעמ,,,"י""ח",1,,false,1,19.90,19.90,true,1,
7290111345814,false,נייר טואלט לילי נטורל קר 30 גלילים מהדורה,קימברלי קלארק ישראל שיווק בעמ,,,"י""ח",552,מטר,false,1,33.90,0.06,false,1,
7290111346347,false,מגבוני אף אוריגינל סופט חמישיה קלינקס,קימברלי קלארק ישראל שיווק בעמ,,,"י""ח",5,"י""ח",false,1,15.90,3.18,true,1,
7290111346538,false,"האגיס פרידום דריי שלב 5+ משקל 14-20ק""ג",קימברלי קלארק ישראל שיווק בעמ,,,"י""ח",38,"י""ח",false,1,45.90,1.21,true,1,
7290111350030,false,רסק תפוחי עץ טבעי בצנצנת 670 גרם קלית גת,ליימן שליסל בעמ,,,"י""ח",5.60,,false,1,10.90,1.95,false,1,
7290111350665,false,קליית גת דבש לחיץ טהור מפרחי בר 350 גרם,חקלאות עין חרוד מאוח,,,"י""ח",350,"ל מ""ל",false,1,22.90,6.54,false,1,
7290111350672,false,"דבש טהור מפרחי בר ""קליית גת"" 700 גרם",חקלאות עין חרוד מאוח,,,"י""ח",700,"ל מ""ל",false,1,32.90,4.70,false,1,
7290111350726,false,חטיף נאצוס הוטפופ בסגנון מקסיקני 322 גר,ליימן שליסל בע`מ,,,"י""ח",323,ל גרם,false,1,15.90,4.92,true,1,
7290111351747,false,טורטיה מקמח חיטה צ'וקטה 320 גרם,ליימן שליסל,,,"י""ח",1,,false,1,9.90,9.90,true,1,
7290111352959,false,מקלות חמוצים ממולאים בטעם פירות 80 גר' יוגטה,ליימן שליסל בעמ,,,"י""ח",80,ל גרם,false,1,4.90,6.13,false,1,
7290111353055,false,"גומי דובי 200 גר' וסטהיים (כש""לפ בית יוסף)",אפגאם תעשיות ממתקים,,,"י""ח",200,ל גרם,false,1,9.90,4.95,true,1,
7290111353109,false,"גומי נחש מבריק 200 גר' וסטהיים (כש""לפ בית יוסף).",אפגאם תעשיות ממתקים,,,"י""ח",200,ל גרם,false,1,9.90,4.95,true,1,
7290111353123,false,"גומי נחש מסוכר 200 גר' וסטהיים (כש""לפ בית יוסף)",טופגם תעשיות ממתקים,,,"י""ח",200,ל גרם,false,1,9.90,4.95,true,1,
7290111353482,false,מקלות חמוצים ממולאות בטעמי פירות יוגטה 200 גרם,ליימן שליסל בע`מ,,,"י""ח",200,ל גרם,false,1,7.90,3.95,true,1,
7290111353550,false,חמאת בוטנים טבעית קליית גת 300 גרם,ליימן שליסל בע`מ,,,"י""ח",300,ל גרם,false,1,15.90,5.30,true,1,
7290111353680,false,גרעיני חמנייה 350 גרם קליית גת,ליימן שליסל בעמ,,,"י""ח",350,ל גרם,false,1,10.90,3.11,false,1,
7290111354120,false,ממרח חלווה קליית גת 300 גרם,ליימן שליסל,,,"י""ח",300,ל גרם,false,1,15.90,5.30,true,1,
7290111354144,false,ממרח קוקוס מקורמל קליית גת 200 גרם,ליימן שליסל בעמ,,,"י""ח",200,ל גרם,false,1,15.90,7.95,true,1,
7290111564291,false,פריכיות דקות ונימוחות 3 דגנים וקינואה פיטנס Fitness,קבוצת אוסם סחר שותפות מוגבלת,,,"י""ח",120,ל גרם,false,1,11.90,9.92,true,1,
7290111564956,false,"ביסלי במבה מיקס 200 גרם ""אסם""",קבוצת אוסם סחר שותפות מוגבלת,,,"י""ח",200,ל גרם,false,1,9.90,4.95,true,1,
7290111566103,false,טבעול פלאפל מרכיבים ביתיים בלבד 590 גרם,קבוצת אוסם סחר שותפות מוגבלת,,,"י""ח",590,ל גרם,false,1,39.90,6.76,true,1,
7290111566271,false,טבעול חטיפי תירס 657 גרם קפוא,קבוצת אוסם סחר שותפות מוגבלת,,,"י""ח",657,ל גרם,false,1,39.90,6.07,true,1,
7290111566417,false,טבעול טחון מן הצומח משופר 400 גרם,קבוצת אוסם סחר שותפות מוגבלת,,,"י""ח",500,ל גרם,false,1,39.90,7.98,true,1,
7290111566561,false,"שניצל ברוקולי 99 קלוריות 560 גר' ""טבעול""",קבוצת אוסם סחר שותפות מוגבלת,,,"י""ח",560,ל גרם,false,1,39.90,7.13,true,1,
7290111566660,false,טבעול קציצות עדשים כתומות 525 גרם,קבוצת אוסם סחר שותפות מוגבלת,,,"י""ח",530,ל גרם,false,1,39.90,7.53,true,1,
7290111566752,false,טבעול שניצל תירס 99 קלוריות 693 גרם,קבוצת אוסם סחר שותפות מוגבלת,,,"י""ח",693,ל גרם,false,1,39.90,5.76,true,1,
7290111568107,false,פנה פלוס 400גר מסולסלת עתיר סיבים,קבוצת אוסם סחר שותפות מוגבלת,,,"י""ח",500,ל גרם,false,1,7.20,1.44,true,1,
7290111568206,false,ביסלי פארטי מיקס אסם 150 גר',קבוצת אוסם סחר שותפות מוגבלת,,,"י""ח",150,ל גרם,false,1,8.90,5.93,true,1,
7290111930799,false,חטיף בטעם בצל קראנצ',ש. שסטוביץ בע`מ,,,"י""ח",55,ל גרם,false,1,3.90,7.09,true,1,
7290111930805,false,קראנצ'וס טעם ברביקיו 55 גר',ש. שסטוביץ בע`מ,,,"י""ח",55,ל גרם,false,1,3.90,7.09,true,1,
7290111930898,false,חטיף פוף כוכבים גריל אמריקאי 40 גרם,ש. שסטוביץ בע`מ,,,"י""ח",40,ל גרם,false,1,4.40,11,true,1,
7290111930904,false,חטיף פוף כוכבים בצל 40 גרם,ש. שסטוביץ בע`מ,,,"י""ח",40,ל גרם,false,1,4.40,11,true,1,
7290111930911,false,חטיף פוף לבבות קלאסי 40 גרם,ש. שסטוביץ בע`מ,,,"י""ח",40,ל גרם,false,1,4.40,11,true,1,
7290111930928,false,חטיף פוף לבבות גריל 40 גרם,ש. שסטוביץ בע`מ,,,"י""ח",40,ל גרם,false,1,4.40,11,true,1,
7290111932380,false,"מרידול משחת שיניים מארז 75X2מ""ל כשל""פ",ש.שסטוביץ בעמ,,,"י""ח",1.50,ליטר,false,1,29.90,19.93,false,1,
7290111933554,false,שלישייה עגבניות קוביות מאסטר שף 400 גרם,קונסוריזיו קאסאלסקו,,,"י""ח",1.20,"ק""ג",false,1,17.90,14.92,false,1,
7290111933998,false,קוקי תבנית אינגליקייק עם נייר אפיה 4יח,ש.שסטוביץ בעמ,,,"י""ח",1,,false,1,12.90,12.90,true,1,
7290111939174,false,קוקי ניילון נצמד עם גומי מידה לארג,ש.שסטוביץ בעמ,,,"י""ח",1,,false,1,9.90,9.90,true,1,
7290111939181,false,קוקי כיסוי ניילון עם גומי מיקס מידות,ש.שסטוביץ בעמ,,,"י""ח",1,,false,1,9.90,9.90,true,1,
7290112000392,false,מנקה ומחטא עוצמתי לחדר האמבטיה ללא אקונומיקה,רקיט בנקיזר (ניר איסט) בעמ,,,"י""ח",750,"ל מ""ל",false,1,14.90,1.99,true,1,
7290112000798,false,"דיטול תרסיסי חיטוי וניקוי אנטי בקטריאלי 750 מ""ל",רקיט בנקיזר (ניר איסט) בעמ,,,"י""ח",750,"ל מ""ל",false,1,14.90,1.99,true,1,
7290112001023,false,"אירוויק ספרי אוטמטי מילוי תענוגות האביב 250 מ""ל",רקיט בנקיזר (ניר איסט) בעמ,,,"י""ח",1,,false,1,14.90,14.90,true,1,
7290112001030,false,"אירוויק ספרי אוטמטי מילוי פריחת הדובדבן 250 מ""ל",רקיט בנקיזר (ניר איסט) בעמ,,,"י""ח",1,,false,1,14.90,14.90,true,1,
7290112001870,false,"סיליט באנג ספריי ניקוי אמבטיה 750 מ""ל",רקיט בנקיזר (ניר איסט) בעמ,,,"י""ח",1,,false,1,12.90,12.90,false,1,
7290112001900,false,פיניש ג'ל למדיח אקולוגי 1 ליטר,רקיט בנקיזר (ניר איסט) בעמ,,,"י""ח",1,,false,1,43.90,43.90,false,1,
7290112002044,false,טבליות פיניש מנקה מדיח 3 יח,רקיט בנקיזר (ניר איסט) בעמ,,,"י""ח",1,,false,1,16.90,16.90,false,1,
7290112002099,false,קולון גל כביסה מרוכז 2.5 ליטר קלאסי,רקיט בנקיזר (ניר איסט) בעמ,,,"י""ח",2.50,ליטר,false,1,25.90,10.36,true,1,
7290112002105,false,קולון גל כביסה מרוכז 2.5 ליטר ניחוח לילך,רקיט בנקיזר (ניר איסט) בעמ,,,"י""ח",2.50,ליטר,false,1,25.90,10.36,true,1,
7290112002136,false,ג'ל כביסה מרוכז קולון 101 קלאסי,רקיט בנקיזר (ניר איסט) בעמ,,,"י""ח",4,ליטר,false,1,35.90,8.98,false,1,
7290112002174,false,איירוויק ג`ל מוצק בניחוח לבנדר,רקיט בנקיזר (ניר איסט) בעמ,,,"י""ח",1,,false,1,14.90,14.90,false,1,
7290112002983,false,מרסס סיליט חומצת לימון לניקוי כללי 750מל,רקיט בנקיזר (ניר איסט) בעמ,,,"י""ח",750,"ל מ""ל",false,1,17.90,2.39,false,1,
7290112003256,false,אבקת כביסה קולון 101 בניחוח לבנדר,רקיט בנקיזר (ניר איסט) בעמ,,,"י""ח",1.25,"ק""ג",false,1,14.90,11.92,false,1,
7290112003461,false,איירוויק בוטניקה מקלות ריחניים בניחוח ור,רקיט בנקיזר (ניר איסט) בעמ,,,"י""ח",80,"ל מ""ל",false,1,29.90,37.38,false,1,
7290112003959,false,וניש מסיר כתמים אבקה לכביסה צבעונית 470 גרם,רקיט בנקיזר (ניר איסט) בעמ,,,"י""ח",470,ל גרם,false,1,19.90,4.23,false,1,
7290112004192,false,פיניש טבליות אקולוגי למדיח 70יח,רקיט בנקיזר (ניר איסט) בעמ,,,"י""ח",400,"ל מ""ל",false,1,54.90,13.73,false,1,
7290112004314,false,"דטול - תרסיס חיטוי וניקוי בניחוח לימון רימונים 750 מ""ל",רקיט בנקיזר (ניר איסט) בעמ,,,"י""ח",750,"ל מ""ל",false,1,14.90,1.99,true,1,
7290112004604,false,דטול - שלישיית מגבונים לניקוי וחיטוי בניחוח לימון רימונים,רקיט בנקיזר (ניר איסט) בעמ,,,"י""ח",1,,false,1,21.90,21.90,false,1,
7290112004611,false,"וניש קליה ג'ל מרוכז לטיפול נקודתי בכתמים 200 מ""ל",רקיט בנקיזר (ניר איסט) בעמ,,,"י""ח",200,"ל מ""ל",false,1,16.90,8.45,true,1,
7290112004703,false,וניש תוסף כביסה גל מרוכז-כביסה צבעונית,רקיט בנקיזר (ניר איסט) בעמ,,,"י""ח",750,"ל מ""ל",false,1,19.90,2.65,false,1,
7290112004710,false,וניש תוסף כביסה גל מרוכז-כביסה לבנה,רקיט בנקיזר (ניר איסט) בעמ,,,"י""ח",750,"ל מ""ל",false,1,19.90,2.65,false,1,
7290112004987,false,אירוויק פרשמטיק מילוי בניחוח פצ`ולי ויער,רקיט בנקיזר (ניר איסט) בעמ,,,"י""ח",1,,false,1,15.90,15.90,true,1,
7290112005052,false,וניש תוסף כביסה רב תכליתי לבגדים לבנים,רקיט בנקיזר (ניר איסט) בעמ,,,"י""ח",150,ל גרם,false,1,39.90,26.60,true,1,
7290112005076,false,וניש תוסף כביסה רב תכליתי צבעוני 480 גרם,רקיט בנקיזר (ניר איסט) בעמ,,,"י""ח",480,ל גרם,false,1,16.90,3.52,true,1,
7290112005083,false,וניש תוסף כביסה רב תכליתי לכביסה צבעונית,רקיט בנקיזר (ניר איסט) בעמ,,,"י""ח",150,ל גרם,false,1,39.90,26.60,true,1,
7290112191090,false,טורטיה עם קמח כוסמת מלא 320מלא גרם 8 יחי,א.ג בחירה חכמה בעמ,,,"י""ח",320,ל גרם,false,1,9.90,3.09,false,1,
7290112195647,false,"שמן זית כתית מעולה 750מ""ל הזית",א.ג בחירה חכמה בעמ,,,"י""ח",750,"ל מ""ל",false,1,29.90,3.99,true,1,
7290112197092,false,"סטייל - סבון מעוצב ניו יורק 500 מ""ל",רנקסאן פלסטיק יאנגר,,,"י""ח",500,"ל מ""ל",false,1,10.90,2.18,true,1,
7290112330352,false,"יוגורט PRO בטעם וניל 0% , 20 גרם חלבון בגביע",שטראוס גרופ בעמ/מצונן,,,"י""ח",20,"ל מ""ל",false,1,6.20,31,false,1,
7290112330390,false,דנונה פרו פירות יער 20 גרם חלבון 0% שומן 200 גרם,שטראוס גרופ בעמ/מצונן,,,"י""ח",200,"ל מ""ל",false,1,6.20,3.10,false,1,
7290112330420,false,דנונה פרו לבן 2.9% שומן בודד 150גר,שטראוס גרופ בעמ/מצונן,,,"י""ח",150,ל גרם,false,1,4.90,3.27,false,1,
7290112332585,false,פריכיות משולש תפוא אורז בתיבול סלק ומלח ים אנרג'י 30 גרם,"פרח תעשיו מזון בע""מ",,,"י""ח",30,ל גרם,false,1,5.50,18.33,false,1,
7290112332875,false,מסטיק מאסט קוביות בטעם מנטה עדינה 86 ג' עלית,שטראוס גרופ בע`מ,,,"י""ח",80,ל גרם,false,1,13.90,17.38,false,1,
7290112334596,false,שוקולית אבקת שוקו עלית,שטראוס קפה בי.וי.,,,"י""ח",850,ל גרם,false,1,17.90,2.11,false,1,
7290112334749,false,קפה טורקי בצלופן עלית 200 גרם+ 10% תוספת,"שטראוס גרופ בע""מ",,,"י""ח",200,ל גרם,false,1,17.90,8.95,true,1,
7290112335050,false,מרשמלו וניל 150 גרם ווסטהים,טופגאם תעשיות ממתקים,,,"י""ח",150,ל גרם,false,1,7.50,5,false,1,
7290112335111,false,מסטיק מאסט קוביות בזוקה ללא גלוטן 86 גר,אסקום קונפקשיין,,,"י""ח",80,ל גרם,false,1,14.90,18.63,false,1,
7290112335487,false,הפריכיות הטעימות קצח ודגנים אנרג'י 135 גרם,אנרג'י Energy - שטראוס,,,"י""ח",135,ל גרם,false,1,13.90,10.30,false,1,
7290112335494,false,הפריכיות הטעימות תפוחי אדמה בטעם פוטטוס,"פרח תעשיות מזון בע""\מ",,,"י""ח",135,ל גרם,false,1,13.90,10.30,false,1,
7290112335500,false,"פרכיות אנרג'י חומוס,אורז,עדשים שחורות וקינואה 135 גרם","פרח תעשיות מזון בע""\מ",,,"י""ח",135,ל גרם,false,1,13.90,10.30,false,1,
7290112336637,false,סוכריות מאסט Must ללא סוכר יוגורט תות ואוכניות,"שטראוס גרופ בע""מ",,,"י""ח",80,ל גרם,false,1,9.50,11.88,false,1,
7290112336644,false,סוכריות מאסט ללא סוכר לימון 80 ג' עלית,"שטראוס גרופ בע""מ",,,"י""ח",80,ל גרם,false,1,9.50,11.88,false,1,
7290112336651,false,סוכריות מאסט ללא סוכר ריבת חלב 80 ג' עלית,"שטראוס גרופ בע""מ",,,"י""ח",80,ל גרם,false,1,9.70,12.13,false,1,
7290112336712,false,יוגורט PRO לבן 0% 21 גרם חלבון בגביע,שטראוס גרופ בעמ/מצונן,,,"י""ח",20,"ל מ""ל",false,1,6.20,31,false,1,
7290112337481,false,סוכריות מאסט ללא סוכר קפצ''ינו 80 ג' עלית,שטראוס גרופ בע`מ,,,"י""ח",80,ל גרם,false,1,9.60,12,false,1,
7290112338877,false,מעדן גבינה בטעם תות 3% 125ג' סקי,שטראוס גרופ בעמ/מצונן,,,"י""ח",125,ל גרם,false,1,3.90,3.12,true,1,
7290112339171,false,מעדן מוס שוקולד 81 גר`מילקי,שטראוס גרופ בעמ/מצונן,,,"י""ח",81,ל גרם,false,1,3.70,4.57,false,1,
7290112339362,false,דנונה לייט אנד פריי בטעם קפוצ'ינו 150 גרם,שטראוס גרופ בעמ/מצונן,,,"י""ח",150,"ל מ""ל",false,1,4.90,3.27,true,1,
7290112339867,false,גמדים לדרך גבינה לבנה עם מחית תות,שטראוס גרופ בעמ/מצונן,,,"י""ח",100,ל גרם,false,1,5.90,5.90,false,1,
7290112339874,false,גמדים לדרך גבינה לבנה עם מחיות תות ובננה,שטראוס גרופ בעמ/מצונן,,,"י""ח",100,ל גרם,false,1,5.90,5.90,false,1,
7290112340122,false,הפריכיות הטעימות 3 דגנים אנרג'י 135 גרם,"פרח תעשיות מזון בע""\מ",,,"י""ח",135,ל גרם,false,1,13.90,10.30,false,1,
7290112340276,false,פינוקיות עוגיית קרם קפה נמס 200 גרם,"הגביע מוצרי וופלים בע""\מ",,,"י""ח",200,ל גרם,false,1,12.90,6.45,true,1,
7290112340900,false,קפה טורקי האג נטול קפאין 200 גרם,הנסיך- מפעל לייצור ט,,,"י""ח",200,ל גרם,false,1,27.50,13.75,false,1,
7290112341556,false,יוגורט אקטיביה עם צ'יה ותות 150 גרם,שטראוס גרופ בעמ/מצונן,,,"י""ח",150,ל גרם,false,1,4.70,3.13,false,1,
7290112341679,false,אקטיביה יוגורט 3% דנונה (200 גרם),שטראוס גרופ בעמ/מצונן,,,"י""ח",200,ל גרם,false,1,4.20,2.10,true,1,
7290112341686,false,שמינייה יוגורט לבן אקטיביה 3% דנונה 150 גרם.,שטראוס גרופ בעמ/מצונן,,,"י""ח",1.20,ליטר,false,1,21.50,17.92,false,1,
7290112342102,false,סימפוניה גבינה במרקם שמנת בצל מקורמל 5%,שטראוס גרופ בעמ/מצונן,,,"י""ח",200,ל גרם,false,1,12,6,true,1,
7290112342270,false,קפה פלטינום אינטנס מחוזק ב- 10% אספרסו,שטראוס קפה בי.וי,,,"י""ח",125,ל גרם,false,1,19.90,15.92,false,1,
7290112343420,false,"משקה חלב עם דגנים מלאים ובננה פרו יטבתה 350מ""ל",שטראוס גרופ בעמ/מצונן,,,"י""ח",350,"ל מ""ל",false,1,7.90,2.26,false,1,
7290112343499,false,חטיף צ'יטוס פאפס אפוי בטעם גבינה,"שטראוס פריטו ליי בע""\מ )",,,"י""ח",60,ל גרם,false,1,3.50,5.83,true,1,
7290112344724,false,מילקי בטעם שוקולד בלונדי עם קצפת 133גר,שטראוס גרופ בעמ/מצונן,,,"י""ח",133,ל גרם,false,1,3.60,2.71,false,1,
7290112344755,false,מילקי עם 26% פחות סוכר 135 גר}שטראוס{,שטראוס גרופ בעמ/מצונן,,,"י""ח",130,"ל מ""ל",false,1,2.90,2.23,false,1,
7290112344786,false,קפה פלטינום קלאסיק עלית 200 גרם,הנסיך- מפעל לייצור ט,,,"י""ח",200,ל גרם,false,1,28.90,14.45,true,1,
7290112344953,false,סימפוניה חציל קלוי גבינה במקרם שמנת 5%,שטראוס גרופ בעמ/מצונן,,,"י""ח",200,ל גרם,false,1,12,6,true,1,
7290112346360,false,בפלות אחת אחת בציפוי שוקולד חלב עלית 180 גרם,הגביע מוצרי וופלים ב,,,"י""ח",180,ל גרם,false,1,14.90,8.28,false,1,
7290112346629,false,דנונה בר יוגורט+קורנפלקס מצופה שוקולד חלב ולבן 172 גרם,שטראוס גרופ בעמ/מצונן,,,"י""ח",175,"ל מ""ל",false,1,4.80,2.74,false,1,
7290112346773,false,יוגורט בטעם וניל 0% לייט אנד פרי 10 גרם חלבון בגביע,שטראוס גרופ בעמ/מצונן,,,"י""ח",150,"ל מ""ל",false,1,4.90,3.27,true,1,
7290112346797,false,יוגורט אקטיביה שיבולת שועל ושזיף 150 גרם,שטראוס גרופ בעמ/מצונן,,,"י""ח",150,ל גרם,false,1,4.70,3.13,false,1,
7290112346827,false,אקטימל ויטמין c פטל שמינייה 864 גרם,שטראוס גרופ בעמ/מצונן,,,"י""ח",800,"ל מ""ל",false,1,20.20,2.53,false,1,
7290112347008,false,גמדים לדרך גבינה לבנה עם מחית תות ושיבולת שועל,שטראוס גרופ בעמ/מצונן,,,"י""ח",100,ל גרם,false,1,5.90,5.90,false,1,
7290112348142,false,שעועית לבנה 380 גר' בקופסה טעם הטבע,שטראוס גרופ בע`מ,,,"י""ח",380,ל גרם,false,1,7.90,2.08,true,1,
7290112348999,false,הפריכיות הטעימות תירס דקות אנרג'י 135 גרם,שטראוס גרופ בע`מ,,,"י""ח",135,ל גרם,false,1,13.90,10.30,false,1,
7290112349606,false,מעדן גבינה ויוגורט תות בננה 88 ג' דניאלה,שטראוס גרופ בעמ/מצונן,,,"י""ח",150,"ל מ""ל",false,1,4.30,2.87,false,1,
7290112349705,false,פומודורו רוטב עגבניות קלאסי לפסטה יד מרדכי 350 גרם,אמיליאנה קונסרב סוסייטה,,,"י""ח",350,ל גרם,false,1,12.90,3.69,true,1,
7290112349736,false,בזיליקום רוטב עגבניות לפסטה יד מרדכי 350 גרם,אמיליאנה קונסרב סוסייטה,,,"י""ח",350,ל גרם,false,1,12.90,3.69,true,1,
7290112349750,false,פיצה רוטב עגבניות לפיצה יד מרדכי 350 גרם,אמיליאנה קונסרב סוסייטה,,,"י""ח",350,ל גרם,false,1,12.80,3.66,true,1,
7290112350275,false,קפסולות LUNGO למכונת נספרסו עלית 10 יחידות,שטראוס קפה בי.וי,,,"י""ח",50,ל גרם,false,1,19.90,39.80,true,1,
7290112350312,false,קפסולות 15 קפה יותר למכונות נספרסו עלית 10יח',הנסיך- מפעל לייצור ט,,,"י""ח",50,ל גרם,false,1,19.90,39.80,true,1,
7290112351258,false,עוגיית קקאו פינוקיות שחור לבן 200 גר,"הגביע מוצרי ופלים בע""\מ",,,"י""ח",200,ל גרם,false,1,12.90,6.45,true,1,
7290112351463,false,שלישיית סוכריות מאסט FRESH פטל לימון 45 ג' עלית,"הליקון גידה בע""\מ",,,"י""ח",45,ל גרם,false,1,9.50,21.11,false,1,
7290112351470,false,סוכריות ללא סוכר בטעם תות רימון מאסט פרש,"הליקון גידה בע""\מ",,,"י""ח",45,ל גרם,false,1,9.50,21.11,false,1,
7290112353887,false,"משקה קפה קר בטעם אגוזים יטבתה 230 מ""ל",האי נאם סי או אל.טי.,,,"י""ח",230,"ל מ""ל",false,1,7.90,3.43,true,1,
7290112354945,false,תפוצ'יפס WAVY בטעם טבעי 50 גרם,שטראוס פריטו ליי בע`מ,,,"י""ח",50,ל גרם,false,1,4.50,9,false,1,
7290112354952,false,תפוצ`יפס פפריקה (50 גרם)היתר מכירה,שטראוס פריטו ליי בע`מ,,,"י""ח",50,ל גרם,false,1,4.50,9,false,1,
7290112355027,false,דנונה פרו 20 גרם חלבון בטעם קרמל מלוח 200 גרם,שטראוס גרופ בעמ/מצונן,,,"י""ח",20,"ל מ""ל",false,1,6.20,31,false,1,
7290112355102,false,גמדים סקוויז 100 גרם פאוץ סלט פירות 100 גרם,שטראוס גרופ בעמ/מצונן,,,"י""ח",100,ל גרם,false,1,5.90,5.90,false,1,
7290112355812,false,מילקי טופ קורנפלקס 141 ג' שטראוס,שטראוס גרופ בעמ/מצונן,,,"י""ח",130,"ל מ""ל",false,1,4.60,3.54,true,1,
7290112356536,false,אבקת קקאו עלית (150 גרם% )+10תוספת,הנסיך- מפעל לייצור ט,,,"י""ח",150,ל גרם,false,1,9.90,6.60,false,1,
7290112357045,false,עגבניות איטלקיות מרוסקות 390 גר' בקופסה טעם הטבע,"שטראוס גרופ בע""מ",,,"י""ח",390,ל גרם,false,1,6.90,1.77,true,1,
7290112357083,false,טעם הטבע אפונה ירוקה 380 גרם קופסה,הדקלאים אגודת שיתופי,,,"י""ח",380,ל גרם,false,1,8,2.11,true,1,
7290112357106,false,שעועית אדומה 380 גר' בקופסה טעם הטבע,"שטראוס גרופ בע""מ",,,"י""ח",380,ל גרם,false,1,7.90,2.08,true,1,
7290112357113,false,גרגרי חומוס בקופסה 380 גר' טעם הטבע,"שטראוס גרופ בע""מ",,,"י""ח",380,ל גרם,false,1,7.90,2.08,true,1,
7290112358004,false,פסק זמן חטיף קראנץ עלית( 32 גר`),שולן צ'\יקולטה גידה סאן.,,,"י""ח",45,ל גרם,false,1,4.90,10.89,false,1,
7290112358127,false,דנונה פרו חלבון+מגנזיום- וניל ועוגיות 200 גרם,שטראוס גרופ בעמ/מצונן,,,"י""ח",200,"ל מ""ל",false,1,6.70,3.35,false,1,
7290112358233,false,רוטב צ`ילי חריף יד מרדכי (300 גר`),"שטראוס גרופ בע""מ",,,"י""ח",280,"ל מ""ל",false,1,15,5.36,false,1,
7290112358240,false,רוטב גריל יד מרדכי 300 גרם,שטראוס גרופ בע`מ,,,"י""ח",300,"ל מ""ל",false,1,15,5,false,1,
7290112358431,false,עד חצות דאבל ביסקוויט עם שוקולד חלב -8 אריזות אישיות,ביסקוויטס טור ד'\אלבון,,,"י""ח",200,ל גרם,false,1,14.80,7.40,false,1,
7290112358554,false,מארז קפה נמס מנות אישיות לדרך 50.4 גר,שטראוס גרופ בע`מ,,,"י""ח",50,ל גרם,false,1,10.90,21.80,false,1,
7290112415400,false,עוגיות אלפחורס קפולסקי 280 גרם,תופינים מקבוצת קפולסקי,,,"י""ח",300,ל גרם,false,1,29.90,9.97,false,1,
7290112490032,false,"נמס בכוס טעם תירס קנור 31 גרם מארז זוגי בד""צ",יוניליוור ישראל שיווק בע`מ,,,"י""ח",64,ל גרם,false,1,7.50,11.72,true,1,
7290112490209,false,נמס בכוס מרק עגבניות עם קרוטונים רכיבים טבעיים,"יוניליוור ישראל שיווק בע""מ",,,"י""ח",56,ל גרם,false,1,7.50,13.39,true,1,
7290112490216,false,מרק נמס בכוס בטעם עוף קנור 100% רכיבים טבעיים,"יוניליוור ישראל שיווק בע""מ",,,"י""ח",48,ל גרם,false,1,7.50,15.63,true,1,
7290112490230,false,מרק נמס בכוס אפונה קנור 100% רכיבים טבעיים,"יוניליוור ישראל שיווק בע""מ",,,"י""ח",50,ל גרם,false,1,7.50,15,true,1,
7290112490599,false,חרדל צרפתי עם גרגירים שלמים הלמנס 350 גר,"יוניליוור ישראל שיווק בע""מ",,,"י""ח",350,ל גרם,false,1,13.90,3.97,false,1,
7290112490650,false,קונפיטורה תות שדה 340 גרם-צנצנת,"יוניליוור ישראל שיווק בע""מ",,,"י""ח",340,ל גרם,false,1,13.90,4.09,false,1,
7290112490667,false,קונפיטורה משמש778 50% פרי 340 גר',יוניליוור ישראל שיווק בע`מ,,,"י""ח",340,ל גרם,false,1,13.90,4.09,false,1,
7290112490742,false,מרק עשיר פטריות עם גריסים רכיבים טבעיים 104 ג' קנור,"יוניליוור ישראל שיווק בע""מ",,,"י""ח",104,ל גרם,false,1,12.50,12.02,false,1,
7290112490759,false,מרק עשיר עוף עם אטריות רכיבים טבעיים 74 ג' קנור,"יוניליוור ישראל שיווק בע""מ",,,"י""ח",74,ל גרם,false,1,12.50,16.89,false,1,
7290112490827,false,תרסיס ריחני למייבש הכביסה בדין בייבי 500,"יוניליוור ישראל שיווק בע""מ",,,"י""ח",500,"ל מ""ל",false,1,19.90,3.98,false,1,
7290112490896,false,"קנור רוטב צ'ילי חריף 370 מ""ל PAL","יוניליוור ישראל שיווק בע""מ",,,"י""ח",300,"ל מ""ל",false,1,11.90,3.97,true,1,
7290112491558,false,שוקולד מריר פרווה ורד הגליל (100x6 גרם),יוניליוור ישראל שיווק בע`מ,,,"י""ח",600,ל גרם,false,1,19.90,3.32,false,1,
7290112491695,false,קונפיטורה משמש לייט 50%778פרי 260 גר',יוניליוור ישראל שיווק בע`מ,,,"י""ח",260,ל גרם,false,1,13.90,5.35,false,1,
7290112491701,false,ברנפלקס בטעם וניל מעודן 20% חלבון Extra Protein,"יוניליוור ישראל שיווק בע""מ",,,"י""ח",375,ל גרם,false,1,22.90,6.11,false,1,
7290112491770,false,בייגלה דקים דקים מלח ים בייגל בייגל 300 גרם.,יוניליוור ישראל שיווק בע`מ,,,"י""ח",300,ל גרם,false,1,11.90,3.97,true,1,
7290112491787,false,בייגלה דקים דקים עם שומשום בייגל בייגל 300 גרם,יוניליוור ישראל שיווק בע`מ,,,"י""ח",300,ל גרם,false,1,11.90,3.97,true,1,
7290112492449,false,פינוק שמפו שיער רגיל 700 מל-חדש,"יוניליוור ישראל שיווק בע""מ",,,"י""ח",700,"ל מ""ל",false,1,12.90,1.84,true,1,
7290112492456,false,"שמפו פינוק לשיער יבש/פגום 700 מ""ל",יוניליוור ישראל שיווק בע`מ,,,"י""ח",700,"ל מ""ל",false,1,12.90,1.84,true,1,
7290112492463,false,"שמפו ומרכך 2 ב-1 לשיער רגיל פינוק 700 מ""ל.",יוניליוור ישראל שיווק בע`מ,,,"י""ח",700,"ל מ""ל",false,1,12.90,1.84,true,1,
7290112492500,false,פינוק שמפו לשיער עם שמן קוקוס 700 מל,"יוניליוור ישראל שיווק בע""מ",,,"י""ח",700,"ל מ""ל",false,1,12.90,1.84,true,1,
7290112492531,false,"פינוק קונדישנר לשיער רגיל 700מ""ל","יוניליוור ישראל שיווק בע""מ",,,"י""ח",700,"ל מ""ל",false,1,12.90,1.84,true,1,
7290112492548,false,"מרכך פינוק עם שמן חוחובה 700 מ""ל","יוניליוור ישראל שיווק בע""מ",,,"י""ח",700,"ל מ""ל",false,1,12.90,1.84,true,1,
7290112492593,false,תחליב רחצה פינוק בניחוח פינוק קלאסי 700,יוניליוור ישראל שיווק בע`מ,,,"י""ח",750,"ל מ""ל",false,1,11.90,1.59,false,1,
7290112492609,false,"פינוק סבון נוזלי לבנדר ווניל 700 מ""ל","יוניליוור ישראל שיווק בע""מ",,,"י""ח",700,"ל מ""ל",false,1,11.90,1.70,false,1,
7290112492630,false,"שמפו ג'ל רחצה וסבון פנים 3 ב-1 לגבר פינוק 700 מ""ל",יוניליוור ישראל שיווק בע`מ,,,"י""ח",700,"ל מ""ל",false,1,12.90,1.84,true,1,
7290112492647,false,"פינוק לגבר 3 ב1 שמפו ג'ל רחצה וסבון פנים 700 מ""ל","יוניליוור ישראל שיווק בע""מ",,,"י""ח",700,"ל מ""ל",false,1,12.90,1.84,true,1,
7290112492982,false,"אבקת מרק פטריות כשל""פ 100% רכיבים טבעיים 400 גרם",יוניליוור ישראל שיווק בע`מ,,,"י""ח",400,ל גרם,false,1,29.50,7.38,true,1,
7290112492999,false,קנור מרק עוף אמיתי 400 גרם פרווה,יוניליוור ישראל שיווק בע`מ,,,"י""ח",400,ל גרם,false,1,15.90,3.98,true,1,
7290112493064,false,"רוטב שזיפים להקפצה, לבישול ולאפיה","יוניליוור ישראל שיווק בע""מ",,,"י""ח",320,ל גרם,false,1,11.90,3.72,true,1,
7290112493088,false,נמס בכוס עדשים מרק רכיבים טבעיים קנור 54 ג',יוניליוור ישראל שיווק בע`מ,,,"י""ח",48,ל גרם,false,1,7.50,15.63,true,1,
7290112493095,false,נמס בכוס מרק עגבניות חריף רכיבים טבעיים קנור 48 ג',יוניליוור ישראל שיווק בע`מ,,,"י""ח",48,ל גרם,false,1,7.50,15.63,true,1,
7290112493293,false,קנור - נמס ירקות וקרוטונים ר.טבעי 44 גרם,"יוניליוור ישראל שיווק בע""מ",,,"י""ח",48,ל גרם,false,1,7.50,15.63,true,1,
7290112493316,false,מרק היום אפונה 100% רכיבים טביעיים קנור,יוניליוור ישראל שיווק בע`מ,,,"י""ח",117,ל גרם,false,1,12.50,10.68,false,1,
7290112493927,false,גלידה בטעם ריבת חלב 1.33ל' קרמיסימו,"גלידת שטראוס בע""\מ, רחוב",,,"י""ח",776,"ל מ""ל",false,1,18.90,2.44,false,1,
7290112493934,false,גלידה קרמיסימו וניל צרפתי 1.33 ליטר,"גלידת שטראוס בע""\מ, רחוב",,,"י""ח",776,"ל מ""ל",false,1,18.90,2.44,false,1,
7290112493965,false,קרמיסימו חלבית בטעם מסטיק וניל 665 גר,"גלידת שטראוס בע""\מ, רחוב",,,"י""ח",814,"ל מ""ל",false,1,18.90,2.32,false,1,
7290112494153,false,תיבוליות ניחוח צלי קנור( 72 גרם),יוניליוור ישראל שיווק בע`מ,,,"י""ח",72,ל גרם,false,1,10.40,14.44,true,1,
7290112494221,false,חטיף ביסקויט שוקולד חלב קליק (65 גרם),יוניליוור ישראל שיווק בע`מ,,,"י""ח",65,ל גרם,false,1,6.40,9.85,false,1,
7290112494238,false,חטיף כדורים שוקולד חלב קליק (65 גרם),יוניליוור ישראל שיווק בע`מ,,,"י""ח",65,ל גרם,false,1,6.40,9.85,false,1,
7290112494276,false,קליק כריות בתפזורת כשר לפסח,יוניליוור ישראל שיווק בע`מ,,,"י""ח",65,ל גרם,false,1,6.40,9.85,false,1,
7290112494283,false,חטיף כדורים מעורב חום לבו 65 גר`קליק,יוניליוור ישראל שיווק בע`מ,,,"י""ח",65,ל גרם,false,1,6.40,9.85,false,1,
7290112494344,false,קורנפלקס של אלופים תלמה (850 גרם)רבנות,"יוניליוור ישראל שיווק בע""מ",,,"י""ח",850,ל גרם,false,1,18.70,2.20,false,1,
7290112494351,false,קורנפלקס של אלופים תלמה (850 גרם).בדצ,יוניליוור ישראל שיווק בע`מ,,,"י""ח",850,ל גרם,false,1,18.70,2.20,false,1,
7290112494382,false,פירה בטעם ביתי 260 גרם-קופסא,יוניליוור ישראל שיווק בע`מ,,,"י""ח",260,ל גרם,false,1,12.70,4.88,false,1,
7290112494795,false,בדין-ג'ל לכביסה לבנה וצבעונית בניחוח עדין כחול 2.5 ליטר,"יוניליוור ישראל שיווק בע""מ",,,"י""ח",2.50,ליטר,false,1,35.90,14.36,false,1,
7290112494801,false,בדין-ג'ל לכביסה לבנה וצבעונית בניחוח עדין ורוד 2.5 ליטר,"יוניליוור ישראל שיווק בע""מ",,,"י""ח",2.50,ליטר,false,1,35.90,14.36,false,1,
7290112494818,false,בדין-ג'ל לכביסה לבנה וצבעונית בייבי 2.5 ליטר,יוניליוור ישראל שיווק בע`מ,,,"י""ח",2.50,ליטר,false,1,35.90,14.36,false,1,
7290112495006,false,כריות דגנים במילוי נוגט בדצ 686 גרם,"יוניליוור ישראל שיווק בע""מ",,,"י""ח",750,ל גרם,false,1,25.90,3.45,false,1,
7290112495037,false,דגני בוקר בטעם שוקולד כדורים 375 ג' קוקומן,יוניליוור ישראל שיווק בע`מ,,,"י""ח",375,ל גרם,false,1,19.90,5.31,true,1,
7290112495044,false,דגני קוקומן פצפוצים תלמה (375 גרם),יוניליוור ישראל שיווק בע`מ,,,"י""ח",375,ל גרם,false,1,19.90,5.31,true,1,
7290112495105,false,נשנושים טעם שמנת בצל בייגל בייגל 260 גרם,"יוניליוור ישראל שיווק בע""מ",,,"י""ח",260,ל גרם,false,1,13.90,5.35,false,1,
7290112495143,false,נשנושי קרקר קוקטייל מלוח בייגל בייגל 300 גרם,"יוניליוור ישראל שיווק בע""מ",,,"י""ח",300,ל גרם,false,1,14.50,4.83,false,1,
7290112495167,false,נשנושי קרקר שומשום בייגל בייגל 350 גרם,יוניליוור ישראל שיווק בע`מ,,,"י""ח",300,ל גרם,false,1,14.50,4.83,false,1,
7290112495228,false,קורנפלקס דבש תלמה אלופים 448 גרם,"יוניליוור ישראל שיווק בע""מ",,,"י""ח",448,ל גרם,false,1,19.70,4.40,true,1,
7290112495280,false,ברנפלקס ריבועי קינמון תלמה (400 גרם),יוניליוור ישראל שיווק בע`מ,,,"י""ח",400,"ל מ""ל",false,1,22.90,5.73,false,1,
7290112495433,false,דגני דליפקאן תוספת אגוזי פקאן ושקדים 400 גר,יוניליוור ישראל שיווק בע`מ,,,"י""ח",400,ל גרם,false,1,21.90,5.48,false,1,
7290112495488,false,קורנפלקס פתיתי תירס קלויים ללא גלוטן 500,יוניליוור ישראל שיווק בע`מ,,,"י""ח",500,ל גרם,false,1,15.90,3.18,false,1,
7290112495556,false,חטיף שוקולד נוגט שוקולד חלב שלישייה,"יוניליוור ישראל שיווק בע""מ",,,"י""ח",106,ל גרם,false,1,13.90,13.11,true,1,
7290112495662,false,קרקר חיטה מלאה ופשתן בייגל בייגל 300 גרם,יוניליוור ישראל שיווק בע`מ,,,"י""ח",300,ל גרם,false,1,9.90,3.30,false,1,
7290112495754,false,רוטב לסלט אלף האיים הלמנס (305 מל),יוניליוור ישראל שיווק בע`מ,,,"י""ח",305,ל גרם,false,1,11.90,3.90,false,1,
7290112495785,false,רוטב לסלט שום (300 גרם)הלמנס,"יוניליוור ישראל שיווק בע""מ",,,"י""ח",300,ל גרם,false,1,11.90,3.97,false,1,
7290112495815,false,רוטב לסלט חרדל ודבש לייט (305 גרם)הלמנס,יוניליוור ישראל שיווק בע`מ,,,"י""ח",305,ל גרם,false,1,11.90,3.90,false,1,
7290112496430,false,קנור נמס בכוס אקסטרה עגבניות+איטריות 37 גרם - רבנות,יוניליוור ישראל שיווק בע`מ,,,"י""ח",39,ל גרם,false,1,3.90,10,false,1,
7290112496447,false,נמס בכוס אקסטרה טעם עוף עם המון אטריות 27ג',"יוניליוור ישראל שיווק בע""מ",,,"י""ח",39,ל גרם,false,1,3.90,10,false,1,
7290112496461,false,נמס בכוס אקסטרה מרק ירקות עם המון אטריות,"יוניליוור ישראל שיווק בע""מ",,,"י""ח",35,ל גרם,false,1,4.90,14,false,1,
7290112497000,false,פנטסטיק תרכיז ניקוי רב תכליתי בניחוח לימון,יוניליוור ישראל שיווק בע`מ,,,"י""ח",1,ליטר,false,1,9.90,9.90,false,1,
7290112497505,false,"תחליב גוף וזלין ירוק עם אלוורה 600מ""ל",יוניליוור ישראל שיווק בע`מ,,,"י""ח",600,"ל מ""ל",false,1,19.90,3.32,false,1,
7290112498007,false,גרנולה פרוטאין בתוספת חלבון שקדים וחמוציות תלמה 300 ג',"יוניליוור ישראל שיווק בע""מ",,,"י""ח",300,ל גרם,false,1,16.90,5.63,false,1,
7290112498052,false,מארז פתית צ`יפס בטטה בטעם טבעי 84 ג`,יוניליוור ישראל שיווק בע`מ,,,"י""ח",84,ל גרם,false,1,16.90,20.12,false,1,
7290112498069,false,#קוקומן ללא גלוטן כשלפ 375ג - חדש,יוניליוור ישראל שיווק בע`מ,,,"י""ח",375,ל גרם,false,1,19.90,5.31,true,1,
7290112498267,false,פינוק אל סבון לידיים בניחוח פינוק קלאסי,"יוניליוור ישראל שיווק בע""מ",,,"י""ח",950,"ל מ""ל",false,1,12.90,1.36,false,1,
7290112498274,false,פינוק אלסבון לידיים לבנדר וניל 1ליטר+משא,יוניליוור ישראל שיווק בע`מ,,,"י""ח",950,"ל מ""ל",false,1,12.90,1.36,false,1,
7290112498281,false,"אל סבון לידיים בתוספת שמן קוקוס פינוק 950 מ""ל",יוניליוור ישראל שיווק בע`מ,,,"י""ח",950,"ל מ""ל",false,1,12.90,1.36,false,1,
7290112498441,false,"קנור רוטב אסיאתי למוקפץ 300 מ""ל בד""ץ",יוניליוור ישראל שיווק בע`מ,,,"י""ח",370,"ל מ""ל",false,1,11.90,3.22,true,1,
7290112498748,false,מאגדת מיני סולרו וניל תות שדה 350 גר`,"מיוצר ע""\י גלידת שטראוס",,,"י""ח",325,ל גרם,false,1,24.90,7.66,false,1,
7290112498885,false,מאגדת גודי'ז תותים ושוקולד לבן 235 גרם,"גלידת שטראוס בע""\מ, רח'\",,,"י""ח",297,ל גרם,false,1,27.90,9.39,false,1,
7290112498922,false,מאגדת מיני מגנום לבן שטראוס 250 גרם,"מיוצר ע""\י גלידת שטראוס",,,"י""ח",280,ל גרם,false,1,27.90,9.96,false,1,
7290112499097,false,מאגדת מיני מגנום מריר Intense Dark! 240 גרם,"מיוצר ע""\י גלידת שטראוס",,,"י""ח",280,ל גרם,false,1,27.90,9.96,false,1,
7290112499127,false,שלגון גלידה שוקולד לבן ותות 77 גרם,"מיוצר ע""\י גלידת שטראוס",,,"י""ח",90,ל גרם,false,1,10,11.11,true,1,
7290112499141,false,סולרו וניל ותפוח ירוק 76 ג' שטראוס,שטראוס גרופ גלידות,,,"י""ח",76,ל גרם,false,1,7.90,10.39,true,1,
7290112499196,false,גלידה בטעם החלב של הקורנפלקס 1.33 ל' קרמיסימו,"גלידת שטראוס בע""\מ, רחוב",,,"י""ח",1.33,ליטר,false,1,18.90,14.21,false,1,
7290112499219,false,שלגון שמנת מופחת שומן וקלוריות בטעם פיסטוק עם ריפל בטעם שוקולד מריר וציפוי חלקי של שוקולד חלב מעולה,"גלידת שטראוס בע""\מ, רחוב",,,"י""ח",297,ל גרם,false,1,19.90,6.70,false,1,
7290112499455,false,פינוק תחליב רחצה 700 בתוספת שמן מרוקאי,"יוניליוור ישראל שיווק בע""מ",,,"י""ח",750,"ל מ""ל",false,1,11.90,1.59,false,1,
7290112499462,false,פינוק תחליב רחצה 700 בתוספת שמן קוקוס,יוניליוור ישראל שיווק בע`מ,,,"י""ח",750,"ל מ""ל",false,1,11.90,1.59,false,1,
7290112499509,false,"רקסונה - דאודורנט ספריי לאישה בניחוח אפרסק ולמון גראס 150 מ""ל","יוניליוור ישראל שיווק בע""מ",,,"י""ח",150,"ל מ""ל",false,1,14.90,9.93,true,1,
7290112499639,false,טילון סופר מגנום וניל צ'יפ שוקולד 110 גרם,"מיוצר ע""\י גלידת שטראוס",,,"י""ח",110,ל גרם,false,1,11,10,true,1,
7290112499646,false,"מעדן קפוא בטעם וניל עם וופל 108 גרם ""קורנטו""","מיוצר ע""\י גלידת שטראוס",,,"י""ח",108,ל גרם,false,1,11,10.19,true,1,
7290112499677,false,מגנום וניל בציפוי שוקולד לבן,"מיוצר ע""\י גלידת שטראוס",,,"י""ח",85,ל גרם,false,1,11,12.94,true,1,
7290112499776,false,גלידת שמנת מופחתת שומן וקלוריות בטעם שוקולד לבן 240 גרם,"גלידת שטראוס בע""\מ, רח'\",,,"י""ח",297,ל גרם,false,1,27.90,9.39,false,1,
7290112499837,false,מגנום דואט שוקו לד עם נוגט שטראוס,"מיוצר ע""\י גלידת שטראוס",,,"י""ח",90,ל גרם,false,1,11,12.22,true,1,
7290112499844,false,מאגדת מיני מגנום דואט שוקולד עם נוגט שטראוס 310 גרם,"מיוצר ע""\י גלידת שטראוס",,,"י""ח",280,ל גרם,false,1,27.90,9.96,false,1,
7290112499929,false,מגנום שוקולד אימפלס פסח 120מל,"מיוצר ע""\י גלידת שטראוס",,,"י""ח",90,ל גרם,false,1,11,12.22,true,1,
7290112499936,false,מגנום שקדים אימפלס פסח 125מל,"מיוצר ע""\י גלידת שטראוס",,,"י""ח",90,ל גרם,false,1,11,12.22,true,1,
7290112499943,false,מיני מאגדת מיני מגנום טעמים שונים וניל+שוקו,"מיוצר ע""\י גלידת שטראוס",,,"י""ח",280,ל גרם,false,1,27.90,9.96,false,1,
7290112706362,false,מארז שלישיית ביצי שוקולד מפרץ ההרפתקאות,שמחה זה אנחנו בע`מ,,,"י""ח",1,,false,1,15,15,false,1,
7290112706508,false,נייר אכיל עיגול 16 סמ סמי הכבאי 1 יח,שמחה זה אנחנו,,,"י""ח",1,,false,1,19.90,19.90,false,1,
7290112707246,false,שלישיית ביצי שוקולד(חלב נוכרי)-כוח פי גיי,שמחה זה אנחנו,,,"י""ח",1,,false,1,15,15,false,1,
7290112963321,false,גריסיני בייגלה שטוח ללא גלוטן אסם 300גרם,קבוצת אוסם סחר שותפות מוגבלת,,,"י""ח",300,ל גרם,false,1,14.10,4.70,false,1,
7290112963918,false,פיטנס חטיפי קרקר דק רוזמרין 140 גרם,קבוצת אוסם סחר שותפות מוגבלת,,,"י""ח",140,ל גרם,false,1,13.90,9.93,true,1,
7290112964052,false,פסטה וזוביוטו 500 גר`פרפקטו אסם,קבוצת אוסם סחר שותפות מוגבלת,,,"י""ח",500,ל גרם,false,1,12.50,2.50,false,1,
7290112964472,false,אסם רוטב שום חדש לסלט 290 גרם,קבוצת אוסם סחר שותפות מוגבלת,,,"י""ח",290,"ל מ""ל",false,1,12.90,4.45,true,1,
7290112964724,false,המבורגר צמחוני עם המון חלבון 580 גר,קבוצת אוסם סחר שותפות מוגבלת,,,"י""ח",580,ל גרם,false,1,39.90,6.88,true,1,
7290112965264,false,אבקת מרק נמס אפונה אסם בדצ 52 גרם מארז זוגי,קבוצת אוסם סחר שותפות מוגבלת,,,"י""ח",30,ל גרם,false,1,6.40,21.33,false,1,
7290112965288,false,מרק נמס ירקות אסם בדצ 56 גרם מארז זוגי,קבוצת אוסם סחר שותפות מוגבלת,,,"י""ח",30,ל גרם,false,1,6.40,21.33,false,1,
7290112965301,false,זוג מרק נמס בטעם עוף עם שקדי מרק רגע חם,קבוצת אוסם סחר שותפות מוגבלת,,,"י""ח",52,ל גרם,false,1,6.40,12.31,false,1,
7290112965967,false,נאגטס ירקות כתומים ( 500 גר`) טבעול,קבוצת אוסם סחר שותפות מוגבלת,,,"י""ח",500,ל גרם,false,1,39.90,7.98,true,1,
7290112966766,false,טחינה בלאדי חציל עגבניות ושום צבר 350 גרם,קבוצת אוסם סחר שותפות מוגבלת,,,"י""ח",350,ל גרם,false,1,16.90,4.83,true,1,
7290112967114,false,פיטנס חטיפי פריכיות קטניות ופלפל 60 גרם,קבוצת אוסם סחר שותפות מוגבלת,,,"י""ח",60,ל גרם,false,1,11.20,18.67,true,1,
7290112967381,false,פיטנס חטיפי פריכיות קטניות ומלח ים 60 גרם,קבוצת אוסם סחר שותפות מוגבלת,,,"י""ח",60,ל גרם,false,1,11.20,18.67,true,1,
7290112967572,false,"אסם רוטב ברביקיו 290 מ""ל אסם",קבוצת אוסם סחר שותפות מוגבלת,,,"י""ח",290,"ל מ""ל",false,1,12.90,4.45,true,1,
7290112967749,false,פרפקטו פסטה נוציאולה 500 גר`אסם,קבוצת אוסם סחר-שות.מוגבלת,,,"י""ח",500,ל גרם,false,1,8.70,1.74,false,1,
7290112968203,false,צבר סלט טחינה בלאדי 6*250גרם,קבוצת אוסם סחר שותפות מוגבלת,,,"י""ח",250,ל גרם,false,1,12.60,5.04,false,1,
7290112968340,false,צבר חומוס גרוס גס גס 400 גרם,קבוצת אוסם סחר שותפות מוגבלת,,,"י""ח",400,ל גרם,false,1,15.80,3.95,true,1,
7290112968524,false,צבר סלט חומוס גרגירים רכים 6*250גרם,קבוצת אוסם סחר שותפות מוגבלת,,,"י""ח",250,ל גרם,false,1,12.10,4.84,false,1,
7290112968708,false,"טבעול שניצל תירס עדה חרדית 1.3 ק""ג",קבוצת אוסם סחר שותפות מוגבלת,,,"י""ח",1.30,"ק""ג",false,1,50.30,38.69,true,1,
7290112968807,false,80018416694פיטנס חטיפי קרקר דק סלק 150גר,קבוצת אוסם סחר שותפות מוגבלת,,,"י""ח",150,ל גרם,false,1,13.90,9.27,true,1,
7290112968821,false,חטיפי קרקר דק בטטה 140 גר` פיטנס,קבוצת אוסם סחר שותפות מוגבלת,,,"י""ח",150,ל גרם,false,1,13.90,9.27,true,1,
7290112969286,false,בישולים רוטב חרדל ודבש ( 330 גר`) אסם,קבוצת אוסם סחר שותפות מוגבלת,,,"י""ח",330,ל גרם,false,1,17.30,5.24,true,1,
7290113050273,false,תבנית אינגליש קצרה R15,פאלאס תעשיות נטו (2014) בעמ,,,"י""ח",1,,false,1,0.70,0.70,false,1,
7290113192164,false,אגוזי קשיו קלופים 150 גרם ששון הקולה,דין שיווק וקליה 2021 בעמ,,,"י""ח",150,ל גרם,false,1,15.90,10.60,false,1,
7290113192300,false,זיתים חרוזית מושחרים בית השיטה 275 גרם,קבוצת אוסם סחר שותפות מוגבלת,,,"י""ח",275,ל גרם,false,1,11.30,4.11,true,1,
7290113192324,false,זיתים ירוקים שלמים בינוניים בית השיטה,קבוצת אוסם סחר-שות.מוגבלת,,,"י""ח",340,ל גרם,false,1,10.90,3.21,false,1,
7290113192331,false,בית השיטה זיתים ירוקים גדולים 340 גרם*,קבוצת אוסם סחר שותפות מוגבלת,,,"י""ח",340,ל גרם,false,1,11.30,3.32,false,1,
7290113192348,false,בית השיטה זיתים ירוקים גדול מאודבטעם שום,קבוצת אוסם סחר-שות.מוגבלת,,,"י""ח",340,ל גרם,false,1,11.20,3.29,true,1,
7290113192355,false,חרוזית זיתים ירוקים ללא גלעין 275 ג' בית השיטה,קבוצת אוסם סחר שותפות מוגבלת,,,"י""ח",275,ל גרם,false,1,11.10,4.04,true,1,
7290113192362,false,בית השיטה טבעות זיתים ירק.א2 12*280ג חדש,קבוצת אוסם סחר שותפות מוגבלת,,,"י""ח",280,ל גרם,false,1,11.20,4,false,1,
7290113192386,false,בית השיטה זיתים ירוקים סורי מבוקע 340גרם,קבוצת אוסם סחר שותפות מוגבלת,,,"י""ח",340,ל גרם,false,1,12.50,3.68,false,1,
7290113192478,false,בית השיטה מלפפונים במלח בינוני 10-12 320 גרם,קבוצת אוסם סחר שותפות מוגבלת,,,"י""ח",320,ל גרם,false,1,9.40,2.94,false,1,
7290113192485,false,בית השיטה מלפפונים בחומץ בינוני 10-12 290 גרם,קבוצת אוסם סחר שותפות מוגבלת,,,"י""ח",290,ל גרם,false,1,9.30,3.21,false,1,
7290113192492,false,בית השיטה מלפפונים בחומץ קטנים 1317 290 גרם,קבוצת אוסם סחר שותפות מוגבלת,,,"י""ח",290,ל גרם,false,1,10.90,3.76,false,1,
7290113192508,false,ב.השיטה מלפפון במלח ר.טבע א2 17-13 320 גרם,קבוצת אוסם סחר שותפות מוגבלת,,,"י""ח",320,ל גרם,false,1,10.90,3.41,false,1,
7290113192515,false,בית השיטה מלפפונים במלח קטן מאוד 1825 320 גרם,קבוצת אוסם סחר שותפות מוגבלת,,,"י""ח",320,ל גרם,false,1,13.30,4.16,false,1,
7290113192522,false,בית השיטה מלפפונים בחומץ קטן מאוד 1825 290 גרם,קבוצת אוסם סחר שותפות מוגבלת,,,"י""ח",290,ל גרם,false,1,13.30,4.59,false,1,
7290113192539,false,בית השיטה מלפפונים במלח גדול 79 320 גרם,קבוצת אוסם סחר שותפות מוגבלת,,,"י""ח",320,ל גרם,false,1,7.90,2.47,false,1,
7290113192546,false,"מלפפונים בחומץ רכיבים טבעיים 7-9 ""בית השיטה""",קבוצת אוסם סחר שותפות מוגבלת,,,"י""ח",290,ל גרם,false,1,7.90,2.72,false,1,
7290113192553,false,מלפפונים במלח 13-17 פיקנטי בית השיטה 320 גרם,קבוצת אוסם סחר-שות.מוגבלת,,,"י""ח",320,ל גרם,false,1,10.90,3.41,false,1,
7290113192577,false,בית השיטה כרוב כבוש א2 12*430גרם חדש,קבוצת אוסם סחר שותפות מוגבלת,,,"י""ח",430,ל גרם,false,1,7.90,1.84,false,1,
7290113192881,false,"טורטיה חיטה מופחת קלוריות, קוטר 20 ס""מ - 6 יח'",דין שיווק וקליה 2021 בעמ,,,"י""ח",420,ל גרם,false,1,8.90,2.12,false,1,
7290113192997,false,בית השיטה זית מרוקאי 340 גרם*,קבוצת אוסם סחר שותפות מוגבלת,,,"י""ח",720,ל גרם,false,1,12.90,1.79,false,1,
7290113193000,false,בית השיטה פלפל שיפקונית 230 גרם*,קבוצת אוסם סחר שותפות מוגבלת,,,"י""ח",230,ל גרם,false,1,10.90,4.74,false,1,
7290113193017,false,בית השיטה חרוזית קוקטייל זיתים 275 גרם,קבוצת אוסם סחר שותפות מוגבלת,,,"י""ח",275,ל גרם,false,1,12.90,4.69,false,1,
7290113193406,false,"קוקטייל טבעות זיתים - זיתים ירוקים, שחורים מרינד",קבוצת אוסם סחר שותפות מוגבלת,,,"י""ח",275,ל גרם,false,1,12.90,4.69,false,1,
7290113193888,false,בית השיטה חצילים מוחמצים 320 גרם,קבוצת אוסם סחר שותפות מוגבלת,,,"י""ח",320,ל גרם,false,1,10.20,3.19,true,1,
7290113195066,false,חלבה טורקית בטעם וניל שקדיה 400 גרם,דין שיווק וקליה 2021 בעמ,,,"י""ח",400,ל גרם,false,1,13.90,3.48,false,1,
7290113195073,false,חלבה טורקית עם פיסטוקים 400 גר` שקדיה,דין שיווק וקליה 2021 בעמ,,,"י""ח",400,ל גרם,false,1,16.90,4.23,false,1,
7290113195080,false,חלבה טורקית בטעם שוקו וניל 400 גר` שקדיה,דין שיווק וקליה 2021 בעמ,,,"י""ח",400,ל גרם,false,1,13.90,3.48,false,1,
7290113195356,false,שמן קנולה מזוכך זית השיטה 1 ליטר,קבוצת אוסם סחר-שות.מוגבלת,,,"י""ח",1,ליטר,false,1,13.90,13.90,false,1,
7290113195363,false,שמן חמניות מזוכך זית השיטה 1 ליטר,קבוצת אוסם סחר-שות.מוגבלת,,,"י""ח",1,ליטר,false,1,13.90,13.90,false,1,
7290113195967,false,קוואקר שיבולת שועל פחית שקדיה 500 גרם,דין שיווק וקליה 2021 בעמ,,,"י""ח",500,ל גרם,false,1,9.90,1.98,false,1,
7290113196339,false,מלפפונים קורנישונים שלמים כבושים 680מל,דין שיווק וקליה 2021 בעמ,,,"י""ח",680,"ל מ""ל",false,1,9.90,1.46,false,1,
7290113196353,false,אטריות אורז דקות 400 גרם,דין שיווק וקליה 2021 בעמ,,,"י""ח",400,ל גרם,false,1,9.90,2.48,false,1,
7290113196414,false,"אורז בסמטי 1 ק""ג - שקדיה כחול מטאלי",דין שיווק וקליה 2021 בעמ,,,"י""ח",1,"ק""ג",false,1,9.80,9.80,false,1,
7290113196490,false,פריכיות כוסמת בתוספת זרעי ציה שקדיה 150 גרם,דין שיווק וקליה 2021 בעמ,,,"י""ח",150,ל גרם,false,1,9.90,6.60,false,1,
7290113197169,false,שקדיה חמאת בוטנים עם שברי בוטנים 510 גר,דין שיווק וקליה 2021 בעמ,,,"י""ח",510,ל גרם,false,1,15.90,3.12,false,1,
7290113197824,false,בית השיטה לבבות דקל 220 דקל,קבוצת אוסם סחר-שות.מוגבלת,,,"י""ח",220,ל גרם,false,1,12.90,5.86,true,1,
7290113198432,false,תערובת פיצוחים מובחרת 250גר מחנה יהודה,דין שיווק וקליה 2021 בעמ****,,,"י""ח",250,ל גרם,false,1,24.90,9.96,true,1,
7290113198449,false,שקד טבעי 300גר מחנה יהודה,דין שיווק וקליה 2021 בעמ****,,,"י""ח",300,ל גרם,false,1,24.90,8.30,true,1,
7290113198456,false,חמוציות 250גר מחנה יהודה,דין שיווק וקליה 2021 בעמ****,,,"י""ח",250,ל גרם,false,1,9.90,3.96,true,1,
7290113198463,false,פקאו סיני 160גר מחנה יהודה,דין שיווק וקליה 2021 בעמ****,,,"י""ח",160,ל גרם,false,1,19.90,12.44,true,1,
7290113198470,false,אגוז מלך 200גר מחנה יהודה,דין שיווק וקליה 2021 בעמ****,,,"י""ח",200,ל גרם,false,1,14.90,7.45,true,1,
7290113198494,false,פיסטוק קלוי גדול 200גר מחנה יהודה,דין שיווק וקליה 2021 בעמ****,,,"י""ח",200,ל גרם,false,1,24.90,12.45,true,1,
7290113198500,false,תמר מג`הול 800גר מחנה יהודה,דין שיווק וקליה 2021 בעמ****,,,"י""ח",800,ל גרם,false,1,39.90,4.99,true,1,
7290113198579,false,סוכריות גומי דובונים בטעמי פירות 200 ג' שקדיה,דין שיווק וקליה 2021 בעמ,,,"י""ח",200,ל גרם,false,1,9.90,4.95,false,1,
7290113198609,false,סוכריות גומי נחשים בטעמי פירות 200 ג' שקדיה,דין שיווק וקליה 2021 בעמ,,,"י""ח",200,ל גרם,false,1,9.90,4.95,false,1,
7290113198722,false,סוכריות גומי פירות 300ג מחנה יהודה,דין שיווק וקליה 2021 בעמ****,,,"י""ח",288,ל גרם,false,1,14.90,5.17,true,1,
7290113198739,false,סוכריות גומי בננה 300ג מחנה יהודה,דין שיווק וקליה 2021 בעמ****,,,"י""ח",288,ל גרם,false,1,14.90,5.17,true,1,
7290113198753,false,סוכריות גומי תות שדה 300ג מחנה יהודה,דין שיווק וקליה 2021 בעמ****,,,"י""ח",288,ל גרם,false,1,14.90,5.17,true,1,
7290113199880,false,טורטיה בתוספת קמח כוסמין ושיבול שועל שקדיה 360 גרם,דין שיווק וקליה 2021 בעמ,,,"י""ח",360,ל גרם,false,1,9.90,2.75,false,1,
7290113285101,false,"כפפות לטקס ללא אבקה M ""פרפקט"" כשל""פ*",ח.כהן סוכנות מזון ומשקאות בע,,,"י""ח",80,"י""ח",false,1,22.90,0.29,true,1,
7290113300125,false,בונזו מקלות בקר 50 ג,דיפלומט מפיצים (1968) בעמ**,,,"י""ח",50,ל גרם,false,1,8.90,17.80,false,1,
7290113300194,false,פאוץ מתחוני לה קט עם עוף ברוטב 85ג,דיפלומט מפיצים (1968) בעמ**,,,"י""ח",85,ל גרם,false,1,4.90,5.76,false,1,
7290113300224,false,פאוץ מתחוני לה קט עם סלמון ברוטב 85ג,דיפלומט מפיצים (1968) בעמ**,,,"י""ח",85,ל גרם,false,1,4.90,5.76,false,1,
7290113300231,false,פאוץ מתחוני לה קט עם בקר בגלי 85ג,דיפלומט מפיצים (1968) בעמ**,,,"י""ח",85,ל גרם,false,1,4.90,5.76,false,1,
7290113560055,false,פרודונטקס מי פה טיפול יומי לחניכיים 500,"מאסטרפוד אוסטריה בע""מ",,,"י""ח",500,ל גרם,false,1,31.90,6.38,true,1,
7290113560109,false,פרודונטקס מ.שיניים בטעם צמחי 75 מל,פרודונטקס Parodontax,,,"י""ח",1,,false,1,30.90,30.90,true,1,
7290113560260,false,זוג מברשות סנסודיין שיקום,גורי ע.ע.ע. בעמ,,,"י""ח",75,"ל מ""ל",false,1,29.90,39.87,true,1,
7290113560277,false,זוג מברשות שיניים רפיד רליף סנסודיין,גלקסוס סמית קליין,,,"י""ח",75,"ל מ""ל",false,1,29.90,39.87,true,1,
7290113860049,false,פירות קפואים פסיפלורה מחנה יהודה 350 גר,אביב שלמה השקעות בעמ,,,"י""ח",1,,false,1,12.90,12.90,true,1,
7290113860247,false,עוגות אישיות שכבות עשריה פנטולה,ש.שסטוביץ בעמ,,,"י""ח",400,ל גרם,false,1,13.90,3.48,true,1,
7290113860476,false,מארז אוברול קימונו שרוול קצר 3-6 תכלת,"קבוצת יבנה מוצרי מזון בע""מ",,,"י""ח",600,ל גרם,false,1,6.90,1.15,true,1,
7290113860483,false,מארז אוברול קימונו שרוול קצר 6-12 ורוד,"קבוצת יבנה מוצרי מזון בע""מ",,,"י""ח",600,ל גרם,false,1,10.90,1.82,true,1,
7290113860667,false,לייף בייביז תחליב גוף להזנת העור 400 מל,טחנות ישראליות בעמ,,,"י""ח",1,"ק""ג",false,1,7.90,7.90,true,1,
7290113860674,false,לייף בייביז שמפו להרגעת העור 1 ליטר,טחנות ישראליות בעמ,,,"י""ח",1,"ק""ג",false,1,8.90,8.90,true,1,
7290113860681,false,לייף בייביז אלסבון להרגעת העור 1 ליטר,טחנות ישראליות בעמ,,,"י""ח",1,"ק""ג",false,1,8.90,8.90,true,1,
7290113860698,false,לייף בייביז שמפו וסבון יחדיו להרגעת העור,טחנות ישראליות בעמ,,,"י""ח",1,"ק""ג",false,1,15.90,15.90,true,1,
7290114310215,false,"שמנת מתוקה 38% רמת הגולן 250 מ""ל ווסטהיים - מוצר בפיקוח",החברה המרכזית טלהפצת משקאות בע,,,"י""ח",250,"ל מ""ל",false,1,6.47,2.59,false,1,
7290114310222,false,חלב מועשר בסידן וויטמין Dי 3% 1.5 ל' טרה,*החברה המרכזית להפצת משקאותבעמ,,,"י""ח",1.50,ליטר,false,1,12.50,8.33,false,1,
7290114310345,false,מעדן יוגורט בטעם תות 1.5% 125 גרם טרה,*החברה המרכזית להפצת משקאותבעמ,,,"י""ח",250,ל גרם,false,1,2.90,1.16,true,1,
7290114310536,false,יוגורט לייט מעושר חלבון 25 גרם חלבון וניל MULLER ACTIVE,*החברה המרכזית להפצת משקאותבעמ,,,"י""ח",200,"ל מ""ל",false,1,6,3,true,1,
7290114310567,false,לאבנה עיזים 5% 200 גר` צוריאל,החברה המרכזית טלהפצת משקאות בע,,,"י""ח",200,ל גרם,false,1,14.90,7.45,true,1,
7290114310574,false,גבינת קרם שמנת עיזים 5% 200 גרם צוריאל,*החברה המרכזית להפצת משקאותבעמ,,,"י""ח",200,ל גרם,false,1,13.90,6.95,true,1,
7290114310611,false,"משקה חלב בננה בבקבוק פקק ספורט טרה 250 מ""ל",החברה המרכזית טלהפצת משקאות בע,,,"י""ח",250,"ל מ""ל",false,1,5.70,2.28,true,1,
7290114310628,false,משקה חלב וניל ועוגיות בקבוק 1 ליטר,החברה המרכזית טלהפצת משקאות בע,,,"י""ח",1,ליטר,false,1,12.10,12.10,false,1,
7290114310673,false,לאבנה מחלב בקר 9% שומן 250 גרם,החברה המרכזית טלהפצת משקאות בע,,,"י""ח",250,ל גרם,false,1,12.90,5.16,false,1,
7290114310888,false,מולר סימפלי פרוט תות 1.5% 150 גרם,*החברה המרכזית להפצת משקאותבעמ,,,"י""ח",150,ל גרם,false,1,5.30,3.53,true,1,
7290114310895,false,"סימפלי פרוט יוגורט עם מנגו תות, שמיניה 8 * 150 גרם",*החברה המרכזית להפצת משקאותבעמ,,,"י""ח",150,"ל מ""ל",false,1,30.90,20.60,false,1,
7290114310901,false,גבינה לבנה 5% טרה 250 גרם ווסטהים,*החברה המרכזית להפצת משקאותבעמ,,,"י""ח",250,ל גרם,false,1,4.98,1.99,false,1,
7290114311014,false,"משקה חלב אייס קפוצ'ינו פקק ספורט טרה 250 מ""ל",החברה המרכזית טלהפצת משקאות בע,,,"י""ח",250,"ל מ""ל",false,1,5.70,2.28,true,1,
7290114311021,false,"משקה חלב וניל עוגיות פקק ספורט טרה 250 מ""ל",*החברה המרכזית להפצת משקאותבעמ,,,"י""ח",250,"ל מ""ל",false,1,5.70,2.28,true,1,
7290114311069,false,יוגורט לבן מועשר בחלבון 0% שומן 200 גרם muller active,החברה המרכזית טלהפצת משקאות בע,,,"י""ח",200,"ל מ""ל",false,1,6,3,true,1,
7290114311076,false,"חמאת מולר צהובה עם שום, 200 גרם",*החברה המרכזית להפצת משקאותבעמ,,,"י""ח",200,ל גרם,false,1,11.90,5.95,false,1,
7290114311298,false,יוגורט מולר פרופ בטעם תות בננה מלון 150,החברה המרכזית טלהפצת משקאות בע,,,"י""ח",150,"ל מ""ל",false,1,5.30,3.53,true,1,
7290114311328,false,חלב מועשר דל לקטוז מעושר בויטמין Dי 2% שומן טרה 1 ליטר,*החברה המרכזית להפצת משקאותבעמ,,,"י""ח",1,ליטר,false,1,7.90,7.90,false,1,
7290114311434,false,מולר אקטיב יוגורט חלבון קרמל מלוח 200 גרם,החברה המרכזית טלהפצת משקאות בע,,,"י""ח",200,"ל מ""ל",false,1,6,3,true,1,
7290114311441,false,מולר אקטיב יוגורט חלבון עוגיות חמאה 200 גרם,החברה המרכזית טלהפצת משקאות בע,,,"י""ח",200,"ל מ""ל",false,1,6,3,true,1,
7290114311458,false,חלב קרטון 3% מועשר ויטמין די 1 ליטר,*החברה המרכזית להפצת משקאותבעמ,,,"י""ח",1,ליטר,false,1,7.70,7.70,false,1,
7290114600927,false,מאסטר שף עלי טורטייה חיטה מלאה 320 גרם,אלקאטי קורביישיסי גי,,,"י""ח",320,ל גרם,false,1,10.90,3.41,false,1,
7290114600996,false,מאסטר שף רוטב שום 256 גרם,ש. שסטוביץ בע`מ,,,"י""ח",250,ל גרם,false,1,10.90,4.36,false,1,
7290114603508,false,"רוטב להקפצה מאסטר שף 300 מ""ל",ש. שסטוביץ בע`מ,,,"י""ח",300,ל גרם,false,1,9.90,3.30,false,1,
7290114603539,false,קרוטונים למרק שום בצל מאסטר שף 350 גרם,"עינת תעשיות מזון, אגשח ב",,,"י""ח",350,ל גרם,false,1,19.90,5.69,false,1,
7290114603607,false,PLAY חטיף פוף בטעם חמוץ חריף 40 גרם,ש. שסטוביץ בע`מ,,,"י""ח",40,ל גרם,false,1,4.40,11,true,1,
7290114604857,false,"דפי אורז מאסטר שף קוטר 22 ס""מ 400 גרם",ש. שסטוביץ בע`מ,,,"י""ח",400,ל גרם,false,1,14.90,3.73,true,1,
7290114604895,false,מאסטר שף מיונז ספייסי לחיץ 446 גרם,ש. שסטוביץ בע`מ,,,"י""ח",446,ל גרם,false,1,13.90,3.12,false,1,
7290114604901,false,ממרח שום לחיץ מאסטר שף 444 גרם,ש. שסטוביץ בע`מ,,,"י""ח",446,ל גרם,false,1,13.90,3.12,false,1,
7290114604932,false,מאסטר שף רוטב ברביקיו דבש 520 גרם,רמיה סי.וי. הולנד,,,"י""ח",520,ל גרם,false,1,13.90,2.67,false,1,
7290114604949,false,מאסטר שף רוטב ברביקיו 524 גרם,רמיה סי.וי. הולנד,,,"י""ח",524,ל גרם,false,1,13.90,2.65,false,1,
7290114605533,false,משטח חיתוך חד פעמי 30 יח' קוקי,ש.שסטוביץ בעמ,,,"י""ח",1,,false,1,19.90,19.90,true,1,
7290114606530,false,רוטב בטעם מיונז וקטשופ 515 גרם מאסטר שף,ש. שסטוביץ בע`מ,,,"י""ח",515,ל גרם,false,1,13.90,2.70,false,1,
7290114606547,false,מיונז פטריות כמהין לחיץ מאסטר שף 242 גרם,ש. שסטוביץ בע`מ,,,"י""ח",242,ל גרם,false,1,13.90,5.74,false,1,
7290114606554,false,מיונז מופחת קלוריות בקבוק לחיץ,ש. שסטוביץ בע`מ,,,"י""ח",470,ל גרם,false,1,13.90,2.96,false,1,
7290114606578,false,מאסטר שף שקדי מרק 400 גרם,ש. שסטוביץ בע`מ,,,"י""ח",400,ל גרם,false,1,9.90,2.48,true,1,
7290114606592,false,רוטב סויה מסורתית 46% פולי סויה מאסטר שף 620 ג',קריניציה ויטמינה אס,,,"י""ח",620,"ל מ""ל",false,1,17.90,2.89,false,1,
7290114608633,false,"דפי אצה מאסטר שף, 25 גרם",ש. שסטוביץ בע`מ,,,"י""ח",25,ל גרם,false,1,11.90,47.60,true,1,
7290114659949,false,מסכה כירורגית חד פעמית מארז 50 יח',שמחה זה אנחנו בעמ,,,"י""ח",50,"י""ח",false,1,9.90,0.20,false,1,
7290114721608,false,מברשת שיניים חשמלית פוג'יקום חד קרן,פוגיקום בעמ,,,"י""ח",1,,false,1,39.90,39.90,true,1,
7290114750813,false,דאו גילט קליר גל Cool Wave מארז זוג לגברלגבר,דיפלומט מפיצים (1968) בעמ,,,"י""ח",100,ל גרם,false,1,32.90,32.90,true,1,
7290115071481,false,6 מטבעות שוקולד באריזת רשת 31 גר LOL,שמחה זה אנחנו בעמ,,,"י""ח",31,ל גרם,false,1,4.90,15.81,false,1,
7290115071504,false,6 מטבעות שוקולד באריזת רשת 31 גר סמי הכב,שמחה זה אנחנו בעמ,,,"י""ח",31,ל גרם,false,1,4.90,15.81,false,1,
7290115073713,false,שלישיית ביצי שוקולד(חלב נוכרי)-טום וג'רי,שמחה זה אנחנו בעמ,,,"י""ח",1,,false,1,14.90,14.90,false,1,
7290115074826,false,"בקבוק פלסטיק 500 מ""ל עם צמידים טום",שמחה זה אנחנו,,,"י""ח",1,,false,1,13.90,13.90,false,1,
7290115075205,false,מטבעות שוקולד ברשת לוני טונס 31 גר,סטילנד שוקולד,,,"י""ח",31,ל גרם,false,1,4.90,15.81,false,1,
7290115190014,false,סיגריות מרלבורו רד קצר בוקס,פיליפ מוריס בעמ,,,"י""ח",1,,false,1,34.90,34.90,false,1,
7290115190038,false,סיגריות מרלבורו רד קצר סופט,פיליפ מוריס בעמ,,,"י""ח",1,,false,1,33.90,33.90,false,1,
7290115190076,false,סיגריות מרלבורו גולד ארוך 100 בוקס,פיליפ מוריס בעמ,,,"י""ח",1,,false,1,34.90,34.90,false,1,
7290115190090,false,סיגריות מרלבורו קצר בוקס בודד,פיליפ מוריס בעמ,,,"י""ח",1,,false,1,34.90,34.90,false,1,
7290115190137,false,סיגריות מרלבורו טאצ סילבר יחידה,פיליפ מוריס בעמ,,,"י""ח",1,,false,1,30.90,30.90,false,1,
7290115190151,false,סיגריות מרלבורו טאצ גולד,פיליפ מוריס בעמ,,,"י""ח",1,,false,1,30.90,30.90,false,1,
7290115190199,false,פרלמנט נייט ארוך חפיסה) (20,פיליפ מוריס בעמ,,,"י""ח",1,,false,1,39.50,39.50,false,1,
7290115190212,false,סיגריות פרלמנט בלו 100 BR בודד,פיליפ מוריס בעמ,,,"י""ח",1,,false,1,39.50,39.50,false,1,
7290115190250,false,סיגריות פרלמנט קצר בודד,פיליפ מוריס בעמ,,,"י""ח",1,,false,1,39.50,39.50,false,1,
7290115190274,false,סיגריות פרלמנט סילבר,פיליפ מוריס בעמ,,,"י""ח",1,,false,1,39.50,39.50,false,1,
7290115190335,false,ל.מ.בלו לייבל ארוך בוקס חפיסה,פיליפ מוריס בעמ,,,"י""ח",1,,false,1,30.50,30.50,false,1,
7290115190359,false,אל.אמ בלו לייבל קצר חפיסה) (20,פיליפ מוריס בעמ,,,"י""ח",1,,false,1,30.50,30.50,false,1,
7290115190373,false,סיגריות ל.מ. קפסולהP,פיליפ מוריס בעמ,,,"י""ח",1,,false,1,30.50,30.50,false,1,
7290115190434,false,סיגריות L.M וייב סלימס בודד,פיליפ מוריס בעמ,,,"י""ח",1,,false,1,30.50,30.50,false,1,
7290115190458,false,סיגריות נקסט פיין אדג' בודד,פיליפ מוריס בעמ,,,"י""ח",1,,false,1,26.50,26.50,true,1,
7290115190472,false,סיגריות נקסט אדג' בודד,פיליפ מוריס בעמ,,,"י""ח",1,,false,1,26.50,26.50,true,1,
7290115190496,false,סיגריות נקסט ארוך בודד,פיליפ מוריס בעמ,,,"י""ח",1,,false,1,29.90,29.90,false,1,
7290115190519,false,סיגריות נקסט פיין חפ,פיליפ מוריס בעמ,,,"י""ח",1,,false,1,29.90,29.90,false,1,
7290115190533,false,סיגריות נקסט ריסס 100 בודד,פיליפ מוריס בעמ,,,"י""ח",1,,false,1,26.90,26.90,true,1,
7290115190557,false,חפיסת סיגריות ריסס פילטר נקסט) (20,פיליפ מוריס בעמ,,,"י""ח",1,,false,1,26.90,26.90,true,1,
7290115190571,false,סיגריות נקסט לילך בודד,פיליפ מוריס בעמ,,,"י""ח",1,,false,1,29.90,29.90,false,1,
7290115190595,false,סיגריות נקסט אוריגינ,פיליפ מוריס בעמ,,,"י""ח",1,,false,1,29.90,29.90,false,1,
7290115190977,false,סיגריות מרלבורו טאץ אדום -בודד,פיליפ מוריס בעמ,,,"י""ח",1,,false,1,30.90,30.90,true,1,
7290115191073,false,נקסט ריץ' ריסס חפיסה,פיליפ מוריס בעמ,,,"י""ח",1,,false,1,26.90,26.90,true,1,
7290115200003,false,אסם פתי בר פינוקי וניל 16*220 ג',קבוצת אוסם סחר שותפות מוגבלת,,,"י""ח",220,ל גרם,false,1,10.90,4.95,true,1,
7290115200027,false,אסם פתי בר פינוקים שוקו 220 גרם,קבוצת אוסם סחר שותפות מוגבלת,,,"י""ח",220,ל גרם,false,1,10.90,4.95,true,1,
7290115201031,false,פתי בר פינוקי דובי שוקולד 175גר.,קבוצת אוסם סחר שותפות מוגבלת,,,"י""ח",175,ל גרם,false,1,10.90,6.23,true,1,
7290115201451,false,לביבות בטטה וקארי 455 גר` טבעול גורמה,קבוצת אוסם סחר שותפות מוגבלת,,,"י""ח",450,ל גרם,false,1,34.90,7.76,true,1,
7290115201536,false,"טבעול גורמה לביבות כרובית ותפו""א 442 גרם",קבוצת אוסם סחר שותפות מוגבלת,,,"י""ח",442,ל גרם,false,1,29.90,6.76,true,1,
7290115201727,false,ביסלי חטיף בטעם בצל אסם (200 גרם),קבוצת אוסם סחר-שות.מוגבלת,,,"י""ח",200,ל גרם,false,1,8.90,4.45,true,1,
7290115201741,false,ביסלי חטיף בטעם בצל אסם (70 גרם),קבוצת אוסם סחר שותפות מוגבלת,,,"י""ח",70,ל גרם,false,1,4.50,6.43,true,1,
7290115202236,false,טופו קראנצי`ם 470 גרם טבעול,קבוצת אוסם סחר שותפות מוגבלת,,,"י""ח",693,ל גרם,false,1,39.90,5.76,true,1,
7290115202434,false,צבר סלט חומוס עם זעתר 375 גרם,קבוצת אוסם סחר שותפות מוגבלת,,,"י""ח",375,ל גרם,false,1,14.70,3.92,true,1,
7290115202816,false,מנה חמה פאוץ נודלס אטריות טעם עוף 70 גרם,קבוצת אוסם סחר שותפות מוגבלת,,,"י""ח",70,ל גרם,false,1,4.90,7,false,1,
7290115202847,false,מנה חמה פאוצ' נדלס ספייסי אסם 70 ג',קבוצת אוסם סחר שותפות מוגבלת,,,"י""ח",70,ל גרם,false,1,4.90,7,false,1,
7290115203172,false,במבה PRO מכיל 18 גרם חלבון בשקית,קבוצת אוסם סחר שותפות מוגבלת,,,"י""ח",80,ל גרם,false,1,4.90,6.13,true,1,
7290115203486,false,פירורית בטעם ביסלי גריל אסם 200 גרם,קבוצת אוסם סחר שותפות מוגבלת,,,"י""ח",200,ל גרם,false,1,7.40,3.70,false,1,
7290115204056,false,"קטשופ מופחת סוכר אסם 690 גרם כשל""פ",קבוצת אוסם סחר שותפות מוגבלת,,,"י""ח",690,ל גרם,false,1,11.90,1.72,true,1,
7290115205176,false,729001032825פיטנס חטיפי קרקר כפרי 140גר.,קבוצת אוסם סחר שותפות מוגבלת,,,"י""ח",140,ל גרם,false,1,13.90,9.93,true,1,
7290115205312,false,קרקר פיטנס דק עם זיתי קלמטה ועשבי תיבול,קבוצת אוסם סחר שותפות מוגבלת,,,"י""ח",140,ל גרם,false,1,12.90,9.21,true,1,
7290115205978,false,פתיבר ואצבעות שוקולד 180 גרם - רבנות,קבוצת אוסם סחר שותפות מוגבלת,,,"י""ח",180,ל גרם,false,1,11.90,6.61,true,1,
7290115206531,false,אסם קרמוגית במילוי קרם בייגלה 12*200 גרם,קבוצת אוסם סחר שותפות מוגבלת,,,"י""ח",200,ל גרם,false,1,11.90,5.95,true,1,
7290115207163,false,פרפקטו ניוקי בזיליקום ושום אסם 500 גרם,קבוצת אוסם סחר-שות.מוגבלת,,,"י""ח",500,ל גרם,false,1,17.10,3.42,false,1,
7290115207309,false,אינסטנט פודינג בטעם טירמיסו אסם 70 גר`,קבוצת אוסם סחר-שות.מוגבלת,,,"י""ח",70,ל גרם,false,1,5.90,8.43,true,1,
7290115207347,false,"אינסטנט פודינג פירות יער אסם 80 גרם בד""ץ",קבוצת אוסם סחר-שות.מוגבלת,,,"י""ח",80,ל גרם,false,1,5.90,7.38,true,1,
7290115207903,false,ויטמנצ'יק תרכיז תפוח 2 ליטר,קבוצת אוסם סחר שותפות מוגבלת,,,"י""ח",1,ליטר,false,1,41.90,41.90,false,1,
7290115207941,false,ויטמינצ'יק אננס סירופ 1 ליטר,קבוצת אוסם סחר שותפות מוגבלת,,,"י""ח",1,ליטר,false,1,21.90,21.90,false,1,
7290115207965,false,ויטמינצ'יק תרכיז מנגו אפרסק 1 ליטר,קבוצת אוסם סחר שותפות מוגבלת,,,"י""ח",1,ליטר,false,1,21.90,21.90,false,1,
7290115207989,false,ויטמינצ'יק תרכיז לימון 1 ליטר,קבוצת אוסם סחר שותפות מוגבלת,,,"י""ח",1,ליטר,false,1,21.90,21.90,false,1,
7290115208009,false,ויטמינצ'יק ענבים סירופ 1 ליטר,קבוצת אוסם סחר שותפות מוגבלת,,,"י""ח",1,ליטר,false,1,21.90,21.90,false,1,
7290115208023,false,סירופ ויטמינציק ענבים 2 ליטר,קבוצת אוסם סחר שותפות מוגבלת,,,"י""ח",1,ליטר,false,1,41.90,41.90,false,1,
7290115208047,false,סירופ פטל ויטמינצ`יק (1 ליטר),קבוצת אוסם סחר שותפות מוגבלת,,,"י""ח",1,ליטר,false,1,21.90,21.90,false,1,
7290115208061,false,ויטמינצ'יק תפוח סירופ 1 ליטר,קבוצת אוסם סחר שותפות מוגבלת,,,"י""ח",1,ליטר,false,1,21.90,21.90,false,1,
7290115208320,false,אפרופו חטיף בטעם ביסלי בצל 50 גרם,קבוצת אוסם סחר שותפות מוגבלת,,,"י""ח",50,ל גרם,false,1,3.90,7.80,true,1,
7290115208597,false,אסם קרמוגית מיניס קרמל מלוח 200 גרם,קבוצת אוסם סחר שותפות מוגבלת,,,"י""ח",200,ל גרם,false,1,11.90,5.95,true,1,
7290115209198,false,במבה אוורירית אסם 80 גרם,קבוצת אוסם סחר שותפות מוגבלת,,,"י""ח",80,ל גרם,false,1,3.90,4.88,true,1,
7290115209235,false,ביסקוויט פתי בר קפה אסם (500 גרם),קבוצת אוסם סחר שותפות מוגבלת,,,"י""ח",500,ל גרם,false,1,13.90,2.78,true,1,
7290115209358,false,במבה במילוי בראוניז אסם (60 גרם),קבוצת אוסם סחר שותפות מוגבלת,,,"י""ח",600,ל גרם,false,1,4.90,0.82,true,1,
7290115403299,false,עוגיות פרפריות 450ג דל,שיבולים יצור ושיווק מוצרי מאפה,,,"י""ח",450,ל גרם,false,1,15.90,3.53,false,1,
7290115403312,false,עוגיות מלוחות קריספי עגול 450ג דל,שיבולים יצור ושיווק מוצרי מאפה,,,"י""ח",450,ל גרם,false,1,15.90,3.53,false,1,
7290115403350,false,עוגיות רשת שוקו מסוכרות 450ג דל,שיבולים יצור ושיווק מוצרי מאפה,,,"י""ח",450,ל גרם,false,1,15.90,3.53,false,1,
7290115403435,false,עוגיות מעמול תמר 500 גרם,שיבולים יצור ושיווק מוצרי מאפה,,,"י""ח",500,ל גרם,false,1,15.90,3.18,false,1,
7290115403442,false,עוגיות ממולאות טעם שוקולד 500ג דל,שיבולים יצור ושיווק מוצרי מאפה,,,"י""ח",500,ל גרם,false,1,15.90,3.18,false,1,
7290115403459,false,עוגיות נסיכה בטעם תות 500 גר`,שיבולים יצור ושיווק מוצרי מאפה,,,"י""ח",500,ל גרם,false,1,15.90,3.18,false,1,
7290115405774,false,פחזניות ממולאות בטעם וניל קפולסקי 180 גרם,תופינים מקבוצת קפולס,,,"י""ח",180,ל גרם,false,1,14.90,8.28,false,1,
7290115405798,false,פחזניות ממולאות בטעם ריבת חלב קפולסקי 180 גרם,קפולסקי אדל בעמ,,,"י""ח",180,ל גרם,false,1,13.90,7.72,false,1,
7290115405804,false,פחזניות ממולאות בטעם תות קפולסקי 180 גרם,קפולסקי אדל בעמ,,,"י""ח",180,ל גרם,false,1,13.90,7.72,false,1,
7290115405828,false,קינוח אישי גבינה אוכמניות קפולסקי 200 גרם,תופינים מקבוצת קפולסקי,,,"י""ח",200,ל גרם,false,1,16.90,8.45,false,1,
7290115480009,false,"מרכך כביסה מרוכז פרש קונטרול ירוק 900 מ""ל סוד",גורי שיווק בעמ,,,"י""ח",90,"ל מ""ל",false,1,12.90,14.33,true,1,
7290115642445,false,חנוכיה,צבע ומכחול (2014) בעמ,,,"י""ח",1,,false,1,129.90,129.90,false,1,
7290115670684,false,גרנולה שיבולת שועל עם אגוזי לוז,אנרג'י Energy - שטראוס,,,"י""ח",400,ל גרם,false,1,13.90,3.48,false,1,
7290115670691,false,גרנולה שיבולת שועל עם פירות יער,אמקו ספול אס. אר.או,,,"י""ח",400,ל גרם,false,1,13.90,3.48,false,1,
7290115671155,false,שלישיית סוכריות מאסט FRESH ענבים 45 גרם,"שטראוס גרופ בע""מ",,,"י""ח",45,ל גרם,false,1,9.50,21.11,false,1,
7290115671223,false,מסטיק מאסט פאן אבטיח מנגו צנצנת 58 גרם,שטראוס גרופ בע`מ,,,"י""ח",58,ל גרם,false,1,11.40,19.66,true,1,
7290115671339,false,מיני פינוקיות בראוניז בייגל בוטן עלית 180 ג' עלית,"הגביע מוצרי ופלים בע""\מ",,,"י""ח",200,ל גרם,false,1,10.90,5.45,true,1,
7290115671469,false,כוס חבק קפה טורקי על,"שטראוס גרופ בע""מ",,,"י""ח",200,"ל מ""ל",false,1,9.90,4.95,false,1,
7290115675559,false,מארז קפה טורקי לדרך 10 יחידות,שטראוס קפה בי.וי.,,,"י""ח",70,ל גרם,false,1,8.90,12.71,false,1,
7290115675702,false,דגני בוקר קראנצ'ים שיבולת שועל עם פירות מיובשים,שטראוס פריטו ליי בע`מ,,,"י""ח",375,ל גרם,false,1,19.90,5.31,false,1,
7290115675986,false,דנונה יוגורט בר עם אגוזים מקורמלים 173 גרם,שטראוס גרופ בעמ/מצונן,,,"י""ח",173,"ל מ""ל",false,1,4.80,2.77,false,1,
7290115676037,false,דנונה ריפרש יוגורט עם תות ודומדמניות 1.6% שומן,שטראוס גרופ בעמ/מצונן,,,"י""ח",250,"ל מ""ל",false,1,6.20,2.48,false,1,
7290115676051,false,"משקה אקטיביה שיבולת שועל במתיקות מעודנת 250 מ""ל",שטראוס גרופ בעמ/מצונן,,,"י""ח",265,"ל מ""ל",false,1,5.10,1.92,false,1,
7290115676082,false,משקה דנונה פרו 20 יוגורט תות 255 ג' רבנות,שטראוס גרופ בעמ/מצונן,,,"י""ח",265,"ל מ""ל",false,1,7.50,2.83,false,1,
7290115676099,false,משקה דנונה פרו 20 יוגורט וניל 255 ג' רבנות,שטראוס גרופ בעמ/מצונן,,,"י""ח",265,"ל מ""ל",false,1,7.50,2.83,false,1,
7290115676273,false,אבקת קקאו עלית 500 גרם+ 10% תוספת,שטראוס קפה בי.וי.,,,"י""ח",500,ל גרם,false,1,26.90,5.38,false,1,
7290115677966,false,ממרח אבוקדו טעם הטבע 200 גרם,שטראוס גרופ בעמ/מצונן,,,"י""ח",180,ל גרם,false,1,15.90,8.83,false,1,
7290115678376,false,מעדן הגולן שוקולד 125 גרם,שטראוס גרופ בעמ/מצונן,,,"י""ח",125,ל גרם,false,1,3.40,2.72,true,1,
7290115678383,false,מעדן הגולן שוקולד מריר בודד 125גר,שטראוס גרופ בעמ/מצונן,,,"י""ח",125,ל גרם,false,1,3.40,2.72,true,1,
7290115678598,false,חסה אייסברג חיתוך גס 300 שטראוס טעם הטבע,שטראוס בריאות ירקות טריי,,,"י""ח",300,ל גרם,false,1,11.90,3.97,false,1,
7290115678635,false,נשנושי גבינה -גבינת שמנת 16%+כעכים שטוחים עם מלח,שטראוס גרופ בעמ/מצונן,,,"י""ח",67,ל גרם,false,1,10.90,16.27,true,1,
7290115678642,false,נשנושי גבינה 16% עם חטיף אפוי עם זיתים 67 ג' שטראוס,שטראוס גרופ בעמ/מצונן,,,"י""ח",67,ל גרם,false,1,10.90,16.27,true,1,
7290115678970,false,מארז סוכריות FRESH בטעם בזוקה עלית 3*15 ג',"הליקון גידה בע""\מ",,,"י""ח",45,ל גרם,false,1,7.90,17.56,false,1,
7290116244037,false,חד קרן אצבעות שוקולד חלב 84 גרם,שמחה זה אנחנו בע`מ,,,"י""ח",84,ל גרם,false,1,7.90,9.40,false,1,
7290116244051,false,אצבעות שוקולד חלב 84 גר'- LOL,שמחה זה אנחנו בע`מ,,,"י""ח",84,ל גרם,false,1,7.90,9.40,false,1,
7290116244068,false,אצבעות שוקולד חלב 84 גר'-כוח פי גיי,שמחה זה אנחנו בע`מ,,,"י""ח",84,ל גרם,false,1,7.90,9.40,false,1,
7290116244075,false,סמי הכבאי אצבעות שוקולד חלב 84 גרם,שמחה זה אנחנו בע`מ,,,"י""ח",84,ל גרם,false,1,7.90,9.40,false,1,
7290116244082,false,מפרץ הרפתקאות אצבעות שוקולד חלב 84 גרם,שמחה זה אנחנו בע`מ,,,"י""ח",84,ל גרם,false,1,7.90,9.40,false,1,
7290116530000,false,"דאב - תרחיץ פנים מרענן בניחוח מלפפון ותה ירוק 180 מ""ל",יוניליוור ישראל שיווק בע`מ,,,"י""ח",180,"ל מ""ל",false,1,11.90,6.61,false,1,
7290116530062,false,רוטב ויניגרט לסלט הלמנס 295 גרם,יוניליוור ישראל שיווק בע`מ,,,"י""ח",295,ל גרם,false,1,11.90,4.03,false,1,
7290116530116,false,קליק שלישיית ברים שוקולד נוגט לבן 105 גרם,"יוניליוור ישראל שיווק בע""מ",,,"י""ח",106,ל גרם,false,1,13.90,13.11,true,1,
7290116530161,false,"תחליב רחצה בניחוח שייק אננס, מלון וחלב שיבולת שועל",יוניליוור ישראל שיווק בע`מ,,,"י""ח",750,"ל מ""ל",false,1,11.90,1.59,false,1,
7290116530482,false,תלמה מארז קורנפלקס אלופים 30 גרם*5 יחידו,יוניליוור ישראל שיווק בע`מ,,,"י""ח",150,ל גרם,false,1,10,6.67,false,1,
7290116530871,false,נשנושים מיקס בייגל בייגל 240 גרם,יוניליוור ישראל שיווק בע`מ,,,"י""ח",240,ל גרם,false,1,12.90,5.38,false,1,
7290116530888,false,ג'ל לכביסה לבנה וצבעונית פינוק כחול בדין 2.5 ל',יוניליוור ישראל שיווק בע`מ,,,"י""ח",2.50,ליטר,false,1,35.90,14.36,false,1,
7290116531021,false,"שוקולד חלב ורד הגליל 100 גרם כשל""פ",יוניליוור ישראל שיווק בע`מ,,,"י""ח",100,ל גרם,false,1,4.90,4.90,false,1,
7290116531076,false,מרק פטריות רכיבים טבעיים קטן 225 ג' קנור,יוניליוור ישראל שיווק בע`מ,,,"י""ח",225,ל גרם,false,1,16.90,7.51,false,1,
7290116531090,false,בייגל בייגל דג דג במליחות עדינה 250 גרם,"יוניליוור ישראל שיווק בע""מ",,,"י""ח",250,ל גרם,false,1,9.90,3.96,true,1,
7290116531656,false,מרכך פינוק לשיער בניחוח תפוח 700 גרם,"יוניליוור ישראל שיווק בע""מ",,,"י""ח",700,"ל מ""ל",false,1,12.90,1.84,true,1,
7290116531779,false,דפים ריחניים למייבש כביסה בדין כחול 40 יחידות,"יוניליוור ישראל שיווק בע""מ",,,"י""ח",40,"י""ח",false,1,15.90,0.40,false,1,
7290116531793,false,הלמנ'ס רוטב לסלט קיסר 295 גרם,"יוניליוור ישראל שיווק בע""מ",,,"י""ח",295,ל גרם,false,1,11.90,4.03,false,1,
7290116531885,false,"מיונז הלמנס טיבעוני בד""ץ 500 גר",יוניליוור ישראל שיווק בע`מ,,,"י""ח",500,ל גרם,false,1,14.90,2.98,false,1,
7290116531892,false,רוטב ברביקיו מעושן יום עצמאות קנור 350 גרם,יוניליוור ישראל שיווק בעמ,,,"י""ח",340,ל גרם,false,1,10.90,3.21,true,1,
7290116531977,false,אקס דאודורנט בודי ספריי סקייטבורד וורדים,יוניליוור ישראל שיווק בע`מ,,,"י""ח",150,"ל מ""ל",false,1,11.90,7.93,true,1,
7290116532271,false,סנדוויץ לייט גודיז שוקולד וניל 270 ג' שטראוס,"גלידת שטראוס בע""\מ, רחוב",,,"י""ח",297,ל גרם,false,1,29.90,10.07,false,1,
7290116532387,false,"אל סבון ידיים נוזלי חמאת שיאה 950 מ""ל פינוק",יוניליוור ישראל שיווק בע`מ,,,"י""ח",950,ל גרם,false,1,9.90,1.04,false,1,
7290116532882,false,נישנושים איירביס טעם בצל 155 גר`,יוניליוור ישראל שיווק בע`מ,,,"י""ח",150,ל גרם,false,1,11.90,7.93,false,1,
7290116533025,false,"מארז זוג שמפו פינוק קלאסי 1400 מ""ל",יוניליוור ישראל שיווק בעמ,,,"י""ח",140,"ל מ""ל",false,1,24.90,17.79,false,1,
7290116533100,false,"פינוק מרכך שיער בניחוח ורדים לבנים 700 מ""ל",יוניליוור ישראל שיווק בע`מ,,,"י""ח",700,"ל מ""ל",false,1,12.90,1.84,true,1,
7290116533230,false,דליאגוז 400ג אגוזי לוז שלמים,יוניליוור ישראל שיווק בע`מ,,,"י""ח",400,ל גרם,false,1,21.90,5.48,false,1,
7290116930282,false,ארוחה בקטנה לאבנה עם קרקרים 150ג' תנובה,"תנובה בע""מ ***",,,"י""ח",150,ל גרם,false,1,7.90,5.27,false,1,
7290116930435,false,יופלה גו במרקם סמיך עם דובדבן 0% 200מל,תנובה מרכז שיתופי לש,,,"י""ח",200,"ל מ""ל",false,1,5.90,2.95,true,1,
7290116930459,false,"יופלה שייק מנגו בננה אננס וקוקוס 230 מ""ל",קבוצת המזון אקטשלאר,,,"י""ח",230,"ל מ""ל",false,1,7.90,3.43,false,1,
7290116930626,false,ארוחה בקטנה ציזיקי עם קרקרים 150ג' תנובה,"תנובה בע""מ ***",,,"י""ח",150,ל גרם,false,1,7.90,5.27,false,1,
7290116930671,false,"חלב קפה דל לקטוז 800מ""ל%1.8 קרטון","תנובה בע""מ ***",,,"י""ח",1,ליטר,false,1,7.30,7.30,false,1,
7290116930954,false,יוגורט טעם פאי תפוחים 3% 150 ג' יופלה,תנובה בעמ ***,,,"י""ח",150,"ל מ""ל",false,1,5,3.33,false,1,
7290116931029,false,משקה בריסטה ש.שועל בטעם אייריש 1ל,"תנובה בע""מ ***",,,"י""ח",1,ליטר,false,1,12.90,12.90,true,1,
7290116931081,false,מעדן סויה - טופי קרמל 125 גרם אלטרנטיב,תנובה מרכז שיתופי לש,,,"י""ח",125,"ל מ""ל",false,1,3.70,2.96,false,1,
7290116931432,false,משקה סחלב ש.שועל 1ל,"תנובה בע""מ ***",,,"י""ח",1,ליטר,false,1,12.90,12.90,true,1,
7290117030530,false,"אשפתון גופיה נשלף אחד אחד XL ""שווה""",ח.כהן סוכנות מזון ומשקאות בע,,,"י""ח",25,"י""ח",false,1,18.90,0.76,false,1,
7290117030547,false,כוסות חד פעמי שתיה קרה 80יח,ח.כהן סוכנות מזון ומשקאות בע,,,"י""ח",1,"י""ח",false,1,5.90,5.90,true,1,
7290117030622,false,3 תבניות זהב ומכסה אובלי בינוני SW9705,ח.כהן סוכנות מזון ומשקאות בע,,,"י""ח",3,"י""ח",false,1,13.90,4.63,false,1,
7290117030752,false,תבניות ארוז *7 (R31/105) מרובעות שווה,ח.כהן סוכנות מזון ומשקאות בע,,,"י""ח",7,"י""ח",false,1,7.90,1.13,true,1,
7290117030769,false,תבניות ארוז (R2/90)*7 מלבן ארוך שווה ח,ח.כהן סוכנות מזון ומשקאות בע,,,"י""ח",7,"י""ח",false,1,7.90,1.13,true,1,
7290117030776,false,תבניות ארוז מלבן עמוק *7 (R64/80A) שוו,ח.כהן סוכנות מזון ומשקאות בע,,,"י""ח",7,"י""ח",false,1,7.90,1.13,true,1,
7290117030783,false,תבניות ארוז *4 (R99/210) ענקיות חדש ש,ח.כהן סוכנות מזון ומשקאות בע,,,"י""ח",4,"י""ח",false,1,7.90,1.98,true,1,
7290117030790,false,תבניות ארוז *10 R88 אינגליש שווה חדש,ח.כהן סוכנות מזון ומשקאות בע,,,"י""ח",10,"י""ח",false,1,7.90,0.79,true,1,
7290117030806,false,תבניות ארוז *10 טוסטר (R29 B8) שווה חד,ח.כהן סוכנות מזון ומשקאות בע,,,"י""ח",10,"י""ח",false,1,7.90,0.79,true,1,
7290117031032,false,כפפות ניטריל סינטטי XL שחור 80יח שווה*,ח.כהן סוכנות מזון ומשקאות בע,,,"י""ח",80,"י""ח",false,1,24.90,0.31,true,1,
7290117031537,false,כוסות נייר גודל 16 שווה 40 יח (25 בקר,ח.כהן סוכנות מזון ומשקאות בע,,,"י""ח",40,"י""ח",false,1,18.90,0.47,true,1,
7290117031544,false,כוסות נייר גודל 4 שווה 40 יח (25 בקר,ח.כהן סוכנות מזון ומשקאות בע,,,"י""ח",40,"י""ח",false,1,6.90,0.17,true,1,
7290117031568,false,כוסות נייר גודל 9OZ איכותית 40 יח` שוו,ח.כהן סוכנות מזון ומשקאות בע,,,,40,"י""ח",false,1,12.90,0.32,false,1,
7290117032008,false,מזלגונים איכותי 40יח קרם שווה,ח.כהן סוכנות מזון ומשקאות בע,,,"י""ח",40,"י""ח",false,1,6.90,0.17,true,1,
7290117032015,false,מזלגות איכותים 40יח שקוף שווה *,ח.כהן סוכנות מזון ומשקאות בע,,,"י""ח",40,"י""ח",false,1,6.90,0.17,true,1,
7290117032046,false,72901170320סכינים איכותי 40יח שקוף שווה,ח.כהן סוכנות מזון ומשקאות בע,,,"י""ח",40,"י""ח",false,1,6.90,0.17,true,1,
7290117032060,false,כפות איכותיות 40יח קרם שווה*,ח.כהן סוכנות מזון ומשקאות בע,,,"י""ח",40,"י""ח",false,1,6.90,0.17,true,1,
7290117032077,false,כפות איכותיות 40יח שקוף שווה*,ח.כהן סוכנות מזון ומשקאות בע,,,"י""ח",40,"י""ח",false,1,6.90,0.17,true,1,
7290117032091,false,כפיות איכותיות 40יח קרם שווה*,ח.כהן סוכנות מזון ומשקאות בע,,,"י""ח",40,"י""ח",false,1,6.90,0.17,true,1,
7290117032558,false,צלחת קטנה אריזה משפחתית 75יח שווה,ח.כהן סוכנות מזון ומשקאות בע,,,,75,"י""ח",false,1,25.90,0.35,true,1,
7290117032565,false,מרקיות לבן אריזה משפחתית 70יח שווה*,ח.כהן סוכנות מזון ומשקאות בע,,,,70,"י""ח",false,1,25.90,0.37,true,1,
7290117032572,false,מרקיות קרם אריזה משפחתית 70יח שווה*,ח.כהן סוכנות מזון ומשקאות בע,,,,70,"י""ח",false,1,25.90,0.37,true,1,
7290117032589,false,צלחת גדולה אריזה משפחתית 60יח שווה,ח.כהן סוכנות מזון ומשקאות בע,,,,60,"י""ח",false,1,25.90,0.43,true,1,
7290117032596,false,"צלחות גדולות 60 יח אריזה משפחתית ""שווה",ח.כהן סוכנות מזון ומשקאות בע,,,,60,"י""ח",false,1,25.90,0.43,true,1,
7290117032619,false,צלחת ענקית אריזה משפחתית 35יח שווה,ח.כהן סוכנות מזון ומשקאות בע,,,,35,"י""ח",false,1,25.90,0.74,true,1,
7290117260449,false,גבינה בולגרית מעודנת למריחה בטעם טבעי 5% שומן 200 ג' יורו,ג.וילי-פוד אינטרנשיונל **גבינו,,,"י""ח",200,ל גרם,false,1,9.90,4.95,false,1,
7290117260456,false,גבינה בולגרית מעודנת למריחה עם זיתים 5% שומן 200 ג' יורו,ג.וילי-פוד אינטרנשיונל **גבינו,,,"י""ח",200,ל גרם,false,1,9.90,4.95,false,1,
7290117260470,false,גבינה בולגרית מעודנת למריחה עם שום 5% שומן 200 ג' יורו,ג.וילי-פוד אינטרנשיונל **גבינו,,,"י""ח",200,ל גרם,false,1,9.90,4.95,false,1,
7290117260562,false,חמאה כפרית מסורתית בגביע,ג.וילי-פוד אינטרנשיונל **גבינו,,,"י""ח",225,ל גרם,false,1,16.90,7.51,false,1,
7290117260685,false,תן בו וניל ציפויים בטעמים שונים 230 גרם,ג. וילי-פוד אינטרנשיונל בע`מ,,,"י""ח",300,ל גרם,false,1,19.90,6.63,false,1,
7290117261514,false,סלמון אטלנטי בשמן קנולה ולימון 120 גרם ויליפוד,ג.וילי פוד אינטרנשיונל בעמ,,,"י""ח",120,ל גרם,false,1,11.90,9.92,true,1,
7290117261521,false,סלמון אטלנטי בשמן קנולה 120 גרם ויליפוד,ג. וילי-פוד אינטרנשיונל בע`מ,,,"י""ח",120,ל גרם,false,1,11.90,9.92,true,1,
7290117261538,false,סלמון אטלנטי בשמן קנולה וצילי 120 גרם ויליפוד,ג. וילי-פוד אינטרנשיונל בע`מ,,,"י""ח",120,ל גרם,false,1,11.90,9.92,true,1,
7290117261545,false,סלמון אטלנטי ברוטב טריאקי 120 גרם ויליפוד,ג.וילי-פוד אינטרנשיונל בעמ,,,"י""ח",120,ל גרם,false,1,11.90,9.92,true,1,
7290117261552,false,סלמון אטלנטי ברוטב עגבניות 120 גרם ויליפוד,ג.וילי פוד אינטרנשיונל בעמ,,,"י""ח",120,ל גרם,false,1,11.90,9.92,true,1,
7290117261569,false,סלמון אטלנטי מעושן בשמן קנולה 120 גרם ויליפוד,ג. וילי-פוד אינטרנשיונל בע`מ,,,"י""ח",120,ל גרם,false,1,11.90,9.92,true,1,
7290117261927,false,גבינת פקורינו מחלב כבשים צ'אנק 150 EURO CHEESE,ג.וילי-פוד אינטרנשיונל **גבינו,,,"י""ח",150,ל גרם,false,1,19.90,13.27,false,1,
7290117262221,false,"משקה יוגורט פרוביוטי עם אננס 200מ""ל 2.3%שומן יורו",ג.וילי-פוד אינטרנשיונל **גבינו,,,"י""ח",200,ל גרם,false,1,4.90,2.45,true,1,
7290117262238,false,"משקה יוגורט פרוביוטי עם תות שדה 200מ""ל 2.3%שומן יורו",ג.וילי-פוד אינטרנשיונל **גבינו,,,"י""ח",200,ל גרם,false,1,4.90,2.45,true,1,
7290117262245,false,"משקה יוגורט פרוביוטי עם אפרסק ומשמש 200מ""ל 2.3%שומן יורו",ג.וילי-פוד אינטרנשיונל **גבינו,,,"י""ח",200,ל גרם,false,1,4.90,2.45,true,1,
7290117263020,false,"משקה יוגורט פרוביוטי פירות יער 2.3% 200 מ""ל",ג.וילי-פוד אינטרנשיונל **גבינו,,,"י""ח",200,ל גרם,false,1,4.90,2.45,true,1,
7290117380154,false,ררוטב אסיאתי עם סויה ושומשום 260 גר`מאס,ש. שסטוביץ בע`מ,,,"י""ח",264,ל גרם,false,1,10.90,4.13,false,1,
7290117380215,false,חטיף פוף קראנץ בטעם טאקו 60 גרם,ש. שסטוביץ בע`מ,,,"י""ח",40,ל גרם,false,1,4.40,11,true,1,
7290117380857,false,"מרבה סלים דליס פייבר עוגות אישיות בטעם לימון, 120 גרם",ש. שסטוביץ בע`מ,,,"י""ח",120,ל גרם,false,1,13.90,11.58,true,1,
7290117380864,false,סלים דליס פייבר עוגות בראוניס אישיות בטעם שוקולד 120 גרם,ש.שסטוביץ בעמ,,,"י""ח",120,ל גרם,false,1,13.90,11.58,true,1,
7290117380871,false,סלים דליס פייבר עוגות אישיות בטעם אוכמניות 120 גרם,ש.שסטוביץ בעמ,,,"י""ח",120,ל גרם,false,1,13.90,11.58,true,1,
7290117382325,false,חטיף חלבון מצופה שוקולד חלב פרו 33 סלים דליס 60 ג,"י. מרבה ישראל בע""\מ",,,"י""ח",60,ל גרם,false,1,12.90,21.50,true,1,
7290117382332,false,סלים דליס פרו 33 חטיף חלבון שוקולד בטעם עוגיות 60 גרם,"י. מרבה ישראל בע""\מ",,,"י""ח",60,ל גרם,false,1,12.90,21.50,true,1,
7290117383711,false,"מארז זוג תחליב רחצה חלב ודבש *750 מ""ל פלמוליב",קולגייט פלמוליב,,,"י""ח",1.50,ליטר,false,1,31.90,21.27,true,1,
7290117383735,false,"מארז זוג תחליב רחצה חימר ורדים *750 מ""ל פלמוליב",קולגייט פלמוליב,,,"י""ח",1.50,ליטר,false,1,31.90,21.27,true,1,
7290117860038,false,"הוואי - תחליב רחצה יוגורט בניחוח אוכמניות 700 מ""ל","טרופיקל דגיל בע""\מ",,,"י""ח",700,"ל מ""ל",false,1,14.90,2.13,true,1,
7290117860045,false,שמפו תמציות אלוורה ותה ירוק לשיער רגיל,"טרופיקל גליל בע""מ",,,"י""ח",700,"ל מ""ל",false,1,14.90,2.13,true,1,
7290117860090,false,מרכך תמציות אלוורה ותה ירוק לשיער רגיל,"טרופיקל דגיל בע""\מ",,,"י""ח",700,"ל מ""ל",false,1,14.90,2.13,true,1,
7290117860144,false,הוואי שמפו פירות אקזוטיים וקלנדולה 700,"טרופיקל גליל בע""מ",,,"י""ח",700,"ל מ""ל",false,1,14.90,2.13,true,1,
7290117860182,false,"הוואי - תחליב רחצה בניחוח מגנוליה ושמן שקדים 700 מ""ל","טרופיקל דגיל בע""\מ",,,"י""ח",700,"ל מ""ל",false,1,14.90,2.13,true,1,
7290117860199,false,שמפו שמן ורד הבר ושמן מקדמיה לשיער יבש,"טרופיקל דגיל בע""\מ",,,"י""ח",700,"ל מ""ל",false,1,14.90,2.13,true,1,
7290117860243,false,"הוואי - מרכך מעניק לחות לשיער יבש 700 מ""ל","טרופיקל גליל בע""מ",,,"י""ח",700,"ל מ""ל",false,1,14.90,2.13,true,1,
7290117860298,false,שמפו קומפלקס קרטין לשיער עדין או חלש,"טרופיקל גליל בע""מ",,,"י""ח",700,"ל מ""ל",false,1,14.90,2.13,true,1,
7290117860342,false,מרכך קומפלקס קרטין לשיער עדין או חלש,"טרופיקל גליל בע""מ",,,"י""ח",700,"ל מ""ל",false,1,14.90,2.13,true,1,
7290117860649,false,הוואי שמפו קרטין קיק ללא סולפטים 700 מל,"טרופיקל גליל בע""מ",,,"י""ח",700,"ל מ""ל",false,1,14.90,2.13,true,1,
7290117860694,false,הוואי מרכך קרטין קיק ללא סולפטים 700 מל,"טרופיקל גליל בע""מ",,,"י""ח",700,"ל מ""ל",false,1,14.90,2.13,true,1,
7290117860748,false,הוואי שמפו תמצית יסמין מעניק נפח 700 מל,"טרופיקל גליל בע""מ",,,"י""ח",700,"ל מ""ל",false,1,14.90,2.13,true,1,
7290117901175,false,שקדים קלופים 250 גרם ששון הקולה,דין שיווק וקליה 2021 בעמ,,,"י""ח",200,ל גרם,false,1,20,10,false,1,
7290117901793,false,גרעיני חמניה קלופים 250גר מחנה יהודה,דין שיווק וקליה 2021 בעמ****,,,"י""ח",250,ל גרם,false,1,14.90,5.96,true,1,
7290117901809,false,צנובר 130גר מחנה יהודה,דין שיווק וקליה 2021 בעמ****,,,"י""ח",130,ל גרם,false,1,39.90,30.69,true,1,
7290117901816,false,אגוז קשיו טבעי 250גר מחנה יהודה,דין שיווק וקליה 2021 בעמ****,,,"י""ח",250,ל גרם,false,1,29.90,11.96,true,1,
7290117901823,false,שקד מולבן פרוס 250גר מחנה יהודה,דין שיווק וקליה 2021 בעמ****,,,"י""ח",250,ל גרם,false,1,29.90,11.96,true,1,
7290118420378,false,פתיבר פינוקים בטעם תותים בשמנת - חלבי,קבוצת אוסם סחר שותפות מוגבלת,,,"י""ח",220,ל גרם,false,1,10.90,4.95,true,1,
7290118751649,false,אנטריקוט פרוס טרי חלק ארוז *,"ח.י. מעדני גורמה בע""מ",,,"ק""ג",1,,true,1,199,199,true,1,
7290118751656,false,אנטריקוט פרוס דק טרי חלק ארוז*,"ח.י. מעדני גורמה בע""מ",,,"ק""ג",1,,true,1,199,199,true,1,
7290118751663,false,רוסטביף לתנור טרי חלק ארוז **,"ח.י. מעדני גורמה בע""מ",,,קוב,1,,true,1,89.90,89.90,false,1,
7290118751670,false,צלי כתף חצוי טרי חלק ארוז**,"ח.י. מעדני גורמה בע""מ",,,"ק""ג",1,,true,1,99.90,99.90,false,1,
7290118751687,false,שריר טרי חלק ארוז **,"ח.י. מעדני גורמה בע""מ",,,"ק""ג",1,"ק""ג",true,1,69.90,69.90,true,1,
7290118751694,false,שריר עגל מעובד מופשר חלק ארוז**,"ח.י. מעדני גורמה בע""מ",,,"ק""ג",1,,true,1,59.90,59.90,false,1,
7290118751700,false,גולש טרי חלק ארוז**,"ח.י. מעדני גורמה בע""מ",,,"ק""ג",1,,true,1,79.90,79.90,false,1,
7290118751717,false,בשר לטחינה טרי חלק ארוז**,"ח.י. מעדני גורמה בע""מ",,,"ק""ג",1,,true,1,59.90,59.90,false,1,
7291044093094,false,צ'יפסר חשמלי 3.5 ליט,סמיקום לקסיס בעמ,,,"י""ח",1,,false,1,199.90,199.90,false,1,
7291044101478,false,תנור קיר לאמבט 3 דרגות חום 1500W,סמיקום לקסיס בעמ,,,"י""ח",1,,false,1,69.90,69.90,true,1,
7291044101706,false,*מבצע* מפזר חום יונד,סמיקום לקסיס בעמ,,,"י""ח",1,,false,1,59.90,59.90,false,1,
7294413881025,false,מברשת שער אליפסה,לפ מאי ביוטי - גבריאל אפנג`ר,,,"י""ח",1,,false,1,8.90,8.90,false,1,
7296058000069,false,פריכיות אורז אריזת חיסכון 310 גרם,א.ג בחירה חכמה בעמ,,,"י""ח",310,ל גרם,false,1,13.90,4.48,false,1,
7296058110010,false,"פריכיות אורז פרח כשל""פ 110 גר'",מ.ד אטיאס סוכנויות מזון בע`מ,,,"י""ח",110,ל גרם,false,1,5.50,5,false,1,
7296058110041,false,פריכיות תירס ואורז פרח 110 גר',א.ג בחירה חכמה בעמ,,,"י""ח",110,ל גרם,false,1,5.50,5,false,1,
7297579011312,false,מגבת פנים מדאם,דהן פרוספר בעמ,,,"י""ח",1,,false,1,14.90,14.90,true,1,
7297579011503,false,שטיח אמבטיה 50*80 דגם תחרה,דניאלה ע.י בעמ,,,"י""ח",1,,false,1,39.90,39.90,false,1,
7297588028455,false,מטריה סיליקון חצי אוטומטית חלק,ביג מול בעמ,,,"י""ח",375,ל גרם,false,1,39.90,10.64,false,1,
7312040017683,false,מארז אבסולוט רגיל(וודקה {}{700 עם כוס,טמפו משקאות בע`מ,,,"י""ח",750,"ל מ""ל",false,1,69.90,9.28,true,1,
7450014901320,false,נעלי בית חורף נשים דגם SY001 שחור,ביג מול בעמ,,,"י""ח",1,,false,1,39.90,39.90,false,1,
7450026800499,false,נעלי בית חורף גברים SY013 שחור,ביג מול בעמ,,,"י""ח",1,,false,1,39.90,39.90,false,1,
7450026800505,false,נעלי בית חורף גברים SY013 ירוק,ביג מול בעמ,,,"י""ח",1,,false,1,39.90,39.90,false,1,
7501013101348,false,"ג'ומקס מנגו בקבוק 473 מ""ל תריסר",חומקס קומר קומרסאליזדורה,,,"י""ח",473,"ל מ""ל",false,1,8,1.63,true,1,
7501013122114,false,ג'ומקס מיץ אננס קרטונית ליטר תריסר,חומקס קומר קומרסאליזדורה,,,"י""ח",1,ליטר,false,1,9.30,9.30,true,1,
7501013122190,false,ג'ומקס מיץ תפוחים קרטונית ליטר תריסר,חומקס קומר קומרסאליזדורה,,,"י""ח",1,ליטר,false,1,9.30,9.30,true,1,
7501013138184,false,משקה חמוציות יוניקו פרסקו ג'ומקס קרטונית 1 ליטר,חומקס קומר קומרסאליזדורה,,,"י""ח",1,ליטר,false,1,11.50,11.50,false,1,
7501064191398,false,שישיית בירה קורונה אקסטרא *355 מל,קריניציה ויטמינה אס,,,"י""ח",6,"י""ח",false,1,39.90,6.35,true,1,
7509546678702,false,קולגייט משחת שיניים טוטל אנטי טרטר 100 מ,קולגייט-פלמוליב,,,"י""ח",100,"ל מ""ל",false,1,16.90,16.90,true,1,
7610100034084,false,מיונז טומי בשפורפרת 265 גרם,ליימן שליסל בע`מ,,,"י""ח",265,ל גרם,false,1,11.90,4.49,false,1,
7610113011652,false,בריזר - משקה כוהלי מוגז בטעם תפוח,בקרדי בריזר Bacardi Breezer,,,"י""ח",275,"ל מ""ל",false,1,14.20,5.05,true,1,
7610211130903,false,הרמזית ממתיק 800+200 טבליות,דיפלומט מפיצים (1968) בעמ**,,,"י""ח",800,ל גרם,false,1,27.50,3.44,false,1,
7610243004463,false,"דורגול - מרסס להסרת אבנית במקלחון 600 מ""ל","יעקב יעקבי ובניו בע""מ",,,"י""ח",500,"ל מ""ל",false,1,23.90,4.78,true,1,
7610400068505,false,לינדט לינדור בונבוניירה שוקולד חלב 200 גרם,לינדט ושפרונגלי קילשברג,,,"י""ח",1,,false,1,30.90,30.90,true,1,
7610700009956,false,ריקולה ללא ת.סוכר סמבוקוס 50 גרם,שוקוטרייד בעמ,,,"י""ח",50,ל גרם,false,1,13.90,27.80,false,1,
7610700010778,false,סוכריות ריקולה ללא סוכר פטל חמוציות 50 ג,שוקוטרייד בעמ,,,"י""ח",50,ל גרם,false,1,13.90,27.80,false,1,
7610700013083,false,סוכריות ריקולה ללא סוכר בטעם צמחים 20 יח',שוקוטרייד בעמ,,,"י""ח",50,ל גרם,false,1,13.90,27.80,false,1,
7610700607046,false,סוכריות צמחים לימון ומנטה ללא תוספת סוכר,שוקוטרייד בעמ,,,"י""ח",50,ל גרם,false,1,13.90,27.80,false,1,
7613030979647,false,דגני בוקר טריקס פירות עולם היורה 480 ג',קבוצת אוסם סחר שותפות מוגבלת,,,"י""ח",4.80,"י""ח",false,1,27.30,5.69,true,1,
7613033548192,false,פיטנס - דגני בוקר שוקולד מריר 375 גרם,קבוצת אוסם סחר שותפות מוגבלת,,,"י""ח",375,ל גרם,false,1,22.90,6.11,true,1,
7613036880534,false,גרבר מחית ירקות מעורבים מטרנה 190 גר',קבוצת אוסם סחר שותפות מוגבלת,,,"י""ח",190,ל גרם,false,1,8.30,4.37,false,1,
7613036976671,false,פריסקיז פאוצ' עוף ברוטב 26*85גרם,קבוצת אוסם סחר שותפות מוגבלת,,,"י""ח",80,ל גרם,false,1,5.90,7.38,false,1,
7613036976695,false,פריסקיז - פאוץ בקר ברוטב 85 גרם,קבוצת אוסם סחר-שות.מוגבלת,,,"י""ח",80,ל גרם,false,1,5.90,7.38,false,1,
7613036976718,false,פריסקיז פאוצ' ברווז ברוטב 26*85גרם,קבוצת אוסם סחר-שות.מוגבלת,,,"י""ח",80,ל גרם,false,1,5.90,7.38,false,1,
7613037686906,false,פיטנס - דגני בוקר שקדים ודבש 355 גרם,קבוצת אוסם סחר שותפות מוגבלת,,,"י""ח",355,ל גרם,false,1,22.90,6.45,true,1,
7613038268262,false,דגני בוקר צ'יריוס דבש ושקדים במתיקות מעודנת,קבוצת אוסם סחר שותפות מוגבלת,,,"י""ח",410,ל גרם,false,1,25.90,6.32,true,1,
7613039547731,false,גרבר מחית תפוח עץ ומשמש 90 גרם פאוץ,קבוצת אוסם סחר שותפות מוגבלת,,,"י""ח",90,ל גרם,false,1,7.90,8.78,true,1,
7613287155894,false,"גרבר - מחית אפרסק כל""פ פאוץ 90 גרם",קבוצת אוסם סחר שותפות מוגבלת,,,"י""ח",130,ל גרם,false,1,7.90,6.08,true,1,
7613287181411,false,ויטמינציק מחית סלט פירות 110 גרם,קבוצת אוסם סחר שותפות מוגבלת,,,"י""ח",110,ל גרם,false,1,5.90,5.36,true,1,
7613287182357,false,מחית אגס תפוח ופירות יער ויטמינצ'יק 110 ג',קבוצת אוסם סחר שותפות מוגבלת,,,"י""ח",110,ל גרם,false,1,5.90,5.36,true,1,
7613287182425,false,ויטמינציק מחית תפוח בננה ותות 110 גרם,קבוצת אוסם סחר שותפות מוגבלת,,,"י""ח",110,ל גרם,false,1,5.90,5.36,true,1,
7613287182456,false,ויטמינציק מחית אגס בננה תפוח 110 גרם,קבוצת אוסם סחר שותפות מוגבלת,,,"י""ח",110,ל גרם,false,1,5.90,5.36,true,1,
7613287325808,false,אוסם - דיפ אנד ספרד מטבל איולי שום 295 גרם,קבוצת אוסם סחר שותפות מוגבלת,,,"י""ח",295,"ל מ""ל",false,1,15.90,5.39,true,1,
7613287325853,false,אוסם - דיפ אנד ספרד מטבל איולי ספייסי 295 גרם,קבוצת אוסם סחר שותפות מוגבלת,,,"י""ח",295,"ל מ""ל",false,1,14.90,5.05,true,1,
7613287325983,false,אוסם - דיפ אנד ספרד מטבל סלסה 335 גרם,קבוצת אוסם סחר-שות.מוגבלת,,,"י""ח",335,"ל מ""ל",false,1,14.90,4.45,true,1,
7613287394323,false,דגני בוקר מולטי צ'יריוס 600 גרם,קבוצת אוסם סחר שותפות מוגבלת,,,"י""ח",500,ל גרם,false,1,22.30,4.46,true,1,
7613287821348,false,נתחוני עוף טבעוני סנסשיונל טבעול 350 גרם,קבוצת אוסם סחר שותפות מוגבלת,,,"י""ח",500,ל גרם,false,1,39.90,7.98,true,1,
7622010001858,false,עוגיות אוראו ממולאות קרם וניל 176 גרם.,דיפלומט מפיצים (1968) בעמ**,,,"י""ח",176,ל גרם,false,1,8.90,5.06,true,1,
7622201050757,false,מילקה שוקולד חלב במילוי קרם קרמל 100 ג,דיפלומט מפיצים (1968) בעמ**,,,"י""ח",100,ל גרם,false,1,6.50,6.50,true,1,
7622201137052,false,אוראו מיני קוקיס - עוגיות שוקולד צ'יפס ותחתית מצופה שוקולד חלב,דיפלומט מפיצים (1968) בעמ**,,,"י""ח",110,ל גרם,false,1,8.60,7.82,true,1,
7622201139278,false,גבינת פילדלפיה שמנת 150 גר`% (27 שומן),מיודלז אספניה פרודוק,,,"י""ח",150,ל גרם,false,1,14.90,9.93,false,1,
7622201400972,false,מילקה ממרח שוקולד ואגוזי לוז 600 גר,דיפלומט מפיצים (1968) בעמ**,,,"י""ח",600,ל גרם,false,1,27.90,4.65,false,1,
7622201401900,false,עוגיות מילקה סנסיישן אוראו 156 גרם,דיפלומט מפיצים (1968) בעמ**,,,"י""ח",156,ל גרם,false,1,10.90,6.99,true,1,
7622201502515,false,עוגיות מילקה קוקי לופ שוקולד צ'יפס,דיפלומט מפיצים (1968) בעמ**,,,"י""ח",132,ל גרם,false,1,10.90,8.26,true,1,
7622201521493,false,גבינת פילדלפיה שום ועשבי תיבול 150 גר` (,מיודלז אספניה פרודוק,,,"י""ח",150,ל גרם,false,1,14.90,9.93,true,1,
7622201798154,false,גבינת שמנת לייט מופחתת שומן 13% שומן,מיודלז אספניה פרודוק,,,"י""ח",150,ל גרם,false,1,15.90,10.60,false,1,
7622201801809,false,מילקה שוקולד חלב עם אגוזים 100 גרם חדש,מנדלז דויצ'\לנד סנקס פרו,,,"י""ח",100,ל גרם,false,1,6.50,6.50,true,1,
7622201802363,false,מילקה טבלת שוקולד חלב וצימוקים ואגוזים 100ג',דיפלומט מפיצים (1968) בעמ**,,,"י""ח",100,ל גרם,false,1,6.50,6.50,true,1,
7622201802394,false,שוקולד מילקה חלב מסרונים 100 גרם,מנדלז דויצ'\לנד סנקס פרו,,,"י""ח",100,ל גרם,false,1,6.50,6.50,true,1,
7622201808631,false,אוראו מיני עוגיות ממולאות קרם וניל 67גרם,דיפלומט מפיצים (1968) בעמ**,,,"י""ח",67,"ס""מ",false,1,6.90,10.30,true,1,
7622201813390,false,וופל במילוי קרם קקאו בציפוי שוקולד חלב,דיפלומט מפיצים (1968) בעמ**,,,"י""ח",150,ל גרם,false,1,10.90,7.27,true,1,
7622210078131,false,שוקולד חלב עם שבבי קרמל מילקה דיים 100 גרם,מנדלז דויצ'\לנד סנקס פרו,,,"י""ח",100,ל גרם,false,1,6.50,6.50,true,1,
7622210137234,false,אוראו עוגיות עם דאבל קרם בטעם וניל 170ג,דיפלומט מפיצים (1968) בעמ**,,,"י""ח",170,ל גרם,false,1,8.90,5.24,true,1,
7622210163899,false,שוקולד חלב במילוי סוכריות עדשים,דיפלומט מפיצים (1968) בעמ**,,,"י""ח",100,ל גרם,false,1,6.50,6.50,true,1,
7622210453327,false,עוגיות שוקוצ'יפס במילוי שוקולד סנסיישן,דיפלומט מפיצים (1968) בעמ**,,,"י""ח",156,ל גרם,false,1,12.90,8.27,true,1,
7622210464729,false,אוראו גולדן עוגיות וניל במילוי קרם וניל,דיפלומט מפיצים (1968) בעמ**,,,"י""ח",154,"ס""מ",false,1,6.90,4.48,true,1,
7622210638021,false,מיני עוגיות אוראו קראנצ'י בייטס מצופים,דיפלומט מפיצים (1968) בעמ**,,,"י""ח",110,ל גרם,false,1,7.90,7.18,true,1,
7622210664150,false,"עוגיות אוראו וניל, 396 גרם",דיפלומט מפיצים (1968) בעמ**,,,"י""ח",156,ל גרם,false,1,14.90,9.55,false,1,
7622210826053,false,מילקה שוקולד אוראו סנדוויץ 100 גרם,דיפלומט מפיצים (1968) בעמ**,,,"י""ח",92,ל גרם,false,1,6.50,7.07,true,1,
7622210835338,false,אוראו עוגיות ממולאות טעם בראוניז 176 גרם,דיפלומט מפיצים (1968) בעמ**,,,"י""ח",176,ל גרם,false,1,8.90,5.06,true,1,
7622300270506,false,מילקה גריינס - עוגיות שיבולת שועל מצופות שוקולד 168 ג',דיפלומט מפיצים (1968) בעמ**,,,"י""ח",168,ל גרם,false,1,10.90,6.49,true,1,
7622300315283,false,אוראו עוגיות ממולאות קרם וניל 154 גרם,דיפלומט מפיצים (1968) בעמ**,,,"י""ח",154,"ס""מ",false,1,6.90,4.48,true,1,
7622300489427,false,עוגיות אוראו בציפוי בטעם שוקולד לבן 246 גרם,דיפלומט מפיצים (1968) בעמ**,,,"י""ח",264,ל גרם,false,1,17.90,6.78,true,1,
7622300489434,false,"עוגיות אוראו פאדג' בציפוי שוקולד חלב, 246 גרם",דיפלומט מפיצים (1968) בעמ**,,,"י""ח",264,ל גרם,false,1,17.90,6.78,true,1,
7622300495046,false,מילקה שוקולד חלב עם אקסטרה קקאו 100 גרם,מנדלז דויצ'\לנד סנקס פרו,,,"י""ח",100,ל גרם,false,1,6.50,6.50,true,1,
7622300503079,false,עוגיות ביסקוויט מצופה שוקולד חלב מילקה 200 גרם,דיפלומט מפיצים (1968) בעמ**,,,"י""ח",200,ל גרם,false,1,10.90,5.45,true,1,
7622300617820,false,מילקה שוקולד חלב במילוי קרם חלב ווניל ושבבי עוגיות אוראו 100 גרם,מנדלז דויצ'\לנד סנקס פרו,,,"י""ח",100,ל גרם,false,1,6.50,6.50,true,1,
7622300761363,false,עוגיות מיני אוראו במילוי קרם בטעם שוקולד בכוס,דיפלומט מפיצים (1968) בעמ**,,,"י""ח",67,ל גרם,false,1,6.90,10.30,true,1,
7622400005190,false,שוקולד חלב נגיעות שוקולד לבן מילקה 100 ג,דיפלומט מפיצים (1968) בעמ**,,,"י""ח",1,,false,1,6.50,6.50,true,1,
7702018069316,false,סימפלי ונוס 2 סכין גילוח 2+4 חינם חד פעמ,דיפלומט מפיצים (1968) בעמ,,,"י""ח",1,,false,1,16.90,16.90,true,1,
7702018462032,false,סכיני גילוח גילט מאך 3 רביעייה,דיפלומט מפיצים (1986) בע`מ,,,"י""ח",1,,false,1,34.90,34.90,true,1,
7702018464753,false,"גל גילוח גילט פיוזן לעור רגיש 200 מ""ל",דיפלומט מפיצים 1968 בעמ,,,"י""ח",200,"ל מ""ל",false,1,19.90,9.95,false,1,
7702018610303,false,גילט מארז סקינגארד אלוורה מכשיר+4 סכין,דיפלומט מפיצים 1968 בעמ,,,"י""ח",1,"י""ח",false,1,99.90,99.90,false,1,
7702024074625,false,חטיפי קרקר פיטנס Fitness עם חיטה מלאה,קבוצת אוסם סחר שותפות מוגבלת,,,"י""ח",234,ל גרם,false,1,13.90,5.94,false,1,
7702024258322,false,"חטיפי קרקר עם חיטה מלאה, צ'יה וזרעי פשתן פיטנס",קבוצת אוסם סחר שותפות מוגבלת,,,"י""ח",234,ל גרם,false,1,14.90,6.37,false,1,
7702174066631,false,לקקן יוגטה פין פופ במילוי מסטיק 170 גר,קומסטיבלס לה רוזה אס.איי,,,"י""ח",180,"ל מ""ל",false,1,8.90,4.94,false,1,
7702174068826,false,יוגטה מבחר סוכריות לקקן קשות ממולאות טופי בטעמי יוגורט ופירות 204 גרם,הדקלאים אגודת שיתופי,,,"י""ח",216,ל גרם,false,1,11.90,5.51,false,1,
7702174068833,false,יוגטה סוכריות קשות על מקל ממולאות טופי בטעמי גלידת פירות 12 יח' 204 גרם,הדקלאים אגודת שיתופי,,,"י""ח",216,ל גרם,false,1,9.90,4.58,false,1,
7792860006218,false,סוכריות לקקן בייבי דול לריטייר (24 גרם),גוד פוד פרודקטס S.p,,,"י""ח",24,ל גרם,false,1,2.20,9.17,true,1,
7798378440018,false,אוכמניות יחידה,ביכורי השדה צפון 1994 ג.ד. בעמ,,,"י""ח",1,,false,1,15.90,15.90,true,1,
7798382150019,false,אוכמניות טריות 125גרם,ביכורי השדה צפון 1994 ג.ד. בעמ,,,"י""ח",1,,false,1,15.90,15.90,true,1,
7804414000860,false,קברנה סוביניון דון חוליו (750 מל),צ'ילה לואיס פיליפה אדוארדס,,,"י""ח",750,"ל מ""ל",false,1,26.20,3.45,false,1,
7804414000877,false,יין דון חוליו מרלו אדוארדס,צ'ילה לואיס פיליפה אדוארדס,,,"י""ח",750,"ל מ""ל",false,1,26.20,3.45,false,1,
7804414000884,false,שרדונה BIN דון חוליו (750 מל),צ'ילה לואיס פיליפה אדוארדס,,,"י""ח",750,"ל מ""ל",false,1,26.20,3.45,false,1,
7804414001614,false,שיראז חצי יבש דון חוליו (750 מל),צ'ילה לואיס פיליפה אדוארדס,,,"י""ח",750,"ל מ""ל",false,1,26.20,3.45,false,1,
7804414012344,false,יין סוביניון בלאן 750 מל דון חוליו,הכרם - משקאות חריפים בעמ,,,"י""ח",750,"ל מ""ל",false,1,26.20,3.45,false,1,
7804414012351,false,יין מלבק 750 מל דון חוליו,הכרם - משקאות חריפים בעמ,,,"י""ח",750,"ל מ""ל",false,1,26.20,3.45,false,1,
7804414012368,false,יין רוזה 750 מל דון חוליו,הכרם - משקאות חריפים בעמ,,,"י""ח",750,"ל מ""ל",false,1,26.20,3.45,false,1,
7804414017110,false,"יין דון חוליו פינו נואר 750מ""ל.",הכרם משקאות חריפים בעמ,,,"י""ח",750,"ל מ""ל",false,1,26.20,3.45,false,1,
7891024124826,false,"משחת שיניים קולגייט אופטייק וויט 75 מ""ל",הנסיך- מפעל לייצור ט,,,"י""ח",75,"ל מ""ל",false,1,22.90,30.53,true,1,
8000070038868,false,קפה לוואצה קלוי וטחון חוזק 8 קלאסיקו 250 גר,לאוג'י לוואצה אס.פי.אי,,,"י""ח",250,ל גרם,false,1,29.90,11.96,true,1,
8000070053472,false,לוואצה קרמה גוסטו קלאסיקו מס' 12 קפסולות לקפה 55 גרם,לאוג'י לוואצה אס.פי.אי,,,"י""ח",55,ל גרם,false,1,19.90,36.18,true,1,
8000070055254,false,לוואצה קרמה גוסטו פורטה מס' 13 קפסולות לקפה 55 גרם,ליימן שליסל בע`מ,,,"י""ח",55,ל גרם,false,1,19.90,36.18,true,1,
8000070059832,false,לוואצה קרמה גוסטו ריקו מס' 11 קפסולות לקפה 55 גרם,לואיג'י לוואצה,,,"י""ח",55,ל גרם,false,1,19.90,36.18,true,1,
8000380004676,false,קוביות וופל סנדוויץ Sandwich עם וניל וחלב,"א. לואקר, קונפקט ג'י",,,"י""ח",200,ל גרם,false,1,12.90,6.45,true,1,
8000380004911,false,קוביות וופל קואדרטיני Quadratini קרם אגוזים,קריניציה ויטמינה אס,,,"י""ח",250,ל גרם,false,1,13.90,5.56,true,1,
8000380004966,false,וופל קוארדטיני לואקר קוביות שוקולד 250ג',קריניציה ויטמינה אס,,,"י""ח",250,ל גרם,false,1,13.90,5.56,true,1,
8000380007257,false,וופל גרדנה במילוי קרם אגוזים מצופה,קריניציה ויטמינה אס,,,"י""ח",200,ל גרם,false,1,14.50,7.25,true,1,
8000380144044,false,גרדנה וופל מצופה שוקולד חלב לואקר 200 גרם,ליימן שליסל בע`מ,,,"י""ח",200,ל גרם,false,1,14.50,7.25,true,1,
8000380153466,false,וופל קלאסיק בטעם קקאו לואקר 90 גרם,קריניציה ויטמינה אס,,,"י""ח",90,ל גרם,false,1,6.90,7.67,true,1,
8000380153534,false,מארז וופל שוקולד טורטינה Tortina שוקולד לבן,א. לואקר אס. פי. אי-אי.,,,"י""ח",125,ל גרם,false,1,18.90,15.12,true,1,
8000380156573,false,לואקר בונבוניירה ורד הדולמיטים 150 גרם,קריניציה ויטמינה אס,,,"י""ח",150,ל גרם,false,1,23.90,15.93,true,1,
8000380180745,false,וופל קוביות קקאו במילוי קרם חלב לואקר 250 גרם,"א. לואקר, קונפקט ג'י",,,"י""ח",250,ל גרם,false,1,13.90,5.56,true,1,
8000380180837,false,וופל גרנד פטיסרי קוקוס לבן מצופה שוקולד לבן לואקר 100 גרם,ליימן שליסל בע`מ,,,"י""ח",100,ל גרם,false,1,12.90,12.90,true,1,
8000380206896,false,וופל גרדנה במילוי חמאת בוטנים 200 גרם,ליימן שליסל בע`מ,,,"י""ח",200,ל גרם,false,1,14.50,7.25,true,1,
8000500023624,false,חטיפי הפי היפו Happy Hippo במילוי קרם חלב וקקאו,פרימיום-חברה לדברי מתיקה ולמסח,,,"י""ח",90,ל גרם,false,1,12.90,14.33,false,1,
8000500023976,false,בונבוניירת רפאלו פררו (150 גרם),פרימיום-חברה לדברי מתיקה ולמסח,,,"י""ח",150,ל גרם,false,1,17.90,11.93,false,1,
8000500026731,false,ביצי שוקולד קינדר מארז 3 יח סופרייז,פרימיום-חברה לדברי מתיקה ולמסח,,,"י""ח",60,ל גרם,false,1,15.90,26.50,true,1,
8000500028124,false,קינדר גוי ביצת הפתעה מארז שלישיה,פרימיום חברה לדברי מתיקה ולמסח,,,"י""ח",3,"י""ח",false,1,16.90,5.63,true,1,
8000500029350,false,מארז וופל מצופה 3יח' *43 גרם קינדר בואנו,פרימיום-חברה לדברי מתיקה ולמסח,,,"י""ח",120,ל גרם,false,1,12.90,10.75,true,1,
8000500037874,false,בונבוניירת פררו רושה 200 גרם,פרימיום חברה לדברי מתיקה ולמסח,,,"י""ח",200,ל גרם,false,1,25.90,12.95,true,1,
8000500071083,false,אצבעות שוקולד קינדר Kinder שש עשרה יחידות,פרימיום-חברה לדברי מתיקה ולמסח,,,"י""ח",200,ל גרם,false,1,13.90,6.95,false,1,
8000500121436,false,מארז קינדר בואנו Kinder Bueno לבן שלוש יחידות,פרימיום חברה לדברי מתיקה ולמסח,,,"י""ח",3,"י""ח",false,1,12.90,4.30,true,1,
8000500167656,false,קינדר שוקולד עם דגנים סיריאל 94 ג',פרימיום חברה לדברי מתיקה ולמסח,,,"י""ח",96,ל גרם,false,1,7.70,8.02,false,1,
8000500217740,false,קינדר בואנו מיני 86 גרם,פרימיום-חברה לדברי מתיקה ולמסח,,,"י""ח",86,ל גרם,false,1,10.90,12.67,false,1,
8000500227848,false,נוטלה - בי רדי אצבעות ביסקוויט במילוי שוקולד 6 יח' * 22 גרם,פרימיום-חברה לדברי מתיקה ולמסח,,,"י""ח",132,ל גרם,false,1,12.90,9.77,true,1,
8000500256213,false,קינדר שוקולד חלב במילוי קרם חלבי,פרימיום-חברה לדברי מתיקה ולמסח,,,"י""ח",120,ל גרם,false,1,11.90,9.92,false,1,
8000500267103,false,קינדר דליס עוגת ספוג קקאו במילוי חלבי*10,פרימיום חברה לדברי מתיקה ולמסח,,,"י""ח",4.20,"י""ח",false,1,21.90,5.21,true,1,
8000500269169,false,קינדר קארדס Kinder Cards - חמישייה,פרימיום-חברה לדברי מתיקה ולמסח,,,"י""ח",1.28,"י""ח",false,1,14.90,11.64,false,1,
8001090184412,false,"פיירי נוזל לניקוי כלים לימון שקוף, 900 מ""ל",דיפלומט מפיצים (1968) בעמ,,,"י""ח",900,"ל מ""ל",false,1,14.90,1.66,true,1,
8001090336491,false,פמפרס בייבי דריי חיתולים מידה +4 31 יח,דיפלומט מפיצים (1986) בע`מ,,,"י""ח",1,,false,1,39.90,39.90,true,1,
8001090336606,false,חיתולי ביביי דריי מידה ( 26 יח`) פמפרס,דיפלומט מפיצים (1986) בע`מ,,,"י""ח",1,,false,1,39.90,39.90,true,1,
8001090458322,false,"פיירי ורדים ומשי 1015 מ""ל",דיפלומט מפיצים (1968) בעמ,,,"י""ח",1.01,ליטר,false,1,15.90,15.74,true,1,
8001090493637,false,"הד אנד שולדרס שמפו אולטרא טוטאל קר 450 מ""ל",דיפלומט מפיצים (1986) בע`מ,,,"י""ח",450,"ל מ""ל",false,1,21.90,4.87,false,1,
8001090580122,false,"הד אנד שולדרס שמפו סופרים משקם 400 מ""ל",דיפלומט מפיצים (1986) בע`מ,,,"י""ח",400,"ל מ""ל",false,1,19.20,4.80,false,1,
8001090678225,false,"הד אנד שולדרס מרכך סופרים משקם 275 מ""ל",דיפלומט מפיצים 1968 בעמ,,,"י""ח",275,"ל מ""ל",false,1,19.90,7.24,false,1,
8001090721099,false,טבליות ג'ל לכביסה 3 ב-1 בניחוח אביב הרים,דיפלומט מפיצים (1986) בע`מ,,,"י""ח",28,"י""ח",false,1,32.90,1.18,true,1,
8001090734044,false,אולוויז מגן תחתון גיגה פק לארג' אקסטרה פרוטקט 64 יח',דיפלומט מפיצים (1986) בע`מ,,,"י""ח",78,"י""ח",false,1,19.90,0.26,true,1,
8001090737809,false,אולוויז מגן תחתון סינגל טנגה 36 יחידות,דיפלומט מפיצים (1968) בעמ,,,"י""ח",1,,false,1,17.90,17.90,true,1,
8001090832450,false,"שמפו פנטן הנוסחה הקלאסית 660 מ""ל",דיפלומט מפיצים (1986) בע`מ,,,"י""ח",660,"ל מ""ל",false,1,22.90,3.47,false,1,
8001090832573,false,שמפו שמן לחות מוגברת 660 מל פנטן,דיפלומט מפיצים (1986) בע`מ,,,"י""ח",660,"ל מ""ל",false,1,22.90,3.47,false,1,
8001090832771,false,"פנטן שמפו להזנת קרטין 660 מ""ל",דיפלומט מפיצים (1986) בע`מ,,,"י""ח",660,"ל מ""ל",false,1,22.90,3.47,false,1,
8001090832894,false,מרכך לשיער חלש ופגום לחות מוגברת,דיפלומט מפיצים (1986) בע`מ,,,"י""ח",660,"ל מ""ל",false,1,22.90,3.47,false,1,
8001090832931,false,"פנטן 660 מ""ל קונדישינר למגע רך כמשי",דיפלומט מפיצים (1986) בע`מ,,,"י""ח",660,"ל מ""ל",false,1,22.90,3.47,false,1,
8001090833051,false,"פנטן 660 מ""ל קונדישינר הזנת קרטין",דיפלומט מפיצים (1986) בע`מ,,,"י""ח",660,"ל מ""ל",false,1,22.90,3.47,false,1,
8001090833167,false,גל כביסה אריאל בניחוח הרים 2.365 ליטר,דיפלומט מפיצים (1986) בע`מ,,,"י""ח",2.36,ליטר,false,1,31.90,13.52,false,1,
8001090899224,false,תחבושות אולוויז פלטינום לונג 20 יחידות,דיפלומט מפיצים (1986) בע`מ,,,"י""ח",1,,false,1,19.90,19.90,true,1,
8001090899255,false,תחבושות אולוויז פלטינום לילה 16 יחידות,דיפלומט מפיצים (1986) בע`מ,,,"י""ח",1,,false,1,19.90,19.90,true,1,
8001090899286,false,אולוויז תחבושות פלטינום לילה בטוח 14 יח',דיפלומט מפיצים (1986) בע`מ,,,"י""ח",1,,false,1,19.90,19.90,true,1,
8001090943095,false,סבון כלים פעולה אנטי-בקטריאלית אקליפטוס,דיפלומט מפיצים (1968) בעמ,,,"י""ח",1.01,ליטר,false,1,15.90,15.74,true,1,
8001620011935,false,"סן בנדטו- מים מינרלים מוגז - מארז שישיית 500 מ""ל",אקווה מינרלה סאן בנד,,,"י""ח",3,ליטר,false,1,14.90,4.37,true,1,
8001620015636,false,"משקה פירות פרוטה-מיקס פירות 400 מ""ל סאן בנדטו",אקווה מינרלה סאן בנדטו ב,,,"י""ח",40,"ל מ""ל",false,1,6.90,16.50,true,1,
8001620018248,false,"מים מינרלים 750 מ""ל סאן בנדטו-פקק ספורט",אקווה מינרלה סאן בנדטו ב,,,"י""ח",750,"ל מ""ל",false,1,3.50,0.43,true,1,
8001620018408,false,"משקה פירות בטעם מנגו תפוח 400 מ""ל פרוטה",אקווה מינרלה סאן בנדטו ב,,,"י""ח",40,"ל מ""ל",false,1,6.90,16.50,true,1,
8001841019291,false,קפסולות לכביסה בניחוח לנור אריאל 16 יחידות,דיפלומט מפיצים (1968) בעמ,,,"י""ח",16,"י""ח",false,1,21.90,1.37,false,1,
8001841053806,false,תחבושות היגייניות אולוויז מקסי עבה לילה,דיפלומט מפיצים (1968) בעמ,,,"י""ח",1,,false,1,12.90,12.90,false,1,
8001841062624,false,מארז מגבוני פמפרס ללא בישום - רביעייה,דיפלומט מפיצים (1968) בעמ,,,"י""ח",1,,false,1,17.90,17.90,false,1,
8001841625287,false,סבון כלים פלטינום לימון X3 פעולות להסרת שומנים,דיפלומט מפיצים (1968) בעמ,,,"י""ח",1.01,ליטר,false,1,15.90,15.74,true,1,
8001841625362,false,"נוזל כלים בניחוח לימון פלטינום 780 מ""ל פיירי",דיפלומט מפיצים (1968) בעמ,,,"י""ח",780,"ל מ""ל",false,1,14.90,1.91,true,1,
8001841625461,false,סבון כלים פלטינום X3 פעולות להסרת שומנים,דיפלומט מפיצים (1986) בע`מ,,,"י""ח",500,"ל מ""ל",false,1,9.90,1.98,false,1,
8001841660257,false,מסכה לשיער פנטן מיראקלס במבוק 160 מל,דיפלומט מפיצים (1968) בעמ,,,"י""ח",160,"ל מ""ל",false,1,17.90,11.19,false,1,
8001841669519,false,קפסולות לכביסה ALL IN ONE אריאל 55 יחידות,דיפלומט מפיצים (1986) בע`מ,,,"י""ח",55,"י""ח",false,1,59.90,1.09,true,1,
8002267016475,false,ביצת שוקולד הפתעה בוב הבנאי שלישייה 60 ג,מולינו ניקולי s.p.a,,,"י""ח",60,ל גרם,false,1,12.90,21.50,true,1,
8002450201008,false,"רספברי ספרקלטיני 750 מ""ל",הכרם - משקאות חריפים בעמ,,,"י""ח",750,"ל מ""ל",false,1,26.20,3.45,true,1,
8002450203002,false,"משקה כהלי ורדי רימונים ספרקלטיני 750מ"".",הכרם - משקאות חריפים בעמ,,,"י""ח",750,"ל מ""ל",false,1,26.20,3.45,true,1,
8002450205006,false,"משקה כהלי וורדי תות ספרקלטיני 750מ""ל",הכרם - משקאות חריפים בעמ,,,"י""ח",750,"ל מ""ל",false,1,26.20,3.45,true,1,
8004030022010,false,ירקות גינה עם טונה ריו מרה אינסלטיסימי 160 ג',"בולטון אלימנטרי בע""\מ",,,"י""ח",160,ל גרם,false,1,15.90,9.94,false,1,
8004030081024,false,נתחי טונה עם שום ופלפל אדום ריו מרה 160 ג',"בולטון אלימנטרי בע""\מ",,,"י""ח",160,ל גרם,false,1,18.70,11.69,false,1,
8004030177000,false,טונה בשמן זית וצ'ילי ריו מרה מארז 80X3 גר',ש. שסטוביץ בע`מ,,,"י""ח",240,ל גרם,false,1,24.90,10.38,false,1,
8004030344938,false,"ריו מרה טונה בשמן זית 3X80 גרם מתכון חדש כשל""פ","בולטון אלימנטרי בע""\מ",,,"י""ח",240,ל גרם,false,1,24.90,10.38,false,1,
8004030860001,false,ירקות עם קוקוס וטונה ריו מרה אינסלטיסימי 160 ג',"בולטון אלימנטרי בע""\מ",,,"י""ח",160,ל גרם,false,1,15.90,9.94,false,1,
8005110001413,false,מארז זוג רוטב עגבניות 140ג MUTTI,רסטרטו יבוא ושיווק בעמ,,,"י""ח",140,ל גרם,false,1,9.90,7.07,false,1,
8005110170300,false,עגבניות מרוסקות חתוכות מוטי MUTTI שלישיה *400,רסטרטו יבוא ושיווק בעמ*אין החז,,,"י""ח",400,ל גרם,false,1,18.90,4.73,false,1,
8005200256587,false,נסטי - תה קר בטעם אפרסק 1.5 ליטר,פארייפאבה אגרואינדוס,,,"י""ח",1.50,ליטר,false,1,8.50,5.47,true,1,
8005200316588,false,תה קר נסטי אפרסק דיאט 1.5 ליטר פיקדון,פארייפאבה אגרואינדוס,,,"י""ח",1.50,ליטר,false,1,8.50,5.47,true,1,
8005803010357,false,גריסיני קלאסי - מקלות אפויים עם שמן זית ומלח,ליימן שליסל בע`מ,,,"י""ח",125,ל גרם,false,1,7.90,6.32,true,1,
8005803010371,false,"גריסיני רוזמרין - מקלות אפויים עם שמן זית, מלח ורוזמרין",ליימן שליסל בע`מ,,,"י""ח",125,ל גרם,false,1,7.90,6.32,true,1,
8006540112823,false,"לנור מרכך כביסה מרוכז בניחוח האוקיינוס 900 מ""ל",דיפלומט מפיצים (1968) בעמ,,,"י""ח",900,"ל מ""ל",false,1,15.90,1.77,true,1,
8006540222089,false,פמפרס מגבונים היגיינים לתינוקות וילדים TO GO 40 יח',דיפלומט מפיצים (1986) בע`מ,,,"י""ח",1,,false,1,7.90,7.90,false,1,
8006540429327,false,פיירי מקס פאוור לימון עם מנגנון למניעת נזילות,דיפלומט מפיצים (1968) בעמ,,,"י""ח",1.24,ליטר,false,1,9.90,7.98,false,1,
8006540495186,false,לנור מרכך כביסה מרוכז רגיש בייבי 900 מל,דיפלומט מפיצים (1986) בע`מ,,,"י""ח",900,"ל מ""ל",false,1,15.90,1.77,true,1,
8008660210021,false,מעדן ריבה מנץ אנד גאססר דובדבן 300 גר,תה ויסוצקי (ישראל) בעמ,,,"י""ח",300,ל גרם,false,1,15.90,5.30,true,1,
8008912010034,false,ליגורי- ספגטי מספר 3 500גר,תה ויסוצקי (ישראל)בעמ,,,"י""ח",500,ל גרם,false,1,8.90,1.78,true,1,
8008912010270,false,"ליגורי פסטה קסרצ'ה מספר 27, 500 גר'",תה ויסוצקי (ישראל)בעמ,,,"י""ח",500,ל גרם,false,1,8.90,1.78,true,1,
8008912010317,false,פסטה פוזילי מס (31 500 גר`)ליגורי,תה ויסוצקי (ישראל) בעמ,,,"י""ח",500,ל גרם,false,1,8.90,1.78,true,1,
8008912010423,false,פסטה פנה ריגטה מס (42 500 גר`)ליגורי,תה ויסוצקי (ישראל) בעמ,,,"י""ח",500,ל גרם,false,1,8.90,1.78,true,1,
8013399145278,false,דיאטורל סוכריות סטיביה ליקוריץ רך 70 גרם,גורי מוצרי צריכה בעמ,,,"י""ח",50,ל גרם,false,1,10,20,false,1,
8032793342458,false,עגבניות מרוסקות דק ומסוננות בבקבוק 700 ג,קונסוריזיו קאסאלסקו דל פ,,,"י""ח",700,ל גרם,false,1,11.90,1.70,true,1,
8032793344520,false,תרכיז עגבניות רסק עגבניות מרוכז מאוד,גורי מוצרי צריכה (1991) בעמ,,,"י""ח",200,ל גרם,false,1,8.90,4.45,true,1,
8076800195019,false,ברילה - צ.א ספגטי מס1 קפליני 500 גרם,ברילה גי.אי.אר פרטלי ס.פ,,,"י""ח",500,ל גרם,false,1,7.90,1.58,false,1,
8076800195033,false,ברילה - צ.א ספגטיני מס3 חדש 500 גרם,ברילה גי.אי.אר פרטלי ס.פ,,,"י""ח",500,ל גרם,false,1,7.90,1.58,false,1,
8076800195057,false,ברילה - צ.א ספגטי מס5 חדש 500 גרם,ברילה גי.אי.אר פרטלי ס.פ,,,"י""ח",500,ל גרם,false,1,7.90,1.58,false,1,
8076800315097,false,פסטה מקרוני בוקטיני מספר 9 ברילה 500 גרם,ברילה גי.אי.אר פרטלי ס.פ,,,"י""ח",500,ל גרם,false,1,7.90,1.58,false,1,
8076802085738,false,ברילה - צ.ק פנה רגטה חדש 500 גרם,ברילה גי.אי.אר פרטלי ס.פ,,,"י""ח",500,ל גרם,false,1,7.90,1.58,false,1,
8076802085936,false,ברילה פסטה צ.ק. קונצילה ריגטה חדש,ברילה גי.אי.אר פרטלי ס.פ,,,"י""ח",500,ל גרם,false,1,7.90,1.58,false,1,
8076802085981,false,ברילה - צ.ק פוזילי חדש 500 גרם,ברילה גי.אי.אר פרטלי ס.פ,,,"י""ח",500,ל גרם,false,1,7.90,1.58,false,1,
8076808050440,false,פסטה מקרוני מספר 44 ברילה 500 גרם,ש. שסטוביץ בע`מ,,,"י""ח",500,ל גרם,false,1,7.90,1.58,false,1,
8076808060654,false,פסטה פרפלה מספר 65 ברילה 500 גרם,ברילה גי.אי.אר פרטלי ס.פ,,,"י""ח",500,ל גרם,false,1,7.90,1.58,false,1,
8076808150072,false,ברילה - צ.א ספגטוני מס7 חדש 500 גרם,ברילה גי.אי.אר פרטלי ס.פ,,,"י""ח",500,ל גרם,false,1,7.90,1.58,false,1,
8076809512268,false,פסטה גירנדולה טורסדס מספר 34 ברילה 500 גרם,ברילה גי.אי.אר פרטלי ס.פ,,,"י""ח",500,ל גרם,false,1,7.90,1.58,false,1,
8076809513388,false,ברילה רוטב אראביאטה צילי לפסטה 400 ג,ברילה גי.אי.אר פרטלי ס.פ,,,"י""ח",400,ל גרם,false,1,15.90,3.98,true,1,
8076809513395,false,ברילה פומודורו רוטב עגבניות קלאסי 400 גר,ברילה גי.אי.אר פרטלי ס.פ,,,"י""ח",400,ל גרם,false,1,15.90,3.98,true,1,
8076809513654,false,בסיס רוטב עגבניות לבולונז 400 גרם ברילה,ברילה גי.אי.אר פרטלי ס.פ,,,"י""ח",400,ל גרם,false,1,15.90,3.98,true,1,
8076809513692,false,רוטב עגבניות נפולטנה בתוספת ירקות,ברילה גי.אי.אר פרטלי ס.פ,,,"י""ח",400,ל גרם,false,1,15.90,3.98,true,1,
8076809513739,false,ברילה רוטב עגבניות עם בזיליקום 400 גרם,ברילה גי.אי.אר פרטלי ס.פ,,,"י""ח",400,ל גרם,false,1,15.90,3.98,true,1,
8076809514774,false,ברילה פפרדלה איטריות ביצים 250 גרם,ברילה גי.אי.אר פרטלי ס.פ,,,"י""ח",250,ל גרם,false,1,17.90,7.16,false,1,
8076809523561,false,ברילה - רוטב פסטה בטעם טוסקנה 400 גרם,ברילה גי.אי.אר פרטלי ס.פ,,,"י""ח",1,,false,1,15.90,15.90,true,1,
8076809523738,false,דפי לזניה ברילה 500 גרם,ברילה גי.אי.אר פרטלי ס.פ,,,"י""ח",500,ל גרם,false,1,24.90,4.98,false,1,
8076809578998,false,ברילה - צ.ק. סטלינה 500 גרם,ברילה גי. אי. אר פרטלי ס,,,"י""ח",500,ל גרם,false,1,7.90,1.58,false,1,
8121300206946,false,ממתיק סיטיביה טרוביה 80 שקיות אישיות,גורי ע.ע.ע. בע`מ,,,"י""ח",80,"ל מ""ל",false,1,29.90,37.38,false,1,
8121300208780,false,טרוביה תחליף סוכר לכל מטרה 360 גרם,גורי ע.ע.ע. בעמ,,,"י""ח",360,"ל מ""ל",false,1,34.90,9.69,true,1,
8410076600622,false,חטיפי גרנולה קראנצ'י עם שוקולד מריר נייצ'ר ואלי 210 גרם,ג'נרל מילס סאן אדריאן,,,"י""ח",210,ל גרם,false,1,19.90,9.48,true,1,
8410076610379,false,"חטיף בוטנים, חלבון סויה ושוקולד מריר עם ציפוי בטעם שוקולד",נייצ'ר ואלי Nature Valley,,,"י""ח",4,"י""ח",false,1,22.90,5.73,false,1,
8410076610386,false,נייטשר ואלי פרוטאין בוטנים עם ציפוי בטעם קרמל מלוח 160 ג',ג'\נרל מילס סאן אדריאן S,,,"י""ח",4,"י""ח",false,1,22.90,5.73,false,1,
8410104035112,false,פיניש נוזל הברקה למדיח כלים400 מ``ל,רקיט בנקיזר (ניר איסט) בעמ,,,"י""ח",400,"ל מ""ל",false,1,19.90,4.98,false,1,
8410104039134,false,"מנקה ומחדש מדיח כלים פיניש 250 מ""ל",רקיט בנקיזר (ניר איסט) בעמ,,,"י""ח",250,"ל מ""ל",false,1,16.90,6.76,true,1,
8410104045111,false,"פיניש מלח למדיח כלים 2ק""ג",רקיט בנקיזר (ניר איסט) בעמ,,,"י""ח",1,"י""ח",false,1,14.90,14.90,false,1,
8410104437268,false,מפיג ריח רגיל למדיח פיניש 1 יחידה,רקיט בנקיזר (ניר איסט) בעמ,,,"י""ח",27,ל גרם,false,1,16.90,62.59,true,1,
8412497913992,false,"בקבוק פלסטיק גדול 600מ""ל פרוזן",שמחה זה אנחנו,,,"י""ח",1,,false,1,29.90,29.90,false,1,
8420822130624,false,"ספריי סופר מסיר כתמים 750מ""ל יעקבי","יעקב יעקבי ובניו בע""מ",,,"י""ח",750,ל גרם,false,1,20.90,2.79,false,1,
8423207206488,false,סלים דליס חטיף דגנים מצופה שוקולד חלב מרבה 6*20 גרם,אף.סי תבליני בגליל ב,,,"י""ח",283,ל גרם,false,1,13.90,4.91,true,1,
8423207206495,false,סלים דליס חטיף דגנים מצופה שוקולד מריר מרבה 6*20 גרם,אף.סי תבליני בגליל ב,,,"י""ח",283,ל גרם,false,1,13.90,4.91,true,1,
8423207206501,false,סלים דליס חטיף דגנים עם שוקולד חלב מרבה 6*13 גרם,סלים דליס Slim Delis,,,"י""ח",283,ל גרם,false,1,13.90,4.91,true,1,
8423207207362,false,חטיפי סלים דליס שוקולד לבן מרבה 6 יחידות,ביסנצ'ורי אס.אל.יו,,,"י""ח",120,ל גרם,false,1,13.90,11.58,true,1,
8423207208260,false,מרבה סלים דליס 125 ג' ללא גלוטן שוקולד חלב,ביסנצ'ורי אס.אל.יו,,,"י""ח",283,ל גרם,false,1,13.90,4.91,true,1,
8423207208680,false,חטיף דגנים שוקולד סלים דליס לילדים מרבה 6 יחידות,ביסנצ'ורי אס.אל.יו,,,"י""ח",283,ל גרם,false,1,13.90,4.91,true,1,
8423207208697,false,חטיפי סלים דליס לילדים שוקולד לבן מרבה 6 יחידות,ביסנצ'ורי אס.אל.יו,,,"י""ח",283,ל גרם,false,1,13.90,4.91,true,1,
8423207208703,false,חטיפי סלים דליס שוקולד מריר מרבה 6 יחידות,ביסנצ'ורי אס.אל.יו,,,"י""ח",283,ל גרם,false,1,13.90,4.91,true,1,
8423207209748,false,חטיף דגנים מלאים שוקולד מריר נגיעות תפוז,ביסנצ'ורי אס.אל.יו,,,"י""ח",283,ל גרם,false,1,13.90,4.91,true,1,
8423207209885,false,מרבה חטיפי סלים דליס מהדורה מיוחדת שוקולד חלב,סלים דליס Slim Delis,,,"י""ח",283,ל גרם,false,1,13.90,4.91,true,1,
8423207210287,false,חטיפי סלים דליס שוקולד לבן יוגורט 6 יחידות,סלים דליס Slim Delis,,,"י""ח",120,ל גרם,false,1,13.90,11.58,true,1,
8423207210928,false,חטיף דגנים מצופה שוקולד חלב ואגוזי לוז - 5 במארז,נוטרישן אנד סנטה קוב,,,"י""ח",283,ל גרם,false,1,13.90,4.91,true,1,
8423207210942,false,חטיף דגנים מצופה שוקולד לבן ופירות יער,נוטרישן אנד סנטה קוב,,,"י""ח",283,ל גרם,false,1,13.90,4.91,true,1,
8423207210966,false,חטיף רב דגנים מצופה שוקולד לבן קוקוס ולימון,נוטרישן אנד סנטה קוב,,,"י""ח",283,ל גרם,false,1,13.90,4.91,true,1,
8423207210980,false,סלים דליס טופינג קליפת תפוז 90 גרם,נוטרישן אנד סנטה קוב,,,"י""ח",283,ל גרם,false,1,13.90,4.91,true,1,
8424842050016,false,צ'יפס בטעם כמהין 125 גרם רביו,א. סיימן סחר בעמ,,,"י""ח",125,ל גרם,false,1,12.90,10.32,true,1,
8424842050030,false,צ'יפס בטעם מלח הימלאי 125 גרם רביו,א. סיימן סחר בעמ,,,"י""ח",125,ל גרם,false,1,12.90,10.32,true,1,
8424842050085,false,צ'יפס בטעם חרדל ודבש 125 גרם רביו,א. סיימן סחר בעמ,,,"י""ח",125,ל גרם,false,1,12.90,10.32,true,1,
8425206000081,false,ריבת חלב מרדל 450 גרם,גורי מוצרי צריכה (1991) בעמ,,,"י""ח",1,,false,1,21.90,21.90,false,1,
8435495805106,false,"ביומט אבקת כביסה בניחוח רענן 5ק""ג",ליימן שליסל בעמ,,,"י""ח",5,"ק""ג",false,1,33.90,6.78,true,1,
8435495805168,false,"תינוקלין לכביסה לעור רגיש אולימפיק 1.25ק""ג",מולינו ניקולי s.p.a,,,"י""ח",1.25,"ק""ג",false,1,24.90,19.92,false,1,
8435495805199,false,אבקת כביסה תינוקלין- 66 כביסות (3 קג),מולינו ניקולי s.p.a,,,"י""ח",3,"ק""ג",false,1,43.90,14.63,false,1,
8435495807605,false,תינוקלין מרכך כביסה היפואלרגני מרוכז 1 ליטר,מולינו ניקולי s.p.a,,,"י""ח",1,ליטר,false,1,19.90,19.90,true,1,
8435495807636,false,תינוקלין ג`ל כביסה בייבי סנסטיב היפואל,ליימן שליסל בע`מ,,,"י""ח",5,"ק""ג",false,1,32.90,6.58,false,1,
8485818700014,false,משקפי ראיה איכותיים,ביג מול בעמ,,,"י""ח",1,,false,1,19.90,19.90,false,1,
8593868006014,false,"בירה בלו מון 500מ""ל פחית 5.4%",הכרם - משקאות חריפים בעמ,,,"י""ח",500,"ל מ""ל",false,1,11.90,2.32,true,1,
8606018615865,false,פיינט מילקה קרמל ליבת שוקולד 480 גרם,נגה גלידות שותפות מוגבלת,,,"י""ח",480,ל גרם,false,1,21.90,4.56,false,1,
8683130012666,false,שלגון מגנום דאבל לבן עוגיות 72 גרם,"מיוצר ע""\י יונילוור סנאי",,,"י""ח",85,ל גרם,false,1,10,11.76,true,1,
8683130025574,false,"מרכך כביסה מרוכז אקסטרה לבנדר בדין 960 מ""ל",יוניליוור ישראל שיווק בע`מ,,,"י""ח",960,"ל מ""ל",false,1,15.90,1.66,true,1,
8683130025581,false,"מרכך כביסה מרוכז אקסטרה ענבר בדין 960 מ""ל",יוניליוור ישראל שיווק בע`מ,,,"י""ח",960,"ל מ""ל",false,1,16.90,1.76,true,1,
8686868600068,false,אביזרי שיער סרטים וקשתות,אל האופק שיווק וסחר,,,"י""ח",1,,false,1,8.90,8.90,false,1,
8686868600075,false,אביזרי שיער סיכות פפיון גדולות,אל האופק שיווק וסחר,,,"י""ח",1,,false,1,9.90,9.90,false,1,
8686868600112,false,המותג אביזרי שיער,אל האופק שיווק וסחר,,,"י""ח",1,,false,1,13.90,13.90,false,1,
8686868600129,false,המותג אביזרי שיער,אל האופק שיווק וסחר,,,"י""ח",1,,false,1,12.90,12.90,false,1,
8686868600174,false,המותג אביזרי שיער,אל האופק שיווק וסחר,,,"י""ח",1,,false,1,19.90,19.90,false,1,
8686868600235,false,אביזרי מניקור טל טל,אל האופק שיווק וסחר,,,"י""ח",1,,false,1,12.90,12.90,false,1,
8690526019178,false,אי טי אי - וופל קקאו במילוי קרם קוקוס 142 גרם,מולינו ניקולי s.p.a,,,"י""ח",142,ל גרם,false,1,7.90,5.56,true,1,
8690572778326,false,פה ד.ספרי אנטיפרספינט 200 מל 1/12,שוורצקופף והנקל,,,"י""ח",200,"ל מ""ל",false,1,10.90,5.45,true,1,
8690572799529,false,"סאיוס - שמפו קרטין 500 מ""ל","הובי קוסמטיק, אנקרה, תור",,,"י""ח",500,"ל מ""ל",false,1,11.90,2.38,true,1,
8690637073373,false,תה ארל גריי בטעם ברגמוט ליפטון 25 שקיקים,יוניליוור ישראל שיווק בע`מ,,,"י""ח",50,ל גרם,false,1,9.80,19.60,false,1,
8690637073434,false,תה ארל גריי בטעם ברגמוט ללא שקית100ש,"יוניליוור ישראל שיווק בע""מ",,,"י""ח",200,ל גרם,false,1,25.90,12.95,false,1,
8690637504426,false,"קרם ניקוי סיף בניחוח לימון 500 מ""ל",יוניליוור ישראל שיווק בע`מ,,,"י""ח",500,"ל מ""ל",false,1,10.90,2.18,false,1,
8690637555084,false,"מרכך כביסה מרוכז אקסטרה פריחת התפוז בדין 960 מ""ל","יוניליוור ישראל שיווק בע""מ",,,"י""ח",960,"ל מ""ל",false,1,17.90,1.86,true,1,
8690637704390,false,"מרכך שיער לטיפוח יום יומי דאב 600 מ""ל","יוניליוור ישראל שיווק בע""מ",,,"י""ח",600,"ל מ""ל",false,1,19.90,3.32,true,1,
8690637842382,false,מגנום דאבל פרי יער שטראוס 82 גר,"מיוצר ע""\י יונילוור סנאי",,,"י""ח",85,ל גרם,false,1,11,12.94,true,1,
8690637842399,false,מאגדת מגנום מיני דאבל פרי יער שוקולד 6 יח' נסטלה,יוניליוור סנאי וי סי,,,"י""ח",379,ל גרם,false,1,27.90,7.36,false,1,
8690637858734,false,ג'ל לניקוי כללי בתוספת אקונומיקה בניחוח לימון,"יוניליוור ישראל שיווק בע""מ",,,"י""ח",750,"ל מ""ל",false,1,10.90,1.45,false,1,
8690637858758,false,ג'ל לניקוי כללי בתוספת אקונומיקה בניחוח אורנים,יוניליוור ישראל שיווק בע`מ,,,"י""ח",750,"ל מ""ל",false,1,10.90,1.45,false,1,
8690637865589,false,"דאב תרחיץ ידיים בניחוח מלפפונים ותה ירוק 500 מ""ל",יוניליוור ישראל שיווק בעמ,,,"י""ח",500,"ל מ""ל",false,1,19.90,3.98,false,1,
8690637865596,false,תחליב רחצה לניקוי וטיפוח עור היד 750 מ,יוניליוור ישראל שיווק בעמ,,,"י""ח",500,"ל מ""ל",false,1,19.90,3.98,false,1,
8690637866654,false,תה ירוק קלאסי בדצ 50 מעטפות ללא קפאין,יוניליוור ישראל שיווק בע`מ,,,"י""ח",375,ל גרם,false,1,25.90,6.91,false,1,
8690637871245,false,הלמנס מיונז אמיתי 395 גר' בקבוק לחיץ.,יוניליוור ישראל שיווק בע`מ,,,"י""ח",789,ל גרם,false,1,14.90,1.89,false,1,
8690637890666,false,מאגדת מגנום מיני דאבל פיסטוק 6 יח' שטראוס,יוניליוור סנאיי וי ט,,,"י""ח",270,ל גרם,false,1,27.90,10.33,false,1,
8690637946301,false,"בדין - מרכך כביסה אקסטרא בייביי כחול 960 מ""ל","יוניליוור ישראל שיווק בע""מ",,,"י""ח",960,"ל מ""ל",false,1,17.90,1.86,false,1,
8690637976995,false,"מרכך כביסה מרוכז אקסטרה ורוד סחלבים פראי בדין 960 מ""ל","יוניליוור ישראל שיווק בע""מ",,,"י""ח",960,"ל מ""ל",false,1,17.90,1.86,true,1,
8690637989612,false,שלגון שמנת בטעם וניל עם ריפל בטעם שוקולד 246 גרם,יונילוור סנאיי וי טיג'\,,,"י""ח",270,ל גרם,false,1,27.90,10.33,false,1,
8690637989629,false,מגנום דאבל דולצ'ה גולד בטעם וניל עם ריפל בטעם שוקולד 246 גרם,יונילוור סנאיי וי טיג'\,,,"י""ח",85,ל גרם,false,1,11,12.94,true,1,
8690637997914,false,גלידת מגנום וניל שקדים בכוס אישית 76 גרם,יונילוור סנאיי וי טיג'\,,,"י""ח",57,ל גרם,false,1,7.90,13.86,false,1,
8690757002444,false,"נוזל להברקת נעליים שחור 75 SILVERמ""ל",אינטרסן (1996) בעמ,,,"י""ח",75,"ל מ""ל",false,1,6.90,9.20,false,1,
8690766156367,false,טבלת שוקולד חלב מעולה 90 גר` גודייבה,תה ויסוצקי (ישראל) בעמ,,,"י""ח",90,ל גרם,false,1,14.90,16.56,true,1,
8690766156374,false,גודייבה שוקולד מריר מעולה 72% מוצקי קקאו 72גרם,תה ויסוצקי (ישראל) בעמ,,,"י""ח",90,ל גרם,false,1,14.90,16.56,true,1,
8690766156381,false,גודייבה שוקולד מריר 90% מוצקי קקאו 90 גרם,תה ויסוצקי (ישראל) בעמ,,,"י""ח",90,ל גרם,false,1,14.90,16.56,true,1,
8690784516440,false,דאק נוזל לניקוי מתקדם בניחוח לבנדה בודד 750מל,"אס.סי.ג'\ונסון מידרכט, ה",,,"י""ח",750,"ל מ""ל",false,1,8.90,1.19,false,1,
8690784614665,false,דאק סבון ניקוי לאסלה 5ב1 בניחוח ים,דאופלור אס פי אי כונ,,,"י""ח",30,"ל מ""ל",false,1,8.90,29.67,true,1,
8690784614771,false,סבון דאק לניקוי אסלה בניחוח רענן נתלה,דאופלור אס.פי.אי כונ,,,"י""ח",30,"ל מ""ל",false,1,8.90,29.67,true,1,
8693323085100,false,גומי יוגטה שטיחים חמוצים טעם פירות 100 ג,ליימן שליסל בע`מ,,,"י""ח",100,ל גרם,false,1,4.90,4.90,false,1,
8693495037853,false,זוג מברשות שיניים קולגייט סלים סופט זהב,הנסיך- מפעל לייצור ט,,,"י""ח",1,,false,1,22.90,22.90,false,1,
8697040109903,false,"אסותא ג`ל רחצה אלוורה 700מ""ל",עיסא ערטול בעמ-סוכן הנקל סוד,,,"י""ח",700,"ל מ""ל",false,1,7.90,1.13,true,1,
8697040109910,false,"אסותא ג`ל רחצה פירות יער 700מ""ל",עיסא ערטול בעמ-סוכן הנקל סוד,,,"י""ח",700,"ל מ""ל",false,1,7.90,1.13,true,1,
8697040109927,false,"אסותא ג`ל רחצה שוקולד 700מ""ל",עיסא ערטול בעמ-סוכן הנקל סוד,,,"י""ח",700,"ל מ""ל",false,1,7.90,1.13,true,1,
8697040109934,false,"אסותא ג`ל רחצה קוקוס 700מ""ל",עיסא ערטול בעמ-סוכן הנקל סוד,,,"י""ח",700,"ל מ""ל",false,1,7.90,1.13,true,1,
8697040109941,false,"אסותא ג`ל רחצה ורדים 700מ""ל",עיסא ערטול בעמ-סוכן הנקל סוד,,,"י""ח",700,"ל מ""ל",false,1,7.90,1.13,true,1,
8697040109958,false,"אסותא שמפו לשיער רגיל 700מ""ל",עיסא ערטול בעמ-סוכן הנקל סוד,,,"י""ח",700,"ל מ""ל",false,1,7.90,1.13,true,1,
8697040109965,false,"אסותא שמפו ומרכך 700מ""ל",עיסא ערטול בעמ-סוכן הנקל סוד,,,"י""ח",700,"ל מ""ל",false,1,7.90,1.13,true,1,
8697040109972,false,"אסותא שמפו לשיער יבש 700מ""ל",עיסא ערטול בעמ-סוכן הנקל סוד,,,"י""ח",700,"ל מ""ל",false,1,7.90,1.13,true,1,
8697040109989,false,"אסותא שמפו לשיער פגום 700מ""ל",עיסא ערטול בעמ-סוכן הנקל סוד,,,"י""ח",700,"ל מ""ל",false,1,7.90,1.13,true,1,
8697040109996,false,"אסותא שמפו אלוורה 700מ""ל",עיסא ערטול בעמ-סוכן הנקל סוד,,,"י""ח",700,"ל מ""ל",false,1,7.90,1.13,true,1,
8697040110008,false,"אסותא שמפו לשיער צבוע 700מ""ל",עיסא ערטול בעמ-סוכן הנקל סוד,,,"י""ח",700,"ל מ""ל",false,1,7.90,1.13,true,1,
8697040110039,false,"אסותא ג`ל רחצה לגבר מנטה 700מ""ל",עיסא ערטול בעמ-סוכן הנקל סוד,,,"י""ח",700,"ל מ""ל",false,1,7.90,1.13,true,1,
8697040110046,false,"אסותא ג`ל רחצה לגבר מנטה ותה 700מ""ל",עיסא ערטול בעמ-סוכן הנקל סוד,,,"י""ח",700,"ל מ""ל",false,1,7.90,1.13,true,1,
8697040110053,false,"אסותא ג`ל רחצה שקדים 700מ""ל",עיסא ערטול בעמ-סוכן הנקל סוד,,,"י""ח",700,"ל מ""ל",false,1,7.90,1.13,true,1,
8697040110060,false,"אסותא ג`ל רחצה יוגורט וניל 700מ""ל",עיסא ערטול בעמ-סוכן הנקל סוד,,,"י""ח",700,"ל מ""ל",false,1,7.90,1.13,true,1,
8697040110077,false,"אסותא מרכך לשיער רגיל 700מ""ל",עיסא ערטול בעמ-סוכן הנקל סוד,,,"י""ח",700,"ל מ""ל",false,1,7.90,1.13,true,1,
8697418261370,false,מים 0.5ליטר אקווה ביני פקק רגיל בודד,אלמוג ר.א.מ. מזון בעמ,,,"י""ח",50,"ל מ""ל",false,1,2.90,5.20,false,1,
8697418261431,false,מים 0.5ליטר אקווה בינ פקק רגיל מארז 12יח,אלמוג ר.א.מ. מזון בעמ,,,"י""ח",6,ליטר,false,1,19.90,2.72,false,1,
8697420697914,false,זיתים שחורים יבשים במלח 700גר.,דין שיווק וקליה 2021 בעמ,,,"י""ח",700,ל גרם,false,1,18.90,2.70,false,1,
8697530910743,false,סיגריות פאל מאל כחול קצר מטאליק,גלוברנדס בעמ - שיווק סיגריות,,,"י""ח",1,,false,1,29.50,29.50,false,1,
8697530910750,false,סיגריות פאל מאל כחול ארוך האוס,גלוברנדס בעמ - שיווק סיגריות,,,"י""ח",1,,false,1,29.50,29.50,false,1,
8697826469092,false,טורטיה קטנה שקדיה 540 גרם 12 יחידות,דין שיווק וקליה 2021 בעמ,,,"י""ח",540,ל גרם,false,1,9.90,1.83,true,1,
8710428005755,false,תרכובת מזון לתינוקות על בסיס חלבון סויה איזומיל שלב 1,"אבוט מעבדות רפואיות בע""מ",,,"י""ח",400,ל גרם,false,1,46.90,11.73,false,1,
8710428005762,false,תרכובת מזון לתינוקות על בסיס חלבון סויה איזומיל טף שלב 2,"אבוט מעבדות רפואיות בע""מ",,,"י""ח",400,ל גרם,false,1,46.90,11.73,false,1,
8710428016348,false,אבקת משקה להשלמה תזונתית וניל 400 ג' פדיאשור,אבוט מעבדות רפואיות,,,"י""ח",400,ל גרם,false,1,49.90,12.48,false,1,
8710502064814,false,עוגיות מרבה שוקולד ציפס במרקם רך 175 גר,בנקטבקריי מרבה בי.וי,,,"י""ח",225,ל גרם,false,1,9.90,4.40,true,1,
8710502139017,false,עוגיות טריפל שוקולד צ`יפס מרבה (180 גרם),בנקטבקריי מרבה בי.וי,,,"י""ח",180,ל גרם,false,1,9.90,5.50,true,1,
8710502279010,false,מרבה עוגיות שוקולד צ'יפס מצופות שוקולד 175 גרם,"י.מרבה ישראל בע""מ",,,"י""ח",225,ל גרם,false,1,9.90,4.40,true,1,
8710502285509,false,מרבה - עוגיות לימון ושוקולד צ'יפס במרקם רך 175 גרם,בנקטבקריי מרבה בי.וי,,,"י""ח",225,ל גרם,false,1,9.90,4.40,true,1,
8710502470028,false,עוגיות שוקולד צ'יפס ממולאות בקרם נוגט,קריניציה ויטמינה אס,,,"י""ח",160,ל גרם,false,1,9.90,6.19,true,1,
8710552274614,false,שמפו קצף לנ.שטיחים וניש קליה גולד 600 מל,רקיט בנקיזר (ניר איסט) בעמ,,,"י""ח",600,"ל מ""ל",false,1,29.90,4.98,true,1,
8710679158248,false,"צ`יפס קלאסי 2.5ק""ג ק",***אדום גרופ למזון שיווק***,,,"י""ח",2.50,"ק""ג",false,1,27.90,11.16,false,1,
8710800961310,false,סוכריות בטעם תות מנטוס 4*375 גרם,פרפטי ואן מלה ברדה,,,"י""ח",150,ל גרם,false,1,11.90,7.93,false,1,
8710847942679,false,טרזמה שמפו לשיער יבש בתוספת שמן המפ,"יוניליוור ישראלשיווק בע""מ",,,"י""ח",400,"ל מ""ל",false,1,15.90,3.98,true,1,
8710847942693,false,טרזמה מרכך לשיער יבש שמן המפ 400 מל,יוניליוור ישראל שיווק בעמ,,,"י""ח",400,"ל מ""ל",false,1,15.90,3.98,true,1,
8710847973970,false,"תחליב רחצה דאב אלוורה מי עץ שדר, 750 מ""ל",יוניליוור ישראל שיווק בע`מ,,,"י""ח",750,"ל מ""ל",false,1,22.90,3.05,true,1,
8710908326691,false,"תחליב רחצה פרח האדמונית דאב 750 מ""ל",יוניליוור ישראל שיווק בע`מ,,,"י""ח",750,"ל מ""ל",false,1,19.90,2.65,true,1,
8711000371244,false,"ג'ייקובס קפסולות אספרסו (8) 10 יח', 52ג' לונגו",דיפלומט מפיצים (1968) בעמ**,,,"י""ח",52,ל גרם,false,1,16.90,32.50,true,1,
8711000431108,false,קפסולות קפה אספרסו הודו (10)52 גר`לור,דיפלומט מפיצים (1968) בעמ**,,,"י""ח",52,ל גרם,false,1,19.90,38.27,true,1,
8711327475618,false,מגנום פיינט וניל קלאסיק 260 גר`,"מפעל גלידות בווספרם, רחו",,,"י""ח",260,ל גרם,false,1,23.90,9.19,false,1,
8711327475663,false,מגנום פיינט וניל שוקולד לבן 260 גרם,"מפעל גלידות בווספרם, רחו",,,"י""ח",260,ל גרם,false,1,23.90,9.19,false,1,
8711327475717,false,מגנום פיינט וניל שקדים 260 גרם,"מפעל גלידות בווספרם, רחו",,,"י""ח",260,ל גרם,false,1,23.90,9.19,false,1,
8711327475762,false,מגנום פיינט שוקולד לבן עוגיות 260 גרם,"מפעל גלידות בווספרם, רחו",,,"י""ח",260,ל גרם,false,1,23.90,9.19,false,1,
8711700665834,false,סבון מוצק Beauty cream bar בניחוח מלפפון ותה ירוק - מארז שישיה,יוניליוור ישראל שיווק בעמ,,,"י""ח",6,"י""ח",false,1,23.90,3.98,false,1,
8712000051099,false,"שישיית בירה היינקן 0% אלכוהל בקבוק 330 מ""ל","מבשלת היינקן, ריטבלדנברג",,,"י""ח",1.98,ליטר,false,1,31.90,15.20,true,1,
8712400802499,false,תרכובת מזון המשך לפעוטות על בסיס חלב שלב 1,דיפלומט מפיצים (1968) בעמ**,,,"י""ח",800,ל גרם,false,1,64.90,8.11,false,1,
8712400802512,false,תרכובת מזון המשך לפעוטות על בסיס חלב שלב 2,דיפלומט מפיצים (1968) בעמ**,,,"י""ח",800,ל גרם,false,1,64.90,8.11,false,1,
8712400802536,false,תרכובת מזון המשך לפעוטות על בסיס חלב שלב 3,דיפלומט מפיצים (1968) בעמ**,,,"י""ח",800,ל גרם,false,1,64.90,8.11,false,1,
8712561594608,false,"דאב תחליב רחיצה להזנה עמוקה 750 מ""ל",יוניליוור ישראל שיווק בע`מ,,,"י""ח",750,"ל מ""ל",false,1,22.90,3.05,true,1,
8712561611411,false,"תחליב רחצה בניחוח מלפפון ותה ירוק דאב 750 מ""ל",יוניליוור ישראל שיווק בע`מ,,,"י""ח",750,"ל מ""ל",false,1,22.90,3.05,true,1,
8714599410806,false,ג'ייקובס קרוננג מיובש בהקפאה 160 גרם סגירה חוזרת,דיפלומט מפיצים (1968) בעמ**,,,"י""ח",160,ל גרם,false,1,19.90,12.44,true,1,
8714599412336,false,קפה נמס בריסטה אמריקנו קלוי וטחון 160 ג' ג'ייקובס,ג'\ייקובס דאו אגברטס רוס,,,"י""ח",160,ל גרם,false,1,27.90,17.44,false,1,
8714599513781,false,"קפה נמס מיובש בהקפאה זהב צנצנת ג'ייקובס 200 גרם לל""ס",דיפלומט מפיצים (1968) בעמ**,,,"י""ח",200,ל גרם,false,1,25.90,12.95,false,1,
8714599513835,false,גי'קובס קרונונג נייט אנד דיי - נטול קופיאין,דיפלומט מפיצים (1968) בעמ**,,,"י""ח",200,ל גרם,false,1,36.90,18.45,false,1,
8714599513866,false,"קפה נמס מיובש בהקפאה קרונג צנצנת ג'ייקובס 200 גרם לל""ס",דיפלומט מפיצים (1968) בעמ**,,,"י""ח",200,ל גרם,false,1,25.90,12.95,true,1,
8714789402918,false,נוזל לניקוי כללי ורצפות בניחוח פרחי בר אג'קס 1.5 ליטר,הנסיך- מפעל לייצור ט,,,"י""ח",1.50,ליטר,false,1,19.90,13.27,true,1,
8714789402970,false,נוזל לניקוי כללי ורצפות בניחוח פרחי אביב אגק'ס 1.5 ליטר,הנסיך- מפעל לייצור ט,,,"י""ח",1.50,ליטר,false,1,19.90,13.27,true,1,
8714789450315,false,פלמוליב כלים שקוף לימון 1.5 ליטר,הנסיך- מפעל לייצור ט,,,"י""ח",1.50,ליטר,false,1,15.90,10.60,true,1,
8714789834467,false,פלמוליב נוזל לניקוי כלים קלאסי 1.5 ליטר,קולגייט-פלמוליב,,,"י""ח",1.50,ליטר,false,1,15.90,10.60,true,1,
8714789930848,false,"משחת שיניים אופטיק וייט הלבנה מיידית קולגייט 75 מ""ל",איינשטיין-צור יבוא-יצוא וסחר ב,,,"י""ח",750,"ל מ""ל",false,1,22.90,3.05,true,1,
8714789966403,false,ליידי ספיד סטיק פרו 5 ג`ל 65 גרם,קולגייט פלמוליב,,,"י""ח",1,"י""ח",false,1,23.10,23.10,true,1,
8715700110141,false,מיונז קרמי היינץ צנצנת 460ג',דיפלומט מפיצים (1968) בעמ**,,,"י""ח",460,ל גרם,false,1,11.90,2.59,false,1,
8715700110158,false,היינץ ממרח במרקם קרמי צנצנת 490 גרם,דיפלומט מפיצים (1968) בעמ**,,,"י""ח",490,ל גרם,false,1,11.90,2.43,false,1,
8715700115641,false,ממרח מיונז לחיץ לייט במרקם קרמי 420 ג' היינץ,דיפלומט מפיצים (1968) בעמ**,,,"י""ח",395,ל גרם,false,1,15.90,4.03,false,1,
8715700117805,false,"קטשופ היינץ מתבל עגבניות ללא תוספת סוכר ומלח 425 מ""ל",דיפלומט מפיצים (1968) בעמ**,,,"י""ח",400,ל גרם,false,1,11.90,2.98,false,1,
8715700120874,false,מתבל עגבניות היינץ בתוספת שום,דיפלומט מפיצים (1968) בעמ**,,,"י""ח",460,ל גרם,false,1,12.90,2.80,false,1,
8715700419732,false,מתבל עגבניות היינץ (700 גרם),דיפלומט מפיצים (1968) בעמ**,,,"י""ח",700,ל גרם,false,1,12.90,1.84,true,1,
8715700423906,false,היינץ מתבל עגבניות מופחת סוכר ומלח 50/50 550 גרם,דיפלומט מפיצים (1968) בעמ**,,,"י""ח",555,ל גרם,false,1,11.90,2.14,false,1,
8717163647226,false,"אקס דאודורנט ספריי גוף בלאק 150 מ""ל","יוניליוור ישראל שיווק בע""מ",,,"י""ח",150,"ל מ""ל",false,1,16.90,11.27,true,1,
8717163647233,false,"אקס דאודורנט ספריי גוף בלאק נייט 150 מ""ל",יוניליוור ישראל שיווק בע`מ,,,"י""ח",150,"ל מ""ל",false,1,16.90,11.27,true,1,
8717163647240,false,"אקס דאודורנט ספריי גוף לגבר שוקולד 150 מ""ל",יוניליוור ישראל שיווק בע`מ,,,"י""ח",150,"ל מ""ל",false,1,16.90,11.27,true,1,
8717163647257,false,"אקס דאודורנט ספריי גוף גולד 150 מ""ל",יוניליוור ישראל שיווק בע`מ,,,"י""ח",150,"ל מ""ל",false,1,16.90,11.27,true,1,
8717163647264,false,"אקס דאודורנט ספריי גוף אייס צ'יל 150 מ""ל",יוניליוור ישראל שיווק בע`מ,,,"י""ח",150,"ל מ""ל",false,1,16.90,11.27,true,1,
8717163647301,false,"אקס ספריי אנטיפרספרנט גולדן 150 מ""ל",יוניליוור ישראל שיווק בע`מ,,,"י""ח",150,"ל מ""ל",false,1,16.90,11.27,true,1,
8717163655764,false,"רקסונה - דאודורנט ספריי לאישה שוואר פרש 150 מ""ל",יוניליוור ישראל שיווק בעמ,,,"י""ח",150,"ל מ""ל",false,1,16.90,11.27,true,1,
8717163663493,false,"רקסונה - דאודורנט ספריי לגבר קובלט דריי 150 מ""ל","יוניליוור ישראל שיווק בע""מ",,,"י""ח",1,"י""ח",false,1,16.90,16.90,true,1,
8717163711668,false,"דאודורנט רקסונה ספריי נשים טלק 150 מ""ל",יוניליוור ישראל שיווק בעמ,,,"י""ח",150,"ל מ""ל",false,1,16.90,11.27,true,1,
8717644390566,false,דאב סבון מוצק רביעייה- מלפפונים ותה ירו,יוניליוור ישראל שיווק בע`מ,,,"י""ח",400,ל גרם,false,1,15.90,3.98,false,1,
8718114734484,false,ממרח מיוני מיילי 320 גרם,א. סיימן סחר בעמ,,,"י""ח",320,ל גרם,false,1,17.90,5.59,true,1,
8718951031241,false,אלמקס משחת שיניים פרופשיונל 75 מל,ש.שסטוביץ בעמ,,,"י""ח",100,ל גרם,false,1,18.90,18.90,false,1,
8718951144064,false,מרידול מברשת שיניים פרודונט אקספרט זוג,"ש. שסטוביץ בע""\מ",,,"י""ח",1,,false,1,32.90,32.90,false,1,
8718951160897,false,ספריי אקונומיקה עוצמת ה7 טריגר אגקס 500מ,קולגייט פלמוליב,,,"י""ח",500,"ל מ""ל",false,1,15.90,3.18,true,1,
8718951187115,false,זוג מברשות שיניים אלמקס לילדים גילאי 3-6,ש.שסטוביץ בעמ,,,"י""ח",2,"י""ח",false,1,22.90,11.45,false,1,
8718951190191,false,"אגקס טריגר בוסט לימון וסודה 500מ""ל",קולגייט פלמוליב פירא,,,"י""ח",500,"ל מ""ל",false,1,15.90,3.18,true,1,
8718951236790,false,"קולגייט טוטאל משחת שיניים קלין מינט לפה בריא 100 מ""ל",קולגייט פלמוליב,,,"י""ח",100,"ל מ""ל",false,1,17.90,17.90,true,1,
8718951236813,false,"קולגייט טוטאל משחת שיניים ניקוי מתקדם לפה בריא יותר 100 מ""ל",קולגייט פלמוליב,,,"י""ח",100,"ל מ""ל",false,1,17.90,17.90,true,1,
8718951254527,false,קולגייט משחה סנסיטיב פרו רליף חוזק מוגבר,קולגייט פלמוליב,,,"י""ח",125,"ל מ""ל",false,1,18.90,15.12,true,1,
8718951264618,false,"קולגייט אופטיק וייט פחם צ'רקול משחת שיניים, 75 מ""ל",איינשטיין-צור יבוא-יצוא וסחר ב,,,"י""ח",256,ל גרם,false,1,26.90,10.51,true,1,
8718951288492,false,"משחת שיניים מרידול בי טיוב מארז 2*75 מ""ל",קולגייט פלמוליב,,,"י""ח",150,ל גרם,false,1,29.90,19.93,false,1,
8718951289833,false,פלמוליב סבון מוצק רביעייה לומינוס 360 ג,קולגייט פלמוליב,,,"י""ח",360,ל גרם,false,1,16.90,4.69,true,1,
8718951290150,false,קולגייט שטיפת פה Gum Invigorate,ש.שסטוביץ בעמ,,,"י""ח",500,"ל מ""ל",false,1,29.90,5.98,true,1,
8718951313927,false,"סבון ידיים משאבה פלמוליב חימר טונוס 300 מ""ל",ש.שסטוביץ בעמ,,,"י""ח",300,"ל מ""ל",false,1,9.90,3.30,true,1,
8718951334090,false,"מרכך כביסה מרוכז כחול 650 מ""ל סופלין",ש.שסטוביץ בעמ,,,"י""ח",0.65,ליטר,false,1,9.90,15.23,true,1,
8718951334120,false,"מרכך כביסה סופלין מרוכז לבנדר 650 מ""ל",ש.שסטוביץ בעמ,,,"י""ח",0.65,ליטר,false,1,9.90,15.23,true,1,
8718951338098,false,ליידי ספיד רול און פ,ש.שסטוביץ בעמ,,,"י""ח",50,"ל מ""ל",false,1,14.90,29.80,true,1,
8718951354807,false,נוזל רצפות אגקס חגיגת הפרחים יסמין 1.5 ל,קולגייט פלמוליב,,,"י""ח",1.50,ליטר,false,1,19.90,13.27,true,1,
8718951382718,false,"פלמוליב ג'ל רחצה חימר התחדשות 750 מ""ל",קולגייט פלמוליב,,,"י""ח",750,"ל מ""ל",false,1,19.90,2.65,true,1,
8718951385290,false,אג`קס ניקוי כללי עוצמת ב -7כחול 2 ליטר,קולגייט פלמוליב,,,"י""ח",2,ליטר,false,1,22.90,11.45,false,1,
8718951391284,false,נוזל אנטיבקטריאלי לניקוי כללי ורצפות רעננות הים,קולגייט-פלמוליב,,,"י""ח",1.50,ליטר,false,1,19.90,13.27,false,1,
8718951409798,false,זוג מברשות שיניים מקס וויט פחם קולגייט,הנסיך- מפעל לייצור ט,,,"י""ח",1,,false,1,28.90,28.90,false,1,
8718951443396,false,"סבון ידיים חלב ודבש פלמוליב מארז 3*300 מ""ל",ש.שסטוביץ בעמ,,,"י""ח",900,"ל מ""ל",false,1,23.10,2.57,false,1,
8718951470538,false,קולגייט משחת שיניים מקס פרש ביטיוב 125*2 כשלפ,קולגייט פלמוליב,,,"י""ח",100,"ל מ""ל",false,1,29.90,29.90,false,1,
8718951497184,false,"פלמוליב סבון נוזלי ים תיכוני 750 מ""ל",ש.שסטוביץ בעמ,,,"י""ח",750,"ל מ""ל",false,1,19.90,2.65,true,1,
8718951497207,false,"פלמוליב סבון נוזלי משאבה 750 מ""ל",ש.שסטוביץ בעמ,,,"י""ח",750,"ל מ""ל",false,1,19.90,2.65,true,1,
8718951509627,false,"קולגייט אופטיק וייט לאוהבי קפה ותה משחת שיניים 75 מ""ל",קולגייט פלמוליב,,,"י""ח",256,ל גרם,false,1,26.90,10.51,true,1,
8719200997998,false,מרגרינה למריחה בישול וטיגון 200 ג' בלו בנד,דיפלומט מפיצים (1968) בעמ**,,,"י""ח",200,ל גרם,false,1,5.50,2.75,false,1,
8719200998001,false,מרגרינה לאפיה ובישול בלי מלח 200 ג' בלו בנד,יוניליוור ישראל מזון בע\,,,"י""ח",200,ל גרם,false,1,4.90,2.45,false,1,
8719200998018,false,מחמאה מרגרינה בטעם חמאה בלובנד 200 גרם,"מיוצר ע""\י יוניליוור ישר",,,"י""ח",200,ל גרם,false,1,5.60,2.80,false,1,
8719200998094,false,"מרגרינה מזולה לאפיה ללא תוספת מלח 200גר - 40 יח' -כשל""פ","מיוצר ע""\י יוניליוור ישר",,,"י""ח",200,ל גרם,false,1,7.50,3.75,false,1,
8719200998100,false,מרגרינה מזולה לאפיה טעם חמאה 200גר - 40 יח',דיפלומט מפיצים (1968) בעמ**,,,"י""ח",200,ל גרם,false,1,7.50,3.75,false,1,
8720181043093,false,"אקס דאודורנט ספריי גוף אפולו 150מ""ל",יוניליוור ישראל שיווק בע`מ,,,"י""ח",150,"ל מ""ל",false,1,16.90,11.27,true,1,
8720181045912,false,"אקס דאודורנט ספריי גוף אפריקה 150 מ""ל",יוניליוור ישראל שיווק בע`מ,,,"י""ח",150,"ל מ""ל",false,1,16.90,11.27,true,1,
8720181046605,false,דאב - דאודורנט ספריי לאישה אורגינל כחול 150מל,"יוניליוור ישראל שיווק בע""מ",,,"י""ח",90,"ל מ""ל",false,1,15.90,17.67,true,1,
8720181090219,false,תחליב רחצה רימונים ותמצית פרח היביסקוס,יוניליוור ישראל שיווק בעמ,,,"י""ח",750,"ל מ""ל",false,1,22.90,3.05,true,1,
8720181114458,false,אקס דאו ספריי לאישה 150 מל(יבוא מקביל,איינשטיין-צור יבוא-יצוא וסחר ב,,,"י""ח",150,"ל מ""ל",false,1,16.90,11.27,true,1,
8723400756552,false,מארז סוכריות מנטוס Mentos ריינבואו,פרפטי ואן מלה ברדה,,,"י""ח",1,,false,1,11.90,11.90,false,1,
8801055707966,false,קפה טייסטרס צ`ויס בריסטה נסקפה (180 גרם),קבוצת אוסם סחר שותפות מוגבלת,,,"י""ח",180,ל גרם,false,1,32.90,18.28,false,1,
8801055709465,false,אבקה להכנת משקה קפה בטעם קפוצ'ינו וניל,קבוצת אוסם סחר שותפות מוגבלת,,,"י""ח",180,ל גרם,false,1,19.90,11.06,false,1,
8801055709489,false,אבקה להכנת משקה קפה בטעם קפוצ'ינו אגוזים,קבוצת אוסם סחר שותפות מוגבלת,,,"י""ח",180,ל גרם,false,1,19.90,11.06,false,1,
8809168840471,false,חטיף אצות מיובשות 9יח 4.5גרם.,מזרח ומערב יבוא ושיווק,,,"י""ח",9,"י""ח",false,1,24.90,2.77,false,1,
8850180040028,false,"טמפורה 500 גרם ""מזרח ומערב""",מזרח ומערב יבוא ושיווק,,,"י""ח",500,"ל מ""ל",false,1,10.90,2.18,false,1,
8850206250592,false,רוטב צ'ילי סריראצ'ה 540 גרם (מזרח ומערב),מזרח ומערב יבוא ושיווק,,,"י""ח",530,ל גרם,false,1,19.90,3.75,false,1,
8850206251988,false,רוטב צילי חריף סריראצה צהוב 280 גרם,מזרח ומערב יבוא ושיווק,,,"י""ח",280,"ל מ""ל",false,1,18.90,6.75,false,1,
8850367992164,false,קרם קוקוס 250 מל 20-22% ללא חומר משמר,מזרח ומערב יבוא ושיווק,,,"י""ח",250,"ל מ""ל",false,1,7.90,3.16,true,1,
8850367992171,false,קרם קוקוס 1 ליטר 20-22% ללא חומר משמר,מזרח ומערב יבוא ושיווק,,,"י""ח",1,ליטר,false,1,24.90,24.90,false,1,
8850367994021,false,"רוטב צ'ילי מתוק ללא סוכר מזרח ומערב ללא גלוטן 280 מ""ל",מזרח ומערב יבוא ושיווק,,,"י""ח",280,"ל מ""ל",false,1,10.90,3.89,false,1,
8850367994779,false,מחית קארי ירוקה 50 גרם,מזרח ומערב יבוא ושיווק,,,"י""ח",50,ל גרם,false,1,5.90,11.80,false,1,
8850389103128,false,"משקה קל סאפה בטעם תפוח 300 מ""ל",פארייפאבה אגרואינדוס,,,"י""ח",300,"ל מ""ל",false,1,7.20,2.30,true,1,
8850389105832,false,סאפה משקה אלוורה בטעם תפוח עם קוביות אלוורה 1 ליטר,סאפה פובליק קומפני לימיט,,,"י""ח",1,ליטר,false,1,14,14,false,1,
8850389115336,false,משקה אלוורה בטעם מלון סאפה 1 ליטר,סאפה פובליק קומפני לימיט,,,"י""ח",1,ליטר,false,1,14,14,false,1,
8850632604259,false,"יוגטה, חיספוסים, ממתק חמוץ בצורת מקלות בטעם תות שדה,50 גרם",ליימן שליסל בע`מ,,,"י""ח",50,ל גרם,false,1,3.50,7,true,1,
8850632604266,false,"יוגטה, ממתק חמוץ בצורת מקלות בטעם קולה, 50 גרם",ליימן שליסל בע`מ,,,"י""ח",50,ל גרם,false,1,3.50,7,true,1,
8850632604372,false,"יוגטה, חיספוסים בצורת שטיח בטעם תות שדה 50 גרם",ליימן שליסל בע`מ,,,"י""ח",50,ל גרם,false,1,3.50,7,true,1,
8850632604402,false,יוגטה חיספוסים בטעם מעורב תות שדה אבטיח ענבים בננה 50 גרם,ליימן שליסל בע`מ,,,"י""ח",50,ל גרם,false,1,3.50,7,true,1,
8857101301008,false,רוטב צילי מתוק וילי 700 מל יצרןמותג: פאן,ג.וילי פוד אינטרנשיונל בעמ,,,"י""ח",700,"ל מ""ל",false,1,9.90,1.41,false,1,
8858271002870,false,רוטב פאד תאי 250 מ'ל - מקסצ'אפ,מזרח ומערב יבוא ושיווק,,,"י""ח",250,"ל מ""ל",false,1,12.90,5.16,true,1,
8858271003075,false,"רוטב סויה מתוקה מקסצ'אפ 700 מ""ל",מזרח ומערב יבוא ושיווק,,,"י""ח",700,"ל מ""ל",false,1,16.90,2.41,false,1,
8858271003921,false,רוטב קארי אדום 250 מ'ל - מקסצ'אפ,מזרח ומערב יבוא ושיווק,,,"י""ח",250,"ל מ""ל",false,1,10.90,4.36,true,1,
8858271003938,false,רוטב קארי ירוק 250 מ'ל - מקסצ'אפ,מזרח ומערב יבוא ושיווק,,,"י""ח",250,"ל מ""ל",false,1,10.90,4.36,true,1,
8858271004126,false,רוטב חמוץ מתוק 700 מ'ל - מקסצ'אפ,מזרח ומערב יבוא ושיווק,,,"י""ח",700,"ל מ""ל",false,1,16.50,2.36,false,1,
8858271004300,false,"רוטב טרייאקי 70 מ""ל מקסצ`אפ",מזרח ומערב יבוא ושיווק,,,"י""ח",700,"ל מ""ל",false,1,19.90,2.84,false,1,
8858271004799,false,"רוטב צילי מתוק אל פורפסיס 700 מ""ל",מזרח ומערב יבוא ושיווק,,,"י""ח",700,"ל מ""ל",false,1,12.90,1.84,false,1,
8858271005451,false,"רוטב סויה פורמולה 1 - 250 מ""ל מקסצ'אפ",מזרח ומערב יבוא ושיווק,,,"י""ח",250,"ל מ""ל",false,1,11.90,4.76,true,1,
8858271005772,false,"רוטב סויה ללא גלוטן (תמרי)300 מ""ל (כ)",מזרח ומערב יבוא ושיווק,,,"י""ח",300,"ל מ""ל",false,1,16.90,5.63,false,1,
8888021200256,false,סוללות אנרג'ייזר AA מקס 8 יחידות,יצרן: אנרג'ייזר סינג,,,"י""ח",1,,false,1,27.90,27.90,true,1,
8888021200720,false,סוללות אנרג'ייזר AAA מקס 8 יחידות,יצרן: אנרג'ייזר סינג,,,"י""ח",1,,false,1,23.90,23.90,false,1,
8888757103005,false,"שמן שומשום טהור 300 מ""ל",אוך אייק גואן פוד אינדוס,,,"י""ח",300,"ל מ""ל",false,1,19,6.33,false,1,
8901537024014,false,"אורז בסמטי מובחר 1 ק""ג - דוואט) יורה דיעה",ג. וילי-פוד אינטרנשיונל בע`מ,,,"י""ח",1,"ק""ג",false,1,14.90,14.90,true,1,
8934878081811,false,"דפי אורז 22 ס""מ 400 גר'(Trav) ללא גלוטן",מזרח ומערב יבוא ושיווק,,,"י""ח",400,ל גרם,false,1,14.90,3.73,true,1,
8936018435232,false,POLOSATIK דג צנינון מלוח מיובש 100 גרם,דילר בי.אמ.די פורמולה בעמ,,,"י""ח",100,ל גרם,false,1,12.90,12.90,false,1,
8936018435287,false,דג ברקודה צ'ילי מלוח מיובש BARAKUDAי 100 גרם,דילר בי.אמ.די פורמולה בעמ,,,"י""ח",100,ל גרם,false,1,12.90,12.90,false,1,
8938535541366,false,"דפי אורז 22ס""מ צבעוני 400גר ללא גלוטן",מזרח ומערב יבוא ושיווק,,,"י""ח",400,ל גרם,false,1,12.90,3.23,false,1,
9000100590693,false,"סאיוס - מוס לשיער לייצוב מקסימלי 250 מ""ל",הנקל סוד בעמ,,,"י""ח",250,"ל מ""ל",false,1,27.50,11,true,1,
9000100806657,false,"פה - דאודורנט רול און לאישה בלתי נראה 50 מ""ל",שוורצקופף והנקל,,,"י""ח",50,"ל מ""ל",false,1,10.90,21.80,true,1,
9000101372878,false,קפסולות דיסקס לניקוי כביסה לבנה וצבעונית Deep Clean,גורי שיווק בעמ,,,"י""ח",22,"י""ח",false,1,29.90,1.36,false,1,
9000101418163,false,שלישיית סבון אסלה בניחוח מתחלף תפוח ירוק ברף,גורי שיווק בעמ,,,"י""ח",50,"ל מ""ל",false,1,17.90,35.80,false,1,
9000101515596,false,קפסולות ג'ל מרוכזות לכביסה צבעונית 56 יח' פרסיל,גורי שיווק בעמ,,,"י""ח",56,"י""ח",false,1,54.90,0.98,true,1,
9000101537550,false,פרסיל קאפסולות לכביסה לבנה וצבעונית 52 יח',גורי שיווק בעמ,,,"י""ח",26,"י""ח",false,1,54.90,2.11,true,1,
9000101537581,false,פרסיל קאפסולות לכביסה צבעונית 52 יחידו,גורי שיווק בעמ,,,"י""ח",26,"י""ח",false,1,54.90,2.11,true,1,
9002975393829,false,הריבו סוכריות גומי אפרסק 70 גרם,"האריבו , ג'\י.אם.בי.אייץ",,,"י""ח",70,ל גרם,false,1,6.90,9.86,true,1,
9002975393836,false,סוכריות גילי הריבו האפי קולה 70 גרם,"האריבו , ג'\י.אם.בי.אייץ",,,"י""ח",70,ל גרם,false,1,6.90,9.86,true,1,
9002975393843,false,סוכריות גילי הריבו גולדברס 70 גרם,"האריבו , ג'\י.אם.בי.אייץ",,,"י""ח",70,ל גרם,false,1,6.90,9.86,true,1,
9002975393850,false,סוכריות גילי הריבו וורמס 70 גרם,"האריבו , ג'\י.אם.בי.אייץ",,,"י""ח",70,ל גרם,false,1,6.90,9.86,true,1,
9005835312718,false,"קלרו פירמידה מלח למדיח כלים 1 ק""ג CLARO","יעקב יעקבי ובניו בע""מ",,,"י""ח",1,"י""ח",false,1,13.90,13.90,true,1,
9005835312732,false,"קלרו נוזל הברקה למדיח כלים 500 מ""ל CLARO","יעקב יעקבי ובניו בע""מ",,,"י""ח",1,"י""ח",false,1,13.90,13.90,true,1,
9044400851672,false,סוכריות פז סוגים שונים + 3 מילויים,ר.ב. מוצרי דגנים בעמ,,,"י""ח",25.50,ל גרם,false,1,11.90,46.67,false,1,
9044400885578,false,סוכ.פז מילוי ט.פירות68גר,ר.ב. מוצרי דגנים בעמ,,,"י""ח",8,"י""ח",false,1,10.90,1.36,false,1,
9120025834723,false,חטיף אוראו מצונן 120 גרם רבנות,ג.וילי-פוד אינטרנשיונל **גבינו,,,"י""ח",120,ל גרם,false,1,14.90,12.42,false,1,
9120025839896,false,חטיף מילקה מצונן 128 גרם,ג.וילי-פוד אינטרנשיונל **גבינו,,,"י""ח",128,ל גרם,false,1,14.90,11.64,false,1,
9310072028743,false,טים טם ביסקוויט במילוי שוקולד 200 גרם,"ארנוטס ביסקוויטס בע""",,,"י""ח",200,ל גרם,false,1,20.90,10.45,true,1,
9310088007015,false,דיפנד תחבושות אוברנייט בלילה,קימברלי קלארק ישראל שיווק בעמ,,,"י""ח",1,,false,1,19.90,19.90,true,1,
9322969000015,false,פריכיות תירס בטעם אורגינל ריל פודס 150 ג',אף.סי תבליני בגליל ב,,,"י""ח",150,ל גרם,false,1,12.90,8.60,false,1,
9720188050109,false,ממרח על בסיס סויה בסגנון גבינה טופוטי 225 גרם,*החברה המרכזית להפצת משקאותבעמ,,,"י""ח",227,ל גרם,false,1,21.10,9.30,false,1,
9770793914006,false,עיתון גירוסלים פוסט יום שישי,ג רוזלם פוסט בעמ,,,"י""ח",1,,false,1,18,18,false,1,
9771565025005,false,עיתון מעריב סוף השבוע,ג רוזלם פוסט בעמ,,,"י""ח",1,,false,1,6,6,true,1,
9771565039125,false,עיתון לאישה יום ב,ידיעות אחרונות בעמ,,,"י""ח",1,,false,1,21.90,21.90,false,1,
9771565051066,false,עיתון ידיעות אחרונות,ידיעות אחרונות בעמ,,,"י""ח",1,,false,1,20,20,false,1,
9843022871156,false,נר הבדלה דקורטיבי,צבע ומכחול (2014) בעמ,,,"י""ח",1,"י""ח",false,1,19.90,19.90,false,1,
9843022871972,false,מארז 6 כוסיות לנרונים ללא רגל,צבע ומכחול (2014) בעמ,,,"י""ח",1,,false,1,19.90,19.90,false,1,
