code,internal_code,name,manufacturer_name,manufacture_country,manufacturer_item_description,unit_qty,quantity,unit_of_measure,weighted,qty_in_package,price,unit_of_measure_price,allow_discount,status,item_id
51710,true,לאבנה פיראוס עם שמן,תנובה מרכז שיתופי לש,,לאבנה פיראוס עם שמן זית וזעתר 250 גרם,גרמים,250.00,100 גרם,false,1,12.90,5.1600,true,1,268468
301655,true,חטיפי תירס 600 גרם,טבעול ישראל,,חטיפי תירס 600 גרם,גרמים,600.00,100 גרם,false,1,24.90,4.1500,true,1,261804
498096,true,לחמניה פריכה ברמן 7,מאפית י את א ברמן בע,,לחמניה פריכה 75 ג,גרמים,75.00,100 גרם,false,1,1.40,1.8667,true,1,278189
498362,true,לבן ברמן 750 גרם,,,לחם לבן 750 גרם,גרמים,750.00,100 גרם,false,1,4.80,0.6400,true,1,264561
498447,true,חלה פרג ודש 500 גרם,,,חלה פרג 500 גרם,גרמים,500.00,100 גרם,false,1,9.90,1.9800,true,1,264570
498478,true,חלה באגט ברמן 500 גר,מאפית י את א ברמן בע,,חלה באגט 500 גרם,גרמים,500.00,100 גרם,false,1,9.50,1.9000,true,1,264573
2037132,true,חלה מתוקה מעודנת ודש,מאפית י את א ברמן בע,,חלה מתוקה מעודנת 500 גרם,גרמים,500.00,100 גרם,false,1,10.90,2.1800,true,1,265348
4685270,true,לחמניה אובלית חיטה 1,,,לחמניה אובלית חיטה 180 גרם,גרמים,180.00,100 גרם,false,1,3.90,2.1667,true,1,266694
9999141,true,ברקוד לא בגיוון,,,ברקוד לא בגיוון,לא מנהל יחידת מידה,0.00,לא מנהל יחידת מידה,false,1,0.00,0.0000,true,1,272412
72940754,false,"מילקי מעדן וניל עם קצפת שטראוס 133 מ""ל","שטראוס גרופ בע""\מ",IL,מילקי וניל 133 גרם,גרמים,133.00,100 גרם,false,,2.50,1.8797,true,1,263305
72940761,false,"מילקי מעדן שוקולד עם קצפת שטראוס 133 מ""ל",מיוצר עי קונדיטוריית,IL,מילקי שוקולד 133 גרם,מיליליטרים,133.00,"100 מ""ל",false,,2.50,1.8797,true,1,263306
72940952,false,מעדן מילקי בטעם שוקולד עם אקסטרה קצפת,"שטראוס גרופ בע""\מ",IL,מילקי אקסטרה קצפת 17,מיליליטרים,170.00,"100 מ""ל",false,,2.90,1.7059,true,1,263307
72945308,false,קוביות שמרים לאפיה שמרית 2*25 ג',"פאקא תעשיות בע""\מ",IL,קוביות שמרים טריים ש,גרמים,50.00,100 גרם,false,,2.90,5.8000,true,1,263308
72961209,false,"שמנת חמוצה 15% 200מל בד""צ תנובה",תנובה מרכז שיתופי לש,IL,שמנית חמוצה 15% תנוב,מיליליטרים,200.00,"100 מ""ל",false,,2.40,1.2000,true,1,263310
72961223,false,"גילה 3% תנובה 200 מ""ל",תנובה מרכז שיתופי לש,IL,"גיל תנובה 200 מ""ל",מיליליטרים,200.00,"100 מ""ל",false,,1.50,0.7500,true,1,263312
72961506,false,יוגורט עם תות 1.5% שומן 125 ג' פרילי,מיוצר עי קונדיטוריית,IL,פרילי תות 125 גרם,מיליליטרים,125.00,"100 מ""ל",false,,2.90,2.3200,true,1,263319
72961520,false,"פרילי יוגורט עם אננס 1.5% תנובה 125 מ""ל",מיוצר עי קונדיטוריית,IL,פרילי אננס 125 גרם,מיליליטרים,125.00,"100 מ""ל",false,,2.90,2.3200,true,1,263321
72986370,false,"גלידת בן & ג'ריס פיינטים וניל 500מ""ל",מוצרי איכות אמריקאיים,IL,גלידת שמנת בן אנד גר,מיליליטרים,500.00,"100 מ""ל",false,,17.50,3.5000,true,1,318355
72986424,false,"גלידת בן & ג'ריס פיינטים קרם עוגיות 500מ""ל",מוצרי איכות אמריקאיים בע,IL,גלידת שמנת בן אנד גר,מיליליטרים,500.00,"100 מ""ל",false,,17.50,3.5000,true,1,318357
72989425,false,"גלידת בן & ג'ריס פיינטים שוקולד בראוניז 500מ""ל",מוצרי איכות אמריקאיים בע,IL,גלידת שמנת בן אנד גר,מיליליטרים,500.00,"100 מ""ל",false,,17.50,3.5000,true,1,320903
72991886,false,"גלידת דולצ'ה בטעם ריבת חלב עם פאדג' בן וג'ירי 500 מ""ל",מוצרי איכות אמריקאיים בע,IL,גלידת שמנת בן אנד גר,מיליליטרים,500.00,"100 מ""ל",false,,17.50,3.5000,true,1,318358
80773429,false,מנטוס בקבוק מעוגל - מסטיק ללא סוכר בטעם תות 60 גרם,"פרפטי ואן מלה ג'\ידה,סאן",TR,מסטיק מנטוס צנצנת בט,גרמים,60.00,100 גרם,false,,8.90,14.8333,true,1,318209
80773443,false,מנטוס בקבוק מעוגל - מסטיק ללא סוכר בטעם מנטה 60 גרם,"פרפטי ואן מלה ג'\ידה,סאן",TR,מסטיק מנטוס ספרמנט ב,גרמים,60.00,100 גרם,false,,8.90,14.8333,true,1,314270
80790990,false,מסטיק מנטוס בבקבוק מעוגל בטעם פירות -מנטה 60 ג',"פרפטי ואן מלה ג'\ידה,סאן",TR,מסטיק מנטוס בבלפרש ב,גרמים,60.00,100 גרם,false,,8.90,14.8333,true,1,314269
80843184,false,מנטוס מסטיק פיור פרש בטעם ענבים 60גר,פרפטי ואן מלה הולנד,TR,מסטיק מנטוס פיור פרש,Unknown,0.00,יחידה,false,,8.90,0.0000,true,1,333787
80864295,false,סוכריות פיור וויט טעם מנטה עדינה 60 ג' מנטוס,"פרפטי ואן מלה ג'ידה,סאן",TR,מסטיק מנטוס פיור ווי,גרמים,60.00,100 גרם,false,,8.90,14.8333,true,1,333786
80896081,false,מנטוס בקבוק מעוגל - מסטיק ללא סוכר בטעם אבטיח 60 גרם,"פרפטי ואן מלה ג'\ידה,סאן",TR,מסטיק מנטוס צנצנת בט,גרמים,60.00,100 גרם,false,,8.90,14.8333,true,1,319058
80913467,false,מנטוס בקבוק מעוגל - מסטיק ללא סוכר בטעם מנטה,פרפטי ואן מלה הולנד,TR,מסטיק מנטוס מנטה בבק,גרמים,60.00,100 גרם,false,,8.90,14.8333,true,1,314271
80945468,false,סוכריות פיור וויט טעם מנטה מתוקה 60 ג' מנטוס,"פרפטי ואן מלה ג'ידה,סאן",TR,מסטיק מנטוס פיור ווי,Unknown,0.00,יחידה,false,,8.90,0.0000,true,1,333788
80979128,false,מנטוס מסטיק בקבוק מעוגל בטעם דובדבן,פרפטי ואן מלה הולנד,TR,מסטיק מנטוס פיור פרש,גרמים,60.00,100 גרם,false,,8.90,14.8333,true,1,333789
80986348,false,סוכריות פיור וויט טעם מנטה 60 ג' מנטוס,"פרפטי ואן מלה ג'ידה,סאן",TR,מסטיק מנטוס פיור ווי,גרמים,64.00,100 גרם,false,,8.90,13.9063,true,1,333790
80995128,false,מנטוס בקבוק עגול בטעם הדרים בתוספת ויטמינים 60 גרם,פרפטי ואן מלה הולנד,TR,מסטיק מנטוס צנצנת בט,גרמים,60.00,100 גרם,false,,8.90,14.8333,true,1,339606
87108651,false,סוכריות בטעם מנטה מנטוס 4*37.5 גרם,הדקלאים אגודת שיתופי,NL,מנטוס מנטה 4 יח,גרמים,150.00,100 גרם,false,,9.90,6.6000,true,1,263560
87108712,false,סוכריות בטעם פירות מנטוס 4*37.5 גרם,פרפטי ואן מלה ברדה,NL,מנטוס טעם פירות 4 יח,גרמים,150.00,100 גרם,false,,9.90,6.6000,true,1,263561
10700450166,false,ג'ולי ראנצר Awesome Twosme בטעמי פירות 184 גרם,,,ג'ולי ראנצר בייטס בט,גרמים,184.00,100 גרם,false,,19.90,10.8152,true,1,334748
10700529831,false,ג'ולי ראנצר בייטס בטעם תפוח ואבטיח 226 גרם,,,ג'ולי ראנצר בייטס בט,גרמים,226.00,100 גרם,false,,19.90,8.8053,true,1,334749
11210000155,false,"רוטב טבסקו על בסיס פלפל אדום 150 מ""ל",ניצן,US,רוטב טבסקו אדום 150,מיליליטרים,150.00,"100 מ""ל",false,,17.90,11.9333,true,1,317701
11210002500,false,"רוטב טבסקו באפאלו 150 מ""ל","ניצן מותגי מזון בע""מ",US,רוטב טבסקו באפלו 150,מיליליטרים,150.00,"100 מ""ל",false,,17.90,11.9333,true,1,271202
11210007352,false,רוטב טבסקו שום 150 מ,ניצן,US,רוטב טבסקו שום 150 מ,מיליליטרים,150.00,"100 מ""ל",false,,17.90,11.9333,true,1,325586
11210007703,false,רוטב טבסקו צ'יפוטלי,ניצן,US,רוטב טבסקו צ'יפוטלי,מיליליטרים,150.00,"100 מ""ל",false,,17.90,11.9333,true,1,325587
11274000290,false,קרים ציז 30% 227 גרם,,,גבינת קרים ציז 227 גרם,גרמים,227.00,100 גרם,false,1,24.90,10.9692,true,1,311007
16000185517,false,דגני בוקר פייבר וואן עתירי סובין FIBRE1,בטר אנד דיפרנט,US,דגני בוקר פייבר וואן,גרמים,555.00,100 גרם,false,,24.90,4.4865,true,1,334433
18176785508,false,שוקולד טורינו 100 גרם חלבי,שוקולה קמיל בלוך,IL,שוקולד טורינו חלב 10,גרמים,100.00,100 גרם,false,,9.90,9.9000,true,1,261225
18176787007,false,שוקולד טורינו מריר פרווה 100 גר',שוקולה קמיל בלוך,IL,שוקולד טורינו 100 גר,גרמים,100.00,100 גרם,false,,9.90,9.9000,true,1,261226
21248165894,false,תערובת תבלינים לבייג,קוסקו הולסייל,US,תערובת תבלינים לבייג,גרמים,326.00,100 גרם,false,,34.90,10.7055,true,1,330789
21859046254,false,"דגני בוקר טבעות מתוקים בטעם פירות ""קמח"" 425 גרם",פוסט לקיוויל,US,דגני בוקר טבעות בטעם,גרמים,425.00,100 גרם,false,,22.90,5.3882,true,1,327909
21859046308,false,קמח דגני בוקר קינמון,KEMOCH FOOD,US,דגני בוקר קינמון קמח,גרמים,346.00,100 גרם,false,,27.90,8.0636,true,1,322327
22200956932,false,דאודורנט ספיד סטיק גל 24/7 כחול 85 גר,הנסיך- מפעל לייצור ט,US,דאו גל ספיד סטיק כחו,גרמים,85.00,100 גרם,false,,10.90,12.8235,true,1,270979
22200956949,false,דאודורנט ג'ל כתום לגבר ספיד סטיק 85 גרם,קולגייט-פלמוליב,US,דאו גל ספיד סטיק כתו,גרמים,85.00,100 גרם,false,,10.90,12.8235,true,1,270978
25675015050,false,פריכיות אורז מרובע לירון קרביץ 140 גרם,RACIO S.R.O.,CZ,פריכיות אורז פשקס 14,גרמים,140.00,100 גרם,false,,5.90,4.2143,true,1,263837
25675015159,false,פריכיות חיטה מלאה מרובע לירון קרביץ 155 גרם,RACIO S.R.O.,IL,פריכיות חיטה מלאה פש,גרמים,155.00,100 גרם,false,,5.90,3.8065,true,1,263838
25675015289,false,פריכיות דגנים מרובע לירון קרביץ 140 גרם,RACIO S.R.O.,IL,פריכיות דגנים פשקס 1,גרמים,140.00,100 גרם,false,,5.90,4.2143,true,1,263839
25675015357,false,פריכיות כוסמין 155 גרם לירון קרביץ,RACIO S.R.O.,CZ,פריכיות כוסמין פשקס,גרמים,155.00,100 גרם,false,,5.90,3.8065,true,1,263840
25675094703,false,פשקס לקקן טוטי פרוטי 50 יח' באריזה,DORI ALIMENTOS LTDA,NL,לקקן טופי דובדבן פשק,גרמים,540.00,100 גרם,false,,14.90,2.7593,true,1,264972
25675094710,false,לקקן טופי בטעם יוגורט,DORI ALIMENTOS LTDA,NL,לקקן טופי יוגורט פשק,גרמים,540.00,100 גרם,false,,14.90,2.7593,true,1,270742
25675094727,false,פשקס לקקן תות 50 יח' באריזה,DORI ALIMENTOS LTDA,NL,לקקן טופי תות 50 יח,גרמים,540.00,100 גרם,false,,14.90,2.7593,true,1,264973
25675094741,false,לקקן טופי פטל פשקס 5,DORI ALIMENTOS LTDA,NL,לקקן טופי פטל פשקס 5,גרמים,540.00,100 גרם,false,,14.90,2.7593,true,1,264971
25675370203,false,פשקס מילק מאנצ` מיניס,Natra Zahor,ES,חטיף מיני מילק מאנץ,גרמים,141.00,100 גרם,false,,9.90,7.0213,true,1,313792
25675705654,false,בצל מטוגן פריך בשקית פשקז 400ג',איסטרוניקס,IL,בצל מטוגן פריך שקית,גרמים,400.00,100 גרם,false,,11.90,2.9750,true,1,302170
25675950313,false,פשקס סוכריות אודלס תות מארז שקית,ג'ודילינג פודס קומפנ,CN,סוכריות אודלס פשקס ב,גרמים,224.00,100 גרם,false,,9.90,4.4196,true,1,308038
25675950351,false,פשקס סוכריות אודלס דובדבן מארז שקית,ג'ודילינג פודס קומפנ,CN,סוכריות אודלס פשקס ב,גרמים,224.00,100 גרם,false,,9.90,4.4196,true,1,308039
25675950382,false,פשקס סוכריות אודלס פטל מארז שקית,ג'ודילינג פודס קומפנ,CN,סוכריות אודלס פשקס ב,גרמים,224.00,100 גרם,false,,9.90,4.4196,true,1,308040
25675950429,false,סביבון אודלס מאגדת שקיות מיקס 192 גרם,צאוזי גונדילונג פוד,CN,סוכריות אודלס סביבון,גרמים,192.00,100 גרם,false,,12.90,6.7188,true,1,312848
26638002643,true,גבינה מוצרלה מגורד,אנדרסון אינטנשיונל,,גבינת מוצרלה מגורדת 170 גרם,גרמים,170.00,100 גרם,false,1,28.90,17.0000,true,1,310950
34000544028,false,סוכריות ארוכות בטעם תות טוויזלרס Twizzlers,ליימן מותגים,US,טוויזלרס ממתק בטעם ת,גרמים,198.00,100 גרם,false,,6.90,3.4848,true,1,276951
34000544431,false,ממתקי הרשיז טוויזלרס טעם דובדבן 172 גרם,ליימן מותגים,US,טוויזלרס ממתק בטעם ד,גרמים,170.00,100 גרם,false,,6.90,4.0588,true,1,334773
35000458476,false,קולגייט מברשת שיניים ילדים מארז רביעייה,קולגייט פלמוליב,VN,מברשת קולגייט ילדים,Unknown,0.00,יחידה,false,,17.90,0.0000,true,1,320881
36000516876,false,ממחטות נייר קלינקס לושן 3 שכבות 75 דף,חוגלה קימברלי,US,טישו קלינקס בקופסא 7,Unknown,75.00,יחידה,false,,6.90,0.0920,true,1,329108
37600207188,false,חמאת בוטנים קלאסי סקיפי 462 גרם,חברת המזון אלגוד,US,חמאת בוטנים קלאסי סק,גרמים,462.00,100 גרם,false,,17.90,3.8745,true,1,331327
37600207256,false,חמאת בוטנים עם שברי בוטנים סקיפי 462 גרם,חברת המזון אלגוד,US,חמאת בוטנים עם שברי,גרמים,462.00,100 גרם,false,,17.90,3.8745,true,1,331328
38000232183,false,פרינגלס ביג אורגינל 149 גרם,פרינגלס מנופקצ'ורינג קונ,US,פרינגלס אורגינל 149,גרמים,149.00,100 גרם,false,,7.90,5.3020,true,1,324442
41190007097,false,"חומץ תפוחים שופרייט 946 מ""ל",,,חומץ תפוחים שופרייט,מיליליטרים,946.00,"100 מ""ל",false,,11.90,1.2579,true,1,337790
41390001451,false,רוטב סויה קיקומן 1.2 קילו,קיקומן פודז אינק,US,רוטב סויה קיקומן 1.2,קילוגרמים,1.20,ליטר,false,,29.90,24.9167,true,1,338398
41390001505,false,רוטב סויה קיקומן 1.8,,,רוטב סויה קיקומן 1.8,קילוגרמים,1.89,ליטר,false,,39.90,21.1111,true,1,275120
43427000130,false,"פריכיות אורז בציפוי שוקולד פרווה 90 גרם ֿֿֿֿ""ליברסֿֿֿֿ""",KZP,PL,פריכיות אורז מצופות,Unknown,0.00,יחידה,false,,8.90,0.0000,true,1,323989
43427000383,false,עוגיות מיני מצופה שו,פרימרט,PL,עוגיות מיני מצופה שו,גרמים,227.00,100 גרם,false,,7.90,3.4802,true,1,329956
43427000581,false,"שימורי מחית דובדבנים ""לייט"" לפאי 567 גרם ""ליברס""",בורנט פודס אינק,US,מחית דובדבנים לייט ל,גרמים,567.00,100 גרם,false,,19.90,3.5097,true,1,322391
43427001359,false,מארז ג'לי פרוט סנפס בצורות חיות 28 גרם,מיה תעשיות מזון בעמ,IL,ג'לי פרוט סנפס בצורת,גרמים,168.00,100 גרם,false,,12.90,7.6786,true,1,277803
43427001496,false,"רוטב ספייסי מיו 454 גרם ""ליברס""",אם אס אר,TH,רוטב ספייסי מיו ליבר,גרמים,451.00,100 גרם,false,,19.90,4.4124,true,1,327571
43427001991,false,"סוכריות בצורת כפתורים 56 גרם ""ליברס""",סנרייז,US,סוכריות כפתורים ליבר,גרמים,56.00,100 גרם,false,,9.90,17.6786,true,1,329259
43427004619,false,"רוטב ברווז חצוץ מתוק כשל""פ ליברס",ווברס קומפני,US,רוטב ברווז חמוץ מתוק,גרמים,793.00,100 גרם,false,,19.90,2.5095,true,1,275191
43427007559,false,"מלפפונים חמוצים קטן 720 גר' ""ליברס""",קיי איי פי,US,מלפפון חמוץ קטן ליבר,גרמים,670.00,100 גרם,false,,17.90,2.6716,true,1,338827
43427009416,false,מארז עוגיות מיני עם ציפוי שוקולד בצורות חיות ליברס,פרימרט,PL,עוגיות מיני חיות חצי,גרמים,150.00,100 גרם,false,,9.90,6.6000,true,1,329957
43427011020,false,סוכריות ג'לי בטעם פירות פרוט ג'ולס 255 גרם,ליברס,US,סוכריות בטעם פירות פ,גרמים,255.00,100 גרם,false,,16.90,6.6275,true,1,330705
43427011501,false,"רוטב סרירצה מיונז 454 גרם ֿֿֿֿ""ליברסֿֿֿֿ""",אם אס אר,TH,רוטב סרירצה מיונז לי,גרמים,454.00,100 גרם,false,,19.90,4.3833,true,1,327572
43427017107,false,רסק תפוחים ממותק שישיות,בורנייט פודס,IL,"רסק תפו""ע ליברס 6*11",גרמים,678.00,100 גרם,false,,14.90,2.1976,true,1,327488
43427019002,false,"רסק תפוחים ללא תוספת סוכר כשל""פ ""ליברס"" 1.3 ק""ג",בורנייט פודס,US,"רסק תפו""ע ללא סוכר ל",פריט,1.30,"ק""ג",false,,19.90,15.3077,true,1,330775
43427022309,false,"מיץ חמוציות 1.89 ליטר ""ליברס""",ליברס,US,מיץ חמוציות קוקטייל,קילוגרמים,1.89,ליטר,false,,26.90,14.2328,true,1,336629
43427030328,false,"עוגיות עם ציפוי שוקולד 290 גרם ""ליברס""",פרימרט,PL,עוגיות מיני חיות חצי,גרמים,290.00,100 גרם,false,,7.90,2.7241,true,1,333648
43427055802,false,"רוטב ברביקיו אורגינל ""ליברס"" 510 גרם",פי.אל.פודס,US,רוטב ברביקיו ליברס 5,מיליליטרים,510.00,"100 מ""ל",false,,16.90,3.3137,true,1,332280
43427101332,false,"סירופ תירס 12 אונקיית נוזל, 340 גרם",סי ברייז,US,סירופ תירס ליברס 340,גרמים,340.00,100 גרם,false,,14.90,4.3824,true,1,329260
43427111102,false,"סוכריות בצורת כפתורים חמוץ מתוק 56 גרם ""ליברס""",סנרייז,US,סוכריות כפתורים חמוץ,גרמים,56.00,100 גרם,false,,9.90,17.6786,true,1,329261
43427111195,false,"פריכיות אורז בציפוי שוקולד חלבי 90 גרם ֿֿֿֿ""ליברסֿֿֿֿ""",KZP,PL,פריכיות אורז מצופות,גרמים,90.00,100 גרם,false,,8.90,9.8889,true,1,323991
43427111898,false,מלפפונים חמוצים קטן מאוד ליברס 670 גרם,קיי איי פי,US,מלפפון חמוץ קטן מאוד,גרמים,670.00,100 גרם,false,,17.90,2.6716,true,1,338828
43427112093,false,"תרסיס שמן זית 142 גרם ""ליברס""",פולאר,IL,תרסיס שמן זית ליברס,גרמים,142.00,100 גרם,false,,22.90,16.1268,true,1,336607
43427130479,false,"קרקר מלוח סנקרס מופחת שומן 354 ג' ֿֿֿֿ""ליברסֿֿֿֿ""",ביי ואלי פודס,US,קרקר מלוח מופחת שומן,גרמים,354.00,100 גרם,false,,21.90,6.1864,true,1,334746
43427130516,false,"קרקר מלוח סנקרס ""ליברס"" 388 גרם",ביי וואלי פודס,US,קרקר מלוח ליברס 388,גרמים,388.00,100 גרם,false,,21.90,5.6443,true,1,323268
43427160407,false,"שימורי מחית דובדבנים לפאי 595 גרם ""ליברס""",בורנט פודס אינק,US,מחית דובדבנים לפאי ל,גרמים,595.00,100 גרם,false,,19.90,3.3445,true,1,277379
43427160414,false,"שימורי מחית בלוברי לפאי 595 גרם ""ליברס""",בורנייט פודס,US,מחית אוכמניות לפאי ל,גרמים,595.00,100 גרם,false,,29.90,5.0252,true,1,337454
43427170024,false,עוגיות סנדוויץ בטעם וניל ליברס ENG,טרי האוז פוד,US,עוגיות סנדוויץ בטעם,גרמים,368.00,100 גרם,false,,11.90,3.2337,true,1,337432
43427171137,false,"עוגיות סנדוויץ דופלקס 368 גרם ֿֿֿֿ""ליברסֿֿֿֿ""",טרי האוז פודס,US,עוגיות סנדוויץ דופלק,גרמים,368.00,100 גרם,false,,12.90,3.5054,true,1,329262
43427171144,false,"עוגיות סנדוויץ בטעם שוקולד 368 גרם ֿֿֿֿ""ליברסֿֿֿֿ""",טרי האוז פודס,US,עוגיות סנדוויץ שוקול,גרמים,368.00,100 גרם,false,,12.90,3.5054,true,1,329263
43427176002,false,"שמן אבוקדו כשל""פ 500 מ""ל ליברס",ליברס,US,שמן אבוקדו ליברס 500,גרמים,500.00,100 גרם,false,,39.90,7.9800,true,1,330708
43427180016,false,"ליברס שישיית רסק תפו""ע ללא סוכר 680 גרם",בורנייט פודס,US,"רסק תפו""ע ללא סוכר ל",גרמים,678.00,100 גרם,false,,14.90,2.1976,true,1,327489
43427181150,false,קורן צ'יפס חטיף תירס בטעם ברביקיו ליברס 312 גרם,בלומס,US,חטיף צ'יפס תירס ברבי,גרמים,312.00,100 גרם,false,,12.90,4.1346,true,1,326303
43427189002,false,"רסק תפוחים בתוספת סוכר כשל""פ ""ליברס"" 1.36 ק""ג",בורנייט פודס,US,"רסק תפו""ע ליברס 1.36",פריט,1.36,"ק""ג",false,,19.90,14.6324,true,1,330776
43427191098,false,פפריקה ליברס 311 גרם,פרימה,US,פפריקה ליברס 311 גרם,גרמים,311.00,100 גרם,false,,29.90,9.6141,true,1,336603
43427191128,false,פלפל שחור טחון ליברס,פרימה,US,פלפל שחור טחון ליברס,גרמים,311.00,100 גרם,false,,29.90,9.6141,true,1,336605
43427199001,false,"חומץ תפוחים אורגני 500 מ""ל ""ליברס""",אקווינאל אס. אל.,ES,חומץ תפוחים אורגני,מיליליטרים,500.00,"100 מ""ל",false,,16.90,3.3800,true,1,336621
43427199407,false,"מיונז 887 מ""ל ""ליברס""",צ'פלר פודס,US,מיונז ליברס 950 גרם,גרמים,950.00,100 גרם,false,,27.90,2.9368,true,1,338752
43427199414,false,"מיונז לייט 887 מ""ל ליברס",צ'פלר פודס,US,מיונז לייט ליברס 950,גרמים,950.00,100 גרם,false,,27.90,2.9368,true,1,338753
43427200608,false,"פירורי לחם בסגנון אמריקאי צנצנת 425 גרם ""ליברס""",אימפריאל פודס אינק,US,פירורי לחם בסגנון אמ,גרמים,425.00,100 גרם,false,,11.90,2.8000,true,1,337452
43427200615,false,פירורי לחם מתובלים 425 ג,אימפריאל פודס אינק,US,פירורי לחם מתובלים ב,גרמים,425.00,100 גרם,false,,11.90,2.8000,true,1,337453
43427201483,false,"רוטב סרירצה ""ליברס"" 454 גרם",אם אס אר,TH,רוטב ספייסי ליברס 45,גרמים,454.00,100 גרם,false,,19.90,4.3833,true,1,332622
43427211383,false,מארז עוגיות מיני בציפוי שוקולד ליברס,פרימרט,PL,עוגיות מיני חצי מצופ,גרמים,150.00,100 גרם,false,,7.90,5.2667,true,1,329958
43427221528,false,"מיץ תפוחים טבעי 1.89 ליטר ליברס כשל""פ",ליברס,US,מיץ תפוחים ליברס 1.8,קילוגרמים,1.89,ליטר,false,,26.90,14.2328,true,1,277719
43427240017,false,"חומץ בלסמי אורגני 500 מ""ל ליברס כשל""פ",ליברס,IL,חומץ בלסמי אורגני לי,מיליליטרים,500.00,"100 מ""ל",false,,21.90,4.3800,true,1,335966
43427245005,false,"מחית תפוחים ממותק פאוץ 4*90 גרם ֿֿֿֿ""ליברסֿֿֿֿ""",ליברס,IL,"מחית תפו""ע עם פקק לי",גרמים,360.00,100 גרם,false,,11.90,3.3056,true,1,336624
43427247009,false,מחית תפוחים עם תות פאוץ 4*90 גרם ליברס,ליברס,US,"מחית תפו""ע ותות עם פ",גרמים,360.00,100 גרם,false,,11.90,3.3056,true,1,337993
43427269001,false,"ספריי שמן אבוקדו 146 מ""ל ""ליברס""",פולמר דוולופמנט,US,תרסיס שמן אבוקדו ליב,גרמים,146.00,100 גרם,false,,29.90,20.4795,true,1,336608
43427271004,false,"חומץ טבעי 5% 473 מ""ל ""ליברס""",אקובינאל,ES,חומץ טבעי 5% ליברס 4,מיליליטרים,473.00,"100 מ""ל",false,,4.90,1.0359,true,1,330709
43427272001,false,"רסק תפוחים ללא תוספת סוכר רביעיות 452 גרם ֿֿֿֿ""ליברסֿֿֿֿ""",ליברס,US,רסק תפוחים ללא סוכר,גרמים,452.00,100 גרם,false,,4.90,1.0841,true,1,335402
43427400466,false,ליקוריץ טוויסט שחור,ליברס,US,ליקוריץ טוויסט שחור,גרמים,113.00,100 גרם,false,,14.90,13.1858,true,1,339993
43427400480,false,"ממתק שרי ניבס 113 גרם ֿֿֿֿ""ליברסֿֿֿֿ""",סנרייז,US,ליקוריץ שרי ניבס ליב,גרמים,113.00,100 גרם,false,,14.90,13.1858,true,1,339991
43427560023,false,"ממתק קנדי קורן 120 גרם ֿֿֿֿ""ליברסֿֿֿֿ""",סאנרייז,US,סוכריות תירס קנדי קו,גרמים,120.00,100 גרם,false,,9.90,8.2500,true,1,332141
43427613002,false,"שימורי רוטב עגבניות ""ליברס"" 425 גרם HE חדש",ליברס,US,רוטב עגבניות ליברס 4,גרמים,425.00,100 גרם,false,,7.90,1.8588,true,1,339995
44164102385,false,נרונים 4 שעות שרגא 7,שרגא שווק ויצור נרות,IL,נרונים 4 שעות שרגא 7,Unknown,0.00,יחידה,false,,25.90,0.0000,true,1,262262
44164102453,false,נרונים 6 שעות שרגא 7,שרגא שווק ויצור נרות,IL,נרונים 6 שעות שרגא 7,Unknown,0.00,יחידה,false,,31.90,0.0000,true,1,262263
44164234345,false,שמן פראפין למאור סגו,שרגא שווק ויצור נרות,IL,שמן פראפין למאור סגו,קילוגרמים,1.00,ליטר,false,,19.90,19.9000,true,1,333953
44164236950,false,שמן פראפין למאור כחו,שרגא שווק ויצור נרות,IL,שמן פראפין למאור כחו,קילוגרמים,1.00,ליטר,false,,19.90,19.9000,true,1,333954
44164267695,false,שמן פראפין למאור אדו,שרגא שווק ויצור נרות,IL,שמן פראפין למאור אדו,קילוגרמים,1.00,ליטר,false,,19.90,19.9000,true,1,333955
44164290907,false,שמן פראפין למאור צהו,שרגא שווק ויצור נרות,IL,שמן פראפין למאור צהו,קילוגרמים,1.00,ליטר,false,,19.90,19.9000,true,1,333957
44164341142,false,נר זיכרון דולק 7 ימים -פלסטיק,שרגא שווק ויצור נרות,IL,נר זכרון 7 ימים שרגא,Unknown,0.00,יחידה,false,,8.90,0.0000,true,1,309861
44164369962,false,נר זיכרון דולק 9 ימים -פלסטיק,שרגא שווק ויצור נרות,IL,נר זכרון 9 ימים שרגא,Unknown,0.00,יחידה,false,,11.90,0.0000,true,1,309860
44600300580,false,כלורוקס קלין אפ פרש נוזל לניקוי רב תכלית,כלורוקס אוקלנד,US,תרסיס כלורקס קלין אפ,מיליליטרים,946.00,"100 מ""ל",false,,13.90,1.4693,true,1,331270
46676133116,false,גושי טונה לבני בשמן סויה 142 גרם Dagim,דיאמוד פוד פרודקט סי,TH,טונה לבנה בשמן דגים,גרמים,142.00,100 גרם,false,,12.90,9.0845,true,1,336622
46676182121,false,גושי טונה לבנה במי מלח 142 גרם Dagim,דיאמוד פוד פרודקט סי,TH,טונה לבנה במים דגים,גרמים,142.00,100 גרם,false,,12.90,9.0845,true,1,336623
48256219456,false,תרסיס אסטוניש לניקוי,יעקב יעקובי,IL,תרסיס אסטוניש לניקוי,מיליליטרים,750.00,"100 מ""ל",false,,9.90,1.3200,true,1,335329
48256297164,false,תרסיס אסטוניש לניקוי,יעקב יעקובי,IL,תרסיס אסטוניש לניקוי,מיליליטרים,750.00,"100 מ""ל",false,,9.90,1.3200,true,1,307585
48256299557,false,תרסיס אסטוניש מסיר ע,יעקב יעקובי,IL,תרסיס אסטוניש מסיר ע,מיליליטרים,750.00,"100 מ""ל",false,,9.90,1.3200,true,1,307586
49200056004,false,דומינו סוכר חום כהה 453 גרם,,IL,סוכר קנים חום כהה דו,גרמים,453.00,100 גרם,false,,10.90,2.4062,true,1,336893
49200056752,false,דומינו סוכר חום בהיר 453 גרם,,US,סוכר קנים חום בהיר ד,גרמים,453.00,100 גרם,false,,10.90,2.4062,true,1,333950
52000010398,false,"משקה ספורט ארקטיק בליץ ""גטורייד"" 591 מ""ל",פפסי קולה ג'נרל בוטל,US,משקה ספורט איזוטוני,מיליליטרים,591.00,"100 מ""ל",false,,7.90,1.3367,true,1,338421
52000102475,false,"משקה ספורט בטעם דובדבן ""גטורייד"" 591 מ""ל",פפסי קולה ג'נרל בוטל,US,משקה ספורט גטורייד ב,מיליליטרים,591.00,"100 מ""ל",false,,7.90,1.3367,true,1,339023
52000324860,false,"משקה ספורט בטעם מרענן ""גטורייד"" 591 מ""ל",פפסי קולה ג'נרל בוטל,US,משקה ספורט איזוטוני,מיליליטרים,591.00,"100 מ""ל",false,,7.90,1.3367,true,1,338315
52000328660,false,"משקה ספורט בטעם פונץ פירות ""גטורייד""",פפסי קולה ג'נרל בוטל,US,משקה ספורט איזוטוני,מיליליטרים,591.00,"100 מ""ל",false,,7.90,1.3367,true,1,338316
52000328684,false,"גטורייד משקה ספורט בטעם לימון ליים 591 מ""ל",פפסי קולה ג'נרל בוטל,US,משקה ספורט גטורייד ב,מיליליטרים,591.00,"100 מ""ל",false,,7.90,1.3367,true,1,339024
52100570075,false,תערובת תיבול סטייק ו,קוסקו הולסייל,US,תערובת תיבול סטייק ו,גרמים,760.00,100 גרם,false,,19.90,2.6184,true,1,331600
64144090013,false,פאם תרסיס על בסיס שמן קנולה בטעם חמאה,קונאגרה פודס,US,תרסיס שמן קנולה בטעם,מיליליטרים,148.00,"100 מ""ל",false,,13.90,9.3919,true,1,268688
64144090020,false,"ספריי שמן PAM בטעם שמן זית 141 מ""ל",קונאגרה פודס,US,תרסיס שמן זית פאם 14,מיליליטרים,148.00,"100 מ""ל",false,,13.90,9.3919,true,1,268687
64144090051,false,"ספריי שמן PAM קנולה אורגינל 148 מ""ל",קונאגרה פודס,US,תרסיס שמן קנולה פאם,מיליליטרים,148.00,"100 מ""ל",false,,13.90,9.3919,true,1,277315
70970471254,false,מייק לייק - סוכריות ג'לי בינס קרטונית פירות ירוק 141 גרם,ג'\אסט בורן,US,סוכריות ג'לי פירות מ,גרמים,141.00,100 גרם,false,,8.90,6.3121,true,1,327673
70970471285,false,מייק אנד אייק רד רייג'רס 141 גר',גאסט בורן,US,סוכריות ג'לי רד רייג,גרמים,141.00,100 גרם,false,,8.90,6.3121,true,1,330180
70970471308,false,"סוכריות מייק אייק רד רייג'רס, 141 ג'",גאסט בורן,US,סוכריות ג'לי ענבים מ,גרמים,141.00,100 גרם,false,,8.90,6.3121,true,1,331346
70970473562,false,מייק לייק - סוכריות ג'לי בינס קרטונית מגה מיקס 141 גרם,ג'\אסט בורן,US,סוכריות ג'לי מגה מיק,גרמים,141.00,100 גרם,false,,8.90,6.3121,true,1,327674
72392636921,false,קרחונים סקיטלס מארז,ג'ל סארט,US,קרחונים סקיטלס 20 יח,מיליליטרים,850.50,"100 מ""ל",false,,19.90,2.3398,true,1,338276
72392947485,false,איגלו ויילרס שקוף לי,ווילרס,US,איגלו ויילרס שקוף לי,פריט,2.60,"ק""ג",false,,49.90,19.1923,true,1,322392
72392947492,false,איגלו ויילרס פירות יער,ווילרס,US,איגלו ויילרס פירות י,פריט,2.60,"ק""ג",false,,49.90,19.1923,true,1,322393
72392948499,false,איגלו ויילרס אורגינל,ווילרס,US,איגלו ויילרס ליברס 4,פריט,2.60,"ק""ג",false,,49.90,19.1923,true,1,322394
73490128493,false,"קדם מיץ ענבים מוגז אפרסק 750 מ""ל",קדם,IL,מיץ ענבים מוגז אפרסק,מיליליטרים,750.00,"100 מ""ל",false,,14.90,1.9867,true,1,265500
73490132346,false,משקה ענבים קונקורד ל,קדם,IL,משקה ענבים קונקורד ל,קילוגרמים,2.84,ליטר,false,,29.90,10.5282,true,1,313890
73490132865,false,"מיץ ענבים אדום 240 מ""ל",קדם פוד פרודקטסn\,US,מיץ ענבים גאולה 240,מיליליטרים,240.00,"100 מ""ל",false,,4.90,2.0417,true,1,319161
73490153396,false,"מיץ ענבים גאולה קונקורד מוגז 750 מ""ל",קדם,IL,מיץ ענבים מוגז קונקו,מיליליטרים,750.00,"100 מ""ל",false,,14.90,1.9867,true,1,266267
73490154027,false,מיץ ענבים גאולה 2.84,קדם,IL,מיץ ענבים גאולה 2.84,קילוגרמים,2.84,ליטר,false,,37.90,13.3451,true,1,270239
73490154317,false,מיץ ענבים גאולה לבן 1.89 ליטר,קדם פוד פרודקטסn\,US,מיץ ענבים לבן גאולה,קילוגרמים,1.89,ליטר,false,,25.90,13.7037,true,1,328486
75442100229,false,בונבוניירה פרוגרס דו,תות ממתקי איכות,IL,בונבוניירה פרוגרס דו,גרמים,135.00,100 גרם,false,,11.90,8.8148,true,1,263383
75442100236,false,בונבוניירה פרוגרס אג,תות ממתקי איכות,IL,בונבוניירה פרוגרס אג,גרמים,135.00,100 גרם,false,,11.90,8.8148,true,1,263384
75442100250,false,בונבוניירה פרוגרס קפ,תות ממתקי איכות,IL,בונבוניירה פרוגרס קפ,גרמים,135.00,100 גרם,false,,11.90,8.8148,true,1,263385
76840620029,false,גלידת בן אנד ג'ריס בטעם תות שדה,מוצרי איכות אמריקאיים בע,IL,גלידת שמנת בן אנד גר,מיליליטרים,424.00,"100 מ""ל",false,,17.50,4.1274,true,1,319680
77245110610,false,סוכריות מאסט ללא סוכר בטעם מנטה 80 ג'עלית,MIESZKO S.A - MS. JO,PL,סוכריות מאסט מנטה 80,גרמים,80.00,100 גרם,false,,6.90,8.6250,true,1,263400
78328005670,false,דגני בוקר ברנפלקס 510 גרם taanug,פוסט פודס,US,דגני בוקר ברנפלקס תע,גרמים,510.00,100 גרם,false,,26.90,5.2745,true,1,339997
78328031006,false,דגני בוקר קריספי ריי,פוסט פודס,US,דגני בוקר קריספי ריי,גרמים,340.00,100 גרם,false,,26.90,7.9118,true,1,316737
78328031303,false,דגני בוקר טבעות דגנים 396 גרם taanug,פוסט פודס,US,דגני בוקר טבעות דגני,גרמים,396.00,100 גרם,false,,26.90,6.7929,true,1,339998
78328031457,false,דגני בוקר טבעות דגנים עם דבש 347 גרם taanug,פוסט פודס,US,דגני בוקר טבעות דגני,גרמים,347.00,100 גרם,false,,29.90,8.6167,true,1,339996
80432400432,false,וויסקי שיבאס רגאל 12,מזקקת האחים שיבאס,GB,ויסקי שיבאס 12 שנה 1,קילוגרמים,1.00,ליטר,false,,124.90,124.9000,true,1,316807
87752002575,false,קברנה סובניון ברון הרצוג,צילאג גמבה אינטרנשיו,US,יין ברון הרצוג קברנה,מיליליטרים,750.00,"100 מ""ל",false,,49.90,6.6533,true,1,266707
87752005644,false,"יין מוסקטו ברטנורה 750 מ""ל",מיסזקו אס.איי,IT,יין ברטנורא מוסקטו,מיליליטרים,750.00,"100 מ""ל",false,,44.90,5.9867,true,1,266703
87752006474,false,יין JOYVIN אדום תוס,ארלדיקה קסטלברו אס.ס,IT,יין JOYVIN אדום תוס,מיליליטרים,750.00,"100 מ""ל",false,,39.90,5.3200,true,1,319291
87752006481,false,יין ברטנורא גויווין,ארלדיקה קסטלברו אס.ס,IT,יין JOYVIN לבן תוסס,מיליליטרים,750.00,"100 מ""ל",false,,39.90,5.3200,true,1,319290
87752007228,false,יין קרים לבן מתוק 750 מ,קדם,IL,יין קדם קרים לבן,מיליליטרים,750.00,"100 מ""ל",false,,18.90,2.5200,true,1,315012
87752009291,false,יין קדם מתוק קל 1.5 ליטר,קדם,US,יין קדם אדום מתוק קל,קילוגרמים,1.50,ליטר,false,,36.90,24.6000,true,1,320276
87752010716,false,יין ברון הרצוג גנס ק,צילאג גמבה אינטרנשיו,US,יין ברון הרצוג גנס ק,מיליליטרים,750.00,"100 מ""ל",false,,48.90,6.5200,true,1,266705
87752012550,false,יין נתזים מה מייזון,רויאל ויין קורפ,US,יין נתזים מה מייזון,מיליליטרים,750.00,"100 מ""ל",false,,29.90,3.9867,true,1,328481
87752013151,false,יין הרצוג גניס בלאק,צילאג גמבה אינטרנשיו,US,יין הרצוג גניס בלאק,מיליליטרים,750.00,"100 מ""ל",false,,48.90,6.5200,true,1,268738
87752017227,false,ליקר שוקולד שמרלינג 750מ,שמרלינג,IT,ליקר שמרלינג שוקולד,מיליליטרים,750.00,"100 מ""ל",false,,89.90,11.9867,true,1,277154
87752017234,false,"ליקר קפה שמרלינג 750 מ""ל",שמרלינג,IT,ליקר שמרלינג קפה 750,מיליליטרים,750.00,"100 מ""ל",false,,89.90,11.9867,true,1,326330
87752018620,false,ליקר וולדרס בנופי 75,ולדרס,NL,ליקר וולדרס בנופי 75,מיליליטרים,750.00,"100 מ""ל",false,,89.90,11.9867,true,1,316854
87752026458,false,ליקר שוקולד לבן שמרלינג,שמרלינג,IT,ליקר שמרלינג שוקולד,מיליליטרים,750.00,"100 מ""ל",false,,89.90,11.9867,true,1,326331
87752028551,false,יין אביר יעקב בלנד א,יקב שילה,IL,יין אביר יעקב בלנד א,מיליליטרים,750.00,"100 מ""ל",false,,139.90,18.6533,true,1,330832
96619016273,false,סירופ מייפל 1 ליטר ק,קיקומן פודז אינק,US,סירופ מייפל 1 ליטר ק,קילוגרמים,1.00,ליטר,false,,79.90,79.9000,true,1,339238
96619084104,false,רוטב סלסה אורגניק קי,קוסקו הולסייל,US,רוטב סלסה אורגניק קי,פריט,1.08,"ק""ג",false,,19.90,18.4259,true,1,335533
96619115471,false,קפסולות ג'ל כביסה או,מקברייד,BE,קפסולות ג'ל כביסה או,גרמים,882.00,100 גרם,false,,44.90,5.0907,true,1,338988
96619164998,false,פלפל שחור גרוס קירקל,קוסקו הולסייל,US,פלפל שחור גרוס קירקל,גרמים,359.00,100 גרם,false,,19.90,5.5432,true,1,327950
96619199914,false,וודקה קירקלנד 1.75 ל,,,וודקה קירקלנד 1.75 ל,קילוגרמים,1.75,ליטר,false,,99.90,57.0857,true,1,302973
96619206841,false,תרסיס שמן קנולה קירק,,,תרסיס שמן קנולה קירק,מיליליטרים,394.00,"100 מ""ל",false,,22.90,5.8122,true,1,323394
96619215645,false,שקיות אשפה ענק קירקל,,,שקיות אשפה ענק קירקל,Unknown,0.00,יחידה,false,,99.90,0.0000,true,1,322202
96619316809,false,נייר אלומניום עבה 30,,,נייר אלומניום עבה 30,מטרים,304.00,מטר,false,,129.90,0.4273,true,1,276160
96619316861,false,דפי נייר אלומניום קי,,,דפי נייר אלומניום קי,Unknown,0.00,יחידה,false,,69.90,0.0000,true,1,324049
96619321063,false,מיקס אגוזים קירקלנד,,,מיקס אגוזים קירקלנד,פריט,1.13,"ק""ג",false,,89.90,79.5575,true,1,276938
96619332717,false,מלח גס ים תיכוני עם,קוסקו הולסייל,US,מלח גס ים תיכוני עם,גרמים,737.00,100 גרם,false,,9.90,1.3433,true,1,327948
96619365395,false,כורכום קירקלנד 340 ג,קוסקו הולסייל,US,כורכום קירקלנד 340 ג,גרמים,340.00,100 גרם,false,,9.90,2.9118,true,1,330779
96619679133,false,סירופ מייפל אורגני 1,קיקומן פודז אינק,US,סירופ מייפל אורגני 1,קילוגרמים,1.00,ליטר,false,,79.90,79.9000,true,1,285765
96619713165,false,מטלית מיקרופייבר קיר,,,מטלית מיקרופייבר קיר,Unknown,0.00,יחידה,false,,49.90,0.0000,true,1,276162
97643011395,false,שוקולד מונס קידס אצבעות 23X4ג',,IL,אצבעות שוקולד חלב שמ,גרמים,98.00,100 גרם,false,,14.90,15.2041,true,1,307997
97643011647,false,רביעיית שוקולד אצבעות נוסטלגי,"מאסטרני בע|""מ",,אצבעות שוקולד שמרלינ,גרמים,92.00,100 גרם,false,,14.90,16.1957,true,1,318842
97643011937,false,אצבעות רוזמרי פרווה רביעיות 92 גר',,IL,אצבעות שוקולד רוזמרי,Unknown,0.00,יחידה,false,,14.90,0.0000,true,1,319034
97643044546,false,"שוקולד רוזמרי קקאו שמרלינג 100 גרם כשל""פ",,,שוקולד שמרלינג מריר,גרמים,100.00,100 גרם,false,,10.90,10.9000,true,1,266778
97643044553,false,שוקולד טבלה שוויצרי מריר 85% שמרלינג 100ג',,IL,שוקולד שמרלינג מריר,גרמים,100.00,100 גרם,false,,10.90,10.9000,true,1,309073
97643044560,false,שוקולד טבלה שוויצרי מריר מנטה 72% 100 גר',שמרלינג,CH,שוקולד שמרלינג מריר,גרמים,100.00,100 גרם,false,,10.90,10.9000,true,1,325347
97643051445,false,שוקולד רוזמרי מוקה שויצרי 100 גרם,שמרלינג,,שוקולד שמרלינג פרלין,גרמים,100.00,100 גרם,false,,10.90,10.9000,true,1,266773
97643070040,false,שוקולד טבלה לבן ושקדים שמרלינג 100ג',שמרלינג,,שוקולד שמרלינג לבן ש,גרמים,100.00,100 גרם,false,,10.90,10.9000,true,1,266775
97643070248,false,שוקולד שמרלינגס הרמוני רוזמרי לבן 100ג',שמרלינג,CH,שוקולד שמרלינג לבן פ,גרמים,100.00,100 גרם,false,,10.90,10.9000,true,1,266771
97643070446,false,שוקולד שויצרי אייס קפה 100ג',,,שוקולד שמרלינג אייס,גרמים,100.00,100 גרם,false,,11.50,11.5000,true,1,277357
97643071542,false,שוקולד מינור חלבי שמרלינג 22X4ג',מאסטרני,CH,חטיפי שוקולד מינור ש,גרמים,92.00,100 גרם,false,,14.90,16.1957,true,1,272906
97643082142,false,שוקולד רוזמרי לילדים 100 גר',שמרלינג,,שוקולד שמרלינג קידס,גרמים,100.00,100 גרם,false,,10.90,10.9000,true,1,266768
97643082449,false,שוקולד חלב רוזמרי שווצרי,שמרלינג,CH,שוקולד שמרלינג פרלין,גרמים,100.00,100 גרם,false,,10.90,10.9000,true,1,266769
97643083040,false,שוקולד שמרלינגס רוזמרי חלב 100ג',שמרלינג,CH,שוקולד שמרלינג פרלין,גרמים,100.00,100 גרם,false,,10.90,10.9000,true,1,266767
97643083859,false,שוקולד טבלה שוויצרי רוזמרי קרמל 100 גר',שמרלינג,IL,שוקולד שמרלינג קרמל,גרמים,100.00,100 גרם,false,,10.90,10.9000,true,1,308937
97643084047,false,שוקולד שווצרי במילוי פרלין נוגאט,שמרלינג,,שוקולד שמרלינג פרלין,גרמים,100.00,100 גרם,false,,10.90,10.9000,true,1,266772
97643090345,false,"שוקולד טבלה רוזמרי חלבי לל""ס 100 גר'",,IL,שוקולד שמרלינג חלב ל,גרמים,100.00,100 גרם,false,,13.90,13.9000,true,1,271933
97643090444,false,"שוקולד רוזמרי פרווה לל""ס 100 גר'",,IL,שוקולד שמרלינג פרווה,גרמים,100.00,100 גרם,false,,13.90,13.9000,true,1,271934
194961000169,false,שוקולד שניידרס לבן 1,שניידרס,FR,שוקולד שניידרס לבן 1,גרמים,100.00,100 גרם,false,,8.90,8.9000,true,1,339715
194961000176,false,שוקולד שניידרס לבן ש,שניידרס,FR,שוקולד שניידרס לבן ש,גרמים,100.00,100 גרם,false,,8.90,8.9000,true,1,339716
194961000183,false,שוקולד שניידרס מריר,שניידרס,FR,שוקולד שניידרס מריר,גרמים,180.00,100 גרם,false,,17.90,9.9444,true,1,339891
194961000190,false,שוקולד שניידרס חלב צ,שניידרס,FR,שוקולד שניידרס חלב צ,גרמים,180.00,100 גרם,false,,17.90,9.9444,true,1,339892
194961000206,false,שוקולד שניידרס חלב צ,שניידרס,FR,שוקולד שניידרס חלב צ,גרמים,180.00,100 גרם,false,,17.90,9.9444,true,1,339893
194961000213,false,שוקולד שניידרס מריר,שניידרס,FR,שוקולד שניידרס מריר,גרמים,180.00,100 גרם,false,,17.90,9.9444,true,1,339896
194961000220,false,שוקולד שניידרס חלב ג,שניידרס,FR,שוקולד שניידרס חלב ג,גרמים,180.00,100 גרם,false,,17.90,9.9444,true,1,339897
194961000237,false,שוקולד שניידרס לבן צ,שניידרס,FR,שוקולד שניידרס לבן צ,גרמים,180.00,100 גרם,false,,17.90,9.9444,true,1,339898
194961000244,false,שוקולד שניידרס לבן ש,שניידרס,FR,שוקולד שניידרס לבן ש,גרמים,180.00,100 גרם,false,,17.90,9.9444,true,1,339894
194961000299,false,שוקולד שניידרס מריר,שניידרס,FR,שוקולד שניידרס מריר,גרמים,180.00,100 גרם,false,,17.90,9.9444,true,1,339895
194961000404,false,ביסקויט בציפוי שוקולד רו,שניידרס,FR,ביסקוויט בציפוי שוקו,גרמים,150.00,100 גרם,false,,12.90,8.6000,true,1,334148
194961000411,false,ממרח שוקולד וניל שני,SHNEIDER'S,NL,ממרח שוקולד וניל שני,גרמים,700.00,100 גרם,false,,21.90,3.1286,true,1,329227
194961000909,false,סוכריות קנדי פלנט מי,שניידרס,FR,סוכריות קנדי פלנט מי,גרמים,150.00,100 גרם,false,,9.90,6.6000,true,1,332159
194961001432,false,עוגיות פתיבר חמאה שנ,שניידרס,FR,עוגיות פתיבר חמאה שנ,גרמים,167.00,100 גרם,false,,12.90,7.7246,true,1,337491
194961001500,false,עוגיות חמאה שניידס 1,שניידרס,FR,עוגיות חמאה שניידס 1,גרמים,125.00,100 גרם,false,,12.90,10.3200,true,1,337493
194961001517,false,עוגיות סבלה חמאה שני,שניידרס,FR,עוגיות סבלה חמאה שני,גרמים,130.00,100 גרם,false,,12.90,9.9231,true,1,337494
194961001524,false,"מחית פרי תפו""ע לל""ס",שניידרס,FR,"מחית פרי תפו""ע לל""ס",גרמים,360.00,100 גרם,false,,12.90,3.5833,true,1,337638
194961001647,false,"עוגיות חמאה ש""צ רובין שי",שניידרס,FR,עוגיות חמאה שוקולד צ,גרמים,167.00,100 גרם,false,,12.90,7.7246,true,1,337930
194961002330,false,שוקולד שניידרס חלב ג,שניידרס,FR,שוקולד שניידרס חלב ג,גרמים,100.00,100 גרם,false,,8.90,8.9000,true,1,339717
305210416383,false,"ואזלין קרם גוף לגבר נספג במהירות 600 מ""ל","יוניליוור, ג'פרסון סיטי,",US,וזלין קרם גוף משקם ל,מיליליטרים,600.00,"100 מ""ל",false,,17.90,2.9833,true,1,324411
305215251002,false,צמרוני אוזניים קיו ט,יוניליוור,US,צמרוני אוזניים קיו ט,Unknown,0.00,יחידה,false,,19.90,0.0000,true,1,319776
608614254125,false,ביסבס-סחוג חריף אש 120 גרם,לימון אוכל מוכן לשיו,IL,ביסבס חריף אש 120 גר,גרמים,120.00,100 גרם,false,,10.90,9.0833,true,1,317058
608614254132,false,ביסבס-סחוג חריף עדין 120 גרם,לימון אוכל מוכן לשיו,IL,ביסבס חריף עדין 120,גרמים,120.00,100 גרם,false,,10.90,9.0833,true,1,317060
608614254149,false,ביסבס-סחוג חריף פיקנטי 120 גרם,לימון אוכל מוכן לשיו,IL,ביסבס חריף פיקנטי 12,גרמים,120.00,100 גרם,false,,10.90,9.0833,true,1,317059
608614309061,false,פאי יין אדום מחוזק 750 מ,יקבי כרמל,IL,יין פאי אדום מתוק קי,מיליליטרים,750.00,"100 מ""ל",false,,149.90,19.9867,true,1,332320
633016004108,false,פרחי כרובית באגן 680,בסט מייסטר,EC,פרחי כרובית באגן 680,גרמים,680.00,100 גרם,false,,21.90,3.2206,true,1,339887
633710238403,false,"רוטב פיצה 680 גרם כשל""פ ""ליברס""",פי.אל פודס,US,רוטב פיצה ליברס 680,גרמים,680.00,100 גרם,false,,16.90,2.4853,true,1,336521
675470000142,false,נייר אפיה קשת 72 יח,טופ פלסט 2002 בעמ,IL,נייר אפיה קשת 72 יח,Unknown,0.00,יחידה,false,,9.90,0.0000,true,1,303532
689076444668,false,"פסטה ספגטי אורז חום מלא ללא גלוטן ""גולדבא"" 454 גרם",ריזופיה פוד פרודקטס,CA,פסטה ספגטי אורז חום,גרמים,454.00,100 גרם,false,,16.90,3.7225,true,1,337444
689423031756,false,סוכריות טופי בטעם תפוח 170 גרם Shufra,סוויט קומפני,US,סוכריות טופי בטעם תפ,גרמים,170.00,100 גרם,false,,14.90,8.7647,true,1,338494
693493001007,false,"גאון בניקיון תרסיס 350 מ""ל אריסטוקרט",אריסטוקרט,IL,תרסיס ניקוי גאון בני,מיליליטרים,350.00,"100 מ""ל",false,,18.90,5.4000,true,1,319597
693493015110,false,ביסבס-שום כתוש 120 גרם,לימון אוכל מוכן לשיו,IL,שום כתוש ביסבס 120 ג,גרמים,120.00,100 גרם,false,,6.90,5.7500,true,1,325148
693493034456,false,סרדין מרוקאי בשמן זי,אטלנטיק הום סרדינס א,MA,סרדין מרוקאי בשמן זי,גרמים,125.00,100 גרם,false,,5.90,4.7200,true,1,325462
693493034470,false,מקרל פילה בשמן חמניות 125 גר,U.P.A,MA,פילה מקרל בשמן סויה,גרמים,125.00,100 גרם,false,,5.90,4.7200,true,1,326270
693493034487,false,פילה סרדין בשמן זית 125גר,יוניון דה פחריס אפרי,MA,פילה סרדין בשמן זית,גרמים,125.00,100 גרם,false,,6.50,5.2000,true,1,325464
693493034524,false,מארז פילה אנשובי בשמ,פאטינה פוד,MA,מארז פילה אנשובי בשמ,גרמים,200.00,100 גרם,false,,21.90,10.9500,true,1,333938
693493057820,false,חלת קונדיטור מאפיית הלמנס,ספיישל בייקרי,IL,חלה חצי מתוקה 500 גר,גרמים,500.00,100 גרם,false,,12.90,2.5800,true,1,323513
693493057844,false,חלה כוסמין מאפיית הלמנס,ספיישל בייקרי,IL,חלה כוסמין 500 גרם,גרמים,500.00,100 גרם,false,,15.90,3.1800,true,1,323515
693493057851,false,חלה קמח מלא מאפיית הלמנס,ספיישל בייקרי,IL,חלה קמח מלא 500 גרם,גרמים,500.00,100 גרם,false,,15.90,3.1800,true,1,323516
693493083669,false,"D3 תרסיס ויטמין טבעי 30 מ""ל",,IL,ויטמין D3 בשמן מרווה,Unknown,0.00,יחידה,false,,84.90,0.0000,true,1,337669
693493084949,false,שמן קנולה אירו 1 ליטר,קובנסקי אלווטו,RU,שמן קנולה אורו 1 ליט,קילוגרמים,1.00,ליטר,false,,8.90,8.9000,true,1,327549
693493089319,false,מולטי ויטמין אקסטרה,,,מולטי ויטמין אקסטרה,Unknown,0.00,יחידה,false,,59.90,0.0000,true,1,333754
693493089340,false,ויטמין C לא חומצי +,,,ויטמין C לא חומצי +,Unknown,0.00,יחידה,false,,59.90,0.0000,true,1,333755
693493089364,false,מגנזיום ציטראט 400 מ,,,מגנזיום ציטראט 400 מ,Unknown,0.00,יחידה,false,,59.90,0.0000,true,1,333749
693493089371,false,ויטמין C לא חומצי 10,,,ויטמין C לא חומצי 10,Unknown,0.00,יחידה,false,,59.90,0.0000,true,1,333750
693493089395,false,"ויטמין B12 מק""ג 1000",,,"ויטמין B12 מק""ג 1000",Unknown,0.00,יחידה,false,,59.90,0.0000,true,1,333751
693493089418,false,"ויטמין D3 יחב""ל 1000",,,"ויטמין D3 יחב""ל 1000",Unknown,0.00,יחידה,false,,59.90,0.0000,true,1,333752
693493089425,false,פרוביוטיקה אקסטרה פא,,,פרוביוטיקה אקסטרה פא,Unknown,0.00,יחידה,false,,59.90,0.0000,true,1,333753
693493089463,false,דובוני ויטמין D לילד,,,דובוני ויטמין D לילד,Unknown,0.00,יחידה,false,,39.90,0.0000,true,1,333778
693493089470,false,דובוני ויטמין C לילד,,,דובוני ויטמין C לילד,Unknown,0.00,יחידה,false,,39.90,0.0000,true,1,333779
693493089487,false,דובוני מולטי ויטמין,,,דובוני מולטי ויטמין,Unknown,0.00,יחידה,false,,39.90,0.0000,true,1,333758
693493089494,false,דגי אומגה 3 לילדים א,,,דגי אומגה 3 לילדים א,Unknown,0.00,יחידה,false,,39.90,0.0000,true,1,333759
693493089548,false,קומפלקס ויטמין B אקס,,,קומפלקס ויטמין B אקס,Unknown,0.00,יחידה,false,,59.90,0.0000,true,1,333760
693493089562,false,דובונים+ויטמין D אקס,,,דובונים+ויטמין D אקס,Unknown,0.00,יחידה,false,,39.90,0.0000,true,1,337670
693493089579,false,מגה מולטי ויטמינים ל,,,מגה מולטי ויטמינים ל,Unknown,0.00,יחידה,false,,39.90,0.0000,true,1,335930
693493089586,false,מולטי ויטמין + ברזל,,,מולטי ויטמין + ברזל,Unknown,0.00,יחידה,false,,39.90,0.0000,true,1,335931
693493089685,false,תוסף ברזל נוזלי אקסט,,,תוסף ברזל נוזלי אקסט,Unknown,0.00,יחידה,false,,59.90,0.0000,true,1,338472
693493113687,false,מארז פילה אנשובי וצל,,,מארז פילה אנשובי וצל,גרמים,200.00,100 גרם,false,,21.90,10.9500,true,1,339638
693493142847,false,פיתות פרימיום מארז עשירייה,מאסטר פייתה,IL,פיתות בר ולחם 10 יחי,פריט,1.00,"ק""ג",false,,11.90,11.9000,true,1,338180
693493180771,false,פסטרמה חזה בקר ONEG,"דליקטס ארטיזנל בע""מ",IL,פסטרמה חזה בקר ONEG,גרמים,150.00,100 גרם,false,,24.90,16.6000,true,1,338982
693493191692,false,ביסבס-פסטו בזיליקום 200 גרם,לימון אוכל מוכן לשיו,IL,פסטו בזיליקום 200 גר,גרמים,200.00,100 גרם,false,,19.90,9.9500,true,1,336754
693493192514,false,אבקת חלבון בטעם וניל,,,אבקת חלבון בטעם וניל,גרמים,400.00,100 גרם,false,,69.00,17.2500,true,1,339005
693493192521,false,אבקת חלבון בטעם שוקו,,,אבקת חלבון בטעם שוקו,גרמים,400.00,100 גרם,false,,69.00,17.2500,true,1,339006
693493192552,false,מולטי ויטמין ספורט א,,,מולטי ויטמין ספורט א,Unknown,0.00,יחידה,false,,69.00,0.0000,true,1,339008
701197351820,false,תמצית וניל טהור 473,קוסקו הולסייל,US,תמצית וניל טהור 473,גרמים,473.00,100 גרם,false,,149.90,31.6913,true,1,331123
710069000513,false,גלי פטל גפן 85 גרם,,,גלי פטל גפן 85 גרם,גרמים,85.00,100 גרם,false,,6.90,8.1176,true,1,300711
710069012219,false,טונה נתחים בהיר בשמן גפן 170ג',קדם,US,טונה בשמן גפן 170 גר,גרמים,170.00,100 גרם,false,,5.90,3.4706,true,1,270332
710069082236,false,חרדל גפן 454 גרם,,,חרדל גפן 454 גרם,גרמים,454.00,100 גרם,false,,9.90,2.1806,true,1,307049
710069082434,false,חרדל חום חריף גפן 34,,,חרדל חום חריף גפן 34,גרמים,340.00,100 גרם,false,,9.90,2.9118,true,1,339038
710069113602,false,טונה נתחים בהיר במים גפן 170ג',קדם,US,טונה במים גפן 170 גר,גרמים,170.00,100 גרם,false,,5.90,3.4706,true,1,276774
710069127401,false,מיץ שזיפים גפן 896 מ,גולדס פיור פודס,US,מיץ שזיפים גפן 896 מ,מיליליטרים,896.00,"100 מ""ל",false,,24.90,2.7790,true,1,268320
710069302907,false,פודינג אינסטנט וניל,,,פודינג אינסטנט וניל,גרמים,90.00,100 גרם,false,,6.90,7.6667,true,1,270212
710069302952,false,איסטנ' פודינג שוקו' 90ג',,IL,פודינג אינסטנט שוקול,גרמים,90.00,100 גרם,false,,6.90,7.6667,true,1,300735
710069305168,false,"רסק תפו""ע + תות בגביע אישי 113גר'*6",,IL,רסק תפוחים תות גפן 6,גרמים,672.00,100 גרם,false,,15.90,2.3661,true,1,267806
710069305175,false,"רסק תפו""ע + פטל בגביע אישי 113גר'*6",,,רסק תפוחים פטל גפן 6,גרמים,672.00,100 גרם,false,,15.90,2.3661,true,1,267804
710069811003,false,מיונז גפן 854 גרם,,,מיונז גפן 854 גרם,גרמים,854.00,100 גרם,false,,29.90,3.5012,true,1,271329
710069811027,false,מיונז מופחת שומן גפן 900 גר',די אנד אל,US,מיונז גפן מופחת שומן,גרמים,854.00,100 גרם,false,,29.90,3.5012,true,1,326936
710069812000,false,רוטב פסטה קלאסיק מרינדה 737 גרם,,IL,רוטב עגבניות לפסטה ג,גרמים,680.00,100 גרם,false,,12.90,1.8971,true,1,273550
710069812017,false,רוטב פסטה עגבניות ובזיליקום 737 גר',,IL,רוטב עגבניות ובזילקו,גרמים,680.00,100 גרם,false,,12.90,1.8971,true,1,273567
710069812031,false,רוטב פיצה עגבניות קלאסי 737 גר',,IL,רוטב פיצה רגיל גפן 7,גרמים,737.00,100 גרם,false,,12.90,1.7503,true,1,273505
710069812048,false,רוטב פיצה עגבניות ואורגנו 737 גרם,,IL,רוטב פיצה אורגנו גפן,גרמים,737.00,100 גרם,false,,12.90,1.7503,true,1,273618
710069812109,false,רוטב עגבניות פרימיום 425 גר',,,רסק עגבניות גפן 425,גרמים,425.00,100 גרם,false,,5.50,1.2941,true,1,276769
710069812147,false,רסק תפוחים עם סוכר 1.36ק,"כנס פוד ארה""ב",US,"רסק תפו""ע גפן 1.36 ק",פריט,1.36,"ק""ג",false,,19.90,14.6324,true,1,331130
710069812154,false,"רסק תפו""ע לל""ס 1.300 ק""ג","כנס פוד ארה""ב",US,"רסק תפו""ע גפן ללא סו",פריט,1.36,"ק""ג",false,,19.90,14.6324,true,1,332903
710069812161,false,רסק תפוחים בגביע אישי 113גר'*6,"כנס פוד ארה""ב",US,רסק תפוחים גפן 6*112,גרמים,672.00,100 גרם,false,,15.90,2.3661,true,1,333050
710069812178,false,רסק תפוחים ללא תוס' סוכר בגביע אישי 113גר'*6,"כנס פוד ארה""ב",US,רסק תפוחים ללא סוכר,גרמים,672.00,100 גרם,false,,15.90,2.3661,true,1,333051
712963001801,false,שוקולד מריר עלים עם שברי אגוזים 125 גר',,,עלי שוקולד מריר גרוס,גרמים,125.00,100 גרם,false,,16.90,13.5200,true,1,264247
712963001818,false,שוקולד עלים מריר בטעם תפוז 125 גר',,IL,עלי שוקולד מריר תפוז,גרמים,125.00,100 גרם,false,,16.90,13.5200,true,1,273138
712963001832,false,עלי שוקולד חלב גרוס 125ג,,IL,עלי שוקולד חלב גרוס,גרמים,125.00,100 גרם,false,,16.90,13.5200,true,1,273135
712963001849,false,שוקולד עלים חלב אגוזים 125 גר',,IL,עלי שוקולד חלב אגוזי,גרמים,125.00,100 גרם,false,,16.90,13.5200,true,1,273136
712963001856,false,שוקולד עלים חלב קרמל 125 גר',,IL,עלי שוקולד חלב קרמל,גרמים,125.00,100 גרם,false,,16.90,13.5200,true,1,273137
712963003799,false,"שוקולד קרמל 40 גר' בד""צ",,,חטיף שוקולד קרמל 40,גרמים,40.00,100 גרם,false,,3.60,9.0000,true,1,314565
712963003805,false,חטיף קרמל מאי וואי 40 גרם גרוס,GROSS,HR,חטיף שוקולד מאי 40 ג,גרמים,40.00,100 גרם,false,,3.60,9.0000,true,1,314566
712963003812,false,חטיף קרמל בוטנים קראנץ 40 גרם גרוס,GROSS,HR,חטיף שוקולד קראנץ בו,גרמים,40.00,100 גרם,false,,3.60,9.0000,true,1,314567
712963003829,false,חטיף קרמל פארדיס 40 גרם גרוס,GROSS,HR,חטיף שוקולד קוקוס 4,גרמים,40.00,100 גרם,false,,3.60,9.0000,true,1,314568
712963004482,false,שוקולד עלים חלב קרמל ומלח ים 125 גר',רויאל,BE,עלי שוקולד חלב קרמל,גרמים,125.00,100 גרם,false,,16.90,13.5200,true,1,323794
712963004796,false,שוקולד מריר ממולא קרם פטל 100 גר' מנוס,זווסקו ד.ד תעשיות מזון,HR,שוקולד גרוס מריר במי,גרמים,100.00,100 גרם,false,,7.90,7.9000,true,1,337106
712963004970,false,שוקולד מריר מעולה 60% 90 גרם,זוקו,NO,שוקולד מריר 60% גרוס,גרמים,90.00,100 גרם,false,,6.90,7.6667,true,1,324087
712963005557,false,"שוקולד חלב לל""ס 100 גר'",גרוסליין,HR,"שוקולד גרוס חלב ללת""",גרמים,100.00,100 גרם,false,,14.90,14.9000,true,1,337679
712963005564,false,שוקולד גרוס לבן עם ש,גרוסליין,HR,שוקולד גרוס לבן עם ש,גרמים,100.00,100 גרם,false,,14.90,14.9000,true,1,337680
712963005588,false,"שוקולד מריר לל""ס 100 גר'",גרוסליין,HR,שוקולד גרוס מריר ללת,גרמים,100.00,100 גרם,false,,14.90,14.9000,true,1,337681
712963005601,false,"שוקולד חלב עם אגוזים לל""ס 100 גר'",גרוסליין,HR,שוקולד גרוס חלב עם ש,גרמים,100.00,100 גרם,false,,14.90,14.9000,true,1,337682
712963005625,false,שוקולד מריר ממולא פרלין ללא סוכר,גרוסליין,HR,שוקולד גרוס מריר במי,גרמים,100.00,100 גרם,false,,14.90,14.9000,true,1,337684
712963005922,false,שוקולד עלים מריר מנטה 125 גר',,IL,עלי שוקולד מריר מנטה,גרמים,125.00,100 גרם,false,,16.90,13.5200,true,1,339588
718122911202,false,"משקה שקדים בטעם וניל ""גולדבאומס"" 946 מ""ל",ליקואטס וג'טאלס,ES,משקה שקדים וניל גולד,מיליליטרים,946.00,"100 מ""ל",false,,12.90,1.3636,true,1,332457
718122911301,false,"משקה שקדים ""גולדבאומס"" 946 מ""ל",ליקואטס וג'טאלס,ES,משקה שקדים גולדבאומס,מיליליטרים,946.00,"100 מ""ל",false,,12.90,1.3636,true,1,332458
718122911400,false,"פסטה מסולסל אורז חום מלא ללא גלוטן ""גולדבאו 454ג",ריזופיה פוד פרודקטס,IL,פסטה מסולסל אורז חום,גרמים,454.00,100 גרם,false,,16.90,3.7225,true,1,337445
718122911509,false,פסטה קרניים אורז חום מלא ללא גלוטן גולדב 454 גרם,ריזופיה פוד פרודקטס,CA,פסטה קרניים אורז חום,גרמים,454.00,100 גרם,false,,16.90,3.7225,true,1,337447
718122911608,false,"פסטה פנה אורז חום מלא ללא גלוטן ""גולדבאום"" 454 גרם",ריזופיה פוד פרודקטס,CA,פסטה פנה אורז חום מל,גרמים,454.00,100 גרם,false,,16.90,3.7225,true,1,337448
718122912902,false,"פסטה שלז אורז חום מלא ללא גלוטן ""גולדבא"" 454 גרם",ריזופיה פוד פרודקטס,CA,פסטה שלז אורז חום מל,גרמים,454.00,100 גרם,false,,16.90,3.7225,true,1,337446
722776001509,false,ממתיק ספלנדה 1200 יח,,,ממתיק ספלנדה 1200 יח,פריט,1.20,"ק""ג",false,,129.90,108.2500,true,1,311817
722776002445,false,מארז ממתיק ספלנדה שק,,,מארז ממתיק ספלנדה שק,גרמים,715.00,100 גרם,false,,89.90,12.5734,true,1,316860
732973000878,false,ווייטפיש A&B קלאסיק565גר,איי אנד בי פיימוס גפ,US,רולדה וויט פיש קלאסי,גרמים,567.00,100 גרם,false,,31.90,5.6261,true,1,338480
732973006009,false,ווייט פיש אוישן 624 גרם,אושן גורמה,US,קציצות דג וויט פיש א,גרמים,624.00,100 גרם,false,,33.90,5.4327,true,1,266302
744664060221,false,תערובת להכנת חמין (צ'ולנט) 255 גרם פרימה,פרימה,US,תערובת לתיבול חמין פ,גרמים,252.00,100 גרם,false,,26.90,10.6746,true,1,334135
744664088034,false,תערובת פפריקה מעושנת פרימה 71 גרם,פרימה,US,פפריקה מעושנת פרימה,גרמים,71.00,100 גרם,false,,13.90,19.5775,true,1,329977
744664088058,false,"תערובת ע""ב שום מעושן 99 גרם פרימה",פרימה,US,תערובת שום מעושן פרי,גרמים,99.00,100 גרם,false,,16.90,17.0707,true,1,329993
744664092109,false,תבלין פלפל קאיין 71 גרם פרימה,פרימה,US,פלפל קאיין פרימה 71,גרמים,71.00,100 גרם,false,,14.90,20.9859,true,1,329979
744664092208,false,תערובת לתיבול שווארמה 85 גרם פרימה,פרימה,US,תערובת לתיבול לשוואר,גרמים,85.00,100 גרם,false,,13.90,16.3529,true,1,329982
744664092260,false,תערובת תיבול לציפס פ,פרימה,US,תערובת תיבול לציפס פ,גרמים,99.00,100 גרם,false,,16.90,17.0707,true,1,329983
744664092352,false,תערובת בשמים בלנד פר,פרימה,US,תערובת בשמים בלנד פר,גרמים,227.00,100 גרם,false,,19.90,8.7665,true,1,329994
744664092383,false,תערובת לתיבול דגים 85 גר,פרימה,US,תערובת לתיבול דגים פ,גרמים,85.00,100 גרם,false,,14.90,17.5294,true,1,329984
744664092413,false,תערובת תיבול לפיצה 2,פרימה,US,תערובת תיבול לפיצה 2,גרמים,28.00,100 גרם,false,,9.90,35.3571,true,1,329973
744664092444,false,קינמון טחון טחון 57 גרם,פרימה,US,קינמון טחון פרימה 57,גרמים,57.00,100 גרם,false,,13.90,24.3860,true,1,336610
744664092499,false,תערובת תיבול להמבורג,פרימה,US,תערובת תיבול להמבורג,גרמים,94.00,100 גרם,false,,16.90,17.9787,true,1,329985
744664092895,false,פפריקה אקסטה פנסי prima,פרימה,US,פפריקה אקסטרה פנסי פ,גרמים,71.00,100 גרם,false,,11.90,16.7606,true,1,329986
744664092949,false,גבישי בצל פרימה 65 ג,פרימה,US,גבישי בצל פרימה 65 ג,גרמים,65.00,100 גרם,false,,13.90,21.3846,true,1,329987
744664092994,false,תבלין פלפל שחור טחון 71,פרימה,US,פלפל שחור טחון פרימה,גרמים,71.00,100 גרם,false,,11.90,16.7606,true,1,329976
744664093021,false,תבלין שמיר 20 גרם,פרימה,US,שמיר פרימה 20 גרם,גרמים,20.00,100 גרם,false,,13.90,69.5000,true,1,329988
744664093076,false,תערובת תיבול לסטייק מונטריאל סטייל 85 גרם פרימה,פרימה,US,תערובת תיבול לסטייק,גרמים,85.00,100 גרם,false,,16.90,19.8824,true,1,329989
744664093083,false,תערובת לציפוי חלות 227 גרם פרימה,פרימה,US,תערובת לחלות פרימה 2,גרמים,227.00,100 גרם,false,,18.90,8.3260,true,1,329999
744664093724,false,תערובת קינמון וסוכר 113,פרימה,IL,תערובת קינמון וסוכר,גרמים,113.00,100 גרם,false,,14.90,13.1858,true,1,329990
744664093991,false,פלפל שחור גרוס דק 71 גרם,פרימה,US,פלפל שחור גרוס דק פר,גרמים,71.00,100 גרם,false,,14.90,20.9859,true,1,336600
748935211732,false,"בייגלך עם דבש 240 גרם ""שוורץ""",בנזל פודס,US,בייגלה עם דבש 240 גר,גרמים,240.00,100 גרם,false,,14.90,6.2083,true,1,322435
768404001640,false,"גלידה בן&ג'ריס קפה משפחתית 500מ""ל",מוצרי איכות אמריקאיים בע,IL,גלידת שמנת בן אנד גר,מיליליטרים,500.00,"100 מ""ל",false,,17.50,3.5000,true,1,318356
769904000607,false,שקדי מרק משובח 200 גרם כשלפ,גיי אפ פי ייצור מזון,IL,"שקדי מרק משובח כל""פ",גרמים,200.00,100 גרם,false,,4.90,2.4500,true,1,265551
769904001116,false,פתיתי קוסקוס משובח 200 גרם כשלפ,גיי אפ פי ייצור מזון,IL,פתיתים קוסקוס משובח,גרמים,200.00,100 גרם,false,,9.90,4.9500,true,1,266845
782706222398,false,חזה הודו על גחלים 250 גר,דליקטס,IL,פסטרמה הודו גחלים ON,גרמים,250.00,100 גרם,false,,24.90,9.9600,true,1,339108
782706222404,false,חזה הודו בדבש 250 גרם,"דליקטס ארטיזנל בע""מ",IL,פסטרמה הודו בדבש ONE,גרמים,250.00,100 גרם,false,,24.90,9.9600,true,1,339109
783495814252,false,רוטב פסטה מרינרה 680גר,פי.אל פודס,US,רוטב פסטה מרינרה קלא,גרמים,680.00,100 גרם,false,,14.90,2.1912,true,1,334133
783495814269,false,רוטב פיצה ליברס 680,פי.אל פודס,US,רוטב פיצה ליברס 680,גרמים,680.00,100 גרם,false,,14.90,2.1912,true,1,334134
787416438411,false,יין צוובנר רוזה 2019,יקב צוובנר,IL,יין צוובנר רוזה 2019,מיליליטרים,750.00,"100 מ""ל",false,,99.90,13.3200,true,1,336720
811146030161,false,טינגלרס תות בשקית דיספליי 288 גרם,גוגרנולא פוד אינדסטר,IL,טופי ממולא בטעם תות,גרמים,288.00,100 גרם,false,,9.90,3.4375,true,1,318781
811146030178,false,טינגלרס פטל בשקית דיספליי 288 גרם,גוגרנולא פוד אינדסטר,PK,טופי ממולא בטעם פטל,גרמים,288.00,100 גרם,false,,9.90,3.4375,true,1,318782
811146030185,false,טינגלרס דובדבן בשקית דיספליי 288 גרם,גוגרנולא פוד אינדסטר,IL,טופי ממולא בטעם דובד,גרמים,288.00,100 גרם,false,,9.90,3.4375,true,1,318783
811146030307,false,מארז סוכריות אודלס ס,JUNDILONG FOODS COMP,CN,מארז סוכריות אודלס ס,גרמים,384.00,100 גרם,false,,19.90,5.1823,true,1,328635
811146030314,false,"פשקס אודלס פטל סביבון בשקית בד""צ",,IL,סוכריות אודלס סביבון,גרמים,192.00,100 גרם,false,,12.90,6.7188,true,1,317699
811146030383,false,פשקס סוכריות קשות בצורת ספינר 120גר,פרימיום פודס,CN,סוכריות קשות בצורת ס,גרמים,180.00,100 גרם,false,,11.90,6.6111,true,1,323733
811146030390,false,סוכריות קשות בצורת שבשבת פשקס 12 יח,קיומי שנגיואנג פודס,CN,סוכריות קשות בצורת ש,גרמים,180.00,100 גרם,false,,11.90,6.6111,true,1,323734
811146030666,false,טוויסטי פופ בורג 408 גרם,קיומי שנגיואנג פודס,CN,לקקן טוויסטי פופ בור,גרמים,408.00,100 גרם,false,,29.90,7.3284,true,1,323629
811146030680,false,טוויסטי פופ עגול 408 גרם,קיומי שנגיואנג פודס,CN,לקקן טוויסטי פופ עגו,גרמים,408.00,100 גרם,false,,29.90,7.3284,true,1,323631
811146030697,false,טוויסטי פופ כוכב 408 גרם,קיומי שנגיואנג פודס,CN,לקקן טוויסטי פופ כוכ,Unknown,0.00,יחידה,false,,29.90,0.0000,true,1,323632
811146030741,false,סוכריות לולי פופ חמוץ משפחתי 144 גרם,גואנגדונג צאואן פוד,CN,לקקן בטעם פירות לילו,גרמים,150.00,100 גרם,false,,11.90,7.9333,true,1,329972
811146030758,false,סוכריות פרו זיפס פירות בשקית 255 גרם,גוגרנולא פוד אינדסטר,PK,סוכריות טופי פרוזיפס,גרמים,255.00,100 גרם,false,,9.90,3.8824,true,1,333893
811146030765,false,פרו זיפס כפול פירות בשקית 255 גרם,גוגרנולא פוד אינדסטר,PK,סוכריות טופי פרוזיפס,גרמים,255.00,100 גרם,false,,9.90,3.8824,true,1,333894
811146030772,false,סוכריות פרו זיפס ארוכות בשקית 255 גרם,גוגרנולא פוד אינדסטר,PK,סוכריות טופי פרוזיפס,גרמים,240.00,100 גרם,false,,9.90,4.1250,true,1,333895
811146030888,false,טופי ארוך תות פשקס 2,גוגרנולא פוד אינדסטר,PK,טופי ארוך תות פשקס 2,גרמים,600.00,100 גרם,false,,24.90,4.1500,true,1,336052
811146030895,false,טופי ארוך דובדבן פשק,גוגרנולא פוד אינדסטר,PK,טופי ארוך דובדבן פשק,גרמים,600.00,100 גרם,false,,24.90,4.1500,true,1,336053
811146030901,false,טופי ארוך פטל פשקס 2,גוגרנולא פוד אינדסטר,PK,טופי ארוך פטל פשקס 2,גרמים,600.00,100 גרם,false,,24.90,4.1500,true,1,336054
811146030918,false,טופי ארוך פירות פשקס,גוגרנולא פוד אינדסטר,PK,טופי ארוך פירות פשקס,גרמים,600.00,100 גרם,false,,24.90,4.1500,true,1,336055
811146031007,false,לקקן טוויסטי פופ לב,פרימיום פודס,CN,לקקן טוויסטי פופ לב,גרמים,408.00,100 גרם,false,,29.90,7.3284,true,1,339111
811146031205,false,סוכריות טופי פרוזיפס,גוגרנולא פוד אינדסטר,PK,סוכריות טופי פרוזיפס,גרמים,255.00,100 גרם,false,,9.90,3.8824,true,1,336057
811146031328,false,טוויסטי פופ סביבון צבעונ,קואנזו שנגואון פוד ק,CN,לקקן טוויסטי פופ סבי,Unknown,0.00,יחידה,false,,29.90,0.0000,true,1,339639
811146031359,false,טוויסטי פופ סביבון 4 צבע,קואנזו שנגואון פוד ק,CN,לקקן טוויסטי פופ סבי,Unknown,0.00,יחידה,false,,29.90,0.0000,true,1,339640
811146031397,false,סוכריית סביבון על מקל מאגדת 156 גרם,צ'אן אן צ'אונגטסוי פ,IL,ספין פופ לקקן סביבון,גרמים,156.00,100 גרם,false,,11.90,7.6282,true,1,339641
835811000068,false,מגבוני טואלט קשת 3*4,עלבד משואות יצחק,IL,מגבוני טואלט קשת 3*4,Unknown,0.00,יחידה,false,,11.90,0.0000,true,1,322963
835811000075,false,עדשים ירוקות הנמל 1.,הנמל,IL,עדשים ירוקות הנמל 1.,פריט,1.20,"ק""ג",false,,13.90,11.5833,true,1,327160
835811000099,false,עדשים אדומות הנמל 1.,הנמל,IL,עדשים אדומות הנמל 1.,פריט,1.20,"ק""ג",false,,13.90,11.5833,true,1,327161
835811000112,false,שעועית לחמין הנמל 1.,הנמל,IL,שעועית לחמין הנמל 1.,פריט,1.20,"ק""ג",false,,14.90,12.4167,true,1,327166
835811000143,false,מפת ניילון בגליל 40 מטר הנמל,,IL,מפת ניילון בגליל 1.5,Unknown,0.00,יחידה,false,,29.90,0.0000,true,1,336114
835811000174,false,שעועית לבנה הנמל 1.2,הנמל,IL,שעועית לבנה הנמל 1.2,פריט,1.20,"ק""ג",false,,13.90,11.5833,true,1,327167
835811000204,false,צמרוני אזניים עץ הנמ,גרנג יוניברס,CN,צמרוני אזניים עץ הנמ,Unknown,0.00,יחידה,false,,4.90,0.0000,true,1,321782
835811000228,false,"חומוס הנמל 1.2 ק""ג",הנמל,IL,"חומוס הנמל 1.2 ק""ג",פריט,1.20,"ק""ג",false,,13.90,11.5833,true,1,327171
835811000280,false,גריסי פנינה הנמל 1.2,הנמל,IL,גריסי פנינה הנמל 1.2,פריט,1.20,"ק""ג",false,,9.90,8.2500,true,1,327164
835811000303,false,"אפונה הנמל 1.2 ק""ג",הנמל,IL,"אפונה הנמל 1.2 ק""ג",פריט,1.20,"ק""ג",false,,8.90,7.4167,true,1,327165
835811000310,false,ספוג לניקוי קשת 4 יח,,IL,ספוג לניקוי קשת 4 יח,Unknown,0.00,יחידה,false,,10.90,0.0000,true,1,324482
835811000327,false,חומוס ענק הנמל 1.2 ק,הנמל,IL,חומוס ענק הנמל 1.2 ק,פריט,1.20,"ק""ג",false,,21.90,18.2500,true,1,327169
835811000334,false,ספוגיות לניקוי קשת 1,סדובסקי,IL,ספוגיות לניקוי קשת 1,Unknown,0.00,יחידה,false,,9.90,0.0000,true,1,324483
835811000358,false,מטליות לניקוי כללי מ,סדובסקי,IL,מטליות לניקוי כללי מ,Unknown,0.00,יחידה,false,,19.90,0.0000,true,1,325055
835811000365,false,מטליות רצפה מיקרופיי,סדובסקי,IL,מטליות רצפה מיקרופיי,Unknown,0.00,יחידה,false,,29.90,0.0000,true,1,325056
835811000372,false,שקיות הקפאה למזון נשלף 100 יח',זמזמ תעשיות פלסטיק,IL,שקיות הקפאה עבות הנמ,Unknown,0.00,יחידה,false,,9.90,0.0000,true,1,320469
835811000389,false,שקיות אוכל למזון נשלף 200 יח',זמזמ תעשיות פלסטיק,IL,שקיות אוכל עבות הנמל,Unknown,0.00,יחידה,false,,9.90,0.0000,true,1,320470
835811000396,false,נייר אפיה לתבנית מוארכת - מארז 30 ניירות,יבוא ושיווק: הנמל אריזות,IL,נייר אפיה לתבנית מאו,Unknown,0.00,יחידה,false,,9.90,0.0000,true,1,323234
835811000464,false,"תמצית מטעם רום 250 מ""ל הנמל",,IL,תמצית רום הנמל 250 מ,מיליליטרים,250.00,"100 מ""ל",false,,8.90,3.5600,true,1,320901
835811000471,false,"תמצית מטעם וניל 250 מ""ל",,IL,תמצית בטעם וניל הנמל,מיליליטרים,250.00,"100 מ""ל",false,,8.90,3.5600,true,1,320902
835811000501,false,סירופ מייפל טהור 100% 250 גר',פרסטייל מייפל,CA,סירופ מייפל 100% דלי,גרמים,250.00,100 גרם,false,,21.90,8.7600,true,1,338871
835811000518,false,תמצית וניל טהור הנמל,,IL,תמצית וניל טהור הנמל,מיליליטרים,29.00,"100 מ""ל",false,,21.90,75.5172,true,1,338973
835811000549,false,מגבוני טואלט מועשר ב,עלבד משואות יצחק,IL,מגבוני טואלט מועשר ב,Unknown,0.00,יחידה,false,,11.90,0.0000,true,1,339375
835811000693,false,כוסיות לחיים מרובעות,ביירט,CN,כוסיות לחיים מרובעות,Unknown,0.00,יחידה,false,,17.90,0.0000,true,1,322221
835811000709,false,מטליות לניקוי רצפה ק,,,מטליות לניקוי רצפה ק,Unknown,0.00,יחידה,false,,6.90,0.0000,true,1,321801
835811000723,false,נרות חימום 100 יח הנ,מולר פבריקה נרות,PL,נרות חימום 100 יח הנ,Unknown,0.00,יחידה,false,,17.90,0.0000,true,1,321788
835811000730,false,גליליות וופל למילוי 15יחי' 150 גרם,גילרו,IL,מארז גליליות הנמל למ,גרמים,150.00,100 גרם,false,,14.90,9.9333,true,1,322538
835811000747,false,מזלגות איכותיות קרם,מיקרו,TR,מזלגות איכותיות קרם,Unknown,0.00,יחידה,false,,26.90,0.0000,true,1,322285
835811000754,false,כפות איכותיות קרם בל,מיקרו,TR,כפות איכותיות קרם בל,Unknown,0.00,יחידה,false,,26.90,0.0000,true,1,322286
835811000761,false,כפיות איכותיות קרם ב,מיקרו,TR,כפיות איכותיות קרם ב,Unknown,0.00,יחידה,false,,26.90,0.0000,true,1,322287
835811000778,false,סכינים איכותיים קרם,מיקרו,TR,סכינים איכותיים קרם,Unknown,0.00,יחידה,false,,26.90,0.0000,true,1,322288
835811000785,false,מזלגות איכותיות שקוף,מיקרו,TR,מזלגות איכותיות שקוף,Unknown,0.00,יחידה,false,,26.90,0.0000,true,1,322289
835811000792,false,כפות איכותיות שקוף ב,מיקרו,TR,כפות איכותיות שקוף ב,Unknown,0.00,יחידה,false,,26.90,0.0000,true,1,322290
835811000808,false,כפיות איכותיות שקוף,מיקרו,TR,כפיות איכותיות שקוף,Unknown,0.00,יחידה,false,,26.90,0.0000,true,1,322291
835811000815,false,סכינים איכותיים שקוף,מיקרו,TR,סכינים איכותיים שקוף,Unknown,0.00,יחידה,false,,26.90,0.0000,true,1,322284
835811000907,false,כוסות יין מעוטרות כס,,TR,כוסות יין מעוטרות כס,Unknown,0.00,יחידה,false,,7.90,0.0000,true,1,327709
835811001096,false,סוכריות לקישוט מיני,ממתקי עלה,IL,סוכריות לקישוט מיני,גרמים,400.00,100 גרם,false,,17.90,4.4750,true,1,324725
835811001232,false,"נייר אפיה לתבנית עגולה 26 ס""מ - מארז 10 ניירות",האנג טונג,CN,נייר אפיה לתבנית עגו,Unknown,0.00,יחידה,false,,9.90,0.0000,true,1,330581
835811001355,false,כוסות מרובעות בלו שי,בי רייט,CN,כוסות מרובעות בלו שי,Unknown,0.00,יחידה,false,,29.90,0.0000,true,1,327821
835811001409,false,"תבנית ח""פ עבה רוסטר",אופל אריזות בעמ,IL,"תבנית ח""פ עבה רוסטר",Unknown,0.00,יחידה,false,,19.90,0.0000,true,1,330848
835811001416,false,"תבנית ח""פ עבה לחלה 1",אופל אריזות בעמ,IL,"תבנית ח""פ עבה לחלה 1",Unknown,0.00,יחידה,false,,19.90,0.0000,true,1,330849
835811001423,false,"תבנית ח""פ עבה רוסטר",אופל אריזות בעמ,IL,"תבנית ח""פ עבה רוסטר",Unknown,0.00,יחידה,false,,19.90,0.0000,true,1,330850
835811001430,false,"תבנית ח""פ עבה רוסטר",אופל אריזות בעמ,IL,"תבנית ח""פ עבה רוסטר",Unknown,0.00,יחידה,false,,19.90,0.0000,true,1,330851
835811001454,false,גפרורים ארוך מאוד הנ,נור,SE,גפרורים ארוך מאוד הנ,Unknown,0.00,יחידה,false,,9.90,0.0000,true,1,331132
835811001461,false,גפרורים בינוני הנרות,,IL,גפרורים בינוני הנרות,Unknown,0.00,יחידה,false,,5.90,0.0000,true,1,331607
835811001621,false,"קינואה הנמל 1.2 ק""ג",הנמל,IL,"קינואה הנמל 1.2 ק""ג",פריט,1.20,"ק""ג",false,,19.90,16.5833,true,1,329947
835811001713,false,נילון נצמד 150 מטר רוחב 30 סמ,ווינפאק סחר בעמ,IL,ניילון נצמד הנמל 150,מטרים,150.00,מטר,false,,9.90,0.0660,true,1,303601
835811001805,false,כוס קינוח אלגנט חד פ,מיקרו,CN,כוס קינוח אלגנטית +,Unknown,0.00,יחידה,false,,11.90,0.0000,true,1,301962
835811001812,false,כוס קינוח אלגנטית עם מכסה 12 יח',,,כוס קינוח אלגנטית +,Unknown,0.00,יחידה,false,,11.90,0.0000,true,1,301963
835811001928,false,קוקטים לאפיה 3 אוז 50 יח',בי רייט,CN,תבניות אישיות לאפיה,Unknown,0.00,יחידה,false,,6.90,0.0000,true,1,275544
835811001935,false,קוקטים לאפיה 5.5 אוז 50 יח',בי רייט,CN,תבניות אישיות לאפיה,Unknown,0.00,יחידה,false,,6.90,0.0000,true,1,275545
835811002215,false,מאפינס צבעוני מס' 4 הנמל 200 יח',יונק,IL,מאפינס צבעוני 200 יח,Unknown,0.00,יחידה,false,,9.90,0.0000,true,1,309983
835811002239,false,מאפינס צבעוני מס' 3 הנמל 200 יח',יונק,,מאפינס צבעוני 200 יח,Unknown,0.00,יחידה,false,,8.90,0.0000,true,1,309982
835811002246,false,מאפינס צבעוני מס' 2 הנמל 200 יח',יונק,IL,מאפינס צבעוני 200 יח,Unknown,0.00,יחידה,false,,7.90,0.0000,true,1,309981
835811002253,false,מאפינס צבעוני 200 יח` מס` 1.5,יונק,,מאפינס צבעוני 200 יח,Unknown,0.00,יחידה,false,,6.90,0.0000,true,1,309980
835811002277,false,"שיפודי במבוק גדול במיוחד ""הנמל""",גרנג יוניברס,CN,שיפודי במבוק עבים הנ,Unknown,0.00,יחידה,false,,5.90,0.0000,true,1,332012
835811002406,false,מטליות רצפה מותאם למ,עופרטקס תעשיות 1997,IL,מטליות רצפה מותאם למ,Unknown,0.00,יחידה,false,,19.90,0.0000,true,1,305006
835811002451,false,נרות צבעוני 6 שעות 2,מולר פבריקה נרות,PL,נרות צבעוני 6 שעות 2,Unknown,0.00,יחידה,false,,12.90,0.0000,true,1,304123
835811002628,false,ופל קראנץ עלמה 60 יח,גילרו,IL,ופל קראנץ עלמה 60 יח,גרמים,720.00,100 גרם,false,,17.90,2.4861,true,1,329274
835811002703,false,סט אירוח צלחות ונציה,מיקרון מקינה,TR,סט אירוח צלחות ונציה,Unknown,0.00,יחידה,false,,36.90,0.0000,true,1,330275
835811002710,false,סט מרקיות ולפתניות צ,מיקרון מקינה,TR,סט מרקיות ולפתניות צ,Unknown,0.00,יחידה,false,,19.90,0.0000,true,1,330276
835811003090,false,מזלגות הגשה שקוף 10 יח' הנמל,מיקרון מקינה,TR,מזלגות הגשה מפלסטיק,Unknown,0.00,יחידה,false,,12.90,0.0000,true,1,336147
835811003106,false,כפות הגשה שקוף 10 יח' הנמל,מיקרון מקינה,TR,כפות הגשה מפלסטיק שק,Unknown,0.00,יחידה,false,,12.90,0.0000,true,1,336148
835811003113,false,מזלגות איכותיות שקוף,מיקרו,TR,מזלגות איכותיות שקוף,Unknown,0.00,יחידה,false,,26.90,0.0000,true,1,332553
835811003120,false,כפות איכותיות שקוף נ,מיקרו,TR,כפות איכותיות שקוף נ,Unknown,0.00,יחידה,false,,26.90,0.0000,true,1,332554
835811003137,false,כפיות איכותיות שקוף,מיקרו,TR,כפיות איכותיות שקוף,Unknown,0.00,יחידה,false,,26.90,0.0000,true,1,332555
835811003144,false,סכינים איכותיים שקוף,מיקרו,TR,סכינים איכותיים שקוף,Unknown,0.00,יחידה,false,,26.90,0.0000,true,1,332552
835811003199,false,נייר אפיה לתבנית מרובע 6X32 16 יח',יבוא ושיווק: הנמל אריזות,CN,נייר אפיה לתבנית מלב,Unknown,0.00,יחידה,false,,17.90,0.0000,true,1,333432
835811003328,false,"תבנית ח""פ עבות במיוח",,IL,"תבנית ח""פ עבות במיוח",Unknown,0.00,יחידה,false,,44.90,0.0000,true,1,335189
835811003434,false,כוס משובחות 10 יח' הנמל,בי רייט,CN,כוס רויאל הנמל 10 יח,Unknown,0.00,יחידה,false,,9.90,0.0000,true,1,336200
835811003670,false,סירופ בטעם שוקולד 60,O.S,,סירופ בטעם שוקולד 60,גרמים,600.00,100 גרם,false,,9.90,1.6500,true,1,315377
835811003694,false,מזוודה טישו משי הנמל 140*10 יח',לילה,TR,טישו הנמל 10*140 יח,Unknown,0.00,יחידה,false,,23.90,0.0000,true,1,315021
835811003700,false,סודה לשתיה הנמל 250 גרם,"פוליבה בע""מ",IL,סודה לשתייה הנמל 250,גרמים,250.00,100 גרם,false,,5.90,2.3600,true,1,326221
835811003878,false,שקיות אשפה עם ידיות הנמל 40 יח 50*70,זמזמ תעשיות פלסטיק,IL,שקיות אשפה עם ידיות,Unknown,0.00,יחידה,false,,11.90,0.0000,true,1,312887
835811004189,false,פרורי לחם מוזהבים בתוספת שומשום 800 גר',הנמל,IL,פירורי לחם מוזהבים ה,גרמים,800.00,100 גרם,false,,9.90,1.2375,true,1,339433
835811004226,false,מפת ניילון בגליל 45 מטר,,IL,מפת ניילון בגליל 45,Unknown,0.00,יחידה,false,,29.90,0.0000,true,1,331217
835811004233,false,מפות ניילון 18 יח ה,זמזמ תעשיות פלסטיק,IL,מפות ניילון 18 יח ה,Unknown,0.00,יחידה,false,,16.90,0.0000,true,1,317341
835811004240,false,מפות ניילון 22 יח הנ,זמזמ תעשיות פלסטיק,IL,מפות ניילון 22 יח הנ,Unknown,0.00,יחידה,false,,16.90,0.0000,true,1,317340
835811004257,false,נייר אלומיניום הנמל,גי.טי,CN,נייר אלומיניום הנמל,מטרים,30.00,מטר,false,,19.90,0.6633,true,1,316501
835811004271,false,סלטינה אמריקאית 100 יח',ביירט,CN,צלחות סלטינה אמריקאי,Unknown,0.00,יחידה,false,,20.90,0.0000,true,1,319256
835811004417,false,ריבת חלב הנמל 340 גר,,,ריבת חלב הנמל 340 גר,גרמים,340.00,100 גרם,false,,11.90,3.5000,true,1,324205
835811004424,false,חלב מרוכז הנמל 340 ג,"פוליבה בע""מ",IL,חלב מרוכז הנמל 340 ג,גרמים,340.00,100 גרם,false,,11.90,3.5000,true,1,317797
835811004523,false,קשים מיוחדים לשייק הנמל 75 יחידות,,CN,קשים לשייק הנמל 75 י,Unknown,0.00,יחידה,false,,6.90,0.0000,true,1,319953
835811004660,false,עטרות אלו' 1.50 לאפיה 100יח,הנג טון,CN,מנגטים לאפייה כסף/ז,Unknown,0.00,יחידה,false,,4.90,0.0000,true,1,266810
835811004677,false,עטרות אלו' 4 לאפייה 100 יח',הנג טון,CN,מנגטים לאפייה כסף/זה,Unknown,0.00,יחידה,false,,8.90,0.0000,true,1,266813
835811004684,false,עטרות אלו' 3 לאפיה 100יח,הנג טון,CN,מנגטים לאפייה כסף/זה,Unknown,0.00,יחידה,false,,6.90,0.0000,true,1,266812
835811004691,false,עטרות אלו' לאפיה 100 יח' מס' 2 כסף/ זהב,הנג טון,CN,מנגטים לאפייה כסף/זה,Unknown,0.00,יחידה,false,,5.90,0.0000,true,1,266811
835811004707,false,פירורי לחם מוזהבים 440 ג' הנמל,ברמן שוקולד ועוגיות,IL,פירורי לחם מוזהבים ה,גרמים,440.00,100 גרם,false,,6.70,1.5227,true,1,266311
835811004943,false,קעריות קסרול שקופות,"אינפלסטיק בע""מ",IL,קסרול שקוף אלגנט 10,Unknown,0.00,יחידה,false,,10.90,0.0000,true,1,266117
835811005025,false,סיר אלומיניום בינוני עם מכסה 2 יח',קינפויל גאנגזו,CN,סיר אלומיניום בינוני,Unknown,0.00,יחידה,false,,13.90,0.0000,true,1,265937
835811005247,false,קערות מהודרות משובחות ואיכותיות,הנג טונג,CN,קערה שקופה 4 יח 4 או,Unknown,0.00,יחידה,false,,7.90,0.0000,true,1,268201
835811005704,false,נייר עטיפה לכריכים הנמל 100 יחידות,טופ פלסט 2002 בעמ,IL,נייר עטיפה לכריכים 1,Unknown,0.00,יחידה,false,,8.90,0.0000,true,1,266390
835811005728,false,עלים לקרמשניט הנמל 400 גרם,"רונית מאפים בע""מ",IL,עלים לקרמשניט 400 גר,גרמים,400.00,100 גרם,false,,14.90,3.7250,true,1,270568
835811005735,false,כריות לכלים הנמל 12,סדובסקי,IL,כריות לכלים הנמל 12,Unknown,0.00,יחידה,false,,9.90,0.0000,true,1,270053
835811005773,false,מטליות לניקוי אבק הנ,מ.א.יצור ויבוא מטליו,IL,מטליות לניקוי אבק הנ,Unknown,0.00,יחידה,false,,19.90,0.0000,true,1,270049
835811005803,false,"שקיות אשפה עם ידיות 75x90 ס""מ 25 יח'",תעשיות והשקעה אל רסא,IL,שקיות אשפה עם ידיות,Unknown,0.00,יחידה,false,,11.90,0.0000,true,1,274805
835811006046,false,לפתניות 5OZ אמריקאיות 100 יח`,בי רייט,CN,לפתניות אמריקאיות 10,Unknown,0.00,יחידה,false,,17.90,0.0000,true,1,300534
835811006176,false,כוס קינוח קריסטל 24 יח',מיקרון מקינה,TR,כוס קינוח קריסטלי 60,Unknown,0.00,יחידה,false,,14.90,0.0000,true,1,269016
835811006183,false,כוס קינוח קריסטל 24 יח',מיקרון מקינה,TR,כוס קינוח קריסטלי 12,Unknown,0.00,יחידה,false,,14.90,0.0000,true,1,269015
835811006497,false,אבקת סוכר 500 גרם הנמל,ר.ס. חברה ליבוא ויצו,IL,אבקת סוכר הנמל 500 ג,גרמים,500.00,100 גרם,false,,6.90,1.3800,true,1,303533
835811006534,false,"כוסות קרטון לשתיה חמה 475 מ""ל",הנמל,CN,כוסות נייר 50 יח 16,Unknown,0.00,יחידה,false,,22.90,0.0000,true,1,273985
835811006589,false,כוס קינוח נאפולי 60C,מיקרו,CN,כוס קינוח נאפולי 60C,Unknown,0.00,יחידה,false,,11.90,0.0000,true,1,338236
835811006596,false,"ליפתן הגשה +6 מכסה, 12 יחידות",מיקרון מקינה,TR,לפתן הגשה 6 אונז + מ,Unknown,0.00,יחידה,false,,11.90,0.0000,true,1,272128
835811006763,false,מאפינס אלומיניום לאפיה ולהגשה 20 יח`,האנוי ואיוין אינטרנש,CN,"תבניות ח""פ לאפיה איש",Unknown,0.00,יחידה,false,,5.90,0.0000,true,1,271373
835811007166,false,כוסות חד פעמיות מקרטון עם מכסה פלסטיק,"צח ייבוא ושיווק בע""מ",IL,כוסות לקפה + מכסה 16,Unknown,0.00,יחידה,false,,12.90,0.0000,true,1,263485
835811007494,false,ג'לטין טהור מדגים14X2גרם,גואנגדונג מיניאנג,TW,אבקת גלטין טהור הנמל,גרמים,28.00,100 גרם,false,,8.90,31.7857,true,1,263487
835811007562,false,תבניות קרטון אינגליש קייק 6יח` ארוז 29X9X6,דוקרט תעשיית אריזות,IL,תבניות קרטון אינגליש,Unknown,0.00,יחידה,false,,8.90,0.0000,true,1,263488
835811007661,false,שקיות הקפאה 200 יחידות הנמל 25*35 ס''מ,סאם גלובל תורכיה,CN,שקיות הקפאה הנמל 200,Unknown,0.00,יחידה,false,,6.90,0.0000,true,1,263489
835811007678,false,שקיות אוכל הנמל 200 יח',סאם גלובל תורכיה,CN,שקיות אוכל הנמל 200,Unknown,0.00,יחידה,false,,2.80,0.0000,true,1,263490
835811008132,false,כריות מתכת בגליל 6יח,שוורצקוף& הנקל דיסלד,CN,ספוג מתכת הנמל 6 יח,Unknown,0.00,יחידה,false,,9.90,0.0000,true,1,263493
835811008606,false,"סיר אלומיניום ומכסה ח""פ הנמל 3 יח'",קינפויל/גאנגזו,CN,סיר אלומיניום 3 יחיד,Unknown,0.00,יחידה,false,,12.90,0.0000,true,1,263853
835811008729,false,צלחות ענק אמריקאיות הנמל 100 יח,בי רייט,CN,צלחות אמריקאיות ענק,Unknown,0.00,יחידה,false,,59.90,0.0000,true,1,296670
835811008736,false,"צלחות אמרקאיות גדול ח""פ 100 יח'",בי רייט,CN,צלחות אמריקאיות גדול,Unknown,0.00,יחידה,false,,48.90,0.0000,true,1,295955
835811008774,false,"צלחות אמריקאיות 7"" קטן ח""פ 100 יח'",בי רייט,CN,צלחות אמריקאיות קטנו,Unknown,0.00,יחידה,false,,29.90,0.0000,true,1,295954
835811008781,false,"מרקיות אמריקאיות 12OZ ח""פ 100 יח'",בי רייט,CN,"מרקיות אמריקאיות ח""פ",Unknown,0.00,יחידה,false,,29.90,0.0000,true,1,295953
835811008910,false,ליפתניות הגשה 8יח הנ,בי רייט,CN,לפתניות הגשה 8 יח',Unknown,0.00,יחידה,false,,7.90,0.0000,true,1,263847
835811008927,false,כוס ויסקי גבוהה 10 יח,בי רייט,CN,כוס ויסקי הנמל 10 יח,Unknown,0.00,יחידה,false,,11.50,0.0000,true,1,339434
835811008996,false,"כוסות חד פעמי קרטון 295 מ""ל",הנמל,CN,כוסות נייר 50 יח 300,Unknown,0.00,יחידה,false,,13.90,0.0000,true,1,263844
835811009139,false,"לפתניות מרובעות ח""פ הנמל 10 יח'",בי רייט,CN,לפתניות מרובע קטן 10,Unknown,0.00,יחידה,false,,9.90,0.0000,true,1,263864
835811009146,false,קערה קטן אובלי אלגנט,מיקרון מקינה,CN,קערה קטן אובלי אלגנט,Unknown,0.00,יחידה,false,,13.90,0.0000,true,1,263861
835811009443,false,מפיות מודפסות תלת שכ,גאט פיפר,DE,מפיות מודפסות תלת שכ,Unknown,0.00,יחידה,false,,5.90,0.0000,true,1,263504
838948000048,false,ממרח שוקולד אגוזים ש,SHNEIDER'S,NL,ממרח שוקולד אגוזים ש,גרמים,700.00,100 גרם,false,,21.90,3.1286,true,1,303202
838948000055,false,סוכריות קנדי פלנט תו,שניידרס,FR,סוכריות קנדי פלנט תו,גרמים,150.00,100 גרם,false,,9.90,6.6000,true,1,332130
838948000062,false,סוכריות קנדי פלנט בא,שניידרס,FR,סוכריות קנדי פלנט בא,גרמים,150.00,100 גרם,false,,9.90,6.6000,true,1,332128
838948000086,false,סוכריות קנדי פלנט בנ,שניידרס,FR,סוכריות קנדי פלנט בנ,גרמים,150.00,100 גרם,false,,9.90,6.6000,true,1,336157
838948002257,false,עוגיות ש.ציפס אגוזים 200,שניידרס,FR,עוגיות שוקולד ציפס א,גרמים,200.00,100 גרם,false,,8.90,4.4500,true,1,274955
838948002271,false,עוגיות שוקולד ציפס 200ג,שניידרס,FR,עוגיות שוקולד ציפס ק,גרמים,200.00,100 גרם,false,,8.90,4.4500,true,1,274953
838948004497,false,עוגיות שוקוצ'יפס 200 גרם,שניידרס,FR,עוגיות שוקולד ציפס ש,גרמים,200.00,100 גרם,false,,8.90,4.4500,true,1,274954
838948005968,false,סוכריות ליקריץ 200 גרם,שניידרס,FR,סוכריות קנדי פלנט לק,גרמים,200.00,100 גרם,false,,9.90,4.9500,true,1,312516
838948005999,false,סוכריות ליקריץ 200 גרם,שניידרס,IL,סוכריות קנדי פלנט או,גרמים,200.00,100 גרם,false,,9.90,4.9500,true,1,336158
838948007559,false,"שוקולד עם שברי אגוזים ,",שניידרס,FR,שוקולד שניידרס מריר,גרמים,100.00,100 גרם,false,,8.90,8.9000,true,1,277119
838948007580,false,שוקולד שניידרס מריר,שניידרס,FR,שוקולד שניידרס מריר,גרמים,100.00,100 גרם,false,,8.90,8.9000,true,1,277124
838948007597,false,שוקולד שניידרס חלב ש,שניידרס,FR,שוקולד שניידרס חלב ש,גרמים,100.00,100 גרם,false,,8.90,8.9000,true,1,277126
838948008181,false,עוגיות גרנינו מצופות,שניידרס,FR,עוגיות גרנינו מצופות,גרמים,150.00,100 גרם,false,,12.90,8.6000,true,1,332123
838948008495,false,שוקולד שניידרס חלב א,שניידרס,FR,שוקולד שניידרס חלב א,גרמים,100.00,100 גרם,false,,8.90,8.9000,true,1,277125
838948008563,false,שוקולד מריר שקדים 100 גר,שניידרס,FR,שוקולד שניידרס מריר,גרמים,100.00,100 גרם,false,,8.90,8.9000,true,1,277120
838948008969,false,קרקר יו מרובע שניידר,שניידרס,FR,קרקר יו מרובע שניידר,גרמים,300.00,100 גרם,false,,9.90,3.3000,true,1,317649
838948010863,false,סוכריות דרז'ה טעם פירות,שניידרס,FR,סוכריות ריינבולס בטע,גרמים,150.00,100 גרם,false,,9.90,6.6000,true,1,336159
838948010870,false,סוכריות דרז'ה טעם פירות,שניידרס,FR,סוכריות ריינבולס חמו,גרמים,150.00,100 גרם,false,,9.90,6.6000,true,1,336160
844510012104,false,יין רמת יהודה קברנה,יין רמת יהודה א.ג.ת,IL,יין רמת יהודה קברנה,מיליליטרים,750.00,"100 מ""ל",false,,69.90,9.3200,true,1,327443
844510012111,false,יין רמת יהודה קברנה,אגדת,IL,יין רמת יהודה קברנה,מיליליטרים,750.00,"100 מ""ל",false,,69.90,9.3200,true,1,327444
844510012135,false,יין רמת יהודה פטיט ו,יין רמת יהודה א.ג.ת,IL,יין רמת יהודה פטיט ו,מיליליטרים,750.00,"100 מ""ל",false,,69.90,9.3200,true,1,327446
844510013309,false,"יין גרוזלם הילז רזרב 750 מ""ל",אגדת,IL,יין ג'רוזלם הילז רזר,מיליליטרים,750.00,"100 מ""ל",false,,69.90,9.3200,true,1,327448
850008847257,false,יין טברנקל קברנה סוב,יקב טרנקבל,IL,יין טברנקל קברנה סוב,מיליליטרים,750.00,"100 מ""ל",false,,89.90,11.9867,true,1,336795
850008847264,false,יין טברנקל שהם 2019,יקב טרנקבל,IL,יין טברנקל שהם 2019,מיליליטרים,750.00,"100 מ""ל",false,,89.90,11.9867,true,1,336796
854928007067,false,שוקולד מריר 41% רוקה,מאונטיין צוקולט ק.פ.,HK,שוקולד מריר 41% רוקה,גרמים,600.00,100 גרם,false,,12.90,2.1500,true,1,328638
856591000055,false,עוגיות מזרחיות קריספי שרוף במיוחד,מאפיית יוסף ושמחה עבאדי,IL,עוגיות מזרחיות קריספ,גרמים,400.00,100 גרם,false,,11.90,2.9750,true,1,323633
856591000062,false,עוגיות מזרחיות עם מלח עבאדי 400 גרם,מאפיית יוסף ושמחה עבאדי,IL,עוגיות מזרחיות מלח ע,גרמים,400.00,100 גרם,false,,11.90,2.9750,true,1,283778
856591000109,false,עוגיות מזרחיות פריך במיוחד עבאדי 400 גרם,מאפיית יוסף ושמחה עבאדי,IL,עוגיות מזרחיות פריכו,גרמים,400.00,100 גרם,false,,11.90,2.9750,true,1,323614
856591000512,false,עוגיות מזרחיות מקלונים עם שומשום עבאדי 400 גרם,מאפיית יוסף ושמחה עבאדי,IL,עוגיות מזרחיות מקלונ,גרמים,400.00,100 גרם,false,,16.90,4.2250,true,1,329954
856591000949,false,עבאדי קטנטנים מאפה חיטה מלוח 350ג גר',עבאדי,IL,עוגיות קטנטנים עבאדי,גרמים,350.00,100 גרם,false,,16.90,4.8286,true,1,334827
856591000956,false,עוגיות קטנטנים של עבאדי טעם גריל 350 גרם,עבאדי,IL,עוגיות קטנטנים בטעם,גרמים,350.00,100 גרם,false,,16.90,4.8286,true,1,338415
859844005432,false,משקה שיבולת שועל גולדבאומס 1 ליטר,ליקואטס וג'טאלס,ES,משקה שיבולת שועל גול,מיליליטרים,946.00,"100 מ""ל",false,,12.90,1.3636,true,1,339773
859844005630,false,"משקה סויה ""גולדבאומס"" 1 ליטר",ליקואטס וג'טאלס,ES,משקה סויה גולדבאומס,קילוגרמים,1.00,ליטר,false,,6.90,6.9000,true,1,339774
859844052917,false,מולטי ויטמין לילדים,מיה תעשיות מזון בעמ,IL,מולטי ויטמין לילדים,Unknown,0.00,יחידה,false,,19.90,0.0000,true,1,340099
859844052924,false,מולטי ויטמין לילדים,מיה תעשיות מזון בעמ,IL,מולטי ויטמין לילדים,Unknown,0.00,יחידה,false,,19.90,0.0000,true,1,340100
859844052931,false,מולטי ויטמין לילדים,מיה תעשיות מזון בעמ,IL,מולטי ויטמין לילדים,Unknown,0.00,יחידה,false,,19.90,0.0000,true,1,340101
859844105118,false,תערובת לקניידלך מקמח,מצות אביב,IL,תערובת לקניידלך מקמח,גרמים,140.00,100 גרם,false,,11.90,8.5000,true,1,337456
870264001330,false,פתיל צף תפארת,,,פתיל צף תפארת,Unknown,0.00,יחידה,false,,2.90,0.0000,true,1,323493
884912117625,false,דגני שלווה מצופים בדבש Golden Crisp,הנסיך- מפעל לייצור ט,US,דגני בוקר גולדן קריס,גרמים,418.00,100 גרם,false,,19.90,4.7608,true,1,338300
884912359414,false,דגני בוקר האני באנצ'ס קינמון פוסט 340 גרם,פוסט ארצות הברית,US,דגני בוקר האני בנצ',גרמים,340.00,100 גרם,false,,21.90,6.4412,true,1,338306
884912359421,false,דגני בוקר האני באנצ'ס מייפל ופקאן פוסט 340 גרם,פוסט ארצות הברית,US,דגני בוקר האני בנצ',גרמים,340.00,100 גרם,false,,21.90,6.4412,true,1,338307
884912365200,false,דגני בוקר אוראו שחור ולבן 311 גרם,פוסט ארצות הברית,US,דגני בוקר עם פירורי,גרמים,311.00,100 גרם,false,,19.90,6.3987,true,1,338405
893022001137,false,"מגבונים לחים 72 יחידות כשל""פ מותר לשימוש בשבת",ווטנפס בעמ,IL,מגבונים לשימוש בשבת,Unknown,0.00,יחידה,false,,3.90,0.0000,true,1,334747
1025675950121,false,מארז סוכריות אודלס ס,JUNDILONG FOODS COMP,CN,מארז סוכריות אודלס ס,גרמים,384.00,100 גרם,false,,19.90,5.1823,true,1,328653
3014400012157,false,ליקר פסטיס אפרון בטע,פיטר הרינג,DK,ליקר פסטיס אפרון בטע,קילוגרמים,1.00,ליטר,false,,84.90,84.9000,true,1,308131
3035542001908,false,ליקר קואנטרו 1 ליטר,קואנטרו,FR,ליקר קואנטרו 1 ליטר,קילוגרמים,1.00,ליטר,false,,119.90,119.9000,true,1,327003
3059944021197,false,"ויט קרם להסרת שיער לעור רגיש (אריזת חיסכון) 400 מ""ל",רקיט בנקיזר צרפת,FR,קרם להסרת שיער ויט 4,מיליליטרים,400.00,"100 מ""ל",false,,39.90,9.9750,true,1,332604
3141360054405,false,פיניש מפיץ ריח למדיח בניחוח לימון וליים,הדקלאים אגודת שיתופי,HU,מפיג ריח פיניש לימון,Unknown,0.00,יחידה,false,,14.90,0.0000,true,1,310379
3387390320244,false,פיטנס דגני בוקר מחיטה מלאה עם פירות נסטלה 375 גרם,נסטלה צרפת איטנקורט,FR,דגני בוקר פיטנס עם פ,גרמים,375.00,100 גרם,false,,19.90,5.3067,true,1,279062
3387390525960,false,קראנץ' דגני בוקר עם שוקולד חלב נסטלה 500 גרם,הנסיך- מפעל לייצור ט,FR,דגני בוקר קראנצ 500,גרמים,500.00,100 גרם,false,,19.90,3.9800,true,1,301119
3428681000961,false,קוניאק דופוי במארז א,באך גבריאלסון,FR,"קוניאק דופוי 700 מ""ל",מיליליטרים,700.00,"100 מ""ל",false,,119.90,17.1286,true,1,324261
3566761005793,false,יין בורגון פינו נואר,יקב לואיס פסקו,FR,יין בורגון פינו נואר,מיליליטרים,750.00,"100 מ""ל",false,,129.90,17.3200,true,1,336497
3566761006110,false,יין לה בומון שאבלי ל,יקב לואיס פסקו,FR,יין לה בומון שאבלי ל,מיליליטרים,750.00,"100 מ""ל",false,,119.90,15.9867,true,1,336498
3566761006127,false,יין דומיין בורגון שר,,IL,יין דומיין בורגון שר,מיליליטרים,750.00,"100 מ""ל",false,,119.90,15.9867,true,1,337564
3574660058857,false,גונסונס בייבי שמן 500 מל חדש,גונסון אנד גונסון,IT,שמן גונסונס בייבי 50,גרמים,500.00,100 גרם,false,,29.90,5.9800,true,1,320544
3574660089547,false,טמפונים נורמל קלאסי אובה 32 יחידות,ג'\ונסון אנד ג'\ונסון,GR,טמפונים אובה פרוקומפ,Unknown,0.00,יחידה,false,,18.90,0.0000,true,1,267840
3574660115154,false,או-בה טמפונים קלאסי סופר 32יח',ג'\ונסון אנד ג'\ונסון,GR,טמפונים אובה פרוקומפ,Unknown,0.00,יחידה,false,,18.90,0.0000,true,1,267842
3574660239829,false,קרם ידיים קל סדרה נורבגית נוטרוגינה 50 מ,ניוטרוג'ינה Neutrogena,FR,קרם ידיים ניוטרוג'ינ,מיליליטרים,75.00,"100 מ""ל",false,,24.90,33.2000,true,1,339323
3574660464337,false,מגני תחתון קרפרי נורמל אוורירי מבושם,ג'\ונסון אנד ג'\ונסון,GR,מגן תחתון קרפרי נורמ,Unknown,0.00,יחידה,false,,16.90,0.0000,true,1,278501
3574660464368,false,קרפרי מגן תחתון אוורירי אלוורה 76 יח'',גונסון אנד גונסון,GR,מגן תחתון קרפרי אלוו,Unknown,0.00,יחידה,false,,16.90,0.0000,true,1,278502
3574660514643,false,נטרוגינה קרם לחות מרגיע לגוף ולפנים 300,ניוטרוג'ינה Neutrogena,IT,קרם לחות מרגיע ניוטר,מיליליטרים,300.00,"100 מ""ל",false,,28.90,9.6333,true,1,339332
3574660520132,false,ליסטרין - מי פה מנטה מרענן 1 ליטר,גונסון אנד גונסון,IT,מי פה ליסטרין מנטה 1,קילוגרמים,1.00,ליטר,false,,23.90,23.9000,true,1,303407
3574661098531,false,ניוטרוגינה תחליב גוף מועשר לעור יבש/רגיש,ניוטרוג'ינה Neutrogena,GR,תחליב גוף ניוטרוג'ינ,מיליליטרים,400.00,"100 מ""ל",false,,34.90,8.7250,true,1,339326
3574661098937,false,נטרוגינה תחליב גוף-יבש סדרה נורווגית,ניוטרוג'ינה Neutrogena,FR,תחליב גוף ניוטרוג'ינ,מיליליטרים,400.00,"100 מ""ל",false,,34.90,8.7250,true,1,339327
3574661226491,false,ליסטרין - מי פה טוטאל קר 1 ליטר,גונסון אנד גונסון,IT,מי פה ליסטרין טוטאל,קילוגרמים,1.00,ליטר,false,,23.90,23.9000,true,1,331337
3574661487632,false,מגני תחתון פלוס לארג' בניחוח עדין L,ג'\ונסון אנד ג'\ונסון,GR,מגן תחתון קרפרי לארג,Unknown,0.00,יחידה,false,,22.90,0.0000,true,1,323439
3574669907682,false,גונסונס בייבי טלק 500 גרם חדש,גונסון אנד גונסון,IT,טלק גונסונס בייבי 50,גרמים,500.00,100 גרם,false,,29.90,5.9800,true,1,322374
3574669907729,false,גונסונס בייבי שמפו לתינוק 750 מל,גונסון אנד גונסון,IT,שמפו גונסונס בייבי ג,מיליליטרים,750.00,"100 מ""ל",false,,23.90,3.1867,true,1,336935
3574669908665,false,גונסונס בייבי אל סבון לפני השינה 750 מל,גונסון אנד גונסון,IT,אל סבון לפני השינה ג,מיליליטרים,750.00,"100 מ""ל",false,,19.90,2.6533,true,1,322331
3574669908948,false,"גונסונס בייבי אל סבון לרחצה עדינה 750 מ""ל",גונסון אנד גונסון,IT,תחליב רחצה עדין גונס,מיליליטרים,750.00,"100 מ""ל",false,,19.90,2.6533,true,1,322332
3607343817547,false,"אדידס - דאודורנט ספריי לגבר קליימקול 150 מ""ל",קולפ,PT,דאו אדידס ספריי לגבר,מיליליטרים,150.00,"100 מ""ל",false,,11.90,7.9333,true,1,338768
3607349687458,false,"דאו' ספריי לגבר קול דריי פרש 150מ""ל",קולפ,PT,דאו אדידס ספריי לגבר,מיליליטרים,150.00,"100 מ""ל",false,,11.90,7.9333,true,1,338769
3614223736003,false,"אדידס - דאודורנט ספריי לגבר אדיפיור 150 מ""ל",איגפק אס.איי,PT,דאו אדידס ספריי לגבר,מיליליטרים,150.00,"100 מ""ל",false,,11.90,7.9333,true,1,338770
3661163991344,false,"אדידס דאודורנט ספריי מקס פרו-קליר לאישה 150 מ""ל",מיוצר עי קונדיטוריית,PT,דאו אדידס ספריי לאיש,מיליליטרים,150.00,"100 מ""ל",false,,11.90,7.9333,true,1,296772
3760262540016,false,יין נדיב מתן 2017,יקב רקאנטי,IL,יין נדיב מתן 2017,מיליליטרים,750.00,"100 מ""ל",false,,109.90,14.6533,true,1,327777
4001432773230,false,בלו ווין מוסקטו 1 ליטר,יקב רמת הגולן,DE,יין בלו ווין מוסקטו,מיליליטרים,750.00,"100 מ""ל",false,,44.90,5.9867,true,1,336083
4002448017684,false,"סיליט באנג ספריי ניקוי כללי מסיר אבנית 750 מ""ל",הדקלאים אגודת שיתופי,PL,תרסיס סיליט באנג 750,מיליליטרים,750.00,"100 מ""ל",false,,12.50,1.6667,true,1,280948
4002448019480,false,"סיליט באנג מסיר שומנים רב שימושי 750 מ""ל",סיליט באנג Cillit Bang,PL,תרסיס סיליט באנג מסי,מיליליטרים,750.00,"100 מ""ל",false,,12.50,1.6667,true,1,280950
4008287051032,false,בירה קרומבאכר פילס 0.50 ליטר פחית,מנדלז סי.אר. פרודקשן,DE,בירה קרומבאכר פילס פ,מיליליטרים,500.00,"100 מ""ל",false,,9.90,1.9800,true,1,331185
4008287058161,false,"שישייה בירה קרומבאכר פילס 330X6 מ""ל",מנדלז סי.אר. פרודקשן,DE,מארז בירה קרומבאכר פ,קילוגרמים,1.98,ליטר,false,,29.90,15.1010,true,1,331188
4008287762020,false,בירה קרומבאכר חיטה 0.50 ליטר בקבוק,קרומבכר בראורי,DE,בירה קרומבאכר חיטה ב,מיליליטרים,500.00,"100 מ""ל",false,,9.90,1.9800,true,1,331186
4008287905786,false,בירה קרומבאכר חיטה 5.3% פחית 500 מל,מנדלז סי.אר. פרודקשן,DE,בירה קרומבאכר חיטה פ,מיליליטרים,500.00,"100 מ""ל",false,,9.90,1.9800,true,1,331187
4008496884896,false,מארז 10 סוללות ורטה,,,מארז 10 סוללות ורטה,Unknown,0.00,יחידה,false,,14.90,0.0000,true,1,327133
4008496927364,false,מארז 10 סוללות VARTA AAA -חדש,,,מארז 10 סוללות ורטה,Unknown,0.00,יחידה,false,,14.90,0.0000,true,1,327134
4008535095351,false,בננית חטיף ממולא קרם בטעם בננה בציפוי שוקולד 300 גר',שקדיה,IL,בננית מצופה שוקולד ש,גרמים,300.00,100 גרם,false,,12.90,4.3000,true,1,333109
4009300522935,false,תה ירוק פומפדור לימונית ולואיזה 20 יחידות,"איטיליאן פוד, אס.פי.",DE,תה ירוק פומפדור לימו,גרמים,30.00,100 גרם,false,,14.90,49.6667,true,1,272463
4009300522966,false,תה ירוק עם נענע פומפדור 20 יחידות,"איטיליאן פוד, אס.פי.",DE,תה ירוק פומפדור נענע,גרמים,30.00,100 גרם,false,,14.90,49.6667,true,1,272462
4009300524588,false,חליטת צמחים פומפדור פירות יער 20 יחידות,פומפדור Pompadour,DE,חליטת צמחים פומפדור,גרמים,60.00,100 גרם,false,,11.90,19.8333,true,1,272459
4009300524625,false,תה צ'אי מסאלה פומפדור 20 יחידות,פומפדור Pompadour,DE,תה פומפדר צאי מסאלה,גרמים,40.00,100 גרם,false,,11.90,29.7500,true,1,301524
4009300525011,false,פומפידור תה ירוק עם תפוז וג'ינגר 25 שקיקים,"איטיליאן פוד, אס.פי.",DE,תה ירוק פומפדור תפוז,גרמים,30.00,100 גרם,false,,14.90,49.6667,true,1,301527
4009300525684,false,חליטת צמחים פומפדור ג'ינג'ר ולימון 20 יחידות,פומפדור Pompadour,DE,חליטת פירות פומפדור,גרמים,35.00,100 גרם,false,,11.90,34.0000,true,1,272456
4009900402965,false,אורביט וויט בטעם פירות בקבוקון 46מלבניות,ריגלי פולין,PL,מסטיק אורביט בבקבוק,גרמים,64.00,100 גרם,false,,6.90,10.7813,true,1,303516
4009900403023,false,אורביט וויט בטעם מנטה בקבוקון 46 מלבניות,"ב.א מזון בע""מ",PL,מסטיק אורביט בבקבוק,גרמים,64.00,100 גרם,false,,6.90,10.7813,true,1,303512
4009900420129,false,מסטיק אורביט פרופשנל פפרמינט בקבוקון 64 גר',מרס נדרלנד,PL,מסטיק אורביט בבקבוק,גרמים,64.00,100 גרם,false,,6.90,10.7813,true,1,320737
4009900465304,false,סוכריות סקיטלס בטעם פירות חמוצים,ריגלי ממתקים,CZ,סוכריות סקיטלס פירות,גרמים,174.00,100 גרם,false,,7.90,4.5402,true,1,276478
4009900479998,false,אורביט וויט אוכמניות בקבוקון 46 מלבניות,ריגלי פולין,PL,מסטיק אורביט בבקבוק,Unknown,0.00,יחידה,false,,6.90,0.0000,true,1,303514
4009900482417,false,מסטיק אורביט פירות מנטה בקבוקון באבל מינט 45יח,ריגלי פולין,PL,מסטיק אורביט בבקבוק,גרמים,64.00,100 גרם,false,,6.90,10.7813,true,1,303513
4009900531122,false,"מסטיק בטעם מנטה ספירמינט, 64 ג' פרופשיונל אורפיט",מרס נדרלנד,PL,מסטיק אורביט בבקבוק,גרמים,64.00,100 גרם,false,,6.90,10.7813,true,1,320738
4012273123009,false,נטרוגינה קרם ידיים 50 מל הסדרה הנורבגית,גונסון אנד גונסון,FR,קרם ידיים ניוטרוג'ינ,מיליליטרים,50.00,"100 מ""ל",false,,24.90,49.8000,true,1,339324
4015400695691,false,פמפרס בייבי דריי מידה 5 74 יח,פרוקטר & גמבל,TR,חיתולי פמפרס בייבי ד,Unknown,0.00,יחידה,false,,64.90,0.0000,true,1,336049
4015400746812,false,מגני תחתון אולוויז נורמל עם ניחוח מגה פק,פרוקטר אנד גמבל,UA,מגן תחתון אולוויז מג,Unknown,0.00,יחידה,false,,16.90,0.0000,true,1,308189
4015400990543,false,"אבקת כביסה קולור 8 ק""ג אריאל",פרוקטור אנד גמבל,TR,אבקת כביסה צבעונית א,פריט,8.00,"ק""ג",false,,47.90,5.9875,true,1,304491
4015600762742,false,שמפו יומיומי למניעת קשקשים הנוסחה הקלאסית,פרוקטר אנד גמבל,RO,שמפו הד&שולדרס קלאסי,מיליליטרים,500.00,"100 מ""ל",false,,16.90,3.3800,true,1,271693
4015600762780,false,שמפו וקונדישינר יומיומי למניעת קשקשים הנוסחה הקלאסית 2in1,פרוקטר אנד גמבל,RO,שמפו ומרכך הד&שולדרס,מיליליטרים,500.00,"100 מ""ל",false,,16.90,3.3800,true,1,271694
4015600762902,false,"שמפו האד אנד שולדרס מנטול 500 מ""ל",פרוקטר אנד גמבל,RO,שמפו הד&שולדרס מנטול,מיליליטרים,500.00,"100 מ""ל",false,,16.90,3.3800,true,1,271695
4015600762940,false,שמפו יומיומי למניעת קשקשים בניחוח תפוח,פרוקטר אנד גמבל,RO,שמפו הד&שולדרס תפוח,מיליליטרים,500.00,"100 מ""ל",false,,16.90,3.3800,true,1,301324
4015600810849,false,גילט דאו קליר גל 70 מל פאוור ראש,פרוקטר אנד גמבל,CZ,דאו גל גילט קליר פאו,גרמים,70.00,100 גרם,false,,14.90,21.2857,true,1,305567
4022025001905,false,"בלו ווין מבעבע זהב 750 מ""ל",היי סישל סוהן טראבן,DE,יין בלו ווין זהב 24K,מיליליטרים,750.00,"100 מ""ל",false,,49.90,6.6533,true,1,336085
4022025290408,false,"בלו ווין פינק כשר 750 מ""ל",יקב רמת הגולן,DE,יין בלו ווין פינק רו,מיליליטרים,750.00,"100 מ""ל",false,,44.90,5.9867,true,1,336084
4053700292455,false,ויט רצועות שעווה מוכנות להסרת שיער לעור רגיל 12 יחידות,רקיט בנקיזר צרפת,FR,רצועות שעווה לעור רג,Unknown,0.00,יחידה,false,,19.90,0.0000,true,1,324262
4062400543125,false,"טקילה סיירה רפוסאדו 700 מ""ל",מזקקת סיארה אונידס,MX,טקילה סיירה זהב רפוס,מיליליטרים,700.00,"100 מ""ל",false,,79.90,11.4143,true,1,333838
4066600999614,false,"בירה פאולנר, בירת חיטה מעוננת, בקבוק 500 מ""ל",מבשלת פאולנר,DE,בירה מעוננת פאולנר 5,מיליליטרים,500.00,"100 מ""ל",false,,10.90,2.1800,true,1,312536
4084500178137,false,נוזל כביסה טייד 4 ליטר,פרוקטר אנד גמבל,FR,גל טייד אלפיין 4 ליט,קילוגרמים,4.00,ליטר,false,,31.90,7.9750,true,1,274686
4105120623941,false,"בירה ויינשטפן בק' ח""פ 500 מ""ל","ויינשטפן, ת.ד 1155 פרייז",DE,בירה ויינשטפן 5.4% 5,מיליליטרים,500.00,"100 מ""ל",false,,10.90,2.1800,true,1,313704
4210201176688,false,אורל בי ראש חשמלי סנסיטיב 4 יחידות,פרוקטר אנד גמבל,DE,ראש חשמלי למברשת שינ,Unknown,0.00,יחידה,false,,69.90,0.0000,true,1,334599
4210201181477,false,אורל בי ראש חשמלי לילדים פרוזן 4 יחידות,פרוקטר אנד גמבל,DE,ראש חשמלי למברשת שינ,Unknown,0.00,יחידה,false,,69.90,0.0000,true,1,335330
4210201245193,false,אורל בי מברשת חשמלית נטענת לילדים-פרוזן,פרוקטר אנד גמבל,DE,מברשת שיניים חשמלית,Unknown,0.00,יחידה,false,,69.90,0.0000,true,1,327015
4210201262183,false,אורל בי מברשת שיניים חשמלית נטענת ויטאליטי,פרוקטר אנד גמבל,DE,מברשת שיניים חשמלית,Unknown,0.00,יחידה,false,,69.90,0.0000,true,1,325305
4210201320111,false,אורל בי מברשת חשמלית נטענת לילדים-ספיידר,"מיוצר עבור בראון, גרמניה",DE,מברשת שיניים חשמלית,Unknown,0.00,יחידה,false,,69.90,0.0000,true,1,335333
4210201360742,false,אורל בי ראש חשמלי פלקסי סופט 4 יחידות,פרוקטר אנד גמבל,DE,ראש חשמלי למברשת שינ,Unknown,0.00,יחידה,false,,69.90,0.0000,true,1,334601
4210201365334,false,אורל בי ראש חשמלי סיבי פחם ארבע יחידות,פרוקטר אנד גמבל,DE,ראש חשמלי למברשת שינ,Unknown,0.00,יחידה,false,,69.90,0.0000,true,1,335331
4210201403319,false,אורל בי מברשת חשמלית נטענת ויטליטי פחם,פרוקטר אנד גמבל,DE,מברשת שיניים חשמלית,Unknown,0.00,יחידה,false,,69.90,0.0000,true,1,335332
4602486000954,false,וודקה בלנקאיה גולד 1,מזקקת גורגיבסקי,RU,וודקה בלנקאיה גולד 1,קילוגרמים,1.00,ליטר,false,,69.90,69.9000,true,1,333259
4602486002057,false,"וודקה בלנקאיה ללא גלוטן 700 מ""ל",מזקקת גורגיבסקי,RU,וודקה בלנקאיה ספיישל,מיליליטרים,700.00,"100 מ""ל",false,,59.90,8.5571,true,1,329677
4603400000067,false,וודקה רוסקי סטנדרט 1ליטר,רוסקי סטנדרט,RU,וודקה רוסקי סטנדרט 1,קילוגרמים,1.00,ליטר,false,,89.90,89.9000,true,1,322159
4603514009277,false,"גין באריסטר יבש 700 מ""ל",לאדוגה גרופ,RU,ג'ין יבש באריסטר 700,מיליליטרים,700.00,"100 מ""ל",false,,79.90,11.4143,true,1,333836
4640018993398,false,פיניש קוואנטום 60 יח' קפסולות ג'ל למדיח כלים,רקיט בנקיזר,PL,טבליות פיניש קוואנטו,Unknown,0.00,יחידה,false,,54.90,0.0000,true,1,325948
4710964170799,false,שומשום שחור קלוי 91 גרם,פלייבור פול פודס טיי,TW,שומשום שחור קלוי מזר,גרמים,91.00,100 גרם,false,,16.50,18.1319,true,1,324526
4751007730938,false,שפרוטים מעושנים 240 גרם,פודסטוק,LV,שפורט מעושן בשמן דבר,גרמים,240.00,100 גרם,false,,7.90,3.2917,true,1,317435
4791021002789,false,תה ירוק אימפרה 100 ש,IMPERIAL TEA EXPORT,,תה ירוק 100 שקיקים,גרמים,200.00,100 גרם,false,,19.90,9.9500,true,1,285709
4791021003588,false,תה שחור אימפרה 100 ש,IMPERIAL TEA EXPORT,LK,תה שחור אימפרה 100 ש,גרמים,150.00,100 גרם,false,,9.90,6.6000,true,1,276261
4791021004462,false,תה ירוק תפוח 25 שקיק,IMPERIAL TEA EXPORT,,תה ירוק תפוח 25 שקיק,גרמים,50.00,100 גרם,false,,9.90,19.8000,true,1,315870
4791021004554,false,תה ירוק מנטה 25 שקיק,IMPERIAL TEA EXPORT,,תה ירוק מנטה 25 שקיק,גרמים,50.00,100 גרם,false,,9.90,19.8000,true,1,315871
4791021006695,false,תה ירוק יסמין 25 שקי,IMPERIAL TEA EXPORT,,תה ירוק יסמין 25 שקי,גרמים,50.00,100 גרם,false,,9.90,19.8000,true,1,315872
4791021009399,false,תה ירוק קלאסי 25 שקי,IMPERIAL TEA EXPORT,,תה ירוק קלאסי 25 שקי,גרמים,50.00,100 גרם,false,,9.90,19.8000,true,1,315869
4791021901983,false,תה ירוק צאי מסאלה אימפרה 30שק',IMPERIAL TEA EXPORT,,תה ירוק צאי מסלה 25,גרמים,50.00,100 גרם,false,,9.90,19.8000,true,1,315868
4791021904861,false,תה ירוק גינגר 25 שקי,IMPERIAL TEA EXPORT,,תה ירוק גינגר 25 שקי,גרמים,50.00,100 גרם,false,,9.90,19.8000,true,1,315866
4791021944720,false,תה ארל גריי ספיישל 2,IMPERIAL TEA EXPORT,,תה ארל גריי שחור 10,גרמים,200.00,100 גרם,false,,19.90,9.9500,true,1,316825
4891228430054,false,סכיני גילוח לנשים שיק אקזקטה 2 5 יח,שיק,CN,סכיני גילוח לנשים שי,Unknown,0.00,יחידה,false,,9.90,0.0000,true,1,310396
4891228430092,false,סכיני גילוח שיק אקסטרים קומפורט לנשים 3 להבים 4 יחידות,אנרג'יזר Energizer,CN,סכיני גילוח לנשים שי,Unknown,0.00,יחידה,false,,14.90,0.0000,true,1,312514
4891228460242,false,שיק קוואטרו חד פעמי לנשים 3 יחידות,אנרג'יזר Energizer,CN,סכיני גילוח לנשים 4,Unknown,0.00,יחידה,false,,19.90,0.0000,true,1,323608
4903001904192,false,"רוטב סויה יאמסה פרימיום 500 מ""ל",הדקלאים אגודת שיתופי,JP,רוטב סויה יאמאסה 500,גרמים,500.00,100 גרם,false,,17.50,3.5000,true,1,337230
4903001925784,false,"רוטב סויה יאמאסה פרמיום דל מלח 500 מ""ל",הדקלאים אגודת שיתופי,JP,רוטב סויה מופחת נתרן,גרמים,500.00,100 גרם,false,,17.50,3.5000,true,1,337227
4987176128188,false,מברשת שיניים אורל בי מארז שישייה,פרוקטר & גמבל,IN,מברשת שיניים אורל בי,Unknown,0.00,יחידה,false,,6.90,0.0000,true,1,338844
5000146048671,false,סילבו משחה לניקוי כלי כסף 75 גרם,רקיט בנקיזר,PT,סילבו מטליות לניקוי,Unknown,0.00,יחידה,false,,12.90,0.0000,true,1,270143
5000157143365,false,מתבל בטעם מיונז וקטשופ היינץ 425 גרם,"פודליצקי ספ.ז.או.או,",PL,רוטב בטעם מיונז וקטש,גרמים,425.00,100 גרם,false,,14.90,3.5059,true,1,330159
5000267114293,false,ויסקי ג'וני ווקר בלו,ג'וני ווקר,GB,ויסקי ג'וני ווקר בלו,קילוגרמים,1.00,ליטר,false,,599.90,599.9000,true,1,337803
5000281005416,false,ויסקי טליסקר סינגל מ,טליסקר,GB,ויסקי טליסקר סינגל מ,מיליליטרים,700.00,"100 מ""ל",false,,199.90,28.5571,true,1,332108
5000299211243,false,"וויסקי שיבאס רויאל סלוט 21 שנה 750 מ""ל",שיבס ריגל,GB,ויסקי שיבאס 21 רויאל,מיליליטרים,700.00,"100 מ""ל",false,,399.00,57.0000,true,1,313974
5000299225004,false,"וויסקי שיבאס ריגאל 18 שנה 700 מ""ל",מזקקת האחים שיבאס,GB,ויסקי שיבאס ריגל 18,מיליליטרים,700.00,"100 מ""ל",false,,199.90,28.5571,true,1,309451
5000299295021,false,"וויסקי גלגליוויט 15 שנה 700 מ""ל",גורג וגיי גי סמית,,ויסקי גלנליווט 15 שנ,מיליליטרים,700.00,"100 מ""ל",false,,199.90,28.5571,true,1,316810
5000299607091,false,ויסקי סקוטי סקאפה 70,,IS,ויסקי סקוטי סקאפה 70,מיליליטרים,700.00,"100 מ""ל",false,,239.90,34.2714,true,1,333730
5000299607176,false,ויסקי סקאפה גלאנסה ס,,IS,ויסקי סקאפה גלאנסה ס,מיליליטרים,700.00,"100 מ""ל",false,,239.90,34.2714,true,1,334745
5000299609347,false,"וויסקי גלנליווט פאונדרס רזרב 700 מ""ל",ג'ורג' וג'יי ג'יי סמית,GB,ויסקי גלנליווט פאונד,מיליליטרים,700.00,"100 מ""ל",false,,129.90,18.5571,true,1,316808
5000394093812,false,סוללות דורסל סימפלי,דורסל,,סוללות דורסל סימפלי,Unknown,0.00,יחידה,false,,19.90,0.0000,true,1,316450
5000394093836,false,סוללות דורסל סימפלי,דורסל,,סוללות דורסל סימפלי,Unknown,0.00,יחידה,false,,19.90,0.0000,true,1,316451
5010327603056,false,ויסקי מאנקי שולדר 1,וויליאם גרנט ובניו,GB,ויסקי מאנקי שולדר 1,קילוגרמים,1.00,ליטר,false,,179.90,179.9000,true,1,332035
5010391101007,false,ליקר דרמבוי 1 ליטר,גלזגו,GB,ליקר דרמבוי 1 ליטר,קילוגרמים,1.00,ליטר,false,,139.90,139.9000,true,1,333146
5010496003565,false,סינגל מאלט סקוטי אוכנטושן אמריקו הוק 700,מוריסון בואומור,GB,ויסקי אוכנטושן 700 מ,מיליליטרים,700.00,"100 מ""ל",false,,119.90,17.1286,true,1,336899
5010677551281,false,בקרדי בריזר לימון 275 בקבוק,בקרדי בריזר Bacardi Breezer,BE,בקרדי בריזר לימון 27,מיליליטרים,275.00,"100 מ""ל",false,,12.90,4.6909,true,1,296377
5010677551397,false,"בקרדי בריזר לימון ליים 275 מ""ל",בקרדי בריזר Bacardi Breezer,BE,בקרדי בריזר ליים 275,מיליליטרים,275.00,"100 מ""ל",false,,12.90,4.6909,true,1,324355
5010677552387,false,בריזר ט.אננס בקבוק 275מל,בקרדי בריזר Bacardi Breezer,BE,בקרדי בריזר אננס 275,מיליליטרים,275.00,"100 מ""ל",false,,12.90,4.6909,true,1,296378
5010677554398,false,בקרדי בריזר אבטיח 275 בקבוק,בקרדי בריזר Bacardi Breezer,BE,בקרדי בריזר אבטיח 27,מיליליטרים,275.00,"100 מ""ל",false,,12.90,4.6909,true,1,296376
5012741005010,false,שוקולד אפטר דינר מנטה פר,ברומס לאן,IL,אפטר דינר שוקולד בטע,גרמים,200.00,100 גרם,false,,32.90,16.4500,true,1,336093
5012741005034,false,שוקולד אפטר דינר מעורב פ,ברומס לאן,IL,אפטר דינר שוקולד בטע,גרמים,200.00,100 גרם,false,,32.90,16.4500,true,1,336095
5012741024011,false,קרימס שוקולד בטעם מנ,ברומס לאן,GB,קרימס שוקולד בטעם מנ,גרמים,100.00,100 גרם,false,,13.90,13.9000,true,1,336096
5012741024028,false,קרימס שוקולד בטעם תפ,ברומס לאן,GB,קרימס שוקולד בטעם תפ,גרמים,100.00,100 גרם,false,,13.90,13.9000,true,1,336097
5012741024035,false,קרימס שוקולד בטעם תו,ברומס לאן,GB,קרימס שוקולד בטעם תו,גרמים,100.00,100 גרם,false,,13.90,13.9000,true,1,336098
5012741024042,false,קרימס שוקולד בטעם קפ,ברומס לאן,GB,קרימס שוקולד בטעם קפ,גרמים,100.00,100 גרם,false,,13.90,13.9000,true,1,336099
5012741024059,false,קרימס שוקולד בטעמים,ברומס לאן,GB,קרימס שוקולד בטעמים,גרמים,100.00,100 גרם,false,,13.90,13.9000,true,1,336100
5012741031057,false,בונבוניירה קרימס שוק,ברומס לאן,GB,בונבוניירה קרימס שוק,גרמים,200.00,100 גרם,false,,29.90,14.9500,true,1,336092
5014271001210,false,מעדן סנדלפור ארבע פי,סנדלפור St.dalfour,FR,מעדן 4 פירות סנט דלפ,גרמים,500.00,100 גרם,false,,24.90,4.9800,true,1,312877
5014271001227,false,מעדן פרי סנדלפור משמ,סנדלפור St.dalfour,FR,מעדן משמש סנט דלפור,גרמים,500.00,100 גרם,false,,24.90,4.9800,true,1,312878
5014271001241,false,מעדן פרי סנדלפור תות,סנדלפור St.dalfour,FR,מעדן תות סנט דלפור 5,גרמים,500.00,100 גרם,false,,24.90,4.9800,true,1,312875
5021349700098,false,"וויסקי טומינטול פיטי טאנג 700 מ""ל",אנגוס דנדי,GB,ויסקי טומינטול פיטי,מיליליטרים,700.00,"100 מ""ל",false,,149.90,21.4143,true,1,334612
5021349702894,false,"וויסקי טומינטול סינגל מאלט טילה 700 מ""ל",אנגוס דנדי,GB,ויסקי טומינטול סינגל,מיליליטרים,700.00,"100 מ""ל",false,,149.90,21.4143,true,1,334614
5024546356587,false,וויסקי גראנד מקניש 1 ליטר SCOTCH,אגדת,IL,ויסקי גראנד מקניש 1,קילוגרמים,1.00,ליטר,false,,79.90,79.9000,true,1,331616
5060060210219,false,תרסיס אסטוניש מבריק,יעקב יעקובי,IL,תרסיס אסטוניש מבריק,מיליליטרים,750.00,"100 מ""ל",false,,9.90,1.3200,true,1,307587
5060060211605,false,קרם אסטוניש לניקוי ב,יעקב יעקובי,IL,קרם אסטוניש לניקוי ב,מיליליטרים,500.00,"100 מ""ל",false,,9.90,1.9800,true,1,335327
5060060211612,false,קרם אסטוניש לניקוי ע,יעקב יעקובי,IL,קרם אסטוניש לניקוי ע,מיליליטרים,500.00,"100 מ""ל",false,,9.90,1.9800,true,1,335328
5060809351401,false,כפפות ויניל 100 יח מ,,,כפפות ויניל 100 יח מ,Unknown,0.00,יחידה,false,,14.90,0.0000,true,1,333101
5060809354761,false,כפפות ניטריל 100 יחי,,,כפפות ניטריל 100 יחי,Unknown,0.00,יחידה,false,,21.90,0.0000,true,1,335450
5060809354778,false,כפפות ניטריל 100 יחי,,,כפפות ניטריל 100 יחי,Unknown,0.00,יחידה,false,,21.90,0.0000,true,1,335452
5099864006384,false,תחליף חלב למהדרין שלב 2 סימילאק 900 גרם,אבוט מעבדות רפואיות,ES,סימילאק מהדרין שלב 2,גרמים,900.00,100 גרם,false,,69.90,7.7667,true,1,267067
5099864006391,false,תחליף חלב למהדרין שלב 3 סימילאק 900 גרם,אבוט מעבדות רפואיות,ES,סימילאק מהדרין שלב 3,גרמים,900.00,100 גרם,false,,69.90,7.7667,true,1,267068
5201085540084,false,סוכריות ג'ילי מיקס שקית 800 גר',פאלאס אס איי,GR,סוכריות גילו מיקס 70,גרמים,700.00,100 גרם,false,,13.90,1.9857,true,1,267563
5201347400545,false,רצועות שעווה מוכנות לשימוש לפנים ולאזורים רגישים,רקיט בנקיזר צרפת,FR,רצועות שעווה פנים וי,Unknown,0.00,יחידה,false,,19.90,0.0000,true,1,324330
5290074003198,false,FAN מיץ תפוזים 100% טבעי 1 ליטר,קהאן,CY,מיץ תפוזים 100% פאן,קילוגרמים,1.00,ליטר,false,,9.90,9.9000,true,1,338364
5290074003211,false,FAN מיץ אננס 100% טבעי 1 ליטר,קהאן,CY,מיץ אננס 100% פאן 1,קילוגרמים,1.00,ליטר,false,,9.90,9.9000,true,1,338366
5290074003228,false,FAN מיץ תפוחים 100% טבעי 1 ליטר,קהאן,CY,מיץ תפוחים 100% פאן,קילוגרמים,1.00,ליטר,false,,9.90,9.9000,true,1,338367
5290074004225,false,"FAN מיץ מיקס תפוזים,תפוחים ובננה 100% טבעי 1 ליטר",קהאן,CY,מיץ מיקס תפוזים תפוח,קילוגרמים,1.00,ליטר,false,,9.90,9.9000,true,1,338368
5391523062152,false,סימילאק למהדרין 400 גרם שלב 1,אבוט אירלנד,IE,סימילאק מהדרין שלב 1,גרמים,400.00,100 גרם,false,,29.90,7.4750,true,1,338399
5410126006087,false,עוגיות לוטוס ארוזות בתפזורת 700 גרם,לוטוס ביקרי נ.וי.,BE,ביסקוויט קרמל לוטוס,גרמים,700.00,100 גרם,false,,17.90,2.5571,true,1,273886
5410126006360,false,לוטוס עוגיות סנדוויץ' במילוי לוטוס 150 גר',לוטוס ביקרי בלגיה נ.,BE,עוגיות סנדוויץ בטעם,גרמים,150.00,100 גרם,false,,8.90,5.9333,true,1,334068
5410126006377,false,לוטוס עוגיות סנדוויץ במילוי וניל 150 גרם,לוטוס ביקרי בלגיה נ.,BE,עוגיות סנדוויץ בטעם,גרמים,150.00,100 גרם,false,,8.90,5.9333,true,1,334069
5410126106022,false,מארז עוגיות לוטוס 250 גר*2,לוטוס ביקרי נ.וי.,BE,עוגיות לוטוס מארז חג,גרמים,500.00,100 גרם,false,,14.90,2.9800,true,1,338618
5410126116953,false,ממרח ביסקוויט קרמל לוטוס 400 גרם,לוטוס בייקרי בלגיה נ,BE,ממרח עוגיות לוטוס 40,גרמים,400.00,100 גרם,false,,19.90,4.9750,true,1,270017
5410126666038,false,"ביסקוויט קרמל לוטוס 279 גרם בד""צ",לוטוס ביקרי נ.וי,BE,ביסקוויט קרמל לוטוס,גרמים,279.00,100 גרם,false,,9.90,3.5484,true,1,317905
5410126726947,false,ממרח ביסקוויט קרמל קראנץ' לוטוס 380 גרם,לוטוס בייקרי בלגיה נ,BE,ממרח עוגיות קראנצ לו,גרמים,380.00,100 גרם,false,,19.90,5.2368,true,1,274809
5410228142089,false,בירה לף בלונד בקבוק330מל,אינבב.ברוורייליין1,BE,בירה לף בלונד 6.6%,מיליליטרים,330.00,"100 מ""ל",false,,6.90,2.0909,true,1,276084
5410228144755,false,"בירה סטלה ארטואה שישייה בקבוק 330 מ""ל",מבשלות בירה בינלאומיות ב,IL,מארז בירה סטלה ארטוא,קילוגרמים,1.98,ליטר,false,,29.90,15.1010,true,1,276085
5410228217732,false,"סטלה ארטואה -פחית 440 מ""ל",מנדלז סי.אר. פרודקשן,BE,בירה סטלה ארטואה 5.2,מיליליטרים,440.00,"100 מ""ל",false,,12.90,2.9318,true,1,337836
5410316442930,false,וודקה סמירנוף אדום 1,,,וודקה סמירנוף אדום 1,קילוגרמים,1.00,ליטר,false,,74.90,74.9000,true,1,304673
5410316983693,false,"סמירנוף אייס בקבוק 275 מ""ל",סמירנוף אייס Smirnoff ice,IT,"סמירנוף אייס 275 מ""ל",מיליליטרים,275.00,"100 מ""ל",false,,12.90,4.6909,true,1,328443
5411081003654,false,"קסטיל בירה רוז 330 מ""ל",מבשלת קסטל ואן הונסב,BE,בירה קסטיל רוז 330 מ,מיליליטרים,330.00,"100 מ""ל",false,,11.90,3.6061,true,1,337492
5411188110835,false,אלפרו חלב סויה שקדים וניל 1ל',הנסיך- מפעל לייצור ט,BE,משקה שקדים אלפרו 1 ל,קילוגרמים,1.00,ליטר,false,,11.90,11.9000,true,1,276169
5411188112709,false,"משקה קוקוס אלפרו 1 ליטר משקה שקדים לל""ס",הנסיך- מפעל לייצור ט,BE,משקה שקדים לא ממותק,קילוגרמים,1.00,ליטר,false,,11.90,11.9000,true,1,317465
5411188115366,false,משקה קוקוס אלפרו 1 ליטר משקה שיבולת שועל 1 ליטר,הנסיך- מפעל לייצור ט,BE,משקה שיבולת שועל אלפ,קילוגרמים,1.00,ליטר,false,,10.90,10.9000,true,1,276166
5411188115472,false,משקה סויה אלפרו 1 ליטר,הנסיך- מפעל לייצור ט,BE,משקה סויה אלפרו 1 לי,קילוגרמים,1.00,ליטר,false,,11.90,11.9000,true,1,328541
5411188124689,false,משקה אלפרו שיבולת שועל ללא סוכר 1 ליטר,אלפרו C.V.A,BE,משקה שיבולת שועל ללא,קילוגרמים,1.00,ליטר,false,,10.90,10.9000,true,1,329430
5411188127697,false,אלפרו משקה בריסטה שיבולת שועל 1 ליטר,הנסיך- מפעל לייצור ט,BE,משקה בריסטה שיבולת ש,קילוגרמים,1.00,ליטר,false,,10.90,10.9000,true,1,329431
5411188134985,false,משקה NOT MILK שיבולת שועל 3.5% אלפרו 1 ליטר,הנסיך- מפעל לייצור ט,BE,משקה שיבולת שועל 3.5,קילוגרמים,1.00,ליטר,false,,13.90,13.9000,true,1,335734
5411188135005,false,משקה NOT MILK שיבולת שועל 1.8% אלפרו 1 ליטר,הנסיך- מפעל לייצור ט,BE,משקה שיבולת 1.8% שו,קילוגרמים,1.00,ליטר,false,,13.90,13.9000,true,1,335735
5411188543398,false,משקה סויה ללא סוכר אלפרו 1 ליטר,הנסיך- מפעל לייצור ט,BE,משקה סויה ללא תוספת,קילוגרמים,1.00,ליטר,false,,11.90,11.9000,true,1,327873
5412865030750,false,מיני שוקולדים קרמל מ,,ES,מיני שוקולדים קרמל מ,גרמים,128.00,100 גרם,false,,11.90,9.2969,true,1,336062
5412865030767,false,מיני שוקולדים קרם חל,,ES,מיני שוקולדים קרם חל,גרמים,128.00,100 גרם,false,,11.90,9.2969,true,1,336063
5412865030774,false,מיני שוקולדים מריר 7,,ES,מיני שוקולדים מריר 7,גרמים,128.00,100 גרם,false,,11.90,9.2969,true,1,336064
5412865030781,false,מיני שוקולדים מינט מ,,ES,מיני שוקולדים מינט מ,גרמים,128.00,100 גרם,false,,11.90,9.2969,true,1,336065
5700006007090,false,מארז 10 סביבונים כד,,,מארז 10 סביבונים כד,Unknown,0.00,יחידה,false,,11.90,0.0000,true,1,340223
5700006007113,false,מארז 10 סביבונים סבי,,,מארז 10 סביבונים סבי,Unknown,0.00,יחידה,false,,11.90,0.0000,true,1,340224
5701932026964,false,"הוטפופ גרעיני תירס להכנת פופקורן במיקרוגל בטעם טבעי, בתוספת מלח, 600 גרם",ליימן מותגים,US,פופקורן מלוח הוטפופ,גרמים,600.00,100 גרם,false,,13.90,2.3167,true,1,262643
5701932026971,false,הוטפופ גרעיני תירס להכנת פופקורן במיקרוגל בטעם חמאה 600 גרם,ליימן מותגים,US,פופקורן חמאה הוטפופ,גרמים,600.00,100 גרם,false,,13.90,2.3167,true,1,281765
5900020026552,false,דגני בוקר האני נאט צ'יריוס בטעם דבש ושקדים,נסטלה צרפת איטנקורט,FR,דגני בוקר האני נאט צ,גרמים,625.00,100 גרם,false,,19.90,3.1840,true,1,324772
5900020041142,false,קורנפלקס פיטנס 500 ג' אסם,סי.פי.פולין,PL,קורנפלקס פיטנס 500 ג,גרמים,500.00,100 גרם,false,,12.90,2.5800,true,1,339669
5900907000583,false,מלפפונים שלמים בחומץ900ג,סגל דברים טובים,PL,מלפפון בחומץ בצנצנת,גרמים,920.00,100 גרם,false,,13.90,1.5109,true,1,303549
5900907000835,false,"מלפפונים בחומץ 2.55 ק""ג",סגל דברים טובים,PL,מלפפון בחומץ אורבנק,פריט,2.55,"ק""ג",false,,29.90,11.7255,true,1,303548
5901483010102,false,"חליטת תפו""ע פירות יע",bifix,,"חליטת תפו""ע פירות יע",גרמים,50.00,100 גרם,false,,7.90,15.8000,true,1,275957
5901483020309,false,חליטת פירות יער 25 ש,bifix,,חליטת פירות יער 25 ש,גרמים,50.00,100 גרם,false,,7.90,15.8000,true,1,276055
5901483060022,false,חליטת עלי מרווה ביופ,bifix,,חליטת עלי מרווה 20 ש,גרמים,40.00,100 גרם,false,,7.90,19.7500,true,1,276060
5901483060060,false,חליטת שומר 20 שקיקים,ביופלוייד,PL,חליטת שומר 20 שקיקים,גרמים,40.00,100 גרם,false,,7.90,19.7500,true,1,315873
5901483060206,false,חליטת מנטה 20 שקיקים,bifix,,חליטת מנטה 20 שקיקים,גרמים,40.00,100 גרם,false,,7.90,19.7500,true,1,276058
5901483060404,false,חליטת בבונג 20 שקיקי,bifix,,חליטת בבונג 20 שקיקי,גרמים,35.00,100 גרם,false,,7.90,22.5714,true,1,275955
5901483081027,false,חליטת לואיזה 20 שקיק,bifix,,חליטת לואיזה 20 שקיק,גרמים,35.00,100 גרם,false,,7.90,22.5714,true,1,276869
5901780371531,false,מיץ תפוח ותות שדה 1,,,"מיץ תפוח ותות שדה 100% 750 מ""ל",מיליליטרים,750.00,"100 מ""ל",false,1,6.90,0.9200,true,1,310249
5902198160403,false,XL משקה אנרגיה מוגז ללא סוכר עד 10 קלוריות לפחית 250 מל,"טמפו משקאות בע""\מ",IL,משקה אנרגיה אקסל ללא,מיליליטרים,250.00,"100 מ""ל",false,,3.90,1.5600,true,1,312002
5904941751302,false,"משקה אנרגיה בלו 250 מ""ל- בודד",אקו - ביט,PL,משקה אנרגיה בלו 250,מיליליטרים,250.00,"100 מ""ל",false,,4.50,1.8000,true,1,264796
5906485301012,false,"משקה אנרגיה XL פחית 250 מ""ל","טמפו משקאות בע""מ",IL,משקה אנרגיה אקסל 250,מיליליטרים,250.00,"100 מ""ל",false,,3.90,1.5600,true,1,265853
5997321770307,false,ויט רצועות שעווה מוכנות לעור רגיש 12 יחידות,רקיט בנקיזר צרפת,FR,רצועות שעווה לעור רג,Unknown,0.00,יחידה,false,,19.90,0.0000,true,1,324263
6009606260218,false,דגני בוקר וויטביקס 450 גרם,ויטביקס,IL,דגני בוקר וויטביקס 4,גרמים,450.00,100 גרם,false,,21.90,4.8667,true,1,337239
6009684861000,false,חטיף דגנים בטעם מייפל שקדים 175 גרם,דין שיווק,IL,חטיף דגנים בטעם דבש,גרמים,125.00,100 גרם,false,,9.90,7.9200,true,1,264135
6086143094056,false,יין וייס קברנה סובינ,יקב וייס,IL,יין וייס קברנה סובינ,מיליליטרים,750.00,"100 מ""ל",false,,149.90,19.9867,true,1,338674
6086143094124,false,יין וייס מרלו 28 201,יקב וייס,IL,יין וייס מרלו 28 201,מיליליטרים,750.00,"100 מ""ל",false,,149.90,19.9867,true,1,338675
6086143094292,false,יין וייס בלנד 28 201,יקב וייס,IL,יין וייס בלנד 28 201,מיליליטרים,750.00,"100 מ""ל",false,,149.90,19.9867,true,1,338676
6102021100869,false,מארז 19 סוללות כפתור,,,מארז 19 סוללות כפתור,Unknown,0.00,יחידה,false,,14.90,0.0000,true,1,334460
6102022100202,false,מארז 12 סוללות אלקלי,,,מארז 12 סוללות אלקלי,Unknown,0.00,יחידה,false,,11.90,0.0000,true,1,337611
6102022100219,false,מארז 12 סוללות אלקלי,,,מארז 12 סוללות אלקלי,Unknown,0.00,יחידה,false,,11.90,0.0000,true,1,337612
6102022101506,false,בקבוק הזלפה,,,בקבוק הזלפה,Unknown,0.00,יחידה,false,,5.90,0.0000,true,1,340217
6102022101544,false,סביבון אקדח+פרופלורי,,,סביבון אקדח+פרופלורי,Unknown,0.00,יחידה,false,,9.90,0.0000,true,1,340218
6102022101551,false,סביבון דיסקיות+פרופל,,,סביבון דיסקיות+פרופל,Unknown,0.00,יחידה,false,,5.90,0.0000,true,1,340219
6102022101575,false,קופסא לפתילות,,,קופסא לפתילות,Unknown,0.00,יחידה,false,,6.90,0.0000,true,1,340221
6111049000150,false,סרדין בשמן צמחי ולימון 125גר,אטלנטיק הום סרדינס א,MA,סרדין בשמן ולימון 12,גרמים,125.00,100 גרם,false,,4.90,3.9200,true,1,270325
6111049002055,false,סרדין מרוקאי בשמן סו,אטלנטיק הום סרדינס א,MA,סרדין מרוקאי בשמן סו,גרמים,125.00,100 גרם,false,,4.90,3.9200,true,1,268389
6111049003106,false,מארז סרדין מרוקאי בש,אטלנטיק הום סרדינס א,MA,מארז סרדין מרוקאי בש,גרמים,500.00,100 גרם,false,,14.90,2.9800,true,1,321793
6111049003113,false,מארז סרדין מרוקאי בש,אטלנטיק הום סרדינס א,MA,מארז סרדין מרוקאי בש,גרמים,500.00,100 גרם,false,,14.90,2.9800,true,1,321794
6112014100301,false,נר הבדלה פמוט פירמיד,,,נר הבדלה פמוט פירמיד,Unknown,0.00,יחידה,false,,10.90,0.0000,true,1,277080
6112014100318,false,נר הבדלה דלוקס,,,נר הבדלה דלוקס,Unknown,0.00,יחידה,false,,5.90,0.0000,true,1,277079
6112015100072,false,ליפה חבלים,,,ליפה חבלים,Unknown,0.00,יחידה,false,,14.90,0.0000,true,1,301934
6112017100513,false,נר הבדלה דגם מס 7,,,נר הבדלה דגם מס 7,Unknown,0.00,יחידה,false,,12.90,0.0000,true,1,310503
6112017101862,false,שקית סינון לשמירת אי,,,שקית סינון לשמירת אי,Unknown,0.00,יחידה,false,,9.90,0.0000,true,1,313185
6112017103811,false,כדוריות אולינהום לאס,yiwu kai yun,CN,כדוריות אולינהום לאס,גרמים,224.00,100 גרם,false,,12.90,5.7589,true,1,317982
6112017103996,false,שקיות הקפאה פסגור או,יואן קאי יון,CN,שקיות הקפאה פסגור או,Unknown,0.00,יחידה,false,,14.90,0.0000,true,1,319037
6112017104016,false,שקיות אוכל פסגור אול,,,שקיות אוכל פסגור אול,Unknown,0.00,יחידה,false,,14.90,0.0000,true,1,319306
6112017104030,false,ספוג מסאג אמבטיה 2 י,,,ספוג מסאג אמבטיה 2 י,Unknown,0.00,יחידה,false,,11.90,0.0000,true,1,318040
6112017105358,false,שקיות הקפאה 30 יח,,,שקיות הקפאה 30 יח,Unknown,0.00,יחידה,false,,14.90,0.0000,true,1,322440
6112017105549,false,כריות קרצוף זוג מסיל,,,כריות קרצוף זוג מסיל,Unknown,0.00,יחידה,false,,16.90,0.0000,true,1,322544
6112017105556,false,כריות קרצוף זוג מסיל,,,כריות קרצוף זוג מסיל,Unknown,0.00,יחידה,false,,16.90,0.0000,true,1,322545
6112017105723,false,חוט דנטלי זוג,,,חוט דנטלי זוג,Unknown,0.00,יחידה,false,,9.90,0.0000,true,1,322978
6112017105860,false,אטבי כביסה מסיליקון,,,אטבי כביסה מסיליקון,Unknown,0.00,יחידה,false,,17.90,0.0000,true,1,323945
6112017105877,false,אטבי כביסה אולינהום,,,אטבי כביסה אולינהום,Unknown,0.00,יחידה,false,,17.90,0.0000,true,1,323946
6112017106256,false,אטבי כביסה אולינהום,,,אטבי כביסה אולינהום,Unknown,0.00,יחידה,false,,17.90,0.0000,true,1,324496
6112017106294,false,כפפות גומי L אולינהו,,,כפפות גומי L אולינהו,Unknown,0.00,יחידה,false,,8.90,0.0000,true,1,324254
6112017106782,false,ספוג למקלחת זוג,,,ספוג למקלחת זוג,Unknown,0.00,יחידה,false,,19.90,0.0000,true,1,329095
6112017106881,false,כפפות גומי 4 יח' S א,,,כפפות גומי 4 יח' S א,Unknown,0.00,יחידה,false,,8.90,0.0000,true,1,327545
6112017106898,false,כפפות גומי 4 יח' M א,,,כפפות גומי 4 יח' M א,Unknown,0.00,יחידה,false,,8.90,0.0000,true,1,327546
6224009175192,false,"תות שדה 1 ק""ג קפוא ב",O.K FRUIT,EG,"תות שדה קפוא 1 ק""ג",פריט,1.00,"ק""ג",false,,14.90,14.9000,true,1,324645
6412700021027,false,וודקה פינלנדיה 1 ליט,,,וודקה פינלנדיה 1 ליט,קילוגרמים,1.00,ליטר,false,,79.90,79.9000,true,1,312577
6912977000140,false,אטריות שעועית 250 גר' ( Yantai)ללא גלוטן(כ),יאנטאי ינסידה לנוגקא,CN,אטריות שעועית מזרח ו,גרמים,250.00,100 גרם,false,,8.90,3.5600,true,1,324504
6923634954621,false,ממתק סטיקס בטעם פטל,שנטו גאבט פודס' ושו,CN,ממתק סטיקס בטעם פטל,גרמים,390.00,100 גרם,false,,19.90,5.1026,true,1,328369
6923634954690,false,ממתק סטיקס בטעם אבטי,שנטו גאבט פודס' ושו,CN,ממתק סטיקס בטעם אבטי,גרמים,390.00,100 גרם,false,,19.90,5.1026,true,1,328658
6923634954713,false,מאגדת סטיקס 130 גרם,שנטו ליאנטונג פודס קו,CN,מאגדת סטיקס 130 גרם,גרמים,130.00,100 גרם,false,,9.90,7.6154,true,1,327832
6923634954850,false,ממתק סטיקס בטעם תות,שנטו גאבט פודס' ושו,CN,ממתק סטיקס בטעם תות,גרמים,390.00,100 גרם,false,,19.90,5.1026,true,1,328371
6934731210138,false,אטריות טריות עבות מזרח מערב 200 גרם,יאנטאי ינסידה לנוגקא,CN,אטריות טריות עבות מז,גרמים,200.00,100 גרם,false,,6.90,3.4500,true,1,339494
6934931807268,false,פסטרמה אילטקית 200 גרם,"דליקטס ארטיזנל בע""מ",IL,פסטרמה איטלקית ONEG,גרמים,200.00,100 גרם,false,,24.90,12.4500,true,1,338977
6934931807336,false,כתף בקר מפולפל ONEG,"דליקטס ארטיזנל בע""מ",IL,כתף בקר מפולפל ONEG,גרמים,150.00,100 גרם,false,,24.90,16.6000,true,1,338978
6934931807404,false,קורנביף ONEG 150 גרם,"דליקטס ארטיזנל בע""מ",IL,קורנביף ONEG 150 גרם,גרמים,150.00,100 גרם,false,,24.90,16.6000,true,1,338983
6934931807572,false,רוסטביף ONEG 150 גרם,"דליקטס ארטיזנל בע""מ",IL,רוסטביף ONEG 150 גרם,גרמים,150.00,100 גרם,false,,24.90,16.6000,true,1,338984
6934931807640,false,כתף בקר מעושן 150 גרם,"דליקטס ארטיזנל בע""מ",IL,כתף בקר מעושן ONEG 1,גרמים,150.00,100 גרם,false,,24.90,16.6000,true,1,338985
6935487561246,false,מסכות למבוגרים לבן 50 יחי',,IL,מסכות כירורגיות 50 י,Unknown,0.00,יחידה,false,,1.90,0.0000,true,1,329812
6936745600783,false,"חומץ אורז מזרח מערב 500 מ""ל",דאנינג יוה פודס קו,CN,חומץ אורז מזרח ומערב,מיליליטרים,500.00,"100 מ""ל",false,,14.90,2.9800,true,1,324518
6938475216487,false,מסכות כירורגיות 50 י,,,מסכות כירורגיות 50 י,Unknown,0.00,יחידה,false,,1.90,0.0000,true,1,329657
6952379521317,false,ספוג רחצה 3 יח',,,ספוג רחצה 3 יח',Unknown,0.00,יחידה,false,,12.90,0.0000,true,1,274539
6974800740104,false,"טבעות תפו""ע טבעי עם",היאגואן,CN,"טבעות תפו""ע טבעי עם",גרמים,88.00,100 גרם,false,,12.90,14.6591,true,1,338390
6974800740203,false,"טבעות תפו""ע טבעי עם",היאגואן,CN,"טבעות תפו""ע טבעי עם",גרמים,88.00,100 גרם,false,,12.90,14.6591,true,1,338391
6974800740302,false,"טבעות תפו""ע טבעי עם קינמון",היאגואן,CN,"טבעות תפו""ע טבעי מיו",גרמים,88.00,100 גרם,false,,12.90,14.6591,true,1,338392
6985425120165,false,ליפה לרחצה,,,ליפה לרחצה,Unknown,0.00,יחידה,false,,7.90,0.0000,true,1,266300
7162203029004,false,שמיכת פוך יחיד אינדי,,,שמיכת פוך יחיד אינדי,Unknown,0.00,יחידה,false,,99.90,0.0000,true,1,339812
7290000000282,false,חסה ערבית יחידה,אראל תוצרת חקלאית בע,IL,שום 12 ראשים,Unknown,12.00,יחידה,false,,17.90,1.4917,true,1,261633
7290000000411,false,שום יבש יבוא רמי לוי,אראל תוצרת חקלאית בע,IL,שום 4 ראשים,Unknown,0.00,יחידה,false,,5.90,0.0000,true,1,304864
7290000000978,false,חסה ברכת קטיף מהדרין,ביכורי השקמה,IL,חסה גלאט ברכת קטיף,Unknown,0.00,יחידה,false,,5.90,0.0000,true,1,264002
7290000000985,false,פטרוזיליה ברכת קטיף ייבול נוכרי בוסתן,ברכת קטיף,IL,פטרוזיליה גלאט ברכת,Unknown,0.00,יחידה,false,,5.90,0.0000,true,1,264003
7290000001043,false,כרוב לבן מהדרין קטיף טרי,ברכת קטיף,IL,כרוב לבן ברכת קטיף,קילוגרמים,1.00,"ק""ג",true,,13.90,13.9000,true,1,264010
7290000001074,false,כרוב אדום מהדרין קטיף טרי.,קרלברג ייצור ושיווק,IL,כרוב אדום ברכת קטיף,קילוגרמים,1.00,"ק""ג",true,,14.60,14.6000,true,1,264012
7290000001524,false,שוק מפורק+חזה הודו (,מעדני מניה תעשיות בש,IL,בצל ירוק,Unknown,0.00,יחידה,false,,6.90,0.0000,true,1,264009
7290000001579,false,סלרי מהדרין קטיף טרי,ביכורי השקמה,IL,סלרי גלאט ברכת קטיף,Unknown,0.00,יחידה,false,,5.90,0.0000,true,1,264007
7290000001609,false,עלי סלק מהדרין קטיף טרי,ביכורי השקמה,IL,עלי סלק גלאט,Unknown,0.00,יחידה,false,,5.90,0.0000,true,1,264008
7290000001616,false,כוסברה ייבול נוכרי בוסתן,ברכת קטיף,IL,כוסברה גלאט ברכת קטי,Unknown,0.00,יחידה,false,,5.90,0.0000,true,1,264004
7290000023083,false,ערק אשקלון בקבוק 700,"יקבי ברקן בע""\מ",IL,ארק אשקלון 40% 700 מ,מיליליטרים,700.00,"100 מ""ל",false,,47.20,6.7429,true,1,274409
7290000023410,false,"ליקר שטוק קפה 750 מ""ל","יקבי ברקן בע""\מ",IL,ליקר סטוק גלה קפה 75,מיליליטרים,750.00,"100 מ""ל",false,,49.90,6.6533,true,1,277429
7290000023427,false,"ליקר שטוק אמרטו 750 מ""ל","יקבי ברקן בע""\מ",IL,ליקר סטוק אמרטו 750,מיליליטרים,750.00,"100 מ""ל",false,,49.90,6.6533,true,1,277430
7290000023434,false,"ליקר שטוק וישניאק 750מ""ל","יקבי ברקן בע""\מ",IL,ליקר סטוק וישניאק 75,מיליליטרים,750.00,"100 מ""ל",false,,49.90,6.6533,true,1,277433
7290000023472,false,ליקר STOCK טריפל סק 750 מל,יקבי ברקן,,ליקר סטוק טריפל סק 7,מיליליטרים,750.00,"100 מ""ל",false,,49.90,6.6533,true,1,277431
7290000023809,false,"יין קלאסיק קברנה סוביניון ברקן 750 מ""ל",יקבי ברקן שיווק והפצה בע,IL,יין קלאסיק קברנה,מיליליטרים,750.00,"100 מ""ל",false,,27.90,3.7200,true,1,265573
7290000023816,false,"יין קלאסיק אמרלד ריזלינג ברקן 750 מ""ל",יקבי ברקן שיווק והפצה בע,IL,יין קלאסיק אמרלד ריז,מיליליטרים,750.00,"100 מ""ל",false,,27.90,3.7200,true,1,265486
7290000023977,false,"יין קלאסיק מרלו ברקן 750 מ""ל",יקבי ברקן שיווק והפצה בע,IL,יין קלאסיק מרלו,מיליליטרים,750.00,"100 מ""ל",false,,27.90,3.7200,true,1,264594
7290000024202,false,"יין רזרב קברנה סוביניון ברקן 750 מ""ל",ברקן שיווק והפצה בעמ,IL,יין רזרב קברנה סובני,מיליליטרים,750.00,"100 מ""ל",false,,38.90,5.1867,true,1,271530
7290000024264,false,"יין רזרב מרלו ברקן 750 מ""ל","כרמי צבי - אחים סגל בע""\",IL,יין רזרב מרלו,מיליליטרים,750.00,"100 מ""ל",false,,38.90,5.1867,true,1,271531
7290000024554,false,ברקן ריחן יין אדום יבש 2013 750 מל,יקבי ברקן,IL,יין ריחן אסמבלאז,מיליליטרים,750.00,"100 מ""ל",false,,49.90,6.6533,true,1,316837
7290000024561,false,"יין אסמבלאז' איתן 2011 ברקן 750 מ""ל",יקבי ברקן,IL,יין אסמבלאז איתן,מיליליטרים,750.00,"100 מ""ל",false,,49.90,6.6533,true,1,316835
7290000024912,false,"וודקה קגלביץ' לימון 700 מ""ל","יקבי ברקן בע""מ",IL,וודקה קגלביץ לימון 2,מיליליטרים,700.00,"100 מ""ל",false,,39.90,5.7000,true,1,264398
7290000025339,false,יין אדום יבש ספיישל,יקבי ברקן,IL,יין אדום יבש ספיישל,מיליליטרים,750.00,"100 מ""ל",false,,37.90,5.0533,true,1,335107
7290000025346,false,יין גפן היין מרום ירושלים,יקבי ברקן,IL,יין אדום גפן היין מר,מיליליטרים,750.00,"100 מ""ל",false,,16.90,2.2533,true,1,335108
7290000034256,false,ביסקוויט תירוש חצי מצופה הדר 175ג',אפיפית נצרת תעשיות ב,IL,ביסקוויט חצי מצופה ת,גרמים,175.00,100 גרם,false,,5.90,3.3714,true,1,280736
7290000040301,false,תנובה עין גדי קממבר מחלב בקר 24% שומן,תנובה מרכז שיתופי לש,IL,גבינה קממבר 24% תנוב,גרמים,125.00,100 גרם,false,,17.90,14.3200,true,1,262103
7290000040318,false,גבינת ברי 24% קולאז עדי תנובה 125 ג',תנובה מרכז שיתופי לש,IL,גבינת עדי/ברי תנובה,גרמים,125.00,100 גרם,false,,17.90,14.3200,true,1,262104
7290000040462,false,טוסטי גבינה בסגנון אמריקאי אדם 23% תנובה 200 גרם,תנובה מרכז שיתופי לש,IL,גבינה טעם אמריקאי 22,גרמים,200.00,100 גרם,false,,15.90,7.9500,true,1,262105
7290000041407,false,"גיל קטן 3% תנובה 125 מ""ל בד""ץ",תנובה מרכז שיתופי לש,IL,"גיל תנובה 125 מ""ל",מיליליטרים,125.00,"100 מ""ל",false,,0.80,0.6400,true,1,262200
7290000041445,false,קוטג תנובה גביע 250 גרם 5% בדצ,מיוצר עי קונדיטוריית,IL,קוטג 5% תנובה 250 גר,גרמים,250.00,100 גרם,false,,5.10,2.0400,true,1,262201
7290000041452,false,קוטג תנובה גביע 250 גרם 9% בדצ,תנובה מרכז שיתופי לש,IL,קוטג 9% תנובה 250 גר,גרמים,250.00,100 גרם,false,,5.10,2.0400,true,1,262202
7290000041858,false,"שמנת חמוצה 15% מועשרת יטבתה 200 מ""ל",שטראוס גרופ,IL,שמנת חמוצה 15% יטבתה,מיליליטרים,200.00,"100 מ""ל",false,,1.90,0.9500,true,1,266985
7290000042015,false,"חלב שתייה תנובה בד""צ בשקית 1 ליטר",תנובה מרכז שיתופי לש,IL,חלב שקית 3% תנובה 1,קילוגרמים,1.00,ליטר,false,,5.30,5.3000,true,1,262207
7290000042367,false,חלב טרי 3% בקבוק תנובה 1 ליטר מהדרין,תנובה מרכז שיתופי לש,IL,חלב בבקבוק 3% תנובה,קילוגרמים,1.00,ליטר,false,,6.20,6.2000,true,1,313647
7290000042671,false,חלב עמיד %3 קרטון 1 ל בהכשר בדצ,תנובה מרכז שיתופי לש,IL,חלב עמיד 3% תנובה 1,קילוגרמים,1.00,ליטר,false,,6.90,6.9000,true,1,262247
7290000042855,false,"שוקו בשקית 250 מ""ל ""יטבתה""",שטראוס גרופ,IL,שוקו שקית יטבתה 225,מיליליטרים,225.00,"100 מ""ל",false,,2.50,1.1111,true,1,266608
7290000043012,false,"שוקו עמיד 2% בקרטון 250 מ""ל תנובה",תנובה מרכז שיתופי לש,IL,שוקו עמיד תנובה 250,מיליליטרים,250.00,"100 מ""ל",false,,3.90,1.5600,true,1,262250
7290000043814,false,השף הלבן שמנת להקצפה 38% שומן 250 מל - מוצר בפיקוח,תנובה מרכז שיתופי לש,IL,שמנת להקצפה 38% השף,מיליליטרים,250.00,"100 מ""ל",false,,6.40,2.5600,true,1,262258
7290000043890,false,תנובה רויון לבן מחלב מפסוטר 1.5%,תנובה מרכז שיתופי לש,IL,רויון 1.5% תנובה 1 ל,קילוגרמים,1.00,ליטר,false,,9.90,9.9000,true,1,262259
7290000044712,false,יוגורט עם תות 1.5% שומן 500 ג' פרילי,מיוצר עי קונדיטוריית,IL,פרילי תות 500 גרם,מיליליטרים,500.00,"100 מ""ל",false,,9.90,1.9800,true,1,262281
7290000044880,false,באדי יוגורט תות 3% שומן 500 ג' תנובה,מיוצר עי קונדיטוריית,IL,"באדי תות 500 מ""ל",מיליליטרים,500.00,"100 מ""ל",false,,7.90,1.5800,true,1,262282
7290000045399,false,שמיניית גבינה מותכת 2.6% תנובה 25 גרם,תנובה מרכז שיתופי לש,IL,גבינה מותכת 26% ניר,גרמים,200.00,100 גרם,false,,11.90,5.9500,true,1,262296
7290000047621,false,גבינה לבנה רכה 5% תנובה 250ג' מהדרין,תנובה מרכז שיתופי לש,IL,גבינה 5% תנובה 250 ג,גרמים,250.00,100 גרם,false,,4.90,1.9600,true,1,262369
7290000048185,false,גבינה לבנה 5% תנובה 250 גרם מהדרין,מיוצר עי קונדיטוריית,IL,גבינה 5% תנובה 250 ג,גרמים,250.00,100 גרם,false,,4.90,1.9600,true,1,279308
7290000048307,false,גבינת קוטג' עם זיתים 5% תנובה 250 גרם,מיוצר עי קונדיטוריית,IL,קוטג עם זיתים 5% תנו,גרמים,250.00,100 גרם,false,,5.60,2.2400,true,1,262371
7290000048413,false,פיראוס חמד גבינה מלוחה 16% שומן,תנובה מרכז שיתופי לש,IL,גבינת חמד 16% פיראוס,גרמים,250.00,100 גרם,false,,15.90,6.3600,true,1,262372
7290000048437,false,פיראוס צפתית 5% שומן 200 גרם,פארייפאבה אגרואינדוס,IL,גבינה צפתית 5% פיראו,גרמים,200.00,100 גרם,false,,13.90,6.9500,true,1,262379
7290000048444,false,"גבינת חמד 16%שומן 1 ק""ג",תנובה מרכז שיתופי לש,IL,גבינת חמד 16% פיראוס,פריט,1.00,"ק""ג",false,,49.90,49.9000,true,1,262380
7290000048451,false,פיראוס חרמון מלוחה 16% 250גר,תנובה מרכז שיתופי לש,IL,גבינת חרמון 16% פירא,גרמים,250.00,100 גרם,false,,15.90,6.3600,true,1,262381
7290000050447,false,"יוגורט ביו בטעם תות YYY יופלה 500 מ""ל",מיוצר עי קונדיטוריית,IL,יופלה תות 3% 500 גרם,מיליליטרים,500.00,"100 מ""ל",false,,12.60,2.5200,true,1,264203
7290000050454,false,יוגורט יופלה אפרסק 3% שומן 500 גרם,מיוצר עי קונדיטוריית,IL,יופלה אפרסק 3% 500 ג,מיליליטרים,500.00,"100 מ""ל",false,,12.60,2.5200,true,1,264199
7290000050966,false,תנובה גבינה לבנה מהדרין 5% 850 גר,תנובה מרכז שיתופי לש,IL,גבינה 5% תנובה 850 ג,גרמים,850.00,100 גרם,false,,12.90,1.5176,true,1,264886
7290000051376,false,יוגורט יופלה דיאט אננס 0% שומן 150 גרם,תנובה מרכז שיתופי לש,IL,יופלה דיאט 0% אננס 1,גרמים,150.00,100 גרם,false,,3.90,2.6000,true,1,322094
7290000052311,false,גבינה צהובה עמק לייט 15% שומן 200 גרם,תנובה מרכז שיתופי לש,IL,גבינה עמק מופחת שומן,גרמים,200.00,100 גרם,false,,13.90,6.9500,true,1,266638
7290000052717,false,גבינת קוטג' שום שמיר 5% תנובה 250 גרם,מיוצר עי קונדיטוריית,IL,קוטג עם שום שמיר 5%,גרמים,250.00,100 גרם,false,,5.60,2.2400,true,1,270158
7290000052946,false,מארז יוגורט יופלה לבן מעודן בדצ 8*150,תנובה מרכז שיתופי לש,IL,מארז יופלה וניל במתי,גרמים,800.00,100 גרם,false,,14.90,1.8625,true,1,265888
7290000053981,false,מאגדת יופלה 4*תות 150ג 4*אפרסק 150ג בדצ,תנובה מרכז שיתופי לש,IL,מארז יופלה מחית תות/,קילוגרמים,1.20,ליטר,false,,19.90,16.5833,true,1,266125
7290000055015,false,פיראוס גבינת פטה כבשים 5% תנובה 250 גרם,תנובה מרכז שיתופי לש,IL,גבינת פטה כבשים 5% פ,גרמים,250.00,100 גרם,false,,24.90,9.9600,true,1,266858
7290000055329,false,"משקה בוקר יוגורט 1.5% בטעם תות מלון יופלה 250 מ""ל",תנובה מרכז שיתופי לש,IL,משקה יוגורט יופלה תו,גרמים,250.00,100 גרם,false,,4.90,1.9600,true,1,279372
7290000055336,false,"משקה יוגורט 1.5% בטעם בננה אפרסק יופלה 250 מ""ל",תנובה מרכז שיתופי לש,IL,משקה יוגורט יופלה בנ,גרמים,250.00,100 גרם,false,,4.90,1.9600,true,1,279373
7290000055343,false,משקה יוגורט יופלה פירות טרופיים 250 גרם,תנובה מרכז שיתופי לש,IL,משקה יוגורט יופלה טר,גרמים,250.00,100 גרם,false,,4.90,1.9600,true,1,279374
7290000055756,false,גבינה לבנה 5% תנובה מארז 850X2ג' בדץ,תנובה מרכז שיתופי לש,IL,מארז גבינה 5% תנובה,פריט,1.70,"ק""ג",false,,24.90,14.6471,true,1,266859
7290000055893,false,חמאה משמנת מפוסטרת 200גרם 82% כ.מהדרין - מוצר בפיקוח,תנובה מרכז שיתופי לש,IL,חמאה תנובה 200 גרם,גרמים,200.00,100 גרם,false,,6.90,3.4500,true,1,267538
7290000056081,false,מארז יוגורט פרילי טבע 6*200 גרם,מיוצר עי קונדיטוריית,IL,מארז פרילי טבע גרנול,פריט,1.20,"ק""ג",false,,17.90,14.9167,true,1,269914
7290000056760,false,גבינת עמק פרוס 28% בקופסא 400 גרם,תנובה מרכז שיתופי לש,IL,גבינה עמק 28% 400 גר,גרמים,400.00,100 גרם,false,,26.90,6.7250,true,1,269476
7290000056883,false,שמיניית יוגורט יופלה 3% טעמים שונים 150 גרם,תנובה מרכז שיתופי לש,IL,מארז יופלה פרי 8*150,פריט,1.20,"ק""ג",false,,19.90,16.5833,true,1,279362
7290000056890,false,שמיניית דיאט יופלה 0% טעמים שונים 150 גרם,מיוצר עי קונדיטוריית,IL,מארז יופלה פרי דיאט,קילוגרמים,1.20,ליטר,false,,19.90,16.5833,true,1,267786
7290000057088,false,עמק גבינה צהובה פרוסה דק דק 28% תנובה 200 גרם,תנובה מרכז שיתופי לש,IL,גבינה עמק דק דק 28%,גרמים,200.00,100 גרם,false,,13.90,6.9500,true,1,272279
7290000057477,false,חלב טרי 3% הומוגני תנובה קרטון 1.5 ל',תנובה מרכז שיתופי לש,IL,חלב 3% תנובה 1.5 ליט,קילוגרמים,1.50,ליטר,false,,9.30,6.2000,true,1,268554
7290000057934,false,"שוקו בבקבוק תנובה 1 ליטר בד""ץ",תנובה מרכז שיתופי לש,IL,משקה שוקו תנובה 1 לי,קילוגרמים,1.00,ליטר,false,,12.30,12.3000,true,1,268810
7290000058047,false,שמנת להקצפה 38% 500מל מהדרין עמיד השף הלבן,תנובה מרכז שיתופי לש,IL,שמנת להקצפה 38% השף,גרמים,500.00,100 גרם,false,,12.80,2.5600,true,1,268936
7290000058979,false,גיל בטעם תות 3% שומן 125 ג' תנובה,תנובה מרכז שיתופי לש,IL,גיל בטעם תות תנובה 1,גרמים,125.00,100 גרם,false,,1.30,1.0400,true,1,269786
7290000060088,false,בייגלה מקלות מלוחים אסם 400 גרם,מיוצר עי קונדיטוריית,IL,בייגלה מקלות מלח אסם,גרמים,400.00,100 גרם,false,,8.90,2.2250,true,1,266619
7290000060163,false,אטריות דקות אסם 400 גרם,"אסם תעשיות בע""מ",IL,אטריות דקות אסם 400,גרמים,400.00,100 גרם,false,,4.90,1.2250,true,1,262689
7290000060200,false,אוסם - פתיתים אפויים קוסקוס 500 גרם,"אסם תעשיות בע""מ",IL,פתיתים קוסקוס אסם 50,גרמים,500.00,100 גרם,false,,4.90,0.9800,true,1,262690
7290000060248,false,פסטה אסם פתיתים תלתלים 500 גר',קריות זול,IT,פסטה תלתלים אסם 500,גרמים,500.00,100 גרם,false,,4.90,0.9800,true,1,262692
7290000060408,false,פתיתים אפויים טבעות אסם 500 גרם,"אסם השקעות בע""\מ",IL,פתיתים טבעות אסם 500,גרמים,500.00,100 גרם,false,,4.90,0.9800,true,1,262694
7290000060415,false,"פסטה פרפקטו לאזניה 500 ג' ""אסם""",אסם פרפקטו,IT,לזניה פרפקטו 500 גרם,גרמים,500.00,100 גרם,false,,9.90,1.9800,true,1,262695
7290000060576,false,פתיתים אפויים כוכבים אסם 500 גרם,"אסם השקעות בע""\מ",IL,פתיתים כוכבים אסם 50,גרמים,500.00,100 גרם,false,,4.90,0.9800,true,1,262698
7290000060781,false,פסטה מסולסלים אסם 500 גרם,קריות זול,IT,פסטה מסולסלת אסם 500,גרמים,500.00,100 גרם,false,,4.90,0.9800,true,1,262700
7290000060828,false,פסטה קרניים בינוניות אסם 500 גרם,קריות זול,IT,פסטה קרניים אסם 500,גרמים,500.00,100 גרם,false,,4.90,0.9800,true,1,262701
7290000060842,false,פסטה צדפים גדולים אסם 500 גרם,קריות זול,IT,פסטה צדפים גדולים אס,גרמים,500.00,100 גרם,false,,4.90,0.9800,true,1,262702
7290000060880,false,פסטה ספגטי מספר 8 אסם 500 גרם,קריות זול,IT,ספגטי אסם 500 גרם,גרמים,500.00,100 גרם,false,,4.90,0.9800,true,1,262704
7290000060903,false,אוסם - פתיתים אפויים אורז 500 גרם,"אסם השקעות בע""\מ",IL,פתיתים אורז אסם 500,גרמים,500.00,100 גרם,false,,4.90,0.9800,true,1,262705
7290000060958,false,אטריות בינוניות אסם 400 גרם,"אסם השקעות בע""\מ",IL,אטריות בינוניות אסם,גרמים,400.00,100 גרם,false,,4.90,1.2250,true,1,262706
7290000060965,false,איטריות מובחר רחבות 400 ג',"אסם השקעות בע""\מ",IL,אטריות רחבות אסם 400,גרמים,400.00,100 גרם,false,,4.90,1.2250,true,1,262707
7290000061061,false,קרקר חיטה עם בצל אסם,"אסם השקעות בע""\מ",IL,קרקר בצל אסם 250 גרם,גרמים,250.00,100 גרם,false,,7.90,3.1600,true,1,262711
7290000061085,false,"רוטב צילי מתוק 290 מ""ל-בקבוק","אסם השקעות בע""\מ",IL,רוטב צילי מתוק אסם 2,מיליליטרים,290.00,"100 מ""ל",false,,9.90,3.4138,true,1,262712
7290000061108,false,"רוטב טריאקי 290 מ""ל-בקבוק","אסם השקעות בע""\מ",IL,רוטב טריאקי אסם 360,גרמים,360.00,100 גרם,false,,7.90,2.1944,true,1,262713
7290000061214,false,פתיתים אפויים קוסקוס עם בצל אסם 500 גרם,"אסם השקעות בע""\מ",IL,פתיתים עם בצל אסם 50,גרמים,500.00,100 גרם,false,,4.90,0.9800,true,1,264656
7290000062129,false,"אינסטנט פודינג בטעם וניל אסם 1 ק""ג","אסם תעשיות בע""מ",IL,פודינג אינסטנט וניל,פריט,1.00,"ק""ג",false,,17.90,17.9000,true,1,262721
7290000063140,false,שקדי מרק רכיבים טבעיים בשקית 400 ג' אסם,"אסם תעשיות בע""מ",IL,שקדי מרק אסם 400 גרם,גרמים,400.00,100 גרם,false,,9.90,2.4750,true,1,262746
7290000063157,false,"קמח עוגה תופח מאליו אסם 1 ק""ג","אסם השקעות בע""\מ",IL,"קמח תופח אסם 1 ק""ג",פריט,1.00,"ק""ג",false,,7.90,7.9000,true,1,262747
7290000064871,false,"אוסם - מנה חמה פירה תפו""א עם בצל 56 גרם","אסם תעשיות בע""מ",IL,מנה חמה פירה בצל אסם,גרמים,56.00,100 גרם,false,,4.90,8.7500,true,1,262765
7290000065090,false,מיני קרוטונים מתובלים למרק ולסלט אסם 400 גרם,עינת תעשיות מזון אגו,IL,מיני קרוטונים למרק/ס,גרמים,400.00,100 גרם,false,,17.90,4.4750,true,1,262779
7290000065335,false,אוסם - מנה חמה פירה עם ירקות 55 גרם,"אסם תעשיות בע""מ",IL,מנה חמה פירה עם ירקו,גרמים,55.00,100 גרם,false,,4.90,8.9091,true,1,262786
7290000065540,false,אוסם - מנה חמה פסטה מוקרמת בטעם עוף 55 גרם,"אסם תעשיות בע""מ",IL,מנה חמה פסטה מוקרמת,גרמים,55.00,100 גרם,false,,4.90,8.9091,true,1,303605
7290000065557,false,אוסם - מנה חמה קוסקוס עם ירקות 84 גרם,"אסם תעשיות מזון בע""מ",IL,מנה חמה קוסקוס וירקו,גרמים,84.00,100 גרם,false,,4.90,5.8333,true,1,303606
7290000066141,false,ביסלי חטיף בטעם גריל אסם 70 גרם,"אסם השקעות בע""\מ",IL,ביסלי גריל 70 גרם,גרמים,70.00,100 גרם,false,,3.50,5.0000,true,1,262795
7290000066189,false,ביסלי חטיף בטעם פלאפל אסם 200 גרם,"אסם השקעות בע""\מ",IL,ביסלי פלאפל 200 גרם,גרמים,200.00,100 גרם,false,,6.50,3.2500,true,1,262799
7290000066196,false,ביסלי חטיף בטעם גריל אסם 200 גרם,מיוצר עי קונדיטוריית,IL,ביסלי גריל 200 גרם,גרמים,200.00,100 גרם,false,,6.50,3.2500,true,1,262800
7290000066226,false,ביסלי חטיף בטעם פיצה אסם 200 גרם,מיוצר עי קונדיטוריית,IL,ביסלי פיצה 200 גרם,גרמים,200.00,100 גרם,false,,6.50,3.2500,true,1,262803
7290000066318,false,במבה חטיף בוטנים אסם 80 גרם,"אסם השקעות בע""\מ",IL,במבה 80 גרם,גרמים,80.00,100 גרם,false,,3.90,4.8750,true,1,262806
7290000066431,false,פופקו חטיף פופקורן בטעם חמאה ודבש אסם 80 גרם,מיוצר עי קונדיטוריית,IL,פופקו 80 גרם,גרמים,80.00,100 גרם,false,,3.90,4.8750,true,1,262808
7290000067599,false,מנה חמה ספגטי ברוטב בולונז אסם 65 גרם,"אסם השקעות בע""\מ",IL,מנה חמה ספגטי בולונז,גרמים,65.00,100 גרם,false,,4.90,7.5385,true,1,262850
7290000068138,false,אינסטנט פודינג בטעם וניל אסם 80 גרם,מיוצר עי קונדיטוריית,IL,פודינג אינסטנט וניל,גרמים,80.00,100 גרם,false,,4.90,6.1250,true,1,262891
7290000068190,false,אסם ג'לי תות שדה צבעים טבעיים 90 גרם,מיוצר עי קונדיטוריית,IL,גלי בטעם תות אסם 85,גרמים,85.00,100 גרם,false,,4.90,5.7647,true,1,262893
7290000068343,false,אסם פריכונים פרוסות קלויות מלא,"פרח תעשיות מזון בע""מ.",IL,פריכונים מאורז מלא א,גרמים,140.00,100 גרם,false,,6.90,4.9286,true,1,266936
7290000070308,false,אבקת מרק עוף אמיתי בשרי אסם 400 גרם,"אסם השקעות בע""\מ",IL,מרק עוף אמיתי אסם 40,גרמים,400.00,100 גרם,false,,16.90,4.2250,true,1,262929
7290000070322,false,אבקת מרק פטריות רכיבים טבעיים אסם 400 גרם,"אסם השקעות בע""\מ",IL,מרק פטריות ר.טבעיים,גרמים,400.00,100 גרם,false,,17.90,4.4750,true,1,262930
7290000070353,false,אבקת מרק בצל רכיבים טבעיים אסם 400 גרם,"אסם השקעות בע""\מ",IL,מרק בצל ר.טבעיים אסם,גרמים,400.00,100 גרם,false,,17.90,4.4750,true,1,262931
7290000072241,false,"רוטב פיצה 290 מ""ל-בקבוק","אסם השקעות בע""\מ",IL,רוטב לפיצה אסם 320 מ,מיליליטרים,320.00,"100 מ""ל",false,,7.90,2.4688,true,1,262938
7290000072623,false,קטשופ אסם בקבוק לחיץ 750 גרם,"אסם תעשיות בע""מ",IL,קטשופ לחיץ אסם 750 ג,גרמים,750.00,100 גרם,false,,8.90,1.1867,true,1,262939
7290000072630,false,קטשופ אסם חריף 750 גרם-בקבוק,"אסם תעשיות בע""מ",IL,קטשופ חריף אסם 750 ג,גרמים,750.00,100 גרם,false,,9.90,1.3200,true,1,262940
7290000072753,false,קפה נמס מגורען טסטרס צ'ויס 200 גרם-,נסטלה קוריאה - קפה,KR,קפה נמס טסטרס צויס 2,גרמים,200.00,100 גרם,false,,29.90,14.9500,true,1,262942
7290000072777,false,קפה נמס מגורען נטול קפאין טסטרס צ'ויס 200 גרם,נסטלה קוריאה - קפה,KR,קפה נמס טסטרס צויס נ,גרמים,200.00,100 גרם,false,,35.90,17.9500,true,1,262943
7290000073415,false,אוסם - מנה חמה פסטה ברוטב פיצה 61 גרם,"אסם השקעות בע""\מ",IL,מנה חמה פסטה רוטב פי,גרמים,61.00,100 גרם,false,,4.90,8.0328,true,1,263367
7290000073750,false,מנה חמה נודלס אטר+ירקות טעם עוף 70 גרם,PUB FOODS PRESIDENT THAI,TH,מנה חמה נודלס בטעם ע,גרמים,70.00,100 גרם,false,,4.90,7.0000,true,1,266278
7290000073767,false,מנה חמה נודלס אטר.+ירקות טעם בקר 70 גרם,PUB FOODS PRESIDENT THAI,TH,מנה חמה נודלס בטעם ב,גרמים,71.00,100 גרם,false,,4.90,6.9014,true,1,263368
7290000073774,false,מנה חמה נודלס אטר+ירקות טעם צילי 70 גרם,טאי רזידנט,TH,מנה חמה נודלס פיקנטי,גרמים,70.00,100 גרם,false,,4.90,7.0000,true,1,266279
7290000074153,false,ביסקוויט פתי בר שוקולד אסם 500 גרם,מיוצר עי קונדיטוריית,IL,פתיבר שוקו אסם 500 ג,גרמים,500.00,100 גרם,false,,8.90,1.7800,true,1,279063
7290000074184,false,ביסקוויט פתי בר אסם 500 גרם,"אסם השקעות בע""\מ",IL,פתיבר אסם 500 גרם,גרמים,500.00,100 גרם,false,,8.90,1.7800,true,1,276402
7290000074245,false,אוסם - קרם קרקר אסם 250 גרם,"אסם השקעות בע""\מ",IL,קרם קרקר 250 גרם,גרמים,250.00,100 גרם,false,,6.90,2.7600,true,1,263370
7290000074276,false,קרקר פיקנטי טבעון 250 ג' אסם,"אסם השקעות בע""\מ",IL,קרקר פיקנטי אסם 250,גרמים,250.00,100 גרם,false,,7.90,3.1600,true,1,263372
7290000074375,false,אוסם - קרקר זהב 150 גרם,"אסם השקעות בע""\מ",IL,קרקר זהב 150 גרם,גרמים,150.00,100 גרם,false,,4.90,3.2667,true,1,263374
7290000074481,false,לחמית אגוזים אסם 160 גרם,"אסם השקעות בע""\מ",IL,לחמית אגוזים 160 גרם,גרמים,160.00,100 גרם,false,,7.90,4.9375,true,1,267976
7290000074696,false,"קרם קרקר 1 ק""ג אוסם","אסם השקעות בע""\מ",IL,"קרם קרקר 1 ק""ג",פריט,1.00,"ק""ג",false,,19.90,19.9000,true,1,263375
7290000074764,false,קרקר הזהב אסם 900 גרם,"אסם השקעות בע""\מ",IL,קרקר זהב 900 גרם,גרמים,900.00,100 גרם,false,,19.90,2.2111,true,1,263379
7290000075204,false,אוסם - לחמית חיטה מלאה 250 גרם,"אסם השקעות בע""\מ",IL,לחמית חיטה מלאה 250,גרמים,250.00,100 גרם,false,,6.90,2.7600,true,1,263382
7290000075693,false,עוגת הבית שמרים בריוש שוקולד אסם 360 גרם,מיוצר עי קונדיטוריית,IL,עוגת שמרים בריוש שוק,גרמים,360.00,100 גרם,false,,13.90,3.8611,true,1,267441
7290000076133,false,בייגלה שמיניות קטנות עם מלח אסם 400 גרם,"אסם השקעות בע""\מ",IL,בייגלה שמיניות מלח א,גרמים,400.00,100 גרם,false,,8.90,2.2250,true,1,263386
7290000077017,false,עוגיות קרמוגית במילוי קרם שוקולד אסם 200 גרם,מיוצר עי קונדיטוריית,IL,עוגיות ממולאות שוקול,גרמים,200.00,100 גרם,false,,8.90,4.4500,true,1,263397
7290000077253,false,אוסם - לחמית כפרית עם דגנים מלאים 190 גרם,"אסם השקעות בע""\מ",IL,לחמית כפרית 190 גרם,גרמים,190.00,100 גרם,false,,7.90,4.1579,true,1,266056
7290000078762,false,אוסם - חטיפי פריכונים מאורז מלא בטעם דבש 80גר,סנורייס בלגיום אן. ו,GB,פריכונים אורז מלא וד,גרמים,80.00,100 גרם,false,,6.90,8.6250,true,1,263407
7290000081663,false,"בייגלה טבעות שומשום אסם 300 גרם בד""ץ",מיוצר עי קונדיטוריית,IL,בייגלה טבעות שומשום,גרמים,300.00,100 גרם,false,,8.90,2.9667,true,1,263432
7290000100197,false,לקט אפונה תירס וגזר סנפרוסט 700 גרם,"סנפרוסט בע""\מ",IL,לקט אפונה תירס וגזר,גרמים,700.00,100 גרם,false,,14.90,2.1286,true,1,314551
7290000100272,false,"כרובית קפוא 600 גר' סנפרוסט-תנובה בד""ץ","סנפרוסט בע""\מ",IL,כרובית סנפרוסט 600 ג,גרמים,600.00,100 גרם,false,,23.90,3.9833,true,1,317512
7290000103501,false,"שעועית ירוקה חתוכה סנפרוסט 700 גר' בד""צ","סנפרוסט בע""\מ",IL,שעועית ירוקה חתוכה ס,גרמים,700.00,100 גרם,false,,13.90,1.9857,true,1,274413
7290000103525,false,גזר גמדי -שמיטה 700 גרם סנפרוסט,"סנפרוסט בע""\מ",IL,גזר גמדי סנפרוסט 700,גרמים,700.00,100 גרם,false,,15.90,2.2714,true,1,274415
7290000103532,false,גרעיני תירס סנפרוסט 700ג' בדץ,"סנפרוסט בע""\מ",IL,גרעיני תירס סנפרוסט,גרמים,700.00,100 גרם,false,,15.90,2.2714,true,1,274416
7290000103556,false,גרגירי חומוס מבושל סנפרוסט 700ג' בדצ,"סנפרוסט בע""\מ",IL,גרגירי חומוס מבושלים,גרמים,700.00,100 גרם,false,,15.90,2.2714,true,1,274418
7290000104218,false,סנפרוסט במיה 600 גרם,"איי, בי, אינבוו",IL,במיה סנפרוסט 600 גרם,גרמים,600.00,100 גרם,false,,14.90,2.4833,true,1,260981
7290000104713,false,פול ירוק סנפרוסט 800 גרם,"איי, בי, אינבוו",IL,פול ירוק סנפרוסט 800,גרמים,800.00,100 גרם,false,,21.90,2.7375,true,1,260989
7290000104799,false,שעועית לבנה מבושלת סנפרוסט 800 גרם,"איי, בי, אינבוו",IL,שעועית לבנה סנפרוסט,גרמים,800.00,100 גרם,false,,18.90,2.3625,true,1,260992
7290000107189,false,תחתיות ארטישוק סנפרוסט 400 גרם,"איי, בי, אינבוו",IL,תחתיות ארטישוק סנפרו,גרמים,400.00,100 גרם,false,,19.90,4.9750,true,1,261000
7290000111353,false,"מיונז אמיתי תלמה 1 ק""ג",יוניליוור ישראל מזון בע\,IL,"מיונז תלמה 1 ק""ג",פריט,1.00,"ק""ג",false,,13.90,13.9000,true,1,261011
7290000112237,false,"טחינה גולמית שומשום טהור בארכה 1 ק""ג","רושדי תעשיות מזון בע""\מ",IL,"טחינה בארכה 1 ק""ג",פריט,1.00,"ק""ג",false,,19.90,19.9000,true,1,261017
7290000121079,false,גבינה מותכת למריחה עם שום שמיר 9% מון בלאן 120 גרם,שלושת האופים,IL,גבינה מותכת שום שמיר,גרמים,120.00,100 גרם,false,,8.90,7.4167,true,1,261064
7290000121093,false,גבינה מותכת לייט בטעם שוויצרי 7% מון בלאן 120 גר',האי נאם סי או אל.טי.,IL,גבינה מותכת שוויצרי,גרמים,120.00,100 גרם,false,,8.90,7.4167,true,1,261065
7290000121109,false,גבינה מותכת לייט עם זיתים 7% מון בלאן 120 גרם,האי נאם סי או אל.טי.,IL,גבינה מותכת זיתים 7%,גרמים,120.00,100 גרם,false,,8.90,7.4167,true,1,261066
7290000133645,false,שלישיית משחת שיניים סודה אורביטול 145 גרם,טרופיקל דגיל תעשיות קוסמ,IL,משחת אורביטול הלבנה,גרמים,435.00,100 גרם,false,,16.50,3.7931,true,1,261106
7290000135045,false,"XL TEN משקה אנרגיה פתוח ללא סוכר 250 מ""ל","טמפו משקאות בע""\מ",IL,משקה אנרגיה אקסל תן,מיליליטרים,250.00,"100 מ""ל",false,,3.90,1.5600,true,1,321269
7290000135052,false,"XL TEN משקה אנרגיה מנגו ללא סוכר 250 מ""ל","טמפו משקאות בע""\מ",IL,משקה אנרגיה אקסל תן,מיליליטרים,250.00,"100 מ""ל",false,,3.90,1.5600,true,1,321270
7290000135113,false,"משקה אנרגיה XL פחית ten נענע ליים 250 מ""ל","טמפו משקאות בע""\מ",IL,משקה אנרגיה אקסל נענ,מיליליטרים,250.00,"100 מ""ל",false,,3.90,1.5600,true,1,324296
7290000135182,false,"סבן אפ דיאט פחית צרה שישיה * 330 מ""ל","טמפו משקאות בע""מ",IL,מארז סבן אפ פרי 6*33,קילוגרמים,1.98,ליטר,false,,16.90,8.5354,true,1,328803
7290000135311,false,פפסי קולה ליים 1.5 ללא סוכר,"טמפו משקאות בע""\מ",IL,פפסי מקס ליים 1.5 לי,קילוגרמים,1.50,ליטר,false,,6.90,4.6000,true,1,338080
7290000135465,false,"מי סודה 500 מ""ל - מארז 12 בקבוקים","טמפו משקאות בע""\מ",IL,מארז סודה טמפו 12*50,קילוגרמים,6.00,ליטר,false,,24.90,4.1500,true,1,331561
7290000135595,false,פפסי מקס בטעם דובדבן 1.5 ללא סוכר,"טמפו משקאות בע""\מ",IL,פפסי מקס דובדבן 1.5,קילוגרמים,1.50,ליטר,false,,4.80,3.2000,true,1,331565
7290000135625,false,"רביעיית פחיות בירה גולדסטאר 500 מ""ל","טמפו משקות בע""\מ",IL,מארז בירה גולדסטאר 4,קילוגרמים,2.00,ליטר,false,,29.90,14.9500,true,1,333040
7290000135632,false,"רביעיית פחיות גולדסטאר לא מסונן 500 מ""ל","טמפו משקאות בע""\מ",IL,מארז בירה גולדסטאר 4,קילוגרמים,2.00,ליטר,false,,29.90,14.9500,true,1,333041
7290000136141,false,משקה בטעם קולה 1.5ל' פפסי,"טמפו משקאות בע""\מ",IL,פפסי קולה 1.5 ליטר,קילוגרמים,1.50,ליטר,false,,6.90,4.6000,true,1,334323
7290000136158,false,פפסי מקס משקה מוגז דל קלוריות בטעם קולה,"טמפו משקאות בע""\מ",IL,פפסי מקס 1.5 ליטר,קילוגרמים,1.50,ליטר,false,,4.80,3.2000,true,1,334324
7290000136165,false,טמפו מירינדה 1.5 ליטר,"טמפו משקאות בע""\מ",IL,מירינדה 1.5 ליטר,קילוגרמים,1.50,ליטר,false,,6.90,4.6000,true,1,334325
7290000136172,false,סבן אפ בקבוק 1.5 ליט,"טמפו משקאות בע""\מ",IL,סבן אפ 1.5 ליטר,קילוגרמים,1.50,ליטר,false,,6.90,4.6000,true,1,334326
7290000136189,false,סבן אף דיאט 1.5 ליטר בודד,"טמפו משקאות בע""\ם.",IL,סבן אפ דיאט 1.5 ליטר,קילוגרמים,1.50,ליטר,false,,4.80,3.2000,true,1,334320
7290000136240,false,סודה 1.5 ליטר שישייה בודד,"טמפו משקאות בע""\מ",IL,סודה טמפו 1.5 ליטר,קילוגרמים,1.50,ליטר,false,,1.90,1.2667,true,1,334319
7290000136455,false,משקה בטעם אשכוליות תריסר 1.5 ל' ג'אמפ,"טמפו משקאות בע""\ם.",IL,גאמפ אשכוליות 1.5 לי,קילוגרמים,1.50,ליטר,false,,6.90,4.6000,true,1,334290
7290000136486,false,משקה בטעם אשכוליות דיאט תריסר 1.5 ל' ג'אמפ,"טמפו משקאות בע""\ם.",IL,גאמפ אשכוליות דיאט 1,קילוגרמים,1.50,ליטר,false,,6.90,4.6000,true,1,334291
7290000136516,false,משקה בטעם מנגו פסיפלורה תריסר 1.5 ל' ג'אמפ,טמפו משקאות בעמ,IL,גאמפ מנגו פסיפלורה 1,קילוגרמים,1.50,ליטר,false,,6.90,4.6000,true,1,334287
7290000136523,false,משקה בטעם ענבים תריסר 1.5 ל' ג'אמפ,"טמפו משקאות בע""\ם.",IL,גאמפ ענבים 1.5 ליטר,קילוגרמים,1.50,ליטר,false,,6.90,4.6000,true,1,334292
7290000136561,false,משקה בטעם תות בננה תריסר 1.5 ל' ג'אמפ,"טמפו משקאות בע""\מ",IL,גאמפ תות בננה 1.5 לי,קילוגרמים,1.50,ליטר,false,,6.90,4.6000,true,1,334293
7290000136585,false,משקה בטעם תפוזים תריסר 1.5 ל' ג'אמפ,"טמפו משקאות בע""\ם.",IL,גאמפ תפוז 1.5 ליטר,קילוגרמים,1.50,ליטר,false,,6.90,4.6000,true,1,334289
7290000136608,false,משקה בטעם תפוח צלול תריסר 1.5 ל' ג'אמפ,"טמפו משקאות בע""\ם.",IL,גאמפ תפוח 1.5 ליטר,קילוגרמים,1.50,ליטר,false,,6.90,4.6000,true,1,334315
7290000136646,false,בירה נשר מאלט ללא אלכוהול 1.5 ליטר,"טמפו משקאות בע""\מ",IL,בירה נשר מאלט 1.5 לי,קילוגרמים,1.50,ליטר,false,,8.80,5.8667,true,1,334284
7290000136653,false,דיאט נשר מאלט ללא אלכוהול 1.5 ליטר,"טמפו משקאות בע""\מ",IL,בירה נשר מאלט דיאט 1,קילוגרמים,1.50,ליטר,false,,8.80,5.8667,true,1,334285
7290000136769,false,מארז שישיה בטעם קולה 1.5 ל' פפסי,"טמפו משקאות בע""\מ",IL,מארז פפסי קולה 6*1.5,קילוגרמים,9.00,ליטר,false,,35.90,3.9889,true,1,334328
7290000136776,false,שישיית פפסי מקס דל קלוריות 1.5 ליטר,פפסי Pepsi,IL,מארז פפסי מקס 6*1.5,קילוגרמים,9.00,ליטר,false,,35.90,3.9889,true,1,334329
7290000136790,false,שישיית מי סודה טמפו 1.5 ליטר,"טמפו משקאות בע""\מ",IL,מארז סודה טמפו 6*1.5,קילוגרמים,9.00,ליטר,false,,12.90,1.4333,true,1,334316
7290000136806,false,מארז סודה רביעייה לימון ליים 1.5 ל' טמפו,טמפו משקאות בעמ,IL,מארז סודה לימון ליים,קילוגרמים,6.00,ליטר,false,,10.90,1.8167,true,1,335052
7290000136813,false,סודה בטעם אננס מארז רביעייה 1.5 ל' טמפו,טמפו משקאות בע''מn\,IL,מארז סודה אננס טמפו,קילוגרמים,6.00,ליטר,false,,10.90,1.8167,true,1,335054
7290000136820,false,סודה בטעם פירות יער מארז ריבעיה * 1.5 ל' טמפו,טמפו משקאות בע''מn\,IL,מארז סודה פירות יער,קילוגרמים,6.00,ליטר,false,,10.90,1.8167,true,1,335055
7290000136837,false,רביעיית מי סודה נגיעות אפרסק טמפו 1.5 ליטר,טמפו משקאות בע''מn\,IL,מארז סודה אפרסק טמפו,קילוגרמים,6.00,ליטר,false,,10.90,1.8167,true,1,335053
7290000136844,false,מארז מים מזוככים אקווה נובה שישיית 2 ליטר,"טמפו משקאות בע""\מ",IL,מים אקווה נובה 6*2 ל,קילוגרמים,12.00,ליטר,false,,8.90,0.7417,true,1,334286
7290000139104,false,שלווה חיטה תפוחה מתוקה אשבול 230 גרם,"אשב""ל בע""מ",IL,שלווה חיטה תפוחה ומת,גרמים,230.00,100 גרם,false,,7.90,3.4348,true,1,261124
7290000139227,false,דגן לבן משפחתי 150 גר' אשבול,אשבל מזון פונקציונלי,IL,תירס תפוח מתוק אשבול,גרמים,150.00,100 גרם,false,,7.90,5.2667,true,1,261125
7290000143187,false,"הוואי - שמפו לגבר 700 מ""ל",שוורצקוף& הנקל דיסלד,IL,שמפו הוואי לגבר 700,מיליליטרים,700.00,"100 מ""ל",false,,7.90,1.1286,true,1,279005
7290000143217,false,"הוואי - שמפו לשיער יבש 700 מ""ל",שוורצקוף& הנקל דיסלד,IL,שמפו הוואי לשיער יבש,מיליליטרים,700.00,"100 מ""ל",false,,7.90,1.1286,true,1,265987
7290000143255,false,"שמפו הוואי לשיער רגיל 700 מ""ל",שוורצקוף& הנקל דיסלד,IL,שמפו הוואי לשיער רגי,מיליליטרים,700.00,"100 מ""ל",false,,7.90,1.1286,true,1,265464
7290000143286,false,"מרכך הוואי לשיער רגיל 700 מ""ל",טרופיקל דגיל קוסמטיק,IL,מרכך הוואי לשיער רגי,מיליליטרים,700.00,"100 מ""ל",false,,7.90,1.1286,true,1,265466
7290000143293,false,"הוואי - מרכך ילדים מתיר קשרים 700 מ""ל",טרופיקל דגיל,IL,מרכך הוואי לילדים 70,מיליליטרים,700.00,"100 מ""ל",false,,7.90,1.1286,true,1,261131
7290000144467,false,שמן חמניות מועשר בנוגדי חמצון 1 ל' עץ הזית,"נארז ע""י : א.ג. גילר",GR,שמן חמניות בריאות עץ,קילוגרמים,1.00,ליטר,false,,13.90,13.9000,true,1,261133
7290000144474,false,שמן עץ הזית קנולה 1 ליטר בריאות מהטבע,שמן תעשיות בעמ,EE,שמן קנולה בריאות עץ,קילוגרמים,1.00,ליטר,false,,14.90,14.9000,true,1,261134
7290000149615,false,רביעיית סבון מוצק קלאסי לתינוק נקה 7 4*100 גרם,גליל כימיקלים בעממשו,IL,סבון מוצק נקה 7 לתינ,גרמים,400.00,100 גרם,false,,8.90,2.2250,true,1,261145
7290000149851,false,סבון לניקוי והסרת כתמים סינטבון 460 גרם,יבואן ומשווק: ש. שסט,IL,סינטבון כפול לנקיון,גרמים,460.00,100 גרם,false,,9.90,2.1522,true,1,261146
7290000149905,false,טקסטיל נוזל לכביסה עדינה נקה 1 ליטר,מיוצר עי קונדיטוריית,IL,טקסטיל שמפו נוזלי 1,קילוגרמים,1.00,ליטר,false,,9.90,9.9000,true,1,261147
7290000151885,false,נקניק הודו יחידה עוף טוב 700ג',עוף טוב,IL,נקניק הודו עוף טוב 7,גרמים,700.00,100 גרם,false,,14.90,2.1286,true,1,265882
7290000152288,false,עוף טוב נקניקיות עוף מיס לוסי 400 גרם,מוצרי עוף טוב (2001) בע\,IL,נקניקיות עוף טוב 400,גרמים,400.00,100 גרם,false,,9.90,2.4750,true,1,276225
7290000170053,false,"שוקולד פרה חלב 100 גרם בד""צ לל""ג","שטראוס גרופ בע""\מ.",IL,שוקולד פרה חלב 100 ג,גרמים,100.00,100 גרם,false,,4.90,4.9000,true,1,279657
7290000174723,false,שוקולית אבקה להכנת משקה שוקו 500 גרם,הנסיך- מפעל לייצור ט,IL,שוקולית 500 גרם,גרמים,500.00,100 גרם,false,,11.90,2.3800,true,1,279663
7290000176079,false,קפה עלית טורקי עם הל 100 גרם,הנסיך- מפעל לייצור ט,IL,קפה טורקי הל עלית 10,גרמים,100.00,100 גרם,false,,8.90,8.9000,true,1,335005
7290000176420,false,קפה נמס פחית עלית 200 גרם,שטראוס קפה בי.וי,IL,קפה נמס 200 גרם,גרמים,200.00,100 גרם,false,,19.90,9.9500,true,1,261199
7290000176475,false,האג קפה נמס נטול קפאין עלית 200 גרם,שטראוס גרופ,VN,קפה נמס האג נטול קפא,גרמים,200.00,100 גרם,false,,33.90,16.9500,true,1,261200
7290000178707,false,תפוצ'יפס בטעם טבעי 50 גרם,"שטראוס פריטו ליי בע""\מ )",IL,תפוציפס טבעי 50 גרם,גרמים,50.00,100 גרם,false,,2.90,5.8000,true,1,279674
7290000178721,false,תפוצ'יפס בטעם טבעי 200 גרם,"שטראוס פריטו ליי בע""\מ )",IL,תפוציפס מלוח 200 גרם,גרמים,200.00,100 גרם,false,,8.80,4.4000,true,1,261205
7290000186337,false,מטליות לחות לניקוי כללי שלישייה ניקול,עלבד משואות יצחק,IL,מטליות לחות לניקוי כ,Unknown,0.00,יחידה,false,,21.90,0.0000,true,1,302448
7290000187921,false,נייר טואלט דו שכבתי לבן לילי 32 יחידות,לילי נייר טואלט חוגלה,IL,נייר טואלט לבן לילי,מטרים,588.00,מטר,false,,41.50,0.0706,true,1,295354
7290000187938,false,לילי - נייר טואולט נייר טואלט פסטל 32 יח',לילי נייר טואלט חוגלה,IL,נייר טואלט פסטל לילי,מטרים,0.00,מטר,false,,38.90,0.0000,true,1,295353
7290000187952,false,נייר טואלט תלת שכבתי ורוד לילי 32 יחידות,לילי נייר טואלט חוגלה,IL,נייר טואלט לילי טריפ,מטרים,537.00,מטר,false,,37.90,0.0706,true,1,328435
7290000188355,false,מגבות מטבח ניקול לבנה שישייה,קימברלי-קלארק,IL,מגבות נייר ניקול 6 י,מטרים,64.80,מטר,false,,8.90,0.1373,true,1,278248
7290000188386,false,מגבת נייר ניקול 12 יחידות,חוגלה קימברלי,IL,מגבות נייר ניקול 12,מטרים,129.00,מטר,false,,22.40,0.1736,true,1,275714
7290000188553,false,קוטקס מגן תחתון יאנג ביג 60 יחידות,קימברלי קלארק,CN,מגן תחתון קוטקס נורמ,Unknown,0.00,יחידה,false,,15.90,0.0000,true,1,275732
7290000188591,false,קוטקס מגן תחתון יאנג ביג 60 יחידות,קימברלי קלארק,CN,מגן תחתון קוטקס יאנג,Unknown,0.00,יחידה,false,,15.90,0.0000,true,1,275733
7290000189680,false,ניקול זוג מטליות לחות לרצפה,חוגלה קימברלי,IL,מטליות לחות לרצפה ני,Unknown,0.00,יחידה,false,,19.90,0.0000,true,1,302447
7290000191225,false,חיתולים ליטל בייביז מידה 2 האגיס 46 יחידות,קימברלי קלארק שיווק,IL,חיתולי האגיס 44 יח ש,Unknown,0.00,יחידה,false,,31.50,0.0000,true,1,302228
7290000191539,false,חמישיית ממחטות טישו צבועני לילי 100 יחידות,חוגלה קימברלי,IL,טישו צבעוני לילי 5*9,Unknown,450.00,יחידה,false,,13.70,0.0304,true,1,261244
7290000191645,false,"חיתולים האגיס ליטל בייביס ניו בורן שלב 1 עד 4 ק""ג",קימברלי קלארק ארהב,US,חיתולי האגיס 36 יח נ,Unknown,0.00,יחידה,false,,31.50,0.0000,true,1,273789
7290000191652,false,שלישיית ממחטות אולטרה סופט קלינקס 90 יחידות,חוגלה קימברלי,IL,טישו קלינקס 3*90 יח,Unknown,270.00,יחידה,false,,7.90,0.0293,true,1,275712
7290000193014,false,מגן תחתון פדיות אינטרלוד לילי 50 יחידות,חוגלה קימברלי,CZ,מגן תחתון לילי אינטר,Unknown,0.00,יחידה,false,,7.90,0.0000,true,1,261245
7290000193083,false,נובה-לי תחבושות היגייניות לילי 28 יחידות,חוגלה קימברלי,CZ,תחבושות לילי נובה לי,Unknown,0.00,יחידה,false,,6.90,0.0000,true,1,261246
7290000193472,false,מגן תחתון נטורל נורמל לילי 60 יחידות,חוגלה קימברלי,ES,מגן תחתון לילי נטורל,Unknown,0.00,יחידה,false,,11.90,0.0000,true,1,261250
7290000193540,false,מגן תחתון לונג נטורל לילי 52 יחידות,חוגלה קימברלי,ES,מגן תחתון לילי נטורל,Unknown,0.00,יחידה,false,,11.90,0.0000,true,1,261251
7290000193953,false,תחבושות לילי נורמל24*2יח,חוגלה קימברלי,ES,תחבושות ללי נורמל עם,Unknown,0.00,יחידה,false,,16.90,0.0000,true,1,279788
7290000193960,false,תח.לילי סופר פלוס 24*2יח,חוגלה קימברלי,ES,תחבושות לילי סופר +,Unknown,0.00,יחידה,false,,16.90,0.0000,true,1,279789
7290000194172,false,"חטיף אטיאס 250 גרם לל""ס",ממתקי השלום,IL,חטיפים מעורב 250 גרם,גרמים,300.00,100 גרם,false,,12.90,4.3000,true,1,266075
7290000195537,false,מגבונים לחים לעור רגיש ללא בישום האגיס 4*64 יחידות,חוגלה קימברלי,IL,מגבונים האגיס ללא בי,Unknown,0.00,יחידה,false,,17.90,0.0000,true,1,261258
7290000195773,false,האגיס - מגבוני האגיס סנסטיב קר לא מבושם 64 יח' * 4,חוגלה קימברלי,IL,מגבונים האגיס ללא בי,Unknown,0.00,יחידה,false,,17.90,0.0000,true,1,333746
7290000197425,false,חיתולים פרידום דריי שלב 3 האגיס 52 יחידות,קימברלי קלארק ישראל,IL,חיתולי האגיס פרידום,Unknown,0.00,יחידה,false,,43.90,0.0000,true,1,329229
7290000197456,false,חיתולים פרידום דריי שלב 4 האגיס 44 יחידות,קימברלי קלארק ישראל,IL,חיתולי האגיס פרידום,Unknown,0.00,יחידה,false,,43.90,0.0000,true,1,329230
7290000197463,false,חיתולים פרידום דריי שלב +4 האגיס 40 יחידות,קימברלי קלארק ישראל,IL,חיתולי האגיס פרידום,Unknown,0.00,יחידה,false,,43.90,0.0000,true,1,329231
7290000197548,false,חיתולים פרידום דריי שלב 5 האגיס 36 יחידות,קימברלי קלארק ישראל,IL,חיתולי האגיס פרידום,Unknown,0.00,יחידה,false,,43.90,0.0000,true,1,329232
7290000197678,false,חיתולי האגיס פרידום דריי שלב 6 30 יחידות,קימברלי קלארק ישראל,IL,חיתולי האגיס פרידום,Unknown,0.00,יחידה,false,,43.90,0.0000,true,1,329233
7290000201818,false,טיטולים פרימיום שלב 2 64 יחידות,חוגלה קימברלי,IL,חיתולי טיטולים פרימי,Unknown,0.00,יחידה,false,,31.90,0.0000,true,1,322204
7290000201832,false,טיטולים פרימיום שלב 3 50 יחידות,חוגלה קימברלי,IL,חיתולי טיטולים פרימי,Unknown,0.00,יחידה,false,,31.90,0.0000,true,1,322205
7290000201849,false,טיטולים פרימיום שלב 4 42 יח' (8-14),חוגלה קימברלי,IL,חיתולי טיטולים פרימי,Unknown,0.00,יחידה,false,,31.90,0.0000,true,1,322206
7290000201856,false,טיטולים פרימיום שלב4+ 38 יחידות .,חוגלה קימברלי,IL,חיתולי טיטולים פרימי,Unknown,0.00,יחידה,false,,31.90,0.0000,true,1,322207
7290000201863,false,טיטולים פרימיום שלב 5 34 יחידות,חוגלה קימברלי,IL,חיתולי טיטולים פרימי,Unknown,0.00,יחידה,false,,31.90,0.0000,true,1,322208
7290000201870,false,טיטולים פרימיום שלב 6 30 יחידות,חוגלה קימברלי,IL,חיתולי טיטולים פרימי,Unknown,0.00,יחידה,false,,31.90,0.0000,true,1,322209
7290000204086,false,ניקול כרית קרצוף מארז שלישייה,חוגלה קימברלי,US,כריות קרצוף ניקול 3,Unknown,0.00,יחידה,false,,9.90,0.0000,true,1,261355
7290000204215,false,שישיית כרית יפנית ניקול 6 יחידות,פלסטו פוליש (ברקן),IL,כריות יפניות ניקול 6,Unknown,0.00,יחידה,false,,9.90,0.0000,true,1,261356
7290000204253,false,מטליות רב שימושיות לניקיון ניקול 9 יחידות,נועם אורים-קיבוץ אור,IL,מטליות לניקוי כללי נ,Unknown,0.00,יחידה,false,,9.90,0.0000,true,1,261357
7290000205762,false,חיתולי האגיס אקסטרה קר מידה 3 48 יחידות,חוגלה קימברלי,IL,חיתולי האגיס אקסטרא,Unknown,0.00,יחידה,false,,54.90,0.0000,true,1,339933
7290000205915,false,חיתולי האגיס אקסטרה קייר מידה 4 40 יחידות,חוגלה קימברלי,IL,חיתולי האגיס אקסטרא,Unknown,0.00,יחידה,false,,54.90,0.0000,true,1,339934
7290000208329,false,גרעיני תירס מתוק 550 גרם יכין,"זנלכל בע""\מ",IL,תירס גרעינים יכין 55,גרמים,550.00,100 גרם,false,,5.90,1.0727,true,1,269488
7290000209722,false,רוטב עגבניות פריכוז יכין 580 גרם,"זנלכל בע""\מ",IL,תרכיז עגבניות פריכוז,גרמים,580.00,100 גרם,false,,9.90,1.7069,true,1,261364
7290000211442,false,"אורז פרסי קלאסי סוגת 1 ק""ג",האי נאם סי או אל.טי.,IL,"אורז פרסי סוגת 1 ק""ג",פריט,1.00,"ק""ג",false,,6.90,6.9000,true,1,261392
7290000211503,false,סוכר לבן ארוז בשקית,"סוגת תעשיות בע""\מ",IL,"סוכר סוגת 1 ק""ג",פריט,1.00,"ק""ג",false,,4.90,4.9000,true,1,261393
7290000211985,false,"סוגת אורז עגול ריזוטו 1 ק""ג","סוגת תעשיות בע""\מ",IL,אורז ריזוטו עגול סוג,פריט,1.00,"ק""ג",false,,9.90,9.9000,true,1,261396
7290000226545,false,"עוגת טורט היער השחור קפולסקי 1 ק""ג",קפולסקי שיווק וקמעונ,IL,עוגת טורט היער השחור,פריט,1.00,"ק""ג",false,,63.90,63.9000,true,1,261429
7290000226552,false,קפולסקי עוגת טורט ריבת חלב+ קוקוס קפוא,קפולסקי שיווק וקמעונ,IL,עוגת טורט בטעם ריבת,פריט,1.00,"ק""ג",false,,63.90,63.9000,true,1,261430
7290000226569,false,"עוגת טורט קצפת שוקולד קפולסקי 1 ק""ג",תופינים מקבוצת קפולסקי,IL,עוגת טורט קצפת בטעם,פריט,1.00,"ק""ג",false,,63.90,63.9000,true,1,261431
7290000226576,false,"עוגת טורט מצופה שוקולד קפולסקי 1 ק""ג",תופינים מקבוצת קפולסקי,IL,עוגת טורט בטעם שוקול,פריט,1.00,"ק""ג",false,,63.90,63.9000,true,1,261432
7290000226613,false,עוגת דובוש מצופה שוקולד קפולסקי 450 גרם,תופינים מקבוצת קפולסקי,IL,עוגת דובוש מצופה שוק,גרמים,400.00,100 גרם,false,,38.90,9.7250,true,1,294633
7290000238029,false,"בצק עלים צרפתי מרודד מעדנות 1 ק""ג",מיוצר עי קונדיטוריית,IL,בצק עלים מרודד מעדנו,פריט,1.00,"ק""ג",false,,17.90,17.9000,true,1,261505
7290000238036,false,מלאווח בקופסא מעדנות 700 גרם,מיוצר עי קונדיטוריית,IL,מלוואח מעדנות 700 גר,גרמים,700.00,100 גרם,false,,11.90,1.7000,true,1,261506
7290000238173,false,בורקס גבינה מעדנות 800 גרם,מיוצר עי קונדיטוריית,IL,בורקס גבינה מעדנות 8,גרמים,800.00,100 גרם,false,,17.90,2.2375,true,1,261507
7290000238180,false,בורקס תפוחי אדמה מעדנות 800 גרם,מיוצר עי קונדיטוריית,IL,בורקס תפוא מעדנות 80,גרמים,800.00,100 גרם,false,,16.90,2.1125,true,1,261508
7290000245089,false,סוד סגול אלגנט 4 ל מרכך כביסה,"הנקל סוד בע""מ",IL,מרכך סוד סגול 4 ליטר,קילוגרמים,4.00,ליטר,false,,16.90,4.2250,true,1,261538
7290000245157,false,מרכך כביסה סנסיישין לבן 4 ל' סוד,"הנקל סוד בע""\מ",IL,מרכך סוד לבן 4 ליטר,קילוגרמים,4.00,ליטר,false,,16.90,4.2250,true,1,261539
7290000245782,false,סוד ורוד מסתורי 4 ל מרכך כביסה,"הנקל סוד בע""\מ",IL,מרכך סוד ורוד 4 ליטר,קילוגרמים,4.00,ליטר,false,,16.90,4.2250,true,1,261541
7290000245799,false,סוד כחול מרענן 4 ל מרכך כביסה,"הנקל סוד בע""\מ",IL,מרכך סוד כחול 4 ליטר,קילוגרמים,4.00,ליטר,false,,16.90,4.2250,true,1,261542
7290000253084,false,שוקולד ציפס חום לבן,אופנהיימר,IL,שוקולד ציפס חום לבן,גרמים,750.00,100 גרם,false,,19.90,2.6533,true,1,278774
7290000253107,false,צמקאו לבישול ואפיה א,אופנהיימר,IL,צמקאו לבישול ואפיה א,גרמים,900.00,100 גרם,false,,16.90,1.8778,true,1,278096
7290000253206,false,שוקולד ציפס אופנהיימ,אופנהיימר,IL,שוקולד ציפס אופנהיימ,גרמים,680.00,100 גרם,false,,19.90,2.9265,true,1,272927
7290000253251,false,שוקולד צ'יפס לבן אופנהיימר 250 גרם,אופנהיימר,IL,שוקולד ציפס לבן אופנ,גרמים,250.00,100 גרם,false,,8.90,3.5600,true,1,266714
7290000253329,false,צמקאו חום/לבן לבישול,אופנהיימר,IL,צמקאו חום/לבן לבישול,גרמים,900.00,100 גרם,false,,16.90,1.8778,true,1,278775
7290000253565,false,מזרה צבעוני ארוך אופ,אופנהיימר,IL,מזרה צבעוני ארוך אופ,גרמים,170.00,100 גרם,false,,6.90,4.0588,true,1,329887
7290000253589,false,מזרה חום ארוך אופנהי,אופנהיימר,IL,מזרה חום ארוך אופנהי,גרמים,200.00,100 גרם,false,,6.90,3.4500,true,1,327881
7290000253596,false,מזרה צבעוני עגול אופ,אופנהיימר,IL,מזרה צבעוני עגול אופ,גרמים,200.00,100 גרם,false,,6.90,3.4500,true,1,327882
7290000262161,false,נייר טואלט לב אדום 40 גלילים מולט,מולט / שמורת טבע,IL,נייר טואלט מולט 40 ג,מטרים,704.00,מטר,false,,28.90,0.0411,true,1,261577
7290000262413,false,חיתולי האגיס אקסטרה קייר מידה 5 34 יחידות,חוגלה קימברלי,IL,חיתולי האגיס אקסטרא,Unknown,0.00,יחידה,false,,54.90,0.0000,true,1,339935
7290000263359,false,חיתולים ליטל בייביז מידה 1 האגיס 40 יחידות,קימברלי קלארק שיווק,IL,חיתולי האגיס 40 יח ש,Unknown,0.00,יחידה,false,,31.50,0.0000,true,1,275720
7290000272443,false,סירופ דיאט בטעם תפוזים עסיס 1 ליטר,בית-השיטה עסיס תעשיות מז,IL,סירופ עסיס תפוז דיאט,קילוגרמים,1.00,ליטר,false,,9.90,9.9000,true,1,261611
7290000272467,false,עסיס פטל דיאט סירופ 1 ליטר,בית-השיטה עסיס תעשיות מז,IL,סירופ עסיס פטל דיאט,קילוגרמים,1.00,ליטר,false,,9.90,9.9000,true,1,261612
7290000272696,false,עסיס מיץ לימון טבעי משומר 1 ל' אסם,בית-השיטה עסיס תעשיות מז,IL,מיץ לימון משומר עסיס,קילוגרמים,1.00,ליטר,false,,8.30,8.3000,true,1,261613
7290000272726,false,חומץ רכיבים רכיבים טבעיים 5% עסיס 1 ליטר,בית-השיטה עסיס תעשיות מז,IL,חומץ 5% עסיס 1 ליטר,קילוגרמים,1.00,ליטר,false,,5.90,5.9000,true,1,261614
7290000286228,false,ספוגיות לניקוי כללי סנו סושי 6 יחידות,סנו מפעלי ברונו בעמ,IL,ספוגיות סנו סושי 6 י,Unknown,0.00,יחידה,false,,9.90,0.0000,true,1,261643
7290000286297,false,"אנטי קאלק מסיר אבנית מקומקום סנו 700 מ""ל",סנו מפעלי ברונוס בעמ,IL,נוזל אנטי קאלק מסיר,מיליליטרים,700.00,"100 מ""ל",false,,9.90,1.4143,true,1,261644
7290000286488,false,ספוג כיף פיראט 1 יחידה,קוסמופארם,IL,ספוג כיף פיראט,Unknown,0.00,יחידה,false,,6.90,0.0000,true,1,261645
7290000286525,false,ספוג כיף רחצה פרינה 1 יח,קוסמופארם,IL,ספוג כיף רחצה פרינה,Unknown,0.00,יחידה,false,,9.90,0.0000,true,1,261647
7290000286549,false,מטליות לניקוי כללי סנו סושי 9 יחידות,נועם אורים תעשיות בע,IL,מטליות לניקוי כללי ס,Unknown,0.00,יחידה,false,,9.90,0.0000,true,1,261648
7290000286761,false,ניילון נצמד סנו סושי פלסטיק מארז 30X2 מ',מיוצר עי קונדיטוריית,CN,ניילון נצמד סנו סושי,מטרים,60.00,מטר,false,,9.90,0.1650,true,1,261651
7290000286921,false,"ספריי להסרת כתמים סנו קל 750 מ""ל",סנו מפעלי ברונוס בעמ,IL,תרסיס רסס כבס סנוקל,מיליליטרים,750.00,"100 מ""ל",false,,10.90,1.4533,true,1,264160
7290000287102,false,"ספריי שמפו לניקוי שטיחים סנו 600 מ""ל",מיוצר עי קונדיטוריית,IL,תרסיס סנו שטיחים איר,מיליליטרים,600.00,"100 מ""ל",false,,19.70,3.2833,true,1,261657
7290000287195,false,"סנו רהיט ספריי עשיר בווקס להברקה 305 מ""ל",מיוצר עי קונדיטוריית,IL,תרסיס סנו רהיט 305 מ,מיליליטרים,305.00,"100 מ""ל",false,,13.70,4.4918,true,1,261663
7290000287409,false,"שלישיית סנובון תות לאסלה ""סנו""",סנו מפעלי ברונוס בעמ,IL,סבון אסלה סנובון תות,גרמים,165.00,100 גרם,false,,10.70,6.4848,true,1,261665
7290000287430,false,סנובון צבעוני לאסלה בריח לימון שלישייה,סנו מפעלי ברונו בעמ,IL,סבון אסלה סנובון צבע,גרמים,165.00,100 גרם,false,,10.70,6.4848,true,1,261666
7290000287485,false,"שלישיית סנובון לובר לאסלה ""סנו""",סנו מפעלי ברונו בעמ,IL,סבון אסלה סנובון לוב,גרמים,165.00,100 גרם,false,,10.70,6.4848,true,1,261667
7290000287492,false,"סנובון נוזל לניקוי אסלות בריח לימון סנו 750 מ""ל","סנו מפעלי ברונוס בע""מ",IL,סנובון נוזלי לימון 7,מיליליטרים,750.00,"100 מ""ל",false,,8.90,1.1867,true,1,261668
7290000288024,false,סנו - ז'אוול אקונומיקה בריח לימון 4 ליטר,"סנו מפעלי ברונוס בע""מ",IL,אקונומיקה סנו גאוול,קילוגרמים,4.00,ליטר,false,,15.90,3.9750,true,1,261675
7290000288086,false,אבקת ניקוי עם אקונומיקה בריח לימון סנו ז'אוול 600 ג',מיוצר עי קונדיטוריית,IL,אבקת ניקוי סנו גאוול,גרמים,600.00,100 גרם,false,,7.90,1.3167,true,1,261678
7290000288291,false,סנומט דוחה יתושים לוחיות אידוי 30 יחידות,טרופיקל דגיל תעשיות,IT,סנומט דוחה יתושים 30,Unknown,0.00,יחידה,false,,11.90,0.0000,true,1,261680
7290000288307,false,סנומט דוחה יתושים- מכשיר+ 30 טבליות,קריות זול,IT,מכשיר סנומט + 30 טבל,Unknown,1.00,יחידה,false,,24.90,24.9000,true,1,261681
7290000288352,false,"קוטל חרקים וזוחלים K-300 סנו 630 מ""ל","סנו מפעלי ברונוס בע""מ",IL,"קוטל K300 סנו 630 מ""",מיליליטרים,630.00,"100 מ""ל",false,,17.90,2.8413,true,1,261682
7290000288383,false,"קוטל נמלים ותיקנים K-500 סנו 400 מ""ל",מיוצר עי קונדיטוריית,IL,קוטל K500 נמלים סנו,מיליליטרים,400.00,"100 מ""ל",false,,18.90,4.7250,true,1,261683
7290000288390,false,"קוטל זבובים ויתושים K-600 סנו 500 מ""ל","סנו מפעלי ברונוס בע""מ",IL,"קוטל K600 סנו 500 מ""",מיליליטרים,500.00,"100 מ""ל",false,,9.90,1.9800,true,1,261684
7290000288420,false,"דוחה יתושים תרסיס ""סנו די""",סנו מפעלי ברונוס בע',IL,"סנו די תרסיס 125 מ""ל",מיליליטרים,125.00,"100 מ""ל",false,,19.90,15.9200,true,1,261686
7290000288529,false,"משחת כלים סאן לימון 3.5 ק""ג",סנו,IL,משחת כלים סנוסאן ברי,פריט,3.50,"ק""ג",false,,25.90,7.4000,true,1,261688
7290000288642,false,מקסימה מרכך כביסה סנסיטיב בייבי סנו 4 ליטר,"סנו מפעלי ברונוס בע""\מ",IL,מרכך מקסימה סנסטיב 4,קילוגרמים,4.00,ליטר,false,,21.50,5.3750,true,1,261689
7290000289052,false,פוליויקס נוזל רצפות בניחוח סחלבים סנו 4 ליטר,סנו פוליויקס,IL,פוליויקס סחלבים 4 לי,קילוגרמים,4.00,ליטר,false,,34.90,8.7250,true,1,261691
7290000289069,false,סנו - ז'אוול מרסס קצף ניקוי בתוספת אקונומיקה בריח לימון 1 ליטר,"סנו מפעלי ברונוס בע""מ",IL,תרסיס ניקוי סנו גאוו,קילוגרמים,1.00,ליטר,false,,14.90,14.9000,true,1,261692
7290000289236,false,K3 נמלים פיתיון ג'ל - קוטל נמלים בבית ובחצר,"סנו מפעלי ברונוס בע""\מ",IL,ג'ל פיתיון נמלים K3,גרמים,10.00,100 גרם,false,,39.90,399.0000,true,1,326079
7290000289472,false,סנו סושי שקיות אשפה - 50 יחידות,מיוצר עי קונדיטוריית,IL,שקיות אשפה 76*90 סנו,Unknown,0.00,יחידה,false,,16.90,0.0000,true,1,261696
7290000289595,false,"אורביטול משחת שיניים לילדים בטעם תות שדה 145 מ""ל",טרופיקל דגיל תעשיות קוסמ,IL,משחת אורביטול ילדים,גרמים,145.00,100 גרם,false,,7.50,5.1724,true,1,261697
7290000291932,false,"סנובון נוזל לניקוי אסלה בניחוח לבנדר סנו 750 מ""ל","סנו מפעלי ברונוס בע""מ",IL,סנובון נוזלי לבנדר 7,מיליליטרים,750.00,"100 מ""ל",false,,8.90,1.1867,true,1,261717
7290000292007,false,K3 פיתיון ג'ל קוטל תיקנים (ג'וקים) בבית ובחצר,מיוצר עי קונדיטוריית,IL,גל פיתיון K3 סנו,גרמים,10.00,100 גרם,false,,39.90,399.0000,true,1,320246
7290000292137,false,"נוזל לניקוי וטיפול מוצרי עור סנו 500 מ""ל",מיוצר עי קונדיטוריית,IL,תחליב סנו לניקוי עור,מיליליטרים,500.00,"100 מ""ל",false,,29.90,5.9800,true,1,261719
7290000292557,false,סנומט מלוי נוזלי דוחה יתושים 45 לילות,טרופיקל דגיל תעשיות,IT,מילוי סנומט נוזלי 45,Unknown,0.00,יחידה,false,,16.70,0.0000,true,1,261727
7290000292564,false,סנו K-2000 תרסיס מיקרו קפסולרי ללא ריח 750 מ”ל,מיוצר עי קונדיטוריית,IL,קוטל K2000 ללא ריח ס,מיליליטרים,750.00,"100 מ""ל",false,,24.90,3.3200,true,1,261728
7290000292595,false,סופר פוליש מבריק רצפות 2לי,סנו,IL,סופר פוליש סנו 2 ליט,קילוגרמים,2.00,ליטר,false,,38.90,19.4500,true,1,261729
7290000292687,false,סנובון מוצק לניקוי אסלה קלאסיק כחול סנו 3 יחידות,מיוצר עי קונדיטוריית,IL,סנובון כחול 3 יח,גרמים,165.00,100 גרם,false,,14.90,9.0303,true,1,261730
7290000292694,false,מגן קריסטל לרצפות סנו 2 ליטר,סנו,IL,מגן קריסטל סנו 2 ליט,קילוגרמים,2.00,ליטר,false,,39.90,19.9500,true,1,261731
7290000292915,false,"תרסיס לניקוי כללי רסס ונגב סנו 750 מ""ל","סנו מפעלי ברונוס בע""\מ",IL,תרסיס סנו רסס ונגב 7,מיליליטרים,750.00,"100 מ""ל",false,,12.90,1.7200,true,1,261732
7290000293073,false,מקסימה מרכך כביסה ביו לבן סנו 4 ליטר,"סנו מפעלי ברונוס בע""\מ",IL,מרכך מקסימה ביו 4 לי,קילוגרמים,4.00,ליטר,false,,21.50,5.3750,true,1,261733
7290000293943,false,"מרסס לבן מסיר אבנית 1 ליטר אנטי קאלק ""סנו""",מיוצר עי קונדיטוריית,IL,תרסיס אנטי קאלק מסיר,קילוגרמים,1.00,ליטר,false,,16.70,16.7000,true,1,261747
7290000294780,false,אקונומיקה סמיכה בריח לימון סנו ז'אוול 4 ליטר,"סנו מפעלי ברונוס בע""מ",IL,אקונומיקה סנו גאוול,קילוגרמים,4.00,ליטר,false,,15.90,3.9750,true,1,261764
7290000295503,false,זוג שקיות מזון טבע 19*25 סנו סושי 150 יחידות,"אשפלסט תעשיות בע""מ",CN,שקיות אוכל סנו סושי,Unknown,0.00,יחידה,false,,13.70,0.0000,true,1,261771
7290000295558,false,"רדיד אלומיניום רוחב 30 ס""מ סנו סושי 2 יח' 7.5 מטר",מולינו ניקולי s.p.a,TR,נייר אלומיניום סנו ס,מטרים,15.00,מטר,false,,9.90,0.6600,true,1,261773
7290000295565,false,"רדיד אלומיניום רוחב 45 ס""מ סנו 2 יח' 7.5 מטר",בורסה פאזרי,TR,נייר אלומניום סנו סו,מטרים,15.00,מטר,false,,14.90,0.9933,true,1,261774
7290000295824,false,"רדיד אלומיניום 30 ס""מ רוחב סנו סושי 100 מטר",מולינו ניקולי s.p.a,TR,נייר אלומיניום סנו ס,Unknown,0.00,יחידה,false,,47.90,0.0000,true,1,280532
7290000311067,false,מן-וופלים קוביות מינימן לא מצופה 200גר,רוקחמן,IL,מיני ופלים בטעם שוקו,גרמים,200.00,100 גרם,false,,6.70,3.3500,true,1,280597
7290000311098,false,ופל מן לימון 3*200 ג,רוקחמן,IL,ופל מן לימון 3*200 ג,גרמים,600.00,100 גרם,false,,12.90,2.1500,true,1,326454
7290000311128,false,מן עוגיות בטעם חמאה 300 גרם*נ.ל.פ,תות ממתקי איכות,IL,עוגיות בטעם חמאה מן,גרמים,300.00,100 גרם,false,,6.70,2.2333,true,1,261835
7290000311135,false,מן עוגיות סטיקס בטעם שוקולד 300 גרם*,"רוקחמן בע""מ",IL,עוגיות סטיקס שוקו מן,גרמים,300.00,100 גרם,false,,6.70,2.2333,true,1,261836
7290000311180,false,ופל ופליתעשיריות מן 250 גרם מארז 10 יחידות,"רוקחמן בע""מ",IL,ופלית מן 10 יח,גרמים,250.00,100 גרם,false,,5.90,2.3600,true,1,261837
7290000311203,false,"וופלים בטעם שוקולד ""מן"" 200 גרם",תות ממתקי איכות,IL,ופל מן בטעם שוקולד 2,גרמים,200.00,100 גרם,false,,3.90,1.9500,true,1,278422
7290000311258,false,מן וופל מצופה שוקולד 250 גרם,"רוקחמן בע""מ",IL,ופלים מצופים בטעם שו,גרמים,250.00,100 גרם,false,,6.70,2.6800,true,1,317445
7290000311326,false,ופל קפה מן 3*200 גרם,רוקחמן,IL,ופל קפה מן 3*200 גרם,גרמים,600.00,100 גרם,false,,12.90,2.1500,true,1,326455
7290000311357,false,מן וופלים בטעם אגוזים 10*28 גר-נ.ל.פ,"רוקחמן בע""מ",IL,ופל אגוזית מן 10 יח,גרמים,280.00,100 גרם,false,,9.90,3.5357,true,1,261838
7290000311425,false,ופל מצופה עשיריות מן 220 גרם מארז 10 יחידות,תות ממתקי איכות,IL,ופל מצופה מן 10 יח,גרמים,220.00,100 גרם,false,,6.90,3.1364,true,1,261839
7290000311487,false,מאגדת ופל מקמח מלא בטעם שוקולד ללא תוספת סוכר,"רוקחמן בע""מ",IL,ופל בטעם שוקולד קמח,גרמים,140.00,100 גרם,false,,6.90,4.9286,true,1,339392
7290000311500,false,מן וופלים בטעם שוקולד 500 ג-נ.ל.פ,"רוקחמן בע""מ",IL,ופל שוקולד מן 500 גר,גרמים,500.00,100 גרם,false,,8.90,1.7800,true,1,261840
7290000311517,false,מן וופלים בטעם לימון 500 גרם,מן עוגיות,IL,ופל לימון מן 500 גרם,גרמים,500.00,100 גרם,false,,8.90,1.7800,true,1,261841
7290000311708,false,מן עוגיות מחיטה מלאה 300 גרם*נ.ל.פ,תות ממתקי איכות,IL,עוגיות חיטה מלאה מן,גרמים,300.00,100 גרם,false,,6.70,2.2333,true,1,261842
7290000311715,false,מן עוגיות כוכבים בטעם שוקולד 300 גרם*נ.ל.פ,תות ממתקי איכות,IL,עוגיות כוכבים שוקולד,גרמים,300.00,100 גרם,false,,6.70,2.2333,true,1,261843
7290000311722,false,מן עוגיות כוכבים וניל 300 גרם,תות ממתקי איכות,IL,עוגיות כוכבים וניל מ,גרמים,300.00,100 גרם,false,,6.70,2.2333,true,1,261844
7290000311746,false,עוגיות מן בטעם קרמל 300 גר',"רוקחמן בע""מ",IL,עוגיות בטעם קרמל מן,גרמים,300.00,100 גרם,false,,6.70,2.2333,true,1,304270
7290000311753,false,עוגיות חיטה מלאה בטעם חלווה מן 250 גר',"רוקחמן בע""מ",IL,עוגיות חיטה מלאה בטע,גרמים,250.00,100 גרם,false,,6.70,2.6800,true,1,323664
7290000311845,false,מן עוגיות חיטה מלאה ללא תוספת סוכר 200 ג,"רוקחמן בע""מ",IL,עוגיות חיטה ללא סוכר,גרמים,200.00,100 גרם,false,,8.70,4.3500,true,1,304271
7290000311869,false,מן-וופלים בטעם שוק ללא תוספת סוכר 180ג,תות ממתקי איכות,IL,ופל ללא סוכר בטעם שו,גרמים,180.00,100 גרם,false,,5.90,3.2778,true,1,304273
7290000311883,false,מן עוגיות גרנולה ללא תוספת סוכר 200 גר,תות ממתקי איכות,IL,עוגיות גרנולה ללא סו,גרמים,200.00,100 גרם,false,,8.70,4.3500,true,1,294673
7290000311890,false,ופלים בטעם לימון ללא תוספת סוכר 180 גרם,"רוקחמן בע""מ",IL,ופל ללא סוכר בטעם לי,גרמים,180.00,100 גרם,false,,5.90,3.2778,true,1,328550
7290000311975,false,ופל מן 5 יח' X 200 גרם,רוקחמן,IL,ופל מן 5*200 גרם,פריט,1.00,"ק""ג",false,,19.70,19.7000,true,1,261849
7290000312767,false,מלך הבייגלה שטוח מלוח,מאיר בייגל,IL,בייגלה שטוחים מלוח מ,גרמים,200.00,100 גרם,false,,4.90,2.4500,true,1,273362
7290000312842,false,בייגלה שמיניות מלך ה,מאיר בייגל,IL,בייגלה שמיניות מלך ה,גרמים,300.00,100 גרם,false,,5.90,1.9667,true,1,331120
7290000312859,false,גריסיני קלאסי מלך הג,מאיר בייגל,IL,גריסיני קלאסי מלך הג,גרמים,180.00,100 גרם,false,,5.90,3.2778,true,1,331122
7290000312866,false,גריסיני שומשום מלך ה,מאיר בייגל,IL,גריסיני שומשום מלך ה,גרמים,160.00,100 גרם,false,,5.90,3.6875,true,1,331121
7290000312873,false,מלך הבייגלה שטוח שומשום 180 גרם,מאיר בייגל,IL,בייגלה שטוח שומשום מ,גרמים,180.00,100 גרם,false,,4.90,2.7222,true,1,338182
7290000312880,false,מלך הבייגלה שטוח כפרי 180 גרם,מאיר בייגל,IL,בייגלה שטוח כפרי מלך,גרמים,180.00,100 גרם,false,,4.90,2.7222,true,1,338183
7290000327020,false,"שישיית פפסי פחית צרה *330 מ""ל","מודרן גרופ משקאות בע""\מ",IL,"מארז פפסי 6*330 מ""ל",קילוגרמים,1.98,ליטר,false,,18.90,9.5455,true,1,336469
7290000327037,false,"שישיית מירינדה פחית צרה *330 מ""ל","מודרן גרופ משקאות בע""\מ",IL,מארז מירינדה 6*330 מ,קילוגרמים,1.98,ליטר,false,,18.90,9.5455,true,1,336468
7290000327044,false,"שישיית סבן אפ פחית צרה *330 מ""ל","מודרן גרופ משקאות בע""\מ",IL,"מארז סבן אפ 6*330 מ""",קילוגרמים,1.98,ליטר,false,,18.90,9.5455,true,1,336467
7290000345048,false,תה ויסוצקי 74 - 125 גרם,תה ויסוצקי,IL,תה 74 ויסוצקי 125 גר,גרמים,125.00,100 גרם,false,,9.90,7.9200,true,1,261944
7290000345055,false,תה עלים ארל גריי ויסוצקי 100 גרם,מולינו ניקולי s.p.a,IL,תה ארל גריי תה עלים,גרמים,100.00,100 גרם,false,,9.90,9.9000,true,1,261945
7290000345215,false,תה כחול קלאסיק ויסוצקי 100 יחידות,מולינו ניקולי s.p.a,IL,תה ויסוצקי טעם מעודן,גרמים,100.00,100 גרם,false,,14.90,14.9000,true,1,261947
7290000345307,false,תה ארל גריי ויסוצקי 50 יחידות,מולינו ניקולי s.p.a,IL,תה ארל גריי ויסוצקי,גרמים,75.00,100 גרם,false,,21.90,29.2000,true,1,261950
7290000345536,false,תה נענע ויסוצקי 25 יחידות,מולינו ניקולי s.p.a,IL,תה נענע 1.5 גרם 25 ש,גרמים,38.00,100 גרם,false,,12.90,33.9474,true,1,280749
7290000346205,false,חליטת קמומיל הגן הקסום ויסוצקי 25 יחידות,תה ויסוצקי,IL,תה קמומיל הגן קסום 1,גרמים,38.00,100 גרם,false,,12.90,33.9474,true,1,276811
7290000347738,false,תה ירוק נענע ויסוצקי 25 יחידות,תה ויסוצקי,IL,תה ירוק נענע 25 שקיק,גרמים,38.00,100 גרם,false,,19.90,52.3684,true,1,261961
7290000347752,false,תה ירוק לימונית ולואיזה 25 שקיקים *1.5 ג'' ויסוצקי,תה ויסוצקי,IL,תה ירוק לימון ולואיז,גרמים,38.00,100 גרם,false,,19.90,52.3684,true,1,261962
7290000379142,false,לחם עינן מחיטה מלאה פרוס 750 גרם(מרובע),מאפיית שלמה א. אנג'\ל בע,IL,לחם עינן חיטה מלאה א,גרמים,750.00,100 גרם,false,,14.90,1.9867,true,1,317765
7290000379203,false,לחם עינן קל פרוס מחיטה מלאה אנג'ל 500 גרם,מאפיית שלמה א. אנג'\ל בע,IL,לחם עינן קל אנגל 500,גרמים,500.00,100 גרם,false,,14.90,2.9800,true,1,317763
7290000396224,false,תפוחי אדמה גורמה שקיל,אראל תוצרת חקלאית בע,IL,תפוח אדמה גורמה,Unknown,0.00,יחידה,false,,15.90,0.0000,true,1,311761
7290000408354,false,יוגורט עם אורז מצופה שוקולד קקאו 175 ג' דנונה,"שטראוס בריאות בע""\מ",IL,דנונה בר פצפוצים,מיליליטרים,175.00,"100 מ""ל",false,,3.90,2.2286,true,1,262111
7290000412481,false,נוזל לניקוי אסלות 00 סנו 1 ליטר,מיוצר עי קונדיטוריית,IL,מנקה אסלות 00 1 ליטר,קילוגרמים,1.00,ליטר,false,,7.50,7.5000,true,1,262135
7290000416632,false,"ממרח שוקולד פרווה השחר 1 ק""ג כשל""פ",השחר העולה תעשית ממת,IL,ממרח בטעם שוקולד השח,פריט,1.00,"ק""ג",false,,22.90,22.9000,true,1,264885
7290000416861,false,"ממרח שוקולד חלבי השחר בד""צ 750 גרם",השחר העולה תעשית ממת,IL,ממרח בטעם שוקולד השח,גרמים,750.00,100 גרם,false,,19.90,2.6533,true,1,326652
7290000418131,false,תחבושות טופ פד מקופלת 18 יח',מוצרי נייר עמיר,IL,תחבושות טופ פד 18 יח,Unknown,0.00,יחידה,false,,5.60,0.0000,true,1,262205
7290000418155,false,תחבושות טופ-פד סופר-פלוס 16 יחידות,מוצרי נייר עמיר,IL,תחבושות טופ פד סופר,Unknown,0.00,יחידה,false,,5.60,0.0000,true,1,262206
7290000419220,false,מארז קפה לנדוור לבוקר 3 יח 100 גרם,קפה לנדוור,IL,מארז קפה טורקי לנדוו,גרמים,300.00,100 גרם,false,,19.90,6.6333,true,1,267555
7290000419374,false,שלישיית קפה טחון טורקי לנדוור 100 גרם,קפה לנדוור,IL,מארז קפה טורקי לנדוו,גרמים,300.00,100 גרם,false,,14.90,4.9667,true,1,267556
7290000426914,false,בודק תות שדה קפוא 454 גרם,"מטר ארצכם בע""מ",US,תות שדה בודק 454 גרם,גרמים,454.00,100 גרם,false,,16.90,3.7225,true,1,333254
7290000426921,false,ברוקולי פרחים בודק קפוא 907 גר,"מטר ארצכם בע""מ",IL,ברוקולי פרחים בודק 9,גרמים,709.00,100 גרם,false,,32.90,4.6403,true,1,333255
7290000432359,false,נר נשמה בכוס שבועי פ,פאלאס,CN,נר נשמה בכוס שבועי פ,Unknown,0.00,יחידה,false,,9.90,0.0000,true,1,303168
7290000436326,false,עוגיות שוקולד ציפס ב,ברמן שוקולד ועוגיות,IL,עוגיות שוקולד ציפס ב,פריט,1.00,"ק""ג",false,,19.90,19.9000,true,1,315615
7290000436340,false,עוגיות במילוי שוקולד,ברמן שוקולד ועוגיות,IL,עוגיות במילוי שוקולד,גרמים,900.00,100 גרם,false,,19.90,2.2111,true,1,315617
7290000436364,false,עוגיות כתר במילוי תו,ברמן שוקולד ועוגיות,IL,עוגיות כתר במילוי תו,גרמים,900.00,100 גרם,false,,19.90,2.2111,true,1,317254
7290000436371,false,עוגיות סהר בציפוי שו,ברמן שוקולד ועוגיות,IL,עוגיות סהר בציפוי שו,פריט,1.00,"ק""ג",false,,19.90,19.9000,true,1,317252
7290000442310,false,טפטפים בייביסקין משחה לטוסיק מבושם 100,"רצט שקיים בע""מ",IL,משחת החתלה לתינוק 10,גרמים,100.00,100 גרם,false,,10.90,10.9000,true,1,320422
7290000446325,false,תרכיז תפוחים בטר אנד דיפרנט 1.2 ליטר,בטר אנד דיפרנט,IL,תרכיז ב.ד תפוחים טבע,קילוגרמים,1.20,ליטר,false,,41.90,34.9167,true,1,264182
7290000446394,false,דייסת שיבולת שועל בטר אנד דיפרנט 200 גרם,בטר אנד דיפרנט B&D,IL,דייסת שיבולת שועל ב.,גרמים,200.00,100 גרם,false,,9.90,4.9500,true,1,262268
7290000446523,false,ממרח בוטנים מתוק בטר אנד דיפרנט 350 גרם,בטר אנד דיפרנט,IL,חמאת בוטנים מתוקה ב.,גרמים,350.00,100 גרם,false,,13.90,3.9714,true,1,262270
7290000446530,false,"ממרח בוטנים מתוק בטר אנד דיפרנט 1 ק""ג",בטר אנד דיפרנט,IL,חמאת בוטנים מתוקה ב.,פריט,1.00,"ק""ג",false,,26.90,26.9000,true,1,262271
7290000446547,false,חמאת בוטנים טבעית בטר אנד דיפרנט 350 גרם,"בטר אנד דיפרנט בע""מ",IL,חמאת בוטנים טבעית ב.,גרמים,350.00,100 גרם,false,,13.90,3.9714,true,1,262272
7290000446554,false,"חמאת בוטנים טבעית בטר אנד דיפרנט 1 ק""ג",בטר אנד דיפרנט B&D,IL,חמאת בוטנים טבעית ב.,פריט,1.00,"ק""ג",false,,26.90,26.9000,true,1,262273
7290000446721,false,מארז פריכיות אורז ב.,בטר אנד דיפרנט,IL,מארז פריכיות אורז ב.,גרמים,420.00,100 גרם,false,,14.90,3.5476,true,1,262276
7290000446745,false,חמאת שקדים 100% טבעי 350ג' בי&די,בטר אנד דיפרנט,IL,חמאת שקדים ב.ד 350 ג,גרמים,350.00,100 גרם,false,,38.90,11.1143,true,1,269850
7290000446936,false,ציפוי עדיף מפתיתי קורנפלקס טחון דק בטר אנד דיפרנט 300 גרם,בטר אנד דיפרנט,IL,פירורי קורנפלקס לציפ,גרמים,250.00,100 גרם,false,,9.90,3.9600,true,1,269874
7290000453019,false,שמרים טריים לאפייה שקית שמרית 50 ג',"פאקא תעשיות בע""\מ",IL,שמרים טריים שמרית 50,גרמים,50.00,100 גרם,false,,3.90,7.8000,true,1,262294
7290000453125,false,שמרים ומשפר אפיה ביתי שמרית 100ג',"פאקא תעשיות בע""\מ",IL,שמרים טריים+משפר אפי,גרמים,100.00,100 גרם,false,,5.90,5.9000,true,1,262295
7290000453385,false,שמרים יבשים פארא אינסטנט 500 גרם עלית,פאקא תעשיות בעמ,GB,שמרים יבשים פאקא 500,גרמים,500.00,100 גרם,false,,11.90,2.3800,true,1,267709
7290000453408,false,בצק פיצה דק מצונן ומוכן לאפייה שמרית 415 גרם,"פאקא תעשיות בע""מ",FR,בצק פיצה מוכן לאפיה,גרמים,415.00,100 גרם,false,,15.80,3.8072,true,1,328518
7290000453415,false,בצק עלים מצונן ומוכן לאפייה שמרית 300 גרם,"פאקא תעשיות בע""מ",FR,בצק עלים מוכן לאפיה,גרמים,300.00,100 גרם,false,,14.80,4.9333,true,1,328519
7290000453422,false,בצק פילו מצונן ומוכן לאפייה שמרית 300 גרם,"פאקא תעשיות בע""מ",GR,בצק פילו מוכן לאפיה,גרמים,300.00,100 גרם,false,,14.80,4.9333,true,1,328520
7290000453866,false,נטורינה תחליף מרגרינה לבישול ואפיה קוקוס שמרית 200 גרם,גרונבאנג- גרונדנסק א,DK,נטורינה תחליף מרגרינ,גרמים,200.00,100 גרם,false,,6.50,3.2500,true,1,323487
7290000453880,false,מרגרינה ללא מלח לאפיה ובישול שמרית 200גר,"פאקא תעשיות בע""מ",IL,מרגרינה ללא מלח שמרי,גרמים,200.00,100 גרם,false,,3.90,1.9500,true,1,306044
7290000462103,false,סחוג תימני אדום חריף עדין זהבי הכרם 150 גרם,קריניסה ויטמין אס אי,IL,סחוג תימני זהבי 150,גרמים,150.00,100 גרם,false,,6.50,4.3333,true,1,264262
7290000462141,false,סחוג אדום תימני מקורי חריף מאוד זהבי 150 גרם,קריניסה ויטמין אס אי,IL,סחוג תימני חריף זהבי,גרמים,150.00,100 גרם,false,,6.50,4.3333,true,1,264263
7290000462172,false,סחוג תימני ירוק חריף זהבי הכרם 150 גרם,קריניסה ויטמין אס אי,IL,סחוג ירוק זהבי 150 ג,גרמים,140.00,100 גרם,false,,6.50,4.6429,true,1,264264
7290000467153,false,מלך החומוס סמיר הגדול 400 גרם צבר,סלטי צבר,IL,חומוס עם המון טחינה,גרמים,400.00,100 גרם,false,,13.90,3.4750,true,1,274140
7290000467320,false,מלך החומוס אבו מרוואן 400 גרם,סלטי צבר,IL,חומוס אבו מרוואן צבר,גרמים,400.00,100 גרם,false,,13.90,3.4750,true,1,274141
7290000469638,false,"ספריי לגיהוץ קל מריטו 500 מ""ל",בולטון מניטובה,IT,ספריי לגיהוץ מריטו 5,מיליליטרים,500.00,"100 מ""ל",false,,16.90,3.3800,true,1,267829
7290000474540,false,טוב טעם גבינה לבנה 3% טרה 250 גרם,קריות זול,IL,גבינה 3% טוב טעם 250,גרמים,250.00,100 גרם,false,,8.90,3.5600,true,1,262364
7290000474830,false,נעם גבינה צהובה מגורדת 28% טרה 500 גרם,מילקו תעשיות בעמ,IL,גבינה מגורדת 28% טרה,גרמים,500.00,100 גרם,false,,23.90,4.7800,true,1,262365
7290000480107,false,קוואקר שיבולת שועל פחית 500 גרם,וולקרס סנקס לימיטד,GB,שיבולת שועל קוואקר 5,גרמים,500.00,100 גרם,false,,9.90,1.9800,true,1,267587
7290000484747,false,"ארק איילות 40% 700 מ""ל",יקב הגליל יוסף גולד ובניו,IL,"עלית הארק 40% 700 מ""",מיליליטרים,700.00,"100 מ""ל",false,,49.90,7.1286,true,1,306558
7290000490601,false,גלידל וניל פלדמן מארז שמינייה,הגלידות של פלדמן,IL,מאגדת גלידל שלגון ב,גרמים,400.00,100 גרם,false,,28.90,7.2250,true,1,339276
7290000490762,false,גלידל שוקו פלדמן מארז שמינייה,הגלידות של פלדמן,IL,מאגדת גלידל שלגון בט,גרמים,400.00,100 גרם,false,,28.90,7.2250,true,1,339279
7290000493176,false,אסם אבקת רוטב צלי לבשר 22 ג',"אסם השקעות בע""\מ",IL,אבקה להכנת רוטב צלי,גרמים,22.00,100 גרם,false,,2.90,13.1818,true,1,262395
7290000493183,false,אבקת רוטב פטריות לבשר-30 גרם,"אסם השקעות בע""\מ",IL,אבקת רוטב פטריות אסם,גרמים,30.00,100 גרם,false,,3.50,11.6667,true,1,262396
7290000497044,false,"לחם אקטיב 750 גרם ""ברמן""",מאפית י את א ברמן בע,IL,לחם אקטיב ברמן 750 ג,גרמים,750.00,100 גרם,false,,15.90,2.1200,true,1,275660
7290000497198,false,מארז פיתות עשירייה אסלי,מאפית י את א ברמן בע,IL,פיתות ברמן 10 יח,פריט,1.00,"ק""ג",false,,10.90,10.9000,true,1,264563
7290000497228,false,לחמניה רגילה בשקית ברמן 6יח',מאפית י את א ברמן בע,IL,לחמניות אצבע ברמן 6,גרמים,450.00,100 גרם,false,,9.90,2.2000,true,1,262403
7290000497273,false,לחמניות ברמן אקטיב 6יח 450גר,מאפית י את א ברמן בע,IL,לחמניות קמח מלא אקטי,גרמים,450.00,100 גרם,false,,13.90,3.0889,true,1,307572
7290000497358,false,חלה מתוקה ארוזה חלומית 500 גר',מאפית י את א ברמן בע,IL,חלה מתוקה חלומית ברמ,גרמים,500.00,100 גרם,false,,11.90,2.3800,true,1,264572
7290000497426,false,לחם ברמן לענין פלוס 500 גרם,מאפית י את א ברמן בע,IL,לחם לעניין פלוס ברמן,גרמים,500.00,100 גרם,false,,12.90,2.5800,true,1,264566
7290000497532,false,"לחם מקמח מלא""לעניין"" 750 גר'",מאפית י את א ברמן בע,IL,לחם קמח מלא לעניין ב,גרמים,750.00,100 גרם,false,,12.90,1.7200,true,1,262406
7290000497570,false,לחם דגנים פלוס ברמן 500 גרם,מאפית י את א ברמן בע,IL,לחם דגנים פלוס ברמן,גרמים,500.00,100 גרם,false,,12.90,2.5800,true,1,264567
7290000498034,false,E-FREEלחם מקמח כוסמין מלא 750 גר',מאפית י את א ברמן בע,IL,לחם קמח מלא כוסמין E,גרמים,750.00,100 גרם,false,,14.90,1.9867,true,1,322822
7290000498058,false,חלה כוסמין חלומית כוסמין חלה מתוקה 500 ג,מאפית י את א ברמן בע,IL,חלה כוסמין חלומית בר,גרמים,500.00,100 גרם,false,,11.90,2.3800,true,1,337020
7290000498300,false,חלה מתוקה ברמן 500 ג,מאפית י את א ברמן בע,IL,חלה מתוקה ברמן 500 ג,גרמים,500.00,100 גרם,false,,10.90,2.1800,true,1,330748
7290000504209,false,"סוכרזית דיאט טיפ נוזלי 220 מ""ל",אף.סי תבליני בגליל ב,IL,ממתיק נוזלי קלאסי סו,מיליליטרים,220.00,"100 מ""ל",false,,14.80,6.7273,true,1,262427
7290000504278,false,ממתיק סוכרזית אריזת פטנט 700 טבליות,אף.סי תבליני בגליל ב,IL,ממתיק קלאסי סוכרזית,Unknown,0.00,יחידה,false,,13.90,0.0000,true,1,262428
7290000521008,false,יין אדום יבש של סגל750מל,"כרמי צבי - אחים סגל בע""\",IL,יין סגל אדום יבש,מיליליטרים,750.00,"100 מ""ל",false,,21.50,2.8667,true,1,262449
7290000523224,false,מלח הארץ הים האדום 500 ג' עדין,"חברת מלח הארץ אילת בע""\מ",IL,מלח עדין הים האדום 5,גרמים,500.00,100 גרם,false,,4.90,0.9800,true,1,262453
7290000523804,false,"מלח עדין צנצנת 1 ק""ג מלח הארץ","חברת מלח הארץ אילת בע""\מ",IL,"מלח עדין 1 ק""ג בצנצנ",פריט,1.00,"ק""ג",false,,4.90,4.9000,true,1,271588
7290000523811,false,"צנצנת מלח גס 1 ק""ג מלח הארץ","חברת מלח הארץ אילת בע""\מ",IL,"מלח גס 1 ק""ג בצנצנת",פריט,1.00,"ק""ג",false,,4.90,4.9000,true,1,271589
7290000531977,false,בורקס גבינה זוגלובק 800 גרם,נקניק נהריה כשר זוגל,IL,בורקס גבינה זוגלובק,גרמים,800.00,100 גרם,false,,13.90,1.7375,true,1,266028
7290000533353,false,"בצק עלים צרפתי 1 ק""ג זוגלובק",מאפיית אריאל וגידרון,IL,בצק עלים זוגלובק 1 ק,פריט,1.00,"ק""ג",false,,11.90,11.9000,true,1,262464
7290000536316,false,"שניצל מן הצומח זוגלובק 1 ק""ג",נקניק נהריה כשר זוגל,IL,שניצל מן הצומח זוגלו,פריט,1.00,"ק""ג",false,,23.90,23.9000,true,1,262465
7290000536743,false,שניצלונים קריספי ט. תירס 500 גר' זוגלובק,נקניק נהריה כשר זוגל,IL,קריספי סטיקס טבעי זו,גרמים,500.00,100 גרם,false,,11.90,2.3800,true,1,275848
7290000536774,false,"נקניקיות מן הצומח זוגלובק 1ק""ג בד""צ",זוגלובק טבע,IL,נקניקיות מן הצומח זו,פריט,1.00,"ק""ג",false,,23.90,23.9000,true,1,262467
7290000536781,false,"קבב צמחי 1 ק""ג זוגלובק",זוגלובק,IL,קבב מן הצומח זוגלובק,פריט,1.00,"ק""ג",false,,19.90,19.9000,true,1,262468
7290000554471,false,נקניק מוצרלה 22 אחוז 180גרם גד מהדרין,"מחלבות גד בע""\מ",IL,גבינת מוצרלה 22% גד,גרמים,180.00,100 גרם,false,,16.90,9.3889,true,1,262591
7290000554600,false,מוצרלה מגורדת 22 אחוז 300גרם גד מהדרין,מחלבות גד בעמ,IL,גבינת מוצרלה מגורדת,גרמים,300.00,100 גרם,false,,20.90,6.9667,true,1,262592
7290000554624,false,מעדן חלב ירח מתוק עם אורז 3% גד 150 גרם,"מיוצר ע""\י קוד יצרן EDNK",IL,מעדן ירח מתוק 3% גד,מיליליטרים,150.00,"100 מ""ל",false,,5.50,3.6667,true,1,262593
7290000554822,false,ריקוטה גבינה לבנה בסגנון איטלקי 5% גד 250 גרם,מחלבות גד בעמ,IL,גבינת ריקוטה 5% גד 2,גרמים,250.00,100 גרם,false,,13.90,5.5600,true,1,294792
7290000554839,false,מסקרפונה שמנת מתוקה קשה בסגנון איטלקי 40% גד 250 גרם,מחלבות גד בעמ,IL,גבינת מסקרפונה 40% ג,גרמים,250.00,100 גרם,false,,21.90,8.7600,true,1,262594
7290000571812,false,גבינת פרמז'ן מגורד 200 גרם,גבינות משק אחים מאיר,IL,גבינה פרמזן מגורדת ה,גרמים,200.00,100 גרם,false,,16.90,8.4500,true,1,273887
7290000572055,false,אחוה חלוה ללא סוכר עם סיבים ואגוזים 400 גרם,אחדות ביחר לטחינה חל,IL,חלוה אגוזים ללא סוכר,גרמים,400.00,100 גרם,false,,14.90,3.7250,true,1,262646
7290000572086,false,טחינה אורגנית אחדות 500 גרם,אחדות ביחר לטחינה חל,IL,טחינה אורגנית אחוה 5,גרמים,500.00,100 גרם,false,,10.90,2.1800,true,1,262647
7290000572215,false,חלבה וניל מצופה אחווה 80ג',אחדות ביחר לטחינה חל,IL,חטיף חלוה מצופה אחוה,גרמים,80.00,100 גרם,false,,2.90,3.6250,true,1,266472
7290000572222,false,חלווה בלוק וניל אחוה 500 גרם,שוורצקוף& הנקל דיסלד,IL,חלוה בטעם וניל אחוה,גרמים,500.00,100 גרם,false,,8.90,1.7800,true,1,262648
7290000572529,false,חלוה עם פיסטוק אחווה 400 גרם,אחדות ביחר לטחינה חל,IL,חלוה פיסטוק אחוה 400,גרמים,400.00,100 גרם,false,,8.80,2.2000,true,1,262649
7290000572536,false,אחווה חלווה ווניל במגש 400 גר,אחדות ביחר לטחינה חל,IL,חלוה וניל אחוה 400 ג,גרמים,400.00,100 גרם,false,,9.80,2.4500,true,1,262650
7290000572543,false,חלוה בטעם שוקו וניל אחווה 400 גרם,אחדות ביחר לטחינה חל,IL,חלוה שוקו וניל אחוה,גרמים,400.00,100 גרם,false,,9.80,2.4500,true,1,262651
7290000572628,false,חטיפי חלווה ללא סוכר בקופסא 250 גרם,שוורצקוף& הנקל דיסלד,IL,חטיפי חלוה ללא תוספת,גרמים,275.00,100 גרם,false,,8.90,3.2364,true,1,262653
7290000572673,false,מארז חלווה אחוה 12 יחידות 300 גרם,שוורצקוף& הנקל דיסלד,IL,חטיפי חלוה בטעמים אח,גרמים,300.00,100 גרם,false,,7.90,2.6333,true,1,263778
7290000572819,false,"טחינה גולמית אחווה 1 ק""ג",אחדות ביחר לטחינה חל,IL,"טחינה אחוה 1 ק""ג",פריט,1.00,"ק""ג",false,,17.80,17.8000,true,1,262656
7290000598116,false,"מצות יהודה 1.5 ק""ג חמץ",מצות יהודה,IL,מצות חמץ יהודה 1.5 ק,פריט,1.50,"ק""ג",false,,24.90,16.6000,true,1,262672
7290000598130,false,מצות יהודה 400 ג' חמץ כחול,מצות יהודה,IL,מצות חמץ יהודה 400 ג,גרמים,400.00,100 גרם,false,,15.90,3.9750,true,1,264706
7290000598147,false,קמח מצה חמץ יהודה 50,מצות יהודה,IL,קמח מצה חמץ יהודה 50,גרמים,500.00,100 גרם,false,,6.50,1.3000,true,1,265801
7290000598680,false,"פתי בר 1.8 ק""ג מצות יהודה",מצות יהודה,IL,"פתיבר יהודה 1.8 ק""ג",פריט,1.80,"ק""ג",false,,23.90,13.2778,true,1,262678
7290000598895,false,עוגיות שוקוציפס 600,מצות יהודה,IL,עוגיות שוקוציפס 600,גרמים,600.00,100 גרם,false,,15.90,2.6500,true,1,262680
7290000598918,false,עוגיות בטעם חמאה יהו,מצות יהודה,IL,עוגיות בטעם חמאה יהו,פריט,1.50,"ק""ג",false,,24.90,16.6000,true,1,262681
7290000598949,false,מצות יהודה קמח מלא 300 ג' חמץ,מצות יהודה,IL,מצות חמץ חיטה מלאה י,גרמים,300.00,100 גרם,false,,16.50,5.5000,true,1,262682
7290000630076,false,עוף קפוא מס' 2 עטרה מחיר,עטרה,IL,עוף מס 2 קפוא עטרה,קילוגרמים,1.00,"ק""ג",true,,21.90,21.9000,true,1,262732
7290000631035,false,כבד עוף קפוא עטרה מחיר ל,שונות,IL,כבד עוף קפוא עטרה,קילוגרמים,1.00,"ק""ג",true,,29.90,29.9000,true,1,262741
7290000631226,false,כבד עוף טרי עטרה מחיר לפ,שונות,IL,כבד עוף טרי עטרה,קילוגרמים,1.00,"ק""ג",true,,32.90,32.9000,true,1,262743
7290000631271,false,לבבות עוף קפוא עטרה מחיר,שונות,IL,לבבות עוף קפוא עטרה,קילוגרמים,1.00,"ק""ג",true,,29.90,29.9000,true,1,262744
7290000632209,false,חזה עוף קפוא עטרה מחיר ל,שונות,IL,חזה עוף קפוא עטרה,קילוגרמים,1.00,"ק""ג",true,,31.90,31.9000,true,1,262748
7290000632391,false,כרעיים עוף קפוא עטרה מחי,שונות,IL,כרעיים עוף קפוא עטרה,קילוגרמים,1.00,"ק""ג",true,,31.90,31.9000,true,1,262749
7290000632599,false,ירכיים פטם קפוא עטרה מחי,שונות,IL,ירכיים עוף קפוא עטרה,קילוגרמים,1.00,"ק""ג",true,,29.90,29.9000,true,1,262750
7290000632698,false,שוקיים עוף קפוא עטרה מחי,שונות,IL,שוקיים עוף קפוא עטרה,קילוגרמים,1.00,"ק""ג",true,,34.90,34.9000,true,1,262751
7290000633800,false,כנפיים עוף קפוא עטרה מחי,שונות,IL,כנפיים עוף קפוא עטרה,קילוגרמים,1.00,"ק""ג",true,,9.90,9.9000,true,1,262754
7290000644516,false,גרונות הודו קפוא עטר,הוד חפר,IL,גרונות הודו קפוא עטר,קילוגרמים,1.00,"ק""ג",true,,29.90,29.9000,true,1,262762
7290000688381,false,שישיית מי עדן פקק ספורט 0.5 ליטר,"מופק ממקור בזלתי עדן ,1",IL,"מים מי עדן 6*500 מ""ל",קילוגרמים,3.00,ליטר,false,,11.90,3.9667,true,1,262905
7290000692135,false,ספיד סטיק דאו בסיסי ירוק א.פ פרש פאוור,קולגייט-פלמוליב,TR,דאו ספיד סטיק פאואר,מיליליטרים,51.00,"100 מ""ל",false,,10.90,21.3725,true,1,270986
7290000692210,false,נוזל לניקוי כללי ורצפות בניחוח לבנדר אג'קס 2 ליטר,הנסיך- מפעל לייצור ט,GR,נוזל אג'קס לבנדר 2 ל,קילוגרמים,2.00,ליטר,false,,17.90,8.9500,true,1,267824
7290000694108,false,חטיף פיקנטי דבאייל ח,חטיפי יעקובי,IL,מקלוני חומוס דאבייל,גרמים,230.00,100 גרם,false,,11.90,5.1739,true,1,266683
7290000803180,false,"מרידול-שטיפת פה דנטלית 400 מ""ל",קולגייט פלמוליב,CH,"מי פה מרידול 400 מ""ל",מיליליטרים,400.00,"100 מ""ל",false,,22.90,5.7250,true,1,263423
7290000901022,false,פקדון בקבוק/ פחית,,,פקדון בקבוק/ פחית,Unknown,0.00,יחידה,false,,0.30,0.0000,true,1,263651
7290000901046,false,מיחזור אריזה זכוכית,,,מיחזור אריזה,Unknown,0.00,יחידה,false,,0.30,0.0000,true,1,261512
7290000901091,false,מיחזור אריזה פלסטיק,,,מיחזור אריזה פלסטיק,Unknown,0.00,יחידה,false,,1.80,0.0000,true,1,262906
7290000901107,false,מיחזור אריזה זכוכית,,,מיחזור אריזה זכוכית,Unknown,0.00,יחידה,false,,1.80,0.0000,true,1,261162
7290000901114,false,מיחזור אריזה פחית שי,,,מיחזור אריזה פחית שי,Unknown,0.00,יחידה,false,,1.80,0.0000,true,1,263656
7290000901121,false,צלעות טרי בלי עצם עט,,,צלעות טרי בלי עצם עט,קילוגרמים,1.00,"ק""ג",true,,69.90,69.9000,true,1,264488
7290000902203,false,בשר עגל טחון טרי עטר,,,בשר עגל טחון טרי עטר,קילוגרמים,1.00,"ק""ג",true,,49.90,49.9000,true,1,265291
7290000902241,false,אנטריקוט עגל טרי עטר,,,אנטריקוט עגל טרי עטר,קילוגרמים,1.00,"ק""ג",true,,69.90,69.9000,true,1,265295
7290000902258,false,צלי כתף עגל טרי עטרה,,,צלי כתף עגל טרי עטרה,קילוגרמים,1.00,"ק""ג",true,,99.90,99.9000,true,1,265296
7290000902265,false,פילה מדומה עגל טרי ע,,,פילה מדומה עגל טרי ע,קילוגרמים,1.00,"ק""ג",true,,79.90,79.9000,true,1,265297
7290000902272,false,כתף עגל טרי עטרה,,,כתף עגל טרי עטרה,קילוגרמים,1.00,"ק""ג",true,,39.90,39.9000,true,1,265298
7290000902296,false,שריר עגל טרי עטרה,,,שריר עגל טרי עטרה,קילוגרמים,1.00,"ק""ג",true,,64.90,64.9000,true,1,265300
7290000902357,false,קופון נייר מגבת ניקו,,,אסאדו עם עצם טרי עטר,קילוגרמים,1.00,"ק""ג",true,,69.90,69.9000,true,1,265306
7290000902609,false,מיחזור אריזה בקבוק 1,,,מיחזור אריזה בקבוק 1,Unknown,0.00,יחידה,false,,3.60,0.0000,true,1,265574
7290000902616,false,מיחזור אריזה 4 יח,,,מיחזור אריזה 4 יח,Unknown,0.00,יחידה,false,,1.20,0.0000,true,1,265575
7290000904900,false,מגבת נייר קירקלנד 1,,,מגבת נייר קירקלנד 1,מטרים,24.78,מטר,false,,9.90,0.3995,true,1,271185
7290000961804,false,תבלין עמבה,ברכת קטיף,IL,דלעת,Unknown,0.00,יחידה,false,,7.90,0.0000,true,1,270690
7290000976433,false,קשיו קלוי תפזורת,"דין שיווק וקלייה בע""",VN,קשיו טבעי במשקל,קילוגרמים,1.00,"ק""ג",true,,85.00,85.0000,true,1,322947
7290000976471,false,גרעיני דלעת קלופים ת,"דין שיווק וקלייה בע""",CN,גרעין דלעת מקולפת במ,קילוגרמים,1.00,"ק""ג",true,,55.00,55.0000,true,1,264133
7290000976785,false,קשיו מסוכר במשקל,"דין שיווק וקלייה בע""",IL,קשיו מסוכר במשקל,קילוגרמים,1.00,"ק""ג",true,,85.00,85.0000,true,1,309365
7290000976846,false,פיסטוק חלבי קלוף תפז,"דין שיווק וקלייה בע""",TR,פיסטוק מקולף,קילוגרמים,1.00,"ק""ג",true,,150.00,150.0000,true,1,265494
7290000978307,false,חמוציות ללא סוכר במש,דין שיווק,US,חמוציות ללא סוכר במש,קילוגרמים,1.00,"ק""ג",true,,69.00,69.0000,true,1,264180
7290001022153,false,חמאה יורו וילי פוד ב,דותן,IL,חמאה יורו וילי פוד ב,קילוגרמים,1.00,"ק""ג",true,,49.00,49.0000,true,1,338796
7290001041017,false,חוואיג' תימני בצנצנת מיה 50 גרם,מיה תעשיות מזון מ.ת.מ. ב,IL,חוואיג תימני מיה 50,גרמים,50.00,100 גרם,false,,4.90,9.8000,true,1,260964
7290001041048,false,תבלין על האש בצנצנת מיה 50 גרם,מיה תעשיות מזון מ.ת.מ. ב,IL,תבלין על האש מיה 50,גרמים,50.00,100 גרם,false,,4.90,9.8000,true,1,260967
7290001041291,false,לקקן סוכריה על מקל 70יח',מיה תעשיות מזון מ.ת.מ. ב,IL,לקקנים בטעם פירות מי,גרמים,600.00,100 גרם,false,,16.90,2.8167,true,1,260971
7290001041482,false,זנגויל בצנצנת מיה 50 גרם,מיה תעשיות מזון מ.ת.מ. ב,IL,זנגוויל מיה 50 גרם,גרמים,50.00,100 גרם,false,,4.90,9.8000,true,1,260972
7290001041888,false,פפריקה מתוקה בצנצנת מיה 300 גרם,מיה תעשיות מזון מ.ת.מ. ב,IL,פפריקה מתוקה מיה 300,גרמים,300.00,100 גרם,false,,12.90,4.3000,true,1,260975
7290001041895,false,פלפל שחור בצנצנת מיה 300 גרם,מיה תעשיות מזון מ.ת.מ. ב,IL,פלפל שחור מיה 300 גר,גרמים,300.00,100 גרם,false,,16.90,5.6333,true,1,260976
7290001072882,false,"נובו שמפו לסירוק קל 700 מ""ל",סאסאטק,IL,שמפו לסירוק קל נובו,מיליליטרים,700.00,"100 מ""ל",false,,5.90,0.8429,true,1,339398
7290001072899,false,"נובו מרכך לסירוק קל 700 מ""ל",סאסאטק,IL,מרכך לסירוק קל נובו,מיליליטרים,700.00,"100 מ""ל",false,,5.90,0.8429,true,1,339397
7290001136287,false,"שמפו לשיער רגיל בבושם פרחים נקה 7 750 מ""ל","אמיליה קוסמטיקס בע""מ",IL,שמפו נקה 7 לשיער רגי,מיליליטרים,750.00,"100 מ""ל",false,,6.90,0.9200,true,1,261028
7290001136294,false,"שמפו לשיער יבש בבישום פרחים נקה 7 750 מ""ל","אמיליה קוסמטיקס בע""מ",IL,שמפו נקה 7 לשיער יבש,מיליליטרים,700.00,"100 מ""ל",false,,6.90,0.9857,true,1,261029
7290001136362,false,נקה 7 תחליב רחצה אלוורה ארומה ירוק 1 ל',מיוצר בסין.יבוא ושיו,IL,תחליב נקה 7 אלוורה ו,קילוגרמים,1.00,ליטר,false,,12.70,12.7000,true,1,277943
7290001136683,false,"מרכך לשיער רגיל בבושם פרחים נקה 7 750 מ""ל","אמיליה קוסמטיקס בע""מ",IL,מרכך נקה 7 לשיער רגי,מיליליטרים,750.00,"100 מ""ל",false,,6.90,0.9200,true,1,261031
7290001136799,false,נקה 7 תחליב רחצה ארומה ורוד יסמין 1 ל',מיוצר בסין.יבוא ושיו,IL,תחליב נקה 7 ורד ויסמ,קילוגרמים,1.00,ליטר,false,,12.70,12.7000,true,1,277944
7290001136973,false,נקה 7 תחליב רחצה ארומה קמומיל לבן 1 ל',טרופיקל דגיל תעשיות,IL,תחליב נקה 7 קמומיל 1,קילוגרמים,1.00,ליטר,false,,12.70,12.7000,true,1,277945
7290001201602,false,ביצים 18 יח גדול לסר,לסר,IL,ביצים 18 יח גדול לסר,Unknown,18.00,יחידה,false,,17.90,0.9944,true,1,266640
7290001209158,false,שניצל עוף פרוס עטרה קפוא,שונות,IL,שניצל עוף קפוא עטרה,קילוגרמים,1.00,"ק""ג",true,,34.90,34.9000,true,1,261047
7290001209189,false,נקניקיות חריפות עטרה 400ג' מהדרין,מעדני הטלה והעגל,IL,נקניקיות חריפות קפוא,גרמים,400.00,100 גרם,false,,9.90,2.4750,true,1,261048
7290001209271,false,חזה חצוי טרי ארוז עט,נטו,IL,חזה עוף פרימיום טרי,קילוגרמים,1.00,"ק""ג",true,,34.90,34.9000,true,1,304195
7290001209349,false,עוף טרי שלם ארוז עטר,שונות,IL,עוף שלם טרי עטרה,קילוגרמים,1.00,"ק""ג",true,,23.90,23.9000,true,1,261051
7290001209356,false,כרעיים עוף טרי ארוז עטרה,שונות,IL,כרעיים עוף טרי עטרה,קילוגרמים,1.00,"ק""ג",true,,24.90,24.9000,true,1,261052
7290001209363,false,שניצל עוף טרי ארוז עטרה,שונות,IL,שניצל עוף טרי עטרה,קילוגרמים,1.00,"ק""ג",true,,35.90,35.9000,true,1,261053
7290001209370,false,ירכיים עוף טרי ארוז עטרה,שונות,IL,ירכיים עוף טרי עטרה,קילוגרמים,1.00,"ק""ג",true,,32.90,32.9000,true,1,261054
7290001209387,false,שוקיים עוף טרי ארוז עטרה,שונות,IL,שוקיים עוף טרי עטרה,קילוגרמים,1.00,"ק""ג",true,,36.90,36.9000,true,1,261055
7290001209394,false,כנפיים עוף טרי ארוז עטרה,שונות,IL,כנפיים עוף טרי עטרה,קילוגרמים,1.00,"ק""ג",true,,15.90,15.9000,true,1,261056
7290001209653,false,פילה עוף קפוא קהילות,עטרה,IL,פילה עוף קפוא קהילות,קילוגרמים,1.00,"ק""ג",true,,39.90,39.9000,true,1,308184
7290001216057,false,"טחינה שומשום טהור אל ארז 1 ק""ג",אגס ירוק מסחר ושירותים,IL,"טחינה אל ארז 1 ק""ג",פריט,1.00,"ק""ג",false,,26.90,26.9000,true,1,297136
7290001216101,false,"טחינה שומשום מלא אל ארז 1 ק""ג",טחינה אל ארז,IL,טחינה מלאה אל ארז 1,פריט,1.00,"ק""ג",false,,28.90,28.9000,true,1,328971
7290001245613,false,מטליות לחות לניקוי כ,סאסאטק,IL,מטליות לחות לניקוי כ,Unknown,0.00,יחידה,false,,14.90,0.0000,true,1,319445
7290001246061,false,מרכך מרוכז פרפיום פנטזי טאצ 1ל',סאסאטק,IL,מרכך מרוכז טאצ' כחול,קילוגרמים,1.00,ליטר,false,,9.90,9.9000,true,1,338203
7290001246078,false,מרכך מרוכז פרפיום סנשואל טאצ' 1 ל',סאסאטק,IL,מרכך מרוכז טאצ' סגול,קילוגרמים,1.00,ליטר,false,,9.90,9.9000,true,1,339304
7290001246498,false,נוזל רצפות מגיק סחלב,סאסאטק,IL,נוזל רצפות מגיק סחלב,קילוגרמים,4.00,ליטר,false,,9.90,2.4750,true,1,266830
7290001246504,false,אקונומיקה מגיק מבושמ,סאסאטק,IL,אקונומיקה מגיק מבושמ,קילוגרמים,4.00,ליטר,false,,6.90,1.7250,true,1,274710
7290001246528,false,מרכך כביסה מרוכז פרפיום מיסטרי טאצ' 1 ל',סאסאטק,IL,מרכך מרוכז טאצ' שחור,קילוגרמים,1.00,ליטר,false,,9.90,9.9000,true,1,338204
7290001247068,false,קרטונית נקטר ספרינג תות בננה 1 ליטר,יפאורה שותפות מובגלת לשיווק,IL,נקטר ספרינג תות בננה,קילוגרמים,1.00,ליטר,false,,5.30,5.3000,true,1,261079
7290001247082,false,מיץ עגבניות רכיבים טבעיים ספרינג 1 ליטר,יפאורה שותפות מובגלת לשיווק,IL,נקטר ספרינג עגבניות,קילוגרמים,1.00,ליטר,false,,6.50,6.5000,true,1,261080
7290001247099,false,קרטונית נקטר ספרינג מנגו 1 ליטר,יפאורה שותפות מובגלת לשיווק,IL,נקטר ספרינג מנגו 1 ל,קילוגרמים,1.00,ליטר,false,,5.30,5.3000,true,1,261081
7290001247105,false,קרטונית נקטר ספרינג אפרסק 1 ליטר,יפאורה שותפות מובגלת לשיווק,IL,נקטר ספרינג אפרסק 1,קילוגרמים,1.00,ליטר,false,,5.30,5.3000,true,1,261082
7290001247112,false,קרטונית נקטר ספרינג לימונענע 1 ליטר,יפאורה שותפות מובגלת לשיווק,IL,נקטר ספרינג לימון 1,קילוגרמים,1.00,ליטר,false,,5.30,5.3000,true,1,261083
7290001247129,false,נקטר ספרינג תפוזים קרטונית 1 ל',יפאורה שותפות מובגלת לשיווק,IL,נקטר ספרינג תפוז 1 ל,קילוגרמים,1.00,ליטר,false,,5.30,5.3000,true,1,261084
7290001247143,false,קרטונית נקטר ספרינג תפוחים 1 ליטר,יפאורה שותפות מובגלת לשיווק,IL,נקטר ספרינג תפוח 1 ל,קילוגרמים,1.00,ליטר,false,,5.30,5.3000,true,1,261085
7290001274934,false,"שמיניית גלידל פרי לימון ""פלדמן""",הגלידות של פלדמן,IL,מאגדת גלידל פרי לימו,גרמים,640.00,100 גרם,false,,20.90,3.2656,true,1,326739
7290001342183,false,סלמון אפוי על גחלים שקיל,אלדג,IL,סלמון אפוי על גחלים,קילוגרמים,1.00,"ק""ג",true,,230.00,230.0000,true,1,333267
7290001342251,false,"שום כתוש אלדג, 360 גרם",אלדג,IL,שום כתוש אלדג 360 גר,גרמים,360.00,100 גרם,false,,16.90,4.6944,true,1,336513
7290001342350,false,מטיאס הולנדי עם בצל700גר,אלדג,IL,פילה הרינג עם בצל אל,גרמים,700.00,100 גרם,false,,44.90,6.4143,true,1,279553
7290001342565,false,חזרת 380 גר' ללא סוכר אלדג,אלדג,IL,חזרת ללא סוכר אלדג 3,גרמים,300.00,100 גרם,false,,16.90,5.6333,true,1,265753
7290001343845,false,"גרנולה פירות 1 ק""ג - ורוד שקדיה",הנסיך- מפעל לייצור ט,IL,גרנולה עם פירות יבשי,פריט,1.00,"ק""ג",false,,19.90,19.9000,true,1,261112
7290001476208,false,גבינת ברי פקאן במשקל,מחלבות גד,IL,גבינה ברי פקאן גד במ,קילוגרמים,1.00,"ק""ג",true,,99.00,99.0000,true,1,268510
7290001482186,false,אננס חתוך בסירופ קל ויליפוד 565 גרם,הנסיך- מפעל לייצור ט,TH,לפתן אננס חתוך ויליפ,גרמים,565.00,100 גרם,false,,5.90,1.0442,true,1,328058
7290001485019,false,גבינת קרם שמנת טבעי 5% טרה 200 גרם,קריות זול,IL,גבינת שמנת טבעי 5% ט,גרמים,200.00,100 גרם,false,,7.90,3.9500,true,1,261138
7290001491096,false,תה ירוק בתוספת לימונית ולואיזה 50 שקיקים ויסוצקי,תה ויסוצקי,IL,תה ירוק לימונית לואי,גרמים,75.00,100 גרם,false,,34.90,46.5333,true,1,261144
7290001532065,false,טונה מעושנת הרמס במש,"הרמס דגים בע""מ",IL,טונה מעושנת הרמס במש,קילוגרמים,1.00,"ק""ג",true,,109.00,109.0000,true,1,323653
7290001594568,false,"קרלסברג פחית 500 מ""ל פקדון",מבשלות בירה בינלאומיות ב,RO,בירה קרלסברג פחית 5%,מיליליטרים,500.00,"100 מ""ל",false,,8.90,1.7800,true,1,332748
7290001594575,false,"בירה טובורג רד פחית 500 מ""ל",מבשלות בירה בינלאומיות ב,IL,בירה טובורג רד פחית,מיליליטרים,500.00,"100 מ""ל",false,,9.90,1.9800,true,1,332776
7290001594858,false,"שישייה בירה טובורג רד בקבוק 330 מ""ל",מבשלות בירה בינלאומיות ב,IL,מארז בירה טובורג רד,קילוגרמים,1.98,ליטר,false,,31.70,16.0101,true,1,261161
7290001594865,false,"שישייה בירה קרלסברג בקבוק 330 מ""ל",מבשלות בירה בינלאומיות ב,IL,מארז בירה קרלסברג 5%,קילוגרמים,1.98,ליטר,false,,31.70,16.0101,true,1,261163
7290001648285,false,אבקה להכנת שוקו מוקו,רוני רג'ואן,IL,אבקה להכנת שוקו מוקו,פריט,1.30,"ק""ג",false,,11.90,9.1538,true,1,334889
7290001670514,false,מלית אוכמניות הנמל 400 גרם,"פוליבה בע""מ",IL,מלית אוכמניות הנמל 4,גרמים,400.00,100 גרם,false,,9.90,2.4750,true,1,261188
7290001670668,false,קרחונית שקיות להכנת קרח הנמל 12 יחידות,"איטיליאן פוד, אס.פי.",TR,שקיות הקפאה לקרח הנמ,Unknown,0.00,יחידה,false,,2.90,0.0000,true,1,261190
7290001670859,false,מלית דובדבנים פוליבה 400 ג',קריות זול,IL,מלית דובדבנים הנמל 4,גרמים,400.00,100 גרם,false,,9.90,2.4750,true,1,261193
7290001670873,false,"צלחות גדולות לבנות קשיח ח""פ הנמל 66יח'",הנמל אריזות ושיווק ב,IL,צלחות גדולות עבות במ,Unknown,0.00,יחידה,false,,38.90,0.0000,true,1,261194
7290001679609,false,מארז עוגיות אוראו 4*,מונדליז,CZ,מארז עוגיות אוראו 4*,גרמים,704.00,100 גרם,false,,26.90,3.8210,true,1,317260
7290001780428,false,גלידיאט שלגון מצופה נסטלה 312 גרם מארז 6 יחידות,גלידות נסטלה )נגה גלידות,IL,שלגוני לייט נסטלה שו,גרמים,312.00,100 גרם,false,,19.90,6.3782,true,1,261204
7290001791349,false,פיסגה אקונומיקה ריחנית סנו 4 ליטר,"סנו מפעלי ברונוס בע""מ",IL,אקונומיקה פסגה 4 ליט,קילוגרמים,4.00,ליטר,false,,9.90,2.4750,true,1,261206
7290001791356,false,"פרש מבשם אויר אוטומטי בניחוח לבנדר סנו 250 מ""ל",סנו מפעלי ברונוס בעמ,IL,מבשם אויר סנו פרש או,מיליליטרים,250.00,"100 מ""ל",false,,12.90,5.1600,true,1,279677
7290001791776,false,"סנו-די דוחה יתושים רול און עם אלוורה סנו 50 מ""ל",גוד פוד פרודקטס S.p,IL,סנו די רול און אלוור,מיליליטרים,50.00,"100 מ""ל",false,,19.90,39.8000,true,1,264149
7290001820926,false,ליקר שוקולד ביתי 700,,,ליקר שוקולד ביתי 700,מיליליטרים,700.00,"100 מ""ל",false,,49.90,7.1286,true,1,279735
7290001855232,false,שמן למאור מרום הגליל,ירושלים שיווק שמן זית וזיתים,IL,שמן למאור מרום הגליל,קילוגרמים,1.00,ליטר,false,,9.90,9.9000,true,1,269638
7290001867655,false,תפוא לבן פרמיום לאפי,אראל תוצרת חקלאית בע,IL,תפוח אדמה פרימיום,Unknown,0.00,יחידה,false,,17.90,0.0000,true,1,331275
7290001886601,false,שניצל עוף פרימיום טר,,IL,שניצל עוף פרימיום טר,קילוגרמים,1.00,"ק""ג",true,,39.90,39.9000,true,1,329217
7290001901045,false,רולדה גפילטע פיש ירושלמי 600 גר',דג טעים בעמ,IL,רולדה גפילטע פיש ירו,גרמים,600.00,100 גרם,false,,24.90,4.1500,true,1,261235
7290001901052,false,גפילטע פיש הונגרי רולדה גלאט עוף 600 גרם,דג טעים בעמ,IL,רולדה גפילטע פיש הונ,גרמים,600.00,100 גרם,false,,24.90,4.1500,true,1,261236
7290001901410,false,רולדה גפילטע פיש הונגרי הדג המיוחד 500 גרם,דג טעים בעמ,IL,רולדה גפילטע פיש הונ,גרמים,500.00,100 גרם,false,,22.90,4.5800,true,1,265459
7290001901427,false,רולדה גפילטע פיש פולני 500 גר',דג טעים בעמ,IL,רולדה גפילטע פיש הדג,גרמים,500.00,100 גרם,false,,22.90,4.5800,true,1,265458
7290001901656,false,היימיש פיש הדג המיוחד 7 קציצות 600 גרם,דג טעים בעמ,IL,גפילטע פיש היימיש פי,גרמים,555.00,100 גרם,false,,8.90,1.6036,true,1,307797
7290001901670,false,גפילטע פיש דיאט 4 קציצות בצנצנת הדג המיוחד 670 גרם,דג טעים בעמ,IL,גפילטע פיש קלאסי 4 י,פריט,1.01,"ק""ג",false,,12.90,12.7723,true,1,304489
7290001901724,false,רולדה ווייטפיש דלישס,,IL,רולדה וויט פיש דג דל,גרמים,500.00,100 גרם,false,,22.90,4.5800,true,1,331832
7290001943496,false,כורכומין פוספוליפיד MP30,תרימוורה,IL,כורכומין טרימוורה MP,Unknown,0.00,יחידה,false,,114.90,0.0000,true,1,333849
7290001946121,false,פפריקה מרוקאית מתוקה תבליני ביטון 400 גרם,"דין שיווק וקלייה בע""",IL,פפריקה מרוקאית יוחאי,גרמים,400.00,100 גרם,false,,19.90,4.9750,true,1,266675
7290001970478,false,אגוזי מלך קלופים חצא,"דין שיווק וקלייה בע""",US,אגוז מלך קלופים שקיל,קילוגרמים,1.00,"ק""ג",true,,89.00,89.0000,true,1,313838
7290002003168,false,"שלישיית קרם ידיים קלאסי פנג'ל 80 מ""ל",אינטרקוסמא 1985 במ,IL,קרם ידיים פנגל 3*80,גרמים,240.00,100 גרם,false,,13.90,5.7917,true,1,265491
7290002007296,false,צמר פלדה הנמל 350 גרם,פלסטו פוליש,IL,צמר פלדה הנמל 350 גר,גרמים,350.00,100 גרם,false,,8.90,2.5429,true,1,261270
7290002007357,false,שקיות צליה דליקטס מיקרוגל הנמל 10 יח',הנמל,IL,שקיות לצליה דליקטס 1,Unknown,0.00,יחידה,false,,3.90,0.0000,true,1,261272
7290002007487,false,צמר פלדה הנמל 100 גרם,"איטיליאן פוד, אס.פי.",IL,צמר פלדה הנמל 100 גר,Unknown,0.00,יחידה,false,,1.90,0.0000,true,1,261273
7290002007500,false,קיסמי שיניים הנמל במבוק 500 יחידות,הנמל אריזות ושיווק בעמ,IL,קיסמי שיניים הנמל 50,Unknown,0.00,יחידה,false,,2.70,0.0000,true,1,261274
7290002007623,false,כוסות ליין 50 יחידות,יבוא ושיווק: הנמל אריזות,TR,כוסיות ליין 50 יח,Unknown,0.00,יחידה,false,,3.90,0.0000,true,1,261275
7290002007760,false,"פירורי לחם הנמל 1 ק""",הנמל,IL,"פירורי לחם הנמל 1 ק""",פריט,1.00,"ק""ג",false,,9.90,9.9000,true,1,279850
7290002008040,false,שיפודי במבוק הנמל 100 יחידות,"הנמל אריזות ושיווק בע""\מ",IL,שיפודים 100 יח,Unknown,0.00,יחידה,false,,1.90,0.0000,true,1,261282
7290002008071,false,גביעי נייר מספר 2 הנמל 1 יחידה,"הנמל אריזות ושיווק בע""\מ",IL,עטרות חום בקופסא מס2,Unknown,0.00,יחידה,false,,3.90,0.0000,true,1,261283
7290002008149,false,מדליק פחם מוצק הנמל אריזת 40יח',מ.א.יצור ויבוא מטליו,GB,מדליק פחם מוצק 40 קו,מיליליטרים,300.00,"100 מ""ל",false,,3.90,1.3000,true,1,261284
7290002008170,false,גביעי נייר מספר 3 הנמל 1 יחידה,הנמל,IL,עטרות מס 3 חום בקופס,Unknown,0.00,יחידה,false,,4.90,0.0000,true,1,261286
7290002008309,false,עטרות נייר חום לעוגה מס' 4 הנמל 130יח',"הנמל אריזות ושיווק בע""\מ",IL,עטרות מס 4 חום בקופס,Unknown,0.00,יחידה,false,,4.90,0.0000,true,1,261287
7290002008460,false,עטרות חום מספר 1.5 הנמל,"הנמל אריזות ושיווק בע""\מ",IL,עטרות חום מס 1.5 קופ,Unknown,0.00,יחידה,false,,3.30,0.0000,true,1,261289
7290002008569,false,מלבין קפה בקופסא הנמל 200 גרם,הנמל אריזות ושיווק ב,IL,מלבין קפה בקופסא,גרמים,200.00,100 גרם,false,,12.90,6.4500,true,1,263851
7290002008903,false,נייר טואלט חתוך עדין ורך הנמל 12 יחידות,הויזהו טאימי פפר,CN,נייר טואלט חתוך הנמל,Unknown,0.00,יחידה,false,,14.90,0.0000,true,1,261297
7290002008989,false,קישקשים קשים לשתיה 225יח הנמל,שיווק: הנמל אריזות ושיוו,CN,קישקשים בקופסא 225 י,Unknown,0.00,יחידה,false,,6.90,0.0000,true,1,261299
7290002015444,false,זיתים חרוזית א5 בני דרום 1250 גרם,בני דרום,IL,זית חרוזית בני דרום,פריט,1.25,"ק""ג",false,,13.80,11.0400,true,1,261334
7290002015666,false,פלפל חריף שיפקה בני דרום 540 גרם,בני דרום,IL,פלפל שיפקה בני דרום,גרמים,540.00,100 גרם,false,,4.90,0.9074,true,1,261342
7290002015765,false,חצילים במלח בני דרום 540גרם,בני דרום,IL,חציל במלח בני דרום 5,גרמים,560.00,100 גרם,false,,4.90,0.8750,true,1,261343
7290002015833,false,"זיתים חרוזית ירוק א10 בני דרום 3ק""ג",בני דרום,IL,זית חרוזית בני דרום,פריט,3.00,"ק""ג",false,,26.90,8.9667,true,1,261345
7290002016830,false,כרוב כבוש בני דרום 430 גרם,בני דרום,IL,כרוב כבוש בני דרום 5,גרמים,550.00,100 גרם,false,,5.90,1.0727,true,1,267032
7290002022923,false,סוכריות על מקל בטעם תות כרמית 50 יחידות,כרמית תעשיות ממתקים,TR,סוכריות על מקל בטעם,גרמים,500.00,100 גרם,false,,12.90,2.5800,true,1,261348
7290002024002,false,"שמיר חומוס 3 ק""ג",סלטי שמיר 2006 בעמ,IL,"חומוס שמיר 3 ק""ג",פריט,3.00,"ק""ג",false,,29.90,9.9667,true,1,313660
7290002026341,false,צ'יפס אריסטו רגיל שקיות רשת,מוצרי איכות אמריקאיים,CA,ציפס בטטה קראנצ 500,גרמים,500.00,100 גרם,false,,15.90,3.1800,true,1,303993
7290002026358,false,צ'יפס אריסטו זיג זג שקיות רשת,מוצרי איכות אמריקאיים,CA,ציפס בטטה זיגזג קראנ,גרמים,500.00,100 גרם,false,,15.90,3.1800,true,1,303992
7290002026365,false,טבעות בצל אריסטו קראנץ' 500 גרם,מוצרי איכות אמריקאיים,BE,טבעות בצל קראנצ 500,גרמים,500.00,100 גרם,false,,8.90,1.7800,true,1,303991
7290002026402,false,בלינצס גבינה בראנץ אנד קראנץ 350 ג',מוצרי איכות אמריקאיים בע,IL,בלינצס גבינה ב.קראנצ,גרמים,350.00,100 גרם,false,,9.90,2.8286,true,1,278899
7290002026440,false,פרצלס בייגלה בראנץ אנד קראנץ 280 ג',מוצרי איכות אמריקאיים בע,IL,פרצל ב.קראנצ 280 גרם,גרמים,280.00,100 גרם,false,,10.90,3.8929,true,1,278897
7290002026587,false,וופל בלגי פרווה בראנץ אנד קראנץ 8 יח',בראנץ' אנד קראנץ Brunch& Crunch,BE,וופל בלגי ב.קראנצ 2,גרמים,280.00,100 גרם,false,,9.90,3.5357,true,1,325832
7290002035121,false,מטיאס אמיתי שמן 5יח 300ג,אלדג,IL,מטיאס בשמן אלדג 300,גרמים,300.00,100 גרם,false,,44.90,14.9667,true,1,279890
7290002035138,false,מקרל מעושן בוואקום במשקל,אלדג,IL,מקרל שלם אלדג במשקל,קילוגרמים,1.00,"ק""ג",true,,119.00,119.0000,true,1,279891
7290002035145,false,מקרל מעושן פרוס-מעדן לקרדה (משקל),אלדג,IL,מקרל מעושן לקרדה אלד,קילוגרמים,1.00,"ק""ג",true,,129.00,129.0000,true,1,279892
7290002035169,false,פילה מקרל-מקרוסק בואקום שקיל,אלדג,IL,פילה מקרל מקרוסקה אל,קילוגרמים,1.00,"ק""ג",true,,149.00,149.0000,true,1,279893
7290002035206,false,חזרת בצנצנת אלדג 380גר,אלדג,IL,חזרת אלדג 360 גרם,גרמים,360.00,100 גרם,false,,16.90,4.6944,true,1,261349
7290002035312,false,טונה מעושנת פרוסה בואקום שקיל,אלדג,IL,טונה מעושנת אלדג במש,קילוגרמים,1.00,"ק""ג",true,,199.00,199.0000,true,1,279895
7290002035336,false,פילה הרינג הולנדי שלם בשמן 300 גרם,אלדג,IL,פילה הרינג הולנדי אל,גרמים,300.00,100 גרם,false,,24.90,8.3000,true,1,279896
7290002035343,false,הרינג כבוש צנצנת 300 גרם,אלדג,IL,הרינג כבוש אלדג 300,גרמים,300.00,100 גרם,false,,24.90,8.3000,true,1,279897
7290002035862,false,פילה הרינג הולנדי שלם 700 גרם,אלדג,IL,פילה הרינג הולנדי אל,גרמים,700.00,100 גרם,false,,44.90,6.4143,true,1,333265
7290002035879,false,פילה הרינג כבוש אלדג,אלדג,IL,פילה הרינג כבוש אלדג,גרמים,700.00,100 גרם,false,,44.90,6.4143,true,1,333266
7290002035886,false,מטיאס הולנדי עם בצל ושמן 300 ג',אלדג,IL,פילה הרינג עם בצל וש,גרמים,300.00,100 גרם,false,,24.90,8.3000,true,1,279900
7290002035947,false,מעדן נסיכת הנילוס מעושן פרוס שקיל,אלדג,IL,מעדן נסיכת הנילוס מע,קילוגרמים,1.00,"ק""ג",true,,199.00,199.0000,true,1,333268
7290002037194,false,לחם שחור קמח מלא 750 גרם,מאפית י את א ברמן בע,IL,לחם שחור מלא ודש 750,גרמים,750.00,100 גרם,false,,7.90,1.0533,true,1,265784
7290002037309,false,שמיניית לחמניות המבורגר,מאפית י את א ברמן בע,IL,לחמניות המבורגר ודש,גרמים,400.00,100 גרם,false,,12.90,3.2250,true,1,264661
7290002037637,false,חליות מתוקות מארז 4יח',מאפית י את א ברמן בע,IL,לחמניות מתוקות ודש 4,גרמים,360.00,100 גרם,false,,10.90,3.0278,true,1,264660
7290002040064,false,קוסקוס דק הנמל 350 גרם,טרופיקל דגיל תעשיות,IL,קוסקוס דק מזון 350 ג,גרמים,350.00,100 גרם,false,,5.30,1.5143,true,1,261352
7290002040071,false,קוסקוס עבה שקית 350 גרם הנמל,"קוסקוס מזון בע""מ",IL,קוסקוס עבה מזון 350,גרמים,350.00,100 גרם,false,,5.30,1.5143,true,1,261353
7290002040088,false,קוסקוס מלא הנמל 350 גרם,"קוסקוס מזון בע""מ",IL,קוסקוס מלא מזון 350,גרמים,350.00,100 גרם,false,,6.30,1.8000,true,1,261354
7290002040095,false,קוסקוס רגיל מארז 350X3ג' קוסקוס מזון,טרופיקל דגיל תעשיות,IL,מארז קוסקוס מזון 3*3,פריט,1.05,"ק""ג",false,,13.90,13.2381,true,1,263868
7290002065555,false,שישיית לחמנייה הכי רכה בהפסקה אנג'ל 450 גרם,מאפיית שלמה א. אנג'\ל בע,IL,לחמניות רגילות אנגל,גרמים,450.00,100 גרם,false,,10.90,2.4222,true,1,317783
7290002065616,false,לחם שיפון גרעינים פרוס אחדות 750 גרם,מאפיית שלמה א. אנג'\ל בע,IL,לחם שיפון בתוספת גרע,גרמים,750.00,100 גרם,false,,12.90,1.7200,true,1,317762
7290002065623,false,לחם שיפון של פעם כפרי פרוס אורנים 750 גרם,מאפיית שלמה א. אנג'\ל בע,IL,לחם שיפון כפרי אחדות,גרמים,750.00,100 גרם,false,,12.90,1.7200,true,1,317767
7290002075035,false,אובלטים מלוחים דקיקים ברט 500 גרם,שוקוטרייד בעמ,IL,אובלטים בשקית 500 גר,גרמים,500.00,100 גרם,false,,12.90,2.5800,true,1,261358
7290002075271,false,סוכריות ריקולה בשקית בטעם צמחים,(EITAN (CHOCOTRADE,CH,סוכריות צמחים ריקולה,גרמים,75.00,100 גרם,false,,9.90,13.2000,true,1,321025
7290002077268,false,קציצות דג מיני 500 גרם לבישול,האי נאם סי או אל.טי.,IL,מיני קציצות דג לבישו,גרמים,500.00,100 גרם,false,,18.90,3.7800,true,1,269490
7290002096498,false,עוגיות דובשנית חפץ 6,חפץ אליקים,IL,דובשניות חפץ 600 גרם,גרמים,600.00,100 גרם,false,,5.90,0.9833,true,1,266184
7290002107385,false,גליל גבינת עיזים מה עז משק צוריאל 180 גרם,מחלבת משק צוריאל,IL,גבינה מה עז 20% צורי,גרמים,180.00,100 גרם,false,,17.90,9.9444,true,1,264388
7290002109372,false,בורקס פילו אצבעות בולגרי 700 ג' שלושת האופים,שלושת האופים שגמור,IL,בורקס פילו גבינה בול,גרמים,700.00,100 גרם,false,,15.90,2.2714,true,1,274782
7290002111085,false,"רוטב עגבניות 22% ""פרי מבורך"" 100 גרם","זנלכל בע""\מ",IL,רוטב עגבניות מרוכז מ,גרמים,100.00,100 גרם,false,,1.70,1.7000,true,1,261370
7290002111122,false,רסק תפוחי עץ בתוספת סוכר פרי מבורך 560 ג,"זנלכל בע""\מ",IL,"רסק תפו""ע בתוספת סוכ",גרמים,560.00,100 גרם,false,,5.90,1.0536,true,1,261371
7290002111139,false,רסק תפוחי עץ טבעי בלי תוספת סוכר פרי מבו,"זנלכל בע""\מ",IL,"רסק תפו""ע ללא תוספת",גרמים,560.00,100 גרם,false,,5.90,1.0536,true,1,261372
7290002111214,false,גרעיני תירס לייט A2 פרי מבורך 550 גר',"זנלכל בע""\מ",IL,תירס גרעינים לייט מב,גרמים,550.00,100 גרם,false,,5.90,1.0727,true,1,261373
7290002111313,false,עגבניות קוביות A2.5 פרי מבורך 800ג' בדצ,פרי מבורך,IL,עגבניות קוביות מבורך,גרמים,800.00,100 גרם,false,,7.80,0.9750,true,1,261374
7290002111337,false,"רוטב עגבניות 22% ""פרי מבורך"" 240 גרם","זנלכל בע""\מ",IL,רוטב עגבניות מרוכז מ,גרמים,240.00,100 גרם,false,,2.90,1.2083,true,1,261375
7290002111474,false,אפונה גדולה A2 פרי מבורך 600ג',"זנלכל בע""\מ",IL,אפונה גדולה מבורך 55,גרמים,550.00,100 גרם,false,,5.50,1.0000,true,1,261376
7290002111511,false,אפונת גינה וגזר פרי מבורך 550 גרם,"זנלכל בע""\מ",IL,אפונה וגזר מבורך 550,גרמים,550.00,100 גרם,false,,5.50,1.0000,true,1,261378
7290002111634,false,חומוס שלם פרי מבורך 290 גרם,"זנלכל בע""\מ",IL,חומוס שלם מבורך 550,גרמים,550.00,100 גרם,false,,5.50,1.0000,true,1,261379
7290002111665,false,עגבניות תרכיז 28% A2 פרי מבורך 600ג',"זנלכל בע""\מ",IL,רוטב עגבניות 28% מבו,גרמים,600.00,100 גרם,false,,5.90,0.9833,true,1,261380
7290002111672,false,"רסק עגבניות A2 22% פרי מבורך 570ג' בד""צ","זנלכל בע""\מ",IL,רוטב עגבניות 22% מבו,גרמים,570.00,100 גרם,false,,7.90,1.3860,true,1,261381
7290002111764,false,שעועית לבנה ברוטב עגבניות פרי מבורך 580,"זנלכל בע""\מ",IL,שעועית לבנה ברוטב מב,גרמים,560.00,100 גרם,false,,5.50,0.9821,true,1,261385
7290002111818,false,גרעיני תירס מתוק ואקום פרי מבורך 400ג',"זנלכל בע""\מ",IL,תירס גרעינים מבורך 4,גרמים,400.00,100 גרם,false,,5.90,1.4750,true,1,261386
7290002111825,false,"2A גרעיני תירס מתוק פ""מ עד""ח 550 ג'","זנלכל בע""\מ",IL,תירס גרעינים מבורך 5,גרמים,550.00,100 גרם,false,,5.50,1.0000,true,1,261387
7290002111948,false,"שעועית ירוקה חתוכה""פרי מבורך"" 550 גרם","זנלכל בע""\מ",IL,שעועית ירוקה מבורך 5,גרמים,550.00,100 גרם,false,,4.90,0.8909,true,1,261389
7290002118435,false,צמרוני ביוטי ענק הנמל 300יח',ספה,TR,צמרוני אוזניים ביוטי,Unknown,0.00,יחידה,false,,4.90,0.0000,true,1,263869
7290002129424,false,"שניצל דג מצופה דלידג, כשרות בד""ץ, 1 ק""ג",דלידג בעמ,IL,שניצל דג מצופה דלידג,פריט,1.00,"ק""ג",false,,29.90,29.9000,true,1,308833
7290002129493,false,מארז פיצה איטלקית דק,,,מארז פיצה איטלקית דק,גרמים,960.00,100 גרם,false,,29.90,3.1146,true,1,310852
7290002132011,false,עוגיות מזרחיות מלוחות עבאדי 400 גרם,מאפיית יוסף ושמחה עבאדי,IL,עוגיות מזרחיות עבאדי,גרמים,400.00,100 גרם,false,,11.90,2.9750,true,1,279993
7290002133889,false,גבינה בולגרית מעודנת 5% 250 גרם,מחלבת השומרון,IL,גבינה בולגרית מעודנת,גרמים,250.00,100 גרם,false,,15.90,6.3600,true,1,268070
7290002157427,false,סינטה בקר טרי עטרה,,,סינטה בקר טרי עטרה,קילוגרמים,1.00,"ק""ג",true,,89.90,89.9000,true,1,305679
7290002157694,false,כבד עוף צלוי עטרה 200גרם,נטו,IL,כבד עוף צלוי טרי עטר,גרמים,200.00,100 גרם,false,,24.90,12.4500,true,1,304140
7290002157953,false,מארז נתחי טונה בהירה בשמן קנולה - 4 יחידות,דיאמנט פוד פרודקט,IL,טונה בשמן קנולה וילי,גרמים,560.00,100 גרם,false,,16.90,3.0179,true,1,306336
7290002157960,false,רביעיית טונה במים ויליגר 140 גרם,ויליגר,IL,טונה במים ויליגר 4*1,גרמים,560.00,100 גרם,false,,16.90,3.0179,true,1,305273
7290002206682,false,שניצל פרימ' טרי אר' קהיל,נטו,IL,שניצל עוף פרימיום טר,קילוגרמים,1.00,"ק""ג",true,,48.90,48.9000,true,1,303843
7290002206729,false,עצמות מח קפוא קהילות,זבישקו,PL,עצמות מח קפוא קהילות,קילוגרמים,1.00,"ק""ג",true,,44.90,44.9000,true,1,274880
7290002206736,false,עצמות עגל קהילות,טיבון ויל,IL,עצמות עגל קהילות,קילוגרמים,1.00,"ק""ג",true,,29.90,29.9000,true,1,319263
7290002253006,false,שום כתוש דורות בצנצנת 200 גרם,עיצובים 2020 (3.8),IL,שום כתוש דורות 200 ג,גרמים,200.00,100 גרם,false,,10.90,5.4500,true,1,261421
7290002253013,false,ראשום שום כתוש דורות,מוצרי שום ותיבול דורות,IL,שום כתוש דורות 400 ג,גרמים,400.00,100 גרם,false,,19.90,4.9750,true,1,323618
7290002253105,false,קוביות שום כתוש טרי דורות 80 גרם,עיצובים 2020 (3.8),IL,שום קוביות דורות 80,גרמים,80.00,100 גרם,false,,7.90,9.8750,true,1,261423
7290002253150,false,קוביות בזיליקום קצוץ דורות 70 גרם,עיצובים 2020 (3.8),IL,בזיליקום קצוץ דורות,גרמים,70.00,100 גרם,false,,7.90,11.2857,true,1,261424
7290002253167,false,פטרוזיליה קצוצה דורות 70 גרם,עיצובים 2020 (3.8),IL,פטרוזיליה קצוצה דורו,גרמים,70.00,100 גרם,false,,7.90,11.2857,true,1,261425
7290002253181,false,קוביות כוסברה קצוצה דורות 70 גרם,עיצובים 2020 (3.8),IL,כוסברה קצוצה דורות 7,גרמים,70.00,100 גרם,false,,7.90,11.2857,true,1,261427
7290002253198,false,ג'ינג'ר טרי כתוש במגשית 70 ג' דורות,עיצובים 2020 (3.8),IL,גינגר כתוש דורות 70,גרמים,70.00,100 גרם,false,,9.50,13.5714,true,1,261428
7290002253235,false,דורות רוטב פסטו 160 גרם,עיצובים 2020 (3.8),IL,רוטב פסטו דורות 160,גרמים,160.00,100 גרם,false,,9.50,5.9375,true,1,322951
7290002255048,false,קובה למרק במילוי בשר,חטיפי אלקיים בעמ,IL,קובה למרק אלקיים 800,גרמים,800.00,100 גרם,false,,21.90,2.7375,true,1,265253
7290002255055,false,פלאפל חטיפי אלקיים 7,חטיפי אלקיים בעמ,IL,פלאפל אלקיים 700 גרם,גרמים,700.00,100 גרם,false,,13.90,1.9857,true,1,265255
7290002255086,false,קובה ביתי במילוי בשר,חטיפי אלקיים בעמ,IL,קובה ביתית אלקיים 70,גרמים,700.00,100 גרם,false,,21.90,3.1286,true,1,265252
7290002255185,false,סמבוסק חומוס אלקיים,חטיפי אלקיים בעמ,IL,סמבוסק חומוס אלקיים,גרמים,600.00,100 גרם,false,,21.90,3.6500,true,1,265259
7290002255215,false,"עלי סיגר מרובע בד""צ",חטיפי אלקיים בעמ,IL,עלי סיגר אלקיים 500,גרמים,500.00,100 גרם,false,,7.90,1.5800,true,1,265256
7290002255284,false,"קובה חמוסטה בד""צ חטי",חטיפי אלקיים בעמ,IL,קובה חמוסטה אלקיים 8,גרמים,800.00,100 גרם,false,,21.90,2.7375,true,1,265254
7290002255475,false,פסטלים במילוי בשר בד,חטיפי אלקיים בעמ,IL,פסטלים בשר אלקיים 80,גרמים,800.00,100 גרם,false,,21.90,2.7375,true,1,265249
7290002281405,false,זוג סלט סלמון מעושן פיקנטי ויליגר 2*160 גרם,"ויליגר תעשיות בע""\מ",IL,סלט סלמון מעושן וילי,גרמים,320.00,100 גרם,false,,9.90,3.0938,true,1,322328
7290002281429,false,סטייק טונה אדומה מעובד ק,בון צון פישארי,VN,סטייק טונה אדומה דלי,קילוגרמים,1.00,"ק""ג",true,,54.90,54.9000,true,1,318932
7290002281474,false,חמישיית פיצות שלושת האופים,שלושת האופים,IL,מארז פיצה דקה טעם מה,פריט,2.00,"ק""ג",false,,49.90,24.9500,true,1,320537
7290002281498,false,גבינה צהובה מגורדת על בסיס חלב 500 ג' ריץ,האי נאם סי או אל.טי.,PL,צהובה מגורדת ריצ 500,גרמים,500.00,100 גרם,false,,17.90,3.5800,true,1,318972
7290002285816,false,שניצל פרימ' טרי אר' עטרה,נטו,IL,שניצל עוף פרימיום טר,קילוגרמים,1.00,"ק""ג",true,,44.90,44.9000,true,1,303844
7290002285830,false,פילה עוף טרי עטרה,,,פילה עוף טרי עטרה,קילוגרמים,1.00,"ק""ג",true,,38.90,38.9000,true,1,267663
7290002292203,false,פילה עוף פרימיום טר,,,פילה עוף פרימיום טר,קילוגרמים,1.00,"ק""ג",true,,44.90,44.9000,true,1,335252
7290002292210,false,שניצל פרימיום טרי מה,,,שניצל פרימיום טרי מה,קילוגרמים,1.00,"ק""ג",true,,49.90,49.9000,true,1,335253
7290002292227,false,כנפיים עוף פרימיום ח,,,כנפיים עוף פרימיום ח,קילוגרמים,1.00,"ק""ג",true,,17.90,17.9000,true,1,335254
7290002292234,false,שוקיים עוף פרימיום ב,,,שוקיים עוף פרימיום ב,קילוגרמים,1.00,"ק""ג",true,,39.90,39.9000,true,1,335255
7290002292265,false,"פרגית לתנור ע""ע טרי",,,"פרגית לתנור ע""ע טרי",קילוגרמים,1.00,"ק""ג",true,,29.90,29.9000,true,1,335386
7290002292289,false,"פרגית לתנור ע""ע טרי",,,"פרגית לתנור ע""ע טרי",קילוגרמים,1.00,"ק""ג",true,,48.90,48.9000,true,1,336071
7290002292548,false,כבד צלוי טרי לנדא ארוז,,IL,כבד עוף צלוי טרי לנד,גרמים,200.00,100 גרם,false,,29.90,14.9500,true,1,336344
7290002292906,false,"חזה עוף טרי חב""ד לנד",,,"חזה עוף טרי חב""ד לנד",קילוגרמים,1.00,"ק""ג",true,,33.90,33.9000,true,1,337818
7290002292913,false,"כנפיים עוף טרי חב""ד",,,"כנפיים עוף טרי חב""ד",קילוגרמים,1.00,"ק""ג",true,,9.90,9.9000,true,1,337819
7290002292999,false,נקנקיות פיקנטיות 400 גרם קהילות,מעדני הטלה והעגל,IL,נקניקיות עוף פיקנטיו,גרמים,400.00,100 גרם,false,,9.90,2.4750,true,1,338286
7290002296003,false,נקניקיות עוף קראנץ',עטרה,IL,נקניקיות עוף קראנץ',פריט,1.00,"ק""ג",false,,23.90,23.9000,true,1,338540
7290002296034,false,פילה עוף טרי עוף הכפ,,,פילה עוף טרי עוף הכפ,קילוגרמים,1.00,"ק""ג",true,,29.90,29.9000,true,1,337986
7290002319030,false,תבלין אבקת בצל מיכל 80 ג' מיה,מיה תעשיות מזון מ.ת.מ. ב,IL,אבקת בצל מיה 80 גרם,גרמים,80.00,100 גרם,false,,4.90,6.1250,true,1,261448
7290002319405,false,תבלין קינמון בקופסא 80 גר' מיה,מיה תעשיות מזון מ.ת.מ. ב,IL,קינמון מיה 80 גרם,גרמים,80.00,100 גרם,false,,4.90,6.1250,true,1,261453
7290002319412,false,פפריקה חריפה בצנצנת מיה 80 גרם,מיה תעשיות מזון מ.ת.מ. ב,IL,פפריקה חריפה מיה 80,גרמים,80.00,100 גרם,false,,4.90,6.1250,true,1,261454
7290002319429,false,פפריקה מתוקה בצנצנת מיה 80 גרם,מיה תעשיות מזון מ.ת.מ. ב,IL,פפריקה מתוקה מיה 80,גרמים,80.00,100 גרם,false,,4.90,6.1250,true,1,261455
7290002319436,false,פלפל שחור טחון בצנצנת מיה 70 גרם,מיה תעשיות מזון מ.ת.מ. ב,IL,פלפל שחור מיה 70 גרם,גרמים,70.00,100 גרם,false,,7.90,11.2857,true,1,261456
7290002319443,false,כמון בצנצנת מיה 80 גרם,מיה תעשיות מזון מ.ת.מ. ב,IL,כמון מיה 80 גרם,גרמים,80.00,100 גרם,false,,4.90,6.1250,true,1,261457
7290002319450,false,תבלין כרכום צנצנת 80 גר' מיה,מיה תעשיות מזון מ.ת.מ. ב,IL,כורכום מיה 80 גרם,גרמים,80.00,100 גרם,false,,4.90,6.1250,true,1,261458
7290002319467,false,אורגנו בצנצנת מיה 35 גרם,מיה תעשיות מזון מ.ת.מ. ב,IL,אורגנו מיה 35 גרם,גרמים,35.00,100 גרם,false,,4.90,14.0000,true,1,261459
7290002319474,false,תבלין אבקת שום מיכל 80 ג' מיה,מיה תעשיות מזון מ.ת.מ. ב,IL,אבקת שום מיה 80 גרם,גרמים,80.00,100 גרם,false,,5.90,7.3750,true,1,261460
7290002319580,false,מלח לימון בצנצנת מיה 150 גרם,מיה תעשיות מזון מ.ת.מ. ב,IL,מלח לימון מיה 100 גר,גרמים,100.00,100 גרם,false,,4.90,4.9000,true,1,261461
7290002319597,false,תבלין כוסברה ירוקה בשקית 80 גר' מיה,מיה תעשיות מזון מ.ת.מ. ב,IL,כוסברה מיה 80 גרם,גרמים,80.00,100 גרם,false,,4.90,6.1250,true,1,261462
7290002319641,false,תבלין גריל עוף צנצנת 80 גר' מיה,מיה תעשיות מזון מ.ת.מ. ב,IL,גריל עוף מיה 80 גרם,גרמים,80.00,100 גרם,false,,4.90,6.1250,true,1,261467
7290002319658,false,תבלין לסטייק בצנצנת מיה 80 גרם,מיה תעשיות מזון מ.ת.מ. ב,IL,תבלין לסטייק מיה 80,גרמים,80.00,100 גרם,false,,4.90,6.1250,true,1,261468
7290002319689,false,סודה לשתייה בקופסא 150 גר' מיה,מיה תעשיות מזון מ.ת.מ. ב,IL,סודה לשתיה מיה 150 ג,גרמים,150.00,100 גרם,false,,4.90,3.2667,true,1,261469
7290002319696,false,פלפל לבן בצנצנת מיה 70 גרם,מיה תעשיות מזון מ.ת.מ. ב,IL,פלפל לבן מיה 70 גרם,גרמים,70.00,100 גרם,false,,7.90,11.2857,true,1,261470
7290002319702,false,ציפורן שלם בצנצנת מיה 40 גרם,מיה תעשיות מזון מ.ת.מ. ב,IL,ציפורן שלם מיה 40 גר,גרמים,40.00,100 גרם,false,,4.90,12.2500,true,1,261471
7290002327042,false,"בורקס תפו""א 800 גרם שלושת האופים",שלושת האופים,IL,בורקס תפוא ש.האופים,גרמים,800.00,100 גרם,false,,15.90,1.9875,true,1,261485
7290002327059,false,"בצק עלים 1 ק""ג שלושת האופים",שלושת האופים,IL,בצק עלים ש.האופים 1,פריט,1.00,"ק""ג",false,,15.90,15.9000,true,1,261486
7290002331360,false,"נביעות מים מינרליים טו גו מארז 500X6מ""ל",נביעות טבע,IL,מים נביעות טו גו 6*5,קילוגרמים,3.00,ליטר,false,,11.90,3.9667,true,1,279047
7290002345299,false,פילה סלמון טרי דלידג,,,פילה סלמון טרי דלידג,קילוגרמים,1.00,"ק""ג",true,,89.90,89.9000,true,1,314462
7290002360124,false,חליטת צמחים ורד הבר והיביסקוס פומפדור 20 יחידות,TEEKANNE- POMPADOU,DE,חליטת צמחים פומפדור,גרמים,70.00,100 גרם,false,,11.90,17.0000,true,1,272457
7290002360155,false,חליטת תה פרחי שומר פומפדור 20 שקיקים,TEEKANNE- POMPADOU,DE,חליטת צמחים פומפדור,גרמים,40.00,100 גרם,false,,11.90,29.7500,true,1,272461
7290002360278,false,חליטת צמחים פומפדור מנטה 20 יחידות,"איטיליאן פוד, אס.פי.",DE,חליטת צמחים פומפדור,גרמים,45.00,100 גרם,false,,11.90,26.4444,true,1,272458
7290002360285,false,חליטת צמחים פומפדור קמומיל 20 יחידות,TEEKANNE- POMPADOU,DE,חליטת צמחים פומפדור,גרמים,30.00,100 גרם,false,,11.90,39.6667,true,1,272460
7290002381808,false,נר נשמה שלהבת 24 שעות,,CN,נר נשמה בפח 24 שעות,Unknown,0.00,יחידה,false,,1.20,0.0000,true,1,263910
7290002385738,false,גבינת מנצ'גו משולשים גד,מחלבות גד,IL,גבינה מנצגו גד במשקל,קילוגרמים,1.00,"ק""ג",true,,99.00,99.0000,true,1,268127
7290002385745,false,גבינת פיקורינו משולשים גד,מחלבות גד,IL,גבינה פקורינו גד במש,קילוגרמים,1.00,"ק""ג",true,,99.00,99.0000,true,1,268128
7290002386636,false,בשר מס 5 צלי כתף קפו,,,בשר מס 5 צלי כתף קפו,קילוגרמים,1.00,"ק""ג",true,,109.90,109.9000,true,1,266488
7290002386667,false,בשר מס8' שריר הזרוע קהיל,,,בשר מס 8 שריר קפוא ק,קילוגרמים,1.00,"ק""ג",true,,79.90,79.9000,true,1,266491
7290002386674,false,בשר מס 9 פלאנקען קפו,,,בשר מס 9 פלאנקען קפו,קילוגרמים,1.00,"ק""ג",true,,79.90,79.9000,true,1,297610
7290002386711,false,בשר ראש קפוא קהילות,,,בשר ראש קפוא קהילות,קילוגרמים,1.00,"ק""ג",true,,99.90,99.9000,true,1,270429
7290002386735,false,לשון בקר קפוא קהילות,,,לשון בקר קפוא קהילות,קילוגרמים,1.00,"ק""ג",true,,99.90,99.9000,true,1,270430
7290002386834,false,נקניקיות עוף 400 גרם קהילות,מעדני הטלה והעגל,IL,נקניקיות עוף קפוא קה,גרמים,400.00,100 גרם,false,,9.90,2.4750,true,1,266639
7290002386872,false,רולדה חזה הודו קהילו,,,רולדה חזה הודו קהילו,קילוגרמים,1.00,"ק""ג",true,,44.90,44.9000,true,1,270431
7290002391005,false,"קישקע חפץ חיים 500 גר' כשל""פ","ש.ב.מטעם בע""מ",IL,קישקע ללא גלוטן ספיש,גרמים,500.00,100 גרם,false,,19.90,3.9800,true,1,277950
7290002391012,false,חזה הודו מעושן 250 גר' מטעם חפץ חיים,"ש.ב.מטעם בע""מ",IL,חזה הודו מעושן ספישל,גרמים,250.00,100 גרם,false,,27.90,11.1600,true,1,297518
7290002391029,false,פסטרמה רוסטביף בקר 250ג',"ש.ב.מטעם בע""מ",IL,רוסטביף ספישלס 250 ג,גרמים,250.00,100 גרם,false,,41.90,16.7600,true,1,297515
7290002391043,false,חזה הודו על גחלים 250 גר' מטעם חפץ חיים,"ש.ב.מטעם בע""מ",IL,חזה הודו גחלים ספישל,גרמים,250.00,100 גרם,false,,27.90,11.1600,true,1,297520
7290002391050,false,סלמי בקר 250 גר' מטעם חפץ חיים,"ש.ב.מטעם בע""מ",IL,סלמי בקר פרוס חפץ חי,גרמים,250.00,100 גרם,false,,27.90,11.1600,true,1,297524
7290002391067,false,סלמי בקר חפץ חיים 40,"ש.ב.מטעם בע""מ",IL,סלמי בקר חפץ חיים 40,גרמים,400.00,100 גרם,false,,39.90,9.9750,true,1,330403
7290002391074,false,פסטרמי בקר 250 גר' מטעם חפץ חיים,"ש.ב.מטעם בע""מ",IL,פסטרמי בקר ספישלס 25,גרמים,250.00,100 גרם,false,,41.90,16.7600,true,1,297513
7290002391081,false,קורנביף 250 גר' מטעם חפץ חיים,"ש.ב.מטעם בע""מ",IL,קורנביף ספישלס 250 ג,גרמים,250.00,100 גרם,false,,41.90,16.7600,true,1,297514
7290002391104,false,כתף מפולפל 250 גר' מטעם חפץ חיים,"ש.ב.מטעם בע""מ",IL,כתף מפולפל ספישלס 25,גרמים,250.00,100 גרם,false,,41.90,16.7600,true,1,297519
7290002391111,false,נקניקיות בקר רגיל מטעם חפץ חיים,"ש.ב.מטעם בע""מ",IL,נקניקיות בקר קפוא ספ,גרמים,400.00,100 גרם,false,,30.90,7.7250,true,1,276342
7290002391135,false,חזה הודו בדבש 250 גר' מטעם חפץ חיים,"ש.ב.מטעם בע""מ",IL,חזה הודו בדבש ספישלס,גרמים,250.00,100 גרם,false,,27.90,11.1600,true,1,297517
7290002391159,false,נקניקיות קרנץ` מטעם חפץ חיים,"ש.ב.מטעם בע""מ",IL,נקניקיות קרנץ קפוא ס,גרמים,400.00,100 גרם,false,,30.90,7.7250,true,1,276345
7290002391166,false,חזה הודו מקסיקני 250 גר' מטעם חפץ חיים,"ש.ב.מטעם בע""מ",IL,חזה הודו מקסיקני ספי,גרמים,250.00,100 גרם,false,,27.90,11.1600,true,1,285081
7290002391180,false,קורנביף מעושן 250 גר' מטעם חפץ חיים,"ש.ב.מטעם בע""מ",IL,קורנביף מעושן ספישלס,גרמים,250.00,100 גרם,false,,41.90,16.7600,true,1,305137
7290002391203,false,נקנקיות קנקרס עגל מטעם חפץ חיים,"ש.ב.מטעם בע""מ",IL,נקניקיות קנקרס קפוא,גרמים,400.00,100 גרם,false,,30.90,7.7250,true,1,276358
7290002391388,false,גולש מטעם חפץ חיים,ש.ב מטעם,IL,גולש לחמין ספישלס,קילוגרמים,1.00,"ק""ג",true,,72.90,72.9000,true,1,302285
7290002391425,false,סטייקונים מטעם חפץ חיים,"ש.ב.מטעם בע""מ",IL,סטייקונים ספישלס 14,Unknown,0.00,יחידה,false,,49.90,0.0000,true,1,276359
7290002391470,false,בשר כבוש רובין לפי משקל,ש.ב מטעם,IL,בשר כבוש ספישלס,קילוגרמים,1.00,"ק""ג",true,,83.90,83.9000,true,1,276364
7290002391777,false,קבב בקר 440 גרם כשל,ש.ב מטעם,IL,קבב בקר 440 גרם כשל,גרמים,440.00,100 גרם,false,,34.90,7.9318,true,1,277953
7290002391784,false,כתף מעושן 250 גר' מטעם חפץ חיים,"ש.ב.מטעם בע""מ",IL,כתף מעושן ספישלס 250,גרמים,250.00,100 גרם,false,,41.90,16.7600,true,1,305138
7290002391791,false,רולדה הודו מתובל ספי,ש.ב מטעם,IL,רולדה הודו מתובל ספי,קילוגרמים,1.00,"ק""ג",true,,42.90,42.9000,true,1,276367
7290002391852,false,נקנקיות עוף מטעם חפץ חיים,"ש.ב.מטעם בע""מ",IL,נקניקיות עוף קפוא ספ,גרמים,380.00,100 גרם,false,,15.90,4.1842,true,1,276343
7290002391869,false,נקנקיות ג'מבו מטעם חפץ חיים,"ש.ב.מטעם בע""מ",IL,נקניקיות גמבו קפוא ס,גרמים,400.00,100 גרם,false,,15.90,3.9750,true,1,301618
7290002391876,false,נקנקיות מרגז מטעם חפץ חיים,"ש.ב.מטעם בע""מ",IL,נקניקיות מרגז קפוא ס,גרמים,320.00,100 גרם,false,,27.90,8.7187,true,1,276357
7290002391883,false,נקנקיות צוריסוס מטעם חפץ חיים,"ש.ב.מטעם בע""מ",IL,נקניקיות צוריסוס קפו,גרמים,400.00,100 גרם,false,,30.90,7.7250,true,1,276344
7290002405474,false,קניידלך כרמל 130 גרם,מצות כרמל,IL,קניידלך כרמל 130 גרם,גרמים,130.00,100 גרם,false,,8.90,6.8462,true,1,261519
7290002405757,false,קרקר חיטה מלאה פת בוקר1ק,מצות כרמל,IL,פת בוקר חיטה מלאה 1,פריט,1.00,"ק""ג",false,,19.90,19.9000,true,1,266114
7290002487364,false,בורקס פילו גבינה זיתים 700 ג' שלושת האופים,שלושת האופים שגמור,IL,בורקס פילו גבינה וזי,גרמים,700.00,100 גרם,false,,15.90,2.2714,true,1,274783
7290002505013,false,כרעיים עוף קהילות מחיר ל,קהילות,IL,כרעיים עוף קפוא קהיל,קילוגרמים,1.00,"ק""ג",true,,33.90,33.9000,true,1,266207
7290002505020,false,שוקיים עוף קהילות מחיר ל,קהילות,IL,שוקיים עוף קפוא קהיל,קילוגרמים,1.00,"ק""ג",true,,34.90,34.9000,true,1,266208
7290002505037,false,ירכיים עוף קהילות מחיר ל,,IL,ירכיים עוף קפוא קהיל,קילוגרמים,1.00,"ק""ג",true,,33.90,33.9000,true,1,266209
7290002505044,false,חזה עוף קהילות מחיר לפי,קהילות,IL,חזה עוף קפוא קהילות,קילוגרמים,1.00,"ק""ג",true,,37.90,37.9000,true,1,266210
7290002505051,false,כנפיים עוף קהילות קפוא מ,קהילות,IL,כנפיים עוף קפוא קהיל,קילוגרמים,1.00,"ק""ג",true,,10.90,10.9000,true,1,266211
7290002505068,false,שניצל עוף פרוס קהילות מח,,,שניצל עוף קפוא קהילו,קילוגרמים,1.00,"ק""ג",true,,39.90,39.9000,true,1,266212
7290002505105,false,עוף טרי ארוז קהילות משקל,נטו,IL,עוף שלם טרי קהילות,קילוגרמים,1.00,"ק""ג",true,,25.90,25.9000,true,1,266221
7290002505112,false,שוקיים עוף ארוז קהילות,שונות,IL,שוקיים עוף טרי קהילו,קילוגרמים,1.00,"ק""ג",true,,39.90,39.9000,true,1,266222
7290002505129,false,ירכיים עוף ארוז קהילות,שונות,IL,ירכיים עוף טרי קהילו,קילוגרמים,1.00,"ק""ג",true,,34.90,34.9000,true,1,266223
7290002505136,false,כנפיים עוף ארוז קהילות,שונות,IL,כנפיים עוף טרי קהילו,קילוגרמים,1.00,"ק""ג",true,,18.90,18.9000,true,1,266224
7290002505143,false,שניצל עוף ארוז קהילות מח,שונות,IL,שניצל עוף טרי קהילות,קילוגרמים,1.00,"ק""ג",true,,42.90,42.9000,true,1,266225
7290002505167,false,גרון עוף ארוז קהילות טרי,שונות,IL,גרונות עוף טרי קהילו,קילוגרמים,1.00,"ק""ג",true,,9.90,9.9000,true,1,266226
7290002505198,false,פרגיות עוף קהילות קפוא מ,הוד חפר,IL,פרגיות עוף קפוא קהיל,קילוגרמים,1.00,"ק""ג",true,,69.90,69.9000,true,1,266216
7290002505204,false,פרגיות עוף ארוז קהילות,שונות,IL,פרגית עוף טרי קהילות,קילוגרמים,1.00,"ק""ג",true,,79.90,79.9000,true,1,266229
7290002505266,false,חזה עוף חצוי טרי קהי,,,חזה עוף חצוי טרי קהי,קילוגרמים,1.00,"ק""ג",true,,22.90,22.9000,true,1,266230
7290002505297,false,עוף מס2' קהילות קפוא מחי,קהילות,IL,עוף מס 2 קפוא קהילות,קילוגרמים,1.00,"ק""ג",true,,23.90,23.9000,true,1,266205
7290002505303,false,עוף מס3' קפוא קהילות מחי,קהילות,IL,עוף מס 3 קפוא קהילות,קילוגרמים,1.00,"ק""ג",true,,23.90,23.9000,true,1,266206
7290002505433,false,כבד עוף צלוי קהילות טרי,שונות,IL,כבד עוף צלוי טרי קהי,גרמים,200.00,100 גרם,false,,28.90,14.4500,true,1,266378
7290002505464,false,כרעיים עוף ארוז קהילות,שונות,IL,כרעיים עוף טרי קהילו,קילוגרמים,1.00,"ק""ג",true,,36.90,36.9000,true,1,266232
7290002505471,false,חזה עוף ארוז קהילות מחיר,שונות,IL,חזה עוף טרי קהילות,קילוגרמים,1.00,"ק""ג",true,,39.90,39.9000,true,1,266233
7290002505600,false,גרונות הודו קפוא קהי,,,גרונות הודו קפוא קהי,קילוגרמים,1.00,"ק""ג",true,,34.90,34.9000,true,1,266219
7290002505617,false,כנף הודו קהילות קפוא מחי,,IL,כנפיים הודו קפוא קהי,קילוגרמים,1.00,"ק""ג",true,,12.90,12.9000,true,1,285694
7290002505624,false,שוק הודו קהילות קפוא מחי,הוד חפר,IL,שוקיים הודו קפוא קהי,קילוגרמים,1.00,"ק""ג",true,,24.90,24.9000,true,1,266220
7290002507451,false,קציצות דג סלמון דלידג 750 גר',דלידג בעמ,IL,קציצות דג סלמון לביש,גרמים,750.00,100 גרם,false,,24.90,3.3200,true,1,311623
7290002512004,false,מלוואח צנעני 900 גרם,צנעני מוצרי בצק,IL,מלוואח צנעני 900 גרם,גרמים,900.00,100 גרם,false,,19.90,2.2111,true,1,267504
7290002512011,false,ג'חנון צנעני 900 גרם,צנעני מוצרי בצק,IL,גחנון צנעני 900 גרם,גרמים,900.00,100 גרם,false,,19.90,2.2111,true,1,267505
7290002512509,false,מלוואח אלפא 700 גרם,,,מלוואח אלפא 700 גרם,גרמים,700.00,100 גרם,false,,5.90,0.8429,true,1,309068
7290002512554,false,גחנון אלפא 700 גרם,,,גחנון אלפא 700 גרם,גרמים,700.00,100 גרם,false,,7.90,1.1286,true,1,309069
7290002538110,false,קרמבו-ימבו 32 יח,גלידות קולרדו,IL,קרמבו 32 יח',Unknown,0.00,יחידה,false,,26.90,0.0000,true,1,333677
7290002538158,false,גלידה חמה גביע וופל במילוי קרם 15 יחידות,גלידות קולרדו,IL,גלידה חמה 15 יח',גרמים,225.00,100 גרם,false,,15.90,7.0667,true,1,312698
7290002538899,false,קרמבו קרמבולי 12 יחידות,גלידות קולרדו,IL,קרמבו 12 יח',גרמים,300.00,100 גרם,false,,7.90,2.6333,true,1,280233
7290002542780,false,"שישייה בירה סטלה ארטואה בקבוק 330X6 מ""ל","אינבב, ברוורייפליין",BE,מארז בירה סטלה 5% 6*,קילוגרמים,1.98,ליטר,false,,34.90,17.6263,true,1,333967
7290002543237,false,דגני בוקר קלוגס קורנפלקס 750 גרם,קלוגס קומפני אוף גרייט ב,GB,קורנפלקס קלוגס 750 ג,גרמים,750.00,100 גרם,false,,13.90,1.8533,true,1,267827
7290002552260,false,"קרחון טעם משמש לל""ס ריאו מארז 90X8ג'","ביח""\ר לגלידה וממתקים בע",IL,קרחוני לייט בטעמי פי,גרמים,720.00,100 גרם,false,,14.50,2.0139,true,1,261566
7290002552314,false,מאגדת שלגונים הקוסם 4 *85 ג' ריאו,"גלידות ריאו ביח""ר לג",IL,שלגונים רביעיות הקוס,גרמים,300.00,100 גרם,false,,17.90,5.9667,true,1,284307
7290002552345,false,מאגדת שלגונים גלי גל פרווה 8 יח' ריאו,"גלידות ריאו ביח""ר לג",IL,שלגוני גלי גל 8 יח',גרמים,600.00,100 גרם,false,,12.90,2.1500,true,1,261567
7290002552499,false,מאגדת שלגוני שרבט פרווה תות מנגו 8 יח' ריאו,"גלידות ריאו ביח""ר לג",IL,קרחוני ריאו פרי מנגו,גרמים,720.00,100 גרם,false,,13.90,1.9306,true,1,261569
7290002603474,false,פיצת השף מאיטליה רוטב פטריות בטעם כמהין 256 גרם,סוילה אס.אר.אל,IT,פיצת השף רוטב פטריות,גרמים,200.00,100 גרם,false,,14.90,7.4500,true,1,315623
7290002603634,false,"פיצה משולש תפזורת בד""צ 80ג'",שלושת האופים,IL,משולש פיצה מרגריטה ש,גרמים,80.00,100 גרם,false,,2.80,3.5000,true,1,313771
7290002657408,false,נתחי טונה בשמן 960 ג' פוסידון,פוסידון,IL,טונה בשמן פוסידון 96,גרמים,960.00,100 גרם,false,,29.90,3.1146,true,1,266632
7290002657866,false,"פילה אמנון""דלידג מהדרין",גואנדונג יוג'יה סיפו,IL,פילה אמנון דלידג העד,קילוגרמים,1.00,"ק""ג",true,,29.90,29.9000,true,1,265647
7290002661153,false,"לחם דני קל ברמן 1 ק""",מאפית י את א ברמן בע,IL,"לחם דני קל ברמן 1 ק""",פריט,1.00,"ק""ג",false,,13.90,13.9000,true,1,264679
7290002661214,false,לחם קל גלילי ברמן 75,מאפית י את א ברמן בע,IL,לחם קל גלילי ברמן 75,גרמים,750.00,100 גרם,false,,11.90,1.5867,true,1,266697
7290002661856,false,מיני קרוטונים מתובלים למרק ולסלט 350 גרם,צ'\וייסר פודס ל.טי.די.,GB,מיני קרוטונים למרק/ס,גרמים,350.00,100 גרם,false,,14.90,4.2571,true,1,323157
7290002661863,false,קרוטונים מתובלים למרק 350 גרם,צ'\וייסר פודס ל.טי.די.,GB,קרוטונים למרק ברמן 3,גרמים,350.00,100 גרם,false,,14.90,4.2571,true,1,323158
7290002661900,false,לחמניה שמיניה שומשום/פרג 6 יח' 720 גר',מאפית י את א ברמן בע,IL,מארז 6 לחמניות 720 ג,גרמים,720.00,100 גרם,false,,10.90,1.5139,true,1,317037
7290002661948,false,לחמניות כפריות ארוכות 6יח בשקית,מאפית י את א ברמן בע,IL,מארז 6 לחמניות כפריו,גרמים,720.00,100 גרם,false,,10.90,1.5139,true,1,317430
7290002661962,false,קרקר תירס פריך בתוספ,אבונט ק.פ.ט,HU,קרקר תירס פריך בתוספ,גרמים,100.00,100 גרם,false,,8.90,8.9000,true,1,327853
7290002661979,false,פתית פריך פישתן כשלפ 100גר,אבונט ק.פ.ט.,HU,קרקר תירס פריך בתוספ,גרמים,100.00,100 גרם,false,,8.90,8.9000,true,1,327854
7290002661986,false,"פתית פריך תירס כשל""פ 100גר",אבונט ק.פ.ט.,HU,קרקר תירס פריך ברמן,גרמים,100.00,100 גרם,false,,8.90,8.9000,true,1,327855
7290002664987,false,שוקונית בפח 500 גרם,דרומה י.א.ט בעמ,IL,שוקונית בפח 500 גרם,גרמים,500.00,100 גרם,false,,9.90,1.9800,true,1,261586
7290002701026,false,פארפל בתנור 400 גר' משובח,גיי אפ פי ייצור מזון,IL,פערפיל בתנור משובח 4,גרמים,400.00,100 גרם,false,,7.90,1.9750,true,1,261590
7290002716280,false,שבבי תפוא דרומה 500,דרומה י.א.ט בעמ,IL,שבבי תפוא דרומה 500,גרמים,500.00,100 גרם,false,,8.90,1.7800,true,1,261597
7290002716402,false,אגוז מלך טבעי דרומה,דרומה י.א.ט בעמ,IL,אגוז מלך טבעי דרומה,גרמים,400.00,100 גרם,false,,24.90,6.2250,true,1,261600
7290002716419,false,שקד קלוף דרומה 400 ג,דרומה י.א.ט בעמ,IL,שקד קלוף דרומה 400 ג,גרמים,400.00,100 גרם,false,,24.90,6.2250,true,1,261601
7290002716600,false,דבש דרומה 500 גרם,נחלת ראובן,IL,דבש דרומה 500 גרם,גרמים,500.00,100 גרם,false,,19.90,3.9800,true,1,261602
7290002716945,false,"שוקונית משקה קקאו 1 ק""ג",דרומה י.א.ט בעמ,IL,"שוקונית 1 ק""ג דרומה",פריט,1.00,"ק""ג",false,,12.90,12.9000,true,1,261609
7290002730811,false,"משחת שיניים ג'ל פסים מרעננים קולגייט 100 מ""ל",הנסיך- מפעל לייצור ט,PL,משחת קולגייט טריפל ג,גרמים,100.00,100 גרם,false,,11.90,11.9000,true,1,267809
7290002730903,false,פלמוליב סבון מוצק ורדים רביעייה * 125 ג',הנסיך- מפעל לייצור ט,TR,סבון מוצק פלמוליב ור,גרמים,360.00,100 גרם,false,,16.50,4.5833,true,1,298930
7290002730958,false,סבון מוצק בניחוח זיתים ואלוורה פלמוליב 4*100 גרם,הנסיך- מפעל לייצור ט,TR,סבון מוצק פלמוליב יר,גרמים,360.00,100 גרם,false,,16.50,4.5833,true,1,298932
7290002739159,false,רולדה בקר קהילות מחיר לפ,,,רולדה בקר קהילות,קילוגרמים,1.00,"ק""ג",true,,59.90,59.9000,true,1,266953
7290002739173,false,גולש עגל קהילות מחיר לפי,,,גולש עגל קהילות,קילוגרמים,1.00,"ק""ג",true,,59.90,59.9000,true,1,266954
7290002739357,false,בשר מס 4 כתף מרכזי ק,,,בשר מס 4 כתף מרכזי ק,קילוגרמים,1.00,"ק""ג",true,,69.90,69.9000,true,1,272348
7290002739906,false,עצמות עוף קפוא קהילו,,,עצמות עוף קפוא קהילו,קילוגרמים,1.00,"ק""ג",true,,6.90,6.9000,true,1,273085
7290002752493,false,רביעיה סוכריות מנטה 4* 16 ג' טיק טק,פררו - אלבה,ZA,סוכריות טיק טק מנטה,Unknown,0.00,יחידה,false,,9.90,0.0000,true,1,274265
7290002753223,false,רביעייה סוכריות תפוז 4*16 ג' טיק טק,פררו - אלבה,ZA,סוכריות טיק טק תפוז,Unknown,0.00,יחידה,false,,9.90,0.0000,true,1,302915
7290002757139,false,מלאווח תימני מקורי 3 האופים 700 גר',שלושת האופים,IL,מלוואח ש.האופים 700,גרמים,700.00,100 גרם,false,,9.90,1.4143,true,1,265244
7290002757146,false,"קובה חמוסטה למרק שלושת האופים 1 ק""ג","שלושת האופים בע""\מ",IL,קובה חמוסטה ש.האופים,פריט,1.00,"ק""ג",false,,18.90,18.9000,true,1,264271
7290002757511,false,קציצות דג לבישול דלידג 750 גרם,האי נאם סי או אל.טי.,IL,קציצות דג לבישול דלי,גרמים,750.00,100 גרם,false,,24.90,3.3200,true,1,264804
7290002768036,false,"מי פה תיאדנט ענק מונע עששת 150מ""ל",אמיליה קוסמטיקס,IL,"מי פה תיאדנט 150 מ""ל",מיליליטרים,150.00,"100 מ""ל",false,,14.70,9.8000,true,1,261622
7290002768043,false,"תיאדנט מי-פה ענק פלאוריד 150 מ""ל",אמיליה קוסמטיקס בע'\'\מ,IL,מי פה תיאדנט פלואורי,מיליליטרים,150.00,"100 מ""ל",false,,14.70,9.8000,true,1,261623
7290002768074,false,אל סבון נוזלי רגיל דרמפון 1 ליטר,"אמיליה קוסמטיקס בע""מ",IL,דרמפון 1 ליטר,קילוגרמים,1.00,ליטר,false,,17.90,17.9000,true,1,261624
7290002775317,false,פילה דג זהבנון 1קג יח,דלידג - נטו,IL,פילה זהבנון ל.עור דל,פריט,1.00,"ק""ג",false,,22.90,22.9000,true,1,265700
7290002780007,false,מלפפונים במלח 30-36 בני דרום א10,בני דרום,IL,מלפפון במלח 30-36 בנ,פריט,3.00,"ק""ג",false,,16.90,5.6333,true,1,261625
7290002780045,false,מלפפון בחומץ ‏36‏-‏3,בני דרום,IL,מלפפון בחומץ 30-36 ב,פריט,3.00,"ק""ג",false,,16.90,5.6333,true,1,261626
7290002780571,false,מלפפון במלח 15-20 בני דרום א5,בני דרום,IL,מלפפון במלח 15-20 בנ,פריט,1.25,"ק""ג",false,,8.90,7.1200,true,1,261628
7290002780601,false,מלפפון בחומץ בני דרום 15-20 250 גרם,בני דרום,IL,מלפפון בחומץ 15-20 ב,פריט,1.25,"ק""ג",false,,8.90,7.1200,true,1,261630
7290002781264,false,סירופ בטעם שוקולד 700 גרם,מיטב,IL,סירופ בטעם שוקולד מי,גרמים,700.00,100 גרם,false,,10.90,1.5571,true,1,267767
7290002781271,false,סירופ בטעם מייפל 700 גרם,מיטב,IL,סירופ בטעם מייפל מיט,גרמים,700.00,100 גרם,false,,10.90,1.5571,true,1,267768
7290002781691,false,ממרח קקאו בטעם שוקול,מיטב,IL,ממרח קקאו בטעם שוקול,גרמים,400.00,100 גרם,false,,4.90,1.2250,true,1,267770
7290002804765,false,חזה עוף קפוא דליקטסו,,,חזה עוף קפוא דליקטסו,קילוגרמים,1.00,"ק""ג",true,,31.90,31.9000,true,1,270434
7290002808527,false,חומץ תפוחים 5% טבעי,אולד דטש,US,חומץ תפוחים 5% טבעי,מיליליטרים,946.00,"100 מ""ל",false,,10.90,1.1522,true,1,331860
7290002814016,false,"מסיר שומנים מתז 750 מ""ל סנט מוריץ כשל""פ עד""ח","קומפלקס כימיקלים בע""",IL,תרסיס סנט מוריץ מסיר,מיליליטרים,750.00,"100 מ""ל",false,,8.90,1.1867,true,1,264794
7290002814603,false,"סנט מוריץ - מרסס מסיר שומנים קר מבושם לימון 750 מ""ל",קומפלקס כימיקלים בעמ,IL,תרסיס סנט מוריץ מסיר,מיליליטרים,750.00,"100 מ""ל",false,,9.90,1.3200,true,1,315020
7290002824183,false,"גבינה לבנה סקי 500 גרם 5% ""שטראוס"" -מוצר בפיקוח",מיוצר עי קונדיטוריית,IL,גבינה 5% סקי 500 גרם,גרמים,500.00,100 גרם,false,,8.90,1.7800,true,1,261634
7290002824466,false,יוגורט דנונה ביו לבן 0% שומן 200 גרם,"שטראוס בריאות בע""\מ",IL,יוגורט ביו דנונה 0%,גרמים,200.00,100 גרם,false,,3.40,1.7000,true,1,301943
7290002824640,false,"גבינת סקי 250 גרם 5% ""שטראוס"" -מוצר בפיקוח",מיוצר עי קונדיטוריית,IL,גבינה 5% סקי 250 גרם,גרמים,250.00,100 גרם,false,,4.50,1.8000,true,1,261635
7290002825722,false,סלט כרוב אדום אחלה 500 גרם,מיוצר עי קונדיטוריית,IL,כרוב אדום אחלה 500 ג,גרמים,500.00,100 גרם,false,,11.90,2.3800,true,1,264255
7290002868996,false,"קוטג' 5% שומן, רכיבים טבעיים, 250 גרם",קריות זול,IL,קוטג 5% טרה 250 גרם,גרמים,250.00,100 גרם,false,,4.90,1.9600,true,1,261653
7290002871248,false,"בירה טובורג רד בקבוק 500 מ""ל חוזר",מבשלות בירה בינלאומיות ב,IL,בירה טובורג רד ב.חוז,מיליליטרים,500.00,"100 מ""ל",false,,6.90,1.3800,true,1,269576
7290002871361,false,"בירה קרלסברג בקבוק 500 מ""ל חוזר",מבשלות בירה בינלאומיות ב,IL,בירה קרלסברג ב.חוזר,מיליליטרים,500.00,"100 מ""ל",false,,7.90,1.5800,true,1,269575
7290002904694,false,"טיטניום דאודורנט ספריי לגברים 150 מ""ל","אמיליה קוסמטיקס בע""מ",IL,דאו ספריי טיטניום 18,מיליליטרים,180.00,"100 מ""ל",false,,13.90,7.7222,true,1,261702
7290002920311,false,גבינת קממבר צאן במשק,מחלבות גד,IL,גבינה קממבר צאן גד ב,קילוגרמים,1.00,"ק""ג",true,,99.00,99.0000,true,1,268511
7290002922797,false,חזה הודו עטרה טרי אר,שונות,IL,חזה הודו טרי עטרה,קילוגרמים,1.00,"ק""ג",true,,32.90,32.9000,true,1,264444
7290002922865,false,קבב מובחר 500 גרם טאקטורו,טיבון ויל אחזקות בעמ,IL,קבב מזרחי טאק טורו 5,גרמים,500.00,100 גרם,false,,14.90,2.9800,true,1,264532
7290002922872,false,המבורגר מובחר 500 גרם טאקטורו,,IL,המבורגר טאק טורו 500,גרמים,500.00,100 גרם,false,,14.90,2.9800,true,1,264531
7290002922964,false,קוקטייל עוף טרי קהיל,,,קוקטייל עוף טרי קהיל,קילוגרמים,1.00,"ק""ג",true,,37.90,37.9000,true,1,303842
7290002922971,false,חזה עוף חצוי עם עצם,,,חזה עוף חצוי עם עצם,קילוגרמים,1.00,"ק""ג",true,,19.90,19.9000,true,1,265855
7290002929642,false,רביעיית טונה בשמן ויליגר 140 גרם,דיאמנט פוד פרודקט קו,TH,טונה בשמן ויליגר 4*1,גרמים,560.00,100 גרם,false,,16.90,3.0179,true,1,274883
7290002939108,false,חזה עוף טרי ארוז עטרה לק,שונות,IL,חזה עוף טרי עטרה,קילוגרמים,1.00,"ק""ג",true,,33.90,33.9000,true,1,261739
7290002939122,false,פרגית עוף טרי ארוז ע,,,פרגית עוף טרי עטרה,קילוגרמים,1.00,"ק""ג",true,,69.90,69.9000,true,1,261740
7290002939139,false,כנף הודו טרי ארוז עטרה,שונות,IL,כנפיים הודו טרי עטרה,קילוגרמים,1.00,"ק""ג",true,,19.90,19.9000,true,1,261741
7290002939153,false,שווארמה הודו זכר טרי עטר,שונות,IL,שווארמה הודו טרי עטר,קילוגרמים,1.00,"ק""ג",true,,44.90,44.9000,true,1,261743
7290002939160,false,בשר אדום עטרה טרי אר,שונות,IL,בשר אדום טרי עטרה,קילוגרמים,1.00,"ק""ג",true,,59.90,59.9000,true,1,261744
7290002939498,false,בשר מס' 8 שריר הזרוע עטרה,עטרה,IL,בשר מס 8 שריר קפוא ע,קילוגרמים,1.00,"ק""ג",true,,49.90,49.9000,true,1,261750
7290002939528,false,גידים בקר קפוא עטרה,,IL,גידים בקר קפוא עטרה,קילוגרמים,1.00,"ק""ג",true,,54.90,54.9000,true,1,261752
7290002939542,false,לשון בקר קפוא ב.יוסף קג,עטרה,PY,לשון בקר קפוא עטרה,קילוגרמים,1.00,"ק""ג",true,,39.90,39.9000,true,1,261754
7290003015627,false,"נוזל רצפות אפרסק 2 ליטר ""ריצפז פרש""","סנו מפעלי ברונוס בע""",IL,ריצפז פרש אפרסק 2 לי,קילוגרמים,2.00,ליטר,false,,16.90,8.4500,true,1,261802
7290003029181,false,משקה יטבתה שוקו' בקבוק 1ל מהדרין,שטראוס גרופ,IL,משקה שוקו יטבתה 1 לי,קילוגרמים,1.00,ליטר,false,,9.90,9.9000,true,1,261808
7290003029372,false,משקה חלב בטעם בננה יטבתה 1 ליטר,שטראוס גרופ,IL,משקה בננה יטבתה 1 לי,קילוגרמים,1.00,ליטר,false,,9.90,9.9000,true,1,268471
7290003029389,false,"משקה חלב בננה פקק ספורט 250 מ""ל יוטבתה",שטראוס גרופ,IL,משקה בננה בקבוק יטבת,גרמים,250.00,100 גרם,false,,3.90,1.5600,true,1,322455
7290003029433,false,"משקה יטבתה שוקו פקק 250 מ""ל מהדרין",שטראוס גרופ,IL,משקה שוקו בקבוק יטבת,גרמים,250.00,100 גרם,false,,3.90,1.5600,true,1,298740
7290003029532,false,מוקה בבקבוק יטבתה 1 ליטר מהדרין,שטראוס גרופ,IL,משקה מוקה יטבתה 1 לי,קילוגרמים,1.00,ליטר,false,,9.90,9.9000,true,1,268472
7290003029792,false,"משקה יטבתה שוקו שקיות מהדרין מארז 225X8מ""ל",שטראוס גרופ,IL,מארז שוקו שקית יטבתה,קילוגרמים,1.80,ליטר,false,,16.90,9.3889,true,1,266190
7290003029815,false,כד חלב 3% יטבתה 2 ליטר מהדרין,שטראוס גרופ,IL,חלב מועשר 3% יטבתה 2,קילוגרמים,2.00,ליטר,false,,11.90,5.9500,true,1,264259
7290003029907,false,אייס קפה יטבתה 1 ליטר מהדרין,שטראוס גרופ,IL,משקה אייס קפה יטבתה,קילוגרמים,1.00,ליטר,false,,9.90,9.9000,true,1,268470
7290003031689,false,מארז פסטרמה סלמי/כפר,טירת צבי,IL,מארז פסטרמה סלמי/כפר,פריט,1.00,"ק""ג",false,,29.90,29.9000,true,1,329800
7290003031702,false,"נקניקיות הודו מחפוד וואקום 1 ק""ג טירת צבי",טיב טירת צבי 2000,IL,נקניקיות הודו חלק טי,פריט,1.00,"ק""ג",false,,19.90,19.9000,true,1,261809
7290003031733,false,פסטרמה על גחלים מחפוד טירת צבי 400 גרם,טיב טירת צבי 2000,IL,פסטרמה גחלים טירת צב,גרמים,400.00,100 גרם,false,,24.90,6.2250,true,1,261811
7290003031740,false,פסטרמה הודו בדבש 3% טירת צבי 400 גרם,טיב טירת צבי 2000,IL,פסטרמה בדבש טירת צבי,גרמים,400.00,100 גרם,false,,24.90,6.2250,true,1,261812
7290003031757,false,פסטרמה הודו בפפריקה מחפוד טירת צבי 400 גרם,טיב טירת צבי 2000,IL,פסטרמה הודו פפריקה ט,גרמים,400.00,100 גרם,false,,24.90,6.2250,true,1,261813
7290003031788,false,צמד כפרי סלמי+פסטרמה טירת צבי 400X2ג' מחפוד,טיב טירת צבי 2000,IL,מארז פסטרמה הודו+סלמ,גרמים,800.00,100 גרם,false,,23.90,2.9875,true,1,261815
7290003031849,false,"פסטרמה כפרית דבש וברביקיו צמד ט.צבי 300X2ג' בד""ץ",טיב טירת צבי 2000,IL,מארז פסטרמה כפרית דב,גרמים,600.00,100 גרם,false,,22.90,3.8167,true,1,303037
7290003054657,false,חרדל ריין דיז'ון אקסטרה פורטה 370 גרם,מרום את קונפינו,FR,חרדל דיזון אקסטרא פו,גרמים,370.00,100 גרם,false,,8.90,2.4054,true,1,265365
7290003060009,false,"קמח חיטה לבן בהיר טחנות ישראליות 1 ק""ג",טחנות ישראליות,IL,קמח בהיר טחנות ישראל,פריט,1.00,"ק""ג",false,,3.90,3.9000,true,1,264479
7290003060023,false,"סולת חיטה 1 ק""ג מטחנות ישראליות",טחנות ישראליות,IL,סולת טחנות ישראליות,פריט,1.00,"ק""ג",false,,4.90,4.9000,true,1,264480
7290003069705,false,"פיצה אישית גבינה דק 80 ג' תפזורת בד""צ",שלושת האופים,IL,פיצה מרגריטה ש.האופי,גרמים,80.00,100 גרם,false,,2.80,3.5000,true,1,266661
7290003072521,false,כתף בקר מעושן מחפוד טירת צבי 300 גרם,טיב טירת צבי 2000,IL,פסטרמה כתף בקר מעושנ,גרמים,300.00,100 גרם,false,,24.90,8.3000,true,1,322117
7290003078042,false,אריסה פרג 250 גרם,תבליני הדור השלישי,IL,אריסה פרג 250 גרם,גרמים,250.00,100 גרם,false,,14.90,5.9600,true,1,261825
7290003078066,false,שום כתוש פרג 250 גרם,תבליני הדור השלישי,IL,שום כתוש פרג 250 גרם,גרמים,250.00,100 גרם,false,,14.90,5.9600,true,1,261827
7290003078073,false,תיבול לשניצל קלאסי 400 גרם,תבליני הדור השלישי,IL,תיבול לשניצל פרג 400,גרמים,400.00,100 גרם,false,,12.90,3.2250,true,1,278437
7290003078516,false,פלפל צומה פרג 250 גר,תבליני הדור השלישי,IL,פלפל צומה פרג 250 גר,גרמים,250.00,100 גרם,false,,14.90,5.9600,true,1,261829
7290003078554,false,תיבול לשניצל מקסיקני 400 גרם,תבליני הדור השלישי,IL,תיבול לשניצל מקסיקני,גרמים,400.00,100 גרם,false,,12.90,3.2250,true,1,278438
7290003078561,false,תיבול לשניצל אמריקאי 400 גרם,תבליני הדור השלישי,IL,תיבול לשניצל אמריקאי,גרמים,400.00,100 גרם,false,,12.90,3.2250,true,1,278439
7290003078639,false,פפריקה מתוקה בשמן פר,תבליני הדור השלישי,IL,פפריקה מתוקה בשמן פר,גרמים,500.00,100 גרם,false,,34.90,6.9800,true,1,261831
7290003078684,false,פלפל שחור פרג 400 גר,תבליני הדור השלישי,IL,פלפל שחור פרג 400 גר,גרמים,400.00,100 גרם,false,,29.90,7.4750,true,1,280585
7290003078721,false,סחוג פרג 250 גרם,תבליני הדור השלישי,IL,סחוג פרג 250 גרם,גרמים,250.00,100 גרם,false,,14.90,5.9600,true,1,261832
7290003078738,false,לימון בלאדי ק 250 גרם,תבליני הדור השלישי,IL,לימון בלאדי פרג 250,גרמים,250.00,100 גרם,false,,14.90,5.9600,true,1,263798
7290003087259,false,באגסי חטיף חיטה גריל 200 גרם,א מ חטיפי העמק בעמ,IL,באגסי גריל 200 גרם,גרמים,200.00,100 גרם,false,,3.90,1.9500,true,1,264731
7290003087266,false,באגסי חטיף חיטה בצל 190 גרם,א מ חטיפי העמק בעמ,IL,באגסי בצל 190 גרם,גרמים,190.00,100 גרם,false,,3.90,2.0526,true,1,264733
7290003087273,false,באגסי חטיף חיטה ברביקיו 200 גרם,א מ חטיפי העמק בעמ,IL,באגסי ברביקיו 200 גר,גרמים,200.00,100 גרם,false,,3.90,1.9500,true,1,264730
7290003087594,false,באגסי חטיף חיטה פיצה 200 גרם,א מ חטיפי העמק בעמ,IL,באגסי פיצה 190 גרם,גרמים,190.00,100 גרם,false,,3.90,2.0526,true,1,266879
7290003087945,false,חטיף בוטנים בולי בודד 80 גרם,א מ חטיפי העמק בעמ,IL,בולי 80 גרם,גרמים,80.00,100 גרם,false,,2.90,3.6250,true,1,264734
7290003087952,false,בולי חטיף בוטנים 250 גרם מארז 10 יחידות,א מ חטיפי העמק בעמ,IL,מארז בולי 10*25 גרם,גרמים,250.00,100 גרם,false,,7.90,3.1600,true,1,265127
7290003102280,false,55קיסמי אוזניים עם שסתום,טוליפס,CN,צמרוני אוזניים לתינו,Unknown,0.00,יחידה,false,,3.90,0.0000,true,1,334961
7290003107353,false,משפר אפיה ביתי שטיבל 30 גרם,ט.ק דגן טכנולוגיות ב,IL,משפר אפיה שטיבל 30 ג,גרמים,30.00,100 גרם,false,,5.90,19.6667,true,1,267256
7290003119509,false,פקדון בקבוק בירה ריק,,,פקדון בקבוק בירה ריק,Unknown,0.00,יחידה,false,,1.20,0.0000,true,1,269574
7290003203086,false,גרונות הודיות-במגש-קפוא,מ ב גלאט עוף למהדרין,IL,גרונות הודיות קפוא ג,קילוגרמים,1.00,"ק""ג",true,,33.90,33.9000,true,1,261867
7290003203338,false,חזה בקר כבוש קורנביף,גלאט עוף,IL,חזה בקר כבוש קורנביף,קילוגרמים,1.00,"ק""ג",true,,84.90,84.9000,true,1,297169
7290003203369,false,שוקיים עוף-(ב)-במגש-קפוא,גלאט עוף,IL,שוקיים עוף קפוא גלאט,קילוגרמים,1.00,"ק""ג",true,,34.90,34.9000,true,1,296623
7290003203581,false,פלאנקן בקר לחמין-קמעונאי-קפוא,ביראניצקי,PL,בשר מס 9 פלאנקען לחמ,קילוגרמים,1.00,"ק""ג",true,,89.90,89.9000,true,1,338047
7290003222070,false,פיתות חומרים טבעי100*13ג,מאפיית המכבים,IL,פיתות המכבים 13 יח,פריט,1.36,"ק""ג",false,,9.90,7.2794,true,1,307900
7290003222094,false,פיתה ביס 11 יח' המכבים,מאפיית טעמי הכפר,IL,פיתות ביס המכבים 11,גרמים,550.00,100 גרם,false,,8.90,1.6182,true,1,274605
7290003222780,false,פיתות מקמח מלא מאפיית המכבים 5 יחידות,מאפיית המכבים,IL,פיתות קמח מלא המכבים,גרמים,500.00,100 גרם,false,,4.90,0.9800,true,1,261874
7290003222797,false,פיתה קמח כוסמין 10 יח' המכבים,מאפיית המכבים,IL,פיתות כוסמין המכבים,גרמים,500.00,100 גרם,false,,12.90,2.5800,true,1,310893
7290003249794,false,בשר ראש טרי קהילות,,,בשר ראש טרי קהילות,קילוגרמים,1.00,"ק""ג",true,,119.90,119.9000,true,1,318319
7290003318100,false,וופל בטעם שוקולד מנעמים 200 ג',מנעמים תעשיות מזון,IL,ופל שוקולד מנעמים 20,גרמים,200.00,100 גרם,false,,2.90,1.4500,true,1,265787
7290003318131,false,וופל קלאסיק אגוז מנעמים 200ג',מנעמים תעשיות מזון,IL,ופל אגוז מנעמים 200,גרמים,200.00,100 גרם,false,,2.90,1.4500,true,1,265790
7290003318155,false,וופל טעם לימון מנעמים 200 ג',מנעמים תעשיות מזון,IL,ופל לימון מנעמים 200,גרמים,200.00,100 גרם,false,,2.90,1.4500,true,1,265788
7290003318162,false,ופל מצופה בריידמן 80,מנעמים תעשיות מזון,IL,ופל מצופה בריידמן 80,גרמים,800.00,100 גרם,false,,13.90,1.7375,true,1,319596
7290003318599,false,וופלים וניל מנעמים 200 גרם,מנעמים תעשיות מזון,IL,ופל וניל מנעמים 200,גרמים,200.00,100 גרם,false,,2.90,1.4500,true,1,265789
7290003319084,false,גפילטע פיש 12 קציצות בצנצנת הדג המיוחד 670 גרם,דג טעים בעמ,IL,גפילטע פיש הדג המיוח,פריט,1.45,"ק""ג",false,,21.90,15.1034,true,1,266163
7290003319145,false,גפילטע פיש הדג המיוח,דג טעים בעמ,IL,גפילטע פיש הדג המיוח,פריט,1.01,"ק""ג",false,,14.90,14.7525,true,1,304488
7290003321155,false,יוגורט בר עם פקאן מצופה שוקולד 183 ג' דנונה,"שטראוס בריאות בע""\מ",IL,דנונה בר פקאן,מיליליטרים,175.00,"100 מ""ל",false,,3.90,2.2286,true,1,261886
7290003387410,false,שלישיית פדים להסרת איפור בלונס 80 יחידות,ספטונה,GR,פדים להסרת איפור בלו,Unknown,0.00,יחידה,false,,16.90,0.0000,true,1,303857
7290003411054,false,שקיות צליה גדול דליקטס רוסטי הנמל 5יח`,סאדאת איסטנבול,TR,שקיות לצליה רוסטי ענ,Unknown,0.00,יחידה,false,,3.90,0.0000,true,1,261921
7290003411948,false,צמר גפן הנמל 100 יחידות,הנמל,TR,צמר גפן הנמל 100 גרם,Unknown,0.00,יחידה,false,,3.90,0.0000,true,1,261936
7290003411993,false,גפרורים הנמל 10 יחידות,"איטיליאן פוד, אס.פי.",SE,גפרורים 10 יח,Unknown,0.00,יחידה,false,,1.90,0.0000,true,1,261937
7290003424269,false,פילה פורל נורווגי צ,,,פילה פורל נורווגי צ,קילוגרמים,1.00,"ק""ג",true,,39.90,39.9000,true,1,338388
7290003427154,false,"שמן זית כתית מעולה טעם מעודן זיתא 750 מ""ל",זיתא תעשיות שמן זיתt\,IL,שמן זית כתית פיית מז,מיליליטרים,750.00,"100 מ""ל",false,,26.90,3.5867,true,1,271456
7290003450602,false,ממרח חרדל היינץ לחיץ 255 גרם,היינץ צפון אמריקה מקבוצת ה.י.היינץ,US,ממרח חרדל לחיץ היינץ,גרמים,255.00,100 גרם,false,,7.50,2.9412,true,1,267799
7290003491162,false,חיזוקית הדס 100 טבלי,,,חיזוקית הדס 100 טבלי,Unknown,0.00,יחידה,false,,74.90,0.0000,true,1,333762
7290003491827,false,חיזוקית סירופ בטעם תותי פרוטי,CHEMIPAL (FLORIS,,סירופ חיזוקית הדס תו,מיליליטרים,250.00,"100 מ""ל",false,,49.90,19.9600,true,1,333763
7290003521340,false,"קמיל בלו אל סבון קלאסיק ד""ר פישר 2 ליטר",פישר מעבדות פרמצבטיות בע,IL,"אל סבון קמיל בלו ד""ר",קילוגרמים,2.00,ליטר,false,,35.90,17.9500,true,1,261971
7290003521395,false,"קמיל בלו אל סבון לתינוק ד""ר פישר 2 ליטר",פישר מעבדות פרמצבטיות בע,IL,אל סבון קמיל בלו סנס,קילוגרמים,2.00,ליטר,false,,35.90,17.9500,true,1,261972
7290003521463,false,"קמיל בלו שמפו לשיער אל דמע ד""ר פישר 2 ליטר",פישר מעבדות פרמצבטיות בע,IL,שמפו אלדמע קמיל בלו,קילוגרמים,2.00,ליטר,false,,35.90,17.9500,true,1,261973
7290003521760,false,"אפטרסול ג'ל אלוורה שפורפרת ד""ר פישר 200 מ""ל",פישר מעבדות פרמצבטיות בע,IL,ג'ל לחות אלוורה אולט,מיליליטרים,200.00,"100 מ""ל",false,,17.90,8.9500,true,1,337608
7290003550753,false,רביעיית טונה בשמן פוסידון 108 גרם,"מיוצר עי וליגר בעמ,",IL,טונה בשמן פוסידון 4,גרמים,432.00,100 גרם,false,,18.90,4.3750,true,1,261981
7290003578313,false,דובדבנים ללא חרצנים ויליפוד 680 גרם,דל מונטה היילס אס.אי,HR,דובדבנים חמוצים מגול,גרמים,680.00,100 גרם,false,,8.90,1.3088,true,1,261988
7290003643004,false,"סוגת אורז בסמטי קלאסי 1 ק""ג",האי נאם סי או אל.טי.,IL,"אורז בסמטי סוגת 1 ק""",פריט,1.00,"ק""ג",false,,11.90,11.9000,true,1,261995
7290003643646,false,"סוכר דמררה קלאסי בצנצנת סוגת 1 ק""ג",האי נאם סי או אל.טי.,IL,"סוכר דמררה סוגת 1 ק""",פריט,1.00,"ק""ג",false,,8.90,8.9000,true,1,261997
7290003672073,false,פילה אמנון פאר הדג 5,ג.עופר,CN,פילה אמנון פאר הדג 5,קילוגרמים,1.00,"ק""ג",true,,29.90,29.9000,true,1,301510
7290003681242,false,זעתר בצנצנת מיה 50 גרם,מיה תעשיות מזון מ.ת.מ. ב,IL,זעתר מיה 50 גרם,גרמים,50.00,100 גרם,false,,4.90,9.8000,true,1,262012
7290003681723,false,תבלין לפיצה בצנצנת מיה 80 גרם,מיה תעשיות מזון מ.ת.מ. ב,IL,תבלין לפיצה מיה 80 ג,גרמים,80.00,100 גרם,false,,4.90,6.1250,true,1,262019
7290003681730,false,תבלין לגריל דג מיה 80 גרם,מיה תעשיות מזון מ.ת.מ. ב,IL,תבלין גריל דג מיה 80,גרמים,80.00,100 גרם,false,,4.90,6.1250,true,1,262020
7290003681747,false,תבלין גריל בשר בשקית 80 גר' מיה,מיה תעשיות מזון מ.ת.מ. ב,IL,תבלין גריל בשר מיה 8,גרמים,80.00,100 גרם,false,,4.90,6.1250,true,1,262021
7290003681754,false,אבקת קארי 80 גרם צנצנת,מיה תעשיות מזון מ.ת.מ. ב,IL,תבלין קארי מיה 80 גר,גרמים,80.00,100 גרם,false,,4.90,6.1250,true,1,262022
7290003681761,false,גבישי שום בצנצנת מיה 80 גרם,מיה תעשיות מזון מ.ת.מ. ב,IL,גבישי שום מיה 80 גרם,גרמים,100.00,100 גרם,false,,5.90,5.9000,true,1,262023
7290003681792,false,סוכריות טופי בטעם פירות מיה 850 גרם,מיה תעשיות מזון מ.ת.מ. ב,IL,סוכריות טופי מיה 850,גרמים,850.00,100 גרם,false,,13.90,1.6353,true,1,262024
7290003726592,false,טופו מתובל בפסטו במרקם קלאסי,"משק ויילר בע""\מ",IL,טופו מתובל בפסטו משק,מיליליטרים,300.00,"100 מ""ל",false,,10.90,3.6333,true,1,335730
7290003726615,false,"טופו ויילר 300 גרם ""שטראוס""",הדקלאים אגודת שיתופי,IL,טופו הבית משק ויילר,מיליליטרים,300.00,"100 מ""ל",false,,10.90,3.6333,true,1,335731
7290003751099,false,"עוף מחולק קפוא בד""ץ לק""ג",גלאט עוף,IL,עוף מחולק קפוא גלאט,קילוגרמים,1.00,"ק""ג",true,,25.90,25.9000,true,1,262030
7290003751105,false,כרעיים עוף-במגש-קפוא,מ ב גלאט עוף למהדרין,IL,כרעיים עוף קפוא גלאט,קילוגרמים,1.00,"ק""ג",true,,39.90,39.9000,true,1,262031
7290003751112,false,"עוף טחון 500 גר' קפוא בד""ץ",גלאט עוף,IL,עוף טחון 100% גלאט ע,גרמים,500.00,100 גרם,false,,22.90,4.5800,true,1,280857
7290003751136,false,כנפיים עוף-במגש-קפוא,מ ב גלאט עוף למהדרין,IL,כנפיים עוף קפוא גלאט,קילוגרמים,1.00,"ק""ג",true,,9.90,9.9000,true,1,262032
7290003751143,false,"גרונות עוף קפוא בד""ץ לקג",גלאט עוף,IL,גרונות עוף קפוא גלאט,קילוגרמים,1.00,"ק""ג",true,,7.90,7.9000,true,1,262033
7290003751150,false,חזה עוף קפוא גלאט עו,גלאט עוף,IL,חזה עוף קפוא גלאט עו,קילוגרמים,1.00,"ק""ג",true,,42.90,42.9000,true,1,280859
7290003751174,false,גולש בקר-קמעונאי-קפוא,מ ב גלאט עוף למהדרין,IL,גולש עגל גלאט עוף,קילוגרמים,1.00,"ק""ג",true,,79.90,79.9000,true,1,262035
7290003751204,false,רולדה הודו גלאט עוף,מ ב גלאט עוף למהדרין,IL,רולדה הודו גלאט עוף,קילוגרמים,1.00,"ק""ג",true,,45.90,45.9000,true,1,262036
7290003751211,false,בשר טחון 500 גרם בדץ קפוא,מ ב גלאט עוף למהדרין,IL,בקר טחון גלאט עוף 50,גרמים,500.00,100 גרם,false,,43.90,8.7800,true,1,276653
7290003751235,false,רולדה בקר-קמעונאי-קפוא,גלאט עוף,IL,רולדה עגל גלאט עוף,קילוגרמים,1.00,"ק""ג",true,,79.90,79.9000,true,1,294698
7290003751242,false,הודו טחון גלאט 500 גרם,מ ב גלאט עוף למהדרין,IL,הודו טחון גלאט עוף 5,גרמים,500.00,100 גרם,false,,21.90,4.3800,true,1,262038
7290003751457,false,כנפיים הודיות-במגש-קפוא,מ ב גלאט עוף למהדרין,IL,כנפיים הודיות קפוא ג,קילוגרמים,1.00,"ק""ג",true,,14.90,14.9000,true,1,277946
7290003751501,false,הודו אדום-מעובד-קמעונאי,מ ב גלאט עוף למהדרין,IL,הודו אדום קפוא גלאט,קילוגרמים,1.00,"ק""ג",true,,42.90,42.9000,true,1,262039
7290003751532,false,עוף מס 2 קפוא גלאט ע,מ ב גלאט עוף למהדרין,IL,עוף מס 2 קפוא גלאט ע,קילוגרמים,1.00,"ק""ג",true,,24.90,24.9000,true,1,262040
7290003751600,false,שניצל עוף-פרוס-במגש-קפוא,גלאט עוף,IL,שניצל עוף קפוא גלאט,קילוגרמים,1.00,"ק""ג",true,,47.90,47.9000,true,1,280864
7290003751709,false,כתף בקר (4) קמעונאי-קפוא,ביראניצקי,PL,בשר מס 4 כתף מרכזי ק,קילוגרמים,1.00,"ק""ג",true,,89.90,89.9000,true,1,280866
7290003751716,false,פילה מדומה בקר (6) קמעונאי-קפוא,ביראניצקי,PL,בשר מס 6 פילה מדומה,קילוגרמים,1.00,"ק""ג",true,,99.90,99.9000,true,1,280867
7290003751761,false,בשר מס 9 פלאנקען קפו,ביראניצקי,PL,בשר מס 9 פלאנקען קפו,קילוגרמים,1.00,"ק""ג",true,,89.90,89.9000,true,1,280872
7290003751839,false,"עצמות עוף למרק בד""ץ לק""ג",גלאט עוף,IL,עצמות עוף קפוא גלאט,קילוגרמים,1.00,"ק""ג",true,,6.90,6.9000,true,1,280874
7290003751846,false,ירכיים עוף-6 יחידות במגש-קפוא,מ ב גלאט עוף למהדרין,IL,ירכיים עוף קפוא גלאט,קילוגרמים,1.00,"ק""ג",true,,39.90,39.9000,true,1,262044
7290003751945,false,צלי כתף בקר (5) קמעונאי-קפוא,ביראניצקי,PL,בשר מס 5 צלי כתף קפו,קילוגרמים,1.00,"ק""ג",true,,129.90,129.9000,true,1,280877
7290003751990,false,עוף מס 3 קפוא גלאט ע,גלאט עוף,IL,עוף מס 3 קפוא גלאט ע,קילוגרמים,1.00,"ק""ג",true,,24.90,24.9000,true,1,262046
7290003779499,false,גינגר ארוז 200 גרם,"מרינה פטריות הגליל בע""מ",IL,גינגר ארוז 200 גרם,גרמים,200.00,100 גרם,false,,8.90,4.4500,true,1,277554
7290003882922,false,עלי גפן ממולאים באורז וילי פוד 360 גרם,הזה פלאקספו פוד קו ב,CN,עלי גפן ממולאים וילי,גרמים,400.00,100 גרם,false,,8.50,2.1250,true,1,262068
7290003989096,false,סלט חצילים פיקנטי אחלה 500 גרם,מיוצר עי קונדיטוריית,IL,חציל פיקנטי אחלה 500,גרמים,500.00,100 גרם,false,,14.90,2.9800,true,1,264250
7290003989539,false,לורנצו רביולי במילוי גבינה,מיוצר עי קונדיטוריית,IL,רביולי גבינה קלאסי ש,גרמים,400.00,100 גרם,false,,17.90,4.4750,true,1,262069
7290003989553,false,פסטה טורטליני גבינה ופטריות 400 גרם,מיוצר עי קונדיטוריית,IL,טורטליני פטריות שטרא,גרמים,400.00,100 גרם,false,,17.90,4.4750,true,1,262070
7290003996018,false,חסה ערבית (שקית ) חסלט,נסטלה קוריאה - קפה,IL,חסה ערבית גלאט,Unknown,0.00,יחידה,false,,7.90,0.0000,true,1,262071
7290003996049,false,פטרוזיליה טרי ארוז חסלט,נסטלה שוויץ - רורשאך,IL,פטרוזיליה מהדרין,Unknown,0.00,יחידה,false,,6.90,0.0000,true,1,262072
7290003996056,false,כוסברה חסלט כפרי טרי,יעל ירק עלים,IL,כוסברה מהדרין,Unknown,0.00,יחידה,false,,6.90,0.0000,true,1,262073
7290003996063,false,שמיר חסלט כפרי טרי,יעל ירק עלים,IL,שמיר מהדרין,Unknown,0.00,יחידה,false,,6.90,0.0000,true,1,262074
7290003996070,false,נענע חסלט כפרי טרי,יעל ירק עלים,IL,נענע מהדרין,Unknown,0.00,יחידה,false,,6.90,0.0000,true,1,262075
7290003996087,false,בצל ירוק חסלט כפרי טרי,יעל ירק עלים,IL,בצל ירוק גלאט,Unknown,0.00,יחידה,false,,7.90,0.0000,true,1,262076
7290003996094,false,סלרי אמריקאי חסלט כפרי טרי,יעל ירק עלים,IL,סלרי מהדרין,Unknown,0.00,יחידה,false,,7.90,0.0000,true,1,263661
7290003996117,false,"כרוב לבן שלם חסלט 1 ק""ג",יעל ירק עלים,IL,כרוב לבן חסלט,קילוגרמים,1.00,"ק""ג",true,,14.90,14.9000,true,1,262077
7290003996186,false,בזיליקום חסלט כפרי טרי,נסטלה קוריאה - קפה,IL,בזיליקום חסלט,Unknown,0.00,יחידה,false,,7.90,0.0000,true,1,262080
7290003996506,false,כרוב לבן קצוץ 400 גרם חסלט,יעל ירק עלים,IL,כרוב לבן 400 גרם,גרמים,400.00,100 גרם,false,,11.90,2.9750,true,1,262083
7290003996513,false,כרוב אדום קצוץ 400 גרם חסלט-כפרי טרי,יעל ירק עלים,IL,כרוב אדום 400 גרם,גרמים,400.00,100 גרם,false,,11.90,2.9750,true,1,262084
7290003996537,false,גזר קצוץ 400 גרם חסלט כפרי טרי,יעל ירק עלים,IL,שבבי גזר 400 גרם,גרמים,410.00,100 גרם,false,,11.90,2.9024,true,1,262085
7290003996544,false,חסה אייסברג קצוצה 300 גרם חסלט כפרי טרי,יעל ירק עלים,IL,חסה קצוצה 300 גרם,גרמים,310.00,100 גרם,false,,12.90,4.1613,true,1,262086
7290003996551,false,קולסלאו 400 גרם חסלט כפרי טרי,יעל ירק עלים,IL,סלט קולסלאו 400 גרם,גרמים,400.00,100 גרם,false,,11.90,2.9750,true,1,262087
7290003996605,false,לקט ירקות ים תיכוני חסלט 400 גרם,יעל ירק עלים,IL,לקט ים תיכוני 350 גר,גרמים,350.00,100 גרם,false,,12.90,3.6857,true,1,262088
7290003996742,false,עלי סלק תרדי מהדרין כפרי טרי חסלט 200 גרם,סוגת תעשיות בעמ,IL,עלי תרד שטופים 200 ג,גרמים,300.00,100 גרם,false,,13.90,4.6333,true,1,277005
7290003996971,false,"כרוב לבן קצוץ 1ק""ג חסלט",יעל ירק עלים,IL,"כרוב לבן קצוץ 1 ק""ג",פריט,1.00,"ק""ג",false,,19.90,19.9000,true,1,262092
7290003996995,false,"קולסלאו 1 ק""ג חסלט",יעל ירק עלים,IL,"סלט קולסלאו 1 ק""ג",פריט,1.00,"ק""ג",false,,17.90,17.9000,true,1,262094
7290004011284,false,"ריץ' בסיס להכנת קצפת 212 מ""ל",ריצ' פרודקטס קורפריי,US,בסיס להכנת קצפת 25%,מיליליטרים,212.00,"100 מ""ל",false,,8.90,4.1981,true,1,265640
7290004011345,false,"ספריי קצפת מתוקה מוכנה פרווה ריץ' 238 מ""ל",האי נאם סי או אל.טי.,IT,תרסיס קצפת צמחית ריץ,מיליליטרים,250.00,"100 מ""ל",false,,8.90,3.5600,true,1,267618
7290004023041,false,"לחם שיפון ללא שמרים ד""ר מרק 750 גר'",המאפה של דר מרק בריא,IL,לחם מחמצת שיפון דר מ,גרמים,750.00,100 גרם,false,,13.90,1.8533,true,1,304395
7290004033712,false,לחם עננים מקמח מלא עם פרוסות עבות,מאפית י את א ברמן בע,IL,לחם עננים קמח חיטה מ,גרמים,750.00,100 גרם,false,,15.50,2.0667,true,1,332346
7290004033729,false,לחם עננים מקמח כוסמין עם פרוסות עבות,מאפית י את א ברמן בע,IL,לחם עננים מקמח כוסמי,גרמים,750.00,100 גרם,false,,16.50,2.2000,true,1,332345
7290004033736,false,"עננים לחם לבן בסגנון בריוש עם פרוסות עבות, 500 גרם",מאפית י את א ברמן בע,IL,לחם עננים לבן בסגנון,גרמים,500.00,100 גרם,false,,14.90,2.9800,true,1,335541
7290004033750,false,לחמניות עננים סגנון בריוש,מאפית י את א ברמן בע,IL,לחמניות עננים מתוקות,גרמים,360.00,100 גרם,false,,13.90,3.8611,true,1,339921
7290004048679,false,"קובה למרק שלושת האופים 1 ק""ג","שלושת האופים בע""\מ",IL,קובה למרק ש.האופים 1,פריט,1.00,"ק""ג",false,,18.90,18.9000,true,1,262107
7290004063016,false,מלח שולחן -מוצר בפיקוח,האי נאם סי או אל.טי.,IL,"מלח שולחן 1 ק""ג בד""צ",פריט,1.00,"ק""ג",false,,1.50,1.5000,true,1,262108
7290004063115,false,"מלח מטבח עבה להמלחת בשר ובישול 1 ק""ג 1ק""ג",האי נאם סי או אל.טי.,IL,"מלח בישול 1 ק""ג בד""צ",פריט,1.00,"ק""ג",false,,1.50,1.5000,true,1,262109
7290004064174,false,"תבלין מלח ההימלאיה דק בצנצנת 1 ק""ג","חברת מלח הארץ אילת בע""\מ",PK,"מלח דק הימלאיה 1 ק""ג",פריט,1.00,"ק""ג",false,,14.90,14.9000,true,1,319703
7290004064181,false,"תבלין מלח ההימלאיה גס בצנצנת 1 ק""ג","חברת מלח הארץ אילת בע""\מ",PK,"מלח גס הימלאיה 1 ק""ג",פריט,1.00,"ק""ג",false,,14.90,14.9000,true,1,319704
7290004064280,false,מלח מופחת נתרן בצנצנת מלח הארץ 600 גרם,חברת מלח הארץ אילת ב,IL,מלח מופחת נתרן 600 ג,גרמים,600.00,100 גרם,false,,15.90,2.6500,true,1,320928
7290004064297,false,"מלח מועשר ביוד בצנצנת מלח הארץ 1 ק""ג","חברת מלח הארץ אילת בע""\מ",IL,מלח ים מועשר ביוד 1,פריט,1.00,"ק""ג",false,,6.90,6.9000,true,1,320929
7290004064303,false,מלח אטלנטי בצנצנת מלח הארץ 800 גרם,"חברת מלח הארץ אילת בע""\מ",FR,מלח ים אטלנטי 800 גר,גרמים,800.00,100 גרם,false,,13.90,1.7375,true,1,320930
7290004068172,false,יוגורט עזים בדלי 5% שומן 600 ג' גד,קוד יצרן MKN,IL,יוגורט עיזים ביו גד,גרמים,600.00,100 גרם,false,,13.90,2.3167,true,1,270657
7290004078942,false,ליידי ספיד סטיק - דאודורנט ג'ל לאישה 65 גרם,קולגייט-פלמוליב,US,דאו גל ליידי ספיד סט,גרמים,65.00,100 גרם,false,,11.90,18.3077,true,1,305144
7290004091217,false,"גודרדס, חומר לניקוי והברקת כלי כסף 144 מל",אס סי גונסון פורטוגל,PT,מבריק גודרס לכלי כסף,גרמים,125.00,100 גרם,false,,12.90,10.3200,true,1,262112
7290004091255,false,ג'ל פטרוליום טהור 100% וזלין 212 גרם,"יוניליוור ארה""ב, ג'ו",US,וזלין פטרולאום גלי 2,גרמים,212.00,100 גרם,false,,16.90,7.9717,true,1,262113
7290004093006,false,עוף הכפר שלם טרי ארוז,נטו,IL,עוף שלם טרי עוף הכפר,קילוגרמים,1.00,"ק""ג",true,,19.90,19.9000,true,1,309088
7290004093013,false,כרעיים עוף הכפר טרי ארוז,נטו,IL,כרעיים עוף טרי עוף ה,קילוגרמים,1.00,"ק""ג",true,,27.90,27.9000,true,1,309089
7290004093020,false,חזה עוף הכפר טרי ארוז,נטו,IL,חזה עוף טרי עוף הכפר,קילוגרמים,1.00,"ק""ג",true,,29.90,29.9000,true,1,309091
7290004093037,false,כנפיים עוף הכפר טרי ארוז,נטו,IL,כנפיים עוף טרי עוף ה,קילוגרמים,1.00,"ק""ג",true,,12.90,12.9000,true,1,309092
7290004093044,false,שוקיים עוף הכפר טרי ארוז,נטו,IL,שוקיים עוף טרי עוף ה,קילוגרמים,1.00,"ק""ג",true,,29.90,29.9000,true,1,309093
7290004093051,false,ירכיים עוף הכפר טרי ארוז,נטו,IL,ירכיים עוף טרי עוף ה,קילוגרמים,1.00,"ק""ג",true,,26.90,26.9000,true,1,309090
7290004093068,false,שניצל עוף הכפר טרי ארוז,נטו,IL,שניצל עוף טרי עוף הכ,קילוגרמים,1.00,"ק""ג",true,,32.90,32.9000,true,1,309094
7290004093082,false,כבד עוף הכפר טרי ארוז,נטו,IL,כבד עוף טרי עוף הכפר,קילוגרמים,1.00,"ק""ג",true,,24.90,24.9000,true,1,309096
7290004093198,false,סטייק פרגית עוף הכפר,נטו,IL,סטייק פרגית עוף טרי,קילוגרמים,1.00,"ק""ג",true,,59.90,59.9000,true,1,309156
7290004119225,false,יופלה יוגורט אננס %3 גביע 150 גרם,תנובה מרכז שיתופי לש,IL,"יופלה אננס 3% 150 מ""",מיליליטרים,150.00,"100 מ""ל",false,,3.90,2.6000,true,1,262114
7290004119973,false,קרלו מעדן שוקו רביעיה גביע 1.5% 125 גרם,תנובה מרכז שיתופי לש,IL,קרלו שוקולדה 125 גרם,מיליליטרים,125.00,"100 מ""ל",false,,2.50,2.0000,true,1,262117
7290004120061,false,מעדן חלב בטעם שוקו וניל שוניל 2% קרלו 125 גרם,תנובה מרכז שיתופי לש,IL,קרלו שוקולד וניל 125,מיליליטרים,125.00,"100 מ""ל",false,,2.50,2.0000,true,1,262118
7290004120108,false,יופלה דיאט יוגורט דובדבן %0 גביע 150גרם,תנובה מרכז שיתופי לש,IL,יופלה דיאט 0% דובדבן,גרמים,150.00,100 גרם,false,,3.90,2.6000,true,1,262119
7290004120573,false,פיראוס 16% גבינה בולגרית 250 גרם,תנובה מרכז שיתופי לש,IL,גבינה בולגרית 16% פי,גרמים,250.00,100 גרם,false,,16.90,6.7600,true,1,262121
7290004120634,false,גבינה פיראוס בולגרית 5% 250 גרם,תנובה מרכז שיתופי לש,IL,גבינה בולגרית 5% פיר,גרמים,250.00,100 גרם,false,,16.90,6.7600,true,1,262122
7290004120832,false,"חלב 2 ליטר 3% כד ""תנובה""- מוצר בפיקוח",תנובה מרכז שיתופי לש,IL,חלב 3% תנובה 2 ליטר,קילוגרמים,2.00,ליטר,false,,4.90,2.4500,true,1,262123
7290004121488,false,יופלה דיאט אפרסק 0% גביע 150 גרם,תנובה מרכז שיתופי לש,IL,יופלה דיאט 0% אפרסק,גרמים,150.00,100 גרם,false,,3.90,2.6000,true,1,262124
7290004121525,false,יופלה מאגדת פרי 4 תות 4 אפרסק 3% 8 יח'*150 ג',תנובה מרכז שיתופי לש,IL,מארז יופלה אפרסק/תות,קילוגרמים,1.20,ליטר,false,,19.90,16.5833,true,1,262125
7290004121839,false,גבינת פטה כבשים 20% פיראוס 250 גרם,תנובה מרכז שיתופי לש,IL,גבינת פטה כבשים 20%,גרמים,250.00,100 גרם,false,,24.90,9.9600,true,1,262127
7290004121853,false,גבינה בולגרית פיראוס 5% קוביות 200 גרם,תנובה מרכז שיתופי לש,IL,גבינה בולגרית קוביות,גרמים,200.00,100 גרם,false,,17.90,8.9500,true,1,262128
7290004122348,false,גבינת עמק לייט פרוס בקופסא 200 גרם,תנובה מרכז שיתופי לש,IL,גבינה עמק 9% 200 גרם,גרמים,200.00,100 גרם,false,,16.90,8.4500,true,1,262130
7290004122676,false,גבינת חמד לייט 5% פיראוס 250 ג',"תנובה,מחלבת טנא נוגה",IL,גבינת חמד לייט 5% פי,גרמים,250.00,100 גרם,false,,15.90,6.3600,true,1,264645
7290004122683,false,עמק חטיף אצבעות גבינה חצי קשה 28% שומן,תנובה מרכז שיתופי לש,IL,אצבעות גבינת עמק 172,גרמים,172.00,100 גרם,false,,13.90,8.0814,true,1,262131
7290004124205,false,יופלה דיאט יוגורט תות %0 גביע 150 גרם,תנובה מרכז שיתופי לש,IL,יופלה דיאט 0% תות 15,גרמים,150.00,100 גרם,false,,3.90,2.6000,true,1,262134
7290004124847,false,"קצפת צמחית השף הלבן 500 מ""ל תנובה",תנובה מרכז שיתופי לש,IL,קצפת צמחית השף הלבן,מיליליטרים,500.00,"100 מ""ל",false,,12.90,2.5800,true,1,262136
7290004125370,false,"שמנת חמוצה 9% מופחתת שומן תנובה 200 מ""ל מהדרין",תנובה מרכז שיתופי לש,IL,שמנת חמוצה 9% תנובה,מיליליטרים,200.00,"100 מ""ל",false,,2.90,1.4500,true,1,262138
7290004125455,false,"שמנת חמוצה 200 מ""ל 15% ""תנובה"" -מוצר בפיקוח",תנובה מרכז שיתופי לש,IL,שמנת חמוצה 15% תנובה,מיליליטרים,200.00,"100 מ""ל",false,,2.40,1.2000,true,1,262141
7290004125509,false,"שמנת חמוצה 15% מועשרת תנובה 100 מ""ל",תנובה מרכז שיתופי לש,IL,שמנת חמוצה 15% תנובה,גרמים,100.00,100 גרם,false,,1.50,1.5000,true,1,262143
7290004125578,false,משקה סויה מעושר בסידן תנובה 1ל',תנובה מרכז שיתופי לש,IL,משקה סויה אלטרנטיב 1,קילוגרמים,1.00,ליטר,false,,8.90,8.9000,true,1,262144
7290004125585,false,משקה סויה בטעם וניל תנובה 1 ליטר,תנובה מרכז שיתופי לש,IL,משקה סויה וניל אלטרנ,קילוגרמים,1.00,ליטר,false,,8.90,8.9000,true,1,262145
7290004125721,false,"השף הלבן שמנת עמידה לבישול 15% תנובה 250 מ""ל",תנובה מרכז שיתופי לש,IL,שמנת לבישול 15% השף,מיליליטרים,250.00,"100 מ""ל",false,,6.90,2.7600,true,1,262146
7290004125738,false,שמנת מתוקה להקצפה32% 250מל עמיד השף הלבן,תנובה מרכז שיתופי לש,IL,שמנת להקצפה 32% השף,מיליליטרים,250.00,"100 מ""ל",false,,5.90,2.3600,true,1,262147
7290004126674,false,טל העמק פרוסות גבינה חצי קשה לייט %9 200 גרם בקופסא,תנובה מרכז שיתופי לש,IL,גבינה עמק בסגנון אמנ,גרמים,200.00,100 גרם,false,,17.90,8.9500,true,1,262148
7290004127077,false,קוטג תנובה 3% גביע 250 גרם מהדרין,מיוצר עי קונדיטוריית,IL,קוטג 3% תנובה 250 גר,גרמים,250.00,100 גרם,false,,5.10,2.0400,true,1,262150
7290004127336,false,קוטג תנובה גביע 250 גרם %9 ו.מהדרין,מיוצר עי קונדיטוריית,IL,קוטג 9% תנובה 250 גר,גרמים,250.00,100 גרם,false,,5.10,2.0400,true,1,262152
7290004127800,false,"גבינה לבנה 500 גרם 5% ""תנובה"" -מוצר בפיקוח",מיוצר עי קונדיטוריית,IL,גבינה 5% תנובה 500 ג,גרמים,500.00,100 גרם,false,,9.70,1.9400,true,1,262155
7290004127817,false,גבינה לבנה 9% שומן 500 ג' תנובה,מיוצר עי קונדיטוריית,IL,גבינה 9% תנובה 500 ג,גרמים,500.00,100 גרם,false,,9.70,1.9400,true,1,262156
7290004127862,false,"גבינה לבנה 750 גרם 5% ""תנובה"" - מוצר בפיקוח",תנובה מרכז שיתופי לש,IL,גבינה 5% תנובה 750 ג,גרמים,750.00,100 גרם,false,,14.50,1.9333,true,1,262157
7290004127916,false,גבינה לבנה 0.5% שומן 500 ג' תנובה,תנובה מרכז שיתופי לש,IL,גבינה 1/2% תנובה 500,גרמים,500.00,100 גרם,false,,9.70,1.9400,true,1,262158
7290004129101,false,גבינת שמנת 25% בטעם טבעי 225 ג' נפוליאון,תנובה מרכז שיתופי לש,IL,גבינת שמנת טבעי 25%,גרמים,225.00,100 גרם,false,,9.90,4.4000,true,1,262161
7290004129156,false,גבינת שמנת25% עם שום שמיר 225 ג' נפוליאון,תנובה מרכז שיתופי לש,IL,גבינת שמנת שום שמיר,גרמים,225.00,100 גרם,false,,9.90,4.4000,true,1,262163
7290004130794,false,משקה סויה במתיקות מופחתת תנובה 1 ליטר,תנובה מרכז שיתופי לש,IL,משקה סויה במתיקות מו,קילוגרמים,1.00,ליטר,false,,8.90,8.9000,true,1,262166
7290004130916,false,יוגורט יופלה פירות יער בשמנת 3% 150 גרם,תנובה מרכז שיתופי לש,IL,יופלה פירות יער 3% 1,מיליליטרים,150.00,"100 מ""ל",false,,3.90,2.6000,true,1,264202
7290004131074,false,"חלב 1 ליטר 3% קרטון ""תנובה""- מוצר בפיקוח",תנובה מרכז שיתופי לש,IL,חלב 3% תנובה 1 ליטר,קילוגרמים,1.00,ליטר,false,,6.20,6.2000,true,1,262168
7290004131814,false,גבינה צפתית 5% מעודנת 200 ג' פיראוס,פארייפאבה אגרואינדוס,IL,גבינה צפתית מעודנת 5,גרמים,200.00,100 גרם,false,,13.90,6.9500,true,1,262173
7290004132552,false,משקה סויה בטעם טבעי לייט תנובה 1 ליטר,תנובה מרכז שיתופי לש,IL,משקה סויה לייט אלטרנ,קילוגרמים,1.00,ליטר,false,,8.90,8.9000,true,1,262178
7290004132606,false,"קרלו מעדן חלב בטעם וניל 2% תנובה 8*100 מ""ל",תנובה מרכז שיתופי לש,IL,מאגדת קרלו מיני שוקו,מיליליטרים,800.00,"100 מ""ל",false,,11.90,1.4875,true,1,262179
7290004132712,false,חטיף אצבעות גבינת מוצרלה 20% 172 ג' עמק,תנובה מרכז שיתופי לש,IL,אצבעות גבינת מוצרלה,גרמים,172.00,100 גרם,false,,13.90,8.0814,true,1,262180
7290004134945,false,יוגורט מוקה 3% שומן 150 ג' יופלה,תנובה מרכז שיתופי לש,IL,יופלה מוקה 3% גביע 1,מיליליטרים,150.00,"100 מ""ל",false,,3.90,2.6000,true,1,279334
7290004135072,false,"מעדן חלב מיני שוקולדה 1.5% מהדרין קרלו 8*100 מ""ל",תנובה מרכז שיתופי לש,IL,מארז קרלו מיני שוקול,מיליליטרים,800.00,"100 מ""ל",false,,11.90,1.4875,true,1,262189
7290004135119,false,"שמיניית קרלו מיני וניל 100 גרם בד""ץ",תנובה מרכז שיתופי לש,IL,מארז קרלו מיני וניל,מיליליטרים,800.00,"100 מ""ל",false,,11.90,1.4875,true,1,262190
7290004136598,false,מארז הפסקת אוכל עם קורנפלקס ומשקה חלב עמיד בטעם וניל,פארייפאבה אגרואינדוס,IL,מארז הפסקת אוכל חלב,מיליליטרים,150.00,"100 מ""ל",false,,8.90,5.9333,true,1,264206
7290004220013,false,טחון בקר 1קג קהילות,טיבון ויל אחזקות בעמ,IL,"בקר טחון קהילות 1 ק""",פריט,1.00,"ק""ג",false,,44.90,44.9000,true,1,268858
7290004220143,false,בשר מס 3 חזה בקר קפו,,,בשר מס 3 חזה בקר קפו,קילוגרמים,1.00,"ק""ג",true,,64.90,64.9000,true,1,272347
7290004220778,false,המבורגר קהילות 500גרם,טיבון ויל אחזקות בעמ,IL,המבורגר קהילות 500 ג,גרמים,500.00,100 גרם,false,,24.90,4.9800,true,1,303070
7290004227548,false,אנטריקוט פרוס 100% ק,קהילות,,אנטריקוט פרוס 100% ק,קילוגרמים,1.00,"ק""ג",true,,169.90,169.9000,true,1,312535
7290004230944,false,מקלות בורקס פילו גבינה שלושת האופים 600,שלושת האופים שגמור,IL,מקלות בורקס פילו גבי,גרמים,700.00,100 גרם,false,,15.90,2.2714,true,1,274784
7290004244019,false,פילה סלמון טרי הדייג,"דגי בר אילן בע""מ",IL,פילה סלמון טרי הדייג,קילוגרמים,1.00,"ק""ג",true,,89.90,89.9000,true,1,324074
7290004244460,false,מנות פילה סלמון טרי,"דגי בר אילן בע""מ",IL,מנות פילה סלמון טרי,קילוגרמים,1.00,"ק""ג",true,,109.90,109.9000,true,1,324076
7290004244644,false,פילה סלמון נורווגי פרימיום,"דגי בר אילן בע""מ",IL,פילה סלמון קפוא הדיי,קילוגרמים,1.00,"ק""ג",true,,64.90,64.9000,true,1,334974
7290004256883,false,פילה סלמון טרי פרימי,,,פילה סלמון טרי פרימי,קילוגרמים,1.00,"ק""ג",true,,109.90,109.9000,true,1,320484
7290004257101,false,אנטריקוט דקדק עטרה 2,עטרה,IL,אנטריקוט דקדק עטרה 2,גרמים,250.00,100 גרם,false,,29.90,11.9600,true,1,318466
7290004257132,false,אנטריקוט דקדק קהילות,טיבון ויל,IL,אנטריקוט דקדק קהילות,גרמים,250.00,100 גרם,false,,34.90,13.9600,true,1,319452
7290004257347,false,כנפיים חצוי עוף קפוא,קהילות,IL,כנפיים חצוי עוף קפוא,קילוגרמים,1.00,"ק""ג",true,,16.90,16.9000,true,1,338874
7290004257422,false,"טחון חזה עוף 100% 1 ק""ג קהילות","טיבון ויל אחזקות בע""\מ",IL,חזה עוף טחון 100% קה,פריט,1.00,"ק""ג",false,,37.90,37.9000,true,1,323019
7290004257439,false,"טחון הודו 100% 1 ק""ג קהילות","טיבון ויל אחזקות בע""\מ",IL,טחון הודו 100% קהילו,פריט,1.00,"ק""ג",false,,37.90,37.9000,true,1,323020
7290004257446,false,"טחון בקר 100% 1 ק""ג קהילות",טיבון ויל אחזקות בעמ,IL,טחון בקר 100% קהילות,פריט,1.00,"ק""ג",false,,54.90,54.9000,true,1,323026
7290004257477,false,טחון חזה עוף100% עטרה1קג,"טיבון ויל אחזקות בע""\מ",IL,חזה עוף טחון 100% עט,פריט,1.00,"ק""ג",false,,34.90,34.9000,true,1,323021
7290004257484,false,"טחון הודו 100% עטרה 1 ק""","טיבון ויל אחזקות בע""\מ",IL,טחון הודו 100% עטרה,פריט,1.00,"ק""ג",false,,34.90,34.9000,true,1,323022
7290004257491,false,"טחון בקר 100% עטרה 1 ק""ג",טיבון ויל אחזקות בעמ,IL,טחון בקר 100% עטרה 1,פריט,1.00,"ק""ג",false,,39.90,39.9000,true,1,323023
7290004263041,false,גולש בקר מחיר לפי משקל,עטרה,IL,גולש עגל עטרה,קילוגרמים,1.00,"ק""ג",true,,44.90,44.9000,true,1,262223
7290004263485,false,בשר מס2' צלעות קפוא עטרה,עטרה,IL,בשר מס 2 צלעות קפוא,קילוגרמים,1.00,"ק""ג",true,,39.90,39.9000,true,1,262235
7290004263553,false,בשר מס3' חזה קפוא עטרה ק,עטרה,PY,בשר מס 3 חזה בקר צרכ,קילוגרמים,1.00,"ק""ג",true,,29.90,29.9000,true,1,262237
7290004263652,false,נקניקיות עוף עטרה 400 גרם,מעדני הטלה והעגל,IL,נקניקיות עוף קפוא עט,גרמים,400.00,100 גרם,false,,9.90,2.4750,true,1,262240
7290004263799,false,צלי כתף מס5 עטרה קפוא קג,עטרה,IL,בשר מס 5 צלי כתף קפו,קילוגרמים,1.00,"ק""ג",true,,89.90,89.9000,true,1,262242
7290004263867,false,בשר מס' 6 פילה מדומה עטרה,עטרה,IL,בשר מס 6 פילה מדומה,קילוגרמים,1.00,"ק""ג",true,,39.90,39.9000,true,1,262243
7290004263935,false,בשרמס7 מכסה הצלע עטרה קפ,עטרה,IL,בשר מס 7 מכסה הצלע ק,קילוגרמים,1.00,"ק""ג",true,,29.90,29.9000,true,1,262245
7290004367077,false,בקלוואה ארוז 800 גרם,,IL,בקלוואה 800 גרם,גרמים,800.00,100 גרם,false,,29.90,3.7375,true,1,268767
7290004436056,false,גולש לחמין לא מעובד שקיל,א.הקר 2009,IL,גולש לחמין 100% הקר,קילוגרמים,1.00,"ק""ג",true,,74.90,74.9000,true,1,265990
7290004436063,false,עצמות מח קפוא הקר,א.הקר 2009,IL,עצמות מח קפוא הקר,קילוגרמים,1.00,"ק""ג",true,,49.90,49.9000,true,1,323434
7290004436094,false,בשר לחמין לא מעובד מחיר,א.הקר 2009,IL,בשר לחמין הקר,קילוגרמים,1.00,"ק""ג",true,,89.90,89.9000,true,1,265992
7290004436124,false,בקר טחון הקר במשקל,א.הקר 2009,IL,בקר טחון הקר במשקל,קילוגרמים,1.00,"ק""ג",true,,74.90,74.9000,true,1,265989
7290004436186,false,המבורגר הקר 500 גרם,א.הקר 2009,IL,המבורגר הקר 500 גרם,גרמים,500.00,100 גרם,false,,19.90,3.9800,true,1,266003
7290004436216,false,קבב בקר הקר 500 גרם,א.הקר 2009,IL,קבב בקר הקר 500 גרם,גרמים,500.00,100 גרם,false,,19.90,3.9800,true,1,266002
7290004436223,false,סטייק עין מס' 18 קפוא,א.הקר 2009,IL,סטייק עין הקר במשקל,קילוגרמים,1.00,"ק""ג",true,,99.90,99.9000,true,1,266121
7290004436261,false,קישקע הקר 500 גרם,א.הקר 2009,IL,קישקע הקר 500 גרם,גרמים,500.00,100 גרם,false,,16.90,3.3800,true,1,265996
7290004436551,false,בשר כבוש קורנביף,א.הקר 2009,IL,בשר כבוש הקר,קילוגרמים,1.00,"ק""ג",true,,79.90,79.9000,true,1,266005
7290004436568,false,רולדת עגל מתובל שקילה,א.הקר 2009,IL,רולדת עגל מתובלת הקר,קילוגרמים,1.00,"ק""ג",true,,74.90,74.9000,true,1,266004
7290004436650,false,עוף טחון הקר 500 גרם,א.הקר 2009,IL,עוף טחון הקר 500 גרם,גרמים,500.00,100 גרם,false,,19.90,3.9800,true,1,271101
7290004436742,false,בשר מס 9 אסאדו עם עצ,א.הקר 2009,IL,בשר מס 9 אסאדו עם עצ,קילוגרמים,1.00,"ק""ג",true,,79.90,79.9000,true,1,315039
7290004460846,false,דגני בוקר קורנפלקס תירס קוליים 750 ג',אלטונאן טוריזם,TR,קורנפלקס עוז 750 גרם,גרמים,750.00,100 גרם,false,,7.90,1.0533,true,1,335359
7290004480332,false,גבינת גאודה30%משולש משקל,מחלבות גד,IL,גבינה גאודה משולשים,קילוגרמים,1.00,"ק""ג",true,,99.00,99.0000,true,1,335836
7290004537241,false,אפונת גינה שדה בשקית,בסט מייסטר,IL,אפונת גינה שדה בשקית,גרמים,800.00,100 גרם,false,,8.90,1.1125,true,1,337999
7290004544577,false,מאפים בסיס לפיצה ללא,מאפיית אריאל,IL,מאפים בסיס לפיצה ללא,גרמים,400.00,100 גרם,false,,21.90,5.4750,true,1,339927
7290004551193,false,קמח מצה חמץ דרומה 40,דרומה י.א.ט בעמ,IL,קמח מצה חמץ דרומה 40,גרמים,400.00,100 גרם,false,,5.60,1.4000,true,1,262298
7290004551926,false,אבקת פלאפל דרומה 1 ק,דרומה י.א.ט בעמ,IL,אבקת פלאפל דרומה 1 ק,פריט,1.00,"ק""ג",false,,18.80,18.8000,true,1,262303
7290004575007,false,טילון וניל וופך ושברי אגוז ריאו מארז 70X5ג',"גלידות ריאו ביח""ר לג",IL,טילוני ריאו בטעמים 5,גרמים,350.00,100 גרם,false,,14.50,4.1429,true,1,262306
7290004575069,false,גלידה מיניס חטיפים וניל ציפוי שוקו' ופצפוצי נ.חיטה ריאו מארז 32יח',"גלידות ריאו ביח""ר לג",IL,חטיפי גלידה מיניס שו,גרמים,700.00,100 גרם,false,,29.90,4.2714,true,1,262308
7290004575335,false,ארטיק מגיק מיני וניל ציפוי שוקו' ופצפוצי נ.חיטה ריאו מארז 45X8ג'באריזה,"גלידות ריאו ביח""ר לג",IL,שלגוני מיני מגיק 8 י,גרמים,360.00,100 גרם,false,,12.90,3.5833,true,1,262315
7290004575403,false,טריו גלידת פרווה בטעמים 1.8 ליטר ריאו,"גלידות ריאו ביח""ר לג",IL,גלידה טריו 1.8 ליטר,קילוגרמים,1.80,ליטר,false,,14.90,8.2778,true,1,262319
7290004575632,false,קרמבו ריאו בטעם וניל 16יח',"גלידות ריאו ביח""ר לג",IL,קרמבו בטעם וניל ריאו,גרמים,480.00,100 גרם,false,,21.50,4.4792,true,1,262322
7290004603175,false,מלח הים האדום גס מלח הארץ 500 גרם,"חברת מלח הארץ אילת בע""\מ",IL,מלח גס הים האדום 500,גרמים,500.00,100 גרם,false,,4.90,0.9800,true,1,273344
7290004645069,false,דג הליבוט פרוס בלי עור ל,"ש.רוזנרס בע""מ",NO,הליבוט פרוס ל.עור רו,קילוגרמים,1.00,"ק""ג",true,,79.90,79.9000,true,1,303866
7290004645106,false,סלמון פילה מנות לפי משקל,,IL,מנות סלמון 100% רוזנ,קילוגרמים,1.00,"ק""ג",true,,94.90,94.9000,true,1,277522
7290004645137,false,טונה אלבקור קפוא (וואקום),,IL,פילה טונה אלבקור ללא,קילוגרמים,1.00,"ק""ג",true,,49.90,49.9000,true,1,308854
7290004645175,false,פילה טונה פרוס רוזנר,,IL,פילה טונה פרוס רוזנר,קילוגרמים,1.00,"ק""ג",true,,39.90,39.9000,true,1,322199
7290004645267,false,דג נילוס פרוס (וואקום),,IL,מנות נסיכת הנילוס רו,קילוגרמים,1.00,"ק""ג",true,,49.90,49.9000,true,1,277519
7290004645274,false,פילה נסיכת הנילוס ע.,,TZ,פילה נסיכת הנילוס ע.,קילוגרמים,1.00,"ק""ג",true,,44.90,44.9000,true,1,336710
7290004645328,false,פילה סלמון שלם לפי משקל,,IL,פילה סלמון 100% רוז,קילוגרמים,1.00,"ק""ג",true,,86.90,86.9000,true,1,277521
7290004645403,false,נתחי פילה סלמון רוזנ,,,נתחי פילה סלמון רוזנ,קילוגרמים,1.00,"ק""ג",true,,39.90,39.9000,true,1,328064
7290004645434,false,פילה סלמון קפוא ללא עור,רוזנרס,IL,מנות סלמון 100% ל.עו,קילוגרמים,1.00,"ק""ג",true,,89.90,89.9000,true,1,309010
7290004645496,false,פילה הליבוט ל.עור רו,,,פילה הליבוט ל.עור רו,קילוגרמים,1.00,"ק""ג",true,,69.90,69.9000,true,1,312097
7290004645571,false,פילה נסיכת הנילוס ל.,,,פילה נסיכת הנילוס ל.,קילוגרמים,1.00,"ק""ג",true,,39.90,39.9000,true,1,335222
7290004645649,false,מנות פילה פורל ים רו,,,מנות פילה פורל ים רו,קילוגרמים,1.00,"ק""ג",true,,79.90,79.9000,true,1,327575
7290004645748,false,פילה אמנון ללא עור קהילות,רוזנרס,IL,פילה אמנון רוזנרס לל,קילוגרמים,1.00,"ק""ג",true,,34.90,34.9000,true,1,331316
7290004645854,false,פילה פורל ים רוזנרס,,NO,פילה פורל ים רוזנרס,קילוגרמים,1.00,"ק""ג",true,,74.90,74.9000,true,1,336128
7290004645885,false,"מושט עם פס עור 100% דג בד""ץ",,CN,פילה אמנון רוזנרס עם,קילוגרמים,1.00,"ק""ג",true,,39.90,39.9000,true,1,336131
7290004645915,false,מנות סלמון ל.עור רוז,,,מנות סלמון ל.עור רוז,קילוגרמים,1.00,"ק""ג",true,,99.90,99.9000,true,1,339636
7290004652517,false,פילה בורי טרי אושר פ,,,פילה בורי טרי אושר פ,גרמים,400.00,100 גרם,false,,49.90,12.4750,true,1,330820
7290004652524,false,פילה אמנון טרי אושר,,,פילה אמנון טרי אושר,גרמים,400.00,100 גרם,false,,19.90,4.9750,true,1,330821
7290004652531,false,פילה דניס טרי אושר פ,,,פילה דניס טרי אושר פ,גרמים,400.00,100 גרם,false,,59.90,14.9750,true,1,330822
7290004652555,false,פורל נקי טרי אושר פי,,,פורל נקי טרי אושר פי,גרמים,400.00,100 גרם,false,,39.90,9.9750,true,1,330825
7290004652579,false,פילה אדמונית טרי אוש,,,פילה אדמונית טרי אוש,גרמים,400.00,100 גרם,false,,39.90,9.9750,true,1,330823
7290004652593,false,אמנון שלם טרי אושר פ,,,אמנון שלם טרי אושר פ,גרמים,400.00,100 גרם,false,,21.90,5.4750,true,1,330827
7290004652609,false,קרפיון פרוס טרי אושר,,,קרפיון פרוס טרי אושר,גרמים,750.00,100 גרם,false,,39.90,5.3200,true,1,330828
7290004652616,false,דניס שלם טרי אושר פי,,,דניס שלם טרי אושר פי,גרמים,450.00,100 גרם,false,,39.90,8.8667,true,1,330829
7290004652623,false,פילה ברמונדי טרי אוש,,,פילה ברמונדי טרי אוש,גרמים,400.00,100 גרם,false,,59.90,14.9750,true,1,332275
7290004652852,false,סטייק טומהוק טרי עטרה,ויאול פרסס שאטובריאן,FR,טומהוק סטייק טרי עטר,קילוגרמים,1.00,"ק""ג",true,,149.90,149.9000,true,1,337097
7290004658953,false,יין סוביניון בלאן פרייבט קולקשן יקבי כרמל,"כד בני דרום בע""מ",IL,יין פ.קולקשיין סובינ,מיליליטרים,750.00,"100 מ""ל",false,,38.90,5.1867,true,1,295622
7290004658960,false,יין אמרלד ריזלינג פרייבט קולקשן יקבי כרמל,אגודת הכורמים הקואופרטיב,IL,יין פ. קולקשיין אמרל,מיליליטרים,750.00,"100 מ""ל",false,,37.50,5.0000,true,1,262337
7290004685010,false,לחם 100% שיפון פלוס לחם הארץ 500 גר',מאפית י את א ברמן בע,IL,לחם שיפון קל לחם האר,גרמים,500.00,100 גרם,false,,15.90,3.1800,true,1,268862
7290004685027,false,לחם חיטה מלאה פלוס לחם הארץ 500 גרם,מאפית י את א ברמן בע,IL,לחם חיטה מלאה קל לחם,גרמים,500.00,100 גרם,false,,15.90,3.1800,true,1,268863
7290004685126,false,לחם הארץ חמישה דגנים750ג,מאפית י את א ברמן בע,IL,לחם 5 דגנים לחם הארץ,גרמים,750.00,100 גרם,false,,15.90,2.1200,true,1,262339
7290004685157,false,לחם שיפון 100% הארץ 750 גר,מאפית י את א ברמן בע,IL,לחם שיפון לחם הארץ 7,גרמים,750.00,100 גרם,false,,15.90,2.1200,true,1,262341
7290004685195,false,לחם 10 דגנים לחם הארץ 750 גרם,מאפית י את א ברמן בע,IL,לחם 10 דגנים לחם האר,גרמים,750.00,100 גרם,false,,15.90,2.1200,true,1,264682
7290004685201,false,לחם הארץ שיפון אגוזים500,מאפית י את א ברמן בע,IL,לחם שיפון אגוזים לחם,גרמים,500.00,100 גרם,false,,15.90,3.1800,true,1,262342
7290004685225,false,לחם שיפון פומפרניקל מקמח שיפון,מאפית י את א ברמן בע,IL,לחם פומפרניקל לחם הא,גרמים,750.00,100 גרם,false,,15.90,2.1200,true,1,262343
7290004685430,false,לחם הארץ כוסמין 100% 500 גרם,מאפית י את א ברמן בע,IL,לחם כוסמין לחם הארץ,גרמים,500.00,100 גרם,false,,15.90,3.1800,true,1,310791
7290004685447,false,לחמניות כוסמין 6 בשקית 450 גרם,מאפית ברמן מקבוצת י. את,IL,לחמניות כוסמין לחם ה,גרמים,450.00,100 גרם,false,,13.90,3.0889,true,1,322823
7290004685454,false,לחם שיבולת שועל 500 גר',מאפית י את א ברמן בע,IL,לחם שיבולת שועל לחם,גרמים,500.00,100 גרם,false,,15.90,3.1800,true,1,327229
7290004731472,false,"שלישיית אלסבון צבעוני כיף 500 מ""ל",טרופיקל דגיל תעשיות,IL,אל סבון כיף מעורב 3*,קילוגרמים,1.50,ליטר,false,,14.90,9.9333,true,1,262349
7290004731557,false,"מקסימה תרסיס מרכך ומבשם כביסה במייבש מאסק סנו 750 מ""ל",סנו מקסימה,IL,תרסיס מקסימה למייבש,מיליליטרים,750.00,"100 מ""ל",false,,16.90,2.2533,true,1,262351
7290004731564,false,"מקסימה מבשם ומרכך למייבש הכביסה בלו בלוסום 750 מ""ל",סנו מקסימה,IL,תרסיס מקסימה למייבש,מיליליטרים,750.00,"100 מ""ל",false,,16.90,2.2533,true,1,313641
7290004731670,false,"מטהר אוויר דואופרש פצ'ולי לבנדר סנו 300 מ""ל","סנו מפעלי ברונוס בע""\מ",IL,מטהר סנו דאופרש לבנד,מיליליטרים,300.00,"100 מ""ל",false,,9.90,3.3000,true,1,262353
7290004731687,false,"מטהר אויר בניחוח וניל ולמון גראס סנו 300 מ""ל",סנו מפעלי ברונוס בעמ,IL,מטהר סנו דאופרש וניל,מיליליטרים,300.00,"100 מ""ל",false,,9.90,3.3000,true,1,262354
7290004737719,false,אספרגוס שלם מקולף בצנצנת ויליפוד 330 גרם,קריות זול,CN,אספרגוס שלם ויליפוד,גרמים,330.00,100 גרם,false,,8.90,2.6970,true,1,262356
7290004758028,false,אנטריקוט פרימיום טרי,,,אנטריקוט פרימיום טרי,קילוגרמים,1.00,"ק""ג",true,,159.90,159.9000,true,1,320379
7290004758172,false,בריסקט טרי עטרה,,,בריסקט טרי עטרה,קילוגרמים,1.00,"ק""ג",true,,69.90,69.9000,true,1,324274
7290004939168,false,קבנוס חפץ חיים 250 ג,"ש.ב.מטעם בע""מ",IL,קבנוס חפץ חיים 250 ג,גרמים,250.00,100 גרם,false,,27.90,11.1600,true,1,330404
7290004939182,false,רצועות לחמין מטעם חפץ חיים,ש.ב מטעם,IL,רצועות לחמין ספישלס,קילוגרמים,1.00,"ק""ג",true,,89.90,89.9000,true,1,320595
7290004944032,false,חומוס אמיתי אסלי שמיר 400 גרם,"סלטי שמיר 2006 בע""מ",IL,חומוס אסלי 400 גרם,גרמים,400.00,100 גרם,false,,10.90,2.7250,true,1,265389
7290004944049,false,טחינה אסלי שמיר 400 גרם,"סלטי שמיר 2006 בע""מ",IL,טחינה אסלי 400 גרם,גרמים,400.00,100 גרם,false,,10.90,2.7250,true,1,265392
7290004944056,false,סדרת האסלי חציל במיונז שמיר 400 גרם,"סלטי שמיר 2006 בע""מ",IL,חציל במיונז אסלי 400,גרמים,400.00,100 גרם,false,,10.90,2.7250,true,1,265390
7290004944063,false,סלט תורכי אסלי שמיר 400 ג',"סלטי שמיר 2006 בע""מ",IL,סלט טורקי אסלי 400 ג,גרמים,400.00,100 גרם,false,,10.90,2.7250,true,1,265393
7290005008481,false,ספיד סטיק - דאודורנט ג'ל לגבר ספורט 85 גרם,הנסיך- מפעל לייצור ט,US,דאו גל ספיד סטיק ספו,Unknown,0.00,יחידה,false,,10.90,0.0000,true,1,270636
7290005011405,false,עמבה עם פרי 500 גרם,תבליני שמש בעמ,IL,עמבה עם פרי 500 גרם,גרמים,500.00,100 גרם,false,,8.90,1.7800,true,1,262421
7290005040702,false,שורש חזרת,אראל תוצרת חקלאית בע,IL,שורש חזרת,קילוגרמים,1.00,"ק""ג",true,,29.90,29.9000,true,1,315078
7290005168284,false,"יין גן עדן יקבי ציון 750 מ""ל",יקבי ציון,IL,יין גן עדן עתיק,מיליליטרים,750.00,"100 מ""ל",false,,19.90,2.6533,true,1,262435
7290005168420,false,מיץ ענבים בית סבא יקבי ציון 1 ליטר,יקבי ציון,IL,מיץ ענבים אדום בית ס,קילוגרמים,1.00,ליטר,false,,16.90,16.9000,true,1,281463
7290005168475,false,מיץ ענבים מובחר אדום 100% טבעי 1 ליטר,יקבי ציון,IL,מיץ ענבים תירוש אדום,קילוגרמים,1.00,ליטר,false,,14.90,14.9000,true,1,326274
7290005174513,false,סלט חצילים במיונז אחלה 500 גרם,מיוצר עי קונדיטוריית,IL,חציל במיונז אחלה 500,גרמים,500.00,100 גרם,false,,14.90,2.9800,true,1,264252
7290005200786,false,תפוצ'יפס בטעם שמנת בצל עלית 50 גרם,"שטראוס פריטו ליי בע""\מ )",IL,תפוציפס שמנת בצל 50,גרמים,50.00,100 גרם,false,,2.90,5.8000,true,1,265554
7290005287510,false,"סטארקיסט טונה בשמן עם פלפל חריף 160 גרם בד""צ","סטארקיסט פודור בע""מ",TH,טונה בשמן פלפל חריף,גרמים,160.00,100 גרם,false,,5.90,3.6875,true,1,271225
7290005287527,false,"סטארקיסט טונה בשמן עם לימון 160 גרם בד""צ","סטארקיסט פודור בע""מ",TH,טונה בשמן לימון ס.ק,גרמים,160.00,100 גרם,false,,5.90,3.6875,true,1,271226
7290005287534,false,"סטארקיסט טונה בשמן עישון טבעי 160 גרם בד""צ",תאי יוניון גרופ,IL,טונה בשמן עישון טבעי,גרמים,160.00,100 גרם,false,,5.90,3.6875,true,1,271224
7290005287657,false,"סטארקיסט ממרח טונה 160 גרם בד""צ","סטארקיסט פודור בע""מ",TH,ממרח טונה סטארקיסט 1,גרמים,160.00,100 גרם,false,,5.90,3.6875,true,1,264787
7290005317125,false,ביסקוויט חצי מצופה 175 גרם,אפיפית נצרת תעשיות ב,IL,ביסקויט חצי מצופה בט,גרמים,175.00,100 גרם,false,,5.50,3.1429,true,1,281521
7290005325052,false,מארז ממתקים סביבון ק,,,מארז ממתקים סביבון ק,Unknown,0.00,יחידה,false,,4.90,0.0000,true,1,269561
7290005325403,false,מארז ממתקים סביבון ג,,,מארז ממתקים סביבון ג,Unknown,0.00,יחידה,false,,7.90,0.0000,true,1,269562
7290005325465,false,פקעלך,קינד,IL,פקעלך,Unknown,0.00,יחידה,false,,2.90,0.0000,true,1,271435
7290005325557,false,מארז ממתקים ענק,,,מארז ממתקים ענק,Unknown,0.00,יחידה,false,,9.90,0.0000,true,1,307768
7290005325618,false,מארז ממתקים ביג בול,,,מארז ממתקים ביג בול,Unknown,0.00,יחידה,false,,9.90,0.0000,true,1,314071
7290005416019,false,חלב עיזים מלא 3% 1 ל' מחלבת טל,"ל.ד בר אל בע""מ",IL,חלב עיזים מחלבת טל 1,קילוגרמים,1.00,ליטר,false,,11.90,11.9000,true,1,265741
7290005416095,false,מחלבת טל גבינת עיזים טבעית 5% 200ג,"ל.ד בר אל בע""מ",IL,גבינה עיזים 5% טל 20,גרמים,200.00,100 גרם,false,,12.90,6.4500,true,1,265743
7290005416262,false,מחלבת טל יוגורט עיזים בטעם תות 500מל,"ל.ד בר אל בע""מ",IL,משקה יוגורט עיזים תו,גרמים,200.00,100 גרם,false,,12.90,6.4500,true,1,265746
7290005416279,false,מחלבת טל יוגורט עיזים בטעם פירות יער 500מל,"ל.ד בר אל בע""מ",IL,משקה יוגורט עיזים פי,גרמים,500.00,100 גרם,false,,12.90,2.5800,true,1,265745
7290005416286,false,מחלבת טל יוגורט עיזים בטעם אננס 500מל,"ל.ד בר אל בע""מ",IL,משקה יוגורט עיזים אנ,מיליליטרים,500.00,"100 מ""ל",false,,12.90,2.5800,true,1,265747
7290005416293,false,מחלבת טל יוגורט עיזים בטעם אפרסק 500מל,"ל.ד בר אל בע""מ",IL,משקה יוגורט עיזים מש,גרמים,200.00,100 גרם,false,,12.90,6.4500,true,1,265748
7290005416491,false,משקה יוגורט עיזים טל,מחלבת טל טלה,IL,משקה יוגורט עיזים טל,גרמים,750.00,100 גרם,false,,12.90,1.7200,true,1,278667
7290005418709,false,"נטורל קרם לחות לקיבוע תלתלים גלי 400 מ""ל",מיוצר עי אמיליה קוסמ,IL,קרם לחות נטורל לשיער,מיליליטרים,400.00,"100 מ""ל",false,,20.70,5.1750,true,1,262479
7290005418716,false,"קרם לחות לבניית תלתלים עגולים נטורל פורמולה 400 מ""ל",מיוצר עי אמיליה קוסמ,IL,קרם לחות נטורל לשיער,מיליליטרים,400.00,"100 מ""ל",false,,20.70,5.1750,true,1,262480
7290005423055,false,סנו פורטה פלוס מתז בניחות לימון 1 ל',"סנו מפעלי ברונוס בע""\מ",IL,תרסיס פורטה פלוס לימ,קילוגרמים,1.00,ליטר,false,,16.90,16.9000,true,1,319567
7290005423253,false,"סנו - מקסימה מרסס למייבש כביסה אולטרה פרש 750 מ""ל","סנו מפעלי ברונוס בע""\מ",IL,תרסיס מקסימה למייבש,מיליליטרים,750.00,"100 מ""ל",false,,16.90,2.2533,true,1,262481
7290005423734,false,מרכך כביסה מרוכז אולטרא פרש סנו מקסימה 4 ליטר,"סנו מפעלי ברונוס בע""\מ",IL,מרכך מקסימה אולטרא פ,קילוגרמים,4.00,ליטר,false,,21.50,5.3750,true,1,262489
7290005423871,false,שלישיית משחת שיניים מנטול אורביטול 145 גרם,טרופיקל דגיל תעשיות קוסמ,IL,משחת אורביטול פלואור,גרמים,435.00,100 גרם,false,,16.50,3.7931,true,1,262491
7290005423918,false,סנו - מקסימה מרכך כביסה היפואלרגני אלוורה 4 ליטר,"סנו מפעלי ברונוס בע""\מ",IL,מרכך מקסימה בייבי אל,קילוגרמים,4.00,ליטר,false,,21.50,5.3750,true,1,262492
7290005424472,false,אורביטול מי פה להלבנת שיניים 1 ל',סנו,IL,מי פה אורביטול הלבנה,קילוגרמים,1.00,ליטר,false,,21.90,21.9000,true,1,309975
7290005424700,false,סנו - פורטה פלוס מרסס מסיר שומנים 1 ליטר,"סנו מפעלי ברונוס בע""\מ",IL,תרסיס פורטה פלוס מסי,קילוגרמים,1.00,ליטר,false,,16.90,16.9000,true,1,317171
7290005424762,false,ריצפז פלוס ווקס נוזל להברקת רצפות דוחה תיקנים סנו 2 ליטר,"סנו מפעלי ברונוס בע""\מ",IL,ריצפז + דוחה תיקנים,קילוגרמים,2.00,ליטר,false,,25.90,12.9500,true,1,262498
7290005424991,false,סנו פרש אוטומטיק בהתזה קצובה ניחוח בייבי פאודר,סנו מפעלי ברונוס בעמ,IL,מבשם אויר סנו פרש או,מיליליטרים,250.00,"100 מ""ל",false,,12.90,5.1600,true,1,323769
7290005425073,false,"מטהר אויר בניחוח יסמין ועץ סאנדלווד סנו 300 מ""ל","סנו מפעלי ברונוס בע""\מ",IL,מטהר סנו דאופרש יסמי,גרמים,300.00,100 גרם,false,,9.90,3.3000,true,1,262504
7290005425110,false,"חיטוי משטחים 99.9% מתז מחטא ומשמיד 750 מ""ל","סנו מפעלי ברונוס בע""\מ",IL,תרסיס סנו 99.9 חיטוי,מיליליטרים,750.00,"100 מ""ל",false,,14.90,1.9867,true,1,320242
7290005425127,false,"חיטוי משטחים 99.9% מתז לשומנים ואבנית 750 מ""ל","סנו מפעלי ברונוס בע""\מ",IL,תרסיס סנו 99.9 חיטוי,מיליליטרים,750.00,"100 מ""ל",false,,14.90,1.9867,true,1,320243
7290005425646,false,קליר נוזל לניקוי חלונות רב תכליתי סנו 1 ליטר,"סנו מפעלי ברונוס בע""\מ",IL,תרסיס סנוקליר 1 ליטר,קילוגרמים,1.00,ליטר,false,,8.90,8.9000,true,1,262508
7290005425912,false,אוקסיג'ן ג'ל להסרת כתמים עם חמצן פעיל סנו 4 ליטר,סנו אוקסיג'ן,IL,גל אוקסיגן 4 ליטר,קילוגרמים,4.00,ליטר,false,,24.90,6.2250,true,1,262511
7290005426018,false,אל סבון בייבי כיף 2 ליטר,קוסמופארם בע'\'\מ,IL,אל סבון בייבי כיף 2,קילוגרמים,2.00,ליטר,false,,24.90,12.4500,true,1,262512
7290005426193,false,ספוגית הפלא סנו סושי 6 יחידות,טרופיקל דגיל תעשיות,IL,ספוג הפלא סנו סושי 6,Unknown,0.00,יחידה,false,,9.90,0.0000,true,1,262514
7290005426568,false,"קרמה - קרם לחות לשיער רגיל 400 מ""ל",טרופיקל דגיל תעשיות,IL,קרם לחות קרמה לשיער,מיליליטרים,400.00,"100 מ""ל",false,,16.90,4.2250,true,1,262520
7290005426575,false,"קרמה לחות לשיער יבש ללא שטיפה 400 מ""ל",טרופיקל דגיל תעשיות,IL,קרם לחות קרמה לשיער,מיליליטרים,400.00,"100 מ""ל",false,,16.90,4.2250,true,1,262521
7290005426629,false,"סנו דואופרש אורן לוטוס ופרחי מים ודובדבן, 300 מ""ל",סנו fresh,IL,מטהר סנו דאופרש דובד,מיליליטרים,300.00,"100 מ""ל",false,,9.90,3.3000,true,1,262522
7290005426803,false,מקסימה מרכך כביסה פצ'ולי לבנדר סגול סנו 4 ליטר,סנו מקסימה,IL,מ.כביסה מקסימה פצולי,קילוגרמים,4.00,ליטר,false,,21.50,5.3750,true,1,262526
7290005426940,false,"סנו K-300 מדביר חרקים 475 מ""ל",טרופיקל דגיל תעשיות,IL,קוטל K300 פלוס 8 סנו,מיליליטרים,400.00,"100 מ""ל",false,,17.90,4.4750,true,1,262528
7290005426971,false,סנובון סבון לאסלה תפוח כחול סנו 3 יחידות,סנו מפעלי ברונו בעמ,IL,סנובון כחול תפוח 3 י,גרמים,165.00,100 גרם,false,,14.90,9.0303,true,1,262530
7290005427633,false,"כיף גל לשיער לשיער חזק במיוחד 1 ק""ג",קוסמופארם,IL,גל כיף לעיצוב שיער 1,פריט,1.00,"ק""ג",false,,19.90,19.9000,true,1,262545
7290005427732,false,אל סבון נוזלי בניחוח קמומיל כיף 2 ליטר,קוסמופארם,IL,אלסבון כיף קמומיל 2,קילוגרמים,2.00,ליטר,false,,17.90,8.9500,true,1,262547
7290005427749,false,אל סבון נוזלי בניחוח אצות ים עם לחות כיף 2 ליטר,טרופיקל דגיל תעשיות,IL,אלסבון כיף אצות ים 2,קילוגרמים,2.00,ליטר,false,,17.90,8.9500,true,1,262548
7290005427756,false,אל סבון נוזלי אלוורה כיף 2 ליטר,קוסמופארם,IL,אלסבון כיף אלוורה 2,קילוגרמים,2.00,ליטר,false,,17.90,8.9500,true,1,281663
7290005427763,false,אל סבון נוזלי בניחוח גינסינג כיף 2 ליטר,קוסמופארם,IL,אלסבון כיף גינסינג 2,קילוגרמים,2.00,ליטר,false,,17.90,8.9500,true,1,262549
7290005427770,false,"קרמה - קרם לחות לשיער לגבר 400 מ""ל",טרופיקל דגיל תעשיות,IL,קרם לחות קרמה לשיער,מיליליטרים,400.00,"100 מ""ל",false,,16.90,4.2250,true,1,262550
7290005429279,false,סנו מקסימה קומפקט קומפקט אפקט גאוול 6 ק,סנו מפעלי ברונוס בעמ,IL,אבקת מקסימה גאוול 6,פריט,6.00,"ק""ג",false,,39.90,6.6500,true,1,262566
7290005429286,false,"אבקת כביסה מקסימה ביו 6 ק""ג סנו",סנו מקסימה,IL,"אבקת מקסימה ביו 6 ק""",פריט,6.00,"ק""ג",false,,39.90,6.6500,true,1,262567
7290005430602,false,"סנו אוקסיג'ן ספריי להסרת כתמים עם חמצן פעיל 750 מ""ל","סנו מפעלי ברונוס בע""",IL,"תרסיס אוקסיגן 750 מ""",מיליליטרים,750.00,"100 מ""ל",false,,13.90,1.8533,true,1,262569
7290005437069,false,"שמן זית למאור בד""ץ טעמן 1 ליטר",מוצרי יסוד - טעמן,IL,שמן זית למאור טעמן 1,קילוגרמים,1.00,ליטר,false,,19.90,19.9000,true,1,262576
7290005437168,false,שמן זית זך קבר רחל טעמן 1 ליטר,מוצרי יסוד - טעמן,ES,שמן זית זך טעמן 1 לי,קילוגרמים,1.00,ליטר,false,,32.90,32.9000,true,1,262577
7290005437502,false,פטריות שמפיניון חתוכות 400 גר' טעמן,מוצרי יסוד - טעמן,IL,פטריות חתוכות טעמן 4,גרמים,400.00,100 גרם,false,,4.90,1.2250,true,1,262579
7290005437755,false,פסטה בילאגיו צינורות 500 גרם טעמן,מוצרי יסוד - טעמן,TR,פסטה צינורות טעמן 50,גרמים,500.00,100 גרם,false,,3.90,0.7800,true,1,262581
7290005437762,false,פסטה בילאג'יו ספירלה 500גר' טעמן,מוצרי יסוד - טעמן,TR,פסטה ספירלה טעמן 500,גרמים,500.00,100 גרם,false,,3.90,0.7800,true,1,262582
7290005559990,false,בצק פילאס תורכי מעדנות 600 גרם,מיוצר עי קונדיטוריית,IL,בצק פילאס תורכי מעדנ,גרמים,600.00,100 גרם,false,,19.90,3.3167,true,1,262597
7290005576010,false,חסה גלאט עלים - יח',רביבים,IL,חסה ערבית גלאט,Unknown,0.00,יחידה,false,,7.90,0.0000,true,1,262601
7290005576027,false,פטרוזיליה גלאט עלים - יח,רביבים,IL,פטרוזיליה מהדרין,Unknown,0.00,יחידה,false,,6.90,0.0000,true,1,262602
7290005576034,false,כוסברה גלאט עלים - יח',רביבים,IL,כוסברה מהדרין,Unknown,0.00,יחידה,false,,6.90,0.0000,true,1,262603
7290005576041,false,שמיר גלאט יחידה,רביבים,IL,שמיר מהדרין,Unknown,0.00,יחידה,false,,6.90,0.0000,true,1,262604
7290005576065,false,סלרי גלאט יחידה,ביכורי השקמה,IL,סלרי מהדרין,Unknown,0.00,יחידה,false,,7.90,0.0000,true,1,262606
7290005576072,false,מנגולד עלי סלק חסלט,רביבים,IL,עלי סלק מהדרין,Unknown,0.00,יחידה,false,,7.90,0.0000,true,1,262607
7290005576089,false,בצל ירוק גלאט יחידה,ביכורי השקמה,IL,בצל ירוק גלאט,Unknown,0.00,יחידה,false,,7.90,0.0000,true,1,262608
7290005576096,false,כרוב לבן שלם גלאט עלים,רביבים,IL,כרוב לבן גלאט עלים,קילוגרמים,1.00,"ק""ג",true,,14.90,14.9000,true,1,262609
7290005576171,false,כרוב סגול שלם גלאט עלים,רביבים,IL,כרוב אדום גלאט עלים,קילוגרמים,1.00,"ק""ג",true,,15.60,15.6000,true,1,262613
7290005576195,false,לבבות חסה רביבים 250 גר',רביבים עלי דשא,IL,לבבות חסה גלאט עלים,גרמים,200.00,100 גרם,false,,13.90,6.9500,true,1,304675
7290005576201,false,כרוב לבן קצוץ 400 ג' גאלט,רביבים,IL,כרוב לבן 400 גרם,גרמים,400.00,100 גרם,false,,10.90,2.7250,true,1,262614
7290005576218,false,כרוב אדום קצוץ 400 ג' גאלט,רביבים,IL,כרוב אדום 400 גרם,גרמים,400.00,100 גרם,false,,11.90,2.9750,true,1,262615
7290005576225,false,קולוסלאו גלאט עלים 400ג' בי&די,רביבים,IL,קולסלאו 400 גרם,גרמים,300.00,100 גרם,false,,11.90,3.9667,true,1,262616
7290005576232,false,חסה אייסברג מצונן 300גרם,רביבים,IL,חסה אייסברג 300 גרם,גרמים,300.00,100 גרם,false,,12.90,4.3000,true,1,262617
7290005576249,false,לקט קלאסי ירקות מהדרין 350 גר',רביבים,IL,לקט 350 גרם,גרמים,350.00,100 גרם,false,,12.90,3.6857,true,1,263715
7290005576263,false,כרוב אדום מצונן 1קג יח,רביבים,IL,"כרוב אדום 1 ק""ג",פריט,1.00,"ק""ג",false,,17.90,17.9000,true,1,263716
7290005576270,false,כרוב לבן מצונן 1 קג יח,רביבים,IL,"כרוב לבן 1 ק""ג",פריט,1.00,"ק""ג",false,,17.90,17.9000,true,1,262619
7290005576287,false,"קולסלאו סלט כרוב וגזר קצוץ 1 ק""ג",רביבים,IL,"קולסלאו 1 ק""ג",פריט,1.00,"ק""ג",false,,17.90,17.9000,true,1,263717
7290005576348,false,שבבי גזר 250 גרם,יעל ירק עלים,IL,שבבי גזר 250 גרם,גרמים,250.00,100 גרם,false,,9.90,3.9600,true,1,329811
7290005576546,false,בזיליקום טרי גלאט עלים,רביבים,IL,בזיליקום גלאט עלים,Unknown,0.00,יחידה,false,,7.90,0.0000,true,1,338096
7290005576904,false,"חסה גלאט עלים בד""ץ [שנת שמיטה]",רביבים,IL,חסה ערבית גלאט,Unknown,0.00,יחידה,false,,7.90,0.0000,true,1,333632
7290005576928,false,"פטרוזיליה גלאט עלים בד""ץ [שנת שמיטה]",רביבים,IL,פטרוזיליה מהדרין,Unknown,0.00,יחידה,false,,6.90,0.0000,true,1,333650
7290005576935,false,"כוסברה גלאט עלים בד""ץ [שנת שמיטה]",רביבים,IL,כוסברה מהדרין,Unknown,0.00,יחידה,false,,6.90,0.0000,true,1,333841
7290005576942,false,"שמיר גלאט עלים בד""ץ [שנת שמיטה]",רביבים,IL,שמיר מהדרין,Unknown,0.00,יחידה,false,,6.90,0.0000,true,1,335828
7290005576966,false,"סלרי גלאט עלים בד""ץ [שנת שמיטה]",רביבים,IL,סלרי עלים,Unknown,0.00,יחידה,false,,7.90,0.0000,true,1,333646
7290005576980,false,"בצל ירוק גלאט עלים בד""ץ [שנת שמיטה]",רביבים,IL,בצל ירוק,Unknown,0.00,יחידה,false,,7.90,0.0000,true,1,336879
7290005678059,false,ענבים לבנים ענבי טלי,,IL,ענבים ירוקים ענבי טל,קילוגרמים,1.00,"ק""ג",true,,15.90,15.9000,true,1,338176
7290005678318,false,ענב לבן אוטם קריספ טלי,אראל תוצרת חקלאית בע,IL,ענבי בוטיק אוטום קרי,קילוגרמים,1.00,"ק""ג",true,,24.90,24.9000,true,1,333321
7290005678653,false,ענבים שחורים-ענבי טל,אראל תוצרת חקלאית בע,IL,ענבים צבעוניים ענבי,קילוגרמים,1.00,"ק""ג",true,,9.90,9.9000,true,1,338255
7290005680052,false,טמפונים סופר פלוס אובה 32 יחידות,גונסון אנד גונסון,GR,טמפונים אובה פרוקומפ,Unknown,0.00,יחידה,false,,18.90,0.0000,true,1,267839
7290005838613,false,"סקי וניל בודד 125 גרם ""שטראוס""","שטראוס בריאות בע""\מ",IL,מעדן גבינה בטעם וניל,גרמים,125.00,100 גרם,false,,3.70,2.9600,true,1,270276
7290005839078,false,שמיניית יוגורט לבן 3% ביו דנונה 150 גרם,מיוצר עי קונדיטוריית,IL,מארז יוגורט פרוביוטי,קילוגרמים,1.20,ליטר,false,,14.90,12.4167,true,1,262659
7290005896439,false,"בירה מכבי, בקבוק חוזר 500 מ''ל","טמפו משקאות בע""מ",IL,בירה מכבי ב.חוזר 5%,מיליליטרים,500.00,"100 מ""ל",false,,6.90,1.3800,true,1,270691
7290005966033,false,"יין לבן הר חרמון 750 מ""ל",יקבי רמת הגולן קצרין,IL,יין הר חרמון לבן,מיליליטרים,750.00,"100 מ""ל",false,,25.90,3.4533,true,1,262665
7290006065049,false,בלו פיש פילה באס יפני 5-7 (לברק),,IL,פילה לברק הדייג שלי,קילוגרמים,1.00,"ק""ג",true,,42.90,42.9000,true,1,338309
7290006199027,false,מאגדת גלידל וניל מצופה סורבה תות שדה [8],הגלידות של פלדמן,IL,מאגדת גלידל שלגון ב,גרמים,400.00,100 גרם,false,,28.90,7.2250,true,1,339280
7290006199218,false,"שמיניית גלידל אייס מוקה ""פלדמן""",הגלידות של פלדמן,IL,מאגדת גלידל שלגון ב,גרמים,400.00,100 גרם,false,,28.90,7.2250,true,1,339281
7290006199942,false,"שמיניית גלידל פרי דובדבן ""פלדמן""",הגלידות של פלדמן,IL,מאגדת גלידל פרי דובד,גרמים,640.00,100 גרם,false,,20.90,3.2656,true,1,326746
7290006222497,false,פקאן מצופה בטעמים במ,"דין שיווק וקלייה בע""",IL,פקאן מצופה בטעמים במ,קילוגרמים,1.00,"ק""ג",true,,99.00,99.0000,true,1,324499
7290006241504,false,"משקה תפוזים קפוא פריגת 340 מ""ל",פריגת מצוננים,IL,תרכיז תפוזים קפוא פר,גרמים,345.00,100 גרם,false,,11.90,3.4493,true,1,266134
7290006241511,false,"משקה לימונענע מרוכז קפוא פריגת 280 מ""ל",היינץ צפון אמריקה מק,IL,תרכיז לימונענע קפוא,גרמים,340.00,100 גרם,false,,11.90,3.5000,true,1,266133
7290006241535,false,"משקה מנגו קפוא פריגת 340 מ""ל",היינץ צפון אמריקה מק,IL,תרכיז מנגו קפוא פריג,גרמים,350.00,100 גרם,false,,11.90,3.4000,true,1,266132
7290006251275,false,תה ירוק סיני קלאסי ויסוצקי 25 יחידות,תה ויסוצקי,IL,תה ירוק סיני 25 שקיק,גרמים,150.00,100 גרם,false,,19.90,13.2667,true,1,268110
7290006251343,false,חליטת פסיפלורה מנגו הגן הקסום ויסוצקי 25 יחידות,תה ויסוצקי,IL,תה פסיפלורה מנגו הגן,גרמים,63.00,100 גרם,false,,12.90,20.4762,true,1,276665
7290006251374,false,תה ירוק לימונית וג'ינג'ר ויסוצקי 25 יחידות,תה ויסוצקי,IL,תה ירוק לימונית וגינ,גרמים,38.00,100 גרם,false,,19.90,52.3684,true,1,268111
7290006251589,false,תה ירוק עם עלי נענע 50 שקיקים ויסוצקי,בית ויסוצקי,IL,תה ירוק נענע 50 שקיק,גרמים,75.00,100 גרם,false,,34.90,46.5333,true,1,262726
7290006265500,false,פטריות שמפיניון ארוז מרינה,"מרינה פטריות הגליל בע""מ",IL,פטריות שמפיניון ארוז,Unknown,0.00,יחידה,false,,8.00,0.0000,true,1,268705
7290006265548,false,נבטים סינים מרינה ארוז 360ג',"מרינה פטריות הגליל בע""מ",IL,נבטים סינים יח,Unknown,0.00,יחידה,false,,5.90,0.0000,true,1,270358
7290006265890,false,נבטי גרעיני חמניה יח,"מרינה פטריות הגליל בע""מ",IL,נבטי חמניה יח,Unknown,0.00,יחידה,false,,8.90,0.0000,true,1,270360
7290006271181,false,ג'חנון אפוי למיקרוגל מעדנות 750 גרם,מיוצר עי קונדיטוריית,IL,גחנון אפוי מעדנות 75,גרמים,750.00,100 גרם,false,,15.90,2.1200,true,1,262728
7290006271655,false,מיני בורקס גבינה מעדנות 800 גרם,מיוצר עי קונדיטוריית,IL,מיני בורקס גבינה מעד,גרמים,800.00,100 גרם,false,,19.90,2.4875,true,1,266495
7290006289001,false,צוואר (10) טרי לפי שקילה,,IL,צוואר עגל טרי וול דא,קילוגרמים,1.00,"ק""ג",true,,89.90,89.9000,true,1,327564
7290006289209,false,צלעות אונטריפ טרי לפי מש,,IL,צלעות עגל מס' 2 טרי,קילוגרמים,1.00,"ק""ג",true,,89.90,89.9000,true,1,332757
7290006289223,false,פלאנקען ללא עצם קפוא,וול דאן,IL,בשר מס' 9 פלאנקען פר,קילוגרמים,1.00,"ק""ג",true,,89.90,89.9000,true,1,329668
7290006289261,false,עצמות בקר קפוא וול ד,,IL,עצמות בקר קפוא וול ד,קילוגרמים,1.00,"ק""ג",true,,24.90,24.9000,true,1,329669
7290006289346,false,קישקע בשרי לטשולנט 500 ג,וול דאן,IL,קישקע וול דאן 500 גר,גרמים,500.00,100 גרם,false,,24.90,4.9800,true,1,326819
7290006289469,false,עצמות מח קפוא וול דא,,IL,עצמות מח קפוא וול דא,קילוגרמים,1.00,"ק""ג",true,,59.90,59.9000,true,1,329671
7290006289605,false,שריר הזרוע (8) טרי לפי ש,,IL,שריר הזרוע טרי וול ד,קילוגרמים,1.00,"ק""ג",true,,99.90,99.9000,true,1,327560
7290006289629,false,"בשר לחמין טרי עד""ח לפי מ",,IL,בשר לחמין טרי וול דא,קילוגרמים,1.00,"ק""ג",true,,89.90,89.9000,true,1,327556
7290006289773,false,נקניקיות צוריסוס וול,וול דאן,IL,נקניקיות צוריסוס וול,גרמים,400.00,100 גרם,false,,39.90,9.9750,true,1,326825
7290006289803,false,אסאדו (9) טרי לפי שקילה,,IL,פלאנקען טרי וול דאן,קילוגרמים,1.00,"ק""ג",true,,84.90,84.9000,true,1,327562
7290006289810,false,צלי כתף (5) טרי לפי שקיל,,IL,צלי כתף טרי וול דאן,קילוגרמים,1.00,"ק""ג",true,,149.00,149.0000,true,1,327568
7290006289865,false,"אסדו )פלאנקען( ע""ע קפוא",,IL,בשר מס' 9 אסאדו פרוס,קילוגרמים,1.00,"ק""ג",true,,89.90,89.9000,true,1,329675
7290006289971,false,נקניקיות מרגז קפוא לפי ש,וול דאן,IL,נקניקיות מרגז וול דא,גרמים,400.00,100 גרם,false,,39.90,9.9750,true,1,326826
7290006299048,false,יין ג'וזף רזרב 2019,יקב ג'ודואה,IL,יין ג'וזף רזרב 2019,מיליליטרים,750.00,"100 מ""ל",false,,109.90,14.6533,true,1,328548
7290006299604,false,יין ירושלים קולקשיין,אנטי פוד משקאות,IL,יין ירושלים קולקשיין,מיליליטרים,750.00,"100 מ""ל",false,,69.90,9.3200,true,1,329440
7290006299628,false,יין ירושלים קולקשיין,אנטי פוד משקאות,IL,יין ירושלים קולקשיין,מיליליטרים,750.00,"100 מ""ל",false,,69.90,9.3200,true,1,329442
7290006299642,false,יין ירושלים קולקשיין,אנטי פוד משקאות,IL,יין ירושלים קולקשיין,מיליליטרים,750.00,"100 מ""ל",false,,99.90,13.3200,true,1,329444
7290006306302,false,רביולי במילוי גבינות פרמזן ריקוטה 400 ג' פסטה נונה,דורום תעשיות מזון ופסטה,IL,רביולי פרמזן וריקוטה,גרמים,400.00,100 גרם,false,,19.90,4.9750,true,1,262735
7290006306319,false,רביולי במילוי בטטה 400 ג' פסטה נונה,דורום תעשיות מזון ופסטה,IL,רביולי בטטה נונה 400,גרמים,400.00,100 גרם,false,,19.90,4.9750,true,1,262736
7290006306333,false,רביולי במילוי תרד וגבינת ריקוטה פסטה נונה 400 ג',דורום תעשיות מזון ופסטה,IL,רביולי תרד וריקוטה נ,גרמים,400.00,100 גרם,false,,19.90,4.9750,true,1,262738
7290006342072,false,גרעין לבן ששון הקולה 200 גרם,"דין שיווק וקלייה בע""",IL,גרעין לבן 200 גרם יח,גרמים,200.00,100 גרם,false,,6.50,3.2500,true,1,264031
7290006342447,false,גרעיני אבטיח ששון הקולה 200 גרם,"דין שיווק וקלייה בע""",IL,גרעין אבטיח 200 גרם,גרמים,200.00,100 גרם,false,,12.40,6.2000,true,1,264033
7290006342645,false,טורטיה גדולה שקדיה 840 גרם 12 יחידות,אלקטי קוראבייכיסיגיד,TR,טורטיות 12*70 גרם,מיליליטרים,840.00,"100 מ""ל",false,,14.90,1.7738,true,1,270124
7290006374660,false,שמן זית כתית לתיבול קלאסי יד מרדכי 1 ליטר,מכוורת יד מרדכי שטראוס ב,IL,שמן זית קלאסי יד מרד,קילוגרמים,1.00,ליטר,false,,39.90,39.9000,true,1,281895
7290006374738,false,קונפיטורית תות 340 גר' יד מרדכי,אף.סי תבליני בגליל ב,IL,קונפיטורה תות יד מרד,גרמים,340.00,100 גרם,false,,11.90,3.5000,true,1,281897
7290006411334,false,פרוביוטיקה פלוס 24כמוסות,CHEMIPAL (FLORIS,IL,פרוביוטיקה FOS 24 כמ,Unknown,0.00,יחידה,false,,39.90,0.0000,true,1,334508
7290006429506,false,חצאי אפרסקים 820 גרם טעמן,טעמן,IL,לפתן אפרסק טעמן 820,גרמים,820.00,100 גרם,false,,8.90,1.0854,true,1,262758
7290006449955,false,מלפפון בייבי מארז,"מרינה פטריות הגליל בע""מ",IL,מלפפון בייבי מארז,Unknown,0.00,יחידה,false,,8.90,0.0000,true,1,277553
7290006492432,false,גבינת מוצרלה בייבי 18% גד 150 גרם,מחלבות גד בעמ,IL,גבינת מוצרלה בייבי 1,גרמים,150.00,100 גרם,false,,9.90,6.6000,true,1,262766
7290006492685,false,גבינת לאבנה 5% מחלב עזים גד 250 גרם,מחלבות גד בעמ,IL,לאבנה עיזים 5% גד 25,גרמים,250.00,100 גרם,false,,14.90,5.9600,true,1,262768
7290006492852,false,גבינת עיזים למריחה 5% שומן 250 ג' גד,גבינות מדף,IL,גבינה עיזים 5% גד 25,גרמים,250.00,100 גרם,false,,14.90,5.9600,true,1,262769
7290006497130,false,קישקע פרווה רובינפלד,,IL,קישקע פרווה רובינפלד,גרמים,500.00,100 גרם,false,,17.90,3.5800,true,1,304107
7290006511683,false,פולי סויה מאנצ`ו קפוא 454 ג' וילפוד,קו.אל.טי.די.קיאוניונ,CN,פולי סויה מאנצו 454,גרמים,454.00,100 גרם,false,,6.90,1.5198,true,1,267887
7290006560964,false,מגש מלבן שקוף 5 יח,בי רייט,CN,מגש מלבן שקוף 5 יח,Unknown,0.00,יחידה,false,,19.90,0.0000,true,1,316314
7290006560988,false,קערה מעוטרת בינונית,בי רייט,CN,קערה מעוטרת בינונית,Unknown,0.00,יחידה,false,,19.90,0.0000,true,1,316308
7290006561022,false,מגש מחולק ל - 4 שקוף,הנג טונג,CN,מגש מחולק ל - 4 שקוף,Unknown,0.00,יחידה,false,,19.90,0.0000,true,1,316313
7290006561039,false,קערה מרובעת שקופה קט,הנג טונג,CN,קערה מרובעת שקופה קט,Unknown,0.00,יחידה,false,,19.90,0.0000,true,1,316310
7290006561121,false,קערה 2 פסים ענקית לס,הנג טונג,CN,קערה 2 פסים ענקית לס,Unknown,0.00,יחידה,false,,19.90,0.0000,true,1,318013
7290006561138,false,קערה 3 פסים קטנות לס,הנג טונג,CN,קערה 3 פסים קטנות לס,Unknown,0.00,יחידה,false,,19.90,0.0000,true,1,318014
7290006582355,false,סילאן סירופ 900 גרם שקדיה,"דין שיווק וקליה בע""מ",TR,סילאן שקדיה 900 גרם,גרמים,900.00,100 גרם,false,,9.90,1.1000,true,1,267655
7290006664051,false,"אקטימל לבן 1.51 ק""ג מארז 14 יחידות",מיוצר עי קונדיטוריית,IL,אקטימל דנונה 14*100,קילוגרמים,1.40,ליטר,false,,24.90,17.7857,true,1,262821
7290006664402,false,גבינה לבנה סקי 5% שומן 750 גרם,מיוצר עי קונדיטוריית,IL,גבינה 5% סקי 750 גרם,גרמים,750.00,100 גרם,false,,12.90,1.7200,true,1,264267
7290006664532,false,יוגורט עם תות 3% שומן 150 ג' דנונה,מיוצר עי קונדיטוריית,IL,דנונה פרי תות 150 גר,גרמים,150.00,100 גרם,false,,3.50,2.3333,true,1,278712
7290006664655,false,"אקטימל לבן טבעי מארז 100X8 מ""ל",מיוצר עי קונדיטוריית,IL,אקטימל דנונה 8*100 מ,מיליליטרים,800.00,"100 מ""ל",false,,16.90,2.1125,true,1,262825
7290006664693,false,יוגורט עם אפרסק 3% שומן 150 ג' דנונה,מיוצר עי קונדיטוריית,IL,דנונה פרי אפרסק 150,מיליליטרים,150.00,"100 מ""ל",false,,3.50,2.3333,true,1,278713
7290006664990,false,"יוגורט דנונה ביו לבן 1.7% שומן 8*150 מ""ל",מיוצר עי קונדיטוריית,IL,מארז יוגורט פרוביוטי,קילוגרמים,1.20,ליטר,false,,14.90,12.4167,true,1,262827
7290006681553,false,קרמבו בטעם וניל שטראוס 8 יחידות,"גלידת שטראוס בע""\מ",IL,קרמבו וניל שטראוס 8,גרמים,200.00,100 גרם,false,,12.90,6.4500,true,1,333871
7290006681560,false,קרמבו בטעם מוקה שטראוס 8 יחידות,"גלידת שטראוס בע""\מ",IL,קרמבו מוקה שטראוס 8,גרמים,200.00,100 גרם,false,,12.90,6.4500,true,1,333872
7290006696717,false,תירוש מוסקט לבן אפרת 1 ליטר,יקב טפרברג 1870 בעמ,IL,תירוש לבן אפרת 1 ליט,קילוגרמים,1.00,ליטר,false,,12.90,12.9000,true,1,262839
7290006712981,false,"משחת שיניים קולגייט ספיידרמן מגיל שש 50 מ""ל",הנסיך- מפעל לייצור ט,PL,משחת קולגייט ילדים ב,מיליליטרים,50.00,"100 מ""ל",false,,11.90,23.8000,true,1,275913
7290006730268,false,טרופיק פקק 40 יח,קלית סיטבון בעמ,IL,טרופיק פקק 40 יח,קילוגרמים,8.00,ליטר,false,,39.90,4.9875,true,1,270423
7290006739131,false,בצק גולמי פילו זוגלובק 500ג',מאפיית אריאל,IL,בצק פילו זוגלובק 500,גרמים,500.00,100 גרם,false,,11.90,2.3800,true,1,273730
7290006739407,false,שניצל תירס לייט זוגלובק 600 גרם,נקניק נהריה כשר זוגל,IL,שניצל תירס לייט זוגל,גרמים,630.00,100 גרם,false,,21.90,3.4762,true,1,266660
7290006739445,false,שניצל תירס קלאסי 750 ג' זוגלובק,נקניק נהריה כשר זוגל,IL,שניצל תירס זוגלובק 7,גרמים,750.00,100 גרם,false,,24.90,3.3200,true,1,264495
7290006741363,false,בורקס תפוחי אדמה זוגלובק 800 גרם,מאפיית אריאל וגידרון,IL,בורקס תפוא זוגלובק 8,גרמים,800.00,100 גרם,false,,10.90,1.3625,true,1,262843
7290006741387,false,"מלאווח תימני זוגלובק 700 ג' בד""צ",נקניק נהריה כשר זוגל,IL,מלוואח זוגלובק 700 ג,גרמים,700.00,100 גרם,false,,12.90,1.8429,true,1,262844
7290006764065,false,בירה נשר מאלט ללא אלכוהול 500 מל,"טמפו משקאות בע""\ם.",IL,בירה נשר מאלט ב.חוזר,מיליליטרים,500.00,"100 מ""ל",false,,4.80,0.9600,true,1,267669
7290006764072,false,"בירה גולדסטאר בקבוק 500 מ""ל חוזר","טמפו משקאות בע""\מ",IL,בירה גולדסטאר ב.חוזר,מיליליטרים,500.00,"100 מ""ל",false,,6.90,1.3800,true,1,267668
7290006764157,false,"בירה גולדסטאר Unfiltered, בירה לא מסוננת, בקבוק חוזר 500 מ""ל",טמפו משקאות בע''מ,IL,בירה גולדסטאר לא מסו,מיליליטרים,500.00,"100 מ""ל",false,,7.90,1.5800,true,1,321998
7290006765000,false,טורטיה מקמח מלא שקדיה 540 גרם,אלקטי קוראבייכיסיגיד,TR,טורטיות חיטה מלאה 12,גרמים,540.00,100 גרם,false,,11.90,2.2037,true,1,270125
7290006775016,false,אחווה עוגת תפוז 450 גרם,אחדות ביחר לטחינה חל,IL,עוגת תפוז אחוה 450 ג,גרמים,450.00,100 גרם,false,,7.90,1.7556,true,1,262855
7290006775023,false,עוגה אנגלית אחווה 450 גר',אחדות ביחר לטחינה חל,IL,עוגה אנגלית אחוה 450,גרמים,450.00,100 גרם,false,,7.90,1.7556,true,1,262856
7290006775030,false,עוגת שוקולד צ'יפס 450 ג אחוה,אחדות ביחר לטחינה חל,IL,עוגת שוקולד ציפס אחו,גרמים,450.00,100 גרם,false,,7.90,1.7556,true,1,262857
7290006775047,false,עוגת שוקולד אחוה 450 גרם,אחדות ביחר לטחינה חל,IL,עוגת שוקולד אחוה 450,גרמים,450.00,100 גרם,false,,7.90,1.7556,true,1,262858
7290006775054,false,עוגת שיש אחווה 450 ג' אחוה,אחדות ביחר לטחינה חל,IL,עוגת שיש אחוה 450 גר,גרמים,450.00,100 גרם,false,,7.90,1.7556,true,1,262859
7290006775085,false,עוגת שמרים במילוי שוקולד אחוה,אחדות ביחר לטחינה חל,IL,עוגת שמרים שוקולד אח,גרמים,400.00,100 גרם,false,,9.80,2.4500,true,1,262861
7290006775191,false,מאפינס ממולא שוקולד אחווה 50 ג',אחדות ביחר לטחינה חל,IL,מאפין במילוי שוקולד,גרמים,50.00,100 גרם,false,,1.30,2.6000,true,1,262862
7290006775344,false,עוגת שמרים במילוי קרם קינמון אחוה 400 גרם,אחדות ביחר לטחינה חל,IL,עוגת שמרים במילוי קר,גרמים,400.00,100 גרם,false,,9.80,2.4500,true,1,262865
7290006775405,false,מאפינס שוקוצ'יפס אישי אחווה 45גרם,אחדות ביחר לטחינה חל,IL,מאפין שוקולד ציפס אח,גרמים,45.00,100 גרם,false,,1.30,2.8889,true,1,262866
7290006775764,false,"עוגת שוקוצ'יפס לל""ס אחדות 400 גר'",אחדות ביחר לטחינה חל,IL,עוגת שוקולד ציפס ללא,גרמים,400.00,100 גרם,false,,10.90,2.7250,true,1,262868
7290006775801,false,עוגיות רוגלך שוקולד 400 גר' אחדות,אחדות ביחר לטחינה חל,IL,רוגעלך בטעם שוקולד א,גרמים,400.00,100 גרם,false,,8.90,2.2250,true,1,297836
7290006788429,false,"קרליין - נושם סאן רייס דאודורנט רול און לאישה כתום 75 מ""ל","אמיליה קוסמטיקס בע""מ",IL,דאו רול און קרליין ס,גרמים,75.00,100 גרם,false,,11.70,15.6000,true,1,262876
7290006788436,false,"קרליין - נושם פיור דאודורנט רול און לאישה ורוד 75 מ""ל",משווק: קוסמופארם בעמ,IL,דאו רול און קרליין פ,גרמים,75.00,100 גרם,false,,11.70,15.6000,true,1,262877
7290006788443,false,"קרליין - נושם אוקסיג'ן דאודורנט רול און לאישה סגול 75 מ""ל","אמיליה קוסמטיקס בע""מ",IL,דאו רול און קרליין א,גרמים,75.00,100 גרם,false,,11.70,15.6000,true,1,262878
7290006788498,false,"קרליין - נושם פיור דאודורנט ספריי לאישה ורוד 200 מ""ל",מיוצר עי : אמיליה קוסמטי,IL,דאו ספריי קרליין נוש,מיליליטרים,200.00,"100 מ""ל",false,,11.70,5.8500,true,1,262880
7290006788504,false,"קרליין - נושם אוקסיג'ן דאודורנט ספריי לאישה סגול 200 מ""ל",מיוצר עי : אמיליה קוסמטי,IL,דאו ספריי קרליין נוש,מיליליטרים,200.00,"100 מ""ל",false,,11.70,5.8500,true,1,262881
7290006822192,false,נקטר דיאט חמוציות אושן ספריי פריגת 1 ליטר,מבשלות בירה בינלאומיות ב,IL,נקטר חמוציות דיאט או,קילוגרמים,1.00,ליטר,false,,11.20,11.2000,true,1,264331
7290006983152,false,קרוטונים מתובלים למרק אסם 400 גרם,עינת תעשיות מזון אגו,IL,קרוטונים למרק אסם 40,גרמים,400.00,100 גרם,false,,14.90,3.7250,true,1,262910
7290006983176,false,אוסם - לחמית שיפון 250 גרם,"אסם השקעות בע""\מ",IL,לחמית שיפון 230 גרם,גרמים,230.00,100 גרם,false,,6.90,3.0000,true,1,262911
7290006983206,false,תערובת להכנת פלפל קלי קלות 180 גרם,"אסם השקעות בע""\מ",IL,אבקת פלאפל אסם 180 ג,גרמים,180.00,100 גרם,false,,9.50,5.2778,true,1,266744
7290006983527,false,עוגת הבית תפוחי עץ עם פירורים 400 ג' אסם,מיוצר עי קונדיטוריית,IL,עוגת תפוח עץ פרורים,גרמים,400.00,100 גרם,false,,13.90,3.4750,true,1,262912
7290006983770,false,עוגת הבית שיש אסם 400 גרם,מיוצר עי קונדיטוריית,IL,עוגת שיש אסם 400 גרם,גרמים,400.00,100 גרם,false,,9.90,2.4750,true,1,262913
7290006983787,false,עוגת הבית שוקולד צ'יפס אסם 400 גרם,מיוצר עי קונדיטוריית,IL,עוגת שוקולד ציפס אסם,גרמים,400.00,100 גרם,false,,9.90,2.4750,true,1,262914
7290006983794,false,עוגת הבית בטעם תפוז אסם 400 גרם,מיוצר עי קונדיטוריית,IL,עוגת תפוז אסם 380 גר,גרמים,400.00,100 גרם,false,,9.90,2.4750,true,1,262915
7290006992161,false,מטרנה - דייסת קורנפלור פרוביוטי 200 גרם,מולינו ניקולי s.p.a,IL,דייסת קורנפלור מטרנה,גרמים,200.00,100 גרם,false,,12.90,6.4500,true,1,262917
7290006992185,false,"מטרנה - דייסת אורז פרוביוטי כשל""פ 200 גרם",מולינו ניקולי s.p.a,IL,דייסת אורז מטרנה 200,גרמים,200.00,100 גרם,false,,12.90,6.4500,true,1,262919
7290006992208,false,מטרנה דייסת 8 דגנים מעורבים 200 גרם,מטרנה תעשיות ש.מ,IL,דייסת דגנים מעורבים,גרמים,200.00,100 גרם,false,,12.90,6.4500,true,1,262921
7290006992390,false,"מטרנה - דייסת וניל פרוביוטי כשל""פ 200 גרם",מולינו ניקולי s.p.a,IL,דייסת וניל מטרנה 200,גרמים,200.00,100 גרם,false,,12.90,6.4500,true,1,262923
7290008110501,false,סירופ הרבליס פלוריס,,,סירופ הרבליס פלוריס,Unknown,0.00,יחידה,false,,36.90,0.0000,true,1,333766
7290008110587,false,אקטי פלוס- ליכסניות מציצה בטעם דבש מנטה,פלוריש,,אקטיפלוס פלוריס 30 ל,Unknown,0.00,יחידה,false,,36.90,0.0000,true,1,333767
7290008190985,false,לקקן בטעם גלידה 50 יח',כרמית תעשיות ממתקים,IL,סוכריות על מקל בטעם,גרמים,500.00,100 גרם,false,,12.90,2.5800,true,1,263438
7290008194266,false,מארזים מתוקים א.אטיא,ממתקי השלום,IL,חטיפים מעורב 350 גרם,גרמים,350.00,100 גרם,false,,12.90,3.6857,true,1,266265
7290008194839,false,חטיפים מצופים אטיאס,ממתקי השלום,IL,חטיפים מצופים 300 גר,גרמים,300.00,100 גרם,false,,12.90,4.3000,true,1,306133
7290008257008,false,מסרק סמיך שיני נחושת אריסטוקרט,אריסטוקרט,CN,מסרק סמיך אריסטוקרט,Unknown,0.00,יחידה,false,,10.90,0.0000,true,1,264229
7290008257138,false,פטמות איקס לבקבוק צר שלישייה,אריסטוקרט,CN,פטמות לבקבוק צר אריס,Unknown,0.00,יחידה,false,,4.90,0.0000,true,1,263441
7290008257169,false,פלסטר בד אלסטי 100 יחידות,אריסטוקרט,CN,פלסטר אריסטוקרט 100,Unknown,0.00,יחידה,false,,6.90,0.0000,true,1,263442
7290008257206,false,מברשת ניקוי בקבוק (206 ),אריסטוקרט,IL,מברשת לניקוי בקבוקים,Unknown,0.00,יחידה,false,,4.90,0.0000,true,1,263445
7290008257220,false,בקבוק תינוק אחיזה נוחה במיוחד (220 ),אריסטוקרט,IL,בקבוק צר מעוצב לתינו,Unknown,0.00,יחידה,false,,9.90,0.0000,true,1,263447
7290008257244,false,מברשת+מסרק לתינוק (244),אריסטוקרט,IL,מברשת + מסרק לתינוק,Unknown,0.00,יחידה,false,,7.90,0.0000,true,1,263448
7290008257275,false,פטמות רחבות רב שלבי 2 יח,אריסטוקרט,IL,פטמות לבקבוק רחב ארי,Unknown,0.00,יחידה,false,,11.90,0.0000,true,1,263450
7290008257312,false,מוצץ סיליקון אורטודנטי זוג מצוייר איריס גדול,אריסטוקרט,TH,מוצץ סיליקון גדול אר,Unknown,0.00,יחידה,false,,12.90,0.0000,true,1,263452
7290008257558,false,מבריק / צובע נעליים שחור / שקוף,אריסטוקרט,TR,מבריק נעליים אריסטוק,Unknown,0.00,יחידה,false,,4.90,0.0000,true,1,263457
7290008257688,false,נשכן קרור דוגמאות שונות,אריסטוקרט,CN,נשכן לתינוק אריסטוקר,Unknown,0.00,יחידה,false,,6.90,0.0000,true,1,263458
7290008257718,false,רפידות הנקה זוג במבצע,אריסטוקרט,CN,רפידות הנקה אריסטוקר,Unknown,0.00,יחידה,false,,16.90,0.0000,true,1,263459
7290008257770,false,"בקבוק רחב לתינוק+ידיות 250 מ""ל (770)",אריסטוקרט,TH,בקבוק רחב לתינוק ארי,Unknown,0.00,יחידה,false,,19.90,0.0000,true,1,263460
7290008343466,false,בצק פילו 500 גרם שלושת האופים,שלושת האופים שגמור,IL,בצק פילו ש.האופים 50,גרמים,500.00,100 גרם,false,,15.90,3.1800,true,1,263471
7290008343558,false,"סיגרים בשר שלושת האופים 1 ק""ג","שלושת האופים בע""\מ",IL,סיגרים בשר ש.האופים,פריט,1.00,"ק""ג",false,,18.90,18.9000,true,1,263473
7290008343565,false,"סיגרים תפו""א 1 ק""ג שלושת האופים","שלושת האופים בע""\מ",IL,סיגרים תפוא ש.האופים,פריט,1.00,"ק""ג",false,,18.90,18.9000,true,1,263474
7290008343572,false,"אגרול סיני 1 ק""ג שלושת האופים","שלושת האופים בע""\מ",IL,אגרול סיני ש.האופים,פריט,1.00,"ק""ג",false,,18.90,18.9000,true,1,263475
7290008343602,false,"קובה בשר 1 ק""ג שלושת האופים","שלושת האופים בע""\מ",IL,קובה בשר ש.האופים 1,פריט,1.00,"ק""ג",false,,18.90,18.9000,true,1,263476
7290008343619,false,"פסטלים תפו""א שלושת האופים 1 ק""ג","שלושת האופים בע""\מ",IL,פסטלים תפוא ש.האופים,פריט,1.00,"ק""ג",false,,18.90,18.9000,true,1,263477
7290008343626,false,"כדורי פלאפל 1 ק""ג שלושת האופים","שלושת האופים בע""\מ",IL,כדורי פלאפל ש.האופים,פריט,1.00,"ק""ג",false,,18.90,18.9000,true,1,263478
7290008347211,false,אצבעות דג מצופות דלידג 700 גרם,אף.סי תבליני בגליל ב,IL,אצבעות דג מצופות דלי,גרמים,700.00,100 גרם,false,,19.90,2.8429,true,1,263479
7290008423021,false,כמון פרג 400 גרם,תבליני הדור השלישי,IL,כמון פרג 400 גרם,גרמים,400.00,100 גרם,false,,34.90,8.7250,true,1,263521
7290008423045,false,תבלין לקציצות פרג 10,תבליני הדור השלישי,IL,תבלין לקציצות פרג 10,גרמים,100.00,100 גרם,false,,16.90,16.9000,true,1,263522
7290008423052,false,עגבניות מיובשות בשמן,תבליני הדור השלישי,IL,עגבניות מיובשות פרג,גרמים,250.00,100 גרם,false,,14.90,5.9600,true,1,263523
7290008423243,false,מלח שולחן הים האדום,מלח הארץ,IL,מלח שולחן הים האדום,גרמים,650.00,100 גרם,false,,7.50,1.1538,true,1,302456
7290008426053,false,יין עדולם-חבל יהודה,יקב חבל יהודה,IL,יין עדולם 2017 חבל י,מיליליטרים,750.00,"100 מ""ל",false,,89.00,11.8667,true,1,327493
7290008443265,false,תחליב לחות לרחצה אל סבון נוזלי נקה 7 2 ליטר,אמיליה קוסמטיקס,IL,אל סבון סופטקר 2 ליט,קילוגרמים,2.00,ליטר,false,,24.90,12.4500,true,1,263524
7290008443616,false,"מרכך לשיער יבש אדום נקה 7 750 מ""ל","אמיליה קוסמטיקס בע""מ",IL,מרכך נקה 7 לשיער יבש,מיליליטרים,750.00,"100 מ""ל",false,,6.90,0.9200,true,1,263525
7290008455800,false,"עוף טרי ארוז ""אחדות"" לנדא",,IL,עוף שלם טרי לנדא,קילוגרמים,1.00,"ק""ג",true,,29.90,29.9000,true,1,336210
7290008455817,false,עוף מחולק טרי לנדא,,,עוף מחולק טרי לנדא,קילוגרמים,1.00,"ק""ג",true,,22.90,22.9000,true,1,336211
7290008455824,false,"כרעיים עוף טרי ארוז ""אחדות"" לנדא",,IL,כרעיים עוף טרי לנדא,קילוגרמים,1.00,"ק""ג",true,,44.90,44.9000,true,1,336212
7290008455848,false,"שוקיים עוף טרי ארוז ""אחדות"" לנדא",,IL,שוקיים עוף טרי לנדא,קילוגרמים,1.00,"ק""ג",true,,49.90,49.9000,true,1,336214
7290008455855,false,"ירכיים עוף טרי ארוז ""אחדות"" לנדא",,IL,ירכיים עוף טרי לנדא,קילוגרמים,1.00,"ק""ג",true,,39.90,39.9000,true,1,336215
7290008455862,false,"כנפיים טרי ארוז ""אחדות"" לנדא",,IL,כנפיים עוף טרי לנדא,קילוגרמים,1.00,"ק""ג",true,,17.90,17.9000,true,1,336216
7290008455879,false,גרונות עוף טרי לנדא לפי,,IL,גרונות עוף טרי לנדא,קילוגרמים,1.00,"ק""ג",true,,9.90,9.9000,true,1,336217
7290008455893,false,פרגיות טרי לנדא לפי משקל,,IL,פרגית עוף טרי לנדא,קילוגרמים,1.00,"ק""ג",true,,89.90,89.9000,true,1,336219
7290008455916,false,"שניצל עוף ""פרימיום"" טרי ארוז ""אחדות"" לנדא",,IL,שניצל עוף פרימיום טר,קילוגרמים,1.00,"ק""ג",true,,59.90,59.9000,true,1,336221
7290008464130,false,"בירה גולדסטאר Unfiltered, בירה לא מסוננת, מארז שישייה, בקבוק 330 מ""ל",טמפו,IL,מארז בירה גולדסטאר 4,קילוגרמים,1.98,ליטר,false,,29.90,15.1010,true,1,270664
7290008464703,false,"שישיית בירה מכבי בקבוק 330 מ""ל",טמפו משקאות בע''מ,IL,מארז בירה מכבי 5% 6,קילוגרמים,1.98,ליטר,false,,34.90,17.6263,true,1,263529
7290008464734,false,"שישיית בירה גולדסטאר לאגר SLOW BREW בקבוק 330 מ""ל",טמפו משקאות בע''מ,IL,מארז בירה גולדסטאר 1,קילוגרמים,1.98,ליטר,false,,34.90,17.6263,true,1,311204
7290008464741,false,"בירה גולדסטאר, מארז שישייה, בקבוק 330 מ''ל","טמפו משקאות בע""\מ",IL,מארז בירה גולדסטאר 4,קילוגרמים,1.98,ליטר,false,,35.90,18.1313,true,1,263530
7290008464796,false,"בירה היינקן, מארז שישייה, בקבוק 330 מ''ל",טמפו משקאות בע''מ,IL,מארז בירה היינקן 5%,קילוגרמים,1.98,ליטר,false,,31.70,16.0101,true,1,263531
7290008466578,false,עוגיות סנדביץ ריבה מ,אנטיקביץ,IL,עוגיות סנדוויץ ריבה,גרמים,350.00,100 גרם,false,,11.90,3.4000,true,1,337881
7290008466707,false,עוגיות פרימיום 200-250 גרם,דין שיווק,IL,עוגיות פרימיום אנטקו,גרמים,250.00,100 גרם,false,,18.90,7.5600,true,1,337873
7290008466769,false,שנייק קינמון אנטקובי,אנטיקביץ,IL,שנייק קינמון אנטקובי,גרמים,600.00,100 גרם,false,,12.90,2.1500,true,1,337869
7290008466776,false,שנייק וניל אנטקוביץ,אנטיקביץ,IL,שנייק וניל אנטקוביץ,גרמים,600.00,100 גרם,false,,12.90,2.1500,true,1,337870
7290008466783,false,שנייק שוקולד אנטקובי,אנטיקביץ,IL,שנייק שוקולד אנטקובי,גרמים,600.00,100 גרם,false,,12.90,2.1500,true,1,337871
7290008466790,false,רוגלך שוקולד אנטקובי,אנטיקביץ,IL,רוגלך שוקולד אנטקובי,גרמים,600.00,100 גרם,false,,12.90,2.1500,true,1,337872
7290008470759,false,מסטיק אורביט ספירמינט מארז שמינייה,אורביט,FR,אורביט סטיקס 8*5 יח,גרמים,124.00,100 גרם,false,,12.90,10.4032,true,1,272092
7290008545136,false,דנוור קאט סטייק טרי,,,דנוור קאט סטייק טרי,קילוגרמים,1.00,"ק""ג",true,,99.90,99.9000,true,1,332641
7290008545181,false,בשר עגל טחון דל שומן,,,בשר עגל טחון דל שומן,קילוגרמים,1.00,"ק""ג",true,,69.90,69.9000,true,1,335190
7290008545198,false,אונטריפ צלעות טרי עט,,,אונטריפ צלעות טרי עט,קילוגרמים,1.00,"ק""ג",true,,79.90,79.9000,true,1,337549
7290008545204,false,דלמוניקו סטייק טרי ע,,,דלמוניקו סטייק טרי ע,קילוגרמים,1.00,"ק""ג",true,,89.90,89.9000,true,1,337550
7290008545747,false,דנוור קאט סטייק טרי,,,דנוור קאט סטייק טרי,קילוגרמים,1.00,"ק""ג",true,,109.90,109.9000,true,1,340024
7290008545761,false,לונדון ברויל טרי קהי,,,לונדון ברויל טרי קהי,קילוגרמים,1.00,"ק""ג",true,,119.90,119.9000,true,1,340026
7290008611046,false,פילה סלמון נורווגי ק,באבורד וואפ,NO,פילה סלמון נורווגי,קילוגרמים,1.00,"ק""ג",true,,64.90,64.9000,true,1,330981
7290008611060,false,פילה סלמון נורווגי,,,פילה סלמון נורווגי,קילוגרמים,1.00,"ק""ג",true,,64.90,64.9000,true,1,337521
7290008611091,false,סלמון מנות נורבגי קפ,סיבורן,NO,מנות פילה סלמון,קילוגרמים,1.00,"ק""ג",true,,79.90,79.9000,true,1,338175
7290008611138,false,טונה אדומה במשקל,,,טונה אדומה במשקל,קילוגרמים,1.00,"ק""ג",true,,49.90,49.9000,true,1,339088
7290008611350,false,פילה אמנון 5-9 בסט פ,,UG,פילה אמנון 5-9 בסט פ,קילוגרמים,1.00,"ק""ג",true,,19.90,19.9000,true,1,339083
7290008631556,false,כרעיים עוף קפוא מחיר לפי,,IL,כרעיים עוף קפוא לנדא,קילוגרמים,1.00,"ק""ג",true,,39.90,39.9000,true,1,336664
7290008631563,false,חזה עוף קפוא מחיר לפי מש,,IL,חזה עוף קפוא לנדא,קילוגרמים,1.00,"ק""ג",true,,44.90,44.9000,true,1,336668
7290008631570,false,אחדות שוקיים עוף במגש קפוא,,IL,שוקיים עוף קפוא לנדא,קילוגרמים,1.00,"ק""ג",true,,41.90,41.9000,true,1,336667
7290008631624,false,פילה עוף לנדא מחיר לפי מ,,IL,פילה עוף טרי לנדא,קילוגרמים,1.00,"ק""ג",true,,29.90,29.9000,true,1,336671
7290008631976,false,טבעות עוף קפוא לנדא 700 גרם,,IL,טבעות עוף לנדא 700 ג,גרמים,700.00,100 גרם,false,,29.90,4.2714,true,1,339720
7290008636018,false,כפתורי שוקולד שמינייה מיה 240 גרם,מיה תעשיות מזון בעמ,IL,כפתורי צמקאו עם סוכר,גרמים,240.00,100 גרם,false,,9.90,4.1250,true,1,263537
7290008636209,false,כורכום בצנצנת מיה 300 גרם,מיה תעשיות מזון מ.ת.מ. ב,IL,כורכום מיה 300 גרם,גרמים,300.00,100 גרם,false,,12.90,4.3000,true,1,263539
7290008636339,false,פירה שבבי תפוח אדמה מיה 500 גרם כשר לפסח,מיה תעשיות מזון מ.ת.מ. ב,IL,שבבי תפוא מיה 400 גר,גרמים,400.00,100 גרם,false,,8.90,2.2250,true,1,277696
7290008639095,false,פחזניות וניל פסים קפולסקי 280 גר',קפולסקי שיווק וקמעונ,IL,פחזניות קפולסקי 280,גרמים,280.00,100 גרם,false,,29.90,10.6786,true,1,294943
7290008645935,false,חומוס לניגוב אחלה 750 ג',"שטראוס גרופ בע""\מ",IL,חומוס אחלה 750 גרם,גרמים,750.00,100 גרם,false,,9.90,1.3200,true,1,283804
7290008670142,false,"יין רקנאטי יסמין אדום 2019 750 מ""ל",יקב רקאנטי,IL,יין רקנאטי יסמין אדו,מיליליטרים,750.00,"100 מ""ל",false,,27.90,3.7200,true,1,309846
7290008670159,false,"יין רקנאטי יסמין לבן 750 מ""ל","יקבי רקנאטי בע""מ",IL,יין רקנאטי יסמין לבן,מיליליטרים,750.00,"100 מ""ל",false,,27.90,3.7200,true,1,309847
7290008690713,false,נקטר חמוציות אושן ספריי פריגת 1 ליטר,מבשלות בירה בינלאומיות ב,IL,נקטר חמוציות אושן ספ,קילוגרמים,1.00,ליטר,false,,11.90,11.9000,true,1,263555
7290008745239,false,תפוצ'יפס קראנצ' בטעם טבעי עלית 50 גרם,"שטראוס פריטו ליי בע""\מ )",IL,תפוציפס אקסטרא טבעי,גרמים,55.00,100 גרם,false,,2.90,5.2727,true,1,294947
7290008747547,false,תפוצ'יפס קראנץ' בטעם טבעי עלית 200 גרם,"שטראוס פריטו ליי בע""\מ )",IL,תפוציפס קראנצ טבעי 2,גרמים,200.00,100 גרם,false,,8.80,4.4000,true,1,263562
7290008753111,false,תפוצ'יפס קראנץ' בטעם מקסיקני עלית 50 גרם,"שטראוס פריטו ליי בע""\מ )",IL,תפוציפס אקסטרא מקסיק,גרמים,50.00,100 גרם,false,,2.90,5.8000,true,1,263566
7290008754040,false,ממרח שוקולד פרה עלית 850 גרם מגדים,שטראוס גרופ,IL,ממרח בטעם שוקולד פרה,גרמים,850.00,100 גרם,false,,13.90,1.6353,true,1,263568
7290008757980,false,קרטונית ספרינג נקטר רימונים 1 ליטר,יפאורה שותפות מובגלת לשיווק,IL,נקטר ספרינג רימון 1,קילוגרמים,1.00,ליטר,false,,5.30,5.3000,true,1,263572
7290008761925,false,"בקר טחון עטרה 1.2 ק""",טיבון ויל,IL,"בקר טחון עטרה 1.2 ק""",פריט,1.20,"ק""ג",false,,29.90,24.9167,true,1,304134
7290008761956,false,קבב בקר קהילות 500 גרם,טיבון ויל אחזקות בעמ,IL,קבב בקר קהילות 500 ג,גרמים,500.00,100 גרם,false,,24.90,4.9800,true,1,310762
7290008775816,false,ערגליות עוגיות במילוי שוקולד אסם 300 גרם,מיוצר עי קונדיטוריית,IL,ערגליות שוקו אסם 300,גרמים,300.00,100 גרם,false,,6.90,2.3000,true,1,263575
7290008775823,false,ערגליות עוגיות תות שדה אסם 300 גרם,מיוצר עי קונדיטוריית,IL,ערגליות תות אסם 300,גרמים,300.00,100 גרם,false,,6.90,2.3000,true,1,263576
7290008801010,false,"יין קברנה סוביניון מרלו פרייוט קולקשן 750 מ""ל",אגודת הכורמים הקאופו,IL,יין פ. קולקשיין קברנ,מיליליטרים,750.00,"100 מ""ל",false,,37.50,5.0000,true,1,263578
7290008801119,false,"יין סוביניון בלאן סלקטד כרמל 750 מ""ל",אגודת הכורמים הקואופרטיב,IL,יין סלקטד סוביניון ב,מיליליטרים,750.00,"100 מ""ל",false,,28.90,3.8533,true,1,263579
7290008801157,false,"יין מרלו סלקטד כרמל כרמל 750 מ""ל",כרמל מזרחי,IL,יין סלקטד מרלו,מיליליטרים,750.00,"100 מ""ל",false,,28.90,3.8533,true,1,263580
7290008801522,false,יין קינג דויד קונקורד אדום מתוק 750 מל,אגודת הכורמים הקואופרטיב,IL,יין קינג דיוויד קונק,מיליליטרים,750.00,"100 מ""ל",false,,18.90,2.5200,true,1,263583
7290008801539,false,יין כרמל 120 קינג דיוויד יקבי כרמל,אגודת הכורמים הקואופרטיב,IL,יין קינג דיוויד 120,מיליליטרים,750.00,"100 מ""ל",false,,18.90,2.5200,true,1,263584
7290008801546,false,יין מוסקט מתוק קינג דיוויד יקבי כרמל,אגודת הכורמים הקואופרטיב,IL,יין קינג דיוויד מוסק,מיליליטרים,750.00,"100 מ""ל",false,,18.90,2.5200,true,1,263585
7290008801843,false,"יין קברנה סוביניון סלקטד כרמל 750 מ""ל","כד בני דרום בע""מ",IL,יין סלקטד קברנה סובי,מיליליטרים,750.00,"100 מ""ל",false,,28.90,3.8533,true,1,263586
7290008801850,false,סלקטד אמרלד ריזלינג לבן חצי יבש 750 מל,אגודת הכורמים הקואופרטיב,IL,יין סלקטד אמרלד ריזל,מיליליטרים,750.00,"100 מ""ל",false,,28.90,3.8533,true,1,263587
7290008802291,false,יין מרלו פרייבט קולקשן יקבי כרמל,אגודת הכורמים הקואופרטיב,IL,יין פ. קולקשיין מרלו,מיליליטרים,750.00,"100 מ""ל",false,,37.50,5.0000,true,1,263588
7290008802512,false,"יין וינו אדום ""כרמל מזרחי""","כד בני דרום בע""מ",IL,יין וינו אדום יבש,מיליליטרים,750.00,"100 מ""ל",false,,15.90,2.1200,true,1,263589
7290008802529,false,"יין לבן חצי יבש וינו 750 מ""ל",כרמל מזרחי,IL,יין וינו לבן יבש,מיליליטרים,750.00,"100 מ""ל",false,,15.90,2.1200,true,1,283902
7290008802895,false,יין קברנה סוביניון פרייבט קולקשן יקבי כרמל,אגודת הכורמים הקאופורטיב,IL,יין פ. קולקשיין קברנ,מיליליטרים,750.00,"100 מ""ל",false,,37.50,5.0000,true,1,263590
7290008803090,false,"יין מרלו קולקשיין הסדרה האזורית כרמל 750 מ""ל",אגודת הכורמים הקואופרטיב,IL,יין גליל עליון מרלו,מיליליטרים,750.00,"100 מ""ל",false,,54.90,7.3200,true,1,270031
7290008804189,false,יין קברנה סוביניון גליל עליון סדרה אזורית יקבי כרמל,אגודת הכורמים הקואופרטיב,IL,יין גליל עליון קברנה,מיליליטרים,750.00,"100 מ""ל",false,,54.90,7.3200,true,1,270030
7290008805049,false,יין רוזה חצי יבש סלקטד 2016 750 מל,"כד בני דרום בע""מ",IL,יין סלקטד רוזה מתוק,מיליליטרים,750.00,"100 מ""ל",false,,28.90,3.8533,true,1,263822
7290008805384,false,סלקטד מוסקטו לבן מבעבע 750 מל 2016,אגודת הכורמים הקואופרטיב,IL,יין סלקטד לבן מבעבע,מיליליטרים,750.00,"100 מ""ל",false,,28.90,3.8533,true,1,263823
7290008805520,false,"יין קברנה/סוביניון סלקטד כרמל 750 מ""ל","כד בני דרום בע""מ",IL,יין סלקטד קברנה מרלו,מיליליטרים,750.00,"100 מ""ל",false,,28.90,3.8533,true,1,263594
7290008806961,false,גלידה שוקולד שבבי שוקולד פרה 1.33 ל' קרמיסימו,"גלידת שטראוס בע""\מ, רחוב",IL,גלידה קרמיסימו שוקול,קילוגרמים,1.33,ליטר,false,,15.90,11.9549,true,1,263597
7290008836265,false,"נינוה יין לבן מוסקט אלכסנדרוני יקבי אפרת 750 מ""ל",יקב טפרברג 1870 בעמ,IL,יין אלכסנדר נינוה מו,מיליליטרים,750.00,"100 מ""ל",false,,24.90,3.3200,true,1,263602
7290008836272,false,"יין אדום נינוה מוסקט המבורג יקבי אפרת 750 מ""ל",יקב טפרברג 1870 בעמ,IL,יין המבורג נינוה מוס,מיליליטרים,750.00,"100 מ""ל",false,,24.90,3.3200,true,1,263603
7290008836401,false,יין אדום מתוק ישן נושן אפרת 1 ליטר,יקב טפרברג 1870 בעמ,IL,יין ישן נושן אדום אפ,קילוגרמים,1.00,ליטר,false,,21.90,21.9000,true,1,263604
7290008836425,false,יין קל אפרת 1 ליטר,יקב טפרברג 1870 בעמ,IL,יין אפרת קל 1 ליטר,קילוגרמים,1.00,ליטר,false,,21.90,21.9000,true,1,268109
7290008836494,false,מיץ ענבים תירוש אדום אפרת 1 ליטר,יקב טפרברג 1870 בעמ,IL,תירוש אדום אפרת 1 לי,קילוגרמים,1.00,ליטר,false,,12.90,12.9000,true,1,263605
7290008975551,false,תחליף חלב מטרנה מהדרין שלב 3 חלבי 700 גרם,מולינו ניקולי s.p.a,IL,מטרנה מהדרין שלב 3 7,גרמים,700.00,100 גרם,false,,49.90,7.1286,true,1,263635
7290008989015,false,"דייסת אורז בטר אנד דיפרנט 400 גרם כשל""פ",בטר אנד דיפרנט B&D,IL,דייסת אורז ב.ד 400 ג,גרמים,400.00,100 גרם,false,,16.90,4.2250,true,1,263636
7290008989022,false,דייסת סולת בטר אנד דיפרנט 400 גרם,בטר אנד דיפרנט B&D,IL,דייסת סולת ב.ד 400 ג,גרמים,400.00,100 גרם,false,,16.90,4.2250,true,1,263637
7290008989039,false,דייסת קורנפלור בטר אנד דיפרנט 400 גרם,בטר אנד דיפרנט B&D,IL,דייסת קורנפלור ב.ד 4,גרמים,400.00,100 גרם,false,,16.90,4.2250,true,1,263638
7290008989053,false,דייסת דגנים בטר אנד דיפרנט 400 גרם,בטר אנד דיפרנט B&D,IL,דייסת דגנים מעורבים,גרמים,400.00,100 גרם,false,,16.90,4.2250,true,1,263639
7290008989169,false,"אורז תפוח בשקית בטר אנד דיפרנט 500 גרם לל""ג",בטר אנד דיפרנט,IL,פצפוצי אורז ב.ד 500,גרמים,500.00,100 גרם,false,,18.90,3.7800,true,1,263640
7290008989473,false,ממרח חרובים בטעם שוקולד בטר אנד דיפרנט 350 גרם,"בטר אנד דיפרנט בע""מ",IL,ממרח חרובים שוקולד ב,גרמים,350.00,100 גרם,false,,13.90,3.9714,true,1,263641
7290008989671,false,"ציפוי עדיף פריך ""ללא גלוטן"" בטר אנד דיפרנט 250 גרם",בטר אנד דיפרנט,IL,פירורי קורנפלקס פריך,גרמים,250.00,100 גרם,false,,9.90,3.9600,true,1,269875
7290008989749,false,פריכיות קינואה 200 ג' B-D,בטר אנד דיפרנט,IL,פריכיות קינואה עם או,גרמים,200.00,100 גרם,false,,9.90,4.9500,true,1,284004
7290008989848,false,ממרח חמאת בוטנים קרנצי בטר אנד דיפרנט 350 גרם,בטר אנד דיפרנט B&D,IL,חמאת בוטנים קרנצ'י ב,גרמים,350.00,100 גרם,false,,13.90,3.9714,true,1,279091
7290008989855,false,"פרכוני אורז בטר אנד דיפרנט 80 גרם כשל""פ",בטר אנד דיפרנט B&D,IL,פריכוני אורז מלא ב.ד,גרמים,80.00,100 גרם,false,,3.90,4.8750,true,1,265819
7290008989893,false,דייסת כוסמת בטר אנד דיפרנט 200 גרם,בטר אנד דיפרנט B&D,IL,דייסת כוסמת ב.ד 200,גרמים,200.00,100 גרם,false,,9.90,4.9500,true,1,277602
7290008989909,false,סירופ תפוחים בטר אנד דיפרנט 1.2 ליטר,בטר אנד דיפרנט,IL,סירופ ב.ד תפוחים 1.2,קילוגרמים,1.20,ליטר,false,,29.90,24.9167,true,1,263645
7290008989916,false,סירופ אננס בי&די 1.2 ליטר מהדרין,בטר אנד דיפרנט,IL,סירופ אננס 1.2 ליטר,קילוגרמים,1.20,ליטר,false,,29.90,24.9167,true,1,263646
7290008989954,false,סירופ תפוזים 1.2ל' בי&די מהדרין,בטר אנד דיפרנט,IL,סירופ ב.ד תפוז 1.2 ל,קילוגרמים,1.20,ליטר,false,,29.90,24.9167,true,1,264184
7290008989985,false,קופסאות אחסון מלבנית 1ל' חמישייה חלבי,בטר אנד דיפרנט,IL,מארז 4 קופסאות אחסון,Unknown,0.00,יחידה,false,,11.90,0.0000,true,1,265752
7290009000115,false,עגבניות שרי,אראל תוצרת חקלאית בע,IL,עגבניות שרי,קילוגרמים,1.00,"ק""ג",true,,7.90,7.9000,true,1,261001
7290009000122,false,עגבניה חממה,אראל תוצרת חקלאית בע,IL,עגבניה,קילוגרמים,1.00,"ק""ג",true,,5.90,5.9000,true,1,261039
7290009000207,false,מלפפון חממה,אראל תוצרת חקלאית בע,IL,מלפפון,קילוגרמים,1.00,"ק""ג",true,,5.90,5.9000,true,1,261266
7290009000313,false,גזר-ארוז,אראל תוצרת חקלאית בע,IL,גזר,קילוגרמים,1.00,"ק""ג",true,,3.90,3.9000,true,1,261833
7290009000405,false,סלק אדום,אראל תוצרת חקלאית בע,IL,סלק,קילוגרמים,1.00,"ק""ג",true,,4.90,4.9000,true,1,262095
7290009000504,false,כרוב לבן,אראל תוצרת חקלאית בע,IL,כרוב לבן,קילוגרמים,1.00,"ק""ג",true,,4.90,4.9000,true,1,262415
7290009000511,false,כרוב אדום,אראל תוצרת חקלאית בע,IL,כרוב אדום,קילוגרמים,1.00,"ק""ג",true,,5.90,5.9000,true,1,262433
7290009000627,false,כרובית יחידה,אראל תוצרת חקלאית בע,IL,כרובית יחידה,Unknown,0.00,יחידה,false,,9.90,0.0000,true,1,303820
7290009000641,false,עגבניות מגי,אראל תוצרת חקלאית בע,IL,עגבניות מגי,קילוגרמים,1.00,"ק""ג",true,,7.90,7.9000,true,1,310373
7290009000702,false,לפת,אראל תוצרת חקלאית בע,IL,לפת,קילוגרמים,1.00,"ק""ג",true,,6.90,6.9000,true,1,262925
7290009000719,false,צנון,אראל תוצרת חקלאית בע,IL,צנון,קילוגרמים,1.00,"ק""ג",true,,6.90,6.9000,true,1,262935
7290009000771,false,שקיות הקפאה בינוני ז,,,שקיות הקפאה בינוני ז,Unknown,0.00,יחידה,false,,19.90,0.0000,true,1,305409
7290009000832,false,בצל לבן פנינה,אראל תוצרת חקלאית בע,IL,בצל לבן פנינה,קילוגרמים,1.00,"ק""ג",true,,6.90,6.9000,true,1,263463
7290009000849,false,צנון שחור/לבן,אראל תוצרת חקלאית בע,IL,צנון שחור/לבן,קילוגרמים,1.00,"ק""ג",true,,5.90,5.9000,true,1,310582
7290009000887,false,סלרי ראש שקיל,אראל תוצרת חקלאית בע,IL,סלרי ראש שקיל,קילוגרמים,1.00,"ק""ג",true,,15.90,15.9000,true,1,334203
7290009000894,false,אגס קוסטיה,אראל תוצרת חקלאית בע,IL,אגס קוסטיה,קילוגרמים,1.00,"ק""ג",true,,7.90,7.9000,true,1,338002
7290009000900,false,בצל יבש,אראל תוצרת חקלאית בע,IL,בצל,קילוגרמים,1.00,"ק""ג",true,,3.90,3.9000,true,1,263648
7290009000924,false,כרוב אדום ברכת דוד,,IL,כרוב אדום ברכת דוד,קילוגרמים,1.00,"ק""ג",true,,14.90,14.9000,true,1,338059
7290009000931,false,בצל אדום,אראל תוצרת חקלאית בע,IL,בצל אדום,קילוגרמים,1.00,"ק""ג",true,,4.90,4.9000,true,1,263657
7290009000948,false,כרוב לבן ברכת דוד,,IL,כרוב לבן ברכת דוד,קילוגרמים,1.00,"ק""ג",true,,13.90,13.9000,true,1,338060
7290009001006,false,אפונה,אראל תוצרת חקלאית בע,IL,אפונה,קילוגרמים,1.00,"ק""ג",true,,19.90,19.9000,true,1,276824
7290009001105,false,בטטה מובחרת,אראל תוצרת חקלאית בע,IL,בטטה,קילוגרמים,1.00,"ק""ג",true,,8.90,8.9000,true,1,261002
7290009001310,false,דלורית,אראל תוצרת חקלאית בע,IL,דלורית,קילוגרמים,1.00,"ק""ג",true,,5.90,5.9000,true,1,261099
7290009001327,false,דלעת ערמונים,אראל תוצרת חקלאית בע,IL,דלעת ערמונים,קילוגרמים,1.00,"ק""ג",true,,2.90,2.9000,true,1,300048
7290009001334,false,דלעת אקזוטי,אראל תוצרת חקלאית בע,IL,דלעת אקזוטי,קילוגרמים,1.00,"ק""ג",true,,9.90,9.9000,true,1,300049
7290009001341,false,דלעת יפנית,אראל תוצרת חקלאית בע,IL,דלעת יפנית,קילוגרמים,1.00,"ק""ג",true,,9.90,9.9000,true,1,300098
7290009001419,false,חציל,אראל תוצרת חקלאית בע,IL,חציל,קילוגרמים,1.00,"ק""ג",true,,5.90,5.9000,true,1,261129
7290009001426,false,חציל ננסי,אראל תוצרת חקלאית בע,IL,חציל ננסי,קילוגרמים,1.00,"ק""ג",true,,5.90,5.9000,true,1,261130
7290009001433,false,חציל בלאדי,,,חציל בלאדי,קילוגרמים,1.00,"ק""ג",true,,5.90,5.9000,true,1,267540
7290009001440,false,חציל מנומר/כוכב/נקני,אראל תוצרת חקלאית בע,IL,חציל מנומר/כוכב/נקני,קילוגרמים,1.00,"ק""ג",true,,3.90,3.9000,true,1,272250
7290009001501,false,פלפל אדום,אראל תוצרת חקלאית בע,IL,פלפל אדום,קילוגרמים,1.00,"ק""ג",true,,7.90,7.9000,true,1,261149
7290009001518,false,פלפל ירוק בהיר,אראל תוצרת חקלאית בע,IL,פלפל ירוק בהיר,קילוגרמים,1.00,"ק""ג",true,,6.90,6.9000,true,1,261150
7290009001525,false,פלפל חריף ירוק,אראל תוצרת חקלאית בע,IL,פלפל חריף,קילוגרמים,1.00,"ק""ג",true,,6.90,6.9000,true,1,261151
7290009001532,false,פלפל חריף אדום,אראל תוצרת חקלאית בע,IL,פלפל חריף אדום,קילוגרמים,1.00,"ק""ג",true,,7.90,7.9000,true,1,261153
7290009001549,false,פלפל ירוק כהה,אראל תוצרת חקלאית בע,IL,פלפל ירוק כהה,קילוגרמים,1.00,"ק""ג",true,,6.90,6.9000,true,1,261154
7290009001556,false,פלפל כתום,אראל תוצרת חקלאית בע,IL,פלפל כתום,קילוגרמים,1.00,"ק""ג",true,,7.90,7.9000,true,1,261155
7290009001570,false,פלפל צהוב,אראל תוצרת חקלאית בע,IL,פלפל צהוב,קילוגרמים,1.00,"ק""ג",true,,7.90,7.9000,true,1,261159
7290009001594,false,פלפל שושקה,אראל תוצרת חקלאית בע,IL,פלפל שושקה,קילוגרמים,1.00,"ק""ג",true,,6.90,6.9000,true,1,261160
7290009001709,false,קולורבי,אראל תוצרת חקלאית בע,IL,קולורבי,קילוגרמים,1.00,"ק""ג",true,,7.90,7.9000,true,1,261196
7290009001808,false,קישוא מעיין,אראל תוצרת חקלאית בע,IL,קישוא,קילוגרמים,1.00,"ק""ג",true,,7.90,7.9000,true,1,261209
7290009001822,false,קישוא קרעה,אראל תוצרת חקלאית בע,IL,קישוא קרעה,קילוגרמים,1.00,"ק""ג",true,,5.90,5.9000,true,1,261230
7290009001853,false,קישוא זוקיני,אראל תוצרת חקלאית בע,IL,קישוא זוקיני,קילוגרמים,1.00,"ק""ג",true,,9.90,9.9000,true,1,261231
7290009001907,false,"שעועית צהובה ק""ג",אראל תוצרת חקלאית בע,IL,"שעועית צהובה ק""ג",קילוגרמים,1.00,"ק""ג",true,,19.90,19.9000,true,1,261234
7290009001914,false,שעועית,אראל תוצרת חקלאית בע,IL,שעועית,קילוגרמים,1.00,"ק""ג",true,,19.90,19.9000,true,1,261242
7290009001921,false,שעועית בולגרית,אראל תוצרת חקלאית בע,IL,שעועית בולגרית,קילוגרמים,1.00,"ק""ג",true,,19.90,19.9000,true,1,279121
7290009001952,false,לוביה,אראל תוצרת חקלאית בע,IL,לוביה,קילוגרמים,1.00,"ק""ג",true,,24.90,24.9000,true,1,261256
7290009002409,false,פול,אראל תוצרת חקלאית בע,IL,פול,קילוגרמים,1.00,"ק""ג",true,,15.90,15.9000,true,1,261510
7290009002843,false,שום ירוק טרי,אראל תוצרת חקלאית בע,IL,שום ירוק טרי,קילוגרמים,1.00,"ק""ג",true,,29.90,29.9000,true,1,278134
7290009002850,false,שום בתפזורת,אראל תוצרת חקלאית בע,IL,שום בתפזורת,קילוגרמים,1.00,"ק""ג",true,,29.90,29.9000,true,1,261641
7290009002898,false,תפוח אדמה לאפייה,אראל תוצרת חקלאית בע,IL,תפוח אדמה לאפייה,Unknown,0.00,יחידה,false,,6.90,0.0000,true,1,304893
7290009002928,false,תפוח אדמה ירושלמי,אראל תוצרת חקלאית בע,IL,תפוח אדמה ירושלמי,קילוגרמים,1.00,"ק""ג",true,,9.90,9.9000,true,1,261718
7290009002935,false,"מארז תפו""א לבן כ-4.8",אראל תוצרת חקלאית בע,IL,תפוח אדמה לבן,פריט,5.00,"ק""ג",false,,21.90,4.3800,true,1,279133
7290009002980,false,תפוח אדמה אדום כ-5 ק,אראל תוצרת חקלאית בע,IL,תפוח אדמה אדום,Unknown,0.00,יחידה,false,,25.90,0.0000,true,1,279134
7290009002997,false,תפוח אדמה תפזורת,אראל תוצרת חקלאית בע,IL,תפוח אדמה תפזורת,קילוגרמים,1.00,"ק""ג",true,,6.90,6.9000,true,1,261788
7290009003079,false,שומר,אראל תוצרת חקלאית בע,IL,שומר,קילוגרמים,1.00,"ק""ג",true,,7.90,7.9000,true,1,261823
7290009003154,false,אבטיח,אראל תוצרת חקלאית בע,IL,אבטיח,קילוגרמים,1.00,"ק""ג",true,,2.90,2.9000,true,1,261856
7290009003246,false,פטריות במשקל,מרינה פטריות,IL,פטריות במשקל,קילוגרמים,1.00,"ק""ג",true,,31.90,31.9000,true,1,261877
7290009003352,false,תות שדה א.מעולה250ג,אראל תוצרת חקלאית בע,IL,תות שדה יח,Unknown,0.00,יחידה,false,,15.90,0.0000,true,1,261907
7290009003369,false,אפרסמון קרמבו,אראל תוצרת חקלאית בע,IL,אפרסמון קרמבו,קילוגרמים,1.00,"ק""ג",true,,11.90,11.9000,true,1,328158
7290009003444,false,שורש יח,ברכת קטיף,IL,שורש יח,Unknown,0.00,יחידה,false,,4.90,0.0000,true,1,261942
7290009004250,false,שסק,אראל תוצרת חקלאית בע,IL,שסק,Unknown,0.00,יחידה,false,,19.90,0.0000,true,1,310481
7290009004281,false,תירס,אראל תוצרת חקלאית בע,IL,תירס,קילוגרמים,1.00,"ק""ג",true,,9.90,9.9000,true,1,311664
7290009004519,false,שום סולו 250 גרם,אראל תוצרת חקלאית בע,IL,שום סולו 250 גרם,גרמים,250.00,100 גרם,false,,9.90,3.9600,true,1,321846
7290009004700,false,תירס מתוק,אראל תוצרת חקלאית בע,IL,תירס מתוק,קילוגרמים,1.00,"ק""ג",true,,6.90,6.9000,true,1,325813
7290009004847,false,תירס טרי,אראל תוצרת חקלאית בע,IL,תירס טרי,Unknown,0.00,יחידה,false,,13.90,0.0000,true,1,335531
7290009005059,false,"תפוז ברשת כ-2.5 ק""ג",אראל תוצרת חקלאית בע,IL,תפוז ברשת,קילוגרמים,1.00,"ק""ג",true,,3.90,3.9000,true,1,262430
7290009005080,false,תפוז,אראל תוצרת חקלאית בע,IL,תפוז,קילוגרמים,1.00,"ק""ג",true,,4.90,4.9000,true,1,262432
7290009005165,false,קלמנטינה ברשת,אראל תוצרת חקלאית בע,IL,קלמנטינה ברשת,קילוגרמים,1.00,"ק""ג",true,,3.90,3.9000,true,1,266434
7290009005172,false,קלמנטינה,אראל תוצרת חקלאית בע,IL,קלמנטינה,קילוגרמים,1.00,"ק""ג",true,,5.90,5.9000,true,1,262438
7290009005196,false,אשכולית אדומה,אראל תוצרת חקלאית בע,IL,אשכולית אדומה,קילוגרמים,1.00,"ק""ג",true,,5.90,5.9000,true,1,262441
7290009005202,false,אשכולית לבנה,אראל תוצרת חקלאית בע,IL,אשכולית לבנה,קילוגרמים,1.00,"ק""ג",true,,5.90,5.9000,true,1,262444
7290009005226,false,פומלה,אראל תוצרת חקלאית בע,IL,פומלה,קילוגרמים,1.00,"ק""ג",true,,7.90,7.9000,true,1,262450
7290009005257,false,פומלית,אראל תוצרת חקלאית בע,IL,פומלית,קילוגרמים,1.00,"ק""ג",true,,4.90,4.9000,true,1,262454
7290009005301,false,לימון,אראל תוצרת חקלאית בע,IL,לימון,קילוגרמים,1.00,"ק""ג",true,,7.90,7.9000,true,1,262458
7290009005325,false,"לימון ברשת כ-2.5 ק""ג",אראל תוצרת חקלאית בע,IL,לימון ברשת,קילוגרמים,1.00,"ק""ג",true,,4.90,4.9000,true,1,264000
7290009005349,false,שורש מהדרין,ברכת קטיף,IL,שורש מהדרין,Unknown,0.00,יחידה,false,,5.90,0.0000,true,1,276877
7290009005387,false,תפוח עץ גולד רוז,אראל תוצרת חקלאית בע,IL,תפוח עץ גולד רוז,קילוגרמים,1.00,"ק""ג",true,,12.90,12.9000,true,1,313870
7290009005417,false,"בננות ""העמק""",אראל תוצרת חקלאית בע,IL,בננות,קילוגרמים,1.00,"ק""ג",true,,3.90,3.9000,true,1,262473
7290009005615,false,אבוקדו,אראל תוצרת חקלאית בע,IL,אבוקדו,קילוגרמים,1.00,"ק""ג",true,,5.90,5.9000,true,1,262626
7290009005707,false,רימון,אראל תוצרת חקלאית בע,IL,רימון,קילוגרמים,1.00,"ק""ג",true,,7.90,7.9000,true,1,262642
7290009005806,false,חבושים,אראל תוצרת חקלאית בע,IL,חבושים,קילוגרמים,1.00,"ק""ג",true,,7.90,7.9000,true,1,262657
7290009005912,false,"אבוקדו ברשת כ-2.5 ק""",אראל תוצרת חקלאית בע,IL,אבוקדו ברשת,קילוגרמים,1.00,"ק""ג",true,,7.90,7.9000,true,1,272137
7290009006032,false,אגס נאשי,אראל תוצרת חקלאית בע,IL,אגס נאשי,קילוגרמים,1.00,"ק""ג",true,,11.90,11.9000,true,1,263997
7290009006049,false,אגס חום,אראל תוצרת חקלאית בע,IL,אגס חום,קילוגרמים,1.00,"ק""ג",true,,11.90,11.9000,true,1,262693
7290009006056,false,אגס אדום,אראל תוצרת חקלאית בע,IL,אגס אדום,קילוגרמים,1.00,"ק""ג",true,,11.90,11.9000,true,1,262696
7290009006063,false,אגס,אראל תוצרת חקלאית בע,IL,אגס,קילוגרמים,1.00,"ק""ג",true,,11.90,11.9000,true,1,262699
7290009006209,false,גויאבה,אראל תוצרת חקלאית בע,IL,גויאבה,קילוגרמים,1.00,"ק""ג",true,,12.90,12.9000,true,1,262719
7290009006308,false,קיווי,אראל תוצרת חקלאית בע,IL,קיווי,קילוגרמים,1.00,"ק""ג",true,,12.90,12.9000,true,1,262730
7290009006322,false,קוקוס יחידה,אראל תוצרת חקלאית בע,IL,קוקוס יחידה,Unknown,0.00,יחידה,false,,5.90,0.0000,true,1,263994
7290009006605,false,שקד ירוק,אראל תוצרת חקלאית בע,IL,שקד ירוק,קילוגרמים,1.00,"ק""ג",true,,14.90,14.9000,true,1,262793
7290009006803,false,אננס מתוק במיוחד,אראל תוצרת חקלאית בע,IL,אננס יחידה,Unknown,0.00,יחידה,false,,25.90,0.0000,true,1,262883
7290009006810,false,אפרסמון,אראל תוצרת חקלאית בע,IL,אפרסמון,קילוגרמים,1.00,"ק""ג",true,,9.90,9.9000,true,1,262886
7290009007015,false,תפוח עץ סמיט,אראל תוצרת חקלאית בע,IL,תפוח עץ סמיט,קילוגרמים,1.00,"ק""ג",true,,9.90,9.9000,true,1,262926
7290009007022,false,תפוח עץ מוזהב,אראל תוצרת חקלאית בע,IL,תפוח עץ מוזהב,קילוגרמים,1.00,"ק""ג",true,,9.90,9.9000,true,1,262927
7290009007039,false,תפוח עץ יונתן,אראל תוצרת חקלאית בע,IL,תפוח עץ יונתן,קילוגרמים,1.00,"ק""ג",true,,9.90,9.9000,true,1,262928
7290009007046,false,תפוח עץ סטורי,אראל תוצרת חקלאית בע,IL,תפוח עץ חרמון,קילוגרמים,1.00,"ק""ג",true,,9.90,9.9000,true,1,262933
7290009007053,false,תפוח עץ גאלה,אראל תוצרת חקלאית בע,IL,תפוח עץ גאלה,קילוגרמים,1.00,"ק""ג",true,,9.90,9.9000,true,1,262934
7290009007077,false,תפוח עץ ברשת,אראל תוצרת חקלאית בע,IL,תפוח עץ רשת,קילוגרמים,1.00,"ק""ג",true,,4.90,4.9000,true,1,263989
7290009007107,false,תפוח עץ ענה,אראל תוצרת חקלאית בע,IL,תפוח עץ ענה,קילוגרמים,1.00,"ק""ג",true,,7.90,7.9000,true,1,263992
7290009007138,false,תפוח עץ פינק,אראל תוצרת חקלאית בע,IL,תפוח עץ פינק,קילוגרמים,1.00,"ק""ג",true,,9.90,9.9000,true,1,312824
7290009007503,false,ערמונים,אראל תוצרת חקלאית בע,IL,ערמונים,קילוגרמים,1.00,"ק""ג",true,,17.90,17.9000,true,1,263380
7290009007787,false,ענבים רד גלוב,אראל תוצרת חקלאית בע,IL,ענבים רד גלוב,קילוגרמים,1.00,"ק""ג",true,,9.90,9.9000,true,1,338732
7290009008302,false,ענבים לבנים,אראל תוצרת חקלאית בע,IL,ענבים לבנים,קילוגרמים,1.00,"ק""ג",true,,15.90,15.9000,true,1,263464
7290009008319,false,ענבים שחורים רד גלוב,אראל תוצרת חקלאית בע,IL,ענבים שחורים,קילוגרמים,1.00,"ק""ג",true,,9.90,9.9000,true,1,263465
7290009008401,false,שזיף לבן/צהוב/אבטיח,אראל תוצרת חקלאית בע,IL,שזיף לבן/צהוב,קילוגרמים,1.00,"ק""ג",true,,10.90,10.9000,true,1,263505
7290009008418,false,שזיף אדום,אראל תוצרת חקלאית בע,IL,שזיף אדום,קילוגרמים,1.00,"ק""ג",true,,9.90,9.9000,true,1,263515
7290009008425,false,שזיף שגיב,אראל תוצרת חקלאית בע,IL,שזיף שגיב,קילוגרמים,1.00,"ק""ג",true,,13.90,13.9000,true,1,263519
7290009008562,false,שיזף,אראל תוצרת חקלאית בע,IL,שיזף,קילוגרמים,1.00,"ק""ג",true,,24.90,24.9000,true,1,302665
7290009008807,false,"מארז לימון כ 2.5 ק""ג",אראל תוצרת חקלאית בע,IL,"מארז לימון כ 2.5 ק""ג",פריט,2.50,"ק""ג",false,,16.90,6.7600,true,1,339873
7290009008814,false,"מארז אבוקדו כ 2.5 ק""",אראל תוצרת חקלאית בע,IL,"מארז אבוקדו כ 2.5 ק""",פריט,2.50,"ק""ג",false,,17.90,7.1600,true,1,339874
7290009008821,false,"מארז תפוז כ 2.5 ק""ג",אראל תוצרת חקלאית בע,IL,"מארז תפוז כ 2.5 ק""ג",פריט,2.50,"ק""ג",false,,9.90,3.9600,true,1,339875
7290009028768,false,שקית ענק אושר עד,,,שקית ענק אושר עד,Unknown,0.00,יחידה,false,,0.60,0.0000,true,1,266254
7290009068825,false,אגוז קלוף במשקל,דין שיווק,IL,אגוז קלוף במשקל,קילוגרמים,1.00,"ק""ג",true,,59.00,59.0000,true,1,264053
7290009068849,false,בוטן מסוכר במשקל,דין שיווק,IL,בוטן מסוכר במשקל,קילוגרמים,1.00,"ק""ג",true,,30.00,30.0000,true,1,264054
7290009068894,false,גרעין לבן קלוי במשקל,דין שיווק,IL,גרעין לבן קלוי במשקל,קילוגרמים,1.00,"ק""ג",true,,39.00,39.0000,true,1,264060
7290009068955,false,גרעין חמניה קלוף טבע,"דין שיווק וקלייה בע""",US,גרעין חמניה קלוף טבע,קילוגרמים,1.00,"ק""ג",true,,39.00,39.0000,true,1,264062
7290009068962,false,מנצס במשקל,דין שיווק,CN,מנצס במשקל,קילוגרמים,1.00,"ק""ג",true,,47.00,47.0000,true,1,264063
7290009069051,false,פקאן טבעי במשקל,דין שיווק,US,פקאן טבעי במשקל,קילוגרמים,1.00,"ק""ג",true,,119.00,119.0000,true,1,264065
7290009069068,false,פקאן סיני במשקל,דין שיווק,IL,פקאן סיני במשקל,קילוגרמים,1.00,"ק""ג",true,,118.00,118.0000,true,1,264066
7290009069075,false,פיסטוק טבעי במשקל,דין שיווק,CN,צנובר במשקל,קילוגרמים,1.00,"ק""ג",true,,195.00,195.0000,true,1,264067
7290009069129,false,שקד שבבים במשקל,דין שיווק,US,שקד שבבים במשקל,קילוגרמים,1.00,"ק""ג",true,,115.00,115.0000,true,1,264078
7290009069143,false,שקד טבעי ענק במשקל,דין שיווק,US,שקד טבעי ענק במשקל,קילוגרמים,1.00,"ק""ג",true,,85.00,85.0000,true,1,264080
7290009069150,false,שקד טבעי בקליפה במשק,דין שיווק,US,שקד טבעי בקליפה במשק,קילוגרמים,1.00,"ק""ג",true,,83.00,83.0000,true,1,264023
7290009069174,false,שקד מסוכר במשקל,"דין שיווק וקלייה בע""",IL,שקד מסוכר במשקל,קילוגרמים,1.00,"ק""ג",true,,75.00,75.0000,true,1,264082
7290009069235,false,חטיפים יפני במשקל,דין שיווק,TH,חטיפים יפני במשקל,קילוגרמים,1.00,"ק""ג",true,,65.00,65.0000,true,1,264083
7290009069273,false,משמש במשקל,דין שיווק,TR,משמש במשקל,קילוגרמים,1.00,"ק""ג",true,,54.00,54.0000,true,1,264087
7290009069334,false,שזיף ללא גרעין במשקל,דין שיווק,AR,שזיף ללא גרעין במשקל,קילוגרמים,1.00,"ק""ג",true,,45.00,45.0000,true,1,264094
7290009069396,false,תפוז סיני במשקל,,,תפוז סיני במשקל,קילוגרמים,1.00,"ק""ג",true,,19.90,19.9000,true,1,264128
7290009069501,false,תמר מגהול ענק,דין שיווק,IL,תמר מגהול ענק,קילוגרמים,1.00,"ק""ג",true,,45.00,45.0000,true,1,264022
7290010035618,false,דובוני ג'לי לילדים ס,,,דובוני ג'לי לילדים ס,Unknown,0.00,יחידה,false,,39.90,0.0000,true,1,334507
7290010066001,false,נתחי טונה עם שמן צמחי פילטונה 960 גרם,תעשיות פילטונה,IL,טונה בשמן פילטונה 96,גרמים,960.00,100 גרם,false,,29.90,3.1146,true,1,319771
7290010066599,false,רביעיית נתחי טונה בשמן זית פילטונה 158X4 גרם,תעשיות פילטונה,IL,טונה בשמן זית פילטונ,גרמים,640.00,100 גרם,false,,27.90,4.3594,true,1,273447
7290010116980,false,אבקת שוקולית שקית עלית 850 ג',הנסיך- מפעל לייצור ט,IL,שוקולית 850 גרם,גרמים,850.00,100 גרם,false,,12.90,1.5176,true,1,262965
7290010117864,false,דוריטוס חטיף תירס בטעם חריף אש עלית 70 גרם,"שטראוס פריטו ליי בע""\מ )",IL,דוריטוס בטעם חריף אש,גרמים,70.00,100 גרם,false,,2.90,4.1429,true,1,262967
7290010151752,false,יין דרימיה סהר 2017,חבל יתיר,IL,יין דרימיה סהר 2017,מיליליטרים,750.00,"100 מ""ל",false,,99.90,13.3200,true,1,330516
7290010151776,false,יין דרימיה קברנה סוב,חבל יתיר,IL,יין דרימיה קברנה סוב,מיליליטרים,750.00,"100 מ""ל",false,,119.90,15.9867,true,1,329571
7290010153503,false,שעועית בובס יבשה מיה 400 גר',מיה תעשיות מזון מ.ת.מ. ב,IL,שעועית בובס מיה 400,גרמים,400.00,100 גרם,false,,9.90,2.4750,true,1,262974
7290010153688,false,חומץ רכיבים טבעיים 1 ליטר,פרידמן תעשיות חומץ ו,IL,חומץ טבעי 5% מיה 1 ל,קילוגרמים,1.00,ליטר,false,,4.90,4.9000,true,1,262977
7290010153725,false,קונפיטורה דובדבן מיה 340 גרם,מיה תעשיות מזון מ.ת.מ. ב,IL,קונפיטורה דובדבן מיה,גרמים,340.00,100 גרם,false,,8.70,2.5588,true,1,262978
7290010153817,false,ריבת חלב אמיתי מיה 400 גרם,מיה תעשיות מזון מ.ת.מ. ב,IL,ריבת חלב מיה 400 גרם,גרמים,400.00,100 גרם,false,,9.90,2.4750,true,1,262984
7290010153848,false,תבלין פפריקה מרוקאי בשמן 80 גר' מיה,מיה תעשיות מזון מ.ת.מ. ב,IL,פפריקה מתוקה בשמן מי,גרמים,80.00,100 גרם,false,,4.90,6.1250,true,1,262986
7290010153855,false,פפריקה מרוקאית בשמן 300 גרם צנצנת,מיה תעשיות מזון מ.ת.מ. ב,IL,פפריקה מרוקאית בשמן,גרמים,300.00,100 גרם,false,,12.90,4.3000,true,1,262987
7290010153862,false,פלפל שחור גרוס בצנצנת מיה 70 גרם,מיה תעשיות מזון מ.ת.מ. ב,IL,פלפל שחור גרוס מיה 7,גרמים,70.00,100 גרם,false,,6.90,9.8571,true,1,262988
7290010153879,false,ריבת חלב מרוכזת בטעם שמנת מיה 400 גר',מיה תעשיות מזון מ.ת.מ. ב,IL,ריבת חלב בטעם שמנת מ,גרמים,400.00,100 גרם,false,,9.90,2.4750,true,1,262989
7290010153978,false,קונפיטורה שזיפים מיה 340 גרם,מיה תעשיות מזון מ.ת.מ. ב,IL,קונפיטורה שזיף מיה 3,גרמים,340.00,100 גרם,false,,8.70,2.5588,true,1,262990
7290010154005,false,סחוג תימני יוחאי ביטון 250 גרם,תבליני יוחאי ביטון,IL,סחוג תימני ביטון 250,גרמים,250.00,100 גרם,false,,13.50,5.4000,true,1,262991
7290010154012,false,לימון בלאדי כבוש תבליני ביטון 250 גרם,תבליני יוחאי ביטון,IL,לימון בלאדי ביטון 25,גרמים,250.00,100 גרם,false,,13.50,5.4000,true,1,262992
7290010154029,false,אריסה מתוקה יוחאי ביטון 250 גרם,תבליני יוחאי ביטון,IL,אריסה מתוקה ביטון 25,גרמים,250.00,100 גרם,false,,13.50,5.4000,true,1,262993
7290010154265,false,פלפל צ'ומה תבליני ביטון 250 גרם,תבליני יוחאי ביטון,IL,פלפל צומה ביטון 250,גרמים,250.00,100 גרם,false,,13.50,5.4000,true,1,262996
7290010154678,false,אריסה מרוקאית תבליני ביטון 250 גרם,תבליני יוחאי ביטון,IL,אריסה חריף פיקנטי בי,גרמים,250.00,100 גרם,false,,13.50,5.4000,true,1,315540
7290010154685,false,שום כתוש יוחאי ביטון 250 גרם,תבליני יוחאי ביטון,IL,שום כתוש ביטון 250 ג,גרמים,250.00,100 גרם,false,,13.50,5.4000,true,1,315541
7290010175819,false,חמאת בוטנים קלאסית טעמן 510 גרם,ניצה אס סיי,IL,חמאת בוטנים קלאסית ט,גרמים,510.00,100 גרם,false,,11.90,2.3333,true,1,294838
7290010175826,false,חמאת בוטנים עם שברי בוטנים טעמן 510 גרם,ניצה אס סיי,AR,חמאת בוטנים שברי בוט,גרמים,510.00,100 גרם,false,,11.90,2.3333,true,1,263003
7290010175857,false,פרוסות לבבות דקל במי מלח טעים 400 גרם,אינאקספו,EC,לבבות דקל פרוס טעים,גרמים,400.00,100 גרם,false,,10.50,2.6250,true,1,265353
7290010176212,false,נודלס בטעם עוף בכוס 65 גר' טעמן,זיזיאנג גרין הום פוד,CN,תאי נודלס בטעם עוף ט,גרמים,65.00,100 גרם,false,,3.90,6.0000,true,1,294839
7290010176229,false,נודלס בטעם בקר בכוס 65 גר' טעמן,זיזיאנג גרין הום פוד,CN,תאי נודלס בטעם בקר ט,גרמים,65.00,100 גרם,false,,3.90,6.0000,true,1,296017
7290010176236,false,נודלס בטעם ירקות בכוס 65 גר' טעמן,זיזיאנג גרין הום פוד,CN,תאי נודלס בטעם ירקות,גרמים,65.00,100 גרם,false,,3.90,6.0000,true,1,282337
7290010176243,false,נודלס בטעם סיני בכוס 65 גר' טעמן,זיזיאנג גרין הום פוד,CN,תאי נודלס בטעם סיני,גרמים,65.00,100 גרם,false,,3.90,6.0000,true,1,296016
7290010176793,false,מארז סוכריות סודה 17 יחידות 385 גרם,גואנגדונג צאואן פוד,CN,סוכריות מיני רולים ט,גרמים,375.00,100 גרם,false,,15.90,4.2400,true,1,263007
7290010192120,false,צנונית ארוזה 400 גרם,חקלאי,IL,צנונית ארוזה 400 גרם,גרמים,400.00,100 גרם,false,,5.90,1.4750,true,1,275885
7290010193035,false,כבד עוף צלוי מצונן 250 גר',גלאט עוף,IL,כבד עוף צלוי טרי גלא,גרמים,250.00,100 גרם,false,,32.90,13.1600,true,1,264367
7290010193288,false,קישקע ממולא גלאט עוף 500 גרם,מ ב גלאט עוף למהדרין,IL,קישקע גלאט עוף 500 ג,גרמים,500.00,100 גרם,false,,13.90,2.7800,true,1,264374
7290010193448,false,פסרמה רומנית גלאט עוף 400 גרם,מ ב גלאט עוף למהדרין,IL,פסטרמה רומנית ג.עוף,גרמים,400.00,100 גרם,false,,29.90,7.4750,true,1,269660
7290010193486,false,חזה הודו מעושן גלאט עוף 400 גרם,מ ב גלאט עוף למהדרין,IL,חזה הודו מעושן ג.עוף,גרמים,400.00,100 גרם,false,,28.90,7.2250,true,1,269657
7290010193523,false,פסטרמה מעודנת 400 גרם גלאט עוף,מ ב גלאט עוף למהדרין,IL,פסטרמה מעודנת ג.עוף,גרמים,400.00,100 גרם,false,,21.90,5.4750,true,1,269666
7290010193530,false,נקניק קבנוס ג.עוף 18,מ ב גלאט עוף למהדרין,IL,נקניק קבנוס ג.עוף 18,גרמים,180.00,100 גרם,false,,12.90,7.1667,true,1,269663
7290010193615,false,מארז זוגי פסטרמה הודו מעושן+תה מעושן גלאט עוף 300 גרם,מ ב גלאט עוף למהדרין,IL,מארז פסטרמה חזה הודו,גרמים,600.00,100 גרם,false,,22.90,3.8167,true,1,269667
7290010193837,false,נגיסי עוף גלאט עוף 2,מ ב גלאט עוף למהדרין,IL,נגיסי עוף גלאט עוף 2,פריט,2.00,"ק""ג",false,,59.90,29.9500,true,1,271231
7290010193844,false,טבעות עוף גלאט עוף 1,מ ב גלאט עוף למהדרין,IL,טבעות עוף גלאט עוף 1,פריט,1.80,"ק""ג",false,,59.90,33.2778,true,1,271232
7290010193851,false,"שניצל אמריקאי גלאט עוף 2 ק""ג",מ ב גלאט עוף למהדרין,IL,שניצל אמריקאי גלאט ע,פריט,2.00,"ק""ג",false,,59.90,29.9500,true,1,271230
7290010193899,false,קישקע מקמח מלא גלאט עוף 500 גרם,מ ב גלאט עוף למהדרין,IL,קישקע קמח מלא גלאט ע,גרמים,500.00,100 גרם,false,,14.90,2.9800,true,1,271791
7290010193929,false,שניצלונים בשומשום 1.3 קג,מ ב גלאט עוף למהדרין,IL,שניצלונים בשומשום גל,פריט,1.30,"ק""ג",false,,59.90,46.0769,true,1,273064
7290010193967,false,קישקע ממולא גלאט עוף 600 גרם,מ ב גלאט עוף למהדרין,IL,קישקע גלאט עוף 600 ג,גרמים,600.00,100 גרם,false,,14.90,2.4833,true,1,276198
7290010193981,false,נקנקיות הודו שלם גלאט עוף 400 גרם,מ ב גלאט עוף למהדרין,IL,נקניק הודו ג.עוף 400,גרמים,400.00,100 גרם,false,,21.90,5.4750,true,1,311904
7290010237562,false,משקה פפסי מרינדה קוו,"טמפו משקאות בע""מ",IL,"מירינדה 500 מ""ל",מיליליטרים,500.00,"100 מ""ל",false,,3.90,0.7800,true,1,273010
7290010237890,false,"בירה הייניקן בקבוק 500 מ""ל חוזר",טמפו משקאות בע''מ,IL,בירה היינקן ב.חוזר 5,מיליליטרים,500.00,"100 מ""ל",false,,8.90,1.7800,true,1,267743
7290010328093,false,ממרח חלווה אחווה 400 ג' מהדרין,אחדות בית חרושת לטחי,IL,ממרח חלוה אחוה 400 ג,גרמים,400.00,100 גרם,false,,9.90,2.4750,true,1,294848
7290010328239,false,טחינה גולמית מתובלת אחווה 500 ג',אחדות ביחר לטחינה חל,IL,טחינה מתובלת אחוה 50,גרמים,500.00,100 גרם,false,,8.90,1.7800,true,1,263025
7290010328345,false,חלווה בקופסה אחוה 50 גרם,אחדות ביחר לטחינה חל,IL,חטיף חלוה וניל אחוה,גרמים,50.00,100 גרם,false,,1.60,3.2000,true,1,266530
7290010328451,false,חלווה פולי קקאו אחוה 400 גרם,אחדות ביחר לטחינה חל,IL,חלוה פולי קקאו אחוה,גרמים,400.00,100 גרם,false,,8.80,2.2000,true,1,269868
7290010328468,false,מארז מיני חלווה אחוה בטעמים 18 יחידות 216 גרם,שוורצקוף& הנקל דיסלד,IL,חטיפי מיני חלוה אחוה,גרמים,216.00,100 גרם,false,,9.80,4.5370,true,1,274887
7290010328505,false,"מארז מיני חלווה 15 יחידות לל""ס אחוה 150 גרם",אחדות ביחר לטחינה חל,IL,חטיפי מיני חלוה ללא,גרמים,150.00,100 גרם,false,,9.80,6.5333,true,1,274888
7290010328680,false,עוגה בטעם שוקולד עם שוקוצ'יפס מריר ולבן 450 גרם,אחדות ביחר לטחינה חל,IL,עוגת שוקולד ציפס מרי,גרמים,450.00,100 גרם,false,,7.90,1.7556,true,1,277359
7290010328710,false,קיצפיות בטעם וניל תות 18,אחדות ביחר לטחינה חל,IL,קצפיות אחוה 180 גרם,גרמים,180.00,100 גרם,false,,8.50,4.7222,true,1,310126
7290010328727,false,ממרח טחינה עם שוקולד אחווה 400 גרם,אחדות ביחר לטחינה חל,IL,ממרח שומשום עם שוקול,גרמים,400.00,100 גרם,false,,9.90,2.4750,true,1,305267
7290010328734,false,ממרח טחינה עם סילאן משומשום מלא,אחדות ביחר לטחינה חל,IL,ממרח שומשום עם סילאן,גרמים,400.00,100 גרם,false,,9.90,2.4750,true,1,306108
7290010328765,false,חלבה חטיף שוקו וניל וחלבה אחווה 50 גרם,אחדות ביחר לטחינה חל,IL,חטיף חלוה שוקו וניל,גרמים,50.00,100 גרם,false,,1.60,3.2000,true,1,310488
7290010328819,false,ממרח טחינה עם שוקולד משומשום מלא אחווה 400 גרם,אחדות ביחר לטחינה חל,IL,ממרח שומשום עם שוקול,גרמים,400.00,100 גרם,false,,9.90,2.4750,true,1,308941
7290010328901,false,מאפין בטעם וניל אחוה 45 גרם,אחדות ביחר לטחינה חל,IL,מאפין וניל אחוה 45 ג,גרמים,45.00,100 גרם,false,,1.30,2.8889,true,1,310654
7290010471669,false,יוגורט תות עם קורנפלקס מצופה שוקולד ללא גלוטן 3.9%,"שטראוס בריאות בע""\מ",IL,דנונה בר תות וקורנפל,גרמים,175.00,100 גרם,false,,3.90,2.2286,true,1,276369
7290010472307,false,"שמיניית משקה גמדים תות בננה דיסני 108 מ""ל",מיוצר עי קונדיטוריית,IL,מארז משקה גמדים תות,גרמים,800.00,100 גרם,false,,19.90,2.4875,true,1,308845
7290010472390,false,מארז 8 יחידות מעדן דני בטעם שוקולד 1.5%,מיוצר עי קונדיטוריית,IL,מארז דני שוקולד 8*12,קילוגרמים,1.00,ליטר,false,,12.90,12.9000,true,1,263034
7290010513703,false,צ'ופסטיקס צפצפה - 20 יחידות,גולין פנגזו,IL,צופסטיקס מזרח ומערב,Unknown,0.00,יחידה,false,,6.90,0.0000,true,1,325761
7290010513727,false,פנקו פרורי לחם 200 גרם (קינגדאו),קינגדאו גוניון פודס,CN,פנקו פירורי לחם מזרח,גרמים,200.00,100 גרם,false,,7.90,3.9500,true,1,324505
7290010561148,false,שליש באגט ל.גלוטן בר,"ל.ד בר אל בע""מ",IL,שליש באגט ל.גלוטן בר,גרמים,360.00,100 גרם,false,,9.90,2.7500,true,1,303851
7290010561193,false,לחמניות נקניקיה ל.גל,"ל.ד בר אל בע""מ",IL,לחמניות נקניקיה ל.גל,גרמים,330.00,100 גרם,false,,4.90,1.4848,true,1,303849
7290010561216,false,פיתות ל.גלוטן בראל 5,"ל.ד בר אל בע""מ",IL,פיתות ל.גלוטן בראל 5,גרמים,420.00,100 גרם,false,,9.90,2.3571,true,1,304880
7290010561247,false,לחם ביתי ל.גלוטן ברא,"ל.ד בר אל בע""מ",IL,לחם ביתי ל.גלוטן ברא,גרמים,500.00,100 גרם,false,,4.90,0.9800,true,1,303848
7290010561278,false,לחמניות המבורגר ל.גל,"ל.ד בר אל בע""מ",IL,לחמניות המבורגר ל.גל,גרמים,370.00,100 גרם,false,,4.90,1.3243,true,1,303850
7290010608010,false,יין יפו סירה 2019,יקב טרנקבל,IL,יין יפו סירה 2019,מיליליטרים,750.00,"100 מ""ל",false,,89.90,11.9867,true,1,336797
7290010608201,false,יין יפו מלבק 2019,יקב טרנקבל,IL,יין יפו מלבק 2019,מיליליטרים,750.00,"100 מ""ל",false,,89.90,11.9867,true,1,336799
7290010608249,false,יין יפו מרלו 2019,יקב טרנקבל,IL,יין יפו מרלו 2019,מיליליטרים,750.00,"100 מ""ל",false,,89.90,11.9867,true,1,336800
7290010617180,false,מוצץ סיליקון סימטרי פרח גדול,אריסטוקרט,TH,מוצץ גדול סדרת פרחים,Unknown,0.00,יחידה,false,,16.90,0.0000,true,1,264226
7290010617203,false,סינר חולצה לתינוק (203),אריסטוקרט,IL,סינר האכלה לתינוק אר,Unknown,0.00,יחידה,false,,11.90,0.0000,true,1,264231
7290010617241,false,מוצץ סיליקון סימטרי פרח בינוני,אריסטוקרט,TH,מוצץ בינוני סדרת פרח,Unknown,0.00,יחידה,false,,14.90,0.0000,true,1,263044
7290010617258,false,מוצץ סיליקון קטן לרך נולד פרח זוגי,אריסטוקרט,TH,מוצץ קטן סדרת פרחים,Unknown,0.00,יחידה,false,,14.90,0.0000,true,1,263045
7290010617395,false,ספריי לניקוי התינוק אריסטוקרט,אריסטוקרט,IL,מתז לניקוי התינוק אר,מיליליטרים,500.00,"100 מ""ל",false,,9.90,1.9800,true,1,294850
7290010617555,false,כוס אימון מהפכנית (555),אריסטוקרט,IL,כוס אימון מהפכנית לת,Unknown,0.00,יחידה,false,,10.90,0.0000,true,1,264224
7290010617593,false,כוס אימון + ידיות רכות במיוחד (593),אריסטוקרט,IL,כוס אימון יוקרתית לת,Unknown,0.00,יחידה,false,,14.90,0.0000,true,1,264506
7290010617609,false,מוצץ סיליקון אורטודנטי זוג מצוייר איריס בינוני,אריסטוקרט,TH,מוצץ סיליקון בינוני,Unknown,0.00,יחידה,false,,13.90,0.0000,true,1,264225
7290010617623,false,כוס אימון דנטל- כוס הפלא 360 לשתיה מכל כיוני הכוס,אריסטוקרט,IL,כוס אימון פרימיום לת,Unknown,0.00,יחידה,false,,12.90,0.0000,true,1,264505
7290010617746,false,"משחת נעליים + ידית שחור 60 מ""ל",אריסטוקרט,TR,משחת נעליים שחור+ידי,מיליליטרים,60.00,"100 מ""ל",false,,3.90,6.5000,true,1,263051
7290010617906,false,מברשת לניקוי בקבוק יוקרתית (906),אריסטוקרט,IL,מברשת פרימיום לניקוי,Unknown,0.00,יחידה,false,,12.90,0.0000,true,1,265121
7290010617913,false,בקבוק הזנה רחב לתינוק ללא ביספינול A,אריסטוקרט,TH,בקבוק רחב לתינוק ארי,Unknown,0.00,יחידה,false,,16.90,0.0000,true,1,265120
7290010617920,false,שרשרת מוצץ יוקרתית מתאימה לרוב המוצצים,אריסטוקרט,TH,מחזיק למוצץ אריסטוקר,Unknown,0.00,יחידה,false,,12.90,0.0000,true,1,265122
7290010650019,false,אנדיב בלגי אמיתי חוות תקוע,מרינה פטריות הגליל,IL,אנדיב - עולש,Unknown,0.00,יחידה,false,,13.90,0.0000,true,1,295420
7290010650828,false,פטריות שימג'י חוות תקוע 150 גרם,שנגחאי פינק פוד קומפני,CN,פטריות שימגי,Unknown,0.00,יחידה,false,,13.90,0.0000,true,1,317535
7290010650996,false,"פטריות שי מג'י חומות, 150 גרם חוות תקוע",שנגחאי פינק פוד קומפני,CN,פטריות שימגי חומות,Unknown,0.00,יחידה,false,,13.90,0.0000,true,1,331910
7290010654567,false,גבינה פרמזן מגורדת,מחלבת כפר תבור,,גבינת פרמזן מגורדת 100 גרם מגורד,גרמים,100.00,100 גרם,false,1,11.90,11.9000,true,1,310944
7290010656592,false,מיץ ענבים תירוש אדום 100% טבעי 1 ליטר,יקב טפרברג 1870 בעמ,IL,מיץ ענבים תירוש אדום,קילוגרמים,1.00,ליטר,false,,16.90,16.9000,true,1,268107
7290010656615,false,מיץ תירוש טהור לבן 100% טבעי אפרת 1 ליטר,יקב טפרברג 1870 בעמ,IL,מיץ ענבים תירוש לבן,קילוגרמים,1.00,ליטר,false,,16.90,16.9000,true,1,268108
7290010748877,false,"אפקטיב קר קרם גוף סנסטיב לעור רגיש ח 700 מ""ל",פישר מעבדות פרמצבטיות בע,IL,קרם גוף אפקטיב קר לע,מיליליטרים,700.00,"100 מ""ל",false,,25.90,3.7000,true,1,282523
7290010757893,false,"בורקס תפו""א ללא גלוטן פרווה - מוקפא",מאפיית ישראל חיפה,IL,"בורקס תפו""א ל.גלוטן",גרמים,500.00,100 גרם,false,,19.90,3.9800,true,1,335165
7290010757909,false,בורקס גבינה ללא גלוטן אריאל 500 גרם,מאפיית ישראל חיפה,IL,בורקס גבינה ל.גלוטן,גרמים,500.00,100 גרם,false,,19.90,3.9800,true,1,335166
7290010757916,false,אריאל ללא גלוטן- בורקס פיצה 500 גר,מאפיית ישראל חיפה,IL,בורקס פיצה ל.גלוטן א,גרמים,500.00,100 גרם,false,,19.90,3.9800,true,1,335163
7290010757923,false,ריבועי בצק עלים ללא גלוטן אריאל 450 גרם,מאפיית ישראל חיפה,IL,ריבועי בצק עלים ל.גל,גרמים,450.00,100 גרם,false,,17.90,3.9778,true,1,335162
7290010757930,false,מלאווח ללא גלוטן פרווה - מוקפא,מאפיית ישראל חיפה,IL,מלוואח ל.גלוטן אריאל,גרמים,500.00,100 גרם,false,,19.90,3.9800,true,1,335167
7290010757947,false,אריאל ללא גלוטן- בורקס פטריות 500 גר,מאפיית ישראל חיפה,IL,בורקס פטריות ל.גלוטן,גרמים,500.00,100 גרם,false,,19.90,3.9800,true,1,335164
7290010757954,false,אריאל ללא גלוטן- זיווה גבינה 500 גר,מאפיית ישראל חיפה,IL,זיווה גבינה ל.גלוטן,גרמים,500.00,100 גרם,false,,19.90,3.9800,true,1,335168
7290010757961,false,אריאל ללא גלוטן- ג'חנון 500 גר,מאפיית ישראל חיפה,IL,ג'חנון ל.גלוטן אריאל,גרמים,450.00,100 גרם,false,,19.90,4.4222,true,1,335169
7290010883356,false,כפפות אלוורה רב שימושיות גדולות L סנו סושי,סנו סושי,CN,כפפות אלוורה L סנו ס,Unknown,0.00,יחידה,false,,8.90,0.0000,true,1,263070
7290010883363,false,כפפות אלוורה רב שימושיות קטנות S סנו סושי,האי נאם סי או אל.טי.,CN,כפפות אלוורה S סנו ס,Unknown,0.00,יחידה,false,,8.90,0.0000,true,1,263071
7290010883370,false,כפפות אלוורה רב שימושיות בינוניות M סנו סושי,האי נאם סי או אל.טי.,CN,כפפות אלוורה M סנו ס,Unknown,0.00,יחידה,false,,8.90,0.0000,true,1,263072
7290010931330,false,סלט מטבוחה אחלה 500 גרם,מיוצר עי קונדיטוריית,IL,מטבוחה אחלה 500 גרם,גרמים,500.00,100 גרם,false,,13.90,2.7800,true,1,264256
7290010945146,false,קוטג' 3% מועשר בסידן טרה 250 ג' מהדרין,קריות זול,IL,קוטג 3% טרה 250 גרם,גרמים,250.00,100 גרם,false,,4.90,1.9600,true,1,263073
7290010945306,false,חלב בקרטון 3% 2 ליטר טרה,הפריט בפיקוח,IL,חלב 3% טרה 2 ליטר,קילוגרמים,2.00,ליטר,false,,12.30,6.1500,true,1,263074
7290010967506,false,באגסי חטיף חיטה פלאפל 200 גרם,א מ חטיפי העמק בעמ,IL,באגסי פלאפל 200 גרם,גרמים,200.00,100 גרם,false,,3.90,1.9500,true,1,264732
7290010984565,false,זית חרוזית בני דרום,בני דרום,IL,זית חרוזית בני דרום,גרמים,820.00,100 גרם,false,,8.90,1.0854,true,1,314032
7290010984572,false,זית טבעות בני דרום 8,בני דרום,IL,זית טבעות בני דרום 8,גרמים,820.00,100 גרם,false,,8.90,1.0854,true,1,314033
7290010984596,false,זית מנזלינו בני דרום,בני דרום,IL,זית מנזלינו בני דרום,גרמים,820.00,100 גרם,false,,6.90,0.8415,true,1,314028
7290010984602,false,זית סורי מבוקע בני ד,בני דרום,IL,זית סורי מבוקע בני ד,גרמים,820.00,100 גרם,false,,10.90,1.3293,true,1,314029
7290010984619,false,זית מבוקע בני דרום 8,בני דרום,IL,זית מבוקע בני דרום 8,גרמים,820.00,100 גרם,false,,9.90,1.2073,true,1,330147
7290010984626,false,מלפפון במלח גדול בני,בני דרום,IL,מלפפון במלח גדול בני,גרמים,820.00,100 גרם,false,,5.60,0.6829,true,1,314038
7290010984633,false,מלפפון במלח בינוני ב,בני דרום,IL,מלפפון במלח בינוני ב,גרמים,820.00,100 גרם,false,,6.90,0.8415,true,1,314039
7290010984640,false,מלפפון במלח קטן בני,בני דרום,IL,מלפפון במלח קטן בני,גרמים,820.00,100 גרם,false,,9.50,1.1585,true,1,314040
7290010984657,false,מלפפון במלח קטן מאוד,בני דרום,IL,מלפפון במלח קטן מאוד,גרמים,820.00,100 גרם,false,,11.90,1.4512,true,1,314041
7290010984671,false,מלפפון בחומץ גדול בנ,בני דרום,IL,מלפפון בחומץ גדול בנ,גרמים,820.00,100 גרם,false,,5.60,0.6829,true,1,314034
7290010984688,false,מלפפון בחומץ בינוני,בני דרום,IL,מלפפון בחומץ בינוני,גרמים,820.00,100 גרם,false,,6.90,0.8415,true,1,314035
7290010984695,false,מלפפון בחומץ קטן בני,בני דרום,IL,מלפפון בחומץ קטן בני,גרמים,820.00,100 גרם,false,,9.50,1.1585,true,1,314036
7290010984701,false,מלפפון בחומץ קטן מאו,בני דרום,IL,מלפפון בחומץ קטן מאו,גרמים,820.00,100 גרם,false,,11.90,1.4512,true,1,314037
7290011017866,false,קוקה קולה קלאסי בפחית,החברה המרכזית לייצור משקאות,IL,"קוקה קולה 330 מ""ל",מיליליטרים,330.00,"100 מ""ל",false,,2.90,0.8788,true,1,325973
7290011017873,false,"פחיות קוקה קולה זירו 330 מ""ל",החברה המרכזית לייצור משקאות,IL,קוקה קולה זירו 330 מ,מיליליטרים,330.00,"100 מ""ל",false,,2.90,0.8788,true,1,325974
7290011018443,false,"פנטה אורנג פחית סליק 330 מ""ל",החברה המרכזית לייצור משקאות,IL,"פאנטה אורנג' 330 מ""ל",מיליליטרים,330.00,"100 מ""ל",false,,2.90,0.8788,true,1,325976
7290011022976,false,נייר אלומיניום אור 1,גי.טי,IL,נייר אלומיניום אור 1,מטרים,60.00,מטר,false,,23.90,0.3983,true,1,339337
7290011081492,false,גלידה בטעם שלושה שוקולדים 1.33ל' קרמיסימו,"גלידת שטראוס בע""\מ, רחוב",IL,גלידה קרמיסימו שלושה,קילוגרמים,1.33,ליטר,false,,15.90,11.9549,true,1,263092
7290011091057,false,פפריקה מתוקה פרג 500,תבליני הדור השלישי,IL,פפריקה מתוקה פרג 500,גרמים,500.00,100 גרם,false,,34.90,6.9800,true,1,263804
7290011091088,false,כורכום פרג 500 גרם,תבליני הדור השלישי,IL,כורכום פרג 500 גרם,גרמים,500.00,100 גרם,false,,34.90,6.9800,true,1,263802
7290011091095,false,חוואיג למרק פרג 500,תבליני הדור השלישי,IL,חוואיג למרק פרג 500,גרמים,500.00,100 גרם,false,,34.90,6.9800,true,1,263801
7290011091118,false,גריל עוף פרג 500 גרם,תבליני הדור השלישי,IL,גריל עוף פרג 500 גרם,גרמים,500.00,100 גרם,false,,34.90,6.9800,true,1,263799
7290011091392,false,בהרט לקובה פרג 120 ג,תבליני הדור השלישי,IL,בהרט לקובה פרג 120 ג,גרמים,100.00,100 גרם,false,,16.90,16.9000,true,1,264816
7290011091507,false,פלפל שחור טחון 100 גרם,תבליני הדור השלישי,IL,פלפל שחור טחון פרג 1,גרמים,100.00,100 גרם,false,,15.90,15.9000,true,1,263796
7290011091620,false,קימל טחון פרג 120 גר,תבליני הדור השלישי,IL,קימל טחון פרג 120 גר,גרמים,120.00,100 גרם,false,,15.90,13.2500,true,1,267863
7290011091637,false,בהר פלפל אנגלי טחון,תבליני הדור השלישי,IL,פלפל אנגלי פרג 120 ג,גרמים,120.00,100 גרם,false,,15.90,13.2500,true,1,265591
7290011091651,false,שום גבישי פרג 150 גר,תבליני הדור השלישי,IL,שום גבישי פרג 150 גר,גרמים,150.00,100 גרם,false,,16.90,11.2667,true,1,263784
7290011091873,false,תיבול לשניצל פנקו עד,תבליני הדור השלישי,IL,תיבול לשניצל פנקו עד,גרמים,260.00,100 גרם,false,,12.90,4.9615,true,1,297051
7290011115173,false,נקה 7 ארומה סבון נוזלי וניל 1 ל',טרופיקל דגיל תעשיות,IL,תחליב נקה 7 וניל שקד,קילוגרמים,1.00,ליטר,false,,12.70,12.7000,true,1,277948
7290011115203,false,אל סבון מוצק מבושם בניחוח עדין קלאסיק - מארז רביעיה,טרופיקל דגיל תעשיות,IL,סבון מוצק נקה 7 ורוד,גרמים,400.00,100 גרם,false,,8.90,2.2250,true,1,263097
7290011115241,false,אל סבון ארומטי מוצק ורוד ורד ויסמין - מארז רביעיה,"גליל כימיכלים בע""מ",IL,סבון מוצק נקה 7 ורד,גרמים,400.00,100 גרם,false,,8.90,2.2250,true,1,263098
7290011115258,false,אל סבון מוצק מבושם בניחוח עדין קלאסיק - מארז רביעיה,"גליל כימיכלים בע""מ",IL,סבון מוצק נקה 7 ירוק,גרמים,400.00,100 גרם,false,,8.90,2.2250,true,1,263099
7290011115265,false,מארז סבון מוצק ארומה אל סבון מועשר בשמנים ארומטיים,"גליל כימיכלים בע""מ",IL,סבון מוצק נקה 7 לבנד,גרמים,400.00,100 גרם,false,,8.90,2.2250,true,1,263100
7290011115401,false,אל סבון ארומטי מוצק צהוב קמומיל - רביעייה,נקה 7,IL,סבון מוצק נקה 7 קמומ,גרמים,400.00,100 גרם,false,,8.90,2.2250,true,1,264684
7290011126452,false,הגן הקסום תה בטעם קמומיל ונענע ויסוצקי 25 יחידות,תה ויסוצקי,IL,תה קמומיל נענע הגן ק,גרמים,38.00,100 גרם,false,,12.90,33.9474,true,1,263103
7290011126469,false,חליטת צמחים וקמומיל הגן הקסום ויסוצקי 25 יחידות,תה ויסוצקי,IL,תה קמומיל ודבש הגן ק,גרמים,38.00,100 גרם,false,,12.90,33.9474,true,1,263104
7290011126957,false,תה ירוק ויסוצקי ארל גריי 25 שקיקים,ויסוצקי ירוק,IL,תה ירוק ארל גריי 25,גרמים,38.00,100 גרם,false,,19.90,52.3684,true,1,268112
7290011132583,false,פפסי מקס 500 גרם בקבוק שישייה,"טמפו משקאות בע""\מ",IL,מארז פפסי מקס 6*500,קילוגרמים,3.00,ליטר,false,,16.90,5.6333,true,1,331563
7290011133375,false,בירה שנדי בתוספת משקה אפרסק - שישייה,"טמפו משקאות בע""מ",IL,מארז בירה שנדי אפרסק,קילוגרמים,1.98,ליטר,false,,24.90,12.5758,true,1,265852
7290011133450,false,פקדון בקבוק חוזר 500,,,פקדון בקבוק חוזר 500,Unknown,0.00,יחידה,false,,1.20,0.0000,true,1,267665
7290011133634,false,"פפסי מקס פחית צרה מארז שישייה 330 מ""ל","טמפו משקאות בע""\מ",IL,מארז פפסי מקס 6*330,קילוגרמים,1.98,ליטר,false,,16.90,8.5354,true,1,321877
7290011148959,false,פלפל טינקרבל יח שמיטה,"מרינה פטריות הגליל בע""מ",IL,פלפל טינקרבל מארז,Unknown,0.00,יחידה,false,,8.90,0.0000,true,1,268941
7290011154028,false,תרכיז סיידר תפוחים טהור טעמי הגליל 1.2 ליטר,טעמי הגליל,IL,סירופ תפוע 1.2 ליטר,קילוגרמים,1.20,ליטר,false,,39.90,33.2500,true,1,263107
7290011154301,false,ממרח תמרים טעמי הגלי,טעמי הגליל,IL,ממרח תמרים טעמי הגלי,גרמים,450.00,100 גרם,false,,5.90,1.3111,true,1,263814
7290011154318,false,סילאן טבעי 900גר טעמי הגליל,טעמי הגליל,IL,סילאן טבעי טעמי הגלי,גרמים,900.00,100 גרם,false,,19.90,2.2111,true,1,305412
7290011164164,false,מארז לקקני סודה 40 יחידות 360 גרם,גואנגדונג צאואן פוד,CN,לקקן סודה טעמן 40 יח,גרמים,310.00,100 גרם,false,,15.90,5.1290,true,1,263112
7290011164546,false,סוכריות טופי ממולא בטעם חמוץ 120 יחידות 600 גרם,פאסין אס אי,BR,סוכריות פרוטמילה טופ,גרמים,600.00,100 גרם,false,,6.90,1.1500,true,1,263114
7290011194246,false,קוטג' 5% עם סידן 250 ג' שטראוס,מיוצר עי קונדיטוריית,IL,קוטג 5% שטראוס 250 ג,גרמים,250.00,100 גרם,false,,5.80,2.3200,true,1,263125
7290011240868,false,"יין מוסקטו אדום מבעבע יקבי ציון 750 מ""ל",יקבי ציון,IL,יין מוסקטו אדום מבעב,מיליליטרים,750.00,"100 מ""ל",false,,29.90,3.9867,true,1,277158
7290011240905,false,"יין מוסקטו לבן מבעבע יקבי ציון 750 מ""ל",יקבי ציון,IL,יין מוסקטו לבן מבעב,מיליליטרים,750.00,"100 מ""ל",false,,29.90,3.9867,true,1,277159
7290011249212,false,וופל עלמה בלגי לימון 200 גר' ללא סוכר,"גילרו בע""מ",IL,ופלים קראנץ' במילוי,גרמים,200.00,100 גרם,false,,2.90,1.4500,true,1,338470
7290011253455,false,יין גוש עציון נחל הע,יקב גוש עציון,IL,יין גוש עציון נחל הע,מיליליטרים,750.00,"100 מ""ל",false,,89.90,11.9867,true,1,335128
7290011253462,false,יין גוש עציון שדה בו,יקב גוש עציון,IL,יין גוש עציון שדה בו,מיליליטרים,750.00,"100 מ""ל",false,,119.90,15.9867,true,1,335129
7290011254070,false,תבלין פלפל שחור בשקית 50ג' מיה,מיה תעשיות מזון מ.ת.מ. ב,IL,פלפל שחור שקית מיה 5,גרמים,50.00,100 גרם,false,,4.90,9.8000,true,1,263127
7290011254087,false,תבלין קינמון בשקית 80 גר' מיה,מיה תעשיות מזון מ.ת.מ. ב,IL,קינמון שקית מיה 80 ג,גרמים,80.00,100 גרם,false,,2.90,3.6250,true,1,263128
7290011254094,false,תבלין כמון 80גר' שקית,מיה תעשיות מזון מ.ת.מ. ב,IL,כמון שקית מיה 80 גרם,גרמים,80.00,100 גרם,false,,2.90,3.6250,true,1,266889
7290011254100,false,תבלין כרכום בשקית 80 גר' מיה,מיה תעשיות מזון מ.ת.מ. ב,IL,כורכום שקית מיה 80 ג,גרמים,80.00,100 גרם,false,,2.90,3.6250,true,1,263129
7290011254117,false,תבלין פפריקה מתוקה בשקית 80 גר' מיה,מיה תעשיות מזון מ.ת.מ. ב,IL,פפריקה מתוקה שקית מי,גרמים,80.00,100 גרם,false,,2.90,3.6250,true,1,263130
7290011254124,false,תבלין פפריקה חריפה בשקית 80 גר' מיה,מיה תעשיות מזון מ.ת.מ. ב,IL,פפריקה חריפה שקית מי,גרמים,80.00,100 גרם,false,,2.90,3.6250,true,1,263131
7290011254131,false,תבלין אורגנו 20גרם- שקית,מיה תעשיות מזון מ.ת.מ. ב,IL,אורגנו שקית מיה 20 ג,גרמים,20.00,100 גרם,false,,2.90,14.5000,true,1,266883
7290011254148,false,אבקת שום בשקית מיה 80 גרם,מיה תעשיות מזון מ.ת.מ. ב,IL,אבקת שום שקית מיה 80,גרמים,80.00,100 גרם,false,,4.90,6.1250,true,1,263132
7290011254155,false,תבלין מלח לימון בשקית 80 גר' מיה,מיה תעשיות מזון מ.ת.מ. ב,IL,מלח לימון שקית מיה 8,גרמים,100.00,100 גרם,false,,2.90,2.9000,true,1,263133
7290011254162,false,פלפל לבן בשקית מיה 50 גרם,מיה תעשיות מזון מ.ת.מ. ב,IL,פלפל לבן שקית מיה 50,גרמים,50.00,100 גרם,false,,5.90,11.8000,true,1,263134
7290011254179,false,תבלין גריל עוף בשקית 80 גר' מיה,מיה תעשיות מזון מ.ת.מ. ב,IL,גריל עוף שקית מיה 80,גרמים,80.00,100 גרם,false,,2.90,3.6250,true,1,263135
7290011254193,false,שבבי שום בשקית מיה 50 גרם,מיה תעשיות מזון מ.ת.מ. ב,IL,שבבי שום שקית מיה 50,גרמים,80.00,100 גרם,false,,4.90,6.1250,true,1,266887
7290011254209,false,גבישי שום בשקית מיה 80 גרם,מיה תעשיות מזון מ.ת.מ. ב,IL,גבישי שום שקית מיה 8,גרמים,80.00,100 גרם,false,,4.90,6.1250,true,1,266885
7290011254230,false,תן צ'אפ חטיף טבעות מארז 15X10ג',מיה תעשיות מזון מ.ת.מ. ב,IL,מארז תן צאפ טבעות 8*,גרמים,120.00,100 גרם,false,,6.90,5.7500,true,1,263136
7290011254247,false,תן צ'אפ חטיף גלגלים מארז 15X10ג',מיה תעשיות מזון בעמ,IL,מארז תן צאפ גלגלים 8,גרמים,120.00,100 גרם,false,,6.90,5.7500,true,1,263137
7290011254346,false,"קינואה מיה בד""צ 1 ק""ג",מיה תעשיות מזון מ.ת.מ. ב,IL,"קינואה מיה 1 ק""ג",פריט,1.00,"ק""ג",false,,14.90,14.9000,true,1,277583
7290011254698,false,"שמן זית כתית מעולה מיה 750 מ""ל",מיולאוליבה ספרד,ES,שמן זית כתית מיה 750,מיליליטרים,750.00,"100 מ""ל",false,,22.90,3.0533,true,1,276324
7290011254964,false,מאגדת ג'לי טבעי מיה 250 גרם,מיה תעשיות מזון מ.ת.מ. ב,IL,סוכריות גלי טבעי עשי,גרמים,250.00,100 גרם,false,,9.90,3.9600,true,1,263773
7290011312381,false,פטריות חורש למנגל 320 ג',"מרינה פטריות הגליל בע""מ",IL,פטריות סטייק פורטובל,Unknown,0.00,יחידה,false,,10.90,0.0000,true,1,267860
7290011379018,false,מארז משפחתי שמפיניון 500 ג' מרינה,מרינה פטריות הגליל,IL,מארז פטריות צמד חמד,Unknown,0.00,יחידה,false,,15.90,0.0000,true,1,265387
7290011447359,false,תחליף חלב מטרנה מהדרין שלב 1 חלבי 700 גרם,מולינו ניקולי s.p.a,IL,מטרנה מהדרין שלב 1 7,גרמים,700.00,100 גרם,false,,49.90,7.1286,true,1,263154
7290011447373,false,תחליף חלב מטרנה מהדרין שלב 2 חלבי 700 גרם,מטרנה תעשיות ש.מ,IL,מטרנה מהדרין שלב 2 7,גרמים,700.00,100 גרם,false,,49.90,7.1286,true,1,263155
7290011457051,false,"ליקר צלו שוקולד בד""ץ 500 מ""ל",ישראליקר,IL,ליקר צאלו שוקולד 500,מיליליטרים,500.00,"100 מ""ל",false,,29.90,5.9800,true,1,276993
7290011489861,false,פתיבר בטעם וניל הדר,מגדנית הדר,IL,פתיבר בטעם וניל הדר,פריט,1.80,"ק""ג",false,,19.90,11.0556,true,1,325471
7290011496043,false,"תבנית ח""פ מלבן מיני",,CN,"תבנית ח""פ מלבן מיני",Unknown,0.00,יחידה,false,,8.90,0.0000,true,1,339856
7290011496067,false,"תבנית ח""פ 13/10+מכסה",,CN,"תבנית ח""פ 13/10+מכסה",Unknown,0.00,יחידה,false,,8.90,0.0000,true,1,339851
7290011496111,false,"תבנית ח""פ אובלית ברא",,CN,"תבנית ח""פ אובלית ברא",Unknown,0.00,יחידה,false,,8.90,0.0000,true,1,339848
7290011496241,false,"תבנית ח""פ מלבן מיני+",,CN,"תבנית ח""פ מלבן מיני+",Unknown,0.00,יחידה,false,,8.90,0.0000,true,1,339857
7290011496500,false,"תבנית ח""פ אישית מלבן",,CN,"תבנית ח""פ אישית מלבן",Unknown,0.00,יחידה,false,,8.90,0.0000,true,1,339850
7290011496524,false,"תבנית ח""פ אישית מלבן",,CN,"תבנית ח""פ אישית מלבן",Unknown,0.00,יחידה,false,,8.90,0.0000,true,1,339854
7290011496876,false,"תבנית ח""פ לחלה S ברא",,CN,"תבנית ח""פ לחלה S ברא",Unknown,0.00,יחידה,false,,8.90,0.0000,true,1,339888
7290011499051,false,גבינה פטה כבשים בגביע 20% 250 גר',MKN עבור מחלבות גד ב,IL,גבינת פטה כבשים 20%,גרמים,250.00,100 גרם,false,,17.90,7.1600,true,1,263168
7290011499358,false,פטה עיזים מסורתית 20% בגביע מחלבות גד,מיוצר על ידי קוד יצר,IL,גבינת פטה עיזים 20%,גרמים,200.00,100 גרם,false,,21.90,10.9500,true,1,299163
7290011499365,false,גבינת חלומי 24% גד 200 גרם,"מחלבות גד בע""\מ",IL,גבינה חלומי 24% גד 2,גרמים,200.00,100 גרם,false,,19.90,9.9500,true,1,264040
7290011499686,false,גבינה צפתית במליחות מעודנת 5% גד 350 גרם,גבינות מדף,IL,גבינה צפתית 5% גד 35,גרמים,350.00,100 גרם,false,,21.90,6.2571,true,1,266477
7290011499723,false,בולגרית פרוסות 5% מהדרין מחלבות גד,גבינות מדף,IL,גבינה בולגרית פרוסות,גרמים,250.00,100 גרם,false,,17.90,7.1600,true,1,266476
7290011499730,false,בולגרית מסורתית 5% מהדרין מחלבות גד,גבינות מדף,IL,גבינה בולגרית 5% גד,גרמים,250.00,100 גרם,false,,23.90,9.5600,true,1,266482
7290011499822,false,גבינה בולגרית 5% מעודנת מהדרין 250ג',גבינות מדף,IL,גבינה בולגרית מעודנת,גרמים,250.00,100 גרם,false,,23.90,9.5600,true,1,268516
7290011499846,false,גבינת ריקוטה פרסקה 9% גד 300 גרם,מחלבות גד בעמ,IL,גבינת ריקוטה פרסקה 9,גרמים,300.00,100 גרם,false,,12.90,4.3000,true,1,299324
7290011501570,false,מיץ שזיפים פרון 946,,US,מיץ שזיפים פרון 946,מיליליטרים,946.00,"100 מ""ל",false,,14.90,1.5751,true,1,270114
7290011514839,false,ספוג רחצה 5 יח',,,ספוג רחצה 5 יח',Unknown,0.00,יחידה,false,,9.90,0.0000,true,1,266457
7290011515683,false,מאגדת טילון אקסטרים וניל נסטלה 6 יחידות,תות תעשיות מזון (201,IL,טילוני אקסטרים וניל,גרמים,432.00,100 גרם,false,,22.50,5.2083,true,1,263172
7290011515911,false,שלגונים מופחתי קלוריות בטעם ריבת חלב - 6 יח',גלידות נסטלה )נגה גלידות,IL,שלגוני לייט נסטלה רי,גרמים,312.00,100 גרם,false,,19.90,6.3782,true,1,265453
7290011518561,false,"אקטימל תות 1.51 ק""ג מארז 14 יחידות",מיוצר עי קונדיטוריית,IL,אקטימל תות דנונה 14*,קילוגרמים,1.40,ליטר,false,,24.90,17.7857,true,1,263174
7290011537371,false,פסטה קונכיות 500 גרם טעמן,מוצרי יסוד - טעמן,TR,פסטה קונכיות טעמן 50,גרמים,500.00,100 גרם,false,,3.90,0.7800,true,1,263178
7290011598211,false,"סנו - אנטי קאלק מרסס ניקוי כללי 4 ב-1 700 מ""ל",מיוצר עי קונדיטוריית,IL,תרסיס אנטי קאלק 4 ב-,מיליליטרים,700.00,"100 מ""ל",false,,13.90,1.9857,true,1,263179
7290011598402,false,מקסימה מרכך כביסה ארומתרפי מאסק סנו 4 ליטר,"סנו מפעלי ברונוס בע""\מ",IL,מרכך מקסימה מאסק 4 ל,קילוגרמים,4.00,ליטר,false,,21.50,5.3750,true,1,263182
7290011725006,false,פטרוזיליה אפרתי ברכת דויד,ברכת קטיף,IL,פטרוזליה ברכת דוד,Unknown,0.00,יחידה,false,,5.90,0.0000,true,1,327898
7290011725013,false,כוסברה אפרתי-ברכת דויד,ברכת קטיף,IL,כוסברה ברכת דוד,Unknown,0.00,יחידה,false,,5.90,0.0000,true,1,317665
7290011725020,false,שמיר אפרתי ברכת דויד,ברכת קטיף,IL,שמיר ברכת דוד,Unknown,0.00,יחידה,false,,5.90,0.0000,true,1,270744
7290011725037,false,נענע אפרתי ברכת דויד,ברכת קטיף,IL,נענע ברכת דוד,Unknown,0.00,יחידה,false,,5.90,0.0000,true,1,327899
7290011725044,false,סלרי עלים אמריקאי אפרתי ברכת דויד,ברכת קטיף,IL,סלרי ברכת דוד,Unknown,0.00,יחידה,false,,6.90,0.0000,true,1,327848
7290011725051,false,חסה אפרתי ברכת דויד/הארץ,קוסטר - תורכיה,IL,חסה ברכת דוד,Unknown,0.00,יחידה,false,,6.90,0.0000,true,1,300770
7290011725068,false,מנגולד אפרתי ברכת דויד,ברכת קטיף,IL,מנגולד ברכת דוד,Unknown,0.00,יחידה,false,,6.90,0.0000,true,1,327757
7290011725136,false,דלעת ברכת דוד,ברכת קטיף,IL,דלעת ברכת דוד,Unknown,0.00,יחידה,false,,8.90,0.0000,true,1,338057
7290011725143,false,לבבות חסה ברכת דוד,קילט ניהול פרוייקטים,IL,לבבות חסה ברכת דוד,Unknown,0.00,יחידה,false,,12.90,0.0000,true,1,327896
7290011725167,false,בצל ירוק אפרתי בירכת דויד,,,בצל ירוק ברכת דוד,Unknown,0.00,יחידה,false,,6.90,0.0000,true,1,269730
7290011732172,false,סוכריות שרשרת סודה 24 יח' משפחתי טעמן,גואנגדונג צאואן פוד,CN,סוכריות שרשרת טעמן 2,גרמים,422.00,100 גרם,false,,15.90,3.7678,true,1,263185
7290011732189,false,"סוכריות צמיד דחוסות בד""ץ טעמן 48 יחידות",גואנגדונג צאואן פוד,CN,סוכריות צמיד טעמן 48,גרמים,422.00,100 גרם,false,,15.90,3.7678,true,1,263186
7290011732264,false,פרמידה סוכריות בטעם פרי חמצמץ 36 יחידות,גואנגדונג צאואן פוד,CN,סוכריות פירמידה טעמן,גרמים,432.00,100 גרם,false,,15.90,3.6806,true,1,263188
7290011732271,false,מארז פירות פלסטיק עם אבקה בטעם פרי חמצמץ 36 יחידות,גואנגדונג צאואן פוד,CN,סוכריות פירות טעמן 3,גרמים,432.00,100 גרם,false,,15.90,3.6806,true,1,263189
7290011765415,false,"כיף - בוב ספוג מרכך שיער 750 מ""ל",קוסמופארם,IL,מרכך כיף רוזמרין בוב,מיליליטרים,750.00,"100 מ""ל",false,,10.70,1.4267,true,1,263206
7290011765446,false,משחת שיניים לילדים בוב ספוג בטעם מיץ ענבים עם פלואוריד למניעת עששת,טרופיקל דגיל תעשיות קוסמ,IL,משחת אורביטול ילדים,גרמים,70.00,100 גרם,false,,7.50,10.7143,true,1,263207
7290011800840,false,רפי כהן סלט טחינה בלאדי צבר 400 גרם,רפי כהן / צבר,IL,טחינה בלאדי רפי 400,גרמים,400.00,100 גרם,false,,14.90,3.7250,true,1,264771
7290011877859,false,סנו אינסטלטור חדש פותח סתימות 200ג',מיוצר עי קונדיטוריית,IL,פותח סתימות סנו אינס,מיליליטרים,200.00,"100 מ""ל",false,,9.90,4.9500,true,1,264159
7290011877866,false,"מקסימה אבקת כביסה בניחוח מאסק סנו 6 ק""ג","סנו מפעלי ברונוס בע""\מ",IL,אבקת מקסימה מאסק 6 ק,פריט,6.00,"ק""ג",false,,39.90,6.6500,true,1,264162
7290011931162,false,סוכרלייט ממתיק נוזלי על בסיס סוכרלוז,אף.סי תבליני בגליל ב,IL,ממתיק נוזלי סוכרלוז,מיליליטרים,220.00,"100 מ""ל",false,,19.90,9.0455,true,1,285359
7290011947521,false,"שמן זית כתית מעולה 750 מ""ל טעם מודגש זיתא",זיתא - י.ט.ב תעשיות,IL,שמן זית כתית זיתא טע,מיליליטרים,750.00,"100 מ""ל",false,,26.90,3.5867,true,1,328026
7290011977627,false,סרדינים בשמן צמחי טעים 125 גרם,טעמן,MA,סרדין בשמן טעים 125,גרמים,125.00,100 גרם,false,,3.90,3.1200,true,1,263230
7290011977634,false,סרדינים בשמן קנולה עם פלפל חריף טעים 125 גרם,טעמן,IL,סרדין פלפל חריף טעים,גרמים,125.00,100 גרם,false,,3.90,3.1200,true,1,263231
7290011977641,false,סרדינים בשמן קנולה עם לימון טעים 125 גרם,טעמן,IL,סרדין בלימון טעים 12,גרמים,125.00,100 גרם,false,,3.90,3.1200,true,1,263232
7290011977665,false,סרדינים ברוטב עגבניות טעים 125 גרם,טעמן,MA,סרדין ברוטב עגבניות,גרמים,125.00,100 גרם,false,,3.90,3.1200,true,1,263233
7290011977924,false,"פסטה קרניים 100% חיטת דורום בד""ץ טעמן 500 גרם",מוצרי יסוד - טעמן,TR,פסטה קרניים טעמן 500,גרמים,500.00,100 גרם,false,,3.90,0.7800,true,1,264241
7290012001994,false,חרדל דיז'ון גרעינים 350 ג' ריין דיזון,ריין דיז'ון reine dijon,FR,חרדל דיזון גרגירים ר,גרמים,350.00,100 גרם,false,,8.90,2.5429,true,1,265963
7290012025822,false,שמיר סלק אסלי 400 גרם,"סלטי שמיר 2006 בע""מ",IL,סלט סלק אסלי 400 גרם,גרמים,400.00,100 גרם,false,,10.90,2.7250,true,1,297028
7290012025839,false,מטבוחה שמיר אסלי 400 גרם,"סלטי שמיר 2006 בע""מ",IL,מטבוחה אסלי 400 גרם,גרמים,400.00,100 גרם,false,,10.90,2.7250,true,1,266010
7290012071003,false,"ד""ר פישר - קמיל בלו משחה לתינוק 200 גרם",פישר מעבדות פרמצבטיו,IL,"משחה לתינוק ד""ר פישר",גרמים,200.00,100 גרם,false,,17.90,8.9500,true,1,324058
7290012116551,false,אנטי קאלק נוזל לניקוי כללי סנו 2 ליטר,מיוצר עי קונדיטוריית,IL,נוזל אנטי קאלק 4 ב-1,קילוגרמים,2.00,ליטר,false,,17.90,8.9500,true,1,264151
7290012116612,false,אורביטול מברשת שיניים מארז 4 יח',ג'נרל מילס סאן אדריא,CN,מברשת אורביטול סופט,Unknown,0.00,יחידה,false,,9.90,0.0000,true,1,264168
7290012117039,false,נוזל לניקוי אמבטיה 00 סנו 1 ליטר,סנו מפעלי ברונוס בעמ,IL,נוזל 00 לאמבט 1 ליטר,קילוגרמים,1.00,ליטר,false,,7.50,7.5000,true,1,264158
7290012117091,false,"אבקת כביסה סנסיטיב סנו מקסימה 6 ק""ג",סנו מקסימה,IL,אבקת מקסימה סנסטיב 6,פריט,6.00,"ק""ג",false,,39.90,6.6500,true,1,264163
7290012117275,false,"קליר שקית מילוי לניקוי חלונות סנו 750 מ""ל",טרופיקל דגיל תעשיות,IL,"מילוי סנוקליר 750 מ""",מיליליטרים,750.00,"100 מ""ל",false,,5.70,0.7600,true,1,264156
7290012117350,false,"נוזל רצפות לילך 2 ליטר ""ריצפז פרש""","סנו מפעלי ברונוס בע""\מ",IL,ריצפז פרש לילך 2 ליט,קילוגרמים,2.00,ליטר,false,,16.90,8.4500,true,1,264153
7290012117411,false,"שמפו וג'ל רחצה רויבוס 700 מ""ל ""קרמה""",קוסמופארם בע'\'\מ,IL,גל רחצה קרמה מן במבו,מיליליטרים,700.00,"100 מ""ל",false,,14.90,2.1286,true,1,276388
7290012117428,false,"ג'ל רחצה ושמפו מעיינות מנטה קרמה מן 700 מ""ל",טרופיקל דגיל תעשיות,IL,שמפו וגל רחצה לגבר ק,מיליליטרים,700.00,"100 מ""ל",false,,14.90,2.1286,true,1,276389
7290012117435,false,"קרמה - שמפו וג'ל רחצה 2 ב-1 אלוורה 700 מ""ל",טרופיקל דגיל תעשיות,IL,גל רחצה קרמה מן אלוו,מיליליטרים,700.00,"100 מ""ל",false,,14.90,2.1286,true,1,276390
7290012117534,false,מרכך כביסה מרוכז תכלת קול סנו מקסימה 1 ליטר,"סנו מפעלי ברונוס בע""\מ",IL,מרכך מקסימה סופר מרו,קילוגרמים,1.00,ליטר,false,,14.90,14.9000,true,1,265366
7290012117541,false,מרכך כביסה מרוכז צהוב סנו מקסימה 1 ליטר,סנו מפעלי ברונוס בעמ,IL,מרכך מקסימה סופר מרו,קילוגרמים,1.00,ליטר,false,,14.90,14.9000,true,1,296205
7290012117558,false,מקסימה מרכך כביסה מרוכז ורוד בניחוח מאסק סנו 1 ליטר,"סנו מפעלי ברונוס בע""\מ",IL,מרכך מקסימה סופר מרו,קילוגרמים,1.00,ליטר,false,,14.90,14.9000,true,1,265367
7290012117732,false,מקסימה מרכך כביסה ארומתרפי קול סנו 4 ליטר,"סנו מפעלי ברונוס בע""\מ",IL,מרכך מקסימה קול 4 לי,קילוגרמים,4.00,ליטר,false,,21.50,5.3750,true,1,267861
7290012117916,false,אינסטלטור נוזל לפתיחת סתימות סנו 1 ליטר,"סנו מפעלי ברונוס בע""",IL,פותח סתימות סנו אינס,קילוגרמים,1.00,ליטר,false,,26.70,26.7000,true,1,275389
7290012227592,false,פסט' חרמון כפרי וסלמי תה זוגי זוגלובק 300X2ג' מחפוד,זוגלובק,IL,מארז תה מעושן וחרמון,גרמים,700.00,100 גרם,false,,25.90,3.7000,true,1,276108
7290012227608,false,מארז חרמון 300 גר' +חרמון ברבקיו 300ג' זוגלובק,זוגלובק,IL,מארז חרמון וברביקיו,גרמים,600.00,100 גרם,false,,24.90,4.1500,true,1,276107
7290012227615,false,נקניקיות עוף זוגלובק 800 ג' מחפוד,זוגלובק,IL,נקניקיות עוף זוגלובק,גרמים,800.00,100 גרם,false,,19.90,2.4875,true,1,276106
7290012227738,false,זוגלובק סלמי תה מעושן מחפוד 370 גרם,זוגלובק,IL,סלמי תה מעושן זוגלוב,גרמים,370.00,100 גרם,false,,19.90,5.3784,true,1,303913
7290012228407,false,"נקניקיות ג'מבו מחפוד זוגלובק 1.5 ק""ג",זוגלובק,IL,נקניקיות ג'מבו זוגלו,פריט,1.50,"ק""ג",false,,26.90,17.9333,true,1,323195
7290012228612,false,"זוג ח.הודו ועוף+ח.ברביקיו 600 גר' ""קהילות""",זוגלובק,IL,מארז חרמון ברביקיו ו,גרמים,600.00,100 גרם,false,,28.90,4.8167,true,1,315486
7290012228629,false,נקניקיות עוף זוגלובק 800 גר' קהילות,זוגלובק,IL,נקניקיות עוף זוגלובק,גרמים,800.00,100 גרם,false,,23.90,2.9875,true,1,315484
7290012275401,false,"בירה מולר בקבוק 500 מ""ל תוצרת יוון","סולימר מבשלת בירה בע""מ",GR,"בירה מולר 500 מ""ל",מיליליטרים,500.00,"100 מ""ל",false,,3.90,0.7800,true,1,272173
7290012309311,false,ערמונים קלופים ששון הקולה 100 גרם,"דין שיווק וקליה בע""מ",CN,ערמונים קלופים ששון,גרמים,100.00,100 גרם,false,,2.90,2.9000,true,1,264143
7290012309878,false,חלוה פיסטוק ששון הקולה 500 גרם,ששון הקולה,IL,חלוה פיסטוק ששון הקו,גרמים,500.00,100 גרם,false,,12.90,2.5800,true,1,264140
7290012312564,false,יין גת שומרון קברנה,יקב גת,IL,יין גת שומרון קברנה,מיליליטרים,750.00,"100 מ""ל",false,,199.90,26.6533,true,1,337199
7290012312571,false,יין גת שומרון 48 שיר,יקב גת,IL,יין גת שומרון 48 שיר,מיליליטרים,750.00,"100 מ""ל",false,,149.90,19.9867,true,1,337198
7290012312588,false,יין גת שומרון 48 קבר,יקב גת,IL,יין גת שומרון 48 קבר,מיליליטרים,750.00,"100 מ""ל",false,,199.90,26.6533,true,1,337200
7290012312595,false,יין גת שומרון 48 פטי,יקב גת,IL,יין גת שומרון 48 פטי,מיליליטרים,750.00,"100 מ""ל",false,,199.90,26.6533,true,1,337201
7290012313585,false,זית טבעות ירוק בני ד,בני דרום,IL,זית טבעות ירוק בני ד,פריט,1.25,"ק""ג",false,,16.90,13.5200,true,1,327524
7290012313820,false,רוטב צ'ילי מתוק בני,בני דרום,IL,רוטב צ'ילי מתוק בני,מיליליטרים,500.00,"100 מ""ל",false,,10.90,2.1800,true,1,339671
7290012313837,false,רוטב סויה בני דרום 5,בני דרום,IL,רוטב סויה בני דרום 5,מיליליטרים,500.00,"100 מ""ל",false,,10.90,2.1800,true,1,339672
7290012313844,false,רוטב אלף האיים בני ד,בני דרום,IL,רוטב אלף האיים בני ד,מיליליטרים,500.00,"100 מ""ל",false,,10.90,2.1800,true,1,339673
7290012335006,false,סוכריות סודה רול מיני מארז משפחתי 375 ג',גואנגדונג צאואן פוד,CN,סוכריות רול מיני טע,גרמים,326.00,100 גרם,false,,15.90,4.8773,true,1,264246
7290012335020,false,סוכריות סודה שעון מארז משפחתי 375 גר',גואנגדונג צאואן פוד,CN,סוכריות סודה שעון ט,גרמים,420.00,100 גרם,false,,15.90,3.7857,true,1,264245
7290012359033,false,"דבש מן הטבע 1.5 ק""ג",מכוורת עמק חפר,IL,"דבש מן הטבע 1.5 ק""ג",פריט,1.50,"ק""ג",false,,42.90,28.6000,true,1,310018
7290012359606,false,דבש מן הטבע 700 גרם,מכוורת עמק חפר,IL,דבש מן הטבע 700 גרם,גרמים,700.00,100 גרם,false,,21.90,3.1286,true,1,310010
7290012359613,false,דבש לחיץ מן הטבע 500,מכוורת עמק חפר,IL,דבש לחיץ מן הטבע 500,גרמים,500.00,100 גרם,false,,18.90,3.7800,true,1,310011
7290012413643,false,תה ירוק קמומיל ויסוצקי 25 יחידות,ויסוצקי ירוק,IL,תה ירוק קמומיל 25 שק,גרמים,38.00,100 גרם,false,,19.90,52.3684,true,1,269316
7290012439155,false,"פתי בר וניל צבעוני 1.75 ק""ג",הגביע מוצרי ופלים,IL,פתיבר צבעוני גלילית,פריט,1.75,"ק""ג",false,,19.90,11.3714,true,1,337434
7290012483011,false,"פולי סויה קפואים 1ק""ג (מאנצ'ו)",קו אל טי די קיאוניונ,CN,פולי סויה אדממה וילי,פריט,1.00,"ק""ג",false,,9.90,9.9000,true,1,307796
7290012522581,false,שניצל תירס ללא גלוטן טבעול 664 גרם,עיצובים 2020 (4.8),IL,שניצל תירס ל.גלוטן ט,גרמים,664.00,100 גרם,false,,19.90,2.9970,true,1,267979
7290012561313,false,בצל קצוץ ומטוגן דורות 400 גרם,עיצובים 2020 (3.8),IL,בצל קצוץ מטוגן דורות,גרמים,400.00,100 גרם,false,,16.90,4.2250,true,1,323619
7290012576607,false,"יין קברנה סוביניון פרמייר מלבק אדום ברקן 750 מ""ל","ברקן שיווק והפצה בע""",IL,יין פרימייר קברנה סו,מיליליטרים,750.00,"100 מ""ל",false,,25.90,3.4533,true,1,273494
7290012645112,false,יוגורט עיזים 2.8% בדלי חלב הארץ 750 גרם,מחלבות סוסיא,IL,משקה יוגורט עיזים חל,מיליליטרים,750.00,"100 מ""ל",false,,15.90,2.1200,true,1,317413
7290012645129,false,יוגורט כבשים 5% בדלי חלב הארץ 750 גרם,מחלבות סוסיא,IL,משקה יוגורט כבשים חל,מיליליטרים,750.00,"100 מ""ל",false,,15.90,2.1200,true,1,317414
7290012738524,false,מצות יהודה כוסמין 300 ג' חמץ,מצות יהודה,IL,מצות חמץ כוסמין יהוד,גרמים,300.00,100 גרם,false,,23.90,7.9667,true,1,274039
7290012738807,false,"ביסקוויט יהודה ספארי 1.2 ק""ג",מצות יהודה,IL,ביסקוויט ספארי יהודה,פריט,1.20,"ק""ג",false,,19.90,16.5833,true,1,267424
7290012738838,false,"ביסקוויט יהודה מצופה שוקולד 1.2 ק""ג",,IL,ביסקוויט מצופה 1.2 ק,פריט,1.20,"ק""ג",false,,27.90,23.2500,true,1,267425
7290012738845,false,"ביסקויט יהודה טעמים שונים 1.2 ק""ג",מצות יהודה,IL,עוגיות/ביסקויט בטעמי,פריט,1.20,"ק""ג",false,,19.90,16.5833,true,1,267423
7290012803451,false,טוסו שוקולד מריר 62% מוצקי קקאו ללא תוספת סוכר 100 גרם,אלטינמארקה,TR,שוקולד מריר 62% ללא,גרמים,100.00,100 גרם,false,,8.90,8.9000,true,1,335390
7290012803765,false,טוסו שוקולד מריר ללא תוספת סוכר 100 גרם,אלטינמארקה גידה סאן,TR,שוקולד מריר ללא סוכר,גרמים,100.00,100 גרם,false,,8.90,8.9000,true,1,335391
7290012803789,false,טוסו שוקולד מריר עם אגוזים ללא תוספת סוכר 100 גרם,האי נאם סי או אל.טי.,TR,שוקולד מריר ואגוזים,גרמים,100.00,100 גרם,false,,8.90,8.9000,true,1,335392
7290012823343,false,70מש.שיניים אורביטול לילדים סוכריות גלי,טרופיקל דגיל תעשיות קוסמ,IL,משחת אורביטול ילדים,גרמים,70.00,100 גרם,false,,7.50,10.7143,true,1,326093
7290012823558,false,"מטליות לחות לרצפה 40*70 ס""מ סנו סושי 10 יחידות",סנו מפעלי ברונוס בעמ,IL,מטליות לחות לרצפה סנ,Unknown,0.00,יחידה,false,,9.90,0.0000,true,1,265878
7290012823794,false,כיף אל סבון יסמין לבנדר 2 ל',קוסמופארם,IL,אלסבון כיף יסמין לבנ,קילוגרמים,2.00,ליטר,false,,17.90,8.9500,true,1,265873
7290012823916,false,גל כביסה סנו מקסימ מרוכז קריסטל נואר 5 ל,"סנו מפעלי ברונוס בע""\מ",IL,גל מקסימה קריסטל 5 ל,קילוגרמים,5.00,ליטר,false,,41.90,8.3800,true,1,273600
7290012881589,false,מטהר אוויר אורנים 30,סאסאטק,IL,מטהר מגיק אורנים 300,מיליליטרים,300.00,"100 מ""ל",false,,3.90,1.3000,true,1,274638
7290012881787,false,מג'יק מרכך כביסה כחול 4 ל',,,מרכך כביסה כחול 4 לי,קילוגרמים,4.00,ליטר,false,,14.90,3.7250,true,1,266833
7290012881794,false,מג'יק מרכך כביסה ורוד 4 ל',,,מרכך כביסה ורוד 4 לי,קילוגרמים,4.00,ליטר,false,,14.90,3.7250,true,1,266835
7290012881800,false,מג'יק מרכך כביסה לבן 4 ל',,,מרכך כביסה לבן 4 ליט,קילוגרמים,4.00,ליטר,false,,14.90,3.7250,true,1,266834
7290012881817,false,מטהר אוויר לימון 300,סאסאטק,IL,מטהר מגיק לימון 300,מיליליטרים,300.00,"100 מ""ל",false,,3.90,1.3000,true,1,274640
7290012881824,false,מטהר אוויר אביבי 300,סאסאטק,IL,מטהר מגיק לבנדר 300,מיליליטרים,300.00,"100 מ""ל",false,,3.90,1.3000,true,1,274639
7290012929779,false,פסטה מקמח מלא ספירלה 500גרם טעמן,מוצרי יסוד - טעמן,TR,פסטה ספירלה מחיטה מל,גרמים,500.00,100 גרם,false,,3.90,0.7800,true,1,265867
7290012929786,false,פסטה מקמח מלא צינורות 500 גרם טעמן,מוצרי יסוד - טעמן,TR,פסטה צינורות מחיטה מ,גרמים,500.00,100 גרם,false,,3.90,0.7800,true,1,265868
7290012929793,false,פסטה ספדטי מקמח מלא טעמן 500 גר',מוצרי יסוד - טעמן,TR,ספגטי חיטה מלאה טעמן,גרמים,500.00,100 גרם,false,,3.90,0.7800,true,1,265869
7290012969119,false,"רדיד אלומיניום 200 פיט 30 ס""מ אופל",שניב תעשיות נייר,IL,נייר אלומיניום אופל,Unknown,0.00,יחידה,false,,23.90,0.0000,true,1,266160
7290013010001,false,עגבניות מרוסקות פרי מבורך 260 גרם,"זנלכל בע""\מ",IL,עגבניות מרוסקות מבור,גרמים,240.00,100 גרם,false,,5.50,2.2917,true,1,265406
7290013010018,false,רוטב עגבניות לפסטה פרי מבורך 240 גרם,"זנלכל בע""\מ",IL,רוטב לפסטה מבורך 240,גרמים,240.00,100 גרם,false,,5.50,2.2917,true,1,265409
7290013010025,false,"רוטב עגבניות לפיצה בד""ץ פרי מבורך 240 גרם","זנלכל בע""\מ",IL,רוטב לפיצה מבורך 240,גרמים,240.00,100 גרם,false,,5.50,2.2917,true,1,265408
7290013010032,false,רוטב עגבניות לשקשוקה פרי מבורך 240 גרם,"זנלכל בע""\מ",IL,רוטב לשקשוקה מבורך 2,גרמים,240.00,100 גרם,false,,5.50,2.2917,true,1,265407
7290013010094,false,"רוטב פסטה בולונז ""פרי מבורך"" 240 גרם","זנלכל בע""\מ",IL,רוטב בולונז מבורך 24,גרמים,240.00,100 גרם,false,,5.50,2.2917,true,1,267152
7290013010322,false,עגבניות שלמות פרי מבורך 800 ג' A2.5,זנלכל,IL,עגבניות שלמות מבורך,גרמים,800.00,100 גרם,false,,7.80,0.9750,true,1,308908
7290013010339,false,עגבניות מרוסקות ובצל 800 גרם,זנלכל,IL,עגבניות מרוסקות עם ב,גרמים,800.00,100 גרם,false,,7.80,0.9750,true,1,308911
7290013010353,false,עגבניות מרוסקות בזיליקום פרי מבורך 800 גרם,זנלכל,IL,עגבניות מרוסקות עם ב,גרמים,800.00,100 גרם,false,,7.80,0.9750,true,1,308910
7290013027399,false,לחם קמח מלא קל בתוספת שיפון 750 ג' אנג'ל,מאפיית שלמה א. אנג'\ל בע,IL,לחם קל קמח מלא ושיפו,גרמים,750.00,100 גרם,false,,14.90,1.9867,true,1,317756
7290013080127,false,מאגדת חטיף באפי 10*20גר,"א.מ.חטיפי העמק בע""מ",IL,מארז באפי 20*10 גרם,גרמים,200.00,100 גרם,false,1,8.90,4.4500,true,1,308974
7290013080295,false,באגסי חטיף חיטה ברביקיו 400 גרם מארז 20 יחידות,א מ חטיפי העמק בעמ,IL,מארז באגסי ברביקיו 2,גרמים,400.00,100 גרם,false,,8.90,2.2250,true,1,266400
7290013080301,false,באגסי חטיף חיטה גריל 400 גרם מארז 20 יחידות,א מ חטיפי העמק בעמ,IL,מארז באגסי גריל 20*2,גרמים,400.00,100 גרם,false,,8.90,2.2250,true,1,266401
7290013080318,false,באגסי חטיף בטעם פלאפל מארז 20X20ג',א מ חטיפי העמק בעמ,IL,מארז באגסי פלאפל 20*,גרמים,400.00,100 גרם,false,,8.90,2.2250,true,1,266402
7290013080479,false,באגסי חטיף חיטה בצל 400 גרם מארז 20 יחידות,א מ חטיפי העמק בעמ,IL,מארז באגסי בצל 20*20,גרמים,400.00,100 גרם,false,,8.90,2.2250,true,1,269758
7290013080486,false,באגסי חטיף חיטה פיצה 400 גרם מארז 20 יחידות,א מ חטיפי העמק בעמ,IL,מארז באגסי פיצה 20*2,גרמים,400.00,100 גרם,false,,8.90,2.2250,true,1,269757
7290013080516,false,מאגדת באגסי קטשופ 20 יח'*20 גרם,א מ חטיפי העמק בעמ,IL,מארז באגסי קטשופ 20*,גרמים,400.00,100 גרם,false,,8.90,2.2250,true,1,332003
7290013080585,false,נבוטים חטיף מקלוני תירס מארז 17X20ג',א מ חטיפי העמק בעמ,IL,מארז מקלוני תירס 20*,גרמים,340.00,100 גרם,false,,8.90,2.6176,true,1,308972
7290013080769,false,רינגים חטיף טבעות תפוחי אדמה 48 גר',א מ חטיפי העמק בעמ,IL,"חטיף תפו""א רינגים בט",גרמים,50.00,100 גרם,false,,2.90,5.8000,true,1,322940
7290013117212,false,בורקס פילו במילוי גבינה מעדנות 600 גר,מיוצר עי קונדיטוריית,IL,בורקס פילו גבינה מעד,גרמים,600.00,100 גרם,false,,18.90,3.1500,true,1,266497
7290013117410,false,בצק פריך מרודד למאפים מתוקים 900 ג' מעדנות,מיוצר עי קונדיטוריית,IL,בצק פריך מתוק מעדנות,גרמים,900.00,100 גרם,false,,19.90,2.2111,true,1,266819
7290013117427,false,בצק פריך מרודד למאפים מלוחים מעדנות 2*450 גרם,מיוצר עי קונדיטוריית,IL,בצק פריך מלוח מעדנות,גרמים,900.00,100 גרם,false,,19.90,2.2111,true,1,266818
7290013117526,false,בצק שמרים מרודד למאפים מתוקים מעדנות 900 גרם,"מעדנות בע""\מ",IL,בצק שמרים עלים מעדנו,גרמים,900.00,100 גרם,false,,19.90,2.2111,true,1,268854
7290013195272,false,רולדה גפילטע הונגרי 500 גרם,,IL,רולדה הונגרי 500 גרם,גרמים,500.00,100 גרם,false,,19.90,3.9800,true,1,277526
7290013195289,false,רולדה גפילטע ירושלמי 500 גר,,IL,רולדה ירושלמי 500 גר,גרמים,500.00,100 גרם,false,,19.90,3.9800,true,1,277527
7290013195296,false,רולדה וויט פיש אמריקאי 500 גרם,,IL,רולדה וייט פיש רוזנר,גרמים,500.00,100 גרם,false,,26.90,5.3800,true,1,278021
7290013220042,false,מיקס טרופי קפוא 500 גרם,א.צלוביץ,PL,מיקס טרופי קפוא 500,גרמים,500.00,100 גרם,false,,19.90,3.9800,true,1,320667
7290013220103,false,דובדבן ללא חרצן קפוא500ג,א.מ שרון,PL,דובדבן קפוא 500 גרם,גרמים,500.00,100 גרם,false,,19.90,3.9800,true,1,320675
7290013220882,false,פסיפלורה 500 גרם,א.מ שרון,PL,פסיפלורה 500 גרם,גרמים,500.00,100 גרם,false,,19.90,3.9800,true,1,335357
7290013220899,false,תות שדה קפוא 500 גרם,א.מ שרון,PL,תות שדה קפוא 500 גרם,גרמים,500.00,100 גרם,false,,19.90,3.9800,true,1,320671
7290013220929,false,אוכמניות כחולות 400 גרם,א.מ שרון,PL,אוכמניות כחולות קפוא,גרמים,400.00,100 גרם,false,,19.90,4.9750,true,1,320672
7290013221001,false,אננס חתוך קפוא 500 גרם,א.מ שרון,PL,חתיכות אננס קפוא 500,גרמים,500.00,100 גרם,false,,19.90,3.9800,true,1,320673
7290013221018,false,מנגו חתוך קפוא 500 גרם,א.צלוביץ,PL,חתיכות מנגו קפוא 500,גרמים,500.00,100 גרם,false,,19.90,3.9800,true,1,320674
7290013221100,false,מיקס שייק מנגו אננס פיטאיה 500 גרם,א.מ.שרון,PL,שייק מיקס מנגו אננס,גרמים,500.00,100 גרם,false,,19.90,3.9800,true,1,329302
7290013224927,false,אקונומיקה מגיק סמיכה,סאסאטק,IL,אקונומיקה מגיק סמיכה,קילוגרמים,4.00,ליטר,false,,6.90,1.7250,true,1,304355
7290013262806,false,"תבנית ח""פ אישית מרוב",,CN,"תבנית ח""פ אישית מרוב",Unknown,0.00,יחידה,false,,8.90,0.0000,true,1,339889
7290013268242,false,תרכיז ריחני לניקוי רצפות בריח מלון מפנק ריצפז פרש,"סנו מפעלו ברונוס בע""\מ",IL,ריצפז פרש הום מלון מ,קילוגרמים,2.00,ליטר,false,,19.70,9.8500,true,1,340019
7290013268884,false,"נוזל רצפות מאסק 2 ליטר ""ריצפז פרש""",מיוצר עי קונדיטוריית,IL,ריצפז פרש מאסק 2 ליט,קילוגרמים,2.00,ליטר,false,,16.90,8.4500,true,1,266312
7290013268938,false,סנובון סבון לאסלה בניחוח מאסק סנו 3*65 גרם,סנו סנובון,IL,סבון אסלה סנובון סופ,גרמים,165.00,100 גרם,false,,10.70,6.4848,true,1,267169
7290013268983,false,מרכך כביסה סופר מרוכז בבישום עוצמתי סנו מקסימה 1 ל',"סנו מפעלי ברונוס בע""\מ",IL,מרכך מקסימה סופר מרו,קילוגרמים,1.00,ליטר,false,,14.90,14.9000,true,1,333518
7290013268990,false,מרכך כביסה מרוכז לבן ביו סנו מקסימה 1 ליטר,"סנו מפעלי ברונוס בע""\מ",IL,מרכך מקסימה סופר מרו,קילוגרמים,1.00,ליטר,false,,14.90,14.9000,true,1,315786
7290013269003,false,מרכך כביסה סופר מרוכז בייבי לתינוקות ולעור רגיש,"סנו מפעלי ברונוס בע""\מ",IL,מרכך מקסימה סופר מרו,קילוגרמים,1.00,ליטר,false,,14.90,14.9000,true,1,270639
7290013269348,false,K3 תחנת פיתיון קוטל תיקנים (ג'וקים) בבית ובחצר,טרופיקל דגיל תעשיות,IL,תחנת פיתיון לתיקנים,Unknown,0.00,יחידה,false,,39.90,0.0000,true,1,321946
7290013269621,false,ריצפז פרש לניקוי רצפות בניחוח מלון בוטיק,מיוצר עי קונדיטוריית,IL,ריצפז פרש הום בניחוח,קילוגרמים,2.00,ליטר,false,,16.90,8.4500,true,1,318233
7290013269669,false,ריצפז בניחוח פנטזיה לניקוי הרצפה,"סנו מפעלי ברונוס בע""",IL,ריצפז פנטזיה 3 ליטר,קילוגרמים,3.00,ליטר,false,,11.70,3.9000,true,1,268475
7290013269911,false,"סנו K-333 קוטל חרקים ללא ריח 750מ""ל","סנו מפעלי ברונוס בע""",IL,תרסיס קוטל K333 זוחל,מיליליטרים,750.00,"100 מ""ל",false,,23.90,3.1867,true,1,267403
7290013302236,false,פסטה בילאג'יו פרפלה 500 גרם טעמן,מוצרי יסוד - טעמן,IL,פסטה פרפלה טעמן 500,גרמים,500.00,100 גרם,false,,3.90,0.7800,true,1,266292
7290013302748,false,סוכריות טופי ממולא בטעם יוגורט 120 יחידות 600 גרם,פאסין אס אי,BR,סוכריות זיסי טופי ממ,גרמים,600.00,100 גרם,false,,6.90,1.1500,true,1,266682
7290013303417,false,"קברנה סוביניון כרם מרום אור גנוז 750 מ""ל",חבל יתיר,IL,יין מרום קברנה 2018,מיליליטרים,750.00,"100 מ""ל",false,,89.90,11.9867,true,1,331063
7290013303424,false,"בלנד כרם מרום אור גנוז 750 מ""ל",חבל יתיר,IL,יין מרום בלנד 2018,מיליליטרים,750.00,"100 מ""ל",false,,89.90,11.9867,true,1,331068
7290013303509,false,"מרלו כרם מרום אור גנוז 750 מ""ל",חבל יתיר,IL,יין מרום מרלו 2018,מיליליטרים,750.00,"100 מ""ל",false,,89.90,11.9867,true,1,331069
7290013303608,false,"הר סיני 750 מ""ל האור הגנוז",,IL,יין אור הגנוז הר סינ,מיליליטרים,750.00,"100 מ""ל",false,,99.90,13.3200,true,1,333660
7290013358035,false,שקדי מרק מנה 800 גרם,מנה,IL,שקדי מרק מנה 800 גרם,גרמים,800.00,100 גרם,false,,11.90,1.4875,true,1,266646
7290013358417,false,מאסטר שף אסייאתי רוטב טריאקי 300 מל כשלפ,קריניציה ויטמינה אס,TH,רוטב טריאקי מאסטר שף,גרמים,300.00,100 גרם,false,,7.90,2.6333,true,1,302242
7290013358462,false,"מיני קרוטונים למרק בתיבול שום, בצל ופטרוזיליה","עינת תעשיות מזון, אגשח ב",IL,מיני קרוטונים למרק ש,גרמים,350.00,100 גרם,false,,17.90,5.1143,true,1,271918
7290013358530,false,מאסטר שף אסייאתי רוטב צ'ילי מתוק 700 מל כשלפ,קריניציה ויטמינה אס,TH,רוטב צילי מתוק מאסטר,גרמים,700.00,100 גרם,false,,11.90,1.7000,true,1,302244
7290013358547,false,מאסטר שף אסייאתי רוטב צ'ילי חריף 700 מל,קי.אר.אס. ספייסי פוד,TH,רוטב צילי חריף מאסטר,גרמים,700.00,100 גרם,false,,11.90,1.7000,true,1,302245
7290013424914,false,אפרסק פלחים קפוא פיל,בינזו לונגשינטיאנרן,CN,אפרסק פלחים קפוא פיל,גרמים,500.00,100 גרם,false,,11.90,2.3800,true,1,330754
7290013424921,false,קיווי פרוסות קפוא פי,בינזו לונגשינטיאנרן,PL,קיווי פרוסות קפוא פי,גרמים,500.00,100 גרם,false,,11.90,2.3800,true,1,330755
7290013424945,false,מנגו קפוא פילד גוד 5,סאפו דקלאק טריידינג,PL,מנגו קפוא פילד גוד 5,גרמים,500.00,100 גרם,false,,11.90,2.3800,true,1,331257
7290013424952,false,אננס קפוא 500 ג' פילד גוד,סאפו דקלאק טריידינג,PL,אננס קפוא פילד גוד 5,גרמים,500.00,100 גרם,false,,11.90,2.3800,true,1,331737
7290013440648,false,מאגדת שלגוני אבטיח נסטלה 5 יחידות,גלידות נסטלה )נגה גלידות,IL,שלגוני שרבט אבטיח 5,גרמים,468.00,100 גרם,false,,17.90,3.8248,true,1,270696
7290013492005,false,תפוח אדמה אדום למיקרו 600 ג',שרווין ווליאמס,IL,תפוח אדמה למיקרוגל,Unknown,0.00,יחידה,false,,6.90,0.0000,true,1,267242
7290013534057,false,"צ'יפס בטטה טבעי מיה 100ג' 'כשל""פ",מיה תעשיות מזון מ.ת.מ. ב,IL,ציפס בטטה 100 גרם,גרמים,100.00,100 גרם,false,,6.90,6.9000,true,1,275445
7290013536303,false,קמח חיטה מלאה 100% ה,קמח עץ השדה,IL,קמח חיטה מלאה 100% ה,פריט,1.00,"ק""ג",false,,5.90,5.9000,true,1,319986
7290013536310,false,קמח חיטה מלאה 80% הנ,קמח עץ השדה,IL,קמח חיטה מלאה 80% הנ,פריט,1.00,"ק""ג",false,,5.90,5.9000,true,1,319987
7290013536327,false,קמח לבן מנופה הנחתום,קמח עץ השדה,IL,קמח לבן מנופה הנחתום,פריט,1.00,"ק""ג",false,,4.90,4.9000,true,1,319988
7290013536334,false,קמח כוסמין מלא הנחתו,קמח עץ השדה,IL,קמח כוסמין מלא הנחתו,פריט,1.00,"ק""ג",false,,8.90,8.9000,true,1,319989
7290013536341,false,קמח כוסמין 80% הנחתו,קמח עץ השדה,IL,קמח כוסמין 80% הנחתו,פריט,1.00,"ק""ג",false,,11.90,11.9000,true,1,328758
7290013536358,false,קמח כוסמין לבן הנחתו,קמח עץ השדה,IL,קמח כוסמין לבן הנחתו,פריט,1.00,"ק""ג",false,,9.90,9.9000,true,1,319990
7290013536433,false,חלת קונדיטוריה גישמא,מאפיית אפעל,IL,חלת קונדיטוריה גישמא,גרמים,450.00,100 גרם,false,,10.90,2.4222,true,1,332948
7290013536457,false,קמח לחלות הנחתום 1 ק,קמח עץ השדה,IL,קמח לחלות הנחתום 1 ק,פריט,1.00,"ק""ג",false,,5.90,5.9000,true,1,333397
7290013536464,false,קמח חלות כוסמין הנח,קמח עץ השדה,IL,קמח חלות כוסמין הנח,פריט,1.00,"ק""ג",false,,12.90,12.9000,true,1,338542
7290013584328,false,פקדון בקבוק בירה ריק,,,פקדון בקבוק בירה ריק,Unknown,0.00,יחידה,false,,1.20,0.0000,true,1,269577
7290013608260,false,מיץ רימונים 100%מיץ סחוט טרי מצונן 1ליט,"גניר (1992) בע""מ",IL,מיץ רימונים פרימור 1,קילוגרמים,1.00,ליטר,false,,20.90,20.9000,true,1,274924
7290013615831,false,"במיה טלפרוסט 1 ק""ג",אלמוורה,EG,"במיה טלפרוסט 1 ק""ג",פריט,1.00,"ק""ג",false,,4.90,4.9000,true,1,269088
7290013625458,false,פטריות שמפיניון שלמות טעמן 400 גרם,מוצרי יסוד - טעמן,NL,פטריות שלמות טעמן 40,גרמים,400.00,100 גרם,false,,7.50,1.8750,true,1,323168
7290013625922,false,אטריות דקות טעמן 400 גרם,מוטלו,TR,אטריות דקות טעמן 400,גרמים,400.00,100 גרם,false,,3.90,0.9750,true,1,268735
7290013625939,false,"אטריות דקיקות בד""ץ טעמן 400 גרם",מוטלו,TR,אטריות דקיקות טעמן 4,גרמים,400.00,100 גרם,false,,3.90,0.9750,true,1,268736
7290013677006,false,חומוס גדול באריזת וואקום Selected,מיה תעשיות מזון מ.ת.מ. ב,IL,חומוס גדול סלקטד 500,גרמים,500.00,100 גרם,false,,9.90,1.9800,true,1,267524
7290013677020,false,שעועית לבנה בוואקום מיה 500 גר',מיה תעשיות מזון מ.ת.מ. ב,IL,שעועית לבנה סלקטד 50,גרמים,500.00,100 גרם,false,,9.50,1.9000,true,1,267518
7290013677037,false,עדשים ירוקות באריזת וואקום Selected,מיה תעשיות מזון מ.ת.מ. ב,IL,עדשים ירוקות סלקטד 5,גרמים,500.00,100 גרם,false,,8.90,1.7800,true,1,267515
7290013677044,false,עדשים אדומים בוואקום מיה 500 גר',מיה תעשיות מזון מ.ת.מ. ב,IL,עדשים אדומות סלקטד 5,גרמים,500.00,100 גרם,false,,9.90,1.9800,true,1,267516
7290013677051,false,פופקורן גרגרים בוואקום מיה 500 גר',מיה תעשיות מזון מ.ת.מ. ב,IL,פופקורן סלקטד 500 גר,גרמים,500.00,100 גרם,false,,8.90,1.7800,true,1,267513
7290013677068,false,כוסמת בוואקום מיה 500 גר',מיה תעשיות מזון מ.ת.מ. ב,IL,כוסמת סלקטד 500 גרם,גרמים,500.00,100 גרם,false,,9.90,1.9800,true,1,267519
7290013677075,false,חיטה בוואקום מיה 500 גר',מיה תעשיות מזון מ.ת.מ. ב,IL,חיטה סלקטד 500 גרם,גרמים,500.00,100 גרם,false,,8.50,1.7000,true,1,267520
7290013677082,false,שעועית אדומה בוואקום מיה 500 גר',מיה תעשיות מזון מ.ת.מ. ב,IL,שעועית אדומה סלקטד 5,גרמים,500.00,100 גרם,false,,9.90,1.9800,true,1,267521
7290013677099,false,גריסי פנינה בוואקום מיה 500 גר',מיה תעשיות מזון מ.ת.מ. ב,IL,גריסי פנינה סלקטד 50,גרמים,500.00,100 גרם,false,,8.50,1.7000,true,1,267522
7290013677105,false,אפונה סלקטד מיה 500 גרם,מיה תעשיות מזון מ.ת.מ. ב,IL,אפונה סלקטד 500 גרם,גרמים,500.00,100 גרם,false,,8.50,1.7000,true,1,267523
7290013677112,false,בורגול באריזת וואקום Selected,מיה תעשיות מזון מ.ת.מ. ב,IL,בורגול סלקטד 500 גרם,גרמים,500.00,100 גרם,false,,8.50,1.7000,true,1,267525
7290013677129,false,שעועית מעורבת בוואקום מיה 500 גר',מיה תעשיות מזון מ.ת.מ. ב,IL,שעועית מעורבת סלקטד,גרמים,500.00,100 גרם,false,,10.90,2.1800,true,1,267526
7290013677259,false,תבלין זעתר 50 גרם שקית,מיה תעשיות מזון מ.ת.מ. ב,IL,זעתר שקית מיה 50 גרם,גרמים,80.00,100 גרם,false,,2.90,3.6250,true,1,269584
7290013677266,false,תבלין לפיצה בשקית מיה 80 גרם,מיה תעשיות מזון מ.ת.מ. ב,IL,תבלין לפיצה שקית מיה,גרמים,80.00,100 גרם,false,,2.90,3.6250,true,1,269590
7290013677280,false,תבלין ציפורן שלם 40 גרם שקית,מיה תעשיות מזון בעמ,IL,ציפורן שלם שקית מיה,גרמים,80.00,100 גרם,false,,5.90,7.3750,true,1,269588
7290013677303,false,חוואיג' תימני בשקית מיה 50 גרם,מיה תעשיות מזון מ.ת.מ. ב,IL,תבלין חוואיג תימני ש,גרמים,80.00,100 גרם,false,,2.90,3.6250,true,1,269585
7290013677334,false,תבלין על האש בשקית מיה 50 גרם,מיה תעשיות מזון מ.ת.מ. ב,IL,תבלין על האש שקית מי,גרמים,50.00,100 גרם,false,,2.90,5.8000,true,1,269591
7290013677556,false,"אורז פרסי עממי ק''ג בואק מיה 1 ק""ג",מיה תעשיות מזון מ.ת.מ. ב,IL,אורז פרסי עממי סלקטד,פריט,1.00,"ק""ג",false,,9.90,9.9000,true,1,270195
7290013677648,false,שמן זית למאור מיה 1 ליטר,מיה תעשיות מזון בעמ,ES,שמן זית למאור מיה 1,קילוגרמים,1.00,ליטר,false,,17.90,17.9000,true,1,269589
7290013677662,false,מלח לימון בצנצנת מיה 500 גרם,מיה תעשיות מזון מ.ת.מ. ב,IL,מלח לימון מיה 300 גר,גרמים,300.00,100 גרם,false,,12.90,4.3000,true,1,267061
7290013677679,false,סודה לשתיה בשקית מיה 80 גרם,מיה תעשיות מזון מ.ת.מ. ב,IL,סודה לשתיה שקית מיה,גרמים,80.00,100 גרם,false,,2.90,3.6250,true,1,298150
7290013677686,false,תבלין פפריקה מרוקאית 80 גרם בשקית,מיה תעשיות מזון מ.ת.מ. ב,IL,פפריקה מרוקאית שקית,גרמים,100.00,100 גרם,false,,2.90,2.9000,true,1,266884
7290013677693,false,תבלין פלפל שחור גרוס שקית 50 גרם,מיה תעשיות מזון בעמ,IL,פלפל שחור גרוס שקית,גרמים,50.00,100 גרם,false,,4.90,9.8000,true,1,266888
7290013724939,false,משוקלדים חמוציות מריר 140 גר' קופסא,"דין שיווק וקלייה בע""",IL,חמוציות בשוקולד שקדי,גרמים,140.00,100 גרם,false,,9.90,7.0714,true,1,267336
7290013724946,false,שקדים בשוקולד מריר 140 גר שקדיה,"דין שיווק וקלייה בע""",IL,שקדים בשוקולד שקדיה,גרמים,140.00,100 גרם,false,,9.90,7.0714,true,1,267340
7290013724953,false,חמוציות בציפוי שוקולד בקופסא שקדיה 140 גרם,"דין שיווק וקלייה בע""",IL,חמוציות בציפוי שוקול,גרמים,140.00,100 גרם,false,,9.90,7.0714,true,1,339256
7290013724960,false,שקדים בציפוי שוקולד בקופסא שקדיה 140 גרם,"דין שיווק וקלייה בע""",IL,שקדבציפוי שוקולד חלב,גרמים,140.00,100 גרם,false,,9.90,7.0714,true,1,339257
7290013724991,false,אגוזי לוז בציפוי שוקולד בקופסא שקדיה 140 גרם,"דין שיווק וקלייה בע""",IL,אגוזי לוז בציפוי שוק,גרמים,140.00,100 גרם,false,,9.90,7.0714,true,1,339258
7290013725639,false,רוטב צילי חריף סו שף 700 גרם,"דין שיווק וקליה בע""מ",TH,רוטב צילי חריף סו שף,מיליליטרים,700.00,"100 מ""ל",false,,9.90,1.4143,true,1,270119
7290013725646,false,רוטב צילי מתוק סו שף 700 גרם,"דין שיווק וקליה בע""מ",TH,רוטב צילי מתוק סו שף,מיליליטרים,700.00,"100 מ""ל",false,,9.90,1.4143,true,1,270120
7290013725653,false,"קרם קוקוס סו שף 400 מ""ל",,TH,קרם קוקוס סו שף 400,מיליליטרים,400.00,"100 מ""ל",false,,6.90,1.7250,true,1,270121
7290013725677,false,חומץ אורז לבן לסושי300מל,,CN,"חומץ אורז 300 מ""ל",מיליליטרים,300.00,"100 מ""ל",false,,11.90,3.9667,true,1,304185
7290013725707,false,"שמן שומשום סו שף 150 מ""ל","דין שיווק וקלייה בע""",CN,שמן שומשום סו שף 150,מיליליטרים,150.00,"100 מ""ל",false,,14.90,9.9333,true,1,304187
7290013725820,false,אגוזי לוז בשוקולד מריר 140 גר שקדיה,"דין שיווק וקלייה בע""",IL,אגוזי לוז בשוקולד שק,גרמים,140.00,100 גרם,false,,9.90,7.0714,true,1,267337
7290013725844,false,חטיף שומשום בשוקולד מריר 160ג,"דין שיווק וקלייה בע""",IL,שומשום בציפוי שוקולד,גרמים,140.00,100 גרם,false,,9.90,7.0714,true,1,267338
7290013771216,false,פטאקי 16% גבינות השומרון,מיוצר עי קונדיטוריית,IL,גבינה פטאקי 16% שומר,גרמים,250.00,100 גרם,false,,13.90,5.5600,true,1,270522
7290013771261,false,בולגרית מעודנת 5% 250גרם,מחלבת השומרון,IL,גבינה בולגרית מעודנת,גרמים,250.00,100 גרם,false,,12.90,5.1600,true,1,278226
7290013771285,false,בולגרית קלאסית 5% 200גרם,מחלבת השומרון,IL,גבינה בולגרית קלאסית,גרמים,200.00,100 גרם,false,,12.90,6.4500,true,1,278224
7290013771292,false,גבינה פטאקי 16% שומר,מחלבת השומרון,IL,גבינה פטאקי 16% שומר,גרמים,250.00,100 גרם,false,,12.90,5.1600,true,1,278227
7290013771308,false,בולגרית קלאסית16%200גרם,מחלבת השומרון,IL,גבינה בולגרית קלאסית,גרמים,200.00,100 גרם,false,,12.90,6.4500,true,1,278225
7290013847379,false,סטארקיסט טונה בשמן מארז 140X6ג',סטארקיסט,IL,טונה בשמן ס.ק 6*140,גרמים,840.00,100 גרם,false,,26.90,3.2024,true,1,322229
7290013847386,false,סטארקיסט נתחי טונה בהירה במים ושמן קנולה בטעם טבעי 140 גרם,סטארקיסט Starkist,IL,טונה 4% טעם טבעי ס.ק,גרמים,140.00,100 גרם,false,,5.90,4.2143,true,1,319663
7290013847393,false,סטארקיסט לייט נתחי טונה בהירה במים ושמן קנולה עם עשבי תיבול 140 גרם,"סטארקיסט פודור בע""מ",IL,טונה 4% בעשבי תיבול,גרמים,140.00,100 גרם,false,,5.90,4.2143,true,1,319665
7290013847409,false,סטארקיסט לייט נתחי טונה בהירה במים ושמן קנולה עם לימון ופלפל חריף 140 גרם,סטארקיסט Starkist,IL,טונה 4% בלימון ופלפל,גרמים,140.00,100 גרם,false,,5.90,4.2143,true,1,319664
7290013847492,false,סטארקיסט טונה במים מארז 140X6ג',סטארקיסט,IL,טונה במים ס.ק 6*140,גרמים,840.00,100 גרם,false,,26.90,3.2024,true,1,320405
7290013848017,false,תרסיס ניקוי והברקת נירוסטה,"סנו מפעלי ברונוס בע""מ",IL,תרסיס סנו נירוסטה 50,מיליליטרים,500.00,"100 מ""ל",false,,19.90,3.9800,true,1,317172
7290013848345,false,מארז מטליות לחיטוי וניקוי יסודי אנטיבקטריאלי 99.9%,סנו מפעלי ברונוס בעמ,IL,מטליות לחיטוי וניקוי,Unknown,0.00,יחידה,false,,17.90,0.0000,true,1,324767
7290013848727,false,מכשיר אוטומטי לבישום אוויר בתוספת מילוי SOFT HARMONY,"יצרן מכשיר: זובלה, שנזן,",IL,סנו פרש מכשיר אוטומט,Unknown,0.00,יחידה,false,,39.90,0.0000,true,1,317178
7290013848758,false,מקסימה גל כביסה מרוכז בייבי 3ליטר סנסטיב,"סנו מפעלי ברונוס בע""\מ",IL,גל מקסימה בייבי 3 לי,קילוגרמים,3.00,ליטר,false,,32.90,10.9667,true,1,272344
7290013861054,false,שוקולד קופ עם צימוקים וחלב 160 ג',"דין שיווק וקלייה בע""",IL,צימוק בציפוי שוקולד,גרמים,140.00,100 גרם,false,,9.90,7.0714,true,1,339261
7290013861412,false,המתוקים של ששון קוקוס 250 גרם,קריניציה ויטמינה אס,IL,חטיפי קוקוס 250 גרם,גרמים,250.00,100 גרם,false,,9.90,3.9600,true,1,273226
7290013861443,false,המתוקים של ששון בוטנים 250 גרם,קריניציה ויטמינה אס,IL,חטיפי בוטנים / חטיפי,גרמים,250.00,100 גרם,false,,9.90,3.9600,true,1,273225
7290013906281,false,"נקניקיות מהדרין קהילות טירת צבי 1 ק""ג",טיב טירת צבי 2000,IL,נקניקיות טירת צבי 1,פריט,1.00,"ק""ג",false,,24.90,24.9000,true,1,271240
7290013906298,false,נקניקיות הודו קהילות טירת צבי 400 גרם,טירת צבי - מדף,IL,נקניקיות טירת צבי 40,גרמים,400.00,100 גרם,false,,13.90,3.4750,true,1,271239
7290013906335,false,צמד מהדרין קהילות טירת צבי 600 גרם,טיב טירת צבי 2000,IL,מארז סלמי הודו+כפרית,גרמים,600.00,100 גרם,false,,22.90,3.8167,true,1,271243
7290013906601,false,מארז צמד 600 ג' ברביקיו ודבש קהילות טירת צבי,טיב טירת צבי 2000,IL,מארז פסטרמה כפרית דב,גרמים,600.00,100 גרם,false,,27.90,4.6500,true,1,324618
7290013906700,false,"נקניקיות הודו טירת צבי כשרות הרב מחפוד 1.5 ק""ג",טיב טירת צבי 2000,IL,נקניקיות הודו טירת צ,פריט,1.50,"ק""ג",false,,29.90,19.9333,true,1,318432
7290013927101,false,"עוגת תפוחים לל""ס 450 גר' אחדות",אחדות ביחר לטחינה חל,IL,עוגת תפוחים ללא סוכר,גרמים,450.00,100 גרם,false,,11.80,2.6222,true,1,274890
7290013927200,false,עוגת שוקולד צ'יפס עשירה אחווה 400ג',אחדות ביחר לטחינה חל,IL,עוגת שוקולד ציפס אחו,גרמים,400.00,100 גרם,false,,10.90,2.7250,true,1,272129
7290013927323,false,עוגת בראוניס אחווה 400 גר',אחדות ביחר לטחינה חל,IL,עוגת בראוניס אחוה 40,גרמים,400.00,100 גרם,false,,10.90,2.7250,true,1,273586
7290013927514,false,אחוה רוגעלך קינמון במגש 400 גר,אחדות ביחר לטחינה חל,IL,רוגעלך קינמון אחוה 4,גרמים,400.00,100 גרם,false,,8.90,2.2250,true,1,314539
7290013927583,false,רוגעלך וניל עם שוקולד צ'יפס 400 גר' אחוה,אחדות ביחר לטחינה חל,IL,רוגעלך בטעם וניל ש.צ,גרמים,400.00,100 גרם,false,,8.90,2.2250,true,1,317678
7290013927637,false,חלוה ללא תוספת סוכר במגש 400 גר' אחוה,אחדות ביחר לטחינה חל,IL,חלוה ל.סוכר אחוה 400,גרמים,400.00,100 גרם,false,,11.90,2.9750,true,1,318493
7290013927804,false,"טחינה גולמית משומשום מלא אחוה 1 ק""ג",אחדות ביחר לטחינה חל,IL,טחינה שומשום מלא אחו,פריט,1.00,"ק""ג",false,,17.80,17.8000,true,1,322090
7290013927989,false,מאפין במילוי בטעם קרמל 50 גרם אחוה,אחדות ביחר לטחינה חל,IL,מאפין במילוי קרמל אח,גרמים,50.00,100 גרם,false,,1.30,2.6000,true,1,326666
7290013927996,false,עוגת שמרים קרנץ בטעם שוקולד אחוה 400 גרם,אחדות ביחר לטחינה חל,IL,עוגת שמרים קראנץ שוק,גרמים,400.00,100 גרם,false,,9.80,2.4500,true,1,325869
7290013946089,false,מג'יק ניקוי חלונות 1 ל',סאסאטק,IL,תרסיס מגיק חלונות 1,קילוגרמים,1.00,ליטר,false,,4.90,4.9000,true,1,277494
7290013946171,false,ת.מ.א.פריחה 300 מל מגיק,סאסאטק,IL,מטהר מגיק פריחה 300,מיליליטרים,300.00,"100 מ""ל",false,,3.90,1.3000,true,1,274709
7290013946829,false,נוזל כלים 18% מגיק 4 ליט,סאסאטק,IL,נוזל כלים מגיק תפוח,קילוגרמים,4.00,ליטר,false,,14.90,3.7250,true,1,274642
7290014002197,false,חליטת קמומיל ולימונית הגן הקסום ויסוצקי 25 יחידות,תה ויסוצקי,IL,תה קמומיל ולימונית ה,גרמים,38.00,100 גרם,false,,12.90,33.9474,true,1,270427
7290014016132,false,לחמניות ביס ל.גלוטן,נטו מלינדה-בשר,IL,לחמניות ביס ל.גלוטן,גרמים,500.00,100 גרם,false,,14.90,2.9800,true,1,318114
7290014016248,false,פיתות ל.גלוטן נטורל,נטורל קייקס,IL,פיתות ל.גלוטן נטורל,גרמים,720.00,100 גרם,false,,14.90,2.0694,true,1,325036
7290014016279,false,פיצה מרגריטה ל.גלוטן400ג,נטו מלינדה-בשר,IL,פיצה מרגריטה ל.גלוטן,גרמים,400.00,100 גרם,false,,19.90,4.9750,true,1,275676
7290014016286,false,פיצה מרגריטה זיתים 400 ג,נטו מלינדה-בשר,IL,פיצה מרגריטה עם זיתי,גרמים,400.00,100 גרם,false,,19.90,4.9750,true,1,275677
7290014016309,false,לחם פרוס ל.גלוטן נטו,נטורל קייקס,IL,לחם פרוס ל.גלוטן נטו,גרמים,450.00,100 גרם,false,,4.90,1.0889,true,1,304299
7290014016316,false,לחם רך במיוחד ל.גלוט,נטורל קייקס,IL,לחם רך במיוחד ל.גלוט,גרמים,450.00,100 גרם,false,,4.90,1.0889,true,1,305019
7290014016323,false,לחמניות ל.גלוטן נטור,נטורל קייקס,IL,לחמניות ל.גלוטן נטור,גרמים,390.00,100 גרם,false,,4.90,1.2564,true,1,304300
7290014079076,false,נבטי אלפלפא מרינה,"מרינה פטריות הגליל בע""מ",IL,נבטי אלפלפא יח,Unknown,0.00,יחידה,false,,5.90,0.0000,true,1,270359
7290014079236,false,פטריות פורטובלה מיני סלסלה,מרינה פטריות הגליל,IL,פטריות פורטבלה מרינה,Unknown,0.00,יחידה,false,,8.90,0.0000,true,1,273416
7290014079540,false,שיני שום קלופות יחידה,"מרינה פטריות הגליל בע""מ",IL,"שום קלוף 1 ק""ג",פריט,1.00,"ק""ג",false,,29.90,29.9000,true,1,325282
7290014079847,false,פטריות בייבי בלה צמד מרינה,"מרינה פטריות הגליל בע""מ",IL,פטריות צמד בייבי בלה,Unknown,0.00,יחידה,false,,15.90,0.0000,true,1,304811
7290014094260,false,שיני שום קלוף קמעונאי,יאנונינגלנאגג פרודיס לטד,CN,שום קלוף מרינה 170 ג,גרמים,170.00,100 גרם,false,,11.40,6.7059,true,1,277989
7290014094543,false,"תרסיס שמן קנולה שקדיה 186 מ""ל",שקדיה,TR,תרסיס שמן קנולה שקדי,מיליליטרים,186.00,"100 מ""ל",false,,14.90,8.0108,true,1,310370
7290014094567,false,שמן זית כתית מעולה 750 מל אהרוני,"דין שיווק וקלייה בע""",IL,שמן זית כתית אהרוני,מיליליטרים,750.00,"100 מ""ל",false,,29.90,3.9867,true,1,271070
7290014094864,false,פיסטוק קלוי 170 גר עם קליפה ששון הקולה,"דין שיווק וקלייה בע""",IL,פיסטוק קלוי 170 גרם,גרמים,170.00,100 גרם,false,,13.90,8.1765,true,1,270369
7290014095472,false,חטיף דגנים עם חומציות שוקולד מריר שקדיה 125 גרם,דין שיווק,IL,חטיף דגנים עם חמוציו,גרמים,125.00,100 גרם,false,,9.90,7.9200,true,1,268962
7290014095496,false,חטיף דגנים עם אגוזים ושוקולד מריר 125 גר',דין שיווק,IL,חטיף דגנים עם שקד אג,גרמים,125.00,100 גרם,false,,9.90,7.9200,true,1,268963
7290014095861,false,שיבולת שועל דקה בשקית שקדיה 500 גרם,"דין שיווק וקלייה בע""",IL,שיבולת שועל דקה שקדי,גרמים,500.00,100 גרם,false,,4.90,0.9800,true,1,271083
7290014095946,false,משוקלדים פקאן בשוקולד מריר 140 גרם,"שקדיה גבע תעשיות בע""",IL,פקאן בשוקולד מריר שק,גרמים,140.00,100 גרם,false,,9.90,7.0714,true,1,271553
7290014095953,false,פקאן בציפוי שוקולד בקופסא שקדיה 140 גרם,שקדיה גבע בתעשיות עמ,IL,פקאן בציפוי שוקולד ח,גרמים,140.00,100 גרם,false,,9.90,7.0714,true,1,339259
7290014095960,false,שיבולת שועל עבה בשקית שקדיה 500 גרם,"דין שיווק וקלייה בע""",IL,שיבולת שועל עבה שקדי,גרמים,500.00,100 גרם,false,,4.90,0.9800,true,1,271082
7290014218505,false,"שלישיית פיצות בד""ץ מעדנות 3*360 גרם","מעדנות בע""\מ",IL,מארז פיצה מעדנות 3*3,פריט,1.08,"ק""ג",false,,28.90,26.7593,true,1,306593
7290014236936,false,שקיות אשפה 75*90 רזפ,,TR,שקיות אשפה 75*90 רזפ,Unknown,0.00,יחידה,false,,6.90,0.0000,true,1,339103
7290014256620,false,"יין מבעבע קריניאנו באזז יקבי כרמל 750 מ""ל",יקבי כרמל Carmel Winery,IL,יין באז קריניאנו מבע,מיליליטרים,750.00,"100 מ""ל",false,,23.90,3.1867,true,1,277192
7290014256637,false,"יין מבעבע מוסקטו באזז יקבי כרמל 750 מ""ל",יקבי כרמל Carmel Winery,IL,יין באז מוסקטו מבעבע,מיליליטרים,750.00,"100 מ""ל",false,,23.90,3.1867,true,1,277191
7290014258716,false,תרכובת מזון צמחי על בסיס חלבון סויה מגיל לידה,מטרנה תעשיות ש.מ,IL,מטרנה צמחי 700 גרם,גרמים,700.00,100 גרם,false,,47.90,6.8429,true,1,276874
7290014308626,false,פלפל שחור גרוס דק 100 גרם,תבליני פרג,,פלפל שחור גרוס פרג 1,גרמים,100.00,100 גרם,false,,15.90,15.9000,true,1,277349
7290014309012,false,אגוז מוסקט טחון 40 גרם,תבליני הדור השלישי,IL,אגוז מוסקט טחון פרג,גרמים,40.00,100 גרם,false,,16.90,42.2500,true,1,277539
7290014309128,false,תבלין קצח פרג 120 גר,תבליני הדור השלישי,IL,תבלין קצח פרג 120 גר,גרמים,120.00,100 גרם,false,,15.90,13.2500,true,1,313938
7290014325036,false,סוכריות ג'לי עטופות שמחות מיה 600 גרם,מיה תעשיות מזון מ.ת.מ. ב,IL,סוכריות גלי שמחות מי,גרמים,600.00,100 גרם,false,,18.50,3.0833,true,1,272314
7290014325043,false,"פודינג וניל 1 ק""ג שקית",מיה תעשיות מזון מ.ת.מ. ב,IL,פודינג בטעם וניל מיה,פריט,1.00,"ק""ג",false,,7.90,7.9000,true,1,274142
7290014325234,false,קוקוס מיה 800 גרם,מיה תעשיות מזון בעמ,IL,קוקוס מיה 800 גרם,גרמים,800.00,100 גרם,false,,15.80,1.9750,true,1,271216
7290014325241,false,שומשום מיה בשקית 800,מיה תעשיות מזון בעמ,IL,שומשום מיה בשקית 800,גרמים,800.00,100 גרם,false,,17.90,2.2375,true,1,271217
7290014325258,false,אורז פרסי אינדירה 1.,מיה תעשיות מזון בעמ,IL,אורז פרסי אינדירה 1.,פריט,1.40,"ק""ג",false,,7.90,5.6429,true,1,271220
7290014325265,false,תן צ'אפ חטיף טבעות בטעם שמנת בצל מארז 15X8ג',מיה תעשיות מזון בעמ,IL,מארז תן צאפ שמנת 8*1,גרמים,120.00,100 גרם,false,,6.90,5.7500,true,1,285573
7290014325326,false,חומוס גדול אינדירה 1,מיה תעשיות מזון בעמ,IL,חומוס גדול אינדירה 1,פריט,1.40,"ק""ג",false,,14.90,10.6429,true,1,271956
7290014325333,false,שעועית לבנה אינדירה,מיה תעשיות מזון בעמ,IL,שעועית לבנה אינדירה,פריט,1.40,"ק""ג",false,,14.90,10.6429,true,1,271957
7290014325357,false,"חיטה אינדירה 1.4 ק""ג",מיה תעשיות מזון בעמ,IL,"חיטה אינדירה 1.4 ק""ג",פריט,1.40,"ק""ג",false,,8.90,6.3571,true,1,271959
7290014325371,false,"אפונה אינדירה 1.4 ק""",מיה תעשיות מזון בעמ,IL,"אפונה אינדירה 1.4 ק""",פריט,1.40,"ק""ג",false,,9.90,7.0714,true,1,271961
7290014325395,false,עדשים אדומות אינדירה,מיה תעשיות מזון בעמ,IL,עדשים אדומות אינדירה,פריט,1.40,"ק""ג",false,,14.90,10.6429,true,1,271962
7290014325401,false,עדשים ירוקות אינדירה,מיה תעשיות מזון בעמ,IL,עדשים ירוקות אינדירה,פריט,1.40,"ק""ג",false,,14.90,10.6429,true,1,271963
7290014325418,false,חומוס ענק אינדירה 1.,מיה תעשיות מזון בעמ,IL,חומוס ענק אינדירה 1.,פריט,1.40,"ק""ג",false,,17.90,12.7857,true,1,271964
7290014325425,false,בורגול אינדירה 1.4 ק,מיה תעשיות מזון בעמ,IL,בורגול אינדירה 1.4 ק,פריט,1.40,"ק""ג",false,,8.90,6.3571,true,1,271965
7290014325432,false,"כוסמת אינדירה 1.4 ק""",מיה תעשיות מזון בעמ,IL,"כוסמת אינדירה 1.4 ק""",פריט,1.40,"ק""ג",false,,17.90,12.7857,true,1,271966
7290014325548,false,"חמאת בוטנים מיה 1 ק""ג",מיה תעשיות מזון בעמ,IL,"חמאת בוטנים מיה 1 ק""",פריט,1.00,"ק""ג",false,,19.90,19.9000,true,1,277700
7290014325562,false,פופקורן אינדירה 1.4,מיה תעשיות מזון בעמ,IL,פופקורן אינדירה 1.4,פריט,1.40,"ק""ג",false,,12.90,9.2143,true,1,272437
7290014355699,false,המבורגר 400 גרם גלאט עוף,גלאט עוף,IL,המבורגר גלאט עוף 400,גרמים,400.00,100 גרם,false,,29.90,7.4750,true,1,330807
7290014355712,false,סטייק אנטריקוט גלאטשף,מ ב גלאט עוף למהדרין,IL,סטייק אנטריקוט גלאט,גרמים,500.00,100 גרם,false,,64.90,12.9800,true,1,330809
7290014355743,false,פסטרמה הודו חרדל ודבש -180 גרם,מ ב גלאט עוף למהדרין,IL,פסטרמה הודו חרדל ודב,גרמים,180.00,100 גרם,false,,19.90,11.0556,true,1,331742
7290014355811,false,קבב עגל גלאטשף 400 גרם,מ ב גלאט עוף למהדרין,IL,קבב עגל גלאט עוף 400,גרמים,400.00,100 גרם,false,,29.90,7.4750,true,1,331771
7290014397453,false,סנו אוקסיגן גל מסיר כתמים כביסה לבנה 3 ל,סנו אוקסיג'ן,IL,גל אוקסיגן כביסה לבנ,קילוגרמים,3.00,ליטר,false,,24.90,8.3000,true,1,270640
7290014397491,false,"מבשם אויר סנו פרש הום בניחוח וניל קוקוס 350 מ""ל",סנו פרש Fresh,IL,מבשם סנופרש הום וניל,מיליליטרים,350.00,"100 מ""ל",false,,9.90,2.8286,true,1,269836
7290014397507,false,מבשם אויר סנו פרש הום בניחוח מאסק מעודן 350 מ''ל,מיוצר עי קונדיטוריית,IL,מבשם סנופרש הום יסמי,מיליליטרים,350.00,"100 מ""ל",false,,9.90,2.8286,true,1,269833
7290014397514,false,"מבשם אויר סנו פרש הום בניחוח כותנה מלטפת 350 מ""ל","סנו מפעלי ברונוס בע""",IL,מבשם סנופרש הום כותנ,מיליליטרים,350.00,"100 מ""ל",false,,9.90,2.8286,true,1,269832
7290014397521,false,"מבשם אויר סנו פרש הום בניחוח לבנדר 350 מ""ל",סנו פרש Fresh,IL,מבשם סנופרש הום לבנד,מיליליטרים,350.00,"100 מ""ל",false,,9.90,2.8286,true,1,269835
7290014397538,false,"מבשם אויר סנו פרש הום בניחוח אביב 350 מ""ל",סנו מפעלי ברונוס בעמ,IL,מבשם סנופרש הום בוקר,מיליליטרים,350.00,"100 מ""ל",false,,9.90,2.8286,true,1,269834
7290014397675,false,סנו מקסימה מרכך כביסה חלב ודבש 4 ליטר,סנו מקסימה,IL,מרכך מקסימה חלב ודבש,קילוגרמים,4.00,ליטר,false,,21.50,5.3750,true,1,270641
7290014397699,false,פוליויקס גרניט פורצלן ושיש ניחוח קלאסי 3 ליטר,סנו,IL,פוליויקס גרניט פורצל,קילוגרמים,3.00,ליטר,false,,19.90,6.6333,true,1,301162
7290014397767,false,סנו ריצפז פרש הום כותנה מלטפת 2 ליטר,"סנו מפעלי ברונוס בע""",IL,ריצפז פרש הום כותנה,קילוגרמים,2.00,ליטר,false,,16.90,8.4500,true,1,271403
7290014397873,false,מרכך כביסה בבישום עוצמתי ג'נטל בריז,סנו מפעלי ברונוס בעמ,IL,מרכך מקסימה ג'נטל 4,קילוגרמים,4.00,ליטר,false,,21.50,5.3750,true,1,323752
7290014434790,false,מארז סוכריות קטנטנות טעמי פירות,"סוויט טיים פודסטופ בע""מ",CN,מאגדת סוכריות קטנטנו,גרמים,160.00,100 גרם,false,,9.90,6.1875,true,1,301880
7290014434837,false,סוכ. קטנות פרמידה 120גרם,"סוויט טיים פודסטופ בע""מ",CN,מאגדת סוכריות קטנטנו,גרמים,120.00,100 גרם,false,,9.90,8.2500,true,1,301879
7290014435360,false,חומוס עם רוטב חריף שמיר 400 גרם,"סלטי שמיר 2006 בע""מ",IL,חומוס עם רוטב חריף ש,גרמים,400.00,100 גרם,false,,10.90,2.7250,true,1,272441
7290014435377,false,חומוס עם רוטב מסבחה שמיר 400 גרם,סלטי שמיר 2006 בעמ,IL,חומוס עם רוטב מסבחה,גרמים,400.00,100 גרם,false,,10.90,2.7250,true,1,272442
7290014435384,false,חומוס עם טחינה מיוחדת שמיר 400 גרם,סלטי שמיר 2006 בעמ,IL,חומוס עם טחינה מיוחד,גרמים,400.00,100 גרם,false,,10.90,2.7250,true,1,272443
7290014435391,false,חומוס אורגינל עם גרגירים שמיר 400 גרם,"סלטי שמיר 2006 בע""מ",IL,חומוס עם גרגירים שמי,גרמים,400.00,100 גרם,false,,10.90,2.7250,true,1,272444
7290014435704,false,סלמון מעושן שמיר 100 גרם,שבעת הימים - שמיר,IL,סלמון מעושן שמיר סבן,גרמים,100.00,100 גרם,false,,16.90,16.9000,true,1,274112
7290014435803,false,פילה מטיאס הולנדי פרובנציאל שמיר 200 גרם,שבעת הימים - שמיר,IL,מטיאס הולנדי פרובנצי,גרמים,200.00,100 גרם,false,,16.90,8.4500,true,1,274126
7290014435810,false,נתחי הרינג כבוש עם בצל במרינת חמוץ מתוק שמיר 220 גרם,שבעת הימים - שמיר,IL,הרינג כבוש שמיר 220,גרמים,220.00,100 גרם,false,,16.90,7.6818,true,1,274128
7290014435827,false,פילה מקרל מעושן בשמן ויטהול 180 גר,"סלטי שמיר 2006 בע""מ",IL,פילה מקרל מעושן שמיר,גרמים,180.00,100 גרם,false,,18.90,10.5000,true,1,274124
7290014435834,false,מקרל מעושן פרוס בשמן שמיר 180 גרם,שבעת הימים - שמיר,IL,מקרל מעושן שמיר 180,גרמים,180.00,100 גרם,false,,21.90,12.1667,true,1,274125
7290014435841,false,פילה הרינג עם בצל בשמן מטיאס הולנדי שמיר 200 גרם,סלטי שמיר 2006 בעמ,IL,פילה מטיאס שמיר 200,גרמים,200.00,100 גרם,false,,16.90,8.4500,true,1,274127
7290014435872,false,סלט הרינג עם מיונז שמיר 200 גרם,שבעת הימים - שמיר,IL,סלט הרינג שמיר 200 ג,גרמים,200.00,100 גרם,false,,16.90,8.4500,true,1,274132
7290014435889,false,סלט מטיאס עם מיונז שמיר 200 גרם,שבעת הימים - שמיר,IL,סלט מטיאס שמיר 200 ג,גרמים,200.00,100 גרם,false,,16.90,8.4500,true,1,274133
7290014455245,false,גבינה גרנה פדנו משולש גד 200 גר',מחלבת סוציאלה מנטובה,IT,גבינה גרנה פדנו גד 2,גרמים,200.00,100 גרם,false,,23.90,11.9500,true,1,303540
7290014455320,false,גבינה כדורי מוצרלה פרסקה גד 100ג',מוצרלה פרסקה 2 ב 15,IL,גבינת מוצרלה פרסקה 1,גרמים,100.00,100 גרם,false,,9.90,9.9000,true,1,315493
7290014466876,true,יין גמלא סנגובזה 750,יקב רמת הגולן,,"יין גמלא סנגובזה 750 מ""ל בציר 2010",מיליליטרים,750.00,"100 מ""ל",false,1,55.90,7.4533,true,1,307762
7290014471412,false,"מוזלי בוטנים אגוזים ושקדים 1 ק""ג - ירוק שקדיה","דין שיווק וקלייה בע""",IL,מוזלי בוטנים אגוזים,פריט,1.00,"ק""ג",false,,19.90,19.9000,true,1,271360
7290014471429,false,"מיזלי עם פירות 1 ק""ג - סגול שקדיה","דין שיווק וקלייה בע""",IL,מוזלי פירות שקדיה 1,פריט,1.00,"ק""ג",false,,19.90,19.9000,true,1,271361
7290014471436,false,"מוזלי צימוקים תפוח קינמון וגרעיני חמניה 1 ק""ג כחול שקדיה","דין שיווק וקלייה בע""",IL,מוזלי צימוקים תפוח ק,פריט,1.00,"ק""ג",false,,19.90,19.9000,true,1,271362
7290014471443,false,"גרנולה צימוקים אגוזים ושקדים 1 ק""ג - כתום שקדיה","דין שיווק וקלייה בע""",IL,גרנולה אגוזים שקדיה,פריט,1.00,"ק""ג",false,,19.90,19.9000,true,1,271363
7290014472990,false,ממרח 100% שקדים שקדיה 300 גרם,ג'\י אנד ג'\י פקאנס בעמ,IL,ממרח שקדים שקדיה 300,גרמים,300.00,100 גרם,false,,27.90,9.3000,true,1,311236
7290014555013,false,נוזל רצפות מגיק מאסק,סאסאטק,IL,נוזל רצפות מגיק מאסק,קילוגרמים,4.00,ליטר,false,,9.90,2.4750,true,1,274648
7290014555082,false,מים מזוקקים 4 לט מקסול,סאסאטק,IL,מים מזוקקים מקסול 4,קילוגרמים,4.00,ליטר,false,,9.90,2.4750,true,1,269356
7290014555686,false,"שמפו לשיער רגיל 700 מ""ל נובו",סאסאטק,IL,שמפו נובו לשיער רגיל,מיליליטרים,700.00,"100 מ""ל",false,,5.90,0.8429,true,1,277368
7290014555693,false,"שמפו לשיער יבש צבוע 700 מ""ל נובו",סאסאטק,IL,שמפו נובו לשיער יבש/,מיליליטרים,700.00,"100 מ""ל",false,,5.90,0.8429,true,1,277369
7290014555709,false,"שמפו ומרכך 700 מ""ל נובו",סאסאטק,IL,שמפו ומרכך נובו 700,מיליליטרים,700.00,"100 מ""ל",false,,5.90,0.8429,true,1,278612
7290014555716,false,"נובו מרכך לכל סוגי שיער 700 מ""ל",סאסאטק,IL,מרכך נובו לכל סוגי ה,מיליליטרים,700.00,"100 מ""ל",false,,5.90,0.8429,true,1,277370
7290014555723,false,"תחליב רחצה אקזוטי 700 מ""ל נובו",סאסאטק,IL,תחליב נובו אקזוטי 70,מיליליטרים,700.00,"100 מ""ל",false,,5.90,0.8429,true,1,277371
7290014555730,false,"תחליב רחצה דבש 700 מ""ל נובו",סאסאטק,IL,תחליב נובו דבש 700 מ,מיליליטרים,700.00,"100 מ""ל",false,,5.90,0.8429,true,1,277372
7290014555747,false,"תחליב רחצה הרבל 700 מ""ל נובו",סאסאטק,IL,תחליב נובו הרבל 700,מיליליטרים,700.00,"100 מ""ל",false,,5.90,0.8429,true,1,277373
7290014555754,false,"תחליב רחצה בלוסום 700 מ""ל נובו",סאסאטק,IL,תחליב נובו בלוסום 70,מיליליטרים,700.00,"100 מ""ל",false,,5.90,0.8429,true,1,277374
7290014555778,false,"נובו ג'ל רחצה לגבר בלייז 700מ""ל",סאסאטק,IL,גל רחצה נובו לגבר בל,מיליליטרים,700.00,"100 מ""ל",false,,5.90,0.8429,true,1,277375
7290014555785,false,"נובו ג'ל רחצה לגבר וויב 700מ""ל",סאסאטק,IL,גל רחצה נובו לגבר וו,מיליליטרים,700.00,"100 מ""ל",false,,5.90,0.8429,true,1,277376
7290014562387,false,משקה גרגירים קמומיל בטר& דיפרנט 200ג',סילקו אם איי ספולקה,IL,תה גרגירים נמס טעם ק,גרמים,200.00,100 גרם,false,,17.90,8.9500,true,1,270506
7290014562394,false,משקה גרגירים שומר בטר& דיפרנט 200ג',סילקו אם איי ספולקה,IL,תה גרגירים נמס טעם ש,גרמים,200.00,100 גרם,false,,17.90,8.9500,true,1,270507
7290014562431,false,גרנולה עם שקדים 900 גרם,בטר אנד דיפרנט,IL,גרנולה עם שקדים 900,גרמים,900.00,100 גרם,false,,24.90,2.7667,true,1,273741
7290014562448,false,גרנולה עם רכז תפוח וקינמון,בטר אנד דיפרנט,IL,גרנולה עם תפוח וקנמו,גרמים,900.00,100 גרם,false,,24.90,2.7667,true,1,273740
7290014562455,false,גרנולה קינואה וציות900,בטר אנד דיפרנט,IL,גרנולה עם חמוציות 90,גרמים,900.00,100 גרם,false,,24.90,2.7667,true,1,273739
7290014562585,false,דייסה טעם וניל 200 גר' ב&ד,בטר אנד דיפרנט B&D,IL,דייסת וניל ב.ד 200 ג,גרמים,200.00,100 גרם,false,,9.90,4.9500,true,1,303133
7290014562998,false,דייסה קטניות מעורבות בטר 200 גרם,בטר אנד דיפרנט,IL,דייסת קטניות מעורבות,גרמים,200.00,100 גרם,false,,4.90,2.4500,true,1,304888
7290014581340,false,"פחם עץ הדרים 9 ק""ג",,,"פחם עץ הדרים 9 ק""ג",פריט,9.00,"ק""ג",false,,49.90,5.5444,true,1,276380
7290014593138,false,יין אהרונוף סינגל וי,יקב אהרונוף,IL,יין אהרונוף סינגל וי,מיליליטרים,750.00,"100 מ""ל",false,,119.90,15.9867,true,1,337202
7290014593152,false,יין אהרונוף הריטאג',יקב אהרונוף,IL,יין אהרונוף הריטאג',מיליליטרים,750.00,"100 מ""ל",false,,189.90,25.3200,true,1,337204
7290014692565,false,גרעיני תירס מתוק וילי פוד 320 גרם,אקו קונסרויפרי קי.אפ,HU,תירס גרעינים ויליפוד,גרמים,320.00,100 גרם,false,,4.90,1.5313,true,1,270958
7290014738935,false,יין בראשית מרלו 202,יקב בראשית,IL,יין בראשית מרלו 202,מיליליטרים,750.00,"100 מ""ל",false,,69.90,9.3200,true,1,335954
7290014738980,false,יין בראשית קברנה 202,יקב בראשית,IL,יין בראשית קברנה 202,מיליליטרים,750.00,"100 מ""ל",false,,69.90,9.3200,true,1,335955
7290014758162,false,חלב עיזים מלא 3.6% קרטון 1 ל' תנובה,תנובה מרכז שיתופי לש,IL,חלב עיזים תנובה 1 לי,קילוגרמים,1.00,ליטר,false,,13.90,13.9000,true,1,271935
7290014758681,false,קוטג תנובה 1% גביע 250 גרם,מיוצר עי קונדיטוריית,IL,קוטג 1% תנובה 250 גר,גרמים,250.00,100 גרם,false,,5.10,2.0400,true,1,270272
7290014759084,false,גבינת שמנת נפוליאון 16% מופחת שומן תנובה 225 גרם,תנובה מרכז שיתופי לש,IL,גבינת שמנת טבעי 16%,גרמים,225.00,100 גרם,false,,9.90,4.4000,true,1,272999
7290014759701,false,"מאגדת שמינייה יופלה מעודן בד""צ בנגיעות וניל",עדן קינוחים בעמ,IL,מארז יופלה וניל 8*15,פריט,1.20,"ק""ג",false,,14.90,12.4167,true,1,271986
7290014760141,false,משקה שקדים טרי תנובה 1 ליטר,תנובה Alternative,IL,משקה שקדים אלטרנטיב,קילוגרמים,1.00,ליטר,false,,9.90,9.9000,true,1,302172
7290014760912,false,פרוסות גבינה 28% שומן 400 ג' גוש חלב,תנובה מרכז שיתופי לש,IL,גבינה גוש חלב 400 גר,גרמים,400.00,100 גרם,false,,23.90,5.9750,true,1,274681
7290014761018,false,גיל בטעם וניל תנובה 125 גרם,תנובה מרכז שיתופי לש,IL,גיל בטעם וניל תנובה,גרמים,125.00,100 גרם,false,,1.30,1.0400,true,1,274861
7290014761056,false,מעדן שוקולד חלב יולו תנובה 123 גרם,מיוצר עי קונדיטוריית,IL,יולו שוקולד חלב 123,גרמים,123.00,100 גרם,false,,3.50,2.8455,true,1,276984
7290014761070,false,מעדן שוקולד לבן יולו תנובה 123 גרם,מיוצר עי קונדיטוריית,IL,יולו שוקולד לבן 123,גרמים,123.00,100 גרם,false,,3.50,2.8455,true,1,276985
7290014761193,false,יוגורט עם פירות יער 1.5% שומן 125 ג' פרילי,תנובה מרכז שיתופי לש,IL,פרילי פירות יער 125,מיליליטרים,125.00,"100 מ""ל",false,,2.90,2.3200,true,1,277585
7290014761254,false,"שמיניית יוגורט ביו 3% תנובה 150 גרם בד""ץ",תנובה מרכז שיתופי לש,IL,מארז יוגורט ביו תנוב,קילוגרמים,1.20,ליטר,false,,13.90,11.5833,true,1,276010
7290014761414,false,יולו מעדן שכבות שוקולד חלב ולבן 123 גר,מיוצר עי קונדיטוריית,IL,יולו שוקולד לבן וחלב,גרמים,123.00,100 גרם,false,,3.50,2.8455,true,1,276898
7290014761438,false,סמי מעדניה בולגרית פיראוס 24% קלאסית,תנובה מרכז שיתופי לש,IL,גבינה בולגרית 24% פי,גרמים,400.00,100 גרם,false,,19.90,4.9750,true,1,276262
7290014761612,false,מעדן שכבות שוקולד מריר ולבן יולו 122 גרם,מיוצר עי קונדיטוריית,IL,יולו שכבות שוקולד לב,גרמים,122.00,100 גרם,false,,3.50,2.8689,true,1,301704
7290014761698,false,"גבינת עמק 28% סמי חצי קשה 600 גרם בד""ץ",תנובה מרכז שיתופי לש,IL,גבינה עמק 28% 600 גר,גרמים,600.00,100 גרם,false,,26.90,4.4833,true,1,308928
7290014762800,false,"מעדן סויה בטעם שוקולד תנובה 125 מ""ל",תנובה מרכז שיתופי לש,IL,מעדן סויה שוקולד אלט,גרמים,125.00,100 גרם,false,,3.50,2.8000,true,1,312526
7290014762831,false,גבינת שמנת נפוליאון 16% עם פלפל חלפיניו תנובה 225 גרם,תנובה מרכז שיתופי לש,IL,גבינת שמנת פלפל חלפי,גרמים,225.00,100 גרם,false,,9.90,4.4000,true,1,306002
7290014763272,false,"משקה סויה ביו בטעם תות בננה ""תנובה""",תות תעשיות מזון (201,IL,משקה סויה תות בננה א,מיליליטרים,250.00,"100 מ""ל",false,,4.90,1.9600,true,1,312910
7290014763418,false,"כד יוגרט תנובה 4% שומן 1.5 ליטר, מהדרין",תנובה מרכז שיתופי לש,IL,משקה יוגורט 4% תנובה,קילוגרמים,1.50,ליטר,false,,14.90,9.9333,true,1,307795
7290014855595,false,מגבוני טואלט סופטי 6,D.P.L,IL,מגבוני טואלט סופטי 6,Unknown,0.00,יחידה,false,,19.90,0.0000,true,1,278665
7290014860070,false,"מקלוני אורז ללא גלוטן 5 מ""מ 454גר' (אור)",ניינטי נודל קו,TH,מקלוני אורז מזרח ומע,גרמים,454.00,100 גרם,false,,10.50,2.3128,true,1,324513
7290014860094,false,"מקלוני אורז ללא גלוטן 3מ""מ 454גר' (אור)",ניינטי נודל קו,TH,מקלוני אורז ללא גלו,גרמים,454.00,100 גרם,false,,9.90,2.1806,true,1,339498
7290014860155,false,מחצלת במבו שטוחה 24X24 ס'מ,גולין פנגזו,CN,מחצלת במבו שטוחה 24/,Unknown,0.00,יחידה,false,,7.90,0.0000,true,1,325762
7290014867253,false,אגוזים טחונים 400 גרם,דרומה י.א.ט בעמ,IL,אגוז מלך טחון דרומה,גרמים,400.00,100 גרם,false,,24.90,6.2250,true,1,319617
7290014867321,false,שקדים טחונים 400 גרם,דרומה י.א.ט בעמ,IL,שקד טחון דרומה 400 ג,גרמים,400.00,100 גרם,false,,24.90,6.2250,true,1,326692
7290014867338,false,שקד מולבן טחון דרומה,דרומה י.א.ט בעמ,IL,שקד מולבן טחון דרומה,גרמים,400.00,100 גרם,false,,24.90,6.2250,true,1,327755
7290014867345,false,שקד מולבן פרוס 400 גרם,דרומה י.א.ט בעמ,IL,שקד מולבן פרוס 400 ג,גרמים,400.00,100 גרם,false,,24.90,6.2250,true,1,330644
7290014867369,false,שקד מולבן שביבים 400 גרם,דרומה י.א.ט בעמ,IL,שקד מולבן שבבים 400,גרמים,400.00,100 גרם,false,,24.90,6.2250,true,1,330643
7290014867376,false,"מיץ תפוחים כשל""פ 1.89 לי",קדם,US,מיץ תפוחים גפן 1.89,קילוגרמים,1.89,ליטר,false,,19.90,10.5291,true,1,330687
7290014867383,false,מיץ חמוציות ענבים ות,קדם,US,מיץ חמוציות ענבים ות,קילוגרמים,1.89,ליטר,false,,26.90,14.2328,true,1,330690
7290014940901,false,לחם פשוט מלא אנג'ל 750 גרם,מאפיית שלמה א. אנג'\ל בע,IL,לחם פשוט מלא אנגל 75,גרמים,750.00,100 גרם,false,,14.90,1.9867,true,1,317754
7290014973060,false,סלמון הילטון בוואקום,"הרמס דגים בע""מ",IL,סלמון מעושן הרמס 100,גרמים,100.00,100 גרם,false,,16.90,16.9000,true,1,324453
7290014973190,false,נילוס מעושן פרוס הרמ,"הרמס דגים בע""מ",IL,נילוס מעושן פרוס הרמ,גרמים,200.00,100 גרם,false,,29.90,14.9500,true,1,325207
7290014973213,false,הרמס סלמון מעושן מדג,"הרמס דגים בע""מ",IL,סלמון מעושן מדג טרי,גרמים,200.00,100 גרם,false,,32.90,16.4500,true,1,323644
7290014973305,false,פילה הרינג לבן הרמס,"הרמס דגים בע""מ",IL,פילה הרינג לבן הרמס,גרמים,200.00,100 גרם,false,,12.90,6.4500,true,1,323638
7290014973374,false,פילה מקרל בשמן הרמס,"הרמס דגים בע""מ",IL,פילה מקרל בשמן הרמס,גרמים,200.00,100 גרם,false,,21.90,10.9500,true,1,323647
7290014973381,false,ממרח סלמון הרמס 200,"הרמס דגים בע""מ",IL,ממרח סלמון הרמס 200,גרמים,200.00,100 גרם,false,,19.90,9.9500,true,1,324997
7290014973411,false,הרמס סלמון מעושן מדג,"הרמס דגים בע""מ",IL,סלמון מעושן מדג טרי,גרמים,100.00,100 גרם,false,,16.90,16.9000,true,1,323648
7290014973480,false,הרמס טונה מעושן פרוס,"הרמס דגים בע""מ",IL,טונה מעושן קר פרוס ה,גרמים,200.00,100 גרם,false,,29.90,14.9500,true,1,325208
7290014973558,false,פילה סלמון גרבלקס הר,"הרמס דגים בע""מ",IL,פילה סלמון גרבלקס הר,גרמים,200.00,100 גרם,false,,29.90,14.9500,true,1,323711
7290014973640,false,פילה הרינג לבן הרמס,"הרמס דגים בע""מ",IL,פילה הרינג לבן הרמס,גרמים,200.00,100 גרם,false,,11.90,5.9500,true,1,330566
7290014973657,false,פילה הרינג אדום הרמס,"הרמס דגים בע""מ",IL,פילה הרינג אדום הרמס,גרמים,200.00,100 גרם,false,,11.90,5.9500,true,1,330567
7290014973664,false,איקרה אדומה הרמס 250,"הרמס דגים בע""מ",IL,איקרה אדומה הרמס 250,גרמים,250.00,100 גרם,false,,12.90,5.1600,true,1,331189
7290014973671,false,איקרה לבנה הרמס 250,"הרמס דגים בע""מ",IL,איקרה לבנה הרמס 250,גרמים,250.00,100 גרם,false,,12.90,5.1600,true,1,331190
7290015008020,false,נרות נשמה פחית ר.שמאי 24 שעות,,CN,נר נשמה שמאי 24 שעות,Unknown,0.00,יחידה,false,,1.20,0.0000,true,1,336268
7290015014205,false,תרד ארוז,בוסתן עשבי תיבול,IL,תרד ארוז,Unknown,0.00,יחידה,false,,11.90,0.0000,true,1,278419
7290015025836,false,שקיות הקפאה גדולות ז,אס סי גונסון ראסין,US,שקיות הקפאה גדולות ז,Unknown,0.00,יחידה,false,,19.90,0.0000,true,1,338043
7290015025843,false,שקיות סנדוויץ קטנות,תאי גריפיטס,TH,שקיות סנדוויץ קטנות,Unknown,0.00,יחידה,false,,24.90,0.0000,true,1,338044
7290015037006,false,כרוב לבן קצוץ 400 גר' חסלט ס. כפרי,יעל ירק עלים,IL,כרוב לבן 400 גרם,גרמים,400.00,100 גרם,false,,12.90,3.2250,true,1,302464
7290015037013,false,כרוב אדום קצוץ קילו חסלט ס. כפרי,יעל ירק עלים,IL,כרוב אדום קצוץ 400 ג,גרמים,400.00,100 גרם,false,,12.90,3.2250,true,1,272076
7290015037020,false,לקט קולסלאו 400 גר' חסלט ס. כפרי,יעל ירק עלים,IL,סלט קולסלאו 400 גרם,גרמים,400.00,100 גרם,false,,12.90,3.2250,true,1,313790
7290015037037,false,חסה אייסברג 280 גר' חסלט ס. כפרי,יעל ירק עלים,IL,חסה קצוצה 300 גרם,גרמים,310.00,100 גרם,false,,13.90,4.4839,true,1,313787
7290015037044,false,לקט ים תיכוני 320 גר' ס. כפרי,יעל ירק עלים,IL,לקט ים תיכוני 350 גר,גרמים,400.00,100 גרם,false,,13.90,3.4750,true,1,313788
7290015039253,false,עלי גפן במי מלח ויליפוד 620 גרם,קוראהן פזלרמה וי דיס,TR,עלי גפן ויליפוד 620,גרמים,620.00,100 גרם,false,,8.90,1.4355,true,1,274656
7290015057110,false,מקלות חמוצים בטעם תות 20גרם טעמן,אלבן מזון תעשיות ומס,TR,מקלות חמוצים בטעם תו,גרמים,20.00,100 גרם,false,,1.50,7.5000,true,1,322135
7290015057127,false,מקלות חמוצים בטעם קולה 20 גרם טעמן,אלבן מזון תעשיות ומס,TR,מקלות חמוצים בטעם קו,גרמים,20.00,100 גרם,false,,1.50,7.5000,true,1,322136
7290015057134,false,מקלות חמוצים בטעם פטל 20 גרם טעמן,אלבן מזון תעשיות ומס,TR,מקלות חמוצים בטעם פט,גרמים,20.00,100 גרם,false,,1.50,7.5000,true,1,322137
7290015139052,false,מרשמלו טוויסטר 500 ג,כרמית,IL,מרשמלו טוויסטר 500 ג,גרמים,500.00,100 גרם,false,,13.90,2.7800,true,1,273699
7290015150361,false,תה ירוק נענע סטיביה ויסוצקי 25 יחידות,ויסוצקי ירוק,IL,תה ירוק נענע סטיביה,גרמים,38.00,100 גרם,false,,19.90,52.3684,true,1,302155
7290015251174,false,"שלישיית סבון ידים ירוק נובו 500 מ""ל",סאסאטק,IL,אל סבון נובו פרש ירו,קילוגרמים,1.50,ליטר,false,,9.90,6.6000,true,1,274650
7290015251181,false,"שלישיית סבון ידים כחול 500 מ""ל נובו",סאסאטק,IL,אל סבון נובו אנרגי כ,קילוגרמים,1.50,ליטר,false,,9.90,6.6000,true,1,274651
7290015251198,false,"שלישיית סבון ידים סגול 500 מ""ל נובו",סאסאטק,IL,אל סבון נובו רילקס ס,קילוגרמים,1.50,ליטר,false,,9.90,6.6000,true,1,274649
7290015251204,false,"נובו שלישיית סבון ידיים ורוד 500מ""ל",סאסאטק,IL,אל סבון נובו פלוראל,קילוגרמים,1.50,ליטר,false,,9.90,6.6000,true,1,274652
7290015258289,false,יין מצודה אחירם מרלו,יקב המצודה,IL,יין מצודה אחירם מרלו,מיליליטרים,750.00,"100 מ""ל",false,,159.90,21.3200,true,1,333095
7290015279253,false,יין עמק יזרעאל דואט,יקב עמק יזרעאל,IL,יין עמק יזרעאל דואט,מיליליטרים,750.00,"100 מ""ל",false,,139.90,18.6533,true,1,336058
7290015282581,false,חומוס אבו גוש עם חריף שמיר 200 גרם,"סלטי שמיר 2006 בע""מ",IL,חומוס עם חריף שמיר ג,גרמים,200.00,100 גרם,false,,10.90,5.4500,true,1,275520
7290015282604,false,טחינה מיוחדת גורמה שמיר 200 גרם,"סלטי שמיר 2006 בע""מ",IL,טחינה מיוחדת שמיר בי,גרמים,200.00,100 גרם,false,,10.90,5.4500,true,1,275522
7290015282628,false,חציל בטעם כבד גורמה שמיר 200 גרם,"סלטי שמיר 2006 בע""מ",IL,חציל בטעם כבד שמיר ג,גרמים,200.00,100 גרם,false,,10.90,5.4500,true,1,275524
7290015282635,false,חומוס מסבחה גורמה שמיר 200 גרם,"סלטי שמיר 2006 בע""מ",IL,חומוס מסבחה שמיר גור,גרמים,200.00,100 גרם,false,,10.90,5.4500,true,1,275525
7290015282673,false,חציל במיונז ביתי גורמה שמיר 200 גרם,"סלטי שמיר 2006 בע""מ",IL,חציל במיונז שמיר גור,גרמים,200.00,100 גרם,false,,10.90,5.4500,true,1,275530
7290015282697,false,כרוב אדום שמיר גורמה 200גר,"סלטי שמיר 2006 בע""מ",IL,כרוב אדום שמיר גורמה,גרמים,200.00,100 גרם,false,,10.90,5.4500,true,1,275532
7290015282710,false,קוביות סלק גורמה שמיר 200 גרם,"סלטי שמיר 2006 בע""מ",IL,קוביות סלק שמיר גורמ,גרמים,200.00,100 גרם,false,,10.90,5.4500,true,1,275534
7290015282727,false,גזר מרוקאי ברוטב פיקנטי אסלי שמיר 200 ג',"סלטי שמיר 2006 בע""מ",IL,גזר מרוקאי שמיר גורמ,גרמים,200.00,100 גרם,false,,10.90,5.4500,true,1,275535
7290015282734,false,מטבוחה ביתית גורמה שמיר 200 גרם,"סלטי שמיר 2006 בע""מ",IL,מטבוחה שמיר גורמה 20,גרמים,200.00,100 גרם,false,,10.90,5.4500,true,1,275536
7290015282741,false,חציל תאילנדי אסלי שמיר 200 ג',"סלטי שמיר 2006 בע""מ",IL,חציל תאילנדי שמיר גו,גרמים,200.00,100 גרם,false,,10.90,5.4500,true,1,275537
7290015321167,false,פפריקה מתוקה בשמן פר,תבליני הדור השלישי,IL,פפריקה מתוקה בשמן פר,גרמים,250.00,100 גרם,false,,21.90,8.7600,true,1,278458
7290015321174,false,פפריקה מתוקה פרג 300,תבליני הדור השלישי,IL,פפריקה מתוקה פרג 300,גרמים,300.00,100 גרם,false,,21.90,7.3000,true,1,278082
7290015321181,false,פפריקה חריפה בשמן פר,תבליני הדור השלישי,IL,פפריקה חריפה בשמן פר,גרמים,250.00,100 גרם,false,,21.90,8.7600,true,1,278084
7290015321198,false,פפריקה חריפה פרג 300,תבליני הדור השלישי,IL,פפריקה חריפה פרג 300,גרמים,300.00,100 גרם,false,,21.90,7.3000,true,1,278085
7290015321204,false,כורכום פרג 320 גרם,תבליני הדור השלישי,IL,כורכום פרג 320 גרם,גרמים,320.00,100 גרם,false,,21.90,6.8437,true,1,278080
7290015321211,false,כמון פרג 250 גרם,תבליני הדור השלישי,IL,כמון פרג 250 גרם,גרמים,250.00,100 גרם,false,,21.90,8.7600,true,1,278079
7290015321235,false,מקלות קינמון פרג 150,תבליני הדור השלישי,IL,מקלות קינמון פרג 150,גרמים,150.00,100 גרם,false,,21.90,14.6000,true,1,278460
7290015321242,false,קינמון טחון פרג 250,תבליני הדור השלישי,IL,קינמון טחון פרג 250,גרמים,250.00,100 גרם,false,,21.90,8.7600,true,1,278461
7290015321280,false,צילי פרג 230 גרם,תבליני הדור השלישי,IL,צילי פרג 230 גרם,גרמים,230.00,100 גרם,false,,21.90,9.5217,true,1,278465
7290015321297,false,גריל עוף פרג 250 גרם,תבליני הדור השלישי,IL,גריל עוף פרג 250 גרם,גרמים,250.00,100 גרם,false,,21.90,8.7600,true,1,278466
7290015321303,false,תבלין לסטיק פרג 250,תבליני הדור השלישי,IL,תבלין לסטיק פרג 250,גרמים,250.00,100 גרם,false,,21.90,8.7600,true,1,278083
7290015321310,false,תבלין לשווארמה פרג 2,תבליני הדור השלישי,IL,תבלין לשווארמה פרג 2,גרמים,250.00,100 גרם,false,,21.90,8.7600,true,1,278467
7290015321327,false,תבלין לדגים פרג 250,תבליני הדור השלישי,IL,תבלין לדגים פרג 250,גרמים,250.00,100 גרם,false,,21.90,8.7600,true,1,278081
7290015321334,false,קארי פרג 250 גרם,תבליני הדור השלישי,IL,קארי פרג 250 גרם,גרמים,250.00,100 גרם,false,,21.90,8.7600,true,1,278468
7290015321341,false,חוואיג למרק פרג 250,תבליני הדור השלישי,IL,חוואיג למרק פרג 250,גרמים,250.00,100 גרם,false,,21.90,8.7600,true,1,278469
7290015321358,false,חוואיג לקפה פרג 200,תבליני הדור השלישי,IL,חוואיג לקפה פרג 200,גרמים,200.00,100 גרם,false,,21.90,10.9500,true,1,278470
7290015321365,false,זעתר פרג 240 גרם,תבליני הדור השלישי,IL,זעתר פרג 240 גרם,גרמים,240.00,100 גרם,false,,21.90,9.1250,true,1,278471
7290015321389,false,פטרוזיליה פרג 80 גרם,תבליני הדור השלישי,IL,פטרוזיליה פרג 80 גרם,גרמים,80.00,100 גרם,false,,21.90,27.3750,true,1,278473
7290015321396,false,בזיליקום פרג 80 גרם,תבליני הדור השלישי,IL,בזיליקום פרג 80 גרם,גרמים,80.00,100 גרם,false,,21.90,27.3750,true,1,278474
7290015321402,false,כוסברה פרג 60 גרם,תבליני הדור השלישי,IL,כוסברה פרג 60 גרם,גרמים,60.00,100 גרם,false,,21.90,36.5000,true,1,278448
7290015321419,false,שמיר פרג 80 גרם,תבליני הדור השלישי,IL,שמיר פרג 80 גרם,גרמים,80.00,100 גרם,false,,21.90,27.3750,true,1,278447
7290015321426,false,אורגנו פרג 120 גרם,תבליני הדור השלישי,IL,אורגנו פרג 120 גרם,גרמים,120.00,100 גרם,false,,21.90,18.2500,true,1,278478
7290015321433,false,רוזמרין פרג 80 גרם,תבליני הדור השלישי,IL,רוזמרין פרג 80 גרם,גרמים,300.00,100 גרם,false,,21.90,7.3000,true,1,278475
7290015321440,false,עלי דפנה פרג 25 גרם,תבליני הדור השלישי,IL,עלי דפנה פרג 25 גרם,גרמים,25.00,100 גרם,false,,21.90,87.6000,true,1,278477
7290015321457,false,טימין פרג 80 גרם,תבליני הדור השלישי,IL,טימין פרג 80 גרם,גרמים,80.00,100 גרם,false,,21.90,27.3750,true,1,278476
7290015339483,false,ערמונים קלופים וקלויים טעמן 100ג',טאנגשאלן היואן פוד,IL,ערמונים קלופיים וקלו,גרמים,100.00,100 גרם,false,,4.90,4.9000,true,1,278508
7290015339605,false,"שוקולד לבן חלב ואגוזים בד""ץ טעמן",אלבה שוקולד,,שוקולד טעמן לבן נוגט,גרמים,100.00,100 גרם,false,,7.90,7.9000,true,1,305238
7290015339612,false,שוקולד חלב קרם אגוזים 100 גרם טעמן.,אלבה שוקולד,CH,שוקולד טעמן חלב אגוז,גרמים,100.00,100 גרם,false,,7.90,7.9000,true,1,305236
7290015339629,false,שוקולד חלב שברי אגוזים 100 גרם טעמן,הלל תעשיות,IL,שוקולד טעמן חלב שברי,גרמים,100.00,100 גרם,false,,7.90,7.9000,true,1,305239
7290015339643,false,שוקולד מריר 100 גרם טעמן.,הלל תעשיות,CH,שוקולד טעמן מריר 100,גרמים,100.00,100 גרם,false,,7.90,7.9000,true,1,305235
7290015339650,false,"שוקולד חלבי בד""ץ 100 גרם",אלבה שוקולד,CH,שוקולד טעמן חלב 100,גרמים,100.00,100 גרם,false,,7.90,7.9000,true,1,305234
7290015341837,false,עוגיות ואטוריס לייט 350 גר',אנטיקביץ,IL,עוגיות פרימיום ללא ס,גרמים,350.00,100 גרם,false,,11.90,3.4000,true,1,337882
7290015347037,false,קקאו מיה 800 גרם,מיה תעשיות מזון בעמ,IL,קקאו מיה 800 גרם,גרמים,800.00,100 גרם,false,,18.90,2.3625,true,1,273330
7290015347068,false,קוקוס מיה 250 גרם,מיה תעשיות מזון בעמ,IL,קוקוס מיה 250 גרם,גרמים,250.00,100 גרם,false,,7.90,3.1600,true,1,275361
7290015347075,false,שומשום מיה 250 גרם,מיה תעשיות מזון בעמ,IL,שומשום מיה 250 גרם,גרמים,250.00,100 גרם,false,,6.90,2.7600,true,1,275362
7290015347150,false,שומשום סלקטד מיה 400 גרם,מיה תעשיות מזון מ.ת.מ. ב,IL,שומשום סלקטד 400 גרם,גרמים,400.00,100 גרם,false,,16.90,4.2250,true,1,316929
7290015347167,false,קינואה לבנה סלקטד מיה 500 גרם,מיה תעשיות מזון בעמ,IL,קינואה סלקטד 500 גרם,גרמים,500.00,100 גרם,false,,16.90,3.3800,true,1,315819
7290015347181,false,"שעועית לבנה סלקטד ק'ג מיה 1 ק""ג",מיה תעשיות מזון מ.ת.מ. ב,IL,שעועית לבנה סלקטד 1,פריט,1.00,"ק""ג",false,,13.90,13.9000,true,1,276956
7290015347198,false,קוואקר סלקטד מיה 700 גר',מיה תעשיות מזון מ.ת.מ. ב,IL,קוואקר סלקטד 700 גרם,גרמים,700.00,100 גרם,false,,9.90,1.4143,true,1,276959
7290015347204,false,"חומוס גדול סלקטד מיה 1 ק""ג",מיה תעשיות מזון מ.ת.מ. ב,IL,חומוס גדול סלקטד 1 ק,פריט,1.00,"ק""ג",false,,13.90,13.9000,true,1,276955
7290015347211,false,"גריסי פנינה סלקטד 1 ק""ג",מיה תעשיות מזון מ.ת.מ. ב,IL,גריסי פנינה סלקטד 1,פריט,1.00,"ק""ג",false,,14.90,14.9000,true,1,276957
7290015347501,false,אבקת אפיה מיה 36 יח,מיה תעשיות מזון בעמ,IL,אבקת אפיה מיה 36 יח,גרמים,360.00,100 גרם,false,,5.90,1.6389,true,1,309085
7290015347518,false,סוכר וניל מיה 36 יח,מיה תעשיות מזון בעמ,IL,סוכר וניל מיה 36 יח,גרמים,360.00,100 גרם,false,,5.90,1.6389,true,1,309086
7290015347532,false,צ'יפס בטטה עם שמן זית ועשבי תיבול מיה 100 גרם,מיה תעשיות מזון בעמ,IL,חטיף ציפס בטטה עם שמ,גרמים,80.00,100 גרם,false,,6.90,8.6250,true,1,311393
7290015347556,false,גבישי שום בצנצנת מיה 300 גרם,מיה תעשיות מזון בעמ,IL,גבישי שום מיה 300 גר,גרמים,300.00,100 גרם,false,,16.90,5.6333,true,1,322081
7290015347563,false,סוכר דמררה שקית בון,מיה תעשיות מזון בעמ,IL,סוכר דמררה שקית בון,פריט,1.40,"ק""ג",false,,11.90,8.5000,true,1,302899
7290015347679,false,"תבלין צ'ילי גרוס 70 גר' צנצנת כשל""פ",מיה תעשיות מזון מ.ת.מ. ב,IL,צילי גרוס מיה 70 גרם,גרמים,70.00,100 גרם,false,,5.90,8.4286,true,1,305168
7290015347686,false,תבלין צ'ילי גרוס 50 גר' שקית,מיה תעשיות מזון מ.ת.מ. ב,IL,צילי שקית מיה 50 גרם,גרמים,50.00,100 גרם,false,,4.90,9.8000,true,1,305169
7290015347709,false,אגוז מוסקט טחון בצנ מיה 70 גרם,מיה תעשיות מזון מ.ת.מ. ב,IL,אגוז מוסקט מיה 70 גר,גרמים,70.00,100 גרם,false,,9.90,14.1429,true,1,305021
7290015347723,false,אורז פרסי סלקטד 1.8,מיה תעשיות מזון בעמ,IL,אורז פרסי סלקטד 1.8,פריט,1.80,"ק""ג",false,,16.90,9.3889,true,1,310399
7290015347945,false,שעועית מעורבת אינדיר,מיה תעשיות מזון בעמ,IL,שעועית מעורבת אינדיר,פריט,1.40,"ק""ג",false,,16.90,12.0714,true,1,312609
7290015347952,false,שיבולת שועל עבה אינד,מיה תעשיות מזון בעמ,IL,שיבולת שועל עבה אינד,גרמים,750.00,100 גרם,false,,5.90,0.7867,true,1,313533
7290015347969,false,שיבולת שועל דק אינדי,מיה תעשיות מזון בעמ,IL,שיבולת שועל דק אינדי,גרמים,750.00,100 גרם,false,,5.90,0.7867,true,1,313534
7290015347990,false,מארז שמיניית עדשי שוקולד מיה 160 גרם,מיה תעשיות מזון בעמ,IL,מארז 1/8 עדשי שוקול,גרמים,160.00,100 גרם,false,,8.90,5.5625,true,1,312889
7290015350037,false,יין קברנה סוביניון סנדרס,יקבי ברקן,IL,יין קברנה סוביניון ס,מיליליטרים,750.00,"100 מ""ל",false,,22.90,3.0533,true,1,335110
7290015350044,false,אמרלד ריזלינג סנדר'ס .,יקבי ברקן,IL,יין אמרלד ריזלינג סנ,מיליליטרים,750.00,"100 מ""ל",false,,19.90,2.6533,true,1,335109
7290015350143,false,"יין פריי פאן מרלו 750 מ""ל",סי.זי.איי.אס בעמ,IL,יין אדום פרי ראן מר,מיליליטרים,750.00,"100 מ""ל",false,,59.90,7.9867,true,1,327551
7290015350402,false,"יין רזרב מוסקטו ורוד חצי יבש ברקן 750 מ""ל",יקבי ברקן Barkan,IL,יין רזרב מוסקט ורוד,מיליליטרים,750.00,"100 מ""ל",false,,38.90,5.1867,true,1,339583
7290015374002,false,סיגרים בטעם בשר אלקי,חטיפי אלקיים בעמ,IL,סיגרים בטעם בשר אלקי,פריט,1.00,"ק""ג",false,,21.90,21.9000,true,1,276275
7290015374019,false,סיגרים במילוי תפוא א,חטיפי אלקיים בעמ,IL,סיגרים במילוי תפוא א,פריט,1.00,"ק""ג",false,,21.90,21.9000,true,1,276276
7290015374033,false,פסטלים תפוא אלקיים 1,חטיפי אלקיים בעמ,IL,פסטלים תפוא אלקיים 1,פריט,1.00,"ק""ג",false,,21.90,21.9000,true,1,276277
7290015374040,false,אגרול סיני ירקות אלק,חטיפי אלקיים בעמ,IL,אגרול סיני ירקות אלק,פריט,1.00,"ק""ג",false,,21.90,21.9000,true,1,276278
7290015374262,false,חטיפי תפוא במילוי תי,חטיפי אלקיים בעמ,IL,חטיפי תפוא במילוי תי,פריט,1.00,"ק""ג",false,,21.90,21.9000,true,1,276281
7290015470094,false,טוסו שוקולד מריר תפוז ללא סוכר 100גרם,אלטינמארקה,TR,שוקולד מריר בטעם תפו,גרמים,100.00,100 גרם,false,,8.90,8.9000,true,1,335393
7290015581301,false,צלחות קנה סוכר גדולו,,IN,צלחות קנה סוכר גדולו,Unknown,0.00,יחידה,false,,29.90,0.0000,true,1,335868
7290015581318,false,צלחות קנה סוכר קטנות,,IN,צלחות קנה סוכר קטנות,Unknown,0.00,יחידה,false,,9.90,0.0000,true,1,335869
7290015581325,false,קערות קנה סוכר 80 יח,,IN,קערות קנה סוכר 80 יח,Unknown,0.00,יחידה,false,,19.90,0.0000,true,1,336953
7290015581332,false,לפתניות קנה סוכר 80,,IN,לפתניות קנה סוכר 80,Unknown,0.00,יחידה,false,,19.90,0.0000,true,1,336954
7290015603188,false,אטריות ביצים 454ג' (כ) (fu),פוגיאן לונגהי אנלידה אינ,CN,אטריות ביצים מזרח ומ,גרמים,454.00,100 גרם,false,,10.50,2.3128,true,1,324506
7290015603201,false,אטריות מחיטה מלאה 454ג' (כ) (fu),קסמיאן קסינגשנג פודסטטפס,CN,אטריות חיטה מלאה מזר,גרמים,454.00,100 גרם,false,,10.50,2.3128,true,1,331850
7290015603218,false,אטריות עם עגבניה מזרח מערב 454 גרם,פוגקן לונגהי אנלידה,CN,אטריות עם עגבניה מזר,גרמים,454.00,100 גרם,false,,10.50,2.3128,true,1,324507
7290015603225,false,איטריות בתוספת גזר 454 גרם,פוגקן לונגהי אנלידה,CN,אטריות עם גזר מזרח ו,גרמים,454.00,100 גרם,false,,10.50,2.3128,true,1,339495
7290015603232,false,איטריות בתוספת דלעת 454 גרם,פוגקן לונגהי אנלידה,CN,אטריות עם דלעת מזרח,גרמים,454.00,100 גרם,false,,10.50,2.3128,true,1,339496
7290015603522,false,"נוזל אגוזי קוקוס 5%-7% 400 מ""ל",אסי אטיק גרו אינדוסט,TH,נוזל קוקוס 5-7% מזרח,מיליליטרים,400.00,"100 מ""ל",false,,5.90,1.4750,true,1,335226
7290015603546,false,שימורי קרם קוקוס 17-19% 400 מל ASIATIC,אסיאטיק אגרו אינדסטר,TH,קרם קוקוס 17-19% מזר,מיליליטרים,400.00,"100 מ""ל",false,,8.50,2.1250,true,1,324514
7290015603560,false,"שימורי קרם קוקוס 20-22% 400 מ""ל (ASIATIC)(כ)",אסיאטיק אגרו אינדוסטרי,TH,קרם קוקוס 20-22% מזר,מיליליטרים,400.00,"100 מ""ל",false,,9.70,2.4250,true,1,325760
7290015603584,false,ג'ינגר לבן כבוש ללא מונוסודיום 160 גרם (כ),לאיווי איפנג פודס קו,CN,ג'ינגר לבן כבוש מזרח,גרמים,160.00,100 גרם,false,,7.90,4.9375,true,1,324508
7290015603591,false,גינגר ורוד כבוש ללא מונוסודיום 160 גרם,ננטונג הידה אקוטיק פ,CN,ג'ינגר כבוש ורוד מזר,גרמים,160.00,100 גרם,false,,6.90,4.3125,true,1,339501
7290015644297,false,שישיית לחמניות פשוט מלא אנג'ל 450 גרם,מאפיית שלמה א. אנג'\ל בע,IL,לחמניות קמח מלא אנגל,גרמים,450.00,100 גרם,false,,11.90,2.6444,true,1,317784
7290015652070,false,קשוי קלוי בשקית ששון הקולה 150 גרם,"דין שיווק וקלייה בע""",IL,קשיו קלויים 150 גרם,גרמים,150.00,100 גרם,false,,9.90,6.6000,true,1,285952
7290015652087,false,תערובת פיצוחים בשקית ששון הקולה 150 גרם,"דין שיווק וקלייה בע""",IL,תערובת פיצוחים 150 ג,גרמים,150.00,100 גרם,false,,10.00,6.6667,true,1,285951
7290015652254,false,גרעיני חמניה קלויים 400 גרם ששון הקלה,"דין שיווק וקלייה בע""",IL,גרעין שחור 500 גרם,גרמים,500.00,100 גרם,false,,10.00,2.0000,true,1,312145
7290015652261,false,בוטנים קלויים ששון הקולה 350 גרם,"דין שיווק וקלייה בע""",IL,בוטן קלויים 350 גרם,גרמים,350.00,100 גרם,false,,10.00,2.8571,true,1,312144
7290015652278,false,תערובת פיצוחים ששון הקולה 300 גרם,"דין שיווק וקלייה בע""",IL,תערובת פיצוחים 300 ג,גרמים,300.00,100 גרם,false,,20.00,6.6667,true,1,305769
7290015652292,false,קבוקים עם שומשום ששון הקולה 400 גרם,"דין שיווק וקלייה בע""",IL,קבוקים 400 גרם,גרמים,400.00,100 גרם,false,,10.00,2.5000,true,1,312148
7290015652322,false,בוטנים אמריקאיים מצופים 400 גר ששון הקלה,"דין שיווק וקלייה בע""",IL,בוטן אמריקאי 400 גרם,גרמים,400.00,100 גרם,false,,10.00,2.5000,true,1,312143
7290015652407,false,פיסטוק קלוי ששון הקולה 250 גרם,"דין שיווק וקלייה בע""",IL,פיסטוק 250 גרם,גרמים,250.00,100 גרם,false,,20.00,8.0000,true,1,312151
7290015652506,false,"נוזל קוקוס דל קלוריות סו שף 400 מ""ל",תאי קוקונט פבליק קומפני,TH,נוזל קוקוס דל קלוריו,מיליליטרים,400.00,"100 מ""ל",false,,6.90,1.7250,true,1,303655
7290015652513,false,תערובת תבלינים לסטייק ובשרים על האש,"דין שיווק וקליה בע""מ",IL,תערובת לסטייק אהרוני,גרמים,150.00,100 גרם,false,,9.90,6.6000,true,1,302931
7290015652520,false,"תערובת השף עשבי תיבול ושום לתיבול דגים, עופות, מאפים ועוד","דין שיווק וקליה בע""מ",IL,תערובת השף אהרוני 70,גרמים,70.00,100 גרם,false,,9.90,14.1429,true,1,302933
7290015652537,false,"תערובת תיבול פלפל, לימון פרסי ושום לבשר ותבשילים","דין שיווק וקליה בע""מ",IL,תבלין פלפל לימון ושו,גרמים,130.00,100 גרם,false,,9.90,7.6154,true,1,302929
7290015652544,false,אהרוני גריל עוף ארומטי 130 גר,"נווה התבלין בע""מ",IL,גריל עוף ארומטי אהרו,גרמים,130.00,100 גרם,false,,9.90,7.6154,true,1,302925
7290015652551,false,תערובת תיבול זעתר ושומשום בלדי,"נווה התבלין בע""מ",IL,זעתר ושומשום בלדי אה,גרמים,150.00,100 גרם,false,,9.90,6.6000,true,1,302928
7290015652568,false,אהרוני עשבי טיבול לדגים 70 גר,"דין שיווק וקליה בע""מ",IL,עשבי תיבול לדג אהרונ,גרמים,70.00,100 גרם,false,,9.90,14.1429,true,1,302932
7290015652575,false,תערובת תיבול ראס אל חנות,"דין שיווק וקליה בע""מ",IL,תבלין ראס אל חנות אה,גרמים,150.00,100 גרם,false,,9.90,6.6000,true,1,302927
7290015652582,false,חריימה דג אהרוני 150 גרם,"דין שיווק וקליה בע""מ",IL,תבלין לחריימה דג אהר,גרמים,150.00,100 גרם,false,,9.90,6.6000,true,1,302926
7290015652599,false,תערובת מתובלת להכנת צלי בקר,"דין שיווק וקליה בע""מ",IL,תבלין צלי בקר אהרוני,גרמים,120.00,100 גרם,false,,9.90,8.2500,true,1,302930
7290015710060,false,ביצים 18 יח' גדול מש,ביצי משק דוידי,IL,ביצים 18 יח' גדול מש,Unknown,18.00,יחידה,false,,18.00,1.0000,true,1,338454
7290015710701,false,ביצי חופש 30 יח' גדו,משק דוידי,IL,ביצי חופש 30 יח' גדו,Unknown,30.00,יחידה,false,,39.90,1.3300,true,1,339674
7290015710749,false,מארז ביצים גדול 2*30,משק דוידי,IL,מארז ביצים גדול 2*30,Unknown,60.00,יחידה,false,,59.90,0.9983,true,1,338474
7290015733205,false,תרכובת מזון לתינוקות חלבי שלב 1 אקסטרה קר מהדרין,נסטלה,IL,מטרנה אקסטרה קר שלב,גרמים,700.00,100 גרם,false,,56.90,8.1286,true,1,316070
7290015733229,false,תרכובת מזון לתינוקות חלבי שלב 2 אקסטרה קר מהדרין,מטרנה,IL,מטרנה אקסטרה קר שלב,גרמים,700.00,100 גרם,false,,56.90,8.1286,true,1,316069
7290015733243,false,מטרנה אקסטרה קייר מהדרין שלב 3 700 גרם,מטרנה תעשיות ש.מ.,IL,מטרנה אקסטרה קר שלב,גרמים,700.00,100 גרם,false,,56.90,8.1286,true,1,316068
7290015781008,false,"יין VISION מרלו אדום טפרברג 750 מ""ל","יקב טפרברג 1870 בע""מ",IL,יין ויזן מרלו,מיליליטרים,750.00,"100 מ""ל",false,,32.90,4.3867,true,1,301884
7290015781015,false,"יין VISION מלבק טפרברג 750 מ""ל","יקב טפרברג 1870 בע""מ",IL,יין ויזן מלבק,מיליליטרים,750.00,"100 מ""ל",false,,32.90,4.3867,true,1,301885
7290015781053,false,"יין VISION לבן יבש טפרברג 750 מ""ל","יקב טפרברג 1870 בע""מ",IL,יין ויזן לבן יבש,מיליליטרים,750.00,"100 מ""ל",false,,32.90,4.3867,true,1,301888
7290015781091,false,"יין VISION קברנה סוביניון טפרברג 750 מ""ל","יקב טפרברג 1870 בע""מ",IL,יין ויזן קברנה סובינ,מיליליטרים,750.00,"100 מ""ל",false,,32.90,4.3867,true,1,301883
7290015781107,false,"יין סנג'ובזה 750 מ""ל IMPRESSION","יקב טפרברג 1870 בע""מ",IL,יין אימפרשן סנגובזה,מיליליטרים,750.00,"100 מ""ל",false,,49.90,6.6533,true,1,301894
7290015781114,false,"יין IMPRESSION מרלו טפרברג 750 מ""ל","יקב טפרברג 1870 בע""מ",IL,יין אימפרשן מרלו,מיליליטרים,750.00,"100 מ""ל",false,,49.90,6.6533,true,1,301892
7290015781121,false,"יין IMPRESSION קברנה סוביניון יבש טפרברג 750 מ""ל","יקב טפרברג 1870 בע""מ",IL,יין אימפרשן קברנה סו,מיליליטרים,750.00,"100 מ""ל",false,,49.90,6.6533,true,1,301891
7290015781138,false,"יין שרדונה 750 מ""ל IMPRESSION","יקב טפרברג 1870 בע""מ",IL,יין אימפרשן שרדונה 7,מיליליטרים,750.00,"100 מ""ל",false,,49.90,6.6533,true,1,301898
7290015781275,false,"יין מוסקטו לבן 750 מ""ל MOSCATO","יקב טפרברג 1870 בע""מ",IL,יין טפרברג מוסקטו לב,מיליליטרים,750.00,"100 מ""ל",false,,39.90,5.3200,true,1,301889
7290015781299,false,"יין VISION שיראז אדום טפרברג 750 מ""ל","יקב טפרברג 1870 בע""מ",IL,יין ויזן שיראז,מיליליטרים,750.00,"100 מ""ל",false,,32.90,4.3867,true,1,301886
7290015781305,false,"יין אימפרשן סירה 750 מ""ל","יקב טפרברג 1870 בע""מ",IL,יין אימפרשן סירה,מיליליטרים,750.00,"100 מ""ל",false,,49.90,6.6533,true,1,301893
7290015781657,false,"יין אלגרו למברוסקו רוזה, 750 מ""ל",יקב טפרברג 1870 בעמ,IL,יין אלגרו למבורסקו ר,מיליליטרים,750.00,"100 מ""ל",false,,34.90,4.6533,true,1,324297
7290015821728,false,נר נשמה 48 שעות מאור,פאלאס,CN,נר נשמה 48 שעות מאור,Unknown,0.00,יחידה,false,,3.90,0.0000,true,1,339355
7290015856256,false,קרקר עם מלח בריידמן,אפיפית נצרת תעשיות ב,IL,קרקר עם מלח בריידמן,פריט,1.20,"ק""ג",false,,19.90,16.5833,true,1,317431
7290015856263,false,קרקר עם שומשום ברייד,אפיפית נצרת תעשיות ב,IL,קרקר עם שומשום ברייד,פריט,1.20,"ק""ג",false,,19.90,16.5833,true,1,317432
7290015856270,false,קרקר בטעם בצל בריידמ,אפיפית נצרת תעשיות ב,IL,קרקר בטעם בצל בריידמ,פריט,1.20,"ק""ג",false,,19.90,16.5833,true,1,317433
7290015856294,false,חטיפי קרקר עם מלח ים,אפיפית נצרת תעשיות ב,IL,חטיפי קרקר עם מלח ים,פריט,1.50,"ק""ג",false,,19.90,13.2667,true,1,317552
7290015856300,false,חטיפי קרקר שומשום בר,אפיפית נצרת תעשיות ב,IL,חטיפי קרקר שומשום בר,פריט,1.50,"ק""ג",false,,19.90,13.2667,true,1,317550
7290015856317,false,חטיפי קרקר בצל ברייד,אפיפית נצרת תעשיות ב,IL,חטיפי קרקר בצל ברייד,פריט,1.50,"ק""ג",false,,19.90,13.2667,true,1,317549
7290015856690,false,"קרם קרקר ""הדר"" 1 ק""ג",אפיפית נצרת תעשיות ב,IL,"קרם קרקר הדר 1 ק""ג",פריט,1.00,"ק""ג",false,,19.90,19.9000,true,1,329703
7290015856874,false,"ביסקוויט הדר קסטה 1 ק""ג",אפיפית נצרת תעשיות ב,IL,ביסקוויט קסטה הדר 1,פריט,1.00,"ק""ג",false,,19.90,19.9000,true,1,331615
7290015858106,false,"ממרח פסטו ביתי 180 גרם ""עללחם""","מדשא תעשיות מזון בע""\מ",IL,פסטו ביתי עללחם 180,גרמים,180.00,100 גרם,false,,15.90,8.8333,true,1,323507
7290015858113,false,"ממרח עגבניות מיובשות 180 גרם ""טריטרי""","מדשא תעשיות מזון בע""\מ",IL,ממרח עגבניות מיובשות,גרמים,180.00,100 גרם,false,,15.90,8.8333,true,1,323508
7290015858175,false,ממרח פלפלים קלויים עללחם 180 גרם,"מדשא תעשיות מזון בע""\מ",IL,ממרח פלפלים קלויים ע,גרמים,180.00,100 גרם,false,,15.90,8.8333,true,1,334761
7290015858229,false,"טפנד זיתי קלמטה 180 גרם ""עללחם""","מדשא תעשיות מזון בע""\מ",IL,טפנד זיתי קלמטה עללח,גרמים,180.00,100 גרם,false,,15.90,8.8333,true,1,323509
7290015858243,false,ממרח צימיצורי עללחם 180 גרם,"מדשא תעשיות מזון בע""\מ",IL,צ'ימיצורי עללחם 180,גרמים,180.00,100 גרם,false,,15.90,8.8333,true,1,334762
7290015858328,false,עללחם ממרח איולי פסטו 295 גרם,"מדשא תעשיות מזון בע""\מ",IL,איולי פסטו עללחם לחי,גרמים,295.00,100 גרם,false,,14.90,5.0508,true,1,339358
7290015858441,false,עללחם ממרח איולי פלפלים 295 גרם,"מדשא תעשיות מזון בע""\מ",IL,איולי פלפלים עללחם ל,גרמים,295.00,100 גרם,false,,14.90,5.0508,true,1,339356
7290015858687,false,עללחם ממרח איולי שום 295 גרם,"מדשא תעשיות מזון בע""\מ",IL,איולי שום עללחם לחיץ,גרמים,295.00,100 גרם,false,,14.90,5.0508,true,1,339357
7290015865821,false,ממרח אגוזי לוז וקקאו,ענבי ציון,IL,ממרח אגוזי לוז וקקאו,פריט,1.00,"ק""ג",false,,24.90,24.9000,true,1,337435
7290015865838,false,ממרח עוגיות קרמל ענב,ענבי ציון,IL,ממרח עוגיות קרמל ענב,פריט,1.00,"ק""ג",false,,24.90,24.9000,true,1,337436
7290015879705,false,"תערובתאיטלקית לאפיה לל""ג",DFS,IT,קמח ללא גלוטן מולינו,גרמים,500.00,100 גרם,false,,14.90,2.9800,true,1,328611
7290015879712,false,"תערובת לל""ג לאפיית עוגות",DFS,IT,תערובת איטלקית לעוגו,גרמים,500.00,100 גרם,false,,14.90,2.9800,true,1,329143
7290015879729,false,תערובת לאפיה ללא גלוטן.,DFS,IT,"קמח ללא גלוטן ע""ב עמ",גרמים,500.00,100 גרם,false,,14.90,2.9800,true,1,328612
7290015951227,false,"יין גמלא השמורה סירה 2021 750 מ""ל",מיוצר וממולא על ידי יקב,IL,יין גמלא סירה,מיליליטרים,750.00,"100 מ""ל",false,,49.90,6.6533,true,1,329582
7290016006292,false,נקטר מנגו בננה מלון קרטונית 1 ל' ספרינג,יפאורה שותפות מובגלת לשיווק,IL,נקטר ספרינג מנגו בננ,קילוגרמים,1.00,ליטר,false,,5.30,5.3000,true,1,305710
7290016006346,false,שוופס סודה 0.5 ליטר מארז שישייה,יפאורה שותפות מובגלת לשיווק,IL,מארז שוופס סודה 6*50,קילוגרמים,3.00,ליטר,false,,13.90,4.6333,true,1,307055
7290016083101,false,עוגיות בדלי שירה 400,מאפיית ישראל חיפה,IL,עוגיות בדלי שירה 400,גרמים,400.00,100 גרם,false,,11.50,2.8750,true,1,302956
7290016083125,false,עוגיות בדלי שירה 600,מאפיית ישראל חיפה,IL,עוגיות בדלי שירה 600,גרמים,600.00,100 גרם,false,,11.50,1.9167,true,1,302955
7290016083255,false,בצק עלים בון בייקרי,מאפיית ישראל חיפה,IL,בצק עלים בון בייקרי,פריט,1.50,"ק""ג",false,,16.90,11.2667,true,1,305879
7290016083323,false,מעמול תמרים שקד 500 גרם,מאפיית ישראל חיפה,IL,עוגיות מעמול תמרים,גרמים,500.00,100 גרם,false,,11.50,2.3000,true,1,326487
7290016083347,false,רולדה תמרים שקד 500 גרם,מאפיית ישראל חיפה,IL,רולדה תמרים שקד 500,גרמים,500.00,100 גרם,false,,11.50,2.3000,true,1,326489
7290016096354,false,פתיתי טונה בשמן פילט,תעשיות פילטונה,IL,פתיתי טונה בשמן פילט,גרמים,632.00,100 גרם,false,,12.90,2.0411,true,1,306345
7290016096613,false,שישיות פילטונה בשמן צמחי,"תעשיות פילטונה בע""מ",IL,טונה בשמן פילטונה 6*,גרמים,840.00,100 גרם,false,,26.90,3.2024,true,1,316028
7290016096637,false,שישיות פילטונה שמן קנולה,"תעשיות פילטונה בע""מ",IL,טונה בשמן קנולה פילט,גרמים,840.00,100 גרם,false,,26.90,3.2024,true,1,316027
7290016096651,false,שישיות פיל טונה במי מלח,"תעשיות פילטונה בע""מ",IL,טונה במים פילטונה 6*,גרמים,840.00,100 גרם,false,,26.90,3.2024,true,1,316029
7290016096811,false,מארז ממרח טונה 4 * 160 ג' פילטונה,תעשיות פילטונה,IL,ממרח טונה פילטונה 4*,גרמים,640.00,100 גרם,false,,19.90,3.1094,true,1,327525
7290016102215,false,נריות 4 שעות אדום אחת שתיים שמאי 72 יח',,CN,נריות 4 שעות שמאי 72,Unknown,0.00,יחידה,false,,19.90,0.0000,true,1,339294
7290016102222,false,נריות 6 שעות כחול אחת שתיים שמאי 66 יח',,CN,נריות 6 שעות שמאי 66,Unknown,0.00,יחידה,false,,24.90,0.0000,true,1,339295
7290016106213,false,"שוקולד מריר שברי אגוזים בד""ץ טעמן",אלבה שוקולד,CH,שוקולד טעמן מריר שבר,גרמים,100.00,100 גרם,false,,7.90,7.9000,true,1,305240
7290016106657,false,נתחי טונה בהירה בשמן צמחי - מארז רביעייה,דיאמוד פוד פרודקט סי,IL,טונה בשמן טעמן 4*140,גרמים,560.00,100 גרם,false,,16.90,3.0179,true,1,334959
7290016106664,false,נתחי טונה בהירה במי מלח - מארז רביעייה,דיאמוד פוד פרודקט סי,IL,טונה במים טעמן 4*140,גרמים,560.00,100 גרם,false,,16.90,3.0179,true,1,334960
7290016144000,false,"קמח חיטה מלאה נפלאות 80% 1 ק""ג","קמח מלכים בע""\מ",IL,קמח חיטה מלאה 80% נפ,פריט,1.00,"ק""ג",false,,9.90,9.9000,true,1,320303
7290016144017,false,"קמח מלא נפלאות 100% ללא ניפוי 1 ק""ג",קמח מלכים,IL,קמח חיטה מלאה 100% נ,פריט,1.00,"ק""ג",false,,9.90,9.9000,true,1,320304
7290016144024,false,"קמח כוסמין מלא נפלאות 100% 1 ק""ג","קמח מלכים בע""מ",IL,קמח כוסמין 100% נפלא,פריט,1.00,"ק""ג",false,,14.90,14.9000,true,1,320306
7290016144031,false,קמח חיטה לבן מנופה נפלאות,קמח מלכים,IL,קמח לבן מנופה נפלאות,פריט,1.00,"ק""ג",false,,6.90,6.9000,true,1,320308
7290016144048,false,"קמח כוסמין לבן נפלאות 1 ק""ג","קמח מלכים בע""מ",IL,קמח כוסמין לבן נפלאו,פריט,1.00,"ק""ג",false,,16.90,16.9000,true,1,320307
7290016144055,false,קמח כוסמין בהיר 80%-נפלאות,קמח מלכים,IL,קמח כוסמין 80% נפלאו,פריט,1.00,"ק""ג",false,,14.90,14.9000,true,1,320305
7290016144062,false,"קמח שיפון מלא נפלאות, 1 ק""ג",קמח מלכים,IL,קמח שיפון מלא נפלאות,פריט,1.00,"ק""ג",false,,8.90,8.9000,true,1,335318
7290016144086,false,נפלאות קמח חלה מנופה 1 ק”ג,קמח מלכים,IL,"קמח חלה נפלאות 1 ק""ג",פריט,1.00,"ק""ג",false,,6.90,6.9000,true,1,335320
7290016144093,false,נפלאות קמח לחם לבן מנופה 1 ק”ג,קמח מלכים,IL,"קמח לחם נפלאות 1 ק""ג",פריט,1.00,"ק""ג",false,,6.90,6.9000,true,1,335321
7290016144109,false,קמח פיצה מנופה נפלאות 1קג,קמח מלכים,IL,"קמח פיצה נפלאות 1 ק""",פריט,1.00,"ק""ג",false,,14.90,14.9000,true,1,335322
7290016144116,false,"קמח תופח נפלאות, 1 ק""ג",קמח מלכים,IL,"קמח תופח נפלאות 1 ק""",פריט,1.00,"ק""ג",false,,8.90,8.9000,true,1,335323
7290016162264,false,עוגת גבינה רנסנס קפולסקי 450 גרם,קפולסקי שיווק וקמעונ,IL,עוגת גבינה אפויה קפו,גרמים,450.00,100 גרם,false,,35.90,7.9778,true,1,310743
7290016197495,false,ניקול זוג מטליות הקסם מיקרופייבר לרצפה,חוגלה קימברלי,CN,מטליות רצפה מיקרופיי,Unknown,0.00,יחידה,false,,14.90,0.0000,true,1,307056
7290016217643,false,חמוצים סיני אסלי שמיר 400 גרם,"סלטי שמיר 2006 בע""מ",IL,חמוצים סיניים אסלי 4,גרמים,400.00,100 גרם,false,,10.90,2.7250,true,1,305716
7290016246445,false,בארכה טחינה גולמית מעודנת שומשום מלא 310 גם,"רושדי תעשיות מזון בע""\מ",IL,טחינה מעודנת משומשום,גרמים,310.00,100 גרם,false,,10.50,3.3871,true,1,334848
7290016255188,false,מבשם אוויר ובדים ירו,סאסאטק,IL,מטהר מגיק ירוק 350 מ,מיליליטרים,350.00,"100 מ""ל",false,,6.90,1.9714,true,1,306793
7290016255195,false,מטהר מגיק ורוד 350 מ,סאסאטק,IL,מטהר מגיק ורוד 350 מ,מיליליטרים,350.00,"100 מ""ל",false,,6.90,1.9714,true,1,306794
7290016255201,false,מבשם אוויר ובדים סגו,סאסאטק,IL,מטהר מגיק סגול 350 מ,מיליליטרים,350.00,"100 מ""ל",false,,6.90,1.9714,true,1,306795
7290016276534,false,"שמן קוקוס לא מזוכך 500 מ""ל",דין שיווק,LK,שמן קוקוס שקדיה 500,גרמים,500.00,100 גרם,false,,24.90,4.9800,true,1,312810
7290016276756,false,מעדן 4 פירות 100% רכיבי פרי שקדיה 284 ג',סיטי פודסטף,CN,מעדן 4 פירות שקדיה 2,גרמים,284.00,100 גרם,false,,9.90,3.4859,true,1,308002
7290016276763,false,מעדן שזיף 100% רכיבי פרי ללא סוכר שקדיה 284 ג',סיטי פודסטף,CN,מעדן שזיף שקדיה 284,גרמים,284.00,100 גרם,false,,9.90,3.4859,true,1,308006
7290016276787,false,מעדן אננס 100% רכיבי פרי ללא סוכר שקדיה 284 ג',סיטי פודסטף,CN,מעדן אננס שקדיה 284,גרמים,284.00,100 גרם,false,,9.90,3.4859,true,1,308003
7290016276831,false,תבשיל איטריות בטעם בקר 70 גרם סו שף,טיאן הונג,TH,תבשיל אטריות בטעם בק,גרמים,70.00,100 גרם,false,,4.90,7.0000,true,1,308383
7290016276848,false,תבשיל איטריות בטעם עוף 70 גרם סו שף,טיאן הונג,TH,תבשיל אטריות בטעם עו,גרמים,70.00,100 גרם,false,,4.90,7.0000,true,1,308381
7290016276855,false,תבשיל אטריות בטעם ירקות 70 גרם סו שף,רס סר קאן גידה לטד,TH,תבשיל אטריות בטעם יר,גרמים,70.00,100 גרם,false,,4.90,7.0000,true,1,308382
7290016313055,false,קוגל איטריות משולשים תכלס,תכלית מזון,IL,קוגל אטריות משולשים,גרמים,450.00,100 גרם,false,,12.90,2.8667,true,1,305995
7290016313086,false,קוגל 3 שכבות תכל'ס,,,קוגל 3 שכבות תכל'ס,גרמים,550.00,100 גרם,false,,19.90,3.6182,true,1,308099
7290016313338,false,פשטידת קוגל דואט כ650- ג,,IL,קוגל 2 שכבות תכל'ס,Unknown,0.00,יחידה,false,,18.90,0.0000,true,1,334844
7290016313406,false,ארבעס תכל'ס 200 גרם,תכלית מזון,IL,ארבעס תכל'ס 200 גרם,גרמים,200.00,100 גרם,false,,7.90,3.9500,true,1,328579
7290016334135,false,חסה סלנובה מהדרין,בוסתן עשבי תיבול,IL,חסה סלנובה מהדרין,Unknown,0.00,יחידה,false,,12.90,0.0000,true,1,305424
7290016356762,false,יין קטלב 2 גפנים 201,יקב גוש עציון,IL,יין קטלב 2 גפנים 201,מיליליטרים,750.00,"100 מ""ל",false,,129.90,17.3200,true,1,335235
7290016356779,false,יין קטלב 3 גפנים 201,יקב גוש עציון,IL,יין קטלב 3 גפנים 201,מיליליטרים,750.00,"100 מ""ל",false,,159.90,21.3200,true,1,335236
7290016356786,false,יין קטלב 4 גפנים 201,יקב גוש עציון,IL,יין קטלב 4 גפנים 201,מיליליטרים,750.00,"100 מ""ל",false,,129.90,17.3200,true,1,335234
7290016370232,false,תערובת ירקות כבושים 300,S.A KOZAT,GR,תערובת ירקות כבושים,גרמים,560.00,100 גרם,false,,9.90,1.7679,true,1,328731
7290016370331,false,פלפל קלוי על האש 540 גרם,KOSAT,GR,פלפל קלוי על האש בני,גרמים,540.00,100 גרם,false,,9.90,1.8333,true,1,327683
7290016370348,false,חציל קלוי על האש 530גרם,KOSAT,GR,חציל קלוי על האש בני,גרמים,530.00,100 גרם,false,,9.90,1.8679,true,1,327684
7290016370355,false,מלפפון פרוסות במלח ‏,בני דרום,IL,פרוסות מלפפון במלח ב,גרמים,560.00,100 גרם,false,,4.90,0.8750,true,1,326367
7290016372144,false,חליטת קינמון 40 שקיק,ויסוצקי,IL,חליטת קינמון 40 שקיק,גרמים,100.00,100 גרם,false,,19.90,19.9000,true,1,308990
7290016372151,false,חליטת קמומיל 40 שקיק,ויסוצקי,IL,חליטת קמומיל 40 שקיק,Unknown,0.00,יחידה,false,,19.90,0.0000,true,1,308989
7290016372168,false,חליטת לימונית לואיזה,ויסוצקי,IL,חליטת לימונית לואיזה,Unknown,0.00,יחידה,false,,19.90,0.0000,true,1,308991
7290016372397,false,"תה ויסוצקי ירוק תפוז,ג'ינגר וכורכום 25 יח'",ויסוצקי ירוק,IL,תה ירוק תפוז גינגר ו,גרמים,150.00,100 גרם,false,,19.90,13.2667,true,1,312812
7290016372571,false,חליטת פירות יער 40 ש,ויסוצקי,IL,חליטת פירות יער 40 ש,גרמים,108.00,100 גרם,false,,19.90,18.4259,true,1,312839
7290016372588,false,חליטת לימונענע 40 שק,ויסוצקי,IL,חליטת לימונענע 40 שק,גרמים,88.00,100 גרם,false,,19.90,22.6136,true,1,312840
7290016373479,false,"צלחות רויאל 9 צבע לבן 1 ק""ג טעמן",פוליקאפ פלסטיק,TR,צלחות גדולות רויאל 1,Unknown,0.00,יחידה,false,,19.90,0.0000,true,1,339093
7290016373646,false,פסים חמוצים פטל 275 גרם,אלוון גידה סאן,TR,פסים חמוצים בטעם פטל,גרמים,180.00,100 גרם,false,,7.90,4.3889,true,1,338975
7290016373653,false,פסים חמוצים טעם תות 275 גרם,אלוון גידה סאן,TR,פסים חמוצים בטעם תות,גרמים,180.00,100 גרם,false,,7.90,4.3889,true,1,333943
7290016373691,false,מקלות חמוצים בטעם תפוח 20 גרם טעמן,אלבן מזון תעשיות ומס,TR,מקלות חמוצים בטעם תפ,גרמים,20.00,100 גרם,false,,1.50,7.5000,true,1,322138
7290016373721,false,מקלות חמוצים תות וניל טעמן 275 גרם,אלוון גידה סאן,TR,פסים חמוצים בטעם תות,גרמים,180.00,100 גרם,false,,7.90,4.3889,true,1,333944
7290016373738,false,מקלות חמוצים תותי פרוטי 180 גרם,אלוון גידה סאן,TR,פסים חמוצים בטעם תות,גרמים,180.00,100 גרם,false,,7.90,4.3889,true,1,333945
7290016408980,false,מטבעות שוקולד חלב כרמית 36 גרם,כרמית תעשיות מזון,IL,מטבעות שוקולד חלב כר,גרמים,36.00,100 גרם,false,,3.90,10.8333,true,1,313591
7290016437713,false,תחבושות סופר 22*2 יחידות,חוגלה קימברלי,CZ,תחבושות קוטקס קווארט,Unknown,0.00,יחידה,false,,36.50,0.0000,true,1,322403
7290016437720,false,אריזת ענק תחבושות נורמל,קימברלי קלארק,CZ,תחבושות קוטקס קווארט,Unknown,0.00,יחידה,false,,36.50,0.0000,true,1,322404
7290016492118,false,פפריקה מתוקה מעושנת,תבליני הדור השלישי,IL,פפריקה מעושנת פרג 12,גרמים,120.00,100 גרם,false,,15.90,13.2500,true,1,317448
7290016492125,false,תבלין פילדלפיה פרג 1,תבליני הדור השלישי,IL,תבלין פילדלפיה פרג 1,גרמים,120.00,100 גרם,false,,15.90,13.2500,true,1,317447
7290016492132,false,תבלין טוסקנה פרג 160,תבליני הדור השלישי,IL,תבלין טוסקנה פרג 160,גרמים,160.00,100 גרם,false,,15.90,9.9375,true,1,317446
7290016509786,false,פרסיל גל לכביסה לבנה וצבעונית-ירוק 2.5 ל,"הנקל סוד בע""\מ",IL,גל פרסיל 2.5 ליטר,קילוגרמים,2.50,ליטר,false,,34.50,13.8000,true,1,339572
7290016509809,false,ג'ל מרוכז לכביסה קולור 2.5 ל' פרסיל,"הנקל סוד בע""\מ",IL,גל פרסיל קולור 2.5 ל,קילוגרמים,2.50,ליטר,false,,34.50,13.8000,true,1,339573
7290016510225,false,"תחליב רחצה הוואי יוגורט וניל ודבש 700 מ""ל",תאי פרזידנט פוד פאבל,IL,תחליב הוואי וניל דבש,מיליליטרים,700.00,"100 מ""ל",false,,7.90,1.1286,true,1,316018
7290016510249,false,"תחליב רחצה הוואי יוגורט שקדים 700 מ""ל",תאי פרזידנט פוד פאבל,IL,תחליב הוואי יוגורט ש,מיליליטרים,700.00,"100 מ""ל",false,,7.90,1.1286,true,1,316017
7290016682328,false,מיץ תפוזים 100% מרכז פריניב 2 ליטר,פרי ניב,IL,מיץ תפוזים פריניב 2,קילוגרמים,2.00,ליטר,false,,17.90,8.9500,true,1,334210
7290016682342,false,מיץ תפוזים וולנסיה פרי ניב 2 ליטר-,פרי ניב,IL,מיץ תפוזים ולנסיה פר,קילוגרמים,2.00,ליטר,false,,25.20,12.6000,true,1,334211
7290016682359,false,מיץ תפוזים שמוטי פרי ניב 2 ליטר-,פרי ניב,IL,מיץ תפוזים שמוטי פרי,קילוגרמים,2.00,ליטר,false,,25.20,12.6000,true,1,334212
7290016682366,false,מיץ תפוח צלול פרי ניב 2 ליטר-,פריניב,IL,מיץ תפוחים פריניב 2,קילוגרמים,2.00,ליטר,false,,18.90,9.4500,true,1,334213
7290016682380,false,מיץ טבעי לימונדה ולואיזה פרי ניב 2 ליטר-,פרי ניב,IL,מיץ לימונדה לואיזה פ,קילוגרמים,2.00,ליטר,false,,15.90,7.9500,true,1,334215
7290016682397,false,מיץ חמוציות פרי ניב 2 ליטר-,פרי ניב,IL,נקטר חמוציות פריניב,קילוגרמים,2.00,ליטר,false,,15.20,7.6000,true,1,334216
7290016717051,false,משקה Buzz מוגז בטעם רימון מבוסס יין אדום מתוק,יקבי כרמל Carmel Winery,IL,יין באז רימון מבעבע,מיליליטרים,750.00,"100 מ""ל",false,,23.90,3.1867,true,1,327085
7290016717099,false,"יין כרמל סלקטד אדום חצי יבש, 750 מ""ל",יקבי כרמל Carmel Winery,IL,יין סלקטד אדום חצי י,מיליליטרים,750.00,"100 מ""ל",false,,28.90,3.8533,true,1,338023
7290016717617,false,תירוש כרמל אדום 1.2 ליטר,יקבי כרמל,IL,מיץ ענבים תירוש אדום,קילוגרמים,1.20,ליטר,false,,18.90,15.7500,true,1,311833
7290016717631,false,יין מוסקטו בעל חוזק אלכוהול נמוך פרייבט קולקשן,אגודת הכורמים הקואופרטיב,IL,יין פ. קולקשיין לבן,מיליליטרים,750.00,"100 מ""ל",false,,37.50,5.0000,true,1,315882
7290016717976,false,"יין סלקטד באז אפרסק כרמל 750 מ""ל",כרמל מזרחי,IL,יין באז ספארקלינג אפ,מיליליטרים,750.00,"100 מ""ל",false,,23.90,3.1867,true,1,327086
7290016823004,false,בזיליקום יח freshlid,"מרינה פטריות הגליל בע""מ",IL,בזיליקום יח,Unknown,0.00,יחידה,false,,4.50,0.0000,true,1,310835
7290016823028,false,עירית יח freshlid,"מרינה פטריות הגליל בע""מ",IL,עירית יח,Unknown,0.00,יחידה,false,,4.50,0.0000,true,1,310837
7290016823059,false,טימין קורנית ארוז יח,"מרינה פטריות הגליל בע""מ",IL,טימין יח,Unknown,0.00,יחידה,false,,4.50,0.0000,true,1,310839
7290016823066,false,רוזמרין יח freshlid,"מרינה פטריות הגליל בע""מ",IL,רוזמרין יח,Unknown,0.00,יחידה,false,,4.50,0.0000,true,1,310840
7290016823257,false,חסה סלנובה מהדרין יח,"מרינה פטריות הגליל בע""מ",IL,חסה סלנובה מהדרין,Unknown,0.00,יחידה,false,,11.90,0.0000,true,1,310895
7290016823523,false,צנונית יח 500 גרם שמיטה,"מרינה פטריות הגליל בע""מ",IL,צנונית ארוזה 500 גרם,גרמים,500.00,100 גרם,false,,6.90,1.3800,true,1,313468
7290016867008,false,"לחם כוסמין מחמצת ד""ר מרק",המאפה של דר' מארק,IL,לחם מחמצת כוסמין דר,גרמים,750.00,100 גרם,false,,16.90,2.2533,true,1,316233
7290016867039,false,"מארז פיתות קלות כוסמין בתוספת מחמצת 6 יחידות ד""ר מרק",המאפה של דר מרק בריא,IL,פיתות קלות כוסמין בת,גרמים,330.00,100 גרם,false,,14.90,4.5152,true,1,331321
7290016867046,false,"מארז פיתות קלות כוסמין במתיקות מעודנת 6 יחידות ד""ר מרק",המאפה של דר מרק בריא,IL,פיתות קלות כוסמין במ,גרמים,330.00,100 גרם,false,,14.90,4.5152,true,1,331322
7290016867114,false,לחם כוסמין קל מלא 500 גר',המאפה של דר מרק בריא,IL,לחם כוסמין קל דר מרק,גרמים,500.00,100 גרם,false,,17.90,3.5800,true,1,327711
7290016867152,false,"מארז פיתות קלות כוסמין 5 יחידות ד""ר מרק",המאפה של דר מרק בריא,IL,פיתות קלות כוסמין דר,גרמים,330.00,100 גרם,false,,13.90,4.2121,true,1,312751
7290016867176,false,"מארז לחמניות קלות כוסמין שומשום במתיקות מעודמת 5 יחידות ד""ר מרק",המאפה של דר מרק,IL,לחמניות קלות כוסמין,גרמים,351.00,100 גרם,false,,13.90,3.9601,true,1,317554
7290016867244,false,שישיה לחמניות כוסמין בתוספת מחמצת 99 קלוריות,המאפה של דר מרק בריא,IL,לחמניות מחמצת כוסמין,גרמים,321.00,100 גרם,false,,14.90,4.6417,true,1,326124
7290016883091,false,חרדל דיזון שקדיה 350,צרבונוקס בברבנט אסאיי,FR,חרדל דיזון שקדיה 350,גרמים,350.00,100 גרם,false,,7.90,2.2571,true,1,312834
7290016883107,false,חרדל דיז'ון גרגרים שקדיה 350 גרם,צרבונוקס בברבנט אסאיי,FR,חרדל עם גרגירים שקדי,גרמים,350.00,100 גרם,false,,7.90,2.2571,true,1,312833
7290016883176,false,"מוזלי פתיתי שיבולת שועל עם שוקולד מריר ושבבי קוקוס 1 ק""ג","דין שיווק וקלייה בע""",MK,"מוזלי ע""ב פתיתי שוקו",פריט,1.00,"ק""ג",false,,19.50,19.5000,true,1,312963
7290016967074,false,לחם חיטה מלאה עם גרעינים ודגנים,מאפיית שלמה א. אנג'\ל בע,IL,לחם חיטה מלאה ודגנים,גרמים,750.00,100 גרם,false,,16.90,2.2533,true,1,317777
7290016980103,false,בייבי בטטה שקיל,אראל תוצרת חקלאית בע,IL,בטטה בייבי,Unknown,0.00,יחידה,false,,6.90,0.0000,true,1,311762
7290017023212,false,"שוויפס מוגז פירות תפוח מארז רביעייה* 330 מ""ל",יפאורה תבורי בעמ,IL,מארז שוופס מוגז תפוח,קילוגרמים,1.32,ליטר,false,,10.90,8.2576,true,1,315278
7290017023229,false,"שוויפס מוגז פירות תות ליים מארז רביעיה* 330 מ""ל",יפאורה תבורי בעמ,IL,מארז שוופס תות ליים,קילוגרמים,1.32,ליטר,false,,10.90,8.2576,true,1,315280
7290017023236,false,"משקה מוגז שוופס מיץ פירות ענבים מארז 330X4מ""ל",יפאורה תבורי בעמ,IL,מארז שוופס מוגז ענבי,קילוגרמים,1.32,ליטר,false,,10.90,8.2576,true,1,315279
7290017023663,false,"שוופס מיץ פירות לימונייד פחית מארז 330X4מ""ל",יפאורה תבורי,IL,מארז שוופס מוגז פירו,קילוגרמים,1.32,ליטר,false,,10.90,8.2576,true,1,316723
7290017023809,false,"רביעיית ספרינג 250 מ""ל אגס סברס תפוח","יפאורה תבורי בע""\מ",IL,מארז ספרינג אגס סברס,קילוגרמים,1.00,ליטר,false,,10.90,10.9000,true,1,322182
7290017023816,false,"ספרינג  פירות טרופיים 250 מ""ל רביעייה","יפאורה תבורי בע""\מ",IL,מארז ספרינג פירות טר,קילוגרמים,1.00,ליטר,false,,10.90,10.9000,true,1,322183
7290017023823,false,"רביעיית ספרינג תות בננה 250 מ""ל","יפאורה תבורי בע""\מ",IL,מארז ספרינג תות בננה,קילוגרמים,1.00,ליטר,false,,10.90,10.9000,true,1,322184
7290017023854,false,מי סודה בקבוקים אישיים - מארז 4 יח',יפאורה תבורי בעמ,IL,מארז שוופס סודה 4*25,קילוגרמים,1.00,ליטר,false,,9.90,9.9000,true,1,318827
7290017023861,false,סודה בטעם לימון בקבוקים אישיים - מארז 4 יח',יפאורה תבורי בעמ,IL,מארז שוופס סודה לימו,קילוגרמים,1.00,ליטר,false,,9.90,9.9000,true,1,318829
7290017023878,false,סודה בטעם נענע ליים בקבוקים אישיים - מארז 4 יח',יפאורה תבורי בעמ,IL,מארז שוופס סודה נענע,קילוגרמים,1.00,ליטר,false,,9.90,9.9000,true,1,318828
7290017062686,false,מרכך כביסה מרוכז בייבי טאצ 1ל',סאסאטק,IL,מרכך מרוכז טאצ' בייב,קילוגרמים,1.00,ליטר,false,,9.90,9.9000,true,1,338207
7290017062693,false,מרכך כביסה מרוכז לבן 1*5 ליטר טאצ,סאסאטק,IL,מרכך מרוכז טאצ' לבן,קילוגרמים,1.00,ליטר,false,,9.90,9.9000,true,1,338208
7290017062709,false,מרכך כביסה מרוכז בורדו טאצ 1ל',סאסאטק,IL,מרכך מרוכז טאצ' בורד,קילוגרמים,1.00,ליטר,false,,9.90,9.9000,true,1,338209
7290017062716,false,מרכך כביסה מרוכז ורוד טאצ 1ל',סאסאטק,IL,מרכך מרוכז טאצ' ורוד,קילוגרמים,1.00,ליטר,false,,9.90,9.9000,true,1,338210
7290017065007,false,פרוסות גבינה מוצרלה חצי קשה 22% שומן 200 ג' גד,מחלבות גד בעמ,IL,גבינת מוצרלה פרוסות,גרמים,200.00,100 גרם,false,,17.90,8.9500,true,1,310818
7290017065137,false,גבינת ריקוטה למריחה 5% טבעית 200ג' גד,האי נאם סי או אל.טי.,IL,גבינת ריקוטה 5% גד 2,גרמים,250.00,100 גרם,false,,8.90,3.5600,true,1,314459
7290017065144,false,ריקוטה למריחה בתוספת בזיליקום 5% גד 200 גם,האי נאם סי או אל.טי.,IL,גבינת ריקוטה בזיליקו,גרמים,250.00,100 גרם,false,,8.90,3.5600,true,1,314460
7290017065168,false,גבינה כחולה denish blue cheese 100 גרם,ST.CLEMENS-BOMHOLMWS,DK,גבינה כחולה 30% גד 1,גרמים,100.00,100 גרם,false,,17.90,17.9000,true,1,315491
7290017065212,false,גבינת קרם מסקרפונה מחלבות גד 250 גר,מיוצר עי קוד יצרן ED,IL,קרם מסקרפונה 38% גד,גרמים,250.00,100 גרם,false,,19.90,7.9600,true,1,325681
7290017065304,false,שמנת ניו יורק 30% טבעית מהדרין מחלבות גד,גבינות מדף,IL,גבינת שמנת טבעי 30%,גרמים,200.00,100 גרם,false,,9.90,4.9500,true,1,315492
7290017065526,false,קוואטרו פורמאג'י 4 גבינות מגוררות 26%,"מחלבות גד בע""\מ",IL,גבינה קוואטרו פורמאג,גרמים,300.00,100 גרם,false,,19.90,6.6333,true,1,331559
7290017065649,false,קרם פטיסייר מחלבות גד,מיוצר עי קוד יצרן ED,IL,קרם פטיסייר גד 250 ג,גרמים,250.00,100 גרם,false,,20.90,8.3600,true,1,325682
7290017065786,false,"גבינת צ`דר מחלבות גד , 210 גרם","מחלבות גד בע""\מ",IL,גבינת צ'דר גד 200 גר,גרמים,200.00,100 גרם,false,,19.90,9.9500,true,1,334537
7290017068015,false,מארז סוכריות ג'לי חנוכה 25גר שמינייה,מיה תעשיות מזון מ.ת.מ. ב,IL,סוכריות גלי חנוכה מי,גרמים,200.00,100 גרם,false,,9.90,4.9500,true,1,317903
7290017068374,false,שמרים יבשים בואקום מיה 500 גרם,angle yeast co ltd,IL,שמרים יבשים מיה 500,גרמים,500.00,100 גרם,false,,9.90,1.9800,true,1,320465
7290017068534,false,אגוז טחון מיה 300 גר,מיה תעשיות מזון בעמ,IL,אגוז טחון מיה 300 גר,גרמים,300.00,100 גרם,false,,18.90,6.3000,true,1,319691
7290017068541,false,אגוזים גרוסים מיה 30,מיה תעשיות מזון בעמ,IL,אגוזים גרוסים מיה 30,גרמים,300.00,100 גרם,false,,19.90,6.6333,true,1,319690
7290017068558,false,שקדים טחונים מיה 300,מיה תעשיות מזון בעמ,IL,שקדים טחונים מיה 300,גרמים,300.00,100 גרם,false,,22.90,7.6333,true,1,319695
7290017068596,false,שקד מולבן פרוס מיה 3,מיה תעשיות מזון בעמ,IL,שקד מולבן פרוס מיה 3,גרמים,300.00,100 גרם,false,,24.90,8.3000,true,1,319717
7290017068602,false,שקד מולבן שבבים מיה,מיה תעשיות מזון בעמ,IL,שקד מולבן שבבים מיה,גרמים,300.00,100 גרם,false,,24.90,8.3000,true,1,319726
7290017068626,false,אגוז פקאן טבעי מיה 2,מיה תעשיות מזון בעמ,IL,אגוז פקאן טבעי מיה 2,גרמים,200.00,100 גרם,false,,22.90,11.4500,true,1,319720
7290017068640,false,אגוז מלך טבעי מיה 20,מיה תעשיות מזון בעמ,IL,אגוז מלך טבעי מיה 20,גרמים,200.00,100 גרם,false,,14.90,7.4500,true,1,319718
7290017068657,false,פקאן סיני מיה 200 גר,מיה תעשיות מזון בעמ,IL,פקאן סיני מיה 200 גר,גרמים,200.00,100 גרם,false,,22.90,11.4500,true,1,319721
7290017068664,false,גרעין חמניה קלוף מיה,מיה תעשיות מזון בעמ,IL,גרעין חמניה קלוף מיה,גרמים,200.00,100 גרם,false,,6.90,3.4500,true,1,319719
7290017068688,false,גרעין דלעת קלוף מיה,מיה תעשיות מזון בעמ,IL,גרעין דלעת קלוף מיה,גרמים,150.00,100 גרם,false,,7.90,5.2667,true,1,319722
7290017068725,false,תערובת קטניות לחמין,מיה תעשיות מזון בעמ,IL,תערובת קטניות לחמין,פריט,1.40,"ק""ג",false,,14.90,10.6429,true,1,323491
7290017068749,false,חטיף תן צאפ טבעות 12,מיה תעשיות מזון בעמ,IL,חטיף תן צאפ טבעות 12,גרמים,120.00,100 גרם,false,,4.90,4.0833,true,1,324004
7290017068770,false,אגוזי מלך טבעי מיה 4,מיה תעשיות מזון בעמ,IL,אגוזי מלך טבעי מיה 4,גרמים,400.00,100 גרם,false,,24.90,6.2250,true,1,324826
7290017068787,false,אגוזי מלך טחונים מיה,מיה תעשיות מזון בעמ,IL,אגוזי מלך טחונים מיה,גרמים,400.00,100 גרם,false,,24.90,6.2250,true,1,324821
7290017068794,false,שקדים טחונים מיה 400,מיה תעשיות מזון בעמ,IL,שקדים טחונים מיה 400,גרמים,400.00,100 גרם,false,,24.90,6.2250,true,1,325006
7290017068800,false,שקדים טבעי מיה 400 גרם,מיה תעשיות מזון בעמ,IL,שקדים טבעי מיה 400 ג,גרמים,400.00,100 גרם,false,,24.90,6.2250,true,1,325007
7290017068886,false,ג'לי דובונים בציפוי שמן 350 גרם,מיה תעשיות מזון בעמ,IL,סוכריות ג'לי דובונים,גרמים,350.00,100 גרם,false,,14.90,4.2571,true,1,327405
7290017068893,false,ג'לי דגיגים בציפוי סוכר 350 גרם,מיה תעשיות מזון בעמ,IL,סוכריות ג'לי קולה שנ,גרמים,350.00,100 גרם,false,,14.90,4.2571,true,1,327406
7290017068909,false,ג'לי לבבות בציפוי שמן 350 גרם,מיה תעשיות מזון בעמ,IL,סוכריות ג'לי לבבות ב,גרמים,350.00,100 גרם,false,,14.90,4.2571,true,1,327407
7290017068916,false,ג'לי טבעות בציפוי סוכר 350 גרם,מיה תעשיות מזון בעמ,IL,סוכריות ג'לי גלידה ש,גרמים,350.00,100 גרם,false,,14.90,4.2571,true,1,327408
7290017068923,false,ג'ליבינס קרנבל מיה 350 גרם,מיה תעשיות מזון בעמ,IL,סוכריות ג'לי בינס קר,גרמים,375.00,100 גרם,false,,14.90,3.9733,true,1,327409
7290017068930,false,ג'ליבינס חמוצמוץ מיה 350 גרם,מיה תעשיות מזון בעמ,IL,סוכריות ג'לי בינס חמ,גרמים,375.00,100 גרם,false,,14.90,3.9733,true,1,327410
7290017068954,false,"אורז בסמטי סלקטד מיה 1 ק""ג",מיה תעשיות מזון בעמ,IL,אורז בסמטי סלקטד 1 ק,פריט,1.00,"ק""ג",false,,11.90,11.9000,true,1,328521
7290017068992,false,ערמונים קלופים וקלויים 100 גרם,טאנגשאלן היואן פוד,CN,ערמונים קלופים מיה 1,גרמים,100.00,100 גרם,false,,4.90,4.9000,true,1,329733
7290017079189,false,אננס חתיכות דקות במיץ אננס 825 גר',פ.ת גרייט פנאפל,ID,לפתן אננס חתוך דק טע,גרמים,825.00,100 גרם,false,,7.90,0.9576,true,1,326440
7290017079677,false,שוקולד חלב 270 גרם טעמן,מילאנו ספולקה זד,PL,שוקולד חלב טעמן 270,גרמים,270.00,100 גרם,false,,11.90,4.4074,true,1,329910
7290017079684,false,שוקולד מריר 270 גרם טעמן,מילאנו ספולקה זד,PL,שוקולד מריר טעמן 270,גרמים,270.00,100 גרם,false,,11.90,4.4074,true,1,329911
7290017079707,false,שוקולד מריר עם אגוזים 270 גרם טעמן,מילאנו ספולקה זד,PL,שוקולד מריר עם אגוזי,גרמים,270.00,100 גרם,false,,11.90,4.4074,true,1,329913
7290017079738,false,חמישיית שוקולד מריר 100 גרם טעמן,מילאנו ספולקה זד,IL,שוקולד טעמן מריר 5*1,גרמים,500.00,100 גרם,false,,14.90,2.9800,true,1,337156
7290017079813,false,שוקולד מריר בודד 100גר כשלפ,אס.קיי ראיס אינטרנשי,PL,שוקולד טעמן מריר 100,גרמים,100.00,100 גרם,false,,4.90,4.9000,true,1,337756
7290017088402,false,מטליות לחות לניקוי כ,D.P.L,IL,מטליות לחות לניקוי כ,Unknown,0.00,יחידה,false,,19.90,0.0000,true,1,326078
7290017088426,false,מגבונים קשת עבים פרי,D.P.L,IL,מגבונים קשת עבים פרי,Unknown,0.00,יחידה,false,,19.90,0.0000,true,1,326094
7290017088464,false,תחבושות סופגנית מקסי לונג טופ פד 20 יח',D.P.L,IT,תחבושות טופ פד סופגנ,Unknown,0.00,יחידה,false,,14.90,0.0000,true,1,328327
7290017088495,false,תחבושות טופ פד אקסטרה 20 יח',D.P.L,IT,תחבושות טופ פד אקסטר,Unknown,0.00,יחידה,false,,8.90,0.0000,true,1,328328
7290017094830,false,סלט גזר ברוטב פיקנטי אסלי שמיר 400 ג',"סלטי שמיר 2006 בע""מ",IL,סלט גזר פיקנטי אסלי,גרמים,400.00,100 גרם,false,,10.90,2.7250,true,1,318009
7290017094847,false,סלט תפוחי אדמה אסלי שמיר 400 ג',"סלטי שמיר 2006 בע""מ",IL,סלט תפוא אסלי 400 גר,גרמים,400.00,100 גרם,false,,10.90,2.7250,true,1,318008
7290017094854,false,סלט קולסלאו אסלי שמיר 400 ג',"סלטי שמיר 2006 בע""מ",IL,סלט קולסלאו אסלי 400,גרמים,400.00,100 גרם,false,,10.90,2.7250,true,1,318010
7290017094861,false,חומוס עם רוטב מסבחה אסלי שמיר 400 ג',"סלטי שמיר 2006 בע""מ",IL,סלט חומוס מסבחה אסלי,גרמים,400.00,100 גרם,false,,10.90,2.7250,true,1,318007
7290017100395,false,"כפפות לטקס 100 יחי' S כשלפ עד""ח פרפקט",פאלאס,ID,כפפות לטקס עם אבקה מ,Unknown,0.00,יחידה,false,,16.90,0.0000,true,1,339564
7290017100401,false,"כפפות לטקס 100 יחי' M כשלפ עד""ח פרפקט",פאלאס,ID,כפפות לטקס עם אבקה פ,Unknown,0.00,יחידה,false,,16.90,0.0000,true,1,339575
7290017100418,false,"כפפות לטקס 100 יחי' L כשלפ עד""ח פרפקט",פאלאס,ID,כפפות לטקס עם אבקה מ,Unknown,0.00,יחידה,false,,16.90,0.0000,true,1,339563
7290017121048,false,"פלפל צ'ומה 250 גרם ""עללחם""","מדשא תעשיות מזון בע""\מ",IL,פלפל צ'ומה עללחם 250,גרמים,250.00,100 גרם,false,,12.90,5.1600,true,1,323512
7290017129754,false,שוקולד פרימיום 70% מריר כרמית 100 גרם,"כרמית תעשיות ממתקים בע""\",IL,שוקולד אגו מריר 70%,גרמים,100.00,100 גרם,false,,7.80,7.8000,true,1,337144
7290017129761,false,שוקולד פרימיום 70% מריר בטעם תפוז כרמית 100 גרם,"כרמית תעשיות ממתקים בע""\",IL,שוקולד אגו מריר 70%,גרמים,100.00,100 גרם,false,,7.80,7.8000,true,1,337145
7290017129778,false,שוקולד פרימיום 70% מריר בטעם קפה כרמית 100 גרם,"כרמית תעשיות ממתקים בע""\",IL,שוקולד אגו מריר 70%,גרמים,100.00,100 גרם,false,,7.80,7.8000,true,1,337146
7290017129822,false,מטבעות שוקולד מריר כרמית 36 גרם,כרמית,IL,מטבעות שוקולד מריר כ,גרמים,36.00,100 גרם,false,,3.90,10.8333,true,1,317824
7290017129839,false,שוקולד פרימיום 70% מריר בטעם פטל כרמית 100 גרם,"כרמית תעשיות ממתקים בע""\",IL,שוקולד אגו מריר 70%,גרמים,100.00,100 גרם,false,,7.80,7.8000,true,1,337147
7290017129884,false,חמישיות שוקולד מריר 44% 85 גר*5*12 בקרטון,"כרמית תעשיות ממתקים בע""\",IL,שוקולד אגו מריר 5*85,גרמים,425.00,100 גרם,false,,12.90,3.0353,true,1,330545
7290017142166,false,"פילה טונה פרוס עם שמן זית 120 גרם ""עץ הזית""","יוניקורד ח.צ בע""מ",TH,פילה טונה בשמן זית ע,גרמים,120.00,100 גרם,false,,14.90,12.4167,true,1,322362
7290017142180,false,פילה טונה בשמן זית בטעם לימון עם פלפל שחור 120 ג',"יוניקורד ח.צ בע""מ",TH,פילה טונה בשמן זית ו,גרמים,120.00,100 גרם,false,,14.90,12.4167,true,1,322363
7290017142203,false,"פילה טונה פרוס עם שמן זית בטעם מעושן 120 גרם ""עץ הזית""","יוניקורד ח.צ בע""מ",TH,פילה טונה בשמן זית מ,גרמים,120.00,100 גרם,false,,14.90,12.4167,true,1,322364
7290017221267,false,יין חירות מסובין קינ,יקב חירות,IL,יין חירות מסובין קינ,מיליליטרים,750.00,"100 מ""ל",false,,149.90,19.9867,true,1,335290
7290017221328,false,יין חירות מרלו מתוק,יקב חירות,IL,יין חירות מרלו מתוק,מיליליטרים,750.00,"100 מ""ל",false,,149.90,19.9867,true,1,336859
7290017266398,false,גלילי וופל למילוי עלמה 150 גרם,גילרו,IL,מארז גליליות עלמה למ,גרמים,150.00,100 גרם,false,,14.90,9.9333,true,1,339105
7290017266886,false,גליליות ופל במילוי ק,עלמה,IL,גליליות ופל במילוי ק,גרמים,500.00,100 גרם,false,,11.90,2.3800,true,1,335206
7290017266893,false,גליליות ופל במילוי ק,עלמה,IL,גליליות ופל במילוי ק,גרמים,500.00,100 גרם,false,,11.90,2.3800,true,1,335207
7290017266909,false,וופלים מעולים במילוי קרם בטעם שוקולד SUNי 200 גרם,"גילרו בע""מ",IL,ופלים בטעם שוקולד עם,גרמים,200.00,100 גרם,false,,2.90,1.4500,true,1,338469
7290017275338,false,טורקיז- טחינה גולמית 500 גרם,אחדות ביחר לטחינה חל,IL,טחינה טורקיז 500 גרם,גרמים,500.00,100 גרם,false,,12.90,2.5800,true,1,333781
7290017275345,false,"טחינה גולמית בבקבוק לחיץ , 350 גרם אחווה",אחדות ביחר לטחינה חל,IL,טחינה אחוה לחיץ 350,גרמים,350.00,100 גרם,false,,8.90,2.5429,true,1,335173
7290017275369,false,טורקיז- טחינה משומשום מלא 500 גרם,אחדות ביחר לטחינה חל,IL,טחינה שומשום מלא טור,גרמים,500.00,100 גרם,false,,12.90,2.5800,true,1,333782
7290017275413,false,מיני קצפיות בטעם וניל אחוה 140 גרם,אחדות ביחר לטחינה חל,IL,מיני קצפיות בטעם וני,גרמים,140.00,100 גרם,false,,6.90,4.9286,true,1,335174
7290017275420,false,מיני קצפיות בטעם תות אחוה 140 גרם,אחדות ביחר לטחינה חל,IL,מיני קצפיות בטעם תות,גרמים,140.00,100 גרם,false,,6.90,4.9286,true,1,335175
7290017275437,false,מיני קצפיות בטעם פירות יער אחוה 140 גרם,אחדות ביחר לטחינה חל,IL,מיני קצפיות בטעם פיר,גרמים,140.00,100 גרם,false,,6.90,4.9286,true,1,335176
7290017275444,false,מיני קצפיות בטעם ענבים אחוה 140 גרם,אחדות ביחר לטחינה חל,IL,מיני קצפיות בטעם ענב,גרמים,140.00,100 גרם,false,,6.90,4.9286,true,1,335177
7290017275482,false,"סירופ בטעם ענבים אחוה 900 מ""ל",אחדות ביחר לטחינה חל,IL,סירופ אחוה בטעם ענבי,מיליליטרים,900.00,"100 מ""ל",false,,14.90,1.6556,true,1,335406
7290017275499,false,"סירופ בטעם אננס אחוה 900 מ""ל",אחדות ביחר לטחינה חל,IL,סירופ אחוה בטעם אננס,מיליליטרים,900.00,"100 מ""ל",false,,14.90,1.6556,true,1,335408
7290017275505,false,"סירופ בטעם פטל אחוה 900 מ""ל",אחדות ביחר לטחינה חל,IL,סירופ אחוה בטעם פטל,מיליליטרים,900.00,"100 מ""ל",false,,14.90,1.6556,true,1,335407
7290017285702,false,"סרקל קרם רוזמרין ד""ר פישר 325 מ""ל",פישר מעבדות פרמצבטיות בע,IL,"סרקל קרם רוזמרין ד""ר",גרמים,325.00,100 גרם,false,,21.90,6.7385,true,1,323308
7290017285733,false,סרקל מעצב 2 ליטר מגזרי .ח.,פישר מעבדות פרמצבטיות בע,IL,"מרכך סרקל ד""ר פישר 2",קילוגרמים,2.00,ליטר,false,,35.90,17.9500,true,1,323309
7290017285764,false,"ד""ר פישר - סרקל שמפו לילדים 2 ליטר",פישר מעבדות פרמצבטיות בע,IL,"שמפו סרקל ד""ר פישר 2",קילוגרמים,2.00,ליטר,false,,35.90,17.9500,true,1,323310
7290017289175,false,"יין ישראלי פטיט סירה אפרת 750 מ""ל",יקב טפרברג 1870 בעמ,IL,יין ישראלי פטיט סירה,מיליליטרים,750.00,"100 מ""ל",false,,19.90,2.6533,true,1,318878
7290017289182,false,"יין ישראלי לבן חצי יבש אפרת 750 מ""ל",יקב טפרברג 1870 בעמ,IL,יין ישראלי לבן חצי י,מיליליטרים,750.00,"100 מ""ל",false,,19.90,2.6533,true,1,318880
7290017289199,false,"יין ישראלי לבן יבש אפרת 750 מ""ל",יקב טפרברג 1870 בעמ,IL,יין ישראלי לבן יבש,מיליליטרים,750.00,"100 מ""ל",false,,19.90,2.6533,true,1,318879
7290017289588,false,"INSPIRE בלנד לבן יבש טפרברג 750 מ""ל",יקב טפרברג 1870 בעמ,IL,יין אינספייר בלנד לב,מיליליטרים,750.00,"100 מ""ל",false,,59.90,7.9867,true,1,327279
7290017289595,false,"יין אינספייר בלנד אדום יבש 150 שנה 750 מ""ל",יקב טפרברג 1870 בעמ,IL,יין אינספייר בלנד אד,מיליליטרים,750.00,"100 מ""ל",false,,59.90,7.9867,true,1,327257
7290017289601,false,"יין IMPRESSION בלנד לבן 150 שנה טפרברג 750 מ""ל",יקב טפרברג 1870 בעמ,IL,יין אימפרשן לבנד לבן,מיליליטרים,750.00,"100 מ""ל",false,,49.90,6.6533,true,1,337892
7290017289618,false,"יין IMPRESSION פטיט סירה 150 שנה טפרברג 750 מ""ל",יקב טפרברג 1870 בעמ,IL,יין אימפרשן קברנה פט,מיליליטרים,750.00,"100 מ""ל",false,,49.90,6.6533,true,1,327258
7290017303420,false,"בורקס תפו""א בון בייק",מאפיית אריאל,IL,"בורקס תפו""א בון בייק",פריט,1.40,"ק""ג",false,,16.90,12.0714,true,1,317996
7290017303437,false,בורקס גבינה בון בייק,מאפיית אריאל,IL,בורקס גבינה בון בייק,פריט,1.20,"ק""ג",false,,16.90,14.0833,true,1,317995
7290017303444,false,גחנון בון בייקרי 1.2,מאפיית אריאל,IL,גחנון בון בייקרי 1.2,פריט,1.20,"ק""ג",false,,16.90,14.0833,true,1,317997
7290017303451,false,מלוואח בון בייקרי 1.,מאפיית אריאל,IL,מלוואח בון בייקרי 1.,פריט,1.20,"ק""ג",false,,16.90,14.0833,true,1,317994
7290017304885,false,לחם שיפון מחיטה מלאה ללא תוספת סוכר 750 ג' אנג'ל,מאפיית שלמה א. אנג'\ל בע,IL,לחם שיפון וחיטה מלאה,גרמים,750.00,100 גרם,false,,16.90,2.2533,true,1,322167
7290017339610,false,חלה בריוש 6 כדורים ה,המחמצת,IL,חלה בריוש 6 כדורים ה,גרמים,600.00,100 גרם,false,,15.90,2.6500,true,1,328470
7290017339627,false,חלת בריוש כתר המחמצת,המחמצת,IL,חלת בריוש כתר המחמצת,גרמים,550.00,100 גרם,false,,16.90,3.0727,true,1,328471
7290017396002,false,לחמניות כוסמין המחמצ,המחמצת,IL,לחמניות כוסמין המחמצ,גרמים,400.00,100 גרם,false,,16.90,4.2250,true,1,338846
7290017396033,false,מארז בייגל רומני שומ,המחמצת,IL,בייגל רומני המחמצת 4,גרמים,450.00,100 גרם,false,,16.90,3.7556,true,1,335727
7290017396071,false,לחמניות המבורגר פרימ,המחמצת,IL,לחמניות המבורגר פרימ,גרמים,380.00,100 גרם,false,,15.90,4.1842,true,1,334595
7290017396163,false,לחם שיפון 70% אובלי,המחמצת,IL,לחם שיפון 70% אובלי,גרמים,560.00,100 גרם,false,,15.90,2.8393,true,1,328415
7290017396170,false,לחם שאור איטלקי המחמ,המחמצת,IL,לחם שאור איטלקי המחמ,גרמים,560.00,100 גרם,false,,15.90,2.8393,true,1,328416
7290017396187,false,לחם קלמטה אובלי המחמ,המחמצת,IL,לחם קלמטה אובלי המחמ,גרמים,560.00,100 גרם,false,,16.90,3.0179,true,1,328417
7290017396217,false,לחם דגנים אובלי המחמ,המחמצת,IL,לחם דגנים אובלי המחמ,גרמים,560.00,100 גרם,false,,15.90,2.8393,true,1,328418
7290017396224,false,לחם כוסמין אובלי המח,המחמצת,IL,לחם כוסמין אובלי המח,גרמים,560.00,100 גרם,false,,15.90,2.8393,true,1,328419
7290017396248,false,לחמניות מיני המבורגר,המחמצת,IL,לחמניות מיני המבורגר,גרמים,400.00,100 גרם,false,,15.90,3.9750,true,1,334597
7290017396286,false,המחמצת מארז בייגל יר,המחמצת,IL,מיני בייגל ירושלמי 4,גרמים,450.00,100 גרם,false,,16.90,3.7556,true,1,335728
7290017396293,false,לחם כפרי צרפתי אובלי,המחמצת,IL,לחם כפרי צרפתי אובלי,גרמים,560.00,100 גרם,false,,15.90,2.8393,true,1,328420
7290017396309,false,באגט שאור איטלקי המח,המחמצת,IL,באגט שאור איטלקי המח,גרמים,400.00,100 גרם,false,,9.90,2.4750,true,1,335967
7290017396415,false,ג'בטה דגנים המחמצת 6,המחמצת,IL,ג'בטה דגנים המחמצת 6,גרמים,600.00,100 גרם,false,,15.90,2.6500,true,1,333920
7290017396439,false,ג'בטה לבן 600 גרם,המחמצת,IL,ג'בטה לבן 600 גרם,גרמים,360.00,100 גרם,false,,15.90,4.4167,true,1,333921
7290017396507,false,בייגל חיטה המחמצת 36,המחמצת,IL,בייגל חיטה המחמצת 36,גרמים,360.00,100 גרם,false,,15.90,4.4167,true,1,329240
7290017418476,false,קראש קוביות נוגט בצי,"לבס שוקולד בע""מ",IL,קראש קוביות נוגט בצי,גרמים,65.00,100 גרם,false,,3.90,6.0000,true,1,319570
7290017418490,false,קראש עוגיות חמאה בצי,"לבס שוקולד בע""מ",IL,קראש עוגיות חמאה בצי,Unknown,0.00,יחידה,false,,3.90,0.0000,true,1,319573
7290017418551,false,קראש קרקר דג בציפוי,"לבס שוקולד בע""מ",IL,קראש קרקר דג בציפוי,Unknown,0.00,יחידה,false,,3.90,0.0000,true,1,325590
7290017418599,false,קראש דגן בציפוי שוקו,"לבס שוקולד בע""מ",IL,קראש דגן בציפוי שוקו,גרמים,65.00,100 גרם,false,,3.90,6.0000,true,1,325591
7290017418605,false,קראש כדור מיקס 65 גרם,"לבס שוקולד בע""מ",IL,קראש מיקס דגן / גליל,גרמים,65.00,100 גרם,false,,3.90,6.0000,true,1,325592
7290017457581,false,"סוד מרכך כביסה מרוכז קוקוס 900 מ""ל",הנקל סוד,IL,מרכך סוד מי קוקוס 90,מיליליטרים,900.00,"100 מ""ל",false,,11.90,1.3222,true,1,322550
7290017457598,false,"מרכך כביסה סוד מרוכז סאמר בלוסום 900 מ""ל",הנקל סוד,IL,מרכך סוד פריחת קיץ 9,מיליליטרים,900.00,"100 מ""ל",false,,11.90,1.3222,true,1,322551
7290017457727,false,"סוד כחול מרכך כביסה מרוכז20%+בישום 900 מ""ל",הנקל סוד,IL,מרכך סוד + בישום כחו,מיליליטרים,900.00,"100 מ""ל",false,,11.90,1.3222,true,1,320501
7290017457734,false,"סוד ורוד מרכך כביסה מרוכז20%+בישום 900 מ""ל",הנקל סוד,IL,מרכך סוד + בישום ורו,מיליליטרים,900.00,"100 מ""ל",false,,11.90,1.3222,true,1,320502
7290017457888,false,סוד ג'ל כביסה טוטל כחול 4 לי,הנקל סוד,IL,גל סוד פרש סקיי 4 ל,קילוגרמים,4.00,ליטר,false,,34.50,8.6250,true,1,325856
7290017477169,false,קשיו קלוי 250 גרם ששון הקולה,"דין שיווק וקלייה בע""",IL,קשיו 250 גרם,גרמים,250.00,100 גרם,false,,20.00,8.0000,true,1,315428
7290017496931,false,קבב בקר פרימיום 400 גרם,עוף ירושלים,IL,קבב פרימיום וול דאן,גרמים,400.00,100 גרם,false,,34.90,8.7250,true,1,326827
7290017513393,false,תה ירוק ספירולינה וצמחים ירוקים 25 שקי,תה ויסוצקי,IL,תה ירוק סופר גרין 25,גרמים,38.00,100 גרם,false,,19.90,52.3684,true,1,323325
7290017513409,false,תה ירוק SUPER GREEN 87 גרםבטעם אוכמניות ואסאי,תה ויסוצקי,IL,תה ירוק עם צמחים סגו,גרמים,38.00,100 גרם,false,,19.90,52.3684,true,1,323326
7290017589633,false,"רזרב גולד אדישיין קברנה סוביניון 750 מ""ל",יקבי ברקן Barkan,IL,יין רזרב גולד קברנה,מיליליטרים,750.00,"100 מ""ל",false,,35.00,4.6667,true,1,319391
7290017589923,false,פרי ראן גוורצטרמינר750מל,"יקב סגל בע""\מ",IL,יין לבן פרי ראן גוו,מיליליטרים,750.00,"100 מ""ל",false,,59.90,7.9867,true,1,327553
7290017599250,false,סוכרזית קלאסי 120 שקיות,ביסקול בע''מ,IL,ממתיק סוכרזית קלאסי,גרמים,120.00,100 גרם,false,,15.50,12.9167,true,1,338425
7290017599267,false,סוכרלוז 120 שקיות ממתיק שולחני,סוכרזית Sucrazit,IL,ממתיק סוכרלוז סוכרזי,גרמים,120.00,100 גרם,false,,24.50,20.4167,true,1,338460
7290017599274,false,סוכרזית סטיוויה 120 שקיות,ביסקול בע''מ,IL,ממתיק סוכרזית סטיווי,גרמים,120.00,100 גרם,false,,29.90,24.9167,true,1,338423
7290017599304,false,סוכרזית מהטבע סטיוויה כפית לכפית 400 גרם,ביסקול בעמ,IL,ממתיק סוכרזית סטיווי,גרמים,400.00,100 גרם,false,,33.90,8.4750,true,1,338424
7290017616001,false,שעועית ירוקה שלמה ור,נ.ת.נ.ג.ב החזקות,BE,שעועית ירוקה שלמה ור,גרמים,800.00,100 גרם,false,,6.50,0.8125,true,1,336067
7290017616025,false,שעועית ירוקה חתוכה ו,נ.ת.נ.ג.ב החזקות,BE,שעועית ירוקה חתוכה ו,גרמים,800.00,100 גרם,false,,6.50,0.8125,true,1,336068
7290017616032,false,שעועית צהובה חתוכה ו,נ.ת.נ.ג.ב החזקות,BE,שעועית צהובה חתוכה ו,גרמים,800.00,100 גרם,false,,6.50,0.8125,true,1,336069
7290017616421,false,סטייק טונה קפוא 500,,,סטייק טונה קפוא 500,גרמים,500.00,100 גרם,false,,24.90,4.9800,true,1,332325
7290017616513,false,אפונה עדינה אינדירה,הוראפרוסט,BE,אפונה עדינה אינדירה,פריט,1.00,"ק""ג",false,,17.90,17.9000,true,1,330548
7290017616520,false,"במיה אינדירה 1 ק""ג",גרין האוס,EG,"במיה אינדירה 1 ק""ג",פריט,1.00,"ק""ג",false,,13.90,13.9000,true,1,329950
7290017616537,false,חומוס גרגירים אינדיר,הוראפרוסט,BE,חומוס גרגירים אינדיר,פריט,1.00,"ק""ג",false,,13.90,13.9000,true,1,331586
7290017616544,false,"תירס אינדירה 1 ק""ג",הוראפרוסט,BE,"תירס אינדירה 1 ק""ג",פריט,1.00,"ק""ג",false,,10.90,10.9000,true,1,330653
7290017616551,false,אפונה וגזר אינדירה 1,הוראפרוסט,BE,אפונה וגזר אינדירה 1,פריט,1.00,"ק""ג",false,,10.90,10.9000,true,1,330549
7290017616568,false,לקט העונה אינדירה 1,הוראפרוסט,BE,לקט העונה אינדירה 1,פריט,1.00,"ק""ג",false,,10.90,10.9000,true,1,330553
7290017616575,false,"פול אינדירה 1 ק""ג",ג'קסיאן הינגשינגפודס,CN,"פול אינדירה 1 ק""ג",פריט,1.00,"ק""ג",false,,13.90,13.9000,true,1,330654
7290017616643,false,תחתיות ארטישוק אינדי,גרין האוס,EG,תחתיות ארטישוק אינדי,פריט,1.00,"ק""ג",false,,14.90,14.9000,true,1,329951
7290017616650,false,לקט לקוסקוס אינדירה,הוראפרוסט,BE,לקט לקוסקוס אינדירה,פריט,1.00,"ק""ג",false,,10.90,10.9000,true,1,330551
7290017616667,false,שעועית לבנה אינדירה,הוראפרוסט,BE,שעועית לבנה אינדירה,פריט,1.00,"ק""ג",false,,13.90,13.9000,true,1,330637
7290017616674,false,גזר גמדי אינדירה 1 ק,הוראפרוסט,BE,גזר גמדי אינדירה 1 ק,פריט,1.00,"ק""ג",false,,9.90,9.9000,true,1,330552
7290017617046,false,נתחי טונה בשמן זית כתית מעולה רביעיה * 140 ג',סטארקיסט,TR,טונה בשמן זית ס.ק. 4,גרמים,560.00,100 גרם,false,,24.90,4.4464,true,1,323596
7290017641379,false,חמישיות שוקולד חלב בדצ 85 ג*5 בלמינט*12 בקרט בדצ,"כרמית תעשיות ממתקים בע""\",IL,שוקולד אגו חלב 5*85,גרמים,425.00,100 גרם,false,,14.90,3.5059,true,1,330338
7290017641430,false,מטבעות שוקולד צבעוני,כרמית,IL,מטבעות שוקולד צבעוני,גרמים,360.00,100 גרם,false,,18.90,5.2500,true,1,323209
7290017641720,false,שוקולד פרימיום 70% שברי שקד כרמית 100 גרם,כרמית תעשיות ממתקים בעמ,IL,שוקולד אגו מריר 70%,גרמים,100.00,100 גרם,false,,7.80,7.8000,true,1,337143
7290017641737,false,שוקולד פרימיום 70% שברי אגוז כרמית 100 גרם,כרמית תעשיות ממתקים בעמ,IL,שוקולד אגו מריר 70%,גרמים,100.00,100 גרם,false,,7.80,7.8000,true,1,337148
7290017648019,false,יין בית אל הריטאז' 2,יקב בית אל,IL,יין בית אל הריטאז' 2,מיליליטרים,750.00,"100 מ""ל",false,,119.90,15.9867,true,1,334971
7290017648088,false,יין בית אל סופרמי 20,יקב בית אל,IL,יין בית אל סופרמי 20,מיליליטרים,750.00,"100 מ""ל",false,,249.90,33.3200,true,1,334973
7290017696393,false,בורגר פטריות מן הצומח 520 גר,מרינה פטריות,IL,בורגר פטריות מן הצומ,גרמים,520.00,100 גרם,false,,19.90,3.8269,true,1,327574
7290017696690,false,כוסברה מהדרין freshlid שמיטה,יבולי הכפר,IL,כוסברה מהדרין,Unknown,0.00,יחידה,false,,6.90,0.0000,true,1,333655
7290017696706,false,פטרוזיליה מהדרין freshlid,,,פטרוזיליה מהדרין,Unknown,0.00,יחידה,false,,6.90,0.0000,true,1,333656
7290017696713,false,שמיר מהדרין freshlid שמיטה,מרינה,IL,שמיר יח,Unknown,0.00,יחידה,false,,6.90,0.0000,true,1,323059
7290017696720,false,נענע מהדרין freshlid,מרינה,IL,נענע יח',Unknown,0.00,יחידה,false,,6.90,0.0000,true,1,323060
7290017712505,false,"מחית תפו""ע פרינוק 4*",HME,CZ,"מחית תפו""ע פרינוק 4*",גרמים,760.00,100 גרם,false,,16.90,2.2237,true,1,331403
7290017712512,false,"מחית תפו""ע ובננה פרי",HME,CZ,"מחית תפו""ע ובננה פרי",גרמים,760.00,100 גרם,false,,16.90,2.2237,true,1,331404
7290017712529,false,מחית סלט פירות פרינו,HME,CZ,מחית סלט פירות פרינו,גרמים,760.00,100 גרם,false,,16.90,2.2237,true,1,331405
7290017712536,false,מחית לפתן פירות פרינ,HME,CZ,מחית לפתן פירות פרינ,גרמים,760.00,100 גרם,false,,16.90,2.2237,true,1,331406
7290017812052,false,יין שיראז-קברנה סוביניון אקסלנס יקבי כרמל,יקבי כרמל Carmel Winery,IL,יין אקסלנס שיראז קבר,מיליליטרים,750.00,"100 מ""ל",false,,19.90,2.6533,true,1,318962
7290017812069,false,יין אמרלד ריזלינג שרדונה אקסלנס Excellence,יקבי כרמל Carmel Winery,IL,יין אקסלנס ריזלינג ש,מיליליטרים,750.00,"100 מ""ל",false,,19.90,2.6533,true,1,318963
7290017812144,false,יין ישן נושן מתוק 63,יקבי כרמל,IL,יין ישן נושן מתוק 63,מיליליטרים,630.00,"100 מ""ל",false,,9.90,1.5714,true,1,318848
7290017812649,false,תירוש כרמל לבן 1.2 ליטר,יקבי כרמל,IL,מיץ ענבים תירוש לבן,קילוגרמים,1.20,ליטר,false,,18.90,15.7500,true,1,324257
7290017812663,false,"תירוש לבן מיץ ענבים מבעבע כרמל 750 מ""ל",ג'\קובז'\י איי.אי פיגלי,IL,תירוש מבעבע לבן כרמל,מיליליטרים,750.00,"100 מ""ל",false,,19.90,2.6533,true,1,330089
7290017812830,false,יין רוזה פרייבט קולקשיין 750מל יקבי כרמל,"כד בני דרום בע""מ",IL,יין פ. קולקשיין רוזה,מיליליטרים,750.00,"100 מ""ל",false,,37.50,5.0000,true,1,329826
7290017812847,false,"יין פרנץ גוורצטרמינר סלקטד כרמל 750 מ""ל","כד בני דרום בע""מ",IL,יין סלקטד פרנץ גוורצ,מיליליטרים,750.00,"100 מ""ל",false,,28.90,3.8533,true,1,329827
7290017812861,false,יין וינו לבן יקבי כרמל,כרמל מזרחי,IL,יין וינו לבן יבש,מיליליטרים,750.00,"100 מ""ל",false,,15.90,2.1200,true,1,329828
7290017812885,false,"יין P.C סוביניון בלאן גוורצטרמינר כרמל 750 מ""ל",אגודת הכורמים א.ת אל,IL,יין פ.קולקשיין סובינ,מיליליטרים,750.00,"100 מ""ל",false,,37.50,5.0000,true,1,331599
7290017812977,false,"יין קריניאנו סלקטדאננס באז כרמל 750 מ""ל",כרמל מזרחי,IL,יין באז ספארקלינג אנ,מיליליטרים,750.00,"100 מ""ל",false,,23.90,3.1867,true,1,331589
7290017872179,false,טוסו - עוגיות טחינה ללא סוכר 200 גרם,"הגביע מוצרי וופלים בע""\מ",IL,עוגיות טחינה טוסו 20,גרמים,200.00,100 גרם,false,,13.90,6.9500,true,1,335388
7290017872186,false,טוסו - עוגיות פקאן ללא סוכר 200 גרם,"הגביע מוצרי וופלים בע""\מ",IL,עוגיות פקאן טוסו 200,גרמים,200.00,100 גרם,false,,13.90,6.9500,true,1,335389
7290017883342,false,סוכריות קופצות בטעם ענבים מארז 12 יח',האלקס גידה,TR,סוכריות קופצות בטעם,גרמים,48.00,100 גרם,false,,9.90,20.6250,true,1,332578
7290017883359,false,סוכריות קופצות בטעם תות שדה מארז 12 יח',האלקס גידה,TR,סוכריות קופצות בטעם,גרמים,48.00,100 גרם,false,,9.90,20.6250,true,1,332579
7290017883366,false,סוכריות קופצות בטעם פטל מארז 12 יח',האלקס גידה,TR,סוכריות קופצות בטעם,גרמים,48.00,100 גרם,false,,9.90,20.6250,true,1,332577
7290017884141,false,עוגיות מלוחות קצח שי,מאפיית ישראל חיפה,IL,עוגיות מלוחות קצח שי,גרמים,500.00,100 גרם,false,,11.50,2.3000,true,1,318986
7290017884158,false,עוגיות מלוחות שומשום,מאפיית ישראל חיפה,IL,עוגיות מלוחות שומשום,גרמים,500.00,100 גרם,false,,11.50,2.3000,true,1,318987
7290017884172,false,עוגיות מרוקאיות שירה,מאפיית ישראל חיפה,IL,עוגיות מרוקאיות שירה,גרמים,500.00,100 גרם,false,,11.50,2.3000,true,1,318991
7290017884189,false,כעכים מצופים שירה 50,מאפיית ישראל חיפה,IL,כעכים מצופים שירה 50,גרמים,500.00,100 גרם,false,,11.50,2.3000,true,1,323587
7290017884257,false,עוגיות כתר שירה 600,מאפיית ישראל חיפה,IL,עוגיות כתר שירה 600,גרמים,600.00,100 גרם,false,,11.50,1.9167,true,1,323727
7290017884264,false,עוגיות שוקוציפס שירה,מאפיית ישראל חיפה,IL,עוגיות שוקוציפס שירה,גרמים,600.00,100 גרם,false,,11.50,1.9167,true,1,318992
7290017884288,false,עוגיות מקלות קינמון,מאפיית ישראל חיפה,IL,עוגיות מקלות קינמון,גרמים,400.00,100 גרם,false,,11.50,2.8750,true,1,318990
7290017884295,false,מקלות מסוכרים במילוי,מאפיית ישראל חיפה,IL,מקלות מסוכרים במילוי,גרמים,400.00,100 גרם,false,,11.50,2.8750,true,1,324008
7290017884318,false,עוגיות פרפר במילוי ב,מאפיית ישראל חיפה,IL,עוגיות פרפר במילוי ב,גרמים,500.00,100 גרם,false,,11.50,2.3000,true,1,323721
7290017884370,false,עוגיות בטעם חלוה שיר,מאפיית ישראל חיפה,IL,עוגיות בטעם חלוה שיר,גרמים,500.00,100 גרם,false,,11.50,2.3000,true,1,318994
7290017884394,false,עוגיות בישקוטים מסוכ,מאפיית ישראל חיפה,IL,עוגיות בישקוטים מסוכ,גרמים,500.00,100 גרם,false,,11.50,2.3000,true,1,318995
7290017884448,false,עוגיות פריכות מצופות,מאפיית ישראל חיפה,IL,עוגיות פריכות מצופות,גרמים,500.00,100 גרם,false,,11.50,2.3000,true,1,323588
7290017884530,false,בישקוטים מצופים שירה,מאפיית ישראל חיפה,IL,בישקוטים מצופים שירה,גרמים,500.00,100 גרם,false,,11.50,2.3000,true,1,323589
7290017884547,false,עוגיות כתר במילוי תו,מאפיית ישראל חיפה,IL,עוגיות כתר במילוי תו,גרמים,500.00,100 גרם,false,,11.50,2.3000,true,1,323722
7290017888095,false,"שוופס מוגז עדין פירות יער פחיות רביעייה 330 מ""ל",יפאורה תבורי בעמ,IL,מארז שוופס פירות יער,קילוגרמים,1.32,ליטר,false,,11.90,9.0152,true,1,320643
7290017888101,false,"שוויפס מוגז עדין אפרסק מארז רביעייה* 330 מ""ל",יפאורה תבורי בעמ,IL,מארז שוופס אפרסק 4*3,קילוגרמים,1.32,ליטר,false,,11.90,9.0152,true,1,320644
7290017890203,false,המבורגר פרימיום 500 גרם,וול דאן,IL,המבורגר פרימיום וול,גרמים,400.00,100 גרם,false,,34.90,8.7250,true,1,326828
7290017890289,false,"בקר טחון 500 גרם עד""ח 50",וול דאן,IL,בשר טחון וול דאן 500,גרמים,500.00,100 גרם,false,,37.90,7.5800,true,1,335294
7290017918730,false,סלק אדום בוואקום 1 ק,אראל תוצרת חקלאית בע,IL,סלק אדום בוואקום 1 ק,פריט,1.00,"ק""ג",false,,9.90,9.9000,true,1,328208
7290017928234,false,מאיר בייגל גריסיני ב,מאיר בייגל,IL,גריסיני בייטס בצל מא,גרמים,175.00,100 גרם,false,,7.90,4.5143,true,1,326254
7290017928296,false,מאיר בייגל -סמאש-שבורים בטעם דבש חרדל ובצל 300 גרם,סבימקס,BG,שברי בייגלה בטעם דבש,גרמים,300.00,100 גרם,false,,11.90,3.9667,true,1,337725
7290017928494,false,מאיר בייגל -סמאש-שבורים בטעם צ'דר 300 גרם,מאיר בייגל,BG,שברי בייגלה בטעם צ'ד,גרמים,300.00,100 גרם,false,,11.90,3.9667,true,1,337726
7290017932057,false,תחתית אפויה לפאי 170,הנדריקס פוד,US,תחתית אפויה לפאי 170,גרמים,170.00,100 גרם,false,,6.90,4.0588,true,1,324347
7290017941073,false,סוכר לבן פולסקי 1קג,פולסקי,PL,סוכר לבן אלומות 1 ק,פריט,1.00,"ק""ג",false,,4.50,4.5000,true,1,339309
7290017946375,false,סוד - סבון אסלה בניחוח לימון אוקיינוס רביעיות,הנקל סוד,IL,כדוריות סוד לאסלה לי,גרמים,150.00,100 גרם,false,,19.90,13.2667,true,1,328483
7290017946573,false,סוד - סבון אסלה בניחוח פרחים רביעיות,הנקל סוד,IL,כדוריות סוד לאסלה פר,גרמים,150.00,100 גרם,false,,19.90,13.2667,true,1,328484
7290017947105,false,לחם אנג'ל בסגנון אמריקה 500 גרם,מאפיית שלמה א. אנג'\ל בע,IL,לחם אנגל בסגנון אמרי,גרמים,500.00,100 גרם,false,,14.90,2.9800,true,1,324478
7290017947464,false,שמיניית פיתות כוסמין אנג'ל 8*50 גרם,מאפיית שלמה א.אנג'\ל בע\,IL,פיתות כוסמין אנג'ל 8,גרמים,400.00,100 גרם,false,,14.90,3.7250,true,1,328441
7290017947495,false,6 לחמניות כוסמין 450 גרם אנג'ל,מאפיית שלמה א.אנג'\ל,IL,לחמניות כוסמין אנגל,גרמים,450.00,100 גרם,false,,15.90,3.5333,true,1,329136
7290017947891,false,לחם אנג'ל כוסמין וחיטה מלאה 750 גרם,מאפיית שלמה א. אנג'\ל בע,IL,לחם כוסמין וחיטה מלא,גרמים,750.00,100 גרם,false,,16.90,2.2533,true,1,324406
7290017947921,false,לחמניות המבורגר בסגנון אמריקאי מארז 6 יח',מאפיית שלמה א. אנג'\ל בע,IL,לחמניות המבורגר אנגל,גרמים,450.00,100 גרם,false,,14.90,3.3111,true,1,324687
7290017947938,false,מיני לחמניות המבורגר בסגנון אמריקה 400 ג' אנג'ל,מאפיית שלמה א. אנג'\ל בע,IL,לחמניות מיני המבורגר,גרמים,400.00,100 גרם,false,,14.90,3.7250,true,1,331747
7290017978215,false,"קרמבו מוקה ""ריאו"" 16 יחידות","גלידות ריאו ביח""ר לג",IL,קרמבו בטעם מוקה ריאו,גרמים,480.00,100 גרם,false,,21.50,4.4792,true,1,327577
7290017978246,false,שמיניות קרח ללא סוכר בטעם תות LIGHTICE,"גלידות ריאו ביח""ר לג",IL,קרחוני לייט בטעם תות,גרמים,720.00,100 גרם,false,,14.50,2.0139,true,1,338389
7290017978833,false,"ריאו גלידונית חלבית ""שוקולידה"" 32יח","גלידות ריאו ביח""ר לג",IL,חטיפי גלידה שוקולידה,גרמים,700.00,100 גרם,false,,29.90,4.2714,true,1,331697
7290018045138,false,דגני בוקר קוקו פאבלס,פוסט לקיוויל,US,דגני בוקר קוקו פאבלס,גרמים,311.00,100 גרם,false,,19.90,6.3987,true,1,338687
7290018045336,false,דגני בוקר פרוטי פאבל,פוסט לקיוויל,US,דגני בוקר פרוטי פאבל,גרמים,311.00,100 גרם,false,,19.90,6.3987,true,1,338688
7290018045534,false,דגני בוקר בטעם פירות,פוסט לקיוויל,US,דגני בוקר בטעם פירות,גרמים,354.00,100 גרם,false,,19.90,5.6215,true,1,338690
7290018045732,false,דגני בוקר עם פירורי,פוסט לקיוויל,US,דגני בוקר עם פירורי,גרמים,311.00,100 גרם,false,,19.90,6.3987,true,1,338689
7290018090831,false,יין שמאי רוסאן 2019,יקב שמאי,IL,יין שמאי רוסאן 2019,מיליליטרים,750.00,"100 מ""ל",false,,129.90,17.3200,true,1,337140
7290018091029,false,מקלות פילו תפוחי אדמה מעדנות 450 ג',תנובה מעדנות,IL,"מקלות פילו תפו""א מעד",גרמים,450.00,100 גרם,false,,14.90,3.3111,true,1,328766
7290018091616,false,מקלות פילו גבינה מעדנות 450 גרם,מיוצר עי קונדיטוריית,IL,מקלות פילו גבינה מעד,גרמים,450.00,100 גרם,false,,14.90,3.3111,true,1,328768
7290018099025,false,עשירייה פיתות כוסמין רכות במיוחד 99 קלוריות,מאסטר פייתה,IL,פיתות כוסמין מאסטר פ,פריט,1.00,"ק""ג",false,,14.90,14.9000,true,1,338174
7290018115039,false,אבוקדו מוכן לאכילה,אראל תוצרת חקלאית בע,IL,אבוקדו מוכן לאכילה,Unknown,0.00,יחידה,false,,4.90,0.0000,true,1,327945
7290018131756,false,מאגדת שלגון וניל מצופה תות נסטלה 440 גרם,גלידות נסטלה )נגה גלידות,IL,שלגוני וניל מצופה תו,גרמים,440.00,100 גרם,false,,22.90,5.2045,true,1,330953
7290018131855,false,אקסטרים טילון בראוניז בדצ מאגדת 6*72 גרם נסטלה,גלידות נסטלה )נגה גלידות,IL,טילוני אקסטרים בראונ,גרמים,432.00,100 גרם,false,,22.50,5.2083,true,1,331748
7290018131954,false,קרחון שרבט פרווה לה פרוטה תות שדה ושוקולד מריר,נגה גלידות שותפות מוגבלת,IL,שלגוני לה פרוטה תות,גרמים,350.00,100 גרם,false,,21.90,6.2571,true,1,330954
7290018165010,false,"יין רזרב GOLD EDITION גווצטרמינר ברקן 750 מ""ל",יקבי ברקן שיווק והפצה בע,IL,יין רזרב גולד גוורצט,מיליליטרים,750.00,"100 מ""ל",false,,35.00,4.6667,true,1,339577
7290018165553,false,יין אדום מתוק תרגימ,סרבטא,IL,יין אדום מתוק תרגימ,מיליליטרים,750.00,"100 מ""ל",false,,119.90,15.9867,true,1,333357
7290018192658,false,מארז זוג פטריות פורטובלה ושמפיניון מרינה,"מרינה פטריות הגליל בע""מ",IL,פטריות צמד חמד איטלק,Unknown,0.00,יחידה,false,,15.90,0.0000,true,1,327056
7290018194393,false,ערק בראשית 40% 700 מ,משקאות ג'בלנא,IL,ערק בראשית 40% 700 מ,מיליליטרים,700.00,"100 מ""ל",false,,39.90,5.7000,true,1,331700
7290018195048,false,"חתיכות אננס בסירופ קל טעמן, 850 גרם",פ.ת גרייט פנאפל,TH,לפתן אננס חתוך טעמן,גרמים,850.00,100 גרם,false,,9.90,1.1647,true,1,336659
7290018195123,false,מארז סרדין בלימון טע,אינטרנשיונל קנינג קו,MA,מארז סרדין בלימון טע,גרמים,375.00,100 גרם,false,,9.90,2.6400,true,1,333743
7290018195130,false,מארז סרדין פלפל חריף,אינטרנשיונל קנינג קו,MA,מארז סרדין פלפל חריף,גרמים,375.00,100 גרם,false,,9.90,2.6400,true,1,333744
7290018195895,false,קראנצ' חטיפי שיבולת שועל שוקולד מריר 40X5 גרם,סנטה איי קוולסקי אס,IL,חטיף ש.שועל עם שוקול,גרמים,200.00,100 גרם,false,,12.90,6.4500,true,1,332263
7290018195918,false,קראנצ' חטיפי שיבולת שועל דבש וקינמון 40X5 גרם,סנטה איי קוולסקי אס,PL,חטיף ש.שועל דבש וקינ,גרמים,200.00,100 גרם,false,,12.90,6.4500,true,1,332262
7290018208014,false,תמר מגהול פרימיום 1,אראל תוצרת חקלאית בע,IL,תמר מגהול פרימיום 1,פריט,1.00,"ק""ג",false,,24.90,24.9000,true,1,323028
7290018208021,false,"תמר מגהול ענק 2 ק""ג",אראל תוצרת חקלאית בע,IL,"תמר מגהול ענק 2 ק""ג",פריט,2.00,"ק""ג",false,,39.90,19.9500,true,1,323029
7290018208045,false,ערמונים קלויים וקלופ,אראל תוצרת חקלאית בע,IL,ערמונים קלויים וקלופ,גרמים,100.00,100 גרם,false,,3.90,3.9000,true,1,323812
7290018208168,false,תמרים לחים חיאני 600,אראל תוצרת חקלאית בע,IL,תמרים לחים חיאני 600,גרמים,600.00,100 גרם,false,,9.90,1.6500,true,1,327623
7290018208809,false,"תמר מגהול 1 ק""ג",אראל תוצרת חקלאית בע,IL,"תמר מגהול 1 ק""ג",פריט,1.00,"ק""ג",false,,14.90,14.9000,true,1,323017
7290018215623,false,יין אלכסנדר זהר 2018,אגדת,IL,יין אלכסנדר זהר 2018,מיליליטרים,750.00,"100 מ""ל",false,,149.90,19.9867,true,1,330173
7290018294000,false,"יין קינג דויד רוזה כרמל 750 מ""ל",כרמל מזרחי,IL,יין קינג דיוויד רוזה,מיליליטרים,750.00,"100 מ""ל",false,,18.90,2.5200,true,1,332298
7290018294055,false,תירוש כרמל רוזה 1.2 ליטר,יקבי כרמל,IL,מיץ ענבים תירוש רוזה,קילוגרמים,1.20,ליטר,false,,18.90,15.7500,true,1,330174
7290018294123,false,יין דלתא חבית 52 201,יקבי כרמל,IL,יין דלתא חבית 52 201,מיליליטרים,750.00,"100 מ""ל",false,,149.90,19.9867,true,1,335961
7290018294208,false,"סלקטדאדום ישראלי יבש כרמל 750 מ""ל","כד בני דרום בע""מ",IL,יין סלקטד אדום ישראל,מיליליטרים,750.00,"100 מ""ל",false,,28.90,3.8533,true,1,332303
7290018294352,false,"ארק יקבי כרמל 700 מ""",יקבי כרמל Carmel Winery,ES,"ארק כרמל 700 מ""ל",מיליליטרים,700.00,"100 מ""ל",false,,54.90,7.8429,true,1,334752
7290018294895,false,"יין מונלייט מוסקטו ורוד מבעבע 750 מ""ל",יקבי כרמל Carmel Winery,IL,יין מוסקטו מבעבע מונ,מיליליטרים,750.00,"100 מ""ל",false,,33.90,4.5200,true,1,338062
7290018333181,false,אגו רוקס חטיפי שוקולד חלב עם פתיתי תירס ושברי אגוזי לוז 100 גרם,כרמית,IL,אגו רוקס שוקולד קורנ,גרמים,100.00,100 גרם,false,,8.90,8.9000,true,1,327460
7290018333198,false,"אגו רוקס חטיפי שוקולד חלב עם פתיתי תירס, שברי בוטנים מסוכרים ומלח 100 גרם","כרמית תעשיות ממתקים בע""\",IL,אגו רוקס שוקולד קורנ,גרמים,100.00,100 גרם,false,,8.90,8.9000,true,1,327461
7290018333419,false,מטבעות שוקולד חלב בצ,כרמית,IL,מטבעות שוקולד חלב בצ,גרמים,900.00,100 גרם,false,,49.90,5.5444,true,1,328186
7290018333426,false,מטבעות שוקולד מריר ב,כרמית,IL,מטבעות שוקולד מריר ב,גרמים,900.00,100 גרם,false,,49.90,5.5444,true,1,328187
7290018333433,false,מטבעות שוקולד חלב צב,כרמית,IL,מטבעות שוקולד חלב צב,גרמים,900.00,100 גרם,false,,49.90,5.5444,true,1,328188
7290018440629,false,תה ויסוצקי טעם עשיר,ויסוצקי,IL,תה ויסוצקי טעם עשיר,Unknown,0.00,יחידה,false,,19.90,0.0000,true,1,333120
7290018443347,false,שמיר ברכת קטיף מצע מנותק ייבול נוכרי,ברכת קטיף,IL,שמיר ברכת קטיף,Unknown,0.00,יחידה,false,,5.90,0.0000,true,1,333560
7290018443354,false,נענע ברכת קטיף מצע מנותק ייבול נוכרי,ברכת קטיף,IL,נענע ברכת קטיף,Unknown,0.00,יחידה,false,,5.90,0.0000,true,1,333561
7290018443378,false,מנגולד ברכת קטיף מצע מנותק ייבול נוכרי,ברכת קטיף,IL,מנגולד ברכת קטיף,Unknown,0.00,יחידה,false,,6.90,0.0000,true,1,333546
7290018443408,false,כרוב לבן ברכת קטיף מצע מנותק ייבול נוכרי,ברכת קטיף,IL,כרוב לבן ברכת קטיף,קילוגרמים,1.00,"ק""ג",true,,13.90,13.9000,true,1,333543
7290018443446,false,נבטים סינים יח,בוסתן עשבי תיבול,IL,נבטים סינים יח,Unknown,0.00,יחידה,false,,5.90,0.0000,true,1,332954
7290018443460,false,נבטים אלפלא,בוסתן עשבי תיבול,IL,נבטים אלפלא,Unknown,0.00,יחידה,false,,5.90,0.0000,true,1,332955
7290018443705,false,לבבות חסה קיסר,,,לבבות חסה קיסר,Unknown,0.00,יחידה,false,,12.90,0.0000,true,1,333858
7290018464052,false,יין תניא עברי בלנד 2,יקב תניא,IL,יין תניא עברי בלנד 2,מיליליטרים,750.00,"100 מ""ל",false,,89.90,11.9867,true,1,335304
7290018464205,false,יין תניא עין עליא מג,יקב תניא,IL,יין תניא עין עליא מג,קילוגרמים,1.50,ליטר,false,,398.90,265.9333,true,1,334849
7290018471029,false,"סודה בטעם לימון - מארז 6 בקבוקים 500 מ""ל",יפאורה תבורי בעמ,IL,מארז שוופס סודה לימו,קילוגרמים,3.00,ליטר,false,,13.90,4.6333,true,1,328572
7290018471180,false,משקה פרוט& ווג' אננס תפוח גזר 1 ליטר,פרוט אנד וג' Fruit & Veg,IL,פרוט אנד ווג' אננס ת,קילוגרמים,1.00,ליטר,false,,9.90,9.9000,true,1,331170
7290018471197,false,פרוט & ווג' תפוח בננה מלון נענע 1 ליטר,פרוט אנד וג' Fruit & Veg,IL,פרוט אנד ווג' תפוח ב,קילוגרמים,1.00,ליטר,false,,9.90,9.9000,true,1,331169
7290018471210,false,קרטונית נקטר ספרינג תפוח סברס 1 ליטר,"יפאורה תבורי בע""\מ",IL,נקטר ספרינג אגס תפוח,קילוגרמים,1.00,ליטר,false,,5.30,5.3000,true,1,331168
7290018471395,false,משקה פרוט& ווג' תפוח רימון ג'ינג'ר 1 ליטר,פרוט אנד וג' Fruit & Veg,IL,פרוט אנד ווג' תפוח ר,קילוגרמים,1.00,ליטר,false,,9.90,9.9000,true,1,331208
7290018471401,false,משקה פרוט& ווג' אננס בננה כורכום 1 ליטר,פרוט אנד וג' Fruit & Veg,IL,פרוט אנד ווג' אננס ב,קילוגרמים,1.00,ליטר,false,,9.90,9.9000,true,1,331171
7290018471449,false,קרטונית ספרינג שייק בננה תמר תפוז 1 ליטר,"יפאורה תבורי בע""\מ",IL,ספרינג שייק בננה תמר,קילוגרמים,1.00,ליטר,false,,11.90,11.9000,true,1,332453
7290018471463,false,תפוזינה נקטר תפוז מנגו קרטונית 1 ליטר,"יפאורה תבורי בע""\מ",IL,נקטר תפוזינה ENJOY,קילוגרמים,1.00,ליטר,false,,6.50,6.5000,true,1,331520
7290018471470,false,תפוזינה נקטר תפוז פסיפלורה קרטונית 1 ליטר,"יפאורה תבורי בע""\מ",IL,נקטר תפוזינה ENJOY,קילוגרמים,1.00,ליטר,false,,6.50,6.5000,true,1,331521
7290018471487,false,תפוזינה נקטר תפוז אננס קרטונית 1 ליטר,"יפאורה תבורי בע""\מ",IL,נקטר תפוזינה ENJOY,קילוגרמים,1.00,ליטר,false,,6.50,6.5000,true,1,331522
7290018471494,false,קרטונית נקטר ספרינג תפוז גזר 1 ליטר,"יפאורה תבורי בע""\מ",IL,נקטר תפוזינה ENJOY,קילוגרמים,1.00,ליטר,false,,6.50,6.5000,true,1,331523
7290018471548,false,"רביעיית ספרינג ענבים 250 מ""ל","יפאורה תבורי בע""\מ",IL,מארז ספרינג ענבים 4*,קילוגרמים,1.00,ליטר,false,,10.90,10.9000,true,1,330905
7290018471692,false,ספרינג שייק בננה אננס קוקוס פירות יער קרטונית 1 ל',"יפאורה תבורי בע""\מ",IL,ספרינג שייק בננה אננ,קילוגרמים,1.00,ליטר,false,,11.90,11.9000,true,1,332455
7290018471906,false,שוופס מוגז פירות לימונדה ורודה 1.5 ליטר פיקדון,"יפאורה תבורי בע""\מ",IL,שוופס לימונדה ורודה,קילוגרמים,1.50,ליטר,false,,8.20,5.4667,true,1,334398
7290018471913,false,משקה מוגז פירות תפוחים שוופס 1.5 ליטר,"יפאורה תבורי בע""\מ",IL,שוופס תפוח מוגז 1.5,קילוגרמים,1.50,ליטר,false,,8.20,5.4667,true,1,334399
7290018471920,false,שוופס מוגז פירות ענבים 1.5 ליטר פיקדון,"יפאורה תבורי בע""\מ",IL,שוופס ענבים מוגז 1.5,קילוגרמים,1.50,ליטר,false,,8.20,5.4667,true,1,334400
7290018471937,false,שוופס מוגז פירות תות ליים 1.5 ליטר פיקדון,"יפאורה תבורי בע""\מ",IL,שוופס פירות תות ליים,קילוגרמים,1.50,ליטר,false,,8.20,5.4667,true,1,334401
7290018471944,false,שוופס מוגז פירות לימונייד 1.5 ליטר פיקדון,"יפאורה תבורי בע""\מ",IL,שוופס למונייד מוגז 1,קילוגרמים,1.50,ליטר,false,,8.20,5.4667,true,1,334402
7290018471951,false,שוופס מוגז פירות אשכולית אדומה 1.5 ליטר פיקדון,"יפאורה תבורי בע""\מ",IL,שוופס אשכולית אדומה,קילוגרמים,1.50,ליטר,false,,8.20,5.4667,true,1,334403
7290018500231,false,לחם פרוס וויקאנד אנג'ל 750 גרם,מאפיית שלמה א. אנג'\ל בע,IL,לחם פינוקים וויקאנד,גרמים,750.00,100 גרם,false,,15.90,2.1200,true,1,338012
7290018500361,false,"לחם שחור פרוס 900 גרם ""אנג'ל"" -מוצר בפיקוח",מאפיית שלמה א. אנג'\ל בע,IL,לחם אחיד פרוס אנגל 9,גרמים,900.00,100 גרם,false,,8.30,0.9222,true,1,337775
7290018500392,false,"חלה רגילה 650 גרם ""אנגל""-מוצר בפיקוח",מאפיית שלמה א. אנגל,IL,חלה קלועה אנגל 650 ג,גרמים,650.00,100 גרם,false,,5.90,0.9077,true,1,337825
7290018500477,false,לחם אחיד פרוס אחדות,מאפית אנגל,IL,לחם אחיד פרוס אחדות,גרמים,900.00,100 גרם,false,,7.40,0.8222,true,1,338610
7290018540329,false,שקית פיתה פיתה בלדי 800 ג' אנג'ל,מאפיית שלמה א. אנג'\ל בע,IL,פיתות אנגל בלדי 8 יח,גרמים,800.00,100 גרם,false,,10.90,1.3625,true,1,333320
7290018540817,false,ארטיזנל לחם מחמצת כוסמין אנג'ל 500 גרם,מאפיית אורנים,IL,לחם מחמצת כוסמין אנג,גרמים,500.00,100 גרם,false,,19.90,3.9800,true,1,334549
7290018540831,false,ארטיזנל לחם מחמצת חיטה מלאה ודגנים אנג'ל 500 גרם,מאפיית אורנים,IL,לחם מחמצת חיטה מלאה,גרמים,500.00,100 גרם,false,,18.90,3.7800,true,1,334551
7290018571019,false,סוכריות ג'לי חנוכה מ,מיה תעשיות מזון בעמ,IL,סוכריות ג'לי חנוכה מ,גרמים,350.00,100 גרם,false,,14.90,4.2571,true,1,328401
7290018571064,false,"מקלוני טופי 450 גרם ""מיה""",מיה תעשיות מזון בעמ,TR,טופי מקלונים מיה 450,גרמים,450.00,100 גרם,false,,15.90,3.5333,true,1,330529
7290018571088,false,"טופי חמוצמוץ 600 גרם ""מיה""",מיה תעשיות מזון בעמ,TR,טופי חמוצמוץ מיה 600,גרמים,600.00,100 גרם,false,,15.90,2.6500,true,1,330531
7290018571170,false,ציפוי לשניצל שום מיה,מיה תעשיות מזון בעמ,IL,ציפוי לשניצל שום מיה,גרמים,600.00,100 גרם,false,,9.90,1.6500,true,1,331136
7290018571187,false,ציפוי לשניצל פיקנטי,מיה תעשיות מזון בעמ,IL,ציפוי לשניצל פיקנטי,גרמים,600.00,100 גרם,false,,9.90,1.6500,true,1,331134
7290018571194,false,ציפוי לשניצל בתיבול,מיה תעשיות מזון בעמ,IL,ציפוי לשניצל בתיבול,גרמים,600.00,100 גרם,false,,9.90,1.6500,true,1,331137
7290018571200,false,פירורי לחם מוזהב מיה,מיה תעשיות מזון בעמ,IL,פירורי לחם מוזהב מיה,גרמים,700.00,100 גרם,false,,7.90,1.1286,true,1,333470
7290018571293,false,קשיו קלוי 200 גרם בנאספק,מיה תעשיות מזון בעמ,IL,קשיו קלוי מיה 200 ג',גרמים,200.00,100 גרם,false,,17.90,8.9500,true,1,330121
7290018571422,false,מיה-לקקנים מולטיקולור מיקס 65 יחידות,מיה תעשיות מזון בעמ,IL,לקקנים מיקס צבעוני מ,Unknown,0.00,יחידה,false,,16.90,0.0000,true,1,333942
7290018571439,false,אורז מלא אינדירה 1.4,מיה תעשיות מזון בעמ,IL,אורז מלא אינדירה 1.4,פריט,1.40,"ק""ג",false,,9.90,7.0714,true,1,335232
7290018571446,false,אורז ריזוטו אינדירה,מיה תעשיות מזון בעמ,IL,אורז ריזוטו אינדירה,פריט,1.40,"ק""ג",false,,9.90,7.0714,true,1,335233
7290018571460,false,קורנפלור מיה 800 גרם,מיה תעשיות מזון בעמ,IL,קורנפלור מיה 800 גרם,גרמים,800.00,100 גרם,false,,5.90,0.7375,true,1,333052
7290018571484,false,אגוז פקאן מיה 400 גר,מיה תעשיות מזון בעמ,IL,אגוז פקאן מיה 400 גר,גרמים,400.00,100 גרם,false,,39.90,9.9750,true,1,333053
7290018571491,false,ריבת חלב אמיתי אמיתית בצנצנת 340 גרם,מיה תעשיות מזון בעמ,IL,ריבת חלב אמיתי מיה 3,גרמים,340.00,100 גרם,false,,12.90,3.7941,true,1,336419
7290018571507,false,סוכריות ויטמין סי לילדים דובונים יד למעלה 175 גרם מיה פלוס,מיה תעשיות מזון בעמ,IL,דובוני ג'לי ויטמין,גרמים,175.00,100 גרם,false,,38.90,22.2286,true,1,338839
7290018571514,false,סוכריות ויטמין די ילדים דובונים יד למעלה 175 גרם מיה פלוס,מיה תעשיות מזון בעמ,IL,דובוני ג'לי ויטמין,גרמים,175.00,100 גרם,false,,38.90,22.2286,true,1,338840
7290018571521,false,סוכריות מולטי ויטמין ילדים דובונים יד למעלה 175 גרם מיה פלוס,מיה תעשיות מזון בעמ,IL,דובוני ג'לי מולטי וי,גרמים,175.00,100 גרם,false,,38.90,22.2286,true,1,338841
7290018571538,false,סוכריות חורף פרופוליס אכיניציה ילדים דובונים יד למעלה 175 גרם מיה פלוס,מיה תעשיות מזון בעמ,IL,דובוני ג'לי פרופולי,גרמים,175.00,100 גרם,false,,38.90,22.2286,true,1,338842
7290018571576,false,סילאן טבעי לחיץ מיה,אל ברקן דאטס,AE,סילאן טבעי לחיץ מיה,פריט,1.15,"ק""ג",false,,24.90,21.6522,true,1,334146
7290018571606,false,תערובת תבלינים ראס אל חנות 70 גרם מיה,מיה תעשיות מזון בעמ,IL,ראס אל חנות מיה 70 ג,גרמים,70.00,100 גרם,false,,7.90,11.2857,true,1,336712
7290018571637,false,סוכריות מולטי ויטמין גברים מבוגרים גבעות  220 גרם מיה פלוס,מיה תעשיות מזון בעמ,IL,ס. ג'לי מולטי ויטמין,גרמים,222.00,100 גרם,false,,38.90,17.5225,true,1,338837
7290018571798,false,סוכריות ג'לי שמחות 2 צבעים מיה 540 גרם,מיה תעשיות מזון בעמ,IL,סוכריות גלי שמחות 2,גרמים,540.00,100 גרם,false,,18.50,3.4259,true,1,338280
7290018571804,false,סוכריות ג'לי מטבעות מיה 255 גרם,מיה תעשיות מזון בעמ,IL,ג'לי מטבעות מיה 225,גרמים,225.00,100 גרם,false,,9.90,4.4000,true,1,338281
7290018652039,false,לה קרמריה קרמל מלוח ונוגט בדצ 6*1.4 ליטר,גלידות נסטלה )נגה גלידות,IL,גלידה לה קרמריה מלוח,קילוגרמים,1.40,ליטר,false,,16.90,12.0714,true,1,331741
7290018652657,false,פרוייקט סער-מאגת לייט מנגו נסטלה 6*52 גרם,גלידות נסטלה,IL,שלגוני לייט נסטלה מנ,גרמים,312.00,100 גרם,false,,22.90,7.3397,true,1,337783
7290018652671,false,"לה קרמריה שוקולד וניל 1.4 ליטר [תו אי""ל]",גלידות נסטלה,IL,גלידה לה קרמריה בטעמ,קילוגרמים,1.40,ליטר,false,,17.50,12.5000,true,1,337622
7290018652688,false,לה קרמריה פירות טרופיים ופירות יער נסטלה 700 גרם,גלידות נסטלה,IL,שרבט לה קרמריה טרופי,קילוגרמים,1.40,ליטר,false,,17.50,12.5000,true,1,336260
7290018652886,false,שלגונים בשומן צמחי בטעמי שוקו ובננה מצופים צימקאו,גלידות נסטלה,IL,שלגוני נסטלה שוקו בנ,גרמים,440.00,100 גרם,false,,22.90,5.2045,true,1,337784
7290018652909,false,מאגדת מאגנום קפה שוקולד ופקאן 5 *43 ג' נסטלה,גלידות נסטלה,IL,שלגונים בטעם אייס קפ,גרמים,215.00,100 גרם,false,,22.90,10.6512,true,1,337785
7290018795385,false,חסה לליק מהדרין קמעונאי,"מרינה פטריות הגליל בע""מ",IL,חסה לליק,Unknown,0.00,יחידה,false,,12.90,0.0000,true,1,334990
7290018795842,false,שיני שום קלופות 500ג מרינה,מרינה,IL,שום קלוף מרינה 500 ג,גרמים,500.00,100 גרם,false,,16.90,3.3800,true,1,337962
7290018810071,false,יין בראשית רוזה 2021,יקב בראשית,IL,יין בראשית רוזה 2021,מיליליטרים,750.00,"100 מ""ל",false,,69.90,9.3200,true,1,339303
7290018878088,false,שלשות שוקולד ללס מריר ב.יוסף 85ג*3*18בקרט,"כרמית תעשיות ממתקים בע""\",IL,"שוקולד אגו מריר ללת""",גרמים,255.00,100 גרם,false,,14.90,5.8431,true,1,337659
7290018878095,false,שלשות שוקולד ללס חלב 85ג*3*18בקרט,"כרמית תעשיות ממתקים בע""\",IL,"שוקולד אגו חלב ללת""ס",גרמים,255.00,100 גרם,false,,14.90,5.8431,true,1,337660
7290018878125,false,שלשות שוקולד ללס לבן 85ג*3*18בקרט,"כרמית תעשיות ממתקים בע""\",IL,"שוקולד אגו לבן ללת""ס",גרמים,255.00,100 גרם,false,,14.90,5.8431,true,1,337661
7290018878798,false,מטבעות שוקולד חלב צבעוני 36 גרם כרמית,כרמית,IL,מטבעות שוקולד חלב צב,גרמים,36.00,100 גרם,false,,3.90,10.8333,true,1,339581
7290018879825,false,מטבעות שוקולד לבן 36 גרם כרמית,כרמית,IL,מטבעות שוקולד לבן כר,גרמים,36.00,100 גרם,false,,3.90,10.8333,true,1,339582
7290018886304,false,פת דגנים סגנון שוודי,סונקו,PL,פת דגנים בסגנון שווד,גרמים,340.00,100 גרם,false,,9.90,2.9118,true,1,337970
7290018886328,false,פת דגנים שיפון מאפים,סונקו,PL,פת דגנים שיפון מאפים,גרמים,340.00,100 גרם,false,,9.90,2.9118,true,1,337971
7290018886342,false,פת דגנים 7 דגנים 340,סונקו,PL,פת 7 דגנים מאפים 340,גרמים,340.00,100 גרם,false,,9.90,2.9118,true,1,337972
7290018886991,false,שמן קנולה מזוכך 1לי- בית יוסף,סקנולה,EE,שמן קנולה אלומות 1 ל,קילוגרמים,1.00,ליטר,false,,8.90,8.9000,true,1,336700
7290018893036,false,צ'וקטה ביסקוויט בטעם שוקוטלד במילוי קרם בטעם וניל 176 גרם,צ'וקטה Chocketa,ES,עוגיות סנדוויץ' בטעם,גרמים,176.00,100 גרם,false,,6.90,3.9205,true,1,338440
7290018893265,false,צ'וקטה עוגות אישיות במילוי קרם עם קקאו 240 גר',"פרדי קונדיטוריה אס,פי.אי",IT,מארז עוגה אישית מריר,גרמים,240.00,100 גרם,false,,7.90,3.2917,true,1,333336
7290018893326,false,ממרח אגוזי לוז צ'וקט,נאטרא,BE,ממרח אגוזי לוז צ'וקט,גרמים,900.00,100 גרם,false,,19.90,2.2111,true,1,335932
7290018893401,false,צ'וקטה שוקולד מריר מוצקי קקאו 100 70% גרם,צ'וקטה Chocketa,ES,שוקולד צ'וקטה מריר 7,גרמים,100.00,100 גרם,false,,6.90,6.9000,true,1,336272
7290018893609,false,צ'וקטה שוקולד מריר 85% פרימיום,צ'וקטה Chocketa,ES,שוקולד צ'וקטה מריר 8,גרמים,100.00,100 גרם,false,,6.90,6.9000,true,1,336273
7290018893616,false,שישיית שוקולד מריר 48% צ'וקטה 100 גרם,איברקקאו,ES,שוקולד צ'וקטה מריר 4,גרמים,600.00,100 גרם,false,,19.90,3.3167,true,1,339388
7290018893876,false,עוגות אישיות רכות עם מילוי קרם בטעם וניל,פרדי קונדיטוריה אס.פ,IT,מארז עוגה אישית וניל,גרמים,200.00,100 גרם,false,,7.90,3.9500,true,1,333337
7290018925065,false,מיץ פרימור תפוזים סחוט 2 ליטר-,"גניר (1992) בע""מ",IL,מיץ תפוזים פרימור 2,קילוגרמים,2.00,ליטר,false,,24.90,12.4500,true,1,334208
7290018925089,false,"מיץ פרימור תפו""ע צלול סחוט 2 ליטר-","גניר (1992) בע""מ",IL,מיץ תפוחים פרימור סח,קילוגרמים,2.00,ליטר,false,,24.90,12.4500,true,1,334209
7290018978245,false,דגני בוקר קראנץ נוגט686ג,"נטורל קייקס בע""מ",IL,דגני בוקר קראנץ בטעם,גרמים,686.00,100 גרם,false,,19.90,2.9009,true,1,339393
7290018978252,false,דגני בוקר קראנץ שוקולד,"נטורל קייקס בע""מ",IL,דגני בוקר קראנץ בטעם,גרמים,686.00,100 גרם,false,,19.90,2.9009,true,1,339394
7290018978276,false,דגני בוקר קראנץ קרמל686ג,"נטורל קייקס בע""מ",IL,דגני בוקר קראנץ בטעם,גרמים,686.00,100 גרם,false,,19.90,2.9009,true,1,339391
7290018989128,false,סירופ בטעם ענבים יכין 1 ליטר,"זנלכל בע""\מ",IL,סירופ יכין בטעם ענבי,קילוגרמים,1.00,ליטר,false,,18.90,18.9000,true,1,337457
7290018989135,false,סירופ בטעם פטל יכין 1 ליטר,"זנלכל בע""\מ",IL,סירופ יכין בטעם פטל,קילוגרמים,1.00,ליטר,false,,18.90,18.9000,true,1,337458
7290019031727,false,מטליות לחות לניקוי כ,וינדה פרופשיונל,IL,מטליות לחות לניקוי כ,Unknown,0.00,יחידה,false,,19.90,0.0000,true,1,339665
7290019035053,false,מלון ירוק קוביות קפוא 500 ג' פילד גוד,דה נייל אג'יפטיאן פו,EG,מלון ירוק קפוא פילד,גרמים,500.00,100 גרם,false,,11.90,2.3800,true,1,333463
7290019035084,false,אוכמניות כחולות קפוא 400 ג' פילד גוד,אגריקולה לוס מנדוס ס,EG,אוכמניות כחולות קפוא,גרמים,400.00,100 גרם,false,,11.90,2.9750,true,1,337370
7290019035091,false,רימון קפוא פילד גוד,דה נייל אג'יפטיאן פו,EG,רימון קפוא פילד גוד,גרמים,500.00,100 גרם,false,,4.90,0.9800,true,1,333627
7290019035220,false,תערובת פירות יער קפוא 600ג' פילד גוד,קונגלדוס אקיואטוריאנ,RS,מיקס פירות יער קפוא,גרמים,600.00,100 גרם,false,,29.90,4.9833,true,1,337177
7290019035244,false,מיקס פירות בננה פסיפ,קונגלדוס אקיואטוריאנ,RS,מיקס פירות בננה פסיפ,גרמים,600.00,100 גרם,false,,29.90,4.9833,true,1,337178
7290019035251,false,מיקס פירות אננס בננה,קונגלדוס אקיואטוריאנ,RS,מיקס פירות אננס בננה,גרמים,600.00,100 גרם,false,,29.90,4.9833,true,1,337179
7290019035329,false,מיקס פירות תות קפוא 600 ג' פילד גוד,קונגלדוס אקיואטוריאנ,EC,מיקס פירות תות שדה מ,גרמים,600.00,100 גרם,false,,29.90,4.9833,true,1,337180
7290019056027,false,שוופס מוגז פירות תפוחים ללא סוכר 1.5 ליטר פיקדון,"יפאורה תבורי בע""\מ",IL,שוופס תפוח ללא סוכר,קילוגרמים,1.50,ליטר,false,,8.20,5.4667,true,1,334406
7290019056034,false,שוופס מוגז פירות אננס ללא סוכר 1.5 ליטר פיקדון,"יפאורה תבורי בע""מ",IL,שוופס אננס ללא סוכר,קילוגרמים,1.50,ליטר,false,,8.20,5.4667,true,1,334407
7290019056041,false,שוופס מוגז פירות לימונייד ללא סוכר 1.5 ליטר פיקדון,"יפאורה תבורי בע""מ",IL,שוופס פירות לימונייד,קילוגרמים,1.50,ליטר,false,,8.20,5.4667,true,1,334408
7290019056058,false,שוופס מוגז עדין תפוח ליים 1.5 ליטר פיקדון,"יפאורה תבורי בע""\מ",IL,שוופס מוגז עדין תפוח,קילוגרמים,1.50,ליטר,false,,8.50,5.6667,true,1,334386
7290019056065,false,שוופס מוגז עדין פירות יער 1.5 ליטר פיקדון,"יפאורה תבורי בע""\מ",IL,שוופס מוגז עדין פירו,קילוגרמים,1.50,ליטר,false,,8.50,5.6667,true,1,334387
7290019056072,false,שוופס מוגז עדין אננס 1.5 ליטר פיקדון,"יפאורה תבורי בע""מ",IL,שוופס מוגז עדין אננס,קילוגרמים,1.50,ליטר,false,,8.50,5.6667,true,1,334388
7290019056089,false,שוופס מוגז עדין ענבי ריזלינג 1.5 ליטר פיקדון,"יפאורה תבורי בע""\מ",IL,שוופס מוגז עדין ריזל,קילוגרמים,1.50,ליטר,false,,8.50,5.6667,true,1,334389
7290019056096,false,שוופס מוגז עדין אפרסק 1.5 ליטר פיקדון,"יפאורה תבורי בע""\מ",IL,שוופס מוגז עדין אפרס,קילוגרמים,1.50,ליטר,false,,8.50,5.6667,true,1,334390
7290019056164,false,שוופס סודה 1.5 ליטר רביעייה פיקדון,"יפאורה תבורי בע""\מ",IL,מארז שוופס סודה 4* 1,קילוגרמים,6.00,ליטר,false,,9.90,1.6500,true,1,334380
7290019056171,false,שוופס סודה לימון 1.5 ליטר רביעייה פיקדון,"יפאורה תבורי בע""\מ",IL,מארז שוופס סודה לימו,קילוגרמים,6.00,ליטר,false,,9.90,1.6500,true,1,334381
7290019056188,false,שוופס סודה נענע ליים 1.5 ליטר רביעייה פיקדון,"יפאורה תבורי בע""\מ",IL,מארז שוופס סודה נענע,קילוגרמים,6.00,ליטר,false,,9.90,1.6500,true,1,334383
7290019056201,false,שוופס סודה פירות יער 1.5 ליטר רביעייה פיקדון,"יפאורה תבורי בע""\מ",IL,מארז שוופס סודה פירו,קילוגרמים,6.00,ליטר,false,,9.90,1.6500,true,1,334385
7290019056232,false,משקה מוגז בטעם ליים מוחיטו 1.5 ל' שוופס,"יפאורה תבורי בע""\מ",IL,שוופס מוחיטו ליים נע,קילוגרמים,1.50,ליטר,false,,8.90,5.9333,true,1,334391
7290019056249,false,שוופס מים בטעמים ענבים 1.5 ליטר פיקדון,"יפאורה תבורי בע""מ",IL,שוופס מים בטעם ענבים,קילוגרמים,1.50,ליטר,false,,6.80,4.5333,true,1,334375
7290019056256,false,שוופס מים בטעמים תפוחים 1.5 ליטר פיקדון,"יפאורה תבורי בע""מ",IL,שוופס מים בטעם תפוח,קילוגרמים,1.50,ליטר,false,,6.80,4.5333,true,1,334377
7290019056263,false,שוופס מים בטעמים אפרסק 1.5 ליטר פיקדון,"יפאורה תבורי בע""מ",IL,שוופס מים בטעם אפרסק,קילוגרמים,1.50,ליטר,false,,6.80,4.5333,true,1,334378
7290019056270,false,שוופס מים בטעמים פירות יער 1.5 ליטר פיקדון,"יפאורה תבורי בע""\מ",IL,שוופס מים בטעם פירות,קילוגרמים,1.50,ליטר,false,,6.80,4.5333,true,1,334379
7290019056300,false,משקה בטעם ביטר לימון 1.5 ל' שוויפס,"יפאורה תבורי בע""\מ",IL,שוופס ביטר 1.5 ליטר,קילוגרמים,1.50,ליטר,false,,11.90,7.9333,true,1,334410
7290019056317,false,שוופס ראשן 1.5 ליטר פיקדון,"יפאורה תבורי בע""\מ",IL,שוופס ראשן 1.5 ליטר,קילוגרמים,1.50,ליטר,false,,11.90,7.9333,true,1,334411
7290019056324,false,שוופס טוניק 1.5 ליטר פיקדון,"יפאורה תבורי בע""\מ",IL,שוופס טוניק 1.5 ליטר,קילוגרמים,1.50,ליטר,false,,11.90,7.9333,true,1,334412
7290019056331,false,שוופס טוניק ללא סוכר 1.5 ליטר פיקדון,"יפאורה תבורי בע""מ",IL,שוופס טוניק ללא סוכר,קילוגרמים,1.50,ליטר,false,,11.90,7.9333,true,1,334413
7290019056355,false,תפוזינה לימונדה MIX לימונענע 1.5 ליטר,"יפאורה תבורי בע""\מ",IL,תפוזינה לימונענע 1.5,קילוגרמים,1.50,ליטר,false,,7.60,5.0667,true,1,334358
7290019056362,false,תפוזינה ענבים 1.5 ליטר פיקדון,"יפאורה תבורי בע""\מ",IL,תפוזינה ענבים 1.5 לי,קילוגרמים,1.50,ליטר,false,,7.60,5.0667,true,1,334359
7290019056379,false,תפוזינה תפוזים 1.5 ליטר פיקדון,"יפאורה תבורי בע""\מ",IL,תפוזינה תפוזים 1.5 ל,קילוגרמים,1.50,ליטר,false,,7.60,5.0667,true,1,334360
7290019056386,false,פתוזינה אשכולית 1.5 ליטר פיקדון,"יפאורה תבורי בע""\מ",IL,תפוזינה אשכוליות 1.5,קילוגרמים,1.50,ליטר,false,,7.60,5.0667,true,1,334361
7290019056393,false,תפוזינה תות בננה 1.5 ליטר פיקדון,"יפאורה תבורי בע""\מ",IL,תפוזינה תות בננה 1.5,קילוגרמים,1.50,ליטר,false,,7.60,5.0667,true,1,334362
7290019056409,false,תפוזינה מנגו 1.5 ליטר פיקדון,"יפאורה תבורי בע""\מ",IL,תפוזינה מנגו 1.5 ליט,קילוגרמים,1.50,ליטר,false,,7.60,5.0667,true,1,334363
7290019056416,false,מיץ בטעם לימונדה ורודה 1.5 ל' תפוזינה,"יפאורה תבורי בע""\מ",IL,תפוזינה לימונדה ורוד,קילוגרמים,1.50,ליטר,false,,7.60,5.0667,true,1,334364
7290019056423,false,מיץ בטעם תפוח רענן 1.5ל' תפוזינה,"יפאורה תבורי בע""\מ",IL,תפוזינה תפוחים 1.5 ל,קילוגרמים,1.50,ליטר,false,,7.60,5.0667,true,1,334365
7290019056430,false,תפוזינה תפוזים לייט 1.5 ליטר פיקדון,"יפאורה תבורי בע""\מ",IL,תפוזינה תפוזים לייט,קילוגרמים,1.50,ליטר,false,,7.90,5.2667,true,1,334366
7290019056454,false,משקה מוגז בטעם קולה 1.5 ל' אר סי,"יפאורה תבורי בע""\מ",IL,אר.סי קולה 1.5 ליטר,קילוגרמים,1.50,ליטר,false,,7.20,4.8000,true,1,334702
7290019056461,false,מארז משקה בטעם קולה שישייה * 1.5 ל' אר.סי,"יפאורה תבורי בע""\מ",IL,מארז אר.סי קולה 6 *1,קילוגרמים,9.00,ליטר,false,,33.90,3.7667,true,1,334425
7290019056478,false,ספרינג טי קר אפרסק 1.5ליטר פיקדון,"יפאורה תבורי בע""\מ",IL,ספרינג תה אפרסק 1.5,קילוגרמים,1.50,ליטר,false,,7.20,4.8000,true,1,334368
7290019056485,false,ספריג תה ירוק לימון לואיזה 1.5 ליטר פיקדון,"יפאורה תבורי בע""\מ",IL,ספרינג תה ירוק לימון,קילוגרמים,1.50,ליטר,false,,7.20,4.8000,true,1,334369
7290019056492,false,ספרינג תה מנגו אפרסק 1.5 ליטר פיקדון,"יפאורה תבורי בע""\מ",IL,ספרינג תה מנגו אפרסק,קילוגרמים,1.50,ליטר,false,,7.20,4.8000,true,1,334370
7290019056508,false,פרוט ווטר ענבים 1.5 ליטר פיקדון,"יפאורה תבורי בע""\מ",IL,פרוט ווטר בטעם ענבים,קילוגרמים,1.50,ליטר,false,,8.90,5.9333,true,1,334372
7290019056515,false,פרוט ווטר אננס 1.5 ליטר פיקדון,"יפאורה תבורי בע""\מ",IL,פרוט ווטר בטעם אננס,קילוגרמים,1.50,ליטר,false,,8.90,5.9333,true,1,334373
7290019056522,false,פרוט ווטר תות 1.5 ליטר פיקדון,"יפאורה תבורי בע""\מ",IL,פרוט ווטר בטעם תות 1,קילוגרמים,1.50,ליטר,false,,8.90,5.9333,true,1,334374
7290019056539,false,פרוט ווטר אפרסק 1.5 ליטר פיקדון,"יפאורה תבורי בע""\מ",IL,פרוט ווטר בטעם אפרסק,קילוגרמים,1.50,ליטר,false,,8.90,5.9333,true,1,334376
7290019056546,false,פרוט ווטר אבטיח 1.5 ליטר פיקדון,"יפאורה תבורי בע""\מ",IL,פרוט ווטר בטעם אבטיח,קילוגרמים,1.50,ליטר,false,,8.90,5.9333,true,1,334554
7290019056553,false,שישיית מים מינרלים עין גדי 2 ליטר,עין גדי מים מינרליים,IL,מים עין גדי 6*2 ליטר,קילוגרמים,12.00,ליטר,false,,11.70,0.9750,true,1,334426
7290019056560,false,עין גדי 2 ליטר בק' בודד פיקדון,עין גדי מיים מינרלים,IL,מים עין גדי 1.5 ליטר,קילוגרמים,1.50,ליטר,false,,2.90,1.9333,true,1,334703
7290019056577,false,משקה קל מנגו ספרינג 1.5 ליטר,"יפאורה תבורי בע""\מ",IL,ספרינג מנגו 1.5 ליטר,קילוגרמים,1.50,ליטר,false,,7.60,5.0667,true,1,334334
7290019056584,false,משקה קל תפוזים ספרינג 1.5 ליטר,"יפאורה תבורי בע""\מ",IL,ספרינג תפוזים 1.5 לי,קילוגרמים,1.50,ליטר,false,,7.60,5.0667,true,1,334344
7290019056591,false,משקה קל ענבים ספרינג 1.5 ליטר,"יפאורה תבורי בע""\מ",IL,ספרינג ענבים 1.5 ליט,קילוגרמים,1.50,ליטר,false,,7.60,5.0667,true,1,334345
7290019056607,false,משקה קל תפוחים ספרינג 1.5 ליטר,"יפאורה תבורי בע""\מ",IL,ספרינג מיץ תפוחים 1.,קילוגרמים,1.50,ליטר,false,,7.60,5.0667,true,1,334346
7290019056614,false,משקה קל אפרסק ספרינג 1.5 ליטר,"יפאורה תבורי בע""\מ",IL,ספרינג אפרסק 1.5 ליט,קילוגרמים,1.50,ליטר,false,,7.60,5.0667,true,1,334347
7290019056621,false,משקה קל פירות טרופיים ספרינג 1.5 ליטר,"יפאורה תבורי בע""\מ",IL,ספרינג פירות טרופיים,קילוגרמים,1.50,ליטר,false,,7.60,5.0667,true,1,334348
7290019056638,false,משקה קל תות בננה ספרינג 1.5 ליטר,"יפאורה תבורי בע""\מ",IL,ספרינג תות-בננה 1.5,קילוגרמים,1.50,ליטר,false,,7.60,5.0667,true,1,334349
7290019056645,false,משקה קל אגס תפוח סברס ספרינג 1.5 ליטר,"יפאורה תבורי בע""\מ",IL,ספרינג אגס סברס תפוח,קילוגרמים,1.50,ליטר,false,,7.60,5.0667,true,1,334350
7290019056652,false,משקה קל אננס בננה ספרינג 1.5 ליטר,"יפאורה תבורי בע""\מ",IL,ספרינג אננס בננה 1.5,קילוגרמים,1.50,ליטר,false,,7.60,5.0667,true,1,334351
7290019056669,false,משקה קל תפוחים דיאט ספרינג 1.5 ליטר,"יפאורה תבורי בע""\מ",IL,ספרינג תפוחים לייט 1,קילוגרמים,1.50,ליטר,false,,7.90,5.2667,true,1,334352
7290019056676,false,משקה קל אשכולית אננס דיאט ספרינג 1.5 ליטר,"יפאורה תבורי בע""\מ",IL,ספרינג אשכוליות אננס,קילוגרמים,1.50,ליטר,false,,7.90,5.2667,true,1,334354
7290019056720,false,קריסטל מיץ ענבים 2 ליטר פיקדון,"יפאורה תבורי בע""\מ",IL,קריסטל ענבים 2 ליטר,קילוגרמים,2.00,ליטר,false,,6.00,3.0000,true,1,334414
7290019056737,false,קריסטל מיץ אשכוליטרות 2 ליטר,"יפאורה תבורי בע""\מ",IL,קריסטל אשכוליות 2 לי,קילוגרמים,2.00,ליטר,false,,6.00,3.0000,true,1,334415
7290019056744,false,קריסטל מיץ תפוזים 2 ליטר פיקדון,"יפאורה תבורי בע""\מ",IL,קריסטל תפוזים 2 ליטר,קילוגרמים,2.00,ליטר,false,,6.00,3.0000,true,1,334416
7290019056751,false,קריסטל מיץ אשכוליות דיאט 2 ליטר פיקדון,"יפאורה תבורי בע""\מ",IL,קריסטל אשכוליות דיאט,קילוגרמים,2.00,ליטר,false,,6.90,3.4500,true,1,334417
7290019056768,false,קריסטל מיץ מנגו 2 ליטר פיקדון,"יפאורה תבורי בע""\מ",IL,קריסטל מנגו 2 ליטר,קילוגרמים,2.00,ליטר,false,,6.00,3.0000,true,1,334418
7290019056775,false,קריסטל מוגז ענבים 2 ליטר פיקדון,"יפאורה תבורי בע""\מ",IL,קריסטל ענבים מוגז 2,קילוגרמים,2.00,ליטר,false,,6.00,3.0000,true,1,334419
7290019056782,false,משקה מוגז בטעם לימון ליים 2 ל' קריסטל,"יפאורה תבורי בע""\מ",IL,קריסטל למון ליים 2 ל,קילוגרמים,2.00,ליטר,false,,6.00,3.0000,true,1,334420
7290019056799,false,קריסטל מוגז אקזוטי 2 ליטר פיקדון,"יפאורה תבורי בע""\מ",IL,קריסטל אקזוטי מוגז 2,קילוגרמים,2.00,ליטר,false,,6.00,3.0000,true,1,334421
7290019056805,false,קריסטל מוגז תפוחים 2 ליטר פיקדון,"יפאורה תבורי בע""\מ",IL,קריסטל תפוע מוגז 2 ל,קילוגרמים,2.00,ליטר,false,,6.00,3.0000,true,1,334422
7290019056812,false,קריסטל מוגז מנטה 2 ליטר פיקדון,"יפאורה תבורי בע""\מ",IL,קריסטל מנטה 2 ליטר,קילוגרמים,2.00,ליטר,false,,6.00,3.0000,true,1,334423
7290019056836,false,קריסטל מוגז תות 2 ליטר פיקדון,"יפאורה תבורי בע""\מ",IL,קריסטל תות מוגז 2 לי,קילוגרמים,2.00,ליטר,false,,6.00,3.0000,true,1,334424
7290019056850,false,ספרינג תה אפרסק דיאט 1.5 ליטר פיקדון,"יפאורה תבורי בע""\מ",IL,ספרינג תה דיאט אפרסק,קילוגרמים,1.50,ליטר,false,,7.20,4.8000,true,1,334371
7290019056959,false,מי-עדן מים מינרלים 1.5 ל,"מופק ממקור בזלתי עדן ,1",IL,מים מי עדן 1.5 ליטר,קילוגרמים,1.50,ליטר,false,,2.90,1.9333,true,1,334704
7290019056973,false,שישיית מי עדן 1.5 ליטר משפחתי,"מופק ממקור בזלתי עדן ,1",IL,מים מי עדן 6*1.5 ליט,קילוגרמים,9.00,ליטר,false,,12.70,1.4111,true,1,334427
7290019074359,false,אפקטיב קר תחליב רחצה,פישר מעבדות פרמצבטיו,IL,תחליב רחצה עדין שמן,מיליליטרים,700.00,"100 מ""ל",false,,14.90,2.1286,true,1,339982
7290019074557,false,אפקטיב קר תחליב רחצה,פישר מעבדות פרמצבטיו,IL,תחליב רחצה עדין שמן,מיליליטרים,700.00,"100 מ""ל",false,,14.90,2.1286,true,1,339983
7290019074755,false,אפקטיב קר תחליב רחצה,פישר מעבדות פרמצבטיו,IL,תחליב רחצה עדין שמן,מיליליטרים,700.00,"100 מ""ל",false,,14.90,2.1286,true,1,339984
7290019075400,false,"אפקטיב קר תחליב רחצה מועשר בשיבולת שועל 700 מ""ל",פישר מעבדות פרמצבטיות בע,IL,תחליב רחצה עדין שיבו,מיליליטרים,700.00,"100 מ""ל",false,,14.90,2.1286,true,1,339985
7290019075608,false,"אפקטיב קר תחליב רחצה מועשר בתה ירוק ויסמין 700 מ""ל",פישר מעבדות פרמצבטיות בע,IL,תחליב רחצה עדין תה י,מיליליטרים,700.00,"100 מ""ל",false,,14.90,2.1286,true,1,339986
7290019094203,false,חסה אייסברג גלאט עלים,רביבים,IL,חסה אייסברג 300 גרם,גרמים,300.00,100 גרם,false,,12.90,4.3000,true,1,334556
7290019094210,false,כרוב לבן קצוץ 400 גר',רביבים,IL,כרוב לבן 400 גרם,גרמים,400.00,100 גרם,false,,11.90,2.9750,true,1,334555
7290019094227,false,כרוב אדום קצוץ 400 גר',רביבים,IL,כרוב אדום 400 גרם,גרמים,400.00,100 גרם,false,,11.90,2.9750,true,1,334557
7290019094234,false,קולסלאו 400 גרם,רביבים,IL,קולסלאו 400 גרם,גרמים,300.00,100 גרם,false,,11.90,3.9667,true,1,334558
7290019094241,false,לקט קלאסי 350 גרם,רביבים,IL,לקט 350 גרם,גרמים,350.00,100 גרם,false,,12.90,3.6857,true,1,334559
7290019094258,false,סלט המושבה 400 גרם,רביבים,IL,סלט המושבה 400 גרם,גרמים,400.00,100 גרם,false,,12.90,3.2250,true,1,334561
7290019094272,false,"כרוב לבן קצוץ 1 ק""ג",רביבים,IL,"כרוב לבן 1 ק""ג",פריט,1.00,"ק""ג",false,,17.90,17.9000,true,1,334566
7290019094289,false,"כרוב אדום קצוץ 1 ק""ג",רביבים,IL,"כרוב אדום 1 ק""ג",פריט,1.00,"ק""ג",false,,17.90,17.9000,true,1,334562
7290019094302,false,עלי חסה שטופים גלאט עלים,רביבים,IL,עלי חסה שטופים,Unknown,0.00,יחידה,false,,13.90,0.0000,true,1,334567
7290019153078,false,"שוופס ביטר למון לייט, 1.5 ליטר פקדון","יפאורה תבורי בע""\מ",IL,שוופס ביטר למון לייט,קילוגרמים,1.50,ליטר,false,,11.90,7.9333,true,1,335891
7290019153085,false,שוופס מוגז ליים מוחיטו ללא סוכר 1.5 ליטר-,"יפאורה תבורי בע""\מ",IL,שוופס מוחיטו מוגז לל,קילוגרמים,1.50,ליטר,false,,8.20,5.4667,true,1,335892
7290019153252,false,שוופס סודה תפוח 1.5 ליטר רביעייה פיקדון,"יפאורה תבורי בע""\מ",IL,מארז שוופס סודה תפוח,קילוגרמים,6.00,ליטר,false,,9.90,1.6500,true,1,337189
7290019153269,false,שוופס סודה אננס 1.5 ליטר רביעייה פיקדון,"יפאורה תבורי בע""\מ",IL,מארז שוופס סודה אננס,קילוגרמים,6.00,ליטר,false,,9.90,1.6500,true,1,337190
7290019153344,false,מיץ בטעם סנגרייה 1.5 ל' תפוזינה,"יפאורה תבורי בע""\מ",IL,תפוזינה סנגרייה 1.5,קילוגרמים,1.50,ליטר,false,,7.90,5.2667,true,1,337463
7290019153351,false,מיץ בטעם פינק אוזו 1.5 ל' תפוזינה,"יפאורה תבורי בע""\מ",IL,תפוזינה פינק אוזו 1.,קילוגרמים,1.50,ליטר,false,,7.90,5.2667,true,1,337464
7290019153375,false,מיץ בטעם מוחיטו 1.5 ל' תפוזינה,"יפאורה תבורי בע""\מ",IL,תפוזינה מוחיטו 1.5 ל,קילוגרמים,1.50,ליטר,false,,7.90,5.2667,true,1,337465
7290019153535,false,"רביעיית שוופס מוגז פירות למונייד ללא סוכר 330 מ""ל פחיות",יפאורה תבורי,IL,מארז שוופס מוגז פירו,קילוגרמים,1.32,ליטר,false,,11.90,9.0152,true,1,338179
7290019230021,false,חלה קונדיטור מאפיית הלמנס,ספיישל בייקרי,IL,חלה חצי מתוקה 500 גר,גרמים,500.00,100 גרם,false,,12.90,2.5800,true,1,334652
7290019230038,false,חצי חלה קונדיטור בייקרי,ספיישל בייקרי,IL,חלה קטנה מתוקה 250 ג,גרמים,250.00,100 גרם,false,,6.90,2.7600,true,1,334653
7290019230045,false,חלה מתוקה מאפיית הלמנס,ספיישל בייקרי,IL,חלה מתוקה אמריקאית 4,גרמים,450.00,100 גרם,false,,14.90,3.3111,true,1,338848
7290019230694,false,חלה אמריקאית 450 גרם,ספיישל בייקרי,IL,חלה אמריקאית 450 גרם,גרמים,450.00,100 גרם,false,,14.90,3.3111,true,1,338849
7290019232148,false,חליטת חמדת השקד הגן,ויסוצקי,IL,חליטת חמדת השקד הגן,Unknown,0.00,יחידה,false,,19.90,0.0000,true,1,336262
7290019232155,false,"חליטת ""לילה טוב"" קמומיל לבנדר ו25 שקיקים ויסוצקי",תה ויסוצקי,IL,חליטת קמומיל ולבנדר,Unknown,0.00,יחידה,false,,19.90,0.0000,true,1,339382
7290019232162,false,"חליטת ""לילה טוב"" קמומיל מליסה 25 שקיקים ויסוצקי",תה ויסוצקי,IL,חליטת קמומיל ומליסה,Unknown,0.00,יחידה,false,,19.90,0.0000,true,1,339383
7290019232179,false,חליטת לילה טוב נענע 25 שקיקים ויסוצקי,תה ויסוצקי,IL,תה ירוק נענע עם ויטמ,Unknown,0.00,יחידה,false,,19.90,0.0000,true,1,339379
7290019232186,false,תה ירוק לימונית לואיזהSTAY WELL 25 שקיקים ויסוצקי,תה ויסוצקי,IL,תה ירוק לימונית לואי,Unknown,0.00,יחידה,false,,19.90,0.0000,true,1,339380
7290019232193,false,תה ירוק לימונית ג'ינג'ר STAY WELL שקיקים 25 ויסוצקי,תה ויסוצקי,IL,תה ירוק לימונית ג'ינ,Unknown,0.00,יחידה,false,,19.90,0.0000,true,1,339381
7290019232353,false,תה ירוק סיני 50 שקיקים ויסוצקי,תה ויסוצקי,IL,תה ירוק סיני קלאסי ו,גרמים,75.00,100 גרם,false,,34.90,46.5333,true,1,338893
7290019297161,false,טורטיה ראפ מקמח תירס שקדיה 450 גרם,דין שיווק,TR,טורטיות קמח חיטה ותי,גרמים,450.00,100 גרם,false,,9.90,2.2000,true,1,303430
7290019297192,false,חטיפי גרנולה עם שקדים ושוקולד 5*35 גר,,IL,חטיפי גרנולה עם שקדי,גרמים,175.00,100 גרם,false,,9.90,5.6571,true,1,276041
7290019297208,false,חטיף גרנולה עם פירות יבשים (5 יחידות) 175 גר',,MK,חטיפי גרנולה עם פירו,גרמים,175.00,100 גרם,false,,9.90,5.6571,true,1,276042
7290019297383,false,מעדן משמש ללא סוכר שקדיה 284 ג',לינוי סיטי,CN,מעדן משמש שקדיה 284,גרמים,284.00,100 גרם,false,,9.90,3.4859,true,1,278586
7290019297413,false,מעדן אפרסק ללא סוכר שקדיה 284 ג',לינוי סיטי,CN,מעדן אפרסק שקדיה 284,גרמים,284.00,100 גרם,false,,9.90,3.4859,true,1,278587
7290019297420,false,מעדן תות שדה ללא סוכר שקדיה 284 ג',לינוי סיטי,CN,מעדן תות שקדיה 284 ג,גרמים,284.00,100 גרם,false,,9.90,3.4859,true,1,278589
7290019297437,false,מעדן אוכמניות ללא סוכר שקדיה 284 ג',לינוי סיטי,CN,מעדן אוכמניות שקדיה,גרמים,284.00,100 גרם,false,,9.90,3.4859,true,1,278590
7290019297505,false,"רוטב רימונים שקדיה 700 מ""ל",קארל קיוחנה,TR,רוטב רימונים שקדיה 7,מיליליטרים,700.00,"100 מ""ל",false,,19.90,2.8429,true,1,276044
7290019297512,false,"רוטב רימונים שקדיה 340 מ""ל בדץ",סיטוגלוגידה,TR,רוטב רימונים שקדיה 3,מיליליטרים,340.00,"100 מ""ל",false,,9.90,2.9118,true,1,276043
7290019297796,false,עלי גפן ממולאים באורז אותנטי 400 גרם,.,CN,עלי גפן ממולאים באור,גרמים,400.00,100 גרם,false,,8.90,2.2250,true,1,310397
7290019302315,false,"ייו buzz אבטיח מלון 750 מ""ל",יקבי כרמל,IL,יין באז אבטיח מלון מ,מיליליטרים,750.00,"100 מ""ל",false,,23.90,3.1867,true,1,337443
7290019302438,false,יין כרמל חבית 148 קב,יקבי כרמל,IL,יין כרמל חבית 148 קב,מיליליטרים,750.00,"100 מ""ל",false,,139.90,18.6533,true,1,338614
7290019302476,false,יין כרמל חבית 248 פט,יקבי כרמל,IL,יין כרמל חבית 248 פט,מיליליטרים,750.00,"100 מ""ל",false,,129.90,17.3200,true,1,338615
7290019302483,false,יין כרמל 216 פורט מת,יקבי כרמל,IL,יין כרמל 216 פורט מת,מיליליטרים,750.00,"100 מ""ל",false,,139.90,18.6533,true,1,338774
7290019302490,false,יין דרום אדום יבש,יקבי כרמל,IL,יין דרום אדום יבש,מיליליטרים,750.00,"100 מ""ל",false,,79.90,10.6533,true,1,338775
7290019302551,false,מיץ ענבים תירוש אדום,יקבי כרמל,IL,מיץ ענבים תירוש אדום,קילוגרמים,1.00,ליטר,false,,11.90,11.9000,true,1,338500
7290019308157,false,קוביות מנגו קפוא פרו,גרין האוס,EG,קוביות מנגו קפוא פרו,גרמים,300.00,100 גרם,false,,5.90,1.9667,true,1,339401
7290019308188,false,ציפס קלאסי בסט צ'יפס,גרין האוס,EG,ציפס קלאסי בסט צ'יפס,פריט,1.50,"ק""ג",false,,18.90,12.6000,true,1,339009
7290019453024,false,קו'גל ירושלמי איטרי ות 800גרם,תכלית מזון,IL,קוגל אטריות ירושלמי,גרמים,800.00,100 גרם,false,,15.90,1.9875,true,1,338526
7290019453031,false,קוגל תפוחי אדמה 580 גרם,תכלית מזון,IL,"קוגל תפו""א",גרמים,580.00,100 גרם,false,,15.90,2.7414,true,1,338527
7290019453260,false,ארבעס תכל'ס 400 גרם,תכלית מזון,IL,ארבעס תכל'ס 400 גרם,גרמים,400.00,100 גרם,false,,12.90,3.2250,true,1,337865
7290019453512,false,"מאפה רוגלך ""תכלס"" 500 גרם",המאפה של דר מרק בריא,IL,רוגלך קטנים תכל'ס 35,גרמים,350.00,100 גרם,false,,15.90,4.5429,true,1,337863
7290055090849,false,מרשמלו כרמית 500 גרם,כרמית,IL,מרשמלו כרמית 500 גרם,גרמים,500.00,100 גרם,false,,13.90,2.7800,true,1,271161
7290100240137,false,"תרסיס ריחני למייבש כחול בדין 500 מ""ל","זוהר דליה, קיבוץ דליה, 1",IL,תרסיס בדין למייבש כח,מיליליטרים,500.00,"100 מ""ל",false,,11.90,2.3800,true,1,263245
7290100653586,false,"דאודורנט ג'ל פרש פיוזן 24/7 ליידי ספיד סטיק 65 מ""ל",ליידי ספיד סטיק Lady Speed Stick,US,דאו גל ליידי ספיד סט,גרמים,65.00,100 גרם,false,,11.90,18.3077,true,1,270989
7290100680650,false,מנה חמה נודלס-אטריות ירקות טעם תאילנדי אסם 76 ג',PUB FOODS PRESIDENT THAI,TH,מנה חמה נודלס תאילנד,גרמים,76.00,100 גרם,false,,4.90,6.4474,true,1,266280
7290100680711,false,פירורית זהב אסם זהב 350ג',עינת תעשיות מזון אגו,IL,פירורית זהב אסם 350,גרמים,350.00,100 גרם,false,,6.90,1.9714,true,1,263250
7290100680728,false,פירורית רגילה 350 ג' אוסם,מיוצר עי קונדיטוריית,IL,פירורית לבנה אסם 350,גרמים,350.00,100 גרם,false,,5.90,1.6857,true,1,263251
7290100681015,false,אינסטנט פודינג בטעם ריבת חלב אסם 84 גרם,מיוצר עי קונדיטוריית,IL,פודינג אינסטנט ריבת,גרמים,84.00,100 גרם,false,,4.90,5.8333,true,1,263252
7290100681138,false,מארז אפרופו חטיף תירס 3 יחידות,"אסם השקעות בע""\מ",IL,מארז אפרופו 3*50 גרם,גרמים,150.00,100 גרם,false,,11.90,7.9333,true,1,265482
7290100685136,false,"אבקת מרק בטעם עוף אסם 1 ק""ג","אסם השקעות בע""\מ",IL,מרק בטעם עוף אסם 1 ק,פריט,1.00,"ק""ג",false,,12.90,12.9000,true,1,263263
7290100685334,false,אבקת מרק עוף אמיתי בשרי רכיבים טבעיים אסם 400 גרם,"אסם השקעות בע""\מ",IL,מרק עוף אמיתי ר.טבעי,גרמים,400.00,100 גרם,false,,19.90,4.9750,true,1,283199
7290100685341,false,אבקת מרק טעם עוף זך רכיבים טבעיים אסם 400 גרם,"אסם השקעות בע""\מ",IL,מרק בטעם עוף זך ר. ט,גרמים,400.00,100 גרם,false,,13.90,3.4750,true,1,263264
7290100700396,false,"סוגת אורז יסמין קלאסי 1 ק""ג",האי נאם סי או אל.טי.,IL,"אורז יסמין סוגת 1 ק""",פריט,1.00,"ק""ג",false,,9.90,9.9000,true,1,266766
7290100702741,false,"סוכר חום בהיר בצנצנת סוגת 1 ק""ג",סוגת תעשיות בעמ,IL,סוכר חום בהיר סוגת 1,פריט,1.00,"ק""ג",false,,8.90,8.9000,true,1,273900
7290100850909,false,דוריטוס נאצ'ו מקסיקני 70 גרם,"שטראוס פריטו ליי בע""\מ",IL,דוריטוס נאצו מקסיקני,גרמים,70.00,100 גרם,false,,3.20,4.5714,true,1,263275
7290100850916,false,דוריטוס חמוץ חריף מעודן 70 גרם כשר לפסח,"שטראוס פריטו ליי בע""\מ )",IL,דוריטוס חמוץ חריף 70,גרמים,70.00,100 גרם,false,,2.90,4.1429,true,1,263276
7290100850923,false,דוריטוס בטעם גריל 70 גרם,"שטראוס פריטו ליי בע""\מ )",IL,דוריטוס גריל 70 גרם,גרמים,70.00,100 גרם,false,,2.90,4.1429,true,1,263277
7290100850930,false,דוריטוס בטעם טבעי 70 גרם,"שטראוס פריטו ליי בע""\מ )",IL,דוריטוס טבעי 70 גרם,גרמים,70.00,100 גרם,false,,2.90,4.1429,true,1,263278
7290100858608,false,אבקת קקאו עלית שקית 500 ג',שטראוס קפה בי.ויn\.,IL,קקאו עלית 500 גרם,גרמים,500.00,100 גרם,false,,19.90,3.9800,true,1,263284
7290100921401,false,"שמפו הוואי מועשר בקרטין 700מ""ל",טרופיקל דגיל,IL,שמפו הוואי קרטין 700,מיליליטרים,700.00,"100 מ""ל",false,,7.90,1.1286,true,1,274093
7290100921418,false,"הוואי - מרכך קרטין מחזק 700 מ""ל",תאי פרזידנט פוד פאבל,IL,מרכך הוואי קרטין 700,מיליליטרים,700.00,"100 מ""ל",false,,7.90,1.1286,true,1,274095
7290100922569,false,קרם לטיפוח עוד הידיים והגוף- מארז שלישייה,טרופיקל דגיל,IL,קרם ידיים ולווטה 3*1,מיליליטרים,300.00,"100 מ""ל",false,,14.90,4.9667,true,1,275939
7290101110811,false,גלידל שלגון בטעם וניל מצופה סורבה פסיפלורה - 8 יח',הגלידות של פלדמן,IL,מאגדת גלידל שלגון ב,גרמים,400.00,100 גרם,false,,28.90,7.2250,true,1,339282
7290101112228,false,גלידל פרי קרחון מופחת קלוריות בטעם אננס - 8 יח',הגלידות של פלדמן,IL,מאגדת גלידל פרי אננס,גרמים,640.00,100 גרם,false,,20.90,3.2656,true,1,326747
7290101112921,false,גלידל פרי קרחון מופחת קלוריות פירות טרופיים - 8 יח',הגלידות של פלדמן,IL,מאגדת גלידל פרי פירו,גרמים,640.00,100 גרם,false,,20.90,3.2656,true,1,326748
7290101113454,false,מאגדת גלידל יוגורט אפרסק 8 יח 480 גרם,הגלידות של פלדמן,IL,מאגדת גלידל שלגון י,גרמים,480.00,100 גרם,false,,28.90,6.0208,true,1,339283
7290101113584,false,מאגדת טילונים שוקולד לבן עם ליבת שוקולד יולו 5 יח',הגלידות של פלדמן,IL,טילוני יולו לבן עם ל,גרמים,400.00,100 גרם,false,,19.90,4.9750,true,1,332297
7290101113591,false,מאגדת טילונים יולי 5 יחידות שוקולד לבן ועוגיות,הגלידות של פלדמן,IL,טילוני יולו לבן עם ע,גרמים,400.00,100 גרם,false,,19.90,4.9750,true,1,332295
7290101113751,false,מאגדת שלגון קרמל ושוקולד בלונדי רביעיה * 50 ג' יולו,הגלידות של פלדמן,IL,מאגדת שלגוני יולו בל,גרמים,200.00,100 גרם,false,,18.90,9.4500,true,1,339270
7290101113768,false,מאגדת שלגון עוגיות ושוקולד חלב רביעיה * 50 ג' יולו,הגלידות של פלדמן,IL,מאגדת שלגוני יולו שו,גרמים,200.00,100 גרם,false,,18.90,9.4500,true,1,339284
7290101113805,false,מאגדת (5) יופלה שייק פרי תות 70 אחוז פרי 350 גרם,הגלידות של פלדמן,IL,מאגדת יופלה שרבט תות,גרמים,350.00,100 גרם,false,,19.90,5.6857,true,1,339273
7290101113812,false,מאגדת יופלה שייק פרי אננס קוקוס פלדמן 5 יחידות,הגלידות של פלדמן,IL,מאגדת יופלה שרבט אננ,גרמים,350.00,100 גרם,false,,19.90,5.6857,true,1,339274
7290101113829,false,מאגדת (5) יופלה שייק פרי מנגו 70 אחוז פרי 350 גרם,הגלידות של פלדמן,IL,מאגדת יופלה שרבט מנג,גרמים,350.00,100 גרם,false,,19.90,5.6857,true,1,339275
7290101488286,false,"ליידי ספיד סטיק - דאודורנט ספריי לאישה 24/7 פרש פיוזן ורוד 150 מ""ל",ליידי ספיד סטיק Lady Speed Stick,RU,דאו ספריי ליידי ספיד,מיליליטרים,150.00,"100 מ""ל",false,,13.90,9.2667,true,1,267815
7290101488323,false,ליידי ספיד סטיק - דאודורנט סטיק לאישה ללא סימן ירוק סטיק 65 גרם,ליידי ספיד סטיק Lady Speed Stick,US,דאו ליידי ספיד סטיק,גרמים,65.00,100 גרם,false,,11.90,18.3077,true,1,267820
7290101501138,false,כרובית ארוזה יחידה,אראל תוצרת חקלאית בע,IL,כרובית ארוזה,Unknown,0.00,יחידה,false,,9.90,0.0000,true,1,307919
7290101551027,false,קפסולות קפה אספרסו חזק במיוחד 14 עלית 10 יח',הנסיך- מפעל לייצור ט,IL,קפסולות עלית 14 חזק,גרמים,50.00,100 גרם,false,,15.50,31.0000,true,1,318850
7290101551263,false,סילאן טבעי ללא תוספת סוכר,מכוורת יד מרדכי,IL,סילאן טבעי יד מרדכי,גרמים,700.00,100 גרם,false,,19.90,2.8429,true,1,322447
7290101551539,false,יוגורט PRO בטעם אפרסק 0% 20 גרם חלבון בגביע,"שטראוס בריאות בע""מ",IL,דנונה פרו אפרסק 0% 2,גרמים,200.00,100 גרם,false,,4.90,2.4500,true,1,317739
7290101551577,false,קוואקר שיבות שועל פחית מארז 2*500 גר',FRITO-LAY TRADING CO,GB,שיבולת שועל קוואקר 2,פריט,1.00,"ק""ג",false,,19.90,19.9000,true,1,317436
7290101551584,false,תפוצ'יפס קידס מארז 10 יח' * 20 ג',"שטראוס פריטו ליי בע""מ )פ",IL,מארז תפוציפס קידס 10,גרמים,200.00,100 גרם,false,,10.90,5.4500,true,1,317960
7290101554233,false,מארז ציטוס כאפה 16*2,שטראוס,IL,מארז ציטוס כאפה 16*2,גרמים,320.00,100 גרם,false,,16.90,5.2812,true,1,317401
7290101863410,false,"סיליט באנג ספריי ניקוי עוצמתי מכיל אקונומיקה 750 מ""ל",סיליט באנג Cillit Bang,PL,תרסיס סיליט באנג עם,מיליליטרים,750.00,"100 מ""ל",false,,12.50,1.6667,true,1,304369
7290101865261,false,"פיניש נוזל הברקה למדיח 800 מ""ל",רקיט בנקיזר,PL,נוזל הברקה פיניש 800,מיליליטרים,800.00,"100 מ""ל",false,,19.90,2.4875,true,1,267454
7290101866633,false,וניש קליה גל להסרת כתמים 3 ליטר אוקסיפרש,קליה וניש Kalia Vanish,IL,גל וניש קליה 3 ליטר,קילוגרמים,3.00,ליטר,false,,28.90,9.6333,true,1,267808
7290101866787,false,וניש קליה נוזל מסיר כתמים לכביסה לבנה 3 ליטר,קליה וניש Kalia Vanish,IL,גל וניש קליה כביסה ל,קילוגרמים,3.00,ליטר,false,,23.90,7.9667,true,1,273243
7290101867388,true,אבקת קולון 10 קג,זוהר דליה,,"אבקת כביסה קולון 10 ק""ג",קילוגרמים,10.00,ליטר,false,1,59.90,5.9900,true,1,268562
7290101867623,false,תרסיס וינדולין חלונו,,,תרסיס וינדולין חלונו,קילוגרמים,2.25,ליטר,false,,24.90,11.0667,true,1,268916
7290101868460,false,"קולון 101 אבקת כביסה 8 ק""ג",רקיט בנקיזר,IL,אבקת קולון 8 קג,פריט,8.00,"ק""ג",false,,54.90,6.8625,true,1,314364
7290101868958,false,פיניש נוזל הברקה למדיח בניחוח לימון,רקיט בנקיזר,PL,נוזל הברקה פיניש לימ,מיליליטרים,800.00,"100 מ""ל",false,,19.90,2.4875,true,1,285706
7290101869726,false,ג'ל מרוכז למדיח הכל ב-1 פיניש 1 ליטר,רקיט בנקיזר,PL,גל למדיח פיניש 1 ליט,קילוגרמים,1.00,ליטר,false,,39.90,39.9000,true,1,302214
7290101869757,false,אירוויק מכשיר אוטומט+מילוי בניחוח אואזיס,רקיט בנקיזר,PL,מבשם אוטומטי אירוויק,Unknown,0.00,יחידה,false,,37.90,0.0000,true,1,307361
7290101869764,false,אירוויק מכשיר אוטומט+מילוי בניחוח חלום ליל קיץ,רקיט בנקיזר,CN,מבשם אוטומטי אירוויק,Unknown,0.00,יחידה,false,,37.90,0.0000,true,1,307360
7290101869801,false,"אירוויק מכשיר חשמלי+מילוי בניחוח אואזיס 19 מ""ל",רקיט בנקיזר,HU,מטהר חשמלי אירוויק +,Unknown,0.00,יחידה,false,,19.90,0.0000,true,1,326029
7290101869818,false,"אירוויק מכשיר חשמלי+מילוי בניחוח חלום ליל קיץ 19 מ""ל",איירוויק Air Wick,HU,מטהר חשמלי אירוויק +,Unknown,0.00,יחידה,false,,19.90,0.0000,true,1,326030
7290101869825,false,"אירוויק מילוי למכשיר חשמלי בניחוח אואזיס 19 מ""ל",איירוויק Air Wick,HU,מילוי מבשם חשמלי איר,Unknown,0.00,יחידה,false,,14.90,0.0000,true,1,326023
7290101869832,false,"אירוויק מילוי מבשם אויר חשמלי חלום ליל קיץ 19 מ""ל",איירוויק Air Wick,CN,מילוי מבשם חשמלי איר,Unknown,0.00,יחידה,false,,14.90,0.0000,true,1,326024
7290101869924,false,"אירוויק מילוי מבשם אויר חשמלי מסתור אקזוטי 19 מ""ל",רקיט בנקיזר,PL,מילוי מבשם חשמלי איר,Unknown,0.00,יחידה,false,,14.90,0.0000,true,1,326025
7290102030330,false,תפוצ'יפס קראנצ' בטעם מקסיקני 200 גרם,"שטראוס פריטו ליי בע""\מ )",IL,תפוציפס קראנצ מקסיקנ,גרמים,200.00,100 גרם,false,,8.80,4.4000,true,1,263286
7290102031276,false,מארז 8 יחידות אקטימל משקה יוגורט בטעם תות בננה,מיוצר עי קונדיטוריית,IL,אקטימל תות בננה דנונ,מיליליטרים,800.00,"100 מ""ל",false,,16.90,2.1125,true,1,264258
7290102032334,false,אבקה להכנת משקה קפה בטעם וניל,שטראוס קפה בי.וי,IL,קפה נמס וניל 200 גרם,גרמים,200.00,100 גרם,false,,19.90,9.9500,true,1,263289
7290102060764,false,מרידול מברשת שיניים אריזת זוג,יבואן ומשווק: ש. שסט,CH,מברשת מרידול 2 יח,Unknown,0.00,יחידה,false,,27.90,0.0000,true,1,319276
7290102060979,false,"אלמקס משחת שיניים למניעת עששת 100מ""ל",יבואן ומשווק: ש. שסט,PL,"משחת אלמקס 100 מ""ל",מיליליטרים,100.00,"100 מ""ל",false,,11.90,11.9000,true,1,265490
7290102062195,false,"משחת שיניים לילדים לגילאי 6-12 אלמקס 75 מ""ל",יבואן ומשווק: ש. שסט,PE,משחת אלמקס גוניור 75,גרמים,75.00,100 גרם,false,,9.90,13.2000,true,1,271880
7290102390427,false,יוגורט ביו עם קציפת תות 3% שומן 150 ג' מולר,מולר Muller,IL,מולר פרופ תות 150 גר,מיליליטרים,150.00,"100 מ""ל",false,,4.40,2.9333,true,1,263293
7290102390465,false,יוגורט ביו עם קציפת אפרסק ופסיפלורה 3% שומן 150 ג' מולר,מולר Muller,IL,מולר פרופ אפרסק ופסי,מיליליטרים,150.00,"100 מ""ל",false,,4.40,2.9333,true,1,263294
7290102390489,false,יוגורט ביו עם קציפת לימון 3% שומן 150 ג' מולר,מולר Muller,IL,מולר פרופ לימון 150,מיליליטרים,150.00,"100 מ""ל",false,,4.40,2.9333,true,1,263295
7290102391844,false,יוגורט ביו עם קציפת פירות יער3% שומן 150 ג' מולר,מולר Muller,IL,מולר פרופ פירות יער,מיליליטרים,150.00,"100 מ""ל",false,,4.40,2.9333,true,1,264390
7290102392094,false,חלב עיזים 3.7% בקרטון משק צוריאל 1 ליטר,מילקו תעשיות בעמ,IL,חלב עיזים צוריאל 1 ל,גרמים,250.00,100 גרם,false,,13.90,5.5600,true,1,264635
7290102392254,false,"חלב בקרטון 1% 2 ליטר בד""צ - מוצר בפיקוח",מילקו תעשיות בעמ,IL,חלב 1% טרה 2 ליטר,קילוגרמים,2.00,ליטר,false,,11.60,5.8000,true,1,265525
7290102393039,false,"יוגורט ביו קרמי מיקס פצפוצי שוקולד 7.6% מולר 170 מ""ל",קריות זול,IL,מולר מיקס פצפוצי שוק,מיליליטרים,150.00,"100 מ""ל",false,,4.90,3.2667,true,1,265776
7290102393060,false,"יוגורט ביו קרמי מיקס גלילי ופל ואגוזים 5.9% מולר 170 מ""ל",קריות זול,IL,מולר מיקס גלילות 170,מיליליטרים,150.00,"100 מ""ל",false,,4.90,3.2667,true,1,265774
7290102393169,false,"יוגורט סימפלי פרוט בטעם תות 3% מולר 150 מ""ל",מולר Muller,IL,מולר סימפלי תות 150,גרמים,150.00,100 גרם,false,,3.90,2.6000,true,1,266409
7290102393176,false,סימפלי פרוט יוגורט אפרסק 3% שומן 150 ג' מולר,מילקו תעשיות בעמ,IL,מולר סימפלי אפרסק 15,גרמים,150.00,100 גרם,false,,3.90,2.6000,true,1,266410
7290102393190,false,"יוגורט סימפלי פרוט בטעם פירות יער 3% מולר 150 מ""ל",מילקו תעשיות בעמ,IL,מולר סימפלי פירות יע,גרמים,150.00,100 גרם,false,,3.90,2.6000,true,1,266411
7290102393268,false,"גבינה לבנה 5% שומן, רכיבים טבעיים 750 גרם",הפריט בפיקוח,IL,גבינה 5% טרה 750 גרם,גרמים,750.00,100 גרם,false,,11.90,1.5867,true,1,265872
7290102393947,false,סימפלי פרוט יוגורט בטעם קיווי 3% שומן 150 ג' מולר,מילקו תעשיות בעמ,IL,מולר סימפלי קיווי 15,גרמים,150.00,100 גרם,false,,3.90,2.6000,true,1,267086
7290102394081,false,"יוגורט ביו קרמי מיקס קורנפלקס מצופה שוקולד מולר 170 מ""ל",מילקו תעשייה בעמ,IL,מולר מיקס קורנפלקס מ,גרמים,170.00,100 גרם,false,,4.90,2.8824,true,1,267087
7290102394258,false,גליל גבינת עיזים מה עז 9% משק צוריאל 180 גרם,מחלבת משק צוריאל,IL,גבינה מה עז 9% צוריא,גרמים,180.00,100 גרם,false,,17.90,9.9444,true,1,267537
7290102394463,false,נעם גבינה צהובה פרוסה ואקום 28% טרה 500 גרם,Unknown,IL,גבינה נעם 28% 500 גר,גרמים,500.00,100 גרם,false,,22.90,4.5800,true,1,271034
7290102394821,false,נעם גבינה צהובה פרוסה 28% טרה 200 גרם,מילקו תעשיות בעמ,IL,פרוסות גבינה נעם קלא,גרמים,200.00,100 גרם,false,,12.90,6.4500,true,1,268632
7290102394845,false,נעם גבינה צהובה לייט פרוסה דק דק 9% טרה 200 גרם,מילקו תעשיות בעמ,IL,פרוסות גבינה נעם 9%,גרמים,200.00,100 גרם,false,,13.90,6.9500,true,1,268557
7290102395217,false,מאגדת שמיניה מולר במתיקות מעודנת 1.2% 8*150 ג',מולר Muller,IL,מארז מולר ביאנקו במת,קילוגרמים,1.20,ליטר,false,,14.90,12.4167,true,1,269837
7290102395224,false,שמיניית יוגורט ביו ביאנקו 1.7% מולר 150 גרם,מולר Muller,IL,מארז מולר נטורל 1.7%,קילוגרמים,1.20,ליטר,false,,14.90,12.4167,true,1,269653
7290102395231,false,שמיניית יוגורט ביו ביאנקו 2.8% מולר 150 גרם,מולר Muller,IL,מארז מולר נטורל 2.8%,קילוגרמים,1.20,ליטר,false,,14.90,12.4167,true,1,269654
7290102395262,false,מארז 8 גביעים יוגורט בטעם תות שדה ואפרסק 3% Simply Fruit,מולר Muller,IL,מארז מולר סימפלי תות,קילוגרמים,1.20,ליטר,false,,24.90,20.7500,true,1,270154
7290102395439,false,מארז 8 גביעים יוגורט בטעם פירות יער וקיווי 3% Simply Fruit,מילקו תעשיות בעמ,IL,מארז מולר סימפלי פיר,קילוגרמים,1.20,ליטר,false,,24.90,20.7500,true,1,279018
7290102395446,false,מעדן חלב בטעם וניל עם קצפת 123 ג' טרה,Unknown,IL,מעדן מוו וניל עם קצפ,גרמים,123.00,100 גרם,false,,1.90,1.5447,true,1,269926
7290102395477,false,מעדן חלב בטעם שוקולד עם קצפת 123 ג' טרה,Unknown,IL,מעדן מוו שוקולד עם ק,גרמים,123.00,100 גרם,false,,1.90,1.5447,true,1,269924
7290102395521,false,"שמנת לבישול 15% שומן 500 מ""ל טרה",מילקו תעשיות בעמ,IL,שמנת לבישול 15% טרה,מיליליטרים,500.00,"100 מ""ל",false,,9.90,1.9800,true,1,273899
7290102396399,false,שמיניית מעדן שוקולד מוו 1.5% טרה 100 גרם,Unknown,IL,מארז מעדן מוו שוקולד,גרמים,800.00,100 גרם,false,,11.90,1.4875,true,1,274913
7290102396405,false,שמיניית מעדן וניל מוו 1.5% טרה 100 גרם,Unknown,IL,מארז מעדן מוו וניל 8,גרמים,800.00,100 גרם,false,,11.90,1.4875,true,1,274914
7290102396580,false,מעדן מוו שוקולד ומוס שוקולד טרה 118 גרם,טרה,IL,מעדן מוו מוס שוקו 11,גרמים,123.00,100 גרם,false,,1.90,1.5447,true,1,274911
7290102396597,false,מעדן מוו וניל ומוס שוקולד טרה 118 גרם,טרה,IL,מעדן מוו מוס שוקו ונ,גרמים,123.00,100 גרם,false,,1.90,1.5447,true,1,274912
7290102396665,false,נעם גבינה צהובה דק דק 15% טרה 200 גרם,מילקו תעשיות בעמ,IL,פרוסות גבינה נעם 15%,גרמים,200.00,100 גרם,false,,13.90,6.9500,true,1,303113
7290102396719,false,יוגורט סימפלי תות 0% מולר 150 גרם,מולר Muller,IL,מולר סימפלי תות 0% 1,גרמים,150.00,100 גרם,false,,3.90,2.6000,true,1,276597
7290102396726,false,יוגורט סימפלי אפרסק 0% מולר 150 גרם,מולר,IL,מולר סימפלי אפרסק 0%,גרמים,150.00,100 גרם,false,,3.90,2.6000,true,1,276598
7290102396740,false,מארז 8 גביעים יוגורט בטעם תות שדה ואפרסק 0% Simply Fruit,מילקו תעשיות בעמ,IL,מארז מולר סימפלי תות,קילוגרמים,1.20,ליטר,false,,24.90,20.7500,true,1,276600
7290102397204,false,"גבנ""צ דק דק נעם פתיחה חוזרת 22% 200 גרם",מילקו תעשיות בעמ,IL,פרוסות גבינה נעם 22%,גרמים,200.00,100 גרם,false,,13.90,6.9500,true,1,303112
7290102397334,false,גבינה בולגרית גלילית 5% משק צוריאל 250 גרם,מחלבת משק צוריאל,IL,גבינה בולגרית 5% צור,גרמים,250.00,100 גרם,false,,17.90,7.1600,true,1,305124
7290102397464,false,יוגורט ביו בתוספת גרעינים אגוזים וחמוציות 170 ג' מולר,מולר Muller,IL,מולר נטורל עם פיצוחי,מיליליטרים,150.00,"100 מ""ל",false,,4.90,3.2667,true,1,310872
7290102397600,false,מיקס יוגורט בתוספת שקדים ובוטנים מקורמלים 170 ג' מולר,מילקו תעשייה בעמ,IL,מולר מיקס שקדים ובוט,מיליליטרים,150.00,"100 מ""ל",false,,4.90,3.2667,true,1,306733
7290102397617,false,יוגורט ביו קרמי עם כדורים מצופים שוקולד חום לבן,מולר Muller,IL,מולר מיקס קליק כדורי,מיליליטרים,150.00,"100 מ""ל",false,,4.90,3.2667,true,1,306732
7290102397679,false,קוטג' וחצי טרה 5% מרכיבים טבעיים,מילקו,IL,קוטג 5% טרה 375 גרם,גרמים,375.00,100 גרם,false,,6.90,1.8400,true,1,310048
7290102397730,false,פרוסות גבינה אמנטל חצי קשה 30% שומן 200 ג' נעם,Unknown,IL,גבינה נעם אמנטל 30%,גרמים,200.00,100 גרם,false,,16.90,8.4500,true,1,311900
7290102397747,false,פרוסות גבינת מוצרלה נעם מחלב בקר 22%,טרה,IL,גבינה נעם מוצרלה פרו,גרמים,200.00,100 גרם,false,,15.90,7.9500,true,1,314296
7290102397891,false,גבינה מותכת משק צוריאל 100 גרם,משק צוריאל,IL,גבינה מותכת צוריאל 1,גרמים,100.00,100 גרם,false,,4.90,4.9000,true,1,310869
7290102398065,false,חלב טרה בקרטון 2 ליטר מהדרין 3% - מוצר בפיקוח,הפריט בפיקוח,IL,חלב 3% טרה 2 ליטר וס,קילוגרמים,2.00,ליטר,false,,12.30,6.1500,true,1,312368
7290102398560,false,שוקו טרה מועשר בבקבוק 1 ליטר,מילקו תעשיות בעמ,IL,משקה שוקו טרה 1 ליטר,קילוגרמים,1.00,ליטר,false,,8.90,8.9000,true,1,317508
7290102398577,false,משקה חלב בטעם שוקו 2% בבקבוק אישי,מילקו תעשיות בעמ,IL,שוקו מועשר טרה 250 מ,מיליליטרים,250.00,"100 מ""ל",false,,4.90,1.9600,true,1,337241
7290102398614,false,משקה חלב בטעם בננה טרה 1 ליטר,מילקו תעשיות בעמ,IL,משקה בננה טרה 1 ליטר,קילוגרמים,1.00,ליטר,false,,8.90,8.9000,true,1,317509
7290102398638,false,משקה חלב בטעם מוקה טרה 1 ליטר,מילקו תעשיות בעמ,IL,משקה מוקה טרה 1 ליטר,קילוגרמים,1.00,ליטר,false,,8.90,8.9000,true,1,317510
7290102398669,false,משקה חלב אייס קפוצ'ינו טרה 1 ליטר,מילקו תעשיות בעמ,IL,משקה אייס קפוצ'ינו ט,קילוגרמים,1.00,ליטר,false,,9.90,9.9000,true,1,326495
7290102398782,false,משקה סויה קלאסי משק צוריאל 1 ליטר,מחלבת משק צוריאל,IT,משקה סויה צוריאל 1 ל,קילוגרמים,1.00,ליטר,false,,9.90,9.9000,true,1,324647
7290102398805,false,משקה סויה בטעם וניל משק צוריאל 1 ליטר,מחלבת משק צוריאל,IT,משקה סויה וניל צוריא,קילוגרמים,1.00,ליטר,false,,9.90,9.9000,true,1,324650
7290102398836,false,משקה שקדים קלאסי משק צוריאל 1 ליטר,מחלבת משק צוריאל,IT,משקה שקדים צוריאל 1,קילוגרמים,1.00,ליטר,false,,11.90,11.9000,true,1,324648
7290102399635,false,"מולר פרופ יוגורט ביו עם קציפת קוקוס ואננס 150 מ""ל",מולר Muller,IL,מולר פרופ טרופיקל קו,מיליליטרים,150.00,"100 מ""ל",false,,4.40,2.9333,true,1,327271
7290102399796,false,מעדן יוגורט לבן מועשר בחלבון 200 ג' מולר אקטיב,מולר Muller,IL,מולר אקטיב לבן 25 גר,גרמים,200.00,100 גרם,false,,4.90,2.4500,true,1,326660
7290102399802,false,יוגורט עם תות מולר אקטיב מועשר בחלבון 200 גר',מולר Muller,IL,מולר אקטיב תות 20 גר,גרמים,200.00,100 גרם,false,,5.50,2.7500,true,1,326663
7290102399819,false,יוגורט עם פירות יער מולר אקטיב מועשר בחלבון 200 גר',מולר Muller,IL,מולר אקטיב פירות יער,גרמים,200.00,100 גרם,false,,5.50,2.7500,true,1,326664
7290102399857,false,מולר אקטיב לייט 20 גרם חלבון 0% שומן עם תות 200 גרם,מולר Muller,IL,מולר אקטיב תות לייט,גרמים,200.00,100 גרם,false,,5.50,2.7500,true,1,326669
7290102848416,false,רוטב טקסס גריל שף 35,,IL,רוטב טקסס גריל שף 35,מיליליטרים,350.00,"100 מ""ל",false,,17.90,5.1143,true,1,339804
7290102848423,false,רוטב דגים מניאפולי ש,,IL,רוטב דגים מניאפולי ש,מיליליטרים,350.00,"100 מ""ל",false,,17.90,5.1143,true,1,339805
7290102848430,false,רוטב תאי סלמון שף 35,,IL,רוטב תאי סלמון שף 35,מיליליטרים,350.00,"100 מ""ל",false,,17.90,5.1143,true,1,339802
7290102848447,false,רוטב דיאבלו ווינגס ש,,IL,רוטב דיאבלו ווינגס ש,מיליליטרים,350.00,"100 מ""ל",false,,17.90,5.1143,true,1,339806
7290102848454,false,רוטב סמוקי ביף שף 35,,IL,רוטב סמוקי ביף שף 35,מיליליטרים,350.00,"100 מ""ל",false,,17.90,5.1143,true,1,339803
7290103120658,false,דאודורנט ספיד סטיק גל שחור 85 גרם,הנסיך- מפעל לייצור ט,US,דאו גל ספיד סטיק קול,גרמים,85.00,100 גרם,false,,10.90,12.8235,true,1,267822
7290103121600,false,"ספיד סטיק - דאודורנט ספריי לגבר 24/7 קול פיוזן 150 מ""ל",קולגייט פלמוליב,RU,דאו ספריי ספיד סטיק,מיליליטרים,165.00,"100 מ""ל",false,,11.90,7.2121,true,1,285919
7290103124588,false,"סבון נוזלי ארומה בניחוח לבנדר פטצ'ולי פלמוליב 750 מ""ל",הנסיך- מפעל לייצור ט,TR,ג'ל רחצה פלמוליב ארו,מיליליטרים,750.00,"100 מ""ל",false,,19.50,2.6000,true,1,267849
7290103124601,false,"תחליב רחצה נוזל חלב ודבש משאבה 750מ""ל פלמוליב",הנסיך- מפעל לייצור ט,TR,תחליב פלמוליב חלב וד,מיליליטרים,750.00,"100 מ""ל",false,,19.50,2.6000,true,1,267848
7290103129378,false,ספיד סטיק - דאודורנט ג'ל לגבר איקס 5 85 גרם,הנסיך- מפעל לייצור ט,US,דאו גל ספיד סטיק איק,גרמים,85.00,100 גרם,false,,10.90,12.8235,true,1,317188
7290103129392,false,ליידי ספיד סטיק פרש אסנס פרח הפרזיה סטיק 65 גר,ליידי ספיד סטיק Lady Speed Stick,US,דאו ליידי ספיד סטיק,גרמים,65.00,100 גרם,false,,11.90,18.3077,true,1,270980
7290103129408,false,ליידי ספיד סטיק - דאודורנט סטיק לאישה פרש אסנס פריחת הפרדס 65 גרם,ליידי ספיד סטיק Lady Speed Stick,US,דאו ליידי ספיד סטיק,גרמים,65.00,100 גרם,false,,11.90,18.3077,true,1,270981
7290103150952,false,מפות שולחן עבות לפיד,צח ליין,CN,מפות שולחן עבות לפיד,Unknown,0.00,יחידה,false,,9.90,0.0000,true,1,263913
7290103150969,false,מפות שולחן עבות לפיד,צח ליין,CN,מפות שולחן עבות לפיד,Unknown,0.00,יחידה,false,,9.90,0.0000,true,1,263914
7290103153779,false,מכסים לתבניות גדולות,אופל אריזות בעמ,IL,מכסים לתבניות גדולות,Unknown,0.00,יחידה,false,,5.90,0.0000,true,1,267588
7290103153786,false,מכסה לתבנית R2 בינוני לפיד 15 יחידות,אופל אריזות בעמ,IL,מכסים לתבניות בינוני,Unknown,0.00,יחידה,false,,5.90,0.0000,true,1,267589
7290103153793,false,מכסים לתבניות קטנות,אופל אריזות בעמ,IL,מכסים לתבניות קטנות,Unknown,0.00,יחידה,false,,5.90,0.0000,true,1,267590
7290103153823,false,צלחות קטנות נעימות ז,ב פ תעשיות,IL,צלחות קטנות נעימות ז,Unknown,0.00,יחידה,false,,24.90,0.0000,true,1,268134
7290103153830,false,צלחות גדולות נעימות,ב פ תעשיות,IL,צלחות גדולות נעימות,Unknown,0.00,יחידה,false,,39.90,0.0000,true,1,268132
7290103153847,false,צלחות מרק נעימות זהב,ב פ תעשיות,IL,צלחות מרק נעימות זהב,Unknown,0.00,יחידה,false,,29.90,0.0000,true,1,268137
7290103155087,false,שקיות אשפה 75/90 גופייה בורדו שחור לפיד 35 יחידות,רווח,CN,שקיות אשפה עם ידיות,Unknown,0.00,יחידה,false,,19.90,0.0000,true,1,272043
7290103155582,false,מכסים לתבנית בינוני,אופל אריזות בעמ,IL,מכסים לתבנית בינוני,Unknown,0.00,יחידה,false,,5.90,0.0000,true,1,272475
7290103156138,false,מפת אלבד מדוגם גליל,דיספובד,IL,מפת אלבד מדוגם גליל,Unknown,0.00,יחידה,false,,29.90,0.0000,true,1,272581
7290103156930,false,כוסות יהלום לפיד 40 יחידות,LARIPLAST,TR,כוסות יהלום 40 יח,Unknown,0.00,יחידה,false,,10.90,0.0000,true,1,278161
7290103157104,false,מפת אלבד צבעוני 4 יח,פאלאס,CN,מפת אלבד צבעוני 4 יח,Unknown,0.00,יחידה,false,,11.90,0.0000,true,1,307953
7290103203405,false,צלו ליקר שוקולד תפוז 16%,ישראליקר,IL,ליקר צאלו שוקולד תפו,מיליליטרים,500.00,"100 מ""ל",false,,29.90,5.9800,true,1,301560
7290103203412,false,"ליקר צלו שוקולד מנטה 500 מ""ל",ישראליקר,IL,ליקר צאלו שוקולד מנט,מיליליטרים,500.00,"100 מ""ל",false,,29.90,5.9800,true,1,301561
7290103203436,false,"ליקר צלו דובדבן 500 מ""ל",ישראליקר,IL,ליקר צאלו דובדבן 500,מיליליטרים,500.00,"100 מ""ל",false,,29.90,5.9800,true,1,301562
7290103203443,false,"ליקר צלו בננה 500 מ""ל",ישראליקר,IL,ליקר צאלו בננה 500 מ,מיליליטרים,500.00,"100 מ""ל",false,,29.90,5.9800,true,1,301563
7290103203450,false,"ליקר אמרטו צ'לו 500 מ""ל",ישראליקר,IL,ליקר צאלו אמרטו 500,מיליליטרים,500.00,"100 מ""ל",false,,29.90,5.9800,true,1,301564
7290103401429,false,קפה קצב ברזילאי אוריגינס 200 גר,הנסיך- מפעל לייצור ט,IL,קפה פלטינום ברזילאי,גרמים,200.00,100 גרם,false,,19.90,9.9500,true,1,264528
7290103702526,false,קופסת ממחטות טאצ' 100 יח',סאסאטק,IL,ממחטות בקופסא טאצ' 1,Unknown,0.00,יחידה,false,,4.90,0.0000,true,1,339308
7290103702649,false,מארז חמישייה מגבוני טישו דו שכבתי,שניב,IL,טישו עדן 5*100 יח,Unknown,0.00,יחידה,false,,8.90,0.0000,true,1,325038
7290103704216,false,מגבות נייר קשת 16 יח,שניב תעשיות נייר,IL,מגבות נייר קשת 16 יח,Unknown,0.00,יחידה,false,,19.90,0.0000,true,1,330172
7290103704971,false,נייר טואלט כפול סילק,,,נייר טואלט כפול סילק,מטרים,792.00,מטר,false,,34.90,0.0441,true,1,337973
7290103722005,false,נייר טואלט לבלי 32 גלילים,,,נייר טואלט לאבלי לבן,מטרים,573.50,מטר,false,,26.90,0.0469,true,1,296999
7290104061417,false,סלט חומוס עם טחינה אחלה 400 גרם,"שטראוס גרופ בע""\מ",IL,חומוס עם טחינה אחלה,גרמים,400.00,100 גרם,false,,8.90,2.2250,true,1,264905
7290104061424,false,סלט חומוס עם זעתר אחלה 400 גרם,מיוצר עי קונדיטוריית,IL,חומוס עם זעתר אחלה 4,גרמים,400.00,100 גרם,false,,8.90,2.2250,true,1,264904
7290104061431,false,סלט חומוס עם צנובר אחלה 400 גרם,"שטראוס גרופ בע""\מ",IL,חומוס עם צנוברים אחל,גרמים,400.00,100 גרם,false,,8.90,2.2250,true,1,264906
7290104061448,false,סלט חומוס עם חריף אחלה 400 גרם,מיוצר עי קונדיטוריית,IL,חומוס עם חריף אחלה 4,גרמים,400.00,100 גרם,false,,8.90,2.2250,true,1,264907
7290104062599,false,מארז 8 יחידות מעדן גמדים בטעמי תות ובננה,"שטראוס בריאות בע""\מ",IL,מארז גמדים תות ובננה,גרמים,800.00,100 גרם,false,,15.90,1.9875,true,1,264942
7290104065187,false,אבקה להכנת משקה קפה בטעם מוקה,STRAUSS-ISRAEL,IL,קפה נמס מוקה 200 גרם,גרמים,200.00,100 גרם,false,,19.90,9.9500,true,1,284979
7290104066566,false,טחינה משומשום מלא אח,מיוצר עי קונדיטוריית,IL,טחינה אחלה 500 גרם,גרמים,500.00,100 גרם,false,,11.90,2.3800,true,1,266244
7290104501661,false,אינסטנט פודינג בטעם וניל צרפתי אסם 80 גרם,מיוצר עי קונדיטוריית,IL,פודינג אינסטנט קרם צ,גרמים,80.00,100 גרם,false,,4.90,6.1250,true,1,266668
7290104503184,false,הבית עוגת שבת בראוניס טעם שוקולד ריבת חלב 380 גרם,מיוצר עי קונדיטוריית,IL,עוגת בראוניס שוקולד,גרמים,380.00,100 גרם,false,,13.90,3.6579,true,1,267613
7290104504228,false,מיני דובונים אסם 100 גרם מארז 5 יחידות,"אסם השקעות בע""\מ",IL,מארז דובונים 5*20 גר,גרמים,100.00,100 גרם,false,,12.90,12.9000,true,1,267288
7290104508943,false,במבה חטיף בוטנים אסם 200 גרם,"אסם השקעות בע""\מ",IL,במבה קלאסי 200 גרם,גרמים,200.00,100 גרם,false,,8.90,4.4500,true,1,267731
7290104720499,false,מארז 8 יחידות מעדן דני בטעם וניל 1.5%,מיוצר עי קונדיטוריית,IL,מארז דני וניל 8*125,קילוגרמים,1.00,ליטר,false,,12.90,12.9000,true,1,266109
7290104721533,false,רצועות פלפלים קלויים אחלה 400 ג',מיוצר עי קונדיטוריית,IL,פלפלים קלויים טעמי ה,גרמים,400.00,100 גרם,false,,11.90,2.9750,true,1,266569
7290104721755,false,מארז קפה טורקי עלית,חברת המשקם לתעסוקת ק,IL,מארז קפה טורקי עלית,גרמים,435.00,100 גרם,false,,28.90,6.6437,true,1,266764
7290104722530,false,תפוצ'יפס בטעם שמנת בצל עלית 200 גרם,"שטראוס פריטו ליי בע""\מ )",IL,תפוציפס שמנת בצל 200,גרמים,200.00,100 גרם,false,,8.80,4.4000,true,1,266264
7290104726712,false,מארז 8 יחידות מעדן מילקי בטעם שוקולד עם קצפת,"שטראוס גרופ בע""\מ",IL,מארז מילקי שוקולד 8*,פריט,1.06,"ק""ג",false,,16.90,15.9434,true,1,267400
7290104728310,false,"שמנת מתוקה עמידה 38% שומן ""יטבתה"" -מוצר בפיקוח",שטראוס גרופ,IL,שמנת להקצפה 38% יטבת,מיליליטרים,250.00,"100 מ""ל",false,,6.40,2.5600,true,1,266983
7290104850790,false,מגש אובלי בורדו 12 י,פאלאס,IL,מגש אובלי בורדו 12 י,Unknown,0.00,יחידה,false,,15.90,0.0000,true,1,322297
7290104854736,true,לפתניה דגם קונכיות ל,,,לפתניה דגם קונכיות לבן 16 יח,Unknown,0.00,יחידה,false,1,9.90,0.0000,true,1,302749
7290104855368,false,מיכל 1 ליטר 12 יח,פאלאס,CN,מיכל 1 ליטר 12 יח,Unknown,0.00,יחידה,false,,15.90,0.0000,true,1,303374
7290104855375,false,מיכל 2 ליטר 10 יח,סנטר פלאסט,IL,מיכל 2 ליטר 10 יח,Unknown,0.00,יחידה,false,,15.90,0.0000,true,1,303338
7290104855382,false,מיכל 2.5 ליטר 6 יח,סנטר פלאסט,IL,מיכל 2.5 ליטר 6 יח,Unknown,0.00,יחידה,false,,15.90,0.0000,true,1,303339
7290104855399,false,מיכל 4 ליטר 5 יח,סנטר פלאסט,IL,מיכל 4 ליטר 5 יח,Unknown,0.00,יחידה,false,,15.90,0.0000,true,1,303340
7290104855405,false,מיכל 0.5 ליטר 15 יח,סנטר פלאסט,IL,מיכל 0.5 ליטר 15 יח,Unknown,0.00,יחידה,false,,15.90,0.0000,true,1,303341
7290104856839,false,מארז 6 יח נייר אלומי,פאלאס,CN,מארז 6 יח נייר אלומי,מטרים,30.00,מטר,false,,21.90,0.7300,true,1,305015
7290104856846,false,מארז 4 נייר אלומיניו,פאלאס,CN,מארז 4 נייר אלומיניו,מטרים,30.00,מטר,false,,21.90,0.7300,true,1,306019
7290104856853,false,מארז 3 נייר אלומיניו,פאלאס,CN,מארז 3 נייר אלומיניו,מטרים,22.50,מטר,false,,21.90,0.9733,true,1,306020
7290104856914,false,2 אלבד מקופל זהב לבן פאלאס,פאלאס,CN,מפת אלבד מדוגם 2 יח,Unknown,0.00,יחידה,false,,11.90,0.0000,true,1,307951
7290104857041,false,"כוסות ח""פ 100 יח",פאלאס,CN,"כוסות ח""פ 100 יח",Unknown,0.00,יחידה,false,,5.90,0.0000,true,1,307843
7290104857119,false,צלחות גדולות חד פעמי,פאלאס,TR,צלחות גדולות לפיד 10,Unknown,0.00,יחידה,false,,29.90,0.0000,true,1,324535
7290104857973,false,צלחת קטנה סנייק כסף,,,צלחת קטנה סנייק כסף 10 יח,Unknown,0.00,יחידה,false,1,8.90,0.0000,true,1,310549
7290104858185,false,נרות חימום בפלסטיק 8,פאלאס,CN,נרות חימום בפלסטיק 8,Unknown,0.00,יחידה,false,,23.90,0.0000,true,1,310024
7290104858208,false,נרות חימום בפלסטיק 4,פאלאס,CN,נרות חימום בפלסטיק 4,Unknown,0.00,יחידה,false,,23.90,0.0000,true,1,310023
7290104858536,false,מארז קינוחים חד פעמי,xueli,CN,כוסות קינוח לפיד,Unknown,0.00,יחידה,false,,14.90,0.0000,true,1,310406
7290104858543,false,כוסות קינוח צורות לפ,FGM,CN,כוסות קינוח צורות לפ,Unknown,0.00,יחידה,false,,14.90,0.0000,true,1,310405
7290104858567,false,מפת אלבד מוטבע גליל,פאלאס,CN,מפת אלבד מוטבע גליל,Unknown,0.00,יחידה,false,,39.90,0.0000,true,1,310300
7290104858598,false,מפיות לבנות חד שכבתי פאלאס 100 יחידות,פאלאס,CN,מפיות לבנות חד שכבתי,Unknown,0.00,יחידה,false,,4.90,0.0000,true,1,311246
7290104858642,false,שקיות אשפה חזקות 90/75 גליל שחור פאלאס 25 יחידות,רווח,CN,שקיות אשפה 75*90 לפי,Unknown,0.00,יחידה,false,,11.90,0.0000,true,1,309306
7290104858703,false,מפיות חג שמח 75יח דו,פאלאס,CN,מפיות חג שמח 75 יח ד,Unknown,0.00,יחידה,false,,8.90,0.0000,true,1,310069
7290104858727,false,טישו קשת 5*140 יח,פאלאס,CN,טישו קשת 5*140 יח,Unknown,700.00,יחידה,false,,11.90,0.0170,true,1,312560
7290104859267,false,שקיות אוכל קשת 3*150,פאלאס,CN,שקיות אוכל קשת 3*150,Unknown,0.00,יחידה,false,,9.90,0.0000,true,1,311129
7290104859410,false,צלחות גדולות חד פעמי,פאלאס תעשיות נטו (20,CN,צלחות גדולות לפיד 1,Unknown,0.00,יחידה,false,,32.90,0.0000,true,1,312709
7290104859779,false,"כוסות לבירה 330 מ""ל פאלאס 40 יחידות",פאלאס,CN,כוסות איכותיות 40 יח,Unknown,0.00,יחידה,false,,10.90,0.0000,true,1,315298
7290104859960,false,מארז 4 יח מגשי קריסט,פאלאס,CN,מארז 4 יח מגשי קריסט,Unknown,0.00,יחידה,false,,12.90,0.0000,true,1,315027
7290104859977,false,מארז 2 יח מגשי קריסט,פאלאס,CN,מארז 2 יח מגשי קריסט,Unknown,0.00,יחידה,false,,19.90,0.0000,true,1,315028
7290104859984,false,קערה ענקית בלו שיין,פאלאס,CN,קערה ענקית בלו שיין,Unknown,0.00,יחידה,false,,19.90,0.0000,true,1,315023
7290104859991,false,קערה גדולה בלו שיין,פאלאס,CN,קערה גדולה בלו שיין,Unknown,0.00,יחידה,false,,19.90,0.0000,true,1,315024
7290104960970,false,דאודורנט ספריי טיטניום מטאל Titanium Metal,אמיליה קוסמטיקס בעמ,IL,דאו ספריי טיטניום מט,מיליליטרים,180.00,"100 מ""ל",false,,13.90,7.7222,true,1,268024
7290104962073,false,דאודורנט ספריי גוף טיטניום גולד Titanium Gold,"אמיליה קוסמטיקס בע""מ",IL,דאו ספריי טיטניום גו,מיליליטרים,150.00,"100 מ""ל",false,,13.90,9.2667,true,1,272277
7290104962134,false,דאודורנט קרליין רול און נושם לנערות ללא אלומיניום,מיוצר עי : אמיליה קוסמטי,IL,דאו רול און קרליין ל,מיליליטרים,75.00,"100 מ""ל",false,,11.70,15.6000,true,1,272578
7290104965647,false,קרליין דאו רול און נושם סוויט קיס לנערות,מיוצר עי : אמיליה קוסמטי,IL,דאו רול און קרליין נ,Unknown,0.00,יחידה,false,,11.70,0.0000,true,1,331578
7290105180186,false,"בקבוק מעוצב 250 מ""ל+ידית ללא ביספינול",אריסטוקרט,IL,בקבוק תינוק מעוצב אר,Unknown,0.00,יחידה,false,,14.90,0.0000,true,1,266783
7290105180216,false,פלסטרים שקופים 100 יחידות,אריסטוקרט,CN,פלסטר שקוף אריסטוקרט,Unknown,0.00,יחידה,false,,8.90,0.0000,true,1,268214
7290105180247,false,פלסטרים מיקס 100 יחידות,אריסטוקרט,CN,פלסטר מיקס אריסטוקרט,Unknown,0.00,יחידה,false,,8.90,0.0000,true,1,268212
7290105180322,false,בקבוק ספורט קלאסי (322),אריסטוקרט,IL,בקבוק ספורט קלאסי אר,Unknown,0.00,יחידה,false,,9.90,0.0000,true,1,268826
7290105180353,false,"סכין גילוח- עשירייה, עם פס אלוורה",אריסטוקרט,CN,סכיני גילוח אריסטוקר,Unknown,0.00,יחידה,false,,8.90,0.0000,true,1,268757
7290105180360,false,מוצץ סיליקון צבעוני שלישייה קטן,אריסטוקרט,IL,מוצץ סיליקון קטן לתי,Unknown,0.00,יחידה,false,,14.90,0.0000,true,1,270385
7290105180377,false,מוצץ סיליקון צבעוני שלישייה בינוני,אריסטוקרט,TH,מוצץ סיליקון בינוני,Unknown,0.00,יחידה,false,,14.90,0.0000,true,1,270383
7290105180384,false,מוצץ סיליקון צבעוני שלישייה גדול,אריסטוקרט,TH,מוצץ סיליקון גדול לת,Unknown,0.00,יחידה,false,,14.90,0.0000,true,1,270384
7290105180391,false,בקבוק צר מעוצב- זוג (391),אריסטוקרט,TH,בקבוק צר מעוצב לתינו,Unknown,0.00,יחידה,false,,18.90,0.0000,true,1,270381
7290105180407,false,"בקבוק סטאר רחב, 2+1 מתנה",אריסטוקרט,TH,בקבוק רחב לתינוק ארי,Unknown,0.00,יחידה,false,,29.90,0.0000,true,1,270382
7290105180971,false,מדחום גליום אקולוגי ללא כספית מאושר לשימוש בשבת,אריסטוקרט,CN,מד חום גליום ללא כספ,Unknown,0.00,יחידה,false,,19.90,0.0000,true,1,318314
7290105181343,false,בקבוק צר אריסטוקרט 6,אריסטוקרט,TH,בקבוק צר אריסטוקרט 6,Unknown,0.00,יחידה,false,,19.90,0.0000,true,1,305474
7290105181367,false,מחזיקונים לעגלה זוג איכותי במיוחד,אריסטוקרט,CN,מחזיקונים לעגלת תינו,Unknown,0.00,יחידה,false,,24.90,0.0000,true,1,318312
7290105181732,false,מוצץ מלכות - זוג בקופסה רב שימושית,אריסטוקרט,IL,מוצצים סדרת מלכות אר,Unknown,0.00,יחידה,false,,19.90,0.0000,true,1,318315
7290105181855,false,"וזלין 100 גרם כשל""פ הרב לנדא אריסטוקרט",הרבל קוסמטיקס,IL,ג'ל פטרוליאום טהור א,מיליליטרים,100.00,"100 מ""ל",false,,7.90,7.9000,true,1,338320
7290105181954,false,מלבין ומחדש צמר וטליתות,BASF,DE,מלבין טליתות ובגדי צ,מיליליטרים,500.00,"100 מ""ל",false,,11.50,2.3000,true,1,322436
7290105182036,false,מברשות שיניים סיליקון [מאושרת לשבת],אריסטוקרט,CN,מברשת שיניים סיליקון,Unknown,0.00,יחידה,false,,11.90,0.0000,true,1,330082
7290105182050,false,"אצטון 250 מ""ל",גרינפארם ים המלח,IL,"אצטון 250 מ""ל",מיליליטרים,250.00,"100 מ""ל",false,,5.90,2.3600,true,1,331401
7290105182067,false,"אלכוהול 70% 250 מ""ל",אריסטוקרט,IL,"אלכוהול 70% 250 מ""ל",מיליליטרים,250.00,"100 מ""ל",false,,11.90,4.7600,true,1,331402
7290105182111,false,קיסמי שיניים דנטלים,אריסטוקרט,CN,קיסמי שיניים דנטלים,Unknown,0.00,יחידה,false,,14.90,0.0000,true,1,330841
7290105182128,false,מקלוני חוט דנטלי 200,אריסטוקרט,CN,מקלוני חוט דנטלי 200,Unknown,0.00,יחידה,false,,14.90,0.0000,true,1,330842
7290105182258,false,שפתון פטסטיק לריכוך,הרבל קוסמטיקס,IL,שפתון פטסטיק לריכוך,Unknown,0.00,יחידה,false,,19.90,0.0000,true,1,335963
7290105182265,false,מברשת ספינר לניקוי ב,אריסטוקרט,,מברשת ספינר לניקוי ב,Unknown,0.00,יחידה,false,,19.90,0.0000,true,1,338443
7290105360250,false,קפסולות 09 עשיר וארומטי למכונת נספרסו עלית 10יח',הנסיך- מפעל לייצור ט,IL,קפסולות עלית מס 9 למ,Unknown,0.00,יחידה,false,,15.50,0.0000,true,1,271910
7290105360328,false,קפסולות אספרסו חזק למכונות נספרסו 10 יח',הנסיך- מפעל לייצור ט,IL,קפסולות עלית מס 10 ל,גרמים,50.00,100 גרם,false,,15.50,31.0000,true,1,271911
7290105360335,false,קפסולות אספרסו למכונות נספרסו 50 גר,הנסיך- מפעל לייצור ט,IL,קפסולות עלית מס 7 ל,גרמים,50.00,100 גרם,false,,15.50,31.0000,true,1,271913
7290105362339,false,"שמנת לבישול 15% 250 מ""ל יטבתה מהדרין",שטראוס גרופ,IL,שמנת לבישול 15% יטבת,מיליליטרים,250.00,"100 מ""ל",false,,5.90,2.3600,true,1,268420
7290105364678,false,"אקטיביה משקה יוגורט בטעם אפרסק שטראוס 250 מ""ל",מיוצר עי קונדיטוריית,IL,משקה אקטיביה אפרסק 1,גרמים,250.00,100 גרם,false,,4.80,1.9200,true,1,326390
7290105366023,false,סלט חצילים בטעם כבד אחלה 400 גרם,מיוצר עי קונדיטוריית,IL,חציל בטעם כבד טעמי ה,גרמים,400.00,100 גרם,false,,11.90,2.9750,true,1,267465
7290105366047,false,טחינה לבנה אחלה 400 גרם,מיוצר עי קונדיטוריית,IL,טחינה לבנה טעמי השוק,גרמים,400.00,100 גרם,false,,11.90,2.9750,true,1,267573
7290105368904,false,"שמנת מתוקה להקצפה 32% שומן 250 מ""ל יוטבתה",שטראוס גרופ,IL,שמנת מתוקה להקצפה 32,מיליליטרים,250.00,"100 מ""ל",false,,5.50,2.2000,true,1,269180
7290105368928,false,"שמנת 9% שומן 200 מ""ל יוטבתה",שטראוס גרופ,IL,שמנת חמוצה 9% יטבתה,מיליליטרים,200.00,"100 מ""ל",false,,2.90,1.4500,true,1,268418
7290105430441,false,פלמוליב ס.נוזלי סחלב שחור 750 מל משאבה,הנסיך- מפעל לייצור ט,TR,תחליב פלמוליב סחלב ש,מיליליטרים,750.00,"100 מ""ל",false,,19.50,2.6000,true,1,270447
7290105430458,false,"פלמוליב - תחליב רחצה נטורלס שקדים 750 מ""ל",הנסיך- מפעל לייצור ט,TR,תחליב פלמוליב שקדים,מיליליטרים,750.00,"100 מ""ל",false,,19.50,2.6000,true,1,270448
7290105431516,false,מארז חטיף פריי תמרים ובוטנים ללא גלוטן ותוספת סוכר 125 גרם,טבעית מוצרים מן הטבע בעמ,IL,מארז חטיף פרי תמרים,גרמים,125.00,100 גרם,false,,14.90,11.9200,true,1,277793
7290105433961,false,"ליידי ספיד סטיק לסס פרש אסנס ספריי דובדבן, 150 מ""ל",קולגייט-פלמוליב,RU,דאו ספריי ליידי ספיד,מיליליטרים,150.00,"100 מ""ל",false,,11.90,7.9333,true,1,285921
7290105434029,false,"ספיד סטיק - דאודורנט ספריי לגבר נוטרו פאואר 150 מ""ל",הנסיך- מפעל לייצור ט,RU,דאו ספריי ספיד סטיק,מיליליטרים,150.00,"100 מ""ל",false,,11.90,7.9333,true,1,302318
7290105434067,false,ספיד סטיק - דאודורנט סטיק לגבר XL אושן סרף 85 גרם,קולגייט פלמוליב,US,דאו ספיד סטיק אושן 8,גרמים,85.00,100 גרם,false,,10.90,12.8235,true,1,303011
7290105439499,false,מאסטר שף מאסטר שף מיונז 480 גר כשלפ,רמיה סי.וי. הולנד,NL,מיונז מאסטר שף 480 ג,גרמים,480.00,100 גרם,false,,4.90,1.0208,true,1,304831
7290105439581,false,מנה מאסטר שף חרדל דיזיון צרפתי 370 גר,רמיה סי.וי.הולנד,FR,חרדל דיזון צרפתי מאס,גרמים,370.00,100 גרם,false,,9.90,2.6757,true,1,304833
7290105691934,false,קמח שמרים אסם 1 קילו,תאי פרזידנט פוד פאבל,IL,"קמח שמרים אסם 1 ק""ג",פריט,1.00,"ק""ג",false,,7.90,7.9000,true,1,269219
7290105693457,false,עוגת הבית דמקה שוקו וניל אסם 320 גרם,מיוצר עי קונדיטוריית,IL,עוגת דמקה אסם 320 גר,גרמים,320.00,100 גרם,false,,9.90,3.0938,true,1,268504
7290105695024,false,פתיתים אפויים אורז עם אטריות אסם 500 גרם,"אסם השקעות בע""\מ",IL,פתיתים אורז עם אטריו,גרמים,500.00,100 גרם,false,,4.90,0.9800,true,1,269728
7290105695321,false,עוגת הבית בראוניס פאדג' אסם 380 גרם,מיוצר עי קונדיטוריית,IL,עוגת בראוניס פאדג אס,גרמים,380.00,100 גרם,false,,13.90,3.6579,true,1,268931
7290105962331,false,סחוג תימני אדום חריף מאוד זהבי הכרם 220 גרם,קריניסה ויטמין אס אי,IL,סחוג תימני חריף זהבי,גרמים,220.00,100 גרם,false,,8.90,4.0455,true,1,275499
7290105965738,false,יוגורט לשתיה בטעם תות בננה267 ג' דנונה,מיוצר עי קונדיטוריית,IL,משקה יוגורט תות בננה,גרמים,267.00,100 גרם,false,,3.90,1.4607,true,1,302539
7290105968098,false,"סלט קולסלאו 500 גרם ""אחלה""",שטראוס גרופ סלטים,IL,קולסלאו אחלה 500 גרם,גרמים,500.00,100 גרם,false,,14.90,2.9800,true,1,269322
7290105968654,false,רביולי בטטה פרווה פסטה נונה 400 ג',מיוצר עי קונדיטוריית,IL,רביולי בטטה שטראוס 4,גרמים,400.00,100 גרם,false,,17.90,4.4750,true,1,269725
7290105968777,false,פריכיות 5 דגנים עם תחתית שוקולד מריר 70 גרם,"טחנת האבן תעשיות בע""",IL,פריכיות אנרג'י תחתית,גרמים,70.00,100 גרם,false,,6.90,9.8571,true,1,271024
7290106509825,false,אולוויז קואטרו פלטינום 28 יח,פרוקטר & גמבל,DE,תחבושות אלוויז פלטני,Unknown,0.00,יחידה,false,,32.90,0.0000,true,1,322894
7290106520066,false,"רבע לשבע שוקולד חלב במילוי אגוזים עלית 160 גרם בד""צ","הגביע מוצרי וופלים בע""\מ",IL,גלילי ופל רבע לשבע 1,גרמים,160.00,100 גרם,false,,8.90,5.5625,true,1,269715
7290106520288,false,יוגורט פרו חלבון עם תות 2.4% שומן 150 ג' דנונה,"שטראוס בריאות בע""מ",IL,דנונה WOW תות 150 גר,מיליליטרים,150.00,"100 מ""ל",false,,3.90,2.6000,true,1,305117
7290106520905,false,סלט טורקי אחלה 400 גרם,"שטראוס גרופ בע""\מ",IL,סלט טורקי טעמי השוק,גרמים,400.00,100 גרם,false,,11.90,2.9750,true,1,270186
7290106520912,false,"שמנת 9% לבישול יטבתה 250 מ""ל מהדרין",שטראוס גרופ,IL,שמנת לבישול 9% יטבתה,מיליליטרים,250.00,"100 מ""ל",false,,5.90,2.3600,true,1,271063
7290106524439,false,"תפוצ'יפס פופס 60 גרם ""עלית""","שטראוס פריטו ליי בע""\מ )",IL,"תפוציפס תפו""א אפוי 6",גרמים,60.00,100 גרם,false,,2.90,4.8333,true,1,314630
7290106525399,false,קפסולות 06 ברזיל למכונות נספרסו עלית 10יח',הנסיך- מפעל לייצור ט,IL,קפסולות עלית מס 06 ב,גרמים,50.00,100 גרם,false,,15.50,31.0000,true,1,309343
7290106526822,false,פריכיות אורז חום מלא תחתית שוקולד חלב 80 גרם,"טחנת האבן תעשיות בע""",IL,פריכיות אנרג'י תחתית,גרמים,80.00,100 גרם,false,,6.90,8.6250,true,1,276642
7290106527263,false,מארז תפוציפס כפול 16,שטראוס,IL,מארז תפוציפס כפול 16,גרמים,480.00,100 גרם,false,,23.90,4.9792,true,1,272385
7290106572027,false,אוסם - לחמית חמישה דגנים 190 גרם,"אסם השקעות בע""\מ",IL,לחמית חמישה דגנים 20,גרמים,200.00,100 גרם,false,,6.90,3.4500,true,1,269773
7290106573024,false,סירופ דיאט אננס 1 ליטר עסיס,בית השיטה עסיס תעשיו,IL,סירופ עסיס אננס דיאט,קילוגרמים,1.00,ליטר,false,,9.90,9.9000,true,1,313937
7290106573598,false,צבר חומוס לבנוני 400 גרם,סלטי צבר,IL,חומוס לבנוני 400 גרם,גרמים,400.00,100 גרם,false,,11.30,2.8250,true,1,301099
7290106573628,false,צבר חומוס עם טחינה 400 גרם,סלטי צבר,IL,חומוס עם טחינה צבר 4,גרמים,400.00,100 גרם,false,,11.90,2.9750,true,1,271086
7290106574953,false,בייגלה שטוחים כעכים שטוחים עם שומשום,מיוצר עי קונדיטוריית,IL,בייגלה שטוחים שומשום,גרמים,300.00,100 גרם,false,,8.90,2.9667,true,1,271523
7290106574977,false,בייגלה שטוחים כעכים שטוחים עם מלח,מיוצר עי קונדיטוריית,IL,בייגלה שטוחים מלח 30,גרמים,300.00,100 גרם,false,,8.90,2.9667,true,1,271522
7290106575257,false,עוגת הבית סופלה בטעם שוקולד 340 ג' אסם,מיוצר עי קונדיטוריית,IL,עוגת סופלה שוקולד אס,גרמים,340.00,100 גרם,false,,9.90,2.9118,true,1,272518
7290106575431,false,עוגת הבית סופלה בטעם שוקוניל 340 ג' אסם,מיוצר עי קונדיטוריית,IL,עוגת סופלה שוקו וניל,גרמים,340.00,100 גרם,false,,9.90,2.9118,true,1,272519
7290106576223,false,"אפרופו שוקולד 40 גרם ""אסם""",מיוצר עי קונדיטוריית,IL,אפרופו שוקולד 50 גרם,גרמים,50.00,100 גרם,false,,4.50,9.0000,true,1,313206
7290106576537,false,חומוס מסעדות צבר 700 גרם,סלטי צבר,IL,חומוס מסעדה צבר 700,גרמים,700.00,100 גרם,false,,10.80,1.5429,true,1,272537
7290106576797,false,"לה קרמריה גלידת וניל איטלקי כשל""פ 1.4ל'",תות תעשיות מזון (201,IL,גלידה לה קרמריה וניל,קילוגרמים,1.40,ליטר,false,,16.90,12.0714,true,1,273217
7290106576810,false,גלידה לה קרמריה ריבת חלב 1.4 ל' נסטלה,לה קרמריה- נסטלה,IL,גלידה לה קרמריה ריבת,קילוגרמים,1.40,ליטר,false,,16.90,12.0714,true,1,273216
7290106576834,false,גלידה לה קרמריה פונטש בננה1.4 ל' נסטלה,תות תעשיות מזון (201,IL,גלידה לה קרמריה פונט,קילוגרמים,1.40,ליטר,false,,16.90,12.0714,true,1,273221
7290106576858,false,גלידה לה קרמריה תותים בשמנת 1.4 ל' נסטלה,גלידות נסטלה )נגה גלידות,IL,גלידה לה קרמריה תותי,קילוגרמים,1.40,ליטר,false,,16.90,12.0714,true,1,273220
7290106576919,false,לה קרמריה גלידת סורבה תות לימון 1.4ל',גלידות נסטלה )נגה גלידות,IL,שרבט לה קרמריה תות ל,קילוגרמים,1.40,ליטר,false,,16.90,12.0714,true,1,273219
7290106576957,false,"לה קרמריה גלידת שוקו וניל פליק פרווה כשל""פ 1.4",תות תעשיות מזון (201,IL,גלידה לה קרמריה שוקו,קילוגרמים,1.40,ליטר,false,,16.90,12.0714,true,1,273222
7290106576971,false,גלידה לה קרמריה שוקולד בלגי 1.4 ל' נסטלה,תות תעשיות מזון (201,IL,גלידה לה קרמריה שוקו,קילוגרמים,1.40,ליטר,false,,16.90,12.0714,true,1,273215
7290106576995,false,גלידה סורבה לה קרמריה תות מנגו לייט 1.4 ל' נסטלה,גלידות נסטלה )נגה גלידות,IL,שרבט לה קרמריה תות מ,קילוגרמים,1.40,ליטר,false,,16.90,12.0714,true,1,273563
7290106577039,false,גלידה לה קרמריה שוקו וניל פליק 1.4 ל' נסטלה,תות תעשיות מזון (201,IL,גלידה לה קרמריה וניל,קילוגרמים,1.40,ליטר,false,,16.90,12.0714,true,1,273218
7290106577572,false,מטבוחה אמיתית מרובע 400 ג' צבר,סלטי צבר,IL,מטבוחה צבר 400 גרם,גרמים,400.00,100 גרם,false,,11.90,2.9750,true,1,272526
7290106578692,false,ביסלי במבה מיקס מהדורת אליפות אסם 80 גרם,פרו מן יו פתרונות אר,IL,במבה ביסלי מיקס 80 ג,גרמים,80.00,100 גרם,false,,3.90,4.8750,true,1,274104
7290106578821,false,עוגת הבית שמרים קלאסית שוקולד אסם 350 גרם,מיוצר עי קונדיטוריית,IL,עוגת שמרים שוקולד אס,גרמים,350.00,100 גרם,false,,13.90,3.9714,true,1,273838
7290106660410,false,רביוליתרד וגבינה שטראוס 400 גרם,מיוצר עי קונדיטוריית,IL,רביולי תרד וגבינה שט,גרמים,400.00,100 גרם,false,,17.90,4.4750,true,1,275685
7290106663091,false,"לאבנה 9 % עם שמן זית 500 גר' ""שטראוס""",הדקלאים אגודת שיתופי,IL,לאבנה 9% שטראוס 500,מיליליטרים,500.00,"100 מ""ל",false,,13.90,2.7800,true,1,302538
7290106664067,false,לאבנה עם שמן זית וזעתר 10% שטראוס 400 ג',הדקלאים אגודת שיתופי,IL,לאבנה עם שמן זית וזע,גרמים,400.00,100 גרם,false,,10.90,2.7250,true,1,304009
7290106664555,false,"רוטב שמנת עם עגבניות 9% שומן 250 מ""ל יוטבתה",שטראוס גרופ,IL,רוטב שמנת עגבניות 9%,מיליליטרים,250.00,"100 מ""ל",false,,8.90,3.5600,true,1,304296
7290106666788,false,עלית - סוכריות נוסטלגיה דבש ממולאות 80 גרם,שטראוס גרופ,PL,סוכריות ממולאות בטעם,גרמים,80.00,100 גרם,false,,4.90,6.1250,true,1,307850
7290106668713,false,יוגורט עם פירות יער 3% שומן 150 ג' דנונה,מיוצר עי קונדיטוריית,IL,דנונה פרי פירות יער,מיליליטרים,150.00,"100 מ""ל",false,,3.50,2.3333,true,1,302537
7290106669857,false,קפסולות אספרסו בטעם וניל עלית 10 יחידות,הנסיך- מפעל לייצור ט,IL,קפסולות עלית אספרסו,גרמים,50.00,100 גרם,false,,15.50,31.0000,true,1,311508
7290106721913,false,מסטיק מאסט MUST ללא סוכר בטעם מנטה מרעננת,"שטראוס גרופ בע""מ",IL,מסטיק בזוקה צנצנת רי,גרמים,66.00,100 גרם,false,,6.90,10.4545,true,1,303319
7290106721920,false,צנצנת מסטיק מאסט בטעם ספירמינט עדין 66 ג' עלית,"שטראוס גרופ בע""\מ.",IL,מסטיק ספירמינט צנצנת,גרמים,66.00,100 גרם,false,,6.90,10.4545,true,1,303318
7290106726178,false,יוגורט PRO עם פירות יער 2.4% 10 גרם חלבון בגביע,מיוצר עי קונדיטוריית,IL,דנונה WOW פירות יער,מיליליטרים,150.00,"100 מ""ל",false,,3.90,2.6000,true,1,304020
7290107021135,false,יין אלכסנדר רזרב קבר,אגדת,IL,יין אלכסנדר רזרב קבר,מיליליטרים,750.00,"100 מ""ל",false,,149.90,19.9867,true,1,332163
7290107021890,false,"יין אלכסנדר רזרב קברנה פרנק 750 מ""ל",אגדת,IL,יין אלכסנדר רזרב קבר,מיליליטרים,750.00,"100 מ""ל",false,,149.90,19.9867,true,1,327452
7290107280020,false,שלישיית מטליות לחות לניקוי כללי סנו סושי 50 יחידות,טרופיקל דגיל- תעשיות,IL,מטליות לחות סנו סושי,Unknown,0.00,יחידה,false,,16.90,0.0000,true,1,271692
7290107280341,false,ריצפז מטליות לחות לניקוי הרצפה בניחוח מלון מפנק,"סנו מפעלי ברונוס סע""",IL,מטליות לחות לרצפה בנ,Unknown,0.00,יחידה,false,,11.70,0.0000,true,1,323977
7290107280563,false,ג'ל אוקסיג'ן בייבי סנו 3 ליטר,"איי, בי, אינבוו",IL,גל אוקסיגן בייבי 3 ל,קילוגרמים,3.00,ליטר,false,,24.90,8.3000,true,1,275982
7290107280655,false,"אבקת כביסה בייבי סנו מקסימה 3.25 ק""ג",סנו מקסימה,IL,אבקת מקסימה בייבי 3.,פריט,3.25,"ק""ג",false,,29.90,9.2000,true,1,276823
7290107280761,false,נוזל לניקוי כלים בניחוח לימון רענן סנו ספארק Spark,מיוצר עי קונדיטוריית,IL,נוזל כלים ספארק + מש,קילוגרמים,1.00,ליטר,false,,9.90,9.9000,true,1,277365
7290107871532,false,מאגדת קרחוני מלון דובדבן נסטלה 10 יחידות,גלידות נסטלה )נגה גלידות,IL,קרחוני נסטלה בטעם מל,גרמים,800.00,100 גרם,false,,11.90,1.4875,true,1,277934
7290107871990,false,"פסטה צינורות 500 גרם ""אסם""",פסטה זארה,IT,פסטה צינורות אסם 500,גרמים,500.00,100 גרם,false,,4.90,0.9800,true,1,275372
7290107875400,false,גלידה לה קרמריה פיסטוק מוקה 1.4 ל' נסטלה,גלידות נסטלה )נגה גלידות,IL,גלידה לה קרמריה פיסט,קילוגרמים,1.40,ליטר,false,,16.90,12.0714,true,1,277165
7290107879521,false,קרחוני לה פרוטה La Frutta תות שדה - 5 יח',גלידות נסטלה )נגה גלידות,IL,שלגוני לה פרוטה תות,גרמים,350.00,100 גרם,false,,15.90,4.5429,true,1,305788
7290107879569,false,קרחון לה פרוטה שרבט מנגו מאגדת 5יח',גלידות נסטלה )נגה גלידות,IL,שלגוני לה פרוטה מנגו,גרמים,350.00,100 גרם,false,,15.90,4.5429,true,1,305790
7290107932134,false,חלב מועשר יוטבתה בבקבוק 1% 1 ליטר,מחלבת יטבתה,IL,חלב מועשר 1% יטבתה 1,קילוגרמים,1.00,ליטר,false,,7.20,7.2000,true,1,309053
7290107934473,false,שמינייה יוגורט לבן אקטיביה 1.5% דנונה 150 גרם,"שטראוס גרופ בע""\מ",IL,מארז יוגורט אקטיביה,קילוגרמים,1.20,ליטר,false,,19.90,16.5833,true,1,303480
7290107937542,false,משקה יוגורט אקטיביה עם תות 1.2% שומן,מיוצר עי קונדיטוריית,IL,משקה אקטיביה תות 1.2,גרמים,250.00,100 גרם,false,,4.80,1.9200,true,1,326391
7290107937856,false,קפסולות 11חזק למכונות נספרסו עלית 10יח',הנסיך- מפעל לייצור ט,IL,קפסולות עלית מס 11 ל,גרמים,50.00,100 גרם,false,,15.50,31.0000,true,1,309342
7290107938396,false,שמיניית אקטימל תות דיסני בנים 108 גרם,מיוצר עי קונדיטוריית,IL,אקטימל תות דנונה 8*1,מיליליטרים,800.00,"100 מ""ל",false,,16.90,2.1125,true,1,318752
7290107940467,false,אקטיביה יוגורט 1.5% שומן 200 ג' דנונה,מיוצר עי קונדיטוריית,IL,יוגורט אקטיביה 1.5%,מיליליטרים,200.00,"100 מ""ל",false,,3.70,1.8500,true,1,307901
7290107943369,false,קוואקר שיבולת שועל ללא גלוטן 511 גרם,היידי שוקולד בירונטי,US,שיבולת שועל ל.גלוטן,גרמים,511.00,100 גרם,false,,16.90,3.3072,true,1,317507
7290107945165,false,קונפיטורת משמש יד מרדכי 340 גרם,אף.סי תבליני בגליל ב,IL,קונפיטורה משמש יד מר,גרמים,340.00,100 גרם,false,,11.90,3.5000,true,1,311414
7290107950190,false,מעדן חלב דל קלוריות בטעם שוקולד מריר 0.5% שומן,מיוצר עי קונדיטוריית,IL,מעדן דיאט שוקולד מרי,מיליליטרים,130.00,"100 מ""ל",false,,2.90,2.2308,true,1,309044
7290107950206,false,מעדן דיאט שוקולד שטראוס 130 גרם,מיוצר עי קונדיטוריית,IL,מעדן דיאט שוקולד 0%,מיליליטרים,130.00,"100 מ""ל",false,,2.90,2.2308,true,1,309045
7290107951104,false,בפלות ופלים ארוכים בטעם שוקולד,"שטראוס גרופ בע""\מ",IL,בפלות שוקולד 200 גרם,גרמים,200.00,100 גרם,false,,3.90,1.9500,true,1,309352
7290107953559,false,"מארז קפה טורקי עלית לדרך כשל""פ 168 גרם",הנסיך- מפעל לייצור ט,IL,קפה טורקי לדרך 24 יח,גרמים,168.00,100 גרם,false,,16.90,10.0595,true,1,323676
7290107956642,false,"תרסיס שמן זית 150 מ""ל יד מרדכי כשלפ",פארייפאבה אגרואינדוס,ES,תרסיס שמן זית יד מרד,מיליליטרים,150.00,"100 מ""ל",false,,14.90,9.9333,true,1,329799
7290107956710,false,מארז מיני מילקי 70 גרם 16 יחידות,"שטראוס גרופ בע""\מ",IL,מארז מילקי מיני שוקו,פריט,1.12,"ק""ג",false,,18.90,16.8750,true,1,311589
7290107956925,false,קפסולות 13 אוגנדה למכונת נספרסו עלית 10יח',שטראוס קפה בי.וי.,IL,קפסולות עלית מס 13 א,גרמים,50.00,100 גרם,false,,15.50,31.0000,true,1,317524
7290107956932,false,קפסולות אספרסו אידונזיה למכונות 50 גר,שטראוס קפה בי.וי.,IL,קפסולות עלית מס 12 ל,גרמים,50.00,100 גרם,false,,15.50,31.0000,true,1,314467
7290107956963,false,"דנונה וניל 3% תות מארז 12X100מ""ל",שטראוס מחלבות,IL,מארז דנונה פרי תות 1,פריט,1.20,"ק""ג",false,,17.90,14.9167,true,1,312895
7290107958035,false,יוגורט במתיקות מעודנת 2% ללא תוספת סוכר- מארז 8 יח,"שטראוס בריאות בע""\מ",IL,מארז דנונה במתיקות 8,פריט,1.20,"ק""ג",false,,17.90,14.9167,true,1,314005
7290107970020,false,תרסיס אגקס חלונות 3*,קולגייט פלמוליב,BY,תרסיס אגקס חלונות 3*,קילוגרמים,2.25,ליטר,false,,27.90,12.4000,true,1,302152
7290107971720,false,משחת קולגייט טריפל א,קולגייט פלמוליב,PL,משחת קולגייט טריפל א,גרמים,450.00,100 גרם,false,,24.90,5.5333,true,1,304672
7290107971751,false,מי פה קולגייט טוטל ללא אלכוהול פפרמינט,יבואן ומשווק: ש. שסט,PL,מי פה קולגייט טוטאל,מיליליטרים,500.00,"100 מ""ל",false,,14.90,2.9800,true,1,336238
7290107973861,false,מאסטר שף עגבניות קצוצות דק שלישיה 400ג*3 כשלפ,קונסרזיו קאסאלאסקו ד,IT,מארז עגבניות קצוצות,פריט,1.20,"ק""ג",false,,15.90,13.2500,true,1,309726
7290107975346,false,ספיד סטיק - דאודורנט ג'ל לגבר כוח הטבע 85 גרם,קולגייט-פלמוליב,US,דאו גל ספיד סטיק כח,Unknown,0.00,יחידה,false,,10.90,0.0000,true,1,317189
7290107975360,false,ליידי ספיד סטיק פיור פרשנס ג'ל נשים 65ג',ליידי ספיד סטיק Lady Speed Stick,US,דאו גל ליידי ספיד סט,Unknown,0.00,יחידה,false,,11.90,0.0000,true,1,317183
7290107975544,false,"קולגייט משחת שיניים סמיילס ברבי לגילאי 6 50מ""ל",קולגייט- פלמוליב,PL,משחת קולגייט ילדים ב,מיליליטרים,50.00,"100 מ""ל",false,,11.90,23.8000,true,1,317467
7290107976848,false,פלמוליב סבון מוצק קמומיל רביעייה 360 ג,קולגייט-פלמוליב,TR,סבון מוצק פלמוליב קמ,גרמים,360.00,100 גרם,false,,16.50,4.5833,true,1,316122
7290107977456,false,"פלמוליב - ג'ל רחצה ושמפו ספורט לגבר 750 מ""ל",קולגייט פלמוליב,TR,ג'ל רחצה פלמוליב לגב,מיליליטרים,750.00,"100 מ""ל",false,,19.50,2.6000,true,1,323381
7290107978132,false,קולגייט מברשת זיגזג שישייה,קולגייט פלמוליב,PL,מברשת קולגייט זיג זג,Unknown,0.00,יחידה,false,,14.90,0.0000,true,1,326392
7290107978453,false,חטיף בטעם גריל קראנצ,קראנצ'וס,IL,קראנצוס גריל 55 גרם,Unknown,0.00,יחידה,false,,1.90,0.0000,true,1,312934
7290108197129,false,"כהל 95% 500 מ""ל כשל""",ישראליקר,IL,"כהל 95% 500 מ""ל כשל""",מיליליטרים,500.00,"100 מ""ל",false,,74.90,14.9800,true,1,319968
7290108350531,false,סנו ספארק נוזל כלים בניחוח קלאסי עם משאבה 1 ל',מיוצר עי קונדיטוריית,IL,נוזל כלים ספארק + מש,קילוגרמים,1.00,ליטר,false,,9.90,9.9000,true,1,302184
7290108350548,false,סנו ספארק נוזל כלים בניחוח לבנדר עם משאבה 1 ל',מיוצר עי קונדיטוריית,IL,נוזל כלים ספארק + מש,קילוגרמים,1.00,ליטר,false,,9.90,9.9000,true,1,302185
7290108351507,false,מרכך כביסה אינספרישיין סנו מקסימה 4 ליטר,סנו מקסימה,IL,מרכך מקסימה אינספריי,קילוגרמים,4.00,ליטר,false,,21.50,5.3750,true,1,309818
7290108351514,false,מרכך כביסה בלו בלוסום סנו מקסימה 4 ליטר,סנו מקסימה,IL,מרכך מקסימה בלוסום 4,קילוגרמים,4.00,ליטר,false,,21.50,5.3750,true,1,309817
7290108351521,false,גל כביסה סנו מקסימ בניחוח מאסק 5 ל,סנו מקסימה,IL,גל מקסימה מאסק 5 ליט,קילוגרמים,5.00,ליטר,false,,41.90,8.3800,true,1,314398
7290108351613,false,סנו ריצפז פרש הום בניחוח מלון חלומי 2 ל,"סנו מפעלי ברונוס בע""\מ",IL,ריצפז פרש הום מלון ח,קילוגרמים,2.00,ליטר,false,,16.90,8.4500,true,1,311504
7290108351675,false,גל כביסה סנו מקסימה מיקס אנד ווש 5 ל,סנו מפעלי ברונוס בעמ,IL,גל מקסימה מיקס אנד ו,קילוגרמים,5.00,ליטר,false,,41.90,8.3800,true,1,338953
7290108351835,false,מרכך כביסה Pure Sensation סנו מקסימה 4 ליטר,מיוצר עי קונדיטוריית,IL,מרכך מקסימה פלורל 4,קילוגרמים,4.00,ליטר,false,,21.50,5.3750,true,1,323753
7290108352047,false,אורביטול - צמד מברשות שיניים 808 + חוט דנטלי במתנה,החברה הדרומית,CN,מברשת אורביטול לחניכ,Unknown,0.00,יחידה,false,,18.90,0.0000,true,1,337708
7290108352146,false,"סנובון נוזלי בניחוח מנגוליה ונרולי סנו 750 מ""ל",סנו מפעלי ברונוס בעמ,IL,סנובון ג'ל מגנוליה ו,מיליליטרים,750.00,"100 מ""ל",false,,8.90,1.1867,true,1,326086
7290108352153,false,"סנובון נוזלי בניחוח לוטוס וסחלב סנו 750 מ""ל",מיוצר עי קונדיטוריית,IL,סנובון ג'ל לוטוס וסח,מיליליטרים,750.00,"100 מ""ל",false,,8.90,1.1867,true,1,326084
7290108352207,false,מקסימה 40 קפסולות לכביסה בניחוח fresh burst,"גליל כימיקלים, א.ת. צפונ",IL,קפסולות ג'ל מקסימה פ,Unknown,0.00,יחידה,false,,26.90,0.0000,true,1,326087
7290108352214,false,סנו - מקסימה קפסולות כביסה בניחוח בריזה מרעננת 40 יח',טרופיקל דגיל תעשיות,IL,קפסולות ג'ל מקסימה ב,Unknown,0.00,יחידה,false,,26.90,0.0000,true,1,326088
7290108352252,false,נוזל לניקוי כלים מתאים לניקוי ירקות ופירות סנו ספארק,"סנו מפעלי ברונוס בע""\מ",IL,נוזל כלים ספארק לחיט,קילוגרמים,1.00,ליטר,false,,9.90,9.9000,true,1,327701
7290108352337,false,"סנו - פרש מילוי למטהר אוויר מלון מפנק 250 מ""ל",מיוצר עי קונדיטוריית,IL,מבשם אויר סנו פרש או,מיליליטרים,250.00,"100 מ""ל",false,,12.90,5.1600,true,1,337720
7290108352344,false,"פרש מבשם אויר אוטומטי בניחוח לבנדר סנו 250 מ""ל",מיוצר עי קונדיטוריית,IL,מבשם אויר סנו פרש או,מיליליטרים,250.00,"100 מ""ל",false,,12.90,5.1600,true,1,337721
7290108352399,false,ריצפז פרש הום בניחוח מרכך כביסה פלורל טאצ',"סנו מפעלי ברונוס בע""\מ",IL,ריצפז פרש הום בניחוח,קילוגרמים,2.00,ליטר,false,,16.90,8.4500,true,1,336230
7290108352450,false,ריצפז פרש הום בניחוח מרכך כביסה בלו בלוסום,סנו מפעלי ברונוס בעמ,IL,ריצפז פרש הום בניחוח,קילוגרמים,2.00,ליטר,false,,19.70,9.8500,true,1,340020
7290108352498,false,מכשיר אוטומטי מעוצב ואלגנטי עם מילוי מלון בוטיק סנו פרש,"יצרן מכשיר: זובלה, יצרן",IL,סנו פרש מכשיר אוטומט,Unknown,0.00,יחידה,false,,39.90,0.0000,true,1,337718
7290108352535,false,סנו - מקסימה דפי בישום לחים למייבש הכביסה בניחוח מרכך כביסה,טרופיגל דגיל תעשיות קוסמ,IL,דפי בישום לחים מקסימ,Unknown,0.00,יחידה,false,,11.90,0.0000,true,1,337710
7290108352566,false,מרכך כביסה בבישום עוצמתי 4 ל' סנו מקסינה,"סנו מפעלי ברונוס בע""\מ",IL,מרכך מקסימה ג'וי 4 ל,קילוגרמים,4.00,ליטר,false,,21.50,5.3750,true,1,336235
7290108352573,false,מרכך כביסה סנו מקסימה בבישום עוצמתי 4 ליטר,"סנו מפעלי ברונוס בע""\מ",IL,מרכך מקסימה קאלם 4 ל,קילוגרמים,4.00,ליטר,false,,21.50,5.3750,true,1,337707
7290108352672,false,צמד מטליות הפלא לרצפה מיקרפייבר סנו סושי,סנו מפעלי ברונוס.,CN,מטליות רצפה מיקרופיי,Unknown,0.00,יחידה,false,,19.90,0.0000,true,1,312010
7290108352689,false,כריות קרצוף ללכלוך קשה סנו סושי 9 יחידות,טרופיקל דגיל תעשיות,US,כריות קרצוף סנו סושי,Unknown,0.00,יחידה,false,,9.90,0.0000,true,1,306689
7290108352696,false,"סנו סושי- ניילון נצמד+ רחב במיוחד 45 ס""מ",פפין ונטג,IL,ניילון נצמד סנו סושי,מטרים,100.00,מטר,false,,29.90,0.2990,true,1,318788
7290108352825,false,ספוג הפלא נירוסטה סנו סושי 3יח',ltdn s.k.a.tסנו מפעלי בר,CN,ספוג הפלא נירוסטה סנ,Unknown,0.00,יחידה,false,,9.90,0.0000,true,1,317174
7290108353532,false,"שקיות אשפה חזקות עם שרוך לארג' 54 * 65 ס""מ סנו סושי 100 יחידות",סנו סושי,IL,שקיות אשפה עם שרוך 5,Unknown,0.00,יחידה,false,,29.90,0.0000,true,1,323981
7290108353556,false,נייר טואלט סנו סופט שלוש שכבות 32 גלילים,טרופיקל דגיל תעשיות,IL,נייר טואלט תלת שכבתי,מטרים,537.00,מטר,false,,47.90,0.0892,true,1,339721
7290108353686,false,מטלית חלומית לרצפה סנו סושי 1 יחידה,נינגבו סנבנג,CN,מטלית רצפה מיקרופייב,Unknown,0.00,יחידה,false,,11.70,0.0000,true,1,329163
7290108353891,false,"קרמה - דאודורנט רול און לאישה קרמה מאסק 75 מ""ל","קוסמופארם בע""\מ",IL,דאו רול און קרמה מאס,מיליליטרים,75.00,"100 מ""ל",false,,11.90,15.8667,true,1,327732
7290108353983,false,"קרמה - קרם גוף קרמה קלאסי 500 מ""ל",טרופיקל דגיל תעשיות,IL,קרם גוף קרמה קלאסי 5,מיליליטרים,500.00,"100 מ""ל",false,,19.90,3.9800,true,1,327723
7290108353990,false,"קרמה - קרם גוף קרמה מאסק 500 מ""ל",טרופיקל דגיל תעשיות,IL,קרם גוף קרמה מאסק 50,מיליליטרים,500.00,"100 מ""ל",false,,19.90,3.9800,true,1,327724
7290108354065,false,קרמה מן גל רחצה פילינג 700 מל לגבר,קוסמופארם בע'\'\מ,IL,גל רחצה קרמה מן פילי,מיליליטרים,700.00,"100 מ""ל",false,,14.90,2.1286,true,1,336229
7290108354270,false,מרכך כביסה מרוכז בבישום עוצמתי 1 ל' סנו מקסימה,מיוצר עי קונדיטוריית,IL,מרכך מקסימה סופר מרו,קילוגרמים,1.00,ליטר,false,,14.90,14.9000,true,1,336236
7290108354447,false,"מרכך כיף לשיקום והזנה שמן קוקוס וקרטין 700 מ""ל",גוד פוד פרודקטס S.p,IL,מרכך כיף שמן קוקוס ו,מיליליטרים,700.00,"100 מ""ל",false,,11.50,1.6429,true,1,329735
7290108354492,false,"קרליין שמפו 10 לשיער שמן ארגן 700 מ""ל","קוסמופארם בע""\מ",IL,שמפו קרליין 10 ארגן,מיליליטרים,700.00,"100 מ""ל",false,,10.90,1.5571,true,1,339131
7290108354850,false,"דאורדוראנט רול און קרמה בריזת ים 75 מ""ל",החברה הדרומית,IL,דאו רול און קרמה ברי,מיליליטרים,75.00,"100 מ""ל",false,,11.90,15.8667,true,1,327734
7290108355154,false,"שמפו שמני הזנה נקה 7 750 מ""ל","אמיליה קוסמטיקס בע""מ",IL,שמפו נקה 7 שמני הזנה,מיליליטרים,750.00,"100 מ""ל",false,,6.90,0.9200,true,1,317175
7290108355161,false,"מרכך שיער שמני הזנה 750 מ""ל נקה 7","אמיליה קוסמטיקס בע""מ",IL,מרכך נקה 7 שמני הזנה,מיליליטרים,750.00,"100 מ""ל",false,,6.90,0.9200,true,1,317176
7290108355451,false,"קרמה - דאודורנט רול און לאישה קרמה ורד ווניל 75 מ""ל","קוסמופארם בע""\מ",IL,דאו רול און קרמה ורד,מיליליטרים,75.00,"100 מ""ל",false,,11.90,15.8667,true,1,327735
7290108355468,false,"קרמה דאודורנט רול און נרולי ומגנוליה 75 מ""ל","קוסמופארם בע""\מ",IL,דאו רול און קרמה נרו,מיליליטרים,75.00,"100 מ""ל",false,,11.90,15.8667,true,1,327736
7290108356106,false,כיף תחליב רחצה חלב שקדים 700 מל,החברה הדרומית,IL,תחליב רחצה כיף חלב ש,מיליליטרים,700.00,"100 מ""ל",false,,9.90,1.4143,true,1,318024
7290108356113,false,כיף תחליב רחצה חלב ודבש 700 מל,קוסמופארם בעמ,IL,תחליב רחצה כיף חלב ו,מיליליטרים,700.00,"100 מ""ל",false,,9.90,1.4143,true,1,318025
7290108356120,false,"תחליב רחצה כיף קוקוס וניל 700 מ""ל",קוסמופארם,IL,תחליב רחצה כיף קוקוס,מיליליטרים,700.00,"100 מ""ל",false,,9.90,1.4143,true,1,318027
7290108356151,false,"תחליב רחצה כיף מאסק יסמין 700 מ""ל",גוד פוד פרודקטס S.p,IL,תחליב רחצה כיף מאסק,מיליליטרים,700.00,"100 מ""ל",false,,9.90,1.4143,true,1,318023
7290108356168,false,"כיף - תחליב רחצה אוקיינוס 700 מ""ל",גוד פוד פרודקטס S.p,IL,תחליב רחצה כיף אוקיי,מיליליטרים,700.00,"100 מ""ל",false,,9.90,1.4143,true,1,318028
7290108356489,false,"כיף - תחליב רחצה אפרסק וחמאת מורומורו 700 מ""ל",קוסמופארם בעמ,IL,תחליב רחצה כיף אפרסק,מיליליטרים,700.00,"100 מ""ל",false,,9.90,1.4143,true,1,337713
7290108356519,false,קרליין שמפו 10למניעת קשקשים 700מל,"קוסמופארם בע""\מ",IL,שמפו קרליין 10 פרוטא,מיליליטרים,700.00,"100 מ""ל",false,,10.90,1.5571,true,1,339129
7290108356526,false,"קרליין - שמפו 10 לשיער יבש 700 מ""ל","קוסמופארם בע""\מ",IL,שמפו קרליין 10 פרוטא,מיליליטרים,700.00,"100 מ""ל",false,,10.90,1.5571,true,1,339130
7290108356533,false,קרוליין 10 שמפו לשיער מתולתל 700 מל,"קוסמופארם בע""\מ",IL,שמפו קרליין 10 פרוטא,מיליליטרים,700.00,"100 מ""ל",false,,10.90,1.5571,true,1,339132
7290108356564,false,"קרליין - מרכך 10 לשיער רגיל 700 מ""ל","קוסמופארם בע""\מn\",IL,מרכך קרליין 10 פרוטא,מיליליטרים,700.00,"100 מ""ל",false,,10.90,1.5571,true,1,339135
7290108356588,false,קרוליין 10 מרכך לשיער מתולתל 700 מל,"קוסמופארם בע""\מ",IL,מרכך קרליין 10 פרוטא,מיליליטרים,700.00,"100 מ""ל",false,,10.90,1.5571,true,1,339137
7290108357011,false,כיף קונדישינר לשיער שמן קוקוי 700 מל,טרופיקל דגיל תעשיות,IL,מרכך כיף ורד ושמן קו,מיליליטרים,700.00,"100 מ""ל",false,,11.50,1.6429,true,1,326085
7290108357189,false,"מבשם ומרכך למייבש הכביסה מקסימה פלורל 750 מ""ל סנו","סנו מפעלי ברונוס בע""\מ",IL,תרסיס מקסימה למייבש,מיליליטרים,750.00,"100 מ""ל",false,,16.90,2.2533,true,1,326082
7290108357202,false,סנוקליר לניקוי בניחוח בלו בלוסום 1 ליטר,"סנו מפעלי ברונוס בע""\מ",IL,תרסיס סנוקליר בלו בל,קילוגרמים,1.00,ליטר,false,,8.90,8.9000,true,1,329736
7290108357226,false,"אוקסיגן POWER אבקה לכביסה לבנה והסרת כתמים 1.4 ק""ג סנו",החברה הדרומית,IL,אבקת אוקסיג'ן לכביסה,פריט,1.40,"ק""ג",false,,27.90,19.9286,true,1,337714
7290108357240,false,סנו אוקסיג'ן אבקה לכביסה להסרת כתמים קשים,החברה הדרומית,IL,אבקת אוקסיג'ן לכביסה,פריט,1.40,"ק""ג",false,,27.90,19.9286,true,1,337715
7290108357257,false,סנו - פרש מכשיר אוטומטי לבישום אוויר בתוספת מילוי אולטרא פרש,"יצרן מכשיר: זובלה, יצרן",IL,סנו פרש מכשיר אוטומט,Unknown,0.00,יחידה,false,,39.90,0.0000,true,1,337719
7290108357264,false,"פרש אוטומטי מילוי בניחוח מרכך הכביסה אולטרה 375 מ""ל סנו",סנו מפעלי ברונוס בעמ,IL,מבשם אויר סנו פרש או,מיליליטרים,250.00,"100 מ""ל",false,,12.90,5.1600,true,1,337722
7290108357271,false,סנובון ג'ל לניקוי אסלות עם חמצן פעיל לניקוי עוצמתי,סנו מפעלי ברונוס בעמ,IL,סנובון ג'ל אוקסיג'ן,מיליליטרים,750.00,"100 מ""ל",false,,8.90,1.1867,true,1,337711
7290108357288,false,אקונומיקה ז'אוול בניחוח פריחה לבנה 4 ל' סנו,סנו ז'אוול Javel,IL,אקונומיקה סנו גאוול,קילוגרמים,4.00,ליטר,false,,15.90,3.9750,true,1,336231
7290108357295,false,"מרסס אוקסיג'ן מסיר כתמים סנו לכביסה לבנה 750 מ""ל",החברה הדרומית,IL,תרסיס אוקסיגן לכביסה,מיליליטרים,750.00,"100 מ""ל",false,,17.70,2.3600,true,1,337712
7290108357394,false,"תחליב רחצה קרמה חלב ודבש 700 מ""ל",קוסמופארם בע'\'\מ,IL,תחליב קרמה חלב ודבש,מיליליטרים,700.00,"100 מ""ל",false,,14.90,2.1286,true,1,331580
7290108357417,false,"קרמה - קרם גוף קרמה ורד ווניל 500 מ""ל",טרופיקל דגיל תעשיות,IL,קרם גוף קרמה ורד וני,מיליליטרים,500.00,"100 מ""ל",false,,19.90,3.9800,true,1,327728
7290108357714,false,"כיף שמפו לשיער יבש -רימונים ושמן ארגן 700 מ""ל",גוד פוד פרודקטס S.p,IL,שמפו כיף לשיער יבש 7,מיליליטרים,700.00,"100 מ""ל",false,,11.50,1.6429,true,1,320357
7290108357769,false,"מרכך לשיער רגיל תפוח וזרעי צ'יה 700 מ""ל כיף",גוד פוד פרודקטס S.p,IL,מרכך כיף לשיער רגיל,מיליליטרים,700.00,"100 מ""ל",false,,11.50,1.6429,true,1,320353
7290108357776,false,"כיף מרכך לשיער יבש -רימונים ושמן ארגן 700 מ""ל",גוד פוד פרודקטס S.p,IL,מרכך כיף לשיער יבש 7,מיליליטרים,700.00,"100 מ""ל",false,,11.50,1.6429,true,1,320354
7290108358070,false,"תחליב רחצה קרמה קלאסי 700 מ""ל",גוד פוד פרודקטס S.p,IL,תחליב קרמה קלאסי 700,מיליליטרים,700.00,"100 מ""ל",false,,14.90,2.1286,true,1,331582
7290108358087,false,"תחליב רחצה קרמה מאסק 700 מ""ל",גוד פוד פרודקטס S.p,IL,תחליב קרמה מאסק 700,מיליליטרים,700.00,"100 מ""ל",false,,14.90,2.1286,true,1,331583
7290108358100,false,"פרש הום מקלות ריחניים בייבי בבקבוק 100 מ""ל",סנו fresh,IL,מקלות ריחניים סנו פר,מיליליטרים,100.00,"100 מ""ל",false,,19.90,19.9000,true,1,336228
7290108358117,false,"סנו - פרש הום מקלות ריחניים בניחוח כביסה רעננה 100 מ""ל",החברה הדרומית,IL,מקלות ריחניים סנו פר,מיליליטרים,100.00,"100 מ""ל",false,,19.90,19.9000,true,1,336227
7290108358124,false,דפי בישום לחים למייבש הכביסה בניחוח מרכך כביסה 20 יח' מקסימה,טרופיגל דגיל תעשיות קוסמ,IL,דפי בישום לחים מקסימ,Unknown,0.00,יחידה,false,,11.90,0.0000,true,1,338742
7290108359060,false,סנו סושי כריות הפלא רב תכלתיות *4 לשבת,סנו מפעלי ברונו בעמ,IL,כריות ניקוי לשבת סנו,Unknown,0.00,יחידה,false,,9.90,0.0000,true,1,333519
7290108359190,false,סנו סושי מגבות נייר בגליל כפול פי 3,סנו סושי,IL,מגבות נייר הפלא סנו,מטרים,129.96,מטר,false,,24.90,0.1916,true,1,339722
7290108359824,false,"כיף - בייבי כיף קרם 500 מ""ל",קוסמופארם בעמ,IL,קרם גוף בייבי כיף 50,מיליליטרים,500.00,"100 מ""ל",false,,19.90,3.9800,true,1,317959
7290108359831,false,"כיף - בייבי כיף שמן 500 מ""ל","מיוצר ומשווק ע""י קוס",IL,שמן לתינוק בייבי כיף,מיליליטרים,500.00,"100 מ""ל",false,,19.90,3.9800,true,1,317954
7290108359848,false,שמפו אל דמע בייבי כיף 1 ליטר,בייבי כיף Baby,IL,שמפו בייבי כיף אל דמ,קילוגרמים,1.00,ליטר,false,,17.90,17.9000,true,1,317952
7290108359862,false,בייבי כיף אל סבון 1 ליטר,בייבי כיף Baby,IL,אל סבון בייבי כיף 1,קילוגרמים,1.00,ליטר,false,,17.90,17.9000,true,1,317953
7290108359886,false,תחליב רחצה בייבי כיף 1 ליטר,בייבי כיף Baby,IL,תחליב רחצה בייבי כיף,קילוגרמים,1.00,ליטר,false,,17.90,17.9000,true,1,317951
7290108359985,false,סנו - ז'אוול מרסס קצף לניקוי וחינו בניחוח פריחה לבנה 1 ליטר,סנו ז'אוול Javel,IL,תרסיס ניקוי סנו גאוו,קילוגרמים,1.00,ליטר,false,,14.90,14.9000,true,1,336234
7290108503647,false,"DAAWAT אורז בסמטי מהדרין ויליפוד 1 ק""ג",אל.טי.פודס בעמ,IN,אורז בסמטי דאווט 1 ק,פריט,1.00,"ק""ג",false,,11.90,11.9000,true,1,320277
7290108507645,false,ביסקוויט פריך בשוקולד מריר 100 גרם,מודרן צ'יקולטה,TR,ביסקוויט פריך בשוקול,מיליליטרים,100.00,"100 מ""ל",false,,6.90,6.9000,true,1,334883
7290108508765,false,קונכיות פתיתים ויליפוד 400גרם,וילי פוד,TR,פתיתים קונכיות ויליפ,גרמים,400.00,100 גרם,false,,4.90,1.2250,true,1,333721
7290108508772,false,קונכיות פתיתים עם תרד 400 גרם,וילי פוד,TR,פתיתים קונכיות תרד ו,גרמים,400.00,100 גרם,false,,4.90,1.2250,true,1,333722
7290108620023,false,יין קפיטל קברנה סובניון יבש אדום 750 מל,יקבי ציון,IL,יין קפיטל קברנה סובי,מיליליטרים,750.00,"100 מ""ל",false,,49.90,6.6533,true,1,334697
7290108620030,false,"מרלו יקבי ציון 750 מ""ל",יקבי ציון,IL,יין קפיטל מרלו,מיליליטרים,750.00,"100 מ""ל",false,,49.90,6.6533,true,1,334698
7290108620054,false,יין אסטייט קברנה סובניון יבש אדום 750 מל,יקבי ציון,IL,יין אסטייט קברנה סוב,מיליליטרים,750.00,"100 מ""ל",false,,32.90,4.3867,true,1,327244
7290108620061,false,יין אסטייט שיראז יבש אדום 750 מל,יקבי ציון,IL,יין אסטייט שיראז,מיליליטרים,750.00,"100 מ""ל",false,,34.90,4.6533,true,1,327245
7290108620108,false,יין אימפריאל קברנה סובניון אדום 750 מל,יקבי ציון,IL,יין אימפריאל קברנה ס,מיליליטרים,700.00,"100 מ""ל",false,,24.90,3.5571,true,1,327241
7290108620115,false,יין אימפריאל מרלו אדום יבש 750 מל,יקבי ציון,IL,יין אימפריאל מרלו,מיליליטרים,750.00,"100 מ""ל",false,,24.90,3.3200,true,1,327247
7290108620160,false,יין אימפריאל סובניון בלאן לבן יבש 750 מל,יקבי ציון,IL,יין אימפריאל סוביניו,מיליליטרים,750.00,"100 מ""ל",false,,24.90,3.3200,true,1,327250
7290108620177,false,"יין פאלאס בלנד אדום 750 מ""ל",יקבי ציון,IL,יין פאלאס בלנד אדום,מיליליטרים,750.00,"100 מ""ל",false,,19.90,2.6533,true,1,327242
7290108620191,false,"יין אסטייט מוסקט 750 מ""ל",יקבי ציון,IL,יין אסטייט מוסקט מתו,מיליליטרים,750.00,"100 מ""ל",false,,34.90,4.6533,true,1,327251
7290108620207,false,"יין ריזלינג גוורצטרמינר אימפריאל 750 מ""ל",יקבי ציון,IL,יין אימפריאל ריזלינג,מיליליטרים,700.00,"100 מ""ל",false,,24.90,3.5571,true,1,327252
7290108620214,false,"יין פאלאס בלנד לבן 750 מ""ל",יקבי ציון,IL,יין פאלאס בלנד לבן י,מיליליטרים,750.00,"100 מ""ל",false,,19.90,2.6533,true,1,327243
7290108620245,false,מיץ ענבים מובחר לבן 100% טבעי 1 ליטר,יקבי ציון,IL,מיץ ענבים תירוש לבן,קילוגרמים,1.00,ליטר,false,,14.90,14.9000,true,1,335287
7290108620351,false,"יין גן עדן מוסקט המבורג יקבי ציון 750 מ""ל",יקבי ציון,IL,יין גן עדן מוסקט המב,מיליליטרים,750.00,"100 מ""ל",false,,19.90,2.6533,true,1,335285
7290108620368,false,"יין גן עדן מוסקט אלכסנדרוני יקבי ציון 750 מ""ל",יקבי ציון,IL,יין גן עדן מוסקט אלכ,מיליליטרים,750.00,"100 מ""ל",false,,19.90,2.6533,true,1,335288
7290108621105,false,יין 1848 לימיטד אדיש,,IL,יין 1848 לימיטד אדיש,מיליליטרים,750.00,"100 מ""ל",false,,129.90,17.3200,true,1,328777
7290108621167,false,יין 1848 לימיטד אידי,,IL,יין 1848 לימיטד אידי,קילוגרמים,1.50,ליטר,false,,349.90,233.2667,true,1,335960
7290109351025,false,מלך החומוס חומוסטחינה 40% טחינה גולמית,סלטי צבר,IL,חומוסטחינה צבר 400 ג,גרמים,400.00,100 גרם,false,,13.90,3.4750,true,1,304309
7290109351971,false,פריכיות דגנים פיטנס מצופות שוקולד חלב,פרח תעשיות,IL,פריכיות דגנים מצופות,גרמים,84.00,100 גרם,false,,11.90,14.1667,true,1,315897
7290109352916,false,פריכיות דגנים פיטנס מצופות שוקולד לבן,פרח תעשיות,IL,פריכיות דגנים מצופות,גרמים,84.00,100 גרם,false,,11.90,14.1667,true,1,315896
7290109354057,false,קרחוני לה פרוטה La Frutta בטעמי אננס תפוז- 5 יח',תות תעשיות מזון (201,IL,שלגוני לה פרוטה תפוז,גרמים,350.00,100 גרם,false,,15.90,4.5429,true,1,308024
7290109358482,false,עוגיות קרמוגית במילוי קרם בטעם חלבה,"הגביע מוצרי וופלים בע""\מ",IL,עוגיות קרמוגית במילו,גרמים,200.00,100 גרם,false,,8.90,4.4500,true,1,319504
7290109358765,false,דגני בוקר קראנץ' רולס נוגט 450 גרם,"אסם השקעות בע""\מ",IL,דגני בוקר קראנצ רולס,גרמים,450.00,100 גרם,false,,19.90,4.4222,true,1,311171
7290109580043,false,"שניצל תירס קלאסי זוגלובק 1.75 ק""ג",זוגלובק,IL,שניצל תירס זוגלובק 1,פריט,1.75,"ק""ג",false,,49.90,28.5143,true,1,328167
7290109580142,false,"נקניקיות מן הצומח זוגלובק 1.75 ק""ג בד""ץ",קריות זול,IL,נקניקיות מן הצומח זו,פריט,1.75,"ק""ג",false,,49.90,28.5143,true,1,331611
7290109580241,false,נאגטס מן הצומח זוגלובק 500 גרם,זוגלובק טבע,IL,נאגטס שניצלונים מן ה,גרמים,500.00,100 גרם,false,,19.90,3.9800,true,1,337649
7290109580258,false,מארז ח.עוף והודו+סלמי תה 600 גרם קהילות,זוגלובק,IL,מארז חרמון כפרית וסל,גרמים,600.00,100 גרם,false,,25.90,4.3167,true,1,337650
7290109580302,false,מארז זוג תה מעושן 350+חזה עוף 350 זוגלובק,זוגלובק,IL,מארז תה מעושן וחרמון,גרמים,700.00,100 גרם,false,,25.90,3.7000,true,1,338383
7290109580326,false,נקניקיות עוף זוגלובק 800 גרם בית יוסף,זוגלובק,IL,נקניקיות עוף זוגלובק,גרמים,800.00,100 גרם,false,,22.90,2.8625,true,1,338384
7290109580357,false,מארז זוג חרמון 300 +חרמון ברביקיו 300 גרם זוגלובק,זוגלובק,IL,מארז חרמון וברביקיו,גרמים,600.00,100 גרם,false,,25.90,4.3167,true,1,338385
7290109845012,false,ציפסר חשמלי מולר 5 ל,,,ציפסר חשמלי מולר 5 ל,Unknown,0.00,יחידה,false,,129.90,0.0000,true,1,339706
7290109920627,false,"אסטוניש קרם ואקונומיקה לניקוי אמבטיות 500 מ""ל",יעקובי אסטוניש,GB,קרם אסטוניש לאמבט עם,גרמים,500.00,100 גרם,false,,9.90,1.9800,true,1,314907
7290110000288,false,"מיצוי מימי של שזיפים מיובשים 946 מ""ל",היל ויו פאקינג קומפני,XX,מיץ שזיפים מיובשים ב,מיליליטרים,946.00,"100 מ""ל",false,,22.90,2.4207,true,1,312610
7290110000479,false,פריכיות אורז ללא מלח,בטר אנד דיפרנט,IL,פריכיות אורז ללא מלח,גרמים,210.00,100 גרם,false,,7.90,3.7619,true,1,318150
7290110000493,false,חמאת בוטנים טבעית קראנצ'י 350 גר',"בטר אנד דיפרנט בע""מ",IL,חמאת בוטנים קראנצ'י,גרמים,350.00,100 גרם,false,,13.90,3.9714,true,1,324660
7290110000967,false,מתוקקל ממתיק נוזלי לחיץ,בטר אנד דיפרנט,IL,ממתיק נוזלי מתוקל 39,גרמים,390.00,100 גרם,false,,14.90,3.8205,true,1,324326
7290110001315,false,מיכל חלבי 2 ליטר 4 י,בטר אנד דיפרנט,IL,מיכל חלבי 2 ליטר 4 י,Unknown,0.00,יחידה,false,,14.90,0.0000,true,1,332564
7290110001438,false,איטריות דקיקות מקמח כוסמין מלא 200 גרם,גיי אפ פי ייצור מזון,IL,אטריות דקיקות מקמח כ,גרמים,200.00,100 גרם,false,,8.90,4.4500,true,1,326672
7290110001445,false,איטריות דקות מקמח כוסמין מלא 200 גרם,גיי אפ פי ייצור מזון,IL,אטריות דקות מקמח כוס,גרמים,200.00,100 גרם,false,,8.90,4.4500,true,1,326673
7290110001452,false,איטריות רחבות מקמח כוסמין מלא 200 גרם,גיי אפ פי ייצור מזון,IL,אטריות רחבות מקמח כו,גרמים,200.00,100 גרם,false,,8.90,4.4500,true,1,326674
7290110001612,false,"ממתיק צמחי בשקית 1 ק""ג",בטר אנד דיפרנט,IL,ממתיק צמחי אריתריטול,פריט,1.00,"ק""ג",false,,39.90,39.9000,true,1,335979
7290110001995,false,מארז 4 קופסאות אחסון,בטר אנד דיפרנט,IL,מארז 4 קופסאות אחסון,Unknown,0.00,יחידה,false,,11.90,0.0000,true,1,339345
7290110002008,false,קופסאות אחסון מלבנית 1ל' חמישייה בשרי,בטר אנד דיפרנט,IL,מארז 4 קופסאות אחסון,Unknown,0.00,יחידה,false,,11.90,0.0000,true,1,339344
7290110002206,false,שמן קוקוס מזוכך בטר אנד דיפרנט 500 מ''ל,"בטר אנד דיפרנט בע""מ",IL,שמן קוקוס מזוכך ב.ד.,מיליליטרים,500.00,"100 מ""ל",false,,19.90,3.9800,true,1,336702
7290110110369,false,"שישייה בירה קרלסברג LUMA בקבוק 330 מ""ל",מבשלות בירה בינלאומיות ב,IL,מארז בירה קרלסברג לו,קילוגרמים,1.98,ליטר,false,,34.90,17.6263,true,1,327754
7290110110659,false,"ספרייט לימון ליים פחית 330מ""ל",החברה המרכזית לייצור משק,IL,"ספרייט 330 מ""ל",מיליליטרים,330.00,"100 מ""ל",false,,2.90,0.8788,true,1,325979
7290110114787,false,נביעות+ מים מינרליים בטעם תפוח 1.5 ליטר,נביעות טבע הגליל בעמ,IL,נביעות מים בטעם תפוח,קילוגרמים,1.50,ליטר,false,,6.90,4.6000,true,1,334231
7290110114794,false,נביעות+ מים מינרליים בטעם אפרסק 1.5 ליטר,"נביעות טבע הגליל בע""\מ ,",IL,נביעות מים בטעם אפרס,קילוגרמים,1.50,ליטר,false,,6.90,4.6000,true,1,334232
7290110114800,false,נביעות+ מים מינרליים בטעם ענבים 1.5 ליטר,"נביעות טבע הגליל בע""\מ",IL,נביעות מים בטעם ענבי,קילוגרמים,1.50,ליטר,false,,6.90,4.6000,true,1,334233
7290110114855,false,"נביעות מים מינרליים, שישיה 6 * 1.5 ליטר פקדון",נביעות טבע הגליל בעמ,IL,מים נביעות 6*1.5 ליט,קילוגרמים,9.00,ליטר,false,,11.70,1.3000,true,1,334235
7290110114954,false,מיץ תפוזים מתקתקים פריגת 2 ליטר,פריגת מצוננים,IL,מיץ תפוזים מתקתק פרי,קילוגרמים,2.00,ליטר,false,,19.90,9.9500,true,1,334217
7290110114961,false,משקה קל תפוזים פריגת 1.5 ליטר,מבשלות בירה בינלאומיות ב,IL,פריגת תפוזים 1.5 ליט,קילוגרמים,1.50,ליטר,false,,8.30,5.5333,true,1,334236
7290110114985,false,משקה קל אשכוליות פריגת 1.5 ליטר,מבשלות בירה בינלאומיות ב,IL,פריגת אשכוליות 1.5 ל,קילוגרמים,1.50,ליטר,false,,8.30,5.5333,true,1,334238
7290110115005,false,משקה קל ענבים פריגת 1.5 ליטר,מבשלות בירה בינלאומיות ב,IL,פריגת ענבים 1.5 ליטר,קילוגרמים,1.50,ליטר,false,,8.30,5.5333,true,1,334240
7290110115036,false,משקה קל מנגו פריגת 1.5 ליטר,מבשלות בירה בינלאומיות ב,IL,פריגת מנגו 1.5 ליטר,קילוגרמים,1.50,ליטר,false,,8.30,5.5333,true,1,334243
7290110115043,false,משקה קל לימונענע פריגת 1.5 ליטר,מבשלות בירה בינלאומיות ב,IL,פריגת לימונענע 1.5 ל,קילוגרמים,1.50,ליטר,false,,8.30,5.5333,true,1,334244
7290110115050,false,פריגת מיקס תות בננה 1.5 ליטר פיקדון,מבשלות בירה בינלאומיות ב,IL,פריגת מיקס תות בננה,קילוגרמים,1.50,ליטר,false,,8.30,5.5333,true,1,334245
7290110115081,false,פריגת צלול ענבים 1.5 ליטר פיקדון,"מבשלות בירה לישראל בע""\מ",IL,פריגת צלול ענבים 1.5,קילוגרמים,1.50,ליטר,false,,8.20,5.4667,true,1,334248
7290110115104,false,פריגת צלול אפרסק 1.5 ליטר פיקדון,מבשלות בירה בינלאומיות ב,IL,פריגת צלול אפרסק 1.5,קילוגרמים,1.50,ליטר,false,,8.20,5.4667,true,1,334249
7290110115111,false,פריגת צלול אננס 1.5 ליטר פיקדון,"מבשלות בירה לישראל בע""\מ",IL,פריגת צלול אננס 1.5,קילוגרמים,1.50,ליטר,false,,8.20,5.4667,true,1,334251
7290110115128,false,פריגת צלול בטעם לימונענע 1.5 ליטר פיקדון,"מבשלות בירה לישראל בע""\מ",IL,פריגת צלול לימונענע,קילוגרמים,1.50,ליטר,false,,8.20,5.4667,true,1,334252
7290110115180,false,מים מינרלים נביעות 1.5 ליטר,"נביעות טבע הגליל בע""",IL,מים נביעות 1.5 ליטר,קילוגרמים,1.50,ליטר,false,,2.90,1.9333,true,1,334699
7290110115203,false,קוקה קולה 1.5 ליטר פיקדון,החברה המרכזית לייצור משק,IL,קוקה קולה 1.5 ליטר,קילוגרמים,1.50,ליטר,false,,8.90,5.9333,true,1,334253
7290110115227,false,קוקה-קולה זירו בקבוק 1.5 ליטר,החברה המרכזית לייצור משק,IL,קוקה קולה זירו 1.5 ל,קילוגרמים,1.50,ליטר,false,,8.90,5.9333,true,1,334255
7290110115234,false,קוקה-קולה זירו נטול בקבוק 1.5 ליטר,החברה המרכזית לייצור משק,IL,קוקה קולה זירו נטול,קילוגרמים,1.50,ליטר,false,,8.90,5.9333,true,1,334256
7290110115241,false,קוקה-קולה זירו לימון בקבוק 1.5 ליטר,החברה המרכזית לייצור משק,IL,קוקה קולה זירו לימון,קילוגרמים,1.50,ליטר,false,,8.90,5.9333,true,1,334257
7290110115265,false,ספרייט לימון ליים 1.5 ליטר-,החברה המרכזית לייצור משק,IL,ספרייט למון ליים 1.5,קילוגרמים,1.50,ליטר,false,,8.90,5.9333,true,1,334263
7290110115272,false,ZERO ספרייט 1.5 ליטר פיקדון,החברה המרכזית לייצור משק,IL,ספרייט זירו 1.5 ליטר,קילוגרמים,1.50,ליטר,false,,8.20,5.4667,true,1,334264
7290110115289,false,ספרייט 19 קל' לימון-נענע 1.5 ליטר פיקדון,החברה המרכזית לייצור משק,IL,ספרייט לימון נענע 1.,קילוגרמים,1.50,ליטר,false,,8.90,5.9333,true,1,334265
7290110115296,false,משקה מוגז אורנג' פאנטה 1.5 ליטר,החברה המרכזית לייצור משק,IL,פאנטה אורנג 1.5 ליטר,קילוגרמים,1.50,ליטר,false,,8.20,5.4667,true,1,334266
7290110115302,false,משקה מוגז אורנג' זירו פאנטה 1.5 ליטר,החברה המרכזית לייצור משק,IL,פאנטה אורנג זירו 1.5,קילוגרמים,1.50,ליטר,false,,8.20,5.4667,true,1,334269
7290110115319,false,פאנטה אקזוטיק 1.5 ליטר פיקדון,החברה המרכזית לייצור משק,IL,פאנטה אקזוטיק 1.5 לי,קילוגרמים,1.50,ליטר,false,,8.20,5.4667,true,1,334270
7290110115340,false,פאנטה ענבים 1.5 ליטר פיקדון,החברה המרכזית לייצור משק,IL,פאנטה ענבים 1.5 ליטר,קילוגרמים,1.50,ליטר,false,,8.20,5.4667,true,1,334274
7290110115364,false,שישייה קוקה קולה 1.5 ליטר פיקדון,החברה המרכזית לייצור משק,IL,מארז קוקה קולה 6*1.5,קילוגרמים,9.00,ליטר,false,,49.90,5.5444,true,1,334259
7290110115388,false,ספרייט ליים שישיות 1.5 ליטר פיקדון,החברה המרכזית לייצור משק,IL,מארז ספרייט ליים 6*1,קילוגרמים,9.00,ליטר,false,,44.90,4.9889,true,1,334267
7290110115395,false,ZERO ספרייט שישיות 1.5 ליטר פיקדון,החברה המרכזית לייצור משק,IL,מארז ספרייט זירו 6*1,קילוגרמים,9.00,ליטר,false,,42.90,4.7667,true,1,334268
7290110115401,false,קינלי סודה שישיה 1.5 ליטר פיקדון,החברה המרכזית לייצור משק,IL,מארז סודה קינלי 6 *1,קילוגרמים,9.00,ליטר,false,,9.90,1.1000,true,1,334276
7290110115418,false,מארז שישייה קוקה קולה זירו 1.5 ל',החברה המרכזית לייצור משק,IL,מארז קוקה קולה זירו,קילוגרמים,9.00,ליטר,false,,46.90,5.2111,true,1,334260
7290110115449,false,אייס תה בטעם מנגו אננס 1.5ל' FUZE TEA,מבשלות בירה בינלאומיות ב,IL,פיוז תה אננס 1.5 ליט,קילוגרמים,1.50,ליטר,false,,8.90,5.9333,true,1,334278
7290110115456,false,"תה קר בטעם אפרסק 19 קלוריות ב- 100 מ""ל",מבשלות בירה בינלאומיות ב,IL,פיוז תה אפרסק מופחת,קילוגרמים,1.50,ליטר,false,,8.90,5.9333,true,1,334279
7290110115463,false,פיוז טי אפרסק 1.5 ליטר פיקדון,מבשלות בירה בינלאומיות ב,IL,פיוז תה אפרסק 1.5 לי,קילוגרמים,1.50,ליטר,false,,8.90,5.9333,true,1,334280
7290110115494,false,תה קר בטעם ענבים פיוז טי 1.5 ליטר,מבשלות בירה בינלאומית בע,IL,פיוז תה ענבים 1.5 לי,קילוגרמים,1.50,ליטר,false,,8.90,5.9333,true,1,334283
7290110115531,false,משקה מוגז תפוח זירו פאנטה 1.5 ליטר,החברה המרכזית לייצור משק,IL,פאנטה תפוח זירו 1.5,קילוגרמים,1.50,ליטר,false,,8.20,5.4667,true,1,334273
7290110115593,false,פריגת אשכוליות 40% פחות סוכר 1.5 ליטר פיקדון,מבשלות בירה בינלאומיות ב,IL,פריגת אשכוליות 40% פ,קילוגרמים,1.50,ליטר,false,,8.80,5.8667,true,1,334247
7290110115616,false,אייס תה בטעם גרין אננס 1.5ל' FUZE TEA,מבשלות בירה בינלאומיות ב,IL,פיוז תה זירו גרין אנ,קילוגרמים,1.50,ליטר,false,,8.90,5.9333,true,1,335133
7290110115623,false,משקה פיוז טי זירו ZERO בטעם אפרסק,מבשלות בירה בינלאומיות ב,IL,פיוז תה זירו אפרסק 1,קילוגרמים,1.50,ליטר,false,,8.90,5.9333,true,1,335134
7290110116064,false,פאנטה ZERO פירות ירוק 1.5 ליטר פיקדון,החברה המרכזית לייצור משק,IL,פאנטה אננס מנגו זירו,קילוגרמים,1.50,ליטר,false,,8.20,5.4667,true,1,338381
7290110116125,false,"סירופ בטעם פטל פריגת 750 מ""ל",סירופ - גבעת חיים,IL,סירופ בטעם פטל במתיק,מיליליטרים,750.00,"100 מ""ל",false,,19.90,2.6533,true,1,338452
7290110116132,false,"סירופ בטעם לימון פריגת 750 מ""ל",סירופ - גבעת חיים,IL,סירופ בטעם לימון פרי,מיליליטרים,750.00,"100 מ""ל",false,,19.90,2.6533,true,1,338449
7290110116149,false,"סירופ בטעם ענבים פריגת 750 מ""ל",סירופ - גבעת חיים,IL,סירופ בטעם ענבים במת,מיליליטרים,750.00,"100 מ""ל",false,,19.90,2.6533,true,1,338450
7290110116156,false,נביעות+רכיבי פרי מנגו-פסיפלורה 1.5 ליטר-,"נביעות טבע הגליל בע""\מ",IL,נביעות רכיבי פרי מים,קילוגרמים,1.50,ליטר,false,,6.90,4.6000,true,1,338483
7290110116170,false,נביעות+רכיבי פרי אננס-קוקוס 1.5 ליטר-,"נביעות טבע הגליל בע""\מ",IL,נביעות רכיבי פרי מים,קילוגרמים,1.50,ליטר,false,,6.90,4.6000,true,1,338486
7290110116194,false,נביעות+ סדרת 0 קלוריות לימון-ליים 1.5 ליטר,"נביעות טבע הגליל בע""\מ",IL,נביעות 0 קלוריות מים,קילוגרמים,1.50,ליטר,false,,6.90,4.6000,true,1,338484
7290110116217,false,נביעות+ סדרת 0 קלוריות אשכוליות 1.5 ליטר,"נביעות טבע הגליל בע""\מ",IL,נביעות 0 קלוריות מים,קילוגרמים,1.50,ליטר,false,,6.90,4.6000,true,1,338485
7290110116392,false,"סירופ בטעם תפוזים פריגת 750 מ""ל",סירופ - גבעת חיים,IL,סירופ בטעם תפוזים פר,מיליליטרים,750.00,"100 מ""ל",false,,19.90,2.6533,true,1,338451
7290110116552,false,ספרייט לימון היט 1.5 ליטר-,החברה המרכזית לייצור משק,IL,ספרייט למון היט 1.5,קילוגרמים,1.50,ליטר,false,,8.90,5.9333,true,1,339301
7290110116569,false,"ספרייט זירו ZERO בק LEMON HIT, 1.5 ליטר",החברה המרכזית לייצור משק,IL,ספרייט זירו לימון הי,קילוגרמים,1.50,ליטר,false,,8.90,5.9333,true,1,339299
7290110320867,false,פתיתים גבינה חצי קשה מגורדת 28% שומן,תנובה מרכז שיתופי לש,IL,גבינה מגורדת עמק 500,גרמים,500.00,100 גרם,false,,28.90,5.7800,true,1,313709
7290110321277,false,קוטג' בקטנה 5% תנובה 100 גרם מהדרין,פארייפאבה אגרואינדוס,IL,קוטג בקטנה 5% תנובה,גרמים,100.00,100 גרם,false,,2.50,2.5000,true,1,330603
7290110321284,false,קוטג' בקטנה 9% תנובה 100 גרם מהדרין,פארייפאבה אגרואינדוס,IL,קוטג בקטנה 9% תנובה,גרמים,100.00,100 גרם,false,,2.50,2.5000,true,1,330604
7290110322014,false,טופו טבעי ALTERNATIVE 300 גרם,שוורצקוף& הנקל דיסלד,IL,טופו בטעם טבעי אלטרנ,גרמים,300.00,100 גרם,false,,11.80,3.9333,true,1,328760
7290110322038,false,טופו פיקנטי ALTERNATIVE 300 גרם,שוורצקוף& הנקל דיסלד,IL,טופו פיקנטי אלטרנטיב,גרמים,300.00,100 גרם,false,,11.80,3.9333,true,1,328762
7290110323097,false,מעדן גבינה עם תות 5% שומן 80 ג' תנובה,תנובה בעמ,IL,תאומים מעדן גבינה עם,גרמים,80.00,100 גרם,false,,1.40,1.7500,true,1,339788
7290110323714,false,משקה קוקוס שקדים תנובה 1 ליטר,מיוצר עי קונדיטוריית,IL,משקה קוקוס שקדים אלט,קילוגרמים,1.00,ליטר,false,,9.90,9.9000,true,1,319361
7290110323998,false,מאגדת שמינייה מיני קרלו קצפת 8*77 ג',תנובה מרכז שיתופי לש,IL,מארז קרלו מיני עם קצ,גרמים,616.00,100 גרם,false,,11.90,1.9318,true,1,332274
7290110324070,false,גבינת חלומי מחלב בקר תנובה 200 גרם,"תנובה בע""\מ",IL,גבינת חלומי 30% פירא,גרמים,200.00,100 גרם,false,,17.90,8.9500,true,1,331347
7290110324551,false,יופלה טיוב יוגורט במרקם חלק תות כשרות מהדרין,"תנובה בע""\מ",IL,מארז יופלה טיוב תות,גרמים,348.00,100 גרם,false,,9.90,2.8448,true,1,320567
7290110324711,false,ממרח סויה 9% שומן בטעם טבעי תנובה 250 גרם,מיוצר עי קונדיטוריית,IL,ממרח סויה בטעם טבעי,גרמים,250.00,100 גרם,false,,8.90,3.5600,true,1,323302
7290110324728,false,ממרח סויה 9% שומן עם שום שמיר תנובה 250 גרם,מיוצר עי קונדיטוריית,IL,ממרח סויה עם שום שמי,גרמים,250.00,100 גרם,false,,8.90,3.5600,true,1,323303
7290110324841,false,מעדן שקדים עם שוקולד מריר תנובה 125 גרם,מיוצר עי קונדיטוריית,IL,מעדן שקדים שוקולד מר,גרמים,125.00,100 גרם,false,,3.90,3.1200,true,1,323809
7290110324858,false,מעדן שקדים בטעם אגוזי לוז תנובה 125 גרם,מיוצר עי קונדיטוריית,IL,מעדן שקדים אגוזי לוז,גרמים,125.00,100 גרם,false,,3.90,3.1200,true,1,323810
7290110324926,false,משקה סויה ללא תוספת סוכר 1 ליטר,תנובה מרכז שיתופי לש,IL,משקה סויה ללא תוספת,קילוגרמים,1.00,ליטר,false,,8.90,8.9000,true,1,323433
7290110325510,false,יופלה טיוב יוגורט במרקם חלק בטעם וניל-יוניקור,"תנובה בע""\מ",IL,מארז יופלה טיוב וניל,גרמים,348.00,100 גרם,false,,9.90,2.8448,true,1,323951
7290110325619,false,אלטרנטיב משקה שיבולת שועל 1 ליטר,מיוצר עי קונדיטוריית,IL,משקה שיבולת שועל אלט,קילוגרמים,1.00,ליטר,false,,9.90,9.9000,true,1,324048
7290110325893,false,משקה חלב GO מועשר בחלבון בטעם אייס קפה,מיוצר עי קונדיטוריית,IL,משקה GO אייס קפה 27,מיליליטרים,340.00,"100 מ""ל",false,,6.90,2.0294,true,1,326805
7290110326173,false,שוקולד לבן yolo coocies קרם עוגיות בתוספת עוגיות ונטיפי שוקולד,תנובה חלב,IL,יולו שוקולד לבן בטעם,גרמים,120.00,100 גרם,false,,4.90,4.0833,true,1,326194
7290110326210,false,יופלה און טופ פצפוצים תנובה 157 גרם,מיוצר עי קונדיטוריית,IL,יופלה און טופ פצפוצי,גרמים,157.00,100 גרם,false,,4.70,2.9936,true,1,325690
7290110326234,false,יופלה און טופ כוכבים תנובה 157 גרם,מיוצר עי קונדיטוריית,IL,יופלה און טופ כוכבים,גרמים,157.00,100 גרם,false,,4.70,2.9936,true,1,325691
7290110326906,false,חלב נטול לקטוז 3% שומן תנובה 1 ליטר,מיוצר עי קונדיטוריית,IL,חלב נטול לקטוז 3% תנ,קילוגרמים,1.00,ליטר,false,,7.20,7.2000,true,1,329330
7290110327033,false,משקה סויה תנובה גו מועשר בחלבון במתיקות מופחתת,מיוצר עי קונדיטוריית,IL,משקה סויה מועשר בחלב,קילוגרמים,1.00,ליטר,false,,11.60,11.6000,true,1,327647
7290110327514,false,alternative משקה שיבולת שועל בטעם אגוזי לוז תנובה 1 ליטר,תנובה מרכז שיתופי לש,IL,משקה שיבולת שועל בטע,קילוגרמים,1.00,ליטר,false,,11.60,11.6000,true,1,334774
7290110328016,false,משקה סויה מועשר בחלבון בטעם אגוזי לוז 250 גרם,תנובה מרכז שיתופי לש,IL,משקה סויה מועשר בטעם,מיליליטרים,250.00,"100 מ""ל",false,,5.90,2.3600,true,1,330728
7290110328504,false,מיקס פתיתי 3 גבינות- מוצרלה סקנדינבית וגאודה,מיוצר עי קונדיטוריית,IL,טריו פתיתים מיקס 3 ג,גרמים,300.00,100 גרם,false,,18.50,6.1667,true,1,331223
7290110328610,false,אלטרנטיב בריסטה משקה אורז ושקדים 1 ליטר,תנובה Alternative,IL,משקה אורז ושקדים ברי,קילוגרמים,1.00,ליטר,false,,11.60,11.6000,true,1,337697
7290110328627,false,יוגורט יופלה GO במרקם סמיך בטעם בננה קרמל 0%,מיוצר עי קונדיטוריית,IL,יוגורט גו יופלה סמיך,גרמים,200.00,100 גרם,false,,5.50,2.7500,true,1,332351
7290110328641,false,alternative טופו טבעי תנובה 2*250 גרם,תנובה חלב,IL,טופו טבעי אלטרנטיב 2,גרמים,500.00,100 גרם,false,,16.90,3.3800,true,1,337979
7290110328764,false,יוגורט יופלה GO במרקם סמיך עם תות 0%,מיוצר עי קונדיטוריית,IL,יוגורט גו יופלה סמיך,גרמים,200.00,100 גרם,false,,5.50,2.7500,true,1,332353
7290110328771,false,יוגורט יופלה GO במרקם סמיך עם פירות יער 0%,מיוצר עי קונדיטוריית,IL,יוגורט גו יופלה סמיך,גרמים,200.00,100 גרם,false,,5.50,2.7500,true,1,332354
7290110328788,false,יוגורט יופלה GO במרקם סמיך בטעם אפרסק 0%,תנובה מרכז שיתופי לש,IL,יוגורט גו יופלה סמיך,גרמים,200.00,100 גרם,false,,5.50,2.7500,true,1,332352
7290110328931,false,פתיתי גבינה למאפים השף הלבן 500 גרם,"תנובה בע""\מ",IL,פתיתי גבינה למאפים ה,גרמים,500.00,100 גרם,false,,19.90,3.9800,true,1,339778
7290110329303,false,פרוסות בטעם צהובה קלאסית אלטרנטיב 200 גר,תנובה Alternative,IL,פרוסות צהובה קלאסית,גרמים,200.00,100 גרם,false,,19.90,9.9500,true,1,337977
7290110329686,false,"משקה חלב גו בטעם עוגיות 340 מ""ל",מיוצר עי קונדיטוריית,IL,משקה GO בטעם עוגיות,מיליליטרים,340.00,"100 מ""ל",false,,6.90,2.0294,true,1,337978
7290110329716,false,משקה חלב קר בטעם קפוצ'ינו 230 גרם תנובה,תנובה מרכז שיתופי לש,IL,משקה קפה קר בטעם קפו,מיליליטרים,230.00,"100 מ""ל",false,,6.90,3.0000,true,1,337303
7290110329723,false,משקה חלב קר בטעם לאטה 230 גרם תנובה,תנובה מרכז שיתופי לש,IL,משקה קפה קר בטעם לאט,מיליליטרים,230.00,"100 מ""ל",false,,6.90,3.0000,true,1,337304
7290110329730,false,"משקה חלב עם שוקולד וקפה בסגנון לאטה 2.7%  230 מ""ל תנובה",תנובה מרכז שיתופי לש,IL,משקה קפה קר בטעם לאט,מיליליטרים,230.00,"100 מ""ל",false,,6.90,3.0000,true,1,337305
7290110329792,false,יוגורט סויה BIO Alternative אפרסק 150 ג' תנובה,מיוצר עי קונדיטוריית,IL,מעדן סויה ביו אפרסק,גרמים,150.00,100 גרם,false,,4.40,2.9333,true,1,335150
7290110329808,false,יוגורט סויה BIO Alternative תות 150 ג' תנובה,מיוצר עי קונדיטוריית,IL,מעדן סויה ביו תות אל,גרמים,150.00,100 גרם,false,,4.40,2.9333,true,1,335151
7290110329815,false,סויה BIO מתיקות מעודנת גביע 150 גרם Alternative,מיוצר עי קונדיטוריית,IL,מעדן סויה ביו מתיקות,גרמים,150.00,100 גרם,false,,4.40,2.9333,true,1,335152
7290110329822,false,יוגורט סויה BIO Alternative פירות יער 150 ג' תנובה,מיוצר עי קונדיטוריית,IL,מעדן סויה ביו פירות,גרמים,150.00,100 גרם,false,,4.40,2.9333,true,1,335153
7290110329914,false,"מאגדת משקה Alternative שיבולת שועל ושקדים 6*100 מ""ל תנובה",תנובה מרכז שיתופי לש,IL,משקה ביו שיבולת שועל,מיליליטרים,600.00,"100 מ""ל",false,,17.90,2.9833,true,1,338024
7290110550219,false,מטבעות שוקולד לבן לאפיה 400 גרם עלית,"פוליבה בע""\מ",IL,מטבעות שוקולד לבן לא,גרמים,400.00,100 גרם,false,,24.90,6.2250,true,1,337113
7290110550226,false,מטבעות שוקולד מריר לאפיה 400 גרם עלית,"פוליבה בע""\מ",IL,מטבעות שוקולד מריר ל,גרמים,400.00,100 גרם,false,,24.90,6.2250,true,1,337114
7290110552220,false,יוגורט PRO בטעם תות 0% סוכר לבן 20 גרם חלבון בגביע,"שטראוס בריאות בע""\מ",IL,דנונה פרו 20 תות ללא,גרמים,200.00,100 גרם,false,,4.90,2.4500,true,1,335066
7290110552237,false,יוגורט פרו בטעם אפרסק מנגו ללא סוכר 200 ג' דנונה,"שטראוס בריאות בע""\מ",IL,דנונה פרו 20 אפרסק ו,גרמים,200.00,100 גרם,false,,4.90,2.4500,true,1,335070
7290110554422,false,פומודורו רוטב עגבניות ופלפלים לשקשוקה לפסטה יד מרדכי 350 גרם,אמיליאנה קונסרב סוסייטה,IT,רוטב עגבניות ופלפלים,גרמים,350.00,100 גרם,false,,10.80,3.0857,true,1,338339
7290110554583,false,מארז חטיפי צ'יטוס פאפס בטעם גבינה - 10 יחידות,"שטראוס פריטו ליי בע""\מ )",IL,מארז צ'יטוס בטעם גבי,גרמים,200.00,100 גרם,false,,11.50,5.7500,true,1,335237
7290110554798,false,פולי אספרסו עשירים וארומטיים עוצמה 8 עלית 250 גרם,שטראוס קפה בי. וי.,IL,פולי קפה ארומטיים בק,גרמים,250.00,100 גרם,false,,19.90,7.9600,true,1,339360
7290110555009,false,זוג פסאטה מחית עגבניות חלקה יד מרדכי 700 גרם,אמיליאנה קונסרב ס.פ.,IT,מחית עגבניות פסאטה י,גרמים,700.00,100 גרם,false,,11.90,1.7000,true,1,338028
7290110556242,false,עלית - שוקולד מריר פרווה בדץ 100 גרם,"שטראוס גרופ בע""מ.",FR,שוקולד פרה מריר 100,גרמים,100.00,100 גרם,false,,3.90,3.9000,true,1,338502
7290110557027,false,חומוס עשיר 50% טחינה גולמית 400 ג' אחלה,מיוצר עי קונדיטוריית,IL,חומוס עשיר ב50% טחינ,גרמים,400.00,100 גרם,false,,12.90,3.2250,true,1,334767
7290110557102,false,מעדן חלב עם שוקולד מועשר בחלבון 150 ג' שטראוס,מיוצר עי קונדיטוריית,IL,מעדן חלב עם שוקולד פ,גרמים,150.00,100 גרם,false,,4.90,3.2667,true,1,333726
7290110557133,false,מעדן הגולן וניל 125 ג' שטראוס,מיוצר עי קונדיטוריית,IL,מעדן הגולן וניל 125,מיליליטרים,125.00,"100 מ""ל",false,,2.80,2.2400,true,1,334060
7290110557478,false,סלט חומוס גלילי אחלה 600 גרם,"שטראוס גרופ בע""\מ",IL,חומוס גלילי אחלה 600,גרמים,600.00,100 גרם,false,,10.90,1.8167,true,1,336060
7290110558215,false,"דנונה קראנצ`פיסטוק עם פיצפוץ לבן קראנצי פיסטוק, 173 גרם","שטראוס בריאות בע""\מ",IL,דנונה בר קראנץ פיסטו,מיליליטרים,173.00,"100 מ""ל",false,,4.30,2.4855,true,1,339032
7290110558222,false,"וואו יוגורט עם שכבה בטעם בנופי פאי 5.4%, 150ג דנונה","שטראוס בריאות בע""\מ",IL,דנונה WOW עם שכבה בט,מיליליטרים,150.00,"100 מ""ל",false,,4.50,3.0000,true,1,338035
7290110558239,false,"וואו יוגורט עם שכבה בטעם קראק פאי 5.4%, 150 ג דנונה","שטראוס בריאות בע""\מ",IL,דנונה WOW עם שכבה בט,מיליליטרים,150.00,"100 מ""ל",false,,4.50,3.0000,true,1,338036
7290110558253,false,דנונה שייק נונה ריפרש בננה אננס וצ'יה,"שטראוס בריאות בע""\מ",IL,משקה דנונה ריפרש בננ,גרמים,250.00,100 גרם,false,,5.50,2.2000,true,1,337542
7290110558314,false,דנונה פרו 20 גרם חלבון ללא סוכר פיסטוק 200 גרם,"שטראוס בריאות בע""\מ",IL,דנונה פרו 20 בטעם פי,גרמים,200.00,100 גרם,false,,5.90,2.9500,true,1,338031
7290110559748,false,ריל מאגדת שקדים קוקוס ושוקולד מריר שטראוס 105 גרם,"ואמואליס פודס אס.איי,",GR,מאגדת ריל אנרג'י שקד,גרמים,105.00,100 גרם,false,,12.90,12.2857,true,1,337702
7290110559755,false,ריל מאגדת בוטנים פיסטוק וחמוציות שטראוס 105 גרם,"ואמואליס פודס אס.איי,",GR,מאגדת ריל אנרג'י בוט,גרמים,105.00,100 גרם,false,,12.90,12.2857,true,1,337703
7290110559762,false,ריל מאגדת אגוזים תמרים קוקוס שטראוס 105 גרם,"ואמואליס פודס אס.איי,",GR,מאגדת ריל אנרג'י אגו,גרמים,105.00,100 גרם,false,,12.90,12.2857,true,1,337704
7290110560300,false,"הפריכיות הטעימות חומוס, עדשים שחורות, קינואה ופלפל שחור",אנרג'י Energy - שטראוס,IL,פריכיות אנרג'י משולש,גרמים,30.00,100 גרם,false,,4.90,16.3333,true,1,327687
7290110560317,false,"הפריכיות הטעימות חומוס, עדשים שחורות, קינואה ומלח ים","פרח תעשיו מזון בע""מ",IL,פריכיות אנרג'י משולש,גרמים,30.00,100 גרם,false,,4.90,16.3333,true,1,327688
7290110560324,false,"הפריכיות הטעימות תפו""א, אורז, אפונה ומלח ים","פרח תעשיו מזון בע""מ",IL,פריכיות אנרג'י משולש,Unknown,0.00,יחידה,false,,4.90,0.0000,true,1,327689
7290110561352,false,דנונה יוגורט ביו פרוביוטי 3% דל לקטוז 150ג',"שטראוס בריאות בע""\מ",IL,דנונה דל לקטוז בתוספ,גרמים,200.00,100 גרם,false,,3.90,1.9500,true,1,332608
7290110561604,false,מארז 8 יחידות מעדן גמדים בטעם תות בננה,"שטראוס בריאות בע""\מ",IL,מארז גמדים תות בננה,גרמים,800.00,100 גרם,false,,15.90,1.9875,true,1,315373
7290110563462,false,חלב 2% דל לקטוז בבקבוק יטבתה 1 ליטר.,מחלבת יטבתה,IL,חלב מועשר נטול לקטוז,קילוגרמים,1.00,ליטר,false,,6.90,6.9000,true,1,324327
7290110564360,false,חומוס אחלה הסידרה המובחר 40% טחינה 400 גר',מיוצר עי קונדיטוריית,IL,חומוס עשיר ב40% טחינ,גרמים,400.00,100 גרם,false,,12.90,3.2250,true,1,315360
7290110564414,false,חומוס אחלה הסידרה המובחר 30% טחינה 600 גר',מיוצר עי קונדיטוריית,IL,חומוס עשיר ב 30% טחי,גרמים,600.00,100 גרם,false,,11.90,1.9833,true,1,315357
7290110565527,false,יוגורט PRO פרו 1.5% 20 גרם חלבון בגביע,"שטראוס בריאות בע""מ",IL,דנונה פרו טבעי 1.5%,גרמים,200.00,100 גרם,false,,4.90,2.4500,true,1,314273
7290110565572,false,מארז קפה טורקי עלית לדרך עם הל 168 גרם,שטראוס קפה בי.וי.,IL,קפה טורקי הל לדרך 2,גרמים,168.00,100 גרם,false,,16.90,10.0595,true,1,338504
7290110566043,false,יוגורט 4.5% שומן 3 ל' שטראוס,"מחלבות בר בכפר בע""מ",IL,משקה יוגורט 4% שטראו,פריט,3.00,"ק""ג",false,,26.90,8.9667,true,1,316412
7290110566623,false,קפסולות קולומביה עלית 08 למכונת נספרסו מארז 5X10ג',שטראוס קפה בי.וי.,IL,קפסולות עלית קולומבי,גרמים,50.00,100 גרם,false,,15.50,31.0000,true,1,316897
7290110566975,false,דנונה פרו יוגורט 0% תות עשיר בחלבון 200ג',"שטראוס בריאות בע""\מ",IL,דנונה פרו תות 0% 200,גרמים,200.00,100 גרם,false,,4.90,2.4500,true,1,316305
7290110568238,false,"קצפת צמחית 21% שומן 250 מ""ל יוטבתה",מחלבת יטבתה,IL,קצפת צמחית במתיקות מ,מיליליטרים,250.00,"100 מ""ל",false,,7.90,3.1600,true,1,330664
7290110568566,false,דוריטוס גריל עלית מארז 10 יח' *25 ג',"שטראוס פריטו ליי בע""מ )פ",IL,מארז דוריטוס גריל 10,גרמים,250.00,100 גרם,false,,10.90,4.3600,true,1,316777
7290110571382,false,מעדן חלב בטעם וניל מעושר בחלבון 150 ג' שטראוס,"שטראוס בריאות בע""\מ",IL,מעדן חלב בטעם וניל פ,גרמים,150.00,100 גרם,false,,4.90,3.2667,true,1,337386
7290110571405,false,עלית - מיני פינוקיות בגביע פסק זמן 180 גרם,הגביע,IL,עוגיות מיני פינוקיות,גרמים,180.00,100 גרם,false,,9.90,5.5000,true,1,339619
7290110571412,false,עלית - מיני פינוקיות בגביע פאדג' 180 גרם,הגביע,IL,עוגיות מיני פינוקיות,גרמים,180.00,100 גרם,false,,9.90,5.5000,true,1,339620
7290110571535,false,מארז קפה טורקי הל עלית 300 גרם,שטראוס קפה בי.וי.,IL,מארז קפה טורקי הל על,גרמים,300.00,100 גרם,false,,22.90,7.6333,true,1,337116
7290110572884,false,"קפסולות קפה מספר 20 למכונת אספרס אספרסו, 50 גרם",שטראוס קפה בי.וי.,IL,קפסולות עלית מס' 20,גרמים,50.00,100 גרם,false,,15.50,31.0000,true,1,339560
7290110574413,false,פופקורן בטעם טעמי עלית 70 גרם,סראנו בעבור שטראוס,קפריסין,פופקורן מקורמל מצופה,גרמים,70.00,100 גרם,false,,7.90,11.2857,true,1,339384
7290110574420,false,פופקורן בטעם פסק זמן עלית 70 גרם,סראנו בעבור שטראוס,קפריסין,פופקורן מקורמל מצופה,גרמים,70.00,100 גרם,false,,7.90,11.2857,true,1,339385
7290110576752,false,טבלאות שוקולד ספלנדיד מריר 70% 100 ג' עלית,קימ'\ס גריפלנן,BE,שוקולד ספלנדיד מריר,גרמים,100.00,100 גרם,false,,9.90,9.9000,true,1,339570
7290110576776,false,טבלאות שוקולד ספלנדיד מריר 85% 100 ג' עלית,קימ'\ס גריפלנן,BE,שוקולד ספלנדיד מריר,גרמים,100.00,100 גרם,false,,9.90,9.9000,true,1,339571
7290110576790,false,גבינת סקי 3% בטעם מוקה 125 גרם,"שטראוס בריאות בע""\מ",IL,מעדן גבינה בטעם מיקס,גרמים,125.00,100 גרם,false,,3.70,2.9600,true,1,339027
7290110576851,false,"שמיניית משקה גמדים סלט פירות 108 מ""ל","שטראוס בריאות בע""\מ",IL,מארז משקה גמדים סלט,גרמים,864.00,100 גרם,false,,19.90,2.3032,true,1,339028
7290110577230,false,משקה חלב בטעם פיסטוק בבקבוק יטבתה 1 ליטר,שטראוס גרופ,IL,משקה חלב בטעם פיסטוק,קילוגרמים,1.00,ליטר,false,,11.50,11.5000,true,1,339029
7290111341366,false,ניקול מפיות אירוח חד שכבתי 150 יחידות,"משווק ע""י קימברלי קלארק",SK,מפיות ניקול לבנות חד,Unknown,0.00,יחידה,false,,7.70,0.0000,true,1,332358
7290111342226,false,תחבושות לילי לילה +,אונטקס,ES,תחבושות לילי לילה +,Unknown,0.00,יחידה,false,,16.90,0.0000,true,1,325124
7290111343858,false,ניקול מטליות לחות לרצפה אנטיבקרטריאלי 10 יחידות,עלבד משואות יצחק,IL,מטליות לחות אנטיבקטר,Unknown,0.00,יחידה,false,,9.90,0.0000,true,1,326681
7290111344077,false,מטליות לחות לחיטוי משטחים אריזת שלישייה,עלבד משואות יצחק,IL,מטליות לחות אנטיבקטר,Unknown,0.00,יחידה,false,,19.90,0.0000,true,1,326682
7290111344206,false,-מגבונים לחים לעור רגיש ללא בישום האגיס 4*64 יחידות,חוגלה קימברלי,IL,מגבונים האגיס 4*64 י,Unknown,0.00,יחידה,false,,17.90,0.0000,true,1,333929
7290111344503,false,חיתולי האגיס אקסטרה קייר מידה +4 36 יח',חוגלה קימברלי,IL,חיתולי האגיס אקסטרא,Unknown,0.00,יחידה,false,,54.90,0.0000,true,1,339936
7290111344558,false,ניקול 100 שקיות אשפה גדול +שרוך,חוגלה קימברלי,IL,שקיות אשפה לפחים גדו,Unknown,0.00,יחידה,false,,29.90,0.0000,true,1,333103
7290111344831,false,קוטקס - מגיני יום אקסטרא פרוטקט נורמל ביג 60 יח',חוגלה קימברלי,CN,מגן תחתון קוטקס אקסט,Unknown,0.00,יחידה,false,,15.90,0.0000,true,1,334335
7290111344855,false,קוטקס - מגיני יום אקסטרא פרוטקט לארג' ביג 52 יח',חוגלה קימברלי,CN,מגן תחתון קוטקס אקסט,Unknown,0.00,יחידה,false,,15.90,0.0000,true,1,334336
7290111345982,false,ניקול דפי ספוגית הקסם 10 יחידות,חוגלה קימברלי,IL,דפי ספוגית הקסם ניקו,Unknown,0.00,יחידה,false,,9.90,0.0000,true,1,337024
7290111350047,false,תמרים מזן מגהול ללא חרצנים 500 גרם,טעמי הגליל,IL,תמר מגהול כבוש קליית,גרמים,500.00,100 גרם,false,,9.90,1.9800,true,1,310245
7290111351723,false,פופקורן למיקרוגל טבע,פופז,US,פופקורן למיקרוגל טבע,פריט,1.10,"ק""ג",false,,19.90,18.0909,true,1,322123
7290111353208,false,פופקורן למיקרוגל טבע,פופז,US,פופקורן למיקרוגל טבע,פריט,1.10,"ק""ג",false,,19.90,18.0909,true,1,328582
7290111353376,false,מארז 100 סוכריות מנטוס שמחות בטעם מנטה 250 גרם,פרפטי ואן מלה ברדה,NL,מנטוס מיני בטעם מנטה,גרמים,178.00,100 גרם,false,,13.90,7.8090,true,1,328457
7290111353383,false,מארז 100 סוכריות מנטוס שמחות בטעם תות 250 גרם,פרפטי ואן מלה ברדה,NL,מנטוס מיני בטעם תות,גרמים,178.00,100 גרם,false,,13.90,7.8090,true,1,328458
7290111353475,false,שטיחים חמוץ בטעם פירות יוגטה 200 גרם,צ'וקטה,TR,סוכריות גומי שטיחים,גרמים,200.00,100 גרם,false,,5.90,2.9500,true,1,329944
7290111353482,false,מקלות חמוצים ממולאות בטעמי פירות יוגטה 200 גרם,צ'וקטה,TR,סוכריות גומי ממולאות,גרמים,200.00,100 גרם,false,,5.90,2.9500,true,1,329945
7290111534010,false,פס גבינה שמנת פירורים קפולסקי 400 גרם,תופינים מקבוצת קפולסקי,IL,עוגת מוס גבינה פירור,גרמים,450.00,100 גרם,false,,35.90,7.9778,true,1,310771
7290111563492,false,סלטי צבר מטבוחה חריפה מרובע 6*400גרם,סלטי צבר,IL,מטבוחה חריפה צבר 400,גרמים,400.00,100 גרם,false,,11.90,2.9750,true,1,317984
7290111564239,false,שלגוני קראנץ' Crunch בטעם וניל - 5 יח',גלידות נסטלה )נגה גלידות,IL,שלגוני מיני קראנצ ונ,גרמים,275.00,100 גרם,false,,22.50,8.1818,true,1,315047
7290111564277,false,פריכיות דקות ונימוחות 3 דגנים פיטנס Fitness,פרח תעשיות בעמ,IL,פריכיות דקות 3 דגנים,גרמים,120.00,100 גרם,false,,8.90,7.4167,true,1,317514
7290111564291,false,פריכיות דקות ונימוחות 3 דגנים וקינואה פיטנס Fitness,פרח תעשיות בעמ,IL,פריכיות דקות עם קינו,גרמים,120.00,100 גרם,false,,8.90,7.4167,true,1,317513
7290111564956,false,"ביסלי במבה מיקס 200 גרם ""אסם""",פרו מן יו פתרונות אריזה,IL,ביסלי במבה מיקס 200,גרמים,200.00,100 גרם,false,,8.90,4.4500,true,1,315864
7290111565038,false,"לה קרמריה וניל קוקילידה בד""צ 1.4 ל'",גלידות נסטלה )נגה גלידות,IL,גלידה לה קרמריה וניל,קילוגרמים,1.40,ליטר,false,,16.90,12.0714,true,1,315774
7290111565083,false,מארז במבה 15*25 גרם,גבעול,IL,מארז במבה 15*25 גרם,גרמים,375.00,100 גרם,false,,17.90,4.7733,true,1,313703
7290111566103,false,טבעול פלאפל מרכיבים ביתיים בלבד 590 גרם,עיצובים 2020 (4.8),IL,פלאפל טבעול 590 גרם,גרמים,590.00,100 גרם,false,,22.90,3.8814,true,1,314385
7290111566240,false,שניצל דק מן הצומח בטעם צ'ילי חריף 700 גרם,עיצובים 2020 (4.8),IL,שניצל דק צמחוני צילי,גרמים,564.00,100 גרם,false,,22.90,4.0603,true,1,314379
7290111566271,false,חטיפי תירס טבעול 657 גרם,עיצובים 2020 (4.8),IL,חטיפי תירס טבעול 657,גרמים,657.00,100 גרם,false,,22.90,3.4855,true,1,314377
7290111566318,false,שניצל דק מן הצומח בטעם ביתי 700 גרם,עיצובים 2020 (4.8),IL,שניצל דק צמחוני ביתי,גרמים,564.00,100 גרם,false,,22.90,4.0603,true,1,314378
7290111566332,false,"נקניקיות וינר מן הצומח 680 גרם ""טבעול""",עיצובים 2020 (4.8),IL,נקניקיות וינר צמחוני,גרמים,680.00,100 גרם,false,,22.90,3.3676,true,1,314380
7290111566417,false,טבעול טחון מן הצומח משופר 400 גרם,עיצובים 2020 (4.8),IL,טחון צמחוני טבעול 50,גרמים,500.00,100 גרם,false,,22.90,4.5800,true,1,314393
7290111566547,false,טבעול חזה בגריל צמחוני 99 קלוריות 560ג',עיצובים 2020 (4.8),IL,חזה בגריל צמחוני טבע,גרמים,560.00,100 גרם,false,,22.90,4.0893,true,1,314391
7290111566585,false,"שניצל צמחוני 99 קלוריות 650 גר' ""טבעול""",עיצובים 2020 (4.8),IL,שניצל צמחוני טבעול 6,גרמים,650.00,100 גרם,false,,22.90,3.5231,true,1,314390
7290111566714,false,טבעול המבורגר צמחוני 99 קלוריות 600 גרם,עיצובים 2020 (4.8),IL,המבורגר צמחוני טבעול,גרמים,600.00,100 גרם,false,,22.90,3.8167,true,1,314389
7290111566752,false,טבעול שניצל תירס 99 קלוריות 693 גרם,עיצובים 2020 (4.8),IL,שניצל תירס טבעול 693,גרמים,693.00,100 גרם,false,,22.90,3.3045,true,1,314386
7290111566776,false,"נקניקיות קוקטייל מן הצומח 680 גרם ""טבעול""",עיצובים 2020 (4.8),IL,נקניקיות קוקטייל צמח,גרמים,680.00,100 גרם,false,,22.90,3.3676,true,1,314381
7290111568206,false,ביסלי פארטי מיקס אסם 150 גר',פרו מן יו פתרונות אר,IL,ביסלי פארטי מיקס 150,גרמים,150.00,100 גרם,false,,6.90,4.6000,true,1,315846
7290111568961,false,בייגלה טבעות מלח אסם 400 גרם,אסם,IL,בייגלה טבעות עם מלח,גרמים,400.00,100 גרם,false,,8.90,2.2250,true,1,338181
7290111650550,false,חמוצים סיני לימונס 2,לימון אוכל מוכן לשיו,IL,חמוצים סיני לימונס 2,גרמים,250.00,100 גרם,false,,9.70,3.8800,true,1,311103
7290111650789,false,מטבל זיתים ירוקים לימונס 150 גרם,לימון אוכל מוכן לשיו,IL,דיפ זיתים לימונס 150,גרמים,150.00,100 גרם,false,,8.70,5.8000,true,1,311080
7290111650826,false,חציל פיקנטי לימונס 250 גרם,לימון אוכל מוכן לשיו,IL,חציל פיקנטי לימונס 2,גרמים,250.00,100 גרם,false,,9.70,3.8800,true,1,311098
7290111650840,false,כרוב לבן עם גזר במיונז לימונס 250 גרם,לימון אוכל מוכן לשיו,IL,כרוב וגזר לימונס 250,גרמים,250.00,100 גרם,false,,9.70,3.8800,true,1,311095
7290111650857,false,כרוב אדום במיונז לימונס 250 גרם,לימון אוכל מוכן לשיו,IL,כרוב אדום לימונס 250,גרמים,250.00,100 גרם,false,,9.70,3.8800,true,1,311096
7290111650871,false,חציל במיונז לימונס 250 גרם,לימון אוכל מוכן לשיו,IL,חציל במיונז לימונס 2,גרמים,250.00,100 גרם,false,,9.70,3.8800,true,1,311094
7290111650901,false,סלט מטבוחה חריפה אש לימונס 250 גרם,לימון אוכל מוכן לשיו,IL,מטבוחה חריפה לימונס,גרמים,150.00,100 גרם,false,,8.70,5.8000,true,1,317976
7290111650918,false,מטבוחה לימונס 250 גרם,לימון אוכל מוכן לשיו,IL,מטבוחה לימונס 250 גר,גרמים,250.00,100 גרם,false,,8.70,3.4800,true,1,311078
7290111650925,false,"סלט תפו""א לימונס 250 גרם",לימון אוכל מוכן לשיו,IL,סלט תפוא לימונס 250,גרמים,250.00,100 גרם,false,,8.70,3.4800,true,1,311083
7290111650932,false,טחינה לימונס 250 גרם,לימון אוכל מוכן לשיו,IL,טחינה לימונס 250 גרם,גרמים,250.00,100 גרם,false,,8.70,3.4800,true,1,311077
7290111650949,false,חציל במרינדה עם ירקות לימונס 250 גרם,לימון אוכל מוכן לשיו,IL,חציל במרינדה לימונס,גרמים,250.00,100 גרם,false,,9.70,3.8800,true,1,311081
7290111650956,false,חומוס מזרחי לימונס 2,לימון אוכל מוכן לשיו,IL,חומוס מזרחי לימונס 2,גרמים,250.00,100 גרם,false,,8.70,3.4800,true,1,311076
7290111650963,false,סלט טורקי לימונס 250,לימון אוכל מוכן לשיו,IL,סלט טורקי לימונס 250,גרמים,250.00,100 גרם,false,,8.70,3.4800,true,1,311079
7290111651311,false,סלט פלפלים קלויים לימונס 250 גרם,לימון אוכל מוכן לשיו,IL,פלפל מטוגן לימונס 25,גרמים,250.00,100 גרם,false,,9.70,3.8800,true,1,311100
7290111651502,false,סלט סחוג ירוק לימונס 150 גרם,לימון אוכל מוכן לשיו,IL,סחוג ירוק לימונס 150,גרמים,150.00,100 גרם,false,,8.70,5.8000,true,1,311082
7290111651854,false,סלט גזר פיקנטי לימונס 250 גרם,לימון אוכל מוכן לשיו,IL,גזר פיקנטי לימונס 25,גרמים,250.00,100 גרם,false,,8.70,3.4800,true,1,311559
7290111651861,false,חציל בצ'ילי לימונס 250 גרם,לימון אוכל מוכן לשיו,IL,חציל צילי לימונס 250,גרמים,250.00,100 גרם,false,,9.70,3.8800,true,1,311560
7290111653247,false,סלט זיתים מרוקאי לימונס 250 גרם,לימון אוכל מוכן לשיו,IL,זיתים מרוקאים לימונס,גרמים,250.00,100 גרם,false,,9.70,3.8800,true,1,315464
7290111653261,false,סלט פלפלים קלויים שום וחריף לימונס 250 גרם,לימון אוכל מוכן לשיו,IL,פלפל קלוי לימונס 250,גרמים,250.00,100 גרם,false,,9.70,3.8800,true,1,315466
7290111653285,false,מטבל פלפל חלפיניו לימונס 150 גרם,לימון אוכל מוכן לשיו,IL,מטבל פלפל חליפיניו ל,גרמים,250.00,100 גרם,false,,8.70,3.4800,true,1,315470
7290111653292,false,מטבל שום שמיר לימונס 150 גרם,לימון אוכל מוכן לשיו,IL,מטבל שום שמיר לימונס,גרמים,250.00,100 גרם,false,,8.70,3.4800,true,1,315471
7290111653308,false,חמוצי הבית לימונס 750 גרם,לימון אוכל מוכן לשיו,IL,חמוצי הבית לימונס 75,גרמים,750.00,100 גרם,false,,18.80,2.5067,true,1,315474
7290111654114,false,חילבה פיקנטי לימונס 250 גרם,לימון אוכל מוכן לשיו,IL,חילבה פיקנטי לימונס,גרמים,250.00,100 גרם,false,,8.70,3.4800,true,1,315473
7290111930850,false,קראנצ'וס טעם פיצה 55גר',חברת מנה בעמ,IL,קראנצוס פיצה 55 גרם,גרמים,55.00,100 גרם,false,,1.90,3.4545,true,1,312930
7290111930997,false,פירורי לחם מוזהב מאס,מנה,IL,פירורי לחם מוזהב מאס,גרמים,800.00,100 גרם,false,,11.90,1.4875,true,1,313830
7290111932380,false,"מרידול משחת שיניים מארז 75X2מ""ל כשל""פ",GABA LOER GER,PL,"משחת מרידול 2*75 מ""ל",מיליליטרים,150.00,"100 מ""ל",false,,24.90,16.6000,true,1,314707
7290111933554,false,שלישייה עגבניות קוביות מאסטר שף 400 גרם,קונסוריזיו קאסאלסקו,IT,מארז עגבניות קוביות,פריט,1.20,"ק""ג",false,,15.90,13.2500,true,1,317979
7290111933592,false,פירורי לחם פנקו מאסט,מנה,IL,פירורי לחם פנקו מאסט,גרמים,510.00,100 גרם,false,,11.90,2.3333,true,1,317421
7290111936203,false,"ליידי ספיד סטיק דרמה ספריי ויטמין אי 150 מ""ל",ליידי ספיד סטיק Lady Speed Stick,RU,דאו ספריי ליידי ספיד,מיליליטרים,150.00,"100 מ""ל",false,,13.90,9.2667,true,1,322019
7290111936296,false,"פלמוליב סבון נוזלי בניחוח סנסיישן מסאז' ,750 מ""ל",קולגייט פלמוליב,TR,ג'ל רחצה פלמוליב סנס,מיליליטרים,750.00,"100 מ""ל",false,,19.50,2.6000,true,1,320410
7290111936647,false,"קולגייט מקס פרש כשל""פ מארז 2*100 מ""ל",קולגייט פלמוליב,PL,משחת קולגייט מקס פרש,מיליליטרים,250.00,"100 מ""ל",false,,19.90,7.9600,true,1,319658
7290111937248,false,פרי מארז חטיפים 5 יחידות תמרים קשיו ונגיעות לוז כשלפ,"טבעית מוצרים מהטבע בע""\מ",IL,מארז חטיף פרי תמרים,גרמים,125.00,100 גרם,false,,13.90,11.1200,true,1,319586
7290111937255,false,פרי מארז חטיפים 5 יחידות תמרים בוטנים ואגוזי לוז כשלפ,"טבעית מוצרים מהטבע בע""\מ",IL,מארז חטיף פרי תמרים,גרמים,125.00,100 גרם,false,,14.90,11.9200,true,1,319700
7290111938498,false,"מנה אסייאתי רוטב סויה בהירה 700 מ""ל מ.שף",קי.אר.אס. ספייסי פוד,TH,רוטב סויה בהירה מאסט,גרמים,700.00,100 גרם,false,,9.90,1.4143,true,1,324180
7290111939822,false,משחת קולגייט אופטיק,קולגייט פלמוליב,PL,משחת קולגייט אופטיק,מיליליטרים,225.00,"100 מ""ל",false,,29.90,13.2889,true,1,323249
7290111939846,false,משחת קולגייט אופטיק,קולגייט פלמוליב,PL,משחת קולגייט אופטיק,מיליליטרים,225.00,"100 מ""ל",false,,29.90,13.2889,true,1,323250
7290112000408,false,מנקה ומחטא עוצמתי לניקוי כללי בניחוח לימון,רקיט בנקיזר,US,תרסיס דטול מנקה ומחט,מיליליטרים,750.00,"100 מ""ל",false,,14.90,1.9867,true,1,325142
7290112000798,false,"דיטול תרסיסי חיטוי וניקוי אנטי בקטריאלי 750 מ""ל",רקיט בנקיזר,US,תרסיס דטול מנקה ומחט,מיליליטרים,750.00,"100 מ""ל",false,,14.90,1.9867,true,1,325143
7290112000903,false,פיניש למדיח הכל ב1 120טב,רקיט בנקיזר,PL,טבליות פיניש פאוורבו,פריט,1.92,"ק""ג",false,,64.90,33.8021,true,1,319035
7290112001436,false,"פיניש מנקה מדיח כלים בניחוח לימון 250 מ""ל",רקיט בנקיזר,PL,מנקה מדיח פיניש לימו,מיליליטרים,250.00,"100 מ""ל",false,,14.90,5.9600,true,1,323396
7290112001641,false,"מסיר כתמים קליה 950 מ""ל",רקיט בנקיזר,PL,תרסיס וניש קליה 950,מיליליטרים,950.00,"100 מ""ל",false,,19.90,2.0947,true,1,325834
7290112001870,false,"סיליט באנג ספריי ניקוי אמבטיה 750 מ""ל",רקיט בנקיזר,PL,תרסיס סיליט באנג לני,מיליליטרים,750.00,"100 מ""ל",false,,12.50,1.6667,true,1,324336
7290112001917,false,גל למדיח פיניש בניחוח מרענן 1 ל,רקיט בנקיזר,ES,גל למדיח פיניש בניחו,קילוגרמים,1.00,ליטר,false,,39.90,39.9000,true,1,326323
7290112002105,false,קולון גל כביסה מרוכז 2.5 ליטר ניחוח לילך,רקיט בנקיזר,IL,ג'ל קולון סגול 2.5 ל,קילוגרמים,2.50,ליטר,false,,19.90,7.9600,true,1,335684
7290112002136,false,ג'ל כביסה מרוכז קולון 101 קלאסי,רקיט בנקיזר,IL,ג'ל קולון כחול 4 ליט,קילוגרמים,4.00,ליטר,false,,31.90,7.9750,true,1,323085
7290112002143,false,ג'ל כביסה מרוכז קולון 101 בניחוח לילך,רקיט בנקיזר,IL,ג'ל קולון לילך סגול,קילוגרמים,4.00,ליטר,false,,31.90,7.9750,true,1,323086
7290112002457,false,דטול - שלישיית מגבונים לניקוי וחיטוי בניחוח לימון,רקיט בנקיזר,PL,מטליות לחות דטול לני,Unknown,0.00,יחידה,false,,19.90,0.0000,true,1,328495
7290112003188,false,קולון קפסולות גל לכביסה 60 יחידות,רקיט בנקיזר,IT,קפסולות ג'ל קולון 60,Unknown,0.00,יחידה,false,,49.90,0.0000,true,1,328382
7290112003973,false,"וניש אבקה ורודה מולטי פאואר 1.350 ק""ג א. חסכון חדש להלבנה",רקיט בנקיזר,IT,אבקת וניש מסיר כתמים,פריט,1.35,"ק""ג",false,,29.90,22.1481,true,1,332550
7290112003980,false,וניש תוסף כביסה רב תכליתי לבן 1350 גרם,רקיט בנקיזר,IT,אבקת וניש מסיר כתמים,פריט,1.35,"ק""ג",false,,29.90,22.1481,true,1,332551
7290112004109,false,מטליות לחות לניקוי כללי וחיטוי בריח ליים ונענע- מארז,רקיט בנקיזר,PL,מטליות לחות דטול לחי,Unknown,0.00,יחידה,false,,19.90,0.0000,true,1,328496
7290112004413,false,"ספריי וניש קליה להסרת כתמים לבגדים לבנים 750 מ""ל",רקיט בנקיזר,PL,ספריי וניש להסרת כתמ,מיליליטרים,750.00,"100 מ""ל",false,,16.90,2.2533,true,1,336699
7290112004482,false,אירוויק ספריי וניל 3,,,אירוויק ספריי וניל 3,מיליליטרים,720.00,"100 מ""ל",false,,19.90,2.7639,true,1,330267
7290112004505,false,אירוויק ספריי לבנדר,,,אירוויק ספריי לבנדר,מיליליטרים,720.00,"100 מ""ל",false,,19.90,2.7639,true,1,330269
7290112004512,false,מילוי מבשם אוטומטי א,רקיט בנקיזר,PL,מילוי מבשם אוטומטי א,מיליליטרים,750.00,"100 מ""ל",false,,24.90,3.3200,true,1,330263
7290112004529,false,מילוי מבשם אוטומטי א,רקיט בנקיזר,PL,מילוי מבשם אוטומטי א,מיליליטרים,750.00,"100 מ""ל",false,,24.90,3.3200,true,1,330264
7290112004536,false,מילוי מבשם אוטומטי א,רקיט בנקיזר,PL,מילוי מבשם אוטומטי א,מיליליטרים,750.00,"100 מ""ל",false,,24.90,3.3200,true,1,330265
7290112004611,false,"וניש קליה ג'ל מרוכז לטיפול נקודתי בכתמים 200 מ""ל",רקיט בנקיזר,PT,ג'ל וניש גולד מסיר כ,מיליליטרים,200.00,"100 מ""ל",false,,16.50,8.2500,true,1,336226
7290112005052,false,וניש תוסף כביסה רב תכליתי לבגדים לבנים,קליה וניש Kalia Vanish,IT,אבקת וניש מסיר כתמים,פריט,1.50,"ק""ג",false,,39.90,26.6000,true,1,339754
7290112005168,false,פיניש אולטימייט קוואנטום לימון 60 טבליות למדיח,רקיט בנקיזר,PL,טבליות פיניש קוואנטו,Unknown,0.00,יחידה,false,,54.90,0.0000,true,1,337994
7290112120311,false,ממתיק ספלנדה 100 יח,,,ממתיק ספלנדה 100 יח,גרמים,100.00,100 גרם,false,,13.90,13.9000,true,1,313914
7290112120649,false,בונבוניירה צדף 125 ג,קאיפינג גינקה פודסטא,CN,בונבוניירה צדף 125 ג,גרמים,125.00,100 גרם,false,,11.90,9.5200,true,1,318931
7290112120663,false,בונבוניירה לב 120 גר,קאיפינג גינקה פודסטא,CN,בונבוניירה לב 120 גר,גרמים,120.00,100 גרם,false,,16.90,14.0833,true,1,318927
7290112120670,false,בונבוניירה מתומן 200,קאיפינג גינקה פודסטא,CN,בונבוניירה מתומן 200,גרמים,200.00,100 גרם,false,,17.90,8.9500,true,1,318928
7290112120687,false,בונבוניירה פירמידה 3,קאיפינג גינקה פודסטא,CN,בונבוניירה פירמידה 3,גרמים,310.00,100 גרם,false,,29.90,9.6452,true,1,318926
7290112120830,false,נפוליטנים שוקולד חלב,"תופינית בע""מ",IL,נפוליטנים שוקולד חלב,גרמים,150.00,100 גרם,false,,11.90,7.9333,true,1,319673
7290112120861,false,לזניה גלי דורומי 400,Bessan Makarna,TR,לזניה גלי דורומי 400,גרמים,400.00,100 גרם,false,,6.90,1.7250,true,1,317726
7290112121066,false,חומצה אצטית סינטטי א,הלל תעשיות,IL,חומצה אצטית סינטטי א,קילוגרמים,1.00,ליטר,false,,3.90,3.9000,true,1,319231
7290112121073,false,חומץ 5% אינדירה 1 לי,הלל תעשיות,IL,חומץ 5% אינדירה 1 לי,קילוגרמים,1.00,ליטר,false,,4.20,4.2000,true,1,319232
7290112121080,false,מיץ בטעם לימון משומר,הלל תעשיות,IL,מיץ בטעם לימון משומר,קילוגרמים,1.00,ליטר,false,,4.20,4.2000,true,1,319230
7290112121097,false,רוטב לימון אינדירה 1,הלל תעשיות,IL,רוטב לימון אינדירה 1,קילוגרמים,1.00,ליטר,false,,5.20,5.2000,true,1,319233
7290112122629,false,ופל מצופה בטעם שוקול,מנעמים תעשיות מזון,IL,ופל מצופה בטעם שוקול,גרמים,800.00,100 גרם,false,,13.90,1.7375,true,1,324235
7290112123060,false,ספגטי דורומי 900 גרם,Bessan Makarna,TR,ספגטי דורומי 900 גרם,גרמים,900.00,100 גרם,false,,4.90,0.5444,true,1,327935
7290112124142,false,סוכריות גומי אבטיח מ,חברת המשקם לתעסוקת ק,IL,סוכריות גומי אבטיח מ,גרמים,300.00,100 גרם,false,,8.90,2.9667,true,1,337119
7290112124319,false,טורטיה דורום 36*45 ג,מוטלוקאל גידה סאן טי,TR,טורטיה דורום 36*45 ג,פריט,1.62,"ק""ג",false,,19.90,12.2840,true,1,338001
7290112124975,false,דאו ספריי אקס אפולו,יוניליוור,GB,דאו ספריי אקס אפולו,מיליליטרים,150.00,"100 מ""ל",false,,9.90,6.6000,true,1,334025
7290112124982,false,דאו ספריי אקס שחור פ,יוניליוור,GB,דאו ספריי אקס שחור פ,מיליליטרים,150.00,"100 מ""ל",false,,9.90,6.6000,true,1,334027
7290112125019,false,סבון מוצק דאב לבן 4*,,,סבון מוצק דאב לבן 4*,גרמים,400.00,100 גרם,false,,9.90,2.4750,true,1,283542
7290112125026,false,תה ילו לייבל ליפטון,יוניליוור,RU,תה ילו לייבל ליפטון,גרמים,200.00,100 גרם,false,,5.90,2.9500,true,1,338011
7290112190857,false,מגבונים סמארט 4*72 י,רנקסן,TR,מגבונים סמארט 4*72 י,Unknown,0.00,יחידה,false,,5.90,0.0000,true,1,334666
7290112192806,false,פרודונטקס זוג מ.שיניים אולטרא קלין 75 מל,גלקסוס סמית קליין,SK,משחת פרודונטקס אולטר,מיליליטרים,150.00,"100 מ""ל",false,,39.90,26.6000,true,1,318818
7290112192813,false,פרודונטקס זוג מ.שיניים אוריגינל 75 מל,גלקסוס סמית קליין,SK,משחת פרודונטקס אורגי,מיליליטרים,150.00,"100 מ""ל",false,,39.90,26.6000,true,1,318819
7290112195746,false,שמן זית כתית מעולה א,אסייאס דל סור,ES,שמן זית כתית מעולה א,מיליליטרים,750.00,"100 מ""ל",false,,23.90,3.1867,true,1,336198
7290112195784,false,תות שדה קפוא פרוסטי,גרין האוס,EG,תות שדה קפוא פרוסטי,גרמים,300.00,100 גרם,false,,5.90,1.9667,true,1,338507
7290112196712,false,משחת סנסודיין פרש מי,גלקסוס סמית קליין,GB,משחת סנסודיין פרש מי,מיליליטרים,300.00,"100 מ""ל",false,,49.90,16.6333,true,1,331508
7290112198006,false,שמן זית כתית מעולה א,אולאריה קלמנטה,IT,שמן זית כתית מעולה א,מיליליטרים,750.00,"100 מ""ל",false,,13.90,1.8533,true,1,338812
7290112330352,false,"יוגורט PRO בטעם וניל 0% , 20 גרם חלבון בגביע","שטראוס בריאות בע""\מ",IL,דנונה פרו וניל 0% 20,גרמים,200.00,100 גרם,false,,4.90,2.4500,true,1,320762
7290112330390,false,דנונה פרו פירות יער 20 גרם חלבון 0% שומן 200 גרם,"שטראוס בריאות בע""\מ",IL,דנונה פרו פירות יער,גרמים,200.00,100 גרם,false,,4.90,2.4500,true,1,320763
7290112330420,false,דנונה פרו לבן 2.9% שומן 150 גרם,מיוצר עי קונדיטוריית,IL,דנונה פרו לבן עשיר ב,גרמים,150.00,100 גרם,false,,3.90,2.6000,true,1,319924
7290112332585,false,פריכיות משולש תפוא אורז בתיבול סלק ומלח ים אנרג'י 30 גרם,"פרח תעשיו מזון בע""מ",IL,פריכיות אנרג'י משולש,גרמים,30.00,100 גרם,false,,4.90,16.3333,true,1,327690
7290112332691,false,פינוקיות עוגיות קרם פסק זמן אגוזים 200 גרם,"הגביע מוצרי וופלים בע""\מ",IL,עוגיות פינוקיות פסק,גרמים,200.00,100 גרם,false,,9.90,4.9500,true,1,322004
7290112334305,false,סלט כרובית בטחינה אחלה 330 ג',"שטראוס גרופ בע""\מ",IL,סלט כרובית בטחינה טע,גרמים,330.00,100 גרם,false,,11.90,3.6061,true,1,319362
7290112334596,false,שוקולית 935 גר עלית,שטראוס קפה בי.וי.,IL,שוקולית 850 גרם+10%,גרמים,935.00,100 גרם,false,,12.90,1.3797,true,1,322966
7290112335487,false,הפריכיות הטעימות קצח ודגנים אנרג'י 135 גרם,אנרג'י Energy - שטראוס,IL,פריכיות 3 דגנים וקצח,גרמים,135.00,100 גרם,false,,9.90,7.3333,true,1,321849
7290112335494,false,הפריכיות הטעימות תפוחי אדמה בטעם פוטטוס,"פרח תעשיות מזון בע""\מ",IL,פריכיות 3 דגנים ותפו,גרמים,135.00,100 גרם,false,,9.90,7.3333,true,1,324617
7290112335500,false,"פרכיות אנרג'י חומוס,אורז,עדשים שחורות וקינואה 135 גרם","פרח תעשיות מזון בע""\מ",IL,פריכיות חומוס אורז ע,גרמים,135.00,100 גרם,false,,9.90,7.3333,true,1,321850
7290112336637,false,סוכריות מאסט Must ללא סוכר יוגורט תות ואוכניות,שטראוס גרופ,PL,סוכריות מאסט תות אוכ,גרמים,80.00,100 גרם,false,,6.90,8.6250,true,1,323217
7290112336644,false,סוכריות מאסט ללא סוכר לימון 80 ג' עלית,שטראוס גרופ,PL,סוכריות מאסט לימון 8,גרמים,80.00,100 גרם,false,,6.90,8.6250,true,1,323214
7290112336651,false,סוכריות מאסט ללא סוכר ריבת חלב 80 ג' עלית,שטראוס גרופ,PL,סוכריות מאסט ריבת חל,גרמים,80.00,100 גרם,false,,6.90,8.6250,true,1,323218
7290112336712,false,יוגורט PRO לבן 0% 21 גרם חלבון בגביע,"שטראוס בריאות בע""מ",IL,דנונה פרו עשיר בחלבו,גרמים,200.00,100 גרם,false,,4.90,2.4500,true,1,319914
7290112337474,false,סוכריות מאסט ללא סוכר פטל לימון 80 ג' עלית,שטראוס גרופ,PL,סוכריות מאסט פטל לימ,גרמים,80.00,100 גרם,false,,6.90,8.6250,true,1,323215
7290112337481,false,סוכריות מאסט ללא סוכר קפצ''ינו 80 ג' עלית,שטראוס גרופ,PL,סוכריות מאסט קפוצ'ינ,גרמים,80.00,100 גרם,false,,6.90,8.6250,true,1,323219
7290112339171,false,מילקי מוס עם שוקולד וקצפת,מיוצר עי קונדיטוריית,IL,מילקי מוס שוקולד 170,מיליליטרים,170.00,"100 מ""ל",false,,2.90,1.7059,true,1,319360
7290112339867,false,גמדים לדרך גבינה לבנה עם מחית תות,"שטראוס בריאות בע""\מ",IL,גמדים לדרך תות סקווי,גרמים,100.00,100 גרם,false,,5.40,5.4000,true,1,324023
7290112339874,false,גמדים לדרך גבינה לבנה עם מחיות תות ובננה,"שטראוס בריאות בע""\מ",IL,גמדים לדרך תות בננה,גרמים,100.00,100 גרם,false,,5.40,5.4000,true,1,324024
7290112340245,false,צנצנת מסטיק מאסט בטעם דובדבן 66 ג' עלית,"שטראוס גרופ בע""\מ",IL,מסטיק מאסט צנצנת דוב,גרמים,66.00,100 גרם,false,,6.90,10.4545,true,1,320565
7290112340252,false,צנצנת מסטיק מאסט בטעם אבטיח מלון 66 ג' עלית,"שטראוס גרופ בע""\מ",IL,מסטיק מאסט צנצנת אבט,גרמים,66.00,100 גרם,false,,6.90,10.4545,true,1,320564
7290112340276,false,פינוקיות עוגיות קרם קפה 200 גרם,"הגביע מוצרי וופלים בע""\מ",IL,עוגיות פינוקיות קפה,גרמים,200.00,100 גרם,false,,9.90,4.9500,true,1,322005
7290112341556,false,יוגורט אקטיביה עם צ'יה ותות 150 גרם,"שטראוס בריאות בע""\מ",IL,יוגורט אקטיביה צ'יה,גרמים,150.00,100 גרם,false,,4.50,3.0000,true,1,325675
7290112341686,false,שמינייה יוגורט לבן אקטיביה 3% דנונה 150 גרם.,מיוצר עי קונדיטוריית,IL,מארז יוגורט אקטיביה,קילוגרמים,1.20,ליטר,false,,19.90,16.5833,true,1,323072
7290112342270,false,קפה פלטינום אינטנס מחוזק ב- 10% אספרסו,שטראוס קפה בי.וי,IL,קפה פלטינום אינטנס 1,גרמים,125.00,100 גרם,false,,15.90,12.7200,true,1,322969
7290112342508,false,דוריטוס צ'יזי טוויסט 70 גרם,"שטראוס פריטו ליי בע""\מ",IL,דוריטוס קול ראנצ' 7,גרמים,70.00,100 גרם,false,,2.90,4.1429,true,1,323781
7290112343260,false,יטבתה רוטב שמנת עם פטריות 9% 250 גר,שטראוס גרופ,IL,רוטב שמנת קלאסי 9% י,מיליליטרים,250.00,"100 מ""ל",false,,8.90,3.5600,true,1,325537
7290112344564,false,רביולי גבינה קלאסי שטראוס 400 ג',מיוצר עי קונדיטוריית,IL,רביולי גבינה קלאסי ש,גרמים,400.00,100 גרם,false,,17.90,4.4750,true,1,325941
7290112344724,false,מעדן בטעם שוקולד בלונדי 170 ג' מילקי,מיוצר עי קונדיטוריית,IL,מעדן חלב בטעם שוקול,מיליליטרים,170.00,"100 מ""ל",false,,2.90,1.7059,true,1,323931
7290112344755,false,מילקי עם 26% פחות סוכר 135 גרם,מיוצר עי קונדיטוריית,IL,מילקי שוקולד 26% פחו,מיליליטרים,135.00,"100 מ""ל",false,,2.80,2.0741,true,1,329183
7290112344786,false,קפה פלטינום קלאסיק עלית 200 גרם,הנסיך- מפעל לייצור ט,IL,קפה פלטינום קלאסיק 2,גרמים,200.00,100 גרם,false,,19.90,9.9500,true,1,325748
7290112346629,false,"יוגורט עם קורנפלקס מצופה שוקולד חלב ולבן 172 מ""ל דנונה","שטראוס בריאות בע""\מ",IL,דנונה בר וקורנפלקס מ,גרמים,172.00,100 גרם,false,,3.90,2.2674,true,1,326562
7290112346797,false,יוגורט אקטיביה שיבולת שועל ושזיף 150 גרם,מיוצר עי קונדיטוריית,IL,יוגורט אקטיביה עם שי,גרמים,150.00,100 גרם,false,,4.50,3.0000,true,1,325816
7290112346827,false,שמיניית אקטימל ויטמין C פטל 108 גרם,"שטראוס בריאות בע""\מ",IL,אקטימל פטל ויטמין סי,מיליליטרים,864.00,"100 מ""ל",false,,19.90,2.3032,true,1,329186
7290112347008,false,גמדים לדרך גבינה לבנה עם מחית תות ושיבולת שועל,מיוצר עי קונדיטוריית,IL,גמדים ארוחת בוקר תות,גרמים,100.00,100 גרם,false,,5.40,5.4000,true,1,323926
7290112349705,false,פומודורו רוטב עגבניות קלאסי לפסטה יד מרדכי 350 גרם,אמיליאנה קונסרב סוסייטה,IT,רוטב עגבניות פומודור,גרמים,350.00,100 גרם,false,,10.80,3.0857,true,1,338340
7290112349736,false,בזיליקום רוטב עגבניות לפסטה יד מרדכי 350 גרם,אמיליאנה קונסרב סוסייטה,IT,רוטב עגבניות לפסטה ב,גרמים,350.00,100 גרם,false,,10.80,3.0857,true,1,338337
7290112349743,false,ארביאטה רוטב עגבניות פיקנטי לפסטה 350 ג' יד מרדכי,אמיליאנה קונסרב סוסייטה,IT,רוטב עגבניות פיקנטי,גרמים,350.00,100 גרם,false,,10.80,3.0857,true,1,338341
7290112349750,false,פיצה רוטב עגבניות לפיצה יד מרדכי 350 גרם,אמיליאנה קונסרב סוסייטה,IT,רוטב עגבניות לפיצה י,גרמים,350.00,100 גרם,false,,10.80,3.0857,true,1,338338
7290112350275,false,קפסולות LUNGO למכונת נספרסו עלית 10 יחידות,שטראוס קפה בי.וי,IL,קפסולות עלית לונגו ל,גרמים,50.00,100 גרם,false,,15.50,31.0000,true,1,325053
7290112350312,false,קפסולות 15 קפה יותר למכונות נספרסו עלית 10יח',הנסיך- מפעל לייצור ט,IL,קפסולות עלית מס 15 ע,גרמים,50.00,100 גרם,false,,15.50,31.0000,true,1,328009
7290112351104,false,שוקולד פרה ממולא פיצפוצי אורז 100 ג' עלית,"שטראוס גרופ בע""\מ",IL,שוקולד פרה פצפוצי או,גרמים,100.00,100 גרם,false,,4.90,4.9000,true,1,331781
7290112351128,false,שוקולד פרה סוכריות קופצות וועסטהייים,"שטראוס גרופ בע""\מ",IL,שוקולד פרה חלב סוכרי,גרמים,100.00,100 גרם,false,,4.90,4.9000,true,1,332559
7290112351258,false,עוגיית קקאו פינוקיות שחור לבן 200 גר,"הגביע מוצרי ופלים בע""\מ",IL,עוגיות פינוקיות שחור,גרמים,200.00,100 גרם,false,,9.90,4.9500,true,1,327685
7290112355102,false,גמדים סקוויז 100 גרם פאוץ סלט פירות 100 גרם,"שטראוס בריאות בע""\מ",IL,גמדים לדרך סלט פירות,גרמים,100.00,100 גרם,false,,5.40,5.4000,true,1,329573
7290112355393,false,יטבתה רוטב שמנת עם בטטה 9% 250 גרם,שטראוס גרופ,IL,רוטב שמנת עם בטטה 9%,מיליליטרים,257.00,"100 מ""ל",false,,9.80,3.8132,true,1,339025
7290112355812,false,מילקי טופ קורנפלקס 141 ג' שטראוס,"שטראוס גרופ בע""\מ",IL,מילקי טופ קורנפלקס 1,גרמים,141.00,100 גרם,false,,4.30,3.0496,true,1,337543
7290112355867,false,מילקי קצפת טופ פיצפוצים 86 גרם,"שטראוס גרופ בע""\מ",IL,מילקי קצפת טופ פצפוצ,גרמים,86.00,100 גרם,false,,3.50,4.0698,true,1,334124
7290112357175,false,קפסולות BOOST למכונת נספרסו עלית 10 יחידות,שטראוס קפה בי.וי,IL,קפסולות עלית בוסט למ,Unknown,0.00,יחידה,false,,15.50,0.0000,true,1,325054
7290112358127,false,יוגורט PRO בטעם וניל עוגיות פלוס מגנזיום,מיוצר עי קונדיטוריית,IL,דנונה פרו 20 וניל עו,גרמים,200.00,100 גרם,false,,5.90,2.9500,true,1,329189
7290112358462,false,דבש יד מרדכי 700 גרם,שטראוס גרופ,IL,דבש יד מרדכי 700 גרם,גרמים,700.00,100 גרם,false,,24.90,3.5571,true,1,327628
7290112358554,false,מארז קפה נמס מנות אישיות לדרך 50.4 גר,שטראוס רומניה,RO,מארז קפה נמס לדרך על,גרמים,50.40,100 גרם,false,,9.90,19.6429,true,1,337115
7290112359384,false,עלית - קפה נמס אלפחורס ריבת חלב 100 גרם,שטראוס קפה בי.וי,IL,קפה נמס אלפחורס ריבת,גרמים,100.00,100 גרם,false,,14.90,14.9000,true,1,328577
7290112415400,false,עוגיות אלפחורס קפולסקי 280 גרם,תופינים מקבוצת קפולסקי,IL,עוגיות אלפחורס תופינ,גרמים,280.00,100 גרם,false,,29.90,10.6786,true,1,323545
7290112480019,false,קערה אובלית בינוני ב,פאלאס,CN,קערה אובלית בינוני ב,Unknown,0.00,יחידה,false,,19.90,0.0000,true,1,315025
7290112480026,false,מארז 2 יח' מגש יאובל,פאלאס,CN,מארז 2 יח' מגש יאובל,Unknown,0.00,יחידה,false,,19.90,0.0000,true,1,315081
7290112480033,false,מארז 3 יח מגשי אובלי,פאלאס,CN,מארז 3 יח מגשי אובלי,Unknown,0.00,יחידה,false,,19.90,0.0000,true,1,315029
7290112480040,false,מארז 5 יח מגשי אובלי,פאלאס,CN,מארז 5 יח מגשי אובלי,Unknown,0.00,יחידה,false,,19.90,0.0000,true,1,315030
7290112480057,false,מארז 3 יח מגש מחולק,פאלאס,CN,מארז 3 יח מגש מחולק,Unknown,0.00,יחידה,false,,19.90,0.0000,true,1,315031
7290112480118,false,כוס קריסטל בלו שיין,פאלאס,CN,כוס קריסטל בלו שיין,Unknown,0.00,יחידה,false,,19.90,0.0000,true,1,315702
7290112480361,false,שקיות אשפה LD 76/85 שחור לפיד 50 יחידות,פאלאס,CN,שקיות אשפה שחור 85*7,Unknown,0.00,יחידה,false,,19.90,0.0000,true,1,317323
7290112480378,false,שקיות אשפה 70*50 לפי,פאלאס,CN,שקיות אשפה 70*50 לפי,Unknown,0.00,יחידה,false,,19.90,0.0000,true,1,317324
7290112481023,false,כוסיות יין קריסטל 12,פאלאס,CN,כוסיות יין קריסטל 12,Unknown,0.00,יחידה,false,,17.90,0.0000,true,1,315701
7290112481030,false,כוס קריסטל בלו שיין,פאלאס,CN,כוס קריסטל בלו שיין,Unknown,0.00,יחידה,false,,19.90,0.0000,true,1,315704
7290112481078,false,"כפות ח""פ 188 יח",פאלאס,TR,"כפות ח""פ 188 יח",Unknown,0.00,יחידה,false,,12.90,0.0000,true,1,318437
7290112481085,false,"כפיות ח""פ 188 יח",פאלאס,TR,"כפיות ח""פ 188 יח",Unknown,0.00,יחידה,false,,12.90,0.0000,true,1,318438
7290112481092,false,"מזלגות ח""פ 188 יח",פאלאס,TR,"מזלגות ח""פ 188 יח",Unknown,0.00,יחידה,false,,12.90,0.0000,true,1,318439
7290112481108,false,"סכינים ח""פ 188 יח",פאלאס,TR,"סכינים ח""פ 188 יח",Unknown,0.00,יחידה,false,,12.90,0.0000,true,1,318440
7290112481115,false,כפות איכותיות בלו שי,פאלאס,TR,כפות איכותיות בלו שי,Unknown,0.00,יחידה,false,,26.90,0.0000,true,1,316914
7290112481122,false,כפיות איכותיות בלו ש,פאלאס,TR,כפיות איכותיות בלו ש,Unknown,0.00,יחידה,false,,26.90,0.0000,true,1,316913
7290112481139,false,מזלגות איכותיים בלו,פאלאס,TR,מזלגות איכותיים בלו,Unknown,0.00,יחידה,false,,26.90,0.0000,true,1,316915
7290112481146,false,סכינים איכותיים בלו,פאלאס,TR,סכינים איכותיים בלו,Unknown,0.00,יחידה,false,,26.90,0.0000,true,1,316912
7290112481153,false,שקיות אשפה כתום 75*9,פאלאס,CN,שקיות אשפה כתום 75*9,Unknown,0.00,יחידה,false,,14.90,0.0000,true,1,317325
7290112481276,false,גביע יין מוכסף + תחת,פאלאס,CN,גביע יין מוכסף + תחת,Unknown,0.00,יחידה,false,,16.90,0.0000,true,1,319520
7290112481320,false,גביע יין מוכסף סטון,פאלאס,CN,גביע יין מוכסף סטון,Unknown,0.00,יחידה,false,,24.90,0.0000,true,1,319519
7290112481382,false,מארז קעריות אובליות,פאלאס,CN,מארז קעריות אובליות,Unknown,0.00,יחידה,false,,26.90,0.0000,true,1,317241
7290112481399,false,מארז קעריות אובליות,פאלאס,CN,מארז קעריות אובליות,Unknown,0.00,יחידה,false,,26.90,0.0000,true,1,317247
7290112481832,false,מגש יהלום בלו שיין 4,פאלאס,CN,מגש יהלום בלו שיין 4,Unknown,0.00,יחידה,false,,19.90,0.0000,true,1,316393
7290112481900,false,כוסות חד פעמי מעוטרו,LARIPLAST,IL,כוסות מעוטרות לפיד 5,Unknown,0.00,יחידה,false,,17.90,0.0000,true,1,318041
7290112481917,false,קערה ענקית שקוף בלו,a.plast,IL,קערה ענקית שקוף בלו,Unknown,0.00,יחידה,false,,19.90,0.0000,true,1,317116
7290112481924,false,קערה גדולה שקוף בלו,a.plast,IL,קערה גדולה שקוף בלו,Unknown,0.00,יחידה,false,,19.90,0.0000,true,1,317115
7290112481931,false,קערה בינונית שקוף בל,a.plast,IL,קערה בינונית שקוף בל,Unknown,0.00,יחידה,false,,19.90,0.0000,true,1,317117
7290112481948,false,מגש עגול 12 בלו שיין,פאלאס,CN,מגש עגול 12 בלו שיין,Unknown,0.00,יחידה,false,,19.90,0.0000,true,1,318969
7290112481955,false,מגש עגול 14 בלו שיין,פאלאס,CN,מגש עגול 14 בלו שיין,Unknown,0.00,יחידה,false,,19.90,0.0000,true,1,318970
7290112481962,false,מגש עגול 16 בלו שיין,פאלאס,CN,מגש עגול 16 בלו שיין,Unknown,0.00,יחידה,false,,19.90,0.0000,true,1,318971
7290112481979,false,גביע איכותי בלו שיין,פאלאס,CN,גביע איכותי בלו שיין,Unknown,0.00,יחידה,false,,19.90,0.0000,true,1,318686
7290112481986,false,גביע איכותי בלו שיין,פאלאס,CN,גביע איכותי בלו שיין,Unknown,0.00,יחידה,false,,19.90,0.0000,true,1,318685
7290112481993,false,גביע איכותי בלו שיין,פאלאס,CN,גביע איכותי בלו שיין,Unknown,0.00,יחידה,false,,19.90,0.0000,true,1,318684
7290112482075,false,שקיות אשפה עם שרוך 5,פאלאס,IL,שקיות אשפה עם שרוך 5,Unknown,0.00,יחידה,false,,19.90,0.0000,true,1,318037
7290112482082,false,שקיות אשפה עם שרוך 7,פאלאס,IL,שקיות אשפה עם שרוך 7,Unknown,0.00,יחידה,false,,19.90,0.0000,true,1,318038
7290112482228,false,שקיות אשפה 75/90 קרם,פאלאס,IL,שקיות אשפה 75/90 קרם,Unknown,0.00,יחידה,false,,19.90,0.0000,true,1,319598
7290112482266,false,צלחות ענק טופ סטאר 2,פאלאס,TR,צלחות ענק טופ סטאר 2,Unknown,0.00,יחידה,false,,9.90,0.0000,true,1,320430
7290112482303,false,מגבונים קשת 7*72 יח,פאלאס,IL,מגבונים קשת 7*72 יח,Unknown,0.00,יחידה,false,,15.90,0.0000,true,1,320741
7290112482365,false,צלחת ענק קיסר 10 יחי לבן,פאלאס,CN,צלחות ענקיות קיסר לב,Unknown,0.00,יחידה,false,,26.90,0.0000,true,1,334581
7290112482419,false,צלחת ענק קיסר שחור כסף,פאלאס,CN,צלחות ענקיות קיסר שח,Unknown,0.00,יחידה,false,,26.90,0.0000,true,1,334582
7290112482631,false,מגש תחרה בלו שיין 4,פאלאס,CN,מגש תחרה בלו שיין 4,Unknown,0.00,יחידה,false,,19.90,0.0000,true,1,323036
7290112482860,false,מפת אלבד מוטבעת בגליל פאלאס 15 מטר,פאלאס,CN,מפת אלבד מוטבע גליל,Unknown,0.00,יחידה,false,,39.90,0.0000,true,1,339185
7290112482938,false,צלחות קטנות פרח כסף,פאלאס,TR,צלחות קטנות פרח כסף,Unknown,0.00,יחידה,false,,14.90,0.0000,true,1,323186
7290112482945,false,צלחות גדולות פרח כסף,פאלאס,TR,צלחות גדולות פרח כסף,Unknown,0.00,יחידה,false,,17.90,0.0000,true,1,323191
7290112482952,false,צלחות מרק פרח כסף לפ,פאלאס,TR,צלחות מרק פרח כסף לפ,Unknown,0.00,יחידה,false,,14.90,0.0000,true,1,323192
7290112483027,false,צלחת גדול שחור פרח 20 יח,פאלאס,TR,צלחות גדולות פרח שחו,Unknown,0.00,יחידה,false,,17.90,0.0000,true,1,323188
7290112483058,false,צלחת קטנה קרם פרח 20 יחי,פאלאס,TR,צלחות קטנות פרח קרם,Unknown,0.00,יחידה,false,,14.90,0.0000,true,1,323189
7290112483065,false,צלחת גדול קרם פרח 20 יחי,פאלאס,TR,צלחות גדולות פרח קרם,Unknown,0.00,יחידה,false,,17.90,0.0000,true,1,323193
7290112483072,false,צלחות מרק פרח קרם לפ,פאלאס,TR,צלחות מרק פרח קרם לפ,Unknown,0.00,יחידה,false,,14.90,0.0000,true,1,323194
7290112483195,false,מיכל 3 ליטר 7 יח,NINGBO,CN,מיכל 3 ליטר 7 יח,Unknown,0.00,יחידה,false,,15.90,0.0000,true,1,322367
7290112483362,false,"תבניות ח""פ עגול קשת",פאלאס,CN,"תבניות ח""פ עגול קשת",Unknown,0.00,יחידה,false,,19.90,0.0000,true,1,323872
7290112483379,false,"תבניות ח""פ מלבן קשת",פאלאס,CN,"תבניות ח""פ מלבן קשת",Unknown,0.00,יחידה,false,,19.90,0.0000,true,1,323873
7290112483386,false,"תבניות ח""פ עמוקות קש",פאלאס,CN,"תבניות ח""פ עמוקות קש",Unknown,0.00,יחידה,false,,19.90,0.0000,true,1,323874
7290112483393,false,"תבניות ח""פ בינוניות",פאלאס,CN,"תבניות ח""פ בינוניות",Unknown,0.00,יחידה,false,,19.90,0.0000,true,1,323875
7290112483409,false,"תבניות ח""פ גדולות קש",פאלאס,CN,"תבניות ח""פ גדולות קש",Unknown,0.00,יחידה,false,,19.90,0.0000,true,1,323876
7290112483416,false,"תבניות ח""פ ענק קשת 1",פאלאס,CN,"תבניות ח""פ ענק קשת 1",Unknown,0.00,יחידה,false,,19.90,0.0000,true,1,323877
7290112483423,false,"תבניות ח""פ אינגליש א",פאלאס,CN,"תבניות ח""פ אינגליש א",Unknown,0.00,יחידה,false,,19.90,0.0000,true,1,323878
7290112483560,false,מפיות מודפסות תלת שכ,פאלאס,CN,מפיות מודפסות תלת שכ,Unknown,0.00,יחידה,false,,9.90,0.0000,true,1,324771
7290112483591,false,צלחות קטנות רנסנס לב,פאלאס,TR,צלחות קטנות רנסנס לב,Unknown,0.00,יחידה,false,,39.90,0.0000,true,1,325157
7290112483607,false,צלחות גדולות רנסנס ל,פאלאס,TR,צלחות גדולות רנסנס ל,Unknown,0.00,יחידה,false,,59.90,0.0000,true,1,325158
7290112483614,false,צלחות ענק רנסנס לבן,פאלאס,TR,צלחות ענק רנסנס לבן,Unknown,0.00,יחידה,false,,69.90,0.0000,true,1,325159
7290112483621,false,צלחות מרק רנסנס לבן,פאלאס,CN,צלחות מרק רנסנס לבן,Unknown,0.00,יחידה,false,,46.90,0.0000,true,1,325160
7290112483638,false,לפתניות רנסנס לבן מו,פאלאס,TR,לפתניות רנסנס לבן מו,Unknown,0.00,יחידה,false,,32.90,0.0000,true,1,325161
7290112483713,false,צלחות קטנות קיסר 30,פאלאס,CN,צלחות קטנות קיסר 30,Unknown,0.00,יחידה,false,,39.90,0.0000,true,1,325117
7290112483720,false,צלחות גדולות קיסר 30,פאלאס,CN,צלחות גדולות קיסר 30,Unknown,0.00,יחידה,false,,44.90,0.0000,true,1,325118
7290112483737,false,צלחות ענק קיסר 30 יח,פאלאס,CN,צלחות ענק קיסר 30 יח,Unknown,0.00,יחידה,false,,49.90,0.0000,true,1,325119
7290112483744,false,צלחות מרק קיסר 30 יח,פאלאס,CN,צלחות מרק קיסר 30 יח,Unknown,0.00,יחידה,false,,39.90,0.0000,true,1,325120
7290112483751,false,לפתניות קיסר בלו שיי,פאלאס,TR,לפתניות קיסר בלו שיי,Unknown,0.00,יחידה,false,,24.90,0.0000,true,1,325113
7290112483768,false,קעריות אובלי קיסר 30,פאלאס,CN,קעריות אובלי קיסר 30,Unknown,0.00,יחידה,false,,29.90,0.0000,true,1,325127
7290112483775,false,צלחות אובליות קיסר 3,פאלאס,CN,צלחות אובליות קיסר 3,Unknown,0.00,יחידה,false,,39.90,0.0000,true,1,325115
7290112484208,false,לפתניות רוז פנינה בל,פאלאס,CN,לפתניות רוז פנינה בל,Unknown,0.00,יחידה,false,,24.90,0.0000,true,1,330937
7290112484345,false,קעריות אובלי שקוף לפ,פאלאס,TR,קעריות אובלי שקוף לפ,Unknown,0.00,יחידה,false,,5.90,0.0000,true,1,329100
7290112484352,false,צלחות ענק נעימות 50,פאלאס,TR,צלחות ענק נעימות 50,Unknown,0.00,יחידה,false,,39.90,0.0000,true,1,327028
7290112484369,false,צלחות לפתן נעימות 10,פאלאס,TR,צלחות לפתן נעימות 10,Unknown,0.00,יחידה,false,,15.90,0.0000,true,1,327030
7290112484376,false,קעריות אובלי נעימות,פאלאס,TR,קעריות אובלי נעימות,Unknown,0.00,יחידה,false,,18.90,0.0000,true,1,327029
7290112484406,false,"כוסות ח""פ קשת 200 מ""",פאלאס,GR,"כוסות ח""פ קשת 200 מ""",Unknown,0.00,יחידה,false,,34.90,0.0000,true,1,326655
7290112484420,false,כוסות נייר 168 יח 26,פאלאס,CN,כוסות נייר 168 יח 26,Unknown,0.00,יחידה,false,,29.90,0.0000,true,1,329197
7290112484444,false,כוסות נייר 116 יח 35,פאלאס,CN,כוסות נייר 116 יח 35,Unknown,0.00,יחידה,false,,29.90,0.0000,true,1,328764
7290112484758,false,צלחות גדולות רוז שחו,פאלאס,CN,צלחות גדולות רוז שחו,Unknown,0.00,יחידה,false,,49.90,0.0000,true,1,330942
7290112484796,false,קעריות אובליות רוז ש,פאלאס,CN,קעריות אובליות רוז ש,Unknown,0.00,יחידה,false,,32.90,0.0000,true,1,330936
7290112484819,false,צלחות קטנות נעימות ש,פאלאס,TR,צלחות קטנות נעימות ש,Unknown,0.00,יחידה,false,,24.90,0.0000,true,1,329113
7290112484826,false,צלחות גדולות נעימות,ב פ תעשיות,IL,צלחות גדולות נעימות,Unknown,0.00,יחידה,false,,39.90,0.0000,true,1,327871
7290112484833,false,צלחות ענק נעימות שקו,פאלאס,CN,צלחות ענק נעימות שקו,Unknown,0.00,יחידה,false,,59.90,0.0000,true,1,329122
7290112484840,false,צלחות מרק נעימות שקו,ב פ תעשיות,IL,צלחות מרק נעימות שקו,Unknown,0.00,יחידה,false,,29.90,0.0000,true,1,329114
7290112484857,false,צלחות לפתן נעימות שק,פאלאס,TR,צלחות לפתן נעימות שק,Unknown,0.00,יחידה,false,,15.90,0.0000,true,1,329115
7290112484901,false,תבניות מאפינס קשת 72,פאלאס,CN,תבניות מאפינס קשת 72,Unknown,0.00,יחידה,false,,9.90,0.0000,true,1,333557
7290112484925,false,מפת ניילון סופר עבה,פאלאס,IL,מפת ניילון סופר עבה,Unknown,0.00,יחידה,false,,39.90,0.0000,true,1,330098
7290112484987,false,כפיות איכותיים רנסנס,פאלאס,TR,כפיות איכותיים רנסנס,Unknown,0.00,יחידה,false,,19.90,0.0000,true,1,330760
7290112484994,false,מזלגות איכותיים רנסנ,פאלאס,TR,מזלגות איכותיים רנסנ,Unknown,0.00,יחידה,false,,19.90,0.0000,true,1,330759
7290112485007,false,סכינים איכותיים רנסנ,פאלאס,TR,סכינים איכותיים רנסנ,Unknown,0.00,יחידה,false,,19.90,0.0000,true,1,330761
7290112485014,false,צלחות קטנות סטפס לבן,פאלאס,CN,צלחות קטנות סטפס לבן,Unknown,0.00,יחידה,false,,11.90,0.0000,true,1,336382
7290112485045,false,צלחות מרק סטפס לבן ל,פאלאס,CN,צלחות מרק סטפס לבן ל,Unknown,0.00,יחידה,false,,19.90,0.0000,true,1,336380
7290112485052,false,צלחות קטנות סטפס שחו,פאלאס,CN,צלחות קטנות סטפס שחו,Unknown,0.00,יחידה,false,,11.90,0.0000,true,1,336384
7290112485069,false,צלחות חד פעמי גדולות,פאלאס,CN,צלחות גדולות סטפס שח,Unknown,0.00,יחידה,false,,17.90,0.0000,true,1,336385
7290112485076,false,צלחות חד פעמי ענקיות,פאלאס,CN,צלחות ענק סטפס שחור,Unknown,0.00,יחידה,false,,19.90,0.0000,true,1,336379
7290112485083,false,צלחות מרק סטפס שחור,פאלאס,CN,צלחות מרק סטפס שחור,Unknown,0.00,יחידה,false,,19.90,0.0000,true,1,336381
7290112485151,false,קעריות שיפוע שקופות,פאלאס,CN,קעריות שיפוע שקופות,Unknown,0.00,יחידה,false,,12.90,0.0000,true,1,336311
7290112485168,false,קערה בינונית שיפוע ש,פאלאס,CN,קערה בינונית שיפוע ש,Unknown,0.00,יחידה,false,,5.90,0.0000,true,1,336312
7290112485236,false,סט סכום מהודר זהב עם,HANTRONIX,CN,סט סכום מהודר זהב עם,Unknown,0.00,יחידה,false,,34.90,0.0000,true,1,333504
7290112485243,false,סט סכום מהודר זהב עם,HANTRONIX,CN,סט סכום מהודר זהב עם,Unknown,0.00,יחידה,false,,34.90,0.0000,true,1,333505
7290112485250,false,סט סכום מהודר כסף נצ,פאלאס,CN,סט סכום מהודר כסף נצ,Unknown,0.00,יחידה,false,,29.90,0.0000,true,1,336516
7290112485267,false,סט סכום מהודר זהב נצ,פאלאס,CN,סט סכום מהודר זהב נצ,Unknown,0.00,יחידה,false,,29.90,0.0000,true,1,336517
7290112485342,false,צלחות קטנות אמריקאיו,ב פ תעשיות,IL,צלחות קטנות אמריקאיו,Unknown,0.00,יחידה,false,,26.90,0.0000,true,1,333638
7290112485359,false,צלחות גדולות אמריקאי,ב פ תעשיות,IL,צלחות גדולות אמריקאי,Unknown,0.00,יחידה,false,,34.90,0.0000,true,1,333637
7290112485366,false,צלחות ענק אמריקאי לב,פאלאס,TR,צלחות ענק אמריקאי לב,Unknown,0.00,יחידה,false,,49.90,0.0000,true,1,333636
7290112485373,false,מרקיות אמריקאיות בלו,ב פ תעשיות,IL,מרקיות אמריקאיות בלו,Unknown,0.00,יחידה,false,,26.90,0.0000,true,1,333639
7290112485397,false,קעריות אובליות אמריק,ב פ תעשיות,IL,קעריות אובליות אמריק,Unknown,0.00,יחידה,false,,18.90,0.0000,true,1,333641
7290112485434,false,"תבניות ח""פ מרובע קטן",,,"תבניות ח""פ מרובע קטן",Unknown,0.00,יחידה,false,,11.90,0.0000,true,1,334950
7290112485441,false,"תבניות ח""פ לב+מכסה ש",,,"תבניות ח""פ לב+מכסה ש",Unknown,0.00,יחידה,false,,11.90,0.0000,true,1,334951
7290112485458,false,"תבניות ח""פ עגול קטן+",,,"תבניות ח""פ עגול קטן+",Unknown,0.00,יחידה,false,,11.90,0.0000,true,1,334955
7290112485472,false,"תבניות ח""פ מלבן גדול",,,"תבניות ח""פ מלבן גדול",Unknown,0.00,יחידה,false,,11.90,0.0000,true,1,334949
7290112485489,false,"תבניות ח""פ עגול גבוה",,,"תבניות ח""פ עגול גבוה",Unknown,0.00,יחידה,false,,11.90,0.0000,true,1,334953
7290112485502,false,סט סכום מהודר כסוף ב,פאלאס,CN,סט סכום מהודר כסוף ב,Unknown,0.00,יחידה,false,,49.90,0.0000,true,1,336514
7290112485519,false,מגש מלבן קיסר לפיד 4,פאלאס,CN,מגש מלבן קיסר לפיד 4,Unknown,0.00,יחידה,false,,11.90,0.0000,true,1,336317
7290112485533,false,מגש חד פעמי עגול קיס,פאלאס,CN,מגש עגול קיסר לפיד,Unknown,0.00,יחידה,false,,12.90,0.0000,true,1,336314
7290112485540,false,מגש חד פעמי מרובע קי,פאלאס,CN,מגש מרובע גדול קיסר,Unknown,0.00,יחידה,false,,11.90,0.0000,true,1,336315
7290112485557,false,מגש עגול גדול קיסר ל,פאלאס,CN,מגש עגול גדול קיסר ל,Unknown,0.00,יחידה,false,,14.90,0.0000,true,1,336316
7290112485571,false,כוסות חד פעמי קיסר ל,פאלאס,CN,כוסות קיסר לפיד 10 י,Unknown,0.00,יחידה,false,,10.90,0.0000,true,1,336320
7290112485588,false,מארז צלחות גדולות +,פאלאס,CN,מארז צלחות גדולות +,Unknown,0.00,יחידה,false,,49.90,0.0000,true,1,336386
7290112485595,false,מארז מרקיות + לפתניו,פאלאס,CN,מארז מרקיות + לפתניו,Unknown,0.00,יחידה,false,,39.90,0.0000,true,1,336387
7290112485601,false,כוס קריסטל פסים לפיד,פאלאס,CN,כוס קריסטל פסים לפיד,Unknown,0.00,יחידה,false,,24.90,0.0000,true,1,336388
7290112485618,false,כוס קריסטל פסים לפיד,פאלאס,CN,כוס קריסטל פסים לפיד,Unknown,0.00,יחידה,false,,24.90,0.0000,true,1,336389
7290112485625,false,כוסות קרטון 8b 50 יח,פאלאס,TR,כוסות נייר 50 יח 210,Unknown,0.00,יחידה,false,,7.90,0.0000,true,1,333644
7290112485892,false,מפיות חד שכבתי קשת 1,פאלאס,TR,מפיות חד שכבתי קשת 1,Unknown,0.00,יחידה,false,,5.90,0.0000,true,1,338095
7290112486011,false,צלחות לפתן פאלאס 150,פאלאס,IL,צלחות לפתן פאלאס 150,Unknown,0.00,יחידה,false,,19.90,0.0000,true,1,336729
7290112486028,false,צלחות קטנות פאלאס 12,פאלאס,IL,צלחות קטנות פאלאס 12,Unknown,0.00,יחידה,false,,19.90,0.0000,true,1,337960
7290112486035,false,צלחות גדולות פאלאס 8,פאלאס,IL,צלחות גדולות פאלאס 8,Unknown,0.00,יחידה,false,,19.90,0.0000,true,1,337018
7290112486042,false,צלחות מרק 70 יח' פאל,פאלאס,IL,צלחות מרק 70 יח' פאל,Unknown,0.00,יחידה,false,,19.90,0.0000,true,1,336951
7290112486059,false,צלחות ענק פאלאס 70 י,פאלאס,IL,צלחות ענק פאלאס 70 י,Unknown,0.00,יחידה,false,,19.90,0.0000,true,1,336952
7290112486066,false,קערות אובלית פאלאס 8,פאלאס,IL,קערות אובלית פאלאס 8,Unknown,0.00,יחידה,false,,19.90,0.0000,true,1,339018
7290112486516,false,מגש אובלי אלגנט 20 יחי,פאלאס,IL,מגש אובלי צבעוני פאל,Unknown,0.00,יחידה,false,,21.90,0.0000,true,1,339831
7290112491558,false,מאגדת שישייה שוקולד מריר פרווה,אתר צפת טבלאות ותעשי,IL,שוקולד ורד הגליל מרי,גרמים,600.00,100 גרם,false,,14.90,2.4833,true,1,319625
7290112492531,false,"מרכך לשיער רגיל ""פינוק"" 700 מ""ל",יוניליוור פארם,IL,מרכך פינוק לשיער רגי,מיליליטרים,700.00,"100 מ""ל",false,,7.90,1.1286,true,1,325750
7290112494221,false,קליק - ביסקויט תפזורת 65 גרם,יוניליוור ישראל מזון בע\,IL,קליק ביסקוויט 65 גרם,גרמים,65.00,100 גרם,false,,3.90,6.0000,true,1,323089
7290112494238,false,קליק - כדורים חלב תפזורת 65 גרם,יוניליוור ישראל מזון בע\,IL,קליק שוקולד חלב 65 ג,גרמים,65.00,100 גרם,false,,3.90,6.0000,true,1,323091
7290112494276,false,קליק כריות בתפזורת כשר לפסח,יוניליוור ישראל מזון בע\,IL,קליק כריות 65 גרם,גרמים,65.00,100 גרם,false,,3.90,6.0000,true,1,323299
7290112494283,false,קליק - מעורב חום לבן תפזורת 65 גרם,יוניליוור ישראל מזון בע\,IL,קליק חום לבן מעורב 6,גרמים,65.00,100 גרם,false,,3.90,6.0000,true,1,323092
7290112494313,false,קליק - קורנפלקס תפזורת 65 גרם,יוניליוור ישראל מזון בע\,IL,קליק קורנפלקס 65 גרם,גרמים,65.00,100 גרם,false,,3.90,6.0000,true,1,323093
7290112494351,false,"קורנפלקס אלופים תלמה 850 ג בד""ץ","יוניליוור שפע ישראל בע""\",IL,קורנפלקס של אלופים 8,גרמים,850.00,100 גרם,false,,15.90,1.8706,true,1,324855
7290112495006,false,כריות נוגט 686 גרם - קופסא,"יוניליוור ישראל מזון בע""",IL,"כריות נוגט בד""צ 686",גרמים,686.00,100 גרם,false,,21.90,3.1924,true,1,323102
7290112497499,false,קליק טבלת שוקולד לבן עוגיות 85 גרם,אתר צפת טבלאות ותעשי,IL,שוקולד קליק לבן עוגי,גרמים,85.00,100 גרם,false,,4.90,5.7647,true,1,332138
7290112499097,false,מאגדת מיני מגנום מריר Intense Dark! 240 גרם,"מיוצר ע""\י גלידת שטראוס",IL,שלגוני מיני מגנום מר,גרמים,330.00,100 גרם,false,,21.90,6.6364,true,1,335741
7290112499189,false,"גלידת קרמיסימו חד קרן וניל תות, 1.33 ליטר","גלידת שטראוס בע""\מ, רחוב",IL,גלידה קרמיסימו חד קר,קילוגרמים,1.33,ליטר,false,,17.50,13.1579,true,1,337569
7290112499196,false,גלידה בטעם החלב של הקורנפלקס 1.33 ל' קרמיסימו,"גלידת שטראוס בע""\מ, רחוב",IL,גלידה קרמיסימו בטעם,קילוגרמים,1.33,ליטר,false,,17.50,13.1579,true,1,337568
7290112870230,false,קרנבל זיתים ב.דרום 8,בני דרום,IL,קרנבל זיתים ב.דרום 8,גרמים,820.00,100 גרם,false,,11.90,1.4512,true,1,318369
7290112870247,false,ממרח פסטו בזיליקום 190 ג' צנצנת,בני דרום,IL,ממרח פסטו בזיליקום ב,גרמים,190.00,100 גרם,false,,7.90,4.1579,true,1,317587
7290112870254,false,ממרח עגבניות מיובשות יבנה 190 ג',בני דרום,IL,ממרח עגבניות מיובשות,גרמים,190.00,100 גרם,false,,7.90,4.1579,true,1,317588
7290112870261,false,ממרח ארטישוק יבנה צנצנת 190 ג',בני דרום,IL,ממרח ארטישוק בני דרו,גרמים,190.00,100 גרם,false,,7.90,4.1579,true,1,317589
7290112870278,false,ממרח טפנד זיתים מרינד יבנה 190 ג' צנצנת,בני דרום,IL,ממרח טפנד זיתים מרינ,גרמים,190.00,100 גרם,false,,7.90,4.1579,true,1,317584
7290112870285,false,ממרח טפנד זיתים יבנה 190 ג' צנצנת,בני דרום,IL,ממרח טפנד זיתים בני,גרמים,190.00,100 גרם,false,,7.90,4.1579,true,1,317590
7290112870292,false,ממרח צימיצורי יבנה 190 ג' צנצנת,בני דרום,IL,ממרח צימיצורי בני דר,גרמים,190.00,100 גרם,false,,7.90,4.1579,true,1,317586
7290112870308,false,ממרח פלפל אדום יבנה 190 ג' צנצנת,בני דרום,IL,ממרח פלפל אדום בני ד,גרמים,190.00,100 גרם,false,,7.90,4.1579,true,1,317585
7290112870315,false,זית טבעות ירוק בני ד,בני דרום,IL,זית טבעות ירוק בני ד,פריט,3.00,"ק""ג",false,,27.90,9.3000,true,1,320362
7290112870414,false,ממרח סחוג אדום צנצנת 190ג',בני דרום,IL,ממרח סחוג אדום בני ד,גרמים,190.00,100 גרם,false,,7.90,4.1579,true,1,320562
7290112961372,false,פיטנס חטיפי פריכיות דקות קינמון 60 גרם,"פרח תעשיות מזון בע""\מ",IL,חטיפי פריכיות קינמון,גרמים,60.00,100 גרם,false,,6.90,11.5000,true,1,319059
7290112961464,false,פיטנס חטיפי פריכיות דגנים וחומוס מתובלות,"פרח תעשיות מזון בע""\מ",IL,חטיפי פריכיות מתובלו,גרמים,60.00,100 גרם,false,,6.90,11.5000,true,1,319060
7290112962546,false,ארטיק לה פרוטה מלון תפוח מאגדת 443 גר',שוורצקוף& הנקל דיסלד,IL,שלגוני לה פרוטה מלון,גרמים,350.00,100 גרם,false,,15.90,4.5429,true,1,319729
7290112963321,false,גריסיני בייגלה שטוח ללא גלוטן אסם 300גרם,מיוצר עי קונדיטוריית,IL,בייגלה שטוח גרפיטי ל,גרמים,300.00,100 גרם,false,,11.90,3.9667,true,1,326189
7290112963529,false,מאגדת טילון אקסטרים שוקו וניל פרווה נסטלה,גלידות נסטלה )נגה גלידות,IL,טילוני אקסטרים שוקו,גרמים,432.00,100 גרם,false,,22.50,5.2083,true,1,320872
7290112963918,false,פיטנס חטיפי קרקר דק רוזמרין 140 גרם,נסטלה Nestle,IL,קרקר דק רוזמרין פיטנ,גרמים,140.00,100 גרם,false,,10.90,7.7857,true,1,322029
7290112964472,false,אסם רוטב שום חדש לסלט 290 גרם,"אסם תעשיות בע""מ",IL,רוטב שום אסם 290 גרם,גרמים,290.00,100 גרם,false,,8.90,3.0690,true,1,321929
7290112964564,false,"רוטב אלף האיים לייט לסלט אסם 295 מ""ל","אסם תעשיות בע""מ",IL,רוטב אלף האיים לייט,מיליליטרים,290.00,"100 מ""ל",false,,9.90,3.4138,true,1,339904
7290112964625,false,אסם רוטב שום לייט חדש לסלט 310 גרם,"אסם תעשיות בע""מ",IL,רוטב שום לייט אסם 31,גרמים,310.00,100 גרם,false,,8.90,2.8710,true,1,321931
7290112964724,false,המבורגר צמחוני עם המון חלבון 580 גר,מיוצר עי קונדיטוריית,IL,המבורגר צמחוני טבעול,גרמים,580.00,100 גרם,false,,22.90,3.9483,true,1,321994
7290112965165,false,מרק נמס פטריות אסם בדצ 48 גרם מארז זוגי,"אסם תעשיות בע""מ",IL,מרק נמס פטריות אסם 2,גרמים,48.00,100 גרם,false,,5.50,11.4583,true,1,323860
7290112965240,false,מרק נמס בטעם עגבניות זוג * 44 ג' אסם,"אסם תעשיות בע""מ",IL,מרק נמס עגבניות אסם,גרמים,60.00,100 גרם,false,,5.50,9.1667,true,1,323861
7290112965288,false,מרק נמס ירקות אסם בדצ 56 גרם מארז זוגי,"אסם תעשיות בע""מ",IL,מרק נמס ירקות אסם 2*,גרמים,56.00,100 גרם,false,,5.50,9.8214,true,1,328452
7290112965301,false,זוג מרק נמס בטעם עוף עם שקדי מרק רגע חם,"אסם תעשיות בע""מ",IL,מרק נמס עוף אסם 2*26,גרמים,52.00,100 גרם,false,,5.50,10.5769,true,1,323862
7290112965660,false,פיטנס - חטיף מולטיגריין מלח פלפל 25 גרם,מיוצר עי קונדיטוריית,IL,חטיף פיטנס מלח פלפל,גרמים,25.00,100 גרם,false,,4.90,19.6000,true,1,328820
7290112965684,false,פיטנס - חטיף מולטיגריין עשבי תיבול 25 גרם,מיוצר עי קונדיטוריית,IL,חטיף פיטנס עשבי תיבו,גרמים,25.00,100 גרם,false,,4.90,19.6000,true,1,328821
7290112965707,false,פיטנס - חטיף מולטיגריין צילי מעודן 25 גרם,"אסם השקעות בע""\מ",IL,חטיף פיטנס צ'ילי מעו,גרמים,25.00,100 גרם,false,,4.90,19.6000,true,1,328822
7290112965745,false,אוסם - ביסלי פריסטייל בצל מעושן 60 גרם,"אסם השקעות בע""\מ",IL,ביסלי פריסטייל בצל מ,גרמים,60.00,100 גרם,false,,3.90,6.5000,true,1,332490
7290112965783,false,אוסם - ביסלי פריסטייל על האש 60 גרם,"אסם השקעות בע""\מ",IL,ביסלי פריסטייל על הא,גרמים,60.00,100 גרם,false,,3.90,6.5000,true,1,332442
7290112965806,false,אוסם - ביסלי פריסטייל חמוץ חריף 60 גרם,"אסם תעשיות בע""מ",IL,ביסלי פריסטייל חמוץ,גרמים,60.00,100 גרם,false,,3.90,6.5000,true,1,332443
7290112966247,false,לחמית כוסמין אסם 200 גרם,"אסם תעשיות בע""מ",IL,לחמית כוסמין 200 גרם,גרמים,200.00,100 גרם,false,,7.90,3.9500,true,1,328363
7290112966803,false,אסם פודינג אינסטנט שוקולד 95 גרם,"אסם השקעות בע""\מ",IL,פודינג אינסטנט שוקול,גרמים,88.00,100 גרם,false,,4.90,5.5682,true,1,325873
7290112967114,false,פיטנס חטיפי פריכיות קטניות ופלפל 60 גרם,"פרח תעשיות מזון בע""\מ",IL,חטיפי פריכיות קטניות,גרמים,60.00,100 גרם,false,,6.90,11.5000,true,1,326184
7290112967138,false,בייגלה שמיניות ללא גלוטן אסם 250 גרם,מיוצר עי קונדיטוריית,IL,בייגלה ל.גלוטן אסם 2,גרמים,250.00,100 גרם,false,,8.90,3.5600,true,1,323864
7290112967152,false,מארז במבה מתוקה 15*,אסם,IL,מארז במבה מתוקה 15*,גרמים,225.00,100 גרם,false,,17.90,7.9556,true,1,323988
7290112967329,false,מארז ביסלי ברביקיו 1,אסם,IL,מארז ביסלי ברביקיו 1,גרמים,300.00,100 גרם,false,,17.90,5.9667,true,1,326727
7290112967343,false,מארז ביסלי גריל 15*,אסם,IL,מארז ביסלי גריל 15*,גרמים,300.00,100 גרם,false,,17.90,5.9667,true,1,324268
7290112967381,false,פיטנס חטיפי פריכיות קטניות ומלח ים 60 גרם,"פרח תעשיות מזון בע""\מ",IL,חטיפי פריכיות קטניות,גרמים,60.00,100 גרם,false,,6.90,11.5000,true,1,326185
7290112967572,false,"אסם רוטב ברביקיו 290 מ""ל אסם",Unknown,IL,רוטב ברביקיו אסם 290,גרמים,290.00,100 גרם,false,,7.90,2.7241,true,1,323865
7290112967848,false,ג'לי תות שדה מופחת סוכר אסם 90 גרם,מיוצר עי קונדיטוריית,IL,גלי בטעם תות מופחת ס,גרמים,85.00,100 גרם,false,,5.90,6.9412,true,1,331524
7290112968340,false,צבר חומוס גרוס גס גס 400 גרם,שוורצקוף& הנקל דיסלד,IL,חומוס גרוס גס גס צבר,גרמים,400.00,100 גרם,false,,13.90,3.4750,true,1,324412
7290112968708,false,"שניצל תירס עדה חרדית טבעול 1.3 ק""ג","טבעול תעשיות מזון בע""\מ",IL,שניצל תירס טבעול 1.3,פריט,1.30,"ק""ג",false,,39.90,30.6923,true,1,325512
7290112968722,false,טבעול נקניקיות מן הצומח עדה חרדית 1.2קג,"טבעול תעשיות מזון בע""\מ",IL,נקניקיות מן הצומח טב,פריט,1.20,"ק""ג",false,,39.90,33.2500,true,1,325513
7290112968807,false,פיטנס - קרקר דק סלק 140 גרם,מפעל אסם יקנעם,IL,קרקר דק סלק פיטנס 14,גרמים,140.00,100 גרם,false,,10.90,7.7857,true,1,329266
7290112968821,false,פיטנס - קרקר דק בטטה 140 גרם,מפעל אסם יקנעם,IL,קרקר דק בטטה פיטנס 1,גרמים,140.00,100 גרם,false,,10.90,7.7857,true,1,329267
7290113190269,false,אגוז מלך קלוף הבסטה,דין שיווק,IL,אגוז מלך קלוף הבסטה,גרמים,280.00,100 גרם,false,,21.90,7.8214,true,1,318298
7290113190276,false,פקאן סיני מסוכר הבסט,דין שיווק,IL,פקאן סיני מסוכר הבסט,גרמים,200.00,100 גרם,false,,23.90,11.9500,true,1,318297
7290113190306,false,חמוציות מסוכרות הבסט,דין שיווק,IL,חמוציות מסוכרות הבסט,גרמים,400.00,100 גרם,false,,14.90,3.7250,true,1,318294
7290113190313,false,משמש מיובש הבסטה 500,דין שיווק,IL,משמש מיובש הבסטה 500,גרמים,500.00,100 גרם,false,,22.90,4.5800,true,1,318293
7290113190375,false,סילאן טבעי שקדיה 900 גרם,ג.מ. טעם הארץ,TR,סילאן טבעי שקדיה 900,גרמים,900.00,100 גרם,false,,17.90,1.9889,true,1,319821
7290113190382,false,פקאן טבעי הבסטה 200,דין שיווק,IL,פקאן טבעי הבסטה 200,גרמים,200.00,100 גרם,false,,23.90,11.9500,true,1,318431
7290113190863,false,סילאן טבעי לחיץ שקדיה 385 גרם,שקדיה,IL,סילאן טבעי לחיץ שקדי,גרמים,385.00,100 גרם,false,,11.90,3.0909,true,1,327624
7290113191006,false,פפריקה מתוקה יוחאי ביטון 250 גרם,נווה התבלין,IL,פפריקה מתוקה יוחאי ב,גרמים,250.00,100 גרם,false,,19.90,7.9600,true,1,320855
7290113191020,false,פלפל שחור טחון יוחאי ביטון 250 גרם,נווה התבלין,IL,פלפל שחור טחון יוחאי,גרמים,250.00,100 גרם,false,,19.90,7.9600,true,1,320857
7290113191037,false,פלפל שחור גרוס יוחאי ביטון 250 גרם,נווה התבלין,IL,פלפל שחור גרוס יוחאי,גרמים,250.00,100 גרם,false,,19.90,7.9600,true,1,320858
7290113191044,false,כמון יוחאי ביטון 250 גרם,נווה התבלין,IL,כמון יוחאי ביטון 250,גרמים,250.00,100 גרם,false,,19.90,7.9600,true,1,320859
7290113191051,false,כורכום יוחאי ביטון 250 גרם,נווה התבלין,IL,כורכום יוחאי ביטון 2,גרמים,250.00,100 גרם,false,,19.90,7.9600,true,1,320860
7290113192072,false,חטיפי בוטנים מצופים בטעם צ'ילי שקדיה 120 גרם,דין שיווק,IL,חטיפי בוטנים מצופים,גרמים,120.00,100 גרם,false,,9.90,8.2500,true,1,331499
7290113192089,false,בוטנים מצופים בטעם תירס ששון הקולה 100 גרם,"יונאן פוד קו, לטד",IL,חטיפי בוטנים מצופים,גרמים,100.00,100 גרם,false,,9.90,9.9000,true,1,331500
7290113192096,false,בוטנים מצופים בטעם וואסבי ששון הקולה 120 גרם,"יונאן פוד קו, לטד",IL,חטיפי בוטנים מצופים,גרמים,120.00,100 גרם,false,,9.90,8.2500,true,1,331501
7290113192102,false,"דפי אורז עגול קטן 16 ס""מ שקדיה 250 גרם",תראן ראנח,VN,דפי אורז עגוליםבאצ',גרמים,250.00,100 גרם,false,,2.90,1.1600,true,1,325286
7290113192300,false,זיתים מושחרים חרוזית 275 גרם בית השיטה,בית השיטה,IL,זית חרוזית מושחר בית,גרמים,560.00,100 גרם,false,,8.90,1.5893,true,1,323895
7290113192348,false,בית השיטה זיתים ירוקים גדול מאודבטעם שום,בית-השיטה עסיס תעשיות מז,IL,זית שום בית השיטה 56,גרמים,560.00,100 גרם,false,,9.50,1.6964,true,1,323899
7290113192355,false,חרוזית זיתים ירוקים ללא גלעין 275 ג' בית השיטה,בית-השיטה עסיס תעשיות מז,IL,זית חרוזית בית השיטה,גרמים,560.00,100 גרם,false,,6.90,1.2321,true,1,323900
7290113192362,false,זיתים ירוקים טבעות A2 בית השיטה 280 גרם,בית-השיטה עסיס תעשיות מז,IL,זית טבעות בית השיטה,גרמים,560.00,100 גרם,false,,7.90,1.4107,true,1,323901
7290113192393,false,בית השיטה קוקטייל זיתים א2 336 גרם,בית-השיטה עסיס תעשיות מז,IL,זית קוקטייל בית השיט,גרמים,560.00,100 גרם,false,,8.90,1.5893,true,1,323903
7290113192478,false,מלפפונים במלח 10-12 בית השיטה 320 גרם,בית-השיטה עסיס תעשיות מז,IL,מלפפון במלח 10-12 בי,גרמים,560.00,100 גרם,false,,5.90,1.0536,true,1,323904
7290113192485,false,מלפפונים בחומץ 10-12 בית השיטה 290 גרם,בית-השיטה עסיס תעשיות מז,IL,מלפפון בחומץ 10-12 ב,גרמים,560.00,100 גרם,false,,5.90,1.0536,true,1,323905
7290113192492,false,מלפפונים בחומץ 13-17 בית השיטה 290 גרם,בית-השיטה עסיס תעשיות מז,IL,מלפפון בחומץ 13-17 ב,גרמים,560.00,100 גרם,false,,6.90,1.2321,true,1,323906
7290113192508,false,ב.השיטה מלפפון במלח ר.טבע א2 17-13 320 גרם,בית-השיטה עסיס תעשיות מז,IL,מלפפון במלח 13-17 בי,גרמים,560.00,100 גרם,false,,6.90,1.2321,true,1,323907
7290113192515,false,מלפפונים במלח 18-25 בית השיטה 320 גרם,בית-השיטה עסיס תעשיות מז,IL,מלפפון במלח 18-25 בי,גרמים,560.00,100 גרם,false,,7.90,1.4107,true,1,323908
7290113192522,false,מלפפונים בחומץ 18-25 בית השיטה 290 גרם,בית-השיטה עסיס תעשיות מז,IL,מלפפון בחומץ 18-25 ב,גרמים,560.00,100 גרם,false,,7.90,1.4107,true,1,323909
7290113192539,false,מלפפונים במלח 7-9 בית השיטה 320 גרם,בית-השיטה עסיס תעשיות מז,IL,מלפפון במלח 7-9 בית,גרמים,560.00,100 גרם,false,,3.90,0.6964,true,1,323910
7290113192546,false,"מלפפונים בחומץ רכיבים טבעיים 7-9 ""בית השיטה""",בית-השיטה עסיס תעשיות מז,IL,מלפפון בחומץ 7-9 בית,גרמים,560.00,100 גרם,false,,3.90,0.6964,true,1,323911
7290113192560,false,פלפל שיפקה A2 בית השיטה 230 גרם,בית-השיטה עסיס תעשיות מז,IL,פלפל שיפקה בית השיטה,גרמים,560.00,100 גרם,false,,4.90,0.8750,true,1,323912
7290113192577,false,בית השיטה כרוב כבוש א2 12*430גרם חדש,"בית-השיטה תעשיות בע""\מ",IL,כרוב כבוש בית השיטה,גרמים,560.00,100 גרם,false,,4.90,0.8750,true,1,326307
7290113193321,false,"שמן זית כתית מעולה בית השיטה 750 מ""ל",אצטס אבסה אס. איי. יו.,IL,שמן זית כתית מעולה ב,מיליליטרים,750.00,"100 מ""ל",false,,27.90,3.7200,true,1,328721
7290113193406,false,"קוקטייל טבעות זיתים - זיתים ירוקים, שחורים מרינד","בית השיטה תעשיות בע""\מ",IL,זית טבעות קוקטייל בי,גרמים,560.00,100 גרם,false,,9.90,1.7679,true,1,326309
7290113194632,false,ממרח שקדים שקדיה 500 גרם,ג'\י אנד ג'\י פקאנס בעמ,IL,ממרח שקדים שקדיה 500,גרמים,500.00,100 גרם,false,,49.90,9.9800,true,1,328068
7290113195967,false,קוואקר שיבולת שועל פחית שקדיה 500 גרם,דין שיווק,IL,שיבולת שועל שקדיה פח,גרמים,500.00,100 גרם,false,,9.90,1.9800,true,1,333108
7290113196339,false,מלפפונים שלמים כבושים680,,IL,מלפפונים קורנישונים,גרמים,680.00,100 גרם,false,,9.90,1.4559,true,1,333107
7290113196490,false,פריכיות כוסמת בתוספת זרעי ציה שקדיה 150 גרם,זנבר המכללה לטבעונות,IL,פריכיות כוסמת זרעי צ,גרמים,150.00,100 גרם,false,,11.90,7.9333,true,1,333110
7290113196506,false,פריכיות כוסמת ללא מלח שקדיה 150 גרם,זנבר המכללה לטבעונות,IL,פריכיות כוסמת ללא מל,גרמים,150.00,100 גרם,false,,11.90,7.9333,true,1,333111
7290113196513,false,פריכיות כוסמת בתוספת שקדים שקדיה 150 ג',זנבר המכללה לטבעונות,IL,פריכיות כוסמת שקדים,גרמים,150.00,100 גרם,false,,11.90,7.9333,true,1,333112
7290113196520,false,פריכיות כוסמין ללא מלח שקדיה 150 גרם,זנבר המכללה לטבעונות,IL,פריכיות כוסמין ללא מ,גרמים,150.00,100 גרם,false,,11.90,7.9333,true,1,333113
7290113196896,false,"תרסיס שמן זית שקדיה 170 מ""ל",שקדיה,IL,תרסיס שמן זית שקדיה,מיליליטרים,170.00,"100 מ""ל",false,,14.90,8.7647,true,1,333902
7290113196940,false,חטיפי תירס [טורטיה]בטעם טבעי 300 גרם,אן וי רוגר,BE,חטיפי תירס בטעם טבעי,גרמים,300.00,100 גרם,false,,12.90,4.3000,true,1,337752
7290113196957,false,חטיפי תירס [טורטיה]בטעם ברביקיו 300 גרם,אן וי רוגר,BE,חטיפי תירס בטעם ברבי,גרמים,300.00,100 גרם,false,,12.90,4.3000,true,1,337753
7290113197152,false,לבבות דקל שלם בצנצנת 410 גרם שקדיה,שקדיה,EC,לבבות דקל שלם בצנצנת,גרמים,410.00,100 גרם,false,,11.90,2.9024,true,1,333931
7290113198616,false,ברנפלקס דגנים מחיטה מלאה וסובין 500 גרם שקדיה,שקדיה,IL,ברנפלקס שקדיה 500 גר,גרמים,500.00,100 גרם,false,,11.90,2.3800,true,1,337222
7290113199323,false,עלי טורטילוס בוריטו150גר,אלקטי קוראבייכיסיגידה טו,TR,מיני טורטיה מקמח חיט,גרמים,150.00,100 גרם,false,,4.90,3.2667,true,1,339409
7290113199767,false,ממרח 100% שקדים שקדיה 300 גרם,פפויאנס,GR,ממרח 100% שקדים שקדי,גרמים,300.00,100 גרם,false,,26.90,8.9667,true,1,337750
7290113199774,false,ממרח בוטנים 300 גרם השקדיה,פפויאנס,GR,ממרח 100% בוטנים שקד,גרמים,300.00,100 גרם,false,,13.90,4.6333,true,1,337748
7290113199781,false,ממרח אגוזים ובוטנים 100% 200 גרם,פפויאנס,GR,ממרח 100% מיקס אגוזי,גרמים,200.00,100 גרם,false,,14.90,7.4500,true,1,337749
7290113199866,false,מגש אירוח אגוזים קלויים וחטיפים מלוחים מקל 450 ג',דין שיווק,IL,מיקס פיצוחים 450 גרם,גרמים,450.00,100 גרם,false,,29.90,6.6444,true,1,335976
7290113199880,false,טורטיה בתוספת קמח כוסמין ושיבול שועל שקדיה 360 גרם,מוטלוקל,IL,טורטיות בתוספת קמח כ,גרמים,360.00,100 גרם,false,,12.90,3.5833,true,1,337751
7290113455856,false,סוכריות גומילי מסדונ,טופ גאם,IL,סוכריות גומילי מסדונ,גרמים,500.00,100 גרם,false,,29.90,5.9800,true,1,338960
7290113456020,false,סוכריות גומילי בננה,טופ גאם,IL,סוכריות גומילי בננה,גרמים,500.00,100 גרם,false,,29.90,5.9800,true,1,338963
7290113456051,false,סוכריות גומילי נחשים,טופ גאם,IL,סוכריות גומילי נחשים,גרמים,500.00,100 גרם,false,,29.90,5.9800,true,1,338964
7290113456068,false,סוכריות גומילי לב אפ,טופ גאם,IL,סוכריות גומילי לב אפ,גרמים,500.00,100 גרם,false,,29.90,5.9800,true,1,338965
7290113456075,false,סוכריות גומילי אבטיח,טופ גאם,IL,סוכריות גומילי אבטיח,גרמים,500.00,100 גרם,false,,29.90,5.9800,true,1,338966
7290114310215,false,"שמנת מתוקה 38% רמת הגולן 250 מ""ל ווסטהיים - מוצר בפיקוח",מילקו תעשיות בעמ,IL,שמנת מתוקה 38% בבקב,מיליליטרים,250.00,"100 מ""ל",false,,6.40,2.5600,true,1,325809
7290114310338,false,צפתית מעודנת 5% בגביע 225 גרם משק צוריאל,מחלבת משק צוריאל,IL,גבינה צפתית מעודנת 5,גרמים,225.00,100 גרם,false,,16.90,7.5111,true,1,331320
7290114310536,false,יוגורט לייט מעושר חלבון 25 גרם חלבון וניל MULLER ACTIVE,מולר Muller,IL,מולר אקטיב וניל לייט,גרמים,200.00,100 גרם,false,,5.50,2.7500,true,1,332620
7290114310611,false,"משקה חלב בננה בבקבוק פקק ספורט טרה 250 מ""ל",Unknown,IL,"משקה בננה טרה 250 מ""",מיליליטרים,250.00,"100 מ""ל",false,,4.90,1.9600,true,1,337242
7290114310628,false,משקה חלב וניל ועוגיות בקבוק 1 ליטר,מילקו תעשיות בעמ,IL,משקה וניל עוגיות טרה,קילוגרמים,1.00,ליטר,false,,9.90,9.9000,true,1,332001
7290114311014,false,"משקה חלב אייס קפוצ'ינו פקק ספורט טרה 250 מ""ל",מילקו תעשיות בעמ,IL,משקה אייס קפוצ'ינו ט,מיליליטרים,250.00,"100 מ""ל",false,,4.90,1.9600,true,1,337243
7290114311021,false,"משקה חלב וניל עוגיות פקק ספורט טרה 250 מ""ל",Unknown,IL,משקה וניל עוגיות טרה,מיליליטרים,250.00,"100 מ""ל",false,,4.90,1.9600,true,1,337244
7290114311038,false,"שמנת מתוקה 32% עמידה בבקבוק טרה 250 מ""ל",מילקו תעשיות בעמ,IL,שמנת מתוקה 32% בבקבו,מיליליטרים,250.00,"100 מ""ל",false,,5.90,2.3600,true,1,337044
7290114311069,false,מעדן יוגורט בטעם טבעי חלבון 200 ג' מולר אקטיב,מולר Muller,IL,מולר אקטיב בטעם טבעי,גרמים,200.00,100 גרם,false,,4.90,2.4500,true,1,336715
7290114311298,false,יוגורט מולר פרופ בטעם תות בננה מלון 150,מולר Muller,IL,מולר פרופ קציפת תות,מיליליטרים,150.00,"100 מ""ל",false,,4.80,3.2000,true,1,337793
7290114311304,false,יוגורט קציפת מנגו פסיפלורה בננה 150 ג' מולר,מולר Muller,IL,מולר פרופ קציפת מנגו,מיליליטרים,150.00,"100 מ""ל",false,,4.80,3.2000,true,1,337794
7290114311434,false,מולר אקטיב יוגורט חלבון קרמל מלוח 200 גרם,מולר Muller,IL,מולר אקטיב בטעם קרמל,גרמים,200.00,100 גרם,false,,5.50,2.7500,true,1,339112
7290114311441,false,מולר אקטיב יוגורט חלבון עוגיות חמאה 200 גרם,מולר Muller,IL,מולר אקטיב בטעם עוגי,גרמים,200.00,100 גרם,false,,5.50,2.7500,true,1,339113
7290114311502,false,משקה חלב בטעם סחלב בבקבוק 1 ליטר,מילקו תעשיות בעמ,IL,משקה חלב בטעם סחלב ט,קילוגרמים,1.00,ליטר,false,,10.90,10.9000,true,1,339161
7290114601221,false,אג'קס עם אקונומיקה ל,cp צרפת,FR,אג'קס עם אקונומיקה ל,מיליליטרים,0.00,"100 מ""ל",false,,36.90,0.0000,true,1,323716
7290114602174,false,משחת קולגייט טוטל הל,קולגייט פלמוליב,PL,משחת קולגייט טוטל הל,מיליליטרים,300.00,"100 מ""ל",false,,39.90,13.3000,true,1,326395
7290114602211,false,משחת קולגייט סנסטיב,קולגייט פלמוליב,PL,משחת קולגייט סנסטיב,גרמים,225.00,100 גרם,false,,44.90,19.9556,true,1,327232
7290114604932,false,רוטב ברביקיו דבש מאסטר שף 520 גרם,רמיה סי.וי. הולנד,NL,רוטב ברביקיו דבש מאס,גרמים,524.00,100 גרם,false,,12.90,2.4618,true,1,333340
7290114604949,false,מאסטר שף רוטב ברביקיו 524 גרם,רמיה סי.וי. הולנד,NL,רוטב ברביקיו מאסטר ש,גרמים,524.00,100 גרם,false,,12.90,2.4618,true,1,333339
7290114605342,false,פירסט סמייל רפידות הנקה גודל מדיום 110,צאנזו שאנג קאר פרודק,CN,רפידות הנקה פירסט סמ,Unknown,0.00,יחידה,false,,23.90,0.0000,true,1,333334
7290114606592,false,רוטב סויה מסורתית 46% פולי סויה מאסטר שף 620 ג',קריניציה ויטמינה אס,TH,רוטב סויה מאסטר שף 6,מיליליטרים,620.00,"100 מ""ל",false,,14.90,2.4032,true,1,336727
7290114607315,false,זוג משחת שיניים מקס וויט,קולגייט- פלמוליב,PL,משחת קולגייט מקס ווי,מיליליטרים,250.00,"100 מ""ל",false,,19.90,7.9600,true,1,331772
7290114751902,false,תחבושות קוואטרו אולו,פרוקטר & גמבל,DE,תחבושות אלוויז לילה,Unknown,0.00,יחידה,false,,32.90,0.0000,true,1,332712
7290115200676,false,עוגיות קרמוגית במילוי קרם בטעם קרמל מלוח,"הגביע מוצרי וופלים בע""\מ",IL,עוגיות קרמוגית במילו,גרמים,200.00,100 גרם,false,,8.90,4.4500,true,1,328454
7290115200713,false,במבה קלאסי מארז אחיד 8 50*5 ג',"אסם השקעות בע""\מ",IL,מארז במבה 5*50 גרם,גרמים,250.00,100 גרם,false,,12.90,5.1600,true,1,327225
7290115201680,false,ביסלי בטעם ברביקיו אסם 70 גרם,"אסם השקעות בע""\מ",IL,ביסלי ברביקיו 70 גרם,גרמים,70.00,100 גרם,false,,3.90,5.5714,true,1,329848
7290115201703,false,ביסלי ברביקיו גדול אסם 200 גרם,מיוצר עי קונדיטוריית,IL,ביסלי ברביקיו 200 גר,גרמים,200.00,100 גרם,false,,6.50,3.2500,true,1,330158
7290115201727,false,ביסלי חטיף בטעם בצל אסם 200 גרם,מיוצר עי קונדיטוריית,IL,ביסלי בצל 200 גרם,גרמים,200.00,100 גרם,false,,6.50,3.2500,true,1,329417
7290115201741,false,ביסלי בטעם בצל אסם 70 גרם,"אסם השקעות בע""\מ",IL,ביסלי בצל 70 גרם,גרמים,70.00,100 גרם,false,,3.90,5.5714,true,1,329192
7290115202304,false,אסם נודלס אטריות אורז מרובעות 230 גרם,תאי פרזידנט פוד פאבליק ק,TH,נודלס אטריות אורז מר,גרמים,230.00,100 גרם,false,,8.90,3.8696,true,1,330611
7290115202434,false,צבר סלט חומוס עם זעתר 375 גרם,ג'נרל מילס סאן אדריא,IL,חומוס עם זעתר צבר 37,גרמים,375.00,100 גרם,false,,8.90,2.3733,true,1,330577
7290115203134,false,פופקו פופקורן במבה אסם 80 גרם,"אסם השקעות בע""\מ",IL,פופקו פופקורן קרמל,גרמים,80.00,100 גרם,false,,4.50,5.6250,true,1,332616
7290115203172,false,במבה PRO מכיל 18 גרם חלבון בשקית,"אסם השקעות בע""\מ",IL,במבה פרו 80 גרם,גרמים,80.00,100 גרם,false,,3.90,4.8750,true,1,338797
7290115204018,false,מנה חמה איטלקי פסטה בסגנון אלפרדו 60 ג' אסם,"אסם תעשיות בע""מ",IL,מנה חמה פסטה בסגנון,גרמים,60.00,100 גרם,false,,4.90,8.1667,true,1,339827
7290115204056,false,"קטשופ מופחת סוכר אסם 690 גרם כשל""פ","אסם תעשיות בע""מ",IL,קטשופ לחיץ מופחת סוכ,גרמים,690.00,100 גרם,false,,8.90,1.2899,true,1,330546
7290115205176,false,פיטנס - קרקר דק כפרי פיטנס 140 גרם,נסטלה Nestle,IL,קרקר דק כפרי פיטנס 1,גרמים,140.00,100 גרם,false,,10.90,7.7857,true,1,336101
7290115205312,false,קרקר פיטנס דק עם זיתי קלמטה ועשבי תיבול,"אסם השקעות בע""\מ",IL,קרקר דק זיתי קלמטה פ,גרמים,140.00,100 גרם,false,,10.90,7.7857,true,1,337170
7290115205695,false,אסם בונזור בצק מצונן לפיצה 460 גרם,נסטלה סוויס )שוויץ(,CH,בצק פיצה מצונן בונז',גרמים,460.00,100 גרם,false,,14.90,3.2391,true,1,335579
7290115205718,false,אסם בונזור בצק מצונן עלים 230 גרם,נסטלה סוויס )שוויץ(,CH,בצק עלים מצונן בונז',גרמים,230.00,100 גרם,false,,11.90,5.1739,true,1,335580
7290115206531,false,אסם קרמוגית במילוי קרם בייגלה 12*200 גרם,אסם-נסטלה,IL,עוגיות במילוי קרם בי,גרמים,200.00,100 גרם,false,,8.90,4.4500,true,1,333853
7290115207682,false,אסם רוטב בסגנון סויה סיני 9*290מל חדש,"אסם השקעות בע""\מ",IL,רוטב בסגנון סויה סינ,מיליליטרים,290.00,"100 מ""ל",false,,9.90,3.4138,true,1,339903
7290115207941,false,סירופ אננס ויטמינצ'יק 1 ליטר,בית-השיטה עסיס תעשיות מז,IL,סירופ ויטמינצ'יק אננ,קילוגרמים,1.00,ליטר,false,,19.90,19.9000,true,1,335574
7290115207965,false,סירופ מנגו אפרסק ויטמינצ'יק 1 ליטר,בית-השיטה עסיס תעשיות מז,IL,סירופ ויטמינצ'יק מנג,קילוגרמים,1.00,ליטר,false,,19.90,19.9000,true,1,335575
7290115207989,false,סירופ לימון ויטמינצ'יק 1 ליטר,בית-השיטה עסיס תעשיות מז,IL,סירופ ויטמינצ'יק לימ,קילוגרמים,1.00,ליטר,false,,19.90,19.9000,true,1,335576
7290115208047,false,סירופ פטל ויטמינצ'יק 1 ליטר,בית-השיטה עסיס תעשיות מז,IL,סירופ ויטמינצ'יק פטל,קילוגרמים,1.00,ליטר,false,,19.90,19.9000,true,1,335577
7290115208061,false,סירופ תפוח ויטמינצ'יק 1 ליטר,בית השיטה עסיס תעשיות מז,IL,סירופ ויטמינצ'יק תפו,קילוגרמים,1.00,ליטר,false,,19.90,19.9000,true,1,335578
7290115208320,false,אפרופו טעם ביסלי בצל אסם 50 גרם,"אסם השקעות בע""\מ",IL,אפרופו בטעם ביסלי בצ,גרמים,50.00,100 גרם,false,,4.50,9.0000,true,1,339676
7290115208849,false,מנה חמה פירה ובטטה אסם 51 גרם,"אסם תעשיות בע""מ",IL,מנה חמה פירה עם בטטה,גרמים,51.00,100 גרם,false,,4.90,9.6078,true,1,339828
7290115209198,false,במבה אוורירית אסם 80 גרם,"אסם תעשיות בע""מ",IL,במבה אוורירית 80 גרם,גרמים,80.00,100 גרם,false,,3.90,4.8750,true,1,338403
7290115209235,false,ביסקוויט פתי בר קפה אסם 500 גרם,"אסם תעשיות בע""מ",IL,פתיבר בטעם קפה אסם 5,גרמים,500.00,100 גרם,false,,8.90,1.7800,true,1,339567
7290115209372,false,במבה במילוי בראוניז 150ג' אסם,"אסם השקעות בע""\מ",IL,במבה במילוי קרם בטעם,גרמים,150.00,100 גרם,false,,9.90,6.6000,true,1,339568
7290115405088,false,קינוח אישי קדאיף קפולסקי 200 גרם,קפולסקי אדל בעמ,IL,קינוח אישי קדאיף קפו,גרמים,250.00,100 גרם,false,,14.90,5.9600,true,1,325660
7290115405774,false,פחזניות ממולאות בטעם וניל קפולסקי 180 גרם,תופינים מקבוצת קפולס,IL,פחזניות במילוי קרם ב,גרמים,180.00,100 גרם,false,,12.90,7.1667,true,1,337235
7290115405798,false,פחזניות ממולאות בטעם ריבת חלב קפולסקי 180 גרם,קפולסקי אדל בעמ,IL,פחזניות במילוי קרם ב,גרמים,180.00,100 גרם,false,,12.90,7.1667,true,1,337234
7290115405804,false,פחזניות ממולאות בטעם תות קפולסקי 180 גרם,קפולסקי אדל בעמ,IL,פחזניות במילוי קרם ב,גרמים,180.00,100 גרם,false,,12.90,7.1667,true,1,337236
7290115410068,false,חציל במיונז סלטי היום 400 גרם,סלטי היום - קפוא זן,IL,חציל במיונז סלטי היו,גרמים,400.00,100 גרם,false,,10.90,2.7250,true,1,335036
7290115410075,false,טחינה סלטי היום 400 גרם,סלטי היום - קפוא זן,IL,טחינה סלטי היום 400,גרמים,400.00,100 גרם,false,,10.90,2.7250,true,1,335037
7290115410082,false,טורקי סלטי היום 400 גרם,סלטי היום - קפוא זן,IL,סלט טורקי סלטי היום,גרמים,400.00,100 גרם,false,,10.90,2.7250,true,1,335042
7290115410099,false,מטבוחה סלטי היום 400 גרם,סלטי היום - קפוא זן,IL,מטבוחה סלטי היום 400,גרמים,400.00,100 גרם,false,,10.90,2.7250,true,1,335043
7290115410112,false,חומוס סלטי היום 400 גרם,סלטי היום - קפוא זן,IL,חומוס סלטי היום 400,גרמים,400.00,100 גרם,false,,10.90,2.7250,true,1,335039
7290115410150,false,כרוב אדום סלטי היום 400 גרם,סלטי היום - קפוא זן,IL,כרוב אדום סלטי היום,גרמים,400.00,100 גרם,false,,10.90,2.7250,true,1,335202
7290115410341,false,"חומוס סלטי היום 1 ק""",סלטי היום,IL,"חומוס סלטי היום 1 ק""",פריט,1.00,"ק""ג",false,,13.90,13.9000,true,1,335044
7290115410549,false,חומוס מסעדות 250 גרם המעדניה,סלטי היום - קפוא זן,IL,חומוס ירושלים המעדני,גרמים,250.00,100 גרם,false,,9.90,3.9600,true,1,335026
7290115410556,false,חומוס מסבחה 250 גרם המעדניה,סלטי היום - קפוא זן,IL,חומוס מסבחה המעדניה,גרמים,250.00,100 גרם,false,,9.90,3.9600,true,1,335027
7290115410563,false,חומוס מסבחה חריף 250 גרם המעדניה,סלטי היום - קפוא זן,IL,חומוס מסבחה חריף המע,גרמים,250.00,100 גרם,false,,9.90,3.9600,true,1,335028
7290115410587,false,טחינה לבנה 250 גרם המעדניה,סלטי היום - קפוא זן,IL,טחינה לבנה המעדניה 2,גרמים,250.00,100 גרם,false,,9.90,3.9600,true,1,335029
7290115410594,false,חציל תאילנדי 250 גרם המעדניה,סלטי היום - קפוא זן,IL,חציל תאילנדי המעדניה,גרמים,250.00,100 גרם,false,,9.90,3.9600,true,1,335030
7290115410600,false,חציל במיונז 250 גרם המעדניה,סלטי היום - קפוא זן,IL,חציל במיונז המעדניה,גרמים,250.00,100 גרם,false,,9.90,3.9600,true,1,335031
7290115410655,false,מטבוחה 250 גרם המעדניה,סלטי היום - קפוא זן,IL,מטבוחה המעדניה 250 ג,גרמים,250.00,100 גרם,false,,9.90,3.9600,true,1,335034
7290115411928,false,סלט תפוחי אדמה סלטי היום 400 גרם,סלטי היום - קפוא זן,IL,"סלט תפו""א סלטי היום",גרמים,400.00,100 גרם,false,,10.90,2.7250,true,1,335293
7290115415018,false,חומוס עכו סלטי היום,סלטי היום,IL,חומוס עכו סלטי היום,פריט,3.00,"ק""ג",false,,31.90,10.6333,true,1,336430
7290115415445,false,חומוס אבו גוש המעדני,סלטי היום,IL,חומוס אבו גוש המעדני,גרמים,250.00,100 גרם,false,,9.90,3.9600,true,1,335035
7290115415452,false,סלט סלק המעדניה 250,סלטי היום,IL,סלט סלק המעדניה 250,גרמים,250.00,100 גרם,false,,9.90,3.9600,true,1,335040
7290115415476,false,גזר מרוקאי המעדניה 2,סלטי היום,IL,גזר מרוקאי המעדניה 2,גרמים,250.00,100 גרם,false,,9.90,3.9600,true,1,335041
7290115415605,false,חומוס עם מסבחה ירוק סלטי היום 400 גרם,סלטי היום - קפוא זן,IL,חומוס עם מסבחה ירוק,גרמים,400.00,100 גרם,false,,11.90,2.9750,true,1,336431
7290115415612,false,חומוס עם מסבחה פיקנטי סלטי היום 400 גרם,סלטי היום - קפוא זן,IL,חומוס עם מסבחה פיקנט,גרמים,400.00,100 גרם,false,,11.90,2.9750,true,1,336432
7290115642414,false,ערכת שמן נוזלי הנרות,,,ערכת שמן נוזלי הנרות,Unknown,0.00,יחידה,false,,34.90,0.0000,true,1,339911
7290115671339,false,מיני פינוקיות בראוניז בייגל בוטן עלית 180 ג' עלית,"הגביע מוצרי ופלים בע""\מ",IL,עוגיות מיני פינוקיות,גרמים,180.00,100 גרם,false,,9.90,5.5000,true,1,335540
7290115671346,false,מיני פינוקיות טופי קרמל מלוח עלית 180 גרם,"הגביע מוצרי ופלים בע""\מ",IL,עוגיות מיני פינוקיות,גרמים,188.00,100 גרם,false,,9.90,5.2660,true,1,333861
7290115671353,false,מיני פינוקיות עוגיות קקאו במילוי קרם בטעם וניל,"הגביע מוצרי ופלים בע""\מ",IL,עוגיות מיני פינוקיות,גרמים,188.00,100 גרם,false,,9.90,5.2660,true,1,335145
7290115671421,false,פולי אספרסו עשירים וארומטיים עוצמה 10 250 ג' עלית,שטראוס קפה בי. וי.,IL,פולי קפה ארומטיים בק,גרמים,250.00,100 גרם,false,,19.90,7.9600,true,1,339361
7290115675986,false,דנונה יוגורט בר עם אגוזים מקורמלים 173 גרם,"שטראוס בריאות בע""\מ",IL,דנונה בר עם אגוזים מ,גרמים,173.00,100 גרם,false,,4.30,2.4855,true,1,329581
7290115676037,false,דנונה ריפרש יוגורט עם תות ודומדמניות 1.6% שומן,מיוצר עי קונדיטוריית,IL,משקה דנונה ריפרש תות,גרמים,250.00,100 גרם,false,,4.90,1.9600,true,1,332317
7290115676341,false,אריזות דבש אישיות טו גו 18 * 162 ג' יד מרדכי,מכוורת יד מרדכי שטראוס ב,IL,דבש יד מרדכי טו גו 9,גרמים,162.00,100 גרם,false,,8.90,5.4938,true,1,338503
7290115677089,false,קונפיטורת תפוח וקינמון יד מרדכי 340 גרם,"בית אל מזון בע""מ",IL,קונפיטורה תפוח וקינמ,גרמים,340.00,100 גרם,false,,12.90,3.7941,true,1,333117
7290115678222,false,מארז 8 גביעים יוגורט Greek בסגנון יווני 6.5% שומן,"שטראוס בריאות בע""\מ",IL,מארז יוגורט דנונה יו,גרמים,0.00,100 גרם,false,,23.90,0.0000,true,1,332571
7290115678376,false,מעדן הגולן שוקולד 125 גרם,מיוצר עי קונדיטוריית,IL,מעדן הגולן שוקולד 12,מיליליטרים,125.00,"100 מ""ל",false,,2.80,2.2400,true,1,333137
7290115678383,false,מעדן הגולן שוקולד מריר 125 גרם,מיוצר עי קונדיטוריית,IL,מעדן הגולן שוקולד מר,מיליליטרים,125.00,"100 מ""ל",false,,2.80,2.2400,true,1,333138
7290115720280,false,בריקס לגו סוריות בטעם פירות גרוס מארז 18 יחידות,גרוסליין,CN,סוכריות לגו בריקס 18,גרמים,216.00,100 גרם,false,,18.90,8.7500,true,1,332079
7290115720358,false,גואל פופ גרוס מארז 18 יחידות,גרוסליין,CN,סוכריות טבעת ג'ואל פ,גרמים,225.00,100 גרם,false,,18.90,8.4000,true,1,332080
7290115720464,false,סוכריות מוצץ גרוס מארז 18 יחידות,גרוסליין,BE,סוכריות מוצץ גרוסליי,גרמים,105.00,100 גרם,false,,18.90,18.0000,true,1,332601
7290115720471,false,סוכריות משרוקית גרוס מארז 18 יחידות,גרוסליין,BE,סוכריות משרוקית גרוס,גרמים,170.00,100 גרם,false,,18.90,11.1176,true,1,332602
7290115720648,false,ג'ואל פופ סוכריות סביבון,גואנדונג באישנג פודס,CN,סוכריות סביבון ג'ואל,גרמים,125.00,100 גרם,false,,11.90,9.5200,true,1,339843
7290115720709,false,גואל פופ מארז מארז 18 יחידות,גרוסליין,CN,סוכריות טבעת גרוסליי,גרמים,216.00,100 גרם,false,,18.90,8.7500,true,1,337677
7290115720778,false,מארז סוכריות דיפ אנד ליק מארז 15 יח' גרוסליין,גרוסליין,CN,סוכריות דיפ אנד ליק,גרמים,216.00,100 גרם,false,,18.90,8.7500,true,1,337678
7290115720884,false,סוכריות פאזל גרוסליי,גרוסליין,CN,סוכריות פאזל גרוסליי,פריט,1.00,"ק""ג",false,,39.90,39.9000,true,1,339427
7290115720891,false,סוכריות בטעמי פירות פאזל 18 יח',גרוסליין,CN,סוכריות פאזל מספרים,גרמים,216.00,100 גרם,false,,18.90,8.7500,true,1,339016
7290115720969,false,סוכריות בטעמי פירות טטריס 18 יח',גרוסליין,CN,סוכריות בלוקס בטעמי,גרמים,216.00,100 גרם,false,,18.90,8.7500,true,1,339017
7290116530871,false,נשנושים מיקס בייגל בייגל 240 גרם,"דרך השוקולד ,1 צפת 13404",IL,נשנושים מיקס בייגל 2,גרמים,240.00,100 גרם,false,,7.90,3.2917,true,1,338514
7290116531021,false,"שוקולד חלב ורד הגליל 100 גרם כשל""פ",יוניליוור ישראל מזון,IL,שוקולד ורד הגליל חלב,גרמים,100.00,100 גרם,false,,4.90,4.9000,true,1,337175
7290116850382,false,ניילון לכיסוי מזון א,,,ניילון לכיסוי מזון א,Unknown,0.00,יחידה,false,,9.90,0.0000,true,1,333682
7290116850856,false,נר הבדלה נבל עם בשמי,,,נר הבדלה נבל עם בשמי,Unknown,0.00,יחידה,false,,29.90,0.0000,true,1,336561
7290116851716,false,מארז 6 כריות קרצוף ש,,,מארז 6 כריות קרצוף ש,Unknown,0.00,יחידה,false,,14.90,0.0000,true,1,336559
7290116853505,false,כדוריות סבון אסלה בנ,TOMIL S.R.O,CZ,כדוריות סבון אסלה בנ,גרמים,105.00,100 גרם,false,,14.90,14.1905,true,1,339791
7290116853512,false,כדוריות סבון אסלה בנ,TOMIL S.R.O,CZ,כדוריות סבון אסלה בנ,גרמים,105.00,100 גרם,false,,14.90,14.1905,true,1,339792
7290116853529,false,כדוריות סבון אסלה בנ,TOMIL S.R.O,CZ,כדוריות סבון אסלה בנ,גרמים,105.00,100 גרם,false,,14.90,14.1905,true,1,339793
7290116853536,false,כדוריות סבון אסלה בנ,TOMIL S.R.O,CZ,כדוריות סבון אסלה בנ,גרמים,105.00,100 גרם,false,,14.90,14.1905,true,1,339794
7290116853635,false,מארז 6 כריות קרצוף ע,,,מארז 6 כריות קרצוף ע,Unknown,0.00,יחידה,false,,19.90,0.0000,true,1,338804
7290116930244,false,"שמיניית יוגורט תנובה 1.5% בד""צ 150 גרם",תנובה מרכז שיתופי לש,IL,מארז יוגורט ביו תנוב,קילוגרמים,1.20,ליטר,false,,13.90,11.5833,true,1,337301
7290116930435,false,יוגורט יופלה GO במרקם סמיך עם דובדבן 0%,תנובה מרכז שיתופי לש,IL,יוגורט גו יופלה סמיך,גרמים,200.00,100 גרם,false,,5.50,2.7500,true,1,337302
7290116930459,false,"יופלה שייק מנגו בננה אננס וקוקוס 230 מ""ל",קבוצת המזון אקטשלאר,IL,יופלה שייק בננה אננס,מיליליטרים,230.00,"100 מ""ל",false,,7.90,3.4348,true,1,337694
7290116930466,false,"משקה SHAKE בננה מנגן פסיפלורה והל 230 מ""ל יופלה",קבוצת המזון אקטשלאר,IL,יופלה שייק מנגו בננה,מיליליטרים,230.00,"100 מ""ל",false,,7.90,3.4348,true,1,337695
7290116930657,false,"משקה חלב גו בטעם בננה תמר בתוספת שיבולת שועל במרקם חלק 340 מ""ל",תנובה מרכז שיתופי לש,IL,משקה GO בטעם בננה ות,מיליליטרים,340.00,"100 מ""ל",false,,6.90,2.0294,true,1,339785
7290116931081,false,גביע מעדן סויה בטעם טופי קרמל 125 גרם,תנובה מרכז שיתופי לש,IL,מעדן סויה בטעם טופי,גרמים,125.00,100 גרם,false,,3.90,3.1200,true,1,338333
7290117260562,false,חמאה כפרית מסורתית בגביע,וילי פוד,TR,חמאה כפרית בגביע ויל,גרמים,225.00,100 גרם,false,,14.90,6.6222,true,1,339338
7290117262290,false,פרלינים אגוזים מצופים פצפוצי שוקולד 50 גרם,מודרן צוקולטה,TR,פרלינים אגוזים פצפוצ,גרמים,50.00,100 גרם,false,,4.50,9.0000,true,1,339350
7290117262306,false,"קורנפלקס מצופה שוקולד חלב ד, 50 גרם",מודרן צוקולטה,TR,קורנפלקס מצופה שוקול,גרמים,50.00,100 גרם,false,,4.50,9.0000,true,1,339351
7290117262313,false,פצפוצי דגנים פריכים מצופים שוקולד חלב 50 גרם,מודרן צוקולטה,TR,פצפוצי דגנים בשוקולד,גרמים,50.00,100 גרם,false,,4.50,9.0000,true,1,339352
7290117262320,false,ביסקוויט מצופה שוקולד חלב 50 גר JAZZY,מודרן צוקולטה,TR,ביסקוויט מצופה שוקול,גרמים,40.00,100 גרם,false,,4.50,11.2500,true,1,339353
7290117263006,false,צהובה מגורדת ויליפוד,וילי פוד,IL,צהובה מגורדת ויליפוד,פריט,1.20,"ק""ג",false,,39.90,33.2500,true,1,338727
7290117383155,false,משחת קולגייט טוטאל י,קולגייט פלמוליב,PL,משחת קולגייט טוטאל י,מיליליטרים,150.00,"100 מ""ל",false,,29.90,19.9333,true,1,338419
7290117383711,false,"מארז זוג תחליב רחצה חלב ודבש *750 מ""ל פלמוליב",קולגייט פלמוליב,TR,תחליב פלמוליב חלב וד,קילוגרמים,1.50,ליטר,false,,29.90,19.9333,true,1,339186
7290117383728,false,"מארז זוג תחליב רחצה לומינוס  אבוקדו 750 מ""ל פלמוליב",קולגייט פלמוליב,TR,ג'ל פלמוליב לומינס א,קילוגרמים,1.50,ליטר,false,,29.90,19.9333,true,1,339187
7290117383735,false,"מארז זוג תחליב רחצה חימר ורדים *750 מ""ל פלמוליב",קולגייט פלמוליב,TR,ג'ל פלמוליב חימר ורד,קילוגרמים,1.50,ליטר,false,,29.90,19.9333,true,1,339188
7290117383742,false,"מארז זוג ג'ל רחצה לגבר 750 מ""ל פלמוליב",קולגייט פלמוליב,TR,ג'ל פלמוליב לגבר 2*7,קילוגרמים,1.50,ליטר,false,,29.90,19.9333,true,1,339189
7290117901328,false,מיקס חלבה ושומשום500גרם,ח. אל עקר,IL,מיקס חלבה וממתקי שומ,גרמים,500.00,100 גרם,false,,29.90,5.9800,true,1,338267
7290117922149,false,מצית יוקרתי מתכוונן,,,מצית יוקרתי מתכוונן,Unknown,0.00,יחידה,false,,14.90,0.0000,true,1,340216
7290118420071,false,במבה ביסלי ברביקיו מיקס 80ג' אסם,"אסם השקעות בע""\מ",IL,במבה ביסלי ברביקיו מ,גרמים,80.00,100 גרם,false,,4.50,5.6250,true,1,339618
7290118420477,false,אסם בייגלה שטוחים בטעם ביסלי בצל 300 גרם,"אסם תעשיות בע""מ",IL,בייגלה שטוחים בטעם ב,גרמים,300.00,100 גרם,false,,9.90,3.3000,true,1,339675
7290118420514,false,אינסטנט פודינג בטעם נוגט אסם 75 גרם,"אסם תעשיות בע""מ",IL,פודינג אינסטנט בטעם,גרמים,75.00,100 גרם,false,,4.90,6.5333,true,1,339677
7290900010282,false,אורז בסמטי אינדירה 1,Emsons Exim PVT LTD,IN,אורז בסמטי אינדירה 1,פריט,1.40,"ק""ג",false,,11.90,8.5000,true,1,309347
7290900010367,false,טורטייה שמינייה משקל נקי 360 ג' Avel,Turka Invest,PL,טורטיות דורומי 36*45,פריט,1.62,"ק""ג",false,,19.90,12.2840,true,1,306018
7290900010435,false,תערובת לכדורי שוקולד,א.ל. ייצור ושיווק תב,IL,תערובת לכדורי שוקולד,גרמים,400.00,100 גרם,false,,11.90,2.9750,true,1,306176
7290900010442,false,תערובת לעוגת בראוניז,א.ל. ייצור ושיווק תב,IL,תערובת לעוגת בראוניז,גרמים,500.00,100 גרם,false,,11.90,2.3800,true,1,306177
7290900010459,false,תערובת לעוגת וניל בו,א.ל. ייצור ושיווק תב,IL,תערובת לעוגת וניל בו,גרמים,500.00,100 גרם,false,,11.90,2.3800,true,1,306178
7290900010466,false,תערובת לעוגת שוקולד,א.ל. ייצור ושיווק תב,IL,תערובת לעוגת שוקולד,גרמים,500.00,100 גרם,false,,11.90,2.3800,true,1,306179
7290900010664,false,ניוקי אבאל בטטה 1 קג,Ciemme Alimentari SR,IT,ניוקי דורומי בטטה 1,פריט,1.00,"ק""ג",false,,9.90,9.9000,true,1,310826
7290900011838,false,זית שחור אוליבסי 1.,Yatagan Zeytincilik,TR,זית שחור אוליבסי 1.,פריט,1.74,"ק""ג",false,,29.90,17.1839,true,1,309532
7290900012552,false,קרוטונים לסלט דורומי,חטיפים מן הטבע,IL,קרוטונים לסלט דורומי,גרמים,500.00,100 גרם,false,,12.90,2.5800,true,1,310133
7291128651141,false,קוביות פלסטיק צבעוני,,,קוביות פלסטיק צבעוני,Unknown,0.00,יחידה,false,,34.90,0.0000,true,1,338595
7291192410170,false,מגדל כוסות,,,מגדל כוסות,Unknown,0.00,יחידה,false,,29.90,0.0000,true,1,338604
7291192873203,false,מובייל מנגן לעגלת/מי,,,מובייל מנגן לעגלת/מי,Unknown,0.00,יחידה,false,,79.90,0.0000,true,1,339713
7291264950139,false,ואקום צבעוני,,,ואקום צבעוני,Unknown,0.00,יחידה,false,,29.90,0.0000,true,1,338603
7291594895674,false,"נושי פינוקי, ארנב",,,נושי פינוקי ארנב,Unknown,0.00,יחידה,false,,29.90,0.0000,true,1,338583
7291594895698,false,מובייל פעמון רוח - ציפור כחולה,,,מובייל פעמון רוח ציפ,Unknown,0.00,יחידה,false,,59.90,0.0000,true,1,338585
7291594895704,false,פעמון רוח מרגיע פיל,,,פעמון רוח מרגיע פיל,Unknown,0.00,יחידה,false,,29.90,0.0000,true,1,338586
7291594895711,false,פעמון רוח מרגיע דב,,,פעמון רוח מרגיע דב,Unknown,0.00,יחידה,false,,29.90,0.0000,true,1,338587
7291594895728,false,"פעמון רוח מרגיע, ארנב",,,פעמון רוח מרגיע ארנב,Unknown,0.00,יחידה,false,,29.90,0.0000,true,1,338588
7291594895742,false,נושי פינוקי פיל,,,נושי פינוקי פיל,Unknown,0.00,יחידה,false,,29.90,0.0000,true,1,338590
7291594895759,false,מובייל פעמון רוח ארנ,,,מובייל פעמון רוח ארנ,Unknown,0.00,יחידה,false,,59.90,0.0000,true,1,338591
7291594895766,false,דב נושי עם מגבת קטיפ,,,דב נושי עם מגבת קטיפ,Unknown,0.00,יחידה,false,,39.90,0.0000,true,1,338592
7293556389962,false,שום לבן מובחר יחידה,אראל תוצרת חקלאית בע,IL,שום 250 גרם,גרמים,250.00,100 גרם,false,,9.90,3.9600,true,1,330016
7296058330012,false,פריכיות אורז פרח שלישיה,פרח תעשיות,IL,מארז פריכיות אורז פר,גרמים,330.00,100 גרם,false,,9.90,3.0000,true,1,333204
7296146007796,false,זוג כוסיות המשושים ע,,,זוג כוסיות המשושים ע,Unknown,0.00,יחידה,false,,4.90,0.0000,true,1,264492
7296146007819,false,פתילייט -מילוי לצינו,,IL,פתילייט -מילוי לצינו,Unknown,0.00,יחידה,false,,1.90,0.0000,true,1,263313
7296146077775,false,פתילונים משושים,,IL,פתילונים משושים,Unknown,0.00,יחידה,false,,2.50,0.0000,true,1,263314
7296146077799,false,פתילונר,,,פתילונר,Unknown,0.00,יחידה,false,,1.90,0.0000,true,1,263315
7296146077867,false,צינולייט -צינוריות+,,,צינולייט -צינוריות+,Unknown,0.00,יחידה,false,,5.90,0.0000,true,1,264489
7297395000026,false,בדי בדיקה טהרה 60 יחידות,חן המעין בעמ,IL,בדי בדיקה טהרה 3*20,Unknown,0.00,יחידה,false,,14.50,0.0000,true,1,263363
7297579011312,false,מגבת פנים מדאם,,,מגבת פנים מדאם,Unknown,0.00,יחידה,false,,4.90,0.0000,true,1,339814
7297579011329,false,מגבת גוף מדאם,,,מגבת גוף מדאם,Unknown,0.00,יחידה,false,,19.90,0.0000,true,1,339815
7298544587528,false,דב נושי עם מגבת קטיפ,,,דב נושי עם מגבת קטיפ,Unknown,0.00,יחידה,false,,39.90,0.0000,true,1,338593
7350041950141,false,ליקר שרי הרינג 1 ליט,פיטר הרינג,DK,ליקר שרי הרינג 1 ליט,קילוגרמים,1.00,ליטר,false,,99.90,99.9000,true,1,324079
7500443003338,false,בונבוניירה בון בון קלאסי 270גרם,ארקור,AR,בונבוניירה בון בון צ,גרמים,270.00,100 גרם,false,,15.90,5.8889,true,1,316688
7501013122039,false,נקטר מנגו ג'ומקס בקרטונית 1 ליטר,חומקס קומר קומרסאליזדורה,MX,נקטר ג'ומקס בטעם מנג,קילוגרמים,1.00,ליטר,false,,9.90,9.9000,true,1,334799
7501013122053,false,נקטר אפרסק ג'ומקס בקרטונית 1 ליטר,חומקס קומר קומרסאליזדורה,MX,נקטר ג'ומקס בטעם אפר,קילוגרמים,1.00,ליטר,false,,9.90,9.9000,true,1,334802
7501013122114,false,"נקטר משקה אננס בקרטונית ג'ומקס, 1 ל'",חומקס קומר קומרסאליזדורה,MX,נקטר ג'ומקס בטעם אננ,קילוגרמים,1.00,ליטר,false,,9.90,9.9000,true,1,334803
7501013122190,false,משקה תפוחים ג'ומקס בקרטונית 1 ליטר,חומקס קומר קומרסאליזדורה,MX,נקטר ג'ומקס בטעם תפו,קילוגרמים,1.00,ליטר,false,,9.90,9.9000,true,1,334807
7501013122992,false,משקה קוקוס אננס ג'ומקס בקרטונית 1 ליטר,חומקס קומר קומרסאליזדורה,MX,נקטר ג'ומקס בטעם קוק,קילוגרמים,1.00,ליטר,false,,9.90,9.9000,true,1,334800
7501064191398,false,"שישיית בירה קורונה 355 מ""ל בקבוק",קריניציה ויטמינה אס,MX,מארז בירה קורונה 4.5,קילוגרמים,2.13,ליטר,false,,24.90,11.6901,true,1,320547
7509546061672,false,דאודורנט סטיק אקסטרים אינטנס,קולגייט פלמוליב,US,דאו ספיד סטיק אקסטרי,גרמים,50.00,100 גרם,false,,18.90,37.8000,true,1,338573
7509546063515,false,ליידי ספיד סטיק -סטיק פרו 5 ספריי 150 מל,קולגייט פלמוליב,MX,דאו ספריי ליידי ספיד,מיליליטרים,150.00,"100 מ""ל",false,,13.90,9.2667,true,1,338574
7509546666846,false,"קולגייט טוטאל משחת שיניים פחם 75 מ""ל",קולגייט פלמוליב,MX,משחת קולגייט טוטל פח,מיליליטרים,75.00,"100 מ""ל",false,,19.90,26.5333,true,1,331838
7610008046516,false,שוקולד טורינו בצילינ,שוקולה קמיל בלוך,CH,שוקולד טורינו בצילינ,פריט,1.00,"ק""ג",false,,99.90,99.9000,true,1,324166
7610008056874,false,חטיף שוקולד במילוי 100 ג,שוקולה קמיל בלוך,CH,שוקולד רגוסה חלב פרל,גרמים,100.00,100 גרם,false,,13.90,13.9000,true,1,327721
7610008056959,false,חטיף שוקולד במילוי 100 ג,שוקולה קמיל בלוך,CH,שוקולד רגוסה פרווה פ,גרמים,100.00,100 גרם,false,,13.90,13.9000,true,1,327722
7610008060086,false,חטיף שוקולד מריר במילוי,שוקולה קמיל בלוך,CH,שוקולד רגוסה מריר פר,גרמים,400.00,100 גרם,false,,59.90,14.9750,true,1,335910
7610100034084,false,מיונז טומי בשפורפרת 265 גרם,נסטלה שוויץ ס.א,CH,מיונז בשפורפרת טומי,גרמים,265.00,100 גרם,false,,9.90,3.7358,true,1,309541
7610113011652,false,בריזר - משקה כוהלי מוגז בטעם תפוח,בקרדי בריזר Bacardi Breezer,BE,בקרדי בריזר תפוח 275,מיליליטרים,275.00,"100 מ""ל",false,,12.90,4.6909,true,1,327672
7610148000287,false,שוקולד מריר שוויצרי 100 גר',סטלה ברונירין,CH,שוקולד מריר מטרהורן,גרמים,100.00,100 גרם,false,,5.90,5.9000,true,1,330591
7610700012642,false,ריקולה בשקית לימון מינט 70 גרם,ריקולה,CH,סוכריות צמחים ריקולה,גרמים,75.00,100 גרם,false,,9.90,13.2000,true,1,331958
7613030979647,false,דגני בוקר טריקס פירות עולם היורה 480 ג',ג'נרל מילס סאן אדריא,CL,דגני בוקר טריקס 480,גרמים,480.00,100 גרם,false,,19.90,4.1458,true,1,315945
7613035548374,false,דגני בוקר גולדן מיניס מחיטה מלאה ותירס,נסטלה פולין דגני בוק,FR,דגני בוקר גולדן מיני,גרמים,570.00,100 גרם,false,,19.90,3.4912,true,1,323998
7613036880534,false,גרבר מחית ירקות מעורבים מטרנה 190 גר',נסטלה פולסקה אס.איי,PL,מחית מרק ירקות מעורב,גרמים,190.00,100 גרם,false,,4.90,2.5789,true,1,323718
7613037686906,false,פיטנס שקדים ודבש 355 גרם מופחת סוכר,נסטלה צרפת איטנקורט,FR,דגני בוקר פיטנס שקדי,גרמים,355.00,100 גרם,false,,19.90,5.6056,true,1,323663
7613038268262,false,דגני בוקר צ'יריוס דבש ושקדים במתיקות מעודנת,נסטלה פולין דגני בוק,FR,דגני בוקר האני נאט צ,גרמים,410.00,100 גרם,false,,19.90,4.8537,true,1,323994
7613039879382,false,גרבר - מחית תפוחי עץ 190 גרם,נסטלה פולסקה אס.איי,PL,"מחית תפו""ע גרבר 190",גרמים,190.00,100 גרם,false,,5.50,2.8947,true,1,330617
7613039880807,false,גרבר מחית תפוח וגזר 190 גרם,נסטלה פולסקה אס.איי,PL,מחית גזר תפוח גרבר 1,גרמים,190.00,100 גרם,false,,5.50,2.8947,true,1,330613
7613039881521,false,גרבר מחית מרק מנגו 190 גרם,נסטלה פולסקה אס.איי,PL,מחית מנגו גרבר 190 ג,גרמים,190.00,100 גרם,false,,5.50,2.8947,true,1,330614
7613039881965,false,גרבר מחית גזר תפוח ומנגו 190 גרם,נסטלה פולסקה אס.איי,PL,מחית גזר תפוח מנגו ג,גרמים,190.00,100 גרם,false,,5.50,2.8947,true,1,330615
7613287302373,false,סטארבקס קפסולות איטליאן סטייל רוסט 56 גרם,נסטלה שוויץ - קפה,PT,קפסולות סטארבקס איטל,גרמים,56.00,100 גרם,false,,21.50,38.3929,true,1,330663
7613287394323,false,דגני בוקר מולטי צ'יריוס 600 גרם,נסטלה פולין דגני בוק,GB,דגני בוקר מולטי צירי,גרמים,600.00,100 גרם,false,,19.90,3.3167,true,1,332619
7613287476678,false,דגני בוקר סינימיניס צ'ורוס נסטלה 360 ג',נסטלה אוונקה,PT,דגני בוקר סינימיניס,גרמים,360.00,100 גרם,false,,19.90,5.5278,true,1,335185
7613287855640,false,סטארבקס קפסולות קפה גוואטמלה 10 יחידות,נסטלה שוויץ - קפה,CH,קפסולות סטארבקס גווא,גרמים,52.00,100 גרם,false,,21.50,41.3462,true,1,338798
7614100548206,false,קירש דובדבנים ברגהוף 500,לטלטין,IL,כהיל דובדבנים קירש ב,מיליליטרים,500.00,"100 מ""ל",false,,139.90,27.9800,true,1,319611
7622201808631,false,אוראו מיני עוגיות ממולאות קרם וניל 67גרם,פי.טי. מונדלז אינדונ,ID,עוגיות מיני אוראו ונ,גרמים,67.00,100 גרם,false,,4.90,7.3134,true,1,332714
7630477891592,false,סטארבקס קפסולות קפה האוס בלנד 10 יחידות,נסטלה שוויץ - קפה,CH,קפסולות סטארבקס האוס,גרמים,57.00,100 גרם,false,,21.50,37.7193,true,1,327783
7630477891615,false,סטארבקס קפסולות קפה סומטרה 10 יחידות,נסטלה שוויץ - קפה,CH,קפסולות סטארבקס סומט,גרמים,55.00,100 גרם,false,,21.50,39.0909,true,1,327784
7630477891639,false,סטארבקס קפסולות קפה ורונה 10 יחידות,נסטלה שוויץ - קפה,CH,קפסולות סטארבקס ורונ,גרמים,55.00,100 גרם,false,,21.50,39.0909,true,1,327785
7630477891653,false,סטארבקס קפסולות קפה אספרסו נטול 10 יחידו,נסטלה שוויץ - קפה,CH,קפסולות סטארבקס נטול,גרמים,57.00,100 גרם,false,,21.50,37.7193,true,1,327786
7630477891677,false,סטארבקס קפסולות קפה פייק פלייס 10 יחידות,נסטלה שוויץ - קפה,CH,קפסולות סטארבקס פייק,גרמים,53.00,100 גרם,false,,21.50,40.5660,true,1,327787
7630477891691,false,סטארבקס קפסולות קפה קולמביה 10 יחידות,נסטלה שוויץ - קפה,CH,קפסולות סטארבקס קולו,גרמים,57.00,100 גרם,false,,21.50,37.7193,true,1,327788
7630477891714,false,סטארבקס קפסולות קפה אספרסו 10 יחידות,נסטלה שוויץ - קפה,CH,קפסולות סטארבקס רוסט,גרמים,57.00,100 גרם,false,,21.50,37.7193,true,1,327789
7630477891738,false,סטארבקס קפסולות קפה אספרסו בלונד 10 יחיד,נסטלה שוויץ - קפה,CH,קפסולות סטארבקס בלונ,גרמים,53.00,100 גרם,false,,21.50,40.5660,true,1,327790
7638900431797,false,סוללות אנרג'ייזר 12יחAA,אנרגייזר,CN,מארז 12 סוללות אנרג',Unknown,0.00,יחידה,false,,19.90,0.0000,true,1,338318
7638900431803,false,סוללות אנרג'ייזר 12יחAAA,אנרגייזר,CN,מארז 12 סוללות אנרג',Unknown,0.00,יחידה,false,,19.90,0.0000,true,1,338319
7640103867709,false,שערות סבתא תות 3*15,אסאדא פוד,אנדונסיה,שערות סבתא תות 3*15,Unknown,0.00,יחידה,false,,9.90,0.0000,true,1,331924
7640171030524,false,ויסקי אברפלדי זהב 12,,,ויסקי אברפלדי זהב 12,מיליליטרים,700.00,"100 מ""ל",false,,249.90,35.7000,true,1,336775
7702018271788,false,"דאודורנט קליר ג'ילט בניחוח ספורט 70 מ""ל",פרוקטר אנד גמבל,PL,דאו גל גילט ספורט 70,גרמים,70.00,100 גרם,false,,14.90,21.2857,true,1,305566
7702018321582,false,דאודורנט סטיק לגבר Pro G Cool Wave,פרוקטר אנד גמבל,US,דאו סטיק גילט קול וו,גרמים,45.00,100 גרם,false,,17.90,39.7778,true,1,272635
7702018978106,false,"ג'ילט - דאודורנט ג'ל לגבר ארטיק אייס 70 מ""ל",פרוקטר אנד גמבל,PL,דאו גל גילט ארקטיק א,גרמים,150.00,100 גרם,false,,14.90,9.9333,true,1,266466
7702018978120,false,"ג'ילט - דאודורנט ג'ל לגבר קול וייב 70 מ""ל",פרוקטר אנד גמבל,PL,דאו גל גילט קליר ווי,גרמים,150.00,100 גרם,false,,14.90,9.9333,true,1,266467
7790040423015,false,עוגיות סנדוויץ אלפחו,,,עוגיות סנדוויץ אלפחו,גרמים,369.00,100 גרם,false,,19.90,5.3930,true,1,336304
7790580108489,false,ממרח בוטנים בון בון 290 גרם,ארקור,AR,ממרח בון בון 290 גרם,גרמים,290.00,100 גרם,false,,9.90,3.4138,true,1,339999
7790580412654,false,מארז בון בון צהוב 270 גרם,ארקור,MX,בונבוניירה בון בון צ,גרמים,270.00,100 גרם,false,,15.90,5.8889,true,1,318242
7790580421663,false,שוקולד בון בון ריבת חלב 288 גרם,ארקור,AR,בונבוניירה בון בון ר,גרמים,288.00,100 גרם,false,,15.90,5.5208,true,1,335964
7798382150019,false,אוכמניות טריות 125גרם,אראל תוצרת חקלאית בע,AR,אוכמניות יח,Unknown,0.00,יחידה,false,,8.90,0.0000,true,1,339642
7827062224358,false,חזה בקר מעושן 150 גרם,"דליקטס ארטיזנל בע""מ",IL,חזה בקר מעושן ONEG,גרמים,150.00,100 גרם,false,,24.90,16.6000,true,1,339885
8000008022310,false,מארז 18 סביבוני יהלו,,,מארז 18 סביבוני יהלו,Unknown,0.00,יחידה,false,,11.90,0.0000,true,1,340226
8000380192243,false,וופלים לואקר מקסי בטעם אגוז 200 גר',לואקר Loacker,AT,ופל אגוז לואקר 200 ג,גרמים,200.00,100 גרם,false,,11.90,5.9500,true,1,318936
8000380192250,false,וופלים לואקר מקסי בטעם שוקולד 200 גר',לואקר Loacker,AT,ופל שוקולד לואקר 200,גרמים,200.00,100 גרם,false,,11.90,5.9500,true,1,318935
8000380198221,false,"וופל לואקר מקסי דאבל שוקולד 200 גרם בד""צ",לואקר Loacker,AT,ופל דאבל שוקולד לואק,גרמים,200.00,100 גרם,false,,11.90,5.9500,true,1,325792
8000500172810,false,סוכריות בטעם תות שדה מנטה- מארז רביעייה,פררו - אלבה,EC,סוכריות טיק טק תות 4,גרמים,64.00,100 גרם,false,,9.90,15.4688,true,1,302914
8001090156839,false,פמפרס בייבי דריי מידה 4 86 יח,פרוקטר & גמבל,TR,חיתולי פמפרס בייבי ד,Unknown,0.00,יחידה,false,,64.90,0.0000,true,1,336050
8001090268679,false,פמפרס בייבי דריי מידה 3 100 יח,פרוקטר & גמבל,TR,חיתולי פמפרס בייבי ד,Unknown,0.00,יחידה,false,,64.90,0.0000,true,1,336045
8001090368553,false,פמפרס בייבי דריי מידה 6 68 יח,פרוקטר & גמבל,TR,חיתולי פמפרס בייבי ד,Unknown,0.00,יחידה,false,,64.90,0.0000,true,1,336051
8001090379368,false,פמפרס פרימיום קר חיתולים שלב 4 34 יח VP,פרוקטר אנד גמבל,PL,חיתולים פרימיום קר 8,Unknown,0.00,יחידה,false,,29.90,0.0000,true,1,313653
8001090458322,false,פיירי ורדים משי 1.015 מלי,פרוקטר אנד גמבל,GB,נוזל כלים פיירי ורדי,קילוגרמים,1.01,ליטר,false,,14.90,14.7525,true,1,328325
8001090493637,false,"הד אנד שולדרס שמפו אולטרא טוטאל קר 450 מ""ל",פרוקטר אנד גמבל,RO,שמפו הד&שולדרס אולטר,מיליליטרים,450.00,"100 מ""ל",false,,16.90,3.7556,true,1,312636
8001090802385,false,קפסולות גל לכביסה טייד בניחוח לנור 26 יח,פרוקטר אנד גמבל,FR,קפסולות ג'ל טייד 26,גרמים,592.00,100 גרם,false,,23.90,4.0372,true,1,321129
8001090832450,false,"שמפו פנטן הנוסחה הקלאסית 660 מ""ל",פרוקטר אנד גמבל,RO,שמפו פנטן קלאסי 660,מיליליטרים,660.00,"100 מ""ל",false,,18.90,2.8636,true,1,325922
8001090832535,false,"שמפו פנטן שמן מרוקאי משקם 660 מ""ל",פרוקטר אנד גמבל,RO,שמפו פנטן שמן מרוקאי,מיליליטרים,660.00,"100 מ""ל",false,,18.90,2.8636,true,1,325923
8001090832573,false,"שמפו פנטן לחות מוגברת 660 מ""ל",פרוקטר אנד גמבל,RO,שמפו פנטן לחות מוגבר,מיליליטרים,660.00,"100 מ""ל",false,,18.90,2.8636,true,1,326013
8001090832856,false,"פנטן 660 מ""ל קונדישינר מרוקאי משקם",פרוקטר אנד גמבל,RO,מרכך פנטן שמן מרוקאי,מיליליטרים,660.00,"100 מ""ל",false,,18.90,2.8636,true,1,325925
8001090832894,false,מרכך לשיער חלש ופגום לחות מוגברת,פרוקטר אנד גמבל,RO,מרכך פנטן לחות מוגבר,מיליליטרים,660.00,"100 מ""ל",false,,18.90,2.8636,true,1,325926
8001090992338,false,פיירי טבליות למדיח פלטינום פלוס 50 יחידו,פרוקטר אנד גמבל,BE,טבליות פיירי למדיח פ,גרמים,922.00,100 גרם,false,,44.90,4.8698,true,1,323712
8001841053806,false,תחבושות היגייניות אולוויז מקסי עבה לילה,פרוקטר אנד גמבל,HU,תחבושות אולוויז עבה,Unknown,0.00,יחידה,false,,9.90,0.0000,true,1,319971
8001841062624,false,פמפרס מגבונים לחים ללא בישום רביעייה,פרוקטר אנד גמבל.,DE,מגבונים פמפרס ללא בי,Unknown,0.00,יחידה,false,,15.90,0.0000,true,1,332360
8001841216584,false,תחבושות אולוויז אולטרה לילה בטוח,פרוקטר אנד גמבל,UA,תחבושות אלוויז קוואט,Unknown,0.00,יחידה,false,,28.90,0.0000,true,1,323673
8001841617893,false,שמפו פנטן לחות מוגבר,פרוקטר & גמבל,RO,שמפו פנטן לחות מוגבר,קילוגרמים,1.00,ליטר,false,,21.90,21.9000,true,1,332068
8001841619026,false,מרכך פנטן לחות מוגבר,פרוקטר & גמבל,RO,מרכך פנטן לחות מוגבר,קילוגרמים,1.00,ליטר,false,,21.90,21.9000,true,1,332069
8001841625287,false,סבון כלים פלטינום לימון X3 פעולות להסרת שומנים,פרוקטר אנד גמבל,GB,נוזל כלים פיירי פלטי,קילוגרמים,1.01,ליטר,false,,14.90,14.7525,true,1,333472
8001841625508,false,"נוזל כלים פיירי פלטינום אורגינל 1.015 ליטר בד""צ",פרוקטר אנד גמבל,GB,נוזל כלים פיירי פלטי,קילוגרמים,1.01,ליטר,false,,14.90,14.7525,true,1,333473
8001841669465,false,קפסולות לכביסה אריאל בניחוח לנור 24 יחידות,פרוקטר אנד גמבל,FR,קפסולות גל אריאל בני,Unknown,0.00,יחידה,false,,29.90,0.0000,true,1,337210
8001841669519,false,קפסולות לכביסה ALL IN ONE אריאל 55 יחידות,פרוקטר אנד גמבל,FR,קפסולות גל אריאל 55,פריט,1.39,"ק""ג",false,,54.90,39.4964,true,1,326345
8001841715957,false,"ג'ל רחצה ושמפו ניקוי אינטנסיסי האד אנד שולדרס 360 מ""ל","נארז ע""י : א.ג. גילר",FR,ג'ל רחצה ושמפו הד &,מיליליטרים,360.00,"100 מ""ל",false,,16.90,4.6944,true,1,332363
8001841716312,false,"ג'ל רחצה ושמפו ספורט האד אנד שולדרס 360 מ""ל","פרוקטר אנד גמבל, צרפ",FR,ג'ל רחצה ושמפו הד &,מיליליטרים,360.00,"100 מ""ל",false,,16.90,4.6944,true,1,332364
8001841716435,false,"ג'ל רחצה ושמפו לעור רגיש האד אנד שולדרס 360 מ""ל","נארז ע""י : א.ג. גילר",FR,ג'ל רחצה ושמפו הד &,מיליליטרים,360.00,"100 מ""ל",false,,16.90,4.6944,true,1,332365
8001841716596,false,"ג'ל רחצה ושמפו מרענן האד אנד שולדרס 360 מ""ל","נארז ע""י : א.ג. גילר",FR,ג'ל רחצה ושמפו הד &,מיליליטרים,360.00,"100 מ""ל",false,,16.90,4.6944,true,1,332362
8001841780818,false,פיירי - לימון 1.50 ליטר,פרוקטר & גמבל,TR,נוזל כלים פיירי לימו,קילוגרמים,1.50,ליטר,false,,8.90,5.9333,true,1,337789
8001841948119,false,"פיירי ארומטיקס תפוח 1050 מ""ל",פרוקטר & גמבל,GB,נוזל כלים פיירי תפוח,קילוגרמים,1.05,ליטר,false,,10.90,10.3810,true,1,331381
8002110383709,false,נוטרוגינה ס.נורבגית ק.ידיים לא מבושם 50מל,ניוטרוג'ינה Neutrogena,FR,קרם ידיים מרוכז ניוט,מיליליטרים,50.00,"100 מ""ל",false,,24.90,49.8000,true,1,339325
8002270436581,false,"שישיית מים סאן פלגרינו פלסט 500 מ""ל",סן-פלגרינו,IT,מים סאן פלגרינו 6*50,קילוגרמים,3.00,ליטר,false,,19.90,6.6333,true,1,316765
8003440996577,false,מנטוס מסטיק בקופסא בטעם אבטיח 12 יחידות,פרפטי ואן מלה ברדה,TR,מסטיק מנטוס פיור בטע,גרמים,336.00,100 גרם,false,,24.90,7.4107,true,1,337263
8003440997222,false,מנטוס מסטיק בקופסא בטעם תות 12 יחידות,פרפטי ואן מלה ברדה,TR,מסטיק מנטוס פיור בטע,גרמים,336.00,100 גרם,false,,24.90,7.4107,true,1,337264
8003440997833,false,מסטיק פיור פרש 100 יח בשקית בטעם פירות מנטה,פרפטי ואן מלה ברדה,TR,מסטיק מנטוס פיור פרש,גרמים,200.00,100 גרם,false,,19.90,9.9500,true,1,332566
8003440997857,false,מסטיק פיורפרש מנטה אריזת חיסכון 200 גר,פרפטי ואן מלה ברדה,TR,מסטיק מנטוס פיור פרש,גרמים,200.00,100 גרם,false,,19.90,9.9500,true,1,332567
8003440997871,false,מסטיק פיורפרש תות אריזת חיסכון 200 ג,פרפטי ואן מלה ברדה,TR,מסטיק מנטוס פיור פרש,גרמים,200.00,100 גרם,false,,19.90,9.9500,true,1,332568
8003750001732,false,ליקר ביצ'רין שוקולד,וינסנזי,IT,ליקר ביצ'רין שוקולד,מיליליטרים,700.00,"100 מ""ל",false,,69.90,9.9857,true,1,324435
8003750001749,false,ליקר ביצ'רין אגוזי ל,וינסנזי,IT,ליקר ביצ'רין אגוזי ל,מיליליטרים,700.00,"100 מ""ל",false,,69.90,9.9857,true,1,324436
8003750001756,false,ליקר ביצ'רין קפה 700,וינסנזי,IT,ליקר ביצ'רין קפה 700,מיליליטרים,700.00,"100 מ""ל",false,,69.90,9.9857,true,1,324437
8005200256587,false,נסטי - תה קר בטעם אפרסק 1.5 ליטר,מפעל סאנפלגרינו S.P.A,IT,נסטי בטעם אפרסק 1.5,קילוגרמים,1.50,ליטר,false,,7.90,5.2667,true,1,334331
8005200286584,false,נסטי- תה קר - בטעם מנגו אננס 1.5 ליטר,מפעל סאנפלגרינו S.P.A,IT,נסטי בטעם מנגו אננס,קילוגרמים,1.50,ליטר,false,,7.90,5.2667,true,1,334332
8005200316588,false,תה קר דיאט בטעם אפרסק נסטי 1.5 ליטר,מפעל סאנפלגרינו s.p.a,IT,נסטי דיאט אפרסק 1.5,קילוגרמים,1.50,ליטר,false,,7.90,5.2667,true,1,334333
8006540112793,false,"מרכך כביסה מרוכז בניחוח יסמין לנור 900 מ""ל",פרוקטר אנד גמבל,US,מרכך מרוכז לנור יסמי,מיליליטרים,900.00,"100 מ""ל",false,,14.90,1.6556,true,1,332715
8006540112823,false,"לנור מרכך כביסה מרוכז בניחוח האוקיינוס 900 מ""ל",פרוקטר אנד גמבל,FR,מרכך מרוכז לנור אוקי,מיליליטרים,900.00,"100 מ""ל",false,,14.90,1.6556,true,1,331843
8006540112854,false,"מרכך כביסה מרוכז בניחוח סחלב לנור 900 מ""ל",פרוקטר אנד גמבל,US,מרכך מרוכז לנור סחלב,מיליליטרים,900.00,"100 מ""ל",false,,14.90,1.6556,true,1,331570
8006540252468,false,אולוויז פלטינום נורמל 48 יח,פרוקטר & גמבל,HU,תחבושות אלוויז פלטינ,Unknown,0.00,יחידה,false,,32.90,0.0000,true,1,337216
8006540252499,false,אולוויז פלטינום לונג 40 יח,פרוקטר & גמבל,HU,תחבושות אלוויז פלטינ,Unknown,0.00,יחידה,false,,32.90,0.0000,true,1,337217
8006540252529,false,אולוויז פלטינום לילה 32 יח,פרוקטר & גמבל,HU,תחבושות אלוויז פלטינ,Unknown,0.00,יחידה,false,,32.90,0.0000,true,1,337218
8006540353004,false,טמפקס פרל סופר 18 יחידות חדש,פרוקטר אנד גמבל,HU,טמפונים טמפקס פרל סו,Unknown,0.00,יחידה,false,,19.90,0.0000,true,1,334342
8006540383087,false,טבליות למדיח פיירי פלטינום פלוס דיפ קלין 42 יחידות,פרוקטר אנד גמבל,BE,טבליות פיירי פלטינום,גרמים,922.00,100 גרם,false,,44.90,4.8698,true,1,337208
8006540404850,false,דיסקריט תחבושות לבריחת שתן לונג 10 יח,פרוקטר & גמבל,DE,תחבושות אלוויז דיסקר,Unknown,0.00,יחידה,false,,13.90,0.0000,true,1,338068
8006540404898,false,אולוויז דיסקריט לבריחת שתן לונג פלוס 8יח,פרוקטר & גמבל,DE,תחבושות אלוויז דיסקר,Unknown,0.00,יחידה,false,,13.90,0.0000,true,1,338069
8006540404935,false,דיסקריט תחבושות לבריחת שתן נורמל 12 יח,פרוקטר & גמבל,DE,תחבושות אלוויז דיסקר,Unknown,0.00,יחידה,false,,13.90,0.0000,true,1,338070
8006540405031,false,דיסקריט תחבושות לבריחת שתן סמול פלוס 16,פרוקטר & גמבל,DE,תחבושות אלוויז דיסקר,Unknown,0.00,יחידה,false,,13.90,0.0000,true,1,338071
8006540425930,false,אריאל קפסולות לכביסה ג'ל 24 יח' לכתמים קשים,פרוקטר אנד גמבל,FR,קפסולות גל אריאל אקס,Unknown,0.00,יחידה,false,,29.90,0.0000,true,1,337209
8006540463550,false,פיירי טבליות למדיח פלטינום 63 יחידות,פרוקטר אנד גמבל,BE,טבליות פיירי פלטינום,גרמים,939.00,100 גרם,false,,44.90,4.7817,true,1,337826
8006540465127,false,אבקת כביסה אריאל 7 קג,פרוקטר & גמבל,TR,"אבקת אריאל 7 ק""ג",פריט,7.00,"ק""ג",false,,47.90,6.8429,true,1,340060
8006540495186,false,לנור מרכך כביסה מרוכז רגיש בייבי 900 מל,פרוקטר אנד גמבל,FR,מרכך מרוכז לנור בייב,מיליליטרים,900.00,"100 מ""ל",false,,14.90,1.6556,true,1,337600
8006540495216,false,"לנור מרכך כביסה מרוכז בניחוח אמאטיסט 900 מ""ל",פרוקטר אנד גמבל,FR,מרכך מרוכז לנור זר פ,מיליליטרים,900.00,"100 מ""ל",false,,14.90,1.6556,true,1,337653
8006540495247,false,"לנור מרכך כביסה מרוכז בניחוח פרחי בר 900 מ""ל",פרוקטר אנד גמבל,FR,מרכך מרוכז לנור בניח,מיליליטרים,900.00,"100 מ""ל",false,,14.90,1.6556,true,1,338638
8007178120310,false,חומץ בלסמי ד'מודנה Giacobazzi,פטורייה ג'יאקובאזי ס,IT,חומץ בלסמי גקובזי 50,מיליליטרים,500.00,"100 מ""ל",false,,17.90,3.5800,true,1,267567
8007178223547,false,קרם מצומצם עם חומץ בלסמי ממודנה,פארייפאבה אגרואינדוס,IT,קרם מצומצם עם חומץ ב,מיליליטרים,250.00,"100 מ""ל",false,,21.90,8.7600,true,1,337767
8008660210052,false,מעדן פרי תפוז מנז אנד גאסר ויסוצקי 320 גרם,מנז אנד גאסר Menz&Gasser,IT,מעדן פרי תפוז מנז אנ,גרמים,320.00,100 גרם,false,,11.90,3.7188,true,1,336855
8018068031395,false,נסקוטש 6 יח,YIWU HANGYUE I&E,CN,נסקוטש 6 יח,Unknown,0.00,יחידה,false,,19.90,0.0000,true,1,324498
8034108740454,false,תפוח עץ סטורי בי & ב,אראל תוצרת חקלאית בע,IL,תפוח עץ סטורי בי & ב,פריט,1.00,"ק""ג",false,,9.90,9.9000,true,1,337094
8034108740461,false,תפוח עץ חרמון בי & ב,אראל תוצרת חקלאית בע,IL,תפוח עץ חרמון בי & ב,פריט,1.00,"ק""ג",false,,9.90,9.9000,true,1,337118
8034108740478,false,תפוח עץ מוזהב גולדן,אראל תוצרת חקלאית בע,IL,תפוח עץ מוזהב גולדן,פריט,1.00,"ק""ג",false,,9.90,9.9000,true,1,337087
8034108740485,false,תפוח עץ סמיט בי & בי,אראל תוצרת חקלאית בע,IL,תפוח עץ סמיט בי & בי,פריט,1.00,"ק""ג",false,,9.90,9.9000,true,1,337157
8034108740508,false,תפוח עץ גאלה בי & בי,אראל תוצרת חקלאית בע,IL,תפוח עץ גאלה בי & בי,פריט,1.00,"ק""ג",false,,9.90,9.9000,true,1,338227
8034108740515,false,תפוח עץ גאלה בי & בי,אראל תוצרת חקלאית בע,IL,תפוח עץ גאלה בי & בי,פריט,1.00,"ק""ג",false,,9.90,9.9000,true,1,338995
8034108740539,false,תפוח עץ גולד רוז,אראל תוצרת חקלאית בע,IL,תפוח עץ גולד רוז,פריט,1.00,"ק""ג",false,,8.90,8.9000,true,1,339298
8076800195057,false,ברילה - צ.א ספגטי מס5 חדש 500 גרם,ברילה גי.אי.אר פרטלי ס.פ,IT,ספגטי ברילה מס 5 500,גרמים,500.00,100 גרם,false,,6.90,1.3800,true,1,270579
8076802085738,false,ברילה צ.ק פנה רגטה מס' 73 500 גרם,ברילה גי.אי.אר פרטלי ס.פ,IT,פסטה ברילה פנה רגטה,גרמים,500.00,100 גרם,false,,6.90,1.3800,true,1,270577
8076802085837,false,ברילה - צ.ק טורטליוני מס83 500 גרם,הנסיך- מפעל לייצור ט,IT,פסטה ברילה טורטליוני,גרמים,500.00,100 גרם,false,,6.90,1.3800,true,1,300938
8076802085936,false,ברילה - פסטה קונצילה ריגטה 500 גרם,ברילה גי.אי.אר פרטלי ס.פ,IT,פסטה ברילה קונצילה ר,גרמים,500.00,100 גרם,false,,6.90,1.3800,true,1,279274
8076802085981,false,ברילה - צ.ק פוזילי חדש 500 גרם,ברילה גי.אי.אר פרטלי ס.פ,IT,פסטה ברילה פוזילי 50,גרמים,500.00,100 גרם,false,,6.90,1.3800,true,1,270582
8076808060654,false,פסטה פרפלה מספר 65 ברילה 500 גרם,ברילה גי.אי.אר פרטלי ס.פ,IT,פרפלה ברילה מס 65 50,גרמים,500.00,100 גרם,false,,6.90,1.3800,true,1,270581
8076809512268,false,פסטה גירנדולה טורסדס מספר 34 ברילה 500 גרם,ברילה גי.אי.אר פרטלי ס.פ,IT,פסטה ברילה גירנדולה,גרמים,500.00,100 גרם,false,,6.90,1.3800,true,1,270583
8076809513388,false,רוטב לפסטה ארביאטה ברילה 400 גרם,ברילה גי.אי.אר פרטלי ס.פ,IT,רוטב עגבניות ארביאטה,גרמים,400.00,100 גרם,false,,11.90,2.9750,true,1,271787
8076809513395,false,ברילה פומודורו רוטב עגבניות קלאסי 400 גר,ברילה גי.אי.אר פרטלי ס.פ,IT,רוטב עגבניות פומודור,גרמים,400.00,100 גרם,false,,11.90,2.9750,true,1,271786
8076809513654,false,בסיס רוטב עגבניות לבולונז ברילה 400 גרם,ברילה גי.אי.אר פרטלי ס.פ,IT,רוטב בסיס לבולונז בר,גרמים,400.00,100 גרם,false,,11.90,2.9750,true,1,271785
8076809513739,false,ברילה רוטב עגבניות עם בזיליקום 400 גרם,ברילה גי.אי.אר פרטלי ס.פ,IT,רוטב עגבניות בזיליקו,גרמים,400.00,100 גרם,false,,11.90,2.9750,true,1,271789
8076809523561,false,רוטב עגבניות עם עשבי תיבול 400 ג' ברילה,ברילה גי.אי.אר פרטלי ס.פ,IT,רוטב עגבניות טוסקנה,גרמים,400.00,100 גרם,false,,11.90,2.9750,true,1,271784
8076809523738,false,דפי לזניה ברילה 500 גרם,ברילה גי.אי.אר פרטלי ס.פ,IT,לזניה ברילה 500 גרם,גרמים,500.00,100 גרם,false,,19.90,3.9800,true,1,270587
8076809545440,false,ספגטי 5 ברילה ללא גלוטן 400 גרם,ברילה ג'.אי.אר פרטלי,IT,ספגטי ל.גלוטן ברילה,גרמים,500.00,100 גרם,false,,14.90,2.9800,true,1,303554
8076809545457,false,ברילה אטריות ללא גלוטן 400 ג' צינורות 400 ג',ברילה ג'.אי.אר פרטלי,IT,פסטה פנה ל.גלוטן ברי,גרמים,400.00,100 גרם,false,,14.90,3.7250,true,1,303555
8076809545464,false,ברילה פסטה ללא גלוטן צורת ספירלי 400 גר,מולינו אנדריאני אס.א,IT,פסטה פוסילי ל.גלוטן,גרמים,500.00,100 גרם,false,,14.90,2.9800,true,1,303556
8076809576352,false,ברילה לזניה ללא גלוטן 250 גרם,ברילה גי.אי.אר פרטלי,IT,לזניה ל. גלוטן ברילה,גרמים,250.00,100 גרם,false,,19.90,7.9600,true,1,336242
8410076600790,false,נייצ'ר ואלי - חטיף שיבולת שועל עם דבש 210 גרם 1/5,ג'נרל מילס,ES,מארז נייטשר ואלי שיב,גרמים,210.00,100 גרם,false,,9.90,4.7143,true,1,308966
8410076600806,false,נייצ'ר וואלי - חטיף שיבולת שועל סירוף מייפל 210 גרם 1/5,ג'נרל מילס,ES,מארז נייטשר ואלי סיר,גרמים,210.00,100 גרם,false,,9.90,4.7143,true,1,309836
8410104039134,false,"מנקה ומחדש מדיח כלים פיניש 250 מ""ל",הדקלאים אגודת שיתופי,PL,מנקה מדיח פיניש 250,מיליליטרים,250.00,"100 מ""ל",false,,14.90,5.9600,true,1,263516
8410104044916,false,פיניש אבקה למדיח 2.7 לימון,רקיט בנקיזר,PL,אבקה למדיח פיניש 2.7,פריט,2.70,"ק""ג",false,,39.90,14.7778,true,1,263517
8410104045111,false,"פיניש מלח למדיח כלים 2ק""ג",רקיט בנקיזר,IL,"מלח למדיח פיניש 2 ק""",פריט,2.00,"ק""ג",false,,12.90,6.4500,true,1,283726
8410104437268,false,פיניש דאו ציטרופרש מנטה,רקיט בנקיזר,HU,מפיג ריח פיניש רענן,Unknown,0.00,יחידה,false,,14.90,0.0000,true,1,268563
8410104511340,false,ויט רצועות שעווה מוכנות לעור יבש 12 יחידות,רקיט בנקיזר צרפת,FR,רצועות שעווה לעור יב,Unknown,0.00,יחידה,false,,19.90,0.0000,true,1,326847
8435188458053,false,רפידת ספוג לנעליים,,,רפידת ספוג לנעליים,Unknown,0.00,יחידה,false,,12.90,0.0000,true,1,269073
8436575292205,false,ארטיק חמשושים מאגדת 15*12 גר',גלידות נסטלה )נגה גלידות,IL,שלגוני חמשושים 15 יח,גרמים,180.00,100 גרם,false,,18.90,10.5000,true,1,319730
8445290046284,false,רד מאג נס קפה קלאסיק 220 גרם,נסטלה ספרד קפה,ES,קפה נמס מגורען רד מא,גרמים,220.00,100 גרם,false,,21.90,9.9545,true,1,338609
8681873024519,false,כוסות פלסטיק חד פעמי 100 יח',פאלאס,CN,"כוסות ח""פ 100 יח",Unknown,0.00,יחידה,false,,5.90,0.0000,true,1,339389
8690120160177,false,מארז וופל נאמבר וואן 24 יחידות,קומרה,TR,ופל מצופה קרם אגוזים,גרמים,840.00,100 גרם,false,,24.90,2.9643,true,1,334751
8690120160405,false,וופל נאמבר וואן ירוק 24 יחידות,קומרה,TR,ופל מצופה שוקולד חלב,גרמים,840.00,100 גרם,false,,24.90,2.9643,true,1,336155
8690120566139,false,וופל מצופה שוקולד מריר 35ג'*24 יח' NO1,קומרה,TR,ופל מצופה שוקולד מרי,גרמים,840.00,100 גרם,false,,24.90,2.9643,true,1,339981
8690646389250,false,פתיבר קלאסי בריידמן,אוילום,TR,פתיבר קלאסי בריידמן,פריט,1.00,"ק""ג",false,,11.90,11.9000,true,1,339881
8690646389267,false,פתיבר בטעם שוקולד בר,אוילום,TR,פתיבר בטעם שוקולד בר,פריט,1.00,"ק""ג",false,,11.90,11.9000,true,1,339882
8692952052491,false,סט 3 כוסות יין דגם ל,,,סט 3 כוסות יין דגם ל,Unknown,0.00,יחידה,false,,14.90,0.0000,true,1,339825
8692952202506,false,סט 3 כוסות יין דגם ט,,,סט 3 כוסות יין דגם ט,Unknown,0.00,יחידה,false,,14.90,0.0000,true,1,339826
8693029032101,false,ליקריץ חתוך קולה מסוכר ר,סארבאן קונפקטינרי,TR,לקריץ חתוך פרוט בייט,גרמים,500.00,100 גרם,false,,19.90,3.9800,true,1,336150
8693029032118,false,פרויטבייטס תות 500 גרם,סארבאן קונפקטינרי,TR,לקריץ חתוך פרוט בייט,גרמים,500.00,100 גרם,false,,19.90,3.9800,true,1,336151
8693029032132,false,פרויטבייטס אוכמניות 500 גרם,סארבאן קונפקטינרי,TR,לקריץ חתוך פרוט בייט,גרמים,500.00,100 גרם,false,,19.90,3.9800,true,1,336154
8693029032156,false,ליקריץ חתוך תות רובין,סארבאן קונפקטינרי,TR,לקריץ חתוך פרוט בייט,גרמים,500.00,100 גרם,false,,19.90,3.9800,true,1,336152
8693029032163,false,פרויטבייטס פירות 500 גרם,סארבאן קונפקטינרי,TR,לקריץ חתוך פרוט בייט,גרמים,500.00,100 גרם,false,,19.90,3.9800,true,1,336153
8693029032170,false,ליקריץ חתוך אבטיח מסוכר,סארבאן קונפקטינרי,TR,לקריץ חתוך פרוט בייט,גרמים,500.00,100 גרם,false,,19.90,3.9800,true,1,336149
8693029034310,false,ליקריץ קוביות תות רובין,אונטד גידה,TR,לקריץ קוביות פרוט קי,גרמים,500.00,100 גרם,false,,19.90,3.9800,true,1,336188
8693029034341,false,ליקריץ קוביות פירות מסוכ,אונטד גידה,TR,לקריץ קוביות פרוט קי,גרמים,500.00,100 גרם,false,,19.90,3.9800,true,1,336187
8693029050808,false,פרוט רופ בטעם תות 50,אונטד גידה,TR,פרוט רופ בטעם תות 50,פריט,1.00,"ק""ג",false,,49.90,49.9000,true,1,338956
8693029050815,false,פרוט רופ בטעם אוכמני,אונטד גידה,TR,פרוט רופ בטעם אוכמני,פריט,1.00,"ק""ג",false,,49.90,49.9000,true,1,338957
8693029050822,false,פרוט רופ בטעם קולה 5,אונטד גידה,TR,פרוט רופ בטעם קולה 5,פריט,1.00,"ק""ג",false,,49.90,49.9000,true,1,338958
8693029050839,false,פרוט רופ בטעם אבטיח,אונטד גידה,TR,פרוט רופ בטעם אבטיח,פריט,1.00,"ק""ג",false,,49.90,49.9000,true,1,338959
8693495052177,false,פלמוליב נטורלס תחליב רחצה זיתים 750 מל,קולגייט פלמוליב,TR,תחליב פלמוליב זיתים,מיליליטרים,750.00,"100 מ""ל",false,,19.50,2.6000,true,1,315172
8693495054058,false,סבון נוזלי פלמוליב לומינוס עם תמציות שמן מקדמיה,קולגייט פלמוליב,TR,ג'ל רחצה פלמוליב לומ,מיליליטרים,750.00,"100 מ""ל",false,,19.50,2.6000,true,1,333930
8697420697914,false,זיתים שחורים יבשים במלח 700 ג',אונטד גידה,TR,זית שחור יבש קרן 700,גרמים,700.00,100 גרם,false,,14.90,2.1286,true,1,317455
8697826469092,false,טורטיה קטנה שקדיה 540 גרם 12 יחידות,דין שיווק,TR,טורטיות 12*45 גרם,גרמים,540.00,100 גרם,false,,9.90,1.8333,true,1,270123
8698829381152,false,טורטיה דורום 18*90 ג,מוטלוקאל גידה סאן טי,TR,טורטיה דורום 18*90 ג,פריט,1.62,"ק""ג",false,,19.90,12.2840,true,1,337509
8699905720025,false,סוכריות בטעם פירות 500 גרם,סארבאן קונפקטינרי,TR,סוכריות קשות בטעמי פ,גרמים,500.00,100 גרם,false,,17.90,3.5800,true,1,339341
8699905720032,false,סוכריות בטעם ליקריץ' 500 גרם,סארבאן קונפקטינרי,TR,סוכריות קשות בטעם לי,גרמים,500.00,100 גרם,false,,17.90,3.5800,true,1,339342
8699905720049,false,סוכריות קשות בטעם מנטה ר,סארבאן קונפקטינרי,TR,סוכריות קשות בטעם מנ,גרמים,500.00,100 גרם,false,,17.90,3.5800,true,1,339343
8699905720575,false,מעיין פרוט טאפי חמוץ,קונרק טינטי,TR,פרוט טאפי חמוץ מיקס,גרמים,240.00,100 גרם,false,,9.90,4.1250,true,1,332122
8699905720698,false,טופי חמוץ אקסטרים בט,סאדת גידה,TR,טופי חמוץ אקסטרים בט,גרמים,256.00,100 גרם,false,,9.90,3.8672,true,1,336081
8699905720704,false,טופי חמוץ אקסטרים בט,סאדת גידה,TR,טופי חמוץ אקסטרים בט,גרמים,256.00,100 גרם,false,,9.90,3.8672,true,1,336082
8710428005755,false,תרכובת מזון לתינוקות על בסיס חלבון סויה איזומיל שלב 1,"אבוט מעבדות רפואיות בע""מ",NL,סימילאק איזומיל טף ש,גרמים,400.00,100 גרם,false,,39.90,9.9750,true,1,271920
8710428005762,false,תרכובת מזון לתינוקות על בסיס חלבון סויה איזומיל טף שלב 2,"אבוט מעבדות רפואיות בע""מ",NL,סימילאק איזומיל טף ש,גרמים,400.00,100 גרם,false,,39.90,9.9750,true,1,271921
8710502194825,false,מרבה - עוגיות שוקוצ'יפס כשר למהדרין 150 גרם,מרבה הולנד,NL,עוגיות שוקולד ציפס מ,גרמים,150.00,100 גרם,false,,4.90,3.2667,true,1,276385
8710800961310,false,סוכריות בטעם תות מנטוס 4*375 גרם,פרפטי ואן מלה ברדה,NL,מנטוס תות 4 יח,גרמים,150.00,100 גרם,false,,9.90,6.6000,true,1,263559
8710847962592,false,אקס דאודורנט בודי ספריי פינק פפר,"יוניליוור אנגליה, דרך קו",GB,דאו ספריי אקס פינק פ,מיליליטרים,200.00,"100 מ""ל",false,,9.90,4.9500,true,1,325481
8711000362617,false,לור קפסולות קפה אספרסו לונגו פרופונדו 8,ג'\קובס דאו אגברטס צרפת,FR,קפסולות לור לונגו פר,גרמים,52.00,100 גרם,false,,19.90,38.2692,true,1,319191
8711000362631,false,קפסולות קפה תואמות נספרסו אוניקס 12 ל'אור 10 יחידות,גיקובס דאו אגברטס צרפת,FR,קפסולות לור אוניקס ל,גרמים,52.00,100 גרם,false,,19.90,38.2692,true,1,319192
8711000371183,false,ג'ייקובס קפסולות קפה אספרסו אינטסו עוצמה 10,ג'ייקובס דאו אגברטס צרפת,FR,קפסולות גייקובס אינט,גרמים,52.00,100 גרם,false,,16.90,32.5000,true,1,319186
8711000371206,false,ג'ייקובס קפסולות קפה אספרסו ריסטרטו עוצמה 12,ג'ייקובס דאו אגברטס צרפת,FR,קפסולות גייקובס ריסט,גרמים,52.00,100 גרם,false,,16.90,32.5000,true,1,319187
8711700665834,false,סבון מוצק ניחוח מלפפון תה ירוק דאב 600 גרם מארז 6 יחידות,יוניליוור גרמניה (בו,DE,סבון מוצק דאב מלפפון,גרמים,600.00,100 גרם,false,,11.90,1.9833,true,1,268920
8714599410530,false,גייקובס קרונינג שקית רפיל 200 גרם,ג'יי.די.אי.,UA,קפה גיקובס קרוננג בש,גרמים,200.00,100 גרם,false,,19.90,9.9500,true,1,313692
8714599512159,false,קפה נמס ג'קובס מונארך190,"אל.אל.סי ""גייקובס דא",RU,קפה גיקובס מונרך 190,גרמים,190.00,100 גרם,false,,17.90,9.4211,true,1,317998
8714599513781,false,"קפה נמס מיובש בהקפאה זהב צנצנת ג'ייקובס 200 גרם לל""ס",אל.אל. סי ג''יקובס דאו א,RU,קפה גיקובס קרנט זהב,גרמים,200.00,100 גרם,false,,19.90,9.9500,true,1,304385
8714599513866,false,"קפה נמס מיובש בהקפאה קרונג צנצנת ג'ייקובס 200 גרם לל""ס",אל.אל.סי גייקובס דאו,DE,קפה גיקובס קרוננג 20,גרמים,200.00,100 גרם,false,,24.90,12.4500,true,1,304384
8714789177229,false,רבעיית מברשות שיניים קולגייט אקסטרה קלין 1 יחידה,הנסיך- מפעל לייצור ט,CN,מברשת קולגייט מדיום,Unknown,0.00,יחידה,false,,9.90,0.0000,true,1,268239
8714789402918,false,נוזל לניקוי כללי ורצפות בניחוח פרחי בר אג'קס 1.5 ליטר,הנסיך- מפעל לייצור ט,GR,אגקס חגיגת הפרחים אד,קילוגרמים,1.50,ליטר,false,,18.90,12.6000,true,1,277418
8714789402932,false,נוזל לניקוי כללי ורצפות בניחוח ורדי בוקר אג'קס 1.5 ליטר,הנסיך- מפעל לייצור ט,GR,אגקס חגיגת הפרחים ור,קילוגרמים,1.50,ליטר,false,,18.90,12.6000,true,1,277419
8714789402970,false,נוזל לניקוי כללי ורצפות בניחוח פרחי אביב אגק'ס 1.5 ליטר,הנסיך- מפעל לייצור ט,GR,אגקס חגיגת הפרחים פר,קילוגרמים,1.50,ליטר,false,,18.90,12.6000,true,1,277420
8715700115849,false,מתבל עגבניות היינץ1.35קג,היינץ,US,"קטשופ היינץ 1.35 ק""ג",פריט,1.35,"ק""ג",false,,11.90,8.8148,true,1,316429
8715700423906,false,היינץ מתבל עגבניות מופחת סוכר ומלח 50/50 550 גרם,היינץ צפון אמריקה מק,NL,מתבל עגבניות היינץ 5,גרמים,555.00,100 גרם,false,,9.90,1.7838,true,1,332902
8718114047249,false,דאב סבון מוצק לבן 6*100 גרם,יוניליוור גרמניה (בו,DE,סבון מוצק דאב קלאסי,גרמים,600.00,100 גרם,false,,11.90,1.9833,true,1,265370
8718114724485,false,מיונז לחיץ הלמנס 705,יוניליוור,GB,מיונז לחיץ הלמנס 705,גרמים,705.00,100 גרם,false,,15.90,2.2553,true,1,338613
8718951093331,false,מרידול זוג מברשות שיניים אקסטרה סופט,קולגייט פלמוליב,CH,מברשת מרידול אקסטרה,Unknown,0.00,יחידה,false,,27.90,0.0000,true,1,319260
8718951159808,false,מברשות שיניים 360 מדיום- מארז שלישייה,קולגייט-פלמוליב,CN,מברשת קולגייט 360 מד,Unknown,0.00,יחידה,false,,24.90,0.0000,true,1,316003
8718951259409,false,"פלמוליב תחליב רחצה נטורלס לעור עדין 750 מ""ל",קולגייט פלמוליב,IT,תחליב פלמוליב נטורלס,מיליליטרים,750.00,"100 מ""ל",false,,19.50,2.6000,true,1,338771
8718951264618,false,"קולגייט אופטיק וייט פחם צ'רקול משחת שיניים, 75 מ""ל",קולגייט-פלמוליב,PL,משחת קולגייט אופטיק,גרמים,75.00,100 גרם,false,,28.90,38.5333,true,1,328765
8718951265103,false,קולגייט זוג מברשת שיניים אולטרה סופט,קולגייט פלמוליב,CN,מברשת קולגייט אולטרה,Unknown,0.00,יחידה,false,,29.90,0.0000,true,1,322502
8718951289833,false,פלמוליב סבון מוצק רביעייה לומינוס 360 ג,קולגייט פלמוליב,TR,סבון מוצק פלמוליב לו,גרמים,360.00,100 גרם,false,,16.50,4.5833,true,1,323713
8718951315303,false,"קולגייט אדומה משחת שיניים להגנה מפני עששת 2*100 מ""ל",קולגייט-פלמוליב,PL,משחת קולגייט מקסימום,גרמים,200.00,100 גרם,false,,16.90,8.4500,true,1,330015
8718951361485,false,"משחת שיניים הלבנה מתקדמת עם פחם 75 מ""ל קולגייט",קולגייט פלמוליב,PL,משחת קולגייט הלבנה פ,מיליליטרים,150.00,"100 מ""ל",false,,26.90,17.9333,true,1,335362
8718951370135,false,פלמוליב ס.נוזלי ארומה סנסיישן גלואו 750,קולגייט פלמוליב,TR,תחליב פלמוליב ארומה,מיליליטרים,750.00,"100 מ""ל",false,,19.50,2.6000,true,1,326849
8718951385290,false,נוזל לניקוי כללי ורצפות אג'קס 2 ליטר,קולגייט פלמוליב,GR,נוזל אג'קס מרענן 2 ל,קילוגרמים,2.00,ליטר,false,,17.90,8.9500,true,1,329850
8718951409798,false,זוג מברשות שיניים מקס וויט פחם קולגייט,הנסיך- מפעל לייצור ט,PL,מברשת קולגייט מקס וו,Unknown,0.00,יחידה,false,,24.90,0.0000,true,1,334453
8718951431614,false,"סבון רחצה פלמוליב סו פירם מינרלים משאבה 750 מ""ל",קולגייט פלמוליב,TR,ג'ל רחצה פלמוליב פיר,מיליליטרים,750.00,"100 מ""ל",false,,19.50,2.6000,true,1,334168
8718951433120,false,קולגייט טוטאל משחת שיניים לילדים לגילאי,קולגייט פלמוליב,PL,משחת קולגייט טוטאל ג,מיליליטרים,50.00,"100 מ""ל",false,,14.90,29.8000,true,1,338420
8718951509627,false,"קולגייט אופטיק וייט לאוהבי קפה ותה משחת שיניים 75 מ""ל",קולגייט פלמוליב,PL,משחת קולגייט אופטיק,גרמים,75.00,100 גרם,false,,28.90,38.5333,true,1,337123
8718973062391,false,סט פותחן בקבוקים,,,סט פותחן בקבוקים,Unknown,0.00,יחידה,false,,49.90,0.0000,true,1,339829
8719200998001,false,מרגרינה לאפיה ובישול בלי מלח 200 ג' בלו בנד,יוניליוור ישראל מזון בע\,IL,מרגרינה ללא מלח בלוב,גרמים,200.00,100 גרם,false,,4.30,2.1500,true,1,324457
8719200998018,false,מחמאה מרגרינה בטעם חמאה בלובנד 200 גרם,"מיוצר ע""\י יוניליוור ישר",IL,מחמאה בלובנד 200 גרם,גרמים,200.00,100 גרם,false,,4.30,2.1500,true,1,324032
8719200998032,false,"מרגרינה מזולה גלורי טעם חמאה 250גר 8 יחידות - כשל""פ","מיוצר ע""\י יוניליוור ישר",IL,מרגרינה 3/4 שומן טעם,גרמים,250.00,100 גרם,false,,9.30,3.7200,true,1,323961
8719200998049,false,"מרגרינה מזולה גלורי רגיל 250גר 8 יחידות -כשל""פ","מיוצר ע""\י יוניליוור ישר",IL,מרגרינה מזולה 250 גר,גרמים,250.00,100 גרם,false,,9.30,3.7200,true,1,324140
8719200998094,false,"מרגרינה מזולה לאפיה ללא תוספת מלח 200גר - 40 יח' -כשל""פ","מיוצר ע""\י יוניליוור ישר",IL,מרגרינה מזולה 200 גר,גרמים,200.00,100 גרם,false,,4.90,2.4500,true,1,324339
8719200998100,false,מרגרינה מזולה לאפיה טעם חמאה 200גר - 40 יח',פארייפאבה אגרואינדוס,IL,מרגרינה בטעם חמאה מז,גרמים,200.00,100 גרם,false,,4.90,2.4500,true,1,323962
8723400756552,false,מארז סוכריות מנטוס Mentos ריינבואו,פרפטי ואן מלה ברדה,NL,מנטוס צבעי הקשת 4 יח,גרמים,150.00,100 גרם,false,,9.90,6.6000,true,1,269261
8801055707966,false,קפה טייסטר צו'יס נס קפה בריסטה 180ג',נסטלה קוריאה - קפה,KR,קפה נמס טסטרס צויס ב,גרמים,180.00,100 גרם,false,,29.90,16.6111,true,1,306246
8809168840471,false,חטיף אצות מיובשות 9*4.5 גרם,ג'י וואן גלובול נאט,KR,חטיף אצות מיובשות מז,גרמים,40.50,100 גרם,false,,22.90,56.5432,true,1,331847
8850006932964,false,מארז מברשות שיניים טוויסטר קולגייט חמישייה,קולגייט פלמוליב,VN,מברשת קולגייט טוויסט,Unknown,0.00,יחידה,false,,17.90,0.0000,true,1,329249
8850180040028,false,קמח טמפורה להכנת בלי,קרנחם אוטאי פחרה,TH,טמפורה מזרח ומערב 50,גרמים,500.00,100 גרם,false,,10.90,2.1800,true,1,324520
8850367992164,false,קרם קוקוס 250 מל 20-22% ללא חומר משמר,טאפאדונגפורן קוקנט,TH,קרם קוקוס ל.גלוטן 20,מיליליטרים,250.00,"100 מ""ל",false,,7.90,3.1600,true,1,324509
8850367992171,false,קרם קוקוס 1 ליטר 20-22% ללא חומר משמר,טאפאדונגפורן קוקינט,TH,קרם קוקוס מזרח ומערב,קילוגרמים,1.00,ליטר,false,,18.90,18.9000,true,1,324531
8850389105825,false,משקה אלוורה בטעם ענבים סאפה 1 ליטר,סאפה פובליק קומפני לימיט,TH,משקה אלוורה סאפה ענב,קילוגרמים,1.00,ליטר,false,,11.90,11.9000,true,1,304071
8850389105832,false,סאפה משקה אלוורה בטעם תפוח עם קוביות אלוורה 1 ליטר,סאפה פובליק קומפני לימיט,TH,משקה אלוורה סאפה תפו,קילוגרמים,1.00,ליטר,false,,11.90,11.9000,true,1,304068
8850389105849,false,סאפה משקה אלוורה מופחת קלוריות בטעם אפרסק 1 ליטר,סאפה פובליק קומפני לימיט,TH,משקה אלוורה סאפה אפר,קילוגרמים,1.00,ליטר,false,,11.90,11.9000,true,1,304067
8858271002887,false,רוטב טריאקי 250 מ'ל - מקסצ'אפ,דאנינג יוה פודס קו,TH,רוטב טריאקי מזרח ומע,מיליליטרים,250.00,"100 מ""ל",false,,9.90,3.9600,true,1,324522
8858271003020,false,רוטב סויה פורמולה 1 - 700 מ'ל מקסצ'אפ,יאן ונזל יון,TH,רוטב סויה מזרח ומערב,מיליליטרים,700.00,"100 מ""ל",false,,14.90,2.1286,true,1,324532
8858271003938,false,רוטב קארי ירוק 250 מ'ל - מקסצ'אפ,"ייאן וואל יון בע""מ",TH,רוטב קארי ירוק מקסצ',מיליליטרים,250.00,"100 מ""ל",false,,9.90,3.9600,true,1,331849
8858271004126,false,רוטב חמוץ מתוק 700 מ'ל - מקסצ'אפ,יאן ונזל יון,TH,רוטב חמוץ מתוק מזרח,מיליליטרים,700.00,"100 מ""ל",false,,14.90,2.1286,true,1,324682
8858271004799,false,"רוטב צילי מתוק אל פורפסיס 700 מ""ל",יאן ונזל יון,TH,רוטב צ'ילי מתוק מזרח,מיליליטרים,700.00,"100 מ""ל",false,,12.50,1.7857,true,1,324523
8858271005772,false,"רוטב סויה ללא גלוטן (תמרי)300 מ""ל (כ)",יאן ונזל יון,TH,רוטב סויה מקסצ'פ ללא,מיליליטרים,300.00,"100 מ""ל",false,,15.90,5.3000,true,1,327235
8901537076679,false,"אורז בסמטי חום מהדרין ויליפוד 1 ק""ג",האי נאם סי או אל.טי.,IN,אורז בסמטי חום מלא ד,פריט,1.00,"ק""ג",false,,11.90,11.9000,true,1,322181
8906006432383,false,"משחת נעליים נוזלית kiwi שחור 75 מ""ל",,IL,נוזל קיווי שחור משופ,מיליליטרים,75.00,"100 מ""ל",false,,9.90,13.2000,true,1,272177
8906006432505,false,משחת נעליים אקספרס שחור קיווי 50ג',,IL,נוזל קיווי שחור אקספ,Unknown,0.00,יחידה,false,,13.90,0.0000,true,1,309527
8908003972220,false,צנימים דורומי 300 גר,טי.אר.די.פי הפי וורל,IN,צנימים דורומי 300 גר,גרמים,300.00,100 גרם,false,,7.90,2.6333,true,1,339783
8934878081811,false,"דפי אורז 22 ס""מ 400 גר'(Trav) ללא גלוטן",דאנינג יוה פודס קו,VN,דפי אורז ללא גלוטן 2,גרמים,400.00,100 גרם,false,,11.90,2.9750,true,1,324524
9000101536560,false,פרסיל פאוור קפסולות 70 יח,הנקל סוד,RS,קפסולות ג'ל פרסיל 70,Unknown,0.00,יחידה,false,,49.90,0.0000,true,1,338348
9000101548211,false,לוכד צבעים 40 יחידות,הנקל סוד,IE,קולור קאצר 40 דפים ל,Unknown,0.00,יחידה,false,,29.90,0.0000,true,1,338825
9000101548419,false,קולור קאצ`ר דפים למכונת לכביסה מחדש צבע לבן 18 יח',"הנקל סוד בע""\מ",IE,קולור קאצר 18 דפים מ,Unknown,0.00,יחידה,false,,14.90,0.0000,true,1,338826
9044400851672,false,סוכריות פז סוגים שונים + 3 מילויים,פז פרודקשיין יורו,HU,סוכריות דחוסות בטעם,גרמים,25.50,100 גרם,false,,10.90,42.7451,true,1,338343
9120100450015,false,כהיל שזיפים שליבוביץ,,HU,כהיל שזיפים שליבוביץ,מיליליטרים,700.00,"100 מ""ל",false,,139.90,19.9857,true,1,327758
