code,internal_code,name,manufacturer_name,manufacture_country,manufacturer_item_description,unit_qty,quantity,unit_of_measure,weighted,qty_in_package,price,unit_of_measure_price,allow_discount,status,item_id
55,true,צלי כתף בשר לא מוכשר,ב ספק בשר קפוא,,,"ק""ג",10,"ק""ג",true,1,62.90,6.29,false,1,
151,true,עוף טחון טרי {קצביה]**,"ח.י. מעדני גורמה בע""מ",,,"ק""ג",1,,true,1,49.90,49.90,true,1,
505,true,אבוקדו,ביכורי השדה צפון 1994 ג.ד. בעמ,,,"ק""ג",1,"ק""ג",true,1,10.90,10.90,false,1,
506,true,אבטיח,ביכורי השדה צפון 1994 ג.ד. בעמ,,,"ק""ג",1,"ק""ג",true,1,5.90,5.90,false,1,
510,true,אגסים,ביכורי השדה צפון 1994 ג.ד. בעמ,,,"ק""ג",1,"ק""ג",true,1,12.90,12.90,false,1,
515,true,אפרסמון,ביכורי השדה צפון 1994 ג.ד. בעמ,,,"ק""ג",1,"ק""ג",true,1,11.90,11.90,false,1,
523,true,אשכולית אדומה,ביכורי השדה צפון 1994 ג.ד. בעמ,,,"ק""ג",1,"ק""ג",true,1,6.90,6.90,false,1,
525,true,אשכולית,ביכורי השדה צפון 1994 ג.ד. בעמ,,,"ק""ג",1,"ק""ג",true,1,5.90,5.90,false,1,
530,true,בננה.,ביכורי השדה צפון 1994 ג.ד. בעמ,,,"ק""ג",1,"ק""ג",true,1,6.90,6.90,false,1,
533,true,גויאבה,ביכורי השדה צפון 1994 ג.ד. בעמ,,,"ק""ג",1,"ק""ג",true,1,18.90,18.90,false,1,
535,true,לימון,ביכורי השדה צפון 1994 ג.ד. בעמ,,,"ק""ג",1,"ק""ג",true,1,6.90,6.90,false,1,
536,true,פמלה,ביכורי השדה צפון 1994 ג.ד. בעמ,,,"ק""ג",1,"ק""ג",true,1,6.90,6.90,false,1,
540,true,מלון,ביכורי השדה צפון 1994 ג.ד. בעמ,,,"ק""ג",1,"ק""ג",true,1,6.90,6.90,false,1,
543,true,מנגו,ביכורי השדה צפון 1994 ג.ד. בעמ,,,"ק""ג",1,"ק""ג",true,1,9.90,9.90,false,1,
545,true,נקטרינה,ביכורי השדה צפון 1994 ג.ד. בעמ,,,"ק""ג",1,"ק""ג",true,1,6.90,6.90,false,1,
553,true,ענב אדום,ביכורי השדה צפון 1994 ג.ד. בעמ,,,"ק""ג",1,"ק""ג",true,1,16.90,16.90,false,1,
554,true,ענבים לבן .,ביכורי השדה צפון 1994 ג.ד. בעמ,,,"ק""ג",1,"ק""ג",true,1,22.90,22.90,false,1,
557,true,פמלית,ביכורי השדה צפון 1994 ג.ד. בעמ,,,"ק""ג",1,"ק""ג",true,1,8.90,8.90,false,1,
560,true,קלמנטינה,ביכורי השדה צפון 1994 ג.ד. בעמ,,,"ק""ג",1,"ק""ג",true,1,5.90,5.90,false,1,
563,true,קיווי.,ביכורי השדה צפון 1994 ג.ד. בעמ,,,"ק""ג",1,"ק""ג",true,1,17.90,17.90,false,1,
564,true,רימונים,ביכורי השדה צפון 1994 ג.ד. בעמ,,,"ק""ג",1,"ק""ג",true,1,7.90,7.90,false,1,
566,true,שזיף אדום.,ביכורי השדה צפון 1994 ג.ד. בעמ,,,"ק""ג",1,"ק""ג",true,1,18.90,18.90,false,1,
575,true,תפוז תבורי.,ביכורי השדה צפון 1994 ג.ד. בעמ,,,"ק""ג",1,"ק""ג",true,1,5.90,5.90,false,1,
583,true,תפוח סמיט ירוק,ביכורי השדה צפון 1994 ג.ד. בעמ,,,"ק""ג",1,"ק""ג",true,1,10.90,10.90,false,1,
585,true,תפוח חרמון,ביכורי השדה צפון 1994 ג.ד. בעמ,,,"ק""ג",1,"ק""ג",true,1,10.90,10.90,false,1,
586,true,תפוז ברשת,ביכורי השדה צפון 1994 ג.ד. בעמ,,,"ק""ג",1,,true,1,4.90,4.90,false,1,
588,true,תפוח גלה,ביכורי השדה צפון 1994 ג.ד. בעמ,,,"ק""ג",1,"ק""ג",true,1,13.90,13.90,false,1,
590,true,תפוח זהוב.,ביכורי השדה צפון 1994 ג.ד. בעמ,,,"ק""ג",1,"ק""ג",true,1,10.90,10.90,false,1,
595,true,תמר צהוב,ביכורי השדה צפון 1994 ג.ד. בעמ,,,"ק""ג",1,"ק""ג",true,1,9.90,9.90,false,1,
601,true,ארטישוק,ביכורי השדה צפון 1994 ג.ד. בעמ,,,"ק""ג",1,"ק""ג",true,1,9.90,9.90,false,1,
605,true,בצל יבש,ביכורי השדה צפון 1994 ג.ד. בעמ,,,"ק""ג",1,"ק""ג",true,1,3.90,3.90,false,1,
606,true,בצל אדום,ביכורי השדה צפון 1994 ג.ד. בעמ,,,"ק""ג",1,"ק""ג",true,1,6.90,6.90,false,1,
612,true,בטטה,ביכורי השדה צפון 1994 ג.ד. בעמ,,,"ק""ג",1,"ק""ג",true,1,9.90,9.90,false,1,
613,true,בצל ירוק לט,ביכורי השדה צפון 1994 ג.ד. בעמ,,,"י""ח",1,,false,1,7.50,7.50,false,1,
620,true,דלעת,ביכורי השדה צפון 1994 ג.ד. בעמ,,,"ק""ג",1,"ק""ג",true,1,12.90,12.90,false,1,
622,true,דלורית,ביכורי השדה צפון 1994 ג.ד. בעמ,,,"ק""ג",1,"ק""ג",true,1,5.90,5.90,false,1,
625,true,חציל,ביכורי השדה צפון 1994 ג.ד. בעמ,,,"ק""ג",1,"ק""ג",true,1,6.90,6.90,false,1,
628,true,פול ירוק,ביכורי השדה צפון 1994 ג.ד. בעמ,,,"ק""ג",1,"ק""ג",true,1,9.90,9.90,false,1,
629,true,ירק בתפזורת,ביכורי השדה צפון 1994 ג.ד. בעמ,,,"י""ח",1,,false,1,3.90,3.90,true,1,
630,true,כרוב לבן,ביכורי השדה צפון 1994 ג.ד. בעמ,,,"ק""ג",1,"ק""ג",true,1,3.90,3.90,false,1,
633,true,כרוב אדום,ביכורי השדה צפון 1994 ג.ד. בעמ,,,"ק""ג",1,"ק""ג",true,1,4.90,4.90,false,1,
635,true,כרובית,ביכורי השדה צפון 1994 ג.ד. בעמ,,,"י""ח",1,"ק""ג",false,1,10.90,10.90,false,1,
639,true,לוף ירק,ביכורי השדה צפון 1994 ג.ד. בעמ,,,"י""ח",1,"י""ח",false,1,7.90,7.90,false,1,
645,true,מלפפון.,ביכורי השדה צפון 1994 ג.ד. בעמ,,,"ק""ג",1,"ק""ג",true,1,6.90,6.90,false,1,
646,true,קוקוס שלם,שושן פירות יבשים בעמ,,,"י""ח",1,,false,1,6.90,6.90,false,1,
659,true,סלק אדום,ביכורי השדה צפון 1994 ג.ד. בעמ,,,"ק""ג",1,"ק""ג",true,1,3.90,3.90,false,1,
660,true,עגבניה.,ביכורי השדה צפון 1994 ג.ד. בעמ,,,"ק""ג",1,"ק""ג",true,1,5.90,5.90,false,1,
661,true,עגבניה שרי תפזורת,ביכורי השדה צפון 1994 ג.ד. בעמ,,,"ק""ג",1,,true,1,18.90,18.90,false,1,
663,true,פלפל חריף ירוק,ביכורי השדה צפון 1994 ג.ד. בעמ,,,"ק""ג",1,"ק""ג",true,1,9.90,9.90,false,1,
665,true,פלפל כהה,ביכורי השדה צפון 1994 ג.ד. בעמ,,,"ק""ג",1,"ק""ג",true,1,8.90,8.90,false,1,
666,true,פלפל צהוב,ביכורי השדה צפון 1994 ג.ד. בעמ,,,"ק""ג",1,"ק""ג",true,1,9.90,9.90,false,1,
667,true,גמבה אדומה,ביכורי השדה צפון 1994 ג.ד. בעמ,,,"ק""ג",1,"ק""ג",true,1,10.90,10.90,false,1,
669,true,פלפל בהיר,ביכורי השדה צפון 1994 ג.ד. בעמ,,,"ק""ג",0,"ק""ג",true,1,9.90,9.90,false,1,
680,true,צנון,ביכורי השדה צפון 1994 ג.ד. בעמ,,,"ק""ג",1,"ק""ג",true,1,7.90,7.90,false,1,
683,true,צנונית עלים,ביכורי השדה צפון 1994 ג.ד. בעמ,,,"י""ח",1,,false,1,7.90,7.90,false,1,
685,true,קישואים.,ביכורי השדה צפון 1994 ג.ד. בעמ,,,"ק""ג",1,"ק""ג",true,1,8.90,8.90,false,1,
687,true,קולורבי,ביכורי השדה צפון 1994 ג.ד. בעמ,,,"ק""ג",1,"ק""ג",true,1,9.90,9.90,false,1,
689,true,שום ארוז.,ביכורי השדה צפון 1994 ג.ד. בעמ,,,"י""ח",1,,false,1,7.90,7.90,true,1,
690,true,שומר,ביכורי השדה צפון 1994 ג.ד. בעמ,,,"ק""ג",1,"ק""ג",true,1,8.90,8.90,false,1,
698,true,תירס קלחים טרי ארוז.,ביכורי השדה צפון 1994 ג.ד. בעמ,,,"ק""ג",1,"ק""ג",true,1,9.90,9.90,false,1,
699,true,תפוח אדמה אדום.,ביכורי השדה צפון 1994 ג.ד. בעמ,,,"ק""ג",1,"ק""ג",true,1,4.90,4.90,false,1,
700,true,תפוח אדמה לבן ארוז,ביכורי השדה צפון 1994 ג.ד. בעמ,,,"ק""ג",1,"ק""ג",true,1,3.90,3.90,false,1,
702,true,"תפו""א לאפיה",ביכורי השדה צפון 1994 ג.ד. בעמ,,,"ק""ג",1,,true,1,3.90,3.90,false,1,
723,true,תפוח פינק ישראלי.,ביכורי השדה צפון 1994 ג.ד. בעמ,,,"ק""ג",1,,true,1,19.90,19.90,false,1,
735,true,קישוא זוקיני,ביכורי השדה צפון 1994 ג.ד. בעמ,,,"ק""ג",1,,true,1,9.90,9.90,false,1,
757,true,עגבניה שרי תמר,ביכורי השדה צפון 1994 ג.ד. בעמ,,,"ק""ג",1,,true,1,16.90,16.90,false,1,
821,true,תפוח פינק,ביכורי השדה צפון 1994 ג.ד. בעמ,,,"ק""ג",1,"ק""ג",true,1,19.90,19.90,false,1,
891,true,אפרסמון קרמבו.,ביכורי השדה צפון 1994 ג.ד. בעמ,,,"ק""ג",1,"ק""ג",true,1,11.90,11.90,false,1,
3416,true,קוקטייל עוף טרי מקוצב,"ח.י. מעדני גורמה בע""מ",,,"ק""ג",1,,true,1,49.90,49.90,true,1,
5085,true,שריר עגל כשר טרי /מצונן**,ח.י. מעדני גורמה בעמ,,,"ק""ג",1,,true,1,69.90,69.90,true,1,
5888,true,מארז אוזני המן פילסברי,ג נרל מילס ישראל בעמ,,,"י""ח",1,,false,1,14,14,false,1,
40974,true,חלב טרי דל לקטוז 1 ליטר,"תנובה בע""מ ***",,,"י""ח",1,ליטר,false,1,7.50,7.50,false,1,
41042,true,דואט למרק **,"ח.י. מעדני גורמה בע""מ",,,"ק""ג",1,,true,1,16.90,16.90,true,1,
41212,true,סטייק פרגיות עוף טרי**,"ח.י. מעדני גורמה בע""מ",,,"ק""ג",1,,true,1,79.90,79.90,true,1,
41235,true,רצועות שוארמה הודו**,"ח.י. מעדני גורמה בע""מ",,,"ק""ג",1,,true,1,74.90,74.90,false,1,
41269,true,גולש עגל טרי/מצונן**,"ח.י. מעדני גורמה בע""מ",,,"ק""ג",1,,true,1,79.90,79.90,true,1,
41270,true,כנפית עוף **,"ח.י. מעדני גורמה בע""מ",,,"ק""ג",1,,true,1,21.90,21.90,true,1,
41271,true,אנטריקוט טרי/מצונן**,"ח.י. מעדני גורמה בע""מ",,,"ק""ג",1,,true,1,199,199,true,1,
41360,true,חזה בקר טרי**,"ח.י. מעדני גורמה בע""מ",,,"ק""ג",1,,true,1,59.90,59.90,true,1,
41364,true,סינטה טרי**,ח.י. מעדני גורמה בעמ,,,"ק""ג",1,,true,1,148.80,148.80,false,1,
41379,true,שוקית כנף עוף **,"ח.י. מעדני גורמה בע""מ",,,"ק""ג",1,,true,1,21.90,21.90,true,1,
41414,true,אונטריף טרי/מצונן**,"ח.י. מעדני גורמה בע""מ",,,"ק""ג",1,,true,1,89.90,89.90,true,1,
41447,true,פרגית עוף לתנור עם עצם טרי**,"ח.י. מעדני גורמה בע""מ",,,"ק""ג",1,,true,1,59.90,59.90,true,1,
41659,true,אסאדו בלי עצם טרי**,"ח.י. מעדני גורמה בע""מ",,,"ק""ג",1,,true,1,79.90,79.90,true,1,
41680,true,דנוור סטייק טרי **.,ח.י. מעדני גורמה בעמ,,,"ק""ג",1,,true,1,118,118,false,1,
41996,true,מעורב ישראלי,"ח.י. מעדני גורמה בע""מ",,,"ק""ג",1,,true,1,69.90,69.90,true,1,
42209,true,טחון כתף/צלעות טרי **,"ח.י. מעדני גורמה בע""מ",,,"ק""ג",1,,true,1,59.90,59.90,true,1,
42265,true,צלי כתף טרי/מצונן**,"ח.י. מעדני גורמה בע""מ",,,"ק""ג",1,,true,1,99.90,99.90,false,1,
42266,true,פילה מדומה טרי/מצונן**,"ח.י. מעדני גורמה בע""מ",,,"ק""ג",1,,true,1,89.90,89.90,true,1,
42268,true,שריר טרי/מצונן**,"ח.י. מעדני גורמה בע""מ",,,"ק""ג",1,"ק""ג",true,1,69.90,69.90,true,1,
46006,true,עמק שקילה *,"תנובה בע""מ ***",,,"ק""ג",1000,ל גרם,true,1,44.79,4.48,false,1,
46501,true,טל העמק שקיל,"תנובה בע""מ ***",,,"ק""ג",1000,ל גרם,true,1,61.30,6.13,false,1,
46549,true,מוצרלה חריץ 20% מהדרין שקיל,"תנובה בע""מ ***",,,"ק""ג",1,"ק""ג",true,1,80,80,false,1,
47485,true,בולגרית פיראוס %24 שקיל,"תנובה בע""מ ***",,,"ק""ג",1,"ק""ג",true,1,61,61,false,1,
51710,true,פיראוס לאבנה עם שמן זית וזעתר 263גר`,"תנובה בע""מ ***",,,"י""ח",263,ל גרם,false,1,14.60,5.55,false,1,
52311,true,עמק 15% פרוס בקופסא 200גר`,"תנובה בע""מ ***",,,"י""ח",200,ל גרם,false,1,16.70,8.35,true,1,
53219,true,טל עמק 35% שקיל,תנובה בעמ ***,,,"ק""ג",0,ל גרם,true,1,58,58,false,1,
55329,true,"יופלה משקה יוגורט טעם תות-מלון 250מ""ל","תנובה בע""מ ***",,,"י""ח",250,ל גרם,false,1,5.60,2.24,false,1,
55893,true,חמאה 200גרם רגיל*תנובה,"תנובה בע""מ ***",,,"י""ח",200,ל גרם,false,1,7.88,3.94,false,1,
57088,true,עמק דק 200גר`,"תנובה בע""מ ***",,,"י""ח",200,ל גרם,false,1,16.70,8.35,true,1,
57118,true,עמק סמי מעדניה 400גרם,"תנובה בע""מ ***",,,"י""ח",400,ל גרם,false,1,23.90,5.98,false,1,
57149,true,יוגורט תנובה 3% 200גרם,"תנובה בע""מ ***",,,"י""ח",200,ל גרם,false,1,3.20,1.60,false,1,
58047,true,"שמנת מתוקה (38%תנובה)עם פקק 500 מ""ל*","תנובה בע""מ ***",,,"י""ח",500,"ל מ""ל",false,1,12.94,2.59,false,1,
58979,true,ג לי בטעם תות 125גר,"תנובה בע""מ ***",,,"י""ח",125,"ל מ""ל",false,1,1.50,1.20,false,1,
60903,true,פתיתים אפויים אורז אוסם,קבוצת אוסם סחר-שות.מוגבלת,,,"י""ח",500,ל גרם,false,1,6.90,1.38,true,1,
61214,true,פתיתים קוסקום עם בצל 500גר`,קבוצת אוסם סחר-שות.מוגבלת,,,"י""ח",500,ל גרם,false,1,7.90,1.58,true,1,
61450,true,פתיתים קוסקוס 3 צבעים 500גר`,קבוצת אוסם סחר-שות.מוגבלת,,,"י""ח",500,ל גרם,false,1,8.60,1.72,true,1,
65249,true,שניצל עוף מוזל טרי,ח.י. מעדני גורמה בעמ,,,"ק""ג",1,,true,1,46.80,46.80,true,1,
69609,true,חטיפי קרקר זעתר 300גר`,קבוצת אוסם סחר-שות.מוגבלת,,,"י""ח",300,ל גרם,false,1,12.90,4.30,true,1,
73699,true,חומוס 150גר צבר,קבוצת אוסם סחר-שות.מוגבלת,,,"י""ח",150,ל גרם,false,1,5.80,3.87,false,1,
74481,true,לחמית אגוזים 230גרם,קבוצת אוסם סחר-שות.מוגבלת,,,"י""ח",230,ל גרם,false,1,9.90,4.30,true,1,
75693,true,עוגת שמרים בריוש שוקולד,קבוצת אוסם סחר-שות.מוגבלת,,,"י""ח",360,ל גרם,false,1,18.50,5.14,false,1,
77253,true,לחמית כפרית עם דגנים מלאים 190 ג`,קבוצת אוסם סחר-שות.מוגבלת,,,"י""ח",190,ל גרם,false,1,9.90,5.21,true,1,
103457,true,מיני כרובית 600 גרם}סנפרוסט{,תנובה בשר,,,"י""ח",600,ל גרם,false,1,16.90,2.82,true,1,
103471,true,מיני ברוקולי (600סנפרוסט),תנובה בשר,,,"י""ח",600,ל גרם,false,1,17.90,2.98,true,1,
103495,true,"אפונה גינה בד""ץ 700גר",תנובה בשר,,,"י""ח",700,ל גרם,false,1,16.90,2.41,true,1,
103518,true,"שעועית ירוקה שלמה בד""ץ 700גר",תנובה בשר,,,"י""ח",700,ל גרם,false,1,17.90,2.56,true,1,
110851,true,כיפלי חטיף בצל,יוניליוור ישראל שיווק בעמ,,,"י""ח",70,ל גרם,false,1,5.90,8.43,false,1,
116884,true,רוטב ברביקיו-קנור 340גרם,"יוניליוור ישראל שיווק בע""מ",,,"י""ח",340,ל גרם,false,1,11.90,3.50,true,1,
120874,true,מיונז הלמנס לייט 424גרם,"יוניליוור ישראל שיווק בע""מ",,,"י""ח",424,ל גרם,false,1,13.90,3.28,false,1,
135465,true,"סודה טמפו 500 מ""ל 12 בק",טמפו משקאות בעמ,,,"י""ח",6,ליטר,false,1,29.90,4.38,true,1,
136523,true,ג אמפ ענבים 1.5 ליטר,טמפו משקאות בעמ,,,"י""ח",1.50,ליטר,false,1,7.50,4.80,true,1,
136790,true,סודה 1.5 ליטר שישיה טמפו,טמפו משקאות בעמ,,,"י""ח",9,ליטר,false,1,17.90,1.79,false,1,
136868,true,סאן בנדטו שישיה 1.5 ל,טמפו משקאות בעמ,,,"י""ח",9,ליטר,false,1,19.90,2.01,false,1,
136875,true,סאן בנדטו מוגז שישיה 1.5 ליטר,טמפו משקאות בעמ,,,"י""ח",9,ליטר,false,1,19.90,2.01,false,1,
168173,true,ברנפלקס קראנצ`ים 375גרם,"יוניליוור ישראל שיווק בע""מ",,,"י""ח",500,ל גרם,false,1,20.90,4.18,false,1,
169798,true,"עוגי מופחת סוכר 500 ג בד""ץ","יוניליוור ישראל שיווק בע""מ",,,"י""ח",500,ל גרם,false,1,19.90,3.98,true,1,
185330,true,סילאן טבעי 900ג,תה ויסוצקי (ישראל)בעמ,,,"י""ח",900,ל גרם,false,1,24.90,2.77,true,1,
186931,true,כריות קרצוף חתוכות,קימברלי קלארק ישראל שיווק בעמ,,,"י""ח",600,ל גרם,false,1,10,1.67,false,1,
187853,true,נייר טואלט לילי לבן 1/40,קימברלי קלארק ישראל שיווק בעמ,,,"י""ח",40,"י""ח",false,1,45.90,1.15,true,1,
189260,true,תבניות מלבניות חזקות ועבות,קימברלי קלארק ישראל שיווק בעמ,,,"י""ח",1,,false,1,11.90,11.90,false,1,
189598,true,מטליות לחות חד פעמיות ניקול,קימברלי קלארק ישראל שיווק בעמ,,,"י""ח",100,ל גרם,false,1,9.80,9.80,false,1,
189659,true,ניקול מטליות לחות לרצפה,קימברלי קלארק ישראל שיווק בעמ,,,"י""ח",1,"י""ח",false,1,10.90,10.90,false,1,
190198,true,מטליות לחות לניקוי נירוסטה,קימברלי קלארק ישראל שיווק בעמ,,,"י""ח",1,,false,1,9.80,9.80,false,1,
195216,true,נייר אפיה לתנור בשקית 50יח,קימברלי קלארק ישראל שיווק בעמ,,,"י""ח",1,"י""ח",false,1,10.90,10.90,false,1,
196763,true,שקיות אשפה ניקול גדול,קימברלי קלארק ישראל שיווק בעמ,,,"י""ח",1,"י""ח",false,1,24.90,24.90,true,1,
197425,true,האגיס פרידום דריי שלב 3,קימברלי קלארק ישראל שיווק בעמ,,,"י""ח",54,"י""ח",false,1,45.90,0.85,true,1,
197456,true,האגיס פרידום דריי שלב 4,קימברלי קלארק ישראל שיווק בעמ,,,"י""ח",44,"י""ח",false,1,45.90,1.04,true,1,
197548,true,האגיס פרידום דריי שלב 5,קימברלי קלארק ישראל שיווק בעמ,,,"י""ח",38,"י""ח",false,1,45.90,1.21,true,1,
197678,true,האגיס פרידום דריי שלב 6,קימברלי קלארק ישראל שיווק בעמ,,,"י""ח",34,"י""ח",false,1,45.90,1.35,true,1,
201856,true,טיטולים פרמיום שלב 4+,קימברלי קלארק ישראל שיווק בעמ,,,"י""ח",1,"י""ח",false,1,36.90,36.90,true,1,
209012,true,חומץ 1ליטר]יכין[,זנלכל בעמ,,,"י""ח",600,"ל מ""ל",false,1,6.90,1.15,true,1,
210896,true,רוטב בולונז לפסטה 240 גר`פלסטיק,זנלכל בעמ,,,"י""ח",240,ל גרם,false,1,5.50,2.29,false,1,
253374,true,מיני שוקולד ציפס 250גר אופנהיימר,תה ויסוצקי (ישראל)בעמ,,,"י""ח",250,ל גרם,false,1,15.90,6.36,false,1,
263359,true,האגיס פומלה NB1.,קימברלי קלארק ישראל שיווק בעמ,,,"י""ח",1,"י""ח",false,1,31.90,31.90,false,1,
302287,true,גולף קצר 10 יח,דובק בעמ,,,"י""ח",1,,false,1,299.90,299.90,false,1,
311272,true,וופל חלבה 180 גר`מן,ח.כהן סוכנות מזון ומשקאות בע,,,"י""ח",180,ל גרם,false,1,4.90,2.72,false,1,
319834,true,קבנוס פפרוני קלאסי 125ג,מעדני יחיעם 1993 בעמ,,,"י""ח",125,ל גרם,false,1,14.90,11.92,true,1,
379240,true,חלה רגילה מרובעת 500 גרם*,שלמה א.אנג ל בעמ,,,"י""ח",500,ל גרם,false,1,5.10,1.02,false,1,
419374,true,מארז לנדוור טחון טורקי 3*100גרם,ש.שסטוביץ בעמ,,,"י""ח",200,ל גרם,false,1,19.90,9.95,false,1,
453408,true,בצק פיצה דק ומוכן לאפיה שמרית 415גר,"שטראוס גרופ ***בע""מ",,,"י""ח",415,ל גרם,false,1,17.90,4.31,true,1,
453415,true,בצק עלים מצונן ומוכן לאפיה שמרית 300גר,"שטראוס גרופ ***בע""מ",,,"י""ח",300,ל גרם,false,1,15.90,5.30,true,1,
453422,true,בצק פילו מוכן לאפיה שמרית 300גר,"שטראוס גרופ ***בע""מ",,,"י""ח",300,ל גרם,false,1,15.90,5.30,true,1,
453781,true,שמרים יבשים 125ג שמרית.,"שטראוס גרופ בע""מ",,,"י""ח",125,ל גרם,false,1,5.90,4.72,true,1,
453866,true,נטורינה קוקוס 200גר,"שטראוס גרופ ***בע""מ",,,"י""ח",200,ל גרם,false,1,8.20,4.10,true,1,
453880,true,מרגרינה ללא מלח לאפייה ובישול 200גר,"שטראוס גרופ ***בע""מ",,,"י""ח",200,ל גרם,false,1,5.90,2.95,true,1,
462141,true,סחוג אדום חריף זהבי 150גר`,"שטראוס גרופ ***בע""מ",,,"י""ח",150,ל גרם,false,1,8.90,5.93,true,1,
467320,true,חומוס אבו מרוואן 400גר,קבוצת אוסם סחר-שות.מוגבלת,,,"י""ח",400,ל גרם,false,1,15.80,3.95,true,1,
518220,true,סוכרה דיאט 100 יח.,מתוק וקל בעמ,,,"י""ח",100,"י""ח",false,1,26.90,0.27,false,1,
521008,true,יין סגל אדום יבש,טמפו משקאות בעמ,,,"י""ח",750,"ל מ""ל",false,1,22.90,3.01,true,1,
536743,true,קריספי סטיקס תירס 500 גרם,זוגלובק שיווק בעמ,,,"י""ח",1.50,"ק""ג",false,1,14.90,9.93,false,1,
554532,true,צפתית גד מעודנת 5% במלח ים טבעי 200 ג,מחלבות גד,,,"י""ח",200,"ל מ""ל",false,1,14.90,7.45,false,1,
555502,true,אריזת פקדון(חוק פקדון),שונות /שרות,,,"י""ח",1,,false,1,0.30,0.30,false,1,
555503,true,פיקדון X 6,שונות /שרות,,,"י""ח",1,,false,1,1.80,1.80,false,1,
555504,true,פיקדון X 4,שונות /שרות,,,"י""ח",1,,false,1,1.20,1.20,false,1,
555509,true,פיקדון 12X,שונות /שרות,,,"י""ח",1,,false,1,3.60,3.60,false,1,
571881,true,משקה יוגורט חלב עזים 3.6%.,מחלבות גד,,,"י""ח",100,ל גרם,false,1,12.90,12.90,false,1,
571928,true,יוגורט כבשים עם אגוז וחמוציות 142ג.,מחלבות גד,,,"י""ח",142,"ל מ""ל",false,1,5.90,4.15,false,1,
571935,true,יוגורט כבשים עם גרנולה מתוקה142ג,מחלבות גד,,,"י""ח",142,"ל מ""ל",false,1,5.90,4.15,false,1,
630519,true,עוף טרי שלם מוכשר(קצביה)**.,"ח.י. מעדני גורמה בע""מ",,,"ק""ג",1,"ק""ג",true,1,19.90,19.90,false,1,
631059,true,כבד עוף טרי(קצביה) **.,"ח.י. מעדני גורמה בע""מ",,,"ק""ג",1,"ק""ג",true,1,29.90,29.90,true,1,
632278,true,שניצל עוף פרימיום נקי ודק דק[קצביה].,"ח.י. מעדני גורמה בע""מ",,,"ק""ג",1,"ק""ג",true,1,49.90,49.90,true,1,
632308,true,חזה עוף חצוי נקי טרי(קצביה )**.,"ח.י. מעדני גורמה בע""מ",,,"ק""ג",1,,true,1,42.80,42.80,false,1,
641751,true,חזה הודו טרי נז קצביה**,"ח.י. מעדני גורמה בע""מ",,,"ק""ג",1,,true,1,34.90,34.90,false,1,
643243,true,שווארמה הודו נקבה}קצביה{**,"ח.י. מעדני גורמה בע""מ",,,"ק""ג",1,,true,1,74.90,74.90,false,1,
644356,true,גרון הודו טרי(קצביה)**,"ח.י. מעדני גורמה בע""מ",,,"ק""ג",1,,true,1,32.90,32.90,false,1,
652177,true,נתחי פילה נסיכה 100% דג,תנובה בשר,,,"ק""ג",1,,true,1,59.90,59.90,false,1,
654546,true,פילה אמנון 7-9 100% דג פרמיום,תנובה בשר,,,"ק""ג",1,,true,1,35.90,35.90,false,1,
658926,true,פילה מרלוזה קפוא 100% דג,תנובה בשר,,,"ק""ג",1,,true,1,29.90,29.90,false,1,
666601,true,פיקדון 0.30.,שונות /שרות,,,"י""ח",1,"י""ח",false,1,0.30,0.30,false,1,
688381,true,מי עדן שישיה 0.5 ליטר,יפאורה שותפות מוגבלת לשיווק,,,"י""ח",3,ליטר,false,1,14.90,4.37,true,1,
688428,true,מי מינרלים בודד חצי ליטר,יפאורה שותפות מוגבלת לשיווק,,,"י""ח",500,"ל מ""ל",false,1,3,0.54,false,1,
688503,true,"מי עדן שישייה ג ים 750 מ""ל",יפאורה שותפות מוגבלת לשיווק,,,"י""ח",4.50,ליטר,false,1,16.50,3.27,true,1,
961804,true,דלעת ארוזה שקיל,ביכורי השדה צפון 1994 ג.ד. בעמ,,,"ק""ג",1,,true,1,12.90,12.90,false,1,
1041130,true,ממרח תמרים מיה,מיה תעשיות מזון מ.ת.מ בעמ,,,"י""ח",450,ל גרם,false,1,5.90,1.31,false,1,
1121238,true,קורנד ביף 180גר`,מעדני יחיעם 1993 בעמ,,,"י""ח",180,ל גרם,false,1,23.90,13.28,false,1,
1121931,true,קבנוס מקסיקני דק דק 125גר,מעדני יחיעם 1993 בעמ,,,"י""ח",125,ל גרם,false,1,14.90,11.92,true,1,
1123041,true,בשר 5 חלק,נטו מלינדה סחר בעמ,,,"ק""ג",1,,true,1,59.90,59.90,false,1,
1201510,true,ביצים M 30 יח,מ.לסר בעמ,,,"י""ח",30,"י""ח",false,1,27.80,0.93,false,1,
1201589,true,ביצים L 12 יח*,מ.לסר בעמ,,,"י""ח",12,"י""ח",false,1,12.05,1,false,1,
1201602,true,ביצים L 18יח,מ.לסר בעמ,,,"י""ח",18,"י""ח",false,1,18,1,false,1,
1230331,true,כאמל בוקס בודד.,גלוברנדס בעמ,,,"י""ח",1,,false,1,31,31,false,1,
1230739,true,קאמל כחול בודד,גלוברנדס בעמ,,,"י""ח",1,,false,1,31,31,false,1,
1231932,true,וינסטון כחול בודד.,גלוברנדס בעמ,,,"י""ח",1,,false,1,32.50,32.50,false,1,
1245798,true,נ.כלים לימון 1.6 ל`טאצ,סאסאטק אגשח בעמ,,,"י""ח",1.60,ליטר,false,1,11.90,7.44,true,1,
1419618,true,וופל בלגי שוקו 200גר`,ח.כהן סוכנות מזון ומשקאות בע,,,"י""ח",200,ל גרם,false,1,3.90,1.95,true,1,
1439074,true,כדור ליפה בשקית שלישיה,מוסקו בעמ,,,"י""ח",1,,false,1,11.90,11.90,false,1,
1567814,true,סלמי מעושן בסגנון איטלקי 300ג,מעדני יחיעם 1993 בעמ,,,"י""ח",300,ל גרם,false,1,20.90,6.97,false,1,
1591574,true,פילה אמנון 80% מחנה יהודה.,נטו מלינדה סחר בעמ,,,"ק""ג",1,"ק""ג",true,1,26.90,26.90,true,1,
1591611,true,קבבוני אנגוס עגול מחנה יהודה 500גר,נטו מלינדה סחר בעמ,,,"י""ח",500,ל גרם,false,1,29.90,5.98,true,1,
1591628,true,קבב על מקל מחנה יהודה 500גר,נטו מלינדה סחר בעמ,,,"י""ח",500,ל גרם,false,1,29.90,5.98,true,1,
1591635,true,נקניקיות מרגז סגנון מרוקאי מחנה יהודה,נטו מלינדה סחר בעמ,,,"י""ח",500,ל גרם,false,1,29.90,5.98,true,1,
1591642,true,קבבוני טלה מחנה יהודה 500גר.,נטו מלינדה סחר בעמ,,,"י""ח",500,ל גרם,false,1,29.90,5.98,true,1,
1879627,true,פילה עוף טרי**,"ח.י. מעדני גורמה בע""מ",,,"ק""ג",1,,true,1,49.90,49.90,true,1,
2065616,true,לחם שיפון גרעינים 750גר`,שלמה א.אנג ל בעמ,,,"י""ח",750,ל גרם,false,1,12.90,1.72,false,1,
2075271,true,ריקולה שקית 70ג צמחים,שוקוטרייד בעמ,,,"י""ח",70,ל גרם,false,1,11.90,17,false,1,
2077725,true,סלומון נורווגי מצונן 100 גרם(נטו),נטו מלינדה סחר בעמ,,,"י""ח",100,ל גרם,false,1,19.90,19.90,false,1,
2107385,true,מה עז 180 גרם צוריאל,*החברה המרכזית להפצת משקאותבעמ,,,"י""ח",180,ל גרם,false,1,23.30,12.94,true,1,
2129479,true,פיצה איטלקית דקה שלושת האופים 320גר,נטו מלינדה סחר בעמ,,,"י""ח",320,ל גרם,false,1,16.90,5.28,true,1,
2157953,true,טונה קנולה 140ג 1/4,נטו מלינדה סחר בעמ,,,"י""ח",560,ל גרם,false,1,20.90,3.73,true,1,
2157960,true,טונה במים 140ג 1/4,נטו מלינדה סחר בעמ,,,"י""ח",560,ל גרם,false,1,20.90,3.73,true,1,
2195092,true,קבב רומני 400גרם ארוז,בלדי בעמ,,,"י""ח",400,ל גרם,false,1,13.90,3.48,false,1,
2281382,true,נתחי פילה סלמון נורבגי מנות,נטו מלינדה סחר בעמ,,,"ק""ג",1,"ק""ג",true,1,99,99,false,1,
2281498,true,מגורדת 500ג ריץ,נטו מלינדה סחר בעמ,,,"י""ח",500,ל גרם,false,1,26.90,5.38,false,1,
2331360,true,נביעות שישיות 500 מייל פקק ספורט,החברה המרכזית להפצת משקאות בעמ,,,"י""ח",3,ליטר,false,1,15.90,4.70,true,1,
2345015,true,סינטה דקדק 250גר אל גאוצו,נטו מלינדה סחר בעמ,,,"י""ח",250,ל גרם,false,1,16.90,6.76,true,1,
2345022,true,אנטריקוט דקדק 250גר,נטו מלינדה סחר בעמ,,,"י""ח",250,ל גרם,false,1,24.90,9.96,true,1,
2345282,true,נתחי פילה סלמון נורבגי מנות,נטו מלינדה סחר בעמ,,,"ק""ג",1,"ק""ג",true,1,99,99,false,1,
2370017,true,גבינה גאודה פסטו 32% שומן,ג.וילי פוד אינטרנשיונל בעמ,,,"ק""ג",1,"ק""ג",true,1,99.90,99.90,false,1,
2370161,true,גבינת צ`דר שקיל,ג.וילי פוד אינטרנשיונל בעמ,,,"ק""ג",1,"ק""ג",true,1,94.90,94.90,false,1,
2370789,true,גבינת כבשים עם פטריות כמהין 36%,ג.וילי פוד אינטרנשיונל בעמ,,,"ק""ג",1,"ק""ג",true,1,149,149,true,1,
2385745,true,פקורינו משולשים שקיל גד,מחלבות גד,,,"ק""ג",1,,true,1,137,137,false,1,
2395422,true,גבינה צהובה נעם 22% שקיל*,*החברה המרכזית להפצת משקאותבעמ,,,"ק""ג",1,,true,1,42.58,42.58,false,1,
2487364,true,בורקס פילו גבינה זיתים 700 גרם,נטו מלינדה סחר בעמ,,,"י""ח",700,ל גרם,false,1,21.90,3.13,true,1,
2507604,true,פיצה השף איטלקית 320ג,נטו מלינדה סחר בעמ,,,"י""ח",320,ל גרם,false,1,17.90,5.59,true,1,
2512264,true,גחנון מופחת שומן 700ג צנעני,א.ג בחירה חכמה בעמ,,,"י""ח",600,ל גרם,false,1,16.90,2.82,false,1,
2542780,true,"בירה סטלה ארטואה 330מ""ל 1/6 בקבוק",תימקו בירה בעמ,,,"י""ח",330,"ל מ""ל",false,1,39.90,11.55,true,1,
2542841,true,"לף בלונד בקבוק 330מ""ל 1/6.",תימקו בירה בעמ,,,"י""ח",330,"ל מ""ל",false,1,49.90,14.58,true,1,
2542865,true,"הוגרדן בקבוק 330מ""ל 1/6",תימקו בירה בעמ,,,"י""ח",330,"ל מ""ל",false,1,49.90,14.58,true,1,
2657408,true,טונה פוסידון 960גרם,נטו מלינדה סחר בעמ,,,"י""ח",160,ל גרם,false,1,31.90,19.94,false,1,
2757139,true,מלוואח 700 גר`שלושת האופים,נטו מלינדה סחר בעמ,,,"י""ח",700,ל גרם,false,1,17.90,2.56,true,1,
2757535,true,בורקס פילו-אצבעות גבינה 500גר`,נטו מלינדה סחר בעמ,,,"י""ח",500,ל גרם,false,1,21.90,4.38,true,1,
2787884,true,"מקלות בורקס פילו תפו""א 650גר`",נטו מלינדה סחר בעמ,,,"י""ח",650,ל גרם,false,1,21.90,3.37,true,1,
2871361,true,קרלסברג בירה 500 חוזר,החברה המרכזית להפצת משקאות בעמ,,,"י""ח",500,"ל מ""ל",false,1,8.20,1.40,false,1,
2909576,true,בשר בקר טחון לקציצות ולקבב 500גר.,בלדי בעמ,,,"י""ח",500,ל גרם,false,1,18.90,3.78,false,1,
2929642,true,72טונה מארז 4 יח }ויליגיר{ 140גר,נטו מלינדה סחר בעמ,,,"י""ח",560,ל גרם,false,1,20.90,3.73,true,1,
2971191,true,"קמח חיטה לבן שטיבל 1ק""ג",טחנות קמח שטיבל בש בעמ,,,"י""ח",1,"ק""ג",false,1,4,4,true,1,
2971955,true,"קמח לבן 650 ללא צורך בניפוי 1ק""ג שטיבל",ח.כהן סוכנות מזון ומשקאות בע,,,"י""ח",1,"ק""ג",false,1,8.90,8.90,false,1,
2972006,true,"קמח בהיר 405 ללא צורך בניפוי 1ק""ג שטיב",ח.כהן סוכנות מזון ומשקאות בע,,,"י""ח",1,"ק""ג",false,1,8.90,8.90,false,1,
2972426,true,"קמח מלא 80% ללא צורך בניפוי 1ק""ג",ח.כהן סוכנות מזון ומשקאות בע,,,"י""ח",1,"ק""ג",false,1,8.90,8.90,false,1,
2973812,true,"קמח כוסמין 80% ללא צורך בניפוי 1ק""ג",ח.כהן סוכנות מזון ומשקאות בע,,,"י""ח",1,"ק""ג",false,1,15.90,15.90,false,1,
2973829,true,"קמח כוסמין לבן ללא צורך בניפוי 1ק""ג.",ח.כהן סוכנות מזון ומשקאות בע,,,"י""ח",1,"ק""ג",false,1,15.90,15.90,false,1,
2974239,true,קמח עוגיות 5 שטיבל ללא צ.בניפוי,ח.כהן סוכנות מזון ומשקאות בע,,,"י""ח",1,"ק""ג",false,1,7.90,7.90,false,1,
2974314,true,קמח פיצה שטיבל ללא צ.בניפוי,ח.כהן סוכנות מזון ומשקאות בע,,,"י""ח",1,"ק""ג",false,1,10.90,10.90,false,1,
3060306,true,"קמח שיפון מעושר בחנקן 1ק""ג",טחנות ישראליות בעמ,,,"י""ח",1,"ק""ג",false,1,6.50,6.50,true,1,
3060313,true,"קמח כוסמין מעושר בחנקן 1ק""ג.",טחנות ישראליות בעמ,,,"י""ח",1,"ק""ג",false,1,13.90,13.90,true,1,
3060337,true,"קמח כוסמין לבן 1ק""ג",טחנות ישראליות בעמ,,,"י""ח",1,"ק""ג",false,1,12.90,12.90,true,1,
3069156,true,פילה דג סלמון קפוא V,נטו מלינדה סחר בעמ,,,"ק""ג",1,"ק""ג",true,1,79.90,79.90,false,1,
3141072,true,פרגיות עוף ארוך עם עור קפוא ארוז.,בלדי בעמ,,,"ק""ג",1,,true,1,57.90,57.90,false,1,
3141159,true,יוגטה מרשמלו 180ג,ליימן שליסל,,,"י""ח",180,ל גרם,false,1,8.90,4.94,true,1,
3143146,true,"ממרח תמרים קליית גת 450גרם כשל""פ",ליימן שליסל,,,"י""ח",450,ל גרם,false,1,6.90,1.53,false,1,
3145782,true,צנובר טבעי 100גר`,ליימן שליסל,,,"י""ח",100,ל גרם,false,1,24.90,24.90,false,1,
3229154,true,סלמי קוניאק מובחר,תנובה בשר,,,"י""ח",300,ל גרם,false,1,32.40,10.80,false,1,
3229222,true,סלמי תה משובח 300גר`,תנובה בשר,,,"י""ח",300,ל גרם,false,1,23.90,7.97,false,1,
3318131,true,וופל אגוז מנעמים 200גר`,ח.כהן סוכנות מזון ומשקאות בע,,,"י""ח",200,ל גרם,false,1,3.90,1.95,true,1,
3400500,true,חטיף קרמל עם בוטנים נטרייג`ס 47גר,ליימן שליסל,,,"י""ח",47,ל גרם,false,1,4.90,10.43,false,1,
3423909,true,חטיף שוקולד לבן קוקיז אנד קרים 43,ליימן שליסל,,,"י""ח",43,ל גרם,false,1,4.90,11.40,false,1,
3444009,true,חטיף שוקולד לבן ריזס 42גר,ליימן שליסל,,,"י""ח",43,ל גרם,false,1,4.90,11.40,false,1,
3514007,true,שקדי מרק 400 גר`MANA,ש.שסטוביץ בעמ,,,"י""ח",400,ל גרם,false,1,9.90,2.48,true,1,
3578085,true,גבינת מוצרלה %21שומן למעדניות,ג.וילי פוד אינטרנשיונל בעמ,,,"ק""ג",1,,true,1,69,69,false,1,
3726615,true,טופו ויילר 300גר,"שטראוס גרופ ***בע""מ",,,"י""ח",300,ל גרם,false,1,12,4,true,1,
3726776,true,שניצל טופו בטעם עוף 420גר,קפוא זן תעשיות מזון בעמ,,,"י""ח",420,ל גרם,false,1,27.90,6.64,false,1,
3726783,true,שניצל טופו עם תירס 420גר,קפוא זן תעשיות מזון בעמ,,,"י""ח",420,ל גרם,false,1,27.90,6.64,false,1,
3726806,true,שניצל טופו עם ברוקולי 420גר,קפוא זן תעשיות מזון בעמ,,,"י""ח",420,ל גרם,false,1,27.90,6.64,false,1,
3976614,true,אקונומיקה סמיכה 4 ל` טאצ`פרחים,סאסאטק אגשח בעמ,,,"י""ח",4,ליטר,false,1,13.90,3.48,true,1,
4011284,true,"בסיס להכנת קצפת 212מ""ל",נטו מלינדה סחר בעמ,,,"י""ח",212,"ל מ""ל",false,1,9.90,4.67,true,1,
4011338,true,"קצפת 250מ""ל",נטו מלינדה סחר בעמ,,,"י""ח",250,"ל מ""ל",false,1,9.90,3.96,false,1,
4011345,true,"קצפת ריצ`פרווה במיכל 250 מ""ל",נטו מלינדה סחר בעמ,,,"י""ח",250,"ל מ""ל",false,1,9.90,3.96,false,1,
4011819,true,המבורגר ריב אנטריקוט 360גרם,נטו מלינדה סחר בעמ,,,"י""ח",360,ל גרם,false,1,24.90,6.92,true,1,
4011826,true,מיני המבורגר ריב אנטריקוט 320גרם,נטו מלינדה סחר בעמ,,,"י""ח",320,ל גרם,false,1,23.90,7.47,true,1,
4014407,true,סוכריות M M שוקו,"מרס ריגלי ישראל בע""מ",,,"י""ח",1,,false,1,4.90,4.90,true,1,
4022309,true,MNM פינאטבאטר 80ג,מרס ריגלי ישראל בעמ,,,"י""ח",80,ל גרם,false,1,7.90,9.88,false,1,
4043108,true,MNM שוקו 80ג.,"מרס ריגלי ישראל בע""מ",,,"י""ח",80,ל גרם,false,1,7.90,9.88,false,1,
4043205,true,MNM פינאטס 92ג,מרס ריגלי ישראל בעמ,,,"י""ח",92,ל גרם,false,1,7.90,8.59,false,1,
4063016,true,"מלח שולחן 1 ק""ג*",סוגת תעשיות בעמ,,,"י""ח",1,"ק""ג",false,1,1.70,1.70,false,1,
4064181,true,"מלח גס 1 ק""ג צנצנת ההימלאיה",סוגת תעשיות בעמ,,,"י""ח",1,"ק""ג",false,1,17.90,17.90,false,1,
4064389,true,מלח הימלאיה דק מלחייה 250 גרם,סוגת תעשיות בעמ,,,"י""ח",2.50,"י""ח",false,1,9.90,3.96,false,1,
4068035,true,"איירן 500מ""ל",מחלבות גד,,,"י""ח",500,"ל מ""ל",false,1,7.90,1.58,false,1,
4068172,true,יוגורט עזים דלי 600ג 5%,מחלבות גד,,,"י""ח",600,ל גרם,false,1,19.10,3.18,false,1,
4078263,true,צימרוני אוזניים בלונס,ש.שסטוביץ בעמ,,,"י""ח",1,,false,1,11.90,11.90,false,1,
4136277,true,"עמק 28% פרוס בד""ץ*",תנובה בעמ ***,,,"ק""ג",1,"י""ח",true,1,63,63,false,1,
4150129,true,טחינה פיקנטי פרמיום 300ג,סלטי שמיר2006בעמ,,,"י""ח",300,ל גרם,false,1,16.90,5.63,true,1,
4150136,true,חציל על האש פיקנטי פרמיום 300ג,סלטי שמיר2006בעמ,,,"י""ח",300,ל גרם,false,1,16.90,5.63,true,1,
4150143,true,חציל במיונז פיקנטי פרמיום 300ג,סלטי שמיר2006בעמ,,,"י""ח",300,ל גרם,false,1,16.90,5.63,true,1,
4150167,true,"תפו""א במיונז פיקנטי פרמיום 300ג",סלטי שמיר2006בעמ,,,"י""ח",300,ל גרם,false,1,16.90,5.63,true,1,
4150174,true,קולסלאו פיקנטי פרמיום 300ג,סלטי שמיר2006בעמ,,,"י""ח",300,ל גרם,false,1,16.90,5.63,true,1,
4150181,true,חמוצים סיני פיקנטי פרמיום 300ג,סלטי שמיר2006בעמ,,,"י""ח",300,ל גרם,false,1,16.90,5.63,true,1,
4150228,true,כרוב אדום פיקנטי פרמיום 300ג,סלטי שמיר2006בעמ,,,"י""ח",300,ל גרם,false,1,16.90,5.63,true,1,
4150365,true,חומוס בטטה פיקנטי פרמיום 300ג,סלטי שמיר2006בעמ,,,"י""ח",300,ל גרם,false,1,16.90,5.63,true,1,
4199234,true,כפ. לאטקס 100 יח XL EASY TOUCH,אינטרסן (1996) בעמ,,,"י""ח",100,"י""ח",false,1,29.90,0.30,true,1,
4257101,true,אנטריקוט דק דק 250ג עטרה,נטו מלינדה סחר בעמ,,,"י""ח",250,ל גרם,false,1,29.90,11.96,false,1,
4257118,true,מילנסה דק דק 250ג עטרה,נטו מלינדה סחר בעמ,,,"י""ח",250,ל גרם,false,1,29.90,11.96,false,1,
4257125,true,סינטה דק דק 250ג עטרה,נטו מלינדה סחר בעמ,,,"י""ח",250,ל גרם,false,1,19.90,7.96,false,1,
4494919,true,"יין כנען קברנה שיראז דלתון 750מ""",הכרם משקאות חריפים בעמ,,,"י""ח",750,"ל מ""ל",false,1,44.90,5.95,true,1,
4603175,true,מלח ים האדום גס 500ג,סוגת תעשיות בעמ,,,"י""ח",500,ל גרם,false,1,8.90,1.78,false,1,
5079290,true,חריץ גבינה נעם 15% שקיל,*החברה המרכזית להפצת משקאותבעמ,,,"ק""ג",1,,true,1,66.90,66.90,false,1,
5079344,true,מוצרלה נעם שקיל,*החברה המרכזית להפצת משקאותבעמ,,,"ק""ג",1,,true,1,79.90,79.90,false,1,
5079474,true,מוצרלה נעם 22% מהדרין שקיל,*החברה המרכזית להפצת משקאותבעמ,,,"ק""ג",1,,true,1,79.90,79.90,false,1,
5100044,true,חליות בודד,ג נרל מילס ישראל בעמ,,,"י""ח",1,,false,1,2.90,2.90,false,1,
5287930,true,"מארז טונה סטארקיסט 160 גר`בד""צ",דיפלומט מפיצים (1968) בעמ**,,,"י""ח",1,,false,1,27.90,27.90,true,1,
5431883,true,מלבי חלבי 165ג. תנובה,"תנובה בע""מ ***",,,"י""ח",165,"ל מ""ל",false,1,7.90,4.79,false,1,
5555502,true,אריזת פקדון 30 אגורות,שונות /שרות,,,"י""ח",1,,false,1,0.30,0.30,false,1,
5559907,true,פיצה משפחתית גבינה 500 ג מעדנות,תנובה בשר,,,"י""ח",500,ל גרם,false,1,25.50,5.10,true,1,
5678318,true,ענב טלי בוטיק אוטם קריספי,ביכורי השדה צפון 1994 ג.ד. בעמ,,,"ק""ג",1,,true,1,22.90,22.90,false,1,
5678417,true,ענבים טלי לבן,ביכורי השדה צפון 1994 ג.ד. בעמ,,,"ק""ג",1,,true,1,24.90,24.90,false,1,
5678585,true,ענב סקרלוטה אדום מארז,ביכורי השדה צפון 1994 ג.ד. בעמ,,,"ק""ג",1,,true,1,16.90,16.90,false,1,
5678806,true,ענב אדום ארוז.,ביכורי השדה צפון 1994 ג.ד. בעמ,,,"ק""ג",1,,true,1,22.90,22.90,false,1,
5896453,true,"מכבי 7.9% 500מ""ל בקבוק חוזר",טמפו משקאות בעמ,,,"י""ח",500,"ל מ""ל",false,1,7.30,1.22,false,1,
5896620,true,סן בנדטו ירוק 1.5 ליטר מוגז בודד,טמפו משקאות בעמ,,,"י""ח",1.50,ליטר,false,1,3.80,2.33,false,1,
5966033,true,"יין הר חרמון לבן 750 מ""ל",היכל היין שקד גולן בעמ,,,"י""ח",750,"ל מ""ל",false,1,36.90,4.88,true,1,
5966088,true,"~יין הר חרמון אדום 750 מ""ל.",היכל היין שקד גולן בעמ,,,"י""ח",750,"ל מ""ל",false,1,36.90,4.88,true,1,
5996078,true,סרוולט הונגרי 125ג,מעדני יחיעם 1993 בעמ,,,"י""ח",125,ל גרם,false,1,26.90,21.52,false,1,
5996221,true,פסטרמה של פעם דק דק 120ג,מעדני יחיעם 1993 בעמ,,,"י""ח",120,ל גרם,false,1,13.90,11.58,true,1,
5996238,true,פסטרמה בדבש דק דק 120ג,מעדני יחיעם 1993 בעמ,,,"י""ח",120,ל גרם,false,1,14.90,12.42,true,1,
5996740,true,סלמי פפרוני 300ג,מעדני יחיעם 1993 בעמ,,,"י""ח",300,ל גרם,false,1,24.90,8.30,true,1,
6511010,true,פרמזנו(שקיל),ג.וילי פוד אינטרנשיונל בעמ,,,"ק""ג",200,ל גרם,true,1,86.90,43.45,false,1,
6739124,true,בצק פילאס 500גר זוגלובק,זוגלובק שיווק בעמ,,,"י""ח",500,ל גרם,false,1,17.90,3.58,true,1,
6739131,true,בצק פילו 500גר זוגלובק,זוגלובק שיווק בעמ,,,"י""ח",500,ל גרם,false,1,14.90,2.98,true,1,
6739421,true,מעושן איטלקי 300גר`,זוגלובק שיווק בעמ,,,"י""ח",300,ל גרם,false,1,26.90,8.97,false,1,
6739544,true,כתף בקר 300גר`,זוגלובק שיווק בעמ,,,"י""ח",300,ל גרם,false,1,31.90,10.63,true,1,
6742278,true,פסטרממיה צלויה על לבנים 330גר`,זוגלובק שיווק בעמ,,,"י""ח",330,ל גרם,false,1,26.90,8.15,false,1,
6742292,true,פסטרממיה בדבש 330גר`,זוגלובק שיווק בעמ,,,"י""ח",330,ל גרם,false,1,26.90,8.15,false,1,
6742315,true,חזה הודו ברביקיו 330גר`,זוגלובק שיווק בעמ,,,"י""ח",330,ל גרם,false,1,26.90,8.15,false,1,
6764072,true,"גולדסטאר 500 מ""ל}חוזר{",טמפו משקאות בעמ,,,"י""ח",500,"ל מ""ל",false,1,7.90,1.34,false,1,
6764157,true,"בירה גולדסטאר לא מסונן חוזר 500מ""ל",טמפו משקאות בעמ,,,"י""ח",500,"ל מ""ל",false,1,7.90,1.34,false,1,
6764485,true,נשר מאלט 330 שישיה,טמפו משקאות בעמ,,,"י""ח",1.98,ליטר,false,1,30.90,14.70,false,1,
6775795,true,עוגת תפוח ממולאת 450גרם אחוה,אחדות בעמ,,,"י""ח",450,ל גרם,false,1,11.90,2.64,false,1,
6822192,true,אושן ספריי דיאט חמוציות 1ליטר,החברה המרכזית להפצת משקאות בעמ,,,"י""ח",1000,"ל מ""ל",false,1,11,1.07,false,1,
6941466,true,שמן קנולה 1 ליטר שווה,ח.כהן סוכנויות מזון ומשקאות***,,,"י""ח",1,ליטר,false,1,10.90,10.90,false,1,
8101356,true,קריספי פאנקו זהוב 300גר,א.ל.יצור ושיווקתבלינים בעמ,,,"י""ח",300,ל גרם,false,1,9.90,3.30,true,1,
8175814,true,"פטריות חתוך 400 גרם 8""",ג.וילי פוד אינטרנשיונל בעמ,,,"י""ח",400,ל גרם,false,1,5.40,1.35,false,1,
8175906,true,גבינה עיזים שקיל,ג.וילי פוד אינטרנשיונל בעמ,,,"ק""ג",1,"ק""ג",true,1,125,125,false,1,
8409049,true,מיני מיני שניצלונים בציפוי שומשום,תנובה בשר,,,"י""ח",1,,false,1,29.90,29.90,false,1,
8409315,true,מיני מיני שניצלונים בציפוי פריך 500ג,תנובה בשר,,,"י""ח",1,,false,1,29.90,29.90,false,1,
8464024,true,"גולדסטאר פחית 500 מ""ל לט מסונן",טמפו משקאות בעמ,,,"י""ח",500,"ל מ""ל",false,1,9,1.74,false,1,
8464611,true,"סודה טמפו 275 מ""ל.",טמפו משקאות בעמ,,,"י""ח",275,"ל מ""ל",false,1,3.50,1.16,true,1,
8464673,true,"גולדסטאר פחית 500 מ""ל Slowbrew 10%",טמפו משקאות בעמ,,,"י""ח",500,"ל מ""ל",false,1,8.50,1.64,false,1,
8464741,true,גולדסטאר 330 מייל שישייה.,טמפו משקאות בעמ,,,"י""ח",1980,"ל מ""ל",false,1,33.90,1.62,true,1,
8464796,true,היינקן שישיה}בקבוק 330 מייל,טמפו משקאות בעמ,,,"י""ח",1.98,ליטר,false,1,39.90,19.24,true,1,
8631952,true,כנפיים לחמין לנדא}קפוא{,נטו מלינדה סחר בעמ,,,"ק""ג",1,"ק""ג",true,1,10.90,10.90,false,1,
8670142,true,"יין רקאנטי יסמין אדום 750מ""ל",היכל היין שקד גולן בעמ,,,"י""ח",750,"ל מ""ל",false,1,38.20,5.05,true,1,
8739016,true,נר אוירה,מוסקו בעמ,,,"י""ח",1,,false,1,19.90,19.90,false,1,
8747547,true,"תפוצ יפס קראנץ טבעי 200ג כשל""פ","שטראוס פריטו ליי בע""מ",,,"י""ח",200,ל גרם,false,1,11.50,5.75,true,1,
8801850,true,סלקטד ריזלינג 0.75 ל,אגודת הכורמים -כרמל מזרחי,,,"י""ח",750,"ל מ""ל",false,1,29.90,3.95,true,1,
8802895,true,PC קברנה סובניון 0.75 ל,אגודת הכורמים -כרמל מזרחי,,,"י""ח",750,"ל מ""ל",false,1,39.90,5.28,true,1,
8989091,true,פריכיות אורז שלישיה B D,בטר אנד דיפרנט בעמ,,,"י""ח",310,ל גרם,false,1,13.90,4.48,false,1,
40345123,true,סמרטיס גליל 38 גר,קבוצת אוסם סחר-שות.מוגבלת,,,"י""ח",38,ל גרם,false,1,4.90,12.89,true,1,
59068907,true,פאל מאל כחול דמי סמילס,גלוברנדס בעמ,,,"י""ח",1,,false,1,25,25,false,1,
59068914,true,פאל מאל סילבר דמי סמילס,גלוברנדס בעמ,,,"י""ח",1,,false,1,25,25,false,1,
72940754,true,"מילקי וניל רובין כשל""פ 135גר","שטראוס גרופ ***בע""מ",,,"י""ח",130,"ל מ""ל",false,1,2.90,2.23,true,1,
72940761,true,"מילקי שוקו}שטראוס{רובין כשל""פ","שטראוס גרופ ***בע""מ",,,"י""ח",130,"ל מ""ל",false,1,2.90,2.23,true,1,
72940952,true,מילקי פי2 קצפת 111גר,"שטראוס גרופ ***בע""מ",,,"י""ח",111,ל גרם,false,1,3.90,3.51,true,1,
72945308,true,שמרים קוביות 50,"שטראוס גרופ ***בע""מ",,,"י""ח",50,ל גרם,false,1,3.80,7.60,true,1,
72961223,true,גילה*,"תנובה בע""מ ***",,,"י""ח",200,"ל מ""ל",false,1,1.51,0.76,false,1,
72961506,true,"פרילי תות 125 מ""ל","תנובה בע""מ ***",,,"י""ח",125,"ל מ""ל",false,1,3.50,2.80,false,1,
72961544,true,באדי תות,"תנובה בע""מ ***",,,"י""ח",125,"ל מ""ל",false,1,3,2.40,false,1,
72964132,true,טבעגורט,תנובה בעמ ***,,,"י""ח",200,"ל מ""ל",false,1,5.20,2.60,false,1,
72986370,true,גלידה פיינטים וניל,מוצרי איכות אמריקאיים בעמ,,,"י""ח",500,"ל מ""ל",false,1,19.90,3.98,true,1,
72986424,true,גלידה פיינטים קרם עוגיות,מוצרי איכות אמריקאיים בעמ,,,"י""ח",750,"ל מ""ל",false,1,19.90,2.65,true,1,
72986479,true,גלידה פיינטים צאנקי מנקי,מוצרי איכות אמריקאיים בעמ,,,"י""ח",500,"ל מ""ל",false,1,19.90,3.98,true,1,
72989425,true,גלידה פיינטים שוקולד בראוניס,מוצרי איכות אמריקאיים בעמ,,,"י""ח",750,"ל מ""ל",false,1,19.90,2.65,true,1,
72991374,true,טיים בודד,דובק בעמ,,,"י""ח",1,,false,1,29.30,29.30,false,1,
72991497,true,נובלס רגיל בודד,דובק בעמ,,,"י""ח",1,,false,1,29.30,29.30,false,1,
72991886,true,גלידה פיינטים דולציה דה לצ ה,מוצרי איכות אמריקאיים בעמ,,,"י""ח",500,"ל מ""ל",false,1,19.90,3.98,true,1,
72993637,true,דני שוקולד בודד,"שטראוס גרופ ***בע""מ",,,"י""ח",125,"ל מ""ל",false,1,2.70,2.16,true,1,
80042556,true,עגבניות חתוכות 400ג MUTTI.,רסטרטו יבוא ושיווק בעמ,,,"י""ח",400,ל גרם,false,1,5.90,1.48,true,1,
80052760,true,קינדר בואנו,פרימיום - חברה לדברי מתיקה ולמ,,,"י""ח",1,,false,1,5,5,false,1,
80136194,true,קינדר הפי היפו 1/5 אגוזי לוז,פרימיום - חברה לדברי מתיקה ולמ,,,"י""ח",5,"י""ח",false,1,12.90,2.58,false,1,
80176800,true,נוטלה 750 גרם,פרימיום - חברה לדברי מתיקה ולמ,,,"י""ח",750,ל גרם,false,1,27.90,3.72,false,1,
80177173,true,נוטלה 350 גרם.,פרימיום - חברה לדברי מתיקה ולמ,,,"י""ח",3.50,"י""ח",false,1,15.90,4.54,false,1,
80310167,true,קינדר אצבעות 126 גר,פרימיום - חברה לדברי מתיקה ולמ,,,"י""ח",126,ל גרם,false,1,9.90,7.86,true,1,
80310549,true,הפי היפו אגוזי לוז בודד,פרימיום - חברה לדברי מתיקה ולמ,,,"י""ח",35,ל גרם,false,1,3.30,9.43,false,1,
80761761,true,קינדר בואנו לבן בודד,פרימיום - חברה לדברי מתיקה ולמ,,,"י""ח",1,,false,1,5,5,false,1,
80769545,true,מנטוס טעם לימון בקבוק 60ג,ליימן שליסל,,,"י""ח",60,ל גרם,false,1,9.90,16.50,true,1,
80773429,true,מנטוס טעם תות בקבוק 60ג,ליימן שליסל,,,"י""ח",60,ל גרם,false,1,9.90,16.50,true,1,
80790990,true,מנטוס טעם מנטה עדין בקבוק 60ג,ליימן שליסל,,,"י""ח",60,ל גרם,false,1,9.90,16.50,true,1,
80831402,true,סוכריות מנטה עדינה ללא סוכר,ליימן שליסל,,,"י""ח",100,ל גרם,false,1,6.90,6.90,true,1,
80843184,true,מנטוס טעם ענבים בקבוק 60ג,ליימן שליסל,,,"י""ח",60,ל גרם,false,1,9.90,16.50,true,1,
80854753,true,סוכריות מנטה ללא סוכר,ליימן שליסל,,,"י""ח",100,ל גרם,false,1,6.90,6.90,true,1,
80896081,true,מנטוס טעם אבטיח בקבוק 60ג,ליימן שליסל,,,"י""ח",60,ל גרם,false,1,9.90,16.50,true,1,
80913467,true,מנטוס טעם מנטה בקבוק 60ג,ליימן שליסל,,,"י""ח",60,ל גרם,false,1,9.90,16.50,true,1,
80979128,true,מנטוס טעם דובדבן בקבוק 60ג,ליימן שליסל,,,"י""ח",60,ל גרם,false,1,9.90,16.50,true,1,
80995128,true,מנטוס טעם הדרים בתוספת ויטמין D,ליימן שליסל,,,"י""ח",60,ל גרם,false,1,9.90,16.50,true,1,
87108538,true,מנטוס גלילים תות,ליימן שליסל,,,"י""ח",37,ל גרם,false,1,3.30,8.92,true,1,
87108712,true,מנטוס פירות 1\4,ליימן שליסל,,,"י""ח",150,ל גרם,false,1,11.90,7.93,false,1,
90162602,true,"רד בול פחית 250 מ""ל",דיפלומט מפיצים (1968) בעמ**,,,"י""ח",250,"ל מ""ל",false,1,5.90,2.24,true,1,
8112100298,true,"שמן שומשום טהור 185מ""ל",מזרח ומערב יבוא ושיווק,,,"י""ח",185,"ל מ""ל",false,1,15.90,8.59,false,1,
8421420568,true,בובת TY עיינים גדולות S חתולה,שמחה זה אנחנו,,,"י""ח",1,,false,1,29.90,29.90,false,1,
9800800056,true,נוטלה גו 52ג,פרימיום - חברה לדברי מתיקה ולמ,,,"י""ח",52,ל גרם,false,1,5.90,11.35,true,1,
16000281684,true,נייטשר קראנצ`י פקאן 1/5,ליימן שליסל,,,"י""ח",210,ל גרם,false,1,19.90,9.48,true,1,
16000423534,true,נייטשר קראנצ`י ש.שועל ושוקולד מריר 1/5,ליימן שליסל,,,"י""ח",210,ל גרם,false,1,19.90,9.48,true,1,
16000548404,true,נייטשר קראנצ`י שיבולת שועל ודבש 1/5,ליימן שליסל,,,"י""ח",210,ל גרם,false,1,19.90,9.48,true,1,
16000548503,true,חטיף ניצ`ר ואלי מייפל בסוכר חום,ליימן שליסל,,,"י""ח",210,ל גרם,false,1,19.90,9.48,true,1,
16000548602,true,נייטשר קראנצ`י קינמון 1/5,ליימן שליסל,,,"י""ח",210,ל גרם,false,1,19.90,9.48,true,1,
16229924263,true,"קרם קוקוס 250מ""ל",גורי מוצרי צריכה בעמ,,,"י""ח",250,"ל מ""ל",false,1,9.90,3.96,false,1,
18000701223,true,תערובת לעוגת שוק(פילסברי),ליימן שליסל,,,"י""ח",517,ל גרם,false,1,17.90,3.46,false,1,
22224200820,true,קני וופלי ליקריץ אוסטרלי אדום 114גר,מור ים מרקטינג בעמ,,,"י""ח",114,ל גרם,false,1,11.90,10.44,false,1,
25675120037,true,מקלות חמוצות 100,גורי ע.ע.ע. בעמ,,,"י""ח",100,ל גרם,false,1,9.90,9.90,false,1,
25675120068,true,ממתק מקלות בטעם קולה,גורי ע.ע.ע. בעמ,,,"י""ח",100,ל גרם,false,1,9.90,9.90,false,1,
25675121027,true,חמצוצים 115גר`,גורי ע.ע.ע. בעמ,,,"י""ח",115,ל גרם,false,1,10.20,8.87,false,1,
25675121034,true,חמצוצים 115גר`,גורי ע.ע.ע. בעמ,,,"י""ח",115,ל גרם,false,1,10.20,8.87,false,1,
25675121058,true,חמצוצים 115גר`,גורי ע.ע.ע. בעמ,,,"י""ח",115,ל גרם,false,1,10.20,8.87,false,1,
25675301108,true,מקלות חמוצות 50 גרם,גורי ע.ע.ע. בעמ,,,"י""ח",50,ל גרם,false,1,4.90,9.80,false,1,
29424001509,true,מצופים אגוז 400 גרם.,ח.כהן סוכנות מזון ומשקאות בע,,,"י""ח",400,ל גרם,false,1,9.90,2.48,false,1,
31200001597,true,חמוציות אושן ספריי 170גר,ליימן שליסל,,,"י""ח",170,ל גרם,false,1,14.50,8.53,true,1,
33617000026,true,וואזה מקמח מלא 260ג,גורי מוצרי צריכה בעמ,,,"י""ח",260,ל גרם,false,1,12.90,4.96,true,1,
34000148301,true,נטיפי שוקולד מריר לאפייה 340גר הרשי,ליימן שליסל,,,"י""ח",340,ל גרם,false,1,19.90,5.85,true,1,
34000442652,true,ריזס קבלה XL,ליימן שליסל,,,"י""ח",47,ל גרם,false,1,8.90,18.94,false,1,
34000446001,true,חטיפי שוקולד חלב ריזס מיניס 150גר,ליימן שליסל,,,"י""ח",150,ל גרם,false,1,10.90,7.27,false,1,
34000470228,true,חטיפי שוקולד חלב ריזס מיניס 70גר,ליימן שליסל,,,"י""ח",70,ל גרם,false,1,6.50,9.29,false,1,
34000544028,true,ממתק בטעם תות 198ג,ליימן שליסל,,,"י""ח",198,ל גרם,false,1,7.90,3.99,false,1,
34000544431,true,ליקרויץ 198 גרם -דובדבן,ליימן שליסל,,,"י""ח",1,,false,1,7.90,7.90,false,1,
36000516890,true,טישו קלינקס 120 3 שכבות,קימברלי קלארק ישראל שיווק בעמ,,,"י""ח",120,"י""ח",false,1,19.90,0.17,true,1,
37600207287,true,חמאת בוטנים סקיפי,דיפלומט מפיצים (1968) בעמ**,,,"י""ח",462,ל גרם,false,1,20.90,4.52,false,1,
38000138638,true,פרינגלס פיצה 161 גר`פלקס,דיפלומט מפיצים (1968) בעמ**,,,"י""ח",161,ל גרם,false,1,9.90,6.15,true,1,
38000183928,true,פרינגלס חרדל דבש 158ג`,דיפלומט מפיצים (1968) בעמ**,,,"י""ח",158,ל גרם,false,1,9.90,6.27,true,1,
38000202278,true,פרינגלס גלי בטעם אוריגינל 130 גר`,דיפלומט מפיצים (1968) בעמ**,,,"י""ח",130,ל גרם,false,1,9.90,7.62,true,1,
38000232152,true,פרינגלס ברביקיו 161 גר`פלקס,דיפלומט מפיצים (1968) בעמ**,,,"י""ח",161,ל גרם,false,1,9.90,6.15,true,1,
38000232176,true,פרינגלס שמנת בצל 161 גר`פלקס,דיפלומט מפיצים (1968) בעמ**,,,"י""ח",161,ל גרם,false,1,9.90,6.15,true,1,
38000232183,true,פרינגלס אוריגינל 149 גר`.,דיפלומט מפיצים (1968) בעמ**,,,"י""ח",149,ל גרם,false,1,9.90,6.64,true,1,
38527591053,true,דגנים מרובעים קי,"שטראוס פריטו ליי בע""מ",,,"י""ח",375,ל גרם,false,1,19.90,5.31,true,1,
40000512943,true,מ אנ אם שוקולד 272ג,מרס ריגלי ישראל בעמ,,,"י""ח",272,ל גרם,false,1,19.90,7.32,false,1,
40000513568,true,שוקולד M M אריזה גדולה 156ג,"מרס ריגלי ישראל בע""מ",,,"י""ח",1560,ל גרם,false,1,10.90,0.70,false,1,
40000514510,true,סוכריות M M פינאטס 48 ג,"מרס ריגלי ישראל בע""מ",,,"י""ח",1,,false,1,4.90,4.90,true,1,
41190045600,true,שופרייט פצפוצי אורז,מור ים מרקטינג בעמ,,,"י""ח",1,,false,1,29.90,29.90,false,1,
41740001353,true,רוטב גולד חמוץ מתוק לעוף 539 גרם,מור ים מרקטינג בעמ,,,"י""ח",539,"ל מ""ל",false,1,21.90,4.06,false,1,
46214731552,true,עוגיות שוקו צ יפ מרבה,ש.שסטוביץ בעמ,,,"י""ח",225,ל גרם,false,1,8.90,3.96,false,1,
50000170180,true,פריסקיז עוף ברוטב 156גר`,קבוצת אוסם סחר-שות.מוגבלת,,,"י""ח",156,ל גרם,false,1,8.40,5.38,false,1,
50000397587,true,אבקה להכנת משקה שוקולד חלב 6 שקיות,מור ים מרקטינג בעמ,,,"י""ח",121,ל גרם,false,1,21.90,18.10,false,1,
50000445691,true,פריסקיז נתחי עוף וסלומון ברוטב 156גר,קבוצת אוסם סחר-שות.מוגבלת,,,"י""ח",156,ל גרם,false,1,7.90,5.06,false,1,
55369901703,true,רבעיות תות שדה חתם סופר 452גרם,מור ים מרקטינג בעמ,,,"י""ח",452,ל גרם,false,1,15.90,3.52,false,1,
55369902564,true,"מחית תפ""ע לא ממותק 452גר אפלסנקס",מור ים מרקטינג בעמ,,,"י""ח",452,ל גרם,false,1,15.90,3.52,false,1,
64144090013,true,תרסיס שמן בטעם חמאה,ליימן שליסל,,,"י""ח",141,"ל מ""ל",false,1,19.90,14.11,true,1,
70221011116,true,טובלרון שוק 100 גרם,דיפלומט מפיצים (1968) בעמ**,,,"י""ח",100,ל גרם,false,1,7.90,7.90,true,1,
76840002542,true,גלידה פיינטים נטפליקס צ`ילד,מוצרי איכות אמריקאיים בעמ,,,"י""ח",500,"ל מ""ל",false,1,19.90,3.98,true,1,
76840100156,true,גלידה פיינטים צרי גרסיה,מוצרי איכות אמריקאיים בעמ,,,"י""ח",750,"ל מ""ל",false,1,19.90,2.65,true,1,
76840100583,true,גלידה פיינטים בצק עוגיות 473 מל,מוצרי איכות אמריקאיים בעמ,,,"י""ח",750,"ל מ""ל",false,1,19.90,2.65,true,1,
76840400218,true,"גלידת בן אנד גריס 473מ""לעוגת גבינה עם",מוצרי איכות אמריקאיים בעמ,,,"י""ח",473,"ל מ""ל",false,1,23.90,5.05,true,1,
77975091975,true,סניידרס סנדוויץ בייגלה בטעם פיצה,ליימן שליסל,,,"י""ח",340,ל גרם,false,1,15.90,4.68,true,1,
77975094624,true,סניידרס שברי בייגל חמאת בונים 283גר,ליימן שליסל,,,"י""ח",340,ל גרם,false,1,15.90,4.68,true,1,
77975094761,true,סניידרס שברי בייגל גבינת צ`דר 340גר,ליימן שליסל,,,"י""ח",340,ל גרם,false,1,15.90,4.68,true,1,
77975094778,true,"סניידרס שברי בייגל בצל,חרדל ודבש 340ג",ליימן שליסל,,,"י""ח",340,ל גרם,false,1,15.90,4.68,true,1,
77975095164,true,סניידרס שברי בייגל פרמזו ושום 318ג,ליימן שליסל,,,"י""ח",318,ל גרם,false,1,15.90,5,true,1,
80432402931,true,"וויסקי שיבאס רגאל 700מ""ל",טמפו משקאות בעמ,,,"י""ח",700,"ל מ""ל",false,1,119.90,17.09,true,1,
80518532743,true,שקית בלונים,שמחה זה אנחנו,,,"י""ח",1,,false,1,12,12,false,1,
89397344362,true,רוטב פסטה מרינרה 737גרם,מור ים מרקטינג בעמ,,,"י""ח",737,ל גרם,false,1,17.90,2.43,false,1,
628154383659,true,דגני בוקר פרוטי פבלס 311גר,ר.ב. מוצרי דגנים בעמ,,,"י""ח",311,ל גרם,false,1,21.90,7.04,false,1,
651080161510,true,אוראל בי פלוסר קיסם+חוט 3,דנשר (1963) בעמ,,,"י""ח",1,,false,1,10.90,10.90,false,1,
693493102575,true,עגבניות שרי קלמרים,ביכורי השדה צפון 1994 ג.ד. בעמ,,,"י""ח",450,ל גרם,false,1,10.90,2.42,false,1,
716165174011,true,RAW גדול+פילטר,גלוברנדס בעמ,,,"י""ח",1,,false,1,4.90,4.90,false,1,
728229123590,true,צי פס אורגינל TERRA,מ.סידס ובנו בעמ,,,"י""ח",110,ל גרם,false,1,15.90,14.45,true,1,
728229123811,true,תה רה צי פס מתובל,מ.סידס ובנו בעמ,,,"י""ח",50,ל גרם,false,1,15.90,31.80,true,1,
729002864025,true,נבטי אלפלפא,ביכורי השדה צפון 1994 ג.ד. בעמ,,,"י""ח",1,,false,1,6.90,6.90,false,1,
729016400205,true,צלחות 100יח גדול צבעוני שווה,ח.כהן סוכנות מזון ומשקאות בע,,,"י""ח",100,"י""ח",false,1,34.90,0.35,false,1,
753182231761,true,משקה אנרגיה בלו סיקס ללא סוכר,בני פאוזי שמשום (2009) בעמ,,,"י""ח",250,"ל מ""ל",false,1,4.50,1.68,true,1,
768404001640,true,גלידה פיינטים קפה,מוצרי איכות אמריקאיים בעמ,,,"י""ח",500,"ל מ""ל",false,1,19.90,3.98,true,1,
769904000607,true,.שקדי מרק ברפוד 200גר`,בטר אנד דיפרנט בעמ,,,"י""ח",200,ל גרם,false,1,12.90,6.45,false,1,
839762000641,true,איילנד מנגו 1 ליטר,טמפו משקאות בעמ,,,"י""ח",1,ליטר,false,1,13.20,13.20,true,1,
851621000043,true,"בירה Blanc 1664 5% 330מ""ל בודד",החברה המרכזית להפצת משקאות בעמ,,,"י""ח",330,"ל מ""ל",false,1,9.20,2.70,false,1,
851621000050,true,"בירה Blanc 1664 5% 330מ""ל שישייה",החברה המרכזית להפצת משקאות בעמ,,,"י""ח",1.98,ליטר,false,1,42.90,20.76,false,1,
856591000055,true,עבאדי עוגיות מזרחיות קריספי -400,תה ויסוצקי (ישראל)בעמ,,,"י""ח",400,ל גרם,false,1,17.90,4.48,false,1,
856591000062,true,עבאדי עוגיות מזרחיות מלח -400,תה ויסוצקי (ישראל)בעמ,,,"י""ח",400,ל גרם,false,1,17.90,4.48,false,1,
859547004084,true,ספוג ניקוי SCRUB DADDY LEMON,ר.ב. מוצרי דגנים בעמ,,,"י""ח",1,,false,1,17.90,17.90,false,1,
859547004466,true,ספוג ניקוי SCRUB MOMMY,ר.ב. מוצרי דגנים בעמ,,,"י""ח",1,,false,1,17.90,17.90,false,1,
884912342737,true,דגני בוקר CRISP WAFFLE י326 גרם.,ר.ב. מוצרי דגנים בעמ,,,"י""ח",326,ל גרם,false,1,20.90,6.41,false,1,
884912359162,true,דגני בוקר האני באנצ שקדים 340ג,ר.ב. מוצרי דגנים בעמ,,,"י""ח",340,ל גרם,false,1,22.90,6.74,true,1,
884912365200,true,דגני בוקר אוראו 311גר.,ר.ב. מוצרי דגנים בעמ,,,"י""ח",311,ל גרם,false,1,23.90,7.68,true,1,
893594002051,true,חטיף פופקורן צ`יפס טעם גבינת צ`דר 28גר,"שטראוס פריטו ליי בע""מ",,,"י""ח",28,ל גרם,false,1,6.90,24.64,true,1,
3014260228842,false,"קצף גילוח ג'ילט לעור רגיל 200 מ""ל",דיפלומט מפיצים (1968) בעמ,,,"י""ח",200,"ל מ""ל",false,1,16.30,8.15,true,1,
3014260287030,false,ג`ילט סכיני גילוח חדפ לגבר יבוא מקביל,פארמה דיל (פ.א.ב.) שיווק והפצה,,,"י""ח",1,,false,1,6.90,6.90,true,1,
3046920028004,false,לינדט שוקולד אקסלנס מריר 70% 100 גר,לינדט ושפרונגלי קילשברג,,,"י""ח",100,ל גרם,false,1,16.90,16.90,true,1,
3046920028363,false,לינדט אקסלנס 85% מוצקי קקאו 100 גרם,לינדט ושפרונגלי קילשברג,,,"י""ח",100,ל גרם,false,1,16.90,16.90,true,1,
3046920029759,false,אקסלנס שוקולד מריר 90% לינדט (100 גרם),לינדט ושפרונגלי קילשברג,,,"י""ח",100,ל גרם,false,1,16.90,16.90,true,1,
3073781162790,false,גבינה מותכת בייבי בל 120 גרם,א. סיימן סחר בעמ,,,"י""ח",120,ל גרם,false,1,21.90,18.25,true,1,
3161911229199,false,חמאה צרפתית רכה למריחה אל & ויר 250 גרם,א. סיימן סחר בעמ,,,"י""ח",250,ל גרם,false,1,23.90,9.56,true,1,
3178530402353,false,עוגות מיני מדלן קלאסי סאן מישל 175 גרם,סאן מישל ביסוויט,,,"י""ח",175,ל גרם,false,1,11.90,6.80,true,1,
3387390525960,false,קראנץ' דגני בוקר עם שוקולד חלב נסטלה 500 גרם,קבוצת אוסם סחר שותפות מוגבלת,,,"י""ח",500,ל גרם,false,1,25,5,true,1,
3563490014898,false,ריין דיז'ון חרדל דיז'ון 265 גרם,דיפלומט מפיצים (1968) בעמ**,,,"י""ח",255,ל גרם,false,1,12.90,5.06,false,1,
3574661485218,false,טמפונים נורמל אובה 32 יח' פרוקומפורט,"ש. שסטוביץ בע""\מ",,,"י""ח",1,,false,1,24.90,24.90,false,1,
3574661487618,false,קרפרי מגן תחתון מקסי לארג'' מבושם 48 יח'',ג'ויה מעבדות לקוסמטי,,,"י""ח",1,,false,1,16.90,16.90,true,1,
3574661554884,false,קרפרי מגן תחתון רגיל טנגה מבושם 56 יח,הדקלאים אגודת שיתופי,,,"י""ח",1,,false,1,16.90,16.90,true,1,
3600522344032,false,"אלביב מסכה לשיער פגום טואל ריפר 300מ""ל",לוריאל ישראל קוסמטיקס בעמ,,,"י""ח",300,"ל מ""ל",false,1,34.90,11.63,false,1,
3600523651870,false,שמפו לחיזוק סיב השערה לכל סוגי השיער,לוריאל ישראל קוסמטיקס בעמ,,,"י""ח",550,"ל מ""ל",false,1,16.90,3.07,true,1,
3600542385268,false,"גרנייה - דאודורנט רול און לאישה אינביזיבל BWC (ורוד) 50 מ""ל",לוריאל ישראל קוסמטיקס בעמ,,,"י""ח",1,,false,1,12.90,12.90,true,1,
3600542431842,false,גרנייה - קולור נטורלס 4 חום כהה טבעי חדש,לוריאל ישראל קוסמטיקס בעמ,,,"י""ח",1,,false,1,18.90,18.90,false,1,
4000417019004,false,שוקולד חלב אגוזי לוז שלמים ריטר ספורט 100 גרם,ריטר ספורט Ritter sport,,,"י""ח",100,ל גרם,false,1,10.90,10.90,true,1,
4000417022004,false,ריטר ספורט שוקולד חלב מעולה עם צימוקים ואגוזי לוז 100 גרם,ריטר ספורט Ritter sport,,,"י""ח",100,ל גרם,false,1,8.90,8.90,true,1,
4000417101211,false,גלילי וופל עם קרם אגוזי לוז בציפוי שוקולד חלב,ליימן שליסל בע`מ,,,"י""ח",150,ל גרם,false,1,17.90,11.93,true,1,
4004715020755,false,קישוטים לעוגה 3 צילינדרים בקופסא,היינץ צפון אמריקה מק,,,"י""ח",1,,false,1,13.90,13.90,false,1,
4005808366392,false,שפתון ליובש כחול קלאסי לבלו 48 גרם,טרופיקל דגיל תעשיות,,,"י""ח",1,,false,1,11.90,11.90,true,1,
4005900874931,false,"דאודורנט ספריי דיפ ביט לגבר 150 מ""ל ניוויה",אלפא ב.ד.ף בעמ,,,"י""ח",150,"ל מ""ל",false,1,15.90,10.60,true,1,
4009900379564,false,מסטיק הובה בובה Hubba Bubba טייפ בטעם פירות,מרס ריגלי קונפקשונרי,,,"י""ח",672,ל גרם,false,1,6.60,0.98,false,1,
4009900385824,false,מסטיק אורביט פפרמינט סטיקס משפחתי-חמישיות,"מרס ריגלי ישראל בע""מ",,,"י""ח",5,"י""ח",false,1,9.90,1.98,false,1,
4009900402965,false,אורביט וויט בטעם פירות בקבוקון 46מלבניות,"מרס ריגלי ישראל בע""מ",,,"י""ח",90,ל גרם,false,1,10.50,11.67,true,1,
4009900403023,false,אורביט וויט בטעם מנטה בקבוקון 46 מלבניות,"מרס ריגלי ישראל בע""מ",,,"י""ח",90,ל גרם,false,1,10.50,11.67,true,1,
4009900406918,false,מסטיק הובה בובה טייפ טריפל מיקס 56ג',מרס ריגלי קונפקשונרי,,,"י""ח",56,ל גרם,false,1,6.60,11.79,false,1,
4009900420129,false,מסטיק אורביט פרופשנל פפרמינט בקבוקון 64 גר',"מרס ריגלי ישראל בע""מ",,,"י""ח",90,ל גרם,false,1,10.50,11.67,true,1,
4009900426039,false,מסטיק מנטה אקליפטוס בקבוקון איירווייבס 64 גרם,"מרס ריגלי ישראל בע""מ",,,"י""ח",90,ל גרם,false,1,10.50,11.67,true,1,
4009900426121,false,מסטיק אורביט איירוויז בקבוקון אוכמניות 64ג',"מרס ריגלי ישראל בע""מ",,,"י""ח",90,ל גרם,false,1,10.50,11.67,true,1,
4009900455299,false,"סוכרית ג'לי אדומה 174 גרם ""סקיטלס""","מרס ריגלי ישראל בע""מ",,,"י""ח",174,ל גרם,false,1,8.90,5.11,false,1,
4009900465304,false,סוכריות סקיטלס פירות חמוצים 174 גרם,"מרס ריגלי ישראל בע""מ",,,"י""ח",174,ל גרם,false,1,8.90,5.11,false,1,
4009900479998,false,אורביט וויט אוכמניות בקבוקון 46 מלבניות,"מרס ריגלי ישראל בע""מ",,,"י""ח",90,ל גרם,false,1,10.50,11.67,true,1,
4009900482417,false,מסטיק אורביט פירות מנטה בקבוקון באבל מינט 45יח,"מרס ריגלי ישראל בע""מ",,,"י""ח",90,ל גרם,false,1,10.50,11.67,true,1,
4009900487283,false,מסטיק אורביט סטיקס מארז חמישייה ללס בטע,"מרס ריגלי ישראל בע""מ",,,"י""ח",5,"י""ח",false,1,9.90,1.98,false,1,
4009900514996,false,מסטיק טעם תות בקבוקון אורביט 64 גרם,"מרס ריגלי ישראל בע""מ",,,"י""ח",90,ל גרם,false,1,10.50,11.67,true,1,
4009900521581,false,סוכריות אורביט מינטס מנטה בבקבוקון 77 גר,מרס ריגלי ישראל בעמ,,,"י""ח",77,ל גרם,false,1,9.90,12.86,true,1,
4009900531122,false,"מסטיק בטעם מנטה ספירמינט, 64 ג' פרופשיונל אורפיט","מרס ריגלי ישראל בע""מ",,,"י""ח",90,ל גרם,false,1,10.50,11.67,true,1,
4009900534918,false,סקיטלס גאיינט פירות 141 גרם,מרס ריגלי ישראל בעמ,,,"י""ח",141,ל גרם,false,1,8.90,6.31,false,1,
4009900535519,false,מסטיק אורביט רפרשרס ספירמינט ללא סוכר 15.6גר',"מרס ריגלי ישראל בע""מ",,,"י""ח",15,ל גרם,false,1,3.90,26,false,1,
4009900535540,false,מסטיק אורביט רפרשרס פפרמינט ללא סוכר 15.6גר',"מרס ריגלי ישראל בע""מ",,,"י""ח",15,ל גרם,false,1,3.90,26,false,1,
4009900535823,false,מסטיק אורביט רפרשרס באבלמינט ללא סוכר 15.6גר',"מרס ריגלי ישראל בע""מ",,,"י""ח",15,ל גרם,false,1,3.90,26,false,1,
4009900536257,false,מסטיק אורביט רפרשרס ספירמינט בקבוקון ללא סוכר 67 גר',מרס ריגלי קונפקשונרי,,,"י""ח",67,ל גרם,false,1,11.90,17.76,false,1,
4009900536288,false,מסטיק אורביט רפרשרס פפרמינט בקבוקון ללא סוכר 67 גר',מרס ריגלי קונפקשונרי,,,"י""ח",67,ל גרם,false,1,11.90,17.76,false,1,
4009900536486,false,מסטיק אורביט רפרשרס באבלמינט בקבוקון ללא סוכר 67 גר',מרס ריגלי קונפקשונרי,,,"י""ח",67,ל גרם,false,1,11.90,17.76,false,1,
4009900539340,false,סוכריות ג`יינט פירות סקיטלס סאוור (141 ג,מרס ריגלי קונפקשונרי,,,"י""ח",141,ל גרם,false,1,8.90,6.31,false,1,
4009900539685,false,"מסטיק פייב באונס בטעם מנטה בקבוקון, 61.8 גרם","מרס ריגלי ישראל בע""מ",,,"י""ח",67,ל גרם,false,1,11.90,17.76,true,1,
4009900539746,false,"מסטיק פייב באונס בטעם אבטיח בקבוקון, 61.8 גרם",מרס ריגלי ישראל בעמ,,,"י""ח",67,ל גרם,false,1,11.90,17.76,true,1,
4011800628512,false,חטיף קורני שוקולד חלב 6 יח 150 גר,מיוצר עי קונדיטוריית,,,"י""ח",150,ל גרם,false,1,11.90,7.93,true,1,
4011800630515,false,חטיף קורני שוקולד חלב ובננה 6 יח 150 גר,מיוצר עי קונדיטוריית,,,"י""ח",150,ל גרם,false,1,11.90,7.93,true,1,
4015400564034,false,מגן תחתון אולוויז מגה פק לונג פלוס 58 יחידות,דיפלומט מפיצים (1986) בע`מ,,,"י""ח",58,"י""ח",false,1,19.90,0.34,true,1,
4015400564454,false,מגני תחתון אולוויז לארג' עם ניחוח מגה פק,דיפלומט מפיצים (1986) בע`מ,,,"י""ח",1,,false,1,19.90,19.90,true,1,
4015400681670,false,תחבושות אולוויז וליו פק לילה בטוח 18 יחידות,דיפלומט מפיצים (1986) בע`מ,,,"י""ח",1,,false,1,19.90,19.90,true,1,
4015400731719,false,תחבושות היגייניות אולוויז יום ולילה Day & Night,דיפלומט מפיצים (1986) בע`מ,,,"י""ח",1,,false,1,19.90,19.90,true,1,
4015400746812,false,מגני תחתון אולוויז נורמל עם ניחוח מגה פק,דיפלומט מפיצים (1986) בע`מ,,,"י""ח",80,"י""ח",false,1,19.90,0.25,true,1,
4015400755241,false,תחבושות היגייניות אולוויז אולטרה נורמל - 28 יח',דיפלומט מפיצים (1986) בע`מ,,,"י""ח",1,,false,1,19.90,19.90,true,1,
4015600762742,false,שמפו יומיומי למניעת קשקשים הנוסחה הקלאסית,דיפלומט מפיצים (1986) בע`מ,,,"י""ח",500,"ל מ""ל",false,1,21.90,4.38,false,1,
4015600762902,false,"האד אנד שולדרס שמפו מנטול 500 מ""ל",דיפלומט מפיצים (1986) בע`מ,,,"י""ח",500,"ל מ""ל",false,1,21.90,4.38,false,1,
4015600766900,false,"שמפו ומרכ ך נגד קשקשים 500 מ""ל הד אנד שולדרס",דיפלומט מפיצים (1986) בע`מ,,,"י""ח",500,"ל מ""ל",false,1,21.90,4.38,false,1,
4022025002100,false,יין בלו ווין מבעבע רוזה כשר 750 מל,היכל היין שקד גולן בעמ,,,"י""ח",750,"ל מ""ל",false,1,59.90,7.95,true,1,
4022025261002,false,"בלו ווין גוורצטרמינר כשר 750 מ""ל",היכל היין שקד גולן בעמ,,,"י""ח",750,"ל מ""ל",false,1,49.90,6.61,true,1,
4023800122105,false,מרציפן לא מצופה 82 גרם,שוקוטרייד בעמ,,,"י""ח",82,ל גרם,false,1,7.90,9.63,false,1,
4025700001962,false,מילקה טבלה 100 גר' לבן 1/22 (4248023),דיפלומט מפיצים (1968) בעמ**,,,"י""ח",100,ל גרם,false,1,6.50,6.50,true,1,
4033100024146,false,סיגריות ווינסטון קוד בודד,גלוברנדס בעמ - שיווק סיגריות,,,"י""ח",1,,false,1,31,31,false,1,
4033100024153,false,סיגריות ווינסטון קוד פאקט,גלוברנדס בעמ - שיווק סיגריות,,,"י""ח",1,,false,1,304.90,304.90,false,1,
4033100024252,false,סיגריות ווינסטון אקווה בודד,גלוברנדס בעמ - שיווק סיגריות,,,"י""ח",1,,false,1,31,31,false,1,
4033100046490,false,סיגריות ווינסטון אקווה ארוך בודד,גלוברנדס בעמ - שיווק סיגריות,,,"י""ח",1,,false,1,31,31,false,1,
4033100046506,false,וינסטון אקווה לונג פאקט,גלוברנדס בעמ,,,"י""ח",1,,false,1,304.90,304.90,false,1,
4033100064036,false,וינסטון כחול טבק לגלגול חפיסה,גלוברנדס בעמ - שיווק סיגריות,,,"י""ח",1,,false,1,75,75,false,1,
4066600601920,false,פאולנר ביתר חיטה מעוננת 500 מל,טמפו משקאות בע`מ,,,"י""ח",500,"ל מ""ל",false,1,11,2.14,true,1,
4084500065598,false,"קרם לחות פנטן לתלתלים מושלמים 300 מ""ל",דיפלומט מפיצים (1968) בעמ,,,"י""ח",300,"ל מ""ל",false,1,17.90,5.97,false,1,
4084500178137,false,טייד נוזל כביסה 4 ליטר,דיפלומט מפיצים (1968) בעמ,,,"י""ח",4,ליטר,false,1,34.90,8.73,false,1,
4084500854048,false,נוזל לניקוי כלים לימון פיירי (1.24 ליטר),דיפלומט מפיצים (1968) בעמ,,,"י""ח",1.24,ליטר,false,1,15.90,12.82,true,1,
4084500920880,false,נוזל כלים פיירי אורגינל ירוק 1.24 ליטר,דיפלומט מפיצים (1968) בעמ,,,"י""ח",1.24,ליטר,false,1,15.90,12.82,true,1,
4105120623941,false,"בירה ויינשטפן בק' ח""פ 500 מ""ל",החברה המרכזית להפצת משקאות בעמ,,,"י""ח",500,"ל מ""ל",false,1,11.90,2.32,true,1,
4105120624412,false,"ויינשטפן ויטוס בק`ח""פ 500 מ""ל",החברה המרכזית להפצת משקאות בעמ,,,"י""ח",330,"ל מ""ל",false,1,12.50,3.70,true,1,
4210201262183,false,מברשת שיניים חשמלית ויטליטי Vitality נטענת,דיפלומט מפיצים (1968) בעמ,,,"י""ח",1,,false,1,99.90,99.90,true,1,
4630139071136,false,שמן חמניות 1 ליטר(ישראבר),ישרא-בר שמנים ותבואות בעמ,,,"י""ח",1,ליטר,false,1,9.90,9.90,false,1,
4710964104916,false,"שמן שומשום טהור 370 מ""ל (כ)",מזרח ומערב יבוא ושיווק,,,"י""ח",370,"ל מ""ל",false,1,22.90,6.19,false,1,
4750021000133,false,וודקה סטולי פרמיום,הכרם משקאות חריפים בעמ,,,"י""ח",500,"ל מ""ל",false,1,51.20,10.18,true,1,
4800888219510,false,דאב - דאודורנט סטיק לאישה פרש מלפפונים 50 גרם,"יוניליוור ישראל שיווק בע""מ",,,"י""ח",50,ל גרם,false,1,14.90,29.80,true,1,
4823077613203,false,שוקולד רושן מריר + פונדוק שלם 90 גר רושן,דילר בי.אמ.די.אינטרנשויונל בעמ,,,"י""ח",90,ל גרם,false,1,7.90,8.78,true,1,
4823077621635,false,חטיף שוקולד רושן בטעם חלב 72 גרם,דילר בי.אמ.די.אינטרנשויונל בעמ,,,"י""ח",72,ל גרם,false,1,3.90,5.42,true,1,
4823077621642,false,חטיף שוקולד רושן בטעם שוקולד 72 גר,דילר בי.אמ.די.אינטרנשויונל בעמ,,,"י""ח",72,ל גרם,false,1,3.90,5.42,true,1,
4823077621659,false,חטיף שוקולד רושן בטעם אגוז 72 גר,דילר בי.אמ.די.אינטרנשויונל בעמ,,,"י""ח",72,ל גרם,false,1,3.90,5.42,true,1,
4823077624247,false,"רושן ממתקי סוכריות ג'ילי ""בוני פרוט"" בטעם הדרים 200 גר",דילר בי.אמ.די.אינטרנשויונל בעמ,,,"י""ח",200,ל גרם,false,1,6.90,3.45,true,1,
4823077625589,false,וופל וואפרס חלב רושן 216 גר,דילר בי.אמ.די.אינטרנשויונל בעמ,,,"י""ח",216,ל גרם,false,1,6.90,3.19,true,1,
4823077625626,false,וופל וואפרס אגוז רושן 216 גר,דילר בי.אמ.די.אינטרנשויונל בעמ,,,"י""ח",216,ל גרם,false,1,6.90,3.19,true,1,
4823077626364,false,שוקולד רושן אורירי לבן 80 גרם,דילר בי.אמ.די.אינטרנשויונל בעמ,,,"י""ח",80,ל גרם,false,1,6.90,8.63,true,1,
4823077631474,false,קרקר קלאסי רושן 168 גר HI DAY,דילר בי.אמ.די.אינטרנשויונל בעמ,,,"י""ח",168,ל גרם,false,1,4.90,2.92,true,1,
4823077631863,false,גליליות ופל רושן קונפטו וניל 140 גרם,דילר בי.אמ.די.אינטרנשויונל בעמ,,,"י""ח",140,ל גרם,false,1,6.90,4.93,true,1,
4823077632259,false,חטיף שוקולד רושן עם בוטנים 43 גרם,דילר בי.אמ.די.אינטרנשויונל בעמ,,,"י""ח",40,ל גרם,false,1,3.90,9.75,true,1,
4823077634222,false,עוגיות Lovita ממולאות ג'לי תפוז מצופות צימקאו,דילר בי.אמ.די.אינטרנשויונל בעמ,,,"י""ח",168,ל גרם,false,1,6.90,4.11,true,1,
4823077634277,false,עוגיות Lovita ממולאות ג'לי תות שדה מצופות צימקאו,דילר בי.אמ.די.אינטרנשויונל בעמ,,,"י""ח",168,ל גרם,false,1,6.90,4.11,true,1,
4823077636332,false,עוגיות רושן במילוי קרם ש. 127גר LOVITA,דילר בי.אמ.די.אינטרנשויונל בעמ,,,"י""ח",127,ל גרם,false,1,6.90,5.43,true,1,
4823077636400,false,עוגיות רושן במילוי קרם חלב 127גר LOVIT,דילר בי.אמ.די.אינטרנשויונל בעמ,,,"י""ח",127,ל גרם,false,1,6.90,5.43,true,1,
4823077636417,false,עוגיות רושן במילוי קרם אגוזים 127 גר`,דילר בי.אמ.די.אינטרנשויונל בעמ,,,"י""ח",127,ל גרם,false,1,6.90,5.43,true,1,
4823077636561,false,סוכריות ממולאות בטעם חלב קפה קפה לייק 378 גרם,דילר בי.אמ.די.אינטרנשויונל בעמ,,,"י""ח",378,ל גרם,false,1,11.90,3.15,true,1,
4823077636592,false,רושן סוכריות ג'לי קרייזי פצ'ולקה 378 גרם,דילר בי.אמ.די.אינטרנשויונל בעמ,,,"י""ח",378,ל גרם,false,1,11.90,3.15,true,1,
4891228302023,false,ס.גילוח שיק אקסטרים 3 אולטימייט לגבר 4 י,ש.שסטוביץ בעמ,,,"י""ח",1,,false,1,14.90,14.90,false,1,
5000111047371,false,רטבי HP ברביקיו קלאסי היינץ,דיפלומט מפיצים (1968) בעמ**,,,"י""ח",465,ל גרם,false,1,16.50,3.55,false,1,
5000146057710,false,ספריי רב שימושי לחלונות ומשטחים ווינדולין Windolene,רקיט בנקיזר (ניר איסט) בעמ,,,"י""ח",1.50,ליטר,false,1,9.90,6.60,true,1,
5000157143365,false,מתבל בטעם מיונז וקטשופ היינץ 425 גרם,דיפלומט מפיצים (1968) בעמ**,,,"י""ח",425,ל גרם,false,1,14.90,3.51,false,1,
5000213014905,false,בירה בפחית גינס (440 מל),החברה המרכזית להפצת משקאות בעמ,,,"י""ח",330,"ל מ""ל",false,1,14.90,4.42,false,1,
5000299609347,false,"וויסקי גלנליווט פאונדרס ריזרב 700מ""ל",ג'ורג' וג'יי ג'יי סמית,,,"י""ח",700,"ל מ""ל",false,1,149.90,21.37,true,1,
5010182998861,false,דאק נוזל לניקוי אסלות בניחוח רענן 750 מל,מיוצר עי קונדיטוריית,,,"י""ח",750,"ל מ""ל",false,1,8.90,1.19,false,1,
5010677551397,false,"בקרדי בריזר בטעם לימון ליים 275 מ""ל",בקרדי בריזר Bacardi Breezer,,,"י""ח",275,"ל מ""ל",false,1,14.20,5.05,true,1,
5010677552387,false,"בקרדי בריזר אננס 275 מ""ל בקבוק",בקרדי בריזר Bacardi Breezer,,,"י""ח",275,"ל מ""ל",false,1,14.20,5.05,true,1,
5014271400426,false,"מעדן בטעם תות שדה לל""ס סאן דלפור 284 גרם",נטו מלינדה סחר בעמ,,,"י""ח",284,ל גרם,false,1,23.90,8.42,true,1,
5014379009972,false,בירה לאגר באדוויזר פחית 500 מל,הכרם - משקאות חריפים בעמ,,,"י""ח",500,"ל מ""ל",false,1,8.90,1.72,true,1,
5029053002408,false,קלינקס - נייר טואולט קליניקס לבן 9 גלילים,קימברלי קלארק ישראל שיווק בעמ,,,"י""ח",1184,ל גרם,false,1,31.90,2.69,false,1,
5029053039725,false,ממחטות נייר קלינקס נטורל פרש קופסה 72 דף,קימברלי קלארק ישראל שיווק בעמ,,,"י""ח",72,"י""ח",false,1,10.90,0.15,true,1,
5029053535227,false,קוטקס טמפון עם מוליך נורמל 16 יחידות,קימברלי קלארק ישראל שיווק בעמ,,,"י""ח",1,"י""ח",false,1,27.90,27.90,false,1,
5029053578309,false,קופסת ממחטות אולטרה סופט 48 דף קלינקס,קימברלי קלארק ישראל שיווק בעמ,,,"י""ח",48,"י""ח",false,1,7.90,0.16,false,1,
5050083559761,false,דגני בוקר קלוגס קוקו פופס שוקוס 500 גרם,קלוגס מניופקטורינג אספנה,,,"י""ח",500,ל גרם,false,1,21.90,4.38,false,1,
5053827193368,false,דגני בוקר קלוגס ברנפלקס 500 גרם,קלוגס קומפני אוף גרייט ב,,,"י""ח",500,ל גרם,false,1,22.90,4.58,false,1,
5060045588128,false,"וויסקי גים בים לבן 700 מ""ל",הכרם - משקאות חריפים בעמ,,,"י""ח",375,"ל מ""ל",false,1,90.20,23.97,true,1,
5060517886486,false,"משקה אנרגיה מונסטר אנרג'י בפחית 500 מ""ל",החברה המרכזית להפצת משקאות בעמ,,,"י""ח",500,"ל מ""ל",false,1,7,1.34,false,1,
5060517886516,false,"משקה אנרגיה מונסטר אנרג'י זירו בפחית 500 מ""ל",החברה המרכזית להפצת משקאות בעמ,,,"י""ח",500,"ל מ""ל",false,1,7,1.34,false,1,
5060639128051,false,"משקה אנרגיה מונסטר אולטרה בפחית 500 מ""ל",החברה המרכזית להפצת משקאות בעמ,,,"י""ח",500,"ל מ""ל",false,1,7,1.34,false,1,
5060639129102,false,"משקה אנרגיה מונסטר אנרג'י מנגו בפחית 500 מ""ל",החברה המרכזית להפצת משקאות בעמ,,,"י""ח",500,"ל מ""ל",false,1,7,1.34,false,1,
5060751218173,false,"משקה אנרגיה מונסטר אנרג'י piplin punch בפחית 500 מ""ל",החברה המרכזית להפצת משקאות בעמ,,,"י""ח",500,"ל מ""ל",false,1,7.50,1.44,false,1,
5060751219033,false,"משקה אנרגיה מונסטר אנרג'י זירו paradise בפחית 500 מ""ל",החברה המרכזית להפצת משקאות בעמ,,,"י""ח",500,"ל מ""ל",false,1,7,1.34,false,1,
5391523057943,false,סימילאק גולד שלב 3 תרכובת מזון על בסיס חלב,אבוט מעבדות רפואיות,,,"י""ח",700,ל גרם,false,1,69.90,9.99,false,1,
5410126006339,false,לוטוס ביסקויט בטעם קרמל 124ג,דיפלומט מפיצים (1968) בעמ**,,,"י""ח",124,ל גרם,false,1,5.90,4.76,false,1,
5410126006360,false,לוטוס עוגיות סנדוויץ במילוי לוטוס 150 גרם,דיפלומט מפיצים (1968) בעמ**,,,"י""ח",150,ל גרם,false,1,9.90,6.60,false,1,
5410126106022,false,לוטוס ביסקויט מארז חג 2*250ג.,דיפלומט מפיצים (1968) בעמ**,,,"י""ח",500,ל גרם,false,1,17.90,3.58,true,1,
5410126116953,false,ממרח ביסקוויט קרמל לוטוס (400 גרם),דיפלומט מפיצים (1968) בעמ**,,,"י""ח",312,ל גרם,false,1,22.90,7.34,false,1,
5410126666038,false,"ביסקוויט קרמל לוטוס 279 גרם בד""צ",דיפלומט מפיצים (1968) בעמ**,,,"י""ח",279,ל גרם,false,1,14.90,5.34,true,1,
5410126726947,false,ממרח ביסקוויט קרמל קראנץ' לוטוס 380 גרם,דיפלומט מפיצים (1968) בעמ**,,,"י""ח",380,ל גרם,false,1,22.90,6.03,false,1,
5410228267515,false,"שישיית בירה לאגר באדוויזר 6*330 מ""ל",הכרם - משקאות חריפים בעמ,,,"י""ח",1.98,ליטר,false,1,31.70,15.10,true,1,
5410291021991,false,ממרח אגוזי לוז עם קקאו צ`וקטה (700 גרם),ש. שסטוביץ בע`מ,,,"י""ח",385,ל גרם,false,1,18.90,4.91,false,1,
5410291022011,false,ממרח אגוזי לוז עם קקאו צ`וקטה (350 גרם),ש. שסטוביץ בע`מ,,,"י""ח",385,ל גרם,false,1,11.90,3.09,true,1,
5410291022738,false,צ'וקטה ממרח חלב ואגוזי לוז עם קקאוי 350ג',ש. שסטוביץ בע`מ,,,"י""ח",350,ל גרם,false,1,11.90,3.40,true,1,
5410291022752,false,צ'וקטה ממרח אגוזי לוז עם קקאו פרווה 350 ג',ש. שסטוביץ בע`מ,,,"י""ח",350,ל גרם,false,1,11.90,3.40,true,1,
5410291022776,false,צ`וקטה ממרח אגוזי לוז עם קקאו 700 גר`,ש. שסטוביץ בע`מ,,,"י""ח",700,ל גרם,false,1,18.90,2.70,false,1,
5410316983693,false,וודקה סמירנוף אייס בודד 275 מ``ל.,החברה המרכזית להפצת משקאות בעמ,,,"י""ח",275,"ל מ""ל",false,1,14,4.98,false,1,
5410769800097,false,"בירה לה צרי שוף 8% 330 מ""ל בקבוק",הכרם - משקאות חריפים בעמ,,,"י""ח",330,"ל מ""ל",false,1,14.90,4.42,true,1,
5411188081852,false,אלפרו משקה סויה בטעם וניל 1 ליטר,הנסיך- מפעל לייצור ט,,,"י""ח",1,ליטר,false,1,15.90,15.90,true,1,
5411188110835,false,אלפרו חלב סויה שקדים וניל 1ל',הנסיך- מפעל לייצור ט,,,"י""ח",1,ליטר,false,1,13.90,13.90,true,1,
5411188112709,false,"משקה קוקוס אלפרו 1 ליטר משקה שקדים לל""ס",הנסיך- מפעל לייצור ט,,,"י""ח",1,ליטר,false,1,13.90,13.90,true,1,
5411188115366,false,משקה קוקוס אלפרו 1 ליטר משקה שיבולת שועל 1 ליטר,הנסיך- מפעל לייצור ט,,,"י""ח",1,ליטר,false,1,13.90,13.90,true,1,
5411188115472,false,משקה סויה 1 ליטר אלפרו,הנסיך- מפעל לייצור ט,,,"י""ח",1,ליטר,false,1,13.90,13.90,true,1,
5411188121978,false,אלפרו משקה סויה עמיד מועשר בסידן 3*250,"שטראוס גרופ בע""מ",,,"י""ח",750,"ל מ""ל",false,1,15.90,2.12,true,1,
5411188124689,false,משקה אלפרו שיבולת שועל ללא סוכר 1 ליטר,שטראוס גרופ בע`מ,,,"י""ח",1,ליטר,false,1,13.90,13.90,true,1,
5411188127697,false,אלפרו בריסטה משקה שיבולת שועל 1 ליטר,הנסיך- מפעל לייצור ט,,,"י""ח",1,ליטר,false,1,13.90,13.90,true,1,
5411188300328,false,אלפרו משקה סויה עמיד בטעם שוקו 1 ליטר,הנסיך- מפעל לייצור ט,,,"י""ח",1,ליטר,false,1,15.90,15.90,true,1,
5411188543398,false,אלפרו משקה סויה 1 ליטר ללא סוכר,הנסיך- מפעל לייצור ט,,,"י""ח",1,ליטר,false,1,13.90,13.90,true,1,
5413149922907,false,"אבקת כביסה קולור וסטייל 5 ק""ג אריאל",דיפלומט מפיצים (1986) בע`מ,,,"י""ח",5,"ק""ג",false,1,46.90,9.38,true,1,
5413149922938,false,"אריאל אבקת כביסה שושן צחור, 5 ק""ג",דיפלומט מפיצים (1986) בע`מ,,,"י""ח",5,"ק""ג",false,1,46.90,9.38,true,1,
5601008200451,false,עוגיות גודיס טבעות מצופות שוקולד מריר מרבה 150 גרם,ש. שסטוביץ בע`מ,,,"י""ח",150,ל גרם,false,1,6.90,4.60,true,1,
5604912415041,false,סרדינים בשמן חמניה פורטוס 125 גרם,קונסרבס פורטוגל נורטה לי,,,"י""ח",125,ל גרם,false,1,6.90,5.52,false,1,
5701932026964,false,"הוטפופ גרעיני תירס להכנת פופקורן במיקרוגל בטעם טבעי, בתוספת מלח, 600 גרם",ליימן שליסל בע`מ,,,"י""ח",600,ל גרם,false,1,16.90,2.82,true,1,
5701932026971,false,הוטפופ גרעיני תירס להכנת פופקורן במיקרוגל בטעם חמאה 600 גרם,ליימן שליסל בע`מ,,,"י""ח",600,ל גרם,false,1,16.90,2.82,true,1,
5701932026995,false,"הוטפופ גרעיני תירס להכנת פופקורן במיקרוגל בטעם טבעי מופחת שומן, 510 גרם",קריניציה ויטמינה אס,,,"י""ח",510,ל גרם,false,1,16.90,3.31,true,1,
5740900403215,false,ממרח חמאה דנית לורפק עם מלח 250 גרם,שטראוס גרופ בעמ/מצונן,,,"י""ח",250,ל גרם,false,1,16.90,6.76,true,1,
5740900403222,false,ממרח לורפק חמאה עם מלח מופחת שומן 250 ג,שטראוס גרופ בעמ/מצונן,,,"י""ח",250,ל גרם,false,1,16.90,6.76,true,1,
5740900403239,false,ממרח חמאה דנית לורפק ללא מלח 250 גרם,שטראוס גרופ בעמ/מצונן,,,"י""ח",250,ל גרם,false,1,16.90,6.76,true,1,
5900020012814,false,דגנים תפוחים בטעם שוקולד נסקוויק נסטלה 500 גרם,קבוצת אוסם סחר שותפות מוגבלת,,,"י""ח",500,ל גרם,false,1,28.70,5.74,true,1,
5900020018908,false,פיטנס חטיפי אנרגיה דגנים בטעם קרם עוגיות נסטלה 6*23.5 גרם,קבוצת אוסם סחר-שות.מוגבלת,,,"י""ח",141,ל גרם,false,1,16.70,11.84,true,1,
5900020025807,false,נסטלה - דגני סיני מיניס 375 גרם,קבוצת אוסם סחר שותפות מוגבלת,,,"י""ח",350,ל גרם,false,1,15.60,4.46,false,1,
5900020026552,false,דגני בוקר האני נאט צ'יריוס בטעם דבש ושקדים,קבוצת אוסם סחר שותפות מוגבלת,,,"י""ח",615,ל גרם,false,1,27.90,4.54,true,1,
5900020029669,false,פיטנס - חטיף דגנים פירות יער 23.50 גרם * 6,קבוצת אוסם סחר שותפות מוגבלת,,,"י""ח",135,ל גרם,false,1,16.90,12.52,true,1,
5900020034021,false,פיטנס חטיף דגנים שוקו בננה נסטלה (23.5x6,קבוצת אוסם סחר שותפות מוגבלת,,,"י""ח",141,ל גרם,false,1,16.70,11.84,true,1,
5900020034991,false,דגני בוקר צדפים בטעם שוקולד 450 ג' קראנץ',קבוצת אוסם סחר שותפות מוגבלת,,,"י""ח",450,ל גרם,false,1,24.90,5.53,true,1,
5900020036407,false,ליון דגני בוקר שוקולד וקרמל נסטלה 480 גרם,קבוצת אוסם סחר שותפות מוגבלת,,,"י""ח",410,ל גרם,false,1,26.90,6.56,true,1,
5900020039590,false,פיטנס חטיף דגנים קלאסי 6.8*23.5גר פרווה,קבוצת אוסם סחר-שות.מוגבלת,,,"י""ח",141,ל גרם,false,1,16.70,11.84,true,1,
5900020039620,false,פיטנס חטיף דגנים שקדים ודבש פרווה 8 6*23 ג,קבוצת אוסם סחר שותפות מוגבלת,,,"י""ח",141,ל גרם,false,1,16.70,11.84,true,1,
5900627063233,false,טבליות למדיח הכל ב-1 פיניש מקס 50 יחידות,רקיט בנקיזר (ניר איסט) בעמ,,,"י""ח",50,"י""ח",false,1,39.90,0.80,true,1,
5901414200411,false,בלזן היט מיני ביסקוויט סנדוויץ' עם מילוי קרם בטעם שוקולד 130 גרם,ליימן שליסל בע`מ,,,"י""ח",130,ל גרם,false,1,6.90,5.31,true,1,
5902198160403,false,XL משקה אנרגיה מוגז ללא סוכר עד 10 קלוריות לפחית 250 מל,"טמפו משקאות בע""\מ",,,"י""ח",250,"ל מ""ל",false,1,4.30,1.60,true,1,
5904941750312,false,"משקה אנרגיה BLU מוחיטו בודד 250 מ""ל",בני פאוזי שמשום (2009) בעמ,,,"י""ח",250,"ל מ""ל",false,1,4.50,1.68,true,1,
5904941751241,false,"משקה אנרגיה BLU דיי סיקס ללא סוכר 250 מ""ל",בני פאוזי שמשום (2009) בעמ,,,"י""ח",250,"ל מ""ל",false,1,4.50,1.68,true,1,
5904941751302,false,משקה אנרגיה בפחית בלו (250 מל),בני פאוזי שמשום (2009) בעמ,,,"י""ח",250,"ל מ""ל",false,1,3.90,1.44,true,1,
5904941751524,false,"משקה אנרגיה BLU DAY אבטיח בודד 250 מ""ל",בני פאוזי שמשום (2009) בעמ,,,"י""ח",250,"ל מ""ל",false,1,4.50,1.68,true,1,
5904941751715,false,משקה אנרגיה Blu פחיתבטעם חמוציות 250מל,בני פאוזי שמשום (2009) בעמ,,,"י""ח",250,"ל מ""ל",false,1,3.90,1.44,true,1,
5904941751920,false,בלו משקה אנרגיה דיי חצי מכמות הקלו250 מל,בני פאוזי שמשום (2009) בעמ,,,"י""ח",250,"ל מ""ל",false,1,4.50,1.68,true,1,
5904941751975,false,"בלו משקה אנרגיה דיי ענבים 250 מ""ל",בני פאוזי שמשום (2009) בעמ,,,"י""ח",250,"ל מ""ל",false,1,4.50,1.68,true,1,
5904941752262,false,משקה אנרגיה בטעם לימון ליים ללא תוספת סוכר,בני פאוזי שמשום (2009) בעמ,,,"י""ח",250,"ל מ""ל",false,1,4.50,1.68,true,1,
5906485301012,false,משקה אנרגיה XL מוגז פחית 250 מל,"טמפו משקאות בע""מ",,,"י""ח",250,"ל מ""ל",false,1,4.30,1.60,true,1,
5996496000721,false,בונבוניירה רושן דובדבן ליקר שרי 192 גרם,דילר בי.אמ.די.אינטרנשויונל בעמ,,,"י""ח",192,ל גרם,false,1,23.90,12.45,false,1,
6001067017530,false,מברשת שיניים קולגייט לילדים מגיל שנתיים עד חמש 1 יחידה,יבואן ומשווק: ש. שסט,,,"י""ח",1,,false,1,10.90,10.90,true,1,
6008165003984,false,סיגריות פאל מאל כחול סטרים פילט בודד,גלוברנדס בעמ - שיווק סיגריות,,,"י""ח",1,,false,1,29.50,29.50,false,1,
6901022100409,false,ג'ינג'ר כתוש לירון 100 גרם,ביג פוד כחול לבן בעמ*שיק 30 יו,,,"י""ח",1,,false,1,9.90,9.90,false,1,
6910191800287,false,אצות נורי בלו 10 דף (ננגטונג),מזרח ומערב יבוא ושיווק,,,"י""ח",10,"י""ח",false,1,13.90,1.39,true,1,
6934930849016,false,שמן חמניות אורו 1 לי,ישרא-בר שמנים ותבואות בעמ,,,"י""ח",1,ליטר,false,1,9.90,9.90,true,1,
6936613888667,false,שום ארוז יבוא,ביכורי השדה צפון 1994 ג.ד. בעמ,,,"י""ח",1,,false,1,7.90,7.90,true,1,
7038513866328,false,גורדן מברשת ילדים 6-9 סופט סטפ בי סטפ,דנשר (1963) בעמ,,,"י""ח",1,,false,1,13.50,13.50,true,1,
7271730901261,false,ווקי מאק ארוחת אטריות עם גבינה 156 גרם,ניו וורלד פסטה קומפנ,,,"י""ח",156,ל גרם,false,1,11.90,7.63,false,1,
7290000001401,false,עלי סלק גלאט עלי הארץ,ביכורי השדה צפון 1994 ג.ד. בעמ,,,"י""ח",1,,false,1,6.90,6.90,false,1,
7290000001593,false,נענע מהדרין קטיף טרי,ביכורי השדה צפון 1994 ג.ד. בעמ,,,"י""ח",1,,false,1,6.90,6.90,true,1,
7290000023083,false,ערק אשקלון בקבוק 700,טמפו משקאות בע`מ,,,"י""ח",700,"ל מ""ל",false,1,56.90,8.09,true,1,
7290000034256,false,ביסקוויט תירוש חצי מצופה 175 ג`הדר*,ח.כהן סוכנות מזון ומשקאות בע,,,"י""ח",175,ל גרם,false,1,6.90,3.94,true,1,
7290000040042,false,יוגורט יופלה תות 3% שומן 150 גרם,"תנובה בע""מ ***",,,"י""ח",150,"ל מ""ל",false,1,5.40,3.60,false,1,
7290000040080,false,יוגורט יופלה אפרסק 3% שומן 150 גרם,"תנובה בע""מ ***",,,"י""ח",150,"ל מ""ל",false,1,5.40,3.60,false,1,
7290000040301,false,תנובה עין גדי קממבר מחלב בקר 24% שומן,תנובה מרכז שיתופי לש,,,"י""ח",125,ל גרם,false,1,20.20,16.16,false,1,
7290000041407,false,"גיל קטן 3% תנובה 125 מ""ל בד""ץ",תנובה מרכז שיתופי לש,,,"י""ח",125,"ל מ""ל",false,1,0.90,0.72,false,1,
7290000041445,false,קוטג תנובה גביע 250 גרם 5% בדצ,מיוצר עי קונדיטוריית,,,"י""ח",275,ל גרם,false,1,5.90,2.15,false,1,
7290000041452,false,גבינת קוטג`9% מהדרין תנובה (250 גרם),תנובה מרכז שיתופי לש,,,"י""ח",250,ל גרם,false,1,5.90,2.36,false,1,
7290000041858,false,"שמנת חמוצה 15% מועשרת יטבתה 200 מ""ל",שטראוס גרופ בעמ/מצונן,,,"י""ח",200,"ל מ""ל",false,1,2.40,1.20,true,1,
7290000042367,false,חלב טרי 3% בקבוק תנובה 1 ליטר מהדרין,תנובה מרכז שיתופי לש,,,"י""ח",1,ליטר,false,1,6.23,6.23,false,1,
7290000042435,false,חלב דל שומן 1% בקרטון תנובה (1 ליטר)פיק,תנובה מרכז שיתופי לש,,,"י""ח",1,ליטר,false,1,5.86,5.86,false,1,
7290000042855,false,"שוקו בשקית 250 מ""ל ""יטבתה""",שטראוס גרופ בעמ/מצונן,,,"י""ח",225,"ל מ""ל",false,1,2.90,1.29,true,1,
7290000043814,false,השף הלבן שמנת להקצפה 38% שומן 250 מל - מוצר בפיקוח,תנובה מרכז שיתופי לש,,,"י""ח",250,"ל מ""ל",false,1,6.47,2.59,false,1,
7290000043890,false,תנובה רויון לבן מחלב מפסוטר 1.5%,תנובה מרכז שיתופי לש,,,"י""ח",1.0350,ליטר,false,1,11.90,11.50,false,1,
7290000043944,false,כד יוגורט תנובה 4% שומן 1.5 ליטר,מיוצר עי קונדיטוריית,,,"י""ח",1.50,ליטר,false,1,17.30,11.53,false,1,
7290000044712,false,יוגורט עם תות 1.5% שומן 500 ג' פרילי,מיוצר עי קונדיטוריית,,,"י""ח",500,"ל מ""ל",false,1,10.90,2.18,false,1,
7290000045580,false,גבינה מותכת נעמה חורש תנובה 240 גרם,תנובה מרכז שיתופי לש,,,"י""ח",240,ל גרם,false,1,17.90,7.46,false,1,
7290000045917,false,תנובה פרומעז גבינה מותכת מחלב עיזים 23% שומן,תנובה בעמ ***,,,"י""ח",1,,false,1,26.90,26.90,false,1,
7290000046020,false,"גלבוע 22% שקילה}גבנ""צ{*.",תנובה מרכז שיתופי לש,,,"ק""ג",1000,ל גרם,true,1,42.58,4.26,false,1,
7290000046327,false,גלבוע גבינה צהובה פרוסה 22% תנובה 200 גרם,תנובה מרכז שיתופי לש,,,"י""ח",200,ל גרם,false,1,13.80,6.90,false,1,
7290000046563,false,קולאג 23% פרמזן חריץ תנובה,תנובה מרכז שיתופי לש,,,"ק""ג",1000,ל גרם,true,1,121.30,12.13,false,1,
7290000047546,false,השף הלבן כנען גבינה לבנה דלת נתרן 5% תנובה 500 גרם,תנובה מרכז שיתופי לש,,,"י""ח",500,ל גרם,false,1,24.90,4.98,false,1,
7290000047621,false,גבינה לבנה רכה 5% תנובה 250ג' מהדרין,תנובה מרכז שיתופי לש,,,"י""ח",250,ל גרם,false,1,4.70,1.88,false,1,
7290000048185,false,גבינה לבנה 5% תנובה 250 גרם מהדרין,מיוצר עי קונדיטוריית,,,"י""ח",250,ל גרם,false,1,4.98,1.99,false,1,
7290000048413,false,גבינה חמד (25016% גרם)פיראוס תנובה,תנובה מרכז שיתופי לש,,,"י""ח",250,ל גרם,false,1,18.90,7.56,false,1,
7290000048437,false,גבינת צפתית (2005% גרם)פיראוס תנובה,פארייפאבה אגרואינדוס,,,"י""ח",200,ל גרם,false,1,15.40,7.70,false,1,
7290000056951,false,"תנובה, השף הלבן, שמנת לבישול 15% שומן 500 מל",תנובה מרכז שיתופי לש,,,"י""ח",500,"ל מ""ל",false,1,17.50,3.50,false,1,
7290000058580,false,קוקילידה בטעם וניל עם עוגיות שוקולד גלידות נסטלה 80 גרם,נגה גלידות שותפות מוגבלת,,,"י""ח",1,,false,1,9,9,true,1,
7290000060088,false,בייגלה מקלות עם מלח אסם (400 גרם),קבוצת אוסם סחר שותפות מוגבלת,,,"י""ח",400,ל גרם,false,1,11.70,2.93,false,1,
7290000060200,false,פסטה אסם פתיתים אפויים קוסקוס 500גר,קבוצת אוסם סחר שותפות מוגבלת,,,"י""ח",500,ל גרם,false,1,6.90,1.38,true,1,
7290000060217,false,פסטה מקרוני מספר 7 אסם (500 גרם),קבוצת אוסם סחר שותפות מוגבלת,,,"י""ח",500,ל גרם,false,1,6.90,1.38,true,1,
7290000060248,false,פסטה אסם פתיתים תלתלים 500 גר',קבוצת אוסם סחר שותפות מוגבלת,,,"י""ח",500,ל גרם,false,1,6.90,1.38,true,1,
7290000060408,false,פסטה אסם פתיתים אפויים טבעות 500 גר,קבוצת אוסם סחר שותפות מוגבלת,,,"י""ח",500,ל גרם,false,1,6.90,1.38,true,1,
7290000060781,false,פרומנטי פתיתים מסולסלים אוסם,קבוצת אוסם סחר שותפות מוגבלת,,,"י""ח",500,ל גרם,false,1,6.90,1.38,true,1,
7290000060842,false,פסטה אסם פתיתים צדפים גדולים 500גר,קבוצת אוסם סחר שותפות מוגבלת,,,"י""ח",500,ל גרם,false,1,6.90,1.38,true,1,
7290000060859,false,פסטה אסם פתיתים צדפים קטנים 500גר,קבוצת אוסם סחר-שות.מוגבלת,,,"י""ח",500,ל גרם,false,1,6.90,1.38,true,1,
7290000060880,false,פסטה ספגטי מספר 8 אסם 500 גרם,קבוצת אוסם סחר שותפות מוגבלת,,,"י""ח",500,ל גרם,false,1,6.90,1.38,true,1,
7290000060958,false,אטריות מובחרות בינוניות אסם (400 גרם),קבוצת אוסם סחר שותפות מוגבלת,,,"י""ח",400,ל גרם,false,1,7.90,1.98,true,1,
7290000060965,false,פסטה אסם אטריות רחבות 400גר,קבוצת אוסם סחר שותפות מוגבלת,,,"י""ח",400,ל גרם,false,1,7.90,1.98,true,1,
7290000061085,false,"רוטב צילי מתוק 290 מ""ל-בקבוק",קבוצת אוסם סחר שותפות מוגבלת,,,"י""ח",290,"ל מ""ל",false,1,11.90,4.10,true,1,
7290000063133,false,אסם שקדי מרק רכיבים טבעיים 24*100גרם,קבוצת אוסם סחר שותפות מוגבלת,,,"י""ח",100,ל גרם,false,1,6.30,6.30,false,1,
7290000063140,false,שקדי מרק רכיבים טבעיים בשקית 400 ג' אסם,קבוצת אוסם סחר שותפות מוגבלת,,,"י""ח",400,ל גרם,false,1,11.90,2.98,true,1,
7290000063157,false,"קמח עוגה תופח מאליו אסם 1 ק""ג",קבוצת אוסם סחר שותפות מוגבלת,,,"י""ח",1,"ק""ג",false,1,9.90,9.90,true,1,
7290000064871,false,"אוסם - מנה חמה פירה תפו""א עם בצל 56 גרם",קבוצת אוסם סחר שותפות מוגבלת,,,"י""ח",87,ל גרם,false,1,6.90,7.93,true,1,
7290000065335,false,אוסם - מנה חמה פירה עם ירקות 55 גרם,קבוצת אוסם סחר שותפות מוגבלת,,,"י""ח",55,ל גרם,false,1,6.90,12.55,true,1,
7290000065540,false,אוסם - מנה חמה פסטה מוקרמת בטעם עוף 55 גרם,קבוצת אוסם סחר שותפות מוגבלת,,,"י""ח",55,ל גרם,false,1,6.90,12.55,true,1,
7290000066141,false,ביסלי חטיף בטעם גריל אסם (70 גרם),קבוצת אוסם סחר שותפות מוגבלת,,,"י""ח",70,ל גרם,false,1,4.40,6.29,true,1,
7290000066189,false,ביסלי חטיף בטעם פלאפל אסם (200 גרם),קבוצת אוסם סחר שותפות מוגבלת,,,"י""ח",200,ל גרם,false,1,8.90,4.45,true,1,
7290000066196,false,ביסלי חטיף בטעם גריל אסם (200 גרם),קבוצת אוסם סחר שותפות מוגבלת,,,"י""ח",200,ל גרם,false,1,8.90,4.45,true,1,
7290000066295,false,אסם במבה תות מחומרים טבעיים 30גר,קבוצת אוסם סחר שותפות מוגבלת,,,"י""ח",30,ל גרם,false,1,4.10,13.67,false,1,
7290000066318,false,במבה חטיף בוטנים אסם 80 גרם,קבוצת אוסם סחר שותפות מוגבלת,,,"י""ח",80,ל גרם,false,1,4.30,5.38,true,1,
7290000066332,false,אפרופו חטיף תירס אסם (50 גרם),קבוצת אוסם סחר שותפות מוגבלת,,,"י""ח",50,ל גרם,false,1,5,10,true,1,
7290000066349,false,אפרופו חטיף תירס אסם (100 גרם),קבוצת אוסם סחר-שות.מוגבלת,,,"י""ח",100,ל גרם,false,1,9.30,9.30,true,1,
7290000066431,false,פופקו חטיף פופקורן בטעם חמאה ודבש אסם 80 גרם,קבוצת אוסם סחר שותפות מוגבלת,,,"י""ח",80,ל גרם,false,1,5.50,6.88,true,1,
7290000067407,false,פרורית מתובלת בשקית 200 גרם,קבוצת אוסם סחר שותפות מוגבלת,,,"י""ח",200,ל גרם,false,1,7.40,3.70,false,1,
7290000067544,false,פירורית זהב פירורי לחם אסם 200 גרם,קבוצת אוסם סחר שותפות מוגבלת,,,"י""ח",200,ל גרם,false,1,7.40,3.70,true,1,
7290000067599,false,מנה חמה ספגטי ברוטב בולונז אסם 65 גרם,קבוצת אוסם סחר שותפות מוגבלת,,,"י""ח",55,ל גרם,false,1,6.90,12.55,true,1,
7290000068138,false,אינסטנט פודינג בטעם וניל אסם 80 גרם,קבוצת אוסם סחר שותפות מוגבלת,,,"י""ח",80,ל גרם,false,1,5.90,7.38,true,1,
7290000068190,false,אסם ג'לי תות שדה צבעים טבעיים 90 גרם,קבוצת אוסם סחר שותפות מוגבלת,,,"י""ח",85,ל גרם,false,1,6.90,8.12,false,1,
7290000068343,false,אוסם - פירכונים מאורז מלא 140 גרם,קבוצת אוסם סחר שותפות מוגבלת,,,"י""ח",140,ל גרם,false,1,8.70,6.21,false,1,
7290000068701,false,אסם שקדי מרק רכיבים טבע.מיכל 400 גרם,קבוצת אוסם סחר שותפות מוגבלת,,,"י""ח",400,ל גרם,false,1,18.30,4.58,false,1,
7290000068770,false,במבה יום הולדת חטיף בוטנים אסם 80 גרם,קבוצת אוסם סחר שותפות מוגבלת,,,"י""ח",80,ל גרם,false,1,4.30,5.38,true,1,
7290000069364,false,פריכונים מאורז מלא ללא תוספת סוכר אסם 140 גרם,קבוצת אוסם סחר שותפות מוגבלת,,,"י""ח",140,ל גרם,false,1,8.70,6.21,false,1,
7290000072623,false,קטשופ אסם בקבוק לחיץ 750 גרם,קבוצת אוסם סחר שותפות מוגבלת,,,"י""ח",750,ל גרם,false,1,11.90,1.59,true,1,
7290000072753,false,קפה נמס מגורען טסטרס צ'ויס 200 גרם-,קבוצת אוסם סחר שותפות מוגבלת,,,"י""ח",200,ל גרם,false,1,30.90,15.45,true,1,
7290000072968,false,דגני בוקר סיני מיניס חיטה מלאה וקינמון נסטלה 500 גרם,קבוצת אוסם סחר-שות.מוגבלת,,,"י""ח",375,ל גרם,false,1,27.70,7.39,true,1,
7290000073415,false,אוסם - מנה חמה פסטה ברוטב פיצה 61 גרם,קבוצת אוסם סחר שותפות מוגבלת,,,"י""ח",61,ל גרם,false,1,6.90,11.31,true,1,
7290000073750,false,מנה חמה נודלס אטר+ירקות טעם עוף 70 גרם,קבוצת אוסם סחר שותפות מוגבלת,,,"י""ח",76,ל גרם,false,1,6.90,9.08,true,1,
7290000073767,false,מנה חמה נודלס אטר.+ירקות טעם בקר 70 גרם,קבוצת אוסם סחר שותפות מוגבלת,,,"י""ח",76,ל גרם,false,1,6.90,9.08,true,1,
7290000073774,false,מנה חמה נודלס אטר+ירקות טעם צילי 70 גרם,קבוצת אוסם סחר שותפות מוגבלת,,,"י""ח",76,ל גרם,false,1,6.90,9.08,true,1,
7290000074153,false,ביסקוויט פתי בר שוקולד אסם (500 גרם),קבוצת אוסם סחר שותפות מוגבלת,,,"י""ח",500,ל גרם,false,1,13.90,2.78,true,1,
7290000074184,false,ביסקוויט פתי בר אסם (500 גרם),קבוצת אוסם סחר שותפות מוגבלת,,,"י""ח",500,ל גרם,false,1,12.90,2.58,true,1,
7290000074245,false,אוסם - קרם קרקר אסם 250 גרם,קבוצת אוסם סחר שותפות מוגבלת,,,"י""ח",250,ל גרם,false,1,10.60,4.24,true,1,
7290000074252,false,אסם קרקר שומשום 250 גרם,קבוצת אוסם סחר שותפות מוגבלת,,,"י""ח",250,ל גרם,false,1,10.60,4.24,true,1,
7290000074276,false,קרקר פיקנטי טבעון 250 ג' אסם,קבוצת אוסם סחר שותפות מוגבלת,,,"י""ח",250,ל גרם,false,1,10.90,4.36,true,1,
7290000074696,false,"קרם קרקר 1 ק""ג אוסם",קבוצת אוסם סחר שותפות מוגבלת,,,"י""ח",1,"ק""ג",false,1,27.90,27.90,true,1,
7290000075204,false,קרקר לחמית חיטה מלאה אסם (250 גרם),קבוצת אוסם סחר שותפות מוגבלת,,,"י""ח",250,ל גרם,false,1,9.90,3.96,true,1,
7290000076133,false,בייגלה שמיניות קטנות עם מלח אסם 400 גרם,קבוצת אוסם סחר שותפות מוגבלת,,,"י""ח",400,ל גרם,false,1,11.70,2.93,false,1,
7290000077017,false,עוגיות קרמוגית במילוי קרם שוקולד אסם 200 גרם,קבוצת אוסם סחר שותפות מוגבלת,,,"י""ח",200,ל גרם,false,1,10.90,5.45,true,1,
7290000079233,false,קרם קרקר דיאטטי דל נתרן 250 גרם,קבוצת אוסם סחר שותפות מוגבלת,,,"י""ח",250,ל גרם,false,1,10.90,4.36,true,1,
7290000104201,false,אפונה עדינה מוקפאת סנפרוסט (600 גרם),"איי, בי, אינבוו",,,"י""ח",600,ל גרם,false,1,20.70,3.45,true,1,
7290000104676,false,אפונה קפואה סנפרוסט 800 גרם,תנובה מרכז שיתופי לשיווק תוצרת,,,"י""ח",800,ל גרם,false,1,17.90,2.24,true,1,
7290000104683,false,שעועית ירוקה שלמה סנפרוסט (800 גרם),תנובה מרכז שיתופי לשיווק תוצרת,,,"י""ח",800,ל גרם,false,1,19.90,2.49,true,1,
7290000104690,false,גרעיני תירס מוקפאים סנפרוסט (800 גרם),תנובה מרכז שיתופי לשיווק תוצרת,,,"י""ח",800,ל גרם,false,1,19.30,2.41,true,1,
7290000104720,false,שעועית ירוקה חתוכה סנפרוסט (800 גרם),תנובה מרכז שיתופי לשיווק תוצרת,,,"י""ח",800,ל גרם,false,1,19.90,2.49,true,1,
7290000104751,false,"כרוב ניצנים 800 גרם ""סנפרוסט""",תנובה מרכז שיתופי לשיווק תוצרת,,,"י""ח",800,ל גרם,false,1,26.40,3.30,true,1,
7290000107165,false,חטיף סויה אדממה סנפרוסט (400 גרם),תנובה מרכז שיתופי לשיווק תוצרת,,,"י""ח",400,ל גרם,false,1,15.40,3.85,true,1,
7290000107189,false,תחתיות ארטישוק סנפרוסט (400 גרם),תנובה מרכז שיתופי לשיווק תוצרת,,,"י""ח",400,ל גרם,false,1,24.40,6.10,true,1,
7290000107295,false,תפרחות ברוקולי סנפרוסט 800 גרם,תנובה מרכז שיתופי לשיווק תוצרת,,,"י""ח",800,ל גרם,false,1,27.60,3.45,true,1,
7290000107615,false,ירקות ואננס להקפצה מנה אסייתית צבעונית ועשירה,"איי, בי, אינבוו",,,"י""ח",800,ל גרם,false,1,24.40,3.05,true,1,
7290000111117,false,מרכך כביסה לבן בדין (4 ליטר),"יוניליוור ישראל שיווק בע""מ",,,"י""ח",4,ליטר,false,1,20.90,5.23,false,1,
7290000111186,false,"מיונז אמיתי תלמה 500 גרם בד""צ","יוניליוור ישראל שיווק בע""מ",,,"י""ח",500,ל גרם,false,1,9.90,1.98,false,1,
7290000111353,false,מיונז אמיתי תלמה (1 קג),"יוניליוור ישראל שיווק בע""מ",,,"י""ח",1,"ק""ג",false,1,17.70,17.70,false,1,
7290000111360,false,חרדל אמיתי חריף 250 גרם בצנצנת כשלפ,יוניליוור ישראל שיווק בע`מ,,,"י""ח",250,ל גרם,false,1,5.90,2.36,false,1,
7290000111384,false,חרדל אמיתי בצנצנת 550 ג' תלמה,יוניליוור ישראל שיווק בע`מ,,,"י""ח",550,ל גרם,false,1,8.40,1.53,false,1,
7290000112220,false,טחינה גולמית שומשום טהור בארכה 500 גרם,קבוצת אוסם סחר שותפות מוגבלת,,,"י""ח",500,ל גרם,false,1,14.90,2.98,false,1,
7290000112619,false,אבקת מרק עוף אמיתי קנור 400 ג' כשלפ,יוניליוור ישראל שיווק בע`מ,,,"י""ח",400,ל גרם,false,1,19.90,4.98,true,1,
7290000117171,false,מרק טעם עוף דל קלוריות 48 גרם-קופסא,"יוניליוור ישראל שיווק בע""מ",,,"י""ח",48,ל גרם,false,1,6.70,13.96,false,1,
7290000117720,false,נמס בכוס פטריות קנור 21.5 גרם מארז זוגי,"יוניליוור ישראל שיווק בע""מ",,,"י""ח",43,ל גרם,false,1,7.50,17.44,true,1,
7290000118277,false,כופתאות מצה להכנת מהירה 65 ג' קנור,"יוניליוור ישראל שיווק בע""מ",,,"י""ח",130,ל גרם,false,1,9.90,7.62,false,1,
7290000120836,false,מיונז אמיתי הלמנס (394 גרם),"יוניליוור ישראל שיווק בע""מ",,,"י""ח",394,ל גרם,false,1,13.90,3.53,false,1,
7290000121239,false,מיוקל 5% שומן ללא כולסטרול תלמה 500ג',"יוניליוור ישראל שיווק בע""מ",,,"י""ח",500,ל גרם,false,1,12.90,2.58,false,1,
7290000123363,false,"צימקאו לציפוי ואפיה אפיכל 500 גרם בד""צ",יוניליוור ישראל שיווק בע`מ,,,"י""ח",500,ל גרם,false,1,10.90,2.18,false,1,
7290000136646,false,בירה נשר מאלט ללא אלכוהול 1.5 ליטר,"טמפו משקאות בע""\מ",,,"י""ח",1.50,ליטר,false,1,9.10,5.87,true,1,
7290000136844,false,מארז מים מזוככים אקווה נובה שישיית 2 ליטר,"טמפו משקאות בע""\מ",,,"י""ח",12,ליטר,false,1,12.90,0.93,false,1,
7290000137513,false,גלידונית גלידה וניל בציפוי שוקולד 60 יח' קרמיסימו,"גלידת שטראוס בע""\מ, רחוב",,,"י""ח",700,ל גרם,false,1,49.90,7.13,false,1,
7290000143217,false,הוואי שמפו לשיער יבש700 מל כחול,שוורצקוף& הנקל דיסלד,,,"י""ח",700,"ל מ""ל",false,1,10.90,1.56,false,1,
7290000143286,false,הוואי מרכך לשיער רגיל 700 מל ירוק,שוורצקוף& הנקל דיסלד,,,"י""ח",700,"ל מ""ל",false,1,10.90,1.56,false,1,
7290000144474,false,שמן עץ הזית קנולה 1 ליטר בריאות מהטבע,סוגת תעשיות בעמ,,,"י""ח",1,ליטר,false,1,15.90,15.90,false,1,
7290000146645,false,הוואי - סבון מוצק שחור מסתורי 100 גרם רביעייה,טרופיקל דגיל קוסמטיק,,,"י""ח",400,ל גרם,false,1,13.90,3.48,true,1,
7290000146669,false,הוואי - סבון מוצק שמיים כחולים 100 גרם רביעייה,טרופיקל דגיל קוסמטיק,,,"י""ח",400,ל גרם,false,1,13.90,3.48,true,1,
7290000146928,false,"משחת שיניים לילדים בטעם ענבים טום וג'רי 50 מ""ל",טרופיקל דגיל קוסמטיק,,,"י""ח",75,ל גרם,false,1,7.90,10.53,true,1,
7290000148380,false,פיסטוקים קלויים קליית גת (200 גרם),ליימן שליסל בעמ,,,"י""ח",200,ל גרם,false,1,22.90,11.45,true,1,
7290000148748,false,קליית גת גרעיני חמניה קלויים ומומלחים200,ליימן שליסל בעמ,,,"י""ח",200,ל גרם,false,1,6.40,3.20,true,1,
7290000148939,false,שקדים קלויים קליית גת (200 גרם),ליימן שליסל בעמ,,,"י""ח",200,ל גרם,false,1,19.90,9.95,true,1,
7290000149615,false,רביעיית סבון מוצק קלאסי לתינוק נקה 7 4*100 גרם,החברה הדרומית לשיווק בעמ,,,"י""ח",400,ל גרם,false,1,10.90,2.73,false,1,
7290000176062,false,קפה טורקי בשקית 100 ג' עלית,שטראוס קפה בי.ויn\.,,,"י""ח",100,ל גרם,false,1,9.50,9.50,true,1,
7290000178707,false,חטיף צ`יפס בטעם טבעי תפוצ`יפס (50 גרם),"שטראוס פריטו ליי בע""\מ )",,,"י""ח",50,ל גרם,false,1,4.50,9,true,1,
7290000178721,false,חטיף צ`יפס בטעם טבעי תפוצ`יפס (200 גרם),"שטראוס פריטו ליי בע""\מ )",,,"י""ח",200,ל גרם,false,1,11.50,5.75,true,1,
7290000189550,false,"שקיות אשפה ענקיות עם שרוך 78 * 90 ס""מ ניקול 2 * 10 יחידות",קימברלי קלארק ישראל שיווק בעמ,,,"י""ח",1,"י""ח",false,1,23.90,23.90,true,1,
7290000190150,false,מפיות מודפסות תלת שכבתיות ניקול 20 יחידות,קימברלי קלארק ישראל שיווק בעמ,,,"י""ח",20,"י""ח",false,1,8.90,0.45,false,1,
7290000191652,false,שלישיית ממחטות אולטרה סופט קלינקס 90 יחידות,קימברלי קלארק ישראל שיווק בעמ,,,"י""ח",1,,false,1,13.90,13.90,false,1,
7290000193083,false,נובה-לי תחבושות היגייניות לילי 28 יחידות,קימברלי קלארק ישראל שיווק בעמ,,,"י""ח",1,"י""ח",false,1,10.90,10.90,false,1,
7290000193649,false,תחבושות עם כנפיים נורמל פלוס לילי 24 יחידות,קימברלי קלארק ישראל שיווק בעמ,,,"י""ח",1,"י""ח",false,1,16.90,16.90,false,1,
7290000195537,false,האגיס - מגבוני האגיס דיילי קר לא מבושם 64 יח' * 4,קימברלי קלארק ישראל שיווק בעמ,,,"י""ח",4,"י""ח",false,1,19.90,4.98,true,1,
7290000197081,false,ניקול ניילון נצמד 150 מטר+מתקן לחיתוך קל,קימברלי קלארק ישראל שיווק בעמ,,,"י""ח",150,מטר,false,1,32.90,0.22,false,1,
7290000197432,false,שקיות אוכל סנדביצ'ון ניקול מארז 150X2יח',קימברלי קלארק ישראל שיווק בעמ,,,"י""ח",2,"י""ח",false,1,12.90,6.45,false,1,
7290000197883,false,תבנית אלומיניום 100 גדולה ניקול 4 יחידות,קימברלי קלארק ישראל שיווק בעמ,,,"י""ח",1,"י""ח",false,1,11.90,11.90,false,1,
7290000197999,false,רדיד אלומיניום עבה ניקול זוגי 30X7.5מ',קימברלי קלארק ישראל שיווק בעמ,,,"י""ח",1,"י""ח",false,1,17.90,17.90,false,1,
7290000204147,false,רביעיית כרית יפנית עבה ניקול 4 יחידות,קימברלי קלארק ישראל שיווק בעמ,,,"י""ח",4,"י""ח",false,1,10.90,2.73,false,1,
7290000207162,false,רוטב עגבניות מרכיב טבעי 100 ג' יכין,זנלכול יכין,,,"י""ח",100,ל גרם,false,1,2.80,2.80,true,1,
7290000208077,false,אפונת גינה גדולה יכין (550 גרם),זנלכול יכין,,,"י""ח",550,ל גרם,false,1,8.90,1.62,true,1,
7290000208145,false,גרעיני תירס מתוק לייט 550 גרם יכין,זנלכול יכין,,,"י""ח",550,ל גרם,false,1,9.90,1.80,false,1,
7290000208213,false,שעועית לבנה אפויה A2 ברוטב עגבניות יכין 560ג',היינץ צפון אמריקה מק,,,"י""ח",580,ל גרם,false,1,8.90,1.53,true,1,
7290000208312,false,גרעיני תירס מתוק בואקום יכין 400 גר',"זנלכל בע""\מ",,,"י""ח",325,ל גרם,false,1,7.90,2.43,true,1,
7290000208329,false,גרעיני תירס מתוק יכין (550 גרם),זנלכול יכין,,,"י""ח",550,ל גרם,false,1,8.90,1.62,true,1,
7290000208336,false,רסק יכין 240גר 22% יכין בית יוסף,"זנלכל בע""\מ",,,"י""ח",240,ל גרם,false,1,4.50,1.88,true,1,
7290000208428,false,גרגרי חומוס שלם 550 גרם יכין,היינץ צפון אמריקה מק,,,"י""ח",550,ל גרם,false,1,8.90,1.62,true,1,
7290000208534,false,תירס קיד גרעיני תירס מתוק יכין (550 גרם),זנלכול יכין,,,"י""ח",550,ל גרם,false,1,9.90,1.80,false,1,
7290000208893,false,גרעיני תירס מתוק לייט 400 גרם יכין,היינץ צפון אמריקה מק,,,"י""ח",340,ל גרם,false,1,6.90,2.03,false,1,
7290000208978,false,רוטב עגבניות (10028% גרם)פריכוז יכין,זנלכול יכין,,,"י""ח",100,ל גרם,false,1,2.90,2.90,false,1,
7290000209043,false,מיץ לימון משומר לתיבול יכין (1 ליטר),היינץ צפון אמריקה מק,,,"י""ח",1,ליטר,false,1,6.90,6.90,true,1,
7290000209579,false,סירופ דיאט בטעם אננס יכין (1 ליטר),"זנלכל בע""\מ",,,"י""ח",1,ליטר,false,1,18.90,18.90,false,1,
7290000209951,false,רוטב עגבניות לפיצה 260 גרם יכין,"זנלכל בע""\מ",,,"י""ח",240,"ל מ""ל",false,1,5.50,2.29,false,1,
7290000209968,false,רוטב עגבניות ללזניה 260 גרם יכין,זנלכול יכין,,,"י""ח",240,ל גרם,false,1,5.50,2.29,false,1,
7290000211442,false,אורז בסגנון פרסי קלאסי סוגת (1 קג),האי נאם סי או אל.טי.,,,"י""ח",1,"ק""ג",false,1,10.90,10.90,false,1,
7290000211503,false,סוכר לבן ארוז בשקית,"סוגת תעשיות בע""\מ",,,"י""ח",1,"ק""ג",false,1,4.40,4.40,false,1,
7290000211985,false,אורז עגול ריזוטו אחד אחד 1 קג,"סוגת תעשיות בע""\מ",,,"י""ח",1,"ק""ג",false,1,9.90,9.90,false,1,
7290000238036,false,מלאווח מעדנות 6 יח`700 גרם קפוא,תנובה מרכז שיתופי לשיווק תוצרת,,,"י""ח",700,ל גרם,false,1,17.90,2.56,true,1,
7290000238173,false,.בורקס במילוי גבינה 800 גרם מעדנות,מיוצר עי קונדיטוריית,,,"י""ח",800,ל גרם,false,1,21.90,2.74,true,1,
7290000245089,false,סוד סופט מרכך כביסה סגול 4 ליטר,גורי שיווק בעמ,,,"י""ח",4,ליטר,false,1,16.90,4.23,false,1,
7290000245799,false,סוד סופט מרכך כביסה כחול 4 ליטר,גורי שיווק בעמ,,,"י""ח",4,ליטר,false,1,16.90,4.23,false,1,
7290000253220,false,שוקולדצ`יפס לאפייה 260 גר`אופנהיימר,תה ויסוצקי (ישראל) בעמ,,,"י""ח",260,ל גרם,false,1,12.90,4.96,false,1,
7290000267050,false,שקדים טבעיים טחונים השף 100 גרם,דין שיווק וקליה 2021 בעמ,,,"י""ח",100,ל גרם,false,1,12.80,12.80,true,1,
7290000272696,false,מיץ לימון טבעי משומר 1 ליטר עסיס כלפ,קבוצת אוסם סחר שותפות מוגבלת,,,"י""ח",1,ליטר,false,1,11.50,11.50,false,1,
7290000272726,false,חומץ רכיבים רכיבים טבעיים 5% עסיס 1 ליטר,קבוצת אוסם סחר שותפות מוגבלת,,,"י""ח",1,ליטר,false,1,7.50,7.50,false,1,
7290000286761,false,ניילון נצמד סנו סושי פלסטיק מארז 30X2 מ',החברה הדרומית לשיווק בעמ,,,"י""ח",1,,false,1,11.90,11.90,false,1,
7290000287430,false,סנובון צבעוני לאסלה בריח לימון שלישייה,החברה הדרומית לשיווק בעמ,,,"י""ח",165,ל גרם,false,1,12.90,7.82,false,1,
7290000288017,false,אקונומיקה בריח לימון סנו ז'אוול 1 ליטר,החברה הדרומית לשיווק בעמ,,,"י""ח",1,ליטר,false,1,8.90,8.90,false,1,
7290000288048,false,ז`אוול מרסס לניקוי כללי לבנדר סנו (1 ליט,החברה הדרומית לשיווק בעמ,,,"י""ח",1,ליטר,false,1,19.90,19.90,false,1,
7290000288642,false,מקסימה מרכך כביסה סנסיטיב בייבי סנו 4 ליטר,החברה הדרומית לשיווק בעמ,,,"י""ח",4,ליטר,false,1,21.90,5.48,false,1,
7290000291956,false,סנו אקונומיקה מונבלאן 1 ל,החברה הדרומית לשיווק בעמ,,,"י""ח",1,ליטר,false,1,8.50,8.50,false,1,
7290000291963,false,אקונומיקה סמיכה בריח לימון סנו ז'אוול 1 ליטר,החברה הדרומית לשיווק בעמ,,,"י""ח",1,ליטר,false,1,8.90,8.90,false,1,
7290000294773,false,אקונומיקה בריח לבנדר סנו ז'אוול 4 ליטר,החברה הדרומית לשיווק בעמ,,,"י""ח",4,ליטר,false,1,17.90,4.48,false,1,
7290000294780,false,אקונומיקה סמיכה בריח לימון סנו ז'אוול 4 ליטר,החברה הדרומית לשיווק בעמ,,,"י""ח",4,ליטר,false,1,16.90,4.23,false,1,
7290000295299,false,סנו סושי כריות הפלא רב תכלתיות רביעייה,החברה הדרומית לשיווק בעמ,,,"י""ח",1,,false,1,11.90,11.90,false,1,
7290000295367,false,"מקסימה אבקת כביסה אפקט ז'אוול סנו 2.5 ק""ג",החברה הדרומית לשיווק בעמ,,,"י""ח",2.50,"ק""ג",false,1,26.90,10.76,false,1,
7290000295404,false,שקיות אשפה עם שרוך 54 * 65 סנו סושי 60 יחידות,החברה הדרומית לשיווק בעמ,,,"י""ח",1,"י""ח",false,1,22.90,22.90,false,1,
7290000295503,false,זוג שקיות מזון טבע 19*25 סנו סושי 150 יחידות,החברה הדרומית לשיווק בעמ,,,"י""ח",1,,false,1,15.90,15.90,false,1,
7290000295541,false,סנו סושי רב מגבת ג`מבו 75 יחידות,החברה הדרומית לשיווק בעמ,,,"י""ח",390,ל גרם,false,1,24.90,6.38,false,1,
7290000295824,false,"רדיד אלומיניום 30 ס""מ רוחב סנו סושי 100 מטר",החברה הדרומית לשיווק בעמ,,,"י""ח",1,,false,1,54.90,54.90,false,1,
7290000307015,false,אפונת גינה בינונית פרי הגליל 550 גרם,ויטה פרי גליל (החדשה) בע`מ,,,"י""ח",600,ל גרם,false,1,7.90,1.32,true,1,
7290000307046,false,אפונת גינה וגזר פרי הגליל 550 גרם,ויטה -פרי גליל (החדשה) בעמ,,,"י""ח",550,ל גרם,false,1,7.90,1.44,true,1,
7290000307985,false,גרעיני תירס מתוק ללא למלח 325 גרם פרי הגליל,ויטה פרי גליל (החדשה) בע`מ,,,"י""ח",410,ל גרם,false,1,5.90,1.44,false,1,
7290000311203,false,"וופלים בטעם שוקולד ""מן"" 200 גרם",רוקחמן בעמ מפעל לייצור ופלים ו,,,"י""ח",200,ל גרם,false,1,4.90,2.45,false,1,
7290000311210,false,"וופלים בטעם לימון ""מן"" 200 גרם",רוקחמן בעמ מפעל לייצור ופלים ו,,,"י""ח",200,ל גרם,false,1,4.90,2.45,false,1,
7290000311319,false,"מן וופלים מצופים 10 יח' 1 ק""ג",רוקחמן בעמ מפעל לייצור ופלים ו,,,"י""ח",1,"ק""ג",false,1,24.90,24.90,false,1,
7290000311425,false,ופל מצופה עשיריות מן 220 גרם מארז 10 יחידות,רוקחמן בעמ מפעל לייצור ופלים ו,,,"י""ח",200,ל גרם,false,1,8.90,4.45,false,1,
7290000311500,false,וופלים מן שוקו ללא כולסטרול 500 גרם,רוקחמן בעמ מפעל לייצור ופלים ו,,,"י""ח",500,ל גרם,false,1,9.90,1.98,false,1,
7290000313160,false,זהבה ושלושת הדובים עוגיות בטעם שוקולד אסם 350 גרם,קבוצת אוסם סחר שותפות מוגבלת,,,"י""ח",250,ל גרם,false,1,9.60,3.84,false,1,
7290000318677,false,נקניק סלמי סרוולט יחיעם 150 גרם,מעדני יחיעם (1993) בעמ,,,"י""ח",150,ל גרם,false,1,23.90,15.93,false,1,
7290000318707,false,נקניק סלמי מעושן יחיעם 500 גרם,מעדני יחיעם ( 1993 ) בע`מ,,,"י""ח",500,ל גרם,false,1,30.90,6.18,true,1,
7290000319520,false,נקניק סלמי צרפתי יחיעם 100 גרם,מעדני יחיעם (1993) בעמ,,,"י""ח",100,ל גרם,false,1,20.90,20.90,false,1,
7290000334684,false,תפוגן טבעות בצל לתנור 700 גרם,קבוצת אוסם סחר שותפות מוגבלת,,,"י""ח",700,ל גרם,false,1,17.90,2.56,false,1,
7290000345291,false,תה ארל גרי 1.5/ 25 שקיקים ויסוצקי,תה ויסוצקי (ישראל) בעמ,,,"י""ח",37.50,ל גרם,false,1,15.90,42.40,true,1,
7290000345536,false,תה נענע 1.5/ 25 שקיקים ויסוצקי,תה ויסוצקי (ישראל) בעמ,,,"י""ח",37.50,ל גרם,false,1,16.90,45.07,false,1,
7290000346205,false,חליטת קמומיל הגן הקסום ויסוצקי 25 יחידות,תה ויסוצקי (ישראל) בעמ,,,"י""ח",37.50,ל גרם,false,1,17.90,47.73,true,1,
7290000347752,false,תה ירוק לימונית ולואיזה 25 שקיקים *1.5 ג'' ויסוצקי,תה ויסוצקי (ישראל) בעמ,,,"י""ח",37.50,ל גרם,false,1,24.90,66.40,true,1,
7290000355399,false,רוטב עגבניות תיבול עדין טל 800 גרם,ויטה פרי גליל (החדשה) בע`מ,,,"י""ח",800,ל גרם,false,1,7.90,0.99,true,1,
7290000377445,false,נש צ'אנס קליית גת 200 גרם,ליימן שליסל בעמ,,,"י""ח",200,ל גרם,false,1,8.90,4.45,true,1,
7290000377452,false,גרעיני אבטיח קלויים ומלוחים קלית גת 200,הדקלאים אגודת שיתופי,,,"י""ח",200,ל גרם,false,1,13,6.50,false,1,
7290000379000,false,חלה רגילה/קלועה חדשה 650 גרם *.,שלמה א.אנג ל בעמ,,,"י""ח",650,ל גרם,false,1,6.60,1.02,false,1,
7290000408316,false,יוגורט דנונה דל לקטוז 200 גרם,שטראוס גרופ בעמ/מצונן,,,"י""ח",200,"ל מ""ל",false,1,3.70,1.85,true,1,
7290000408354,false,יוגורט עם אורז מצופה שוקולד קקאו 175 ג' דנונה,שטראוס גרופ בעמ/מצונן,,,"י""ח",175,"ל מ""ל",false,1,4.60,2.63,true,1,
7290000416021,false,ממרח בטעם שוקולד השחר העולה (500 גרם),השחר העולה תעשית ממתקים בעמ,,,"י""ח",500,ל גרם,false,1,14.90,2.98,false,1,
7290000416045,false,ממרח בטעם שוקולד השחר העולה (1 קג),השחר העולה תעשית ממתקים בעמ,,,"י""ח",1,"ק""ג",false,1,23.90,23.90,false,1,
7290000416618,false,"ממרח שוקולד פרווה השחר 400 גרם כשל""פ",השחר העולה תעשית ממתקים בעמ,,,"י""ח",400,ל גרם,false,1,13.90,3.48,false,1,
7290000416632,false,"ממרח שוקולד פרווה השחר 1 ק""ג כשל""פ",השחר העולה תעשית ממתקים בעמ,,,"י""ח",1,מטר,false,1,25.20,25.20,false,1,
7290000418131,false,תחבושות טופ פד מקופלת 18 יח',מוצרי נייר עמיר,,,"י""ח",1,,false,1,7.50,7.50,true,1,
7290000420325,false,"פופסטאר פופקורן למקירוגל בטעם טבעי 5 שקיות,500 גרם","דנשר (1963) בע,מ",,,"י""ח",500,ל גרם,false,1,13.80,2.76,true,1,
7290000430102,false,קוביות קרח בשקית מיסטר אייס 2 קילו,אייס קיובס בעמ מיסטר אייס,,,"י""ח",2,"ק""ג",false,1,12,6,false,1,
7290000432120,false,נרות חנוכה רגיל 44 יח,פאלאס תעשיות נטו (2014) בעמ,,,"י""ח",1,,false,1,3.90,3.90,false,1,
7290000432212,false,נרות שבת אקסטרא 72 י,פאלאס תעשיות נטו (2014) בעמ,,,"י""ח",1,,false,1,41.90,41.90,false,1,
7290000432335,false,נר זכרון בכוס פאלאס,פאלאס תעשיות נטו (2014) בעמ,,,"י""ח",1,,false,1,7.50,7.50,false,1,
7290000432359,false,נר זכרון לשבוע נר ציון,פאלאס תעשיות נטו (2014) בעמ,,,"י""ח",1,,false,1,12.90,12.90,false,1,
7290000432632,false,נרות שבת מס 4 180 גר,פאלאס תעשיות נטו (2014) בעמ,,,"י""ח",1,,false,1,4.80,4.80,false,1,
7290000432649,false,נרות שבת 6 יחידות,פאלאס תעשיות נטו (2014) בעמ,,,"י""ח",140,ל גרם,false,1,4.80,3.43,false,1,
7290000432656,false,נרות שבת 8 יחידות,פאלאס תעשיות נטו (2014) בעמ,,,"י""ח",180,ל גרם,false,1,4.80,2.67,false,1,
7290000432663,false,נרות חימום 10 קוד,פאלאס תעשיות נטו (2014) בעמ,,,"י""ח",180,ל גרם,false,1,4.80,2.67,false,1,
7290000432687,false,נרות שבת מס' 16 ציון,פאלאס תעשיות נטו (2014) בעמ,,,"י""ח",1,,false,1,4.80,4.80,false,1,
7290000432694,false,נרות 20 180 גרם,פאלאס תעשיות נטו (2014) בעמ,,,"י""ח",1,,false,1,4.80,4.80,false,1,
7290000432922,false,נריות בפלסטיק 5 שעות 72 יח,פאלאס תעשיות נטו (2014) בעמ,,,"י""ח",1,,false,1,31.90,31.90,false,1,
7290000446547,false,חמאת בוטנים טבעית בטר אנד דיפרנט 350 גרם,"בטר אנד דיפרנט בע""מ",,,"י""ח",350,ל גרם,false,1,13.90,3.97,false,1,
7290000446554,false,"חמאת בוטנים טבעית בטר אנד דיפרנט 1 ק""ג",בטר אנד דיפרנט בעמ,,,"י""ח",510,ל גרם,false,1,29.90,5.86,false,1,
7290000446776,false,פיצפוצי אורז מלא ללא סוכר ומלח בשקית 450 גרם,בטר אנד דיפרנט בעמ,,,"י""ח",500,ל גרם,false,1,19.90,3.98,false,1,
7290000449128,false,סיף פנטסטיק לימון ניקוי רב תכליתי 4ל',יוניליוור ישראל שיווק בע`מ,,,"י""ח",4,ליטר,false,1,21.70,5.43,false,1,
7290000450209,false,נתחי טונה בהירה בשמן פוסידון (108 גרם),"מיוצר עי וליגר בעמ,",,,"י""ח",110,ל גרם,false,1,6,5.45,false,1,
7290000453019,false,שמרים טריים לאפייה שקית שמרית 50 ג',שטראוס גרופ בעמ/מצונן,,,"י""ח",50,ל גרם,false,1,4.50,9,true,1,
7290000453125,false,שמרית שמרים טריים לאפיה +משפר אפיה 100ג,שטראוס גרופ בעמ/מצונן,,,"י""ח",100,ל גרם,false,1,7.90,7.90,true,1,
7290000461625,false,בייגלה שמיניות מלח בייגל בייגל 400 ג',יוניליוור ישראל שיווק בע`מ,,,"י""ח",400,ל גרם,false,1,9.90,2.48,true,1,
7290000461656,false,בייגלה מקלות מלוחים בייגל בייגל 400 גרם,"יוניליוור ישראל שיווק בע""מ",,,"י""ח",400,ל גרם,false,1,9.90,2.48,true,1,
7290000461700,false,בייגלה שמיניות גדולות מלוחות 400 גרם,יוניליוור ישראל שיווק בע`מ,,,"י""ח",400,ל גרם,false,1,12.90,3.23,false,1,
7290000461724,false,בייגלה שמיניות גדולות שומשום בייגל בייגל,"יוניליוור ישראל שיווק בע""מ",,,"י""ח",400,ל גרם,false,1,12.90,3.23,false,1,
7290000462172,false,סחוג זחוק ירוק תימני חריף זהבי (150 גרם),שטראוס גרופ בעמ/מצונן,,,"י""ח",150,ל גרם,false,1,8.90,5.93,true,1,
7290000474502,false,גבינה לבנה טרה 5% מרכיבים טבעיים,*החברה המרכזית להפצת משקאותבעמ,,,"י""ח",250,ל גרם,false,1,4.98,1.99,false,1,
7290000474830,false,נעם גבינה צהובה מגורדת 28% טרה 500 גרם,*החברה המרכזית להפצת משקאותבעמ,,,"י""ח",500,ל גרם,false,1,32.90,6.58,true,1,
7290000480442,false,קוואקר שיבולת שועל בשקית 500 גרם,שטראוס פריטו ליי בע`מ,,,"י""ח",500,ל גרם,false,1,12.90,2.58,true,1,
7290000482071,false,שקיות צליה ואפיה קוקי 20 יחידות,"ש. שסטוביץ בע""\מ",,,"י""ח",1,,false,1,19.90,19.90,true,1,
7290000484747,false,"ארק עלית 700 מ""ל 40% יקב הגליל*",יקב הגליל יוסף גולד ובניו,,,"י""ח",700,"ל מ""ל",false,1,57.90,8.23,false,1,
7290000504025,false,ממתיק סוכרזית פטרייה עלית 300 גרם,אף.סי תבליני בגליל ב,,,"י""ח",246,ל גרם,false,1,9.90,4.02,true,1,
7290000504278,false,ממתיק סוכרזית אריזת פטנט 700 טבליות,אף.סי תבליני בגליל ב,,,"י""ח",574,ל גרם,false,1,17.90,3.12,true,1,
7290000515014,false,קמח חיטה לבן בהיר באר שבע,טחנות קמח שטיבל בש בעמ,,,"י""ח",1,"ק""ג",false,1,5.60,5.60,false,1,
7290000515106,false,סולת וחבילות באר שבע,טחנות קמח שטיבל בש בעמ,,,"י""ח",1,"ק""ג",false,1,5.50,5.50,false,1,
7290000521411,false,יין מרום גליל סינגל מרלו 750 מל,תאי פרזידנט פוד פאבל,,,"י""ח",750,"ל מ""ל",false,1,34.90,4.61,true,1,
7290000521428,false,"יין שרדונה מרום גליל 750 מ""ל","כרמי צבי-אחים סגל בע""\מ",,,"י""ח",750,"ל מ""ל",false,1,34.90,4.61,true,1,
7290000523125,false,מלח הארץ הים האדום 250 ג' עדין,"חברת מלח הארץ אילת בע""\מ",,,"י""ח",250,ל גרם,false,1,5.40,2.16,false,1,
7290000523224,false,מלח הארץ הים האדום 500 ג' עדין,"חברת מלח הארץ אילת בע""\מ",,,"י""ח",500,ל גרם,false,1,8.90,1.78,false,1,
7290000530116,false,נקניק סלמי מעושן בשן 470 ג' זוגלובק,נקניק נהריה כשר זוגל,,,"י""ח",700,ל גרם,false,1,26.90,3.84,true,1,
7290000530468,false,"נקניקיות וינר זוגלובק 1 ק""ג",זוגלובק שיווק בעמ,,,"י""ח",1,"ק""ג",false,1,28.90,28.90,true,1,
7290000530598,false,נקניקיות עוף וינר זוגלובק 500 גרם,נקניק נהריה כשר זוגל,,,"י""ח",500,ל גרם,false,1,15.80,3.16,true,1,
7290000530703,false,פסטרמה חרמון כפרית ונקניק תה מעושן זוגלובק 2*400 גרם,נקניק נהריה כשר זוגל,,,"י""ח",800,ל גרם,false,1,28.90,3.61,true,1,
7290000533353,false,"בצק עלים מרודד זוגלובק 1 ק""ג",מאפיית אריאל וגידרון,,,"י""ח",1,"ק""ג",false,1,17.90,17.90,true,1,
7290000537566,false,נקניקיות עוף טרי 400 ג' זוגלובק,נקניק נהריה כשר זוגל,,,"י""ח",400,ל גרם,false,1,12.90,3.23,true,1,
7290000537603,false,"נקניקיות עוף 1 ק""ג זוגלובק.",זוגלובק שיווק בעמ,,,"י""ח",1,"ק""ג",false,1,26.90,26.90,true,1,
7290000538709,false,נקניק סלמי תה מעושן זוגלובק 200 גרם,נקניק זוגלובק נהריה,,,"י""ח",200,ל גרם,false,1,14.90,7.45,false,1,
7290000552569,false,סטייקבורגר בקר טיבון ויל 400 גרם,"טיבון ויל אחזקות בע""\מ",,,"י""ח",400,ל גרם,false,1,20.90,5.23,true,1,
7290000554402,false,מעדן חלב מלבי גד (160 גרם),מחלבות גד שיווק 1992 בעמ,,,"י""ח",160,"ל מ""ל",false,1,6,3.75,false,1,
7290000554457,false,גבינה צפתית 5% 350 גרם - רבנות,מחלבות גד שיווק 1992 בעמ,,,"י""ח",350,ל גרם,false,1,21.90,6.26,false,1,
7290000554471,false,נקניק מוצרלה 22 אחוז 180גרם גד מהדרין,מחלבות גד שיווק 1992 בעמ,,,"י""ח",1,,false,1,18.90,18.90,false,1,
7290000554600,false,מוצרלה מגורדת 22 אחוז 300גרם גד מהדרין,מחלבות גד שיווק 1992 בעמ,,,"י""ח",300,ל גרם,false,1,22.90,7.63,false,1,
7290000554686,false,גבינת לאבנה בתוספת שמן זית וזעתר 5% גד 250 גרם,מחלבות גד שיווק 1992 בעמ,,,"י""ח",250,ל גרם,false,1,13.90,5.56,false,1,
7290000554792,false,גבינה בולגרית 5%במשקל,מחלבות גד,,,"ק""ג",1000,ל גרם,true,1,54.90,5.49,false,1,
7290000554822,false,ריקוטה גבינה לבנה בסגנון איטלקי 5% גד 250 גרם,מחלבות גד שיווק 1992 בעמ,,,"י""ח",250,ל גרם,false,1,15.90,6.36,false,1,
7290000571119,false,גבינה גאודה הולנדית מעדניה,מחלבות גד שיווק 1992 בעמ,,,"ק""ג",1000,ל גרם,true,1,108,10.80,false,1,
7290000571232,false,גבינת גאודה טבעית פרוס 30% המחלווה 150ג',גבינות משק אחים מאיר בית,,,"י""ח",1,,false,1,25.50,25.50,false,1,
7290000572208,false,חלוה בטעם וניל אחווה 100 גרם,שוורצקוף& הנקל דיסלד,,,"י""ח",100,ל גרם,false,1,2.90,2.90,false,1,
7290000572529,false,חלוה עם פיסטוק אחווה 400 גרם,אחדות ביתחרושת לטחינה חלבה,,,"י""ח",400,ל גרם,false,1,12.90,3.23,false,1,
7290000572543,false,חלוה בטעם שוקו וניל אחווה 400 גרם,אחדות ביתחרושת לטחינה חלבה,,,"י""ח",400,ל גרם,false,1,12.90,3.23,false,1,
7290000572628,false,חלבה חטיף לייט 25 ג* 11יח קופ`שי אחוה,אחדות ביחר לטחינה חל,,,"י""ח",276,ל גרם,false,1,11.90,4.31,false,1,
7290000631424,false,פרגיות עוף טרי[קצביה]**,"ח.י. מעדני גורמה בע""מ",,,"ק""ג",1,"ק""ג",true,1,79.90,79.90,true,1,
7290000632452,false,כרעיים עוף טרי(קצביה )**.,"ח.י. מעדני גורמה בע""מ",,,"ק""ג",1,"ק""ג",true,1,36.90,36.90,true,1,
7290000632759,false,שוקיים עוף טרי (קצביה)**,"ח.י. מעדני גורמה בע""מ",,,"ק""ג",1,"ק""ג",true,1,42.90,42.90,true,1,
7290000633855,false,כנפיים עוף טרי מקוצבות[קצביה],"ח.י. מעדני גורמה בע""מ",,,"ק""ג",1,"י""ח",true,1,16.90,16.90,true,1,
7290000640150,false,הודו שלם נקבה}קצביה{**,ח.י. מעדני גורמה בעמ,,,"ק""ג",1,"ק""ג",true,1,29.90,29.90,false,1,
7290000643250,false,עוף טרי מפורק(קצביה)**,"ח.י. מעדני גורמה בע""מ",,,"י""ח",1,,true,1,21.90,21.90,false,1,
7290000663166,false,פילה הייק דרום אפריקאי קפוא,תנובה קפואים,,,"ק""ג",1,,true,1,49,49,false,1,
7290000805900,false,"מזון חתולים לה קט עוף 2.85 ק""ג",דיפלומט מפיצים (1968) בעמ**,,,"י""ח",2.85,"ק""ג",false,1,64.90,22.77,false,1,
7290001041260,false,שומשום מיה (400 גרם),מיה תעשיות מזון מ.ת.מ. בעמ,,,"י""ח",400,ל גרם,false,1,12.90,3.23,false,1,
7290001041291,false,לקקן סוכריה על מקל 70יח',מיה תעשיות מזון מ.ת.מ. בעמ,,,"י""ח",100,ל גרם,false,1,19.90,19.90,true,1,
7290001041888,false,פפריקה מתוקה בצנצנת מיה 300 גרם,מיה תעשיות מזון מ.ת.מ בעמ,,,"י""ח",300,ל גרם,false,1,19.90,6.63,false,1,
7290001041987,false,סוכר חום צנצנת מיה 1,מיה תעשיות מזון מ.ת.מ. בעמ,,,"י""ח",1,"ק""ג",false,1,14.90,14.90,false,1,
7290001041994,false,"סוכר דמררה בצנצנת מיה 1 ק""ג",מיה תעשיות מזון מ.ת.מ. בעמ,,,"י""ח",1,"ק""ג",false,1,9.90,9.90,false,1,
7290001045688,false,"מיץ תפוזים סחוט פרימור 400 מ""ל",שטראוס גרופ בעמ/מצונן,,,"י""ח",400,"ל מ""ל",false,1,7.90,1.90,true,1,
7290001124536,false,ארוחת נודלס טעם תירס מג'יק 70 גרם,נטו מלינדה סחר בעמ,,,"י""ח",70,ל גרם,false,1,4.90,7,false,1,
7290001136294,false,"שמפו לשיער יבש בבישום פרחים נקה 7 750 מ""ל",החברה הדרומית לשיווק בעמ,,,"י""ח",750,"ל מ""ל",false,1,12.90,1.72,false,1,
7290001245705,false,אקונומיקה מבושמת 4 ליטר טאצ',סאסאטק אגשח בעמ,,,"י""ח",4,ליטר,false,1,11.90,2.98,false,1,
7290001245828,false,נוזל כלים קלאסי טאצ' 18% 1.6 ליטר,סאסאטק אגשח בעמ,,,"י""ח",1.60,ליטר,false,1,12.90,8.06,true,1,
7290001245897,false,נוזל רצפות יסמין 4 ליטר טאצ`,סאסאטק אגשח בעמ,,,"י""ח",4,ליטר,false,1,14.90,3.73,true,1,
7290001245965,false,מרכך כביסה כחול 4 ליטר טאצ',סאסאטק אגשח בעמ,,,"י""ח",4,ליטר,false,1,15.90,3.98,true,1,
7290001246139,false,חיטוי פירות וירקות 1 ליטר טאצ',סאסאטק אגשח בעמ,,,"י""ח",1,ליטר,false,1,14.90,14.90,false,1,
7290001247068,false,קרטונית נקטר ספרינג תות בננה 1 ליטר,יפאורה שותפות מוגבלת לשיווק,,,"י""ח",1,ליטר,false,1,6.90,6.90,true,1,
7290001247112,false,קרטונית נקטר ספרינג לימונענע 1 ליטר,יפאורה שותפות מובגלת לשיווק,,,"י""ח",1,ליטר,false,1,6.90,6.90,true,1,
7290001327791,false,גלידה קרמיסימו וניל עוגיות 1.33 ליטר,"גלידת שטראוס בע""\מ, רחוב",,,"י""ח",1.33,ליטר,false,1,18.90,14.21,false,1,
7290001485019,false,גבינת קרם שמנת טבעי 5% טרה 200 גרם,*החברה המרכזית להפצת משקאותבעמ,,,"י""ח",200,ל גרם,false,1,11.90,5.95,false,1,
7290001491010,false,תה ירוק יסמין ויסוצקי 25 יחידות,תה ויסוצקי (ישראל) בעמ,,,"י""ח",37.50,ל גרם,false,1,24.90,66.40,true,1,
7290001491096,false,תה ירוק בתוספת לימונית ולואיזה 50 שקיקים ויסוצקי,תה ויסוצקי (ישראל) בעמ,,,"י""ח",75,ל גרם,false,1,45.90,61.20,true,1,
7290001567555,false,פסטרמה מעודנת עם דבש 300 ג' יחיעם,מעדני יחיעם (1993) בעמ,,,"י""ח",300,ל גרם,false,1,20.90,6.97,false,1,
7290001594155,false,"קוקה-קולה בבקבוק אישי 500 מ""ל",החברה המרכזית להפצת משקאות בעמ,,,"י""ח",500,"ל מ""ל",false,1,6.30,1.20,true,1,
7290001594179,false,"פאנטה אורנג' בבקבוק אישי 500 מ""ל",החברה המרכזית להפצת משקאות בעמ,,,"י""ח",500,"ל מ""ל",false,1,6.30,1.20,true,1,
7290001594377,false,פריגת תפוזים 0.5 ליטר חייב בפקדון,החברה המרכזית להפצת משקאות בעמ,,,"י""ח",500,"ל מ""ל",false,1,5.20,0.98,true,1,
7290001594391,false,"פריגת משקה קל ענבים בבקבוק אישי 500 מ""ל",החברה המרכזית להפצת משקאות בעמ,,,"י""ח",500,"ל מ""ל",false,1,5.20,0.98,true,1,
7290001594520,false,"בירה טובורג רד בקבוק 330 מ""ל",החברה המרכזית להפצת משקאות בעמ,,,"י""ח",330,"ל מ""ל",false,1,7.30,2.12,false,1,
7290001594568,false,בירה בפחית קרלסברג (500 מל),החברה המרכזית להפצת משקאות בעמ,,,"י""ח",500,"ל מ""ל",false,1,9.90,1.92,false,1,
7290001594575,false,בירה בפחית רד טובורג (500 מל),החברה המרכזית להפצת משקאות בעמ,,,"י""ח",500,"ל מ""ל",false,1,9.30,1.80,true,1,
7290001594858,false,מארז שישייה בירה טובורג רד (330x6 מל),החברה המרכזית להפצת משקאות בעמ,,,"י""ח",1.98,ליטר,false,1,41.70,20.15,true,1,
7290001780800,false,שלגון קראנץ שוקולד ליבת נוגט נסטלה 100 גרם,נגה גלידות שותפות מוגבלת,,,"י""ח",1,,false,1,10,10,true,1,
7290001791349,false,אקונומיקה פיסגה ריחנית סנו (4 ליטר),החברה הדרומית לשיווק בעמ,,,"י""ח",4,ליטר,false,1,11.90,2.98,false,1,
7290001817377,false,צ`יטוס איקס עיגול בטעם פיצה 60 גרם,"שטראוס פריטו ליי בע""\מ )",,,"י""ח",60,ל גרם,false,1,3.70,6.17,true,1,
7290001817728,false,צ'יטוס אפוי כאפה בטעם קטשופ 55 גרם,"שטראוס פריטו ליי בע""\מ )",,,"י""ח",0.55,"י""ח",false,1,3.70,6.73,true,1,
7290001917527,false,פרש וואנס פדים להסרת איפור 80 יח' *3,דנשר (1963) בעמ,,,"י""ח",1,,false,1,19.90,19.90,false,1,
7290001973233,false,"קמיל בלו מגבונים לחים סנסיטיב ד""ר פישר 120 יחידות","פישר תעשיות פרמבצטיות בע""מ",,,"י""ח",120,"י""ח",false,1,10.90,0.09,false,1,
7290001973363,false,מגבונים קמיל בלו ליציאה שקית 30 יח,פישר תעשיות פרמבצטיות בעמ,,,"י""ח",1,,false,1,8,8,false,1,
7290002000136,false,שעווה לחימום במיקרוגל - דבש ופרופוליס,"ש. שוורץ )באר שבע( בע""\מ",,,"י""ח",500,ל גרם,false,1,19.90,3.98,false,1,
7290002002857,false,"מגע הדבש, ניירות להסרת שיער בשעווה, 50 יחידות","איטיליאן פוד, אס.פי.",,,"י""ח",1,"י""ח",false,1,20.30,20.30,false,1,
7290002007357,false,שקיות צליה דליקטס מיקרוגל הנמל 10 יח',הנמל אריזות ושיווק (1984) בעמ,,,"י""ח",10,"י""ח",false,1,5.90,0.59,false,1,
7290002019794,false,רוטב עגבניות מרוכז מאוד 100 גרם פריניר,ח.כהן סוכנות מזון ומשקאות בע,,,"י""ח",100,ל גרם,false,1,1.90,1.90,false,1,
7290002057048,false,זית סורי מתובל בשמן קבוצת יבנה 560 גרם,"קבוצת יבנה מוצרי מזון בע""מ",,,"י""ח",560,ל גרם,false,1,10.50,1.88,false,1,
7290002057062,false,זיתים מנזנילו ירוק בינוני קבוצת יבנה 340 גרם,קבוצת יבנה מוצרי מזון בעמ,,,"י""ח",560,ל גרם,false,1,6.90,1.23,false,1,
7290002057123,false,זיתים ירוקים מנזנילו קבוצת יבנה 560 גרם,קבוצת יבנה מוצרי מזון אגודה שי,,,"י""ח",560,ל גרם,false,1,10.90,1.95,true,1,
7290002057352,false,מלפפונים במלח ‏9‏-‏7‏ קבוצת יבנה 320 גרם,"קבוצת יבנה מוצרי מזון בע""מ",,,"י""ח",600,ל גרם,false,1,7.90,1.32,false,1,
7290002057376,false,מלפפונים במלח ‏17‏-‏13‏ קבוצת יבנה 320 גרם,"קבוצת יבנה מוצרי מזון בע""מ",,,"י""ח",600,ל גרם,false,1,9.90,1.65,false,1,
7290002057383,false,מלפפון יבנה במלח קטנים מאוד 18-25 320 גר יבנה,"קבוצת יבנה מוצרי מזון בע""מ",,,"י""ח",600,ל גרם,false,1,12.90,2.15,true,1,
7290002057468,false,מלפפון יבנה בחומץ בינוניים 10-12 290 גרם,"קבוצת יבנה מוצרי מזון בע""מ",,,"י""ח",600,ל גרם,false,1,7.90,1.32,false,1,
7290002057482,false,מלפפונים קטנים בחומץ קבוצת יבנה 560 גרם,קבוצת יבנה מוצרי מזון אגודה שי,,,"י""ח",560,ל גרם,false,1,12.90,2.30,true,1,
7290002065555,false,שישיית לחמנייה הכי רכה בהפסקה אנג'ל 450 גרם,מאפיית שלמה א. אנג'\ל בע,,,"י""ח",1,,false,1,11.90,11.90,false,1,
7290002107071,false,גבינת פטה עיזים מעודנת 16% משק צוריאל 200 גרם,החברה המרכזית טלהפצת משקאות בע,,,"י""ח",200,ל גרם,false,1,24.20,12.10,false,1,
7290002111085,false,"רוטב עגבניות 22% ""פרי מבורך"" 100 גרם","זנלכל בע""\מ",,,"י""ח",400,ל גרם,false,1,2.80,0.70,false,1,
7290002111214,false,גרעיני תירס לייט A2 פרי מבורך 550 גר',"זנלכל בע""\מ",,,"י""ח",550,ל גרם,false,1,9.90,1.80,false,1,
7290002111337,false,רוטב עגבניות BX 22% פרי מבורך (240 גרם),"זנלכל בע""\מ",,,"י""ח",240,ל גרם,false,1,4.50,1.88,false,1,
7290002111511,false,אפונת גינה וגזר פרי מבורך 550 גרם,"זנלכל בע""\מ",,,"י""ח",550,ל גרם,false,1,8.90,1.62,true,1,
7290002111634,false,חומוס שלם פרי מבורך 290 גרם,"זנלכל בע""\מ",,,"י""ח",600,ל גרם,false,1,8.90,1.48,true,1,
7290002130567,false,דבש דבורים טהור פרחי בר יד מרדכי 350 גרם,מכוורת יד מרדכי שטראוס ב,,,"י""ח",3.50,"י""ח",false,1,18.90,5.40,true,1,
7290002130574,false,דבש טהור מפרחי בר בזכוכית 500 ג' יד מרדכי,מכוורת יד מרדכי שטראוס ב,,,"י""ח",500,ל גרם,false,1,27.90,5.58,true,1,
7290002130581,false,דבש טהור מפרחי בר יד מרדכי (1 קג),מכוורת יד מרדכי שטראוס ב,,,"י""ח",1,קוב,false,1,48.90,48.90,true,1,
7290002132011,false,עוגיות מזרחיות עם שומשום עבאדי (400 גר),מאפיית יוסף ושמחה עבאדי,,,"י""ח",400,ל גרם,false,1,17.90,4.48,false,1,
7290002253006,false,שום טרי כתוש צנצנת דורות 200 גרם,קבוצת אוסם סחר-שות.מוגבלת,,,"י""ח",200,ל גרם,false,1,16.90,8.45,false,1,
7290002253105,false,שום במגשית 20 שיניים כתושות קפוא 80,קבוצת אוסם סחר-שות.מוגבלת,,,"י""ח",80,ל גרם,false,1,13.90,17.38,false,1,
7290002319016,false,אבקת אפיה עשיריות מיה 100 גרם,מיה תעשיות מזון מ.ת.מ. בעמ,,,"י""ח",100,ל גרם,false,1,1.90,1.90,false,1,
7290002319023,false,סוכר וניל עשיריות מיה 100 גרם,מיה תבליני החיים ירושלים בע`מ,,,"י""ח",100,ל גרם,false,1,1.90,1.90,false,1,
7290002319061,false,קוקוס טחון מיה (100 גרם),מיה תעשיות מזון מ.ת.מ. בעמ,,,"י""ח",100,ל גרם,false,1,3.90,3.90,false,1,
7290002319160,false,אפונה ירוקה יבשה מיה 500 ג',מיה תעשיות מזון מ.ת.מ. בעמ,,,"י""ח",500,ל גרם,false,1,4.90,0.98,true,1,
7290002319177,false,פופקורן גרעינים מיה 500 גר',מיה תעשיות מזון מ.ת.מ. בעמ,,,"י""ח",500,ל גרם,false,1,4.90,0.98,true,1,
7290002319184,false,עדשים אדומים יבשים מיה 500 גר',מיה תעשיות מזון מ.ת.מ. בעמ,,,"י""ח",500,ל גרם,false,1,6.90,1.38,true,1,
7290002319191,false,עדשים ירוקים יבשים מיה 500 גר',מיה תעשיות מזון מ.ת.מ. בעמ,,,"י""ח",500,ל גרם,false,1,6.90,1.38,true,1,
7290002319221,false,חיטה מיה (500 גרם),מיה תעשיות מזון מ.ת.מ. בעמ,,,"י""ח",500,ל גרם,false,1,3.50,0.70,false,1,
7290002319450,false,תבלין כרכום צנצנת 80 גר' מיה,מיה תעשיות מזון מ.ת.מ בעמ,,,"י""ח",800,ל גרם,false,1,6.30,0.79,false,1,
7290002319771,false,תמצית אפיה בטעם וניל מיה (50 מל),מיה תעשיות מזון מ.ת.מ. בעמ,,,"י""ח",50,"ל מ""ל",false,1,2.90,5.80,false,1,
7290002319788,false,תמצית אפיה בטעם רום כשלפ בדצ העדח,מיה תעשיות מזון מ.ת.מ. בעמ,,,"י""ח",60,"ל מ""ל",false,1,2.90,4.83,false,1,
7290002327042,false,"בורקס תפו""א 800 גר' שלושת האופים קהילות",נטו מלינדה סחר בע`מ,,,"י""ח",800,ל גרם,false,1,20,2.50,true,1,
7290002327059,false,"בצק עלים 1 ק""ג שלושת האופים קהילות",נטו מלינדה סחר בע`מ,,,"י""ח",1,"ק""ג",false,1,19.90,19.90,true,1,
7290002331025,false,"מים מינרלים נביעות ספורט 500 מ""ל פקדון",החברה המרכזית להפצת משקאות בעמ,,,"י""ח",500,"ל מ""ל",false,1,3.30,0.60,false,1,
7290002331155,false,מים נביעות בטעם אפרסק 0.5 ליטר,החברה המרכזית להפצת משקאות בעמ,,,"י""ח",500,"ל מ""ל",false,1,6.30,1.20,false,1,
7290002331421,false,"שישיית מים מינרליים GO TO נביעות 755 מ""ל",החברה המרכזית להפצת משקאות בעמ,,,"י""ח",4.53,ליטר,false,1,16.90,3.33,false,1,
7290002331711,false,נביעות מים מינרלים בטעם ענבים0.5ליטר,החברה המרכזית להפצת משקאות בעמ,,,"י""ח",500,"ל מ""ל",false,1,6.30,1.20,false,1,
7290002348238,false,לפתן אננס חתוך 850 ג וויליגר,נטו מלינדה סחר בעמ,,,"י""ח",850,ל גרם,false,1,9.10,1.07,false,1,
7290002353836,false,סרדינים רוברט בשמן זית 115 גרם,קונסרבס פורטוגל נורטה,,,"י""ח",120,ל גרם,false,1,9.90,8.25,true,1,
7290002512004,false,מלווח צנעני 900 גרם קפוא,צנעני מוצרי בצק בעמ,,,"י""ח",900,ל גרם,false,1,19.90,2.21,false,1,
7290002512011,false,ג חנון בצק 900ג צנעני,צנעני מוצרי בצק בעמ,,,"י""ח",900,ל גרם,false,1,19.90,2.21,false,1,
7290002543237,false,דגני בוקר קלוגס קורנפלקס 750 גרם,קלוגס קומפני אוף גרייט ב,,,"י""ח",750,ל גרם,false,1,17.90,2.39,true,1,
7290002628064,false,בשר בקר טחון קפוא בלדי (500 גרם),יוליניבר,,,"י""ח",500,ל גרם,false,1,18.90,3.78,false,1,
7290002692478,false,"שמן זית כתית מעולה קלאסי מעודן 750 מ""ל עץ הזית","מרקאולאו, ספרד.אבסה,",,,"י""ח",750,"ל מ""ל",false,1,29.90,3.99,true,1,
7290002715504,false,ארוחת נודלס בטעם עוף מג`יק (70 גרם),נטו מלינדה סחר בע`מ,,,"י""ח",70,ל גרם,false,1,4.90,7,false,1,
7290002715511,false,ארוחת נודלס בטעם בשר מג`יק (70 גרם),נטו מילנדה סחר בעמ*,,,"י""ח",70,ל גרם,false,1,4.90,7,false,1,
7290002715528,false,ארוחת נודלס בטעם ירקות מג`יק (70 גרם),נטו מילנדה סחר בעמ*,,,"י""ח",70,ל גרם,false,1,4.90,7,false,1,
7290002715580,false,ארוחת נודלס בטעם סיני חריף מג'יק 70 גרם,נטו מילנדה סחר בעמ*,,,"י""ח",70,ל גרם,false,1,4.90,7,false,1,
7290002730521,false,צימרוני אוזניים בלונס בקופסא 200 יח',ש. שסטוביץ בע`מ,,,"י""ח",100,ל גרם,false,1,5.90,5.90,false,1,
7290002730538,false,פדיות להסרת איפור בלונס 80 יחידות,הנסיך- מפעל לייצור ט,,,"י""ח",1,"י""ח",false,1,8.90,8.90,false,1,
7290002730675,false,"קולגייט משחת שיניים אדומה משפחתי 100 מ""ל",קולגייט-פלמוליב,,,"י""ח",100,"ל מ""ל",false,1,11.90,11.90,false,1,
7290002730941,false,כדורי צמר גפן בלונס 100 יחידות,הנסיך- מפעל לייצור ט,,,"י""ח",100,ל גרם,false,1,5.90,5.90,false,1,
7290002735120,false,"בורקס תפו""א ינון 800 גרם",קפוא-זן תעשיות מזון בעמ - תפוג,,,"י""ח",800,ל גרם,false,1,14.90,1.86,false,1,
7290002752332,false,"סוכריות מנטוס פירות בגליל, 37.5 גרם",הדקלאים אגודת שיתופי,,,"י""ח",37.50,ל גרם,false,1,3.30,8.80,true,1,
7290002753995,false,סוכריות עדשים לקישוט עוגה וורנר 6*25 גרם,היינץ צפון אמריקה מק,,,"י""ח",150,ל גרם,false,1,18.40,12.27,false,1,
7290002781691,false,ממרח שוקולד 400 גר מיטב בדץ,לפמיטב תעשיות רטבים ומזון בעמ,,,"י""ח",400,ל גרם,false,1,6,1.50,false,1,
7290002824183,false,"גבינה לבנה סקי 500 גרם 5% ""שטראוס"" -מוצר בפיקוח",שטראוס גרופ בעמ/מצונן,,,"י""ח",500,ל גרם,false,1,9.50,1.90,true,1,
7290002824466,false,יוגורט דנונה ביו לבן 0% שומן 200 גרם,שטראוס גרופ בעמ/מצונן,,,"י""ח",200,"ל מ""ל",false,1,3.70,1.85,true,1,
7290002824640,false,"גבינת סקי 250 גרם 5% ""שטראוס"" -מוצר בפיקוח",שטראוס גרופ בעמ/מצונן,,,"י""ח",250,ל גרם,false,1,4.97,1.99,true,1,
7290002825722,false,כרוב אדום במיונז אחלה (500 גרם),שטראוס גרופ בעמ/מצונן,,,"י""ח",500,ל גרם,false,1,15.90,3.18,true,1,
7290002868996,false,"קוטג' 5% שומן, רכיבים טבעיים, 250 גרם",*החברה המרכזית להפצת משקאותבעמ,,,"י""ח",250,ל גרם,false,1,5.90,2.36,true,1,
7290002900566,false,פסטרמה ברביקיו דל שומן טירת צבי 400 גרם,הנסיך- מפעל לייצור ט,,,"י""ח",360,ל גרם,false,1,36,10,false,1,
7290002987963,false,"חומוס אחלה 1 ק""ג שטראוס",שטראוס גרופ בעמ/מצונן,,,"י""ח",1,"ק""ג",false,1,13.90,13.90,true,1,
7290003009183,false,סירופ דיאט 750 מל בטעם תפוחים פריגת,החברה המרכזית להפצת משקאות בעמ,,,"י""ח",750,"ל מ""ל",false,1,23.60,3.15,false,1,
7290003009329,false,בוטנים אמריקאיים קליית גת (200 גרם),הדקלאים אגודת שיתופי,,,"י""ח",200,ל גרם,false,1,5.90,2.95,true,1,
7290003009336,false,קבוקים קליית גת (200 גרם),הדקלאים אגודת שיתופי,,,"י""ח",200,ל גרם,false,1,5.90,2.95,true,1,
7290003009640,false,מיץ תפוזים סחוט רכיבים טבעיים פריגת 1 ליטר,*החברה המרכזית להפצת משקאותבעמ,,,"י""ח",1,ליטר,false,1,16.20,16.20,true,1,
7290003020010,false,רדיד אלומיניום 7.5/30,פאלאס תעשיות נטו (2014) בעמ,,,"י""ח",1,,false,1,6.90,6.90,false,1,
7290003020027,false,רדיד אלומיניום ארוך,פאלאס תעשיות נטו (2014) בעמ,,,"י""ח",1,,false,1,8.90,8.90,false,1,
7290003020164,false,רדיד אלומיניום *60*50,פאלאס תעשיות נטו (2014) בעמ,,,"י""ח",1,"י""ח",false,1,18.90,18.90,false,1,
7290003020171,false,רדיד אלומיניום 0,פאלאס תעשיות נטו (2014) בעמ,,,"י""ח",1,,false,1,32.90,32.90,false,1,
7290003020348,false,זוג רדידי אלומיניום קצר,פאלאס תעשיות נטו (2014) בעמ,,,"י""ח",1,,false,1,12.90,12.90,false,1,
7290003020355,false,רדיד אלומניום זוג}אלומפייל{,פאלאס תעשיות נטו (2014) בעמ,,,"י""ח",2,"י""ח",false,1,17.90,8.95,false,1,
7290003026029,false,"ד""ר פישר - קמיל בלו סנסיטיב שמפו אלדמע 500 מ""ל","פישר תעשיות פרמצביטות בע""מ",,,"י""ח",500,"ל מ""ל",false,1,19.20,3.84,false,1,
7290003026036,false,"ד""ר פישר - קמיל בלו סנסיטיב אל סבון עדין לתינוק 1 ליטר","פישר תעשיות פרמבצטיות בע""מ",,,"י""ח",1,ליטר,false,1,32.90,32.90,true,1,
7290003029181,false,משקה יטבתה שוקו' בקבוק 1ל מהדרין,שטראוס גרופ בעמ/מצונן,,,"י""ח",1,ליטר,false,1,11.90,11.90,true,1,
7290003029372,false,יטבתה משקה בטעם בננה %3 בקבוק 1 ליטר,שטראוס גרופ בעמ/מצונן,,,"י""ח",1,ליטר,false,1,11.90,11.90,true,1,
7290003029389,false,"משקה חלב בננה פקק ספורט 250 מ""ל יוטבתה",שטראוס גרופ בעמ/מצונן,,,"י""ח",250,"ל מ""ל",false,1,5.50,2.20,true,1,
7290003029433,false,"משקה יטבתה שוקו פקק 250 מ""ל מהדרין",שטראוס גרופ בעמ/מצונן,,,"י""ח",250,"ל מ""ל",false,1,5.50,2.20,true,1,
7290003029532,false,מוקה בבקבוק יטבתה 1 ליטר מהדרין,שטראוס גרופ בעמ/מצונן,,,"י""ח",1,ליטר,false,1,11.90,11.90,true,1,
7290003029792,false,"משקה יטבתה שוקו שקיות מהדרין מארז 225X8מ""ל",שטראוס גרופ בעמ/מצונן,,,"י""ח",1.80,ליטר,false,1,19.90,11.06,true,1,
7290003029815,false,חלב מועשר 3% בכד יטבתה 2 ליטר,שטראוס גרופ בעמ/מצונן,,,"י""ח",2,ליטר,false,1,15.20,7.60,true,1,
7290003029907,false,משקה חלב אייס קפה 2% יטבתה (1 ליטר,שטראוס גרופ בעמ/מצונן,,,"י""ח",1,ליטר,false,1,11.90,11.90,true,1,
7290003054657,false,חרדל ריין דיז'ון אקסטרה פורטה 370 גרם,דיפלומט מפיצים (1968) בעמ**,,,"י""ח",370,ל גרם,false,1,11.90,3.22,false,1,
7290003119509,false,פקדון בקבוק בירה ריק,שונות /שרות,,,"י""ח",1,"י""ח",false,1,1.20,1.20,false,1,
7290003120475,false,"בירה שחורה מאלטי 500 מ""ל בק.חוזר",החברה המרכזית להפצת משקאות בעמ,,,"י""ח",500,"ל מ""ל",false,1,4.70,0.70,false,1,
7290003121083,false,ארוחת נודלס בטעם בשר בשקית מג'יק 85 גרם,נטו מילנדה סחר בעמ*,,,"י""ח",85,ל גרם,false,1,3.90,4.59,false,1,
7290003121090,false,ארוחת נודלס ירקות בשקית מג'יק 85 גרם,נטו מלינדה סחר בעמ,,,"י""ח",85,ל גרם,false,1,2.50,2.94,false,1,
7290003121106,false,ארוחת נודלס טעם עוף בשקית מג'יק 85 גרם,נטו מילנדה סחר בעמ*,,,"י""ח",85,ל גרם,false,1,3.90,4.59,false,1,
7290003126712,false,יוגורט עיזים מחלב מלא 3.7% משק צוריאל 150 גרם,*החברה המרכזית להפצת משקאותבעמ,,,"י""ח",140,"ל מ""ל",false,1,6.30,4.50,true,1,
7290003126958,false,טופו גבינה גוש בואקום צוריאל 300 ג',*החברה המרכזית להפצת משקאותבעמ,,,"י""ח",300,ל גרם,false,1,12.70,4.23,false,1,
7290003127597,false,שקית שרות קופה גופיה,שונות /שרות,,,"י""ח",1,,false,1,0.10,0.10,false,1,
7290003185726,false,קבב מזרחי טיבון ויל 500 גרם,טיבון ויל אחזקות בעמ,,,"י""ח",500,ל גרם,false,1,19.90,3.98,true,1,
7290003229109,false,פסטרמה הודו בפפריקה טירת צבי (400 גרם),תנובה מרכז שיתופי לשיווק תוצרת,,,"י""ח",400,ל גרם,false,1,29.90,7.48,false,1,
7290003229192,false,נקניק כתף בקר מעושן 2% טירת צבי 400 גרם,תנובה מרכז שיתופי לשיווק תוצרת,,,"י""ח",400,ל גרם,false,1,35.90,8.98,false,1,
7290003318155,false,וופל טעם לימון מנעמים 200 ג',ח.כהן סוכנות מזון ומשקאות בע,,,"י""ח",250,ל גרם,false,1,3.90,1.56,true,1,
7290003318599,false,וופלים וניל מנעמים 200 גרם,ח.כהן סוכנות מזון ומשקאות בע,,,"י""ח",200,ל גרם,false,1,3.90,1.95,true,1,
7290003321155,false,יוגורט בר עם פקאן מצופה שוקולד 183 ג' דנונה,שטראוס גרופ בעמ/מצונן,,,"י""ח",175,"ל מ""ל",false,1,4.60,2.63,true,1,
7290003387373,false,דאודורנט ספיד סטיק בסיסי קלאסי פרש ספורט לגבר,הנסיך- מפעל לייצור ט,,,"י""ח",70,ל גרם,false,1,18.90,27,true,1,
7290003401369,false,"קרם לחות לשיער חוחובה נטורל פורמולה 400 מ""ל",החברה הדרומית לשיווק בעמ,,,"י""ח",400,"ל מ""ל",false,1,21.90,5.48,false,1,
7290003438006,false,ממרח אולביה פסטו וצנובר איטלקי 190ג',תה ויסוצקי (ישראל) בעמ,,,"י""ח",190,ל גרם,false,1,13.90,7.32,true,1,
7290003438990,false,עיטורי עגבניות מיובשות וזיתים אוליביה 280 ג',תה ויסוצקי (ישראל) בעמ,,,"י""ח",220,ל גרם,false,1,18.90,8.59,true,1,
7290003450602,false,חרדל אמיתי צהוב בקבוק לחיץ 255 גר,היינץ צפון אמריקה מקבוצת ה.י.היינץ,,,"י""ח",255,ל גרם,false,1,10.90,4.27,false,1,
7290003550753,false,נתחי טונה בהירה בשמן פוסידון (108x4 גרם),"מיוצר עי וליגר בעמ,",,,"י""ח",340,ל גרם,false,1,21.90,6.44,false,1,
7290003578061,false,לבבות דקל שלמים וילי פוד (400 גרם),ג.וילי-פוד אינטרנשיונל בעמ,,,"י""ח",400,ל גרם,false,1,11.90,2.98,false,1,
7290003578177,false,תירס צעיר שלם וילי פוד (410 גרם),ג.וילי-פוד אינטרנשיונל בעמ,,,"י""ח",410,ל גרם,false,1,8.90,2.17,true,1,
7290003643004,false,אורז בסמטי קלאסי סוגת (1 קג),האי נאם סי או אל.טי.,,,"י""ח",1,"ק""ג",false,1,12.90,12.90,false,1,
7290003643387,false,"סוכר אריזת פלסטיק 1 ק""ג סוגת",האי נאם סי או אל.טי.,,,"י""ח",1,"ק""ג",false,1,7.90,7.90,false,1,
7290003643646,false,"סוכר דמררה קלאסי בצנצנת סוגת 1 ק""ג",האי נאם סי או אל.טי.,,,"י""ח",1,"ק""ג",false,1,13.90,13.90,false,1,
7290003643684,false,אפונה יבשה סוגת 500 גר',האי נאם סי או אל.טי.,,,"י""ח",500,ל גרם,false,1,6.90,1.38,true,1,
7290003643707,false,גריסים סוגת (500 גרם),"סוגת תעשיות בע""מ",,,"י""ח",500,ל גרם,false,1,4.90,0.98,true,1,
7290003643714,false,חומוס גרגירים 500 גרם סוגת,האי נאם סי או אל.טי.,,,"י""ח",500,ל גרם,false,1,7.90,1.58,true,1,
7290003643745,false,כוסמת סוגת (500 גרם),האי נאם סי או אל.טי.,,,"י""ח",500,ל גרם,false,1,8.90,1.78,true,1,
7290003643752,false,עדשים ירוקים יבש סוגת 500 גר',האי נאם סי או אל.טי.,,,"י""ח",500,ל גרם,false,1,8.90,1.78,true,1,
7290003643769,false,עדשים אדומים יבש סוגת 500 גר',"סוגת תעשיות בע""\מ",,,"י""ח",500,ל גרם,false,1,8.90,1.78,true,1,
7290003643776,false,"פופקורן גרעינים סוגת 500 ג' כשל""פ",האי נאם סי או אל.טי.,,,"י""ח",500,ל גרם,false,1,6.90,1.38,true,1,
7290003643806,false,שעועית לבנה יבשה סוגת (500 גרם),האי נאם סי או אל.טי.,,,"י""ח",500,ל גרם,false,1,9.90,1.98,true,1,
7290003643813,false,שעועית אדומה יבשה סוגת 500 גר',האי נאם סי או אל.טי.,,,"י""ח",500,ל גרם,false,1,11.90,2.38,true,1,
7290003681693,false,חומוס לבן ענק יבש מיה 500 גר',מיה תעשיות מזון מ.ת.מ. בעמ,,,"י""ח",500,ל גרם,false,1,8.90,1.78,false,1,
7290003681716,false,גריסי פנינה מיה (500 גרם),מיה תעשיות מזון מ.ת.מ. בעמ,,,"י""ח",500,ל גרם,false,1,6.90,1.38,false,1,
7290003804252,false,תיבוליות לאורז בנוסח הודי קנור 80גרם,יוניליוור ישראל שיווק בע`מ,,,"י""ח",72,ל גרם,false,1,8.90,12.36,true,1,
7290003804320,false,תיבולית קנור שום ופטורזיליה 72 גרם,"יוניליוור ישראל שיווק בע""מ",,,"י""ח",72,ל גרם,false,1,8.90,12.36,true,1,
7290003805501,false,"פתית בסגנון שוודי תלמה בד""צ 300 גרם",יוניליוור ישראל שיווק בע`מ,,,"י""ח",300,ל גרם,false,1,16.90,5.63,false,1,
7290003807482,false,קנור רוטב טריאקי מופחת נתרן 370 גרם,"יוניליוור ישראל שיווק בע""מ",,,"י""ח",370,"ל מ""ל",false,1,11.90,3.22,true,1,
7290003896141,false,חטיף ספרדי פיקנטי אלמנדוס 200 גרם,הדקלאים אגודת שיתופי,,,"י""ח",200,ל גרם,false,1,9.40,4.70,true,1,
7290003989539,false,רביולי עם גבינה שטראוס (400 גרם),שטראוס גרופ בעמ/מצונן,,,"י""ח",400,ל גרם,false,1,19.90,4.98,true,1,
7290003989553,false,פסטה טורטליני גבינה ופטריות 400 גרם,שטראוס גרופ בעמ/מצונן,,,"י""ח",400,ל גרם,false,1,19.90,4.98,true,1,
7290004061449,false,שניצל אמריקאי 700 גר`טופ שוף,קפוא-זן תעשיות מזון בעמ - תפוג,,,"י""ח",700,ל גרם,false,1,15.90,2.27,true,1,
7290004063115,false,"מלח מטבח עבה להמלחת בשר ובישול 1 ק""ג 1ק""ג",האי נאם סי או אל.טי.,,,"י""ח",1,"ק""ג",false,1,1.70,1.70,false,1,
7290004091248,false,וזלין פטרוליום אינטנסיב קאר ג'ל 106 גר',יוניליוור ישראל שיווק בע`מ,,,"י""ח",106,"ל מ""ל",false,1,13.90,13.11,false,1,
7290004120108,false,יוגורט יופלה דיאט דובדבן 0% שומן 150גרם,תנובה מרכז שיתופי לש,,,"י""ח",150,"ל מ""ל",false,1,5,3.33,false,1,
7290004120566,false,גבינה בולגרית (25024% גרם)פיראוס תנובה,"תנובה בע""מ ***",,,"י""ח",250,ל גרם,false,1,23.90,9.56,true,1,
7290004120573,false,גבינה בולגרית (25016% גרם)פיראוס תנובה,תנובה מרכז שיתופי לש,,,"י""ח",250,ל גרם,false,1,23.90,9.56,false,1,
7290004120634,false,גבינה בולגרית (2505% גרם)פיראוס תנובה,תנובה מרכז שיתופי לש,,,"י""ח",250,ל גרם,false,1,23.90,9.56,true,1,
7290004121525,false,יופלה מאגדת פרי 4 תות 4 אפרסק 3% 8 יח'*150 ג',תנובה מרכז שיתופי לש,,,"י""ח",1.20,ליטר,false,1,31.80,26.50,false,1,
7290004121853,false,גבינה בולגרית קוביות (2005% גרם)פיראוס,תנובה מרכז שיתופי לש,,,"י""ח",200,ל גרם,false,1,23.90,11.95,false,1,
7290004122119,false,פתיתי פרמזן לפסטה 23% השף הלבן 100 גרם,"תנובה בע""מ ***",,,"י""ח",100,ל גרם,false,1,13.10,13.10,false,1,
7290004122195,false,גוש חלב גבינה צהובה פרוסה 28% תנובה 200 גרם,"תנובה בע""מ ***",,,"י""ח",200,ל גרם,false,1,14.90,7.45,false,1,
7290004122270,false,עמק קלאסית פרוסות גבינה חצי קשה 28% 200 גרם,תנובה מרכז שיתופי לש,,,"י""ח",200,ל גרם,false,1,16.70,8.35,true,1,
7290004122348,false,גבינה צהובה מופחתת שומן 9% עמק (200 גרם),תנובה מרכז שיתופי לש,,,"י""ח",200,ל גרם,false,1,17.90,8.95,true,1,
7290004122676,false,גבינה חמד לייט (2505% גרם)פיראוס תנובה,תנובה מרכז שיתופי לש,,,"י""ח",250,ל גרם,false,1,18.50,7.40,true,1,
7290004122683,false,עמק חטיף אצבעות גבינה חצי קשה 28% שומן,תנובה מרכז שיתופי לש,,,"י""ח",172,ל גרם,false,1,16.90,9.83,true,1,
7290004124847,false,"קצפת צמחית השף הלבן 500 מ""ל תנובה",תנובה מרכז שיתופי לש,,,"י""ח",500,"ל מ""ל",false,1,15.90,3.18,true,1,
7290004125400,false,"אשל שלי מהדרין 200 מ""ל 4.5% ""תנובה""- מוצר בפיקוח",פארייפאבה אגרואינדוס,,,"י""ח",200,"ל מ""ל",false,1,1.69,0.85,false,1,
7290004125417,false,"גיל 3% שלי 200 מ""ל ""תנובה"" -מוצר בפיקוח",תנובה מרכז שיתופי לש,,,"י""ח",200,ל גרם,false,1,1.51,0.76,false,1,
7290004125455,false,"שמנת חמוצה 200 מ""ל 15% ""תנובה"" -מוצר בפיקוח",תנובה מרכז שיתופי לש,,,"י""ח",200,"ל מ""ל",false,1,2.40,1.20,false,1,
7290004125462,false,"שמנת חמוצה 15% תנובה 500 מ""ל מהדרין",תנובה מרכז שיתופי לש,,,"י""ח",500,"ל מ""ל",false,1,6,1.20,false,1,
7290004125509,false,"שמנת חמוצה 15% מועשרת תנובה 100 מ""ל",תנובה מרכז שיתופי לש,,,"י""ח",100,"ל מ""ל",false,1,1.80,1.80,false,1,
7290004125578,false,משקה סויה מועשר בסידן 1 ל`תנובה,תנובה מרכז שיתופי לש,,,"י""ח",1,ליטר,false,1,11.90,11.90,true,1,
7290004125585,false,משקה סויה בטעם וניל תנובה 1 ליטר,תנובה מרכז שיתופי לש,,,"י""ח",1,ליטר,false,1,11.90,11.90,true,1,
7290004125721,false,"השף הלבן שמנת עמידה לבישול 15% תנובה 250 מ""ל",תנובה מרכז שיתופי לש,,,"י""ח",250,"ל מ""ל",false,1,8.90,3.56,false,1,
7290004125738,false,שמנת מתוקה להקצפה32% 250מל עמיד השף הלבן,תנובה מרכז שיתופי לש,,,"י""ח",250,"ל מ""ל",false,1,6.80,2.72,false,1,
7290004125776,false,גבינה צהובה קלאסית 28% עמק (400 גרם),"תנובה בע""מ ***",,,"י""ח",400,ל גרם,false,1,29.90,7.48,true,1,
7290004127077,false,קוטג תנובה 3% גביע 250 גרם מהדרין,מיוצר עי קונדיטוריית,,,"י""ח",250,ל גרם,false,1,5.90,2.36,false,1,
7290004127800,false,"גבינה לבנה 500 גרם 5% ""תנובה"" -מוצר בפיקוח",מיוצר עי קונדיטוריית,,,"י""ח",500,ל גרם,false,1,9.96,1.99,false,1,
7290004127817,false,גבינה לבנה 9% שומן 500 ג' תנובה,מיוצר עי קונדיטוריית,,,"י""ח",500,ל גרם,false,1,9.80,1.96,false,1,
7290004127862,false,"גבינה לבנה 750 גרם 5% ""תנובה"" - מוצר בפיקוח",תנובה מרכז שיתופי לש,,,"י""ח",750,ל גרם,false,1,14.94,1.99,true,1,
7290004129101,false,גבינת שמנת 25% בטעם טבעי 225 ג' נפוליאון,תנובה מרכז שיתופי לש,,,"י""ח",225,ל גרם,false,1,14.10,6.27,false,1,
7290004129156,false,גבינת שמנת25% עם שום שמיר 225 ג' נפוליאון,תנובה מרכז שיתופי לש,,,"י""ח",225,ל גרם,false,1,14.10,6.27,false,1,
7290004130794,false,משקה סויה במתיקות מופחתת תנובה (1 ליטר),תנובה מרכז שיתופי לש,,,"י""ח",1,ליטר,false,1,11.90,11.90,true,1,
7290004130916,false,יוגורט יופלה פירות יער בשמנת 3% 150 גרם,תנובה מרכז שיתופי לש,,,"י""ח",150,"ל מ""ל",false,1,5.40,3.60,false,1,
7290004131074,false,"חלב 1 ליטר 3% קרטון ""תנובה""- מוצר בפיקוח",תנובה מרכז שיתופי לש,,,"י""ח",1,ליטר,false,1,6.23,6.23,false,1,
7290004131814,false,גבינת צפתית מעודנת (2005% גרם)פיראוס ת,פארייפאבה אגרואינדוס,,,"י""ח",200,ל גרם,false,1,15.40,7.70,false,1,
7290004132552,false,משקה סויה בטעם טבעי לייט תנובה 1 ליטר,תנובה מרכז שיתופי לש,,,"י""ח",1,ליטר,false,1,11.90,11.90,true,1,
7290004132712,false,חטיף אצבעות גבינת מוצרלה 20% 172 ג' עמק,תנובה מרכז שיתופי לש,,,"י""ח",172,ל גרם,false,1,16.90,9.83,true,1,
7290004133511,false,יופלה מאגדת לבן 1.5% מעודן 8 יח' * 150 ג',מיוצר עי קונדיטוריית,,,"י""ח",1.20,ליטר,false,1,21.10,17.58,false,1,
7290004134945,false,יוגורט ביו 3% בטעם מוקה יופלה (150 גרם),תנובה מרכז שיתופי לש,,,"י""ח",150,"ל מ""ל",false,1,5.40,3.60,false,1,
7290004135614,false,גבינה בולגרית מעודנת 5% פיראוס 250 גרם,"תנובה בע""מ ***",,,"י""ח",250,ל גרם,false,1,23.90,9.56,false,1,
7290004136857,false,מעדן ג`לי בטעם פטל תנובה (125 גרם),תנובה מרכז שיתופי לש,,,"י""ח",125,"ל מ""ל",false,1,2.60,2.08,false,1,
7290004136871,false,מעדן ג'לי בטעם אפרסק עם חתיכות תנובה 125 גרם,תנובה מרכז שיתופי לש,,,"י""ח",125,"ל מ""ל",false,1,2.90,2.32,false,1,
7290004137021,false,"שמנת עמידה לבישול מופחת שומן 10% השף הלבן 250 מ""ל",תנובה מרכז שיתופי לש,,,"י""ח",250,"ל מ""ל",false,1,8.90,3.56,false,1,
7290004137311,false,גבינה צהובה מופחתת שומן 9% עמק (400 גרם),"תנובה בע""מ ***",,,"י""ח",400,ל גרם,false,1,31.90,7.98,true,1,
7290004137809,false,לאבנה אסלית 5% גביע (250 גרם)פיראוס תנו,"תנובה, מחלבת אלון תב",,,"י""ח",250,ל גרם,false,1,13.40,5.36,false,1,
7290004200282,false,פרסים רמה 7,שמחה זה אנחנו,,,"י""ח",1,,false,1,16.50,16.50,false,1,
7290004324858,false,קבב כבש טיבון ויל 500 גרם,"טיבון ויל אחזקות בע""",,,"י""ח",500,ל גרם,false,1,19.90,3.98,true,1,
7290004492274,false,בייגלה טבעות מלוחות בייגל בייגל 400 גרם,"יוניליוור ישראל שיווק בע""מ",,,"י""ח",400,ל גרם,false,1,9.90,2.48,true,1,
7290004584351,false,גבינה לבנה סימפוניה עם תוספות 200 ג' חמישית 200,שטראוס גרופ בעמ/מצונן,,,"י""ח",200,ל גרם,false,1,11.40,5.70,true,1,
7290004584528,false,יוגורט דנונה ביו לבן 1.7% שומן 200 גרם,שטראוס גרופ בעמ/מצונן,,,"י""ח",200,"ל מ""ל",false,1,3.70,1.85,true,1,
7290004585907,false,דני ועדן וניל 1.5% 125ג' שטראוס,שטראוס גרופ בעמ/מצונן,,,"י""ח",130,"ל מ""ל",false,1,2.70,2.08,true,1,
7290004731472,false,"אל סבון צבעוני כיף שלישיה* 500 מ""ל",החברה הדרומית לשיווק בעמ,,,"י""ח",1.50,ליטר,false,1,18.90,12.60,false,1,
7290004861407,false,גבינה מוצרלה 22% המושבה,מחלבות המושבה בעמ,,,"ק""ג",1,"ק""ג",true,1,79.90,79.90,false,1,
7290004872250,false,שלגון שרבט אבטיח נסטלה 108 גרם,נגה גלידות שותפות מוגבלת,,,"י""ח",1,,false,1,5,5,false,1,
7290004944032,false,חומוס אמיתי אסלי שמיר 400 גרם,"סלטי שמיר 2006 בע""מ",,,"י""ח",400,ל גרם,false,1,9.90,2.48,true,1,
7290004944049,false,טחינה אסלי שמיר 400 גרם,"סלטי שמיר 2006 בע""מ",,,"י""ח",400,ל גרם,false,1,9.90,2.48,true,1,
7290004944056,false,סדרת האסלי חציל במיונז שמיר 400 גרם,"סלטי שמיר 2006 בע""מ",,,"י""ח",400,ל גרם,false,1,9.90,2.48,true,1,
7290005174513,false,חציל על האש במיונז אחלה 400 גרם+225גר,שטראוס גרופ בעמ/מצונן,,,"י""ח",500,ל גרם,false,1,15.90,3.18,true,1,
7290005174551,false,סלט חומוס עם צנוברים 125 ג' אחלה,שטראוס גרופ בעמ/מצונן,,,"י""ח",125,ל גרם,false,1,4.90,3.92,true,1,
7290005174568,false,אחלה יום יום חצילים במיונז 125 גרם,שטראוס גרופ בעמ/מצונן,,,"י""ח",125,ל גרם,false,1,4.90,3.92,true,1,
7290005200786,false,תפוצ'יפס בטעם שמנת בצל עלית 50 גרם,"שטראוס פריטו ליי בע""\מ )",,,"י""ח",50,ל גרם,false,1,4.50,9,true,1,
7290005287206,false,רביעיית טונה בשמן סטארקיסט 160 גרם,דיפלומט מפיצים (1968) בעמ**,,,"י""ח",640,ל גרם,false,1,27.90,4.36,true,1,
7290005287213,false,"רביעיית טונה בשמן סטארקיסט 160 גרם בד""צ",דיפלומט מפיצים (1968) בעמ**,,,"י""ח",640,ל גרם,false,1,27.90,4.36,true,1,
7290005287251,false,רביעיית טונה במים סטארקיסט 160 גרם,דיפלומט מפיצים (1968) בעמ**,,,"י""ח",640,ל גרם,false,1,27.90,4.36,true,1,
7290005423734,false,מרכך כביסה מרוכז אולטרא פרש סנו מקסימה 4 ליטר,החברה הדרומית לשיווק בעמ,,,"י""ח",4,ליטר,false,1,21.90,5.48,false,1,
7290005423918,false,סנו - מקסימה מרכך כביסה היפואלרגני אלוורה 4 ליטר,החברה הדרומית לשיווק בעמ,,,"י""ח",4,ליטר,false,1,21.90,5.48,false,1,
7290005424700,false,סנו - פורטה פלוס מרסס מסיר שומנים 1 ליטר,החברה הדרומית לשיווק בעמ,,,"י""ח",1,ליטר,false,1,17.90,17.90,false,1,
7290005424847,false,"מפיות נייר 30*30 ס""מ סנו סושי 150 יחידות",החברה הדרומית לשיווק בעמ,,,"י""ח",150,"י""ח",false,1,7.90,0.05,false,1,
7290005425646,false,קליר נוזל לניקוי חלונות רב תכליתי סנו 1 ליטר,החברה הדרומית לשיווק בעמ,,,"י""ח",1,ליטר,false,1,11.90,11.90,false,1,
7290005426568,false,"קרמה - קרם לחות לשיער רגיל 400 מ""ל",החברה הדרומית לשיווק בעמ,,,"י""ח",400,"ל מ""ל",false,1,19.90,4.98,false,1,
7290005426971,false,סנובון סבון לאסלה תפוח כחול סנו 3 יחידות,החברה הדרומית לשיווק בעמ,,,"י""ח",165,ל גרם,false,1,17.90,10.85,true,1,
7290005427107,false,סנו - סושי מגבות נייר הפלא 6 יחידות,החברה הדרומית לשיווק בעמ,,,"י""ח",570,ל גרם,false,1,13.90,2.44,false,1,
7290005428845,false,מפיות סנו סופט 33*33 100 יחידות,החב הדרומית לשיווק,,,"י""ח",100,"י""ח",false,1,7.90,0.08,false,1,
7290005428852,false,ממחטות טישו צבעוניים סנו סופט 5 יח' *100דף,החברה הדרומית לשיווק בעמ,,,"י""ח",650,ל גרם,false,1,13.90,2.14,false,1,
7290005429286,false,"אבקת כביסה ביו סנו מקסימה 6 ק""ג",החברה הדרומית לשיווק בעמ,,,"י""ח",6,"ק""ג",false,1,49.90,8.32,true,1,
7290005430602,false,"סנו אוקסיג'ן ספריי להסרת כתמים עם חמצן פעיל 750 מ""ל",החברה הדרומית לשיווק בעמ,,,"י""ח",750,"ל מ""ל",false,1,18.90,2.52,false,1,
7290005500558,false,ג'ל חזק לעיצוב שיער 1 ליטר פנינה רוזנבלום,פנינה רוזנבלום בעמ,,,"י""ח",1,ליטר,false,1,20.90,20.90,false,1,
7290005559587,false,מאפה נקניקיה בבצק מעדנות 800ג',תנובה מרכז שיתופי לשיווק תוצרת,,,"י""ח",800,ל גרם,false,1,28.10,3.51,false,1,
7290005559709,false,בורקס פיצה מעדנות 700 גרם,מיוצר עי קונדיטוריית,,,"י""ח",700,ל גרם,false,1,28.90,4.13,false,1,
7290005559914,false,פיצה משפחתית עם 100% גבינה בתוספת זיתים מעדנות 550 גרם,תנובה מרכז שיתופי לשיווק תוצרת,,,"י""ח",550,ל גרם,false,1,24.90,4.53,true,1,
7290005591761,false,דבש טהור מפרחי בר בלחיץ 400 ג' יד מרדכי,מכוורת יד מרדכי שטרא,,,"י""ח",400,ל גרם,false,1,24.90,6.23,true,1,
7290005838002,false,מעדן גבינה ויוגורט בטעם וניל 88 ג' דניאלה,שטראוס גרופ בעמ/מצונן,,,"י""ח",150,"ל מ""ל",false,1,4.10,2.73,true,1,
7290005838613,false,קרם גבינה 3% בטעם וניל סקי (125 גרם),שטראוס גרופ בעמ/מצונן,,,"י""ח",125,ל גרם,false,1,3.90,3.12,true,1,
7290005839078,false,שמיניית יוגורט לבן 3% ביו דנונה 150 גרם,שטראוס גרופ בעמ/מצונן,,,"י""ח",1.20,ליטר,false,1,16.90,14.08,true,1,
7290005839108,false,גבינה לבנה סימפוניה עם תוספות 200 ג'+זיתים 5%,שטראוס גרופ בעמ/מצונן,,,"י""ח",200,ל גרם,false,1,11.40,5.70,true,1,
7290005839313,false,מילקי Top עם שוקולדה מגולגלת 140 גרם,שטראוס גרופ בעמ/מצונן,,,"י""ח",130,"ל מ""ל",false,1,4.90,3.77,true,1,
7290005854613,false,שלגון אסקימו תותי פרוט 75 גר',גלידות שטראוס בעמ,,,"י""ח",1,,false,1,2.90,2.90,true,1,
7290005938245,false,ממרח פסטו קלאסי פרסקו 220ג' מצונן,מיוצר עי פרסקו חצבה,,,"י""ח",220,ל גרם,false,1,15.90,7.23,false,1,
7290005992018,false,"יוגורט עיזים לשתיה 3% מחלבות גד 500 מ""ל",מחלבות גד שיווק 1992 בעמ,,,"י""ח",500,"ל מ""ל",false,1,13.90,2.78,false,1,
7290005992575,false,גבינה בולגרית למריחה 5% גד (250 גרם),מחלבות גד שיווק 1992 בעמ,,,"י""ח",250,ל גרם,false,1,14.90,5.96,false,1,
7290005992735,false,לאבנה טבעית 5% 250 גר' - רבנות,מחלבות גד שיווק 1992 בעמ,,,"י""ח",250,ל גרם,false,1,13.30,5.32,false,1,
7290006185501,false,"פנינה רוזנבלום -אל סבון נוזלי ורוד,1 ליטר","פנינה רוזנבלום בע""מ",,,"י""ח",1,ליטר,false,1,10.90,10.90,true,1,
7290006241153,false,אגוזי פקאן סיניים קליית גת (150 גרם),ליימן שליסל בעמ,,,"י""ח",150,ל גרם,false,1,20.90,13.93,false,1,
7290006241535,false,"משקה מנגו קפוא פריגת 340 מ""ל",*החברה המרכזית להפצת משקאותבעמ,,,"י""ח",280,ל גרם,false,1,9.90,3.54,false,1,
7290006241689,false,"משקה לימונים מרוכז קפוא פריגת 280 מ""ל",החברה המרכזית טלהפצת משקאות בע,,,"י""ח",280,ל גרם,false,1,9.90,3.54,false,1,
7290006251275,false,תה ירוק סיני קלאסי ויסוצקי 25 יחידות,תה ויסוצקי (ישראל) בעמ,,,"י""ח",37.50,ל גרם,false,1,24.90,66.40,true,1,
7290006251343,false,חליטת פסיפלורה מנגו הגן הקסום ויסוצקי 25 יחידות,תה ויסוצקי (ישראל) בעמ,,,"י""ח",62.50,ל גרם,false,1,17.90,28.64,true,1,
7290006251589,false,תה ירוק עם עלי נענע 50 שקיקים ויסוצקי,תה ויסוצקי (ישראל) בעמ,,,"י""ח",75,ל גרם,false,1,45.90,61.20,true,1,
7290006256102,false,"יין אדום מרלו גאטו נגרו 750 מ""ל",היכל היין שקד גולן בעמ,,,"י""ח",750,"ל מ""ל",false,1,39.90,5.28,true,1,
7290006256775,false,"יין גאטו נגרו מלבק 750 מ""ל",היכל היין שקד גולן בעמ,,,"י""ח",750,"ל מ""ל",false,1,39.90,5.28,true,1,
7290006265500,false,פטריות שמפיניון ארוז מרינה,קונס`-מרינה פטריות הגליל בעמ*ש,,,"י""ח",1,,false,1,10.90,10.90,true,1,
7290006306333,false,רביולי במילוי תרד וגבינת ריקוטה פסטה נונה 400 ג',דורום תעשיות מזון ופסטה,,,"י""ח",400,ל גרם,false,1,21.90,5.48,false,1,
7290006342447,false,גרעיני אבטיח ששון הקולה 200 גרם,דין שיווק וקליה 2021 בעמ,,,"י""ח",200,ל גרם,false,1,14.90,7.45,false,1,
7290006374738,false,קונפיטורה תות יד מרדכי בטעם תות,אף.סי תבליני בגליל ב,,,"י""ח",340,ל גרם,false,1,13.60,4,true,1,
7290006376312,false,"שוקו כיף 1 ק""ג}פרמיום{",נאמן לאורך זמן בעמ,,,"י""ח",1,"ק""ג",false,1,14.90,14.90,false,1,
7290006492432,false,גבינה מוצרלה בייבי 18% גד (150 גרם),מחלבות גד שיווק 1992 בעמ,,,"י""ח",1,,false,1,16.50,16.50,false,1,
7290006492616,false,גבינה בולגרית מעודנת פרוסות 5% גד 250 גרם,מחלבות גד שיווק 1992 בעמ,,,"י""ח",250,ל גרם,false,1,25.90,10.36,false,1,
7290006511157,false,פטריות שמפניון שלמות וילי פוד (400 גרם),ג.וילי-פוד אינטרנשיונל בעמ,,,"י""ח",400,ל גרם,false,1,8.90,2.23,true,1,
7290006511683,false,מאנצו-פולי סויה בתרמילים 454 גרם מהד,ג.וילי-פוד אינטרנשיונל **גבינו,,,"י""ח",454,ל גרם,false,1,9.90,2.18,false,1,
7290006511751,false,פטריות שמפניון חתוך ויליפוד 290X3 ג' בד”צ,ג.וילי-פוד אינטרנשיונל בעמ,,,"י""ח",870,ל גרם,false,1,11.90,1.37,false,1,
7290006618078,false,"מרסס לניקוי יסודי מטבח אסטוניש 750 מ""ל","יעקב יעקבי ובניו בע""מ",,,"י""ח",750,"ל מ""ל",false,1,16.90,2.25,true,1,
7290006640598,false,מכשירי כתיבה מגוון,צבע ומכחול (2014) בעמ,,,"י""ח",1,,false,1,5.50,5.50,false,1,
7290006640765,false,ערכת צעצוע לים,צבע ומכחול (2014) בעמ,,,"י""ח",1,,false,1,14.90,14.90,false,1,
7290006640789,false,צעצועים,צבע ומכחול (2014) בעמ,,,"י""ח",1,,false,1,9.90,9.90,false,1,
7290006652027,false,במבה חטיף בוטנים אסם 20*15 גרם,קבוצת אוסם סחר שותפות מוגבלת,,,"י""ח",300,ל גרם,false,1,25.90,8.63,true,1,
7290006653819,false,קוסקוס אמיתי דק בשקית 350 גרם,קבוצת אוסם סחר שותפות מוגבלת,,,"י""ח",350,ל גרם,false,1,9.20,2.63,false,1,
7290006664051,false,"אקטימל לבן 1.51 ק""ג מארז 14 יחידות",שטראוס גרופ בעמ/מצונן,,,"י""ח",1.40,ליטר,false,1,29.90,21.36,true,1,
7290006664402,false,גבינה לבנה סקי 5% שומן 750 גרם,שטראוס גרופ בעמ/מצונן,,,"י""ח",750,ל גרם,false,1,14.25,1.90,true,1,
7290006664655,false,דנונה Actimel יוגורט טבעי 8*100 מ``ל,שטראוס גרופ בעמ/מצונן,,,"י""ח",800,"ל מ""ל",false,1,20.90,2.61,true,1,
7290006664990,false,"יוגורט דנונה ביו לבן 1.7% שומן 8*150 מ""ל",שטראוס גרופ בעמ/מצונן,,,"י""ח",1.20,ליטר,false,1,16.90,14.08,true,1,
7290006681553,false,קרמבו בטעם וניל שטראוס 8 יחידות,"גלידות שטראוס בע""מ",,,"י""ח",8,"י""ח",false,1,15.90,1.99,true,1,
7290006681560,false,קרמבו בטעם מוקה שטראוס 8 יחידות,"גלידות שטראוס בע""מ",,,"י""ח",8,"י""ח",false,1,15.90,1.99,true,1,
7290006712981,false,"משחת שיניים קולגייט ספיידרמן מגיל שש 50 מ""ל",הנסיך- מפעל לייצור ט,,,"י""ח",50,ל גרם,false,1,11.90,23.80,false,1,
7290006739346,false,נקניקיות פרגיות טרי 400 גרם זוגלובק,נקניק נהריה כשר זוגל,,,"י""ח",400,ל גרם,false,1,18.90,4.73,true,1,
7290006739414,false,נקניק סלמי קוניאק זוגלובק 300 גרם,נקניק נהריה כשר זוגל,,,"י""ח",3.50,"י""ח",false,1,26.90,7.69,false,1,
7290006741363,false,בורקס תפוחי אדמה זוגלובק 800 גרם,מאפיית אריאל וגידרון,,,"י""ח",800,ל גרם,false,1,18.90,2.36,true,1,
7290006742179,false,קבב מזרחי זוגלובק 400 גרם,נקניק נהריה כשר זוגל,,,"י""ח",400,ל גרם,false,1,22.90,5.73,true,1,
7290006775023,false,עוגה אנגלית אחוה (450 גרם)אחוה,אחדות ביתחרושת לטחינה חלבה,,,"י""ח",450,ל גרם,false,1,10.90,2.42,false,1,
7290006775047,false,עוגת שוקולד אחוה (450 גרם)אחוה,אחדות ביתחרושת לטחינה חלבה,,,"י""ח",450,ל גרם,false,1,10.90,2.42,false,1,
7290006775054,false,עוגת שיש אחוה (450 גרם)אחוה,אחדות ביתחרושת לטחינה חלבה,,,"י""ח",450,ל גרם,false,1,10.90,2.42,false,1,
7290006775344,false,עוגת שמרים במילוי קרם קינמון אחוה 400 גרם,אחדות ביתחרושת לטחינה חלבה,,,"י""ח",400,ל גרם,false,1,11,2.75,false,1,
7290006788399,false,"דאו רול און נושם סנסיטיב ירוק קרליין 75 מ""ל",החברה הדרומית לשיווק בעמ,,,"י""ח",75,ל גרם,false,1,13.90,18.53,false,1,
7290006788436,false,"קרליין - נושם פיור דאודורנט רול און לאישה ורוד 75 מ""ל",החברה הדרומית לשיווק בעמ,,,"י""ח",75,ל גרם,false,1,13.90,18.53,false,1,
7290006805355,false,"פילסברי, כדורים בטעם שוקולד, תערובת להכנת כדורים בטעם שוקולד. 500 גרם.",הדקלאים אגודת שיתופי,,,"י""ח",500,ל גרם,false,1,17.90,3.58,false,1,
7290006983770,false,עוגת הבית שיש אסם (400 גרם),קבוצת אוסם סחר שותפות מוגבלת,,,"י""ח",400,ל גרם,false,1,13.40,3.35,false,1,
7290006983787,false,עוגת הבית שוקולד צ'יפס אסם 400 גרם,קבוצת אוסם סחר שותפות מוגבלת,,,"י""ח",400,ל גרם,false,1,13.40,3.35,false,1,
7290006983794,false,עוגת הבית בטעם תפוז אסם 400 גרם,קבוצת אוסם סחר שותפות מוגבלת,,,"י""ח",400,ל גרם,false,1,13.40,3.35,false,1,
7290006992185,false,"מטרנה - דייסת אורז פרוביוטי כשל""פ 200 גרם",קבוצת אוסם סחר שותפות מוגבלת,,,"י""ח",200,ל גרם,false,1,13.90,6.95,false,1,
7290006992208,false,מטרנה - דייסת דגנים מעורבים 200 גרם,קבוצת אוסם סחר שותפות מוגבלת,,,"י""ח",200,ל גרם,false,1,13.90,6.95,false,1,
7290008000826,false,"משחת שיניים לילדים בטעם פירות לגילאים 2-6 כצט 50 מ""ל",גורי ע.ע.ע. בע`מ,,,"י""ח",50,ל גרם,false,1,10.90,21.80,false,1,
7290008116565,false,שטיפת פה ליסטרין מנטה מרענן 500 מ`ל,ג'\ונסון אנד ג'\ונסון,,,"י""ח",500,"ל מ""ל",false,1,17.90,3.58,true,1,
7290008175173,false,חמאה מפינלנד ללא מלח 200 גרם ויליפוד,ג.וילי-פוד אינטרנשיונל **גבינו,,,"י""ח",200,ל גרם,false,1,10.90,5.45,false,1,
7290008335553,false,קובה בשר וצנובר 600ג שלושת האופים,נטו מילנדה סחר בעמ*,,,"י""ח",600,ל גרם,false,1,13.90,2.32,false,1,
7290008335577,false,"פסטלים במילוי תפו""א 600ג",האי נאם סי או אל.טי.,,,"י""ח",600,ל גרם,false,1,13.90,2.32,false,1,
7290008343503,false,גחנון אפוי 650 גר' שלושת האופים קהילות,נטו מלינדה סחר בע`מ,,,"י""ח",650,ל גרם,false,1,21.90,3.37,true,1,
7290008344272,false,המבורגר 100% טיבון ויל 400 גרם,טיבון ויל אחזקות בעמ,,,"י""ח",400,ל גרם,false,1,20.90,5.23,true,1,
7290008345583,false,סלט איקרה ביתית ורודה דלידג (300 גרם),נטו מלינדה סחר בע`מ,,,"י""ח",300,ל גרם,false,1,21.90,7.30,false,1,
7290008347211,false,אצבעות דג מצופות דלידג (700 גרם),אף.סי תבליני בגליל ב,,,"י""ח",700,ל גרם,false,1,22.90,3.27,false,1,
7290008409773,false,קציצות עוף אמיתיות קפואות 700 גרם קפוא,תנובה מרכז שיתופי לשיווק תוצרת,,,"י""ח",700,ל גרם,false,1,31.60,4.51,false,1,
7290008464345,false,"בירה גולדסטאר, בקבוק 330 מ''ל",פארייפאבה אגרואינדוס,,,"י""ח",330,"ל מ""ל",false,1,7.20,2.09,false,1,
7290008464468,false,בירה בפחית גולדסטאר (500 מל),פארייפאבה אגרואינדוס,,,"י""ח",500,"ל מ""ל",false,1,8.10,1.56,false,1,
7290008464604,false,"בירה הייניקן פחית 500 מ""ל",טמפו משקאות בע''מ,,,"י""ח",500,"ל מ""ל",false,1,9.90,1.92,false,1,
7290008493413,false,פירורי לחם מאיר בייגל פירורי גריסיני 200 גרם,"דנשר (1963) בע,מ",,,"י""ח",200,ל גרם,false,1,6.90,3.45,false,1,
7290008609531,false,נייר אפייה 50 יח`פאלאס,פאלאס תעשיות נטו (2014) בעמ,,,"י""ח",1,,false,1,9.90,9.90,false,1,
7290008636339,false,פירה שבבי תפוח אדמה מיה 500 גרם כשר לפסח,מיה תעשיות מזון מ.ת.מ. בעמ,,,"י""ח",500,ל גרם,false,1,12.50,2.50,false,1,
7290008636650,false,קמח מצה מיה 500 גרם,מיה תעשיות מזון מ.ת.מ. בעמ,,,"י""ח",500,ל גרם,false,1,5.90,1.18,false,1,
7290008644112,false,אחלה יום יום סלט מטבוחה יום יום 125 גרם,שטראוס גרופ בעמ/מצונן,,,"י""ח",125,ל גרם,false,1,4.90,3.92,true,1,
7290008644235,false,מבחר עלי בייבי 120 גרם-טעם הטבע,שטראוס בריאות ירקות טריי,,,"י""ח",120,ל גרם,false,1,9.90,8.25,true,1,
7290008644945,false,סלט המושבה שטראוס 450 גר`-טעם הטבע,שטראוס בריאות ירקות טריי,,,"י""ח",450,ל גרם,false,1,12.90,2.87,true,1,
7290008690713,false,נקטר חמוציות אושן ספריי פריגת (1 ליטר),החברה המרכזית להפצת משקאות בעמ,,,"י""ח",1,ליטר,false,1,11.50,11.50,false,1,
7290008693134,false,מעדן גבינה ויוגורט בטעם תות 5% שומן 88 ג' דניאלה,שטראוס גרופ בעמ/מצונן,,,"י""ח",150,"ל מ""ל",false,1,4.10,2.73,true,1,
7290008713900,false,לחם שיפון עגול פרוס אחדות (750 גרם),מאפיית אנג'\ל אורנים מאפ,,,"י""ח",750,ל גרם,false,1,12.90,1.72,false,1,
7290008713917,false,לחם שיפון כהה פרוס מאפיית אחדות 750 גרם,מאפיית שלמה א. אנג'\ל בע,,,"י""ח",750,ל גרם,false,1,12.90,1.72,false,1,
7290008745239,false,תפוצ'יפס קראנצ' בטעם טבעי עלית 50 גרם,"שטראוס פריטו ליי בע""\מ )",,,"י""ח",55,ל גרם,false,1,4.50,8.18,true,1,
7290008752244,false,תפוצ'יפס קראנץ' בטעם גריל עלית 50 גרם,"שטראוס פריטו ליי בע""\מ )",,,"י""ח",50,ל גרם,false,1,4.50,9,true,1,
7290008753111,false,תפוצ'יפס קראנץ' בטעם מקסיקני עלית 50 גרם,"שטראוס פריטו ליי בע""\מ )",,,"י""ח",50,ל גרם,false,1,4.50,9,true,1,
7290008757034,false,"שוופס סודה זכוכית 250 מ""ל",יפאורה שותפות מוגבלת לשיווק,,,"י""ח",250,"ל מ""ל",false,1,3.50,1.28,true,1,
7290008775816,false,ערגליות עוגיות במילוי שוקולד אסם 300 גרם,קבוצת אוסם סחר שותפות מוגבלת,,,"י""ח",300,ל גרם,false,1,10.90,3.63,true,1,
7290008801478,false,יין טופז זהב אדום מתוק ייצוא 750 מל,אגודת הכורמים בעמ,,,"י""ח",750,"ל מ""ל",false,1,21.20,2.79,true,1,
7290008806985,false,נישנושים גלידה שוקו וניל בציפוי שוקולד 60 יח' קרמיסימו,"גלידת שטראוס בע""\מ, רחוב",,,"י""ח",630,ל גרם,false,1,49.90,7.92,false,1,
7290008909778,false,"קרלסברג שישייה 330מ""ל",החברה המרכזית להפצת משקאות בעמ,,,"י""ח",1.98,ליטר,false,1,42.70,20.66,true,1,
7290008909853,false,"קוקה קולה זירו בקבוק 500 מ""ל.",החברה המרכזית להפצת משקאות בעמ,,,"י""ח",500,"ל מ""ל",false,1,6.30,1.20,true,1,
7290010002023,false,כורכום הודי טחון תבליני מימון 100 גרם,א.ל. ייצור ושיווק תבלינים בע`מ,,,"י""ח",100,ל גרם,false,1,12.90,12.90,false,1,
7290010002047,false,תבלין מלח לימון תבליני מימון 200 גרם,א.ל ייצור ושיווק תבלינים בעמ,,,"י""ח",200,ל גרם,false,1,9.90,4.95,false,1,
7290010002092,false,תבלין פלפל שחור גרוס דק תבליני מימון 90,א.ל. ייצור ושיווק תבלינים בע`מ,,,"י""ח",90,ל גרם,false,1,15.50,17.22,false,1,
7290010002122,false,פפריקה הונגרית מתוקה תבליני מימון 100 גרם,א.ל. ייצור ושיווק תבלינים בע`מ,,,"י""ח",100,ל גרם,false,1,12.90,12.90,false,1,
7290010002146,false,פפריקה מרוקאית מתוקה תבליני מימון 100 גרם,א.ל. ייצור ושיווק תבלינים בע`מ,,,"י""ח",100,ל גרם,false,1,12.90,12.90,false,1,
7290010002153,false,פפריקה מרוקאית חריפה תבליני מימון 100 גרם,א.ל. ייצור ושיווק תבלינים בע`מ,,,"י""ח",100,ל גרם,false,1,12.90,12.90,false,1,
7290010002283,false,תבלין על האש תבליני מימון 100 גרם,א.ל. ייצור ושיווק תבלינים בע`מ,,,"י""ח",100,ל גרם,false,1,12.90,12.90,false,1,
7290010002306,false,תיבול לקציצות תבליני מימון 100 גרם,א.ל. ייצור ושיווק תבלינים בע`מ,,,"י""ח",100,ל גרם,false,1,12.90,12.90,false,1,
7290010002429,false,עלי דפנה תבליני מימון 20 גרם צנצנת,א.ל. ייצור ושיווק תבלינים בע`מ,,,"י""ח",20,ל גרם,false,1,9.90,49.50,false,1,
7290010002498,false,תבלין שום גבישי תבליני מימון 120 גרם,א.ל. ייצור ושיווק תבלינים בע`מ,,,"י""ח",120,ל גרם,false,1,14.90,12.42,false,1,
7290010002597,false,כוסברה ירוקה תבליני מימון (20 גרם),א.ל. ייצור ושיווק תבלינים בע`מ,,,"י""ח",30,ל גרם,false,1,9.90,33,false,1,
7290010002726,false,תבלין לפרגיות תבליני מימון 100 גרם.,א.ל. ייצור ושיווק תבלינים בע`מ,,,"י""ח",100,ל גרם,false,1,12.90,12.90,false,1,
7290010003693,false,פפריקה מתוקה בשקית תבליני מימון 80 גרם,א.ל. ייצור ושיווק תבלינים בע`מ,,,"י""ח",80,ל גרם,false,1,6.40,8,false,1,
7290010003709,false,פלפל שחור טחון בשקית תבליני מימון 50 גרם,א.ל. ייצור ושיווק תבלינים בע`מ,,,"י""ח",50,ל גרם,false,1,8.90,17.80,false,1,
7290010003822,false,פפריקה חריפה בשקית תבליני מימון (80 גרם),א.ל. ייצור ושיווק תבלינים בע`מ,,,"י""ח",80,ל גרם,false,1,6.90,8.63,false,1,
7290010023141,false,תה לימונענע הגן הקסום ויסוצקי 25 יחידות,תה ויסוצקי (ישראל) בעמ,,,"י""ח",50,ל גרם,false,1,17.90,35.80,true,1,
7290010065059,false,מחית פירות מעורבים ג'וניור פרינוק 190 גרם,פרוטה פודווין איי.אס,,,"י""ח",190,ל גרם,false,1,5.90,3.11,true,1,
7290010065127,false,ליקוקים שימורים לחיות,גורי מוצרי צריכה בעמ,,,"י""ח",415,ל גרם,false,1,5.50,1.33,false,1,
7290010065271,false,פרינוק - מחית תפוחי עץ 130 גרם,גורי מוצרי צריכה 1991 בעמ,,,"י""ח",130,ל גרם,false,1,5.90,4.54,false,1,
7290010065745,false,מחית לפתן פירות ג'וניור פרינוק 190 גרם,גורי מוצרי צריכה (1991) בעמ,,,"י""ח",190,ל גרם,false,1,5.90,3.11,true,1,
7290010066513,false,נתחי טונה בשמן צמחי רביעיה *158ג' פילטונה,תעשיות פילטונה בעמ,,,"י""ח",640,ל גרם,false,1,23.90,3.73,false,1,
7290010066575,false,נתחי טונה במים רביעיה *158ג' פילטונה,תעשיות פילטונה בעמ,,,"י""ח",640,ל גרם,false,1,23.90,3.73,false,1,
7290010066582,false,נתחי טונה בשמן קנולה רביעיה * 158 ג' פילטונה,תעשיות פילטונה בעמ,,,"י""ח",640,ל גרם,false,1,23.90,3.73,false,1,
7290010116980,false,שוקולית אבקה להכנת משקה שוקו שקית 850,הנסיך- מפעל לייצור ט,,,"י""ח",850,ל גרם,false,1,18.90,2.22,true,1,
7290010118328,false,חטיף צ`יפס בטעם טבעי תפוצ`יפס (40x6 גרם),"שטראוס פריטו ליי בע""מ",,,"י""ח",240,ל גרם,false,1,13.90,5.79,true,1,
7290010119240,false,מארז תפוצ'יפס טבעי 216 גרם 12 יחידות,"שטראוס פריטו ליי בע""\מ )",,,"י""ח",216,ל גרם,false,1,16.90,7.82,true,1,
7290010153510,false,בורגול יבש מיה 500 גר',מיה תעשיות מזון מ.ת.מ. בעמ,,,"י""ח",500,ל גרם,false,1,3.90,0.78,false,1,
7290010153688,false,חומץ רכיבים טבעיים 1 ליטר,מיה תעשיות מזון מ.ת.מ. בעמ,,,"י""ח",1,ליטר,false,1,5.90,5.90,false,1,
7290010154005,false,סחוג תימני תבליני ביטון יוחאי (250 גרם),תבליני יוחאי ביטון,,,"י""ח",250,ל גרם,false,1,14.90,5.96,false,1,
7290010154241,false,סלט חזרת ביתית תבליני ביטון יוחאי (250 ג,נטו מלינדה סחר בע`מ,,,"י""ח",250,ל גרם,false,1,15.90,6.36,false,1,
7290010192120,false,צנונית ארוזה יחידה,ביכורי השדה צפון 1994 ג.ד. בעמ,,,"י""ח",1,,false,1,6.90,6.90,false,1,
7290010237685,false,"הייניקן בירה צואר ארוך 330מ""ל",טמפו משקאות בע''מ,,,"י""ח",330,"ל מ""ל",false,1,8.90,2.61,false,1,
7290010259359,false,וילי פוד נודלס אטר.ביצים להקפצה בדץ 200ג,ג.וילי פוד אינטרנשיונל בעמ,,,"י""ח",200,ל גרם,false,1,4.90,2.45,false,1,
7290010259366,false,וילי פוד נודלס אטר.ביצים מסולסל בדץ 200ג,ג. וילי-פוד אינטרנשיונל בע`מ,,,"י""ח",200,ל גרם,false,1,4.90,2.45,false,1,
7290010259830,false,מנת השף נודלס בסגנון סיני פיקנטי וילי פוד 70 גרם,ג. וילי-פוד אינטרנשיונל בע`מ,,,"י""ח",70,ל גרם,false,1,5.90,8.43,true,1,
7290010328093,false,ממרח חלווה אחווה 400 ג' מהדרין,אחדות ביחר לטחינה חל,,,"י""ח",400,ל גרם,false,1,10.70,2.68,false,1,
7290010328246,false,טחינה גולמית משומשום מלא אחווה 500 גרם,אחדות ביתחרושת לטחינה חלבה,,,"י""ח",500,ל גרם,false,1,10.90,2.18,false,1,
7290010328253,false,טחינה גולמית משומשום טבעי אחווה 500 גרם,אחדות ביתחרושת לטחינה חלבה,,,"י""ח",500,ל גרם,false,1,10.90,2.18,false,1,
7290010328468,false,מארז מיני חלווה אחוה בטעמים 18 יחידות 216 גרם,אחדות ביחר לטחינה חל,,,"י""ח",18,"י""ח",false,1,9.90,0.55,false,1,
7290010328505,false,"מארז מיני חלווה 15 יחידות לל""ס אחוה 150 גרם",אחדות ביחר לטחינה חל,,,"י""ח",12,"י""ח",false,1,9.90,0.83,false,1,
7290010328710,false,קצפיות אחווה 180 גר`חדש ללא חזרות*,אחדות ביחר לטחינה חל,,,"י""ח",180,ל גרם,false,1,9.90,5.50,false,1,
7290010627004,false,טחינה גולמית מסורתית ירושלים 500 ג',תה ויסוצקי (ישראל) בעמ,,,"י""ח",500,ל גרם,false,1,16.90,3.38,true,1,
7290010627844,false,טחינה גולמית שומשום מלא ירושלים 500גרם,תה ויסוצקי (ישראל) בעמ,,,"י""ח",500,ל גרם,false,1,16.90,3.38,true,1,
7290010632787,false,צימרוני אוזניים מעץ אינטרסן) (300,הדקלאים אגודת שיתופי,,,"י""ח",300,"י""ח",false,1,4.50,0.02,false,1,
7290010650996,false,"פטריות שי מג'י חומות, 150 גרם חוות תקוע",ביכורי השדה צפון 1994 ג.ד. בעמ,,,"י""ח",1,"י""ח",false,1,13.90,13.90,true,1,
7290010814244,false,שלשות שוקולד מריר 85 גרם*3 בלמינט *18 בקרטון,כרמית תעשיות ממתקים בעמ,,,"י""ח",255,ל גרם,false,1,11.90,4.67,true,1,
7290010814251,false,שלשות שוקולד חלב 85 גר*3 בלמינט*18 בקרט בדצ,כרמית תעשיות ממתקים בעמ,,,"י""ח",300,ל גרם,false,1,11.90,3.97,true,1,
7290010814695,false,שוקולד מריר פרווה ללא תוספת סוכר כרמית 85 גרם,"כרמית תעשיות ממתקים בע""\",,,"י""ח",85,ל גרם,false,1,6.90,8.12,true,1,
7290010838431,false,ג'ל לניקוי מתקדם בניחוח ים - מארז זוג,מיוצר עי קונדיטוריית,,,"י""ח",1.50,ליטר,false,1,16.90,11.27,false,1,
7290010883370,false,כפפות אלוורה רב שימושיות בינוניות M סנו סושי,החברה הדרומית לשיווק בעמ,,,"י""ח",1,,false,1,10.90,10.90,false,1,
7290010903931,false,"כוכבי תירס בד""צ קפוא זן",קפוא-זן תעשיות מזון בעמ - תפוג,,,"י""ח",750,ל גרם,false,1,21.90,2.92,false,1,
7290010931330,false,סלט מטבוחה אחלה 500 גרם,שטראוס גרופ בעמ/מצונן,,,"י""ח",500,ל גרם,false,1,14.90,2.98,true,1,
7290010945146,false,קוטג' 3% מועשר בסידן טרה 250 ג' מהדרין,*החברה המרכזית להפצת משקאותבעמ,,,"י""ח",250,ל גרם,false,1,6,2.40,true,1,
7290010945450,false,גבינה לבנה 3% 250 גר מועשר בסידן וויטמין,*החברה המרכזית להפצת משקאותבעמ,,,"י""ח",250,ל גרם,false,1,4.98,1.99,false,1,
7290011017866,false,פחית קולה סליק קוקה-קולה (330 מל),החברה המרכזית להפצת משקאות בעמ,,,"י""ח",330,"ל מ""ל",false,1,4.60,1.30,true,1,
7290011017873,false,פחית זירו סליק קוקה-קולה (330 מל),החברה המרכזית להפצת משקאות בעמ,,,"י""ח",330,"ל מ""ל",false,1,4.60,1.30,true,1,
7290011017880,false,פחית דיאט קולה סליק קוקה-קולה (330 מל),החברה המרכזית להפצת משקאות בעמ,,,"י""ח",330,"ל מ""ל",false,1,4.60,1.30,true,1,
7290011018184,false,תה קר בטעם אפרסק פיוז-טי (500 מל),החברה המרכזית להפצת משקאות בעמ,,,"י""ח",500,"ל מ""ל",false,1,6.20,1.18,true,1,
7290011081492,false,גלידה בטעם שלושה שוקולדים 1.33ל' קרמיסימו,"גלידת שטראוס בע""\מ, רחוב",,,"י""ח",1.33,ליטר,false,1,18.90,14.21,false,1,
7290011126452,false,הגן הקסום תה בטעם קמומיל ונענע ויסוצקי 25 יחידות,תה ויסוצקי (ישראל) בעמ,,,"י""ח",37.50,ל גרם,false,1,17.90,47.73,true,1,
7290011126469,false,חליטת צמחים וקמומיל הגן הקסום ויסוצקי 25 יחידות,תה ויסוצקי (ישראל) בעמ,,,"י""ח",37.50,ל גרם,false,1,17.90,47.73,true,1,
7290011142001,false,לחם שיפון בורודינסקי,מאפיית דואט בעמ,,,"י""ח",550,ל גרם,false,1,11.90,2.16,false,1,
7290011142025,false,לחם שיפון אוקראינסקי 630 גר,מאפיית דואט בעמ,,,"י""ח",600,ל גרם,false,1,12.90,2.15,false,1,
7290011142148,false,שישיית לחמניות אצבע מאפיית דואט,מאפיית דואט בעמ,,,"י""ח",700,ל גרם,false,1,12.90,1.84,false,1,
7290011142193,false,לחמניות קלועות מתוקות עם צימוקים 400 גרם,מאפיית דואט בעמ,,,"י""ח",700,ל גרם,false,1,12.90,1.84,false,1,
7290011142445,false,לחם כוסמין בריוש 600,אלון חברה ליצור שיוו,,,"י""ח",1,"ק""ג",false,1,17.90,17.90,false,1,
7290011142650,false,לחם שיפון (900100% גר`),מאפיית דואט בעמ,,,"י""ח",900,ל גרם,false,1,17.90,1.99,false,1,
7290011194215,false,מעדן גבינה ויוגורט בטעם בננה 5% שומן 88 ג' דניאלה,שטראוס גרופ בעמ/מצונן,,,"י""ח",150,"ל מ""ל",false,1,4.10,2.73,true,1,
7290011194246,false,קוטג 5% 250 גרם עם סידן שטראוס,שטראוס גרופ בעמ/מצונן,,,"י""ח",250,ל גרם,false,1,5.90,2.36,true,1,
7290011236649,false,"נטיפי שוקולד ציפס אמיתי 300 גר' 54% מוצקי קקאו (בד""ץ)",דין שיווק וקליה 2021 בעמ,,,"י""ח",300,ל גרם,false,1,11.90,3.97,false,1,
7290011249748,false,רולים גלילי ופל במילוי קרם שוקולד 100 ג' עלמה,ח.כהן סוכנות מזון ומשקאות בע,,,"י""ח",100,ל גרם,false,1,3.90,3.90,false,1,
7290011249755,false,רולים גלילי ופל במילוי קרם אגוזים 100 ג' עלמה,ח.כהן סוכנות מזון ומשקאות בע,,,"י""ח",100,ל גרם,false,1,3.90,3.90,false,1,
7290011254032,false,קינואה מיה (500 גרם),מיה תעשיות מזון מ.ת.מ. בעמ,,,"י""ח",500,ל גרם,false,1,9.90,1.98,false,1,
7290011438142,false,"משקה יטבתה אייס קפה בבקבוק אישי 350 מ""ל",שטראוס גרופ בעמ/מצונן,,,"י""ח",350,"ל מ""ל",false,1,6.50,1.86,true,1,
7290011447281,false,מטרנה פרימיום חלבי שלב 2 700 גרם חיסכון,קבוצת אוסם סחר שותפות מוגבלת,,,"י""ח",700,ל גרם,false,1,49.90,7.13,false,1,
7290011447304,false,מטרנה פרימיום חלבי שלב 3 700 גרם חיסכון,קבוצת אוסם סחר שותפות מוגבלת,,,"י""ח",700,ל גרם,false,1,49.90,7.13,false,1,
7290011461058,false,גומא - מקלות ריחניים,מוסקו בעמ,,,"י""ח",1,,false,1,19.90,19.90,false,1,
7290011499051,false,פטה כבשים מסורתית 20% בגביע 250 גרם - רובין,מחלבות גד שיווק 1992 בעמ,,,"י""ח",250,ל גרם,false,1,26.90,10.76,false,1,
7290011499105,false,בולגרית מסורתית 5% 250 גרם -רבנות,מחלבות גד שיווק 1992 בעמ,,,"י""ח",250,ל גרם,false,1,24.90,9.96,false,1,
7290011499327,false,גבינה בולגרית מעודנת 5% 250 גרם - רבנות,מחלבות גד שיווק 1992 בעמ,,,"י""ח",250,ל גרם,false,1,24.90,9.96,false,1,
7290011499341,false,גבינת קשקבל ארוז 26 אחוז 250גרם גד,מחלבות גד שיווק 1992 בעמ,,,"י""ח",200,ל גרם,false,1,25.90,12.95,false,1,
7290011499358,false,פטה עיזים מסורתית 20% בגביע 200 גרם - רובין,מחלבות גד שיווק 1992 בעמ,,,"י""ח",200,ל גרם,false,1,29.90,14.95,false,1,
7290011499365,false,גבינת חלומי 24% מחלב בקר גד (200 גרם),מחלבות גד שיווק 1992 בעמ,,,"י""ח",200,ל גרם,false,1,23.90,11.95,false,1,
7290011499853,false,שמנת 30% ניו יורק זיתים 200 גרם רובין,מחלבות גד שיווק 1992 בעמ,,,"י""ח",200,ל גרם,false,1,12.90,6.45,false,1,
7290011501617,false,חמוציות ברכז תפוחים ללא סוכר 250 גרם,דין שיווק וקליה 2021 בעמ,,,"י""ח",250,ל גרם,false,1,15.90,6.36,false,1,
7290011518561,false,"אקטימל תות 1.51 ק""ג מארז 14 יחידות",שטראוס גרופ בעמ/מצונן,,,"י""ח",1.40,ליטר,false,1,29.90,21.36,true,1,
7290011524548,false,גרגרי חומוס מוקפאים 800 גר`פרי גליל,ויטה -פרי גליל (החדשה) בעמ,,,"י""ח",1,,false,1,11.90,11.90,false,1,
7290011575007,false,"הפי מרסס שומר ברק למקלחון 750 מ""ל","יעקב יעקבי ובניו בע""מ",,,"י""ח",750,"ל מ""ל",false,1,21.90,2.92,false,1,
7290011593087,false,"שמן זית כתית מעולה 750 מ""ל סבא חביב",בני פאוזי שמשום (2009) בעמ,,,"י""ח",750,"ל מ""ל",false,1,29.90,3.99,true,1,
7290011598402,false,מקסימה מרכך כביסה ארומתרפי מאסק סנו 4 ליטר,החברה הדרומית לשיווק בעמ,,,"י""ח",4,ליטר,false,1,21.90,5.48,false,1,
7290011607180,false,"אבקת כביסה קולון 101 1.25 ק""ג",רקיט בנקיזר (ניר איסט) בעמ,,,"י""ח",1.25,"ק""ג",false,1,14.90,11.92,false,1,
7290011618025,false,בייבי ביס הוט קידס נגיסי אורז לתינוק,גואנז'ו יונג וואנט פ,,,"י""ח",50,ל גרם,false,1,13.90,27.80,false,1,
7290011618131,false,"בייבי ביס חטיף אורז כשל""פ בטעם גזר",גואנז'ו יונג וואנט פ,,,"י""ח",50,ל גרם,false,1,13.90,27.80,false,1,
7290011765392,false,"בוב ספוג שמפו לשיער לסירוק קל כיף 750 מ""ל",החברה הדרומית לשיווק בעמ,,,"י""ח",750,"ל מ""ל",false,1,10.90,1.45,false,1,
7290011765446,false,משחת שיניים לילדים בוב ספוג בטעם מיץ ענבים עם פלואוריד למניעת עששת,טרופיקל דגיל תעשיות קוסמ,,,"י""ח",70,ל גרם,false,1,8.90,12.71,false,1,
7290011800840,false,רפי כהן סלט טחינה בלאדי צבר 400 גרם,קבוצת אוסם סחר שותפות מוגבלת,,,"י""ח",400,ל גרם,false,1,15.90,3.98,true,1,
7290011860271,false,ביסבול כדורי פירה מתפוחי אדמה תפוגן 700 גרם,קבוצת אוסם סחר שותפות מוגבלת,,,"י""ח",700,ל גרם,false,1,16.90,2.41,false,1,
7290011870270,false,פוג'יקום סוללות מארז 12 יח' AA,פוגיקום בעמ,,,"י""ח",1,,false,1,19.90,19.90,true,1,
7290011876388,false,קציצות עוף ובקר מאמא עוף (600 גרם),תנובה מרכז שיתופי לשיווק תוצרת,,,"י""ח",600,ל גרם,false,1,35.90,5.98,false,1,
7290011876494,false,שניצל עוף V ותירס מאמא עוף 750 גרם,תנובה קפואים,,,"י""ח",750,ל גרם,false,1,36.90,4.92,false,1,
7290011877866,false,"מקסימה אבקת כביסה בניחוח מאסק סנו 6 ק""ג",החברה הדרומית לשיווק בעמ,,,"י""ח",6,"ק""ג",false,1,49.90,8.32,true,1,
7290011912642,false,ליסטרין שטיפת פה הגנה על השיניים והחניכי,ג'\ונסון אנד ג'\ונסון,,,"י""ח",500,"ל מ""ל",false,1,17.90,3.58,true,1,
7290011947781,false,מיקס זית ירוק וזית קלמטה ללא גלעין עם שמן זית כתית מעולה,תה ויסוצקי (ישראל) בעמ,,,"י""ח",190,ל גרם,false,1,14.90,7.84,false,1,
7290011947798,false,זית קלמטה ללא גלעין עם שמן זית כתית מעולה,תה ויסוצקי (ישראל) בעמ,,,"י""ח",190,ל גרם,false,1,14.90,7.84,false,1,
7290012116063,false,כיף אלסבון פיות מועשר בתמציות קמומיל 750,טרופיקל דגיל תעשיות,,,"י""ח",800,ל גרם,false,1,11.90,1.49,false,1,
7290012117039,false,נוזל לניקוי אמבטיה 00 סנו 1 ליטר,החברה הדרומית לשיווק בעמ,,,"י""ח",1,ליטר,false,1,9.90,9.90,false,1,
7290012117091,false,"אבקת כביסה סנסיטיב סנו מקסימה 6 ק""ג",החברה הדרומית לשיווק בעמ,,,"י""ח",6,קוב,false,1,49.90,8.32,true,1,
7290012117732,false,מקסימה מרכך כביסה ארומתרפי קול סנו 4 ליטר,החברה הדרומית לשיווק בעמ,,,"י""ח",4,ליטר,false,1,21.90,5.48,false,1,
7290012139482,false,בג עצם לחוצה מעושנת בציפוי עוף 3 מקט ח,דיפלומט מפיצים (1968) בעמ**,,,"י""ח",3,"ק""ג",false,1,18.50,6.17,false,1,
7290012226120,false,קבנוס זוגלובק (45x3 גרם),נקניק נהריה כשר זוגל,,,"י""ח",135,ל גרם,false,1,11,8.15,true,1,
7290012227172,false,חרמן הודו בדבש וברביקיו זוג במארז 600 ג' זוגלובק,נקניק נהריה כשר זוגל,,,"י""ח",600,ל גרם,false,1,31.90,5.32,true,1,
7290012227325,false,סלמי דק דק מעושן איטלקי 120 ג' זוגלובק,זוגלובק שיווק בעמ,,,"י""ח",120,ל גרם,false,1,13.90,11.58,true,1,
7290012227615,false,נקניקיות עוף זוגלובק 800 ג' מחפוד,זוגלובק שיווק בעמ,,,"י""ח",800,ל גרם,false,1,24.90,3.11,true,1,
7290012227738,false,זוגלובק סלמי תה מעושן מחפוד 370 גרם,זוגלובק שיווק בעמ,,,"י""ח",400,ל גרם,false,1,20.90,5.23,true,1,
7290012227912,false,קבנוס מעודן זוגלובק 135 גרם,נקניק זוגלובק נהריה,,,"י""ח",135,ל גרם,false,1,10.90,8.07,true,1,
7290012227974,false,פסטרמה הודו בדבש טהור דק דק דק,זוגלובק שיווק בעמ,,,"י""ח",120,ל גרם,false,1,13.90,11.58,true,1,
7290012227981,false,פסטרמה דק דק ברביקיו 120 ג' זוגלובק,זוגלובק שיווק בעמ,,,"י""ח",120,ל גרם,false,1,13.90,11.58,true,1,
7290012228261,false,נקנקיות קנקרס הודו ועוף ריינהולד'ס זוגלובק 300 ג',זוגלובק שיווק בעמ,,,"י""ח",310,ל גרם,false,1,19.90,6.42,false,1,
7290012228407,false,"נקניקיות ג'מבו מחפוד זוגלובק 1.5 ק""ג",זוגלובק שיווק בעמ,,,"י""ח",1.50,"ק""ג",false,1,34.90,23.27,true,1,
7290012245336,false,"גולד צ'יפס סטייק 1.5 ק""ג גולד שארית",קפוא-זן תעשיות מזון בעמ - תפוג,,,"י""ח",1.50,"ק""ג",false,1,21.90,14.60,true,1,
7290012309311,false,ערמונים קלופים שלמים 100 גר`,דין שיווק וקליה 2021 בעמ,,,"י""ח",1,,false,1,5.90,5.90,false,1,
7290012309939,false,חלווה מסולסלת בקופסא ששון הקולה 500 גרם,דין שיווק וקליה 2021 בעמ,,,"י""ח",1,,false,1,17.90,17.90,false,1,
7290012313073,false,מיקס זיתים מגולענים מרינד קבוצת יבנה 340 גרם,"קבוצת יבנה מוצרי מזון בע""מ",,,"י""ח",1,,false,1,11.90,11.90,true,1,
7290012313400,false,זיתים סורי מבוקעים 215 ג' יבנה,קבוצת יבנה מוצרי מזון בעמ,,,"י""ח",215,ל גרם,false,1,12.90,6,false,1,
7290012313424,false,זיתים קלמטה שלם 215 ג' יבנה,קבוצת יבנה מוצרי מזון בעמ,,,"י""ח",215,ל גרם,false,1,12.90,6,false,1,
7290012522581,false,טבעול שניצל תירס ללא גלוטן טבעול 664 גרם,קבוצת אוסם סחר-שות.מוגבלת,,,"י""ח",664,ל גרם,false,1,38.90,5.86,true,1,
7290012576362,false,יין ספיישל רזרב קברנה סוביניון 750 מל,יקבי ברקן שיווק והפצה בע,,,"י""ח",750,"ל מ""ל",false,1,69.90,9.28,false,1,
7290012645112,false,יוגורט עיזים 2.8% בדלי חלב הארץ 750 גרם,שטראוס גרופ בעמ/מצונן,,,"י""ח",750,"ל מ""ל",false,1,19.90,2.65,true,1,
7290012645129,false,יוגורט כבשים 5% בדלי חלב הארץ 750 גרם,שטראוס גרופ בעמ/מצונן,,,"י""ח",750,"ל מ""ל",false,1,20.50,2.73,true,1,
7290012823381,false,מקסימה מרכך כביסה מרוכז סנסטיב בייבי סנו 1 ליטר,החברה הדרומית לשיווק בעמ,,,"י""ח",1,ליטר,false,1,17.90,17.90,false,1,
7290012823398,false,מטליות חד פעמיות לניקוי הרצפה בניחוח מרכך כביסה 10יח' סנו,החברה הדרומית לשיווק בעמ,,,"י""ח",1,,false,1,12.90,12.90,false,1,
7290012823602,false,נייר טואלט סופט סילק לבן 32 גלילים סנו,החברה הדרומית לשיווק בעמ,,,"י""ח",32,"י""ח",false,1,35.90,1.12,false,1,
7290012850011,false,מחית תפוחי עץ שלב 3 בילובד (190 גרם),שקד תבל בע`מ,,,"י""ח",190,"ל מ""ל",false,1,5.90,3.11,true,1,
7290012864001,false,נבטי חמנייה ארוז א.אדמה,ביכורי השדה צפון 1994 ג.ד. בעמ,,,"י""ח",1,,false,1,9.90,9.90,false,1,
7290012901355,false,דודלס ארוחת אטריות עם גבינה 206 גרם,האי נאם סי או אל.טי.,,,"י""ח",206,ל גרם,false,1,11.90,5.78,false,1,
7290012938580,false,"משחת שיניים סנסודיין להלבנה עדינה 75 מ""ל",גלקסוסמית'\קליין קונסיומ,,,"י""ח",75,ל גרם,false,1,22.90,30.53,true,1,
7290012962578,false,צימרוני אוזניים עץ בקופסא 300 יחידות אינטרסאן,הדקלאים אגודת שיתופי,,,"י""ח",300,"י""ח",false,1,6.90,0.02,true,1,
7290012975875,false,כוסות יהלום בנדע שווה 75יח,ח.כהן סוכנות מזון ומשקאות בע,,,"י""ח",1,,false,1,10.90,10.90,true,1,
7290013010094,false,"רוטב פסטה בולונז ""פרי מבורך"" 240 גרם","זנלכל בע""\מ",,,"י""ח",240,ל גרם,false,1,5.50,2.29,false,1,
7290013027399,false,לחם קמח מלא קל בתוספת שיפון 750 ג' אנג'ל,מאפיית שלמה א. אנג'\ל בע,,,"י""ח",750,ל גרם,false,1,14.90,1.99,false,1,
7290013083661,false,"מטרנה אקסטרה קר שלב 1 חסכון 700 גרם תמ""ל",קבוצת אוסם סחר-שות.מוגבלת,,,"י""ח",700,ל גרם,false,1,59.90,8.56,false,1,
7290013083678,false,"מטרנה אקסטרה קר שלב 2 חסכון 700 גרם תמ""ל",קבוצת אוסם סחר-שות.מוגבלת,,,"י""ח",700,ל גרם,false,1,59.90,8.56,false,1,
7290013083685,false,תחליף חלב מטרנה אקסטרה קר שלב 3 חסכון 700 גרם,קבוצת אוסם סחר-שות.מוגבלת,,,"י""ח",700,ל גרם,false,1,59.90,8.56,false,1,
7290013117229,false,"בורקס פילו במילוי תפו""א מעדנות 600 גר",תנובה מרכז שיתופי לשיווק תוצרת,,,"י""ח",600,ל גרם,false,1,22.20,3.70,false,1,
7290013117243,false,בורקס פילו בולגרית מעדנות 600 גרם,תנובה מרכז שיתופי לשיווק תוצרת,,,"י""ח",600,ל גרם,false,1,22.30,3.72,false,1,
7290013117526,false,בצק שמרים מרודד למאפים מתוקים מעדנות 900 גרם,תנובה מרכז שיתופי לשיווק תוצרת,,,"י""ח",900,ל גרם,false,1,22.90,2.54,false,1,
7290013121028,false,לחם לבן 500 גרם ללא גלוטן גרין לייט,אביב קונדיטוריה מעול,,,"י""ח",500,ל גרם,false,1,17.90,3.58,false,1,
7290013121035,false,לחם פשתן ללא גלוטן 500 גר קפוא,אביב קונדיטוריה מעול,,,"י""ח",500,ל גרם,false,1,18.90,3.78,false,1,
7290013121158,false,לחמניות סנדוויץ ללא גלוטן גרין לייט 4 * 115 גרם,אביב קונדיטוריה מעול,,,"י""ח",460,ל גרם,false,1,17.90,3.89,false,1,
7290013144195,false,מיימונס תערובת כדורי שוקולד 500 גרם.,א.ל.ייצור ושיווק תבלינים בעמ,,,"י""ח",500,ל גרם,false,1,16.90,3.38,true,1,
7290013144232,false,מיימונס פודינג בטעם וניל 80 גרם,א.ל. ייצור ושיווק תבלינים בע`מ,,,"י""ח",8500,ל גרם,false,1,4.90,0.06,true,1,
7290013144393,false,תמצית אפיה בטעם וניל מימונס (50 מל),א.ל. ייצור ושיווק תבלינים בע`מ,,,"י""ח",1,,false,1,5.30,5.30,false,1,
7290013144614,false,"מיימונס סירופ מייפל אמיתי 100% מקנדה 236 מ""ל",א.ל.ייצור ושיווק תבלינים בעמ,,,"י""ח",236,"ל מ""ל",false,1,29.90,12.67,false,1,
7290013144768,false,סירופ בטעם שוקולד מימונס 500 גרם,א.ל. ייצור ושיווק תבלינים בע`מ,,,"י""ח",500,"ל מ""ל",false,1,13.90,2.78,true,1,
7290013145109,false,שקד מולבון טחון מימונס 100 גרם,א.ל. ייצור ושיווק תבלינים בע`מ,,,"י""ח",100,ל גרם,false,1,12.90,12.90,true,1,
7290013145178,false,קוקוס לבן טחון מימונס (100 גרם),א.ל. ייצור ושיווק תבלינים בע`מ,,,"י""ח",100,ל גרם,false,1,4.60,4.60,false,1,
7290013145192,false,שומשום מיימונס 100 גרם,א.ל. ייצור ושיווק תבלינים בע`מ,,,"י""ח",100,ל גרם,false,1,4.90,4.90,false,1,
7290013145215,false,שומשום מימונס (400 גרם),א.ל.ייצור ושיווק תבלינים בעמ,,,"י""ח",400,ל גרם,false,1,15.90,3.98,false,1,
7290013145277,false,עלים לקרמשניט מימונס 300 גרם,א.ל.ייצור ושיווק תבלינים בעמ,,,"י""ח",300,ל גרם,false,1,17.90,5.97,false,1,
7290013145390,false,מימונס שוקולד צ'יפס מהדרין 250 גר,א.ל. ייצור ושיווק תבלינים בע`מ,,,"י""ח",250,ל גרם,false,1,9.90,3.96,false,1,
7290013145529,false,סוכריות צבעוניות לקישוט מיימונס 90 גרם,א.ל. ייצור ושיווק תבלינים בע`מ,,,"י""ח",1,,false,1,5.90,5.90,false,1,
7290013145536,false,סוכריות לקישוט בטעם שוקולד מיימונס 85 גרם,א.ל. ייצור ושיווק תבלינים בע`מ,,,"י""ח",1,,false,1,5.90,5.90,false,1,
7290013145628,false,מימונס סוכריות צבעוניות לקישוט 200 גרם,א.ל. ייצור ושיווק תבלינים בע`מ,,,"י""ח",400,ל גרם,false,1,8.90,2.23,false,1,
7290013145840,false,סוכר וניל מימונס 10יח בצלופן,א.ל. ייצור ושיווק תבלינים בע`מ,,,"י""ח",10,"י""ח",false,1,2.90,0.29,false,1,
7290013145857,false,אבקת אפיה מימונס 10יח בצלופן,א.ל. ייצור ושיווק תבלינים בע`מ,,,"י""ח",10,"י""ח",false,1,2.90,0.29,false,1,
7290013145901,false,"סודה לשתיה 100 גרם ""מיימונס""",א.ל. ייצור ושיווק תבלינים בע`מ,,,"י""ח",100,ל גרם,false,1,2.30,2.30,false,1,
7290013145918,false,אבקת סוכר מיימונס 100 גרם,א.ל. ייצור ושיווק תבלינים בע`מ,,,"י""ח",100,ל גרם,false,1,2.30,2.30,false,1,
7290013145956,false,שמרים יבשים בוואקום מיימונס 500 גרם,א.ל. ייצור ושיווק תבלינים בע`מ,,,"י""ח",500,ל גרם,false,1,14.90,2.98,false,1,
7290013145970,false,קורנפלור מימונס בשקית 200 ג',א.ל. ייצור ושיווק תבלינים בע`מ,,,"י""ח",100,ל גרם,false,1,4.40,4.40,false,1,
7290013146670,false,סוכריות לב סגול ורוד לבן לקישוט 60 גרם,א.ל ייצור ושיווק תבלינים בעמ,,,"י""ח",60,ל גרם,false,1,11.90,19.83,true,1,
7290013146816,false,אבקת סוכר שקית 500 מימונס,א.ל ייצור ושיווק תבלינים בעמ,,,"י""ח",200,ל גרם,false,1,7.70,3.85,false,1,
7290013153593,false,תפוזים מתקתק 100% פריגת 1 ליטר,*החברה המרכזית להפצת משקאותבעמ,,,"י""ח",1,ליטר,false,1,11.90,11.90,false,1,
7290013215017,false,פטריות זוגות חוות השמפניון,ביכורי השדה צפון 1994 ג.ד. בעמ,,,"י""ח",1,,false,1,18.90,18.90,false,1,
7290013268020,false,מקסימה מרכך כביסה מרוכז בניחוח אולטרא פרש סנו 1 ליטר,החברה הדרומית לשיווק בעמ,,,"י""ח",1,ליטר,false,1,17.90,17.90,false,1,
7290013268037,false,מקסימה מרכך כביסה מרוכז בניחוח לבנדר פצ'ולי סנו 1 ליטר,החברה הדרומית לשיווק בעמ,,,"י""ח",1,ליטר,false,1,17.90,17.90,false,1,
7290013268440,false,אורביטול צמד מברשות שיניים בובספוג+פיגור,החברה הדרומית לשיווק בעמ,,,"י""ח",1,,false,1,16.90,16.90,false,1,
7290013268884,false,"נוזל רצפות מאסק 2 ליטר ""ריצפז פרש""",החברה הדרומית לשיווק בעמ,,,"י""ח",2,ליטר,false,1,19.90,9.95,false,1,
7290013268891,false,אוקסיג'ן ג'ל ללא אקונומיקה עם חמצן פעיל סנו 3 ליטר,החברה הדרומית לשיווק בעמ,,,"י""ח",3,ליטר,false,1,29.90,9.97,false,1,
7290013268990,false,מרכך כביסה מרוכז לבן ביו סנו מקסימה 1 ליטר,החברה הדרומית לשיווק בעמ,,,"י""ח",1,ליטר,false,1,17.90,17.90,false,1,
7290013269003,false,מרכך כביסה סופר מרוכז בייבי לתינוקות ולעור רגיש,החברה הדרומית לשיווק בעמ,,,"י""ח",1,ליטר,false,1,19.90,19.90,false,1,
7290013269287,false,סנו - מקסימה ג'ל כביסה מרוכז מאסק 3 ליטר,החברה הדרומית לשיווק בעמ,,,"י""ח",3,ליטר,false,1,29.60,9.87,false,1,
7290013269652,false,פוליויקס נוזל לניקוי רצפות גרניט פורצלן סנו 2 ליטר,החברה הדרומית לשיווק בעמ,,,"י""ח",2,ליטר,false,1,22.90,11.45,true,1,
7290013284662,false,רוטב פיצה פיתה לילדים 240 ג' פריניר,ח.כהן סוכנות מזון ומשקאות בע,,,"י""ח",70,ל גרם,false,1,5.90,8.43,false,1,
7290013310408,false,כפפות ניטריל XL כחולות ללא אבקה 80 יח' EASY TOUCH,אינטרסן (1996) בעמ,,,"י""ח",80,"י""ח",false,1,24.90,0.31,true,1,
7290013358356,false,פירורי לחם מוזהבים מאסטר שף (320גרם),ש. שסטוביץ בע`מ,,,"י""ח",320,ל גרם,false,1,7.80,2.44,false,1,
7290013358431,false,קרוטונים לסלט מאסטר שף בטעם עגבניות ובזיליקום 200 גרם,עינת תעשיות מזון אגו,,,"י""ח",200,ל גרם,false,1,11.90,5.95,true,1,
7290013358486,false,מאסטר שף פירורים מוזהבים ללא צורך בביצה 300 ג,"מיוצר ע""י מנה י.א בע",,,"י""ח",300,ל גרם,false,1,6.90,2.30,false,1,
7290013358530,false,מאסטר שף אסייאתי רוטב צ'ילי מתוק 700 מל כשלפ,קריניציה ויטמינה אס,,,"י""ח",700,"ל מ""ל",false,1,12.90,1.84,false,1,
7290013358547,false,מאסטר שף אסייאתי רוטב צ'ילי חריף 700 מל כשלפ,קי.אר.אס. ספייסי פוד,,,"י""ח",700,"ל מ""ל",false,1,12.90,1.84,false,1,
7290013358806,false,מנה מאגדת פריכיות אורז עם מלח 264 גרם,ש. שסטוביץ בע`מ,,,"י""ח",264,ל גרם,false,1,11.90,4.51,true,1,
7290013358837,false,מנה מאגדת פריכיות אורז ללא מלח 264 גרם,ש. שסטוביץ בע`מ,,,"י""ח",264,ל גרם,false,1,10.90,4.13,true,1,
7290013361981,false,צ'יפס קפוא חתוך פרי הגליל,ויטה -פרי גליל (החדשה) בעמ,,,"י""ח",2,"ק""ג",false,1,27.90,13.95,false,1,
7290013361998,false,"סטייק צ'יפס פרי הגליל 2 ק""ג",ויטה- פרי גליל (החדשה) בעמ,,,"י""ח",2,"ק""ג",false,1,27.90,13.95,false,1,
7290013412966,false,רבעיית מגבונים תולי 72*4 יחידות,שקד תבל בעמ,,,"י""ח",4,"י""ח",false,1,12.90,3.23,true,1,
7290013472199,false,ערמונים קלופים וקלויים 105 גרם,ג.וילי פוד אינטרנשיונל בעמ,,,"י""ח",100,ל גרם,false,1,5.90,5.90,true,1,
7290013472960,false,חצאי אפרסקים מותג תפארת 820 גרם,ג.וילי פוד אינטרנשיונל בעמ,,,"י""ח",820,ל גרם,false,1,7,0.85,false,1,
7290013492005,false,תפוח אדמה אדום למיקרו 600 ג',ביכורי השדה צפון 1994 ג.ד. בעמ,,,"י""ח",1,,false,1,8.90,8.90,true,1,
7290013531117,false,רוטב פסטה לילדים יכין (240 גר`),"זנלכל בע""\מ",,,"י""ח",240,ל גרם,false,1,5.50,2.29,false,1,
7290013531582,false,מארז זיתים ירוקים מגולענים יכין 200 גרם,זנלכל בעמ,,,"י""ח",600,ל גרם,false,1,14.90,2.48,false,1,
7290013531759,false,שעועית לבנה מבושלת במים יכין (550 גרם),זנלכול יכין,,,"י""ח",600,ל גרם,false,1,9.90,1.65,false,1,
7290013534057,false,"צ'יפס בטטה טבעי מיה 100ג' 'כשל""פ",מיה תעשיות מזון מ.ת.מ. בעמ,,,"י""ח",100,ל גרם,false,1,9.90,9.90,true,1,
7290013585387,false,בקבוק זירו קוקה-קולה (1 ליטר),החברה המרכזית להפצת משקאות בעמ,,,"י""ח",1,ליטר,false,1,7.50,7.50,false,1,
7290013585394,false,בקבוק קוקה-קולה (1 ליטר),החברה המרכזית להפצת משקאות בעמ,,,"י""ח",1,ליטר,false,1,7.50,7.50,false,1,
7290013652157,false,"ד""ר פישר - נטורל קר מגבונים להסרת איפור לעור רגיל יבש 30 יח' * 3","פישר תעשיות פרמצביטות בע""מ",,,"י""ח",1,,false,1,24.90,24.90,false,1,
7290013675545,false,"שניצל כלי תחבורה ""מאמא עוף"" 700 גרם",תנובה גליל שותפות מוגבלת,,,"י""ח",650,ל גרם,false,1,39.90,6.14,false,1,
7290013675811,false,פסטה א-לה רומר להקפצה 450 גר`מאמא עוף,"איי, בי, אינבוו",,,"י""ח",450,ל גרם,false,1,23.90,5.31,true,1,
7290013713049,false,בירה ג`מס בקבוק 8.80% אלכוהול ( 330 מל),אגודת הכורמים -כרמל מזרחי,,,"י""ח",330,"ל מ""ל",false,1,12.90,3.82,true,1,
7290013725691,false,רוטב סויה בסגנון יפני,דין שיווק וקליה 2021 בעמ,,,"י""ח",300,"ל מ""ל",false,1,7.90,2.63,false,1,
7290013847454,false,טונה סטאריקיסט בשמן קנולה רביעייה 160 גר,דיפלומט מפיצים (1968) בעמ**,,,"י""ח",1,,false,1,27.90,27.90,true,1,
7290013847867,false,מארז זוגות טונה בשמן סויה 140 ג' סטארקיסט,דיפלומט מפיצים (1968) בעמ**,,,"י""ח",280,ל גרם,false,1,12.90,4.61,true,1,
7290013848611,false,רדיד אלומיניום סנו סושי (61 מטר),החברה הדרומית לשיווק בעמ,,,"י""ח",1,,false,1,41.90,41.90,false,1,
7290013848758,false,מקסימה גל כביסה מרוכז בייבי 3ליטר סנסטיב,החברה הדרומית לשיווק בעמ,,,"י""ח",3,ליטר,false,1,32.90,10.97,false,1,
7290013906496,false,פסטרמה עגל בסגנון רומני טירת צבי 120 גר,הנסיך- מפעל לייצור ט,,,"י""ח",120,ל גרם,false,1,15.90,13.25,false,1,
7290013927064,false,א. עוגיות גרנולה עם פירות יער 400 ג'-אחווה,אחדות ביתחרושת לטחינה חלבה,,,"י""ח",400,ל גרם,false,1,10.90,2.73,false,1,
7290013927637,false,חלוה ללא תוספת סוכר במגש 400 גר' אחוה,אחדות ביחר לטחינה חל,,,"י""ח",400,ל גרם,false,1,12.90,3.23,false,1,
7290013927996,false,עוגת שמרים קרנץ בטעם שוקולד אחוה 400 גרם,אחדות ביחר לטחינה חל,,,"י""ח",400,ל גרם,false,1,11,2.75,false,1,
7290014002203,false,חליטת לימונית ולואיזה הגן הקסום ויסוצקי 25 יחידות,תה ויסוצקי (ישראל) בעמ,,,"י""ח",37.50,ל גרם,false,1,17.90,47.73,true,1,
7290014002470,false,תה ויסוצקי קלאסיק - מארז 75 שקיקים,תה ויסוצקי (ישראל) בעמ,,,"י""ח",75,"י""ח",false,1,13.90,0.19,false,1,
7290014002944,false,גן קסום חליטת פירות וצמחים חמדת שקד 25 שקיקים,תה ויסוצקי (ישראל) בעמ,,,"י""ח",1,,false,1,17.90,17.90,true,1,
7290014046474,false,"נקניקיות עוף 1.5 ק""ג יחיעם",מעדני יחיעם ( 1993 ) בע`מ,,,"י""ח",1.50,"ק""ג",false,1,27.90,18.60,true,1,
7290014046757,false,סלמי תה יחיעם (300 גרם),מעדני יחיעם (1993) בעמ,,,"י""ח",300,ל גרם,false,1,20.90,6.97,false,1,
7290014094352,false,אגוז מלך טבעי ששון הקולה (200 גרם),דין שיווק וקליה 2021 בעמ,,,"י""ח",250,ל גרם,false,1,15.90,6.36,false,1,
7290014094390,false,חמוציות מסוכרות ששון הקולה 250 גר`,דין שיווק וקליה 2021 בעמ,,,"י""ח",250,ל גרם,false,1,15.90,6.36,false,1,
7290014094406,false,צימוק לבן בקופסא ששון הקולה 330 גרם,דין שיווק וקליה 2021 בעמ,,,"י""ח",250,ל גרם,false,1,18.90,7.56,false,1,
7290014094628,false,פקאן טבעי ששון הקולה (200 גרם),דין שיווק וקליה 2021 בעמ,,,"י""ח",200,ל גרם,false,1,27.90,13.95,false,1,
7290014094833,false,צימוק בהיר 300 גרם ששון הקולה,דין שיווק וקליה 2021 בעמ,,,"י""ח",300,ל גרם,false,1,13.90,4.63,false,1,
7290014095861,false,שיבולת שועל דקה בשקית שקדיה 500 גרם,דין שיווק וקליה 2021 בעמ,,,"י""ח",500,ל גרם,false,1,5.90,1.18,false,1,
7290014126428,false,מרמולייט סטיביה ממתיק 150 טבליות,מיוצר עי קונדיטוריית,,,"י""ח",150,ל גרם,false,1,25.90,17.27,false,1,
7290014205024,false,"קעריות אובלי ח""פ לבן 25 יח!",ח.כהן סוכנות מזון ומשקאות בע,,,"י""ח",30,"י""ח",false,1,5.90,0.20,true,1,
7290014205031,false,"לפתניה לבן 25 יח ""שווה"" *",ח.כהן סוכנות מזון ומשקאות בע,,,"י""ח",25,"י""ח",false,1,4.90,0.20,true,1,
7290014205048,false,disposable plastic 17 cm soup plate 25,ח.כהן סוכנות מזון ומשקאות בע,,,"י""ח",2500,ל גרם,false,1,7.90,0.32,false,1,
7290014205055,false,"צלחת עמוקה""שווה""30יח לבן",ח.כהן סוכנות מזון ומשקאות בע,,,"י""ח",30,"י""ח",false,1,14.90,0.50,false,1,
7290014205062,false,"כוסות ח""פ פלסטיק 100""שווה"".",ח.כהן סוכנות מזון ומשקאות בע,,,"י""ח",100,"י""ח",false,1,8.90,0.09,false,1,
7290014205086,false,כוסות יין 50יח שווה,ח.כהן סוכנות מזון ומשקאות בע,,,,1,,false,1,4.90,4.90,true,1,
7290014205116,false,כוסות שקוף שמש 140יח שווה,ח.כהן סוכנות מזון ומשקאות בע,,,"י""ח",140,"י""ח",false,1,16.90,0.12,false,1,
7290014205130,false,צלחות גדול קרם / לבן/ בורדו/ זהב 25 יח,ח.כהן סוכנות מזון ומשקאות בע,,,"י""ח",2500,ל גרם,false,1,11.90,0.48,false,1,
7290014205154,false,קעריות אובלי קרם /בורדו זהב 25 יח,ח.כהן סוכנות מזון ומשקאות בע,,,"י""ח",2500,ל גרם,false,1,5.90,0.24,false,1,
7290014205178,false,"מרקיה צבעוני ""שווה"" 25יח",ח.כהן סוכנות מזון ומשקאות בע,,,"י""ח",2500,ל גרם,false,1,8.90,0.36,false,1,
7290014205185,false,"צלחת ענק צבעוני 25 יח ""שווה "" *",ח.כהן סוכנות מזון ומשקאות בע,,,"י""ח",25,"י""ח",false,1,18.90,0.76,false,1,
7290014205208,false,סכינים שקוףשווה צבעוני 50 יחידות יצרןמותג: חכהן,ח.כהן סוכנות מזון ומשקאות בע,,,"י""ח",50,"י""ח",false,1,9.90,0.20,false,1,
7290014205215,false,כפות שקוףשווה צבעוני 50 יחידות יצרןמותג: חכהן.,ח.כהן סוכנות מזון ומשקאות בע,,,"י""ח",50,"י""ח",false,1,10.90,0.22,false,1,
7290014205239,false,מזלגות שקוףשווה צבעוני 50 יחידות יצרןמותג: חכהן,ח.כהן סוכנות מזון ומשקאות בע,,,"י""ח",50,"י""ח",false,1,9.90,0.20,false,1,
7290014205666,false,"לבבות דקל חתוך 400ג ""שווה"" *",ח.כהן סוכנות מזון ומשקאות בע,,,"י""ח",400,ל גרם,false,1,9.90,2.48,false,1,
7290014205765,false,מפות שולחן 8* עבה במיוחד 1.35/2.4 מ`שו,ח.כהן סוכנות מזון ומשקאות בע,,,"י""ח",25,"י""ח",false,1,11.90,0.48,false,1,
7290014205772,false,"מפות שולחן 8* עבה שקוף""שווה""",ח.כהן סוכנות מזון ומשקאות בע,,,"י""ח",1,,false,1,7.90,7.90,false,1,
7290014205796,false,"שקיות מזון זוג בקופסה 150*2 יח ""שווה""*",ח.כהן סוכנות מזון ומשקאות בע,,,"י""ח",750,"ל מ""ל",false,1,11.90,1.59,false,1,
7290014218321,false,בורקס אישי יפו גבינה מעדנות 600 גרם,תנובה מרכז שיתופי לשיווק תוצרת,,,"י""ח",600,ל גרם,false,1,17.90,2.98,false,1,
7290014258723,false,תרכובת מזון צמחי לתינוקות מגיל 0 עד גיל שנה,קבוצת אוסם סחר שותפות מוגבלת,,,"י""ח",700,ל גרם,false,1,61.90,8.84,true,1,
7290014288058,false,"להבונים 50 שקית ""שווה""",ח.כהן סוכנות מזון ומשקאות בע,,,"י""ח",1,,false,1,10.90,10.90,true,1,
7290014288294,false,גליל אלבד עם ראנר 20 מטר שווה,ח.כהן סוכנות מזון ומשקאות בע,,,,1,,false,1,39.90,39.90,false,1,
7290014288324,false,עלי טורטייה מקמח מלא שווה 8 יח' 320 גרם,ח.כהן סוכנות מזון ומשקאות בע,,,"י""ח",320,ל גרם,false,1,10.90,3.41,true,1,
7290014288409,false,"רוטב טריאקי 300מ""ל שווה",ח.כהן סוכנות מזון ומשקאות בע,,,"י""ח",500,"ל מ""ל",false,1,9.90,1.98,false,1,
7290014288461,false,נר נשמה שווה 24 שעות,ח.כהן סוכנות מזון ומשקאות בע,,,"י""ח",1,,false,1,2.90,2.90,true,1,
7290014288645,false,מגבונים מגבופיל 72יח שווה,ח.כהן סוכנות מזון ומשקאות בע,,,"י""ח",72,"י""ח",false,1,18.90,0.26,true,1,
7290014288744,false,"נר נשמה שבועי בזכוכית""שווה""",ח.כהן סוכנות מזון ומשקאות בע,,,"י""ח",1,,false,1,9.90,9.90,false,1,
7290014298217,false,"בקבוק שתיה קטן 350 מ""ל",מוסקו בעמ,,,"י""ח",1,,false,1,24.90,24.90,false,1,
7290014298989,false,"בקבוק צמידים טריטן 750 מ""ל MOSCO",מוסקו בעמ,,,"י""ח",1,,false,1,39.90,39.90,false,1,
7290014298996,false,"בקבוק תרמי לשתיה קרה/חמה 500 מ""ל",מוסקו בעמ,,,"י""ח",1,,false,1,59.90,59.90,false,1,
7290014356863,false,פטריות חתוכות 400 גרם שדות,אחים אגא (א.מ.) שיווק,,,"י""ח",400,ל גרם,false,1,5.90,1.48,false,1,
7290014397279,false,שקיות מזון גדולות XL סנו סושי 300 יחידות,החברה הדרומית לשיווק בעמ,,,"י""ח",1,,false,1,12.90,12.90,false,1,
7290014397873,false,מרכך כביסה בבישום עוצמתי ג'נטל בריז,החברה הדרומית לשיווק בעמ,,,"י""ח",4,ליטר,false,1,21.90,5.48,false,1,
7290014435704,false,סלמון מעושן פרוס 100ג(שמיר),שבעת הימים - שמיר,,,"י""ח",100,ל גרם,false,1,24.90,24.90,false,1,
7290014435803,false,מטיאס הולנדי (פרובנציאל) עם בצל בשמן 180 גרם,שבעת הימים - שמיר,,,"י""ח",180,ל גרם,false,1,19.90,11.06,false,1,
7290014435841,false,פילה הרינג עם בצל בשמן מטיאס הולנדי שמיר 200 גרם,סלטי שמיר 2006 בעמ,,,"י""ח",180,ל גרם,false,1,19.90,11.06,false,1,
7290014435872,false,סלט הרינג עם מיונז שמיר 200 גרם,"סלטי שמיר 2006 בע""מ",,,"י""ח",200,ל גרם,false,1,19.90,9.95,false,1,
7290014455467,false,ירח מתוק מעדן חלב 2% ושיבולת שועל גד 150ג',מחלבות גד שיווק 1992 בעמ,,,"י""ח",150,"ל מ""ל",false,1,6,4,false,1,
7290014459472,false,"תפוגן צ יפס קלאסי 2ק""ג (תפוגן)",קבוצת אוסם סחר שותפות מוגבלת,,,"י""ח",2.50,"ק""ג",false,1,29.90,11.96,false,1,
7290014471436,false,"מוזלי צימוקים תפוח קינמון וגרעיני חמניה 1 ק""ג כחול שקדיה",דין שיווק וקליה 2021 בעמ,,,"י""ח",0,"ק""ג",false,1,19.90,19.90,true,1,
7290014472433,false,קונפיטורה תות שדה 70% פרי 450 גרם,דין שיווק וקליה 2021 בעמ,,,"י""ח",450,ל גרם,false,1,13.90,3.09,false,1,
7290014525009,false,חטיף סלים פרוט Slim fruit בטעם יוגורט ובמילוי תפוח,סלים דליס Slim Delis,,,"י""ח",283,ל גרם,false,1,13.90,4.91,true,1,
7290014525016,false,עשיריית חטיף סלים פרוט מרבה יוגורט תות סלים דליס 18.2 גרם,ש.שסטוביץ בעמ,,,"י""ח",283,ל גרם,false,1,13.90,4.91,true,1,
7290014525023,false,חטיף בריאות יוגורט במילוי פירות יער 182ג,סלים דליס Slim Delis,,,"י""ח",283,ל גרם,false,1,13.90,4.91,true,1,
7290014525177,false,חטיף סלים פרוט Slim fruit בטעם יוגורט ופירות יער,סלים דליס Slim Delis,,,"י""ח",120,ל גרם,false,1,13.90,11.58,true,1,
7290014525290,false,חטיפי סלים דליס קריספי תות מרבה 125 גרם,סלים דליס Slim Delis,,,"י""ח",120,ל גרם,false,1,13.90,11.58,true,1,
7290014525306,false,חטיפי סלים דליס קריספי אוכמניות מרבה 125 גרם,סלים דליס Slim Delis,,,"י""ח",120,ל גרם,false,1,13.90,11.58,true,1,
7290014525313,false,חטיפי סלים דליס קריספי שוקולד מרבה 125 גרם,סלים דליס Slim Delis,,,"י""ח",120,ל גרם,false,1,13.90,11.58,true,1,
7290014673410,false,פלפל שחור גרוס דק תבליני מימון 250 גרם,א.ל. ייצור ושיווק תבלינים בע`מ,,,"י""ח",250,ל גרם,false,1,27.90,11.16,false,1,
7290014673618,false,תבלינים זנגביל בצנצנת 30 גרם,א.ל.ייצור ושיווק תבלינים בעמ,,,"י""ח",40,ל גרם,false,1,12.90,32.25,false,1,
7290014674004,false,קריספ פירורי לחם שומשום ומלח ים 300 גרם מיימונס,א.ל ייצור ושיווק תבלינים בעמ,,,"י""ח",300,ל גרם,false,1,7.90,2.63,true,1,
7290014692817,false,גבינת מוצרלה מגורדתEURO CHEESE ויליפוד 200 גרם,ג.וילי-פוד אינטרנשיונל **גבינו,,,"י""ח",200,ל גרם,false,1,16.90,8.45,false,1,
7290014747333,false,שניצל עוף דקענק כשר לפסח,קבוצת אוסם סחר-שות.מוגבלת,,,"י""ח",700,ל גרם,false,1,39.90,5.70,true,1,
7290014749245,false,ספיישל רצועות שניצל שומשום עוף טוב 600 גרם,קבוצת אוסם סחר שותפות מוגבלת,,,"י""ח",700,ל גרם,false,1,39.90,5.70,true,1,
7290014758100,false,מאגדת יוגורט ביו 3% שומן 8 יח' *150ג' תנובה,מיוצר עי קונדיטוריית,,,"י""ח",1.20,ליטר,false,1,17.40,14.50,true,1,
7290014758117,false,מאגדת יוגורט ביו 1.5% שומן 8 יח' *150 ג' תנובה,מיוצר עי קונדיטוריית,,,"י""ח",1.20,ליטר,false,1,17.40,14.50,true,1,
7290014758124,false,יוגורט 3%ביו תנובה 150 ג',"תנובה בע""מ ***",,,"י""ח",200,ל גרם,false,1,2.90,1.45,false,1,
7290014758162,false,חלב עיזים מלא 3.6% שומן תנובה (1 ליטר),תנובה מרכז שיתופי לש,,,"י""ח",1,ליטר,false,1,15.40,15.40,false,1,
7290014759084,false,גבינת שמנת נפוליאון 16% מופחת שומן תנובה 225 גרם,תנובה מרכז שיתופי לש,,,"י""ח",225,ל גרם,false,1,14.10,6.27,false,1,
7290014760134,false,"מעדן סויה בטעם וניל תנובה 125 מ""ל",תנובה Alternative,,,"י""ח",125,"ל מ""ל",false,1,4.20,3.36,false,1,
7290014760141,false,משקה שקדים טרי תנובה (1 ליטר),"תנובה בע""מ ***",,,"י""ח",1,ליטר,false,1,13.90,13.90,true,1,
7290014760448,false,גבינה צהובה גלבוע 400 גרם 22% שומן תנובה,מחלבת בית יצחק,,,"י""ח",400,ל גרם,false,1,23.90,5.98,false,1,
7290014760912,false,גבינה צהובה 28% מהדרין גוש חלב (400 גרם),תנובה מרכז שיתופי לש,,,"י""ח",400,ל גרם,false,1,26.90,6.73,false,1,
7290014761018,false,גיל בטעם וניל תנובה 125 גרם,תנובה מרכז שיתופי לש,,,"י""ח",125,"ל מ""ל",false,1,1.50,1.20,false,1,
7290014761056,false,מעדן שוקולד חלב יולו תנובה 123 גרם,מיוצר עי קונדיטוריית,,,"י""ח",123,"ל מ""ל",false,1,4.70,3.82,false,1,
7290014761070,false,מעדן שוקולד לבן יולו תנובה 123 גרם,מיוצר עי קונדיטוריית,,,"י""ח",123,"ל מ""ל",false,1,4.70,3.82,false,1,
7290014761414,false,יולו מעדן שכבות שוקולד חלב ולבן 123 גר,מיוצר עי קונדיטוריית,,,"י""ח",123,"ל מ""ל",false,1,4.70,3.82,false,1,
7290014761612,false,מעדן שכבות שוקולד מריר ולבן יולו 122 גרם,מיוצר עי קונדיטוריית,,,"י""ח",123,"ל מ""ל",false,1,4.50,3.66,false,1,
7290014762800,false,מעדן סויה שוקולד גביע 125 גרם אלטרנטיב,תנובה מרכז שיתופי לש,,,"י""ח",125,"ל מ""ל",false,1,4.20,3.36,false,1,
7290014762831,false,גבינת שמנת נפוליאון 16% עם פלפל חלפיניו תנובה 225 גרם,תנובה מרכז שיתופי לש,,,"י""ח",225,ל גרם,false,1,14.10,6.27,false,1,
7290014762909,false,פתיתי מוצרלה השף הלבן 10% תוספת מתנה,"תנובה, מחלבת תל יוסף",,,"י""ח",200,ל גרם,false,1,16.90,8.45,false,1,
7290014789913,false,עוגיות אוראו קרם בטעם וניל מארז 176 גרם,דיפלומט מפיצים (1968) בעמ**,,,"י""ח",352,ל גרם,false,1,23.90,6.79,true,1,
7290014791091,false,"שוופס מוגז פירות לימונייד 500 מ""ל",יפאורה - שותפות מוגבלת לשיווק,,,"י""ח",500,"ל מ""ל",false,1,6.50,1.24,true,1,
7290014791879,false,FRUIT WATER טעם אבטיח 0.5 ליטר,יפאורה שותפות מוגבלת לשיווק,,,"י""ח",0.50,ליטר,false,1,3.90,7.20,false,1,
7290014855434,false,מגבונים בייביסיטר פרפורמנס מבושם רביעיה,בייביסיטר Babysitter,,,"י""ח",1,,false,1,16.90,16.90,true,1,
7290014855458,false,מגבוני בייביסיטר פרפורמנס ללא בישום מארז 72X4יח',בייביסיטר Babysitter,,,"י""ח",1,,false,1,16.90,16.90,true,1,
7290014940901,false,לחם פשוט מלא לילדים פרוס אנג`ל (750 גרם),מאפיית שלמה א. אנג'\ל בע,,,"י""ח",750,ל גרם,false,1,14.90,1.99,false,1,
7290014974593,false,גביעי גלידה 12 מגולגל ללא גלוטן גילרו*,ח.כהן סוכנות מזון ומשקאות בע,,,"י""ח",12,"י""ח",false,1,16.90,1.41,false,1,
7290015005555,false,"צ'יפס אמריקאי 2 ק""ג פרי הגליל",ויטה- פרי גליל (החדשה) בעמ,,,"י""ח",2,"ק""ג",false,1,27.90,13.95,false,1,
7290015014182,false,לבבות קיסר בנספק רמי לוי,ביכורי השדה צפון 1994 ג.ד. בעמ,,,"י""ח",300,ל גרם,false,1,9.90,3.30,true,1,
7290015014472,false,קורנית(בוסתן),ביכורי השדה צפון 1994 ג.ד. בעמ,,,"י""ח",1,,false,1,6.90,6.90,false,1,
7290015027021,false,עוגות שמרים פרימיום 500גר,הלל בן הלל שיווק ומסחר בעמ,,,"י""ח",500,ל גרם,false,1,21.90,4.38,false,1,
7290015139250,false,"שוקולד מריר פצפוצי אורז כרמית 85 גרם לל""ס",כרמית תעשיות ממתקים בעמ,,,"י""ח",85,ל גרם,false,1,6.90,8.12,true,1,
7290015139267,false,שוקולד מריר עם שקדים ללא תוספת סוכר וסטהיים,"כרמית תעשיות ממתקים בע""\",,,"י""ח",85,ל גרם,false,1,6.90,8.12,true,1,
7290015139519,false,אגו מיקס קוביות וופל 55 גר',כרמית תעשיות ממתקים בעמ,,,"י""ח",55,ל גרם,false,1,3.90,7.09,true,1,
7290015150118,false,שלישיית עגבניות חתוכות דק גרנד איטליה 400 גרם,תה ויסוצקי (ישראל) בעמ,,,"י""ח",400,ל גרם,false,1,17.90,4.48,false,1,
7290015150583,false,תה ירוק בתוספת לימון ודבש ויסוצקי (25),תה ויסוצקי (ישראל) בעמ,,,"י""ח",37.50,ל גרם,false,1,24.90,66.40,true,1,
7290015156769,false,מחית פרינוק פאוץ' תפוח ואוכמניות 120 גרם,גורי מוצרי צריכה (1991) בעמ,,,"י""ח",120,ל גרם,false,1,6.60,5.50,true,1,
7290015156790,false,מחית לפתן פירות חטיפטף ללא תוספת סוכר,גורי מוצרי צריכה (1991) בעמ,,,"י""ח",120,ל גרם,false,1,6.60,5.50,true,1,
7290015282598,false,חומוס מסעדות גורמה שמיר 200 גרם,"סלטי שמיר 2006 בע""מ",,,"י""ח",200,ל גרם,false,1,11.90,5.95,true,1,
7290015282604,false,טחינה מיוחדת גורמה שמיר 200 גרם,"סלטי שמיר 2006 בע""מ",,,"י""ח",200,ל גרם,false,1,11.90,5.95,true,1,
7290015282635,false,חומוס מסבחה גורמה שמיר 200 גרם,"סלטי שמיר 2006 בע""מ",,,"י""ח",200,ל גרם,false,1,11.90,5.95,true,1,
7290015282642,false,חומוס אבו גוש גורמה שמיר 200 גרם,"סלטי שמיר 2006 בע""מ",,,"י""ח",200,ל גרם,false,1,11.90,5.95,true,1,
7290015282673,false,חציל במיונז ביתי גורמה שמיר 200 גרם,"סלטי שמיר 2006 בע""מ",,,"י""ח",200,ל גרם,false,1,11.90,5.95,true,1,
7290015282697,false,כרוב אדום שמיר גורמה 200גר,"סלטי שמיר 2006 בע""מ",,,"י""ח",200,ל גרם,false,1,12.90,6.45,true,1,
7290015282741,false,חציל תאילנדי אסלי שמיר 200 ג',"סלטי שמיר 2006 בע""מ",,,"י""ח",200,ל גרם,false,1,12.90,6.45,true,1,
7290015347488,false,"סוכר דמררה חום שקית מיה 1 ק""ג",מיה תעשיות מזון מ.ת.מ. בעמ,,,"י""ח",1,"ק""ג",false,1,8.90,8.90,false,1,
7290015348423,false,מיץ ענבים סגל משפחות 1 ליטר,טמפו משקאות בעמ,,,"י""ח",7.50,"י""ח",false,1,15.90,2.08,true,1,
7290015350402,false,"יין רזרב מוסקטו ורוד חצי יבש ברקן 750 מ""ל",טמפו משקאות בעמ,,,"י""ח",750,"ל מ""ל",false,1,44.90,5.95,true,1,
7290015366663,false,"משחת שיניים מנטה עדין אקווה פרש 100 מ""ל",גלקסוסמיתקליין,,,"י""ח",100,ל גרם,false,1,8.90,8.90,true,1,
7290015374293,false,"פסטל במילוי בשר בד""צ 400גר",חטיפי אלקיים בעמ ~~~,,,"י""ח",400,ל גרם,false,1,11.90,2.98,false,1,
7290015374309,false,"פסטל במילוי תפו""א בד""צ 400גר",חטיפי אלקיים בעמ ~~~,,,"י""ח",400,ל גרם,false,1,11.90,2.98,false,1,
7290015395939,false,חטיף אורז בטעם מתוק מלוח 120 גרם,דין שיווק וקליה 2021 בעמ,,,"י""ח",150,ל גרם,false,1,17.90,11.93,false,1,
7290015493277,false,מים מינרלים נביעות 4,החברה המרכזית להפצת משקאות בעמ,,,"י""ח",4,ליטר,false,1,11.10,2.48,false,1,
7290015603546,false,"שימורי קרם קוקוס 17-19% 400 מ""ל (ASIATIC)(כ)",מזרח ומערב יבוא ושיווק,,,"י""ח",400,ל גרם,false,1,10.90,2.73,false,1,
7290015603560,false,"שימורי קרם קוקוס 20-22% 400 מ""ל (ASIATIC)(כ)",אסיאטיק אגרו אינדוסטרי,,,"י""ח",400,"ל מ""ל",false,1,10.90,2.73,false,1,
7290015644297,false,שישיית לחמניות פשוט מלא אנג'ל 450 גרם,מאפיית שלמה א. אנג'\ל בע,,,"י""ח",6,"י""ח",false,1,11.90,1.98,false,1,
7290015652254,false,גרעיני חמניה קלויים ששון הקולה (400 גרם),דין שיווק וקליה 2021 בעמ,,,"י""ח",400,ל גרם,false,1,9.90,2.48,false,1,
7290015652278,false,תערובת פיצוחים 250 גרם ששון הקולה,דין שיווק וקליה 2021 בעמ,,,"י""ח",250,ל גרם,false,1,20,8,false,1,
7290015652285,false,אגוזים קלופים ששון הקולה 250 גרם,דין שיווק וקליה 2021 בעמ,,,"י""ח",250,ל גרם,false,1,20,8,false,1,
7290015652292,false,קבוקים עם שומשום ששון הקולה 400 גרם,דין שיווק וקליה 2021 בעמ,,,"י""ח",400,ל גרם,false,1,10,2.50,false,1,
7290015652308,false,מנצ'ס ששון הקולה 400 גרם,דין שיווק וקליה 2021 בעמ,,,"י""ח",300,ל גרם,false,1,10,3.33,false,1,
7290015652322,false,בוטנים אמריקאיים מצופים 400 גר ששון הקלה,דין שיווק וקליה 2021 בעמ,,,"י""ח",400,ל גרם,false,1,10,2.50,false,1,
7290015652407,false,פיסטוק קלוי ששון הקולה (250 גרם),דין שיווק וקליה 2021 בעמ,,,"י""ח",250,ל גרם,false,1,20,8,false,1,
7290015781046,false,"יין לבן חצי יבש ויזון 750 מ""ל",יקב טפרברג 1870 בעמ (יינות ומש,,,"י""ח",750,"ל מ""ל",false,1,39.90,5.28,true,1,
7290015781114,false,יין אדום אימפרשיין מרלו טפרברג (750 מל),יקב טפרברג 1870 בעמ (יינות ומש,,,"י""ח",750,"ל מ""ל",false,1,49.90,6.61,true,1,
7290015781121,false,"יין IMPRESSION קברנה סוביניון יבש טפרברג 750 מ""ל",יקב טפרברג 1870 בעמ (יינות ומש,,,"י""ח",750,"ל מ""ל",false,1,49.90,6.61,true,1,
7290015781138,false,"יין שרדונה 750 מ""ל IMPRESSION",יקב טפרברג 1870 בעמ (יינות ומש,,,"י""ח",750,"ל מ""ל",false,1,49.90,6.61,true,1,
7290015856508,false,קרקר חטיפית שומשום 180 גרם הדר*,ח.כהן סוכנות מזון ומשקאות בע,,,"י""ח",180,ל גרם,false,1,3.90,2.17,false,1,
7290015858106,false,"ממרח פסטו ביתי 180 גרם ""עללחם""",שטראוס גרופ בעמ/מצונן,,,"י""ח",180,ל גרם,false,1,16.90,9.39,true,1,
7290015858144,false,ממרח ארטישוק עללחם 180 גרם,"מדשא תעשיות מזון בע""\מ",,,"י""ח",180,ל גרם,false,1,16.90,9.39,true,1,
7290015858229,false,"טפנד זיתי קלמטה 180 גרם ""עללחם""","מדשא תעשיות מזון בע""\מ",,,"י""ח",180,ל גרם,false,1,16.90,9.39,true,1,
7290015858243,false,ממרח צימיצורי עללחם 180 גרם,שטראוס גרופ בעמ/מצונן,,,"י""ח",180,ל גרם,false,1,16.90,9.39,true,1,
7290015858328,false,עללחם ממרח איולי פסטו 295 גרם,"מדשא תעשיות מזון בע""\מ",,,"י""ח",295,ל גרם,false,1,14.90,5.05,true,1,
7290015858441,false,עללחם ממרח איולי פלפלים 295 גרם,"מדשא תעשיות מזון בע""\מ",,,"י""ח",295,ל גרם,false,1,14.90,5.05,true,1,
7290015865692,false,ענבי ציון תענוג פרי תות שדה 400 גר`,אבאל יזמות בעמ,,,"י""ח",400,ל גרם,false,1,17.90,4.48,false,1,
7290015865746,false,ענבי ציון קונפיטורה לייט פירות יער 400 ג,אבאל יזמות בעמ,,,"י""ח",400,ל גרם,false,1,19.90,4.98,false,1,
7290015872553,false,חומוס של מסעדה שמיר 700 גרם,"סלטי שמיר 2006 בע""מ",,,"י""ח",0.70,"ק""ג",false,1,13.90,19.86,true,1,
7290015888196,false,שמן חמניות 1 ליטר שוקחה,בני ג`ורג` שוקחה (חיפה) בעמ,,,"י""ח",1,ליטר,false,1,12.80,12.80,false,1,
7290015951227,false,"יין גמלא השמורה סירה 2021 750 מ""ל",מיוצר וממולא על ידי יקב,,,"י""ח",750,"ל מ""ל",false,1,63.90,8.48,true,1,
7290015951869,false,"יין הר חרמון רוזה 750 מ""ל",מיוצר וממולא על ידי יקב,,,"י""ח",750,"ל מ""ל",false,1,36.90,4.88,true,1,
7290015968133,false,אטבי פרמיום כחול/לבן 48 יח במארז,אינטרסן (1996) בעמ,,,"י""ח",48,"י""ח",false,1,13.90,0.29,true,1,
7290016006148,false,"שוופס מוגז עדין ענבים בקבוק 500מ""ל",יפאורה שותפות מובגלת לשיווק,,,"י""ח",500,"ל מ""ל",false,1,6.50,1.24,true,1,
7290016006339,false,מים מינרלים מי עדן (1x4 ליטר),יפאורה שותפות מוגבלת לשיווק,,,"י""ח",9,ליטר,false,1,11.90,1.19,false,1,
7290016006346,false,שוופס סודה 0.5 ליטר מארז שישייה,יפאורה שותפות מובגלת לשיווק,,,"י""ח",300,"ל מ""ל",false,1,14.90,4.37,true,1,
7290016096491,false,נתחי טונה בהירה בשמן צמחי שלישיה *80ג' פילטונה,תעשיות פיל טונה בעמ,,,"י""ח",240,ל גרם,false,1,11.90,4.96,true,1,
7290016144024,false,"קמח כוסמין מלא נפלאות 100% 1 ק""ג",תה ויסוצקי (ישראל)בעמ,,,"י""ח",1,"ק""ג",false,1,16.90,16.90,false,1,
7290016144031,false,"נפלאות קמח חיטה לבן מנופה 1 ק""ג",תה ויסוצקי (ישראל)בעמ,,,"י""ח",1,"ק""ג",false,1,7.90,7.90,false,1,
7290016150117,false,סלק אדום מקולף ומבושל500,ביג פוד כחול לבן בעמ*שיק 30 יו,,,"י""ח",500,ל גרם,false,1,8.90,1.78,true,1,
7290016197150,false,תבניות לעוגות אישיות מרו,קימברלי קלארק ישראל שיווק בעמ,,,"י""ח",1,"י""ח",false,1,9.90,9.90,false,1,
7290016197495,false,ניקול זוג מטליות הקסם מיקרופייבר לרצפה,קימברלי קלארק ישראל שיווק בעמ,,,"י""ח",2,"י""ח",false,1,21.90,10.95,false,1,
7290016197839,false,ניקול השקית החזקה 20 יח' XL,קימברלי קלארק ישראל שיווק בעמ,,,"י""ח",1,"י""ח",false,1,23.90,23.90,false,1,
7290016197853,false,ניקול שקיות אשפה לפחים קטנים 42X45 סמ,קימברלי קלארק ישראל שיווק בעמ,,,"י""ח",50,"י""ח",false,1,17.90,0.36,false,1,
7290016217735,false,חציל על האש 200גרם גורמה,"סלטי שמיר 2006 בע""מ",,,"י""ח",200,ל גרם,false,1,11.90,5.95,true,1,
7290016217742,false,חציל בטחינה 200גרם גורמה,"סלטי שמיר 2006 בע""מ",,,"י""ח",200,ל גרם,false,1,11.90,5.95,true,1,
7290016217759,false,חציל מרוקאי 200גרם גורמה,"סלטי שמיר 2006 בע""מ",,,"י""ח",200,ל גרם,false,1,12.90,6.45,true,1,
7290016217988,false,גרבלקס-סלמון כבוש שמיר 100 גרם,"סלטי שמיר 2006 בע""מ",,,"י""ח",100,ל גרם,false,1,27.90,27.90,false,1,
7290016277470,false,שיבולת שועל דקה 350 גר',דין שיווק וקליה 2021 בעמ,,,"י""ח",350,ל גרם,false,1,3.90,1.11,true,1,
7290016277487,false,שיבולת שועל עבה 350 גר',דין שיווק וקליה 2021 בעמ,,,"י""ח",350,ל גרם,false,1,3.90,1.11,true,1,
7290016334050,false,סלרי חתוך.,ביכורי השדה צפון 1994 ג.ד. בעמ,,,"י""ח",1,,false,1,6.90,6.90,true,1,
7290016334166,false,לוף רגיל ארוז ליח,ביכורי השדה צפון 1994 ג.ד. בעמ,,,"י""ח",1,,false,1,9.90,9.90,false,1,
7290016334173,false,פלפל טינקרבל שמיטה,ביכורי השדה צפון 1994 ג.ד. בעמ,,,"י""ח",1,,false,1,8.90,8.90,true,1,
7290016334180,false,מלפפון בייבי רמי לוי,ביכורי השדה צפון 1994 ג.ד. בעמ,,,"י""ח",1,,false,1,8.90,8.90,true,1,
7290016334296,false,ברוקולי ארוז יחידה שמיטה,ביכורי השדה צפון 1994 ג.ד. בעמ,,,"י""ח",1,,false,1,11.90,11.90,false,1,
7290016334432,false,שורש פטרוזיליה,ביכורי השדה צפון 1994 ג.ד. בעמ,,,"י""ח",1,,false,1,6.90,6.90,false,1,
7290016334456,false,בזיליקום רמי לוי,ביכורי השדה צפון 1994 ג.ד. בעמ,,,"י""ח",1,,false,1,5.90,5.90,false,1,
7290016334463,false,ראש סלרי,ביכורי השדה צפון 1994 ג.ד. בעמ,,,"י""ח",1,,false,1,6.90,6.90,false,1,
7290016334500,false,לבבות חסה זוגות בשקי,ביכורי השדה צפון 1994 ג.ד. בעמ,,,"י""ח",300,ל גרם,false,1,8.90,2.97,false,1,
7290016334579,false,פטרוזיליה בוסתן,ביכורי השדה צפון 1994 ג.ד. בעמ,,,"י""ח",1,,false,1,3.90,3.90,true,1,
7290016334586,false,כוסברה בוסתן,ביכורי השדה צפון 1994 ג.ד. בעמ,,,"י""ח",1,,false,1,4.90,4.90,true,1,
7290016334593,false,שמיר ארוז,ביכורי השדה צפון 1994 ג.ד. בעמ,,,"י""ח",1,,false,1,4.90,4.90,true,1,
7290016334609,false,נענע בשקית,ביכורי השדה צפון 1994 ג.ד. בעמ,,,"י""ח",1,,false,1,4.90,4.90,true,1,
7290016334616,false,בצל ירוק בוסתן,ביכורי השדה צפון 1994 ג.ד. בעמ,,,"י""ח",1,,false,1,5.90,5.90,false,1,
7290016334623,false,סלרי אמריקאי,ביכורי השדה צפון 1994 ג.ד. בעמ,,,"י""ח",1,"י""ח",false,1,5.90,5.90,false,1,
7290016334654,false,תרד ניו זילנדי רמי לוי,ביכורי השדה צפון 1994 ג.ד. בעמ,,,"י""ח",200,ל גרם,false,1,14.90,7.45,false,1,
7290016334784,false,ג'ינג'ר ארוז ברכת קטיף 200 גרם,ביכורי השדה צפון 1994 ג.ד. בעמ,,,"י""ח",1,,false,1,11.90,11.90,false,1,
7290016334814,false,חסה סלנובה רמי לוי,ביכורי השדה צפון 1994 ג.ד. בעמ,,,"י""ח",1,,false,1,11.90,11.90,false,1,
7290016334883,false,שרי תמר בוסתן שמיטה,ביכורי השדה צפון 1994 ג.ד. בעמ,,,"י""ח",1,,false,1,11.90,11.90,false,1,
7290016334890,false,עגבניות שרי ליקופן,ביכורי השדה צפון 1994 ג.ד. בעמ,,,"י""ח",1,,false,1,11.90,11.90,false,1,
7290016334906,false,מיקס עגבניות שרי.,ביכורי השדה צפון 1994 ג.ד. בעמ,,,"י""ח",1,,false,1,12.90,12.90,false,1,
7290016372342,false,עגבניות חתוך קוביות גראנד איטליה מארז 400X3ג',תה ויסוצקי (ישראל) בעמ,,,"י""ח",400,ל גרם,false,1,17.90,4.48,false,1,
7290016372373,false,רסק עגבניות ללא תוספת סוכר ומלח - מארז זוג,תה ויסוצקי (ישראל) בעמ,,,"י""ח",280,ל גרם,false,1,7.90,2.82,false,1,
7290016400380,false,גפרורים ארוך שווה,ח.כהן סוכנות מזון ומשקאות בע,,,"י""ח",10,"י""ח",false,1,6.90,0.69,true,1,
7290016400458,false,מפת גליל 45 מטר שווה,ח.כהן סוכנות מזון ומשקאות בע,,,"י""ח",45,מטר,false,1,24.90,0.55,true,1,
7290016401158,false,נודלס 200ג דקות שווה*,ח.כהן סוכנות מזון ומשקאות בע,,,"י""ח",200,ל גרם,false,1,5.90,2.95,false,1,
7290016401240,false,"נוזל קוקוס 400מ""ל 5-7% שווה",ח.כהן סוכנות מזון ומשקאות בע,,,"י""ח",400,"ל מ""ל",false,1,7.90,1.98,false,1,
7290016401578,false,זוג רדיד אלומיניום ארוך שווה,ח.כהן סוכנות מזון ומשקאות בע,,,"י""ח",1,"י""ח",false,1,14.90,14.90,false,1,
7290016401714,false,קש שחור עבה 125יח שווה,ח.כהן סוכנות מזון ומשקאות בע,,,"י""ח",125,"י""ח",false,1,8.90,0.07,false,1,
7290016401899,false,מטליות מיקרופייבר 1/10 ניקוי כללי,ח.כהן סוכנות מזון ומשקאות בע,,,"י""ח",10,"י""ח",false,1,18.90,1.89,false,1,
7290016408294,false,"מרשמלו ורוד לבן וסטהיים 150 ג', 26 בקרטון",כרמית תעשיות ממתקים בעמ,,,"י""ח",1,,false,1,5.90,5.90,true,1,
7290016437645,false,חיתולי האגיס פרידום דריי pants מידה 5 34 יחידות,קימברלי קלארק ישראל שיווק בעמ,,,"י""ח",1,"י""ח",false,1,49.90,49.90,true,1,
7290016440881,false,ירקות חמוצים בטעם ביתי מעדני עופר 500 גרם,קפוא זן תעשיות מזון בעמ,,,"י""ח",500,ל גרם,false,1,21.90,4.38,false,1,
7290016440928,false,מעדני עופר - ירקות כבושים חמוץ מתוק (סיני),קפוא זן תעשיות מזון בעמ,,,"י""ח",500,ל גרם,false,1,21.90,4.38,false,1,
7290016496208,false,פתיל צף עגול בינוני מוכן,צבע ומכחול (2014) בעמ,,,"י""ח",1,ליטר,false,1,6.90,6.90,false,1,
7290016509809,false,ג'ל מרוכז לכביסה קולור 2.5 ל' פרסיל,גורי שיווק בעמ,,,"י""ח",2.50,ליטר,false,1,34.90,13.96,false,1,
7290016509830,false,ג'ל כביסה לבגדי תינוקות ובעלי עור רגיש Sensitive,גורי שיווק בעמ,,,"י""ח",2.50,ליטר,false,1,33.90,13.56,false,1,
7290016510096,false,"הוואי שמפו מי קוקוס לשיער יבש 700 מ""ל",טרופיקל דגיל בעמ,,,"י""ח",700,"ל מ""ל",false,1,10.90,1.56,false,1,
7290016510225,false,"תחליב רחצה הוואי יוגורט וניל ודבש 700 מ""ל",תאי פרזידנט פוד פאבל,,,"י""ח",750,"ל מ""ל",false,1,10.90,1.45,false,1,
7290016510232,false,"הוואי - תחליב רחצה יוגורט קוקוס 700 מ""ל",תאי פרזידנט פוד פאבל,,,"י""ח",750,"ל מ""ל",false,1,10.90,1.45,false,1,
7290016510287,false,"תחליב רחצה הוואי דבש אירוס זהוב 700 מ""ל",תאי פרזידנט פוד פאבל,,,"י""ח",750,"ל מ""ל",false,1,10.90,1.45,false,1,
7290016510904,false,"הוואי מרכך פריחת הדובדבן 700 מ""ל",שוורצקוף& הנקל דיסלד,,,"י""ח",700,"ל מ""ל",false,1,10.90,1.56,false,1,
7290016542493,false,"טוסקנה שמפנייה מבעבע מוסקט 750מ""ל",בני פאוזי שמשום (2009) בעמ,,,"י""ח",750,"ל מ""ל",false,1,16.20,2.12,false,1,
7290016572391,false,"צ`יפס קלאסי 2.5ק""ג ש",***אדום גרופ למזון שיווק***,,,"י""ח",2.50,"ק""ג",false,1,27.90,11.16,false,1,
7290016667042,false,קשיות פסים זברה עבים 20 יח',נאמן לאורך זמן בעמ,,,"י""ח",20,"י""ח",false,1,8.90,0.45,false,1,
7290016682328,false,מיץ תפוזים 100% עשוי מרכז 2 ל' פריניב,תנובה - פריניב,,,"י""ח",2,ליטר,false,1,21.90,10.80,false,1,
7290016717099,false,"יין כרמל סלקטד אדום חצי יבש, 750 מ""ל",אגודת הכורמים בעמ,,,"י""ח",750,"ל מ""ל",false,1,29.90,3.95,true,1,
7290016717754,false,יין היובל ישן נושן יקבי כרמל (750 מל),אגודת הכורמים -כרמל מזרחי,,,"י""ח",750,"ל מ""ל",false,1,20.90,2.75,true,1,
7290016866650,false,"פרודונטקס - משחת שיניים אוריג'ינל 75 מ""ל",פרודונטקס Parodontax,,,"י""ח",75,"ל מ""ל",false,1,30.90,41.20,true,1,
7290016967074,false,לחם חיטה מלאה עם גרעינים ודגנים,מאפיית שלמה א. אנג'\ל בע,,,"י""ח",750,ל גרם,false,1,16.90,2.25,false,1,
7290017004457,false,תירוש ענבים 100% זהב ליטר,יקבי הכורמים (תשלח) בעמ ~~~,,,"י""ח",1,ליטר,false,1,17.90,17.90,true,1,
7290017004785,false,פסטה קרניים 500גר פנטולה,מ.ר. ניאוברנד בעמ,,,"י""ח",500,ל גרם,false,1,4.90,0.98,true,1,
7290017004792,false,פסטה פנה 500גר פנטולה,מ.ר. ניאוברנד בעמ,,,"י""ח",500,ל גרם,false,1,4.90,0.98,true,1,
7290017004808,false,פסטה פוזילי 500גר פנטולה,מ.ר. ניאוברנד בעמ,,,"י""ח",500,ל גרם,false,1,4.90,0.98,true,1,
7290017004815,false,ספגטי 500גר פנטולה,מ.ר. ניאוברנד בעמ,,,"י""ח",500,ל גרם,false,1,4.90,0.98,true,1,
7290017004877,false,טחינה גולמית 500ג מחנה יהודה,"אחדות בע""מ",,,"י""ח",500,ל גרם,false,1,14.90,2.98,true,1,
7290017044019,false,מגבונים אסותא בדלי עיסא ערטול) (400,עיסא ערטול בעמ-סוכן הנקל סוד,,,"י""ח",400,"י""ח",false,1,19.90,0.05,false,1,
7290017065007,false,פרוסות גבינה מוצרלה חצי קשה 22% שומן 200 ג' גד,מחלבות גד שיווק 1992 בעמ,,,"י""ח",200,ל גרם,false,1,19.60,9.80,false,1,
7290017065236,false,גבינה בולגרית מעודנת 24% גד (250 גרם),מחלבות גד שיווק 1992 בעמ,,,"י""ח",250,ל גרם,false,1,21.90,8.76,false,1,
7290017065441,false,גבינה גאודה עיזים פרוסה הולנדית 200 גר',מחלבות גד שיווק 1992 בעמ,,,"י""ח",200,ל גרם,false,1,31.90,15.95,false,1,
7290017065649,false,קרם פטיסייר 250 גרם גד,מחלבות גד שיווק 1992 בעמ,,,"י""ח",250,ל גרם,false,1,22.90,9.16,false,1,
7290017065731,false,גבינת שמנת 30% ניו יורק +כמהין 200 גרם רבנות,מחלבות גד שיווק 1992 בעמ,,,"י""ח",200,ל גרם,false,1,12.90,6.45,false,1,
7290017068992,false,ערמונים קלופים וקלויים 100 גרם,מיה תעשיות מזון מ.ת.מ בעמ,,,"י""ח",100,ל גרם,false,1,6.90,6.90,false,1,
7290017088068,false,בייביסיטר - חיתולי סטנדרט מידה 4 - 42 יח',די.פי.אל תעשיות מוצרים ח,,,"י""ח",1,,false,1,34.90,34.90,true,1,
7290017088075,false,בייביסיטר - חיתולי סטנדרט מידה 4+ - 40 יח',די.פי.אל תעשיות מוצרים ח,,,"י""ח",1,,false,1,34.90,34.90,true,1,
7290017088082,false,בייביסיטר - חיתולי סטנדרט מידה 5 - 36 יח',די.פי.אל תעשיות מוצרים ח,,,"י""ח",1,,false,1,34.90,34.90,true,1,
7290017088099,false,בייביסיטר - חיתולי סטנדרט מידה 6 - 30 יח',די.פי.אל תעשיות מוצרים ח,,,"י""ח",1,,false,1,34.90,34.90,true,1,
7290017088327,false,רבעיית מגבונים בייביסיטר אקסטרא סופט ללא בישום 64 יחידות,די.פי.אל בעמ,,,"י""ח",1,,false,1,15.90,15.90,true,1,
7290017105550,false,רביעיית רסק עגבניות 100% יכין 4X100 גרם,היינץ צפון אמריקה מק,,,"י""ח",400,ל גרם,false,1,11.90,2.98,false,1,
7290017129495,false,אגו מיקס כדורי תירס מצופים שוקולד חלב כרמית 55 גרם,כרמית תעשיות ממתקים בעמ,,,"י""ח",55,ל גרם,false,1,3.90,7.09,true,1,
7290017129501,false,אגו מיקס כדורי תירס מצופים שוקולד לבן כרמית 55 גרם,כרמית תעשיות ממתקים בעמ,,,"י""ח",55,ל גרם,false,1,3.90,7.09,true,1,
7290017129532,false,סוכריות לקקן תות 90 גרם כרמית,כרמית תעשיות ממתקים בעמ,,,"י""ח",90,ל גרם,false,1,5.90,6.56,true,1,
7290017129549,false,לקקן גלידה 10 יח' 90 גר' כרמית!,כרמית תעשיות ממתקים בעמ,,,"י""ח",90,ל גרם,false,1,5.90,6.56,true,1,
7290017129761,false,שוקולד פרימיום 70% מריר בטעם תפוז כרמית 100 גרם,"כרמית תעשיות ממתקים בע""\",,,"י""ח",100,ל גרם,false,1,7.90,7.90,true,1,
7290017129839,false,שוקולד פרימיום 70% מריר בטעם פטל כרמית 100 גרם,כרמית תעשיות ממתקים בעמ,,,"י""ח",100,ל גרם,false,1,7.90,7.90,true,1,
7290017142005,false,"שמן קוקוס אורגני עץ הזית צנצנת 320מ""ל",סוגת תעשיות בעמ,,,"י""ח",320,"ל מ""ל",false,1,25.90,8.09,false,1,
7290017142180,false,פילה טונה בשמן זית בטעם לימון עם פלפל שחור 120 ג',"יוניקורד ח.צ בע""מ",,,"י""ח",120,ל גרם,false,1,14.90,12.42,false,1,
7290017142203,false,"פילה טונה פרוס עם שמן זית בטעם מעושן 120 גרם ""עץ הזית""","יוניקורד ח.צ בע""מ",,,"י""ח",120,ל גרם,false,1,14.90,12.42,false,1,
7290017142401,false,"LUNCH TO GO קינואה לבנה ואדומה טונה בשמן זית 160 גרם ""עץ הזית""",ג'נרל מילס סאן אדריא,,,"י""ח",160,ל גרם,false,1,13.90,8.69,false,1,
7290017142456,false,מארז נתחי טונה בהירה בשמן זית 2 * 160 ג' עץ הזית,יוניקורד ח.צ בעמ,,,"י""ח",320,ל גרם,false,1,27.90,8.72,false,1,
7290017142487,false,"LUNCH TO GO בורגול עם חומוס טונה בשמן זית 160 גרם ""עץ הזית""",יוניקורד ח.צ בעמ,,,"י""ח",160,ל גרם,false,1,13.90,8.69,false,1,
7290017289168,false,"יין ישראלי אדום יבש אפרת 750 מ""ל",יקב טפרברג 1870 בעמ (יינות ומש,,,"י""ח",750,"ל מ""ל",false,1,21.90,2.88,false,1,
7290017297620,false,רסק עגבניות A2 BX22 טל וטרי 570 גר',ויטה- פרי גליל (החדשה) בעמ,,,"י""ח",600,ל גרם,false,1,5.90,0.98,false,1,
7290017304519,false,חלה חצי מתוקה ארוזה אנג'ל 500 גרם,שלמה א.אנג ל בעמ,,,"י""ח",500,ל גרם,false,1,13.90,2.78,false,1,
7290017304885,false,לחם שיפון מחיטה מלאה ללא תוספת סוכר 750 ג' אנג'ל,מאפיית שלמה א. אנג'\ל בע,,,"י""ח",750,ל גרם,false,1,16.90,2.25,false,1,
7290017477169,false,קשיו קלוי 250 גרם ששון הקולה,דין שיווק וקליה 2021 בעמ,,,"י""ח",250,ל גרם,false,1,19.90,7.96,false,1,
7290017477381,false,מטבעות שוקולד מריר 45% לאפיה שקדיה 300 גרם,דין שיווק וקליה 2021 בעמ,,,"י""ח",300,ל גרם,false,1,13.90,4.63,false,1,
7290017504025,false,פטריות פורטבלה ברכת קטיף,ביכורי השדה צפון 1994 ג.ד. בעמ,,,"י""ח",1,,false,1,11.90,11.90,false,1,
7290017504032,false,זוג פטריות שמפניון ו,ביכורי השדה צפון 1994 ג.ד. בעמ,,,"י""ח",1,,false,1,18.90,18.90,false,1,
7290017513775,false,פליפז בייגלה מצופה שוקולד חלב מקוויטיס 140 גרם,תה ויסוצקי (ישראל) בעמ,,,"י""ח",140,ל גרם,false,1,8.90,6.36,true,1,
7290017513782,false,פליפז בייגלה מצופה שוקולד מריר מקוויטיס 140 גרם,תה ויסוצקי (ישראל) בעמ,,,"י""ח",140,ל גרם,false,1,8.90,6.36,true,1,
7290017586007,false,גזר ארוז,ביכורי השדה צפון 1994 ג.ד. בעמ,,,"ק""ג",1,"ק""ג",true,1,3.90,3.90,false,1,
7290017589633,false,"רזרב גולד אדישיין קברנה סוביניון 750 מ""ל",טמפו משקאות בעמ,,,"י""ח",750,"ל מ""ל",false,1,49.90,6.61,true,1,
7290017599281,false,סוכרזית סטיוויה פלוס 100שקיות,"שטראוס גרופ בע""מ",,,"י""ח",100,ל גרם,false,1,35.90,35.90,true,1,
7290017599359,false,סוכרזית קלאסי כפית לכפית 400גר,"שטראוס גרופ בע""מ",,,"י""ח",400,ל גרם,false,1,29.90,7.48,true,1,
7290017617046,false,נתחי טונה בשמן זית כתית מעולה רביעיה * 140 ג',דיפלומט מפיצים (1968) בעמ**,,,"י""ח",560,"ל מ""ל",false,1,27.90,4.98,false,1,
7290017617435,false,סטארקיסט מיקס סלמון עם עדשים קינואה וירק 160 גרם,דיפלומט מפיצים (1968) בעמ**,,,"י""ח",80,ל גרם,false,1,14.90,18.63,false,1,
7290017641096,false,"שוקולד פרימיום 70% לל""ס 100גרם בדצ *12יח*2 בדיס",כרמית תעשיות ממתקים בעמ,,,"י""ח",100,ל גרם,false,1,8.90,8.90,true,1,
7290017641379,false,חמישיות שוקולד חלב בדצ 85 ג*5 בלמינט*12 בקרט בדצ,כרמית תעשיות ממתקים בעמ,,,"י""ח",85,ל גרם,false,1,16.90,19.88,true,1,
7290017641720,false,שוקולד פרימיום 70% שברי שקד כרמית 100 גרם,כרמית תעשיות ממתקים בעמ,,,"י""ח",85,ל גרם,false,1,7.90,9.29,true,1,
7290017641737,false,שוקולד פרימיום 70% שברי אגוז כרמית 100 גרם,כרמית תעשיות ממתקים בעמ,,,"י""ח",85,ל גרם,false,1,7.90,9.29,true,1,
7290017641782,false,טופי אצבעות בטעם תות כרמית 804 גרם,כרמית תעשיות ממתקים בעמ,,,"י""ח",804,ל גרם,false,1,19.90,2.48,false,1,
7290017677804,false,"רוטב סויה קיקומן ללא חומרים משמרים 444 מ""ל",דיפלומט מפיצים (1968) בעמ**,,,"י""ח",444,"ל מ""ל",false,1,19.90,4.48,false,1,
7290017812571,false,מיץ ענבים תירוש אדום 100% טבעי כרמל 1 ליטר,אגודת הכורמים -כרמל מזרחי,,,"י""ח",1,ליטר,false,1,19.90,19.90,false,1,
7290017812656,false,"תירוש אדום מיץ ענבים מבעבע כרמל 750 מ""ל",ג'\קובז'\י איי.אי פיגלי,,,"י""ח",750,"ל מ""ל",false,1,19.90,2.61,false,1,
7290017812878,false,"אקסלנס וזה -קברנה סוביניון כרמל 750 מ""ל",אגודת הכורמים בעמ,,,"י""ח",750,"ל מ""ל",false,1,24.90,3.28,false,1,
7290017864594,false,שום צנצנת רמי לוי,ביכורי השדה צפון 1994 ג.ד. בעמ,,,"י""ח",1,,false,1,14.90,14.90,false,1,
7290017872063,false,אל סבון ארומתרפי מארז שלישייה 500 מל פמ,אברנסל קוסמטיקס,,,"י""ח",1.50,ליטר,false,1,17.90,11.93,false,1,
7290017888354,false,מים מינרליים בקבוק ס,יפאורה שותפות מוגבלת לשיווק,,,"י""ח",750,"ל מ""ל",false,1,4.20,0.52,true,1,
7290017888644,false,"משקה אננס בננה כורכום פרות & ווג 350 מ""ל",יפאורה שותפות מוגבלת לשיווק,,,"י""ח",350,"ל מ""ל",false,1,7.50,2.06,true,1,
7290017888972,false,בקבוק מי עדן פקק ספורט 1 ליטר,יפאורה שותפות מוגבלת לשיווק,,,"י""ח",1,ליטר,false,1,3.90,3.90,false,1,
7290017917542,false,"ד""ר פישר שמפו בלונד ללא תוספת מלחים 400 מ""ל","פישר תעשיות פרמצביטות בע""מ",,,"י""ח",400,"ל מ""ל",false,1,39.90,9.98,true,1,
7290017928036,false,מאיר בייגל מקלות גריסיני שומשום 175 גרם,מאיר את בייגל,,,"י""ח",175,ל גרם,false,1,12.90,7.37,true,1,
7290017928043,false,מקלות גריסיני קראנץ' מלח מאיר בייגל 175 גרם,מאיר את בייגל,,,"י""ח",175,ל גרם,false,1,12.90,7.37,true,1,
7290017928227,false,"בייגלה שטוח'לה פינוקים שומשום, קצח, שום ובצל",מאיר את בייגל,,,"י""ח",300,ל גרם,false,1,11.90,3.97,true,1,
7290017928807,false,בייגלה אצבעות שומשום מאיר בייגל 300 גרם,מאיר את בייגל,,,"י""ח",300,ל גרם,false,1,12.90,4.30,true,1,
7290017928821,false,מאיר בייגל מקלות גריסיני קלאסי 200 גרם,מאיר את בייגל,,,"י""ח",200,ל גרם,false,1,12.90,6.45,true,1,
7290017946474,false,"הוואי תחליב רחצה סודות פולינזיה 700 מ""ל",טרופיקל דגיל בעמ,,,"י""ח",700,"ל מ""ל",false,1,10.90,1.56,false,1,
7290017947105,false,לחם אנג'ל בסגנון אמריקה 500 גרם,מאפיית שלמה א. אנג'\ל בע,,,"י""ח",500,ל גרם,false,1,14.90,2.98,false,1,
7290017947457,false,חלה קלועה כוסמין אנג'ל ארוזה 500 גרם,מאפיית שלמה א.אנג'ל,,,"י""ח",500,ל גרם,false,1,16.90,3.38,false,1,
7290017947464,false,שמיניית פיתות כוסמין אנג'ל 8*50 גרם,מאפיית שלמה א.אנג'\ל בע\,,,"י""ח",8,"י""ח",false,1,14.90,1.86,true,1,
7290017947495,false,לחמניות כוסמין 6 יח(450 גר`)אנג`ל,"איטיליאן פוד, אס.פי.",,,"י""ח",450,ל גרם,false,1,15.90,3.53,false,1,
7290017947891,false,לחם אנג'ל כוסמין וחיטה מלאה 750 גרם,מאפיית שלמה א. אנג'\ל בע,,,"י""ח",750,ל גרם,false,1,15.90,2.12,false,1,
7290017947921,false,לחמניות המבורגר בסגנון אמריקאי מארז 6 יח',מאפיית שלמה א. אנג'\ל בע,,,"י""ח",450,ל גרם,false,1,12.90,2.87,false,1,
7290017947938,false,מיני לחמניות המבורגר בסגנון אמריקה 400 ג' אנג'ל,מאפיית שלמה א. אנג'\ל בע,,,"י""ח",400,ל גרם,false,1,14.90,3.73,false,1,
7290018045893,false,דגני בוקר בון בון במילוי קרם נוגט 480 גר,ר.ב. מוצרי דגנים בעמ,,,"י""ח",750,ל גרם,false,1,21.90,2.92,true,1,
7290018091074,false,בצק עוגיות שוקולד צ'יפס 300 גרם מעדנות,תנובה מרכז שיתופי לשיווק תוצרת,,,"י""ח",300,ל גרם,false,1,15.90,5.30,false,1,
7290018091272,false,בצק עוגיות קקאו טריפל שוקולד צ'יפס 300 גרם מעדנות,תנובה מרכז שיתופי לשיווק תוצרת,,,"י""ח",300,ל גרם,false,1,16.90,5.63,false,1,
7290018091661,false,פיצה ירקות שוק מעדנות 380 גרם,תנובה מרכז שיתופי לשיווק תוצרת,,,"י""ח",380,ל גרם,false,1,19.90,5.24,false,1,
7290018091821,false,פיצה נפוליטנה מעדנות 200 גרם,תנובה ענף ב.ע.ד,,,"י""ח",200,ל גרם,false,1,15.40,7.70,false,1,
7290018115039,false,אבוקדו מוכן לאכילה,ביכורי השדה צפון 1994 ג.ד. בעמ,,,"י""ח",1,"י""ח",false,1,10.90,10.90,false,1,
7290018131336,false,שלגון ליון בטעם קרמל עם,שוורצקוף& הנקל דיסלד,,,"י""ח",66,ל גרם,false,1,11.90,18.03,true,1,
7290018131534,false,מאגדת מיני בייטס מילקה 201 גרם,שוורצקוף& הנקל דיסלד,,,"י""ח",162,ל גרם,false,1,22.90,14.14,false,1,
7290018131978,false,טילון נסטלה אוראו 68.5 גרם,פרונרי סרביה,,,"י""ח",68,ל גרם,false,1,8.90,13.09,true,1,
7290018194225,false,"סודה ספארק מ""ל 250- בודד",בני פאוזי שמשום (2009) בעמ,,,"י""ח",250,"ל מ""ל",false,1,2.90,1.04,true,1,
7290018198148,false,"תפוגן צ'יפס קריספי קלאסי 1.25 ק""ג",קבוצת אוסם סחר-שות.מוגבלת,,,"י""ח",1.50,"ק""ג",false,1,27.90,18.60,false,1,
7290018208472,false,"תמר מג`הול 1ק""ג מחנה יהודה.",א.מ. עישבי תיבול תקומה בעמ,,,"י""ח",1,"ק""ג",false,1,19.90,19.90,true,1,
7290018208489,false,תמר מג`הול 800גר פרימים מחנה יהודה,א.מ. עישבי תיבול תקומה בעמ,,,"י""ח",800,ל גרם,false,1,24.90,3.11,true,1,
7290018208496,false,תמר מג`הול 650גר סופר פרימים מחנה יהוד,"בכורי השדה צפון1994 ג.ד. בע""מ",,,"י""ח",650,ל גרם,false,1,24.90,3.83,true,1,
7290018237922,false,שניצלונים ציפוי צ'יפס עוף טוב 700 גרם,קבוצת אוסם סחר שותפות מוגבלת,,,"י""ח",700,ל גרם,false,1,14.90,2.13,true,1,
7290018294208,false,"סלקטדאדום ישראלי יבש כרמל 750 מ""ל",אגודת הכורמים בעמ,,,"י""ח",750,"ל מ""ל",false,1,29.90,3.95,true,1,
7290018333952,false,חטיף אגוזים רפאלס וחמוציות בדצ 150 גר *12יח,כרמית תעשיות ממתקים בעמ,,,"י""ח",150,ל גרם,false,1,15.90,10.60,false,1,
7290018333969,false,חטיף גרנולה רפאלס שקדים וטחינה בדצ 150 גר *12יח,כרמית תעשיות ממתקים בעמ,,,"י""ח",150,ל גרם,false,1,15.90,10.60,false,1,
7290018359518,false,תירס מהשדה בלי תוספת סוכר יכין מארז 200X3 גר',היינץ צפון אמריקה מק,,,"י""ח",600,ל גרם,false,1,14.90,2.48,false,1,
7290018359686,false,יכין חומוס גדול 550 גר A2,היינץ צפון אמריקה מק,,,"י""ח",520,ל גרם,false,1,10.90,2.10,false,1,
7290018359716,false,רוטב עגבניות פיצה טוסקנה 240 גרם יכין,"זנלכל בע""\מ",,,"י""ח",240,"ל מ""ל",false,1,5.50,2.29,false,1,
7290018359938,false,"רוטב עגבניות לשקשוקה יכין, 400 גרם",זנלכול יכין,,,"י""ח",400,ל גרם,false,1,10.90,2.73,false,1,
7290018359945,false,רוטב עגבניות פיקנטי מפלפלים וירקות יכין 400 גרם,זנלכול יכין,,,"י""ח",400,ל גרם,false,1,10.90,2.73,false,1,
7290018400647,false,סנפרוסט סמודיז בננה תמר 300 גרם SMOOTHI,תנובה ענף ב.ע.ד,,,"י""ח",300,ל גרם,false,1,17.90,5.97,true,1,
7290018440209,false,פליפז בייגלה בציפוי פאדג' לבן מקוויטיס 140 גרם,תה ויסוצקי (ישראל) בעמ,,,"י""ח",140,ל גרם,false,1,8.90,6.36,true,1,
7290018440483,false,פליפז בייגלה מצופה בקרמל מלוח ושוקולד מקוויטיס 140 גרם,תה ויסוצקי (ישראל) בעמ,,,"י""ח",140,ל גרם,false,1,8.90,6.36,true,1,
7290018441626,false,גלידת פיינטים מנטה עוגיות 430 ג' בן וג'ירי,מוצרי איכות אמריקאיים בעמ,,,"י""ח",500,"ל מ""ל",false,1,19.90,3.98,true,1,
7290018443040,false,נבטים סיניים (בוסתן,ביכורי השדה צפון 1994 ג.ד. בעמ,,,"י""ח",1,,false,1,7.90,7.90,false,1,
7290018443347,false,שמיר ברכת קטיף מצע מנותק ייבול נוכרי,ביכורי השדה צפון 1994 ג.ד. בעמ,,,"י""ח",1,,false,1,6.90,6.90,true,1,
7290018443354,false,נענע ברכת קטיף מצע מנותק ייבול נוכרי,ביכורי השדה צפון 1994 ג.ד. בעמ,,,"י""ח",1,,false,1,6.90,6.90,true,1,
7290018443545,false,פלפל צילי אדום 200 גרם,ביכורי השדה צפון 1994 ג.ד. בעמ,,,"י""ח",200,ל גרם,false,1,10.90,5.45,false,1,
7290018443712,false,כרובית ארוזה תקומה,ביכורי השדה צפון 1994 ג.ד. בעמ,,,"י""ח",1,"י""ח",false,1,10.90,10.90,false,1,
7290018471470,false,תפוזינה נקטר תפוז פסיפלורה קרטונית 1 ליטר,יפאורה שותפות מוגבלת לשיווק,,,"י""ח",1,ליטר,false,1,8.10,8.10,true,1,
7290018471487,false,תפוזינה נקטר תפוז אננס קרטונית 1 ליטר,יפאורה שותפות מוגבלת לשיווק,,,"י""ח",1,ליטר,false,1,8.10,8.10,true,1,
7290018471494,false,תפוזינה משקה תפוז גזר קרטונית 1 ליטר,יפאורה שותפות מוגבלת לשיווק,,,"י""ח",1,ליטר,false,1,8.10,8.10,true,1,
7290018471616,false,שוופס אינדיאן טוניק 1 ליטר,יפאורה שותפות מוגבלת לשיווק,,,"י""ח",1,ליטר,false,1,9.40,9.40,true,1,
7290018471906,false,שוופס מוגז פירות לימונדה ורודה 1.5 ליטר פיקדון,יפאורה - שותפות מוגבלת לשיווק,,,"י""ח",1.50,ליטר,false,1,8.80,5.67,true,1,
7290018471920,false,שוופס מוגז פירות ענבים 1.5 ליטר פיקדון,יפאורה - שותפות מוגבלת לשיווק,,,"י""ח",1.50,ליטר,false,1,8.80,5.67,true,1,
7290018471937,false,שוופס מוגז פירות תות ליים 1.5 ליטר פיקדון,יפאורה - שותפות מוגבלת לשיווק,,,"י""ח",1.50,ליטר,false,1,8.80,5.67,true,1,
7290018471944,false,שוופס מוגז פירות לימונייד 1.5 ליטר פיקדון,יפאורה - שותפות מוגבלת לשיווק,,,"י""ח",1.50,ליטר,false,1,8.80,5.67,true,1,
7290018493403,false,"ד""ר פישר - קידס קצף אמבט ויטמינים 750 מ""ל",פישר תעשיות פרמבצטיות בעמ,,,"י""ח",750,"ל מ""ל",false,1,16.90,2.25,false,1,
7290018493908,false,"ד""ר פישר - קמיל בלו סנסיטיב אל דמע 750 מ""ל",פישר תעשיות פרמצבטיות בעמ,,,"י""ח",750,"ל מ""ל",false,1,19.90,2.65,false,1,
7290018500316,false,ארטיזנל לחם כוסמין לבן אנג'ל 750 גרם,מאפיית שלמה א. אנג'ל,,,"י""ח",750,ל גרם,false,1,20.90,2.79,true,1,
7290018500361,false,"לחם שחור פרוס 900 גרם ""אנג'ל"" -מוצר בפיקוח",מאפיית שלמה א. אנג'\ל בע,,,"י""ח",900,ל גרם,false,1,8.53,0.95,false,1,
7290018500460,false,לחם חצי מלא אנג'ל 700 גרם,שלמה א.אנג ל בעמ,,,"י""ח",750,ל גרם,false,1,11.90,1.59,false,1,
7290018500491,false,חלה בסגנון אמריקה אנגל.,שלמה א.אנג ל בעמ,,,"י""ח",500,ל גרם,false,1,15.90,3.18,false,1,
7290018507445,false,רצועות חזה עוף בציפוי פריך בטעם קלאסי 60,תנובה גליל שותפות מוגבלת,,,"י""ח",700,ל גרם,false,1,41.90,5.99,false,1,
7290018540329,false,שקית פיתה פיתה בלדי 800 ג' אנג'ל,מאפיית שלמה א. אנג'\ל בע,,,"י""ח",8,"י""ח",false,1,12.90,1.61,false,1,
7290018540817,false,ארטיזנל לחם מחמצת כוסמין אנג'ל 500 גרם,שלמה א. אנג`ל בעמ,,,"י""ח",500,ל גרם,false,1,17.90,3.58,true,1,
7290018540824,false,ארטיזנל לחם מחמצת כפרי אנג'ל 500 גרם,שלמה א. אנג`ל בעמ,,,"י""ח",500,ל גרם,false,1,17.90,3.58,true,1,
7290018540831,false,ארטיזנל לחם מחמצת חיטה מלאה ודגנים אנג'ל 500 גרם,שלמה א. אנג`ל בעמ,,,"י""ח",500,ל גרם,false,1,17.90,3.58,true,1,
7290018571071,false,טופי פספסים 450 גרם כשלפ,מיה תעשיות מזון מ.ת.מ. בעמ,,,"י""ח",450,ל גרם,false,1,15.90,3.53,true,1,
7290018571088,false,טופי חמוצמוץ 600 גרם כשלפ,מיה תעשיות מזון מ.ת.מ. בעמ,,,"י""ח",600,ל גרם,false,1,15.90,2.65,true,1,
7290018571408,false,לקקנים מולטיקולור תותי פרוטי מיה 220 גרם,מיה תעשיות מזון מ.ת.מ. בעמ,,,"י""ח",200,ל גרם,false,1,9.20,4.60,true,1,
7290018652015,false,נסטלה שלגון סופרולר 75 גרם,פרונרי איברייה,,,"י""ח",66,ל גרם,false,1,9.90,15,false,1,
7290018652053,false,"יסקולידה אקסטרה גלידה בטעמי וניל ושוקולד, 90 גרם",גלידות נסטלה )נגה גלידות,,,"י""ח",68,ל גרם,false,1,8.90,13.09,true,1,
7290018652213,false,מאגדת חטיפי גלידה קראנץ בר 41X6 גרם,נגה גלידות שותפות מוגבלת,,,"י""ח",350,ל גרם,false,1,26.90,7.69,false,1,
7290018652671,false,"לה קרמריה שוקולד וניל 1.4 ליטר [תו אי""ל]",נגה גלידות שותפות מוגבלת,,,"י""ח",1.40,ליטר,false,1,19.90,14.21,false,1,
7290018710679,false,"צ`יפס קלאסי 2.5ק""ג מחפוד",***אדום גרופ למזון שיווק***,,,"י""ח",2.50,"ק""ג",false,1,32.90,13.16,false,1,
7290018878002,false,אגו מיקס קרקר מצופה שוקולד חלב כרמית 55 גרם,כרמית תעשיות ממתקים בעמ,,,"י""ח",55,ל גרם,false,1,3.90,7.09,true,1,
7290018878019,false,"כרמית שוקולד צ'יפס מריר 250 גר' כשל""פ",כרמית תעשיות ממתקים בעמ,,,"י""ח",250,ל גרם,false,1,11.90,4.76,false,1,
7290018878088,false,שלשות שוקולד ללס מריר ב.יוסף 85ג*3*18בקרט,"כרמית תעשיות ממתקים בע""\",,,"י""ח",255,ל גרם,false,1,15.90,6.24,false,1,
7290018878125,false,שלישיית שוקולד לבן ללא סוכר 85 גרם,"כרמית תעשיות ממתקים בע""\",,,"י""ח",255,ל גרם,false,1,15.90,6.24,false,1,
7290018879856,false,טופי שטוח  ענבים ופטל  50 יח  24 יח בדצ - חדש!,כרמית תעשיות ממתקים בעמ,,,"י""ח",402,ל גרם,false,1,11.90,2.96,false,1,
7290018893104,false,צ'וקטה עוגויות ביסקוויט מצופה שוקולד מריר 100 גרם,דיסטרופר אוליבייר,,,"י""ח",100,ל גרם,false,1,9.90,9.90,true,1,
7290018893418,false,שישיית צ'וקטה שוקולד מריר 60% מוצקי קקאו,ש. שסטוביץ בע`מ,,,"י""ח",600,ל גרם,false,1,21.90,3.65,false,1,
7290018893456,false,צ'וקטה עוגות אישיות במילוי קרם ובציפוי בטעם שוקולד 300 גרם,"פרדי קונדיטוריה אס,פי.אי",,,"י""ח",300,ל גרם,false,1,14.90,4.97,false,1,
7290018893616,false,מארז צוקטה שוקולד מריר 48% 6*100 גר,ש. שסטוביץ בע`מ,,,"י""ח",600,ל גרם,false,1,19.90,3.32,false,1,
7290018893845,false,פתי בר ביסקוויט בטעם חמאה 400 גרם צ'וקטה,ש. שסטוביץ בע`מ,,,"י""ח",400,ל גרם,false,1,8.90,2.23,false,1,
7290018894071,false,צוקטה מארז סביבון לחנוכה 225ג,ש.שסטוביץ בעמ,,,"י""ח",225,ל גרם,false,1,16.90,7.51,false,1,
7290019056041,false,שוופס מוגז פירות לימונייד ללא סוכר 1.5 ליטר פיקדון,יפאורה - שותפות מוגבלת לשיווק,,,"י""ח",1.50,ליטר,false,1,7.90,5.07,true,1,
7290019056058,false,שוופס מוגז עדין תפוח ליים 1.5 ליטר פיקדון,יפאורה - שותפות מוגבלת לשיווק,,,"י""ח",1.50,ליטר,false,1,8.60,5.53,true,1,
7290019056065,false,שוופס מוגז עדין פירות יער 1.5 ליטר פיקדון,יפאורה - שותפות מוגבלת לשיווק,,,"י""ח",1.50,ליטר,false,1,7.80,5,true,1,
7290019056089,false,שוופס מוגז עדין ענבי ריזלינג 1.5 ליטר פיקדון,יפאורה - שותפות מוגבלת לשיווק,,,"י""ח",1.50,ליטר,false,1,7.80,5,true,1,
7290019056096,false,שוופס מוגז עדין אפרסק 1.5 ליטר פיקדון,יפאורה - שותפות מוגבלת לשיווק,,,"י""ח",1.50,ליטר,false,1,7.80,5,true,1,
7290019056164,false,שוופס סודה 1.5 ליטר רביעייה פיקדון,יפאורה - שותפות מוגבלת לשיווק,,,"י""ח",6,ליטר,false,1,11.90,1.78,true,1,
7290019056171,false,שוופס סודה לימון 1.5 ליטר רביעייה פיקדון,יפאורה - שותפות מוגבלת לשיווק,,,"י""ח",6,ליטר,false,1,11.90,1.78,true,1,
7290019056188,false,מארז רביעיית סודה בטעם נענע ליים 1.5 ל' שוופס,יפאורה - שותפות מוגבלת לשיווק,,,"י""ח",6,ליטר,false,1,11.90,1.78,true,1,
7290019056232,false,משקה מוגז בטעם ליים מוחיטו 1.5 ל' שוופס,יפאורה - שותפות מוגבלת לשיווק,,,"י""ח",1.50,ליטר,false,1,7.80,5,true,1,
7290019056256,false,שוופס מים בטעמים תפוחים 1.5 ליטר פיקדון,יפאורה - שותפות מוגבלת לשיווק,,,"י""ח",1.50,ליטר,false,1,8.50,5.47,true,1,
7290019056263,false,שוופס מים בטעמים אפרסק 1.5 ליטר פיקדון,יפאורה - שותפות מוגבלת לשיווק,,,"י""ח",1.50,ליטר,false,1,8.50,5.47,true,1,
7290019056317,false,משקה בטעם ראשן 1.5 ל' שוופס,יפאורה - שותפות מוגבלת לשיווק,,,"י""ח",1.50,ליטר,false,1,12.50,8.13,false,1,
7290019056324,false,משקה בטעם טוניק 1.5 ל' שוופס,יפאורה - שותפות מוגבלת לשיווק,,,"י""ח",1.50,ליטר,false,1,12.50,8.13,false,1,
7290019056355,false,תפוזינה לימונדה מיקס לימונענע 1.5 ליטר,יפאורה - שותפות מוגבלת לשיווק,,,"י""ח",1.50,ליטר,false,1,9.20,5.93,true,1,
7290019056386,false,משקה קל תפוזינה 1.5 ליטר אשכוליות,יפאורה - שותפות מוגבלת לשיווק,,,"י""ח",1.50,ליטר,false,1,9.20,5.93,true,1,
7290019056409,false,תפוזינה משקה קל מנגו עסיסי1.5ליטר,יפאורה - שותפות מוגבלת לשיווק,,,"י""ח",1.50,ליטר,false,1,9.20,5.93,true,1,
7290019056416,false,מיץ בטעם לימונדה ורודה 1.5 ל' תפוזינה,יפאורה - שותפות מוגבלת לשיווק,,,"י""ח",1.50,ליטר,false,1,9.20,5.93,true,1,
7290019056423,false,תפוזינה משקה קל תפוח רענן 1.5ליטר,יפאורה - שותפות מוגבלת לשיווק,,,"י""ח",1.50,ליטר,false,1,9.20,5.93,true,1,
7290019056447,false,משקה קל תפוזינה 1.5 ליטר אשכוליות לייט,יפאורה - שותפות מוגבלת לשיווק,,,"י""ח",1.50,ליטר,false,1,9.20,5.93,true,1,
7290019056478,false,ספרינג טי קר אפרסק 1.5ליטר פיקדון,יפאורה - שותפות מוגבלת לשיווק,,,"י""ח",1.50,ליטר,false,1,7.50,4.80,true,1,
7290019056485,false,ספריג תה ירוק לימון לואיזה 1.5 ליטר פיקדון,יפאורה - שותפות מוגבלת לשיווק,,,"י""ח",1.50,ליטר,false,1,7.50,4.80,true,1,
7290019056508,false,פרוט ווטר ענבים 1.5 ליטר פיקדון,יפאורה - שותפות מוגבלת לשיווק,,,"י""ח",1.50,ליטר,false,1,8.50,5.47,true,1,
7290019056539,false,fruit water פרוט ווטר אפרסק 1.5 ליטר-,יפאורה שותפות מוגבלת לשיווק,,,"י""ח",1.50,ליטר,false,1,8.50,5.47,true,1,
7290019056553,false,שישיית מים מינרלים עין גדי 2 ליטר,יפאורה - שותפות מוגבלת לשיווק,,,"י""ח",12,ליטר,false,1,13.70,0.99,false,1,
7290019056584,false,משקה קל תפוזים ספרינג 1.5 ליטר,יפאורה - שותפות מוגבלת לשיווק,,,"י""ח",1.50,ליטר,false,1,9.10,5.87,true,1,
7290019056591,false,משקה קל ענבים ספרינג 1.5 ליטר,יפאורה - שותפות מוגבלת לשיווק,,,"י""ח",1.50,ליטר,false,1,9.10,5.87,true,1,
7290019056607,false,משקה קל תפוחים ספרינג 1.5 ליטר,יפאורה - שותפות מוגבלת לשיווק,,,"י""ח",1.50,ליטר,false,1,9.10,5.87,true,1,
7290019056614,false,משקה קל אפרסק ספרינג 1.5 ליטר,יפאורה - שותפות מוגבלת לשיווק,,,"י""ח",1.50,ליטר,false,1,9.10,5.87,true,1,
7290019056621,false,משקה קל פירות טרופיים ספרינג 1.5 ליטר,יפאורה - שותפות מוגבלת לשיווק,,,"י""ח",1.50,ליטר,false,1,9.10,5.87,true,1,
7290019056638,false,משקה קל ספרינג 1.5 ליטר תות בננה,יפאורה - שותפות מוגבלת לשיווק,,,"י""ח",1.50,ליטר,false,1,9.10,5.87,true,1,
7290019056645,false,משקה קל ספרינג 1.5 ליטר אגס תפוח סברס,יפאורה - שותפות מוגבלת לשיווק,,,"י""ח",1.50,ליטר,false,1,9.10,5.87,true,1,
7290019056652,false,משקה קל ספרינג 1.5 ליטר אננס בננה,יפאורה - שותפות מוגבלת לשיווק,,,"י""ח",1.50,ליטר,false,1,9.10,5.87,true,1,
7290019056812,false,משקה קל קריסטל (2 ליטר)מוגז מנטה,יפאורה - שותפות מוגבלת לשיווק,,,"י""ח",2,ליטר,false,1,7.80,3.75,true,1,
7290019056829,false,משקה קל קריסטל (2 ליטר)מוגז תפוזים,יפאורה - שותפות מוגבלת לשיווק,,,"י""ח",2,ליטר,false,1,7.80,3.75,true,1,
7290019056959,false,מי עדן בקבוק מתכווץ שקט 1.5 מ``ל,יפאורה - שותפות מוגבלת לשיווק,,,"י""ח",1.50,ליטר,false,1,3.60,2.20,false,1,
7290019056973,false,מי עדן שישיה בק `1.5ליטר פיקדון,יפאורה - שותפות מוגבלת לשיווק,,,"י""ח",9,ליטר,false,1,14.90,1.46,false,1,
7290019075080,false,קידס מולטי ויטמין אל סבון 1ליטר,"פישר תעשיות פרמבצטיות בע""מ",,,"י""ח",1,ליטר,false,1,24.90,24.90,true,1,
7290019075288,false,קידס מולטי ויטמין שמפו 1ליטר,"פישר תעשיות פרמבצטיות בע""מ",,,"י""ח",1,ליטר,false,1,24.90,24.90,true,1,
7290019075684,false,קידס מולטי ויטמין שמפו ומרכך 1ליטר,"פישר תעשיות פרמבצטיות בע""מ",,,"י""ח",1,ליטר,false,1,24.90,24.90,true,1,
7290019105220,false,אל סבון נוזלי בניחוח פרש 1ליטר,טרופיקל דגיל תעשיות קוסמטיקה,,,"י""ח",1,ליטר,false,1,10.90,10.90,true,1,
7290019105428,false,אל סבון נוזלי בניחוח פרחים 1ליטר,טרופיקל דגיל תעשיות קוסמטיקה,,,"י""ח",1,ליטר,false,1,10.90,10.90,true,1,
7290019153269,false,שוופס סודה אננס 1.5 ליטר רביעייה פיקדון,יפאורה - שותפות מוגבלת לשיווק,,,"י""ח",6,ליטר,false,1,11.90,1.78,true,1,
7290019297161,false,טורטיה ראפ מקמח תירס שקדיה 450 גרם,דין שיווק וקליה 2021 בעמ,,,"י""ח",540,ל גרם,false,1,8.90,1.65,false,1,
7290019297420,false,מעדן תות שדה 100% רכיבי פרי 284 גר' ללא תוספת סוכר,דין שיווק וקליה 2021 בעמ,,,"י""ח",284,ל גרם,false,1,13.90,4.89,true,1,
7290022005555,false,תבלין פילדלפיה מימון 120 גרם,א.ל ייצור ושיווק תבלינים בעמ,,,"י""ח",120,ל גרם,false,1,12.90,10.75,false,1,
7290042051921,false,כוסות יהלום שווה 40יח,ח.כהן סוכנות מזון ומשקאות בע,,,"י""ח",40,"י""ח",false,1,11.90,0.30,false,1,
7290100243671,false,"מרכך כביסה מרוכז אקסטרה כחול בדין 960 מ""ל",יוניליוור ישראל שיווק בע`מ,,,"י""ח",960,"ל מ""ל",false,1,16.90,1.76,true,1,
7290100653463,false,"פלמוליב - ארומה ג'ל רחצה מסאז' 500 מ""ל",קולגייט פלמוליב,,,"י""ח",500,"ל מ""ל",false,1,15.90,3.18,true,1,
7290100659090,false,פרי חטיפים ללא גלוטן ותוספת סוכר מארז 5 תמרים וקינמון,טבעית מוצרים מן הטבע בעמ,,,"י""ח",100,ל גרם,false,1,16.90,16.90,false,1,
7290100680711,false,פירורית זהב אסם זהב 350ג',קבוצת אוסם סחר שותפות מוגבלת,,,"י""ח",350,ל גרם,false,1,9.60,2.74,false,1,
7290100680728,false,פירורית רגילה שקית 350 גרם,קבוצת אוסם סחר שותפות מוגבלת,,,"י""ח",350,ל גרם,false,1,8.50,2.43,false,1,
7290100681138,false,מארז אפרופו חטיף תירס 3 יחידות,קבוצת אוסם סחר שותפות מוגבלת,,,"י""ח",150,ל גרם,false,1,14.50,9.67,true,1,
7290100684139,false,פסטה מיני מקרוני אסם (500 גרם),קבוצת אוסם סחר שותפות מוגבלת,,,"י""ח",500,ל גרם,false,1,6.90,1.38,true,1,
7290100684764,false,במבה יום הולדת על סרט אסם 25 ג',קבוצת אוסם סחר שותפות מוגבלת,,,"י""ח",25,ל גרם,false,1,3.10,12.40,false,1,
7290100685136,false,"אבקת מרק טעם עוף 1 ק""ג 1/8 אסם",קבוצת אוסם סחר שותפות מוגבלת,,,"י""ח",1,"ק""ג",false,1,14.90,14.90,false,1,
7290100685341,false,אבקת מרק טעם עוף זך רכיבים טבעיים אסם 400 גרם,קבוצת אוסם סחר שותפות מוגבלת,,,"י""ח",400,ל גרם,false,1,16.90,4.23,false,1,
7290100685938,false,עוגת הבית דבש ותפוח עץ עם פירורים 400 גר,קבוצת אוסם סחר-שות.מוגבלת,,,"י""ח",400,ל גרם,false,1,17.50,4.38,false,1,
7290100687109,false,במבה במילוי קרם נוגט 60ג' אסם,קבוצת אוסם סחר-שות.מוגבלת,,,"י""ח",60,ל גרם,false,1,4.30,7.17,true,1,
7290100700020,false,גריסי פנינה סוגת (500 גרם),האי נאם סי או אל.טי.,,,"י""ח",200,ל גרם,false,1,4.90,2.45,true,1,
7290100700242,false,אורז מלא עגול סוגת (1 קג),"סוגת תעשיות בע""\מ",,,"י""ח",1,"ק""ג",false,1,9.90,9.90,false,1,
7290100700273,false,קינואה לבנה 500 ג סו,האי נאם סי או אל.טי.,,,"י""ח",500,ל גרם,false,1,12.90,2.58,true,1,
7290100701140,false,"אורז ריזוטו ארבוריו 1 ק""ג ""סוגת""","סוגת תעשיות בע""מ",,,"י""ח",1,"ק""ג",false,1,12.90,12.90,false,1,
7290100702628,false,פתיתים אפויים קוסקוס סוגת 500 גרם,"אסיף תעשיות מזון בע""\מ",,,"י""ח",500,ל גרם,false,1,5.90,1.18,true,1,
7290100702635,false,פתיתים אפויים כוכבים סוגת 500 גרם,"אסיף תעשיות מזון בע""",,,"י""ח",500,ל גרם,false,1,5.90,1.18,true,1,
7290100702642,false,פתיתים אפויים טבעות סוגת 500 גרם,"אסיף תעשיות מזון בע""",,,"י""ח",500,ל גרם,false,1,5.90,1.18,true,1,
7290100702673,false,פתיתים אפויים 3 צבעים 400 גר גרם סוגת,"אסיף תעשיות מזון בע""",,,"י""ח",400,ל גרם,false,1,5.90,1.48,true,1,
7290100703007,false,"עדשים שחורות בלוגה 500 גרם ""סוגת""",האי נאם סי או אל.טי.,,,"י""ח",500,ל גרם,false,1,7.90,1.58,true,1,
7290100704608,false,שעועית לבנה עדינה סוגת (500 גרם),"סוגת תעשיות בע""\מ",,,"י""ח",500,ל גרם,false,1,6.90,1.38,true,1,
7290100850909,false,חטיף תירס נאצ`ו מקסיקני דוריטוס (70 גרם),"שטראוס פריטו ליי בע""\מ",,,"י""ח",70,ל גרם,false,1,3.90,5.57,true,1,
7290100850916,false,דוריטוס חמוץ חריף מעודן 70 גרם כשר לפסח,"שטראוס פריטו ליי בע""\מ )",,,"י""ח",70,ל גרם,false,1,3.90,5.57,true,1,
7290100850923,false,חטיף תירס גריל דוריטוס (70 גרם),"שטראוס פריטו ליי בע""\מ )",,,"י""ח",70,ל גרם,false,1,3.90,5.57,true,1,
7290100850930,false,חטיף תירס בטעם טבעי דוריטוס (70 גרם),"שטראוס פריטו ליי בע""\מ )",,,"י""ח",70,ל גרם,false,1,3.90,5.57,true,1,
7290100851968,false,מארז קפה נמס עלית זוגות,"שטראוס גרופ בע""מ",,,"י""ח",400,ל גרם,false,1,37.90,9.48,true,1,
7290100854266,false,שוקולד מריר 60%קקאו100ג,שטראוס גרופ בעמ,,,"י""ח",100,ל גרם,false,1,7.90,7.90,true,1,
7290100924464,false,כדוריות סבון נתלה לאסלה עם אקונומיקה - 3 יח',גורי שיווק בעמ,,,"י""ח",750,"ל מ""ל",false,1,16.90,2.25,false,1,
7290100924631,false,מרכך כביסה מרוכז לבגדי תינוקות ובעלי עור רגיש,גורי שיווק בעמ,,,"י""ח",900,"ל מ""ל",false,1,13.90,1.54,true,1,
7290101486688,false,חטיף דגנים עם שוקולד ללא גלוטן וסוכר פרי 5*20 גרם,טבעית מוצרים מן הטבע בעמ,,,"י""ח",90,ל גרם,false,1,16.90,18.78,false,1,
7290101551027,false,קפסולות קפה אספרסו חזק במיוחד 14 עלית 10 יח',הנסיך- מפעל לייצור ט,,,"י""ח",50,ל גרם,false,1,19.90,39.80,true,1,
7290101551263,false,סילאן טבעי 700 גרם יד מרדכי,"שטראוס גרופ בע""מ",,,"י""ח",700,ל גרם,false,1,21.90,3.13,true,1,
7290101551300,false,סילאן טבעי ללא תוספת סוכר בקבוק לחיץ,מכוורת יד מרדכי שטראוס ב,,,"י""ח",380,ל גרם,false,1,14.90,3.92,true,1,
7290101551539,false,יוגורט PRO בטעם אפרסק 0% 20 גרם חלבון בגביע,שטראוס גרופ בעמ/מצונן,,,"י""ח",20,"ל מ""ל",false,1,5.90,29.50,true,1,
7290101551584,false,תפוצ'יפס קידס מארז 10 יח' * 20 ג',"שטראוס פריטו ליי בע""מ )פ",,,"י""ח",10,"י""ח",false,1,13.90,1.39,true,1,
7290101551614,false,חטיף צ'יטוס קראנץ בטעם גבינה - מארז 8 יח',"שטראוס פריטו ליי בע""מ )פ",,,"י""ח",550,ל גרם,false,1,11.90,2.16,true,1,
7290101551638,false,חטיף צ'יטוס כאפה בטעם קטשופ - מארז 10 יח',"שטראוס פריטו ליי בע""מ )פ",,,"י""ח",10,"י""ח",false,1,12.90,1.29,true,1,
7290101863410,false,"סיליט באנג ספריי ניקוי עוצמתי מכיל אקונומיקה 750 מ""ל",רקיט בנקיזר (ניר איסט) בעמ,,,"י""ח",1,,false,1,12.90,12.90,false,1,
7290101864127,false,ספריי להסרת כתמים וניש קליה (750 מל),רקיט בנקיזר (ניר איסט) בעמ,,,"י""ח",750,"ל מ""ל",false,1,17.90,2.39,true,1,
7290101865261,false,נוזל הברקה למדיח כלים פיניש (800 מל),רקיט בנקיזר (ניר איסט) בעמ,,,"י""ח",800,"ל מ""ל",false,1,19.90,2.49,false,1,
7290101869719,false,ג'ל מרוכז למדיח פיניש all in one max בניחוח לימון,רקיט בנקיזר (ניר איסט) בעמ,,,"י""ח",600,"ל מ""ל",false,1,31.90,5.32,false,1,
7290101869788,false,"אירוויק ספריי אוטומטי מילוי בניחוח אואזיס 250 מ""ל*",רקיט בנקיזר (ניר איסט) בעמ,,,"י""ח",1,,false,1,15.90,15.90,true,1,
7290102030330,false,תפוצ`יפס אקסטרא מקסיקני 200 גרם +20 תו,"שטראוס פריטו ליי בע""\מ )",,,"י""ח",200,ל גרם,false,1,11.50,5.75,true,1,
7290102032334,false,אבקה להכנת משקה קפה בטעם וניל,"שטראוס גרופ בע""מ",,,"י""ח",200,ל גרם,false,1,21.90,10.95,true,1,
7290102062195,false,"משחת שיניים לילדים לגילאי 6-12 אלמקס 75 מ""ל",יבואן ומשווק: ש. שסט,,,"י""ח",1,,false,1,15.90,15.90,true,1,
7290102300822,false,גבינה צ'דר אנגלית כתומה 200 גרם,א. סיימן סחר בעמ,,,"י""ח",200,ל גרם,false,1,25.90,12.95,true,1,
7290102390427,false,יוגורט ביו עם קציפת תות 3% שומן 150 ג' מולר,החברה המרכזית טלהפצת משקאות בע,,,"י""ח",150,"ל מ""ל",false,1,5.30,3.53,true,1,
7290102390465,false,יוגורט ביו עם קציפת אפרסק ופסיפלורה 3% שומן 150 ג' מולר,החברה המרכזית טלהפצת משקאות בע,,,"י""ח",150,"ל מ""ל",false,1,5.30,3.53,true,1,
7290102390489,false,יוגורט ביו עם קציפת לימון 3% שומן 150 ג' מולר,*החברה המרכזית להפצת משקאותבעמ,,,"י""ח",150,"ל מ""ל",false,1,5.30,3.53,true,1,
7290102391844,false,יוגורט ביו עם קציפת פירות יער3% שומן 150 ג' מולר,החברה המרכזית טלהפצת משקאות בע,,,"י""ח",150,"ל מ""ל",false,1,5.30,3.53,true,1,
7290102392094,false,חלב עיזים 3.7% בקרטון משק צוריאל 1 ליטר,החברה המרכזית טלהפצת משקאות בע,,,"י""ח",1,ליטר,false,1,15.90,15.90,true,1,
7290102392254,false,"חלב בקרטון 1% 2 ליטר בד""צ - מוצר בפיקוח",*החברה המרכזית להפצת משקאותבעמ,,,"י""ח",2,ליטר,false,1,11.72,5.86,false,1,
7290102393039,false,"יוגורט ביו קרמי מיקס פצפוצי שוקולד 7.6% מולר 170 מ""ל",*החברה המרכזית להפצת משקאותבעמ,,,"י""ח",500,ל גרם,false,1,6,1.20,false,1,
7290102393060,false,"יוגורט ביו קרמי מיקס גלילי ופל ואגוזים 5.9% מולר 170 מ""ל",*החברה המרכזית להפצת משקאותבעמ,,,"י""ח",500,ל גרם,false,1,6,1.20,false,1,
7290102393169,false,"יוגורט סימפלי פרוט בטעם תות 3% מולר 150 מ""ל",*החברה המרכזית להפצת משקאותבעמ,,,"י""ח",150,"ל מ""ל",false,1,5.30,3.53,true,1,
7290102393176,false,סימפלי פרוט יוגורט אפרסק 3% שומן 150 ג' מולר,*החברה המרכזית להפצת משקאותבעמ,,,"י""ח",150,"ל מ""ל",false,1,5.30,3.53,true,1,
7290102393190,false,"יוגורט סימפלי פרוט בטעם פירות יער 3% מולר 150 מ""ל",*החברה המרכזית להפצת משקאותבעמ,,,"י""ח",150,"ל מ""ל",false,1,5.30,3.53,true,1,
7290102393718,false,גבינת חלומי מחלב בקר 28% משק צוריאל 200 גרם,*החברה המרכזית להפצת משקאותבעמ,,,"י""ח",200,ל גרם,false,1,21.90,10.95,true,1,
7290102393947,false,סימפלי פרוט יוגורט בטעם קיווי 3% שומן 150 ג' מולר,*החברה המרכזית להפצת משקאותבעמ,,,"י""ח",150,"ל מ""ל",false,1,5.30,3.53,true,1,
7290102394081,false,"יוגורט ביו קרמי מיקס קורנפלקס מצופה שוקולד מולר 170 מ""ל",*החברה המרכזית להפצת משקאותבעמ,,,"י""ח",500,ל גרם,false,1,6,1.20,false,1,
7290102394821,false,גבינה צהובה 28% דק דק לפתיחה חוזרת 200,החברה המרכזית טלהפצת משקאות בע,,,"י""ח",200,ל גרם,false,1,15.60,7.80,true,1,
7290102395101,false,ממרח גבינה ושוקולד מוו טרה 200 גרם,החברה המרכזית טלהפצת משקאות בע,,,"י""ח",227,ל גרם,false,1,11.90,5.24,false,1,
7290102395217,false,"יוגורט ביאנקו 2% במתיקות מעודנת מולר 1.2 ק""ג",החברה המרכזית טלהפצת משקאות בע,,,"י""ח",900,ל גרם,false,1,19,2.11,false,1,
7290102395231,false,שמיניית יוגורט ביו ביאנקו 2.8% מולר 150 גרם,*החברה המרכזית להפצת משקאותבעמ,,,"י""ח",900,ל גרם,false,1,17.90,1.99,false,1,
7290102395262,false,מארז 8 גביעים יוגורט בטעם תות שדה ואפרסק 3% Simply Fruit,החברה המרכזית טלהפצת משקאות בע,,,"י""ח",150,"ל מ""ל",false,1,30.90,20.60,false,1,
7290102395378,false,נעם גבינה צהובה פרוסה ואקום 28% טרה 360 גרם,*החברה המרכזית להפצת משקאותבעמ,,,"י""ח",360,ל גרם,false,1,20.90,5.81,false,1,
7290102395446,false,מעדן חלב בטעם וניל עם קצפת 123 ג' טרה,*החברה המרכזית להפצת משקאותבעמ,,,"י""ח",250,ל גרם,false,1,2.90,1.16,false,1,
7290102395477,false,מעדן חלב בטעם שוקולד עם קצפת 123 ג' טרה,*החברה המרכזית להפצת משקאותבעמ,,,"י""ח",250,ל גרם,false,1,2.90,1.16,false,1,
7290102395521,false,"שמנת לבישול 15% שומן 500 מ""ל טרה",החברה המרכזית טלהפצת משקאות בע,,,"י""ח",500,"ל מ""ל",false,1,15.90,3.18,true,1,
7290102396399,false,מארז 8 יחידות מעדן חלב בטעם שוקולד 1.5%,*החברה המרכזית להפצת משקאותבעמ,,,"י""ח",800,ל גרם,false,1,14.20,1.78,false,1,
7290102396405,false,מארז 8 יחידות מעדן חלב בטעם וניל 1.5%,החברה המרכזית טלהפצת משקאות בע,,,"י""ח",800,ל גרם,false,1,14.20,1.78,false,1,
7290102396436,false,מעדן בטעם שוקולד 1.5% שומן מוו (125 גרם),*החברה המרכזית להפצת משקאותבעמ,,,"י""ח",250,ל גרם,false,1,2.90,1.16,true,1,
7290102396443,false,מעדן בטעם וניל 1.5% שומן מוו (125 גרם),*החברה המרכזית להפצת משקאותבעמ,,,"י""ח",250,ל גרם,false,1,2.90,1.16,true,1,
7290102396580,false,מעדן מוו שוקולד ומוס שוקולד טרה 118 גרם,החברה המרכזית טלהפצת משקאות בע,,,"י""ח",123,ל גרם,false,1,2.90,2.36,false,1,
7290102396597,false,מעדן מוו וניל ומוס שוקולד טרה 118 גרם,*החברה המרכזית להפצת משקאותבעמ,,,"י""ח",123,ל גרם,false,1,2.90,2.36,false,1,
7290102396665,false,צהובה פרוסות דקדק פתח סגור 15% 200 גר`,*החברה המרכזית להפצת משקאותבעמ,,,"י""ח",200,ל גרם,false,1,15.90,7.95,true,1,
7290102396719,false,יוגורט 0% תות סימפלי מולר (150 גרם),*החברה המרכזית להפצת משקאותבעמ,,,"י""ח",150,"ל מ""ל",false,1,5.30,3.53,true,1,
7290102397204,false,גבינה צהובה נעם דק דק פתח סגור 200 גר,*החברה המרכזית להפצת משקאותבעמ,,,"י""ח",200,ל גרם,false,1,15.90,7.95,true,1,
7290102397310,false,מעדן מיני בטעם שוקולד קצפת מוו מאגדת 8 יח' * 70 ג',החברה המרכזית טלהפצת משקאות בע,,,"י""ח",250,ל גרם,false,1,11.90,4.76,false,1,
7290102397334,false,גבינה בולגרית גלילית 5% משק צוריאל 250 גרם,החברה המרכזית טלהפצת משקאות בע,,,"י""ח",250,ל גרם,false,1,20.90,8.36,false,1,
7290102397464,false,יוגורט ביו בתוספת גרעינים אגוזים וחמוציות 170 ג' מולר,החברה המרכזית טלהפצת משקאות בע,,,"י""ח",170,ל גרם,false,1,6,3.53,false,1,
7290102397600,false,מיקס יוגורט בתוספת שקדים ובוטנים מקורמלים 170 ג' מולר,החברה המרכזית טלהפצת משקאות בע,,,"י""ח",170,ל גרם,false,1,6,3.53,false,1,
7290102397679,false,קוטג' וחצי טרה 5% מרכיבים טבעיים,*החברה המרכזית להפצת משקאותבעמ,,,"י""ח",350,ל גרם,false,1,7.90,2.26,false,1,
7290102397730,false,פרוסות גבינה אמנטל חצי קשה 30% שומן 200 ג' נעם,*החברה המרכזית להפצת משקאותבעמ,,,"י""ח",200,ל גרם,false,1,17.90,8.95,true,1,
7290102398072,false,"חלב קרטון 3%-1 ליטר "" טרה"" -מוצר פיקוח",החברה המרכזית טלהפצת משקאות בע,,,"י""ח",1,ליטר,false,1,6.23,6.23,false,1,
7290102398331,false,חלב מועשר דל לקטוז 2% שומן טרה 1 ליטר,*החברה המרכזית להפצת משקאותבעמ,,,"י""ח",1,ליטר,false,1,7.70,7.70,false,1,
7290102398553,false,משקה שוקו בקבוק 1.5 ליטר בבקבוק,*החברה המרכזית להפצת משקאותבעמ,,,"י""ח",1.50,ליטר,false,1,17.40,11.60,false,1,
7290102398560,false,משקה שוקו מועשר בבקבוק 1 ליטר טרה,החברה המרכזית טלהפצת משקאות בע,,,"י""ח",1,ליטר,false,1,12.10,12.10,true,1,
7290102398614,false,משקה חלב טרה ט. בננה 1ליטר בקבוק,*החברה המרכזית להפצת משקאותבעמ,,,"י""ח",1,ליטר,false,1,12.10,12.10,true,1,
7290102398782,false,.משקה סויה קלאסי 1ל בקבוק משק צוריא,*החברה המרכזית להפצת משקאותבעמ,,,"י""ח",1,ליטר,false,1,11.90,11.90,false,1,
7290102398799,false,משקה סויה במתיקות מופחתת משק צוריאל 1 ליטר,החברה המרכזית טלהפצת משקאות בע,,,"י""ח",1,ליטר,false,1,11.90,11.90,false,1,
7290102398805,false,משקה סויה בטעם וניל 1ל בקבוק משק צוריא,החברה המרכזית טלהפצת משקאות בע,,,"י""ח",1,ליטר,false,1,11.90,11.90,false,1,
7290102398836,false,משקה שקדים קלאסי 1 ליטר משק צוריאל,החברה המרכזית טלהפצת משקאות בע,,,"י""ח",1,ליטר,false,1,12.90,12.90,false,1,
7290102399772,false,מולר ספרדבל-ממרח חמאת מולר במליחות עדינה 250 גרם,החברה המרכזית טלהפצת משקאות בע,,,"י""ח",250,ל גרם,false,1,16.90,6.76,true,1,
7290102399789,false,מולר ספרדבל-ממרח חמאת מולר ללא מלח 250 גרם,החברה המרכזית טלהפצת משקאות בע,,,"י""ח",250,ל גרם,false,1,16.90,6.76,true,1,
7290102840175,false,אינסטנט פודינג בטעם וניל מיה (85 גרם),מיה תעשיות מזון מ.ת.מ. בעמ,,,"י""ח",85,ל גרם,false,1,3.90,4.59,false,1,
7290103120658,false,דאודורנט ספיד סטיק גל שחור 85 גרם,הנסיך- מפעל לייצור ט,,,"י""ח",1,"י""ח",false,1,24.90,24.90,true,1,
7290103126797,false,"משחת שיניים סנסטיב פרו ריליף קולגייט 75 מ""ל",הנסיך- מפעל לייצור ט,,,"י""ח",75,"ל מ""ל",false,1,18.90,25.20,true,1,
7290103128739,false,בלונס מקלות אוזניים לתינוק 56 יחידות,הנסיך- מפעל לייצור ט,,,"י""ח",1,"י""ח",false,1,5.90,5.90,false,1,
7290103153793,false,מכסה לתבנית R29 לפיד 1/20,נטו מלינדה סחר בעמ,,,"י""ח",20,"י""ח",false,1,7.90,0.40,false,1,
7290103155582,false,מכסה לתבנית R64 לפיד 1/15,נטו מלינדה סחר בעמ,,,"י""ח",15,"י""ח",false,1,7.90,0.53,false,1,
7290103400194,false,כרוב לבן 400 ג בדצ ירקות שטראוס טעם הטבע,שטראוס בריאות ירקות טריי,,,"י""ח",400,ל גרם,false,1,9.90,2.48,true,1,
7290103408206,false,עלי חסה ערבית שטופים 250 גר טעם הטבע,ביכורי השדה הצפון בעמ` 1964,,,"י""ח",250,ל גרם,false,1,10.90,4.36,true,1,
7290103703233,false,מטליות טאצ' לחות תפוח לניקוי כללי דלי,סאסאטק אגשח בעמ,,,"י""ח",1,"י""ח",false,1,21.90,21.90,true,1,
7290103704186,false,מגבות מטבח כפול טאצ`מהדורת 2021 6 יחידות,שניב תעשיות נייר בעמ,,,"י""ח",6,"י""ח",false,1,20.90,3.48,true,1,
7290103722005,false,נייר טואלט לאבלי 32 ג' לבן-מרכז,שניב תעשיות נייר בעמ,,,"י""ח",588,מטר,false,1,36.90,0.06,false,1,
7290103746001,false,ממחטות טאצ`חמישייה צבעוני 500 דף,שניב תעשיות נייר בעמ,,,"י""ח",1,,false,1,13.90,13.90,true,1,
7290104061417,false,סלט חומוס עם טחינה אחלה 400 גרם,שטראוס גרופ בעמ/מצונן,,,"י""ח",400,ל גרם,false,1,10.90,2.73,true,1,
7290104061424,false,סלט חומוס עם זעתר אחלה 400 גרם,שטראוס גרופ בעמ/מצונן,,,"י""ח",400,ל גרם,false,1,10.90,2.73,true,1,
7290104061431,false,סלט חומוס עם צנובר אחלה 400 גרם,שטראוס גרופ בעמ/מצונן,,,"י""ח",400,ל גרם,false,1,10.90,2.73,true,1,
7290104061448,false,סלט חומוס עם חריף אחלה 400 גרם,שטראוס גרופ בעמ/מצונן,,,"י""ח",400,ל גרם,false,1,10.90,2.73,true,1,
7290104062599,false,מארז 8 יחידות מעדן גמדים בטעמי תות ובננה,שטראוס גרופ בעמ/מצונן,,,"י""ח",800,ל גרם,false,1,18.70,2.34,true,1,
7290104064012,false,חטיף פסק זמן GOOD שוקולד לבן גוד 36 גרם,שולן צ'יקולטה גידה ס,,,"י""ח",36,ל גרם,false,1,4.90,13.61,true,1,
7290104065187,false,אבקה להכנת משקה קפה בטעם מוקה,"שטראוס גרופ בע""מ",,,"י""ח",200,ל גרם,false,1,21.90,10.95,true,1,
7290104065934,false,עלי רוקט שטראוס 150 גר`-טעם הטבע,ביכורי השדה הצפון בעמ` 1964,,,"י""ח",150,ל גרם,false,1,9.90,6.60,true,1,
7290104500572,false,אפרופו חטיף תירס איטליאנו אסם 50 גרם,קבוצת אוסם סחר-שות.מוגבלת,,,"י""ח",50,ל גרם,false,1,5,10,true,1,
7290104501661,false,אינסטנט פודינג בטעם וניל צרפתי אסם 80 גרם,קבוצת אוסם סחר-שות.מוגבלת,,,"י""ח",110,ל גרם,false,1,5.90,5.36,true,1,
7290104508189,false,אסם 24 גביעי גלידה ממותקים 95 גרם,קבוצת אוסם סחר שותפות מוגבלת,,,"י""ח",24,"י""ח",false,1,14,0.58,false,1,
7290104508202,false,גביעי גלידה אמריקאים אסם 120 גרם 24 יחידות,קבוצת אוסם סחר-שות.מוגבלת,,,"י""ח",24,"י""ח",false,1,14,0.58,false,1,
7290104570636,false,ממרח תמרים 450 גר`צמח שוקחה,מ.ד אטיאס סוכנויות מזון בע`מ,,,"י""ח",450,ל גרם,false,1,5.90,1.31,false,1,
7290104721953,false,לקט מסולסלים 350 גרם שטראוס טעם הטבע,שטראוס בריאות ירקות טריי,,,"י""ח",350,ל גרם,false,1,13,3.71,true,1,
7290104722530,false,תפוצ'יפס בטעם שמנת בצל עלית 200 גרם,"שטראוס פריטו ליי בע""\מ )",,,"י""ח",200,ל גרם,false,1,11.50,5.75,true,1,
7290104726262,false,רביעייה מעדן דני שוקולד דיסני לבנים 125 גרם,שטראוס גרופ בעמ/מצונן,,,"י""ח",500,ל גרם,false,1,10.90,2.18,true,1,
7290104726712,false,מארז 8 יחידות מעדן מילקי בטעם שוקולד עם קצפת,שטראוס גרופ בעמ/מצונן,,,"י""ח",868,"ל מ""ל",false,1,20.90,2.41,true,1,
7290104728310,false,"שמנת מתוקה עמידה 38% שומן ""יטבתה"" -מוצר בפיקוח",שטראוס גרופ בעמ/מצונן,,,"י""ח",250,"ל מ""ל",false,1,6.47,2.59,true,1,
7290104729003,false,"יד מרדכי - שמן זית כתית מעולה 2 קלאסי 750 מ""ל",מכוורת יד מרדכי שטרא,,,"י""ח",750,"ל מ""ל",false,1,34.90,4.65,true,1,
7290104859786,false,תבנית אלומניום בינונית R31 פאלאס 7 יח,פאלאס תעשיות נטו (2014) בעמ,,,"י""ח",1,,false,1,12.90,12.90,false,1,
7290104859793,false,תבנית אלומניום ענק R99 פאלאס 4 יח,פאלאס תעשיות נטו (2014) בעמ,,,"י""ח",1,,false,1,12.90,12.90,false,1,
7290104859809,false,תבנית אלומניום אינגליש R88 פאלאס 14 יח,פאלאס תעשיות נטו (2014) בעמ,,,"י""ח",1,,false,1,12.90,12.90,false,1,
7290104859816,false,תבנית אלומניום בינונית R2 פאלאס 7 יח,פאלאס תעשיות נטו (2014) בעמ,,,"י""ח",1,,false,1,12.90,12.90,false,1,
7290104859823,false,תבנית אלומניום עמוקה R64 פאלאס 8 יח,פאלאס תעשיות נטו (2014) בעמ,,,"י""ח",1,,false,1,12.90,12.90,false,1,
7290104859830,false,תבנית אלומניום עגולה c10 פאלאס 8 יח,פאלאס תעשיות נטו (2014) בעמ,,,"י""ח",1,,false,1,12.90,12.90,false,1,
7290104960239,false,תחליב רחצה בניחוח קמומיל נקה (7507 מל),טרופיקל דגיל תעשיות קוסמ,,,"י""ח",750,"ל מ""ל",false,1,9.90,1.32,false,1,
7290104960246,false,נקה 7 ארומה תחליב רחצה ורד יסמין 750 מ,טרופיקל דגיל תעשיות קוסמ,,,"י""ח",750,"ל מ""ל",false,1,9.90,1.32,false,1,
7290104962080,false,דאודורנט ספריי גוף טיטניום גולד Titanium Gold,החברה הדרומית לשיווק בעמ,,,"י""ח",150,"ל מ""ל",false,1,10.90,7.27,false,1,
7290104963001,false,סופטקר מגבונים לחים רביעייה בניחוח עדין,החברה הדרומית לשיווק בעמ,,,"י""ח",4,"י""ח",false,1,17.90,4.48,false,1,
7290104963650,false,נקה 7 שמפו אל דמע סופטקר 1 ליטר,החברה הדרומית לשיווק בעמ,,,"י""ח",1,ליטר,false,1,17.90,17.90,false,1,
7290104965661,false,קרליין דאו ספרי נושם סוויט קיס לנערות150,החברה הדרומית לשיווק בעמ,,,"י""ח",1,,false,1,13.90,13.90,false,1,
7290105360328,false,קפסולות אספרסו חזק למכונות נספרסו 10 יח',הנסיך- מפעל לייצור ט,,,"י""ח",50,ל גרם,false,1,19.90,39.80,true,1,
7290105360335,false,קפסולות אספרסו למכונות נספרסו 50 גר,הנסיך- מפעל לייצור ט,,,"י""ח",50,ל גרם,false,1,19.90,39.80,true,1,
7290105362339,false,"שמנת לבישול 15% 250 מ""ל יטבתה מהדרין",שטראוס גרופ בעמ/מצונן,,,"י""ח",250,"ל מ""ל",false,1,8.40,3.36,true,1,
7290105363602,false,מקלות כיף כף קלאסי עלית (40 גרם),שולן צ'\יקולטה גידה סאן.,,,"י""ח",40,ל גרם,false,1,4.80,12,true,1,
7290105364289,false,מקלות כיף כף פצפוצים עלית 40 גרם,שולן צ'\יקולטה גידה סאן.,,,"י""ח",40,ל גרם,false,1,4.80,12,true,1,
7290105364302,false,"עלית חטיף שוקולד כיף כף מקלות אגוזים, 40 גרם",שולן צ'\יקולטה גידה סאן.,,,"י""ח",40,ל גרם,false,1,4.80,12,true,1,
7290105364678,false,"אקטיביה משקה יוגורט בטעם אפרסק שטראוס 250 מ""ל",שטראוס גרופ בעמ/מצונן,,,"י""ח",250,"ל מ""ל",false,1,5,2,true,1,
7290105366023,false,סלט חצילים בטעם כבד אחלה 400 גרם,שטראוס גרופ בעמ/מצונן,,,"י""ח",400,ל גרם,false,1,14.90,3.73,true,1,
7290105366047,false,טחינה לבנה אחלה (400 גרם),שטראוס גרופ בעמ/מצונן,,,"י""ח",400,ל גרם,false,1,14.90,3.73,true,1,
7290105366993,false,סימפוניה גבינת שמנת פלפל שיפקה 5% שטראוס 200 גרם,שטראוס גרופ בעמ/מצונן,,,"י""ח",200,ל גרם,false,1,11.40,5.70,true,1,
7290105368331,false,מעדן מילקי בטעם תות עם קצפת,שטראוס גרופ בעמ/מצונן,,,"י""ח",130,"ל מ""ל",false,1,2.90,2.23,true,1,
7290105368904,false,"שמנת מתוקה להקצפה 32% שומן 250 מ""ל יוטבתה",שטראוס גרופ בעמ/מצונן,,,"י""ח",250,"ל מ""ל",false,1,7.60,3.04,true,1,
7290105369130,false,סימפוניה גבינת שמנת בצל ירוק 5% שטראוס 200 גרם,שטראוס גרופ בעמ/מצונן,,,"י""ח",200,ל גרם,false,1,11.40,5.70,true,1,
7290105436382,false,חטיף פרי תמרים קשיו ללא תוספת סוכר וגלוטן 5 יח,טבעית מוצרים מן הטבע בעמ,,,"י""ח",90,ל גרם,false,1,16.90,18.78,false,1,
7290105439499,false,מאסטר שף מאסטר שף מיונז 480 גר כשלפ,רמיה סי.וי. הולנד,,,"י""ח",481,ל גרם,false,1,11.90,2.47,false,1,
7290105474124,false,"מזון לכלבים בונזו מזון כלבים בשר 12 ק""ג מחולק",דיפלומט מפיצים (1968) בעמ**,,,"י""ח",12,"ק""ג",false,1,139.90,11.66,false,1,
7290105500748,false,וויסקי פיימוס גראוס The Famouse Grouse,מתיו גלוג אנד סאן,,,"י""ח",700,"ל מ""ל",false,1,109.90,15.66,true,1,
7290105691224,false,אסם חטיפי פריכונים טורטייה שום בצל 60 גרם,קבוצת אוסם סחר-שות.מוגבלת,,,"י""ח",60,ל גרם,false,1,8.10,13.50,false,1,
7290105691248,false,אסם חטיפי פריכונים טורטייה תירס 60 גרם,קבוצת אוסם סחר שותפות מוגבלת,,,"י""ח",60,ל גרם,false,1,8.10,13.50,false,1,
7290105691712,false,אסם עוגיות הפסקת קפה דגנים מלאים 230 גרם,קבוצת אוסם סחר שותפות מוגבלת,,,"י""ח",230,ל גרם,false,1,10.90,4.74,true,1,
7290105691934,false,קמח שמרים אסם 1 קילו,קבוצת אוסם סחר שותפות מוגבלת,,,"י""ח",1,"ק""ג",false,1,9.90,9.90,false,1,
7290105693341,false,מארז עשיריית במבה אסם 25*10 גרם,קבוצת אוסם סחר שותפות מוגבלת,,,"י""ח",250,ל גרם,false,1,17.90,7.16,true,1,
7290105694614,false,פסטה אוסם ספגטי מהיר הכנה 500 גרם,קבוצת אוסם סחר שותפות מוגבלת,,,"י""ח",500,ל גרם,false,1,6.90,1.38,true,1,
7290105695321,false,עוגת הבית בראוניז פאדג' אסם 380 גרם,קבוצת אוסם סחר שותפות מוגבלת,,,"י""ח",380,ל גרם,false,1,18.90,4.97,false,1,
7290105695895,false,עוגת הבית דמקה דבש אסם (320 גרם),קבוצת אוסם סחר-שות.מוגבלת,,,"י""ח",320,ל גרם,false,1,12.90,4.03,false,1,
7290105964564,false,חומוס אחלה 400 גרם. שטראוס,שטראוס גרופ בעמ/מצונן,,,"י""ח",400,ל גרם,false,1,8.50,2.13,true,1,
7290105965738,false,יוגורט לשתיה בטעם תות בננה267 ג' דנונה,שטראוס גרופ בעמ/מצונן,,,"י""ח",267,ל גרם,false,1,5,1.87,true,1,
7290105968654,false,רביולי עם בטטה פרווה שטראוס (400 גרם),שטראוס גרופ בעמ/מצונן,,,"י""ח",400,ל גרם,false,1,19.90,4.98,true,1,
7290105968777,false,פריכיות 5 דגנים עם תחתית שוקולד מריר 70 גרם,"טחנת האבן תעשיות בע""",,,"י""ח",1,,false,1,8.90,8.90,true,1,
7290106520066,false,"רבע לשבע שוקולד חלב במילוי אגוזים עלית 160 גרם בד""צ","הגביע מוצרי וופלים בע""\מ",,,"י""ח",160,ל גרם,false,1,12.90,8.06,true,1,
7290106520905,false,סלט טורקי אחלה (400 גרם),שטראוס גרופ בעמ/מצונן,,,"י""ח",400,ל גרם,false,1,14.90,3.73,true,1,
7290106520912,false,שמנת לבישול 9% שומן 258גר מהדרין יטבתה,שטראוס גרופ בעמ/מצונן,,,"י""ח",258,"ל מ""ל",false,1,8.40,3.26,true,1,
7290106521049,false,אחלה טעמי השוק קוביות סלק 400 גר,שטראוס גרופ בעמ/מצונן,,,"י""ח",500,ל גרם,false,1,14.90,2.98,true,1,
7290106521926,false,קפה טורקי בצלופן עלית 150 גרם,שטראוס קפה בי.ויn\.,,,"י""ח",150,ל גרם,false,1,13.50,9,true,1,
7290106524439,false,חטיף פופס תפוצ`יפס (60 גרם),"שטראוס פריטו ליי בע""\מ )",,,"י""ח",60,ל גרם,false,1,4.50,7.50,true,1,
7290106525368,false,גלילי וופל רבע לשבע אין סייד אוט 125 גר,"הגביע מוצרי וופלים בע""\מ",,,"י""ח",120,ל גרם,false,1,12.90,10.75,true,1,
7290106525399,false,קפסולות 06 ברזיל למכונות נספרסו עלית 10יח',הנסיך- מפעל לייצור ט,,,"י""ח",50,ל גרם,false,1,19.90,39.80,true,1,
7290106528567,false,חטיף תירס גריל דוריטוס (185 גרם),"שטראוס פריטו ליי בע""\מ )",,,"י""ח",185,ל גרם,false,1,6.90,3.73,true,1,
7290106528628,false,חטיף תירס בטעם טבעי דוריטוס (185 גרם),"שטראוס פריטו ליי בע""\מ )",,,"י""ח",185,ל גרם,false,1,6.90,3.73,true,1,
7290106528949,false,סלט ערוגות שטראוס 450 גר`-טעם הטבע,ביכורי השדה הצפון בעמ` 1964,,,"י""ח",450,ל גרם,false,1,12.90,2.87,true,1,
7290106572027,false,קרקר לחמית חמישה דגנים אסם (190 גרם),קבוצת אוסם סחר-שות.מוגבלת,,,"י""ח",230,ל גרם,false,1,9.90,4.30,true,1,
7290106572065,false,חטיפי טורטיה בטעם חמוץ מתוק אסם (60 גרם),קבוצת אוסם סחר שותפות מוגבלת,,,"י""ח",60,ל גרם,false,1,7.90,13.17,false,1,
7290106573277,false,חטיף קרקר קריספי עם זיתים כבושים,קבוצת אוסם סחר שותפות מוגבלת,,,"י""ח",150,ל גרם,false,1,12.90,8.60,false,1,
7290106573598,false,חומוס לבנוני צבר (400 גרם),קבוצת אוסם סחר שותפות מוגבלת,,,"י""ח",400,ל גרם,false,1,13.70,3.43,true,1,
7290106574120,false,גומי גם קרחון שרבט עם סוכריות 90 גר`נסט,נגה גלידות שותפות מוגבלת,,,"י""ח",1,,false,1,6.90,6.90,true,1,
7290106574977,false,בייגלה שטוחים טבעות עם מלח אסם (300 גרם),קבוצת אוסם סחר שותפות מוגבלת,,,"י""ח",300,ל גרם,false,1,11.80,3.93,false,1,
7290106576513,false,סלט רק חומוס צבר 400 גרם,קבוצת אוסם סחר שותפות מוגבלת,,,"י""ח",400,ל גרם,false,1,11.90,2.98,false,1,
7290106576537,false,חומוס מסעדה צבר (700 גרם),קבוצת אוסם סחר שותפות מוגבלת,,,"י""ח",700,ל גרם,false,1,12.70,1.81,false,1,
7290106576834,false,גלידה לה קרמריה פונטש בננה1.4 ל' נסטלה,נגה גלידות שותפות מוגבלת,,,"י""ח",1.40,ליטר,false,1,19.90,14.21,false,1,
7290106576858,false,גלידה לה קרמריה תותים בשמנת 1.4 ל' נסטלה,נגה גלידות שותפות מוגבלת,,,"י""ח",1.40,ליטר,false,1,19.90,14.21,false,1,
7290106576919,false,"לה קרמריה סורבה תות לימו 1.4 ליטר כשל""פ",נגה גלידות שותפות מוגבלת,,,"י""ח",1.40,ליטר,false,1,19.90,14.21,false,1,
7290106577039,false,גלידה לה קרמריה שוקו וניל פליק 1.4 ל' נסטלה,נגה גלידות שותפות מוגבלת,,,"י""ח",1.40,ליטר,false,1,19.90,14.21,false,1,
7290106577527,false,סלט קולסלאו כרוב לבן וגזר 400 ג' צבר,קבוצת אוסם סחר-שות.מוגבלת,,,"י""ח",400,ל גרם,false,1,13.70,3.43,true,1,
7290106577541,false,צבר כרוב אדום מרובע 400גרם,קבוצת אוסם סחר-שות.מוגבלת,,,"י""ח",400,ל גרם,false,1,13.70,3.43,true,1,
7290106578692,false,ביסלי במבה מיקס מהדורת אליפות אסם 80 גרם,קבוצת אוסם סחר שותפות מוגבלת,,,"י""ח",60,ל גרם,false,1,5.20,8.67,true,1,
7290106578821,false,הבית עוגת שמרים קלאסית בטעם שוקולד 350גר.,קבוצת אוסם סחר שותפות מוגבלת,,,"י""ח",350,ל גרם,false,1,18.50,5.29,false,1,
7290106653689,false,לקט לסלט אסייתי 350 גר`-טעם הטבע,ביכורי השדה הצפון בעמ` 1964,,,"י""ח",350,ל גרם,false,1,11.90,3.40,true,1,
7290106660410,false,"רביולי תרד וגבינה 400 גרם ""שטראוס""",שטראוס גרופ בעמ/מצונן,,,"י""ח",400,ל גרם,false,1,19.90,4.98,true,1,
7290106663121,false,"עוגה אישית במילוי קרם חלב ""מילקי קייק"" שטראוס",בובארד איטליה אס.פי.איי,,,"י""ח",34,ל גרם,false,1,3,8.82,true,1,
7290106663558,false,"רוטב טריאקי ורימון יד מרדכי 280מ""ל",אף.סי תבליני בגליל ב,,,"י""ח",280,"ל מ""ל",false,1,12.90,4.61,true,1,
7290106664562,false,רוטב שמנת עם פטריות 9% שומן 258 ג' יוטבתה,שטראוס גרופ בעמ/מצונן,,,"י""ח",200,ל גרם,false,1,10.90,5.45,true,1,
7290106666788,false,עלית - סוכריות נוסטלגיה דבש ממולאות 80 גרם,"שטראוס גרופ בע""מ",,,"י""ח",100,ל גרם,false,1,5.90,5.90,true,1,
7290106667266,false,חטיף תירס חמוץ חריף דוריטוס (185 גרם),"שטראוס פריטו ליי בע""\מ )",,,"י""ח",185,ל גרם,false,1,7.90,4.27,true,1,
7290106720626,false,חטיף תירס בטעם גבינה צ`יטוס (80 גרם),"שטראוס פריטו ליי בע""\מ )",,,"י""ח",80,ל גרם,false,1,4.90,6.13,true,1,
7290106721920,false,צנצנת מסטיק מאסט בטעם ספירמינט עדין 66 ג' עלית,"שטראוס גרופ בע""\מ.",,,"י""ח",66,ל גרם,false,1,9.90,15,true,1,
7290106723689,false,עלי תרד בייבי 200 גר`שטראוס טעם הטבע,ביכורי השדה הצפון בעמ` 1964,,,"י""ח",200,ל גרם,false,1,11.90,5.95,true,1,
7290106729650,false,יוגורט עם תות מאגדת 8 יח' * 150ג' דנונה,שטראוס גרופ בעמ/מצונן,,,"י""ח",1.20,ליטר,false,1,25,20.83,true,1,
7290107280075,false,סנו סושי תבנית אלומיניום לארג 4יח,החברה הדרומית לשיווק בעמ,,,"י""ח",1,,false,1,9.90,9.90,false,1,
7290107280082,false,מארז 7 תבניות אלומיניום מוארכות לאפייה אינגליש קייק,החברה הדרומית לשיווק בעמ,,,"י""ח",1,,false,1,9.90,9.90,false,1,
7290107280099,false,שלישיית מגובנים נשטפים באסלה סופט סוד 48 יחידות,החברה הדרומית לשיווק בעמ,,,"י""ח",3,"י""ח",false,1,15.90,5.30,false,1,
7290107280600,false,טבליות למדיח סנו ספארק 100 טבליות במארז,החברה הדרומית לשיווק בעמ,,,"י""ח",100,"י""ח",false,1,54.90,0.55,false,1,
7290107280716,false,מלח למדיח להגנה מפני אבנית סנו ספארק Spark,החברה הדרומית לשיווק בעמ,,,"י""ח",2,"ק""ג",false,1,12.90,6.45,false,1,
7290107280761,false,נוזל לניקוי כלים בניחוח לימון רענן סנו ספארק Spark,החברה הדרומית לשיווק בעמ,,,"י""ח",1,ליטר,false,1,12.90,12.90,false,1,
7290107645591,false,אבקת מרק בטעם עוף 100% רכיבים טבעיים 400 גרם,יוניליוור ישראל שיווק בע`מ,,,"י""ח",400,ל גרם,false,1,14.90,3.73,false,1,
7290107646147,false,"חטיף שוגי קורנפלקס תלמה 156 גרם מארז 6 יחידות בד""צ",יוניליוור ישראל שיווק בע`מ,,,"י""ח",156,ל גרם,false,1,13.90,8.91,false,1,
7290107646154,false,"חטיף קוקומן פצפוצים תלמה 126 גרם מארז 6 יחידות בד""צ","יוניליוור ישראל שיווק בע""מ",,,"י""ח",156,ל גרם,false,1,13.90,8.91,false,1,
7290107646826,false,"חטיף שוגי שוקו תלמה 156 גרם מארז 6 יחידות בד""צ","יוניליוור ישראל שיווק בע""מ",,,"י""ח",156,ל גרם,false,1,13.90,8.91,false,1,
7290107647366,false,דומסטוס סבון אסלה 5 הפועלות בניחות ליים 3 יח' * 55 ג',"יוניליוור ישראל שיווק בע""מ",,,"י""ח",165,"ל מ""ל",false,1,16,9.70,false,1,
7290107647731,false,קוקומן חום לבן 20% פחות סוכר 375 גרם ב,יוניליוור ישראל שיווק בע`מ,,,"י""ח",375,ל גרם,false,1,19.90,5.31,true,1,
7290107647816,false,"ברנפלקס ללא תוספת סוכר תלמה בד""ץ 500 גרם","יוניליוור ישראל שיווק בע""מ",,,"י""ח",500,ל גרם,false,1,20.90,4.18,false,1,
7290107649605,false,קליק אקסטרא לארג שוקולד חלב עם פתיתי תירס ודגנים,יוניליוור ישראל שיווק בע`מ,,,"י""ח",100,ל גרם,false,1,5.90,5.90,true,1,
7290107870047,false,טילון אקסטרים115-120 גרם ענק נסטלה 120 גרם,נגה גלידות שותפות מוגבלת,,,"י""ח",115,ל גרם,false,1,9.90,8.61,true,1,
7290107871990,false,פסטה צינורות מהדרין אסם (500 גרם),קבוצת אוסם סחר שותפות מוגבלת,,,"י""ח",500,ל גרם,false,1,6.90,1.38,true,1,
7290107874502,false,ביסלי גריל קדמ. מארז אחיד 10 4*55 גרם,קבוצת אוסם סחר שותפות מוגבלת,,,"י""ח",210,ל גרם,false,1,12.90,6.14,true,1,
7290107875400,false,גלידה לה קרמריה פיסטוק מוקה 1.4 ל' נסטלה,נגה גלידות שותפות מוגבלת,,,"י""ח",1.40,ליטר,false,1,19.90,14.21,false,1,
7290107877619,false,מארז במבה במילוי קרם נוגט 5*30ג' אסם,קבוצת אוסם סחר שותפות מוגבלת,,,"י""ח",150,ל גרם,false,1,14.90,9.93,true,1,
7290107879569,false,קרחון לה פרוטה שרבט מנגו מאגדת 5יח',נגה גלידות שותפות מוגבלת,,,"י""ח",350,ל גרם,false,1,26.90,7.69,false,1,
7290107879699,false,קרחון שרבט מנגו לה פרוטה נסטלה 70 גרם,גלידות נסטלה )נגה גלידות,,,"י""ח",70,ל גרם,false,1,7.90,11.29,true,1,
7290107932080,false,חלב 3% מועשר בבקבוק יטבתה (1 ליטר),שטראוס גרופ בעמ/מצונן,,,"י""ח",1,ליטר,false,1,7.70,7.70,true,1,
7290107932134,false,חלב מועשר 1% בבקבוק יטבתה (1 ליטר),שטראוס גרופ בעמ/מצונן,,,"י""ח",1,ליטר,false,1,7.70,7.70,true,1,
7290107933155,false,לקט סלנובה 200 גר ירקות שטראוס טעם הטבע,שטראוס בריאות ירקות טריי,,,"י""ח",200,ל גרם,false,1,13.90,6.95,true,1,
7290107933193,false,סלק בוואקום מבושל שטראוס (500 גרם),ביכורי השדה הצפון בעמ` 1964,,,"י""ח",500,ל גרם,false,1,8.90,1.78,true,1,
7290107934473,false,שמינייה יוגורט לבן אקטיביה 1.5% דנונה 150 גרם,שטראוס גרופ בעמ/מצונן,,,"י""ח",1.20,ליטר,false,1,19.90,16.58,true,1,
7290107936309,false,דנונה יוגורט 7% יווני לבן 130 ג',שטראוס גרופ בעמ/מצונן,,,"י""ח",130,ל גרם,false,1,3.50,2.69,true,1,
7290107937856,false,קפסולות 11חזק למכונות נספרסו עלית 10יח',הנסיך- מפעל לייצור ט,,,"י""ח",50,ל גרם,false,1,19.90,39.80,true,1,
7290107938396,false,שמיניית אקטימל תות דיסני בנים 108 גרם,שטראוס גרופ בעמ/מצונן,,,"י""ח",800,"ל מ""ל",false,1,20.90,2.61,true,1,
7290107939027,false,גזר דק דק 250 גר שטראוס ירקות טעם הטבע,ביכורי השדה הצפון בעמ` 1964,,,"י""ח",250,ל גרם,false,1,7.90,3.16,true,1,
7290107940030,false,"חומוס אחלה מופחת שומן 650 גרם ""אחלה""","שטראוס גרופ ***בע""מ",,,"י""ח",500,ל גרם,false,1,9.90,1.98,true,1,
7290107943369,false,קוואקר שיבולת שועל ללא גלוטן 511 גר'.,שטראוס פריטו ליי בע`מ,,,"י""ח",511,ל גרם,false,1,18.90,3.70,true,1,
7290107944472,false,סימפוניה גבינה במרקם שמנת 5% שום שמיר,שטראוס גרופ בעמ/מצונן,,,"י""ח",200,ל גרם,false,1,11.40,5.70,true,1,
7290107950190,false,מעדן חלב דל קלוריות בטעם שוקולד מריר 0.5% שומן,שטראוס גרופ בעמ/מצונן,,,"י""ח",130,ל גרם,false,1,3.30,2.54,true,1,
7290107950206,false,מעדן דיאט שוקולד שטראוס 130 גרם,שטראוס גרופ בעמ/מצונן,,,"י""ח",130,ל גרם,false,1,3.30,2.54,true,1,
7290107953559,false,"מארז קפה טורקי עלית לדרך כשל""פ 168 גרם",הנסיך- מפעל לייצור ט,,,"י""ח",168,ל גרם,false,1,18.90,11.25,true,1,
7290107954709,false,"קונפיטורת פירות יער ""יד מרדכי"" 340 גר'",שטראוס גרופ בע`מ,,,"י""ח",340,ל גרם,false,1,13.60,4,true,1,
7290107956642,false,"תרסיס שמן זית 150 מ""ל יד מרדכי כשלפ",פארייפאבה אגרואינדוס,,,"י""ח",150,ל גרם,false,1,17.90,11.93,true,1,
7290107956901,false,קפסולות בטעם אגוזים למכונת נספרסו עלית 10 יחידות,שטראוס קפה בי.וי.,,,"י""ח",50,ל גרם,false,1,19.90,39.80,true,1,
7290107956925,false,קפסולות 13 אוגנדה למכונת נספרסו עלית 10יח',שטראוס קפה בי.וי.,,,"י""ח",50,ל גרם,false,1,19.90,39.80,true,1,
7290107957991,false,מילקי CAKE מיניס קרם חלב בציפוי שוקולד חלב שקית 16X9ג',בובארד איטליה אס.פי.איי,,,"י""ח",144,ל גרם,false,1,13.90,9.65,true,1,
7290107973861,false,מאסטר שף עגבניות קצוצות דק שלישיה 400ג*3 כשלפ,קונסרזיו קאסאלאסקו ד,,,"י""ח",1.20,"ק""ג",false,1,16.90,14.08,false,1,
7290107974073,false,מנה עלי טורטיה קמח לבן מ.שף 20 סמ 320 גר,אלקאטי קורביישיסי גי,,,"י""ח",320,ל גרם,false,1,10.90,3.41,false,1,
7290107974806,false,"אורז בסגנון בסמטי 1ק""ג מאסטר שף",דווה סינג שיהם סינג,,,"י""ח",1,"ק""ג",false,1,11.90,11.90,false,1,
7290107975346,false,ספיד סטיק - דאודורנט ג'ל לגבר כוח הטבע 85 גרם,קולגייט-פלמוליב,,,"י""ח",1,"י""ח",false,1,24.90,24.90,true,1,
7290107975544,false,"קולגייט משחת שיניים סמיילס ברבי לגילאי 6 50מ""ל",קולגייט- פלמוליב,,,"י""ח",66,ל גרם,false,1,11.90,18.03,false,1,
7290107978347,false,איטריות בינוניות מאסטר שף 400 גרם,הדקלאים אגודת שיתופי,,,"י""ח",400,ל גרם,false,1,5.90,1.48,true,1,
7290107978453,false,חטיף בטעם גריל קראנצ,ש. שסטוביץ בע`מ,,,"י""ח",55,ל גרם,false,1,3.50,6.36,true,1,
7290108201284,false,איירוויק מקלות ריחניים בניחוח לבנדר מתוק,רקיט בנקיזר (ניר איסט) בעמ,,,"י""ח",30,"ל מ""ל",false,1,15.90,53,true,1,
7290108350142,false,"שקיות רב שימושיות גדולות 25*35 ס""מ סנו סושי 270 יחידות",החברה הדרומית לשיווק בעמ,,,"י""ח",1,,false,1,14.90,14.90,false,1,
7290108350531,false,סנו ספארק נוזל כלים בניחוח קלאסי עם משאבה 1 ל',מיוצר עי קונדיטוריית,,,"י""ח",1,ליטר,false,1,12.90,12.90,false,1,
7290108350548,false,סנו ספארק נוזל כלים בניחוח לבנדר עם משאבה 1 ל',החברה הדרומית לשיווק בעמ,,,"י""ח",1,ליטר,false,1,12.90,12.90,false,1,
7290108350586,false,נוזל לניקוי כלים סנו ספארק Spark בניחוח לימון רענן,החברה הדרומית לשיווק בעמ,,,"י""ח",1.50,ליטר,false,1,15.90,10.60,false,1,
7290108350616,false,סנו - מקסימה מרכך כביסה מרוכז פריחה כחולה 1 ליטר,החברה הדרומית לשיווק בעמ,,,"י""ח",1,ליטר,false,1,17.90,17.90,false,1,
7290108350623,false,מרכך כביסה סופר מרוכז סופט סילק מקסימה 1 ל' סנו,החברה הדרומית לשיווק בעמ,,,"י""ח",1,ליטר,false,1,17.90,17.90,false,1,
7290108351156,false,ג'ל ניקוי כללי בתוספת חומץ בריח לבנדר סנו ג'ט 1.5 ליטר,החברה הדרומית לשיווק בעמ,,,"י""ח",1.50,ליטר,false,1,15.90,10.60,false,1,
7290108351521,false,סנו מקסימה ג`ל כביסה מרוכז 5 ל`מאסק,החברה הדרומית לשיווק בעמ,,,"י""ח",5,ליטר,false,1,46.90,9.38,false,1,
7290108351569,false,מבשם ומרכך למייבש כביסה Baby לתינוקות ולעור רגיש,החברה הדרומית לשיווק בעמ,,,"י""ח",750,"ל מ""ל",false,1,17.90,2.39,true,1,
7290108351675,false,סנו מקסימה ג`ל כביסה מרוכז 5 ל`צבעוני,החברה הדרומית לשיווק בעמ,,,"י""ח",5,ליטר,false,1,46.90,9.38,false,1,
7290108351781,false,ג'ל לניקוי אסלות + חומץ ומלח לימון בריח הדרים,החברה הדרומית לשיווק בעמ,,,"י""ח",750,"ל מ""ל",false,1,9.90,1.32,true,1,
7290108351804,false,מרכך כביסה סופר מרוכז Gentl Breeze סנו מקסימה 1 ליטר,החברה הדרומית לשיווק בעמ,,,"י""ח",1,ליטר,false,1,17.90,17.90,false,1,
7290108352054,false,אורביטול - צמד מברשות שיניים 980 + חוט דנטלי במתנה,החברה הדרומית לשיווק בעמ,,,"י""ח",1,,false,1,19.90,19.90,false,1,
7290108352337,false,"מטהר אויר פרש הום אוטומטיק מלון מפנק 250 מ""ל",החברה הדרומית לשיווק בעמ,,,"י""ח",165,ל גרם,false,1,13.90,8.42,false,1,
7290108352535,false,דפי בישום לחים למייבש הכביסה בניחוח מרכך כביסה 20 יח' מקסימה,החברה הדרומית לשיווק בעמ,,,"י""ח",750,"ל מ""ל",false,1,12.90,1.72,true,1,
7290108352597,false,דלי מגבונים לניקוי כללי סנו 400 יחידות,החברה הדרומית לשיווק בעמ,,,"י""ח",400,"י""ח",false,1,29.90,0.07,false,1,
7290108352641,false,סנו סושי מטלית הפלא לניקוי כללי במארז שלישייה,החברה הדרומית לשיווק בעמ,,,"י""ח",3,"י""ח",false,1,14.90,4.97,false,1,
7290108352672,false,צמד מטליות הפלא לרצפה מיקרפייבר סנו סושי,החברה הדרומית לשיווק בעמ,,,"י""ח",2,"י""ח",false,1,23.90,11.95,false,1,
7290108352801,false,"שקיות אשפה לפחים קטנים 45 * 56 ס""מ סנו סושי 100 יחידות",החברה הדרומית לשיווק בעמ,,,"י""ח",100,"י""ח",false,1,19.90,0.20,false,1,
7290108352900,false,מגבות נייר בגליל כפול סנו סושי 12=6 גלילים,החברה הדרומית לשיווק בעמ,,,"י""ח",84.64,מטר,false,1,24.90,0.29,false,1,
7290108352931,false,כפפות ניטריל כחולות 80 יח' L סנו סושי,החב. הדרומית לשיווק,,,"י""ח",80,"י""ח",false,1,29.90,0.37,false,1,
7290108353006,false,סנו סושי - שקיות אוכל נקשרות 250 יחידות XL,החברה הדרומית לשיווק בעמ,,,"י""ח",1,,false,1,11.90,11.90,false,1,
7290108353068,false,ספוג הפלא נירוסטה עם סיבי קירצוף סנו סושי 2 יח',החברה הדרומית לשיווק בעמ,,,"י""ח",1,,false,1,11.90,11.90,false,1,
7290108353532,false,"שקיות אשפה חזקות עם שרוך לארג' 54 * 65 ס""מ סנו סושי 100 יחידות",החברה הדרומית לשיווק בעמ,,,"י""ח",100,"י""ח",false,1,34.90,0.35,false,1,
7290108353648,false,סנו סושי - שקיות אוכל מנייר 70 יחידות,החברה הדרומית לשיווק בעמ,,,"י""ח",70,"י""ח",false,1,13.90,0.20,false,1,
7290108353662,false,"סנו סושי מפת שולחן מוטבעת 120*270 ס""מ",החברה הדרומית לשיווק בעמ,,,"י""ח",1,,false,1,9.90,9.90,false,1,
7290108353778,false,"נקה 7 - תחליב רחצה שוודיה בניחוח פיטנגו 750 מ""ל",החברה הדרומית לשיווק בעמ,,,"י""ח",750,"ל מ""ל",false,1,9.90,1.32,false,1,
7290108353792,false,"נקה 7 - תחליב רחצה יפן בניחוח פריחת הדובדבן 750 מ""ל",החברה הדרומית לשיווק בעמ,,,"י""ח",750,"ל מ""ל",false,1,9.90,1.32,false,1,
7290108353808,false,"תחליב רחצה מדגסקר נקה 7 בניחוח אמבר 750 מ""ל",החברה הדרומית לשיווק בעמ,,,"י""ח",750,"ל מ""ל",false,1,9.90,1.32,false,1,
7290108353839,false,סושי כפפות ניטריל שחורות 80 יחידות M,החברה הדרומית לשיווק בעמ,,,"י""ח",80,"י""ח",false,1,29.90,0.37,false,1,
7290108353846,false,סושי כפפות ניטריל שחורות 80 יחידות L,החברה הדרומית לשיווק בעמ,,,"י""ח",80,"י""ח",false,1,29.90,0.37,false,1,
7290108354430,false,"כיף שמפו לשיקום והזנה,שמן קוקוס וקרטין 700 מ""ל",החברה הדרומית לשיווק בעמ,,,"י""ח",700,"ל מ""ל",false,1,13.90,1.99,false,1,
7290108354607,false,"שמפו בניחוח מי קקטוס ושמן באבאסו 750 מ""ל נקה 7",החברה הדרומית לשיווק בעמ,,,"י""ח",750,"ל מ""ל",false,1,12.90,1.72,false,1,
7290108355000,false,שמפו לילדים מיניונים נקה 7 (750 מל),החברה הדרומית לשיווק בעמ,,,"י""ח",750,"ל מ""ל",false,1,10.90,1.45,false,1,
7290108355017,false,מרכך לילדים מיניונים נקה 7 (750 מל),החברה הדרומית לשיווק בעמ,,,"י""ח",750,"ל מ""ל",false,1,10.90,1.45,false,1,
7290108355161,false,"מרכך שיער שמני הזנה 750 מ""ל נקה 7",החברה הדרומית לשיווק בעמ,,,"י""ח",750,"ל מ""ל",false,1,12.90,1.72,false,1,
7290108356151,false,תחליב רחצה כיף ניחוחמאסק יסמין 700 מל,החברה הדרומית לשיווק בעמ,,,"י""ח",750,"ל מ""ל",false,1,13.90,1.85,false,1,
7290108356168,false,תחליב רחצה כיף ניחוח אוקיינס700 מל,החברה הדרומית לשיווק בעמ,,,"י""ח",750,"ל מ""ל",false,1,13.90,1.85,false,1,
7290108356519,false,קרליין שמפו 10למניעת קשקשים 700מל,החברה הדרומית לשיווק בעמ,,,"י""ח",700,"ל מ""ל",false,1,14.90,2.13,true,1,
7290108356854,false,מגבונים לחים בניחוח עדין - 5 יחידות במארז,החברה הדרומית לשיווק בעמ,,,"י""ח",1,,false,1,19.90,19.90,false,1,
7290108356861,false,מגבוני בייבי כיף ללא בישום מארז חמישייה,החברה הדרומית לשיווק בעמ,,,"י""ח",1,,false,1,19.90,19.90,false,1,
7290108357028,false,"תחליב רחצה כיף ורד ושמן קוקוי 700 מ""ל",החברה הדרומית לשיווק בעמ,,,"י""ח",700,"ל מ""ל",false,1,13.90,1.99,false,1,
7290108357189,false,"מבשם ומרכך למייבש הכביסה מקסימה פלורל 750 מ""ל סנו",החברה הדרומית לשיווק בעמ,,,"י""ח",750,"ל מ""ל",false,1,17.90,2.39,true,1,
7290108357202,false,סנוקליר לניקוי בניחוח בלו בלוסום 1 ליטר,החברה הדרומית לשיווק בעמ,,,"י""ח",1,ליטר,false,1,11.90,11.90,false,1,
7290108357271,false,סנובון ג'ל לניקוי אסלות עם חמצן פעיל לניקוי עוצמתי,החברה הדרומית לשיווק בעמ,,,"י""ח",750,"ל מ""ל",false,1,10.90,1.45,false,1,
7290108357288,false,אקונומיקה ז'אוול בניחוח פריחה לבנה 4 ל' סנו,החברה הדרומית לשיווק בעמ,,,"י""ח",4,ליטר,false,1,16.90,4.23,false,1,
7290108357653,false,סנובון ג'ל לאסלה שלישיה בניחוח אוקיינוס,החברה הדרומית לשיווק בעמ,,,"י""ח",65,"ל מ""ל",false,1,15.90,24.46,false,1,
7290108357707,false,"כיף שמפו לשיער רגיל- תפוח זרעי צ'יה 700 מ""ל",החברה הדרומית לשיווק בעמ,,,"י""ח",700,"ל מ""ל",false,1,13.90,1.99,false,1,
7290108357714,false,"כיף שמפו לשיער יבש -רימונים ושמן ארגן 700 מ""ל",החברה הדרומית לשיווק בעמ,,,"י""ח",700,"ל מ""ל",false,1,13.90,1.99,false,1,
7290108357769,false,"מרכך לשיער רגיל תפוח וזרעי צ'יה 700 מ""ל כיף",החברה הדרומית לשיווק בעמ,,,"י""ח",700,"ל מ""ל",false,1,13.90,1.99,false,1,
7290108359176,false,סופט ממחטות אף צמד בשקית לושן 3 שכבות,החברה הדרומית לשיווק בעמ,,,"י""ח",650,ל גרם,false,1,13.90,2.14,true,1,
7290108359855,false,"שמפו אל דמע בייבי כיף+משאבה 750 מ""ל",החברה הדרומית לשיווק בעמ,,,"י""ח",750,"ל מ""ל",false,1,17.90,2.39,false,1,
7290108359879,false,"אלסבון בייבי כיף+משאבה 750 מ""ל",החברה הדרומית לשיווק בעמ,,,"י""ח",750,"ל מ""ל",false,1,17.90,2.39,false,1,
7290108500677,false,כבד דג שיבוט בשמן דג וילי פוד 115 גרם,ג. וילי-פוד אינטרנשיונל בע`מ,,,"י""ח",115,ל גרם,false,1,9.50,8.26,true,1,
7290108501827,false,קדאיף שערות בצק ויליפוד 450 גרם,ג.וילי-פוד אינטרנשיונל **גבינו,,,"י""ח",450,ל גרם,false,1,19.90,4.42,false,1,
7290108502251,false,קרקרים בטעם טבעי ויליפוד 250 גרם,ג. וילי-פוד אינטרנשיונל בע`מ,,,"י""ח",250,ל גרם,false,1,5.90,2.36,false,1,
7290108502268,false,קרקרים במליחות מעודנת ויליפוד 250 גרם,ג. וילי-פוד אינטרנשיונל בע`מ,,,"י""ח",250,ל גרם,false,1,5.90,2.36,false,1,
7290108504286,false,איבריקו צ'אנק ויליפוד 150 גרם,ג.וילי-פוד אינטרנשיונל **גבינו,,,"י""ח",150,ל גרם,false,1,16.90,11.27,true,1,
7290108504293,false,מנצ`גו צ`אנק 150 גרם ויליפוד,ג.וילי-פוד אינטרנשיונל **גבינו,,,"י""ח",150,ל גרם,false,1,20.90,13.93,true,1,
7290108506495,false,"כנאפה מאפה בצק ""שערות"" קדאיף וגבינה",ג.וילי-פוד אינטרנשיונל **גבינו,,,"י""ח",192,ל גרם,false,1,13.90,7.24,true,1,
7290108507010,false,מאפה בורקס מים תורכי תרד וגבינה ויליפוד 300 גרם,ג.וילי-פוד אינטרנשיונל **גבינו,,,"י""ח",30,ל גרם,false,1,10.90,36.33,false,1,
7290108509137,false,"גבינה בולגרית מעודנת 5% שומן 250 גרם חת""ס פ""ת",ג.וילי-פוד אינטרנשיונל **גבינו,,,"י""ח",250,ל גרם,false,1,13.90,5.56,false,1,
7290109351209,false,קרחון שרבט אננס תפוז לה פרוטה נסטלה 70 גרם,נגה גלידות שותפות מוגבלת,,,"י""ח",70,ל גרם,false,1,7.90,11.29,true,1,
7290109351957,false,פריכיות פיטנס מיני גדולות שוקולד חלב 100ג',קבוצת אוסם סחר שותפות מוגבלת,,,"י""ח",100,ל גרם,false,1,9.70,9.70,false,1,
7290109354996,false,פתי בר ללא גלוטן שוקו 200 גרם אסם,קבוצת אוסם סחר שותפות מוגבלת,,,"י""ח",200,ל גרם,false,1,12.90,6.45,true,1,
7290109358482,false,עוגיות קרמוגית במילוי קרם בטעם חלבה,קבוצת אוסם סחר שותפות מוגבלת,,,"י""ח",200,ל גרם,false,1,10.90,5.45,true,1,
7290109580050,false,נקניקיות צ'וריסוס וונדרס 0% בשר טבעוני ללא גלוטן,זוגלובק שיווק בעמ ו/או וונדרס,,,"י""ח",226,ל גרם,false,1,29.90,13.23,true,1,
7290109580135,false,זוגלובק פרימיום קורנדביף 180 גרם,נקניק זוגלובק נהריה,,,"י""ח",180,ל גרם,false,1,24.90,13.83,false,1,
7290109580166,false,סרוולד קלאסי פרימיום 150 גרם זוגלובק,נקניק זוגלובק נהריה,,,"י""ח",150,ל גרם,false,1,24.90,16.60,false,1,
7290109580210,false,נקנקיות ריינהולד'ס הצרפתיה זוגלובק 300 ג',נקניק זוגלובק נהריה,,,"י""ח",300,ל גרם,false,1,19.90,6.63,false,1,
7290109580227,false,נקניקיות עוף ובקר בסגנון ברלינאי קאריוורסט,נקניק זוגלובק נהריה,,,"י""ח",300,ל גרם,false,1,19.90,6.63,false,1,
7290109580302,false,מארז זוג תה מעושן 350+חזה עוף 350 זוגלובק,זוגלובק שיווק בעמ,,,"י""ח",700,ל גרם,false,1,31.90,4.56,false,1,
7290109580326,false,נקניקיות עוף זוגלובק 800 גרם בית יוסף,זוגלובק שיווק בעמ,,,"י""ח",800,ל גרם,false,1,24.90,3.11,false,1,
7290109920665,false,אסטוניש מרסס מסיר אוכל שרוף במטבח יעקובי,יעקב יעקבי ובניו בע`מ,,,"י""ח",750,"ל מ""ל",false,1,16.90,2.25,true,1,
7290110110369,false,"שישייה בירה קרלסברג LUMA בקבוק 330 מ""ל",החברה המרכזית להפצת משקאות בעמ,,,"י""ח",1.98,ליטר,false,1,39.90,19.24,true,1,
7290110110574,false,פחית קוקה קולה סליק זירו לימון 330 מל,החברה המרכזית להפצת משקאות בעמ,,,"י""ח",330,"ל מ""ל",false,1,4.60,1.30,true,1,
7290110110635,false,ספרייט 0.5 ליים חייב פקדון,החברה המרכזית להפצת משקאות בעמ,,,"י""ח",500,"ל מ""ל",false,1,6.30,1.20,true,1,
7290110110659,false,"ספרייט לימון ליים פחית 330מ""ל",החברה המרכזית להפצת משקאות בעמ,,,"י""ח",330,"ל מ""ל",false,1,4.60,1.30,true,1,
7290110111557,false,"משקה ספורט איזוטוני בטעם פירות 500 מ""ל פאוורייד",החברה המרכזית להפצת משקאות בעמ,,,"י""ח",500,"ל מ""ל",false,1,9.90,1.92,true,1,
7290110111564,false,"משקה ספורט איזוטוני בטעם הדרים ליין 500 מ""ל פאוורייד",החברה המרכזית להפצת משקאות בעמ,,,"י""ח",500,"ל מ""ל",false,1,9.90,1.92,true,1,
7290110113476,false,בירה קרלסברג ללא אלכוהול - שישייה,החברה המרכזית להפצת משקאות בעמ,,,"י""ח",1.98,ליטר,false,1,28.90,13.69,false,1,
7290110114787,false,נביעות+ מים מינרליים בטעם תפוח 1.5 ליטר,החברה המרכזית להפצת משקאות בעמ,,,"י""ח",1.50,ליטר,false,1,9,5.80,false,1,
7290110114794,false,נביעות+ מים מינרליים בטעם אפרסק 1.5 ליטר,החברה המרכזית להפצת משקאות בעמ,,,"י""ח",1.50,ליטר,false,1,9,5.80,false,1,
7290110114800,false,נביעות+ מים מינרליים בטעם ענבים 1.5 ליטר,החברה המרכזית להפצת משקאות בעמ,,,"י""ח",1.50,ליטר,false,1,9,5.80,false,1,
7290110114855,false,"נביעות מים מינרליים, שישיה 6 * 1.5 ליטר פקדון",החברה המרכזית להפצת משקאות בעמ,,,"י""ח",9,ליטר,false,1,14,1.36,false,1,
7290110114893,false,מיץ תפוזים מפוסטר סחוט 2 ליטר,*החברה המרכזית להפצת משקאותבעמ,,,"י""ח",2,ליטר,false,1,28.90,14.30,false,1,
7290110114916,false,מיץ סחוט לימונענע פריגת 2 ליטר,*החברה המרכזית להפצת משקאותבעמ,,,"י""ח",2,ליטר,false,1,28.90,14.30,false,1,
7290110114954,false,מיץ תפוזים מתקתקים פריגת 2 ליטר,*החברה המרכזית להפצת משקאותבעמ,,,"י""ח",2,ליטר,false,1,20.90,10.30,false,1,
7290110114961,false,משקה קל בטעם תפוזים פריגת (1.5 ליטר),החברה המרכזית להפצת משקאות בעמ,,,"י""ח",1.50,ליטר,false,1,9,5.80,false,1,
7290110114985,false,משקה קל בטעם אשכוליות פריגת (1.5 ליטר),החברה המרכזית להפצת משקאות בעמ,,,"י""ח",1.50,ליטר,false,1,9,5.80,false,1,
7290110115005,false,משקה קל בטעם ענבים פריגת (1.5 ליטר),החברה המרכזית להפצת משקאות בעמ,,,"י""ח",1.50,ליטר,false,1,9,5.80,false,1,
7290110115036,false,משקה קל בטעם מנגו פריגת (1.5 ליטר),החברה המרכזית להפצת משקאות בעמ,,,"י""ח",1.50,ליטר,false,1,9,5.80,false,1,
7290110115043,false,משקה קל בטעם לימונענע פריגת (1.5 ליטר),החברה המרכזית להפצת משקאות בעמ,,,"י""ח",1.50,ליטר,false,1,9,5.80,false,1,
7290110115050,false,משקה קל בטעם תות בננה פריגת (1.5 ליטר),החברה המרכזית להפצת משקאות בעמ,,,"י""ח",1.50,ליטר,false,1,9,5.80,false,1,
7290110115081,false,פריגת צלול ענבים 1.5 ליטר פיקדון,החברה המרכזית להפצת משקאות בעמ,,,"י""ח",1.50,ליטר,false,1,8.60,5.53,false,1,
7290110115104,false,פריגת צלול אפרסק 1.5 ליטר פיקדון,החברה המרכזית להפצת משקאות בעמ,,,"י""ח",1.50,ליטר,false,1,8.60,5.53,false,1,
7290110115128,false,פריגת צלול בטעם לימונענע 1.5 ליטר פיקדון,החברה המרכזית להפצת משקאות בעמ,,,"י""ח",1.50,ליטר,false,1,8.60,5.53,false,1,
7290110115180,false,נביעות מים מינרלים שקט 1.5 ליטר פיקדון,החברה המרכזית להפצת משקאות בעמ,,,"י""ח",1.50,ליטר,false,1,3.10,1.87,false,1,
7290110115203,false,קוקה קולה 1.5 ליטר פיקדון,החברה המרכזית להפצת משקאות בעמ,,,"י""ח",150,"ל מ""ל",false,1,9,5.80,false,1,
7290110115210,false,קוקה קולה דיאט 1.5 ליטר פיקדון,החברה המרכזית להפצת משקאות בעמ,,,"י""ח",1.50,ליטר,false,1,8.30,5.33,false,1,
7290110115227,false,קוקה קולה Zero בקבוק 1.5 ליטר פיקדון,החברה המרכזית להפצת משקאות בעמ,,,"י""ח",1.50,ליטר,false,1,8.90,5.73,false,1,
7290110115234,false,קוקה קולה דיאט זירו 1.5 ליטר פיקדון,החברה המרכזית להפצת משקאות בעמ,,,"י""ח",1.50,ליטר,false,1,8.30,5.33,false,1,
7290110115265,false,ספרייט לימון ליים 1.5 ליטר-,החברה המרכזית להפצת משקאות בעמ,,,"י""ח",1.50,ליטר,false,1,9,5.80,true,1,
7290110115272,false,ZERO ספרייט 1.5 ליטר פיקדון,החברה המרכזית להפצת משקאות בעמ,,,"י""ח",1.50,ליטר,false,1,9,5.80,true,1,
7290110115296,false,גזוז בטעם תפוז פאנטה 1.5 ליטר פיקדון,החברה המרכזית להפצת משקאות בעמ,,,"י""ח",1.50,ליטר,false,1,8.80,5.67,true,1,
7290110115319,false,פאנטה אקזוטי פירות טרופיים 1.5ל פיקדון,החברה המרכזית להפצת משקאות בעמ,,,"י""ח",1.50,ליטר,false,1,8.80,5.67,true,1,
7290110115333,false,גזוז בטעם תות פאנטה 1.5 ליטר פיקדון,החברה המרכזית להפצת משקאות בעמ,,,"י""ח",1.50,ליטר,false,1,8.80,5.67,true,1,
7290110115357,false,קינלי סודה 1.5 ליטר פיקדון,החברה המרכזית להפצת משקאות בעמ,,,"י""ח",1.50,ליטר,false,1,4.60,2.87,false,1,
7290110115364,false,קוקה קולה שישיות 1.5 ליטר פיקדון,החברה המרכזית להפצת משקאות בעמ,,,"י""ח",9,ליטר,false,1,51.90,5.57,false,1,
7290110115371,false,דיאט קוקה קולה שישיות 1.5 ליטר פיקדון,החברה המרכזית להפצת משקאות בעמ,,,"י""ח",9,ליטר,false,1,46.70,4.99,false,1,
7290110115395,false,ספרייט זירו שישיות 1.5 ליטר פיקדון,החברה המרכזית להפצת משקאות בעמ,,,"י""ח",9,ליטר,false,1,49.90,5.34,false,1,
7290110115401,false,קינלי סודה שישייה 1.5 ליטר פיקדון,החברה המרכזית להפצת משקאות בעמ,,,"י""ח",9,ליטר,false,1,16.90,1.68,true,1,
7290110115418,false,קוקה קולה זירו 1.5 ליטר מארז שישייה,החברה המרכזית להפצת משקאות בעמ,,,"י""ח",9,ליטר,false,1,48.90,5.23,false,1,
7290110115456,false,פיוז-טי תה אפרסק 1.5 ליטר 19 קל פיקדון,החברה המרכזית להפצת משקאות בעמ,,,"י""ח",1.50,ליטר,false,1,9.50,6.13,true,1,
7290110115463,false,פיוז-טי תה אפרסק 1.5 ליטר פיקדון,החברה המרכזית להפצת משקאות בעמ,,,"י""ח",1.50,ליטר,false,1,9.50,6.13,true,1,
7290110115494,false,תה קר בטעם ענבים פיוז טי 1.5 ליטר,החברה המרכזית להפצת משקאות בעמ,,,"י""ח",1.50,ליטר,false,1,9.50,6.13,true,1,
7290110115913,false,"משקה ספורט איזוטוני זירו בטעם אננס 500 מ""ל פאוורייד",החברה המרכזית להפצת משקאות בעמ,,,"י""ח",500,"ל מ""ל",false,1,9.90,1.92,true,1,
7290110116194,false,נביעות+ סדרת 0 קלוריות לימון-ליים 1.5 ליטר,החברה המרכזית להפצת משקאות בעמ,,,"י""ח",1.50,ליטר,false,1,9.50,6.13,false,1,
7290110116385,false,"פחיות סטפאני מרשמלו אבטיח תות זירו 330 מ""ל",החברה המרכזית להפצת משקאות בעמ,,,"י""ח",330,"ל מ""ל",false,1,4.60,1.30,true,1,
7290110116491,false,פריגת סחוט מיקס אפרסק משמש 1ליטר,*החברה המרכזית להפצת משקאותבעמ,,,"י""ח",1,ליטר,false,1,17.90,17.90,false,1,
7290110116507,false,פריגת סחוט מיקס אננס בננה אגס 1ליטר,*החברה המרכזית להפצת משקאותבעמ,,,"י""ח",1,ליטר,false,1,17.90,17.90,false,1,
7290110116552,false,ספרייט לימון היט 1.5 ליטר LIME פיקדון,החברה המרכזית להפצת משקאות בעמ,,,"י""ח",1.50,ליטר,false,1,9,5.80,true,1,
7290110320591,false,גבינה בולגרית במרקם מעודן 16% פיראוס,"תנובה בע""מ ***",,,"י""ח",250,ל גרם,false,1,23.90,9.56,false,1,
7290110320850,false,פתיתים גבינה חצי קשה מגורדת 28% שומן,תנובה מרכז שיתופי לש,,,"י""ח",200,ל גרם,false,1,15.80,7.90,false,1,
7290110320867,false,פתיתים גבינה חצי קשה מגורדת 28% שומן,תנובה מרכז שיתופי לש,,,"י""ח",500,ל גרם,false,1,37.90,7.58,true,1,
7290110321277,false,קוטג בקטנה 5%. 100 גרם מהדרין תנובה,פארייפאבה אגרואינדוס,,,"י""ח",100,ל גרם,false,1,2.90,2.90,false,1,
7290110321284,false,קוטג' בקטנה 9% תנובה 100 גרם מהדרין,פארייפאבה אגרואינדוס,,,"י""ח",100,ל גרם,false,1,2.90,2.90,false,1,
7290110321680,false,יוגורט GO בטעם תות 20 גרם חלבון בגביע,מיוצר עי קונדיטוריית,,,"י""ח",200,ל גרם,false,1,5.80,2.90,true,1,
7290110322014,false,טופו בטעם טבעי תנובה ALTERNATIVE,שוורצקוף& הנקל דיסלד,,,"י""ח",300,ל גרם,false,1,12.70,4.23,true,1,
7290110323073,false,"משקה יוגורט יופלה גו תות פטל 250 מ""ל - רבנות",מיוצר עי קונדיטוריית,,,"י""ח",250,"ל מ""ל",false,1,6.60,2.64,false,1,
7290110323585,false,יופלה יוגורט עם דובדבן מופחת קלוריות 200 ג' GO,"תנובה בע""מ ***",,,"י""ח",200,ל גרם,false,1,5.80,2.90,true,1,
7290110323714,false,משקה קוקוס שקדים תנובה E אלטרנטיב,מיוצר עי קונדיטוריית,,,"י""ח",1,ליטר,false,1,13.90,13.90,true,1,
7290110324872,false,גבינה צהובה גלבוע (5% 200 גר`)תנובה,גלבוע - תנובה,,,"י""ח",200,ל גרם,false,1,18.70,9.35,false,1,
7290110324926,false,משקה סויה ללא תוספת סוכר E אלטרנטיב,תנובה מרכז שיתופי לש,,,"י""ח",1,ליטר,false,1,11.90,11.90,true,1,
7290110325510,false,יופלה טיוב יוגורט במרקם חלק בטעם וניל-יוניקור,"תנובה בע""מ ***",,,"י""ח",348,"ל מ""ל",false,1,12.90,3.71,false,1,
7290110325893,false,משקה חלב GO מועשר בחלבון בטעם אייס קפה,מיוצר עי קונדיטוריית,,,"י""ח",340,"ל מ""ל",false,1,8.40,2.47,false,1,
7290110326210,false,יופלה און טופ פצפוצים תנובה 157 גרם,מיוצר עי קונדיטוריית,,,"י""ח",150,"ל מ""ל",false,1,5.40,3.60,true,1,
7290110328504,false,טריו - מיקס גבינות מוצרלה סקנדינבית וגאודה 300 גרם,מיוצר עי קונדיטוריית,,,"י""ח",300,ל גרם,false,1,26.90,8.97,false,1,
7290110328627,false,יוגורט יופלה GO במרקם סמיך בטעם בננה קרמל 0%,מיוצר עי קונדיטוריית,,,"י""ח",200,"ל מ""ל",false,1,5.70,2.85,true,1,
7290110328764,false,יוגורט יופלה GO במרקם סמיך עם תות 0%,מיוצר עי קונדיטוריית,,,"י""ח",200,"ל מ""ל",false,1,5.90,2.95,true,1,
7290110328771,false,יוגורט יופלה GO במרקם סמיך עם פירות יער 0%,מיוצר עי קונדיטוריית,,,"י""ח",200,"ל מ""ל",false,1,5.90,2.95,true,1,
7290110328788,false,יוגורט יופלה GO במרקם סמיך בטעם אפרסק 0%,תנובה מרכז שיתופי לש,,,"י""ח",200,"ל מ""ל",false,1,5.90,2.95,true,1,
7290110328887,false,חלב 3% מהדרין (מוצר בפיקוח) בקבוק 1 ליטר,"תנובה בע""מ ***",,,"י""ח",1,ליטר,false,1,6.23,6.23,false,1,
7290110329143,false,מעדן חלב מעושר בחלבון בטעם וניל גביע 120 ג' GO,תנובה מרכז שיתופי לש,,,"י""ח",120,"ל מ""ל",false,1,4.90,4.08,false,1,
7290110329686,false,משקה GO חלב בטעם עוגיות 27 גר`חלבון,מיוצר עי קונדיטוריית,,,"י""ח",340,"ל מ""ל",false,1,7.50,2.21,false,1,
7290110329792,false,יוגורט סויה BIO Alternative אפרסק 150 ג' תנובה,מיוצר עי קונדיטוריית,,,"י""ח",150,"ל מ""ל",false,1,4.80,3.20,false,1,
7290110329808,false,יוגורט סויה BIO Alternative תות 150 ג' תנובה,מיוצר עי קונדיטוריית,,,"י""ח",150,"ל מ""ל",false,1,4.80,3.20,false,1,
7290110329822,false,יוגורט סויה BIO Alternative פירות יער 150 ג' תנובה,מיוצר עי קונדיטוריית,,,"י""ח",150,"ל מ""ל",false,1,4.80,3.20,false,1,
7290110550370,false,פריכיות משולשות קינואה ופלפל שחור 65 גרם,"שטראוס גרופ בע""מ",,,"י""ח",65,ל גרם,false,1,9.50,14.62,true,1,
7290110552220,false,יוגורט PRO בטעם תות 0% סוכר לבן 20 גרם חלבון בגביע,שטראוס גרופ בעמ/מצונן,,,"י""ח",20,"ל מ""ל",false,1,5.90,29.50,true,1,
7290110552237,false,יוגורט פרו בטעם אפרסק מנגו ללא סוכר 200 ג' דנונה,שטראוס גרופ בעמ/מצונן,,,"י""ח",20,"ל מ""ל",false,1,5.90,29.50,true,1,
7290110553104,false,נסקפה קפוצ'ינו סטיק קלאסי 130 ג' עלית,שטראוס גרופ בע`מ,,,"י""ח",130,ל גרם,false,1,16.90,13,true,1,
7290110553425,false,קפה נמס 200 גרם +20% תוספת עלית,שטראוס קפה בי.וי,,,"י""ח",200,"ל מ""ל",false,1,19.90,9.95,true,1,
7290110553432,false,תבשיל אורז מלא וירקות קלויים דלישס,קפוא זן תעשיות מזון בעמ,,,"י""ח",300,ל גרם,false,1,26.90,8.97,true,1,
7290110553623,false,צ'יטוס קראנצ'י בטעם צ'דר חלפיניו - חלבי,"שטראוס פריטו ליי בע""\מ )",,,"י""ח",80,ל גרם,false,1,4.90,6.13,true,1,
7290110554583,false,מארז חטיפי צ'יטוס פאפס בטעם גבינה - 10 יחידות,"שטראוס פריטו ליי בע""\מ )",,,"י""ח",200,ל גרם,false,1,12.90,6.45,true,1,
7290110557027,false,חומוס עשיר 50% טחינה גולמית 400 ג' אחלה,שטראוס גרופ בעמ/מצונן,,,"י""ח",400,ל גרם,false,1,14.20,3.55,true,1,
7290110557133,false,מעדן הגולן וניל 125 ג' שטראוס,שטראוס גרופ בעמ/מצונן,,,"י""ח",125,ל גרם,false,1,3.20,2.56,true,1,
7290110557478,false,חומוס גלילי במרקם מעודן 600 גרם,שטראוס גרופ בעמ/מצונן,,,"י""ח",600,ל גרם,false,1,11.90,1.98,true,1,
7290110558284,false,דנונה ביו מולטי שטראוס 200 גרם,שטראוס גרופ בעמ/מצונן,,,"י""ח",200,"ל מ""ל",false,1,4.20,2.10,true,1,
7290110560300,false,"הפריכיות הטעימות חומוס, עדשים שחורות, קינואה ופלפל שחור",אנרג'י Energy - שטראוס,,,"י""ח",30,ל גרם,false,1,5,16.67,true,1,
7290110560317,false,"הפריכיות הטעימות חומוס, עדשים שחורות, קינואה ומלח ים","פרח תעשיו מזון בע""מ",,,"י""ח",30,ל גרם,false,1,5,16.67,true,1,
7290110560324,false,"הפריכיות הטעימות תפו""א, אורז, אפונה ומלח ים","פרח תעשיו מזון בע""מ",,,"י""ח",30,ל גרם,false,1,5,16.67,true,1,
7290110561352,false,דנונה יוגורט ביו פרוביוטי 3% דל לקטוז 150ג',שטראוס גרופ בעמ/מצונן,,,"י""ח",200,"ל מ""ל",false,1,3.70,1.85,true,1,
7290110561604,false,מארז 8 יחידות מעדן גמדים בטעם תות בננה,שטראוס גרופ בעמ/מצונן,,,"י""ח",800,ל גרם,false,1,18.70,2.34,true,1,
7290110563431,false,"משקה קפה קר בסגנון קלאסי 230 מ""ל 1.6% יוטבתה",שטראוס גרופ בעמ/מצונן,,,"י""ח",230,"ל מ""ל",false,1,7.90,3.43,true,1,
7290110563462,false,חלב 2% דל לקטוז בבקבוק יטבתה 1 ליטר.,שטראוס גרופ בעמ/מצונן,,,"י""ח",1,ליטר,false,1,7.90,7.90,true,1,
7290110564339,false,חומוס אחלה הסידרה המובחר 30% טחינה 400 גר',שטראוס גרופ בעמ/מצונן,,,"י""ח",400,ל גרם,false,1,14.20,3.55,true,1,
7290110564360,false,חומוס אחלה הסידרה המובחר 40% טחינה 400 גר',שטראוס גרופ בעמ/מצונן,,,"י""ח",400,ל גרם,false,1,14.20,3.55,true,1,
7290110565527,false,יוגורט PRO פרו 1.5% 20 גרם חלבון בגביע,שטראוס גרופ בעמ/מצונן,,,"י""ח",20,"ל מ""ל",false,1,5.90,29.50,true,1,
7290110566975,false,דנונה פרו יוגורט 0% תות עשיר בחלבון 200ג',שטראוס גרופ בעמ/מצונן,,,"י""ח",20,"ל מ""ל",false,1,5.90,29.50,true,1,
7290110568559,false,דוריטוס עלית מארז חמוץ חריף 10 יח' *25 ג',"שטראוס פריטו ליי בע""מ )פ",,,"י""ח",250,ל גרם,false,1,10.90,4.36,true,1,
7290110568566,false,דוריטוס גריל עלית מארז 10 יח' *25 ג',"שטראוס פריטו ליי בע""מ )פ",,,"י""ח",250,ל גרם,false,1,13.90,5.56,true,1,
7290110571405,false,עלית - מיני פינוקיות בגביע פסק זמן 180 גרם,שטראוס גרופ בע`מ,,,"י""ח",200,ל גרם,false,1,10.90,5.45,true,1,
7290110571412,false,מיני פינוקיות - פאדג' שוקולד בגביע 180 גרם,"שטראוס גרופ בע""מ",,,"י""ח",200,ל גרם,false,1,10.90,5.45,true,1,
7290110571474,false,אצבעות רבע לשבע טבעוני פופקורן 125גר`,"הגביע מוצרי וופלים בע""\מ",,,"י""ח",125,ל גרם,false,1,12.90,10.32,true,1,
7290110571535,false,מארז קפה טורקי הל עלית 300 גרם,שטראוס קפה בי.וי.,,,"י""ח",300,ל גרם,false,1,26.90,8.97,true,1,
7290110572129,false,כיף כף מקלות שוקולד לבן 40 ג' עלית,סולן בעבור שטראוס,,,"י""ח",40,ל גרם,false,1,4.80,12,true,1,
7290110572976,false,כיף כף גביע פצפוצים קרם לבן 135 גרם,שולן צ'יקולטה גידה ס,,,"י""ח",135,ל גרם,false,1,9.90,7.33,true,1,
7290110575274,false,"שמן זית יד מרדכי כתית 750 מ""ל שמיטה","שטראוס גרופ בע""מ",,,"י""ח",750,"ל מ""ל",false,1,33.20,4.43,true,1,
7290110576356,false,"שוקולד ספלנדיד מריר 64% - חלבי , מפולי קקאו מפרו",שטראוס גרופ בע`מ,,,"י""ח",105,ל גרם,false,1,8.90,8.48,true,1,
7290110576387,false,מאגדת שלישיית שוקולד אגוז חלב 300 ג' עלית,שטראוס גרופ בע`מ,,,"י""ח",112,ל גרם,false,1,25.90,23.13,true,1,
7290110576868,false,רבעיית גמדים סלט פירוט * 100 ג' שטראוס,שטראוס גרופ בעמ/מצונן,,,"י""ח",400,"ל מ""ל",false,1,11.70,2.93,true,1,
7290110577230,false,משקה חלב בטעם פיסטוק בבקבוק יטבתה 1 ליטר,שטראוס גרופ בעמ/מצונן,,,"י""ח",1,ליטר,false,1,11.90,11.90,true,1,
7290111092985,false,מארז מגבונים לחים בייביסיטר ללא בישום רביעייה,שקד תבל בע`מ,,,"י""ח",1,,false,1,15.90,15.90,true,1,
7290111094392,false,"טרופיקל תחליב רחצה קוקוס וליים 700 מ""ל דר' עור","אמיליה קוסמטיקס בע""\מ",,,"י""ח",700,ל גרם,false,1,14.90,2.13,true,1,
7290111094651,false,שקיות אשפה L עם ידית קוויק 40 יח',שקד תבל בעמ,,,"י""ח",1,"י""ח",false,1,14.90,14.90,true,1,
7290111340956,false,ניקול מטליות לחות לרצפה בניחוח פריחה לבנה,קימברלי קלארק ישראל שיווק בעמ,,,"י""ח",10,"י""ח",false,1,9.90,0.99,false,1,
7290111341373,false,נייר טואלט לילי פסטל 30 יחידות,קימברלי קלארק ישראל שיווק בעמ,,,"י""ח",30,"י""ח",false,1,34.90,1.16,false,1,
7290111344206,false,האגיס נטורל קר מגבונים לחים בבישום עדין רביעייה,קימברלי קלארק ישראל שיווק בעמ,,,"י""ח",4,"י""ח",false,1,19.90,4.98,true,1,
7290111344558,false,שקיות אשפה בגודל L עם שרוך 100 יח`,קימברלי קלארק ישראל שיווק בעמ,,,"י""ח",100,"י""ח",false,1,29.90,0.30,false,1,
7290111344916,false,ניקול שישיית כריות יפניות אנטיבקטריאליות,קימברלי קלארק ישראל שיווק בעמ,,,"י""ח",1,"י""ח",false,1,13.90,13.90,false,1,
7290111344930,false,מטליות לחות לרצפה בניחוח כביסה ארומתרפיה ניקול 10 יח',קימברלי קלארק ישראל שיווק בעמ,,,"י""ח",10,"י""ח",false,1,9.90,0.99,false,1,
7290111345050,false,כרית מיקרופייבר דו צדדית לניקוי עדין,קימברלי קלארק ישראל שיווק בעמ,,,"י""ח",10,"י""ח",false,1,12.90,1.29,false,1,
7290111345753,false,תחבושות נטורל דואו נורמל 24 יח' קוטקס,קימברלי קלארק ישראל שיווק בעמ,,,"י""ח",1,,false,1,19.90,19.90,true,1,
7290111345760,false,תחבושות נטורל דואו סופר 18 יח' קוטקס,קימברלי קלארק ישראל שיווק בעמ,,,"י""ח",1,,false,1,19.90,19.90,true,1,
7290111345814,false,נייר טואלט לילי נטורל קר 30 גלילים מהדורה,קימברלי קלארק ישראל שיווק בעמ,,,"י""ח",552,מטר,false,1,33.90,0.06,false,1,
7290111346347,false,מגבוני אף אוריגינל סופט חמישיה קלינקס,קימברלי קלארק ישראל שיווק בעמ,,,"י""ח",5,"י""ח",false,1,15.90,3.18,true,1,
7290111346538,false,"האגיס פרידום דריי שלב 5+ משקל 14-20ק""ג",קימברלי קלארק ישראל שיווק בעמ,,,"י""ח",38,"י""ח",false,1,45.90,1.21,true,1,
7290111350030,false,רסק תפוחי עץ טבעי בצנצנת 670 גרם קלית גת,ליימן שליסל בעמ,,,"י""ח",5.60,,false,1,10.90,1.95,false,1,
7290111352973,false,יוגוטה קוביות חמוצות ממולאות בטעם פירות,ליימן שליסל בע`מ,,,"י""ח",220,ל גרם,false,1,7.90,3.59,true,1,
7290111353079,false,יוגטה סוכריות גומי דובונים קופסא 180 גר,אפגאם תעשיות ממתקים,,,"י""ח",180,ל גרם,false,1,9.90,5.50,true,1,
7290111353123,false,"גומי נחש מסוכר 200 גר' וסטהיים (כש""לפ בית יוסף)",טופגם תעשיות ממתקים,,,"י""ח",200,ל גרם,false,1,9.90,4.95,true,1,
7290111353239,false,"גומי יין 200 גר' וסטהיים (כש""לפ בית יוסף)",טופגם תעשיות ממתקים,,,"י""ח",200,ל גרם,false,1,9.90,4.95,true,1,
7290111563492,false,סלטי צבר מטבוחה חריפה מרובע 6*400גרם,קבוצת אוסם סחר-שות.מוגבלת,,,"י""ח",400,ל גרם,false,1,13.70,3.43,true,1,
7290111565038,false,"לה קרמריה וניל קוקילידה בד""צ 1.4 ל'",נגה גלידות שותפות מוגבלת,,,"י""ח",1.40,ליטר,false,1,19.90,14.21,false,1,
7290111566240,false,שניצל דק מן הצומח בטעם צ'ילי חריף 700 גרם,קבוצת אוסם סחר שותפות מוגבלת,,,"י""ח",564,ל גרם,false,1,38.90,6.90,true,1,
7290111566318,false,שניצל דק מן הצומח בטעם ביתי 700 גרם,קבוצת אוסם סחר שותפות מוגבלת,,,"י""ח",564,ל גרם,false,1,38.90,6.90,true,1,
7290111566561,false,"שניצל ברוקולי 99 קלוריות 560 גר' ""טבעול""",קבוצת אוסם סחר שותפות מוגבלת,,,"י""ח",560,ל גרם,false,1,38.90,6.95,true,1,
7290111566585,false,"שניצל צמחוני 99 קלוריות 650 גר' ""טבעול""",קבוצת אוסם סחר שותפות מוגבלת,,,"י""ח",650,ל גרם,false,1,38.90,5.98,true,1,
7290111566691,false,"שניצל תרד 99 קלוריות 560 גרם ""טבעול""",קבוצת אוסם סחר-שות.מוגבלת,,,"י""ח",560,ל גרם,false,1,38.90,6.95,true,1,
7290111566752,false,טבעול שניצל תירס 99 קלוריות 693 גרם,קבוצת אוסם סחר שותפות מוגבלת,,,"י""ח",693,ל גרם,false,1,38.90,5.61,true,1,
7290111568206,false,ביסלי פארטי מיקס אסם 150 גר',קבוצת אוסם סחר שותפות מוגבלת,,,"י""ח",150,ל גרם,false,1,8.90,5.93,true,1,
7290111568275,false,אטריות נודלס אורז רחבות אסם אסייתי 300גרם,קבוצת אוסם סחר שותפות מוגבלת,,,"י""ח",300,ל גרם,false,1,12.90,4.30,false,1,
7290111930799,false,חטיף בטעם בצל קראנצ',ש. שסטוביץ בע`מ,,,"י""ח",55,ל גרם,false,1,3.50,6.36,true,1,
7290111930805,false,קראנצ'וס טעם ברביקיו 55 גר',ש. שסטוביץ בע`מ,,,"י""ח",55,ל גרם,false,1,3.50,6.36,true,1,
7290111930898,false,חטיף פוף כוכבים גריל אמריקאי 40 גרם,ש. שסטוביץ בע`מ,,,"י""ח",40,ל גרם,false,1,3.90,9.75,true,1,
7290111930904,false,חטיף פוף כוכבים בצל 40 גרם,ש. שסטוביץ בע`מ,,,"י""ח",40,ל גרם,false,1,3.90,9.75,true,1,
7290111930928,false,חטיף פוף לבבות גריל 40 גרם,ש. שסטוביץ בע`מ,,,"י""ח",40,ל גרם,false,1,3.90,9.75,true,1,
7290111936296,false,"פלמוליב סבון נוזלי בניחוח סנסיישן מסאז' ,750 מ""ל",קולגייט פלמוליב,,,"י""ח",750,"ל מ""ל",false,1,19.90,2.65,true,1,
7290111937255,false,מארז חמישיית חטיפי תמרים בוטנים ואגוזי לוז פרי 125 גרם,"טבעית מוצרים מהטבע בע""\מ",,,"י""ח",125,ל גרם,false,1,16.90,13.52,false,1,
7290111937262,false,מארז חמישיית חטיפי תמרים אגוזים ושברי קקאו פרי 125 גרם,"טבעית מוצרים מהטבע בע""\מ",,,"י""ח",125,ל גרם,false,1,16.90,13.52,false,1,
7290112000736,false,פיניש טבליות AIO 80 יח` אריזת חיסכון,רקיט בנקיזר (ניר איסט) בעמ,,,"י""ח",80,"י""ח",false,1,59.90,0.75,true,1,
7290112001436,false,"פיניש מנקה מדיח כלים בניחוח לימון 250 מ""ל",רקיט בנקיזר (ניר איסט) בעמ,,,"י""ח",2,ליטר,false,1,16.90,8.45,true,1,
7290112001917,false,ג`ל למדיח כלים בניחוח מרענן פיניש (1 לי,רקיט בנקיזר (ניר איסט) בעמ,,,"י""ח",1,ליטר,false,1,43.90,43.90,false,1,
7290112003959,false,וניש מסיר כתמים אבקה לכביסה צבעונית 470 גרם,רקיט בנקיזר (ניר איסט) בעמ,,,"י""ח",470,ל גרם,false,1,19.90,4.23,false,1,
7290112003966,false,"אבקה להסרת כתמים לכביסה לבנה ""וניש גולד""",רקיט בנקיזר (ניר איסט) בעמ,,,"י""ח",470,ל גרם,false,1,19.90,4.23,false,1,
7290112003973,false,"וניש אבקה ורודה מולטי פאואר 1.350 ק""ג א. חסכון חדש להלבנה",רקיט בנקיזר (ניר איסט) בעמ,,,"י""ח",135,ל גרם,false,1,34.90,25.85,false,1,
7290112004413,false,"ספריי וניש קליה להסרת כתמים לבגדים לבנים 750 מ""ל",רקיט בנקיזר (ניר איסט) בעמ,,,"י""ח",750,"ל מ""ל",false,1,17.90,2.39,true,1,
7290112004963,false,"פיניש אולטימייט קפסולות לניקוי כלים במדיח, 25 יחידות",רקיט בנקיזר (ניר איסט) בעמ,,,"י""ח",30,"י""ח",false,1,39.90,1.33,true,1,
7290112004994,false,איירוויק מילוי אוטומטי יסמין מבשם אויר אטומטי,רקיט בנקיזר (ניר איסט) בעמ,,,"י""ח",1,,false,1,15.90,15.90,true,1,
7290112191090,false,טורטיה עם קמח כוסמת מלא 320מלא גרם 8 יחי,א.ג בחירה חכמה בעמ,,,"י""ח",320,ל גרם,false,1,9.90,3.09,false,1,
7290112195227,false,איטריות ביצים ד`ע`ות 500 גר`,גורי מוצרי צריכה 1991 בעמ,,,"י""ח",500,ל גרם,false,1,14.90,2.98,true,1,
7290112195647,false,"שמן זית כתית מעולה 750מ""ל הזית",א.ג בחירה חכמה בעמ,,,"י""ח",750,"ל מ""ל",false,1,29.90,3.99,true,1,
7290112330352,false,"יוגורט PRO בטעם וניל 0% , 20 גרם חלבון בגביע",שטראוס גרופ בעמ/מצונן,,,"י""ח",20,"ל מ""ל",false,1,5.90,29.50,true,1,
7290112330390,false,דנונה פרו פירות יער 20 גרם חלבון 0% שומן 200 גרם,שטראוס גרופ בעמ/מצונן,,,"י""ח",200,"ל מ""ל",false,1,5.90,2.95,true,1,
7290112332585,false,פריכיות משולש תפוא אורז בתיבול סלק ומלח ים אנרג'י 30 גרם,"פרח תעשיו מזון בע""מ",,,"י""ח",30,ל גרם,false,1,5,16.67,true,1,
7290112332691,false,פינוקיות עוגיות קרם פסק זמן אגוזים 200 גרם,"הגביע מוצרי וופלים בע""\מ",,,"י""ח",200,ל גרם,false,1,11.90,5.95,true,1,
7290112334749,false,קפה טורקי בצלופן עלית 200 גרם+ 10% תוספת,"שטראוס גרופ בע""מ",,,"י""ח",200,ל גרם,false,1,17.90,8.95,true,1,
7290112335487,false,הפריכיות הטעימות קצח ודגנים אנרג'י 135 גרם,אנרג'י Energy - שטראוס,,,"י""ח",135,ל גרם,false,1,12.90,9.56,true,1,
7290112335500,false,"פרכיות אנרג'י חומוס,אורז,עדשים שחורות וקינואה 135 גרם","פרח תעשיות מזון בע""\מ",,,"י""ח",135,ל גרם,false,1,12.90,9.56,true,1,
7290112336286,false,גמדים ארוחת בוקר וניל רביעייה,שטראוס גרופ בעמ/מצונן,,,"י""ח",400,"ל מ""ל",false,1,11.70,2.93,true,1,
7290112336613,false,עד חצות עוגיות סנדוויץ במילוי שוקולד חלב,שטראוס גרופ בע`מ,,,"י""ח",135,ל גרם,false,1,13.90,10.30,true,1,
7290112336644,false,סוכריות מאסט ללא סוכר לימון 80 ג' עלית,"שטראוס גרופ בע""מ",,,"י""ח",80,ל גרם,false,1,8.90,11.13,true,1,
7290112336651,false,סוכריות מאסט ללא סוכר ריבת חלב 80 ג' עלית,"שטראוס גרופ בע""מ",,,"י""ח",80,ל גרם,false,1,8.90,11.13,true,1,
7290112336712,false,יוגורט PRO לבן 0% 21 גרם חלבון בגביע,שטראוס גרופ בעמ/מצונן,,,"י""ח",20,"ל מ""ל",false,1,5.90,29.50,true,1,
7290112337474,false,סוכריות מאסט ללא סוכר פטל לימון 80 ג' עלית,שטראוס גרופ בע`מ,,,"י""ח",80,ל גרם,false,1,8.90,11.13,true,1,
7290112337481,false,סוכריות מאסט ללא סוכר קפצ''ינו 80 ג' עלית,שטראוס גרופ בע`מ,,,"י""ח",80,ל גרם,false,1,8.90,11.13,true,1,
7290112339171,false,מעדן מוס שוקולד 81 גר`מילקי,שטראוס גרופ בעמ/מצונן,,,"י""ח",81,ל גרם,false,1,3.50,4.32,true,1,
7290112339867,false,גמדים לדרך גבינה לבנה עם מחית תות,שטראוס גרופ בעמ/מצונן,,,"י""ח",100,ל גרם,false,1,5.90,5.90,true,1,
7290112339874,false,גמדים לדרך גבינה לבנה עם מחיות תות ובננה,שטראוס גרופ בעמ/מצונן,,,"י""ח",100,ל גרם,false,1,5.90,5.90,true,1,
7290112340122,false,הפריכיות הטעימות 3 דגנים אנרג'י 135 גרם,"פרח תעשיות מזון בע""\מ",,,"י""ח",135,ל גרם,false,1,12.90,9.56,true,1,
7290112340276,false,פינוקיות עוגיית קרם קפה נמס 200 גרם,"הגביע מוצרי וופלים בע""\מ",,,"י""ח",200,ל גרם,false,1,11.90,5.95,true,1,
7290112342102,false,סימפוניה גבינה במרקם שמנת בצל מקורמל 5%,שטראוס גרופ בעמ/מצונן,,,"י""ח",200,ל גרם,false,1,11.40,5.70,true,1,
7290112342195,false,תפוצ`יפס מקלות טבעי 200 גרם כשלפ,"שטראוס פריטו ליי בע""\מ )",,,"י""ח",200,ל גרם,false,1,10.90,5.45,true,1,
7290112343260,false,"יטבתה רוטב שמנת קלאסי 9% שומן 260 מ""ל",שטראוס גרופ בעמ/מצונן,,,"י""ח",260,ל גרם,false,1,10.90,4.19,true,1,
7290112343499,false,חטיף צ'יטוס פאפס אפוי בטעם גבינה,"שטראוס פריטו ליי בע""\מ )",,,"י""ח",60,ל גרם,false,1,3.50,5.83,true,1,
7290112343512,false,צ'יטוס puffs בטעם גבינה 180 גרם,"שטראוס פריטו ליי בע""\מ )",,,"י""ח",180,ל גרם,false,1,7.50,4.17,true,1,
7290112344724,false,מילקי בטעם שוקולד בלונדי עם קצפת 133גר,שטראוס גרופ בעמ/מצונן,,,"י""ח",133,ל גרם,false,1,3.60,2.71,true,1,
7290112344755,false,מילקי עם 26% פחות סוכר 135 גר}שטראוס{,שטראוס גרופ בעמ/מצונן,,,"י""ח",130,"ל מ""ל",false,1,2.90,2.23,true,1,
7290112344786,false,קפה פלטינום קלאסיק עלית 200 גרם,הנסיך- מפעל לייצור ט,,,"י""ח",200,ל גרם,false,1,24.90,12.45,true,1,
7290112344953,false,סימפוניה חציל קלוי גבינה במקרם שמנת 5%,שטראוס גרופ בעמ/מצונן,,,"י""ח",200,ל גרם,false,1,11.40,5.70,true,1,
7290112346360,false,בפלות אחת אחת בציפוי שוקולד חלב עלית 180 גרם,הגביע מוצרי וופלים ב,,,"י""ח",180,ל גרם,false,1,13.90,7.72,true,1,
7290112346537,false,עוגיות פינוקיות בטעם טורטית 200 ג' עלית,"הגביע מוצרי ופלים בע""\מ",,,"י""ח",200,ל גרם,false,1,11.90,5.95,true,1,
7290112346629,false,דנונה בר יוגורט+קורנפלקס מצופה שוקולד חלב ולבן 172 גרם,שטראוס גרופ בעמ/מצונן,,,"י""ח",175,"ל מ""ל",false,1,4.60,2.63,true,1,
7290112346827,false,אקטימל ויטמין c פטל שמינייה 864 גרם,שטראוס גרופ בעמ/מצונן,,,"י""ח",800,"ל מ""ל",false,1,20.20,2.53,true,1,
7290112347008,false,גמדים לדרך גבינה לבנה עם מחית תות ושיבולת שועל,שטראוס גרופ בעמ/מצונן,,,"י""ח",100,ל גרם,false,1,5.90,5.90,true,1,
7290112347473,false,מארז דנונה לייט אנד פריי תות ואפרסק 150 גרם 8 יחידות,שטראוס גרופ בעמ/מצונן,,,"י""ח",1.20,ליטר,false,1,27.70,23.08,true,1,
7290112348999,false,הפריכיות הטעימות תירס דקות אנרג'י 135 גרם,שטראוס גרופ בע`מ,,,"י""ח",135,ל גרם,false,1,12.90,9.56,true,1,
7290112349606,false,מעדן גבינה ויוגורט תות בננה 88 ג' דניאלה,שטראוס גרופ בעמ/מצונן,,,"י""ח",150,"ל מ""ל",false,1,4.10,2.73,true,1,
7290112349736,false,בזיליקום רוטב עגבניות לפסטה יד מרדכי 350 גרם,אמיליאנה קונסרב סוסייטה,,,"י""ח",350,ל גרם,false,1,11.90,3.40,true,1,
7290112351067,false,סילאן טבעי 100% תמר מג'הול ללא תוספת סוכר,שטראוס גרופ בע`מ,,,"י""ח",630,ל גרם,false,1,24.90,3.95,true,1,
7290112351258,false,עוגיית קקאו פינוקיות שחור לבן 200 גר,"הגביע מוצרי ופלים בע""\מ",,,"י""ח",200,ל גרם,false,1,11.90,5.95,true,1,
7290112354945,false,תפוצ'יפס WAVY בטעם טבעי 50 גרם,שטראוס פריטו ליי בע`מ,,,"י""ח",50,ל גרם,false,1,4.50,9,true,1,
7290112354952,false,תפוצ`יפס פפריקה (50 גרם)היתר מכירה,שטראוס פריטו ליי בע`מ,,,"י""ח",50,ל גרם,false,1,4.50,9,true,1,
7290112354969,false,תפוצ'יפס בטעם טבעי 200 גרם היתר מכירה,שטראוס פריטו ליי בע`מ,,,"י""ח",200,ל גרם,false,1,10.90,5.45,true,1,
7290112355102,false,גמדים סקוויז 100 גרם פאוץ סלט פירות 100 גרם,שטראוס גרופ בעמ/מצונן,,,"י""ח",100,ל גרם,false,1,5.90,5.90,true,1,
7290112357113,false,גרגרי חומוס בקופסה 380 גר' טעם הטבע,"שטראוס גרופ בע""מ",,,"י""ח",380,ל גרם,false,1,6.90,1.82,true,1,
7290112358127,false,דנונה פרו חלבון+מגנזיום- וניל ועוגיות 200 גרם,שטראוס גרופ בעמ/מצונן,,,"י""ח",200,"ל מ""ל",false,1,6.40,3.20,true,1,
7290112358219,false,רוטב צ`ילי מתוק יד מרדכי (300 גר`),אף.סי תבליני בגליל ב,,,"י""ח",280,"ל מ""ל",false,1,12.90,4.61,true,1,
7290112358233,false,רוטב צ`ילי חריף יד מרדכי (300 גר`),"שטראוס גרופ בע""מ",,,"י""ח",280,"ל מ""ל",false,1,12.90,4.61,true,1,
7290112358431,false,עד חצות דאבל ביסקוויט עם שוקולד חלב -8 אריזות אישיות,ביסקוויטס טור ד'\אלבון,,,"י""ח",200,ל גרם,false,1,13.90,6.95,true,1,
7290112490117,false,קליק אקסטרא לארג שוקולד חלב עם וופל ואגוזים,"יוניליוור ישראל שיווק בע""מ",,,"י""ח",85,ל גרם,false,1,5.90,6.94,true,1,
7290112490230,false,מרק נמס בכוס אפונה קנור 100% רכיבים טבעיים,"יוניליוור ישראל שיווק בע""מ",,,"י""ח",50,ל גרם,false,1,7.50,15,true,1,
7290112492456,false,"שמפו פינוק לשיער יבש/פגום 700 מ""ל",יוניליוור ישראל שיווק בע`מ,,,"י""ח",700,"ל מ""ל",false,1,12.90,1.84,true,1,
7290112492463,false,"שמפו ומרכך 2 ב-1 לשיער רגיל פינוק 700 מ""ל.",יוניליוור ישראל שיווק בע`מ,,,"י""ח",700,"ל מ""ל",false,1,12.90,1.84,true,1,
7290112492487,false,פינוק שמפו לשיער עם שמן מרוקאי 700 מל,"יוניליוור ישראל שיווק בע""מ",,,"י""ח",700,"ל מ""ל",false,1,12.90,1.84,true,1,
7290112492500,false,פינוק שמפו לשיער עם שמן קוקוס 700 מל,"יוניליוור ישראל שיווק בע""מ",,,"י""ח",700,"ל מ""ל",false,1,12.90,1.84,true,1,
7290112492548,false,"מרכך פינוק עם שמן חוחובה 700 מ""ל","יוניליוור ישראל שיווק בע""מ",,,"י""ח",700,"ל מ""ל",false,1,12.90,1.84,true,1,
7290112492593,false,תחליב רחצה פינוק בניחוח פינוק קלאסי 700,יוניליוור ישראל שיווק בע`מ,,,"י""ח",750,"ל מ""ל",false,1,11.90,1.59,false,1,
7290112492999,false,קנור מרק עוף אמיתי 400 גרם פרווה,יוניליוור ישראל שיווק בע`מ,,,"י""ח",400,ל גרם,false,1,14.90,3.73,true,1,
7290112493064,false,"רוטב שזיפים להקפצה, לבישול ולאפיה","יוניליוור ישראל שיווק בע""מ",,,"י""ח",320,ל גרם,false,1,11.90,3.72,true,1,
7290112493293,false,קנור - נמס ירקות וקרוטונים ר.טבעי 44 גרם,"יוניליוור ישראל שיווק בע""מ",,,"י""ח",48,ל גרם,false,1,7.50,15.63,true,1,
7290112494016,false,"מיונז אמיתי מופחת שומן תלמה 500 גרם בד""צ",יוניליוור ישראל שיווק בע`מ,,,"י""ח",500,ל גרם,false,1,9.90,1.98,false,1,
7290112494153,false,תיבוליות ניחוח צלי קנור( 72 גרם),יוניליוור ישראל שיווק בע`מ,,,"י""ח",72,ל גרם,false,1,8.90,12.36,true,1,
7290112494221,false,חטיף ביסקויט שוקולד חלב קליק (65 גרם),יוניליוור ישראל שיווק בע`מ,,,"י""ח",65,ל גרם,false,1,6.50,10,false,1,
7290112494238,false,חטיף כדורים שוקולד חלב קליק (65 גרם),יוניליוור ישראל שיווק בע`מ,,,"י""ח",65,ל גרם,false,1,6.50,10,false,1,
7290112494276,false,קליק כריות בתפזורת כשר לפסח,יוניליוור ישראל שיווק בע`מ,,,"י""ח",65,ל גרם,false,1,6.50,10,false,1,
7290112494344,false,קורנפלקס של אלופים תלמה (850 גרם)רבנות,"יוניליוור ישראל שיווק בע""מ",,,"י""ח",850,ל גרם,false,1,17.90,2.11,false,1,
7290112495006,false,כריות דגנים במילוי נוגט בדצ 686 גרם,"יוניליוור ישראל שיווק בע""מ",,,"י""ח",750,ל גרם,false,1,25.90,3.45,false,1,
7290112495020,false,כריות צוקולדה בדצ מאוחד 750 גר,יוניליוור ישראל שיווק בע`מ,,,"י""ח",750,ל גרם,false,1,24.90,3.32,true,1,
7290112495037,false,דגני בוקר בטעם שוקולד כדורים 375 ג' קוקומן,יוניליוור ישראל שיווק בע`מ,,,"י""ח",375,ל גרם,false,1,19.90,5.31,true,1,
7290112495105,false,נשנושים טעם שמנת בצל בייגל בייגל 260 גרם,"יוניליוור ישראל שיווק בע""מ",,,"י""ח",260,ל גרם,false,1,12.70,4.88,false,1,
7290112495143,false,נשנושי קרקר קוקטייל מלוח בייגל בייגל 300 גרם,"יוניליוור ישראל שיווק בע""מ",,,"י""ח",300,ל גרם,false,1,12.90,4.30,false,1,
7290112495228,false,קורנפלקס דבש תלמה אלופים 448 גרם,"יוניליוור ישראל שיווק בע""מ",,,"י""ח",448,ל גרם,false,1,18.70,4.17,true,1,
7290112495754,false,רוטב לסלט אלף האיים הלמנס (305 מל),יוניליוור ישראל שיווק בע`מ,,,"י""ח",305,ל גרם,false,1,10.90,3.57,false,1,
7290112495785,false,רוטב לסלט שום (300 גרם)הלמנס,"יוניליוור ישראל שיווק בע""מ",,,"י""ח",300,ל גרם,false,1,10.90,3.63,false,1,
7290112495822,false,כריות BLACK בטעם שוקולד וניל תלמה 686 גרם,"יוניליוור ישראל שיווק בע""מ",,,"י""ח",750,ל גרם,false,1,24.90,3.32,true,1,
7290112496027,false,"סירופ שוקולד לחיץ 580 מ""ל כשל""פ אפיכל",יוניליוור ישראל שיווק בע`מ,,,"י""ח",580,"ל מ""ל",false,1,12.90,2.22,false,1,
7290112496331,false,קורנפלקס בננה תלמה אלופים 448 גרם,יוניליוור ישראל שיווק בע`מ,,,"י""ח",448,ל גרם,false,1,18.70,4.17,true,1,
7290112499448,false,"מרכך פינוק בתוספת שמן מרוקאי 700 מ""ל",יוניליוור ישראל שיווק בע`מ,,,"י""ח",700,"ל מ""ל",false,1,12.90,1.84,true,1,
7290112499479,false,"פינוק - שמפו בתוספת קרטין 700 מ""ל",יוניליוור ישראל שיווק בע`מ,,,"י""ח",700,"ל מ""ל",false,1,12.90,1.84,true,1,
7290112962652,false,"אסם אבקת מרק טעם עוף כשל""פ 800 גרם",קבוצת אוסם סחר-שות.מוגבלת,,,"י""ח",800,ל גרם,false,1,10.80,1.35,false,1,
7290112962737,false,שניצל מן הצומח עם חלבון טבעול 664 גרם,קבוצת אוסם סחר שותפות מוגבלת,,,"י""ח",664,ל גרם,false,1,38.90,5.86,true,1,
7290112963918,false,פיטנס חטיפי קרקר דק רוזמרין 140 גרם,קבוצת אוסם סחר שותפות מוגבלת,,,"י""ח",140,ל גרם,false,1,13.90,9.93,true,1,
7290112964724,false,המבורגר צמחוני עם המון חלבון 580 גר,קבוצת אוסם סחר שותפות מוגבלת,,,"י""ח",580,ל גרם,false,1,38.90,6.71,true,1,
7290112965288,false,מרק נמס ירקות אסם בדצ 56 גרם מארז זוגי,קבוצת אוסם סחר שותפות מוגבלת,,,"י""ח",30,ל גרם,false,1,6.40,21.33,false,1,
7290112965301,false,זוג מרק נמס בטעם עוף עם שקדי מרק רגע חם,קבוצת אוסם סחר שותפות מוגבלת,,,"י""ח",52,ל גרם,false,1,6.40,12.31,false,1,
7290112965684,false,פיטנס - חטיף מולטיגריין עשבי תיבול 25 גרם,קבוצת אוסם סחר שותפות מוגבלת,,,"י""ח",25,ל גרם,false,1,4.90,19.60,true,1,
7290112966124,false,ביסקוויט פתי בר מופחת סוכר אסם (500 גרם),קבוצת אוסם סחר-שות.מוגבלת,,,"י""ח",500,ל גרם,false,1,12.90,2.58,true,1,
7290112967114,false,פיטנס חטיפי פריכיות קטניות ופלפל 60 גרם,קבוצת אוסם סחר שותפות מוגבלת,,,"י""ח",60,ל גרם,false,1,10.70,17.83,true,1,
7290112968807,false,80018416694פיטנס חטיפי קרקר דק סלק 150גר,קבוצת אוסם סחר שותפות מוגבלת,,,"י""ח",150,ל גרם,false,1,13.90,9.27,true,1,
7290112968821,false,חטיפי קרקר דק בטטה 140 גר` פיטנס,קבוצת אוסם סחר שותפות מוגבלת,,,"י""ח",150,ל גרם,false,1,13.90,9.27,true,1,
7290113050273,false,תבנית אינגליש קצרה R15,פאלאס תעשיות נטו (2014) בעמ,,,"י""ח",1,,false,1,0.70,0.70,false,1,
7290113192171,false,מיקס אגוזים שקדים וחמוציו 150ג דין שיו,דין שיווק וקליה 2021 בעמ,,,"י""ח",150,ל גרם,false,1,11.90,7.93,false,1,
7290113192300,false,זיתים חרוזית מושחרים בית השיטה 275 גרם,קבוצת אוסם סחר שותפות מוגבלת,,,"י""ח",275,ל גרם,false,1,11.30,4.11,true,1,
7290113192348,false,בית השיטה זיתים ירוקים גדול מאודבטעם שום,קבוצת אוסם סחר-שות.מוגבלת,,,"י""ח",340,ל גרם,false,1,11.20,3.29,true,1,
7290113192355,false,חרוזית זיתים ירוקים ללא גלעין 275 ג' בית השיטה,קבוצת אוסם סחר שותפות מוגבלת,,,"י""ח",275,ל גרם,false,1,11.10,4.04,true,1,
7290113192362,false,בית השיטה טבעות זיתים ירק.א2 12*280ג חדש,קבוצת אוסם סחר שותפות מוגבלת,,,"י""ח",280,ל גרם,false,1,11.20,4,false,1,
7290113192379,false,בית השיטה זיתים ירוקים מבוקעים א2 340גר',קבוצת אוסם סחר-שות.מוגבלת,,,"י""ח",340,ל גרם,false,1,11.60,3.41,false,1,
7290113192386,false,בית השיטה זיתים ירוקים סורי מבוקע 340גרם,קבוצת אוסם סחר שותפות מוגבלת,,,"י""ח",340,ל גרם,false,1,12.50,3.68,false,1,
7290113192478,false,בית השיטה מלפפונים במלח בינוני 10-12 320 גרם,קבוצת אוסם סחר שותפות מוגבלת,,,"י""ח",320,ל גרם,false,1,9.40,2.94,false,1,
7290113192485,false,בית השיטה מלפפונים בחומץ בינוני 10-12 290 גרם,קבוצת אוסם סחר שותפות מוגבלת,,,"י""ח",290,ל גרם,false,1,9.30,3.21,false,1,
7290113192492,false,בית השיטה מלפפונים בחומץ קטנים 1317 290 גרם,קבוצת אוסם סחר שותפות מוגבלת,,,"י""ח",290,ל גרם,false,1,10.90,3.76,false,1,
7290113192508,false,ב.השיטה מלפפון במלח ר.טבע א2 17-13 320 גרם,קבוצת אוסם סחר שותפות מוגבלת,,,"י""ח",320,ל גרם,false,1,10.90,3.41,false,1,
7290113192515,false,בית השיטה מלפפונים במלח קטן מאוד 1825 320 גרם,קבוצת אוסם סחר שותפות מוגבלת,,,"י""ח",320,ל גרם,false,1,13.30,4.16,false,1,
7290113192522,false,בית השיטה מלפפונים בחומץ קטן מאוד 1825 290 גרם,קבוצת אוסם סחר שותפות מוגבלת,,,"י""ח",290,ל גרם,false,1,13.30,4.59,false,1,
7290113192539,false,בית השיטה מלפפונים במלח גדול 79 320 גרם,קבוצת אוסם סחר שותפות מוגבלת,,,"י""ח",320,ל גרם,false,1,7.90,2.47,false,1,
7290113192546,false,"מלפפונים בחומץ רכיבים טבעיים 7-9 ""בית השיטה""",קבוצת אוסם סחר שותפות מוגבלת,,,"י""ח",290,ל גרם,false,1,7.90,2.72,false,1,
7290113192553,false,מלפפונים במלח 13-17 פיקנטי בית השיטה 320 גרם,קבוצת אוסם סחר-שות.מוגבלת,,,"י""ח",320,ל גרם,false,1,10.90,3.41,false,1,
7290113192560,false,פלפל חריף כבוש שיפקה בית השיטה (430 גר`),קבוצת אוסם סחר שותפות מוגבלת,,,"י""ח",230,ל גרם,false,1,6.90,3,true,1,
7290113192577,false,בית השיטה כרוב כבוש א2 12*430גרם חדש,קבוצת אוסם סחר שותפות מוגבלת,,,"י""ח",430,ל גרם,false,1,6.90,1.60,false,1,
7290113192997,false,בית השיטה זית מרוקאי 340 גרם*,קבוצת אוסם סחר שותפות מוגבלת,,,"י""ח",720,ל גרם,false,1,11.90,1.65,false,1,
7290113193017,false,בית השיטה חרוזית קוקטייל זיתים 275 גרם,קבוצת אוסם סחר שותפות מוגבלת,,,"י""ח",275,ל גרם,false,1,12.90,4.69,false,1,
7290113193031,false,חרוזית קלמטה - זיתים שחורים ללא גלעין קלמטה,קבוצת אוסם סחר שותפות מוגבלת,,,"י""ח",275,ל גרם,false,1,12.90,4.69,false,1,
7290113193406,false,"קוקטייל טבעות זיתים - זיתים ירוקים, שחורים מרינד",קבוצת אוסם סחר שותפות מוגבלת,,,"י""ח",275,ל גרם,false,1,10.60,3.85,false,1,
7290113194090,false,בית השיטה טבעות זיתים קלמטה 280 גרם,קבוצת אוסם סחר שותפות מוגבלת,,,"י""ח",280,ל גרם,false,1,10.60,3.79,false,1,
7290113195967,false,קוואקר שיבולת שועל פחית שקדיה 500 גרם,דין שיווק וקליה 2021 בעמ,,,"י""ח",500,ל גרם,false,1,9.90,1.98,false,1,
7290113196902,false,מנה חמה אטריות אורז בטעם בקר 70 ג' סו שף,דין שיווק וקליה 2021 בעמ,,,"י""ח",70,ל גרם,false,1,7.90,11.29,false,1,
7290113196926,false,מנה חמה אטריות אורז בטעם ירקות שקדיה 70 גרם,דין שיווק וקליה 2021 בעמ,,,"י""ח",70,ל גרם,false,1,7.90,11.29,false,1,
7290113198401,false,בוטנים קלויים ג`מבו 300גר מחנה יהודה,דין שיווק וקליה 2021 בעמ****,,,"י""ח",300,ל גרם,false,1,19.90,6.63,true,1,
7290113198418,false,שקד קלוי ענק 250גר מחנה יהודה,דין שיווק וקליה 2021 בעמ****,,,"י""ח",250,ל גרם,false,1,24.90,9.96,true,1,
7290113198432,false,תערובת פיצוחים מובחרת 250גר מחנה יהודה,דין שיווק וקליה 2021 בעמ****,,,"י""ח",250,ל גרם,false,1,24.90,9.96,true,1,
7290113198449,false,שקד טבעי 300גר מחנה יהודה,דין שיווק וקליה 2021 בעמ****,,,"י""ח",300,ל גרם,false,1,24.90,8.30,true,1,
7290113198463,false,פקאו סיני 160גר מחנה יהודה,דין שיווק וקליה 2021 בעמ****,,,"י""ח",160,ל גרם,false,1,19.90,12.44,true,1,
7290113198470,false,אגוז מלך 200גר מחנה יהודה,דין שיווק וקליה 2021 בעמ****,,,"י""ח",200,ל גרם,false,1,14.90,7.45,true,1,
7290113198487,false,סוכריות גומי 300גר מחנה יהודה,דין שיווק וקליה 2021 בעמ****,,,"י""ח",300,ל גרם,false,1,14.90,4.97,true,1,
7290113198494,false,פיסטוק קלוי גדול 200גר מחנה יהודה,דין שיווק וקליה 2021 בעמ****,,,"י""ח",200,ל גרם,false,1,24.90,12.45,true,1,
7290113198739,false,סוכריות גומי בננה 300ג מחנה יהודה,דין שיווק וקליה 2021 בעמ****,,,"י""ח",288,ל גרם,false,1,14.90,5.17,true,1,
7290113199323,false,עלי טורטילוס בוריטו150גר,אלקטי קוראבייכיסיגידה טו,,,"י""ח",440,ל גרם,false,1,5.90,1.34,false,1,
7290113199675,false,גרנולה שיבולת שועל עם צימוק אגוז ושקד 500ג' שקדיה,דין שיווק וקליה 2021 בעמ,,,"י""ח",500,ל גרם,false,1,12.90,2.58,false,1,
7290113199880,false,טורטיה בתוספת קמח כוסמין ושיבול שועל שקדיה 360 גרם,דין שיווק וקליה 2021 בעמ,,,"י""ח",360,ל גרם,false,1,9.90,2.75,false,1,
7290113560109,false,פרודונטקס מ.שיניים בטעם צמחי 75 מל,פרודונטקס Parodontax,,,"י""ח",1,,false,1,30.90,30.90,true,1,
7290113560260,false,זוג מברשות סנסודיין שיקום,גורי ע.ע.ע. בעמ,,,"י""ח",75,"ל מ""ל",false,1,29.90,39.87,true,1,
7290113560277,false,זוג מברשות שיניים רפיד רליף סנסודיין,גלקסוס סמית קליין,,,"י""ח",75,"ל מ""ל",false,1,29.90,39.87,true,1,
7290113860247,false,עוגות אישיות שכבות עשריה פנטולה,ש.שסטוביץ בעמ,,,"י""ח",400,ל גרם,false,1,13.90,3.48,true,1,
7290113860476,false,מארז אוברול קימונו שרוול קצר 3-6 תכלת,"קבוצת יבנה מוצרי מזון בע""מ",,,"י""ח",600,ל גרם,false,1,6.90,1.15,true,1,
7290113860483,false,מארז אוברול קימונו שרוול קצר 6-12 ורוד,"קבוצת יבנה מוצרי מזון בע""מ",,,"י""ח",600,ל גרם,false,1,10.90,1.82,true,1,
7290113860667,false,לייף בייביז תחליב גוף להזנת העור 400 מל,טחנות ישראליות בעמ,,,"י""ח",1,"ק""ג",false,1,7.90,7.90,true,1,
7290113860674,false,לייף בייביז שמפו להרגעת העור 1 ליטר,טחנות ישראליות בעמ,,,"י""ח",1,"ק""ג",false,1,8.90,8.90,true,1,
7290113860681,false,לייף בייביז אלסבון להרגעת העור 1 ליטר,טחנות ישראליות בעמ,,,"י""ח",1,"ק""ג",false,1,8.90,8.90,true,1,
7290113860698,false,לייף בייביז שמפו וסבון יחדיו להרגעת העור,טחנות ישראליות בעמ,,,"י""ח",1,"ק""ג",false,1,15.90,15.90,true,1,
7290113860742,false,"קמח כוסמין מלא 100% 1ק""ג ישראליות",טחנות ישראליות בעמ,,,"י""ח",1,"ק""ג",false,1,15.90,15.90,true,1,
7290114310215,false,"שמנת מתוקה 38% רמת הגולן 250 מ""ל ווסטהיים - מוצר בפיקוח",החברה המרכזית טלהפצת משקאות בע,,,"י""ח",250,"ל מ""ל",false,1,6.47,2.59,false,1,
7290114310222,false,חלב מועשר בסידן וויטמין Dי 3% 1.5 ל' טרה,*החברה המרכזית להפצת משקאותבעמ,,,"י""ח",1.50,ליטר,false,1,12.50,8.33,false,1,
7290114310239,false,חלב נטול לקטוז מועשר בוויטמין D י 2% 1.5 ל' טרה,החברה המרכזית טלהפצת משקאות בע,,,"י""ח",1.50,ליטר,false,1,12.50,8.33,false,1,
7290114310338,false,צפתית מעודנת 5% בגביע 225 גרם משק צוריאל,החברה המרכזית טלהפצת משקאות בע,,,"י""ח",250,ל גרם,false,1,16.90,6.76,false,1,
7290114310345,false,מעדן יוגורט בטעם תות 1.5% 125 גרם טרה,*החברה המרכזית להפצת משקאותבעמ,,,"י""ח",250,ל גרם,false,1,2.90,1.16,true,1,
7290114310550,false,גבינת פטה עיזים מעודנת 5% משק צוריאל 200 גרם,החברה המרכזית טלהפצת משקאות בע,,,"י""ח",200,ל גרם,false,1,23.90,11.95,false,1,
7290114310567,false,לאבנה עיזים 5% 200 גר` צוריאל,החברה המרכזית טלהפצת משקאות בע,,,"י""ח",200,ל גרם,false,1,14.90,7.45,true,1,
7290114310888,false,מולר סימפלי פרוט תות 1.5% 150 גרם,*החברה המרכזית להפצת משקאותבעמ,,,"י""ח",150,ל גרם,false,1,5.30,3.53,true,1,
7290114310895,false,"סימפלי פרוט יוגורט עם מנגו תות, שמיניה 8 * 150 גרם",*החברה המרכזית להפצת משקאותבעמ,,,"י""ח",150,"ל מ""ל",false,1,30.90,20.60,false,1,
7290114311014,false,"משקה חלב אייס קפוצ'ינו פקק ספורט טרה 250 מ""ל",החברה המרכזית טלהפצת משקאות בע,,,"י""ח",250,"ל מ""ל",false,1,5.70,2.28,true,1,
7290114311298,false,יוגורט מולר פרופ בטעם תות בננה מלון 150,החברה המרכזית טלהפצת משקאות בע,,,"י""ח",150,"ל מ""ל",false,1,5.30,3.53,true,1,
7290114311458,false,חלב קרטון 3% מועשר ויטמין די 1 ליטר,*החברה המרכזית להפצת משקאותבעמ,,,"י""ח",1,ליטר,false,1,7.70,7.70,false,1,
7290114600927,false,מאסטר שף עלי טורטייה חיטה מלאה 320 גרם,אלקאטי קורביישיסי גי,,,"י""ח",320,ל גרם,false,1,10.90,3.41,false,1,
7290114600941,false,מאסטר שף מיונז הולנדי לחיץ 435 גרם,ש. שסטוביץ בע`מ,,,"י""ח",435,ל גרם,false,1,13.90,3.20,false,1,
7290114603591,false,PLAY חטיף פוף בטעם קטשופ 40 גרם,ש. שסטוביץ בע`מ,,,"י""ח",40,ל גרם,false,1,3.90,9.75,true,1,
7290114606578,false,מאסטר שף שקדי מרק 400 גרם,ש. שסטוביץ בע`מ,,,"י""ח",400,ל גרם,false,1,9.90,2.48,true,1,
7290115071481,false,6 מטבעות שוקולד באריזת רשת 31 גר LOL,שמחה זה אנחנו בעמ,,,"י""ח",31,ל גרם,false,1,4.90,15.81,false,1,
7290115071498,false,מטבעות שוקולד ברשת 31 גר`כוח פי ג`יי,שמחה זה אנחנו בעמ,,,"י""ח",31,ל גרם,false,1,4.90,15.81,false,1,
7290115071528,false,מטבעות שוקולד ברשת 31ג מיניונים,שמחה זה אנחנו,,,"י""ח",31,ל גרם,false,1,4.90,15.81,false,1,
7290115071535,false,מטבעות שוקולד ברשת מפרץ הרפתקאות 31 גר,שמחה זה אנחנו,,,"י""ח",31,ל גרם,false,1,4.90,15.81,false,1,
7290115073713,false,שלישיית ביצי שוקולד(חלב נוכרי)-טום וג'רי,שמחה זה אנחנו בעמ,,,"י""ח",1,,false,1,14.90,14.90,false,1,
7290115074741,false,סוכריה על מקל 85 גרם - הלו קיטי,שמחה זה אנחנו,,,"י""ח",50,ל גרם,false,1,5.90,11.80,false,1,
7290115190007,false,מרלבורו רד פאקט) (10 חדש,פיליפ מוריס בעמ,,,"י""ח",1,,false,1,349,349,false,1,
7290115190014,false,סיגריות מרלבורו רד קצר בוקס,פיליפ מוריס בעמ,,,"י""ח",1,,false,1,34.90,34.90,false,1,
7290115190076,false,סיגריות מרלבורו גולד ארוך 100 בוקס,פיליפ מוריס בעמ,,,"י""ח",1,,false,1,34.90,34.90,false,1,
7290115190090,false,סיגריות מרלבורו קצר בוקס בודד,פיליפ מוריס בעמ,,,"י""ח",1,,false,1,34.90,34.90,false,1,
7290115190151,false,סיגריות מרלבורו טאצ גולד,פיליפ מוריס בעמ,,,"י""ח",1,,false,1,30.90,30.90,false,1,
7290115190250,false,סיגריות פרלמנט קצר בודד,פיליפ מוריס בעמ,,,"י""ח",1,,false,1,39.50,39.50,false,1,
7290115190335,false,ל.מ.בלו לייבל ארוך בוקס חפיסה,פיליפ מוריס בעמ,,,"י""ח",1,,false,1,30.50,30.50,false,1,
7290115190359,false,אל.אמ בלו לייבל קצר חפיסה) (20,פיליפ מוריס בעמ,,,"י""ח",1,,false,1,30.50,30.50,false,1,
7290115190373,false,סיגריות ל.מ. קפסולהP,פיליפ מוריס בעמ,,,"י""ח",1,,false,1,30.50,30.50,false,1,
7290115190397,false,סיגריות L.M קצר רד לייבל בודד,פיליפ מוריס בעמ,,,"י""ח",1,,false,1,30.50,30.50,false,1,
7290115190434,false,סיגריות L.M וייב סלימס בודד,פיליפ מוריס בעמ,,,"י""ח",1,,false,1,30.50,30.50,false,1,
7290115190458,false,סיגריות נקסט פיין אדג' בודד,פיליפ מוריס בעמ,,,"י""ח",1,,false,1,26.50,26.50,true,1,
7290115190472,false,סיגריות נקסט אדג' בודד,פיליפ מוריס בעמ,,,"י""ח",1,,false,1,26.50,26.50,true,1,
7290115190496,false,סיגריות נקסט ארוך בודד,פיליפ מוריס בעמ,,,"י""ח",1,,false,1,29.90,29.90,false,1,
7290115190519,false,סיגריות נקסט פיין חפ,פיליפ מוריס בעמ,,,"י""ח",1,,false,1,29.90,29.90,false,1,
7290115190557,false,חפיסת סיגריות ריסס פילטר נקסט) (20,פיליפ מוריס בעמ,,,"י""ח",1,,false,1,26.90,26.90,true,1,
7290115190595,false,סיגריות נקסט אוריגינ,פיליפ מוריס בעמ,,,"י""ח",1,,false,1,29.90,29.90,false,1,
7290115190939,false,אל.אם קפסולות קליק חפיסה,פיליפ מוריס בעמ,,,"י""ח",1,,false,1,26.50,26.50,true,1,
7290115200003,false,אסם פתי בר פינוקי וניל 16*220 ג',קבוצת אוסם סחר שותפות מוגבלת,,,"י""ח",220,ל גרם,false,1,10.90,4.95,true,1,
7290115200027,false,אסם פתי בר פינוקים שוקו 220 גרם,קבוצת אוסם סחר שותפות מוגבלת,,,"י""ח",220,ל גרם,false,1,10.90,4.95,true,1,
7290115200676,false,עוגיות קרמוגית במילוי קרם בטעם קרמל מלוח,קבוצת אוסם סחר שותפות מוגבלת,,,"י""ח",200,ל גרם,false,1,10.90,5.45,true,1,
7290115201680,false,ביסלי חטיף בטעם ברביקין אסם (70 גרם),קבוצת אוסם סחר שותפות מוגבלת,,,"י""ח",70,ל גרם,false,1,4.40,6.29,true,1,
7290115202434,false,צבר סלט חומוס עם זעתר 375 גרם,קבוצת אוסם סחר שותפות מוגבלת,,,"י""ח",375,ל גרם,false,1,13.70,3.65,true,1,
7290115202762,false,מיני ניוקי טריקולור 500 גרם פרפקטו אסם,קבוצת אוסם סחר-שות.מוגבלת,,,"י""ח",500,ל גרם,false,1,13,2.60,false,1,
7290115203134,false,חטיף פופקו פופקורן במבה אסם (80 גרם),קבוצת אוסם סחר שותפות מוגבלת,,,"י""ח",80,ל גרם,false,1,5.90,7.38,true,1,
7290115203172,false,במבה PRO מכיל 18 גרם חלבון בשקית,קבוצת אוסם סחר שותפות מוגבלת,,,"י""ח",80,ל גרם,false,1,4.30,5.38,true,1,
7290115205176,false,729001032825פיטנס חטיפי קרקר כפרי 140גר.,קבוצת אוסם סחר שותפות מוגבלת,,,"י""ח",140,ל גרם,false,1,13.90,9.93,true,1,
7290115205312,false,קרקר פיטנס דק עם זיתי קלמטה ועשבי תיבול,קבוצת אוסם סחר שותפות מוגבלת,,,"י""ח",140,ל גרם,false,1,12.90,9.21,true,1,
7290115205541,false,חטיף מולטיגריין עם חומוס ( 25 גר`) פיטנס,קבוצת אוסם סחר שותפות מוגבלת,,,"י""ח",25,ל גרם,false,1,4.90,19.60,true,1,
7290115205718,false,אסם בונזור בצק מצונן עלים 230 גרם,קבוצת אוסם סחר-שות.מוגבלת,,,"י""ח",230,ל גרם,false,1,14.90,6.48,true,1,
7290115206852,false,ביסלי חטיף בטעם צ`יזי סטיקס 70 גר`,קבוצת אוסם סחר-שות.מוגבלת,,,"י""ח",70,ל גרם,false,1,4.40,6.29,true,1,
7290115207484,false,צבר סלט חציל על האש היתר 360 גרם,קבוצת אוסם סחר שותפות מוגבלת,,,"י""ח",400,ל גרם,false,1,15.90,3.98,true,1,
7290115208009,false,ויטמינצ'יק ענבים סירופ 1 ליטר,קבוצת אוסם סחר שותפות מוגבלת,,,"י""ח",1,ליטר,false,1,21.90,21.90,false,1,
7290115208047,false,סירופ פטל ויטמינצ`יק (1 ליטר),קבוצת אוסם סחר שותפות מוגבלת,,,"י""ח",1,ליטר,false,1,21.90,21.90,false,1,
7290115208061,false,ויטמינצ'יק תפוח סירופ 1 ליטר,קבוצת אוסם סחר שותפות מוגבלת,,,"י""ח",1,ליטר,false,1,21.90,21.90,false,1,
7290115208344,false,שטוחים בייגלה כפיות שמנת בצל 300גר,קבוצת אוסם סחר שותפות מוגבלת,,,"י""ח",300,ל גרם,false,1,11.80,3.93,false,1,
7290115208597,false,אסם קרמוגית מיניס קרמל מלוח 200 גרם,קבוצת אוסם סחר שותפות מוגבלת,,,"י""ח",200,ל גרם,false,1,11.90,5.95,true,1,
7290115209358,false,במבה במילוי בראוניז אסם (60 גרם),קבוצת אוסם סחר שותפות מוגבלת,,,"י""ח",600,ל גרם,false,1,4.30,0.72,true,1,
7290115209372,false,במבה במילוי בראוניז 150 גרם אוסם,קבוצת אוסם סחר שותפות מוגבלת,,,"י""ח",200,ל גרם,false,1,10.90,5.45,true,1,
7290115671223,false,מסטיק מאסט פאן אבטיח מנגו צנצנת 58 גרם,שטראוס גרופ בע`מ,,,"י""ח",58,ל גרם,false,1,9.90,17.07,true,1,
7290115671353,false,מיני פינוקיות עוגיות קקאו במילוי קרם בטעם וניל,"הגביע מוצרי ופלים בע""\מ",,,"י""ח",200,ל גרם,false,1,10.90,5.45,true,1,
7290115674774,false,BREADZ קרקר קינואה צ'יה 170 גרם,שטראוס פריטו ליי בעמ,,,"י""ח",170,ל גרם,false,1,14.90,8.76,true,1,
7290115675559,false,מארז קפה טורקי לדרך 10 יחידות,שטראוס קפה בי.וי.,,,"י""ח",70,ל גרם,false,1,8.90,12.71,true,1,
7290115675986,false,דנונה יוגורט בר עם אגוזים מקורמלים 173 גרם,שטראוס גרופ בעמ/מצונן,,,"י""ח",173,"ל מ""ל",false,1,4.60,2.66,true,1,
7290115676051,false,"משקה אקטיביה שיבולת שועל במתיקות מעודנת 250 מ""ל",שטראוס גרופ בעמ/מצונן,,,"י""ח",265,"ל מ""ל",false,1,5,1.89,true,1,
7290115676099,false,משקה דנונה פרו 20 יוגורט וניל 255 ג' רבנות,שטראוס גרופ בעמ/מצונן,,,"י""ח",265,"ל מ""ל",false,1,6.90,2.60,true,1,
7290115676273,false,אבקת קקאו עלית 500 גרם+ 10% תוספת,שטראוס קפה בי.וי.,,,"י""ח",500,ל גרם,false,1,23.90,4.78,true,1,
7290115678376,false,מעדן הגולן שוקולד 125 גרם,שטראוס גרופ בעמ/מצונן,,,"י""ח",125,ל גרם,false,1,3.20,2.56,true,1,
7290115678383,false,מעדן הגולן שוקולד מריר בודד 125גר,שטראוס גרופ בעמ/מצונן,,,"י""ח",125,ל גרם,false,1,3.20,2.56,true,1,
7290116244037,false,חד קרן אצבעות שוקולד חלב 84 גרם,שמחה זה אנחנו בע`מ,,,"י""ח",84,ל גרם,false,1,7.90,9.40,false,1,
7290116244044,false,מיניונים אצבעות שוקולד חלב 84 גרם,שמחה זה אנחנו בע`מ,,,"י""ח",84,ל גרם,false,1,7.90,9.40,false,1,
7290116530161,false,"תחליב רחצה בניחוח שייק אננס, מלון וחלב שיבולת שועל",יוניליוור ישראל שיווק בע`מ,,,"י""ח",750,"ל מ""ל",false,1,11.90,1.59,false,1,
7290116531908,false,רוטב מרינדה לגריל יום עצמאות קנור 340 גרם,יוניליוור ישראל שיווק בעמ,,,"י""ח",340,ל גרם,false,1,10.90,3.21,true,1,
7290116532882,false,נישנושים איירביס טעם בצל 155 גר`,יוניליוור ישראל שיווק בע`מ,,,"י""ח",150,ל גרם,false,1,11.90,7.93,false,1,
7290116930435,false,יופלה גו במרקם סמיך עם דובדבן 0% 200מל,תנובה מרכז שיתופי לש,,,"י""ח",200,"ל מ""ל",false,1,5.90,2.95,true,1,
7290116930626,false,ארוחה בקטנה ציזיקי עם קרקרים 150ג' תנובה,"תנובה בע""מ ***",,,"י""ח",150,ל גרם,false,1,7.90,5.27,false,1,
7290116930657,false,"משקה חלב גו בטעם בננה תמר בתוספת שיבולת שועל במרקם חלק 340 מ""ל",תנובה מרכז שיתופי לש,,,"י""ח",340,"ל מ""ל",false,1,7.50,2.21,false,1,
7290116930671,false,"חלב קפה דל לקטוז 800מ""ל%1.8 קרטון","תנובה בע""מ ***",,,"י""ח",1,ליטר,false,1,7.30,7.30,false,1,
7290116930701,false,מעדן חלב GO מועשר בחלבון בטעם קרמל מלוח,תנובה מרכז שיתופי לש,,,"י""ח",120,"ל מ""ל",false,1,5.20,4.33,false,1,
7290116930954,false,יוגורט טעם פאי תפוחים 3% 150 ג' יופלה,תנובה בעמ ***,,,"י""ח",150,"ל מ""ל",false,1,5,3.33,false,1,
7290116931029,false,משקה בריסטה ש.שועל בטעם אייריש 1ל,"תנובה בע""מ ***",,,"י""ח",1,ליטר,false,1,12.90,12.90,true,1,
7290116931074,false,פרוסות טל העמק 32% שומן 300 גרם,"תנובה בע""מ ***",,,"י""ח",300,ל גרם,false,1,25.90,8.63,false,1,
7290116931081,false,מעדן סויה - טופי קרמל 125 גרם אלטרנטיב,תנובה מרכז שיתופי לש,,,"י""ח",125,"ל מ""ל",false,1,3.70,2.96,false,1,
7290116931104,false,יופלה GO במרקם סמיך עם אננס 0% תנובה 200 גרם,תנובה בעמ ***,,,"י""ח",200,"ל מ""ל",false,1,5.90,2.95,true,1,
7290116931432,false,משקה סחלב ש.שועל 1ל,"תנובה בע""מ ***",,,"י""ח",1,ליטר,false,1,12.90,12.90,true,1,
7290117030547,false,כוסות חד פעמי שתיה קרה 80יח,ח.כהן סוכנות מזון ומשקאות בע,,,"י""ח",1,"י""ח",false,1,5.90,5.90,true,1,
7290117030615,false,תבניות שחור זהב אינגליש גבוהה שווה,ח.כהן סוכנות מזון ומשקאות בע,,,"י""ח",4,"י""ח",false,1,13.90,3.48,false,1,
7290117030745,false,ניירות אפייה מתאים לתבנית אינגליש 20 י,ח.כהן סוכנות מזון ומשקאות בע,,,"י""ח",20,"י""ח",false,1,9.90,0.50,true,1,
7290117031513,false,כוסות נייר גודל 10 שווה 40 יח (25 בקרט,ח.כהן סוכנות מזון ומשקאות בע,,,"י""ח",40,"י""ח",false,1,13.90,0.35,true,1,
7290117031520,false,כוסות נייר גודל 12 שווה 40 יח (25 בקר,ח.כהן סוכנות מזון ומשקאות בע,,,"י""ח",40,"י""ח",false,1,14.90,0.37,true,1,
7290117031537,false,כוסות נייר גודל 16 שווה 40 יח (25 בקר,ח.כהן סוכנות מזון ומשקאות בע,,,"י""ח",40,"י""ח",false,1,18.90,0.47,true,1,
7290117031551,false,כוסות נייר גודל 2.5 שווה 40 יח (25 בקר,ח.כהן סוכנות מזון ומשקאות בע,,,"י""ח",40,"י""ח",false,1,4.90,0.12,true,1,
7290117032022,false,מזלגונים איכותי 40יח צבעוני שווה,ח.כהן סוכנות מזון ומשקאות בע,,,"י""ח",40,"י""ח",false,1,6.90,0.17,true,1,
7290117032060,false,כפות איכותיות 40יח קרם שווה*,ח.כהן סוכנות מזון ומשקאות בע,,,"י""ח",40,"י""ח",false,1,6.90,0.17,true,1,
7290117032077,false,כפות איכותיות 40יח שקוף שווה*,ח.כהן סוכנות מזון ומשקאות בע,,,"י""ח",40,"י""ח",false,1,6.90,0.17,true,1,
7290117032091,false,כפיות איכותיות 40יח קרם שווה*,ח.כהן סוכנות מזון ומשקאות בע,,,"י""ח",40,"י""ח",false,1,6.90,0.17,true,1,
7290117032107,false,כפיות איכותיות 40יח שקוף שווה*,ח.כהן סוכנות מזון ומשקאות בע,,,"י""ח",40,"י""ח",false,1,6.90,0.17,true,1,
7290117032114,false,כפיות איכותי 40יח צבעוני שווה,ח.כהן סוכנות מזון ומשקאות בע,,,"י""ח",40,"י""ח",false,1,6.90,0.17,true,1,
7290117260562,false,חמאה כפרית מסורתית בגביע,ג.וילי-פוד אינטרנשיונל **גבינו,,,"י""ח",225,ל גרם,false,1,16.90,7.51,false,1,
7290117261927,false,גבינת פקורינו מחלב כבשים צ'אנק 150 EURO CHEESE,ג.וילי-פוד אינטרנשיונל **גבינו,,,"י""ח",150,ל גרם,false,1,19.90,13.27,false,1,
7290117262160,false,גבינה כפרית 20% שומן EURO CHEESE ויליפוד 200 גרם,ג.וילי-פוד אינטרנשיונל **גבינו,,,"י""ח",200,ל גרם,false,1,16.90,8.45,false,1,
7290117380215,false,חטיף פוף קראנץ בטעם טאקו 60 גרם,ש. שסטוביץ בע`מ,,,"י""ח",40,ל גרם,false,1,3.90,9.75,true,1,
7290117380857,false,"מרבה סלים דליס פייבר עוגות אישיות בטעם לימון, 120 גרם",ש. שסטוביץ בע`מ,,,"י""ח",120,ל גרם,false,1,13.90,11.58,true,1,
7290117380864,false,סלים דליס פייבר עוגות בראוניס אישיות בטעם שוקולד 120 גרם,ש.שסטוביץ בעמ,,,"י""ח",120,ל גרם,false,1,13.90,11.58,true,1,
7290117380871,false,סלים דליס פייבר עוגות אישיות בטעם אוכמניות 120 גרם,ש.שסטוביץ בעמ,,,"י""ח",120,ל גרם,false,1,13.90,11.58,true,1,
7290117383728,false,"מארז זוג תחליב רחצה לומינוס  אבוקדו 750 מ""ל פלמוליב",קולגייט פלמוליב,,,"י""ח",1.50,ליטר,false,1,31.90,21.27,true,1,
7290117383742,false,"מארז זוג ג'ל רחצה לגבר 750 מ""ל פלמוליב",קולגייט פלמוליב,,,"י""ח",1.50,ליטר,false,1,31.90,21.27,true,1,
7290117860038,false,"הוואי - תחליב רחצה יוגורט בניחוח אוכמניות 700 מ""ל","טרופיקל דגיל בע""\מ",,,"י""ח",700,"ל מ""ל",false,1,14.90,2.13,true,1,
7290117860045,false,שמפו תמציות אלוורה ותה ירוק לשיער רגיל,"טרופיקל גליל בע""מ",,,"י""ח",700,"ל מ""ל",false,1,14.90,2.13,true,1,
7290117860090,false,מרכך תמציות אלוורה ותה ירוק לשיער רגיל,"טרופיקל דגיל בע""\מ",,,"י""ח",700,"ל מ""ל",false,1,14.90,2.13,true,1,
7290117860137,false,"הוואי קרם רחצה יוגורט בניחוח פרח הקמליה 700 מ""ל","טרופיקל גליל בע""מ",,,"י""ח",700,"ל מ""ל",false,1,14.90,2.13,true,1,
7290117860182,false,"הוואי - תחליב רחצה בניחוח מגנוליה ושמן שקדים 700 מ""ל","טרופיקל דגיל בע""\מ",,,"י""ח",700,"ל מ""ל",false,1,14.90,2.13,true,1,
7290117860199,false,שמפו שמן ורד הבר ושמן מקדמיה לשיער יבש,"טרופיקל דגיל בע""\מ",,,"י""ח",700,"ל מ""ל",false,1,14.90,2.13,true,1,
7290117860236,false,"הוואי - קרם רחצה בניחוח ויולה ורודה 700 מ""ל","טרופיקל דגיל בע""\מ",,,"י""ח",700,"ל מ""ל",false,1,14.90,2.13,true,1,
7290117860298,false,שמפו קומפלקס קרטין לשיער עדין או חלש,"טרופיקל גליל בע""מ",,,"י""ח",700,"ל מ""ל",false,1,14.90,2.13,true,1,
7290117860397,false,שמפו תמצית פריחת הדובדבן לשיער רגיל,"טרופיקל גליל בע""מ",,,"י""ח",700,"ל מ""ל",false,1,14.90,2.13,true,1,
7290117901175,false,שקדים קלופים 250 גרם ששון הקולה,דין שיווק וקליה 2021 בעמ,,,"י""ח",200,ל גרם,false,1,20,10,false,1,
7290117901182,false,בוטן קליפה קלוי 350 גרם ששון הקלה,דין שיווק וקליה 2021 בעמ,,,"י""ח",350,ל גרם,false,1,10,2.86,false,1,
7290117901199,false,טורטיה על גחלים שקדיה 520 גרם,דין שיווק וקליה 2021 בעמ,,,"י""ח",360,ל גרם,false,1,9.90,2.75,false,1,
7290117901205,false,טורטיה דגנים בתוספת שומשום ופשתן שקדיה 420 גרם,דין שיווק וקליה 2021 בעמ,,,"י""ח",360,ל גרם,false,1,9.90,2.75,false,1,
7290117901793,false,גרעיני חמניה קלופים 250גר מחנה יהודה,דין שיווק וקליה 2021 בעמ****,,,"י""ח",250,ל גרם,false,1,14.90,5.96,true,1,
7290117901816,false,אגוז קשיו טבעי 250גר מחנה יהודה,דין שיווק וקליה 2021 בעמ****,,,"י""ח",250,ל גרם,false,1,29.90,11.96,true,1,
7290117901823,false,שקד מולבן פרוס 250גר מחנה יהודה,דין שיווק וקליה 2021 בעמ****,,,"י""ח",250,ל גרם,false,1,29.90,11.96,true,1,
7290118420071,false,במבה ביסלי ברביקיו מיקס 80גר אסם{,קבוצת אוסם סחר שותפות מוגבלת,,,"י""ח",80,ל גרם,false,1,4.30,5.38,true,1,
7290118751649,false,אנטריקוט פרוס טרי חלק ארוז *,"ח.י. מעדני גורמה בע""מ",,,"ק""ג",1,,true,1,199,199,true,1,
7290118751656,false,אנטריקוט פרוס דק טרי חלק ארוז*,"ח.י. מעדני גורמה בע""מ",,,"ק""ג",1,,true,1,199,199,true,1,
7290118751663,false,רוסטביף לתנור טרי חלק ארוז **,"ח.י. מעדני גורמה בע""מ",,,קוב,1,,true,1,89.90,89.90,false,1,
7290118751670,false,צלי כתף חצוי טרי חלק ארוז**,"ח.י. מעדני גורמה בע""מ",,,"ק""ג",1,,true,1,99.90,99.90,false,1,
7290118751687,false,שריר טרי חלק ארוז **,"ח.י. מעדני גורמה בע""מ",,,"ק""ג",1,"ק""ג",true,1,69.90,69.90,true,1,
7290118751694,false,שריר עגל מעובד מופשר חלק ארוז**,"ח.י. מעדני גורמה בע""מ",,,"ק""ג",1,,true,1,59.90,59.90,false,1,
7290118751700,false,גולש טרי חלק ארוז**,"ח.י. מעדני גורמה בע""מ",,,"ק""ג",1,,true,1,79.90,79.90,false,1,
7290118751717,false,בשר לטחינה טרי חלק ארוז**,"ח.י. מעדני גורמה בע""מ",,,"ק""ג",1,,true,1,59.90,59.90,false,1,
7297070001232,false,ג'סיקה גרביון נשים 20 דנ' מדיצ'י,אחים וייס י.ש.י.ייצור ושווק בע,,,"י""ח",1,,false,1,13.90,13.90,false,1,
7297488099906,false,פרוסות בסגנון קלאסי 18% טבעונית 200 גרם,קפוא זן תעשיות מזון בעמ,,,"י""ח",200,ל גרם,false,1,19.90,9.95,false,1,
7394376615825,false,אוטלי משקה שיבולת שועל מועשר בסידן וויטמינים 1 ליטר,ש. שסטוביץ בע`מ,,,"י""ח",1,ליטר,false,1,13.90,13.90,false,1,
7394376616778,false,אוטלי משקה שיבולת שועל להקצפה בריסטה 1 ליטר,ש. שסטוביץ בע`מ,,,"י""ח",1,ליטר,false,1,15.90,15.90,false,1,
7501013101348,false,"ג'ומקס מנגו בקבוק 473 מ""ל תריסר",חומקס קומר קומרסאליזדורה,,,"י""ח",473,"ל מ""ל",false,1,8,1.63,true,1,
7501013101355,false,"נקטר בטעם אפרסק 500 מ""ל JUMEX",חומקס קומר קומרסאליזדורה,,,"י""ח",473,"ל מ""ל",false,1,8,1.63,true,1,
7501013101393,false,"ג'ומקס אננס בקבוק 473 מ""ל תריסר",חומקס קומר קומרסאליזדורה,,,"י""ח",473,"ל מ""ל",false,1,8,1.63,true,1,
7501013122039,false,ג'ומקס מיץ מנגו קרטונית ליטר תריסר,חומקס קומר קומרסאליזדורה,,,"י""ח",1,ליטר,false,1,9.30,9.30,true,1,
7501013122053,false,נקטר אפרסק ג'ומקס בקרטונית 1 ליטר,חומקס קומר קומרסאליזדורה,,,"י""ח",1,ליטר,false,1,9.50,9.50,true,1,
7501013122992,false,ג'ומקס מיץ קוקוס אננס קרטונית ליטר תריסר,חומקס קומר קומרסאליזדורה,,,"י""ח",1,ליטר,false,1,9.30,9.30,true,1,
7501064191398,false,שישיית בירה קורונה אקסטרא *355 מל,קריניציה ויטמינה אס,,,"י""ח",6,"י""ח",false,1,39.90,6.35,true,1,
7509546678702,false,קולגייט משחת שיניים טוטל אנטי טרטר 100 מ,קולגייט-פלמוליב,,,"י""ח",100,"ל מ""ל",false,1,16.90,16.90,true,1,
7610100034084,false,מיונז טומי בשפורפרת 265 גרם,ליימן שליסל בע`מ,,,"י""ח",265,ל גרם,false,1,11.90,4.49,false,1,
7610243004463,false,"דורגול - מרסס להסרת אבנית במקלחון 600 מ""ל","יעקב יעקבי ובניו בע""מ",,,"י""ח",500,"ל מ""ל",false,1,23.90,4.78,true,1,
7613030979647,false,דגני בוקר טריקס פירות עולם היורה 480 ג',קבוצת אוסם סחר שותפות מוגבלת,,,"י""ח",4.80,"י""ח",false,1,28.90,6.02,true,1,
7613032045753,false,פיטנס דגנים מחיטה מלאה שוקולד 375גרם,קבוצת אוסם סחר שותפות מוגבלת,,,"י""ח",375,ל גרם,false,1,22.90,6.11,true,1,
7613033548192,false,פיטנס - דגני בוקר שוקולד מריר 375 גרם,קבוצת אוסם סחר שותפות מוגבלת,,,"י""ח",375,ל גרם,false,1,22.90,6.11,true,1,
7613035619050,false,פירולו חמשושים מפלצות 75 מל,שוורצקוף& הנקל דיסלד,,,"י""ח",1,,false,1,7,7,false,1,
7613035622623,false,פיטנס גרנולה שקדים ודבש נסטלה (300 גרם),קבוצת אוסם סחר-שות.מוגבלת,,,"י""ח",300,ל גרם,false,1,16.70,5.57,false,1,
7613036387798,false,פיטנס Fitness דגנים מלאים עם ציפוי בטעם יוגורט,קבוצת אוסם סחר שותפות מוגבלת,,,"י""ח",350,ל גרם,false,1,22.90,6.54,true,1,
7613036880534,false,גרבר מחית ירקות מעורבים מטרנה 190 גר',קבוצת אוסם סחר שותפות מוגבלת,,,"י""ח",190,ל גרם,false,1,7.30,3.84,false,1,
7613038268262,false,דגני בוקר צ'יריוס דבש ושקדים במתיקות מעודנת,קבוצת אוסם סחר שותפות מוגבלת,,,"י""ח",410,ל גרם,false,1,24.90,6.07,true,1,
7613039547922,false,גרבר מחית אגס תפוח ובננה 90 גרם פאוץ,קבוצת אוסם סחר-שות.מוגבלת,,,"י""ח",90,ל גרם,false,1,6.90,7.67,true,1,
7613039882030,false,גרבר מחית תפוח גזר בטטה 6*190 גרם,קבוצת אוסם סחר-שות.מוגבלת,,,"י""ח",190,ל גרם,false,1,7.30,3.84,false,1,
7613287302373,false,סטארבקס קפסולות איטליאן סטייל רוסט 56 גרם,קבוצת אוסם סחר שותפות מוגבלת,,,"י""ח",55,ל גרם,false,1,22.90,41.64,true,1,
7613287325808,false,אוסם - דיפ אנד ספרד מטבל איולי שום 295 גרם,קבוצת אוסם סחר שותפות מוגבלת,,,"י""ח",295,"ל מ""ל",false,1,15.90,5.39,true,1,
7613287394323,false,דגני בוקר מולטי צ'יריוס 600 גרם,קבוצת אוסם סחר שותפות מוגבלת,,,"י""ח",500,ל גרם,false,1,25.90,5.18,true,1,
7622010001858,false,עוגיות אוראו ממולאות קרם וניל 176 גרם.,דיפלומט מפיצים (1968) בעמ**,,,"י""ח",176,ל גרם,false,1,8.90,5.06,true,1,
7622201050757,false,מילקה שוקולד חלב במילוי קרם קרמל 100 ג,דיפלומט מפיצים (1968) בעמ**,,,"י""ח",100,ל גרם,false,1,6.50,6.50,true,1,
7622201127367,false,מילקה אוראו מיניס שוקולד לבן 153 גרם,דיפלומט מפיצים (1968) בעמ**,,,"י""ח",153,ל גרם,false,1,15.90,10.39,false,1,
7622201139278,false,גבינת פילדלפיה שמנת 150 גר`% (27 שומן),מיודלז אספניה פרודוק,,,"י""ח",150,ל גרם,false,1,14.90,9.93,false,1,
7622201401900,false,עוגיות מילקה סנסיישן אוראו 156 גרם,דיפלומט מפיצים (1968) בעמ**,,,"י""ח",156,ל גרם,false,1,10.90,6.99,true,1,
7622201802363,false,מילקה טבלת שוקולד חלב וצימוקים ואגוזים 100ג',דיפלומט מפיצים (1968) בעמ**,,,"י""ח",100,ל גרם,false,1,6.50,6.50,true,1,
7622201802394,false,שוקולד מילקה חלב מסרונים 100 גרם,מנדלז דויצ'\לנד סנקס פרו,,,"י""ח",100,ל גרם,false,1,6.50,6.50,true,1,
7622201808631,false,אוראו מיני עוגיות ממולאות קרם וניל 67גרם,דיפלומט מפיצים (1968) בעמ**,,,"י""ח",67,"ס""מ",false,1,6.90,10.30,true,1,
7622201809188,false,מילקה ביסקויט מצופה שוקולד 150 גר`,מונדלז פרנס ביסקוויט פרו,,,"י""ח",150,ל גרם,false,1,12.90,8.60,true,1,
7622201813390,false,וופל במילוי קרם קקאו בציפוי שוקולד חלב,דיפלומט מפיצים (1968) בעמ**,,,"י""ח",150,ל גרם,false,1,10.90,7.27,true,1,
7622210078131,false,שוקולד חלב עם שבבי קרמל מילקה דיים 100 גרם,מנדלז דויצ'\לנד סנקס פרו,,,"י""ח",100,ל גרם,false,1,6.50,6.50,true,1,
7622210137234,false,אוראו עוגיות עם דאבל קרם בטעם וניל 170ג,דיפלומט מפיצים (1968) בעמ**,,,"י""ח",170,ל גרם,false,1,8.90,5.24,true,1,
7622210163899,false,שוקולד חלב במילוי סוכריות עדשים,דיפלומט מפיצים (1968) בעמ**,,,"י""ח",100,ל גרם,false,1,6.50,6.50,true,1,
7622210453327,false,עוגיות שוקוצ'יפס במילוי שוקולד סנסיישן,דיפלומט מפיצים (1968) בעמ**,,,"י""ח",156,ל גרם,false,1,12.90,8.27,true,1,
7622210693266,false,מילקה שוקולד אגוזים שלמים 270 גרם,מונדלז אוסטרייך פרודקשן,,,"י""ח",300,ל גרם,false,1,14.90,4.97,true,1,
7622210826053,false,מילקה שוקולד אוראו סנדוויץ 100 גרם,דיפלומט מפיצים (1968) בעמ**,,,"י""ח",92,ל גרם,false,1,6.50,7.07,true,1,
7622300489427,false,עוגיות אוראו בציפוי בטעם שוקולד לבן 246 גרם,דיפלומט מפיצים (1968) בעמ**,,,"י""ח",264,ל גרם,false,1,17.90,6.78,true,1,
7622300489434,false,"עוגיות אוראו פאדג' בציפוי שוקולד חלב, 246 גרם",דיפלומט מפיצים (1968) בעמ**,,,"י""ח",264,ל גרם,false,1,17.90,6.78,true,1,
7622300495046,false,מילקה שוקולד חלב עם אקסטרה קקאו 100 גרם,מנדלז דויצ'\לנד סנקס פרו,,,"י""ח",100,ל גרם,false,1,6.50,6.50,true,1,
7622300503079,false,עוגיות ביסקוויט מצופה שוקולד חלב מילקה 200 גרם,דיפלומט מפיצים (1968) בעמ**,,,"י""ח",200,ל גרם,false,1,10.90,5.45,true,1,
7622300617820,false,מילקה שוקולד חלב במילוי קרם חלב ווניל ושבבי עוגיות אוראו 100 גרם,מנדלז דויצ'\לנד סנקס פרו,,,"י""ח",100,ל גרם,false,1,6.50,6.50,true,1,
7622300761363,false,עוגיות מיני אוראו במילוי קרם בטעם שוקולד בכוס,דיפלומט מפיצים (1968) בעמ**,,,"י""ח",67,ל גרם,false,1,6.90,10.30,true,1,
7622300772314,false,עוגיות אוראו ממולאות קרם בטעם וניל 66גר,דיפלומט מפיצים (1968) בעמ**,,,"י""ח",66,ל גרם,false,1,3.70,5.61,true,1,
7622400005190,false,שוקולד חלב נגיעות שוקולד לבן מילקה 100 ג,דיפלומט מפיצים (1968) בעמ**,,,"י""ח",1,,false,1,6.50,6.50,true,1,
7630311507016,false,קפסולות קפה סטארבקס סאני דיי 12*57גר`,קבוצת אוסם סחר שותפות מוגבלת,,,"י""ח",57,ל גרם,false,1,21.90,38.42,true,1,
7630477891615,false,סטארבקס קפסולות קפה סומטרה 10 יחידות,קבוצת אוסם סחר שותפות מוגבלת,,,"י""ח",55,ל גרם,false,1,22.90,41.64,true,1,
7630477891677,false,סטארבקס קפסולות קפה פייק פלייס 10 יחידות,קבוצת אוסם סחר שותפות מוגבלת,,,"י""ח",53,ל גרם,false,1,21.90,41.32,true,1,
7630477891691,false,סטארבקס קפסולות קפה קולמביה 10 יחידות,קבוצת אוסם סחר שותפות מוגבלת,,,"י""ח",57,ל גרם,false,1,22.90,40.18,true,1,
7798382150019,false,אוכמניות טריות 125גרם,ביכורי השדה צפון 1994 ג.ד. בעמ,,,"י""ח",1,,false,1,15.90,15.90,true,1,
7804414000860,false,קברנה סוביניון דון חוליו (750 מל),צ'ילה לואיס פיליפה אדוארדס,,,"י""ח",750,"ל מ""ל",false,1,26.20,3.45,false,1,
7804414000877,false,יין דון חוליו מרלו אדוארדס,צ'ילה לואיס פיליפה אדוארדס,,,"י""ח",750,"ל מ""ל",false,1,26.20,3.45,false,1,
7804414012351,false,יין מלבק 750 מל דון חוליו,הכרם - משקאות חריפים בעמ,,,"י""ח",750,"ל מ""ל",false,1,26.20,3.45,false,1,
7891024030974,false,"קולגייט משחת שיניים טריפל אקשן 75 מ""ל",הנסיך- מפעל לייצור ט,,,"י""ח",75,"ל מ""ל",false,1,5.90,7.87,false,1,
7891024124826,false,"משחת שיניים קולגייט אופטייק וויט 75 מ""ל",הנסיך- מפעל לייצור ט,,,"י""ח",75,"ל מ""ל",false,1,19.90,26.53,true,1,
8000380003723,false,וופלים גרנד פטיסרי במילוי קרם אגוזים 100,קריניציה ויטמינה אס,,,"י""ח",1,,false,1,13.90,13.90,true,1,
8000380003754,false,וופל גראן פטיסרי Gran Pasticceria קפוצ'ינו,ליימן שליסל בעמ,,,"י""ח",100,ל גרם,false,1,12.90,12.90,true,1,
8000380004669,false,וופל לואקר סנדוויץ קוביות ושוקולד 200ג',"א. לואקר, קונפקט ג'י",,,"י""ח",200,ל גרם,false,1,12.90,6.45,true,1,
8000380004676,false,קוביות וופל סנדוויץ Sandwich עם וניל וחלב,"א. לואקר, קונפקט ג'י",,,"י""ח",200,ל גרם,false,1,12.90,6.45,true,1,
8000380004911,false,קוביות וופל קואדרטיני Quadratini קרם אגוזים,קריניציה ויטמינה אס,,,"י""ח",250,ל גרם,false,1,13.90,5.56,true,1,
8000380004942,false,וופל לואקר קוארדטיני קוביות ווניל 250ג',ליימן שליסל בע`מ,,,"י""ח",250,ל גרם,false,1,13.90,5.56,true,1,
8000380004966,false,וופל קוארדטיני לואקר קוביות שוקולד 250ג',קריניציה ויטמינה אס,,,"י""ח",250,ל גרם,false,1,13.90,5.56,true,1,
8000380005963,false,וופל קוארדטיני שוקולד לואקר 125 גרם,ליימן שליסל בע`מ,,,"י""ח",125,ל גרם,false,1,7,5.60,true,1,
8000380007219,false,וופל לואקר ממולא קרם אגוזים 175 גרם,ליימן שליסל בע`מ,,,"י""ח",175,ל גרם,false,1,11.80,6.74,true,1,
8000380007264,false,וופל לואקר ממולא קרם קקאו 175 גרם,קריניציה ויטמינה אס,,,"י""ח",175,ל גרם,false,1,11.80,6.74,true,1,
8000380157570,false,וופלים לואקר קלאסיק אגוז 262.5 גר,ליימן שליסל בע`מ,,,"י""ח",262,ל גרם,false,1,13.90,5.31,true,1,
8000380180721,false,לואקר וופל קקאו במילוי קרם חלבי 175 גר,קריניציה ויטמינה אס,,,"י""ח",175,ל גרם,false,1,11.80,6.74,true,1,
8000380189281,false,מארז מיני מיקס לואקר בשקית 210 גרם,ליימן שליסל בע`מ,,,"י""ח",210,ל גרם,false,1,21.90,10.43,false,1,
8000380207183,false,שוקולד לואקר טורטינה חמאת בוטנים 126 גר,ליימן שליסל בע`מ,,,"י""ח",125,ל גרם,false,1,18.90,15.12,true,1,
8000500009673,false,בונבוניירה פררו רושה 300 גרם,פרימיום חברה לדברי מתיקה ולמסח,,,"י""ח",300,ל גרם,false,1,44.90,14.97,true,1,
8000500023624,false,חטיפי הפי היפו Happy Hippo במילוי קרם חלב וקקאו,פרימיום-חברה לדברי מתיקה ולמסח,,,"י""ח",90,ל גרם,false,1,12.90,14.33,false,1,
8000500026731,false,ביצי שוקולד קינדר מארז 3 יח סופרייז,פרימיום-חברה לדברי מתיקה ולמסח,,,"י""ח",60,ל גרם,false,1,15.90,26.50,true,1,
8000500029350,false,מארז וופל מצופה 3יח' *43 גרם קינדר בואנו,פרימיום-חברה לדברי מתיקה ולמסח,,,"י""ח",120,ל גרם,false,1,12.90,10.75,true,1,
8000500037874,false,בונבוניירת פררו רושה 200 גרם,פרימיום חברה לדברי מתיקה ולמסח,,,"י""ח",200,ל גרם,false,1,25.90,12.95,true,1,
8000500071083,false,אצבעות שוקולד קינדר Kinder שש עשרה יחידות,פרימיום-חברה לדברי מתיקה ולמסח,,,"י""ח",200,ל גרם,false,1,13.90,6.95,false,1,
8000500075708,false,ביצי שוקולד הפתעה קינדר ג'וי כחול בנים שלישיה,פרימיום-חברה לדברי מתיקה ולמסח,,,"י""ח",3,"י""ח",false,1,16.90,5.63,false,1,
8000500094976,false,"בונבוניירה פררו רושר רושה קונוס, 212 גרם T17X4",פרימיום חברה לדברי מתיקה ולמסח,,,"י""ח",212,ל גרם,false,1,39.90,18.82,true,1,
8000500121436,false,מארז קינדר בואנו Kinder Bueno לבן שלוש יחידות,פרימיום חברה לדברי מתיקה ולמסח,,,"י""ח",3,"י""ח",false,1,12.90,4.30,true,1,
8000500167656,false,קינדר שוקולד עם דגנים סיריאל 94 ג',פרימיום חברה לדברי מתיקה ולמסח,,,"י""ח",96,ל גרם,false,1,7.70,8.02,false,1,
8000500224281,false,וופל מלוח במילוי ממרח אגוזי לוז,פרימיום-חברה לדברי מתיקה ולמסח,,,"י""ח",22,ל גרם,false,1,2.90,13.18,false,1,
8000500227848,false,נוטלה - בי רדי אצבעות ביסקוויט במילוי שוקולד 6 יח' * 22 גרם,פרימיום-חברה לדברי מתיקה ולמסח,,,"י""ח",132,ל גרם,false,1,12.90,9.77,true,1,
8000500267103,false,קינדר דליס עוגת ספוג קקאו במילוי חלבי*10,פרימיום חברה לדברי מתיקה ולמסח,,,"י""ח",4.20,"י""ח",false,1,21.90,5.21,true,1,
8001003100218,false,סוכריות יוגטה ג'לי פירות 800 גר',ליימן שליסל בע`מ,,,"י""ח",800,ל גרם,false,1,21.90,2.74,false,1,
8001090016102,false,פיירי טבלאות למדיח 48יח,דיפלומט מפיצים 1968 בעמ,,,"י""ח",48,"י""ח",false,1,39.90,0.83,false,1,
8001090336521,false,חיתולי פמפרס בייבי דריי מידה 5 30 יח` `,דיפלומט מפיצים (1986) בע`מ,,,"י""ח",1,,false,1,39.90,39.90,true,1,
8001090375230,false,"מרכך מרוכז 200 מ""ל לחות מוגברת ""פנטן""",דיפלומט מפיצים (1968) בעמ,,,"י""ח",200,"ל מ""ל",false,1,21.90,10.95,false,1,
8001090375285,false,"פנטן מרכך מרוכז 200 מ""ל למגע רך כשמי",דיפלומט מפיצים (1986) בע`מ,,,"י""ח",200,"ל מ""ל",false,1,21.90,10.95,false,1,
8001090721129,false,אריאל קפסולות גל לכביסה 3ב1 קולור 27 יח,דיפלומט מפיצים (1986) בע`מ,,,"י""ח",28,"י""ח",false,1,32.90,1.18,true,1,
8001090734044,false,אולוויז מגן תחתון גיגה פק לארג' אקסטרה פרוטקט 64 יח',דיפלומט מפיצים (1986) בע`מ,,,"י""ח",78,"י""ח",false,1,19.90,0.26,true,1,
8001090810083,false,"פנטן קונדישנר נוסחה קלאסית 500 מ""ל",דיפלומט מפיצים (1968) בעמ,,,"י""ח",500,"ל מ""ל",false,1,17.90,3.58,false,1,
8001090832696,false,"פנטן שמפו לתלתלים מושלמים 660 מ""ל",דיפלומט מפיצים (1986) בע`מ,,,"י""ח",660,"ל מ""ל",false,1,22.90,3.47,false,1,
8001160001786,false,"משקה אנרגיה גטורייד ספורט כחול 500מ""ל",אקווה מינרלה סאן בנדטו,,,"י""ח",500,"ל מ""ל",false,1,9.60,1.86,true,1,
8001620011935,false,"סן בנדטו- מים מינרלים מוגז - מארז שישיית 500 מ""ל",אקווה מינרלה סאן בנד,,,"י""ח",3,ליטר,false,1,14.90,4.37,true,1,
8001620017449,false,"סן בנדטו ספורט, מים מינרלים טבעיים 500 מל",אקווה מינרלה סאן בנדטו ב,,,"י""ח",500,"ל מ""ל",false,1,2.80,0.50,false,1,
8001620017456,false,"סן בנדטו ספורט, מים מינרלים טבעיים 500 מ""ל שישייה",אקווה מינרלה סאן בנדטו ב,,,"י""ח",9,ליטר,false,1,14.70,1.43,false,1,
8001620019177,false,"סן בנדטו מים מינרלים בטעם ענבים 500 מ""ל",אקווה מינרלה סאן בנדטו ב,,,"י""ח",40,"ל מ""ל",false,1,5.90,14,false,1,
8001841053646,false,תחבושות אולוויז עבה נורמל פלוס 14 יחידות,פרוקטר אנד גמבל )ראה קוד,,,"י""ח",1,,false,1,12.90,12.90,false,1,
8001841053684,false,תחבושות אולוויז עבה לונג פלוס 12 יחידות,פרוקטר אנד גמבל )ראה קוד,,,"י""ח",1,,false,1,12.90,12.90,false,1,
8001841105093,false,פמפרס פרימיום קר חיתולים שלב 6 26 יח VP,דיפלומט מפיצים (1986) בע`מ,,,"י""ח",41,"י""ח",false,1,34.90,0.85,true,1,
8001841625287,false,סבון כלים פלטינום לימון X3 פעולות להסרת שומנים,דיפלומט מפיצים (1968) בעמ,,,"י""ח",1.01,ליטר,false,1,15.90,15.74,true,1,
8001841625508,false,"נוזל כלים פיירי פלטינום אורגינל 1.015 ליטר בד""צ",דיפלומט מפיצים (1968) בעמ,,,"י""ח",1.01,ליטר,false,1,15.90,15.74,true,1,
8001841640204,false,טייד קפסולות ג'ל בניחוח לנור 58 יחידות,דיפלומט מפיצים (1968) בעמ,,,"י""ח",58,"י""ח",false,1,59.90,1.03,false,1,
8001841660257,false,מסכה לשיער פנטן מיראקלס במבוק 160 מל,דיפלומט מפיצים (1968) בעמ,,,"י""ח",160,"ל מ""ל",false,1,17.90,11.19,false,1,
8001841669465,false,קפסולות לכביסה אריאל בניחוח לנור 24 יחידות,דיפלומט מפיצים (1986) בע`מ,,,"י""ח",24,"י""ח",false,1,32.90,1.37,true,1,
8001841680989,false,מגן תחתון אולוויז מגה פק פרו פרש לארג' 60 יחי,דיפלומט מפיצים (1968) בעמ,,,"י""ח",80,"י""ח",false,1,23.90,0.30,true,1,
8001841716435,false,"ג'ל רחצה ושמפו לעור רגיש האד אנד שולדרס 360 מ""ל",דיפלומט מפיצים (1968) בעמ,,,"י""ח",500,"ל מ""ל",false,1,19.90,3.98,false,1,
8001841716596,false,"ג'ל רחצה ושמפו מרענן האד אנד שולדרס 360 מ""ל",דיפלומט מפיצים (1986) בע`מ,,,"י""ח",500,"ל מ""ל",false,1,19.90,3.98,false,1,
8001841941929,false,אולוויז וליו פק לילה בטוח אקסטרא 16 יחידות,דיפלומט מפיצים (1986) בע`מ,,,"י""ח",1,,false,1,25.90,25.90,true,1,
8001841960081,false,פיירי טבליות למדיח פלטינום הכל באחד - מארז 37 יח',דיפלומט מפיצים (1986) בע`מ,,,"י""ח",37,"י""ח",false,1,39.90,1.08,false,1,
8002450206003,false,משקה כהלי ורדי רימונים ספרקלטיני 750מ,הכרם - משקאות חריפים בעמ,,,"י""ח",750,"ל מ""ל",false,1,26.20,3.45,true,1,
8002450208007,false,ספרקלטיני גרין אפל ורדי בוסקה (750 מל),הכרם - משקאות חריפים בעמ,,,"י""ח",1,,false,1,30.20,30.20,true,1,
8004030022010,false,ירקות גינה עם טונה ריו מרה אינסלטיסימי 160 ג',"בולטון אלימנטרי בע""\מ",,,"י""ח",160,ל גרם,false,1,15.90,9.94,false,1,
8004030026018,false,"מקסיקני עם טונה ריו מרה אינסלטיסימי, 160 ג'","בולטון אלימנטרי בע""\מ",,,"י""ח",160,ל גרם,false,1,15.90,9.94,false,1,
8004030344938,false,"ריו מרה טונה בשמן זית 3X80 גרם מתכון חדש כשל""פ","בולטון אלימנטרי בע""\מ",,,"י""ח",240,ל גרם,false,1,24.90,10.38,false,1,
8004030860001,false,ירקות עם קוקוס וטונה ריו מרה אינסלטיסימי 160 ג',"בולטון אלימנטרי בע""\מ",,,"י""ח",160,ל גרם,false,1,15.90,9.94,false,1,
8005110001413,false,מארז זוג רוטב עגבניות 140ג MUTTI,רסטרטו יבוא ושיווק בעמ,,,"י""ח",140,ל גרם,false,1,9.90,7.07,false,1,
8005110170300,false,עגבניות מרוסקות חתוכות מוטי MUTTI שלישיה *400,רסטרטו יבוא ושיווק בעמ*אין החז,,,"י""ח",400,ל גרם,false,1,18.90,4.73,false,1,
8006540425930,false,אריאל קפסולות לכביסה ג'ל 24 יח' לכתמים קשים,דיפלומט מפיצים (1986) בע`מ,,,"י""ח",24,"י""ח",false,1,32.90,1.37,false,1,
8006540463550,false,פיירי טבליות למדיח פלטינום 63 יחידות,דיפלומט מפיצים (1968) בעמ,,,"י""ח",63,"י""ח",false,1,54.90,0.87,false,1,
8006540495216,false,"לנור מרכך כביסה מרוכז בניחוח אמאטיסט 900 מ""ל",דיפלומט מפיצים (1968) בעמ,,,"י""ח",900,"ל מ""ל",false,1,15.90,1.77,true,1,
8008660210038,false,מעדן ריבה מנץ אנד גאססר תות שדה 300 גר,תה ויסוצקי (ישראל) בעמ,,,"י""ח",300,ל גרם,false,1,15.90,5.30,true,1,
8008660210045,false,מעדן פירות יער מנז אנד גאסר ויסוצקי 300 גרם,תה ויסוצקי (ישראל) בעמ,,,"י""ח",300,ל גרם,false,1,15.90,5.30,true,1,
8008743015741,false,שוקו חלב זיטונים ברשת 85ג,שוקוטרייד בעמ,,,"י""ח",85,ל גרם,false,1,8.90,10.47,false,1,
8008743036609,false,מכוניות שוקו ברשת 100ג,שוקוטרייד בעמ,,,"י""ח",90,ל גרם,false,1,8.90,9.89,false,1,
8008743048695,false,שוקולד דובים ברשת 90,שוקוטרייד בעמ,,,"י""ח",90,ל גרם,false,1,8.90,9.89,false,1,
8011033011279,false,קוסקוס אמיתי 1 קג מר,דין שיווק וקליה 2021 בעמ,,,"י""ח",1,"ק""ג",false,1,12.90,12.90,false,1,
8032880800472,false,סטנד פיקניק הפתעה 50 גרם,ליימן שליסל,,,"י""ח",50,ל גרם,false,1,7.40,14.80,false,1,
8076800195033,false,ברילה - צ.א ספגטיני מס3 חדש 500 גרם,ברילה גי.אי.אר פרטלי ס.פ,,,"י""ח",500,ל גרם,false,1,6.90,1.38,false,1,
8076800195057,false,ברילה - צ.א ספגטי מס5 חדש 500 גרם,ברילה גי.אי.אר פרטלי ס.פ,,,"י""ח",500,ל גרם,false,1,6.90,1.38,false,1,
8076802085738,false,ברילה - צ.ק פנה רגטה חדש 500 גרם,ברילה גי.אי.אר פרטלי ס.פ,,,"י""ח",500,ל גרם,false,1,6.90,1.38,false,1,
8076802085936,false,ברילה פסטה צ.ק. קונצילה ריגטה חדש,ברילה גי.אי.אר פרטלי ס.פ,,,"י""ח",500,ל גרם,false,1,6.90,1.38,false,1,
8076802085981,false,ברילה - צ.ק פוזילי חדש 500 גרם,ברילה גי.אי.אר פרטלי ס.פ,,,"י""ח",500,ל גרם,false,1,6.90,1.38,false,1,
8076808060654,false,פסטה פרפלה מספר 65 ברילה 500 גרם,ברילה גי.אי.אר פרטלי ס.פ,,,"י""ח",500,ל גרם,false,1,6.90,1.38,false,1,
8076809512268,false,פסטה גירנדולה טורסדס מספר 34 ברילה 500 גרם,ברילה גי.אי.אר פרטלי ס.פ,,,"י""ח",500,ל גרם,false,1,6.90,1.38,false,1,
8076809513654,false,בסיס רוטב עגבניות לבולונז 400 גרם ברילה,ברילה גי.אי.אר פרטלי ס.פ,,,"י""ח",400,ל גרם,false,1,12.90,3.23,true,1,
8076809513692,false,רוטב עגבניות נפולטנה בתוספת ירקות,ברילה גי.אי.אר פרטלי ס.פ,,,"י""ח",400,ל גרם,false,1,15.90,3.98,true,1,
8076809513739,false,ברילה רוטב עגבניות עם בזיליקום 400 גרם,ברילה גי.אי.אר פרטלי ס.פ,,,"י""ח",400,ל גרם,false,1,15.90,3.98,true,1,
8076809519977,false,ברילה אורקייטה 500 גר`ברילה,ברילה גי.אי.אר פרטלי ס.פ,,,"י""ח",500,ל גרם,false,1,13.90,2.78,false,1,
8076809523738,false,דפי לזניה ברילה 500 גרם,ברילה גי.אי.אר פרטלי ס.פ,,,"י""ח",500,ל גרם,false,1,24.90,4.98,false,1,
8076809523769,false,פסטה ברילה פלייה פיאנו 500 גרם,ברילה גי.אי.אר פרטלי ס.פ,,,"י""ח",500,ל גרם,false,1,13.90,2.78,false,1,
8076809529433,false,פסטה פנה ריגטה חיטה מלאה ברילה (500 גרם),"ש. שסטוביץ בע""\מ",,,"י""ח",500,ל גרם,false,1,13.90,2.78,true,1,
8076809545457,false,ברילה אטריות ללא גלוטן 400 ג' צינורות 400 ג',ברילה ג'.אי.אר פרטלי,,,"י""ח",500,ל גרם,false,1,14.90,2.98,false,1,
8076809578998,false,ברילה - צ.ק. סטלינה 500 גרם,ברילה גי. אי. אר פרטלי ס,,,"י""ח",500,ל גרם,false,1,6.90,1.38,false,1,
8121300206946,false,ממתיק סיטיביה טרוביה 80 שקיות אישיות,גורי ע.ע.ע. בע`מ,,,"י""ח",80,"ל מ""ל",false,1,29.90,37.38,false,1,
8410076610508,false,"חטיף שיבולת שועל מלאה עם בוטנים, שקדים ושוקולד מריר בציפוי בטעם שוקולד",נייצ'ר ואלי Nature Valley,,,"י""ח",5,"י""ח",false,1,19.90,3.98,true,1,
8410076620354,false,נ.וואלי נאט קרים שיבולת שועל וחמאת בוטני,"סרלטו סינטרה מזון בע""מ",,,"י""ח",210,ל גרם,false,1,19.90,9.48,true,1,
8410076620507,false,נייטשר ואלי נאט קרים שיבולת שועל אגוזי לוז וקקאו,"סרלטו סינטרה מזון בע""\מ",,,"י""ח",210,ל גרם,false,1,19.90,9.48,true,1,
8410076621047,false,עוגות אישיות בטעם שוקולד עם חתיכות בטעם שוקולד,ליימן שליסל בע`מ,,,"י""ח",210,ל גרם,false,1,12.90,6.14,true,1,
8410104039134,false,"מנקה ומחדש מדיח כלים פיניש 250 מ""ל",רקיט בנקיזר (ניר איסט) בעמ,,,"י""ח",250,"ל מ""ל",false,1,16.90,6.76,true,1,
8410104045111,false,"פיניש מלח למדיח כלים 2ק""ג",רקיט בנקיזר (ניר איסט) בעמ,,,"י""ח",1,"י""ח",false,1,14.90,14.90,false,1,
8412497913992,false,"בקבוק פלסטיק גדול 600מ""ל פרוזן",שמחה זה אנחנו,,,"י""ח",1,,false,1,29.90,29.90,false,1,
8413376024839,false,גבינת עיזים רכה עם עשבי תיבול 29% ויליפוד 110 גרם,ג.וילי-פוד אינטרנשיונל **גבינו,,,"י""ח",110,ל גרם,false,1,14.90,13.55,false,1,
8422443005213,false,יין המרכבה גראנד סלקשיין ק.סוביניון,היכל היין שקד גולן בעמ,,,"י""ח",750,"ל מ""ל",false,1,34.90,4.61,true,1,
8423207206488,false,סלים דליס חטיף דגנים מצופה שוקולד חלב מרבה 6*20 גרם,אף.סי תבליני בגליל ב,,,"י""ח",283,ל גרם,false,1,13.90,4.91,true,1,
8423207206495,false,סלים דליס חטיף דגנים מצופה שוקולד מריר מרבה 6*20 גרם,אף.סי תבליני בגליל ב,,,"י""ח",283,ל גרם,false,1,13.90,4.91,true,1,
8423207206501,false,סלים דליס חטיף דגנים עם שוקולד חלב מרבה 6*13 גרם,סלים דליס Slim Delis,,,"י""ח",283,ל גרם,false,1,13.90,4.91,true,1,
8423207207362,false,חטיפי סלים דליס שוקולד לבן מרבה 6 יחידות,ביסנצ'ורי אס.אל.יו,,,"י""ח",120,ל גרם,false,1,13.90,11.58,true,1,
8423207208260,false,מרבה סלים דליס 125 ג' ללא גלוטן שוקולד חלב,ביסנצ'ורי אס.אל.יו,,,"י""ח",283,ל גרם,false,1,13.90,4.91,true,1,
8423207208680,false,חטיף דגנים שוקולד סלים דליס לילדים מרבה 6 יחידות,ביסנצ'ורי אס.אל.יו,,,"י""ח",283,ל גרם,false,1,13.90,4.91,true,1,
8423207208697,false,חטיפי סלים דליס לילדים שוקולד לבן מרבה 6 יחידות,ביסנצ'ורי אס.אל.יו,,,"י""ח",283,ל גרם,false,1,13.90,4.91,true,1,
8423207208703,false,חטיפי סלים דליס שוקולד מריר מרבה 6 יחידות,ביסנצ'ורי אס.אל.יו,,,"י""ח",283,ל גרם,false,1,13.90,4.91,true,1,
8423207209748,false,חטיף דגנים מלאים שוקולד מריר נגיעות תפוז,ביסנצ'ורי אס.אל.יו,,,"י""ח",283,ל גרם,false,1,13.90,4.91,true,1,
8423207209885,false,מרבה חטיפי סלים דליס מהדורה מיוחדת שוקולד חלב,סלים דליס Slim Delis,,,"י""ח",283,ל גרם,false,1,13.90,4.91,true,1,
8423207210287,false,חטיפי סלים דליס שוקולד לבן יוגורט 6 יחידות,סלים דליס Slim Delis,,,"י""ח",120,ל גרם,false,1,13.90,11.58,true,1,
8423207210928,false,חטיף דגנים מצופה שוקולד חלב ואגוזי לוז - 5 במארז,נוטרישן אנד סנטה קוב,,,"י""ח",283,ל גרם,false,1,13.90,4.91,true,1,
8423207210942,false,חטיף דגנים מצופה שוקולד לבן ופירות יער,נוטרישן אנד סנטה קוב,,,"י""ח",283,ל גרם,false,1,13.90,4.91,true,1,
8423207210966,false,חטיף רב דגנים מצופה שוקולד לבן קוקוס ולימון,נוטרישן אנד סנטה קוב,,,"י""ח",283,ל גרם,false,1,13.90,4.91,true,1,
8423207210980,false,סלים דליס טופינג קליפת תפוז 90 גרם,נוטרישן אנד סנטה קוב,,,"י""ח",283,ל גרם,false,1,13.90,4.91,true,1,
8435495807605,false,תינוקלין מרכך כביסה היפואלרגני מרוכז 1 ליטר,מולינו ניקולי s.p.a,,,"י""ח",1,ליטר,false,1,19.90,19.90,true,1,
8436575292205,false,ארטיק חמשושים מאגדת 15*12 גר',נגה גלידות שותפות מוגבלת,,,"י""ח",180,ל גרם,false,1,22.50,12.50,false,1,
8445290427120,false,דגני פיטנס Fitness שוקולד מריר ובננה,קבוצת אוסם סחר שותפות מוגבלת,,,"י""ח",330,ל גרם,false,1,22.90,6.94,true,1,
8681982060668,false,מארז קופסאות.,פיקס יבוא (ש.ע) בעמ,,,"י""ח",1,,false,1,19.90,19.90,true,1,
8683130012666,false,שלגון מגנום דאבל לבן עוגיות 72 גרם,"מיוצר ע""\י יונילוור סנאי",,,"י""ח",85,ל גרם,false,1,10,11.76,true,1,
8683130025574,false,"מרכך כביסה מרוכז אקסטרה לבנדר בדין 960 מ""ל",יוניליוור ישראל שיווק בע`מ,,,"י""ח",960,"ל מ""ל",false,1,15.90,1.66,true,1,
8683323063024,false,יוגטה שטיחים בטעם תותי פרוטי 220 גרם,ליימן שליסל בע`מ,,,"י""ח",220,ל גרם,false,1,7.90,3.59,true,1,
8686868600068,false,אביזרי שיער סרטים וקשתות,אל האופק שיווק וסחר,,,"י""ח",1,,false,1,8.90,8.90,false,1,
8686868600075,false,אביזרי שיער סיכות פפיון גדולות,אל האופק שיווק וסחר,,,"י""ח",1,,false,1,9.90,9.90,false,1,
8686868600174,false,המותג אביזרי שיער,אל האופק שיווק וסחר,,,"י""ח",1,,false,1,19.90,19.90,false,1,
8690632080178,false,שוקולד חלב עם אגוזי לוז מרובע 80ג,לפ אסמים חבילות שי בעמ,,,"י""ח",80,ל גרם,false,1,8.50,10.63,false,1,
8690637704376,false,"שמפו לטיפוח יום יומי דאב 600 מ""ל","יוניליוור ישראל שיווק בע""מ",,,"י""ח",600,"ל מ""ל",false,1,16.90,2.82,true,1,
8690637842382,false,מגנום דאבל פרי יער שטראוס 82 גר,"מיוצר ע""\י יונילוור סנאי",,,"י""ח",85,ל גרם,false,1,11,12.94,true,1,
8690637858734,false,ג'ל לניקוי כללי בתוספת אקונומיקה בניחוח לימון,"יוניליוור ישראל שיווק בע""מ",,,"י""ח",750,"ל מ""ל",false,1,10.90,1.45,false,1,
8690637866685,false,"קרם לניקוי כללי לימון עם מיקרו קריסטלים סיף 500 מ""ל",יוניליוור ישראל שיווק בעמ,,,"י""ח",500,"ל מ""ל",false,1,10.90,2.18,false,1,
8690637871245,false,הלמנס מיונז אמיתי 395 גר' בקבוק לחיץ.,יוניליוור ישראל שיווק בע`מ,,,"י""ח",789,ל גרם,false,1,14.90,1.89,false,1,
8690637946301,false,"בדין - מרכך כביסה אקסטרא בייביי כחול 960 מ""ל","יוניליוור ישראל שיווק בע""מ",,,"י""ח",960,"ל מ""ל",false,1,15.90,1.66,false,1,
8690637976995,false,"מרכך כביסה מרוכז אקסטרה ורוד סחלבים פראי בדין 960 מ""ל","יוניליוור ישראל שיווק בע""מ",,,"י""ח",960,"ל מ""ל",false,1,16.90,1.76,true,1,
8690637987441,false,"מרכך כביסה אקסטרה פרח הכותנה ווניל 960 מ""ל בדין",יוניליוור ישראל שיווק בע`מ,,,"י""ח",960,"ל מ""ל",false,1,16.90,1.76,true,1,
8690766156367,false,טבלת שוקולד חלב מעולה 90 גר` גודייבה,תה ויסוצקי (ישראל) בעמ,,,"י""ח",90,ל גרם,false,1,14.90,16.56,true,1,
8690766156381,false,גודייבה שוקולד מריר 90% מוצקי קקאו 90 גרם,תה ויסוצקי (ישראל) בעמ,,,"י""ח",90,ל גרם,false,1,14.90,16.56,true,1,
8690766156398,false,"שוקולד חלב מעולה בתוספת שברי שקדים קלויים,דבש ומלח 90 גרם","אולקר מקבוצת פלאדיס, ציק",,,"י""ח",90,ל גרם,false,1,14.90,16.56,true,1,
8690766156404,false,שוקולד מריר מעולה גודייבה תפוז אדום 90 גרם,תה ויסוצקי (ישראל) בעמ,,,"י""ח",90,ל גרם,false,1,14.90,16.56,true,1,
8690766156411,false,שוקולד מריר מעולה בטעם פלפל ורוד עם חתיכות תות מסוכר 90 גרם,תה ויסוצקי (ישראל)בעמ,,,"י""ח",90,ל גרם,false,1,14.90,16.56,true,1,
8690777221405,false,פלפל אדום קלוי על האש 650 גר` ויליפוד,ג. וילי-פוד אינטרנשיונל בע`מ,,,"י""ח",650,ל גרם,false,1,13.90,2.14,false,1,
8693323099107,false,מרשמלו לבבות בטעם תות ווניל,ליימן שליסל בעמ,,,"י""ח",150,ל גרם,false,1,8.90,5.93,true,1,
8697530910743,false,סיגריות פאל מאל כחול קצר מטאליק,גלוברנדס בעמ - שיווק סיגריות,,,"י""ח",1,,false,1,29.50,29.50,false,1,
8697530910750,false,סיגריות פאל מאל כחול ארוך האוס,גלוברנדס בעמ - שיווק סיגריות,,,"י""ח",1,,false,1,29.50,29.50,false,1,
8699878420021,false,"מים מינרלים טבעי500מ""ל בודד",עיסא ערטול בעמ-סוכן הנקל סוד,,,"י""ח",500,"ל מ""ל",false,1,3.20,0.58,false,1,
8710447284117,false,"ג'ל רחצה אקס בלאק 400 מ""ל",יוניליוור ישראל שיווק בע`מ,,,"י""ח",400,"ל מ""ל",false,1,10,2.50,false,1,
8710502139017,false,עוגיות טריפל שוקולד צ`יפס מרבה (180 גרם),בנקטבקריי מרבה בי.וי,,,"י""ח",180,ל גרם,false,1,8.90,4.94,false,1,
8710502194801,false,"עוגיות שוקלד ציפס רכה פירות יער ""מרבה"" 175 גרם",בנקטבקריי מרבה בי.וי,,,"י""ח",175,ל גרם,false,1,8.90,5.09,false,1,
8710502194825,false,מרבה - עוגיות שוקוצ'יפס כשר למהדרין 150 גרם,ש.שסטוביץ בעמ,,,"י""ח",150,ל גרם,false,1,6.90,4.60,true,1,
8710502279010,false,מרבה עוגיות שוקולד צ'יפס מצופות שוקולד 175 גרם,"י.מרבה ישראל בע""מ",,,"י""ח",225,ל גרם,false,1,8.90,3.96,false,1,
8710502285509,false,מרבה - עוגיות לימון ושוקולד צ'יפס במרקם רך 175 גרם,בנקטבקריי מרבה בי.וי,,,"י""ח",225,ל גרם,false,1,8.90,3.96,false,1,
8710502470028,false,עוגיות שוקולד צ'יפס ממולאות בקרם נוגט,קריניציה ויטמינה אס,,,"י""ח",160,ל גרם,false,1,8.90,5.56,false,1,
8710679158248,false,"צ`יפס קלאסי 2.5ק""ג ק",***אדום גרופ למזון שיווק***,,,"י""ח",2.50,"ק""ג",false,1,27.90,11.16,false,1,
8710800027573,false,סוכריות מיני בטעם פירות מנטוס 178 גרם,פרפטי ואן מלה ברדה,,,"י""ח",178,ל גרם,false,1,14,7.87,true,1,
8711000371176,false,ג'ייקובס קפסולות קפה אספרסו קלאסיקו עוצמה 7,ג'ייקובס דאו אגברטס צרפת,,,"י""ח",52,ל גרם,false,1,16.90,32.50,true,1,
8712000051099,false,"שישיית בירה היינקן 0% אלכוהל בקבוק 330 מ""ל","מבשלת היינקן, ריטבלדנברג",,,"י""ח",1.98,ליטר,false,1,31.90,15.20,true,1,
8712400802536,false,תרכובת מזון המשך לפעוטות על בסיס חלב שלב 3,דיפלומט מפיצים (1968) בעמ**,,,"י""ח",800,ל גרם,false,1,64.90,8.11,false,1,
8714599410530,false,קפה ג`ייקובס קרוננג מיובש בהקפאה 200 ג,דיפלומט מפיצים (1968) בעמ**,,,"י""ח",200,ל גרם,false,1,21.90,10.95,false,1,
8714599513866,false,"קפה נמס מיובש בהקפאה קרונג צנצנת ג'ייקובס 200 גרם לל""ס",דיפלומט מפיצים (1968) בעמ**,,,"י""ח",200,ל גרם,false,1,25.90,12.95,true,1,
8714789218465,false,מברשת שיניים 360 סופט קולגייט 2 יחידות,הנסיך- מפעל לייצור ט,,,"י""ח",1,,false,1,29.90,29.90,true,1,
8714789930848,false,"משחת שיניים אופטיק וייט הלבנה מיידית קולגייט 75 מ""ל",איינשטיין-צור יבוא-יצוא וסחר ב,,,"י""ח",750,"ל מ""ל",false,1,19.90,2.65,true,1,
8715700110141,false,מיונז קרמי היינץ צנצנת 460ג',דיפלומט מפיצים (1968) בעמ**,,,"י""ח",460,ל גרם,false,1,11.90,2.59,false,1,
8715700419732,false,מתבל עגבניות היינץ (700 גרם),דיפלומט מפיצים (1968) בעמ**,,,"י""ח",700,ל גרם,false,1,12.90,1.84,true,1,
8715700423906,false,היינץ מתבל עגבניות מופחת סוכר ומלח 50/50 550 גרם,דיפלומט מפיצים (1968) בעמ**,,,"י""ח",555,ל גרם,false,1,11.90,2.14,false,1,
8717163647226,false,"אקס דאודורנט ספריי גוף בלאק 150 מ""ל","יוניליוור ישראל שיווק בע""מ",,,"י""ח",150,"ל מ""ל",false,1,14.90,9.93,true,1,
8717163647233,false,"אקס דאודורנט ספריי גוף בלאק נייט 150 מ""ל",יוניליוור ישראל שיווק בע`מ,,,"י""ח",150,"ל מ""ל",false,1,14.90,9.93,true,1,
8717163647240,false,"אקס דאודורנט ספריי גוף לגבר שוקולד 150 מ""ל",יוניליוור ישראל שיווק בע`מ,,,"י""ח",150,"ל מ""ל",false,1,14.90,9.93,true,1,
8717163647264,false,"אקס דאודורנט ספריי גוף אייס צ'יל 150 מ""ל",יוניליוור ישראל שיווק בע`מ,,,"י""ח",150,"ל מ""ל",false,1,14.90,9.93,true,1,
8717163648667,false,"אקס ג'ל רחצה לגבר אייס צ'יל 400 מ""ל",יוניליוור ישראל שיווק בע`מ,,,"י""ח",400,"ל מ""ל",false,1,10,2.50,false,1,
8717163655764,false,"רקסונה - דאודורנט ספריי לאישה שוואר פרש 150 מ""ל",יוניליוור ישראל שיווק בעמ,,,"י""ח",150,"ל מ""ל",false,1,14.90,9.93,true,1,
8717163655825,false,"רקסונה דאו' ספריי לנשים בניחוח כותנה, 150 מ""ל","יוניליוור ישראל שיווק בע""מ",,,"י""ח",150,"ל מ""ל",false,1,14.90,9.93,true,1,
8717677336616,false,שוקולד מריר עם שקדים ומלח טוניס' שוקולונלי 180 גרם,טוניס/שוקולונלי,,,"י""ח",180,ל גרם,false,1,18.90,10.50,true,1,
8717677336630,false,שוקולד חלב עם שקדים ודבש טוניס' שוקולונלי 180 גרם,ליימן שליסל בע`מ,,,"י""ח",180,ל גרם,false,1,18.90,10.50,true,1,
8718951031241,false,אלמקס משחת שיניים פרופשיונל 75 מל,ש.שסטוביץ בעמ,,,"י""ח",100,ל גרם,false,1,18.90,18.90,false,1,
8718951166288,false,"משחת שיניים קולגייט מקס וייט 125 מ""ל",הנסיך- מפעל לייצור ט,,,"י""ח",125,"ל מ""ל",false,1,17.90,14.32,false,1,
8718951236790,false,"קולגייט טוטאל משחת שיניים קלין מינט לפה בריא 100 מ""ל",קולגייט פלמוליב,,,"י""ח",100,"ל מ""ל",false,1,17.90,17.90,true,1,
8718951236806,false,"קולגייט טוטאל הלבנה משחת שיניים המסייעת בהסרת כתמים 100 מ""ל",ש. שסטוביץ בע`מ,,,"י""ח",100,"ל מ""ל",false,1,17.90,17.90,true,1,
8718951264618,false,"קולגייט אופטיק וייט פחם צ'רקול משחת שיניים, 75 מ""ל",איינשטיין-צור יבוא-יצוא וסחר ב,,,"י""ח",256,ל גרם,false,1,26.90,10.51,true,1,
8718951290150,false,קולגייט שטיפת פה Gum Invigorate,ש.שסטוביץ בעמ,,,"י""ח",500,"ל מ""ל",false,1,29.90,5.98,true,1,
8718951315303,false,"קולגייט אדומה משחת שיניים להגנה מפני עששת 2*100 מ""ל",קולגייט-פלמוליב,,,"י""ח",200,"ל מ""ל",false,1,19.80,9.90,false,1,
8718951338098,false,ליידי ספיד רול און פ,ש.שסטוביץ בעמ,,,"י""ח",50,"ל מ""ל",false,1,14.90,29.80,true,1,
8718951382640,false,פלמוליב גל רחצה חימר דיטוקס משאבה 750,קולגייט פלמוליב,,,"י""ח",750,"ל מ""ל",false,1,19.90,2.65,true,1,
8718951382787,false,"משחת שיניים אופטיק וויט חימר ומינרלים 75 מ""ל קולגייט",ש.שסטוביץ בעמ,,,"י""ח",256,ל גרם,false,1,29.90,11.68,true,1,
8718951497184,false,"פלמוליב סבון נוזלי ים תיכוני 750 מ""ל",ש.שסטוביץ בעמ,,,"י""ח",750,"ל מ""ל",false,1,19.90,2.65,true,1,
8718951497207,false,"פלמוליב סבון נוזלי משאבה 750 מ""ל",ש.שסטוביץ בעמ,,,"י""ח",750,"ל מ""ל",false,1,19.90,2.65,true,1,
8718951498754,false,שישיית מברשות שיניים סופר פלקסי קולגייט,קולגייט פלמוליב,,,"י""ח",1,,false,1,19.90,19.90,false,1,
8719200997998,false,מרגרינה למריחה בישול וטיגון 200 ג' בלו בנד,דיפלומט מפיצים (1968) בעמ**,,,"י""ח",200,ל גרם,false,1,5.50,2.75,false,1,
8719200998001,false,מרגרינה לאפיה ובישול בלי מלח 200 ג' בלו בנד,יוניליוור ישראל מזון בע\,,,"י""ח",200,ל גרם,false,1,4.90,2.45,false,1,
8719200998018,false,מחמאה מרגרינה בטעם חמאה בלובנד 200 גרם,"מיוצר ע""\י יוניליוור ישר",,,"י""ח",200,ל גרם,false,1,5.60,2.80,false,1,
8720181090219,false,תחליב רחצה רימונים ותמצית פרח היביסקוס,יוניליוור ישראל שיווק בעמ,,,"י""ח",750,"ל מ""ל",false,1,19.90,2.65,true,1,
8801055709465,false,אבקה להכנת משקה קפה בטעם קפוצ'ינו וניל,קבוצת אוסם סחר שותפות מוגבלת,,,"י""ח",180,ל גרם,false,1,18.90,10.50,false,1,
8801055709472,false,נסטלה - נסקפה קפוצ'ינו קלאסי 12.50 גרם * 10,קבוצת אוסם סחר שותפות מוגבלת,,,"י""ח",180,ל גרם,false,1,18.90,10.50,false,1,
8850389103111,false,סאפי משקה אלוורה בטעם ענבים 300מל,פארייפאבה אגרואינדוס,,,"י""ח",300,"ל מ""ל",false,1,7.20,2.30,true,1,
8850389103128,false,"משקה קל סאפה בטעם תפוח 300 מ""ל",פארייפאבה אגרואינדוס,,,"י""ח",300,"ל מ""ל",false,1,7.20,2.30,true,1,
8850389103159,false,"משקה ליצ'י עם חתיכות גלי קוקוס 320 מ""ל מוגו מוגו",סאפה פובליק קומפני לימיט,,,"י""ח",320,"ל מ""ל",false,1,6.90,2.06,true,1,
8850389104637,false,"משקה קל סאפה אלוורה אפרסק 300 מ""ל",פארייפאבה אגרואינדוס,,,"י""ח",300,"ל מ""ל",false,1,7.20,2.30,true,1,
8850389111352,false,"משקה מלון עם חתיכות גלי קוקוס 320 מ""ל מוגו מוגו",סאפה פובליק קומפני לימיט,,,"י""ח",320,"ל מ""ל",false,1,6.90,2.06,true,1,
8850389115312,false,"סאפה אלוורה מלון בקבוק 300 מ""ל",סאפה פובליק קומפני ל,,,"י""ח",300,"ל מ""ל",false,1,7.20,2.30,true,1,
8850389115336,false,משקה אלוורה בטעם מלון סאפה 1 ליטר,סאפה פובליק קומפני לימיט,,,"י""ח",1,ליטר,false,1,14,14,false,1,
8850632604259,false,"יוגטה, חיספוסים, ממתק חמוץ בצורת מקלות בטעם תות שדה,50 גרם",ליימן שליסל בע`מ,,,"י""ח",50,ל גרם,false,1,3.50,7,true,1,
8850632604372,false,"יוגטה, חיספוסים בצורת שטיח בטעם תות שדה 50 גרם",ליימן שליסל בע`מ,,,"י""ח",50,ל גרם,false,1,3.50,7,true,1,
8858271003068,false,"רוטב סויה מתוקה כהה 250 מ""ל מקסצאפ",מזרח ומערב יבוא ושיווק,,,"י""ח",250,"ל מ""ל",false,1,12.90,5.16,true,1,
8888021200256,false,סוללות אנרג'ייזר AA מקס 8 יחידות,יצרן: אנרג'ייזר סינג,,,"י""ח",1,,false,1,27.90,27.90,true,1,
8888021200720,false,סוללות אנרג'ייזר AAA מקס 8 יחידות,יצרן: אנרג'ייזר סינג,,,"י""ח",1,,false,1,19.90,19.90,false,1,
8901537024014,false,"אורז בסמטי מובחר 1 ק""ג - דוואט) יורה דיעה",ג. וילי-פוד אינטרנשיונל בע`מ,,,"י""ח",1,"ק""ג",false,1,13.90,13.90,true,1,
9000101380255,false,פרסיל דיסקס לכביסה ניקיון היגייני 22 יחידות,גורי שיווק בעמ,,,"י""ח",22,"י""ח",false,1,34.90,1.59,false,1,
9000101537550,false,פרסיל קאפסולות לכביסה לבנה וצבעונית 52 יח',גורי שיווק בעמ,,,"י""ח",26,"י""ח",false,1,54.90,2.11,true,1,
9000101537581,false,פרסיל קאפסולות לכביסה צבעונית 52 יחידו,גורי שיווק בעמ,,,"י""ח",26,"י""ח",false,1,54.90,2.11,true,1,
9005835312732,false,"קלרו נוזל הברקה למדיח כלים 500 מ""ל CLARO","יעקב יעקבי ובניו בע""מ",,,"י""ח",1,"י""ח",false,1,13.90,13.90,true,1,
9044400851672,false,סוכריות פז סוגים שונים + 3 מילויים,ר.ב. מוצרי דגנים בעמ,,,"י""ח",25.50,ל גרם,false,1,11.90,46.67,false,1,
9310072028743,false,טים טם ביסקוויט במילוי שוקולד 200 גרם,"ארנוטס ביסקוויטס בע""",,,"י""ח",200,ל גרם,false,1,20.90,10.45,true,1,
9310072028750,false,חטיף שוקולד דאבל קרם טים טם (200 גרם),"ארנוטס ביסקוויטס בע""",,,"י""ח",200,ל גרם,false,1,20.90,10.45,true,1,
9720188050109,false,ממרח על בסיס סויה בסגנון גבינה טופוטי 225 גרם,*החברה המרכזית להפצת משקאותבעמ,,,"י""ח",227,ל גרם,false,1,21.10,9.30,false,1,
9720188060108,false,ממרח על בסיס סויה בסגון שמנת טופוטי 340 גרם,*החברה המרכזית להפצת משקאותבעמ,,,"י""ח",340,ל גרם,false,1,21.10,6.21,false,1,
9771565051066,false,עיתון ידיעות אחרונות,ידיעות אחרונות בעמ,,,"י""ח",1,,false,1,20,20,true,1,
9843022871156,false,נר הבדלה דקורטיבי,צבע ומכחול (2014) בעמ,,,"י""ח",1,"י""ח",false,1,19.90,19.90,false,1,
