code,internal_code,name,manufacturer_name,manufacture_country,manufacturer_item_description,unit_qty,quantity,unit_of_measure,weighted,qty_in_package,price,unit_of_measure_price,allow_discount,status,item_id
12544101,false,צלעות מס'2 מוכשר קפו,,,צלעות מס'2 מוכשר קפו,קילוגרמים,1.00,"ק""ג",true,,39.90,39.9000,true,1,44938
12544262,false,פילה מדומה מס'6 חלק,,,פילה מדומה מס'6 חלק,קילוגרמים,1.00,"ק""ג",true,,39.90,39.9000,true,1,44946
18389423,false,סינטה עגל,,,סינטה עגל,קילוגרמים,1.00,"ק""ג",true,,129.00,129.0000,true,1,130287
18389430,false,סינטה עגל,,,סינטה עגל,קילוגרמים,1.00,"ק""ג",true,,129.00,129.0000,true,1,130288
18389621,false,סינטה עגל,,,סינטה עגל,קילוגרמים,1.00,"ק""ג",true,,129.00,129.0000,true,1,130289
18389638,false,סינטה עגל,,,סינטה עגל,קילוגרמים,1.00,"ק""ג",true,,129.00,129.0000,true,1,130290
59079774,false,רקסונה רול און אלוור,,,רקסונה רול און אלוור,מיליליטרים,50.00,"100 מ""ל",false,,14.90,0.2980,true,1,104779
72940754,false,"מילקי וניל 170 מ""ל",קריות זול,,"מילקי וניל 170 מ""ל",מיליליטרים,170.00,"100 מ""ל",false,,2.90,0.0171,true,1,41895
72940761,false,מילקי שוקולד מהדרין,קריות זול,,מילקי שוקולד מהדרין,מיליליטרים,170.00,"100 מ""ל",false,,2.90,0.0171,true,1,41896
72940952,false,מילקי פי 2 קצפת מהדר,קריות זול,,מילקי פי 2 קצפת מהדר,מיליליטרים,110.00,"100 מ""ל",false,,3.90,0.0355,true,1,41898
72941041,false,מיני מילקי שוקולד 70,קריות זול,,מיני מילקי שוקולד 70,מיליליטרים,70.00,"100 מ""ל",false,,2.30,0.0329,true,1,41901
72945308,false,שמרית קוביות שמרים ל,קריות זול,,שמרית קוביות שמרים ל,גרמים,50.00,100 גרם,false,,4.20,0.0840,true,1,41902
72961209,false,שמנת חמוצה 15% 200מל,,,שמנת חמוצה 15% 200מל,מיליליטרים,200.00,"100 מ""ל",false,,2.40,0.0120,true,1,97966
72961223,false,"גילה 200 מ""ל",,,"גילה 200 מ""ל",מיליליטרים,200.00,"100 מ""ל",false,,1.51,0.0076,true,1,97968
72961506,false,פרילי תות 1.5% 125גר,קריות זול,,פרילי תות 1.5% 125גר,גרמים,125.00,100 גרם,false,,3.40,0.0272,true,1,39190
72961520,false,פרילי אננס 1.5% 125ג,קריות זול,,פרילי אננס 1.5% 125ג,גרמים,125.00,100 גרם,false,,3.40,0.0272,true,1,39192
72961544,false,באדי תות 125מל,קריות זול,,באדי תות 125מל,מיליליטרים,125.00,"100 מ""ל",false,,2.90,0.0232,true,1,39193
72986370,false,בן&גריס גלידה פיינטי,,,בן&גריס גלידה פיינטי,גרמים,420.00,100 גרם,false,,19.90,0.0474,true,1,32878
72986424,false,בן&גריס גלידה פיינטי,,,בן&גריס גלידה פיינטי,יחידה,420.00,יחידה,false,,19.90,0.0474,true,1,32879
72986448,false,בן&גריס גלידה טופי ק,,,בן&גריס גלידה טופי ק,יחידה,420.00,יחידה,false,,19.90,0.0474,true,1,32880
72986455,false,בן&גריס גלידה פיינטי,,,בן&גריס גלידה פיינטי,גרמים,420.00,100 גרם,false,,19.90,0.0474,true,1,32881
72986479,false,בן&גריס גלידה צאנקי,,,בן&גריס גלידה צאנקי,גרמים,420.00,100 גרם,false,,19.90,0.0474,true,1,32882
72989425,false,בן&גריס גלידה פיינטי,,,בן&גריס גלידה פיינטי,יחידה,500.00,יחידה,false,,19.90,0.0398,true,1,32883
72991886,false,בן&גריס גלידה ריבת ח,,,בן&גריס גלידה ריבת ח,גרמים,750.00,100 גרם,false,,19.90,0.0265,true,1,32884
72993637,false,דני מהדרין שוקו בודד,קריות זול,,דני מהדרין שוקו בודד,גרמים,125.00,100 גרם,false,,2.70,0.0216,true,1,41916
72994061,false,פסק זמן טו גוד 36גר,,,פסק זמן טו גוד 36גר,גרמים,36.00,100 גרם,false,,5.30,0.1472,true,1,83514
80042556,false,עגבניות חתוכות מוטי,,,עגבניות חתוכות מוטי,גרמים,400.00,100 גרם,false,,15.90,0.0398,true,1,89503
80042563,false,רסק עגבניות 700גר (צ,,,רסק עגבניות 700גר (צ,גרמים,700.00,100 גרם,false,,13.90,0.0199,true,1,85117
80136194,false,הפי היפו אגוזי לוז 5,,,הפי היפו אגוזי לוז 5,יחידה,0.00,יחידה,false,,14.90,0.0000,true,1,91385
80177616,false,קינדר אצבעות שוקולד,קריות זול,,קינדר אצבעות שוקולד,גרמים,100.00,100 גרם,false,,8.90,0.0890,true,1,40492
80773429,false,מסטיק מנטוס פיור פרש,,,מסטיק מנטוס פיור פרש,גרמים,60.00,100 גרם,false,,9.90,0.1650,true,1,91992
80790990,false,מסטיק מנטוס בקבוק מע,,,מסטיק מנטוס בקבוק מע,גרמים,60.00,100 גרם,false,,9.90,0.1650,true,1,89684
80936459,false,שלישיית ביצי שוקולד,,,שלישיית ביצי שוקולד,גרמים,60.00,100 גרם,false,,9.90,0.1650,true,1,132435
80979128,false,מסטיק מנטוס פיור פרש,,,מסטיק מנטוס פיור פרש,גרמים,60.00,100 גרם,false,,9.90,0.1650,true,1,131434
87108538,false,מנטוס תות בגליל בודד,קריות זול,,מנטוס תות בגליל בודד,גרמים,37.50,100 גרם,false,,3.90,0.1040,true,1,40498
90087974,false,חומץ תפוחים 5% 750מל,,,חומץ תפוחים 5% 750מל,מיליליטרים,750.00,"100 מ""ל",false,,13.90,0.0185,true,1,88220
90087998,false,"מיץ לימון 250מ""ל",,,"מיץ לימון 250מ""ל",מיליליטרים,250.00,"100 מ""ל",false,,5.90,0.0236,true,1,69423
8112100298,false,שמן שומשום טהור 185מ,,,שמן שומשום טהור 185מ,מיליליטרים,185.00,"100 מ""ל",false,,14.90,0.0805,true,1,54107
9800800056,false,נוטלה&גו חטיף 52גר,,,נוטלה&גו חטיף 52גר,גרמים,52.00,100 גרם,false,,6.50,0.1250,true,1,85814
11210000094,false,טבסקו אדום 60מל,קריות זול,,טבסקו אדום 60מל,מיליליטרים,60.00,"100 מ""ל",false,,10.90,0.1817,true,1,33098
11210607040,false,טבסקו  מעושן ציפוטלי,,,טבסקו  מעושן ציפוטלי,מיליליטרים,60.00,"100 מ""ל",false,,10.90,0.1817,true,1,101170
11210618503,false,"טבסקו סקורפיון 60 מ""",,,"טבסקו סקורפיון 60 מ""",מיליליטרים,60.00,"100 מ""ל",false,,14.90,0.2483,true,1,118965
13300604410,false,פילסברי מיקס דוויל'ס,,,פילסברי מיקס דוויל'ס,גרמים,432.00,100 גרם,false,,14.90,0.0345,true,1,131894
16000423534,false,ניטשר וואלי חטיף שיב,,,ניטשר וואלי חטיף שיב,גרמים,210.00,100 גרם,false,,21.90,0.1043,true,1,52834
16000548503,false,ניטשר וואלי חטיף קרא,,,ניטשר וואלי חטיף קרא,גרמים,210.00,100 גרם,false,,21.90,0.1043,true,1,40517
16000548909,false,ניטשר וואלי חטיף קרא,,,ניטשר וואלי חטיף קרא,גרמים,210.00,100 גרם,false,,21.90,0.1043,true,1,40519
18000701223,false,תערובת עוגת שוקולד פ,קריות זול,,תערובת עוגת שוקולד פ,גרמים,550.00,100 גרם,false,,19.50,0.0355,true,1,40521
18000703494,false,תערובת עוגת וניל 500,קריות זול,,תערובת עוגת וניל 500,גרמים,500.00,100 גרם,false,,19.50,0.0390,true,1,40522
18000703517,false,תערובת עוגת שיש 550ג,,,תערובת עוגת שיש 550ג,גרמים,550.00,100 גרם,false,,19.50,0.0355,true,1,40523
18000766413,false,תערובת עוגת בראוניס,,,תערובת עוגת בראוניס,גרמים,550.00,100 גרם,false,,19.50,0.0355,true,1,40524
29424000687,false,גלילי וופל אגוז מנעמ,,,גלילי וופל אגוז מנעמ,גרמים,100.00,100 גרם,false,,5.90,0.0590,true,1,95181
37600207287,false,חמאת בוטנים עם דבש ס,,,חמאת בוטנים עם דבש ס,גרמים,462.00,100 גרם,false,,24.90,0.0539,true,1,64861
38000138638,false,פרינגלס פיצה 158גר,,,פרינגלס פיצה 158גר,גרמים,158.00,100 גרם,false,,10.90,0.0690,true,1,97491
38000232152,false,פרינגלס ביג ברביקיו,,,פרינגלס ביג ברביקיו,גרמים,158.00,100 גרם,false,,10.90,0.0690,true,1,110364
38000232176,false,פרינגלס ביג שמנת ובצ,,,פרינגלס ביג שמנת ובצ,גרמים,149.00,100 גרם,false,,10.90,0.0732,true,1,110363
38000232183,false,פרינגלס ביג אורגינל,,,פרינגלס ביג אורגינל,גרמים,149.00,100 גרם,false,,10.90,0.0732,true,1,110362
41390010309,false,רוטב טריאקי קיקומן 4,,,רוטב טריאקי קיקומן 4,מיליליטרים,444.00,"100 מ""ל",false,,29.90,0.0673,true,1,65624
44600300580,false,כלורקס קלין אפ פרש 9,קריות זול,,כלורקס קלין אפ פרש 9,מיליליטרים,946.00,"100 מ""ל",false,,19.90,0.0210,true,1,131339
54881008167,false,תה אינגליש ברק אחמד,,,תה אינגליש ברק אחמד,גרמים,200.00,100 גרם,false,,15.90,0.0795,true,1,97259
54881008174,false,תה ארל גריי אחמד 100,,,תה ארל גריי אחמד 100,יחידה,0.00,יחידה,false,,15.90,0.0000,true,1,88224
54881008181,false,תה אינגליש אחמד 100י,,,תה אינגליש אחמד 100י,גרמים,0.00,100 גרם,false,,15.90,0.0000,true,1,97260
55369902564,false,"רסק תפו""ע ללא סוכר ר",,,"רסק תפו""ע ללא סוכר ר",גרמים,452.00,100 גרם,false,,15.50,0.0343,true,1,97220
70221011116,false,טובלרון שוקולד חלב 1,,,טובלרון שוקולד חלב 1,גרמים,100.00,100 גרם,false,,9.90,0.0990,true,1,112133
73490129919,false,ביסקוויט קסטה 250 גר,,,ביסקוויט קסטה 250 גר,גרמים,250.00,100 גרם,false,,7.90,0.0316,true,1,114908
73490130359,false,קרם קרקר 250גר,קריות זול,,קרם קרקר 250גר,גרמים,250.00,100 גרם,false,,6.90,0.0276,true,1,45240
73490130946,false,פתי בר וניל 500 גרם,,,פתי בר וניל 500 גרם,גרמים,500.00,100 גרם,false,,8.90,0.0178,true,1,45241
73490130953,false,פתי בר שוקו 500 גרם,,,פתי בר שוקו 500 גרם,גרמים,500.00,100 גרם,false,,8.90,0.0178,true,1,45242
76840100156,false,בן&גריס גלידה שמנת ע,,,בן&גריס גלידה שמנת ע,מיליליטרים,473.00,"100 מ""ל",false,,19.90,0.0421,true,1,130390
76840100583,false,בן&גריס גלידה וניל+ב,,,בן&גריס גלידה וניל+ב,מיליליטרים,473.00,"100 מ""ל",false,,19.90,0.0421,true,1,32885
77245110610,false,מאסט סוכריות ללא סוכ,קריות זול,,מאסט סוכריות ללא סוכ,גרמים,80.00,100 גרם,false,,8.90,0.1113,true,1,41927
77343001117,false,נר שבת 72 רגיל,,,נר שבת 72 רגיל,יח',72.00,יח',false,,25.90,0.3597,true,1,133286
77975036976,false,מטבל עגבניות בחריפות,,,מטבל עגבניות בחריפות,גרמים,439.00,100 גרם,false,,18.90,0.0431,true,1,98174
77975094624,false,שברי בייגל במילוי חמ,,,שברי בייגל במילוי חמ,גרמים,283.50,100 גרם,false,,16.90,0.0596,true,1,118324
77975094631,false,בייגלה סניידרס גבינה,,,בייגלה סניידרס גבינה,גרמים,266.00,100 גרם,false,,16.90,0.0635,true,1,118323
77975094761,false,שברי בייגל בטעם גבינ,,,שברי בייגל בטעם גבינ,גרמים,340.00,100 גרם,false,,16.90,0.0497,true,1,130332
77975094778,false,סניידרס בטעם דבש חרד,,,סניידרס בטעם דבש חרד,גרמים,340.00,100 גרם,false,,16.90,0.0497,true,1,130825
77975095157,false,סניידרס שברי בייגלה,,,סניידרס שברי בייגלה,גרמים,318.00,100 גרם,false,,16.90,0.0531,true,1,133914
80432402931,false,*מבצע* וויסקי שיבאס,,,*מבצע* וויסקי שיבאס,מיליליטרים,700.00,"100 מ""ל",false,,109.90,0.1570,true,1,66016
80518532743,false,בלוני גומי רמה 3,,,בלוני גומי רמה 3,יחידה,0.00,יחידה,false,,11.90,0.0000,true,1,38674
645173911038,false,קורנישון מיני 720גר,,,קורנישון מיני 720גר,גרמים,720.00,100 גרם,false,,11.90,0.0165,true,1,33196
728229123590,false,ציפס חטיף טרה ירקות,,,ציפס חטיף טרה ירקות,גרמים,110.00,100 גרם,false,,14.90,0.1355,true,1,44008
728229123811,false,ציפס חטיף טרה ירקות,,,ציפס חטיף טרה ירקות,גרמים,110.00,100 גרם,false,,14.90,0.1355,true,1,44010
729000662834,false,פילה נסיכת הנילוס מנ,,,פילה נסיכת הנילוס מנ,קילוגרמים,1.00,"ק""ג",true,,69.90,69.9000,true,1,135175
729011726254,false,דונאטס מצופה,,,דונאטס מצופה,יחידה,0.00,יחידה,false,,5.90,0.0000,true,1,135815
768404001640,false,בן&גריס גלידה פיינטס,,,בן&גריס גלידה פיינטס,גרמים,473.00,100 גרם,false,,19.90,0.0421,true,1,32891
835811005728,false,עלים לקרמשניט 2*200ג,,,עלים לקרמשניט 2*200ג,גרמים,300.00,100 גרם,false,,19.90,0.0663,true,1,62705
839762000658,false,איילנד נקטר גויאבה 1,,,איילנד נקטר גויאבה 1,מיליליטרים,1000.00,"100 מ""ל",false,,13.90,0.0139,true,1,48748
856591000055,false,עוגיות עבאדי מזרחיות,,,עוגיות עבאדי מזרחיות,גרמים,400.00,100 גרם,false,,19.90,0.0497,true,1,70422
856591000109,false,עוגיות עבאדי עוגיות,,,עוגיות עבאדי עוגיות,גרמים,400.00,100 גרם,false,,19.90,0.0497,true,1,40026
856591000512,false,עוגיות מזרחיות מקלות,,,עוגיות מזרחיות מקלות,גרמים,400.00,100 גרם,false,,19.90,0.0497,true,1,40028
884912359162,false,דגני פוסט האני בנצ'ס,,,דגני פוסט האני בנצ'ס,גרמים,340.00,100 גרם,false,,23.90,0.0703,true,1,134151
884912359414,false,*מבצע* דגני פוסט האנ,,,*מבצע* דגני פוסט האנ,גרמים,340.00,100 גרם,false,,16.90,0.0497,true,1,134154
884912359421,false,*מבצע* דגני פוסט האנ,,,*מבצע* דגני פוסט האנ,גרמים,340.00,100 גרם,false,,16.90,0.0497,true,1,134152
884912365200,false,דגני בוקר אוראו 311,,,דגני בוקר אוראו 311,גרמים,311.00,100 גרם,false,,19.90,0.0640,true,1,135069
884912377142,false,*מבצע* דגני פוסט האנ,,,*מבצע* דגני פוסט האנ,גרמים,340.00,100 גרם,false,,16.90,0.0497,true,1,134155
887930383881,false,סוללה AA קודאק (12)א,,,סוללה AA קודאק (12)א,יחידה,0.00,יחידה,false,,19.90,0.0000,true,1,135233
887930952025,false,סוללות קודאק AA4 אצב,,,סוללות קודאק AA4 אצב,יחידה,0.00,יחידה,false,,7.90,0.0000,true,1,91297
3014260228842,false,גילט קצף גילוח רגיל,,,גילט קצף גילוח רגיל,מיליליטרים,200.00,"100 מ""ל",false,,13.90,0.0695,true,1,45908
3014260240226,false,גילט קצף גילוח לעור,,,גילט קצף גילוח לעור,מיליליטרים,200.00,"100 מ""ל",false,,13.90,0.0695,true,1,45909
3014260287030,false,גילט סכיני גילוח חד,,,גילט סכיני גילוח חד,יחידה,0.00,יחידה,false,,9.90,0.0000,true,1,45923
3014260289287,false,גילט בלו סכיני גילוח,,,גילט בלו סכיני גילוח,יחידה,0.00,יחידה,false,,9.90,0.0000,true,1,54353
3387390320244,false,פיטנס פירות 375גר,קריות זול,,פיטנס פירות 375גר,גרמים,375.00,100 גרם,false,,23.90,0.0637,true,1,33775
3387390525960,false,דגני קראנץ' נסטלה 50,,,דגני קראנץ' נסטלה 50,גרמים,500.00,100 גרם,false,,26.90,0.0538,true,1,33777
3387390730852,false,פיטנס דגנים מחיטה מל,קריות זול,,פיטנס דגנים מחיטה מל,גרמים,375.00,100 גרם,false,,23.90,0.0637,true,1,33778
3574660389128,false,ליסטרין מי פה קול מי,,,ליסטרין מי פה קול מי,מיליליטרים,500.00,"100 מ""ל",false,,19.90,0.0398,true,1,135282
3574660415506,false,ליסטרין טוטאל קייר ס,,,ליסטרין טוטאל קייר ס,מיליליטרים,500.00,"100 מ""ל",false,,19.90,0.0398,true,1,135284
3574661114637,false,"מי פה ליסטרין 500 מ""",,,"מי פה ליסטרין 500 מ""",מיליליטרים,500.00,"100 מ""ל",false,,19.90,0.0398,true,1,101689
3574661487618,false,קרפרי תחתוניות מקסי,,,קרפרי תחתוניות מקסי,יחידה,0.00,יחידה,false,,14.90,0.0000,true,1,104944
3574661487625,false,קרפרי תחתוניות מקסי,,,קרפרי תחתוניות מקסי,יחידה,0.00,יחידה,false,,14.90,0.0000,true,1,104942
3574661491721,false,ליסטרין  מי פה לבן,,,ליסטרין  מי פה לבן,מיליליטרים,500.00,"100 מ""ל",false,,19.90,0.0398,true,1,135285
3574661500355,false,קרפרי תחתוניות לונג,,,קרפרי תחתוניות לונג,יחידה,0.00,יחידה,false,,14.90,0.0000,true,1,104945
3574661552576,false,קרפרי מגן תחתון רגיל,קריות זול,,קרפרי מגן תחתון רגיל,יח',56.00,יח',false,,14.90,0.2661,true,1,117316
3574661552811,false,קרפרי תחתוניות כותון,,,קרפרי תחתוניות כותון,יחידה,0.00,יחידה,false,,14.90,0.0000,true,1,117317
3574661554877,false,קרפרי מגן תחתון אוור,קריות זול,,קרפרי מגן תחתון אוור,יח',56.00,יח',false,,14.90,0.2661,true,1,117318
3800020472569,false,קיט קט צ'אנקי קרמל 4,,,קיט קט צ'אנקי קרמל 4,גרמים,43.50,100 גרם,false,,4.90,0.1126,true,1,135158
3800020472712,false,קיטקט צ'אנקי פופקורן,,,קיטקט צ'אנקי פופקורן,גרמים,42.00,100 גרם,false,,4.90,0.1167,true,1,131643
3800718504947,false,ספוג סקוטש 10יח,,,ספוג סקוטש 10יח,יח',10.00,יח',false,,6.90,0.6900,true,1,43163
3838824127149,false,פאלטה-צבע לשיער שחור,,,פאלטה-צבע לשיער שחור,יחידה,0.00,יחידה,false,,19.90,0.0000,true,1,93632
3838824127200,false,פאלטה-צבע לשיער חום,,,פאלטה-צבע לשיער חום,יחידה,0.00,יחידה,false,,19.90,0.0000,true,1,93633
3838824127224,false,פאלטה-צבע לשיער חום,,,פאלטה-צבע לשיער חום,יחידה,0.00,יחידה,false,,19.90,0.0000,true,1,93634
3838824127248,false,פאלטה-צבע לשיער חום,,,פאלטה-צבע לשיער חום,יחידה,0.00,יחידה,false,,19.90,0.0000,true,1,93635
3838824127262,false,פאלטה-צבע לשיער בלונ,,,פאלטה-צבע לשיער בלונ,יחידה,0.00,יחידה,false,,19.90,0.0000,true,1,93636
3838824127286,false,פאלטה-צבע לשיער בלונ,,,פאלטה-צבע לשיער בלונ,יחידה,0.00,יחידה,false,,19.90,0.0000,true,1,93637
3838824127309,false,פאלטה-צבע לשיער בלונ,,,פאלטה-צבע לשיער בלונ,יחידה,0.00,יחידה,false,,19.90,0.0000,true,1,93638
3838824127583,false,פאלטה-צבע לשיער אדום,,,פאלטה-צבע לשיער אדום,יחידה,0.00,יחידה,false,,19.90,0.0000,true,1,69144
3838824193915,false,פאלטה-צבע לשיער שחור,,,פאלטה-צבע לשיער שחור,יחידה,0.00,יחידה,false,,19.90,0.0000,true,1,93639
3838824240275,false,פאלטה-צבע לשיער נוגט,,,פאלטה-צבע לשיער נוגט,יחידה,0.00,יחידה,false,,19.90,0.0000,true,1,69149
3838824380827,false,פאלטה-צבע לשיער סמי,,,פאלטה-צבע לשיער סמי,יחידה,0.00,יחידה,false,,19.90,0.0000,true,1,131943
3838824380902,false,פאלטה-צבע לשיער סמי,,,פאלטה-צבע לשיער סמי,יחידה,0.00,יחידה,false,,19.90,0.0000,true,1,131944
3838824380988,false,פאלטה-צבע לשיער סמי,,,פאלטה-צבע לשיער סמי,יחידה,0.00,יחידה,false,,19.90,0.0000,true,1,131946
4000415039707,false,שוגטן עוגיות וניל 10,,,שוגטן עוגיות וניל 10,יחידה,0.00,יחידה,false,,6.90,0.0000,true,1,119337
4000415856601,false,שוגטן לבן 100 ג,,,שוגטן לבן 100 ג,גרמים,100.00,100 גרם,false,,6.90,0.0690,true,1,111625
4000417022004,false,שוקולד קולד ריטר צימ,,,שוקולד קולד ריטר צימ,גרמים,100.00,100 גרם,false,,8.90,0.0890,true,1,40535
4000417025005,false,שוקולד ריטר ספורט מר,,,שוקולד ריטר ספורט מר,גרמים,100.00,100 גרם,false,,8.90,0.0890,true,1,40537
4000417026002,false,שוקולד ריטר ספורט פר,,,שוקולד ריטר ספורט פר,גרמים,100.00,100 גרם,false,,8.90,0.0890,true,1,40538
4002448017684,false,סיליט באנג ספריי רב,קריות זול,,סיליט באנג ספריי רב,מיליליטרים,750.00,"100 מ""ל",false,,12.90,0.0172,true,1,44393
4002631025069,false,בירה קוניגסבכר פחית,,,בירה קוניגסבכר פחית,מיליליטרים,500.00,"100 מ""ל",false,,5.90,0.0118,true,1,101171
4005808588640,false,ניוואה קרם גילוח לעו,,,ניוואה קרם גילוח לעו,מיליליטרים,100.00,"100 מ""ל",false,,12.90,0.1290,true,1,117380
4005808890576,false,ניוואה קרם ידיים שפו,,,ניוואה קרם ידיים שפו,יחידה,0.00,יחידה,false,,11.90,0.0000,true,1,117361
4005900036476,false,ניוואה רול און בלק א,,,ניוואה רול און בלק א,מיליליטרים,50.00,"100 מ""ל",false,,12.90,0.2580,true,1,100766
4005900555915,false,ניוואה תחליב רחצה קו,,,ניוואה תחליב רחצה קו,מטרים,750.00,100 מ'ל,false,,14.90,0.0199,true,1,117470
4005900648181,false,ניוואה תחליב רחצה אל,,,ניוואה תחליב רחצה אל,מטרים,750.00,100 מ'ל,false,,14.90,0.0199,true,1,131337
4008102002867,false,גרגרי להכנת משקה בטע,קריות זול,,גרגרי להכנת משקה בטע,גרמים,400.00,100 גרם,false,,17.90,0.0447,true,1,98194
4008287058161,false,שישיית בירת קרומבכר,,,שישיית בירת קרומבכר,מיליליטרים,1980.00,"100 מ""ל",false,,29.90,0.0151,true,1,131352
4008400290423,false,קינדר פינגווי עוגת ס,,,קינדר פינגווי עוגת ס,גרמים,120.00,100 גרם,false,,13.90,0.1158,true,1,131716
4009300522935,false,פומפדור תה ירוק לימו,,,פומפדור תה ירוק לימו,גרמים,30.00,100 גרם,false,,17.90,0.5967,true,1,65257
4009300524588,false,פומפדור חליטת תה פיר,,,פומפדור חליטת תה פיר,גרמים,60.00,100 גרם,false,,14.90,0.2483,true,1,38309
4009300525684,false,פומפדור חליטות גינגר,,,פומפדור חליטות גינגר,יחידה,0.00,יחידה,false,,14.90,0.0000,true,1,58397
4009300526438,false,פומפדור תה ירוק קלאס,,,פומפדור תה ירוק קלאס,יחידה,0.00,יחידה,false,,17.90,0.0000,true,1,65139
4009900013581,false,אורביט סטיקס בטעם ספ,,,אורביט סטיקס בטעם ספ,יחידה,0.00,יחידה,false,,9.90,0.0000,true,1,62920
4009900385824,false,אורביט סטיקס בטעם פפ,,,אורביט סטיקס בטעם פפ,יחידה,0.00,יחידה,false,,9.90,0.0000,true,1,62921
4009900403023,false,אורביט ווייט בקבוקון,,,אורביט ווייט בקבוקון,גרמים,64.00,100 גרם,false,,10.90,0.1703,true,1,60899
4009900406918,false,הובה בובה טריפל מיקס,קריות זול,,הובה בובה טריפל מיקס,גרמים,56.00,100 גרם,false,,7.50,0.1339,true,1,38011
4009900420129,false,אורביט פרופשיונל פפר,,,אורביט פרופשיונל פפר,גרמים,64.00,100 גרם,false,,10.90,0.1703,true,1,95189
4009900426039,false,איירוויבז מנטה אקליפ,,,איירוויבז מנטה אקליפ,גרמים,64.00,100 גרם,false,,10.90,0.1703,true,1,86756
4009900426121,false,איירוויבז אוכמניות ב,,,איירוויבז אוכמניות ב,גרמים,64.00,100 גרם,false,,10.90,0.1703,true,1,86757
4009900482417,false,אורביט באבל מינט בקב,,,אורביט באבל מינט בקב,יחידה,0.00,יחידה,false,,10.90,0.0000,true,1,61583
4009900531122,false,אורביט פרופשיונל פפר,,,אורביט פרופשיונל פפר,גרמים,64.00,100 גרם,false,,10.90,0.1703,true,1,95190
4009900536288,false,אורביט רפרשרס פפרמינ,,,אורביט רפרשרס פפרמינ,גרמים,67.00,100 גרם,false,,11.90,0.1776,true,1,130567
4011800528416,false,קורני בייס סויט&סול,,,קורני בייס סויט&סול,גרמים,150.00,100 גרם,false,,12.90,0.0860,true,1,118873
4011800567613,false,קורני סנדביץ שחור לב,,,קורני סנדביץ שחור לב,גרמים,120.00,100 גרם,false,,12.90,0.1075,true,1,64364
4011800568610,false,קורני סנדביץ במילוי,,,קורני סנדביץ במילוי,גרמים,120.00,100 גרם,false,,12.90,0.1075,true,1,64365
4011800628512,false,קורני חטיף דגנים עם,,,קורני חטיף דגנים עם,גרמים,150.00,100 גרם,false,,12.90,0.0860,true,1,63624
4011800629519,false,קורני חטיף דגנים עם,,,קורני חטיף דגנים עם,גרמים,150.00,100 גרם,false,,12.90,0.0860,true,1,63625
4011800630515,false,קורני חטיף דגנים עם,,,קורני חטיף דגנים עם,גרמים,150.00,100 גרם,false,,12.90,0.0860,true,1,63626
4014400900217,false,בונבונירה מרסי 400גר,קריות זול,,בונבונירה מרסי 400גר,גרמים,400.00,100 גרם,false,,55.90,0.1397,true,1,40553
4014400914924,false,סוכריות וורטר ללא סו,,,סוכריות וורטר ללא סו,גרמים,80.00,100 גרם,false,,9.90,0.1238,true,1,40576
4014400920857,false,סוכריות וורטר בטעם ש,,,סוכריות וורטר בטעם ש,גרמים,70.00,100 גרם,false,,9.90,0.1414,true,1,66785
4014400923711,false,טופיפי 125גרם,קריות זול,,טופיפי 125גרם,גרמים,125.00,100 גרם,false,,12.90,0.1032,true,1,87412
4014400925319,false,פופקורן קרמל וורטרס,,,פופקורן קרמל וורטרס,גרמים,140.00,100 גרם,false,,14.90,0.1064,true,1,118957
4015000031394,false,ספטיל מסיר כתמים 200,קריות זול,,ספטיל מסיר כתמים 200,מיליליטרים,200.00,"100 מ""ל",false,,18.90,0.0945,true,1,39772
4015000519915,false,פה ספריי פינק פרדייס,קריות זול,,פה ספריי פינק פרדייס,מיליליטרים,200.00,"100 מ""ל",false,,15.90,0.0795,true,1,39780
4015000615884,false,פה ספריי קריביין לימ,קריות זול,,פה ספריי קריביין לימ,מיליליטרים,200.00,"100 מ""ל",false,,15.90,0.0795,true,1,39805
4015000615921,false,פה ספריי ספורט 200מל,,,פה ספריי ספורט 200מל,מיליליטרים,200.00,"100 מ""ל",false,,15.90,0.0795,true,1,39807
4015000995122,false,פה ספריי כח משיכה 20,,,פה ספריי כח משיכה 20,מיליליטרים,200.00,"100 מ""ל",false,,15.90,0.0795,true,1,64280
4015100190762,false,גליס מסכה שיקום שמן,,,גליס מסכה שיקום שמן,מיליליטרים,300.00,"100 מ""ל",false,,19.90,0.0663,true,1,98015
4015100190793,false,גליס מסכה שיקום אולט,,,גליס מסכה שיקום אולט,מיליליטרים,300.00,"100 מ""ל",false,,19.90,0.0663,true,1,93523
4015400681670,false,אולוויז תחבושות לילה,,,אולוויז תחבושות לילה,יחידה,0.00,יחידה,false,,19.90,0.0000,true,1,69870
4015400731719,false,אולוויז תחבושות דואו,,,אולוויז תחבושות דואו,יחידה,0.00,יחידה,false,,19.90,0.0000,true,1,70625
4015400755241,false,אולוויז תחבושות דואו,,,אולוויז תחבושות דואו,יחידה,0.00,יחידה,false,,19.90,0.0000,true,1,70626
4015600762902,false,הד&שולדרס שמפו מנטול,,,הד&שולדרס שמפו מנטול,מיליליטרים,500.00,"100 מ""ל",false,,19.90,0.0398,true,1,61714
4018344511188,false,לרסן סלמון פראי ברוט,,,לרסן סלמון פראי ברוט,גרמים,200.00,100 גרם,false,,11.90,0.0595,true,1,135508
4018344564634,false,פילה הרינג ברוטב פלפ,,,פילה הרינג ברוטב פלפ,גרמים,200.00,100 גרם,false,,10.90,0.0545,true,1,135516
4018344564641,false,פילה הרינג ברוטב חרד,,,פילה הרינג ברוטב חרד,גרמים,200.00,100 גרם,false,,10.90,0.0545,true,1,135521
4025700001962,false,מילקה שוקולד לבן 100,,,מילקה שוקולד לבן 100,גרמים,100.00,100 גרם,false,,7.90,0.0790,true,1,135217
4067600001123,false,לרסן פילה הרינג מעוש,,,לרסן פילה הרינג מעוש,גרמים,160.00,100 גרם,false,,11.90,0.0744,true,1,135514
4084500088917,false,פיירי נוזל לכלים צהו,,,פיירי נוזל לכלים צהו,מיליליטרים,650.00,"100 מ""ל",false,,10.90,0.0168,true,1,65427
4084500853898,false,פיירי לכלים אלוורה ו,,,פיירי לכלים אלוורה ו,מיליליטרים,515.00,"100 מ""ל",false,,10.90,0.0212,true,1,132605
4100130937163,false,בירה גרמנית בקס שישי,,,בירה גרמנית בקס שישי,מיליליטרים,1650.00,"100 מ""ל",false,,29.90,0.0181,true,1,110668
4260147890513,false,אטריות ורמיצ'לי ביצי,,,אטריות ורמיצ'לי ביצי,גרמים,500.00,100 גרם,false,,9.90,0.0198,true,1,80628
4260147890537,false,אטריות ביצים ברצועות,,,אטריות ביצים ברצועות,גרמים,500.00,100 גרם,false,,9.90,0.0198,true,1,80629
4260147890551,false,אטריות ביצים רצועות,,,אטריות ביצים רצועות,גרמים,500.00,100 גרם,false,,9.90,0.0198,true,1,80630
4605561010305,false,פילה הרינג עם שמיר ב,,,פילה הרינג עם שמיר ב,גרמים,500.00,100 גרם,false,,27.90,0.0558,true,1,131037
4605561010343,false,פילה דג הרינג בשמן ח,,,פילה דג הרינג בשמן ח,גרמים,500.00,100 גרם,false,,27.90,0.0558,true,1,131038
4605561012613,false,פילה הרינג (קצוץ) בש,,,פילה הרינג (קצוץ) בש,גרמים,400.00,100 גרם,false,,15.90,0.0398,true,1,118482
4605561013009,false,פילה הרינג בשמן 400,,,פילה הרינג בשמן 400,גרמים,400.00,100 גרם,false,,15.90,0.0398,true,1,118483
4640018993398,false,פיניש קוואנטום 60 קפ,,,פיניש קוואנטום 60 קפ,יח',60.00,יח',false,,54.90,0.9150,true,1,118559
4710964170799,false,שומשום שחור קלוי 91ג,,,שומשום שחור קלוי 91ג,גרמים,91.00,100 גרם,false,,15.90,0.1747,true,1,54115
4741178000022,false,שמן סויה אוליביה 900,,,שמן סויה אוליביה 900,מיליליטרים,900.00,"100 מ""ל",false,,10.90,0.0121,true,1,111169
4750017001861,false,סטאר פילה סלמון ברוט,,,סטאר פילה סלמון ברוט,גרמים,200.00,100 גרם,false,,10.00,0.0500,true,1,67695
4751003924003,false,לרסן סלט טונה בסגנון,,,לרסן סלט טונה בסגנון,גרמים,185.00,100 גרם,false,,11.90,0.0643,true,1,135511
4751003924010,false,לרסן סלט טונה בסגנון,,,לרסן סלט טונה בסגנון,גרמים,185.00,100 גרם,false,,11.90,0.0643,true,1,135512
4751007738064,false,לרסן שפרוטים מעושנים,,,לרסן שפרוטים מעושנים,גרמים,160.00,100 גרם,false,,11.90,0.0744,true,1,135507
4751007738095,false,לרסן סלט סלמון מקסיק,,,לרסן סלט סלמון מקסיק,גרמים,220.00,100 גרם,false,,11.90,0.0541,true,1,135509
4751007739917,false,סלמון ברובמיץ טבעי 1,,,סלמון ברובמיץ טבעי 1,גרמים,185.00,100 גרם,false,,10.90,0.0589,true,1,134590
4770237049290,false,אסקימו עגול פלומביר,,,אסקימו עגול פלומביר,יחידה,0.00,יחידה,false,,5.90,0.0000,true,1,87515
4770237049313,false,אסקימו עגול פלומביר,,,אסקימו עגול פלומביר,יחידה,0.00,יחידה,false,,5.90,0.0000,true,1,87516
4770237049443,false,פלומביר גלידה קרם בר,,,פלומביר גלידה קרם בר,יחידה,0.00,יחידה,false,,5.90,0.0000,true,1,87517
4770237049450,false,פלומביר גלידה בכוס 7,,,פלומביר גלידה בכוס 7,יחידה,0.00,יחידה,false,,5.90,0.0000,true,1,87518
4770237050432,false,פלומביר גלידה שוקולד,,,פלומביר גלידה שוקולד,יחידה,0.00,יחידה,false,,5.90,0.0000,true,1,87519
4770237054423,false,גלידה שרבט עם מנגו ו,,,גלידה שרבט עם מנגו ו,יחידה,0.00,יחידה,false,,5.90,0.0000,true,1,87528
4800888219541,false,רקסונה דאודורנט סטיק,,,רקסונה דאודורנט סטיק,גרמים,50.00,100 גרם,false,,14.90,0.2980,true,1,131865
4810168000011,false,פילה דג הרינג מלוח מ,,,פילה דג הרינג מלוח מ,גרמים,250.00,100 גרם,false,,14.90,0.0596,true,1,95278
4810168000066,false,פילה דג הרינג מלוח מ,,,פילה דג הרינג מלוח מ,גרמים,250.00,100 גרם,false,,14.90,0.0596,true,1,95279
4810168000998,false,חתיכות פילה דג הרינג,,,חתיכות פילה דג הרינג,גרמים,260.00,100 גרם,false,,18.90,0.0727,true,1,95280
4810168018795,false,חתיכות פילה דג הרינג,,,חתיכות פילה דג הרינג,גרמים,200.00,100 גרם,false,,14.90,0.0745,true,1,95282
4810168037888,false,גלידה YUKKI אגוזים א,,,גלידה YUKKI אגוזים א,גרמים,70.00,100 גרם,false,,5.90,0.0843,true,1,94099
4810168038267,false,גלידה  YUKKI  אסקימו,,,גלידה  YUKKI  אסקימו,גרמים,70.00,100 גרם,false,,5.90,0.0843,true,1,94100
4810168038977,false,גלידה YUKKI פלומביר,,,גלידה YUKKI פלומביר,גרמים,70.00,100 גרם,false,,5.90,0.0843,true,1,94101
4810168045432,false,גלידה  YUKKI  טרופל,,,גלידה  YUKKI  טרופל,גרמים,70.00,100 גרם,false,,5.90,0.0843,true,1,95291
4810168055066,false,"כיסונים במילוי תפו""א",,,"כיסונים במילוי תפו""א",גרמים,450.00,100 גרם,false,,12.90,0.0287,true,1,131693
4810168055073,false,"כיסונים במילוי תפו""א",,,"כיסונים במילוי תפו""א",גרמים,450.00,100 גרם,false,,12.90,0.0287,true,1,131694
4810168057435,false,חתיכות פילה דג הרינג,,,חתיכות פילה דג הרינג,גרמים,400.00,100 גרם,false,,27.90,0.0697,true,1,132423
4810168058975,false,חתיכות פילה דג הרינג,,,חתיכות פילה דג הרינג,גרמים,260.00,100 גרם,false,,18.90,0.0727,true,1,134741
4810168058982,false,חתיכות פילה דג הרינג,,,חתיכות פילה דג הרינג,גרמים,400.00,100 גרם,false,,27.90,0.0697,true,1,134742
4810168058999,false,פילה דג הרינג סקנדינ,,,פילה דג הרינג סקנדינ,גרמים,250.00,100 גרם,false,,14.90,0.0596,true,1,134301
4810322005944,false,שמן קנולה מזוכך 850מ,,,שמן קנולה מזוכך 850מ,מיליליטרים,850.00,"100 מ""ל",false,,10.90,0.0128,true,1,132408
4820015165206,false,גלידת שמנת טעם וניל,,,גלידת שמנת טעם וניל,גרמים,70.00,100 גרם,false,,5.90,0.0843,true,1,130971
4820015165213,false,גלידה  פלומביר בריקט,,,גלידה  פלומביר בריקט,גרמים,90.00,100 גרם,false,,5.90,0.0656,true,1,104963
4820034925546,false,בירה לאגר צאזז לייט,,,בירה לאגר צאזז לייט,מיליליטרים,500.00,"100 מ""ל",false,,4.90,0.0098,true,1,134901
4820154722469,false,גלידה אסקימוס כוס ונ,,,גלידה אסקימוס כוס ונ,גרמים,80.00,100 גרם,false,,5.90,0.0738,true,1,104965
4820154727938,false,גלידה אסקימו מלון לי,,,גלידה אסקימו מלון לי,גרמים,85.00,100 גרם,false,,5.90,0.0694,true,1,104962
4820198873288,false,תה ירוק סיני קלאסי 1,,,תה ירוק סיני קלאסי 1,יחידה,0.00,יחידה,false,,10.90,0.0000,true,1,135678
4820198873332,false,תה שחור מיקס ארבע טע,,,תה שחור מיקס ארבע טע,יחידה,0.00,יחידה,false,,10.90,0.0000,true,1,135676
4823077608513,false,סוכריות קורובקה 205ג,,,סוכריות קורובקה 205ג,גרמים,205.00,100 גרם,false,,7.90,0.0385,true,1,87338
4823077613203,false,שוקולד מריר+פונדוק ש,,,שוקולד מריר+פונדוק ש,גרמים,90.00,100 גרם,false,,8.90,0.0989,true,1,87324
4823077613630,false,חטיף שוקולד רושן ממו,,,חטיף שוקולד רושן ממו,גרמים,43.00,100 גרם,false,,3.90,0.0907,true,1,130280
4823077614675,false,ביסקוויט לקפה רושן ב,,,ביסקוויט לקפה רושן ב,גרמים,185.00,100 גרם,false,,3.90,0.0211,true,1,135050
4823077614699,false,ביסקוויט לקפה רושן ב,,,ביסקוויט לקפה רושן ב,גרמים,185.00,100 גרם,false,,3.90,0.0211,true,1,135049
4823077614767,false,שוקולד רושן חלב נוגט,,,שוקולד רושן חלב נוגט,גרמים,90.00,100 גרם,false,,6.90,0.0767,true,1,134393
4823077614804,false,שוקולד חלב נוגט בטעם,,,שוקולד חלב נוגט בטעם,גרמים,90.00,100 גרם,false,,6.90,0.0767,true,1,87320
4823077617041,false,באטונציק קרמל 40גר,,,באטונציק קרמל 40גר,גרמים,40.00,100 גרם,false,,3.90,0.0975,true,1,87313
4823077621635,false,וופל רושן בטעם חלב 7,,,וופל רושן בטעם חלב 7,גרמים,72.00,100 גרם,false,,3.90,0.0542,true,1,132065
4823077621642,false,וופל רושן בטעם שוקול,,,וופל רושן בטעם שוקול,גרמים,72.00,100 גרם,false,,3.90,0.0542,true,1,132066
4823077621659,false,וופל רושן בטעם אגוז,,,וופל רושן בטעם אגוז,גרמים,72.00,100 גרם,false,,3.90,0.0542,true,1,132067
4823077623714,false,סוכריות כוס חלב 150,,,סוכריות כוס חלב 150,גרמים,150.00,100 גרם,false,,7.90,0.0527,true,1,94921
4823077624223,false,סוכריות ג'לי בוני פר,,,סוכריות ג'לי בוני פר,גרמים,200.00,100 גרם,false,,7.90,0.0395,true,1,96655
4823077624247,false,סוכריות ג'לי בוני פר,,,סוכריות ג'לי בוני פר,גרמים,200.00,100 גרם,false,,7.90,0.0395,true,1,94865
4823077624391,false,רושן סוכריות טופי מי,,,רושן סוכריות טופי מי,גרמים,185.00,100 גרם,false,,7.90,0.0427,true,1,131508
4823077625145,false,בונבוניירה דובדבן+לי,,,בונבוניירה דובדבן+לי,גרמים,155.00,100 גרם,false,,12.90,0.0832,true,1,95669
4823077625589,false,וופל רושן בטעם חלב 2,,,וופל רושן בטעם חלב 2,גרמים,216.00,100 גרם,false,,6.90,0.0319,true,1,130992
4823077625602,false,וופל רושן בטעם שוקול,,,וופל רושן בטעם שוקול,גרמים,216.00,100 גרם,false,,6.90,0.0319,true,1,130993
4823077625626,false,וופל רושן בטעם אגוז,,,וופל רושן בטעם אגוז,גרמים,216.00,100 גרם,false,,6.90,0.0319,true,1,130994
4823077626203,false,שוקולד רושן אוורירי,,,שוקולד רושן אוורירי,גרמים,80.00,100 גרם,false,,6.90,0.0863,true,1,104681
4823077626227,false,שוקולד רושן אוורירי,,,שוקולד רושן אוורירי,גרמים,80.00,100 גרם,false,,6.90,0.0863,true,1,104682
4823077626364,false,שוקולד רושן אוורירי,,,שוקולד רושן אוורירי,גרמים,80.00,100 גרם,false,,6.90,0.0863,true,1,104684
4823077629136,false,שוקולד רושן חלב 90 ג,,,שוקולד רושן חלב 90 ג,גרמים,90.00,100 גרם,false,,6.90,0.0767,true,1,134846
4823077630996,false,סנדוויץ' קרקר קקאו א,,,סנדוויץ' קרקר קקאו א,גרמים,235.00,100 גרם,false,,9.90,0.0421,true,1,131556
4823077631467,false,קרקר עם מלח ים רושן,,,קרקר עם מלח ים רושן,גרמים,168.00,100 גרם,false,,6.90,0.0411,true,1,131557
4823077631474,false,קרקר קלאסי רושן 168,,,קרקר קלאסי רושן 168,גרמים,168.00,100 גרם,false,,6.90,0.0411,true,1,131558
4823077632112,false,וופל רושן בטעם קקאו,,,וופל רושן בטעם קקאו,גרמים,216.00,100 גרם,false,,6.90,0.0319,true,1,130995
4823077632259,false,חטיף שוקולד רושן עם,,,חטיף שוקולד רושן עם,גרמים,43.00,100 גרם,false,,3.90,0.0907,true,1,130281
4823077632570,false,שוקולד רושן מריר 85,,,שוקולד רושן מריר 85,גרמים,85.00,100 גרם,false,,6.90,0.0812,true,1,131504
4823077632587,false,שוקולד רושן חלב עם ש,,,שוקולד רושן חלב עם ש,גרמים,90.00,100 גרם,false,,8.90,0.0989,true,1,131505
4823077632594,false,שוקולד רושן חלב עם א,,,שוקולד רושן חלב עם א,גרמים,90.00,100 גרם,false,,8.90,0.0989,true,1,131506
4823077633317,false,עוגיות לוויטה שוקולד,,,עוגיות לוויטה שוקולד,גרמים,150.00,100 גרם,false,,7.90,0.0527,true,1,130998
4823077633324,false,עוגיות שוקוציפס לווי,,,עוגיות שוקוציפס לווי,גרמים,150.00,100 גרם,false,,7.90,0.0527,true,1,130999
4823077633331,false,עוגיות רושן לוויטהבט,,,עוגיות רושן לוויטהבט,גרמים,150.00,100 גרם,false,,7.90,0.0527,true,1,131000
4823077633348,false,עוגיות רושן לוויטה ע,,,עוגיות רושן לוויטה ע,גרמים,150.00,100 גרם,false,,7.90,0.0527,true,1,131001
4823077633508,false,רושן חטיף וופל במילו,,,רושן חטיף וופל במילו,גרמים,34.00,100 גרם,false,,3.90,0.1147,true,1,135047
4823077633515,false,רושן חטיף וופל במילו,,,רושן חטיף וופל במילו,גרמים,34.00,100 גרם,false,,3.90,0.1147,true,1,135048
4823077633690,false,בונבוניירה רושן שוטר,,,בונבוניירה רושן שוטר,גרמים,150.00,100 גרם,false,,12.90,0.0860,true,1,132110
4823077634116,false,סוכריות קורובקה 1קג,,,סוכריות קורובקה 1קג,גרמים,1000.00,100 גרם,false,,24.90,0.0249,true,1,131256
4823077634192,false,עוגיות רושן לוויטה ב,,,עוגיות רושן לוויטה ב,גרמים,168.00,100 גרם,false,,7.90,0.0470,true,1,132399
4823077634222,false,עוגיות תפוז לוויטה 1,,,עוגיות תפוז לוויטה 1,גרמים,135.00,100 גרם,false,,7.90,0.0585,true,1,132114
4823077634246,false,עוגיות פטל לוויטה 13,,,עוגיות פטל לוויטה 13,גרמים,135.00,100 גרם,false,,7.90,0.0585,true,1,132112
4823077634277,false,עוגיות תות שדה לוויט,,,עוגיות תות שדה לוויט,גרמים,135.00,100 גרם,false,,7.90,0.0585,true,1,132113
4823077634741,false,עוגיות רושן לוויטה ב,,,עוגיות רושן לוויטה ב,גרמים,168.00,100 גרם,false,,7.90,0.0470,true,1,132398
4823077635809,false,וופלים דקיקים רושן ט,,,וופלים דקיקים רושן ט,גרמים,55.00,100 גרם,false,,4.90,0.0891,true,1,135670
4823077636172,false,וופל רושן בטעם לימון,,,וופל רושן בטעם לימון,גרמים,216.00,100 גרם,false,,6.90,0.0319,true,1,134394
4823077636561,false,סוכריות ממולאות בטעם,,,סוכריות ממולאות בטעם,גרמים,378.00,100 גרם,false,,11.90,0.0315,true,1,134065
4823077636608,false,סוכריות טופי רושן במ,,,סוכריות טופי רושן במ,גרמים,325.00,100 גרם,false,,11.90,0.0366,true,1,134069
4823097809754,false,גלידת שמנת משובחת ונ,,,גלידת שמנת משובחת ונ,גרמים,90.00,100 גרם,false,,5.90,0.0656,true,1,130980
4823097809815,false,גלידה חלבית עם אוכמנ,,,גלידה חלבית עם אוכמנ,גרמים,85.00,100 גרם,false,,5.90,0.0694,true,1,130979
4903001904192,false,רוטב סויה יאמסה 500מ,,,רוטב סויה יאמסה 500מ,מיליליטרים,500.00,"100 מ""ל",false,,19.90,0.0398,true,1,53431
4903001925784,false,רוטב סויה יאמסה מופח,,,רוטב סויה יאמסה מופח,מיליליטרים,500.00,"100 מ""ל",false,,19.90,0.0398,true,1,89990
4903001930993,false,רוטב טריאקי ימאסה 50,,,רוטב טריאקי ימאסה 50,מיליליטרים,500.00,"100 מ""ל",false,,19.90,0.0398,true,1,98207
5000146057710,false,*מבצע* וינדולין ספרי,קריות זול,,*מבצע* וינדולין ספרי,מיליליטרים,750.00,"100 מ""ל",false,,7.90,0.0105,true,1,44399
5000157143365,false,מתבל בטעם מיונז וקטש,,,מתבל בטעם מיונז וקטש,גרמים,425.00,100 גרם,false,,14.90,0.0351,true,1,110294
5000159376655,false,סקיטלס פירות 38גר,,,סקיטלס פירות 38גר,גרמים,38.00,100 גרם,false,,3.50,0.0921,true,1,63534
5000159376792,false,סקיטלס חמוץ 38גר,,,סקיטלס חמוץ 38גר,גרמים,38.00,100 גרם,false,,3.50,0.0921,true,1,63535
5000159459228,false,טוויקס חטיף שוקולד 5,,,טוויקס חטיף שוקולד 5,גרמים,50.00,100 גרם,false,,3.90,0.0780,true,1,61565
5000159461122,false,סניקרס חטיף שוקולד 5,,,סניקרס חטיף שוקולד 5,גרמים,50.00,100 גרם,false,,3.90,0.0780,true,1,61566
5000189974579,false,קיט קט מיני 200 גרם,,,קיט קט מיני 200 גרם,גרמים,200.00,100 גרם,false,,10.90,0.0545,true,1,93834
5000204151053,false,פלדג' אירוסול לניקוי,,,פלדג' אירוסול לניקוי,מיליליטרים,250.00,"100 מ""ל",false,,16.90,0.0676,true,1,117274
5000204657913,false,קיווי משחת נעליים בק,,,קיווי משחת נעליים בק,יחידה,0.00,יחידה,false,,8.90,0.0000,true,1,60551
5000204886566,false,פלדג' שמן לרהיטים 47,קריות זול,,פלדג' שמן לרהיטים 47,מיליליטרים,475.00,"100 מ""ל",false,,33.90,0.0714,true,1,35259
5000267014234,false,וויסקי ג'וני ווקר רד,,,וויסקי ג'וני ווקר רד,מיליליטרים,700.00,"100 מ""ל",false,,89.90,0.1284,true,1,32549
5000267024233,false,*מבצע* גוני ווקר שחו,,,*מבצע* גוני ווקר שחו,מיליליטרים,700.00,"100 מ""ל",false,,120.00,0.1714,true,1,58281
5000394017641,false,סוללות דורסל רביעייה,,,סוללות דורסל רביעייה,יחידה,0.00,יחידה,false,,9.90,0.0000,true,1,85447
5000394019171,false,דורסל סוללות D פלוס,,,דורסל סוללות D פלוס,יחידה,0.00,יחידה,false,,22.90,0.0000,true,1,130084
5000394105485,false,דורסל סוללות V9 פלוס,,,דורסל סוללות V9 פלוס,יחידה,0.00,יחידה,false,,22.90,0.0000,true,1,130085
5010677551281,false,בקרדי בריזר לימון 27,,,בקרדי בריזר לימון 27,מיליליטרים,275.00,"100 מ""ל",false,,15.90,0.0578,true,1,32379
5010677554398,false,בקרדי בריזר אבטיח 27,,,בקרדי בריזר אבטיח 27,מיליליטרים,275.00,"100 מ""ל",false,,15.90,0.0578,true,1,32381
5010677850100,false,וודקה גריי גוס 700 מ,,,וודקה גריי גוס 700 מ,מיליליטרים,700.00,"100 מ""ל",false,,119.90,0.1713,true,1,95896
5029053032658,false,קלינקס ממחטות שמיניי,,,קלינקס ממחטות שמיניי,יחידה,0.00,יחידה,false,,11.90,0.0000,true,1,97593
5029053510811,false,קוטקס תחבושות אולטרה,קריות זול,,קוטקס תחבושות אולטרה,יח',28.00,יח',false,,18.90,0.6750,true,1,36180
5029053510828,false,קוטקס תחבושות אולטרה,קריות זול,,קוטקס תחבושות אולטרה,יח',24.00,יח',false,,18.90,0.7875,true,1,36181
5029053523446,false,קוטקס תחבושות אולטרה,קריות זול,,קוטקס תחבושות אולטרה,יח',20.00,יח',false,,18.90,0.9450,true,1,36184
5035766044673,false,סיידר תפוחים סטרונגב,,,סיידר תפוחים סטרונגב,מיליליטרים,330.00,"100 מ""ל",false,,7.90,0.0239,true,1,66738
5060250343741,false,הרשיז ראונדס קוקיס א,,,הרשיז ראונדס קוקיס א,גרמים,96.00,100 גרם,false,,9.90,0.1031,true,1,134931
5060250343765,false,ריסז ראונדס בוטנים 6,,,ריסז ראונדס בוטנים 6,גרמים,96.00,100 גרם,false,,9.90,0.1031,true,1,134932
5060517886486,false,מונסטר אנרגי פח 500מ,,,מונסטר אנרגי פח 500מ,מיליליטרים,500.00,"100 מ""ל",false,,7.90,0.0158,true,1,110343
5060517886516,false,מונסטר אנרגי זירו פח,,,מונסטר אנרגי זירו פח,מיליליטרים,500.00,"100 מ""ל",false,,7.90,0.0158,true,1,110344
5060639128051,false,מונסטר אולטרה פחית 5,,,מונסטר אולטרה פחית 5,מיליליטרים,500.00,"100 מ""ל",false,,7.90,0.0158,true,1,117732
5060639129102,false,מונסטר אנרגי פח 500,,,מונסטר אנרגי פח 500,מיליליטרים,500.00,"100 מ""ל",false,,7.90,0.0158,true,1,124499
5060751218173,false,מונסטר פונצ פח 500מל,,,מונסטר פונצ פח 500מל,מיליליטרים,500.00,"100 מ""ל",false,,7.90,0.0158,true,1,134101
5099873017623,false,וויסקי ג'ק דניאלס טנ,,,וויסקי ג'ק דניאלס טנ,מיליליטרים,700.00,"100 מ""ל",false,,109.90,0.1570,true,1,129927
5201347160326,false,קלגון גל 750מל,,,קלגון גל 750מל,מיליליטרים,750.00,"100 מ""ל",false,,29.90,0.0399,true,1,90566
5201347400545,false,ויט רצועות שעווה לפנ,,,ויט רצועות שעווה לפנ,יחידה,0.00,יחידה,false,,29.90,0.0000,true,1,86894
5201360582280,false,מארז קוראסון שישייה,,,מארז קוראסון שישייה,גרמים,240.00,100 גרם,false,,9.90,0.0413,true,1,104923
5206759020701,false,סוכריות ג'לי אקזוטי,,,סוכריות ג'לי אקזוטי,גרמים,700.00,100 גרם,false,,15.90,0.0227,true,1,68027
5391523057936,false,סימילאק גולד 700 גרם,,,סימילאק גולד 700 גרם,גרמים,700.00,100 גרם,false,,72.90,0.1041,true,1,93452
5391523058063,false,סימילאק אדוונס פלוס,,,סימילאק אדוונס פלוס,גרמים,700.00,100 גרם,false,,64.90,0.0927,true,1,93804
5391523058070,false,סימילאק אדוונס פלוס,,,סימילאק אדוונס פלוס,גרמים,700.00,100 גרם,false,,64.90,0.0927,true,1,93806
5391523058087,false,סימילאק אדוונס פלוס,,,סימילאק אדוונס פלוס,גרמים,700.00,100 גרם,false,,64.90,0.0927,true,1,93807
5410126006360,false,לוטוס עוגיות סנדוויץ,,,לוטוס עוגיות סנדוויץ,גרמים,150.00,100 גרם,false,,9.90,0.0660,true,1,135137
5410126006377,false,לוטוס עוגיות סנדוויץ,,,לוטוס עוגיות סנדוויץ,גרמים,150.00,100 גרם,false,,9.90,0.0660,true,1,135138
5410126106022,false,לוטוס מארז חגים 2*25,,,לוטוס מארז חגים 2*25,גרמים,500.00,100 גרם,false,,17.90,0.0358,true,1,135174
5410126106183,false,לוטוס ביסקוויט קרמל,קריות זול,,לוטוס ביסקוויט קרמל,גרמים,312.00,100 גרם,false,,19.90,0.0638,true,1,35003
5410126666038,false,עוגיות לוטוס 279 גרם,,,עוגיות לוטוס 279 גרם,גרמים,279.00,100 גרם,false,,10.90,0.0391,true,1,94409
5410126726947,false,ממרח עוגיות לוטוס קר,,,ממרח עוגיות לוטוס קר,גרמים,380.00,100 גרם,false,,22.90,0.0603,true,1,64570
5410228144755,false,*מבצע* בירה סטלה ארט,קריות זול,,*מבצע* בירה סטלה ארט,מיליליטרים,1980.00,"100 מ""ל",false,,29.90,0.0151,true,1,37546
5410316994019,false,*מבצע* וודקה סמירנוף,,,*מבצע* וודקה סמירנוף,מיליליטרים,700.00,"100 מ""ל",false,,50.00,0.0714,true,1,61505
5413149655522,false,אריאל שושן צחור אבקת,,,אריאל שושן צחור אבקת,קילוגרמים,1.25,"ק""ג",false,,19.90,15.9200,true,1,46079
5601008200451,false,עוגיות טבעת גודיס מצ,,,עוגיות טבעת גודיס מצ,גרמים,150.00,100 גרם,false,,9.90,0.0660,true,1,55390
5604912415058,false,סרדינים בשמן חריף פו,,,סרדינים בשמן חריף פו,גרמים,125.00,100 גרם,false,,6.90,0.0552,true,1,95632
5701932026964,false,הוטפופ פופקורן בתוספ,קריות זול,,הוטפופ פופקורן בתוספ,גרמים,600.00,100 גרם,false,,16.90,0.0282,true,1,40581
5701932026971,false,הוטפופ פופקורן בטעם,קריות זול,,הוטפופ פופקורן בטעם,גרמים,600.00,100 גרם,false,,16.90,0.0282,true,1,40582
5701932026995,false,הוטפופ פופקורן לייט,קריות זול,,הוטפופ פופקורן לייט,גרמים,510.00,100 גרם,false,,16.90,0.0331,true,1,40583
5711953106583,false,גבינת שמנת טבעי ארלה,,,גבינת שמנת טבעי ארלה,גרמים,200.00,100 גרם,false,,15.90,0.0795,true,1,104805
5711953106590,false,גבינת שמנת שום ארלה,,,גבינת שמנת שום ארלה,גרמים,200.00,100 גרם,false,,15.90,0.0795,true,1,104806
5711953106606,false,גבינת שמנת עשבי תיבו,,,גבינת שמנת עשבי תיבו,גרמים,200.00,100 גרם,false,,15.90,0.0795,true,1,104807
5740900403215,false,לורפק ממרח עם מלח 25,,,לורפק ממרח עם מלח 25,גרמים,250.00,100 גרם,false,,17.90,0.0716,true,1,94670
5740900403239,false,לורפק ממרח ללא מלח 2,,,לורפק ממרח ללא מלח 2,גרמים,250.00,100 גרם,false,,17.90,0.0716,true,1,94674
5740900403253,false,לורפק ממרח עם מלח 50,,,לורפק ממרח עם מלח 50,גרמים,500.00,100 גרם,false,,28.90,0.0578,true,1,94673
5900020018908,false,פיטנס חטיף דגנים עוג,,,פיטנס חטיף דגנים עוג,גרמים,141.00,100 גרם,false,,16.90,0.1199,true,1,58504
5900020024817,false,פיטנס בר דליס שוקולד,,,פיטנס בר דליס שוקולד,גרמים,135.00,100 גרם,false,,16.90,0.1252,true,1,67917
5900020025807,false,דגני סיני מיניס נסטל,,,דגני סיני מיניס נסטל,גרמים,375.00,100 גרם,false,,12.90,0.0344,true,1,67913
5900020026552,false,דגני האני נאט צ'יריו,,,דגני האני נאט צ'יריו,גרמים,625.00,100 גרם,false,,26.90,0.0430,true,1,70376
5900020026859,false,דגני האני נאט צ'יריו,,,דגני האני נאט צ'יריו,גרמים,375.00,100 גרם,false,,12.90,0.0344,true,1,85068
5900020033314,false,חטיף דגנים ליון 6*25,,,חטיף דגנים ליון 6*25,גרמים,150.00,100 גרם,false,,16.90,0.1127,true,1,94441
5900020034021,false,פיטנס חטיף דגנים שוק,,,פיטנס חטיף דגנים שוק,גרמים,141.00,100 גרם,false,,16.90,0.1199,true,1,96321
5900020036407,false,ליון דגני בוקר שוקול,,,ליון דגני בוקר שוקול,גרמים,480.00,100 גרם,false,,26.90,0.0560,true,1,117330
5900352002866,false,חטיף אליבי 49 ג,,,חטיף אליבי 49 ג,יחידה,0.00,יחידה,false,,4.50,0.0000,true,1,68018
5902198160403,false,אקסל משקה אנרגיה טן,,,אקסל משקה אנרגיה טן,מיליליטרים,250.00,"100 מ""ל",false,,5.00,0.0200,true,1,89009
5904941750312,false,בלו דיי משקה אנרגיה,,,בלו דיי משקה אנרגיה,מיליליטרים,250.00,"100 מ""ל",false,,4.90,0.0196,true,1,64227
5904941751302,false,בלו משקה אנרגיה 250מ,,,בלו משקה אנרגיה 250מ,מיליליטרים,250.00,"100 מ""ל",false,,4.90,0.0196,true,1,31857
5904941751524,false,בלו דיי משקה אנרגיה,,,בלו דיי משקה אנרגיה,מיליליטרים,250.00,"100 מ""ל",false,,4.90,0.0196,true,1,64229
5906485301012,false,אקסל משקה אנרגיה 250,קריות זול,,אקסל משקה אנרגיה 250,מיליליטרים,250.00,"100 מ""ל",false,,5.00,0.0200,true,1,32384
5941021000639,false,שוקולד היידי גראנדור,,,שוקולד היידי גראנדור,גרמים,100.00,100 גרם,false,,10.90,0.1090,true,1,61204
5941021001247,false,שוקולד היידי גראנדור,,,שוקולד היידי גראנדור,גרמים,80.00,100 גרם,false,,10.90,0.1363,true,1,64901
5941021001254,false,שוקולד היידי גראנדור,,,שוקולד היידי גראנדור,גרמים,80.00,100 גרם,false,,10.90,0.1363,true,1,61183
5941021001261,false,שוקולד היידי גראנדור,,,שוקולד היידי גראנדור,גרמים,80.00,100 גרם,false,,10.90,0.1363,true,1,61184
5941021001674,false,שוקולד היידי גראנדור,,,שוקולד היידי גראנדור,גרמים,80.00,100 גרם,false,,10.90,0.1363,true,1,64902
5941021002190,false,שוקולד היידי שוקולד,,,שוקולד היידי שוקולד,גרמים,100.00,100 גרם,false,,10.90,0.1090,true,1,61758
5941021004309,false,שוקולד היידי גראנדור,,,שוקולד היידי גראנדור,גרמים,100.00,100 גרם,false,,10.90,0.1090,true,1,61185
5941021005122,false,שוקולד היידי גראנדור,,,שוקולד היידי גראנדור,גרמים,80.00,100 גרם,false,,10.90,0.1363,true,1,64903
5941021005139,false,שוקולד היידי שוקולד,,,שוקולד היידי שוקולד,גרמים,100.00,100 גרם,false,,10.90,0.1090,true,1,61186
5941021008208,false,שוקולד היידי גראנדור,,,שוקולד היידי גראנדור,גרמים,80.00,100 גרם,false,,10.90,0.1363,true,1,99606
5941021015596,false,טבלת היידי שוקולד מר,,,טבלת היידי שוקולד מר,גרמים,80.00,100 גרם,false,,10.90,0.1363,true,1,105068
5941021016401,false,טבלת היידי שוקולד גר,,,טבלת היידי שוקולד גר,גרמים,100.00,100 גרם,false,,10.90,0.1090,true,1,105069
5949152110821,false,איירוויק מבשם אוויר,,,איירוויק מבשם אוויר,מיליליטרים,237.00,"100 מ""ל",false,,14.90,0.0629,true,1,135066
5949152110838,false,איירוויק מבשם אוויר,,,איירוויק מבשם אוויר,מיליליטרים,237.00,"100 מ""ל",false,,14.90,0.0629,true,1,135067
5997321701806,false,קלגון אבקה 1קג,,,קלגון אבקה 1קג,גרמים,1000.00,100 גרם,false,,36.90,0.0369,true,1,89945
6001067017523,false,קולגייט מברשת שיניים,,,קולגייט מברשת שיניים,יחידה,0.00,יחידה,false,,10.90,0.0000,true,1,63519
6001067024446,false,קולגייט מברשת שיניים,,,קולגייט מברשת שיניים,יחידה,0.00,יחידה,false,,10.00,0.0000,true,1,46690
6111094000198,false,קוסקוס דארי דק 350 ג,,,קוסקוס דארי דק 350 ג,יחידה,0.00,יחידה,false,,7.90,0.0000,true,1,118425
6111094000228,false,קוסקוס תומר דק 1 קג,קריות זול,,קוסקוס תומר דק 1 קג,גרמים,1000.00,100 גרם,false,,17.90,0.0179,true,1,54618
6111094000259,false,קוסקוס דארי בינוני ת,,,קוסקוס דארי בינוני ת,גרמים,500.00,100 גרם,false,,8.90,0.0178,true,1,135537
6112017102432,false,מגב רצפה,,,מגב רצפה,יחידה,0.00,יחידה,false,,11.90,0.0000,true,1,96562
6118000240501,false,סרדין מרוקאי בשמן סו,,,סרדין מרוקאי בשמן סו,גרמים,125.00,100 גרם,false,,6.90,0.0552,true,1,96660
6910191800287,false,דפי סושי אצות נורי ב,,,דפי סושי אצות נורי ב,יח',10.00,יח',false,,12.90,1.2900,true,1,58610
6912977000140,false,אטריות שעועית 250גר,,,אטריות שעועית 250גר,גרמים,250.00,100 גרם,false,,9.90,0.0396,true,1,70150
6921052701001,false,אצות ים וואקמה 40גר,,,אצות ים וואקמה 40גר,גרמים,40.00,100 גרם,false,,11.90,0.2975,true,1,94684
6935487561246,false,מסכות חד פעמי 50 יח,,,מסכות חד פעמי 50 יח,יח',50.00,יח',false,,9.90,0.1980,true,1,129987
6935673035612,false,כפפות אלוורה שאיני S,,,כפפות אלוורה שאיני S,יחידה,0.00,יחידה,false,,7.90,0.0000,true,1,43168
6935673035636,false,כפפות אלוורה שאיני L,,,כפפות אלוורה שאיני L,יחידה,0.00,יחידה,false,,7.90,0.0000,true,1,43170
6936745600783,false,חומץ אורז דאניינג 50,,,חומץ אורז דאניינג 50,מיליליטרים,500.00,"100 מ""ל",false,,15.90,0.0318,true,1,58569
7290000000070,false,סופגניה,,,סופגניה,יחידה,0.00,יחידה,false,,3.90,0.0000,true,1,135706
7290000000095,false,ביסלי/מיקס ביסלי אסם,,,ביסלי/מיקס ביסלי אסם,יחידה,0.00,יחידה,false,,13.90,0.0000,true,1,135734
7290000000818,false,גלידה מצופים 6יח ריא,,,גלידה מצופים 6יח ריא,יחידה,0.00,יחידה,false,,14.90,0.0000,true,1,117022
7290000001236,false,אנטרטיק/קצץ אקונומיק,,,אנטרטיק/קצץ אקונומיק,יחידה,0.00,יחידה,false,,22.90,0.0000,true,1,135741
7290000001338,false,תה דאלאי 25שקיקים+וו,,,תה דאלאי 25שקיקים+וו,יחידה,0.00,יחידה,false,,15.90,0.0000,true,1,135740
7290000001593,false,4יח צ'וקטה ממרח אגוז,,,4יח צ'וקטה ממרח אגוז,יחידה,0.00,יחידה,false,,14.90,0.0000,true,1,135742
7290000001621,false,לאבנה עם שמן זית 250,,,לאבנה עם שמן זית 250,יחידה,0.00,יחידה,false,,15.90,0.0000,true,1,135744
7290000018485,false,דונאטס מצופה,,,דונאטס מצופה,יחידה,0.00,יחידה,false,,5.90,0.0000,true,1,118930
7290000023083,false,ערק אשקלון 700 מל,,,ערק אשקלון 700 מל,מיליליטרים,700.00,"100 מ""ל",false,,49.90,0.0713,true,1,64198
7290000023823,false,יין קלאסיק סוביניון,,,יין קלאסיק סוביניון,מיליליטרים,750.00,"100 מ""ל",false,,39.90,0.0532,true,1,32399
7290000023977,false,יין קלאסיק מרלו 750מ,,,יין קלאסיק מרלו 750מ,מיליליטרים,750.00,"100 מ""ל",false,,39.90,0.0532,true,1,46538
7290000024523,false,מיץ ענבים של סגל 1 ל,,,מיץ ענבים של סגל 1 ל,מיליליטרים,1000.00,"100 מ""ל",false,,13.90,0.0139,true,1,63644
7290000024530,false,יין אדום מתוק קידוש,,,יין אדום מתוק קידוש,מיליליטרים,750.00,"100 מ""ל",false,,16.90,0.0225,true,1,97113
7290000024905,false,וודקה קגלביץ קלאסיקה,,,וודקה קגלביץ קלאסיקה,מיליליטרים,700.00,"100 מ""ל",false,,59.90,0.0856,true,1,32402
7290000030012,false,כבד הודו לצליה טרי,,,כבד הודו לצליה טרי,קילוגרמים,1.00,"ק""ג",true,,19.90,19.9000,true,1,104584
7290000034256,false,ביסקויט תירוש 175גרם,קריות זול,,ביסקויט תירוש 175גרם,גרמים,175.00,100 גרם,false,,7.90,0.0451,true,1,45247
7290000037066,false,פרגית טרי,,,פרגית טרי,קילוגרמים,1.00,"ק""ג",true,,64.90,64.9000,true,1,37387
7290000040042,false,יופלה תות שובב 3% 15,קריות זול,,יופלה תות שובב 3% 15,גרמים,150.00,100 גרם,false,,4.90,0.0327,true,1,39206
7290000040066,false,יופלה דובדבן פראי 3%,קריות זול,,יופלה דובדבן פראי 3%,גרמים,150.00,100 גרם,false,,4.90,0.0327,true,1,39208
7290000040080,false,יופלה אפרסק מאוהב 3%,קריות זול,,יופלה אפרסק מאוהב 3%,גרמים,150.00,100 גרם,false,,4.90,0.0327,true,1,39209
7290000040301,false,גבינה קממבר עין גדי,קריות זול,,גבינה קממבר עין גדי,גרמים,125.00,100 גרם,false,,19.90,0.1592,true,1,39211
7290000040462,false,עמק גבינה טוסטי טעם,קריות זול,,עמק גבינה טוסטי טעם,גרמים,200.00,100 גרם,false,,18.90,0.0945,true,1,39214
7290000040974,false,חלב קרטון דל לקטוז ת,,,חלב קרטון דל לקטוז ת,מיליליטרים,1000.00,"100 מ""ל",false,,7.50,0.0075,true,1,46614
7290000041445,false,קוטג 5% מהדרין 250גר,קריות זול,,קוטג 5% מהדרין 250גר,גרמים,250.00,100 גרם,false,,5.90,0.0236,true,1,39215
7290000041452,false,"קוטג 9% בד""צ 250גר ת",קריות זול,,"קוטג 9% בד""צ 250גר ת",גרמים,250.00,100 גרם,false,,5.90,0.0236,true,1,39216
7290000042008,false,חלב בשקית תנובה 3% 1,קריות זול,,חלב בשקית תנובה 3% 1,מיליליטרים,1000.00,"100 מ""ל",false,,5.43,0.0054,true,1,39217
7290000042015,false,חלב בשקית בדץ תנובה,קריות זול,,חלב בשקית בדץ תנובה,מיליליטרים,1000.00,"100 מ""ל",false,,5.43,0.0054,true,1,39218
7290000042435,false,חלב בקרטון תנובה 1%,קריות זול,,חלב בקרטון תנובה 1%,מיליליטרים,1000.00,"100 מ""ל",false,,5.86,0.0059,true,1,39224
7290000042855,false,שוקו שקית 250,קריות זול,,שוקו שקית 250,מיליליטרים,250.00,"100 מ""ל",false,,3.00,0.0120,true,1,41938
7290000043012,false,שוקו עמיד תנובה בקרט,קריות זול,,שוקו עמיד תנובה בקרט,מיליליטרים,250.00,"100 מ""ל",false,,4.90,0.0196,true,1,39235
7290000043814,false,שמנת להקצפה 38% 250מ,קריות זול,,שמנת להקצפה 38% 250מ,מיליליטרים,250.00,"100 מ""ל",false,,6.47,0.0259,true,1,39238
7290000043890,false,רויון תנובה 1.5% 1לי,קריות זול,,רויון תנובה 1.5% 1לי,מיליליטרים,1000.00,"100 מ""ל",false,,11.50,0.0115,true,1,39240
7290000044712,false,פרילי תות 1.5% 500מל,קריות זול,,פרילי תות 1.5% 500מל,מיליליטרים,500.00,"100 מ""ל",false,,10.90,0.0218,true,1,39246
7290000044880,false,באדי תות 3% 500מל,קריות זול,,באדי תות 3% 500מל,מיליליטרים,500.00,"100 מ""ל",false,,9.30,0.0186,true,1,39247
7290000045573,false,נעמה גבינת מותכת 200,קריות זול,,נעמה גבינת מותכת 200,גרמים,200.00,100 גרם,false,,14.90,0.0745,true,1,39248
7290000045580,false,נעמה גבינת מותכת 240,קריות זול,,נעמה גבינת מותכת 240,גרמים,240.00,100 גרם,false,,17.70,0.0737,true,1,39249
7290000045917,false,גבינה פרומעז 23% קול,קריות זול,,גבינה פרומעז 23% קול,גרמים,200.00,100 גרם,false,,26.30,0.1315,true,1,39251
7290000047546,false,גבינה לבנה ללא תוספת,קריות זול,,גבינה לבנה ללא תוספת,גרמים,500.00,100 גרם,false,,24.90,0.0498,true,1,39257
7290000047621,false,גבינה לבנה 5% מהדרין,קריות זול,,גבינה לבנה 5% מהדרין,גרמים,250.00,100 גרם,false,,4.98,0.0199,true,1,39259
7290000047942,false,גבינה לבנה 9% מהדרין,קריות זול,,גבינה לבנה 9% מהדרין,גרמים,250.00,100 גרם,false,,4.90,0.0196,true,1,39261
7290000048185,false,גבינה לבנה 250גר 5%,קריות זול,,גבינה לבנה 250גר 5%,גרמים,250.00,100 גרם,false,,4.98,0.0199,true,1,39262
7290000048192,false,גבינה לבנה רכה 9% 25,קריות זול,,גבינה לבנה רכה 9% 25,גרמים,250.00,100 גרם,false,,4.90,0.0196,true,1,39263
7290000048413,false,גבינת חמד פיראוס 16%,קריות זול,,גבינת חמד פיראוס 16%,גרמים,250.00,100 גרם,false,,18.30,0.0732,true,1,39265
7290000048437,false,צפתית 5% 200גר פיראו,קריות זול,,צפתית 5% 200גר פיראו,גרמים,200.00,100 גרם,false,,15.20,0.0760,true,1,39266
7290000050447,false,יופלה YYY תות 3% 500,,,יופלה YYY תות 3% 500,מיליליטרים,500.00,"100 מ""ל",false,,13.40,0.0268,true,1,39275
7290000050454,false,יופלה YYY אפרסק 3% 5,,,יופלה YYY אפרסק 3% 5,מיליליטרים,500.00,"100 מ""ל",false,,13.40,0.0268,true,1,39276
7290000051307,false,הפסקת אוכל עוגי +חלב,,,הפסקת אוכל עוגי +חלב,מיליליטרים,150.00,"100 מ""ל",false,,9.50,0.0633,true,1,39295
7290000051352,false,חלב של פעם בקרטון 3.,,,חלב של פעם בקרטון 3.,מיליליטרים,1000.00,"100 מ""ל",false,,7.60,0.0076,true,1,39296
7290000051376,false,יופלה דיאט אננס ספור,,,יופלה דיאט אננס ספור,גרמים,150.00,100 גרם,false,,4.90,0.0327,true,1,39297
7290000051710,false,לאבנה עם שמן זית וזע,,,לאבנה עם שמן זית וזע,גרמים,263.00,100 גרם,false,,14.50,0.0551,true,1,39303
7290000052311,false,עמק גבינה צהובה מהדר,,,עמק גבינה צהובה מהדר,גרמים,200.00,100 גרם,false,,16.50,0.0825,true,1,39321
7290000052946,false,יופלה לבן מאגדת שמינ,,,יופלה לבן מאגדת שמינ,גרמים,1200.00,100 גרם,false,,20.90,0.0174,true,1,97972
7290000055206,false,גבינה לבנה בטעם בצל,,,גבינה לבנה בטעם בצל,גרמים,250.00,100 גרם,false,,5.90,0.0236,true,1,53665
7290000055329,false,יופלה משקה יוגורט תו,,,יופלה משקה יוגורט תו,מיליליטרים,250.00,"100 מ""ל",false,,5.50,0.0220,true,1,53485
7290000055336,false,יופלה משקה יוגורט בנ,,,יופלה משקה יוגורט בנ,מיליליטרים,250.00,"100 מ""ל",false,,5.50,0.0220,true,1,53486
7290000055893,false,חמאה תנובה 200 גר מה,,,חמאה תנובה 200 גר מה,גרמים,200.00,100 גרם,false,,7.88,0.0394,true,1,54798
7290000056272,false,גבינה לבנה עם זיתים,,,גבינה לבנה עם זיתים,גרמים,250.00,100 גרם,false,,5.90,0.0236,true,1,53675
7290000056845,false,חלב בקרטון תנובה 3%,,,חלב בקרטון תנובה 3%,מיליליטרים,1500.00,"100 מ""ל",false,,9.35,0.0062,true,1,56553
7290000056890,false,יופלה מאגדת דיאט טעמ,,,יופלה מאגדת דיאט טעמ,יחידה,0.00,יחידה,false,,29.90,0.0000,true,1,55267
7290000056906,false,יופלה לבן מאגדת שמינ,,,יופלה לבן מאגדת שמינ,גרמים,1200.00,100 גרם,false,,17.90,0.0149,true,1,55268
7290000056951,false,שמנת לבישול 15% פקק,,,שמנת לבישול 15% פקק,מיליליטרים,500.00,"100 מ""ל",false,,17.30,0.0346,true,1,56882
7290000057088,false,עמק גבינה צהובה דק ד,,,עמק גבינה צהובה דק ד,גרמים,200.00,100 גרם,false,,16.50,0.0825,true,1,56554
7290000057118,false,*מבצע* המעדניה של עמ,,,*מבצע* המעדניה של עמ,גרמים,400.00,100 גרם,false,,19.90,0.0497,true,1,56238
7290000057132,false,יוגורט טבעי 1.5%תנוב,,,יוגורט טבעי 1.5%תנוב,מיליליטרים,200.00,"100 מ""ל",false,,3.20,0.0160,true,1,56239
7290000057149,false,יוגורט טבעי 3% תנובה,,,יוגורט טבעי 3% תנובה,מיליליטרים,200.00,"100 מ""ל",false,,3.20,0.0160,true,1,56240
7290000057552,false,יופלה דיאט עוגת גבינ,,,יופלה דיאט עוגת גבינ,גרמים,150.00,100 גרם,false,,4.90,0.0327,true,1,58694
7290000058030,false,יופלה שטוזים משקה יו,,,יופלה שטוזים משקה יו,גרמים,800.00,100 גרם,false,,20.90,0.0261,true,1,57671
7290000058047,false,שמנת להקצפה מהדרין 3,,,שמנת להקצפה מהדרין 3,מיליליטרים,500.00,"100 מ""ל",false,,12.94,0.0259,true,1,97978
7290000058979,false,גיל בטעם תות 125גרם,,,גיל בטעם תות 125גרם,גרמים,125.00,100 גרם,false,,1.40,0.0112,true,1,97979
7290000060088,false,בייגלה מקלות מלוחים,קריות זול,,בייגלה מקלות מלוחים,גרמים,300.00,100 גרם,false,,11.90,0.0397,true,1,33804
7290000060156,false,אטריות ביצים דקות אס,קריות זול,,אטריות ביצים דקות אס,גרמים,200.00,100 גרם,false,,6.90,0.0345,true,1,33806
7290000060200,false,פתיתים אפויים קוסקוס,קריות זול,,פתיתים אפויים קוסקוס,גרמים,500.00,100 גרם,false,,7.90,0.0158,true,1,33808
7290000060330,false,פסטה פרפקטו ספיראלי,קריות זול,,פסטה פרפקטו ספיראלי,גרמים,500.00,100 גרם,false,,7.90,0.0158,true,1,33815
7290000060408,false,פתיתים אפויים טבעות,קריות זול,,פתיתים אפויים טבעות,גרמים,500.00,100 גרם,false,,7.90,0.0158,true,1,33819
7290000060415,false,לזניה פרפקטו 500גר,קריות זול,,לזניה פרפקטו 500גר,גרמים,500.00,100 גרם,false,,15.90,0.0318,true,1,33820
7290000060781,false,פסטה מסולסלים אסם 50,קריות זול,,פסטה מסולסלים אסם 50,גרמים,500.00,100 גרם,false,,6.50,0.0130,true,1,33831
7290000060842,false,פסטה צדפים גדולים אס,קריות זול,,פסטה צדפים גדולים אס,גרמים,500.00,100 גרם,false,,6.50,0.0130,true,1,33833
7290000060880,false,פסטה ספגטי אסם 500גר,קריות זול,,פסטה ספגטי אסם 500גר,גרמים,500.00,100 גרם,false,,6.50,0.0130,true,1,33835
7290000060903,false,פתיתים אפויים אורז א,קריות זול,,פתיתים אפויים אורז א,גרמים,500.00,100 גרם,false,,7.90,0.0158,true,1,33836
7290000060958,false,אטריות בינוניות אסם,קריות זול,,אטריות בינוניות אסם,גרמים,400.00,100 גרם,false,,6.90,0.0173,true,1,33838
7290000060965,false,אטריות רחבות אסם 400,קריות זול,,אטריות רחבות אסם 400,גרמים,400.00,100 גרם,false,,6.90,0.0173,true,1,33839
7290000061061,false,קרקר בצל אסם 250גר,קריות זול,,קרקר בצל אסם 250גר,גרמים,250.00,100 גרם,false,,11.90,0.0476,true,1,33841
7290000061108,false,רוטב טריאקי אסם 290מ,קריות זול,,רוטב טריאקי אסם 290מ,מיליליטרים,290.00,"100 מ""ל",false,,12.50,0.0431,true,1,33843
7290000061214,false,פתיתים אפויים קוסקוס,,,פתיתים אפויים קוסקוס,גרמים,500.00,100 גרם,false,,7.90,0.0158,true,1,33845
7290000061764,false,רד מאג נסקפה 200גר,קריות זול,,רד מאג נסקפה 200גר,גרמים,200.00,100 גרם,false,,24.90,0.1245,true,1,33849
7290000062952,false,מיני קרוטונים למרק ו,,,מיני קרוטונים למרק ו,גרמים,250.00,100 גרם,false,,16.90,0.0676,true,1,33858
7290000063102,false,קמח תופח אסם 350גר,קריות זול,,קמח תופח אסם 350גר,גרמים,350.00,100 גרם,false,,4.90,0.0140,true,1,33861
7290000063140,false,שקדי מרק רכיבים טבעי,קריות זול,,שקדי מרק רכיבים טבעי,גרמים,400.00,100 גרם,false,,13.90,0.0348,true,1,33863
7290000063157,false,קמח תופח מאליו אסם 1,קריות זול,,קמח תופח מאליו אסם 1,גרמים,1000.00,100 גרם,false,,9.90,0.0099,true,1,33864
7290000064758,false,קוסקוס בינוני אסם 35,קריות זול,,קוסקוס בינוני אסם 35,גרמים,350.00,100 גרם,false,,7.90,0.0226,true,1,33884
7290000064871,false,מנה חמה אסם פירה תפו,קריות זול,,מנה חמה אסם פירה תפו,גרמים,56.00,100 גרם,false,,6.90,0.1232,true,1,33886
7290000065090,false,מיני קורטונים למרק ו,קריות זול,,מיני קורטונים למרק ו,גרמים,400.00,100 גרם,false,,26.90,0.0672,true,1,33887
7290000065335,false,מנה חמה אסם פירה עם,קריות זול,,מנה חמה אסם פירה עם,גרמים,55.00,100 גרם,false,,6.90,0.1255,true,1,33890
7290000065557,false,מנה חמה אסם קוסקוס ע,קריות זול,,מנה חמה אסם קוסקוס ע,גרמים,84.00,100 גרם,false,,6.90,0.0821,true,1,33892
7290000066141,false,ביסלי בטעם גריל אסם,קריות זול,,ביסלי בטעם גריל אסם,גרמים,70.00,100 גרם,false,,4.90,0.0700,true,1,33901
7290000066301,false,במבה קטן רגיל אסם,קריות זול,,במבה קטן רגיל אסם,גרמים,25.00,100 גרם,false,,2.50,0.1000,true,1,33912
7290000066318,false,במבה אסם 80 גרם,קריות זול,,במבה אסם 80 גרם,גרמים,80.00,100 גרם,false,,4.90,0.0613,true,1,33913
7290000066332,false,אפרופו אסם 50גר,קריות זול,,אפרופו אסם 50גר,גרמים,50.00,100 גרם,false,,5.30,0.1060,true,1,33914
7290000066349,false,אפרופו אסם 100/200 ג,קריות זול,,אפרופו אסם 100/200 ג,גרמים,100.00,100 גרם,false,,8.90,0.0890,true,1,33915
7290000066431,false,פופקו חטיף אסם 80גר,קריות זול,,פופקו חטיף אסם 80גר,גרמים,80.00,100 גרם,false,,5.50,0.0688,true,1,33917
7290000067407,false,פירורית מתובל שקית א,קריות זול,,פירורית מתובל שקית א,גרמים,200.00,100 גרם,false,,6.50,0.0325,true,1,33927
7290000068138,false,פודינג וניל אסם 80גר,קריות זול,,פודינג וניל אסם 80גר,גרמים,80.00,100 גרם,false,,5.90,0.0738,true,1,33938
7290000068190,false,ג'לי תות אסם 85 גר,קריות זול,,ג'לי תות אסם 85 גר,גרמים,85.00,100 גרם,false,,6.90,0.0812,true,1,33942
7290000068237,false,ג'לי פטל אסם 85 גר,קריות זול,,ג'לי פטל אסם 85 גר,גרמים,85.00,100 גרם,false,,6.90,0.0812,true,1,33944
7290000068787,false,במבה אסם 25גר,קריות זול,,במבה אסם 25גר,גרמים,25.00,100 גרם,false,,2.50,0.1000,true,1,33959
7290000069715,false,חטיפי קרקר מלוח 300ג,,,חטיפי קרקר מלוח 300ג,גרמים,300.00,100 גרם,false,,12.50,0.0417,true,1,33979
7290000070308,false,מרק עוף אמיתי אסם 40,קריות זול,,מרק עוף אמיתי אסם 40,גרמים,400.00,100 גרם,false,,17.90,0.0447,true,1,33985
7290000070919,false,בייגלה רשתות מלח אסם,,,בייגלה רשתות מלח אסם,גרמים,400.00,100 גרם,false,,13.90,0.0348,true,1,53578
7290000071008,false,בייגלה שטוחים מלח אס,,,בייגלה שטוחים מלח אס,גרמים,60.00,100 גרם,false,,3.50,0.0583,true,1,46361
7290000072067,false,במבה במילוי קרם חלבה,,,במבה במילוי קרם חלבה,גרמים,60.00,100 גרם,false,,4.90,0.0817,true,1,33998
7290000072241,false,רוטב פיצה-בקבוק 290מ,קריות זול,,רוטב פיצה-בקבוק 290מ,מיליליטרים,290.00,"100 מ""ל",false,,12.50,0.0431,true,1,34002
7290000072623,false,קטשופ אסם 750גר,קריות זול,,קטשופ אסם 750גר,גרמים,750.00,100 גרם,false,,9.90,0.0132,true,1,34005
7290000072753,false,טסטרס צויס 200 גרם,,,טסטרס צויס 200 גרם,גרמים,200.00,100 גרם,false,,29.90,0.1495,true,1,34009
7290000072777,false,טסטרס צויס נטול קפאי,קריות זול,,טסטרס צויס נטול קפאי,גרמים,200.00,100 גרם,false,,39.90,0.1995,true,1,34010
7290000072968,false,דגני סיני מיניס נסטל,קריות זול,,דגני סיני מיניס נסטל,גרמים,500.00,100 גרם,false,,26.90,0.0538,true,1,34015
7290000073415,false,מנה חמה אסם פסטה ברו,קריות זול,,מנה חמה אסם פסטה ברו,גרמים,61.00,100 גרם,false,,6.90,0.1131,true,1,34019
7290000073750,false,מנה חמה אסם נודלס טע,קריות זול,,מנה חמה אסם נודלס טע,גרמים,70.00,100 גרם,false,,6.90,0.0986,true,1,34020
7290000073774,false,מנה חמה אסם נודלס טע,קריות זול,,מנה חמה אסם נודלס טע,גרמים,70.00,100 גרם,false,,6.90,0.0986,true,1,34022
7290000074153,false,פתי בר שוקו אסם 500ג,קריות זול,,פתי בר שוקו אסם 500ג,גרמים,500.00,100 גרם,false,,14.90,0.0298,true,1,34027
7290000074184,false,פתי בר וניל אסם 500ג,קריות זול,,פתי בר וניל אסם 500ג,גרמים,500.00,100 גרם,false,,11.90,0.0238,true,1,34029
7290000074245,false,קרם קרקר אסם 250גר,קריות זול,,קרם קרקר אסם 250גר,גרמים,250.00,100 גרם,false,,8.90,0.0356,true,1,34030
7290000074276,false,קרקר פיקנטי טבעון אס,קריות זול,,קרקר פיקנטי טבעון אס,גרמים,250.00,100 גרם,false,,11.90,0.0476,true,1,34032
7290000074696,false,קרם קרקר אסם 1קג,קריות זול,,קרם קרקר אסם 1קג,גרמים,1000.00,100 גרם,false,,29.90,0.0299,true,1,34039
7290000075204,false,לחמית חיטה מלאה אסם,קריות זול,,לחמית חיטה מלאה אסם,גרמים,250.00,100 גרם,false,,9.90,0.0396,true,1,34052
7290000075693,false,עוגת הבית שמרים בריו,,,עוגת הבית שמרים בריו,גרמים,360.00,100 גרם,false,,18.50,0.0514,true,1,34058
7290000077017,false,קרמוגית במילוי שוקול,קריות זול,,קרמוגית במילוי שוקול,גרמים,200.00,100 גרם,false,,12.70,0.0635,true,1,34073
7290000078212,false,קרוטונים מתובלים אסם,קריות זול,,קרוטונים מתובלים אסם,גרמים,250.00,100 גרם,false,,16.90,0.0676,true,1,34083
7290000078762,false,חטיפי פריכונים מאורז,קריות זול,,חטיפי פריכונים מאורז,גרמים,80.00,100 גרם,false,,8.90,0.1113,true,1,34087
7290000079233,false,קרם דל נתרן אסם 250ג,קריות זול,,קרם דל נתרן אסם 250ג,גרמים,250.00,100 גרם,false,,11.90,0.0476,true,1,34090
7290000080406,false,אסאדו עע,,,אסאדו עע,קילוגרמים,1.00,"ק""ג",true,,69.90,69.9000,true,1,45221
7290000080420,false,צלי כתף עגל,,,צלי כתף עגל,קילוגרמים,1.00,"ק""ג",true,,89.90,89.9000,true,1,43688
7290000080840,false,שיפודי פרגיות/קוביות,,,שיפודי פרגיות/קוביות,קילוגרמים,1.00,"ק""ג",true,,69.90,69.9000,true,1,91397
7290000081663,false,בייגלה טבעות שומשום,קריות זול,,בייגלה טבעות שומשום,גרמים,300.00,100 גרם,false,,11.90,0.0397,true,1,34104
7290000100128,false,תות שדה מוקפא 300גר,,,תות שדה מוקפא 300גר,גרמים,300.00,100 גרם,false,,15.90,0.0530,true,1,93953
7290000100135,false,דובדבן מתוק קפוא 300,,,דובדבן מתוק קפוא 300,גרמים,300.00,100 גרם,false,,15.90,0.0530,true,1,93962
7290000101132,false,לקט קטניות לחמין סנפ,,,לקט קטניות לחמין סנפ,גרמים,800.00,100 גרם,false,,21.90,0.0274,true,1,85446
7290000101927,false,אוכמניות כחולות מוקפ,,,אוכמניות כחולות מוקפ,גרמים,300.00,100 גרם,false,,15.90,0.0530,true,1,93954
7290000101941,false,אננס חתוך מוקפא 300ג,,,אננס חתוך מוקפא 300ג,גרמים,300.00,100 גרם,false,,15.90,0.0530,true,1,93958
7290000101958,false,מנגו חתוך מוקפא 300ג,,,מנגו חתוך מוקפא 300ג,גרמים,300.00,100 גרם,false,,15.90,0.0530,true,1,93956
7290000103365,false,מרק ירקות קפוא סנפרו,,,מרק ירקות קפוא סנפרו,גרמים,550.00,100 גרם,false,,17.90,0.0325,true,1,58594
7290000103433,false,לקט ירקות לתנור סנפר,,,לקט ירקות לתנור סנפר,גרמים,800.00,100 גרם,false,,23.90,0.0299,true,1,85140
7290000103730,false,לקט להקפצה עם פסטה פ,,,לקט להקפצה עם פסטה פ,גרמים,800.00,100 גרם,false,,23.90,0.0299,true,1,39003
7290000103815,false,לקט להקפצה תאילנדי ס,,,לקט להקפצה תאילנדי ס,גרמים,800.00,100 גרם,false,,23.90,0.0299,true,1,54588
7290000103822,false,לקט לעוף סנפרוסט 800,,,לקט לעוף סנפרוסט 800,גרמים,800.00,100 גרם,false,,23.90,0.0299,true,1,54936
7290000103839,false,מרק כתום קפוא סנפרוס,,,מרק כתום קפוא סנפרוס,גרמים,570.00,100 גרם,false,,17.90,0.0314,true,1,54946
7290000103846,false,מרק אפונה קפוא סנפרו,,,מרק אפונה קפוא סנפרו,גרמים,570.00,100 גרם,false,,17.90,0.0314,true,1,54947
7290000103860,false,מרק עדשים קפוא סנפרו,,,מרק עדשים קפוא סנפרו,גרמים,570.00,100 גרם,false,,17.90,0.0314,true,1,54944
7290000103877,false,מרק שעועית קפוא סנפר,,,מרק שעועית קפוא סנפר,גרמים,640.00,100 גרם,false,,17.90,0.0280,true,1,54945
7290000104072,false,עדשים ירוקות מבושלות,,,עדשים ירוקות מבושלות,גרמים,800.00,100 גרם,false,,21.90,0.0274,true,1,53748
7290000104188,false,שעועית אדומה מבושלת,,,שעועית אדומה מבושלת,גרמים,800.00,100 גרם,false,,19.90,0.0249,true,1,39006
7290000104201,false,אפונה עדינה סנפרוסט,קריות זול,,אפונה עדינה סנפרוסט,גרמים,600.00,100 גרם,false,,19.90,0.0332,true,1,39007
7290000104218,false,במיה סנפרוסט 600גר,קריות זול,,במיה סנפרוסט 600גר,גרמים,600.00,100 גרם,false,,16.90,0.0282,true,1,39008
7290000104676,false,אפונה גינה סנפרוסט 8,קריות זול,,אפונה גינה סנפרוסט 8,גרמים,800.00,100 גרם,false,,16.90,0.0211,true,1,39011
7290000104683,false,שעועית שלמה ירוקה סנ,קריות זול,,שעועית שלמה ירוקה סנ,גרמים,800.00,100 גרם,false,,19.90,0.0249,true,1,39012
7290000104706,false,גזר גמדי סנפרוסט 800,קריות זול,,גזר גמדי סנפרוסט 800,גרמים,800.00,100 גרם,false,,17.90,0.0224,true,1,39014
7290000104713,false,פול ירוק סנפרוסט 800,קריות זול,,פול ירוק סנפרוסט 800,גרמים,800.00,100 גרם,false,,26.90,0.0336,true,1,39015
7290000104720,false,שעועית ירוקה חתוכה ס,קריות זול,,שעועית ירוקה חתוכה ס,גרמים,800.00,100 גרם,false,,18.90,0.0236,true,1,39016
7290000104744,false,כרובית סנפרוסט 800גר,קריות זול,,כרובית סנפרוסט 800גר,גרמים,800.00,100 גרם,false,,25.90,0.0324,true,1,39018
7290000104768,false,תרד עלים סנפרוסט 800,קריות זול,,תרד עלים סנפרוסט 800,גרמים,800.00,100 גרם,false,,26.90,0.0336,true,1,39020
7290000104799,false,שעועית לבנה מבושלת ס,קריות זול,,שעועית לבנה מבושלת ס,גרמים,800.00,100 גרם,false,,19.90,0.0249,true,1,39022
7290000104805,false,גרגירי חומוס קפוא סנ,קריות זול,,גרגירי חומוס קפוא סנ,גרמים,800.00,100 גרם,false,,19.90,0.0249,true,1,39023
7290000104836,false,שעועית עדינה שלמה סנ,קריות זול,,שעועית עדינה שלמה סנ,גרמים,600.00,100 גרם,false,,23.90,0.0398,true,1,39025
7290000104874,false,לקט לקוסקוס סנפרוסט,קריות זול,,לקט לקוסקוס סנפרוסט,גרמים,800.00,100 גרם,false,,23.90,0.0299,true,1,39027
7290000104881,false,אפונה וגזר סנפרוסט 8,קריות זול,,אפונה וגזר סנפרוסט 8,גרמים,800.00,100 גרם,false,,17.90,0.0224,true,1,39028
7290000104911,false,לקט נורמנדי סנפרוסט,קריות זול,,לקט נורמנדי סנפרוסט,גרמים,800.00,100 גרם,false,,23.90,0.0299,true,1,39031
7290000106526,false,חגיגה ירוקה להקפצה ס,,,חגיגה ירוקה להקפצה ס,גרמים,800.00,100 גרם,false,,23.90,0.0299,true,1,101597
7290000107165,false,פולי סויה קפוא סנפרו,קריות זול,,פולי סויה קפוא סנפרו,גרמים,400.00,100 גרם,false,,14.90,0.0373,true,1,39035
7290000107189,false,תחתיות ארטישוק 400גר,קריות זול,,תחתיות ארטישוק 400גר,גרמים,400.00,100 גרם,false,,23.90,0.0597,true,1,39036
7290000107295,false,תפרחות ברוקולי סנפרו,קריות זול,,תפרחות ברוקולי סנפרו,גרמים,800.00,100 גרם,false,,25.90,0.0324,true,1,39038
7290000111063,false,מיונז תלמה 250 גר,קריות זול,,מיונז תלמה 250 גר,גרמים,250.00,100 גרם,false,,6.90,0.0276,true,1,36471
7290000111117,false,בדין לבן מרכך כביסה,קריות זול,,בדין לבן מרכך כביסה,ליטרים,4.00,ליטר,false,,19.90,4.9750,true,1,36472
7290000111186,false,מיונז תלמה 500גר,קריות זול,,מיונז תלמה 500גר,גרמים,500.00,100 גרם,false,,9.90,0.0198,true,1,36474
7290000111353,false,"מיונז תלמה 1ק""ג",קריות זול,,"מיונז תלמה 1ק""ג",גרמים,1000.00,100 גרם,false,,16.90,0.0169,true,1,36476
7290000111360,false,חרדל אמיתי תלמה 250,קריות זול,,חרדל אמיתי תלמה 250,גרמים,250.00,100 גרם,false,,7.90,0.0316,true,1,36477
7290000111384,false,חרדל צנצנת תלמה 550ג,קריות זול,,חרדל צנצנת תלמה 550ג,גרמים,550.00,100 גרם,false,,10.90,0.0198,true,1,36478
7290000112220,false,טחינה 100% שומשום בא,קריות זול,,טחינה 100% שומשום בא,גרמים,500.00,100 גרם,false,,15.90,0.0318,true,1,40033
7290000112497,false,מרק עשיר עוף ואיטריו,קריות זול,,מרק עשיר עוף ואיטריו,גרמים,68.00,100 גרם,false,,10.90,0.1603,true,1,36483
7290000112619,false,מרק עוף אמיתי קנור 4,קריות זול,,מרק עוף אמיתי קנור 4,גרמים,400.00,100 גרם,false,,19.90,0.0497,true,1,36486
7290000116884,false,רוטב ברביקיו קנור 30,קריות זול,,רוטב ברביקיו קנור 30,מיליליטרים,300.00,"100 מ""ל",false,,14.90,0.0497,true,1,36525
7290000117171,false,נמס בכוס קנור 10*10,קריות זול,,נמס בכוס קנור 10*10,גרמים,46.00,100 גרם,false,,7.80,0.1696,true,1,36530
7290000118277,false,קניידלך קנור 2*65 גר,קריות זול,,קניידלך קנור 2*65 גר,גרמים,130.00,100 גרם,false,,10.90,0.0838,true,1,36541
7290000120874,false,מיונז הלמנס לייט 424,קריות זול,,מיונז הלמנס לייט 424,גרמים,424.00,100 גרם,false,,13.90,0.0328,true,1,36553
7290000122830,false,רוטב סצ'ואן קנור 300,קריות זול,,רוטב סצ'ואן קנור 300,מיליליטרים,300.00,"100 מ""ל",false,,14.90,0.0497,true,1,36567
7290000129457,false,רוטב פטריות קנור 28ג,קריות זול,,רוטב פטריות קנור 28ג,גרמים,28.00,100 גרם,false,,5.90,0.2107,true,1,36620
7290000133645,false,אורביטול משחת שיניים,קריות זול,,אורביטול משחת שיניים,גרמים,435.00,100 גרם,false,,18.90,0.0434,true,1,35580
7290000134147,false,מוסקט טחון 40גר,,,מוסקט טחון 40גר,גרמים,40.00,100 גרם,false,,14.90,0.3725,true,1,43564
7290000134307,false,קינמון טחון 50גר,קריות זול,,קינמון טחון 50גר,גרמים,50.00,100 גרם,false,,5.90,0.1180,true,1,43565
7290000134338,false,אבקת שום 90גר,,,אבקת שום 90גר,גרמים,90.00,100 גרם,false,,11.90,0.1322,true,1,43567
7290000134352,false,קימנון טחון 80 גר,,,קימנון טחון 80 גר,גרמים,80.00,100 גרם,false,,9.90,0.1238,true,1,43569
7290000134376,false,פפריקה בשמן 100גר,,,פפריקה בשמן 100גר,גרמים,100.00,100 גרם,false,,9.90,0.0990,true,1,43570
7290000134550,false,עלי דפנה 20גר,קריות זול,,עלי דפנה 20גר,גרמים,20.00,100 גרם,false,,4.90,0.2450,true,1,43575
7290000134673,false,זנגביל 30גר,,,זנגביל 30גר,גרמים,30.00,100 גרם,false,,6.90,0.2300,true,1,43577
7290000134680,false,קימל שלם 40גר,,,קימל שלם 40גר,גרמים,40.00,100 גרם,false,,6.90,0.1725,true,1,43578
7290000134758,false,"תיבול לתפו""א 100גר",,,"תיבול לתפו""א 100גר",גרמים,100.00,100 גרם,false,,10.90,0.1090,true,1,43580
7290000134826,false,זעתר מעורב במיכל 100,,,זעתר מעורב במיכל 100,גרמים,100.00,100 גרם,false,,9.90,0.0990,true,1,43583
7290000134833,false,כמון טחון במיכל 100ג,,,כמון טחון במיכל 100ג,גרמים,100.00,100 גרם,false,,9.90,0.0990,true,1,43584
7290000134840,false,כורכום במיכל 100גר,,,כורכום במיכל 100גר,גרמים,100.00,100 גרם,false,,9.90,0.0990,true,1,43585
7290000134857,false,פפריקה מתוקה במיכל 1,,,פפריקה מתוקה במיכל 1,גרמים,100.00,100 גרם,false,,9.90,0.0990,true,1,43586
7290000134864,false,פפריקה חריפה במיכל 1,,,פפריקה חריפה במיכל 1,גרמים,100.00,100 גרם,false,,9.90,0.0990,true,1,43587
7290000134871,false,פלפל שחור טחון 100גר,,,פלפל שחור טחון 100גר,גרמים,100.00,100 גרם,false,,14.90,0.1490,true,1,43588
7290000134970,false,חוואייג 100גר,,,חוואייג 100גר,גרמים,100.00,100 גרם,false,,9.90,0.0990,true,1,43590
7290000134987,false,פלפל שחור גרוס 90גר,,,פלפל שחור גרוס 90גר,גרמים,90.00,100 גרם,false,,14.90,0.1656,true,1,43591
7290000135052,false,אקס אל טן מנגו 250 מ,,,אקס אל טן מנגו 250 מ,מטרים,250.00,100 מ'ל,false,,5.00,0.0200,true,1,104764
7290000135311,false,פפסי מקס ליים 1.5ליט,,,פפסי מקס ליים 1.5ליט,מיליליטרים,1500.00,"100 מ""ל",false,,7.90,0.0053,true,1,117214
7290000135595,false,פפסי מקס בטעם דובדבן,,,פפסי מקס בטעם דובדבן,מיליליטרים,1500.00,"100 מ""ל",false,,7.90,0.0053,true,1,131060
7290000136141,false,פפסי 1.5 ליטר,,,פפסי 1.5 ליטר,מיליליטרים,1500.00,"100 מ""ל",false,,7.90,0.0053,true,1,132700
7290000136158,false,פפסי מקס 1.5 ליטר,,,פפסי מקס 1.5 ליטר,מיליליטרים,1500.00,"100 מ""ל",false,,7.90,0.0053,true,1,132701
7290000136165,false,טמפו מירינדה 1.5 ליט,,,טמפו מירינדה 1.5 ליט,מיליליטרים,1500.00,"100 מ""ל",false,,7.90,0.0053,true,1,132698
7290000136172,false,סבן אפ 1.5 ליטר,,,סבן אפ 1.5 ליטר,מיליליטרים,1500.00,"100 מ""ל",false,,7.90,0.0053,true,1,132702
7290000136240,false,סודה טמפו 1.5ליטר,,,סודה טמפו 1.5ליטר,מיליליטרים,1500.00,"100 מ""ל",false,,3.90,0.0026,true,1,132694
7290000136257,false,ראש&טוניק טמפו 1.5לי,,,ראש&טוניק טמפו 1.5לי,מיליליטרים,1500.00,"100 מ""ל",false,,13.00,0.0087,true,1,132688
7290000136264,false,מי טוניק טמפו 1.5ליט,,,מי טוניק טמפו 1.5ליט,מיליליטרים,1500.00,"100 מ""ל",false,,13.00,0.0087,true,1,132687
7290000136295,false,סירופ בטעם פטל ג'ויס,,,סירופ בטעם פטל ג'ויס,מיליליטרים,330.00,"100 מ""ל",false,,17.90,0.0542,true,1,135585
7290000136455,false,גאמפ אשכוליות 1.5ליט,,,גאמפ אשכוליות 1.5ליט,מיליליטרים,1500.00,"100 מ""ל",false,,8.90,0.0059,true,1,132689
7290000136516,false,גאמפ מנגו פסיפלורה 1,,,גאמפ מנגו פסיפלורה 1,מיליליטרים,1500.00,"100 מ""ל",false,,8.90,0.0059,true,1,132690
7290000136523,false,גאמפ ענבים 1.5ליטר ת,,,גאמפ ענבים 1.5ליטר ת,מיליליטרים,1500.00,"100 מ""ל",false,,8.90,0.0059,true,1,132691
7290000136561,false,גאמפ תות בננה 1.5 לי,,,גאמפ תות בננה 1.5 לי,מיליליטרים,1500.00,"100 מ""ל",false,,8.90,0.0059,true,1,132692
7290000136585,false,גאמפ תפוזים 1.5 ליטר,,,גאמפ תפוזים 1.5 ליטר,מיליליטרים,1500.00,"100 מ""ל",false,,8.90,0.0059,true,1,132693
7290000136646,false,נשר מאלט 1.5ליטר תרי,,,נשר מאלט 1.5ליטר תרי,מיליליטרים,1500.00,"100 מ""ל",false,,10.90,0.0073,true,1,132685
7290000136653,false,נשר מאלט דיאט 1.5ליט,,,נשר מאלט דיאט 1.5ליט,מיליליטרים,1500.00,"100 מ""ל",false,,10.90,0.0073,true,1,132686
7290000136677,false,פפסי 1.5 ליטר,,,פפסי 1.5 ליטר,מיליליטרים,1500.00,"100 מ""ל",false,,7.90,0.0053,true,1,133302
7290000136684,false,פפסי מקס 1.5 ליטר,,,פפסי מקס 1.5 ליטר,מיליליטרים,1500.00,"100 מ""ל",false,,7.90,0.0053,true,1,133118
7290000136691,false,סבן אפ 6*1.5ליטר,,,סבן אפ 6*1.5ליטר,מיליליטרים,9000.00,"100 מ""ל",false,,37.90,0.0042,true,1,132679
7290000136752,false,דיאט סבן אפ פרי 6*1.,,,דיאט סבן אפ פרי 6*1.,מיליליטרים,9000.00,"100 מ""ל",false,,37.90,0.0042,true,1,132680
7290000136769,false,פפסי 6*1.5ליטר,,,פפסי 6*1.5ליטר,מיליליטרים,9000.00,"100 מ""ל",false,,37.90,0.0042,true,1,132682
7290000136776,false,פפסי מקס 6*1.5ליטר,,,פפסי מקס 6*1.5ליטר,מיליליטרים,9000.00,"100 מ""ל",false,,37.90,0.0042,true,1,132683
7290000136790,false,סודה טמפו 6* 1.5 ליט,,,סודה טמפו 6* 1.5 ליט,מיליליטרים,9000.00,"100 מ""ל",false,,18.90,0.0021,true,1,132672
7290000136844,false,מי אקווה נובה 2 ליטר,,,מי אקווה נובה 2 ליטר,מיליליטרים,12000.00,"100 מ""ל",false,,12.90,0.0011,true,1,132671
7290000136851,false,סבן אפ 1.5 ליטר,,,סבן אפ 1.5 ליטר,מיליליטרים,1500.00,"100 מ""ל",false,,7.90,0.0053,true,1,134026
7290000136868,false,מים סאן בנדטו 6* 1.5,,,מים סאן בנדטו 6* 1.5,מיליליטרים,9000.00,"100 מ""ל",false,,21.90,0.0024,true,1,132673
7290000136875,false,מים סאן בנדטו מוגז 6,,,מים סאן בנדטו מוגז 6,מיליליטרים,9000.00,"100 מ""ל",false,,22.90,0.0025,true,1,132674
7290000136936,false,סבן אפ 1.5 ליטר דיאט,,,סבן אפ 1.5 ליטר דיאט,מיליליטרים,1500.00,"100 מ""ל",false,,7.90,0.0053,true,1,133625
7290000137513,false,קרמיסימו גלידונית שו,קריות זול,,קרמיסימו גלידונית שו,גרמים,630.00,100 גרם,false,,46.90,0.0744,true,1,38841
7290000143194,false,הוואי שמפו+מרכך 700מ,קריות זול,,הוואי שמפו+מרכך 700מ,מיליליטרים,700.00,"100 מ""ל",false,,13.90,0.0199,true,1,39825
7290000143217,false,הוואי שמפו לשיער יבש,קריות זול,,הוואי שמפו לשיער יבש,מיליליטרים,700.00,"100 מ""ל",false,,13.90,0.0199,true,1,39827
7290000143255,false,הוואי שמפו רגיל 700מ,קריות זול,,הוואי שמפו רגיל 700מ,מיליליטרים,700.00,"100 מ""ל",false,,13.90,0.0199,true,1,39828
7290000143279,false,הוואי שמפו נגד קשקשי,קריות זול,,הוואי שמפו נגד קשקשי,מיליליטרים,700.00,"100 מ""ל",false,,13.90,0.0199,true,1,39830
7290000143286,false,הוואי מרכך רגיל 700מ,קריות זול,,הוואי מרכך רגיל 700מ,מיליליטרים,700.00,"100 מ""ל",false,,13.90,0.0199,true,1,39831
7290000144160,false,שמן זית כתית מעולה א,,,שמן זית כתית מעולה א,מיליליטרים,750.00,"100 מ""ל",false,,34.90,0.0465,true,1,46791
7290000144467,false,שמן חמניות בריאות מה,קריות זול,,שמן חמניות בריאות מה,מיליליטרים,1000.00,"100 מ""ל",false,,17.90,0.0179,true,1,43731
7290000144474,false,שמן קנולה בריאות מהט,קריות זול,,שמן קנולה בריאות מהט,מיליליטרים,1000.00,"100 מ""ל",false,,16.90,0.0169,true,1,43732
7290000146928,false,טום וגרי משחת שיניים,קריות זול,,טום וגרי משחת שיניים,מיליליטרים,50.00,"100 מ""ל",false,,10.90,0.2180,true,1,39865
7290000146997,false,טום וגרי משחת שיניים,,,טום וגרי משחת שיניים,מיליליטרים,50.00,"100 מ""ל",false,,10.90,0.2180,true,1,39867
7290000149851,false,סינטבון כפול 460גר,,,סינטבון כפול 460גר,גרמים,460.00,100 גרם,false,,14.90,0.0324,true,1,41625
7290000149905,false,טקסטיל שמפו 1ליטר,קריות זול,,טקסטיל שמפו 1ליטר,מיליליטרים,1000.00,"100 מ""ל",false,,14.90,0.0149,true,1,41627
7290000149943,false,טקסטיל שמפו שקית 1קג,קריות זול,,טקסטיל שמפו שקית 1קג,גרמים,1000.00,100 גרם,false,,14.90,0.0149,true,1,41628
7290000152288,false,נקניקיות עוף עוף טוב,,,נקניקיות עוף עוף טוב,גרמים,400.00,100 גרם,false,,14.90,0.0373,true,1,66084
7290000152943,false,סלמי+פסטרמה עוף טוב,,,סלמי+פסטרמה עוף טוב,גרמים,700.00,100 גרם,false,,29.90,0.0427,true,1,66083
7290000153469,false,קציצות עוף קלאסיות ע,,,קציצות עוף קלאסיות ע,גרמים,600.00,100 גרם,false,,29.90,0.0498,true,1,55901
7290000158105,false,שניצל מיני דינוזאור,,,שניצל מיני דינוזאור,גרמים,700.00,100 גרם,false,,37.90,0.0541,true,1,57868
7290000161358,false,מיונז אמיתי משמן קנו,קריות זול,,מיונז אמיתי משמן קנו,גרמים,500.00,100 גרם,false,,14.90,0.0298,true,1,36634
7290000168173,false,ברנפלקס קראנצים 375,,,ברנפלקס קראנצים 375,גרמים,375.00,100 גרם,false,,22.90,0.0611,true,1,61048
7290000169798,false,עוגי מופחת סוכר 500ג,,,עוגי מופחת סוכר 500ג,גרמים,500.00,100 גרם,false,,21.90,0.0438,true,1,63099
7290000174723,false,שוקולית עלית 500גר,קריות זול,,שוקולית עלית 500גר,גרמים,500.00,100 גרם,false,,11.90,0.0238,true,1,41952
7290000176062,false,קפה טורקי עלית 100גר,קריות זול,,קפה טורקי עלית 100גר,גרמים,100.00,100 גרם,false,,7.90,0.0790,true,1,31268
7290000176079,false,קפה טורקי עם הל עלית,קריות זול,,קפה טורקי עם הל עלית,גרמים,100.00,100 גרם,false,,9.90,0.0990,true,1,41956
7290000176413,false,קפה נמס עלית 50גר,קריות זול,,קפה נמס עלית 50גר,גרמים,50.00,100 גרם,false,,8.90,0.1780,true,1,41961
7290000176420,false,קפה נמס עלית 200גר,קריות זול,,קפה נמס עלית 200גר,גרמים,200.00,100 גרם,false,,19.90,0.0995,true,1,41962
7290000176475,false,האג קפה נטול קפאין 2,קריות זול,,האג קפה נטול קפאין 2,גרמים,200.00,100 גרם,false,,35.90,0.1795,true,1,41964
7290000178707,false,תפוציפס טבעי 50גר,קריות זול,,תפוציפס טבעי 50גר,גרמים,50.00,100 גרם,false,,3.90,0.0780,true,1,37440
7290000185330,false,סילאן טבעי 900 גרם,,,סילאן טבעי 900 גרם,גרמים,900.00,100 גרם,false,,23.90,0.0266,true,1,135561
7290000185590,false,סילאן טבעי בבקבוק לח,,,סילאן טבעי בבקבוק לח,גרמים,650.00,100 גרם,false,,19.90,0.0306,true,1,135554
7290000186535,false,לילי טריו לבן נייר ט,,,לילי טריו לבן נייר ט,יחידה,0.00,יחידה,false,,49.90,0.0000,true,1,97597
7290000187952,false,לילי טריו נייר טאולט,,,לילי טריו נייר טאולט,יחידה,0.00,יחידה,false,,49.90,0.0000,true,1,36195
7290000188355,false,מגבות מטבח שישייה ני,,,מגבות מטבח שישייה ני,יחידה,0.00,יחידה,false,,12.90,0.0000,true,1,36200
7290000188553,false,קוטקס נורמל מגני תחת,,,קוטקס נורמל מגני תחת,יח',60.00,יח',false,,18.90,0.3150,true,1,36202
7290000189192,false,סופר מגבת רב פעמית נ,,,סופר מגבת רב פעמית נ,100 יח',11.00,100 יח',false,,22.90,2.0818,true,1,36208
7290000189215,false,מטלית הקסם לרצפה ניק,קריות זול,,מטלית הקסם לרצפה ניק,יחידה,0.00,יחידה,false,,12.90,0.0000,true,1,95600
7290000189277,false,תבנית מלבנית גדולה ח,,,תבנית מלבנית גדולה ח,יחידה,0.00,יחידה,false,,11.90,0.0000,true,1,97604
7290000189499,false,תבנית אפייה מקרטון ע,,,תבנית אפייה מקרטון ע,יחידה,0.00,יחידה,false,,11.90,0.0000,true,1,97606
7290000189550,false,אשפתון זוג ענק 20 מת,קריות זול,,אשפתון זוג ענק 20 מת,יח',20.00,יח',false,,25.90,1.2950,true,1,36214
7290000189598,false,מטליות לחות לניקוי כ,,,מטליות לחות לניקוי כ,יח',50.00,יח',false,,10.90,0.2180,true,1,36215
7290000189871,false,אשפתון 60 שקיות מתכל,,,אשפתון 60 שקיות מתכל,יח',60.00,יח',false,,25.90,0.4317,true,1,36219
7290000190136,false,חלה מתוקה ברמן,,,חלה מתוקה ברמן,גרמים,500.00,100 גרם,false,,8.90,0.0178,true,1,98860
7290000190150,false,מפיות מודפסות 3 שכבו,קריות זול,,מפיות מודפסות 3 שכבו,גרמים,102.00,100 גרם,false,,7.90,0.0775,true,1,33598
7290000190853,false,לילי לבן נייר טואלט,,,לילי לבן נייר טואלט,יחידה,0.00,יחידה,false,,38.90,0.0000,true,1,69747
7290000191225,false,האגיס ליטל בייביס ני,,,האגיס ליטל בייביס ני,יחידה,0.00,יחידה,false,,35.90,0.0000,true,1,67634
7290000193083,false,נובה לי לילי תחבושות,,,נובה לי לילי תחבושות,יח',28.00,יח',false,,10.90,0.3893,true,1,36230
7290000194172,false,חטיפי ממתקים ללא סוכ,,,חטיפי ממתקים ללא סוכ,יחידה,0.00,יחידה,false,,13.50,0.0000,true,1,53683
7290000194288,false,משטחי החתלה האגיס פר,,,משטחי החתלה האגיס פר,יחידה,0.00,יחידה,false,,21.90,0.0000,true,1,88036
7290000195216,false,נייר אפיה 50יח ניקול,,,נייר אפיה 50יח ניקול,יח',50.00,יח',false,,11.90,0.2380,true,1,64469
7290000196039,false,מפות שולחן זוג ניקול,קריות זול,,מפות שולחן זוג ניקול,גרמים,250.00,100 גרם,false,,9.90,0.0396,true,1,36247
7290000196763,false,השקית החזקה ניקול,,,השקית החזקה ניקול,יחידה,0.00,יחידה,false,,25.90,0.0000,true,1,88037
7290000197081,false,ניילון נצמד 150 מטר,,,ניילון נצמד 150 מטר,יחידה,150.00,יחידה,false,,26.90,0.1793,true,1,97613
7290000197326,false,ניקול רדיד אלומיניום,קריות זול,,ניקול רדיד אלומיניום,מטרים,15.00,מטר,false,,11.90,0.7933,true,1,36251
7290000197340,false,ניקול רדיד אלומיניום,קריות זול,,ניקול רדיד אלומיניום,מטרים,15.00,מטר,false,,16.90,1.1267,true,1,36252
7290000197463,false,האגיס פרידום דריי של,,,האגיס פרידום דריי של,יחידה,0.00,יחידה,false,,48.90,0.0000,true,1,67572
7290000197548,false,האגיס פרידום דריי של,,,האגיס פרידום דריי של,יחידה,0.00,יחידה,false,,48.90,0.0000,true,1,67573
7290000197654,false,אשפתון שקיות אשפה ענ,קריות זול,,אשפתון שקיות אשפה ענ,יח',50.00,יח',false,,19.90,0.3980,true,1,36255
7290000197678,false,האגיס פרידום דריי של,,,האגיס פרידום דריי של,יחידה,0.00,יחידה,false,,48.90,0.0000,true,1,67574
7290000197753,false,ניילונית זוג ניקול,קריות זול,,ניילונית זוג ניקול,מטרים,60.00,מטר,false,,11.90,0.1983,true,1,36257
7290000197982,false,ניקול רדיד אלומיניום,,,ניקול רדיד אלומיניום,מטרים,15.00,מטר,false,,19.90,1.3267,true,1,36259
7290000201818,false,טיטולים פרימיום שלב,,,טיטולים פרימיום שלב,יחידה,0.00,יחידה,false,,34.90,0.0000,true,1,66625
7290000201856,false,טיטולים פרימיום שלב4,,,טיטולים פרימיום שלב4,יחידה,0.00,יחידה,false,,34.90,0.0000,true,1,66628
7290000201863,false,טיטולים פרימיום שלב,,,טיטולים פרימיום שלב,יחידה,0.00,יחידה,false,,34.90,0.0000,true,1,66629
7290000204147,false,כריות יפניות 2ב1 ניק,,,כריות יפניות 2ב1 ניק,יחידה,0.00,יחידה,false,,12.90,0.0000,true,1,36263
7290000204215,false,כריות יפניות ניקול 6,קריות זול,,כריות יפניות ניקול 6,יח',4.00,יח',false,,12.90,3.2250,true,1,36264
7290000204253,false,מטלית רב שימושית ניק,קריות זול,,מטלית רב שימושית ניק,יח',9.00,יח',false,,12.90,1.4333,true,1,36266
7290000204307,false,מטליות רב שימושיות ב,,,מטליות רב שימושיות ב,יח',40.00,יח',false,,19.90,0.4975,true,1,36267
7290000204512,false,מטליות לחות לרצפה בר,,,מטליות לחות לרצפה בר,יחידה,0.00,יחידה,false,,10.90,0.0000,true,1,88058
7290000205762,false,האגיס אקסטרא קייר מי,,,האגיס אקסטרא קייר מי,יחידה,0.00,יחידה,false,,47.90,0.0000,true,1,112482
7290000207063,false,רסק עגבניות פריכוז 2,,,רסק עגבניות פריכוז 2,גרמים,260.00,100 גרם,false,,4.90,0.0188,true,1,32993
7290000207162,false,רוטב עגבניות 22% 100,קריות זול,,רוטב עגבניות 22% 100,גרמים,100.00,100 גרם,false,,2.50,0.0250,true,1,32994
7290000208022,false,עגבניות מרוסקות 800ג,קריות זול,,עגבניות מרוסקות 800ג,גרמים,800.00,100 גרם,false,,9.90,0.0124,true,1,32998
7290000208077,false,אפונה גדולה יכין 550,קריות זול,,אפונה גדולה יכין 550,גרמים,550.00,100 גרם,false,,8.90,0.0162,true,1,33000
7290000208114,false,אפונה וגזר יכין 550ג,,,אפונה וגזר יכין 550ג,גרמים,550.00,100 גרם,false,,8.90,0.0162,true,1,33001
7290000208138,false,סירופ דייאט ענבים יכ,,,סירופ דייאט ענבים יכ,מיליליטרים,1000.00,"100 מ""ל",false,,16.90,0.0169,true,1,33003
7290000208145,false,תירס לייט יכין 550גר,קריות זול,,תירס לייט יכין 550גר,גרמים,550.00,100 גרם,false,,9.90,0.0180,true,1,33004
7290000208213,false,שעועית לבנה ברוטב עג,קריות זול,,שעועית לבנה ברוטב עג,גרמים,580.00,100 גרם,false,,9.90,0.0171,true,1,33006
7290000208220,false,שעועית צילי יכין 550,קריות זול,,שעועית צילי יכין 550,גרמים,550.00,100 גרם,false,,9.90,0.0180,true,1,33007
7290000208244,false,בסיס עגבניות לשקשוקה,קריות זול,,בסיס עגבניות לשקשוקה,גרמים,570.00,100 גרם,false,,9.90,0.0174,true,1,33008
7290000208251,false,שעועית ירוקה חתוכה י,קריות זול,,שעועית ירוקה חתוכה י,גרמים,550.00,100 גרם,false,,9.90,0.0180,true,1,33009
7290000208268,false,שעועית צהובהחתוכה יכ,קריות זול,,שעועית צהובהחתוכה יכ,גרמים,550.00,100 גרם,false,,9.90,0.0180,true,1,33010
7290000208312,false,תירס מתוק ואקום יכין,קריות זול,,תירס מתוק ואקום יכין,גרמים,400.00,100 גרם,false,,6.90,0.0173,true,1,33011
7290000208329,false,תירס מתוק יכין 550גר,קריות זול,,תירס מתוק יכין 550גר,גרמים,550.00,100 גרם,false,,8.90,0.0162,true,1,33012
7290000208336,false,רוטב עגבניות יכין 22,קריות זול,,רוטב עגבניות יכין 22,גרמים,240.00,100 גרם,false,,4.50,0.0188,true,1,33013
7290000208350,false,עגבניות מרוסקות עם ב,,,עגבניות מרוסקות עם ב,גרמים,800.00,100 גרם,false,,9.90,0.0124,true,1,33016
7290000208367,false,עגבניות מרוסקות בתוס,,,עגבניות מרוסקות בתוס,גרמים,800.00,100 גרם,false,,9.90,0.0124,true,1,33017
7290000208404,false,פול מצרי יכין 550גר,קריות זול,,פול מצרי יכין 550גר,גרמים,550.00,100 גרם,false,,9.90,0.0180,true,1,33018
7290000208428,false,חומוס שלם יכין 550גר,קריות זול,,חומוס שלם יכין 550גר,גרמים,550.00,100 גרם,false,,9.90,0.0180,true,1,33019
7290000208459,false,ירקות מעורבים יכין 5,קריות זול,,ירקות מעורבים יכין 5,גרמים,550.00,100 גרם,false,,9.90,0.0180,true,1,58578
7290000208480,false,תירס בטעם חמאה 550גר,קריות זול,,תירס בטעם חמאה 550גר,גרמים,550.00,100 גרם,false,,9.90,0.0180,true,1,33020
7290000208855,false,רוטב לפסטה קלאסי יכי,קריות זול,,רוטב לפסטה קלאסי יכי,גרמים,240.00,100 גרם,false,,5.90,0.0246,true,1,33024
7290000208893,false,תירס לייט ואקום 340,קריות זול,,תירס לייט ואקום 340,גרמים,340.00,100 גרם,false,,6.90,0.0203,true,1,33025
7290000208930,false,עגבניות מרוסקות ושום,,,עגבניות מרוסקות ושום,גרמים,240.00,100 גרם,false,,5.90,0.0246,true,1,33026
7290000208947,false,עגבניות מרוסקות יכין,,,עגבניות מרוסקות יכין,גרמים,240.00,100 גרם,false,,5.90,0.0246,true,1,33027
7290000208978,false,רסק עגבניות פריכוז %,,,רסק עגבניות פריכוז %,גרמים,100.00,100 גרם,false,,2.90,0.0290,true,1,33028
7290000209012,false,חומץ הדרים יכין 1 לי,קריות זול,,חומץ הדרים יכין 1 לי,מיליליטרים,1000.00,"100 מ""ל",false,,5.90,0.0059,true,1,33030
7290000209043,false,מיץ לימון משומר 1ל,,,מיץ לימון משומר 1ל,מיליליטרים,1000.00,"100 מ""ל",false,,5.90,0.0059,true,1,33031
7290000209371,false,תירס יכין שלישייה 3*,,,תירס יכין שלישייה 3*,גרמים,495.00,100 גרם,false,,14.90,0.0301,true,1,66335
7290000209388,false,תירס ליייט שלישייה 3,,,תירס ליייט שלישייה 3,גרמים,495.00,100 גרם,false,,14.90,0.0301,true,1,66336
7290000209517,false,סירופ דייאט לימון יכ,,,סירופ דייאט לימון יכ,מיליליטרים,1000.00,"100 מ""ל",false,,16.90,0.0169,true,1,33041
7290000209524,false,סירופ דיאט פטל יכין,,,סירופ דיאט פטל יכין,מיליליטרים,1000.00,"100 מ""ל",false,,16.90,0.0169,true,1,33042
7290000209531,false,סירופ דייאט אשכוליות,,,סירופ דייאט אשכוליות,מיליליטרים,1000.00,"100 מ""ל",false,,16.90,0.0169,true,1,33043
7290000209555,false,"סירופ דייאט תפוח""ע י",,,"סירופ דייאט תפוח""ע י",מיליליטרים,1000.00,"100 מ""ל",false,,16.90,0.0169,true,1,33044
7290000209579,false,סירופ דייאט אננס יכי,,,סירופ דייאט אננס יכי,מיליליטרים,1000.00,"100 מ""ל",false,,16.90,0.0169,true,1,33046
7290000209708,false,עגבניות מרוסקות בזיל,,,עגבניות מרוסקות בזיל,גרמים,240.00,100 גרם,false,,5.90,0.0246,true,1,33048
7290000209722,false,רסק עגבניות פריכוז 2,,,רסק עגבניות פריכוז 2,גרמים,580.00,100 גרם,false,,10.90,0.0188,true,1,33050
7290000209906,false,עגבניות מרוסקות בצל,,,עגבניות מרוסקות בצל,גרמים,240.00,100 גרם,false,,5.90,0.0246,true,1,33051
7290000209913,false,עגבניות קוביות יכין,,,עגבניות קוביות יכין,גרמים,240.00,100 גרם,false,,5.90,0.0246,true,1,33052
7290000209944,false,רוטב שקשוקה יכין 240,,,רוטב שקשוקה יכין 240,גרמים,240.00,100 גרם,false,,5.90,0.0246,true,1,33053
7290000209951,false,רוטב פיצה יכין 240 ג,,,רוטב פיצה יכין 240 ג,גרמים,240.00,100 גרם,false,,5.90,0.0246,true,1,33054
7290000209968,false,רוטב לזניה יכין 240,,,רוטב לזניה יכין 240,גרמים,240.00,100 גרם,false,,5.90,0.0246,true,1,33055
7290000210469,false,עגבניות שלמות יכין 7,,,עגבניות שלמות יכין 7,גרמים,700.00,100 גרם,false,,9.90,0.0141,true,1,33064
7290000210896,false,רוטב בולונז יכין 240,,,רוטב בולונז יכין 240,גרמים,240.00,100 גרם,false,,5.90,0.0246,true,1,33074
7290000211169,false,אורז תאילנדי סוגת 1ק,קריות זול,,אורז תאילנדי סוגת 1ק,גרמים,1000.00,100 גרם,false,,8.90,0.0089,true,1,40663
7290000211312,false,אורז מלא פרסי סוגת 1,קריות זול,,אורז מלא פרסי סוגת 1,גרמים,1000.00,100 גרם,false,,9.90,0.0099,true,1,40664
7290000211442,false,אורז פרסי קלאסי שקית,קריות זול,,אורז פרסי קלאסי שקית,גרמים,1000.00,100 גרם,false,,10.90,0.0109,true,1,40667
7290000211503,false,"סוכר סוגת 1 ק""ג",,,"סוכר סוגת 1 ק""ג",גרמים,1000.00,100 גרם,false,,3.90,0.0039,true,1,40668
7290000211626,false,אורז חיש סוגת 1קג,קריות זול,,אורז חיש סוגת 1קג,גרמים,1000.00,100 גרם,false,,10.90,0.0109,true,1,40669
7290000212173,false,וופל טעם שוקולד מנעמ,קריות זול,,וופל טעם שוקולד מנעמ,גרמים,200.00,100 גרם,false,,9.90,0.0495,true,1,40034
7290000212401,false,וופל מצופית מנעמים 4,קריות זול,,וופל מצופית מנעמים 4,גרמים,400.00,100 גרם,false,,10.90,0.0273,true,1,40035
7290000212579,false,וופל מצופה מנעמים 40,,,וופל מצופה מנעמים 40,גרמים,800.00,100 גרם,false,,18.90,0.0236,true,1,40036
7290000214115,false,מרק עוף ויטה 400 גר,קריות זול,,מרק עוף ויטה 400 גר,גרמים,400.00,100 גרם,false,,10.90,0.0273,true,1,44804
7290000238029,false,*מבצע* בצק עלים מרוד,קריות זול,,*מבצע* בצק עלים מרוד,גרמים,1000.00,100 גרם,false,,15.90,0.0159,true,1,39040
7290000238036,false,מלווח מעדנות קופסא 7,קריות זול,,מלווח מעדנות קופסא 7,גרמים,700.00,100 גרם,false,,15.90,0.0227,true,1,39041
7290000238173,false,בורקס גבינה מעדנות 8,קריות זול,,בורקס גבינה מעדנות 8,גרמים,800.00,100 גרם,false,,19.90,0.0249,true,1,39042
7290000238180,false,"בורקס תפו""א מעדנות 8",קריות זול,,"בורקס תפו""א מעדנות 8",גרמים,800.00,100 גרם,false,,17.90,0.0224,true,1,39043
7290000243566,false,שמן קנולה בריאות עץ,,,שמן קנולה בריאות עץ,מיליליטרים,750.00,"100 מ""ל",false,,13.90,0.0185,true,1,58055
7290000244143,false,הוואי קרם לאחר גילוח,,,הוואי קרם לאחר גילוח,גרמים,120.00,100 גרם,false,,24.90,0.2075,true,1,39876
7290000245072,false,סוד מרכך כביסה בייבי,קריות זול,,סוד מרכך כביסה בייבי,ליטרים,4.00,ליטר,false,,16.90,4.2250,true,1,31337
7290000245089,false,סוד מרכך כביסה הניצן,קריות זול,,סוד מרכך כביסה הניצן,ליטרים,4.00,ליטר,false,,16.90,4.2250,true,1,39890
7290000245157,false,סוד מרכך כביסה סנסיי,קריות זול,,סוד מרכך כביסה סנסיי,ליטרים,4.00,ליטר,false,,16.90,4.2250,true,1,39891
7290000245270,false,פרסיל סופרא שקית אבק,קריות זול,,פרסיל סופרא שקית אבק,קילוגרמים,1.25,"ק""ג",false,,14.90,11.9200,true,1,39894
7290000245287,false,פרסיל קולור שקית אבק,קריות זול,,פרסיל קולור שקית אבק,קילוגרמים,1.25,"ק""ג",false,,14.90,11.9200,true,1,39895
7290000245478,false,סוד בייבי אבקת כביסה,,,סוד בייבי אבקת כביסה,קילוגרמים,1.25,"ק""ג",false,,12.90,10.3200,true,1,39902
7290000245508,false,סוד פרפקט אבקת כביסה,קריות זול,,סוד פרפקט אבקת כביסה,קילוגרמים,1.25,"ק""ג",false,,12.90,10.3200,true,1,39904
7290000245515,false,סוד קומפורט פרפיום א,קריות זול,,סוד קומפורט פרפיום א,קילוגרמים,1.25,"ק""ג",false,,12.90,10.3200,true,1,39905
7290000245539,false,סוד קומפקט קולור אבק,קריות זול,,סוד קומפקט קולור אבק,קילוגרמים,1.25,"ק""ג",false,,12.90,10.3200,true,1,39906
7290000245782,false,סוד מרכך כביסה ורדי,קריות זול,,סוד מרכך כביסה ורדי,ליטרים,4.00,ליטר,false,,16.90,4.2250,true,1,39914
7290000245799,false,סוד מרכך כביסה פעמונ,קריות זול,,סוד מרכך כביסה פעמונ,ליטרים,4.00,ליטר,false,,16.90,4.2250,true,1,39915
7290000253220,false,שוקולד ציפס 300גר,,,שוקולד ציפס 300גר,גרמים,300.00,100 גרם,false,,14.50,0.0483,true,1,33148
7290000253251,false,שוקולד ציפס לבן  250,,,שוקולד ציפס לבן  250,גרמים,250.00,100 גרם,false,,14.50,0.0580,true,1,33149
7290000267036,false,שקדים מולבנים שבבים,קריות זול,,שקדים מולבנים שבבים,גרמים,100.00,100 גרם,false,,9.90,0.0990,true,1,47171
7290000267043,false,שקד פרוס השף 100גר,קריות זול,,שקד פרוס השף 100גר,גרמים,100.00,100 גרם,false,,9.90,0.0990,true,1,53538
7290000267050,false,שקד טחון השף 100 גר,,,שקד טחון השף 100 גר,גרמים,100.00,100 גרם,false,,9.90,0.0990,true,1,53539
7290000267548,false,אגוזי מלך גרוסים השף,,,אגוזי מלך גרוסים השף,גרמים,100.00,100 גרם,false,,12.90,0.1290,true,1,60572
7290000272696,false,מיץ לימון טבעי משומר,קריות זול,,מיץ לימון טבעי משומר,מיליליטרים,1000.00,"100 מ""ל",false,,11.90,0.0119,true,1,34120
7290000272726,false,חומץ טבעי 5% עסיס 1,קריות זול,,חומץ טבעי 5% עסיס 1,מיליליטרים,1000.00,"100 מ""ל",false,,7.90,0.0079,true,1,34121
7290000286525,false,ספוג פרינה,,,ספוג פרינה,יחידה,0.00,יחידה,false,,10.90,0.0000,true,1,35597
7290000286549,false,מטליות לכל סנו סושי,קריות זול,,מטליות לכל סנו סושי,יח',9.00,יח',false,,11.90,1.3222,true,1,35598
7290000286594,false,סנו X אבקה לניקוי לי,קריות זול,,סנו X אבקה לניקוי לי,גרמים,600.00,100 גרם,false,,9.90,0.0165,true,1,35600
7290000286631,false,סנו X אבקה לניקוי לי,קריות זול,,סנו X אבקה לניקוי לי,גרמים,600.00,100 גרם,false,,7.90,0.0132,true,1,35601
7290000286907,false,סנוקל מסיר כתמים 125,קריות זול,,סנוקל מסיר כתמים 125,גרמים,125.00,100 גרם,false,,26.90,0.2152,true,1,35606
7290000286945,false,סנו רהיט מרסס 500מל,קריות זול,,סנו רהיט מרסס 500מל,מיליליטרים,500.00,"100 מ""ל",false,,26.90,0.0538,true,1,35609
7290000287102,false,סנו שמפו שטיחים 540מ,קריות זול,,סנו שמפו שטיחים 540מ,מיליליטרים,540.00,"100 מ""ל",false,,21.90,0.0406,true,1,35611
7290000287195,false,סנו רהיט מבריק רהיטי,קריות זול,,סנו רהיט מבריק רהיטי,מיליליטרים,300.00,"100 מ""ל",false,,15.90,0.0530,true,1,35612
7290000287409,false,סנובון שלישיה תות 3*,קריות זול,,סנובון שלישיה תות 3*,גרמים,165.00,100 גרם,false,,12.90,0.0782,true,1,35618
7290000287430,false,סנובון שלישיה צבעוני,קריות זול,,סנובון שלישיה צבעוני,גרמים,165.00,100 גרם,false,,12.90,0.0782,true,1,35619
7290000288024,false,אקונומיקה סנו ז'אוול,קריות זול,,אקונומיקה סנו ז'אוול,ליטרים,4.00,ליטר,false,,17.90,4.4750,true,1,35632
7290000288031,false,אקנומיקה סנו 4ליטר,קריות זול,,אקנומיקה סנו 4ליטר,ליטרים,4.00,ליטר,false,,11.90,2.9750,true,1,35633
7290000288048,false,סנו ז'אוול מרסס מונט,קריות זול,,סנו ז'אוול מרסס מונט,מיליליטרים,1000.00,"100 מ""ל",false,,19.90,0.0199,true,1,35634
7290000288109,false,סנו מקסימה אבקת כביס,קריות זול,,סנו מקסימה אבקת כביס,קילוגרמים,1.25,"ק""ג",false,,14.90,11.9200,true,1,35638
7290000288352,false,מדביר K - 300,קריות זול,,מדביר K - 300,100 יח',630.00,100 יח',false,,23.90,0.0379,true,1,35643
7290000288727,false,סנו מקסימה מאסק אבקת,קריות זול,,סנו מקסימה מאסק אבקת,קילוגרמים,1.25,"ק""ג",false,,14.90,11.9200,true,1,35652
7290000289069,false,סנו ז'אוול מרסס לימו,קריות זול,,סנו ז'אוול מרסס לימו,מיליליטרים,1000.00,"100 מ""ל",false,,19.90,0.0199,true,1,35657
7290000289496,false,סנו ז'אוול ג'ל קרם מ,קריות זול,,סנו ז'אוול ג'ל קרם מ,מיליליטרים,750.00,"100 מ""ל",false,,12.90,0.0172,true,1,35663
7290000289595,false,אורביטול משחת שיניים,,,אורביטול משחת שיניים,גרמים,145.00,100 גרם,false,,8.90,0.0614,true,1,73516
7290000289748,false,סנו פורטה פלוס לתנור,קריות זול,,סנו פורטה פלוס לתנור,מיליליטרים,750.00,"100 מ""ל",false,,14.90,0.0199,true,1,35668
7290000291857,false,פוליויקס לוטוס 2ליטר,קריות זול,,פוליויקס לוטוס 2ליטר,ליטרים,2.00,ליטר,false,,21.90,10.9500,true,1,35675
7290000291932,false,סנובון נוזלי תפוח וק,קריות זול,,סנובון נוזלי תפוח וק,מיליליטרים,750.00,"100 מ""ל",false,,10.90,0.0145,true,1,35677
7290000292137,false,סנו לניקוי עור 500מל,קריות זול,,סנו לניקוי עור 500מל,מיליליטרים,500.00,"100 מ""ל",false,,29.90,0.0598,true,1,35680
7290000292311,false,פוליויקס סחלבים 2ליט,קריות זול,,פוליויקס סחלבים 2ליט,ליטרים,2.00,ליטר,false,,21.90,10.9500,true,1,35682
7290000292557,false,סנומט 45 נוזל מילוי,קריות זול,,סנומט 45 נוזל מילוי,יח',45.00,יח',false,,19.90,0.4422,true,1,35687
7290000292915,false,סנו רסס ונגב מרסס 75,קריות זול,,סנו רסס ונגב מרסס 75,מיליליטרים,750.00,"100 מ""ל",false,,13.90,0.0185,true,1,35692
7290000293073,false,סנו מקסימה מרכך כביס,קריות זול,,סנו מקסימה מרכך כביס,ליטרים,4.00,ליטר,false,,22.90,5.7250,true,1,35695
7290000293561,false,סנו מסיר עובש 750מל,קריות זול,,סנו מסיר עובש 750מל,מיליליטרים,750.00,"100 מ""ל",false,,15.90,0.0212,true,1,35698
7290000293943,false,אנטי קאלק מרסס 1ליטר,קריות זול,,אנטי קאלק מרסס 1ליטר,מיליליטרים,1000.00,"100 מ""ל",false,,20.90,0.0209,true,1,35701
7290000294575,false,סנו סושי רב מגבת 63ד,,,סנו סושי רב מגבת 63ד,גרמים,200.00,100 גרם,false,,12.90,0.0645,true,1,35707
7290000294773,false,אקונומיקה סנו ז'אוול,קריות זול,,אקונומיקה סנו ז'אוול,ליטרים,4.00,ליטר,false,,17.90,4.4750,true,1,35708
7290000294780,false,אקונומיקה סנו ז'אוול,קריות זול,,אקונומיקה סנו ז'אוול,ליטרים,4.00,ליטר,false,,17.90,4.4750,true,1,35709
7290000295121,false,מטלית זיגזג 3יח,קריות זול,,מטלית זיגזג 3יח,יח',3.00,יח',false,,11.90,3.9667,true,1,35711
7290000295299,false,סנו סושי כריות יפניו,קריות זול,,סנו סושי כריות יפניו,יח',4.00,יח',false,,11.90,2.9750,true,1,35713
7290000295336,false,סנו מקסימה סנסיטיב א,קריות זול,,סנו מקסימה סנסיטיב א,קילוגרמים,1.25,"ק""ג",false,,14.90,11.9200,true,1,35715
7290000295343,false,סנו מקסימה ביו אבקת,קריות זול,,סנו מקסימה ביו אבקת,קילוגרמים,1.25,"ק""ג",false,,14.90,11.9200,true,1,35716
7290000295404,false,שקיות אשפה 60 יח סנו,קריות זול,,שקיות אשפה 60 יח סנו,יח',60.00,יח',false,,24.90,0.4150,true,1,35718
7290000295558,false,סנו סושי צמד רדידי א,קריות זול,,סנו סושי צמד רדידי א,מטרים,0.30,מטר,false,,10.90,36.3333,true,1,35722
7290000295794,false,ספוגית מתכת סנו סושי,,,ספוגית מתכת סנו סושי,יחידה,0.00,יחידה,false,,9.90,0.0000,true,1,102679
7290000300900,false,שניצל תירס טבעול 750,קריות זול,,שניצל תירס טבעול 750,גרמים,750.00,100 גרם,false,,28.90,0.0385,true,1,34128
7290000305882,false,אס ירקות עם דגים ברו,קריות זול,,אס ירקות עם דגים ברו,גרמים,120.00,100 גרם,false,,5.90,0.0492,true,1,35024
7290000311203,false,וופל מן שוקו 200גר,,,וופל מן שוקו 200גר,גרמים,200.00,100 גרם,false,,5.90,0.0295,true,1,53879
7290000311210,false,וופל מן לימון 200גר,,,וופל מן לימון 200גר,גרמים,200.00,100 גרם,false,,5.90,0.0295,true,1,53880
7290000311227,false,וופל מן קפה 200גר,,,וופל מן קפה 200גר,גרמים,200.00,100 גרם,false,,5.90,0.0295,true,1,79240
7290000311234,false,וופל מן וניל 200גר,,,וופל מן וניל 200גר,גרמים,200.00,100 גרם,false,,5.90,0.0295,true,1,79241
7290000311272,false,וופל מן במילוי חלווה,,,וופל מן במילוי חלווה,גרמים,180.00,100 גרם,false,,5.90,0.0328,true,1,79242
7290000311425,false,וופל מן מצופים עשירי,,,וופל מן מצופים עשירי,גרמים,220.00,100 גרם,false,,8.90,0.0405,true,1,42915
7290000311708,false,עוגיות חיטה מלאה 300,,,עוגיות חיטה מלאה 300,גרמים,300.00,100 גרם,false,,7.90,0.0263,true,1,89865
7290000311715,false,עוגיות בטעם שוקולד 3,,,עוגיות בטעם שוקולד 3,גרמים,300.00,100 גרם,false,,7.90,0.0263,true,1,89866
7290000311746,false,עוגיות בטעם קרמל 300,,,עוגיות בטעם קרמל 300,גרמים,300.00,100 גרם,false,,7.90,0.0263,true,1,89867
7290000311845,false,עוגיות קמח מלא ללא ס,,,עוגיות קמח מלא ללא ס,גרמים,200.00,100 גרם,false,,10.90,0.0545,true,1,89869
7290000311869,false,וופל מן בטעם שוקולד,,,וופל מן בטעם שוקולד,גרמים,180.00,100 גרם,false,,8.90,0.0494,true,1,89871
7290000311883,false,עוגיות גרנולה ללא סו,,,עוגיות גרנולה ללא סו,גרמים,200.00,100 גרם,false,,10.90,0.0545,true,1,89870
7290000313184,false,חברים ביסקויט גן חיו,קריות זול,,חברים ביסקויט גן חיו,גרמים,250.00,100 גרם,false,,8.90,0.0356,true,1,34139
7290000315140,false,"קורנפלקס מלא בד""צ 50",,,"קורנפלקס מלא בד""צ 50",גרמים,500.00,100 גרם,false,,17.90,0.0358,true,1,63100
7290000318127,false,נקניקיות ביס יחיעם 3,קריות זול,,נקניקיות ביס יחיעם 3,גרמים,380.00,100 גרם,false,,11.90,0.0313,true,1,31885
7290000318677,false,סלמי סרוולט יחיעם 15,קריות זול,,סלמי סרוולט יחיעם 15,גרמים,150.00,100 גרם,false,,29.90,0.1993,true,1,31896
7290000318707,false,סלמי מעושן יחיעם 500,קריות זול,,סלמי מעושן יחיעם 500,גרמים,500.00,100 גרם,false,,35.90,0.0718,true,1,31898
7290000319131,false,נקניקיות עוף יחיעם 4,קריות זול,,נקניקיות עוף יחיעם 4,גרמים,400.00,100 גרם,false,,11.90,0.0298,true,1,31910
7290000319803,false,קבנוס קלאסי יחיעם 12,,,קבנוס קלאסי יחיעם 12,גרמים,125.00,100 גרם,false,,14.90,0.1192,true,1,66976
7290000319834,false,קבנוס פפרוני קלאסי י,,,קבנוס פפרוני קלאסי י,גרמים,125.00,100 גרם,false,,14.90,0.1192,true,1,66977
7290000334684,false,טבעות בצל תפוגן 700ג,קריות זול,,טבעות בצל תפוגן 700ג,גרמים,700.00,100 גרם,false,,18.90,0.0270,true,1,34146
7290000334745,false,"ציפס אמריקאן 1.5ק""ג",,,"ציפס אמריקאן 1.5ק""ג",גרמים,1500.00,100 גרם,false,,26.90,0.0179,true,1,66909
7290000339566,false,בדין ורוד מרכך כביסה,קריות זול,,בדין ורוד מרכך כביסה,ליטרים,4.00,ליטר,false,,19.90,4.9750,true,1,36657
7290000342832,false,בדין צהוב מרכך כביסה,קריות זול,,בדין צהוב מרכך כביסה,ליטרים,4.00,ליטר,false,,19.90,4.9750,true,1,36665
7290000342856,false,בדין כחול מרכך כביסה,קריות זול,,בדין כחול מרכך כביסה,ליטרים,4.00,ליטר,false,,19.90,4.9750,true,1,36666
7290000345215,false,תה ויסוצקי קלאסיק כח,קריות זול,,תה ויסוצקי קלאסיק כח,גרמים,100.00,100 גרם,false,,17.90,0.1790,true,1,40042
7290000345284,false,תה ויסוצקי קלאסיק יר,קריות זול,,תה ויסוצקי קלאסיק יר,גרמים,150.00,100 גרם,false,,17.90,0.1193,true,1,40045
7290000345291,false,תה ארל גריי ויסוצקי,קריות זול,,תה ארל גריי ויסוצקי,יח',25.00,יח',false,,16.90,0.6760,true,1,40046
7290000345307,false,תה ארל גריי ויסוצקי,קריות זול,,תה ארל גריי ויסוצקי,גרמים,75.00,100 גרם,false,,29.90,0.3987,true,1,40047
7290000346021,false,תה קמומיל ויסוצקי 50,קריות זול,,תה קמומיל ויסוצקי 50,יח',50.00,יח',false,,36.90,0.7380,true,1,40054
7290000346120,false,תה קסם הקנמון 25יח,קריות זול,,תה קסם הקנמון 25יח,גרמים,62.50,100 גרם,false,,19.90,0.3184,true,1,40055
7290000346137,false,תה הילולי פירות 25יח,קריות זול,,תה הילולי פירות 25יח,גרמים,62.50,100 גרם,false,,19.90,0.3184,true,1,40056
7290000346199,false,תה פירות יער גן הקסו,קריות זול,,תה פירות יער גן הקסו,גרמים,67.50,100 גרם,false,,19.90,0.2948,true,1,40060
7290000346205,false,תה קמומיל גן הקסום 2,קריות זול,,תה קמומיל גן הקסום 2,גרמים,37.50,100 גרם,false,,19.90,0.5307,true,1,40061
7290000346960,false,תה נענע ויסוצקי 50יח,קריות זול,,תה נענע ויסוצקי 50יח,גרמים,75.00,100 גרם,false,,34.90,0.4653,true,1,40066
7290000347738,false,תה ירוק נענע 25יח,קריות זול,,תה ירוק נענע 25יח,גרמים,37.50,100 גרם,false,,25.90,0.6907,true,1,40069
7290000347752,false,תה ירוק לימונית ולוא,קריות זול,,תה ירוק לימונית ולוא,גרמים,37.50,100 גרם,false,,25.90,0.6907,true,1,40071
7290000364261,false,סלסולי פסטרמה כתף בק,,,סלסולי פסטרמה כתף בק,גרמים,120.00,100 גרם,false,,15.90,0.1325,true,1,85577
7290000364292,false,סלסולי פסטרמה הודו ג,,,סלסולי פסטרמה הודו ג,גרמים,120.00,100 גרם,false,,15.90,0.1325,true,1,85580
7290000364803,false,נקניקיות בקר בסגנון,,,נקניקיות בקר בסגנון,גרמים,500.00,100 גרם,false,,25.90,0.0518,true,1,97941
7290000364858,false,נקניקיות עוף טירת צב,,,נקניקיות עוף טירת צב,גרמים,1000.00,100 גרם,false,,25.90,0.0259,true,1,85594
7290000364872,false,נקניקיות עוף טירת צב,,,נקניקיות עוף טירת צב,גרמים,400.00,100 גרם,false,,14.90,0.0373,true,1,85595
7290000379432,false,לחמניה רגילה,,,לחמניה רגילה,גרמים,75.00,100 גרם,false,,1.90,0.0253,true,1,41510
7290000379616,false,לחם לבן חשוף,,,לחם לבן חשוף,גרמים,750.00,100 גרם,false,,5.10,0.0068,true,1,40004
7290000379623,false,לחם אחיד שחור,,,לחם אחיד שחור,גרמים,750.00,100 גרם,false,,5.10,0.0068,true,1,40005
7290000408316,false,דנונה טבעי 3% 200גר,קריות זול,,דנונה טבעי 3% 200גר,גרמים,200.00,100 גרם,false,,3.70,0.0185,true,1,41977
7290000408354,false,דנונה בר פיצפוצים 17,,,דנונה בר פיצפוצים 17,גרמים,173.00,100 גרם,false,,4.70,0.0272,true,1,41978
7290000412481,false,מנקה אסלות 00 סנו 1ל,קריות זול,,מנקה אסלות 00 סנו 1ל,מיליליטרים,1000.00,"100 מ""ל",false,,8.90,0.0089,true,1,35731
7290000416021,false,ממרח השחר 500גר,קריות זול,,ממרח השחר 500גר,גרמים,500.00,100 גרם,false,,13.90,0.0278,true,1,45311
7290000416045,false,"ממרח השחר חדש 1 ק""ג",,,"ממרח השחר חדש 1 ק""ג",גרמים,1000.00,100 גרם,false,,24.90,0.0249,true,1,36158
7290000416854,false,קקאו השחר 150גר,,,קקאו השחר 150גר,גרמים,150.00,100 גרם,false,,10.90,0.0727,true,1,36163
7290000418131,false,תחבושות טופ פד סופר,,,תחבושות טופ פד סופר,יחידה,0.00,יחידה,false,,6.90,0.0000,true,1,62425
7290000418155,false,תחבושות טופ פד סופר,,,תחבושות טופ פד סופר,יחידה,0.00,יחידה,false,,6.90,0.0000,true,1,62426
7290000419220,false,לנדוור קפה כחול מארז,,,לנדוור קפה כחול מארז,גרמים,300.00,100 גרם,false,,17.90,0.0597,true,1,97337
7290000419374,false,לנדוור קפה טחון טורק,,,לנדוור קפה טחון טורק,גרמים,300.00,100 גרם,false,,17.90,0.0597,true,1,87405
7290000419893,false,לנדוור קפה שחור לבוק,,,לנדוור קפה שחור לבוק,גרמים,100.00,100 גרם,false,,7.90,0.0790,true,1,34154
7290000419909,false,לנדוור קפה שחור טעם,,,לנדוור קפה שחור טעם,גרמים,100.00,100 גרם,false,,7.90,0.0790,true,1,34155
7290000420325,false,פופסטאר בטעם טבעי 5י,קריות זול,,פופסטאר בטעם טבעי 5י,גרמים,500.00,100 גרם,false,,13.90,0.0278,true,1,35297
7290000420332,false,פופסטאר בטעם חמאה 5י,קריות זול,,פופסטאר בטעם חמאה 5י,גרמים,500.00,100 גרם,false,,13.90,0.0278,true,1,35298
7290000436203,false,עוגיות שוקו ציפס ברמ,קריות זול,,עוגיות שוקו ציפס ברמ,גרמים,180.00,100 גרם,false,,5.90,0.0328,true,1,88431
7290000449128,false,סיף פנטסטיק לניקוי כ,קריות זול,,סיף פנטסטיק לניקוי כ,מיליליטרים,4000.00,"100 מ""ל",false,,22.90,0.0057,true,1,36669
7290000453866,false,שמרית תחליף מרגרינה,,,שמרית תחליף מרגרינה,גרמים,200.00,100 גרם,false,,8.90,0.0445,true,1,90814
7290000461625,false,בייגלה שמיניות מלוחו,קריות זול,,בייגלה שמיניות מלוחו,גרמים,400.00,100 גרם,false,,10.90,0.0273,true,1,36673
7290000461700,false,ביגלה גדול גדול 400ג,קריות זול,,ביגלה גדול גדול 400ג,גרמים,400.00,100 גרם,false,,13.90,0.0348,true,1,36676
7290000461793,false,בייגלה ארוך ארוך סיד,קריות זול,,בייגלה ארוך ארוך סיד,גרמים,200.00,100 גרם,false,,6.70,0.0335,true,1,36679
7290000462141,false,סחוג אדום חריף מאוד,,,סחוג אדום חריף מאוד,גרמים,150.00,100 גרם,false,,10.90,0.0727,true,1,41984
7290000462172,false,סחוג ירוק חריף מאוד,קריות זול,,סחוג ירוק חריף מאוד,גרמים,150.00,100 גרם,false,,10.90,0.0727,true,1,41986
7290000467320,false,חומוס אבו מרוואן צבר,,,חומוס אבו מרוואן צבר,גרמים,400.00,100 גרם,false,,14.50,0.0363,true,1,64250
7290000474090,false,חלב בקרטון טרה 1% 1ל,קריות זול,,חלב בקרטון טרה 1% 1ל,מיליליטרים,1000.00,"100 מ""ל",false,,5.86,0.0059,true,1,37564
7290000474373,false,שמנת חמוצה 15% 200מל,קריות זול,,שמנת חמוצה 15% 200מל,מיליליטרים,200.00,"100 מ""ל",false,,2.40,0.0120,true,1,50426
7290000474502,false,גבינה לבנה 5% 250גר,קריות זול,,גבינה לבנה 5% 250גר,גרמים,250.00,100 גרם,false,,4.98,0.0199,true,1,37572
7290000474540,false,גבינת 3% טוב טעם 250,קריות זול,,גבינת 3% טוב טעם 250,גרמים,250.00,100 גרם,false,,11.90,0.0476,true,1,37574
7290000480107,false,קוואקר מהיר אטוס פחי,קריות זול,,קוואקר מהיר אטוס פחי,גרמים,500.00,100 גרם,false,,14.90,0.0298,true,1,35027
7290000480442,false,קואקר שבולת שועל שקי,קריות זול,,קואקר שבולת שועל שקי,גרמים,500.00,100 גרם,false,,13.90,0.0278,true,1,35029
7290000481029,false,פיתות בטעם ביתי 10 י,,,פיתות בטעם ביתי 10 י,גרמים,1000.00,100 גרם,false,,10.90,0.0109,true,1,119348
7290000481043,false,פיתות כוסמין מארז 10,,,פיתות כוסמין מארז 10,גרמים,700.00,100 גרם,false,,15.90,0.0227,true,1,130158
7290000481074,false,*מבצע* לחם טריו דגני,,,*מבצע* לחם טריו דגני,גרמים,750.00,100 גרם,false,,14.90,0.0199,true,1,134289
7290000481197,false,לחם מחמצת גרעינים וש,,,לחם מחמצת גרעינים וש,גרמים,550.00,100 גרם,false,,17.90,0.0325,true,1,135799
7290000481333,false,לחמניות לוסי מארז 8י,,,לחמניות לוסי מארז 8י,יחידה,0.00,יחידה,false,,11.90,0.0000,true,1,65146
7290000481487,false,חלה רגילה 500גר,,,חלה רגילה 500גר,גרמים,500.00,100 גרם,false,,5.17,0.0103,true,1,98412
7290000481517,false,פוקצות 2יח עם שמן זי,,,פוקצות 2יח עם שמן זי,גרמים,320.00,100 גרם,false,,11.90,0.0372,true,1,135796
7290000481531,false,לחמניות חיטה מארז 10,,,לחמניות חיטה מארז 10,יחידה,0.00,יחידה,false,,10.90,0.0000,true,1,65147
7290000481555,false,לחמניה רגילה,,,לחמניה רגילה,גרמים,75.00,100 גרם,false,,1.90,0.0253,true,1,98413
7290000482019,false,קוקי שקיות רגיל 10יח,קריות זול,,קוקי שקיות רגיל 10יח,יחידה,0.00,יחידה,false,,10.90,0.0000,true,1,38350
7290000484747,false,הארק עלית 40% 700מל,,,הארק עלית 40% 700מל,מיליליטרים,700.00,"100 מ""ל",false,,58.90,0.0841,true,1,70662
7290000490397,false,מנבו וניל 20יח,,,מנבו וניל 20יח,יחידה,0.00,יחידה,false,,32.90,0.0000,true,1,135590
7290000490601,false,גלידל חלבי מאגדת בטע,,,גלידל חלבי מאגדת בטע,יח',8.00,יח',false,,29.90,3.7375,true,1,129770
7290000490762,false,גלידל חלבי מאגדת בטע,,,גלידל חלבי מאגדת בטע,יח',8.00,יח',false,,29.90,3.7375,true,1,129771
7290000493176,false,אבקת רוטב צלי אסם 22,קריות זול,,אבקת רוטב צלי אסם 22,גרמים,22.00,100 גרם,false,,4.90,0.2227,true,1,34193
7290000493183,false,אבקת רוטב פטריות אסם,קריות זול,,אבקת רוטב פטריות אסם,גרמים,30.00,100 גרם,false,,4.90,0.1633,true,1,34194
7290000497044,false,לחם אקטיב ברמן 750גר,,,לחם אקטיב ברמן 750גר,גרמים,750.00,100 גרם,false,,16.90,0.0225,true,1,64437
7290000497112,false,לחם אחיד פרוס ברמן,,,לחם אחיד פרוס ברמן,גרמים,750.00,100 גרם,false,,7.10,0.0095,true,1,50016
7290000497228,false,לחמניות בשקית 6יח,,,לחמניות בשקית 6יח,גרמים,450.00,100 גרם,false,,10.90,0.0242,true,1,52921
7290000497273,false,לחמניות אקטיב 6 יח',,,לחמניות אקטיב 6 יח',גרמים,450.00,100 גרם,false,,13.50,0.0300,true,1,70616
7290000497303,false,לחמניה מקמח מלא 6יח,,,לחמניה מקמח מלא 6יח,גרמים,540.00,100 גרם,false,,10.90,0.0202,true,1,50944
7290000497426,false,לחם ברמן לענין פלוס,,,לחם ברמן לענין פלוס,גרמים,500.00,100 גרם,false,,16.90,0.0338,true,1,52923
7290000497488,false,חלה פלוס ברמן 500 גר,,,חלה פלוס ברמן 500 גר,גרמים,500.00,100 גרם,false,,16.90,0.0338,true,1,50463
7290000497532,false,לחם ברמן לעניין 750ג,,,לחם ברמן לעניין 750ג,גרמים,750.00,100 גרם,false,,14.90,0.0199,true,1,50017
7290000497570,false,לחם דגנים פלוס ברמן,,,לחם דגנים פלוס ברמן,גרמים,500.00,100 גרם,false,,16.90,0.0338,true,1,49957
7290000498003,false,לחם מקמח מלא ברמן 75,קריות זול,,לחם מקמח מלא ברמן 75,גרמים,750.00,100 גרם,false,,16.90,0.0225,true,1,92593
7290000498034,false,לחם מקמח כוסמין מלא,,,לחם מקמח כוסמין מלא,גרמים,750.00,100 גרם,false,,16.90,0.0225,true,1,104871
7290000498256,false,מארז 10יח לחמניות בר,,,מארז 10יח לחמניות בר,יחידה,0.00,יחידה,false,,13.90,0.0000,true,1,86860
7290000498423,false,חלה מתוקה ברמן,,,חלה מתוקה ברמן,גרמים,500.00,100 גרם,false,,8.90,0.0178,true,1,63369
7290000518169,false,מתוק וקל 1000 טבליות,קריות זול,,מתוק וקל 1000 טבליות,יח',1000.00,יח',false,,9.90,0.0099,true,1,40924
7290000518190,false,מתוק וקל סטיביה 100,,,מתוק וקל סטיביה 100,יחידה,0.00,יחידה,false,,27.90,0.0000,true,1,89475
7290000518220,false,סוכרה דיאט 100 שקיות,,,סוכרה דיאט 100 שקיות,יחידה,0.00,יחידה,false,,27.90,0.0000,true,1,89476
7290000518251,false,מתוק וקל זהב 100 שקי,קריות זול,,מתוק וקל זהב 100 שקי,גרמים,100.00,100 גרם,false,,14.90,0.1490,true,1,40927
7290000521008,false,יין סגל אדום יבש 750,,,יין סגל אדום יבש 750,מיליליטרים,750.00,"100 מ""ל",false,,24.90,0.0332,true,1,32433
7290000521022,false,יין סגל לבן חצי יבש,,,יין סגל לבן חצי יבש,מיליליטרים,750.00,"100 מ""ל",false,,24.90,0.0332,true,1,32435
7290000521404,false,יין מרום גליל קברנה,,,יין מרום גליל קברנה,מיליליטרים,750.00,"100 מ""ל",false,,39.90,0.0532,true,1,56656
7290000521411,false,יין מרום גליל מרלו ס,,,יין מרום גליל מרלו ס,מיליליטרים,750.00,"100 מ""ל",false,,39.90,0.0532,true,1,56657
7290000523125,false,מלח הארץ ים יבש 250,קריות זול,,מלח הארץ ים יבש 250,גרמים,250.00,100 גרם,false,,6.90,0.0276,true,1,40073
7290000523224,false,מלח הארץ ים יבש 500,קריות זול,,מלח הארץ ים יבש 500,גרמים,500.00,100 גרם,false,,9.90,0.0198,true,1,40074
7290000523804,false,מלח הארץ עדין צנצנת,,,מלח הארץ עדין צנצנת,גרמים,1000.00,100 גרם,false,,8.90,0.0089,true,1,53705
7290000530086,false,*מבצע* נקניק סלמי מע,קריות זול,,*מבצע* נקניק סלמי מע,גרמים,600.00,100 גרם,false,,26.90,0.0448,true,1,39678
7290000530109,false,קבנוס זוגלובק זוג 18,,,קבנוס זוגלובק זוג 18,גרמים,180.00,100 גרם,false,,33.90,0.1883,true,1,39679
7290000530116,false,*מבצע* נקניק בשן זוג,קריות זול,,*מבצע* נקניק בשן זוג,גרמים,470.00,100 גרם,false,,18.90,0.0402,true,1,39680
7290000530413,false,המבורגר זהב זוגלובק,קריות זול,,המבורגר זהב זוגלובק,גרמים,400.00,100 גרם,false,,24.90,0.0622,true,1,39682
7290000530598,false,נקניקיות וינר גוליבר,קריות זול,,נקניקיות וינר גוליבר,גרמים,500.00,100 גרם,false,,15.90,0.0318,true,1,39685
7290000530604,false,נקניקיות חריפות זוגל,קריות זול,,נקניקיות חריפות זוגל,גרמים,400.00,100 גרם,false,,15.90,0.0398,true,1,39686
7290000530703,false,נקניק תה 400גר + חרמ,,,נקניק תה 400גר + חרמ,גרמים,800.00,100 גרם,false,,32.90,0.0411,true,1,39687
7290000531601,false,סטייק בורגר זוגלובק,קריות זול,,סטייק בורגר זוגלובק,גרמים,400.00,100 גרם,false,,24.90,0.0622,true,1,39689
7290000536316,false,שניצל מן הצומח זוגלו,קריות זול,,שניצל מן הצומח זוגלו,גרמים,1000.00,100 גרם,false,,32.90,0.0329,true,1,39700
7290000536743,false,קריספי סטיקס תירס זו,,,קריספי סטיקס תירס זו,גרמים,500.00,100 גרם,false,,21.90,0.0438,true,1,65501
7290000537566,false,נקניקיות עוף זוגלובק,קריות זול,,נקניקיות עוף זוגלובק,גרמים,400.00,100 גרם,false,,14.90,0.0373,true,1,39703
7290000554402,false,מלבי 160גר מחלבות גד,קריות זול,,מלבי 160גר מחלבות גד,גרמים,160.00,100 גרם,false,,5.90,0.0369,true,1,31657
7290000554457,false,צפתית 5% 350גר מחלבו,קריות זול,,צפתית 5% 350גר מחלבו,גרמים,350.00,100 גרם,false,,22.90,0.0654,true,1,31658
7290000554471,false,מוצרלה נקניק טבעי מח,קריות זול,,מוצרלה נקניק טבעי מח,גרמים,180.00,100 גרם,false,,17.90,0.0994,true,1,31659
7290000554532,false,צפתית מעודנת במלח ים,,,צפתית מעודנת במלח ים,גרמים,200.00,100 גרם,false,,14.90,0.0745,true,1,31660
7290000554600,false,מוצרלה 22% מגורדת 30,קריות זול,,מוצרלה 22% מגורדת 30,גרמים,300.00,100 גרם,false,,27.90,0.0930,true,1,31661
7290000554624,false,ירח מתוק 150גר מחלבו,קריות זול,,ירח מתוק 150גר מחלבו,גרמים,150.00,100 גרם,false,,5.90,0.0393,true,1,31662
7290000554686,false,לאבנה בשמן זית וזעתר,קריות זול,,לאבנה בשמן זית וזעתר,גרמים,250.00,100 גרם,false,,14.70,0.0588,true,1,31663
7290000554822,false,ריקוטה טבעי 5% 250גר,קריות זול,,ריקוטה טבעי 5% 250גר,גרמים,250.00,100 גרם,false,,15.70,0.0628,true,1,31664
7290000554839,false,גבינה מסקרפונה 40% 2,קריות זול,,גבינה מסקרפונה 40% 2,גרמים,250.00,100 גרם,false,,22.70,0.0908,true,1,31665
7290000560540,false,אדג גל גילוח כתום לע,קריות זול,,אדג גל גילוח כתום לע,מיליליטרים,200.00,"100 מ""ל",false,,17.90,0.0895,true,1,35306
7290000572208,false,חלבה אחווה 100גר,,,חלבה אחווה 100גר,גרמים,100.00,100 גרם,false,,3.90,0.0390,true,1,45805
7290000572222,false,חלבה בבלוק אחווה 500,,,חלבה בבלוק אחווה 500,גרמים,500.00,100 גרם,false,,11.90,0.0238,true,1,45806
7290000572529,false,חלבה פיסטוק אחווה 40,,,חלבה פיסטוק אחווה 40,גרמים,400.00,100 גרם,false,,14.90,0.0373,true,1,45807
7290000572543,false,חלבה קקאו וניל 400 ג,,,חלבה קקאו וניל 400 ג,גרמים,400.00,100 גרם,false,,12.90,0.0323,true,1,45809
7290000572628,false,חטיף חלבה ללא סוכר 1,,,חטיף חלבה ללא סוכר 1,גרמים,275.00,100 גרם,false,,13.90,0.0505,true,1,45810
7290000574011,false,מארז 8 לחמניות חיטה,,,מארז 8 לחמניות חיטה,יח',8.00,יח',false,,11.90,1.4875,true,1,118739
7290000574028,false,לחם שחור מועשר פלוס,,,לחם שחור מועשר פלוס,גרמים,750.00,100 גרם,false,,8.90,0.0119,true,1,105066
7290000574035,false,לחם אחיד פרוס 750גרם,,,לחם אחיד פרוס 750גרם,גרמים,750.00,100 גרם,false,,7.10,0.0095,true,1,41520
7290000574066,false,לחם חיטה מלאה עם שיפ,,,לחם חיטה מלאה עם שיפ,גרמים,750.00,100 גרם,false,,15.90,0.0212,true,1,64571
7290000574097,false,מארז לחמניות מיוחדות,,,מארז לחמניות מיוחדות,יח',8.00,יח',false,,11.90,1.4875,true,1,118740
7290000574141,false,לחם חיטה מלאה 750גר,,,לחם חיטה מלאה 750גר,גרמים,750.00,100 גרם,false,,13.90,0.0185,true,1,41525
7290000574158,false,מארז 8 לחמניות לוסי,,,מארז 8 לחמניות לוסי,יח',8.00,יח',false,,11.90,1.4875,true,1,118741
7290000574165,false,חלה פרוסה מעודנת 500,,,חלה פרוסה מעודנת 500,גרמים,500.00,100 גרם,false,,9.90,0.0198,true,1,41526
7290000574172,false,לחם קל חיטה מלאה 750,,,לחם קל חיטה מלאה 750,גרמים,750.00,100 גרם,false,,16.90,0.0225,true,1,41527
7290000574189,false,מארז 6 לחמניות קלועו,,,מארז 6 לחמניות קלועו,יח',6.00,יח',false,,11.90,1.9833,true,1,118742
7290000574226,false,לחמניות אצבע דגנית מ,,,לחמניות אצבע דגנית מ,יחידה,0.00,יחידה,false,,11.90,0.0000,true,1,118872
7290000574233,false,לחמניה רגילה,,,לחמניה רגילה,גרמים,75.00,100 גרם,false,,1.90,0.0253,true,1,98414
7290000574257,false,*מבצע* לחם שחור פרוס,,,*מבצע* לחם שחור פרוס,גרמים,750.00,100 גרם,false,,12.90,0.0172,true,1,41529
7290000574301,false,לחמניות 10יח חיטה מל,,,לחמניות 10יח חיטה מל,יחידה,0.00,יחידה,false,,11.90,0.0000,true,1,119347
7290000574332,false,חלה קלה 500גר,,,חלה קלה 500גר,גרמים,500.00,100 גרם,false,,16.90,0.0338,true,1,41531
7290000574370,false,לחם שיפון אמיתי קל 5,,,לחם שיפון אמיתי קל 5,גרמים,500.00,100 גרם,false,,16.90,0.0338,true,1,55392
7290000574455,false,לחם חיטה מלאה כוסמין,,,לחם חיטה מלאה כוסמין,גרמים,750.00,100 גרם,false,,16.90,0.0225,true,1,67388
7290000599571,false,צמר פלדה 200גר,,,צמר פלדה 200גר,גרמים,200.00,100 גרם,false,,5.90,0.0295,true,1,52943
7290000611099,false,כבד עוף לצליה בלבד,,,כבד עוף לצליה בלבד,קילוגרמים,1.00,"ק""ג",true,,24.90,24.9000,true,1,37395
7290000611181,false,כנפיים עוף טרי,,,כנפיים עוף טרי,קילוגרמים,1.00,"ק""ג",true,,11.90,11.9000,true,1,37400
7290000611242,false,פילה עוף טרי,,,פילה עוף טרי,קילוגרמים,1.00,"ק""ג",true,,39.90,39.9000,true,1,53231
7290000611419,false,קורקבן עוף טרי,,,קורקבן עוף טרי,קילוגרמים,1.00,"ק""ג",true,,10.90,10.9000,true,1,37404
7290000612461,false,כנפיים הודו טרי,,,כנפיים הודו טרי,קילוגרמים,1.00,"ק""ג",true,,16.90,16.9000,true,1,37420
7290000631059,false,כבד עוף לצליה בלבד,,,כבד עוף לצליה בלבד,קילוגרמים,1.00,"ק""ג",true,,24.90,24.9000,true,1,96857
7290000643243,false,שווארמה הודו נקבה טר,,,שווארמה הודו נקבה טר,קילוגרמים,1.00,"ק""ג",true,,74.90,74.9000,true,1,99931
7290000644356,false,גרון הודו נ. טרי,,,גרון הודו נ. טרי,קילוגרמים,1.00,"ק""ג",true,,29.90,29.9000,true,1,43814
7290000658926,false,פילה מרלוזה קפוא 100,,,פילה מרלוזה קפוא 100,קילוגרמים,1.00,"ק""ג",true,,34.90,34.9000,true,1,110813
7290000688084,false,"מי עדן ספורט 500מ""ל",קריות זול,,"מי עדן ספורט 500מ""ל",מיליליטרים,500.00,"100 מ""ל",false,,3.00,0.0060,true,1,36299
7290000688176,false,"מי עדן 250מ""ל",,,"מי עדן 250מ""ל",מיליליטרים,250.00,"100 מ""ל",false,,2.90,0.0116,true,1,36301
7290000688374,false,מי עדן בייבי שישיה 6,קריות זול,,מי עדן בייבי שישיה 6,מיליליטרים,1980.00,"100 מ""ל",false,,15.90,0.0080,true,1,36302
7290000688381,false,מי עדן ספורט שישייה,קריות זול,,מי עדן ספורט שישייה,מיליליטרים,3000.00,"100 מ""ל",false,,13.90,0.0046,true,1,36303
7290000688503,false,מי עדן ג'ים שישייה 6,קריות זול,,מי עדן ג'ים שישייה 6,מיליליטרים,4500.00,"100 מ""ל",false,,19.90,0.0044,true,1,36305
7290000692227,false,פלמוליב לכלים קלאסי,קריות זול,,פלמוליב לכלים קלאסי,מיליליטרים,1000.00,"100 מ""ל",false,,14.90,0.0149,true,1,38357
7290000931673,false,סברס,,,סברס,קילוגרמים,1.00,"ק""ג",true,,28.90,28.9000,true,1,86519
7290000932407,false,קוקוס,,,קוקוס,גרמים,1000.00,100 גרם,false,,6.90,0.0069,true,1,86521
7290000979427,false,שרי כתום ארוז בלב,,,שרי כתום ארוז בלב,גרמים,460.00,100 גרם,false,,9.90,0.0215,true,1,134523
7290000991029,false,ערמונים,,,ערמונים,קילוגרמים,1.00,"ק""ג",true,,18.90,18.9000,true,1,86440
7290000991527,false,פטרוזיליה בגומי,,,פטרוזיליה בגומי,יחידה,0.00,יחידה,false,,3.90,0.0000,true,1,99443
7290000991528,false,כוסברה בגומי,,,כוסברה בגומי,יחידה,0.00,יחידה,false,,3.90,0.0000,true,1,99444
7290000991529,false,שמיר בגומי,,,שמיר בגומי,יחידה,0.00,יחידה,false,,3.90,0.0000,true,1,99445
7290000991530,false,נענע בגומי,,,נענע בגומי,יחידה,0.00,יחידה,false,,3.90,0.0000,true,1,99446
7290000991961,false,תפוח ברשת,,,תפוח ברשת,קילוגרמים,1.00,"ק""ג",true,,6.90,6.9000,true,1,86525
7290000992381,false,אפרסמון,,,אפרסמון,קילוגרמים,1.00,"ק""ג",true,,14.90,14.9000,true,1,86441
7290000992426,false,אנונה,,,אנונה,קילוגרמים,1.00,"ק""ג",true,,24.90,24.9000,true,1,86527
7290000993461,false,שרי צהוב ארוז בלב,,,שרי צהוב ארוז בלב,גרמים,460.00,100 גרם,false,,9.90,0.0215,true,1,134524
7290000995410,false,נבטים סיניים נבטי הע,,,נבטים סיניים נבטי הע,גרמים,1000.00,100 גרם,false,,7.90,0.0079,true,1,32173
7290000997850,false,פלפל צילי חריף,,,פלפל צילי חריף,יחידה,0.00,יחידה,false,,14.90,0.0000,true,1,100852
7290000999350,false,תפוז ארוז ברשת,,,תפוז ארוז ברשת,קילוגרמים,1.00,"ק""ג",true,,3.90,3.9000,true,1,86443
7290000999361,false,"תפו""ע פינק גולד",,,"תפו""ע פינק גולד",קילוגרמים,1.00,"ק""ג",true,,15.90,15.9000,true,1,86444
7290000999419,false,אבוקדו ארוז ברשת,,,אבוקדו ארוז ברשת,קילוגרמים,1.00,"ק""ג",true,,8.90,8.9000,true,1,100856
7290000999626,false,ברוקולי ארוז,,,ברוקולי ארוז,גרמים,1000.00,100 גרם,false,,7.90,0.0079,true,1,100862
7290000999748,false,גינגר תפזורת,,,גינגר תפזורת,קילוגרמים,1.00,"ק""ג",true,,24.90,24.9000,true,1,86593
7290000999752,false,רימון,,,רימון,קילוגרמים,1.00,"ק""ג",true,,8.90,8.9000,true,1,86445
7290000999753,false,קוסבייה(ארטישוק ירוש,,,קוסבייה(ארטישוק ירוש,קילוגרמים,1.00,"ק""ג",true,,14.90,14.9000,true,1,86536
7290000999782,false,עגבניה מגי,,,עגבניה מגי,קילוגרמים,1.00,"ק""ג",true,,15.90,15.9000,true,1,86597
7290000999818,false,אננס,,,אננס,יחידה,0.00,יחידה,false,,29.90,0.0000,true,1,86538
7290000999819,false,קלמנטינה/מנדרינה,,,קלמנטינה/מנדרינה,קילוגרמים,1.00,"ק""ג",true,,6.90,6.9000,true,1,86446
7290000999821,false,קיווי,,,קיווי,קילוגרמים,1.00,"ק""ג",true,,19.90,19.9000,true,1,86539
7290000999823,false,חבושים,,,חבושים,קילוגרמים,1.00,"ק""ג",true,,14.90,14.9000,true,1,86505
7290000999832,false,גויבה,,,גויבה,קילוגרמים,1.00,"ק""ג",true,,18.90,18.9000,true,1,86542
7290000999833,false,ברוקולי,,,ברוקולי,גרמים,1000.00,100 גרם,false,,7.90,0.0079,true,1,86447
7290000999834,false,דלורית,,,דלורית,קילוגרמים,1.00,"ק""ג",true,,5.90,5.9000,true,1,86543
7290000999877,false,"תפו""א לאפיה קטן",,,"תפו""א לאפיה קטן",קילוגרמים,1.00,"ק""ג",true,,3.90,3.9000,true,1,86547
7290000999896,false,ענבים אדום,,,ענבים אדום,קילוגרמים,1.00,"ק""ג",true,,24.90,24.9000,true,1,86449
7290000999901,false,עגבניה אשכולות,,,עגבניה אשכולות,קילוגרמים,1.00,"ק""ג",true,,5.90,5.9000,true,1,86450
7290000999902,false,עגבניה שרי,,,עגבניה שרי,קילוגרמים,1.00,"ק""ג",true,,15.90,15.9000,true,1,86451
7290000999903,false,מלפפון,,,מלפפון,קילוגרמים,1.00,"ק""ג",true,,5.90,5.9000,true,1,86452
7290000999904,false,פלפל ירוק,,,פלפל ירוק,קילוגרמים,1.00,"ק""ג",true,,8.90,8.9000,true,1,86549
7290000999906,false,פלפל אדום,,,פלפל אדום,קילוגרמים,1.00,"ק""ג",true,,8.90,8.9000,true,1,86453
7290000999907,false,פלפל צהוב,,,פלפל צהוב,קילוגרמים,1.00,"ק""ג",true,,8.90,8.9000,true,1,86551
7290000999908,false,פלפל חריף,,,פלפל חריף,קילוגרמים,1.00,"ק""ג",true,,9.90,9.9000,true,1,86454
7290000999909,false,כרוב לבן,,,כרוב לבן,קילוגרמים,1.00,"ק""ג",true,,3.90,3.9000,true,1,86455
7290000999910,false,כרוב אדום,,,כרוב אדום,קילוגרמים,1.00,"ק""ג",true,,6.90,6.9000,true,1,86552
7290000999911,false,כרובית,,,כרובית,קילוגרמים,1.00,"ק""ג",true,,11.90,11.9000,true,1,86456
7290000999912,false,קישואים,,,קישואים,קילוגרמים,1.00,"ק""ג",true,,7.90,7.9000,true,1,86457
7290000999913,false,חציל,,,חציל,קילוגרמים,1.00,"ק""ג",true,,5.90,5.9000,true,1,86458
7290000999914,false,גזר ארוז,,,גזר ארוז,קילוגרמים,1.00,"ק""ג",true,,3.90,3.9000,true,1,86459
7290000999916,false,סלק,,,סלק,קילוגרמים,1.00,"ק""ג",true,,5.90,5.9000,true,1,86482
7290000999917,false,בטטה,,,בטטה,קילוגרמים,1.00,"ק""ג",true,,8.90,8.9000,true,1,86461
7290000999918,false,דלעת,,,דלעת,קילוגרמים,1.00,"ק""ג",true,,9.90,9.9000,true,1,86553
7290000999919,false,בצל יבש,,,בצל יבש,קילוגרמים,1.00,"ק""ג",true,,3.90,3.9000,true,1,86554
7290000999920,false,בצל אדום,,,בצל אדום,קילוגרמים,1.00,"ק""ג",true,,6.90,6.9000,true,1,86555
7290000999921,false,חסה ערבית,,,חסה ערבית,גרמים,1000.00,100 גרם,false,,4.90,0.0049,true,1,86477
7290000999922,false,חסה עגולה,,,חסה עגולה,גרמים,1000.00,100 גרם,false,,5.90,0.0059,true,1,86580
7290000999924,false,שום יבש,,,שום יבש,גרמים,1000.00,100 גרם,false,,7.90,0.0079,true,1,86556
7290000999925,false,"תפו""א לבן",,,"תפו""א לבן",קילוגרמים,1.00,"ק""ג",true,,3.90,3.9000,true,1,86462
7290000999926,false,"תפו""א אדום",,,"תפו""א אדום",קילוגרמים,1.00,"ק""ג",true,,4.90,4.9000,true,1,86463
7290000999932,false,סלרי ראש,,,סלרי ראש,גרמים,1000.00,100 גרם,false,,5.90,0.0059,true,1,99447
7290000999934,false,עגבניה שרי תמר,,,עגבניה שרי תמר,קילוגרמים,1.00,"ק""ג",true,,19.90,19.9000,true,1,86464
7290000999936,false,תירס,,,תירס,קילוגרמים,1.00,"ק""ג",true,,9.90,9.9000,true,1,86465
7290000999942,false,תפו'ע זהוב,,,תפו'ע זהוב,קילוגרמים,1.00,"ק""ג",true,,11.90,11.9000,true,1,86466
7290000999943,false,תפו'ע סמיט,,,תפו'ע סמיט,קילוגרמים,1.00,"ק""ג",true,,9.90,9.9000,true,1,86467
7290000999944,false,תפו'ע חרמון/גלה,,,תפו'ע חרמון/גלה,קילוגרמים,1.00,"ק""ג",true,,11.90,11.9000,true,1,86468
7290000999945,false,אגס,,,אגס,קילוגרמים,1.00,"ק""ג",true,,13.90,13.9000,true,1,86469
7290000999949,false,בננה,,,בננה,קילוגרמים,1.00,"ק""ג",true,,6.90,6.9000,true,1,86560
7290000999950,false,מלון,,,מלון,קילוגרמים,1.00,"ק""ג",true,,8.90,8.9000,true,1,86561
7290000999952,false,ענבים לבנים,,,ענבים לבנים,קילוגרמים,1.00,"ק""ג",true,,24.90,24.9000,true,1,86470
7290000999953,false,לימון,,,לימון,קילוגרמים,1.00,"ק""ג",true,,6.90,6.9000,true,1,86471
7290000999954,false,מנגו,,,מנגו,קילוגרמים,1.00,"ק""ג",true,,14.90,14.9000,true,1,86563
7290000999955,false,קולורבי,,,קולורבי,קילוגרמים,1.00,"ק""ג",true,,7.90,7.9000,true,1,86478
7290000999956,false,פלפל כתום,,,פלפל כתום,קילוגרמים,1.00,"ק""ג",true,,9.90,9.9000,true,1,86564
7290000999957,false,אבוקדו,,,אבוקדו,קילוגרמים,1.00,"ק""ג",true,,9.90,9.9000,true,1,86472
7290000999959,false,תפו'ע יונתן,,,תפו'ע יונתן,קילוגרמים,1.00,"ק""ג",true,,9.90,9.9000,true,1,86566
7290000999961,false,שומר,,,שומר,קילוגרמים,1.00,"ק""ג",true,,6.90,6.9000,true,1,86473
7290000999967,false,פומלה,,,פומלה,קילוגרמים,1.00,"ק""ג",true,,8.90,8.9000,true,1,86568
7290000999976,false,תפו'ע ענה,,,תפו'ע ענה,קילוגרמים,1.00,"ק""ג",true,,9.90,9.9000,true,1,86571
7290000999988,false,תפוז,,,תפוז,קילוגרמים,1.00,"ק""ג",true,,5.90,5.9000,true,1,86474
7290000999990,false,פומלית,,,פומלית,קילוגרמים,1.00,"ק""ג",true,,5.90,5.9000,true,1,86575
7290000999994,false,שום ירוק,,,שום ירוק,קילוגרמים,1.00,"ק""ג",true,,19.90,19.9000,true,1,86578
7290001009123,false,לחם כוסמין 100% 600,,,לחם כוסמין 100% 600,גרמים,600.00,100 גרם,false,,15.90,0.0265,true,1,99597
7290001009178,false,לחם שיפון לחמנו 900ג,,,לחם שיפון לחמנו 900ג,גרמים,900.00,100 גרם,false,,15.90,0.0177,true,1,44372
7290001050019,false,"קמח תפו""א פרימיום 50",,,"קמח תפו""א פרימיום 50",גרמים,500.00,100 גרם,false,,5.90,0.0118,true,1,95561
7290001072011,false,דאודורנט נובו מאן 15,,,דאודורנט נובו מאן 15,מיליליטרים,150.00,"100 מ""ל",false,,9.90,0.0660,true,1,110162
7290001072028,false,דאודורנט נובו מאן 15,,,דאודורנט נובו מאן 15,מיליליטרים,150.00,"100 מ""ל",false,,9.90,0.0660,true,1,110163
7290001072035,false,דאודורנט נובו מאן 15,,,דאודורנט נובו מאן 15,מיליליטרים,150.00,"100 מ""ל",false,,9.90,0.0660,true,1,110164
7290001072042,false,דאודורנט נובו מאן 15,,,דאודורנט נובו מאן 15,מיליליטרים,150.00,"100 מ""ל",false,,9.90,0.0660,true,1,110165
7290001072059,false,דאודורנט נובו לנשים,,,דאודורנט נובו לנשים,מיליליטרים,150.00,"100 מ""ל",false,,9.90,0.0660,true,1,116998
7290001072066,false,דאודורנט נובו לנשים,,,דאודורנט נובו לנשים,מיליליטרים,150.00,"100 מ""ל",false,,9.90,0.0660,true,1,116999
7290001072110,false,סבון ידיים כחול+משאב,,,סבון ידיים כחול+משאב,מיליליטרים,1000.00,"100 מ""ל",false,,10.90,0.0109,true,1,66493
7290001121054,false,צמד חמד יחיעם 700 גר,קריות זול,,צמד חמד יחיעם 700 גר,גרמים,700.00,100 גרם,false,,29.90,0.0427,true,1,31923
7290001136294,false,נקה 7 שמפו לשיער יבש,,,נקה 7 שמפו לשיער יבש,מיליליטרים,750.00,"100 מ""ל",false,,12.90,0.0172,true,1,41635
7290001136300,false,נקה 7 שמפו לסירוק קל,,,נקה 7 שמפו לסירוק קל,מיליליטרים,750.00,"100 מ""ל",false,,12.90,0.0172,true,1,41636
7290001136683,false,נקה 7 מרכך לשיער רגי,,,נקה 7 מרכך לשיער רגי,מיליליטרים,750.00,"100 מ""ל",false,,12.90,0.0172,true,1,41642
7290001216231,false,טחינה שומשום מלא אל,,,טחינה שומשום מלא אל,גרמים,500.00,100 גרם,false,,17.90,0.0358,true,1,69525
7290001245415,false,נוזל רצפות פאוור מג',,,נוזל רצפות פאוור מג',מיליליטרים,4000.00,"100 מ""ל",false,,12.90,0.0032,true,1,95525
7290001245705,false,אקונומיקה מבושמת טאצ,,,אקונומיקה מבושמת טאצ,מיליליטרים,4000.00,"100 מ""ל",false,,10.90,0.0027,true,1,110903
7290001245897,false,נוזל רצפות יסמין 4ל,,,נוזל רצפות יסמין 4ל,מיליליטרים,4000.00,"100 מ""ל",false,,10.00,0.0025,true,1,105241
7290001245958,false,מרכך כביסה ורוד 4 לי,,,מרכך כביסה ורוד 4 לי,ליטרים,4.00,ליטר,false,,12.90,3.2250,true,1,105221
7290001245965,false,מרכך כביסה כחול 4 לי,,,מרכך כביסה כחול 4 לי,ליטרים,4.00,ליטר,false,,12.90,3.2250,true,1,105222
7290001246061,false,מרכך פרימיום פנטזי 1,,,מרכך פרימיום פנטזי 1,ליטרים,1.00,ליטר,false,,13.90,13.9000,true,1,105231
7290001246122,false,תרסיס ניקוי כללי 750,,,תרסיס ניקוי כללי 750,מיליליטרים,750.00,"100 מ""ל",false,,9.90,0.0132,true,1,105249
7290001246153,false,מבשם נטול גז ורוד 35,,,מבשם נטול גז ורוד 35,מיליליטרים,350.00,"100 מ""ל",false,,7.90,0.0226,true,1,105250
7290001246221,false,תרסיס מטהר אוויר לימ,,,תרסיס מטהר אוויר לימ,מיליליטרים,300.00,"100 מ""ל",false,,4.90,0.0163,true,1,105256
7290001246238,false,תרסיס מטהר אוויר פרי,,,תרסיס מטהר אוויר פרי,מיליליטרים,300.00,"100 מ""ל",false,,4.90,0.0163,true,1,105257
7290001246276,false,תרסיס מטהר אוויר אור,,,תרסיס מטהר אוויר אור,מיליליטרים,300.00,"100 מ""ל",false,,4.90,0.0163,true,1,105255
7290001246542,false,ת.מבריק רהיטים 400 מ,,,ת.מבריק רהיטים 400 מ,מיליליטרים,400.00,"100 מ""ל",false,,14.90,0.0373,true,1,105259
7290001246634,false,נוזל אסלות 1 ליטר טא,,,נוזל אסלות 1 ליטר טא,ליטרים,1.00,ליטר,false,,6.90,6.9000,true,1,105243
7290001246818,false,מגיק מנקה שטיחים תרס,,,מגיק מנקה שטיחים תרס,מיליליטרים,600.00,"100 מ""ל",false,,15.50,0.0258,true,1,45747
7290001247082,false,ספרינג עגבניות קרטונ,קריות זול,,ספרינג עגבניות קרטונ,מיליליטרים,1000.00,"100 מ""ל",false,,7.90,0.0079,true,1,36315
7290001247099,false,ספרינג מנגו קרטונית,קריות זול,,ספרינג מנגו קרטונית,מיליליטרים,1000.00,"100 מ""ל",false,,7.90,0.0079,true,1,36316
7290001247112,false,ספרינג לימונענע קרטו,קריות זול,,ספרינג לימונענע קרטו,מיליליטרים,1000.00,"100 מ""ל",false,,7.90,0.0079,true,1,36318
7290001247129,false,ספרינג תפוז קרטונית,קריות זול,,ספרינג תפוז קרטונית,מיליליטרים,1000.00,"100 מ""ל",false,,7.90,0.0079,true,1,36319
7290001247143,false,ספרינג תפוח קרטונית,קריות זול,,ספרינג תפוח קרטונית,מיליליטרים,1000.00,"100 מ""ל",false,,7.90,0.0079,true,1,36321
7290001274934,false,גלידל פרי מאגדת בטעם,,,גלידל פרי מאגדת בטעם,יח',5.00,יח',false,,22.90,4.5800,true,1,129764
7290001305058,false,פלמוליב תחליב רחצה ס,קריות זול,,פלמוליב תחליב רחצה ס,מיליליטרים,500.00,"100 מ""ל",false,,16.90,0.0338,true,1,38366
7290001327180,false,קרמיסימו וניל ציפ 1.,קריות זול,,קרמיסימו וניל ציפ 1.,מיליליטרים,1330.00,"100 מ""ל",false,,21.90,0.0165,true,1,38846
7290001327791,false,קרמיסימו עוגיות 1.33,קריות זול,,קרמיסימו עוגיות 1.33,מיליליטרים,1330.00,"100 מ""ל",false,,21.90,0.0165,true,1,38850
7290001330746,false,עוגת ברון לייצן 550ג,,,עוגת ברון לייצן 550ג,גרמים,550.00,100 גרם,false,,47.90,0.0871,true,1,101131
7290001330753,false,עוגת ברון שחרחורת 55,,,עוגת ברון שחרחורת 55,גרמים,550.00,100 גרם,false,,47.90,0.0871,true,1,101132
7290001330760,false,עוגת ברון תותי פרוטי,,,עוגת ברון תותי פרוטי,גרמים,550.00,100 גרם,false,,47.90,0.0871,true,1,101133
7290001330890,false,עוגת ברון פולונז קוט,,,עוגת ברון פולונז קוט,יחידה,0.00,יחידה,false,,77.90,0.0000,true,1,101134
7290001330951,false,עוגת ברון סיביר 800,,,עוגת ברון סיביר 800,גרמים,800.00,100 גרם,false,,87.90,0.1099,true,1,101136
7290001436790,false,נקניקיות מרגז מיני א,,,נקניקיות מרגז מיני א,גרמים,500.00,100 גרם,false,,29.90,0.0598,true,1,87533
7290001455418,false,סטייק טונה בדץ קפוא,,,סטייק טונה בדץ קפוא,קילוגרמים,1.00,"ק""ג",true,,39.90,39.9000,true,1,89140
7290001455456,false,פילה נסיכת הנילוס פר,,,פילה נסיכת הנילוס פר,קילוגרמים,1.00,"ק""ג",true,,69.90,69.9000,true,1,102183
7290001455937,false,*מבצע* אנטריקוט עגל,,,*מבצע* אנטריקוט עגל,קילוגרמים,1.00,"ק""ג",true,,99.00,99.0000,true,1,130889
7290001485019,false,גבינת שמנת טבעי 5% 2,קריות זול,,גבינת שמנת טבעי 5% 2,גרמים,200.00,100 גרם,false,,12.90,0.0645,true,1,37581
7290001567937,false,איטלקי מפולפל יחיעם,,,איטלקי מפולפל יחיעם,גרמים,200.00,100 גרם,false,,12.90,0.0645,true,1,92780
7290001594377,false,פריגת תפוזים 500 מל,קריות זול,,פריגת תפוזים 500 מל,מיליליטרים,500.00,"100 מ""ל",false,,6.50,0.0130,true,1,37608
7290001594575,false,בירה טובורג פחית 500,קריות זול,,בירה טובורג פחית 500,מיליליטרים,500.00,"100 מ""ל",false,,9.90,0.0198,true,1,37614
7290001594858,false,בירה טובורג בקבוק שי,קריות זול,,בירה טובורג בקבוק שי,מיליליטרים,1980.00,"100 מ""ל",false,,39.90,0.0202,true,1,37620
7290001594865,false,שישיית בירה קרלסברג,קריות זול,,שישיית בירה קרלסברג,מיליליטרים,1980.00,"100 מ""ל",false,,39.90,0.0202,true,1,37621
7290001648919,false,קפה כתר 3*70גר,,,קפה כתר 3*70גר,גרמים,210.00,100 גרם,false,,10.90,0.0519,true,1,31375
7290001648995,false,*מבצע* קפה טורקי רג',,,*מבצע* קפה טורקי רג',גרמים,300.00,100 גרם,false,,12.90,0.0430,true,1,94722
7290001670736,false,כפפות ניילון שקוף הנ,קריות זול,,כפפות ניילון שקוף הנ,יחידה,0.00,יחידה,false,,5.90,0.0000,true,1,40355
7290001670842,false,מלית חלבה 400 גר,קריות זול,,מלית חלבה 400 גר,גרמים,400.00,100 גרם,false,,11.90,0.0298,true,1,40357
7290001713150,false,אקונומיקה קצף ניקוי,,,אקונומיקה קצף ניקוי,ליטרים,1.00,ליטר,false,,11.90,11.9000,true,1,95820
7290001713167,false,קצף לניקוי כלים סניט,,,קצף לניקוי כלים סניט,ליטרים,1.00,ליטר,false,,11.90,11.9000,true,1,95821
7290001714058,false,*מבצע* אנטריקוט עגל,,,*מבצע* אנטריקוט עגל,קילוגרמים,1.00,"ק""ג",true,,99.00,99.0000,true,1,67786
7290001714072,false,צלעות עגל,,,צלעות עגל,קילוגרמים,1.00,"ק""ג",true,,69.90,69.9000,true,1,67787
7290001714096,false,חזה עגל,,,חזה עגל,קילוגרמים,1.00,"ק""ג",true,,69.90,69.9000,true,1,67789
7290001714133,false,גולש עגל,,,גולש עגל,קילוגרמים,1.00,"ק""ג",true,,69.00,69.0000,true,1,124496
7290001791349,false,אקונומיקה פיסגה ריחנ,קריות זול,,אקונומיקה פיסגה ריחנ,ליטרים,4.00,ליטר,false,,12.90,3.2250,true,1,35735
7290001865439,false,פמלי סבון נוזלי וניל,קריות זול,,פמלי סבון נוזלי וניל,מיליליטרים,1000.00,"100 מ""ל",false,,14.90,0.0149,true,1,35332
7290001865453,false,פמלי סבון נוזלי לבנד,קריות זול,,פמלי סבון נוזלי לבנד,מיליליטרים,1000.00,"100 מ""ל",false,,14.90,0.0149,true,1,35333
7290001867655,false,"תפו""א גורמה חוות גלי",,,"תפו""א גורמה חוות גלי",קילוגרמים,1.00,"ק""ג",true,,5.90,5.9000,true,1,130617
7290001873052,false,צלי כתף עגל,,,צלי כתף עגל,קילוגרמים,1.00,"ק""ג",true,,89.90,89.9000,true,1,129675
7290001973233,false,קמיל בלו סנסטיב מגבו,,,קמיל בלו סנסטיב מגבו,יחידה,0.00,יחידה,false,,10.90,0.0000,true,1,88725
7290001990094,false,סוכר חום בצנצנת קלאס,קריות זול,,סוכר חום בצנצנת קלאס,גרמים,1000.00,100 גרם,false,,15.90,0.0159,true,1,40673
7290001990117,false,שומשום סוגת 100גר,קריות זול,,שומשום סוגת 100גר,גרמים,100.00,100 גרם,false,,4.90,0.0490,true,1,40674
7290001990148,false,סוכר גולדן קלאסי בצנ,קריות זול,,סוכר גולדן קלאסי בצנ,גרמים,1000.00,100 גרם,false,,12.90,0.0129,true,1,40675
7290001990377,false,שעועית בובס סוגת 500,קריות זול,,שעועית בובס סוגת 500,גרמים,500.00,100 גרם,false,,12.90,0.0258,true,1,40678
7290002007357,false,שקיות לצליה דליקטס ק,,,שקיות לצליה דליקטס ק,יח',10.00,יח',false,,4.90,0.4900,true,1,40373
7290002007500,false,קיסמי שיניים במבוק 5,קריות זול,,קיסמי שיניים במבוק 5,יח',500.00,יח',false,,3.90,0.0078,true,1,40380
7290002008170,false,עטרות חום 3,,,עטרות חום 3,יחידה,0.00,יחידה,false,,5.90,0.0000,true,1,40400
7290002008309,false,עטרות חום 4,,,עטרות חום 4,יחידה,0.00,יחידה,false,,5.90,0.0000,true,1,40407
7290002008934,false,סוכריות צבעוניות לקי,קריות זול,,סוכריות צבעוניות לקי,גרמים,200.00,100 גרם,false,,9.50,0.0475,true,1,40429
7290002014201,false,חומוס  מיקי 200 גרם,,,חומוס  מיקי 200 גרם,גרמים,200.00,100 גרם,false,,8.90,0.0445,true,1,38758
7290002014232,false,סלט טורקי 200 גר,,,סלט טורקי 200 גר,גרמים,200.00,100 גרם,false,,8.90,0.0445,true,1,38761
7290002026341,false,צ'יפס אריסטו רגיל 50,,,צ'יפס אריסטו רגיל 50,גרמים,500.00,100 גרם,false,,17.90,0.0358,true,1,94070
7290002026365,false,טבעות בצל 500גר,,,טבעות בצל 500גר,גרמים,500.00,100 גרם,false,,10.90,0.0218,true,1,86162
7290002026440,false,פרצלס קפוא 280גר,,,פרצלס קפוא 280גר,גרמים,280.00,100 גרם,false,,14.90,0.0532,true,1,63126
7290002026587,false,וופל בלגי קפוא 8יח ב,,,וופל בלגי קפוא 8יח ב,גרמים,280.00,100 גרם,false,,14.90,0.0532,true,1,111327
7290002037309,false,לחמניות המבורגר 8יח,,,לחמניות המבורגר 8יח,גרמים,400.00,100 גרם,false,,14.90,0.0373,true,1,54553
7290002037637,false,חליות מתוקות 4יח,,,חליות מתוקות 4יח,גרמים,400.00,100 גרם,false,,12.90,0.0323,true,1,50351
7290002037651,false,חלה מתוקה ברמן,,,חלה מתוקה ברמן,גרמים,500.00,100 גרם,false,,8.90,0.0178,true,1,131170
7290002057031,false,זית מבוקע יבנה 540גר,קריות זול,,זית מבוקע יבנה 540גר,גרמים,540.00,100 גרם,false,,9.90,0.0183,true,1,43481
7290002057048,false,זית סורי מבוקע 540גר,קריות זול,,זית סורי מבוקע 540גר,גרמים,540.00,100 גרם,false,,9.90,0.0183,true,1,43482
7290002057093,false,זית מנזלינו ירוק יבנ,,,זית מנזלינו ירוק יבנ,גרמים,540.00,100 גרם,false,,8.90,0.0165,true,1,43487
7290002057185,false,טבעות זיתים ירוק 540,קריות זול,,טבעות זיתים ירוק 540,גרמים,540.00,100 גרם,false,,9.90,0.0183,true,1,43495
7290002057352,false,מלפפון 7-9 במלח 540ג,קריות זול,,מלפפון 7-9 במלח 540ג,גרמים,540.00,100 גרם,false,,6.90,0.0128,true,1,43500
7290002057383,false,מלפפון 18-25 במלח 54,קריות זול,,מלפפון 18-25 במלח 54,גרמים,540.00,100 גרם,false,,12.90,0.0239,true,1,43503
7290002057451,false,מלפפון 7-9 בחומץ 540,קריות זול,,מלפפון 7-9 בחומץ 540,גרמים,540.00,100 גרם,false,,6.90,0.0128,true,1,43507
7290002057475,false,מלפפון 13-17 בחומץ 5,קריות זול,,מלפפון 13-17 בחומץ 5,גרמים,540.00,100 גרם,false,,9.90,0.0183,true,1,43509
7290002079552,false,לחם אחיד שחור,,,לחם אחיד שחור,גרמים,750.00,100 גרם,false,,5.10,0.0068,true,1,39997
7290002079569,false,לחם לבן חשוף,,,לחם לבן חשוף,גרמים,750.00,100 גרם,false,,5.10,0.0068,true,1,98416
7290002079590,false,חלה רגילה 500גר,,,חלה רגילה 500גר,גרמים,500.00,100 גרם,false,,5.17,0.0103,true,1,98417
7290002079606,false,חלה רגילה 500גר,,,חלה רגילה 500גר,גרמים,500.00,100 גרם,false,,5.17,0.0103,true,1,98418
7290002079675,false,לחמניה רגילה,,,לחמניה רגילה,גרמים,75.00,100 גרם,false,,1.90,0.0253,true,1,98419
7290002079699,false,לחמניה רגילה,,,לחמניה רגילה,גרמים,75.00,100 גרם,false,,1.90,0.0253,true,1,98420
7290002107071,false,פטה עיזים מעודנת 16%,,,פטה עיזים מעודנת 16%,גרמים,200.00,100 גרם,false,,28.50,0.1425,true,1,37630
7290002107385,false,גליל גבינת עיזים צור,,,גליל גבינת עיזים צור,גרמים,180.00,100 גרם,false,,25.50,0.1417,true,1,37632
7290002107491,false,גבינת עזים למריחה טב,קריות זול,,גבינת עזים למריחה טב,גרמים,250.00,100 גרם,false,,17.50,0.0700,true,1,37634
7290002107798,false,בולגרית מעודנת 5% בג,,,בולגרית מעודנת 5% בג,גרמים,250.00,100 גרם,false,,24.50,0.0980,true,1,37637
7290002107965,false,גבינה טבורוג לאפייה,קריות זול,,גבינה טבורוג לאפייה,גרמים,500.00,100 גרם,false,,27.90,0.0558,true,1,37638
7290002118398,false,צימרוני אוזניים 'בקו,,,צימרוני אוזניים 'בקו,יח',200.00,יח',false,,4.90,0.0245,true,1,40435
7290002128458,false,נר שבת מספר 16יח,,,נר שבת מספר 16יח,יחידה,0.00,יחידה,false,,3.50,0.0000,true,1,32620
7290002128762,false,נר נשמה בכוס 72 שעות,,,נר נשמה בכוס 72 שעות,יחידה,0.00,יחידה,false,,5.90,0.0000,true,1,32627
7290002128946,false,נר נשמה כוס 48 שעות,קריות זול,,נר נשמה כוס 48 שעות,יח',72.00,יח',false,,4.90,0.0681,true,1,32631
7290002130567,false,דבש טהור מפרחי בר בז,קריות זול,,דבש טהור מפרחי בר בז,גרמים,350.00,100 גרם,false,,19.90,0.0569,true,1,42023
7290002130581,false,דבש טהור מפרחי בר בז,קריות זול,,דבש טהור מפרחי בר בז,גרמים,1000.00,100 גרם,false,,45.90,0.0459,true,1,42025
7290002132011,false,עוגיות עבאדי מזרחיות,קריות זול,,עוגיות עבאדי מזרחיות,גרמים,400.00,100 גרם,false,,19.90,0.0497,true,1,40097
7290002133162,false,בולגרית גביע 5% 250ג,קריות זול,,בולגרית גביע 5% 250ג,גרמים,250.00,100 גרם,false,,18.90,0.0756,true,1,32976
7290002133520,false,יוגורט של פעם 3% השו,,,יוגורט של פעם 3% השו,גרמים,400.00,100 גרם,false,,9.90,0.0248,true,1,32979
7290002133551,false,לאבנה עם זעתר ושמן ז,,,לאבנה עם זעתר ושמן ז,גרמים,500.00,100 גרם,false,,16.90,0.0338,true,1,32981
7290002133858,false,בולגרית צאן גביע 250,,,בולגרית צאן גביע 250,גרמים,250.00,100 גרם,false,,23.70,0.0948,true,1,32987
7290002133889,false,בולגרית מעודנת בקר 5,,,בולגרית מעודנת בקר 5,גרמים,250.00,100 גרם,false,,18.90,0.0756,true,1,53359
7290002150732,false,קרפלך במילוי בשר חמי,,,קרפלך במילוי בשר חמי,גרמים,400.00,100 גרם,false,,16.90,0.0422,true,1,97022
7290002153801,false,אובלטים שומשום 300 ג,,,אובלטים שומשום 300 ג,גרמים,300.00,100 גרם,false,,10.90,0.0363,true,1,94090
7290002153825,false,אובלטים מלוחים 300 ג,,,אובלטים מלוחים 300 ג,גרמים,300.00,100 גרם,false,,10.90,0.0363,true,1,94091
7290002153887,false,אובלטים קימל 300גר,,,אובלטים קימל 300גר,גרמים,300.00,100 גרם,false,,10.90,0.0363,true,1,94092
7290002190141,false,ריבת חלב בצנצנת 450,קריות זול,,ריבת חלב בצנצנת 450,גרמים,450.00,100 גרם,false,,12.90,0.0287,true,1,31239
7290002190516,false,ריבת חלב ממרח 500גר,קריות זול,,ריבת חלב ממרח 500גר,גרמים,500.00,100 גרם,false,,12.90,0.0258,true,1,31240
7290002195054,false,המבורגר בלדי 400גר,,,המבורגר בלדי 400גר,גרמים,400.00,100 גרם,false,,13.90,0.0348,true,1,43990
7290002195078,false,בלדי קבב כבש 400גר,,,בלדי קבב כבש 400גר,גרמים,400.00,100 גרם,false,,13.90,0.0348,true,1,43992
7290002195085,false,קבב מזרחי 400גר,,,קבב מזרחי 400גר,גרמים,400.00,100 גרם,false,,13.90,0.0348,true,1,43993
7290002195092,false,קבב רומני 400גר,,,קבב רומני 400גר,גרמים,400.00,100 גרם,false,,13.90,0.0348,true,1,43994
7290002211013,false,קמח חיטה לבן בהיר 1ק,,,קמח חיטה לבן בהיר 1ק,גרמים,1000.00,100 גרם,false,,5.50,0.0055,true,1,87833
7290002211044,false,"סולת 1ק""ג",,,"סולת 1ק""ג",גרמים,1000.00,100 גרם,false,,6.50,0.0065,true,1,43707
7290002211112,false,קמח רוט כחול לבן 1קג,,,קמח רוט כחול לבן 1קג,גרמים,1000.00,100 גרם,false,,5.90,0.0059,true,1,87595
7290002211501,false,קמח תופח מנופה טחנת,,,קמח תופח מנופה טחנת,גרמים,1000.00,100 גרם,false,,7.90,0.0079,true,1,134663
7290002211518,false,קמח חיטה לבן מנופה ט,,,קמח חיטה לבן מנופה ט,גרמים,1000.00,100 גרם,false,,7.90,0.0079,true,1,134661
7290002211525,false,קמח חיטה 80% מנופה ט,,,קמח חיטה 80% מנופה ט,גרמים,1000.00,100 גרם,false,,7.90,0.0079,true,1,134662
7290002239307,false,שעועית צהובה 800גר,,,שעועית צהובה 800גר,גרמים,800.00,100 גרם,false,,10.90,0.0136,true,1,99033
7290002253006,false,שום כתוש דורות 200גר,קריות זול,,שום כתוש דורות 200גר,גרמים,200.00,100 גרם,false,,16.90,0.0845,true,1,34205
7290002253105,false,קוביות שום דורות 80ג,קריות זול,,קוביות שום דורות 80ג,גרמים,80.00,100 גרם,false,,11.90,0.1488,true,1,34207
7290002253150,false,קוביות בזיליקום קצוץ,קריות זול,,קוביות בזיליקום קצוץ,גרמים,70.00,100 גרם,false,,11.90,0.1700,true,1,34208
7290002253174,false,קוביות שמיר קצוץ דור,קריות זול,,קוביות שמיר קצוץ דור,גרמים,70.00,100 גרם,false,,11.90,0.1700,true,1,72586
7290002253181,false,כוסברה קצוצה דורות 7,קריות זול,,כוסברה קצוצה דורות 7,גרמים,70.00,100 גרם,false,,11.90,0.1700,true,1,34210
7290002253198,false,גינגר כתוש במגשית דו,קריות זול,,גינגר כתוש במגשית דו,גרמים,70.00,100 גרם,false,,11.90,0.1700,true,1,34211
7290002255055,false,"פלאפל בד""צ 700גר",,,"פלאפל בד""צ 700גר",גרמים,700.00,100 גרם,false,,15.90,0.0227,true,1,32828
7290002255215,false,"עלי סיגר מרובע בד""צ",,,"עלי סיגר מרובע בד""צ",גרמים,500.00,100 גרם,false,,10.90,0.0218,true,1,32837
7290002278528,false,כרית ניקוי כלים 2יח,,,כרית ניקוי כלים 2יח,יחידה,0.00,יחידה,false,,7.90,0.0000,true,1,63321
7290002319528,false,קמח מצה 200גר,,,קמח מצה 200גר,גרמים,200.00,100 גרם,false,,2.90,0.0145,true,1,65833
7290002321750,false,פילה אמנון קפוא,,,פילה אמנון קפוא,קילוגרמים,1.00,"ק""ג",true,,29.90,29.9000,true,1,43248
7290002329602,false,עוגה בחושה שוקולד עו,,,עוגה בחושה שוקולד עו,גרמים,350.00,100 גרם,false,,8.90,0.0254,true,1,96731
7290002329619,false,עוגה בחושה שוקו צ'יפ,,,עוגה בחושה שוקו צ'יפ,גרמים,350.00,100 גרם,false,,8.90,0.0254,true,1,96732
7290002329626,false,עוגה בחושה שיש עוגל',,,עוגה בחושה שיש עוגל',גרמים,350.00,100 גרם,false,,8.90,0.0254,true,1,96733
7290002329640,false,עוגת לימון 350גר,,,עוגת לימון 350גר,גרמים,350.00,100 גרם,false,,8.90,0.0254,true,1,102298
7290002329657,false,עוגה בחושה תפוז עוגל,,,עוגה בחושה תפוז עוגל,גרמים,350.00,100 גרם,false,,8.90,0.0254,true,1,96734
7290002329664,false,עוגה בחושה אנגלית עו,,,עוגה בחושה אנגלית עו,גרמים,350.00,100 גרם,false,,8.90,0.0254,true,1,96735
7290002329961,false,עוגת שוקוצ'ינו 350 ג,,,עוגת שוקוצ'ינו 350 ג,גרמים,350.00,100 גרם,false,,8.90,0.0254,true,1,96810
7290002331360,false,נביעות טו גו שישייה,קריות זול,,נביעות טו גו שישייה,מיליליטרים,3000.00,"100 מ""ל",false,,15.90,0.0053,true,1,37651
7290002336686,false,אסאדו עע,,,אסאדו עע,קילוגרמים,1.00,"ק""ג",true,,69.90,69.9000,true,1,110580
7290002345886,false,צלי כתף עגל,,,צלי כתף עגל,קילוגרמים,1.00,"ק""ג",true,,89.90,89.9000,true,1,129676
7290002360278,false,חליטת תה פומפדור מנט,קריות זול,,חליטת תה פומפדור מנט,גרמים,45.00,100 גרם,false,,14.90,0.3311,true,1,38376
7290002360285,false,חליטת תה פומפדור קמו,קריות זול,,חליטת תה פומפדור קמו,גרמים,30.00,100 גרם,false,,14.90,0.4967,true,1,38377
7290002371854,false,נקניקיות עוף חריפות,,,נקניקיות עוף חריפות,גרמים,1000.00,100 גרם,false,,29.90,0.0299,true,1,85601
7290002374268,false,שמן חמניות מילומור 1,קריות זול,,שמן חמניות מילומור 1,מיליליטרים,1000.00,"100 מ""ל",false,,10.90,0.0109,true,1,133800
7290002374640,false,שמן קנולה פלוס אומגה,,,שמן קנולה פלוס אומגה,מיליליטרים,1000.00,"100 מ""ל",false,,17.90,0.0179,true,1,65567
7290002407034,false,זית סורי מבוקע 800גר,,,זית סורי מבוקע 800גר,גרמים,800.00,100 גרם,false,,19.90,0.0249,true,1,35050
7290002407102,false,זית סנטה 800גר,,,זית סנטה 800גר,גרמים,800.00,100 גרם,false,,19.90,0.0249,true,1,35051
7290002407348,false,שמן זית ג'השאן כתית,,,שמן זית ג'השאן כתית,מיליליטרים,750.00,"100 מ""ל",false,,29.90,0.0399,true,1,93461
7290002409014,false,גחנון אפוי ציפור השר,,,גחנון אפוי ציפור השר,גרמים,600.00,100 גרם,false,,19.90,0.0332,true,1,44790
7290002409038,false,בורקס גבינה 800גר,,,בורקס גבינה 800גר,גרמים,800.00,100 גרם,false,,17.90,0.0224,true,1,44792
7290002409045,false,"בורקס תפו""א 800גר",,,"בורקס תפו""א 800גר",גרמים,800.00,100 גרם,false,,17.90,0.0224,true,1,44793
7290002409052,false,בורקס תרד 800גר,,,בורקס תרד 800גר,גרמים,800.00,100 גרם,false,,21.90,0.0274,true,1,99025
7290002409076,false,גחנון בצק ציפור השרו,,,גחנון בצק ציפור השרו,גרמים,800.00,100 גרם,false,,14.90,0.0186,true,1,44794
7290002409120,false,קונכיות בצק 800גר,,,קונכיות בצק 800גר,גרמים,800.00,100 גרם,false,,19.90,0.0249,true,1,56008
7290002409175,false,בצק עלים 1קג,,,בצק עלים 1קג,גרמים,1000.00,100 גרם,false,,14.90,0.0149,true,1,44796
7290002409274,false,מלווח ציפור השרון 80,,,מלווח ציפור השרון 80,גרמים,800.00,100 גרם,false,,14.90,0.0186,true,1,132323
7290002447481,false,צ'אך עגל,,,צ'אך עגל,קילוגרמים,1.00,"ק""ג",true,,89.90,89.9000,true,1,43691
7290002447559,false,סינטה עגל,,,סינטה עגל,קילוגרמים,1.00,"ק""ג",true,,129.00,129.0000,true,1,43694
7290002447573,false,שייטל עגל,,,שייטל עגל,קילוגרמים,1.00,"ק""ג",true,,89.90,89.9000,true,1,43695
7290002453512,false,קבב קציצות ישראלי 80,,,קבב קציצות ישראלי 80,גרמים,800.00,100 גרם,false,,37.90,0.0474,true,1,44669
7290002453529,false,אנטריקוט בורגר 400גר,,,אנטריקוט בורגר 400גר,גרמים,400.00,100 גרם,false,,25.90,0.0647,true,1,80595
7290002453697,false,קבב אנטריקוט קצבים ע,,,קבב אנטריקוט קצבים ע,גרמים,400.00,100 גרם,false,,25.90,0.0647,true,1,89199
7290002515333,false,קמיל בלו סנסטיב אל ס,,,קמיל בלו סנסטיב אל ס,מיליליטרים,500.00,"100 מ""ל",false,,19.90,0.0398,true,1,82046
7290002517269,false,פלפל שחור שלם 35גר,,,פלפל שחור שלם 35גר,גרמים,35.00,100 גרם,false,,11.90,0.3400,true,1,65613
7290002517580,false,תערובת תיבול לעוף 80,,,תערובת תיבול לעוף 80,גרמים,80.00,100 גרם,false,,12.90,0.1613,true,1,43610
7290002517603,false,בזיליקום 10גר,,,בזיליקום 10גר,גרמים,10.00,100 גרם,false,,6.90,0.6900,true,1,43612
7290002517634,false,תבליני כוסברה 30גר,,,תבליני כוסברה 30גר,גרמים,30.00,100 גרם,false,,6.90,0.2300,true,1,43614
7290002517689,false,תבלינ קרי אבקה 40גר,,,תבלינ קרי אבקה 40גר,גרמים,40.00,100 גרם,false,,6.90,0.1725,true,1,43617
7290002517726,false,מקלות קינמון 15גר,,,מקלות קינמון 15גר,גרמים,15.00,100 גרם,false,,6.90,0.4600,true,1,43618
7290002517733,false,קצח 40גר,,,קצח 40גר,גרמים,40.00,100 גרם,false,,6.90,0.1725,true,1,43619
7290002517801,false,צילי כתוש 30גר,,,צילי כתוש 30גר,גרמים,30.00,100 גרם,false,,6.90,0.2300,true,1,43624
7290002517825,false,פלפל לבן טחון 40גר,,,פלפל לבן טחון 40גר,גרמים,40.00,100 גרם,false,,12.90,0.3225,true,1,43626
7290002519768,false,לב עגל,,,לב עגל,קילוגרמים,1.00,"ק""ג",true,,24.90,24.9000,true,1,85915
7290002543046,false,דגני קלוגס פרוסטיס 7,קריות זול,,דגני קלוגס פרוסטיס 7,גרמים,750.00,100 גרם,false,,23.90,0.0319,true,1,38385
7290002543237,false,קורנפלקס קלוגס 750 ג,קריות זול,,קורנפלקס קלוגס 750 ג,גרמים,750.00,100 גרם,false,,16.90,0.0225,true,1,38392
7290002551003,false,טונה סטארקיסט,,,טונה סטארקיסט,גרמים,160.00,100 גרם,false,,6.90,0.0431,true,1,35055
7290002552345,false,שלגונים גלי גל פרווה,,,שלגונים גלי גל פרווה,יחידה,0.00,יחידה,false,,14.50,0.0000,true,1,43757
7290002552772,false,ארטיק קרח עשיריות,,,ארטיק קרח עשיריות,יחידה,0.00,יחידה,false,,9.90,0.0000,true,1,43760
7290002560050,false,אשפתון 52/65 100 יח',,,אשפתון 52/65 100 יח',יחידה,0.00,יחידה,false,,19.90,0.0000,true,1,90278
7290002560098,false,אשפתון קומפקט 75/90,,,אשפתון קומפקט 75/90,יחידה,0.00,יחידה,false,,14.90,0.0000,true,1,97013
7290002560227,false,אשפתון גופיה 75/90 2,קריות זול,,אשפתון גופיה 75/90 2,יחידה,0.00,יחידה,false,,10.90,0.0000,true,1,92233
7290002560333,false,שקיות אוכל גדולות XL,,,שקיות אוכל גדולות XL,יחידה,0.00,יחידה,false,,10.00,0.0000,true,1,95672
7290002581536,false,וופל נפוליטנה ללא סו,,,וופל נפוליטנה ללא סו,גרמים,250.00,100 גרם,false,,9.90,0.0396,true,1,45249
7290002599029,false,תבלינים בשקית 80גר,,,תבלינים בשקית 80גר,גרמים,80.00,100 גרם,false,,4.60,0.0575,true,1,46205
7290002599036,false,פלפל לבן/שחור 50גר,,,פלפל לבן/שחור 50גר,גרמים,50.00,100 גרם,false,,4.60,0.0920,true,1,46206
7290002599081,false,תבלינים בשקית,,,תבלינים בשקית,יחידה,0.00,יחידה,false,,4.60,0.0000,true,1,46207
7290002599104,false,תבלינים בשקית 50גר,,,תבלינים בשקית 50גר,גרמים,50.00,100 גרם,false,,4.60,0.0920,true,1,46208
7290002599197,false,פלפל לבן/שחור 50גר,,,פלפל לבן/שחור 50גר,גרמים,50.00,100 גרם,false,,4.60,0.0920,true,1,46209
7290002627302,false,צלי כתף עגל,,,צלי כתף עגל,קילוגרמים,1.00,"ק""ג",true,,89.90,89.9000,true,1,129677
7290002627364,false,*מבצע* אנטריקוט עגל,,,*מבצע* אנטריקוט עגל,קילוגרמים,1.00,"ק""ג",true,,99.00,99.0000,true,1,110557
7290002627371,false,צלעות עגל,,,צלעות עגל,קילוגרמים,1.00,"ק""ג",true,,69.90,69.9000,true,1,110563
7290002627388,false,חזה עגל,,,חזה עגל,קילוגרמים,1.00,"ק""ג",true,,69.90,69.9000,true,1,110564
7290002627401,false,צלי כתף עגל,,,צלי כתף עגל,קילוגרמים,1.00,"ק""ג",true,,89.90,89.9000,true,1,110575
7290002627487,false,חזה עגל,,,חזה עגל,קילוגרמים,1.00,"ק""ג",true,,69.90,69.9000,true,1,110578
7290002628064,false,טחון בקר בלדי קפוא 5,,,טחון בקר בלדי קפוא 5,גרמים,500.00,100 גרם,false,,19.90,0.0398,true,1,43996
7290002628170,false,צלי כתף מס'5 מוכשר ח,,,צלי כתף מס'5 מוכשר ח,קילוגרמים,1.00,"ק""ג",true,,69.90,69.9000,true,1,135525
7290002628293,false,טחון עוף בלדי קפוא 5,,,טחון עוף בלדי קפוא 5,גרמים,1000.00,100 גרם,false,,10.90,0.0109,true,1,43999
7290002661153,false,לחם דני קל 1 קג,,,לחם דני קל 1 קג,גרמים,1000.00,100 גרם,false,,17.90,0.0179,true,1,54327
7290002661443,false,פירורי לחם זהוב עדין,,,פירורי לחם זהוב עדין,גרמים,200.00,100 גרם,false,,4.50,0.0225,true,1,87640
7290002661474,false,פירורי לחם זהוב עם ש,,,פירורי לחם זהוב עם ש,גרמים,200.00,100 גרם,false,,4.50,0.0225,true,1,87641
7290002661856,false,מיני קרוטונים מתובלי,,,מיני קרוטונים מתובלי,גרמים,350.00,100 גרם,false,,16.90,0.0483,true,1,104869
7290002661863,false,קרוטונים מתובלים למר,,,קרוטונים מתובלים למר,גרמים,350.00,100 גרם,false,,15.90,0.0454,true,1,104868
7290002692393,false,שמן קנולה מועשר עץ ה,קריות זול,,שמן קנולה מועשר עץ ה,מיליליטרים,1000.00,"100 מ""ל",false,,16.90,0.0169,true,1,43743
7290002692775,false,תרסיס שמן קנולה בטעם,,,תרסיס שמן קנולה בטעם,מיליליטרים,200.00,"100 מ""ל",false,,17.90,0.0895,true,1,95029
7290002692782,false,תרסיס שמן זית עץ הזי,,,תרסיס שמן זית עץ הזי,מיליליטרים,200.00,"100 מ""ל",false,,17.90,0.0895,true,1,43751
7290002735007,false,בצק עלים ינון 1קג,,,בצק עלים ינון 1קג,גרמים,1000.00,100 גרם,false,,15.90,0.0159,true,1,31319
7290002735014,false,מלווח ארוז ינון 800ג,,,מלווח ארוז ינון 800ג,גרמים,800.00,100 גרם,false,,14.90,0.0186,true,1,31320
7290002735021,false,גחנון ארוז ינון 750ג,,,גחנון ארוז ינון 750ג,גרמים,750.00,100 גרם,false,,14.90,0.0199,true,1,31321
7290002735113,false,בורקס גבינה ינון 800,,,בורקס גבינה ינון 800,גרמים,800.00,100 גרם,false,,16.90,0.0211,true,1,31317
7290002735120,false,"בורקס תפו""א ינון 800",,,"בורקס תפו""א ינון 800",גרמים,800.00,100 גרם,false,,14.90,0.0186,true,1,31322
7290002735212,false,קונכיות בצק מהדרין י,,,קונכיות בצק מהדרין י,גרמים,750.00,100 גרם,false,,14.90,0.0199,true,1,31610
7290002735274,false,גחנון אפוי ינון 600ג,,,גחנון אפוי ינון 600ג,גרמים,600.00,100 גרם,false,,16.90,0.0282,true,1,31611
7290002752332,false,מנטוס גליל פירות בוד,קריות זול,,מנטוס גליל פירות בוד,גרמים,37.50,100 גרם,false,,3.90,0.1040,true,1,40587
7290002752349,false,מנטוס גליל מנטה בודד,קריות זול,,מנטוס גליל מנטה בודד,גרמים,37.50,100 גרם,false,,3.90,0.1040,true,1,40588
7290002752493,false,טיקטק מנטה רביעייה 4,קריות זול,,טיקטק מנטה רביעייה 4,גרמים,64.00,100 גרם,false,,11.90,0.1859,true,1,40589
7290002753995,false,ערכת קישוטי עוגה 150,קריות זול,,ערכת קישוטי עוגה 150,גרמים,150.00,100 גרם,false,,17.90,0.1193,true,1,40592
7290002766056,false,עגבניות שרי וויטני א,,,עגבניות שרי וויטני א,גרמים,460.00,100 גרם,false,,9.90,0.0215,true,1,104525
7290002768043,false,תיאדנט מי פה סנו 150,,,תיאדנט מי פה סנו 150,מיליליטרים,150.00,"100 מ""ל",false,,15.90,0.1060,true,1,73569
7290002768074,false,דרמופון סבון ללא סבו,קריות זול,,דרמופון סבון ללא סבו,מיליליטרים,1000.00,"100 מ""ל",false,,18.90,0.0189,true,1,41663
7290002769316,false,עוגת קראנץ 500 גרם,,,עוגת קראנץ 500 גרם,גרמים,500.00,100 גרם,false,,16.90,0.0338,true,1,103765
7290002769347,false,עוגיות מובחרות 500 ג,,,עוגיות מובחרות 500 ג,גרמים,500.00,100 גרם,false,,15.90,0.0318,true,1,115260
7290002769392,false,עוגיות פרימיום מיוחד,,,עוגיות פרימיום מיוחד,גרמים,250.00,100 גרם,false,,22.90,0.0916,true,1,96783
7290002769644,false,עוגות דבש 370 גרם עו,,,עוגות דבש 370 גרם עו,גרמים,370.00,100 גרם,false,,10.90,0.0295,true,1,116680
7290002769675,false,מאפינס ללא סוכר 450,,,מאפינס ללא סוכר 450,גרמים,450.00,100 גרם,false,,16.90,0.0376,true,1,117213
7290002805151,false,סיף פנטסטיק לרצפות ב,קריות זול,,סיף פנטסטיק לרצפות ב,ליטרים,4.00,ליטר,false,,21.90,5.4750,true,1,36696
7290002814016,false,מסיר שומנים סנט מורי,,,מסיר שומנים סנט מורי,מיליליטרים,750.00,"100 מ""ל",false,,15.90,0.0212,true,1,43537
7290002814054,false,אנטרטיק במתז 1 ליטר,,,אנטרטיק במתז 1 ליטר,ליטרים,1.00,ליטר,false,,11.90,11.9000,true,1,95822
7290002814078,false,אנטרטיק נוזל לניקוי,קריות זול,,אנטרטיק נוזל לניקוי,מיליליטרים,1000.00,"100 מ""ל",false,,6.90,0.0069,true,1,43539
7290002814290,false,קצף אקונומיקה מרוכז,,,קצף אקונומיקה מרוכז,מיליליטרים,1000.00,"100 מ""ל",false,,11.90,0.0119,true,1,116967
7290002814528,false,נוזל אסלות מס'1 1ליט,,,נוזל אסלות מס'1 1ליט,מיליליטרים,1000.00,"100 מ""ל",false,,6.90,0.0069,true,1,43543
7290002824183,false,גבינה לבנה סקי 5% 50,קריות זול,,גבינה לבנה סקי 5% 50,גרמים,500.00,100 גרם,false,,9.96,0.0199,true,1,42027
7290002824466,false,דנונה יוגורט ביו 0%,קריות זול,,דנונה יוגורט ביו 0%,גרמים,200.00,100 גרם,false,,3.70,0.0185,true,1,42028
7290002824640,false,גבינה לבנה סקי 5% שט,קריות זול,,גבינה לבנה סקי 5% שט,גרמים,250.00,100 גרם,false,,4.98,0.0199,true,1,42030
7290002825722,false,כרוב אדום אחלה 500גר,קריות זול,,כרוב אדום אחלה 500גר,גרמים,500.00,100 גרם,false,,14.90,0.0298,true,1,42034
7290002868996,false,קוטג מועשר 5% 250גר,קריות זול,,קוטג מועשר 5% 250גר,גרמים,250.00,100 גרם,false,,6.20,0.0248,true,1,37659
7290002881209,false,"רסק תפו""ע דיאט 720גר",קריות זול,,"רסק תפו""ע דיאט 720גר",גרמים,720.00,100 גרם,false,,9.90,0.0138,true,1,33249
7290002881513,false,חמאת בוטנים עם שברי,,,חמאת בוטנים עם שברי,גרמים,510.00,100 גרם,false,,10.90,0.0214,true,1,33260
7290002881612,false,לפתן דובדבנים חמוצים,,,לפתן דובדבנים חמוצים,גרמים,680.00,100 גרם,false,,9.90,0.0146,true,1,95770
7290002881872,false,פטריות חתוכות תומר 2,,,פטריות חתוכות תומר 2,גרמים,290.00,100 גרם,false,,4.90,0.0169,true,1,58726
7290002881919,false,פטריות שלמות תומר 40,,,פטריות שלמות תומר 40,גרמים,400.00,100 גרם,false,,8.90,0.0223,true,1,33270
7290002881940,false,סרדין מרוקאי בשמן 12,קריות זול,,סרדין מרוקאי בשמן 12,גרמים,125.00,100 גרם,false,,6.90,0.0552,true,1,33271
7290002881957,false,סרדין מרוקאי חריף 12,קריות זול,,סרדין מרוקאי חריף 12,גרמים,125.00,100 גרם,false,,6.90,0.0552,true,1,33272
7290002909569,false,פילה ברבוניה קפוא 40,,,פילה ברבוניה קפוא 40,גרמים,400.00,100 גרם,false,,24.90,0.0622,true,1,109523
7290002909576,false,בשר טחון לקציצות ולק,,,בשר טחון לקציצות ולק,גרמים,500.00,100 גרם,false,,19.90,0.0398,true,1,68066
7290002909804,false,*מבצע* מרלוזה פילה ל,,,*מבצע* מרלוזה פילה ל,קילוגרמים,1.00,"ק""ג",true,,29.90,29.9000,true,1,98771
7290002921349,false,זוג דבק סופר גלו,קריות זול,,זוג דבק סופר גלו,יחידה,0.00,יחידה,false,,14.90,0.0000,true,1,37184
7290002927044,false,צלי כתף מס' 5 קפוא,,,צלי כתף מס' 5 קפוא,קילוגרמים,1.00,"ק""ג",true,,43.90,43.9000,true,1,44642
7290002927051,false,פילה מדומה מס' 6 קפו,,,פילה מדומה מס' 6 קפו,קילוגרמים,1.00,"ק""ג",true,,39.90,39.9000,true,1,44643
7290002927105,false,צלי עגל ברשת קפוא,,,צלי עגל ברשת קפוא,קילוגרמים,1.00,"ק""ג",true,,37.90,37.9000,true,1,80579
7290002927198,false,טחון בקר קפוא 500 גר,,,טחון בקר קפוא 500 גר,גרמים,500.00,100 גרם,false,,13.90,0.0278,true,1,98925
7290002927358,false,סטיק אנטריקוט 800גר,,,סטיק אנטריקוט 800גר,גרמים,800.00,100 גרם,false,,39.90,0.0499,true,1,101823
7290002927389,false,טחון עוף קפוא 500 גר,,,טחון עוף קפוא 500 גר,גרמים,500.00,100 גרם,false,,11.90,0.0238,true,1,105801
7290002927464,false,גולש עגל קפוא,,,גולש עגל קפוא,קילוגרמים,1.00,"ק""ג",true,,34.90,34.9000,true,1,44653
7290002927518,false,טבעות פילה עגל קפוא,,,טבעות פילה עגל קפוא,קילוגרמים,1.00,"ק""ג",true,,39.90,39.9000,true,1,44657
7290003009596,false,סירופ דיאט אשכולית פ,קריות זול,,סירופ דיאט אשכולית פ,מיליליטרים,750.00,"100 מ""ל",false,,23.90,0.0319,true,1,37675
7290003009640,false,פריגת סחוט מיץ תפוזי,קריות זול,,פריגת סחוט מיץ תפוזי,מיליליטרים,1000.00,"100 מ""ל",false,,18.90,0.0189,true,1,37680
7290003011087,false,אורז בסמטי אלפנט 1קג,,,אורז בסמטי אלפנט 1קג,גרמים,1000.00,100 גרם,false,,12.90,0.0129,true,1,58670
7290003015627,false,ריצפז פרש אפרסק 2ליט,קריות זול,,ריצפז פרש אפרסק 2ליט,ליטרים,2.00,ליטר,false,,21.90,10.9500,true,1,35757
7290003015641,false,ריצפז פרש יסמין 2 לי,קריות זול,,ריצפז פרש יסמין 2 לי,ליטרים,2.00,ליטר,false,,21.90,10.9500,true,1,35759
7290003026029,false,קמיל בלו סנסטיב שמפו,,,קמיל בלו סנסטיב שמפו,מיליליטרים,500.00,"100 מ""ל",false,,19.90,0.0398,true,1,82048
7290003026036,false,קמיל בלו סנסיטיב אל,,,קמיל בלו סנסיטיב אל,מיליליטרים,1000.00,"100 מ""ל",false,,32.90,0.0329,true,1,82049
7290003026234,false,*מבצע* קמיל בלו תחלי,,,*מבצע* קמיל בלו תחלי,גרמים,500.00,100 גרם,false,,21.90,0.0438,true,1,82052
7290003026319,false,*מבצע* משחה לתינוק ק,,,*מבצע* משחה לתינוק ק,גרמים,120.00,100 גרם,false,,16.90,0.1408,true,1,82053
7290003029181,false,שוקו יטבתה בקבוק 1ל,קריות זול,,שוקו יטבתה בקבוק 1ל,מיליליטרים,1000.00,"100 מ""ל",false,,11.90,0.0119,true,1,42040
7290003029372,false,משקה חלב בננה יטבתה,קריות זול,,משקה חלב בננה יטבתה,מיליליטרים,1000.00,"100 מ""ל",false,,11.90,0.0119,true,1,42043
7290003029433,false,שוקו יטבתה 250מל,קריות זול,,שוקו יטבתה 250מל,מיליליטרים,250.00,"100 מ""ל",false,,5.80,0.0232,true,1,42047
7290003029532,false,משקה מוקה יטבתה 1ליט,קריות זול,,משקה מוקה יטבתה 1ליט,מיליליטרים,1000.00,"100 מ""ל",false,,11.90,0.0119,true,1,42049
7290003029792,false,שוקו שקיות יטבתה 8*2,קריות זול,,שוקו שקיות יטבתה 8*2,מיליליטרים,1800.00,"100 מ""ל",false,,19.90,0.0111,true,1,42052
7290003029815,false,חלב מועשר בכד יטבתה,קריות זול,,חלב מועשר בכד יטבתה,מיליליטרים,2000.00,"100 מ""ל",false,,15.90,0.0080,true,1,42053
7290003029907,false,אייס קפה יטבתה 1ל,קריות זול,,אייס קפה יטבתה 1ל,מיליליטרים,1000.00,"100 מ""ל",false,,11.90,0.0119,true,1,42057
7290003031740,false,"פסטרמה בדבש בד""צ טיר",,,"פסטרמה בדבש בד""צ טיר",גרמים,400.00,100 גרם,false,,35.90,0.0897,true,1,97945
7290003031788,false,מארז צמד כפרית 400גר,,,מארז צמד כפרית 400גר,גרמים,800.00,100 גרם,false,,35.90,0.0449,true,1,97946
7290003054657,false,חרדל דיזון אקסטרא פו,קריות זול,,חרדל דיזון אקסטרא פו,גרמים,370.00,100 גרם,false,,12.90,0.0349,true,1,35064
7290003060009,false,קמח בהיר בשקיות 1קג,,,קמח בהיר בשקיות 1קג,גרמים,1000.00,100 גרם,false,,5.90,0.0059,true,1,64502
7290003126712,false,יוגורט עיזים בגביע 3,,,יוגורט עיזים בגביע 3,מיליליטרים,150.00,"100 מ""ל",false,,6.70,0.0447,true,1,37697
7290003126958,false,טופו בואקום צוריאל 3,קריות זול,,טופו בואקום צוריאל 3,גרמים,300.00,100 גרם,false,,12.60,0.0420,true,1,70308
7290003141159,false,מרשמלו יוגטה 180גר,,,מרשמלו יוגטה 180גר,גרמים,180.00,100 גרם,false,,7.90,0.0439,true,1,60627
7290003212965,false,מובחרות שמרים 400 גר,,,מובחרות שמרים 400 גר,גרמים,400.00,100 גרם,false,,11.90,0.0298,true,1,96785
7290003217014,false,פיתות מיזרחיות 5*100,קריות זול,,פיתות מיזרחיות 5*100,גרמים,500.00,100 גרם,false,,5.90,0.0118,true,1,41543
7290003217052,false,פיתות כפריות קלות 5*,קריות זול,,פיתות כפריות קלות 5*,גרמים,500.00,100 גרם,false,,9.90,0.0198,true,1,41544
7290003222049,false,פיתה ביס קמח מלא 12,,,פיתה ביס קמח מלא 12,יחידה,0.00,יחידה,false,,9.90,0.0000,true,1,65879
7290003222094,false,פיתה ביס 11 יח',,,פיתה ביס 11 יח',יחידה,0.00,יחידה,false,,10.90,0.0000,true,1,65880
7290003222568,false,פיתה רגילה 5 יח,,,פיתה רגילה 5 יח,גרמים,500.00,100 גרם,false,,4.90,0.0098,true,1,32372
7290003222780,false,פיתה קלה חיטה מלאה 5,,,פיתה קלה חיטה מלאה 5,גרמים,500.00,100 גרם,false,,6.90,0.0138,true,1,32374
7290003222797,false,פיתה כוסמין מלא 100%,,,פיתה כוסמין מלא 100%,יחידה,0.00,יחידה,false,,11.90,0.0000,true,1,96730
7290003229109,false,פסטרמה הודו בפפריקה,,,פסטרמה הודו בפפריקה,גרמים,400.00,100 גרם,false,,27.90,0.0697,true,1,85583
7290003229116,false,פסטרמה בדבש טירת צבי,,,פסטרמה בדבש טירת צבי,גרמים,400.00,100 גרם,false,,27.90,0.0697,true,1,85584
7290003229123,false,פסטרמה על גחלים טירת,,,פסטרמה על גחלים טירת,גרמים,400.00,100 גרם,false,,27.90,0.0697,true,1,85585
7290003268030,false,חלה רגילה 500גר,,,חלה רגילה 500גר,גרמים,500.00,100 גרם,false,,5.17,0.0103,true,1,98421
7290003268245,false,*מבצע* חלה מתוקה ארו,,,*מבצע* חלה מתוקה ארו,יחידה,0.00,יחידה,false,,11.90,0.0000,true,1,58178
7290003268252,false,*מבצע* לחם חיטה מלאה,,,*מבצע* לחם חיטה מלאה,גרמים,750.00,100 גרם,false,,14.90,0.0199,true,1,67670
7290003268429,false,לחם חיטה מלאה ירוק 7,,,לחם חיטה מלאה ירוק 7,גרמים,750.00,100 גרם,false,,15.90,0.0212,true,1,64572
7290003268627,false,חלה מתוקה ברמן,,,חלה מתוקה ברמן,גרמים,500.00,100 גרם,false,,8.90,0.0178,true,1,98861
7290003268641,false,חאלע חלה מתוקה מיוחד,,,חאלע חלה מתוקה מיוחד,יחידה,0.00,יחידה,false,,14.90,0.0000,true,1,92505
7290003268740,false,לחם אחיד שחור,,,לחם אחיד שחור,גרמים,750.00,100 גרם,false,,5.10,0.0068,true,1,98422
7290003268757,false,לחם לבן חשוף,,,לחם לבן חשוף,גרמים,750.00,100 גרם,false,,5.10,0.0068,true,1,98423
7290003268764,false,חלה רגילה 500גר,,,חלה רגילה 500גר,גרמים,500.00,100 גרם,false,,5.17,0.0103,true,1,41551
7290003268795,false,לחמניה רגילה,,,לחמניה רגילה,גרמים,75.00,100 גרם,false,,1.90,0.0253,true,1,98424
7290003287253,false,נקניקיות מרגז בלדי 5,,,נקניקיות מרגז בלדי 5,גרמים,500.00,100 גרם,false,,29.90,0.0598,true,1,56357
7290003287284,false,קבב ביתי ארוז 600גר,,,קבב ביתי ארוז 600גר,גרמים,600.00,100 גרם,false,,29.90,0.0498,true,1,56367
7290003287291,false,קבב טלה וצנובר 600גר,,,קבב טלה וצנובר 600גר,גרמים,600.00,100 גרם,false,,29.90,0.0498,true,1,56368
7290003287307,false,קבב רומני ארוז 600גר,,,קבב רומני ארוז 600גר,גרמים,600.00,100 גרם,false,,29.90,0.0498,true,1,56369
7290003287796,false,סינטה עגל,,,סינטה עגל,קילוגרמים,1.00,"ק""ג",true,,129.00,129.0000,true,1,130890
7290003318100,false,וופל טעם שוקו מנעמים,קריות זול,,וופל טעם שוקו מנעמים,גרמים,200.00,100 גרם,false,,4.90,0.0245,true,1,40098
7290003318131,false,וופל אגוז מנעמים 200,,,וופל אגוז מנעמים 200,גרמים,200.00,100 גרם,false,,4.90,0.0245,true,1,40099
7290003318155,false,וופל טעם לימון מנעמי,קריות זול,,וופל טעם לימון מנעמי,גרמים,200.00,100 גרם,false,,4.90,0.0245,true,1,40100
7290003318599,false,וופל וניל מנעמים 200,,,וופל וניל מנעמים 200,גרמים,200.00,100 גרם,false,,4.90,0.0245,true,1,40101
7290003321155,false,דנונה בר פקאן 183גר,קריות זול,,דנונה בר פקאן 183גר,גרמים,183.00,100 גרם,false,,4.70,0.0257,true,1,42064
7290003332007,false,קפה נחלה סובחי 250גר,,,קפה נחלה סובחי 250גר,גרמים,250.00,100 גרם,false,,15.90,0.0636,true,1,54576
7290003332045,false,קפה נחלה סובחי 250גר,,,קפה נחלה סובחי 250גר,גרמים,250.00,100 גרם,false,,15.90,0.0636,true,1,54577
7290003387373,false,ספיד סטיק פרש ספורט,,,ספיד סטיק פרש ספורט,גרמים,50.00,100 גרם,false,,19.90,0.3980,true,1,75512
7290003401369,false,נטורל קרם לשיער פגום,קריות זול,,נטורל קרם לשיער פגום,מיליליטרים,400.00,"100 מ""ל",false,,21.90,0.0547,true,1,41668
7290003401642,false,נטורל פורמולה לחות ל,,,נטורל פורמולה לחות ל,מיליליטרים,400.00,"100 מ""ל",false,,23.90,0.0597,true,1,41672
7290003411313,false,הנמל מפה מבד לא ארוג,קריות זול,,הנמל מפה מבד לא ארוג,גרמים,100.00,100 גרם,false,,7.90,0.0790,true,1,40448
7290003411993,false,גפרורים 10יח הנמל,,,גפרורים 10יח הנמל,יח',10.00,יח',false,,2.90,0.2900,true,1,40464
7290003432004,false,אלמונד ג'וי חטיף שקד,,,אלמונד ג'וי חטיף שקד,גרמים,45.00,100 גרם,false,,4.90,0.1089,true,1,132604
7290003438006,false,פסטו איטלקי אוליביה,קריות זול,,פסטו איטלקי אוליביה,גרמים,180.00,100 גרם,false,,14.90,0.0828,true,1,40956
7290003438082,false,חזרת אוליביה 180 גרם,,,חזרת אוליביה 180 גרם,גרמים,180.00,100 גרם,false,,12.50,0.0694,true,1,63283
7290003450602,false,חרדל אמיתי צהוב בקבו,קריות זול,,חרדל אמיתי צהוב בקבו,גרמים,255.00,100 גרם,false,,12.90,0.0506,true,1,35074
7290003457991,false,קורנטו קלאסיק בטעם ו,קריות זול,,קורנטו קלאסיק בטעם ו,גרמים,300.00,100 גרם,false,,36.90,0.1230,true,1,38865
7290003470433,false,פרג 200 גרם סולימני,,,פרג 200 גרם סולימני,גרמים,200.00,100 גרם,false,,8.90,0.0445,true,1,118662
7290003521074,false,סרקל מרכך שיער לילדי,קריות זול,,סרקל מרכך שיער לילדי,מיליליטרים,1000.00,"100 מ""ל",false,,29.90,0.0299,true,1,82054
7290003521081,false,סרקל שמפו לילדים 1לי,,,סרקל שמפו לילדים 1לי,מיליליטרים,1000.00,"100 מ""ל",false,,29.90,0.0299,true,1,82055
7290003560202,false,רגליים עגל פרוס ארוז,,,רגליים עגל פרוס ארוז,קילוגרמים,1.00,"ק""ג",true,,39.90,39.9000,true,1,129978
7290003570171,false,שניצל מינוט 300 גרם,,,שניצל מינוט 300 גרם,גרמים,300.00,100 גרם,false,,25.90,0.0863,true,1,93057
7290003570928,false,קבב בלדי קצביה ארוז,,,קבב בלדי קצביה ארוז,גרמים,500.00,100 גרם,false,,29.90,0.0598,true,1,92498
7290003598311,false,*מבצע* סטייק מינוט 3,,,*מבצע* סטייק מינוט 3,גרמים,300.00,100 גרם,false,,30.00,0.1000,true,1,90716
7290003643004,false,אורז בסמטי סוגת 1קג,קריות זול,,אורז בסמטי סוגת 1קג,גרמים,1000.00,100 גרם,false,,14.90,0.0149,true,1,40686
7290003643387,false,סוכר לבן בצנצנת סוגת,קריות זול,,סוכר לבן בצנצנת סוגת,גרמים,1000.00,100 גרם,false,,7.90,0.0079,true,1,40696
7290003643646,false,סוכר דמררה בצנצנת סו,קריות זול,,סוכר דמררה בצנצנת סו,גרמים,1000.00,100 גרם,false,,12.90,0.0129,true,1,40697
7290003643684,false,אפונה סוגת 500גר,קריות זול,,אפונה סוגת 500גר,גרמים,500.00,100 גרם,false,,6.90,0.0138,true,1,40698
7290003643707,false,גריסים סוגת 500גר,קריות זול,,גריסים סוגת 500גר,גרמים,500.00,100 גרם,false,,6.90,0.0138,true,1,40699
7290003643714,false,חומוס סוגת 500גר,קריות זול,,חומוס סוגת 500גר,גרמים,500.00,100 גרם,false,,8.90,0.0178,true,1,40700
7290003643738,false,חיטה סוגת 500 גר,קריות זול,,חיטה סוגת 500 גר,גרמים,500.00,100 גרם,false,,6.90,0.0138,true,1,40701
7290003643745,false,כוסמת סוגת 500גר,קריות זול,,כוסמת סוגת 500גר,גרמים,500.00,100 גרם,false,,8.90,0.0178,true,1,40702
7290003643752,false,עדשים ירוקים סוגת 50,קריות זול,,עדשים ירוקים סוגת 50,גרמים,500.00,100 גרם,false,,8.90,0.0178,true,1,40703
7290003643769,false,עדשים אדומים סוגת 50,קריות זול,,עדשים אדומים סוגת 50,גרמים,500.00,100 גרם,false,,8.90,0.0178,true,1,40704
7290003643776,false,פופקורן סוגת 500 גר,קריות זול,,פופקורן סוגת 500 גר,גרמים,500.00,100 גרם,false,,6.90,0.0138,true,1,40705
7290003643783,false,קוקוס סוגת 100 גר,קריות זול,,קוקוס סוגת 100 גר,גרמים,100.00,100 גרם,false,,4.90,0.0490,true,1,31362
7290003643806,false,שעועית לבנה סוגת 500,קריות זול,,שעועית לבנה סוגת 500,גרמים,500.00,100 גרם,false,,10.90,0.0218,true,1,40707
7290003643813,false,שעועית אדומה סוגת 50,קריות זול,,שעועית אדומה סוגת 50,גרמים,500.00,100 גרם,false,,10.90,0.0218,true,1,77777
7290003643820,false,חומוס ענק סוגת 500גר,,,חומוס ענק סוגת 500גר,גרמים,500.00,100 גרם,false,,12.90,0.0258,true,1,40709
7290003726615,false,טופו ויילר 300גר,,,טופו ויילר 300גר,גרמים,300.00,100 גרם,false,,12.90,0.0430,true,1,96333
7290003796656,false,חזה בקר מס 3 מוכשר ק,,,חזה בקר מס 3 מוכשר ק,קילוגרמים,1.00,"ק""ג",true,,34.90,34.9000,true,1,119183
7290003804252,false,תיבולית הודי קנור 72,קריות זול,,תיבולית הודי קנור 72,גרמים,72.00,100 גרם,false,,10.90,0.1514,true,1,36717
7290003804320,false,תיבולית קנור שום פטר,קריות זול,,תיבולית קנור שום פטר,גרמים,72.00,100 גרם,false,,10.90,0.1514,true,1,36718
7290003804368,false,תיבולית קנור בזיליקו,קריות זול,,תיבולית קנור בזיליקו,גרמים,72.00,100 גרם,false,,10.90,0.1514,true,1,36721
7290003804382,false,תיבולית קנור פטריות,קריות זול,,תיבולית קנור פטריות,גרמים,72.00,100 גרם,false,,10.90,0.1514,true,1,36723
7290003805501,false,פתית שבדי 300גר,קריות זול,,פתית שבדי 300גר,גרמים,300.00,100 גרם,false,,18.90,0.0630,true,1,36740
7290003807178,false,רוטב סויה בסגנון סינ,קריות זול,,רוטב סויה בסגנון סינ,מיליליטרים,300.00,"100 מ""ל",false,,14.90,0.0497,true,1,36758
7290003807482,false,רוטב טריאקי קנור 300,קריות זול,,רוטב טריאקי קנור 300,מיליליטרים,300.00,"100 מ""ל",false,,14.90,0.0497,true,1,36766
7290003882922,false,עלי גפן ממולא 400 גר,קריות זול,,עלי גפן ממולא 400 גר,גרמים,400.00,100 גרם,false,,9.90,0.0248,true,1,34682
7290003976270,false,"די תוש 300 מ""ל טאצ'",,,"די תוש 300 מ""ל טאצ'",מיליליטרים,300.00,"100 מ""ל",false,,11.90,0.0397,true,1,116877
7290003976294,false,"די תיקן פורטה 630 מ""",,,"די תיקן פורטה 630 מ""",מיליליטרים,630.00,"100 מ""ל",false,,14.90,0.0237,true,1,116879
7290003976775,false,טאצ' מסיר כתמים אוקס,,,טאצ' מסיר כתמים אוקס,ליטרים,3000.00,ליטר,false,,14.90,0.0050,true,1,117629
7290003976782,false,טאצ' מסיר כתמים אוקס,,,טאצ' מסיר כתמים אוקס,ליטרים,3000.00,ליטר,false,,14.90,0.0050,true,1,117628
7290003989096,false,חציל פיקנטי אחלה 500,קריות זול,,חציל פיקנטי אחלה 500,גרמים,500.00,100 גרם,false,,15.90,0.0318,true,1,42075
7290003989539,false,רביולי גבינה שטראוס,קריות זול,,רביולי גבינה שטראוס,גרמים,400.00,100 גרם,false,,20.90,0.0522,true,1,42076
7290004033705,false,לחמניות המבורגר ביג,קריות זול,,לחמניות המבורגר ביג,גרמים,600.00,100 גרם,false,,14.90,0.0248,true,1,130961
7290004033712,false,לחם עננים מקמח מלא 7,קריות זול,,לחם עננים מקמח מלא 7,גרמים,750.00,100 גרם,false,,15.90,0.0212,true,1,130959
7290004033729,false,לחם עננים כוסמין 750,קריות זול,,לחם עננים כוסמין 750,גרמים,750.00,100 גרם,false,,15.90,0.0212,true,1,130960
7290004033736,false,לחם עננים סגנון בריו,,,לחם עננים סגנון בריו,גרמים,500.00,100 גרם,false,,15.90,0.0318,true,1,132320
7290004061449,false,שניצל אמרקאי 700גר,,,שניצל אמרקאי 700גר,גרמים,700.00,100 גרם,false,,11.90,0.0170,true,1,60244
7290004061463,false,שניצל עוף אמיתי שומש,,,שניצל עוף אמיתי שומש,גרמים,700.00,100 גרם,false,,28.90,0.0413,true,1,60247
7290004061487,false,טבעות עוף 700גר,,,טבעות עוף 700גר,גרמים,700.00,100 גרם,false,,15.90,0.0227,true,1,60245
7290004061494,false,נגיסי עוף 700גר,,,נגיסי עוף 700גר,גרמים,700.00,100 גרם,false,,15.90,0.0227,true,1,60246
7290004063016,false,מלח שולחן 1קג,קריות זול,,מלח שולחן 1קג,גרמים,1000.00,100 גרם,false,,1.90,0.0019,true,1,43708
7290004063115,false,מלח למליחות בשר וביש,קריות זול,,מלח למליחות בשר וביש,גרמים,1000.00,100 גרם,false,,1.90,0.0019,true,1,43709
7290004078225,false,קולגייט מי פה פלקס ס,קריות זול,,קולגייט מי פה פלקס ס,מיליליטרים,500.00,"100 מ""ל",false,,19.90,0.0398,true,1,38419
7290004078270,false,פלמוליב לכלים לימון,קריות זול,,פלמוליב לכלים לימון,מיליליטרים,1000.00,"100 מ""ל",false,,14.90,0.0149,true,1,38422
7290004078942,false,ליידי ספיד סטיק 24/7,קריות זול,,ליידי ספיד סטיק 24/7,גרמים,65.00,100 גרם,false,,19.90,0.3062,true,1,38428
7290004119973,false,קרלו שוקולדה 1.5% 12,קריות זול,,קרלו שוקולדה 1.5% 12,גרמים,125.00,100 גרם,false,,2.90,0.0232,true,1,39436
7290004120061,false,קרלו שוניל 1.5% 125מ,קריות זול,,קרלו שוניל 1.5% 125מ,מיליליטרים,125.00,"100 מ""ל",false,,3.00,0.0240,true,1,39437
7290004120108,false,יופלה דיאט דובדבן 0%,קריות זול,,יופלה דיאט דובדבן 0%,גרמים,150.00,100 גרם,false,,4.90,0.0327,true,1,39438
7290004120283,false,"שוקו תנובה בד""צ שקית",קריות זול,,"שוקו תנובה בד""צ שקית",מיליליטרים,225.00,"100 מ""ל",false,,2.90,0.0129,true,1,97993
7290004120566,false,בולגרית 24% פיראוס,קריות זול,,בולגרית 24% פיראוס,גרמים,250.00,100 גרם,false,,23.70,0.0948,true,1,39440
7290004120634,false,בולגרית 5% 250גר פיר,קריות זול,,בולגרית 5% 250גר פיר,גרמים,250.00,100 גרם,false,,23.70,0.0948,true,1,39442
7290004120832,false,חלב כד תנובה %3 2ל,קריות זול,,חלב כד תנובה %3 2ל,מיליליטרים,2000.00,"100 מ""ל",false,,12.46,0.0062,true,1,39444
7290004121488,false,יופלה דיאט אפרסק 0%,קריות זול,,יופלה דיאט אפרסק 0%,גרמים,150.00,100 גרם,false,,4.90,0.0327,true,1,39446
7290004121525,false,יופלה אפרסק תות 3% 8,קריות זול,,יופלה אפרסק תות 3% 8,מיליליטרים,1200.00,"100 מ""ל",false,,29.90,0.0249,true,1,39447
7290004121754,false,יופלה קרם גבינה ותות,קריות זול,,יופלה קרם גבינה ותות,גרמים,150.00,100 גרם,false,,4.90,0.0327,true,1,39449
7290004121853,false,בולגרית בקוביות 5%פי,קריות זול,,בולגרית בקוביות 5%פי,גרמים,200.00,100 גרם,false,,21.30,0.1065,true,1,39452
7290004122119,false,פתיתי פרמזן לפסטה 10,קריות זול,,פתיתי פרמזן לפסטה 10,גרמים,100.00,100 גרם,false,,12.90,0.1290,true,1,39454
7290004122195,false,גבינה גוש חלב פרוס 2,קריות זול,,גבינה גוש חלב פרוס 2,גרמים,200.00,100 גרם,false,,13.90,0.0695,true,1,39455
7290004122270,false,עמק פרוס סגירה חוזרת,קריות זול,,עמק פרוס סגירה חוזרת,גרמים,200.00,100 גרם,false,,16.50,0.0825,true,1,39456
7290004122348,false,עמק לייט 9% 200גר,קריות זול,,עמק לייט 9% 200גר,גרמים,200.00,100 גרם,false,,17.70,0.0885,true,1,39458
7290004122676,false,גבינת חמד לייט גביע,קריות זול,,גבינת חמד לייט גביע,גרמים,250.00,100 גרם,false,,18.30,0.0732,true,1,39461
7290004122683,false,עמק אצבעות גבינה 172,קריות זול,,עמק אצבעות גבינה 172,גרמים,172.00,100 גרם,false,,16.70,0.0971,true,1,39462
7290004124205,false,יופלה דיאט תות 0% 15,קריות זול,,יופלה דיאט תות 0% 15,גרמים,150.00,100 גרם,false,,4.90,0.0327,true,1,39469
7290004124847,false,קצפת צמחית 24% 500מל,קריות זול,,קצפת צמחית 24% 500מל,מיליליטרים,500.00,"100 מ""ל",false,,15.80,0.0316,true,1,39470
7290004125370,false,שמנת קלה 9% 200מל תנ,קריות זול,,שמנת קלה 9% 200מל תנ,מיליליטרים,200.00,"100 מ""ל",false,,3.80,0.0190,true,1,39473
7290004125400,false,אשל 200 מל,קריות זול,,אשל 200 מל,מיליליטרים,200.00,"100 מ""ל",false,,1.69,0.0084,true,1,39474
7290004125417,false,"גיל 200 מ""ל",קריות זול,,"גיל 200 מ""ל",מיליליטרים,200.00,"100 מ""ל",false,,1.51,0.0076,true,1,39475
7290004125455,false,שמנת אורגינל מהדרין,קריות זול,,שמנת אורגינל מהדרין,מיליליטרים,200.00,"100 מ""ל",false,,2.40,0.0120,true,1,39476
7290004125462,false,שמנת חמוצה 15% 500מל,קריות זול,,שמנת חמוצה 15% 500מל,מיליליטרים,500.00,"100 מ""ל",false,,6.00,0.0120,true,1,39477
7290004125509,false,שמנת חצי מנה 15% תנו,קריות זול,,שמנת חצי מנה 15% תנו,מיליליטרים,100.00,"100 מ""ל",false,,2.10,0.0210,true,1,39478
7290004125578,false,משקה סויה מועשר בסיד,קריות זול,,משקה סויה מועשר בסיד,מיליליטרים,1000.00,"100 מ""ל",false,,10.90,0.0109,true,1,39479
7290004125585,false,משקה סויה על הבוקר ת,קריות זול,,משקה סויה על הבוקר ת,מיליליטרים,1000.00,"100 מ""ל",false,,10.90,0.0109,true,1,39480
7290004125721,false,שמנת לבישול 15% 250מ,קריות זול,,שמנת לבישול 15% 250מ,מיליליטרים,250.00,"100 מ""ל",false,,8.70,0.0348,true,1,39482
7290004125738,false,שמנת להקצפה 32% 250מ,קריות זול,,שמנת להקצפה 32% 250מ,מיליליטרים,250.00,"100 מ""ל",false,,6.80,0.0272,true,1,39483
7290004125776,false,עמק פרוסות 28% 400גר,קריות זול,,עמק פרוסות 28% 400גר,גרמים,400.00,100 גרם,false,,29.90,0.0747,true,1,39484
7290004126674,false,עמק טל לייט 9% 200גר,קריות זול,,עמק טל לייט 9% 200גר,גרמים,200.00,100 גרם,false,,19.50,0.0975,true,1,39486
7290004126759,false,יופלה דיאט פירות יער,קריות זול,,יופלה דיאט פירות יער,גרמים,150.00,100 גרם,false,,4.90,0.0327,true,1,39487
7290004126872,false,שוקו תנובה בקבוק 250,קריות זול,,שוקו תנובה בקבוק 250,מיליליטרים,250.00,"100 מ""ל",false,,5.70,0.0228,true,1,39488
7290004127329,false,קוטג 5% 250גר תנובה,קריות זול,,קוטג 5% 250גר תנובה,גרמים,250.00,100 גרם,false,,5.90,0.0236,true,1,39491
7290004127336,false,קוטג 9% 250גר תנובה,קריות זול,,קוטג 9% 250גר תנובה,גרמים,250.00,100 גרם,false,,5.90,0.0236,true,1,39492
7290004127800,false,גבינה לבנה 5% 500גר,קריות זול,,גבינה לבנה 5% 500גר,גרמים,500.00,100 גרם,false,,9.96,0.0199,true,1,39494
7290004127817,false,גבינה לבנה %9 500גר,קריות זול,,גבינה לבנה %9 500גר,גרמים,500.00,100 גרם,false,,9.80,0.0196,true,1,39495
7290004127862,false,גבינה לבנה 5% 750גרם,קריות זול,,גבינה לבנה 5% 750גרם,גרמים,750.00,100 גרם,false,,14.94,0.0199,true,1,39496
7290004127916,false,גבינת לבנה תנובה 1/2,קריות זול,,גבינת לבנה תנובה 1/2,גרמים,500.00,100 גרם,false,,9.80,0.0196,true,1,39498
7290004128333,false,לאבנה גביע %9 500גר,קריות זול,,לאבנה גביע %9 500גר,גרמים,500.00,100 גרם,false,,19.90,0.0398,true,1,39505
7290004128364,false,גבינת שמנת בטעם זיתי,קריות זול,,גבינת שמנת בטעם זיתי,גרמים,200.00,100 גרם,false,,11.50,0.0575,true,1,39507
7290004128432,false,פתיתי גבינה מותכת הש,,,פתיתי גבינה מותכת הש,גרמים,500.00,100 גרם,false,,23.50,0.0470,true,1,39508
7290004129101,false,גבינת נפוליאון בטעם,קריות זול,,גבינת נפוליאון בטעם,גרמים,225.00,100 גרם,false,,13.80,0.0613,true,1,39510
7290004129156,false,גבינת נפוליאון שום ש,קריות זול,,גבינת נפוליאון שום ש,גרמים,225.00,100 גרם,false,,13.80,0.0613,true,1,39512
7290004129736,false,יופלה קרם יוגרט מעוד,קריות זול,,יופלה קרם יוגרט מעוד,גרמים,200.00,100 גרם,false,,4.50,0.0225,true,1,39515
7290004129767,false,יופלה לבן מאגדת שמינ,קריות זול,,יופלה לבן מאגדת שמינ,גרמים,1200.00,100 גרם,false,,17.90,0.0149,true,1,39516
7290004130794,false,משקה סויה מועשר 1 לי,קריות זול,,משקה סויה מועשר 1 לי,מיליליטרים,1000.00,"100 מ""ל",false,,10.90,0.0109,true,1,39518
7290004130916,false,יופלה בטעם פירות יער,קריות זול,,יופלה בטעם פירות יער,גרמים,150.00,100 גרם,false,,4.90,0.0327,true,1,39521
7290004131074,false,חלב בקרטון מהדרין תנ,קריות זול,,חלב בקרטון מהדרין תנ,מיליליטרים,1000.00,"100 מ""ל",false,,6.23,0.0062,true,1,39524
7290004131432,false,יופלה לבן 3% 200מל,קריות זול,,יופלה לבן 3% 200מל,מיליליטרים,200.00,"100 מ""ל",false,,3.90,0.0195,true,1,39529
7290004131531,false,שוקו תנובה בקבוק 1ל,קריות זול,,שוקו תנובה בקבוק 1ל,מיליליטרים,1000.00,"100 מ""ל",false,,12.60,0.0126,true,1,39533
7290004131814,false,צפתית מעודנת 5% 200ג,קריות זול,,צפתית מעודנת 5% 200ג,גרמים,200.00,100 גרם,false,,15.20,0.0760,true,1,39537
7290004132552,false,משקה סויה דיאט וניל,קריות זול,,משקה סויה דיאט וניל,מיליליטרים,1000.00,"100 מ""ל",false,,10.90,0.0109,true,1,39544
7290004133511,false,יופלה לבן מאגדת שמינ,קריות זול,,יופלה לבן מאגדת שמינ,גרמים,1200.00,100 גרם,false,,20.90,0.0174,true,1,39554
7290004135058,false,קרלו מיני שוקולד 8*1,קריות זול,,קרלו מיני שוקולד 8*1,מיליליטרים,800.00,"100 מ""ל",false,,14.10,0.0176,true,1,39564
7290004135119,false,קרלו מיני וניל בדץ 8,,,קרלו מיני וניל בדץ 8,מיליליטרים,800.00,"100 מ""ל",false,,14.10,0.0176,true,1,39568
7290004135225,false,מעדן תנובה דיאט שוקו,קריות זול,,מעדן תנובה דיאט שוקו,מיליליטרים,150.00,"100 מ""ל",false,,4.10,0.0273,true,1,39573
7290004135614,false,בולגרית מעודנת בקר פ,קריות זול,,בולגרית מעודנת בקר פ,גרמים,250.00,100 גרם,false,,23.70,0.0948,true,1,39577
7290004136154,false,אייס קפה תנובה בקבוק,,,אייס קפה תנובה בקבוק,מיליליטרים,340.00,"100 מ""ל",false,,7.20,0.0212,true,1,39587
7290004136598,false,הפסקת אוכל חלב ודגני,קריות זול,,הפסקת אוכל חלב ודגני,מיליליטרים,150.00,"100 מ""ל",false,,9.50,0.0633,true,1,39596
7290004136857,false,ג'לי תנובה פטל 125גר,קריות זול,,ג'לי תנובה פטל 125גר,גרמים,125.00,100 גרם,false,,2.40,0.0192,true,1,39598
7290004136864,false,ג'לי תנובה אננס עם ח,קריות זול,,ג'לי תנובה אננס עם ח,גרמים,125.00,100 גרם,false,,2.80,0.0224,true,1,39599
7290004136871,false,ג'לי תנובה אפרסק עם,קריות זול,,ג'לי תנובה אפרסק עם,גרמים,125.00,100 גרם,false,,2.80,0.0224,true,1,39600
7290004137021,false,שמנת לבישול 10% 250מ,,,שמנת לבישול 10% 250מ,מיליליטרים,250.00,"100 מ""ל",false,,8.70,0.0348,true,1,39602
7290004137311,false,עמק לייט משפחתית 9%,,,עמק לייט משפחתית 9%,גרמים,400.00,100 גרם,false,,29.90,0.0747,true,1,39607
7290004146986,false,נקה 7 שמפו לשיער צבו,,,נקה 7 שמפו לשיער צבו,מיליליטרים,750.00,"100 מ""ל",false,,12.90,0.0172,true,1,41685
7290004146993,false,נקה 7 מרכך לשיער צבו,,,נקה 7 מרכך לשיער צבו,מיליליטרים,750.00,"100 מ""ל",false,,12.90,0.0172,true,1,41686
7290004200077,false,שקית פרסים 2,,,שקית פרסים 2,יחידה,0.00,יחידה,false,,7.90,0.0000,true,1,62759
7290004200930,false,זיקוק עבה 2 בשקית,,,זיקוק עבה 2 בשקית,יחידה,0.00,יחידה,false,,8.90,0.0000,true,1,38691
7290004200961,false,זיקוק דק 3 שקיות,,,זיקוק דק 3 שקיות,יחידה,0.00,יחידה,false,,4.90,0.0000,true,1,38693
7290004255305,false,נר נשמה בכוס פלסטיק,,,נר נשמה בכוס פלסטיק,יחידה,0.00,יחידה,false,,9.90,0.0000,true,1,131438
7290004255428,false,נר נשמה מנורה פחית 2,,,נר נשמה מנורה פחית 2,יחידה,0.00,יחידה,false,,1.90,0.0000,true,1,110505
7290004267124,false,עוגיות ממולאות בטעמי,קריות זול,,עוגיות ממולאות בטעמי,גרמים,200.00,100 גרם,false,,5.90,0.0295,true,1,88434
7290004267216,false,עוגיות ריבה ברמן 200,,,עוגיות ריבה ברמן 200,גרמים,200.00,100 גרם,false,,5.90,0.0295,true,1,88436
7290004419134,false,עוגת ברון אוכמניות 5,,,עוגת ברון אוכמניות 5,גרמים,500.00,100 גרם,false,,35.90,0.0718,true,1,101140
7290004419141,false,עוגת ברון דובדבן בשו,,,עוגת ברון דובדבן בשו,גרמים,500.00,100 גרם,false,,35.90,0.0718,true,1,101141
7290004419165,false,עוגת ברון קרם ברולה,,,עוגת ברון קרם ברולה,גרמים,500.00,100 גרם,false,,35.90,0.0718,true,1,101142
7290004456283,false,*מבצע* אנטריקוט עגל,,,*מבצע* אנטריקוט עגל,קילוגרמים,1.00,"ק""ג",true,,99.00,99.0000,true,1,130891
7290004492762,false,נשנושים תירס 325גר,קריות זול,,נשנושים תירס 325גר,גרמים,325.00,100 גרם,false,,13.90,0.0428,true,1,36796
7290004532024,false,חמניה קלוף טבעי 200ג,,,חמניה קלוף טבעי 200ג,גרמים,200.00,100 גרם,false,,5.90,0.0295,true,1,43069
7290004532048,false,גרעין לבן 200גר,,,גרעין לבן 200גר,גרמים,200.00,100 גרם,false,,7.90,0.0395,true,1,43071
7290004532062,false,גרעיני אבטיח 200גר,,,גרעיני אבטיח 200גר,גרמים,200.00,100 גרם,false,,12.90,0.0645,true,1,43072
7290004532093,false,בוטנים בקליפה 250גר,,,בוטנים בקליפה 250גר,גרמים,250.00,100 גרם,false,,7.90,0.0316,true,1,43075
7290004532130,false,בוטן אמריקאי 200גר,,,בוטן אמריקאי 200גר,גרמים,200.00,100 גרם,false,,4.90,0.0245,true,1,43079
7290004532369,false,חטיף מנצס 180גר,,,חטיף מנצס 180גר,גרמים,180.00,100 גרם,false,,8.90,0.0494,true,1,43093
7290004532574,false,גרעין שחור 200גר,,,גרעין שחור 200גר,גרמים,200.00,100 גרם,false,,5.90,0.0295,true,1,43105
7290004575007,false,טילונים ריאו חמישייה,,,טילונים ריאו חמישייה,יחידה,0.00,יחידה,false,,15.90,0.0000,true,1,43762
7290004575069,false,חטיפי גלידה מיניס בט,,,חטיפי גלידה מיניס בט,גרמים,700.00,100 גרם,false,,34.90,0.0499,true,1,43763
7290004575229,false,גלידה סנקור 5יח,,,גלידה סנקור 5יח,גרמים,500.00,100 גרם,false,,17.90,0.0358,true,1,68865
7290004575335,false,שלגונים מיני מגי'ק 8,,,שלגונים מיני מגי'ק 8,יחידה,0.00,יחידה,false,,16.90,0.0000,true,1,43770
7290004575373,false,שלגונים מצופים 6יח,,,שלגונים מצופים 6יח,יחידה,0.00,יחידה,false,,14.90,0.0000,true,1,43773
7290004575397,false,גלידה טריו חלבי/ילדו,,,גלידה טריו חלבי/ילדו,מיליליטרים,1800.00,"100 מ""ל",false,,14.90,0.0083,true,1,43774
7290004575403,false,גלידה טריו פרווה בטע,,,גלידה טריו פרווה בטע,מיליליטרים,1800.00,"100 מ""ל",false,,14.90,0.0083,true,1,43775
7290004575632,false,קרמבו ריאו 16יח,,,קרמבו ריאו 16יח,יחידה,0.00,יחידה,false,,22.90,0.0000,true,1,43778
7290004584306,false,גמדים תות בננה 4*100,קריות זול,,גמדים תות בננה 4*100,גרמים,400.00,100 גרם,false,,11.50,0.0288,true,1,42081
7290004584351,false,גבינת סימפוניה טעם ט,קריות זול,,גבינת סימפוניה טעם ט,גרמים,200.00,100 גרם,false,,11.70,0.0585,true,1,42082
7290004584528,false,דנונה ביו 1.5% 200גר,קריות זול,,דנונה ביו 1.5% 200גר,גרמים,200.00,100 גרם,false,,3.70,0.0185,true,1,42083
7290004585907,false,דני וניל 125 גר,קריות זול,,דני וניל 125 גר,גרמים,125.00,100 גרם,false,,2.70,0.0216,true,1,42086
7290004586171,false,תירוש אדום 650מל כרמ,,,תירוש אדום 650מל כרמ,מיליליטרים,650.00,"100 מ""ל",false,,13.90,0.0214,true,1,109524
7290004658953,false,יין סובניון בלאן לבן,קריות זול,,יין סובניון בלאן לבן,מיליליטרים,750.00,"100 מ""ל",false,,39.90,0.0532,true,1,31495
7290004685010,false,לחם הארץ שיפון פלוס,,,לחם הארץ שיפון פלוס,גרמים,500.00,100 גרם,false,,16.90,0.0338,true,1,57684
7290004685089,false,לחם הארץ חמניות 500ג,,,לחם הארץ חמניות 500ג,גרמים,500.00,100 גרם,false,,16.90,0.0338,true,1,57686
7290004685157,false,לחם הארץ שיפון 100%,,,לחם הארץ שיפון 100%,גרמים,750.00,100 גרם,false,,16.90,0.0225,true,1,48855
7290004685195,false,לחם הארץ 10 דגנים 75,,,לחם הארץ 10 דגנים 75,גרמים,750.00,100 גרם,false,,16.90,0.0225,true,1,51439
7290004685201,false,לחם הארץ אגוזים 500ג,,,לחם הארץ אגוזים 500ג,גרמים,500.00,100 גרם,false,,16.90,0.0338,true,1,48696
7290004685430,false,לחם הארץ כוסמין 100%,,,לחם הארץ כוסמין 100%,גרמים,500.00,100 גרם,false,,16.90,0.0338,true,1,88709
7290004685447,false,לחמניות כוסמין 6יח ש,,,לחמניות כוסמין 6יח ש,גרמים,450.00,100 גרם,false,,13.50,0.0300,true,1,104872
7290004685454,false,לחם הארץ שיבולת שועל,,,לחם הארץ שיבולת שועל,גרמים,500.00,100 גרם,false,,16.50,0.0330,true,1,117616
7290004731076,false,כיף אל סבון אלוורה 1,,,כיף אל סבון אלוורה 1,מיליליטרים,1000.00,"100 מ""ל",false,,13.90,0.0139,true,1,102698
7290004731083,false,כיף אלסבון ג'נסנג 1ל,,,כיף אלסבון ג'נסנג 1ל,מיליליטרים,1000.00,"100 מ""ל",false,,13.90,0.0139,true,1,35767
7290004731472,false,כיף אל סבון שלישיה צ,קריות זול,,כיף אל סבון שלישיה צ,מיליליטרים,1500.00,"100 מ""ל",false,,21.90,0.0146,true,1,35780
7290004731519,false,סנו מקסימה למייבש סנ,קריות זול,,סנו מקסימה למייבש סנ,מיליליטרים,750.00,"100 מ""ל",false,,19.90,0.0265,true,1,35782
7290004731557,false,סנו מקסימה למייבש מא,,,סנו מקסימה למייבש מא,מיליליטרים,750.00,"100 מ""ל",false,,19.90,0.0265,true,1,35784
7290004731564,false,סנו מקסימה למייבש בל,,,סנו מקסימה למייבש בל,מיליליטרים,750.00,"100 מ""ל",false,,19.90,0.0265,true,1,90194
7290004731984,false,אורביטול גו וואיט מש,,,אורביטול גו וואיט מש,גרמים,145.00,100 גרם,false,,14.90,0.1028,true,1,117830
7290004944032,false,חומוס אסלי 400 גרם,,,חומוס אסלי 400 גרם,גרמים,400.00,100 גרם,false,,13.90,0.0348,true,1,67813
7290004944049,false,טחינה אסלי 400גר,,,טחינה אסלי 400גר,גרמים,400.00,100 גרם,false,,13.90,0.0348,true,1,67814
7290004944056,false,חציל במיונז אסלי 400,,,חציל במיונז אסלי 400,גרמים,400.00,100 גרם,false,,13.90,0.0348,true,1,67815
7290004944063,false,תורכי אסלי 400גר,,,תורכי אסלי 400גר,גרמים,400.00,100 גרם,false,,13.90,0.0348,true,1,67816
7290005113222,false,זיתים מיקס יבנה 340,,,זיתים מיקס יבנה 340,גרמים,340.00,100 גרם,false,,9.90,0.0291,true,1,43525
7290005174513,false,חציל במיונז אחלה 500,קריות זול,,חציל במיונז אחלה 500,גרמים,500.00,100 גרם,false,,15.90,0.0318,true,1,42088
7290005175428,false,קמח תירס ויליפוד 500,קריות זול,,קמח תירס ויליפוד 500,גרמים,500.00,100 גרם,false,,5.90,0.0118,true,1,34694
7290005199738,false,מסטיק מאסט פפרמינט ר,קריות זול,,מסטיק מאסט פפרמינט ר,גרמים,28.00,100 גרם,false,,4.70,0.1679,true,1,42105
7290005200786,false,תפוציפס שמנת ובצל 50,קריות זול,,תפוציפס שמנת ובצל 50,גרמים,50.00,100 גרם,false,,3.90,0.0780,true,1,37450
7290005287206,false,טונה סטארקיסט בשמן 4,קריות זול,,טונה סטארקיסט בשמן 4,גרמים,640.00,100 גרם,false,,24.90,0.0389,true,1,35098
7290005287251,false,טונה סטארקיסט במים 4,קריות זול,,טונה סטארקיסט במים 4,גרמים,640.00,100 גרם,false,,24.90,0.0389,true,1,35100
7290005287510,false,טונה סטארקיסט בשמן פ,קריות זול,,טונה סטארקיסט בשמן פ,גרמים,160.00,100 גרם,false,,7.80,0.0487,true,1,35103
7290005287527,false,טונה סטארקיסט בשמן ל,קריות זול,,טונה סטארקיסט בשמן ל,גרמים,160.00,100 גרם,false,,7.80,0.0487,true,1,35104
7290005287534,false,טונה סטארקיסט בשמן ע,קריות זול,,טונה סטארקיסט בשמן ע,גרמים,160.00,100 גרם,false,,7.80,0.0487,true,1,35105
7290005287657,false,ממרח טונה סטארקיסט 1,,,ממרח טונה סטארקיסט 1,גרמים,160.00,100 גרם,false,,7.50,0.0469,true,1,35113
7290005296246,false,כלורקס פותח סתימות 9,,,כלורקס פותח סתימות 9,מיליליטרים,946.00,"100 מ""ל",false,,29.90,0.0316,true,1,37187
7290005296895,false,פוליבוי קצף לכלי כסף,,,פוליבוי קצף לכלי כסף,מיליליטרים,100.00,"100 מ""ל",false,,24.90,0.2490,true,1,37194
7290005317125,false,ביסקוויט חצי מצופה 1,קריות זול,,ביסקוויט חצי מצופה 1,גרמים,175.00,100 גרם,false,,5.90,0.0337,true,1,45250
7290005317200,false,קרקר טופז מלח 110גר,קריות זול,,קרקר טופז מלח 110גר,גרמים,110.00,100 גרם,false,,3.50,0.0318,true,1,45252
7290005326523,false,ממרח פסטו פטרוזיליה,,,ממרח פסטו פטרוזיליה,גרמים,185.00,100 גרם,false,,14.90,0.0805,true,1,67046
7290005384851,false,מיץ לימון ויליפוד 20,קריות זול,,מיץ לימון ויליפוד 20,מיליליטרים,200.00,"100 מ""ל",false,,4.90,0.0245,true,1,93094
7290005387043,false,צלעות מס' 2 חלק קפוא,,,צלעות מס' 2 חלק קפוא,קילוגרמים,1.00,"ק""ג",true,,39.90,39.9000,true,1,133228
7290005423253,false,סנו מקסימה למייבש או,קריות זול,,סנו מקסימה למייבש או,מיליליטרים,750.00,"100 מ""ל",false,,19.90,0.0265,true,1,35796
7290005423543,false,אורביטול משחת שיניים,,,אורביטול משחת שיניים,גרמים,145.00,100 גרם,false,,10.90,0.0752,true,1,35808
7290005423567,false,סנו סושי בגליל 40יח,קריות זול,,סנו סושי בגליל 40יח,יחידה,0.00,יחידה,false,,21.90,0.0000,true,1,102711
7290005423635,false,ריצפז פלוס דוחה חרקי,קריות זול,,ריצפז פלוס דוחה חרקי,ליטרים,2.00,ליטר,false,,23.90,11.9500,true,1,35810
7290005423734,false,סנו מקסימה מרכך כביס,קריות זול,,סנו מקסימה מרכך כביס,ליטרים,4.00,ליטר,false,,22.90,5.7250,true,1,35811
7290005423833,false,פוליויקס פרקט 2ליטר,קריות זול,,פוליויקס פרקט 2ליטר,ליטרים,2.00,ליטר,false,,21.90,10.9500,true,1,35812
7290005423871,false,אורביטול משחת שיניים,קריות זול,,אורביטול משחת שיניים,גרמים,435.00,100 גרם,false,,18.90,0.0434,true,1,35813
7290005424403,false,כיף אל סבון אצות ים,,,כיף אל סבון אצות ים,מיליליטרים,1000.00,"100 מ""ל",false,,13.90,0.0139,true,1,35820
7290005424755,false,ריצפז פלוס מטליות לח,,,ריצפז פלוס מטליות לח,יח',10.00,יח',false,,15.90,1.5900,true,1,95419
7290005424847,false,מפיות סנו סושי 150יח,,,מפיות סנו סושי 150יח,יחידה,0.00,יחידה,false,,7.90,0.0000,true,1,35830
7290005425585,false,מטליות להברקת רהיטים,קריות זול,,מטליות להברקת רהיטים,יח',20.00,יח',false,,12.90,0.6450,true,1,35845
7290005425646,false,סנוקליר לניקוי חלונו,קריות זול,,סנוקליר לניקוי חלונו,מיליליטרים,1000.00,"100 מ""ל",false,,9.90,0.0099,true,1,35847
7290005426186,false,סנו סושי סקוטש ענק 3,קריות זול,,סנו סושי סקוטש ענק 3,יחידה,0.00,יחידה,false,,15.90,0.0000,true,1,97537
7290005426803,false,סנו מקסימה מרכך כביס,קריות זול,,סנו מקסימה מרכך כביס,ליטרים,4.00,ליטר,false,,22.90,5.7250,true,1,35872
7290005426865,false,אורביטול משחת שיניים,,,אורביטול משחת שיניים,גרמים,70.00,100 גרם,false,,8.90,0.1271,true,1,73662
7290005427725,false,מגבוני ליטופים מבושם,,,מגבוני ליטופים מבושם,יח',5.00,יח',false,,21.90,4.3800,true,1,102730
7290005428852,false,סנו סופט מגבוני טישו,,,סנו סופט מגבוני טישו,גרמים,0.00,גרם,false,,15.90,0.0000,true,1,35933
7290005429279,false,סנו מקסימה אבקת כביס,,,סנו מקסימה אבקת כביס,קילוגרמים,6.00,"ק""ג",false,,49.90,8.3167,true,1,35942
7290005429286,false,סנו מקסימה ביו אבקת,,,סנו מקסימה ביו אבקת,קילוגרמים,6.00,"ק""ג",false,,49.90,8.3167,true,1,35943
7290005430602,false,סנו אוקסיגן מסיר כתמ,קריות זול,,סנו אוקסיגן מסיר כתמ,מיליליטרים,750.00,"100 מ""ל",false,,17.90,0.0239,true,1,35948
7290005430671,false,פוליויקס קרמיקה 2ליט,קריות זול,,פוליויקס קרמיקה 2ליט,ליטרים,2.00,ליטר,false,,21.90,10.9500,true,1,35954
7290005431883,false,מלבי חלבי 165 גרם,,,מלבי חלבי 165 גרם,גרמים,165.00,100 גרם,false,,6.90,0.0418,true,1,109891
7290005431913,false,עוגת גבינה פירורים 9,,,עוגת גבינה פירורים 9,גרמים,92.00,100 גרם,false,,6.90,0.0750,true,1,109893
7290005431920,false,עוגת גבינה פירורים ל,,,עוגת גבינה פירורים ל,גרמים,165.00,100 גרם,false,,6.90,0.0418,true,1,109894
7290005431937,false,טירמיסו 82 גרם,,,טירמיסו 82 גרם,גרמים,82.00,100 גרם,false,,6.90,0.0841,true,1,109889
7290005431968,false,מלבי שמנת 150 גרם,,,מלבי שמנת 150 גרם,גרמים,150.00,100 גרם,false,,7.40,0.0493,true,1,117181
7290005437632,false,שמן קנולה טעמן 1ליטר,,,שמן קנולה טעמן 1ליטר,מיליליטרים,1000.00,"100 מ""ל",false,,11.90,0.0119,true,1,118012
7290005437762,false,פסטה ספירלה טעמן 500,,,פסטה ספירלה טעמן 500,גרמים,500.00,100 גרם,false,,4.90,0.0098,true,1,98341
7290005509445,false,מיני קוקיס בטעם חמאה,קריות זול,,מיני קוקיס בטעם חמאה,גרמים,600.00,100 גרם,false,,16.90,0.0282,true,1,44197
7290005559907,false,*מבצע* פיצה משפחתית,קריות זול,,*מבצע* פיצה משפחתית,גרמים,500.00,100 גרם,false,,15.90,0.0318,true,1,39075
7290005559914,false,*מבצע* פיצה משפחתית,קריות זול,,*מבצע* פיצה משפחתית,גרמים,550.00,100 גרם,false,,15.90,0.0289,true,1,39076
7290005559990,false,בצק פילאס תורכי מעדנ,קריות זול,,בצק פילאס תורכי מעדנ,גרמים,600.00,100 גרם,false,,21.90,0.0365,true,1,39084
7290005591761,false,דבש טהור מפרחי בר בל,קריות זול,,דבש טהור מפרחי בר בל,גרמים,400.00,100 גרם,false,,28.90,0.0722,true,1,42114
7290005610509,false,צנוניות יח,,,צנוניות יח,יחידה,0.00,יחידה,false,,4.90,0.0000,true,1,90251
7290005658464,false,עוגיות מובחרות עד 35,,,עוגיות מובחרות עד 35,גרמים,350.00,100 גרם,false,,11.90,0.0340,true,1,45277
7290005689369,false,סינטה עגל,,,סינטה עגל,קילוגרמים,1.00,"ק""ג",true,,129.00,129.0000,true,1,134753
7290005838002,false,דניאלה מעדן גבינה 15,קריות זול,,דניאלה מעדן גבינה 15,מיליליטרים,150.00,"100 מ""ל",false,,4.10,0.0273,true,1,42116
7290005838613,false,סקי גבינת וניל 125גר,קריות זול,,סקי גבינת וניל 125גר,גרמים,125.00,100 גרם,false,,3.90,0.0312,true,1,42119
7290005838972,false,סקי גבינת לבנה 5% 12,קריות זול,,סקי גבינת לבנה 5% 12,גרמים,125.00,100 גרם,false,,3.60,0.0288,true,1,42120
7290005839078,false,דנונה ביו מארז שמיני,,,דנונה ביו מארז שמיני,גרמים,1200.00,100 גרם,false,,17.30,0.0144,true,1,42121
7290005839108,false,גבינת סימפוניה עם זי,קריות זול,,גבינת סימפוניה עם זי,גרמים,200.00,100 גרם,false,,11.70,0.0585,true,1,42122
7290005839313,false,מילקי טופ מגולגלת 14,קריות זול,,מילקי טופ מגולגלת 14,מיליליטרים,142.00,"100 מ""ל",false,,4.80,0.0338,true,1,42123
7290005896415,false,בירה איגל ירוק פחית,,,בירה איגל ירוק פחית,מיליליטרים,500.00,"100 מ""ל",false,,6.90,0.0138,true,1,97115
7290005896620,false,סאן בנדטו מים מינרלי,,,סאן בנדטו מים מינרלי,מיליליטרים,1500.00,"100 מ""ל",false,,3.90,0.0026,true,1,32444
7290005896637,false,סאן בנדטו 1.5 ליטר,,,סאן בנדטו 1.5 ליטר,מיליליטרים,1500.00,"100 מ""ל",false,,3.90,0.0026,true,1,62634
7290005992575,false,בולגרית למריחה 5% 25,קריות זול,,בולגרית למריחה 5% 25,גרמים,250.00,100 גרם,false,,17.90,0.0716,true,1,31670
7290005992735,false,לאבנה 5% 250גר מחלבו,קריות זול,,לאבנה 5% 250גר מחלבו,גרמים,250.00,100 גרם,false,,12.70,0.0508,true,1,31673
7290006131591,false,פילה ברבוניה בוואקום,,,פילה ברבוניה בוואקום,גרמים,400.00,100 גרם,false,,24.90,0.0622,true,1,100630
7290006185518,false,אל סבון כחול פנינה ר,,,אל סבון כחול פנינה ר,מיליליטרים,1000.00,"100 מ""ל",false,,10.90,0.0109,true,1,104213
7290006199218,false,גלידל חלבי מאגדת בטע,,,גלידל חלבי מאגדת בטע,יח',8.00,יח',false,,29.90,3.7375,true,1,129772
7290006199942,false,גלידל פרי מאגדת בטעם,,,גלידל פרי מאגדת בטעם,יח',8.00,יח',false,,22.90,2.8625,true,1,129766
7290006229427,false,סאן בנדטו שישייה 6*5,קריות זול,,סאן בנדטו שישייה 6*5,מיליליטרים,3000.00,"100 מ""ל",false,,14.90,0.0050,true,1,32452
7290006229588,false,בירה איגל זהב פחית 5,,,בירה איגל זהב פחית 5,מיליליטרים,500.00,"100 מ""ל",false,,6.90,0.0138,true,1,97117
7290006251107,false,תה מסאלה ויסוצקי 25י,קריות זול,,תה מסאלה ויסוצקי 25י,יח',25.00,יח',false,,19.90,0.7960,true,1,40108
7290006251275,false,תה ירוק סיני 25יח,קריות זול,,תה ירוק סיני 25יח,גרמים,37.50,100 גרם,false,,25.90,0.6907,true,1,40109
7290006251374,false,תה ירוק לימונית וגינ,קריות זול,,תה ירוק לימונית וגינ,גרמים,25.00,100 גרם,false,,25.90,1.0360,true,1,40113
7290006251589,false,תה ירוק עם עלי נענע,קריות זול,,תה ירוק עם עלי נענע,יח',50.00,יח',false,,45.90,0.9180,true,1,40114
7290006265500,false,פטריות שמפיניון ארוז,קריות זול,,פטריות שמפיניון ארוז,גרמים,250.00,100 גרם,false,,8.90,0.0356,true,1,32181
7290006271174,false,גחנון לאפיה בתנור מע,קריות זול,,גחנון לאפיה בתנור מע,גרמים,700.00,100 גרם,false,,18.90,0.0270,true,1,39088
7290006271181,false,גחנון אפוי מעדנות 75,קריות זול,,גחנון אפוי מעדנות 75,גרמים,750.00,100 גרם,false,,25.90,0.0345,true,1,39089
7290006271655,false,מיני בורקס גבינה מעד,קריות זול,,מיני בורקס גבינה מעד,גרמים,800.00,100 גרם,false,,27.90,0.0349,true,1,39094
7290006272072,false,חטיפי פיצה מעדנות 65,קריות זול,,חטיפי פיצה מעדנות 65,גרמים,650.00,100 גרם,false,,29.90,0.0460,true,1,39098
7290006342072,false,גרעין דלעת קלוי ששון,,,גרעין דלעת קלוי ששון,גרמים,200.00,100 גרם,false,,7.90,0.0395,true,1,98946
7290006342447,false,גרעיני אבטיח 200גרם,,,גרעיני אבטיח 200גרם,גרמים,200.00,100 גרם,false,,12.90,0.0645,true,1,98947
7290006374738,false,קונפיטורת תות יד מרד,קריות זול,,קונפיטורת תות יד מרד,גרמים,340.00,100 גרם,false,,13.90,0.0409,true,1,42131
7290006376022,false,קורנפלור 200גר פרימי,,,קורנפלור 200גר פרימי,גרמים,200.00,100 גרם,false,,3.90,0.0195,true,1,117194
7290006376626,false,אבקת סוכר פרימיום 10,,,אבקת סוכר פרימיום 10,גרמים,100.00,100 גרם,false,,2.20,0.0220,true,1,95564
7290006376688,false,סוכר וניל 10*10גרם פ,,,סוכר וניל 10*10גרם פ,גרמים,100.00,100 גרם,false,,2.20,0.0220,true,1,95565
7290006376695,false,אבקת אפיה 10*10גר פר,,,אבקת אפיה 10*10גר פר,גרמים,100.00,100 גרם,false,,2.20,0.0220,true,1,95562
7290006376718,false,ג'לטין שקיות 24 גר,,,ג'לטין שקיות 24 גר,גרמים,24.00,100 גרם,false,,9.90,0.4125,true,1,69248
7290006376725,false,קוקוס 200 גרם חילדה,,,קוקוס 200 גרם חילדה,גרמים,200.00,100 גרם,false,,7.50,0.0375,true,1,132249
7290006376732,false,שומשום 200 גרם חילדה,,,שומשום 200 גרם חילדה,גרמים,200.00,100 גרם,false,,7.90,0.0395,true,1,132250
7290006464293,false,כבד בקר לצליה לא מוכ,,,כבד בקר לצליה לא מוכ,קילוגרמים,1.00,"ק""ג",true,,29.90,29.9000,true,1,39000
7290006492432,false,בייבי מוצרלה מחלבות,קריות זול,,בייבי מוצרלה מחלבות,גרמים,100.00,100 גרם,false,,15.70,0.1570,true,1,31696
7290006492616,false,בולגרית פרוסות 5% 25,קריות זול,,בולגרית פרוסות 5% 25,גרמים,250.00,100 גרם,false,,27.90,0.1116,true,1,31697
7290006492852,false,גבינת עיזים 5 % למרי,קריות זול,,גבינת עיזים 5 % למרי,גרמים,250.00,100 גרם,false,,18.90,0.0756,true,1,31704
7290006494917,false,וופל מרמולייט ופל בט,קריות זול,,וופל מרמולייט ופל בט,גרמים,180.00,100 גרם,false,,10.90,0.0606,true,1,35391
7290006511683,false,פולי סויה מאנצו קפוא,,,פולי סויה מאנצו קפוא,גרמים,454.00,100 גרם,false,,9.90,0.0218,true,1,34705
7290006567048,false,פתיתי קוסקוס ישראלי,קריות זול,,פתיתי קוסקוס ישראלי,גרמים,350.00,100 גרם,false,,7.90,0.0226,true,1,34278
7290006582355,false,סילאן 900 גרם,,,סילאן 900 גרם,גרמים,900.00,100 גרם,false,,10.90,0.0121,true,1,44767
7290006618078,false,אסטוניש מרסס ניקוי י,,,אסטוניש מרסס ניקוי י,מיליליטרים,750.00,"100 מ""ל",false,,15.90,0.0212,true,1,37197
7290006618085,false,אסטוניש מרסס לאמבט 7,,,אסטוניש מרסס לאמבט 7,מיליליטרים,750.00,"100 מ""ל",false,,15.90,0.0212,true,1,37198
7290006652027,false,במבה מארז 20*15גר אס,,,במבה מארז 20*15גר אס,גרמים,300.00,100 גרם,false,,19.90,0.0663,true,1,34284
7290006653819,false,קוסקוס דק אסם 350 גר,קריות זול,,קוסקוס דק אסם 350 גר,גרמים,350.00,100 גרם,false,,7.90,0.0226,true,1,34289
7290006664037,false,גמדים דגנים 4*100גר,קריות זול,,גמדים דגנים 4*100גר,גרמים,400.00,100 גרם,false,,11.50,0.0288,true,1,42145
7290006664051,false,אקטימל טבעי 14*100מל,קריות זול,,אקטימל טבעי 14*100מל,מיליליטרים,1400.00,"100 מ""ל",false,,32.90,0.0235,true,1,42146
7290006664402,false,גבינה לבנה סקי 5% 75,קריות זול,,גבינה לבנה סקי 5% 75,גרמים,750.00,100 גרם,false,,14.94,0.0199,true,1,42153
7290006664532,false,דנונה תות 1.5% 150 מ,קריות זול,,דנונה תות 1.5% 150 מ,מיליליטרים,150.00,"100 מ""ל",false,,3.90,0.0260,true,1,42155
7290006664631,false,אקטימל תות 8*100מל,קריות זול,,אקטימל תות 8*100מל,מיליליטרים,800.00,"100 מ""ל",false,,21.90,0.0274,true,1,42156
7290006664655,false,אקטימל טבעי 8*100מל,קריות זול,,אקטימל טבעי 8*100מל,מיליליטרים,800.00,"100 מ""ל",false,,21.90,0.0274,true,1,42158
7290006664693,false,דנונה אפרסק 1.5% 150,קריות זול,,דנונה אפרסק 1.5% 150,גרמים,150.00,100 גרם,false,,3.90,0.0260,true,1,42159
7290006664990,false,דנונה ביו מארז שמיני,,,דנונה ביו מארז שמיני,גרמים,1200.00,100 גרם,false,,17.30,0.0144,true,1,42163
7290006681003,false,קרמיסימו תות לימון ס,קריות זול,,קרמיסימו תות לימון ס,מיליליטרים,1330.00,"100 מ""ל",false,,21.90,0.0165,true,1,38879
7290006712981,false,קולגייט משחת שיניים,קריות זול,,קולגייט משחת שיניים,מיליליטרים,50.00,"100 מ""ל",false,,13.90,0.2780,true,1,38448
7290006738615,false,קבב פרימיום 100% בשר,,,קבב פרימיום 100% בשר,גרמים,400.00,100 גרם,false,,24.90,0.0622,true,1,39722
7290006739292,false,פסטרמה תבור זוגלובק,,,פסטרמה תבור זוגלובק,גרמים,330.00,100 גרם,false,,29.90,0.0906,true,1,39724
7290006739407,false,שניצל תירס לייט זוגל,,,שניצל תירס לייט זוגל,גרמים,630.00,100 גרם,false,,26.90,0.0427,true,1,39726
7290006739414,false,סלמי קוניאק זוגלובק,,,סלמי קוניאק זוגלובק,גרמים,300.00,100 גרם,false,,28.90,0.0963,true,1,39727
7290006739421,false,סלמי מעושן איטלקי זו,,,סלמי מעושן איטלקי זו,גרמים,300.00,100 גרם,false,,28.90,0.0963,true,1,39728
7290006739445,false,שניצל תירס קלאסי זוג,,,שניצל תירס קלאסי זוג,גרמים,750.00,100 גרם,false,,26.90,0.0359,true,1,39729
7290006741363,false,"בורקס תפו""א בדץ זוגל",,,"בורקס תפו""א בדץ זוגל",גרמים,800.00,100 גרם,false,,16.90,0.0211,true,1,39743
7290006742278,false,פסטרממיה צלויה על לב,,,פסטרממיה צלויה על לב,גרמים,330.00,100 גרם,false,,29.90,0.0906,true,1,39754
7290006742292,false,פסטרממיה בדבש 1% זוג,,,פסטרממיה בדבש 1% זוג,גרמים,330.00,100 גרם,false,,29.90,0.0906,true,1,39756
7290006742315,false,חזה הודו ברביקיו 1%,,,חזה הודו ברביקיו 1%,גרמים,330.00,100 גרם,false,,29.90,0.0906,true,1,39758
7290006764485,false,נשר מאלט בקבוק שישיי,קריות זול,,נשר מאלט בקבוק שישיי,מיליליטרים,1980.00,"100 מ""ל",false,,31.90,0.0161,true,1,32459
7290006765000,false,טורטיות מקמח חיטה מל,,,טורטיות מקמח חיטה מל,גרמים,540.00,100 גרם,false,,10.00,0.0185,true,1,96661
7290006775023,false,עוגת אנגלית 450גר,,,עוגת אנגלית 450גר,גרמים,450.00,100 גרם,false,,10.90,0.0242,true,1,45814
7290006775030,false,עוגת שוקולד 450גר,,,עוגת שוקולד 450גר,גרמים,450.00,100 גרם,false,,10.90,0.0242,true,1,45815
7290006775047,false,עוגת שוקולד 450גר,,,עוגת שוקולד 450גר,גרמים,450.00,100 גרם,false,,10.90,0.0242,true,1,45816
7290006775191,false,מאפין ממולא שוקולד 5,,,מאפין ממולא שוקולד 5,גרמים,50.00,100 גרם,false,,2.90,0.0580,true,1,45820
7290006775306,false,מאפין ממולא תות 50גר,,,מאפין ממולא תות 50גר,גרמים,50.00,100 גרם,false,,2.90,0.0580,true,1,45821
7290006775344,false,עוגת שמרים קינמון וא,,,עוגת שמרים קינמון וא,גרמים,400.00,100 גרם,false,,12.90,0.0323,true,1,45823
7290006775801,false,רוגעלך 400 גרם,,,רוגעלך 400 גרם,גרמים,400.00,100 גרם,false,,11.90,0.0298,true,1,81571
7290006775900,false,עוגיות מיני מרוקאיות,,,עוגיות מיני מרוקאיות,גרמים,500.00,100 גרם,false,,11.90,0.0238,true,1,58360
7290006784360,false,נוזל חלונות 1 ליטר ס,,,נוזל חלונות 1 ליטר ס,ליטרים,1.00,ליטר,false,,5.90,5.9000,true,1,43549
7290006788399,false,דאודורנט קרליין רול,,,דאודורנט קרליין רול,מיליליטרים,75.00,"100 מ""ל",false,,13.90,0.1853,true,1,111194
7290006788412,false,קרליין רולאון נושם כ,,,קרליין רולאון נושם כ,מיליליטרים,75.00,"100 מ""ל",false,,13.90,0.1853,true,1,97541
7290006788559,false,טיטניום ספריי בלו אי,,,טיטניום ספריי בלו אי,מיליליטרים,180.00,"100 מ""ל",false,,17.90,0.0994,true,1,85855
7290006822192,false,אושן ספריי דיאט חמוצ,קריות זול,,אושן ספריי דיאט חמוצ,מיליליטרים,1000.00,"100 מ""ל",false,,13.50,0.0135,true,1,37728
7290006873460,false,מיץ ענבים בציר 1 ליט,,,מיץ ענבים בציר 1 ליט,מיליליטרים,1000.00,"100 מ""ל",false,,13.90,0.0139,true,1,101769
7290006873620,false,מיץ ענבים אדום טבעי,,,מיץ ענבים אדום טבעי,מיליליטרים,1000.00,"100 מ""ל",false,,11.90,0.0119,true,1,68521
7290006873712,false,יין גראנש רוזה חצי י,,,יין גראנש רוזה חצי י,מיליליטרים,1000.00,"100 מ""ל",false,,18.90,0.0189,true,1,68523
7290006960054,false,מלפפונים חמוץ מתוק י,,,מלפפונים חמוץ מתוק י,גרמים,370.00,100 גרם,false,,9.90,0.0268,true,1,132660
7290006983152,false,קרוטונים מתובלים למר,קריות זול,,קרוטונים מתובלים למר,גרמים,400.00,100 גרם,false,,20.90,0.0522,true,1,34300
7290006983176,false,לחמית שיפון אסם 250ג,קריות זול,,לחמית שיפון אסם 250ג,גרמים,250.00,100 גרם,false,,9.90,0.0396,true,1,34301
7290006983770,false,עוגת הבית שיש אסם 40,קריות זול,,עוגת הבית שיש אסם 40,גרמים,400.00,100 גרם,false,,13.90,0.0348,true,1,34307
7290006983787,false,עוגת הבית שוקוציפס א,קריות זול,,עוגת הבית שוקוציפס א,גרמים,400.00,100 גרם,false,,13.90,0.0348,true,1,34308
7290006983794,false,עוגת הבית תפוז אסם 4,קריות זול,,עוגת הבית תפוז אסם 4,גרמים,400.00,100 גרם,false,,13.90,0.0348,true,1,34309
7290008104050,false,פימינה נוזל שטיפה אי,,,פימינה נוזל שטיפה אי,מיליליטרים,200.00,"100 מ""ל",false,,22.90,0.1145,true,1,98846
7290008116534,false,מי פה ליסטרין 250 מל,,,מי פה ליסטרין 250 מל,מיליליטרים,250.00,"100 מ""ל",false,,9.90,0.0396,true,1,63800
7290008154222,false,שניצלונים עוף טוב 70,קריות זול,,שניצלונים עוף טוב 70,גרמים,700.00,100 גרם,false,,18.90,0.0270,true,1,34323
7290008190909,false,מיני קוקיס שוקולד צי,קריות זול,,מיני קוקיס שוקולד צי,גרמים,600.00,100 גרם,false,,16.90,0.0282,true,1,44213
7290008194266,false,חטיפים מעורבים 350 ג,,,חטיפים מעורבים 350 ג,גרמים,350.00,100 גרם,false,,13.50,0.0386,true,1,32843
7290008194839,false,חטיפים מצופים אטיאס,,,חטיפים מצופים אטיאס,גרמים,300.00,100 גרם,false,,13.50,0.0450,true,1,70124
7290008286824,false,פילה נסיכת הנילוס מנ,,,פילה נסיכת הנילוס מנ,קילוגרמים,1.00,"ק""ג",true,,69.90,69.9000,true,1,135117
7290008286947,false,פילה סלמון נורבגי מנ,,,פילה סלמון נורבגי מנ,קילוגרמים,1.00,"ק""ג",true,,84.90,84.9000,true,1,131085
7290008329033,false,צלחת 7 לבן אר 50 דנט,,,צלחת 7 לבן אר 50 דנט,יח',50.00,יח',false,,8.90,0.1780,true,1,79349
7290008329217,false,צלחת 7 ציבעוני 20 יח,,,צלחת 7 ציבעוני 20 יח,יחידה,0.00,יחידה,false,,8.90,0.0000,true,1,98476
7290008329224,false,מרקיה צבעוני 20יח דנ,,,מרקיה צבעוני 20יח דנ,יחידה,0.00,יחידה,false,,8.90,0.0000,true,1,79355
7290008329231,false,קסרול צבעוני 20 יח ד,,,קסרול צבעוני 20 יח ד,יחידה,0.00,יחידה,false,,6.90,0.0000,true,1,98477
7290008329248,false,ליפתנית צבעוני  20יח,,,ליפתנית צבעוני  20יח,יח',0.00,יח',false,,6.90,0.0000,true,1,98478
7290008329255,false,מזלגות אר 100 דנטס,,,מזלגות אר 100 דנטס,יחידה,0.00,יחידה,false,,8.90,0.0000,true,1,79358
7290008329279,false,ליפתנית לבן 25 יח' ד,,,ליפתנית לבן 25 יח' ד,יחידה,0.00,יחידה,false,,4.90,0.0000,true,1,79360
7290008329286,false,כפיות אר 100 דנטס,,,כפיות אר 100 דנטס,יחידה,0.00,יחידה,false,,8.90,0.0000,true,1,79361
7290008329293,false,סכינים פרימיום שקוף/,,,סכינים פרימיום שקוף/,יחידה,0.00,יחידה,false,,9.90,0.0000,true,1,79362
7290008329309,false,מזלגות פרימיום שקוף/,,,מזלגות פרימיום שקוף/,יחידה,0.00,יחידה,false,,9.90,0.0000,true,1,79363
7290008329316,false,כפות פרימיום שקוף/קר,,,כפות פרימיום שקוף/קר,יחידה,0.00,יחידה,false,,9.90,0.0000,true,1,79364
7290008329347,false,צלחת 10 צבעוני 20 יח,,,צלחת 10 צבעוני 20 יח,יחידה,0.00,יחידה,false,,14.90,0.0000,true,1,79367
7290008329354,false,צלחת (9) ציבעוני 20י,,,צלחת (9) ציבעוני 20י,יחידה,0.00,יחידה,false,,11.90,0.0000,true,1,79368
7290008330107,false,בדין סגול מרכך כביסה,קריות זול,,בדין סגול מרכך כביסה,ליטרים,4.00,ליטר,false,,19.90,4.9750,true,1,36819
7290008379373,false,אורגו צמה טבעית 300,,,אורגו צמה טבעית 300,גרמים,300.00,100 גרם,false,,28.90,0.0963,true,1,89878
7290008409049,false,שניצלונים מיני מיני,,,שניצלונים מיני מיני,גרמים,500.00,100 גרם,false,,28.90,0.0578,true,1,62218
7290008409124,false,שניצל גונגל פריך מאמ,קריות זול,,שניצל גונגל פריך מאמ,גרמים,700.00,100 גרם,false,,37.90,0.0541,true,1,39109
7290008409407,false,שניצל דק בציפוי ציפס,,,שניצל דק בציפוי ציפס,גרמים,700.00,100 גרם,false,,44.90,0.0641,true,1,39121
7290008409551,false,שניצל עוף אמיתי מעוד,קריות זול,,שניצל עוף אמיתי מעוד,גרמים,700.00,100 גרם,false,,44.90,0.0641,true,1,39127
7290008443616,false,נקה 7 מרכך לשיער יבש,,,נקה 7 מרכך לשיער יבש,מיליליטרים,750.00,"100 מ""ל",false,,12.90,0.0172,true,1,41775
7290008443647,false,נקה 7 מרכך מועשר בתמ,,,נקה 7 מרכך מועשר בתמ,מיליליטרים,750.00,"100 מ""ל",false,,12.90,0.0172,true,1,41778
7290008453783,false,אשפה שרוך 52/65 60 י,,,אשפה שרוך 52/65 60 י,יחידה,0.00,יחידה,false,,14.90,0.0000,true,1,96817
7290008464130,false,בירה גולדסטאר לא מסו,,,בירה גולדסטאר לא מסו,מיליליטרים,1980.00,"100 מ""ל",false,,35.90,0.0181,true,1,61108
7290008464222,false,בירה מכבי 7.9% פחית,,,בירה מכבי 7.9% פחית,מיליליטרים,500.00,"100 מ""ל",false,,8.50,0.0170,true,1,97119
7290008464468,false,בירה גולדסטאר פחית 5,קריות זול,,בירה גולדסטאר פחית 5,מיליליטרים,500.00,"100 מ""ל",false,,8.50,0.0170,true,1,32475
7290008464475,false,בירה מכבי פחית 500מל,קריות זול,,בירה מכבי פחית 500מל,מיליליטרים,500.00,"100 מ""ל",false,,8.50,0.0170,true,1,32476
7290008464505,false,"סאן בנדטו 500מ""ל",קריות זול,,"סאן בנדטו 500מ""ל",מיליליטרים,500.00,"100 מ""ל",false,,2.90,0.0058,true,1,32477
7290008464604,false,בירה היינקן הולנד פח,קריות זול,,בירה היינקן הולנד פח,מיליליטרים,500.00,"100 מ""ל",false,,9.90,0.0198,true,1,32478
7290008464741,false,בירה גולדסטאר בקבוק,קריות זול,,בירה גולדסטאר בקבוק,מיליליטרים,1980.00,"100 מ""ל",false,,35.90,0.0181,true,1,32482
7290008464796,false,בירה היינקן בקבוק 6*,קריות זול,,בירה היינקן בקבוק 6*,מיליליטרים,1980.00,"100 מ""ל",false,,35.90,0.0181,true,1,32485
7290008493413,false,פרורי גריסני שקית 20,,,פרורי גריסני שקית 20,גרמים,200.00,100 גרם,false,,6.90,0.0345,true,1,38474
7290008493710,false,פרורי גריסיני זהב 20,,,פרורי גריסיני זהב 20,גרמים,200.00,100 גרם,false,,6.90,0.0345,true,1,131483
7290008590136,false,שעועית צהובה חתוכה ק,,,שעועית צהובה חתוכה ק,גרמים,800.00,100 גרם,false,,9.90,0.0124,true,1,133045
7290008590150,false,אפונת גינה קטנה שף ה,,,אפונת גינה קטנה שף ה,גרמים,800.00,100 גרם,false,,9.90,0.0124,true,1,132670
7290008590167,false,אפונה וגזר 800 גרם ש,,,אפונה וגזר 800 גרם ש,גרמים,800.00,100 גרם,false,,9.90,0.0124,true,1,133046
7290008590198,false,שעועית ירוקה חתוכה 8,,,שעועית ירוקה חתוכה 8,גרמים,800.00,100 גרם,false,,9.90,0.0124,true,1,133047
7290008614498,false,צלעות מס'2 קפוא,,,צלעות מס'2 קפוא,קילוגרמים,1.00,"ק""ג",true,,39.90,39.9000,true,1,95798
7290008614559,false,שריר הזרוע מס 8 חלק,,,שריר הזרוע מס 8 חלק,קילוגרמים,1.00,"ק""ג",true,,29.90,29.9000,true,1,117603
7290008614788,false,סינטה קפוא,,,סינטה קפוא,קילוגרמים,1.00,"ק""ג",true,,69.90,69.9000,true,1,133253
7290008644235,false,עלי בייבי 120 גר שטר,קריות זול,,עלי בייבי 120 גר שטר,גרמים,120.00,100 גרם,false,,11.50,0.0958,true,1,31340
7290008644945,false,סלט המושבה שטראוס 45,,,סלט המושבה שטראוס 45,גרמים,450.00,100 גרם,false,,11.90,0.0264,true,1,42177
7290008670012,false,יין קברנה סובניון רק,קריות זול,,יין קברנה סובניון רק,מיליליטרים,750.00,"100 מ""ל",false,,59.90,0.0799,true,1,31828
7290008679435,false,כפפות הנדי לבית ולמט,קריות זול,,כפפות הנדי לבית ולמט,יחידה,0.00,יחידה,false,,7.90,0.0000,true,1,38186
7290008690713,false,אושן ספריי חמוציות 1,קריות זול,,אושן ספריי חמוציות 1,מיליליטרים,1000.00,"100 מ""ל",false,,13.50,0.0135,true,1,37757
7290008693134,false,דניאלה תות מעדן גבינ,קריות זול,,דניאלה תות מעדן גבינ,מיליליטרים,150.00,"100 מ""ל",false,,4.10,0.0273,true,1,42185
7290008736312,false,לשון בקר קפוא,,,לשון בקר קפוא,קילוגרמים,1.00,"ק""ג",true,,39.90,39.9000,true,1,132097
7290008737296,false,"גפילטע פיש ""דג עדן 6",,,"גפילטע פיש ""דג עדן 6",יח',6.00,יח',false,,14.90,2.4833,true,1,58153
7290008745239,false,תפוציפס אקסטרא טבעי,קריות זול,,תפוציפס אקסטרא טבעי,גרמים,50.00,100 גרם,false,,3.90,0.0780,true,1,37453
7290008747547,false,תפוציפס אקסטרא טבעי,,,תפוציפס אקסטרא טבעי,גרמים,200.00,100 גרם,false,,10.90,0.0545,true,1,37455
7290008750264,false,מסטיק מאסט דובדבן 28,קריות זול,,מסטיק מאסט דובדבן 28,גרמים,28.00,100 גרם,false,,4.70,0.1679,true,1,42204
7290008752244,false,תפוציפס אקסטרא גריל,קריות זול,,תפוציפס אקסטרא גריל,גרמים,50.00,100 גרם,false,,3.90,0.0780,true,1,37457
7290008753111,false,תפוציפס מקסיקני 50גר,קריות זול,,תפוציפס מקסיקני 50גר,גרמים,50.00,100 גרם,false,,3.90,0.0780,true,1,37459
7290008754415,false,מסטיק מאסט בטעם ספיר,,,מסטיק מאסט בטעם ספיר,גרמים,28.00,100 גרם,false,,4.70,0.1679,true,1,42216
7290008757980,false,ספרינג רימונים 1 ליט,קריות זול,,ספרינג רימונים 1 ליט,מיליליטרים,1000.00,"100 מ""ל",false,,7.90,0.0079,true,1,36373
7290008775816,false,ערגליות שוקו אסם 300,קריות זול,,ערגליות שוקו אסם 300,גרמים,300.00,100 גרם,false,,10.90,0.0363,true,1,34347
7290008775823,false,ערגליות תות אסם 300ג,קריות זול,,ערגליות תות אסם 300ג,גרמים,300.00,100 גרם,false,,10.90,0.0363,true,1,34348
7290008801157,false,יין סלקטד מרלו 750 מ,קריות זול,,יין סלקטד מרלו 750 מ,מיליליטרים,750.00,"100 מ""ל",false,,28.90,0.0385,true,1,31501
7290008801461,false,יין הניצחון 750מל,קריות זול,,יין הניצחון 750מל,מיליליטרים,750.00,"100 מ""ל",false,,19.90,0.0265,true,1,31506
7290008801478,false,יין טופז זהב 750מל,קריות זול,,יין טופז זהב 750מל,מיליליטרים,750.00,"100 מ""ל",false,,19.90,0.0265,true,1,31507
7290008801522,false,יין קינג דיוויד לבן,קריות זול,,יין קינג דיוויד לבן,מיליליטרים,750.00,"100 מ""ל",false,,19.90,0.0265,true,1,31508
7290008801539,false,יין קינג דיוויד מתוק,קריות זול,,יין קינג דיוויד מתוק,מיליליטרים,750.00,"100 מ""ל",false,,19.90,0.0265,true,1,31509
7290008801546,false,יין קינג דיוויד מוסק,קריות זול,,יין קינג דיוויד מוסק,מיליליטרים,750.00,"100 מ""ל",false,,19.90,0.0265,true,1,31510
7290008801843,false,יין סלקטד קברנה סובי,קריות זול,,יין סלקטד קברנה סובי,מיליליטרים,750.00,"100 מ""ל",false,,28.90,0.0385,true,1,31511
7290008801850,false,יין סלקטד אמרלד ריזל,קריות זול,,יין סלקטד אמרלד ריזל,מיליליטרים,750.00,"100 מ""ל",false,,28.90,0.0385,true,1,31512
7290008802291,false,יין מרלו פריווט קולק,קריות זול,,יין מרלו פריווט קולק,מיליליטרים,750.00,"100 מ""ל",false,,39.90,0.0532,true,1,31513
7290008802529,false,יין וינו לבן יבש 750,קריות זול,,יין וינו לבן יבש 750,מיליליטרים,750.00,"100 מ""ל",false,,19.90,0.0265,true,1,31515
7290008805520,false,יין סלקטד קברנה סובנ,קריות זול,,יין סלקטד קברנה סובנ,מיליליטרים,750.00,"100 מ""ל",false,,28.90,0.0385,true,1,31546
7290008806961,false,קרמיסימו שוקולד פרה,קריות זול,,קרמיסימו שוקולד פרה,מיליליטרים,1330.00,"100 מ""ל",false,,21.90,0.0165,true,1,38896
7290008835954,false,פילה אמנון 5-7 וואקו,,,פילה אמנון 5-7 וואקו,קילוגרמים,1.00,"ק""ג",true,,29.90,29.9000,true,1,117197
7290008849470,false,פלפל צומה חריף אוליב,קריות זול,,פלפל צומה חריף אוליב,גרמים,185.00,100 גרם,false,,14.90,0.0805,true,1,41002
7290008849586,false,רוטב ריבת בצל אוליבי,קריות זול,,רוטב ריבת בצל אוליבי,מיליליטרים,310.00,"100 מ""ל",false,,14.90,0.0481,true,1,41007
7290008849609,false,רוטב לעוף שום דבש או,קריות זול,,רוטב לעוף שום דבש או,מיליליטרים,330.00,"100 מ""ל",false,,14.90,0.0452,true,1,41008
7290008909853,false,קוקה קולה זירו בקבוק,,,קוקה קולה זירו בקבוק,מיליליטרים,500.00,"100 מ""ל",false,,7.00,0.0140,true,1,99731
7290010023141,false,תה לימונענע הגן הקסו,קריות זול,,תה לימונענע הגן הקסו,גרמים,50.00,100 גרם,false,,19.90,0.3980,true,1,40130
7290010050109,false,רוזמרין/עירית,,,רוזמרין/עירית,יחידה,0.00,יחידה,false,,5.90,0.0000,true,1,54053
7290010051021,false,בזיליקום,,,בזיליקום,יחידה,0.00,יחידה,false,,5.90,0.0000,true,1,53917
7290010051052,false,פטרוזליה,,,פטרוזליה,יחידה,0.00,יחידה,false,,3.90,0.0000,true,1,32292
7290010051076,false,לבבות חסה,,,לבבות חסה,יחידה,0.00,יחידה,false,,9.90,0.0000,true,1,70664
7290010051120,false,מרווה,,,מרווה,יחידה,0.00,יחידה,false,,5.90,0.0000,true,1,53919
7290010051168,false,כוסברה,,,כוסברה,יחידה,0.00,יחידה,false,,3.90,0.0000,true,1,53900
7290010051175,false,כוסברה/שמיר ארוז,,,כוסברה/שמיר ארוז,גרמים,1000.00,100 גרם,false,,3.90,0.0039,true,1,32293
7290010051182,false,נענע ארוזה,,,נענע ארוזה,יחידה,0.00,יחידה,false,,3.90,0.0000,true,1,32294
7290010051199,false,שורש פטרוזיליה,,,שורש פטרוזיליה,יחידה,0.00,יחידה,false,,5.90,0.0000,true,1,53902
7290010051205,false,סלרי אמריקאי.,,,סלרי אמריקאי.,גרמים,200.00,100 גרם,false,,5.90,0.0295,true,1,53903
7290010051212,false,סלרי ראש,,,סלרי ראש,יחידה,0.00,יחידה,false,,5.90,0.0000,true,1,53904
7290010051267,false,פרסה לוף שלם,,,פרסה לוף שלם,יחידה,0.00,יחידה,false,,8.90,0.0000,true,1,58233
7290010051298,false,סלק עלים ארוז,,,סלק עלים ארוז,יחידה,0.00,יחידה,false,,6.90,0.0000,true,1,53905
7290010051311,false,סלרי חתוך,,,סלרי חתוך,גרמים,110.00,100 גרם,false,,5.90,0.0536,true,1,87031
7290010051335,false,בצל ירוק,,,בצל ירוק,גרמים,110.00,100 גרם,false,,5.90,0.0536,true,1,53914
7290010051373,false,לבבות חסה א.אדמה,,,לבבות חסה א.אדמה,יחידה,0.00,יחידה,false,,9.90,0.0000,true,1,92565
7290010051687,false,רוזמרין,,,רוזמרין,יחידה,0.00,יחידה,false,,5.90,0.0000,true,1,61428
7290010065295,false,"פרינוק מחית תפו""ע+בנ",,,"פרינוק מחית תפו""ע+בנ",גרמים,130.00,100 גרם,false,,4.90,0.0377,true,1,88377
7290010065318,false,פרינוק מחית גוניור ת,,,פרינוק מחית גוניור ת,גרמים,190.00,100 גרם,false,,6.50,0.0342,true,1,38205
7290010065349,false,פרינוק מחית גוניור ס,,,פרינוק מחית גוניור ס,גרמים,190.00,100 גרם,false,,6.50,0.0342,true,1,38208
7290010066513,false,נתחי טונה בשמן פילטו,,,נתחי טונה בשמן פילטו,גרמים,632.00,100 גרם,false,,22.90,0.0362,true,1,46280
7290010066575,false,נתחי טונה במים פילטו,,,נתחי טונה במים פילטו,גרמים,632.00,100 גרם,false,,22.90,0.0362,true,1,46282
7290010066582,false,נתחי טונה בשמן קנולה,,,נתחי טונה בשמן קנולה,גרמים,632.00,100 גרם,false,,22.90,0.0362,true,1,46283
7290010116980,false,שוקולית עלית 850גר,קריות זול,,שוקולית עלית 850גר,גרמים,820.00,100 גרם,false,,16.90,0.0206,true,1,42231
7290010124213,false,סינטה בקר דק דק אל מ,,,סינטה בקר דק דק אל מ,גרמים,250.00,100 גרם,false,,19.90,0.0796,true,1,95911
7290010124503,false,שומן כבש 200גר,,,שומן כבש 200גר,גרמים,200.00,100 גרם,false,,12.90,0.0645,true,1,44002
7290010126323,false,חציל במיונז 400 גרם,,,חציל במיונז 400 גרם,גרמים,400.00,100 גרם,false,,12.90,0.0323,true,1,101931
7290010126330,false,תירס במיונז 400 גרם,,,תירס במיונז 400 גרם,גרמים,400.00,100 גרם,false,,12.90,0.0323,true,1,101942
7290010126477,false,טחינה ירוקה 400 גרם,,,טחינה ירוקה 400 גרם,גרמים,400.00,100 גרם,false,,12.90,0.0323,true,1,101933
7290010126484,false,מטבוחה 400 גרם כיד ה,,,מטבוחה 400 גרם כיד ה,גרמים,400.00,100 גרם,false,,12.90,0.0323,true,1,101934
7290010126491,false,סלט סלק 400 גרם כיד,,,סלט סלק 400 גרם כיד,גרמים,400.00,100 גרם,false,,12.90,0.0323,true,1,101940
7290010126507,false,סלט טורקי 400 גרם כי,,,סלט טורקי 400 גרם כי,גרמים,400.00,100 גרם,false,,12.90,0.0323,true,1,101941
7290010126958,false,"סלט תפו""א במיונז 400",,,"סלט תפו""א במיונז 400",גרמים,400.00,100 גרם,false,,12.90,0.0323,true,1,101943
7290010126972,false,טחינה לבנה 400 גרם כ,,,טחינה לבנה 400 גרם כ,גרמים,400.00,100 גרם,false,,12.90,0.0323,true,1,101938
7290010163069,false,צנובר 100גרם,,,צנובר 100גרם,גרמים,100.00,100 גרם,false,,19.90,0.1990,true,1,68462
7290010176229,false,נודלס בטעם בשר 65 גר,,,נודלס בטעם בשר 65 גר,גרמים,65.00,100 גרם,false,,5.90,0.0908,true,1,98353
7290010199891,false,אל סבון סטייל תה אדו,,,אל סבון סטייל תה אדו,מיליליטרים,500.00,"100 מ""ל",false,,6.90,0.0138,true,1,41028
7290010237784,false,שנדי לימון ליים שישי,,,שנדי לימון ליים שישי,מיליליטרים,1980.00,"100 מ""ל",false,,35.90,0.0181,true,1,32498
7290010259823,false,נודלס בטעם עוף מנת ה,קריות זול,,נודלס בטעם עוף מנת ה,גרמים,70.00,100 גרם,false,,5.90,0.0843,true,1,34732
7290010259847,false,נודלס בטעם תירס מנת,קריות זול,,נודלס בטעם תירס מנת,גרמים,70.00,100 גרם,false,,5.90,0.0843,true,1,34734
7290010259854,false,נודלס בטעם פטריות מנ,קריות זול,,נודלס בטעם פטריות מנ,גרמים,70.00,100 גרם,false,,5.90,0.0843,true,1,34735
7290010259861,false,נודלס בטעם ירקות מנת,קריות זול,,נודלס בטעם ירקות מנת,גרמים,70.00,100 גרם,false,,5.90,0.0843,true,1,34736
7290010259991,false,צנימים ויליפוד 250גר,קריות זול,,צנימים ויליפוד 250גר,גרמים,250.00,100 גרם,false,,7.90,0.0316,true,1,34742
7290010328093,false,ממרח חלבה 400גר,,,ממרח חלבה 400גר,גרמים,400.00,100 גרם,false,,10.90,0.0273,true,1,53644
7290010328246,false,טחינה משומשום מלא 50,,,טחינה משומשום מלא 50,גרמים,500.00,100 גרם,false,,12.90,0.0258,true,1,58333
7290010328253,false,טחינה גולמית 500 גרם,,,טחינה גולמית 500 גרם,גרמים,500.00,100 גרם,false,,11.90,0.0238,true,1,58334
7290010328505,false,חטיפי מיני חלבה ללא,,,חטיפי מיני חלבה ללא,יח',15.00,יח',false,,11.90,0.7933,true,1,63349
7290010328680,false,עוגת שוקולד עם שוקוצ,,,עוגת שוקולד עם שוקוצ,גרמים,450.00,100 גרם,false,,10.90,0.0242,true,1,67511
7290010328710,false,קצפיות במגש 180גר,,,קצפיות במגש 180גר,גרמים,180.00,100 גרם,false,,10.90,0.0606,true,1,68129
7290010328734,false,ממרח טחינה עם סילאן,,,ממרח טחינה עם סילאן,גרמים,400.00,100 גרם,false,,10.90,0.0273,true,1,70161
7290010328819,false,ממרח טחינה עם שוקולד,,,ממרח טחינה עם שוקולד,גרמים,400.00,100 גרם,false,,10.90,0.0273,true,1,86180
7290010328895,false,מאפין שוקולד 45גר,,,מאפין שוקולד 45גר,גרמים,45.00,100 גרם,false,,2.90,0.0644,true,1,87474
7290010429554,false,שמן זית כתית מעולה2,קריות זול,,שמן זית כתית מעולה2,מיליליטרים,750.00,"100 מ""ל",false,,35.90,0.0479,true,1,42241
7290010454402,false,מפות שולחן,,,מפות שולחן,יחידה,0.00,יחידה,false,,6.90,0.0000,true,1,60722
7290010471669,false,דנונה בר תות קורנפלק,קריות זול,,דנונה בר תות קורנפלק,גרמים,173.00,100 גרם,false,,4.70,0.0272,true,1,42247
7290010472390,false,דני שוקולד מארז 8*12,קריות זול,,דני שוקולד מארז 8*12,גרמים,1000.00,100 גרם,false,,16.80,0.0168,true,1,42254
7290010513727,false,פירורי לחם פנקו 200ג,,,פירורי לחם פנקו 200ג,גרמים,200.00,100 גרם,false,,8.90,0.0445,true,1,61383
7290010548514,false,עשבי תיבול לבישול אי,,,עשבי תיבול לבישול אי,גרמים,70.00,100 גרם,false,,11.90,0.1700,true,1,97338
7290010613090,false,מגיק נוזל לשטיפת רצפ,,,מגיק נוזל לשטיפת רצפ,מיליליטרים,4000.00,"100 מ""ל",false,,12.90,0.0032,true,1,45753
7290010613526,false,דלי מטליות לניקוי וח,,,דלי מטליות לניקוי וח,יחידה,0.00,יחידה,false,,10.90,0.0000,true,1,130753
7290010613953,false,דלי מטליות לניקוי וח,,,דלי מטליות לניקוי וח,יחידה,0.00,יחידה,false,,10.90,0.0000,true,1,131742
7290010711123,false,"ננס רביעיה ""שייני""",,,"ננס רביעיה ""שייני""",יחידה,0.00,יחידה,false,,6.90,0.0000,true,1,43193
7290010711932,false,מטליות רב שימושיות 9,,,מטליות רב שימושיות 9,יח',9.00,יח',false,,9.90,1.1000,true,1,54376
7290010718634,false,אל סבון לבן פנינה רו,,,אל סבון לבן פנינה רו,מיליליטרים,1000.00,"100 מ""ל",false,,10.90,0.0109,true,1,104215
7290010748884,false,קרם גוף אפקטיב טינטנ,,,קרם גוף אפקטיב טינטנ,מיליליטרים,700.00,"100 מ""ל",false,,32.90,0.0470,true,1,103892
7290010766185,false,רוטב לפסטה עגב ובזיל,,,רוטב לפסטה עגב ובזיל,גרמים,420.00,100 גרם,false,,13.90,0.0331,true,1,54801
7290010766307,false,רוטב לפסטה בולונז או,,,רוטב לפסטה בולונז או,גרמים,420.00,100 גרם,false,,14.90,0.0355,true,1,41035
7290010814695,false,שוקולד מריר ללא סוכר,,,שוקולד מריר ללא סוכר,גרמים,85.00,100 גרם,false,,6.90,0.0812,true,1,46800
7290010814701,false,שוקולד חלב ללא סוכר,,,שוקולד חלב ללא סוכר,גרמים,85.00,100 גרם,false,,6.90,0.0812,true,1,46801
7290010838219,false,סטיביה 100 שק,,,סטיביה 100 שק,יחידה,0.00,יחידה,false,,29.90,0.0000,true,1,57618
7290010839865,false,רכז רימונים 320 גר,,,רכז רימונים 320 גר,גרמים,320.00,100 גרם,false,,10.90,0.0341,true,1,34756
7290010883042,false,סנובון נוזלי תות 750,,,סנובון נוזלי תות 750,מיליליטרים,750.00,"100 מ""ל",false,,10.90,0.0145,true,1,35960
7290010903924,false,"שניצל צמחי בד""ץ 1 ק""",,,"שניצל צמחי בד""ץ 1 ק""",גרמים,1000.00,100 גרם,false,,21.90,0.0219,true,1,105558
7290010931330,false,סלט מטבוחה אחלה 500ג,קריות זול,,סלט מטבוחה אחלה 500ג,גרמים,500.00,100 גרם,false,,14.90,0.0298,true,1,42259
7290010945146,false,קוטג מועשר 3% 250גר,קריות זול,,קוטג מועשר 3% 250גר,גרמים,250.00,100 גרם,false,,6.20,0.0248,true,1,37781
7290010945450,false,גבינה לבנה מהדרין 3%,קריות זול,,גבינה לבנה מהדרין 3%,גרמים,250.00,100 גרם,false,,4.90,0.0196,true,1,37785
7290010945481,false,גבינה לבנה 5% 500גר,קריות זול,,גבינה לבנה 5% 500גר,גרמים,500.00,100 גרם,false,,9.96,0.0199,true,1,37786
7290011015862,false,סירופ דיאט לימונענע,,,סירופ דיאט לימונענע,מיליליטרים,750.00,"100 מ""ל",false,,23.90,0.0319,true,1,37803
7290011017866,false,קוקה קולה סליק 330מל,,,קוקה קולה סליק 330מל,מיליליטרים,330.00,"100 מ""ל",false,,6.50,0.0197,true,1,58101
7290011017873,false,קוקה קולה זירו סילק,,,קוקה קולה זירו סילק,מיליליטרים,330.00,"100 מ""ל",false,,6.50,0.0197,true,1,58102
7290011017880,false,קוקה קולה דיאט 330מל,,,קוקה קולה דיאט 330מל,מיליליטרים,330.00,"100 מ""ל",false,,6.50,0.0197,true,1,58103
7290011018924,false,קוקה קולה דיאט פחיות,,,קוקה קולה דיאט פחיות,מיליליטרים,1980.00,"100 מ""ל",false,,28.90,0.0146,true,1,99739
7290011022457,false,תבנית 90 ארוז 8 ר2,,,תבנית 90 ארוז 8 ר2,יחידה,0.00,יחידה,false,,9.90,0.0000,true,1,117126
7290011022563,false,ניילון נצמד צר 150/3,,,ניילון נצמד צר 150/3,יחידה,0.00,יחידה,false,,17.90,0.0000,true,1,117137
7290011022952,false,תבנית עגולה ארוז 6יח,,,תבנית עגולה ארוז 6יח,יחידה,0.00,יחידה,false,,9.90,0.0000,true,1,117132
7290011081690,false,קרמיסימו פרווה שוקו,קריות זול,,קרמיסימו פרווה שוקו,מיליליטרים,1330.00,"100 מ""ל",false,,21.90,0.0165,true,1,38917
7290011113926,false,טיטניום דאו ספריי 18,,,טיטניום דאו ספריי 18,מיליליטרים,180.00,"100 מ""ל",false,,17.90,0.0994,true,1,111202
7290011115258,false,נקה 7 סבון מוצק ירוק,,,נקה 7 סבון מוצק ירוק,גרמים,400.00,100 גרם,false,,11.90,0.0298,true,1,41819
7290011115265,false,נקה 7 סבון מוצק לילך,,,נקה 7 סבון מוצק לילך,גרמים,400.00,100 גרם,false,,11.90,0.0298,true,1,41820
7290011115289,false,נקה 7 סבון מוצק לילך,,,נקה 7 סבון מוצק לילך,גרמים,400.00,100 גרם,false,,11.90,0.0298,true,1,41822
7290011126452,false,תה הגן הקסום קמומיל,קריות זול,,תה הגן הקסום קמומיל,גרמים,37.50,100 גרם,false,,19.90,0.5307,true,1,40153
7290011132507,false,מים סאן בנדטו מוגז 5,,,מים סאן בנדטו מוגז 5,מיליליטרים,500.00,"100 מ""ל",false,,3.50,0.0070,true,1,53845
7290011133375,false,שנדי אפרסק שישייה 6*,,,שנדי אפרסק שישייה 6*,מיליליטרים,1980.00,"100 מ""ל",false,,38.90,0.0196,true,1,32516
7290011142339,false,פיתות 5 יח,,,פיתות 5 יח,יחידה,0.00,יחידה,false,,6.90,0.0000,true,1,90478
7290011148805,false,שעועית טריה עד 500 ג,,,שעועית טריה עד 500 ג,גרמים,500.00,100 גרם,false,,14.90,0.0298,true,1,135473
7290011153885,false,נייר אכיל לקישוט עוג,,,נייר אכיל לקישוט עוג,יחידה,0.00,יחידה,false,,15.90,0.0000,true,1,38697
7290011194215,false,דניאלה בננה 150מל,קריות זול,,דניאלה בננה 150מל,מיליליטרים,150.00,"100 מ""ל",false,,4.10,0.0273,true,1,42261
7290011194246,false,קוטג 5% עם סידן שטרא,קריות זול,,קוטג 5% עם סידן שטרא,גרמים,250.00,100 גרם,false,,5.90,0.0236,true,1,42262
7290011223205,false,ריבת חלב דולקור 454,,,ריבת חלב דולקור 454,גרמים,454.00,100 גרם,false,,16.90,0.0372,true,1,35460
7290011236649,false,נטיפי שוקולד צ'יפס א,קריות זול,,נטיפי שוקולד צ'יפס א,גרמים,300.00,100 גרם,false,,9.90,0.0330,true,1,117573
7290011378776,false,בארכה חטיף חלבה פיסט,,,בארכה חטיף חלבה פיסט,גרמים,126.00,100 גרם,false,,13.90,0.1103,true,1,58688
7290011379018,false,פטריות צמד חמד איטלק,קריות זול,,פטריות צמד חמד איטלק,גרמים,500.00,100 גרם,false,,15.90,0.0318,true,1,32232
7290011447267,false,מטרנה חלבי שלב 1 700,,,מטרנה חלבי שלב 1 700,גרמים,700.00,100 גרם,false,,59.90,0.0856,true,1,34390
7290011447281,false,מטרנה חלבי שלב 2 700,,,מטרנה חלבי שלב 2 700,גרמים,700.00,100 גרם,false,,59.90,0.0856,true,1,34392
7290011447304,false,מטרנה חלבי שלב 3 700,,,מטרנה חלבי שלב 3 700,גרמים,700.00,100 גרם,false,,59.90,0.0856,true,1,34394
7290011489533,false,בייגלה שמיניות עם מל,,,בייגלה שמיניות עם מל,גרמים,300.00,100 גרם,false,,5.90,0.0197,true,1,63322
7290011489595,false,קרקר טופז שומשום 110,,,קרקר טופז שומשום 110,גרמים,110.00,100 גרם,false,,3.50,0.0318,true,1,62935
7290011489601,false,קרקר טופז בצל 110גר,,,קרקר טופז בצל 110גר,גרמים,110.00,100 גרם,false,,3.50,0.0318,true,1,62936
7290011489625,false,ביסקוויט פתי בר קקאו,,,ביסקוויט פתי בר קקאו,גרמים,110.00,100 גרם,false,,3.50,0.0318,true,1,62938
7290011499051,false,פטה כבשים גביע 20% 2,,,פטה כבשים גביע 20% 2,גרמים,250.00,100 גרם,false,,28.90,0.1156,true,1,31706
7290011499129,false,בולגרית מעודנת קוביו,קריות זול,,בולגרית מעודנת קוביו,גרמים,200.00,100 גרם,false,,24.90,0.1245,true,1,31709
7290011499341,false,גבינה קאשקבל מחלבות,,,גבינה קאשקבל מחלבות,גרמים,250.00,100 גרם,false,,27.50,0.1100,true,1,31720
7290011499358,false,פטה עיזים 200גר מחלב,,,פטה עיזים 200גר מחלב,גרמים,200.00,100 גרם,false,,28.90,0.1445,true,1,31721
7290011499365,false,גבינת חלומי מחלבות ג,,,גבינת חלומי מחלבות ג,גרמים,200.00,100 גרם,false,,22.70,0.1135,true,1,31722
7290011499419,false,קרם שמנת ניו יורק טב,,,קרם שמנת ניו יורק טב,גרמים,200.00,100 גרם,false,,13.90,0.0695,true,1,93598
7290011499624,false,גבינת שמנת ניו יורק,,,גבינת שמנת ניו יורק,גרמים,200.00,100 גרם,false,,13.90,0.0695,true,1,31732
7290011502850,false,דלישס מוזלי עם פירות,,,דלישס מוזלי עם פירות,גרמים,500.00,100 גרם,false,,10.00,0.0200,true,1,98952
7290011518561,false,אקטימל תות משפחתי 14,קריות זול,,אקטימל תות משפחתי 14,מיליליטרים,1400.00,"100 מ""ל",false,,32.90,0.0235,true,1,42305
7290011525712,false,קמיל בלו סנסיטיב לפנ,,,קמיל בלו סנסיטיב לפנ,מיליליטרים,1000.00,"100 מ""ל",false,,32.90,0.0329,true,1,82103
7290011525729,false,קמיל בלו סנסיטיב לפנ,,,קמיל בלו סנסיטיב לפנ,מיליליטרים,1000.00,"100 מ""ל",false,,32.90,0.0329,true,1,82104
7290011530532,false,שייק איט פירות קפואי,,,שייק איט פירות קפואי,גרמים,450.00,100 גרם,false,,29.90,0.0664,true,1,117204
7290011530730,false,שייק איט פירות קפואי,,,שייק איט פירות קפואי,גרמים,450.00,100 גרם,false,,29.90,0.0664,true,1,117206
7290011537371,false,פסטה קצרה צורות שונו,,,פסטה קצרה צורות שונו,גרמים,500.00,100 גרם,false,,4.90,0.0098,true,1,98363
7290011575007,false,הפי מרסס לאמבט 750 מ,,,הפי מרסס לאמבט 750 מ,מיליליטרים,750.00,"100 מ""ל",false,,19.90,0.0265,true,1,37213
7290011587444,false,מוזלי קראנצ'+פירות 6,,,מוזלי קראנצ'+פירות 6,גרמים,600.00,100 גרם,false,,13.90,0.0232,true,1,88213
7290011587468,false,מוזלי קראנצי אגוז 60,,,מוזלי קראנצי אגוז 60,גרמים,600.00,100 גרם,false,,13.90,0.0232,true,1,88214
7290011587697,false,עגבניות מיובשות פסטו,,,עגבניות מיובשות פסטו,גרמים,340.00,100 גרם,false,,12.90,0.0379,true,1,88341
7290011587758,false,נודלס דק  200 גרם,,,נודלס דק  200 גרם,גרמים,200.00,100 גרם,false,,6.90,0.0345,true,1,133165
7290011587826,false,חרדל דיז'ון 370 גר,,,חרדל דיז'ון 370 גר,גרמים,370.00,100 גרם,false,,8.90,0.0241,true,1,64637
7290011587840,false,עגבניות קצוצות בשמן,,,עגבניות קצוצות בשמן,גרמים,340.00,100 גרם,false,,12.90,0.0379,true,1,97274
7290011598211,false,סנו אנטי קאלק ניקוי,,,סנו אנטי קאלק ניקוי,מיליליטרים,700.00,"100 מ""ל",false,,19.90,0.0284,true,1,35976
7290011607180,false,קולון 101כתמים אבקת,,,קולון 101כתמים אבקת,קילוגרמים,1.25,"ק""ג",false,,10.90,8.7200,true,1,44464
7290011607197,false,קולון 101כתמים אבקת,,,קולון 101כתמים אבקת,קילוגרמים,5.00,"ק""ג",false,,34.90,6.9800,true,1,44465
7290011618216,false,בייבי ביס לתינוקות ב,,,בייבי ביס לתינוקות ב,גרמים,50.00,100 גרם,false,,12.90,0.2580,true,1,53330
7290011725402,false,חסה ערבית מהדרין,,,חסה ערבית מהדרין,יחידה,0.00,יחידה,false,,6.90,0.0000,true,1,131990
7290011765095,false,קרמה גל גילוח דליקט,קריות זול,,קרמה גל גילוח דליקט,מיליליטרים,200.00,"100 מ""ל",false,,12.90,0.0645,true,1,35986
7290011765217,false,ג'ל לניקוי ידיים סנו,,,ג'ל לניקוי ידיים סנו,מיליליטרים,100.00,"100 מ""ל",false,,10.90,0.1090,true,1,102763
7290011800840,false,טחינה בלאדי צבר 400ג,,,טחינה בלאדי צבר 400ג,גרמים,400.00,100 גרם,false,,16.90,0.0422,true,1,34411
7290011877859,false,*מבצע* סנו אינסטלטור,,,*מבצע* סנו אינסטלטור,גרמים,200.00,100 גרם,false,,10.90,0.0545,true,1,36016
7290011877866,false,סנו מקסימה מאסק אבקת,,,סנו מקסימה מאסק אבקת,קילוגרמים,6.00,"ק""ג",false,,49.90,8.3167,true,1,36017
7290011885007,false,פקאן סיני 200גר,,,פקאן סיני 200גר,גרמים,200.00,100 גרם,false,,21.90,0.1095,true,1,43121
7290011947309,false,זית סורי מבוקע עם לי,,,זית סורי מבוקע עם לי,גרמים,230.00,100 גרם,false,,13.90,0.0604,true,1,62953
7290011964344,false,שום גבישי 120גר,,,שום גבישי 120גר,גרמים,120.00,100 גרם,false,,11.90,0.0992,true,1,43633
7290011964542,false,פפריקה מתוקה 400גר,,,פפריקה מתוקה 400גר,גרמים,400.00,100 גרם,false,,22.90,0.0572,true,1,43634
7290011964689,false,תיבול על האש ללא מונ,,,תיבול על האש ללא מונ,גרמים,100.00,100 גרם,false,,9.90,0.0990,true,1,43641
7290011964702,false,תיבול לשווארמה ללא מ,,,תיבול לשווארמה ללא מ,גרמים,100.00,100 גרם,false,,9.90,0.0990,true,1,43643
7290012013225,false,עוגת גבינה ברון 420ג,,,עוגת גבינה ברון 420ג,גרמים,420.00,100 גרם,false,,39.90,0.0950,true,1,101145
7290012019036,false,שיני שום כבוש צנצנת,,,שיני שום כבוש צנצנת,גרמים,330.00,100 גרם,false,,9.90,0.0300,true,1,88347
7290012019258,false,"מחית תפו""ע 4*113גר",,,"מחית תפו""ע 4*113גר",גרמים,452.00,100 גרם,false,,11.90,0.0263,true,1,33306
7290012019265,false,"מחית תפו""ע ללא סוכר",,,"מחית תפו""ע ללא סוכר",גרמים,452.00,100 גרם,false,,11.90,0.0263,true,1,33307
7290012022203,false,קליליות (פריכיות) חי,,,קליליות (פריכיות) חי,גרמים,100.00,100 גרם,false,,14.90,0.1490,true,1,64554
7290012022227,false,קליליות (פריכיות) חי,,,קליליות (פריכיות) חי,גרמים,100.00,100 גרם,false,,12.90,0.1290,true,1,64555
7290012022272,false,קליליות קידס 30גר,,,קליליות קידס 30גר,גרמים,30.00,100 גרם,false,,11.90,0.3967,true,1,89478
7290012025822,false,סלק אסלי 400גר,,,סלק אסלי 400גר,גרמים,400.00,100 גרם,false,,13.90,0.0348,true,1,67819
7290012025839,false,מטבוחה אסלי 400גר,,,מטבוחה אסלי 400גר,גרמים,400.00,100 גרם,false,,13.90,0.0348,true,1,67820
7290012086113,false,שרי קלמר ארוז 450 גר,,,שרי קלמר ארוז 450 גר,גרמים,450.00,100 גרם,false,,9.90,0.0220,true,1,104668
7290012116025,false,כיף שמפו פיות 750מל,,,כיף שמפו פיות 750מל,מיליליטרים,750.00,"100 מ""ל",false,,11.90,0.0159,true,1,36023
7290012116360,false,פוליויקס גרניט פורצל,קריות זול,,פוליויקס גרניט פורצל,ליטרים,2.00,ליטר,false,,21.90,10.9500,true,1,36038
7290012117039,false,נוזל 00 לאמבטיה 1ליט,,,נוזל 00 לאמבטיה 1ליט,מיליליטרים,1000.00,"100 מ""ל",false,,8.90,0.0089,true,1,36062
7290012117091,false,סנו מקסימה אבקת כביס,,,סנו מקסימה אבקת כביס,קילוגרמים,6.00,"ק""ג",false,,49.90,8.3167,true,1,36064
7290012117411,false,קרמה גל רחצה לגבר במ,,,קרמה גל רחצה לגבר במ,מיליליטרים,700.00,"100 מ""ל",false,,17.90,0.0256,true,1,36071
7290012117428,false,קרמה שמפו גל רחצה לג,,,קרמה שמפו גל רחצה לג,מיליליטרים,700.00,"100 מ""ל",false,,17.90,0.0256,true,1,36072
7290012117435,false,קרמה גל רחצה לגבר אל,,,קרמה גל רחצה לגבר אל,מיליליטרים,700.00,"100 מ""ל",false,,17.90,0.0256,true,1,36073
7290012117541,false,סנו מקסימה קומפקט צה,,,סנו מקסימה קומפקט צה,מיליליטרים,1000.00,"100 מ""ל",false,,18.90,0.0189,true,1,36078
7290012117558,false,סנו מקסימה קומפקט מא,,,סנו מקסימה קומפקט מא,מיליליטרים,1000.00,"100 מ""ל",false,,18.90,0.0189,true,1,36079
7290012117732,false,סנו מקסימה מרכך כביס,,,סנו מקסימה מרכך כביס,ליטרים,4.00,ליטר,false,,22.90,5.7250,true,1,36090
7290012117879,false,סנוקליר לניקוי חלונו,,,סנוקליר לניקוי חלונו,מיליליטרים,750.00,"100 מ""ל",false,,9.90,0.0132,true,1,36093
7290012193125,false,סוכרלוז מרמולייט 150,,,סוכרלוז מרמולייט 150,יח',150.00,יח',false,,34.90,0.2327,true,1,35501
7290012226014,false,נקניקיות וינר זוגלוב,,,נקניקיות וינר זוגלוב,גרמים,800.00,100 גרם,false,,22.90,0.0286,true,1,39764
7290012226021,false,*מבצע* סלמי מעושן פר,,,*מבצע* סלמי מעושן פר,גרמים,400.00,100 גרם,false,,16.90,0.0422,true,1,39765
7290012226120,false,קבנוס זוגלובק 135גר,,,קבנוס זוגלובק 135גר,גרמים,135.00,100 גרם,false,,11.90,0.0881,true,1,39767
7290012226922,false,קבנוס בטעם שום זוגלו,,,קבנוס בטעם שום זוגלו,גרמים,135.00,100 גרם,false,,11.90,0.0881,true,1,46762
7290012226991,false,*מבצע* נקניקיות בארי,,,*מבצע* נקניקיות בארי,גרמים,1000.00,100 גרם,false,,26.90,0.0269,true,1,111310
7290012227325,false,סלמי מעושן דק דק 120,,,סלמי מעושן דק דק 120,גרמים,120.00,100 גרם,false,,14.90,0.1242,true,1,92017
7290012227400,false,נקניקיות עוף זוגלובק,,,נקניקיות עוף זוגלובק,גרמים,800.00,100 גרם,false,,22.90,0.0286,true,1,84698
7290012227615,false,נקניקיות עוף מחפוד 8,,,נקניקיות עוף מחפוד 8,גרמים,800.00,100 גרם,false,,22.90,0.0286,true,1,65285
7290012227912,false,קבנוס מעודן זוגלובק,,,קבנוס מעודן זוגלובק,גרמים,135.00,100 גרם,false,,11.90,0.0881,true,1,70417
7290012227974,false,פסטרמה בדבש דק דק 12,,,פסטרמה בדבש דק דק 12,גרמים,120.00,100 גרם,false,,14.90,0.1242,true,1,92018
7290012227981,false,פסטרמה ברביקיו דק דק,,,פסטרמה ברביקיו דק דק,גרמים,120.00,100 גרם,false,,14.90,0.1242,true,1,92019
7290012227998,false,חזה בקר דק דק 120גר,,,חזה בקר דק דק 120גר,גרמים,120.00,100 גרם,false,,14.90,0.1242,true,1,92020
7290012228261,false,נקניקיות הודו פרמיום,,,נקניקיות הודו פרמיום,גרמים,300.00,100 גרם,false,,19.90,0.0663,true,1,94361
7290012228278,false,נקניקיות הודו בקר רי,,,נקניקיות הודו בקר רי,גרמים,310.00,100 גרם,false,,19.90,0.0642,true,1,94362
7290012228766,false,קבנוס מחפוד זוגלובק,,,קבנוס מחפוד זוגלובק,גרמים,120.00,100 גרם,false,,12.90,0.1075,true,1,118400
7290012245329,false,גולד צ'יפס קלאסי1.5,,,גולד צ'יפס קלאסי1.5,גרמים,1500.00,100 גרם,false,,19.90,0.0133,true,1,109570
7290012245336,false,גולד סטייק צ'יפס -1.,,,גולד סטייק צ'יפס -1.,גרמים,1500.00,100 גרם,false,,19.90,0.0133,true,1,109571
7290012309311,false,ערמונים קלופים שלמים,,,ערמונים קלופים שלמים,גרמים,100.00,100 גרם,false,,6.90,0.0690,true,1,63657
7290012367700,false,קרם גוף אפקטיב שיבול,,,קרם גוף אפקטיב שיבול,מיליליטרים,700.00,"100 מ""ל",false,,32.90,0.0470,true,1,103894
7290012404955,false,ספרינג קולקשיין נקטר,,,ספרינג קולקשיין נקטר,מיליליטרים,1250.00,"100 מ""ל",false,,13.90,0.0111,true,1,36422
7290012404993,false,ספרינג קולקשיין דיאט,,,ספרינג קולקשיין דיאט,מיליליטרים,1250.00,"100 מ""ל",false,,13.90,0.0111,true,1,36424
7290012413636,false,תה ירוק מסאלה 25יח,,,תה ירוק מסאלה 25יח,גרמים,1500.00,100 גרם,false,,25.90,0.0173,true,1,55008
7290012413643,false,תה ירוק קמומיל 25יח,,,תה ירוק קמומיל 25יח,יח',25.00,יח',false,,25.90,1.0360,true,1,58188
7290012459726,false,עמבה פרימיום 500 גרם,,,עמבה פרימיום 500 גרם,גרמים,500.00,100 גרם,false,,10.90,0.0218,true,1,132258
7290012576607,false,יין פרימייר אדום קבר,,,יין פרימייר אדום קבר,מיליליטרים,750.00,"100 מ""ל",false,,29.90,0.0399,true,1,64117
7290012576614,false,יין פרימייר לבן ריזל,,,יין פרימייר לבן ריזל,מיליליטרים,750.00,"100 מ""ל",false,,29.90,0.0399,true,1,64118
7290012642036,false,פסטה לה פסטה 5 ספגטי,,,פסטה לה פסטה 5 ספגטי,גרמים,400.00,100 גרם,false,,4.90,0.0123,true,1,70127
7290012803215,false,וופל טוסו וופל בלגי,,,וופל טוסו וופל בלגי,גרמים,200.00,100 גרם,false,,10.90,0.0545,true,1,56999
7290012803222,false,וופל טוסו וופל בלגי,,,וופל טוסו וופל בלגי,גרמים,200.00,100 גרם,false,,10.90,0.0545,true,1,57000
7290012803765,false,שוקולד טוסו מריר 100,,,שוקולד טוסו מריר 100,גרמים,100.00,100 גרם,false,,12.90,0.1290,true,1,57001
7290012803789,false,שוקולד טוסו מריר ואג,,,שוקולד טוסו מריר ואג,גרמים,100.00,100 גרם,false,,12.90,0.1290,true,1,57003
7290012803796,false,שוקולד טוסו חלב ואגו,,,שוקולד טוסו חלב ואגו,גרמים,100.00,100 גרם,false,,12.90,0.1290,true,1,57004
7290012823374,false,מגבוני אנטי קאלק 50י,,,מגבוני אנטי קאלק 50י,יח',50.00,יח',false,,12.90,0.2580,true,1,36116
7290012823398,false,מטליות לחות לרצפה בנ,,,מטליות לחות לרצפה בנ,יחידה,0.00,יחידה,false,,13.90,0.0000,true,1,130032
7290012850011,false,בלאבד מחית תפוחי עץ,,,בלאבד מחית תפוחי עץ,גרמים,190.00,100 גרם,false,,5.90,0.0311,true,1,63775
7290012881817,false,מטהר אוויר לימון 300,,,מטהר אוויר לימון 300,מיליליטרים,300.00,"100 מ""ל",false,,4.90,0.0163,true,1,46570
7290012881992,false,נוזל שמשות סאסאטק 4,,,נוזל שמשות סאסאטק 4,ליטרים,4.00,ליטר,false,,9.90,2.4750,true,1,99287
7290012931611,false,כריות ברזל 3יח,,,כריות ברזל 3יח,יח',3.00,יח',false,,6.90,2.3000,true,1,58377
7290012938405,false,דאיימונד נייר כסף 87,,,דאיימונד נייר כסף 87,מטרים,0.45,מטר,false,,19.90,44.2222,true,1,46803
7290012938580,false,סנסודיין משחת שיניים,,,סנסודיין משחת שיניים,מיליליטרים,75.00,"100 מ""ל",false,,21.90,0.2920,true,1,55466
7290012996672,false,הפי סבון אסלה מבושם,,,הפי סבון אסלה מבושם,גרמים,110.00,100 גרם,false,,12.90,0.1173,true,1,53475
7290013038432,false,מים אקווה נובה 2 ליט,,,מים אקווה נובה 2 ליט,מיליליטרים,2000.00,"100 מ""ל",false,,3.20,0.0016,true,1,94995
7290013083678,false,מטרנה אקסטרא קר שלב,,,מטרנה אקסטרא קר שלב,גרמים,700.00,100 גרם,false,,59.90,0.0856,true,1,34432
7290013083685,false,מטרנה אקסטרא קר שלב,,,מטרנה אקסטרא קר שלב,גרמים,700.00,100 גרם,false,,59.90,0.0856,true,1,34433
7290013117212,false,בורקס פילו גבינה מעד,,,בורקס פילו גבינה מעד,גרמים,600.00,100 גרם,false,,19.90,0.0332,true,1,39162
7290013117229,false,בורקס פילו תפוא מעדנ,,,בורקס פילו תפוא מעדנ,גרמים,600.00,100 גרם,false,,19.90,0.0332,true,1,39163
7290013117243,false,בורקס פילו בולגרית מ,,,בורקס פילו בולגרית מ,גרמים,600.00,100 גרם,false,,19.90,0.0332,true,1,39165
7290013117410,false,בצק פריך מרודד למאפי,,,בצק פריך מרודד למאפי,גרמים,900.00,100 גרם,false,,23.90,0.0266,true,1,53610
7290013117526,false,בצק שמרים למאפים מתו,,,בצק שמרים למאפים מתו,גרמים,900.00,100 גרם,false,,23.90,0.0266,true,1,53739
7290013153418,false,פריגת סחוט מיץ לימונ,,,פריגת סחוט מיץ לימונ,מיליליטרים,1000.00,"100 מ""ל",false,,18.90,0.0189,true,1,68698
7290013153593,false,פריגת מיץ תפוזים מתק,,,פריגת מיץ תפוזים מתק,מיליליטרים,1000.00,"100 מ""ל",false,,14.90,0.0149,true,1,131861
7290013268020,false,סנו מקסימה אולטרא פר,,,סנו מקסימה אולטרא פר,מיליליטרים,1000.00,"100 מ""ל",false,,18.90,0.0189,true,1,36140
7290013268037,false,סנו מקסימה פצ'ולי סג,,,סנו מקסימה פצ'ולי סג,מיליליטרים,1000.00,"100 מ""ל",false,,18.90,0.0189,true,1,36141
7290013268884,false,ריצפז פרש מאסק 2ליטר,,,ריצפז פרש מאסק 2ליטר,ליטרים,2.00,ליטר,false,,21.90,10.9500,true,1,36150
7290013268907,false,סנו מקסימה גל כביסה,,,סנו מקסימה גל כביסה,ליטרים,3.00,ליטר,false,,32.90,10.9667,true,1,31282
7290013268990,false,סנו מקסימה ביו 1ליטר,,,סנו מקסימה ביו 1ליטר,מיליליטרים,1000.00,"100 מ""ל",false,,18.90,0.0189,true,1,89687
7290013269003,false,סנו מקסימה קר בייבי,,,סנו מקסימה קר בייבי,מיליליטרים,1000.00,"100 מ""ל",false,,19.90,0.0199,true,1,73989
7290013269638,false,סנו סושי ספוג הפלא א,,,סנו סושי ספוג הפלא א,יחידה,0.00,יחידה,false,,11.90,0.0000,true,1,97549
7290013269645,false,מטליות לחות ריצפז פר,,,מטליות לחות ריצפז פר,יחידה,0.00,יחידה,false,,13.90,0.0000,true,1,61707
7290013269669,false,ריצפז פנטזיה 3ליטר,,,ריצפז פנטזיה 3ליטר,ליטרים,3.00,ליטר,false,,14.90,4.9667,true,1,57573
7290013269751,false,ריצפז פרש הום מטליות,,,ריצפז פרש הום מטליות,יח',10.00,יח',false,,13.90,1.3900,true,1,95420
7290013284136,false,מלפפון במלח 7-9 פרינ,,,מלפפון במלח 7-9 פרינ,גרמים,560.00,100 גרם,false,,6.90,0.0123,true,1,94880
7290013284143,false,מלפפון במלח 10-12 פר,,,מלפפון במלח 10-12 פר,גרמים,560.00,100 גרם,false,,7.90,0.0141,true,1,94879
7290013284167,false,מלפפון במלח 18-25 פר,,,מלפפון במלח 18-25 פר,גרמים,560.00,100 גרם,false,,12.90,0.0230,true,1,94892
7290013284174,false,מלפפון בחומץ 7-9 פרי,,,מלפפון בחומץ 7-9 פרי,גרמים,560.00,100 גרם,false,,6.90,0.0123,true,1,94889
7290013302236,false,פסטה פרפלה גמבו טעמן,,,פסטה פרפלה גמבו טעמן,גרמים,500.00,100 גרם,false,,4.90,0.0098,true,1,98375
7290013302243,false,פסטה מסולסלת טעמן 50,,,פסטה מסולסלת טעמן 50,גרמים,500.00,100 גרם,false,,4.90,0.0098,true,1,98376
7290013358417,false,רוטב טריאקי אסייאתי,,,רוטב טריאקי אסייאתי,מיליליטרים,300.00,"100 מ""ל",false,,12.90,0.0430,true,1,69559
7290013358493,false,קרם קוקוס פחית מאסטר,,,קרם קוקוס פחית מאסטר,מיליליטרים,400.00,"100 מ""ל",false,,8.90,0.0223,true,1,86282
7290013389114,false,ניוקי תפוא 500 גר,,,ניוקי תפוא 500 גר,גרמים,500.00,100 גרם,false,,9.90,0.0198,true,1,55979
7290013389138,false,ניוקי שלושה צבעים 50,,,ניוקי שלושה צבעים 50,גרמים,500.00,100 גרם,false,,9.90,0.0198,true,1,55981
7290013389145,false,מיני ניוקי 500 גר,,,מיני ניוקי 500 גר,גרמים,500.00,100 גרם,false,,9.90,0.0198,true,1,55982
7290013389398,false,"קמח תירס דק 1 ק""ג",,,"קמח תירס דק 1 ק""ג",גרמים,1000.00,100 גרם,false,,10.90,0.0109,true,1,61316
7290013472892,false,בולגריה בקוביות וילי,,,בולגריה בקוביות וילי,גרמים,200.00,100 גרם,false,,11.90,0.0595,true,1,55870
7290013472908,false,הבולגריה בקוביות ויל,,,הבולגריה בקוביות ויל,גרמים,400.00,100 גרם,false,,19.90,0.0497,true,1,97449
7290013492005,false,"תפו""א למיקרו",,,"תפו""א למיקרו",יחידה,0.00,יחידה,false,,7.90,0.0000,true,1,68047
7290013525819,false,סלט שום כתוש שמיר 15,,,סלט שום כתוש שמיר 15,גרמים,150.00,100 גרם,false,,11.90,0.0793,true,1,67800
7290013531117,false,רוטב פסטה לילדים יכי,,,רוטב פסטה לילדים יכי,גרמים,240.00,100 גרם,false,,5.90,0.0246,true,1,53615
7290013531346,false,סירופ דיאט לימונענע,,,סירופ דיאט לימונענע,מיליליטרים,1000.00,"100 מ""ל",false,,16.90,0.0169,true,1,57389
7290013531377,false,תורמוס יכין 560 גרם,,,תורמוס יכין 560 גרם,גרמים,560.00,100 גרם,false,,9.90,0.0177,true,1,66918
7290013531612,false,רוטב נפוליטנה יכין 2,,,רוטב נפוליטנה יכין 2,גרמים,240.00,100 גרם,false,,5.90,0.0246,true,1,66836
7290013531629,false,רוטב פומדורו יכין 24,,,רוטב פומדורו יכין 24,גרמים,240.00,100 גרם,false,,5.90,0.0246,true,1,66837
7290013531759,false,שעועית אפוייה יכין 5,,,שעועית אפוייה יכין 5,גרמים,550.00,100 גרם,false,,9.90,0.0180,true,1,66337
7290013542236,false,כוסות ח.פ א'ר 100 דנ,,,כוסות ח.פ א'ר 100 דנ,יח',100.00,יח',false,,7.90,0.0790,true,1,66240
7290013542526,false,כוס נייר 8 אוז 50יח,,,כוס נייר 8 אוז 50יח,יח',50.00,יח',false,,8.90,0.1780,true,1,86195
7290013542670,false,קערה עגולה בינונית 9,,,קערה עגולה בינונית 9,יחידה,0.00,יחידה,false,,9.90,0.0000,true,1,98491
7290013580009,false,המבורגר זהב ארוז 400,,,המבורגר זהב ארוז 400,גרמים,400.00,100 גרם,false,,19.90,0.0497,true,1,96656
7290013585387,false,קוקה קולה זירו 1ליטר,,,קוקה קולה זירו 1ליטר,מיליליטרים,1000.00,"100 מ""ל",false,,7.50,0.0075,true,1,66641
7290013585394,false,קוקה קולה 1ליטר,,,קוקה קולה 1ליטר,מיליליטרים,1000.00,"100 מ""ל",false,,7.50,0.0075,true,1,66642
7290013585967,false,ספרייט זירו מארז פחי,,,ספרייט זירו מארז פחי,מיליליטרים,1980.00,"100 מ""ל",false,,28.90,0.0146,true,1,69705
7290013652164,false,נטורל קר מגבונים להס,,,נטורל קר מגבונים להס,יחידה,0.00,יחידה,false,,25.90,0.0000,true,1,88729
7290013652843,false,נטורל קר שמפו לשיער,,,נטורל קר שמפו לשיער,מיליליטרים,700.00,"100 מ""ל",false,,18.90,0.0270,true,1,100678
7290013652881,false,נטורל קר מרכך לשיער,,,נטורל קר מרכך לשיער,מיליליטרים,700.00,"100 מ""ל",false,,18.90,0.0270,true,1,100680
7290013675545,false,שניצל כלי תחבורה 700,,,שניצל כלי תחבורה 700,גרמים,700.00,100 גרם,false,,37.90,0.0541,true,1,93191
7290013678034,false,פלפל מרוקאי 400 גרם,,,פלפל מרוקאי 400 גרם,גרמים,400.00,100 גרם,false,,12.90,0.0323,true,1,101950
7290013678041,false,פלפל רצועות 400 גרם,,,פלפל רצועות 400 גרם,גרמים,400.00,100 גרם,false,,12.90,0.0323,true,1,101951
7290013678171,false,חציל המלך 400 גרם כי,,,חציל המלך 400 גרם כי,גרמים,400.00,100 גרם,false,,12.90,0.0323,true,1,101948
7290013724939,false,משוקלדים חמוציות מרי,,,משוקלדים חמוציות מרי,גרמים,160.00,100 גרם,false,,9.90,0.0619,true,1,57718
7290013724953,false,משוקולדים חמוציות חל,,,משוקולדים חמוציות חל,גרמים,160.00,100 גרם,false,,9.90,0.0619,true,1,98956
7290013724991,false,משוקולדים לוז חלב קו,,,משוקולדים לוז חלב קו,גרמים,160.00,100 גרם,false,,9.90,0.0619,true,1,56448
7290013725769,false,נודלס עבה סו שף 400ג,,,נודלס עבה סו שף 400ג,גרמים,400.00,100 גרם,false,,8.90,0.0223,true,1,86057
7290013725820,false,משוקלדים לוז מריר קו,,,משוקלדים לוז מריר קו,גרמים,160.00,100 גרם,false,,9.90,0.0619,true,1,98958
7290013771216,false,פטאקי 16% 250גר השומ,,,פטאקי 16% 250גר השומ,גרמים,250.00,100 גרם,false,,14.90,0.0596,true,1,62140
7290013771261,false,בולגרית מעודנת 5% 25,,,בולגרית מעודנת 5% 25,גרמים,250.00,100 גרם,false,,14.90,0.0596,true,1,66237
7290013771292,false,פטאקי 16% 250גר הסדר,,,פטאקי 16% 250גר הסדר,גרמים,250.00,100 גרם,false,,14.90,0.0596,true,1,66234
7290013771384,false,יוגורט יווני השומרון,,,יוגורט יווני השומרון,גרמים,400.00,100 גרם,false,,10.90,0.0273,true,1,88140
7290013787392,false,רביולי ריקו גבינות ק,,,רביולי ריקו גבינות ק,גרמים,330.00,100 גרם,false,,25.90,0.0785,true,1,118982
7290013787408,false,רביולי ריקו בטטה 330,,,רביולי ריקו בטטה 330,גרמים,330.00,100 גרם,false,,25.90,0.0785,true,1,118983
7290013847553,false,סטארקיסט טונה רביעיי,,,סטארקיסט טונה רביעיי,גרמים,640.00,100 גרם,false,,24.90,0.0389,true,1,133521
7290013861054,false,משוקלדים צימוק חלב ק,,,משוקלדים צימוק חלב ק,גרמים,160.00,100 גרם,false,,9.90,0.0619,true,1,98961
7290013906205,false,פסטרמה שום וצ'ילי פי,,,פסטרמה שום וצ'ילי פי,גרמים,400.00,100 גרם,false,,27.90,0.0697,true,1,85589
7290013906212,false,נקניקיות וינר טירת צ,,,נקניקיות וינר טירת צ,גרמים,1000.00,100 גרם,false,,29.90,0.0299,true,1,85603
7290013927002,false,דקליות שוקו במגש 400,,,דקליות שוקו במגש 400,גרמים,400.00,100 גרם,false,,11.90,0.0298,true,1,58357
7290013927033,false,מעמול במגש 600גר,,,מעמול במגש 600גר,גרמים,600.00,100 גרם,false,,11.90,0.0198,true,1,58361
7290013927064,false,עוגיות גרנולה עם פיר,,,עוגיות גרנולה עם פיר,גרמים,400.00,100 גרם,false,,11.90,0.0298,true,1,58364
7290013927637,false,חלווה ללא תוספת סוכר,,,חלווה ללא תוספת סוכר,גרמים,400.00,100 גרם,false,,13.90,0.0348,true,1,95227
7290014002203,false,חליטת לימונית ולואיז,,,חליטת לימונית ולואיז,יח',25.00,יח',false,,19.90,0.7960,true,1,58609
7290014002944,false,תה הגן הקסום חליטת פ,,,תה הגן הקסום חליטת פ,גרמים,57.50,100 גרם,false,,19.90,0.3461,true,1,103319
7290014046474,false,נקניקיות עוף יחיעם 1,,,נקניקיות עוף יחיעם 1,גרמים,1500.00,100 גרם,false,,29.90,0.0199,true,1,86160
7290014066359,false,לנדוור קפסולות אספרס,,,לנדוור קפסולות אספרס,גרמים,50.00,100 גרם,false,,14.90,0.2980,true,1,111239
7290014066366,false,לנדוור קפסולות אספרס,,,לנדוור קפסולות אספרס,גרמים,50.00,100 גרם,false,,14.90,0.2980,true,1,111244
7290014066441,false,לנדוור קפסולות אספרס,,,לנדוור קפסולות אספרס,גרמים,50.00,100 גרם,false,,14.90,0.2980,true,1,111242
7290014066526,false,לנדוור קפסולות אספרס,,,לנדוור קפסולות אספרס,גרמים,50.00,100 גרם,false,,14.90,0.2980,true,1,111245
7290014066533,false,לנדוור קפסולות אספרס,,,לנדוור קפסולות אספרס,גרמים,50.00,100 גרם,false,,14.90,0.2980,true,1,111243
7290014079847,false,צמד פטריות בייבי בלה,,,צמד פטריות בייבי בלה,גרמים,500.00,100 גרם,false,,15.90,0.0318,true,1,69245
7290014083813,false,שפרוטים מעושנים בשמן,,,שפרוטים מעושנים בשמן,גרמים,190.00,100 גרם,false,,9.90,0.0521,true,1,61739
7290014088948,false,קקאו 150 גרם 100 %-ח,,,קקאו 150 גרם 100 %-ח,גרמים,150.00,100 גרם,false,,7.90,0.0527,true,1,132245
7290014088955,false,קקאו 500 גרם חילדה,,,קקאו 500 גרם חילדה,גרמים,500.00,100 גרם,false,,14.90,0.0298,true,1,132256
7290014088993,false,סודה לשתייה  פרימיום,,,סודה לשתייה  פרימיום,גרמים,1000.00,100 גרם,false,,9.90,0.0099,true,1,132452
7290014094352,false,אגוזי מלך בקופסא 200,,,אגוזי מלך בקופסא 200,גרמים,200.00,100 גרם,false,,16.90,0.0845,true,1,64528
7290014094383,false,משמש 250 גרם בקופסא,,,משמש 250 גרם בקופסא,גרמים,250.00,100 גרם,false,,21.90,0.0876,true,1,68553
7290014094390,false,חמוציות 250 גרם קופס,,,חמוציות 250 גרם קופס,גרמים,250.00,100 גרם,false,,16.90,0.0676,true,1,64531
7290014094406,false,צימוק לבן קופסא 330ג,,,צימוק לבן קופסא 330ג,גרמים,330.00,100 גרם,false,,16.90,0.0512,true,1,64532
7290014094505,false,אורז בסמטי טהור אהרו,,,אורז בסמטי טהור אהרו,גרמים,1000.00,100 גרם,false,,11.90,0.0119,true,1,63740
7290014094857,false,פקאן סיני מסוכר 150,,,פקאן סיני מסוכר 150,גרמים,150.00,100 גרם,false,,20.00,0.1333,true,1,68547
7290014094901,false,פקאן טבעי 150גרם,,,פקאן טבעי 150גרם,גרמים,150.00,100 גרם,false,,21.90,0.1460,true,1,68548
7290014095861,false,קוואקר שיבולת שועל ד,,,קוואקר שיבולת שועל ד,גרמים,500.00,100 גרם,false,,6.90,0.0138,true,1,61030
7290014095960,false,קוואקר שיבולת שועל ע,,,קוואקר שיבולת שועל ע,גרמים,500.00,100 גרם,false,,6.90,0.0138,true,1,61031
7290014217003,false,פפריקה מעושנת 90גר,,,פפריקה מעושנת 90גר,גרמים,90.00,100 גרם,false,,9.90,0.1100,true,1,56615
7290014217010,false,תיבול דגים 90גר,,,תיבול דגים 90גר,גרמים,90.00,100 גרם,false,,13.90,0.1544,true,1,58147
7290014217065,false,אורגנו מיכל גדול 30ג,,,אורגנו מיכל גדול 30ג,גרמים,30.00,100 גרם,false,,9.90,0.3300,true,1,57667
7290014217140,false,תבלין ראס אל חנות 10,,,תבלין ראס אל חנות 10,גרמים,100.00,100 גרם,false,,9.90,0.0990,true,1,105212
7290014217164,false,פטרוזיליה מיכל גדול,,,פטרוזיליה מיכל גדול,גרמים,20.00,100 גרם,false,,9.90,0.4950,true,1,66638
7290014217225,false,גריל עוף מיכל 120גר,,,גריל עוף מיכל 120גר,גרמים,120.00,100 גרם,false,,11.90,0.0992,true,1,64021
7290014217362,false,תיבול לקציצות מיכל 1,,,תיבול לקציצות מיכל 1,גרמים,100.00,100 גרם,false,,9.90,0.0990,true,1,64026
7290014217485,false,תערובת תיבול קייג'ון,,,תערובת תיבול קייג'ון,גרמים,100.00,100 גרם,false,,9.90,0.0990,true,1,98701
7290014217492,false,תערובת תיבול פילדלפי,,,תערובת תיבול פילדלפי,גרמים,100.00,100 גרם,false,,9.90,0.0990,true,1,98702
7290014218321,false,בורקס יפו גבינה מעדנ,,,בורקס יפו גבינה מעדנ,גרמים,600.00,100 גרם,false,,18.90,0.0315,true,1,86315
7290014218338,false,"בורקס יפו תפו""א מעדנ",,,"בורקס יפו תפו""א מעדנ",גרמים,600.00,100 גרם,false,,15.90,0.0265,true,1,86316
7290014218505,false,פיצה שלישייה מעדנות,,,פיצה שלישייה מעדנות,גרמים,1080.00,100 גרם,false,,37.90,0.0351,true,1,85957
7290014397453,false,סנו אוקסיגן לכביסה ל,,,סנו אוקסיגן לכביסה ל,מיליליטרים,3000.00,"100 מ""ל",false,,32.90,0.0110,true,1,60988
7290014397767,false,ריצפז פרש הום בניחוח,,,ריצפז פרש הום בניחוח,ליטרים,2.00,ליטר,false,,23.90,11.9500,true,1,62053
7290014397774,false,ריצפז פרש הום בניחוח,,,ריצפז פרש הום בניחוח,ליטרים,2.00,ליטר,false,,23.90,11.9500,true,1,62054
7290014397873,false,סנו מקסימה מרכך כביס,,,סנו מקסימה מרכך כביס,מיליליטרים,4000.00,"100 מ""ל",false,,22.90,0.0057,true,1,109992
7290014435803,false,מטיאס הולנדי (פרובנצ,,,מטיאס הולנדי (פרובנצ,גרמים,180.00,100 גרם,false,,22.90,0.1272,true,1,67823
7290014435810,false,הרינג כבוש עם בצל במ,,,הרינג כבוש עם בצל במ,גרמים,180.00,100 גרם,false,,22.90,0.1272,true,1,67824
7290014435827,false,פילה מקרל מעושן בשמן,,,פילה מקרל מעושן בשמן,גרמים,180.00,100 גרם,false,,24.90,0.1383,true,1,67825
7290014435841,false,פילה מטיאס הולנדי בש,,,פילה מטיאס הולנדי בש,גרמים,180.00,100 גרם,false,,22.90,0.1272,true,1,67827
7290014435896,false,סלט סלמון עם מיונז 2,,,סלט סלמון עם מיונז 2,גרמים,200.00,100 גרם,false,,24.90,0.1245,true,1,67830
7290014455252,false,*מבצע* גרנה פדנו מגו,,,*מבצע* גרנה פדנו מגו,גרמים,100.00,100 גרם,false,,10.00,0.1000,true,1,69025
7290014459137,false,ציפס סטייק תפוגן 1.5,,,ציפס סטייק תפוגן 1.5,גרמים,1500.00,100 גרם,false,,26.90,0.0179,true,1,66910
7290014459632,false,ציפס טוגן תפוגן 1.5,,,ציפס טוגן תפוגן 1.5,גרמים,1500.00,100 גרם,false,,22.90,0.0153,true,1,101642
7290014466463,false,יין מוסקטו הר חרמון,,,יין מוסקטו הר חרמון,מיליליטרים,750.00,"100 מ""ל",false,,34.90,0.0465,true,1,83380
7290014466609,false,"יין גמלא מרלו 750מ""ל",,,"יין גמלא מרלו 750מ""ל",מיליליטרים,750.00,"100 מ""ל",false,,69.90,0.0932,true,1,100558
7290014471412,false,מוזלי עם בוטנים אגוז,,,מוזלי עם בוטנים אגוז,גרמים,1000.00,100 גרם,false,,19.90,0.0199,true,1,65297
7290014472228,false,תאנים בקופסא 330גרם,,,תאנים בקופסא 330גרם,גרמים,330.00,100 גרם,false,,21.90,0.0664,true,1,95068
7290014534667,false,פסטה לה פסטה קונכיה,,,פסטה לה פסטה קונכיה,גרמים,400.00,100 גרם,false,,4.90,0.0123,true,1,70129
7290014534681,false,פסטה לה פסטה בורג 40,,,פסטה לה פסטה בורג 40,גרמים,400.00,100 גרם,false,,4.90,0.0123,true,1,70131
7290014534698,false,פסטה לה פסטה תלתל 40,,,פסטה לה פסטה תלתל 40,גרמים,400.00,100 גרם,false,,4.90,0.0123,true,1,70132
7290014534704,false,פסטה לה פסטה אטריות,,,פסטה לה פסטה אטריות,גרמים,400.00,100 גרם,false,,4.90,0.0123,true,1,70133
7290014555693,false,נובו שמפו לשיער יבש/,,,נובו שמפו לשיער יבש/,מיליליטרים,700.00,"100 מ""ל",false,,10.00,0.0143,true,1,65825
7290014555716,false,נובו מרכך שיער 700מל,,,נובו מרכך שיער 700מל,מיליליטרים,700.00,"100 מ""ל",false,,10.00,0.0143,true,1,65826
7290014555754,false,נובו תחליב רחצה בלוס,,,נובו תחליב רחצה בלוס,מיליליטרים,700.00,"100 מ""ל",false,,10.00,0.0143,true,1,65749
7290014581036,false,"פחמים כ- 2 ק""ג",,,"פחמים כ- 2 ק""ג",יחידה,0.00,יחידה,false,,11.90,0.0000,true,1,65136
7290014651920,false,קבוקים שומשום 200גר,,,קבוקים שומשום 200גר,גרמים,200.00,100 גרם,false,,6.90,0.0345,true,1,100127
7290014692299,false,גבינת ברי קאסטללו יו,,,גבינת ברי קאסטללו יו,גרמים,125.00,100 גרם,false,,21.90,0.1752,true,1,62869
7290014692541,false,אמה מגורדת 500גר,,,אמה מגורדת 500גר,גרמים,500.00,100 גרם,false,,19.90,0.0398,true,1,68287
7290014692817,false,מוצרלה מגורדת יורו צ,,,מוצרלה מגורדת יורו צ,גרמים,200.00,100 גרם,false,,15.90,0.0795,true,1,63059
7290014749245,false,צ'ונגו רצועות שניצל,,,צ'ונגו רצועות שניצל,גרמים,600.00,100 גרם,false,,34.90,0.0582,true,1,117136
7290014749764,false,שניצל עוף ביתי מעודן,,,שניצל עוף ביתי מעודן,גרמים,700.00,100 גרם,false,,43.90,0.0627,true,1,110769
7290014758100,false,יוגורט ביו מאגדת שמי,,,יוגורט ביו מאגדת שמי,גרמים,1200.00,100 גרם,false,,16.90,0.0141,true,1,60754
7290014758117,false,יוגורט ביו מאגדת שמי,,,יוגורט ביו מאגדת שמי,גרמים,1200.00,100 גרם,false,,16.90,0.0141,true,1,60755
7290014758124,false,יוגורט ביו 3% 150 גר,,,יוגורט ביו 3% 150 גר,גרמים,150.00,100 גרם,false,,2.90,0.0193,true,1,94996
7290014758162,false,חלב עיזים מלה 3.6% 1,,,חלב עיזים מלה 3.6% 1,מיליליטרים,1000.00,"100 מ""ל",false,,15.20,0.0152,true,1,61607
7290014759084,false,גבינת נפוליאון 16% 2,,,גבינת נפוליאון 16% 2,גרמים,225.00,100 גרם,false,,13.80,0.0613,true,1,62828
7290014759978,false,קאשקבל פלח 200 גר,,,קאשקבל פלח 200 גר,גרמים,200.00,100 גרם,false,,26.50,0.1325,true,1,63094
7290014759985,false,פרמזן פלח 200 גר,,,פרמזן פלח 200 גר,גרמים,200.00,100 גרם,false,,25.50,0.1275,true,1,63095
7290014759992,false,רוקפור פלח 140גר,,,רוקפור פלח 140גר,גרמים,140.00,100 גרם,false,,18.90,0.1350,true,1,63096
7290014760134,false,מעדן סויה בטעם וניל,,,מעדן סויה בטעם וניל,גרמים,125.00,100 גרם,false,,3.90,0.0312,true,1,77126
7290014760141,false,משקה שקדים טרי 1ליטר,,IL,משקה שקדים טרי 1ליטר,מיליליטרים,1000.00,"100 מ""ל",false,,12.50,0.0125,true,1,66942
7290014760448,false,גבינה גלבוע 400גר,,,גבינה גלבוע 400גר,גרמים,400.00,100 גרם,false,,24.90,0.0622,true,1,64490
7290014760912,false,גבינה גוש חלב מהדרין,,,גבינה גוש חלב מהדרין,גרמים,400.00,100 גרם,false,,26.50,0.0663,true,1,113622
7290014761056,false,מעדן YOLO שוקולד חלב,,,מעדן YOLO שוקולד חלב,מיליליטרים,123.00,"100 מ""ל",false,,4.40,0.0358,true,1,65854
7290014761063,false,מעדן YOLO שוקולד מרי,,,מעדן YOLO שוקולד מרי,מיליליטרים,123.00,"100 מ""ל",false,,4.40,0.0358,true,1,65855
7290014761070,false,מעדן YOLO שוקולד לבן,,,מעדן YOLO שוקולד לבן,מיליליטרים,123.00,"100 מ""ל",false,,4.40,0.0358,true,1,65856
7290014761193,false,פרילי פירות יער 125ג,,,פרילי פירות יער 125ג,גרמים,125.00,100 גרם,false,,3.40,0.0272,true,1,65949
7290014761414,false,מעדן YOLO שכבות שוקו,,,מעדן YOLO שכבות שוקו,מיליליטרים,123.00,"100 מ""ל",false,,4.40,0.0358,true,1,65859
7290014762800,false,מעדן סויה בטעם שוקול,,,מעדן סויה בטעם שוקול,גרמים,125.00,100 גרם,false,,3.90,0.0312,true,1,90289
7290014762831,false,גבינת נפוליאון 25% ע,,,גבינת נפוליאון 25% ע,גרמים,225.00,100 גרם,false,,13.80,0.0613,true,1,70027
7290014762848,false,פתית גלבוע 22% 500 ג,,,פתית גלבוע 22% 500 ג,גרמים,500.00,100 גרם,false,,32.60,0.0652,true,1,90889
7290014762909,false,פתיתי מוצרלה 200גר,,,פתיתי מוצרלה 200גר,גרמים,200.00,100 גרם,false,,16.70,0.0835,true,1,69714
7290014763098,false,קרם גבינה שמנת 5% טו,,,קרם גבינה שמנת 5% טו,גרמים,200.00,100 גרם,false,,11.50,0.0575,true,1,69718
7290014763272,false,משקה סויה ביו תות בנ,,,משקה סויה ביו תות בנ,מיליליטרים,236.00,"100 מ""ל",false,,5.60,0.0237,true,1,70482
7290014791336,false,מי עדן 1ליטר,,,מי עדן 1ליטר,מיליליטרים,1000.00,"100 מ""ל",false,,3.90,0.0039,true,1,91465
7290014855434,false,מגבוני בייביסיטר פרפ,,,מגבוני בייביסיטר פרפ,יחידה,0.00,יחידה,false,,15.90,0.0000,true,1,67028
7290014855458,false,מגבוני בייביסיטר פרפ,,,מגבוני בייביסיטר פרפ,יחידה,0.00,יחידה,false,,15.90,0.0000,true,1,67029
7290014860070,false,מקלוני אורז ללא גלוט,,,מקלוני אורז ללא גלוט,גרמים,454.00,100 גרם,false,,10.90,0.0240,true,1,65602
7290014905160,false,פניני ריח הפי 130גר,,,פניני ריח הפי 130גר,גרמים,130.00,100 גרם,false,,7.90,0.0608,true,1,69942
7290014905689,false,הפי נוזל כלים ירוק ת,,,הפי נוזל כלים ירוק ת,מיליליטרים,750.00,"100 מ""ל",false,,7.90,0.0105,true,1,65597
7290014905696,false,הפי נוזל כלים צהוב ל,,,הפי נוזל כלים צהוב ל,מיליליטרים,750.00,"100 מ""ל",false,,7.90,0.0105,true,1,65598
7290014905733,false,הפי מרסס לניקוי חלונ,,,הפי מרסס לניקוי חלונ,מיליליטרים,750.00,"100 מ""ל",false,,7.90,0.0105,true,1,65601
7290014905962,false,הפי סבון אסלה סופר מ,,,הפי סבון אסלה סופר מ,יחידה,0.00,יחידה,false,,7.90,0.0000,true,1,97660
7290014945067,false,צמרוני אוזניים פלסטי,,,צמרוני אוזניים פלסטי,יחידה,0.00,יחידה,false,,3.90,0.0000,true,1,134762
7290014945074,false,צמרוני בייבי 56  גרם,,,צמרוני בייבי 56  גרם,יחידה,0.00,יחידה,false,,4.90,0.0000,true,1,134763
7290014945210,false,צמרוני עץ 300 יח בשק,,,צמרוני עץ 300 יח בשק,יחידה,0.00,יחידה,false,,4.90,0.0000,true,1,134761
7290014945746,false,אטבי כביסה מודפסים 9,,,אטבי כביסה מודפסים 9,יח',9.00,יח',false,,6.90,0.7667,true,1,89833
7290014945807,false,קיסמי שיניים דנטליים,,,קיסמי שיניים דנטליים,יח',200.00,יח',false,,6.90,0.0345,true,1,98580
7290015008037,false,להבונים 50 יח',,,להבונים 50 יח',יח',50.00,יח',false,,9.90,0.1980,true,1,101621
7290015008280,false,נייר אפייה 50דף,,,נייר אפייה 50דף,יחידה,0.00,יחידה,false,,7.90,0.0000,true,1,101655
7290015008976,false,שקיות אוכל בקרטון של,,,שקיות אוכל בקרטון של,יחידה,0.00,יחידה,false,,10.90,0.0000,true,1,96819
7290015139250,false,שוקולד מריר עם פצפוצ,,,שוקולד מריר עם פצפוצ,גרמים,85.00,100 גרם,false,,6.90,0.0812,true,1,70191
7290015139267,false,שוקולד מריר עם שקדים,,,שוקולד מריר עם שקדים,גרמים,85.00,100 גרם,false,,6.90,0.0812,true,1,70326
7290015150088,false,מחית עגבניות גרנד אי,,,מחית עגבניות גרנד אי,גרמים,700.00,100 גרם,false,,12.90,0.0184,true,1,66257
7290015155823,false,פרינוק פאוץ' בטעם תפ,,,פרינוק פאוץ' בטעם תפ,גרמים,120.00,100 גרם,false,,5.90,0.0492,true,1,110031
7290015155830,false,פרינוק פאוץ' בטעם תפ,,,פרינוק פאוץ' בטעם תפ,גרמים,120.00,100 גרם,false,,5.90,0.0492,true,1,110032
7290015155847,false,פרינוק פאוץ' בטעם סל,,,פרינוק פאוץ' בטעם סל,גרמים,120.00,100 גרם,false,,5.90,0.0492,true,1,110033
7290015156769,false,פרינוק פאוץ תפוח ואו,,,פרינוק פאוץ תפוח ואו,גרמים,120.00,100 גרם,false,,5.90,0.0492,true,1,110034
7290015156776,false,פרינוק פאוץ פירות טר,,,פרינוק פאוץ פירות טר,גרמים,120.00,100 גרם,false,,5.90,0.0492,true,1,110035
7290015164856,false,מחית קארי אדומה 400ג,,,מחית קארי אדומה 400ג,גרמים,400.00,100 גרם,false,,19.90,0.0497,true,1,94686
7290015251174,false,נובו אל סבון ירוק של,,,נובו אל סבון ירוק של,מיליליטרים,1500.00,"100 מ""ל",false,,10.00,0.0067,true,1,64124
7290015251198,false,נובו אל סבון סגול של,,,נובו אל סבון סגול של,מיליליטרים,1500.00,"100 מ""ל",false,,10.00,0.0067,true,1,64126
7290015251259,false,נובו תחליב רחצה דבש+,,,נובו תחליב רחצה דבש+,מיליליטרים,1000.00,"100 מ""ל",false,,10.00,0.0100,true,1,64128
7290015251280,false,נובו תחליב רחצה הרבל,,,נובו תחליב רחצה הרבל,מיליליטרים,1000.00,"100 מ""ל",false,,10.00,0.0100,true,1,64129
7290015282000,false,איקרה אדומה 200גר שמ,,,איקרה אדומה 200גר שמ,גרמים,200.00,100 גרם,false,,16.90,0.0845,true,1,67832
7290015282581,false,חומוס אבו גוש עם חרי,,,חומוס אבו גוש עם חרי,גרמים,200.00,100 גרם,false,,14.90,0.0745,true,1,98685
7290015282598,false,חומוס מסעדות 200 גר,,,חומוס מסעדות 200 גר,גרמים,200.00,100 גרם,false,,14.90,0.0745,true,1,88898
7290015282604,false,טחינה מיוחדת 200 גר,,,טחינה מיוחדת 200 גר,גרמים,200.00,100 גרם,false,,14.90,0.0745,true,1,88894
7290015282635,false,חומוס מסבחה 200 גר,,,חומוס מסבחה 200 גר,גרמים,200.00,100 גרם,false,,14.90,0.0745,true,1,98686
7290015282642,false,"חומוס אבו ג""וש 200 ג",,,"חומוס אבו ג""וש 200 ג",גרמים,200.00,100 גרם,false,,14.90,0.0745,true,1,98687
7290015282673,false,חציל במיונז ביתי שמי,,,חציל במיונז ביתי שמי,גרמים,200.00,100 גרם,false,,14.90,0.0745,true,1,88905
7290015282697,false,כרוב אדום 200 גר,,,כרוב אדום 200 גר,גרמים,200.00,100 גרם,false,,14.90,0.0745,true,1,98688
7290015282727,false,גזר מרוקאי ברוטב פיק,,,גזר מרוקאי ברוטב פיק,גרמים,200.00,100 גרם,false,,14.90,0.0745,true,1,88902
7290015282734,false,מטבוחה ביתית 200 גר,,,מטבוחה ביתית 200 גר,גרמים,200.00,100 גרם,false,,14.90,0.0745,true,1,98690
7290015320009,false,שוקולד מריר שקדיה 3*,קריות זול,,שוקולד מריר שקדיה 3*,גרמים,300.00,100 גרם,false,,10.90,0.0363,true,1,133694
7290015320054,false,עוגיות בטעם חמאה 340,,,עוגיות בטעם חמאה 340,גרמים,340.00,100 גרם,false,,10.90,0.0321,true,1,65506
7290015320481,false,שוקולד מריר 60% יעד,,,שוקולד מריר 60% יעד,גרמים,100.00,100 גרם,false,,4.90,0.0490,true,1,111003
7290015324007,false,פלפל שחור גרוס שקית,,,פלפל שחור גרוס שקית,גרמים,80.00,100 גרם,false,,11.90,0.1488,true,1,64027
7290015324014,false,פלפל שחור טחון שקית,,,פלפל שחור טחון שקית,גרמים,80.00,100 גרם,false,,11.90,0.1488,true,1,64028
7290015324038,false,פפריקה בשמן שקית 80ג,,,פפריקה בשמן שקית 80ג,גרמים,80.00,100 גרם,false,,6.90,0.0863,true,1,64029
7290015324045,false,פפריקה חריפה שקית 80,,,פפריקה חריפה שקית 80,גרמים,80.00,100 גרם,false,,6.90,0.0863,true,1,64030
7290015324052,false,פפריקה מתוקה שקית 80,,,פפריקה מתוקה שקית 80,גרמים,80.00,100 גרם,false,,6.90,0.0863,true,1,64031
7290015324069,false,גריל עוף שקית 80גר,,,גריל עוף שקית 80גר,גרמים,80.00,100 גרם,false,,6.90,0.0863,true,1,64032
7290015324076,false,זעתר שקית 80גר,,,זעתר שקית 80גר,גרמים,80.00,100 גרם,false,,7.90,0.0988,true,1,64033
7290015324083,false,מלח לימון שקית 80גר,,,מלח לימון שקית 80גר,גרמים,80.00,100 גרם,false,,6.90,0.0863,true,1,64034
7290015324090,false,כמון שקית 80גר,,,כמון שקית 80גר,גרמים,80.00,100 גרם,false,,6.90,0.0863,true,1,64035
7290015324106,false,כורכום שקית 80גר,,,כורכום שקית 80גר,גרמים,80.00,100 גרם,false,,6.90,0.0863,true,1,64036
7290015324113,false,בהרט שקית 80גר,,,בהרט שקית 80גר,גרמים,80.00,100 גרם,false,,7.90,0.0988,true,1,64037
7290015324120,false,שום גבישי שקית 80גר,,,שום גבישי שקית 80גר,גרמים,80.00,100 גרם,false,,9.90,0.1238,true,1,64038
7290015324151,false,חוואג' 80גר,,,חוואג' 80גר,גרמים,80.00,100 גרם,false,,8.90,0.1113,true,1,64039
7290015324526,false,תערובת תיבול לפרגיות,,,תערובת תיבול לפרגיות,גרמים,80.00,100 גרם,false,,7.90,0.0988,true,1,105198
7290015324533,false,רוזמרין מיכל גדול 55,,,רוזמרין מיכל גדול 55,גרמים,55.00,100 גרם,false,,9.90,0.1800,true,1,105208
7290015366663,false,אקווה פרש עדין משחת,,,אקווה פרש עדין משחת,מיליליטרים,100.00,"100 מ""ל",false,,8.90,0.0890,true,1,69439
7290015366670,false,אקווה פרש מנטה משחת,,,אקווה פרש מנטה משחת,מיליליטרים,100.00,"100 מ""ל",false,,8.90,0.0890,true,1,69440
7290015374279,false,"סיגר במילוי בשר בד""צ",,,"סיגר במילוי בשר בד""צ",גרמים,400.00,100 גרם,false,,12.90,0.0323,true,1,69164
7290015374286,false,"סיגר במילוי תפו""א בד",,,"סיגר במילוי תפו""א בד",גרמים,400.00,100 גרם,false,,12.90,0.0323,true,1,69165
7290015374323,false,קובה ביתי במילוי בשר,,,קובה ביתי במילוי בשר,גרמים,400.00,100 גרם,false,,12.90,0.0323,true,1,69169
7290015374330,false,"קובה מרק בד""צ 400גר",,,"קובה מרק בד""צ 400גר",גרמים,400.00,100 גרם,false,,12.90,0.0323,true,1,69170
7290015374354,false,"קרפלך במילוי תפו""א ב",,,"קרפלך במילוי תפו""א ב",גרמים,400.00,100 גרם,false,,12.90,0.0323,true,1,69172
7290015374361,false,"קרפלך במילוי בשר בד""",,,"קרפלך במילוי בשר בד""",גרמים,400.00,100 גרם,false,,12.90,0.0323,true,1,69173
7290015374378,false,סמבוסק במילוי חומוס,,,סמבוסק במילוי חומוס,גרמים,400.00,100 גרם,false,,12.90,0.0323,true,1,69174
7290015395045,false,קינואה 400גר,,,קינואה 400גר,גרמים,400.00,100 גרם,false,,9.90,0.0248,true,1,66813
7290015437585,false,מוזלי קראנץ צימוק שו,,,מוזלי קראנץ צימוק שו,גרמים,600.00,100 גרם,false,,13.90,0.0232,true,1,88217
7290015528177,false,"מגש קלאסי  9/13 ""סיד",,,"מגש קלאסי  9/13 ""סיד",יחידה,0.00,יחידה,false,,8.90,0.0000,true,1,98510
7290015528566,false,גביע 270 ארוז 10 יח',,,גביע 270 ארוז 10 יח',יחידה,0.00,יחידה,false,,6.90,0.0000,true,1,98527
7290015528580,false,גביע 1000 ארוז 5 יח',,,גביע 1000 ארוז 5 יח',יחידה,0.00,יחידה,false,,6.90,0.0000,true,1,98529
7290015528658,false,מיכל 2 ליטר ארוז 3 י,,,מיכל 2 ליטר ארוז 3 י,יחידה,0.00,יחידה,false,,8.90,0.0000,true,1,104743
7290015528825,false,צלחת 7 מתכלה אר 25 י,,,צלחת 7 מתכלה אר 25 י,יחידה,0.00,יחידה,false,,11.90,0.0000,true,1,98537
7290015528832,false,צלחת 9 מתכלה אר' 25,,,צלחת 9 מתכלה אר' 25,יחידה,0.00,יחידה,false,,14.90,0.0000,true,1,98538
7290015528849,false,צלחת 10 מתכלה אר' 25,,,צלחת 10 מתכלה אר' 25,יחידה,0.00,יחידה,false,,18.90,0.0000,true,1,98539
7290015528863,false,"מרקיה 340 מ""ל מתכלה",,,"מרקיה 340 מ""ל מתכלה",יחידה,0.00,יחידה,false,,10.90,0.0000,true,1,98541
7290015603546,false,קרם קוקוס 17-19% 400,,,קרם קוקוס 17-19% 400,מיליליטרים,400.00,"100 מ""ל",false,,9.90,0.0248,true,1,93507
7290015603584,false,גינגר לבן כבוש ללא מ,,,גינגר לבן כבוש ללא מ,גרמים,160.00,100 גרם,false,,8.90,0.0556,true,1,68695
7290015640534,false,נובו קרם גוף סנשואל,,,נובו קרם גוף סנשואל,מיליליטרים,400.00,"100 מ""ל",false,,9.90,0.0248,true,1,66498
7290015640541,false,קרם ידיים סנשואל 150,,,קרם ידיים סנשואל 150,מיליליטרים,150.00,"100 מ""ל",false,,7.90,0.0527,true,1,118756
7290015640749,false,קרם ידיים קלאסיק 100,,,קרם ידיים קלאסיק 100,מיליליטרים,150.00,"100 מ""ל",false,,7.90,0.0527,true,1,118731
7290015652087,false,תערובת פיצוחים 150גר,,,תערובת פיצוחים 150גר,גרמים,150.00,100 גרם,false,,10.90,0.0727,true,1,67701
7290015652254,false,גרעינים שחורים 400 ג,,,גרעינים שחורים 400 ג,גרמים,400.00,100 גרם,false,,10.00,0.0250,true,1,87462
7290015652261,false,בוטנים קלויים 300 גר,,,בוטנים קלויים 300 גר,גרמים,300.00,100 גרם,false,,10.00,0.0333,true,1,87454
7290015652278,false,תערובת פיצוחים 250גר,,,תערובת פיצוחים 250גר,גרמים,250.00,100 גרם,false,,20.00,0.0800,true,1,87487
7290015652285,false,אגוזי מלך קלופים 250,,,אגוזי מלך קלופים 250,גרמים,250.00,100 גרם,false,,19.90,0.0796,true,1,98974
7290015652292,false,קבוקים עם שומשום 500,,,קבוקים עם שומשום 500,גרמים,500.00,100 גרם,false,,10.00,0.0200,true,1,67703
7290015652308,false,מנצס ששון הקולה 300,,,מנצס ששון הקולה 300,גרמים,300.00,100 גרם,false,,10.00,0.0333,true,1,87484
7290015652322,false,בוטנים אמריקאים מצופ,,,בוטנים אמריקאים מצופ,גרמים,400.00,100 גרם,false,,10.00,0.0250,true,1,67705
7290015652384,false,קמח תירס ללא 1קג,,,קמח תירס ללא 1קג,גרמים,1000.00,100 גרם,false,,9.90,0.0099,true,1,98975
7290015652391,false,קמח תירס ללא גלוטן 1,,,קמח תירס ללא גלוטן 1,גרמים,1000.00,100 גרם,false,,9.90,0.0099,true,1,86059
7290015652407,false,פיסטוק 250גר,,,פיסטוק 250גר,גרמים,250.00,100 גרם,false,,20.00,0.0800,true,1,98976
7290015733144,false,מטרנה גולד שלב 2 700,,,מטרנה גולד שלב 2 700,גרמים,700.00,100 גרם,false,,74.90,0.1070,true,1,124996
7290015733168,false,מטרנה גולד שלב3 700ג,,,מטרנה גולד שלב3 700ג,גרמים,700.00,100 גרם,false,,74.90,0.1070,true,1,111954
7290015733243,false,מטרנה אקסטרה קר שלב,,,מטרנה אקסטרה קר שלב,גרמים,700.00,100 גרם,false,,59.90,0.0856,true,1,130317
7290015781015,false,"יין ויז'ן מלבק 750מ""",,,"יין ויז'ן מלבק 750מ""",מיליליטרים,750.00,"100 מ""ל",false,,39.90,0.0532,true,1,97067
7290015781046,false,יין ויז'ן לבן חצי יב,,,יין ויז'ן לבן חצי יב,מיליליטרים,750.00,"100 מ""ל",false,,39.90,0.0532,true,1,97068
7290015855013,false,פלפל טינקרבל ארוז,,,פלפל טינקרבל ארוז,יחידה,0.00,יחידה,false,,7.90,0.0000,true,1,66768
7290015855037,false,פלפל צ'ילי.,,,פלפל צ'ילי.,יחידה,0.00,יחידה,false,,6.90,0.0000,true,1,67000
7290015855051,false,מלפפון מיני ארוז,,,מלפפון מיני ארוז,יחידה,0.00,יחידה,false,,8.90,0.0000,true,1,66358
7290015855143,false,שום קלוף 170גרם,,,שום קלוף 170גרם,יחידה,0.00,יחידה,false,,11.90,0.0000,true,1,85924
7290015855358,false,בצלצלי שאלוט,,,בצלצלי שאלוט,יחידה,0.00,יחידה,false,,9.90,0.0000,true,1,96011
7290015856171,false,בייגלה שמיניות עם מל,,,בייגלה שמיניות עם מל,גרמים,200.00,100 גרם,false,,5.90,0.0295,true,1,132214
7290015856492,false,קרקר חטיפית מלח 180,,,קרקר חטיפית מלח 180,גרמים,180.00,100 גרם,false,,4.40,0.0244,true,1,95872
7290015856508,false,קרקר חטיפית שומשום 1,,,קרקר חטיפית שומשום 1,גרמים,180.00,100 גרם,false,,4.40,0.0244,true,1,95873
7290015856607,false,קרקר תירוש  175ג חצי,,,קרקר תירוש  175ג חצי,גרמים,175.00,100 גרם,false,,7.90,0.0451,true,1,110230
7290015856621,false,ביסקוויט תירוש קרמל,,,ביסקוויט תירוש קרמל,גרמים,175.00,100 גרם,false,,7.90,0.0451,true,1,110232
7290015856690,false,"קרם קרקר 1 ק""ג",,,"קרם קרקר 1 ק""ג",קילוגרמים,1.00,"ק""ג",false,,19.90,19.9000,true,1,117195
7290015856973,false,תה ביסקוויט וניל ללא,,,תה ביסקוויט וניל ללא,גרמים,150.00,100 גרם,false,,6.90,0.0460,true,1,134128
7290015856980,false,תה ביסקוויט שוקו ללא,,,תה ביסקוויט שוקו ללא,גרמים,150.00,100 גרם,false,,6.90,0.0460,true,1,134129
7290015858106,false,ממרח פסטו ביתי 180 ג,,,ממרח פסטו ביתי 180 ג,גרמים,180.00,100 גרם,false,,15.90,0.0883,true,1,96089
7290015858328,false,עללחם ממרח איולי פסט,,,עללחם ממרח איולי פסט,גרמים,295.00,100 גרם,false,,15.90,0.0539,true,1,135439
7290015858687,false,עללחם ממרח איולי שום,,,עללחם ממרח איולי שום,גרמים,295.00,100 גרם,false,,15.90,0.0539,true,1,135442
7290015865692,false,קונפיטורה תענוג פרי,קריות זול,,קונפיטורה תענוג פרי,גרמים,400.00,100 גרם,false,,16.90,0.0422,true,1,135384
7290015865722,false,קונפיטורת לייט תות ש,,,קונפיטורת לייט תות ש,גרמים,400.00,100 גרם,false,,18.90,0.0472,true,1,135388
7290016006148,false,שוופס מוגז ענבים 500,,,שוופס מוגז ענבים 500,מיליליטרים,500.00,"100 מ""ל",false,,5.90,0.0118,true,1,97633
7290016006292,false,ספרינג מנגו בננה מלו,,,ספרינג מנגו בננה מלו,מיליליטרים,1000.00,"100 מ""ל",false,,7.90,0.0079,true,1,69675
7290016006339,false,מי עדן רביעייה 4*1לי,,,מי עדן רביעייה 4*1לי,מיליליטרים,4000.00,"100 מ""ל",false,,11.90,0.0030,true,1,69984
7290016006346,false,שוופס סודה מארז שישי,,,שוופס סודה מארז שישי,מיליליטרים,3000.00,"100 מ""ל",false,,15.90,0.0053,true,1,87544
7290016028836,false,קש מתקפל צבעוני אר',,,קש מתקפל צבעוני אר',יחידה,0.00,יחידה,false,,7.90,0.0000,true,1,132539
7290016096583,false,טונה פרינס שלישייה 3,,,טונה פרינס שלישייה 3,גרמים,240.00,100 גרם,false,,10.90,0.0454,true,1,91046
7290016102789,false,צלחות קטן 50 יח',,,צלחות קטן 50 יח',יחידה,0.00,יחידה,false,,8.90,0.0000,true,1,110632
7290016144017,false,קמח נפלאות חיטה מלא,,,קמח נפלאות חיטה מלא,גרמים,1000.00,100 גרם,false,,9.90,0.0099,true,1,133683
7290016144024,false,קמח נפלאות כוסמין מל,,,קמח נפלאות כוסמין מל,גרמים,1000.00,100 גרם,false,,14.90,0.0149,true,1,133686
7290016144031,false,קמח נפלאות חיטה לבן,,,קמח נפלאות חיטה לבן,גרמים,1000.00,100 גרם,false,,6.90,0.0069,true,1,133682
7290016144055,false,קמח נפלאות כוסמין 80,,,קמח נפלאות כוסמין 80,גרמים,1000.00,100 גרם,false,,14.90,0.0149,true,1,133685
7290016150117,false,סלק וואקום,,,סלק וואקום,גרמים,500.00,100 גרם,false,,6.90,0.0138,true,1,70002
7290016150711,false,נוזל קוקוס אבאל 400,,,נוזל קוקוס אבאל 400,גרמים,400.00,100 גרם,false,,6.90,0.0173,true,1,104915
7290016162219,false,כדורי שוקולד פרווה,,,כדורי שוקולד פרווה,יחידה,0.00,יחידה,false,,29.90,0.0000,true,1,100233
7290016162233,false,עוגיות פרימיום ממולא,,,עוגיות פרימיום ממולא,גרמים,200.00,1000גרם,false,,19.90,0.0995,true,1,116873
7290016188585,false,יין למברוסקו רוזה חצ,,,יין למברוסקו רוזה חצ,מיליליטרים,750.00,"100 מ""ל",false,,24.90,0.0332,true,1,87561
7290016188592,false,יין למברוסקו אדום חצ,,,יין למברוסקו אדום חצ,מיליליטרים,750.00,"100 מ""ל",false,,24.90,0.0332,true,1,87562
7290016188608,false,יין למברוסקו לבן חצי,,,יין למברוסקו לבן חצי,מיליליטרים,750.00,"100 מ""ל",false,,24.90,0.0332,true,1,87563
7290016217735,false,חציל אש 200 גר שמיר,,,חציל אש 200 גר שמיר,גרמים,200.00,100 גרם,false,,14.90,0.0745,true,1,98695
7290016217759,false,סלט חציל מרוקאי 200,,,סלט חציל מרוקאי 200,גרמים,200.00,100 גרם,false,,14.90,0.0745,true,1,88912
7290016233575,false,שיבולת שועל 600גר,,,שיבולת שועל 600גר,גרמים,600.00,100 גרם,false,,6.90,0.0115,true,1,88219
7290016233711,false,פסטה לה פסטה לינגווי,,,פסטה לה פסטה לינגווי,גרמים,400.00,100 גרם,false,,4.90,0.0123,true,1,93086
7290016246711,false,טחינה בארכה מעודנת ה,,,טחינה בארכה מעודנת ה,גרמים,310.00,100 גרם,false,,14.90,0.0481,true,1,104685
7290016270709,false,שרי אשכולות ארוז כ-4,,,שרי אשכולות ארוז כ-4,יחידה,0.00,יחידה,false,,9.90,0.0000,true,1,95184
7290016276534,false,שמן קוקוס לא מזוכך 5,,,שמן קוקוס לא מזוכך 5,מיליליטרים,500.00,"100 מ""ל",false,,29.90,0.0598,true,1,86052
7290016276787,false,מעדן אננס 100% רכיבי,,,מעדן אננס 100% רכיבי,גרמים,284.00,100 גרם,false,,11.90,0.0419,true,1,85680
7290016276831,false,תבשיל איטריות בטעם ב,,,תבשיל איטריות בטעם ב,גרמים,70.00,100 גרם,false,,5.90,0.0843,true,1,86061
7290016276848,false,תבשיל איטריות בטעם ע,,,תבשיל איטריות בטעם ע,גרמים,70.00,100 גרם,false,,5.90,0.0843,true,1,86060
7290016319309,false,פמלי אל סבון מאסק+ מ,,,פמלי אל סבון מאסק+ מ,מיליליטרים,1000.00,"100 מ""ל",false,,14.90,0.0149,true,1,85150
7290016321722,false,פרש וואנס מגבונים בו,,,פרש וואנס מגבונים בו,יחידה,0.00,יחידה,false,,5.90,0.0000,true,1,96727
7290016372342,false,עגבניות חתוכות לקובי,,,עגבניות חתוכות לקובי,גרמים,1200.00,100 גרם,false,,13.90,0.0116,true,1,90549
7290016387254,false,מצע לייבוש כלים,,,מצע לייבוש כלים,יחידה,0.00,יחידה,false,,8.90,0.0000,true,1,86309
7290016387407,false,אטבי כביסה 9 יח' מיל,,,אטבי כביסה 9 יח' מיל,יחידה,0.00,יחידה,false,,3.90,0.0000,true,1,133601
7290016408294,false,מרשמלו ורוד לבן כרמי,,,מרשמלו ורוד לבן כרמי,גרמים,150.00,100 גרם,false,,5.90,0.0393,true,1,91278
7290016408980,false,מטבעות שוקולד חלב 36,,,מטבעות שוקולד חלב 36,גרמים,36.00,100 גרם,false,,4.90,0.1361,true,1,94418
7290016437652,false,האגיס פרידום דריי PA,,,האגיס פרידום דריי PA,יחידה,0.00,יחידה,false,,47.90,0.0000,true,1,97621
7290016440652,false,תערובת פרוסות ירקות,,,תערובת פרוסות ירקות,גרמים,0.00,גרם,false,,19.90,0.0000,true,1,130859
7290016440928,false,ירקות כבושים חומץ מת,,,ירקות כבושים חומץ מת,גרמים,0.00,גרם,false,,19.90,0.0000,true,1,130862
7290016509823,false,פרסיל ג'ל 2.5 ליטר ב,,,פרסיל ג'ל 2.5 ליטר ב,ליטרים,2.50,ליטר,false,,32.90,13.1600,true,1,93607
7290016509847,false,פרסיל גל כביסה שחור2,,,פרסיל גל כביסה שחור2,ליטרים,2.50,ליטר,false,,32.90,13.1600,true,1,94373
7290016510249,false,הוואי תחליב רחצה יוג,,,הוואי תחליב רחצה יוג,מיליליטרים,700.00,"100 מ""ל",false,,13.90,0.0199,true,1,93554
7290016510317,false,הוואי תחליב רחצה לגב,,,הוואי תחליב רחצה לגב,מיליליטרים,700.00,"100 מ""ל",false,,13.90,0.0199,true,1,93558
7290016510898,false,הוואי שמפו לשיער פרי,קריות זול,,הוואי שמפו לשיער פרי,מיליליטרים,700.00,"100 מ""ל",false,,13.90,0.0199,true,1,96198
7290016510904,false,הוואי מרכך לשיער פרי,קריות זול,,הוואי מרכך לשיער פרי,מיליליטרים,700.00,"100 מ""ל",false,,13.90,0.0199,true,1,96199
7290016580174,false,צלחת 9 צבעוני לבן/ ק,,,צלחת 9 צבעוני לבן/ ק,יח',100.00,יח',false,,39.90,0.3990,true,1,95155
7290016580440,false,תבניות עגולות גדולות,,,תבניות עגולות גדולות,יחידה,0.00,יחידה,false,,9.90,0.0000,true,1,95520
7290016580570,false,סיר עם מכסה קטן ארוז,,,סיר עם מכסה קטן ארוז,יחידה,0.00,יחידה,false,,14.90,0.0000,true,1,95517
7290016621013,false,קמיל בלו קרם גוף לתי,,,קמיל בלו קרם גוף לתי,מיליליטרים,500.00,"100 מ""ל",false,,29.90,0.0598,true,1,88721
7290016621358,false,קמיל אל סבון ניקיון,,,קמיל אל סבון ניקיון,מיליליטרים,1000.00,"100 מ""ל",false,,15.90,0.0159,true,1,100686
7290016621365,false,קמיל אל סבון ניקיון,,,קמיל אל סבון ניקיון,מיליליטרים,1000.00,"100 מ""ל",false,,15.90,0.0159,true,1,90868
7290016717099,false,יין סלקטד אדום חצי י,,,יין סלקטד אדום חצי י,מיליליטרים,750.00,"100 מ""ל",false,,28.90,0.0385,true,1,86035
7290016717754,false,"יין ישן נושן 750 מ""ל",קריות זול,,"יין ישן נושן 750 מ""ל",מיליליטרים,750.00,"100 מ""ל",false,,17.90,0.0239,true,1,93990
7290016866643,false,פרודונטקס משחת שיניי,,,פרודונטקס משחת שיניי,מיליליטרים,75.00,"100 מ""ל",false,,29.90,0.3987,true,1,94850
7290016866667,false,פרודונטקס משחת שיניי,,,פרודונטקס משחת שיניי,מיליליטרים,75.00,"100 מ""ל",false,,24.90,0.3320,true,1,93658
7290016866674,false,פרודונטקס משחת שיניי,,,פרודונטקס משחת שיניי,מיליליטרים,75.00,"100 מ""ל",false,,29.90,0.3987,true,1,93659
7290016882407,false,ממרח חצילים קלויים 5,,,ממרח חצילים קלויים 5,גרמים,550.00,100 גרם,false,,9.90,0.0180,true,1,118716
7290016882421,false,קונפיטורה אפרסק 70%,,,קונפיטורה אפרסק 70%,גרמים,450.00,100 גרם,false,,12.90,0.0287,true,1,135470
7290016898071,false,תבניות אינגליש קייק,,,תבניות אינגליש קייק,יח',5.00,יח',false,,10.90,2.1800,true,1,105470
7290016912623,false,סרקל בלונד מרכך 1ליט,,,סרקל בלונד מרכך 1ליט,מיליליטרים,1000.00,"100 מ""ל",false,,29.90,0.0299,true,1,90870
7290017023663,false,שוופס מוגז פירות למו,,,שוופס מוגז פירות למו,מיליליטרים,1320.00,"100 מ""ל",false,,14.90,0.0113,true,1,96134
7290017023854,false,"שוופס סודה 4*250מ""ל",,,"שוופס סודה 4*250מ""ל",מיליליטרים,1000.00,"100 מ""ל",false,,13.90,0.0139,true,1,96131
7290017023861,false,שוופס סודה לימון 4*2,,,שוופס סודה לימון 4*2,מיליליטרים,1000.00,"100 מ""ל",false,,13.90,0.0139,true,1,96132
7290017023878,false,שוופס סודה נענע ליים,,,שוופס סודה נענע ליים,מיליליטרים,1000.00,"100 מ""ל",false,,13.90,0.0139,true,1,96133
7290017058092,false,שיבולת שועל שלמה 600,,,שיבולת שועל שלמה 600,גרמים,600.00,100 גרם,false,,6.90,0.0115,true,1,91121
7290017058573,false,פרוסות פלפל חלפיניו,,,פרוסות פלפל חלפיניו,גרמים,340.00,100 גרם,false,,7.90,0.0232,true,1,95077
7290017062730,false,טאצ' נוזל כלים תפוח,,,טאצ' נוזל כלים תפוח,מיליליטרים,750.00,"100 מ""ל",false,,8.90,0.0119,true,1,119094
7290017062747,false,טאצ' נוזל כלים לימון,,,טאצ' נוזל כלים לימון,מיליליטרים,750.00,"100 מ""ל",false,,8.90,0.0119,true,1,119093
7290017062754,false,טאצ' נוזל כלים שדות,,,טאצ' נוזל כלים שדות,מיליליטרים,750.00,"100 מ""ל",false,,8.90,0.0119,true,1,119095
7290017065007,false,מוצרלה פרוסה 150 גרם,,,מוצרלה פרוסה 150 גרם,גרמים,150.00,100 גרם,false,,18.70,0.1247,true,1,88481
7290017065137,false,ריקוטה למריחה 5% טבע,,,ריקוטה למריחה 5% טבע,גרמים,200.00,100 גרם,false,,10.70,0.0535,true,1,91710
7290017065144,false,ריקוטה למריחה 5% עפ,,,ריקוטה למריחה 5% עפ,גרמים,200.00,100 גרם,false,,10.70,0.0535,true,1,91712
7290017065236,false,בולגרית מעודנת 250גר,,,בולגרית מעודנת 250גר,גרמים,250.00,100 גרם,false,,23.90,0.0956,true,1,92536
7290017065434,false,פרוסות גאודה 200 גרם,,,פרוסות גאודה 200 גרם,גרמים,200.00,100 גרם,false,,21.90,0.1095,true,1,96364
7290017065526,false,קוואטרו פורמאג'י 300,,,קוואטרו פורמאג'י 300,גרמים,300.00,100 גרם,false,,29.90,0.0997,true,1,96367
7290017065663,false,בולגרית עיזים מעודנת,,,בולגרית עיזים מעודנת,גרמים,250.00,100 גרם,false,,31.90,0.1276,true,1,118587
7290017065786,false,גבינת צ'דר פלח מחלבו,,,גבינת צ'דר פלח מחלבו,גרמים,210.00,100 גרם,false,,22.90,0.1090,true,1,132130
7290017088105,false,בייביסיטר פרפורמנס נ,,,בייביסיטר פרפורמנס נ,יח',38.00,יח',false,,29.90,0.7868,true,1,92954
7290017088143,false,בייביסיטר פרפורמנס נ,,,בייביסיטר פרפורמנס נ,יח',30.00,יח',false,,29.90,0.9967,true,1,92958
7290017088396,false,*מבצע* קוויק מגבון מ,,,*מבצע* קוויק מגבון מ,יחידה,0.00,יחידה,false,,10.90,0.0000,true,1,117406
7290017088693,false,קוויק מגבונים לניקוי,,,קוויק מגבונים לניקוי,יחידה,0.00,יחידה,false,,10.90,0.0000,true,1,110250
7290017088822,false,תחבושות בריז אקסטרה,,,תחבושות בריז אקסטרה,יחידה,0.00,יחידה,false,,18.90,0.0000,true,1,131223
7290017094847,false,סלט תפוחי אדמה 400 ג,,,סלט תפוחי אדמה 400 ג,גרמים,400.00,100 גרם,false,,13.90,0.0348,true,1,95135
7290017094861,false,חומוס עם רוטב מסבחה,,,חומוס עם רוטב מסבחה,גרמים,400.00,100 גרם,false,,13.90,0.0348,true,1,95137
7290017105369,false,סירופ דיאט אייס אפרס,,,סירופ דיאט אייס אפרס,מיליליטרים,1000.00,"100 מ""ל",false,,16.90,0.0169,true,1,96772
7290017105383,false,תירס קיד יכין שלישיי,,,תירס קיד יכין שלישיי,גרמים,495.00,100 גרם,false,,14.90,0.0301,true,1,110599
7290017105468,false,אפונה גינה יכין Oz2,,,אפונה גינה יכין Oz2,גרמים,600.00,100 גרם,false,,14.90,0.0248,true,1,109945
7290017105550,false,רסק עגבניות 100% מאג,,,רסק עגבניות 100% מאג,גרמים,400.00,100 גרם,false,,11.90,0.0298,true,1,105805
7290017105895,false,גרגרי חומוס מסעדות י,,,גרגרי חומוס מסעדות י,גרמים,560.00,100 גרם,false,,9.90,0.0177,true,1,117759
7290017129624,false,לקקן ענבים תפוח 450,,,לקקן ענבים תפוח 450,גרמים,450.00,100 גרם,false,,14.90,0.0331,true,1,93914
7290017129754,false,אגו שוקולד פרימיום 7,,,אגו שוקולד פרימיום 7,גרמים,100.00,100 גרם,false,,7.90,0.0790,true,1,93905
7290017129778,false,אגו שוקולד פרימיום 7,,,אגו שוקולד פרימיום 7,גרמים,100.00,100 גרם,false,,7.90,0.0790,true,1,93907
7290017129822,false,מטבעות שוקולד מריר 3,,,מטבעות שוקולד מריר 3,גרמים,36.00,100 גרם,false,,4.90,0.1361,true,1,94419
7290017129839,false,אגו שוקולד פרימיום 7,,,אגו שוקולד פרימיום 7,גרמים,100.00,100 גרם,false,,7.90,0.0790,true,1,93908
7290017142111,false,פתיתי טונה בהירה בשמ,,,פתיתי טונה בהירה בשמ,יחידה,0.00,יחידה,false,,9.90,0.0000,true,1,93203
7290017142128,false,שמן זית כתית מעולה ק,,,שמן זית כתית מעולה ק,מיליליטרים,750.00,"100 מ""ל",false,,34.90,0.0465,true,1,91980
7290017142166,false,פילה טונה פרוס עם שמ,,,פילה טונה פרוס עם שמ,גרמים,120.00,100 גרם,false,,14.90,0.1242,true,1,95855
7290017142203,false,פילה טונה פרוס עם שמ,,,פילה טונה פרוס עם שמ,גרמים,120.00,100 גרם,false,,14.90,0.1242,true,1,95856
7290017142289,false,תרסיס שמן חמניות עץ,,,תרסיס שמן חמניות עץ,מיליליטרים,200.00,"100 מ""ל",false,,17.90,0.0895,true,1,95030
7290017142340,false,שמן זרעי ענבים מזוכך,,,שמן זרעי ענבים מזוכך,מיליליטרים,1000.00,"100 מ""ל",false,,29.90,0.0299,true,1,131783
7290017142388,false,שמן חמניות פלוס 1 לי,,,שמן חמניות פלוס 1 לי,ליטרים,1.00,ליטר,false,,17.90,17.9000,true,1,131784
7290017142395,false,טונה עם פסטה בשמן זי,,,טונה עם פסטה בשמן זי,גרמים,160.00,100 גרם,false,,13.90,0.0869,true,1,110790
7290017142487,false,בורגול עם גרגירי חומ,,,בורגול עם גרגירי חומ,גרמים,160.00,100 גרם,false,,13.90,0.0869,true,1,130831
7290017275338,false,טחינה גולמית טורקיז,,,טחינה גולמית טורקיז,גרמים,500.00,100 גרם,false,,14.90,0.0298,true,1,132312
7290017275345,false,טחינה גולמית בקבוק ל,,,טחינה גולמית בקבוק ל,גרמים,350.00,100 גרם,false,,9.90,0.0283,true,1,135185
7290017275369,false,טחינה גולמית משומשום,,,טחינה גולמית משומשום,גרמים,500.00,100 גרם,false,,14.90,0.0298,true,1,132313
7290017440286,false,מרכך שיער קידס פישר,,,מרכך שיער קידס פישר,מטרים,750.00,100 מ'ל,false,,16.90,0.0225,true,1,105011
7290017440965,false,קמיל אל סבון 1 ליטר,,,קמיל אל סבון 1 ליטר,מיליליטרים,1000.00,"100 מ""ל",false,,15.90,0.0159,true,1,105009
7290017457598,false,סוד מרכך מרוכז קיץ 9,,,סוד מרכך מרוכז קיץ 9,מיליליטרים,900.00,"100 מ""ל",false,,13.90,0.0154,true,1,96425
7290017470177,false,קש 200יח מתקפל צבעונ,,,קש 200יח מתקפל צבעונ,יחידה,0.00,יחידה,false,,10.90,0.0000,true,1,101661
7290017470627,false,צלחות קלאסיק גדול קר,,,צלחות קלאסיק גדול קר,יחידה,0.00,יחידה,false,,25.90,0.0000,true,1,109864
7290017477169,false,קשיו קלוי ששון הקולה,,,קשיו קלוי ששון הקולה,גרמים,250.00,100 גרם,false,,20.00,0.0800,true,1,134070
7290017477350,false,תערובת לסלט ירוק 200,,,תערובת לסלט ירוק 200,גרמים,200.00,100 גרם,false,,10.00,0.0500,true,1,93394
7290017477558,false,שמן זית ספרדי לה איס,,,שמן זית ספרדי לה איס,מיליליטרים,750.00,"100 מ""ל",false,,29.90,0.0399,true,1,94613
7290017477596,false,תמר מג'הול 400 גרם א,,,תמר מג'הול 400 גרם א,גרמים,400.00,100 גרם,false,,19.90,0.0497,true,1,109852
7290017513485,false,מחית עגבניות רוסטיקה,,,מחית עגבניות רוסטיקה,גרמים,680.00,100 גרם,false,,12.90,0.0190,true,1,110028
7290017513775,false,בייגלה מצופה שוקולד,,,בייגלה מצופה שוקולד,גרמים,140.00,100 גרם,false,,9.90,0.0707,true,1,118331
7290017513782,false,בייגלה מצופה שוקולד,,,בייגלה מצופה שוקולד,גרמים,140.00,100 גרם,false,,9.90,0.0707,true,1,118332
7290017599229,false,סוכרזית סוכרלוז 200,,,סוכרזית סוכרלוז 200,יח',200.00,יח',false,,24.90,0.1245,true,1,132286
7290017599267,false,סוכרזית סוכרלוז 120,,,סוכרזית סוכרלוז 120,יחידה,0.00,יחידה,false,,29.90,0.0000,true,1,135142
7290017599274,false,סוכרזית סטיוויה 120,,,סוכרזית סטיוויה 120,יחידה,0.00,יחידה,false,,39.90,0.0000,true,1,135143
7290017617138,false,טונה סטארקיסט בשמן ק,קריות זול,,טונה סטארקיסט בשמן ק,גרמים,640.00,100 גרם,false,,24.90,0.0389,true,1,119218
7290017617428,false,סטארקיסט מיקס סלמון,,,סטארקיסט מיקס סלמון,גרמים,160.00,100 גרם,false,,15.90,0.0994,true,1,135141
7290017617435,false,סטארקיסט מיקס סלמון,,,סטארקיסט מיקס סלמון,גרמים,160.00,100 גרם,false,,15.90,0.0994,true,1,135139
7290017637013,false,נובו מרכך לשיער 700,,,נובו מרכך לשיער 700,מיליליטרים,700.00,"100 מ""ל",false,,10.00,0.0143,true,1,132102
7290017696409,false,פטריות פורטובלה,,,פטריות פורטובלה,יחידה,0.00,יחידה,false,,12.90,0.0000,true,1,95383
7290017812052,false,יין אקסלנס שיראז-קבר,קריות זול,,יין אקסלנס שיראז-קבר,מיליליטרים,750.00,"100 מ""ל",false,,24.90,0.0332,true,1,95233
7290017812069,false,יין אקסלנס ריזלינג-ש,,,יין אקסלנס ריזלינג-ש,מיליליטרים,750.00,"100 מ""ל",false,,24.90,0.0332,true,1,95234
7290017812861,false,יין וינו לבן יבש 750,קריות זול,,יין וינו לבן יבש 750,מיליליטרים,750.00,"100 מ""ל",false,,19.90,0.0265,true,1,130029
7290017870724,false,"צלחת 10"" מרובעת  מתכ",,,"צלחת 10"" מרובעת  מתכ",יחידה,0.00,יחידה,false,,14.90,0.0000,true,1,132518
7290017871363,false,פמלי יהלום סבון ידיי,קריות זול,,פמלי יהלום סבון ידיי,מיליליטרים,500.00,"100 מ""ל",false,,9.90,0.0198,true,1,117284
7290017871370,false,פמלי יהלום סבון ידיי,קריות זול,,פמלי יהלום סבון ידיי,מיליליטרים,500.00,"100 מ""ל",false,,9.90,0.0198,true,1,117285
7290017871462,false,טוסו חטיף פצפוצי אור,,,טוסו חטיף פצפוצי אור,גרמים,135.00,100 גרם,false,,14.90,0.1104,true,1,104975
7290017871707,false,טוסו חטיף פצפוצי אור,,,טוסו חטיף פצפוצי אור,גרמים,135.00,100 גרם,false,,14.90,0.1104,true,1,104983
7290017888026,false,פרוט & וג' אננס תפוח,,,פרוט & וג' אננס תפוח,מיליליטרים,350.00,"100 מ""ל",false,,8.90,0.0254,true,1,117293
7290017888101,false,שוופס מוגז עדין אפרס,,,שוופס מוגז עדין אפרס,מיליליטרים,1320.00,"100 מ""ל",false,,14.90,0.0113,true,1,96126
7290017888354,false,מי עדן 750מל,קריות זול,,מי עדן 750מל,מיליליטרים,750.00,"100 מ""ל",false,,3.50,0.0047,true,1,124502
7290017888644,false,פרוט & וג' אננס בננה,,,פרוט & וג' אננס בננה,מטרים,350.00,100 מ'ל,false,,8.90,0.0254,true,1,117295
7290017888729,false,שוופס סודה בקבוק 1 ל,,,שוופס סודה בקבוק 1 ל,מיליליטרים,1000.00,"100 מ""ל",false,,3.90,0.0039,true,1,117088
7290017907253,false,תמי פתיתים ללא גלוטן,,,תמי פתיתים ללא גלוטן,גרמים,300.00,100 גרם,false,,16.90,0.0563,true,1,130457
7290017917382,false,קמיל אל סבון 1 ליטר,,,קמיל אל סבון 1 ליטר,מיליליטרים,1000.00,"100 מ""ל",false,,15.90,0.0159,true,1,105008
7290017917399,false,קמיל בלו סנסטיב מגבו,,,קמיל בלו סנסטיב מגבו,יחידה,0.00,יחידה,false,,14.90,0.0000,true,1,110788
7290017928463,false,סמאש- שבורים  בטעם ד,,,סמאש- שבורים  בטעם ד,גרמים,300.00,100 גרם,false,,12.90,0.0430,true,1,131494
7290017928661,false,סמאש- שבורים בטעם צ',,,סמאש- שבורים בטעם צ',גרמים,300.00,100 גרם,false,,12.90,0.0430,true,1,131495
7290017938264,false,חומוס עם חריף 200 גר,,,חומוס עם חריף 200 גר,גרמים,200.00,100 גרם,false,,8.90,0.0445,true,1,134925
7290017969091,false,לפתניות 25 יחידות,,,לפתניות 25 יחידות,יחידה,0.00,יחידה,false,,7.90,0.0000,true,1,105332
7290017978215,false,קרמבו ריאו מוקה 16 י,,,קרמבו ריאו מוקה 16 י,יחידה,0.00,יחידה,false,,22.90,0.0000,true,1,117853
7290018023013,false,זית סורי שבור סבא חב,,,זית סורי שבור סבא חב,גרמים,215.00,100 גרם,false,,10.00,0.0465,true,1,132483
7290018023044,false,זיתים עם לימון כבוש,,,זיתים עם לימון כבוש,גרמים,215.00,100 גרם,false,,10.00,0.0465,true,1,132485
7290018023495,false,טחינה גולמית סבא חבי,,,טחינה גולמית סבא חבי,גרמים,500.00,100 גרם,false,,14.90,0.0298,true,1,134905
7290018045084,false,דגני בוקר בון בון במ,,,דגני בוקר בון בון במ,גרמים,480.00,100 גרם,false,,22.90,0.0477,true,1,133274
7290018045497,false,דגני בוקר בון בון במ,,,דגני בוקר בון בון במ,גרמים,480.00,100 גרם,false,,22.90,0.0477,true,1,133273
7290018045695,false,דגני בוקר בון בון במ,,,דגני בוקר בון בון במ,גרמים,480.00,100 גרם,false,,22.90,0.0477,true,1,133275
7290018045893,false,דגני בוקר בון בון במ,,,דגני בוקר בון בון במ,גרמים,480.00,100 גרם,false,,22.90,0.0477,true,1,133272
7290018050408,false,אגוזי פיסטוק קלויים,,,אגוזי פיסטוק קלויים,גרמים,160.00,100 גרם,false,,15.00,0.0938,true,1,118269
7290018050453,false,קשיו טבעי קופסא 220,,,קשיו טבעי קופסא 220,גרמים,220.00,100 גרם,false,,15.00,0.0682,true,1,118274
7290018050460,false,קשיו קלוי קופסא 200,,,קשיו קלוי קופסא 200,גרמים,200.00,100 גרם,false,,15.00,0.0750,true,1,118275
7290018050484,false,אגוז מלך קלופים טבעי,,,אגוז מלך קלופים טבעי,גרמים,150.00,100 גרם,false,,10.00,0.0667,true,1,118252
7290018050491,false,אלמונדוס קופסא 220 ג,,,אלמונדוס קופסא 220 ג,גרמים,220.00,100 גרם,false,,10.00,0.0455,true,1,118276
7290018050514,false,בוטן מטוגן קופסא 240,,,בוטן מטוגן קופסא 240,גרמים,240.00,100 גרם,false,,10.00,0.0417,true,1,118277
7290018050521,false,אגוזי לוז טבעי קופסא,,,אגוזי לוז טבעי קופסא,גרמים,180.00,100 גרם,false,,10.00,0.0556,true,1,118254
7290018050545,false,גרעיני אבטיח קלויים,,,גרעיני אבטיח קלויים,גרמים,140.00,100 גרם,false,,10.00,0.0714,true,1,118255
7290018050552,false,גרעיני דלעת קלופים ט,,,גרעיני דלעת קלופים ט,גרמים,240.00,100 גרם,false,,10.00,0.0417,true,1,118279
7290018050620,false,צימוקים בהירים קןפסא,,,צימוקים בהירים קןפסא,גרמים,220.00,100 גרם,false,,10.00,0.0455,true,1,118258
7290018050637,false,בוטנים אמריקאים מצופ,,,בוטנים אמריקאים מצופ,גרמים,300.00,100 גרם,false,,10.00,0.0333,true,1,118284
7290018050675,false,שקד קלוי קופסא 210 ג,,,שקד קלוי קופסא 210 ג,גרמים,210.00,100 גרם,false,,15.00,0.0714,true,1,118286
7290018050699,false,שקדים טבעיים קלופים,,,שקדים טבעיים קלופים,גרמים,230.00,100 גרם,false,,15.00,0.0652,true,1,118288
7290018050750,false,מיקס אגוזים חמצוציות,,,מיקס אגוזים חמצוציות,גרמים,130.00,100 גרם,false,,10.00,0.0769,true,1,118263
7290018050835,false,בוטנים קלויים ומומלח,,,בוטנים קלויים ומומלח,גרמים,250.00,100 גרם,false,,10.00,0.0400,true,1,118296
7290018091029,false,מקלות פילו תפוחי אדמ,,,מקלות פילו תפוחי אדמ,גרמים,450.00,100 גרם,false,,16.90,0.0376,true,1,117722
7290018091616,false,מקלות פילו גבינה 450,,,מקלות פילו גבינה 450,גרמים,450.00,100 גרם,false,,16.90,0.0376,true,1,117721
7290018091821,false,פיצה נפוליטנה מעדנות,,,פיצה נפוליטנה מעדנות,גרמים,200.00,100 גרם,false,,14.90,0.0745,true,1,118719
7290018115039,false,אבוקדו מוכן לאכילה,,,אבוקדו מוכן לאכילה,יחידה,0.00,יחידה,false,,7.90,0.0000,true,1,118936
7290018165447,false,יין רזרב גולד מרלו 7,,,יין רזרב גולד מרלו 7,מיליליטרים,750.00,"100 מ""ל",false,,49.90,0.0665,true,1,129994
7290018192658,false,פטריות צמד חמד איטלק,קריות זול,,פטריות צמד חמד איטלק,יחידה,0.00,יחידה,false,,15.90,0.0000,true,1,118720
7290018213261,false,מטליות מיקרופייבר אי,,,מטליות מיקרופייבר אי,יחידה,0.00,יחידה,false,,10.90,0.0000,true,1,134016
7290018213995,false,*מבצע* 3 מטליות מיקר,,,*מבצע* 3 מטליות מיקר,יחידה,0.00,יחידה,false,,10.90,0.0000,true,1,134698
7290018236635,false,צ'ונגו רצועות שניצל,,,צ'ונגו רצועות שניצל,גרמים,600.00,100 גרם,false,,34.90,0.0582,true,1,119260
7290018237281,false,נקניק סלמי ירדן עוף,,,נקניק סלמי ירדן עוף,גרמים,550.00,100 גרם,false,,23.90,0.0435,true,1,133875
7290018237397,false,פסטרמה מקורמלת מנתח,,,פסטרמה מקורמלת מנתח,גרמים,300.00,100 גרם,false,,26.90,0.0897,true,1,133867
7290018237410,false,פסטרמה במעשנה מנתח ש,,,פסטרמה במעשנה מנתח ש,גרמים,300.00,100 גרם,false,,26.90,0.0897,true,1,133866
7290018237922,false,שניצלונים בציפוי ציפ,,,שניצלונים בציפוי ציפ,גרמים,700.00,100 גרם,false,,18.90,0.0270,true,1,133965
7290018237939,false,שניצלונים בציפוי שומ,,,שניצלונים בציפוי שומ,גרמים,700.00,100 גרם,false,,18.90,0.0270,true,1,133966
7290018237960,false,עוף טוב כתף בקר עסיס,קריות זול,,עוף טוב כתף בקר עסיס,גרמים,265.00,100 גרם,false,,24.90,0.0940,true,1,135036
7290018237984,false,עוף טוב סלמי פפרוני,קריות זול,,עוף טוב סלמי פפרוני,גרמים,320.00,100 גרם,false,,24.90,0.0778,true,1,135031
7290018294208,false,יין סלקטד אדום ישראל,קריות זול,,יין סלקטד אדום ישראל,מיליליטרים,750.00,"100 מ""ל",false,,28.90,0.0385,true,1,131678
7290018294901,false,מונלייט אדום יבש כרמ,,,מונלייט אדום יבש כרמ,מיליליטרים,750.00,"100 מ""ל",false,,34.90,0.0465,true,1,134961
7290018294918,false,מונלייט מוסקט ורוד מ,,,מונלייט מוסקט ורוד מ,מיליליטרים,750.00,"100 מ""ל",false,,34.90,0.0465,true,1,134962
7290018359129,false,פולפה עגבניות מקולפו,,,פולפה עגבניות מקולפו,גרמים,690.00,100 גרם,false,,9.90,0.0143,true,1,117758
7290018359358,false,פריכוז רכז עגבניות מ,,,פריכוז רכז עגבניות מ,גרמים,600.00,100 גרם,false,,12.90,0.0215,true,1,135622
7290018359495,false,תירס מהשדה בלי תוספת,קריות זול,,תירס מהשדה בלי תוספת,גרמים,550.00,100 גרם,false,,9.90,0.0180,true,1,119116
7290018359518,false,תירס מהשדה בלי תוספת,,,תירס מהשדה בלי תוספת,גרמים,600.00,100 גרם,false,,14.90,0.0248,true,1,119117
7290018359570,false,שעועית צ'ילי הקטניה,,,שעועית צ'ילי הקטניה,גרמים,200.00,100 גרם,false,,12.90,0.0645,true,1,129890
7290018359587,false,חומוס הקטניה הטובה י,,,חומוס הקטניה הטובה י,גרמים,200.00,100 גרם,false,,12.90,0.0645,true,1,129888
7290018359686,false,חומוס ענק יכין 550 ג,קריות זול,,חומוס ענק יכין 550 ג,גרמים,550.00,100 גרם,false,,8.90,0.0162,true,1,133580
7290018359952,false,רוטב עגבניות לפסטה י,,,רוטב עגבניות לפסטה י,גרמים,400.00,100 גרם,false,,11.90,0.0298,true,1,135617
7290018359969,false,רוטב עגבניות לפיצה,,,רוטב עגבניות לפיצה,גרמים,400.00,100 גרם,false,,11.90,0.0298,true,1,135618
7290018376416,false,פילה ברבוניה קפוא 40,,,פילה ברבוניה קפוא 40,גרמים,400.00,100 גרם,false,,24.90,0.0622,true,1,135502
7290018380505,false,"אורז פרסי ארוך 1 ק""ג",,,"אורז פרסי ארוך 1 ק""ג",גרמים,1000.00,100 גרם,false,,9.90,0.0099,true,1,131270
7290018440193,false,בייגלה בציפוי קרם חמ,,,בייגלה בציפוי קרם חמ,גרמים,140.00,100 גרם,false,,9.90,0.0707,true,1,129652
7290018440391,false,תה ירוק מאטה נענע גו,,,תה ירוק מאטה נענע גו,יחידה,0.00,יחידה,false,,25.90,0.0000,true,1,132311
7290018440896,false,חליטת ג'ינג'ר וכורכו,,,חליטת ג'ינג'ר וכורכו,גרמים,37.50,100 גרם,false,,19.90,0.5307,true,1,132900
7290018468326,false,נקניקיה צמחונית בסגנ,,,נקניקיה צמחונית בסגנ,גרמים,400.00,100 גרם,false,,37.90,0.0947,true,1,135355
7290018471210,false,ספרינג אגס סברס תפוח,קריות זול,,ספרינג אגס סברס תפוח,מיליליטרים,1000.00,"100 מ""ל",false,,7.90,0.0079,true,1,130349
7290018471395,false,פרוט & ווג' תפוח רימ,,,פרוט & ווג' תפוח רימ,מיליליטרים,1000.00,"100 מ""ל",false,,13.90,0.0139,true,1,130354
7290018471449,false,ספרינג שייק בננה תמר,,,ספרינג שייק בננה תמר,מיליליטרים,1000.00,"100 מ""ל",false,,13.60,0.0136,true,1,131537
7290018471470,false,תפוזינה נקטר תפוז פס,קריות זול,,תפוזינה נקטר תפוז פס,מיליליטרים,1000.00,"100 מ""ל",false,,7.90,0.0079,true,1,130901
7290018471487,false,תפוזינה נקטר תפוז אנ,קריות זול,,תפוזינה נקטר תפוז אנ,מיליליטרים,1000.00,"100 מ""ל",false,,7.90,0.0079,true,1,130898
7290018471494,false,תפוזינה משקה תפוז גז,קריות זול,,תפוזינה משקה תפוז גז,מיליליטרים,1000.00,"100 מ""ל",false,,7.90,0.0079,true,1,130902
7290018471692,false,ספרינג שייק בננה אננ,,,ספרינג שייק בננה אננ,מיליליטרים,1000.00,"100 מ""ל",false,,13.60,0.0136,true,1,131539
7290018471906,false,שוופס מוגז לימונדה ו,,,שוופס מוגז לימונדה ו,מיליליטרים,1500.00,"100 מ""ל",false,,9.90,0.0066,true,1,132771
7290018471913,false,שוופס מוגז תפוחים 1.,,,שוופס מוגז תפוחים 1.,מיליליטרים,1500.00,"100 מ""ל",false,,9.90,0.0066,true,1,132772
7290018471920,false,שוופס מוגז ענבים 1.5,,,שוופס מוגז ענבים 1.5,מיליליטרים,1500.00,"100 מ""ל",false,,9.90,0.0066,true,1,132775
7290018471937,false,שוופס מוגז פירות תות,,,שוופס מוגז פירות תות,מיליליטרים,1500.00,"100 מ""ל",false,,9.90,0.0066,true,1,132776
7290018471944,false,שוופס מוגז למונייד 1,,,שוופס מוגז למונייד 1,מיליליטרים,1500.00,"100 מ""ל",false,,9.90,0.0066,true,1,132773
7290018564592,false,שום כתוש בצנצנת שף ה,,,שום כתוש בצנצנת שף ה,גרמים,200.00,100 גרם,false,,14.90,0.0745,true,1,134006
7290018564622,false,שום כתוש טבליות שף ה,,,שום כתוש טבליות שף ה,גרמים,80.00,100 גרם,false,,10.90,0.1363,true,1,132343
7290018608449,false,תבניות אינגליש קייק,,,תבניות אינגליש קייק,יחידה,0.00,יחידה,false,,10.90,0.0000,true,1,131034
7290018710111,false,אבקת סוכר 500 גרם פר,,,אבקת סוכר 500 גרם פר,גרמים,500.00,100 גרם,false,,6.90,0.0138,true,1,132257
7290018710364,false,קוקוס 400 גרם חילדה,,,קוקוס 400 גרם חילדה,גרמים,400.00,100 גרם,false,,11.90,0.0298,true,1,132251
7290018770245,false,זית ירוק מגולען בטעם,,,זית ירוק מגולען בטעם,גרמים,190.00,100 גרם,false,,13.90,0.0732,true,1,134820
7290018770252,false,זית ירוק מגולען בטעם,,,זית ירוק מגולען בטעם,גרמים,190.00,100 גרם,false,,13.90,0.0732,true,1,134821
7290018770269,false,זית קלמטה עם שמן זית,,,זית קלמטה עם שמן זית,גרמים,190.00,100 גרם,false,,13.90,0.0732,true,1,134822
7290018770276,false,זית עריביקה עם שמן ז,,,זית עריביקה עם שמן ז,גרמים,215.00,100 גרם,false,,13.90,0.0647,true,1,134823
7290018770283,false,זית סורי בטעם לימון,,,זית סורי בטעם לימון,גרמים,215.00,100 גרם,false,,13.90,0.0647,true,1,134824
7290018770344,false,טחינה 100% שומשום את,,,טחינה 100% שומשום את,גרמים,500.00,100 גרם,false,,16.90,0.0338,true,1,134904
7290018770351,false,טחינה משומשום אתיופי,,,טחינה משומשום אתיופי,גרמים,500.00,100 גרם,false,,14.90,0.0298,true,1,134903
7290018893098,false,ביסקוויט מצופה שוקול,,,ביסקוויט מצופה שוקול,גרמים,100.00,100 גרם,false,,7.90,0.0790,true,1,133071
7290018893111,false,שוקולד מריר  בלגי 70,,,שוקולד מריר  בלגי 70,גרמים,100.00,100 גרם,false,,9.90,0.0990,true,1,133073
7290018893128,false,שוקולד חלב בלגי 34%,,,שוקולד חלב בלגי 34%,גרמים,100.00,100 גרם,false,,9.90,0.0990,true,1,133074
7290018893142,false,צ'וקטה גריסיני שמן ז,,,צ'וקטה גריסיני שמן ז,גרמים,120.00,100 גרם,false,,7.90,0.0658,true,1,135269
7290018893265,false,עוגות אישיות 5 שכבות,,,עוגות אישיות 5 שכבות,גרמים,240.00,100 גרם,false,,12.90,0.0538,true,1,133065
7290018893296,false,צ'וקטה עוגיות מיני ח,,,צ'וקטה עוגיות מיני ח,גרמים,100.00,100 גרם,false,,9.90,0.0990,true,1,135257
7290018893319,false,שוקולד מריר  בלגי 85,,,שוקולד מריר  בלגי 85,גרמים,100.00,100 גרם,false,,9.90,0.0990,true,1,133075
7290018893449,false,סטרופוופל במילוי קרמ,,,סטרופוופל במילוי קרמ,גרמים,175.00,100 גרם,false,,10.90,0.0623,true,1,133054
7290018893494,false,עלי וופל חמאה דקים צ,,,עלי וופל חמאה דקים צ,גרמים,100.00,100 גרם,false,,10.90,0.1090,true,1,133055
7290018893661,false,עוגות אישיות מצופה מ,,,עוגות אישיות מצופה מ,גרמים,240.00,100 גרם,false,,12.90,0.0538,true,1,133062
7290018893753,false,צ'וקטה וופל בלגי ט.ל,,,צ'וקטה וופל בלגי ט.ל,גרמים,100.00,100 גרם,false,,9.90,0.0990,true,1,135267
7290018893876,false,עוגות אישיות וניל ונ,,,עוגות אישיות וניל ונ,גרמים,200.00,100 גרם,false,,12.90,0.0645,true,1,133061
7290018893913,false,צ'וקטה חטיף מקלות גר,,,צ'וקטה חטיף מקלות גר,גרמים,52.00,100 גרם,false,,4.90,0.0942,true,1,135258
7290018894002,false,בלקוני וופל קוביות ק,,,בלקוני וופל קוביות ק,גרמים,250.00,100 גרם,false,,13.90,0.0556,true,1,135261
7290018894019,false,בלקוני עוגות אישיות,,,בלקוני עוגות אישיות,גרמים,350.00,100 גרם,false,,15.90,0.0454,true,1,135266
7290018894217,false,בלקוני עוגות מיקס מק,,,בלקוני עוגות מיקס מק,גרמים,350.00,100 גרם,false,,15.90,0.0454,true,1,135265
7290018894408,false,בלקוני וופל קוביות א,,,בלקוני וופל קוביות א,גרמים,250.00,100 גרם,false,,13.90,0.0556,true,1,135260
7290018894804,false,בלקוני וופל אגוזי  ל,,,בלקוני וופל אגוזי  ל,גרמים,175.00,100 גרם,false,,8.90,0.0509,true,1,135264
7290018972779,false,נודלס טעם בקר להכנה,,,נודלס טעם בקר להכנה,גרמים,72.00,100 גרם,false,,6.90,0.0958,true,1,134595
7290018972786,false,נודלס טעם ירקות להכנ,,,נודלס טעם ירקות להכנ,גרמים,72.00,100 גרם,false,,6.90,0.0958,true,1,134596
7290018989128,false,סירופ בטעם ענבים יכי,,,סירופ בטעם ענבים יכי,מיליליטרים,1000.00,"100 מ""ל",false,,18.90,0.0189,true,1,134452
7290019056027,false,שוופס מוגז פירות תפו,,,שוופס מוגז פירות תפו,מיליליטרים,1500.00,"100 מ""ל",false,,9.90,0.0066,true,1,132777
7290019056034,false,שוופס מוגז פירות אננ,,,שוופס מוגז פירות אננ,מיליליטרים,1500.00,"100 מ""ל",false,,9.90,0.0066,true,1,132778
7290019056041,false,שוופס מוגז פירות ללא,,,שוופס מוגז פירות ללא,מיליליטרים,1500.00,"100 מ""ל",false,,9.90,0.0066,true,1,132779
7290019056058,false,שוופס מוגז עדין תפוח,,,שוופס מוגז עדין תפוח,מיליליטרים,1500.00,"100 מ""ל",false,,8.90,0.0059,true,1,132766
7290019056065,false,שוופס מוגז עדין פירו,,,שוופס מוגז עדין פירו,מיליליטרים,1500.00,"100 מ""ל",false,,8.90,0.0059,true,1,132767
7290019056072,false,שוופס מוגז עדין אננס,,,שוופס מוגז עדין אננס,מיליליטרים,1500.00,"100 מ""ל",false,,8.90,0.0059,true,1,132769
7290019056089,false,שוופס מוגז עדין טעם,,,שוופס מוגז עדין טעם,מיליליטרים,1500.00,"100 מ""ל",false,,8.90,0.0059,true,1,132770
7290019056096,false,שוופס מוגז עדין אפרס,,,שוופס מוגז עדין אפרס,מיליליטרים,1500.00,"100 מ""ל",false,,8.90,0.0059,true,1,132768
7290019056119,false,שוופס סודה 1.5ליטר,,,שוופס סודה 1.5ליטר,מיליליטרים,1500.00,"100 מ""ל",false,,4.20,0.0028,true,1,132755
7290019056133,false,שוופס סודה נענע ליים,,,שוופס סודה נענע ליים,מיליליטרים,1500.00,"100 מ""ל",false,,4.20,0.0028,true,1,132843
7290019056164,false,שוופס סודה מארז 4*1.,קריות זול,,שוופס סודה מארז 4*1.,מיליליטרים,6000.00,"100 מ""ל",false,,12.90,0.0021,true,1,132811
7290019056171,false,שוופס סודה לימון מאר,קריות זול,,שוופס סודה לימון מאר,מיליליטרים,6000.00,"100 מ""ל",false,,12.90,0.0021,true,1,132816
7290019056188,false,שוופס סודה נענע ליים,קריות זול,,שוופס סודה נענע ליים,מיליליטרים,6000.00,"100 מ""ל",false,,12.90,0.0021,true,1,132817
7290019056201,false,שוופס סודה פירות יער,קריות זול,,שוופס סודה פירות יער,מיליליטרים,6000.00,"100 מ""ל",false,,12.90,0.0021,true,1,132819
7290019056232,false,שוופס ליים מוחיטו 1.,,,שוופס ליים מוחיטו 1.,מיליליטרים,1500.00,"100 מ""ל",false,,9.90,0.0066,true,1,132781
7290019056249,false,שוופס וואטר ענבים 1.,,,שוופס וואטר ענבים 1.,מיליליטרים,1500.00,"100 מ""ל",false,,8.90,0.0059,true,1,132801
7290019056256,false,שוופס וואטר תפוח 1.5,,,שוופס וואטר תפוח 1.5,מיליליטרים,1500.00,"100 מ""ל",false,,8.90,0.0059,true,1,132802
7290019056263,false,שוופס וואטר אפרסק 1.,,,שוופס וואטר אפרסק 1.,מיליליטרים,1500.00,"100 מ""ל",false,,8.90,0.0059,true,1,132803
7290019056270,false,שוופס וואטר פירות יע,,,שוופס וואטר פירות יע,מיליליטרים,1500.00,"100 מ""ל",false,,8.90,0.0059,true,1,132804
7290019056287,false,שוופס וואטר אפס קלור,,,שוופס וואטר אפס קלור,מיליליטרים,1500.00,"100 מ""ל",false,,8.90,0.0059,true,1,132805
7290019056294,false,שוופס ג'ינג'ר אייל 1,קריות זול,,שוופס ג'ינג'ר אייל 1,מיליליטרים,1500.00,"100 מ""ל",false,,13.90,0.0093,true,1,132812
7290019056300,false,שוופס ביטר לימון 1.5,קריות זול,,שוופס ביטר לימון 1.5,מיליליטרים,1500.00,"100 מ""ל",false,,13.90,0.0093,true,1,132813
7290019056324,false,שוופס מי טוניק 1.5לי,קריות זול,,שוופס מי טוניק 1.5לי,מיליליטרים,1500.00,"100 מ""ל",false,,13.90,0.0093,true,1,132810
7290019056331,false,שוופס מי טוניק ללא ס,קריות זול,,שוופס מי טוניק ללא ס,מיליליטרים,1500.00,"100 מ""ל",false,,13.90,0.0093,true,1,132815
7290019056355,false,תפוזינה לימונענע 1.5,קריות זול,,תפוזינה לימונענע 1.5,מיליליטרים,1500.00,"100 מ""ל",false,,9.90,0.0066,true,1,132765
7290019056362,false,תפוזינה ענבים 1.5ליט,קריות זול,,תפוזינה ענבים 1.5ליט,מיליליטרים,1500.00,"100 מ""ל",false,,9.90,0.0066,true,1,132756
7290019056379,false,תפוזינה תפוזים 1.5לי,קריות זול,,תפוזינה תפוזים 1.5לי,מיליליטרים,1500.00,"100 מ""ל",false,,9.90,0.0066,true,1,132757
7290019056386,false,תפוזינה אשכוליות 1.5,קריות זול,,תפוזינה אשכוליות 1.5,מיליליטרים,1500.00,"100 מ""ל",false,,9.90,0.0066,true,1,132758
7290019056393,false,תפוזינה תות בננה 1.5,קריות זול,,תפוזינה תות בננה 1.5,מיליליטרים,1500.00,"100 מ""ל",false,,9.90,0.0066,true,1,132759
7290019056409,false,תפוזינה מנגו עסיסי 1,קריות זול,,תפוזינה מנגו עסיסי 1,מיליליטרים,1500.00,"100 מ""ל",false,,9.90,0.0066,true,1,132760
7290019056416,false,תפוזינה לימונים 1.5ל,קריות זול,,תפוזינה לימונים 1.5ל,מיליליטרים,1500.00,"100 מ""ל",false,,9.90,0.0066,true,1,132761
7290019056423,false,תפוזינה תפוח רענן 1.,קריות זול,,תפוזינה תפוח רענן 1.,מיליליטרים,1500.00,"100 מ""ל",false,,9.90,0.0066,true,1,132762
7290019056430,false,תפוזינה דיאט תפוזים,קריות זול,,תפוזינה דיאט תפוזים,מיליליטרים,1500.00,"100 מ""ל",false,,9.90,0.0066,true,1,132763
7290019056447,false,תפוזינה דיאט אשכוליו,קריות זול,,תפוזינה דיאט אשכוליו,מיליליטרים,1500.00,"100 מ""ל",false,,9.90,0.0066,true,1,132764
7290019056454,false,אר.סי קולה 1.5ליטר,,,אר.סי קולה 1.5ליטר,מיליליטרים,1500.00,"100 מ""ל",false,,6.90,0.0046,true,1,132780
7290019056461,false,אר.סי קולה שישייה 6*,קריות זול,,אר.סי קולה שישייה 6*,מיליליטרים,9000.00,"100 מ""ל",false,,39.90,0.0044,true,1,132782
7290019056478,false,ספרינג טי קר אפרסק 1,קריות זול,,ספרינג טי קר אפרסק 1,מיליליטרים,1500.00,"100 מ""ל",false,,9.90,0.0066,true,1,132806
7290019056485,false,ספרינג טי קר לימון ל,קריות זול,,ספרינג טי קר לימון ל,מיליליטרים,1500.00,"100 מ""ל",false,,9.90,0.0066,true,1,132807
7290019056508,false,משקה וואטר פרוט ענבי,,,משקה וואטר פרוט ענבי,מיליליטרים,1500.00,"100 מ""ל",false,,8.90,0.0059,true,1,132783
7290019056515,false,משקה וואטר פרוט אננס,,,משקה וואטר פרוט אננס,מיליליטרים,1500.00,"100 מ""ל",false,,8.90,0.0059,true,1,132784
7290019056522,false,משקה וואטר פרוט תות,,,משקה וואטר פרוט תות,מיליליטרים,1500.00,"100 מ""ל",false,,8.90,0.0059,true,1,132785
7290019056539,false,משקה וואטר פרוט אפרס,,,משקה וואטר פרוט אפרס,מיליליטרים,1500.00,"100 מ""ל",false,,8.90,0.0059,true,1,132786
7290019056546,false,משקה וואטר פרוט אבטי,,,משקה וואטר פרוט אבטי,מיליליטרים,1500.00,"100 מ""ל",false,,8.90,0.0059,true,1,132787
7290019056553,false,עין גדי מים מינרלים,קריות זול,,עין גדי מים מינרלים,מיליליטרים,12000.00,"100 מ""ל",false,,13.80,0.0012,true,1,132742
7290019056560,false,עין גדי 2ליטר,,,עין גדי 2ליטר,מיליליטרים,2000.00,"100 מ""ל",false,,3.30,0.0016,true,1,132743
7290019056577,false,ספרינג מנגו 1.5ליטר,קריות זול,,ספרינג מנגו 1.5ליטר,מיליליטרים,1500.00,"100 מ""ל",false,,9.90,0.0066,true,1,132744
7290019056584,false,ספרינג תפוזים 1.5ליט,קריות זול,,ספרינג תפוזים 1.5ליט,מיליליטרים,1500.00,"100 מ""ל",false,,9.90,0.0066,true,1,132745
7290019056591,false,ספרינג ענבים 1.5ליטר,,,ספרינג ענבים 1.5ליטר,מיליליטרים,1500.00,"100 מ""ל",false,,9.90,0.0066,true,1,132750
7290019056607,false,ספרינג תפוחים 1.5ליט,קריות זול,,ספרינג תפוחים 1.5ליט,מיליליטרים,1500.00,"100 מ""ל",false,,9.90,0.0066,true,1,132746
7290019056614,false,ספרינג אפרסק 1.5ליטר,קריות זול,,ספרינג אפרסק 1.5ליטר,מיליליטרים,1500.00,"100 מ""ל",false,,9.90,0.0066,true,1,132747
7290019056621,false,ספרינג פירות טרופיים,קריות זול,,ספרינג פירות טרופיים,מיליליטרים,1500.00,"100 מ""ל",false,,9.90,0.0066,true,1,132751
7290019056638,false,ספרינג תות בננה 1.5ל,קריות זול,,ספרינג תות בננה 1.5ל,מיליליטרים,1500.00,"100 מ""ל",false,,9.90,0.0066,true,1,132752
7290019056645,false,ספרינג אגס סברס תפוח,קריות זול,,ספרינג אגס סברס תפוח,מיליליטרים,1500.00,"100 מ""ל",false,,9.90,0.0066,true,1,132753
7290019056652,false,ספרינג אננס בננה 1.5,,,ספרינג אננס בננה 1.5,מיליליטרים,1500.00,"100 מ""ל",false,,9.90,0.0066,true,1,132754
7290019056669,false,ספרינג תפוחים דיאט 1,קריות זול,,ספרינג תפוחים דיאט 1,מיליליטרים,1500.00,"100 מ""ל",false,,9.90,0.0066,true,1,132748
7290019056676,false,ספרינג דיאט אשכוליות,קריות זול,,ספרינג דיאט אשכוליות,מיליליטרים,1500.00,"100 מ""ל",false,,9.90,0.0066,true,1,132749
7290019056720,false,קריסטל מיץ ענבים 2 ל,קריות זול,,קריסטל מיץ ענבים 2 ל,מיליליטרים,2000.00,"100 מ""ל",false,,7.90,0.0039,true,1,132789
7290019056737,false,קריסטל מיץ אשכוליות,קריות זול,,קריסטל מיץ אשכוליות,מיליליטרים,2000.00,"100 מ""ל",false,,7.90,0.0039,true,1,132790
7290019056744,false,קריסטל מיץ תפוזים 2,קריות זול,,קריסטל מיץ תפוזים 2,מיליליטרים,2000.00,"100 מ""ל",false,,7.90,0.0039,true,1,132791
7290019056751,false,קריסטל דיאט מיץ אשכו,קריות זול,,קריסטל דיאט מיץ אשכו,מיליליטרים,2000.00,"100 מ""ל",false,,7.90,0.0039,true,1,132799
7290019056768,false,קריסטל מיץ מנגו 2 לי,קריות זול,,קריסטל מיץ מנגו 2 לי,מיליליטרים,2000.00,"100 מ""ל",false,,7.90,0.0039,true,1,132792
7290019056775,false,קריסטל ענבים 2 ליטר,קריות זול,,קריסטל ענבים 2 ליטר,מיליליטרים,2000.00,"100 מ""ל",false,,7.90,0.0039,true,1,132793
7290019056782,false,קריסטל למון ליים 2 ל,קריות זול,,קריסטל למון ליים 2 ל,מיליליטרים,2000.00,"100 מ""ל",false,,7.90,0.0039,true,1,132794
7290019056799,false,קריסטל אקזוטי 2ליטר,קריות זול,,קריסטל אקזוטי 2ליטר,מיליליטרים,2000.00,"100 מ""ל",false,,7.90,0.0039,true,1,132800
7290019056805,false,קריסטל תפוח 2 ליטר,קריות זול,,קריסטל תפוח 2 ליטר,מיליליטרים,2000.00,"100 מ""ל",false,,7.90,0.0039,true,1,132795
7290019056812,false,קריסטל מנטה 2 ליטר,קריות זול,,קריסטל מנטה 2 ליטר,מיליליטרים,2000.00,"100 מ""ל",false,,7.90,0.0039,true,1,132796
7290019056829,false,קריסטל אורנג' 2 ליטר,קריות זול,,קריסטל אורנג' 2 ליטר,מיליליטרים,2000.00,"100 מ""ל",false,,7.90,0.0039,true,1,132797
7290019056836,false,קריסטל תות 2 ליטר,קריות זול,,קריסטל תות 2 ליטר,מיליליטרים,2000.00,"100 מ""ל",false,,7.90,0.0039,true,1,132798
7290019056843,false,קריסטל קולה 2 ליטר,קריות זול,,קריסטל קולה 2 ליטר,מיליליטרים,2000.00,"100 מ""ל",false,,7.90,0.0039,true,1,132788
7290019056850,false,ספרינג טי דיאט אפרסק,קריות זול,,ספרינג טי דיאט אפרסק,מיליליטרים,1500.00,"100 מ""ל",false,,9.90,0.0066,true,1,132809
7290019056959,false,מי עדן 1.5ליטר,,,מי עדן 1.5ליטר,מיליליטרים,1500.00,"100 מ""ל",false,,3.30,0.0022,true,1,132740
7290019056966,false,מי עדן 1.5ליטר,,,מי עדן 1.5ליטר,מיליליטרים,1500.00,"100 מ""ל",false,,3.30,0.0022,true,1,132908
7290019056973,false,מי עדן שישייה 6*1.5,קריות זול,,מי עדן שישייה 6*1.5,מיליליטרים,9000.00,"100 מ""ל",false,,13.70,0.0015,true,1,132741
7290019153078,false,שוופס ביטר לימון  לי,קריות זול,,שוופס ביטר לימון  לי,מיליליטרים,1500.00,"100 מ""ל",false,,13.90,0.0093,true,1,133351
7290019153085,false,שוופס מוחיטו ללא סוכ,,,שוופס מוחיטו ללא סוכ,מיליליטרים,1500.00,"100 מ""ל",false,,8.90,0.0059,true,1,133303
7290019153269,false,שוופס סודה אננס מארז,קריות זול,,שוופס סודה אננס מארז,מיליליטרים,6000.00,"100 מ""ל",false,,12.90,0.0021,true,1,134182
7290019153375,false,תפוזינה מוחיטו 1.5 ל,קריות זול,,תפוזינה מוחיטו 1.5 ל,מיליליטרים,1500.00,"100 מ""ל",false,,9.90,0.0066,true,1,134383
7290019153566,false,ספרינג רימון אוכמניו,קריות זול,,ספרינג רימון אוכמניו,מיליליטרים,1500.00,"100 מ""ל",false,,9.90,0.0066,true,1,135003
7290019204008,false,עוף טוב פסטרמה ארבעה,קריות זול,,עוף טוב פסטרמה ארבעה,גרמים,350.00,100 גרם,false,,24.90,0.0711,true,1,135032
7290019204107,false,עוף טוב פסטרמה בטעם,קריות זול,,עוף טוב פסטרמה בטעם,גרמים,320.00,100 גרם,false,,24.90,0.0778,true,1,135033
7290019204206,false,עוף טוב פסטרמה בסגנו,קריות זול,,עוף טוב פסטרמה בסגנו,גרמים,320.00,100 גרם,false,,24.90,0.0778,true,1,135034
7290019204305,false,עוף טוב פסטרמה ברביק,קריות זול,,עוף טוב פסטרמה ברביק,גרמים,350.00,100 גרם,false,,24.90,0.0711,true,1,135035
7290019204404,false,עוף טוב קורנביף נתח,קריות זול,,עוף טוב קורנביף נתח,גרמים,220.00,100 גרם,false,,24.90,0.1132,true,1,135037
7290019232155,false,תה ירוק קמומיל לבנדר,,,תה ירוק קמומיל לבנדר,יח',25.00,יח',false,,26.90,1.0760,true,1,135629
7290019232162,false,תה ירוק קמומיל מליסה,,,תה ירוק קמומיל מליסה,יח',25.00,יח',false,,26.90,1.0760,true,1,135630
7290019232834,false,בייגלה מצופה עוגיות,,,בייגלה מצופה עוגיות,גרמים,140.00,100 גרם,false,,9.90,0.0707,true,1,134384
7290019233039,false,זיתא  רוטב לשקשוקה ק,,,זיתא  רוטב לשקשוקה ק,גרמים,420.00,100 גרם,false,,14.90,0.0355,true,1,135565
7290019297239,false,צימוק חום 330גר קופס,,,צימוק חום 330גר קופס,גרמים,330.00,100 גרם,false,,16.90,0.0512,true,1,64541
7290019297406,false,מעדן דובדבן שקדיה 10,,,מעדן דובדבן שקדיה 10,גרמים,284.00,100 גרם,false,,11.90,0.0419,true,1,66823
7290019297437,false,מעדן אוכמניות שקדיה,,,מעדן אוכמניות שקדיה,גרמים,284.00,100 גרם,false,,11.90,0.0419,true,1,66826
7290019297543,false,חמאת בוטנים 510גרם,,,חמאת בוטנים 510גרם,גרמים,510.00,100 גרם,false,,10.90,0.0214,true,1,99021
7290055090801,false,שוקולד לבן ללא סוכר,,,שוקולד לבן ללא סוכר,גרמים,85.00,100 גרם,false,,6.90,0.0812,true,1,70192
7290100240144,false,בדין תרסיס ורוד למיי,,,בדין תרסיס ורוד למיי,מיליליטרים,500.00,"100 מ""ל",false,,19.90,0.0398,true,1,36853
7290100240632,false,פתית 6 דגנים 250 גרם,,,פתית 6 דגנים 250 גרם,גרמים,250.00,100 גרם,false,,18.90,0.0756,true,1,36861
7290100240656,false,פתית שיפון 300גר,,,פתית שיפון 300גר,גרמים,300.00,100 גרם,false,,18.90,0.0630,true,1,36862
7290100243671,false,בדין אקסטרא כחול 960,,,בדין אקסטרא כחול 960,מיליליטרים,960.00,"100 מ""ל",false,,17.90,0.0186,true,1,36918
7290100245231,false,נמס בכוס קנור ועוד ט,,,נמס בכוס קנור ועוד ט,גרמים,50.00,100 גרם,false,,6.90,0.1380,true,1,36957
7290100249659,false,רוטב לעוף צילי שום ק,,,רוטב לעוף צילי שום ק,גרמים,320.00,100 גרם,false,,14.90,0.0466,true,1,37065
7290100412343,false,קוויק מגבונים לניקוי,,,קוויק מגבונים לניקוי,יחידה,0.00,יחידה,false,,8.90,0.0000,true,1,70702
7290100412442,false,קוויק מגבונים לניקוי,,,קוויק מגבונים לניקוי,יחידה,0.00,יחידה,false,,8.90,0.0000,true,1,70704
7290100412466,false,קוויק מגבונים לניקוי,,,קוויק מגבונים לניקוי,יחידה,0.00,יחידה,false,,10.90,0.0000,true,1,110251
7290100412770,false,"תחליב רחצה ד""ר עור ק",,,"תחליב רחצה ד""ר עור ק",מיליליטרים,700.00,"100 מ""ל",false,,15.90,0.0227,true,1,94185
7290100413593,false,קוויק מטליות XL בניח,,,קוויק מטליות XL בניח,יחידה,0.00,יחידה,false,,8.90,0.0000,true,1,87278
7290100680650,false,מנה חמה אסם נודלס-אט,,,מנה חמה אסם נודלס-אט,גרמים,76.00,100 גרם,false,,6.90,0.0908,true,1,34449
7290100680667,false,מנה חמה אסם נודלס-אט,,,מנה חמה אסם נודלס-אט,גרמים,76.00,100 גרם,false,,6.90,0.0908,true,1,34450
7290100680711,false,פירורית זהב שקית אסם,,,פירורית זהב שקית אסם,גרמים,350.00,100 גרם,false,,9.90,0.0283,true,1,34452
7290100681015,false,פודינג ריבת חלב אסם,,,פודינג ריבת חלב אסם,גרמים,84.00,100 גרם,false,,5.90,0.0702,true,1,34455
7290100681138,false,אפרופו מארז אסם 3*50,קריות זול,,אפרופו מארז אסם 3*50,גרמים,150.00,100 גרם,false,,12.90,0.0860,true,1,34458
7290100683880,false,תערובת להכנת פירה אס,,,תערובת להכנת פירה אס,גרמים,260.00,100 גרם,false,,15.50,0.0596,true,1,34485
7290100685136,false,*מבצע* מרק טעם עוף 1,,,*מבצע* מרק טעם עוף 1,גרמים,1000.00,100 גרם,false,,12.00,0.0120,true,1,34495
7290100685242,false,במבה תות על סרט אסם,,,במבה תות על סרט אסם,גרמים,30.00,100 גרם,false,,2.90,0.0967,true,1,34497
7290100685334,false,*מבצע* מרק עוף רכיבי,קריות זול,,*מבצע* מרק עוף רכיבי,גרמים,400.00,100 גרם,false,,21.90,0.0547,true,1,34498
7290100685341,false,*מבצע* מרק טעם עוף ז,,,*מבצע* מרק טעם עוף ז,גרמים,400.00,100 גרם,false,,16.90,0.0422,true,1,34499
7290100686171,false,ביסלי גריל מארז אסם,,,ביסלי גריל מארז אסם,גרמים,210.00,100 גרם,false,,14.90,0.0710,true,1,34511
7290100687109,false,במבה במילוי קרם נוגט,,,במבה במילוי קרם נוגט,גרמים,60.00,100 גרם,false,,4.90,0.0817,true,1,34517
7290100689301,false,מרק בטעם עוף זך אסם,,,מרק בטעם עוף זך אסם,גרמים,400.00,100 גרם,false,,15.90,0.0398,true,1,34535
7290100700020,false,גריסי פנינה סוגת 500,,,גריסי פנינה סוגת 500,גרמים,500.00,100 גרם,false,,6.90,0.0138,true,1,40711
7290100700075,false,פירורי לחם מוזהבים ס,,,פירורי לחם מוזהבים ס,גרמים,200.00,100 גרם,false,,4.90,0.0245,true,1,40713
7290100700242,false,אורז מלא עגול סוגת 1,,,אורז מלא עגול סוגת 1,גרמים,1000.00,100 גרם,false,,9.90,0.0099,true,1,40714
7290100700273,false,קינואה סוגת 500 גר,,,קינואה סוגת 500 גר,גרמים,500.00,100 גרם,false,,15.90,0.0318,true,1,40715
7290100700372,false,אורז בסמטי מלא סוגת,,,אורז בסמטי מלא סוגת,גרמים,1000.00,100 גרם,false,,12.90,0.0129,true,1,40717
7290100700389,false,אורז אדום סוגת 1קג,קריות זול,,אורז אדום סוגת 1קג,גרמים,1000.00,100 גרם,false,,15.90,0.0159,true,1,46814
7290100700396,false,אורז יסמין קלאסי סוג,קריות זול,,אורז יסמין קלאסי סוג,גרמים,1000.00,100 גרם,false,,12.90,0.0129,true,1,40718
7290100700563,false,אורז מיקס סוגת 1קג,קריות זול,,אורז מיקס סוגת 1קג,גרמים,1000.00,100 גרם,false,,15.50,0.0155,true,1,47725
7290100700587,false,בורגול סוגת 500 גר,,,בורגול סוגת 500 גר,גרמים,500.00,100 גרם,false,,6.90,0.0138,true,1,40720
7290100701126,false,שעועית מש סוגת 500גר,,,שעועית מש סוגת 500גר,גרמים,500.00,100 גרם,false,,10.90,0.0218,true,1,68659
7290100701140,false,אורז ארבוריו סוגת 1ק,,,אורז ארבוריו סוגת 1ק,גרמים,1000.00,100 גרם,false,,15.90,0.0159,true,1,40721
7290100701157,false,אורז להכנת סושי סוגת,,,אורז להכנת סושי סוגת,גרמים,1000.00,100 גרם,false,,14.90,0.0149,true,1,53713
7290100701454,false,גרישה סוגת 500גר,,,גרישה סוגת 500גר,גרמים,500.00,100 גרם,false,,6.90,0.0138,true,1,40722
7290100702260,false,קוסקוס דק סוגת 350 ג,,,קוסקוס דק סוגת 350 ג,גרמים,350.00,100 גרם,false,,6.90,0.0197,true,1,58414
7290100702277,false,קוסקוס עבה סוגת 350,,,קוסקוס עבה סוגת 350,גרמים,350.00,100 גרם,false,,6.90,0.0197,true,1,58415
7290100702284,false,קוסקוס מלא סוגת 350,,,קוסקוס מלא סוגת 350,גרמים,350.00,100 גרם,false,,6.90,0.0197,true,1,60896
7290100702611,false,פתיתים אפויים אורז ס,,,פתיתים אפויים אורז ס,גרמים,500.00,100 גרם,false,,6.90,0.0138,true,1,61597
7290100702628,false,פתיתים אפויים קוסקוס,,,פתיתים אפויים קוסקוס,גרמים,500.00,100 גרם,false,,6.90,0.0138,true,1,61598
7290100702635,false,פתיתים אפויים כוכבים,,,פתיתים אפויים כוכבים,גרמים,500.00,100 גרם,false,,6.90,0.0138,true,1,61599
7290100702642,false,פתיתים אפויים טבעות,,,פתיתים אפויים טבעות,גרמים,500.00,100 גרם,false,,6.90,0.0138,true,1,61600
7290100702666,false,פתיתים אפויים עם בצל,,,פתיתים אפויים עם בצל,גרמים,400.00,100 גרם,false,,6.90,0.0173,true,1,61602
7290100702673,false,פתיתים אפויים 3 צבעי,,,פתיתים אפויים 3 צבעי,גרמים,400.00,100 גרם,false,,6.90,0.0173,true,1,61603
7290100702987,false,פתיתי שיבולת שועל סו,,,פתיתי שיבולת שועל סו,גרמים,500.00,100 גרם,false,,5.90,0.0118,true,1,69198
7290100703007,false,עדשים שחורות בלוגה ס,,,עדשים שחורות בלוגה ס,גרמים,500.00,100 גרם,false,,8.90,0.0178,true,1,86041
7290100703564,false,פתיתי שיבולת שועל עב,,,פתיתי שיבולת שועל עב,גרמים,500.00,100 גרם,false,,5.90,0.0118,true,1,86037
7290100703632,false,קמח חיטה מלא ללא צור,,,קמח חיטה מלא ללא צור,גרמים,1000.00,100 גרם,false,,8.90,0.0089,true,1,94719
7290100703649,false,קמח חיטה 80% ללא צור,,,קמח חיטה 80% ללא צור,גרמים,1000.00,100 גרם,false,,8.90,0.0089,true,1,94678
7290100703670,false,קמח כוסמין מלא ללא צ,,,קמח כוסמין מלא ללא צ,גרמים,1000.00,100 גרם,false,,13.90,0.0139,true,1,94680
7290100703687,false,קמח חלה ללא צורך ניפ,,,קמח חלה ללא צורך ניפ,גרמים,1000.00,100 גרם,false,,8.90,0.0089,true,1,94681
7290100703922,false,פופקורן למיקרו מארז,,,פופקורן למיקרו מארז,גרמים,90.00,100 גרם,false,,10.90,0.1211,true,1,94008
7290100704660,false,קינואה מיקס סוגת 500,,,קינואה מיקס סוגת 500,גרמים,500.00,100 גרם,false,,15.90,0.0318,true,1,130619
7290100850909,false,דוריטוס נאצו מקסיקני,,,דוריטוס נאצו מקסיקני,גרמים,70.00,100 גרם,false,,3.90,0.0557,true,1,37471
7290100850916,false,דוריטוס חמוץ חריף 70,,,דוריטוס חמוץ חריף 70,גרמים,70.00,100 גרם,false,,3.90,0.0557,true,1,37472
7290100850923,false,דוריטוס גריל 70גר,,,דוריטוס גריל 70גר,גרמים,70.00,100 גרם,false,,3.90,0.0557,true,1,37473
7290100850930,false,דוריטוס דיפ טבעי 70ג,,,דוריטוס דיפ טבעי 70ג,גרמים,70.00,100 גרם,false,,3.90,0.0557,true,1,37474
7290100858592,false,קקאו עלית 150גר,,,קקאו עלית 150גר,גרמים,150.00,100 גרם,false,,10.90,0.0727,true,1,42373
7290100921418,false,הוואי מרכך קרטין מחז,,,הוואי מרכך קרטין מחז,מיליליטרים,700.00,"100 מ""ל",false,,13.90,0.0199,true,1,63891
7290100921760,false,הוואי שמפו ספורט 700,,,הוואי שמפו ספורט 700,מיליליטרים,700.00,"100 מ""ל",false,,13.90,0.0199,true,1,63892
7290100924204,false,פרסיל אבקת כביסה 8קג,,,פרסיל אבקת כביסה 8קג,קילוגרמים,8.00,"ק""ג",false,,49.90,6.2375,true,1,65234
7290100924457,false,כדוריות סוד סבון לאס,,,כדוריות סוד סבון לאס,גרמים,0.00,גרם,false,,16.90,0.0000,true,1,131315
7290100925751,false,סוד נוזל לכלים תפוח,,,סוד נוזל לכלים תפוח,מיליליטרים,650.00,"100 מ""ל",false,,6.90,0.0106,true,1,85072
7290100926598,false,פרסיל אבקת כביסה 5קג,,,פרסיל אבקת כביסה 5קג,קילוגרמים,5.00,"ק""ג",false,,44.90,8.9800,true,1,46631
7290100928516,false,סוד ג'ל לכביסה ביד 1,,,סוד ג'ל לכביסה ביד 1,מיליליטרים,1000.00,"100 מ""ל",false,,14.90,0.0149,true,1,57182
7290101110279,false,בליסימו גלידה בטעם ש,,,בליסימו גלידה בטעם ש,מיליליטרים,1300.00,"100 מ""ל",false,,19.90,0.0153,true,1,129785
7290101110460,false,בליסימו גלידה בטעם ו,,,בליסימו גלידה בטעם ו,מיליליטרים,1300.00,"100 מ""ל",false,,19.90,0.0153,true,1,129782
7290101110811,false,גלידל חלבי מאגדת בטע,,,גלידל חלבי מאגדת בטע,יח',8.00,יח',false,,29.90,3.7375,true,1,129774
7290101112228,false,גלידל פרי מאגדת בטעם,,,גלידל פרי מאגדת בטעם,יח',8.00,יח',false,,22.90,2.8625,true,1,129767
7290101112600,false,בליסימו גלידה בטעם מ,,,בליסימו גלידה בטעם מ,מיליליטרים,1300.00,"100 מ""ל",false,,19.90,0.0153,true,1,129788
7290101112921,false,גלידל פרי מאגדת בטעם,,,גלידל פרי מאגדת בטעם,יח',8.00,יח',false,,22.90,2.8625,true,1,129768
7290101486688,false,פרי חטיף דגנים עם שו,,,פרי חטיף דגנים עם שו,גרמים,100.00,100 גרם,false,,18.90,0.1890,true,1,38523
7290101488286,false,ליידי ספיד סטיק 24/7,,,ליידי ספיד סטיק 24/7,מיליליטרים,150.00,"100 מ""ל",false,,14.90,0.0993,true,1,38540
7290101551027,false,קפסולות מס'14,,,קפסולות מס'14,גרמים,50.00,100 גרם,false,,18.90,0.3780,true,1,95192
7290101551263,false,*מבצע* סילאן טבעי יד,,,*מבצע* סילאן טבעי יד,גרמים,700.00,100 גרם,false,,20.90,0.0299,true,1,94120
7290101551539,false,דנונה פרו אפרסק 20 ג,,,דנונה פרו אפרסק 20 ג,גרמים,200.00,100 גרם,false,,6.30,0.0315,true,1,94251
7290101551584,false,תפוציפס קידס מארז 10,,,תפוציפס קידס מארז 10,גרמים,200.00,100 גרם,false,,12.90,0.0645,true,1,94801
7290101551638,false,ציטוס כאפה אפוי מארז,,,ציטוס כאפה אפוי מארז,גרמים,200.00,100 גרם,false,,12.90,0.0645,true,1,94798
7290101864127,false,קליה אוקסי ספריי 750,,,קליה אוקסי ספריי 750,מיליליטרים,750.00,"100 מ""ל",false,,23.90,0.0319,true,1,44512
7290101866633,false,קליה גל ורוד 3ליטר,,,קליה גל ורוד 3ליטר,מיליליטרים,3000.00,"100 מ""ל",false,,29.90,0.0100,true,1,54081
7290101866787,false,קליה גל לבן 3ליטר,,,קליה גל לבן 3ליטר,מיליליטרים,3000.00,"100 מ""ל",false,,29.90,0.0100,true,1,55393
7290101868958,false,פיניש נוזל הברקה למד,,,פיניש נוזל הברקה למד,מיליליטרים,800.00,"100 מ""ל",false,,19.90,0.0249,true,1,65134
7290101869733,false,פיניש ג'ל למדיח לימו,,,פיניש ג'ל למדיח לימו,מיליליטרים,1000.00,"100 מ""ל",false,,45.90,0.0459,true,1,66750
7290101869788,false,איירוויק מילוי מבשם,,,איירוויק מילוי מבשם,מיליליטרים,250.00,"100 מ""ל",false,,19.90,0.0796,true,1,86877
7290101869795,false,איירוויק מילוי מבשם,,,איירוויק מילוי מבשם,מיליליטרים,250.00,"100 מ""ל",false,,19.90,0.0796,true,1,86878
7290101869825,false,איירוויק מילוי מבשם,,,איירוויק מילוי מבשם,מיליליטרים,19.00,"100 מ""ל",false,,17.90,0.9421,true,1,98885
7290102030330,false,תפוציפס קראנץ מקסיקנ,,,תפוציפס קראנץ מקסיקנ,גרמים,200.00,100 גרם,false,,10.90,0.0545,true,1,37484
7290102031276,false,אקטימל תות בננה 8*10,,,אקטימל תות בננה 8*10,מיליליטרים,800.00,"100 מ""ל",false,,21.90,0.0274,true,1,42400
7290102390427,false,מולר פרופ תות 3% 150,,,מולר פרופ תות 3% 150,גרמים,150.00,100 גרם,false,,5.50,0.0367,true,1,37821
7290102390465,false,מולר פרופ אפרסק פסיפ,,,מולר פרופ אפרסק פסיפ,גרמים,150.00,100 גרם,false,,5.50,0.0367,true,1,37823
7290102390489,false,מולר פרופ לימון 3% 1,,,מולר פרופ לימון 3% 1,גרמים,150.00,100 גרם,false,,5.50,0.0367,true,1,37824
7290102391844,false,מולר פרופ לבן+קציפת,,,מולר פרופ לבן+קציפת,גרמים,150.00,100 גרם,false,,5.50,0.0367,true,1,37850
7290102392094,false,חלב עיזים צוריאל 1ל,,,חלב עיזים צוריאל 1ל,מיליליטרים,1000.00,"100 מ""ל",false,,17.90,0.0179,true,1,37858
7290102393039,false,מולר מיקס בתוספת פצפ,קריות זול,,מולר מיקס בתוספת פצפ,גרמים,150.00,100 גרם,false,,6.40,0.0427,true,1,37912
7290102393169,false,מולר סימפלי פרוט תות,,,מולר סימפלי פרוט תות,גרמים,150.00,100 גרם,false,,5.50,0.0367,true,1,37922
7290102393176,false,מולר סימפלי פרוט אפר,,,מולר סימפלי פרוט אפר,גרמים,150.00,100 גרם,false,,5.50,0.0367,true,1,37923
7290102393190,false,מולר סימפלי פרוט פיר,,,מולר סימפלי פרוט פיר,גרמים,150.00,100 גרם,false,,5.50,0.0367,true,1,37925
7290102393268,false,גבינה לבנה 5% 750גר,,,גבינה לבנה 5% 750גר,גרמים,750.00,100 גרם,false,,14.94,0.0199,true,1,37929
7290102393299,false,יוגורט עיזים לשתייה,,,יוגורט עיזים לשתייה,מיליליטרים,500.00,"100 מ""ל",false,,14.50,0.0290,true,1,37930
7290102393718,false,חלומי חלב בקר צוריאל,,,חלומי חלב בקר צוריאל,גרמים,200.00,100 גרם,false,,23.50,0.1175,true,1,37949
7290102393947,false,מולר סימפלי פרוט קיו,,,מולר סימפלי פרוט קיו,גרמים,150.00,100 גרם,false,,5.50,0.0367,true,1,53217
7290102394081,false,מולר מיקס קורנפקלס מ,,,מולר מיקס קורנפקלס מ,יחידה,0.00,יחידה,false,,6.40,0.0000,true,1,53220
7290102394463,false,גבינה צהובה נעם ואקו,,,גבינה צהובה נעם ואקו,גרמים,500.00,100 גרם,false,,29.90,0.0598,true,1,61460
7290102394821,false,גבינה צהובה נעם דק ד,,,גבינה צהובה נעם דק ד,גרמים,200.00,100 גרם,false,,17.90,0.0895,true,1,56582
7290102394845,false,גבינה צהובה נעם דק ד,,,גבינה צהובה נעם דק ד,גרמים,200.00,100 גרם,false,,18.90,0.0945,true,1,56584
7290102395224,false,מולר נטורל 1.7% מארז,,,מולר נטורל 1.7% מארז,גרמים,1200.00,100 גרם,false,,19.50,0.0163,true,1,58794
7290102395231,false,מולר נטורל 2.8% מארז,,,מולר נטורל 2.8% מארז,גרמים,1200.00,100 גרם,false,,19.50,0.0163,true,1,58795
7290102395446,false,מוו וניל קצפת 123גר,,,מוו וניל קצפת 123גר,גרמים,123.00,100 גרם,false,,3.20,0.0260,true,1,60272
7290102395477,false,מוו שוקולד קצפת 123ג,,,מוו שוקולד קצפת 123ג,גרמים,123.00,100 גרם,false,,3.20,0.0260,true,1,60275
7290102395521,false,שמנת לבישול 15% 500מ,,,שמנת לבישול 15% 500מ,מיליליטרים,500.00,"100 מ""ל",false,,18.50,0.0370,true,1,63980
7290102396399,false,מוו מעדן שוקולד מארז,,,מוו מעדן שוקולד מארז,גרמים,800.00,100 גרם,false,,14.90,0.0186,true,1,64805
7290102396405,false,מוו מעדן וניל מארז 8,,,מוו מעדן וניל מארז 8,גרמים,800.00,100 גרם,false,,14.90,0.0186,true,1,64806
7290102396436,false,מוו מעדן חלב בטעם שו,,,מוו מעדן חלב בטעם שו,גרמים,125.00,100 גרם,false,,3.20,0.0256,true,1,64557
7290102396443,false,מוו מעדן חלב בטעם ונ,,,מוו מעדן חלב בטעם ונ,גרמים,125.00,100 גרם,false,,3.20,0.0256,true,1,64558
7290102396580,false,מוו שוקולד ומוס שוקו,,,מוו שוקולד ומוס שוקו,גרמים,118.00,100 גרם,false,,3.20,0.0271,true,1,64801
7290102396597,false,מוו וניל ומוס שוקולד,,,מוו וניל ומוס שוקולד,גרמים,118.00,100 גרם,false,,3.20,0.0271,true,1,64802
7290102396665,false,גבינה צהובה נעם 15%,,,גבינה צהובה נעם 15%,גרמים,200.00,100 גרם,false,,17.90,0.0895,true,1,68277
7290102396672,false,גבינה צהובה גבינת נע,,,גבינה צהובה גבינת נע,גרמים,360.00,100 גרם,false,,29.90,0.0831,true,1,68278
7290102397075,false,יוגורט טבעי טרה 4% ב,,,יוגורט טבעי טרה 4% ב,מיליליטרים,1500.00,"100 מ""ל",false,,15.50,0.0103,true,1,66765
7290102397204,false,גבינה צהובה נעם 22%ד,,,גבינה צהובה נעם 22%ד,גרמים,200.00,100 גרם,false,,17.90,0.0895,true,1,68279
7290102397334,false,בולגרית 5% 250 גר צו,,,בולגרית 5% 250 גר צו,גרמים,250.00,100 גרם,false,,24.50,0.0980,true,1,68783
7290102397464,false,מולר מיקס גרעינים פק,,,מולר מיקס גרעינים פק,יחידה,0.00,יחידה,false,,6.40,0.0000,true,1,88492
7290102397600,false,מולר מיקס+ שקדים ובו,,,מולר מיקס+ שקדים ובו,גרמים,170.00,100 גרם,false,,6.40,0.0376,true,1,70399
7290102397617,false,מולר מיקס קליק 150גר,,,מולר מיקס קליק 150גר,גרמים,150.00,100 גרם,false,,6.40,0.0427,true,1,70400
7290102397679,false,קוטג 5% 375גר טרה,,,קוטג 5% 375גר טרה,גרמים,375.00,100 גרם,false,,8.50,0.0227,true,1,87228
7290102397730,false,גבינה אמנטל נעם 200ג,,,גבינה אמנטל נעם 200ג,גרמים,200.00,100 גרם,false,,18.90,0.0945,true,1,89857
7290102397747,false,גבינת מוצרלה פרוס 20,,,גבינת מוצרלה פרוס 20,גרמים,200.00,100 גרם,false,,19.90,0.0995,true,1,91829
7290102397891,false,גבינה מותכת צוריאל 1,,,גבינה מותכת צוריאל 1,גרמים,100.00,100 גרם,false,,8.50,0.0850,true,1,88496
7290102398065,false,חלב בקרטון טרה 3% 2,,,חלב בקרטון טרה 3% 2,מיליליטרים,2000.00,"100 מ""ל",false,,12.46,0.0062,true,1,89981
7290102398072,false,חלב בקרטון טרה 3% 1ל,,,חלב בקרטון טרה 3% 1ל,מיליליטרים,1000.00,"100 מ""ל",false,,6.23,0.0062,true,1,89982
7290102398331,false,חלב מועשר דל לקטוז 1,,,חלב מועשר דל לקטוז 1,מיליליטרים,1000.00,"100 מ""ל",false,,8.40,0.0084,true,1,91715
7290102398553,false,שוקו טרה בקבוק 1.5ל',,,שוקו טרה בקבוק 1.5ל',מיליליטרים,1500.00,"100 מ""ל",false,,17.90,0.0119,true,1,110586
7290102398560,false,שוקו טרה מועשר 1 ליט,,,שוקו טרה מועשר 1 ליט,מיליליטרים,1000.00,"100 מ""ל",false,,12.90,0.0129,true,1,93591
7290102398577,false,שוקו טרה מועשר 250 מ,,,שוקו טרה מועשר 250 מ,מיליליטרים,250.00,"100 מ""ל",false,,5.70,0.0228,true,1,93592
7290102398614,false,משקה חלב בטעם בננה 1,,,משקה חלב בטעם בננה 1,מיליליטרים,1000.00,"100 מ""ל",false,,12.90,0.0129,true,1,93594
7290102398638,false,משקה חלב טרה בטעם מו,,,משקה חלב טרה בטעם מו,מיליליטרים,1000.00,"100 מ""ל",false,,12.90,0.0129,true,1,93593
7290102398669,false,אייס קפוצ'ינו 1 ליטר,,,אייס קפוצ'ינו 1 ליטר,מיליליטרים,1000.00,"100 מ""ל",false,,12.90,0.0129,true,1,111165
7290102398782,false,משקה סויה קלאסי 1 לי,,,משקה סויה קלאסי 1 לי,מטרים,1000.00,100 מ'ל,false,,11.90,0.0119,true,1,105678
7290102398799,false,משקה סויה במתיקות מו,,,משקה סויה במתיקות מו,מטרים,1000.00,100 מ'ל,false,,11.90,0.0119,true,1,105674
7290102398805,false,משקה סויה בטעם וניל,,,משקה סויה בטעם וניל,מטרים,1000.00,100 מ'ל,false,,11.90,0.0119,true,1,105675
7290102398836,false,משקה שקדים קלאסי 1 ל,,,משקה שקדים קלאסי 1 ל,מטרים,1000.00,100 מ'ל,false,,12.70,0.0127,true,1,105679
7290102399048,false,קשקבל נעם 200גר,,,קשקבל נעם 200גר,גרמים,200.00,100 גרם,false,,24.90,0.1245,true,1,110587
7290102399796,false,מולר אקטיב 25 יוגורט,,,מולר אקטיב 25 יוגורט,גרמים,200.00,100 גרם,false,,5.90,0.0295,true,1,105683
7290102399802,false,מולר אקטיב יוגורט 20,,,מולר אקטיב יוגורט 20,גרמים,200.00,100 גרם,false,,6.40,0.0320,true,1,105686
7290102399819,false,מולר אקטיב יוגורט 20,,,מולר אקטיב יוגורט 20,גרמים,200.00,100 גרם,false,,6.40,0.0320,true,1,105685
7290102399857,false,מולר אקטיב לייט 20 ע,,,מולר אקטיב לייט 20 ע,גרמים,200.00,100 גרם,false,,6.40,0.0320,true,1,117522
7290102601547,false,כפיות פרמיום שקוף/קר,,,כפיות פרמיום שקוף/קר,יחידה,0.00,יחידה,false,,9.90,0.0000,true,1,79419
7290103120658,false,ספיד סטיק ג'ל שחור 8,,,ספיד סטיק ג'ל שחור 8,מיליליטרים,85.00,"100 מ""ל",false,,19.90,0.2341,true,1,75724
7290103124588,false,פלמוליב תחליב רחצה ס,,,פלמוליב תחליב רחצה ס,מיליליטרים,750.00,"100 מ""ל",false,,21.90,0.0292,true,1,75734
7290103400255,false,סלט קולסלאו שטראוס 4,,,סלט קולסלאו שטראוס 4,גרמים,400.00,100 גרם,false,,8.90,0.0223,true,1,42485
7290103401429,false,קפה מגורען קצב ברזיל,,,קפה מגורען קצב ברזיל,גרמים,200.00,100 גרם,false,,29.90,0.1495,true,1,42509
7290103408206,false,עלי חסה ערבית שטופים,,,עלי חסה ערבית שטופים,גרמים,250.00,100 גרם,false,,11.50,0.0460,true,1,42644
7290103681180,false,יין תבור אדום מרלו 7,,,יין תבור אדום מרלו 7,מיליליטרים,750.00,"100 מ""ל",false,,39.90,0.0532,true,1,95660
7290103681210,false,יין תבור שרדונה 750,,,יין תבור שרדונה 750,מיליליטרים,750.00,"100 מ""ל",false,,39.90,0.0532,true,1,95657
7290103681241,false,יין תבור מוסקטו 750מ,,,יין תבור מוסקטו 750מ,מיליליטרים,750.00,"100 מ""ל",false,,39.90,0.0532,true,1,95662
7290103700072,false,טאצ' מטליות זיג זג ל,,,טאצ' מטליות זיג זג ל,יחידה,0.00,יחידה,false,,8.90,0.0000,true,1,95540
7290103700195,false,רדיד אלומיניום צר 30,,,רדיד אלומיניום צר 30,יח',2.00,יח',false,,9.90,4.9500,true,1,58524
7290103700225,false,שאפו רדיד אלומיניום,,,שאפו רדיד אלומיניום,יחידה,0.00,יחידה,false,,12.90,0.0000,true,1,58525
7290103700324,false,טאצ זוג שקיות אוכל ב,,,טאצ זוג שקיות אוכל ב,יחידה,0.00,יחידה,false,,9.90,0.0000,true,1,81106
7290103700379,false,טאצ' כריות קרצוף 3יח,,,טאצ' כריות קרצוף 3יח,יח',3.00,יח',false,,8.90,2.9667,true,1,58519
7290103700393,false,טאצ' כריות יפניות עב,,,טאצ' כריות יפניות עב,יח',4.00,יח',false,,8.90,2.2250,true,1,58521
7290103700652,false,טאצ' ספוג הפלא 6יח,,,טאצ' ספוג הפלא 6יח,יחידה,0.00,יחידה,false,,8.90,0.0000,true,1,58522
7290103701017,false,טאצ' נייר אפייה 50 י,,,טאצ' נייר אפייה 50 י,יחידה,0.00,יחידה,false,,9.90,0.0000,true,1,63728
7290103701055,false,כוס קרטון טאץ' ב8 או,,,כוס קרטון טאץ' ב8 או,יחידה,0.00,יחידה,false,,9.90,0.0000,true,1,117091
7290103701093,false,טאצ מטליות מיקרופייב,,,טאצ מטליות מיקרופייב,יח',7.00,יח',false,,10.90,1.5571,true,1,68203
7290103701130,false,טאצ מטליות מיקרופייב,,,טאצ מטליות מיקרופייב,יח',7.00,יח',false,,10.90,1.5571,true,1,68204
7290103701178,false,טאצ`ספוג הפלא,,,טאצ`ספוג הפלא,יחידה,0.00,יחידה,false,,4.90,0.0000,true,1,86652
7290103702212,false,טאצ ממחטות כיס,,,טאצ ממחטות כיס,יחידה,0.00,יחידה,false,,6.90,0.0000,true,1,70721
7290103702229,false,טאצ מפות עבות במיוחד,,,טאצ מפות עבות במיוחד,יח',8.00,יח',false,,6.90,0.8625,true,1,86653
7290103702236,false,טאצ מפות עבות במיוחד,,,טאצ מפות עבות במיוחד,יח',6.00,יח',false,,6.90,1.1500,true,1,86654
7290103702298,false,טאצ אשפתון עבה 50יח',,,טאצ אשפתון עבה 50יח',יח',50.00,יח',false,,15.90,0.3180,true,1,87406
7290103702304,false,טאצ אשפתון בגליל 35,,,טאצ אשפתון בגליל 35,יח',35.00,יח',false,,15.90,0.4543,true,1,86655
7290103702311,false,טאצ ממחטות כיס 10*10,,,טאצ ממחטות כיס 10*10,יחידה,0.00,יחידה,false,,6.90,0.0000,true,1,99219
7290103702328,false,טאצ אשפתון בגליל 25,,,טאצ אשפתון בגליל 25,יח',25.00,יח',false,,15.90,0.6360,true,1,86656
7290103703080,false,טאצ זוג שקיות אשפה ע,,,טאצ זוג שקיות אשפה ע,יחידה,0.00,יחידה,false,,15.90,0.0000,true,1,86658
7290103703219,false,טאצ' מטליות לחות לני,,,טאצ' מטליות לחות לני,יח',400.00,יח',false,,19.90,0.0497,true,1,96200
7290103703226,false,טאצ מטליות לחות לניק,,,טאצ מטליות לחות לניק,יח',50.00,יח',false,,9.90,0.1980,true,1,94378
7290103703370,false,טאצ מגבוני טואלט לחי,,,טאצ מגבוני טואלט לחי,יחידה,0.00,יחידה,false,,14.90,0.0000,true,1,93942
7290103703684,false,לאבלי נייר טואלט 30,,,לאבלי נייר טואלט 30,יחידה,0.00,יחידה,false,,29.90,0.0000,true,1,95746
7290103703905,false,ממחטות נייר טישו טוט,,,ממחטות נייר טישו טוט,יחידה,0.00,יחידה,false,,10.90,0.0000,true,1,117034
7290104061417,false,חומוס טחינה אחלה קלא,,,חומוס טחינה אחלה קלא,גרמים,400.00,100 גרם,false,,10.90,0.0273,true,1,42689
7290104061431,false,חומוס צנובר אחלה קלא,,,חומוס צנובר אחלה קלא,גרמים,400.00,100 גרם,false,,10.90,0.0273,true,1,42691
7290104061448,false,חומוס חריף אחלה קלאס,,,חומוס חריף אחלה קלאס,גרמים,400.00,100 גרם,false,,10.90,0.0273,true,1,42692
7290104062599,false,גמדים תות בננה 8*100,,,גמדים תות בננה 8*100,מיליליטרים,800.00,"100 מ""ל",false,,19.50,0.0244,true,1,42704
7290104065934,false,שטראוס עלי רוקט 150ג,,,שטראוס עלי רוקט 150ג,גרמים,150.00,100 גרם,false,,11.50,0.0767,true,1,42763
7290104066566,false,טחינה משומשום מלא אח,,,טחינה משומשום מלא אח,גרמים,400.00,100 גרם,false,,14.90,0.0373,true,1,42778
7290104068546,false,מסטיק מאסט קולה 28גר,,,מסטיק מאסט קולה 28גר,גרמים,28.00,100 גרם,false,,4.70,0.1679,true,1,42817
7290104501661,false,פודינג וניל צרפתי אס,,,פודינג וניל צרפתי אס,גרמים,80.00,100 גרם,false,,5.90,0.0738,true,1,34558
7290104508943,false,במבה אסם 200גרם,,,במבה אסם 200גרם,גרמים,200.00,100 גרם,false,,9.90,0.0495,true,1,129891
7290104570162,false,תמר כבוש 500 גר,,,תמר כבוש 500 גר,גרמים,500.00,100 גרם,false,,14.90,0.0298,true,1,61730
7290104721762,false,קפה טורקי עלית מארז,,,קפה טורקי עלית מארז,גרמים,255.00,100 גרם,false,,17.90,0.0702,true,1,42839
7290104722530,false,תפוציפס שמנת בצל 200,,,תפוציפס שמנת בצל 200,גרמים,200.00,100 גרם,false,,10.90,0.0545,true,1,37521
7290104726712,false,מילקי שמינייה מארז 8,,,מילקי שמינייה מארז 8,גרמים,1064.00,100 גרם,false,,21.40,0.0201,true,1,55835
7290104728310,false,שמנת להקצפה 38% 250,,,שמנת להקצפה 38% 250,מיליליטרים,250.00,"100 מ""ל",false,,6.47,0.0259,true,1,46826
7290104960239,false,נקה 7 תחליב רחצה ארו,,,נקה 7 תחליב רחצה ארו,מיליליטרים,750.00,"100 מ""ל",false,,12.90,0.0172,true,1,41845
7290104960253,false,נקה 7 תחליב רחצה ארו,,,נקה 7 תחליב רחצה ארו,מיליליטרים,750.00,"100 מ""ל",false,,12.90,0.0172,true,1,41847
7290104960338,false,נקה 7 תחליב רחצה ארו,,,נקה 7 תחליב רחצה ארו,מיליליטרים,750.00,"100 מ""ל",false,,12.90,0.0172,true,1,53952
7290104960352,false,נקה 7 תחליב רחצה ארו,,,נקה 7 תחליב רחצה ארו,מיליליטרים,750.00,"100 מ""ל",false,,12.90,0.0172,true,1,53954
7290104961205,false,נקה 7 תחליב רחצה מגע,,,נקה 7 תחליב רחצה מגע,מיליליטרים,750.00,"100 מ""ל",false,,12.90,0.0172,true,1,56301
7290104961250,false,נקה 7 תחליב רחצה מגע,,,נקה 7 תחליב רחצה מגע,מיליליטרים,750.00,"100 מ""ל",false,,12.90,0.0172,true,1,56304
7290104961526,false,טיטניום דאודורנט ספר,,,טיטניום דאודורנט ספר,מיליליטרים,150.00,"100 מ""ל",false,,11.90,0.0793,true,1,57286
7290104961533,false,טיטניום דאודורנט ספר,,,טיטניום דאודורנט ספר,מיליליטרים,150.00,"100 מ""ל",false,,11.90,0.0793,true,1,57287
7290104961540,false,טיטניום דאודורנט ספר,,,טיטניום דאודורנט ספר,מיליליטרים,150.00,"100 מ""ל",false,,11.90,0.0793,true,1,57288
7290104961892,false,מסיכה לשיער נטורל פו,,,מסיכה לשיער נטורל פו,מיליליטרים,350.00,"100 מ""ל",false,,39.90,0.1140,true,1,110190
7290104962684,false,קרליין דאו רול און נ,,,קרליין דאו רול און נ,מיליליטרים,75.00,"100 מ""ל",false,,13.90,0.1853,true,1,111198
7290104962868,false,מסיכת אמפולה אינטנס,,,מסיכת אמפולה אינטנס,מיליליטרים,350.00,"100 מ""ל",false,,39.90,0.1140,true,1,110191
7290104963223,false,אל סבון קלאסי לתינוק,,,אל סבון קלאסי לתינוק,מיליליטרים,1000.00,"100 מ""ל",false,,15.90,0.0159,true,1,97558
7290105360878,false,תפוציפס מארז 4*50גר,,,תפוציפס מארז 4*50גר,גרמים,200.00,100 גרם,false,,10.90,0.0545,true,1,65229
7290105362339,false,שמנת לבישול 15% 250מ,,,שמנת לבישול 15% 250מ,מיליליטרים,250.00,"100 מ""ל",false,,8.50,0.0340,true,1,56702
7290105364289,false,כיף כף מקלות פצפוצים,,,כיף כף מקלות פצפוצים,גרמים,40.00,100 גרם,false,,5.70,0.1425,true,1,58639
7290105366047,false,טחינה לבנה אחלה טעמי,,,טחינה לבנה אחלה טעמי,גרמים,400.00,100 גרם,false,,15.90,0.0398,true,1,54897
7290105366993,false,גבינת סימפוניה פלפל,,,גבינת סימפוניה פלפל,גרמים,200.00,100 גרם,false,,11.70,0.0585,true,1,63186
7290105368331,false,"מילקי תות 170מ""ל",,,"מילקי תות 170מ""ל",מיליליטרים,170.00,"100 מ""ל",false,,2.90,0.0171,true,1,57256
7290105368904,false,שמנת מתוקה להקצפה 32,,,שמנת מתוקה להקצפה 32,מיליליטרים,500.00,"100 מ""ל",false,,7.90,0.0158,true,1,58118
7290105369130,false,גבינת סימפוניה בצל י,,,גבינת סימפוניה בצל י,גרמים,200.00,100 גרם,false,,11.70,0.0585,true,1,60644
7290105433961,false,ליידי ספיד סטיק אסנס,,,ליידי ספיד סטיק אסנס,מיליליטרים,150.00,"100 מ""ל",false,,14.90,0.0993,true,1,95476
7290105439505,false,ממרח מיונז לייט מאסט,,,ממרח מיונז לייט מאסט,גרמים,479.00,100 גרם,false,,9.90,0.0207,true,1,86293
7290105500151,false,וודקה פינלנדיה 700 מ,,,וודקה פינלנדיה 700 מ,מיליליטרים,700.00,"100 מ""ל",false,,69.90,0.0999,true,1,57902
7290105500236,false,וויסקי ג'ק דניאלס 70,,,וויסקי ג'ק דניאלס 70,מיליליטרים,700.00,"100 מ""ל",false,,109.90,0.1570,true,1,62957
7290105500953,false,וויסקי ג'ק דניאלס דב,,,וויסקי ג'ק דניאלס דב,מיליליטרים,700.00,"100 מ""ל",false,,109.90,0.1570,true,1,86997
7290105691224,false,פריכונים חטיפי טורטי,,,פריכונים חטיפי טורטי,גרמים,60.00,100 גרם,false,,8.90,0.1483,true,1,55090
7290105691712,false,עוגיות הפסקת קפה דגנ,,,עוגיות הפסקת קפה דגנ,גרמים,230.00,100 גרם,false,,12.90,0.0561,true,1,56889
7290105691897,false,קוסקוס חיטה מלאה אסם,,,קוסקוס חיטה מלאה אסם,גרמים,350.00,100 גרם,false,,9.90,0.0283,true,1,56743
7290105691934,false,קמח שמרים אסם 1קג,,,קמח שמרים אסם 1קג,גרמים,1000.00,100 גרם,false,,11.90,0.0119,true,1,58505
7290105693341,false,*מבצע* במבה מארז אסם,,,*מבצע* במבה מארז אסם,גרמים,250.00,100 גרם,false,,15.00,0.0600,true,1,63451
7290105693457,false,עוגת הבית דמקה שוקו,,,עוגת הבית דמקה שוקו,גרמים,320.00,100 גרם,false,,13.90,0.0434,true,1,56891
7290105693952,false,פירורית זהב שומשום א,,,פירורית זהב שומשום א,גרמים,200.00,100 גרם,false,,6.50,0.0325,true,1,57342
7290105695024,false,פתיתים אפויים אורז ע,,,פתיתים אפויים אורז ע,גרמים,500.00,100 גרם,false,,7.90,0.0158,true,1,60309
7290105965738,false,דנונה לשתיה תות בננה,,,דנונה לשתיה תות בננה,מיליליטרים,250.00,"100 מ""ל",false,,5.20,0.0208,true,1,63871
7290105968098,false,קולסלאו אחלה 500גר,,,קולסלאו אחלה 500גר,גרמים,500.00,100 גרם,false,,15.90,0.0318,true,1,58468
7290105968777,false,פריכיות תחתית שוקולד,,,פריכיות תחתית שוקולד,גרמים,80.00,100 גרם,false,,8.90,0.1113,true,1,61295
7290106520066,false,רבע לשבע גלילי וופל,,,רבע לשבע גלילי וופל,גרמים,160.00,100 גרם,false,,11.90,0.0744,true,1,58637
7290106520288,false,דנונה WOW תות 150 ג,,,דנונה WOW תות 150 ג,גרמים,150.00,100 גרם,false,,4.80,0.0320,true,1,69114
7290106520905,false,סלט טורקי אחלה טעמי,,,סלט טורקי אחלה טעמי,גרמים,400.00,100 גרם,false,,15.90,0.0398,true,1,60659
7290106520912,false,שמנת לבישול 9% יטבתה,,,שמנת לבישול 9% יטבתה,מיליליטרים,250.00,"100 מ""ל",false,,8.50,0.0340,true,1,61303
7290106524439,false,תפוציפס פופס 60גר,קריות זול,,תפוציפס פופס 60גר,גרמים,60.00,100 גרם,false,,3.90,0.0650,true,1,91775
7290106525320,false,שוקולית לאפיה 500גר,,,שוקולית לאפיה 500גר,גרמים,500.00,100 גרם,false,,16.90,0.0338,true,1,96112
7290106526822,false,פריכיות עם תחתית שוק,,,פריכיות עם תחתית שוק,גרמים,80.00,100 גרם,false,,8.90,0.1113,true,1,63305
7290106528949,false,לקט ערוגות שטראוס 45,,,לקט ערוגות שטראוס 45,גרמים,450.00,100 גרם,false,,11.90,0.0264,true,1,64348
7290106572027,false,לחמית חמישה דגנים אס,,,לחמית חמישה דגנים אס,גרמים,190.00,100 גרם,false,,9.90,0.0521,true,1,58759
7290106573628,false,חומוס עם טחינה צבר 4,,,חומוס עם טחינה צבר 4,גרמים,400.00,100 גרם,false,,12.90,0.0323,true,1,61418
7290106574793,false,עוגת הבית שוקו שוקוצ,,,עוגת הבית שוקו שוקוצ,גרמים,350.00,100 גרם,false,,13.90,0.0397,true,1,61889
7290106574953,false,בייגלה שטוחים שומשום,,,בייגלה שטוחים שומשום,גרמים,300.00,100 גרם,false,,11.90,0.0397,true,1,61914
7290106575257,false,עוגת הבית סופלה בטעם,,,עוגת הבית סופלה בטעם,גרמים,340.00,100 גרם,false,,13.90,0.0409,true,1,63069
7290106575332,false,פתיתים אפויים פלוס ב,,,פתיתים אפויים פלוס ב,גרמים,400.00,100 גרם,false,,7.90,0.0198,true,1,62688
7290106575431,false,עוגת הבית סופלה בטעם,,,עוגת הבית סופלה בטעם,גרמים,340.00,100 גרם,false,,13.90,0.0409,true,1,63072
7290106576513,false,חומוס צבר 400גר,,,חומוס צבר 400גר,גרמים,400.00,100 גרם,false,,10.90,0.0273,true,1,63582
7290106576537,false,*מבצע* חומוס מסעדות,,,*מבצע* חומוס מסעדות,גרמים,700.00,100 גרם,false,,10.90,0.0156,true,1,62490
7290106577282,false,טחינה צבר 400גרם,,,טחינה צבר 400גרם,גרמים,400.00,100 גרם,false,,12.90,0.0323,true,1,63013
7290106577541,false,כרוב אדום צבר 400גרם,,,כרוב אדום צבר 400גרם,גרמים,400.00,100 גרם,false,,12.90,0.0323,true,1,63022
7290106577572,false,מטבוחה צבר 400גרם,,,מטבוחה צבר 400גרם,גרמים,400.00,100 גרם,false,,12.90,0.0323,true,1,63023
7290106578692,false,במבה ביסלי מיקס אסם,,,במבה ביסלי מיקס אסם,גרמים,80.00,100 גרם,false,,4.90,0.0613,true,1,68610
7290106653689,false,לקט לסלט אסייתי שטרא,,,לקט לסלט אסייתי שטרא,גרמים,350.00,100 גרם,false,,11.90,0.0340,true,1,87841
7290106654099,false,מילקי קייק שמינייה 8,,,מילקי קייק שמינייה 8,גרמים,272.00,100 גרם,false,,19.90,0.0732,true,1,69408
7290106667266,false,דוריטוס חמוץ חריף 18,,,דוריטוס חמוץ חריף 18,גרמים,185.00,100 גרם,false,,7.90,0.0427,true,1,69881
7290106668577,false,מיץ לימון טבעי 250 מ,,,מיץ לימון טבעי 250 מ,מיליליטרים,250.00,"100 מ""ל",false,,8.90,0.0356,true,1,91795
7290106720626,false,ציטוס קראנצ בטעם גבי,,,ציטוס קראנצ בטעם גבי,גרמים,80.00,100 גרם,false,,4.60,0.0575,true,1,88815
7290106721913,false,מסטיק מאסט ריח פה צ',,,מסטיק מאסט ריח פה צ',גרמים,66.00,100 גרם,false,,9.90,0.1500,true,1,67056
7290106721920,false,מסטיק מאסט ספירימינט,,,מסטיק מאסט ספירימינט,גרמים,66.00,100 גרם,false,,9.90,0.1500,true,1,67059
7290106723689,false,עלי תרד בייבי שטראוס,,,עלי תרד בייבי שטראוס,גרמים,200.00,100 גרם,false,,11.50,0.0575,true,1,65629
7290106725867,false,סירופ מייפל טהור 189,,,סירופ מייפל טהור 189,מיליליטרים,189.00,"100 מ""ל",false,,32.90,0.1741,true,1,68892
7290106726178,false,דנונה WOW פירות יער,,,דנונה WOW פירות יער,מיליליטרים,150.00,"100 מ""ל",false,,4.80,0.0320,true,1,68625
7290107280013,false,מגבוני ליטופים חמישי,,,מגבוני ליטופים חמישי,יח',5.00,יח',false,,21.90,4.3800,true,1,102810
7290107280020,false,מגבוני ניקוי כללי סנ,,,מגבוני ניקוי כללי סנ,יחידה,0.00,יחידה,false,,21.90,0.0000,true,1,102811
7290107280099,false,מגבוני טואלט סופט של,,,מגבוני טואלט סופט של,יחידה,0.00,יחידה,false,,17.90,0.0000,true,1,110176
7290107280341,false,ריצפז מטליות לחות לנ,,,ריצפז מטליות לחות לנ,יחידה,0.00,יחידה,false,,13.90,0.0000,true,1,109994
7290107280549,false,K-400 קוטל חרקים וזו,,,K-400 קוטל חרקים וזו,יחידה,0.00,יחידה,false,,14.90,0.0000,true,1,97562
7290107280563,false,סנו אוקסיגן בייבי 3ל,,,סנו אוקסיגן בייבי 3ל,מיליליטרים,3000.00,"100 מ""ל",false,,32.90,0.0110,true,1,65398
7290107280662,false,סנו מקסימה אבקת כביס,,,סנו מקסימה אבקת כביס,קילוגרמים,1.25,"ק""ג",false,,14.90,11.9200,true,1,68252
7290107280723,false,ספארק נוזל לניקוי כל,,,ספארק נוזל לניקוי כל,מיליליטרים,700.00,"100 מ""ל",false,,9.90,0.0141,true,1,65975
7290107280747,false,ספארק נוזל לניקוי כל,,,ספארק נוזל לניקוי כל,מיליליטרים,700.00,"100 מ""ל",false,,9.90,0.0141,true,1,65977
7290107280761,false,סנו ספארק משאבה לימו,,,סנו ספארק משאבה לימו,מיליליטרים,1000.00,"100 מ""ל",false,,12.90,0.0129,true,1,68845
7290107645584,false,מרק עוף אמיתי קנור ר,קריות זול,,מרק עוף אמיתי קנור ר,גרמים,400.00,100 גרם,false,,24.90,0.0622,true,1,94061
7290107646062,false,מרק בצל רכיבים טבעיי,,,מרק בצל רכיבים טבעיי,גרמים,400.00,100 גרם,false,,22.90,0.0572,true,1,92809
7290107647731,false,קוקומן חום לבן בדצ 3,,,קוקומן חום לבן בדצ 3,גרמים,375.00,100 גרם,false,,21.90,0.0584,true,1,90701
7290107647816,false,ברנפלקס בדצ ללא סוכר,,,ברנפלקס בדצ ללא סוכר,גרמים,500.00,100 גרם,false,,22.90,0.0458,true,1,91462
7290107647823,false,ברנפלקס בדצ 500גר,,,ברנפלקס בדצ 500גר,גרמים,500.00,100 גרם,false,,22.90,0.0458,true,1,91461
7290107647854,false,שוגי בדצ 500 גר,,,שוגי בדצ 500 גר,גרמים,500.00,100 גרם,false,,21.90,0.0438,true,1,90798
7290107648943,false,ברנפלקס קראנצ'ים מיי,,,ברנפלקס קראנצ'ים מיי,גרמים,375.00,100 גרם,false,,22.90,0.0611,true,1,96076
7290107648981,false,רוטב לפסטה פומודורו,,,רוטב לפסטה פומודורו,גרמים,415.00,100 גרם,false,,11.90,0.0287,true,1,92684
7290107649100,false,טבעות שומשום 300 גרם,,,טבעות שומשום 300 גרם,גרמים,300.00,100 גרם,false,,10.90,0.0363,true,1,95920
7290107871990,false,פסטה צינורות אסם 500,,,פסטה צינורות אסם 500,גרמים,500.00,100 גרם,false,,6.50,0.0130,true,1,65068
7290107874502,false,ביסלי גריל מארז אסם,,,ביסלי גריל מארז אסם,גרמים,220.00,100 גרם,false,,12.90,0.0586,true,1,70321
7290107875271,false,ביסלי ברביקיו מארז א,,,ביסלי ברביקיו מארז א,גרמים,220.00,100 גרם,false,,12.90,0.0586,true,1,70322
7290107932080,false,חלב מועשר בבקבוק 3%,,,חלב מועשר בבקבוק 3%,מיליליטרים,1000.00,"100 מ""ל",false,,7.80,0.0078,true,1,68597
7290107932134,false,חלב מועשר בבקבוק 1%,,,חלב מועשר בבקבוק 1%,מיליליטרים,1000.00,"100 מ""ל",false,,7.80,0.0078,true,1,68590
7290107933155,false,לקט סלנובה 200גר,,,לקט סלנובה 200גר,גרמים,200.00,100 גרם,false,,14.90,0.0745,true,1,69512
7290107936309,false,דנונה יווני לבן 130ג,,,דנונה יווני לבן 130ג,גרמים,130.00,100 גרם,false,,3.50,0.0269,true,1,86105
7290107937627,false,מסטיק מאסט קוביות ספ,,,מסטיק מאסט קוביות ספ,גרמים,58.00,100 גרם,false,,9.90,0.1707,true,1,86129
7290107938396,false,אקטימל תות שמינייה ב,,,אקטימל תות שמינייה ב,גרמים,864.00,100 גרם,false,,21.90,0.0253,true,1,70641
7290107940030,false,*מבצע* חומוס אחלה 65,,,*מבצע* חומוס אחלה 65,גרמים,650.00,100 גרם,false,,8.90,0.0137,true,1,92497
7290107941259,false,עדשים ירוקות מבושלות,,,עדשים ירוקות מבושלות,גרמים,475.00,100 גרם,false,,10.90,0.0229,true,1,87509
7290107941266,false,שעועית אדומה מבושלת,,,שעועית אדומה מבושלת,גרמים,475.00,100 גרם,false,,14.90,0.0314,true,1,87510
7290107941273,false,חומוס מבושל שטראוס 4,,,חומוס מבושל שטראוס 4,גרמים,475.00,100 גרם,false,,10.90,0.0229,true,1,87511
7290107944472,false,גבינת סימפוניה שום ש,,,גבינת סימפוניה שום ש,גרמים,200.00,100 גרם,false,,11.70,0.0585,true,1,86621
7290107945165,false,קונפיטורת משמש יד מר,קריות זול,,קונפיטורת משמש יד מר,גרמים,340.00,100 גרם,false,,13.90,0.0409,true,1,88255
7290107950190,false,מעדן שטראוס דיאט שוק,,,מעדן שטראוס דיאט שוק,גרמים,130.00,100 גרם,false,,3.40,0.0262,true,1,86095
7290107950206,false,מעדן שטראוס דיאט שוק,,,מעדן שטראוס דיאט שוק,גרמים,130.00,100 גרם,false,,3.40,0.0262,true,1,86276
7290107954709,false,קונפיטורת פירות יער,,,קונפיטורת פירות יער,גרמים,340.00,100 גרם,false,,13.90,0.0409,true,1,89819
7290107954976,false,משקה חלב יטבתה פרו 3,,,משקה חלב יטבתה פרו 3,מיליליטרים,350.00,"100 מ""ל",false,,6.90,0.0197,true,1,90157
7290107957991,false,מילקי מינייס מארז 6י,,,מילקי מינייס מארז 6י,גרמים,144.00,100 גרם,false,,14.90,0.1035,true,1,94133
7290107958035,false,דנונה מארז שמינייה מ,,,דנונה מארז שמינייה מ,גרמים,1200.00,100 גרם,false,,19.90,0.0166,true,1,91218
7290107970129,false,ליידי ספיד סטיק רולא,,,ליידי ספיד סטיק רולא,מיליליטרים,50.00,"100 מ""ל",false,,14.90,0.2980,true,1,68393
7290107974820,false,ממרח מתובל ספייסי מא,,,ממרח מתובל ספייסי מא,גרמים,250.00,100 גרם,false,,8.90,0.0356,true,1,86294
7290107974837,false,ממרח מתובל שום מאסטר,,,ממרח מתובל שום מאסטר,גרמים,250.00,100 גרם,false,,8.90,0.0356,true,1,86295
7290108201802,false,ספריי חיטוי בניחוח א,,,ספריי חיטוי בניחוח א,מיליליטרים,400.00,"100 מ""ל",false,,24.90,0.0622,true,1,94709
7290108350128,false,שקיות אשפה סנו סושי,,,שקיות אשפה סנו סושי,יח',40.00,יח',false,,29.90,0.7475,true,1,102815
7290108350142,false,שקיות סנו סושי רב שי,,,שקיות סנו סושי רב שי,יח',270.00,יח',false,,14.90,0.0552,true,1,67519
7290108350203,false,סנו סושי כריות קרצוף,,,סנו סושי כריות קרצוף,יח',6.00,יח',false,,10.90,1.8167,true,1,85853
7290108350531,false,סנו ספארק משאבה קלאס,,,סנו ספארק משאבה קלאס,מיליליטרים,1000.00,"100 מ""ל",false,,12.90,0.0129,true,1,109986
7290108350616,false,סנו מקסימה בלו בלוסו,,,סנו מקסימה בלו בלוסו,מיליליטרים,1000.00,"100 מ""ל",false,,18.90,0.0189,true,1,70401
7290108350623,false,סנו מקסימה סופט סילק,,,סנו מקסימה סופט סילק,מיליליטרים,1000.00,"100 מ""ל",false,,18.90,0.0189,true,1,70402
7290108351156,false,סנו ג'ט פלוס לניקוי,,,סנו ג'ט פלוס לניקוי,ליטרים,1.50,ליטר,false,,13.90,9.2667,true,1,88286
7290108351507,false,סנו מקסימה מרכך כביס,,,סנו מקסימה מרכך כביס,ליטרים,4.00,ליטר,false,,22.90,5.7250,true,1,94749
7290108351514,false,סנו מקסימה מרכך כביס,,,סנו מקסימה מרכך כביס,ליטרים,4.00,ליטר,false,,22.90,5.7250,true,1,87102
7290108351552,false,סנו ג'ט פלוס עם חומץ,,,סנו ג'ט פלוס עם חומץ,מיליליטרים,750.00,"100 מ""ל",false,,12.90,0.0172,true,1,91265
7290108351583,false,סנו גט+לניקוי אסלות,,,סנו גט+לניקוי אסלות,מיליליטרים,750.00,"100 מ""ל",false,,12.90,0.0172,true,1,93478
7290108351590,false,סנו פרש נטול גז בניח,,,סנו פרש נטול גז בניח,מיליליטרים,350.00,"100 מ""ל",false,,14.90,0.0426,true,1,90192
7290108351606,false,סנו פרש הום נטול גז,,,סנו פרש הום נטול גז,מיליליטרים,350.00,"100 מ""ל",false,,14.90,0.0426,true,1,90193
7290108351804,false,סנו מקסימה סופר מרוכ,,,סנו מקסימה סופר מרוכ,מיליליטרים,1000.00,"100 מ""ל",false,,18.90,0.0189,true,1,102039
7290108351811,false,סנו מקסימה סופר מרוכ,,,סנו מקסימה סופר מרוכ,מיליליטרים,1000.00,"100 מ""ל",false,,18.90,0.0189,true,1,102040
7290108351835,false,סנו מקסימה מרכך כביס,,,סנו מקסימה מרכך כביס,מיליליטרים,4000.00,"100 מ""ל",false,,22.90,0.0057,true,1,109995
7290108352009,false,סנו ספארק טבליות למד,,,סנו ספארק טבליות למד,יחידה,0.00,יחידה,false,,45.90,0.0000,true,1,111074
7290108352153,false,סנובון נוזלי בניחוח,קריות זול,,סנובון נוזלי בניחוח,מיליליטרים,750.00,"100 מ""ל",false,,10.90,0.0145,true,1,117016
7290108352207,false,סנו מקסימה 40 קפסולו,,,סנו מקסימה 40 קפסולו,יח',40.00,יח',false,,34.90,0.8725,true,1,117357
7290108352214,false,סנו מקסימה 40 קפסולו,,,סנו מקסימה 40 קפסולו,יח',40.00,יח',false,,34.90,0.8725,true,1,117358
7290108352252,false,סנו ספארק לניקוי כלי,,,סנו ספארק לניקוי כלי,מיליליטרים,1000.00,"100 מ""ל",false,,12.90,0.0129,true,1,117826
7290108352276,false,מטליות לחיטוי וניקוי,,,מטליות לחיטוי וניקוי,יחידה,0.00,יחידה,false,,15.90,0.0000,true,1,116864
7290108352290,false,מטליות שלישייה לחיטו,,,מטליות שלישייה לחיטו,יחידה,0.00,יחידה,false,,19.90,0.0000,true,1,116868
7290108352320,false,סנו פרש הום מלון בוט,,,סנו פרש הום מלון בוט,מיליליטרים,350.00,"100 מ""ל",false,,14.90,0.0426,true,1,117014
7290108352337,false,סנו פרש הום אוטומטיק,,,סנו פרש הום אוטומטיק,מיליליטרים,250.00,"100 מ""ל",false,,15.90,0.0636,true,1,117017
7290108352344,false,סנו פרש הום אוטומטיק,,,סנו פרש הום אוטומטיק,מיליליטרים,250.00,"100 מ""ל",false,,15.90,0.0636,true,1,117018
7290108352382,false,סנו מטליות לחות אישי,,,סנו מטליות לחות אישי,יחידה,0.00,יחידה,false,,9.90,0.0000,true,1,117825
7290108352672,false,מטלית הפלא לריצפה סנ,,,מטלית הפלא לריצפה סנ,יחידה,0.00,יחידה,false,,21.90,0.0000,true,1,110418
7290108352689,false,סנו סושי כריות קרצוף,,,סנו סושי כריות קרצוף,יח',9.00,יח',false,,10.90,1.2111,true,1,85854
7290108352825,false,ספוג הפלא נירוסטה סנ,,,ספוג הפלא נירוסטה סנ,יחידה,0.00,יחידה,false,,10.90,0.0000,true,1,110420
7290108352849,false,סנו סושי מטלית הפלא,,,סנו סושי מטלית הפלא,יח',3.00,יח',false,,15.90,5.3000,true,1,130009
7290108353068,false,כריות סיבי הירוסטה ס,,,כריות סיבי הירוסטה ס,יחידה,0.00,יחידה,false,,10.90,0.0000,true,1,110421
7290108353686,false,מטלית חלומית לרצפה ס,קריות זול,,מטלית חלומית לרצפה ס,יחידה,0.00,יחידה,false,,10.90,0.0000,true,1,119238
7290108353990,false,קרמה קרם גוף מאסק 50,,,קרמה קרם גוף מאסק 50,מיליליטרים,500.00,"100 מ""ל",false,,25.90,0.0518,true,1,118528
7290108354447,false,כיף מרכך לשיער שמן ק,,,כיף מרכך לשיער שמן ק,מיליליטרים,700.00,"100 מ""ל",false,,12.90,0.0184,true,1,119240
7290108354614,false,נקה 7 מרכך ביו 750מל,,,נקה 7 מרכך ביו 750מל,מיליליטרים,750.00,"100 מ""ל",false,,12.90,0.0172,true,1,134532
7290108354751,false,סנו ג'ט פלוס עם חומץ,,,סנו ג'ט פלוס עם חומץ,מיליליטרים,750.00,"100 מ""ל",false,,12.90,0.0172,true,1,94976
7290108354911,false,קרמה מן 3 ב-1 -שמפו,,,קרמה מן 3 ב-1 -שמפו,מטרים,700.00,100 מ'ל,false,,17.90,0.0256,true,1,111075
7290108355154,false,נקה 7 שמפו שמני הזנה,,,נקה 7 שמפו שמני הזנה,מיליליטרים,750.00,"100 מ""ל",false,,12.90,0.0172,true,1,93480
7290108355161,false,נקה 7 מרכך שמני הזנה,,,נקה 7 מרכך שמני הזנה,מיליליטרים,750.00,"100 מ""ל",false,,12.90,0.0172,true,1,93481
7290108355949,false,קרמה תחליב רחצה נרול,,,קרמה תחליב רחצה נרול,מיליליטרים,700.00,"100 מ""ל",false,,18.90,0.0270,true,1,118522
7290108356021,false,כיף תחליב רחצה בניחו,,,כיף תחליב רחצה בניחו,מיליליטרים,700.00,"100 מ""ל",false,,12.90,0.0184,true,1,95423
7290108356045,false,כיף תחליב רחצה בניחו,,,כיף תחליב רחצה בניחו,מיליליטרים,700.00,"100 מ""ל",false,,12.90,0.0184,true,1,95425
7290108356113,false,כיף תחליב רחצה דבש 7,קריות זול,,כיף תחליב רחצה דבש 7,מיליליטרים,700.00,"100 מ""ל",false,,12.90,0.0184,true,1,95033
7290108356120,false,כיף תחליב רחצה קוקוס,קריות זול,,כיף תחליב רחצה קוקוס,מיליליטרים,700.00,"100 מ""ל",false,,12.90,0.0184,true,1,95034
7290108356137,false,כיף תחליב רחצה לבנדר,קריות זול,,כיף תחליב רחצה לבנדר,מיליליטרים,700.00,"100 מ""ל",false,,12.90,0.0184,true,1,95035
7290108356151,false,כיף תחליב רחצה מאסק,קריות זול,,כיף תחליב רחצה מאסק,מיליליטרים,700.00,"100 מ""ל",false,,12.90,0.0184,true,1,95036
7290108356229,false,קרמה גל גילוח קרבון,,,קרמה גל גילוח קרבון,מיליליטרים,200.00,"100 מ""ל",false,,12.90,0.0645,true,1,117836
7290108357028,false,כיף תחליב רחצה ורד ו,,,כיף תחליב רחצה ורד ו,מיליליטרים,700.00,"100 מ""ל",false,,12.90,0.0184,true,1,109998
7290108357080,false,קרליין ספריי נושם בי,,,קרליין ספריי נושם בי,מיליליטרים,150.00,"100 מ""ל",false,,13.90,0.0927,true,1,133575
7290108357226,false,סנו אוקסיג'ן פאוור א,,,סנו אוקסיג'ן פאוור א,גרמים,1400.00,100 גרם,false,,29.90,0.0214,true,1,133352
7290108357301,false,סנו 300-K קוטל נמלים,,,סנו 300-K קוטל נמלים,מיליליטרים,300.00,"100 מ""ל",false,,14.90,0.0497,true,1,133637
7290108357653,false,סנובון באבלס בניחוח,קריות זול,,סנובון באבלס בניחוח,מיליליטרים,0.00,"מ""ל",false,,16.90,0.0000,true,1,135601
7290108357660,false,סנובון באבלס בניחוח,קריות זול,,סנובון באבלס בניחוח,מיליליטרים,0.00,"מ""ל",false,,16.90,0.0000,true,1,135602
7290108357707,false,כיף שמפו לשיער רגיל,,,כיף שמפו לשיער רגיל,מיליליטרים,700.00,"100 מ""ל",false,,12.90,0.0184,true,1,95699
7290108357714,false,כיף שמפו לשיער יבש ר,,,כיף שמפו לשיער יבש ר,מיליליטרים,700.00,"100 מ""ל",false,,12.90,0.0184,true,1,95700
7290108357745,false,כיף שמפו ומרכך 2+1 ת,,,כיף שמפו ומרכך 2+1 ת,מיליליטרים,700.00,"100 מ""ל",false,,12.90,0.0184,true,1,95704
7290108357769,false,כיף מרכך לשיער רגיל,,,כיף מרכך לשיער רגיל,מיליליטרים,700.00,"100 מ""ל",false,,12.90,0.0184,true,1,95701
7290108357776,false,כיף מרכך לשיער יבש ר,,,כיף מרכך לשיער יבש ר,מיליליטרים,700.00,"100 מ""ל",false,,12.90,0.0184,true,1,95702
7290108357875,false,כיף שמפו לחות מוגברת,,,כיף שמפו לחות מוגברת,מיליליטרים,700.00,"100 מ""ל",false,,12.90,0.0184,true,1,133563
7290108359183,false,שקיות אשפה עם ידית 6,,,שקיות אשפה עם ידית 6,יחידה,0.00,יחידה,false,,24.90,0.0000,true,1,134911
7290108359824,false,בייבי כיף קרם גוף 50,,,בייבי כיף קרם גוף 50,מיליליטרים,500.00,"100 מ""ל",false,,23.90,0.0478,true,1,94731
7290108501346,false,גבינת גאודה מגורדת 2,,,גבינת גאודה מגורדת 2,גרמים,500.00,100 גרם,false,,24.90,0.0498,true,1,92631
7290108501827,false,שערות קדאיף בצק 450ג,,,שערות קדאיף בצק 450ג,גרמים,450.00,100 גרם,false,,19.90,0.0442,true,1,97472
7290108502305,false,גבינה גרנה פדנו משול,,,גבינה גרנה פדנו משול,גרמים,150.00,100 גרם,false,,21.90,0.1460,true,1,94752
7290108502541,false,גבינת שמנת טבעי יורו,,,גבינת שמנת טבעי יורו,גרמים,200.00,100 גרם,false,,12.90,0.0645,true,1,94148
7290108502589,false,גבינת שמנת שום יורוצ,,,גבינת שמנת שום יורוצ,גרמים,200.00,100 גרם,false,,12.90,0.0645,true,1,94150
7290108502862,false,מלפפון כבוש במלח 600,,,מלפפון כבוש במלח 600,גרמים,600.00,100 גרם,false,,9.90,0.0165,true,1,105346
7290108503067,false,פרמזנו משולש 150 גרם,,,פרמזנו משולש 150 גרם,גרמים,150.00,100 גרם,false,,15.90,0.1060,true,1,94755
7290108503999,false,פרוסות גבינה 150ג בט,,,פרוסות גבינה 150ג בט,גרמים,150.00,100 גרם,false,,9.90,0.0660,true,1,119363
7290108504286,false,איבריקו צ'אנק יורו צ,,,איבריקו צ'אנק יורו צ,גרמים,150.00,100 גרם,false,,14.90,0.0993,true,1,96797
7290108504378,false,גבינת שמנת עם זיתים,,,גבינת שמנת עם זיתים,גרמים,200.00,100 גרם,false,,12.90,0.0645,true,1,109694
7290108504385,false,גבינת שמנת עם חלפיני,,,גבינת שמנת עם חלפיני,גרמים,200.00,100 גרם,false,,12.90,0.0645,true,1,109695
7290108505153,false,יוגורט בטעם טבעי 10%,,,יוגורט בטעם טבעי 10%,גרמים,150.00,100 גרם,false,,5.90,0.0393,true,1,117261
7290108505160,false,יוגורט עם אגסים 4% ש,,,יוגורט עם אגסים 4% ש,גרמים,150.00,100 גרם,false,,5.90,0.0393,true,1,117262
7290108505177,false,יוגורט עם אננס 0% שו,,,יוגורט עם אננס 0% שו,גרמים,150.00,100 גרם,false,,5.90,0.0393,true,1,117263
7290108505191,false,יוגורט עם פצפוצי שוק,,,יוגורט עם פצפוצי שוק,גרמים,150.00,100 גרם,false,,5.90,0.0393,true,1,117269
7290108505207,false,יוגורט עם אוכמניות 0,,,יוגורט עם אוכמניות 0,גרמים,150.00,100 גרם,false,,5.90,0.0393,true,1,117264
7290108505214,false,יוגורט עם אפרסק 0% ש,,,יוגורט עם אפרסק 0% ש,גרמים,150.00,100 גרם,false,,5.90,0.0393,true,1,117265
7290108505375,false,צהובה פרוסות 400 גרם,,,צהובה פרוסות 400 גרם,גרמים,400.00,100 גרם,false,,19.90,0.0497,true,1,109702
7290108505719,false,גבינת מוצרלה מגורדת,,,גבינת מוצרלה מגורדת,גרמים,200.00,100 גרם,false,,14.90,0.0745,true,1,117257
7290108505740,false,גבינת קשקבל חצי קשה,,,גבינת קשקבל חצי קשה,גרמים,200.00,100 גרם,false,,14.90,0.0745,true,1,117256
7290108506495,false,פינוקים כנאפה קפוא 1,,,פינוקים כנאפה קפוא 1,גרמים,192.50,100 גרם,false,,12.90,0.0670,true,1,116969
7290108506624,false,גבינת עיזים צ'אנק 15,,,גבינת עיזים צ'אנק 15,גרמים,150.00,100 גרם,false,,14.90,0.0993,true,1,117491
7290108508451,false,משקה יוגורט טבעי 200,,,משקה יוגורט טבעי 200,מיליליטרים,293.00,"100 מ""ל",false,,5.90,0.0201,true,1,130780
7290108508499,false,איירן משקה יוגורט בס,,,איירן משקה יוגורט בס,מיליליטרים,293.00,"100 מ""ל",false,,5.90,0.0201,true,1,130779
7290108508963,false,גבינת קשקבל מגורדת ח,,,גבינת קשקבל מגורדת ח,גרמים,200.00,100 גרם,false,,14.90,0.0745,true,1,130784
7290108509106,false,גבינה בולגרית מעודנת,,,גבינה בולגרית מעודנת,גרמים,500.00,100 גרם,false,,11.90,0.0238,true,1,133137
7290108509113,false,גבינה בולגרית מעודנת,,,גבינה בולגרית מעודנת,גרמים,250.00,100 גרם,false,,11.90,0.0476,true,1,133138
7290108509137,false,גבינה בולגרית מעודנת,,,גבינה בולגרית מעודנת,גרמים,250.00,100 גרם,false,,11.90,0.0476,true,1,133136
7290108509571,false,גבינה מלוחה 24% עם צ,,,גבינה מלוחה 24% עם צ,גרמים,153.00,100 גרם,false,,15.90,0.1039,true,1,135749
7290108509588,false,גבינה מלוחה 24% עם ע,,,גבינה מלוחה 24% עם ע,גרמים,153.00,100 גרם,false,,15.90,0.1039,true,1,135750
7290109352916,false,פריכיות שוקולד לבן פ,,,פריכיות שוקולד לבן פ,גרמים,84.00,100 גרם,false,,14.90,0.1774,true,1,97369
7290109358260,false,נקניקיות מן הצומח עם,,,נקניקיות מן הצומח עם,גרמים,600.00,100 גרם,false,,31.90,0.0532,true,1,97377
7290109580043,false,"שניצל תירס 1.75ק""ג ז",,,"שניצל תירס 1.75ק""ג ז",גרמים,1750.00,100 גרם,false,,49.90,0.0285,true,1,118868
7290109580104,false,רוסטביף 150 גרם פרימ,,,רוסטביף 150 גרם פרימ,גרמים,150.00,100 גרם,false,,24.90,0.1660,true,1,130164
7290109580135,false,קורנדביף 180 גרם פרי,,,קורנדביף 180 גרם פרי,גרמים,180.00,100 גרם,false,,24.90,0.1383,true,1,130166
7290109580159,false,פסטרמה בנוסח טוסקנה,,,פסטרמה בנוסח טוסקנה,גרמים,180.00,100 גרם,false,,24.90,0.1383,true,1,130162
7290109580210,false,נקניקיות הצרפתיה ריי,,,נקניקיות הצרפתיה ריי,גרמים,300.00,100 גרם,false,,19.90,0.0663,true,1,132993
7290109580227,false,נקניקיות קאריוורסט ר,,,נקניקיות קאריוורסט ר,גרמים,300.00,100 גרם,false,,19.90,0.0663,true,1,132994
7290109580241,false,נאגטס מן הצומח 500גר,,,נאגטס מן הצומח 500גר,גרמים,500.00,100 גרם,false,,24.90,0.0498,true,1,134489
7290109580432,false,פסטרמה בדחזה הודו מע,,,פסטרמה בדחזה הודו מע,גרמים,120.00,100 גרם,false,,14.90,0.1242,true,1,134487
7290109920658,false,אסטוניש אנטי בקטריאל,,,אסטוניש אנטי בקטריאל,מיליליטרים,750.00,"100 מ""ל",false,,15.90,0.0212,true,1,91031
7290109920665,false,אסטוניש מסיר אוכל שר,,,אסטוניש מסיר אוכל שר,מיליליטרים,750.00,"100 מ""ל",false,,15.90,0.0212,true,1,91032
7290109920740,false,הפי מרכך כביסה מרוכז,,,הפי מרכך כביסה מרוכז,מיליליטרים,1000.00,"100 מ""ל",false,,10.90,0.0109,true,1,91025
7290109920757,false,הפי מרכך כביסה מרוכז,,,הפי מרכך כביסה מרוכז,מיליליטרים,1000.00,"100 מ""ל",false,,10.90,0.0109,true,1,91023
7290109921129,false,הפי מרכך כביסה סופר,,,הפי מרכך כביסה סופר,מיליליטרים,1000.00,"100 מ""ל",false,,10.90,0.0109,true,1,93738
7290109923024,false,אסטוניש מרסס פרמיום,,,אסטוניש מרסס פרמיום,מיליליטרים,750.00,"100 מ""ל",false,,15.90,0.0212,true,1,133588
7290109923109,false,הפי סבון אסלה 5 צדפו,,,הפי סבון אסלה 5 צדפו,יחידה,0.00,יחידה,false,,12.90,0.0000,true,1,134253
7290109923147,false,אסטוניש מרסס פלא של,,,אסטוניש מרסס פלא של,מיליליטרים,750.00,"100 מ""ל",false,,15.90,0.0212,true,1,134252
7290110110277,false,סיידר סומרסבי רביעיי,,,סיידר סומרסבי רביעיי,מיליליטרים,1320.00,"100 מ""ל",false,,37.90,0.0287,true,1,93309
7290110110574,false,קוקה קולה סליק זירו,,,קוקה קולה סליק זירו,מיליליטרים,330.00,"100 מ""ל",false,,6.50,0.0197,true,1,99750
7290110110635,false,"ספרייט בקבוק 500 מ""ל",,,"ספרייט בקבוק 500 מ""ל",מיליליטרים,500.00,"100 מ""ל",false,,7.00,0.0140,true,1,99751
7290110110659,false,"ספרייט סליק 330 מ""ל",,,"ספרייט סליק 330 מ""ל",מיליליטרים,330.00,"100 מ""ל",false,,6.50,0.0197,true,1,92636
7290110114787,false,נביעות+ תפוח 1.5ליטר,,,נביעות+ תפוח 1.5ליטר,מיליליטרים,1500.00,"100 מ""ל",false,,9.90,0.0066,true,1,132846
7290110114794,false,נביעות+ אפרסק 1.5ליט,,,נביעות+ אפרסק 1.5ליט,מיליליטרים,1500.00,"100 מ""ל",false,,9.90,0.0066,true,1,132847
7290110114800,false,נביעות+ ענבים 1.5ליט,,,נביעות+ ענבים 1.5ליט,מיליליטרים,1500.00,"100 מ""ל",false,,9.90,0.0066,true,1,132848
7290110114855,false,נביעות שישייה 6*1.5ל,קריות זול,,נביעות שישייה 6*1.5ל,מיליליטרים,9000.00,"100 מ""ל",false,,13.70,0.0015,true,1,132717
7290110114893,false,סחוט תפוז 2ליטר,,,סחוט תפוז 2ליטר,מיליליטרים,2000.00,"100 מ""ל",false,,29.90,0.0150,true,1,132711
7290110114954,false,סחוט 2ליטר מתקתק 100,,,סחוט 2ליטר מתקתק 100,מיליליטרים,2000.00,"100 מ""ל",false,,24.90,0.0125,true,1,132714
7290110114961,false,משקה קל בטעם תפוזים,,,משקה קל בטעם תפוזים,מיליליטרים,1500.00,"100 מ""ל",false,,9.90,0.0066,true,1,132853
7290110114985,false,משקה קל בטעם אשכוליו,,,משקה קל בטעם אשכוליו,מיליליטרים,1500.00,"100 מ""ל",false,,9.90,0.0066,true,1,132855
7290110114992,false,פריגת אשכולית לייט 1,,,פריגת אשכולית לייט 1,מיליליטרים,1500.00,"100 מ""ל",false,,9.90,0.0066,true,1,132856
7290110115005,false,משקה קל בטעם ענבים פ,,,משקה קל בטעם ענבים פ,מיליליטרים,1500.00,"100 מ""ל",false,,9.90,0.0066,true,1,132857
7290110115036,false,פריגת משקה קל מנגו,,,פריגת משקה קל מנגו,מיליליטרים,1500.00,"100 מ""ל",false,,9.90,0.0066,true,1,132860
7290110115043,false,משקה קל בטעם לימונענ,,,משקה קל בטעם לימונענ,מיליליטרים,1500.00,"100 מ""ל",false,,9.90,0.0066,true,1,132861
7290110115050,false,פריגת משקה קל תות-בנ,,,פריגת משקה קל תות-בנ,מיליליטרים,1500.00,"100 מ""ל",false,,9.90,0.0066,true,1,132862
7290110115081,false,פריגת צלול ענבים 1.5,,,פריגת צלול ענבים 1.5,מיליליטרים,1500.00,"100 מ""ל",false,,9.90,0.0066,true,1,132866
7290110115111,false,פריגת צלול אננס 1.5,,,פריגת צלול אננס 1.5,מיליליטרים,1500.00,"100 מ""ל",false,,9.90,0.0066,true,1,132870
7290110115128,false,פריגת צלול בטעם לימו,,,פריגת צלול בטעם לימו,מיליליטרים,1500.00,"100 מ""ל",false,,9.90,0.0066,true,1,132871
7290110115180,false,נביעות 1.5 ליטר,,,נביעות 1.5 ליטר,מיליליטרים,1500.00,"100 מ""ל",false,,2.90,0.0019,true,1,132948
7290110115203,false,קוקה קולה 1.5 ליטר,,,קוקה קולה 1.5 ליטר,מיליליטרים,1500.00,"100 מ""ל",false,,8.90,0.0059,true,1,132723
7290110115210,false,קוקה קולה דיאט 1.5ל,,,קוקה קולה דיאט 1.5ל,מיליליטרים,1500.00,"100 מ""ל",false,,8.90,0.0059,true,1,132724
7290110115227,false,קוקה קולה זירו בקבוק,,,קוקה קולה זירו בקבוק,מיליליטרים,1500.00,"100 מ""ל",false,,8.90,0.0059,true,1,132725
7290110115234,false,קוקה קולה זירו נטול,,,קוקה קולה זירו נטול,מיליליטרים,1500.00,"100 מ""ל",false,,8.90,0.0059,true,1,132726
7290110115241,false,קוקה קולה זירו לימון,,,קוקה קולה זירו לימון,מיליליטרים,1500.00,"100 מ""ל",false,,8.90,0.0059,true,1,132727
7290110115265,false,ספרייט ליים 1.5ליטר,,,ספרייט ליים 1.5ליטר,מיליליטרים,1500.00,"100 מ""ל",false,,8.90,0.0059,true,1,132821
7290110115272,false,ספרייט זירו 1.5ליטר,,,ספרייט זירו 1.5ליטר,מיליליטרים,1500.00,"100 מ""ל",false,,8.90,0.0059,true,1,132822
7290110115289,false,ספרייט 19 קלוריות לי,,,ספרייט 19 קלוריות לי,מיליליטרים,1500.00,"100 מ""ל",false,,8.90,0.0059,true,1,132823
7290110115302,false,פאנטה זירו אורנג 1.5,,,פאנטה זירו אורנג 1.5,מיליליטרים,1500.00,"100 מ""ל",false,,8.90,0.0059,true,1,132875
7290110115333,false,פאנטה תות 1.5ליטר,,,פאנטה תות 1.5ליטר,מיליליטרים,1500.00,"100 מ""ל",false,,8.90,0.0059,true,1,132878
7290110115340,false,פאנטה ענבים 1.5ליטר,,,פאנטה ענבים 1.5ליטר,מיליליטרים,1500.00,"100 מ""ל",false,,8.90,0.0059,true,1,132879
7290110115364,false,קוקה קולה שישייה 6*1,,,קוקה קולה שישייה 6*1,מיליליטרים,9000.00,"100 מ""ל",false,,49.90,0.0055,true,1,132729
7290110115371,false,קוקה קולה דיאט שישיי,,,קוקה קולה דיאט שישיי,מיליליטרים,9000.00,"100 מ""ל",false,,49.90,0.0055,true,1,132730
7290110115388,false,ספרייט ליים שישייה 6,,,ספרייט ליים שישייה 6,מיליליטרים,9000.00,"100 מ""ל",false,,49.90,0.0055,true,1,132873
7290110115395,false,ספרייט זירו שישייה 6,,,ספרייט זירו שישייה 6,מיליליטרים,9000.00,"100 מ""ל",false,,49.90,0.0055,true,1,132874
7290110115418,false,קוקה קולה זירו שישיי,,,קוקה קולה זירו שישיי,מיליליטרים,9000.00,"100 מ""ל",false,,49.90,0.0055,true,1,132820
7290110115425,false,פיוז טי גרין לימון נ,,,פיוז טי גרין לימון נ,מיליליטרים,1500.00,"100 מ""ל",false,,10.90,0.0073,true,1,132827
7290110115449,false,פיוז טי מנגו אננס 1.,,,פיוז טי מנגו אננס 1.,מיליליטרים,1500.00,"100 מ""ל",false,,10.90,0.0073,true,1,132830
7290110115463,false,פיוז טי אפרסק 1.5ליט,,,פיוז טי אפרסק 1.5ליט,מיליליטרים,1500.00,"100 מ""ל",false,,10.90,0.0073,true,1,132832
7290110115494,false,פיוז טי ענבים 1.5ליט,,,פיוז טי ענבים 1.5ליט,מיליליטרים,1500.00,"100 מ""ל",false,,10.90,0.0073,true,1,132834
7290110115500,false,קוקה קולה שישיות 6*2,,,קוקה קולה שישיות 6*2,מיליליטרים,12000.00,"100 מ""ל",false,,59.90,0.0050,true,1,132824
7290110115517,false,קוקה קולה זירו שישיו,,,קוקה קולה זירו שישיו,מיליליטרים,12000.00,"100 מ""ל",false,,59.90,0.0050,true,1,132825
7290110115586,false,פריגת תפוזים 40% פחו,,,פריגת תפוזים 40% פחו,מיליליטרים,1500.00,"100 מ""ל",false,,9.90,0.0066,true,1,132623
7290110115593,false,פריגת אשכולית 40% פח,,,פריגת אשכולית 40% פח,מיליליטרים,1500.00,"100 מ""ל",false,,9.90,0.0066,true,1,132865
7290110115616,false,פיוז טי זירו גרין אנ,,,פיוז טי זירו גרין אנ,מיליליטרים,1500.00,"100 מ""ל",false,,10.90,0.0073,true,1,132837
7290110115623,false,פיוז טי זירו אפרסק 1,,,פיוז טי זירו אפרסק 1,מיליליטרים,1500.00,"100 מ""ל",false,,10.90,0.0073,true,1,132838
7290110115777,false,נביעות 1.5 ליטר,,,נביעות 1.5 ליטר,מיליליטרים,1500.00,"100 מ""ל",false,,2.90,0.0019,true,1,132949
7290110115821,false,ספרייט ליים 1.5ליטר,,,ספרייט ליים 1.5ליטר,מיליליטרים,1500.00,"100 מ""ל",false,,8.90,0.0059,true,1,132966
7290110115838,false,ספרייט זירו 1.5ליטר,,,ספרייט זירו 1.5ליטר,מיליליטרים,1500.00,"100 מ""ל",false,,8.90,0.0059,true,1,132967
7290110115845,false,קוקה קולה 1.5 ליטר,,,קוקה קולה 1.5 ליטר,מיליליטרים,1500.00,"100 מ""ל",false,,8.90,0.0059,true,1,132944
7290110115852,false,קוקה קולה דיאט 1.5ל,,,קוקה קולה דיאט 1.5ל,מיליליטרים,1500.00,"100 מ""ל",false,,8.90,0.0059,true,1,132968
7290110115869,false,קוקה קולה זירו בקבוק,,,קוקה קולה זירו בקבוק,מיליליטרים,1500.00,"100 מ""ל",false,,8.90,0.0059,true,1,132945
7290110115968,false,קוקה קולה 1ליטר,,,קוקה קולה 1ליטר,מיליליטרים,1000.00,"100 מ""ל",false,,7.50,0.0075,true,1,133568
7290110115975,false,קוקה קולה זירו 1ליטר,,,קוקה קולה זירו 1ליטר,מיליליטרים,1000.00,"100 מ""ל",false,,7.50,0.0075,true,1,133573
7290110116064,false,פאנטה זירו פירות ירו,,,פאנטה זירו פירות ירו,מיליליטרים,1500.00,"100 מ""ל",false,,8.90,0.0059,true,1,134485
7290110116194,false,נביעות+לימון ליים 0,,,נביעות+לימון ליים 0,מיליליטרים,1500.00,"100 מ""ל",false,,10.90,0.0073,true,1,135109
7290110116217,false,נביעות+אשכולית 0 קלו,,,נביעות+אשכולית 0 קלו,מיליליטרים,1500.00,"100 מ""ל",false,,10.90,0.0073,true,1,135110
7290110116552,false,ספרייט למון היט 1.5ל,,,ספרייט למון היט 1.5ל,מיליליטרים,1500.00,"100 מ""ל",false,,8.90,0.0059,true,1,135808
7290110116569,false,ספרייט למון היט זירו,,,ספרייט למון היט זירו,מיליליטרים,1500.00,"100 מ""ל",false,,8.90,0.0059,true,1,135809
7290110320591,false,בולגרית 16% במרקם מע,,,בולגרית 16% במרקם מע,גרמים,250.00,100 גרם,false,,23.70,0.0948,true,1,88942
7290110320850,false,פתיתי עמק 200גר,,,פתיתי עמק 200גר,גרמים,200.00,100 גרם,false,,15.60,0.0780,true,1,90877
7290110320867,false,פתיתי עמק גבינה צהוב,,,פתיתי עמק גבינה צהוב,גרמים,500.00,100 גרם,false,,35.50,0.0710,true,1,91894
7290110320935,false,פרוסות מוצרלה 150גר,,,פרוסות מוצרלה 150גר,גרמים,200.00,100 גרם,false,,16.90,0.0845,true,1,90576
7290110321031,false,יופלה GO יוגורט מועש,,,יופלה GO יוגורט מועש,גרמים,200.00,100 גרם,false,,5.60,0.0280,true,1,90573
7290110321277,false,קוטג בקטנה 5% מהדרין,קריות זול,,קוטג בקטנה 5% מהדרין,גרמים,100.00,100 גרם,false,,2.90,0.0290,true,1,91853
7290110321284,false,קוטג בקטנה 9% מהדרין,קריות זול,,קוטג בקטנה 9% מהדרין,גרמים,100.00,100 גרם,false,,2.90,0.0290,true,1,91854
7290110321680,false,יופלה GO תות 200 גרם,,,יופלה GO תות 200 גרם,גרמים,200.00,100 גרם,false,,5.80,0.0290,true,1,92040
7290110321697,false,יופלה GO אפרסק 200 ג,,,יופלה GO אפרסק 200 ג,גרמים,200.00,100 גרם,false,,5.80,0.0290,true,1,92041
7290110322014,false,טופו טבעי 300 גרם,,,טופו טבעי 300 גרם,גרמים,300.00,100 גרם,false,,12.40,0.0413,true,1,93668
7290110322946,false,יופלה טיוב יוגורט במ,,,יופלה טיוב יוגורט במ,גרמים,348.00,100 גרם,false,,12.30,0.0353,true,1,94652
7290110323073,false,משקה יוגורט מועשר בח,,,משקה יוגורט מועשר בח,מיליליטרים,250.00,"100 מ""ל",false,,6.40,0.0256,true,1,94277
7290110323585,false,יופלה GO יוגורט עם ד,,,יופלה GO יוגורט עם ד,גרמים,200.00,100 גרם,false,,5.80,0.0290,true,1,94916
7290110323592,false,יופלה GO יוגורט עם א,,,יופלה GO יוגורט עם א,גרמים,200.00,100 גרם,false,,5.80,0.0290,true,1,94917
7290110323714,false,משקה קוקוס שקדים 1 ל,,IL,משקה קוקוס שקדים 1 ל,מיליליטרים,1000.00,"100 מ""ל",false,,12.50,0.0125,true,1,95432
7290110324353,false,יופלה GO לייט בטעם א,,,יופלה GO לייט בטעם א,גרמים,200.00,100 גרם,false,,5.80,0.0290,true,1,96122
7290110324551,false,יופלה טיוב יוגורט במ,,,יופלה טיוב יוגורט במ,גרמים,348.00,100 גרם,false,,12.30,0.0353,true,1,95791
7290110324711,false,ממרח סויה 9% בטעם טב,קריות זול,,ממרח סויה 9% בטעם טב,גרמים,250.00,100 גרם,false,,8.90,0.0356,true,1,96744
7290110324841,false,מעדן שקדים עם שוקולד,קריות זול,,מעדן שקדים עם שוקולד,גרמים,125.00,100 גרם,false,,4.20,0.0336,true,1,105028
7290110324858,false,מעדן שקדים בטעם אגוז,קריות זול,,מעדן שקדים בטעם אגוז,גרמים,125.00,100 גרם,false,,4.20,0.0336,true,1,105029
7290110324872,false,גבינה גלבוע 200גר 5%,,,גבינה גלבוע 200גר 5%,גרמים,200.00,100 גרם,false,,18.50,0.0925,true,1,105024
7290110324926,false,משקה סויה ללא תוספת,,,משקה סויה ללא תוספת,מיליליטרים,1000.00,"100 מ""ל",false,,10.90,0.0109,true,1,104778
7290110325114,false,משקה יוגורט גו לייט,,,משקה יוגורט גו לייט,מיליליטרים,250.00,"100 מ""ל",false,,6.40,0.0256,true,1,101814
7290110325169,false,פרוסות גאודה 170 גרם,,,פרוסות גאודה 170 גרם,גרמים,170.00,100 גרם,false,,18.70,0.1100,true,1,111314
7290110325312,false,מעדן סויה גו בטעם תו,,,מעדן סויה גו בטעם תו,מיליליטרים,200.00,"100 מ""ל",false,,5.70,0.0285,true,1,105031
7290110325619,false,משקה שיבולת שועל 1 ל,,IL,משקה שיבולת שועל 1 ל,מיליליטרים,1000.00,"100 מ""ל",false,,12.50,0.0125,true,1,109899
7290110325701,false,פיראוס צזיקי יווני 9,,,פיראוס צזיקי יווני 9,גרמים,250.00,100 גרם,false,,12.90,0.0516,true,1,110322
7290110325893,false,משקה חלב גו אייס קפה,קריות זול,,משקה חלב גו אייס קפה,מיליליטרים,340.00,"100 מ""ל",false,,7.90,0.0232,true,1,109897
7290110326210,false,יופלה און טופ פצפוצי,,,יופלה און טופ פצפוצי,גרמים,157.00,100 גרם,false,,4.80,0.0306,true,1,111306
7290110326227,false,יופלה און טופ קורנפל,,,יופלה און טופ קורנפל,גרמים,157.00,100 גרם,false,,4.80,0.0306,true,1,111313
7290110326234,false,יופלה און טופ כוכבים,,,יופלה און טופ כוכבים,גרמים,157.00,100 גרם,false,,4.80,0.0306,true,1,111308
7290110326241,false,יופלה און טופ גרנולה,,,יופלה און טופ גרנולה,מיליליטרים,157.00,"100 מ""ל",false,,4.80,0.0306,true,1,111309
7290110326333,false,פרוסות גבינה סקנדינב,,,פרוסות גבינה סקנדינב,גרמים,170.00,100 גרם,false,,18.50,0.1088,true,1,118679
7290110327033,false,משקה סויה תנובה גו ח,,IL,משקה סויה תנובה גו ח,מיליליטרים,1000.00,"100 מ""ל",false,,12.50,0.0125,true,1,118319
7290110327514,false,משקה שיבולת שועל בטע,,IL,משקה שיבולת שועל בטע,מיליליטרים,1000.00,"100 מ""ל",false,,12.50,0.0125,true,1,131528
7290110327545,false,יופלה און טופ תות בת,,,יופלה און טופ תות בת,גרמים,157.00,100 גרם,false,,4.80,0.0306,true,1,119114
7290110327798,false,חטיף חלבון גו בטעם ש,,,חטיף חלבון גו בטעם ש,יחידה,0.00,יחידה,false,,11.90,0.0000,true,1,131226
7290110328092,false,פיראוס פטה יוונית קו,,,פיראוס פטה יוונית קו,גרמים,150.00,100 גרם,false,,19.50,0.1300,true,1,131148
7290110328627,false,יוגורט גו סמיך 0% בנ,,IL,יוגורט גו סמיך 0% בנ,גרמים,200.00,100 גרם,false,,5.90,0.0295,true,1,131137
7290110328764,false,יוגורט גו סמיך 0% תו,,IL,יוגורט גו סמיך 0% תו,גרמים,200.00,100 גרם,false,,5.90,0.0295,true,1,131138
7290110328771,false,יוגורט גו סמיך 0% פי,,IL,יוגורט גו סמיך 0% פי,גרמים,200.00,100 גרם,false,,5.90,0.0295,true,1,131139
7290110328788,false,יוגורט גו סמיך 0% אפ,,IL,יוגורט גו סמיך 0% אפ,גרמים,200.00,100 גרם,false,,5.90,0.0295,true,1,131136
7290110329266,false,יוגורט תנובה מחלב עי,קריות זול,,יוגורט תנובה מחלב עי,מיליליטרים,140.00,"100 מ""ל",false,,6.10,0.0436,true,1,131526
7290110329273,false,יוגורט תנובה מחלב עי,,,יוגורט תנובה מחלב עי,מיליליטרים,750.00,"100 מ""ל",false,,20.90,0.0279,true,1,131527
7290110329303,false,פרוסות בטעם גבינה צה,,,פרוסות בטעם גבינה צה,גרמים,200.00,100 גרם,false,,21.50,0.1075,true,1,131529
7290110329426,false,טופו טבעי עם רוטב קר,,,טופו טבעי עם רוטב קר,גרמים,250.00,100 גרם,false,,13.90,0.0556,true,1,134243
7290110329433,false,טופו טבעי עם רוטב סצ,,,טופו טבעי עם רוטב סצ,גרמים,250.00,100 גרם,false,,13.90,0.0556,true,1,134244
7290110329686,false,משקה חלב גו בטעם עוג,,,משקה חלב גו בטעם עוג,מיליליטרים,340.00,"100 מ""ל",false,,7.90,0.0232,true,1,132501
7290110329716,false,משקה קפה קר בטעם קפו,,,משקה קפה קר בטעם קפו,מיליליטרים,230.00,"100 מ""ל",false,,7.90,0.0343,true,1,134137
7290110329723,false,משקה קפה קר בטעם לאט,,,משקה קפה קר בטעם לאט,מיליליטרים,230.00,"100 מ""ל",false,,7.90,0.0343,true,1,134138
7290110329792,false,סויה ביו אפרסק 150 ג,,,סויה ביו אפרסק 150 ג,גרמים,150.00,100 גרם,false,,4.70,0.0313,true,1,133017
7290110329808,false,סויה ביו תות 150 ג א,,,סויה ביו תות 150 ג א,גרמים,150.00,100 גרם,false,,4.70,0.0313,true,1,133018
7290110329822,false,סויה ביו פירות יער ג,,,סויה ביו פירות יער ג,גרמים,150.00,100 גרם,false,,4.70,0.0313,true,1,133015
7290110329839,false,פרוסות צהובה בטעם זי,,,פרוסות צהובה בטעם זי,גרמים,200.00,100 גרם,false,,21.50,0.1075,true,1,133009
7290110550363,false,אנרג'י פריכיות משולש,,,אנרג'י פריכיות משולש,גרמים,65.00,100 גרם,false,,9.90,0.1523,true,1,133181
7290110552220,false,דנונה פרו 20 גרם חלב,,,דנונה פרו 20 גרם חלב,גרמים,200.00,100 גרם,false,,6.30,0.0315,true,1,132977
7290110552237,false,דנונה פרו 20 גרם חלב,,,דנונה פרו 20 גרם חלב,גרמים,200.00,100 גרם,false,,6.30,0.0315,true,1,132975
7290110553173,false,פריכיות אנרגי בטעם כ,,,פריכיות אנרגי בטעם כ,גרמים,40.00,100 גרם,false,,6.90,0.1725,true,1,135146
7290110553180,false,פריכיות אנרגי בטעם ת,,,פריכיות אנרגי בטעם ת,גרמים,40.00,100 גרם,false,,6.90,0.1725,true,1,135147
7290110554118,false,נודלס מלזי חריף דליש,,,נודלס מלזי חריף דליש,גרמים,350.00,100 גרם,false,,27.90,0.0797,true,1,135652
7290110554125,false,נודלס סצ'ואן חריף 35,,,נודלס סצ'ואן חריף 35,גרמים,350.00,100 גרם,false,,27.90,0.0797,true,1,135653
7290110554583,false,ציטוס פאפס בטעם גבינ,,,ציטוס פאפס בטעם גבינ,גרמים,200.00,100 גרם,false,,12.90,0.0645,true,1,132926
7290110554705,false,קפסולות נספרסו לקפה,,,קפסולות נספרסו לקפה,גרמים,50.00,100 גרם,false,,21.90,0.4380,true,1,135429
7290110555078,false,לאבנה עם שמן זית ועש,,,לאבנה עם שמן זית ועש,גרמים,250.00,100 גרם,false,,11.90,0.0476,true,1,134263
7290110556242,false,שוקולד מריר פרווה בד,קריות זול,,שוקולד מריר פרווה בד,גרמים,100.00,100 גרם,false,,5.90,0.0590,true,1,135148
7290110557027,false,חומוס 50% טחינה 400,,,חומוס 50% טחינה 400,גרמים,400.00,100 גרם,false,,12.90,0.0323,true,1,132556
7290110557133,false,מעדן הגולן וניל 125,קריות זול,,מעדן הגולן וניל 125,גרמים,125.00,100 גרם,false,,3.00,0.0240,true,1,132443
7290110558130,false,אקטיביה עם שיבולת שו,,,אקטיביה עם שיבולת שו,גרמים,150.00,100 גרם,false,,4.80,0.0320,true,1,134494
7290110558154,false,דנונה לייט אנד פרי ע,,,דנונה לייט אנד פרי ע,גרמים,150.00,100 גרם,false,,4.80,0.0320,true,1,134789
7290110558222,false,דנונה WOW בנופי 150,,,דנונה WOW בנופי 150,גרמים,150.00,100 גרם,false,,4.80,0.0320,true,1,134786
7290110558284,false,דנונה ביו מולטי 200,,,דנונה ביו מולטי 200,מיליליטרים,200.00,"100 מ""ל",false,,4.40,0.0220,true,1,134708
7290110558314,false,דנונה פרו 20 גרם חלב,,,דנונה פרו 20 גרם חלב,גרמים,200.00,100 גרם,false,,6.30,0.0315,true,1,134790
7290110558666,false,מעדן דניאלה תפוח 150,קריות זול,,מעדן דניאלה תפוח 150,מיליליטרים,150.00,"100 מ""ל",false,,4.10,0.0273,true,1,135610
7290110560300,false,פריכיות משולשות-פלפל,,,פריכיות משולשות-פלפל,גרמים,30.00,100 גרם,false,,5.50,0.1833,true,1,95014
7290110560317,false,פריכיות משולשות-מלח,,,פריכיות משולשות-מלח,גרמים,30.00,100 גרם,false,,5.50,0.1833,true,1,95015
7290110561352,false,דנונה ביו דל לקטוז 2,,,דנונה ביו דל לקטוז 2,גרמים,200.00,100 גרם,false,,3.70,0.0185,true,1,93070
7290110561604,false,גמדים תות בננה מעורב,,,גמדים תות בננה מעורב,מיליליטרים,800.00,"100 מ""ל",false,,19.50,0.0244,true,1,92053
7290110563431,false,משקה קפה קר בסיגנון,,,משקה קפה קר בסיגנון,גרמים,230.00,100 גרם,false,,7.90,0.0343,true,1,95387
7290110563462,false,חלב 2% בבקבוק נטול ל,,,חלב 2% בבקבוק נטול ל,מיליליטרים,1000.00,"100 מ""ל",false,,8.90,0.0089,true,1,95742
7290110564339,false,חומוס אבי עשיר ב30%,,,חומוס אבי עשיר ב30%,גרמים,400.00,100 גרם,false,,12.90,0.0323,true,1,92059
7290110564360,false,חומוס אבי עשיר ב40%,,,חומוס אבי עשיר ב40%,גרמים,400.00,100 גרם,false,,12.90,0.0323,true,1,92060
7290110565527,false,דנונה פרו 20 גרם חלב,,,דנונה פרו 20 גרם חלב,גרמים,200.00,100 גרם,false,,6.30,0.0315,true,1,91226
7290110566975,false,דנונה פרו 20 גרם חלב,,,דנונה פרו 20 גרם חלב,גרמים,200.00,100 גרם,false,,6.30,0.0315,true,1,93071
7290110567057,false,מסטיק מאסט קוביות מנ,,,מסטיק מאסט קוביות מנ,גרמים,64.00,100 גרם,false,,9.90,0.1547,true,1,94690
7290110571184,false,עדשים חומות 380 ג טע,,,עדשים חומות 380 ג טע,גרמים,380.00,100 גרם,false,,6.90,0.0182,true,1,134837
7290110571405,false,מיני פינוקיות בגביע,,,מיני פינוקיות בגביע,גרמים,180.00,100 גרם,false,,10.90,0.0606,true,1,135437
7290110571412,false,מיני פינוקיות בגביע,,,מיני פינוקיות בגביע,גרמים,180.00,100 גרם,false,,10.90,0.0606,true,1,135438
7290110572969,false,כיף כף פצפצים קרם לב,,,כיף כף פצפצים קרם לב,גרמים,40.00,100 גרם,false,,5.70,0.1425,true,1,134829
7290110572976,false,כיף כך פיצפוצים קרם,,,כיף כך פיצפוצים קרם,גרמים,135.00,100 גרם,false,,10.90,0.0807,true,1,134830
7290110576318,false,מארז שלישייה שוקולד,,,מארז שלישייה שוקולד,גרמים,300.00,100 גרם,false,,24.90,0.0830,true,1,135151
7290110576356,false,ספלנדיד שוקולד מריר,,,ספלנדיד שוקולד מריר,גרמים,100.00,100 גרם,false,,10.90,0.1090,true,1,134541
7290110576363,false,ספלנדיד שוקולד מריר,,,ספלנדיד שוקולד מריר,גרמים,100.00,100 גרם,false,,10.90,0.1090,true,1,134540
7290110576752,false,שוקולד ספלנדיד 70% מ,,,שוקולד ספלנדיד 70% מ,גרמים,100.00,100 גרם,false,,10.90,0.1090,true,1,135435
7290110576776,false,שוקולד ספלנדיד 85% מ,,,שוקולד ספלנדיד 85% מ,גרמים,100.00,100 גרם,false,,10.90,0.1090,true,1,135436
7290110576868,false,גמדים סלט פירות 4*10,קריות זול,,גמדים סלט פירות 4*10,גרמים,400.00,100 גרם,false,,11.50,0.0288,true,1,135608
7290111010194,false,מגבוני תינוקות בייבי,,,מגבוני תינוקות בייבי,יחידה,0.00,יחידה,false,,11.90,0.0000,true,1,95926
7290111010200,false,תיק רב סל,,,תיק רב סל,יחידה,0.00,יחידה,false,,2.50,0.0000,true,1,95712
7290111010248,false,"שמן זית בורגתא 750מ""",,,"שמן זית בורגתא 750מ""",מיליליטרים,750.00,"100 מ""ל",false,,29.90,0.0399,true,1,96827
7290111010262,false,מגבות נייר פייפר טאו,,,מגבות נייר פייפר טאו,יחידה,0.00,יחידה,false,,11.90,0.0000,true,1,104865
7290111010279,false,מגבונים לניקוי כללי,,,מגבונים לניקוי כללי,יחידה,0.00,יחידה,false,,10.00,0.0000,true,1,105668
7290111010293,false,נייר טואלט טוטו 48 ג,,,נייר טואלט טוטו 48 ג,יח',48.00,יח',false,,32.90,0.6854,true,1,110022
7290111010323,false,פפריקה מתוקה בשמן סו,,,פפריקה מתוקה בשמן סו,גרמים,400.00,100 גרם,false,,17.90,0.0447,true,1,110626
7290111010439,false,יין פרינס רויאל גוור,,,יין פרינס רויאל גוור,מיליליטרים,750.00,"100 מ""ל",false,,39.90,0.0532,true,1,119361
7290111010507,false,נוזל כלים 18% תפוח 1,,,נוזל כלים 18% תפוח 1,מיליליטרים,1600.00,"100 מ""ל",false,,11.90,0.0074,true,1,134625
7290111010514,false,נוזל כלים 18% לימון,,,נוזל כלים 18% לימון,מיליליטרים,1600.00,"100 מ""ל",false,,11.90,0.0074,true,1,134626
7290111010583,false,נייר טואלט טוטו דו ש,,,נייר טואלט טוטו דו ש,יחידה,0.00,יחידה,false,,32.90,0.0000,true,1,132578
7290111010613,false,"שמן זית בשן 750מ""ל",,,"שמן זית בשן 750מ""ל",מיליליטרים,750.00,"100 מ""ל",false,,29.90,0.0399,true,1,132617
7290111010668,false,יין לוטן בלנד אדום75,,,יין לוטן בלנד אדום75,מיליליטרים,750.00,"100 מ""ל",false,,29.90,0.0399,true,1,133385
7290111010682,false,יין לוטן שיראז קברנה,,,יין לוטן שיראז קברנה,מיליליטרים,750.00,"100 מ""ל",false,,29.90,0.0399,true,1,133387
7290111010705,false,יין יערה אמרלד ריזלי,,,יין יערה אמרלד ריזלי,מיליליטרים,750.00,"100 מ""ל",false,,29.90,0.0399,true,1,133390
7290111010743,false,יין מרלו שאטו רפאלו,,,יין מרלו שאטו רפאלו,מיליליטרים,750.00,"100 מ""ל",false,,39.90,0.0532,true,1,133617
7290111010804,false,מרכך כביסה פרש לבנדר,,,מרכך כביסה פרש לבנדר,מיליליטרים,4000.00,"100 מ""ל",false,,16.90,0.0042,true,1,134609
7290111010842,false,מרכך כביסה בייבי פרש,,,מרכך כביסה בייבי פרש,מיליליטרים,1000.00,"100 מ""ל",false,,12.90,0.0129,true,1,134613
7290111010859,false,מרכך כביסה פרש  מונק,,,מרכך כביסה פרש  מונק,מיליליטרים,1000.00,"100 מ""ל",false,,12.90,0.0129,true,1,134614
7290111010866,false,מרכך כביסה פרש אורנג,,,מרכך כביסה פרש אורנג,מיליליטרים,1000.00,"100 מ""ל",false,,12.90,0.0129,true,1,134615
7290111010873,false,מרכך כביסה פרש לבנדר,,,מרכך כביסה פרש לבנדר,מיליליטרים,1000.00,"100 מ""ל",false,,12.90,0.0129,true,1,134616
7290111010880,false,מרכך כביסה פרש בליסי,,,מרכך כביסה פרש בליסי,מיליליטרים,1000.00,"100 מ""ל",false,,12.90,0.0129,true,1,134617
7290111010897,false,מרכך כביסה פרש לאונר,,,מרכך כביסה פרש לאונר,מיליליטרים,1000.00,"100 מ""ל",false,,12.90,0.0129,true,1,134618
7290111010903,false,מרכך כביסה פרש ונילה,,,מרכך כביסה פרש ונילה,מיליליטרים,1000.00,"100 מ""ל",false,,12.90,0.0129,true,1,134619
7290111010910,false,נוזל רצפות מרוכז מאס,,,נוזל רצפות מרוכז מאס,מיליליטרים,2000.00,"100 מ""ל",false,,16.90,0.0084,true,1,134620
7290111010927,false,נוזל רצפות מרוכז ספר,,,נוזל רצפות מרוכז ספר,מיליליטרים,2000.00,"100 מ""ל",false,,16.90,0.0084,true,1,134621
7290111010941,false,נוזל רצפות מרוכז לבנ,,,נוזל רצפות מרוכז לבנ,מיליליטרים,2000.00,"100 מ""ל",false,,16.90,0.0084,true,1,134623
7290111010958,false,נוזל רצפות מרוכז בית,,,נוזל רצפות מרוכז בית,מיליליטרים,2000.00,"100 מ""ל",false,,16.90,0.0084,true,1,134624
7290111010972,false,נוזל רצפות מאסק 4 לי,,,נוזל רצפות מאסק 4 לי,מיליליטרים,4000.00,"100 מ""ל",false,,12.90,0.0032,true,1,134628
7290111011047,false,נוזל חלונות 1 ליטר ס,,,נוזל חלונות 1 ליטר ס,מיליליטרים,750.00,"100 מ""ל",false,,7.90,0.0105,true,1,135221
7290111092985,false,מגבוני בייביסיטר מהד,,,מגבוני בייביסיטר מהד,יחידה,0.00,יחידה,false,,15.90,0.0000,true,1,134603
7290111093005,false,מגבונים להסרת איפור,,,מגבונים להסרת איפור,יחידה,0.00,יחידה,false,,7.90,0.0000,true,1,104773
7290111093760,false,קוויק מגבונים לניקוי,,,קוויק מגבונים לניקוי,יחידה,0.00,יחידה,false,,10.90,0.0000,true,1,133518
7290111093982,false,"תחליב רחצה ד""ר עור פ",,,"תחליב רחצה ד""ר עור פ",מיליליטרים,700.00,"100 מ""ל",false,,15.90,0.0227,true,1,135119
7290111094392,false,"תחליב רחצה ד""ר עור ק",,,"תחליב רחצה ד""ר עור ק",מיליליטרים,700.00,"100 מ""ל",false,,15.90,0.0227,true,1,135120
7290111096921,false,קוויק מגבונים לניקוי,,,קוויק מגבונים לניקוי,יחידה,0.00,יחידה,false,,8.90,0.0000,true,1,132143
7290111097546,false,קוויק מגבונים לניקוי,,,קוויק מגבונים לניקוי,יחידה,0.00,יחידה,false,,8.90,0.0000,true,1,133519
7290111340178,false,מטליות לחות לניקוי כ,,,מטליות לחות לניקוי כ,יח',50.00,יח',false,,10.90,0.2180,true,1,90110
7290111340185,false,מטליות לחות לרצפה בנ,,,מטליות לחות לרצפה בנ,יח',10.00,יח',false,,10.90,1.0900,true,1,90124
7290111341366,false,מפיות אירוח ניקול 15,,,מפיות אירוח ניקול 15,יחידה,0.00,יחידה,false,,10.90,0.0000,true,1,109838
7290111341373,false,לילי פסטל נייר טואלט,,,לילי פסטל נייר טואלט,יחידה,0.00,יחידה,false,,38.90,0.0000,true,1,94089
7290111342004,false,ליל מגבוני נייר טואל,,,ליל מגבוני נייר טואל,יחידה,0.00,יחידה,false,,8.90,0.0000,true,1,101857
7290111342042,false,כריות יפניות אנטיבקט,,,כריות יפניות אנטיבקט,יחידה,0.00,יחידה,false,,10.90,0.0000,true,1,117388
7290111342059,false,מטליות לחות אנטיבקטר,,,מטליות לחות אנטיבקטר,יחידה,0.00,יחידה,false,,10.90,0.0000,true,1,117391
7290111343117,false,קלינקס לושן סופט פק,,,קלינקס לושן סופט פק,יחידה,0.00,יחידה,false,,13.90,0.0000,true,1,130386
7290111343797,false,מטליות לניקוי חלונות,,,מטליות לניקוי חלונות,יחידה,0.00,יחידה,false,,10.90,0.0000,true,1,117742
7290111343858,false,מטליות לחות לניקוי ו,,,מטליות לחות לניקוי ו,יחידה,0.00,יחידה,false,,10.90,0.0000,true,1,117389
7290111344503,false,האגיס אקסטרא קייר מי,,,האגיס אקסטרא קייר מי,יחידה,0.00,יחידה,false,,47.90,0.0000,true,1,130234
7290111344527,false,זוג שקיות אשפה ענקיי,,,זוג שקיות אשפה ענקיי,יחידה,0.00,יחידה,false,,25.90,0.0000,true,1,130387
7290111344824,false,קוטקס מגן תחתון אנטי,,,קוטקס מגן תחתון אנטי,יחידה,0.00,יחידה,false,,18.90,0.0000,true,1,133258
7290111350726,false,נאצ'וס מתירס צהוב 32,,,נאצ'וס מתירס צהוב 32,גרמים,322.00,100 גרם,false,,15.90,0.0494,true,1,130977
7290111563492,false,מטבוחה חריפה צבר מרו,,,מטבוחה חריפה צבר מרו,גרמים,400.00,100 גרם,false,,12.90,0.0323,true,1,92785
7290111564291,false,פריכיות דקות עם קינו,,,פריכיות דקות עם קינו,גרמים,120.00,100 גרם,false,,11.90,0.0992,true,1,90135
7290111566103,false,פלאפל מרכיבים ביתיים,,,פלאפל מרכיבים ביתיים,גרמים,590.00,100 גרם,false,,33.90,0.0575,true,1,91931
7290111566332,false,נקניקיות וינר צמחוני,,,נקניקיות וינר צמחוני,גרמים,680.00,100 גרם,false,,33.90,0.0499,true,1,91930
7290111566417,false,טחון צמחוני טבעול 50,,,טחון צמחוני טבעול 50,גרמים,500.00,100 גרם,false,,33.90,0.0678,true,1,91941
7290111566547,false,חזה בגריל צמחוני 99,קריות זול,,חזה בגריל צמחוני 99,גרמים,560.00,100 גרם,false,,33.90,0.0605,true,1,91938
7290111566561,false,שניצל ברוקולי 99 קלו,,,שניצל ברוקולי 99 קלו,גרמים,560.00,100 גרם,false,,33.90,0.0605,true,1,97397
7290111566691,false,שניצל טבעול תרד 99 ק,,,שניצל טבעול תרד 99 ק,גרמים,560.00,100 גרם,false,,33.90,0.0605,true,1,102593
7290111930911,false,חטיף פוף לבבות קלאסי,,,חטיף פוף לבבות קלאסי,גרמים,40.00,100 גרם,false,,4.20,0.1050,true,1,97751
7290111930935,false,חטיף פוף טבעות קלאסי,,,חטיף פוף טבעות קלאסי,גרמים,40.00,100 גרם,false,,4.20,0.1050,true,1,97753
7290111932380,false,מרידול מארז זוג משחו,,,מרידול מארז זוג משחו,מטרים,150.00,100 מ'ל,false,,29.90,0.1993,true,1,129729
7290111936296,false,פלמוליב תחליב רחצה ס,,,פלמוליב תחליב רחצה ס,מיליליטרים,750.00,"100 מ""ל",false,,21.90,0.0292,true,1,96721
7290111937262,false,פרי חטיפי תמרים אגוז,,,פרי חטיפי תמרים אגוז,גרמים,125.00,100 גרם,false,,18.90,0.1512,true,1,96236
7290112000385,false,מנקה ומחטא למטבח 750,,,מנקה ומחטא למטבח 750,מיליליטרים,750.00,"100 מ""ל",false,,14.90,0.0199,true,1,94701
7290112000408,false,מנקה ומחטא לניקוי כל,,,מנקה ומחטא לניקוי כל,מיליליטרים,750.00,"100 מ""ל",false,,14.90,0.0199,true,1,94702
7290112000842,false,מטליות לחות מנקה ומח,,,מטליות לחות מנקה ומח,יחידה,0.00,יחידה,false,,14.90,0.0000,true,1,94703
7290112000873,false,מטליות לחות מנקה ומח,,,מטליות לחות מנקה ומח,יחידה,0.00,יחידה,false,,14.90,0.0000,true,1,94715
7290112001238,false,קולון מנקה מכונת כבי,,,קולון מנקה מכונת כבי,מיליליטרים,250.00,"100 מ""ל",false,,19.90,0.0796,true,1,94907
7290112001870,false,סיליט באנג ספריי לני,קריות זול,,סיליט באנג ספריי לני,מיליליטרים,750.00,"100 מ""ל",false,,12.90,0.0172,true,1,104823
7290112001917,false,פיניש ג'ל 1 ליטר ניח,,,פיניש ג'ל 1 ליטר ניח,ליטרים,1.00,ליטר,false,,45.90,45.9000,true,1,104988
7290112002099,false,קולון גל מרוכז רגיל,,,קולון גל מרוכז רגיל,ליטרים,2.50,ליטר,false,,24.90,9.9600,true,1,104994
7290112002105,false,קולון ג'ל מרוכז לילך,,,קולון ג'ל מרוכז לילך,ליטרים,2.50,ליטר,false,,24.90,9.9600,true,1,104995
7290112002112,false,קולון ג'ל מרוכז ורדי,,,קולון ג'ל מרוכז ורדי,ליטרים,2.50,ליטר,false,,24.90,9.9600,true,1,104996
7290112002129,false,קולון ג'ל מרוכז פריח,,,קולון ג'ל מרוכז פריח,ליטרים,2.50,ליטר,false,,24.90,9.9600,true,1,104997
7290112004192,false,פיניש טבליות למדיח א,,,פיניש טבליות למדיח א,יחידה,0.00,יחידה,false,,29.90,0.0000,true,1,133688
7290112004208,false,פיניש  טבליות למדיח,,,פיניש  טבליות למדיח,יחידה,0.00,יחידה,false,,34.90,0.0000,true,1,134195
7290112004314,false,דטול תרסיס מנקה ומחט,,,דטול תרסיס מנקה ומחט,מיליליטרים,750.00,"100 מ""ל",false,,14.90,0.0199,true,1,131707
7290112004413,false,וניש ספריי להסרת כתמ,,,וניש ספריי להסרת כתמ,מיליליטרים,750.00,"100 מ""ל",false,,23.90,0.0319,true,1,133920
7290112004970,false,פיניש אולטימייט טבלי,,,פיניש אולטימייט טבלי,יח',50.00,יח',false,,59.90,1.1980,true,1,135352
7290112005045,false,וניש אבקה לכביסה לבנ,,,וניש אבקה לכביסה לבנ,גרמים,480.00,100 גרם,false,,19.90,0.0415,true,1,134504
7290112005052,false,וניש אבקה לכביסה לבנ,,,וניש אבקה לכביסה לבנ,גרמים,1500.00,100 גרם,false,,39.90,0.0266,true,1,134502
7290112005076,false,וניש אבקה לכביסה צבע,,,וניש אבקה לכביסה צבע,גרמים,480.00,100 גרם,false,,19.90,0.0415,true,1,134505
7290112330352,false,דנונה פרו וניל 0% שו,,,דנונה פרו וניל 0% שו,גרמים,200.00,100 גרם,false,,6.30,0.0315,true,1,95962
7290112330390,false,דנונה פרו 20 גרם פיר,,,דנונה פרו 20 גרם פיר,גרמים,200.00,100 גרם,false,,6.30,0.0315,true,1,95963
7290112332691,false,עוגיות קרם פסק זמן א,,,עוגיות קרם פסק זמן א,גרמים,200.00,100 גרם,false,,10.90,0.0545,true,1,101782
7290112332899,false,בזוקה פופים קלאסי 58,,,בזוקה פופים קלאסי 58,גרמים,58.00,100 גרם,false,,9.90,0.1707,true,1,96451
7290112335494,false,פריכיות הטעימות פוטט,,,פריכיות הטעימות פוטט,גרמים,135.00,100 גרם,false,,13.50,0.1000,true,1,96445
7290112336613,false,עד חצות סנדוויץ עלית,,,עד חצות סנדוויץ עלית,גרמים,135.00,100 גרם,false,,10.90,0.0807,true,1,105761
7290112336712,false,דנונה פרו 21 עשיר בח,,,דנונה פרו 21 עשיר בח,גרמים,200.00,100 גרם,false,,6.30,0.0315,true,1,95741
7290112338877,false,סקי תות 3% 125 גרם,,,סקי תות 3% 125 גרם,גרמים,125.00,100 גרם,false,,3.90,0.0312,true,1,95212
7290112339362,false,דנונה לייט אנד פרייי,,,דנונה לייט אנד פרייי,גרמים,150.00,100 גרם,false,,4.80,0.0320,true,1,105126
7290112339867,false,גמדים סקוויז תות 100,,,גמדים סקוויז תות 100,גרמים,100.00,100 גרם,false,,5.80,0.0580,true,1,95385
7290112339874,false,גמדים סקוויז תות בננ,,,גמדים סקוויז תות בננ,גרמים,100.00,100 גרם,false,,5.80,0.0580,true,1,95386
7290112340122,false,פריכיות הטעימות 3 דג,,,פריכיות הטעימות 3 דג,גרמים,135.00,100 גרם,false,,13.50,0.1000,true,1,96447
7290112340245,false,מסטיק מאסט דובדבן מג,,,מסטיק מאסט דובדבן מג,גרמים,66.00,100 גרם,false,,9.90,0.1500,true,1,95878
7290112340276,false,עוגיות קרם קפה נמס 2,,,עוגיות קרם קפה נמס 2,גרמים,200.00,100 גרם,false,,10.90,0.0545,true,1,101784
7290112341686,false,אקטיביה 3% מארז שמינ,,,אקטיביה 3% מארז שמינ,גרמים,1200.00,100 גרם,false,,20.90,0.0174,true,1,104789
7290112342102,false,גבינת סימפוניה בצל מ,,,גבינת סימפוניה בצל מ,גרמים,200.00,100 גרם,false,,11.70,0.0585,true,1,109942
7290112343499,false,ציטוס פופס 55גרם,,,ציטוס פופס 55גרם,גרמים,55.00,100 גרם,false,,3.70,0.0673,true,1,132184
7290112344755,false,מילקי בטעם שוקולד עם,,,מילקי בטעם שוקולד עם,גרמים,135.00,100 גרם,false,,2.90,0.0215,true,1,119338
7290112346360,false,בפלות בציפוי שוקולד,,,בפלות בציפוי שוקולד,גרמים,180.00,100 גרם,false,,14.90,0.0828,true,1,109974
7290112346537,false,עוגיות פינוקיות בטעם,,,עוגיות פינוקיות בטעם,גרמים,200.00,100 גרם,false,,10.90,0.0545,true,1,105758
7290112346773,false,דנונה לייט אנד פריי,,,דנונה לייט אנד פריי,גרמים,150.00,100 גרם,false,,4.80,0.0320,true,1,129848
7290112346797,false,אקטיביה שיבולת שועל,,,אקטיביה שיבולת שועל,גרמים,150.00,100 גרם,false,,4.80,0.0320,true,1,111287
7290112347008,false,גמדים סקוויז ארוחת ב,,,גמדים סקוויז ארוחת ב,גרמים,100.00,100 גרם,false,,5.80,0.0580,true,1,105787
7290112348616,false,קפה נמס אגוזי לוז על,,,קפה נמס אגוזי לוז על,גרמים,100.00,100 גרם,false,,15.90,0.1590,true,1,118785
7290112349606,false,דניאלה בטעם תות בננה,,,דניאלה בטעם תות בננה,גרמים,88.00,100 גרם,false,,4.10,0.0466,true,1,132978
7290112349750,false,רוטב עגבניות לפיצה 3,,,רוטב עגבניות לפיצה 3,גרמים,350.00,100 גרם,false,,11.90,0.0340,true,1,110354
7290112349897,false,מאסט קוביות מנטה 86ג,,,מאסט קוביות מנטה 86ג,גרמים,86.00,100 גרם,false,,13.90,0.1616,true,1,111032
7290112351258,false,פינוקיות שחור לבן 20,,,פינוקיות שחור לבן 20,גרמים,200.00,100 גרם,false,,10.90,0.0545,true,1,118395
7290112354235,false,ברקטה פיצה 300גרם דל,,,ברקטה פיצה 300גרם דל,גרמים,300.00,100 גרם,false,,25.90,0.0863,true,1,135657
7290112355027,false,דנונה פרו 20 בטעם קר,,,דנונה פרו 20 בטעם קר,גרמים,200.00,100 גרם,false,,6.30,0.0315,true,1,119335
7290112355102,false,גמדים סקוויז סלט פיר,,,גמדים סקוויז סלט פיר,גרמים,100.00,100 גרם,false,,5.80,0.0580,true,1,130143
7290112355775,false,גבינת סימפוניה עירית,,,גבינת סימפוניה עירית,גרמים,200.00,100 גרם,false,,11.70,0.0585,true,1,134791
7290112357083,false,אפונת גינה ט.הטבע קו,,,אפונת גינה ט.הטבע קו,גרמים,380.00,100 גרם,false,,6.90,0.0182,true,1,117049
7290112357113,false,גרגרי חומוס ט.הטבע ק,,,גרגרי חומוס ט.הטבע ק,גרמים,380.00,100 גרם,false,,6.90,0.0182,true,1,117045
7290112358431,false,עד חצות ביסקוויט דאב,,,עד חצות ביסקוויט דאב,גרמים,200.00,100 גרם,false,,13.90,0.0695,true,1,130765
7290112359353,false,אלדין קפה טורקי 200ג,,,אלדין קפה טורקי 200ג,גרמים,200.00,100 גרם,false,,18.90,0.0945,true,1,133584
7290112490032,false,נמס בכוס קנור תירס,,,נמס בכוס קנור תירס,יחידה,0.00,יחידה,false,,6.90,0.0000,true,1,94495
7290112490209,false,נמס בכוס קנור עגבניו,,,נמס בכוס קנור עגבניו,גרמים,56.00,100 גרם,false,,6.90,0.1232,true,1,94527
7290112490216,false,נמס בכוס קנור עוף קר,,,נמס בכוס קנור עוף קר,גרמים,48.00,100 גרם,false,,6.90,0.1438,true,1,94528
7290112490667,false,קונפיטורה 778 משמש 3,,,קונפיטורה 778 משמש 3,גרמים,340.00,100 גרם,false,,14.90,0.0438,true,1,94531
7290112490674,false,קונפיטורה 778 דובדבן,,,קונפיטורה 778 דובדבן,גרמים,340.00,100 גרם,false,,14.90,0.0438,true,1,94532
7290112490728,false,מרק עשיר ירקות בורגו,,,מרק עשיר ירקות בורגו,גרמים,95.00,100 גרם,false,,12.90,0.1358,true,1,94505
7290112490735,false,מרק עשיר עגבניות פסט,,,מרק עשיר עגבניות פסט,גרמים,105.00,100 גרם,false,,12.90,0.1229,true,1,94506
7290112490742,false,מרק עשיר פטריות גריס,,,מרק עשיר פטריות גריס,גרמים,104.00,100 גרם,false,,12.90,0.1240,true,1,94507
7290112490759,false,מרק עשיר עוף איטריות,,,מרק עשיר עוף איטריות,גרמים,74.00,100 גרם,false,,12.90,0.1743,true,1,94508
7290112490896,false,רוטב צילי חריף קנור,קריות זול,,רוטב צילי חריף קנור,גרמים,370.00,100 גרם,false,,14.90,0.0403,true,1,94960
7290112491787,false,בייגלה דקים דקים שומ,קריות זול,,בייגלה דקים דקים שומ,גרמים,300.00,100 גרם,false,,10.90,0.0363,true,1,95607
7290112492449,false,פינוק שמפו לשיער רגי,קריות זול,,פינוק שמפו לשיער רגי,מיליליטרים,700.00,"100 מ""ל",false,,13.90,0.0199,true,1,110782
7290112492463,false,פינוק 2ב1 לשיער רגיל,קריות זול,,פינוק 2ב1 לשיער רגיל,מיליליטרים,700.00,"100 מ""ל",false,,13.90,0.0199,true,1,110784
7290112492470,false,פינוק 2ב1 לשיער יבש,,,פינוק 2ב1 לשיער יבש,מיליליטרים,700.00,"100 מ""ל",false,,13.90,0.0199,true,1,129734
7290112492500,false,פינוק שמפו שמן קוקוס,,,פינוק שמפו שמן קוקוס,מיליליטרים,700.00,"100 מ""ל",false,,13.90,0.0199,true,1,110786
7290112492548,false,פינוק מרכך לשיער יבש,,,פינוק מרכך לשיער יבש,מיליליטרים,700.00,"100 מ""ל",false,,13.90,0.0199,true,1,105607
7290112492593,false,פינוק תחליב רחצה קלא,,,פינוק תחליב רחצה קלא,מיליליטרים,700.00,"100 מ""ל",false,,12.90,0.0184,true,1,105611
7290112492609,false,פינוק תחליב רחצה לבנ,,,פינוק תחליב רחצה לבנ,מיליליטרים,700.00,"100 מ""ל",false,,12.90,0.0184,true,1,105612
7290112492647,false,פינוק שמפו לגבר 3 ב1,,,פינוק שמפו לגבר 3 ב1,מיליליטרים,700.00,"100 מ""ל",false,,13.90,0.0199,true,1,105616
7290112492722,false,פינוק שמפו ומרכך ליל,קריות זול,,פינוק שמפו ומרכך ליל,מיליליטרים,700.00,"100 מ""ל",false,,13.90,0.0199,true,1,117434
7290112492982,false,קנור א.מרק פטריות רכ,,,קנור א.מרק פטריות רכ,גרמים,400.00,100 גרם,false,,22.90,0.0572,true,1,105603
7290112492999,false,"מרק טעם עוף קנור בד""",,,"מרק טעם עוף קנור בד""",גרמים,400.00,100 גרם,false,,15.90,0.0398,true,1,105697
7290112493064,false,רוטב שזיפים לעוף קנו,,,רוטב שזיפים לעוף קנו,גרמים,320.00,100 גרם,false,,14.90,0.0466,true,1,110985
7290112493088,false,נמס בכוס קנור עדשים,,,נמס בכוס קנור עדשים,גרמים,54.00,100 גרם,false,,6.90,0.1278,true,1,101616
7290112493095,false,נמס בכוס קנורעגבניות,,,נמס בכוס קנורעגבניות,גרמים,48.00,100 גרם,false,,6.90,0.1438,true,1,101617
7290112493293,false,נמס בכוס קנור ירקות,,,נמס בכוס קנור ירקות,גרמים,44.00,100 גרם,false,,6.90,0.1568,true,1,101618
7290112493927,false,קרמיסימו רית חלב 1.3,,,קרמיסימו רית חלב 1.3,ליטרים,1300.00,100 ליטר,false,,21.90,0.0168,true,1,105617
7290112493934,false,קרמיסימו וניל 1.33 ל,,,קרמיסימו וניל 1.33 ל,ליטרים,1330.00,100 ליטר,false,,21.90,0.0165,true,1,105618
7290112493965,false,קרמיסימו מסטיגם 1.33,,,קרמיסימו מסטיגם 1.33,ליטרים,1300.00,100 ליטר,false,,21.90,0.0168,true,1,105619
7290112494283,false,קליק מעורב חום לבן ת,,,קליק מעורב חום לבן ת,גרמים,65.00,100 גרם,false,,6.90,0.1062,true,1,105142
7290112494382,false,פירה ביתי 260גר,,,פירה ביתי 260גר,גרמים,260.00,100 גרם,false,,14.90,0.0573,true,1,105151
7290112494801,false,בדין גל כביסה לבנה ו,,,בדין גל כביסה לבנה ו,ליטרים,2.50,ליטר,false,,32.90,13.1600,true,1,105699
7290112495037,false,קוקומן כדורים 375גר,,,קוקומן כדורים 375גר,גרמים,375.00,100 גרם,false,,21.90,0.0584,true,1,105133
7290112495280,false,ברנפלקס ריבועי קינמו,,,ברנפלקס ריבועי קינמו,גרמים,500.00,100 גרם,false,,22.90,0.0458,true,1,110089
7290112495433,false,"דליפקאן בד""ץ תלמה 40",,,"דליפקאן בד""ץ תלמה 40",גרמים,400.00,100 גרם,false,,22.90,0.0572,true,1,102159
7290112495488,false,קורנפלקס ללא גלוטן 5,,,קורנפלקס ללא גלוטן 5,גרמים,500.00,100 גרם,false,,21.90,0.0438,true,1,110091
7290112495747,false,רוטב צ'ילי מופחת סוכ,,,רוטב צ'ילי מופחת סוכ,גרמים,340.00,100 גרם,false,,14.90,0.0438,true,1,110074
7290112495785,false,הלמנס לסלט רוטב שום,,,הלמנס לסלט רוטב שום,גרמים,300.00,100 גרם,false,,14.90,0.0497,true,1,110071
7290112495792,false,הלמנס רוטב לסלט שום,,,הלמנס רוטב לסלט שום,גרמים,300.00,100 גרם,false,,14.90,0.0497,true,1,110067
7290112495808,false,הלמנס לסלט חרדל ודבש,,,הלמנס לסלט חרדל ודבש,גרמים,305.00,100 גרם,false,,14.90,0.0489,true,1,110069
7290112496027,false,אפיכל סירופ שוקולד 5,,,אפיכל סירופ שוקולד 5,גרמים,580.00,100 גרם,false,,14.90,0.0257,true,1,110082
7290112496218,false,רוטב טריאקי פחות50%,,,רוטב טריאקי פחות50%,גרמים,340.00,100 גרם,false,,14.90,0.0438,true,1,110489
7290112496287,false,פתית צ'יפס בטטה בטעם,,,פתית צ'יפס בטטה בטעם,גרמים,0.00,100 גרם,false,,4.90,0.0000,true,1,117436
7290112496331,false,קורנפלקס בטעם בננה ת,,,קורנפלקס בטעם בננה ת,גרמים,448.00,100 גרם,false,,17.90,0.0400,true,1,130434
7290112497000,false,סיף תרכיז ניקוי רב ת,,,סיף תרכיז ניקוי רב ת,מיליליטרים,1000.00,"100 מ""ל",false,,12.90,0.0129,true,1,111020
7290112497123,false,סחלב תערובת להכנה 11,,,סחלב תערובת להכנה 11,גרמים,112.00,100 גרם,false,,13.90,0.1241,true,1,118845
7290112497864,false,מרק בטעם עוף קנור רכ,קריות זול,,מרק בטעם עוף קנור רכ,גרמים,400.00,100 גרם,false,,24.90,0.0622,true,1,119102
7290112498267,false,פינוק סבון ידיים קלא,,,פינוק סבון ידיים קלא,מיליליטרים,950.00,"100 מ""ל",false,,11.90,0.0125,true,1,131867
7290112498274,false,פינוק סבון ידיים לבנ,,,פינוק סבון ידיים לבנ,מיליליטרים,950.00,"100 מ""ל",false,,11.90,0.0125,true,1,131868
7290112498281,false,פינוק סבון ידיים קוק,,,פינוק סבון ידיים קוק,מיליליטרים,950.00,"100 מ""ל",false,,11.90,0.0125,true,1,131869
7290112498298,false,פינוק סבון ידיים מרו,,,פינוק סבון ידיים מרו,מיליליטרים,950.00,"100 מ""ל",false,,11.90,0.0125,true,1,131870
7290112498441,false,רוטב אסייתי למוקפץ ק,,,רוטב אסייתי למוקפץ ק,גרמים,370.00,100 גרם,false,,14.90,0.0403,true,1,130708
7290112498748,false,מאגדת מיני סולרו וני,,,מאגדת מיני סולרו וני,יחידה,0.00,יחידה,false,,24.90,0.0000,true,1,130516
7290112498915,false,מיני מגנום שקדים מוב,,,מיני מגנום שקדים מוב,גרמים,250.00,100 גרם,false,,29.90,0.1196,true,1,130591
7290112498922,false,מיני מגנום לבן 250גר,,,מיני מגנום לבן 250גר,גרמים,250.00,100 גרם,false,,29.90,0.1196,true,1,130590
7290112499097,false,מאגדת מיני מגנום מרי,,,מאגדת מיני מגנום מרי,גרמים,240.00,100 גרם,false,,29.90,0.1246,true,1,133276
7290112499196,false,קרמיסימו חלב קורנפלק,קריות זול,,קרמיסימו חלב קורנפלק,מיליליטרים,1330.00,"100 מ""ל",false,,21.90,0.0165,true,1,134597
7290112499844,false,מיני מגנום דואט שוקו,,,מיני מגנום דואט שוקו,גרמים,310.00,100 גרם,false,,29.90,0.0965,true,1,109683
7290112499943,false,מיני מגנום קלאסיק שו,,,מיני מגנום קלאסיק שו,גרמים,250.00,100 גרם,false,,29.90,0.1196,true,1,109684
7290112700407,false,נר גדול מנצנץ זהב ענ,,,נר גדול מנצנץ זהב ענ,יחידה,0.00,יחידה,false,,8.90,0.0000,true,1,93799
7290112962287,false,טבעול שווארמה טבעוני,,,טבעול שווארמה טבעוני,גרמים,450.00,100 גרם,false,,33.90,0.0753,true,1,110103
7290112963918,false,פיטנס קרקר דק רוזמרי,,,פיטנס קרקר דק רוזמרי,גרמים,140.00,100 גרם,false,,12.90,0.0921,true,1,101668
7290112964410,false,רוטב אלף האיים לסלט,,,רוטב אלף האיים לסלט,גרמים,290.00,100 גרם,false,,12.50,0.0431,true,1,96605
7290112964434,false,רוטב קיסר לסלט אסם 2,,,רוטב קיסר לסלט אסם 2,גרמים,295.00,100 גרם,false,,12.50,0.0424,true,1,96606
7290112964472,false,רוטב שום לסלט אסם 29,,,רוטב שום לסלט אסם 29,גרמים,290.00,100 גרם,false,,12.50,0.0431,true,1,96603
7290112964564,false,רוטב אלף האיים לייט,,,רוטב אלף האיים לייט,גרמים,295.00,100 גרם,false,,12.50,0.0424,true,1,96608
7290112964601,false,אסם רוטב בנוסח סצואן,,,אסם רוטב בנוסח סצואן,מיליליטרים,290.00,"100 מ""ל",false,,15.90,0.0548,true,1,96066
7290112964625,false,רוטב שום לייט לסלט א,,,רוטב שום לייט לסלט א,גרמים,310.00,100 גרם,false,,12.50,0.0403,true,1,96609
7290112964724,false,טבעול המבורגר טבעוני,,,טבעול המבורגר טבעוני,גרמים,580.00,100 גרם,false,,33.90,0.0584,true,1,101715
7290112965707,false,פיטנס חטיף מולטיגריי,,,פיטנס חטיף מולטיגריי,גרמים,25.00,100 גרם,false,,5.90,0.2360,true,1,118580
7290112965868,false,קרם קרקר במליחות עדי,,,קרם קרקר במליחות עדי,גרמים,250.00,100 גרם,false,,8.90,0.0356,true,1,105731
7290112965967,false,נאגטס ירקות כתומים 5,,,נאגטס ירקות כתומים 5,גרמים,500.00,100 גרם,false,,33.90,0.0678,true,1,117451
7290112966094,false,עוגת הבית תפוז מופחת,,,עוגת הבית תפוז מופחת,גרמים,400.00,100 גרם,false,,13.90,0.0348,true,1,105736
7290112966247,false,לחמית כוסמין אסם 200,,,לחמית כוסמין אסם 200,גרמים,200.00,100 גרם,false,,11.50,0.0575,true,1,110767
7290112966803,false,פודינג שוקולד אסם 88,קריות זול,,פודינג שוקולד אסם 88,גרמים,88.00,100 גרם,false,,5.90,0.0670,true,1,105705
7290112967114,false,פיטנס חטיפי פריכיות,,,פיטנס חטיפי פריכיות,גרמים,60.00,100 גרם,false,,8.90,0.1483,true,1,110475
7290112967381,false,פיטנס חטיפי פריכיות,,,פיטנס חטיפי פריכיות,גרמים,60.00,100 גרם,false,,8.90,0.1483,true,1,110476
7290112967848,false,ג'לי תות מופחת סוכר,,,ג'לי תות מופחת סוכר,גרמים,68.00,100 גרם,false,,6.90,0.1015,true,1,130537
7290112968203,false,סלט טחינה באלדי צבר,,,סלט טחינה באלדי צבר,גרמים,250.00,100 גרם,false,,10.90,0.0436,true,1,110477
7290112968340,false,חומוס גרוס גס גס צבר,,,חומוס גרוס גס גס צבר,גרמים,400.00,100 גרם,false,,14.50,0.0363,true,1,110245
7290112968449,false,סלט כרוב אדום צבר 25,,,סלט כרוב אדום צבר 25,גרמים,250.00,100 גרם,false,,10.90,0.0436,true,1,110483
7290112968807,false,פיטנס קרקר דק סלק 14,,,פיטנס קרקר דק סלק 14,גרמים,140.00,100 גרם,false,,12.90,0.0921,true,1,118575
7290112968821,false,פיטנס קרקר דק בטטה 1,,,פיטנס קרקר דק בטטה 1,גרמים,140.00,100 גרם,false,,12.90,0.0921,true,1,118577
7290112969903,false,נאגטס ירקות לבנים 50,,,נאגטס ירקות לבנים 50,גרמים,500.00,100 גרם,false,,33.90,0.0678,true,1,117452
7290113190450,false,ממרח תמרים 450 גרם ש,,,ממרח תמרים 450 גרם ש,גרמים,450.00,100 גרם,false,,5.90,0.0131,true,1,95732
7290113192300,false,חרוזית מושחר 275גרם,,,חרוזית מושחר 275גרם,גרמים,275.00,100 גרם,false,,10.90,0.0396,true,1,116815
7290113192324,false,זית ירוק 340גרם בית,,,זית ירוק 340גרם בית,גרמים,340.00,100 גרם,false,,9.90,0.0291,true,1,110880
7290113192348,false,זית ירוק טעם שום 17-,,,זית ירוק טעם שום 17-,גרמים,340.00,100 גרם,false,,9.90,0.0291,true,1,116817
7290113192355,false,חרוזית ירוק 275גרם ב,,,חרוזית ירוק 275גרם ב,גרמים,275.00,100 גרם,false,,10.90,0.0396,true,1,116818
7290113192362,false,טבעות זיתים ירוקים 2,,,טבעות זיתים ירוקים 2,גרמים,280.00,100 גרם,false,,10.90,0.0389,true,1,116819
7290113192379,false,זיתים ירוקים מבוקעים,,,זיתים ירוקים מבוקעים,גרמים,340.00,100 גרם,false,,10.90,0.0321,true,1,116820
7290113192386,false,זית סורי מבוקע 340גר,,,זית סורי מבוקע 340גר,גרמים,340.00,100 גרם,false,,11.50,0.0338,true,1,116821
7290113192393,false,קוקטייל זיתים 336גרם,,,קוקטייל זיתים 336גרם,גרמים,336.00,100 גרם,false,,11.90,0.0354,true,1,116822
7290113192478,false,מלפפון במלח בינוניים,,,מלפפון במלח בינוניים,גרמים,320.00,100 גרם,false,,8.90,0.0278,true,1,116829
7290113192485,false,מלפפון בחומץ 10-12 2,,,מלפפון בחומץ 10-12 2,גרמים,290.00,100 גרם,false,,8.90,0.0307,true,1,116830
7290113192492,false,מלפפון בחומץ קטנים 1,,,מלפפון בחומץ קטנים 1,גרמים,290.00,100 גרם,false,,10.90,0.0376,true,1,116831
7290113192508,false,מלפפון במלח קטנים 13,,,מלפפון במלח קטנים 13,גרמים,320.00,100 גרם,false,,10.90,0.0341,true,1,116833
7290113192515,false,מלפפון במלח 18-25 קט,,,מלפפון במלח 18-25 קט,גרמים,320.00,100 גרם,false,,12.90,0.0403,true,1,116836
7290113192522,false,מלפפון בחומץ 18-25 ק,,,מלפפון בחומץ 18-25 ק,גרמים,290.00,100 גרם,false,,12.90,0.0445,true,1,116837
7290113192539,false,מלפפון במלח גדולים 7,,,מלפפון במלח גדולים 7,גרמים,320.00,100 גרם,false,,6.90,0.0216,true,1,116838
7290113192546,false,מלפפון בחומץ גדולים,,,מלפפון בחומץ גדולים,גרמים,290.00,100 גרם,false,,6.90,0.0238,true,1,116840
7290113192553,false,מלפפון במלח בלדי 13-,,,מלפפון במלח בלדי 13-,גרמים,320.00,100 גרם,false,,10.90,0.0341,true,1,116841
7290113192577,false,כרוב כבוש א2 430 גרם,,,כרוב כבוש א2 430 גרם,גרמים,430.00,100 גרם,false,,7.90,0.0184,true,1,117804
7290113192881,false,טורטיה חיטה מופחתת ק,,,טורטיה חיטה מופחתת ק,גרמים,270.00,100 גרם,false,,9.90,0.0367,true,1,117576
7290113192997,false,זית שחור יבש 340 גרם,,,זית שחור יבש 340 גרם,גרמים,340.00,100 גרם,false,,13.90,0.0409,true,1,117805
7290113193000,false,פלפל שיפקונית 230 גר,,,פלפל שיפקונית 230 גר,גרמים,230.00,100 גרם,false,,11.50,0.0500,true,1,117806
7290113193031,false,חרוזית קלמטה 275 גרם,,,חרוזית קלמטה 275 גרם,גרמים,275.00,100 גרם,false,,13.90,0.0505,true,1,117808
7290113193406,false,קוקטייל זיתים טבעות,,,קוקטייל זיתים טבעות,גרמים,280.00,100 גרם,false,,13.90,0.0496,true,1,117809
7290113195196,false,רסק תפוחי עץ 710 גרם,,,רסק תפוחי עץ 710 גרם,גרמים,710.00,100 גרם,false,,9.90,0.0139,true,1,130058
7290113196001,false,פסטה ספגטי שקדיה 500,,,פסטה ספגטי שקדיה 500,גרמים,500.00,100 גרם,false,,4.90,0.0098,true,1,134729
7290113196018,false,פסטה ביסלי שקדיה 500,,,פסטה ביסלי שקדיה 500,גרמים,500.00,100 גרם,false,,4.90,0.0098,true,1,134730
7290113196032,false,פסטה צדפים 500 גרם,,,פסטה צדפים 500 גרם,גרמים,500.00,100 גרם,false,,4.90,0.0098,true,1,134732
7290113196414,false,"אורז בסמטי 1 ק""ג שקד",קריות זול,,"אורז בסמטי 1 ק""ג שקד",גרמים,1000.00,100 גרם,false,,11.90,0.0119,true,1,132338
7290113196506,false,פריכיות כוסמת ללא מל,,,פריכיות כוסמת ללא מל,גרמים,150.00,100 גרם,false,,9.90,0.0660,true,1,132335
7290113196520,false,פריכיות כוסמין ללא מ,,,פריכיות כוסמין ללא מ,גרמים,150.00,100 גרם,false,,9.90,0.0660,true,1,132333
7290113196902,false,מנה חמה אטריות אורז,קריות זול,,מנה חמה אטריות אורז,גרמים,60.00,100 גרם,false,,7.90,0.1317,true,1,134735
7290113196919,false,מנה חמה אטריות אורז,קריות זול,,מנה חמה אטריות אורז,גרמים,60.00,100 גרם,false,,7.90,0.1317,true,1,134737
7290113196933,false,מנה חמה אטריות אורז,קריות זול,,מנה חמה אטריות אורז,גרמים,60.00,100 גרם,false,,7.90,0.1317,true,1,134738
7290113197169,false,חמאת בוטנים טבעית 51,,,חמאת בוטנים טבעית 51,גרמים,510.00,100 גרם,false,,16.90,0.0331,true,1,134739
7290113198579,false,סוכריות גומי דובונים,,,סוכריות גומי דובונים,גרמים,200.00,100 גרם,false,,10.00,0.0500,true,1,133697
7290113198586,false,סוכריות גומי מסוכרות,,,סוכריות גומי מסוכרות,גרמים,200.00,100 גרם,false,,10.00,0.0500,true,1,133698
7290113198593,false,סוכריות גומי מסוכרות,,,סוכריות גומי מסוכרות,גרמים,200.00,100 גרם,false,,10.00,0.0500,true,1,133696
7290113198609,false,סוכריות גומי נחשים ב,,,סוכריות גומי נחשים ב,גרמים,200.00,100 גרם,false,,10.00,0.0500,true,1,133695
7290113199323,false,טורטיה מיני 150 גרם,,,טורטיה מיני 150 גרם,גרמים,150.00,100 גרם,false,,4.90,0.0327,true,1,134734
7290113199897,false,סוכריות חמצוצים בטעם,,,סוכריות חמצוצים בטעם,גרמים,200.00,100 גרם,false,,10.00,0.0500,true,1,133700
7290113199903,false,סוכריות חמצוצים בטעם,,,סוכריות חמצוצים בטעם,גרמים,200.00,100 גרם,false,,10.00,0.0500,true,1,133701
7290113199910,false,סוכריות חמצוצים בטעם,,,סוכריות חמצוצים בטעם,גרמים,200.00,100 גרם,false,,10.00,0.0500,true,1,133702
7290113199927,false,סוכריות חמצוצים בטעמ,,,סוכריות חמצוצים בטעמ,גרמים,200.00,100 גרם,false,,10.00,0.0500,true,1,133704
7290113199934,false,סוכריות חמצוצים בטעם,,,סוכריות חמצוצים בטעם,גרמים,200.00,100 גרם,false,,10.00,0.0500,true,1,133703
7290113560055,false,פרודונטקס מי פה 559,,,פרודונטקס מי פה 559,מיליליטרים,559.00,"100 מ""ל",false,,29.90,0.0535,true,1,131521
7290114310215,false,שמנת מתוקה 38% בקבוק,,,שמנת מתוקה 38% בקבוק,מיליליטרים,250.00,"100 מ""ל",false,,6.47,0.0259,true,1,116808
7290114310222,false,חלב טרה 1.5ל 3ֵ% מעו,,,חלב טרה 1.5ל 3ֵ% מעו,מיליליטרים,1500.00,"100 מ""ל",false,,12.90,0.0086,true,1,135223
7290114310239,false,חלב נטול לקטוז 1.5 ל,,,חלב נטול לקטוז 1.5 ל,מיליליטרים,1500.00,"100 מ""ל",false,,12.90,0.0086,true,1,135222
7290114310338,false,צפתית מעודנת  225גר,קריות זול,,צפתית מעודנת  225גר,גרמים,225.00,100 גרם,false,,19.90,0.0884,true,1,129801
7290114310345,false,מוו מעדן חלב בטעם תו,,,מוו מעדן חלב בטעם תו,גרמים,125.00,100 גרם,false,,3.20,0.0256,true,1,118805
7290114310536,false,מולר אקטיב לייט יוגו,,,מולר אקטיב לייט יוגו,גרמים,200.00,100 גרם,false,,6.40,0.0320,true,1,130834
7290114310611,false,"משקה חלב בננה 250 מ""",,,"משקה חלב בננה 250 מ""",מיליליטרים,250.00,"100 מ""ל",false,,5.70,0.0228,true,1,130836
7290114310628,false,משקה חלב וניל ועוגיו,,,משקה חלב וניל ועוגיו,מיליליטרים,1000.00,"100 מ""ל",false,,12.90,0.0129,true,1,131843
7290114310901,false,גבינה לבנה 5% מהדרין,,,גבינה לבנה 5% מהדרין,גרמים,250.00,100 גרם,false,,4.98,0.0199,true,1,131719
7290114311014,false,משקה אייס קפוצינו טר,,,משקה אייס קפוצינו טר,מיליליטרים,250.00,"100 מ""ל",false,,5.70,0.0228,true,1,134010
7290114311021,false,משקה וניל עוגיות טרה,,,משקה וניל עוגיות טרה,מיליליטרים,250.00,"100 מ""ל",false,,5.70,0.0228,true,1,134011
7290114311038,false,שמנת להקצפה טרה 32%,,,שמנת להקצפה טרה 32%,מיליליטרים,250.00,"100 מ""ל",false,,7.50,0.0300,true,1,134049
7290114311069,false,מולר אקטיב 25ג חלבון,,,מולר אקטיב 25ג חלבון,גרמים,200.00,100 גרם,false,,5.90,0.0295,true,1,133392
7290114311076,false,מולר חמאה צהובה עם ש,,,מולר חמאה צהובה עם ש,גרמים,200.00,100 גרם,false,,12.90,0.0645,true,1,134053
7290114311298,false,מולר פרופ קציפת תות,,,מולר פרופ קציפת תות,גרמים,150.00,100 גרם,false,,5.10,0.0340,true,1,134491
7290114311304,false,מולר פרופ קציפת מנגו,,,מולר פרופ קציפת מנגו,גרמים,150.00,100 גרם,false,,5.10,0.0340,true,1,134492
7290114311359,false,מולר פרופ קציפת מנגו,,,מולר פרופ קציפת מנגו,גרמים,150.00,100 גרם,false,,5.10,0.0340,true,1,134593
7290114311458,false,חלב 3% מועשר ויטמין-,,,חלב 3% מועשר ויטמין-,מיליליטרים,1000.00,"100 מ""ל",false,,7.90,0.0079,true,1,135072
7290115073720,false,שלישיית ביצי שוקולד-,,,שלישיית ביצי שוקולד-,יחידה,0.00,יחידה,false,,12.90,0.0000,true,1,134212
7290115200003,false,פתי בר פינוקי וניל 2,קריות זול,,פתי בר פינוקי וניל 2,גרמים,220.00,100 גרם,false,,12.70,0.0577,true,1,117508
7290115200027,false,פתי בר פינוקי שוקו 2,קריות זול,,פתי בר פינוקי שוקו 2,גרמים,220.00,100 גרם,false,,12.70,0.0577,true,1,117509
7290115200676,false,קרמוגית קרמל מלוח אס,קריות זול,,קרמוגית קרמל מלוח אס,גרמים,200.00,100 גרם,false,,12.70,0.0635,true,1,117782
7290115201680,false,ביסלי ברביקיו אסם 70,,,ביסלי ברביקיו אסם 70,גרמים,70.00,100 גרם,false,,4.90,0.0700,true,1,118576
7290115201741,false,ביסלי בטעם בצל אסם 7,,,ביסלי בטעם בצל אסם 7,גרמים,70.00,100 גרם,false,,4.90,0.0700,true,1,118574
7290115202236,false,טבעול טופו קראנצ'ים,קריות זול,,טבעול טופו קראנצ'ים,גרמים,470.00,100 גרם,false,,34.90,0.0743,true,1,131548
7290115202250,false,טבעול טופו קראנצ'ים,קריות זול,,טבעול טופו קראנצ'ים,גרמים,470.00,100 גרם,false,,34.90,0.0743,true,1,131549
7290115203172,false,במבה פרו 80 גרם,קריות זול,,במבה פרו 80 גרם,גרמים,80.00,100 גרם,false,,4.90,0.0613,true,1,134810
7290115204131,false,סחוג ירוק צבר 190גר,,,סחוג ירוק צבר 190גר,גרמים,190.00,100 גרם,false,,12.90,0.0679,true,1,134125
7290115204155,false,סחוג אדום צבר 190גר,,,סחוג אדום צבר 190גר,גרמים,190.00,100 גרם,false,,12.90,0.0679,true,1,134126
7290115204261,false,אריסה צבר 190גר,,,אריסה צבר 190גר,גרמים,190.00,100 גרם,false,,12.90,0.0679,true,1,134127
7290115205176,false,פיטנס קרקר דק כפרי 1,,,פיטנס קרקר דק כפרי 1,גרמים,140.00,100 גרם,false,,12.90,0.0921,true,1,132234
7290115205312,false,פיטנס קרקר דק זיתים,,,פיטנס קרקר דק זיתים,גרמים,140.00,100 גרם,false,,12.90,0.0921,true,1,133959
7290115205527,false,פיטנס חטיף מולטיגריי,,,פיטנס חטיף מולטיגריי,גרמים,25.00,100 גרם,false,,5.90,0.2360,true,1,134308
7290115205541,false,פיטנס חטיף מולטיגריי,,,פיטנס חטיף מולטיגריי,גרמים,25.00,100 גרם,false,,5.90,0.2360,true,1,134309
7290115205978,false,פתי בר אצבעות שוקולד,קריות זול,,פתי בר אצבעות שוקולד,גרמים,180.00,100 גרם,false,,12.70,0.0706,true,1,133501
7290115207484,false,צבר חציל על האש היתר,,,צבר חציל על האש היתר,גרמים,360.00,100 גרם,false,,16.90,0.0469,true,1,134124
7290115207620,false,רוטב בסגנון סויה קלא,,,רוטב בסגנון סויה קלא,מיליליטרים,290.00,"100 מ""ל",false,,15.90,0.0548,true,1,133964
7290115207682,false,רוטב בסגנון סויה סינ,,,רוטב בסגנון סויה סינ,מיליליטרים,290.00,"100 מ""ל",false,,12.90,0.0445,true,1,133962
7290115207941,false,ויטמינציק אננס 1 ליט,,,ויטמינציק אננס 1 ליט,מיליליטרים,1000.00,"100 מ""ל",false,,21.90,0.0219,true,1,133168
7290115207989,false,ויטמינצ'יק לימון 1 ל,,,ויטמינצ'יק לימון 1 ל,מיליליטרים,1000.00,"100 מ""ל",false,,21.90,0.0219,true,1,133170
7290115208009,false,ויטמינציק ענבים  1 ל,,,ויטמינציק ענבים  1 ל,מיליליטרים,1000.00,"100 מ""ל",false,,21.90,0.0219,true,1,133171
7290115208047,false,ויטמינציק פטל 1 ליטר,,,ויטמינציק פטל 1 ליטר,מיליליטרים,1000.00,"100 מ""ל",false,,21.90,0.0219,true,1,133167
7290115208061,false,ויטמינציק תפוח 1 ליט,,,ויטמינציק תפוח 1 ליט,מיליליטרים,1000.00,"100 מ""ל",false,,21.90,0.0219,true,1,133172
7290115208320,false,אפרופו בטעם ביסלי בצ,קריות זול,,אפרופו בטעם ביסלי בצ,גרמים,50.00,100 גרם,false,,5.30,0.1060,true,1,135481
7290115208597,false,קרמוגית מיניס קרמל מ,,,קרמוגית מיניס קרמל מ,גרמים,200.00,100 גרם,false,,12.70,0.0635,true,1,134648
7290115208801,false,לחמית דבש ואגוזים 19,,,לחמית דבש ואגוזים 19,גרמים,190.00,100 גרם,false,,11.50,0.0605,true,1,134813
7290115209198,false,במבה אורירית אסם 80,קריות זול,,במבה אורירית אסם 80,גרמים,80.00,100 גרם,false,,4.90,0.0613,true,1,134307
7290115209235,false,פתי בר קפה 500 גרם א,קריות זול,,פתי בר קפה 500 גרם א,גרמים,500.00,100 גרם,false,,14.90,0.0298,true,1,135156
7290115209358,false,במבה במילוי בראוניז,,,במבה במילוי בראוניז,גרמים,60.00,100 גרם,false,,4.90,0.0817,true,1,135478
7290115209372,false,במבה במילוי בראוניז,,,במבה במילוי בראוניז,גרמים,150.00,100 גרם,false,,10.70,0.0713,true,1,135479
7290115400311,false,עוגיות מלוחות מס' 1,,,עוגיות מלוחות מס' 1,גרמים,200.00,100 גרם,false,,15.90,0.0795,true,1,130809
7290115400328,false,עוגיות מלוחות מס' 2,,,עוגיות מלוחות מס' 2,גרמים,200.00,100 גרם,false,,15.90,0.0795,true,1,130810
7290115480016,false,סוד קפסולות ג'ל 3+1,,,סוד קפסולות ג'ל 3+1,יחידה,0.00,יחידה,false,,29.90,0.0000,true,1,134657
7290115677362,false,נודלס טריאקי 350גרם,,,נודלס טריאקי 350גרם,גרמים,350.00,100 גרם,false,,27.90,0.0797,true,1,135654
7290115677409,false,אורז קארי צהוב דלישס,,,אורז קארי צהוב דלישס,גרמים,350.00,100 גרם,false,,27.90,0.0797,true,1,135648
7290115677966,false,ממרח אבוקדו טעם הטבע,,,ממרח אבוקדו טעם הטבע,גרמים,200.00,100 גרם,false,,15.90,0.0795,true,1,132564
7290115678376,false,מעדן הגולן שוקולד 12,קריות זול,,מעדן הגולן שוקולד 12,גרמים,125.00,100 גרם,false,,3.00,0.0240,true,1,131584
7290115678383,false,מעדן הגולן שוקולד מר,קריות זול,,מעדן הגולן שוקולד מר,גרמים,125.00,100 גרם,false,,3.00,0.0240,true,1,131585
7290115679878,false,פיצה סלק 320 גרם דלי,,,פיצה סלק 320 גרם דלי,גרמים,320.00,100 גרם,false,,27.90,0.0872,true,1,135650
7290115679885,false,פיצה כרובית 320 גרם,,,פיצה כרובית 320 גרם,גרמים,320.00,100 גרם,false,,27.90,0.0872,true,1,135651
7290116530062,false,רוטב ויניגרט לסלט 29,,,רוטב ויניגרט לסלט 29,גרמים,300.00,100 גרם,false,,14.90,0.0497,true,1,131160
7290116530482,false,מארז קורנפלקס של אלו,,,מארז קורנפלקס של אלו,גרמים,30.00,100 גרם,false,,12.90,0.4300,true,1,132622
7290116530871,false,נשנושים מיקס 240 גרם,,,נשנושים מיקס 240 גרם,גרמים,240.00,100 גרם,false,,13.90,0.0579,true,1,134599
7290116531083,false,ברנפלקס ללא סוכר שקד,,,ברנפלקס ללא סוכר שקד,גרמים,400.00,100 גרם,false,,22.90,0.0572,true,1,133038
7290116531243,false,פינוק שמפו  ומרכך 2,קריות זול,,פינוק שמפו  ומרכך 2,מיליליטרים,700.00,"100 מ""ל",false,,13.90,0.0199,true,1,132432
7290116531496,false,קינמונים דגנים פריכי,קריות זול,,קינמונים דגנים פריכי,גרמים,375.00,100 גרם,false,,21.90,0.0584,true,1,133498
7290116531762,false,בדין דפים למייבש וור,קריות זול,,בדין דפים למייבש וור,יחידה,0.00,יחידה,false,,19.90,0.0000,true,1,133401
7290116531779,false,בדין דפי מרכך כחול 4,קריות זול,,בדין דפי מרכך כחול 4,יחידה,0.00,יחידה,false,,19.90,0.0000,true,1,133402
7290116531793,false,רוטב לסלט קיסר הלמנס,,,רוטב לסלט קיסר הלמנס,גרמים,295.00,100 גרם,false,,14.90,0.0505,true,1,132150
7290116532219,false,קורנפלקס בטעם תות תל,,,קורנפלקס בטעם תות תל,גרמים,448.00,100 גרם,false,,17.90,0.0400,true,1,133837
7290116532387,false,פינוק סבון ידיים חמא,,,פינוק סבון ידיים חמא,מיליליטרים,950.00,"100 מ""ל",false,,11.90,0.0125,true,1,133494
7290116532394,false,פינוק סבון ידיים חמא,,,פינוק סבון ידיים חמא,מיליליטרים,950.00,"100 מ""ל",false,,11.90,0.0125,true,1,133492
7290116532462,false,גלידה פיינט קליק שוק,,,גלידה פיינט קליק שוק,מיליליטרים,520.00,"100 מ""ל",false,,18.90,0.0363,true,1,134036
7290116532479,false,גלידה פיינט קליק שוק,,,גלידה פיינט קליק שוק,מיליליטרים,520.00,"100 מ""ל",false,,18.90,0.0363,true,1,134037
7290116532585,false,ברנפלקס קראנצ'ים דבש,,,ברנפלקס קראנצ'ים דבש,גרמים,375.00,100 גרם,false,,22.90,0.0611,true,1,134039
7290116532721,false,הלמנס לסלט רוטב לימו,,,הלמנס לסלט רוטב לימו,גרמים,295.00,100 גרם,false,,14.90,0.0505,true,1,135133
7290116532868,false,פינוק שמפו בייבי 900,,,פינוק שמפו בייבי 900,מיליליטרים,900.00,"100 מ""ל",false,,19.90,0.0221,true,1,135124
7290116532899,false,נשנושים איירביס טעם,קריות זול,,נשנושים איירביס טעם,גרמים,260.00,100 גרם,false,,13.90,0.0535,true,1,135130
7290116532905,false,נשנושים איירביס טעם,קריות זול,,נשנושים איירביס טעם,גרמים,260.00,100 גרם,false,,13.90,0.0535,true,1,135131
7290116533063,false,שוגי קרטיב ענבים 400,,,שוגי קרטיב ענבים 400,גרמים,400.00,100 גרם,false,,19.90,0.0497,true,1,134233
7290116914503,false,מארז סוכריות על מקל,,,מארז סוכריות על מקל,גרמים,600.00,100 גרם,false,,19.90,0.0332,true,1,135012
7290116930015,false,חטיף חלבון גו בטעם ק,,,חטיף חלבון גו בטעם ק,גרמים,60.00,100 גרם,false,,11.90,0.1983,true,1,133953
7290116930282,false,ארוחה בקטנה לאבנה עם,,,ארוחה בקטנה לאבנה עם,גרמים,150.00,100 גרם,false,,7.90,0.0527,true,1,135105
7290116930435,false,יוגורט גו סמיך 0% דו,,IL,יוגורט גו סמיך 0% דו,גרמים,200.00,100 גרם,false,,5.90,0.0295,true,1,134136
7290116930459,false,יופלה שייק בננה  אננ,,,יופלה שייק בננה  אננ,מיליליטרים,230.00,"100 מ""ל",false,,8.50,0.0370,true,1,134238
7290116930466,false,יופלה שייק מנגו  בננ,,,יופלה שייק מנגו  בננ,מיליליטרים,230.00,"100 מ""ל",false,,8.50,0.0370,true,1,134239
7290116930480,false,יופלה שייק בננה  קיו,,,יופלה שייק בננה  קיו,מיליליטרים,230.00,"100 מ""ל",false,,8.50,0.0370,true,1,134240
7290116930725,false,סויה ביו קוקוס 150ג,,,סויה ביו קוקוס 150ג,גרמים,150.00,100 גרם,false,,4.70,0.0313,true,1,134827
7290116931074,false,פרוסות טל העמק 32% 3,,,פרוסות טל העמק 32% 3,גרמים,300.00,100 גרם,false,,28.90,0.0963,true,1,135102
7290116931081,false,מעדן סויה בטעם  טופי,,,מעדן סויה בטעם  טופי,גרמים,125.00,100 גרם,false,,3.90,0.0312,true,1,134826
7290116931104,false,יוגורט גו סמיך עם אנ,,IL,יוגורט גו סמיך עם אנ,גרמים,200.00,100 גרם,false,,5.90,0.0295,true,1,134828
7290117260074,false,שעועית ירוקה חתוכה מ,,,שעועית ירוקה חתוכה מ,גרמים,800.00,100 גרם,false,,9.90,0.0124,true,1,135188
7290117260449,false,גבינה בולגרית מעודנת,,,גבינה בולגרית מעודנת,גרמים,200.00,100 גרם,false,,9.90,0.0495,true,1,134267
7290117260456,false,גבינה בולגרית מעודנת,,,גבינה בולגרית מעודנת,גרמים,200.00,100 גרם,false,,9.90,0.0495,true,1,134268
7290117260463,false,גבינה בולגרית מעודנת,,,גבינה בולגרית מעודנת,גרמים,200.00,100 גרם,false,,9.90,0.0495,true,1,134270
7290117260500,false,מיני ניוקי תפוחי אדמ,,,מיני ניוקי תפוחי אדמ,גרמים,500.00,100 גרם,false,,14.90,0.0298,true,1,135499
7290117260562,false,חמאה בגביע 225 גרם,,,חמאה בגביע 225 גרם,גרמים,225.00,100 גרם,false,,17.90,0.0796,true,1,135714
7290117260821,false,גבינת כבשים צאנק עם,,,גבינת כבשים צאנק עם,גרמים,150.00,100 גרם,false,,25.90,0.1727,true,1,133524
7290117261538,false,סלמון אטלנטי בשמן קנ,קריות זול,,סלמון אטלנטי בשמן קנ,גרמים,120.00,100 גרם,false,,11.90,0.0992,true,1,135079
7290117261552,false,סלמון אטלנטי ברוטב ע,קריות זול,,סלמון אטלנטי ברוטב ע,גרמים,120.00,100 גרם,false,,11.90,0.0992,true,1,135080
7290117261569,false,סלמון אטלנטי מעושן ב,קריות זול,,סלמון אטלנטי מעושן ב,גרמים,120.00,100 גרם,false,,11.90,0.0992,true,1,135077
7290117261583,false,סרדינים בריסלינג מעו,קריות זול,,סרדינים בריסלינג מעו,גרמים,185.00,100 גרם,false,,13.90,0.0751,true,1,135504
7290117382318,false,סלים דליס פרו 33 חטי,,,סלים דליס פרו 33 חטי,גרמים,60.00,100 גרם,false,,12.90,0.2150,true,1,135307
7290117382325,false,סלים דליס פרו 33 חטי,,,סלים דליס פרו 33 חטי,גרמים,60.00,100 גרם,false,,12.90,0.2150,true,1,135306
7290117821374,false,ביצת הפתעה פלסטיק עם,,,ביצת הפתעה פלסטיק עם,גרמים,10.00,100 גרם,false,,7.90,0.7900,true,1,134205
7290117821398,false,ביצת הפתעה פלסטיק עם,,,ביצת הפתעה פלסטיק עם,גרמים,10.00,100 גרם,false,,7.90,0.7900,true,1,134207
7290117821411,false,ביצת הפתעה פלסטיק עם,,,ביצת הפתעה פלסטיק עם,גרמים,10.00,100 גרם,false,,7.90,0.7900,true,1,134209
7290117860038,false,הוואי תחליב רחצה יוג,,,הוואי תחליב רחצה יוג,מיליליטרים,700.00,"100 מ""ל",false,,14.90,0.0213,true,1,135781
7290117860090,false,הוואי מרכך מטפח לשיע,קריות זול,,הוואי מרכך מטפח לשיע,מיליליטרים,700.00,"100 מ""ל",false,,14.90,0.0213,true,1,135768
7290117860137,false,הוואי קרם רחצה בניחו,,,הוואי קרם רחצה בניחו,מיליליטרים,700.00,"100 מ""ל",false,,14.90,0.0213,true,1,135783
7290117860182,false,הוואי תחליב רחצה בני,,,הוואי תחליב רחצה בני,מיליליטרים,700.00,"100 מ""ל",false,,14.90,0.0213,true,1,135779
7290117860892,false,הוואי תחליב רחצה יוג,,,הוואי תחליב רחצה יוג,מיליליטרים,700.00,"100 מ""ל",false,,14.90,0.0213,true,1,135777
7290118420378,false,פתי בר פינוקים תותים,קריות זול,,פתי בר פינוקים תותים,גרמים,220.00,100 גרם,false,,12.70,0.0577,true,1,135483
7296049224603,false,ניקולטי סט 3 מגבות מ,,,ניקולטי סט 3 מגבות מ,יחידה,0.00,יחידה,false,,10.90,0.0000,true,1,135169
7296058000526,false,פריכיות כוסמת 130גר,,,פריכיות כוסמת 130גר,גרמים,130.00,100 גרם,false,,7.90,0.0608,true,1,88882
7296058110010,false,פריכיות אורז מלא 110,,,פריכיות אורז מלא 110,גרמים,110.00,100 גרם,false,,4.90,0.0445,true,1,129917
7296082000066,false,ביצים פלוס 12יח L,,,ביצים פלוס 12יח L,יח',12.00,יח',false,,16.90,1.4083,true,1,69110
7296082000080,false,ביצים חופש 12יח,,,ביצים חופש 12יח,יח',12.00,יח',false,,21.90,1.8250,true,1,39638
7296082000103,false,ביצים סופר טריות מדי,,,ביצים סופר טריות מדי,יח',30.00,יח',false,,27.87,0.9290,true,1,52365
7296082000110,false,ביצים סופר טריות 30י,,,ביצים סופר טריות 30י,יח',30.00,יח',false,,30.12,1.0040,true,1,39639
7296082000134,false,ביצים רגילות לארג' 1,,,ביצים רגילות לארג' 1,יח',12.00,יח',false,,12.05,1.0042,true,1,39641
7296082000141,false,ביצים רגילות מדיום 1,,,ביצים רגילות מדיום 1,יחידה,0.00,יחידה,false,,11.15,0.0000,true,1,39642
7296082000165,false,ביצים אורגניות 12יח,,,ביצים אורגניות 12יח,יח',12.00,יח',false,,25.90,2.1583,true,1,39643
7296082000202,false,ביצים סופר טריה לארג,,,ביצים סופר טריה לארג,יח',18.00,יח',false,,18.07,1.0039,true,1,56840
7296107000002,false,מלפפון במלח 7-9 20%,,,מלפפון במלח 7-9 20%,גרמים,670.00,100 גרם,false,,6.90,0.0103,true,1,104526
7296107000439,false,זיתים חרוזית ירוק 56,,,זיתים חרוזית ירוק 56,גרמים,560.00,100 גרם,false,,9.90,0.0177,true,1,104532
7296107000958,false,קוקטייל זיתים פרי חן,,,קוקטייל זיתים פרי חן,גרמים,560.00,100 גרם,false,,9.90,0.0177,true,1,104547
7312040017683,false,*מבצע* וודקה אבסולוט,,,*מבצע* וודקה אבסולוט,מיליליטרים,700.00,"100 מ""ל",false,,60.00,0.0857,true,1,61430
7394376123337,false,משקה שיבולת שועל אור,,,משקה שיבולת שועל אור,מיליליטרים,1000.00,"100 מ""ל",false,,13.90,0.0139,true,1,117631
7394376615832,false,משקה שיבולת שועל בטע,,,משקה שיבולת שועל בטע,מיליליטרים,1000.00,"100 מ""ל",false,,15.90,0.0159,true,1,117633
7501013122114,false,נקטר ג'ומקס אננס קרט,,,נקטר ג'ומקס אננס קרט,מיליליטרים,1000.00,"100 מ""ל",false,,9.90,0.0099,true,1,105189
7501013122190,false,נקטר ג'ומקס תפוחים ק,,,נקטר ג'ומקס תפוחים ק,מיליליטרים,1000.00,"100 מ""ל",false,,9.90,0.0099,true,1,105190
7509546663265,false,קולגייט זירו משחת שי,,,קולגייט זירו משחת שי,מיליליטרים,98.00,"100 מ""ל",false,,12.90,0.1316,true,1,129731
7610113011652,false,בקרדי בריזר בטעם תפו,,,בקרדי בריזר בטעם תפו,מיליליטרים,275.00,"100 מ""ל",false,,15.90,0.0578,true,1,117393
7610243004463,false,דורגול מסיר אבן מרסס,,,דורגול מסיר אבן מרסס,מיליליטרים,500.00,"100 מ""ל",false,,19.90,0.0398,true,1,37221
7613030979647,false,דגני טריקס פירות נסט,,,דגני טריקס פירות נסט,גרמים,480.00,100 גרם,false,,26.90,0.0560,true,1,93741
7613035807778,false,רוטב עגבניות לבולונז,,,רוטב עגבניות לבולונז,גרמים,400.00,100 גרם,false,,9.90,0.0248,true,1,85393
7613035809109,false,רוטב עגבניות ובזיליק,,,רוטב עגבניות ובזיליק,גרמים,400.00,100 גרם,false,,9.90,0.0248,true,1,85394
7613036314114,false,נסקפה גולד 200גר,קריות זול,,נסקפה גולד 200גר,גרמים,200.00,100 גרם,false,,47.90,0.2395,true,1,97414
7613036737623,false,דגני בוקר קראנץ מקס,,,דגני בוקר קראנץ מקס,גרמים,410.00,100 גרם,false,,26.90,0.0656,true,1,94928
7613036880534,false,גרבר מחית מרק ירקות,,,גרבר מחית מרק ירקות,גרמים,190.00,100 גרם,false,,5.90,0.0311,true,1,116917
7613037276091,false,נסטלה מיקס מיני אריז,,,נסטלה מיקס מיני אריז,יחידה,0.00,יחידה,false,,21.90,0.0000,true,1,101716
7613039879382,false,גרבר מחית תפוחי עץ 1,,,גרבר מחית תפוחי עץ 1,גרמים,190.00,100 גרם,false,,5.90,0.0311,true,1,131424
7613039880807,false,גרבר מחית תפוח גזר 1,,,גרבר מחית תפוח גזר 1,גרמים,190.00,100 גרם,false,,5.90,0.0311,true,1,129826
7613287181411,false,ויטמינצ'יק פאוץ  סלט,קריות זול,,ויטמינצ'יק פאוץ  סלט,מיליליטרים,110.00,"100 מ""ל",false,,5.90,0.0536,true,1,135181
7613287182425,false,ויטמינצ'יק  פאוץ תפו,קריות זול,,ויטמינצ'יק  פאוץ תפו,מיליליטרים,110.00,"100 מ""ל",false,,5.90,0.0536,true,1,135183
7613287325808,false,רוטב איולי שום לחיץ,,,רוטב איולי שום לחיץ,גרמים,295.00,100 גרם,false,,15.90,0.0539,true,1,132207
7613287325822,false,רוטב מיקס לחיץ אסם 2,,,רוטב מיקס לחיץ אסם 2,גרמים,295.00,100 גרם,false,,15.90,0.0539,true,1,132208
7613287325952,false,רוטב ברביקיו לחיץ אס,,,רוטב ברביקיו לחיץ אס,גרמים,345.00,100 גרם,false,,15.90,0.0461,true,1,132212
7613287821348,false,נתחוני עוף טבעוני סנ,,,נתחוני עוף טבעוני סנ,גרמים,350.00,100 גרם,false,,38.90,0.1111,true,1,131639
7622010001858,false,אוראו עוגיות ממולאות,,,אוראו עוגיות ממולאות,גרמים,176.00,100 גרם,false,,9.90,0.0563,true,1,69526
7622201050757,false,שוקולד מילקה חלב עם,,,שוקולד מילקה חלב עם,גרמים,100.00,100 גרם,false,,7.90,0.0790,true,1,35165
7622201137052,false,מילקה מיני קוקיז 110,,,מילקה מיני קוקיז 110,גרמים,110.00,100 גרם,false,,9.90,0.0900,true,1,130970
7622201802394,false,שוקולד מילקה חלב 100,,,שוקולד מילקה חלב 100,גרמים,100.00,100 גרם,false,,7.90,0.0790,true,1,131509
7622201808631,false,אוראו מיני כוסות בטע,,,אוראו מיני כוסות בטע,גרמים,67.00,100 גרם,false,,8.90,0.1328,true,1,131514
7622201819170,false,שוקולד מילקה דארק שק,,,שוקולד מילקה דארק שק,גרמים,85.00,100 גרם,false,,7.90,0.0929,true,1,132138
7622201819408,false,שוקולד מילקה דארק קר,,,שוקולד מילקה דארק קר,גרמים,85.00,100 גרם,false,,7.90,0.0929,true,1,132139
7622201819552,false,שוקולד מילקה דארק 85,,,שוקולד מילקה דארק 85,גרמים,85.00,100 גרם,false,,7.90,0.0929,true,1,132140
7622210078131,false,שוקולד מילקה חלב עם,,,שוקולד מילקה חלב עם,גרמים,100.00,100 גרם,false,,7.90,0.0790,true,1,97514
7622210163899,false,שוקולד מילקה חלב עם,,,שוקולד מילקה חלב עם,גרמים,100.00,100 גרם,false,,7.90,0.0790,true,1,93474
7622210392589,false,טובלרון טייני חלב 20,,,טובלרון טייני חלב 20,גרמים,200.00,100 גרם,false,,14.90,0.0745,true,1,135165
7622210826053,false,שוקולד מילקה אוראו ס,,,שוקולד מילקה אוראו ס,גרמים,92.00,100 גרם,false,,7.90,0.0859,true,1,118804
7622300200237,false,שוקולד מילקה חלב250ג,,,שוקולד מילקה חלב250ג,גרמים,250.00,100 גרם,false,,10.90,0.0436,true,1,35170
7622300489427,false,אוראו עוגיות בציפוי,,,אוראו עוגיות בציפוי,גרמים,246.00,100 גרם,false,,14.90,0.0606,true,1,97517
7622300489434,false,אוראו עוגיות בציפוי,,,אוראו עוגיות בציפוי,גרמים,246.00,100 גרם,false,,14.90,0.0606,true,1,92448
7622300617820,false,שוקולד מילקה אוראו 1,,,שוקולד מילקה אוראו 1,גרמים,100.00,100 גרם,false,,7.90,0.0790,true,1,60237
7622400005190,false,שוקולד מילקה 100גר,,,שוקולד מילקה 100גר,גרמים,100.00,100 גרם,false,,7.90,0.0790,true,1,66144
7630311507016,false,קפסולות סטארבקס סאני,,,קפסולות סטארבקס סאני,גרמים,57.00,100 גרם,false,,21.90,0.3842,true,1,133504
7630477891677,false,סטארבקס קפסולות פייק,,,סטארבקס קפסולות פייק,יחידה,0.00,יחידה,false,,21.90,0.0000,true,1,117785
7630477891714,false,סטארבקס קפסולות אספר,,,סטארבקס קפסולות אספר,יחידה,0.00,יחידה,false,,21.90,0.0000,true,1,117797
7702018462032,false,מאך 3 סכיני גילוח רב,,,מאך 3 סכיני גילוח רב,יחידה,0.00,יחידה,false,,29.90,0.0000,true,1,130828
7702018471423,false,גילט פיוזן סכיני גיל,,,גילט פיוזן סכיני גיל,יחידה,0.00,יחידה,false,,59.90,0.0000,true,1,117766
7702024074625,false,פיטנס חטיפי קרקר חיט,,,פיטנס חטיפי קרקר חיט,גרמים,234.00,100 גרם,false,,12.90,0.0551,true,1,93872
7702024258322,false,פיטנס חטיפי קרקר צ'י,,,פיטנס חטיפי קרקר צ'י,גרמים,234.00,100 גרם,false,,12.90,0.0551,true,1,118387
7702174066631,false,לקקן פינפופ מהדרין י,,,לקקן פינפופ מהדרין י,גרמים,180.00,100 גרם,false,,7.90,0.0439,true,1,40619
7702174073783,false,לקקן פינפופ קולה יוג,,,לקקן פינפופ קולה יוג,גרמים,180.00,100 גרם,false,,7.90,0.0439,true,1,68457
7792860006218,false,סוכריות לקקנים בייבי,,,סוכריות לקקנים בייבי,גרמים,24.00,100 גרם,false,,2.50,0.1042,true,1,53842
7798132720233,false,אוכמניות 125גרם,,,אוכמניות 125גרם,גרמים,125.00,100 גרם,false,,9.90,0.0792,true,1,135703
7798141877829,false,גאטו נגרו פינו גריג',,,גאטו נגרו פינו גריג',מיליליטרים,750.00,"100 מ""ל",false,,39.90,0.0532,true,1,131637
7891024030974,false,קולגייט טריפל אקשן מ,,,קולגייט טריפל אקשן מ,מיליליטרים,75.00,"100 מ""ל",false,,7.90,0.1053,true,1,68638
8000020000365,false,*מבצע* וורמוט צינזנו,,,*מבצע* וורמוט צינזנו,מיליליטרים,750.00,"100 מ""ל",false,,26.00,0.0347,true,1,58725
8000380003761,false,גרנד פטיסרי קוקוס 10,קריות זול,,גרנד פטיסרי קוקוס 10,גרמים,100.00,100 גרם,false,,13.90,0.1390,true,1,40622
8000380004669,false,וופל לואקר קוביות סנ,,,וופל לואקר קוביות סנ,גרמים,200.00,100 גרם,false,,13.90,0.0695,true,1,40623
8000380004676,false,וופל לואקר קוביות סנ,קריות זול,,וופל לואקר קוביות סנ,גרמים,200.00,100 גרם,false,,13.90,0.0695,true,1,40624
8000380004911,false,וופל קואדרטיני אגוז,קריות זול,,וופל קואדרטיני אגוז,גרמים,250.00,100 גרם,false,,14.90,0.0596,true,1,40627
8000380004966,false,וופל לואקר קוביות קק,קריות זול,,וופל לואקר קוביות קק,גרמים,250.00,100 גרם,false,,14.90,0.0596,true,1,40628
8000380005598,false,טורטינה שישיה מריר 1,,,טורטינה שישיה מריר 1,גרמים,125.00,100 גרם,false,,18.90,0.1512,true,1,40629
8000380007257,false,וופל גרדנה אגוז 200ג,קריות זול,,וופל גרדנה אגוז 200ג,גרמים,200.00,100 גרם,false,,14.90,0.0745,true,1,40631
8000380106028,false,טורטינה שישיה חלב 12,,,טורטינה שישיה חלב 12,גרמים,125.00,100 גרם,false,,18.90,0.1512,true,1,40634
8000380144044,false,וופל גרדנה שוקולד 20,,,וופל גרדנה שוקולד 20,גרמים,200.00,100 גרם,false,,14.90,0.0745,true,1,40636
8000380153534,false,טורטינה לבן 125גר,,,טורטינה לבן 125גר,גרמים,125.00,100 גרם,false,,18.90,0.1512,true,1,61673
8000380180745,false,וופל קואדרטיני שוקו,,,וופל קואדרטיני שוקו,גרמים,250.00,100 גרם,false,,14.90,0.0596,true,1,69658
8000380180837,false,גרנד פטיסרי במילוי ק,,,גרנד פטיסרי במילוי ק,גרמים,100.00,100 גרם,false,,13.90,0.1390,true,1,85407
8000380206896,false,וופל גרדנה חמאת בוטנ,,,וופל גרדנה חמאת בוטנ,גרמים,200.00,100 גרם,false,,14.90,0.0745,true,1,133911
8000380207183,false,טורטינה חמאת בוטנים,,,טורטינה חמאת בוטנים,גרמים,126.00,100 גרם,false,,18.90,0.1500,true,1,133912
8000500023976,false,בונבוניירת רפאלו 150,קריות זול,,בונבוניירת רפאלו 150,גרמים,150.00,100 גרם,false,,17.90,0.1193,true,1,40640
8000500026731,false,קינדר ביצי שוקולד 3*,קריות זול,,קינדר ביצי שוקולד 3*,גרמים,60.00,100 גרם,false,,15.90,0.2650,true,1,68456
8000500032237,false,פררו רושר בונבוניירה,,,פררו רושר בונבוניירה,גרמים,372.00,100 גרם,false,,47.90,0.1288,true,1,40644
8000500037874,false,פררו רושר בונבוניירה,קריות זול,,פררו רושר בונבוניירה,גרמים,200.00,100 גרם,false,,27.90,0.1395,true,1,40646
8000500121436,false,*מבצע* קינדר בואנו ל,,,*מבצע* קינדר בואנו ל,גרמים,117.00,100 גרם,false,,10.90,0.0932,true,1,46744
8000500227848,false,נוטלה בי רדי 132 גרם,,,נוטלה בי רדי 132 גרם,גרמים,132.00,100 גרם,false,,12.90,0.0977,true,1,93527
8000500269169,false,קינדר קארדס חמישייה,קריות זול,,קינדר קארדס חמישייה,גרמים,128.00,100 גרם,false,,14.90,0.1164,true,1,134840
8001010062844,false,חומץ בלסמי פונטי 500,,,חומץ בלסמי פונטי 500,מיליליטרים,500.00,"100 מ""ל",false,,19.90,0.0398,true,1,93734
8001090222541,false,הרבל אסנסס שמפו תות,,,הרבל אסנסס שמפו תות,מיליליטרים,400.00,"100 מ""ל",false,,18.90,0.0472,true,1,101677
8001090802385,false,טייד קפסולות לכביסה,,,טייד קפסולות לכביסה,יח',26.00,יח',false,,29.90,1.1500,true,1,95899
8001090886385,false,לנור כדוריות הריח בנ,,,לנור כדוריות הריח בנ,גרמים,140.00,100 גרם,false,,19.90,0.1421,true,1,118510
8001090886460,false,לנור כדוריות בושם בנ,,,לנור כדוריות בושם בנ,גרמים,140.00,100 גרם,false,,19.90,0.1421,true,1,96577
8001090899194,false,תחבושות אולוויז פלטי,,,תחבושות אולוויז פלטי,יחידה,0.00,יחידה,false,,19.90,0.0000,true,1,104933
8001090899224,false,תחבושות אולוויז פלטי,,,תחבושות אולוויז פלטי,יחידה,0.00,יחידה,false,,19.90,0.0000,true,1,104934
8001090899255,false,תחבושות אולוויז פלטי,,,תחבושות אולוויז פלטי,יחידה,0.00,יחידה,false,,19.90,0.0000,true,1,104935
8001090988362,false,פנטן שמפו לחות מוגבר,,,פנטן שמפו לחות מוגבר,מיליליטרים,500.00,"100 מ""ל",false,,17.90,0.0358,true,1,94195
8001100011752,false,וופל שכבות175ג באלוק,,,וופל שכבות175ג באלוק,גרמים,175.00,100 גרם,false,,9.90,0.0566,true,1,135381
8001100011769,false,וופל שכבות 175 ג באל,,,וופל שכבות 175 ג באל,גרמים,175.00,100 גרם,false,,9.90,0.0566,true,1,135380
8001100011776,false,וופל שכבות 175ג באלו,,,וופל שכבות 175ג באלו,גרמים,175.00,100 גרם,false,,9.90,0.0566,true,1,135382
8001100059242,false,וופל קוביות 250 ג בא,,,וופל קוביות 250 ג בא,גרמים,250.00,100 גרם,false,,12.90,0.0516,true,1,135375
8001100059259,false,וופל קוביות 250ג באל,,,וופל קוביות 250ג באל,גרמים,250.00,100 גרם,false,,12.90,0.0516,true,1,135374
8001100059266,false,וופל קוביות 250ג באל,,,וופל קוביות 250ג באל,גרמים,250.00,100 גרם,false,,12.90,0.0516,true,1,135376
8001100067940,false,וופל קוביות 125ג באל,,,וופל קוביות 125ג באל,גרמים,125.00,100 גרם,false,,8.90,0.0712,true,1,135378
8001100067957,false,וופל קוביות125ג באלו,,,וופל קוביות125ג באלו,גרמים,125.00,100 גרם,false,,8.90,0.0712,true,1,135377
8001100067964,false,וופל קוביות 125ג באל,,,וופל קוביות 125ג באל,גרמים,125.00,100 גרם,false,,8.90,0.0712,true,1,135379
8001250152336,false,פסטה דורום פטוציני ד,,,פסטה דורום פטוציני ד,גרמים,500.00,100 גרם,false,,14.90,0.0298,true,1,135695
8001585008070,false,אצבעות וופל קקאו בלק,,,אצבעות וופל קקאו בלק,גרמים,175.00,100 גרם,false,,8.90,0.0509,true,1,68476
8001620011935,false,סאן בנדטו מוגז שישיי,,,סאן בנדטו מוגז שישיי,מיליליטרים,3000.00,"100 מ""ל",false,,14.90,0.0050,true,1,54498
8001841400662,false,טייד אבקת כביסה קולו,,,טייד אבקת כביסה קולו,קילוגרמים,10.00,"ק""ג",false,,59.90,5.9900,true,1,104928
8001841722146,false,מגן תחתון אולוויז נו,,,מגן תחתון אולוויז נו,יחידה,0.00,יחידה,false,,17.90,0.0000,true,1,118473
8001841941929,false,אולוויז תחבושות פלטי,,,אולוויז תחבושות פלטי,יח',14.00,יח',false,,19.90,1.4214,true,1,131340
8003753158587,false,אילי קפסולות אספרסו,,,אילי קפסולות אספרסו,יחידה,0.00,יחידה,false,,24.90,0.0000,true,1,131257
8004030344938,false,טונה ריו מרה שמן זית,,,טונה ריו מרה שמן זית,גרמים,240.00,100 גרם,false,,28.90,0.1204,true,1,105512
8004690050507,false,פסטה לאמוליזנה פטוצ',,,פסטה לאמוליזנה פטוצ',גרמים,500.00,100 גרם,false,,8.90,0.0178,true,1,93732
8004690051573,false,פסטה לאמוליזנה ספגטי,,,פסטה לאמוליזנה ספגטי,גרמים,500.00,100 גרם,false,,8.90,0.0178,true,1,64063
8004690052044,false,פסטה לאמוליזנה פנה ז,,,פסטה לאמוליזנה פנה ז,גרמים,500.00,100 גרם,false,,8.90,0.0178,true,1,64064
8004690052846,false,פסטה לאמוליזנה פוסיל,,,פסטה לאמוליזנה פוסיל,גרמים,500.00,100 גרם,false,,8.90,0.0178,true,1,64065
8004690053195,false,פסטה לאמוליזנה ריגטו,,,פסטה לאמוליזנה ריגטו,גרמים,500.00,100 גרם,false,,8.90,0.0178,true,1,94011
8004690055601,false,פסטה לאמוליזנה צ'ינס,,,פסטה לאמוליזנה צ'ינס,גרמים,500.00,100 גרם,false,,8.90,0.0178,true,1,110771
8004690057308,false,פסטה לאמוליזנה רדיאט,,,פסטה לאמוליזנה רדיאט,גרמים,500.00,100 גרם,false,,8.90,0.0178,true,1,94014
8004690058008,false,פסטה לאמוליזנה גמלי,,,פסטה לאמוליזנה גמלי,גרמים,500.00,100 גרם,false,,8.90,0.0178,true,1,94012
8004690106600,false,פסטה לאמוליזנה פארפא,,,פסטה לאמוליזנה פארפא,גרמים,500.00,100 גרם,false,,8.90,0.0178,true,1,93733
8004800004802,false,לאגו גלילי וופל במיל,,,לאגו גלילי וופל במיל,גרמים,100.00,100 גרם,false,,10.90,0.1090,true,1,135577
8004800004819,false,לאגו  גלילי וופלים ב,,,לאגו  גלילי וופלים ב,גרמים,100.00,100 גרם,false,,10.90,0.1090,true,1,135579
8004800005526,false,לאגו גלילי ופל במילו,,,לאגו גלילי ופל במילו,גרמים,125.00,100 גרם,false,,9.90,0.0792,true,1,135556
8005110002243,false,רכז עגבניות מוטי בשפ,,,רכז עגבניות מוטי בשפ,גרמים,185.00,100 גרם,false,,9.90,0.0535,true,1,118976
8005110060007,false,עגבניות מקולפות מוטי,,,עגבניות מקולפות מוטי,גרמים,400.00,100 גרם,false,,7.90,0.0198,true,1,134898
8005110170300,false,עגבניות מרוסקות מוטי,,,עגבניות מרוסקות מוטי,גרמים,1200.00,100 גרם,false,,18.90,0.0157,true,1,85119
8005110191015,false,רסק עגבניות ובזיליקו,,,רסק עגבניות ובזיליקו,גרמים,700.00,100 גרם,false,,13.90,0.0199,true,1,93975
8005110550508,false,מוטי עגבניות שלמות ב,,,מוטי עגבניות שלמות ב,גרמים,400.00,100 גרם,false,,9.90,0.0248,true,1,135687
8005200256587,false,נסטי אפרסק 1.5ליטר,,,נסטי אפרסק 1.5ליטר,מיליליטרים,1500.00,"100 מ""ל",false,,9.50,0.0063,true,1,132703
8006540112823,false,לנור מרכך מרוכז בניח,,,לנור מרכך מרוכז בניח,מיליליטרים,900.00,"100 מ""ל",false,,15.90,0.0177,true,1,130853
8006540112854,false,לנור מרכך מרוכז בניח,,,לנור מרכך מרוכז בניח,מיליליטרים,900.00,"100 מ""ל",false,,15.90,0.0177,true,1,130855
8006540221068,false,אולוויז מגני תחתון ל,,,אולוויז מגני תחתון ל,יחידה,0.00,יחידה,false,,17.90,0.0000,true,1,134694
8006540221341,false,אולוויז מגן תחתון אק,,,אולוויז מגן תחתון אק,יחידה,0.00,יחידה,false,,17.90,0.0000,true,1,133397
8006540302538,false,הד&שולדרס שמפו קלאסי,,,הד&שולדרס שמפו קלאסי,מיליליטרים,350.00,"100 מ""ל",false,,18.90,0.0540,true,1,135253
8006540495216,false,לנור מרכך כביסה בניח,,,לנור מרכך כביסה בניח,מיליליטרים,900.00,"100 מ""ל",false,,15.90,0.0177,true,1,134644
8007178120310,false,חומץ בלסמי ג'קובצי 5,קריות זול,,חומץ בלסמי ג'קובצי 5,מיליליטרים,500.00,"100 מ""ל",false,,25.90,0.0518,true,1,35178
8007178223547,false,קרם בלסמי מצומצם ג'ק,,,קרם בלסמי מצומצם ג'ק,מיליליטרים,250.00,"100 מ""ל",false,,25.90,0.1036,true,1,66761
8008343279826,false,רוטב פסטה בזיליקום ר,,,רוטב פסטה בזיליקום ר,גרמים,350.00,100 גרם,false,,11.90,0.0340,true,1,125138
8008620009313,false,קריץ קרקר מלוח 250גר,,,קריץ קרקר מלוח 250גר,גרמים,250.00,100 גרם,false,,7.90,0.0316,true,1,119006
8008660210014,false,מעדן משמש מנז אנד גא,,,מעדן משמש מנז אנד גא,גרמים,300.00,100 גרם,false,,16.90,0.0563,true,1,86739
8008660210045,false,מעדן פירות יער מנז א,,,מעדן פירות יער מנז א,גרמים,300.00,100 גרם,false,,16.90,0.0563,true,1,86743
8008660210052,false,מעדן פרי תפוז 320 גר,,,מעדן פרי תפוז 320 גר,גרמים,320.00,100 גרם,false,,16.90,0.0528,true,1,94870
8008660210069,false,מעדן פרי אפרסק פסיפל,,,מעדן פרי אפרסק פסיפל,גרמים,320.00,100 גרם,false,,16.90,0.0528,true,1,94871
8008857300238,false,פסטה רג'ייה גליל 500,,,פסטה רג'ייה גליל 500,גרמים,500.00,100 גרם,false,,6.90,0.0138,true,1,63664
8008857300481,false,פסטה רג'ייה בורג 500,,,פסטה רג'ייה בורג 500,גרמים,500.00,100 גרם,false,,6.90,0.0138,true,1,56248
8008857300603,false,פסטה רג'ייה קונכיה 5,,,פסטה רג'ייה קונכיה 5,גרמים,500.00,100 גרם,false,,6.90,0.0138,true,1,56250
8008857300634,false,פסטה רג'ייה תלתל 500,,,פסטה רג'ייה תלתל 500,גרמים,500.00,100 גרם,false,,6.90,0.0138,true,1,56249
8008857300641,false,פסטה רג'ייה פסטה רגי,,,פסטה רג'ייה פסטה רגי,גרמים,500.00,100 גרם,false,,6.90,0.0138,true,1,70125
8008857300771,false,פסטה רג'ייה אטריות מ,,,פסטה רג'ייה אטריות מ,גרמים,500.00,100 גרם,false,,6.90,0.0138,true,1,70126
8008857601052,false,*מבצע* לזניה רגיה 50,,,*מבצע* לזניה רגיה 50,גרמים,500.00,100 גרם,false,,7.90,0.0158,true,1,94376
8008912010034,false,ספגטי מספר 3 -500גרם,,,ספגטי מספר 3 -500גרם,גרמים,500.00,100 גרם,false,,8.90,0.0178,true,1,132555
8011033011279,false,קוסקוס 1 קג,,,קוסקוס 1 קג,גרמים,1000.00,100 גרם,false,,12.90,0.0129,true,1,58266
8023492004495,false,טבלאות שוקולד חלב עם,,,טבלאות שוקולד חלב עם,גרמים,225.00,100 גרם,false,,12.90,0.0573,true,1,134551
8076800195033,false,פסטה ספגטי ברילה מס',קריות זול,,פסטה ספגטי ברילה מס',גרמים,500.00,100 גרם,false,,8.90,0.0178,true,1,38592
8076800195057,false,פסטה ספגטיני מס 5 בר,קריות זול,,פסטה ספגטיני מס 5 בר,גרמים,500.00,100 גרם,false,,8.90,0.0178,true,1,38593
8076800195071,false,ספגטי מס 7 ברילה 500,,,ספגטי מס 7 ברילה 500,גרמים,500.00,100 גרם,false,,8.90,0.0178,true,1,133262
8076802085738,false,פסטה פנה רגטה ברילה,קריות זול,,פסטה פנה רגטה ברילה,גרמים,500.00,100 גרם,false,,8.90,0.0178,true,1,38598
8076802085981,false,פסטה פתיתי פוזליני ב,קריות זול,,פסטה פתיתי פוזליני ב,גרמים,500.00,100 גרם,false,,8.90,0.0178,true,1,38603
8076808060654,false,פסטה פתיתי פרפלה 65,קריות זול,,פסטה פתיתי פרפלה 65,גרמים,500.00,100 גרם,false,,8.90,0.0178,true,1,38606
8076808150072,false,פסטה ספגטי מס 7 בריל,קריות זול,,פסטה ספגטי מס 7 בריל,גרמים,500.00,100 גרם,false,,8.90,0.0178,true,1,38608
8076809513739,false,רוטב בזיליקום ברילה,קריות זול,,רוטב בזיליקום ברילה,גרמים,400.00,100 גרם,false,,15.50,0.0388,true,1,38615
8410076600622,false,ניטשר וואלי חטיף קרא,,,ניטשר וואלי חטיף קרא,גרמים,210.00,100 גרם,false,,21.90,0.1043,true,1,60500
8410104045111,false,"פיניש מלח למדיח 2 ק""",,,"פיניש מלח למדיח 2 ק""",גרמים,2000.00,100 גרם,false,,14.90,0.0075,true,1,108218
8410376027273,false,גולון  עוגיות טווינס,,,גולון  עוגיות טווינס,גרמים,252.00,100 גרם,false,,9.90,0.0393,true,1,134939
8410644611203,false,קאווה איבריקה לבן יב,,,קאווה איבריקה לבן יב,מיליליטרים,750.00,"100 מ""ל",false,,29.90,0.0399,true,1,97139
8420822130600,false,סופר מסיר שומנים יעק,,,סופר מסיר שומנים יעק,מיליליטרים,750.00,"100 מ""ל",false,,14.90,0.0199,true,1,133603
8420822131270,false,רסס וכבס לכתמים בכבי,,,רסס וכבס לכתמים בכבי,מיליליטרים,410.00,"100 מ""ל",false,,11.90,0.0290,true,1,135244
8423207206501,false,סלים דליס חטיף דגנים,,,סלים דליס חטיף דגנים,גרמים,120.00,100 גרם,false,,15.90,0.1325,true,1,57916
8423207207362,false,סלים דליס חטיף שוקול,,,סלים דליס חטיף שוקול,גרמים,120.00,100 גרם,false,,15.90,0.1325,true,1,63139
8423207208871,false,פריכיות תירס בטעם טב,,,פריכיות תירס בטעם טב,גרמים,123.00,100 גרם,false,,9.90,0.0805,true,1,69549
8423207208895,false,פריכיות תירס בטעם זי,,,פריכיות תירס בטעם זי,יחידה,0.00,יחידה,false,,10.90,0.0000,true,1,98322
8423207210980,false,סלים דליס טופינג קלי,,,סלים דליס טופינג קלי,גרמים,0.00,100 גרם,false,,15.90,0.0000,true,1,118554
8425206000081,false,ריבת חלב מרדל 450גר,,,ריבת חלב מרדל 450גר,גרמים,450.00,100 גרם,false,,19.90,0.0442,true,1,68443
8435495805168,false,תינוקלין אבקת כביסה,,,תינוקלין אבקת כביסה,קילוגרמים,1.25,"ק""ג",false,,21.90,17.5200,true,1,93006
8435495807605,false,תינוקלין מרכך כביסה,,,תינוקלין מרכך כביסה,מיליליטרים,1000.00,"100 מ""ל",false,,19.90,0.0199,true,1,95342
8445290427120,false,פיטנס שוקולד מריר בנ,,,פיטנס שוקולד מריר בנ,גרמים,330.00,100 גרם,false,,23.90,0.0724,true,1,134815
8680530572660,false,מי סודה ריבר מארז 6*,,,מי סודה ריבר מארז 6*,מיליליטרים,1200.00,"100 מ""ל",false,,10.90,0.0091,true,1,135164
8683130008355,false,מיונז הלמנס שום לחיץ,,,מיונז הלמנס שום לחיץ,גרמים,400.00,100 גרם,false,,15.90,0.0398,true,1,133049
8683130008935,false,הלמנס קטשיונז 425 גר,,,הלמנס קטשיונז 425 גר,גרמים,425.00,100 גרם,false,,15.90,0.0374,true,1,132517
8683323063024,false,סוכריות יוגטה שטיחים,,,סוכריות יוגטה שטיחים,גרמים,220.00,100 גרם,false,,7.90,0.0359,true,1,86636
8686868600211,false,"מטריה לילדים 47 ס""מ",,,"מטריה לילדים 47 ס""מ",יחידה,0.00,יחידה,false,,19.90,0.0000,true,1,118721
8686868600259,false,מטריה גדולה /כפולה,,,מטריה גדולה /כפולה,יחידה,0.00,יחידה,false,,29.90,0.0000,true,1,99383
8690504153740,false,טבלת שוקולד מריר עם,,,טבלת שוקולד מריר עם,גרמים,86.00,100 גרם,false,,13.90,0.1616,true,1,101700
8690521016882,false,דאב תארפי שמפו רגיל,קריות זול,,דאב תארפי שמפו רגיל,מיליליטרים,400.00,"100 מ""ל",false,,13.90,0.0348,true,1,37081
8690521017124,false,דאב תארפי מרכך רגיל,קריות זול,,דאב תארפי מרכך רגיל,מיליליטרים,400.00,"100 מ""ל",false,,13.90,0.0348,true,1,37086
8690531401722,false,פלפל אדום קלוי צנצנת,,,פלפל אדום קלוי צנצנת,גרמים,550.00,100 גרם,false,,9.90,0.0180,true,1,130144
8690572785928,false,סאיוס שמפו לשיער גלי,,,סאיוס שמפו לשיער גלי,מיליליטרים,600.00,"100 מ""ל",false,,11.90,0.0198,true,1,93965
8690572789018,false,גליס שמפו ביו טק 525,,,גליס שמפו ביו טק 525,מיליליטרים,525.00,"100 מ""ל",false,,10.00,0.0190,true,1,132633
8690572789513,false,גליס שמפו תמצית שמן,,,גליס שמפו תמצית שמן,מיליליטרים,525.00,"100 מ""ל",false,,10.00,0.0190,true,1,132630
8690572789551,false,גליס שמפו שיקום עמוק,,,גליס שמפו שיקום עמוק,מיליליטרים,525.00,"100 מ""ל",false,,10.00,0.0190,true,1,132631
8690572789636,false,גליס שמפו לאורך מושל,,,גליס שמפו לאורך מושל,מיליליטרים,525.00,"100 מ""ל",false,,10.00,0.0190,true,1,132632
8690637503856,false,הלמנס ממרח לחיץ 355,,,הלמנס ממרח לחיץ 355,גרמים,355.00,100 גרם,false,,15.90,0.0448,true,1,118847
8690637555084,false,בדין אקסטרא לבן 960מ,,,בדין אקסטרא לבן 960מ,מיליליטרים,960.00,"100 מ""ל",false,,17.90,0.0186,true,1,37126
8690637858734,false,סיף ג'ל אקונומיקה לי,,,סיף ג'ל אקונומיקה לי,מיליליטרים,750.00,"100 מ""ל",false,,13.90,0.0185,true,1,94564
8690637858758,false,סיף ג'ל אקונומיקה או,,,סיף ג'ל אקונומיקה או,מיליליטרים,750.00,"100 מ""ל",false,,13.90,0.0185,true,1,94566
8690637871245,false,הלמנס מיונז 395 גרם,,,הלמנס מיונז 395 גרם,גרמים,395.00,100 גרם,false,,14.90,0.0377,true,1,96071
8690637890666,false,מאגדת מגנום דאבל פיס,,,מאגדת מגנום דאבל פיס,גרמים,282.00,100 גרם,false,,31.90,0.1131,true,1,95983
8690637946301,false,בדין אקסטרא בייביי מ,,,בדין אקסטרא בייביי מ,מיליליטרים,960.00,"100 מ""ל",false,,17.90,0.0186,true,1,110583
8690637946318,false,בדין אקסטרא בייבי בנ,,,בדין אקסטרא בייבי בנ,מיליליטרים,960.00,"100 מ""ל",false,,17.90,0.0186,true,1,110584
8690637976995,false,בדין אקסטרא ורוד סחל,,,בדין אקסטרא ורוד סחל,מיליליטרים,960.00,"100 מ""ל",false,,17.90,0.0186,true,1,118561
8690766156367,false,שוקולד חלב מעולה 90,,,שוקולד חלב מעולה 90,גרמים,90.00,100 גרם,false,,14.90,0.1656,true,1,110002
8690766156374,false,שוקולד מריר מעולה  7,,,שוקולד מריר מעולה  7,גרמים,90.00,100 גרם,false,,14.90,0.1656,true,1,110003
8690766156381,false,שוקולד מריר מעולה 90,,,שוקולד מריר מעולה 90,גרמים,90.00,100 גרם,false,,14.90,0.1656,true,1,110004
8690766156398,false,שוקולד חלב עם שקדים,,,שוקולד חלב עם שקדים,גרמים,90.00,100 גרם,false,,14.90,0.1656,true,1,110005
8690766156411,false,שוקולד מריר מעולה  ב,,,שוקולד מריר מעולה  ב,גרמים,90.00,100 גרם,false,,14.90,0.1656,true,1,110007
8690770322598,false,"שמרים יבשים 125 ג""ר.",,,"שמרים יבשים 125 ג""ר.",גרמים,125.00,100 גרם,false,,4.90,0.0392,true,1,40468
8690777204071,false,פלפל חריף ויליפוד 64,,,פלפל חריף ויליפוד 64,גרמים,640.00,100 גרם,false,,12.90,0.0202,true,1,34852
8691058141238,false,ערמונים שלמים 100 גר,,,ערמונים שלמים 100 גר,גרמים,100.00,100 גרם,false,,6.90,0.0690,true,1,104919
8693495052177,false,פלמוליב זיתים 750מל,,,פלמוליב זיתים 750מל,מיליליטרים,750.00,"100 מ""ל",false,,21.90,0.0292,true,1,91823
8697420697914,false,זיתים שחורים בפח 700,,,זיתים שחורים בפח 700,גרמים,700.00,100 גרם,false,,19.90,0.0284,true,1,94074
8697431460064,false,קונפיטורה 70% משמש 4,קריות זול,,קונפיטורה 70% משמש 4,גרמים,450.00,100 גרם,false,,13.90,0.0309,true,1,33360
8697431460217,false,קונפיטורה 70% פרי תפ,,,קונפיטורה 70% פרי תפ,גרמים,450.00,100 גרם,false,,13.90,0.0309,true,1,33362
8697431460378,false,קונפיטורה 70% פרי -,קריות זול,,קונפיטורה 70% פרי -,גרמים,450.00,100 גרם,false,,13.90,0.0309,true,1,33364
8697431921701,false,קונפיטורה תות שדה פר,,,קונפיטורה תות שדה פר,גרמים,450.00,100 גרם,false,,13.90,0.0309,true,1,97307
8697431921718,false,קונפיטורה 70 % דובדב,,,קונפיטורה 70 % דובדב,גרמים,450.00,100 גרם,false,,13.90,0.0309,true,1,97308
8697431925143,false,קונפיטורה פירות יער,,,קונפיטורה פירות יער,גרמים,450.00,100 גרם,false,,13.90,0.0309,true,1,97309
8699250035041,false,זית שחור טבעי יבש במ,,,זית שחור טבעי יבש במ,גרמים,700.00,100 גרם,false,,19.90,0.0284,true,1,93085
8710447284117,false,אקס גל רחצה בלאק 400,,,אקס גל רחצה בלאק 400,מיליליטרים,400.00,"100 מ""ל",false,,14.90,0.0373,true,1,94554
8710522584200,false,דאב תחליב רחצה ורדים,,,דאב תחליב רחצה ורדים,מיליליטרים,500.00,"100 מ""ל",false,,13.90,0.0278,true,1,134042
8710847974199,false,דאב תחליב רחצה קקאו,,,דאב תחליב רחצה קקאו,מיליליטרים,500.00,"100 מ""ל",false,,13.90,0.0278,true,1,118782
8710908693809,false,טרזמה מסכה טיפולית ע,,,טרזמה מסכה טיפולית ע,מיליליטרים,300.00,"100 מ""ל",false,,29.90,0.0997,true,1,93153
8711000472040,false,ג'ייקובס קפסולות קפה,,,ג'ייקובס קפסולות קפה,גרמים,52.00,100 גרם,false,,16.90,0.3250,true,1,131231
8712000051099,false,בירה היינקן שישייה 0,קריות זול,,בירה היינקן שישייה 0,מיליליטרים,1980.00,"100 מ""ל",false,,29.90,0.0151,true,1,96652
8712561594240,false,דאב תחליב רחצה 500 מ,,,דאב תחליב רחצה 500 מ,מיליליטרים,500.00,"100 מ""ל",false,,13.90,0.0278,true,1,68834
8712561611183,false,דאב תחליב רחצה תה יר,,,דאב תחליב רחצה תה יר,מיליליטרים,500.00,"100 מ""ל",false,,13.90,0.0278,true,1,68835
8714599513866,false,גקובס קפה קרונונג 20,,,גקובס קפה קרונונג 20,גרמים,200.00,100 גרם,false,,24.90,0.1245,true,1,69239
8714789218465,false,קולגייט 360 מברשת שי,קריות זול,,קולגייט 360 מברשת שי,יחידה,0.00,יחידה,false,,33.90,0.0000,true,1,38654
8714789582764,false,אגקס לניקוי חלונות 7,,,אגקס לניקוי חלונות 7,מיליליטרים,750.00,"100 מ""ל",false,,15.90,0.0212,true,1,66156
8715700110141,false,מיונז היינץ צנצנת 46,,,מיונז היינץ צנצנת 46,גרמים,460.00,100 גרם,false,,11.90,0.0259,true,1,90841
8715700110158,false,מיונז היינץ לייט צנצ,,,מיונז היינץ לייט צנצ,גרמים,490.00,100 גרם,false,,11.90,0.0243,true,1,90842
8715700115641,false,ממרח היינץ במרקם קרמ,,,ממרח היינץ במרקם קרמ,גרמים,420.00,100 גרם,false,,14.90,0.0355,true,1,135176
8715700117805,false,היינץ מתבל עגבניות ל,,,היינץ מתבל עגבניות ל,מיליליטרים,400.00,"100 מ""ל",false,,12.90,0.0323,true,1,133180
8715700419732,false,קטשופ היינץ 700גר,,,קטשופ היינץ 700גר,גרמים,700.00,100 גרם,false,,12.90,0.0184,true,1,64881
8715700422473,false,ממרח היינץ לחיץ 395,,,ממרח היינץ לחיץ 395,גרמים,395.00,100 גרם,false,,14.90,0.0377,true,1,135177
8715700423906,false,היינץ מתבל עגבניות 5,,,היינץ מתבל עגבניות 5,גרמים,555.00,100 גרם,false,,11.90,0.0214,true,1,92490
8717163842669,false,דאב תחליב רחצה חימר,,,דאב תחליב רחצה חימר,מיליליטרים,500.00,"100 מ""ל",false,,13.90,0.0278,true,1,110950
8717163842676,false,דאב תחליב רחצה חימר,,,דאב תחליב רחצה חימר,מיליליטרים,500.00,"100 מ""ל",false,,13.90,0.0278,true,1,110951
8718951076402,false,קולגייט הרבל להלבנה,קריות זול,,קולגייט הרבל להלבנה,מיליליטרים,100.00,"100 מ""ל",false,,11.90,0.1190,true,1,94190
8718951240742,false,קולגייט טוטל משחת שי,,,קולגייט טוטל משחת שי,מיליליטרים,100.00,"100 מ""ל",false,,13.90,0.1390,true,1,95431
8718951253827,false,קולגייט הלבנה מתקדמת,,,קולגייט הלבנה מתקדמת,מיליליטרים,75.00,"100 מ""ל",false,,19.90,0.2653,true,1,133934
8718951278851,false,קולגייט הלבנה פחם 10,,,קולגייט הלבנה פחם 10,מיליליטרים,100.00,"100 מ""ל",false,,13.90,0.1390,true,1,134902
8718951286733,false,קולגייט אופטיק וייט,,,קולגייט אופטיק וייט,מיליליטרים,75.00,"100 מ""ל",false,,19.90,0.2653,true,1,135293
8718951312722,false,קולגייט מקס פרש וויי,,,קולגייט מקס פרש וויי,מיליליטרים,100.00,"100 מ""ל",false,,10.00,0.1000,true,1,133142
8718951313576,false,קולגייט משחת שיניים,,,קולגייט משחת שיניים,מיליליטרים,100.00,"100 מ""ל",false,,10.00,0.1000,true,1,132621
8718951334120,false,סופלין מרכך כביסה לב,,,סופלין מרכך כביסה לב,מיליליטרים,650.00,"100 מ""ל",false,,7.90,0.0122,true,1,118677
8718951382640,false,פלמוליב סבון גוף חימ,,,פלמוליב סבון גוף חימ,מיליליטרים,750.00,"100 מ""ל",false,,18.90,0.0252,true,1,135810
8718951385290,false,אגקס לניקוי כללי ניח,קריות זול,,אגקס לניקוי כללי ניח,מיליליטרים,2000.00,"100 מ""ל",false,,24.90,0.0124,true,1,129873
8719200998001,false,בלו בנד בלי מלח 200ג,,,בלו בנד בלי מלח 200ג,גרמים,200.00,100 גרם,false,,4.90,0.0245,true,1,105156
8719200998018,false,בלו בנד טעם חמאה 200,,,בלו בנד טעם חמאה 200,גרמים,200.00,100 גרם,false,,4.90,0.0245,true,1,105157
8719200998049,false,מזולה בטעם טבעי 250ג,קריות זול,,מזולה בטעם טבעי 250ג,גרמים,250.00,100 גרם,false,,9.90,0.0396,true,1,105159
8719200998094,false,מזולה אפייה ללא מלח,,,מזולה אפייה ללא מלח,גרמים,200.00,100 גרם,false,,6.90,0.0345,true,1,105160
8719200998100,false,מזולה אפייה טעם חמאה,,,מזולה אפייה טעם חמאה,גרמים,200.00,100 גרם,false,,6.90,0.0345,true,1,105161
8720181204111,false,אקס ג'ל רחצה אפיק פר,,,אקס ג'ל רחצה אפיק פר,מיליליטרים,400.00,"100 מ""ל",false,,14.90,0.0373,true,1,134043
8801055709526,false,נסקפה קפוצ'ינו שוקול,,,נסקפה קפוצ'ינו שוקול,גרמים,185.00,100 גרם,false,,21.90,0.1184,true,1,134115
8809168840471,false,חטיף אצות מיובשות 4.,,,חטיף אצות מיובשות 4.,גרמים,40.00,100 גרם,false,,24.90,0.6225,true,1,130265
8850161166457,false,מי קוקוס 8-10% אמפאו,,,מי קוקוס 8-10% אמפאו,ליטרים,500.00,ליטר,false,,7.90,0.0158,true,1,134188
8850180040028,false,טמפורה 500גר,,,טמפורה 500גר,גרמים,500.00,100 גרם,false,,10.90,0.0218,true,1,65041
8850206250592,false,רוטב צ'ילי סריראצ'ה,,,רוטב צ'ילי סריראצ'ה,גרמים,540.00,100 גרם,false,,19.90,0.0369,true,1,91891
8850367992164,false,קרם קוקוס 20-22% 250,,,קרם קוקוס 20-22% 250,מיליליטרים,250.00,"100 מ""ל",false,,8.90,0.0356,true,1,85495
8850389105825,false,סאפה משקה אלוורה ענב,,,סאפה משקה אלוורה ענב,מיליליטרים,1000.00,"100 מ""ל",false,,15.90,0.0159,true,1,54709
8850389105832,false,סאפה משקה אלוורה תפו,,,סאפה משקה אלוורה תפו,מיליליטרים,1000.00,"100 מ""ל",false,,15.90,0.0159,true,1,54710
8850389105849,false,סאפה משקה אלוורה אפר,,,סאפה משקה אלוורה אפר,מיליליטרים,1000.00,"100 מ""ל",false,,15.90,0.0159,true,1,54711
8850389115336,false,סאפה משקה אלוורה מלו,,,סאפה משקה אלוורה מלו,מיליליטרים,1000.00,"100 מ""ל",false,,15.90,0.0159,true,1,92409
8858271002870,false,רוטב פאד תאי 250מל,,,רוטב פאד תאי 250מל,מיליליטרים,2500.00,"100 מ""ל",false,,11.90,0.0048,true,1,54361
8858271003020,false,רוטב סויה פורמולה מק,,,רוטב סויה פורמולה מק,מיליליטרים,700.00,"100 מ""ל",false,,15.90,0.0227,true,1,54363
8858271004034,false,רוטב צילי חריף  מקסצ,,,רוטב צילי חריף  מקסצ,מיליליטרים,700.00,"100 מ""ל",false,,15.90,0.0227,true,1,99468
8858271004799,false,רוטב צילי מתוק 700 מ,,,רוטב צילי מתוק 700 מ,מיליליטרים,700.00,"100 מ""ל",false,,11.90,0.0170,true,1,64445
8858271005451,false,רוטב סויה פורמולה מק,,,רוטב סויה פורמולה מק,מיליליטרים,250.00,"100 מ""ל",false,,10.90,0.0436,true,1,66991
8888111555013,false,משקה אננס טבעי פחית,,,משקה אננס טבעי פחית,מיליליטרים,240.00,"100 מ""ל",false,,3.90,0.0162,true,1,96966
8901537024014,false,אורז בסמטי דאווט 1קג,,,אורז בסמטי דאווט 1קג,גרמים,1000.00,100 גרם,false,,12.90,0.0129,true,1,34869
8901537076679,false,אורז בסמטי חום מלא ד,,,אורז בסמטי חום מלא ד,גרמים,1.00,100 גרם,false,,14.90,14.9000,true,1,97489
8934878081811,false,"דפי אורז 22 ס""מ 400ג",,,"דפי אורז 22 ס""מ 400ג",גרמים,400.00,100 גרם,false,,14.90,0.0373,true,1,96501
9000101375268,false,ברף דקלס בניחוח יסמי,,,ברף דקלס בניחוח יסמי,יחידה,0.00,יחידה,false,,16.90,0.0000,true,1,135644
9000101375299,false,ברף דלקס בניחוח מגנו,,,ברף דלקס בניחוח מגנו,יחידה,0.00,יחידה,false,,16.90,0.0000,true,1,135643
9000101418163,false,סבון אסלה שלישייה-בר,,,סבון אסלה שלישייה-בר,יחידה,0.00,יחידה,false,,16.90,0.0000,true,1,133861
9000101509069,false,ברף בריליאנט ג'ל גשם,,,ברף בריליאנט ג'ל גשם,יחידה,0.00,יחידה,false,,16.90,0.0000,true,1,135645
9000101509151,false,ברף בריליאנט ג'ל אוק,,,ברף בריליאנט ג'ל אוק,יחידה,0.00,יחידה,false,,16.90,0.0000,true,1,135646
9000101512526,false,פרסיל קפסולות ג'ל 26,קריות זול,,פרסיל קפסולות ג'ל 26,יחידה,0.00,יחידה,false,,29.90,0.0000,true,1,131552
9000101520965,false,סבון אסלה שלישייה -ב,,,סבון אסלה שלישייה -ב,יחידה,0.00,יחידה,false,,16.90,0.0000,true,1,133862
9000101537550,false,פרסיל פאוור קאפס יונ,,,פרסיל פאוור קאפס יונ,יחידה,0.00,יחידה,false,,54.90,0.0000,true,1,133864
9000101537581,false,פרסיל פאוור קאפס לכב,,,פרסיל פאוור קאפס לכב,יחידה,0.00,יחידה,false,,54.90,0.0000,true,1,133865
9001395807015,false,בננית 300 ג,,,בננית 300 ג,גרמים,300.00,100 גרם,false,,10.90,0.0363,true,1,34870
9002859054099,false,בונבונירה מוצרט משוש,,,בונבונירה מוצרט משוש,גרמים,300.00,100 גרם,false,,29.90,0.0997,true,1,63508
9310072028743,false,ביסקויט טים טם במילו,,,ביסקויט טים טם במילו,גרמים,200.00,100 גרם,false,,19.90,0.0995,true,1,98074
9310072028750,false,עוגיות טים טם דאבל 2,,,עוגיות טים טם דאבל 2,גרמים,200.00,100 גרם,false,,19.90,0.0995,true,1,98075
9322969000046,false,פריכיות תירס אורגניו,,,פריכיות תירס אורגניו,גרמים,150.00,100 גרם,false,,13.90,0.0927,true,1,44056
9322969000053,false,פריכיות אורז מלא 150,,,פריכיות אורז מלא 150,גרמים,150.00,100 גרם,false,,13.90,0.0927,true,1,132500
9720188060108,false,טופוטי ממרח טופו בטע,,,טופוטי ממרח טופו בטע,גרמים,340.00,100 גרם,false,,21.90,0.0644,true,1,37958
