code,internal_code,name,manufacturer_name,manufacture_country,manufacturer_item_description,unit_qty,quantity,unit_of_measure,weighted,qty_in_package,price,unit_of_measure_price,allow_discount,status,item_id
18389423,false,סינטה עגל,,,סינטה עגל,קילוגרמים,1.00,"ק""ג",true,,129.00,129.0000,true,1,135429
18389430,false,סינטה עגל,,,סינטה עגל,קילוגרמים,1.00,"ק""ג",true,,129.00,129.0000,true,1,135430
18389621,false,סינטה עגל,,,סינטה עגל,קילוגרמים,1.00,"ק""ג",true,,129.00,129.0000,true,1,135431
18389638,false,סינטה עגל,,,סינטה עגל,קילוגרמים,1.00,"ק""ג",true,,129.00,129.0000,true,1,135432
32147230,false,"מיץ לימון משומר 200מ""ל(לימונית אקסטרא)",ג'נרל מילס סאן אדריא,CH,מיץ לימון סיצילייה 2,מיליליטרים,200.00,"100 מ""ל",false,,8.90,4.4500,true,1,43982
40084107,false,ביצת שוקולד הפתעה קינדר,פרדי קונדטוריה אס פי,IT,ביצת הפתעה קינדר 20ג,גרמים,20.00,100 גרם,false,,6.50,32.5000,true,1,73179
40099132,false,מסטיק הובה בובה Hubba Bubba בטעם תות,הובה בובה Hubba Bubba,DE,הובה בובה צאנק תות 3,גרמים,35.00,100 גרם,false,,3.50,10.0000,true,1,65111
40144016,false,סוכריות חמאה וורטר אורגינל גליל בודד 50,קריניציה ויטמינה אס,DE,סוכריות וורטר גליל 5,גרמים,50.00,100 גרם,false,,4.90,9.8000,true,1,31900
42123866,false,מסטיק הובה בובה צ'אנק פירות קלאסי 35ג',הובה בובה Hubba Bubba,,הובה בובה קלאסי צ'אנ,גרמים,35.00,100 גרם,false,,3.50,10.0000,true,1,38886
42182115,false,אורביט פייב ספירמינט 12 סטיקס 29 גר,ריגלי צרפת,FR,פייב ספירמינט סטיקס,גרמים,29.00,100 גרם,false,,7.50,25.8621,true,1,49875
54051140,false,מעדן סויה טעם וניל אלפרו רביעיה * 125 ג',הנסיך- מפעל לייצור ט,BE,אלפרו מעדן סויה וניל,מיליליטרים,500.00,"100 מ""ל",false,,16.90,3.3800,true,1,39175
59079798,false,"רקסונה - דאודורנט רול און לאישה אנטי פרספירנט שאוור 50 מ""ל","יוניליוור אנגליה, דרך קו",GB,רקסונה רול און שאור,מיליליטרים,50.00,"100 מ""ל",false,,14.90,29.8000,true,1,107630
59082637,false,"רקסונה - דאודורנט רולאון לגבר אקסטרא קול 50 מ""ל",יוניליוור פיליפינים,GB,רקסונה מן רול און אק,מיליליטרים,50.00,"100 מ""ל",false,,14.90,29.8000,true,1,107614
72917367,false,טעמי חטיף במילוי קרם נוגט וקרמל,"שטראוס גרופ בע""מ",IL,טעמי 40 גרם,גרמים,40.00,100 גרם,false,,4.90,12.2500,true,1,30327
72940754,false,"מילקי מעדן וניל עם קצפת שטראוס 133 מ""ל","שטראוס גרופ בע""\מ",IL,מילקי וניל,מיליליטרים,170.00,"100 מ""ל",false,,2.90,1.7059,true,1,30544
72940761,false,"מילקי מעדן שוקולד עם קצפת שטראוס 133 מ""ל",מיוצר עי קונדיטוריית,IL,מילקי שוקו,מיליליטרים,170.00,"100 מ""ל",false,,2.90,1.7059,true,1,30545
72940952,false,מעדן מילקי בטעם שוקולד עם אקסטרה קצפת,"שטראוס גרופ בע""\מ",IL,מילקי פי 2 קצפת,מיליליטרים,110.00,"100 מ""ל",false,,3.90,3.5455,true,1,30546
72941041,false,מעדן מילקי מיני בטעם שוקולד עם קצפת,"שטראוס גרופ בע""\מ",IL,מיני מילקי שוקולד 70,מיליליטרים,70.00,"100 מ""ל",false,,2.30,3.2857,true,1,30550
72945308,false,קוביית שמרים טריים לאפיה שמרית 50 גרם,"פאקא תעשיות בע""\מ",IL,שמרית קוביות שמרים ל,גרמים,50.00,100 גרם,false,,4.30,8.6000,true,1,30551
72961506,false,יוגורט עם תות 1.5% שומן 125 ג' פרילי,מיוצר עי קונדיטוריית,IL,יוגורט עם תות 1.5% פ,גרמים,125.00,100 גרם,false,,3.70,2.9600,true,1,29278
72961520,false,"פרילי יוגורט עם אננס 1.5% תנובה 125 מ""ל",מיוצר עי קונדיטוריית,IL,יוגורט עם אננס 1.5%,גרמים,125.00,100 גרם,false,,3.70,2.9600,true,1,29280
72961544,false,"באדי יוגורט בטעם תות שדה 3% תנובה 125 מ""ל",מחלבת אלון תבור,IL,יוגורט בטעם תות שדה,מיליליטרים,125.00,"100 מ""ל",false,,3.10,2.4800,true,1,29281
72964132,false,פרילי טבע יוגורט עם גרנולה 200 גרם,מיוצר עי קונדיטוריית,IL,פרילי טבעי עם גרנולה,גרמים,150.00,100 גרם,false,,5.50,3.6667,true,1,29290
72964422,false,יוגורט פרחים 4.5% שומן 200 גרם,מחלבת תנובה,IL,יוגורט פרחים תנובה 4,מיליליטרים,200.00,"100 מ""ל",false,,3.00,1.5000,true,1,29291
72986240,false,באדי מעדן חלב בטעם שוקולד תנובה 125 גרם,מחלבת אלון תבור,IL,באדי שוקו בדץ 125מל,מיליליטרים,125.00,"100 מ""ל",false,,3.10,2.4800,true,1,29293
72986370,false,"גלידת בן & ג'ריס פיינטים וניל 500מ""ל",מוצרי איכות אמריקאיים,IL,בן&גריס גלידה פיינטי,גרמים,420.00,100 גרם,false,,24.90,5.9286,true,1,21851
72986424,false,"גלידת בן & ג'ריס פיינטים קרם עוגיות 500מ""ל",מוצרי איכות אמריקאיים בע,IL,בן&גריס גלידה פיינטי,יחידה,420.00,יחידה,false,,24.90,0.0593,true,1,21852
72986448,false,"גלידת בן & ג'ריס פיינטים טופי קראנץ 500מ""ל",מוצרי איכות אמריקאיים בע,IL,בן&גריס גלידה טופי ק,יחידה,420.00,יחידה,false,,24.90,0.0593,true,1,47700
72986455,false,"ניו יורק סופר גלידת שוקולד, חתיכות פאדג' ואגוזים",מוצרי איכות אמריקאיים בע,IL,בן&גריס גלידה פיינטי,גרמים,420.00,100 גרם,false,,24.90,5.9286,true,1,21854
72986479,false,"צ'אנקי מנקי גלידת וניל, בננות, חתיכות פאדג' ואגוזים",מוצרי איכות אמריקאיים בע,IL,בן&גריס גלידה צאנקי,גרמים,420.00,100 גרם,false,,24.90,5.9286,true,1,21855
72991886,false,"גלידת דולצ'ה בטעם ריבת חלב עם פאדג' בן וג'ירי 500 מ""ל",מוצרי איכות אמריקאיים בע,IL,בן&גריס גלידה ריבת ח,גרמים,750.00,100 גרם,false,,24.90,3.3200,true,1,21857
72993637,false,מעדן חלב בטעם שוקולד 125 ג' דני,"שטראוס גרופ בע""\מ",IL,דני מהדרין שוקו בודד,גרמים,125.00,100 גרם,false,,2.80,2.2400,true,1,42456
80001461,false,חטיף גרנדה שוקולד 38 גרם,"א. לואקר קונפקט בע""מ",AT,גרדנה שוקולד מר 38גר,גרמים,38.00,100 גרם,false,,4.70,12.3684,true,1,41855
80042556,false,POLPA עגבניות חתוכות דק 400 גרם MUTTI,"איי, בי, אינבוו",IT,עגבניות חתוכות מוטי,גרמים,400.00,100 גרם,false,,16.90,4.2250,true,1,93635
80042563,false,רסק עגבניות MUTTI{צהוב} 700 גרם,"איי, בי, אינבוו",IT,רסק עגבניות 700גר (צ,גרמים,700.00,100 גרם,false,,14.90,2.1286,true,1,89084
80050025,false,סוכריות טיק טק תפוז 16 גרם,פררו - אלבה,ZA,טיק טק תפוז 16גר,גרמים,16.00,100 גרם,false,,3.90,24.3750,true,1,49590
80052760,false,קינדר בואנו Kinder Bueno עם חלב ואגוזי לוז,פררו - אלבה,PL,קינדר בואנו 43גר,גרמים,43.00,100 גרם,false,,4.90,11.3953,true,1,31914
80052883,false,סוכריות טיק טק מנטה חזק 16 גרם,צ'וקטה,ZA,טיק טק מנטה חזק 16 ג,גרמים,16.00,100 גרם,false,,3.90,24.3750,true,1,128433
80176800,false,נוטלה ממרח שוקולד 750 גרם,פררו תעשיות איטליה ס,IT,ממרח אגוזי לוז נוטלה,גרמים,750.00,100 גרם,false,,28.90,3.8533,true,1,31915
80177173,false,ממרח שוקולד נוטלה 350 גרם,פררו - אלבה,IT,ממרח אגוזי לוז נוטלה,גרמים,350.00,100 גרם,false,,14.90,4.2571,true,1,31916
80768838,false,מסטיק מנטוס וויט ביג פירות ומנטה 105 ג',פרפטי ואן מלה,TR,מנטוס וויט ביג פירות,גרמים,70.00,100 גרם,false,,18.90,27.0000,true,1,90109
80773429,false,מנטוס בקבוק מעוגל - מסטיק ללא סוכר בטעם תות 60 גרם,"פרפטי ואן מלה ג'\ידה,סאן",TR,מסטיק מנטוס פיור פרש,גרמים,60.00,100 גרם,false,,9.90,16.5000,true,1,96077
80773443,false,מנטוס בקבוק מעוגל - מסטיק ללא סוכר בטעם מנטה 60 גרם,"פרפטי ואן מלה ג'\ידה,סאן",TR,מסטיק מנטוס בקבוק מע,גרמים,60.00,100 גרם,false,,9.90,16.5000,true,1,93798
80790990,false,מסטיק מנטוס בבקבוק מעוגל בטעם פירות -מנטה 60 ג',"פרפטי ואן מלה ג'\ידה,סאן",TR,מסטיק מנטוס בקבוק מע,גרמים,60.00,100 גרם,false,,9.90,16.5000,true,1,93799
80794233,false,מסטיק מנטוס ביג בבקבוק מעוגל טעם מנטה 90 ג',פרפטי ואן מלה הולנד,TR,מנטוס מסטיק ביג בקבו,גרמים,90.00,100 גרם,false,,18.90,21.0000,true,1,93797
80843184,false,מנטוס מסטיק פיור פרש בטעם ענבים 60גר,פרפטי ואן מלה הולנד,TR,מסטיק מנטוס פיור פרש,גרמים,60.00,100 גרם,false,,9.90,16.5000,true,1,136896
80896081,false,מנטוס בקבוק מעוגל - מסטיק ללא סוכר בטעם אבטיח 60 גרם,"פרפטי ואן מלה ג'\ידה,סאן",TR,מנטוס מסטיק פיור פרש,גרמים,60.00,100 גרם,false,,9.90,16.5000,true,1,96078
80913467,false,מנטוס בקבוק מעוגל - מסטיק ללא סוכר בטעם מנטה,פרפטי ואן מלה הולנד,TR,מסטיק מנטוס בבקבוק מ,גרמים,60.00,100 גרם,false,,9.90,16.5000,true,1,93800
80926481,false,מסטיק מנטוס פיור פרש בבקבוק בינוני בטעם אבטיח 90ג',"פרפטי ואן מלה ג'ידה,סאן",TR,מסטיק מנטוס פיור פרש,גרמים,90.00,100 גרם,false,,18.90,21.0000,true,1,98847
80929277,false,מסטיק מנטוס פיור וויט מנטה עדינה 150 גר,"פרפטי ואן מלה ג'ידה,סאן",TR,מנטוס מסטיק פיור ווי,יחידה,0.00,יחידה,false,,18.90,0.0000,true,1,140003
80936459,false,שלישיית ביצי שוקולד(,,IT,שלישיית ביצי שוקולד,גרמים,60.00,100 גרם,false,,9.90,16.5000,true,1,137984
80974215,false,מסטיק מנטוס פיור פרש בבקבוק ביג בטעם תות 90ג',"פרפטי ואן מלה ג'ידה,סאן",TR,מסטיק מנטוס פיור פרש,גרמים,90.00,100 גרם,false,,18.90,21.0000,true,1,98848
80979128,false,מנטוס מסטיק בקבוק מעוגל בטעם דובדבן,פרפטי ואן מלה הולנד,TR,מסטיק מנטוס פיור פרש,גרמים,60.00,100 גרם,false,,9.90,16.5000,true,1,136895
80995128,false,מנטוס בקבוק עגול בטעם הדרים בתוספת ויטמינים 60 גרם,פרפטי ואן מלה הולנד,TR,מנטוס מסטיק בטעם הדר,גרמים,60.00,100 גרם,false,,9.90,16.5000,true,1,140981
87108651,false,סוכריות בטעם מנטה מנטוס 4*37.5 גרם,הדקלאים אגודת שיתופי,NL,סוכריות מנטוס מנטה ר,גרמים,37.50,100 גרם,false,,12.90,34.4000,true,1,31926
87108712,false,סוכריות בטעם פירות מנטוס 4*37.5 גרם,פרפטי ואן מלה ברדה,NL,סוכריות מנטוס רביעיי,גרמים,37.50,100 גרם,false,,12.90,34.4000,true,1,31927
87311396,false,מנטוס ריינבאוו סוכריות לעיסה בטעמי פירות,פרפטי ואן מלה ברדה,NL,מנטוס ריינבואו גליל,גרמים,37.50,100 גרם,false,,3.90,10.4000,true,1,65275
90087011,false,מיץ תפוחים 100% קרטונית ראוך,Rauch fruchtsafte gm,HU,הפי דיי נקטר תפוחים,מיליליטרים,1000.00,"100 מ""ל",false,,12.90,1.2900,true,1,78213
90087769,false,מיץ אננס 100% קרטונית ראוך,Rauch fruchtsafte gm,HU,הפי דיי נקטר אננס לל,מיליליטרים,1000.00,"100 מ""ל",false,,12.90,1.2900,true,1,78215
90087806,false,מיץ אשכוליות ראוך 100% 12X,ראוך Rauch,AT,הפי דיי אשכוליות ראו,מיליליטרים,1000.00,"100 מ""ל",false,,12.90,1.2900,true,1,92470
90087974,false,"חומץ תפוחים 5% 750 מֿֿֿֿ""ל 12X",ראוך פרוכטסאפה,AT,חומץ תפוחים 5% 750מל,מיליליטרים,750.00,"100 מ""ל",false,,13.90,1.8533,true,1,92454
96137130,false,"דאו' רול און אנטי פרספירנט אגס ואלוורה 50 מ""ל",יוניליוור פיליפינים,GB,"דאב רולאון אגס 50 מ""",מיליליטרים,50.00,"100 מ""ל",false,,15.90,31.8000,true,1,98589
8112100298,false,"שמן שומשום טהור מזרח ומערב 185 מ""ל",Flavor full foods in,TW,שמן שומשום טהור 185מ,מיליליטרים,185.00,"100 מ""ל",false,,15.90,8.5946,true,1,56444
11179111541,false,מפות שולחן אמריקאי פ,,,מפות שולחן אמריקאי פ,יחידה,0.00,יחידה,false,,3.90,0.0000,true,1,93642
11210000094,false,"רוטב ""טבסקו"" על בסיס פלפל אדום 60 מ""ל",מקאילהייני אייבורי,US,טבסקו אדום 60מל,מיליליטרים,60.00,"100 מ""ל",false,,10.90,18.1667,true,1,22353
11210007253,false,"רוטב שום ופלפל טבסקו 60 מ""ל",מקאילהייני אייבורי,US,טבסקו שום 60מל,מיליליטרים,60.00,"100 מ""ל",false,,10.90,18.1667,true,1,22354
11210698055,false,רוטב טבסקו סרירציה 566 גרם,מקאילהייני קו,US,רוטב טבסקו סרירצ'ה 5,גרמים,566.00,100 גרם,false,,24.90,4.3993,true,1,128490
16000185517,false,דגני בוקר פייבר וואן עתירי סובין FIBRE1,בטר אנד דיפרנט,US,*מבצע* דגני פייבר וו,גרמים,555.00,100 גרם,false,,19.90,3.5856,true,1,138951
16000548404,false,חטיפי גרנולה קראנצ'י עם שיבולת שועל ודבש נייצ'ר ואלי 5*42 גרם,ג'נרל מילס סאן אדריאן,ES,ניטשר וואלי חטיף קרא,גרמים,210.00,100 גרם,false,,22.50,10.7143,true,1,31934
16000548503,false,חטיפי גרנולה קראנצ'י עם מייפל וסוכר חום נייצ'ר ואלי 5*42 גרם,ג'נרל מילס סאן אדריאן,ES,ניטשר וואלי חטיף קרא,גרמים,210.00,100 גרם,false,,22.50,10.7143,true,1,31936
16000548602,false,חטיפי גרנולה קראנצ'י קינמון נייצ'ר ואלי 5*24 גרם,ג'נרל מילס סאן אדריאן,ES,ניטשר וואלי חטיף קרא,גרמים,210.00,100 גרם,false,,22.50,10.7143,true,1,31937
18000701223,false,"פילסברי, עוגה בטעם שוקולד, תערובת להכנת עוגה בטעם שוקולד. 500 גרם",הדקלאים אגודת שיתופי,IL,תערובת עוגת שוקולד פ,גרמים,550.00,100 גרם,false,,19.90,3.6182,true,1,31941
18000703494,false,"פילסברי, עוגה בטעם וניל, תערובת להכנת עוגה בטעם וניל. 500 גרם.",הדקלאים אגודת שיתופי,IL,תערובת עוגת וניל 500,גרמים,500.00,100 גרם,false,,19.90,3.9800,true,1,31942
18000703517,false,"פילסברי, עוגה בטעם שוקולד וניל, תערובת להכנת עוגה בטעם וניל. 550 גרם.",הדקלאים אגודת שיתופי,IL,תערובת עוגת שיש 550ג,גרמים,550.00,100 גרם,false,,19.90,3.6182,true,1,31943
22200956932,false,דאודורנט ספיד סטיק גל 24/7 כחול 85 גר,הנסיך- מפעל לייצור ט,US,ספיד סטיק 24/7 ג'ל כ,גרמים,85.00,100 גרם,false,,21.90,25.7647,true,1,28256
25675301153,false,סאוור סטיקס Sour Sticks בטעם אוכמניות,פשקז Paskesz,NL,מקלות חמוצים פטל 50,גרמים,50.00,100 גרם,false,,5.90,11.8000,true,1,105843
29424000687,false,גלילי וופל אגוז מנעמ,מנעמים,,גלילי וופל אגוז מנעמ,גרמים,100.00,100 גרם,false,,5.90,5.9000,true,1,50397
29424000854,false,גלילי וופל שוקולד מנעמים 100 גרם,,,גלילי וופל מנעמים שו,גרמים,100.00,100 גרם,false,,5.90,5.9000,true,1,50398
31200001597,false,חמוציות אושן ספריי קליית גת בשקית 170 גרם,ליימן מותגים,US,חמוציות אושן ספריי 1,גרמים,170.00,100 גרם,false,,13.70,8.0588,true,1,53176
31290140190,false,שוקולד עם נגיעות מלח ים שוקולד גודייבה פינגרס,"אולקר מקבוצת פלאדיס, ציק",TR,אצבעות שוקולד מריר נ,גרמים,90.00,100 גרם,false,,14.90,16.5556,true,1,120535
33200147701,false,פרש&סופט דפים למייבש בניחוח טרופי 100 יח,פרש אנד סופט Frash'n soft,US,פרש & סופט ורוד 100י,יח',100.00,יח',false,,29.90,0.2990,true,1,28089
33617322616,false,פת פריכה מקמח שיפון ואזה 270 גרם,כלורוקס אוקלנד,SE,קרקר ואזה מקמח שיפון,גרמים,270.00,100 גרם,false,,14.90,5.5185,true,1,62376
33617340610,false,קרקר ואזה 203-275 גרם מקמח שיפון 275,כלורוקס אוקלנד,SE,פת פריכה מקמח שיפון,גרמים,250.00,100 גרם,false,,14.90,5.9600,true,1,62377
34000470563,false,ריסז מיניס באריזה משפחתית 215 גרם,ליימן מותגים,US,ריסז מיניס פאוצ 215ג,גרמים,215.00,100 גרם,false,,19.90,9.2558,true,1,140007
34000996643,false,הרשי דרופס באריזה משפחתית 215 גרם,ליימן מותגים,US,הרשי דרופס פאוצ 215ג,גרמים,215.00,100 גרם,false,,19.90,9.2558,true,1,140008
36000516876,false,ממחטות נייר קלינקס לושן 3 שכבות 75 דף,חוגלה קימברלי,US,קלינקס לושן 75 יח,יח',75.00,יח',false,,13.90,0.1853,true,1,112211
37600207188,false,חמאת בוטנים קלאסי סקיפי 462 גרם,חברת המזון אלגוד,US,חמאת בוטנים קלאסי סק,גרמים,462.00,100 גרם,false,,24.90,5.3896,true,1,71292
37600207256,false,חמאת בוטנים עם שברי בוטנים סקיפי 462 גרם,חברת המזון אלגוד,US,חמאת בוטנים עם שברי,גרמים,462.00,100 גרם,false,,24.90,5.3896,true,1,71293
38000138638,false,חטיף צ'יפס פרינגלס פיצה 158 גרם,פרינגלס מנופקצ'ורינג קונ,US,פרינגלס פיצה 158גר,גרמים,158.00,100 גרם,false,,11.90,7.5316,true,1,92502
38000197840,false,פרינגלס גלי בטעם חריף מתוק 137 ג',פרינגלס מניופקצ'\ורינג ק,US,פרינגלס גלי בטעם חרי,גרמים,137.00,100 גרם,false,,11.90,8.6861,true,1,128317
38000202278,false,חטיף צ'יפס גלי בטעם אורגינל מלוח,פרינגלס מניופקצ'\ורינג ק,US,פרינגלס גלי בטעם אור,גרמים,130.00,100 גרם,false,,11.90,9.1538,true,1,128325
38000232152,false,פרינגלס חטיפי תפוח אדמה בטעם ברביקיו 158 גרם,פרינגלס מנופקצ'ורינג קומ,US,פרינגלס ביג ברביקיו,גרמים,158.00,100 גרם,false,,11.90,7.5316,true,1,112809
38000232176,false,פרינגלס ביג שמנת בצל 158 גרם,פרינגלס מנופקצ'ורינג קונ,US,פרינגלס ביג שמנת ובצ,גרמים,149.00,100 גרם,false,,11.90,7.9866,true,1,112808
38000232183,false,פרינגלס ביג אורגינל 149 גרם,פרינגלס מנופקצ'ורינג קונ,US,פרינגלס ביג אורגינל,גרמים,149.00,100 גרם,false,,11.90,7.9866,true,1,112807
38527591053,false,קואקר דגנים מרובעים שיבולת שועל וקינמון,קוואקר אוטס קומפני,US,דגני בוקר קוואקר מרו,גרמים,412.00,100 גרם,false,,22.90,5.5583,true,1,64392
38527591060,false,דגני קוואקר מרובעים Quaker Squares עם סוכר חום,קוואקר אוטס קומפני,US,דגני בוקר קוואקר מרו,גרמים,412.00,100 גרם,false,,22.90,5.5583,true,1,63759
40000514480,false,M&M אריזה קטנה's שוקולד אריזה קטנה 48 גרם,M&M אם אנד אם,US,אמ&אמס עדשי שוקולד 4,גרמים,48.00,100 גרם,false,,4.90,10.2083,true,1,90121
40000514510,false,M&M אריזה קטנה's בוטנים אריזה קטנה 49 גרם,M&M אם אנד אם,US,אמ&אמס עדשי שוקולד ב,גרמים,49.00,100 גרם,false,,4.90,10.0000,true,1,89516
41390010309,false,"רוטב טריאקי קיקומן 444 מ""ל",קיקומן פודז אינק,US,רוטב טריאקי קיקומן 4,מיליליטרים,444.00,"100 מ""ל",false,,29.90,6.7342,true,1,72068
41500000428,false,חרדל חום פרנצס חריף לחיץ 340 גרם,פרנצ'ס,US,חרדל חום חריף פרנציס,גרמים,340.00,100 גרם,false,,19.90,5.8529,true,1,139746
41500007007,false,חרדל צהוב פרנצס קלאסי לחיץ 226 גרם,פרנצ'ס,US,חרדל צהוב פרנצס 226,גרמים,226.00,100 גרם,false,,14.90,6.5929,true,1,139745
41500818467,false,"פרנצ רוטב ווסטר מופחת נתרן 443 מ""ל",,US,רוטב וורצ'סטר דל נתר,מיליליטרים,443.00,"100 מ""ל",false,,25.90,5.8465,true,1,139743
42400108153,false,דגני בוקר צבעוניים בטעם פירות טוטי פרוטיס,פוסט ארצות הברית,US,דגני פוסט טוטי פרוטי,גרמים,354.00,100 גרם,false,,24.90,7.0339,true,1,135091
44164063914,false,פתיל צף מוכן לשימוש כ- 50 יחידות,שרגא SHRAGA,IL,פתיל צף מוכן לשימוש,יחידה,0.00,יחידה,false,,5.90,0.0000,true,1,137805
46214731552,false,עוגיות שוקולד צ'יפס 37% גודיס 225 גרם,קריניציה ויטמינה אס,NL,עוגיות שוקולד ציפס ע,גרמים,225.00,100 גרם,false,,12.90,5.7333,true,1,25258
48256214758,false,מסיר כתמים קשים לכביסה לבנה וצבעונית,יעקבי- אסטוניש Astonish,GB,אסטוניש אבקת הפלא מס,גרמים,1000.00,100 גרם,false,,32.90,3.2900,true,1,33938
50000168583,false,"מזון חתולים פריסקיז אקסטרא קראנץ 1.43 ק""ג","פורינה ארה""\ב",US,פריסקיז אקסטרא קראנץ,גרמים,1430.00,100 גרם,false,,39.90,2.7902,true,1,136030
54881000055,false,תה שחור מבחר פירות 20 שקיות אחמד,אחמד תה אנגליה,,תה אנגלי שחור מחר פי,יחידה,0.00,יחידה,false,,9.90,0.0000,true,1,98546
54881000208,false,תה שחור לימון וגינגיר 20 שקיות אחמד,אחמד תה אנגליה,AE,תה אנגלי שחור לימון,יחידה,0.00,יחידה,false,,9.90,0.0000,true,1,98549
54881006958,false,תה שחור קינמון 20 שקיקים אחמד,אחמד תה אנגליה,,תה אנגלי שחור קינמון,יחידה,0.00,יחידה,false,,9.90,0.0000,true,1,98550
54881008174,false,תה אחמד ארל גריי 100 שקיקים,תה אחמד Ahmad tea,AE,תה ארל גריי אחמד 100,יחידה,0.00,יחידה,false,,16.90,0.0000,true,1,92458
54881008181,false,תה אחמד אינגליש 100 שקיקים,תה אחמד Ahmad tea,AE,תה אינגליש אחמד 100י,גרמים,0.00,100 גרם,false,,16.90,0.0000,true,1,92459
70080000016,false,חרדל אמריקאי פלוכמן Plochman's,"פלוקמן בע""מ",US,חרדל לחיץ אמריק' ניצ,גרמים,297.00,100 גרם,false,,9.90,3.3333,true,1,92371
73490130359,false,קרקר קרם קרקר רגיל 2,אפיפית נצרת,IL,קרם קרקר 250גר,גרמים,250.00,100 גרם,false,,7.50,3.0000,true,1,23293
73490130946,false,ביסקויט פתי בר בטעם וניל 500 גרם,אפיפית נצרת,IL,פתי בר וניל 500 גרם,גרמים,500.00,100 גרם,false,,8.90,1.7800,true,1,49385
73490130953,false,ביסקויט בטעם שוקולד 500 גרם,אפיפית נצרת,IL,פתי בר שוקו 500 גרם,גרמים,500.00,100 גרם,false,,8.90,1.7800,true,1,49386
76840100156,false,"בן אנד גריס גלידת צרי גרסיה 500 מ""ל",מוצרי איכות אמריקאיים בע,IL,בן&גריס גלידה שמנת ע,מיליליטרים,473.00,"100 מ""ל",false,,24.90,5.2643,true,1,135531
76840100583,false,"גלידת וניל עם בצק עוגיות בן וג'ירי 473 מ""ל",מוצרי איכות אמריקאיים בע,IL,בן&גריס גלידה וניל+ב,מיליליטרים,473.00,"100 מ""ל",false,,24.90,5.2643,true,1,51190
77343000233,false,נרות חימום אורה 50 יחי',"מנורה שי נר בע""מ",IL,להבונים 50יח,יחידה,0.00,יחידה,false,,9.90,0.0000,true,1,26099
77975022757,false,בייגלה קשה מבצק שאור בסגנון אמריקאי,סניידרס אוף האנובר,US,בייגלה אמריקאי פרייצ,גרמים,380.00,100 גרם,false,,16.90,4.4474,true,1,71483
77975094624,false,"סניידרס סנדוויץ בייגלה במילוי חמאת בוטנים , 226 ג'",סניידרס Snyder's,US,שברי בייגל במילוי חמ,גרמים,283.50,100 גרם,false,,16.90,5.9612,true,1,127853
77975094631,false,סניידרס סנדוויץ' בייגלה במילוי קרם בטעם צ'דר 226 גרם,סניידרס לאנס,US,בייגלה סניידרס גבינה,גרמים,266.00,100 גרם,false,,16.90,6.3534,true,1,127852
77975094761,false,סניידרס חטיפים על בסיס קמח חיטה בטעם גבינת צ'דר,סניידרס אוף האנובר,US,שברי בייגל בטעם גבינ,גרמים,340.00,100 גרם,false,,16.90,4.9706,true,1,135473
77975094778,false,שברי בייגלה סניידרס בטעם דבש חרדל 340 גר,סניידרס אוף האנובר,US,סניידרס בטעם דבש חרד,גרמים,340.00,100 גרם,false,,16.90,4.9706,true,1,136294
80432402931,false,"וויסקי סקוטי, שיבאס ריגאל 12 שנה, 700 מ''ל",מזקקת האחים שיבאס,GB,וויסקי שיבאס 700מל,מיליליטרים,700.00,"100 מ""ל",false,,119.00,17.0000,true,1,72461
80518532743,false,חבילת בלונים (50 יח') פסטל בסטרים,NORTHERN,CN,בלוני גומי רמה 3,יחידה,0.00,יחידה,false,,11.90,0.0000,true,1,28656
628154383659,false,דגני בוקר פרוטי פבלס פוסט 311 גרם,פוסט ארצות הברית,US,דגני פוסט פרוטי פבלס,גרמים,311.00,100 גרם,false,,24.90,8.0064,true,1,139729
645173911038,false,קורנישון מלפפוןן מיני 720 גרם - תומר,קלמן אינדיה פי וי סי,IN,קורנישון מיני 720גר,גרמים,720.00,100 גרם,false,,12.90,1.7917,true,1,22564
651080161510,false,פלקרס פולסר לשיניים צפופות-מנטה 35 יחידו,מיוצר עי קונדיטוריית,CN,"פלקסר ""פלוסר"" חוט דנ",יחידה,0.00,יחידה,false,,10.90,0.0000,true,1,136962
693493158657,false,תפוח אדמה גורמה דוד,חקלאי,IL,"תפו""א גורמה",קילוגרמים,1.00,"ק""ג",true,,5.90,5.9000,true,1,138644
728229123590,false,טרה אורגינל חטיף על בסיס ירקות שורש בטעם טבעי 110 גרם,הונדורס צ'יפס יצור א,HN,ציפס חטיף טרה ירקות,גרמים,110.00,100 גרם,false,,15.90,14.4545,true,1,47785
728229123613,false,טרה חטיף על בסיס תפוח אדמה כחול בטעם טבעי 110 גרם,היין סלסטיאל גרופ,US,ציפס חטיף טרה תפוא כ,גרמים,110.00,100 גרם,false,,15.90,14.4545,true,1,47786
728229124764,false,טרה חטיף על בסיס בטטה עם מלח ים 110 גרם,היין פיוצ'ור נטורל פ,IN,ציפס חטיף טרה בטטה מ,גרמים,110.00,100 גרם,false,,15.90,14.4545,true,1,135146
728229124771,false,טרה חטיף על בסיס בטטה בטעם ברביקיו 110 גרם,היין פיוצ'ור נטורל פ,IN,ציפס חטיף טרה בטטה ט,גרמים,110.00,100 גרם,false,,15.90,14.4545,true,1,139501
728229130154,false,טרה חטיף על בסיס בטטה וסלק בטעם טבעי 110 גרם,הונדורס צ'יפס יצור א,HN,ציפס חטיף טרה בטטה ו,גרמים,110.00,100 גרם,false,,15.90,14.4545,true,1,47788
728229130444,false,"חטיף על בסיס ירקות שורש עם בטטה, תפו""א כחול וסלק",היין סלסטיאל גרופ,US,ציפס חטיף טרה ירק תפ,גרמים,110.00,100 גרם,false,,15.90,14.4545,true,1,51040
729011726254,false,דונאטס מצופה,,,דונאטס מצופה,יחידה,0.00,יחידה,false,,5.90,0.0000,true,1,141435
768404001640,false,"גלידה בן&ג'ריס קפה משפחתית 500מ""ל",מוצרי איכות אמריקאיים בע,IL,בן&גריס גלידה פיינטס,גרמים,473.00,100 גרם,false,,24.90,5.2643,true,1,51344
835811005728,false,עלים לקרמשניט הנמל 400 גרם,"רונית מאפים בע""מ",IL,עלים לקרמשניט 2*200ג,גרמים,300.00,100 גרם,false,,19.90,6.6333,true,1,69186
835811006497,false,אבקת סוכר 500 גרם הנמל,ר.ס. חברה ליבוא ויצו,IL,אבקת סוכר הנמל 500גר,גרמים,500.00,100 גרם,false,,6.90,1.3800,true,1,74912
839762000641,false,משקה איילנד מנגו נקטר 1 ל',"פאראגאלה,דה אג'יפשן קו פ",EG,איילנד נקטר מנגו 1לי,מיליליטרים,1000.00,"100 מ""ל",false,,13.90,1.3900,true,1,42244
856591000062,false,עוגיות מזרחיות עם מלח עבאדי 400 גרם,מאפיית יוסף ושמחה עבאדי,IL,עוגיות עבאדי מזרחיות,גרמים,400.00,100 גרם,false,,19.90,4.9750,true,1,34147
856591000109,false,עוגיות מזרחיות פריך במיוחד עבאדי 400 גרם,מאפיית יוסף ושמחה עבאדי,IL,עוגיות עבאדי עוגיות,גרמים,400.00,100 גרם,false,,19.90,4.9750,true,1,49786
884912002372,false,דגני בוקר גרייט גריינס פוסט453 גרם,פוסט ארצות הברית,US,פוסט סלקט קרנברי 396,גרמים,396.00,100 גרם,false,,26.90,6.7929,true,1,65028
884912117625,false,דגני שלווה מצופים בדבש Golden Crisp,הנסיך- מפעל לייצור ט,US,דגני פוסט גולדן קריס,גרמים,418.00,100 גרם,false,,24.90,5.9569,true,1,99618
884912129512,false,דגני בוקר קוקו פוסט פלינסטונס 311 גרם,פוסט לקיוויל,US,דגני פוסט קוקו פבלס,גרמים,311.00,100 גרם,false,,24.90,8.0064,true,1,70495
884912359155,false,דגני בוקר האני באנצ'ס האני רוסטד פוסט 340 גרם,פוסט ארצות הברית,US,דגני פוסט האני בנצ'ס,גרמים,340.00,100 גרם,false,,24.90,7.3235,true,1,139721
884912359162,false,האני באנצ' דגני בוקר עם שקדים פוסט 411 גרם,פוסט ארצות הברית,US,דגני פוסט האני בנצ'ס,גרמים,340.00,100 גרם,false,,24.90,7.3235,true,1,139722
884912359414,false,דגני בוקר האני באנצס קינמון 340 ג' POST,פוסט ארצות הברית,US,דגני פוסט האני בנצ'ס,גרמים,340.00,100 גרם,false,,24.90,7.3235,true,1,139725
884912359421,false,דגני בוקר האני באנצ'ס מייפל ופקאן פוסט 340 גרם,פוסט ארצות הברית,US,דגני פוסט האני בנצ'ס,גרמים,340.00,100 גרם,false,,24.90,7.3235,true,1,139723
884912365200,false,דגני בוקר אוראו שחור ולבן 311 גרם,פוסט ארצות הברית,US,דגני בוקר אוראו 311,גרמים,311.00,100 גרם,false,,21.90,7.0418,true,1,140686
884912365217,false,דגני בוקר אוראו הדור הבא 311 גרם.,פוסט ארצות הברית,US,דגני בוקר אוראו 311,גרמים,311.00,100 גרם,false,,21.90,7.0418,true,1,135476
884912377142,false,דגני בוקר האני באנצס וניל 340 ג' POST,פוסט ארצות הברית,US,דגני פוסט האני בנצ'ס,גרמים,340.00,100 גרם,false,,24.90,7.3235,true,1,139726
887930411553,false,סוללה קודאק 016 1555,,,סוללה קודאק 016 1555,יחידה,0.00,יחידה,false,,13.90,0.0000,true,1,140861
887930413380,false,סוללות קודאק זוג AA,,,סוללות קודאק זוג AA,יחידה,0.00,יחידה,false,,5.90,0.0000,true,1,141489
887930952018,false,סוללות קודאק אקסטרא,,,סוללות קודאק אקסטרא,יחידה,0.00,יחידה,false,,11.90,0.0000,true,1,95371
887930956221,false,סוללה קודאק 6223 123,,,סוללה קודאק 6223 123,יחידה,0.00,יחידה,false,,21.90,0.0000,true,1,140859
3014260228842,false,"קצף גילוח ג'ילט לעור רגיל 200 מ""ל",מולינו ניקולי s.p.a,GB,גילט קצף גילוח רגיל,מיליליטרים,200.00,"100 מ""ל",false,,14.90,7.4500,true,1,48583
3014260240226,false,"קצף גילוח ג'ילט לעור רגיש 200 מ""ל",מולינו ניקולי s.p.a,GB,גילט קצף גילוח לעור,מיליליטרים,200.00,"100 מ""ל",false,,14.90,7.4500,true,1,48584
3046920010801,false,שוקולד מריר אקסלנס עם אגוזי לוז,לינדט ושפרונגלי קילשברג,FR,שוקולד לינדט אקסלנס,גרמים,100.00,100 גרם,false,,15.90,15.9000,true,1,93895
3046920027281,false,שוקולד מריר אקסלנס במילוי קרמל ומלח ים,לינדט ושפרונגלי קילשברג,FR,שוקולד לינדט אקסלנס,גרמים,100.00,100 גרם,false,,15.90,15.9000,true,1,74043
3046920028004,false,לינדט שוקולד אקסלנס מריר 70% 100 גר,לינדט ושפרונגלי קילשברג,FR,שוקולד לינדט אקסלנס,גרמים,100.00,100 גרם,false,,15.90,15.9000,true,1,34190
3046920028363,false,לינדט אקסלנס 85% מוצקי קקאו 100 גרם,לינדט ושפרונגלי קילשברג,FR,שוקולד לינדט אקסלנס,גרמים,100.00,100 גרם,false,,15.90,15.9000,true,1,31285
3046920028721,false,שוק.מריר לינדט 99% 50גרם,לינדט ושפרונגלי קילשברג,FR,שוקולד לינדט אקסלנס,גרמים,50.00,100 גרם,false,,15.90,31.8000,true,1,128499
3046920028752,false,שוקולד לינדט אקסלנס מינט 100 גרם,לינדט ושפרונגלי קילשברג,FR,שוקולד לינדט אקסלנס,גרמים,100.00,100 גרם,false,,15.90,15.9000,true,1,55980
3046920029674,false,שוקולד לינדט אקסלנס סולט 100 גרם,לינדט ושפרונגלי קילשברג,DE,שוקולד לינדט אקסלנס,גרמים,100.00,100 גרם,false,,15.90,15.9000,true,1,55981
3046920029681,false,לינדט שוקולד אקסלנס מילד 85% קקאו 100 גר,לינדט ושפרונגלי,DE,שוקולד לינדט אקסלנס,גרמים,100.00,100 גרם,false,,15.90,15.9000,true,1,120790
3046920029759,false,לינדט אקסלנס 90% מוצקי קקאו 100 גרם,לינדט ושפרונגלי קילשברג,DE,שוקולד לינדט אקסלנס,גרמים,100.00,100 גרם,false,,15.90,15.9000,true,1,74041
3059940007768,false,"מבשם אוויר אירוויק ספריי וניל אורכידאה 240 מ""ל",איירוויק Air Wick,GB,איירוויק ספריי וניל,מיליליטרים,240.00,"100 מ""ל",false,,10.90,4.5417,true,1,54846
3059943016569,false,"מבשם אוויר אירוויק ספריי פרסיה ויסמין 240 מ""ל",איירוויק Air Wick,GB,איירוויק ספריי פריסי,מיליליטרים,240.00,"100 מ""ל",false,,10.90,4.5417,true,1,54850
3141360054405,false,פיניש מפיץ ריח למדיח בניחוח לימון וליים,הדקלאים אגודת שיתופי,HU,פיניש דאו ריח לימון,יחידה,0.00,יחידה,false,,21.90,0.0000,true,1,90305
3387390320244,false,פיטנס דגני בוקר מחיטה מלאה עם פירות נסטלה 375 גרם,נסטלה צרפת איטנקורט,FR,פיטנס פירות 375גר,גרמים,375.00,100 גרם,false,,23.90,6.3733,true,1,34215
3387390525960,false,קראנץ' דגני בוקר עם שוקולד חלב נסטלה 500 גרם,הנסיך- מפעל לייצור ט,FR,דגני קראנץ' נסטלה 50,גרמים,500.00,100 גרם,false,,27.90,5.5800,true,1,45851
3387390730852,false,פיטנס דגנים מחיטה מלאה ואורז נסטלה 375 גרם,נסטלה צרפת איטנקורט,FR,פיטנס דגנים מחיטה מל,גרמים,375.00,100 גרם,false,,23.90,6.3733,true,1,34216
3574660240030,false,טמפונים או בה פרו קומפורט נורמל 32 יח,פארמה דיל,GR,אובה טמפונים פרוקומפ,יח',32.00,יח',false,,19.90,0.6219,true,1,106883
3574660389128,false,ליסטרין שטיפת פה קול מינט טעם מעודן 500,General,,ליסטרין מי פה קול מי,מיליליטרים,500.00,"100 מ""ל",false,,19.90,3.9800,true,1,140898
3574660389142,false,"ליסטרין מי פה ירוק פרש בורסט 500 מ""ל",,,ליסטרין מי פה פרש יר,מיליליטרים,500.00,"100 מ""ל",false,,19.90,3.9800,true,1,140899
3574661487328,false,קרפרי מגני תחתון אורגינל פלוס 56 יח',הדקלאים אגודת שיתופי,IT,קרפרי תחתוניות רגיל,יחידה,0.00,יחידה,false,,14.90,0.0000,true,1,106978
3574661487335,false,מגן תחתון קרפרי מקסי לונג ריחני 40 יחידות,קרפרי Carefree,IT,קרפרי תחתוניות לונג,יחידה,0.00,יחידה,false,,14.90,0.0000,true,1,106980
3574661487625,false,מגני תחתון פלוס לארג' בניחוח עדין L,הדקלאים אגודת שיתופי,IT,קרפרי תחתוניות מקסי,יחידה,0.00,יחידה,false,,14.90,0.0000,true,1,106979
3574661491721,false,"ליסטרין - מי פה הלבנה 500 מ""ל",,,ליסטרין מי פה לבן,מיליליטרים,500.00,"100 מ""ל",false,,19.90,3.9800,true,1,140901
3574661530697,false,גונסונס בייבי תרחיץ ושמפו לתינוק 500 מל,ג'ונסונס Johnson's,IT,גונסון בייבי תרחיץ ו,מיליליטרים,500.00,"100 מ""ל",false,,19.90,3.9800,true,1,100373
3574661552811,false,מגן תחתון קרפרי כותון אוורירי 56 יחידות,הדקלאים אגודת שיתופי,GR,קרפרי תחתוניות כותון,יחידה,0.00,יחידה,false,,14.90,0.0000,true,1,120571
3574661554877,false,מגן תחתון קרפרי כותון מבושם 56 יחידות,הנסיך- מפעל לייצור ט,GR,קרפרי מגן תחתון אוור,יח',56.00,יח',false,,14.90,0.2661,true,1,120572
3574661643359,false,ליסטרין נטורלס שטיפת פה אנאמל פרוטקט,ג'\ונסון אנד ג'\ונסון,IT,ליסטרין נטורלס מי פה,מיליליטרים,500.00,"100 מ""ל",false,,19.90,3.9800,true,1,139046
3574669907767,false,גונסונס בייבי שמפו קמומיל 750 מל חדש,ג'ונסונס בייבי,IT,גונסון בייבי שמפו קמ,מיליליטרים,750.00,"100 מ""ל",false,,24.90,3.3200,true,1,100386
3574669907880,false,שמפו גונסון צהוב 300 מל,ג'ונסון,IT,ג'ונסון שמפו גולד 30,מיליליטרים,300.00,"100 מ""ל",false,,7.90,2.6333,true,1,136639
3574669908665,false,גונסונס בייבי אל סבון לפני השינה 750 מל,גונסון אנד גונסון,IT,גונסון בייבי אל סבון,מיליליטרים,750.00,"100 מ""ל",false,,19.90,2.6533,true,1,100375
3607343817547,false,"אדידס - דאודורנט ספריי לגבר קליימקול 150 מ""ל",קולפ,PT,אדידס דאודורנט ספריי,מיליליטרים,150.00,"100 מ""ל",false,,14.90,9.9333,true,1,136951
3607345264912,false,"אדידס בודי ספריי לגבר אייס דייב, ללא אלומיניום, 150 מל",אגריפק אס איי לגרדה,ES,פיוז'ן ספריי גוף איי,מיליליטרים,150.00,"100 מ""ל",false,,14.90,9.9333,true,1,52687
3607345265117,false,"אדידס - דאודורנט ספריי לגבר טים פורס 150 מ""ל",מיוצר עי קונדיטוריית,ES,פיוז'ן ספריי גוף טים,מיליליטרים,150.00,"100 מ""ל",false,,14.90,9.9333,true,1,52688
3608580075646,false,קונפיטורה בטעם שזיפים 370 גר BONNE MAMAN,בון מאמא,FR,קונפיטורה שזיפים 370,גרמים,370.00,100 גרם,false,,19.90,5.3784,true,1,139738
3614223736003,false,"אדידס - דאודורנט ספריי לגבר אדיפיור 150 מ""ל",איגפק אס.איי,PT,אדידס דאודורנט ספריי,מיליליטרים,150.00,"100 מ""ל",false,,14.90,9.9333,true,1,136952
3800016701161,false,"לפתן חצאי שזיף בסירופ 700 מ""ל",פרוקטו סליבאן GSC,BG,חצאי שזיף בסירופ 700,מיליליטרים,700.00,"100 מ""ל",false,,7.90,1.1286,true,1,76818
3800016701178,false,"לפתן חצאי משמש בסירופ 700 מ""ל",פרוקטו סליבאן GSC,BG,חצאי משמש בסירופ 700,מיליליטרים,700.00,"100 מ""ל",false,,7.90,1.1286,true,1,73120
3800016703554,false,"שימורי עגבניות שרי סבא 580 מ""ל",פרוקטו סליבאן GSC,BG,עגבניות סבא שרי 580ג,גרמים,580.00,100 גרם,false,,10.90,1.8793,true,1,74139
3800020403631,false,קיט קט וופל פריך עם קרם בוטנים (19%) בציפוי שוקולד חלב (61.8%),נסטלה בולגריה A.D.,BG,קיט קט צ'אנקי חמאת ב,גרמים,42.00,100 גרם,false,,4.90,11.6667,true,1,67644
3800020423578,false,חטיף שוקולד חלב צאנקי 40 ג' קיט קט,נסטלה בולגריה A.D,BG,קיט קאט צאנקי 40 גרם,גרמים,40.00,100 גרם,false,,4.90,12.2500,true,1,47664
3800020472569,false,קיט קט צאנקי קרמל 42 גרם,נסטלה בולגריה,BG,קיט קט צ'אנקי קרמל 4,גרמים,43.50,100 גרם,false,,4.90,11.2644,true,1,140776
3800020472712,false,חטיף קיט קאט צאנקי פופקורן 42 ג',ליימן מותגים,BG,קיטקט צ'אנקי פופקורן,גרמים,42.00,100 גרם,false,,4.90,11.6667,true,1,137109
3838824127149,false,צבע לשיער פלטה - 1-1 שחור כחול,שוורצקופף והנקל,SI,פאלטה-צבע לשיער שחור,יחידה,0.00,יחידה,false,,19.90,0.0000,true,1,97716
3838824127200,false,פלטה סמי קיט 5-68 ערמונים בינוני,שוורצקופף והנקל,SI,פאלטה-צבע לשיער חום,יחידה,0.00,יחידה,false,,19.90,0.0000,true,1,101290
3838824127224,false,פלטה סמי קיט חום בינוני 4-0 צבע שיער,שוורצקופף והנקל,SI,פאלטה-צבע לשיער חום,יחידה,0.00,יחידה,false,,19.90,0.0000,true,1,97718
3838824127248,false,פלטה סמי קיט חום בהיר 5-0 צבע שיער,שוורצקופף והנקל,SI,פאלטה-צבע לשיער חום,יחידה,0.00,יחידה,false,,19.90,0.0000,true,1,97719
3838824127262,false,פלטה סמי קיט בלונד כהה 6-0 צבע שיער,שוורצקופף והנקל,SI,פאלטה-צבע לשיער בלונ,יחידה,0.00,יחידה,false,,19.90,0.0000,true,1,97720
3838824127286,false,צבע לשיער פלטה - 7-0 בלונד בינוני,שוורצקופף והנקל,SI,פאלטה-צבע לשיער בלונ,יחידה,0.00,יחידה,false,,19.90,0.0000,true,1,97721
4000415856601,false,שוקולד לבן טבעי שגוטן 100 גרם,"לודוויג שוקולד בע""\מ",DE,שוגטן לבן 100 ג,גרמים,100.00,100 גרם,false,,6.90,6.9000,true,1,113914
4000417022004,false,ריטר ספורט שוקולד חלב מעולה עם צימוקים ואגוזי לוז 100 גרם,ריטר ספורט Ritter sport,DE,שוקולד קולד ריטר צימ,גרמים,100.00,100 גרם,false,,9.90,9.9000,true,1,44616
4000417025005,false,שוקולד מריר במילוי מרציפן ריטר ספורט 100 גרם,ריטר ספורט Ritter sport,DE,שוקולד ריטר ספורט מר,גרמים,100.00,100 גרם,false,,9.90,9.9000,true,1,44623
4000417026002,false,שוקולד ריטר ספורט פרלין 100 גרם חלב נוכרי,ריטר ספורט Ritter sport,DE,שוקולד ריטר ספורט פר,גרמים,100.00,100 גרם,false,,9.90,9.9000,true,1,47938
4000417211002,false,שוקולד חלב מעולה ממולא קרם קרמל מוקצף ושברי שקדים מומלחים,ריטר ספורט Ritter sport,DE,שוקולד ריטר ספורט מו,גרמים,100.00,100 גרם,false,,9.90,9.9000,true,1,89650
4000417222008,false,שוקולד ריטר ספורט חלב+שברי אגוזים 100 גרם חלב נוכרי,ריטר ספורט Ritter sport,DE,שוקולד ריטר ספורט חל,גרמים,100.00,100 גרם,false,,9.90,9.9000,true,1,76998
4000417294005,false,שוקולד ריטר מוס קקאו 100 גרם חלב נוכרי,ריטר ספורט Ritter sport,DE,שוקולד ריטר מוס קקאו,גרמים,100.00,100 גרם,false,,9.90,9.9000,true,1,77229
4000522009747,false,"מקלות בייגלה תפו""א צ'יו 80 גרם",טרופיקל דגיל תעשיות,HU,ציו חטיף תפוחי אדמה,גרמים,80.00,100 גרם,false,,4.90,6.1250,true,1,74481
4000522061752,false,בייגלה צ'יו מקלות מלוחים 100 גרם,צ'יו Chio,HU,בייגלה צ'יו מקלות 10,גרמים,100.00,100 גרם,false,,4.90,4.9000,true,1,71070
4000539280726,false,שוקולד לינדט אקסלנס מילד 70% 100 גר,לינדט ושפרונגלי,DE,שוקולד לינדט אקסלנס,גרמים,100.00,100 גרם,false,,15.90,15.9000,true,1,140295
4002448017684,false,"סיליט באנג ספריי ניקוי כללי מסיר אבנית 750 מ""ל",הדקלאים אגודת שיתופי,PL,סיליט באנג ספריי רב,מיליליטרים,750.00,"100 מ""ל",false,,13.90,1.8533,true,1,31467
4002448019480,false,"סיליט באנג מסיר שומנים רב שימושי 750 מ""ל",סיליט באנג Cillit Bang,PL,סיליט באנג ספריי מסי,מיליליטרים,750.00,"100 מ""ל",false,,13.90,1.8533,true,1,31469
4002590000022,false,סוכריות קלפני פירות יער אוכמניות 150 ג',ליימן מותגים,DE,סוכריות קלפני פירות,גרמים,150.00,100 גרם,false,,10.90,7.2667,true,1,53052
4002590000039,false,סוכריות בטעם פירות הדר קלפני 150 גרם,ליימן מותגים,,סוכריות קלפני הדרים,גרמים,150.00,100 גרם,false,,10.90,7.2667,true,1,101319
4002590000046,false,סוכריות בטעם מנטה מרענן קלפני 150 גרם,ליימן מותגים,DE,סוכריות קלפני מרענן,גרמים,150.00,100 גרם,false,,10.90,7.2667,true,1,53610
4002590000633,false,סוכריות קלפני פירות 150 גרם,ליימן מותגים,DE,סוכריות קלפני פירות,גרמים,150.00,100 גרם,false,,10.90,7.2667,true,1,53181
4002631025069,false,בירה גרמנית קוניגסבכר Konigsbacher,קרלסברג יבוא יצוא,DE,בירה קוניגסבכר פחית,מיליליטרים,500.00,"100 מ""ל",false,,5.90,1.1800,true,1,102483
4003754081000,false,מרציפן חטיף 100 גר CARSTENS ERASMI,Erasmi & Carstens Gm,DE,מרציפן 100גר,גרמים,100.00,100 גרם,false,,8.90,8.9000,true,1,75760
4004666042004,false,"מלרוד מרסס משמיד עובש יעקבי 500 מ""ל",יעקובי,DE,מלרוד מרסס משמיד עוב,מיליליטרים,500.00,"100 מ""ל",false,,29.90,5.9800,true,1,105446
4005808229390,false,ניוואה מן ג'ל רחצה לגבר קול 500מל,ניוואה Nivea,DE,ניוואה ג'ל רחצה לגבר,מיליליטרים,500.00,"100 מ""ל",false,,14.90,2.9800,true,1,106454
4005808293469,false,"ניוואה - דאודורנט ספריי לגבר יבש 150 מ""ל",BEIERSDORF MANUFACTU,DE,ניוואה דאודורנט ספרי,מיליליטרים,150.00,"100 מ""ל",false,,14.90,9.9333,true,1,137650
4005808366392,false,שפתון ליובש כחול קלאסי לבלו 48 גרם,טרופיקל דגיל תעשיות,IL,שפתון לבלו כחול בליס,יחידה,0.00,יחידה,false,,10.00,0.0000,true,1,102278
4005808368280,false,שפתון ליובש דובדבן לבלו 48 גרם,טרופיקל דגיל תעשיות,DE,שפתון לבלו פירות בטע,יחידה,0.00,יחידה,false,,10.00,0.0000,true,1,102279
4005808406029,false,"ניוואה - תחליב רחצה סופט 750 מ""ל",ביירסדורף,DE,ניוואה תחליב רחצה סו,מטרים,750.00,100 מ'ל,false,,14.90,1.9867,true,1,120628
4005808702107,false,ניוואה תחליב גוף לעור יבש מאד 500 מל,בטר אנד דיפרנט,DE,ניוואה תחליב גוף לעו,מיליליטרים,500.00,"100 מ""ל",false,,19.90,3.9800,true,1,129028
4005808837359,false,"ניוואה - דאודורנט רול און לאישה פרל אנד ביוטי 50 מ""ל",ביירסדורף AG,DE,ניוואה דאו רול און פ,מטרים,50.00,100 מ'ל,false,,14.90,29.8000,true,1,120616
4005808890576,false,"קרם ידיים סופט ניוואה 75 מ""ל",ניוואה Nivea,ES,ניוואה קרם ידיים שפו,יחידה,0.00,יחידה,false,,11.90,0.0000,true,1,120614
4005900036445,false,"ניוואה - דאודורנט רול און לאישה בלק&וויט פיור 50 מ""ל",ביירסדורץ,DE,ניוואה רול און בלק ו,מיליליטרים,50.00,"100 מ""ל",false,,14.90,29.8000,true,1,120617
4005900036476,false,"ניוואה - דאודורנט רול און לאישה בלק אנד וויט קליר 50 מ""ל",טרופיקל דגיל תעשיות,DE,ניוואה רול און בלק א,מיליליטרים,50.00,"100 מ""ל",false,,14.90,29.8000,true,1,102282
4005900036483,false,"ניוואה - דאודורנט ספריי לגבר שקוף בלק וווי 150 מ""ל",בטר אנד דיפרנט,DE,ניוואה דאו ספריי שקו,מיליליטרים,150.00,"100 מ""ל",false,,14.90,9.9333,true,1,120619
4005900036568,false,ניוואה דאודורנט רולאון ספריי לאישה בלק אנד וויט 150 מ''ל,ביירסדורף AG,DE,ניוואה דאו ספריי שקו,מיליליטרים,150.00,"100 מ""ל",false,,14.90,9.9333,true,1,120622
4005900037909,false,"ניוואה - דאודורנט ספריי לאישה אינויזיבל פיור 150 מ""ל",ביירסדורץ,DE,ניוואה דאו ספריי אי,מטרים,150.00,100 מ'ל,false,,14.90,9.9333,true,1,120623
4005900138842,false,"ניוואה - תחליב רחצה סמוט 750 מ""ל",ניואה,DE,ניוואה תחליב רחצה סמ,מטרים,750.00,100 מ'ל,false,,14.90,1.9867,true,1,136798
4005900494924,false,"ניוואה - דאודורנט ספריי לאישה דריי פרש אישה 150 מ""ל",ביירסדורף,DE,ניוואה דאו ספריי דרי,מיליליטרים,150.00,"100 מ""ל",false,,14.90,9.9333,true,1,120625
4005900513045,false,"ניוואה - דאודורנט ספריי לגבר דיפ 150 מ""ל",ביירסדורף,DE,ניוואה דאו ספריי דיפ,מטרים,150.00,100 מ'ל,false,,14.90,9.9333,true,1,120620
4005900521262,false,"ג'ל רחצה לגבר פיור אימפקט ניוואה 500 מ""ל",ביירסדורף,DE,ניוואה ג'ל רחצה דיפ,מטרים,500.00,100 מ'ל,false,,14.90,2.9800,true,1,120630
4005900555915,false,"ניוואה - תחליב רחצה קוקוס וחוחובה 750 מ""ל",ביירסדורף AG,DE,ניוואה תחליב רחצה קו,מטרים,750.00,100 מ'ל,false,,14.90,1.9867,true,1,120721
4005900633125,false,"ניוואה - דאודורנט ספריי לגבר דיפ אספרסו 150 מ""ל",ביירסדורף,DE,ניוואה מן דאו ספריי,מטרים,150.00,100 מ'ל,false,,14.90,9.9333,true,1,139761
4005900648181,false,"ניוואה - תחליב רחצה אלוורה 750 מ""ל",ביירסדורף AG,DE,ניוואה תחליב רחצה אל,מטרים,750.00,100 מ'ל,false,,14.90,1.9867,true,1,136797
4005900816108,false,"דאודורנט רול און לגבר אפקט היובש ניוואה 50 מ""ל",טרופיקל דגיל תעשיות,DE,ניוואה דאו רול און,מיליליטרים,50.00,"100 מ""ל",false,,14.90,29.8000,true,1,102285
4005900828088,false,"ניוואה - דאודורנט רול און לגבר פרש 50 מ""ל",טרופיקל דגיל תעשיות,DE,ניוואה דאו רול און פ,מיליליטרים,50.00,"100 מ""ל",false,,14.90,29.8000,true,1,102287
4005900978950,false,לבלו - דובדבן שפתון לחות מטפח מהדורת נסיכות דיסני,ביירסדורף,DE,לבלו דובדבן שפתון לח,יחידה,0.00,יחידה,false,,10.00,0.0000,true,1,141284
4005900978967,false,לבלו - וניל שפתון לחות מטפח מהדורת נסיכות דיסני,ביירסדורף,DE,לבלו וניל שפתון וניל,יחידה,0.00,יחידה,false,,10.00,0.0000,true,1,141277
4005900978974,false,לבלו - סופט רוז שפתון לחות מטפח מהדורת נסיכות דיסני,ביירסדורף,DE,לבלו סופט רוז שפתון,יחידה,0.00,יחידה,false,,10.00,0.0000,true,1,141285
4008287058161,false,בירה קרומבאכר פילס 4.8% שישיה 6 * 330 מל,מנדלז סי.אר. פרודקשן,DE,שישיית בירת קרומבכר,מיליליטרים,1980.00,"100 מ""ל",false,,29.90,1.5101,true,1,136813
4008400230726,false,ביצת שוקולד הפתעה קינדר ענקית 100ג' בנים,קינדר Kinder,IT,קינדר ביצת הפתעה מקס,גרמים,100.00,100 גרם,false,,24.90,24.9000,true,1,102194
4009300524588,false,חליטת צמחים פומפדור פירות יער 20 יחידות,פומפדור Pompadour,DE,פומפדור חליטת תה פיר,גרמים,60.00,100 גרם,false,,14.90,24.8333,true,1,48317
4009300525684,false,חליטת צמחים פומפדור ג'ינג'ר ולימון 20 יחידות,פומפדור Pompadour,DE,פומפדור חליטות גינגר,יחידה,0.00,יחידה,false,,14.90,0.0000,true,1,65408
4009300526438,false,תה ירוק פומפדור קלאסי 20 יחידות,"איטיליאן פוד, אס.פי.",DE,פומפדור תה ירוק קלאס,יחידה,0.00,יחידה,false,,17.90,0.0000,true,1,71572
4009300528821,false,תה ירוק פומפדור ג'ינגר וקינמון 20 יחידות,פומפדור Pompadour,DE,פומפדור תה ירוק גינג,גרמים,30.00,100 גרם,false,,17.90,59.6667,true,1,107598
4009300595106,false,חליטת צמחים קמומיל דבש פומפדור 45 ג',טיקנה,DE,פומפדור חליטת צמחים,גרמים,30.00,100 גרם,false,,14.90,49.6667,true,1,128076
4009300595120,false,חליטת צמחים פומפדור ג'ינג'ר מנגו 20 יחידות,TEEKANNE- POMPADOU,DE,פומפדור חליטת צמחים,גרמים,30.00,100 גרם,false,,14.90,49.6667,true,1,128077
4009900013581,false,מסטיק אורביט ספרמינט סטיקס משפחתי-חמישיות,ריגלי צרפת,FR,אורביט סטיקס בטעם ספ,יחידה,0.00,יחידה,false,,10.90,0.0000,true,1,69399
4009900402965,false,אורביט וויט בטעם פירות בקבוקון 46מלבניות,ריגלי פולין,PL,אורביט ווייט בקבוקון,גרמים,65.00,100 גרם,false,,10.90,16.7692,true,1,67291
4009900403023,false,אורביט וויט בטעם מנטה בקבוקון 46 מלבניות,"ב.א מזון בע""מ",PL,אורביט ווייט בקבוקון,גרמים,64.00,100 גרם,false,,10.90,17.0313,true,1,67292
4009900420129,false,מסטיק אורביט פרופשנל פפרמינט בקבוקון 64 גר',מרס נדרלנד,PL,אורביט פרופשיונל פפר,גרמים,64.00,100 גרם,false,,10.90,17.0313,true,1,99243
4009900426039,false,מסטיק מנטה אקליפטוס בקבוקון איירווייבס 64 גרם,איירוויבס Airwaves,PL,איירוויבז מנטה אקליפ,גרמים,64.00,100 גרם,false,,10.90,17.0313,true,1,90675
4009900426121,false,מסטיק אורביט איירוויז בקבוקון אוכמניות 64ג',איירוויבס Airwaves,PL,איירוויבז אוכמניות ב,גרמים,64.00,100 גרם,false,,10.90,17.0313,true,1,90677
4009900465304,false,סוכריות סקיטלס פירות חמוצים 174 גרם,ריגלי ממתקים,CZ,סקיטלס בטעם פירות חמ,גרמים,174.00,100 גרם,false,,9.90,5.6897,true,1,71890
4009900479998,false,אורביט וויט אוכמניות בקבוקון 46 מלבניות,ריגלי פולין,PL,אורביט אוכמניות בקבו,יחידה,0.00,יחידה,false,,10.90,0.0000,true,1,72183
4009900482417,false,מסטיק אורביט פירות מנטה בקבוקון באבל מינט 45יח,ריגלי פולין,PL,אורביט באבל מינט בקב,יחידה,0.00,יחידה,false,,10.90,0.0000,true,1,67976
4009900483803,false,מסטיק איירובס מנטה אקליפטוס בקבוקון 60יח',איירוויבס Airwaves,PL,אירוובס בקבוק מנטה א,יחידה,0.00,יחידה,false,,14.50,0.0000,true,1,99767
4009900484091,false,מסטיק אורביט פרופשיונל בטעם מנטה ללא סוכר,ריגלי פולין,PL,אורביט בקבוק בטעם ספ,גרמים,84.00,100 גרם,false,,14.50,17.2619,true,1,68891
4009900487283,false,אורביט ילדים קלאסי סט' משפחתי-חמישיות,ריגלי צרפת,FR,אורביט סטיקס בטעם פי,יחידה,0.00,יחידה,false,,10.90,0.0000,true,1,69401
4009900491044,false,מסטיק איירובס אוכמניות בקבוקון 60יח',איירוויבס Airwaves,PL,אירוובס בקבוק אוכמני,גרמים,84.00,100 גרם,false,,14.50,17.2619,true,1,99769
4009900509770,false,אורביט באריזת בקבוק בטעם תות 60 יח',אורביט Orbit,GB,אורביט בקבוק בטעם תו,יח',60.00,יח',false,,14.50,0.2417,true,1,89766
4009900521581,false,סוכריות אורביט מינטס מנטה בבקבוקון 77 גר,ריגלי פולין,PL,סוכריות אורביט מינטס,גרמים,77.00,100 גרם,false,,10.00,12.9870,true,1,95009
4009900531122,false,"מסטיק בטעם מנטה ספירמינט, 64 ג' פרופשיונל אורפיט",מרס נדרלנד,PL,אורביט פרופשיונל פפר,גרמים,64.00,100 גרם,false,,10.90,17.0313,true,1,99244
4009900534581,false,איירוויבס בקבוקון דובדבן ומנטה 46 מלבני,Unknown,IL,איירוויבז מנטה דובדב,גרמים,64.00,100 גרם,false,,10.90,17.0313,true,1,113206
4009900536486,false,מסטיק אורביט רפרשרס באבלמינט בקבוקון ללא סוכר 67 גר',מרס ריגלי קונפקשונרי,PL,אורביט רפרשרס באבלמי,גרמים,67.00,100 גרם,false,,12.90,19.2537,true,1,136037
4009900539685,false,"מסטיק פייב באונס בטעם מנטה בקבוקון, 61.8 גרם",ריגלי בעמ רוסיה,PL,מסטיק פייב באונס בטע,גרמים,61.80,100 גרם,false,,12.90,20.8738,true,1,140712
4011800528416,false,קורני חטיף דגנים עם בוטנים מתוק-מלוח*6,שוורטאוור וורקה,DE,קורני בייס סויט&סול,גרמים,150.00,100 גרם,false,,12.90,8.6000,true,1,128398
4011800567613,false,מאגדת קורני מילק דרק & ואיט 120 גרם,מיוצר עי קונדיטוריית,DE,קורני סנדביץ שחור לב,גרמים,120.00,100 גרם,false,,12.90,10.7500,true,1,70799
4011800568610,false,מארז רביעיית קורני בטעם קלאסי,שוורטאוור וורקה,DE,קורני סנדביץ במילוי,גרמים,120.00,100 גרם,false,,12.90,10.7500,true,1,70800
4011800628512,false,חטיף קורני שוקולד חלב 6 יח 150 גר,מיוצר עי קונדיטוריית,DE,קורני חטיף דגנים עם,גרמים,150.00,100 גרם,false,,12.90,8.6000,true,1,70080
4011800630515,false,חטיף קורני שוקולד חלב ובננה 6 יח 150 גר,מיוצר עי קונדיטוריית,DE,קורני חטיף דגנים עם,גרמים,150.00,100 גרם,false,,12.90,8.6000,true,1,70082
4011800632519,false,"מארז חטיפי שוקולד חלב וקוקוס ""קורני""",מיוצר עי קונדיטוריית,DE,קורני חטיף דגנים עם,גרמים,150.00,100 גרם,false,,12.90,8.6000,true,1,70084
4011800633516,false,קורני שוקולד מריר מעולה 58% קקאו 6*1,שוורטאוור וורקה,DE,קורני חטיף דגנים עם,גרמים,150.00,100 גרם,false,,12.90,8.6000,true,1,70085
4011800635510,false,חטיף קורני Corny Free עם אגוזי לוז ללא תוספת סוכר,קורני Corny,DE,קורני פרי חטיף דגנים,גרמים,120.00,100 גרם,false,,12.90,10.7500,true,1,70086
4011800636517,false,קורני פרי שוקולד חלב מעולה ללא סוכר 6*1,מיוצר עי קונדיטוריית,DE,קורני פרי חטיף דגנים,גרמים,120.00,100 גרם,false,,12.90,10.7500,true,1,70087
4011800637514,false,חטיף קורני Corny Free עם שוקולד לבן ללא תוספת סוכר,קורני Corny,DE,קורני פרי חטיף דגנים,גרמים,120.00,100 גרם,false,,12.90,10.7500,true,1,70088
4012273123009,false,נטרוגינה קרם ידיים 50 מל הסדרה הנורבגית,גונסון אנד גונסון,FR,ניוטרוג'ינה קרם ידי,100 יח',50.00,100 יח',false,,19.90,39.8000,true,1,141579
4013227013414,false,פינה קולדה Surfers pina colada,קוימנס רויאל,DE,פינה קולדה-סרפרס פינ,מיליליטרים,750.00,"100 מ""ל",false,,49.90,6.6533,true,1,67835
4014400904307,false,סוכריות בטעם פירות קליפורניה סטורק 425 גרם,קריניציה ויטמינה אס,DE,סוכריות קליפרניה 425,גרמים,425.00,100 גרם,false,,16.90,3.9765,true,1,31984
4014400904376,false,סוכריות טופי בטעם שוקולד סטורק 325 גרם,קריניציה ויטמינה אס,DE,סוכריות שוקולדן 325ג,גרמים,325.00,100 גרם,false,,16.90,5.2000,true,1,31986
4014400907902,false,"וורטרס אורגינל סוכריות חמאה ללא סוכר בקופסה
42 גרם",תות ממתקי איכות,DE,סוכריות וורטר ללא סו,גרמים,42.00,100 גרם,false,,7.70,18.3333,true,1,51699
4014400909692,false,וורטרס אורגינל סוכריות חמאה ללא סוכר בטעם קפוצי'ינו בקופסה 42 גרם,קריניציה ויטמינה אס,DE,סוכריות וורטר ללא סו,גרמים,42.00,100 גרם,false,,7.70,18.3333,true,1,63944
4014400910063,false,סוכריות חמאה וורטרס אורגינל 135 גרם,וורטר'ס אורגינל,DE,סוכריות וורטר שקית 1,גרמים,135.00,100 גרם,false,,10.90,8.0741,true,1,51252
4014400914696,false,וורטרס אורגינל סוכריות ללא סוכר 80 גרם,ליימן מותגים,DE,סוכריות וורטר ללא סו,גרמים,80.00,100 גרם,false,,10.90,13.6250,true,1,52448
4014400914924,false,"סוכריות בטעם קפה וורטר אורגינל לל""ס 80 גרם",קריניציה ויטמינה אס,DE,סוכריות וורטר ללא סו,גרמים,80.00,100 גרם,false,,10.90,13.6250,true,1,52449
4014400920857,false,וורטר אורגינל ללא סוכר בטעם שוקולד-שקית 70 גרם,קריניציה ויטמינה אס,DE,סוכריות וורטר בטעם ש,גרמים,70.00,100 גרם,false,,10.90,15.5714,true,1,73231
4014400923711,false,בונבוניירה שוקולד אגוזים טופיפי 125 גרם,ליימן מותגים,DE,טופיפי 125גרם,גרמים,125.00,100 גרם,false,,13.90,11.1200,true,1,91661
4014400925319,false,וורטרס אורגינל פופקורן קרמל 140 גרם,וורטרס Werther's,DE,פופקורן קרמל וורטרס,גרמים,140.00,100 גרם,false,,14.90,10.6429,true,1,128481
4015000615891,false,"פה - דאודורנט ספריי לאישה אקווה 200 מ""ל",שוורצקופף והנקל,DE,פה ספריי אקווה 200מל,מיליליטרים,200.00,"100 מ""ל",false,,15.90,7.9500,true,1,30036
4015000615921,false,"פה - דאודורנט ספריי לגבר ספורט 200 מ""ל",שוורצקופף והנקל,TR,פה ספריי ספורט 200מל,מיליליטרים,200.00,"100 מ""ל",false,,15.90,7.9500,true,1,30038
4015000995122,false,"דאודורנט פה ספריי כח המשיכה 200 מ""ל",שוורצקופף והנקל,DE,פה ספריי כח משיכה 20,מיליליטרים,200.00,"100 מ""ל",false,,15.90,7.9500,true,1,70716
4015100298000,false,גליס מסכה ביו-טק 2ב-1 300 מל,שוורצקופף והנקל,TR,גליס מסכה עשירה גליס,מיליליטרים,300.00,"100 מ""ל",false,,19.90,6.6333,true,1,113483
4015400681670,false,תחבושות אולוויז וליו פק לילה בטוח 18 יחידות,פרוקטר אנד גמבל,UA,אולוויז תחבושות לילה,יחידה,0.00,יחידה,false,,19.90,0.0000,true,1,76408
4015400731719,false,תחבושות היגייניות אולוויז יום ולילה Day & Night,פרוקטר אנד גמבל,DE,אולוויז תחבושות דואו,יחידה,0.00,יחידה,false,,19.90,0.0000,true,1,77124
4015400755241,false,תחבושות היגייניות אולוויז אולטרה נורמל - 28 יח',פרוקטר אנד גמבל,UA,אולוויז תחבושות דואו,יחידה,0.00,יחידה,false,,19.90,0.0000,true,1,77125
4015600762902,false,"שמפו האד אנד שולדרס מנטול 500 מ""ל",פרוקטר אנד גמבל,RO,הד&שולדרס שמפו מנטול,מיליליטרים,500.00,"100 מ""ל",false,,21.90,4.3800,true,1,68124
4015600762940,false,שמפו יומיומי למניעת קשקשים בניחוח תפוח,פרוקטר אנד גמבל,RO,הד&שולדרס שמפו תפוח,מיליליטרים,500.00,"100 מ""ל",false,,21.90,4.3800,true,1,68125
4015600763022,false,שמפו יומיומי למניעת קשקשים לשיער יבש/פגום לשיער רך כמשי,פרוקטר אנד גמבל,RO,הד&שולדרס שמפו מגע מ,מיליליטרים,500.00,"100 מ""ל",false,,21.90,4.3800,true,1,68127
4015600766900,false,"שמפו ומרכ ך נגד קשקשים 500 מ""ל הד אנד שולדרס",פרוקטר אנד גמבל,RO,הד&שולדרס שמפו 2ב1 מ,מיליליטרים,500.00,"100 מ""ל",false,,21.90,4.3800,true,1,70811
4017100198151,false,בלזן היט ביסקוויט עם מלית קרם בטעם וניל (41%) 220 גרם,הדקלאים אגודת שיתופי,PL,בלזן עוגיות סנדוויץ,גרמים,220.00,100 גרם,false,,9.90,4.5000,true,1,73246
4017100364112,false,בלזן היט בסקוויט סנדביץ עם מלית קרם בטעם שוקולד קקאו (41%) 220 גרם,הדקלאים אגודת שיתופי,PL,בלזן עוגיות סנדוויץ,גרמים,220.00,100 גרם,false,,9.90,4.5000,true,1,73001
4017100366239,false,עוגיות ביסקוויט סנדוויץ ממולא קרם בטעם שוקולד,ליימן שליסל,PL,בלזן ליבניץ אנד קרים,גרמים,190.00,100 גרם,false,,8.90,4.6842,true,1,102878
4022025261002,false,יין בלו ווין גוורצטרמינר 750 מל,לנגוט טראבן,DE,בלו וויין גוורצטרמינ,מיליליטרים,750.00,"100 מ""ל",false,,54.90,7.3200,true,1,127925
4025700001962,false,מילקה טבלת שוקולד לבן 100 גרם,פי אר ג'יי אס סי מונ,UA,מילקה שוקולד לבן 100,גרמים,100.00,100 גרם,false,,7.90,7.9000,true,1,140837
4052197000017,false,"בירה בנדיקטינר חיטה לא מסוננת 500 מ""ל",בנדיקטינר וויצבראו,DE,בירה בהירה בנדקטינר,מיליליטרים,500.00,"100 מ""ל",false,,10.90,2.1800,true,1,92035
4064666232409,false,"וולה - פלקס מוס לעיצוב אקסטרה גמיש 200 מ""ל",THEORAT INTERSPRAY,DE,וולה פלקס מוס לעיצוב,מיליליטרים,200.00,"100 מ""ל",false,,25.90,12.9500,true,1,140965
4064666232416,false,"וולה - פלקס מוס לעיצוב אולטרה גמיש 200 מ""ל",THEORAT INTERSPRAY,DE,וולה פלקס מוס לעיצוב,מיליליטרים,200.00,"100 מ""ל",false,,25.90,12.9500,true,1,140966
4066600601920,false,פאולנר ביתר חיטה מעוננת 500 מל,פאולנר Paulaner,DE,בירה פאולנר פחית 500,מיליליטרים,500.00,"100 מ""ל",false,,13.90,2.7800,true,1,135136
4066600999614,false,"בירה פאולנר, בירת חיטה מעוננת, בקבוק 500 מ""ל",מבשלת פאולנר,DE,בירה פאולנר 500מל,מיליליטרים,500.00,"100 מ""ל",false,,13.90,2.7800,true,1,93221
4084500065598,false,"קרם לחות פנטן לתלתלים מושלמים 300 מ""ל",פרוקטר אנד גמבל,FR,פנטן קרם לחות לתלתלי,מיליליטרים,300.00,"100 מ""ל",false,,19.90,6.6333,true,1,92479
4084500088917,false,"נוזל כלים פיירי לימון 650 מ""ל בד""צ",פרוקטר אנד גמבל,US,פיירי נוזל לכלים צהו,מיליליטרים,650.00,"100 מ""ל",false,,10.90,1.6769,true,1,71865
4084500149526,false,טייד גל כביסה 2.48 ליטר אלפים רענן,פרוקטר אנד גמבל,FR,טייד גל כביסה 2.48לי,ליטרים,2.48,ליטר,false,,34.90,14.0726,true,1,71049
4084500853898,false,"נוזל כלים פיירי אלוורה ומלפפונים 515 מ""ל בד""צ",פרוקטר אנד גמבל,GB,פיירי לכלים אלוורה ו,מיליליטרים,515.00,"100 מ""ל",false,,10.90,2.1165,true,1,138163
4100130937163,false,בירה בקס שישייה 6*275 מל,"איי, בי, אינבוו",DE,בירה גרמנית בקס שישי,מיליליטרים,1650.00,"100 מ""ל",false,,29.90,1.8121,true,1,113093
4260099274232,false,עגבניות בחומץ עם שום,דבורק,,עגבניות בחומץ עם שום,גרמים,860.00,100 גרם,false,,13.90,1.6163,true,1,139986
4260147890513,false,אטריות ביצים דקות ורמיצ'לי 500ג',דין שיווק,PL,אטריות ורמיצ'לי ביצי,גרמים,500.00,100 גרם,false,,9.90,1.9800,true,1,56283
4260147890537,false,אטריות ביצים רצועות רחבות 500 גר,דין שיווק,PL,אטריות ביצים ברצועות,גרמים,500.00,100 גרם,false,,9.90,1.9800,true,1,56284
4260147890551,false,אטריות ביצים רצועות שקדיה 500 גרם,דין שיווק,PL,אטריות ביצים רצועות,גרמים,500.00,100 גרם,false,,9.90,1.9800,true,1,56280
4600659010854,false,"וודקה סטוליצ'ניה 700 מ""ל",איי. אס. לטבייאס בלזם,LV,*מבצע* וודקה סטולי 7,מיליליטרים,700.00,"100 מ""ל",false,,59.90,8.5571,true,1,52255
4605362008716,false,גרעינים שחורים 300 גר בבקיני,או או או יקה.דה.וא.ק,RU,*מבצע* גרעיני חמניה,גרמים,300.00,100 גרם,false,,15.90,5.3000,true,1,136524
4605561012613,false,פילה דג הרינג קצוץ בשמן 400 גרם,LTD BREMOR SANTA SD,BY,פילה הרינג (קצוץ) בש,גרמים,400.00,100 גרם,false,,17.90,4.4750,true,1,128007
4605561013009,false,פילה דג הרינג בשמן 400 גרם,LTD BREMOR SANTA SD,BY,פילה הרינג בשמן 400,גרמים,400.00,100 גרם,false,,17.90,4.4750,true,1,128008
4606260008778,false,תערובת תיבול פלפלים,,,תערובת תיבול פלפלים,גרמים,47.00,100 גרם,false,,10.00,21.2766,true,1,107520
4607051158269,false,תה 20 שקיקים 34 גר LEMON CURTIS,או א.או מאי קומפני,,תה שחור סאנני לינון,יחידה,0.00,יחידה,false,,11.90,0.0000,true,1,107553
4607054451718,false,גרעינים טמבובסקי וול,או.או.או אגרוסווז,,גרעינים שחורים 230 ג,גרמים,230.00,100 גרם,false,,10.90,4.7391,true,1,107550
4607054451831,false,גרעינים עם מלח 200 גר *VOLK*,או.או.או אגרוסווז,,גרעינים שחורים עם מל,גרמים,200.00,100 גרם,false,,10.90,5.4500,true,1,107552
4640018993398,false,פיניש קוואנטום 60 יח' קפסולות ג'ל למדיח כלים,רקיט בנקיזר,PL,פיניש קוואנטום 60 קפ,יח',60.00,יח',false,,55.90,0.9317,true,1,128087
4710068001692,false,"מאסטר קפה לאטה פחית 240 מ""ל",תאיט מרקטינג אנד דיסטריב,TW,מאסטר קפה לאטה 240 מ,מיליליטרים,240.00,"100 מ""ל",false,,8.20,3.4167,true,1,71757
4710964170799,false,שומשום שחור קלוי 91 גרם,פלייבור פול פודס טיי,TW,שומשום שחור קלוי 91ג,גרמים,91.00,100 גרם,false,,16.90,18.5714,true,1,56452
4750021000799,false,"וודקה סטוליצניה עילית 700 מ""ל",אס פי איי SPI (סטולי,,וודקה סטוליצניה עילי,מיליליטרים,700.00,"100 מ""ל",false,,99.00,14.1429,true,1,137761
4751001581475,false,ש.דג ריגה זהב קילקה ברוטב 280 ג צנצ.חדש,GAMMA-A,,שימורי דג ריגה זהב ק,גרמים,280.00,100 גרם,false,,8.90,3.1786,true,1,89523
4751007738101,false,סלט סלמון עם ירקות איטלקי 220 ג' לארסן,ס.י.א קרבלה,LV,לרסן סלט סלמון איטלק,גרמים,220.00,100 גרם,false,,12.90,5.8636,true,1,141133
4770179106976,false,שוקולד פרגלה מריר עם,,,שוקולד פרגלה מריר עם,גרמים,93.00,100 גרם,false,,6.90,7.4194,true,1,97648
4770179125144,false,שוקולד פרגלה מריר עם,PERGALE,,שוקולד פרגלה מריר עם,גרמים,100.00,100 גרם,false,,6.90,6.9000,true,1,97654
4770237048088,false,גלידת שרבט בטעם יוגורט עם אוכמניות שחורות בגביע וופל אישי 82 גר' SVALIA,פיאנו זיואיגזדס,LV,גלידה יוגורט אוכמניו,יחידה,0.00,יחידה,false,,6.50,0.0000,true,1,91762
4770237049313,false,גלידת שמנת פלומביר בטעם וניל עם שקדים בציפוי צמקאו על מקל 63 גר' SVALIA,פיאנו זיואיגזדס,LV,אסקימו עגול פלומביר,יחידה,0.00,יחידה,false,,6.50,0.0000,true,1,91765
4770237049443,false,גלידת שמנת בטעם קרמל- קרם ברולה פלומביר בגביע וופל אישי 70 גר' SVALIA,פיאנו זיואיגזדס,LV,פלומביר גלידה קרם בר,יחידה,0.00,יחידה,false,,6.50,0.0000,true,1,91766
4770237049450,false,גלידת שמנת בטעם וניל בגביע וופל אישי פלומביר 70 גר' SVALIA,פיאנו זיואיגזדס,LV,פלומביר גלידה בכוס 7,יחידה,0.00,יחידה,false,,6.50,0.0000,true,1,91767
4770237050432,false,גלידת שמנת בטעם שוקולד פלומביר בגביע וופל אישי 70 גר' SVALIA,פיאנו זיואיגזדס,LV,פלומביר גלידה שוקולד,יחידה,0.00,יחידה,false,,6.50,0.0000,true,1,91768
4770237055574,false,גלידת שמנת בטעם וניל בגביע וופל עם שקדים בציפוי צימקאו SVALYA גר 85,פיאנו זיואיגזדס,LV,גלידה SVALYA סליבוצ',גרמים,85.00,100 גרם,false,,6.50,7.6471,true,1,98051
4779021230630,false,שוקולד אקסקלוסיב מריר 72% 100 גר,,LT,שוקולד אקסקלוסיב מרי,גרמים,100.00,100 גרם,false,,9.90,9.9000,true,1,102825
4810168000998,false,פילה דג הרינג מלוח מצונן עם בצל בצנצנת חתיכות 260גרם,סנטה ברמור,BY,חתיכות פילה דג הרינג,גרמים,260.00,100 גרם,false,,18.90,7.2692,true,1,99335
4810168001056,false,פילה דג הרינג מלוח מצונן בצנצנת חתיכות 260גרם,סנטה ברמור,BY,חתיכות פילה דג הרינג,גרמים,260.00,100 גרם,false,,18.90,7.2692,true,1,99336
4810168024512,false,פילה דג הרינג מלוח מצונן עם תבלין בצנצנת חתיכות 260 גרם,סנטה ברמור,BY,חתיכות פילה דג הרינג,גרמים,260.00,100 גרם,false,,18.90,7.2692,true,1,99339
4810168037888,false,גלידת שמנת בטעם וניל עם אגוזי לוז בציפוי צימקאו 65גר YUKKI,Santa Bremor,BY,גלידה YUKKI אגוזים א,גרמים,70.00,100 גרם,false,,6.50,9.2857,true,1,98170
4810168038984,false,גלידת שמנת משובחת בטעם וניל וופל בין השכבות 80 גר YUKKI,Santa Bremor,BY,גלידה YUKKI פלומביר,גרמים,70.00,100 גרם,false,,6.50,9.2857,true,1,98173
4810168049959,false,בלינצ'ס במילוי גבינת טבורוג מוקפא 360 גרם,,BY,בלינצ'ס במילוי גבינת,גרמים,360.00,100 גרם,false,,13.90,3.8611,true,1,137163
4810168057510,false,חתיכות פילה דג הרינג מתובל מלוח בשמן 400 גרם,,BY,חתיכות פילה דג הרינג,גרמים,400.00,100 גרם,false,,27.90,6.9750,true,1,138779
4810168058975,false,חתיכות פילה דג הרינג סקנדינבי מלוח מצונן 260 גר,סנטה ברמור,BY,חתיכות פילה דג הרינג,גרמים,260.00,100 גרם,false,,18.90,7.2692,true,1,140334
4810168058982,false,חתיכות פילה דג הרינג סקנדינבי מלוח בשמן 400 גר,סנטה ברמור,BY,חתיכות פילה דג הרינג,גרמים,400.00,100 גרם,false,,27.90,6.9750,true,1,140335
4820015165213,false,גלידת שמנת משובחת בטעם וניל פלומביר שכבות וופל 90 גרם,ז'יטומרסקי זאבוד,LV,גלידה פלומביר בריקט,גרמים,90.00,100 גרם,false,,6.50,7.2222,true,1,107000
4820034925546,false,"בירה לאגר צאזז לייט בקבוק 500 מ""ל -בודד",,IL,בירה לאגר צאזז לייט,מיליליטרים,500.00,"100 מ""ל",false,,4.90,0.9800,true,1,140498
4820076682117,false,שמן חמניות 850מל,,,שמן חמניות 850מל,מיליליטרים,850.00,"100 מ""ל",false,,10.90,1.2824,true,1,139252
4820198873271,false,תה שחור עם קליפת תפוז בטעם ברגמוט ולימון דלאי 25 יח',,UA,תה שחור עם קליפת תפו,יחידה,0.00,יחידה,false,,10.90,0.0000,true,1,141290
4820198873332,false,תה שחור מיקס ארבע טעמים שונים דלהי 24 יח',,UA,תה שחור מיקס ארבע טע,יחידה,0.00,יחידה,false,,10.90,0.0000,true,1,141293
4820198874063,false,חליטת פירות וצמחים בטעם דובדבן ושקדים דלהי 25 יח',,UA,חליטת פירות וצמחים 2,יחידה,0.00,יחידה,false,,10.90,0.0000,true,1,141298
4823077612732,false,סוכריות קרמל רושן בים בום 200 גר,קייב קרמנציק,UA,סוכריות בים בום 200,גרמים,200.00,100 גרם,false,,7.90,3.9500,true,1,99901
4823077613203,false,שוקולד רושן מריר + פונדוק שלם 90 גר רושן,רושן Roshen,UA,שוקולד מריר+פונדוק ש,גרמים,90.00,100 גרם,false,,8.90,9.8889,true,1,91503
4823077613630,false,חטיף שוקולד רושן ממולה קרם בורלה 43 גרם,רושן Roshen,UA,חטיף שוקולד רושן ממו,גרמים,43.00,100 גרם,false,,3.90,9.0698,true,1,135422
4823077614699,false,ביסקוויט לקפה רושן בטעם חמאה וניל 185 גרם,קייב קרמנציק,,ביסקוויט לקפה רושן ב,גרמים,185.00,100 גרם,false,,3.90,2.1081,true,1,140651
4823077614767,false,שוקולד רושן חלב נוגט בטעם אגוזי לוז 90 גרם,רושן,UA,שוקולד רושן חלב נוגט,גרמים,90.00,100 גרם,false,,6.90,7.6667,true,1,139972
4823077614804,false,שוקולד רושן חלב נוגט בטעם אוכמניות כחולות 90 גרם,רושן Roshen,UA,שוקולד חלב נוגט בטעם,גרמים,90.00,100 גרם,false,,6.90,7.6667,true,1,91499
4823077617041,false,חטיף שוקולד רושן ממולה קרם קרמל 43 גרם,רושן Roshen,UA,באטונציק קרמל 40גר,גרמים,40.00,100 גרם,false,,3.90,9.7500,true,1,91492
4823077621635,false,חטיף שוקולד רושן בטעם חלב 72 גרם,Unknown,UA,וופל רושן בטעם חלב 7,גרמים,72.00,100 גרם,false,,3.90,5.4167,true,1,137560
4823077621642,false,חטיף שוקולד רושן בטעם שוקולד 72 גר,Unknown,,וופל רושן בטעם שוקול,גרמים,72.00,100 גרם,false,,3.90,5.4167,true,1,137561
4823077621659,false,חטיף שוקולד רושן בטעם אגוז 72 גר,Unknown,UA,וופל רושן בטעם אגוז,גרמים,72.00,100 גרם,false,,3.90,5.4167,true,1,137562
4823077623714,false,"רושן סוכריות טופי ממולאים בטעם חלב ""MILKY SPLASH""",רושן,UA,סוכריות כוס חלב 150,גרמים,150.00,100 גרם,false,,7.90,5.2667,true,1,98983
4823077624247,false,"רושן ממתקי סוכריות ג'ילי ""בוני פרוט"" בטעם הדרים 200 גר",רושן Roshen,UA,סוכריות ג'לי בוני פר,גרמים,200.00,100 גרם,false,,7.90,3.9500,true,1,98928
4823077625589,false,וופל וואפרס חלב רושן 216 גר,,UA,וופל רושן בטעם חלב 2,גרמים,216.00,100 גרם,false,,7.90,3.6574,true,1,136459
4823077625602,false,וופל וואפרס שוקולד רושן 216 גר,,UA,וופל רושן בטעם שוקול,גרמים,216.00,100 גרם,false,,7.90,3.6574,true,1,136460
4823077625626,false,וופל וואפרס אגוז רושן 216 גר,,UA,וופל רושן בטעם אגוז,גרמים,216.00,100 גרם,false,,7.90,3.6574,true,1,136461
4823077626227,false,שוקולד רושן אורירי חלב 80 גרם,רושן Roshen,UA,שוקולד רושן אוורירי,גרמים,80.00,100 גרם,false,,7.90,9.8750,true,1,106717
4823077626241,false,שוקולד רושן אורירי לבן קרמל 80 גרם,רושן Roshen,UA,שוקולד רושן אוורירי,גרמים,80.00,100 גרם,false,,7.90,9.8750,true,1,106718
4823077626364,false,שוקולד רושן אורירי לבן 80 גרם,רושן Roshen,UA,שוקולד רושן אוורירי,גרמים,80.00,100 גרם,false,,7.90,9.8750,true,1,106719
4823077631467,false,קרקר עם מלח ים רושן 168 גר HI DAY,רושן,UA,קרקר עם מלח ים רושן,גרמים,168.00,100 גרם,false,,6.90,4.1071,true,1,137021
4823077631474,false,קרקר קלאסי רושן 168 גר HI DAY,רושן,UA,קרקר קלאסי רושן 168,גרמים,168.00,100 גרם,false,,6.90,4.1071,true,1,137022
4823077632112,false,וופל רושן בטעם קקאו חלב 216 גרם,,,וופל רושן בטעם קקאו,גרמים,216.00,100 גרם,false,,7.90,3.6574,true,1,136462
4823077632259,false,חטיף שוקולד רושן עם בוטנים 43 גרם,רושן Roshen,UA,חטיף שוקולד רושן עם,גרמים,43.00,100 גרם,false,,3.90,9.0698,true,1,135423
4823077632570,false,שוקולד רושן BRUT מריר 85 גרם,רושן,UA,שוקולד רושן מריר 85,גרמים,85.00,100 גרם,false,,7.90,9.2941,true,1,136965
4823077632587,false,שוקולד רושן חלב עם שקד שלם 90 גר LACMI,רושן,,שוקולד רושן חלב עם ש,גרמים,90.00,100 גרם,false,,8.90,9.8889,true,1,136966
4823077632594,false,שוקולד רושן חלב עם אגוז שלם 90 גר LACMI,רושן,UA,שוקולד רושן חלב עם א,גרמים,90.00,100 גרם,false,,8.90,9.8889,true,1,136967
4823077633317,false,עוגיות שוקוצ'יפס LOVITA שוקולד עם חתיכות שוקולד 150 גרם,,UA,עוגיות לוויטה שוקולד,גרמים,150.00,100 גרם,false,,7.90,5.2667,true,1,136465
4823077633324,false,עוגיות שוקוצ'יפס LOVITA עם חתיכות שוקולד 150 גרם,,UA,עוגיות שוקוציפס לווי,גרמים,150.00,100 גרם,false,,7.90,5.2667,true,1,136466
4823077633331,false,עוגיות שוקוצ'יפס LOVITA בטעם תפוז 150 גרם,,UA,עוגיות רושן לוויטהבט,גרמים,150.00,100 גרם,false,,7.90,5.2667,true,1,136467
4823077633348,false,עוגיות שוקוצ'יפס LOVITA עם חתיכות בוטנים 150 גרם,,UA,עוגיות רושן לוויטה ע,גרמים,150.00,100 גרם,false,,7.90,5.2667,true,1,136468
4823077633515,false,חטיף שוקולד רושן במילוי קרם חלבי מצופה 34 גרם,,UA,רושן חטיף וופל במילו,גרמים,34.00,100 גרם,false,,3.90,11.4706,true,1,140650
4823077634222,false,עוגיות Lovita ממולאות ג'לי תפוז מצופות צימקאו,רושן Roshen,,עוגיות תפוז לוויטה 1,גרמים,135.00,100 גרם,false,,7.90,5.8519,true,1,137610
4823077634246,false,עוגיות Lovita ממולאות ג'לי פטל מצופות צימקאו,רושן Roshen,,עוגיות פטל לוויטה 13,גרמים,135.00,100 גרם,false,,7.90,5.8519,true,1,137608
4823077634277,false,עוגיות Lovita ממולאות ג'לי תות שדה מצופות צימקאו,רושן Roshen,,עוגיות תות שדה לוויט,גרמים,135.00,100 גרם,false,,7.90,5.8519,true,1,137609
4823077635793,false,"וופלים דקיקים רושן ""THINS"" בטעם חלב וניל 55 גר",,UA,וופלים דקיקים רושן,גרמים,55.00,100 גרם,false,,4.90,8.9091,true,1,141286
4823077635809,false,"וופלים דקיקים רושן ""THINS"" בטעם קקאו 55 גר",,UA,וופלים דקיקים רושן ט,גרמים,55.00,100 גרם,false,,4.90,8.9091,true,1,141287
4823077635816,false,"וופלים דקיקים רושן ""THINS"" בטעם אגוזי לוז 55 גר",,UA,וופלים דקיקים רושן ט,גרמים,55.00,100 גרם,false,,4.90,8.9091,true,1,141288
4823077636004,false,עוגיות Lovita ממולאות ג'לי דובדבן מצופות צימקאו,רושן Roshen,,עוגיות קקאו דובדבן ל,גרמים,135.00,100 גרם,false,,7.90,5.8519,true,1,138645
4823077636172,false,וופל רושן בטעם לימון 216 גרם,,UA,וופל רושן בטעם לימון,גרמים,216.00,100 גרם,false,,7.90,3.6574,true,1,139973
4823077636561,false,סוכריות ממולאות בטעם חלב קפה קפה לייק 378 גרם,רושן,UA,סוכריות ממולאות בטעם,גרמים,378.00,100 גרם,false,,11.90,3.1481,true,1,139637
4823077636578,false,סוכריות טופי כוס חלב מילקי ספלאש 325 גרם,רושן,UA,סוכריות טופי כוס חלב,גרמים,325.00,100 גרם,false,,11.90,3.6615,true,1,139640
4823077636608,false,רושן סוכריות טופי במילוי שוקולד טופלין 325 גרם,רושן,UA,סוכריות טופי רושן במ,גרמים,325.00,100 גרם,false,,11.90,3.6615,true,1,139641
4823084201134,false,תה ליפטון פירמידה פירות טרופים 20 שק,,UA,תה שחור ליפטון פירמי,יח',20.00,יח',false,,9.90,0.4950,true,1,106785
4823097809754,false,גלידה עם צימוקים בטעם וניל וופל 90 גרם פלומביר,ז'יטומרסקי זאבוד,LV,גלידת שמנת משובחת ונ,גרמים,90.00,100 גרם,false,,6.50,7.2222,true,1,136447
4823097809815,false,גלידה וניל עם אוכמניות שחורות וכחולות אסקימוס,ז'יטומרסקי זאבוד,LV,גלידה חלבית עם אוכמנ,גרמים,85.00,100 גרם,false,,6.50,7.6471,true,1,136446
4903001904192,false,"רוטב סויה יאמסה פרימיום 500 מ""ל",הדקלאים אגודת שיתופי,JP,רוטב סויה יאמסה 500מ,מיליליטרים,500.00,"100 מ""ל",false,,19.90,3.9800,true,1,55790
4903001925784,false,"רוטב סויה יאמאסה פרמיום דל מלח 500 מ""ל",הדקלאים אגודת שיתופי,JP,רוטב סויה יאמסה מופח,מיליליטרים,500.00,"100 מ""ל",false,,19.90,3.9800,true,1,94106
4903001930993,false,"רוטב טריאקי יאמאסה 500 מ""ל",ליימן מותגים,JP,רוטב טריאקי ימאסה 50,מיליליטרים,500.00,"100 מ""ל",false,,19.90,3.9800,true,1,94107
4903001945706,false,"רוטב פונזו יאמאסה 500 מ""ל",יאמאסה yamasa,CN,רוטב פונדו יאמסה 500,מיליליטרים,500.00,"100 מ""ל",false,,19.90,3.9800,true,1,140010
5000127533196,false,קלוגס וורייטי שמינייה 191 גרם,חברת קלוגס בריטניה,GB,קלוגס מנות אישיות וו,גרמים,191.00,100 גרם,false,,23.90,12.5131,true,1,98730
5000146057710,false,ספריי רב שימושי לחלונות ומשטחים ווינדולין Windolene,רקיט בנקיזר,PL,וינדולין ספריי לחלונ,מיליליטרים,750.00,"100 מ""ל",false,,8.90,1.1867,true,1,31473
5000146401568,false,וולייט דפים למניעת העברת צבע 10 דפים,רקיט בנקיזר,IT,ווליט לכביסה שומרי צ,יחידה,0.00,יחידה,false,,16.90,0.0000,true,1,32619
5000157143365,false,מתבל בטעם מיונז וקטשופ היינץ 425 גרם,"פודליצקי ספ.ז.או.או,",PL,מתבל בטעם מיונז וקטש,גרמים,425.00,100 גרם,false,,14.90,3.5059,true,1,112739
5000159376655,false,סוכריות SKITTLES פירות קטן 38 גרם אדום,ריגלי ממתקים,CZ,סקיטלס פירות 38גר,גרמים,38.00,100 גרם,false,,3.50,9.2105,true,1,69990
5000189974579,false,מארז מיני חטיפי קיט קט Kit Kat,נסטלה גרמניה,DE,קיט קט מיני 200 גרם,גרמים,200.00,100 גרם,false,,10.90,5.4500,true,1,97919
5000204151053,false,"פלדג' אירוסול לניקוי רהיטים קלאסי 250 מ""ל","אס.סי ג'\ונסון, אירופלנט",NL,פלדג' אירוסול לניקוי,מיליליטרים,250.00,"100 מ""ל",false,,17.90,7.1600,true,1,120528
5000204657883,false,קיווי משחת נעליים בקופסא חום 50 מל,ג' אל ראיה בוגור ג'א,ID,קיווי משחת נעליים בק,יחידה,0.00,יחידה,false,,8.90,0.0000,true,1,66938
5000213000359,false,בירה גינס אקסטרא סטאוט,קרלסברג יבוא יצוא,IE,בירה גינס 330מל,מיליליטרים,330.00,"100 מ""ל",false,,14.00,4.2424,true,1,72820
5000267014234,false,וויסקי ג'וני ווקר רד לייבל Red label,ג'וני ווקר Johnnie walker,GB,וויסקי ג'וני ווקר רד,מיליליטרים,700.00,"100 מ""ל",false,,89.90,12.8429,true,1,45335
5000267024202,false,"וויסקי ג'וני בלאק לייבל עם פורר 700מ""ל",אלכוהול (איי.בי.בי),GB,*מבצע* וויסקי גוני ו,מיליליטרים,700.00,"100 מ""ל",false,,119.90,17.1286,true,1,70713
5000267024233,false,"וויסקי ג'וני בלאק לייבל עם פורר 700מ""ל",ג'וני ווקר Johnnie walker,GB,*מבצע* גוני ווקר שחו,מיליליטרים,700.00,"100 מ""ל",false,,119.90,17.1286,true,1,65303
5000289925440,false,"ג'ין גורדון 37.5% 700 מ""ל",אלכסנדר גורדון ושות',GB,*מבצע* ג'ין גורדון 7,מיליליטרים,700.00,"100 מ""ל",false,,89.90,12.8429,true,1,94989
5000394017641,false,רבעיות סוללות דורסל AA פלוס פאוור,דורסל Duracell,,סוללות דורסל רביעייה,יחידה,0.00,יחידה,false,,9.90,0.0000,true,1,89462
5000394018457,false,רבעיות סוללות דורסל AAA פלוס פאוור,,,סוללות דורסל רביעיה,יחידה,0.00,יחידה,false,,9.90,0.0000,true,1,89463
5000394142190,false,סוללת דורסל V9 פלוס 1 יח,פרוקטר אנד גמבל,MY,סוללות דורסל 9V פלוס,יחידה,0.00,יחידה,false,,22.90,0.0000,true,1,140647
5010038454831,false,"בקבוק בירה בלומון 330 מ""ל","מבשלת סטרופראמן בע""\מ ,",CZ,"בירה בלו מון 330 מ""ל",מיליליטרים,330.00,"100 מ""ל",false,,14.90,4.5152,true,1,102917
5010182997338,false,דאק ג'ל לניקוי אסלות בניחוח רענן 55 מל,"איטיליאן פוד, אס.פי.",IT,טואלט דאק ג'ל אסלה ב,מיליליטרים,55.00,"100 מ""ל",false,,9.90,18.0000,true,1,25304
5010182997918,false,דאק ג'ל לניקוי אסלות בניחוח ים 55 מל,"איטיליאן פוד, אס.פי.",IT,טואלט דאק ג'ל אסלה ב,מיליליטרים,55.00,"100 מ""ל",false,,9.90,18.0000,true,1,25308
5010182998847,false,דאק נוזל לניקוי אסלות בניחוח ים 750 מל,מיוצר עי קונדיטוריית,NL,טואלט דאק נוזל לאסלה,מיליליטרים,750.00,"100 מ""ל",false,,9.90,1.3200,true,1,51865
5010182998861,false,דאק נוזל לניקוי אסלות בניחוח רענן 750 מל,מיוצר עי קונדיטוריית,NL,טואלט דאק נוזל לאסלה,מיליליטרים,750.00,"100 מ""ל",false,,9.90,1.3200,true,1,34429
5010327000046,false,וויסקי גרנט'ס סקוטי,"וויליאם גראנט ובניו בע""\",GB,וויסקי גרנטס 700מל,מיליליטרים,700.00,"100 מ""ל",false,,99.90,14.2714,true,1,50422
5010677551281,false,"בקרדי בריזר לימון 275 מ""ל בקבוק",בקרדי בריזר Bacardi Breezer,BE,בקרדי בריזר לימון 27,מיליליטרים,275.00,"100 מ""ל",false,,16.90,6.1455,true,1,20400
5010677551397,false,"בקרדי בריזר לימון ליים 275 מ""ל",בקרדי בריזר Bacardi Breezer,BE,בקרדי בריזר בטעם לימ,מיליליטרים,275.00,"100 מ""ל",false,,16.90,6.1455,true,1,73183
5011157730271,false,אורז יסמין לבן ארוך טילדה,טילדה Tilda,GB,טילדה אורז יסמין 1 ק,גרמים,1000.00,100 גרם,false,,19.90,1.9900,true,1,140920
5029053002408,false,נייר טואלט קלינקס פרימיום לבן - מארז 9 גלילים,קימברלי קלארק ישראל,IL,קלינקס נייר טואלט לב,גרמים,1184.00,100 גרם,false,,41.90,3.5389,true,1,23109
5029053002439,false,נייר טואלט קלינקס פרימיום צהוב - מארז 9 גלילים,חוגלה קימברלי,GB,קלינקס נייר טואולט צ,גרמים,1184.00,100 גרם,false,,41.90,3.5389,true,1,23110
5029053039725,false,ממחטות נייר קלינקס נטורל פרש קופסה 72 דף,קימברלי קלארק,IL,קלינקס נטורל פרש טיש,יח',72.00,יח',false,,13.90,0.1931,true,1,137765
5029053510811,false,תחבושות נורמל פלוס עם כנפיים קוטקס 28 יחידות,קימברלי קלארק,CZ,קוטקס תחבושות אולטרה,יח',28.00,יח',false,,19.90,0.7107,true,1,23118
5029053578309,false,קופסת ממחטות אולטרה סופט 48 דף קלינקס,קימברלי קלארק,IL,קלינקס טישו אולטרה ס,יח',48.00,יח',false,,7.90,0.1646,true,1,137842
5035766044673,false,"סטרונגבואו גולד, סיידר תפוחים אלכוהולי, בקבוק 330 מ''ל",סטרונגבאו Strongbow,BE,סיידר תפוחים סטרונגב,מיליליטרים,330.00,"100 מ""ל",false,,7.90,2.3939,true,1,73184
5050083559761,false,דגני בוקר קלוגס קוקו פופס שוקוס 500 גרם,קלוגס מניופקטורינג אספנה,ES,*מבצע* דגני קלוגס קו,גרמים,500.00,100 גרם,false,,18.90,3.7800,true,1,57030
5053827193368,false,דגני בוקר קלוגס ברנפלקס 500 גרם,קלוגס קומפני אוף גרייט ב,GB,דגני אול ברנפלקס 500,גרמים,500.00,100 גרם,false,,24.90,4.9800,true,1,98731
5060250343765,false,ריסס עוגיות קקאו במילוי חמאת בוטנים 96 ג,הרשיז,US,ריסז ראונדס בוטנים 6,גרמים,96.00,100 גרם,false,,10.90,11.3542,true,1,140533
5060517886486,false,"משקה אנרגיה מונסטר אנרג'י בפחית 500 מ""ל",מונסטר אנרג'י Monster Energy,RS,מונסטר אנרגי פח 500מ,מיליליטרים,500.00,"100 מ""ל",false,,7.90,1.5800,true,1,112789
5060517886516,false,"משקה אנרגיה מונסטר אנרג'י זירו בפחית 500 מ""ל",מונסטר אנרג'י Monster Energy,RS,מונסטר אנרגי זירו פח,מיליליטרים,500.00,"100 מ""ל",false,,7.90,1.5800,true,1,112790
5060639128051,false,"משקה אנרגיה מונסטר אולטרה בפחית 500 מ""ל",מונסטר אנרג'י Monster Energy,RS,מונסטר אולטרה פחית 5,מיליליטרים,500.00,"100 מ""ל",false,,7.90,1.5800,true,1,126934
5060639129102,false,"משקה אנרגיה מונסטר אנרג'י מנגו בפחית 500 מ""ל",מונסטר אנרג'י Monster Energy,RS,מונסטר אנרגי פח 500,מיליליטרים,500.00,"100 מ""ל",false,,7.90,1.5800,true,1,134779
5060751218173,false,"משקה אנרגיה מונסטר אנרג'י piplin punch בפחית 500 מ""ל",מונסטר אנרג'י לימטד,RS,מונסטר פונצ פח 500מל,מיליליטרים,500.00,"100 מ""ל",false,,7.90,1.5800,true,1,139673
5060751219033,false,"משקה אנרגיה מונסטר אנרג'י זירו paradise בפחית 500 מ""ל",מונסטר אנרג'י לימטד,RS,מונסטר אולטרה פרדייס,מיליליטרים,500.00,"100 מ""ל",false,,7.90,1.5800,true,1,140053
5200133120476,false,גלילות וופלים ממולאים קרם אגוזים וקקאו 400 ג',יוניליוור גרמניה Gm,GR,גליליות וופלים ממולא,גרמים,400.00,100 גרם,false,,17.90,4.4750,true,1,101109
5201347400545,false,רצועות שעווה מוכנות לשימוש לפנים ולאזורים רגישים,רקיט בנקיזר צרפת,FR,ויט רצועות שעווה לפנ,יחידה,0.00,יחידה,false,,34.90,0.0000,true,1,90814
5201583115098,false,סוכריות ג'לי פירות 1,PALLAS,,סוכריות ג'לי פירות 1,גרמים,1000.00,100 גרם,false,,24.90,2.4900,true,1,69922
5201940010110,false,זיתים שחורים קלמטה וילי פוד 250 גרם,סיוארס אס.איי,GR,זית קלמטה ויליפוד 45,גרמים,454.00,100 גרם,false,,18.90,4.1630,true,1,56205
5391523058087,false,סימילאק אדבנס פלוס 2 תרכובת מזון על בסיס חלב,טרופיקל דגיל תעשיות,IE,סימילאק אדוונס פלוס,גרמים,700.00,100 גרם,false,,64.90,9.2714,true,1,97892
5400265024349,false,המלט מאפה מבצק עלים מסוכר 250 גר,HAMLET NV,,מאפה מסוכר בייגלה המ,גרמים,250.00,100 גרם,false,,11.90,4.7600,true,1,62556
5410126006377,false,לוטוס עוגיות סנדוויץ' במילוי וניל 150 גר',לוטוס ביקרי בלגיה נ.,BE,לוטוס עוגיות סנדוויץ,גרמים,150.00,100 גרם,false,,9.90,6.6000,true,1,140756
5410126106022,false,מארז עוגיות לוטוס 250 גר*2,לוטוס ביקרי נ.וי.,BE,לוטוס מארז חגים 2*25,גרמים,500.00,100 גרם,false,,18.90,3.7800,true,1,140794
5410126116953,false,ממרח ביסקוויט קרמל לוטוס 400 גרם,לוטוס בייקרי בלגיה נ,BE,ממרח ביסקוויט לוטוס,גרמים,400.00,100 גרם,false,,22.90,5.7250,true,1,66787
5410126726947,false,ממרח ביסקוויט קרמל קראנץ' לוטוס 380 גרם,לוטוס בייקרי בלגיה נ,BE,ממרח עוגיות לוטוס קר,גרמים,380.00,100 גרם,false,,22.90,6.0263,true,1,71004
5410228141785,false,"בירה הוגרדן בקבוק330מ""ל",קרלסברג יבוא יצוא,BE,"בירה הוגרדן 330 מ""ל",מיליליטרים,330.00,"100 מ""ל",false,,12.90,3.9091,true,1,76714
5410228142089,false,בירה לף בלונד בקבוק330מל,אינבב.ברוורייליין1,BE,בירה לף לונד בלונד 3,מיליליטרים,330.00,"100 מ""ל",false,,12.90,3.9091,true,1,66817
5410228144755,false,"בירה סטלה ארטואה שישייה בקבוק 330 מ""ל",מבשלות בירה בינלאומיות ב,IL,*מבצע* בירה סטלה ארט,מיליליטרים,1980.00,"100 מ""ל",false,,30.00,1.5152,true,1,27842
5410228146162,false,בירה לף ברון בקבוק 330מל,אינבב.ברוורייליין1,BE,בירה לף לונד בראון 3,מיליליטרים,330.00,"100 מ""ל",false,,12.90,3.9091,true,1,66818
5410228267515,false,"שישיית בירה לאגר באדוויזר 6*330 מ""ל",באדווייזר Budweiser,GB,בירה באדוויזר שישייה,מיליליטרים,1980.00,"100 מ""ל",false,,29.90,1.5101,true,1,113091
5410291021991,false,ממרח אגוזי לוז עם קקאו צוקטה 700 גרם,צ'וקטה Chocketa,BE,ממרח אגוזי לוז עם קק,גרמים,700.00,100 גרם,false,,19.90,2.8429,true,1,89792
5410316994019,false,"וודקה סמירנוף אדום 700מ""ל",דיאג'ו אופריישנס איט,US,וודקה סמירנוף אדום 7,מיליליטרים,700.00,"100 מ""ל",false,,59.90,8.5571,true,1,67896
5410769800097,false,"בירה לה צרי שוף 8% 330 מ""ל בקבוק",פארייפאבה אגרואינדוס,BE,"בירה צ'רי שוף 330 מ""",מיליליטרים,330.00,"100 מ""ל",false,,14.90,4.5152,true,1,102912
5411188080268,false,"אלפרו סויה אורגני 1 ל מפוקח ע""י סקאל",הנסיך- מפעל לייצור ט,BE,אלפרו שקה משקה סויה,מיליליטרים,1000.00,"100 מ""ל",false,,14.90,1.4900,true,1,70834
5411188081852,false,אלפרו משקה סויה בטעם וניל 1 ל',הנסיך- מפעל לייצור ט,BE,אלפרו משקה משקה סויה,מיליליטרים,1000.00,"100 מ""ל",false,,14.90,1.4900,true,1,70841
5411188094159,false,רביעיית מעדן סויה שוקו מריר אלפרו 125 גרם,הנסיך- מפעל לייצור ט,BE,אלפרו מעדן סויה שוקו,מיליליטרים,500.00,"100 מ""ל",false,,16.90,3.3800,true,1,39177
5411188110835,false,אלפרו חלב סויה שקדים וניל 1ל',הנסיך- מפעל לייצור ט,BE,אלפרו משקה משקה שקדי,מיליליטרים,1000.00,"100 מ""ל",false,,14.90,1.4900,true,1,67973
5411188112549,false,משקה קוקוס אלפרו 1 ליטר משקה אורז 1 ליטר,הנסיך- מפעל לייצור ט,BE,אלפרו משקה אורז 1 לי,מיליליטרים,1000.00,"100 מ""ל",false,,14.90,1.4900,true,1,74807
5411188112709,false,"משקה קוקוס אלפרו 1 ליטר משקה שקדים לל""ס",הנסיך- מפעל לייצור ט,BE,אלפרו משקה שקדים ללא,מיליליטרים,1000.00,"100 מ""ל",false,,14.90,1.4900,true,1,74808
5411188115366,false,משקה קוקוס אלפרו 1 ליטר משקה שיבולת שועל 1 ליטר,הנסיך- מפעל לייצור ט,BE,אלפרו משקה שיבולת שו,מיליליטרים,1000.00,"100 מ""ל",false,,14.90,1.4900,true,1,74809
5411188115472,false,משקה סויה אלפרו 1 ליטר,הנסיך- מפעל לייצור ט,BE,אלפרו משקה סויה 1 לי,מיליליטרים,1000.00,"100 מ""ל",false,,14.90,1.4900,true,1,127917
5411188118732,false,משקה אלפרו קוקוס ושקדים 1 ליטר,הנסיך- מפעל לייצור ט,BE,אלפרו משקה קוקוס שקד,מיליליטרים,1000.00,"100 מ""ל",false,,14.90,1.4900,true,1,120867
5411188121923,false,"משקה סויה מועשר סידן אלפרו 3*250 מ""ל",הנסיך- מפעל לייצור ט,BE,אלפרו משקה סויה 3*25,מיליליטרים,750.00,"100 מ""ל",false,,16.90,2.2533,true,1,96000
5411188121978,false,"משקה סויה בטעם שוקולד 3 * 250 מ""ל אלפרו",אלפרו סי.וי. איי,BE,אלפרו משקה סויה סידן,מיליליטרים,750.00,"100 מ""ל",false,,16.90,2.2533,true,1,95753
5411188122661,false,אלפרו משקה שקדים לא קלויים ללא תוספת סוכר 1 ל',אלפרו C.V.A,BE,אלפרו משקה שקדים לא,מיליליטרים,1000.00,"100 מ""ל",false,,14.90,1.4900,true,1,112613
5411188124689,false,משקה אלפרו שיבולת שועל ללא סוכר 1 ליטר,אלפרו C.V.A,BE,אלפרו משקה שיבולת שו,מיליליטרים,1000.00,"100 מ""ל",false,,13.90,1.3900,true,1,128260
5411188127697,false,אלפרו משקה בריסטה שיבולת שועל 1 ליטר,הנסיך- מפעל לייצור ט,BE,אלפרו בריסטה שיבולת,מיליליטרים,1000.00,"100 מ""ל",false,,14.90,1.4900,true,1,127915
5411188300328,false,אלפרו סויה שוקו 1 ליטר * 8 יחי,הנסיך- מפעל לייצור ט,BE,אלפרו משקה סויה שוקו,מיליליטרים,1000.00,"100 מ""ל",false,,14.90,1.4900,true,1,70837
5411188543398,false,משקה סויה ללא סוכר אלפרו 1 ליטר,הנסיך- מפעל לייצור ט,BE,אלפרו משקה סויה ללא,מיליליטרים,1000.00,"100 מ""ל",false,,14.90,1.4900,true,1,127918
5411616002190,false,"בירה מרטנס חזקה 8.5% כהל,500 מ""ל",מבשלת מרטנס,BE,בירה מרטינס סטרונג 8,מיליליטרים,500.00,"100 מ""ל",false,,6.90,1.3800,true,1,89881
5411616133245,false,בירה מרטנס פחית ירוק500מ,מבשלת מרטנס,BE,בירה מרטנס ירוק פחית,מיליליטרים,500.00,"100 מ""ל",false,,6.90,1.3800,true,1,89872
5411616148546,false,"בירה מרטינס גולד 500 מ""ל-פחית",מבשלת מרטנס,BE,בירה מרטינס גולד פחי,מיליליטרים,500.00,"100 מ""ל",false,,6.90,1.3800,true,1,89875
5411681014005,false,בירה דובל 330 מל פקד,פארייפאבה אגרואינדוס,BE,בירה דובל 7% 330מל,מיליליטרים,330.00,"100 מ""ל",false,,14.90,4.5152,true,1,76683
5413149655522,false,"אבקת כביסה שושן צחור 1.25 ק""ג אריאל",פרוקטר אנד גמבל,TR,איראל אבקת כביסה שוש,קילוגרמים,1.25,"ק""ג",false,,19.90,15.9200,true,1,46515
5413149922907,false,"אבקת כביסה קולור וסטייל 5 ק""ג אריאל",פרוקטר אנד גמבל,TR,אריאל אבקת כביסה קול,קילוגרמים,5.00,"ק""ג",false,,45.90,9.1800,true,1,64011
5413548280189,false,קינדר שוקו בון 1 יחידות 125 גרם,פררו - אלבה,BE,קינדר שוקובון 125גר,גרמים,125.00,100 גרם,false,,14.90,11.9200,true,1,31991
5601008200444,false,עוגיות גודיס טבעות מצופות שוקולד חלב מרבה 150 גרם,הנסיך- מפעל לייצור ט,PT,עוגיות טבעת גודיס מצ,גרמים,150.00,100 גרם,false,,9.90,6.6000,true,1,62639
5601008200451,false,עוגיות גודיס טבעות מצופות שוקולד מריר מרבה 150 גרם,מרבה Merba,PT,עוגיות טבעת גודיס מצ,גרמים,150.00,100 גרם,false,,9.90,6.6000,true,1,62640
5601008200468,false,עוגיות גודיס טבעות מצופות שוקולד לבו מרבה 150 גרם,קריניציה ויטמינה אס,PT,עוגיות טבעת גודיס מצ,גרמים,150.00,100 גרם,false,,9.90,6.6000,true,1,62641
5604912415058,false,סרדינים פורטוס בשמן חמניות חריף 125 גרם,פורטוס Porthos,PT,סרדינים בשמן חריף פו,גרמים,125.00,100 גרם,false,,6.90,5.5200,true,1,99680
5604912425057,false,מקרלים בשמן חמניה חריף פורטוס 125 גרם,קונסרבס פורטוגל נורטה לי,PT,סרדינים בשמן זית חמנ,גרמים,125.00,100 גרם,false,,6.90,5.5200,true,1,99682
5701932026964,false,"הוטפופ גרעיני תירס להכנת פופקורן במיקרוגל בטעם טבעי, בתוספת מלח, 600 גרם",ליימן מותגים,US,הוטפופ פופקורן בתוספ,גרמים,600.00,100 גרם,false,,17.90,2.9833,true,1,31992
5701932026971,false,הוטפופ גרעיני תירס להכנת פופקורן במיקרוגל בטעם חמאה 600 גרם,ליימן מותגים,US,הוטפופ פופקורן בטעם,גרמים,600.00,100 גרם,false,,17.90,2.9833,true,1,31993
5701932026995,false,"הוטפופ גרעיני תירס להכנת פופקורן במיקרוגל בטעם טבעי מופחת שומן, 510 גרם",קריניציה ויטמינה אס,US,הוטפופ פופקורן לייט,גרמים,510.00,100 גרם,false,,17.90,3.5098,true,1,31994
5711953106583,false,גבינת שמנת בטעם טבעי 200 גרם ארלה,ארלה פודס אמבה,DK,גבינת שמנת טבעי ארלה,גרמים,200.00,100 גרם,false,,16.50,8.2500,true,1,106842
5711953106590,false,גבינת שמנת ארלה שמנת שום 200 גרם,ארלה פודס אמבה,DK,גבינת שמנת שום ארלה,גרמים,200.00,100 גרם,false,,16.50,8.2500,true,1,106843
5711953106606,false,גבינת שמנת עם תבלינים ועשבי תיבול 23.5%,ארלה פודס אמבה,DK,גבינת שמנת עשבי תיבו,גרמים,200.00,100 גרם,false,,16.50,8.2500,true,1,106844
5740900403215,false,ממרח מחמאת לורפק עם מלח 250 ג',ארלה פודס אמבה,DK,לורפק ממרח עם מלח 25,גרמים,250.00,100 גרם,false,,18.90,7.5600,true,1,98745
5740900403222,false,ממרח לורפק חמאה עם מלח מופחת שומן 250 ג,ארלה פודס אמבה,DK,לורפק ממרח עם מלח מו,גרמים,250.00,100 גרם,false,,18.90,7.5600,true,1,98746
5740900403239,false,ממרח לורפק ללא תוספת מלח 250 גר,ארלה פודס אמבה,DK,לורפק ממרח ללא מלח 2,גרמים,250.00,100 גרם,false,,18.90,7.5600,true,1,98749
5740900403246,false,ממרח לורפק ללא תוספת מלח 500 גר,ארלה פודס אמבה,DK,לורפק ממרח ללא מלח 5,גרמים,500.00,100 גרם,false,,29.90,5.9800,true,1,98747
5740900403260,false,ממרח מחמאת לורפק ללא מלח 27% פחות שומן,ארלה פודס אמבה,DK,לורפק ממרח עם מלח מו,גרמים,250.00,100 גרם,false,,18.90,7.5600,true,1,98750
5900020012814,false,דגנים תפוחים בטעם שוקולד נסקוויק נסטלה 500 גרם,מיוצר עי קונדיטוריית,PL,דגני בוקר נסקוויק נס,גרמים,500.00,100 גרם,false,,27.90,5.5800,true,1,49007
5900020015174,false,פיטנס חטיפי אנרגיה דגנים בטעם שוקולד נסטלה 6*23.5 גרם,מיוצר עי קונדיטוריית,PL,פיטנס חטיף דגנים שוק,גרמים,141.00,100 גרם,false,,16.90,11.9858,true,1,52560
5900020020710,false,מארז חטיף דגנים קראנץ' בטעם שוקו וניל נסטלה,נסטלה פולין ברים,PL,חטיף דגנים קראנץ בר,גרמים,150.00,100 גרם,false,,16.90,11.2667,true,1,69368
5900020020741,false,חטיפי דגנים נסקוויק בר שוקו שוקו 6*25 גר,נסטלה פולין ברים,PL,חטיף דגנים נסקוויק ב,גרמים,150.00,100 גרם,false,,16.90,11.2667,true,1,69369
5900020022325,false,חטיף סיני מיניס Cini Minis בטעם קינמון - 6 במארז,נסטלה פולין דגני בוק,PL,חטיף דגנים סיני מיני,גרמים,150.00,100 גרם,false,,16.90,11.2667,true,1,71495
5900020024770,false,פיטנס - דליס חטיף דגנים שוקולד אגוז 22.50 גרם * 6,נסטלה פולין ברים,PL,פיטנס בר דליס שוקולד,גרמים,135.00,100 גרם,false,,16.90,12.5185,true,1,74380
5900020024817,false,פיטנס דליס Fitness Delice חטיף דגנים עם שוקולד לבן,נסטלה פולין ברים,PL,פיטנס בר דליס שוקולד,גרמים,135.00,100 גרם,false,,16.90,12.5185,true,1,74381
5900020025807,false,נסטלה - דגני סיני מיניס 375 גרם,סי. פי. פולין,PL,דגני סיני מיניס נסטל,גרמים,375.00,100 גרם,false,,12.90,3.4400,true,1,74377
5900020026552,false,דגני בוקר האני נאט צ'יריוס בטעם דבש ושקדים,נסטלה צרפת איטנקורט,FR,צ׳יריוס האני נאט נסט,גרמים,625.00,100 גרם,false,,27.90,4.4640,true,1,76897
5900020026859,false,צ'ריוס האני נאט 375 גרם,סי. פי. צרפת,FR,דגני האני נאט צ'יריו,גרמים,375.00,100 גרם,false,,12.90,3.4400,true,1,89028
5900020031877,false,נסטלה האני ציריוס חטיף דגני בוקר שישייה,נסטלה פולין דגני בוק,PL,חטיף דגנים צ'יריוס ה,יחידה,0.00,יחידה,false,,16.90,0.0000,true,1,97821
5900020032454,false,מארז חטיף פיטנס עוגיות 8 X 23.5 גרם,נסטלה פולין ברים,PL,פיטנס מארז חטיפי דגנ,גרמים,188.00,100 גרם,false,,16.90,8.9894,true,1,128145
5900020032539,false,מארז חטיף פיטנס שוקולד 8 X 23.5 גרם,נסטלה פולין ברים,PL,פיטנס מארז חטיפי דגנ,גרמים,188.00,100 גרם,false,,16.90,8.9894,true,1,128146
5900020033314,false,חטיף דגני בוקר Lion בטעם קרמל ושוקולד על קרם חלב,נסטלה פולין דגני בוק,PL,חטיף דגנים ליון 6*25,גרמים,150.00,100 גרם,false,,16.90,11.2667,true,1,98516
5900020034021,false,חטיף דגנים פיטנס שוקולד בננה 141 גרם,מיוצר עי קונדיטוריית,PL,פיטנס חטיף דגנים שוק,גרמים,141.00,100 גרם,false,,16.90,11.9858,true,1,100353
5900020034991,false,דגני בוקר צדפים בטעם שוקולד 450 ג' קראנץ',סי. פי. פולין,PL,קראנץ צדפים בטעם שוק,גרמים,450.00,100 גרם,false,,27.90,6.2000,true,1,107736
5900020036407,false,ליון דגני בוקר שוקולד וקרמל נסטלה 480 גרם,נסטלה פולין דגני בוק,PL,ליון שוקולד קרמל נסט,גרמים,480.00,100 גרם,false,,27.90,5.8125,true,1,120584
5900020039620,false,פיטנס חטיף דגנים שקדים ודבש פרווה 8 6*23 ג,נסטלה פולין ברים,PL,פיטנס חטיף דגנים שק,גרמים,141.00,100 גרם,false,,16.90,11.9858,true,1,136713
5900020041142,false,קורנפלקס פיטנס 500 ג' אסם,נסטלה צרפת איטנקורט,PL,פיטנס קורנפלקס 500 ג,גרמים,500.00,100 גרם,false,,13.90,2.7800,true,1,141092
5900352002866,false,חטיף שוקולד אליבי מק,אליבי מקס Alibi Max,,חטיף אליבי 49 ג,יחידה,0.00,יחידה,false,,4.90,0.0000,true,1,74483
5900627026429,false,"סיליט באנג גיל לניקוי אסלות בתוספת אקונומיקה 750מ""ל",רקיט בנקיזר,PL,סיליט באנג סתימות 75,מיליליטרים,750.00,"100 מ""ל",false,,9.90,1.3200,true,1,105869
5900627063233,false,טבליות למדיח הכל ב-1 פיניש מקס 50 יחידות,רקיט בנקיזר,PL,פיניש טבליות למדיח 5,יח',50.00,יח',false,,35.90,0.7180,true,1,89323
5900915013230,false,שוקולד טראויטה חלב א,,,שוקולד טראויטה חלב א,גרמים,225.00,100 גרם,false,,11.90,5.2889,true,1,91985
5900915013254,false,שוקולד טראויטה חלב ב,,,שוקולד טראויטה חלב ב,גרמים,225.00,100 גרם,false,,11.90,5.2889,true,1,91984
5900915014060,false,טראויטה מריר חמוציות,,,שוקולד טראויטה מריר,גרמים,225.00,100 גרם,false,,11.90,5.2889,true,1,91986
5901677007611,false,שוקולד חלב ברון 300 גרם,,,שוקולד ברון חלב 300ג,גרמים,300.00,100 גרם,false,,12.90,4.3000,true,1,138976
5901677008489,false,שוקולד מריר 300 גר ברון,,,שוקולד ברון מריר 300,גרמים,300.00,100 גרם,false,,12.90,4.3000,true,1,138977
5902198160403,false,XL משקה אנרגיה מוגז ללא סוכר עד 10 קלוריות לפחית 250 מל,"טמפו משקאות בע""\מ",IL,אקסל משקה אנרגיה טן,מיליליטרים,250.00,"100 מ""ל",false,,5.00,2.0000,true,1,93146
5904603190661,false,עגבניות החומץ עם שמי,דבורק,,עגבניות בחומץ עם שמי,גרמים,880.00,100 גרם,false,,13.90,1.5795,true,1,139987
5904603191323,false,מלפפונים כבושים 850 גר DWOREK,דבורק,,מלפפונים כבושים דוור,גרמים,850.00,100 גרם,false,,13.90,1.6353,true,1,139978
5904941750312,false,"משקה אנרגיה BLU מוחיטו בודד 250 מ""ל",אקו - ביט,PL,בלו דיי משקה אנרגיה,מיליליטרים,250.00,"100 מ""ל",false,,5.00,2.0000,true,1,70665
5904941751302,false,"משקה אנרגיה בלו 250 מ""ל- בודד",אקו - ביט,PL,בלו משקה אנרגיה 250מ,מיליליטרים,250.00,"100 מ""ל",false,,4.90,1.9600,true,1,45603
5904941751524,false,"משקה אנרגיה BLU DAY אבטיח בודד 250 מ""ל",אקו - ביט,PL,בלו דיי משקה אנרגיה,מיליליטרים,250.00,"100 מ""ל",false,,5.00,2.0000,true,1,70667
5906485301012,false,"משקה אנרגיה XL פחית 250 מ""ל","טמפו משקאות בע""מ",IL,אקסל משקה אנרגיה 250,מיליליטרים,250.00,"100 מ""ל",false,,5.00,2.0000,true,1,20040
5941021000639,false,טבלת שוקולד חלב אגוז היידי גראנדור 100 ג',היידי שוקולד בירונטי,,שוקולד היידי גראנדור,גרמים,100.00,100 גרם,false,,10.90,10.9000,true,1,67602
5941021000899,false,טבלת שוקולד מריר אגוז היידי גראנדור 100 ג',היידי שוקולד בירונטי,,שוקולד היידי גראנדור,גרמים,100.00,100 גרם,false,,10.90,10.9000,true,1,67580
5941021001247,false,טבלת שוקולד בטעם קפה היידי גראנדור 80 ג',היידי שוקולד בירונטי,,שוקולד היידי גראנדור,גרמים,80.00,100 גרם,false,,10.90,13.6250,true,1,71333
5941021001261,false,טבלת שוקולד היידי גראנדור 75% 80 ג',היידי שוקולד בירונטי,RO,שוקולד היידי גראנדור,גרמים,80.00,100 גרם,false,,10.90,13.6250,true,1,67582
5941021001674,false,טבלת שוקולד היידי גראנדור 80% 80 ג',היידי שוקולד בירונטי,,שוקולד היידי גראנדור,גרמים,80.00,100 גרם,false,,10.90,13.6250,true,1,71334
5941021005122,false,טבלת שוקולד חמוציות היידי גראנדור 80 ג',היידי שוקולד בירונטי,,שוקולד היידי גראנדור,גרמים,80.00,100 גרם,false,,10.90,13.6250,true,1,71335
5941021011147,false,טבלת שוקולד פלורנטין מריר היידי גראנדור 100 ג',היידי שוקולד בירונטי,,שוקולד היידי גראנדור,גרמים,100.00,100 גרם,false,,10.90,10.9000,true,1,76569
5941021016401,false,טבלת שוקולד מריר שקד היידי גראנדור 100 ג',היידי שוקולד בירונטי,PL,טבלת היידי שוקולד גר,גרמים,100.00,100 גרם,false,,10.90,10.9000,true,1,107106
5997321770307,false,ויט רצועות שעווה מוכנות לעור רגיש 12 יחידות,רקיט בנקיזר צרפת,FR,ויט רצועות שעווה לעו,יחידה,0.00,יחידה,false,,34.90,0.0000,true,1,94779
6001067017523,false,מברשת שיניים קולגייט לילדים מגיל חמש 1 יחידה,יבואן ומשווק: ש. שסט,CN,קולגייט מברשת שיניים,יחידה,0.00,יחידה,false,,11.90,0.0000,true,1,69976
6001067024446,false,קולגייט מברשת אקסטרה קלין שלישיה,COLGATE ($) -PALMOLI,VN,קולגייט מברשת שיניים,יחידה,0.00,יחידה,false,,10.00,0.0000,true,1,52922
6111094000198,false,קוסקוס דארי בינוני 350 גרם,דארי קוספאט אס. איי. או,MA,קוסקוס דארי דק 350 ג,יחידה,0.00,יחידה,false,,7.90,0.0000,true,1,127951
6111094000228,false,"קוסקוס דארי דק תומר 1 ק""ג",דארי קוספאט אס. איי. או,MA,קוסקוס תומר דק 1 קג,גרמים,1000.00,100 גרם,false,,18.90,1.8900,true,1,56970
6111094000242,false,תומר קוסקוס דארי דק 500גר,דארי קוספאט אס. איי. או,MA,קוסקוס דארי דק תומר,גרמים,500.00,100 גרם,false,,9.90,1.9800,true,1,141155
6111094000259,false,קוסקוס דארי בינוני 500ג'18X,דארי קוספאט אס. איי. או,MA,קוסקוס דארי בינוני ת,גרמים,500.00,100 גרם,false,,9.90,1.9800,true,1,141156
6111094000808,false,"קוסקוס דארי בינוני תומר 1 ק""ג + 10% תוספת",דארי קוספטה אל-זהרה,MA,קוסקוס דארי 1.1קג,גרמים,1000.00,100 גרם,false,,18.90,1.8900,true,1,71110
6112012100051,false,סט תפירה גדול,YIWU-KAI-WUN,CN,סט תפירה גדול,יחידה,0.00,יחידה,false,,14.90,0.0000,true,1,100548
6112012100075,false,קולפן פלסטיק איכותי,,,קולפן פלסטיק יקר,יחידה,0.00,יחידה,false,,12.90,0.0000,true,1,76300
6112012100358,false,שישיית קולבי פלסטיק,,CN,שישיית קולבי פלסטיק,יחידה,0.00,יחידה,false,,10.90,0.0000,true,1,76393
6112012100563,false,זוג ידיות לסיר - מתאים לסולתם,,CN,זוג ידיות צד,יחידה,0.00,יחידה,false,,12.90,0.0000,true,1,76304
6112012100655,false,מגב לשיש מהודר,,CN,מגבלשיש מהודר,יחידה,0.00,יחידה,false,,7.90,0.0000,true,1,100597
6112012100846,false,פומפיה מרובעת,,,פומפיה מרובעת,יחידה,0.00,יחידה,false,,19.90,0.0000,true,1,76289
6112012100976,false,"כפות גדולות 18 ס""מ",,,כפות גדולות,יחידה,0.00,יחידה,false,,9.90,0.0000,true,1,76272
6112012100983,false,"מזלגות גדולות 18 ס""מ",,,מזלגות גדולות,יחידה,0.00,יחידה,false,,9.90,0.0000,true,1,76273
6112015100294,false,מגב מתכת 40 עם הברגה,,,"מגב מתכת 40 ס""מ",יחידה,0.00,יחידה,false,,21.90,0.0000,true,1,89423
6112015100928,false,מטאטא / מגב סיליקון,,,מטאטא/מגב סיליקון,יחידה,0.00,יחידה,false,,24.90,0.0000,true,1,100599
6112016100514,false,"תחתית לסיר מברזל 20 ס""מ",,,תחתית לסיר מברזל 20,יחידה,0.00,יחידה,false,,10.90,0.0000,true,1,100502
6112016100682,false,מסנן רשת לכיור,,,מסנן רשת לכיור,יחידה,0.00,יחידה,false,,10.90,0.0000,true,1,90029
6112017100056,false,מברשת קטנה לניקוי כלים לשבת,,,מברשת קטנה לניקוי כל,יחידה,0.00,יחידה,false,,9.90,0.0000,true,1,106734
6112017103354,false,אטבי כביסה סיליקון 12 יח',,IL,אטבי כביסה סיליקון 1,יחידה,0.00,יחידה,false,,9.90,0.0000,true,1,100555
6112017103897,false,שלישיית סכיני מטבח צבעוני,,CN,שלישיית סכינים,יחידה,0.00,יחידה,false,,9.90,0.0000,true,1,100529
6112017104153,false,ספוג מסאז',,,ספוג מסאז,יחידה,0.00,יחידה,false,,8.90,0.0000,true,1,100578
6112017104566,false,מטאטא כסף אדום,,,מטאטא כסף אדום,יחידה,0.00,יחידה,false,,26.90,0.0000,true,1,106682
6112017104573,false,מטאטא שחור לבן,,,מטאטא שחור לבן,יחידה,0.00,יחידה,false,,24.90,0.0000,true,1,100826
6112017105778,false,"מגב סיליקון 40 ס""מ",,,"מגב לריצפה 40 ס""מ",יחידה,0.00,יחידה,false,,20.90,0.0000,true,1,106743
6112017106249,false,כרית קירצוף מסיליקון,,,כריות קירצוף מסיליקו,יחידה,0.00,יחידה,false,,11.90,0.0000,true,1,112879
6118000061090,false,סרדינים מרוקאים בשמן סויה -טנגיר 125,דין שיווק,,סרדין מרוקאי בשמן סו,גרמים,125.00,100 גרם,false,,6.90,5.5200,true,1,100690
6118000240501,false,סרדינים מרוקאים בשמן סויה עם פלפל חריף - 125 גרם,דין שיווק,,סרדין מרוקאי בשמן סו,גרמים,125.00,100 גרם,false,,6.90,5.5200,true,1,100691
6598255452236,false,מסכות חד פעמי 50יח,,,מסכות חד פעמי 50יח,יחידה,0.00,יחידה,false,,9.90,0.0000,true,1,126970
6910191800287,false,אצות נורי בלו 10 דף (ננגטונג),ננטונג היידה אקווטוק,CN,דפי סושי אצות נורי ב,יח',10.00,יח',false,,13.90,1.3900,true,1,65603
6922276100083,false,מחית וואסבי -חזרת 43 גרם (דליאן),דליאן ג'ינדה קונדימנ,CN,מחית וואסבי 43גר,גרמים,43.00,100 גרם,false,,11.90,27.6744,true,1,63814
6931191500878,false,קולפן פלסטיק פשוט,,,מקלף פלסטיק,יחידה,0.00,יחידה,false,,5.90,0.0000,true,1,76315
6934931267246,false,מצית גז להבה ארוך 26,,,מצת לכיריים,יחידה,0.00,יחידה,false,,9.90,0.0000,true,1,137070
6934931272196,false,מטאטא מליזה גב עץ ע.הבית,,,מטאטא מאלזיה גב עץ,יחידה,0.00,יחידה,false,,19.90,0.0000,true,1,137065
6935487561246,false,מסיכה כירורגית שחורה מארז 50 יח',,IL,מסכות חד פעמי 50 יח,יח',50.00,יח',false,,9.90,0.1980,true,1,135130
6935673035643,false,כפפות אלוורה להקלה על עור יבש - גדול מאוד XL,מ.א ייצור ושיווק מטל,CN,כפפות אלוורה שאיני X,יחידה,0.00,יחידה,false,,7.90,0.0000,true,1,41214
6936745600462,false,רוטב מירין לתיבול מז,דאנינג יוה פודס קו,CN,מירין דאניינג 500מל,מיליליטרים,500.00,"100 מ""ל",false,,22.90,4.5800,true,1,65570
6936745600783,false,"חומץ אורז מזרח מערב 500 מ""ל",דאנינג יוה פודס קו,CN,חומץ אורז דאניינג 50,מיליליטרים,500.00,"100 מ""ל",false,,16.90,3.3800,true,1,65571
6945305614047,false,רביעיית מתלים דמוי ניקל,,,רביעיית מתלים ניקל,יחידה,0.00,יחידה,false,,9.90,0.0000,true,1,76372
6952415521486,false,כבל מאריך 3 מ' OMEGA,,IL,כבל מאריך 3 מטר,יחידה,0.00,יחידה,false,,34.90,0.0000,true,1,102169
6955702090665,false,מסכות חד פעמי 50יח,,,מסכות חד פעמי 50יח,יח',50.00,יח',false,,9.90,0.1980,true,1,137630
6985425120028,false,ספוגים רחצה רביעייה,,,ספוגים רחצה רביעייה,יחידה,0.00,יחידה,false,,9.90,0.0000,true,1,89425
6985425120103,false,דבק סלוטייפ כל הסניפים,,,דבק סלוטייפ,יחידה,0.00,יחידה,false,,9.90,0.0000,true,1,76381
6985425120592,false,קרש חיתוך מעץ - גדול,,,קרש חיתוך עץ,יחידה,0.00,יחידה,false,,17.90,0.0000,true,1,76317
6985425120950,false,זוג ידיות לסיר עליון פס כסף,,,זוג ידיות לסיר עליון,יחידה,0.00,יחידה,false,,9.90,0.0000,true,1,76320
7271730901261,false,ווקי מאק ארוחת אטריות עם גבינה 156 גרם,ניו וורלד פסטה קומפנ,US,תערובת להכנת פסטה+גב,גרמים,156.00,100 גרם,false,,12.90,8.2692,true,1,67469
7290000000070,false,פלפל שושקה ירוק/ אדו,,,סופגניה,יחידה,0.00,יחידה,false,,3.90,0.0000,true,1,141324
7290000000943,false,פרינגלס עד 158גר+ביר,,,פרינגלס עד 158גר+ביר,יחידה,0.00,יחידה,false,,17.90,0.0000,true,1,141788
7290000001009,false,לאבנה 9% טרה 250גר+ק,,,לאבנה 9% טרה 250גר+ק,יחידה,0.00,יחידה,false,,20.90,0.0000,true,1,141790
7290000001038,false,נשנושי גבינה 67גר+מל,ביכורי השקמה,,נשנושי גבינה 67גר+מל,יחידה,0.00,יחידה,false,,20.90,0.0000,true,1,141792
7290000001106,false,2יח קלרו טבליות למדי,ביכורי השקמה,,2יח קלרו טבליות למדי,יחידה,0.00,יחידה,false,,20.00,0.0000,true,1,141796
7290000001693,false,פתי בר הדר+חלב בקרטו,,,פתי בר הדר+חלב בקרטו,יחידה,0.00,יחידה,false,,15.90,0.0000,true,1,141364
7290000001715,false,הפי לחלונות 750מל+הפ,,,הפי לחלונות 750מל+הפ,יחידה,0.00,יחידה,false,,24.90,0.0000,true,1,141789
7290000013206,false,זנב בקר,,,זנב בקר,קילוגרמים,1.00,"ק""ג",true,,69.90,69.9000,true,1,90782
7290000013954,false,צוואר עע,,,צוואר עע,קילוגרמים,1.00,"ק""ג",true,,69.00,69.0000,true,1,92101
7290000018485,false,דונאטס מצופה,,,דונאטס מצופה,יחידה,0.00,יחידה,false,,5.90,0.0000,true,1,128454
7290000023083,false,ערק אשקלון בקבוק 700,"יקבי ברקן בע""\מ",IL,ערק אשקלון 700 מל,מיליליטרים,700.00,"100 מ""ל",false,,49.90,7.1286,true,1,70636
7290000023809,false,"יין קלאסיק קברנה סוביניון ברקן 750 מ""ל",יקבי ברקן שיווק והפצה בע,IL,יין קלאסיק קברנה סוב,מיליליטרים,750.00,"100 מ""ל",false,,39.90,5.3200,true,1,20414
7290000023816,false,"יין קלאסיק אמרלד ריזלינג ברקן 750 מ""ל",יקבי ברקן שיווק והפצה בע,IL,יין קלאסיק אמרלד ריז,מיליליטרים,750.00,"100 מ""ל",false,,39.90,5.3200,true,1,20415
7290000023830,false,יין קלאסיק שיראז רוזה 750 מל,יקבי ברקן שיווק והפצה בע,IL,יין קלאסיק שיראז רוז,מיליליטרים,750.00,"100 מ""ל",false,,39.90,5.3200,true,1,56517
7290000023977,false,"יין קלאסיק מרלו ברקן 750 מ""ל",יקבי ברקן שיווק והפצה בע,IL,יין קלאסיק מרלו 750מ,מיליליטרים,750.00,"100 מ""ל",false,,39.90,5.3200,true,1,52809
7290000024264,false,"יין רזרב מרלו ברקן 750 מ""ל","כרמי צבי - אחים סגל בע""\",IL,יין רזרב מרלו 750 מל,מיליליטרים,750.00,"100 מ""ל",false,,49.90,6.6533,true,1,34568
7290000024523,false,"תירוש של סגל ,מיץ ענבים , 1 ליטר",כרמי צבי - האחים סגל,IL,מיץ ענבים של סגל 1 ל,מיליליטרים,1000.00,"100 מ""ל",false,,13.90,1.3900,true,1,70100
7290000024905,false,"וודקה קגלביץ' קלאסיקה 700 מ""ל","יקבי ברקן בע""\מ",IL,וודקה קגלביץ קלאסיקה,מיליליטרים,700.00,"100 מ""ל",false,,59.90,8.5571,true,1,44691
7290000033976,false,כתף טלה טרי,,,כתף טלה טרי,קילוגרמים,1.00,"ק""ג",true,,109.00,109.0000,true,1,39332
7290000034256,false,ביסקוויט תירוש חצי מצופה הדר 175ג',אפיפית נצרת תעשיות ב,IL,ביסקויט תירוש 175גרם,גרמים,175.00,100 גרם,false,,7.90,4.5143,true,1,22583
7290000034973,false,חזה טלה ספרייס טרי,,,חזה טלה ספרייס טרי,קילוגרמים,1.00,"ק""ג",true,,79.00,79.0000,true,1,39333
7290000036977,false,צוואר כבש טרי,קצביית פרימיום,IL,צוואר כבש טרי,קילוגרמים,1.00,"ק""ג",true,,79.90,79.9000,true,1,84112
7290000040042,false,יופלה יוגורט תות %3 גביע 150 גרם,תנובה חלב,IL,יופלה תות שובב 3% 15,גרמים,150.00,100 גרם,false,,5.20,3.4667,true,1,29296
7290000040066,false,יופלה יוגורט דובדבן %3 גביע 150 גרם,תנובה מרכז שיתופי לש,IL,יופלה דובדבן פראי 3%,גרמים,150.00,100 גרם,false,,5.20,3.4667,true,1,29297
7290000040080,false,יופלה יוגורט אפרסק %3 גביע 150 גרם,תנובה חלב,IL,יופלה אפרסק מאוהב 3%,גרמים,150.00,100 גרם,false,,5.20,3.4667,true,1,23343
7290000040301,false,תנובה עין גדי קממבר מחלב בקר 24% שומן,תנובה מרכז שיתופי לש,IL,גבינה קממבר עין גדי,גרמים,125.00,100 גרם,false,,21.50,17.2000,true,1,23346
7290000040318,false,גבינת ברי 24% קולאז עדי תנובה 125 ג',תנובה מרכז שיתופי לש,IL,גבינת קולאז' ברי 24%,גרמים,125.00,100 גרם,false,,21.50,17.2000,true,1,29299
7290000040462,false,טוסטי גבינה בסגנון אמריקאי אדם 23% תנובה 200 גרם,תנובה מרכז שיתופי לש,IL,מותכת טוסטי אמריקאי,גרמים,200.00,100 גרם,false,,19.90,9.9500,true,1,29301
7290000040974,false,חלב דל לקטוז 2% תנובה קרטון 1 ליטר,תנובה מרכז שיתופי לש,IL,חלב קרטון דל לקטוז ת,מיליליטרים,1000.00,"100 מ""ל",false,,7.50,0.7500,true,1,52863
7290000041445,false,קוטג תנובה גביע 250 גרם 5% בדצ,מיוצר עי קונדיטוריית,IL,קוטג' 5% בדצ 250גר,גרמים,250.00,100 גרם,false,,5.90,2.3600,true,1,23348
7290000041858,false,"שמנת חמוצה 15% מועשרת יטבתה 200 מ""ל",שטראוס גרופ,IL,שמנת חמוצה מעושר 15%,מיליליטרים,200.00,"100 מ""ל",false,,2.50,1.2500,true,1,23349
7290000041865,false,"לבן 4.5% יטבתה מהדרין 200מ""ל",שטראוס גרופ,IL,אשל 4.5% יטבתה 200מל,מיליליטרים,200.00,"100 מ""ל",false,,2.00,1.0000,true,1,23350
7290000041872,false,"לבן 3% יטבתה 200מ""ל מהדרין",שטראוס גרופ,IL,לבן 3% 200מל,מיליליטרים,200.00,"100 מ""ל",false,,2.00,1.0000,true,1,23351
7290000042435,false,חלב דל שומן בקרטון+פקק תנובה 1 ליטר,תנובה מרכז שיתופי לש,IL,חלב דל שומן 1% בקרטו,מיליליטרים,1000.00,"100 מ""ל",false,,5.86,0.5860,true,1,23361
7290000042640,false,"חלב תנובה עמיד 3% קרטון 250 מ""ל",תנובה חלב,IL,חלב עמיד תנובה 3% 25,מיליליטרים,250.00,"100 מ""ל",false,,3.50,1.4000,true,1,29306
7290000042855,false,"שוקו בשקית 250 מ""ל ""יטבתה""",שטראוס גרופ,IL,שוקו שקית 250,מיליליטרים,250.00,"100 מ""ל",false,,3.10,1.2400,true,1,23368
7290000043012,false,"שוקו עמיד 2% בקרטון 250 מ""ל תנובה",תנובה מרכז שיתופי לש,IL,שוקו עמיד 2% תנובה 2,מיליליטרים,250.00,"100 מ""ל",false,,5.40,2.1600,true,1,29308
7290000043814,false,השף הלבן שמנת להקצפה 38% שומן 250 מל - מוצר בפיקוח,תנובה מרכז שיתופי לש,IL,השף הלבן שמנת עמידה,מיליליטרים,250.00,"100 מ""ל",false,,6.47,2.5880,true,1,23371
7290000043890,false,תנובה רויון לבן מחלב מפסוטר 1.5%,תנובה מרכז שיתופי לש,IL,רויון תנובה 1.5% 1לי,מיליליטרים,1000.00,"100 מ""ל",false,,12.30,1.2300,true,1,23372
7290000043944,false,כד יוגורט תנובה 4% שומן 1.5 ליטר,מיוצר עי קונדיטוריית,IL,יוגורט כדים תנובה 1.,מיליליטרים,1500.00,"100 מ""ל",false,,17.90,1.1933,true,1,29311
7290000044712,false,יוגורט עם תות 1.5% שומן 500 ג' פרילי,מיוצר עי קונדיטוריית,IL,יוגורט פרילי תות 1.5,מיליליטרים,500.00,"100 מ""ל",false,,11.70,2.3400,true,1,23376
7290000044880,false,באדי יוגורט תות 3% שומן 500 ג' תנובה,מיוצר עי קונדיטוריית,IL,יוגורט באדי בטעם תות,מיליליטרים,500.00,"100 מ""ל",false,,9.80,1.9600,true,1,29313
7290000045580,false,גבינה מותכת נעמה חורש תנובה 240 גרם,תנובה מרכז שיתופי לש,IL,גבינת חורש 16 יחידות,גרמים,240.00,100 גרם,false,,18.90,7.8750,true,1,29314
7290000045917,false,תנובה פרומעז גבינה מותכת מחלב עיזים 23% שומן,תנובה חלב,IL,גבינה פרומעז 23% קול,גרמים,200.00,100 גרם,false,,27.90,13.9500,true,1,23379
7290000046006,false,גבינה צהובה עמק בלוק,תנובה מרכז שיתופי לש,IL,עמק 28% תנובה,קילוגרמים,1.00,"ק""ג",true,,44.79,44.7900,true,1,50995
7290000046020,false,גלבוע גבינה שמנה במש,תנובה מרכז שיתופי לש,IL,גלבוע 22% תנובה,קילוגרמים,1.00,"ק""ג",true,,42.58,42.5800,true,1,29258
7290000046136,false,גבינה קשה אחוזה,קריות זול,IL,גלבוע 22% תנובה,קילוגרמים,1.00,"ק""ג",true,,42.58,42.5800,true,1,112952
7290000046327,false,גלבוע גבינה צהובה פרוסה 22% תנובה 200 גרם,תנובה מרכז שיתופי לש,IL,צהובה גלבוע 22% 200,גרמים,200.00,100 גרם,false,,14.30,7.1500,true,1,23381
7290000046501,false,"גב.טל העמק32% 1 ק""ג משקל",קריות זול,IL,טל העמק חריץ 32% תנו,קילוגרמים,1.00,"ק""ג",true,,63.00,63.0000,true,1,29260
7290000046563,false,גב.קולאז' פרמזן 23%במשקל,תנובה מרכז שיתופי לש,IL,פרמזן קולאז 23% תנוב,קילוגרמים,1.00,"ק""ג",true,,125.00,125.0000,true,1,29262
7290000046662,false,גב.קשה סקנדינבית31%משקל,תנובה מרכז שיתופי לש,IL,עמק דליקטס סקנדינבית,קילוגרמים,1.00,"ק""ג",true,,82.00,82.0000,true,1,29265
7290000047027,false,גב.קולאז' גלעד 27% במשקל,תנובה מרכז שיתופי לש,IL,קאשקבל 28% תנובה חלב,קילוגרמים,1.00,"ק""ג",true,,134.00,134.0000,true,1,29266
7290000047034,false,גבינת רוקפור 26%כבש משקל,תנובה מרכז שיתופי לש,IL,רוקפור 28% תנובה,קילוגרמים,1.00,"ק""ג",true,,135.00,135.0000,true,1,113544
7290000047485,false,גבינה בולגרית במשקל,תנובה מרכז שיתופי לש,IL,בולגרית 24% תנובה,קילוגרמים,1.00,"ק""ג",true,,59.00,59.0000,true,1,29269
7290000047546,false,השף הלבן כנען גבינה לבנה דלת נתרן 5% תנובה 500 גרם,תנובה מרכז שיתופי לש,IL,גבינה לבנה ללא תוספת,גרמים,500.00,100 גרם,false,,24.90,4.9800,true,1,23383
7290000048185,false,גבינה לבנה 5% תנובה 250 גרם מהדרין,מיוצר עי קונדיטוריית,IL,גבינה לבנה 5% תנובה,גרמים,250.00,100 גרם,false,,4.98,1.9920,true,1,23386
7290000048192,false,גבינה לבנה 9% תנובה 250 גרם מהדרין,מחלבת אלון תבור,IL,גבינה לבנה 9% תנובה,גרמים,250.00,100 גרם,false,,5.20,2.0800,true,1,23387
7290000048307,false,גבינת קוטג' עם זיתים 5% תנובה 250 גרם,מיוצר עי קונדיטוריית,IL,גבינת קוטג׳ 5% עם זי,גרמים,250.00,100 גרם,false,,5.90,2.3600,true,1,29322
7290000048413,false,פיראוס חמד גבינה מלוחה 16% שומן,תנובה מרכז שיתופי לש,IL,פיראוס חמד 16% 250 ג,גרמים,250.00,100 גרם,false,,19.40,7.7600,true,1,23388
7290000048437,false,פיראוס צפתית 5% שומן 200 גרם,פארייפאבה אגרואינדוס,IL,פיראוס צפתית 5% שומן,גרמים,200.00,100 גרם,false,,15.90,7.9500,true,1,23389
7290000049458,false,גבינת פטה עיזים 16% גביע פיראוס 250 ג',תנובה מרכז שיתופי לש,IL,פטה עיזים פיראוס 16,גרמים,250.00,100 גרם,false,,30.90,12.3600,true,1,23390
7290000050447,false,"יוגורט ביו בטעם תות YYY יופלה 500 מ""ל",מיוצר עי קונדיטוריית,IL,יופלה YYY תות 3% 500,מיליליטרים,500.00,"100 מ""ל",false,,14.40,2.8800,true,1,46477
7290000050454,false,יוגורט יופלה אפרסק 3% שומן 500 גרם,מיוצר עי קונדיטוריית,IL,יופלה YYY אפרסק 3% 5,מיליליטרים,500.00,"100 מ""ל",false,,14.40,2.8800,true,1,46478
7290000051307,false,"מארז הפסקת אוכל עם דגני עוגי ומשקה חלב עמיד בטעם וניל 150 מ""ל",תנובה מרכז שיתופי לש,IL,הפסקת אוכל עוגי +חלב,מיליליטרים,150.00,"100 מ""ל",false,,10.50,7.0000,true,1,47827
7290000051376,false,יוגורט יופלה דיאט אננס 0% שומן 150 גרם,תנובה מרכז שיתופי לש,IL,יופלה דיאט אננס ספור,גרמים,150.00,100 גרם,false,,5.30,3.5333,true,1,48630
7290000051710,false,פיראוס גבינת לאבנה אסלית על בסיס יוגורט תנובה 263 גרם,"תנובה, מחלבת אלון תב",IL,לאבנה עם שמן זית וזע,גרמים,263.00,100 גרם,false,,15.30,5.8175,true,1,48633
7290000052311,false,גבינה צהובה עמק לייט 15% שומן 200 גרם,תנובה מרכז שיתופי לש,IL,גבינה צהובה עמק לייט,גרמים,200.00,100 גרם,false,,17.50,8.7500,true,1,51180
7290000052649,false,גבינת לאבנה 5% שומן 500 ג' פיראוס,תנובה מרכז שיתופי לש,IL,פיראוס לאבנה 5% גביע,גרמים,500.00,100 גרם,false,,21.50,4.3000,true,1,49558
7290000054220,false,פטריות צמד חמד,קריות זול,,פטריות צמד חמד,יחידה,0.00,יחידה,false,,12.00,0.0000,true,1,137689
7290000055015,false,פיראוס גבינת פטה כבשים 5% תנובה 250 גרם,תנובה מרכז שיתופי לש,IL,פטה כבשים 5% שומן פי,גרמים,250.00,100 גרם,false,,28.90,11.5600,true,1,52956
7290000055329,false,"משקה בוקר יוגורט 1.5% בטעם תות מלון יופלה 250 מ""ל",תנובה מרכז שיתופי לש,IL,יופלה משקה יוגורט תו,מיליליטרים,250.00,"100 מ""ל",false,,5.90,2.3600,true,1,55842
7290000055336,false,"משקה יוגורט 1.5% בטעם בננה אפרסק יופלה 250 מ""ל",תנובה מרכז שיתופי לש,IL,יופלה משקה יוגורט בנ,מיליליטרים,250.00,"100 מ""ל",false,,5.90,2.3600,true,1,55843
7290000055343,false,משקה יוגורט יופלה פירות טרופיים 250 גרם,תנובה מרכז שיתופי לש,IL,יופלה משקה יוגורט טר,מיליליטרים,250.00,"100 מ""ל",false,,5.90,2.3600,true,1,55844
7290000055350,false,גבינה צהובה חריץ עמק 28% במשקל,תנובה מרכז שיתופי לש,IL,עמק 28% תנובה,קילוגרמים,1.00,"ק""ג",true,,44.79,44.7900,true,1,74992
7290000055893,false,חמאה משמנת מפוסטרת 200גרם 82% כ.מהדרין - מוצר בפיקוח,תנובה מרכז שיתופי לש,IL,חמאה מהדרין תנובה 20,גרמים,200.00,100 גרם,false,,8.70,4.3500,true,1,57158
7290000056081,false,מארז יוגורט פרילי טבע 6*200 גרם,מיוצר עי קונדיטוריית,IL,פרילי טבע 6*200מל,מיליליטרים,1200.00,"100 מ""ל",false,,24.50,2.0417,true,1,55839
7290000056845,false,תנובה חלב טרי 3% שומן 1.5 ליטר - מוצר בפיקוח,פארייפאבה אגרואינדוס,IL,חלב טרי 3% תנובה 1.5,מיליליטרים,1500.00,"100 מ""ל",false,,9.35,0.6233,true,1,63721
7290000056890,false,שמיניית דיאט יופלה 0% טעמים שונים 150 גרם,מיוצר עי קונדיטוריית,IL,יופלה מאגדת דיאט טעמ,יחידה,0.00,יחידה,false,,32.70,0.0000,true,1,62511
7290000056906,false,מאגדת לבן טבעי 1.5% שומן 8 יח' * 150 ג' יופלה,מחלבת אלון תבור,IL,יופלה לבן מאגדת שמינ,גרמים,1200.00,100 גרם,false,,18.90,1.5750,true,1,62512
7290000056951,false,"תנובה, השף הלבן, שמנת לבישול 15% שומן 500 מל",תנובה מרכז שיתופי לש,IL,שמנת עמידה לבישול 15,מיליליטרים,500.00,"100 מ""ל",false,,18.50,3.7000,true,1,64028
7290000057088,false,עמק גבינה צהובה פרוסה דק דק 28% תנובה 200 גרם,תנובה מרכז שיתופי לש,IL,גבינה צהובה עמק דק ד,גרמים,200.00,100 גרם,false,,17.50,8.7500,true,1,63722
7290000057118,false,גבינה צהובה עמק 28% שומן ואקום 400 גרם,תנובה מרכז שיתופי לש,IL,המעדניה של עמק 28% 4,גרמים,400.00,100 גרם,false,,24.90,6.2250,true,1,63427
7290000057132,false,יוגורט תנובה טבעי 1.5% גביע 200 גרם,מחלבת אלון תבור,IL,יוגורט טבעי 1.5%תנוב,מיליליטרים,200.00,"100 מ""ל",false,,3.20,1.6000,true,1,63428
7290000057149,false,יוגורט תנובה טבעי 3% גביע 200 גרם,מיוצר עי קונדיטוריית,IL,יוגורט טבעי 3% תנובה,מיליליטרים,200.00,"100 מ""ל",false,,3.20,1.6000,true,1,63429
7290000057552,false,יופלה דיאט עוגת גבינה ותות 0% גביע 150ג',תנובה חלב,IL,יופלה דיאט עוגת גבינ,גרמים,150.00,100 גרם,false,,5.00,3.3333,true,1,65684
7290000058030,false,"שמיניית יופלה שטוזים משקה יוגורט תות 100 מ""ל",מיוצר עי קונדיטוריית,IL,יופלה שטוזים משקה יו,גרמים,800.00,100 גרם,false,,21.90,2.7375,true,1,64663
7290000058047,false,שמנת להקצפה 38% 500מל מהדרין עמיד השף הלבן,תנובה מרכז שיתופי לש,IL,השף הלבן שמנת 38% 5ע,מיליליטרים,500.00,"100 מ""ל",false,,12.94,2.5880,true,1,65556
7290000060071,false,אוסם - חטיפי פריכונים מאורז מלא קלוי 80גר,"פרח תעשיות מזון בע""מ.",IL,חטיפי פריכונים מאורז,גרמים,80.00,100 גרם,false,,9.50,11.8750,true,1,23392
7290000060088,false,בייגלה מקלות מלוחים אסם 400 גרם,מיוצר עי קונדיטוריית,IL,בייגלה מקלות מלוחים,גרמים,300.00,100 גרם,false,,11.90,3.9667,true,1,23393
7290000060163,false,פסטה אסם אטריות דקות 400גר,"אסם תעשיות בע""מ",IL,אטריות דקות אסם 400ג,גרמים,400.00,100 גרם,false,,7.90,1.9750,true,1,23395
7290000060200,false,פסטה אסם פתיתים אפויים קוסקוס 500גר,"אסם תעשיות בע""מ",IL,פתיתים אפויים קוסקוס,גרמים,500.00,100 גרם,false,,7.90,1.5800,true,1,23397
7290000060217,false,פסטה מקרוני מספר 7 אסם 500 גרם,קריות זול,IT,פסטה מקרוני 7 אסם 50,גרמים,500.00,100 גרם,false,,6.90,1.3800,true,1,34586
7290000060248,false,פסטה אסם פתיתים תלתלים 500 גר',קריות זול,IT,פסטה תלתלים אסם 500,גרמים,500.00,100 גרם,false,,6.90,1.3800,true,1,23398
7290000060316,false,פרפקטו ספגטי מס' 8 אסם 500 גרם,אסם פרפקטו,IT,ספגטי אסם פרפקטו 500,גרמים,500.00,100 גרם,false,,8.50,1.7000,true,1,23401
7290000060330,false,פרפקטו פרפקטו ספיראלי גירף 500 גר,אסם פרפקטו,IT,פסטה פרפקטו ספיראלי,גרמים,500.00,100 גרם,false,,8.50,1.7000,true,1,23403
7290000060408,false,פסטה אסם פתיתים אפויים טבעות 500 גר,"אסם השקעות בע""\מ",IL,פתיתים אפויים טבעות,גרמים,500.00,100 גרם,false,,7.90,1.5800,true,1,23405
7290000060781,false,פסטה אסם פתיתים מסולסלים 500גר,קריות זול,IT,פסטה מסולסלים אסם 50,גרמים,500.00,100 גרם,false,,6.90,1.3800,true,1,23415
7290000060828,false,פסטה קרניים בינוניות אסם 500 גרם,קריות זול,IT,פסטה קרניים בינוניות,גרמים,500.00,100 גרם,false,,6.90,1.3800,true,1,23417
7290000060842,false,פסטה אסם פתיתים צדפים גדולים 500גר,קריות זול,IT,פסטה צדפים גדולים אס,גרמים,500.00,100 גרם,false,,6.90,1.3800,true,1,23419
7290000060880,false,פסטה ספגטי מספר 8 אסם 500 גרם,קריות זול,IT,פסטה ספגטי אסם 500גר,גרמים,500.00,100 גרם,false,,6.90,1.3800,true,1,23421
7290000060903,false,פסטה אסם פתיתים אפויים אורז 500גר,"אסם השקעות בע""\מ",IL,פתיתים אפויים אורז א,גרמים,500.00,100 גרם,false,,7.90,1.5800,true,1,23423
7290000060965,false,פסטה אסם אטריות רחבות 400גר,"אסם השקעות בע""\מ",IL,אטריות רחבות אסם 400,גרמים,400.00,100 גרם,false,,7.90,1.9750,true,1,23426
7290000061061,false,קרקר חיטה עם בצל אסם,"אסם השקעות בע""\מ",IL,קרקר בצל אסם 250גר,גרמים,250.00,100 גרם,false,,11.90,4.7600,true,1,23431
7290000061085,false,"רוטב צילי מתוק 290 מ""ל-בקבוק","אסם השקעות בע""\מ",IL,רוטב צילי מתוק אסם 2,מיליליטרים,290.00,"100 מ""ל",false,,12.90,4.4483,true,1,23433
7290000061245,false,עוגיות שוקוצ'יפס במילוי שוקולד אסם 220 גרם,מיוצר עי קונדיטוריית,IL,עוגיות שוקוציפס ממול,גרמים,220.00,100 גרם,false,,12.70,5.7727,true,1,23437
7290000061450,false,פתיתים אפויים קוסקוס 3 צבעים אסם 500 גרם,"אסם השקעות בע""\מ",IL,פתיתים אפויים קוסקוס,גרמים,500.00,100 גרם,false,,7.90,1.5800,true,1,46905
7290000062952,false,אוסם - מיני קרוטונים למרק ולסלט 250 גרם,עינת תעשיות מזון אגו,IL,מיני קרוטונים למרק ו,גרמים,250.00,100 גרם,false,,16.90,6.7600,true,1,43532
7290000063102,false,קמח עוגה תופח מאליו אסם 350 גרם,"אסם השקעות בע""\מ",IL,קמח תופח אסם 350גר,גרמים,350.00,100 גרם,false,,4.90,1.4000,true,1,23462
7290000063133,false,אסם שקדי מרק רכיבים טבעיים 24*100גרם,"אסם השקעות בע""מ",IL,שקדי מרק בשקית אסם 1,גרמים,100.00,100 גרם,false,,5.70,5.7000,true,1,23463
7290000063140,false,שקדי מרק רכיבים טבעיים בשקית 400 ג' אסם,"אסם תעשיות בע""מ",IL,שקדי מרק רכיבים טבעי,גרמים,400.00,100 גרם,false,,14.90,3.7250,true,1,23464
7290000063157,false,"קמח עוגה תופח מאליו אסם 1 ק""ג","אסם השקעות בע""\מ",IL,קמח תופח מאליו אסם 1,גרמים,1000.00,100 גרם,false,,9.90,0.9900,true,1,23465
7290000064758,false,קוסקוס בינוני אמיתי אסם 350 ג',"מיוצר ע""י קוד יצרן K",IL,קוסקוס בינוני אסם 35,גרמים,350.00,100 גרם,false,,8.50,2.4286,true,1,23476
7290000064871,false,"אוסם - מנה חמה פירה תפו""א עם בצל 56 גרם","אסם תעשיות בע""מ",IL,מנה חמה אסם פירה תפו,גרמים,56.00,100 גרם,false,,6.90,12.3214,true,1,23477
7290000065090,false,מיני קרוטונים מתובלים למרק ולסלט אסם 400 גרם,עינת תעשיות מזון אגו,IL,מיני קורטונים למרק ו,גרמים,400.00,100 גרם,false,,26.90,6.7250,true,1,23479
7290000065335,false,אוסם - מנה חמה פירה עם ירקות 55 גרם,"אסם תעשיות בע""מ",IL,מנה חמה אסם פירה עם,גרמים,55.00,100 גרם,false,,6.90,12.5455,true,1,23480
7290000065540,false,אוסם - מנה חמה פסטה מוקרמת בטעם עוף 55 גרם,"אסם תעשיות בע""מ",IL,מנה חמה אסם פסטה מוק,גרמים,55.00,100 גרם,false,,6.90,12.5455,true,1,23481
7290000065557,false,אוסם - מנה חמה קוסקוס עם ירקות 84 גרם,"אסם תעשיות מזון בע""מ",IL,מנה חמה אסם קוסקוס ע,גרמים,84.00,100 גרם,false,,6.90,8.2143,true,1,23482
7290000065977,false,חטיפי פריכונים תירס שומשום אסם 80 גרם,"פרח תעשיות מזון בע""מ.",IL,חטיפי פריכונים תירס,גרמים,80.00,100 גרם,false,,9.50,11.8750,true,1,51163
7290000066141,false,ביסלי חטיף בטעם גריל אסם 70 גרם,"אסם השקעות בע""\מ",IL,ביסלי בטעם גריל אסם,גרמים,70.00,100 גרם,false,,4.90,7.0000,true,1,23493
7290000066189,false,ביסלי חטיף בטעם פלאפל אסם 200 גרם,"אסם השקעות בע""\מ",IL,ביסלי גדול פלאפל אסם,גרמים,200.00,100 גרם,false,,9.50,4.7500,true,1,23497
7290000066196,false,ביסלי חטיף בטעם גריל אסם 200 גרם,מיוצר עי קונדיטוריית,IL,ביסלי גדול טעם גריל,גרמים,200.00,100 גרם,false,,9.50,4.7500,true,1,23498
7290000066226,false,ביסלי חטיף בטעם פיצה אסם 200 גרם,מיוצר עי קונדיטוריית,IL,ביסלי בטעם פיצה אסם,גרמים,200.00,100 גרם,false,,9.50,4.7500,true,1,23501
7290000066264,false,דובונים חטיף תפוחי אדמה אסם 40 גרם,"אסם השקעות בע""\מ",IL,דובונים אסם 40גר,גרמים,40.00,100 גרם,false,,4.90,12.2500,true,1,23502
7290000066295,false,במבה מתוקה מחומרים טבעיים 30 גרם,מיוצר עי קונדיטוריית,IL,במבה תות מחומרים טבע,גרמים,30.00,100 גרם,false,,3.00,10.0000,true,1,23503
7290000066318,false,במבה חטיף בוטנים אסם 80 גרם,"אסם השקעות בע""\מ",IL,במבה אסם 80 גרם,גרמים,80.00,100 גרם,false,,4.90,6.1250,true,1,23505
7290000066332,false,אפרופו חטיף תירס אסם 50 גרם,מיוצר עי קונדיטוריית,IL,אפרופו אסם 50גר,גרמים,50.00,100 גרם,false,,5.50,11.0000,true,1,23506
7290000066349,false,אפרופו חטיף תירס אסם 100 גרם,מיוצר עי קונדיטוריית,IL,אפרופו אסם 100/200 ג,גרמים,100.00,100 גרם,false,,9.50,9.5000,true,1,23507
7290000066431,false,פופקו חטיף פופקורן בטעם חמאה ודבש אסם 80 גרם,מיוצר עי קונדיטוריית,IL,פופקו חטיף אסם 80גר,גרמים,80.00,100 גרם,false,,5.90,7.3750,true,1,23509
7290000067407,false,פרורית מתובלת בשקית 200 גרם,עינת תעשיות מזון אגו,IL,פירורית מתובל שקית א,גרמים,200.00,100 גרם,false,,6.50,3.2500,true,1,23519
7290000067599,false,מנה חמה ספגטי ברוטב בולונז אסם 65 גרם,"אסם השקעות בע""\מ",IL,מנה חמה אסם ספגטי רו,גרמים,65.00,100 גרם,false,,6.90,10.6154,true,1,23525
7290000068138,false,אינסטנט פודינג בטעם וניל אסם 80 גרם,מיוצר עי קונדיטוריית,IL,פודינג וניל אסם 80גר,גרמים,80.00,100 גרם,false,,5.90,7.3750,true,1,23529
7290000068206,false,ג'לי משמש אסם צבע טבעי 85 ג',מיוצר עי קונדיטוריית,IL,ג'לי משמש אסם 85 גר,גרמים,85.00,100 גרם,false,,6.90,8.1176,true,1,23532
7290000068237,false,אבקה להכנת ג'לי בטעם פטל אסם 85 גרם,מיוצר עי קונדיטוריית,IL,ג'לי פטל אסם 85 גר,גרמים,85.00,100 גרם,false,,6.90,8.1176,true,1,23533
7290000068251,false,אסם ג'לי אננס צבעים טבעיים 85 גרם,מיוצר עי קונדיטוריית,IL,ג'לי אננס אסם 85 גר,גרמים,85.00,100 גרם,false,,6.90,8.1176,true,1,23534
7290000068343,false,אסם פריכונים פרוסות קלויות מלא,"פרח תעשיות מזון בע""מ.",IL,פריכונים מאורז מלא א,גרמים,140.00,100 גרם,false,,8.90,6.3571,true,1,23538
7290000068701,false,אסם שקדי מרק רכיבים טבע.מיכל 400 גרם,"אסם תעשיות בע""מ",IL,שקדי מרק במיכל אסם 4,גרמים,400.00,100 גרם,false,,17.90,4.4750,true,1,23543
7290000069258,false,פסטה פרפקטו פנה ריגאטה 500 ג' אסם,קריות זול,IT,פסטה פרפקטו פנה ריגא,גרמים,500.00,100 גרם,false,,8.50,1.7000,true,1,23546
7290000069364,false,פריכונים מאורז מלא ללא תוספת סוכר אסם 140 גרם,"פרח תעשיות מזון בע""מ.",IL,פריכונים מאורז מלא ל,גרמים,140.00,100 גרם,false,,8.90,6.3571,true,1,23550
7290000070308,false,אבקת מרק עוף אמיתי בשרי אסם 400 גרם,"אסם השקעות בע""\מ",IL,מרק עוף אמיתי אסם 40,גרמים,400.00,100 גרם,false,,18.90,4.7250,true,1,23557
7290000070322,false,אבקת מרק פטריות רכיבים טבעיים אסם 400 גרם,"אסם השקעות בע""\מ",IL,מרק פטריות רכיבים טב,גרמים,400.00,100 גרם,false,,29.90,7.4750,true,1,23559
7290000070353,false,אבקת מרק בצל רכיבים טבעיים אסם 400 גרם,"אסם השקעות בע""\מ",IL,מרק בצל רכיבים טבעיי,גרמים,400.00,100 גרם,false,,29.90,7.4750,true,1,23560
7290000071008,false,אוסם - בייגלה שטוחים מלח 60 גרם,"אסם השקעות בע""\מ",IL,בייגלה שטוחים מלח אס,גרמים,60.00,100 גרם,false,,3.90,6.5000,true,1,52723
7290000072067,false,במבה חטיף בוטנים במילוי קרם חלבה 60 גרם,מיוצר עי קונדיטוריית,IL,במבה במילוי קרם חלבה,גרמים,60.00,100 גרם,false,,4.90,8.1667,true,1,49151
7290000072241,false,"רוטב פיצה 290 מ""ל-בקבוק","אסם השקעות בע""\מ",IL,רוטב פיצה-בקבוק 290מ,מיליליטרים,290.00,"100 מ""ל",false,,12.90,4.4483,true,1,23583
7290000072623,false,קטשופ אסם בקבוק לחיץ 750 גרם,"אסם תעשיות בע""מ",IL,קטשופ אסם 750 גרם,גרמים,750.00,100 גרם,false,,10.90,1.4533,true,1,23585
7290000072630,false,קטשופ אסם חריף 750 גרם-בקבוק,"אסם תעשיות בע""מ",IL,אסם קטשופ חריף 750 ג,גרמים,750.00,100 גרם,false,,12.90,1.7200,true,1,23586
7290000072753,false,קפה נמס מגורען טסטרס צ'ויס 200 גרם-,נסטלה קוריאה - קפה,KR,קפה טייסטרס צ׳ויס נס,גרמים,200.00,100 גרם,false,,29.90,14.9500,true,1,23590
7290000072777,false,קפה נמס מגורען נטול קפאין טסטרס צ'ויס 200 גרם,נסטלה קוריאה - קפה,KR,טסטרס צויס נטול קפאי,גרמים,200.00,100 גרם,false,,39.90,19.9500,true,1,23592
7290000072968,false,דגני בוקר סיני מיניס חיטה מלאה וקינמון נסטלה 500 גרם,נסטלה פולין דגני בוק,PL,סיני מיניס 500 גרם,גרמים,500.00,100 גרם,false,,27.90,5.5800,true,1,23600
7290000073125,false,מנה חמה פסטה ברוטב עגבניות אסם 62 גרם,"אסם השקעות בע""\מ",IL,מנה חמה אסם פסטה עם,גרמים,62.00,100 גרם,false,,6.90,11.1290,true,1,23606
7290000073415,false,אוסם - מנה חמה פסטה ברוטב פיצה 61 גרם,"אסם השקעות בע""\מ",IL,מנה חמה אסם פסטה ברו,גרמים,61.00,100 גרם,false,,6.90,11.3115,true,1,23608
7290000073750,false,מנה חמה נודלס אטר+ירקות טעם עוף 70 גרם,PUB FOODS PRESIDENT THAI,TH,מנה חמה נודלס בטעם ע,גרמים,70.00,100 גרם,false,,6.90,9.8571,true,1,23611
7290000073767,false,מנה חמה נודלס אטר.+ירקות טעם בקר 70 גרם,PUB FOODS PRESIDENT THAI,TH,מנה חמה נודלס בטעם ב,גרמים,70.00,100 גרם,false,,6.90,9.8571,true,1,23612
7290000073774,false,מנה חמה נודלס אטר+ירקות טעם צילי 70 גרם,טאי רזידנט,TH,מנה חמה נודלס בטעם פ,גרמים,70.00,100 גרם,false,,6.90,9.8571,true,1,23613
7290000074153,false,ביסקוויט פתי בר שוקולד אסם 500 גרם,מיוצר עי קונדיטוריית,IL,פתי בר שוקו אסם 500ג,גרמים,500.00,100 גרם,false,,14.90,2.9800,true,1,23617
7290000074184,false,ביסקוויט פתי בר אסם 500 גרם,"אסם השקעות בע""\מ",IL,פתי בר וניל אסם 500ג,גרמים,500.00,100 גרם,false,,12.90,2.5800,true,1,23619
7290000074245,false,אוסם - קרם קרקר אסם 250 גרם,"אסם השקעות בע""\מ",IL,קרם קרקר אסם 250גר,גרמים,250.00,100 גרם,false,,8.90,3.5600,true,1,23620
7290000074252,false,קרקר שומשון אסם 250 גרם,"אסם השקעות בע""\מ",IL,קרקר שומשום אסם 250ג,גרמים,250.00,100 גרם,false,,9.90,3.9600,true,1,23621
7290000074276,false,קרקר פיקנטי טבעון 250 ג' אסם,"אסם השקעות בע""\מ",IL,קרקר פיקנטי טבעון אס,גרמים,250.00,100 גרם,false,,11.90,4.7600,true,1,23622
7290000074375,false,אוסם - קרקר זהב 150 גרם,"אסם השקעות בע""\מ",IL,קרקר זהב אסם 150 גרם,גרמים,150.00,100 גרם,false,,7.90,5.2667,true,1,23627
7290000074696,false,אסם קרם קרקר 4*1קג ח,"אסם השקעות בע""\מ",IL,קרם קרקר אסם 1 ק״ג,גרמים,1000.00,100 גרם,false,,29.90,2.9900,true,1,23629
7290000074764,false,קרקר הזהב אסם 900 גרם,"אסם השקעות בע""\מ",IL,קרקר זהב אסם 900גר,גרמים,900.00,100 גרם,false,,29.90,3.3222,true,1,23633
7290000075204,false,אוסם - לחמית חיטה מלאה 250 גרם,"אסם השקעות בע""\מ",IL,לחמית חיטה מלאה אסם,גרמים,250.00,100 גרם,false,,9.90,3.9600,true,1,23639
7290000076126,false,אוסם - בייגלה שמיניות קטנות 80 גרם,"אסם השקעות בע""\מ",IL,בייגלה שמיניות קטנות,גרמים,80.00,100 גרם,false,,3.90,4.8750,true,1,23643
7290000076133,false,בייגלה שמיניות קטנות עם מלח אסם 400 גרם,"אסם השקעות בע""\מ",IL,בייגלה שמיניות קטנות,גרמים,400.00,100 גרם,false,,11.90,2.9750,true,1,23644
7290000076645,false,טוסטעים פת קלויה חיטה מלאה אסם 100 גרם,ון דר מולן האלום,NL,טוסטעים חיטה מלאה אס,גרמים,100.00,100 גרם,false,,10.90,10.9000,true,1,49918
7290000077017,false,עוגיות קרמוגית במילוי קרם שוקולד אסם 200 גרם,מיוצר עי קונדיטוריית,IL,קרמוגית במילוי שוקול,גרמים,200.00,100 גרם,false,,12.70,6.3500,true,1,23654
7290000077253,false,אוסם - לחמית כפרית עם דגנים מלאים 190 גרם,"אסם השקעות בע""\מ",IL,לחמית כפרית עם דגנים,גרמים,190.00,100 גרם,false,,11.90,6.2632,true,1,51029
7290000078212,false,קרוטונים מתובלים למרק אסם 250 גרם,עינת תעשיות מזון אגו,IL,קרוטונים מתובלים אסם,גרמים,250.00,100 גרם,false,,16.90,6.7600,true,1,23662
7290000078762,false,אוסם - חטיפי פריכונים מאורז מלא בטעם דבש 80גר,סנורייס בלגיום אן. ו,GB,חטיפי פריכונים מאורז,גרמים,80.00,100 גרם,false,,9.50,11.8750,true,1,23665
7290000079233,false,קרם קרקר דיאטטי דל נתרן 250 גרם,"אסם תעשיות בע""מ",IL,קרם דל נתרן אסם 250ג,גרמים,250.00,100 גרם,false,,11.90,4.7600,true,1,23668
7290000080406,false,אסאדו עע,,,אסאדו עע,קילוגרמים,1.00,"ק""ג",true,,69.90,69.9000,true,1,41996
7290000080420,false,צלי כתף עגל,,,צלי כתף עגל,קילוגרמים,1.00,"ק""ג",true,,89.90,89.9000,true,1,42002
7290000080765,false,טוסטעים פת קלויה עם שומשום אסם 100 גרם,ון דר מולן האלום,NL,טוסטעים פת קלוי עם ש,גרמים,100.00,100 גרם,false,,10.90,10.9000,true,1,23676
7290000081663,false,"בייגלה טבעות שומשום אסם 300 גרם בד""ץ",מיוצר עי קונדיטוריית,IL,בייגלה טבעות שומשום,גרמים,300.00,100 גרם,false,,11.90,3.9667,true,1,23681
7290000100135,false,פירות קפואים סנפרוסט דובדבן 300 גר,"סנפרוסט בע""מ",IL,דובדבן מתוק קפוא 300,גרמים,300.00,100 גרם,false,,16.90,5.6333,true,1,98043
7290000100609,false,קוביות אנטיפסטי להקפצה סנפרוסט 600 גרם,"סנפרוסט בע""\מ",IL,קוביות אנטי פסטי להק,גרמים,600.00,100 גרם,false,,23.90,3.9833,true,1,112774
7290000101132,false,לקט קטניות לחמין סנפרוסט 800 גר,"סנפרוסט בע""\מ",IL,לקט קטניות לחמין סנפ,גרמים,800.00,100 גרם,false,,21.90,2.7375,true,1,89461
7290000101927,false,אוכמניות כחולות מוקפאות סנפרוסט 300 גרם,"איי, בי, אינבוו",IL,אוכמניות כחולות מוקפ,גרמים,300.00,100 גרם,false,,16.90,5.6333,true,1,98035
7290000101941,false,אננס חתוך מוקפא סנפרוסט 300ג',"סנפרוסט בע""\מ",IL,אננס חתוך מוקפא 300ג,גרמים,300.00,100 גרם,false,,16.90,5.6333,true,1,98039
7290000103365,false,מרק ירקות עשיר סנפרוסט 550 גרם,"איי, בי, אינבוו",IL,מרק ירקות קפוא סנפרו,גרמים,550.00,100 גרם,false,,18.90,3.4364,true,1,65591
7290000103488,false,"ארטישוק ירושלמי 400 גרם ""סנפרוסט""","סנפרוסט בע""\מ",IL,ארטישוק ירושלמי סנפר,גרמים,400.00,100 גרם,false,,23.90,5.9750,true,1,99504
7290000103815,false,לקט להקפצה בסגנון תאילנדי סנפרוסט 800 גרם,"סנפרוסט בע""\מ",IL,לקט להקפצה תאילנדי ס,גרמים,800.00,100 גרם,false,,23.90,2.9875,true,1,56942
7290000103839,false,מרק כתום עשיר בירקות סנפרוסט 570 גרם,"סנפרוסט בע""\מ",IL,מרק כתום קפוא סנפרוס,גרמים,570.00,100 גרם,false,,18.90,3.3158,true,1,57305
7290000103846,false,מרק אפונה עשיר בירקות סנפרוסט 570 גרם,"סנפרוסט בע""\מ",IL,מרק אפונה קפוא סנפרו,גרמים,570.00,100 גרם,false,,18.50,3.2456,true,1,57306
7290000103860,false,מרק עדשים עשיר בירקות סנפרוסט 570 גרם,"איי, בי, אינבוו",IL,מרק עדשים קפוא סנפרו,גרמים,570.00,100 גרם,false,,18.90,3.3158,true,1,57303
7290000103877,false,מרק שעועית עשיר בירקות סנפרוסט 640 גרם,"סנפרוסט בע""\מ",IL,מרק שעועית קפוא סנפר,גרמים,640.00,100 גרם,false,,18.90,2.9531,true,1,57304
7290000104072,false,עדשים ירוקות מבושלות מוקפאות 800 ג' סנפרוסט,"איי, בי, אינבוו",IL,עדשים ירוקות מבושלות,גרמים,800.00,100 גרם,false,,21.90,2.7375,true,1,56100
7290000104188,false,שעועית אדומה מבושלת סנפרוסט 800 גרם,"סנפרוסט בע""\מ",IL,שעועית אדומה מבושלת,גרמים,800.00,100 גרם,false,,21.90,2.7375,true,1,49567
7290000104201,false,אפונה עדינה סנפרוסט 600 גרם,"איי, בי, אינבוו",IL,אפונה עדינה סנפרוסט,גרמים,600.00,100 גרם,false,,19.90,3.3167,true,1,29095
7290000104218,false,סנפרוסט במיה 600 גרם,"איי, בי, אינבוו",IL,במיה סנפרוסט 600גר,גרמים,600.00,100 גרם,false,,17.90,2.9833,true,1,29096
7290000104225,false,בצל קצוץ סנפרוסט 600 גרם,"סנפרוסט בע""\מ",IL,בצל קצוץ סנפרוסט 600,גרמים,600.00,100 גרם,false,,18.90,3.1500,true,1,29097
7290000104676,false,אפונה קפואה סנפרוסט 800 גרם,"איי, בי, אינבוו",IL,אפונה גינה סנפרוסט 8,גרמים,800.00,100 גרם,false,,17.90,2.2375,true,1,29000
7290000104683,false,שעועית ירוקה שלמה סנפרוסט 800 גרם,"סנפרוסט בע""\מ",IL,שעועית שלמה ירוקה סנ,גרמים,800.00,100 גרם,false,,21.90,2.7375,true,1,29001
7290000104690,false,תירס גרעינים 800 גרם סנפרוסט,"איי, בי, אינבוו",IL,גרעיני תירס סנפרוסט,גרמים,800.00,100 גרם,false,,18.90,2.3625,true,1,29002
7290000104706,false,גזר גמדי סנפרוסט 800 גרם,"סנפרוסט בע""\מ",IL,גזר גמדי סנפרוסט 800,גרמים,800.00,100 גרם,false,,18.90,2.3625,true,1,29101
7290000104713,false,פול ירוק סנפרוסט 800 גרם,"איי, בי, אינבוו",IL,פול ירוק סנפרוסט 800,גרמים,800.00,100 גרם,false,,27.90,3.4875,true,1,29003
7290000104720,false,שעועית ירוקה חתוכה סנפרוסט 800 גרם,"סנפרוסט בע""\מ",IL,שעועית ירוקה חתוכה ס,גרמים,800.00,100 גרם,false,,19.90,2.4875,true,1,29004
7290000104744,false,כרובית סנפרוסט 800 גרם,"סנפרוסט בע""\מ",IL,כרובית סנפרוסט 800גר,גרמים,800.00,100 גרם,false,,25.90,3.2375,true,1,29005
7290000104751,false,"כרוב ניצנים 800 גרם ""סנפרוסט""","איי, בי, אינבוו",IL,כרוב ניצנים סנפרוסט,גרמים,800.00,100 גרם,false,,25.90,3.2375,true,1,29103
7290000104768,false,תרד עלים סנפרוסט 800 ג ',"איי, בי, אינבוו",IL,תרד עלים סנפרוסט 800,גרמים,800.00,100 גרם,false,,27.90,3.4875,true,1,29006
7290000104775,false,תרד מדליונים סנפרוסט 800 גרם,"איי, בי, אינבוו",IL,תרד מדליונים סנפרוסט,גרמים,800.00,100 גרם,false,,27.90,3.4875,true,1,29104
7290000104799,false,שעועית לבנה מבושלת סנפרוסט 800 גרם,"איי, בי, אינבוו",IL,שעועית לבנה מבושלת ס,גרמים,800.00,100 גרם,false,,21.90,2.7375,true,1,20577
7290000104805,false,גרגירי חומוס מבושלים סנפרוסט 800 גרם,"איי, בי, אינבוו",IL,גרגירי חומוס קפוא סנ,גרמים,800.00,100 גרם,false,,21.90,2.7375,true,1,29007
7290000104829,false,קלחי תירס חתוכים סנפרוסט 1 קילו,"סנפרוסט בע""\מ",IL,קלחוני תירס סנפרוסט,גרמים,1000.00,100 גרם,false,,21.90,2.1900,true,1,20422
7290000104836,false,שעועית ירוקה עדינה שלמה סנפרוסט 600 גרם,"סנפרוסט בע""\מ",IL,שעועית עדינה שלמה סנ,גרמים,600.00,100 גרם,false,,24.90,4.1500,true,1,29105
7290000104904,false,לקט ירקות מעורבים סנפרוסט 800 גרם,"איי, בי, אינבוו",IL,לקט ירקות מעורבים סנ,גרמים,800.00,100 גרם,false,,23.90,2.9875,true,1,29012
7290000106526,false,ירקות מעורבים מוקפאים חגיגה ירוקה להקפצה,"איי, בי, אינבוו",IL,חגיגה ירוקה להקפצה ס,גרמים,800.00,100 גרם,false,,23.90,2.9875,true,1,102687
7290000107165,false,חטיף סויה אדממה סנפרוסט 400 גרם,"איי, בי, אינבוו",IL,פולי סויה קפוא סנפרו,גרמים,400.00,100 גרם,false,,14.90,3.7250,true,1,29108
7290000107189,false,תחתיות ארטישוק סנפרוסט 400 גרם,"איי, בי, אינבוו",IL,תחתיות ארטישוק 400גר,גרמים,400.00,100 גרם,false,,23.90,5.9750,true,1,29019
7290000107295,false,תפרחות ברוקולי סנפרוסט 800 גרם,"איי, בי, אינבוו",IL,תפרחות ברוקולי סנפרו,גרמים,800.00,100 גרם,false,,26.90,3.3625,true,1,29021
7290000107615,false,ירקות ואננס להקפצה מנה אסייתית צבעונית ועשירה,"איי, בי, אינבוו",IL,מנה אסייתית צבעונית,גרמים,800.00,100 גרם,false,,23.90,2.9875,true,1,102688
7290000112220,false,טחינה גולמית שומשום טהור בארכה 500 גרם,"רושדי תעשיות מזון בע""\מ",IL,טחינה 100% שומשום בא,גרמים,500.00,100 גרם,false,,15.90,3.1800,true,1,25324
7290000112503,false,מרק עשיר ירקות קנור 69 גרם - שקיות,יוניליוור ישראל מזון בע\,IL,מרק עשיר ירקות קנור,גרמים,61.00,100 גרם,false,,10.90,17.8689,true,1,26294
7290000112619,false,מרק עוף לתיבול והעשרה קנור 400 ג',יוניליוור ישראל מזון בע\,IL,אבקת מרק עוף אמיתי ב,גרמים,400.00,100 גרם,false,,23.90,5.9750,true,1,26298
7290000116204,false,"אבקת מרק דגש בטעם עוף 1ק""ג קנור",יוניליוור ישראל מזון בע\,IL,מרק דגש זך בטעם עוף,גרמים,1000.00,100 גרם,false,,18.90,1.8900,true,1,26350
7290000116884,false,"רוטב ברביקיו קנור 300 גרם בד""צ",יוניליוור ישראל מזון בע\,IL,רוטב ברביקיו קנור 30,מיליליטרים,300.00,"100 מ""ל",false,,14.90,4.9667,true,1,26357
7290000131009,false,דפי בצק פילו דקיקים שחף 500 גרם,מאפיית אריאל,IL,בצק פילו שחף 500גר,גרמים,500.00,100 גרם,false,,16.90,3.3800,true,1,34765
7290000131023,false,"בצק עלים מרודד שחף 1 ק""ג",שחף,IL,בצק עלים שחף 1קג,גרמים,1000.00,100 גרם,false,,15.90,1.5900,true,1,19830
7290000133645,false,שלישיית משחת שיניים סודה אורביטול 145 גרם,טרופיקל דגיל תעשיות קוסמ,IL,אורביטול משחת שיניים,גרמים,435.00,100 גרם,false,,19.90,4.5747,true,1,25616
7290000134023,false,חזה הודו טרי ארוז,,,חזה הודו טרי ארוז,קילוגרמים,1.00,"ק""ג",true,,35.90,35.9000,true,1,138152
7290000134147,false,טעם וריח מוסקט טחון מיכל 40גר,"תבליני טעם וריח בע""מ",IL,מוסקט טחון 40גר,גרמים,40.00,100 גרם,false,,14.90,37.2500,true,1,51949
7290000134307,false,קינמון טחון 50 גרם טעם וריח,"תבליני טעם וריח בע""מ",IL,קינמון טחון 50גר,גרמים,50.00,100 גרם,false,,5.90,11.8000,true,1,51984
7290000134314,false,פיצה תערובת תיבול 120 גרם מיכל גדול,"תבליני טעם וריח בע""מ",IL,תיבול לפיצה 120גר,גרמים,120.00,100 גרם,false,,10.90,9.0833,true,1,52006
7290000134338,false,אבקת שום בקופ' 90 גר' טעם וריח,"תבליני טעם וריח בע""מ",IL,אבקת שום 90גר,גרמים,90.00,100 גרם,false,,12.90,14.3333,true,1,51995
7290000134352,false,קינמון טחון בקופ' 90 גר' טעם וריח,"תבליני טעם וריח בע""מ",IL,קימנון טחון 80 גר,גרמים,80.00,100 גרם,false,,10.90,13.6250,true,1,51997
7290000134376,false,פפריקה בשמן בקופ' 90 גר' טעם וריח,"תבליני טעם וריח בע""מ",IL,פפריקה בשמן 100גר,גרמים,100.00,100 גרם,false,,10.90,10.9000,true,1,51998
7290000134550,false,עלי דפנה 20 גר' טעם וריח,"תבליני טעם וריח בע""מ",IL,עלי דפנה 20גר,גרמים,20.00,100 גרם,false,,4.90,24.5000,true,1,51988
7290000134666,false,רוזמרין 15 גר מיכל ק,תות ממתקי איכות,IL,רוזמרין 15גר,גרמים,15.00,100 גרם,false,,6.90,46.0000,true,1,51954
7290000134673,false,זנגויל טחון מיכל 30 גרם,"תבליני טעם וריח בע""מ",IL,זנגביל 30גר,גרמים,30.00,100 גרם,false,,6.90,23.0000,true,1,51943
7290000134758,false,"תיבול לתפו""א בקופ' 100 גר' טעם וריח","תבליני טעם וריח בע""מ",IL,"תיבול לתפו""א 100גר",גרמים,100.00,100 גרם,false,,10.90,10.9000,true,1,52009
7290000134826,false,זעתר מעורב בקופ' 100 גר' טעם וריח,"תבליני טעם וריח בע""מ",IL,זעתר מעורב במיכל 100,גרמים,100.00,100 גרם,false,,10.90,10.9000,true,1,51991
7290000134833,false,כמון טחון בקופ' 100 גר' טעם וריח,"תבליני טעם וריח בע""מ",IL,כמון טחון במיכל 100ג,גרמים,100.00,100 גרם,false,,10.90,10.9000,true,1,51999
7290000134840,false,כורכום טחון בקופ' 100 גר' טעם וריח,"תבליני טעם וריח בע""מ",IL,כורכום במיכל 100גר,גרמים,100.00,100 גרם,false,,10.90,10.9000,true,1,51992
7290000134857,false,פפריקה מתוקה בקופ' 100 גר' טעם וריח,"תבליני טעם וריח בע""מ",IL,פפריקה מתוקה במיכל 1,גרמים,100.00,100 גרם,false,,10.90,10.9000,true,1,52000
7290000134864,false,פפריקה חריפה בקופ' 100 גר' טעם וריח,"תבליני טעם וריח בע""\מ",IL,פפריקה חריפה במיכל 1,גרמים,100.00,100 גרם,false,,10.90,10.9000,true,1,52001
7290000134871,false,פלפל שחור טחון בקופ' 100 גר' טעם וריח,"תבליני טעם וריח בע""מ",IL,פלפל שחור טחון 100גר,גרמים,100.00,100 גרם,false,,15.90,15.9000,true,1,52002
7290000134970,false,חוואיג' בקופ' 100 גר' טעם וריח,"תבליני טעם וריח בע""מ",IL,חוואייג 100גר,גרמים,100.00,100 גרם,false,,10.90,10.9000,true,1,51994
7290000134987,false,פלפל שחור גרוס בקופ' 90 גר' טעם וריח,"תבליני טעם וריח בע""מ",IL,פלפל שחור גרוס 90גר,גרמים,90.00,100 גרם,false,,15.90,17.6667,true,1,52003
7290000134994,false,טימין 20 גר מיכל קטן,"תבליני טעם וריח בע""מ",IL,טימין 20גר,גרמים,20.00,100 גרם,false,,6.90,34.5000,true,1,41387
7290000135113,false,"משקה אנרגיה XL פחית ten נענע ליים 250 מ""ל","טמפו משקאות בע""\מ",IL,אקסל פחית טן ליים 25,מיליליטרים,250.00,"100 מ""ל",false,,5.00,2.0000,true,1,112740
7290000135311,false,פפסי קולה ליים 1.5 ללא סוכר,"טמפו משקאות בע""\מ",IL,פפסי מקס ליים 1.5ליט,מיליליטרים,1500.00,"100 מ""ל",false,,7.90,0.5267,true,1,120468
7290000135595,false,פפסי מקס בטעם דובדבן 1.5 ללא סוכר,"טמפו משקאות בע""\מ",IL,פפסי מקס בטעם דובדבן,מיליליטרים,1500.00,"100 מ""ל",false,,7.90,0.5267,true,1,140421
7290000136141,false,משקה בטעם קולה 1.5ל' פפסי,"טמפו משקאות בע""\מ",IL,פפסי 1.5 ליטר,מיליליטרים,1500.00,"100 מ""ל",false,,7.90,0.5267,true,1,138259
7290000136158,false,פפסי מקס 1.5 ליטר פיקדון,"טמפו משקאות בע""\מ",IL,פפסי מקס 1.5 ליטר,מיליליטרים,1500.00,"100 מ""ל",false,,7.90,0.5267,true,1,138260
7290000136165,false,משקה מירינדה 1.5ליטר,"טמפו משקאות בע""\מ",IL,טמפו מירינדה 1.5 ליט,מיליליטרים,1500.00,"100 מ""ל",false,,7.90,0.5267,true,1,138257
7290000136172,false,סבן אפ בקבוק 1.5 ליט,"טמפו משקאות בע""\מ",IL,סבן אפ 1.5 ליטר,מיליליטרים,1500.00,"100 מ""ל",false,,7.90,0.5267,true,1,138261
7290000136240,false,סודה 1.5 ליטר שישייה בודד,"טמפו משקאות בע""\מ",IL,סודה טמפו 1.5ליטר,מיליליטרים,1500.00,"100 מ""ל",false,,4.00,0.2667,true,1,138254
7290000136257,false,פאנק טוניק גזוז בטעם פירות,"טמפו משקאות בע""\מ",IL,ראש&טוניק טמפו 1.5לי,מיליליטרים,1500.00,"100 מ""ל",false,,13.00,0.8667,true,1,138247
7290000136288,false,"סירופ בטעם תפוחים ג'ויסר סיידר הגליל 330 מ""ל","טמפו משקאות בע""\מ",IL,סירופ בטעם תפוחים ג',מיליליטרים,330.00,"100 מ""ל",false,,17.90,5.4242,true,1,141203
7290000136301,false,"סירופ בטעם ענבים ג'ויסר סיידר הגליל 330 מ""ל","טמפו משקאות בע""\מ",IL,סירופ בטעם ענבים ג'ו,מיליליטרים,330.00,"100 מ""ל",false,,17.90,5.4242,true,1,141205
7290000136431,false,משקה בטעם אפרסק צלול תריסר 1.5 ל' ג'אמפ,"טמפו משקאות בע""\מ",IL,גאמפ אפרסק צלול 1.5ל,מיליליטרים,1500.00,"100 מ""ל",false,,8.90,0.5933,true,1,138255
7290000136455,false,משקה בטעם אשכוליות תריסר 1.5 ל' ג'אמפ,"טמפו משקאות בע""\ם.",IL,גאמפ אשכוליות 1.5ליט,מיליליטרים,1500.00,"100 מ""ל",false,,8.90,0.5933,true,1,138249
7290000136516,false,משקה בטעם מנגו פסיפלורה תריסר 1.5 ל' ג'אמפ,טמפו משקאות בעמ,IL,גאמפ מנגו פסיפלורה 1,מיליליטרים,1500.00,"100 מ""ל",false,,8.90,0.5933,true,1,138248
7290000136561,false,משקה בטעם תות בננה תריסר 1.5 ל' ג'אמפ,"טמפו משקאות בע""\מ",IL,גאמפ תות בננה 1.5 לי,מיליליטרים,1500.00,"100 מ""ל",false,,8.90,0.5933,true,1,138251
7290000136585,false,משקה בטעם תפוזים תריסר 1.5 ל' ג'אמפ,"טמפו משקאות בע""\ם.",IL,גאמפ תפוזים 1.5 ליטר,מיליליטרים,1500.00,"100 מ""ל",false,,8.90,0.5933,true,1,138252
7290000136646,false,בירה נשר מאלט ללא אלכוהול 1.5 ליטר,"טמפו משקאות בע""\מ",IL,נשר מאלט 1.5ליטר תרי,מיליליטרים,1500.00,"100 מ""ל",false,,11.90,0.7933,true,1,138244
7290000136653,false,דיאט נשר מאלט ללא אלכוהול 1.5 ליטר,"טמפו משקאות בע""\מ",IL,נשר מאלט דיאט 1.5ליט,מיליליטרים,1500.00,"100 מ""ל",false,,11.90,0.7933,true,1,138245
7290000136677,false,פפסי קולה פיקדון 1.5 ליטר,טמפו,IL,פפסי 1.5 ליטר,מיליליטרים,1500.00,"100 מ""ל",false,,7.90,0.5267,true,1,138873
7290000136684,false,פפסי מקס משקה מוגז דל קלוריות בטעם קולה,טמפו,IL,פפסי מקס 1.5 ליטר,מיליליטרים,1500.00,"100 מ""ל",false,,7.90,0.5267,true,1,138686
7290000136691,false,מארז שישייה סבן אפ 1.5 ל',סבן אפ 7up,IL,סבן אפ 6*1.5ליטר,מיליליטרים,9000.00,"100 מ""ל",false,,37.90,0.4211,true,1,138238
7290000136752,false,סבן אפ דיאט מארז שישייה 1.5 ל' FREE,"טמפו משקאות בע""\מ",IL,דיאט סבן אפ פרי 6*1.,מיליליטרים,9000.00,"100 מ""ל",false,,37.90,0.4211,true,1,138239
7290000136769,false,מארז שישיה בטעם קולה 1.5 ל' פפסי,"טמפו משקאות בע""\מ",IL,פפסי 6*1.5ליטר,מיליליטרים,9000.00,"100 מ""ל",false,,37.90,0.4211,true,1,138241
7290000136776,false,שישיית פפסי מקס דל קלוריות 1.5 ליטר,פפסי Pepsi,IL,פפסי מקס 6*1.5ליטר,מיליליטרים,9000.00,"100 מ""ל",false,,37.90,0.4211,true,1,138242
7290000136790,false,שישיית מי סודה טמפו 1.5 ליטר,"טמפו משקאות בע""\מ",IL,סודה טמפו 6* 1.5 ליט,מיליליטרים,9000.00,"100 מ""ל",false,,18.90,0.2100,true,1,138231
7290000136806,false,מארז סודה רביעייה לימון ליים 1.5 ל' טמפו,טמפו משקאות בעמ,IL,סודה לימון ליים טמפו,מיליליטרים,6000.00,"100 מ""ל",false,,12.90,0.2150,true,1,138234
7290000136837,false,רביעיית מי סודה נגיעות אפרסק טמפו 1.5 ליטר,טמפו משקאות בע''מn\,IL,סודה בנגיעות אפרסק ט,מיליליטרים,6000.00,"100 מ""ל",false,,12.90,0.2150,true,1,138237
7290000136844,false,מארז מים מזוככים אקווה נובה שישיית 2 ליטר,"טמפו משקאות בע""\מ",IL,מי אקווה נובה 2 ליטר,מיליליטרים,12000.00,"100 מ""ל",false,,13.90,0.1158,true,1,138230
7290000136851,false,סבן אפ פיקדון 1.5 ליטר,טמפו,IL,סבן אפ 1.5 ליטר,מיליליטרים,1500.00,"100 מ""ל",false,,7.90,0.5267,true,1,139598
7290000136868,false,סאן בנדטו - מים מינרלים - מארז שישיית 1.5 ליטר,אקווה מינרלה סאן בנדטו ב,IT,מים סאן בנדטו 6* 1.5,מיליליטרים,9000.00,"100 מ""ל",false,,21.90,0.2433,true,1,138232
7290000136875,false,שישיית מים מינרליים מוגזים סן בנדטו 1.5 ליטר,סאן בנדטו San Benedetto,IT,מים סאן בנדטו מוגז 6,מיליליטרים,9000.00,"100 מ""ל",false,,23.90,0.2656,true,1,138233
7290000136936,false,סבן אפ דיאט בקבוק 1.,טמפו,IL,סבן אפ 1.5 ליטר דיאט,מיליליטרים,1500.00,"100 מ""ל",false,,7.90,0.5267,true,1,139197
7290000139104,false,שלווה חיטה תפוחה מתוקה אשבול 230 גרם,"אשב""ל בע""מ",IL,שלווה 230גר,גרמים,230.00,100 גרם,false,,9.90,4.3043,true,1,49032
7290000139227,false,דגן לבן משפחתי 150 גר' אשבול,אשבל מזון פונקציונלי,IL,דגן לבן 150 גרם,גרמים,150.00,100 גרם,false,,9.90,6.6000,true,1,49034
7290000139609,false,שלווה פיצפוצי אורז רגיל מתוק אשבול 375 גרם,אשבול,IL,פצפוצי אורז טבעי 450,גרמים,450.00,100 גרם,false,,13.90,3.0889,true,1,49048
7290000139623,false,פיצפוצי אורז לייט 375 גר' אשבול,אשבול,IL,פצפוצי אורז לייט 375,גרמים,375.00,100 גרם,false,,13.90,3.7067,true,1,49050
7290000144160,false,"שמן זית כתית מעולה ארומתי עץ הזית 750 מ""ל","מרקאולאו, ספרד.אבסה,",IT,שמן זית כתית מעולה א,מיליליטרים,750.00,"100 מ""ל",false,,34.90,4.6533,true,1,50923
7290000146669,false,הוואי - סבון מוצק שמיים כחולים 100 גרם רביעייה,טרופיקל דגיל קוסמטיק,IL,הוואי סבון מוצק שמיי,גרמים,400.00,100 גרם,false,,11.90,2.9750,true,1,30092
7290000146683,false,הוואי - סבון מוצק אפקט דאודורנט 100 גרם רביעייה,טרופיקל דגיל קוסמטיק,PL,הוואי סבון מוצק אפקט,גרמים,400.00,100 גרם,false,,11.90,2.9750,true,1,30094
7290000146997,false,משחת שיניים לילדים מסטיק טום וג'רי 50 מל,טרופיקל דגיל קוסמטיק,IL,טום וגרי משחת שיניים,מיליליטרים,50.00,"100 מ""ל",false,,10.90,21.8000,true,1,30105
7290000149851,false,סבון לניקוי והסרת כתמים סינטבון 460 גרם,יבואן ומשווק: ש. שסט,IL,סינטבון כפול 460גר,גרמים,460.00,100 גרם,false,,14.90,3.2391,true,1,20647
7290000149905,false,טקסטיל נוזל לכביסה עדינה נקה 1 ליטר,מיוצר עי קונדיטוריית,IL,טקסטיל שמפו 1ליטר,מיליליטרים,1000.00,"100 מ""ל",false,,14.90,1.4900,true,1,20648
7290000149943,false,"טקסטיל אבקת כביסה ביד נקה 1 ק""ג",קריות זול,IL,טקסטיל שמפו שקית 1קג,גרמים,1000.00,100 גרם,false,,14.90,1.4900,true,1,20649
7290000150468,false,פסטרמה רומנית הודו א,עיצובים 2020 (4.9),IL,פסטרמה רומנית עוף -ט,קילוגרמים,1.00,"ק""ג",true,,89.00,89.0000,true,1,72507
7290000152288,false,עוף טוב נקניקיות עוף מיס לוסי 400 גרם,מוצרי עוף טוב (2001) בע\,IL,נקניקיות עוף עוף טוב,גרמים,400.00,100 גרם,false,,15.60,3.9000,true,1,72524
7290000152943,false,מארז פסטרמה כפרית וסלמי כפרי עוף טוב 2*350 גרם,מוצרי עוף טוב (2001) בע\,IL,סלמי+פסטרמה עוף טוב,גרמים,700.00,100 גרם,false,,30.90,4.4143,true,1,72520
7290000174723,false,שוקולית אבקה להכנת משקה שוקו 500 גרם,הנסיך- מפעל לייצור ט,IL,שוקולית אבקת שוקו על,גרמים,500.00,100 גרם,false,,12.90,2.5800,true,1,27177
7290000176062,false,קפה טורקי בצלופן 100 גרם,שטראוס קפה בי.ויn\.,IL,קפה טורקי עלית 100 ג,גרמים,100.00,100 גרם,false,,8.50,8.5000,true,1,30346
7290000176079,false,קפה עלית טורקי עם הל 100 גרם,הנסיך- מפעל לייצור ט,IL,קפה טורקי עם הל עלית,גרמים,100.00,100 גרם,false,,9.90,9.9000,true,1,30347
7290000176413,false,קפה נמס אבקתי 50 ג' עלית,הנסיך- מפעל לייצור ט,IL,קפה נמס עלית 50 גרם,גרמים,50.00,100 גרם,false,,9.80,19.6000,true,1,30349
7290000176420,false,קפה נמס פחית עלית 200 גרם,שטראוס קפה בי.וי,IL,קפה נמס עלית 200 גרם,גרמים,200.00,100 גרם,false,,19.90,9.9500,true,1,27187
7290000176468,false,קפה נמס נטול קפאין 50 ג' קפה האג,"איי, בי, אינבוו",IL,האג קפה נטול קפאין 5,גרמים,50.00,100 גרם,false,,11.90,23.8000,true,1,27188
7290000178707,false,תפוצ'יפס בטעם טבעי 50 גרם,"שטראוס פריטו ליי בע""\מ )",IL,תפוציפס טבעי 50גר,גרמים,50.00,100 גרם,false,,4.20,8.4000,true,1,27040
7290000178721,false,תפוצ'יפס בטעם טבעי 200 גרם,"שטראוס פריטו ליי בע""\מ )",IL,תפוציפס טבעי 200גר,גרמים,200.00,100 גרם,false,,11.70,5.8500,true,1,27042
7290000185330,false,סילאן טבעי תמר כנרת 900 גר,טעמי הגליל,IL,סילאן טבעי 900 גרם,גרמים,900.00,100 גרם,false,,23.90,2.6556,true,1,141181
7290000185590,false,סילאן טבעי בבקבוק לחיץ 650 גרם,"טעמי הגליל בע""\מ עבור וי",IL,סילאן טבעי בבקבוק לח,גרמים,650.00,100 גרם,false,,19.90,3.0615,true,1,141174
7290000186535,false,נייר טואלט תלת שכבתי לבן לילי 32 יחידות,לילי נייר טואלט חוגלה,IL,לילי טריו לבן נייר ט,יחידה,0.00,יחידה,false,,49.90,0.0000,true,1,71836
7290000187952,false,נייר טואלט תלת שכבתי ורוד לילי 32 יחידות,לילי נייר טואלט חוגלה,IL,לילי טריו נייר טאולט,יחידה,0.00,יחידה,false,,49.90,0.0000,true,1,44495
7290000188553,false,קוטקס מגן תחתון יאנג ביג 60 יחידות,קימברלי קלארק,CN,קוטקס נורמל מגני תחת,יח',60.00,יח',false,,19.90,0.3317,true,1,52462
7290000189192,false,סופר מטלית מטליות נייר רב פעמיות ניקול 64 יחידות,קימברלי קלארק,IL,סופר מגבת רב פעמית נ,100 יח',11.00,100 יח',false,,22.90,208.1818,true,1,23140
7290000189215,false,מטלית הקסם לרצפה ניקול,חוגלה קימברלי,CN,מטלית הקסם לרצפה ניק,יחידה,0.00,יחידה,false,,13.90,0.0000,true,1,23142
7290000189277,false,תבניות מלבניות עבות וחזקות ניקול 3 יחידות,ניקול,CN,תבנית מלבנית גדולה ח,יחידה,0.00,יחידה,false,,11.90,0.0000,true,1,92292
7290000189550,false,"שקיות אשפה ענקיות עם שרוך 78 * 90 ס""מ ניקול 2 * 10 יחידות",חוגלה קימברלי,IL,אשפתון זוג ענק 20 מת,יח',20.00,יח',false,,25.90,1.2950,true,1,23143
7290000189598,false,מטליות לחות חד פעמיות לניקוי כללי 50 יח' ניקול,עלבד משואות יצחק בעמ,IL,מטליות לחות לניקוי כ,יח',50.00,יח',false,,10.90,0.2180,true,1,47765
7290000189871,false,"שקיות אשפה עם שרוך 52 * 65 ס""מ ניקול 55 שקיות",חוגלה קימברלי,IL,אשפתון 60 שקיות מתכל,יח',60.00,יח',false,,25.90,0.4317,true,1,48881
7290000190136,false,חלה מתוקה ברמן,,,חלה מתוקה ברמן,גרמים,500.00,100 גרם,false,,8.90,1.7800,true,1,47090
7290000190150,false,מפיות מודפסות תלת שכבתיות ניקול 20 יחידות,חוגלה קימברלי,SI,מפיות מודפסות 3 שכבו,גרמים,102.00,100 גרם,false,,7.90,7.7451,true,1,47758
7290000190198,false,מטליות לחות לניקוי וחיטוי 99.9% ניקול 50 יחידה,עלבד משואות יצחק בעמ,IL,מטליות לחות לניקוי ש,יחידה,0.00,יחידה,false,,10.90,0.0000,true,1,69796
7290000190853,false,לילי פיור נייר טואלט דו שכבתי לבן 30 גלילים,לילי נייר טואלט חוגלה,IL,לילי לבן נייר טואלט,יחידה,0.00,יחידה,false,,39.90,0.0000,true,1,76287
7290000191539,false,חמישיית ממחטות טישו צבועני לילי 100 יחידות,חוגלה קימברלי,IL,לילי צבעוני חמישיה 5,גרמים,593.00,100 גרם,false,,17.90,3.0185,true,1,48872
7290000191652,false,שלישיית ממחטות אולטרה סופט קלינקס 90 יחידות,חוגלה קימברלי,IL,קלינקס קלאסיק ניילון,יחידה,0.00,יחידה,false,,11.90,0.0000,true,1,65689
7290000192581,false,מגבת נייר גליל כפול ניקול 12=6 גליל,קימברלי-קלארק,IL,מגבות נייר ניקול שיש,יחידה,0.00,יחידה,false,,21.90,0.0000,true,1,126942
7290000193076,false,"שלישיית מטליות לריצפה ""ניקול""",עופרטקס,IL,מטליות בד לרצפה ניקו,יחידה,0.00,יחידה,false,,9.90,0.0000,true,1,101123
7290000193083,false,נובה-לי תחבושות היגייניות לילי 28 יחידות,חוגלה קימברלי,CZ,נובה לי לילי תחבושות,יח',28.00,יח',false,,10.90,0.3893,true,1,41789
7290000193618,false,לילי אינטימייט מגן תחתון נורמל 24 יח',חוגלה קימברלי,ES,לילי מגני תחתון נטור,יח',62.00,יח',false,,15.90,0.2565,true,1,22814
7290000195216,false,נייר אפייה בשקית ניקול 50 יחידות,ניקול,IL,נייר אפיה 50יח ניקול,יח',50.00,יח',false,,12.90,0.2580,true,1,70904
7290000196039,false,"מפות שולחן איריס ח""פ ניקול 2 יח'",חוגלה קימברלי,IL,מפות שולחן זוג ניקול,גרמים,250.00,100 גרם,false,,9.90,3.9600,true,1,23167
7290000196763,false,"שקיות אשפה חזקות במיוחד עם שרוך 52 * 65 ס""מ ניקול 40 יחידות","אשפלסט תעשיות בע""מ",IL,השקית החזקה ניקול,יחידה,0.00,יחידה,false,,25.90,0.0000,true,1,92275
7290000197012,false,שקיות ריצ'רץ' אחסון למזון ניקול 15 יחידות,חוגלה קימברלי,CN,ניקול שקיות ניילון ר,יחידה,0.00,יחידה,false,,12.90,0.0000,true,1,43471
7290000197029,false,שקיות ריצ'רץ' רב תכליתיות ניקול 12 יחידות,קריות זול,IL,ניקול שקיות ניילון ר,יחידה,0.00,יחידה,false,,12.90,0.0000,true,1,43472
7290000197326,false,רדיד אלומניום ניקול זוגי 30X7.5מ',חוגלה קימברלי,IL,ניקול רדיד אלומיניום,מטרים,15.00,מטר,false,,12.90,0.8600,true,1,23168
7290000197340,false,"רדיד אלומניום ארוך 45 ס""מ רוחב ניקול 7.5 מטר",חוגלה קימברלי,IL,ניקול רדיד אלומיניום,מטרים,15.00,מטר,false,,16.90,1.1267,true,1,34860
7290000197456,false,חיתולים פרידום דריי שלב 4 האגיס 44 יחידות,קימברלי קלארק ישראל,IL,האגיס פרידום דריי של,יחידה,0.00,יחידה,false,,48.90,0.0000,true,1,74034
7290000197463,false,חיתולים פרידום דריי שלב +4 האגיס 40 יחידות,קימברלי קלארק ישראל,IL,האגיס פרידום דריי של,יחידה,0.00,יחידה,false,,48.90,0.0000,true,1,74035
7290000197548,false,חיתולים פרידום דריי שלב 5 האגיס 36 יחידות,קימברלי קלארק ישראל,IL,האגיס פרידום דריי של,יחידה,0.00,יחידה,false,,48.90,0.0000,true,1,74036
7290000197678,false,חיתולי האגיס פרידום דריי שלב 6 30 יחידות,קימברלי קלארק ישראל,IL,האגיס פרידום דריי של,יחידה,0.00,יחידה,false,,48.90,0.0000,true,1,74037
7290000197753,false,ניילון נצמד אנטי בטקריאלי ניקול 30X2מ',חוגלה קימברלי,CN,ניילונית זוג ניקול,מטרים,60.00,מטר,false,,12.90,0.2150,true,1,34865
7290000200019,false,עוף שלם טרי ארוז,,,עוף שלם טרי ארוז,קילוגרמים,1.00,"ק""ג",true,,20.90,20.9000,true,1,90741
7290000200026,false,חזה עוף טרי ארוז,,,חזה עוף טרי ארוז,קילוגרמים,1.00,"ק""ג",true,,39.90,39.9000,true,1,90742
7290000200033,false,כרעיים עוף טרי ארוז,,,כרעיים עוף טרי ארוז,קילוגרמים,1.00,"ק""ג",true,,29.90,29.9000,true,1,90743
7290000200040,false,שוקיים עוף טרי ארוז,,,שוקיים עוף טרי ארוז,קילוגרמים,1.00,"ק""ג",true,,37.90,37.9000,true,1,90744
7290000200057,false,שניצל עוף טרי ארוז,,,שניצל עוף טרי ארוז,קילוגרמים,1.00,"ק""ג",true,,44.90,44.9000,true,1,90745
7290000200064,false,כנפיים עוף טרי ארוז,,,כנפיים עוף טרי ארוז,קילוגרמים,1.00,"ק""ג",true,,12.90,12.9000,true,1,90746
7290000200071,false,ירכיים עוף טרי ארוז,,,ירכיים עוף טרי ארוז,קילוגרמים,1.00,"ק""ג",true,,29.90,29.9000,true,1,90747
7290000200088,false,פרגיות טרי ארוז,,,פרגיות טרי ארוז,קילוגרמים,1.00,"ק""ג",true,,69.90,69.9000,true,1,90748
7290000200095,false,כבד עוף טרי ארוז לצל,,,כבד עוף טרי ארוז לצל,קילוגרמים,1.00,"ק""ג",true,,24.90,24.9000,true,1,90749
7290000200101,false,קורקבן עוף טרי ארוז,,,קורקבן עוף טרי ארוז,קילוגרמים,1.00,"ק""ג",true,,10.90,10.9000,true,1,90750
7290000200125,false,לב עוף טרי ארוז,,,לב עוף טרי ארוז,קילוגרמים,1.00,"ק""ג",true,,34.90,34.9000,true,1,90751
7290000200132,false,טחול עוף טרי ארוז,,,טחול עוף טרי ארוז,קילוגרמים,1.00,"ק""ג",true,,64.90,64.9000,true,1,90752
7290000200149,false,פילה עוף טרי ארוז,,,פילה עוף טרי ארוז,קילוגרמים,1.00,"ק""ג",true,,39.90,39.9000,true,1,90753
7290000200156,false,חזה הודו טרי ארוז,,,חזה הודו טרי ארוז,קילוגרמים,1.00,"ק""ג",true,,35.90,35.9000,true,1,90777
7290000200170,false,שווארמה הודו טרי ארו,,,שווארמה הודו טרי ארו,קילוגרמים,1.00,"ק""ג",true,,74.90,74.9000,true,1,90755
7290000200187,false,בשר אדום הודו טרי אר,,,בשר אדום הודו טרי אר,קילוגרמים,1.00,"ק""ג",true,,57.90,57.9000,true,1,90756
7290000200194,false,כנפיים הודו טרי ארוז,,,כנפיים הודו טרי ארוז,קילוגרמים,1.00,"ק""ג",true,,17.90,17.9000,true,1,90757
7290000200224,false,גרון הודו טרי ארוז,,,גרון הודו טרי ארוז,קילוגרמים,1.00,"ק""ג",true,,31.90,31.9000,true,1,90760
7290000201856,false,טיטולים פרימיום שלב4+ 38 יחידות .,חוגלה קימברלי,IL,טיטולים פרימיום שלב4,יחידה,0.00,יחידה,false,,34.90,0.0000,true,1,73073
7290000204086,false,ניקול כרית קרצוף מארז שלישייה,חוגלה קימברלי,US,כרית קרצוף ניקול 3 י,יחידה,0.00,יחידה,false,,12.90,0.0000,true,1,23178
7290000204215,false,שישיית כרית יפנית ניקול 6 יחידות,פלסטו פוליש (ברקן),IL,כריות יפניות ניקול 6,יח',4.00,יח',false,,12.90,3.2250,true,1,34876
7290000204253,false,מטליות רב שימושיות לניקיון ניקול 9 יחידות,נועם אורים-קיבוץ אור,IL,מטלית רב שימושית ניק,יח',9.00,יח',false,,12.90,1.4333,true,1,23180
7290000204512,false,מטליות לחות לניקוי רצפה בריח לימון ניקול 10 יחידות,עלבד משואות יצחק בעמ,IL,מטליות לחות לרצפה בר,יחידה,0.00,יחידה,false,,11.90,0.0000,true,1,92296
7290000207063,false,רסק עגבניות פריכוז 28% 240 גרם יכין,היינץ צפון אמריקה מק,IL,רסק עגבניות פריכוז 2,גרמים,260.00,100 גרם,false,,4.90,1.8846,true,1,22282
7290000207162,false,רוטב עגבניות מרכיב טבעי 100 ג' יכין,"זנלכל בע""\מ",IL,רוטב עגבניות 22% 100,גרמים,100.00,100 גרם,false,,2.50,2.5000,true,1,22284
7290000207438,false,עגבניות 2.5 A קוביות 850 גרם יכין,"זנלכל בע""\מ",IL,עגבניות קוביות 800גר,גרמים,800.00,100 גרם,false,,9.90,1.2375,true,1,22285
7290000208022,false,עגבניות 2.5 A מרוסקות 850 גרם יכין,"זנלכל בע""\מ",IL,עגבניות מרוסקות 800ג,גרמים,800.00,100 גרם,false,,9.90,1.2375,true,1,22288
7290000208077,false,אפונת גינה רגילה 550 גרם יכין,"זנלכל בע""\מ",IL,אפונה גדולה יכין 550,גרמים,550.00,100 גרם,false,,9.50,1.7273,true,1,22290
7290000208138,false,סירופ דיאט בטעם ענבים יכין 1 ליטר,"זנלכל בע""\מ",IL,סירופ דייאט ענבים יכ,מיליליטרים,1000.00,"100 מ""ל",false,,16.90,1.6900,true,1,22293
7290000208145,false,גרעיני תירס מתוק לייט 550 גרם יכין,"זנלכל בע""\מ",IL,תירס לייט יכין 550גר,גרמים,550.00,100 גרם,false,,10.90,1.9818,true,1,22294
7290000208213,false,שעועית לבנה אפויה A2 ברוטב עגבניות יכין 560ג',היינץ צפון אמריקה מק,IL,שעועית לבנה ברוטב עג,גרמים,580.00,100 גרם,false,,9.90,1.7069,true,1,22297
7290000208220,false,"שעועית צ'לי יכין פ""ק A2 בית יוסף",היינץ צפון אמריקה מק,IL,שעועית צילי יכין 550,גרמים,550.00,100 גרם,false,,9.90,1.8000,true,1,22298
7290000208244,false,"בסיס לשקשוקה יכין A2 פ""ק בית יוסף","זנלכל בע""מ",IL,בסיס עגבניות לשקשוקה,גרמים,570.00,100 גרם,false,,9.90,1.7368,true,1,22300
7290000208251,false,שעועית ירוקה חתוכה יכין 550 גרם,"זנלכל בע""מ",IL,שעועית ירוקה חתוכה י,גרמים,550.00,100 גרם,false,,9.90,1.8000,true,1,22301
7290000208268,false,שעועית צהובה א-2. יכין 550 ג',קריות זול,IL,שעועית צהובהחתוכה יכ,גרמים,550.00,100 גרם,false,,9.90,1.8000,true,1,22302
7290000208312,false,גרעיני תירס מתוק בואקום יכין 400 גר',"זנלכל בע""\מ",IL,תירס מתוק ואקום יכין,גרמים,400.00,100 גרם,false,,7.90,1.9750,true,1,21940
7290000208329,false,גרעיני תירס מתוק 550 גרם יכין,"זנלכל בע""\מ",IL,תירס מתוק יכין 550גר,גרמים,550.00,100 גרם,false,,9.50,1.7273,true,1,22303
7290000208336,false,רסק יכין 240גר 22% יכין בית יוסף,"זנלכל בע""\מ",IL,רוטב עגבניות יכין 22,גרמים,240.00,100 גרם,false,,4.90,2.0417,true,1,22304
7290000208367,false,עגבניות מרוסקות בתוספת בזיליקום 800 ג' יכין,זנלכל,IL,עגבניות מרוסקות בתוס,גרמים,800.00,100 גרם,false,,9.90,1.2375,true,1,39505
7290000208404,false,A2 פול מצרי 550 גרם יכין,"זנלכל בע""\מ",IL,פול מצרי יכין 550גר,גרמים,550.00,100 גרם,false,,9.90,1.8000,true,1,22305
7290000208428,false,גרגרי חומוס שלם 550 גרם יכין,"זנלכל בע""\מ",IL,חומוס שלם יכין 550גר,גרמים,550.00,100 גרם,false,,9.90,1.8000,true,1,22306
7290000208480,false,גרעיני תירס מתוק בטעם חמאה 550 גרם יכין,"זנלכל בע""\מ",IL,תירס בטעם חמאה 550גר,גרמים,550.00,100 גרם,false,,10.90,1.9818,true,1,34879
7290000208800,false,גרעיני תירס מתוק לילדים 400 גרם יכין,זנלכל,IL,תירס קיד יכין מתוק 2,גרמים,285.00,100 גרם,false,,7.90,2.7719,true,1,52530
7290000208855,false,רוטב לפסטה קלאסי 240 גרם יכין,"זנלכל בע""\מ",IL,רוטב לפסטה קלאסי יכי,גרמים,240.00,100 גרם,false,,6.90,2.8750,true,1,22317
7290000208893,false,גרעיני תירס מתוק לייט 400 גרם יכין,היינץ צפון אמריקה מק,IL,תירס לייט ואקום 340,גרמים,340.00,100 גרם,false,,7.90,2.3235,true,1,34882
7290000208930,false,עגבניות מרוסקות בתוספת שום 240 גרם יכין,"זנלכל בע""מ",IL,עגבניות מרוסקות ושום,גרמים,240.00,100 גרם,false,,6.90,2.8750,true,1,22319
7290000208947,false,עגבניות מרוסקות יכין 260 גרם,היינץ צפון אמריקה מק,IL,עגבניות מרוסקות יכין,גרמים,240.00,100 גרם,false,,6.90,2.8750,true,1,22320
7290000208978,false,רסק עגבניות פריכוז 28% 100 גרם יכין,היינץ צפון אמריקה מק,IL,רסק עגבניות פריכוז %,גרמים,100.00,100 גרם,false,,2.90,2.9000,true,1,43601
7290000209012,false,חומץ 1ליטר יכין הדרים,"זנלכל בע""\מ",IL,חומץ הדרים יכין 1 לי,מיליליטרים,1000.00,"100 מ""ל",false,,5.90,0.5900,true,1,22323
7290000209043,false,מיץ לימון לתיבול יכין 1 ליטר,היינץ צפון אמריקה מק,IL,מיץ לימון משומר 1ל,מיליליטרים,1000.00,"100 מ""ל",false,,5.90,0.5900,true,1,22324
7290000209173,false,חומצה אצטית למזון 5% יכין 1 ליטר,"זנלכל בע""\מ",IL,חומץ סינטטי יכין 1 ל,מיליליטרים,1000.00,"100 מ""ל",false,,6.90,0.6900,true,1,22326
7290000209371,false,תירס מתוק יכין 200 גרם מארז 3 יח',היינץ צפון אמריקה מק,IL,תירס יכין שלישייה 3*,גרמים,495.00,100 גרם,false,,15.90,3.2121,true,1,72777
7290000209388,false,תירס מתוק לייט יכין 200 גרם מארז 3 יח',"זנלכל בע""\מ",IL,תירס ליייט שלישייה 3,גרמים,495.00,100 גרם,false,,15.90,3.2121,true,1,72778
7290000209517,false,סירופ דיאט בטעם לימון יכין 1 ליטר,היינץ צפון אמריקה מק,IL,סירופ דייאט לימון יכ,מיליליטרים,1000.00,"100 מ""ל",false,,16.90,1.6900,true,1,22335
7290000209524,false,סירופ דיאט בטעם פטל יכין 1 ליטר,"זנלכל בע""\מ",IL,סירופ דיאט פטל יכין,מיליליטרים,1000.00,"100 מ""ל",false,,16.90,1.6900,true,1,22336
7290000209531,false,סירופ דיאט בטעם אשכוליות יכין 1 ליטר,"זנלכל בע""\מ",IL,סירופ דייאט אשכוליות,מיליליטרים,1000.00,"100 מ""ל",false,,16.90,1.6900,true,1,22337
7290000209555,false,סירופ דיאט בטעם תפוחים יכין 1 ליטר,"זנלכל בע""\מ",IL,"סירופ דייאט תפוח""ע י",מיליליטרים,1000.00,"100 מ""ל",false,,16.90,1.6900,true,1,22338
7290000209579,false,סירופ דיאט בטעם אננס יכין 1 ליטר,"זנלכל בע""\מ",IL,סירופ דייאט אננס יכי,מיליליטרים,1000.00,"100 מ""ל",false,,16.90,1.6900,true,1,22340
7290000209708,false,עגבניות מרוסקות עם בזיליקום יכין 240 גרם,היינץ צפון אמריקה מק,IL,עגבניות מרוסקות בזיל,גרמים,240.00,100 גרם,false,,6.90,2.8750,true,1,22341
7290000209722,false,רסק עגבניות 28% פריכוז 580 גרם יכין,"זנלכל בע""\מ",IL,רסק עגבניות פריכוז 2,גרמים,580.00,100 גרם,false,,10.90,1.8793,true,1,22342
7290000209906,false,עגבניות מרוסקות בתוספת בצל 240 גרם יכין,זנלכל,IL,עגבניות מרוסקות בצל,גרמים,240.00,100 גרם,false,,6.90,2.8750,true,1,45425
7290000209913,false,עגבניות חתוכות לקוביות 240 גרם יכין,"זנלכל בע""\מ",IL,עגבניות קוביות יכין,גרמים,240.00,100 גרם,false,,6.90,2.8750,true,1,46787
7290000209944,false,רוטב לעגבניות בסיס לשקשוקה 240 ג' יכין,"זנלכל בע""\מ",IL,רוטב שקשוקה יכין 240,גרמים,240.00,100 גרם,false,,6.90,2.8750,true,1,48658
7290000209951,false,רוטב עגבניות לפיצה 260 גרם יכין,"זנלכל בע""\מ",IL,רוטב פיצה יכין 240 ג,גרמים,240.00,100 גרם,false,,6.90,2.8750,true,1,47358
7290000209968,false,רוטב עגבניות ללזניה יכין 240 גרם,"זנלכל בע""\מ",IL,רוטב לזניה יכין 240,גרמים,240.00,100 גרם,false,,6.90,2.8750,true,1,48659
7290000210469,false,עגבניות שלמות יכין A2.5 בית יוסף,זנלכל,IL,עגבניות שלמות יכין 7,גרמים,700.00,100 גרם,false,,9.90,1.4143,true,1,48642
7290000210896,false,רוטב לפסטה בולונז 240 גרם יכין,"זנלכל בע""מ",IL,רוטב בולונז יכין 240,גרמים,240.00,100 גרם,false,,6.90,2.8750,true,1,51749
7290000211169,false,"אורז תאילנדי אחד אחד סוגת 1 ק""ג",האי נאם סי או אל.טי.,IL,אורז תאילנדי סוגת 1ק,גרמים,1000.00,100 גרם,false,,8.90,0.8900,true,1,32153
7290000211312,false,סוגת אורז מלא פרסי אחד אחד 1 קג,האי נאם סי או אל.טי.,IL,אורז מלא פרסי סוגת 1,גרמים,1000.00,100 גרם,false,,10.90,1.0900,true,1,32784
7290000211381,false,"סוכר חום כהה בשקית סוגת 1 ק""ג","טונגט היולט שוגר בע""",ZA,סוכר חום כהה בשקית ס,גרמים,1000.00,100 גרם,false,,10.90,1.0900,true,1,32155
7290000211442,false,"סוגת אורז פרסי קלאסי שקית 1 ק""ג",האי נאם סי או אל.טי.,IL,אורז בסגנון פרסי קלא,גרמים,1000.00,100 גרם,false,,10.90,1.0900,true,1,32156
7290000211503,false,סוכר לבן ארוז בשקית,"סוגת תעשיות בע""\מ",IL,"סוכר סוגת 1 ק""ג",גרמים,1000.00,100 גרם,false,,4.90,0.4900,true,1,32157
7290000211626,false,"סוגת אורז חיש 1 ק""ג","סוגת תעשיות בע""\מ",IL,אורז חיש סוגת 1קג,גרמים,1000.00,100 גרם,false,,10.90,1.0900,true,1,32159
7290000211985,false,"סוגת אורז עגול ריזוטו 1 ק""ג","סוגת תעשיות בע""\מ",IL,אורז עגול סוגת 1קג,גרמים,1000.00,100 גרם,false,,13.90,1.3900,true,1,32161
7290000212173,false,וופל טעם שוקולד מנעמים 500 ג',קריות זול,,וופל טעם שוקולד מנעמ,גרמים,200.00,100 גרם,false,,10.90,5.4500,true,1,31060
7290000212401,false,וופלים מצופית מנעמים 400 גרם,"מנעמים תעשיות מזון בע""\מ",IL,וופל מצופית מנעמים 4,גרמים,400.00,100 גרם,false,,10.90,2.7250,true,1,25328
7290000212579,false,וופלים מצופים מנעמים 800 גרם מארז 40 יחידות,מנעמים,IL,וופל מצופה מנעמים 40,גרמים,800.00,100 גרם,false,,18.90,2.3625,true,1,43744
7290000218502,false,תערובת לחמין A-2 ויטה בדצ,"פרי הגליל בע""""מ",IL,חמין ויטה 568 גרם,גרמים,568.00,100 גרם,false,,9.90,1.7430,true,1,27632
7290000226514,false,עוגת דובוש טעם ריבת חלב קפולסקי 450 גרם,תופינים מקבוצת קפולסקי,IL,עוגת דובוש ריבת חלב,גרמים,450.00,100 גרם,false,,42.90,9.5333,true,1,39126
7290000226552,false,קפולסקי עוגת טורט ריבת חלב+ קוקוס קפוא,קפולסקי שיווק וקמעונ,IL,עוגת טורט ריבת חלב ע,גרמים,1000.00,100 גרם,false,,65.90,6.5900,true,1,39122
7290000226576,false,"עוגת טורט מצופה שוקולד קפולסקי 1 ק""ג",תופינים מקבוצת קפולסקי,IL,עוגת טורט מצופה שוקו,גרמים,1000.00,100 גרם,false,,65.90,6.5900,true,1,39123
7290000238029,false,"בצק עלים צרפתי מרודד מעדנות 1 ק""ג",מיוצר עי קונדיטוריית,IL,בצק עלים מרודד מעדנו,גרמים,1000.00,100 גרם,false,,19.90,1.9900,true,1,28810
7290000238036,false,מלאווח בקופסא מעדנות 700 גרם,מיוצר עי קונדיטוריית,IL,מלווח מעדנות קופסא 7,גרמים,700.00,100 גרם,false,,16.90,2.4143,true,1,29117
7290000238173,false,בורקס גבינה מעדנות 800 גרם,מיוצר עי קונדיטוריית,IL,בורקס גבינה מעדנות 8,גרמים,800.00,100 גרם,false,,21.90,2.7375,true,1,28811
7290000238180,false,בורקס תפוחי אדמה מעדנות 800 גרם,מיוצר עי קונדיטוריית,IL,"בורקס תפו""א מעדנות 8",גרמים,800.00,100 גרם,false,,19.90,2.4875,true,1,28812
7290000240541,false,ריבועי בצק עלים מעדנות 800 גרם,מיוצר עי קונדיטוריית,IL,ריבועי בצק בורקס מעד,גרמים,800.00,100 גרם,false,,24.90,3.1125,true,1,29119
7290000243566,false,"שמן קנולה בריאות 750 מ""ל",שמן תעשיות,EE,שמן קנולה בריאות עץ,מיליליטרים,750.00,"100 מ""ל",false,,13.90,1.8533,true,1,65079
7290000244051,false,"הוואי שלישיית סבון נוזלי משב טרופי 500 מ""ל",טרופיקל דגיל,IL,הוואי אל סבון טרופי,מיליליטרים,1500.00,"100 מ""ל",false,,16.90,1.1267,true,1,34909
7290000244082,false,"הוואי שלישיית סבון נוזלי שמיים כחולים 500 מ""ל",טרופיקל דגיל,IL,הוואי אל סבון כחול ש,מיליליטרים,1500.00,"100 מ""ל",false,,16.90,1.1267,true,1,34911
7290000245072,false,סוד מרכך כביסה בייבי סנסטיב 4 ליטר,"הנקל סוד בע""\מ",IL,סוד מרכך כביסה בייבי,ליטרים,4.00,ליטר,false,,17.90,4.4750,true,1,30120
7290000245089,false,סוד סופט מרכך כביסה סגול 4 ליטר,"הנקל סוד בע""מ",IL,סוד מרכך כביסה הניצן,ליטרים,4.00,ליטר,false,,17.90,4.4750,true,1,30121
7290000245157,false,סוד סופט מרכך כביסה סנסיישן 4 ליטר,"הנקל סוד בע""\מ",IL,סוד מרכך כביסה סנסיי,ליטרים,4.00,ליטר,false,,17.90,4.4750,true,1,30123
7290000245270,false,"פרסיל אבקה לכביסה רגיל שקית 1.25 ק""ג","הנקל סוד בע""מ",IL,פרסיל סופרא שקית אבק,קילוגרמים,1.25,"ק""ג",false,,14.90,11.9200,true,1,30128
7290000245478,false,"אבקת כביסה לבגדי תינוקות 1.25 ק""ג סוד","הנקל סוד בע""מ",IL,סוד בייבי אבקת כביסה,קילוגרמים,1.25,"ק""ג",false,,13.90,11.1200,true,1,30131
7290000245508,false,"אב.כביסה סוד פרפקט 1.25ק""ג-שקית כחולה","הנקל סוד בע""\מ",IL,סוד פרפקט אבקת כביסה,קילוגרמים,1.25,"ק""ג",false,,13.90,11.1200,true,1,30132
7290000245515,false,"א.כ סוד קומפקט ביואקטיב פרפריום 1.25 ק""ג","הנקל סוד בע""מ",IL,סוד קומפורט פרפיום א,קילוגרמים,1.25,"ק""ג",false,,13.90,11.1200,true,1,30133
7290000245539,false,"קומפקט סוד 1.250 ק""ג קולור לכביסה צבעונית","הנקל סוד בע""מ",IL,סוד קומפקט קולור אבק,קילוגרמים,1.25,"ק""ג",false,,13.90,11.1200,true,1,30134
7290000245782,false,סוד סופט מרכך כביסה ורוד 4 ליטר,"הנקל סוד בע""\מ",IL,סוד מרכך כביסה ורדי,ליטרים,4.00,ליטר,false,,17.90,4.4750,true,1,30142
7290000253220,false,שוקולד צ'יפס חום אופנהיימר 260 גר',אופנהיימר,IL,שוקולד ציפס 300גר,גרמים,300.00,100 גרם,false,,14.90,4.9667,true,1,22401
7290000253251,false,שוקולד צ'יפס לבן אופנהיימר 250 גרם,אופנהיימר,IL,שוקולד ציפס לבן 250,גרמים,250.00,100 גרם,false,,14.90,5.9600,true,1,22402
7290000253459,false,נטיפי צ'יפס בטעם קרמל אופנהיימר 250 גרם,אופנהיימר,IL,נטיפי צ'יפס בטעם קרמ,גרמים,250.00,100 גרם,false,,14.90,5.9600,true,1,120778
7290000262031,false,נייר טואלט מולט לב 32 גלילים,קימברלי-קלארק,IL,מולט לב נייר טואלט 3,גרמים,1850.00,100 גרם,false,,31.90,1.7243,true,1,49298
7290000267012,false,שקד מולבן שלם השף 100 גרם,"דין שיווק וקלייה בע""",IL,שקדים מולבנים השף 10,גרמים,100.00,100 גרם,false,,11.90,11.9000,true,1,55121
7290000267029,false,שקדים מולבנים חצויים השף 100 גרם,"דין שיווק וקלייה בע""",IL,שקדים חצויים 100גרם,גרמים,100.00,100 גרם,false,,11.90,11.9000,true,1,55122
7290000267036,false,שקדים מולבנים משובבים השף 100 גרם,"דין שיווק וקלייה בע""",IL,שקדים מולבנים שבבים,גרמים,100.00,100 גרם,false,,11.90,11.9000,true,1,31066
7290000267043,false,שקדים מולבנים פרוסים השף 100 גרם,"דין שיווק וקלייה בע""",IL,שקד פרוס השף 100גר,גרמים,100.00,100 גרם,false,,11.90,11.9000,true,1,55123
7290000267050,false,שקדים טבעיים טחונים השף 100 גרם,"דין שיווק וקלייה בע""",IL,שקד טחון השף 100 גר,גרמים,100.00,100 גרם,false,,11.90,11.9000,true,1,55124
7290000267104,false,שקד מולבן גרוס/מרוסק 100 גרם,"דין שיווק וקלייה בע""",IL,שקדים גרוסים טבעי 10,גרמים,100.00,100 גרם,false,,11.90,11.9000,true,1,55125
7290000267500,false,קליפות הדר מצופות בשוקולד 200 גרם,"דין שיווק וקלייה בע""",IL,קליפות הדר מצופות בש,גרמים,200.00,100 גרם,false,,9.90,4.9500,true,1,93191
7290000267548,false,אגוזי מלך טחונים השף 100 גרם,"דין שיווק וקלייה בע""",IL,אגוזי מלך גרוסים השף,גרמים,100.00,100 גרם,false,,13.90,13.9000,true,1,66960
7290000267555,false,בוטנים גרוסים 100ג'שקדיה,"דין שיווק וקלייה בע""",IL,בוטנים טבעיים גרוסים,גרמים,100.00,100 גרם,false,,6.90,6.9000,true,1,66961
7290000267586,false,גרעייני חמניה קלופים 150 גר,"דין שיווק וקלייה בע""",IL,גרעייני חמניה קלופים,גרמים,150.00,100 גרם,false,,5.90,3.9333,true,1,68491
7290000267678,false,גרעיני דלעת טבעי קלוף שקדיה 150 ג',"דין שיווק וקלייה בע""",IL,גרעיני דלעת טבעי קלו,גרמים,150.00,100 גרם,false,,7.90,5.2667,true,1,68492
7290000272696,false,עסיס מיץ לימון טבעי משומר 1 ל' אסם,בית-השיטה עסיס תעשיות מז,IL,מיץ לימון טבעי משומר,מיליליטרים,1000.00,"100 מ""ל",false,,12.90,1.2900,true,1,23782
7290000272726,false,חומץ רכיבים רכיבים טבעיים 5% עסיס 1 ליטר,בית-השיטה עסיס תעשיות מז,IL,חומץ טבעי 5% עסיס 1,מיליליטרים,1000.00,"100 מ""ל",false,,8.90,0.8900,true,1,23784
7290000286488,false,ספוג פיראט כיף 1 יחידה,קוסמופארם,IL,ספוג פיראט,יחידה,0.00,יחידה,false,,10.90,0.0000,true,1,48301
7290000286549,false,מטליות לניקוי כללי סנו סושי 9 יחידות,נועם אורים תעשיות בע,IL,מטליות לכל סנו סושי,יח',9.00,יח',false,,11.90,1.3222,true,1,25636
7290000286631,false,"סנו אבקה לניקוי ומירוק בריח לימון 600 מ""ל",קריות זול,IL,סנו X אבקה לניקוי לי,גרמים,600.00,100 גרם,false,,8.90,1.4833,true,1,25639
7290000286891,false,"נוזל ריצפה מגן קריסטל 1 ליטר ""סנו""","סנו מפעלי ברונוס בע""",IL,סנו מגן קריסטל לרצפו,ליטרים,1.00,ליטר,false,,25.90,25.9000,true,1,25642
7290000286921,false,"ספריי להסרת כתמים סנו קל 750 מ""ל",סנו מפעלי ברונוס בעמ,IL,סנוקל רסס כבס להסרת,מיליליטרים,750.00,"100 מ""ל",false,,17.90,2.3867,true,1,39317
7290000287102,false,"ספריי שמפו לניקוי שטיחים סנו 600 מ""ל",מיוצר עי קונדיטוריית,IL,סנו שמפו שטיחים 540מ,מיליליטרים,540.00,"100 מ""ל",false,,22.90,4.2407,true,1,25648
7290000287195,false,"סנו רהיט ספריי עשיר בווקס להברקה 305 מ""ל",מיוצר עי קונדיטוריית,IL,סנו רהיט מבריק רהיטי,מיליליטרים,300.00,"100 מ""ל",false,,16.90,5.6333,true,1,25650
7290000287621,false,"אנטי קאלק נוזל לניקוי אסלות סנו 750 מ""ל",מיוצר עי קונדיטוריית,IL,אנטי קאלק W.C מנקה א,מיליליטרים,750.00,"100 מ""ל",false,,10.90,1.4533,true,1,25658
7290000288017,false,אקונומיקה בריח לימון סנו ז'אוול 1 ליטר,"סנו מפעלי ברונוס בע""",IL,אקונומיקה סנו ז'אוול,מיליליטרים,1000.00,"100 מ""ל",false,,9.90,0.9900,true,1,26896
7290000288024,false,סנו - ז'אוול אקונומיקה בריח לימון 4 ליטר,"סנו מפעלי ברונוס בע""מ",IL,אקונומיקה סנו ז'אוול,ליטרים,4.00,ליטר,false,,17.90,4.4750,true,1,25661
7290000288079,false,סנו - ז'אוול אקונומיקה לימון 2 ליטר,"סנו מפעלי ברונוס בע""מ",IL,אקונומיקה סנו ז'אוול,ליטרים,2.00,ליטר,false,,13.90,6.9500,true,1,38460
7290000288086,false,אבקת ניקוי עם אקונומיקה בריח לימון סנו ז'אוול 600 ג',מיוצר עי קונדיטוריית,IL,סנו ז'אוול אבקת לניק,גרמים,600.00,100 גרם,false,,10.90,1.8167,true,1,25666
7290000288109,false,"אבקת כביסה מקסימה אפקט ג''אוול 1.25 ק""ג סנו",סנו מפעלי ברונוס בעמ,IL,סנו מקסימה אבקת כביס,קילוגרמים,1.25,"ק""ג",false,,14.90,11.9200,true,1,25667
7290000288352,false,"קוטל חרקים וזוחלים K-300 סנו 630 מ""ל","סנו מפעלי ברונוס בע""מ",IL,K-300 לקטילת גוקים נ,100 יח',630.00,100 יח',false,,24.90,3.9524,true,1,25671
7290000288642,false,מקסימה מרכך כביסה סנסיטיב בייבי סנו 4 ליטר,"סנו מפעלי ברונוס בע""\מ",IL,סנו מקסימה מרכך כביס,ליטרים,4.00,ליטר,false,,23.90,5.9750,true,1,25679
7290000289069,false,סנו - ז'אוול מרסס קצף ניקוי בתוספת אקונומיקה בריח לימון 1 ליטר,"סנו מפעלי ברונוס בע""מ",IL,סנו ז'אוול מרסס לימו,מיליליטרים,1000.00,"100 מ""ל",false,,19.90,1.9900,true,1,25683
7290000289496,false,"סנו - ז'אוול ג'ל קרם לניקוי כללי לימון 750 מ""ל","סנו מפעלי ברונוס בע""\מ",IL,סנו ז'אוול ג'ל קרם מ,מיליליטרים,750.00,"100 מ""ל",false,,13.90,1.8533,true,1,25693
7290000289748,false,"מסיר שומנים לתנורים פורטה פלוס סנו 750 מ""ל","סנו מפעלי ברונוס בע""\מ",IL,סנו פורטה פלוס לתנור,מיליליטרים,750.00,"100 מ""ל",false,,15.90,2.1200,true,1,25696
7290000292137,false,"נוזל לניקוי וטיפול מוצרי עור סנו 500 מ""ל",מיוצר עי קונדיטוריית,IL,סנו לניקוי עור 500מל,מיליליטרים,500.00,"100 מ""ל",false,,29.90,5.9800,true,1,25708
7290000292311,false,פוליויקס נוזל רצפות בניחוח סחלבים סנו 2 ליטר,"סנו מפעלי ברונוס בע""\מ",IL,פוליויקס סחלבים 2ליט,ליטרים,2.00,ליטר,false,,23.90,11.9500,true,1,25713
7290000292533,false,סנו גל לניקוי כללי על בסיס שמן אורנים 1ל,החברה הדרומית,IL,סנו ג'ל לניקוי 1ליטר,ליטרים,1.00,ליטר,false,,17.90,17.9000,true,1,131697
7290000292564,false,סנו K-2000 תרסיס מיקרו קפסולרי ללא ריח 750 מ”ל,מיוצר עי קונדיטוריית,IL,K 2000 סנו ללא ריח,יחידה,750.00,יחידה,false,,32.90,0.0439,true,1,25720
7290000292915,false,"תרסיס לניקוי כללי רסס ונגב סנו 750 מ""ל","סנו מפעלי ברונוס בע""\מ",IL,סנו רסס ונגב מרסס 75,מיליליטרים,750.00,"100 מ""ל",false,,14.90,1.9867,true,1,25722
7290000292939,false,"נוזל לאסלה אקוה בלו ""סנו""",סנו מפעלי ברונוס בעמ,IL,סנו אקווה בלו למיכל,גרמים,100.00,100 גרם,false,,13.90,13.9000,true,1,25723
7290000293073,false,מקסימה מרכך כביסה ביו לבן סנו 4 ליטר,"סנו מפעלי ברונוס בע""\מ",IL,סנו מקסימה מרכך כביס,ליטרים,4.00,ליטר,false,,23.90,5.9750,true,1,25727
7290000293820,false,"קרמה מן שמפו וג'ל גל רחצה אקטיב בלוק 700מ""ל",גוד פוד פרודקטס S.p,IL,קרמה מן ג'ל רחצה אקט,מיליליטרים,700.00,"100 מ""ל",false,,17.90,2.5571,true,1,97554
7290000293943,false,"מרסס לבן מסיר אבנית 1 ליטר אנטי קאלק ""סנו""",מיוצר עי קונדיטוריית,IL,אנטי קאלק מרסס 1ליטר,מיליליטרים,1000.00,"100 מ""ל",false,,21.90,2.1900,true,1,25733
7290000294575,false,סנו סושי רב מגבת 63 דפים בגליל,סנו מפעלי ברונוס בעמ,IL,סנו סושי רב מגבת 63ד,גרמים,200.00,100 גרם,false,,13.90,6.9500,true,1,74713
7290000294780,false,אקונומיקה סמיכה בריח לימון סנו ז'אוול 4 ליטר,"סנו מפעלי ברונוס בע""מ",IL,אקונומיקה סנו ז'אוול,ליטרים,4.00,ליטר,false,,17.90,4.4750,true,1,31733
7290000295367,false,"מקסימה אבקת כביסה אפקט ז'אוול סנו 2.5 ק""ג",סנו מקסימה,IL,"אבקת מקסימה 2.5 ק""ג",קילוגרמים,2.50,"ק""ג",false,,25.90,10.3600,true,1,79591
7290000295404,false,שקיות אשפה עם שרוך 54 * 65 סנו סושי 60 יחידות,מיוצר עי קונדיטוריית,IL,שקיות אשפה 60 יח סנו,יח',60.00,יח',false,,25.90,0.4317,true,1,26900
7290000295558,false,"רדיד אלומיניום רוחב 30 ס""מ סנו סושי 2 יח' 7.5 מטר",מולינו ניקולי s.p.a,TR,סנו סושי צמד רדידי א,מטרים,0.30,מטר,false,,10.90,36.3333,true,1,25751
7290000295794,false,ספוגיות מתכת אל חלד לניקוי סנו 3 יחידות,סנו,,ספוגית מתכת סנו סושי,יחידה,0.00,יחידה,false,,10.90,0.0000,true,1,105293
7290000300016,false,פילה נסיכת הנילוס טר,,,פילה נסיכת הנילוס טר,קילוגרמים,1.00,"ק""ג",true,,69.90,69.9000,true,1,90832
7290000300108,false,דג בס טרי,,,דג בס טרי,קילוגרמים,1.00,"ק""ג",true,,49.90,49.9000,true,1,90841
7290000300900,false,שניצל תירס מרכיבים טבעיים טבעול 750 גרם,עיצובים 2020 (4.8),IL,שניצל תירס טבעול 750,גרמים,750.00,100 גרם,false,,28.90,3.8533,true,1,23797
7290000301910,false,לב עוף טרי ארוז,,,לב עוף טרי ארוז,קילוגרמים,1.00,"ק""ג",true,,34.90,34.9000,true,1,106767
7290000301920,false,כבד עוף טרי ארוז לצל,,,כבד עוף טרי ארוז לצל,קילוגרמים,1.00,"ק""ג",true,,24.90,24.9000,true,1,106768
7290000303581,false,פול מצרי A-2 פרי הגליל 560ג',"פרי הגליל בע""""מ",IL,פול מיצרי 560גר,גרמים,560.00,100 גרם,false,,8.90,1.5893,true,1,27666
7290000303598,false,שעועית לבנה ברוטב עגבניות פרי הגליל 570 גרם,"פרי הגליל בע""""מ",IL,שעועית אפוייה 550גר,גרמים,550.00,100 גרם,false,,8.90,1.6182,true,1,27667
7290000303604,false,חומוס גרגירים A2 פרי גליל 550ג',"פרי הגליל בע""""מ",IL,חומוס גרגירים 550גר,גרמים,550.00,100 גרם,false,,8.90,1.6182,true,1,27668
7290000307015,false,אפונת גינה בינונית פרי הגליל 550 גרם,"פרי הגליל בע""""מ",IL,אפונת גינה גדולה 550,גרמים,550.00,100 גרם,false,,8.90,1.6182,true,1,27669
7290000307046,false,אפונת גינה וגזר פרי הגליל 550 גרם,"פרי הגליל בע""""מ",IL,אפונה וגזר 550גר,גרמים,550.00,100 גרם,false,,8.90,1.6182,true,1,27670
7290000307220,false,גרעיני תירס מתוק בואקום פרי הגליל 285 גרם,"פרי הגליל בע""""מ",IL,תירס מתוק ואקום 340ג,גרמים,340.00,100 גרם,false,,6.90,2.0294,true,1,27671
7290000307237,false,גרעיני תירס מתוק פרי הגליל 550 גרם,"פרי הגליל בע""""מ",IL,תירס גרעינים 550 גר,גרמים,550.00,100 גרם,false,,8.90,1.6182,true,1,27672
7290000307800,false,פול ירוק מוקפא פרי גליל 800ג',"פרי הגליל בע""""מ",IL,פול ירוק 800גר,גרמים,800.00,100 גרם,false,,10.90,1.3625,true,1,27679
7290000307985,false,גרעיני תירס מתוק ללא למלח 325 גרם פרי הגליל,"פרי הגליל בע""""מ",IL,תירס ללא תוספת סוכר,גרמים,340.00,100 גרם,false,,8.90,2.6176,true,1,27680
7290000311180,false,ופל ופליתעשיריות מן 250 גרם מארז 10 יחידות,"רוקחמן בע""מ",IL,וופל מן בטעם שוקולד,גרמים,250.00,100 גרם,false,,8.90,3.5600,true,1,91867
7290000311203,false,"וופלים בטעם שוקולד ""מן"" 200 גרם",תות ממתקי איכות,IL,וופל מן שוקו 200גר,גרמים,200.00,100 גרם,false,,5.90,2.9500,true,1,56220
7290000311210,false,"וופלים בטעם לימון ""מן"" 200 גרם","רוקחמן בע""מ",IL,וופל מן לימון 200גר,גרמים,200.00,100 גרם,false,,5.90,2.9500,true,1,56221
7290000311234,false,מן וופלים וניל 200 גרם,"רוקחמן בע""מ",IL,וופל מן וניל 200גר,גרמים,200.00,100 גרם,false,,5.90,2.9500,true,1,68066
7290000311319,false,"מן וופלים מצופים 10 יח' 1 ק""ג",מן עוגיות,IL,וופל מן מצופה 1קג,גרמים,1000.00,100 גרם,false,,29.90,2.9900,true,1,91852
7290000311357,false,מן וופלים בטעם אגוזים 10*28 גר-נ.ל.פ,"רוקחמן בע""מ",IL,וופל מן בטעם אגוזים,גרמים,280.00,100 גרם,false,,13.90,4.9643,true,1,74949
7290000311364,false,מן וופלים שוקולד טייק 1 מן 10*21 גרם,מן עוגיות,IL,וופל מן בטעם שוקולד,גרמים,200.00,100 גרם,false,,8.90,4.4500,true,1,94464
7290000311425,false,ופל מצופה עשיריות מן 220 גרם מארז 10 יחידות,תות ממתקי איכות,IL,וופל מן מצופים עשירי,גרמים,220.00,100 גרם,false,,8.90,4.0455,true,1,41426
7290000311500,false,מן וופלים בטעם שוקולד 500 ג-נ.ל.פ,"רוקחמן בע""מ",IL,וופל מן שוקו 500גר,גרמים,500.00,100 גרם,false,,10.90,2.1800,true,1,40783
7290000311708,false,מן עוגיות מחיטה מלאה 300 גרם*נ.ל.פ,תות ממתקי איכות,IL,עוגיות חיטה מלאה 300,גרמים,300.00,100 גרם,false,,7.90,2.6333,true,1,93981
7290000311715,false,מן עוגיות כוכבים בטעם שוקולד 300 גרם*נ.ל.פ,תות ממתקי איכות,IL,עוגיות בטעם שוקולד 3,גרמים,300.00,100 גרם,false,,7.90,2.6333,true,1,93982
7290000311869,false,מן-וופלים בטעם שוק ללא תוספת סוכר 180ג,תות ממתקי איכות,IL,וופל מן בטעם שוקולד,גרמים,180.00,100 גרם,false,,8.90,4.9444,true,1,93987
7290000311876,false,מן-וופלים בטעם וניל ללא תוספת סוכר 180ג,"רוקחמן בע""מ",IL,וופל מן בטעם וניל לל,גרמים,180.00,100 גרם,false,,8.90,4.9444,true,1,93988
7290000313160,false,זהבה ושלושת הדובים עוגיות בטעם שוקולד אסם 350 גרם,"הגביע מוצרי וופלים בע""\מ",IL,חברים זהבה ושלושת הד,גרמים,250.00,100 גרם,false,,8.90,3.5600,true,1,23812
7290000313290,false,אסם נודלס נודלס אטריות מסולסלות 200גר,תאי פרזידנט פוד בנגק,TH,נודלס איטריות מסולסל,גרמים,200.00,100 גרם,false,,10.90,5.4500,true,1,23815
7290000318127,false,"נקניקיות ביס 380 גרם ""יחיעם""",מעדני יחיעם 1993,IL,נקניקיות ביס יחיעם 3,גרמים,380.00,100 גרם,false,,12.90,3.3947,true,1,20064
7290000318165,false,פסטרמה צלויה על גחלי,מעדני יחיעם,IL,פסטרמה אמיתית צלויה,קילוגרמים,1.00,"ק""ג",true,,89.00,89.0000,true,1,39046
7290000318479,false,נקניק פרושוטו בקר יחיעם 100 גרם,תאי פרזידנט פוד פאבל,IL,פרושטו בקר יחיעם 100,גרמים,100.00,100 גרם,false,,29.90,29.9000,true,1,20074
7290000318493,false,כתףבקר מפולפליחיעם מ,מעדני יחיעם,IL,כתף בקר מפולפל יחיעם,קילוגרמים,1.00,"ק""ג",true,,139.00,139.0000,true,1,38638
7290000318677,false,נקניק סלמי סרוולט יחיעם 150 גרם,מעדני יחיעם 1993,IL,סלמי סרוולט יחיעם 15,גרמים,150.00,100 גרם,false,,29.90,19.9333,true,1,39100
7290000318707,false,נקניק סלמי מעושן יחיעם 500 גרם,מעדני יחיעם 1993,IL,*מבצע* סלמי מעושן יח,גרמים,500.00,100 גרם,false,,29.90,5.9800,true,1,20079
7290000318806,false,סלמי סרוולד אמיתי במשקל,מעדני יחיעם,IL,סלמי סרוולד יחיעם,קילוגרמים,1.00,"ק""ג",true,,179.00,179.0000,true,1,39053
7290000318943,false,פסטרמה של פעם מעושן 1.5% יחיעם 200 גרם,תאי פרזידנט פוד פאבל,IL,פסטרמה של פעם יחיעם,גרמים,200.00,100 גרם,false,,23.90,11.9500,true,1,39104
7290000319124,false,סלמי סרוולט מאפ יחיעם 250 גרם,מעדני יחיעם 1993,IL,סלמי סרוולט 250 גרם,גרמים,250.00,100 גרם,false,,42.90,17.1600,true,1,20084
7290000319131,false,נקניקיות עוף יחיעם 400 גרם,מעדני יחיעם 1993,IL,נקניקיות עוף יחיעם 4,גרמים,400.00,100 גרם,false,,12.90,3.2250,true,1,20085
7290000319520,false,נקניק סלמי צרפתי יחיעם 100 גרם,מעדני יחיעם 1993,IL,סלמי צרפתי יחיעם 100,גרמים,100.00,100 גרם,false,,21.90,21.9000,true,1,34977
7290000319704,false,נקניק כתף בקר מעושן,מעדני יחיעם,IL,כתף בקר מעושן יחיעם,קילוגרמים,1.00,"ק""ג",true,,139.00,139.0000,true,1,65756
7290000319803,false,קבנוס קלאסי יחיעם 125 גרם,תאי פרזידנט פוד פאבל,IL,קבנוס קלאסי יחיעם 12,גרמים,125.00,100 גרם,false,,15.50,12.4000,true,1,73420
7290000319834,false,קבנוס פפרוני קלאסי 125 גרם,תאי פרזידנט פוד פאבל,IL,קבנוס פפרוני קלאסי י,גרמים,125.00,100 גרם,false,,15.50,12.4000,true,1,73421
7290000334684,false,טבעות בצל תפוגן 700 גרם,"תעשיות תפוגן בע""\מ",IL,טבעות בצל תפוגן 700ג,גרמים,700.00,100 גרם,false,,19.50,2.7857,true,1,23830
7290000336282,false,"פריגת סיידר צלול 330 מ""ל בקבוק",טמפו משקאות בעמ,IL,סיידר תפוח צלול בקבו,מיליליטרים,330.00,"100 מ""ל",false,,8.90,2.6970,true,1,34989
7290000345208,false,תה כחול קלאסיק ויסוצקי 25 יחידות,תה ויסוצקי,IL,תה ויסוצקי קלאסיק 25,יח',25.00,יח',false,,7.90,0.3160,true,1,31073
7290000345215,false,תה כחול קלאסיק ויסוצקי 100 יחידות,מולינו ניקולי s.p.a,IL,תה ויסוצקי קלאסיק כח,גרמים,100.00,100 גרם,false,,18.90,18.9000,true,1,31074
7290000345260,false,תה קלאסיק מעטפות ויסוצקי 25 יחידות,מולינו ניקולי s.p.a,IL,תה ויסוצקי קלאסיק 25,יח',25.00,יח',false,,7.90,0.3160,true,1,31075
7290000345284,false,תה ויסוצקי קלאסי אריזה ירוקה מרובעת (100 שקיקים),מולינו ניקולי s.p.a,IL,תה ויסוצקי קלאסיק יר,גרמים,150.00,100 גרם,false,,18.90,12.6000,true,1,31077
7290000345291,false,תה ארל גריי ויסוצקי 25 יחידות,תה ויסוצקי,IL,תה ארל גריי ויסוצקי,יח',25.00,יח',false,,16.90,0.6760,true,1,31078
7290000345307,false,תה ארל גריי ויסוצקי 50 יחידות,מולינו ניקולי s.p.a,IL,תה ארל גריי ויסוצקי,גרמים,75.00,100 גרם,false,,29.90,39.8667,true,1,31079
7290000345536,false,תה נענע ויסוצקי 25 יחידות,מולינו ניקולי s.p.a,IL,תה נענע 25יח,גרמים,37.50,100 גרם,false,,19.90,53.0667,true,1,31082
7290000346120,false,חליטת קינמון הגן הקסום ויסוצקי 25 יחידות,תה ויסוצקי,IL,תה קסם הקנמון 25יח,גרמים,62.50,100 גרם,false,,19.90,31.8400,true,1,31999
7290000346137,false,חליטת הילולי פירות הגן הקסום ויסוצקי 25 יחידות,תה ויסוצקי,IL,תה הילולי פירות 25יח,גרמים,62.50,100 גרם,false,,19.90,31.8400,true,1,32000
7290000346199,false,חליטת פירות יער הגן הקסום ויסוצקי 25 יחידות,תה ויסוצקי,IL,תה פירות היער ויסוצק,גרמים,67.50,100 גרם,false,,19.90,29.4815,true,1,32003
7290000346205,false,חליטת קמומיל הגן הקסום ויסוצקי 25 יחידות,תה ויסוצקי,IL,תה קמומיל ויסוצקי הג,גרמים,37.50,100 גרם,false,,19.90,53.0667,true,1,32004
7290000346960,false,תה ויסוצקי נענע 1.7 גרם 50יח',בית ויסוצקי,IL,תה נענע ויסוצקי 50יח,גרמים,75.00,100 גרם,false,,34.90,46.5333,true,1,31090
7290000347738,false,תה ירוק נענע ויסוצקי 25 יחידות,תה ויסוצקי,IL,תה ירוק נענע 25יח,גרמים,37.50,100 גרם,false,,26.90,71.7333,true,1,31093
7290000347752,false,תה ירוק לימונית ולואיזה 25 שקיקים *1.5 ג'' ויסוצקי,תה ויסוצקי,IL,תה ירוק לימונית ולוא,גרמים,37.50,100 גרם,false,,26.90,71.7333,true,1,31095
7290000355382,false,עגבניות מרוסקות בזיליקום טל 800 גרם,"מילוז(1989)בע""""מ",IL,עגבניות מרוסקות עם ב,גרמים,800.00,100 גרם,false,,9.90,1.2375,true,1,22033
7290000355405,false,עגבניות מרוסקות עם בצל טל 800 גרם,"מילוז(1989)בע""""מ",IL,עגבניות מרוסקות בצל,גרמים,800.00,100 גרם,false,,9.90,1.2375,true,1,22034
7290000355412,false,עגבניות מרוסקות A2.5 ושום טל וטרי 800 גר',"מילוז(1989)בע""""מ",IL,עגבניות מרוסקות שום,גרמים,800.00,100 גרם,false,,9.90,1.2375,true,1,22035
7290000355498,false,רוטב עגבניות A2 BX28 טומטו 580ג',"מילוז(1989)בע""""מ",IL,רסק עגבניות 28% טומט,גרמים,580.00,100 גרם,false,,8.90,1.5345,true,1,102996
7290000355757,false,עגבניות מרוסקות טל וטרי 800 גרם,"מילוז(1989)בע""""מ",IL,עגבניות מרוסקות 800ג,גרמים,800.00,100 גרם,false,,9.90,1.2375,true,1,22039
7290000363462,false,סלמי מעושן איטלקי טי,טירת- צבי,IL,נקניק סלמי מעושן איט,קילוגרמים,1.00,"ק""ג",true,,89.00,89.0000,true,1,99581
7290000363486,false,נקניק תה טירת צבי מע,טירת- צבי,IL,נקניק תה טירת צבי,קילוגרמים,1.00,"ק""ג",true,,54.00,54.0000,true,1,99582
7290000364261,false,"דקניקים, סלסולי פסטרמה כתף בקר מעושנת 120 גרם",הנסיך- מפעל לייצור ט,IL,סלסולי פסטרמה כתף בק,גרמים,120.00,100 גרם,false,,15.90,13.2500,true,1,89591
7290000364278,false,דקניקים סלסולי סלמי איטלקי משובח טירת צבי 120 גרם,הנסיך- מפעל לייצור ט,IL,סלסולי סלמי איטלקי מ,גרמים,120.00,100 גרם,false,,15.90,13.2500,true,1,89592
7290000364285,false,דקניקים סלסולי פסטרמה הודו טירת צבי 120 גרם,הנסיך- מפעל לייצור ט,IL,סלסולי פסטרמה הודו א,גרמים,120.00,100 גרם,false,,15.90,13.2500,true,1,89593
7290000364292,false,דקניקים סלסולי פסטרמה הודו על גחלים 1% טירת צבי 120 גרם,הנסיך- מפעל לייצור ט,IL,סלסולי פסטרמה הודו ג,גרמים,120.00,100 גרם,false,,15.90,13.2500,true,1,89594
7290000364803,false,נקניקיות בקר אמריקאיות טירת צבי 500 גרם,הנסיך- מפעל לייצור ט,IL,נקניקיות בקר בסגנון,גרמים,500.00,100 גרם,false,,26.90,5.3800,true,1,89612
7290000364858,false,"נקניקיות עוף טרי טירת צבי 1 ק""ג",הנסיך- מפעל לייצור ט,IL,נקניקיות עוף טירת צב,גרמים,1000.00,100 גרם,false,,26.90,2.6900,true,1,86119
7290000364872,false,נקניקיות עוף טירת צבי 400 גרם,טיב טירת צבי 2000,IL,נקניקיות עוף טירת צב,גרמים,400.00,100 גרם,false,,14.90,3.7250,true,1,89607
7290000365954,false,פסטרמה על גחלים משקל,טירת- צבי,IL,פסטרמה הודו גחלים טי,קילוגרמים,1.00,"ק""ג",true,,89.00,89.0000,true,1,99593
7290000367590,false,פסטרמה כפרית וסלמי פריזר כפרי טירת צבי 2*400 גרם,טיב טירת צבי 2000,IL,פסטרמה צמד סלמי 400ג,גרמים,800.00,100 גרם,false,,31.90,3.9875,true,1,89608
7290000369037,false,סלט קוביות בולגרית גבינות ניצן 200 גרם,גבינות אמיר ניצן בעמ,IL,סלט קוביות בולגרית 2,גרמים,200.00,100 גרם,false,,15.90,7.9500,true,1,107840
7290000369365,false,מעדן גבינה בולגרית עם חציל 9% ניצן 200 גרם,גבינות אמיר ניצן בעמ,IL,מעדן בולגרית עם תוספ,גרמים,200.00,100 גרם,false,,13.90,6.9500,true,1,106055
7290000369617,false,מעדן כדורי פטה בשמן מתובל ניצן 230 גרם,גבינות אמיר ניצן בעמ,IL,כדורי רחוב 150 גרם,גרמים,150.00,100 גרם,false,,18.90,12.6000,true,1,106056
7290000369709,false,חמאה עירונית בתוספת ריחן ושום טרי גבינות ניצן 100 גרם,גבינות אמיר ניצן בעמ,IL,ממרח חמאה 100 גרם,גרמים,100.00,100 גרם,false,,13.90,13.9000,true,1,106057
7290000372204,false,דג ברמונדי בינוני נק,,,דג ברמונדי בינוני נק,קילוגרמים,1.00,"ק""ג",true,,49.90,49.9000,true,1,100736
7290000408316,false,יוגורט דנונה דל לקטוז 200 גרם,מיוצר עי קונדיטוריית,IL,דנונה טבעי 3% 200גר,גרמים,200.00,100 גרם,false,,3.80,1.9000,true,1,30574
7290000408354,false,יוגורט עם אורז מצופה שוקולד קקאו 175 ג' דנונה,"שטראוס בריאות בע""\מ",IL,דנונה בר פיצפוצים 17,גרמים,173.00,100 גרם,false,,4.80,2.7746,true,1,30575
7290000412481,false,נוזל לניקוי אסלות 00 סנו 1 ליטר,מיוצר עי קונדיטוריית,IL,מנקה אסלות 00 סנו 1ל,מיליליטרים,1000.00,"100 מ""ל",false,,8.90,0.8900,true,1,25761
7290000416021,false,ממרח בטעם שוקולד השחר חלבי 500,השחר העולה,IL,ממרח בטעם שוקולד השח,גרמים,500.00,100 גרם,false,,13.90,2.7800,true,1,26045
7290000416045,false,"ממרח בטעם שוקולד השחר 1 ק""ג",השחר העולה תעשייות מ,IL,ממרח השחר העולה חלבי,גרמים,1000.00,100 גרם,false,,24.90,2.4900,true,1,35012
7290000416618,false,"ממרח שוקולד פרווה השחר 400 גרם כשל""פ",השחר העולה תעשייות מ,IL,השחר העולה קרם מובחר,גרמים,400.00,100 גרם,false,,12.90,3.2250,true,1,26047
7290000416632,false,"ממרח שוקולד פרווה השחר 1 ק""ג כשל""פ",השחר העולה תעשית ממת,IL,ממרח השחר פרווה 1קג,גרמים,1000.00,100 גרם,false,,24.90,2.4900,true,1,38820
7290000416809,false,ממרח חלב קרם חצי מובחרלמריחה 350 ג' השחר,השחר העולה תעשייות מ,IL,ממרח חצי חצי קרם חלב,גרמים,350.00,100 גרם,false,,12.90,3.6857,true,1,96025
7290000416854,false,אבקת קקאו השחר העולה 150ג',השחר העולה תעשייות מ,IL,קקאו השחר 150גר,גרמים,150.00,100 גרם,false,,11.90,7.9333,true,1,35016
7290000418131,false,תחבושות טופ פד מקופלת 18 יח',מוצרי נייר עמיר,IL,תחבושות טופ פד סופר,יחידה,0.00,יחידה,false,,7.90,0.0000,true,1,68935
7290000418155,false,תחבושות טופ-פד סופר-פלוס 16 יחידות,מוצרי נייר עמיר,IL,תחבושות טופ פד סופר,יחידה,0.00,יחידה,false,,7.90,0.0000,true,1,68936
7290000419107,false,לנדוור קפה מקורי לבוקר טחון טורקי 100 גרם,קפה לנדוור בע''מ,IL,לנדוור קפה שחור 100ג,גרמים,100.00,100 גרם,false,,7.90,7.9000,true,1,19704
7290000419220,false,מארז קפה לנדוור לבוקר 3 יח 100 גרם,קפה לנדוור,IL,לנדוור קפה כחול מארז,גרמים,300.00,100 גרם,false,,18.90,6.3000,true,1,19705
7290000419893,false,לנדוור קפה שחור חזק טחון טורקי 100 גרם,מולינו ניקולי s.p.a,IL,לנדוור קפה שחור לבוק,גרמים,100.00,100 גרם,false,,7.90,7.9000,true,1,44726
7290000419909,false,לנדוור קפה שחור לבוקר טחון טורקי 100 גרם,מולינו ניקולי s.p.a,IL,לנדוור קפה שחור טעם,גרמים,100.00,100 גרם,false,,7.90,7.9000,true,1,44727
7290000420325,false,"פופסטאר פופקורן למקירוגל בטעם טבעי 5 שקיות,500 גרם",פרסטון פארמס,US,פופסטאר בטעם טבעי 5י,גרמים,500.00,100 גרם,false,,14.90,2.9800,true,1,25332
7290000420332,false,פופסטאר פופקורן למיקרוגל בטעם חמאה 5 יחידות 500 גרם,פרסטון פארמס,US,פופסטאר בטעם חמאה 5י,גרמים,500.00,100 גרם,false,,14.90,2.9800,true,1,25333
7290000449128,false,סיף פנטסטיק לימון ניקוי רב תכליתי 4ל',יוניליוור ישראל טיפוח אי,IL,סיף פנטסטיק לניקוי כ,מיליליטרים,4000.00,"100 מ""ל",false,,22.90,0.5725,true,1,26546
7290000453125,false,שמרית שמרים טריים לאפייה +משפר אפייה 100ג,"פאקא תעשיות בע""\מ",IL,שמרית + משפר אפיה 10,גרמים,100.00,100 גרם,false,,8.90,8.9000,true,1,30578
7290000453408,false,בצק פיצה דק מצונן ומוכן לאפייה שמרית 415 גרם,"פאקא תעשיות בע""מ",FR,בצק פיצה דק שמרית מצ,גרמים,415.00,100 גרם,false,,18.90,4.5542,true,1,106845
7290000453422,false,בצק פילו מצונן ומוכן לאפייה שמרית 300 גרם,"פאקא תעשיות בע""מ",GR,בצק פילו שמרית מצונן,גרמים,300.00,100 גרם,false,,17.50,5.8333,true,1,106847
7290000453798,false,שמרית שמרים יבשים אקטיביים 500 גר',"גי' בי' רכיבים בע""מ",IL,שמרים יבשים אקטיביים,גרמים,500.00,100 גרם,false,,14.90,2.9800,true,1,76981
7290000453880,false,מרגרינה ללא מלח לאפיה ובישול שמרית 200גר,"פאקא תעשיות בע""מ",IL,מרגרינה ללא מלח לאפי,גרמים,200.00,100 גרם,false,,6.70,3.3500,true,1,76149
7290000453897,false,מרגרינה בטעם חמאה שמרית 200 גרם,גרונבאנג- גרונדנסק א,IL,מרגרינה בטעם חמאה 20,גרמים,200.00,100 גרם,false,,6.70,3.3500,true,1,76150
7290000462103,false,סחוג תימני אדום חריף עדין זהבי הכרם 150 גרם,קריניסה ויטמין אס אי,IL,סחוג אדום חריף עדין,גרמים,150.00,100 גרם,false,,11.90,7.9333,true,1,30579
7290000462141,false,סחוג אדום תימני מקורי חריף מאוד זהבי 150 גרם,קריניסה ויטמין אס אי,IL,סחוג אדום חריף מאוד,גרמים,150.00,100 גרם,false,,11.90,7.9333,true,1,46769
7290000462172,false,סחוג תימני ירוק חריף זהבי הכרם 150 גרם,קריניסה ויטמין אס אי,IL,סחוג ירוק חריף מאוד,גרמים,150.00,100 גרם,false,,11.90,7.9333,true,1,30580
7290000467320,false,מלך החומוס אבו מרוואן 400 גרם,סלטי צבר,IL,חומוס אבו מרוואן צבר,גרמים,400.00,100 גרם,false,,14.90,3.7250,true,1,70687
7290000469638,false,"ספריי לגיהוץ קל מריטו 500 מ""ל",בולטון מניטובה,IT,מריטו ספריי גיהוץ 50,מיליליטרים,500.00,"100 מ""ל",false,,24.90,4.9800,true,1,28336
7290000474090,false,"חלב בקרטון 1%- 1 ליטר בד""צ - מוצר בפיקוח",מילקו תעשיות בעמ,IL,חלב 1% בקרטון טרה 1,מיליליטרים,1000.00,"100 מ""ל",false,,5.86,0.5860,true,1,33304
7290000474373,false,"שמנת חמוצה 15% שומן 200 מ""ל טרה",קריות זול,IL,שמנת חמוצה 15% 200מל,מיליליטרים,200.00,"100 מ""ל",false,,2.40,1.2000,true,1,33313
7290000474502,false,גבינה לבנה טרה 5% מרכיבים טבעיים,הפריט בפיקוח,IL,גבינה לבנה 5% טרה 25,גרמים,250.00,100 גרם,false,,4.98,1.9920,true,1,33317
7290000474540,false,טוב טעם גבינה לבנה 3% טרה 250 גרם,קריות זול,IL,גבינת 3% טוב טעם 250,גרמים,250.00,100 גרם,false,,12.50,5.0000,true,1,33318
7290000480107,false,קוואקר שיבולת שועל פחית 500 גרם,וולקרס סנקס לימיטד,GB,קוואקר מהיר אטוס פחי,גרמים,500.00,100 גרם,false,,15.90,3.1800,true,1,22413
7290000480442,false,קוואקר שיבולת שועל בשקית 500 גרם,פריטו ליי FRITO-LAY,IL,*מבצע* קואקר שבולת ש,גרמים,500.00,100 גרם,false,,10.90,2.1800,true,1,22415
7290000481029,false,פיתות בטעם ביתי 10 יחידו,דגנית עין בר תעשיות מזון,IL,פיתות בטעם ביתי 10 י,גרמים,1000.00,100 גרם,false,,11.90,1.1900,true,1,129106
7290000481043,false,10 פיתות מקמח כוסמין מלא דגנית,דגנית עין בר תעשיות מזון,IL,פיתות כוסמין מארז 10,גרמים,700.00,100 גרם,false,,15.90,2.2714,true,1,135608
7290000481074,false,לחם משלושה קמחים מלאים 750 גר,דגנית עין בר תעשיות מזון,IL,*מבצע* לחם טריו דגני,גרמים,750.00,100 גרם,false,,13.90,1.8533,true,1,139862
7290000481180,false,לחם מחמצת שאור 550 גרם דגנית,פריט ללא פיקוח,IL,לחם מחמצת שאור דגנית,גרמים,550.00,100 גרם,false,,18.90,3.4364,true,1,141418
7290000481197,false,לחם מחמצת גרעינים ושיבולת שועל 550 גרם דגנית,פריט ללא פיקוח,IL,לחם מחמצת גרעינים וש,גרמים,550.00,100 גרם,false,,18.90,3.4364,true,1,141416
7290000481203,false,לחם מחמצת מקמח מלא 550 גרם דגנית,פריט ללא פיקוח,IL,לחם מחמצת מקמח מלא ד,גרמים,550.00,100 גרם,false,,18.90,3.4364,true,1,141419
7290000481487,false,חלה רגילה 500גר,,,חלה רגילה 500גר,גרמים,500.00,100 גרם,false,,6.26,1.2520,true,1,47081
7290000484747,false,עראק עלית 700 מל 40% כהל,יקב הגליל יוסף גולד ובניו,IL,הארק עלית 40% 700מל,מיליליטרים,700.00,"100 מ""ל",false,,58.90,8.4143,true,1,77159
7290000490601,false,גלידל וניל פלדמן מארז שמינייה,הגלידות של פלדמן,IL,גלידל חלבי מאגדת בטע,יח',8.00,יח',false,,29.90,3.7375,true,1,129460
7290000490625,false,שלגונים ציפוי שוקו מאגדת שמינייה 560 ג',גלידות פלדמן,IL,מאגדת שלגונים ציפוי,יח',8.00,יח',false,,23.90,2.9875,true,1,134900
7290000497044,false,"לחם אקטיב 750 גרם ""ברמן""",מאפית י את א ברמן בע,IL,לחם אקטיב ברמן 750גר,גרמים,750.00,100 גרם,false,,16.90,2.2533,true,1,135651
7290000497228,false,לחמניה רגילה בשקית ברמן 6יח',מאפית י את א ברמן בע,IL,לחמניות בשקית 6יח,גרמים,450.00,100 גרם,false,,10.90,2.4222,true,1,135656
7290000497273,false,לחמניות ברמן אקטיב 6יח 450גר,מאפית י את א ברמן בע,IL,לחמניות אקטיב 6 יח',גרמים,450.00,100 גרם,false,,13.90,3.0889,true,1,135657
7290000497303,false,"שישיית לחמניות מקמח מלא ""ברמן""",מאפית י את א ברמן בע,IL,לחמניה מקמח מלא 6יח,גרמים,540.00,100 גרם,false,,10.90,2.0185,true,1,135658
7290000497358,false,חלה מתוקה ארוזה חלומית 500 גר',מאפית י את א ברמן בע,IL,חלומית חלה מתוקה ארו,גרמים,500.00,100 גרם,false,,14.90,2.9800,true,1,135659
7290000497426,false,לחם ברמן לענין פלוס 500 גרם,מאפית י את א ברמן בע,IL,לחם ברמן לענין פלוס,גרמים,500.00,100 גרם,false,,16.90,3.3800,true,1,135660
7290000497532,false,"לחם מקמח מלא""לעניין"" 750 גר'",מאפית י את א ברמן בע,IL,לחם ברמן לעניין 750ג,גרמים,750.00,100 גרם,false,,15.50,2.0667,true,1,135663
7290000497570,false,לחם דגנים פלוס ברמן 500 גרם,מאפית י את א ברמן בע,IL,לחם דגנים פלוס ברמן,גרמים,500.00,100 גרם,false,,16.90,3.3800,true,1,135664
7290000498003,false,לחם מקמח חיטה מלא 750 גר,מאפית י את א ברמן בע,IL,לחם מקמח מלא ברמן 75,גרמים,750.00,100 גרם,false,,16.90,2.2533,true,1,135665
7290000498034,false,לחם אי פרי קמח כוסמין מלא 750 גר',מאפית י את א ברמן בע,IL,לחם מקמח כוסמין מלא,גרמים,750.00,100 גרם,false,,16.90,2.2533,true,1,135668
7290000498256,false,עשיריית לחמניות ברמן,מאפית י.את א. ברמן ב,IL,מארז 10יח לחמניות בר,יחידה,0.00,יחידה,false,,13.90,0.0000,true,1,135669
7290000498423,false,חלה חלומית 500גר,,,חלה מתוקה ברמן,גרמים,500.00,100 גרם,false,,8.90,1.7800,true,1,135673
7290000504025,false,ממתיק סוכרזית פטרייה עלית 300 גרם,אף.סי תבליני בגליל ב,IL,סוכרזית פטריה 300 טב,יח',300.00,יח',false,,10.90,0.0363,true,1,27207
7290000504049,false,סוכרזית קלאסי קנקן 1200 טבליות,אף.סי תבליני בגליל ב,IL,סוכרזית קנקן 1200 טב,יח',1200.00,יח',false,,28.90,0.0241,true,1,30359
7290000504209,false,"סוכרזית דיאט טיפ נוזלי 220 מ""ל",אף.סי תבליני בגליל ב,IL,סוכרזית קלאסי נוזלי,מיליליטרים,220.00,"100 מ""ל",false,,22.90,10.4091,true,1,27209
7290000504278,false,ממתיק סוכרזית אריזת פטנט 700 טבליות,אף.סי תבליני בגליל ב,IL,סוכרזית פטנט 700טבלי,יח',700.00,יח',false,,19.90,0.0284,true,1,27212
7290000518152,false,ממתיק זהב מתוק וקל 50 שקיות,קריות זול,IL,מתוק וקל זהב 50 שקיו,גרמים,50.00,100 גרם,false,,7.90,15.8000,true,1,32634
7290000518190,false,מתוק וקל סטיביה 100 יחידות,מתוק וקל,IL,מתוק וקל סטיביה 100,יחידה,0.00,יחידה,false,,29.90,0.0000,true,1,93607
7290000518220,false,ממתיק סוכרה דיאט 100 יחידות,פתח תקווה,IL,סוכרה דיאט 100 שקיות,יחידה,0.00,יחידה,false,,29.90,0.0000,true,1,93608
7290000518336,false,ממתק צמר גפן מתוק מסיבים תזונתיים,מתוק וקל בעמ,IL,מווש צמר גפן מתוק 10,גרמים,10.00,גרם,false,,4.90,0.4900,true,1,140835
7290000521008,false,יין אדום יבש של סגל750מל,"כרמי צבי - אחים סגל בע""\",IL,יין סגל אדום יבש 750,מיליליטרים,750.00,"100 מ""ל",false,,24.90,3.3200,true,1,20444
7290000521022,false,"של סגל, יין לבן חצי יבש 750 מ""ל","מיוצר ע""י כרמי צבי-",IL,יין סגל לבן חצי יבש,מיליליטרים,750.00,"100 מ""ל",false,,24.90,3.3200,true,1,35058
7290000523125,false,מלח הארץ הים האדום 250 ג' עדין,"חברת מלח הארץ אילת בע""\מ",IL,מלח הארץ ים יבש 250,גרמים,250.00,100 גרם,false,,6.90,2.7600,true,1,22591
7290000523224,false,מלח הארץ הים האדום 500 ג' עדין,"חברת מלח הארץ אילת בע""\מ",IL,מלח הארץ ים יבש 500,גרמים,500.00,100 גרם,false,,9.90,1.9800,true,1,22592
7290000523514,false,מלח ים יבש מלח הארץ 250 גרם מופחת נתרן,"חברת מלח הארץ אילת בע""\מ",IL,מלח הארץ 50% מכמות ה,גרמים,250.00,100 גרם,false,,11.90,4.7600,true,1,43673
7290000523804,false,"מלח עדין צנצנת 1 ק""ג מלח הארץ","חברת מלח הארץ אילת בע""\מ",IL,מלח הארץ עדין צנצנת,גרמים,1000.00,100 גרם,false,,8.90,0.8900,true,1,56061
7290000523811,false,"צנצנת מלח גס 1 ק""ג מלח הארץ","חברת מלח הארץ אילת בע""\מ",IL,מלח הארץ גס צנצנת 1ק,גרמים,1000.00,100 גרם,false,,8.90,0.8900,true,1,56062
7290000525969,false,מיץ תפוזים סחוט רכיבים טבעיים פרימור 1 ליטר,"גניר (1992) בע""מ",IL,פרימור תפוזים 1ליטר,מיליליטרים,1000.00,"100 מ""ל",false,,16.90,1.6900,true,1,30584
7290000530024,false,נקניק תה מעושן רחב במשקל,זוגלובק,IL,תה מעושן זוגלובק,קילוגרמים,1.00,"ק""ג",true,,54.00,54.0000,true,1,29765
7290000530031,false,סלמי פיין צר זוגלובק,זוגלובק,IL,סלמי פיין צר זוגלובק,קילוגרמים,1.00,"ק""ג",true,,59.00,59.0000,true,1,29766
7290000530048,false,נקניק סלמי פפרוני במ,זוגלובק,IL,סלמי פפרוני זוגלובק,קילוגרמים,1.00,"ק""ג",true,,59.00,59.0000,true,1,29767
7290000530062,false,נקניק מעושן איטלקי במשקל,זוגלובק,IL,נקניק מעושן איטלקי ז,קילוגרמים,1.00,"ק""ג",true,,89.00,89.0000,true,1,29768
7290000530086,false,נקניק סלמי מעושן זוגלובק 600 גרם,נקניק נהריה כשר זוגל,IL,*מבצע* נקניק סלמי מע,גרמים,600.00,100 גרם,false,,27.90,4.6500,true,1,29800
7290000530109,false,קבנוס זוגי בואקום זוגלובק 180ג',נקניק נהריה כשר זוגל,IL,קבנוס זוגלובק זוג 18,גרמים,180.00,100 גרם,false,,34.90,19.3889,true,1,41267
7290000530116,false,נקניק סלמי מעושן בשן 470 ג' זוגלובק,נקניק נהריה כשר זוגל,IL,*מבצע* נקניק בשן זוג,גרמים,470.00,100 גרם,false,,17.90,3.8085,true,1,29801
7290000530178,false,נקניק קוניאק זוגלובק,זוגלובק,IL,נקניק קוניאק זוגלובק,קילוגרמים,1.00,"ק""ג",true,,89.00,89.0000,true,1,29770
7290000530192,false,נקניק סלמי סרוולד במ,זוגלובק,IL,נקניק סרבלד זוגלובק,קילוגרמים,1.00,"ק""ג",true,,135.00,135.0000,true,1,29771
7290000530260,false,נקניק מרטדלה רחב במשקל,זוגלובק,IL,מורטודלה זוגלובק,קילוגרמים,1.00,"ק""ג",true,,47.00,47.0000,true,1,40156
7290000530291,false,נקניק מבשר הודו קטן זוגלובק 750 גרם,נקניק נהריה כשר זוגל,IL,נקניק מבשר הודו קטן,גרמים,750.00,100 גרם,false,,19.90,2.6533,true,1,29804
7290000530369,false,גולן ח.הודו מעוש.שלם משק,זוגלובק,IL,פסטרמה גולן הודו מעו,קילוגרמים,1.00,"ק""ג",true,,89.00,89.0000,true,1,29773
7290000530413,false,המבורגר זהב זוגלובק 400 גרם,נקניק נהריה כשר זוגל,IL,המבורגר זהב זוגלובק,גרמים,400.00,100 גרם,false,,24.90,6.2250,true,1,29805
7290000530444,false,כתף בקר מעושן אורלנדו מש,זוגלובק,IL,כתף בקר מעושן זוגלוב,קילוגרמים,1.00,"ק""ג",true,,119.00,119.0000,true,1,29775
7290000530598,false,נקניקיות עוף וינר זוגלובק 500 גרם,נקניק נהריה כשר זוגל,IL,נקניקיות וינר גוליבר,גרמים,500.00,100 גרם,false,,15.90,3.1800,true,1,29811
7290000530604,false,נקניקיות וינר חריפות גוליבר 500ג זוגלובק,נקניק נהריה כשר זוגל,IL,נקניקיות חריפות זוגל,גרמים,400.00,100 גרם,false,,15.90,3.9750,true,1,29812
7290000530703,false,פסטרמה חרמון כפרית ונקניק תה מעושן זוגלובק 2*400 גרם,נקניק נהריה כשר זוגל,IL,*מבצע* נקניק תה 400ג,גרמים,800.00,100 גרם,false,,26.90,3.3625,true,1,50896
7290000531410,false,פסטרממיה בדבש טהור במשקל,זוגלובק,IL,פסטרממיה בדבש טהור,קילוגרמים,1.00,"ק""ג",true,,89.00,89.0000,true,1,29779
7290000532400,false,חזה הודו ברביקיו במשקל,זוגלובק,IL,פסטרמה ברביקיו זוגלו,קילוגרמים,1.00,"ק""ג",true,,89.00,89.0000,true,1,29780
7290000532585,false,נקניק רוסטביף חצוי ב,זוגלובק,IL,רוסטביף זוגלובק,קילוגרמים,1.00,"ק""ג",true,,119.00,119.0000,true,1,52292
7290000534718,false,חזה הודו תבור דל שומן מש,זוגלובק,IL,פסטרמה חזה תבור זוגל,קילוגרמים,1.00,"ק""ג",true,,89.00,89.0000,true,1,29784
7290000534824,false,חזה הודו חרמון(מעוצב)משק,זוגלובק,IL,חרמון הודו מעושן זוג,קילוגרמים,1.00,"ק""ג",true,,59.00,59.0000,true,1,29786
7290000536743,false,שניצלונים קריספי ט. תירס 500 גר' זוגלובק,נקניק נהריה כשר זוגל,IL,קריספי סטיקס תירס זו,גרמים,500.00,100 גרם,false,,21.90,4.3800,true,1,71940
7290000537566,false,נקניקיות עוף טרי 400 ג' זוגלובק,נקניק נהריה כשר זוגל,IL,נקניקיות עוף זוגלובק,גרמים,400.00,100 גרם,false,,14.90,3.7250,true,1,29896
7290000538099,false,פסטרממיה כפרית במשקל,זוגלובק,IL,פסטרמה כפרית במשקל ז,קילוגרמים,1.00,"ק""ג",true,,89.00,89.0000,true,1,29789
7290000554402,false,מעדן חלב מלבי 5% גד 170 גרם,"מיוצר ע""\י קוד יצרן EDNK",IL,מלבי 160גר מחלבות גד,גרמים,160.00,100 גרם,false,,6.00,3.7500,true,1,19880
7290000554457,false,גבינה צפתית במליחות עדינה 5% גד 350 גרם,"מחלבות גד בע""\מ",IL,צפתית 5% 350גר מחלבו,גרמים,350.00,100 גרם,false,,23.90,6.8286,true,1,19881
7290000554471,false,נקניק מוצרלה 22 אחוז 180גרם גד מהדרין,"מחלבות גד בע""\מ",IL,מוצרלה נקניק טבעי מח,גרמים,180.00,100 גרם,false,,18.90,10.5000,true,1,19882
7290000554532,false,גבינה צפתית מעודנת במלח ים 5% 200 ג' גד,הנסיך- מפעל לייצור ט,IL,צפתית מעודנת במלח ים,גרמים,200.00,100 גרם,false,,15.50,7.7500,true,1,46346
7290000554600,false,מוצרלה מגורדת 22 אחוז 300גרם גד מהדרין,מחלבות גד בעמ,IL,מוצרלה 22% מגורדת 30,גרמים,300.00,100 גרם,false,,28.90,9.6333,true,1,19884
7290000554624,false,מעדן חלב ירח מתוק עם אורז 3% גד 150 גרם,"מיוצר ע""\י קוד יצרן EDNK",IL,ירח מתוק 150גר מחלבו,גרמים,150.00,100 גרם,false,,6.00,4.0000,true,1,19885
7290000554686,false,גבינת לאבנה בתוספת שמן זית וזעתר 5% גד 250 גרם,מחלבות גד בעמ,IL,לאבנה בשמן זית וזעתר,גרמים,250.00,100 גרם,false,,15.50,6.2000,true,1,19887
7290000554822,false,ריקוטה גבינה לבנה בסגנון איטלקי 5% גד 250 גרם,מחלבות גד בעמ,IL,*מבצע* ריקוטה טבעי 5,גרמים,250.00,100 גרם,false,,12.00,4.8000,true,1,19891
7290000554839,false,מסקרפונה שמנת מתוקה קשה בסגנון איטלקי 40% גד 250 גרם,מחלבות גד בעמ,IL,גבינה מסקרפונה 40% 2,גרמים,250.00,100 גרם,false,,23.90,9.5600,true,1,19892
7290000560533,false,אדג' ג'ל גילוח ירוק לעור רגיל 198גרם,אס.סי ג'ונסון ובניו,US,אדג גל גילוח ירוק עם,מיליליטרים,200.00,"100 מ""ל",false,,18.90,9.4500,true,1,25343
7290000560540,false,אדג' ג'ל גילוח כתום לעור רגיש 198גרם,המאפיה של הרמן,US,אדג גל גילוח כתום לע,מיליליטרים,200.00,"100 מ""ל",false,,18.90,9.4500,true,1,25344
7290000571386,false,המחלבה יוגורמה יוגורט מחלב כבשים 5% 850 גרם,גבינות משק אחים מאיר בית,IL,יוגורמה מחלב כבשים 8,גרמים,850.00,100 גרם,false,,28.50,3.3529,true,1,29334
7290000572208,false,חלוה בטעם וניל אחווה 100 גרם,שוורצקוף& הנקל דיסלד,IL,חלבה אחווה 100גר,גרמים,100.00,100 גרם,false,,3.90,3.9000,true,1,22048
7290000572222,false,חלווה בלוק וניל אחוה 500 גרם,שוורצקוף& הנקל דיסלד,IL,חלבה בבלוק אחווה 500,גרמים,500.00,100 גרם,false,,12.90,2.5800,true,1,22050
7290000572529,false,חלוה עם פיסטוק אחווה 400 גרם,אחדות ביחר לטחינה חל,IL,חלבה פיסטוק אחווה 40,גרמים,400.00,100 גרם,false,,14.90,3.7250,true,1,22051
7290000572536,false,אחווה חלווה ווניל במגש 400 גר,אחדות ביחר לטחינה חל,IL,חלבה וניל אחווה 400,גרמים,400.00,100 גרם,false,,13.90,3.4750,true,1,35101
7290000572543,false,חלוה בטעם שוקו וניל אחווה 400 גרם,אחדות ביחר לטחינה חל,IL,חלבה קקאו וניל 400 ג,גרמים,400.00,100 גרם,false,,13.90,3.4750,true,1,22052
7290000572628,false,חטיפי חלווה ללא סוכר בקופסא 250 גרם,שוורצקוף& הנקל דיסלד,IL,חטיף חלבה ללא סוכר 1,גרמים,275.00,100 גרם,false,,14.90,5.4182,true,1,22053
7290000572673,false,מארז חלווה אחוה 12 יחידות 300 גרם,שוורצקוף& הנקל דיסלד,IL,חטיף חלבה אחווה 12*2,גרמים,300.00,100 גרם,false,,14.90,4.9667,true,1,22055
7290000574011,false,מארז 8 לחמניות חיטה,,,מארז 8 לחמניות חיטה,יח',8.00,יח',false,,11.90,1.4875,true,1,135617
7290000574028,false,לחם שחור מועשר בחומצה פולית וויטמינים דגנים 750 גרם,יוניליוור גרמניה Gm,IL,לחם שחור מועשר פלוס,גרמים,750.00,100 גרם,false,,8.90,1.1867,true,1,135618
7290000574035,false,לחם אחיד פרוס 750גרם דגנית עין בר,יוניליוור גרמניה Gm,IL,לחם אחיד פרוס 750גרם,גרמים,750.00,100 גרם,false,,7.10,0.9467,true,1,135619
7290000574066,false,לחם מלא פלוס שיפון דגנית 750 גרם,דגנית עין בר תעשיות מזון,IL,לחם חיטה מלאה עם שיפ,גרמים,750.00,100 גרם,false,,15.90,2.1200,true,1,135622
7290000574097,false,מארז לחמניות מיוחדות,,,מארז לחמניות מיוחדות,יח',8.00,יח',false,,11.90,1.4875,true,1,135624
7290000574141,false,לחם חיטה מלא 750ג' דגנית עין בר,דגנית עין בר תעשיות מזון,IL,לחם חיטה מלאה 750גר,גרמים,750.00,100 גרם,false,,14.90,1.9867,true,1,135626
7290000574158,false,מארז 8 לחמניות לוסי,,,מארז 8 לחמניות לוסי,יח',8.00,יח',false,,11.90,1.4875,true,1,135627
7290000574165,false,חלה פרוסה מעודנת 500,מולינו ניקולי s.p.a,IL,חלה פרוסה מעודנת 500,גרמים,500.00,100 גרם,false,,9.90,1.9800,true,1,135628
7290000574172,false,לחם קל מחיטה מלאה 750 ג' דגנית עין בר,דגנית עין בר תעשיות מזון,IL,לחם קל חיטה מלאה 750,גרמים,750.00,100 גרם,false,,16.90,2.2533,true,1,135629
7290000574189,false,מארז 6 לחמניות קלועו,,,מארז 6 לחמניות קלועו,יח',6.00,יח',false,,11.90,1.9833,true,1,135630
7290000574226,false,לחמניות אצבע דגנית מ,,,לחמניות אצבע דגנית מ,יחידה,0.00,יחידה,false,,11.90,0.0000,true,1,135631
7290000574301,false,לחמניות 10יח חיטה מל,,,לחמניות 10יח חיטה מל,יחידה,0.00,יחידה,false,,11.90,0.0000,true,1,135633
7290000574370,false,דגנית עין ברלחם שיפון אמיתי קל 750ג,דגנית עין בר תעשיות מזון,IL,לחם שיפון אמיתי קל 5,גרמים,500.00,100 גרם,false,,16.90,3.3800,true,1,135635
7290000574455,false,לחם חיטה מלא פלוס כוסמין 750 ג' דגנית עין בר,פריט ללא פיקוח,IL,לחם חיטה מלאה כוסמין,גרמים,750.00,100 גרם,false,,16.90,2.2533,true,1,135638
7290000574509,false,מארז 6 לחמניות אצבע דגנית,מאפ. דגנית עין-בר,IL,*מבצע* לחמניות חצויו,גרמים,450.00,100 גרם,false,,8.90,1.9778,true,1,135639
7290000599564,false,צמר פלדה קלאסיק יחידה,מ.א,CN,צמר פלדה 5יח,גרמים,200.00,100 גרם,false,,3.90,1.9500,true,1,55321
7290000599571,false,צמר פלדה 20 יח' בשקי,פלסטו פוליש (ברקן),IL,צמר פלדה 200גר,גרמים,200.00,100 גרם,false,,6.90,3.4500,true,1,55322
7290000599847,false,רב מגבת מויסקו,מ.א,IL,רב מגבת גליל,יחידה,0.00,יחידה,false,,10.90,0.0000,true,1,55323
7290000599977,false,שייני כריות יפניות 9 יח',,,כרית יפנית 9יח,יחידה,0.00,יחידה,false,,10.90,0.0000,true,1,41849
7290000611228,false,פילה עוף טרי ארוז ע.עוז,,,פילה עוף טרי ארוז,קילוגרמים,1.00,"ק""ג",true,,39.90,39.9000,true,1,106482
7290000611280,false,עוף טרי ארוז ע.עוז,,,עוף שלם טרי ארוז,קילוגרמים,1.00,"ק""ג",true,,20.90,20.9000,true,1,106483
7290000611839,false,שוקיים פטם ארוז ע.עוז,"עוף עוז שיווק בע""מ",IL,שוקיים עוף טרי ארוז,קילוגרמים,1.00,"ק""ג",true,,37.90,37.9000,true,1,106484
7290000611846,false,כרעיים עוף טרי ארוז ע.עוז,,,כרעיים עוף טרי ארוז,קילוגרמים,1.00,"ק""ג",true,,29.90,29.9000,true,1,104957
7290000611853,false,כנפיים עוף טרי ארוז ע.עוז,,,כנפיים עוף טרי ארוז,קילוגרמים,1.00,"ק""ג",true,,12.90,12.9000,true,1,106485
7290000611860,false,חזה עוף טרי ארוז ע.עוז,,,חזה עוף טרי ארוז,קילוגרמים,1.00,"ק""ג",true,,39.90,39.9000,true,1,106486
7290000611877,false,ירכיים עוף טרי ארוז ע.עוז,,,ירכיים עוף טרי ארוז,קילוגרמים,1.00,"ק""ג",true,,29.90,29.9000,true,1,106487
7290000611884,false,כבד עוף טרי ארוז ע.עוז,,,כבד עוף טרי ארוז לצל,קילוגרמים,1.00,"ק""ג",true,,24.90,24.9000,true,1,106488
7290000611891,false,לבבות עוף טרי ארוז,,,לב עוף טרי ארוז,קילוגרמים,1.00,"ק""ג",true,,34.90,34.9000,true,1,70404
7290000611938,false,טחול עוף טרי ארוז,,,טחול עוף טרי ארוז,קילוגרמים,1.00,"ק""ג",true,,64.90,64.9000,true,1,106489
7290000611945,false,קורקבן עוף טרי ארוז,,,קורקבן עוף טרי ארוז,קילוגרמים,1.00,"ק""ג",true,,10.90,10.9000,true,1,106490
7290000611983,false,שניצל פרוס טרי ארוז ע.עוז,,,שניצל עוף טרי ארוז,קילוגרמים,1.00,"ק""ג",true,,44.90,44.9000,true,1,106491
7290000612867,false,שוארמה הודו נקבה ארוז ע.עוז,עוף עוז שיווק,IL,שווארמה הודו טרי ארו,קילוגרמים,1.00,"ק""ג",true,,74.90,74.9000,true,1,106492
7290000612904,false,חזה הודו נקבה ארוז,עוף עוז שיווק,IL,חזה הודו טרי ארוז,קילוגרמים,1.00,"ק""ג",true,,35.90,35.9000,true,1,106495
7290000612911,false,שוק הודו מפורק טרי ארוז,עוף עוז,IL,בשר אדום הודו טרי אר,קילוגרמים,1.00,"ק""ג",true,,57.90,57.9000,true,1,106496
7290000612928,false,כנפיים הודו טרי ארוז,עוף עוז שיווק,IL,כנפיים הודו טרי ארוז,קילוגרמים,1.00,"ק""ג",true,,17.90,17.9000,true,1,106504
7290000612966,false,גרון הודו טרי ארוז ע.עוז,עוף עוז שיווק,IL,גרון הודו טרי ארוז,קילוגרמים,1.00,"ק""ג",true,,31.90,31.9000,true,1,106500
7290000644783,false,נתחי פילה סלמון קפוא קג,דגי תנובה,DK,מנות סלמון קפוא תנוב,קילוגרמים,1.00,"ק""ג",true,,94.90,94.9000,true,1,74973
7290000646299,false,פילה נסיכת הנילוס 100% דג קפוא תנובה,דגי תנובה,IL,פילה נסיכת הנילוס קפ,קילוגרמים,1.00,"ק""ג",true,,59.90,59.9000,true,1,113224
7290000652542,false,פילה אמנון קפוא 5-7 קג,דגי תנובה,IL,פילה אמנון קפוא 5-7,קילוגרמים,1.00,"ק""ג",true,,35.90,35.9000,true,1,113219
7290000658926,false,"פילה מרלוזה קפוא 100% ""תנובה""",דגי תנובה,AR,פילה מרלוזה קפוא 100,קילוגרמים,1.00,"ק""ג",true,,34.90,34.9000,true,1,113228
7290000659312,false,דגי תנובה פילה סלומון קפוא בוואקום,דגי תנובה,IL,פילה סלמון פרמיום קפ,קילוגרמים,1.00,"ק""ג",true,,84.90,84.9000,true,1,74971
7290000662749,false,שריר הזרוע מס 8 חלק,,,שריר הזרוע מס 8 חלק,קילוגרמים,1.00,"ק""ג",true,,29.90,29.9000,true,1,135321
7290000688077,false,"מי עדן 0.500 מ""ל פקק רגיל",מופק ממקור בזלתי עדן,IL,מי עדן 500מל,מיליליטרים,500.00,"100 מ""ל",false,,3.00,0.6000,true,1,65344
7290000688084,false,מי עדן פקק ספורטאים500מל,"מופק ממקור בזלתי עדן ,1",IL,"מי עדן ספורט 500מ""ל",מיליליטרים,500.00,"100 מ""ל",false,,3.00,0.6000,true,1,26106
7290000688176,false,מים מינרליים בייבי מ,מופק ממקור בזלתי עדן,IL,"מי עדן 250מ""ל",מיליליטרים,250.00,"100 מ""ל",false,,3.00,1.2000,true,1,35141
7290000688374,false,"מים מינרליים מי עדן בייבי 6*330 מ""ל","מופק ממקור בזלתי עדן ,1",IL,מי עדן בייבי שישיה 6,מיליליטרים,1980.00,"100 מ""ל",false,,15.90,0.8030,true,1,35142
7290000688381,false,שישיית מי עדן פקק ספורט 0.5 ליטר,"מופק ממקור בזלתי עדן ,1",IL,מי עדן ספורט שישייה,מיליליטרים,3000.00,"100 מ""ל",false,,14.90,0.4967,true,1,22246
7290000688503,false,"מים מינרלים פקק ספורט מי עדן 6*750 מ""ל","מופק ממקור בזלתי עדן ,1",IL,מי עדן ג'ים שישייה 6,מיליליטרים,4500.00,"100 מ""ל",false,,16.90,0.3756,true,1,26107
7290000692203,false,נוזל לניקוי כללי ורצפות בניחוח לימון אג'קס 2 ליטר,הנסיך- מפעל לייצור ט,GR,אגקס לניקוי כללי ניח,מיליליטרים,2000.00,"100 מ""ל",false,,24.90,1.2450,true,1,28343
7290000692227,false,נוזל כלים פלמוליב צילינדר קלאסי 1 ליטר,יבואן ומשווק: ש. שסט,GR,פלמוליב לכלים קלאסי,מיליליטרים,1000.00,"100 מ""ל",false,,14.90,1.4900,true,1,28345
7290000805368,false,בונזו גורים 3 קג' - אירוז חדש,אף.סי תבליני בגליל ב,FR,בונזו גורים 3קג,קילוגרמים,3.00,"ק""ג",false,,75.90,25.3000,true,1,25078
7290000805597,false,"מזון לכלבים בונזו מזון כלבים סניור 3 ק""ג","ביופט בע""מ",IL,בונזו 7+ לכלבים 3קג,קילוגרמים,3.00,"ק""ג",false,,54.90,18.3000,true,1,25079
7290000805795,false,"חול חתולים יורוקיטי 10 ק""ג",שחם גבעת עדה,IL,חול חתולים 10קג,קילוגרמים,10.00,"ק""ג",false,,37.90,3.7900,true,1,25081
7290000805900,false,"מזון חתולים לה קט עוף 2.85 ק""ג","ביופט בע""מ",FR,לה קט עוף 2.85קג,קילוגרמים,2.85,"ק""ג",false,,79.90,28.0351,true,1,25085
7290000805917,false,"מזון חתולים לה קט כבד 2.85 ק""ג","ביופט בע""מ",IL,לה קט כבד 2.85קג,קילוגרמים,2.85,"ק""ג",false,,79.90,28.0351,true,1,25086
7290000932407,false,קוקוס,,,קוקוס,גרמים,1000.00,100 גרם,false,,6.90,0.6900,true,1,90441
7290000979427,false,עגבניות שרי כתום לבבות,חקלאי,IL,שרי כתום ארוז בלב,גרמים,460.00,100 גרם,false,,9.90,2.1522,true,1,140110
7290000991029,false,ערמונים,,,ערמונים,קילוגרמים,1.00,"ק""ג",true,,19.90,19.9000,true,1,90359
7290000991512,false,אגס נאשי,,,אגס נאשי,קילוגרמים,1.00,"ק""ג",true,,15.90,15.9000,true,1,90504
7290000992381,false,אפרסמון,,,אפרסמון,קילוגרמים,1.00,"ק""ג",true,,19.90,19.9000,true,1,90360
7290000992426,false,אנונה,,,אנונה,קילוגרמים,1.00,"ק""ג",true,,25.90,25.9000,true,1,90447
7290000995353,false,פפאיה,,,פפאיה,קילוגרמים,1.00,"ק""ג",true,,19.90,19.9000,true,1,102336
7290000997719,false,אבטיח אישי,,,אבטיח אישי,קילוגרמים,1.00,"ק""ג",true,,6.90,6.9000,true,1,90449
7290000999104,false,דלעת ערמונים,,,דלעת ערמונים,קילוגרמים,1.00,"ק""ג",true,,12.90,12.9000,true,1,92959
7290000999350,false,תפוז ארוז ברשת,,,תפוז ארוז ברשת,קילוגרמים,1.00,"ק""ג",true,,3.90,3.9000,true,1,90362
7290000999358,false,אשכולית אדומה,,,אשכולית אדומה,קילוגרמים,1.00,"ק""ג",true,,5.90,5.9000,true,1,90451
7290000999361,false,"תפו""ע פינק גולד",,,"תפו""ע פינק גולד",קילוגרמים,1.00,"ק""ג",true,,16.90,16.9000,true,1,90363
7290000999436,false,למון ליים,,,למון ליים,קילוגרמים,1.00,"ק""ג",true,,8.90,8.9000,true,1,90515
7290000999626,false,ברוקולי ארוז,,,ברוקולי ארוז,גרמים,1000.00,100 גרם,false,,7.90,0.7900,true,1,90524
7290000999748,false,גינגר תפזורת,,,גינגר תפזורת,קילוגרמים,1.00,"ק""ג",true,,24.90,24.9000,true,1,90512
7290000999752,false,רימון,,,רימון,קילוגרמים,1.00,"ק""ג",true,,9.90,9.9000,true,1,90364
7290000999782,false,עגבניה מגי,,,עגבניה מגי,קילוגרמים,1.00,"ק""ג",true,,16.90,16.9000,true,1,90517
7290000999818,false,אננס,,,אננס,יחידה,0.00,יחידה,false,,39.90,0.0000,true,1,90458
7290000999819,false,קלמנטינה/מנדרינה.,,,קלמנטינה/מנדרינה,קילוגרמים,1.00,"ק""ג",true,,6.90,6.9000,true,1,90365
7290000999821,false,קיווי,,,קיווי,קילוגרמים,1.00,"ק""ג",true,,19.90,19.9000,true,1,90459
7290000999825,false,עגבניה שרי מנומר,,,עגבניה שרי מנומר,קילוגרמים,1.00,"ק""ג",true,,19.90,19.9000,true,1,90737
7290000999832,false,גויבה,,,גויבה,קילוגרמים,1.00,"ק""ג",true,,21.90,21.9000,true,1,90462
7290000999833,false,ברוקולי,,,ברוקולי,גרמים,1000.00,100 גרם,false,,7.90,0.7900,true,1,90366
7290000999834,false,דלורית,,,דלורית,קילוגרמים,1.00,"ק""ג",true,,5.90,5.9000,true,1,90463
7290000999861,false,שרי מנומר 500 גרם,,,שרי מנומר 500 גרם,יחידה,0.00,יחידה,false,,12.90,0.0000,true,1,91936
7290000999875,false,שזיף שגיב.,,,שזיף שגיב,קילוגרמים,1.00,"ק""ג",true,,15.90,15.9000,true,1,90466
7290000999877,false,"תפו""א לאפיה קטן",,,"תפו""א לאפיה קטן",קילוגרמים,1.00,"ק""ג",true,,3.90,3.9000,true,1,90467
7290000999890,false,פלפל שושקה,,,פלפל שושקה,קילוגרמים,1.00,"ק""ג",true,,14.90,14.9000,true,1,90367
7290000999896,false,ענבים אדום,,,ענבים אדום,קילוגרמים,1.00,"ק""ג",true,,18.90,18.9000,true,1,90368
7290000999899,false,קישואים זוקיני,,,קישואים זוקיני,קילוגרמים,1.00,"ק""ג",true,,12.90,12.9000,true,1,90468
7290000999901,false,עגבניה אשכולות,,,עגבניה אשכולות,קילוגרמים,1.00,"ק""ג",true,,7.90,7.9000,true,1,90369
7290000999902,false,עגבניה שרי,,,עגבניה שרי,קילוגרמים,1.00,"ק""ג",true,,14.90,14.9000,true,1,90370
7290000999903,false,מלפפון,,,מלפפון,קילוגרמים,1.00,"ק""ג",true,,6.90,6.9000,true,1,90371
7290000999904,false,פלפל ירוק,,,פלפל ירוק,קילוגרמים,1.00,"ק""ג",true,,8.90,8.9000,true,1,90469
7290000999905,false,פלפל בהיר,,,פלפל בהיר,קילוגרמים,1.00,"ק""ג",true,,8.90,8.9000,true,1,90470
7290000999906,false,פלפל אדום,,,פלפל אדום,קילוגרמים,1.00,"ק""ג",true,,8.90,8.9000,true,1,90372
7290000999907,false,פלפל צהוב,,,פלפל צהוב,קילוגרמים,1.00,"ק""ג",true,,8.90,8.9000,true,1,90471
7290000999908,false,פלפל חריף,,,פלפל חריף,קילוגרמים,1.00,"ק""ג",true,,8.90,8.9000,true,1,90373
7290000999909,false,כרוב לבן,,,כרוב לבן,קילוגרמים,1.00,"ק""ג",true,,3.90,3.9000,true,1,90374
7290000999910,false,כרוב אדום,,,כרוב אדום,קילוגרמים,1.00,"ק""ג",true,,4.90,4.9000,true,1,90472
7290000999911,false,כרובית,,,כרובית,קילוגרמים,1.00,"ק""ג",true,,9.90,9.9000,true,1,90375
7290000999912,false,קישואים,,,קישואים,קילוגרמים,1.00,"ק""ג",true,,7.90,7.9000,true,1,90376
7290000999913,false,חציל,,,חציל,קילוגרמים,1.00,"ק""ג",true,,5.90,5.9000,true,1,90377
7290000999914,false,גזר ארוז,,,גזר ארוז,קילוגרמים,1.00,"ק""ג",true,,4.90,4.9000,true,1,90378
7290000999915,false,צנונית ארוזה,,,צנונית ארוזה,גרמים,1000.00,100 גרם,false,,5.90,0.5900,true,1,90379
7290000999916,false,סלק אדום,,,סלק,קילוגרמים,1.00,"ק""ג",true,,5.90,5.9000,true,1,90401
7290000999917,false,בטטה,,,בטטה,קילוגרמים,1.00,"ק""ג",true,,8.90,8.9000,true,1,90380
7290000999918,false,דלעת,,,דלעת,קילוגרמים,1.00,"ק""ג",true,,9.90,9.9000,true,1,90473
7290000999919,false,בצל יבש,,,בצל יבש,קילוגרמים,1.00,"ק""ג",true,,4.90,4.9000,true,1,90474
7290000999920,false,בצל אדום,,,בצל אדום,קילוגרמים,1.00,"ק""ג",true,,6.90,6.9000,true,1,90475
7290000999921,false,חסה ערבית,,,חסה ערבית,גרמים,1000.00,100 גרם,false,,5.90,0.5900,true,1,90396
7290000999922,false,חסה עגולה,,,חסה עגולה,גרמים,1000.00,100 גרם,false,,5.90,0.5900,true,1,90500
7290000999924,false,שום יבש,,,שום יבש,גרמים,1000.00,100 גרם,false,,7.90,0.7900,true,1,90476
7290000999925,false,"תפו""א לבן",,,"תפו""א לבן",קילוגרמים,1.00,"ק""ג",true,,4.90,4.9000,true,1,90381
7290000999926,false,"תפו""א אדום",,,"תפו""א אדום",קילוגרמים,1.00,"ק""ג",true,,5.90,5.9000,true,1,90382
7290000999934,false,עגבניה שרי תמר,,,עגבניה שרי תמר,קילוגרמים,1.00,"ק""ג",true,,19.90,19.9000,true,1,90383
7290000999936,false,תירס,,,תירס,קילוגרמים,1.00,"ק""ג",true,,9.90,9.9000,true,1,90384
7290000999942,false,תפו'ע זהוב,,,תפו'ע זהוב,קילוגרמים,1.00,"ק""ג",true,,11.90,11.9000,true,1,90385
7290000999943,false,תפו'ע סמיט,,,תפו'ע סמיט,קילוגרמים,1.00,"ק""ג",true,,11.90,11.9000,true,1,90386
7290000999944,false,תפו'ע חרמון/גלה,,,תפו'ע חרמון/גלה,קילוגרמים,1.00,"ק""ג",true,,11.90,11.9000,true,1,90387
7290000999945,false,אגס,,,אגס,קילוגרמים,1.00,"ק""ג",true,,15.90,15.9000,true,1,90388
7290000999947,false,שזיף אדום,,,שזיף אדום,קילוגרמים,1.00,"ק""ג",true,,19.90,19.9000,true,1,90478
7290000999949,false,בננה,,,בננה,קילוגרמים,1.00,"ק""ג",true,,5.90,5.9000,true,1,90480
7290000999950,false,מלון,,,מלון,קילוגרמים,1.00,"ק""ג",true,,8.90,8.9000,true,1,90481
7290000999951,false,אבטיח,,,אבטיח,קילוגרמים,1.00,"ק""ג",true,,6.90,6.9000,true,1,90482
7290000999952,false,ענבים לבנים,,,ענבים לבנים,קילוגרמים,1.00,"ק""ג",true,,24.90,24.9000,true,1,90389
7290000999953,false,לימון,,,לימון,קילוגרמים,1.00,"ק""ג",true,,6.90,6.9000,true,1,90390
7290000999954,false,מנגו,,,מנגו,קילוגרמים,1.00,"ק""ג",true,,16.90,16.9000,true,1,90483
7290000999955,false,קולורבי,,,קולורבי,קילוגרמים,1.00,"ק""ג",true,,6.90,6.9000,true,1,90397
7290000999956,false,פלפל כתום,,,פלפל כתום,קילוגרמים,1.00,"ק""ג",true,,8.90,8.9000,true,1,90484
7290000999957,false,אבוקדו,,,אבוקדו,קילוגרמים,1.00,"ק""ג",true,,12.90,12.9000,true,1,90391
7290000999959,false,תפו'ע יונתן,,,תפו'ע יונתן,קילוגרמים,1.00,"ק""ג",true,,9.90,9.9000,true,1,90486
7290000999961,false,שומר,,,שומר,קילוגרמים,1.00,"ק""ג",true,,5.90,5.9000,true,1,90392
7290000999967,false,פומלה,,,פומלה,קילוגרמים,1.00,"ק""ג",true,,8.90,8.9000,true,1,90488
7290000999972,false,לפת,,,לפת,קילוגרמים,1.00,"ק""ג",true,,7.90,7.9000,true,1,90490
7290000999974,false,תות שדה,,,תות שדה,יחידה,0.00,יחידה,false,,19.90,0.0000,true,1,90501
7290000999976,false,תפו'ע ענה,,,תפו'ע ענה,קילוגרמים,1.00,"ק""ג",true,,11.90,11.9000,true,1,90491
7290000999977,false,תפוז /לימון סיני,,,תפוז /לימון סיני,קילוגרמים,1.00,"ק""ג",true,,9.90,9.9000,true,1,90492
7290000999978,false,קובו,,,קובו,קילוגרמים,1.00,"ק""ג",true,,19.90,19.9000,true,1,102341
7290000999987,false,אשכולית צהובה,,,אשכולית צהובה,קילוגרמים,1.00,"ק""ג",true,,5.90,5.9000,true,1,90494
7290000999988,false,תפוז,,,תפוז,קילוגרמים,1.00,"ק""ג",true,,6.90,6.9000,true,1,90393
7290000999989,false,ארטישוק,,,ארטישוק,קילוגרמים,1.00,"ק""ג",true,,19.90,19.9000,true,1,90394
7290000999990,false,פומלית,,,פומלית,קילוגרמים,1.00,"ק""ג",true,,5.90,5.9000,true,1,90495
7290000999991,false,שקד ירוק,,,שקד ירוק,קילוגרמים,1.00,"ק""ג",true,,9.90,9.9000,true,1,90496
7290000999998,false,שעועית ירוקה/רחבה,,,שעועית ירוקה/רחבה,קילוגרמים,1.00,"ק""ג",true,,24.90,24.9000,true,1,90395
7290000999999,false,צנון,,,צנון,קילוגרמים,1.00,"ק""ג",true,,6.90,6.9000,true,1,90499
7290001009123,false,לחם כוסמין לחמנו 600 גרם,לחמנו,IL,לחם כוסמין 100% 600,גרמים,600.00,100 גרם,false,,15.90,2.6500,true,1,135832
7290001009178,false,לחם שיפון לחמנו 900ג,,,לחם שיפון לחמנו 900ג,גרמים,900.00,100 גרם,false,,15.90,1.7667,true,1,135837
7290001041208,false,"עדשים ירוקים יבשים מיה 1 ק""ג",מיה תעשיות מזון מ.ת.מ. ב,IL,עדשים ירוקות 1 קג,גרמים,1000.00,100 גרם,false,,13.90,1.3900,true,1,49983
7290001041222,false,"חומוס לבן ענק ק''ג מיה 1 ק""ג",מיה תעשיות מזון מ.ת.מ. ב,IL,חומוס לבן ענק 1קג,גרמים,1000.00,100 גרם,false,,18.90,1.8900,true,1,49975
7290001041260,false,שומשום מיה 400 גרם,מיה תעשיות מזון מ.ת.מ. ב,IL,שומשום 400 גרם,גרמים,400.00,100 גרם,false,,11.90,2.9750,true,1,50530
7290001045169,false,מיץ תפוחי עץ צלול פרימור 1 ליטר,"גניר (1992) בע""מ",IL,פרימור תפוחים צלול 1,מיליליטרים,1000.00,"100 מ""ל",false,,16.90,1.6900,true,1,30586
7290001050019,false,קמח תפוחי אדמה פירמי,,,"קמח תפו""א פרימיום 50",גרמים,500.00,100 גרם,false,,6.50,1.3000,true,1,99612
7290001121023,false,פסטרמה של פעם יחיעם,מעדני יחיעם,IL,פסטרמה של פעם יחיעם,קילוגרמים,1.00,"ק""ג",true,,89.00,89.0000,true,1,39050
7290001121054,false,צמד חמד פסטרמה וסלמי יחיעם 700 גרם,תאי פרזידנט פוד פאבל,IL,צמד חמד יחיעם 700 גר,גרמים,700.00,100 גרם,false,,29.90,4.2714,true,1,35178
7290001121146,false,פסטרמה טבעית חזה הוד,מעדני יחיעם,IL,פסטרמה מעושנת יחיעם,קילוגרמים,1.00,"ק""ג",true,,89.00,89.0000,true,1,29910
7290001121238,false,נקניק קורנדביף 4% יחיעם 180 גרם,מעדני יחיעם 1993,IL,קורנדביף יחיעם 180גר,גרמים,180.00,100 גרם,false,,29.90,16.6111,true,1,49286
7290001121849,false,פסטרמה ברביקיו יחיעם 250 גרם ר.טבעיים,מעדני יחיעם 1993,IL,פסטרמה הודו 100% חומ,גרמים,250.00,100 גרם,false,,27.90,11.1600,true,1,67400
7290001121979,false,נקניק סלמי הרץ מעדני יחיעם 150 גרם,תאי פרזידנט פוד פאבל,IL,סלמי הרץ יחיעם 150 ג,גרמים,150.00,100 גרם,false,,29.90,19.9333,true,1,62387
7290001133484,false,"פילה סלמון פרימיום עד""ח 1.4-1.8 ק""ג",לאטי עזרא,NO,פילה סלמון נורבגי קפ,קילוגרמים,1.00,"ק""ג",true,,79.90,79.9000,true,1,98292
7290001135037,false,חזה עוף טרי ארוז,,,חזה עוף טרי ארוז,קילוגרמים,1.00,"ק""ג",true,,39.90,39.9000,true,1,137396
7290001136287,false,"שמפו לשיער רגיל בבושם פרחים נקה 7 750 מ""ל","אמיליה קוסמטיקס בע""מ",IL,נקה 7 שמפו לשיער רגי,מיליליטרים,750.00,"100 מ""ל",false,,12.90,1.7200,true,1,35181
7290001216040,false,טחינה גולמית שומשום טהור אל ארז 500 גרם,אגס ירוק מסחר ושירותים,IL,טחינה אל ארז 500גר,גרמים,500.00,100 גרם,false,,17.90,3.5800,true,1,76066
7290001216231,false,טחינה גולמית שומשום מלא אל ארז 500 גרם,אגס ירוק מסחר ושירותים,IL,טחינה שומשום מלא אל,גרמים,500.00,100 גרם,false,,18.90,3.7800,true,1,76067
7290001231932,false,ווינסטון כחול בוקס חפיסה,Unknown,CH,וינסטון כחול בוקס,יחידה,0.00,יחידה,false,,34.00,0.0000,false,1,50034
7290001245729,false,ג'ל כביסה ירוקה טאצ 3 ליטר סלקט,,IL,ג'ל כביסה ירוק 3ל טא,ליטרים,3.00,ליטר,false,,17.90,5.9667,true,1,107265
7290001245835,false,נוזל רצפות אורנים 4 ל' טאצ,,IL,נוזל רצפות אורנים 4ל,מיליליטרים,4000.00,"100 מ""ל",false,,12.90,0.3225,true,1,107266
7290001245842,false,נוזל רצפות מאסק 4 לי' טאצ',,,נוזל רצפות מאסק 4ל ט,מיליליטרים,4000.00,"100 מ""ל",false,,12.90,0.3225,true,1,107267
7290001245897,false,נוזל רצפות יסמין 4 לי' טאצ',,IL,נוזל רצפות יסמין 4ל,מיליליטרים,4000.00,"100 מ""ל",false,,12.90,0.3225,true,1,107268
7290001245965,false,מרכך כביסה כחול טאצ' 4 ליטר,,IL,מרכך כביסה כחול 4 לי,ליטרים,4.00,ליטר,false,,13.90,3.4750,true,1,107275
7290001246078,false,מרכך מרוכז פרפיום סנשואל טאצ' 1 ל',סאסאטק,IL,מרכך פרימיום סנשואל,ליטרים,1.00,ליטר,false,,13.90,13.9000,true,1,107280
7290001246238,false,"טאצ' תרסיס מטהר אוויר פריחה 300 מ""ל",,IL,תרסיס מטהר אוויר פרי,מיליליטרים,300.00,"100 מ""ל",false,,4.90,1.6333,true,1,107290
7290001246351,false,נוזל רצפות לבנדר 4 לי' טאצ',,IL,נוזל רצפות לבנדר 4ל,מיליליטרים,4000.00,"100 מ""ל",false,,12.90,0.3225,true,1,107296
7290001247068,false,קרטונית נקטר ספרינג תות בננה 1 ליטר,יפאורה שותפות מובגלת לשיווק,IL,ספרינג תות בננה קרטו,מיליליטרים,1000.00,"100 מ""ל",false,,7.90,0.7900,true,1,26116
7290001247082,false,מיץ עגבניות רכיבים טבעיים ספרינג 1 ליטר,יפאורה שותפות מובגלת לשיווק,IL,ספרינג עגבניות קרטונ,מיליליטרים,1000.00,"100 מ""ל",false,,7.90,0.7900,true,1,26118
7290001247099,false,קרטונית נקטר ספרינג מנגו 1 ליטר,יפאורה שותפות מובגלת לשיווק,IL,ספרינג מנגו קרטונית,מיליליטרים,1000.00,"100 מ""ל",false,,7.90,0.7900,true,1,26119
7290001247105,false,קרטונית נקטר ספרינג אפרסק 1 ליטר,יפאורה שותפות מובגלת לשיווק,IL,ספרינג נקטר אפרסק 1,מיליליטרים,1000.00,"100 מ""ל",false,,7.90,0.7900,true,1,26120
7290001247129,false,נקטר ספרינג תפוזים קרטונית 1 ל',יפאורה שותפות מובגלת לשיווק,IL,ספרינג תפוז קרטונית,מיליליטרים,1000.00,"100 מ""ל",false,,7.90,0.7900,true,1,26122
7290001258453,false,קממברט בקר+אגוזים במשקל,גבינות משק יעקבס,IL,קממברט אגוזים בקר יע,קילוגרמים,1.00,"ק""ג",true,,99.90,99.9000,true,1,112586
7290001258576,false,גבינת גאודה יעקבס 200 גרם,גבינות משק יעקבס,IL,גאודה בואקום 200 גרם,גרמים,200.00,100 גרם,false,,19.90,9.9500,true,1,112595
7290001258804,false,קשקבל גבינה חצי קשה יעקבס 180 גרם,גבינות משק יעקבס,IL,קשקבל ואקום 180 גרם,גרמים,180.00,100 גרם,false,,24.90,13.8333,true,1,112596
7290001258989,false,קממבר בקר בייבי במשקל,גבינות משק יעקבס,IL,קממברט בקר בייבי יעק,קילוגרמים,1.00,"ק""ג",true,,99.90,99.9000,true,1,112587
7290001265642,false,"מזון חתולים מעדני פטה 1.2 ק""ג מארז 3 יחידות",קריות זול,FR,לה קט מולטי פק 3*400,גרמים,1200.00,100 גרם,false,,24.90,2.0750,true,1,25093
7290001274576,false,גלידל וניל תות 0% שומן ללא סוכר,גלידות פלדמן,IL,גלידל גלידה משפחתית,גרמים,450.00,100 גרם,false,,19.90,4.4222,true,1,134921
7290001274583,false,גלידל שוקו פקאן 0% שומן ללא סוכר,"פלקו בע""\מ, חברה ישראלית",IL,גלידל גלידה משפחתית,גרמים,450.00,100 גרם,false,,19.90,4.4222,true,1,134922
7290001274934,false,"שמיניית גלידל פרי לימון ""פלדמן""",הגלידות של פלדמן,IL,גלידל פרי מאגדת בטעם,יח',5.00,יח',false,,23.90,4.7800,true,1,129465
7290001305058,false,"פלמוליב - נטורלס תחליב רחצה חלב ודבש 500 מ""ל",הנסיך- מפעל לייצור ט,TR,פלמוליב תחליב רחצה ס,מיליליטרים,500.00,"100 מ""ל",false,,17.50,3.5000,true,1,28358
7290001305188,false,"נוזל לניקוי כלים בריח לימון פלמוליב 750 מ""ל",יבואן ומשווק: ש. שסט,GR,פלמוליב נוזל לכלים פ,מיליליטרים,750.00,"100 מ""ל",false,,11.90,1.5867,true,1,28361
7290001322611,false,אסאדו עע,,,אסאדו עע,קילוגרמים,1.00,"ק""ג",true,,69.90,69.9000,true,1,141994
7290001327180,false,שטראוס קרמיסימו וניל ציפ 1.33 ליטר,"גלידת שטראוס בע""\מ, רחוב",IL,קרמיסימו וניל ציפ 1.,מיליליטרים,1330.00,"100 מ""ל",false,,21.90,1.6466,true,1,28847
7290001327791,false,גלידת קרמיסימו וניל עוגיות חלבי,"גלידת שטראוס בע""\מ, רחוב",IL,קרמיסימו עוגיות 1.33,מיליליטרים,1330.00,"100 מ""ל",false,,21.90,1.6466,true,1,28853
7290001330746,false,עוגת ליצן מלבן 500 ג,ברון מפעל לייצור עוג,,עוגת ברון לייצן 500,גרמים,500.00,100 גרם,false,,49.90,9.9800,true,1,102462
7290001407134,false,בארכה פרוסות חלווה שוקו וניל+פ.קקאו 400גר,רושדי תעשיות מזון בע,IL,חלבה פרוסות שוקו וני,גרמים,400.00,100 גרם,false,,16.90,4.2250,true,1,68830
7290001436790,false,נקנקיות מרגז מיני אקסטרה חריף ארוז בלדי 500 ג',יוליניבר,IL,נקניקיות מרגז מיני א,גרמים,500.00,100 גרם,false,,29.90,5.9800,true,1,91783
7290001455937,false,אנטריקוט עגל פריים,,,*מבצע* אנטריקוט עגל,קילוגרמים,1.00,"ק""ג",true,,100.00,100.0000,true,1,136357
7290001482094,false,גבינה פרמז'נו משולשים ויליפוד 200ג',זנטי אס. אי לאלין,IT,פרמז'נו וילי פוד 200,גרמים,200.00,100 גרם,false,,23.90,11.9500,true,1,68147
7290001482421,false,הבולגריה ויליפוד שק,,,הבולגריה ויליפוד שק,קילוגרמים,1.00,"ק""ג",true,,39.00,39.0000,true,1,136258
7290001482933,false,גב.גאודה מהולנד30% משקל,יושלם,NL,גאודה הולנדי 28% ויל,קילוגרמים,1.00,"ק""ג",true,,65.00,65.0000,true,1,69344
7290001491010,false,תה ירוק יסמין ויסוצקי 25 יחידות,תה ויסוצקי,IL,תה ירוק יסמין 25יח,גרמים,37.50,100 גרם,false,,26.90,71.7333,true,1,31097
7290001491096,false,תה ירוק בתוספת לימונית ולואיזה 50 שקיקים ויסוצקי,תה ויסוצקי,IL,תה ירוק בתוספת לימונ,יח',50.00,יח',false,,46.90,0.9380,true,1,31098
7290001548011,false,טחינה ירוקה 250 גרם,סלטי מונטה קרלו,IL,טחינה ירוקה 250 גרם,גרמים,250.00,100 גרם,false,,15.90,6.3600,true,1,113118
7290001548035,false,סלט טורקי מונטה קרל,מונטה קרלו,IL,סלט טורקי 250 גרם סל,גרמים,250.00,100 גרם,false,,15.90,6.3600,true,1,113139
7290001548042,false,ביצים גביע 250גר סלט,משתנה,IL,ביצים גביע 250גר סלט,גרמים,250.00,100 גרם,false,,22.90,9.1600,true,1,120147
7290001548073,false,חציל טבעי שום 250גר,,,חציל טבעי שום 250גר,גרמים,250.00,100 גרם,false,,16.90,6.7600,true,1,113108
7290001548202,false,מונטה קרלו סלט סלק רצועות 250 גר',סלטי מונטה קרלו,IL,רצועות סלק גביע 250ג,גרמים,250.00,100 גרם,false,,15.90,6.3600,true,1,120150
7290001548226,false,פטריות ספרדי גביע 25,מונטה קרלו,IL,פטריות ספרדי גביע 25,גרמים,250.00,100 גרם,false,,21.90,8.7600,true,1,128522
7290001548271,false,כרוב לבן וגזר 250 גר,סלטי מונטה קרלו,IL,כרוב לבן וגזר 250 גר,גרמים,250.00,100 גרם,false,,15.90,6.3600,true,1,141252
7290001548288,false,"סלט חומוס גרגרירים פיקנטיים ""מונטה קרלו""",מונטה קרלו,IL,מסבחה פיקנטי 250 גרם,גרמים,250.00,100 גרם,false,,15.90,6.3600,true,1,113116
7290001548295,false,מטבוחה מונטה קרלו 25,מונטה קרלו,IL,מטבוחה 250 גרם סלטי,גרמים,250.00,100 גרם,false,,15.90,6.3600,true,1,113141
7290001548325,false,טונה ירקות מונטה קרל,מונטה קרלו,IL,טונה ירקות 250 גרם,גרמים,250.00,100 גרם,false,,24.90,9.9600,true,1,141241
7290001548332,false,טונה סלרי (אמריקאית),,,טונה סלרי (אמריקאית),גרמים,250.00,100 גרם,false,,24.90,9.9600,true,1,120148
7290001548349,false,"סלט תפו""א במיונז ביתי 250 גרם",סלטי מונטה קרלו,IL,"תפו""א במיונז ביתי 25",גרמים,250.00,100 גרם,false,,15.90,6.3600,true,1,113128
7290001548370,false,סלט טבולה מונטה קרלו 250 גרם,מונטה קרלו,IL,טבולה גביע 250גרם סל,גרמים,250.00,100 גרם,false,,16.90,6.7600,true,1,120149
7290001548387,false,כרוב סיני מונטה קרל,מונטה קרלו,IL,כרוב סיני 250 גרם סל,גרמים,250.00,100 גרם,false,,15.90,6.3600,true,1,113133
7290001548400,false,"סלט חומוס זהב ""מונטה 'קרלו""",מונטה קרלו,IL,חומוס זהב 250 גרם סל,גרמים,250.00,100 גרם,false,,15.90,6.3600,true,1,113117
7290001548431,false,סחוג ירוק מונטה קרלו,מונטה קרלו,IL,סחוג ירוק 250 גרם סל,גרמים,250.00,100 גרם,false,,15.90,6.3600,true,1,113147
7290001548462,false,פלפל רצועות מרוקאי,מונטה קרלו,IL,פלפל רצועות חריף 250,גרמים,250.00,100 גרם,false,,22.90,9.1600,true,1,113143
7290001548493,false,שום כתוש 250 גרם סלט,,,שום כתוש 250 גרם סלט,גרמים,250.00,100 גרם,false,,13.90,5.5600,true,1,113122
7290001548530,false,חומוס גרגירים ופטרוזיליה מונטה קרלו,מונטה קרלו,IL,מסבחה פטרוזיליה 250,גרמים,250.00,100 גרם,false,,15.90,6.3600,true,1,113119
7290001548547,false,אריסה חריפה 250 ג סל,,,אריסה חריפה 250 ג סל,גרמים,250.00,100 גרם,false,,15.90,6.3600,true,1,113148
7290001548561,false,גזר חריף בלימון מונט,סלטי מונטה קרלו,IL,גזר חריף חי בלימון 2,גרמים,250.00,100 גרם,false,,15.90,6.3600,true,1,113137
7290001548615,false,חציל בטחינה 250 גרם,סלטי מונטה קרלו,IL,חציל בטחינה 250 גרם,גרמים,250.00,100 גרם,false,,16.90,6.7600,true,1,113109
7290001548639,false,חציל מונטה קרלו מונ,מונטה קרלו,IL,חציל מונטה קרלו 250,גרמים,250.00,100 גרם,false,,16.90,6.7600,true,1,113113
7290001548691,false,כרוב אדום במיונז מונ,סלטי מונטה קרלו,IL,כרוב אדום במיונז 250,גרמים,250.00,100 גרם,false,,15.90,6.3600,true,1,113134
7290001548738,false,חציל מרוקאי מונטה קר,סלטי מונטה קרלו,IL,חציל מרוקאי 250 גרם,גרמים,250.00,100 גרם,false,,16.90,6.7600,true,1,113114
7290001548752,false,טחינה לבנה מונטה קרל,סלטי מונטה קרלו,IL,טחינה לבנה 250 גרם ס,גרמים,250.00,100 גרם,false,,15.90,6.3600,true,1,113123
7290001548776,false,סחוג אדום 250 גרם סל,,,סחוג אדום 250 גרם סל,גרמים,250.00,100 גרם,false,,15.90,6.3600,true,1,113149
7290001548875,false,"חמוצים יפנים ""מונטה קרלו""",מונטה קרלו,IL,חמוצים יפנים 450 ג ס,גרמים,450.00,100 גרם,false,,24.90,5.5333,true,1,113136
7290001548950,false,פלפל חריף מונטה גביע,,,פלפל חריף מונטה גביע,גרמים,250.00,100 גרם,false,,21.90,8.7600,true,1,128527
7290001548974,false,לימון כבוש טחון 250,,,לימון כבוש טחון 250,גרמים,250.00,100 גרם,false,,21.90,8.7600,true,1,113126
7290001567555,false,פסטרמה מעודנת עם דבש 300 ג' יחיעם,מעדני יחיעם,IL,פסטרמה מעודנת עם דבש,גרמים,300.00,100 גרם,false,,26.90,8.9667,true,1,91663
7290001567760,false,פסטרמה של פעם יחיעם 300 גרם,מעדני יחיעם,IL,פסטרמה של פעם ללא חו,גרמים,300.00,100 גרם,false,,29.90,9.9667,true,1,77019
7290001567807,false,"כתף בקר מעושן לח""מ 250 גרם ""יחיעם""",מעדני יחיעם,IL,כתף בקר מעושן ללא חו,גרמים,250.00,100 גרם,false,,34.90,13.9600,true,1,77023
7290001567814,false,סלמי מעושן בסגנון איטלקי 300 ג' יחיעם,מעדני יחיעם,IL,סלמי מעושן בסגנון אי,גרמים,300.00,100 גרם,false,,26.90,8.9667,true,1,77024
7290001594025,false,"קוקה קולה זכוכית 350 מ""ל",החברה המרכזית לייצור,IL,קוקה קולה קלאסי 350מ,מיליליטרים,350.00,"100 מ""ל",false,,7.00,2.0000,true,1,101881
7290001594377,false,פריגת תפוזים 0.5 ליטר חייב בפקדון,מבשלות בירה בינלאומיות ב,IL,פריגת תפוזים 500 מל,מיליליטרים,500.00,"100 מ""ל",false,,6.70,1.3400,true,1,27883
7290001594575,false,"בירה טובורג רד פחית 500 מ""ל",מבשלות בירה בינלאומיות ב,IL,בירה טובורג פחית 500,מיליליטרים,500.00,"100 מ""ל",false,,10.50,2.1000,true,1,27889
7290001594858,false,"שישייה בירה טובורג רד בקבוק 330 מ""ל",מבשלות בירה בינלאומיות ב,IL,בירה טובורג בקבוק שי,מיליליטרים,1980.00,"100 מ""ל",false,,44.90,2.2677,true,1,27895
7290001594865,false,"שישייה בירה קרלסברג בקבוק 330 מ""ל",מבשלות בירה בינלאומיות ב,IL,בירה קרלסברג שישייה,מיליליטרים,1980.00,"100 מ""ל",false,,43.90,2.2172,true,1,27896
7290001598085,false,לחם משפחתי עם דגנים מקמח מלא,מאפית יוסף בראון,IL,לחם משפחתי 1.1 קג,גרמים,1100.00,100 גרם,false,,16.90,1.5364,true,1,134648
7290001598276,false,"לחם 7 דגנים קל מקמח חיטה מלא ללא שמרים 1.1 ק""ג הברון",מאפיית יוסף ברון,IL,"לחם 7 דגנים 1.1 ק""ג",גרמים,1100.00,100 גרם,false,,16.90,1.5364,true,1,134654
7290001598580,false,פיתות כוסמין 6יח 99 קלוריות,מאפיית יוסף ברון בעמ,IL,פיתות 6 יח כוסמין 37,גרמים,372.00,100 גרם,false,,16.90,4.5430,true,1,136663
7290001648919,false,קפה כתר 3*70גר,,,קפה כתר 3*70גר,גרמים,210.00,100 גרם,false,,10.90,5.1905,true,1,52710
7290001648995,false,"מארז קפה טורקי ""רג'ואן"" 100X3 גרם",רוני רג'ואן ושות,IL,*מבצע* קפה טורקי רג',גרמים,300.00,100 גרם,false,,12.90,4.3000,true,1,98791
7290001670668,false,קרחונית שקיות להכנת קרח הנמל 12 יחידות,"איטיליאן פוד, אס.פי.",TR,קרחונית 12יח,יח',12.00,יח',false,,3.90,0.3250,true,1,73278
7290001670842,false,מלית חלווה פוליבה 400 ג',"פוליבה בע""מ",IL,מלית חלבה 400 גר,גרמים,400.00,100 גרם,false,,12.90,3.2250,true,1,31750
7290001713150,false,סנט מוריץ מתז אקונומיקה Bleach קצף לימון 1 ליטר,קומפלקס כימיקלים בעמ,IL,אקונומיקה קצף ניקוי,ליטרים,1.00,ליטר,false,,11.90,11.9000,true,1,99858
7290001713167,false,סנט מוריץ - מרסס קצף ניקוי 1 ליטר סניטרי אפור,קומפלקס כימיקלים בעמ,IL,קצף לניקוי כלים סניט,ליטרים,1.00,ליטר,false,,11.90,11.9000,true,1,99859
7290001714034,false,שריר עגל,,,שריר עגל,קילוגרמים,1.00,"ק""ג",true,,69.90,69.9000,true,1,74249
7290001714058,false,אנטריקוט עגל פריים,,,*מבצע* אנטריקוט עגל,קילוגרמים,1.00,"ק""ג",true,,100.00,100.0000,true,1,74250
7290001714072,false,צלעות עגל,,,צלעות עגל,קילוגרמים,1.00,"ק""ג",true,,69.90,69.9000,true,1,74251
7290001714133,false,גולש עגל,,,גולש עגל,קילוגרמים,1.00,"ק""ג",true,,69.00,69.0000,true,1,134776
7290001791349,false,פיסגה אקונומיקה ריחנית סנו 4 ליטר,"סנו מפעלי ברונוס בע""מ",IL,אקונומיקה פיסגה ריחנ,ליטרים,4.00,ליטר,false,,12.90,3.2250,true,1,25769
7290001855935,false,"שמן חמניות מזוכך 900 מ""ל",,,שמן חמניות מזוכך 900,מיליליטרים,900.00,"100 מ""ל",false,,10.90,1.2111,true,1,103304
7290001865439,false,פמילי אל סבון נוזלי בניחוח וניל 1 ליטר,אף.סי תבליני בגליל ב,IL,פמלי סבון נוזלי וניל,מיליליטרים,1000.00,"100 מ""ל",false,,14.90,1.4900,true,1,25393
7290001867655,false,תפוא לבן פרמיום לאפי,אראל תוצרת חקלאית בע,IL,"תפו""א גורמה חוות גלי",קילוגרמים,1.00,"ק""ג",true,,5.90,5.9000,true,1,136086
7290001873052,false,צלי כתף טרי מוכשר ברזיל,אנסטסיו,BR,צלי כתף עגל,קילוגרמים,1.00,"ק""ג",true,,89.90,89.9000,true,1,134824
7290001893838,false,לברק נקי טרי,,,לברק נקי טרי,קילוגרמים,1.00,"ק""ג",true,,69.90,69.9000,true,1,76700
7290001917527,false,פרש וואנס פדים להסרת איפור 80 יח' *3,קריות זול,IL,פדיות קוסמטיות פרש ו,יח',80.00,יח',false,,20.90,0.2612,true,1,43006
7290001973233,false,"קמיל בלו מגבונים לחים סנסיטיב ד""ר פישר 120 יחידות",פישר מעבדות פרמצבטיות,IL,קמיל בלו סנסטיב מגבו,יחידה,0.00,יחידה,false,,11.90,0.0000,true,1,92877
7290001990117,false,שומשום סוגת 100 גרם,האי נאם סי או אל.טי.,IL,שומשום סוגת 100גר,גרמים,100.00,100 גרם,false,,4.90,4.9000,true,1,32163
7290001990148,false,"סוכר גולדן קלאסי בצנצנת סוגת 1 ק""ג",האי נאם סי או אל.טי.,IL,סוכר גולדן קלאסי בצנ,גרמים,1000.00,100 גרם,false,,13.90,1.3900,true,1,32164
7290001990261,false,"סוגת חומוס 1 ק""ג","סוגת תעשיות בע""\מ",IL,חומוס סוגת 1קג,גרמים,1000.00,100 גרם,false,,15.90,1.5900,true,1,35414
7290001990278,false,"שעועית לבנה סוגת 1 ק""ג","סוגת תעשיות בע""\מ",IL,שעועית לבנה סוגת 1קג,גרמים,1000.00,100 גרם,false,,19.90,1.9900,true,1,49885
7290001990377,false,שעועית בובס 500 גרם סוגת,סוגת תעשיות בעמ,IL,שעועית בובס סוגת 500,גרמים,500.00,100 גרם,false,,13.90,2.7800,true,1,32166
7290001990391,false,אפונה יבשה 1קג סוגת,"סוגת תעשיות בע""\מ",IL,אפונה סוגת 1קג,גרמים,1000.00,100 גרם,false,,11.90,1.1900,true,1,52120
7290001990407,false,"עדשים ירוקים 1 ק""ג סוגת","סוגת תעשיות בע""\מ",IL,עדשים ירוקים סוגת 1,גרמים,1000.00,100 גרם,false,,15.90,1.5900,true,1,49887
7290001990421,false,"פופקורן גרעינים סוגת 1 ק""ג","סוגת תעשיות בע""\מ",IL,פופקורן סוגת 1 קג,גרמים,1000.00,100 גרם,false,,10.90,1.0900,true,1,55976
7290002007234,false,אבקת סוכר הנמל 100 גרם,"מיוצר וארוז ע""י: ר.ס",IL,אבקת סוכר הנמל 100 ג,גרמים,100.00,100 גרם,false,,2.20,2.2000,true,1,31771
7290002007302,false,סוכריות לקישוט צבע אחיד 100 ג' הנמל,קריות זול,IL,סוכריות מזרה צבע אחי,גרמים,100.00,100 גרם,false,,6.50,6.5000,true,1,31774
7290002007487,false,צמר פלדה הנמל 100 גרם,"איטיליאן פוד, אס.פי.",IL,צמר פלדה 100גר,גרמים,100.00,100 גרם,false,,3.90,3.9000,true,1,31784
7290002007500,false,קיסמי שיניים הנמל במבוק 500 יחידות,הנמל אריזות ושיווק בעמ,IL,קיסמי שיניים במבוק 5,יח',500.00,יח',false,,4.90,0.0098,true,1,31785
7290002007746,false,"צבע מאכל כחול 55 מ""ל הנמל",הנמל אריזות ושיווק ב,IL,צבע מאכל כחול 50מל,מיליליטרים,50.00,"100 מ""ל",false,,3.90,7.8000,true,1,31788
7290002007821,false,צבעי מאכל אדום הנמל,ממתקי עלה ייצור שיוו,IL,צבע מאכל אדום 55מל,מיליליטרים,55.00,"100 מ""ל",false,,3.90,7.0909,true,1,31789
7290002008071,false,גביעי נייר מספר 2 הנמל 1 יחידה,"הנמל אריזות ושיווק בע""\מ",IL,עטרות חום מס 2,יחידה,0.00,יחידה,false,,5.90,0.0000,true,1,31799
7290002008224,false,סוכריות לקישוט צבעונית הנמל 100 ג',ממתקי עלה בעמ,IL,קישוט לעוגה גליד 100,גרמים,100.00,100 גרם,false,,6.50,6.5000,true,1,31808
7290002008262,false,מצע נושם לפירות ירקו,שיווק: הנמל אריזות ו,IL,מצע לירקות ולפירות ה,יחידה,0.00,יחידה,false,,11.90,0.0000,true,1,31811
7290002008491,false,סוכריות לקישוט שוקולד 100 ג' הנמל,ממתקי עלה יצור שיווק,IL,סוכריות מזרה שוקולד,גרמים,100.00,100 גרם,false,,6.50,6.5000,true,1,31820
7290002008507,false,נייר אפיה הנמל 50 יחידות,הנמל אריזות ושיווק ב,IL,נייר אפיה 50יח,יח',50.00,יח',false,,9.90,0.1980,true,1,31821
7290002008927,false,סוכריות לקישוט שוקו לבן 100 ג' הנמל,ממתקי עלה יצור שיווק,IL,סוכריות מזרה שוקו לב,גרמים,100.00,100 גרם,false,,6.50,6.5000,true,1,31828
7290002008934,false,סוכריות צבעוניות לקישוט לעוגה 200 גר,ממתקי עלה יצור שיווק,IL,סוכריות צבעוניות לקי,גרמים,200.00,100 גרם,false,,9.50,4.7500,true,1,31829
7290002013006,false,פסטרמה מקסיקנית במשקל,זוגלובק,IL,פסטרמה מקסיקנית זוגל,קילוגרמים,1.00,"ק""ג",true,,89.00,89.0000,true,1,49574
7290002013037,false,פסטרמה פרגית זוגלובק,זוגלובק,IL,פסטרמה פרגית זוגלובק,קילוגרמים,1.00,"ק""ג",true,,89.00,89.0000,true,1,49575
7290002013174,false,פסטרמה של פעם זוגלוב,זוגלובק,IL,פסטרמה של פעם זוגלוב,קילוגרמים,1.00,"ק""ג",true,,89.00,89.0000,true,1,52030
7290002014201,false,חומוס מעדני מיקי 200 גרם,"סלטי שמיר 2006 בע""\מ",IL,חומוס מיקי 200 גרם,גרמים,200.00,100 גרם,false,,9.90,4.9500,true,1,28726
7290002014232,false,סלט טורקי 200 גרם מעדני מיקי,מעדני מיקי,IL,סלט טורקי 200 גר,גרמים,200.00,100 גרם,false,,9.90,4.9500,true,1,28729
7290002019763,false,עגבניות מרוסקות פרי ניר 800 גרם,פרי ניר,IL,עגבניות מרוסקות פרינ,גרמים,800.00,100 גרם,false,,7.90,0.9875,true,1,35450
7290002019787,false,רוטב עגבניות מרוכז מאוד 260 גרם פריניר,פריניר ( הדס 1987) ב,IL,רסק עגבניות22% פריני,גרמים,260.00,100 גרם,false,,4.70,1.8077,true,1,33463
7290002019794,false,רוטב עגבניות מרוכז מאוד 100 גרם פריניר,פריניר ( הדס 1987) ב,IL,רוטב עגבניות מרוכז מ,גרמים,100.00,100 גרם,false,,2.50,2.5000,true,1,32795
7290002026341,false,בטטה צ'יפס רגיל אריסטו קראנץ 500 ג',מוצרי איכות אמריקאיים,CA,צ'יפס אריסטו רגיל 50,גרמים,500.00,100 גרם,false,,18.90,3.7800,true,1,98141
7290002026358,false,צ'יפס אריסטו זיג זג שקיות רשת,מוצרי איכות אמריקאיים,CA,צ'יפס בטטה זיג זג 50,גרמים,500.00,100 גרם,false,,18.90,3.7800,true,1,98142
7290002026365,false,טבעות בצל אריסטו קראנץ' 500 גרם,מוצרי איכות אמריקאיים,BE,טבעות בצל 500גר,גרמים,500.00,100 גרם,false,,11.90,2.3800,true,1,90103
7290002026402,false,בראנץ אנד קראנץ בלינצס גבינה 350 גרם,מוצרי איכות אמריקאיים בע,IL,בלינצס גבינה 350גר,גרמים,350.00,100 גרם,false,,14.90,4.2571,true,1,70448
7290002026440,false,פרצלס בייגלה בראנץ אנד קראנץ 280 ג',מוצרי איכות אמריקאיים בע,IL,פרצלס קפוא 280גר,גרמים,280.00,100 גרם,false,,14.90,5.3214,true,1,69584
7290002026587,false,וופל בלגי פרווה בראנץ אנד קראנץ 8 יח',בראנץ' אנד קראנץ Brunch& Crunch,BE,וופל בלגי קפוא 8יח ב,גרמים,280.00,100 גרם,false,,14.90,5.3214,true,1,120059
7290002037040,false,חלה קלה פרוסה 500 גרם,מאפית י את א ברמן בע,IL,חלה פלוב ודש 500 גרם,גרמים,500.00,100 גרם,false,,16.90,3.3800,true,1,135675
7290002037057,false,"לחם לבן פרוס ארוז ""ברמן"" - מוצר בפיקוח",מאפית י.את א. ברמן ב,IL,לחם לבן פרוס 500גר,גרמים,500.00,100 גרם,false,,6.10,1.2200,true,1,135676
7290002037125,false,חלה פרוסה וודש 500 גרם,מאפית י את א ברמן בע,IL,חלה פרוסה וודש 500גר,גרמים,500.00,100 גרם,false,,9.90,1.9800,true,1,135677
7290002037163,false,**לחם אחיד פרוס וודש 750 גרם,מאפית י.את א. ברמן ב,IL,לחם אחיד פרוס 750גר,גרמים,750.00,100 גרם,false,,7.91,1.0547,true,1,135679
7290002037194,false,לחם שחור קמח מלא 750 גרם,מאפית י את א ברמן בע,IL,לחם שחור מקמח מלא וו,גרמים,750.00,100 גרם,false,,13.90,1.8533,true,1,135680
7290002037309,false,"שמיניית לחמניות המבורגר ""ודש""",מאפית י את א ברמן בע,IL,לחמניות המבורגר 8יח,גרמים,400.00,100 גרם,false,,14.90,3.7250,true,1,135682
7290002037637,false,חליות מתוקות מארז 4יח',מאפית י את א ברמן בע,IL,חליות מתוקות 4יח,גרמים,400.00,100 גרם,false,,12.90,3.2250,true,1,135685
7290002037651,false,חלה מתוקה ברמן,,,חלה מתוקה ברמן,גרמים,500.00,100 גרם,false,,8.90,1.7800,true,1,136636
7290002057017,false,זיתים נובו ענק A2 יבנה 330ג',שיוך למחסן 17,IL,זית נובו יבנה 330גר,גרמים,330.00,100 גרם,false,,10.90,3.3030,true,1,35454
7290002057031,false,זיתים מבוקעים פיקנטי קבוצת יבנה 340 גרם,קבוצת יבנה,IL,זית מבוקע יבנה 540גר,גרמים,540.00,100 גרם,false,,9.90,1.8333,true,1,35455
7290002057048,false,זית יבנה סורי מבוקע בשמן זית 340 גרם,קבוצת יבנה,IL,זית סורי מבוקע 540גר,גרמים,540.00,100 גרם,false,,10.90,2.0185,true,1,22610
7290002057093,false,זיתים מנזנילו גדול קבוצת יבנה 340 גרם,קבוצת יבנה,IL,זית מנזלינו ירוק יבנ,גרמים,540.00,100 גרם,false,,8.90,1.6481,true,1,22614
7290002057123,false,זיתים ירוקים מנזנילו קבוצת יבנה 560 גרם,קבוצת יבנה,IL,חרוזית ירוק 540 גר,גרמים,540.00,100 גרם,false,,10.90,2.0185,true,1,22615
7290002057161,false,זיתים מרינט ביין גדול מאד קבוצת יבנה 340 גרם,קבוצת יבנה,IL,זית מירנט חתוך ביין,גרמים,340.00,100 גרם,false,,10.90,3.2059,true,1,22617
7290002057185,false,טבעות זיתים ירוקים קבוצת יבנה 560 גרם,קבוצת יבנה,IL,טבעות זיתים ירוק 540,גרמים,540.00,100 גרם,false,,10.90,2.0185,true,1,22618
7290002057314,false,"מלפפון במלח ‏20‏-‏15‏ ‏‏ 1.3 ק""ג ‏‏ יבנה",קבוצת יבנה,IL,מלפפון 15-20 במלח 72,גרמים,725.00,100 גרם,false,,14.90,2.0552,true,1,22619
7290002057369,false,מלפפונים במלח ‏12‏-‏10‏ קבוצת יבנה 320 גרם,קבוצת יבנה,IL,מלפפון 10-12 במלח 54,גרמים,540.00,100 גרם,false,,7.90,1.4630,true,1,40353
7290002057376,false,מלפפונים במלח ‏17‏-‏13‏ קבוצת יבנה 320 גרם,קבוצת יבנה,IL,מלפפון 13-17 במלח 54,גרמים,540.00,100 גרם,false,,10.70,1.9815,true,1,40354
7290002057383,false,מלפפונים במלח ‏25‏-‏18‏ קבוצת יבנה 320 גרם,קבוצת יבנה,IL,מלפפון 18-25 במלח 54,גרמים,540.00,100 גרם,false,,12.90,2.3889,true,1,40358
7290002057468,false,מלפפון יבנה בחומץ בינוניים 10-12 290 גרם,קבוצת יבנה,IL,מלפפון 10-12 בחומץ 5,גרמים,540.00,100 גרם,false,,7.90,1.4630,true,1,40355
7290002057475,false,מלפפונים בחומץ ‏17‏-‏13 קבוצת יבנה 290 גרם,קבוצת יבנה,IL,מלפפון 13-17 בחומץ 5,גרמים,540.00,100 גרם,false,,10.70,1.9815,true,1,35464
7290002057482,false,מלפפונים קטנים בחומץ קבוצת יבנה 560 גרם,קבוצת יבנה,IL,מלפפון 18-25 חומץ 54,גרמים,540.00,100 גרם,false,,12.90,2.3889,true,1,35465
7290002057604,false,פלפל חריף שיפקה קבוצת יבנה 225 גרם.,קבוצת יבנה,IL,פלפל חריף שיפקה יבנה,גרמים,540.00,100 גרם,false,,6.50,1.2037,true,1,22621
7290002057703,false,חצילים במלח קבוצת יבנה 320 גרם,קבוצת יבנה,IL,חציל במלח יבנה 540גר,גרמים,540.00,100 גרם,false,,6.90,1.2778,true,1,35467
7290002057734,false,זיתים חרוזית מושחר קבוצת יבנה 275 גרם,קבוצת יבנה,IL,חרוזית מושחר יבנה 27,גרמים,275.00,100 גרם,false,,10.90,3.9636,true,1,22624
7290002079590,false,חלה רגילה עגולה 500גר,מאפיית דוידוביץ,,חלה רגילה 500גר,גרמים,500.00,100 גרם,false,,6.26,1.2520,true,1,101418
7290002079606,false,חלה רגילה 500גר,,,חלה רגילה 500גר,גרמים,500.00,100 גרם,false,,6.26,1.2520,true,1,101419
7290002107491,false,גבינה לבנה מחלב עיזים למריחה 5% משק צוריאל 250 גרם,מחלבת משק צוריאל,IL,גבינת עזים למריחה טב,גרמים,250.00,100 גרם,false,,17.50,7.0000,true,1,31206
7290002107798,false,גבינה בולגרית מעודנת 5% משק צוריאל 250 גרם,מחלבת משק צוריאל,IL,בולגרית מעודנת 5% בג,גרמים,250.00,100 גרם,false,,24.90,9.9600,true,1,31213
7290002118398,false,צמרוני אוזניים בקופסא מרובעת 200 יח',הנמל,IL,צימרוני אוזניים 'בקו,יח',200.00,יח',false,,4.90,0.0245,true,1,31837
7290002128083,false,נרות חנוכה רגיל 44יח-מנורה,מנורה,IL,נרות חנוכה רגיל 44 י,יחידה,0.00,יחידה,false,,3.90,0.0000,true,1,20748
7290002128205,false,נרות לא נוטפים 45יח-מנורה,,,נרות חנוכה דה-לוקס ב,יחידה,0.00,יחידה,false,,6.90,0.0000,true,1,20749
7290002128311,false,נר נשמה בכוס ל-7 ימי,"מנורה שי נר בע""מ",IL,נר נשמה בכוס ל-7 ימי,יח',72.00,יח',false,,10.90,0.1514,true,1,20750
7290002128380,false,חנוכיית פס +כוסיות+צינוריות+פתיליות,,,חנוכיית פס+כוסיות+צי,יחידה,0.00,יחידה,false,,14.90,0.0000,true,1,128469
7290002128854,false,כוסות קרטון לשתייה חמה 12 אוונז 50 יחי',טיי פרידה,IL,כוסות שתייה חמה 50 י,יחידה,0.00,יחידה,false,,19.90,0.0000,true,1,139203
7290002128946,false,נר נשמה בכוס 48 שעות - מנורה,"מנורה שי נר בע""מ",IL,נר נשמה כוס 48 שעות,יח',72.00,יח',false,,4.90,0.0681,true,1,20759
7290002130567,false,דבש דבורים טהור פרחי בר יד מרדכי 350 גרם,מכוורת יד מרדכי שטראוס ב,IL,דבש טהור מפרחי בר יד,גרמים,350.00,100 גרם,false,,19.90,5.6857,true,1,30362
7290002130574,false,דבש טהור מפרחי בר בזכוכית 500 ג' יד מרדכי,מכוורת יד מרדכי שטראוס ב,IL,דבש טהור מפרחי בר בז,גרמים,500.00,100 גרם,false,,29.90,5.9800,true,1,30363
7290002132011,false,עוגיות מזרחיות מלוחות עבאדי 400 גרם,מאפיית יוסף ושמחה עבאדי,IL,עוגיות עבאדי מזרחיות,גרמים,400.00,100 גרם,false,,19.90,4.9750,true,1,31105
7290002133032,false,פתיתי קשקבל 29% גבינות השומרון 300 גרם,"מחלבת השומרון בע""מ",IL,פתיתי קשקבל 28% 300ג,גרמים,300.00,100 גרם,false,,29.90,9.9667,true,1,51760
7290002133070,false,גב.קשקבל טורקי צאן22%משק,"מחלבת השומרון בע""מ",IL,קאשקבל טורקי שומרון,קילוגרמים,1.00,"ק""ג",true,,119.00,119.0000,true,1,49929
7290002133117,false,בולגרית מעודנת 5% במשקל,"מחלבת השומרון בע""מ",IL,בולגרית 5% מעודנת שו,קילוגרמים,1.00,"ק""ג",true,,39.00,39.0000,true,1,51732
7290002133124,false,גבינת ריקוטה 5% במשקל,מחלבת השומרון,IL,ריקוטה 5% שומרון,קילוגרמים,1.00,"ק""ג",true,,49.00,49.0000,true,1,51731
7290002133131,false,גבינה ריקוטה 5% 250 גרם,מחלבת השומרון,IL,ריקוטה 5% 250גר השומ,גרמים,250.00,100 גרם,false,,14.90,5.9600,true,1,55759
7290002133148,false,צפתית רכה שומרון במש,"מחלבת השומרון בע""מ",IL,צפתית רכה 5% שומרון,קילוגרמים,1.00,"ק""ג",true,,39.00,39.0000,true,1,49931
7290002133162,false,גבינה בולגרית 5% גבינות השומרון 250 גרם,מחלבת השומרון,IL,בולגרית גביע 5% 250ג,גרמים,250.00,100 גרם,false,,18.90,7.5600,true,1,49946
7290002133193,false,בולגרית שומרון מעדני,מחלבת השומרון בעמ,IL,בולגרית שומרון,קילוגרמים,1.00,"ק""ג",true,,39.00,39.0000,true,1,49932
7290002133209,false,לאבנה 5% שומרון,,,לאבנה 5% שומרון,קילוגרמים,1.00,"ק""ג",true,,39.00,39.0000,true,1,51717
7290002133216,false,"גב.שמנת30%שומן ט""ש.משקל","מחלבת השומרון בע""מ",IL,גבינת שמנת 25% שומרו,קילוגרמים,1.00,"ק""ג",true,,39.00,39.0000,true,1,51718
7290002133247,false,לאבנה עם שמן זית וזעתר 5% גבינות השומרון 250 גרם,מחלבת השומרון,IL,לאבנה עם זעתר ושמן 5,גרמים,250.00,100 גרם,false,,11.90,4.7600,true,1,50999
7290002133506,false,יוגורט של פעם חלב עיזים 4% גבינות השומרון 400 גרם,מחלבת השומרון,IL,יוגורט של פעם חלב עי,גרמים,400.00,100 גרם,false,,10.90,2.7250,true,1,51775
7290002133520,false,יוגורט של פעם 3% גבינות השומרון 400 גרם,מחלבת השומרון,IL,יוגורט של פעם 3% השו,גרמים,400.00,100 גרם,false,,9.90,2.4750,true,1,51776
7290002133551,false,גבינת לאבנה עם שמן זית וזעתר 5% השומרון 500 גרם,מחלבת השומרון,IL,לאבנה עם זעתר ושמן ז,גרמים,500.00,100 גרם,false,,17.50,3.5000,true,1,51777
7290002133582,false,כדורי מוצרלה שומרון,,,כדורי מוצרלה שומרון,קילוגרמים,1.00,"ק""ג",true,,79.00,79.0000,true,1,51719
7290002133858,false,גבינה בולגרית צאן 18% גבינות השומרון 250 גרם,מחלבת השומרון,IL,בולגרית צאן גביע 250,גרמים,250.00,100 גרם,false,,23.90,9.5600,true,1,51765
7290002133889,false,גבינה בולגרית מעודנת 5% 250 גרם,מחלבת השומרון,IL,בולגרית מעודנת בקר 5,גרמים,250.00,100 גרם,false,,18.90,7.5600,true,1,55714
7290002150077,false,פלאפל חמים וטעים 400,"חמים וטעים בע""מ",IL,פלאפל חמים וטעים 400,גרמים,400.00,100 גרם,false,,16.90,4.2250,true,1,68767
7290002150718,false,קרפלך כיסוני בצק במי,"חמים וטעים בע""מ",IL,"קרפלך במילוי תפו""א ח",גרמים,400.00,100 גרם,false,,16.90,4.2250,true,1,68768
7290002150794,false,סיגרים במילוי בשר 40,"חמים וטעים בע""מ",IL,סיגר בשר חמים וטעים,גרמים,400.00,100 גרם,false,,16.90,4.2250,true,1,67932
7290002150817,false,"סיגר תפו""א חמים וטעי","חמים וטעים בע""מ",IL,"סיגר תפו""א חמים וטעי",גרמים,400.00,100 גרם,false,,16.90,4.2250,true,1,67933
7290002150848,false,אגרול סיני חמים וטעי,"חמים וטעים בע""מ",IL,אגרול סיני חמים וטעי,גרמים,400.00,100 גרם,false,,16.90,4.2250,true,1,67935
7290002150862,false,קובה בורגול בשר 400 גרם,"חמים וטעים בע""מ",IL,קובה בשר מטוגן חמים,גרמים,400.00,100 גרם,false,,16.90,4.2250,true,1,67936
7290002153801,false,אובלטים שומשום 300 גרם,,IL,אובלטים שומשום 300 ג,גרמים,300.00,100 גרם,false,,10.90,3.6333,true,1,98161
7290002153825,false,אובלטים מלוחים 300 גרם,,IL,אובלטים מלוחים 300 ג,גרמים,300.00,100 גרם,false,,10.90,3.6333,true,1,98162
7290002190516,false,"ריבת חלב גלעם-קומידה 500ג' 12X-כשל""פ",אשבל מזון פונקציונלי בע\,IL,ריבת חלב ממרח 500גר,גרמים,500.00,100 גרם,false,,13.90,2.7800,true,1,32643
7290002195054,false,המבורגר בלדי 400 גרם ארוז,יוליניבר,IL,המבורגר בלדי 400גר,גרמים,400.00,100 גרם,false,,14.90,3.7250,true,1,49245
7290002195078,false,קבב כבש בלדי קפוא 400 ג',בלדי,IL,בלדי קבב כבש 400גר,גרמים,400.00,100 גרם,false,,14.90,3.7250,true,1,49246
7290002195085,false,קבב מזרחי בלדי 400 ג'- 8 יח',יוליניבר,IL,קבב מזרחי 400גר,גרמים,400.00,100 גרם,false,,14.90,3.7250,true,1,49247
7290002195092,false,קבב רומני 400 גרם בלדי,בלדי,IL,קבב רומני 400גר,גרמים,400.00,100 גרם,false,,14.90,3.7250,true,1,49248
7290002198048,false,פסטרמה הודו בתיבול שוואר,זוגלובק,IL,פסטרמה הודו בתיבול ש,קילוגרמים,1.00,"ק""ג",true,,89.00,89.0000,true,1,135038
7290002211013,false,"קמח חיטה לבן ""רוט"" 1 ק""ג",,,קמח חיטה לבן בהיר 1ק,גרמים,1000.00,100 גרם,false,,5.50,0.5500,true,1,86122
7290002211044,false,"סולת חיטה 1 ק""ג טחנת רוט",,IL,"סולת 1ק""ג",גרמים,1000.00,100 גרם,false,,6.50,0.6500,true,1,40787
7290002211112,false,"קמח לבן 1 ק""ג כחול טחנת רוט",,IL,קמח רוט כחול לבן 1קג,גרמים,1000.00,100 גרם,false,,6.50,0.6500,true,1,91843
7290002211501,false,"קמח תופח מנופה 1ק""ג טחנת רוט",,IL,קמח תופח מנופה טחנת,גרמים,1000.00,100 גרם,false,,7.90,0.7900,true,1,140254
7290002211518,false,קמח חיטה לבן 1 ק'ג מנופה (כחול),,,קמח חיטה לבן מנופה ט,גרמים,1000.00,100 גרם,false,,7.90,0.7900,true,1,140252
7290002211525,false,"קמח 80% מנופה 1 ק""ג טחנת רוט",,IL,קמח חיטה 80% מנופה ט,גרמים,1000.00,100 גרם,false,,7.90,0.7900,true,1,140253
7290002239185,false,אפונת גינה קפואה פרי גליל 800 גרם,"פרי הגליל בע""""מ",IL,אפונה מוקפאת 800גר,גרמים,800.00,100 גרם,false,,10.90,1.3625,true,1,27682
7290002239215,false,אפונה וגזר קפוא פרי גליל 800 גרם,"פרי הגליל בע""""מ",IL,אפונה וגזר 800גר,גרמים,800.00,100 גרם,false,,10.90,1.3625,true,1,27683
7290002239277,false,גזר גמדי קפוא פרי גליל 800ג',"פרי הגליל בע""""מ",IL,גזר גמדי 800גר,גרמים,800.00,100 גרם,false,,10.90,1.3625,true,1,27684
7290002239307,false,שעועית צהובה 800 ג ' פרי הגליל,"פרי הגליל בע""""מ",IL,שעועית צהובה 800גר,גרמים,800.00,100 גרם,false,,10.90,1.3625,true,1,27685
7290002239338,false,שעועית ירוקה פרי הגליל 800 גרם,"פרי הגליל בע""""מ",IL,שעועית ירוקה 800גר,גרמים,800.00,100 גרם,false,,10.90,1.3625,true,1,27686
7290002239369,false,שעועית ירוקה שלמה 800 גרם פרי הגליל,"פרי הגליל בע""""מ",IL,שעועית שלמה 800גר,גרמים,800.00,100 גרם,false,,10.90,1.3625,true,1,27688
7290002239420,false,תירס גרעינים 800 ג ' פרי הגליל,"פרי הגליל בע""""מ",IL,גרעיני תירס 800גר,גרמים,800.00,100 גרם,false,,10.90,1.3625,true,1,27689
7290002253006,false,שום כתוש דורות בצנצנת 200 גרם,עיצובים 2020 (3.8),IL,שום כתוש דורות 200גר,גרמים,200.00,100 גרם,false,,17.90,8.9500,true,1,23950
7290002253105,false,קוביות שום כתוש טרי דורות 80 גרם,עיצובים 2020 (3.8),IL,קוביות שום דורות 80ג,גרמים,80.00,100 גרם,false,,12.90,16.1250,true,1,23952
7290002253167,false,פטרוזיליה קצוצה דורות 70 גרם,עיצובים 2020 (3.8),IL,פטרוזליה קצוצה דורות,גרמים,70.00,100 גרם,false,,12.90,18.4286,true,1,23954
7290002253174,false,קוביות שמיר קצוץ דורות 70 גרם,עיצובים 2020 (3.8),IL,קוביות שמיר קצוץ דור,גרמים,70.00,100 גרם,false,,12.90,18.4286,true,1,23955
7290002253181,false,קוביות כוסברה קצוצה דורות 70 גרם,עיצובים 2020 (3.8),IL,כוסברה קצוצה דורות 7,גרמים,70.00,100 גרם,false,,12.90,18.4286,true,1,23956
7290002253198,false,ג'ינג'ר טרי כתוש במגשית 70 ג' דורות,עיצובים 2020 (3.8),IL,גינגר כתוש במגשית דו,גרמים,70.00,100 גרם,false,,12.90,18.4286,true,1,35510
7290002259640,false,דיימונד רדיד אלומיניום צר 30 ס''מ 7.5 מ'-,ריינולדס מוצרי צריכה,US,דאיימונד 30*7.60,מטרים,7.62,מטר,false,,12.90,1.6929,true,1,32647
7290002259664,false,רדיד אלומיניום דיימונד גדול 60X0.60מ',ריינולדס מוצרי צריכה,US,רדיד אלומניום 30*61,מטרים,60.00,מטר,false,,54.90,0.9150,true,1,42500
7290002291046,false,המבורגר מסעדות 480 גרם הקצביה בלדי,יוליניבר,IL,המבורגר מסעדות קצביי,גרמים,480.00,100 גרם,false,,25.90,5.3958,true,1,57360
7290002319016,false,אבקת אפיה עשיריות מיה 100 גרם,מיה תעשיות מזון מ.ת.מ. ב,IL,אבקת אפיה 10*10גרם,גרמים,100.00,100 גרם,false,,2.20,2.2000,true,1,52033
7290002319023,false,סוכר וניל עשיריות מיה 100 גרם,מיה תעשיות מזון מ.ת.מ. ב,IL,סוכר וניל מיה 10*10ג,גרמים,100.00,100 גרם,false,,2.20,2.2000,true,1,52034
7290002319078,false,שומשום מיה 100 גרם,"מיה תעשיות מזון בע""מ",IL,שומשום מיה 100 גר,גרמים,100.00,100 גרם,false,,4.90,4.9000,true,1,50533
7290002319115,false,חומוס גדול יבש מיה 500 גר',מיה תעשיות מזון מ.ת.מ. ב,IL,חומוס גדול 500גר,גרמים,500.00,100 גרם,false,,8.90,1.7800,true,1,49949
7290002319139,false,שעועית לבנה יבשה מיה 500 ג',מיה תעשיות מזון מ.ת.מ. ב,IL,שעועית לבנה 500גר,גרמים,500.00,100 גרם,false,,9.90,1.9800,true,1,49951
7290002319160,false,אפונה ירוקה יבשה מיה 500 ג',מיה תעשיות מזון מ.ת.מ. ב,IL,אפונה מאה 500 גר,גרמים,500.00,100 גרם,false,,6.90,1.3800,true,1,49958
7290002319184,false,עדשים אדומים יבשים מיה 500 גר',מיה תעשיות מזון מ.ת.מ. ב,IL,עדשים אדומות 500 גר,גרמים,500.00,100 גרם,false,,9.90,1.9800,true,1,49960
7290002319191,false,עדשים ירוקים יבשים מיה 500 גר',מיה תעשיות מזון מ.ת.מ. ב,IL,עדשים ירוקות 500 גר,גרמים,500.00,100 גרם,false,,9.90,1.9800,true,1,49961
7290002319221,false,מיה חיטה 500 גרם,מיה תעשיות מזון מ.ת.מ. ב,IL,חיטה מיה 500 גר,גרמים,500.00,100 גרם,false,,6.90,1.3800,true,1,49953
7290002319375,false,"קורנפלור 200 ג' בד""ץ מיה",מיה תעשיות מזון מ.ת.מ. ב,IL,קורנפלור 200 גרם,גרמים,200.00,100 גרם,false,,3.90,1.9500,true,1,52036
7290002319528,false,קמח מצה חמץ 200 גר' מיה,מיה תעשיות מזון,IL,קמח מצה 200גר,גרמים,200.00,100 גרם,false,,3.50,1.7500,true,1,72277
7290002319771,false,"תמצית אפיה בטעם וניל מיה 50 מ""ל",מיה תעשיות מזון מ.ת.מ. ב,IL,"תמצית אפיה וניל 50מ""",מיליליטרים,50.00,"100 מ""ל",false,,3.70,7.4000,true,1,52038
7290002319788,false,"תמצית אפיה רום מיה 50 מ""ל",מיה תעשיות מזון מ.ת.מ. ב,IL,תמצית אפיה בטעם רום,מיליליטרים,50.00,"100 מ""ל",false,,3.70,7.4000,true,1,52039
7290002321750,false,"פילה אמנון קפוא בד""ץ מאסטר פוד",,IL,פילה אמנון קפוא,קילוגרמים,1.00,"ק""ג",true,,29.90,29.9000,true,1,46737
7290002329602,false,עוגת שוקולד עוגל'ה 350 גרם,,,עוגה בחושה שוקולד עו,גרמים,350.00,100 גרם,false,,8.90,2.5429,true,1,100759
7290002329619,false,עוגת שוקולד צ'יפס עוגל'ה 350 גרם,,,עוגה בחושה שוקו צ'יפ,גרמים,350.00,100 גרם,false,,8.90,2.5429,true,1,100760
7290002329657,false,עוגת תפוז עוגל'ה 350 גרם,,,עוגה בחושה תפוז עוגל,גרמים,350.00,100 גרם,false,,8.90,2.5429,true,1,100762
7290002329664,false,עוגת אנגלית עוגל'ה 350 גרם,,,עוגה בחושה אנגלית עו,גרמים,350.00,100 גרם,false,,8.90,2.5429,true,1,100763
7290002329961,false,עוגת שוקוצ'ינו עוגל'ה 350 גרם,,,עוגת שוקוצ'ינו 350 ג,גרמים,350.00,100 גרם,false,,8.90,2.5429,true,1,100837
7290002331025,false,"מים מינרלים נביעות ספורט 500 מ""ל פקדון",נביעות טבע הגליל בעמ,IL,נביעות ספורט 500מל,מיליליטרים,500.00,"100 מ""ל",false,,3.00,0.6000,true,1,31159
7290002331360,false,"נביעות מים מינרליים טו גו מארז 500X6מ""ל",נביעות טבע,IL,נביעות טו גו שישייה,מיליליטרים,3000.00,"100 מ""ל",false,,16.90,0.5633,true,1,27914
7290002331490,false,מים מינרליים נביעות 1 ליטר,נביעות טבע הגליל בעמ,IL,נביעות 1 ליטר,מיליליטרים,1000.00,"100 מ""ל",false,,4.00,0.4000,true,1,70428
7290002336686,false,"אסאדו ע""ע טרי עטרה צרפת",שונות,IL,אסאדו עע,קילוגרמים,1.00,"ק""ג",true,,69.90,69.9000,true,1,113015
7290002345886,false,צלי כתף עגל,,,צלי כתף עגל,קילוגרמים,1.00,"ק""ג",true,,89.90,89.9000,true,1,134825
7290002360124,false,חליטת צמחים ורד הבר והיביסקוס פומפדור 20 יחידות,TEEKANNE- POMPADOU,DE,חליטת תה פומפדור ורד,גרמים,30.00,100 גרם,false,,14.90,49.6667,true,1,28368
7290002360155,false,חליטת תה פרחי שומר פומפדור 20 שקיקים,TEEKANNE- POMPADOU,DE,חליטת תה פומפדור פרח,גרמים,40.00,100 גרם,false,,14.90,37.2500,true,1,28370
7290002360285,false,חליטת צמחים פומפדור קמומיל 20 יחידות,TEEKANNE- POMPADOU,DE,חליטת תה פומפדור קמו,גרמים,30.00,100 גרם,false,,14.90,49.6667,true,1,28375
7290002370130,false,גבינת ברי צרפתית משקל,גולד פרוסט,FR,גבינת ברי צרפתית במש,קילוגרמים,1.00,"ק""ג",true,,120.00,120.0000,true,1,136257
7290002371533,false,דקניקים סלסולי פסטרמה דבש טירת צבי 120 גרם,הנסיך- מפעל לייצור ט,IL,סלסולי פסטרמה בדבש ט,גרמים,120.00,100 גרם,false,,15.90,13.2500,true,1,89595
7290002371571,false,פסטרמה פרגיות לבאגט במשקלטירת צבי,טירת- צבי,IL,פסטרמה פרגיות לבגט ט,קילוגרמים,1.00,"ק""ג",true,,89.00,89.0000,true,1,99583
7290002371854,false,נקניקיות עוף חריפות טירת צבי 2 * 500 גרם,הנסיך- מפעל לייצור ט,IL,נקניקיות עוף חריפות,גרמים,1000.00,100 גרם,false,,31.90,3.1900,true,1,89613
7290002371939,false,סרוולד בסגנון צרפתי דליקטיב 120 גרם,הנסיך- מפעל לייצור ט,IL,סרוולד פסטרמה בסגנון,גרמים,120.00,100 גרם,false,,32.90,27.4167,true,1,89596
7290002374268,false,שמן חמניות מילומור 1 ליטר,שמן תעשיות,IL,שמן חמניות מילומור 1,מיליליטרים,1000.00,"100 מ""ל",false,,10.90,1.0900,true,1,137350
7290002374640,false,שמן בריאות קנולה פלוס אומגה 3 עץ הזית 1 ליטר,שמן תעשיות,EE,שמן קנולה פלוס אומגה,מיליליטרים,1000.00,"100 מ""ל",false,,17.90,1.7900,true,1,72011
7290002407034,false,"זית סורי מבוקע ג""השא",ג'השאן,IL,זית סורי מבוקע 800גר,גרמים,800.00,100 גרם,false,,19.90,2.4875,true,1,31107
7290002407102,false,זית סנטה גדול ג'השאן 800 ג',ג'השאן,IL,זית סנטה 800גר,גרמים,800.00,100 גרם,false,,19.90,2.4875,true,1,51666
7290002407348,false,"שמן זית כתית מעולה 750 מ""ל ג'השאן",משק משפחת ג'השאן,IL,שמן זית ג'השאן כתית,מיליליטרים,750.00,"100 מ""ל",false,,29.90,3.9867,true,1,97538
7290002408017,false,גאודה עיזים מולן הכפ,,,גאודה עיזים מולן הכפ,קילוגרמים,1.00,"ק""ג",true,,120.00,120.0000,true,1,91463
7290002409014,false,ציפור השרון גחנון אפוי 600גר,ציפור השרון,IL,גחנון אפוי ציפור השר,גרמים,600.00,100 גרם,false,,19.90,3.3167,true,1,22436
7290002409038,false,בורקס גבינה ציפור הש,ציפור השרון,IL,בורקס גבינה 800גר,גרמים,800.00,100 גרם,false,,18.90,2.3625,true,1,35567
7290002409045,false,"בורקס תפו""א ציפור השרון 800ג'",ציפור השרון,IL,"בורקס תפו""א 800גר",גרמים,800.00,100 גרם,false,,18.90,2.3625,true,1,41960
7290002409052,false,בורקס תרד 800גר,,,בורקס תרד 800גר,גרמים,800.00,100 גרם,false,,22.90,2.8625,true,1,59534
7290002409076,false,ציפור השרון גחנון בצק 800גר,ציפור השרון,IL,גחנון בצק ציפור השרו,גרמים,800.00,100 גרם,false,,15.90,1.9875,true,1,22437
7290002409106,false,בורקס פיצה 800 גרם,ציפור השרון,IL,בורקס פיצה 800גר,גרמים,800.00,100 גרם,false,,22.90,2.8625,true,1,50240
7290002409175,false,"בצק עלים צרפתי צפ.השרון 1 ק""ג",ציפור השרון,IL,בצק עלים 1קג,גרמים,1000.00,100 גרם,false,,15.90,1.5900,true,1,22438
7290002409274,false,מלוואח 800 גרם (5 יח') ציפור השרון,,,מלווח ציפור השרון 80,גרמים,800.00,100 גרם,false,,15.90,1.9875,true,1,137824
7290002409281,false,סבבה ציפור השרון 750,פילסברי,IL,סבבה ציפור השרון 750,גרמים,750.00,100 גרם,false,,19.90,2.6533,true,1,22012
7290002447481,false,צא'ך עגל טרי,אדום אדום,,צ'אך עגל,קילוגרמים,1.00,"ק""ג",true,,89.90,89.9000,true,1,51267
7290002447528,false,אווזית לקדירה,אדום אדום,,אווזית עגל,קילוגרמים,1.00,"ק""ג",true,,89.90,89.9000,true,1,51269
7290002447535,false,בשר ראש ולחי עגל,,,בשר ראש עגל,קילוגרמים,1.00,"ק""ג",true,,69.00,69.0000,true,1,85482
7290002447559,false,סינטה עגל טרי,אדום אדום,,סינטה עגל,קילוגרמים,1.00,"ק""ג",true,,129.00,129.0000,true,1,51270
7290002447573,false,שייטל עגל טרי,אדום אדום,,שייטל עגל,קילוגרמים,1.00,"ק""ג",true,,89.90,89.9000,true,1,51271
7290002453383,false,מרגז טלה קצביית פרימ,קצביית פרימיום,IL,מרגז טלה 500גר,גרמים,500.00,100 גרם,false,,29.90,5.9800,true,1,90955
7290002453512,false,קבב קציצות ישראלי 80,זהר בשר,,קבב קציצות ישראלי 80,גרמים,800.00,100 גרם,false,,37.90,4.7375,true,1,46107
7290002453529,false,המבורגר אנטריקוט 400 ג',קצביית פרימיום,IL,אנטריקוט בורגר 400גר,גרמים,400.00,100 גרם,false,,26.90,6.7250,true,1,46108
7290002453680,false,נקניקיות אסדו ארגנטנ,קצביית פרימיום,IL,נקניקיה אסאדו ארגנטי,גרמים,500.00,100 גרם,false,,29.90,5.9800,true,1,93330
7290002453697,false,קבב אנטריקוט קצבים עם שומן כבש 400 גרם,קצביית פרימיום,IL,קבב אנטריקוט קצבים ע,גרמים,400.00,100 גרם,false,,26.90,6.7250,true,1,93331
7290002511229,false,בולגרית מעודנת 16% במשקל,"מחלבת המושבה בע""מ",IL,בולגרית מעודנת המושב,קילוגרמים,1.00,"ק""ג",true,,45.00,45.0000,true,1,85371
7290002511236,false,בולגרית מעודנת5% במשקל,"מחלבת המושבה בע""מ",IL,בולגרית מעודנת 5% המ,קילוגרמים,1.00,"ק""ג",true,,45.00,45.0000,true,1,95653
7290002511434,false,אצבעות גבינה בטעמים משקל,מחלבת המושבה,IL,אצבעות שוקולד צימוקי,קילוגרמים,1.00,"ק""ג",true,,55.00,55.0000,true,1,95658
7290002511571,false,מוצרלה 22% המושבה,,,מוצרלה 22% המושבה,קילוגרמים,1.00,"ק""ג",true,,89.00,89.0000,true,1,95668
7290002515371,false,"קמיל בלו אל סבון לתינוקות ד""ר פישר 1 ליטר",פישר מעבדות פרמצבטיות בע,IL,קמיל בלו קלאסיק 1 לי,מיליליטרים,1000.00,"100 מ""ל",false,,29.90,2.9900,true,1,52050
7290002517276,false,פלפל אנגלי שלם 25 גר' טעם וריח,תות ממתקי איכות,IL,פלפל אנגלי שלם 25גר,גרמים,25.00,100 גרם,false,,7.90,31.6000,true,1,51950
7290002517337,false,אורגנו עלים 20 גר' טעם וריח,"תבליני טעם וריח בע""מ",IL,אורגנו עלים 20גר,גרמים,20.00,100 גרם,false,,7.90,39.5000,true,1,51964
7290002517580,false,"תערובת תיבול לעוף 80 גרם ""טעם וריח""",תות ממתקי איכות,IL,תערובת תיבול לעוף 80,גרמים,80.00,100 גרם,false,,12.90,16.1250,true,1,52012
7290002517603,false,תבלין בזיליקום מיכל 10ג',"תבליני טעם וריח בע""מ",IL,בזיליקום 10גר,גרמים,10.00,100 גרם,false,,6.90,69.0000,true,1,51944
7290002517689,false,תבלין קרי 40 גרם מיכל קטן,תות ממתקי איכות,IL,תבלינ קרי אבקה 40גר,גרמים,40.00,100 גרם,false,,6.90,17.2500,true,1,51958
7290002517726,false,קינמון מקלות 15 גר' טעם וריח,"תבליני טעם וריח בע""מ",IL,מקלות קינמון 15גר,גרמים,15.00,100 גרם,false,,6.90,46.0000,true,1,51959
7290002517733,false,תבלין קצח טעם וריח 4,תות ממתקי איכות,IL,קצח 40גר,גרמים,40.00,100 גרם,false,,6.90,17.2500,true,1,51960
7290002517801,false,תבלין צ'ילי כתוש - חריף (פלפל קיינה) 30 ג',"תבליני טעם וריח בע""מ",IL,צילי כתוש 30גר,גרמים,30.00,100 גרם,false,,6.90,23.0000,true,1,51961
7290002517825,false,"פלפל לבן טחון 40 גרם ""טעם וריח""","תבליני טעם וריח בע""מ",IL,פלפל לבן טחון 40גר,גרמים,40.00,100 גרם,false,,12.90,32.2500,true,1,51953
7290002519768,false,לב עגל חלק -במשקל,תנובה,IL,לב עגל,קילוגרמים,1.00,"ק""ג",true,,24.90,24.9000,true,1,89856
7290002542780,false,"שישייה בירה סטלה ארטואה בקבוק 330X6 מ""ל","אינבב, ברוורייפליין",BE,בירה סטלה ארטואה 6*3,מיליליטרים,1980.00,"100 מ""ל",false,,34.90,1.7626,true,1,141527
7290002552260,false,"קרחון טעם משמש לל""ס ריאו מארז 90X8ג'","ביח""\ר לגלידה וממתקים בע",IL,קרחונים ללא סוכר מאג,יחידה,0.00,יחידה,false,,17.90,0.0000,true,1,49864
7290002552345,false,מאגדת שלגונים גלי גל פרווה 8 יח' ריאו,"גלידות ריאו ביח""ר לג",IL,שלגונים גלי גל פרווה,יחידה,0.00,יחידה,false,,14.90,0.0000,true,1,46316
7290002552499,false,מאגדת שלגוני שרבט פרווה תות מנגו 8 יח' ריאו,"גלידות ריאו ביח""ר לג",IL,שלגונים שרבט פרווה ת,יחידה,0.00,יחידה,false,,16.90,0.0000,true,1,49865
7290002552772,false,מאגדת ארטיק קרח 10 יח' ריאו,"גלידות ריאו ביח""ר לג",IL,ארטיק קרח עשיריות,יחידה,0.00,יחידה,false,,10.90,0.0000,true,1,46317
7290002560036,false,רדיד אלומיניום מעוצב,,,רדיד אלומיניום מעוצב,יחידה,0.00,יחידה,false,,11.90,0.0000,true,1,120329
7290002560227,false,נורמה גופייה 75/90 2,קריות זול,,אשפתון גופיה 75/90 2,יחידה,0.00,יחידה,false,,10.90,0.0000,true,1,96320
7290002560234,false,"צלחות נורמה גדולות 1 ק""ג",,,צלחות 9 אינץ 66יח 1ק,יחידה,0.00,יחידה,false,,39.90,0.0000,true,1,99898
7290002560333,false,שקיות אוכל מארז שלשה,,,שקיות אוכל גדולות XL,יחידה,0.00,יחידה,false,,11.90,0.0000,true,1,99717
7290002560524,false,נורמה נייר אפיה בגלי,,,נייר אפייה בגליל 25,יחידה,0.00,יחידה,false,,14.90,0.0000,true,1,141089
7290002599029,false,תבליני יונה פפריקה מתוקה בשמן 80ג,תבליני יונה,IL,תבלינים בשקית 80גר,גרמים,80.00,100 גרם,false,,5.70,7.1250,true,1,51931
7290002599036,false,פלפל לבן/שחור 50גר,תבליני יונה,IL,פלפל לבן/שחור 50גר,גרמים,50.00,100 גרם,false,,5.70,11.4000,true,1,51932
7290002599081,false,תבליני יונה תבלינים שונים 100גר,תבליני יונה,IL,תבלינים בשקית,יחידה,0.00,יחידה,false,,5.70,0.0000,true,1,51933
7290002599104,false,תבליני יונה תבלינים,תבליני יונה,IL,תבלינים בשקית 50גר,גרמים,50.00,100 גרם,false,,5.70,11.4000,true,1,51934
7290002599197,false,תבליני יונה פלפל שחור שלם 50גר,תבליני יונה,IL,פלפל לבן/שחור 50גר,גרמים,50.00,100 גרם,false,,5.70,11.4000,true,1,51935
7290002627302,false,צלי כתף עגל,,,צלי כתף עגל,קילוגרמים,1.00,"ק""ג",true,,89.90,89.9000,true,1,134826
7290002627364,false,אנטריקוט עגל פריים,,,*מבצע* אנטריקוט עגל,קילוגרמים,1.00,"ק""ג",true,,100.00,100.0000,true,1,112992
7290002627371,false,צלעות עגל,,,צלעות עגל,קילוגרמים,1.00,"ק""ג",true,,69.90,69.9000,true,1,112999
7290002627401,false,צלי כתף עגל,,,צלי כתף עגל,קילוגרמים,1.00,"ק""ג",true,,89.90,89.9000,true,1,113010
7290002628064,false,טחון בקר בלדי קפוא 500 ג' /16 יח',יוליניבר,IL,טחון בקר בלדי קפוא 5,גרמים,500.00,100 גרם,false,,19.90,3.9800,true,1,49259
7290002628088,false,טחון הודו בלדי 500 גרם,בלדי,,טחון הודו בלדי קפוא,גרמים,1000.00,100 גרם,false,,10.90,1.0900,true,1,52234
7290002628293,false,טחון עוף קפוא 500 גרם בלדי,בלדי,IL,טחון עוף בלדי קפוא 5,גרמים,1000.00,100 גרם,false,,10.90,1.0900,true,1,52172
7290002661115,false,לחם שיפון הולנדי 1.2 מהדרין,מאפית י את א ברמן בע,IL,לחם הולנדי 1.2קג,גרמים,1200.00,100 גרם,false,,17.90,1.4917,true,1,135687
7290002661153,false,"לחם דני קל ברמן 1 ק""",מאפית י את א ברמן בע,IL,לחם דני קל 1 קג,גרמים,1000.00,100 גרם,false,,17.90,1.7900,true,1,135688
7290002661443,false,פירורי לחם מוזהבים עדינים 200 גר.,,IL,פירורי לחם זהוב עדין,גרמים,200.00,100 גרם,false,,4.50,2.2500,true,1,91885
7290002661474,false,פירור זהוב עם שמשום 200 גרם,Unknown,IL,פירורי לחם זהוב עם ש,גרמים,200.00,100 גרם,false,,4.50,2.2500,true,1,91886
7290002661535,false,פירורי לחם מוזהבים 1,מאפית י את א ברמן בע,IL,פירורי לחם זהוב 1 קג,גרמים,1000.00,100 גרם,false,,10.90,1.0900,true,1,103301
7290002661856,false,מיני קרוטונים מתובלים למרק ולסלט 350 גרם,צ'\וייסר פודס ל.טי.די.,GB,מיני קרוטונים מתובלי,גרמים,350.00,100 גרם,false,,16.90,4.8286,true,1,106906
7290002661863,false,קרוטונים מתובלים למרק 350 גרם,צ'\וייסר פודס ל.טי.די.,GB,קרוטונים מתובלים למר,גרמים,350.00,100 גרם,false,,16.90,4.8286,true,1,106905
7290002692393,false,שמן קנולה מזוכך מועשר עץ הזית 1 ליטר,שמן תעשיות בעמ,EE,שמן קנולה מועשר עץ ה,מיליליטרים,1000.00,"100 מ""ל",false,,16.90,1.6900,true,1,28706
7290002692478,false,"שמן זית כתית מעולה קלאסי מעודן 750 מ""ל עץ הזית","מרקאולאו, ספרד.אבסה,",IT,שמן זית כתית מעולה ע,מיליליטרים,750.00,"100 מ""ל",false,,34.90,4.6533,true,1,32801
7290002692768,false,"תרסיס שמן קנולה מזוכך ללא תוספת גז עץ הזית 200 מ""ל",טרנסומס פוד איי בי,IT,תרסיס שמן קנולה מופח,מיליליטרים,200.00,"100 מ""ל",false,,17.90,8.9500,true,1,46442
7290002692782,false,"תרסיס שמן זית כתית מעולה ללא תוספת גז עץ הזית 150 מ""ל",י.ב טכנולוגיות אריזה,IT,תרסיס שמן זית עץ הזי,מיליליטרים,200.00,"100 מ""ל",false,,17.90,8.9500,true,1,46444
7290002730262,false,"נוזל לניקוי כלים קלאסי פלמוליב 750 מ""ל",יבואן ומשווק: ש. שסט,GR,פלמוליב נוזל לכלים ק,מיליליטרים,750.00,"100 מ""ל",false,,11.90,1.5867,true,1,28396
7290002730354,false,תחבושות מקסי 12 יח' וניה,CILAG GMBH INTERNATI,BE,תחבושות וניה מקסי 12,יחידה,0.00,יחידה,false,,25.90,0.0000,true,1,28397
7290002730521,false,צימרוני אוזניים בלונס בקופסא 200 יח',קריות זול,GR,צמרוני אוזניים בקופס,יח',200.00,יח',false,,7.90,0.0395,true,1,35616
7290002730538,false,פדיות להסרת איפור בלונס 80 יחידות,הנסיך- מפעל לייצור ט,GR,פדים להסרת איפור בלו,יחידה,0.00,יחידה,false,,10.90,0.0000,true,1,35617
7290002735007,false,"בצק עלים מרודד ינון 1 ק""ג",קפוא-זן,,בצק עלים ינון 1קג,גרמים,1000.00,100 גרם,false,,16.90,1.6900,true,1,20132
7290002735014,false,מלוואח ארוז ינון 800 גר',ג'נרל מילס סאן אדריא,IL,מלווח ארוז ינון 800ג,גרמים,800.00,100 גרם,false,,14.90,1.8625,true,1,20133
7290002735021,false,ג'חנון קפוא ינון 750 גרם,ג'נרל מילס סאן אדריא,IL,גחנון ארוז ינון 750ג,גרמים,750.00,100 גרם,false,,14.90,1.9867,true,1,20134
7290002735113,false,בורקס גבינה ינון 800 גר,,,בורקס גבינה ינון 800,גרמים,800.00,100 גרם,false,,16.90,2.1125,true,1,20135
7290002735274,false,ג'חנון אפוי ינון 600 גרם,ג'נרל מילס סאן אדריא,IL,גחנון אפוי ינון 600ג,גרמים,600.00,100 גרם,false,,17.90,2.9833,true,1,20138
7290002752332,false,"סוכריות מנטוס פירות בגליל, 37.5 גרם",הדקלאים אגודת שיתופי,NL,מנטוס גליל פירות בוד,גרמים,37.50,100 גרם,false,,3.90,10.4000,true,1,32011
7290002752349,false,סוכריות מנטוס מנטה 40יח' בגליל 38ג',פרפטי ואן מלה,NL,מנטוס גליל מנטה בודד,גרמים,37.50,100 גרם,false,,3.90,10.4000,true,1,32012
7290002752493,false,רביעיה סוכריות מנטה 4* 16 ג' טיק טק,פררו - אלבה,ZA,טיקטק מנטה רביעייה 4,גרמים,64.00,100 גרם,false,,11.90,18.5938,true,1,32014
7290002753223,false,רביעייה סוכריות תפוז 4*16 ג' טיק טק,פררו - אלבה,ZA,טיקטק תפוז רביעייה 4,גרמים,64.00,100 גרם,false,,11.90,18.5938,true,1,32016
7290002769316,false,קראנץ שמרים 500 גרם,ר.כ עוגיות הזהב,IL,עוגת קראנץ 500 גרם,גרמים,500.00,100 גרם,false,,17.90,3.5800,true,1,105927
7290002769347,false,עוגיות מובחרות בדלי 600 גר' שיווק הזהב,עוגיות הזהב,IL,עוגיות מובחרות 500 ג,גרמים,500.00,100 גרם,false,,16.90,3.3800,true,1,118092
7290002769675,false,עוגת מאפינס פרג 450 גר',אחווה,IL,מאפינס ללא סוכר 450,גרמים,450.00,100 גרם,false,,17.90,3.9778,true,1,120467
7290002805151,false,סיף פנטסטיק לרצפות בניחוח סחלבים 4ל',יוניליוור ישראל טיפו,IL,סיף פנטסטיק לרצפות ב,ליטרים,4.00,ליטר,false,,21.90,5.4750,true,1,26585
7290002812522,false,פרלמנט ארוך RCB חפיסה,פיליפ מוריס,,פרלמנט ארוך,יחידה,0.00,יחידה,false,,42.00,0.0000,false,1,44756
7290002814016,false,"מסיר שומנים מתז 750 מ""ל סנט מוריץ כשל""פ עד""ח","קומפלקס כימיקלים בע""",IL,מסיר שומנים סנט מורי,מיליליטרים,750.00,"100 מ""ל",false,,15.90,2.1200,true,1,22237
7290002814054,false,סנט מוריץ מתז אנטרטיק מתז 1 ליטר,קומפלקס כימיקלים בעמ,IL,אנטרטיק במתז 1 ליטר,ליטרים,1.00,ליטר,false,,11.90,11.9000,true,1,99860
7290002814078,false,סנט מוריץ נוזל לניקוי אמבט אנטרטיק 1ל',"קומפלקס כימיקלים בע""",IL,אנטרטיק נוזל לניקוי,מיליליטרים,1000.00,"100 מ""ל",false,,7.90,0.7900,true,1,22238
7290002814290,false,קצף מרוכז blanco בניחוח לימון משמיד 99.9% חיידקים סנט מוריץ 1 ליטר,קומפלקס כימיקלים בעמ,IL,קצף אקונומיקה מרוכז,מיליליטרים,1000.00,"100 מ""ל",false,,12.90,1.2900,true,1,120221
7290002814412,false,סנט מוריץ נוזל כלים 1.6 ליטר לימון ליים 18%,קומפלקס כימיקלים בעמ,IL,נוזל כלים ירוק 1.5 ל,ליטרים,1500.00,ליטר,false,,11.90,0.0079,true,1,97248
7290002814528,false,נוזל לניקוי האסלה סנט מוריץ 1 ליטר,קומפלקס כימיקלים בעמ,IL,נוזל אסלות מס'1 1ליט,מיליליטרים,1000.00,"100 מ""ל",false,,6.90,0.6900,true,1,22241
7290002814603,false,"סנט מוריץ - מרסס מסיר שומנים קר מבושם לימון 750 מ""ל",קומפלקס כימיקלים בעמ,IL,מסיר שומנים סנט מורי,מיליליטרים,750.00,"100 מ""ל",false,,15.90,2.1200,true,1,95072
7290002814870,false,"סנט מוריץ - מרסס מסיר שומנים קר מבושם לוונדר\פרחים 750 מ""ל",קומפלקס כימיקלים בעמ,IL,מסיר שומנים סנט מורי,מיליליטרים,750.00,"100 מ""ל",false,,15.90,2.1200,true,1,99857
7290002814900,false,סבון אסלה סנט מוריץ כדוריות לימון 3 יח,"קומפלקס כימיקלים בע""",TR,כדוריות לאסלה לימון,יחידה,0.00,יחידה,false,,9.90,0.0000,true,1,120581
7290002814931,false,סנט מוריץ שמפו רצפות בניחוח פרחים 4 ליטר - מרכז,"קומפלקס כימיקלים בע""",IL,נוזל רצפות 4 ליטר סנ,ליטרים,4.00,ליטר,false,,12.90,3.2250,true,1,97255
7290002824183,false,"גבינה לבנה סקי 500 גרם 5% ""שטראוס"" -מוצר בפיקוח",מיוצר עי קונדיטוריית,IL,קרם גבינה 5% סקי 500,גרמים,500.00,100 גרם,false,,9.96,1.9920,true,1,30602
7290002824466,false,יוגורט דנונה ביו לבן 0% שומן 200 גרם,"שטראוס בריאות בע""\מ",IL,דנונה יוגורט ביו 0%,גרמים,200.00,100 גרם,false,,3.80,1.9000,true,1,30603
7290002824640,false,"גבינת סקי 250 גרם 5% ""שטראוס"" -מוצר בפיקוח",מיוצר עי קונדיטוריית,IL,גבינה 5% סקי 250 גרם,גרמים,250.00,100 גרם,false,,4.98,1.9920,true,1,30605
7290002825722,false,סלט כרוב אדום אחלה 500 גרם,מיוצר עי קונדיטוריית,IL,כרוב אדום אחלה 500גר,גרמים,500.00,100 גרם,false,,14.90,2.9800,true,1,30608
7290002842002,false,פתיתי שיבולת שועל קוואקר אנגלי מורנפלייק,מורנינג פוד,GB,שבולת שועל אנגלי מור,גרמים,500.00,100 גרם,false,,10.90,2.1800,true,1,29343
7290002868996,false,"קוטג' 5% שומן, רכיבים טבעיים, 250 גרם",קריות זול,IL,קוטג מועשר 5% 250גר,גרמים,250.00,100 גרם,false,,6.30,2.5200,true,1,33362
7290002881025,false,מעדן דובדבן חמוץ 100% 284 גרם,קריות זול,,מעדן דובדבן חמוץ סן,גרמים,282.00,100 גרם,false,,12.90,4.5745,true,1,22643
7290002881063,false,מעדן תפוז סן מורנו 2,קריות זול,,מעדן תפוז סן מורנו 2,גרמים,282.00,100 גרם,false,,12.90,4.5745,true,1,101059
7290002881216,false,רסק תפוחי עץ לא ממותק תומר 700 גרם,KONSERVENFABRIEK BALTUSSEN,NL,"רסק תפו""ע לסכרתיים 7",גרמים,700.00,100 גרם,false,,10.90,1.5571,true,1,22653
7290002881414,false,תומר-אטריות ביציםעבו,אופאל,CN,נודלס עבה תומר 400גר,גרמים,400.00,100 גרם,false,,10.90,2.7250,true,1,39980
7290002881506,false,חמאת בוטנים 510 ג' תומר,Niza s a,,חמאת בוטנים 510גר,גרמים,510.00,100 גרם,false,,10.90,2.1373,true,1,22664
7290002881513,false,חמאת בוטנים עם שברי בוטנים תמר 510 גר',Niza s a,,חמאת בוטנים עם שברי,גרמים,510.00,100 גרם,false,,10.90,2.1373,true,1,22665
7290002881612,false,לפתן דובדבנים חמוצים תומר 720 גרם,Fructo sliven jsc,BG,לפתן דובדבנים חמוצים,גרמים,680.00,100 גרם,false,,9.90,1.4559,true,1,99811
7290002881742,false,לבבות דקל פרוסות תומר 400 גרם,Inaexpo,EC,לבבות דקל פרוסות תומ,גרמים,400.00,100 גרם,false,,10.90,2.7250,true,1,22669
7290002881872,false,"פטריות חתוכות 290 גרם ""תומר""",,NL,פטריות חתוכות תומר 2,גרמים,290.00,100 גרם,false,,4.90,1.6897,true,1,65717
7290002881919,false,פיטריות שמפניון שלמות קטנות תומר 400 גרם,גיבונג אינדסקיאלס,,פטריות שלמות תומר 40,גרמים,400.00,100 גרם,false,,8.90,2.2250,true,1,47467
7290002881940,false,סרדינים מרוקאי בשמן חמניות 125ג' תומר,Union des pecheries,,סרדין מרוקאי בשמן 12,גרמים,125.00,100 גרם,false,,6.90,5.5200,true,1,22671
7290002900313,false,פסטרמה ספרדיתטירת צבי,טירת- צבי,IL,פסטרמה בסגנון ספרדי,קילוגרמים,1.00,"ק""ג",true,,89.00,89.0000,true,1,99594
7290002904694,false,"טיטניום דאודורנט ספריי לגברים 150 מ""ל","אמיליה קוסמטיקס בע""מ",IL,טיטניום ספריי 180מל,מיליליטרים,180.00,"100 מ""ל",false,,18.90,10.5000,true,1,40051
7290002909569,false,ברבוניה פילה 400 גרם ארוז - הדייג,דולפין ספא,VN,פילה ברבוניה קפוא 40,גרמים,400.00,100 גרם,false,,24.90,6.2250,true,1,111894
7290002909576,false,בשר בקר טחון לקציצות ולקבב 500 ג' 12 יח',יוליניבר,IL,בשר טחון לקציצות ולק,גרמים,500.00,100 גרם,false,,19.90,3.9800,true,1,74531
7290002909804,false,פילה בקלה (מרלוזה ) ללא עור ארגנטיני,אל מאריסקו,AR,מרלוזה פילה ללא עור,קילוגרמים,1.00,"ק""ג",true,,34.90,34.9000,true,1,89230
7290002909880,false,"פולי סויה - אדממה - 400 גרם (בד""ץ עדה חרדית)",ZHEJIANG,CN,פולי סויה אדממה קפוא,גרמים,400.00,100 גרם,false,,10.90,2.7250,true,1,89515
7290002919179,false,"פילה אמנון 5-7 בוואקום ללא עור בד""ץ עד""ח",בלאדי,IL,אמנון פילה 5-7 ללא ע,קילוגרמים,1.00,"ק""ג",true,,39.90,39.9000,true,1,140731
7290002921165,false,"חלב לניקוי רהיטי עור הזלין יעקבי 400 מ""ל",אסטוניש -לידס,CH,הזלין חלב לריהוט עור,מיליליטרים,250.00,"100 מ""ל",false,,31.90,12.7600,true,1,26841
7290002921349,false,לוקטייט סופר גלו 3 - זוגי,יעקובי סופר גלו,TR,זוג דבק סופר גלו,יחידה,0.00,יחידה,false,,14.90,0.0000,true,1,26845
7290002927044,false,צלי כתף מס' 5 קפוא,זהר בשר,,צלי כתף מס' 5 קפוא,קילוגרמים,1.00,"ק""ג",true,,44.90,44.9000,true,1,46118
7290002927105,false,צלי עגל ברשת קפוא,זהר בשר,,צלי עגל ברשת קפוא,קילוגרמים,1.00,"ק""ג",true,,39.90,39.9000,true,1,46121
7290002927358,false,סטיק אנטריקוט 800גר,זהר בשר,,סטיק אנטריקוט 800גר,גרמים,800.00,100 גרם,false,,39.90,4.9875,true,1,102908
7290002927389,false,טחון עוף קפוא 500 גר,זהר בשר,,טחון עוף קפוא 500 גר,גרמים,500.00,100 גרם,false,,12.90,2.5800,true,1,107825
7290002927464,false,גולש עגל קפוא,זהר בשר,,גולש עגל קפוא,קילוגרמים,1.00,"ק""ג",true,,34.90,34.9000,true,1,46126
7290002927631,false,טחון הודו קפוא 500 ג,זהר בשר,,טחון הודו קפוא 500 ג,גרמים,500.00,100 גרם,false,,12.90,2.5800,true,1,107826
7290003009183,false,"סירופ דיאט תפוחים פריגת 750 מ""ל",סירופ - גבעת חיים,IL,סירופ דיאט תפוחים פר,מיליליטרים,750.00,"100 מ""ל",false,,24.90,3.3200,true,1,27929
7290003009596,false,"סירופ דיאט אשכוליות פריגת 750 מ""ל",סירופ - גבעת חיים,IL,סירופ דיאט אשכולית פ,מיליליטרים,750.00,"100 מ""ל",false,,24.90,3.3200,true,1,27937
7290003011087,false,"אורז בסמטי הודי מובחר שקדיה 1 ק""ג",אלסקה/ טילדה,IN,אורז בסמטי אלפנט 1קג,גרמים,1000.00,100 גרם,false,,12.90,1.2900,true,1,65662
7290003026036,false,"ד""ר פישר - קמיל בלו סנסיטיב אל סבון עדין לתינוק 1 ליטר",פישר מעבדות פרמצבטיות בע,IL,קמיל בלו סנסיטיב אל,מיליליטרים,1000.00,"100 מ""ל",false,,33.90,3.3900,true,1,52052
7290003029181,false,משקה יטבתה שוקו' בקבוק 1ל מהדרין,שטראוס גרופ,IL,שוקו 2% בבקבוק יטבתה,מיליליטרים,1000.00,"100 מ""ל",false,,11.90,1.1900,true,1,30617
7290003029372,false,משקה חלב בטעם בננה יטבתה 1 ליטר,שטראוס גרופ,IL,משקה חלב בטעם בננה י,מיליליטרים,1000.00,"100 מ""ל",false,,11.90,1.1900,true,1,30622
7290003029389,false,"משקה חלב בננה פקק ספורט 250 מ""ל יוטבתה",שטראוס גרופ,IL,משקה חלב בננה יטבתה,מיליליטרים,250.00,"100 מ""ל",false,,5.90,2.3600,true,1,30623
7290003029433,false,"משקה יטבתה שוקו פקק 250 מ""ל מהדרין",שטראוס גרופ,IL,שוקו יטבתה 250מל,מיליליטרים,250.00,"100 מ""ל",false,,5.90,2.3600,true,1,30626
7290003029532,false,מוקה בבקבוק יטבתה 1 ליטר מהדרין,שטראוס גרופ,IL,משקה מוקה 2% יטבתה 1,מיליליטרים,1000.00,"100 מ""ל",false,,11.90,1.1900,true,1,30630
7290003029792,false,"משקה יטבתה שוקו שקיות מהדרין מארז 225X8מ""ל",שטראוס גרופ,IL,שוקו 2% יטבתה 225x8,מיליליטרים,1800.00,"100 מ""ל",false,,21.90,1.2167,true,1,30638
7290003029815,false,כד חלב 3% יטבתה 2 ליטר מהדרין,שטראוס גרופ,IL,חלב מועשר 3% בכד יטב,מיליליטרים,2000.00,"100 מ""ל",false,,15.90,0.7950,true,1,30640
7290003029907,false,אייס קפה יטבתה 1 ליטר מהדרין,שטראוס גרופ,IL,משקה חלב בטעם אייס ק,מיליליטרים,1000.00,"100 מ""ל",false,,11.90,1.1900,true,1,30645
7290003072965,false,קבנוס חריף מעושן טירת צבי 120 גרם,טיב טירת צבי 2000,IL,קבנוס חריף מעושן 120,גרמים,120.00,100 גרם,false,,11.90,9.9167,true,1,128989
7290003072972,false,קבנוס בתיבול מעושן טירת צבי 120 גרם,טיב טירת צבי 2000,IL,קבנוס בתיבול שום 120,גרמים,120.00,100 גרם,false,,11.90,9.9167,true,1,128990
7290003126712,false,יוגורט עיזים מחלב מלא 3.7% משק צוריאל 150 גרם,מחלבת משק צוריאל,IL,יוגורט עיזים בגביע 3,מיליליטרים,150.00,"100 מ""ל",false,,6.90,4.6000,true,1,44203
7290003126958,false,טופו גבינה גוש בואקום צוריאל 300 ג',א.י.ן תעשיות מזון בע,IL,טופו בואקום צוריאל 3,גרמים,300.00,100 גרם,false,,12.60,4.2000,true,1,101171
7290003141159,false,יוגטה מרשמלו ממתק מוקצף בטעמי תות שדה ווניל 180 גרם,יוגוטה,IL,מרשמלו יוגטה 180גר,גרמים,180.00,100 גרם,false,,7.90,4.3889,true,1,67015
7290003142361,false,הוט פופ פופקורן מתוק מלוח 500 גרם,הוט פופ,US,פופקורן הוטפופ בטעם,גרמים,500.00,100 גרם,false,,17.90,3.5800,true,1,107196
7290003189045,false,צהובה הולנדית מחיר לפי מ,צי תעשיות מזון יבנה,IL,הולנדית כפיר א.ח.נוכ,קילוגרמים,1.00,"ק""ג",true,,39.00,39.0000,true,1,22150
7290003189168,false,"צהובה מעושנת כפיר 1 ק""ג",צי תעשיות מזון יבנה,IL,מעושנת כפיר א.ח.נוכ,קילוגרמים,1.00,"ק""ג",true,,45.00,45.0000,true,1,138718
7290003189199,false,צהובה טובה חריפה במש,צי תעשיות מזון יבנה,IL,חריפה כפיר א.ח.נוכרי,קילוגרמים,1.00,"ק""ג",true,,42.00,42.0000,true,1,22152
7290003189274,false,בנוסח מעושנת גליל26%משקל,צי תעשיות מזון יבנה,IL,מעושנת כפיר א.ח.נוכ,קילוגרמים,1.00,"ק""ג",true,,45.00,45.0000,true,1,22154
7290003189380,false,מעדן עם שום ושמיר26%משקל,צי תעשיות מזון יבנה,IL,צהובה עם שום שמיר כפ,קילוגרמים,1.00,"ק""ג",true,,42.00,42.0000,true,1,22156
7290003212965,false,עוגיות רוגלך הזהב במארז 400 גר',ר.כ עוגיות הזהב,IL,מובחרות שמרים 400 גר,גרמים,400.00,100 גרם,false,,13.90,3.4750,true,1,86901
7290003217014,false,חמישיית פיתות מזרחיות דגנית,יוניליוור גרמניה Gm,IL,פיתות מיזרחיות 5*100,גרמים,500.00,100 גרם,false,,5.90,1.1800,true,1,135643
7290003217052,false,חמישיית פיתות כפריות דגנית,יוניליוור גרמניה Gm,IL,פיתות כפריות קלות 5*,גרמים,500.00,100 גרם,false,,9.90,1.9800,true,1,135644
7290003222049,false,פיתה ביס מקמח מלא50*12גר,מאפיית המכבים,IL,פיתה ביס קמח מלא 12,יחידה,0.00,יחידה,false,,10.90,0.0000,true,1,135591
7290003222094,false,פיתה ביס 11 יח' המכבים,מאפיית טעמי הכפר,IL,פיתה ביס 11 יח',יחידה,0.00,יחידה,false,,10.90,0.0000,true,1,135592
7290003222568,false,פיתה המכבים 100 גרם 5 יח',מאפיית המכבים,IL,פיתה רגילה 5 יח,גרמים,500.00,100 גרם,false,,5.90,1.1800,true,1,135594
7290003222797,false,פיתה קמח כוסמין 10 יח' המכבים,מאפיית המכבים,IL,פיתה כוסמין מלא 100%,יחידה,0.00,יחידה,false,,12.90,0.0000,true,1,135597
7290003224036,false,אוכמניות כחולות גולוביקה,מאמא מרי,US,אוכמניות כחולות קפוא,גרמים,300.00,100 גרם,false,,19.90,6.6333,true,1,48776
7290003224128,false,"כיסונים תפו""א 800 ג' מאמא מרי",מאמא מרי,IL,"כיסוני תפו""א 800גר",גרמים,800.00,100 גרם,false,,19.90,2.4875,true,1,41607
7290003224135,false,כיסונים עם בשר 800 ג,מאמא מרי,,כיסונים בשר 800גר,גרמים,800.00,100 גרם,false,,24.90,3.1125,true,1,101494
7290003224272,false,"כיסונים בשר מוסקובסקי מאמא מרי 1 ק""ג",מאמא מרי,IL,כיסונים בשר מוסקובסק,גרמים,1000.00,100 גרם,false,,32.90,3.2900,true,1,101495
7290003224388,false,חמוציות קפואות מאמא,מאמא מרי,IL,חמוציות קפוא 300גר,גרמים,300.00,100 גרם,false,,14.90,4.9667,true,1,48777
7290003224463,false,"כיסונים בשר - אוקראינסקי 1 ק""ג",מאמא מרי,,כיסונים אוקרינסקי מא,גרמים,1000.00,100 גרם,false,,29.90,2.9900,true,1,101497
7290003224470,false,כיסונים בשר - קייבסקי 1 קג,מאמא מרי,IL,כיסונים בשר קייבסקי,גרמים,1000.00,100 גרם,false,,29.90,2.9900,true,1,101498
7290003224746,false,פירות יער דמדמניות שחורות קפוא 300 גר,מאמא מרי,IL,דומדמניות שחורות קפו,גרמים,300.00,100 גרם,false,,14.90,4.9667,true,1,43397
7290003229109,false,פסטרמה הודו בפפריקה טירת צבי 400 גרם,הנסיך- מפעל לייצור ט,IL,פסטרמה הודו בפפריקה,גרמים,400.00,100 גרם,false,,28.90,7.2250,true,1,84382
7290003229116,false,פסטרמה הודו בדבש שומן טירת צבי 400 גרם,הנסיך- מפעל לייצור ט,IL,פסטרמה בדבש טירת צבי,גרמים,400.00,100 גרם,false,,28.90,7.2250,true,1,89597
7290003229123,false,פסטרמה הודו על גחלים 2% טירת צבי 400 גרם,הנסיך- מפעל לייצור ט,IL,פסטרמה על גחלים טירת,גרמים,400.00,100 גרם,false,,28.90,7.2250,true,1,89598
7290003229147,false,נקניק סלמי איטלקי מעושן טירת צבי 300 גרם,הנסיך- מפעל לייצור ט,IL,סלמי בסגנון איטלקי ט,גרמים,300.00,100 גרם,false,,28.90,9.6333,true,1,89599
7290003229154,false,נקניק סלמי קוניאק טירת צבי 300 גרם,הנסיך- מפעל לייצור ט,IL,סלמי קוניאק טירת צבי,גרמים,300.00,100 גרם,false,,28.90,9.6333,true,1,89600
7290003268030,false,חלה ת מגש דגנית 500,,IL,חלה רגילה 500גר,גרמים,500.00,100 גרם,false,,6.26,1.2520,true,1,101420
7290003268245,false,חלה מתוקה המיוחדת של עינת 500ג' דגנית עין בר,דגנית עין בר תעשיות מזון,IL,*מבצע* חלה מתוקה ארו,יחידה,0.00,יחידה,false,,11.90,0.0000,true,1,135645
7290003268252,false,לחם חיטה מלא לילדים 750 ג' דגנית עין בר,דגנית עין בר תעשיות מזון,IL,*מבצע* לחם חיטה מלאה,גרמים,750.00,100 גרם,false,,13.90,1.8533,true,1,135646
7290003268429,false,לחם ירוק מקמח מלא 750 ג' דגנית עין בר,דגנית עין בר תעשיות מזון,IL,לחם חיטה מלאה ירוק 7,גרמים,750.00,100 גרם,false,,16.90,2.2533,true,1,135647
7290003268627,false,חלה מתוקה ברמן,,,חלה מתוקה ברמן,גרמים,500.00,100 גרם,false,,8.90,1.7800,true,1,47092
7290003268641,false,דגנית עין בר חלה מתוקה מיוחדת 500 גרם,דגנית עין בר תעשיות מזון,IL,חאלע חלה מתוקה מיוחד,יחידה,0.00,יחידה,false,,14.90,0.0000,true,1,135604
7290003268764,false,חלה רגילה דגנית 500,מולינו ניקולי s.p.a,IL,חלה רגילה 500גר,גרמים,500.00,100 גרם,false,,6.26,1.2520,true,1,135650
7290003287123,false,צלעות מס 22 צרכני בעדני ברזיל,JBS S.A,BR,צלעות מס 2 צרכני קפו,קילוגרמים,1.00,"ק""ג",true,,39.90,39.9000,true,1,141793
7290003287253,false,נקניקיות מרגז הקצביה 500 גרם בלדי,קרלו,IL,נקניקיות מרגז בלדי 5,גרמים,500.00,100 גרם,false,,29.90,5.9800,true,1,63545
7290003287260,false,נקניקיות צ'וריסוס ארוז קפוא בלדי 600 ג',בלדי,IL,נקניקיות צוריסוס הקצ,גרמים,600.00,100 גרם,false,,29.90,4.9833,true,1,63546
7290003287284,false,קבב ביתי קצביה ארוז 600 ג' - 8 יח',בלדי,IL,קבב ביתי ארוז 600גר,גרמים,600.00,100 גרם,false,,29.90,4.9833,true,1,63555
7290003287291,false,קבב טלה וצנובר קצביה ארוז 600 ג' - 8 יח',יוליניבר,IL,קבב טלה וצנובר 600גר,גרמים,600.00,100 גרם,false,,29.90,4.9833,true,1,63556
7290003287307,false,קבב רומני קצביה ארוז 600 ג' - 8 יח',בלדי,,קבב רומני ארוז 600גר,גרמים,600.00,100 גרם,false,,29.90,4.9833,true,1,63557
7290003287314,false,קבב על מקל קינמון קצביה ארוז 520 ג' - 8 יח',בלדי,,קבב על מקל קינמון אר,גרמים,520.00,100 גרם,false,,29.90,5.7500,true,1,63547
7290003287796,false,סינטה עגל,,,סינטה עגל,קילוגרמים,1.00,"ק""ג",true,,129.00,129.0000,true,1,136358
7290003318100,false,וופל בטעם שוקולד מנעמים 200 ג',מנעמים תעשיות מזון,IL,וופל טעם שוקו מנעמים,גרמים,200.00,100 גרם,false,,4.90,2.4500,true,1,31111
7290003318131,false,ופל קלאסיק אגוז 200 גרם מנעמים,מנעמים תעשיות מזון,IL,וופל אגוז מנעמים 200,גרמים,200.00,100 גרם,false,,4.90,2.4500,true,1,50399
7290003318155,false,וופל טעם לימון מנעמים 200 ג',מנעמים תעשיות מזון,IL,וופל טעם לימון מנעמי,גרמים,200.00,100 גרם,false,,4.90,2.4500,true,1,46169
7290003321155,false,יוגורט בר עם פקאן מצופה שוקולד 183 ג' דנונה,"שטראוס בריאות בע""\מ",IL,דנונה בר פקאן 183גר,גרמים,183.00,100 גרם,false,,4.80,2.6230,true,1,30648
7290003332007,false,קפה שחור עם הל 250 גרם,סובחי נחלה ובניו,IL,קפה נחלה סובחי 250גר,גרמים,250.00,100 גרם,false,,15.90,6.3600,true,1,56931
7290003332045,false,קפה נחלה אדום ללא הל 250ג',קפה אל נחלה,IL,קפה נחלה סובחי 250גר,גרמים,250.00,100 גרם,false,,15.90,6.3600,true,1,56932
7290003401369,false,"קרם לחות לשיער חוחובה נטורל פורמולה 400 מ""ל",מיוצר עי אמיליה קוסמ,IL,נטורל קרם לשיער פגום,מיליליטרים,400.00,"100 מ""ל",false,,24.90,6.2250,true,1,35829
7290003411054,false,שקיות צליה גדול דליקטס רוסטי הנמל 5יח`,סאדאת איסטנבול,TR,שקיות דליקטס גדול 5,יחידה,0.00,יחידה,false,,4.90,0.0000,true,1,31844
7290003411276,false,עמבה הודית מובחרת הנמל 600ג',טרופיקל דגיל תעשיות,IL,עמבה מובחרת 500גר,גרמים,500.00,100 גרם,false,,12.90,2.5800,true,1,31848
7290003411313,false,מפת אל בד מעורב צבעים 120X180 הנמל משובחת,שיווק: הנמל אריזות ו,IL,הנמל מפה מבד לא ארוג,גרמים,100.00,100 גרם,false,,7.90,7.9000,true,1,31849
7290003411832,false,גרנולה אגוזים 400 ג' הנמל,הנמל/ שבולת בשדה,IL,גרנולה אגוזים ובונדו,גרמים,400.00,100 גרם,false,,13.50,3.3750,true,1,31859
7290003411849,false,גרנולה תמרים ושקדים 400 ג',הנמל/ שבולת בשדה,IL,גרנולה תמרים ושקדים,גרמים,400.00,100 גרם,false,,13.50,3.3750,true,1,31860
7290003411948,false,צמר גפן הנמל 100 יחידות,הנמל,TR,צמר גפן הנמל 100גרם,גרמים,100.00,100 גרם,false,,4.90,4.9000,true,1,31864
7290003411993,false,גפרורים הנמל 10 יחידות,"איטיליאן פוד, אס.פי.",SE,גפרורים 10יח הנמל,יח',10.00,יח',false,,2.90,0.2900,true,1,31865
7290003423909,false,חטיף קוקיס אנד קרים לבן 43 גרם,ליימן מותגים,US,הרשי קוקיס קרם לבן 4,גרמים,43.00,100 גרם,false,,4.90,11.3953,true,1,139139
7290003438006,false,ממרח אולביה פסטו וצנובר איטלקי 190ג',מיוצר עי קונדיטוריית,IL,פסטו איטלקי אוליביה,גרמים,180.00,100 גרם,false,,14.90,8.2778,true,1,32655
7290003438013,false,ממרח זיתים ירוקים אוליביה 190 גרם,קריות זול,IL,ממרח זיתים אוליביה 1,גרמים,190.00,100 גרם,false,,14.90,7.8421,true,1,32656
7290003438020,false,ממרח עגבניות מיובשות אוליביה 190 גרם,מיוצר עי קונדיטוריית,IL,ממרח עגבניות מיובשות,גרמים,190.00,100 גרם,false,,14.90,7.8421,true,1,32657
7290003438709,false,ממרח אולביה זיתים שחורים וירוקים 190 ג',גוד פוד פרודקטס S.p,IL,ממרח זיתים שחורים או,גרמים,190.00,100 גרם,false,,14.90,7.8421,true,1,32659
7290003444009,false,הרשי ריזס חטיף במילוי בוטנים 42 גרם,ליימן מותגים,US,חטיף ריזס במילוי חמא,גרמים,42.00,100 גרם,false,,4.90,11.6667,true,1,101310
7290003450602,false,חרדל אמיתי צהוב בקבוק לחיץ 255 גר,היינץ צפון אמריקה מקבוצת ה.י.היינץ,US,חרדל אמיתי צהוב בקבו,גרמים,255.00,100 גרם,false,,12.90,5.0588,true,1,25116
7290003450725,false,חומץ היינץ בן יין אד,ה.י.היינץ קומפני ל.פ,US,חומץ בן יין אדום היי,מיליליטרים,335.00,"100 מ""ל",false,,14.90,4.4478,true,1,25119
7290003470433,false,פרג 200 גרם סולימני,,,פרג 200 גרם סולימני,גרמים,200.00,100 גרם,false,,8.90,4.4500,true,1,121495
7290003521074,false,"ד""ר פישר - סרקל מרכך שיער לילדים 1 ליטר",פישר מעבדות פרמצבטיות בע,IL,סרקל מרכך שיער לילדי,מיליליטרים,1000.00,"100 מ""ל",false,,29.90,2.9900,true,1,52950
7290003521081,false,"סרקל שמפו אל דמע לילדים ד""ר פישר 1 ליטר",פישר מעבדות פרמצבטיות בע,IL,סרקל שמפו לילדים 1לי,מיליליטרים,1000.00,"100 מ""ל",false,,29.90,2.9900,true,1,52055
7290003570164,false,מינוט שווארמה פרגית 300 גרם ארוז בלדי,"בלדי בע""\מ",IL,שווארמה פרגית מינוט,גרמים,300.00,100 גרם,false,,31.90,10.6333,true,1,97137
7290003570171,false,מינוט שניצל 300 גרם ארוז בלדי,"בלדי בע""\מ",IL,שניצל מינוט 300 גרם,גרמים,300.00,100 גרם,false,,26.90,8.9667,true,1,97138
7290003570928,false,קבב בלדי קצביה ארוז קפוא 500ג',בלאדי,IL,קבב בלדי קצביה ארוז,גרמים,500.00,100 גרם,false,,29.90,5.9800,true,1,96586
7290003578078,false,קוקטייל פירות טרופי בסירופ קל ויליפוד 850 גרם,קריות זול,CN,קוקטיל טרופי ויליפוד,גרמים,850.00,100 גרם,false,,9.90,1.1647,true,1,138700
7290003578177,false,תירס צעיר שלם וילי פוד 210 גרם,מגסטיק פוד אידסטרי ק,TH,תירס גמדי ויליפוד 41,גרמים,410.00,100 גרם,false,,8.90,2.1707,true,1,24663
7290003598311,false,מינוט סטייק חלק ריאה 300 ג',"בלדי בע""\מ",IL,*מבצע* בלדי מינוט סט,גרמים,300.00,100 גרם,false,,30.00,10.0000,true,1,94771
7290003643004,false,"סוגת אורז בסמטי קלאסי 1 ק""ג",האי נאם סי או אל.טי.,IL,אורז בסמטי סוגת 1קג,גרמים,1000.00,100 גרם,false,,14.90,1.4900,true,1,32169
7290003643325,false,קוסקוס בינוני סוגת 350 גרם,"אסיף תעשיות מזון בע""\מ",IL,קוסקוס בינוני סוגת 3,גרמים,350.00,100 גרם,false,,6.90,1.9714,true,1,65423
7290003643387,false,"סוכר לבן בצנצנת 1 ק""ג סוגת",האי נאם סי או אל.טי.,IL,סוכר לבן בצנצנת סוגת,גרמים,1000.00,100 גרם,false,,10.90,1.0900,true,1,32178
7290003643646,false,"סוכר דמררה קלאסי בצנצנת סוגת 1 ק""ג",האי נאם סי או אל.טי.,IL,סוכר דמררה בצנצנת סו,גרמים,1000.00,100 גרם,false,,13.90,1.3900,true,1,22689
7290003643684,false,אפונה יבשה סוגת 500 גר',האי נאם סי או אל.טי.,IL,אפונה סוגת 500גר,גרמים,500.00,100 גרם,false,,6.90,1.3800,true,1,32181
7290003643714,false,חומוס גרגירים 500 גרם סוגת,האי נאם סי או אל.טי.,IL,חומוס סוגת 500גר,גרמים,500.00,100 גרם,false,,8.90,1.7800,true,1,32184
7290003643738,false,סוגת חיטה 500 גרם,האי נאם סי או אל.טי.,IL,חיטה סוגת 500 גר,גרמים,500.00,100 גרם,false,,6.90,1.3800,true,1,32185
7290003643745,false,סוגת כוסמת 500 גרם,האי נאם סי או אל.טי.,IL,כוסמת סוגת 500גר,גרמים,500.00,100 גרם,false,,8.90,1.7800,true,1,32186
7290003643752,false,עדשים ירוקים יבש סוגת 500 גר',האי נאם סי או אל.טי.,IL,עדשים ירוקים סוגת 50,גרמים,500.00,100 גרם,false,,9.90,1.9800,true,1,32187
7290003643769,false,עדשים אדומים יבש סוגת 500 גר',"סוגת תעשיות בע""\מ",IL,עדשים אדומים סוגת 50,גרמים,500.00,100 גרם,false,,9.90,1.9800,true,1,32188
7290003643776,false,"פופקורן גרעינים סוגת 500 ג' כשל""פ",האי נאם סי או אל.טי.,IL,פופקורן סוגת 500 גר,גרמים,500.00,100 גרם,false,,6.90,1.3800,true,1,32806
7290003643783,false,קוקוס טחון סוגת 100 גרם,האי נאם סי או אל.טי.,IL,קוקוס סוגת 100 גר,גרמים,100.00,100 גרם,false,,4.90,4.9000,true,1,32189
7290003643806,false,שעועית לבנה יבשה סוגת 500 ג',האי נאם סי או אל.טי.,IL,שעועית לבנה סוגת 500,גרמים,500.00,100 גרם,false,,10.90,2.1800,true,1,32190
7290003643820,false,חומוס ענק יבש סוגת 500 גרם,"סוגת תעשיות בע""\מ",IL,חומוס ענק סוגת 500גר,גרמים,500.00,100 גרם,false,,12.90,2.5800,true,1,32192
7290003681303,false,שעועית מעורבת יבשה מיה 500 גר',מיה תעשיות מזון מ.ת.מ. ב,IL,שעועית מעורבת 500גר,גרמים,500.00,100 גרם,false,,9.50,1.9000,true,1,49954
7290003681334,false,קוקוס טחון 400 גרם ב,מיה תעשיות מזון מ.ת.מ. ב,IL,קוקוס מיה 400גרם,גרמים,400.00,100 גרם,false,,12.90,3.2250,true,1,50537
7290003681532,false,דובדבנים מסוכרים 80 גרם מיה,מיה תעשיות מזון מ.ת.מ. ב,IL,דובדבנים מסוכרים 80,גרמים,80.00,100 גרם,false,,8.50,10.6250,true,1,52042
7290003681693,false,חומוס לבן ענק יבש מיה 500 גר',מיה תעשיות מזון מ.ת.מ. ב,IL,חומוס לבן ענק 500גר,גרמים,500.00,100 גרם,false,,11.90,2.3800,true,1,49955
7290003718610,false,"במיה 400 ג' בית יוסף כשל""פ",בלדי,IL,במיה קפואה 400גר,גרמים,400.00,100 גרם,false,,10.90,2.7250,true,1,92056
7290003726615,false,"טופו ויילר 300 גרם ""שטראוס""",הדקלאים אגודת שיתופי,IL,טופו ויילר 300גר,גרמים,300.00,100 גרם,false,,12.90,4.3000,true,1,100365
7290003726875,false,טופו חומוס בתוספת פסטו 300 ג' משק ויילר,"משק ויילר בע""\מ",IL,טופו חומוס בתוספת פס,גרמים,300.00,100 גרם,false,,12.90,4.3000,true,1,138931
7290003781652,false,צלפים במי מלח וילי פוד 230 גרם,קריות זול,TR,צלפים 370 גר,גרמים,370.00,100 גרם,false,,12.90,3.4865,true,1,35910
7290003796458,false,כתף מס' 4 חלק קפוא,,,כתף מס' 4 חלק קפוא,קילוגרמים,1.00,"ק""ג",true,,39.90,39.9000,true,1,137024
7290003796953,false,בשר מוכשר 3 חזה מוכש,,,בשר מוכשר 3 חזה מוכש,קילוגרמים,1.00,"ק""ג",true,,36.90,36.9000,true,1,129020
7290003804320,false,תיבולית שום ופטרוזיליה קנור 72 גרם,יוניליוור ישראל מזון בע\,IL,תיבולית קנור שום פטר,גרמים,72.00,100 גרם,false,,10.90,15.1389,true,1,26627
7290003804382,false,"תיבוליות פטריות קנור 72 גרם בד""צ",יוניליוור ישראל מזון בע\,IL,תיבולית קנור פטריות,גרמים,72.00,100 גרם,false,,10.90,15.1389,true,1,26632
7290003882922,false,עלי גפן ממולאים באורז וילי פוד 360 גרם,הזה פלאקספו פוד קו ב,CN,עלי גפן ממולא 400 גר,גרמים,400.00,100 גרם,false,,9.90,2.4750,true,1,24676
7290003976508,false,נוזל אסלות חומצה 1 ל' מג'יק,,,נוזל לניקוי אסלות 1ל,מיליליטרים,1000.00,"100 מ""ל",false,,7.90,0.7900,true,1,57094
7290003976614,false,גל אקונומיקה סמיכה פרחים טאצ' לבנדר 4 ל',,IL,אקונומיקה סמיכה טאצ',ליטרים,4000.00,ליטר,false,,10.90,0.0027,true,1,120878
7290003989096,false,סלט חצילים פיקנטי אחלה 500 גרם,מיוצר עי קונדיטוריית,IL,חציל פיקנטי אחלה 500,גרמים,500.00,100 גרם,false,,16.90,3.3800,true,1,30652
7290003989539,false,לורנצו רביולי במילוי גבינה,מיוצר עי קונדיטוריית,IL,רביולי גבינה שטראוס,גרמים,400.00,100 גרם,false,,21.90,5.4750,true,1,30653
7290003989553,false,פסטה טורטליני גבינה ופטריות 400 גרם,מיוצר עי קונדיטוריית,IL,טורטליני פטריות שטרא,גרמים,400.00,100 גרם,false,,21.90,5.4750,true,1,30654
7290004033705,false,הבורגריה – 6 לחמניות המבורגר בשקית,מאפית י את א ברמן בע,IL,לחמניות המבורגר ביג,גרמים,600.00,100 גרם,false,,15.90,2.6500,true,1,136428
7290004033712,false,לחם עננים מקמח מלא עם פרוסות עבות,מאפית י את א ברמן בע,IL,לחם עננים מקמח מלא 7,גרמים,750.00,100 גרם,false,,16.90,2.2533,true,1,136426
7290004033729,false,לחם עננים מקמח כוסמין עם פרוסות עבות,מאפית י את א ברמן בע,IL,לחם עננים כוסמין 750,גרמים,750.00,100 גרם,false,,16.90,2.2533,true,1,136427
7290004033736,false,"עננים לחם לבן בסגנון בריוש עם פרוסות עבות, 500 גרם",מאפית י את א ברמן בע,IL,לחם עננים סגנון בריו,גרמים,500.00,100 גרם,false,,16.90,3.3800,true,1,137821
7290004033811,false,לחם מיוחד לבן ללא גלוטן 320 גרם,מאפית י את א ברמן בע,IL,לחם מיוחד ללא גלוטן,גרמים,320.00,100 גרם,false,,16.90,5.2812,true,1,136420
7290004043108,false,עדשי מ&מ'ס שוקולד 89 גרם,מרס,US,אמ&אמס אריזה בינונית,גרמים,89.00,100 גרם,false,,6.90,7.7528,true,1,95696
7290004043205,false,עדשי שוק.מ&מ'ס בוטנים90ג,מרס,US,אמ&אמס אריזה בינונית,גרמים,93.00,100 גרם,false,,6.90,7.4194,true,1,95699
7290004061449,false,טופ שף שניצל אמרקאי 700 גר,ויטה,,שניצל אמרקאי 700גר,גרמים,700.00,100 גרם,false,,11.90,1.7000,true,1,19837
7290004061463,false,שניצל עוף אמיתי שומש,,,שניצל עוף אמיתי שומש,גרמים,700.00,100 גרם,false,,29.90,4.2714,true,1,35950
7290004061487,false,טבעות עוף 700 גר,פרסקו,,טבעות עוף 700גר,גרמים,700.00,100 גרם,false,,16.90,2.4143,true,1,19838
7290004061494,false,נגיסי עוף 700 גר,פרסקו,,נגיסי עוף 700גר,גרמים,700.00,100 גרם,false,,16.90,2.4143,true,1,19839
7290004063016,false,מלח שולחן -מוצר בפיקוח,האי נאם סי או אל.טי.,IL,מלח שולחן 1קג,גרמים,1000.00,100 גרם,false,,2.07,0.2070,true,1,22691
7290004063115,false,"מלח מטבח עבה להמלחת בשר ובישול 1 ק""ג 1ק""ג",האי נאם סי או אל.טי.,IL,מלח למליחות בשר וביש,גרמים,1000.00,100 גרם,false,,2.07,0.2070,true,1,22692
7290004064099,false,מטחנה מלח ים מהרי ההימלאיה מלח הארץ 100 גרם,"חברת מלח הארץ אילת בע""\מ",IL,מלח מהרי ההימלאי מטח,גרמים,250.00,100 גרם,false,,19.50,7.8000,true,1,90660
7290004064105,false,מטחנה מלח עשבי תיבול מלח הארץ 100 גרם,חברת מלח הארץ אילת ב,IL,מלח ים עשבי תיבול מט,גרמים,250.00,100 גרם,false,,19.50,7.8000,true,1,90666
7290004064174,false,"תבלין מלח ההימלאיה דק בצנצנת 1 ק""ג","חברת מלח הארץ אילת בע""\מ",PK,מלח ההימלאיה דק בצנצ,גרמים,1000.00,100 גרם,false,,19.90,1.9900,true,1,94655
7290004064181,false,"תבלין מלח ההימלאיה גס בצנצנת 1 ק""ג","חברת מלח הארץ אילת בע""\מ",PK,מלח ההימלאיה גס בצנצ,גרמים,1000.00,100 גרם,false,,19.90,1.9900,true,1,94656
7290004064228,false,מלח במטחנה אקסטרא תבלינים שום ופלפל 125 גר',"חברת מלח הארץ אילת בע""\מ",IL,מטחנת מלח אקסטרא תבל,גרמים,125.00,100 גרם,false,,19.90,15.9200,true,1,98410
7290004064280,false,מלח מופחת נתרן בצנצנת מלח הארץ 600 גרם,חברת מלח הארץ אילת ב,IL,מלח מופחת נתרן צנצנת,גרמים,600.00,100 גרם,false,,19.90,3.3167,true,1,120832
7290004064303,false,מלח אטלנטי בצנצנת מלח הארץ 800 גרם,"חברת מלח הארץ אילת בע""\מ",FR,מלח אטלנטי בצנצנת 80,גרמים,800.00,100 גרם,false,,19.90,2.4875,true,1,140867
7290004068011,false,יוגורט כבשים בדלי 5% שומן 600 ג' גד,"מיוצר ע""י קוד יצרן M",IL,יוגורט כבשים 5% מחלב,גרמים,600.00,100 גרם,false,,18.90,3.1500,true,1,65608
7290004068035,false,"יוגורט לשתייה איירן 3% גד 500 מ""ל","מיוצר ע""י קוד יצרן M",IL,משקה איירן בסגנון בל,מיליליטרים,500.00,"100 מ""ל",false,,8.70,1.7400,true,1,67456
7290004068172,false,"יוגורט עיזים בדלי 5% 600 מ""ל רובין",קוד יצרן MKN,IL,יוגורט עיזים דלי 5%,גרמים,600.00,100 גרם,false,,18.90,3.1500,true,1,70845
7290004078270,false,נוזל לניקוי כלים בריח לימון פלמוליב 1 ליטר,יבואן ומשווק: ש. שסט,GR,פלמוליב לכלים לימון,מיליליטרים,1000.00,"100 מ""ל",false,,14.90,1.4900,true,1,28420
7290004078690,false,"אגקס נוזל לניקוי אסלות מרענן 750 מ""ל",הנסיך- מפעל לייצור ט,GR,אגקס נוזל לניקוי אסל,מיליליטרים,750.00,"100 מ""ל",false,,16.90,2.2533,true,1,28424
7290004119133,false,כד יוגורט תנובה 6.5% שומן 1.5 ליטר,מיוצר עי קונדיטוריית,IL,יוגורט 7% תנובה 1.5,מיליליטרים,1500.00,"100 מ""ל",false,,18.90,1.2600,true,1,39518
7290004119225,false,יופלה יוגורט אננס %3 גביע 150 גרם,תנובה מרכז שיתופי לש,IL,יופלה אננס 3% 150גר,גרמים,150.00,100 גרם,false,,5.20,3.4667,true,1,29358
7290004119928,false,מעדן חלב בטעם וניל 2% קרלו תנובה 125 גרם,מחלבת אלון תבור,IL,קרלו וניל 1.5% 125גר,גרמים,125.00,100 גרם,false,,3.20,2.5600,true,1,29365
7290004119973,false,קרלו מעדן שוקו רביעיה גביע 1.5% 125 גרם,תנובה מרכז שיתופי לש,IL,קרלו שוקולדה 1.5% 12,גרמים,125.00,100 גרם,false,,3.20,2.5600,true,1,29366
7290004120061,false,מעדן חלב בטעם שוקו וניל שוניל 2% קרלו 125 גרם,תנובה מרכז שיתופי לש,IL,קרלו שוניל 1.5% 125מ,מיליליטרים,125.00,"100 מ""ל",false,,3.20,2.5600,true,1,29367
7290004120108,false,יופלה דיאט יוגורט דובדבן %0 גביע 150גרם,תנובה מרכז שיתופי לש,IL,יופלה דיאט דובדבן 0%,גרמים,150.00,100 גרם,false,,5.30,3.5333,true,1,29369
7290004120566,false,פיראוס 24% גבינה בולגרית 250 גרם,תנובה חלב,IL,בולגרית 24% פיראוס,גרמים,250.00,100 גרם,false,,24.90,9.9600,true,1,29383
7290004120573,false,פיראוס 16% גבינה בולגרית 250 גרם,תנובה מרכז שיתופי לש,IL,בולגרית בקר 16% פירא,גרמים,250.00,100 גרם,false,,24.90,9.9600,true,1,29384
7290004120634,false,גבינה פיראוס בולגרית 5% 250 גרם,תנובה מרכז שיתופי לש,IL,פיראוס בולגרית 5% 25,גרמים,250.00,100 גרם,false,,24.90,9.9600,true,1,29385
7290004121488,false,יופלה דיאט אפרסק 0% גביע 150 גרם,תנובה מרכז שיתופי לש,IL,יופלה דיאט אפרסק 0%,גרמים,150.00,100 גרם,false,,5.30,3.5333,true,1,29394
7290004121525,false,יופלה מאגדת פרי 4 תות 4 אפרסק 3% 8 יח'*150 ג',תנובה מרכז שיתופי לש,IL,יופלה אפרסק תות 3% 8,מיליליטרים,1200.00,"100 מ""ל",false,,31.90,2.6583,true,1,29396
7290004121754,false,יוגורט ביו עוגת גבינה ותות 3% יופלה 150 גרם,תנובה חלב,IL,יופלה קרם גבינה ותות,גרמים,150.00,100 גרם,false,,5.20,3.4667,true,1,29404
7290004121839,false,גבינת פטה כבשים 20% פיראוס 250 גרם,תנובה מרכז שיתופי לש,IL,פטה כבשים 20% פיראוס,גרמים,250.00,100 גרם,false,,28.90,11.5600,true,1,29405
7290004121853,false,גבינה בולגרית פיראוס 5% קוביות 200 גרם,תנובה מרכז שיתופי לש,IL,פיראוס קוביות בולגרי,גרמים,200.00,100 גרם,false,,22.70,11.3500,true,1,29406
7290004122119,false,פתיתי פרמזן לפסטה 23% השף הלבן 100 גרם,פ.פ.ח. שאביט,IL,פתיתי פרמזן לפסטה 10,גרמים,100.00,100 גרם,false,,13.90,13.9000,true,1,29410
7290004122195,false,גוש חלב גבינה צהובה פרוסה 28% תנובה 200 גרם,תנובה חלב,IL,גבינה גוש חלב פרוס 2,גרמים,200.00,100 גרם,false,,14.90,7.4500,true,1,29411
7290004122270,false,עמק קלאסית פרוסות גבינה חצי קשה 28% 200 גרם,תנובה מרכז שיתופי לש,IL,גבינה צהובה עמק 28%,גרמים,200.00,100 גרם,false,,17.50,8.7500,true,1,29412
7290004122348,false,גבינת עמק לייט פרוס בקופסא 200 גרם,תנובה מרכז שיתופי לש,IL,גבינה צהובה מופחתת ש,גרמים,200.00,100 גרם,false,,18.90,9.4500,true,1,29414
7290004122607,false,גבינת עמק לייט 9% במשקל,תנובה מרכז שיתופי לש,IL,עמק לייט חריץ 9% תנו,קילוגרמים,1.00,"ק""ג",true,,77.00,77.0000,true,1,39480
7290004122676,false,גבינת חמד לייט 5% פיראוס 250 ג',"תנובה,מחלבת טנא נוגה",IL,פיראוס חמד 5% 250 גר,גרמים,250.00,100 גרם,false,,19.40,7.7600,true,1,29420
7290004122683,false,עמק חטיף אצבעות גבינה חצי קשה 28% שומן,תנובה מרכז שיתופי לש,IL,אצבעות גבינה צהובה ע,גרמים,172.00,100 גרם,false,,17.90,10.4070,true,1,39037
7290004124205,false,יופלה דיאט יוגורט תות %0 גביע 150 גרם,תנובה מרכז שיתופי לש,IL,יופלה דיאט תות 0% 15,גרמים,150.00,100 גרם,false,,5.30,3.5333,true,1,29445
7290004124847,false,"קצפת צמחית השף הלבן 500 מ""ל תנובה",תנובה מרכז שיתופי לש,IL,קצפת צמחית 24% 500מל,מיליליטרים,500.00,"100 מ""ל",false,,16.70,3.3400,true,1,29451
7290004125370,false,"שמנת חמוצה 9% מופחתת שומן תנובה 200 מ""ל מהדרין",תנובה מרכז שיתופי לש,IL,שמנת קלה 9% 200מל תנ,מיליליטרים,200.00,"100 מ""ל",false,,4.00,2.0000,true,1,29458
7290004125400,false,"אשל שלי מהדרין 200 מ""ל 4.5% ""תנובה""- מוצר בפיקוח",פארייפאבה אגרואינדוס,IL,אשל 4.5% מהדרין תנוב,מיליליטרים,200.00,"100 מ""ל",false,,1.69,0.8450,true,1,29459
7290004125417,false,"גיל 3% שלי 200 מ""ל ""תנובה"" -מוצר בפיקוח",תנובה מרכז שיתופי לש,IL,גיל 3% מהדרין תנובה,מיליליטרים,200.00,"100 מ""ל",false,,1.51,0.7550,true,1,29460
7290004125455,false,"שמנת חמוצה 200 מ""ל 15% ""תנובה"" -מוצר בפיקוח",תנובה מרכז שיתופי לש,IL,שמנת חמוצה 15% מהדרי,מיליליטרים,200.00,"100 מ""ל",false,,2.40,1.2000,true,1,29461
7290004125509,false,"שמנת חמוצה 15% מועשרת תנובה 100 מ""ל",תנובה מרכז שיתופי לש,IL,שמנת חצי מנה 15% תנו,מיליליטרים,100.00,"100 מ""ל",false,,2.10,2.1000,true,1,29463
7290004125578,false,משקה סויה מעושר בסידן תנובה 1ל',תנובה מרכז שיתופי לש,IL,משקה סויה מועשר בסיד,מיליליטרים,1000.00,"100 מ""ל",false,,10.90,1.0900,true,1,29464
7290004125585,false,משקה סויה בטעם וניל תנובה 1 ליטר,תנובה מרכז שיתופי לש,IL,משקה סויה על הבוקר ת,מיליליטרים,1000.00,"100 מ""ל",false,,11.90,1.1900,true,1,29465
7290004125721,false,"השף הלבן שמנת עמידה לבישול 15% תנובה 250 מ""ל",תנובה מרכז שיתופי לש,IL,שמנת לבישול 15% 250מ,מיליליטרים,250.00,"100 מ""ל",false,,9.40,3.7600,true,1,29474
7290004125738,false,שמנת מתוקה להקצפה32% 250מל עמיד השף הלבן,תנובה מרכז שיתופי לש,IL,שמנת להקצפה 32% 250מ,מיליליטרים,250.00,"100 מ""ל",false,,7.30,2.9200,true,1,29475
7290004125776,false,גבינה צהובה עמק 28% 400 גרם בקופסא,תנובה חלב,IL,גבינה צהובה עמק 28%,גרמים,400.00,100 גרם,false,,31.90,7.9750,true,1,29477
7290004126674,false,טל העמק פרוסות גבינה חצי קשה לייט %9 200 גרם בקופסא,תנובה מרכז שיתופי לש,IL,טל העמק לייט 9% 200,גרמים,200.00,100 גרם,false,,20.90,10.4500,true,1,29491
7290004126759,false,יוגורט דיאט יופלה פירות יער 150 גרם,תנובה חלב,IL,יופלה דיאט פירות יער,גרמים,150.00,100 גרם,false,,5.30,3.5333,true,1,29495
7290004126872,false,משקאות חלב תנובה שוקו בקבוק 250מל,תנובה חלב,IL,שוקו תנובה בקבוק 250,מיליליטרים,250.00,"100 מ""ל",false,,6.20,2.4800,true,1,29496
7290004127077,false,קוטג תנובה 3% גביע 250 גרם מהדרין,מיוצר עי קונדיטוריית,IL,גבינת קוטג׳ 3% תנובה,גרמים,250.00,100 גרם,false,,5.90,2.3600,true,1,29497
7290004127329,false,קוטג תנובה גביע 250 גרם %5 ו.מהדרין,מיוצר עי קונדיטוריית,IL,גבינת קוטג׳ 5% תנובה,גרמים,250.00,100 גרם,false,,5.90,2.3600,true,1,29499
7290004127336,false,קוטג תנובה גביע 250 גרם %9 ו.מהדרין,מיוצר עי קונדיטוריית,IL,גבינת קוטג׳ 9% תנובה,גרמים,250.00,100 גרם,false,,5.90,2.3600,true,1,29500
7290004127800,false,"גבינה לבנה 500 גרם 5% ""תנובה"" -מוצר בפיקוח",מיוצר עי קונדיטוריית,IL,גבינה לבנה 5% תנובה,גרמים,500.00,100 גרם,false,,9.96,1.9920,true,1,29504
7290004127817,false,גבינה לבנה 9% שומן 500 ג' תנובה,מיוצר עי קונדיטוריית,IL,גבינה לבנה 9% תנובה,גרמים,500.00,100 גרם,false,,10.40,2.0800,true,1,29505
7290004127862,false,"גבינה לבנה 750 גרם 5% ""תנובה"" - מוצר בפיקוח",תנובה מרכז שיתופי לש,IL,גבינה לבנה 5% תנובה,גרמים,750.00,100 גרם,false,,14.94,1.9920,true,1,29506
7290004128333,false,לאבנה על בסיס יוגורט %9 שומן 500 ג' פיראוס,תנובה חלב,IL,לאבנה גביע %9 500גר,גרמים,500.00,100 גרם,false,,21.50,4.3000,true,1,29518
7290004128340,false,קרם גבינת שמנת %5 בטעם טבעי 200 ג' תנובה,תנובה חלב,IL,גבינת שמנת בטעם טבעי,גרמים,200.00,100 גרם,false,,12.20,6.1000,true,1,29519
7290004128364,false,קרם גבינת שמנת 5% עם זיתים ירוקים 200 ג' תנובה,"תנובה, מחלבת תל יוסף",IL,גבינת שמנת בטעם זיתי,גרמים,200.00,100 גרם,false,,12.20,6.1000,true,1,29520
7290004128432,false,פתיתים מיוחדים לפיצה על בסיס גבינה 500 ג',תנובה חלב,IL,פתיתי גבינה מותכת הש,גרמים,500.00,100 גרם,false,,24.90,4.9800,true,1,43040
7290004129101,false,גבינת שמנת 25% בטעם טבעי 225 ג' נפוליאון,תנובה מרכז שיתופי לש,IL,גבינת נפוליאון בטעם,גרמים,225.00,100 גרם,false,,14.50,6.4444,true,1,29535
7290004129156,false,גבינת שמנת25% עם שום שמיר 225 ג' נפוליאון,תנובה מרכז שיתופי לש,IL,גבינת נפוליאון שום ש,גרמים,225.00,100 גרם,false,,14.50,6.4444,true,1,29537
7290004129736,false,יוגורט במתיקות מעודנת 1.5% שומן 200 ג' יופלה,תנובה מרכז שיתופי לש,IL,יופלה קרם יוגרט מעוד,גרמים,200.00,100 גרם,false,,4.80,2.4000,true,1,29556
7290004130794,false,משקה סויה במתיקות מופחתת תנובה 1 ליטר,תנובה מרכז שיתופי לש,IL,משקה סויה מועשר 1 לי,מיליליטרים,1000.00,"100 מ""ל",false,,11.90,1.1900,true,1,29568
7290004130916,false,יוגורט יופלה פירות יער בשמנת 3% 150 גרם,תנובה מרכז שיתופי לש,IL,יופלה בטעם פירות יער,גרמים,150.00,100 גרם,false,,5.20,3.4667,true,1,29572
7290004131074,false,"חלב 1 ליטר 3% קרטון ""תנובה""- מוצר בפיקוח",תנובה מרכז שיתופי לש,IL,חלב 3% מהדרין תנובה,מיליליטרים,1000.00,"100 מ""ל",false,,6.23,0.6230,true,1,29579
7290004131432,false,יוגורט יופלה לבן ביו 3% 200 גרם,מיוצר עי קונדיטוריית,IL,יופלה לבן 3% 200מל,מיליליטרים,200.00,"100 מ""ל",false,,4.20,2.1000,true,1,29587
7290004131456,false,יוגורט ביו 1.5% שומן 200 ג' יופלה,מיוצר עי קונדיטוריית,IL,יופלה לבן 1.5% 200מל,מיליליטרים,200.00,"100 מ""ל",false,,4.20,2.1000,true,1,29588
7290004131531,false,משקאות חלב תנובה שוקו בקבוק 1ל,תנובה מרכז שיתופי לש,IL,שוקו תנובה בקבוק 1ל,מיליליטרים,1000.00,"100 מ""ל",false,,13.90,1.3900,true,1,29593
7290004131814,false,גבינה צפתית 5% מעודנת 200 ג' פיראוס,פארייפאבה אגרואינדוס,IL,פיראוס צפתית 5% מעוד,גרמים,200.00,100 גרם,false,,15.90,7.9500,true,1,29603
7290004131845,false,גבינת לאבנה 9% שומן 750 ג' פיראוס,תנובה מרכז שיתופי לש,IL,לאבנה גביע 9% 750גר,גרמים,750.00,100 גרם,false,,24.90,3.3200,true,1,48717
7290004132552,false,משקה סויה בטעם טבעי לייט תנובה 1 ליטר,תנובה מרכז שיתופי לש,IL,משקה סויה דיאט וניל,מיליליטרים,1000.00,"100 מ""ל",false,,11.90,1.1900,true,1,29613
7290004132712,false,חטיף אצבעות גבינת מוצרלה 20% 172 ג' עמק,תנובה מרכז שיתופי לש,IL,אצבעות גבינת מוצרלה,גרמים,172.00,100 גרם,false,,17.90,10.4070,true,1,29620
7290004133511,false,יופלה מאגדת לבן 1.5% מעודן 8 יח' * 150 ג',מיוצר עי קונדיטוריית,IL,יוגורט לבן מעודן מאר,גרמים,1200.00,100 גרם,false,,21.90,1.8250,true,1,29630
7290004135225,false,מעדן חלב דל קלוריות בטעם שוקולד 0.2שומ,מחלבת אלון תבור,IL,מעדן תנובה דיאט שוקו,מיליליטרים,150.00,"100 מ""ל",false,,4.30,2.8667,true,1,29657
7290004135614,false,גבינה בולגרית מעודנת 5% פיראוס 250 גרם,תנובה חלב,IL,פיראוס בולגרית מעודנ,גרמים,250.00,100 גרם,false,,24.90,9.9600,true,1,40470
7290004136154,false,"משקה חלב אייס קפה תנובה בבקבוק 340 מ""ל",גוד פוד פרודקטס S.p,IL,אייס קפה תנובה בקבוק,מיליליטרים,340.00,"100 מ""ל",false,,7.70,2.2647,true,1,41765
7290004136598,false,מארז הפסקת אוכל עם קורנפלקס ומשקה חלב עמיד בטעם וניל,פארייפאבה אגרואינדוס,IL,הפסקת אוכל חלב ודגני,מיליליטרים,150.00,"100 מ""ל",false,,10.50,7.0000,true,1,39401
7290004136857,false,מעדן גלי פטל תנובה 125 גרם,תנובה מרכז שיתופי לש,IL,ג'לי תנובה פטל 125גר,גרמים,125.00,100 גרם,false,,2.80,2.2400,true,1,39199
7290004136864,false,מעדן ג'לי בטעם אננס עם חתיכות תנובה 125 גרם,תנובה חלב,IL,ג'לי תנובה אננס עם ח,גרמים,125.00,100 גרם,false,,3.10,2.4800,true,1,39190
7290004136871,false,מעדן ג'לי בטעם אפרסק עם חתיכות תנובה 125 גרם,תנובה מרכז שיתופי לש,IL,ג'לי תנובה אפרסק עם,גרמים,125.00,100 גרם,false,,3.10,2.4800,true,1,39191
7290004137021,false,"שמנת עמידה לבישול מופחת שומן 10% השף הלבן 250 מ""ל",תנובה מרכז שיתופי לש,IL,שמנת לבישול 10% 250מ,מיליליטרים,250.00,"100 מ""ל",false,,9.40,3.7600,true,1,42945
7290004137311,false,עמק לייט משפחתית 9% 400ג-ועדת מהדרין,תנובה חלב,IL,גבינה צהובה עמק ליי,גרמים,400.00,100 גרם,false,,32.90,8.2250,true,1,42083
7290004137809,false,פיראוס לאבנה 5% גביע 250 גרם,"תנובה, מחלבת אלון תב",IL,לאבנה 5% 250גר פיראו,גרמים,250.00,100 גרם,false,,13.90,5.5600,true,1,42933
7290004165017,false,"רסק תפו""ע 600 גרם טבעי ללא סוכר יכין","זנלכל בע""\מ",IL,"רסק תפו""ע ללא סוכר 5",גרמים,560.00,100 גרם,false,,9.90,1.7679,true,1,52306
7290004199241,false,נרות חימום חסידים 50 יחידות,חסידים,,להבונים 50יח בשקית,יח',50.00,יח',false,,9.90,0.1980,true,1,83954
7290004200077,false,שקית פרסים רמה 2,,,שקית פרסים 2,יחידה,0.00,יחידה,false,,7.90,0.0000,true,1,69240
7290004200930,false,זיקוק זוג 15 סמ בשקית,שמחה זה אנחנו,CN,זיקוק עבה 2 בשקית,יחידה,0.00,יחידה,false,,8.90,0.0000,true,1,28680
7290004219819,false,קומפלטה מלבין קפה הולנדי 200ג,פריזלנד פודס קיוויט,NL,מלבין קפה קומפלטה 20,גרמים,200.00,100 גרם,false,,13.90,6.9500,true,1,24679
7290004239893,false,דנוור סטייק,,,דנוור סטייק,קילוגרמים,1.00,"ק""ג",true,,99.00,99.0000,true,1,136900
7290004255305,false,נר נשמה שבועי בפלסטיק מנורה,"מנורה שי נר בע""מ",IL,נר נשמה בכוס פלסטיק,יחידה,0.00,יחידה,false,,10.90,0.0000,true,1,136899
7290004255428,false,נר נשמה 24 שעות - מנורה,"מנורה שי נר בע""מ",IL,נר נשמה מנורה פחית 2,יחידה,0.00,יחידה,false,,1.90,0.0000,true,1,112950
7290004267049,false,עוגיות ריבועיות מיני שוקו וניל ברמן 200 גרם,ברמן שוקולד ועוגיות,IL,עוגיות מיני ריבועיות,גרמים,200.00,100 גרם,false,,6.90,3.4500,true,1,102347
7290004267216,false,עוגיות ברמן ריבה בשקית 200 גר',ברמן שוקולד ועוגיות,IL,עוגיות ריבה ברמן 200,גרמים,200.00,100 גרם,false,,6.90,3.4500,true,1,92660
7290004267759,false,עוגיות מפנקות קרם שוקולד 180 ברמן,ברמן שוקולד ועוגיות,IL,עוגיות מפנקות במילוי,גרמים,180.00,100 גרם,false,,6.90,3.8333,true,1,92666
7290004456283,false,אנטריקוט עגל פריים,,,*מבצע* אנטריקוט עגל,קילוגרמים,1.00,"ק""ג",true,,100.00,100.0000,true,1,128768
7290004532024,false,פיצוחי הטיב חמניה קלוף טבעי 200ג,פיצוחי הטיב,IL,חמניה קלוף טבעי 200ג,גרמים,200.00,100 גרם,false,,5.90,2.9500,true,1,41432
7290004532031,false,שקדים קלויים 200 גרם,פיצוחי הטיב,IL,שקד קלוי 200גר,גרמים,200.00,100 גרם,false,,19.90,9.9500,true,1,41433
7290004532048,false,גרעיני דלעת קלויים ומומלחים 200 גר',פיצוחי הטיב,IL,גרעין לבן 200גר,גרמים,200.00,100 גרם,false,,8.90,4.4500,true,1,41434
7290004532086,false,קאשיו קלוי 200 גרם,פיצוחי הטיב,IL,קשיו 200גר,גרמים,200.00,100 גרם,false,,17.90,8.9500,true,1,41436
7290004532093,false,הטיב בוטנים בקליפה 250ג,פיצוחי הטיב,IL,בוטנים בקליפה 250גר,גרמים,250.00,100 גרם,false,,7.90,3.1600,true,1,41437
7290004532123,false,פיסטוק חלבי קלוי 200 גרם,פיצוחי הטיב,IL,פיסטוק חלבי 200גר,גרמים,200.00,100 גרם,false,,19.90,9.9500,true,1,41440
7290004532130,false,בוטן אמריקאי קלוי 200גרם,"גיי אנג גי פקאנס בע""",IL,בוטן אמריקאי 200גר,גרמים,200.00,100 גרם,false,,4.90,2.4500,true,1,41441
7290004532147,false,הטיב קבוקים 200ג,"גיי אנג גי פקאנס בע""",IL,קבוקים 200גר,גרמים,200.00,100 גרם,false,,4.90,2.4500,true,1,41442
7290004532369,false,"מנצ""יס פיקנטי הטיב 1","גיי אנג גי פקאנס בע""",IL,חטיף מנצס 180גר,גרמים,180.00,100 גרם,false,,8.90,4.9444,true,1,41451
7290004532383,false,הטיב פקאן טבעי במגש 250ג,"גי אנד גי בע""מ",IL,פקאן טבעי במגש 200גר,גרמים,200.00,100 גרם,false,,25.90,12.9500,true,1,45786
7290004532390,false,אגוז מלך טבעי קלוף 200 גר',פיצוחי הטיב,IL,אגוזי מלך בשקית 200ג,גרמים,200.00,100 גרם,false,,17.90,8.9500,true,1,41452
7290004532444,false,שקד טבעי 200 גרם-פ.הטיב,פיצוחי הטיב,IL,שקד טבעי 200גרם,גרמים,200.00,100 גרם,false,,19.90,9.9500,true,1,41453
7290004532574,false,גרעינים שחורים 200 גר',"גיי אנג גי פקאנס בע""",IL,גרעין שחור 200גר,גרמים,200.00,100 גרם,false,,5.90,2.9500,true,1,41455
7290004532581,false,בוטנים קלויים 200ג' הטיב,פיצוחי הטיב,IL,בוטנים קלויים 200גר,גרמים,200.00,100 גרם,false,,6.90,3.4500,true,1,41456
7290004575007,false,טילון וניל וופך ושברי אגוז ריאו מארז 70X5ג',"גלידות ריאו ביח""ר לג",IL,טילונים ריאו חמישייה,יחידה,0.00,יחידה,false,,15.90,0.0000,true,1,44916
7290004575069,false,גלידה מיניס חטיפים וניל ציפוי שוקו' ופצפוצי נ.חיטה ריאו מארז 32יח',"גלידות ריאו ביח""ר לג",IL,חטיפי גלידה מיניס בט,גרמים,700.00,100 גרם,false,,34.90,4.9857,true,1,41369
7290004575229,false,גלידת סנקור ריאו מארז חמישייה,"ריאו נתניה ביח""\ר לגלידה",IL,גלידה סנקור 5יח,גרמים,500.00,100 גרם,false,,17.90,3.5800,true,1,75352
7290004575335,false,ארטיק מגיק מיני וניל ציפוי שוקו' ופצפוצי נ.חיטה ריאו מארז 45X8ג'באריזה,"גלידות ריאו ביח""ר לג",IL,שלגונים מיני מגי'ק 8,יחידה,0.00,יחידה,false,,17.90,0.0000,true,1,44917
7290004575373,false,שלגון מצופים וניל בציפוי שוקולד ריאו מארז 80X8 ג',"גלידות ריאו ביח""ר לג",IL,שלגונים מצופים 6יח,יחידה,0.00,יחידה,false,,15.90,0.0000,true,1,46318
7290004575403,false,טריו גלידת פרווה בטעמים 1.8 ליטר ריאו,"גלידות ריאו ביח""ר לג",IL,גלידה טריו פרווה בטע,מיליליטרים,1800.00,"100 מ""ל",false,,15.90,0.8833,true,1,41375
7290004575502,false,שמיניות גליגל חלבי 600מל,ריאו,IL,שלגונים גלי גל חלבי,יח',8.00,יח',false,,14.90,1.8625,true,1,101573
7290004575632,false,קרמבו ריאו בטעם וניל 16יח',"גלידות ריאו ביח""ר לג",IL,קרמבו ריאו 16יח,יחידה,0.00,יחידה,false,,22.90,0.0000,true,1,41376
7290004584306,false,רבעיית גמדים בטעם תות בננה * 100 ג' שטראוס,מיוצר עי קונדיטוריית,IL,גמדים תות בננה 5% מא,גרמים,400.00,100 גרם,false,,11.60,2.9000,true,1,30667
7290004584351,false,גבינה לבנה סימפוניה עם תוספות 200 ג' חמישית 200,"שטראוס בריאות בע""\מ",IL,סימפוניה במרקם שמנת,גרמים,200.00,100 גרם,false,,11.80,5.9000,true,1,30668
7290004584528,false,יוגורט דנונה ביו לבן 1.7% שומן 200 גרם,מיוצר עי קונדיטוריית,IL,דנונה ביו 1.5% 200גר,גרמים,200.00,100 גרם,false,,3.80,1.9000,true,1,30670
7290004585907,false,דני ועדן וניל 1.5% 125ג' שטראוס,מיוצר עי קונדיטוריית,IL,דני וניל 125 גר,גרמים,125.00,100 גרם,false,,2.80,2.2400,true,1,30674
7290004586171,false,תירוש אדום 650מל כרמ,יקבי כרמל,,תירוש אדום 650מל כרמ,מיליליטרים,650.00,"100 מ""ל",false,,13.90,2.1385,true,1,111895
7290004649869,false,דג אמנון בינוני נקי,,,דג אמנון בינוני נקי,קילוגרמים,1.00,"ק""ג",true,,29.90,29.9000,true,1,71454
7290004649982,false,דניס טרי,,,דניס טרי,קילוגרמים,1.00,"ק""ג",true,,69.90,69.9000,true,1,71710
7290004658960,false,יין אמרלד ריזלינג פרייבט קולקשן יקבי כרמל,אגודת הכורמים הקואופרטיב,IL,יין אמרלד ריזלינג לב,מיליליטרים,750.00,"100 מ""ל",false,,39.90,5.3200,true,1,19733
7290004685010,false,לחם 100% שיפון פלוס לחם הארץ 500 גר',מאפית י את א ברמן בע,IL,לחם הארץ שיפון פלוס,גרמים,500.00,100 גרם,false,,16.90,3.3800,true,1,135699
7290004685027,false,לחם חיטה מלאה פלוס לחם הארץ 500 גרם,מאפית י את א ברמן בע,IL,לחם הארץ חיטה מלאה פ,גרמים,500.00,100 גרם,false,,16.90,3.3800,true,1,135700
7290004685089,false,לחם הארץ לחם חמניות 500 גר',מאפית י את א ברמן בע,IL,לחם הארץ חמניות 500ג,גרמים,500.00,100 גרם,false,,16.90,3.3800,true,1,135702
7290004685126,false,לחם פומפרניקל לחם הארץ 750 גרם,מאפית י את א ברמן בע,IL,לחם הארץ פומפרניקל 7,גרמים,750.00,100 גרם,false,,16.90,2.2533,true,1,135703
7290004685157,false,לחם שיפון 100% 750 גרם לחם הארץ,מאפית י את א ברמן בע,IL,לחם הארץ שיפון 100%,גרמים,750.00,100 גרם,false,,16.90,2.2533,true,1,135704
7290004685201,false,לחם הארץ שיפון אגוזים500,מאפית י את א ברמן בע,IL,לחם הארץ אגוזים 500ג,גרמים,500.00,100 גרם,false,,16.90,3.3800,true,1,135706
7290004685225,false,לחם שיפון פומפרניקל מקמח שיפון,מאפית י את א ברמן בע,IL,לחם הארץ פומפרניקל 7,גרמים,750.00,100 גרם,false,,16.90,2.2533,true,1,135707
7290004685430,false,לחם הארץ כוסמין 100% 500 גרם,מאפית י את א ברמן בע,IL,לחם הארץ כוסמין 100%,גרמים,500.00,100 גרם,false,,16.90,3.3800,true,1,135712
7290004685447,false,לחמניות כוסמין 6 בשקית 450 גרם,מאפית ברמן מקבוצת י. את,IL,לחמניות כוסמין 6יח ש,גרמים,450.00,100 גרם,false,,13.90,3.0889,true,1,135713
7290004685454,false,לחם שיבולת שועל 500 גר'.,מאפית י את א ברמן בע,IL,לחם הארץ שיבולת שועל,גרמים,500.00,100 גרם,false,,16.90,3.3800,true,1,135714
7290004731076,false,"סבון נוזלי לידיים אלוורה ""כיף""",טרופיקל דגיל תעשיות,IL,כיף אל סבון אלוורה 1,מיליליטרים,1000.00,"100 מ""ל",false,,13.90,1.3900,true,1,79674
7290004731083,false,"סבון נוזלי לידיים ג'נסינג ""כיף""",טרופיקל דגיל תעשיות,IL,כיף אלסבון ג'נסנג 1ל,מיליליטרים,1000.00,"100 מ""ל",false,,13.90,1.3900,true,1,39512
7290004731090,false,"סבון נוזלי לידיים קמומיל ""כיף""",קוסמופארם בע'\'\מ,IL,כיף אלסבון קמומיל 1,מיליליטרים,1000.00,"100 מ""ל",false,,13.90,1.3900,true,1,39513
7290004731472,false,"שלישיית אלסבון צבעוני כיף 500 מ""ל",טרופיקל דגיל תעשיות,IL,כיף אל סבון שלישיה צ,מיליליטרים,1500.00,"100 מ""ל",false,,21.90,1.4600,true,1,36151
7290004731557,false,"מקסימה תרסיס מרכך ומבשם כביסה במייבש מאסק סנו 750 מ""ל",סנו מקסימה,IL,סנו מקסימה למייבש מא,מיליליטרים,750.00,"100 מ""ל",false,,19.90,2.6533,true,1,39407
7290004737719,false,אספרגוס שלם מקולף בצנצנת ויליפוד 330 גרם,קריות זול,CN,אספרגוס שלם בצנצנת 3,גרמים,330.00,100 גרם,false,,10.90,3.3030,true,1,24684
7290004737900,false,חלב כחוש מרוכז וממותק בתוספת שמן צמחי ויליפוד 397 גרם,יו.איי.בי מאריג'אמפו,LT,חלב מרוכז ממותק 397,גרמים,397.00,100 גרם,false,,11.90,2.9975,true,1,24686
7290004810207,false,פרש וואנס פדיות קוסמ,על בד,IL,פרש וואנס פדיות קוסמ,יח',80.00,יח',false,,7.90,0.0988,true,1,43007
7290004861063,false,גבינת קש המושבה במשק,"מחלבת המושבה בע""מ",IL,גבינת קש 9% המושבה,קילוגרמים,1.00,"ק""ג",true,,45.00,45.0000,true,1,95661
7290004861070,false,גבינה צפתית קשה המוש,מחלבת המושבה,IL,צפתית 24% קשה מושבה,קילוגרמים,1.00,"ק""ג",true,,75.00,75.0000,true,1,103139
7290004861315,false,מעדניה-גבינה לאבנה ט,"מחלבת המושבה בע""מ",IL,לאבנה 5% המושבה,קילוגרמים,1.00,"ק""ג",true,,45.00,45.0000,true,1,95659
7290004861360,false,צפתית קצח מושבה,מחלבת המושבה,IL,צפתית 5% המושבה,קילוגרמים,1.00,"ק""ג",true,,49.00,49.0000,true,1,95664
7290004861407,false,מוצרלה גוניור המושבה,,,מוצרלה גוניור המושבה,קילוגרמים,1.00,"ק""ג",true,,79.00,79.0000,true,1,95669
7290004944032,false,חומוס אמיתי אסלי שמיר 400 גרם,"סלטי שמיר 2006 בע""מ",IL,חומוס אסלי 400 גרם,גרמים,400.00,100 גרם,false,,14.90,3.7250,true,1,74277
7290004944049,false,טחינה אסלי שמיר 400 גרם,"סלטי שמיר 2006 בע""מ",IL,טחינה אסלי 400גר,גרמים,400.00,100 גרם,false,,14.90,3.7250,true,1,74278
7290004944056,false,סדרת האסלי חציל במיונז שמיר 400 גרם,"סלטי שמיר 2006 בע""מ",IL,חציל במיונז אסלי 400,גרמים,400.00,100 גרם,false,,14.90,3.7250,true,1,74279
7290004944063,false,סלט תורכי אסלי שמיר 400 ג',"סלטי שמיר 2006 בע""מ",IL,תורכי אסלי 400גר,גרמים,400.00,100 גרם,false,,14.90,3.7250,true,1,74280
7290005020162,false,וויסקי סקוטי בלנטייס פיינסט 700 מל,פרנו,LK,וויסקי בלנטיינס 700,מיליליטרים,700.00,"100 מ""ל",false,,89.90,12.8429,true,1,39351
7290005040641,false,"ערמונים טריים כ-1 ק""",,,"ערמונים טריים כ-1 ק""",גרמים,1000.00,100 גרם,false,,27.90,2.7900,true,1,107212
7290005068058,false,תירס קל מופחת קלוריות 550 ג' פרי הגליל,"פרי הגליל בע""""מ",IL,תירס קל מופחת קלוריו,גרמים,550.00,100 גרם,false,,8.90,1.6182,true,1,27713
7290005068447,false,"גרגרי תירס קל בוואקום ללת""ס פרי גליל 340ג'","פרי הגליל בע""""מ",IL,תירס קל בוואקום 340ג,גרמים,340.00,100 גרם,false,,8.90,2.6176,true,1,27715
7290005068492,false,לקט ירקות מעורבים 700 גרם פרי-גליל,"פרי הגליל בע""""מ",IL,לקט ירקות מעורבים 70,גרמים,700.00,100 גרם,false,,10.90,1.5571,true,1,36265
7290005068553,false,לקט ירקות בורגנדי 700 ג' פרי הגליל,"פרי הגליל בע""""מ",IL,לקט ירקות בורגנדי 70,גרמים,700.00,100 גרם,false,,10.90,1.5571,true,1,27716
7290005084355,false,סנסודין משחת שיניים דואל קר פלואוריד 75,גלקסו סמית קליין,GB,סנסודיין משחת שיניים,מיליליטרים,75.00,"100 מ""ל",false,,21.90,29.2000,true,1,54838
7290005111761,false,"מזון לכלבים בונזו מזון כלבים בשר 3 ק""ג","ביופט בע""מ",FR,בונזו בשר 3קג,קילוגרמים,3.00,"ק""ג",false,,54.90,18.3000,true,1,25122
7290005113222,false,זיתים קוקטייל וגמבה יבנה 350ג',קבוצת יבנה,IL,זיתים מיקס יבנה 340,גרמים,340.00,100 גרם,false,,10.90,3.2059,true,1,42754
7290005174513,false,סלט חצילים במיונז אחלה 500 גרם,מיוצר עי קונדיטוריית,IL,חציל במיונז אחלה 500,גרמים,500.00,100 גרם,false,,15.90,3.1800,true,1,30678
7290005174551,false,סלט חומוס עם צנוברים 125 ג' אחלה,מיוצר עי קונדיטוריית,IL,סלט חומוס אחלה 125גר,גרמים,125.00,100 גרם,false,,5.50,4.4000,true,1,30679
7290005197758,false,"עוגיות חיוכים שוקולד עלית 150 גרם בד""צ",אפיפית נצרת תעשיות ב,IL,עוגיות חיוכים שוקו 1,גרמים,150.00,100 גרם,false,,5.20,3.4667,true,1,27262
7290005199578,false,קפה פלטינום נטול קפאין עלית 200 גרם,שטראוס קפה בי.וי.,IL,קפה נטול קפאין עלית,גרמים,200.00,100 גרם,false,,29.90,14.9500,true,1,27273
7290005199738,false,גומי מאסט בטעם פפרמינט ריח פה נעים פליפטופ 28 ג' עלית,"שטראוס גרופ בע""מ",IL,מסטיק מאסט פפרמינט ר,גרמים,28.00,100 גרם,false,,4.90,17.5000,true,1,30388
7290005200786,false,תפוצ'יפס בטעם שמנת בצל עלית 50 גרם,"שטראוס פריטו ליי בע""\מ )",IL,תפוציפס שמנת ובצל 50,גרמים,50.00,100 גרם,false,,4.20,8.4000,true,1,27056
7290005201455,false,קפה נמס מגורען ארומה קלאסי עלית 200 גרם,"אינסטנטה בע""מ",PL,קפה נמס ארומה 200 גר,גרמים,200.00,100 גרם,false,,19.90,9.9500,true,1,106216
7290005270000,false,עלי סיגר מרוקאי 500,"חמים וטעים בע""מ",IL,עלי סיגר 500גר,גרמים,500.00,100 גרם,false,,16.90,3.3800,true,1,20181
7290005287206,false,רביעיית טונה בשמן סטארקיסט 160 גרם,"סטארקיסט פודור בע""מ",VN,טונה בשמן רביעייה סט,גרמים,640.00,100 גרם,false,,25.90,4.0469,true,1,25125
7290005287251,false,רביעיית טונה במים סטארקיסט 160 גרם,"סטארקיסט פודור בע""מ",VN,טונה במים רביעייה סט,גרמים,640.00,100 גרם,false,,25.90,4.0469,true,1,36306
7290005287534,false,"סטארקיסט טונה בשמן עישון טבעי 160 גרם בד""צ",תאי יוניון גרופ,IL,טונה סטארקיסט בשמן ע,גרמים,160.00,100 גרם,false,,7.90,4.9375,true,1,39915
7290005287657,false,"סטארקיסט ממרח טונה 160 גרם בד""צ","סטארקיסט פודור בע""מ",TH,ממרח טונה סטארקיסט 1,גרמים,160.00,100 גרם,false,,7.90,4.9375,true,1,44119
7290005296246,false,"פותח סתימות דריין אאוט 946 מ""ל יעקבי",יוליניבר,US,כלורקס פותח סתימות 9,מיליליטרים,946.00,"100 מ""ל",false,,29.90,3.1607,true,1,26851
7290005317125,false,ביסקוויט חצי מצופה 175 גרם,אפיפית נצרת תעשיות ב,IL,ביסקוויט חצי מצופה 1,גרמים,175.00,100 גרם,false,,6.50,3.7143,true,1,20379
7290005317194,false,בסקויט מתוק רגיל/שוקו 110 גר,אפיפית נצרת,IL,בסקוויט פתי בר מתוק,גרמים,110.00,100 גרם,false,,3.90,3.5455,true,1,24062
7290005317200,false,קרקר טופז טעמים שונים 110 גר,אפיפית נצרת,IL,קרקר טופז מלח 110גר,גרמים,110.00,100 גרם,false,,3.90,3.5455,true,1,24063
7290005326523,false,ממרח פסטו פטרוזיליה ונענע אוליביה 180 גרם,אוליביה,IL,ממרח פסטו פטרוזיליה,גרמים,185.00,100 גרם,false,,14.90,8.0541,true,1,73491
7290005326585,false,ממרח אוליביה פסטו בזיליקום 180 ג',"אוליביה גורמה בע""מ",IL,פסטו בזיליקום אוליבי,גרמים,180.00,100 גרם,false,,13.90,7.7222,true,1,97758
7290005384356,false,גבינת אמנטל ויליפוד,וילי פוד,IL,גבינת אמנטל ויליפוד,קילוגרמים,1.00,"ק""ג",true,,69.00,69.0000,true,1,100061
7290005384851,false,וילי פוד מיץ לימון בדץ 200מל,קריות זול,IT,מיץ לימון ויליפוד 20,מיליליטרים,200.00,"100 מ""ל",false,,4.90,2.4500,true,1,97176
7290005384868,false,בסיגנון דנאבלו 29% במשקל,,IL,בסגנון דנאבלו ויליפו,קילוגרמים,1.00,"ק""ג",true,,89.00,89.0000,true,1,24610
7290005384899,false,פטינה ים תיכונית בסג,וילי פוד,IL,פטינה ויליפוד,קילוגרמים,1.00,"ק""ג",true,,39.00,39.0000,true,1,24611
7290005387043,false,צלעות 22 צרכני מוצפי,JBS S.A,BR,צלעות מס' 2 חלק קפוא,קילוגרמים,1.00,"ק""ג",true,,39.90,39.9000,true,1,138797
7290005423253,false,"סנו - מקסימה מרסס למייבש כביסה אולטרה פרש 750 מ""ל","סנו מפעלי ברונוס בע""\מ",IL,סנו מקסימה למייבש או,מיליליטרים,750.00,"100 מ""ל",false,,19.90,2.6533,true,1,25831
7290005423369,false,סנו די קידס תחליב דוחה יתושים לילדים 100,טרופיקל דגיל תעשיות,IL,סנו די רולאון דוחה י,מיליליטרים,50.00,"100 מ""ל",false,,23.90,47.8000,true,1,120273
7290005423499,false,"תרסיס לניקוי משטחי נירוסטה אירוסל סנו 500 מ""ל",מיוצר עי קונדיטוריית,IL,סנו נירוסטה אירוסול,מיליליטרים,475.00,"100 מ""ל",false,,22.90,4.8211,true,1,25842
7290005423567,false,מטליות ניקוי רב שימושיות בגליל סנו סושי 40 יחידות,אסותא תעשיות אלבד בע,IL,סנו סושי בגליל 40יח,יחידה,0.00,יחידה,false,,22.90,0.0000,true,1,105320
7290005423635,false,ריצפז נוזל רצפות דוחה תיקנים סנו 2 ליטר,מיוצר עי קונדיטוריית,IL,ריצפז פלוס דוחה חרקי,ליטרים,2.00,ליטר,false,,24.90,12.4500,true,1,25846
7290005423734,false,מרכך כביסה מרוכז אולטרא פרש סנו מקסימה 4 ליטר,"סנו מפעלי ברונוס בע""\מ",IL,סנו מקסימה מרכך כביס,ליטרים,4.00,ליטר,false,,23.90,5.9750,true,1,25849
7290005423833,false,פוליויקס נוזל לניקוי פרקט סנו 2 ליטר,"סנו מפעלי ברונוס בע""\מ",IL,פוליויקס פרקט 2ליטר,ליטרים,2.00,ליטר,false,,23.90,11.9500,true,1,25850
7290005423871,false,שלישיית משחת שיניים מנטול אורביטול 145 גרם,טרופיקל דגיל תעשיות קוסמ,IL,אורביטול משחת שיניים,גרמים,435.00,100 גרם,false,,19.90,4.5747,true,1,25851
7290005423918,false,סנו - מקסימה מרכך כביסה היפואלרגני אלוורה 4 ליטר,"סנו מפעלי ברונוס בע""\מ",IL,סנו מקסימה מרכך כביס,ליטרים,4.00,ליטר,false,,23.90,5.9750,true,1,25853
7290005424403,false,אל סבון נוזלי בניחוח אצות ים כיף 1 ליטר,טרופיקל דגיל תעשיות,IL,כיף אל סבון אצות ים,מיליליטרים,1000.00,"100 מ""ל",false,,13.90,1.3900,true,1,25857
7290005424755,false,מטליות ריצפז פלוס לחות לניקוי רצפות דוחה תיקנים 10 יח' סנו,סנו מפעלי ברונוס בעמ,IL,ריצפז פלוס מטליות לח,יח',10.00,יח',false,,16.90,1.6900,true,1,99473
7290005425196,false,"מקסימה אבקת כביסה סנסיטיב סנו 2.5 ק""ג",מיוצר עי קונדיטוריית,IL,אבקת מקסימה סנסטיב 2,קילוגרמים,2.50,"ק""ג",false,,25.90,10.3600,true,1,79722
7290005425585,false,מטליות לחות לניקוי רהיטים סנו 20 יחידות,"סנו מפעלי ברונוס בע""\מ",IL,מטליות להברקת רהיטים,יח',20.00,יח',false,,13.90,0.6950,true,1,25886
7290005425646,false,קליר נוזל לניקוי חלונות רב תכליתי סנו 1 ליטר,"סנו מפעלי ברונוס בע""\מ",IL,סנוקליר לניקוי חלונו,מיליליטרים,1000.00,"100 מ""ל",false,,10.90,1.0900,true,1,25888
7290005425714,false,"שמפו שטיחים סנו פלוס 600 מ""ל","סנו מפעלי ברונוס בע""\מ",IL,סנו פלוס שמפו שטיחים,יחידה,600.00,יחידה,false,,29.90,0.0498,true,1,25889
7290005426186,false,סקוטש כריות קרצוף ענקיות סנו סושי 3 יחידות,קריות זול,US,סנו סושי סקוטש ענק 3,יחידה,0.00,יחידה,false,,15.90,0.0000,true,1,55212
7290005426568,false,"קרמה - קרם לחות לשיער רגיל 400 מ""ל",טרופיקל דגיל תעשיות,IL,קרמה לחות לשיער רגיל,מיליליטרים,400.00,"100 מ""ל",false,,22.90,5.7250,true,1,25922
7290005426575,false,"קרמה לחות לשיער יבש ללא שטיפה 400 מ""ל",טרופיקל דגיל תעשיות,IL,קרמה לחות לשיער יבש,מיליליטרים,400.00,"100 מ""ל",false,,22.90,5.7250,true,1,25923
7290005426803,false,מקסימה מרכך כביסה פצ'ולי לבנדר סגול סנו 4 ליטר,סנו מקסימה,IL,סנו מקסימה מרכך כביס,ליטרים,4.00,ליטר,false,,23.90,5.9750,true,1,36346
7290005426940,false,"סנו K-300 מדביר חרקים 475 מ""ל",טרופיקל דגיל תעשיות,IL,סנו 300 K פלוס 6,יחידה,400.00,יחידה,false,,24.90,0.0622,true,1,25938
7290005426971,false,סנובון סבון לאסלה תפוח כחול סנו 3 יחידות,סנו מפעלי ברונו בעמ,IL,סנובון כחול בריח תפו,גרמים,150.00,100 גרם,false,,17.90,11.9333,true,1,25940
7290005427107,false,סנו - סושי מגבות נייר הפלא 6 יחידות,מיוצר עי קונדיטוריית,IL,סנו סושי מגבות הפלא,יח',6.00,יח',false,,13.90,2.3167,true,1,26930
7290005427633,false,"כיף גל לשיער לשיער חזק במיוחד 1 ק""ג",קוסמופארם,IL,כיף גל לשיער אקסטרים,גרמים,1000.00,100 גרם,false,,25.90,2.5900,true,1,25971
7290005427848,false,מטליות ניקוי רב שימושיות בגליל סנו סושי 40 יחידות,קריות זול,IL,סנו סושי מטליות בגלי,100 יח',40.00,100 יח',false,,22.90,57.2500,true,1,105339
7290005428852,false,ממחטות טישו צבעוניים סנו סופט 5 יח' *100דף,ישרפייפר,IL,סנו סופט מגבוני טישו,גרמים,0.00,גרם,false,,17.90,0.0000,true,1,36375
7290005429279,false,סנו מקסימה קומפקט קומפקט אפקט גאוול 6 ק,סנו מפעלי ברונוס בעמ,IL,סנו מקסימה אבקת כביס,קילוגרמים,6.00,"ק""ג",false,,49.90,8.3167,true,1,36379
7290005429286,false,"אבקת כביסה מקסימה ביו 6 ק""ג סנו",סנו מקסימה,IL,סנו מקסימה ביו אבקת,קילוגרמים,6.00,"ק""ג",false,,49.90,8.3167,true,1,36380
7290005430602,false,"סנו אוקסיג'ן ספריי להסרת כתמים עם חמצן פעיל 750 מ""ל","סנו מפעלי ברונוס בע""",IL,סנו אוקסיגן מסיר כתמ,מיליליטרים,750.00,"100 מ""ל",false,,18.90,2.5200,true,1,26004
7290005431883,false,מלבי חלבי עדן קינוחים 165 גרם,עדן קינוחים Eden,IL,מלבי חלבי 165 גרם,גרמים,165.00,100 גרם,false,,7.40,4.4848,true,1,112258
7290005431906,false,קדאיף עדן קינוחים 82 גרם,עדן קינוחים Eden,IL,קדאיף 82 גרם,גרמים,92.00,100 גרם,false,,7.40,8.0435,true,1,112259
7290005431913,false,עוגת גבינה פירורים עדן קינוחים 92 גרם,עדן קינוחים Eden,IL,עוגת גבינה פירורים 9,גרמים,92.00,100 גרם,false,,7.40,8.0435,true,1,112260
7290005431920,false,עוגת גבינה פירורים לייט עדן קינוחים 78 גרם,עדן קינוחים Eden,IL,עוגת גבינה פירורים ל,גרמים,165.00,100 גרם,false,,7.40,4.4848,true,1,112261
7290005431937,false,טירמיסו עדן קינוחים 82 גרם,עדן קינוחים Eden,IL,טירמיסו 82 גרם,גרמים,82.00,100 גרם,false,,7.40,9.0244,true,1,112256
7290005431968,false,מלבי שמנת עדן קינוחים 150 גרם,עדן קינוחים Eden,IL,מלבי שמנת 150 גרם,גרמים,150.00,100 גרם,false,,7.90,5.2667,true,1,120436
7290005437632,false,שמן קנולה 1 ליטר טעמן,,BE,שמן קנולה טעמן 1ליטר,מיליליטרים,1000.00,"100 מ""ל",false,,11.90,1.1900,true,1,127393
7290005437755,false,פסטה בילאגיו צינורות 500 גרם טעמן,מוצרי יסוד - טעמן,TR,פסטה טעמן 500גר,גרמים,500.00,100 גרם,false,,4.90,0.9800,true,1,101364
7290005437762,false,פסטה בילאג'יו ספירלה 500גר' טעמן,מוצרי יסוד - טעמן,TR,פסטה ספירלה טעמן 500,גרמים,500.00,100 גרם,false,,4.90,0.9800,true,1,101365
7290005437861,false,קוקטייל פירות טרופיים בסירופ קל טעמן 825 גרם,פ.ת גרייט פנאפל,ID,קוקטייל פירות טרופיי,גרמים,825.00,100 גרם,false,,13.90,1.6848,true,1,70868
7290005437939,false,פסטה ספגטיני מס' 10 500 גר' טעמן,מוצרי יסוד - טעמן,TR,פסטה ספגטיני מס'10 ט,גרמים,500.00,100 גרם,false,,4.90,0.9800,true,1,101366
7290005437946,false,פסטה בילאג'יו ספגטי 500גר טעמן,מוצרי יסוד - טעמן,TR,פסטה ספגטי מס' 6 טעמ,גרמים,500.00,100 גרם,false,,4.90,0.9800,true,1,101367
7290005477669,false,סבון נוזלי דרמפון מועשר לחות קרליין 1 ליטר,"אמיליה קוסמטיקס בע""מ",IL,דרמפון סבון נוזלי מו,מיליליטרים,1000.00,"100 מ""ל",false,,19.90,1.9900,true,1,40052
7290005509445,false,עוגיות מיני קוקיס חמאה בצנצנת כרמית 600 גרם,כרמית תעשיות ממתקים,IL,מיני קוקיס בטעם חמאה,גרמים,600.00,100 גרם,false,,17.90,2.9833,true,1,19812
7290005559907,false,פיצה משפחתית 100% גבינה מעדנות 500 גרם,מיוצר עי קונדיטוריית,IL,פיצה משפחתית גבינה מ,גרמים,500.00,100 גרם,false,,21.90,4.3800,true,1,28824
7290005559914,false,פיצה משפחתית עם 100% גבינה בתוספת זיתים מעדנות 550 גרם,מיוצר עי קונדיטוריית,IL,פיצה משפחתית זיתים מ,גרמים,550.00,100 גרם,false,,21.90,3.9818,true,1,28825
7290005559990,false,בצק פילאס תורכי מעדנות 600 גרם,מיוצר עי קונדיטוריית,IL,בצק פילאס תורכי מעדנ,גרמים,600.00,100 גרם,false,,22.90,3.8167,true,1,28831
7290005591761,false,דבש טהור מפרחי בר בלחיץ 400 ג' יד מרדכי,מכוורת יד מרדכי שטרא,IL,*מבצע* דבש טהור מפרח,גרמים,400.00,100 גרם,false,,19.90,4.9750,true,1,27281
7290005609121,false,פילה סלמון טרי,,,פילה סלמון טרי,קילוגרמים,1.00,"ק""ג",true,,99.00,99.0000,true,1,72039
7290005609152,false,בורי בינוני נקי טרי,,,בורי בינוני נקי טרי,קילוגרמים,1.00,"ק""ג",true,,44.90,44.9000,true,1,71709
7290005610127,false,תפוח אדמה גורמה דוד משה,אראל תוצרת חקלאית בע,IL,"תפו""א גורמה דוד משה",קילוגרמים,1.00,"ק""ג",true,,5.90,5.9000,true,1,98439
7290005610509,false,צנונית ארוז דוד משה 500ג',ביכורי השקמה,IL,צנוניות יח,יחידה,0.00,יחידה,false,,4.90,0.0000,true,1,94361
7290005651069,false,"מזון חתולים לה קט מיקס 2.85 ק""ג","ביופט בע""מ",FR,לה קט מיקס 2.85קג,קילוגרמים,2.85,"ק""ג",false,,79.90,28.0351,true,1,25133
7290005651366,false,"מזון לכלבים בונזו מזון כלבים כבד 3 ק""ג","ביופט בע""מ",IL,בונזו כבד 3קג,קילוגרמים,3.00,"ק""ג",false,,55.90,18.6333,true,1,25134
7290005651427,false,"בונזו מזון לכלבים מולטיפק 1.2 ק""ג מארז 3 יחידות",קריות זול,FR,בונזו מולטי פק 3*400,גרמים,1200.00,100 גרם,false,,23.90,1.9917,true,1,25137
7290005658464,false,עוגיות מקלות מרוקאיות 350ג',,,עוגיות מובחרות עד 35,גרמים,350.00,100 גרם,false,,12.90,3.6857,true,1,51891
7290005686436,false,תפוח עץ מיובש ששון ה,"דין שיווק וקלייה בע""",IL,תפוח עץ מיובש 200גר,גרמים,200.00,100 גרם,false,,12.90,6.4500,true,1,70990
7290005689369,false,סינטה עגל,,,סינטה עגל,קילוגרמים,1.00,"ק""ג",true,,129.00,129.0000,true,1,140348
7290005838002,false,מעדן גבינה ויוגורט בטעם וניל 88 ג' דניאלה,"שטראוס בריאות בע""מ",IL,דניאלה מעדן בטעם וני,מיליליטרים,150.00,"100 מ""ל",false,,4.30,2.8667,true,1,30685
7290005838613,false,"סקי וניל בודד 125 גרם ""שטראוס""","שטראוס בריאות בע""\מ",IL,קרם גבינה 3% בטעם ונ,גרמים,125.00,100 גרם,false,,3.90,3.1200,true,1,30690
7290005838972,false,גבינת יום יום 5% שטראוס 125ג',מיוצר עי קונדיטוריית,IL,סקי גבינת לבנה 5% 12,גרמים,125.00,100 גרם,false,,3.60,2.8800,true,1,30691
7290005839078,false,שמיניית יוגורט לבן 3% ביו דנונה 150 גרם,מיוצר עי קונדיטוריית,IL,דנונה ביו מארז שמיני,גרמים,1200.00,100 גרם,false,,17.50,1.4583,true,1,30692
7290005839108,false,גבינה לבנה סימפוניה עם תוספות 200 ג'+זיתים 5%,"שטראוס בריאות בע""\מ",IL,סימפוניה זיתים 5% 20,גרמים,200.00,100 גרם,false,,11.80,5.9000,true,1,30694
7290005839313,false,"מילקי טופ מגולגלת שטראוס 170 מ""ל",מיוצר עי קונדיטוריית,IL,מילקי טופ מגולגלת 14,מיליליטרים,142.00,"100 מ""ל",false,,4.80,3.3803,true,1,30695
7290005877247,false,סטייק פרגית עוף טרי,,,פרגיות טרי ארוז,קילוגרמים,1.00,"ק""ג",true,,69.90,69.9000,true,1,138160
7290005877261,false,פרגית עוף כשר טרי,,,פרגיות טרי ארוז,קילוגרמים,1.00,"ק""ג",true,,69.90,69.9000,true,1,137410
7290005877278,false,עוף שלם טרי ארוז,,,עוף שלם טרי ארוז,קילוגרמים,1.00,"ק""ג",true,,20.90,20.9000,true,1,137394
7290005877292,false,טחול עוף טרי ארוז,,,טחול עוף טרי ארוז,קילוגרמים,1.00,"ק""ג",true,,64.90,64.9000,true,1,137413
7290005877308,false,כנפיים עוף טרי עוף ג,,,כנפיים עוף טרי ארוז,קילוגרמים,1.00,"ק""ג",true,,12.90,12.9000,true,1,137414
7290005877315,false,ירכיים עוף טרי ארוז,,,ירכיים עוף טרי ארוז,קילוגרמים,1.00,"ק""ג",true,,29.90,29.9000,true,1,137401
7290005877322,false,חזה עוף טרי חצוי מעו,,,חזה עוף טרי ארוז,קילוגרמים,1.00,"ק""ג",true,,39.90,39.9000,true,1,137397
7290005877339,false,שוקיים עוף טרי עוף ג,,,שוקיים עוף טרי ארוז,קילוגרמים,1.00,"ק""ג",true,,37.90,37.9000,true,1,137402
7290005877346,false,שניצל עוף פרוס טרי ע,,,שניצל עוף טרי ארוז,קילוגרמים,1.00,"ק""ג",true,,44.90,44.9000,true,1,137415
7290005992018,false,"יוגורט עיזים לשתיה 3% מחלבות גד 500 מ""ל","מיוצר ע""\י קוד יצרן MKN",IL,יוגורט עיזים 3% 500מ,מיליליטרים,500.00,"100 מ""ל",false,,14.70,2.9400,true,1,19902
7290005992575,false,גבינה בולגרית למריחה 5% גד 250 גרם,מחלבות גד בעמ,IL,בולגרית למריחה 5% 25,גרמים,250.00,100 גרם,false,,18.90,7.5600,true,1,19909
7290005992735,false,לאבנה טבעית 5% 250 גר' - רבנות,הנסיך- מפעל לייצור ט,IL,לאבנה 5% 250גר מחלבו,גרמים,250.00,100 גרם,false,,13.30,5.3200,true,1,19912
7290005996221,false,פסטרמה של פעם דקדק יחיעם 120 גרם,מעדני יחיעם,IL,פסטרמה של פעם דק דק,גרמים,120.00,100 גרם,false,,14.90,12.4167,true,1,120376
7290005996238,false,פסטרמה בדבש דקדק יחיעם 120 גרם,מעדני יחיעם,IL,פסטרמה בדבש דק דק 12,גרמים,120.00,100 גרם,false,,14.90,12.4167,true,1,120377
7290005996276,false,פסטרמה ברביקיו דקדק יחיעם 120 גרם,מעדני יחיעם,IL,פסטרמה ברביקיו דק דק,גרמים,120.00,100 גרם,false,,14.90,12.4167,true,1,120378
7290005996740,false,סלמי פפרוני יחיעם 300 ג',מעדני יחיעם 1993,IL,סלמי פפרוני יחיעם 30,גרמים,300.00,100 גרם,false,,24.90,8.3000,true,1,135913
7290006131102,false,הליבוט עם עור פרוס ב,,,הליבוט עם עור פרוס ב,קילוגרמים,1.00,"ק""ג",true,,74.90,74.9000,true,1,102237
7290006131287,false,פילה בקלה (מרלוזה) א,,,פילה בקלה (מרלוזה) א,קילוגרמים,1.00,"ק""ג",true,,34.90,34.9000,true,1,102239
7290006131447,false,מקרל קפוא,,,מקרל קפוא,קילוגרמים,1.00,"ק""ג",true,,21.90,21.9000,true,1,102241
7290006131591,false,פילה ברבוניה בוואקום,,,פילה ברבוניה בוואקום,גרמים,400.00,100 גרם,false,,24.90,6.2250,true,1,102242
7290006199027,false,מאגדת גלידל וניל מצופה סורבה תות שדה [8],הגלידות של פלדמן,IL,גלידל חלבי מאגדת בטע,יח',8.00,יח',false,,29.90,3.7375,true,1,129467
7290006199218,false,"שמיניית גלידל אייס מוקה ""פלדמן""",הגלידות של פלדמן,IL,גלידל חלבי מאגדת בטע,יח',8.00,יח',false,,29.90,3.7375,true,1,129468
7290006199942,false,"שמיניית גלידל פרי דובדבן ""פלדמן""",הגלידות של פלדמן,IL,גלידל פרי מאגדת בטעם,יח',8.00,יח',false,,23.90,2.9875,true,1,134912
7290006241504,false,"משקה תפוזים קפוא פריגת 340 מ""ל",פריגת מצוננים,IL,פריגת תפוזים קפוא 34,גרמים,345.00,100 גרם,false,,15.90,4.6087,true,1,27984
7290006241535,false,"משקה מנגו קפוא פריגת 340 מ""ל",היינץ צפון אמריקה מק,IL,פריגת מנגו קפוא 350ג,גרמים,350.00,100 גרם,false,,15.90,4.5429,true,1,27987
7290006241689,false,"משקה לימונים מרוכז קפוא פריגת 280 מ""ל",היינץ צפון אמריקה מק,IL,פריגת לימון קפוא 340,גרמים,340.00,100 גרם,false,,15.90,4.6765,true,1,27991
7290006243577,false,בורקס תפוח אדמה שחף 800 גרם,שחף,IL,"בורקס תפו""א שחף 800ג",גרמים,800.00,100 גרם,false,,15.90,1.9875,true,1,19842
7290006243713,false,בורקס גבינה שחף 800 גרם,שחף,,בורקס גבינה שחף 800ג,גרמים,800.00,100 גרם,false,,15.90,1.9875,true,1,19843
7290006251107,false,תה צ'אי מסאלה ויסוצקי 25 יחידות,מולינו ניקולי s.p.a,IL,תה מסאלה ויסוצקי 25י,יח',25.00,יח',false,,19.90,0.7960,true,1,31114
7290006251275,false,תה ירוק סיני קלאסי ויסוצקי 25 יחידות,תה ויסוצקי,IL,תה ירוק סיני 25יח,גרמים,37.50,100 גרם,false,,26.90,71.7333,true,1,31116
7290006251343,false,חליטת פסיפלורה מנגו הגן הקסום ויסוצקי 25 יחידות,תה ויסוצקי,IL,תה פסיפלורה מנגו הגן,גרמים,62.50,100 גרם,false,,19.90,31.8400,true,1,32032
7290006256089,false,"יין אדום קברנה סוביניון גאטו נגרו 750 מ""ל",פינקה לה סליה,AR,גאטו נגרו קברנה סובי,מיליליטרים,750.00,"100 מ""ל",false,,39.90,5.3200,true,1,137101
7290006265500,false,פטריות שמפיניון ארוז מרינה,"מרינה פטריות הגליל בע""מ",IL,פטריות שמפיניון ארוז,גרמים,250.00,100 גרם,false,,8.90,3.5600,true,1,20202
7290006271174,false,ג'חנון לאפיה בתנור מעדנות 700 גרם,מיוצר עי קונדיטוריית,IL,גחנון לאפיה בתנור מע,גרמים,700.00,100 גרם,false,,18.90,2.7000,true,1,29165
7290006271181,false,ג'חנון אפוי למיקרוגל מעדנות 750 גרם,מיוצר עי קונדיטוריית,IL,גחנון אפוי מעדנות 75,גרמים,750.00,100 גרם,false,,26.90,3.5867,true,1,29166
7290006271648,false,מיני בורקס תפוחי אדמה מעדנות 800 גרם,"מעדנות בע""\מ",IL,"מיני בורקס תפו""א מעד",גרמים,800.00,100 גרם,false,,24.90,3.1125,true,1,36519
7290006271655,false,מיני בורקס גבינה מעדנות 800 גרם,מיוצר עי קונדיטוריית,IL,מיני בורקס גבינה מעד,גרמים,800.00,100 גרם,false,,27.90,3.4875,true,1,36520
7290006272072,false,חטיפי פיצה גבינה מעדנות 650 גרם,"מעדנות בע""\מ",IL,חטיפי פיצה מעדנות 65,גרמים,650.00,100 גרם,false,,33.90,5.2154,true,1,29191
7290006272430,false,בצק עלים חמאה מעדנות 600 גרם,מיוצר עי קונדיטוריית,IL,בצק עלים חמאה מעדנות,גרמים,600.00,100 גרם,false,,28.90,4.8167,true,1,44485
7290006306296,false,רביולי במילוי גבינה לילדים פסטה נונה גד 400 גרם,דורום תעשיות מזון ופסטה,IL,רביולי במילוי גבינה,גרמים,400.00,100 גרם,false,,26.90,6.7250,true,1,62204
7290006306302,false,רביולי במילוי גבינות פרמזן ריקוטה 400 ג' פסטה נונה,דורום תעשיות מזון ופסטה,IL,רביולי פרמזן ריקוטה,גרמים,400.00,100 גרם,false,,26.90,6.7250,true,1,19921
7290006306319,false,רביולי במילוי בטטה 400 ג' פסטה נונה,דורום תעשיות מזון ופסטה,IL,רביולי במילוי בטטה 4,גרמים,400.00,100 גרם,false,,26.90,6.7250,true,1,19922
7290006306326,false,רביולי במילוי פטריות וגבינת פרמזן פסטה נונה 400 ג',דורום תעשיות מזון ופסטה,IL,רביולי במילוי פטריות,גרמים,400.00,100 גרם,false,,26.90,6.7250,true,1,19923
7290006306333,false,רביולי במילוי תרד וגבינת ריקוטה פסטה נונה 400 ג',דורום תעשיות מזון ופסטה,IL,רביולי במילוי תרד וג,גרמים,400.00,100 גרם,false,,26.90,6.7250,true,1,19924
7290006306340,false,"ניוקי תפו""א פסטה נונה גד 400 גרם",דורום תעשיות מזון ופסטה,IL,"ניוקי תפו""א 400גר",גרמים,400.00,100 גרם,false,,25.90,6.4750,true,1,19925
7290006306357,false,רביולי במילוי גבינת עיזים 400 ג' פסטה נונה,דורום תעשיות מזון ופסטה,IL,רביולי במילוי גבינת,גרמים,400.00,100 גרם,false,,26.90,6.7250,true,1,19926
7290006342072,false,גרעין לבן ששון הקולה 200 גרם,"דין שיווק וקלייה בע""",IL,גרעין דלעת קלוי ששון,גרמים,200.00,100 גרם,false,,7.90,3.9500,true,1,91709
7290006342089,false,גרעין שחור 200 גרם ששון הקולה,"דין שיווק וקלייה בע""",IL,גרעין שחור 200גרם,גרמים,200.00,100 גרם,false,,4.90,2.4500,true,1,66962
7290006342447,false,גרעיני אבטיח ששון הקולה 200 גרם,"דין שיווק וקלייה בע""",IL,גרעיני אבטיח 200גרם,גרמים,200.00,100 גרם,false,,12.90,6.4500,true,1,91710
7290006342515,false,מנצ'ס ששון הקולה 200 גרם,"דין שיווק וקלייה בע""",,מנצס 200גרם,גרמים,200.00,100 גרם,false,,6.90,3.4500,true,1,74163
7290006342560,false,בוטן אמריקאי ששון הקולה 200 גרם,"דין שיווק וקלייה בע""",IL,בוטנים מצופים 200גר,גרמים,200.00,100 גרם,false,,5.00,2.5000,true,1,101644
7290006346063,false,"לאבנה שמן זית וזעתר 250 גרם ""מונטה קרלו""",מונטה קרלו,IL,לאבנה בשמן זית וזעתר,גרמים,250.00,100 גרם,false,,22.90,9.1600,true,1,141250
7290006346162,false,טורשי ירקות דלי מונט,מונטה קרלו,IL,טורשי ירקות כבושים 3,גרמים,330.00,100 גרם,false,,24.90,7.5455,true,1,113135
7290006346414,false,"אבוקדו 250 גרם ""מונטה קרלו""",קלאס פוד,IL,סלט אבוקדו 250 גרם,גרמים,250.00,100 גרם,false,,22.90,9.1600,true,1,141240
7290006346452,false,טונה זיתים ללא מיונז,מונטה קרלו,IL,טונה זיתים (ללא מיונ,גרמים,250.00,100 גרם,false,,24.90,9.9600,true,1,141242
7290006346629,false,גבינת שמנת חציל מונ,מונטה קרלו,IL,שמנת חציל 250 גרם סל,גרמים,250.00,100 גרם,false,,22.90,9.1600,true,1,141251
7290006346643,false,חומוס זעתר 250 גרם ס,,,חומוס זעתר 250 גרם ס,גרמים,250.00,100 גרם,false,,15.90,6.3600,true,1,113120
7290006346773,false,רוטב צימיצורי גביע 2,,,רוטב צימיצורי גביע 2,גרמים,250.00,100 גרם,false,,21.90,8.7600,true,1,128528
7290006346834,false,פלפלית בלימון חריף מ,מונטה קרלו,IL,פלפלית בלימון חריף ג,גרמים,250.00,100 גרם,false,,15.90,6.3600,true,1,128525
7290006346971,false,חציל אפוי במיונז מונ,מונטה קרלו,IL,חציל אפוי במיונז 250,גרמים,250.00,100 גרם,false,,16.90,6.7600,true,1,113112
7290006346995,false,חציל בטעם כבד מונטה,מונטה קרלו,IL,חציל בטעם כבד גביע 2,גרמים,250.00,100 גרם,false,,22.90,9.1600,true,1,128512
7290006374738,false,קונפיטורית תות 340 גר' יד מרדכי,אף.סי תבליני בגליל ב,IL,קונפיטורת תות יד מרד,גרמים,340.00,100 גרם,false,,13.90,4.0882,true,1,27299
7290006376022,false,קורנפלור 200גר פרימי,,,קורנפלור 200גר פרימי,גרמים,200.00,100 גרם,false,,3.90,1.9500,true,1,120449
7290006376091,false,סודה לשתיה פרימיום 50 גר',,,סודה לשתיה פרימיום 5,גרמים,50.00,100 גרם,false,,2.20,4.4000,true,1,99615
7290006376626,false,אבקת סוכר מהדרין 100 ג',,,אבקת סוכר פרימיום 10,גרמים,100.00,100 גרם,false,,2.50,2.5000,true,1,99616
7290006376688,false,עשיריית סוכר וניל,,,סוכר וניל 10*10גרם פ,גרמים,100.00,100 גרם,false,,2.50,2.5000,true,1,99613
7290006376695,false,עשיריית אבקת אפיה 10,,,אבקת אפיה 10*10גר פר,גרמים,100.00,100 גרם,false,,2.50,2.5000,true,1,99614
7290006376718,false,גלטין לעוגה פרימיום 24 יח,,,ג'לטין שקיות 24 גר,גרמים,24.00,100 גרם,false,,9.90,41.2500,true,1,75736
7290006376725,false,קוקוס טחון פרימיום 200 ג',,,קוקוס 200 גרם חילדה,גרמים,200.00,100 גרם,false,,7.90,3.9500,true,1,137750
7290006376732,false,שומשום 200 גרם חילדה,,,שומשום 200 גרם חילדה,גרמים,200.00,100 גרם,false,,7.90,3.9500,true,1,137751
7290006464293,false,כבד בקר לצליה לא מוכ,,,כבד בקר לצליה לא מוכ,קילוגרמים,1.00,"ק""ג",true,,29.90,29.9000,true,1,36586
7290006492432,false,גבינת מוצרלה בייבי 18% גד 150 גרם,מחלבות גד בעמ,IL,בייבי מוצרלה מחלבות,גרמים,100.00,100 גרם,false,,16.50,16.5000,true,1,19932
7290006492616,false,גבינה בולגרית מעודנת פרוסות 5% גד 250 גרם,DSH עבור מחלבות גד ב,IL,בולגרית פרוסות 5% 25,גרמים,250.00,100 גרם,false,,27.90,11.1600,true,1,19934
7290006492630,false,גבינת פרומעז עיזים 22% גד 180 גרם,מחלבות גד בעמ,IL,גבינת גליל מחלבות גד,גרמים,180.00,100 גרם,false,,24.50,13.6111,true,1,19935
7290006492685,false,גבינת לאבנה 5% מחלב עזים גד 250 גרם,מחלבות גד בעמ,IL,לאבנה עזים 5% 250גר,גרמים,250.00,100 גרם,false,,18.80,7.5200,true,1,19936
7290006492852,false,גבינת עיזים למריחה 5% שומן 250 ג' גד,גבינות מדף,IL,*מבצע* גבינת עיזים 5,גרמים,250.00,100 גרם,false,,16.90,6.7600,true,1,19941
7290006492913,false,גבינת לאבנה ציזיקי 5% מחלבות גד 250 גרם,מחלבות גד בעמ,IL,לאבנה ציזיקי 250גר מ,גרמים,250.00,100 גרם,false,,14.50,5.8000,true,1,57383
7290006494917,false,טוסו וופל קלאסי במילוי שוקולד 200 גרם,"איטיליאן פוד, אס.פי.",IL,וופל מרמולייט ופל בט,גרמים,180.00,100 גרם,false,,11.90,6.6111,true,1,25480
7290006498052,false,דנונה ביו יוגורט טבעי מהדרין 3% 150 ג',שטראוס גרופ,IL,יוגורט טבעי מהדרין 3,מיליליטרים,150.00,"100 מ""ל",false,,2.90,1.9333,true,1,68765
7290006511010,false,פרמז'נו שקיל וילי פו,ויליפוד,IT,פרמזנו ויליפוד,קילוגרמים,1.00,"ק""ג",true,,120.00,120.0000,true,1,96550
7290006511683,false,פולי סויה מאנצ`ו קפוא 454 ג' וילפוד,קו.אל.טי.די.קיאוניונ,CN,פולי סויה מאנצו קפוא,גרמים,454.00,100 גרם,false,,10.90,2.4009,true,1,36634
7290006546012,false,שעועית בנוסח מקסיקני בטעם חריף 580 ג' פרי הגליל,"פרי הגליל בע""""מ",IL,צילי בנוסח מקסיקני ב,גרמים,580.00,100 גרם,false,,9.90,1.7069,true,1,75347
7290006546371,false,במיה 600 ג' פרי הגליל,"פרי הגליל בע""""מ",IL,במיה 600גר,גרמים,600.00,100 גרם,false,,12.90,2.1500,true,1,27730
7290006546395,false,לקט העונה פרי הגליל 800 גרם,"פרי הגליל בע""""מ",IL,לקט העונה 800גר,גרמים,800.00,100 גרם,false,,10.90,1.3625,true,1,36638
7290006546524,false,צי'פס מובחר קפוא פרי גליל 800 ג',"פרי הגליל בע""""מ",IL,ציפס מובחר 800גר,גרמים,800.00,100 גרם,false,,14.90,1.8625,true,1,140552
7290006546999,false,לקט למרק קפוא פרי הגליל 800ג',"פרי הגליל בע""""מ",IL,לקט למרק 800גר,גרמים,800.00,100 גרם,false,,12.90,1.6125,true,1,41624
7290006567048,false,פתיתי קוסקוס ישראלי אסם 350 גרם,"מיוצר ע""י קוד יצרן K",IL,פתיתי קוסקוס ישראלי,גרמים,350.00,100 גרם,false,,8.50,2.4286,true,1,24081
7290006644480,false,תפוזינה תפוזים 0.5 ליטר,יפאורה שותפות מובגלת לשיווק,IL,"תפוזינה תפוזים 500מ""",מיליליטרים,500.00,"100 מ""ל",false,,5.90,1.1800,true,1,101125
7290006644510,false,"מיץ ענבים 500 מ""ל תפוזינה",יפאורה שותפות מובגלת לשיווק,IL,"תפוזינה ענבים 500מ""ל",מיליליטרים,500.00,"100 מ""ל",false,,5.90,1.1800,true,1,101126
7290006644527,false,תפוזינה תות בננה 0.5 ליטר,יפאורה שותפות מובגלת לשיווק,IL,תפוזינה תות בננה 500,מיליליטרים,500.00,"100 מ""ל",false,,5.90,1.1800,true,1,101127
7290006651730,false,"ד""ר פישר - אלכוג'ל מגבונים לשמירת היגייניית הידיים 20 יח'","ד""ר פישר Dr fischer",IL,אלכוויפס מגבונים לשמ,יחידה,0.00,יחידה,false,,15.90,0.0000,true,1,113156
7290006652027,false,במבה חטיף בוטנים אסם 20*15 גרם,מיוצר עי קונדיטוריית,IL,במבה יום הולדת מארז,גרמים,300.00,100 גרם,false,,19.90,6.6333,true,1,24098
7290006653819,false,פתיתי קוסקוס דק 350 גרם,"מיוצר ע""י קוד יצרן K",IL,קוסקוס דק אסם 350 גר,גרמים,350.00,100 גרם,false,,8.50,2.4286,true,1,24127
7290006664051,false,"אקטימל לבן 1.51 ק""ג מארז 14 יחידות",מיוצר עי קונדיטוריית,IL,אקטימל טבעי 14*100מל,מיליליטרים,1400.00,"100 מ""ל",false,,32.90,2.3500,true,1,30724
7290006664402,false,גבינה לבנה סקי 5% שומן 750 גרם,מיוצר עי קונדיטוריית,IL,גבינה לבנה סקי 5% 75,גרמים,750.00,100 גרם,false,,14.94,1.9920,true,1,30733
7290006664532,false,יוגורט עם תות 3% שומן 150 ג' דנונה,מיוצר עי קונדיטוריית,IL,דנונה תות 1.5% 150 מ,מיליליטרים,150.00,"100 מ""ל",false,,3.90,2.6000,true,1,30741
7290006664655,false,"אקטימל לבן טבעי מארז 100X8 מ""ל",מיוצר עי קונדיטוריית,IL,?אקטימל דנונה 100x8,מיליליטרים,800.00,"100 מ""ל",false,,21.90,2.7375,true,1,30745
7290006664693,false,יוגורט עם אפרסק 3% שומן 150 ג' דנונה,מיוצר עי קונדיטוריית,IL,דנונה אפרסק 1.5% 150,גרמים,150.00,100 גרם,false,,3.90,2.6000,true,1,30747
7290006664990,false,"יוגורט דנונה ביו לבן 1.7% שומן 8*150 מ""ל",מיוצר עי קונדיטוריית,IL,דנונה ביו מארז שמיני,גרמים,1200.00,100 גרם,false,,17.50,1.4583,true,1,30761
7290006681553,false,קרמבו בטעם וניל שטראוס 8 יחידות,"גלידת שטראוס בע""\מ",IL,קרמבו וניל שטראוס 8י,יח',8.00,יח',false,,15.90,1.9875,true,1,28888
7290006681560,false,קרמבו בטעם מוקה שטראוס 8 יחידות,"גלידת שטראוס בע""\מ",IL,קרמבו מוקה שטראוס 8י,יח',8.00,יח',false,,15.90,1.9875,true,1,28889
7290006707345,false,חזה עוף טרי מגש מחיר לפי,עוף טוב,IL,חזה עוף טרי ארוז,קילוגרמים,1.00,"ק""ג",true,,39.90,39.9000,true,1,51109
7290006707352,false,פטם חזה פרוס מצונן מגש טרי,עוף טוב,IL,שניצל עוף טרי ארוז,קילוגרמים,1.00,"ק""ג",true,,44.90,44.9000,true,1,51110
7290006707369,false,כרעיים עוף ללא אנטיביוטיקה במגש ע.טוב,עוף טוב,IL,כרעיים עוף טרי ארוז,קילוגרמים,1.00,"ק""ג",true,,29.90,29.9000,true,1,112250
7290006707376,false,פטם ירכיים מצונן מגש טרי,עוף טוב,IL,ירכיים עוף טרי ארוז,קילוגרמים,1.00,"ק""ג",true,,29.90,29.9000,true,1,112268
7290006707383,false,פטם שוקיים מצונן מגש טרי,עוף טוב,IL,שוקיים עוף טרי ארוז,קילוגרמים,1.00,"ק""ג",true,,37.90,37.9000,true,1,112251
7290006707390,false,פרגיות עוף טרי ארוז,עוף טוב,IL,פרגיות טרי ארוז,קילוגרמים,1.00,"ק""ג",true,,69.90,69.9000,true,1,112272
7290006707420,false,עוף טרי במגש מחיר לפי מש,עוף טוב,IL,עוף שלם טרי ארוז,קילוגרמים,1.00,"ק""ג",true,,20.90,20.9000,true,1,112252
7290006707437,false,כנפיים עוף טרי במגש,עוף טוב,IL,כנפיים עוף טרי ארוז,קילוגרמים,1.00,"ק""ג",true,,12.90,12.9000,true,1,112269
7290006707444,false,קורקבן מצונן במגש טר,עוף טוב,IL,קורקבן עוף טרי ארוז,קילוגרמים,1.00,"ק""ג",true,,10.90,10.9000,true,1,112270
7290006707451,false,לב עוף טרי במגש,עוף טוב,IL,לב עוף טרי ארוז,קילוגרמים,1.00,"ק""ג",true,,34.90,34.9000,true,1,51114
7290006707468,false,כבד עוף טרי ארוז לצל,עוף טוב,IL,כבד עוף טרי ארוז לצל,קילוגרמים,1.00,"ק""ג",true,,24.90,24.9000,true,1,51115
7290006707543,false,פילה פטם טרי במגש,עוף טוב,IL,פילה עוף טרי ארוז,קילוגרמים,1.00,"ק""ג",true,,39.90,39.9000,true,1,112271
7290006739292,false,נקניק פסטרמה פרגיות ציפוי תירס,נקניק נהריה כשר זוגל,IL,פסטרמה תבור זוגלובק,גרמים,330.00,100 גרם,false,,29.90,9.0606,true,1,44967
7290006739407,false,שניצל תירס לייט זוגלובק 600 גרם,נקניק נהריה כשר זוגל,IL,שניצל תירס לייט זוגל,גרמים,630.00,100 גרם,false,,27.90,4.4286,true,1,45832
7290006739414,false,נקניק סלמי קוניאק זוגלובק 300 גרם,נקניק נהריה כשר זוגל,IL,סלמי קוניאק זוגלובק,גרמים,300.00,100 גרם,false,,28.90,9.6333,true,1,45833
7290006739421,false,נקניק סלמי מעושן איטלקי זוגלובק 300 גרם,נקניק נהריה כשר זוגל,IL,סלמי מעושן איטלקי זו,גרמים,300.00,100 גרם,false,,28.90,9.6333,true,1,45830
7290006739445,false,שניצל תירס קלאסי 750 ג' זוגלובק,נקניק נהריה כשר זוגל,IL,שניצל תירס קלאסי זוג,גרמים,750.00,100 גרם,false,,27.90,3.7200,true,1,46384
7290006739544,false,נקניק כתף בקר 3% 300 גרם,זוגלובק,IL,כתף בקר זוגלובק 300ג,גרמים,300.00,100 גרם,false,,34.90,11.6333,true,1,48463
7290006741363,false,בורקס תפוחי אדמה זוגלובק 800 גרם,מאפיית אריאל וגידרון,IL,"בורקס תפו""א בדץ זוגל",גרמים,800.00,100 גרם,false,,17.90,2.2375,true,1,45657
7290006742162,false,המבורגר מזרחי זוגלובק 400 גרם,נקניק נהריה כשר זוגל,IL,המבורגר מזרחי זוגלוב,גרמים,400.00,100 גרם,false,,22.90,5.7250,true,1,39111
7290006742278,false,פסטרמה הודו צלויה על לבנים 330 ג' זוגלובק,נקניק נהריה כשר זוגל,IL,פסטרממיה צלויה על לב,גרמים,330.00,100 גרם,false,,29.90,9.0606,true,1,48467
7290006742292,false,פסטרמה הודו בדבש 330 ג' זוגלובק,נקניק נהריה כשר זוגל,IL,פסטרממיה בדבש 1% זוג,גרמים,330.00,100 גרם,false,,29.90,9.0606,true,1,48469
7290006742315,false,פסטרמה חזה הודו ברביקיו 2% זוגלובק 330 גרם,נקניק נהריה כשר זוגל,IL,חזה הודו ברביקיו 1%,גרמים,330.00,100 גרם,false,,29.90,9.0606,true,1,48471
7290006764485,false,"בירה שחורה נשר מאלט שישייה ח""פ 330*6 מ''ל","טמפו משקאות בע""\ם.",IL,נשר מאלט בקבוק שישיי,מיליליטרים,1980.00,"100 מ""ל",false,,32.90,1.6616,true,1,20497
7290006765000,false,טורטיה מקמח מלא שקדיה 540 גרם,אלקטי קוראבייכיסיגיד,TR,טורטיות מקמח חיטה מל,גרמים,540.00,100 גרם,false,,10.00,1.8519,true,1,100692
7290006765772,false,אננס מיובש 200 גרם ששון הקולה,"דין שיווק וקלייה בע""",IL,אננס מסוכר מיובש 200,גרמים,200.00,100 גרם,false,,15.90,7.9500,true,1,75021
7290006770561,false,לקט לקוסקוס פרי הגליל 800ג',"פרי הגליל בע""""מ",IL,לקט לקוסקוס 800גר,גרמים,800.00,100 גרם,false,,12.90,1.6125,true,1,86033
7290006775016,false,עוגה מבית טוב 450 גרם תפוז,אחדות ביחר לטחינה חל,IL,עוגת תפוז 450גר,גרמים,450.00,100 גרם,false,,10.90,2.4222,true,1,50592
7290006775030,false,"עוגה מבית טוב"" 450 גרם שוקו-ציפס",אחדות ביחר לטחינה חל,IL,עוגת שוקולד 450גר,גרמים,450.00,100 גרם,false,,10.90,2.4222,true,1,50594
7290006775054,false,עוגת שיש אחווה 450 ג' אחוה,אחדות ביחר לטחינה חל,IL,עוגת שיש 450גר,גרמים,450.00,100 גרם,false,,10.90,2.4222,true,1,50596
7290006775085,false,עוגת שמרים במילוי שוקולד אחוה,אחדות ביחר לטחינה חל,IL,עוגת שמרים שוקולד 40,גרמים,400.00,100 גרם,false,,12.90,3.2250,true,1,50597
7290006775191,false,מאפין ממולא בטעם שוקולד 50 גרם אחוה,אחדות ביחר לטחינה חל,IL,מאפין ממולא שוקולד 5,גרמים,50.00,100 גרם,false,,3.20,6.4000,true,1,51893
7290006775306,false,מאפינס אישי וניל במילוי תות אחווה 50ג',אחדות ביחר לטחינה חל,IL,מאפין ממולא תות 50גר,גרמים,50.00,100 גרם,false,,3.20,6.4000,true,1,51894
7290006775405,false,מאפינס שוקוצ'יפס אישי אחווה 45גרם,אחדות ביחר לטחינה חל,IL,מאפינס 40גר,גרמים,40.00,100 גרם,false,,3.20,8.0000,true,1,51895
7290006775764,false,"עוגת שוקוצ'יפס לל""ס אחדות 400 גר'",אחדות ביחר לטחינה חל,IL,עוגת שוקוציפס ללא סו,גרמים,400.00,100 גרם,false,,12.90,3.2250,true,1,65347
7290006784360,false,חלונית סנט מוריץ לניקוי חלונות 1 ליטר,"קומפלקס כימיקלים בע""",IL,נוזל חלונות 1 ליטר ס,ליטרים,1.00,ליטר,false,,5.90,5.9000,true,1,50688
7290006788412,false,"קרליין - נושם אקווה דאודורנט רול און לאישה כחול 75 מ""ל",אמיליה קוסמטיקס בעמ,IL,קרליין רולאון נושם כ,מיליליטרים,75.00,"100 מ""ל",false,,14.90,19.8667,true,1,43087
7290006788429,false,"קרליין - נושם סאן רייס דאודורנט רול און לאישה כתום 75 מ""ל","אמיליה קוסמטיקס בע""מ",IL,קרליין רולאון נושם כ,מיליליטרים,75.00,"100 מ""ל",false,,14.90,19.8667,true,1,43088
7290006788474,false,"קרליין - נושם אקווה דאודורנט ספריי לאישה כחול 200 מ""ל",אמיליה קוסמטיקס,IL,קרליין דאו ספריי 200,מיליליטרים,200.00,"100 מ""ל",false,,14.90,7.4500,true,1,114738
7290006805850,false,פילסברי פנקייק תערובת להכנת חביתיות,הדקלאים אגודת שיתופי,IL,תערובת להכנת פנקייקס,גרמים,500.00,100 גרם,false,,19.90,3.9800,true,1,36840
7290006873460,false,מיץ ענבים בציר 1 ליט,יקב ירושלים,IL,מיץ ענבים בציר 1 ליט,מיליליטרים,1000.00,"100 מ""ל",false,,13.90,1.3900,true,1,102854
7290006873620,false,מהודר אדום – מיץ ענב,,,מיץ ענבים אדום טבעי,מיליליטרים,1000.00,"100 מ""ל",false,,12.90,1.2900,true,1,75009
7290006873774,false,יין סמיון לבן חצי יבש1 ל,,,יין סמיון לבן חצי יב,מיליליטרים,1000.00,"100 מ""ל",false,,19.90,1.9900,true,1,75012
7290006873958,false,יין קרניאן אדום יבש,,,יין קרניאן אדום יבש,מיליליטרים,1000.00,"100 מ""ל",false,,19.90,1.9900,true,1,75013
7290006983152,false,קרוטונים מתובלים למרק אסם 400 גרם,עינת תעשיות מזון אגו,IL,קרוטונים מתובלים למר,גרמים,400.00,100 גרם,false,,21.90,5.4750,true,1,24165
7290006983176,false,אוסם - לחמית שיפון 250 גרם,"אסם השקעות בע""\מ",IL,לחמית שיפון אסם 250ג,גרמים,250.00,100 גרם,false,,9.90,3.9600,true,1,24166
7290006983206,false,תערובת להכנת פלפל קלי קלות 180 גרם,"אסם השקעות בע""\מ",IL,תערובת להכנת פלאפל א,גרמים,180.00,100 גרם,false,,10.90,6.0556,true,1,24167
7290006983527,false,עוגת הבית תפוחי עץ עם פירורים 400 ג' אסם,מיוצר עי קונדיטוריית,IL,עוגת הבית תפוח עץ עם,גרמים,400.00,100 גרם,false,,18.50,4.6250,true,1,24171
7290006983763,false,עוגת הבית שוקולד 400 גרם אסם.,מיוצר עי קונדיטוריית,IL,עוגת הבית שוקולד אסם,גרמים,400.00,100 גרם,false,,14.90,3.7250,true,1,24173
7290006983770,false,עוגת הבית שיש אסם 400 גרם,מיוצר עי קונדיטוריית,IL,עוגת הבית שיש אסם 40,גרמים,400.00,100 גרם,false,,14.90,3.7250,true,1,24174
7290006983787,false,עוגת הבית שוקולד צ'יפס אסם 400 גרם,מיוצר עי קונדיטוריית,IL,עוגת הבית שוקוציפס א,גרמים,400.00,100 גרם,false,,14.90,3.7250,true,1,24175
7290006983794,false,עוגת הבית בטעם תפוז אסם 400 גרם,מיוצר עי קונדיטוריית,IL,עוגת הבית תפוז אסם 4,גרמים,400.00,100 גרם,false,,14.90,3.7250,true,1,24176
7290008023542,false,סיף פנטסטיק שמפו רצפות כתום 4ל',יוניליוור ישראל טיפוח אי,IL,סיף פנטסטיק שמפו רצפ,ליטרים,4.00,ליטר,false,,21.90,5.4750,true,1,26744
7290008154222,false,שניצלונים עוף טוב 700 גרם,"מוצרי עוף טוב (2001) בע""",IL,שניצלונים עוף טוב 70,גרמים,700.00,100 גרם,false,,19.90,2.8429,true,1,24195
7290008166010,false,לקט פיצוחים מובחר200גרם,"גיי אנג גי פקאנס בע""",IL,לקט פיצוחים 200גר,גרמים,200.00,100 גרם,false,,16.90,8.4500,true,1,41459
7290008166775,false,הטיב בוטן מטוגן 200ג,"גיי אנג גי פקאנס בע""",IL,בוטן מטוגן 200גרם,גרמים,200.00,100 גרם,false,,8.90,4.4500,true,1,49703
7290008175173,false,חמאה מפינלנד ללא מלח 200 גרם ויליפוד,ואליו אל.טי.די,FI,חמאה מפינלנד ללא מלח,גרמים,200.00,100 גרם,false,,15.90,7.9500,true,1,24703
7290008175210,false,גבינת פרמזן מגורדת 90ג' ויליפוד,זנטי אס.איי.,IT,פרמזנו מגורדת ויליפו,גרמים,90.00,100 גרם,false,,16.90,18.7778,true,1,24704
7290008175760,false,מנצגו חלב כבשים מעדניה שקיל,אלפסטור,ES,מנצגו כבשים ויליפוד,קילוגרמים,1.00,"ק""ג",true,,120.00,120.0000,true,1,63096
7290008175777,false,גבינת איבריקו31% במשקל,יושלם,ES,איבריקו ויליפוד,קילוגרמים,1.00,"ק""ג",true,,120.00,120.0000,true,1,63097
7290008175906,false,גבינת עיזים קשה וילי,אלמטאה,NL,גבינת עיזים חלב ארינ,קילוגרמים,1.00,"ק""ג",true,,120.00,120.0000,true,1,69346
7290008190909,false,עוגיות מיני קוקיס שוקולד צ'יפס בצנצנת כרמית 600 גרם,כרמית תעשיות ממתקים,IL,מיני קוקיס שוקולד צי,גרמים,600.00,100 גרם,false,,17.90,2.9833,true,1,32825
7290008194266,false,מארזים מתוקים א.אטיא,ממתקי השלום,IL,חטיפים מעורבים 350 ג,גרמים,350.00,100 גרם,false,,14.50,4.1429,true,1,51369
7290008194839,false,חטיפים מצופים אטיאס,ממתקי השלום,IL,חטיפים מצופים אטיאס,גרמים,300.00,100 גרם,false,,14.50,4.8333,true,1,76663
7290008254236,false,רבע כבש קדמי קפוא,,,רבע כבש קדמי קפוא,קילוגרמים,1.00,"ק""ג",true,,89.90,89.9000,true,1,127871
7290008286947,false,מנות פילה סלמון נורווגי בית יוסף,,,פילה סלמון נורבגי מנ,קילוגרמים,1.00,"ק""ג",true,,89.90,89.9000,true,1,136552
7290008323031,false,פילה סלמון קפוא,,,פילה סלמון קפוא,קילוגרמים,1.00,"ק""ג",true,,79.90,79.9000,true,1,37019
7290008329217,false,צלחת 7 ציבעוני 20 יח,,TR,צלחת 7 ציבעוני 20 יח,יחידה,0.00,יחידה,false,,9.90,0.0000,true,1,47179
7290008329224,false,מרקיה צבעוני דנטס 25 יח',,TR,מרקיה צבעוני 20יח דנ,יחידה,0.00,יחידה,false,,9.90,0.0000,true,1,47180
7290008329279,false,ליפתנית לבן 25 יח' ד,,TR,ליפתנית לבן 25 יח' ד,יחידה,0.00,יחידה,false,,5.90,0.0000,true,1,41039
7290008329293,false,סכינים פרימיום שקוף/קרם/לבן/זהב דנטס אר' 50 יח',,TR,סכינים פרימיום שקוף/,יחידה,0.00,יחידה,false,,9.90,0.0000,true,1,47181
7290008329309,false,מזלגות פרמיום שקוף/קרם/לבן/זהב דנטס אר 50 יח,,TR,מזלגות פרימיום שקוף/,יחידה,0.00,יחידה,false,,9.90,0.0000,true,1,47182
7290008329316,false,כפות פרימיום שקוף/קרם/לבן/זהב דנטס 50 יח,,TR,כפות פרימיום שקוף/קר,יחידה,0.00,יחידה,false,,9.90,0.0000,true,1,44448
7290008329347,false,צלחת צבעונית ענקית 2,,,צלחת 10 צבעוני 20 יח,יחידה,0.00,יחידה,false,,15.90,0.0000,true,1,47183
7290008329378,false,קסרול ( סלטיה) לבןנ,,TR,קסרול לבן אר' 25 יח',יח',25.00,יח',false,,7.90,0.3160,true,1,42839
7290008379373,false,אורגו צמת מוצרלה טבעי 300 גרם,,,אורגו צמה טבעית 300,גרמים,300.00,100 גרם,false,,28.90,9.6333,true,1,93994
7290008379380,false,גבינת סולוגוני 300 גרם,מחלבת עברי,,סולוגוני 300 גרם טבע,גרמים,300.00,100 גרם,false,,28.90,9.6333,true,1,93995
7290008379427,false,קממבר כבשים 150 גרם,,,קממבר כבשים 150 גרם,גרמים,150.00,100 גרם,false,,24.90,16.6000,true,1,93996
7290008379557,false,כדורי בייבי מוצרלה 1,,,כדורי בייבי מוצרלה 1,גרמים,150.00,100 גרם,false,,17.90,11.9333,true,1,93998
7290008409049,false,שניצלונים בציפוי שומשום מיני מיני דק מאמא עוף 500 גרם,תנובה גליל שותפות מוגבלת,IL,שניצלונים מיני מיני,גרמים,500.00,100 גרם,false,,29.90,5.9800,true,1,68721
7290008409124,false,מאמא עוף קפוא שניצל ג'ונגל פריך 700 גרם,תנובה גליל שותפות מוגבלת,IL,שניצל גונגל פריך מאמ,גרמים,700.00,100 גרם,false,,38.90,5.5571,true,1,29214
7290008409216,false,מאמא עוף קפוא שניצל דק פריך 700 גרם,תנובה גליל,IL,שניצל דק פריך מאמא ע,גרמים,700.00,100 גרם,false,,45.90,6.5571,true,1,46815
7290008409407,false,שניצל דק צ'יפס מאמא עוף 700 גרם,תנובה גליל שותפות מוגבלת,IL,שניצל דק בציפוי ציפס,גרמים,700.00,100 גרם,false,,45.90,6.5571,true,1,51880
7290008409551,false,שניצל עוף אמיתי בציפוי מעודן 700 ג' מאמא עוף,תנובה גליל שותפות מוגבלת,IL,שניצל עוף אמיתי מעוד,גרמים,700.00,100 גרם,false,,45.90,6.5571,true,1,29232
7290008409605,false,כוכבי עוף בציפוי מעודן מאמא עוף 700 גרם,תנובה גליל שותפות מוגבלת,IL,כוכבי עוף בציפוי מעו,גרמים,700.00,100 גרם,false,,38.90,5.5571,true,1,21947
7290008443616,false,"מרכך לשיער יבש אדום נקה 7 750 מ""ל","אמיליה קוסמטיקס בע""מ",IL,נקה 7 מרכך לשיער יבש,מיליליטרים,750.00,"100 מ""ל",false,,12.90,1.7200,true,1,20727
7290008453783,false,שקיות אשפה ושרוך 50/70 אריזת 60יח',,,אשפה שרוך 52/65 60 י,יחידה,0.00,יחידה,false,,14.90,0.0000,true,1,100844
7290008464130,false,"בירה גולדסטאר Unfiltered, בירה לא מסוננת, מארז שישייה, בקבוק 330 מ""ל",טמפו,IL,בירה גולדסטאר לא מסו,מיליליטרים,1980.00,"100 מ""ל",false,,36.90,1.8636,true,1,67502
7290008464222,false,"בירה מכבי 7.9%, בירה חזקה, פחית 500 מ""ל","טמפו משקאות בע""\מ",IL,בירה מכבי 7.9% פחית,מיליליטרים,500.00,"100 מ""ל",false,,8.90,1.7800,true,1,76752
7290008464734,false,"שישיית בירה גולדסטאר לאגר SLOW BREW בקבוק 330 מ""ל",טמפו משקאות בע''מ,IL,בירה גולדסטאר SLOW B,מיליליטרים,1980.00,"100 מ""ל",false,,39.90,2.0152,true,1,90970
7290008464741,false,"בירה גולדסטאר, מארז שישייה, בקבוק 330 מ''ל","טמפו משקאות בע""\מ",IL,בירה גולדסטאר בקבוק,מיליליטרים,1980.00,"100 מ""ל",false,,36.90,1.8636,true,1,20522
7290008464796,false,"בירה היינקן, מארז שישייה, בקבוק 330 מ''ל",טמפו משקאות בע''מ,IL,בירה היינקן בקבוק 6*,מיליליטרים,1980.00,"100 מ""ל",false,,36.90,1.8636,true,1,20526
7290008469128,false,סטיק עין חלק קפוא,נחמיה לחוביץ,BR,סטייק עין קפוא,קילוגרמים,1.00,"ק""ג",true,,59.90,59.9000,true,1,135571
7290008469548,false,חזה בשר מס 3 מוכשר ק,,,חזה בשר מס 3 מוכשר ק,קילוגרמים,1.00,"ק""ג",true,,36.90,36.9000,true,1,135517
7290008493413,false,פירורי לחם מאיר בייגל פירורי גריסיני 200 גרם,מאיר את ביגל,IL,פרורי גריסני שקית 20,גרמים,200.00,100 גרם,false,,6.90,3.4500,true,1,32688
7290008493710,false,פרורי גריסני זהב פירורי לחם מאיר בייגל 200 גרם,מאיר את ביגל,IL,פרורי גריסיני זהב 20,גרמים,200.00,100 גרם,false,,6.90,3.4500,true,1,136944
7290008590129,false,שעועית ירוקה שלמה שף,משק ויילר,BE,שעועית ירוקה שלמה שף,גרמים,800.00,100 גרם,false,,9.90,1.2375,true,1,139960
7290008590136,false,שעועית צהובה חתוכה ק,משק ויילר,IL,שעועית צהובה חתוכה ק,גרמים,800.00,100 גרם,false,,9.90,1.2375,true,1,138613
7290008590150,false,אפונת גינה קטנה שף ה,משק ויילר,BE,אפונת גינה קטנה שף ה,גרמים,800.00,100 גרם,false,,9.90,1.2375,true,1,138229
7290008590167,false,שף הטבע- אפונה וגזר,משק ויילר,BE,אפונה וגזר 800 גרם ש,גרמים,800.00,100 גרם,false,,9.90,1.2375,true,1,138614
7290008590198,false,שעועית ירוקה חתוכה ש,משק ויילר,BE,שעועית ירוקה חתוכה 8,גרמים,800.00,100 גרם,false,,9.90,1.2375,true,1,138615
7290008614528,false,צלי כתף מס5 חלק קפוא קג,לחוביץ,IL,צלי כתף מס 5 חלק מהד,קילוגרמים,1.00,"ק""ג",true,,69.90,69.9000,true,1,135520
7290008614559,false,שריר הזרוע מס 8 חלק,לחוביץ,XX,שריר הזרוע מס 8 חלק,קילוגרמים,1.00,"ק""ג",true,,36.90,36.9000,true,1,120855
7290008614788,false,סינטה קפוא,,,סינטה קפוא,קילוגרמים,1.00,"ק""ג",true,,69.90,69.9000,true,1,138822
7290008636919,false,קקאו הולנדי בבשקית מיה 200 גרם,מיה תעשיות מזון מ.ת.מ. ב,IL,קקאו הולנדי 200 גר,גרמים,200.00,100 גרם,false,,8.90,4.4500,true,1,96131
7290008644235,false,עלי בייבי שטראוס 120 גרם,שטראוס בריאות ירקות טריי,IL,עלי בייבי 120 גר שטר,גרמים,120.00,100 גרם,false,,11.90,9.9167,true,1,30777
7290008644945,false,לקט לסלט המושבה שטראוס 450 גרם,שטראוס בריאות ירקות טריי,IL,סלט המושבה שטראוס 45,גרמים,450.00,100 גרם,false,,12.90,2.8667,true,1,30788
7290008670012,false,"יין אדום קברנה סוביניון רקנאטי 750 מ""ל",תות ממתקי איכות,IL,יין קברנה סובניון רק,מיליליטרים,750.00,"100 מ""ל",false,,59.90,7.9867,true,1,37145
7290008679428,false,כפפות הנדי לבית ולמטבח בינוני,קריות זול,TW,כפפות הנדי לבית ולמט,יחידה,0.00,יחידה,false,,7.90,0.0000,true,1,28226
7290008679435,false,כפפות הנדי לבית ולמטבח גדול,קריות זול,TH,כפפות הנדי לבית ולמט,יחידה,0.00,יחידה,false,,7.90,0.0000,true,1,28227
7290008690713,false,נקטר חמוציות אושן ספריי פריגת 1 ליטר,מבשלות בירה בינלאומיות ב,IL,אושן ספריי חמוציות 1,מיליליטרים,1000.00,"100 מ""ל",false,,13.90,1.3900,true,1,28046
7290008693134,false,מעדן גבינה ויוגורט בטעם תות 5% שומן 88 ג' דניאלה,"שטראוס בריאות בע""מ",IL,דניאלה מעדן בטעם תות,מיליליטרים,150.00,"100 מ""ל",false,,4.30,2.8667,true,1,30805
7290008736015,false,סטייק עין ורד הצלע ח,,,סטייק עין ורד הצלע ח,קילוגרמים,1.00,"ק""ג",true,,59.90,59.9000,true,1,139204
7290008736312,false,לשון בקר קפוא,,,לשון בקר קפוא,קילוגרמים,1.00,"ק""ג",true,,39.90,39.9000,true,1,137593
7290008737289,false,גפילטעפיש פולני 6יח 600ג,"דג טעים (משווק ע""י א",IL,גפילטע פיש בנוסח פול,יחידה,0.00,יחידה,false,,15.90,0.0000,true,1,65177
7290008737296,false,גפילטעפיש הונגרי6יח 600ג,דג טעים,IL,"גפילטע פיש ""דג עדן 6",יח',6.00,יח',false,,15.90,2.6500,true,1,65178
7290008745239,false,תפוצ'יפס קראנצ' בטעם טבעי עלית 50 גרם,"שטראוס פריטו ליי בע""\מ )",IL,תפוציפס אקסטרא טבעי,גרמים,50.00,100 גרם,false,,4.20,8.4000,true,1,27061
7290008747547,false,תפוצ'יפס קראנץ' בטעם טבעי עלית 200 גרם,"שטראוס פריטו ליי בע""\מ )",IL,תפוציפס אקסטרא טבעי,גרמים,200.00,100 גרם,false,,11.70,5.8500,true,1,27063
7290008750264,false,"מסטיק מאסט ציקלס דובדבן 28 גרם לל""ס מגדים","שטראוס גרופ בע""מ",IL,מסטיק מאסט דובדבן 28,גרמים,28.00,100 גרם,false,,4.90,17.5000,true,1,30420
7290008752244,false,תפוצ'יפס קראנץ' בטעם גריל עלית 50 גרם,"שטראוס פריטו ליי בע""\מ )",IL,תפוציפס אקסטרא גריל,גרמים,50.00,100 גרם,false,,4.20,8.4000,true,1,27072
7290008753111,false,תפוצ'יפס קראנץ' בטעם מקסיקני עלית 50 גרם,"שטראוס פריטו ליי בע""\מ )",IL,תפוציפס מקסיקני 50גר,גרמים,50.00,100 גרם,false,,4.20,8.4000,true,1,27077
7290008754040,false,ממרח שוקולד פרה עלית 850 גרם מגדים,שטראוס גרופ,IL,ממרח בטעם שוקולד מגד,גרמים,850.00,100 גרם,false,,18.90,2.2235,true,1,27399
7290008757980,false,קרטונית ספרינג נקטר רימונים 1 ליטר,יפאורה שותפות מובגלת לשיווק,IL,ספרינג רימונים 1 ליט,מיליליטרים,1000.00,"100 מ""ל",false,,7.90,0.7900,true,1,26185
7290008775816,false,ערגליות עוגיות במילוי שוקולד אסם 300 גרם,מיוצר עי קונדיטוריית,IL,ערגליות שוקו אסם 300,גרמים,300.00,100 גרם,false,,11.50,3.8333,true,1,24243
7290008775823,false,ערגליות עוגיות תות שדה אסם 300 גרם,מיוצר עי קונדיטוריית,IL,ערגליות תות אסם 300ג,גרמים,300.00,100 גרם,false,,11.50,3.8333,true,1,24244
7290008792264,false,מפיות טישיו טאצ' 100יח',"שניב תעשיות נייר בע""",IL,טאצ מפיות 100,יח',100.00,יח',false,,4.90,0.0490,true,1,49670
7290008801461,false,"יין הנצחון לקידוש, 750 מ""ל",יקבי כרמל Carmel Winery,IL,יין הניצחון 750מל,מיליליטרים,750.00,"100 מ""ל",false,,20.90,2.7867,true,1,19749
7290008801522,false,יין קינג דויד קונקורד אדום מתוק 750 מל,אגודת הכורמים הקואופרטיב,IL,יין קינג דיוויד לבן,מיליליטרים,750.00,"100 מ""ל",false,,21.90,2.9200,true,1,19751
7290008801539,false,יין כרמל 120 קינג דיוויד יקבי כרמל,אגודת הכורמים הקואופרטיב,IL,יין קינג דיוויד מתוק,מיליליטרים,750.00,"100 מ""ל",false,,21.90,2.9200,true,1,37223
7290008801546,false,יין מוסקט מתוק קינג דיוויד יקבי כרמל,אגודת הכורמים הקואופרטיב,IL,יין קינג דיוויד מוסק,מיליליטרים,750.00,"100 מ""ל",false,,21.90,2.9200,true,1,19752
7290008802291,false,יין מרלו פרייבט קולקשן יקבי כרמל,אגודת הכורמים הקואופרטיב,IL,יין מרלו פריווט קולק,מיליליטרים,750.00,"100 מ""ל",false,,39.90,5.3200,true,1,19761
7290008802512,false,"יין וינו אדום ""כרמל מזרחי""","כד בני דרום בע""מ",IL,יין וינו אדום יבש 75,מיליליטרים,750.00,"100 מ""ל",false,,21.90,2.9200,true,1,19762
7290008802529,false,"יין לבן חצי יבש וינו 750 מ""ל",כרמל מזרחי,IL,יין וינו לבן יבש 750,מיליליטרים,750.00,"100 מ""ל",false,,21.90,2.9200,true,1,19763
7290008803090,false,"יין מרלו קולקשיין הסדרה האזורית כרמל 750 מ""ל",אגודת הכורמים הקואופרטיב,IL,יין מרלו סדרה אזורית,מיליליטרים,750.00,"100 מ""ל",false,,59.90,7.9867,true,1,49423
7290008804332,false,שיראז אדום יבש פריווט קולקשיין 750מל,אגודת הכורמים הקואופרטיב,IL,יין שיראז אדום יבש פ,מיליליטרים,750.00,"100 מ""ל",false,,39.90,5.3200,true,1,19775
7290008805964,false,יין קברנה שיראז גליל עליון סדרה אזורית יקבי כרמל,אגודת הכורמים הקואופרטיב,IL,יין קברנה/שיראז סדרה,מיליליטרים,750.00,"100 מ""ל",false,,59.90,7.9867,true,1,49436
7290008807050,false,"טבע קברנה סוביניון750מ""ל",יקבי בינימינה,IL,יין טבע קברנה סוביני,מיליליטרים,750.00,"100 מ""ל",false,,24.90,3.3200,true,1,20020
7290008807067,false,"טבע מרלו אדום יבש 750מ""ל",אליעז בנימינה,IL,"יין טבע מרלו 750 מ""ל",מיליליטרים,750.00,"100 מ""ל",false,,24.90,3.3200,true,1,103005
7290008835770,false,לשון בקר חלק ארגנטינה,frigorifico alberdi,AR,לשון בקר חלק קפוא,קילוגרמים,1.00,"ק""ג",true,,39.90,39.9000,true,1,139556
7290008835954,false,"אמנון פילה 5-7 וואקום - בד""ץ עדה חרדית",היינאן קשינגטאי,CN,פילה אמנון 5-7 וואקו,קילוגרמים,1.00,"ק""ג",true,,29.90,29.9000,true,1,120452
7290008836401,false,יין אדום מתוק ישן נושן אפרת 1 ליטר,יקב טפרברג 1870 בעמ,IL,יין ישן נושן 1 ליטר,מיליליטרים,1000.00,"100 מ""ל",false,,24.90,2.4900,true,1,46682
7290008836494,false,מיץ ענבים תירוש אדום אפרת 1 ליטר,יקב טפרברג 1870 בעמ,IL,תירוש טבעי אדום 1 לי,מיליליטרים,1000.00,"100 מ""ל",false,,17.90,1.7900,true,1,37269
7290008849739,false,רוטב סויה אמיתי אוליביה 310 גרם,קריות זול,IL,רוטב סויה קלאסי אולי,מיליליטרים,290.00,"100 מ""ל",false,,13.90,4.7931,true,1,37274
7290008849753,false,רוטב טריאקי אוליביה 300 גרם,מיוצר עי קונדיטוריית,IL,רוטב טריאקי עשיר אול,מיליליטרים,300.00,"100 מ""ל",false,,15.90,5.3000,true,1,32699
7290008849777,false,רוטב צ'ילי מתוק אוליביה 345 גרם,קריות זול,IL,רוטב צילי מתוק 350 מ,מיליליטרים,290.00,"100 מ""ל",false,,13.90,4.7931,true,1,37275
7290008849838,false,טפנד זיתים אוליביה 190 גר',"אוליביה גורמה בע""מ",IL,טפנד זיתים אוליביה 1,גרמים,140.00,100 גרם,false,,13.90,9.9286,true,1,97761
7290008909884,false,"קוקה קולה זירו 350 מ""ל בקבוק זכוכית",החברה המרכזית לייצור משק,IL,קוקה קולה זירו זכוכי,מיליליטרים,330.00,"100 מ""ל",false,,7.00,2.1212,true,1,101885
7290008975780,false,"מזון לכלבים בונזו מזון כלבים גזע קטן 3 ק""ג","ביופט בע""מ",FR,בונזו גזע קטן 3קג,קילוגרמים,3.00,"ק""ג",false,,55.90,18.6333,true,1,25168
7290010023141,false,תה לימונענע הגן הקסום ויסוצקי 25 יחידות,תה ויסוצקי,IL,תה לימונענע הגן הקסו,גרמים,50.00,100 גרם,false,,19.90,39.8000,true,1,32048
7290010050109,false,רוזמרין/עירית,,,רוזמרין/עירית,יחידה,0.00,יחידה,false,,5.90,0.0000,true,1,56391
7290010051021,false,בזיליקום ארוז א.אדמה,חקלאי,IL,בזיליקום,יחידה,0.00,יחידה,false,,5.90,0.0000,true,1,56254
7290010051052,false,פטרוזיליה ארוז א.אדמה,אדמה,,פטרוזליה,יחידה,0.00,יחידה,false,,4.90,0.0000,true,1,46309
7290010051076,false,לבבות חסה ארוז א.אדמה,אדמה,,לבבות חסה,יחידה,0.00,יחידה,false,,10.90,0.0000,true,1,77161
7290010051113,false,טימין - קורנית יח',,,קורנית (טימין),יחידה,0.00,יחידה,false,,5.90,0.0000,true,1,56256
7290010051120,false,מרווה ארוז א.אדמה,,,מרווה,יחידה,0.00,יחידה,false,,5.90,0.0000,true,1,56257
7290010051168,false,כוסברה ארוז א.אדמה,אדמה,,כוסברה,יחידה,0.00,יחידה,false,,4.90,0.0000,true,1,56239
7290010051175,false,כוסברה/שמיר ארוז,חקלאי,IL,כוסברה/שמיר ארוז,גרמים,1000.00,100 גרם,false,,4.90,0.4900,true,1,46310
7290010051182,false,נענע ארוז א.אדמה,אדמה,,נענע ארוזה,יחידה,0.00,יחידה,false,,4.90,0.0000,true,1,46311
7290010051199,false,שורש פטרוזיליה ארוז א.אדמה,אדמה,,שורש פטרוזיליה,יחידה,0.00,יחידה,false,,5.90,0.0000,true,1,56241
7290010051205,false,סלרי עלים ארוז א.אדמה,אדמה,,סלרי אמריקאי.,גרמים,200.00,100 גרם,false,,6.90,3.4500,true,1,56242
7290010051212,false,ראש סלרי א.אדמה,אדמה,,סלרי ראש,יחידה,0.00,יחידה,false,,6.90,0.0000,true,1,56243
7290010051250,false,אורגנו יח',,,אורגנו,יחידה,0.00,יחידה,false,,5.90,0.0000,true,1,56250
7290010051267,false,לוף בשקית א.אדמה,חקלאי,IL,פרסה לוף שלם,יחידה,0.00,יחידה,false,,7.90,0.0000,true,1,65258
7290010051298,false,מנגולד עלי סלק א.אדמה,אדמה,,סלק עלים ארוז,יחידה,0.00,יחידה,false,,6.90,0.0000,true,1,56244
7290010051311,false,סלרי חתוך א.אדמה,,,סלרי חתוך,גרמים,110.00,100 גרם,false,,5.90,5.3636,true,1,90946
7290010051335,false,בצל ירוק ארוז א.אדמה,אדמה,,בצל ירוק,גרמים,110.00,100 גרם,false,,5.90,5.3636,true,1,56251
7290010051373,false,לבבות חסה בשקית א.אדמה,קטיף.,IL,לבבות חסה א.אדמה,יחידה,0.00,יחידה,false,,9.90,0.0000,true,1,96650
7290010051403,false,סלרי אמריקאי גן ירק,חקלאי,IL,שיבה,יחידה,0.00,יחידה,false,,5.90,0.0000,true,1,56261
7290010051434,false,חסה סלנובה ארוז א.אדמה,,,חסה סלנובה,יחידה,0.00,יחידה,false,,10.90,0.0000,true,1,98841
7290010051687,false,רוזמרין ארוז א.אדמה,אדמה,,רוזמרין,יחידה,0.00,יחידה,false,,5.90,0.0000,true,1,67816
7290010065134,false,ליקוקים שימורים לחתו,כלורוקס אוקלנד,IT,ליקוקים שימורים לחתו,גרמים,415.00,100 גרם,false,,6.90,1.6627,true,1,37383
7290010065745,false,מחית לפתן פירות ג'וניור פרינוק 190 גרם,פרוטה פודווין איי.אס,CZ,פרינוק מחית גוניור ל,גרמים,190.00,100 גרם,false,,6.70,3.5263,true,1,40547
7290010066513,false,נתחי טונה בשמן צמחי רביעיה *158ג' פילטונה,תעשיות פילטונה,IL,נתחי טונה בשמן פילטו,גרמים,632.00,100 גרם,false,,22.90,3.6234,true,1,52243
7290010066575,false,נתחי טונה במים רביעיה *158ג' פילטונה,תעשיות פילטונה,IL,נתחי טונה במים פילטו,גרמים,632.00,100 גרם,false,,22.90,3.6234,true,1,52246
7290010066582,false,נתחי טונה בשמן קנולה רביעיה * 158 ג' פילטונה,תעשיות פילטונה,IL,נתחי טונה בשמן קנולה,גרמים,632.00,100 גרם,false,,22.90,3.6234,true,1,52247
7290010066599,false,מארז רביעיית טונה בשמן זית 4*160 גרם,תעשיות פילטונה,IL,נתחי טונה בשמן זית פ,גרמים,632.00,100 גרם,false,,29.90,4.7310,true,1,55888
7290010066957,false,נתחי טונה קטנה בשמן צמחי 960ג' פרינס,תעשיות פילטונה,IL,טונה פרינס בשמן 960ג,גרמים,960.00,100 גרם,false,,29.90,3.1146,true,1,55920
7290010116980,false,אבקת שוקולית שקית עלית 850 ג',הנסיך- מפעל לייצור ט,IL,שוקולית עלית 850גר,גרמים,820.00,100 גרם,false,,17.90,2.1829,true,1,27424
7290010117864,false,דוריטוס חטיף תירס בטעם חריף אש עלית 70 גרם,"שטראוס פריטו ליי בע""\מ )",IL,דוריטוס חריף אש 70גר,גרמים,70.00,100 גרם,false,,3.90,5.5714,true,1,27084
7290010124107,false,סטייקבורגר זהב 400 גרם הקצביה בלדי,בלדי,IL,סטייק בורגר זהב 400,גרמים,400.00,100 גרם,false,,19.90,4.9750,true,1,100689
7290010124213,false,אל מטאדור סינטה בקר דק דק 250 גרם בלדי,בלאדי,IL,סינטה בקר דק דק אל מ,גרמים,250.00,100 גרם,false,,19.90,7.9600,true,1,99947
7290010124503,false,שומן כבש מעובד ארוז בלדי 200גר,בלדי,IL,שומן כבש 200גר,גרמים,200.00,100 גרם,false,,13.90,6.9500,true,1,51692
7290010126323,false,חציל במיונז 400 גרם,,,חציל במיונז 400 גרם,גרמים,400.00,100 גרם,false,,12.90,3.2250,true,1,103016
7290010126330,false,תירס במיונז 400 גרם,,,תירס במיונז 400 גרם,גרמים,400.00,100 גרם,false,,12.90,3.2250,true,1,103027
7290010126408,false,חציל בטחינה 400 גרם,,,חציל בטחינה 400 גרם,גרמים,400.00,100 גרם,false,,12.90,3.2250,true,1,103017
7290010126477,false,טחינה ירוקה 400 גרם,,,טחינה ירוקה 400 גרם,גרמים,400.00,100 גרם,false,,12.90,3.2250,true,1,103018
7290010126484,false,מטבוחה 400 גרם כיד ה,,,מטבוחה 400 גרם כיד ה,גרמים,400.00,100 גרם,false,,12.90,3.2250,true,1,103019
7290010126491,false,סלט סלק 400 גרם כיד,,,סלט סלק 400 גרם כיד,גרמים,400.00,100 גרם,false,,12.90,3.2250,true,1,103025
7290010126507,false,סלט טורקי 400 גרם כי,,,סלט טורקי 400 גרם כי,גרמים,400.00,100 גרם,false,,12.90,3.2250,true,1,103026
7290010126873,false,סלט קולוסלו 400 גרם,,,סלט קולוסלו 400 גרם,גרמים,400.00,100 גרם,false,,12.90,3.2250,true,1,103021
7290010126958,false,"סלט תפו""א במיונז 400",,,"סלט תפו""א במיונז 400",גרמים,400.00,100 גרם,false,,12.90,3.2250,true,1,103028
7290010126972,false,טחינה לבנה 400 גרם כ,,,טחינה לבנה 400 גרם כ,גרמים,400.00,100 גרם,false,,12.90,3.2250,true,1,103023
7290010153503,false,שעועית בובס יבשה מיה 400 גר',מיה תעשיות מזון מ.ת.מ. ב,IL,שעועית בובס 400גר,גרמים,400.00,100 גרם,false,,11.90,2.9750,true,1,49957
7290010153510,false,בורגול יבש מיה 500 גר',מיה תעשיות מזון מ.ת.מ. ב,IL,בורגול מיה 500 גר,גרמים,500.00,100 גרם,false,,6.90,1.3800,true,1,49963
7290010175857,false,פרוסות לבבות דקל במי מלח טעים 400 גרם,אינאקספו,EC,לבבות דקל פרוסות 400,גרמים,400.00,100 גרם,false,,12.90,3.2250,true,1,93044
7290010176229,false,נודלס בטעם בקר בכוס 65 גר' טעמן,זיזיאנג גרין הום פוד,CN,נודלס בטעם בשר 65 גר,גרמים,65.00,100 גרם,false,,5.90,9.0769,true,1,101373
7290010192120,false,צנונית ארוזה 400 גרם,חקלאי,IL,צנונית ארוזה,יחידה,0.00,יחידה,false,,4.90,0.0000,true,1,95554
7290010237548,false,"פפסי מקס דל קלוריות 500 מ""ל בקבוק",טמפו משקאות בעמ,IL,פפסי מקס בקבוק 500 מ,מיליליטרים,500.00,"100 מ""ל",false,,5.90,1.1800,true,1,51754
7290010237562,false,משקה פפסי מרינדה קוו,"טמפו משקאות בע""מ",IL,"מירינדה בקבוק 500 מ""",מיליליטרים,500.00,"100 מ""ל",false,,5.90,1.1800,true,1,51755
7290010237586,false,סבן אפ דיאט פלסטיק 500מל,"טמפו משקאות בע""מ",IL,סבן אפ דיאט בקבוק 50,מיליליטרים,500.00,"100 מ""ל",false,,5.90,1.1800,true,1,51757
7290010237784,false,בירה שנדי בתוספת משקה לימון ליים - שישייה,"טמפו משקאות בע""\מ",IL,שנדי לימון ליים שישי,מיליליטרים,1980.00,"100 מ""ל",false,,39.90,2.0152,true,1,20555
7290010259823,false,מנת השף-מרק עם נודלס בטעם עוף ויליפוד,נמצ'או(תאילנד) בעמ,TH,נודלס בטעם עוף מנת ה,גרמים,70.00,100 גרם,false,,5.90,8.4286,true,1,24727
7290010259830,false,מנת השף נודלס בסגנון סיני פיקנטי וילי פוד 70 גרם,נמצ'או(תאילנד) בעמ,TH,נודלס סגנון סיני פיק,גרמים,70.00,100 גרם,false,,5.90,8.4286,true,1,24728
7290010259847,false,מנת השף מרק עם נודלס בטעם תירס ויליפוד 70 גרם,קריות זול,TH,נודלס בטעם תירס מנת,גרמים,70.00,100 גרם,false,,5.90,8.4286,true,1,37611
7290010259854,false,מנת השף מרק עם נודלס בטעם פטריות ויליפוד 70 גרם,נמצ'או(תאילנד) בעמ,TH,נודלס בטעם פטריות מנ,גרמים,70.00,100 גרם,false,,5.90,8.4286,true,1,37612
7290010259861,false,מנת השף מרק עם נודלס בטעם ירקות ויליפוד 70 גרם,קריות זול,TH,נודלס בטעם ירקות מנת,גרמים,70.00,100 גרם,false,,5.90,8.4286,true,1,37613
7290010328246,false,טחינה גולמית שומשום מלא אחווה 500 ג',"אחדות ביח""ר לטחינה ח",IL,טחינה משומשום מלא 50,גרמים,500.00,100 גרם,false,,12.90,2.5800,true,1,65352
7290010328253,false,טחינה גולמית משומשום טבעי אחווה 500 גרם,"אחדות ביח""ר לטחינה ח",IL,טחינה גולמית 500 גרם,גרמים,500.00,100 גרם,false,,11.90,2.3800,true,1,47717
7290010328468,false,מארז מיני חלווה אחוה בטעמים 18 יחידות 216 גרם,שוורצקוף& הנקל דיסלד,IL,חטיפי מיני חלבה ב3 ט,גרמים,216.00,100 גרם,false,,12.90,5.9722,true,1,68016
7290010328505,false,"מארז מיני חלווה 15 יחידות לל""ס אחוה 150 גרם",אחדות ביחר לטחינה חל,IL,חטיפי מיני חלבה ללא,יח',15.00,יח',false,,12.90,0.8600,true,1,69806
7290010328710,false,קיצפיות בטעם וניל תות 18,אחדות ביחר לטחינה חל,IL,קצפיות במגש 180גר,גרמים,180.00,100 גרם,false,,10.90,6.0556,true,1,74596
7290010328734,false,ממרח טחינה עם סילאן משומשום מלא,אחדות ביחר לטחינה חל,IL,ממרח טחינה עם סילאן,גרמים,400.00,100 גרם,false,,10.90,2.7250,true,1,76699
7290010328819,false,ממרח טחינה עם שוקולד משומשום מלא אחווה 400 גרם,אחדות ביחר לטחינה חל,IL,ממרח טחינה עם שוקולד,גרמים,400.00,100 גרם,false,,10.90,2.7250,true,1,90123
7290010328901,false,מאפין בטעם וניל אחוה 45 גרם,אחדות ביחר לטחינה חל,IL,מאפין בטעם וניל 45גר,גרמים,45.00,100 גרם,false,,3.20,7.1111,true,1,92759
7290010429554,false,"שמן זית כתית מעולה יד מרדכי 2 קלאסי, 750 מ""ל",מכוורת יד מרדכי שטראוס ב,IL,שמן זית כתית מעולה ח,מיליליטרים,750.00,"100 מ""ל",false,,36.90,4.9200,true,1,27452
7290010454051,false,מפיות טרנדי תלת-שכבת,,,מפיות טרנדי תלת-שכבת,יחידה,0.00,יחידה,false,,7.50,0.0000,true,1,56508
7290010471669,false,יוגורט תות עם קורנפלקס מצופה שוקולד ללא גלוטן 3.9%,"שטראוס בריאות בע""\מ",IL,דנונה בר תות קורנפלק,גרמים,173.00,100 גרם,false,,4.80,2.7746,true,1,30822
7290010472390,false,מארז 8 יחידות מעדן דני בטעם שוקולד 1.5%,מיוצר עי קונדיטוריית,IL,דני שוקולד מארז 8*12,גרמים,1000.00,100 גרם,false,,16.90,1.6900,true,1,30834
7290010513727,false,פנקו פרורי לחם 200 גרם (קינגדאו),קינגדאו גוניון פודס,CN,פירורי לחם פנקו 200ג,גרמים,200.00,100 גרם,false,,9.90,4.9500,true,1,67776
7290010561032,false,תערובת להכנת לפנקייק אקסטרה ויטמינים ומינרלים 400 גר',אשבל מזון פונקציונלי,IL,ברילי תערובת להכנת פ,גרמים,400.00,100 גרם,false,,19.90,4.9750,true,1,135978
7290010609550,false,"טרופיקש 20 *200 מ""ל",,,טרופי קש 20 יח,יחידה,0.00,יחידה,false,,27.90,0.0000,true,1,54833
7290010613526,false,טאצ' דלי מטליות לחות לניקוי וחיטוי בתוספת חומץ 250 יח',,IL,דלי מטליות לניקוי וח,יחידה,0.00,יחידה,false,,10.90,0.0000,true,1,136223
7290010613953,false,טאצ' דלי מטליות לחות לניקוי וחיטוי בניחוח מלון בוטיק 250 יח',סאסאטק,IL,דלי מטליות לניקוי וח,יחידה,0.00,יחידה,false,,10.90,0.0000,true,1,137210
7290010632787,false,צימרוני אוזניים מעץ 300 יח,הדקלאים אגודת שיתופי,CN,צימרוני אוזניים עץ ב,יח',300.00,יח',false,,4.90,0.0163,true,1,42012
7290010711123,false,כריות מתכת שייני 4 יחידות,מ.א ייצור ושיווק מטל,CN,"ננס רביעיה ""שייני""",יחידה,0.00,יחידה,false,,7.90,0.0000,true,1,43916
7290010711437,false,שייני 4 סרטי קרצוף ל,,IL,4 סרטי קרצוף לניקוי,יחידה,0.00,יחידה,false,,10.90,0.0000,true,1,128909
7290010711932,false,מטליות רב שימושיות פרימיום שייני 9 יחידות,נועם אורים תעשיות בע,IL,מטליות רב שימושיות 9,יח',9.00,יח',false,,9.90,1.1000,true,1,56726
7290010748884,false,אפקטיב קר קרם גוף אינטנסיב לעור יבש במיוחד ח 700,פישר מעבדות פרמצבטיות,IL,קרם גוף אפקטיב טינטנ,מיליליטרים,700.00,"100 מ""ל",false,,33.90,4.8429,true,1,106033
7290010760688,false,בצק פילאס שחף מגולגל,מאפית אריאל,IL,בצק פילאס שחף מגולגל,גרמים,600.00,100 גרם,false,,17.90,2.9833,true,1,101797
7290010766185,false,רוטב לפסטה עגבניות ובזיליקום אוליביה 420 גרם,אוליביה,IL,רוטב לפסטה עגב ובזיל,גרמים,420.00,100 גרם,false,,13.90,3.3095,true,1,57161
7290010766734,false,רוטב פיצה אוליביה אסם 430 ג',אוליביה,IL,רוטב פיצה אוליביה 41,גרמים,415.00,100 גרם,false,,14.90,3.5904,true,1,43235
7290010766949,false,ממרח תחתיות ארטישוק 180ג' אוליביה,אוליביה,IL,ממרח ארטישוק אוליביה,גרמים,180.00,100 גרם,false,,14.90,8.2778,true,1,50863
7290010766956,false,ממרח פלפלים מתוקים אדומים אוליביה 180 גרם,אוליביה גורמה בעמ,IL,ממרח פלפלים מתוקים א,גרמים,180.00,100 גרם,false,,14.90,8.2778,true,1,50864
7290010778065,false,"ניוקי תפו""א פסטה טרי",פסטה דיאורו,IL,ניוקי תפוח אדמה 500ג,גרמים,500.00,100 גרם,false,,22.90,4.5800,true,1,72166
7290010778089,false,טורטליני גבינה 500גר,פסטה דיאורו,IL,טורטליני גבינה 500גר,גרמים,500.00,100 גרם,false,,32.90,6.5800,true,1,72167
7290010778126,false,"רוטב פסטו ""פסטה ד'יא",פסטה דיאורו,IL,רוטב פסטו 240גר,גרמים,240.00,100 גרם,false,,22.90,9.5417,true,1,72176
7290010778157,false,רביולי ריקוטה ותרד 5,פסטה דיאורו,IL,רביולי ריקוטה ותרד 5,גרמים,500.00,100 גרם,false,,32.90,6.5800,true,1,72168
7290010778164,false,ריביולי ריקוטה ופטרי,פסטה דיאורו,IL,רביולי ריקוטה פטריות,גרמים,500.00,100 גרם,false,,32.90,6.5800,true,1,72169
7290010778171,false,רביולי בטטה 500גר,פסטה דיאורו,IL,רביולי בטטה 500גר,גרמים,500.00,100 גרם,false,,32.90,6.5800,true,1,72170
7290010778218,false,רוטב לפסטה שמנת ופטר,פסטה דיאורו,IL,רוטב שמנת פטריות 240,גרמים,240.00,100 גרם,false,,22.90,9.5417,true,1,72178
7290010778256,false,ריביולי ריקוטה פרמזן,פסטה דיאורו,IL,רביולי ריקוטה פרמזן,גרמים,500.00,100 גרם,false,,32.90,6.5800,true,1,72172
7290010778300,false,רביולי מוצרלה 500גר,פסטה דיאורו,IL,רביולי מוצרלה 500גר,גרמים,500.00,100 גרם,false,,32.90,6.5800,true,1,72174
7290010791538,false,מזון חתולים לה קט דליקטס עוף גורמה 85 גרם,מנדלז סי.אר. פרודקשן,TH,לה קט דליקטס עוף גור,גרמים,85.00,100 גרם,false,,6.50,7.6471,true,1,55417
7290010791545,false,מזון חתולים לה קט דליקטס פטה כבד 85 גרם,"הייקיו, תאילנד",TH,לה קט דליקטס פטה כבד,גרמים,85.00,100 גרם,false,,6.50,7.6471,true,1,55418
7290010791552,false,לה-קט דליקטס טונה ברוטב 85 גר',"הייקיו, תאילנד",TH,לה קט דליקטס טונה בר,גרמים,85.00,100 גרם,false,,6.50,7.6471,true,1,55419
7290010814251,false,שלשות שוקולד חלב 85 גר*3 בלמינט*18 בקרט בדצ,כרמית תעשיות ממתקים,IL,שוקולד חלב כרמית מאר,גרמים,255.00,100 גרם,false,,10.90,4.2745,true,1,32727
7290010814268,false,שלשות שוקולד לבן 85 גר*3 בלמינט * 18 בקרטון,"כרמית תעשיות ממתקים בע""\",IL,שוקולד לבן כרמית מאר,גרמים,255.00,100 גרם,false,,10.90,4.2745,true,1,32728
7290010814695,false,שוקולד מריר פרווה ללא תוספת סוכר כרמית 85 גרם,כרמית תעשיות ממתקים בעמ,IL,שוקולד מריר ללא סוכר,גרמים,85.00,100 גרם,false,,6.90,8.1176,true,1,54839
7290010814701,false,שוקולד חלב ללא תוספת סוכר וסטהיים,"כרמית תעשיות ממתקים בע""\",IL,שוקולד חלב ללא סוכר,גרמים,85.00,100 גרם,false,,6.90,8.1176,true,1,64842
7290010838219,false,ממתיק על בסיס צמח הסטיביה - שקיות,"קיפל טבליות וממתיקים בע""מ",IL,סטיביה 100 שק,יחידה,0.00,יחידה,false,,29.90,0.0000,true,1,64607
7290010839865,false,רוטב רכז רימונים ויליפוד 320 ג',ניו ג'רסי סטאר סנקס,TR,רכז רימונים 320 גר,גרמים,320.00,100 גרם,false,,11.90,3.7188,true,1,39152
7290010849512,false,יין למברוסקו די לואיג'ירוזטו אמבילה,פארייפאבה אגרואינדוס,IT,למברוסקו די לואיג'י,מיליליטרים,750.00,"100 מ""ל",false,,32.90,4.3867,true,1,52459
7290010849529,false,יין למברוסקו די לואיג'י ביאנקו,פארייפאבה אגרואינדוס,IT,למברוסקו די לואיג'י,מיליליטרים,750.00,"100 מ""ל",false,,32.90,4.3867,true,1,52460
7290010883042,false,"סנובון נוזלי אפקט קצף פעיל רענן תות 750 מ""ל",סנו מפעלי ברונוס בעמ,IL,סנובון נוזלי תות 750,מיליליטרים,750.00,"100 מ""ל",false,,10.90,1.4533,true,1,39030
7290010903894,false,"שניצל תירס בד""ץ שף ה",,,"שניצל תירס בד""ץ שף ה",גרמים,500.00,100 גרם,false,,12.90,2.5800,true,1,139875
7290010922017,false,"אננס קפוא 250 גרם - Shake It - בד""ץ עדה חרדית","הבו-קדו בע""\מn\",IL,"אננס קפוא בד""ץ 250 ג",גרמים,250.00,100 גרם,false,,12.90,5.1600,true,1,140226
7290010922055,false,"ליצ'י קפוא 250 גרם - Shake It - בד""ץ עדה חרדית","הבו-קדו בע""\מn\",IL,"ליצ'י קפוא בד""ץ 250",גרמים,250.00,100 גרם,false,,12.90,5.1600,true,1,140229
7290010922819,false,"מלון 250 גרם - Shake It - בד""ץ עדה חרדית","הבו-קדו בע""\מn\",IL,"מלון קפוא בד""ץ 250 ג",גרמים,250.00,100 גרם,false,,12.90,5.1600,true,1,140230
7290010922857,false,"מנגו קפוא 250 גרם - Shake It - בד""ץ עדה חרדית","הבו-קדו בע""\מn\",IL,"מנגו קפוא בד""ץ 250 ג",גרמים,250.00,100 גרם,false,,12.90,5.1600,true,1,140231
7290010922918,false,מינוט סטייק 250 גרם ארוז - אשפר,"בלדי בע""\מ",IL,סטייק מינוט 250 גרם,גרמים,250.00,100 גרם,false,,29.90,11.9600,true,1,136680
7290010922949,false,תות שדה קפוא 250 גרם - Shake It,"הבו-קדו בע""\מn\",IL,תות שדה קפוא 250 גרם,גרמים,250.00,100 גרם,false,,12.90,5.1600,true,1,139011
7290010931330,false,סלט מטבוחה אחלה 500 גרם,מיוצר עי קונדיטוריית,IL,סלט מטבוחה אחלה 500ג,גרמים,500.00,100 גרם,false,,15.90,3.1800,true,1,30857
7290010945146,false,קוטג' 3% מועשר בסידן טרה 250 ג' מהדרין,קריות זול,IL,קוטג מועשר 3% 250גר,גרמים,250.00,100 גרם,false,,6.30,2.5200,true,1,33390
7290010945450,false,גבינה לבנה 3% 250 גר מועשר בסידן וויטמין,הפריט בפיקוח,IL,גבינה לבנה מהדרין 3%,גרמים,250.00,100 גרם,false,,4.98,1.9920,true,1,33405
7290010945481,false,גבינה לבנה טרה 5% מרכיבים טבעיים,הפריט בפיקוח,IL,גבינה לבנה 5% טרה 5,גרמים,500.00,100 גרם,false,,9.96,1.9920,true,1,33407
7290010970223,false,חומץ יין אדום מונטני,"ג.מ טעם הארץ בע""\ם",IL,חומץ יין אדום מונטני,מיליליטרים,500.00,"100 מ""ל",false,,17.90,3.5800,true,1,73201
7290011015862,false,"פריגת סירופ דיאט לימונענע 750 מ""ל",סירופ - גבעת חיים,IL,סירופ דיאט לימונענע,מיליליטרים,750.00,"100 מ""ל",false,,24.90,3.3200,true,1,48985
7290011017866,false,קוקה קולה קלאסי בפחית,החברה המרכזית לייצור משקאות,IL,קוקה קולה סליק 330מל,מיליליטרים,330.00,"100 מ""ל",false,,6.70,2.0303,true,1,65126
7290011017873,false,"פחיות קוקה קולה זירו 330 מ""ל",החברה המרכזית לייצור משקאות,IL,קוקה קולה זירו סילק,מיליליטרים,330.00,"100 מ""ל",false,,6.70,2.0303,true,1,65127
7290011017880,false,דיאט קוקה קולה פחית סליק 330מל,החברה המרכזית לייצור משקאות,IL,קוקה קולה דיאט 330מל,מיליליטרים,330.00,"100 מ""ל",false,,6.70,2.0303,true,1,65128
7290011022457,false,תבנית 90 ארוז 8 ר2,,,תבנית 90 ארוז 8 ר2,יחידה,0.00,יחידה,false,,9.90,0.0000,true,1,120381
7290011022464,false,תבנית 210 ר99 ארוז 4,,,תבנית 210 ר99 ארוז 4,יחידה,0.00,יחידה,false,,9.90,0.0000,true,1,120382
7290011022495,false,תבנית 8A ארוז 10יח',,,תבנית 8A ארוז 10יח',יחידה,0.00,יחידה,false,,9.90,0.0000,true,1,120383
7290011022563,false,ניילון נצמד צר 150/3,,,ניילון נצמד צר 150/3,יחידה,0.00,יחידה,false,,17.90,0.0000,true,1,120392
7290011022921,false,תבנית 105 ארוז 8יח',,,תבנית 105 ארוז 8יח',יחידה,0.00,יחידה,false,,9.90,0.0000,true,1,120384
7290011022938,false,תבנית 8B ארוז 15 ר29,,,תבנית 8B ארוז 15 ר29,יחידה,0.00,יחידה,false,,9.90,0.0000,true,1,120385
7290011022945,false,תבנית אינגליש ארוז 1,,,תבנית אינגליש ארוז 1,יחידה,0.00,יחידה,false,,9.90,0.0000,true,1,120386
7290011026066,false,"ד""ר פישר - סרקל שמפו + מרכך לילדים 1 ליטר",פישר מעבדות פרמצבטיות בע,IL,סרקל שמפו + מרכך ליל,מיליליטרים,1000.00,"100 מ""ל",false,,29.90,2.9900,true,1,52069
7290011064020,false,בולגרית למריחה בטעמים 200 גר,גבינות אמיר ניצן בעמ,IL,בולגרית בעיר 200 גרם,גרמים,200.00,100 גרם,false,,13.90,6.9500,true,1,106058
7290011064075,false,מעדן לבנה מסבחה -אבו גוש 200 גרם,גבינות אמיר ניצן בעמ,IL,לאבנה אבו גוש 200 גר,גרמים,200.00,100 גרם,false,,13.90,6.9500,true,1,106059
7290011064099,false,ירקות או פרות ממולאים במעדן גבינה ניצן 125 גרם,גבינות אמיר ניצן בעמ,IL,פלפלוני שרי ממולא 12,גרמים,125.00,100 גרם,false,,19.90,15.9200,true,1,106060
7290011113926,false,דאודורנט ספריי טיטניום בלאק Titanium Black,משווק: וסמופארם בעממ,IL,טיטניום דאו ספריי 18,מיליליטרים,180.00,"100 מ""ל",false,,18.90,10.5000,true,1,114754
7290011115203,false,אל סבון מוצק מבושם בניחוח עדין קלאסיק - מארז רביעיה,טרופיקל דגיל תעשיות,IL,נקה 7 סבון מוצק ורוד,גרמים,400.00,100 גרם,false,,11.90,2.9750,true,1,40031
7290011115258,false,אל סבון מוצק מבושם בניחוח עדין קלאסיק - מארז רביעיה,"גליל כימיכלים בע""מ",IL,נקה 7 סבון מוצק ירוק,גרמים,400.00,100 גרם,false,,11.90,2.9750,true,1,40036
7290011126452,false,הגן הקסום תה בטעם קמומיל ונענע ויסוצקי 25 יחידות,תה ויסוצקי,IL,תה הגן הקסום קמומיל,גרמים,37.50,100 גרם,false,,19.90,53.0667,true,1,40167
7290011126469,false,חליטת צמחים וקמומיל הגן הקסום ויסוצקי 25 יחידות,תה ויסוצקי,IL,תה קמומיל ודבש הגן ה,גרמים,37.50,100 גרם,false,,19.90,53.0667,true,1,40168
7290011133375,false,בירה שנדי בתוספת משקה אפרסק - שישייה,"טמפו משקאות בע""מ",IL,שנדי אפרסק שישייה 6*,מיליליטרים,1980.00,"100 מ""ל",false,,39.90,2.0152,true,1,46630
7290011148805,false,שעועית טריה עד 500 ג,ביכורי השקמה,,שעועית טריה עד 500 ג,גרמים,500.00,100 גרם,false,,14.90,2.9800,true,1,141091
7290011153885,false,נייר אכיל ממותג דיסני,שמחה זה אנחנו,,נייר אכיל לקישוט עוג,יחידה,0.00,יחידה,false,,15.90,0.0000,true,1,28687
7290011174897,false,אפונה עדינה פרי גליל 600 גר',"פרי הגליל בע""""מ",IL,אפונה עדינה 600גר,גרמים,600.00,100 גרם,false,,10.90,1.8167,true,1,92237
7290011194215,false,מעדן גבינה ויוגורט בטעם בננה 5% שומן 88 ג' דניאלה,"שטראוס בריאות בע""מ",IL,דניאלה מעדן בטעם בננ,מיליליטרים,150.00,"100 מ""ל",false,,4.30,2.8667,true,1,30891
7290011194246,false,קוטג' 5% עם סידן 250 ג' שטראוס,מיוצר עי קונדיטוריית,IL,גבינת קוטג׳ 5% שטראו,גרמים,250.00,100 גרם,false,,5.90,2.3600,true,1,30893
7290011223038,false,בונומי עלים לקרמשניט שכבות אפויות מבצק עלים 300 גרם,בונומי ס.פ.א,IT,עלים לקרמשניט 300גר,גרמים,400.00,100 גרם,false,,16.90,4.2250,true,1,51049
7290011236649,false,"נטיפי שוקולד ציפס אמיתי 300 גר' 54% מוצקי קקאו (בד""ץ)",קריות זול,IL,נטיפי שוקולד צ'יפס א,גרמים,300.00,100 גרם,false,,9.90,3.3000,true,1,120824
7290011332983,false,מגבונים לניקוי אף מגבונאף קמיל בלו- מארז שלישייה,פישר מעבדות פרמצבטיות בע,IL,מגבונאף קמיל בלו שלי,יחידה,0.00,יחידה,false,,25.90,0.0000,true,1,86850
7290011369200,false,צינור למקלחת 1.5 מטר,,,צינור למקלחת 1.5 מטר,יחידה,0.00,יחידה,false,,25.90,0.0000,true,1,100565
7290011378769,false,חטיף חלווה וניל בארכה 126 גרם מארז 7 יחידות,"רושדי תעשיות מזון בע""\מ",IL,בארכה חטיף חלבה וניל,גרמים,126.00,100 גרם,false,,13.90,11.0317,true,1,65678
7290011379018,false,פטריות טריות מיקס מרינה זוגי 250X2ג',"מרינה פטריות הגליל בע""מ",IL,פטריות צמד חמד איטלק,גרמים,500.00,100 גרם,false,,16.90,3.3800,true,1,47898
7290011431341,false,מזלג איכותי ר. שמאי 100 יחי' כשל''פ עד''ח,,IL,מזלגות 100יח שמאי,יחידה,0.00,יחידה,false,,9.90,0.0000,true,1,102737
7290011431358,false,כפיות איכותי ר. שמאי 100 יחי' כשל''פ עד''ח,,TR,כפיות 100יח שמאי,יחידה,0.00,יחידה,false,,9.90,0.0000,true,1,102738
7290011431488,false,"אציטון 100 סמ""ק שמאי",,IL,"אצטון 100 מ""ל",יחידה,0.00,יחידה,false,,4.90,0.0000,true,1,136496
7290011431853,false,מפות שמיניות שקוף עבה כתום שמאי,,IL,מפות שמיניות עבה כתו,יחידה,0.00,יחידה,false,,8.90,0.0000,true,1,120374
7290011438142,false,"משקה יטבתה אייס קפה בבקבוק אישי 350 מ""ל",שטראוס גרופ,IL,אייס קפה יטבתה בבקבו,מיליליטרים,350.00,"100 מ""ל",false,,6.90,1.9714,true,1,30947
7290011447748,false,"מזון לחתולים יבש עם דגי אוקיינוס וטונה סופר קט 3 ק""ג",קריות זול,IL,סופר קט דגי אוקיאנוס,קילוגרמים,3.00,"ק""ג",false,,54.90,18.3000,true,1,53981
7290011489533,false,בייגלה שמיניות עם מל,מגדנית הדר,IL,בייגלה שמיניות עם מל,גרמים,300.00,100 גרם,false,,6.90,2.3000,true,1,69779
7290011489595,false,קרקר שומשום 110 גר' טופז,אפיפית נצרת,IL,קרקר טופז שומשום 110,גרמים,110.00,100 גרם,false,,3.90,3.5455,true,1,69414
7290011489601,false,קרקר טופז טעם בצל 110 גר,אפיפית נצרת,IL,קרקר טופז בצל 110גר,גרמים,110.00,100 גרם,false,,3.90,3.5455,true,1,69415
7290011499051,false,פטה כבשים מסורתית 20% בגביע 250 גרם - רובין,MKN עבור מחלבות גד ב,IL,פטה כבשים גביע 20% 2,גרמים,250.00,100 גרם,false,,28.90,11.5600,true,1,39263
7290011499105,false,בולגרית מסורתית 5% 250 גרם -רבנות,ג'נרל מילס סאן אדריא,IL,בולגרית 5% 250גר מחל,גרמים,250.00,100 גרם,false,,24.90,9.9600,true,1,19952
7290011499129,false,גבינה בולגרית מעודנת קוביות קטנות 5% גד 200 גרם,קוד יצרן DSH,IL,בולגרית מעודנת קוביו,גרמים,200.00,100 גרם,false,,24.90,12.4500,true,1,19954
7290011499303,false,גבינה בולגרית עזים 5% גד מעודנת 250 גרם,ג'נרל מילס סאן אדריא,IL,בולגרית עיזים מעודנת,גרמים,250.00,100 גרם,false,,31.90,12.7600,true,1,43101
7290011499327,false,גבינה בולגרית מעודנת 5% 250 גרם - רבנות,מיוצר על ידי DSH עבו,IL,בולגרית בקר מעודנת 2,גרמים,250.00,100 גרם,false,,24.90,9.9600,true,1,43103
7290011499341,false,גבינת קשקבל ארוז 26 אחוז 250גרם גד,הנסיך- מפעל לייצור ט,IL,גבינה קאשקבל מחלבות,גרמים,250.00,100 גרם,false,,27.70,11.0800,true,1,43960
7290011499358,false,פטה עיזים מסורתית 20% בגביע 200 גרם - רובין,מיוצר על ידי קוד יצר,IL,פטה עיזים 200גר מחלב,גרמים,200.00,100 גרם,false,,29.90,14.9500,true,1,43961
7290011499365,false,גד חלומי 24% 200 גרם רובין,"מחלבות גד בע""\מ",IL,גבינת חלומי מחלבות ג,גרמים,200.00,100 גרם,false,,23.90,11.9500,true,1,43965
7290011499419,false,גבינה במרקם שמנת בטעם טבעי 5% ניו יורק,גבינות מדף,IL,קרם שמנת ניו יורק טב,גרמים,200.00,100 גרם,false,,13.90,6.9500,true,1,97683
7290011499525,false,גבינת לאבנה דרוזית 9% גד 500 גרם,מחלבות גד בעמ,IL,לאבנה דרוזית 9% 500ג,גרמים,500.00,100 גרם,false,,20.80,4.1600,true,1,47553
7290011499624,false,שמנת 30% ניו יורק טבעי 200 גרם רבנות,גבינות מדף,IL,גבינת שמנת ניו יורק,גרמים,200.00,100 גרם,false,,13.90,6.9500,true,1,50388
7290011499846,false,גבינת ריקוטה פרסקה 9% גד 300 גרם,מחלבות גד בעמ,IL,ריקוטה פרסקה 300גר מ,גרמים,300.00,100 גרם,false,,18.90,6.3000,true,1,61718
7290011499853,false,שמנת 30% ניו יורק זיתים מחלבות גד,מחלבות גד (שיווק 199,IL,גבינת שמנת ניו יורק,גרמים,200.00,100 גרם,false,,13.90,6.9500,true,1,67521
7290011501617,false,חמוציות ברכז תפוחים ללא תוספת סוכר 250 גרם,"דין שיווק וקלייה בע""",IL,חמוציות דל סוכר 250ג,גרמים,250.00,100 גרם,false,,16.90,6.7600,true,1,70960
7290011514105,false,מסנן כיור אמריקאי מסיליקון,,,מסנן כיור סיליקון,יחידה,0.00,יחידה,false,,14.90,0.0000,true,1,76383
7290011514464,false,גומיות צבעוניות,,,גומיות צבעוניות,יחידה,0.00,יחידה,false,,7.90,0.0000,true,1,76386
7290011514594,false,מסננים לכיור - זוג,YIWU-KAI-WUN,CN,מסננים לכיור-זוג,יחידה,0.00,יחידה,false,,7.90,0.0000,true,1,100511
7290011515683,false,מאגדת טילון אקסטרים וניל נסטלה 6 יחידות,תות תעשיות מזון (201,IL,מאגדת אקסטרים וניל 6,יחידה,0.00,יחידה,false,,35.90,0.0000,true,1,26959
7290011518561,false,"אקטימל תות 1.51 ק""ג מארז 14 יחידות",מיוצר עי קונדיטוריית,IL,אקטימל תות משפחתי 14,מיליליטרים,1400.00,"100 מ""ל",false,,32.90,2.3500,true,1,30965
7290011524555,false,שעועית לבנה אפויה 800 ג' פרי הגליל,"פרי הגליל בע""""מ",IL,שעועית לבנה אפויה 80,גרמים,800.00,100 גרם,false,,10.90,1.3625,true,1,92239
7290011525729,false,שמפו לתינוק קמיל בלו סנסטיב לפני השינה עם לבנדר וקמומיל,פישר מעבדות פרמצבטיות בע,IL,קמיל בלו סנסיטיב לפנ,מיליליטרים,1000.00,"100 מ""ל",false,,33.90,3.3900,true,1,86854
7290011530525,false,מיקס פירות קפואים שייק איט צהוב - 3*150 ג',"הבו-קדו בע""מ",IL,שייק איט פירות קפואי,גרמים,450.00,100 גרם,false,,29.90,6.6444,true,1,120458
7290011530532,false,מיקס פירות קפואים שייק איט ירוק - 3*150 ג',"הבו-קדו בע""מ",IL,שייק איט פירות קפואי,גרמים,450.00,100 גרם,false,,29.90,6.6444,true,1,120459
7290011530549,false,מיקס פירות קפואים שייק איט ורוד - 3*150 ג',"הבו-קדו בע""מ",IL,שייק איט פירות קפואי,גרמים,450.00,100 גרם,false,,29.90,6.6444,true,1,120460
7290011530945,false,קרפצ'יו עגל פרימיום 210 גרם בלדי,בלדי,IL,קרפציו עגל 210 גרם,גרמים,210.00,100 גרם,false,,39.90,19.0000,true,1,107843
7290011570132,false,"תחליף קמח ללא גלוטן 1 קֿֿֿֿ""ג 10X",אשבל מזון פונקציונלי,IL,"קמח ללא גלוטן 1ק""ג",גרמים,1000.00,100 גרם,false,,19.90,1.9900,true,1,62459
7290011587079,false,חרדל דיז'ון גרגירים 370 ג' PICCATA,Covinor sas,IL,חרדל דיז'ון גרגרים 3,גרמים,370.00,100 גרם,false,,9.90,2.6757,true,1,71068
7290011587758,false,אטריות נודלס דק 200 גר' -תומר,אופאל,CN,נודלס דק 200 גרם,גרמים,200.00,100 גרם,false,,6.90,3.4500,true,1,138734
7290011587826,false,חרדל דיז'ון תומר 370ג',Covinor sas,,חרדל דיז'ון 370 גר,גרמים,370.00,100 גרם,false,,9.90,2.6757,true,1,71069
7290011587857,false,עגבניות מיובשות בשמן חמניות ועשבי תיבול תומר 250 ג',סנטו דידה סאן,TR,עגבניות מיובשות מתוב,גרמים,250.00,100 גרם,false,,9.90,3.9600,true,1,92443
7290011598211,false,"סנו - אנטי קאלק מרסס ניקוי כללי 4 ב-1 700 מ""ל",מיוצר עי קונדיטוריית,IL,סנו אנטי קאלק ניקוי,מיליליטרים,700.00,"100 מ""ל",false,,19.90,2.8429,true,1,39866
7290011607180,false,"אבקת כביסה קולון 101 1.25 ק""ג",ריקט בנקיזר ( ניר אי,IL,קולון 101כתמים אבקת,קילוגרמים,1.25,"ק""ג",false,,10.90,8.7200,true,1,31657
7290011607197,false,"קולון 101 אבקת כביסה 5 ק""ג",רקיט בנקיזר,IL,קולון 101כתמים אבקת,קילוגרמים,5.00,"ק""ג",false,,34.90,6.9800,true,1,31658
7290011618025,false,בייבי ביס הוט קידס נגיסי אורז לתינוק,גואנז'ו יונג וואנט פ,CN,בייבי ביס לתינוקות ב,גרמים,150.00,100 גרם,false,,13.90,9.2667,true,1,55680
7290011618124,false,חטיף אורז אפוי לתינוקות בטעם ירקות +6,גואנז'ו יונג וואנט פ,CN,בייבי ביס נגסי אורז,גרמים,50.00,100 גרם,false,,13.90,27.8000,true,1,39402
7290011622824,false,חטיף דגנים במילוי קרם שקדים בטעם בננה 70 גרם,אשבול,IL,ביסונים בטעם בננה70,גרמים,70.00,100 גרם,false,,15.90,22.7143,true,1,141571
7290011668570,false,בריא מהטבע גרנולה פירות יבשים 450 גרם פנינה רוזנבלום,בריא מהטבע פנינה רוזנבלום,IL,גרנולה פירות יבשים פ,גרמים,450.00,100 גרם,false,,29.90,6.6444,true,1,106283
7290011668587,false,בריא מהטבע גרנולה בטעם עשיר 500 גרם פנינה רוזנבלום,בריא מהטבע פנינה רוזנבלום,IL,גרנולה טעם עשיר פנינ,גרמים,500.00,100 גרם,false,,29.90,5.9800,true,1,106284
7290011765088,false,ג'ל גילוח לעור רגיל מנטול Cool,טרופיקל דגיל תעשיות,TR,קרמה גל גילוח קול 20,מיליליטרים,200.00,"100 מ""ל",false,,13.90,6.9500,true,1,40184
7290011765446,false,משחת שיניים לילדים בוב ספוג בטעם מיץ ענבים עם פלואוריד למניעת עששת,טרופיקל דגיל תעשיות קוסמ,IL,אורביטול משחת שיניים,גרמים,70.00,100 גרם,false,,7.90,11.2857,true,1,39290
7290011800840,false,רפי כהן סלט טחינה בלאדי צבר 400 גרם,רפי כהן / צבר,IL,טחינה בלאדי צבר 400ג,גרמים,400.00,100 גרם,false,,16.90,4.2250,true,1,47492
7290011877859,false,סנו אינסטלטור חדש פותח סתימות 200ג',מיוצר עי קונדיטוריית,IL,*מבצע* סנו אינסטלטור,גרמים,200.00,100 גרם,false,,11.90,5.9500,true,1,44501
7290011877866,false,"מקסימה אבקת כביסה בניחוח מאסק סנו 6 ק""ג","סנו מפעלי ברונוס בע""\מ",IL,סנו מקסימה מאסק אבקת,קילוגרמים,6.00,"ק""ג",false,,49.90,8.3167,true,1,43755
7290011885007,false,פקאן סיני הטיב 200 ג,פיצוחי הטיב,IL,פקאן סיני 200גר,גרמים,200.00,100 גרם,false,,22.90,11.4500,true,1,45790
7290011931162,false,סוכרלייט ממתיק נוזלי על בסיס סוכרלוז,אף.סי תבליני בגליל ב,IL,סוכרזית סוכרלוז נוזל,מיליליטרים,220.00,"100 מ""ל",false,,32.90,14.9545,true,1,43760
7290011947309,false,זיתים מצוננים סורי מבוקע ולימון כבוש זיתא 230 ג',זיתא – י.ט.ב תעשיות,IL,זית סורי מבוקע עם לי,גרמים,230.00,100 גרם,false,,14.90,6.4783,true,1,69432
7290011947316,false,זיתא זיתי קלמטה בשמן זית כתית מעולה 215ג,זיתא - י.ט.ב תעשיות,IL,זיתי קלמטה 215 גר,גרמים,215.00,100 גרם,false,,14.90,6.9302,true,1,72689
7290011947798,false,זית קלמטה ללא גלעין עם שמן זית כתית מעולה,זיתא - י.ט.ב תעשיות,IL,זית קלמטה ללא גלעין,גרמים,215.00,100 גרם,false,,14.90,6.9302,true,1,134810
7290011964344,false,שום גבישי בקופ' 120 גר' טעם וריח,"תבליני טעם וריח בע""מ",IL,שום גבישי 120גר,גרמים,120.00,100 גרם,false,,12.90,10.7500,true,1,52004
7290011964542,false,פפריקה מתוקה 400 גר' טעם וריח,"תבליני טעם וריח בע""מ",IL,פפריקה מתוקה 400גר,גרמים,400.00,100 גרם,false,,23.90,5.9750,true,1,52014
7290011964603,false,כורכום 400 גר' טעם וריח,"תבליני טעם וריח בע""מ",IL,כורכום 400גר,גרמים,400.00,100 גרם,false,,23.90,5.9750,true,1,52025
7290011964658,false,מלח לימון בקופ' 170 גר' טעם וריח,"תבליני טעם וריח בע""מ",IL,מלח לימון 170גר,גרמים,170.00,100 גרם,false,,10.90,6.4118,true,1,52016
7290011964689,false,על האש לא מונוסודיום 100 גרם 100 גרם מיכל גדול,"תבליני טעם וריח בע""מ",IL,תיבול על האש ללא מונ,גרמים,100.00,100 גרם,false,,10.90,10.9000,true,1,52017
7290011964702,false,שווארמה ללא מונסודיום 100 גרם מיכל גדול,"תבליני טעם וריח בע""מ",IL,תיבול לשווארמה ללא מ,גרמים,100.00,100 גרם,false,,10.90,10.9000,true,1,52018
7290011977924,false,"פסטה קרניים 100% חיטת דורום בד""ץ טעמן 500 גרם",מוצרי יסוד - טעמן,TR,פסטה קרנים\פרפלה טעמ,גרמים,500.00,100 גרם,false,,4.90,0.9800,true,1,101388
7290012013225,false,עוגת גבינה אפויה 420 גרם,,,עוגת גבינה ברון 420ג,גרמים,420.00,100 גרם,false,,39.90,9.5000,true,1,102476
7290012019258,false,מחית תפוחי עץ רביעיה 4 * 113 ג' תומר,אינדיאן סאמר קו אופ אינק,US,"מחית תפו""ע 4*113גר",גרמים,452.00,100 גרם,false,,12.90,2.8540,true,1,48729
7290012019265,false,רביעיית מחית תפוח עץ ללא תוספת סוכר תומר 113 גרם,אינדיאן סאמר קו אופ אינק,US,"מחית תפו""ע ללא סוכר",גרמים,452.00,100 גרם,false,,12.90,2.8540,true,1,48730
7290012019272,false,רביעיית מחית תפוח עץ וקינמון תומר 113 גרם,אינדיאן סאמר קו אופ אינק,US,"מחית תפו""ע עם קינמון",גרמים,452.00,100 גרם,false,,12.90,2.8540,true,1,48731
7290012022203,false,פריכיות קליליות חיטה,דילייט 2005,IL,קליליות (פריכיות) חי,גרמים,100.00,100 גרם,false,,15.90,15.9000,true,1,70988
7290012022227,false,קליליות חיטה בטעם טבעי,דילייט 2005,IL,קליליות (פריכיות) חי,גרמים,100.00,100 גרם,false,,13.90,13.9000,true,1,70989
7290012022272,false,פריכיות קליליות קידס,דילייט 2005,IL,קליליות קידס 30גר,גרמים,30.00,100 גרם,false,,12.90,43.0000,true,1,93610
7290012025822,false,שמיר סלק אסלי 400 גרם,"סלטי שמיר 2006 בע""מ",IL,סלק אסלי 400גר,גרמים,400.00,100 גרם,false,,14.90,3.7250,true,1,74283
7290012025839,false,מטבוחה שמיר אסלי 400 גרם,"סלטי שמיר 2006 בע""מ",IL,מטבוחה אסלי 400גר,גרמים,400.00,100 גרם,false,,14.90,3.7250,true,1,74284
7290012086113,false,עגבניות שרי צימן קופסא 500ג',קטיף.,IL,שרי קלמר ארוז 450 גר,גרמים,450.00,100 גרם,false,,9.90,2.2000,true,1,106703
7290012116025,false,שמפו פיית הפרפרים לסירוק קל מכיל רוזמרין,קוסמופארם בע'\'\מ,IL,כיף שמפו פיות 750מל,מיליליטרים,750.00,"100 מ""ל",false,,11.90,1.5867,true,1,51449
7290012116537,false,"מקסימה אבקת כביסה בניחוח מאסק סנו 2.5 ק""ג",טרופיקל דגיל תעשיות,IL,אבקת מקסימה 2.5 קג מ,קילוגרמים,2.50,"ק""ג",false,,25.90,10.3600,true,1,94569
7290012116551,false,אנטי קאלק נוזל לניקוי כללי סנו 2 ליטר,מיוצר עי קונדיטוריית,IL,אנטי קאלק ניקוי כללי,מיליליטרים,2000.00,"100 מ""ל",false,,21.90,1.0950,true,1,75338
7290012117091,false,"אבקת כביסה סנסיטיב סנו מקסימה 6 ק""ג",סנו מקסימה,IL,סנו מקסימה אבקת כביס,קילוגרמים,6.00,"ק""ג",false,,49.90,8.3167,true,1,46207
7290012117350,false,סנו ריצפז פרש 2 ליטר לילך לבנדר,"סנו מפעלי ברונוס בע""\מ",IL,ריצפז פרש לילך לבנדר,ליטרים,2.00,ליטר,false,,21.90,10.9500,true,1,46209
7290012117411,false,"שמפו וג'ל רחצה רויבוס 700 מ""ל ""קרמה""",קוסמופארם בע'\'\מ,IL,קרמה גל רחצה לגבר במ,מיליליטרים,700.00,"100 מ""ל",false,,17.90,2.5571,true,1,46658
7290012117541,false,מרכך כביסה מרוכז צהוב סנו מקסימה 1 ליטר,סנו מפעלי ברונוס בעמ,IL,סנו מקסימה קומפקט צה,מיליליטרים,1000.00,"100 מ""ל",false,,18.90,1.8900,true,1,48983
7290012117558,false,מקסימה מרכך כביסה מרוכז ורוד בניחוח מאסק סנו 1 ליטר,"סנו מפעלי ברונוס בע""\מ",IL,סנו מקסימה קומפקט מא,מיליליטרים,1000.00,"100 מ""ל",false,,18.90,1.8900,true,1,48984
7290012139567,false,בונזו ג'וי ביסקוויט עוף 122 גרם,בונזו,CN,בונזו ג'וי ביסקוויט,גרמים,90.00,100 גרם,false,,17.90,19.8889,true,1,98376
7290012191886,false,שמאי - גפרור ענק,,IN,גפרור ענק,יחידה,0.00,יחידה,false,,7.90,0.0000,true,1,112757
7290012193163,false,פמילי אל סבון נוזלי פריחת הדובדבן 1 ליטר,אף.סי תבליני בגליל ב,IL,פמלי אל סבון פרחי בר,מיליליטרים,1000.00,"100 מ""ל",false,,14.90,1.4900,true,1,64642
7290012226014,false,נקניקיות וינר זוגלובק 800 גרם,נקניק נהריה כשר זוגל,IL,נקניקיות וינר זוגלוב,גרמים,800.00,100 גרם,false,,23.90,2.9875,true,1,50317
7290012226021,false,נקניק סלמי מעושן פראג זוגלובק 400 גרם,נקניק נהריה כשר זוגל,IL,*מבצע* סלמי מעושן פר,גרמים,400.00,100 גרם,false,,15.90,3.9750,true,1,49578
7290012226120,false,"קבנוס 135 גרם ""זוגלובק""",נקניק נהריה כשר זוגל,IL,קבנוס זוגלובק 135גר,גרמים,135.00,100 גרם,false,,12.90,9.5556,true,1,51498
7290012226922,false,קבנוס בטעם שום זוגלובק 135 גרם,נקניק נהריה כשר זוגל,IL,קבנוס בטעם שום זוגלו,גרמים,135.00,100 גרם,false,,12.90,9.5556,true,1,52982
7290012226939,false,קבנוס עם צ'ילי חריף זוגלובק 135 גרם,נקניק נהריה כשר זוגל,IL,קבנוס בטעם צילי זוגל,גרמים,135.00,100 גרם,false,,12.90,9.5556,true,1,52983
7290012226991,false,"נקניקיות עוף באריזת ג''מבו 1.5 ק""ג זוגלובק",נקניק נהריה כשר זוגל,IL,*מבצע* נקניקיות בארי,גרמים,1000.00,100 גרם,false,,27.90,2.7900,true,1,119037
7290012227325,false,סלמי דק דק מעושן איטלקי 120 ג' זוגלובק,זוגלובק,IL,סלמי מעושן דק דק 120,גרמים,120.00,100 גרם,false,,14.90,12.4167,true,1,96102
7290012227400,false,נקניקיות עוף זוגלובק 800 גרם,נקניק נהריה כשר זוגל,IL,נקניקיות עוף זוגלובק,גרמים,800.00,100 גרם,false,,23.90,2.9875,true,1,70671
7290012227912,false,קבנוס מעודן זוגלובק 135 גרם,זוגלובק,IL,קבנוס מעודן זוגלובק,גרמים,135.00,100 גרם,false,,12.90,9.5556,true,1,76932
7290012227974,false,פסטרמה הודו בדבש טהור דק דק דק,זוגלובק,IL,פסטרמה בדבש דק דק 12,גרמים,120.00,100 גרם,false,,14.90,12.4167,true,1,96103
7290012227981,false,פסטרמה דק דק ברביקיו 120 ג' זוגלובק,זוגלובק,IL,פסטרמה ברביקיו דק דק,גרמים,120.00,100 גרם,false,,14.90,12.4167,true,1,96104
7290012227998,false,פסטרמה דק דק חזה בקר 120 ג' זוגלובק,זוגלובק,IL,חזה בקר דק דק 120גר,גרמים,120.00,100 גרם,false,,14.90,12.4167,true,1,96105
7290012228261,false,נקנקיות קנקרס הודו ועוף ריינהולד'ס זוגלובק 300 ג',זוגלובק,IL,נקניקיות הודו פרמיום,גרמים,300.00,100 גרם,false,,19.90,6.6333,true,1,98436
7290012228278,false,נקנקיות בוקוורסט עוף ובקר ריינהולד'ס 310 ג' זוגלובק,זוגלובק,IL,נקניקיות הודו בקר רי,גרמים,310.00,100 גרם,false,,19.90,6.4194,true,1,98437
7290012228704,false,הספרדיה – נקניקיית עוף ובקר חריפות ריינהולד'ס,זוגלובק,IL,נקניקיות סוסג' ספרדי,גרמים,300.00,100 גרם,false,,19.90,6.6333,true,1,99005
7290012245312,false,"גולד ציפס אמריקאי 1.5 ק""ג קפוא זן",יוליניבר,IL,גולד ציפס אמריקאי 1.,קילוגרמים,1.50,"ק""ג",false,,21.90,14.6000,true,1,111937
7290012245329,false,"גולד צ'יפס קלאסי 1.5 ק""ג קפוא זן",יוליניבר,BE,גולד צ'יפס קלאסי1.5,גרמים,1500.00,100 גרם,false,,21.90,1.4600,true,1,111938
7290012245336,false,"גולד צ'יפס סטייק 1.5 ק""ג גולד שארית",אגריסטו,IL,גולד סטייק צ'יפס -1.,גרמים,1500.00,100 גרם,false,,21.90,1.4600,true,1,111939
7290012247002,false,כרעיים עוף טרי ארוז,,,כרעיים עוף טרי ארוז,קילוגרמים,1.00,"ק""ג",true,,29.90,29.9000,true,1,137399
7290012247019,false,עוף שלם טרי ארוז,,,עוף שלם טרי ארוז,קילוגרמים,1.00,"ק""ג",true,,20.90,20.9000,true,1,137395
7290012247026,false,פילה עוף טרי ארוז,,,פילה עוף טרי ארוז,קילוגרמים,1.00,"ק""ג",true,,39.90,39.9000,true,1,137417
7290012247040,false,כבד עוף טרי ארוז לצל,,,כבד עוף טרי ארוז לצל,קילוגרמים,1.00,"ק""ג",true,,24.90,24.9000,true,1,137408
7290012247057,false,לב עוף טרי ארוז,,,לב עוף טרי ארוז,קילוגרמים,1.00,"ק""ג",true,,34.90,34.9000,true,1,137409
7290012247064,false,כנפיים עוף טרי ארוז,,,כנפיים עוף טרי ארוז,קילוגרמים,1.00,"ק""ג",true,,12.90,12.9000,true,1,137418
7290012247071,false,פרגיות טרי ארוז,,,פרגיות טרי ארוז,קילוגרמים,1.00,"ק""ג",true,,69.90,69.9000,true,1,137406
7290012247088,false,שניצל עוף טרי ארוז,,,שניצל עוף טרי ארוז,קילוגרמים,1.00,"ק""ג",true,,44.90,44.9000,true,1,137419
7290012247101,false,שוקיים עוף טרי ארוז,,,שוקיים עוף טרי ארוז,קילוגרמים,1.00,"ק""ג",true,,37.90,37.9000,true,1,137403
7290012247118,false,פרגיות טרי ארוז,,,פרגיות טרי ארוז,קילוגרמים,1.00,"ק""ג",true,,69.90,69.9000,true,1,137411
7290012247125,false,ירכיים עוף טרי ארוז,,,ירכיים עוף טרי ארוז,קילוגרמים,1.00,"ק""ג",true,,29.90,29.9000,true,1,137404
7290012309311,false,ערמונים קלופים ששון הקולה 100 גרם,"דין שיווק וקליה בע""מ",CN,ערמונים קלופים שלמים,גרמים,100.00,100 גרם,false,,6.90,6.9000,true,1,70113
7290012309939,false,חלווה מסולסלת בקופסא ששון הקולה 500 גרם,אף.סי תבליני בגליל ב,IL,חלבה מסולסלת 500גר,גרמים,500.00,100 גרם,false,,14.90,2.9800,true,1,48164
7290012404955,false,נקטר חמוציות ספרינג קולקשן 1.25 ליטר,יפאורה שותפות מובגלת לשיווק,IL,ספרינג קולקשיין נקטר,מיליליטרים,1250.00,"100 מ""ל",false,,13.90,1.1120,true,1,51922
7290012404993,false,נקטר דיאט חמוציות ספרינג קולקשן 1.25 ליטר,יפאורה שותפות מובגלת לשיווק,IL,ספרינג קולקשיין דיאט,מיליליטרים,1250.00,"100 מ""ל",false,,13.90,1.1120,true,1,51871
7290012413636,false,תה ירוק צ'אי מסאלה ויסוצקי 25 יחידות,ויסוצקי ירוק,IL,תה ירוק מסאלה 25יח,גרמים,1500.00,100 גרם,false,,26.90,1.7933,true,1,57367
7290012426407,false,אבן תלייה ריחני לרכב,,,אבן תלייה ריחני לרכב,יחידה,0.00,יחידה,false,,9.90,0.0000,true,1,97946
7290012426421,false,מפיץ ריח בקבוק בקופס,,,מפיץ ריח בקבוק בקופס,יחידה,0.00,יחידה,false,,19.90,0.0000,true,1,97947
7290012459726,false,עמבה פרימיום 500 גרם,,,עמבה פרימיום 500 גרם,גרמים,500.00,100 גרם,false,,10.90,2.1800,true,1,137759
7290012483608,false,"אורז בסמטי DAAWAT מהדרין 5 ק""ג.",הנסיך- מפעל לייצור ט,IN,אורז בסמטי ויליפוד 5,גרמים,5000.00,100 גרם,false,,49.90,0.9980,true,1,50607
7290012522581,false,טבעול שניצל תירס ללא גלוטן טבעול 664 גרם,עיצובים 2020 (4.8),IL,שניצל תירס ללא גלוטן,גרמים,664.00,100 גרם,false,,29.90,4.5030,true,1,63133
7290012561405,false,בצל חצי מטוגן דורות 180 גרם,עיצובים 2020 (3.8),IL,בצל חצי מטוגן דורות,גרמים,180.00,100 גרם,false,,12.90,7.1667,true,1,56958
7290012576607,false,"יין קברנה סוביניון פרמייר מלבק אדום ברקן 750 מ""ל","ברקן שיווק והפצה בע""",IL,יין פרימייר אדום קבר,מיליליטרים,750.00,"100 מ""ל",false,,29.90,3.9867,true,1,70557
7290012576614,false,יין Premieur לבן חצי יבש אמרלד ריזלינג קולומברד,יקבי ברקן שיווק והפצה בע,IL,יין פרימייר לבן ריזל,מיליליטרים,750.00,"100 מ""ל",false,,29.90,3.9867,true,1,70558
7290012642036,false,"פסטה ""לה פסטה"" 400 ג' ספגטי 400 ג'",מוטלו,TR,פסטה לה פסטה 5 ספגטי,גרמים,400.00,100 גרם,false,,5.90,1.4750,true,1,76666
7290012645020,false,"יוגורט עיזים טבעי בבקבוק חלב הארץ 500 מ""ל",מחלבת סוסיא,IL,משקה יוגורט עיזים חל,מיליליטרים,500.00,"100 מ""ל",false,,12.90,2.5800,true,1,128482
7290012645112,false,יוגורט עיזים 2.8% בדלי חלב הארץ 750 גרם,מחלבות סוסיא,IL,יוגורט עיזים בדלי 75,מיליליטרים,750.00,"100 מ""ל",false,,21.90,2.9200,true,1,91672
7290012645129,false,יוגורט כבשים 5% בדלי חלב הארץ 750 גרם,מחלבות סוסיא,IL,יוגורט כבשים 750מל ב,מיליליטרים,750.00,"100 מ""ל",false,,21.90,2.9200,true,1,91673
7290012645297,false,יוגורט עיזים ביו 2.8% טעם טבעי חלב הארץ 150 גרם,מחלבות סוסיא,IL,יוגורט עיזים בטעם טב,גרמים,150.00,100 גרם,false,,5.90,3.9333,true,1,72768
7290012645389,false,יוגורט עיזים 3.7%בבקבוק חלב הארץ 1 ליטר,מחלבות סוסיא,IL,יוגורט טבעי בקבוק 1ל,מיליליטרים,1000.00,"100 מ""ל",false,,23.90,2.3900,true,1,72772
7290012665059,false,קובה למרק חמים וטעים,"חמים וטעים בע""מ",IL,קובה למרק חמים וטעים,גרמים,400.00,100 גרם,false,,16.90,4.2250,true,1,68770
7290012803055,false,סוכרלוז מרמולייט- 100שקיות אישיות,"קיפל טבליות וממתיקים בע""מ",IL,סוכרלוז מרמולייט 100,גרמים,100.00,100 גרם,false,,29.90,29.9000,true,1,48229
7290012803215,false,וופל בלגי בטעם שוקולד ללא תוספת סוכר,בטר אנד דיפרנט,IL,וופל טוסו וופל בלגי,גרמים,200.00,100 גרם,false,,11.90,5.9500,true,1,64139
7290012803222,false,טוסו ופל בסגנון בלגי בטעם לימון ללא תוספת סוכר 200 גרם,בטר אנד דיפרנט,IL,וופל טוסו וופל בלגי,גרמים,200.00,100 גרם,false,,11.90,5.9500,true,1,64140
7290012803352,false,רייד תרסיס קוטל יתושים/זבובים 300 מל,אס.סי.ג'ונסון מידרכט,NL,רייד תרסיס קוטל מעופ,מיליליטרים,300.00,"100 מ""ל",false,,13.90,4.6333,true,1,51353
7290012803765,false,טוסו שוקולד מריר ללא תוספת סוכר 100 גרם,אלטינמארקה גידה סאן,TR,שוקולד טוסו מריר 100,גרמים,100.00,100 גרם,false,,13.50,13.5000,true,1,64141
7290012803772,false,טוסו שוקולד חלב ללא תוספת סוכר 100 גרם,אלטינמארקה גידה סאן,TR,שוקולד טוסו חלב 100ג,גרמים,100.00,100 גרם,false,,13.50,13.5000,true,1,64142
7290012803789,false,טוסו שוקולד מריר עם אגוזים ללא תוספת סוכר 100 גרם,האי נאם סי או אל.טי.,TR,שוקולד טוסו מריר ואג,גרמים,100.00,100 גרם,false,,13.50,13.5000,true,1,64143
7290012803796,false,טוסו שוקולד חלב עם אגוזים ללא תוספת סוכר 100 גר',אלטינמארקה גידה סאן,TR,שוקולד טוסו חלב ואגו,גרמים,100.00,100 גרם,false,,13.50,13.5000,true,1,64144
7290012823251,false,אל סבון נוזלי יסמין ולבנדר כיף 1 ליטר,קוסמופארם בע'\'\מ,IL,כיף אל סבון יסמין לב,מיליליטרים,1000.00,"100 מ""ל",false,,13.90,1.3900,true,1,48986
7290012823374,false,אנטי קאלק מטליות לחות לניקוי כללי סנו 50 יחידות,מיוצר עי קונדיטוריית,IL,מגבוני אנטי קאלק 50י,יח',50.00,יח',false,,13.90,0.2780,true,1,51644
7290012823381,false,מקסימה מרכך כביסה מרוכז סנסטיב בייבי סנו 1 ליטר,"סנו מפעלי ברונוס בע""\מ",IL,סנו מקסימה ורוד סנסט,מיליליטרים,1000.00,"100 מ""ל",false,,18.90,1.8900,true,1,50301
7290012823398,false,מטליות חד פעמיות לניקוי הרצפה בניחוח מרכך כביסה 10יח' סנו,סנו מפעלי ברונו בעמ,IL,מטליות לחות לרצפה בנ,יחידה,0.00,יחידה,false,,13.90,0.0000,true,1,135175
7290012823404,false,מטהר אוויר פרש אוטומטיק יסמין וסנדלווד,סנו פרש Fresh,IL,מטהר אוויר סנו פרש א,יחידה,0.00,יחידה,false,,16.90,0.0000,true,1,119982
7290012823602,false,נייר טואלט סופט סילק לבן - מארז 32 גלילים,טרופיקל דגיל תעשיות,IL,סופט סילק נייר טואלט,גרמים,1950.00,100 גרם,false,,37.90,1.9436,true,1,52364
7290012881992,false,נוזל שמשות 4 ח' מקסול,,,נוזל שמשות סאסאטק 4,ליטרים,4.00,ליטר,false,,10.90,2.7250,true,1,91679
7290012901355,false,דודלס ארוחת אטריות עם גבינה 206 גרם,האי נאם סי או אל.טי.,US,פסטה מקרוני עם גבינה,גרמים,206.00,100 גרם,false,,12.90,6.2621,true,1,72392
7290012921025,false,"בקבוק בירה מלכה בהירה 330 מ""ל","בירה מלכה בע""מ",IL,בירה מלכה בוטיק בהיר,מיליליטרים,330.00,"100 מ""ל",false,,14.90,4.5152,true,1,76685
7290012929779,false,פסטה מקמח מלא ספירלה 500גרם טעמן,מוצרי יסוד - טעמן,TR,פסטה ספירלה חיטה מלא,גרמים,500.00,100 גרם,false,,7.90,1.5800,true,1,68197
7290012929793,false,פסטה ספדטי מקמח מלא טעמן 500 גר',מוצרי יסוד - טעמן,TR,ספגטי מחיטה מלאה 500,גרמים,500.00,100 גרם,false,,7.90,1.5800,true,1,68199
7290012931611,false,כריות ברזל לקרצוף חזק שייני 3 יחידות,מ.א ייצור ושיווק מטל,CN,כריות ברזל 3יח,יח',3.00,יח',false,,7.90,2.6333,true,1,65387
7290012938405,false,"רדיד אלומיניום עבה במיוחד לבישול,אפייה והקפאה.",ריינולדס,CN,דאיימונד נייר כסף 87,מטרים,0.45,מטר,false,,21.90,48.6667,true,1,54842
7290012938580,false,"סנסודיין משחת שיניים להלבנה עדינה 75 מ""ל",גלקסוסמית'\קליין קונסיומ,GB,סנסודיין משחת שיניים,מיליליטרים,75.00,"100 מ""ל",false,,21.90,29.2000,true,1,62716
7290012938597,false,"סנסודיין משחת שיניים רפיד רליף 75 מ""ל","סמיתקליין ביצ'ם בע""מ",GB,סנסודיין משחת שיניים,מיליליטרים,75.00,"100 מ""ל",false,,21.90,29.2000,true,1,54843
7290012938740,false,"משחת שיניים פרש מינט מנטה 75מ""ל סנסודיין",גלקסו סמית קליין,GB,סנסודיין משחת שיניים,מיליליטרים,75.00,"100 מ""ל",false,,21.90,29.2000,true,1,65005
7290012962165,false,כפפות משק בית איזי טאץ אינטרסאן,B.H.R. & P.P,CN,כפפות משק בית איזי ט,יחידה,0.00,יחידה,false,,4.90,0.0000,true,1,74067
7290012962387,false,רדיד אלומיניום תעשיי,,,רדיד אלומיניום תעשיי,יחידה,0.00,יחידה,false,,14.90,0.0000,true,1,141726
7290012983160,false,סילאן בקבוק לחיץ 400 גרם,"חצר כנרת מוצרי תמר אגש""ח",IL,סילאן לחיץ חצר כנרת,גרמים,400.00,100 גרם,false,,10.90,2.7250,true,1,75859
7290012996672,false,סבון אסלה + בושם ל24 שעות ביום הפי,יוליניבר,IT,הפי סבון אסלה מבושם,גרמים,110.00,100 גרם,false,,12.90,11.7273,true,1,55834
7290013031051,false,אורז יסמין לבן שוקחה,,,אורז יסמין לבן שוקחה,גרמים,5000.00,100 גרם,false,,29.90,0.5980,true,1,90502
7290013038432,false,מים אקווה נובה בקבוק יחיד,אקווה נובה Aqua Nova,IL,מים אקווה נובה 2 ליט,מיליליטרים,2000.00,"100 מ""ל",false,,4.20,0.2100,true,1,99056
7290013083661,false,"מטרנה אקסטרה קר שלב 1 חסכון 700 גרם תמ""ל",מטרנה תעשיות ש.מ,IL,מטרנה אקסטרא קר שלב,גרמים,700.00,100 גרם,false,,59.90,8.5571,true,1,51357
7290013083685,false,תחליף חלב מטרנה אקסטרה קר שלב 3 חסכון 700 גרם,מטרנה תעשיות ש.מ,IL,מטרנה אקסטרא קר שלב,גרמים,700.00,100 גרם,false,,59.90,8.5571,true,1,51359
7290013117212,false,בורקס פילו במילוי גבינה מעדנות 600 גר,מיוצר עי קונדיטוריית,IL,בורקס פילו גבינה מעד,גרמים,600.00,100 גרם,false,,21.90,3.6500,true,1,49568
7290013117229,false,"בורקס פילו במילוי תפו""א מעדנות 600 גר",מיוצר עי קונדיטוריית,IL,בורקס פילו תפוא מעדנ,גרמים,600.00,100 גרם,false,,21.90,3.6500,true,1,49569
7290013117236,false,בורקס פילו פיצה מעדנות 600 גרם,מיוצר עי קונדיטוריית,IL,בורקס פילו פיצה מעדנ,גרמים,600.00,100 גרם,false,,21.90,3.6500,true,1,49570
7290013117243,false,בורקס פילו בולגרית מעדנות 600 גרם,מיוצר עי קונדיטוריית,IL,בורקס פילו בולגרית מ,גרמים,600.00,100 גרם,false,,21.90,3.6500,true,1,49571
7290013117410,false,בצק פריך מרודד למאפים מתוקים 900 ג' מעדנות,מיוצר עי קונדיטוריית,IL,בצק פריך מרודד למאפי,גרמים,900.00,100 גרם,false,,24.50,2.7222,true,1,55964
7290013117427,false,בצק פריך מרודד למאפים מלוחים מעדנות 2*450 גרם,מיוצר עי קונדיטוריית,IL,בצק פריך מרודד למאפי,גרמים,900.00,100 גרם,false,,24.50,2.7222,true,1,56382
7290013117526,false,בצק שמרים מרודד למאפים מתוקים מעדנות 900 גרם,"מעדנות בע""\מ",IL,בצק שמרים למאפים מתו,גרמים,900.00,100 גרם,false,,24.50,2.7222,true,1,56093
7290013224705,false,מגיק סלקט גל כביסה 3,,,מגיק סלקט גל כביסה 3,ליטרים,3.00,ליטר,false,,15.90,5.3000,true,1,56196
7290013268037,false,מקסימה מרכך כביסה מרוכז בניחוח לבנדר פצ'ולי סנו 1 ליטר,"סנו מפעלי ברונוס בע""\מ",IL,סנו מקסימה פצ'ולי סג,מיליליטרים,1000.00,"100 מ""ל",false,,18.90,1.8900,true,1,50289
7290013268839,false,פוליויקס פרקט-תרכיז ריחני לניקוי רצפות עץ,"סנו מפעלי ברונוס בע""\מ",IL,פוליויקס פרקט ניחוח,ליטרים,2.00,ליטר,false,,23.90,11.9500,true,1,98383
7290013268884,false,"נוזל רצפות מאסק 2 ליטר ""ריצפז פרש""",מיוצר עי קונדיטוריית,IL,ריצפז פרש מאסק 2ליטר,ליטרים,2.00,ליטר,false,,21.90,10.9500,true,1,51634
7290013268891,false,אוקסיג'ן ג'ל ללא אקונומיקה עם חמצן פעיל סנו 3 ליטר,"סנו מפעלי ברונוס בע""\מ",IL,סנו אוקסיגן 3ליטר,מיליליטרים,3000.00,"100 מ""ל",false,,33.90,1.1300,true,1,52675
7290013268907,false,ג'ל כביסה ביו בטמפרטורות נמוכות,"סנו מפעלי ברונוס בע""\מ",IL,סנו מקסימה גל כביסה,ליטרים,3.00,ליטר,false,,33.90,11.3000,true,1,52676
7290013268938,false,סנובון סבון לאסלה בניחוח מאסק סנו 3*65 גרם,סנו סנובון,IL,סנובון שלישיה מאסק 3,גרמים,195.00,100 גרם,false,,13.90,7.1282,true,1,52677
7290013268983,false,מרכך כביסה סופר מרוכז בבישום עוצמתי סנו מקסימה 1 ל',"סנו מפעלי ברונוס בע""\מ",IL,סנו מקסימה מרכך סופר,מיליליטרים,1000.00,"100 מ""ל",false,,18.90,1.8900,true,1,136693
7290013268990,false,מרכך כביסה מרוכז לבן ביו סנו מקסימה 1 ליטר,"סנו מפעלי ברונוס בע""\מ",IL,סנו מקסימה ביו 1ליטר,מיליליטרים,1000.00,"100 מ""ל",false,,18.90,1.8900,true,1,93802
7290013269003,false,מרכך כביסה סופר מרוכז בייבי לתינוקות ולעור רגיש,"סנו מפעלי ברונוס בע""\מ",IL,סנו מקסימה קר בייבי,מיליליטרים,1000.00,"100 מ""ל",false,,19.90,1.9900,true,1,80123
7290013269263,false,ג'ל כביסה מרוכז מקסימה בבישום קריסטל נואר,סנו מפעלי ברונוס בעמ,IL,סנו מקסימה גל כביסה,ליטרים,3.00,ליטר,false,,33.90,11.3000,true,1,55671
7290013269287,false,סנו - מקסימה ג'ל כביסה מרוכז מאסק 3 ליטר,"סנו מפעלי ברונוס בע""\מ",IL,סנו מקסימה גל כביסה,ליטרים,3.00,ליטר,false,,33.90,11.3000,true,1,63649
7290013269621,false,ריצפז פרש לניקוי רצפות בניחוח מלון בוטיק,מיוצר עי קונדיטוריית,IL,ריצפז פרש הום בניחוח,ליטרים,2.00,ליטר,false,,24.90,12.4500,true,1,98773
7290013269638,false,ספוג הפלא אקסטרה Extra- מארז 6 יח',החברה הדרומית,IL,סנו סושי ספוג הפלא א,יחידה,0.00,יחידה,false,,11.90,0.0000,true,1,67016
7290013269751,false,מטליות לחותריצפז פרש לניקוי ריצפה בניחות מלון בוטיק 10 יח' סנו,טרופיקל דגיל תעשיות,IL,ריצפז פרש הום מטליות,יח',10.00,יח',false,,13.90,1.3900,true,1,99474
7290013269911,false,"סנו K-333 קוטל חרקים ללא ריח 750מ""ל","סנו מפעלי ברונוס בע""",IL,K - 333 -נמלים 750 מ,מיליליטרים,750.00,"100 מ""ל",false,,32.90,4.3867,true,1,56528
7290013284075,false,זיתים פריניר טבעות מ,פריניר,,זיתים מושחרים טבעות,גרמים,560.00,100 גרם,false,,10.90,1.9464,true,1,98963
7290013284310,false,רוטב פסטה לילדים פריניר 240 גרם,פריניר ( הדס 1987) ב,IL,רוטב פסטה לילדים פרי,גרמים,240.00,100 גרם,false,,6.90,2.8750,true,1,98941
7290013358356,false,פירורי לחם מוזהבים מאסטר שף 320 גרם,מנה י.א בעמ,IL,פירורי לחם מוזהבים מ,גרמים,320.00,100 גרם,false,,7.90,2.4688,true,1,67460
7290013358363,false,מאסטר שף פרורי לחם פנקו עבים בסגנון יפני 300 גר,קריניציה ויטמינה אס,IL,פירורי לחם פנקו מאסט,גרמים,300.00,100 גרם,false,,8.90,2.9667,true,1,67461
7290013358370,false,פנקו פירורי לחם מאסטר שף בטעם שום 300 גרם,"מיוצר ע""י מנה י.א בע",IL,פירורי לחם פנקו בטעם,גרמים,300.00,100 גרם,false,,8.90,2.9667,true,1,67462
7290013358417,false,מאסטר שף אסייאתי רוטב טריאקי 300 מל כשלפ,קריניציה ויטמינה אס,TH,רוטב טריאקי אסייאתי,מיליליטרים,300.00,"100 מ""ל",false,,12.90,4.3000,true,1,76100
7290013358493,false,מנה אסייאתי קרם קוקוס פחית 400 מל מ.שף,תאי קוקונט פבליק קומפני,TH,קרם קוקוס פחית מאסטר,מיליליטרים,400.00,"100 מ""ל",false,,8.90,2.2250,true,1,90227
7290013358509,false,"מיקסלט גרעינים, קטניות ואגוזים",בטר אנד דיפרנט,IL,מיקסלט מאסטר שף 200ג,גרמים,200.00,100 גרם,false,,14.90,7.4500,true,1,76101
7290013358516,false,"מיקסלט חמוציות, גרעינים, קטניות ואגוזים",המאפיה של הרמן,IL,מיקסלט עם חמוציות מא,גרמים,200.00,100 גרם,false,,14.90,7.4500,true,1,90237
7290013358523,false,מאסטר שף שבבי בצל מטוגן 150 גרם,קריניציה ויטמינה אס,NL,שבבי בצל מטוגן מאסטר,גרמים,150.00,100 גרם,false,,13.90,9.2667,true,1,90236
7290013358530,false,מאסטר שף אסייאתי רוטב צ'ילי מתוק 700 מל כשלפ,קריניציה ויטמינה אס,TH,רוטב צילי מתוק מאסטר,מיליליטרים,700.00,"100 מ""ל",false,,14.90,2.1286,true,1,76102
7290013358547,false,מאסטר שף אסייאתי רוטב צ'ילי חריף 700 מל כשלפ,קי.אר.אס. ספייסי פוד,TH,רוטב צילי חריף מאסטר,מיליליטרים,700.00,"100 מ""ל",false,,14.90,2.1286,true,1,76103
7290013358806,false,מנה מאגדת פריכיות אורז עם מלח 264 גרם,מנה Mana,IL,פריכיות מנה אורז עם,גרמים,264.00,100 גרם,false,,12.90,4.8864,true,1,105501
7290013358837,false,מנה מאגדת פריכיות אורז ללא מלח 264 גרם,מנה,,פריכיות מנה ללא מלח,גרמים,264.00,100 גרם,false,,12.90,4.8864,true,1,134786
7290013389138,false,"ניוקי 500 ג' ""לה פסטה"" שלושה צבעים 500 גר' 12X",Ciemme alimentari sr,,ניוקי שלושה צבעים 50,גרמים,500.00,100 גרם,false,,9.90,1.9800,true,1,63197
7290013430083,false,"בירה אלכסנדר בלונד בקבוק 330 מ""ל",מנדלז סי.אר. פרודקשן,IL,בירה אלכסנדר בלונד 3,מיליליטרים,330.00,"100 מ""ל",false,,13.90,4.2121,true,1,77186
7290013430304,false,בירה אלכסנדר גרין GREEN בירה ישראלית,מנדלז סי.אר. פרודקשן,IL,בירה אלכסנדר גרין 3,מיליליטרים,330.00,"100 מ""ל",false,,13.90,4.2121,true,1,136289
7290013472199,false,ערמונים קלופים וקלויים 105 גרם,בייג'גג פוינונג,CN,ערמונים ויליפוד 100ג,גרמים,100.00,100 גרם,false,,7.90,7.9000,true,1,61951
7290013472892,false,בולגריה קוביות במי מלח - מרכיבי חלב ושומן צמחי,"קוליוס אס.איי, גריק",GR,בולגריה בקוביות וילי,גרמים,200.00,100 גרם,false,,11.90,5.9500,true,1,63093
7290013472908,false,הבולגריה בקוביות ויליפוד 400 גרם,וילי פוד,GR,הבולגריה בקוביות ויל,גרמים,400.00,100 גרם,false,,22.90,5.7250,true,1,97104
7290013492005,false,אמא אדמה תפוח אדמה למיקרו 700 גר',שרווין ווליאמס,IL,"תפו""א למיקרו",יחידה,0.00,יחידה,false,,7.90,0.0000,true,1,74512
7290013525802,false,סחוג תימני אדום 150 גר' שמיר,"סלטי שמיר 2006 בע""מ",IL,סלט סחוג אדום שמיר 1,גרמים,150.00,100 גרם,false,,12.90,8.6000,true,1,74263
7290013525819,false,סלט שום כתוש שמיר 15,"סלטי שמיר 2006 בע""מ",IL,סלט שום כתוש שמיר 15,גרמים,150.00,100 גרם,false,,12.90,8.6000,true,1,74264
7290013531117,false,רוטב פסטה לילדים 240 גרם יכין,"זנלכל בע""\מ",IL,רוטב פסטה לילדים יכי,גרמים,240.00,100 גרם,false,,6.90,2.8750,true,1,55969
7290013531346,false,סירופ דיאט בטעם לימונענע יכין 1 ליטר,"זנלכל בע""\מ",IL,סירופ דיאט לימונענע,מיליליטרים,1000.00,"100 מ""ל",false,,16.90,1.6900,true,1,64501
7290013531377,false,תורמוס A2 יכין בית יוסף,היינץ צפון אמריקה מק,IL,תורמוס יכין 560 גרם,גרמים,560.00,100 גרם,false,,10.90,1.9464,true,1,73364
7290013531612,false,רוטב לפסטה נפוליטנה יכין 240 גרם,זנלכל,IL,רוטב נפוליטנה יכין 2,גרמים,240.00,100 גרם,false,,6.90,2.8750,true,1,73282
7290013531759,false,שעועית אפויה במים יכין 330 גרם,"זנלכל בע""\מ",IL,שעועית אפוייה יכין 5,גרמים,550.00,100 גרם,false,,9.90,1.8000,true,1,72779
7290013539892,false,אל סבון נוזלי משאבה תה ירוק סטייל 1 ל',סטייל Style,TR,אל סבון נוזלי משאבה,ליטרים,1000.00,100 ליטר,false,,9.90,0.9900,true,1,110385
7290013539915,false,אל סבון נוזלי משאבה תה לבן סטייל 1 ל,סטייל Style,TR,אל סבון נוזלי משאבה,ליטרים,1000.00,100 ליטר,false,,9.90,0.9900,true,1,110386
7290013540225,false,נתחי טונה קטנה 158*4 גרם,תעשיות פילטונה,IL,טונה פרינס בשמן צמחי,גרמים,632.00,100 גרם,false,,19.90,3.1487,true,1,67796
7290013540874,false,נתחי טונה בשמן קנולה414,תעשיות פילטונה,IL,נתחי טונה בהירה בשמן,גרמים,414.00,100 גרם,false,,13.90,3.3575,true,1,102846
7290013541062,false,שזיף מגולען 300גר,,,שזיף מגולען 300גר,גרמים,300.00,100 גרם,false,,19.90,6.6333,true,1,72628
7290013541079,false,חמוציות 170גר,,,חמוציות 170גר,גרמים,170.00,100 גרם,false,,9.90,5.8235,true,1,72636
7290013541086,false,אגוזי מלך 200גר,,,אגוזי מלך 200גר,גרמים,200.00,100 גרם,false,,14.90,7.4500,true,1,72619
7290013541093,false,תמר מגהול 400 גרם,,,תמר מגהול 400 גרם,גרמים,400.00,100 גרם,false,,19.90,4.9750,true,1,72621
7290013541109,false,צנובר 100גר,,,צנובר 100גר,גרמים,100.00,100 גרם,false,,21.90,21.9000,true,1,72637
7290013541116,false,בננה ציפס 200גר,,,בננה ציפס 200גר,גרמים,200.00,100 גרם,false,,7.90,3.9500,true,1,72622
7290013541130,false,פקאן 150גר,,,פקאן 150גר,גרמים,150.00,100 גרם,false,,19.90,13.2667,true,1,72629
7290013541147,false,צימוקים גמבו 200גר,,,צימוקים גמבו 200גר,גרמים,200.00,100 גרם,false,,9.90,4.9500,true,1,72630
7290013541192,false,אגוז ברזיל 170גר,,,אגוז ברזיל 170גר,גרמים,170.00,100 גרם,false,,19.90,11.7059,true,1,72639
7290013541321,false,משמש מיובש 300גר,,,משמש מיובש 300גר,גרמים,300.00,100 גרם,false,,19.90,6.6333,true,1,72618
7290013542106,false,כוסות לונג דרינק גמי,,CN,כוסות לונג דרינק גמי,יח',10.00,יח',false,,13.90,1.3900,true,1,52088
7290013542144,false,כוסות קרטון 4OZ אר50 יח',,CN,כוסות נייר 4אוז 50יח,יח',50.00,יח',false,,6.90,0.1380,true,1,52307
7290013542151,false,נרות מספרים 4 6 8 10,,,נרות מספרים 4 6 8 10,יחידה,0.00,יחידה,false,,6.90,0.0000,true,1,93911
7290013542236,false,כוסות חד פעמי .א'ר 100 יח',,TR,כוסות ח.פ א'ר 100 דנ,יח',100.00,יח',false,,7.90,0.0790,true,1,72680
7290013542526,false,כוסות נייר שתיה חמה,כוסות שתייה חמה 3 ב,CN,כוס נייר 8 אוז 50יח,יח',50.00,יח',false,,9.90,0.1980,true,1,90138
7290013579492,false,"פיטאיה קפואה 250 גרם - Shake It - בד""ץ עדה חרדית","הבו-קדו בע""\מn\",IL,"פיטאיה קפואה בד""ץ 25",גרמים,250.00,100 גרם,false,,12.90,5.1600,true,1,140232
7290013580009,false,המבורגר זהב 400 גרם הקצביה בלדי,בלדי,IL,המבורגר זהב ארוז 400,גרמים,400.00,100 גרם,false,,19.90,4.9750,true,1,100687
7290013581648,false,אל מטאדור מינוט סטייק 250 גרם בלדי,בלדי,IL,סטייק מינוט 250 גרם,גרמים,250.00,100 גרם,false,,19.90,7.9600,true,1,128444
7290013585233,false,"ספרייט זירו פחית סליק 330 מ""ל",החברה המרכזית לייצור משקאות,IL,ספרייט זירו סילק 330,מיליליטרים,330.00,"100 מ""ל",false,,6.70,2.0303,true,1,73215
7290013585387,false,קוקה קולה זירו בקבוק,החברה המרכזית לייצור משקאות,IL,קוקה קולה זירו 1ליטר,מיליליטרים,1000.00,"100 מ""ל",false,,7.50,0.7500,true,1,73087
7290013585394,false,קוקה קולה 1ליטר בודד,החברה המרכזית לייצור משקאות,IL,קוקה קולה 1ליטר,מיליליטרים,1000.00,"100 מ""ל",false,,7.50,0.7500,true,1,73088
7290013608260,false,מיץ רימונים 100%מיץ סחוט טרי מצונן 1ליט,"גניר (1992) בע""מ",IL,פרימור רימונים סחוט,מיליליטרים,1000.00,"100 מ""ל",false,,24.90,2.4900,true,1,71020
7290013608635,false,פרימור משקה לימונים עם נענע 1ליטר,סטאר סנקס,IL,פרימור נקטר לימונים,מיליליטרים,1000.00,"100 מ""ל",false,,8.90,0.8900,true,1,92432
7290013608673,false,נקטר תפוחי עץ פרימור 1 ליטר,סטאר סנקס,IL,פרימור נקטר תפוחי עץ,מיליליטרים,1000.00,"100 מ""ל",false,,8.90,0.8900,true,1,89942
7290013608680,false,מיץ עגבניות פרימור 1 ליטר,סטאר סנקס,IL,פרימור מיץ עגבניות 1,מיליליטרים,1000.00,"100 מ""ל",false,,8.90,0.8900,true,1,89943
7290013652157,false,"ד""ר פישר - נטורל קר מגבונים להסרת איפור לעור רגיל יבש 30 יח' * 3",פישר מעבדות פרמצבטיות בע,IL,נטורל קר מגבונים להס,יחידה,0.00,יחידה,false,,26.90,0.0000,true,1,68924
7290013652843,false,נטורל קר שמפו לשיער רגיל- ורדים וחלב רימונים,פישר מעבדות פרמצבטיות,IL,נטורל קר שמפו לשיער,מיליליטרים,700.00,"100 מ""ל",false,,19.90,2.8429,true,1,63469
7290013652874,false,נטורל קר מרכך לשיער רגיל- ורדים וחלב רימונים,"ד""ר פישר Dr fischer",IL,נטורל קר מרכך לשיער,מיליליטרים,700.00,"100 מ""ל",false,,19.90,2.8429,true,1,63485
7290013675545,false,"שניצל כלי תחבורה ""מאמא עוף"" 700 גרם",תנובה גליל שותפות מוגבלת,IL,שניצל כלי תחבורה 700,גרמים,700.00,100 גרם,false,,38.90,5.5571,true,1,97267
7290013677846,false,"כוסמת מיה 1 ק""ג",מיה תעשיות מזון מ.ת.מ. ב,IL,"כוסמת 1 ק""ג",מיליליטרים,1000.00,"100 מ""ל",false,,13.90,1.3900,true,1,138563
7290013678010,false,כרוב לבן 400 גרם כיד,,,כרוב לבן 400 גרם כיד,גרמים,400.00,100 גרם,false,,12.90,3.2250,true,1,103034
7290013678034,false,פלפל מרוקאי 400 גרם,,,פלפל מרוקאי 400 גרם,גרמים,400.00,100 גרם,false,,12.90,3.2250,true,1,103036
7290013678041,false,פלפל רצועות 400 גרם,,,פלפל רצועות 400 גרם,גרמים,400.00,100 גרם,false,,12.90,3.2250,true,1,103037
7290013678065,false,חציל עם פלפל חריף 40,,,חציל עם פלפל חריף 40,גרמים,400.00,100 גרם,false,,12.90,3.2250,true,1,103032
7290013678171,false,חציל המלך 400 גרם כי,,,חציל המלך 400 גרם כי,גרמים,400.00,100 גרם,false,,12.90,3.2250,true,1,103033
7290013702883,false,"שוופס מוגז פינק למונייד 500 מ""ל",יפאורה שותפות מובגלת לשיווק,IL,שוופס לימונדה ורודה,מיליליטרים,500.00,"100 מ""ל",false,,5.90,1.1800,true,1,101131
7290013724939,false,משוקלדים חמוציות מריר 140 גר' קופסא,"דין שיווק וקלייה בע""",IL,משוקלדים חמוציות מרי,גרמים,160.00,100 גרם,false,,9.90,6.1875,true,1,64711
7290013724953,false,חמוציות בציפוי שוקולד בקופסא שקדיה 140 גרם,"דין שיווק וקלייה בע""",IL,משוקולדים חמוציות חל,גרמים,160.00,100 גרם,false,,9.90,6.1875,true,1,63627
7290013724960,false,שקדים בציפוי שוקולד בקופסא שקדיה 140 גרם,"דין שיווק וקלייה בע""",IL,משוקלדים שקד חלב קופ,גרמים,160.00,100 גרם,false,,9.90,6.1875,true,1,63628
7290013724977,false,צימוקים בשוקולד מריר 140 גר שקדיה,"דין שיווק וקלייה בע""",IL,משוקלדים צימוק מריר,גרמים,160.00,100 גרם,false,,9.90,6.1875,true,1,63623
7290013724991,false,אגוזי לוז בציפוי שוקולד בקופסא שקדיה 140 גרם,"דין שיווק וקלייה בע""",IL,משוקולדים לוז חלב קו,גרמים,160.00,100 גרם,false,,9.90,6.1875,true,1,63630
7290013725752,false,נודלס דק להכנה מהירה400ג,,CN,נודלס דק סו שף 400גר,גרמים,400.00,100 גרם,false,,9.90,2.4750,true,1,89998
7290013725769,false,נודלס עבה הכנה מהירה400ג,,CN,נודלס עבה סו שף 400ג,גרמים,400.00,100 גרם,false,,9.90,2.4750,true,1,89999
7290013725820,false,אגוזי לוז בשוקולד מריר 140 גר שקדיה,"דין שיווק וקלייה בע""",IL,משוקלדים לוז מריר קו,גרמים,160.00,100 גרם,false,,9.90,6.1875,true,1,63624
7290013725844,false,חטיף שומשום בשוקולד מריר 160ג,"דין שיווק וקלייה בע""",IL,משוקלדים שומשום מריר,גרמים,160.00,100 גרם,false,,9.90,6.1875,true,1,63632
7290013771131,false,לאבנה עיזים 5% 250 גרם,מיוצר עי קונדיטוריית,IL,לאבנה עיזים 5% 250גר,גרמים,250.00,100 גרם,false,,19.50,7.8000,true,1,63090
7290013771261,false,בולגרית מעודנת 5% 250גרם,מחלבת השומרון,IL,בולגרית מעודנת 5% 25,גרמים,250.00,100 גרם,false,,14.90,5.9600,true,1,72677
7290013771292,false,גבינה פטאקי 16% שומר,מחלבת השומרון,IL,פטאקי 16% 250גר הסדר,גרמים,250.00,100 גרם,false,,14.90,5.9600,true,1,72674
7290013787156,false,רוטב שמנת גראנה פדאנו 200 גרם,קריניסה ויטמין אס אי,IL,רוטב ריקו שמנת גראנה,גרמים,200.00,100 גרם,false,,14.90,7.4500,true,1,128513
7290013787392,false,רביולי גבינות קלאסי 330 גרם ריקו בית יוסף,דודו איטליאן פרודקטס בע\,IL,רביולי ריקו גבינות ק,גרמים,330.00,100 גרם,false,,28.90,8.7576,true,1,128506
7290013787408,false,רביולי בטטה 330 גרם ריקו בית יוסף,דודו איטליאן פרודקטס בע\,IL,רביולי ריקו בטטה 330,גרמים,330.00,100 גרם,false,,28.90,8.7576,true,1,128507
7290013787415,false,רביולי ריקוטה תרד 330 גרם ריקו בית יוסף,דודו איטליאן פרודקטס בע\,IL,רביולי ריקו ריקוטה ת,גרמים,330.00,100 גרם,false,,28.90,8.7576,true,1,128508
7290013847102,false,נתחי טונה בהירה בשמן - מארז שלישיה,סטארקיסט Starkist,TR,טונה סטארקיסט בשמן 3,גרמים,240.00,100 גרם,false,,12.90,5.3750,true,1,61955
7290013847386,false,סטארקיסט נתחי טונה בהירה במים ושמן קנולה בטעם טבעי 140 גרם,"סטארקיסט פודור בע""מ",IL,טונה סטארקיסט לייט 4,גרמים,140.00,100 גרם,false,,7.90,5.6429,true,1,99000
7290013847409,false,סטארקיסט לייט נתחי טונה בהירה במים ושמן קנולה עם לימון ופלפל חריף 140 גרם,סטארקיסט Starkist,IL,טונה סטארקיסט לייט 4,גרמים,140.00,100 גרם,false,,7.90,5.6429,true,1,99002
7290013847454,false,טונה סטארקיסט שמן קנולה רביעיות 4*160 גר,"טונה ויאטנם קו,. אל.טי.ד",VN,טונה בשמן קנולה רביע,גרמים,640.00,100 גרם,false,,25.90,4.0469,true,1,137297
7290013847553,false,נתחי טונה בהירה במים דל נתרן - מארז רביעיה,"סטארקיסט פודור בע""מ",TH,סטארקיסט טונה רביעיי,גרמים,640.00,100 גרם,false,,25.90,4.0469,true,1,139091
7290013847867,false,מארז זוג טונה בשמן סויה 140 ג' סטארקיסט,טונה ויטנאם קו. אל.ט,IL,טונה סטארקיסט בשמן ס,גרמים,140.00,100 גרם,false,,12.90,9.2143,true,1,112860
7290013848017,false,תרסיס ניקוי והברקת נירוסטה,"סנו מפעלי ברונוס בע""מ",IL,ניקוי והברקה נירוסטה,מיליליטרים,500.00,"100 מ""ל",false,,22.90,4.5800,true,1,98384
7290013848581,false,סנו סושי מגבות נייר בגליל ענק.,סנו,IL,מגבת נייר גליל סנו ס,יחידה,0.00,יחידה,false,,13.90,0.0000,true,1,112864
7290013861412,false,המתוקים של ששון קוקוס 250 גרם,קריניציה ויטמינה אס,IL,חטיף קוקוס250גר,גרמים,250.00,100 גרם,false,,9.90,3.9600,true,1,91719
7290013861429,false,המתוקים של ששון שומשום 250 גרם,קריניציה ויטמינה אס,IL,חטיף שומשום250גר,גרמים,250.00,100 גרם,false,,9.90,3.9600,true,1,91720
7290013861443,false,ששון הקולה-חטיפי אנג'וי בוטנים 250 ג',קריניציה ויטמינה אס,IL,חטיף בוטנים 250גר,גרמים,250.00,100 גרם,false,,9.90,3.9600,true,1,91714
7290013883407,false,"דזיטול מרסס לחיטוי כללי יעקבי 750 מ""ל",יעקבי - דזיטול Desytol,ES,דזיטול מרסס מחטא ומש,מיליליטרים,500.00,"100 מ""ל",false,,15.90,3.1800,true,1,64865
7290013906205,false,פסטרמה עם שום וצילי טירת צבי 400 ג',הנסיך- מפעל לייצור ט,IL,פסטרמה שום וצ'ילי פי,גרמים,400.00,100 גרם,false,,28.90,7.2250,true,1,89602
7290013906212,false,"נקנקיות וינר טירת 1 ק""ג טירת צבי",הנסיך- מפעל לייצור ט,IL,נקניקיות וינר טירת צ,גרמים,1000.00,100 גרם,false,,29.90,2.9900,true,1,89615
7290013906441,false,קבנוס טירת צבי 120 גרם,הנסיך- מפעל לייצור ט,IL,קבנוס טירת צבי 120גר,גרמים,120.00,100 גרם,false,,11.90,9.9167,true,1,89617
7290013906458,false,קבנוס בטעם פיקנטי טירת צבי 120 גרם,הנסיך- מפעל לייצור ט,IL,קבנוס פיקנטי טירת צב,גרמים,120.00,100 גרם,false,,11.90,9.9167,true,1,89618
7290013906687,false,פסט' צמד כפרית ברביקיו ודבש 300X2ג' טירת צבי,הנסיך- מפעל לייצור ט,IL,פסטרמה צמד מארז כפרי,גרמים,600.00,100 גרם,false,,28.90,4.8167,true,1,89609
7290013927156,false,אחוה בטעם פירות יער ללא תוספת סוכר 450 גרם.,אחדות ביחר לטחינה חל,IL,עוגה בטעם פירות יער,גרמים,450.00,100 גרם,false,,13.90,3.0889,true,1,64704
7290013927637,false,חלוה ללא תוספת סוכר במגש 400 גר' אחוה,אחדות ביחר לטחינה חל,IL,חלווה ללא תוספת סוכר,גרמים,400.00,100 גרם,false,,13.90,3.4750,true,1,99280
7290014002197,false,חליטת קמומיל ולימונית הגן הקסום ויסוצקי 25 יחידות,תה ויסוצקי,IL,חליטת קמומיל ולימוני,יח',25.00,יח',false,,19.90,0.7960,true,1,65601
7290014002203,false,חליטת לימונית ולואיזה הגן הקסום ויסוצקי 25 יחידות,תה ויסוצקי,IL,חליטת לימונית לואיזה,יח',25.00,יח',false,,19.90,0.7960,true,1,65602
7290014002944,false,גן קסום חליטת פירות וצמחים חמדת שקד 25 שקיקים,תה ויסוצקי,IL,תה הגן הקסום חליטת פ,גרמים,57.50,100 גרם,false,,19.90,34.6087,true,1,71641
7290014046016,false,פסטרמה של פעם דל שומן 2% רכיבים טבעיים,מעדני יחיעם,IL,פסטרמה הודו 100% חומ,גרמים,250.00,100 גרם,false,,27.90,11.1600,true,1,70253
7290014046047,false,צמד פסטרמות יחיעם 600 גרם,מעדני יחיעם 1993,IL,צמד פסטרמות פפריקה ו,גרמים,600.00,100 גרם,false,,29.90,4.9833,true,1,71599
7290014046436,false,נשנושי קבנוס יחיעם 125 גרם,מעדני יחיעם 1993,IL,נשנושי קבנוס יחיעם 1,גרמים,125.00,100 גרם,false,,14.90,11.9200,true,1,67675
7290014046474,false,"נקניקיות עוף יחיעם 1.5 ק""ג",מעדני יחיעם,IL,נקניקיות עוף יחיעם 1,גרמים,1500.00,100 גרם,false,,29.90,1.9933,true,1,90101
7290014046757,false,סלמי תה מעדני יחיעם,מעדני יחיעם,IL,סלמי תה יחיעם 300 גר,גרמים,300.00,100 גרם,false,,25.90,8.6333,true,1,77030
7290014066359,false,לנדוור-קפסולות אספרסו בלנסד(06) - 10יח'12X יח,"קפה לנדוור בע""\מ",IL,לנדוור קפסולות אספרס,גרמים,50.00,100 גרם,false,,15.90,31.8000,true,1,120012
7290014066366,false,לנדוור-קפסולות אספרסו ריסטרטו(08) - 10יח'12X יח,קפה לנדוור,IL,לנדוור קפסולות אספרס,גרמים,50.00,100 גרם,false,,15.90,31.8000,true,1,120017
7290014066373,false,לנדוור-קפסולות אספרסו קלאסיק(09) - 10יח'12X יח,קפה לנדוור,IL,לנדוור קפסולות אספרס,גרמים,50.00,100 גרם,false,,15.90,31.8000,true,1,120013
7290014066380,false,לנדוור-קפסולות אספרסו סופרימו(10) - 10יח'12X יח,קפה לנדוור,IL,לנדוור קפסולות אספרס,גרמים,50.00,100 גרם,false,,15.90,31.8000,true,1,120014
7290014083813,false,וילי פוד מריגה שפרוטים מעושנים בשמן 190ג,הנסיך- מפעל לייצור ט,LV,שפרוטים מעושנים בשמן,גרמים,190.00,100 גרם,false,,9.90,5.2105,true,1,68150
7290014088948,false,קקאו 150 גרם 100 %-ח,,,קקאו 150 גרם 100 %-ח,גרמים,150.00,100 גרם,false,,8.90,5.9333,true,1,137747
7290014088962,false,שוקולה 850 גרם פרימי,,,שוקולה 850 גרם פרימי,גרמים,850.00,100 גרם,false,,10.90,1.2824,true,1,137756
7290014088993,false,סודה לשתייה פרימיום,,,סודה לשתייה פרימיום,גרמים,1000.00,100 גרם,false,,9.90,0.9900,true,1,138001
7290014094352,false,אגוזי מלך בקופסא 200 ג',"שקדיה גבע תעשיות בע""",,אגוזי מלך בקופסא 200,גרמים,200.00,100 גרם,false,,19.90,9.9500,true,1,70963
7290014094369,false,שקד טבעי 200 גר קופסא ששון הקולה,"דין שיווק וקלייה בע""",IL,שקד טבעי בקופסא 200ג,גרמים,200.00,100 גרם,false,,23.90,11.9500,true,1,70964
7290014094376,false,שזיפים ללא גלעין בקופסא ששון הקולה 330 גרם,"דין שיווק וקלייה בע""",,שזיף ללא גלעין 250 ג,גרמים,250.00,100 גרם,false,,22.90,9.1600,true,1,70965
7290014094383,false,משמש מיובש ששון הקול,"דין שיווק וקלייה בע""",,משמש 250 גרם בקופסא,גרמים,250.00,100 גרם,false,,22.90,9.1600,true,1,75040
7290014094390,false,חמוציות בקופסא ששון הקולה 330 גרם,"דין שיווק וקלייה בע""",,חמוציות 250 גרם קופס,גרמים,250.00,100 גרם,false,,16.90,6.7600,true,1,70966
7290014094406,false,צימוק לבן בקופסא ששון הקולה 330 גרם,"דין שיווק וקלייה בע""",,צימוק לבן קופסא 330ג,גרמים,330.00,100 גרם,false,,17.90,5.4242,true,1,70967
7290014094628,false,פקאן טבעי 200 ג' בקופסא,"דין שיווק וקלייה בע""",IL,פקאן טבעי בקופסא 200,גרמים,200.00,100 גרם,false,,23.90,11.9500,true,1,70969
7290014094642,false,קשיו טבעי גדול בקופס,"דין שיווק וקלייה בע""",IL,קשיו טבעי גדול בקופס,גרמים,250.00,100 גרם,false,,23.90,9.5600,true,1,70971
7290014094659,false,בונדוק טבעי 250 גרם בקופסא,"ליגו, ואני",IL,בונדוק טבעי בקופסא 2,גרמים,250.00,100 גרם,false,,23.90,9.5600,true,1,70972
7290014094895,false,אגוזים קלופים בשקית ששון הקולה 150 גרם,"שקדיה גבע תעשיות בע""",IL,אגוזי מלך שקית 150גר,גרמים,150.00,100 גרם,false,,10.90,7.2667,true,1,75008
7290014095861,false,שיבולת שועל דקה בשקית שקדיה 500 גרם,"דין שיווק וקלייה בע""",IL,קוואקר שיבולת שועל ד,גרמים,500.00,100 גרם,false,,7.90,1.5800,true,1,67423
7290014095946,false,משוקלדים פקאן בשוקולד מריר 140 גרם,"שקדיה גבע תעשיות בע""",IL,פקאן בשוקולד מריר שק,גרמים,160.00,100 גרם,false,,9.90,6.1875,true,1,91735
7290014095953,false,פקאן בציפוי שוקולד בקופסא שקדיה 140 גרם,שקדיה גבע בתעשיות עמ,IL,משוקלדים פקאן חלב קו,גרמים,160.00,100 גרם,false,,9.90,6.1875,true,1,91736
7290014138971,false,לפידונים - כוסיות שמן זית מוצק - 44 כוסיות,מנורה,,ערכת לפידונים משמן ז,יחידה,0.00,יחידה,false,,54.90,0.0000,true,1,98447
7290014138988,false,לפידונים נוזלי 44 כוסיות עם שמן זית להדלקה בחנוכה,מנורה,,ערכת לפידונים משמן ז,יחידה,0.00,יחידה,false,,54.90,0.0000,true,1,74758
7290014204560,false,"פנינהרוזנבלום- סבון נוזלי לידיים שלישיה,3*500 מ""ל",פ.רוזנבלום כללי,IL,*מבצע* סבון שלישייה,ליטרים,1.50,ליטר,false,,10.90,7.2667,true,1,141675
7290014204683,false,סבון משאבה סגול 1 ליטר פנינה רוזנבלום,פנינה רוזנבלום,IL,סבון נוזלי משאבה סגו,מיליליטרים,1000.00,"100 מ""ל",false,,11.90,1.1900,true,1,106291
7290014217010,false,דגים T130 -BUL בקופ' 90 גר' טעם וריח,"תבליני טעם וריח בע""מ",IL,תיבול דגים 90גר,גרמים,90.00,100 גרם,false,,13.90,15.4444,true,1,65172
7290014217027,false,עוף T130 -BUL בקופ' 120 גר' טעם וריח,"תבליני טעם וריח בע""מ",IL,תיבול עוף 120גר,גרמים,120.00,100 גרם,false,,13.90,11.5833,true,1,65173
7290014217065,false,אורגנו עלים בקופ' 30 גר' טעם וריח,"תבליני טעם וריח בע""מ",IL,אורגנו מיכל גדול 30ג,גרמים,30.00,100 גרם,false,,9.90,33.0000,true,1,64659
7290014217140,false,"מיכל ראס אל חנות 100 גר' ""טעם וריח""","תבליני טעם וריח בע""מ",IL,תבלין ראס אל חנות 10,גרמים,100.00,100 גרם,false,,10.90,10.9000,true,1,107238
7290014217157,false,תיבול טוסקנה בקופ' 120 גר' טעם וריח,"תבליני טעם וריח בע""מ",IL,מיכל תערובת תיבול טו,גרמים,120.00,100 גרם,false,,10.90,9.0833,true,1,71700
7290014217164,false,תבלין פטרוזיליה מיכל גדול 20 ג',"תבליני טעם וריח בע""מ",IL,פטרוזיליה מיכל גדול,גרמים,20.00,100 גרם,false,,10.90,54.5000,true,1,73084
7290014217201,false,"תערובת תיבול סומק 45 גרם ""טעם וריח""","תבליני טעם וריח בע""מ",IL,תערובת תיבול סומק 45,גרמים,45.00,100 גרם,false,,6.50,14.4444,true,1,74958
7290014217225,false,גריל עוף בקופ' 120 גר' טעם וריח,"תבליני טעם וריח בע""מ",IL,גריל עוף מיכל 120גר,גרמים,120.00,100 גרם,false,,11.90,9.9167,true,1,70463
7290014217263,false,תיבול לפרגית בקופ' 100 גר' טעם וריח,"תבליני טעם וריח בע""מ",IL,תערובת תיבול לפרגיות,גרמים,100.00,100 גרם,false,,10.90,10.9000,true,1,76471
7290014217348,false,"מיכל צ'ילי כתוש 70 גר' ""טעם וריח""","תבליני טעם וריח בע""מ",IL,צ'ילי כתוש מיכל 70גר,גרמים,70.00,100 גרם,false,,10.90,15.5714,true,1,70466
7290014217355,false,קרי אבקה בקופ' 100 גר' טעם וריח,"תבליני טעם וריח בע""מ",IL,אבקת קרי מיכל 100גר,גרמים,100.00,100 גרם,false,,10.90,10.9000,true,1,70467
7290014217409,false,תערובת עשבי תיבול הרבס דה פרובנס טעם וריח 100 ג',"תבליני טעם וריח בע""מ",IL,תערובת עשבי תיבול ה,גרמים,100.00,100 גרם,false,,10.90,10.9000,true,1,137558
7290014217485,false,תיבול קייג'ון בקופ' 100 גר' טעם וריח,"תבליני טעם וריח בע""מ",IL,תערובת תיבול קייג'ון,גרמים,100.00,100 גרם,false,,10.90,10.9000,true,1,101544
7290014217492,false,תיבול פילדלפיה בקופ' 100 גר' טעם וריח,"תבליני טעם וריח בע""מ",IL,תערובת תיבול פילדלפי,גרמים,100.00,100 גרם,false,,10.90,10.9000,true,1,101545
7290014217522,false,תערובת ללחם שום טעם וריח 100 ג',"תבליני טעם וריח בע""מ",IL,לחם שום תערובת מיכל,גרמים,100.00,100 גרם,false,,10.90,10.9000,true,1,98284
7290014217911,false,תבלין פלפל אדום מתוק בשקית 150 גר,"תבליני טעם וריח בע""\מ",IL,פלפל אדום מתוק שלם 1,גרמים,150.00,100 גרם,false,,14.90,9.9333,true,1,95706
7290014218321,false,בורקס אישי יפו גבינה מעדנות 600 גרם,מיוצר עי קונדיטוריית,IL,בורקס יפו גבינה מעדנ,גרמים,600.00,100 גרם,false,,19.90,3.3167,true,1,90260
7290014218338,false,"בורקס אישי יפו תפו""א מעדנות 600 גרם",מיוצר עי קונדיטוריית,IL,"בורקס יפו תפו""א מעדנ",גרמים,600.00,100 גרם,false,,15.90,2.6500,true,1,90261
7290014218536,false,בצק עלים מרודד מופחת שומן מעדנות 1 קג,תנובה מעדנות,IL,בצק עלים מופחת שומן,גרמים,1000.00,100 גרם,false,,22.90,2.2900,true,1,90338
7290014218932,false,חטיפי פיצה בתוספ זיתים בשקית מעדנות 710 גרם,מיוצר עי קונדיטוריית,IL,חטיפי פיצה בתוספת זי,גרמים,710.00,100 גרם,false,,33.90,4.7746,true,1,99833
7290014241589,false,מיקס אגוזים טבעי וחמוציות 150 גרם,פיצוחי הטיב,IL,מיקס אגוזים טבעי וחמ,גרמים,150.00,100 גרם,false,,10.90,7.2667,true,1,72023
7290014241763,false,פיצוחי הטיב קשיו טבעי 200 גר,פיצוחי הטיב,IL,קשיו טבעי 200גר,גרמים,200.00,100 גרם,false,,17.90,8.9500,true,1,75091
7290014397453,false,סנו אוקסיגן גל מסיר כתמים כביסה לבנה 3 ל,סנו אוקסיג'ן,IL,סנו אוקסיגן לכביסה ל,מיליליטרים,3000.00,"100 מ""ל",false,,33.90,1.1300,true,1,67381
7290014397705,false,נוזל רצפות פוליווקס פרקט מרענן סנו 2ל',סנו פוליויקס,IL,פוליויקס פרקט בניחוח,ליטרים,2.00,ליטר,false,,23.90,11.9500,true,1,69031
7290014397767,false,סנו ריצפז פרש הום 2 ליטר בניחוח כותנה-מרכז,"סנו מפעלי ברונוס בע""",IL,ריצפז פרש הום בניחוח,ליטרים,2.00,ליטר,false,,24.90,12.4500,true,1,68535
7290014397781,false,סנו ריצפז פרש הום 2 ליטר בניחוח סבון,סנו פרש Fresh,IL,ריצפז פרש הום בניחוח,ליטרים,2.00,ליטר,false,,24.90,12.4500,true,1,68537
7290014435704,false,סלמון מעושן שמיר 100 גרם,שבעת הימים - שמיר,IL,סלמון מעושן 100גר,גרמים,100.00,100 גרם,false,,23.90,23.9000,true,1,140515
7290014435803,false,מטיאס הולנדי (פרובנציאל) עם בצל בשמן 180 גרם,שבעת הימים - שמיר,IL,מטיאס הולנדי (פרובנצ,גרמים,180.00,100 גרם,false,,23.90,13.2778,true,1,74287
7290014435810,false,נתחי הרינג כבוש עם בצל במרינת חמוץ מתוק שמיר 220 גרם,שבעת הימים - שמיר,IL,הרינג כבוש עם בצל במ,גרמים,180.00,100 גרם,false,,23.90,13.2778,true,1,74288
7290014435827,false,פילה מקרל מעושן בשמן ויטהול 180 גר,שבעת הימים - שמיר,IL,פילה מקרל מעושן בשמן,גרמים,180.00,100 גרם,false,,24.90,13.8333,true,1,74289
7290014435834,false,מקרל מעושן פרוס בשמן שמיר 180 גרם,שבעת הימים - שמיר,IL,מקרל מעושן פרוס בשמן,גרמים,180.00,100 גרם,false,,24.90,13.8333,true,1,74290
7290014435841,false,פילה הרינג עם בצל בשמן מטיאס הולנדי שמיר 200 גרם,סלטי שמיר 2006 בעמ,IL,פילה מטיאס הולנדי בש,גרמים,180.00,100 גרם,false,,23.90,13.2778,true,1,74291
7290014435872,false,סלט הרינג עם מיונז שמיר 200 גרם,שבעת הימים - שמיר,IL,סלט הרינג מיונז 200ג,גרמים,200.00,100 גרם,false,,24.90,12.4500,true,1,74292
7290014435896,false,סלט סלמון עם מיונז שמיר 180 גרם,שבעת הימים - שמיר,IL,סלט סלמון עם מיונז 2,גרמים,200.00,100 גרם,false,,24.90,12.4500,true,1,74294
7290014455245,false,גבינת גרנה פדנו משולש 29% 200 גרם בית יוסף,מחלבת סוציאלה מנטובה,IT,גרנה פדנו משולש מחלב,גרמים,200.00,100 גרם,false,,28.50,14.2500,true,1,75512
7290014455252,false,גבינה קשה מגורדת גרנה פדנו 29% שומן,מחלבות גד שיווק 1992,IT,*מבצע* גרנה פדנו מגו,גרמים,100.00,100 גרם,false,,11.00,11.0000,true,1,75513
7290014455320,false,גבינה כדורי מוצרלה פרסקה גד 100ג',מחלבות גד בעמ,IL,כדור מוצרלה פרסקה 18,גרמים,100.00,100 גרם,false,,10.30,10.3000,true,1,74910
7290014455467,false,ירח מתוק מעדן חלב 2% ושיבולת שועל גד 150ג',גבינות מדף,IL,מעדן שיבולת שועל וחל,גרמים,150.00,100 גרם,false,,6.00,4.0000,true,1,75514
7290014471412,false,"מוזלי בוטנים אגוזים ושקדים 1 ק""ג - 412 ירוק שקדיה","דין שיווק וקלייה בע""",IL,מוזלי עם בוטנים אגוז,גרמים,1000.00,100 גרם,false,,19.90,1.9900,true,1,71734
7290014471429,false,"מוזלי עם פירות 1 ק""ג - 429 סגול שקדיה","דין שיווק וקלייה בע""",IL,מוזלי עם פירות שקדיה,גרמים,1000.00,100 גרם,false,,19.90,1.9900,true,1,71735
7290014471443,false,"גרנולה צימוקים אגוזים ושקדים 1 ק""ג - כתום שקדיה","דין שיווק וקלייה בע""",IL,גרנולה עם צימוקים אג,גרמים,1000.00,100 גרם,false,,19.90,1.9900,true,1,71737
7290014472228,false,תאנים מיובשות 250 גר,"דין שיווק וקלייה בע""",,תאנים בקופסא 330גרם,גרמים,330.00,100 גרם,false,,22.90,6.9394,true,1,99128
7290014472433,false,קונפיטורה תות שדה 70% פרי 450 גרם שקדיה,"דין שיווק וקליה בע""מ",TR,קונפיטורה תות שדה 45,גרמים,450.00,100 גרם,false,,13.90,3.0889,true,1,73255
7290014472464,false,קונפיטורה משמש 70% פרי 450 גרם,"דין שיווק וקליה בע""מ",TR,קונפיטורה משמש 450גר,גרמים,450.00,100 גרם,false,,13.90,3.0889,true,1,73258
7290014472990,false,ממרח 100% שקדים שקדיה 300 גרם,ג'\י אנד ג'\י פקאנס בעמ,IL,ממרח 100% שקדים 300ג,גרמים,300.00,100 גרם,false,,34.90,11.6333,true,1,89995
7290014525313,false,חטיפי סלים דליס קריספי שוקולד מרבה 125 גרם,סלים דליס Slim Delis,NL,חטיפי מרבה סלים דליס,גרמים,125.00,100 גרם,false,,15.90,12.7200,true,1,107545
7290014534650,false,"פסטה ""לה פסטה"" 400 ג' צינור 400 ג'",מוטלו,TR,פסטה לה פסטה צינור 4,גרמים,400.00,100 גרם,false,,5.90,1.4750,true,1,76667
7290014534667,false,"פסטה ""לה פסטה"" 400 ג' קונכיה 400 ג'",מוטלו,TR,פסטה לה פסטה קונכיה,גרמים,400.00,100 גרם,false,,5.90,1.4750,true,1,76668
7290014534674,false,"פסטה ""לה פסטה"" 400 ג' פרפר 400 ג'",מוטלו,TR,פסטה לה פסטה פרפר 40,גרמים,400.00,100 גרם,false,,5.90,1.4750,true,1,76669
7290014534681,false,"פסטה ""לה פסטה"" 400 ג' בורג 400 ג'",מוטלו,TR,פסטה לה פסטה בורג 40,גרמים,400.00,100 גרם,false,,5.90,1.4750,true,1,76670
7290014534698,false,"פסטה ""לה פסטה"" 400 ג' תלתל 400 ג'",מוטלו,TR,פסטה לה פסטה תלתל 40,גרמים,400.00,100 גרם,false,,5.90,1.4750,true,1,76671
7290014534704,false,"פסטה ""לה פסטה"" 400 ג' אטריות מרק 400 ג'",מוטלו,TR,פסטה לה פסטה אטריות,גרמים,400.00,100 גרם,false,,5.90,1.4750,true,1,76672
7290014555082,false,מים מזוקקים 4 לט מקסול,סאסאטק,IL,מים מזוקקים מקסול 4ל,ליטרים,4.00,ליטר,false,,10.90,2.7250,true,1,74513
7290014581036,false,"פחם למנגל הלהבה כ2- ק""ג",,EG,"פחמים כ- 2 ק""ג",יחידה,0.00,יחידה,false,,11.90,0.0000,true,1,71569
7290014581531,false,מארז פחמים 100% עץ טבעי,פחמי הלהבה,IL,פחמים סופר גריל כ-2,גרמים,2000.00,100 גרם,false,,11.90,0.5950,true,1,135319
7290014648005,false,מסיר לק ללא אציטון לה בלה 250 מל,,,לה בלה מסיר לק ללא א,מיליליטרים,250.00,"100 מ""ל",false,,10.90,4.3600,true,1,100234
7290014648081,false,סכיני גילוח חד פעמי לה בלה עשירייה,נינגבי הווארד,CN,סכיני גילוח חד פעמי,יח',10.00,יח',false,,9.90,0.9900,true,1,72185
7290014692299,false,גבינת ברי EURO CHEESE ויליפוד 125 גרם,יורו צ'יז Euro Cheese,DK,גבינת ברי קאסטללו יו,גרמים,125.00,100 גרם,false,,21.90,17.5200,true,1,69347
7290014692305,false,גבינת קממבר EURO CHEESE ויליפוד 125 גרם,הנסיך- מפעל לייצור ט,DK,גבינת קממבר יורוציז,גרמים,125.00,100 גרם,false,,21.90,17.5200,true,1,69348
7290014692541,false,צהובה מגורדת גולדן 500 גרם ויליפוד,ג.וילי פוד אינטרנשיו,IL,אמה מגורדת 500גר,גרמים,500.00,100 גרם,false,,21.90,4.3800,true,1,74753
7290014692817,false,גבינת מוצרלה מגורדתEURO CHEESE ויליפוד 200 גרם,הנסיך- מפעל לייצור ט,IL,מוצרלה מגורדת יורו צ,גרמים,200.00,100 גרם,false,,16.90,8.4500,true,1,69520
7290014731707,false,צלחות גדולות 50 יחידות,W.P.T.R,TR,צלחות פלסטיק גדול 50,יחידה,0.00,יחידה,false,,15.90,0.0000,true,1,100840
7290014748613,false,מקלוני דגים בציפוי צ'יפס דג טוב 600 גרם,מוצרי עוף טוב (2001) בע\,IL,מקלוני דגים בציפוי צ,גרמים,600.00,100 גרם,false,,29.90,4.9833,true,1,98378
7290014748651,false,פילה אמנון מצופה נתח שלם דג טוב 360 גרם,מוצרי עוף טוב (2001) בע\,IL,פילה אמנון מצופה מנת,גרמים,360.00,100 גרם,false,,32.90,9.1389,true,1,98380
7290014749764,false,עוף טוב שניצל עוף ביתי עדין כזה 700 גרם,מוצרי עוף טוב (2001) בע\,IL,שניצל עוף ביתי מעודן,גרמים,700.00,100 גרם,false,,45.90,6.5571,true,1,113184
7290014758100,false,מאגדת יוגורט ביו 3% שומן 8 יח' *150ג' תנובה,מיוצר עי קונדיטוריית,IL,יוגורט ביו מאגדת שמי,גרמים,1200.00,100 גרם,false,,17.30,1.4417,true,1,67144
7290014758117,false,מאגדת יוגורט ביו 1.5% שומן 8 יח' *150 ג' תנובה,מיוצר עי קונדיטוריית,IL,יוגורט ביו מאגדת שמי,גרמים,1200.00,100 גרם,false,,17.30,1.4417,true,1,67145
7290014758162,false,חלב עיזים מלא 3.6% קרטון 1 ל' תנובה,תנובה מרכז שיתופי לש,IL,חלב עיזים מלא 3.6% ש,מיליליטרים,1000.00,"100 מ""ל",false,,16.70,1.6700,true,1,68000
7290014758681,false,קוטג תנובה 1% גביע 250 גרם,מיוצר עי קונדיטוריית,IL,גבינת קוטג׳ 1% בגביע,גרמים,250.00,100 גרם,false,,5.90,2.3600,true,1,67149
7290014759084,false,גבינת שמנת נפוליאון 16% מופחת שומן תנובה 225 גרם,תנובה מרכז שיתופי לש,IL,גבינת נפוליאון 16% 2,גרמים,225.00,100 גרם,false,,14.50,6.4444,true,1,69309
7290014759534,false,גבינה בולגרית למריחה טבעי 5% 200 ג' פיראוס,"תנובה, מחלבת תל יוסף",IL,בולגרית למריחה טבעי,גרמים,200.00,100 גרם,false,,15.30,7.6500,true,1,69551
7290014759909,false,פטה עיזים 5% פיראוס גביע 250 גרם,"תנובה, מחלבת טנא נוג",IL,פטה עיזים 5% פיראוס,גרמים,250.00,100 גרם,false,,30.90,12.3600,true,1,70054
7290014759978,false,גבינת קצקבל גלעד 27% תנובה 200 גרם,תנובה חלב,IL,קאשקבל פלח 200 גר,גרמים,200.00,100 גרם,false,,28.90,14.4500,true,1,69553
7290014759985,false,גבינת פרמזן גבע 23% תנובה 200 גרם,תנובה חלב,IL,פרמזן פלח 200 גר,גרמים,200.00,100 גרם,false,,27.50,13.7500,true,1,69554
7290014759992,false,גבינת רוקפור גליל פלח 140 ג' תנובה,"תנובה, מחלבת תל יוסף",IL,רוקפור פלח 140גר,גרמים,140.00,100 גרם,false,,19.90,14.2143,true,1,69555
7290014760134,false,"מעדן סויה בטעם וניל תנובה 125 מ""ל",תנובה Alternative,IL,מעדן סויה בטעם וניל,גרמים,125.00,100 גרם,false,,4.20,3.3600,true,1,95795
7290014760141,false,משקה שקדים תנובה E אלטרנטיב,תנובה Alternative,IL,משקה שקדים טרי 1ליטר,מיליליטרים,1000.00,"100 מ""ל",false,,13.30,1.3300,true,1,73386
7290014760912,false,פרוסות גבינה 28% שומן 400 ג' גוש חלב,תנובה מרכז שיתופי לש,IL,צהובה גוש חלב 28% 40,גרמים,400.00,100 גרם,false,,27.90,6.9750,true,1,123041
7290014761056,false,מעדן שוקולד חלב יולו תנובה 123 גרם,מיוצר עי קונדיטוריית,IL,מעדן שוקולד חלב יולו,מיליליטרים,123.00,"100 מ""ל",false,,4.70,3.8211,true,1,72298
7290014761063,false,מעדן שוקולד מריר יולו תנובה 123 גרם,מיוצר עי קונדיטוריית,IL,מעדן שוקולד מריר יול,מיליליטרים,123.00,"100 מ""ל",false,,4.70,3.8211,true,1,72299
7290014761070,false,מעדן שוקולד לבן יולו תנובה 123 גרם,מיוצר עי קונדיטוריית,IL,מעדן שוקולד לבן יולו,מיליליטרים,123.00,"100 מ""ל",false,,4.70,3.8211,true,1,72300
7290014761193,false,יוגורט עם פירות יער 1.5% שומן 125 ג' פרילי,תנובה מרכז שיתופי לש,IL,יוגורט עם פירות יער,גרמים,125.00,100 גרם,false,,3.70,2.9600,true,1,72394
7290014761414,false,יולו מעדן שכבות שוקולד חלב ולבן 123 גר,מיוצר עי קונדיטוריית,IL,יולו מעדן שכבות שוקו,מיליליטרים,123.00,"100 מ""ל",false,,4.70,3.8211,true,1,72303
7290014761612,false,מעדן שכבות שוקולד מריר ולבן יולו 122 גרם,מיוצר עי קונדיטוריית,IL,יולו מעדן שכבות שוקו,מיליליטרים,123.00,"100 מ""ל",false,,4.70,3.8211,true,1,73471
7290014762756,false,גבינת שמנת נפוליאון 16% עם בצל תנובה 225 גרם,תנובה חלב,IL,גבינת נפוליאון 16% ב,גרמים,225.00,100 גרם,false,,14.50,6.4444,true,1,75266
7290014762800,false,מעדן סויה שוקולד גביע 125 גרם אלטרנטיב,תנובה מרכז שיתופי לש,IL,מעדן סויה בטעם שוקול,גרמים,125.00,100 גרם,false,,4.20,3.3600,true,1,94399
7290014762831,false,גבינת שמנת נפוליאון 16% עם פלפל חלפיניו תנובה 225 גרם,תנובה מרכז שיתופי לש,IL,גבינת נפוליאון 25% ע,גרמים,225.00,100 גרם,false,,14.50,6.4444,true,1,76565
7290014762909,false,פתיתי מוצרלה השף הלבן 10% תוספת מתנה,"תנובה, מחלבת תל יוסף",IL,פתיתי מוצרלה 20% שו,גרמים,200.00,100 גרם,false,,17.90,8.9500,true,1,76254
7290014763098,false,קרם גבינת שמנת 5% עם פלפל שום ובצל 200 ג' תנובה,תנובה,IL,קרם גבינה שמנת 5% טו,גרמים,200.00,100 גרם,false,,12.20,6.1000,true,1,76258
7290014763272,false,יוגורט סויה BIO לשתייה תות ובננה אלטרנטיב,תות תעשיות מזון (201,IL,משקה סויה ביו תות בנ,מיליליטרים,236.00,"100 מ""ל",false,,5.90,2.5000,true,1,76991
7290014791336,false,"מי עדן 500 מ""ל פקק ספורט",מים מינרליים,IL,מי עדן 1ליטר,מיליליטרים,1000.00,"100 מ""ל",false,,3.90,0.3900,true,1,95526
7290014791725,false,"שוויפס תפוחים מוגז 500 מ""ל",יפאורה שותפות מובגלת לשיווק,IL,שוופס מוגז תפוח 500,מיליליטרים,500.00,"100 מ""ל",false,,5.90,1.1800,true,1,91798
7290014855434,false,מגבונים בייביסיטר פרפורמנס מבושם רביעיה,בייביסיטר Babysitter,IL,מגבוני בייביסיטר פרפ,יחידה,0.00,יחידה,false,,15.90,0.0000,true,1,73472
7290014855458,false,מגבוני בייביסיטר פרפורמנס ללא בישום מארז 72X4יח',בייביסיטר Babysitter,IL,מגבוני בייביסיטר פרפ,יחידה,0.00,יחידה,false,,15.90,0.0000,true,1,73473
7290014860070,false,"מקלוני אורז ללא גלוטן 5 מ""מ 454גר' (אור)",ניינטי נודל קו,TH,מקלוני אורז ללא גלוט,גרמים,454.00,100 גרם,false,,10.90,2.4009,true,1,72046
7290014860094,false,"מקלוני אורז ללא גלוטן 3מ""מ 454גר' (אור)",ניינטי נודל קו,TH,מקלוני אורז ללא גלוט,גרמים,454.00,100 גרם,false,,10.90,2.4009,true,1,72047
7290014860155,false,מחצלת במבו שטוחה 24X24 ס'מ,גולין פנגזו,CN,מחצלת במבו שטוחה 24*,יחידה,0.00,יחידה,false,,8.90,0.0000,true,1,68321
7290014901308,false,"סנסודיין משחת שיניים להגנה מלאה 75 מ""ל - סדרת פרמיום","סמית קליין ביצ'ם בע""",GB,סנסודיין משחת שיניים,מיליליטרים,75.00,"100 מ""ל",false,,21.90,29.2000,true,1,90098
7290014901315,false,סנסודיין משחה הגנה מלאה אקסטרה פרש 75 מל,"סמית קליין ביצ'ם בע""",GB,סנסודיין משחת שיניים,מיליליטרים,75.00,"100 מ""ל",false,,21.90,29.2000,true,1,92610
7290014905160,false,"הפי מטהר אוויר פניני ריח בניחוחות, 130 גרם",יוליניבר,IT,פניני ריח הפי 130גר,גרמים,130.00,100 גרם,false,,8.90,6.8462,true,1,76480
7290014905689,false,"נוזל כלים הפי מרוכז 24% תפוח 750 מ""ל",יעקובי הפי,IL,הפי נוזל כלים ירוק ת,מיליליטרים,750.00,"100 מ""ל",false,,7.90,1.0533,true,1,72041
7290014905696,false,"נוזל כלים הפי מרוכז 24% לימון 750 מ""ל",יעקובי הפי,IL,הפי נוזל כלים צהוב ל,מיליליטרים,750.00,"100 מ""ל",false,,7.90,1.0533,true,1,72042
7290014905733,false,"הפי פרפקט לניקוי שמשות 750 מ""ל",יעקובי הפי,TR,הפי מרסס לניקוי חלונ,מיליליטרים,750.00,"100 מ""ל",false,,7.90,1.0533,true,1,72045
7290014945067,false,צמרוני פלסטיק בקופסא,,IL,צמרוני אוזניים פלסטי,יחידה,0.00,יחידה,false,,4.50,0.0000,true,1,140357
7290014945210,false,צימרוני אוזניים עץ 300 י,ltd Manufacturing .M.A,CN,צמרוני עץ 300 יח בשק,יחידה,0.00,יחידה,false,,4.90,0.0000,true,1,140356
7290014945807,false,קיסמי שיניים דנטליים שייני (200 יח'),,,קיסמי שיניים דנטליים,יח',200.00,יח',false,,7.90,0.0395,true,1,93950
7290014967441,false,מארז קפסולות אספרסו,אספרסו מור,,קפסולות אלטו 10 יח,יחידה,0.00,יחידה,false,,10.90,0.0000,true,1,95933
7290014967458,false,קפסולות אספרסו מור ק,אספרסו מור,,קפסולות אספרסו מור ק,יחידה,0.00,יחידה,false,,10.90,0.0000,true,1,95934
7290014967922,false,מארז קפסולות שוקו מפולי קקאו,אספרסו מור,,קפסולות אספרסו מור ש,יחידה,0.00,יחידה,false,,10.90,0.0000,true,1,95937
7290014974562,false,גביעי גלידה רגיל טילון עלמה גילרו 24 יח',"א.ג גילרו בע""מ",IL,גביעי גלידה 24 עלמה,יחידה,0.00,יחידה,false,,8.90,0.0000,true,1,98463
7290015008280,false,"נייר אפיה 50 דף שמאי נשלף אחד אחד כשל""פ עד""ח",,IL,נייר אפייה 50דף,יחידה,0.00,יחידה,false,,8.90,0.0000,true,1,102744
7290015039253,false,עלי גפן במי מלח ויליפוד 620 גרם,קוראהן פזלרמה וי דיס,TR,עלי גפן במי מלח 620ג,גרמים,620.00,100 גרם,false,,10.90,1.7581,true,1,70691
7290015139250,false,"שוקולד מריר פצפוצי אורז כרמית 85 גרם לל""ס","כרמית תעשיות ממתקים בע""\",IL,שוקולד מריר עם פצפוצ,גרמים,85.00,100 גרם,false,,6.90,8.1176,true,1,75988
7290015139267,false,שוקולד מריר עם שקדים ללא תוספת סוכר וסטהיים,"כרמית תעשיות ממתקים בע""\",IL,שוקולד מריר עם שקדים,גרמים,85.00,100 גרם,false,,6.90,8.1176,true,1,75989
7290015150118,false,שלישיית עגבניות חתוכות דק גרנד איטליה 400 גרם,אמיליאנה קונסרב ס.פ.,IT,עגבניות חתוכות 3* 40,גרמים,1200.00,100 גרם,false,,14.90,1.2417,true,1,72698
7290015155823,false,מחית תפוחי עץ חטיפטף ללא תוספת סוכר,פרוטה פודיווין איי.א,CZ,פרינוק פאוץ' בטעם תפ,גרמים,120.00,100 גרם,false,,6.50,5.4167,true,1,112476
7290015155847,false,מחית סלט פירות חטיפטף ללא תוספת סוכר,פרוטה פודיווין איי.א,CZ,פרינוק פאוץ' בטעם סל,גרמים,120.00,100 גרם,false,,6.50,5.4167,true,1,112478
7290015156776,false,מחית פירות טרופיים חטיפטף ללא תוספת סוכר,פרוטה פודווין איי.אס,CZ,פרינוק פאוץ פירות טר,גרמים,120.00,100 גרם,false,,6.50,5.4167,true,1,112480
7290015156790,false,מחית לפתן פירות חטיפטף ללא תוספת סוכר,פרוטה פודווין איי.אס,CZ,פרינוק פאוץ לפתן פיר,גרמים,120.00,100 גרם,false,,6.50,5.4167,true,1,112481
7290015161206,false,קמח קוקוס אורגני ללא גלוטן 500 גרם- Nutra Zen,נוטרה זון,LK,קמח קוקוס אורגני ללא,גרמים,500.00,100 גרם,false,,19.90,3.9800,true,1,135947
7290015161541,false,קוואקר שיבולת שועל אינסטנט ללא גלוטן - 400 גרם,הלינסקי מילס אל.טי.די,DK,קוואקר דק ללא גלוטן,גרמים,400.00,100 גרם,false,,21.90,5.4750,true,1,135949
7290015161565,false,גרנולה נוטרה זן 29% פירות ללא גלוטן 300 גרם,נוטרה זן NutraZen,IL,גרנולה שיבולת שועל 2,גרמים,300.00,100 גרם,false,,24.90,8.3000,true,1,135951
7290015161930,false,"פסטPRO קסרצ'ה פתיתים אורגניים, ללא גלוטן",נוטרה זן NutraZen,IT,פסטה PRO עדשים צהובו,גרמים,250.00,100 גרם,false,,17.90,7.1600,true,1,135953
7290015161978,false,פסטPRO עדשים אדומות חומוס ופשתן GF אורגנית 250 ג,נוטרה זן NutraZen,IT,פסטה PRO עדשים אדומו,גרמים,250.00,100 גרם,false,,17.90,7.1600,true,1,135954
7290015164832,false,מחית קארי ירוק 400 גרם SUREE כשר,טאפאדונגפורן קוקינט,TH,מחית קארי ירוקה 400ג,גרמים,400.00,100 גרם,false,,19.90,4.9750,true,1,98760
7290015178174,false,ממרח אוליביה - פסטו בטעם פרמז'ן 180 גרם,יוניליוור גרמניה Gm,IL,פסטו בטעם פרמז'ן 180,גרמים,180.00,100 גרם,false,,13.90,7.7222,true,1,128547
7290015251174,false,"שלישיית סבון ידים ירוק נובו 500 מ""ל",סאסאטק,IL,נובו אל סבון ירוק של,מיליליטרים,1500.00,"100 מ""ל",false,,10.90,0.7267,true,1,70564
7290015251181,false,"שלישיית סבון ידים כחול 500 מ""ל נובו",סאסאטק,IL,נובו אל סבון כחול של,מיליליטרים,1500.00,"100 מ""ל",false,,10.90,0.7267,true,1,70565
7290015251273,false,תחליב רחצה פירות+משאבה 1ל נובו,,,נובו תחליב רחצה פירו,מיליליטרים,1000.00,"100 מ""ל",false,,10.00,1.0000,true,1,71943
7290015251280,false,תחליב רחצה הרבל+משאבה 1ל נובו,,,נובו תחליב רחצה הרבל,מיליליטרים,1000.00,"100 מ""ל",false,,10.00,1.0000,true,1,70569
7290015251341,false,תחליב רחצה אקזוטי+משאבה1ל נובו,,IL,נובו תחליב רחצה אקזו,מיליליטרים,1000.00,"100 מ""ל",false,,10.00,1.0000,true,1,71947
7290015282000,false,איקרא אדומה SEVEN SEAS 200 גרם,שבעת הימים - שמיר,IL,איקרה אדומה 200גר שמ,גרמים,200.00,100 גרם,false,,17.90,8.9500,true,1,74296
7290015282024,false,איקרא לבנה SEVEN SEAS 200 גרם,שבעת הימים - שמיר,IL,איקרה לבנה 200גר שמי,גרמים,200.00,100 גרם,false,,17.90,8.9500,true,1,74298
7290015282581,false,חומוס אבו גוש עם חריף שמיר 200 גרם,"סלטי שמיר 2006 בע""מ",IL,חומוס אבו גוש עם חרי,גרמים,200.00,100 גרם,false,,14.90,7.4500,true,1,93079
7290015282598,false,חומוס מסעדות גורמה שמיר 200 גרם,"סלטי שמיר 2006 בע""מ",IL,חומוס מסעדות 200 גר,גרמים,200.00,100 גרם,false,,14.90,7.4500,true,1,93049
7290015282604,false,טחינה מיוחדת גורמה שמיר 200 גרם,"סלטי שמיר 2006 בע""מ",IL,טחינה מיוחדת 200 גר,גרמים,200.00,100 גרם,false,,14.90,7.4500,true,1,93045
7290015282628,false,חציל בטעם כבד גורמה שמיר 200 גרם,"סלטי שמיר 2006 בע""מ",IL,חציל בטעם כבד 200 גר,גרמים,200.00,100 גרם,false,,14.90,7.4500,true,1,93055
7290015282635,false,חומוס מסבחה גורמה שמיר 200 גרם,"סלטי שמיר 2006 בע""מ",IL,חומוס מסבחה 200 גר,גרמים,200.00,100 גרם,false,,14.90,7.4500,true,1,93046
7290015282666,false,סלט טונה עם ירקות 200 גר,"סלטי שמיר 2006 בע""מ",IL,סלט טונה עם ירקות שמ,גרמים,200.00,100 גרם,false,,17.90,8.9500,true,1,93064
7290015282673,false,חציל במיונז ביתי גורמה שמיר 200 גרם,"סלטי שמיר 2006 בע""מ",IL,חציל במיונז ביתי שמי,גרמים,200.00,100 גרם,false,,14.90,7.4500,true,1,93056
7290015282680,false,קישוא בטעם כבד גורמה שמיר 200 גרם,"סלטי שמיר 2006 בע""מ",IL,קישוא בטעם כבד 200 ג,גרמים,200.00,100 גרם,false,,14.90,7.4500,true,1,93058
7290015282697,false,כרוב אדום שמיר גורמה 200גר,"סלטי שמיר 2006 בע""מ",IL,כרוב אדום 200 גר,גרמים,200.00,100 גרם,false,,14.90,7.4500,true,1,93051
7290015282734,false,מטבוחה ביתית גורמה שמיר 200 גרם,"סלטי שמיר 2006 בע""מ",IL,מטבוחה ביתית 200 גר,גרמים,200.00,100 גרם,false,,14.90,7.4500,true,1,93047
7290015282741,false,חציל תאילנדי אסלי שמיר 200 ג',"סלטי שמיר 2006 בע""מ",IL,חציל תאילנדי 200 גר,גרמים,200.00,100 גרם,false,,14.90,7.4500,true,1,93059
7290015282796,false,"סלט תפו""א שמיר במיונז 200ג'","סלטי שמיר 2006 בע""מ",IL,תפוח אדמה 200 גר גור,גרמים,200.00,100 גרם,false,,14.90,7.4500,true,1,93054
7290015320054,false,עוגיות בטעם חמאה יעד 340 גרם,,,עוגיות בטעם חמאה 340,גרמים,340.00,100 גרם,false,,10.90,3.2059,true,1,71945
7290015320481,false,שוקולד מריר 60% קקאו שגוטן 100 גרם,,,שוקולד מריר 60% יעד,גרמים,100.00,100 גרם,false,,4.90,4.9000,true,1,113414
7290015324007,false,פלפל שחור גרוס 80 גר' טעם וריח,"תבליני טעם וריח בע""מ",IL,פלפל שחור גרוס שקית,גרמים,80.00,100 גרם,false,,11.90,14.8750,true,1,70469
7290015324014,false,"פלפל שחור טחון בשקית 80 גרם ""טעם וריח""","תבליני טעם וריח בע""מ",IL,פלפל שחור טחון שקית,גרמים,80.00,100 גרם,false,,11.90,14.8750,true,1,70470
7290015324038,false,פפריקה מתוקה בשמן 100 גרם טעם וריח,"תבליני טעם וריח בע""מ",IL,פפריקה בשמן שקית 80ג,גרמים,80.00,100 גרם,false,,6.90,8.6250,true,1,70471
7290015324045,false,תבלין פפריקה חריפה 80 גר' שק',"תבליני טעם וריח בע""מ",IL,פפריקה חריפה שקית 80,גרמים,80.00,100 גרם,false,,6.90,8.6250,true,1,70472
7290015324052,false,פפריקה מתוקה 80 גר' טעם וריח,"תבליני טעם וריח בע""מ",IL,פפריקה מתוקה שקית 80,גרמים,80.00,100 גרם,false,,6.90,8.6250,true,1,70473
7290015324069,false,גריל עוף 80 גר' טעם וריח,"תבליני טעם וריח בע""מ",IL,גריל עוף שקית 80גר,גרמים,80.00,100 גרם,false,,6.90,8.6250,true,1,70474
7290015324076,false,זעתר מעורב 80 גר' טעם וריח,"תבליני טעם וריח בע""מ",IL,זעתר שקית 80גר,גרמים,80.00,100 גרם,false,,7.90,9.8750,true,1,70475
7290015324083,false,מלח לימון 80 גר' טעם וריח,"תבליני טעם וריח בע""מ",IL,מלח לימון שקית 80גר,גרמים,80.00,100 גרם,false,,6.90,8.6250,true,1,70476
7290015324090,false,כמון טחון 80 גר' טעם וריח,"תבליני טעם וריח בע""מ",IL,כמון שקית 80גר,גרמים,80.00,100 גרם,false,,6.90,8.6250,true,1,70477
7290015324106,false,כורכום טחון 80 גר' טעם וריח,"תבליני טעם וריח בע""מ",IL,כורכום שקית 80גר,גרמים,80.00,100 גרם,false,,6.90,8.6250,true,1,70478
7290015324113,false,טעם וריח בהרט שקית 8,"תבליני טעם וריח בע""מ",IL,בהרט שקית 80גר,גרמים,80.00,100 גרם,false,,7.90,9.8750,true,1,70479
7290015324120,false,שום גבישי 80 גר' טעם וריח,"תבליני טעם וריח בע""מ",IL,שום גבישי שקית 80גר,גרמים,80.00,100 גרם,false,,9.90,12.3750,true,1,70480
7290015324151,false,חוואיג' למרק 80 גר' טעם וריח,"תבליני טעם וריח בע""מ",IL,חוואג' 80גר,גרמים,80.00,100 גרם,false,,8.90,11.1250,true,1,70481
7290015324168,false,שק 80 גרם על האש ללא מונוסטדיום,"תבליני טעם וריח בע""מ",IL,על האש ללא מונוסודיו,גרמים,80.00,100 גרם,false,,7.90,9.8750,true,1,70482
7290015324175,false,תיבול לשווארמה 80 גר' טעם וריח,"תבליני טעם וריח בע""מ",IL,שווארמה ללא מונוסודי,גרמים,80.00,100 גרם,false,,7.90,9.8750,true,1,70483
7290015324427,false,סודה לשתיה טעם וריח 80 גר',"תבליני טעם וריח בע""מ",IL,סודה לשתיה בשקית 80ג,גרמים,80.00,100 גרם,false,,4.90,6.1250,true,1,120060
7290015324519,false,תערובת לפיצה שקית 80 גרם,"תבליני טעם וריח בע""מ",IL,תערובת לפיצה 80 גרם,גרמים,80.00,100 גרם,false,,7.90,9.8750,true,1,107223
7290015324526,false,תערובת תיבול לפרגיות 80 גרם,"תבליני טעם וריח בע""מ",IL,תערובת תיבול לפרגיות,גרמים,80.00,100 גרם,false,,7.90,9.8750,true,1,107224
7290015324540,false,טימין מיכל גדול 30 גרם,"תבליני טעם וריח בע""מ",IL,טימין מיכל גדול 30 ג,גרמים,30.00,100 גרם,false,,10.90,36.3333,true,1,107235
7290015324557,false,בהרט לבישול מיכל גדול 80 גרם,"תבליני טעם וריח בע""מ",IL,בהרט לבישול מיכל גדו,גרמים,80.00,100 גרם,false,,9.90,12.3750,true,1,107236
7290015324670,false,מטחנת פלפל שחור שלם 50 ג' טעם וריח,קייפ הרב אנד ספייס,ZA,מטחנת פלפל שחור שלם,גרמים,50.00,100 גרם,false,,13.90,27.8000,true,1,140373
7290015324687,false,מטחנת לקט פלפל 50 ג' טעם וריח,קייפ הרב אנד ספייס,ZA,מטחנת לקט פלפל 50 גר,גרמים,50.00,100 גרם,false,,13.90,27.8000,true,1,140374
7290015339551,false,פסטה פתיתים קוסקוס טעמן 500 גר',מוטלו מקרנה גזאנטפ,TR,פתיתים אפויים קוסקוס,גרמים,500.00,100 גרם,false,,5.90,1.1800,true,1,76712
7290015339568,false,פסטה פתיתים אורז טעמן 500 גר',מוטלו מקרנה גזאנטפ,TR,פתיתים אפויים אורז ט,גרמים,500.00,100 גרם,false,,5.90,1.1800,true,1,76713
7290015350150,false,"יין אדום חצי יבש סגל 750 מ""ל","כרמי צבי - אחים סגל בע""\",IL,יין סגל אדום חצי יבש,מיליליטרים,750.00,"100 מ""ל",false,,24.90,3.3200,true,1,127052
7290015366663,false,"משחת שיניים מנטה עדין אקווה פרש 100 מ""ל",גלקסוסמיתקליין,SK,אקווה פרש עדין משחת,מיליליטרים,100.00,"100 מ""ל",false,,8.90,8.9000,true,1,75965
7290015366670,false,משחת שיניים הגנה משולשת מנטה מרענן,גלקסוסמיתקליין,SK,אקווה פרש מנטה משחת,מיליליטרים,100.00,"100 מ""ל",false,,8.90,8.9000,true,1,75966
7290015374279,false,"סיגר במילוי בשר בד""צ",,,"סיגר במילוי בשר בד""צ",גרמים,400.00,100 גרם,false,,12.90,3.2250,true,1,75652
7290015374286,false,"סיגר במילוי תפו""א בד",,,"סיגר במילוי תפו""א בד",גרמים,400.00,100 גרם,false,,12.90,3.2250,true,1,75653
7290015374309,false,"פסטל במילוי תפו""א בד",,,"פסטל במילוי תפו""א בד",גרמים,400.00,100 גרם,false,,12.90,3.2250,true,1,75655
7290015374323,false,קובה ביתי במילוי בשר,,,קובה ביתי במילוי בשר,גרמים,400.00,100 גרם,false,,12.90,3.2250,true,1,75657
7290015374330,false,"קובה מרק בד""צ 400גר",,,"קובה מרק בד""צ 400גר",גרמים,400.00,100 גרם,false,,12.90,3.2250,true,1,75658
7290015374354,false,"קרפלך במילוי תפו""א ב",,,"קרפלך במילוי תפו""א ב",גרמים,400.00,100 גרם,false,,12.90,3.2250,true,1,75660
7290015395045,false,"קינואה בשקית שקדיה 400 גרם בד""ץ","שקדיה גבע תעשיות בע""",IL,קינואה 400גר,גרמים,400.00,100 גרם,false,,10.90,2.7250,true,1,73259
7290015470094,false,טוסו שוקולד מריר תפוז ללא סוכר 100גרם,אלטינמארקה,TR,שוקולד טוסו מריר תפו,גרמים,100.00,100 גרם,false,,13.50,13.5000,true,1,77199
7290015528375,false,מרקיה לבנה מודפס כסף,,CN,מרקיה לבנה מודפס כסף,יח',20.00,יח',false,,13.90,0.6950,true,1,90148
7290015528641,false,מיכל 1 ליטר ארוז 3 י,,,מיכל 1 ליטר ארוז 3 י,יחידה,0.00,יחידה,false,,9.90,0.0000,true,1,106755
7290015528658,false,מיכל 2 ליטר ארוז 3 י,,,מיכל 2 ליטר ארוז 3 י,יחידה,0.00,יחידה,false,,9.90,0.0000,true,1,106778
7290015528696,false,כוס נייר OZ16 אר'50,,,כוס נייר OZ16 אר'50,יחידה,0.00,יחידה,false,,25.90,0.0000,true,1,99551
7290015528825,false,צלחת 7 מתכלה אר 25 יח' דנטס,,IN,צלחת 7 מתכלה אר 25 י,יחידה,0.00,יחידה,false,,12.90,0.0000,true,1,93898
7290015528832,false,צלחת 9 מתכלה אר' 25 יח' דנטס,,IN,צלחת 9 מתכלה אר' 25,יחידה,0.00,יחידה,false,,14.90,0.0000,true,1,93899
7290015528849,false,צלחת 10 מתכלה אר' 25 יח' דנטס,,IN,צלחת 10 מתכלה אר' 25,יחידה,0.00,יחידה,false,,18.90,0.0000,true,1,93900
7290015528979,false,קינוחי קרם קרמל אר' 12 יח',,CN,קינוחי קרם קרמל אר',יחידה,0.00,יחידה,false,,15.90,0.0000,true,1,90193
7290015603188,false,אטריות ביצים 454ג' (כ) (fu),פוגיאן לונגהי אנלידה אינ,CN,אטריות ביצים 454גר,גרמים,454.00,100 גרם,false,,10.90,2.4009,true,1,74886
7290015603218,false,אטריות עם עגבניה מזרח מערב 454 גרם,פוגקן לונגהי אנלידה,CN,איטריות בתוספת עגבני,גרמים,454.00,100 גרם,false,,10.90,2.4009,true,1,89320
7290015603225,false,איטריות בתוספת גזר 454 גרם,פוגקן לונגהי אנלידה,CN,איטריות בתוספת גזר 4,גרמים,454.00,100 גרם,false,,10.90,2.4009,true,1,89321
7290015603232,false,איטריות בתוספת דלעת 454 גרם,פוגקן לונגהי אנלידה,CN,איטריות בתוספת דלעת,גרמים,454.00,100 גרם,false,,10.90,2.4009,true,1,89322
7290015603546,false,"שימורי קרם קוקוס 17-19% 400 מ""ל (ASIATIC)(כ)",אסיאטיק אגרו אינדסטר,TH,קרם קוקוס 17-19% 400,מיליליטרים,400.00,"100 מ""ל",false,,10.90,2.7250,true,1,97588
7290015603560,false,"שימורי קרם קוקוס 20-22% 400 מ""ל (ASIATIC)(כ)",אסיאטיק אגרו אינדוסטרי,TH,קרם קוקוס 20-22% 400,מיליליטרים,400.00,"100 מ""ל",false,,10.90,2.7250,true,1,99941
7290015652070,false,קשוי קלוי בשקית ששון הקולה 150 גרם,"דין שיווק וקלייה בע""",IL,קשיו קלוי 150גרם,גרמים,150.00,100 גרם,false,,11.90,7.9333,true,1,74164
7290015652087,false,תערובת פיצוחים בשקית ששון הקולה 150 גרם,דין שיווק,IL,תערובת פיצוחים 150גר,גרמים,150.00,100 גרם,false,,11.90,7.9333,true,1,74165
7290015652254,false,גרעיני חמניה קלויים 400 גרם ששון הקלה,"דין שיווק וקלייה בע""",IL,גרעינים שחורים 400 ג,גרמים,400.00,100 גרם,false,,10.00,2.5000,true,1,91712
7290015652261,false,בוטנים קלויים ששון הקולה 350 גרם,"דין שיווק וקלייה בע""",IL,בוטנים קלויים 300 גר,גרמים,300.00,100 גרם,false,,10.00,3.3333,true,1,91704
7290015652278,false,תערובת פיצוחים ששון הקולה 300 גרם,"דין שיווק וקלייה בע""",IL,תערובת פיצוחים 250גר,גרמים,250.00,100 גרם,false,,20.00,8.0000,true,1,91737
7290015652285,false,אגוזים קלופים ששון הקולה 250 גרם,"שקדיה גבע תעשיות בע""",IL,אגוזי מלך קלופים 250,גרמים,250.00,100 גרם,false,,19.90,7.9600,true,1,74166
7290015652292,false,קבוקים עם שומשום ששון הקולה 400 גרם,"דין שיווק וקלייה בע""",IL,קבוקים עם שומשום 500,גרמים,500.00,100 גרם,false,,10.00,2.0000,true,1,74167
7290015652308,false,מנצ'ס ששון הקולה 400 גרם,"דין שיווק וקלייה בע""",,מנצס ששון הקולה 300,גרמים,300.00,100 גרם,false,,10.00,3.3333,true,1,91734
7290015652315,false,חמוציות מסוכרות ששון הקולה 300 גרם,"דין שיווק וקלייה בע""",IL,חמוציות מסוכרות 300ג,גרמים,300.00,100 גרם,false,,10.00,3.3333,true,1,74168
7290015652322,false,בוטנים אמריקאיים מצופים 400 גר ששון הקלה,"דין שיווק וקלייה בע""",IL,בוטנים אמריקאים מצופ,גרמים,400.00,100 גרם,false,,10.00,2.5000,true,1,74169
7290015652384,false,"קמח תירס ללא גלוטן עבה ששון הקולה 1 ק""ג",מולינו פיילה גלאסה,IT,קמח תירס ללא 1קג,גרמים,1000.00,100 גרם,false,,10.90,1.0900,true,1,90060
7290015652391,false,"קמח תירס דק ל.גלוטן ששון הקולה 1 ק""ג",מולינו פיילה גלאסה,IT,קמח תירס ללא גלוטן 1,גרמים,1000.00,100 גרם,false,,10.90,1.0900,true,1,90001
7290015652407,false,פיסטוק קלוי ששון הקולה 250 גרם,"דין שיווק וקלייה בע""",IL,פיסטוק 250גר,גרמים,250.00,100 גרם,false,,20.00,8.0000,true,1,91738
7290015652605,false,פיסטוק קלוף השף 100 גרם,"דין שיווק וקלייה בע""",IL,פיסטוק מקולף 100 גר,גרמים,100.00,100 גרם,false,,22.90,22.9000,true,1,74957
7290015695800,false,נבטי ברוקולי אורגני יח,הנבטים של אודי,IL,נבטי ברוקולי,גרמים,1000.00,100 גרם,false,,9.90,0.9900,true,1,90005
7290015695848,false,נבטי אלפלפא אורגני יח,אודי,IL,נבטי אלפלפא,גרמים,1000.00,100 גרם,false,,9.90,0.9900,true,1,90010
7290015695855,false,נבטי חמניה אורגני יח,הנבטים של אודי,IL,נבטי חמניה,גרמים,1000.00,100 גרם,false,,9.90,0.9900,true,1,90011
7290015695886,false,מיקס נבטים אורגני יח,הנבטים של אודי,IL,מיקס נבטים,גרמים,1000.00,100 גרם,false,,9.90,0.9900,true,1,90014
7290015695916,false,מיקס נבטים ענק אורגני יח,הנבטים של אודי,IL,מיקס נבטים ענק,גרמים,1000.00,100 גרם,false,,15.90,1.5900,true,1,90016
7290015695923,false,נבטים סיניים אורגני יח,מושב אחיטוב,IL,נבטים סיניים,גרמים,1000.00,100 גרם,false,,6.90,0.6900,true,1,90017
7290015733144,false,מטרנה גולד שלב 2 תרכובת מזון על בסיס חלבי,מטרנה,IL,מטרנה גולד שלב 2 700,גרמים,700.00,100 גרם,false,,74.90,10.7000,true,1,129684
7290015733243,false,מטרנה אקסטרה קייר מהדרין שלב 3 700 גרם,מטרנה תעשיות ש.מ.,IL,מטרנה אקסטרה קר שלב,גרמים,700.00,100 גרם,false,,59.90,8.5571,true,1,135459
7290015775632,false,חמאת בוטנים הטיב 35,g&g,IL,חמאת בוטנים 350גר,גרמים,350.00,100 גרם,false,,15.90,4.5429,true,1,137807
7290015781008,false,"יין VISION מרלו אדום טפרברג 750 מ""ל","יקב טפרברג 1870 בע""מ",IL,"יין ויז'ן מרלו 750מ""",מיליליטרים,750.00,"100 מ""ל",false,,39.90,5.3200,true,1,89064
7290015781015,false,"יין VISION מלבק טפרברג 750 מ""ל","יקב טפרברג 1870 בע""מ",IL,"יין ויז'ן מלבק 750מ""",מיליליטרים,750.00,"100 מ""ל",false,,39.90,5.3200,true,1,89066
7290015781091,false,"יין VISION קברנה סוביניון טפרברג 750 מ""ל","יקב טפרברג 1870 בע""מ",IL,יין ויז'ן קברנה סובי,מיליליטרים,750.00,"100 מ""ל",false,,39.90,5.3200,true,1,89065
7290015781114,false,"יין IMPRESSION מרלו טפרברג 750 מ""ל","יקב טפרברג 1870 בע""מ",IL,יין אימפרזיון מרלו 7,מיליליטרים,750.00,"100 מ""ל",false,,49.90,6.6533,true,1,89074
7290015781121,false,"יין IMPRESSION קברנה סוביניון יבש טפרברג 750 מ""ל","יקב טפרברג 1870 בע""מ",IL,יין אימפרזיון קברנה,מיליליטרים,750.00,"100 מ""ל",false,,49.90,6.6533,true,1,89075
7290015781268,false,"יין מוסקטו אדום טפרברג 750 מ""ל","יקב טפרברג 1870 בע""מ",IL,יין מוסקטו אדום 750מ,מיליליטרים,750.00,"100 מ""ל",false,,39.90,5.3200,true,1,89069
7290015781282,false,"יין IMPRESSION גוורצטרמינר טפרברג 750 מ""ל",יקב טפרברג 1870,IL,יין אימפרוזיון גוורצ,מיליליטרים,750.00,"100 מ""ל",false,,49.90,6.6533,true,1,89079
7290015781299,false,"יין VISION שיראז אדום טפרברג 750 מ""ל","יקב טפרברג 1870 בע""מ",IL,יין ויז'ן שיראז 750מ,מיליליטרים,750.00,"100 מ""ל",false,,39.90,5.3200,true,1,89071
7290015804394,false,רסק עגבניות 22% 260 ג' טל וטרי,טל וטרי,IL,רסק עגבניות 22% 260,גרמים,260.00,100 גרם,false,,4.90,1.8846,true,1,75354
7290015855013,false,פלפלים מתוקים בצבעים,,,פלפל טינקרבל ארוז,יחידה,0.00,יחידה,false,,8.90,0.0000,true,1,73214
7290015855037,false,פלפל צילי חריף,,,פלפל צ'ילי.,יחידה,0.00,יחידה,false,,7.90,0.0000,true,1,73444
7290015855051,false,מלפפון מיני ארוז א.אדמה,,,מלפפון מיני ארוז,יחידה,0.00,יחידה,false,,8.90,0.0000,true,1,72800
7290015855143,false,שיני שום קלופות בנספ,,,שום קלוף 170גרם,יחידה,0.00,יחידה,false,,11.90,0.0000,true,1,89870
7290015855228,false,אספרגוס א.אדמה,אדמה,,אספרגוס,יחידה,0.00,יחידה,false,,28.00,0.0000,true,1,75184
7290015855358,false,בצלצלי שאלוט 280 גרם,,,בצלצלי שאלוט,יחידה,0.00,יחידה,false,,9.90,0.0000,true,1,100042
7290015855495,false,חסה לאליק ארוז א.אדמה,פריסלנד,IL,חסה לאליק,יחידה,0.00,יחידה,false,,12.90,0.0000,true,1,138826
7290015856171,false,בייגלה שמיניות עם מלח הדר 200 ג',,IL,בייגלה שמיניות עם מל,גרמים,200.00,100 גרם,false,,6.90,3.4500,true,1,137715
7290015856690,false,"קרם קרקר ""הדר"" 1 ק""ג",אפיפית נצרת תעשיות ב,IL,"קרם קרקר 1 ק""ג",קילוגרמים,1.00,"ק""ג",false,,19.90,19.9000,true,1,120450
7290015856973,false,פתי בר ללא סוכר 150 גר הדר וניל,הדר,IL,תה ביסקוויט וניל ללא,גרמים,150.00,100 גרם,false,,7.90,5.2667,true,1,139700
7290015858175,false,ממרח פלפלים קלויים עללחם 180 גרם,"מדשא תעשיות מזון בע""\מ",IL,ממרח פלפלים קלויים 1,גרמים,180.00,100 גרם,false,,16.90,9.3889,true,1,100132
7290015858212,false,ממרח לימון כבוש עללחם 180 גרם,"מדשא תעשיות מזון בע""\מ",IL,ממרח לימון כבוש 180,גרמים,180.00,100 גרם,false,,16.90,9.3889,true,1,100126
7290015858243,false,ממרח צימיצורי עללחם 180 גרם,"מדשא תעשיות מזון בע""\מ",IL,ממרח צ'ימיצ'ורי 180,גרמים,180.00,100 גרם,false,,16.90,9.3889,true,1,100127
7290015858328,false,עללחם ממרח איולי פסטו 295 גרם,"מדשא תעשיות מזון בע""\מ",IL,עללחם ממרח איולי פסט,גרמים,295.00,100 גרם,false,,16.90,5.7288,true,1,141058
7290015858441,false,עללחם ממרח איולי פלפלים 295 גרם,"מדשא תעשיות מזון בע""\מ",IL,עללחם ממרח איולי פלפ,גרמים,295.00,100 גרם,false,,16.90,5.7288,true,1,141059
7290015858687,false,עללחם ממרח איולי שום 295 גרם,"מדשא תעשיות מזון בע""\מ",IL,עללחם ממרח איולי שום,גרמים,295.00,100 גרם,false,,16.90,5.7288,true,1,141061
7290015858694,false,עללחם ממרח איולי שום לימון 295 גרם,"מדשא תעשיות מזון בע""\מ",IL,עללחם ממרח איולי שום,גרמים,295.00,100 גרם,false,,16.90,5.7288,true,1,141060
7290015865708,false,תענוג פרי אוכמניות 400 ג,קריות זול,IL,קונפיטורה תענוג פרי,גרמים,400.00,100 גרם,false,,17.90,4.4750,true,1,141003
7290015865722,false,קונפיטורת תות שדה לייט 400 גרם,ענבי ציון,IL,קונפיטורת לייט תות ש,גרמים,400.00,100 גרם,false,,19.90,4.9750,true,1,141006
7290015951869,false,"יין הר חרמון רוזה 750 מ""ל",מיוצר וממולא על ידי יקב,IL,יין הר חרמון רוזה עב,מטרים,750.00,100 מ'ל,false,,37.90,5.0533,true,1,127055
7290015968461,false,כוסות פלסטיק משובחות,F.T.I,,כוסות פלסטיק משובחות,יחידה,0.00,יחידה,false,,9.90,0.0000,true,1,141679
7290016006025,false,שוופס סודה 0.50 ליטר בקבוק,יפאורה תבורי בעמ,IL,שוופס סודה 500מל,מיליליטרים,500.00,"100 מ""ל",false,,3.90,0.7800,true,1,91793
7290016006148,false,"שוופס מוגז עדין ענבים בקבוק 500מ""ל",יפאורה שותפות מובגלת לשיווק,IL,שוופס מוגז ענבים 500,מיליליטרים,500.00,"100 מ""ל",false,,5.90,1.1800,true,1,91799
7290016006292,false,נקטר מנגו בננה מלון קרטונית 1 ל' ספרינג,יפאורה שותפות מובגלת לשיווק,IL,ספרינג מנגו בננה מלו,מיליליטרים,1000.00,"100 מ""ל",false,,7.90,0.7900,true,1,76215
7290016006339,false,מים מינרלים - מארז רביעייה,"מופק ממקור בזלתי עדן ,1",IL,מי עדן רביעייה 4*1לי,מיליליטרים,4000.00,"100 מ""ל",false,,11.90,0.2975,true,1,76522
7290016006346,false,שוופס סודה 0.5 ליטר מארז שישייה,יפאורה שותפות מובגלת לשיווק,IL,שוופס סודה מארז שישי,מיליליטרים,3000.00,"100 מ""ל",false,,15.90,0.5300,true,1,91794
7290016028348,false,מפת אל בד חתוך 11/18,,,מפת אל בד חתוך 11/18,יחידה,0.00,יחידה,false,,4.90,0.0000,true,1,93906
7290016028461,false,מגש לפיצוחים שקוף עג,,CN,מגש לפיצוחים שקוף 12,יחידה,0.00,יחידה,false,,9.90,0.0000,true,1,90198
7290016087147,false,רוטב עגבניות לפיצה מרגריטה 240 ג' פריניר,פריניר,IL,רוטב עגבניות לפיצה מ,גרמים,240.00,100 גרם,false,,6.90,2.8750,true,1,98950
7290016087222,false,רוטב עגבניות מרוכז לשקשוקה פריניר 230 גרם,פריניר ( הדס 1987) ב,IL,רוטב עגבניות מרוכז ל,גרמים,230.00,100 גרם,false,,6.90,3.0000,true,1,98948
7290016096583,false,נתחי טונה בשמן שלישיה 3*80ג' פרינס,,,טונה פרינס שלישייה 3,גרמים,240.00,100 גרם,false,,10.90,4.5417,true,1,95096
7290016102789,false,צלחות קטנות אקו 50 יח',,,צלחות קטן 50 יח',יחידה,0.00,יחידה,false,,9.90,0.0000,true,1,113065
7290016107654,false,גביע למאפינס אלומיני,,,גביע למאפינס אלומיני,יחידה,0.00,יחידה,false,,10.00,0.0000,true,1,134818
7290016144000,false,"קמח חיטה מלאה נפלאות 80% 1 ק""ג","קמח מלכים בע""\מ",IL,קמח נפלאות חיטה 80%,גרמים,1000.00,100 גרם,false,,9.90,0.9900,true,1,139253
7290016144031,false,קמח חיטה לבן מנופה נפלאות,קמח מלכים,IL,קמח נפלאות חיטה לבן,גרמים,1000.00,100 גרם,false,,7.90,0.7900,true,1,139254
7290016144055,false,"קמח כוסמין נפלאות 80% 1 ק""ג",קמח מלכים,IL,קמח נפלאות כוסמין 80,גרמים,1000.00,100 גרם,false,,15.90,1.5900,true,1,139257
7290016150117,false,סלק אדום מבושל 500 ג' בוואקום,ג'ואבג'י יואייבי,LE,סלק וואקום,גרמים,500.00,100 גרם,false,,6.90,1.3800,true,1,76540
7290016150711,false,נוזל קוקוס אבאל פחית,,,נוזל קוקוס אבאל 400,גרמים,400.00,100 גרם,false,,6.90,1.7250,true,1,106952
7290016162233,false,עוגיות ממולאות סוגים שונים 200 גרם קפולסקי,קפולסקי,IL,עוגיות פרימיום ממולא,גרמים,200.00,1000גרם,false,,21.90,0.1095,true,1,120127
7290016162264,false,עוגת גבינה רנסנס קפולסקי 450 גרם,קפולסקי שיווק וקמעונ,IL,עוגת גבינה רנסנס 450,גרמים,450.00,100 גרם,false,,42.90,9.5333,true,1,75814
7290016188585,false,GIACOBAZZI למברוסקו רוזה חצי יבש יקבי כרמל,יקב גאקובזי,IT,יין למברוסקו רוזה חצ,מיליליטרים,750.00,"100 מ""ל",false,,24.90,3.3200,true,1,91809
7290016188608,false,GIACOBAZZI למברוסקו לבן חצי יבש יקבי כרמל,יקב גאקובזי,IT,יין למברוסקו לבן חצי,מיליליטרים,750.00,"100 מ""ל",false,,24.90,3.3200,true,1,91811
7290016197488,false,מטליות מיקרופייבר למשטחים ניקול 3יח',חוגלה קימברלי,CN,מטלית קסם לשיש ניקול,יחידה,0.00,יחידה,false,,15.90,0.0000,true,1,76061
7290016197617,false,תחבושת לנשים אקסטרה דיפנד 10 יחידות,קימברלי קלארק,VN,תחבושות דיפנד אקסטרה,יחידה,0.00,יחידה,false,,21.90,0.0000,true,1,76921
7290016217735,false,חציל על האש 200גרם גורמה,"סלטי שמיר 2006 בע""מ",IL,חציל אש 200 גר שמיר,גרמים,200.00,100 גרם,false,,14.90,7.4500,true,1,93060
7290016217759,false,חציל מרוקאי 200גרם גורמה,"סלטי שמיר 2006 בע""מ",IL,סלט חציל מרוקאי 200,גרמים,200.00,100 גרם,false,,14.90,7.4500,true,1,93062
7290016233575,false,פתיתי שיבולת שועל 600 גר גוד מורנינג,,LT,שיבולת שועל 600גר,גרמים,600.00,100 גרם,false,,6.90,1.1500,true,1,92453
7290016233711,false,"פסטה ""לה פסטה"" לינגוויני 400 גרם",,,פסטה לה פסטה לינגווי,גרמים,400.00,100 גרם,false,,5.90,1.4750,true,1,97168
7290016233995,false,שימורי אנשובי עם שמן זית 45 ג' תומר,אינוורסינס פריסקו,PE,אנשובי בפח עם שמן זי,גרמים,45.00,100 גרם,false,,7.90,17.5556,true,1,94282
7290016246025,false,בארכה מיקס פינוקיות חלווה ללא סוכר 10*20ג,"רושדי תעשיות מזון בע""\מ",IL,בארכה חלבה ללא סוכר,גרמים,200.00,100 גרם,false,,14.90,7.4500,true,1,76225
7290016246445,false,בארכה טחינה גולמית מעודנת שומשום מלא 310 גם,"רושדי תעשיות מזון בע""\מ",IL,טחינה גולמית שומשום,גרמים,310.00,100 גרם,false,,14.90,4.8065,true,1,98517
7290016276534,false,"שמן קוקוס לא מזוכך 500 מ""ל",דין שיווק,LK,שמן קוקוס לא מזוכך 5,מיליליטרים,500.00,"100 מ""ל",false,,29.90,5.9800,true,1,89994
7290016276756,false,מעדן 4 פירות 100% רכיבי פרי 284 גר' ללא תוספת סוכר,סיטי פודסטף,CN,מעדן 4 פירות 100% רכ,גרמים,284.00,100 גרם,false,,12.90,4.5423,true,1,89655
7290016276848,false,תבשיל איטריות בטעם עוף 70 גרם סו שף,טיאן הונג,TH,תבשיל איטריות בטעם ע,גרמים,70.00,100 גרם,false,,6.90,9.8571,true,1,90003
7290016276855,false,תבשיל אטריות בטעם ירקות 70 גרם סו שף,רס סר קאן גידה לטד,TH,תבשיל איטריות בטעם י,גרמים,70.00,100 גרם,false,,6.90,9.8571,true,1,90004
7290016277685,false,שקד מולבן שבבים 200 גרם ששון - קופסא,"דין שיווק וקלייה בע""",,שקד מולבן שבבים קופס,גרמים,200.00,100 גרם,false,,19.90,9.9500,true,1,91741
7290016321661,false,פרש וואנס SENSITIVE מגבונים ללא בישום רביעייה 72 יחידות,עלבד משואות יצחק,IL,מגבוני פרשוואנס רביע,יחידה,0.00,יחידה,false,,18.90,0.0000,true,1,106631
7290016321722,false,פרש וואנס מגבונים בו,על בד,,פרש וואנס מגבונים בו,יחידה,0.00,יחידה,false,,5.90,0.0000,true,1,100756
7290016372342,false,עגבניות חתוך קוביות גראנד איטליה מארז 400X3ג',גרנד איטליה Grand Italia,IT,עגבניות חתוכות לקובי,גרמים,1200.00,100 גרם,false,,14.90,1.2417,true,1,94660
7290016372458,false,חליטת לימונית ולואיזה הגן הקסום ויסוצקי 50 יחידות,תה ויסוצקי,IL,תה לימונית ולואיזה ו,יח',50.00,יח',false,,37.90,0.7580,true,1,94659
7290016387254,false,משטח לייבוש כלים דו צדדי שייני,מ.א ייצור ושיווק מטל,CN,מצע לייבוש כלים,יחידה,0.00,יחידה,false,,9.90,0.0000,true,1,90254
7290016387483,false,כריות יפניות דו צדדיות שייני 3 יחידות,,IL,כריות יפניות דו צדדי,יח',3.00,יח',false,,6.90,2.3000,true,1,95542
7290016387742,false,מטליות מיקרופייבר לנ,,CN,מטליות מיקרו לניקיון,יחידה,0.00,יחידה,false,,10.90,0.0000,true,1,95543
7290016387841,false,אטבי כביסה JOY צבעוני שייני 50 יחידות,GUANGDONG,CN,אטבי כביסה ג'וי צבעו,יחידה,0.00,יחידה,false,,13.90,0.0000,true,1,95547
7290016408294,false,"מרשמלו ורוד לבן וסטהיים 150 ג', 26 בקרטון",מנדלז סי.אר. פרודקשן,IL,מרשמלו ורוד לבן כרמי,גרמים,150.00,100 גרם,false,,5.90,3.9333,true,1,95338
7290016408744,false,מרשמלו טוויסטר כרמית 150 גרם,"כרמית תעשיות ממתקים בע""\",IL,"מרשמלו טוויסטר בד""ץ",גרמים,150.00,100 גרם,false,,5.90,3.9333,true,1,139542
7290016408980,false,"מטבעות שוקולד חלב 36 ג' כשל""פ בד""ץ",כרמית,IL,מטבעות שוקולד חלב 36,גרמים,36.00,100 גרם,false,,4.90,13.6111,true,1,98493
7290016416961,false,מוס גבינה תות שדה קפולסקי 400 גרם,קפולסקי שיווק וקמעונ,IL,פס גבינה שמנת בציפוי,גרמים,400.00,100 גרם,false,,42.90,10.7250,true,1,100228
7290016440652,false,תערובת פרוסות ירקות חמוצים מעדני עופר 500 גרם,מוצרי קפוא זן,,תערובת פרוסות ירקות,גרמים,0.00,גרם,false,,19.90,0.0000,true,1,136327
7290016440881,false,ירקות חמוצים בטעם ביתי מעדני עופר 500 גרם,מוצרי קפוא זן,,תערובת ירקות חמוצים,גרמים,0.00,גרם,false,,19.90,0.0000,true,1,136328
7290016440911,false,מלפפונים ביתיים 500 גרם מעדני עופר,מוצרי קפוא זן,,מלפפונים ביתיים כבוש,גרמים,0.00,גרם,false,,22.90,0.0000,true,1,136329
7290016448870,false,שפרוטים מעושנים בשמן,אודסקי קונסרברי זאבו,UA,שפרוטים 150 גרם,גרמים,150.00,100 גרם,false,,6.90,4.6000,true,1,120335
7290016448894,false,ביצקי ברוטב עגבניות 240 גרם,,UA,ביצ'קי ברוטב עגבניות,גרמים,240.00,100 גרם,false,,5.90,2.4583,true,1,120336
7290016475067,false,מארז 4 לאפות במלאכת יד,מאפיית המכבים,IL,לאפות 4יח מכבים,יח',4.00,יח',false,,12.90,3.2250,true,1,135598
7290016509342,false,סוד מארז טריו כדוריות לאסלה כחול אקטיבי אקונומיקה,הנקל סוד,HU,כדוריות סוד סבון לאס,גרמים,0.00,גרם,false,,16.90,0.0000,true,1,136774
7290016509786,false,פרסיל גל לכביסה לבנה וצבעונית-ירוק 2.5 ל,"הנקל סוד בע""\מ",IL,פרסיל ג'ל 2.5ליטר יר,ליטרים,2.50,ליטר,false,,34.90,13.9600,true,1,97702
7290016509809,false,ג'ל מרוכז לכביסה קולור 2.5 ל' פרסיל,"הנקל סוד בע""\מ",IL,פרסיל ג'ל 2.5 ליטר ק,ליטרים,2.50,ליטר,false,,34.90,13.9600,true,1,101973
7290016509823,false,ג'ל לכביסה לבנה וצבעונית בניחוח רענן,פרסיל Persil,IL,פרסיל ג'ל 2.5 ליטר ב,ליטרים,2.50,ליטר,false,,34.90,13.9600,true,1,97688
7290016509830,false,ג'ל כביסה לבגדי תינוקות ובעלי עור רגיש Sensitive,"הנקל סוד בע""\מ",IL,פרסיל ג'ל 2.5 ליטר ב,ליטרים,2.50,ליטר,false,,34.90,13.9600,true,1,97689
7290016509847,false,פרסיל ג'ל לכביסה כהה בלאק 2.5 ליטר,"הנקל סוד בע""\מ",IL,פרסיל גל כביסה שחור2,ליטרים,2.50,ליטר,false,,34.90,13.9600,true,1,98448
7290016580440,false,תבניות עגולות גדולות,,CN,תבניות עגולות גדולות,יחידה,0.00,יחידה,false,,9.90,0.0000,true,1,99574
7290016580549,false,צלחת 7 צבעוני לבן/ ק,,TR,צלחת 7 צבעוני לבן/ ק,יח',100.00,יח',false,,24.90,0.2490,true,1,99213
7290016621358,false,"ד""ר פישר - קמיל אל סבון ניקיון והזנה ורוד 1 ליטר",פישר מעבדות פרמצבטיות בע,IL,קמיל אל סבון ניקיון,מיליליטרים,1000.00,"100 מ""ל",false,,16.90,1.6900,true,1,94920
7290016621365,false,אל סבון היגייני לניקוי יסודי קמיל Clean & Moisture,פישר מעבדות פרמצבטיות בע,IL,קמיל אל סבון ניקיון,מיליליטרים,1000.00,"100 מ""ל",false,,16.90,1.6900,true,1,94921
7290016717051,false,משקה Buzz מוגז בטעם רימון מבוסס יין אדום מתוק,יקבי כרמל Carmel Winery,IL,באז משקה מבוסס יין מ,מיליליטרים,750.00,"100 מ""ל",false,,26.90,3.5867,true,1,112792
7290016717754,false,"יין ישן נושן יקבי כרמל 750 מ""ל ^^^",אגודת הכורמים הקואופרטיב,IL,"יין ישן נושן 750 מ""ל",מיליליטרים,750.00,"100 מ""ל",false,,18.90,2.5200,true,1,98071
7290016717976,false,"יין סלקטד באז אפרסק כרמל 750 מ""ל",כרמל מזרחי,IL,באז משקה מבוסס יין מ,מיליליטרים,750.00,"100 מ""ל",false,,26.90,3.5867,true,1,120125
7290016866650,false,"פרודונטקס - משחת שיניים אוריג'ינל 75 מ""ל",פרודונטקס Parodontax,SK,פרודונטקס משחת שיניי,מיליליטרים,75.00,"100 מ""ל",false,,29.90,39.8667,true,1,98914
7290016898071,false,תבניות אינגליש ארוך מקרטון ארוז שמאי 5 יח',,,תבניות אינגליש קייק,יח',5.00,יח',false,,10.90,2.1800,true,1,107498
7290016898170,false,נרות מס' 10 אחת שתיים שמאי,,,נרות שבת מס 10,יחידה,0.00,יחידה,false,,3.50,0.0000,true,1,136788
7290017023663,false,"שוופס מיץ פירות לימונייד פחית מארז 330X4מ""ל",יפאורה תבורי,IL,שוופס מוגז פירות למו,מיליליטרים,1320.00,"100 מ""ל",false,,15.90,1.2045,true,1,100162
7290017023816,false,"ספרינג  פירות טרופיים 250 מ""ל רביעייה","יפאורה תבורי בע""\מ",IL,ספרינג פירות טרופיים,מיליליטרים,1000.00,"100 מ""ל",false,,15.90,1.5900,true,1,100164
7290017023823,false,"רביעיית ספרינג תות בננה 250 מ""ל","יפאורה תבורי בע""\מ",IL,ספרינג תות בננה 4*25,מיליליטרים,1000.00,"100 מ""ל",false,,15.90,1.5900,true,1,100165
7290017023854,false,מי סודה בקבוקים אישיים - מארז 4 יח',יפאורה תבורי בעמ,IL,"שוופס סודה 4*250מ""ל",מיליליטרים,1000.00,"100 מ""ל",false,,13.90,1.3900,true,1,100166
7290017023878,false,סודה בטעם נענע ליים בקבוקים אישיים - מארז 4 יח',יפאורה תבורי בעמ,IL,שוופס סודה נענע ליים,מיליליטרים,1000.00,"100 מ""ל",false,,13.90,1.3900,true,1,100168
7290017031705,false,"סנסודיין משחת שיניים קלין & פרש 75 מ""ל",גלקסוס סמית קליין,SK,סנסודיין משחת שיניים,מיליליטרים,75.00,"100 מ""ל",false,,21.90,29.2000,true,1,98909
7290017058009,false,שימורי אנשובי עם צלפים 45 ג' תומר,,IL,אנשובי בפח עם צלפים,גרמים,45.00,100 גרם,false,,7.90,17.5556,true,1,94283
7290017058092,false,שיבולת שועל שלמה 600 גר גוד מורנינג,,LT,שיבולת שועל שלמה 600,גרמים,600.00,100 גרם,false,,6.90,1.1500,true,1,101068
7290017058139,false,רסק תפוח עץ עם תות שדה 452 גר,אינדיאן סאמר קו אופ אינק,US,רסק תפוח עץ עם תות ש,יחידה,0.00,יחידה,false,,12.90,0.0000,true,1,97579
7290017058573,false,תומר פרוסות פלפל חלפיניו בחומץ 340 גרם,אינדיה אגרו אקספורט,IN,פרוסות פלפל חלפיניו,גרמים,340.00,100 גרם,false,,9.90,2.9118,true,1,99137
7290017062730,false,"נוזל כלים לבנדר 36% 750 מ""ל טא'צ+משאבה",,IL,טאצ' נוזל כלים תפוח,מיליליטרים,750.00,"100 מ""ל",false,,8.90,1.1867,true,1,128722
7290017062747,false,"נ.כלים 36% תפוח טאצ' +משאבה 750 מ""ל",,IL,טאצ' נוזל כלים לימון,מיליליטרים,750.00,"100 מ""ל",false,,8.90,1.1867,true,1,128721
7290017062754,false,"נ.כלים 36% לימון טאצ' +משאבה 750 מ""ל",,IL,טאצ' נוזל כלים שדות,מיליליטרים,750.00,"100 מ""ל",false,,8.90,1.1867,true,1,128723
7290017062952,false,מבשם כביסה לבית סגול500מ,סאסאטק,IL,מבשם לכביסה ולבית סג,מיליליטרים,500.00,"100 מ""ל",false,,29.90,5.9800,true,1,139180
7290017065007,false,פרוסות גבינה מוצרלה חצי קשה 22% שומן 200 ג' גד,מחלבות גד בעמ,IL,מוצרלה פרוסה 150 גרם,גרמים,150.00,100 גרם,false,,19.60,13.0667,true,1,92704
7290017065137,false,ריקוטה למריחה 5% טבעית 200 גרם - רובין,האי נאם סי או אל.טי.,IL,ריקוטה למריחה 5% טבע,גרמים,200.00,100 גרם,false,,10.90,5.4500,true,1,95776
7290017065144,false,ריקוטה למריחה בתוספת בזיליקום 5% גד 200 גם,האי נאם סי או אל.טי.,IL,ריקוטה למריחה 5% עפ,גרמים,200.00,100 גרם,false,,10.90,5.4500,true,1,95778
7290017065168,false,גבינה כחולה denish blue cheese 100 גרם,ST.CLEMENS-BOMHOLMWS,DK,גבינה כחולה 100 גרם,גרמים,100.00,100 גרם,false,,17.90,17.9000,true,1,97096
7290017065212,false,גבינת קרם מסקרפונה מחלבות גד 250 גר,מיוצר עי קוד יצרן ED,IL,קרם מסקרפונה 250 גרם,גרמים,250.00,100 גרם,false,,21.90,8.7600,true,1,97099
7290017065434,false,פרוסות גבינה גאודה הולנדית חצי קשה 200 גרם בית יוסף,מחלבות גד בעמ,NL,פרוסות גאודה 200 גרם,גרמים,200.00,100 גרם,false,,22.90,11.4500,true,1,100390
7290017065441,false,גבינה גאודה עיזים פרוסה הולנדית 200 גר',גבינות מדף,NL,פרוסות גאודה עיזים 2,גרמים,200.00,100 גרם,false,,35.90,17.9500,true,1,100391
7290017065526,false,קוואטרו פורמאג'י 4 גבינות מגוררות 26%,"מחלבות גד בע""\מ",IL,קוואטרו פורמאג'י 300,גרמים,300.00,100 גרם,false,,29.90,9.9667,true,1,100399
7290017065588,false,יוגורט יווני 10% שומן 600 ג' גד,"מיוצר ע""\י קוד יצרן MKN",IL,יוגורט יווני 600 גרם,גרמים,600.00,100 גרם,false,,16.90,2.8167,true,1,120169
7290017065663,false,גבינת פטה עיזים מעודנת 16% גד 200 גרם,ג'נרל מילס סאן אדריא,IL,בולגרית עיזים מעודנת,גרמים,250.00,100 גרם,false,,31.90,12.7600,true,1,128113
7290017065731,false,גבינת שמנת 30% ניו יורק +כמהין 200 גרם רבנות,פ.פ.ח. שאביט,IL,גבינת שמנת ניו יורק,גרמים,200.00,100 גרם,false,,13.90,6.9500,true,1,135468
7290017088105,false,טיטולי בייביסיטר מידה 3 38 יח,די.פי.אל תעשיות מוצר,IL,בייביסיטר פרפורמנס נ,יח',38.00,יח',false,,29.90,0.7868,true,1,97035
7290017088129,false,טיטולי בייביסיטר מידה 4+ 34 יח,די.פי.אל תעשיות מוצר,IL,בייביסיטר חיתול דק ע,יח',34.00,יח',false,,29.90,0.8794,true,1,97037
7290017088143,false,טיטלי בייביסיטר מידה 6 30 יח,די.פי.אל תעשיות מוצר,IL,בייביסיטר חיתול דק ר,יח',30.00,יח',false,,29.90,0.9967,true,1,97039
7290017088327,false,רבעיית מגבונים בייביסיטר אקסטרא סופט ללא בישום 64 יחידות,די.פי.אל בעמ,IL,מגבוני בייביסיטר אקס,יחידה,0.00,יחידה,false,,15.90,0.0000,true,1,120208
7290017088822,false,BREEZE תחבושות לבריחת שתן אקסטרה (10 יח'),ניאופארם,IT,תחבושות בריז אקסטרה,יחידה,0.00,יחידה,false,,19.90,0.0000,true,1,136682
7290017094847,false,סלט תפוחי אדמה אסלי שמיר 400 ג',"סלטי שמיר 2006 בע""מ",IL,סלט תפוחי אדמה 400 ג,גרמים,400.00,100 גרם,false,,14.90,3.7250,true,1,99192
7290017094861,false,חומוס עם רוטב מסבחה אסלי שמיר 400 ג',"סלטי שמיר 2006 בע""מ",IL,חומוס עם רוטב מסבחה,גרמים,400.00,100 גרם,false,,14.90,3.7250,true,1,99194
7290017105383,false,שלישיית תירס קיד יכין 3*200 גרם,זנלכל,IL,תירס קיד יכין שלישיי,גרמים,495.00,100 גרם,false,,15.90,3.2121,true,1,113034
7290017105468,false,מארז שלישייה אפונה קטנה יכין 3*200 גר,קשקמט קונסרב הונגריה,IL,אפונה גינה יכין Oz2,גרמים,600.00,100 גרם,false,,15.90,2.6500,true,1,112311
7290017105550,false,רביעיית רסק עגבניות 100% יכין 4X100 גרם,היינץ צפון אמריקה מק,IL,רסק עגבניות 100% מאג,גרמים,400.00,100 גרם,false,,11.90,2.9750,true,1,107829
7290017105895,false,גרגרי חומוס להכנת חומוס משובח יכין 560 ג,זנלכל,IL,גרגרי חומוס מסעדות י,גרמים,560.00,100 גרם,false,,9.90,1.7679,true,1,126961
7290017121048,false,"פלפל צ'ומה 250 גרם ""עללחם""","מדשא תעשיות מזון בע""\מ",IL,ממרח פלפל צ'ומה 250,גרמים,250.00,100 גרם,false,,13.90,5.5600,true,1,100134
7290017121093,false,"אריסה חריפה 250 גרם ""עללחם""","מדשא תעשיות מזון בע""\מ",IL,ממרח אריסה חריפה 250,גרמים,250.00,100 גרם,false,,13.90,5.5600,true,1,100135
7290017129822,false,מטבעות שוקולד מריר כרמית 36 גרם,כרמית,IL,מטבעות שוקולד מריר 3,גרמים,36.00,100 גרם,false,,4.90,13.6111,true,1,98494
7290017142111,false,פתיתי טונה בשמן זית טו גו עץ הזית 85 גרם,"יוניקורד ח.צ בע""מ",TH,פתיתי טונה בהירה בשמ,יחידה,0.00,יחידה,false,,9.90,0.0000,true,1,97279
7290017142128,false,"שמן זית כתית מעולה קלאסי עץ הזית 750 מ""ל",שמן תעשיות בעמ,IT,שמן זית כתית מעולה ק,מיליליטרים,750.00,"100 מ""ל",false,,34.90,4.6533,true,1,96065
7290017142159,false,"שלישיית נתחי טונה בהירה בשמן זית 80 גרם ""עץ הזית""",הנסיך- מפעל לייצור ט,TH,נתחי טונה בהירה בשמן,גרמים,240.00,100 גרם,false,,25.90,10.7917,true,1,97274
7290017142180,false,פילה פרוס ושמן זית בנגיעות טעם לימון ופלפל שחור,"יוניקורד ח.צ בע""מ",TH,פילה טונה פרוס עם שמ,גרמים,120.00,100 גרם,false,,15.90,13.2500,true,1,99894
7290017142289,false,"תרסיס שמן חמניות מזוכך עץ הזית 200 מ""ל",י.ב טכנולוגיות אריזה בעמ,IT,תרסיס שמן חמניות עץ,מיליליטרים,200.00,"100 מ""ל",false,,17.90,8.9500,true,1,99090
7290017142388,false,שמן חמניות פלוס אומגה 3 עץ הזית 1 ליטר,שמן תעשיות בעמ,IL,שמן חמניות פלוס 1 לי,ליטרים,1.00,ליטר,false,,17.90,17.9000,true,1,137264
7290017142395,false,"LUNCH TO GO פסטה עם טונה בשמן זית 160 גרם ""עץ הזית""",יוניקורד ח.צ בעמ,TH,טונה עם פסטה בשמן זי,גרמים,160.00,100 גרם,false,,14.90,9.3125,true,1,113205
7290017142418,false,"LUNCH TO GO אורז עם עדשים טונה בשמן זית 160 גרם ""עץ הזית""",יוניקורד ח.צ בעמ,TH,אורז עם עדשים עם טונ,גרמים,160.00,100 גרם,false,,14.90,9.3125,true,1,113204
7290017142487,false,"LUNCH TO GO בורגול עם חומוס טונה בשמן זית 160 גרם ""עץ הזית""",יוניקורד ח.צ בעמ,TH,בורגול עם גרגירי חומ,גרמים,160.00,100 גרם,false,,14.90,9.3125,true,1,136299
7290017142500,false,תרסיס שמן זית כתית מעולה בטעם שום 150מל,קומטמפ קומפניה פורטו,IT,תרסיס שמן זית בטעם ש,מיליליטרים,150.00,"100 מ""ל",false,,19.90,13.2667,true,1,140376
7290017197029,false,אל סבון la belle מאסק לבן 1 ל,,IL,אל סבון מאסק לבן 1 ל,ליטרים,1.00,ליטר,false,,9.90,9.9000,true,1,100740
7290017197036,false,אל סבון la belle מלון פפאיה כתום 1 ל,,,אל סבון מלון פפאיה כ,ליטרים,1.00,ליטר,false,,9.90,9.9000,true,1,100737
7290017217802,false,"שקיות אוכל 25 ס""מ זוג 2*150 בשרינק",,,שקיות אוכל מארז זוג*,יח',300.00,יח',false,,8.90,0.0297,true,1,141727
7290017239101,false,סלמון אטלנטי מעושן מצונן,סלטי שמיר,IL,פילה סלמון אטלנטי מע,גרמים,100.00,100 גרם,false,,23.90,23.9000,true,1,113297
7290017275338,false,טורקיז- טחינה גולמית 500 גרם,אחדות ביחר לטחינה חל,IL,טחינה גולמית טורקיז,גרמים,500.00,100 גרם,false,,14.90,2.9800,true,1,137813
7290017275345,false,"טחינה גולמית בבקבוק לחיץ , 350 גרם אחווה",אחדות ביחר לטחינה חל,IL,טחינה גולמית בקבוק ל,גרמים,350.00,100 גרם,false,,9.90,2.8286,true,1,140805
7290017275369,false,טורקיז- טחינה משומשום מלא 500 גרם,אחדות ביחר לטחינה חל,IL,טחינה גולמית משומשום,גרמים,500.00,100 גרם,false,,14.90,2.9800,true,1,137814
7290017289151,false,"יין ממלכת יהודה אמרלד ריזלינג 750 מ""ל",יקב טפרברג,IL,יין אמרלד ריזלינג 75,מיליליטרים,750.00,"100 מ""ל",false,,25.90,3.4533,true,1,99122
7290017297149,false,גרגירי חומוס להכנת חומוס ביתי פרי הגליל 550 גרם,"פרי הגליל בע""""מ",IL,גרגירי חומוס להכנה ח,גרמים,550.00,100 גרם,false,,8.90,1.6182,true,1,128533
7290017297620,false,רסק עגבניות A2 BX22 טל וטרי 570 גר',"מילוז(1989)בע""""מ",,רוטב עגבניות מרוכז 2,גרמים,570.00,100 גרם,false,,7.90,1.3860,true,1,138137
7290017297637,false,רכז עגבניות A2 BX28 טל וטרי 580 גר',"מילוז(1989)בע""""מ",,רוטב עגבניות מרוכז 2,גרמים,580.00,100 גרם,false,,8.90,1.5345,true,1,138138
7290017297644,false,ברוקולי קפוא גרין אנד פרש 800 גר',גרין אנד פרש Green & Fresh,IL,ברוקולי גרין אנד פרש,גרמים,800.00,100 גרם,false,,14.90,1.8625,true,1,138157
7290017297682,false,כרובית מקופאות 800 ג' גרין פריש,גרין אנד פרש Green & Fresh,,כרובית גרין אנד פרש,גרמים,800.00,100 גרם,false,,12.90,1.6125,true,1,138156
7290017303482,false,מלאווח שחף 700 גרם,,,מלאווח 700 גרם שחף,גרמים,700.00,100 גרם,false,,15.90,2.2714,true,1,140290
7290017303499,false,בורקס פטריות שחף 800,,,בורקס פטריות שחף 800,גרמים,800.00,100 גרם,false,,15.90,1.9875,true,1,140366
7290017339610,false,חלה בריוש 6 כדורים ה,המחמצת,IL,חלה בריוש 6 כדורים,יחידה,0.00,יחידה,false,,19.90,0.0000,true,1,137492
7290017339627,false,חלת בריוש כתר המחמצת,המחמצת,IL,חלה בריוש כתר,יחידה,0.00,יחידה,false,,19.90,0.0000,true,1,137483
7290017396033,false,מארז בייגל רומני שומ,המחמצת,IL,בייגל רומני,יחידה,0.00,יחידה,false,,18.90,0.0000,true,1,138947
7290017396071,false,לחמניות המבורגר פרימ,המחמצת,IL,המבורגר פרימיום,יחידה,0.00,יחידה,false,,18.90,0.0000,true,1,135873
7290017396163,false,לחם שיפון 70% אובלי,המחמצת,IL,לחם שיפון,יחידה,0.00,יחידה,false,,17.90,0.0000,true,1,135882
7290017396170,false,לחם שאור איטלקי המחמ,המחמצת,IL,לחם שאור איטקי לבן,יחידה,0.00,יחידה,false,,17.90,0.0000,true,1,135883
7290017396187,false,לחם קלמטה אובלי המחמ,המחמצת,IL,לחם קלמטה,יחידה,0.00,יחידה,false,,17.90,0.0000,true,1,135884
7290017396194,false,לחם דגנים המחמצת 560,המחמצת,IL,לחם דגנים דבש,יחידה,0.00,יחידה,false,,19.90,0.0000,true,1,137487
7290017396217,false,לחם דגנים אובלי המחמ,המחמצת,IL,לחם דגנים,יחידה,0.00,יחידה,false,,17.90,0.0000,true,1,135886
7290017396224,false,לחם כוסמין אובלי המח,המחמצת,IL,לחם כוסמין,יחידה,0.00,יחידה,false,,17.90,0.0000,true,1,135887
7290017396248,false,לחמניות מיני המבורגר,המחמצת,IL,מיני המבורגר,יחידה,0.00,יחידה,false,,18.90,0.0000,true,1,137475
7290017396286,false,המחמצת מארז בייגל יר,המחמצת,IL,בייגל ירושלמי,יחידה,0.00,יחידה,false,,18.90,0.0000,true,1,135892
7290017396415,false,ג'בטה דגנים המחמצת 6,המחמצת,IL,ג'בטה דגנים,יחידה,0.00,יחידה,false,,18.90,0.0000,true,1,137485
7290017396422,false,ג'בטינה דגנים,,,ג'בטינה דגנים,יחידה,0.00,יחידה,false,,18.90,0.0000,true,1,137484
7290017396439,false,ג'בטה לבן 600 גרם,המחמצת,IL,ג'בטה לבן,יחידה,0.00,יחידה,false,,18.90,0.0000,true,1,137486
7290017396453,false,ביס חיטה,,,ביס חיטה,יחידה,0.00,יחידה,false,,18.90,0.0000,true,1,137471
7290017396507,false,בייגל חיטה המחמצת 36,המחמצת,IL,בייגל חיטה,יחידה,0.00,יחידה,false,,18.90,0.0000,true,1,137472
7290017396606,false,לחמניית שמיניה מתוקה,,,לחמניית שמיניה מתוקה,יחידה,0.00,יחידה,false,,18.90,0.0000,true,1,137482
7290017440279,false,"ד""ר פישר - קידס אל סבון ויטמינים 750 מ""ל",פישר תעשיות,IL,אל סבון קידס פישר 75,מטרים,750.00,100 מ'ל,false,,17.90,2.3867,true,1,107047
7290017440286,false,"ד""ר פישר - קידס מרכך ויטמינים 750 מ""ל","ד""ר פישר Dr fischer",IL,מרכך שיער קידס פישר,מטרים,750.00,100 מ'ל,false,,17.90,2.3867,true,1,107048
7290017440323,false,"ד""ר פישר - קידס שמפו + מרכך ויטמינים 750 מ""ל","ד""ר פישר Dr fischer",IL,שמפו +מרכך קידס פישר,מטרים,750.00,100 מ'ל,false,,17.90,2.3867,true,1,107050
7290017440965,false,אל סבון היגייני לניקוי יסודי ולהזנת העור clean & nourish,"ד""ר פישר Dr fischer",IL,קמיל אל סבון 1 ליטר,מיליליטרים,1000.00,"100 מ""ל",false,,16.90,1.6900,true,1,107046
7290017457598,false,"מרכך כביסה סוד מרוכז סאמר בלוסום 900 מ""ל",הנקל סוד,IL,סוד מרכך מרוכז קיץ 9,מיליליטרים,900.00,"100 מ""ל",false,,14.90,1.6556,true,1,100457
7290017457703,false,"מרכך כביסה סוד מרוכז ארומתרפי זהב 900 מ""ל",הנקל סוד,IL,סוד מרכך מרוכז ארומת,מיליליטרים,900.00,"100 מ""ל",false,,14.90,1.6556,true,1,100452
7290017457727,false,"סוד כחול מרכך כביסה מרוכז20%+בישום 900 מ""ל",הנקל סוד,IL,סוד מרכך מרוכז כחול,מיליליטרים,900.00,"100 מ""ל",false,,14.90,1.6556,true,1,100453
7290017457925,false,סוד מרכך כביסה מרוכז פרש קונטרול ורוד,הנקל סוד,IL,סוד מרכך מרוכז פרש ב,מיליליטרים,900.00,"100 מ""ל",false,,14.90,1.6556,true,1,128889
7290017470177,false,קש צבעוני מתקפל בשקית 200 יחידות,,CN,קש 200יח מתקפל צבעונ,יחידה,0.00,יחידה,false,,10.90,0.0000,true,1,102750
7290017470474,false,צימרוני אוזניים עץ 3,,,צימרוני אוזניים עץ 3,יחידה,0.00,יחידה,false,,4.90,0.0000,true,1,120846
7290017477169,false,קשיו קלוי 250 גרם ששון הקולה,"דין שיווק וקלייה בע""",IL,קשיו קלוי ששון הקולה,גרמים,250.00,100 גרם,false,,20.00,8.0000,true,1,139642
7290017477299,false,תערובת געלה שקדיה 20,דין שיווק,IL,ג'עלה 200 גרם.,גרמים,200.00,100 גרם,false,,10.00,5.0000,true,1,97471
7290017477305,false,זרעי ציה 250 גר שקדי,דין שיווק,IL,זרעי צ'יה 250 גרם.,גרמים,250.00,100 גרם,false,,10.00,4.0000,true,1,97473
7290017477596,false,תמר מג'הול פרימיום בקופסא ששון הקולה 400 גרם,"שקדיה גבע תעשיות בע""",IL,תמר מג'הול 400 גרם א,גרמים,400.00,100 גרם,false,,19.90,4.9750,true,1,112220
7290017513485,false,מחית עגבניות רוסטיקה גרנד איטליה 680 גרם,היצרן: ס.פ. פודנצנו -10,IT,מחית עגבניות רוסטיקה,גרמים,680.00,100 גרם,false,,12.90,1.8971,true,1,112473
7290017513775,false,פליפז בייגלה מצופה שוקולד חלב מקוויטיס 140 גרם,שוורצקוף& הנקל דיסלד,TR,בייגלה מצופה שוקולד,גרמים,140.00,100 גרם,false,,9.90,7.0714,true,1,127860
7290017513782,false,פליפז בייגלה מצופה שוקולד מריר מקוויטיס 140 גרם,שוורצקוף& הנקל דיסלד,TR,בייגלה מצופה שוקולד,גרמים,140.00,100 גרם,false,,9.90,7.0714,true,1,127861
7290017513850,false,תה ירוק נענע 25 שקיקים בתוספת ויטמינים Cּּ+D,ויסוצקי ירוק,IL,תה ירוק נענע בתוספת,גרמים,37.50,100 גרם,false,,26.90,71.7333,true,1,128010
7290017513867,false,תה ירוק לימונית ולואיזה סתוספת ויטמינים ויסוצקי 25 יחידות,תה ויסוצקי,IL,תה ירוק לימונית לואי,גרמים,37.50,100 גרם,false,,26.90,71.7333,true,1,128011
7290017516424,false,שוקולד+ פנגיאה שוקולד קוקוס ואגוזי לוז 300 גרם,ש.ר רגע בטבע,IL,פנגיאה חטיפי בריאות,גרמים,300.00,100 גרם,false,,29.90,9.9667,true,1,135963
7290017516448,false,"שוקלד + פנגיאה שוקולד קוקוס תמרים,שקדים וחרוב 300 גרם",פנגיאה,IL,פנגיאה חטיפי בריאות,גרמים,300.00,100 גרם,false,,29.90,9.9667,true,1,135965
7290017599229,false,ממתיק סוכרלוז 200 טבליות סוכרזית,"סוכרזית בע""מ",IL,סוכרזית סוכרלוז 200,יח',200.00,יח',false,,25.90,0.1295,true,1,137786
7290017599274,false,סוכרזית סטיוויה 120 שקיות,ביסקול בע''מ,IL,סוכרזית סטיוויה 120,יחידה,0.00,יחידה,false,,39.90,0.0000,true,1,140761
7290017617411,false,סטארקיסט מיקס סלמון עם אורז מלא וירקות 160 גרם,סטארקיסט Starkist,PL,סטארקיסט מיקס סלמון,גרמים,160.00,100 גרם,false,,15.90,9.9375,true,1,140758
7290017617428,false,"סטארקיסט נתחי סלמון עם פסטה, עגבניות וזיתים פיקנטי",סטארקיסט Starkist,PL,סטארקיסט מיקס סלמון,גרמים,160.00,100 גרם,false,,15.90,9.9375,true,1,140759
7290017617435,false,סטארקיסט מיקס סלמון עם עדשים קינואה וירק 160 גרם,סטארקיסט Starkist,PL,סטארקיסט מיקס סלמון,גרמים,160.00,100 גרם,false,,15.90,9.9375,true,1,140757
7290017637204,false,ג'ל אלכוהול 70% נובו,,,ג'ל אלכוהול 70% נובו,מיליליטרים,100.00,"מ""ל",false,,8.90,0.0890,true,1,128083
7290017675015,false,טחינת היונה המקורית,היוצר,IL,טחינה היונה 450 גרם,גרמים,450.00,100 גרם,false,,15.90,3.5333,true,1,112831
7290017682556,false,"שיפוד עובי 30 ס""מ 80 יחי",מ.א ייצור ושיווק מטל,CN,שיפודים עבה 30סמ,יחידה,0.00,יחידה,false,,3.90,0.0000,true,1,127995
7290017715261,false,פתיתים בצורת אורז תו,קריות זול,,פתיתים בצורת אורז תו,גרמים,500.00,100 גרם,false,,5.90,1.1800,true,1,141746
7290017715278,false,פתיתים בצורת קוסקוס,קריות זול,,פתיתים בצורת קוסקוס,גרמים,500.00,100 גרם,false,,5.90,1.1800,true,1,141747
7290017812052,false,יין שיראז-קברנה סוביניון אקסלנס יקבי כרמל,יקבי כרמל Carmel Winery,IL,יין אקסלנס שיראז-קבר,מיליליטרים,750.00,"100 מ""ל",false,,25.90,3.4533,true,1,99288
7290017812069,false,יין אמרלד ריזלינג שרדונה אקסלנס Excellence,יקבי כרמל Carmel Winery,IL,יין אקסלנס ריזלינג-ש,מיליליטרים,750.00,"100 מ""ל",false,,25.90,3.4533,true,1,99289
7290017812106,false,מוג'ו בלנד לבן ח.מתוק750,יקבי כרמל,IL,יין מוג'ו בלנד לבן 7,מטרים,750.00,100 מ'ל,false,,19.90,2.6533,true,1,136805
7290017812120,false,יין קברנה סוביניון חצי מתוק מוג'ו יקבי כרמל,יקבי כרמל,IL,יין מוג'ו קברנה סובנ,מטרים,750.00,100 מ'ל,false,,19.90,2.6533,true,1,136806
7290017812571,false,מיץ ענבים תירוש אדום 100% טבעי כרמל 1 ליטר,יקבי כרמל Carmel Winery,IL,מיץ ענבים אדום 100%,מיליליטרים,1000.00,"100 מ""ל",false,,19.90,1.9900,true,1,112698
7290017812618,false,מיץ ענבים תירוש אדום רוזה כרמל 1 ליטר,כרמל מזרחי,IL,תירוש מיץ ענבים רוזה,מיליליטרים,1000.00,"100 מ""ל",false,,19.90,1.9900,true,1,112708
7290017812861,false,יין וינו לבן יקבי כרמל,כרמל מזרחי,IL,יין וינו לבן יבש 750,מיליליטרים,750.00,"100 מ""ל",false,,21.90,2.9200,true,1,135172
7290017812878,false,"אקסלנס וזה -קברנה סוביניון כרמל 750 מ""ל",קריות זול,IL,יין אקסלנס רוזה 750,מיליליטרים,750.00,"100 מ""ל",false,,25.90,3.4533,true,1,135173
7290017812885,false,"יין P.C סוביניון בלאן גוורצטרמינר כרמל 750 מ""ל",אגודת הכורמים א.ת אל,IL,סוביניון גוורצטרמינר,מיליליטרים,750.00,"100 מ""ל",false,,39.90,5.3200,true,1,136011
7290017871363,false,פמילי יהלום- פמלי סבון ידיים מועשר בשמן מקדמיה לניקוי וטיפוח עור הידיים,המאפיה של הרמן,TR,פמלי יהלום סבון ידיי,מיליליטרים,500.00,"100 מ""ל",false,,9.90,1.9800,true,1,120538
7290017871370,false,פמילי יהלום- סבון ידיים מועשר בשמן אבוקדו לניקוי וטיפוח עור הידיים,המאפיה של הרמן,TR,פמלי יהלום סבון ידיי,מיליליטרים,500.00,"100 מ""ל",false,,9.90,1.9800,true,1,120539
7290017871424,false,"טוסו חטיף תמרים ובוטנים לל""ג כשל""פ 1X5",תות תעשיות מזון,IL,טוסו חטיף תמרים ובוט,גרמים,135.00,100 גרם,false,,15.90,11.7778,true,1,107011
7290017871462,false,טוסו חטיף פצפוצי אורז מצופה שוקולד מריר ללא תוספת סוכר,תות תעשיות מזון (2014) ב,IL,טוסו חטיף פצפוצי אור,גרמים,135.00,100 גרם,false,,15.90,11.7778,true,1,107012
7290017871707,false,חטיף פיצפוצי אורז וקוקוס מצופה שוקולד מריר ללא תוספת סוכר,תות תעשיות מזון (2014) ב,IL,טוסו חטיף פצפוצי אור,גרמים,135.00,100 גרם,false,,15.90,11.7778,true,1,107020
7290017872063,false,פמלי אל סבון 3*1 ארומטרפי-מעורב 500 גרם*3,אברנסל קוסמטיקס,TR,"פמלי אל סבון 500 מ""ל",ליטרים,1.50,ליטר,false,,15.50,10.3333,true,1,120473
7290017888026,false,"משקה אננס תפוח גזר פרות & ווג 350 מ""ל",פרוט אנד וג' Fruit & Veg,IL,פרוט & וג' אננס תפוח,מיליליטרים,350.00,"100 מ""ל",false,,8.90,2.5429,true,1,120547
7290017888095,false,"רביעיית פחיות שוופס מוגז עדין פירות יער 330 מ""ל.",יפאורה תבורי בעמ,IL,שוופס מוגז עדין פירו,מיליליטרים,1320.00,"100 מ""ל",false,,15.90,1.2045,true,1,100156
7290017888354,false,מים מינרליים בקבוק ס,מים מינרליים,IL,מי עדן 750מל,מיליליטרים,750.00,"100 מ""ל",false,,3.50,0.4667,true,1,134781
7290017888644,false,"משקה אננס בננה כורכום פרות & ווג 350 מ""ל",פרוט אנד וג' Fruit & Veg,IL,פרוט & וג' אננס בננה,מטרים,350.00,100 מ'ל,false,,8.90,2.5429,true,1,120549
7290017888729,false,שוופס סודה בקבוק 1 ל',"יפאורה תבורי בע""\מ",IL,שוופס סודה בקבוק 1 ל,מיליליטרים,1000.00,"100 מ""ל",false,,3.90,0.3900,true,1,120343
7290017888972,false,בקבוק מי עדן פקק ספורט 1 ליטר,"מופק ממקור בזלתי עדן ,1",IL,מי עדן 1 ליטר פקק ספ,מיליליטרים,1000.00,"100 מ""ל",false,,3.90,0.3900,true,1,120608
7290017907208,false,תערובת קמח רב תכליתי לנמנעים מגלוטן,מנדלז סי.אר. פרודקשן,IL,קמח תמי רב תכליתי לל,גרמים,500.00,100 גרם,false,,19.90,3.9800,true,1,135923
7290017907215,false,קמח תמי למאפי שמרים ללא גלוטן 500 גרם,פוראטוס ישראל,IL,קמח תמי למאפי שמרים,גרמים,500.00,100 גרם,false,,19.90,3.9800,true,1,135924
7290017907222,false,תערובת קמח תופח לנמנעים מגלוטן,פוראטוס ישראל,IL,קמח תמי תופח ללא גלו,גרמים,500.00,100 גרם,false,,19.90,3.9800,true,1,135925
7290017907246,false,סולת מאורז לנמנעים מגלוטן,פוראטוס ישראל,IL,תמי סולת ללא גלוטן 3,גרמים,300.00,100 גרם,false,,16.90,5.6333,true,1,135926
7290017928463,false,מאיר בייגל -סמאש-שבורים בטעם דבש חרדל ובצל 300 גרם,מאיר בייגל,BG,סמאש- שבורים בטעם ד,גרמים,300.00,100 גרם,false,,13.90,4.6333,true,1,136955
7290017928661,false,מאיר בייגל -סמאש-שבורים בטעם צ'דר 300 גרם,מאיר בייגל,BG,סמאש- שבורים בטעם צ',גרמים,300.00,100 גרם,false,,13.90,4.6333,true,1,136956
7290017938264,false,"חומוס בתוספת רוטב פיקנטי, 200 גרם","סלטי שמיר 2006 בע""\מ",IL,חומוס עם חריף 200 גר,גרמים,200.00,100 גרם,false,,9.90,4.9500,true,1,140525
7290017946399,false,"מרכך כביסה מרוכז ארומתרפי אדום 900 מ""ל סוד",הנקל סוד,IL,סוד מרכך מרוכז ארומת,מיליליטרים,900.00,"100 מ""ל",false,,14.90,1.6556,true,1,138060
7290017969084,false,ר.שמאי מרקיות אקו 25,,,מרקיות 25 יחידות,יחידה,0.00,יחידה,false,,9.90,0.0000,true,1,113066
7290017969237,false,פלסטרים 25 יח' מעוצבים לילדים,,,פלסטרים 25יח מודפסים,יחידה,0.00,יחידה,false,,5.90,0.0000,true,1,120848
7290017969299,false,קיסמי שיניים במבוק 500 יח',,,קיסמי שיניים 500 יח',יחידה,0.00,יחידה,false,,5.50,0.0000,true,1,139165
7290017969916,false,צמר גפן רפואי כותנה 100,,IL,צמר גפן רפואי 100 גר,גרמים,100.00,100 גרם,false,,4.90,4.9000,true,1,136499
7290017969978,false,כוסות מרוקאיות קרם 40 יח' 1-2 ר. שמאי,,IL,כוס מרוקאית 40 יח,יחידה,0.00,יחידה,false,,13.90,0.0000,true,1,136523
7290017973487,false,שפרוטים גדולים בשמן ליפתית 200 גרם,,LV,שפרוטים גדולים מעושנ,גרמים,200.00,100 גרם,false,,7.90,3.9500,true,1,135096
7290018023495,false,טחינה גולמית 500ג' סבא חביב,מ.א ושות',IL,טחינה גולמית סבא חבי,גרמים,500.00,100 גרם,false,,15.90,3.1800,true,1,140502
7290018043844,false,חטיף חלבון בוטנים קרמל קראנץ 60 ג' פראוד,פראוד PROUD,NL,חטיף חלבון בוטנים קר,גרמים,60.00,100 גרם,false,,12.90,21.5000,true,1,140131
7290018045084,false,BON&BON דגנים במילוי קרם בטעם בראוניז 480 גרם,monday,DE,דגני בוקר בון בון במ,גרמים,480.00,100 גרם,false,,23.90,4.9792,true,1,138843
7290018045497,false,בון בון דגנים במילוי קרם שוקולד 480 גרם,monday,DE,דגני בוקר בון בון במ,גרמים,480.00,100 גרם,false,,23.90,4.9792,true,1,138842
7290018045695,false,BON&BON דגנים במילוי קרם קרמל מלוח 480 גרם,monday,DE,דגני בוקר בון בון במ,גרמים,480.00,100 גרם,false,,23.90,4.9792,true,1,138844
7290018045893,false,בון בון דגנים במילוי קרם נוגט 480 גרם,monday,DE,דגני בוקר בון בון במ,גרמים,480.00,100 גרם,false,,23.90,4.9792,true,1,138841
7290018050408,false,אגוזי פיסטוק קלויים ומומלחים 160 גרם,גי אנד גי פקאנס,IL,אגוזי פיסטוק קלויים,גרמים,160.00,100 גרם,false,,15.00,9.3750,true,1,127800
7290018050453,false,אגוזי קשיו טבעיים 220 גר,גי אנד גי פקאנס,IL,קשיו טבעי קופסא 220,גרמים,220.00,100 גרם,false,,15.00,6.8182,true,1,127805
7290018050460,false,אגוזי קשיו קלויים וממולח,גי אנד גי פקאנס,IL,קשיו קלוי קופסא 200,גרמים,200.00,100 גרם,false,,15.00,7.5000,true,1,127806
7290018050484,false,אגוזי מלך קלופים טבעיים 150 גרם,גי אנד גי פקאנס,IL,אגוז מלך קלופים טבעי,גרמים,150.00,100 גרם,false,,10.00,6.6667,true,1,127782
7290018050514,false,בוטנים מטוגנים וממולחים,גי אנד גי פקאנס,IL,בוטן מטוגן קופסא 240,גרמים,240.00,100 גרם,false,,10.00,4.1667,true,1,127785
7290018050521,false,אגוזי לוז טבעי קופסא,גי אנד גי פקאנס,IL,אגוזי לוז טבעי קופסא,גרמים,180.00,100 גרם,false,,10.00,5.5556,true,1,127786
7290018050545,false,גרעיני אבטיח קלויים ומומלחים 140 גרם,גי אנד גי פקאנס,IL,גרעיני אבטיח קלויים,גרמים,140.00,100 גרם,false,,10.00,7.1429,true,1,127787
7290018050552,false,גרעיני דלעת קלופים טבעיים 240 גרם,גי אנד גי פקאנס,IL,גרעיני דלעת קלופים ט,גרמים,240.00,100 גרם,false,,10.00,4.1667,true,1,127808
7290018050569,false,גרעיני חמנייה קלופים טבעיים 400 גרם,גי אנד גי פקאנס,IL,גרעיני חמנייה קלופים,גרמים,400.00,100 גרם,false,,10.00,2.5000,true,1,127809
7290018050637,false,בוטנים אמריקאים - בוטנים מצופים 300 גרם,גי אנד גי פקאנס,IL,בוטנים אמריקאים מצופ,גרמים,300.00,100 גרם,false,,10.00,3.3333,true,1,127813
7290018050644,false,קבוקים - בוטנים מצופים 300 גרם,גי אנד גי פקאנס,IL,קבוקים-בוטנים מצופים,גרמים,300.00,100 גרם,false,,10.00,3.3333,true,1,127814
7290018050675,false,שקדים קלויים וממולחים,גי אנד גי פקאנס,IL,שקד קלוי קופסא 210 ג,גרמים,210.00,100 גרם,false,,15.00,7.1429,true,1,127815
7290018050699,false,שקדים טבעיים קלופים 230 גרם,גי אנד גי פקאנס,IL,שקדים טבעיים קלופים,גרמים,230.00,100 גרם,false,,15.00,6.5217,true,1,127817
7290018050750,false,מיקס אגוזים וחמוציות מיובשות ומסוכרות 130 גרם,גי אנד גי פקאנס,IL,מיקס אגוזים חמצוציות,גרמים,130.00,100 גרם,false,,10.00,7.6923,true,1,127795
7290018050767,false,מיקס מקס חטיפי אורז ובוטנים 300 גרם,,,מיקס מאקס-חטיפי אורז,גרמים,300.00,100 גרם,false,,10.00,3.3333,true,1,127820
7290018050774,false,מיאסי בוטנים מצופים תירס 270 גרם,,,מיאסי (בוטנים מצופים,גרמים,270.00,100 גרם,false,,10.00,3.7037,true,1,127821
7290018050781,false,אפונה מטוגנת קופסא 3,,,אפונה מטוגנת קופסא 3,גרמים,320.00,100 גרם,false,,10.00,3.1250,true,1,127822
7290018050811,false,חטיף תירס ברביקיו 220 גרם,,,חטיף תירס ברביקיו קו,גרמים,220.00,100 גרם,false,,10.00,4.5455,true,1,127823
7290018050828,false,חטיף חטיפול קופסא 22,,,חטיף חטיפול קופסא 22,גרמים,220.00,100 גרם,false,,10.00,4.5455,true,1,127824
7290018050835,false,בוטנים קלויים ומומלחים 250 גרם,גי אנד גי פקאנס,IL,בוטנים קלויים ומומלח,גרמים,250.00,100 גרם,false,,10.00,4.0000,true,1,127825
7290018050842,false,שקדים בקרמל קופסא 20,גי אנד גי פקאנס,IL,שקדים בקרמל קופסא 20,גרמים,200.00,100 גרם,false,,15.00,7.5000,true,1,127826
7290018050866,false,בוטנים בכרמל קופסא 2,גי אנד גי פקאנס,IL,בוטנים בכרמל קופסא 2,גרמים,200.00,100 גרם,false,,10.00,5.0000,true,1,127796
7290018091029,false,מקלות פילו תפוחי אדמה מעדנות 450 ג',תנובה מעדנות,IL,מקלות פילו תפוחי אדמ,גרמים,450.00,100 גרם,false,,16.90,3.7556,true,1,126924
7290018091616,false,מקלות פילו גבינה מעדנות 450 גרם,מיוצר עי קונדיטוריית,IL,מקלות פילו גבינה 450,גרמים,450.00,100 גרם,false,,16.90,3.7556,true,1,126923
7290018091661,false,פיצה ירקות שוק מעדנות 380 גרם,"מעדנות בע""\מ",IL,פיצה שוק משפחתי מעדנ,גרמים,380.00,100 גרם,false,,19.90,5.2368,true,1,138559
7290018098257,false,מרק שעועית ירוק מן הצומח 500 גרם בתוספת חלבון,פרוטלנד,IL,מרק שעועית+חלבון ירו,גרמים,500.00,100 גרם,false,,17.90,3.5800,true,1,141433
7290018098264,false,מרק מיניסטרונה ירוק מן הצומח 500 גרם,,,מרק מינסטרונה +חלבון,גרמים,500.00,100 גרם,false,,17.90,3.5800,true,1,141434
7290018098653,false,מרק אפונה ירוק מן הצומח 500 גרם,פרוטלנד,IL,מרק אפונה +חלבון ירו,גרמים,500.00,100 גרם,false,,17.90,3.5800,true,1,141653
7290018131558,false,מאגדת מיני בייטס אוראו 201 גרם,שוורצקוף& הנקל דיסלד,PL,מאגדת מיני בייטס אור,גרמים,240.00,100 גרם,false,,19.90,8.2917,true,1,136599
7290018131831,false,נסטלה מאגדת שלגון מילקה וניל חדש8 4*66ג,שוורצקוף& הנקל דיסלד,PL,מאגדת מילקה וניל שלג,גרמים,284.00,100 גרם,false,,35.90,12.6408,true,1,136602
7290018131954,false,קרחון שרבט פרווה לה פרוטה תות שדה ושוקולד מריר,נגה גלידות שותפות מוגבלת,IL,לה פרוטה מאגדת תות ש,גרמים,350.00,100 גרם,false,,29.90,8.5429,true,1,136614
7290018165447,false,"יין רזרב GOLD מרלו ברקן 750 מ""ל",יקבי ברקן שיווק והפצה בע,IL,יין רזרב גולד מרלו 7,מיליליטרים,750.00,"100 מ""ל",false,,49.90,6.6533,true,1,135137
7290018192658,false,מארז זוג פטריות פורטובלה ושמפיניון מרינה,"מרינה פטריות הגליל בע""מ",IL,פטריות צמד חמד איטלק,יחידה,0.00,יחידה,false,,16.90,0.0000,true,1,128245
7290018194171,false,אורז בסמטי 5 קילו PRIMO,,,"אורז בסמטי 5 ק""ג",גרמים,5000.00,100 גרם,false,,29.90,0.5980,true,1,136061
7290018198056,false,תפוגן קוביות תפוחי אדמה 9*1.5קג,עיצובים 2020 (4.5),IL,תפוגן קוביות תפוחי א,גרמים,1500.00,100 גרם,false,,26.90,1.7933,true,1,120177
7290018198148,false,"תפוגן קריספי צ'יפס קלאסי 1.25 ק""ג",עיצובים 2020 (4.5),IL,תפוגן קריספי צ'יפס ק,גרמים,1250.00,100 גרם,false,,25.90,2.0720,true,1,136017
7290018198254,false,"תפוגן קריספי צ'יפס פוטטוס 1.25 ק""ג",עיצובים 2020 (4.5),IL,תפוגן קריספי צ'יפס פ,גרמים,1250.00,100 גרם,false,,25.90,2.0720,true,1,136018
7290018204900,false,נרות הבדלה פירמידה ר. שמאי,,,נר הבדלה פירמידה ר.ש,יח',1.00,יח',false,,15.90,15.9000,true,1,136779
7290018213995,false,3 מטליות מיקורפייבר לרצפה SWIFT,,,3 מטליות מיקרופייבר,יחידה,0.00,יחידה,false,,12.90,0.0000,true,1,140291
7290018237281,false,עוף טוב נקניק סלמי ירדן 550 גר',מוצרי עוף טוב (2001) בע\,IL,נקניק סלמי ירדן עוף,גרמים,550.00,100 גרם,false,,24.90,4.5273,true,1,139446
7290018237397,false,עוף טוב פסטרמה מקורמלת נתח שלם 8*300 גרם,מוצרי עוף טוב (2001) בע\,IL,פסטרמה מקורמלת מנתח,גרמים,300.00,100 גרם,false,,27.90,9.3000,true,1,139438
7290018237922,false,שניצלונים ציפוי צ'יפס עוף טוב 700 גרם,מוצרי עוף טוב (2001) בע\,IL,שניצלונים בציפוי ציפ,גרמים,700.00,100 גרם,false,,19.90,2.8429,true,1,139525
7290018237939,false,שניצלונים ציפוי שומשום עוף טוב 700 גרם,מוצרי עוף טוב (2001) בע\,IL,שניצלונים בציפוי שומ,גרמים,700.00,100 גרם,false,,19.90,2.8429,true,1,139526
7290018237960,false,עוף טוב כתף בקר עסיסי 265 גרם,עיצובים 2020 (4.9),IL,עוף טוב כתף בקר עסיס,גרמים,265.00,100 גרם,false,,25.90,9.7736,true,1,140639
7290018294192,false,"יין בלנד היינן אדום יבש 750 מ""ל p.c",כרמל מזרחי,IL,בלנד היינן אדום פריי,מיליליטרים,750.00,"100 מ""ל",false,,39.90,5.3200,true,1,140973
7290018294352,false,"ארק יקבי כרמל 700 מ""",יקבי כרמל Carmel Winery,ES,ארק 37.5% כרמל 700,מיליליטרים,700.00,"100 מ""ל",false,,49.90,7.1286,true,1,140566
7290018294895,false,"יין מונלייט מוסקטו ורוד מבעבע 750 מ""ל",יקבי כרמל Carmel Winery,IL,מונלייט לבן חצי יבש,מיליליטרים,750.00,"100 מ""ל",false,,34.90,4.6533,true,1,140563
7290018294901,false,"יין מונלייט אדום יבש 750 מ""ל כרמל",יקבי כרמל Carmel Winery,IL,מונלייט אדום יבש כרמ,מיליליטרים,750.00,"100 מ""ל",false,,34.90,4.6533,true,1,140564
7290018359495,false,תירס מהשדה בלי תוספת סוכר יכין 550 גרם,היינץ צפון אמריקה מק,IL,תירס מהשדה בלי תוספת,גרמים,550.00,100 גרם,false,,10.90,1.9818,true,1,128818
7290018359518,false,תירס מהשדה בלי תוספת סוכר יכין מארז 200X3 גר',"זנלכל בע""\מ",IL,תירס מהשדה בלי תוספת,גרמים,600.00,100 גרם,false,,15.90,2.6500,true,1,128819
7290018359570,false,שעועית צ'ילי הקטניה הטובה יכין 3*200 גרם,זנלכל,,שעועית צ'ילי הקטניה,גרמים,200.00,100 גרם,false,,12.90,6.4500,true,1,135033
7290018359587,false,חומוס הקטניה הטובה יכין מארז 3*200 גר,זנלכל,IL,חומוס הקטניה הטובה י,גרמים,200.00,100 גרם,false,,12.90,6.4500,true,1,135031
7290018359716,false,רוטב עגבניות פיצה טוסקנה 240 גרם יכין,"זנלכל בע""\מ",IL,רוטב פיצה טוסקנה יכי,גרמים,240.00,100 גרם,false,,6.90,2.8750,true,1,135354
7290018359938,false,"רוטב עגבניות לשקשוקה יכין, 400 גרם",זנלכל,IL,רוטב עגבניות לשקשוקה,גרמים,400.00,100 גרם,false,,11.90,2.9750,true,1,141231
7290018359969,false,רוטב עגבניות לפיצה יכין 400 גרם,זנלכל,IL,רוטב עגבניות לפיצה,גרמים,400.00,100 גרם,false,,11.90,2.9750,true,1,141234
7290018380505,false,"אורז פרסי לבן ארוך 1 קג ""20X",,TH,"אורז פרסי ארוך 1 ק""ג",גרמים,1000.00,100 גרם,false,,9.90,0.9900,true,1,136730
7290018380543,false,"סקוויז מחית תפו""ע 100 גרם",,,"סקוויז תפו""ע תומר 10",גרמים,100.00,100 גרם,false,,6.90,6.9000,true,1,141151
7290018380574,false,"סקוויז מחית תפו""ע ואגס 100 גרם",,,"סקוויז תפו""ע ואגס תו",גרמים,100.00,100 גרם,false,,6.90,6.9000,true,1,141148
7290018380925,false,פרוזן שעועית ירוקה עדינה 800 גר' רובין,,,פרוזן שעועית ירוקה ע,גרמים,800.00,100 גרם,false,,12.90,1.6125,true,1,141161
7290018380949,false,פרוזן אפונה עדינה 800 גר' רובין,,,פרוזן אפונה עדינה 80,גרמים,800.00,100 גרם,false,,12.90,1.6125,true,1,141163
7290018380956,false,פרוזן גזר גמדי 800 גר' רובין,,,פרוזן גזר גמדי 800 ג,גרמים,800.00,100 גרם,false,,12.90,1.6125,true,1,141166
7290018400807,false,טברנה יוונית סנפרוסט 800 גרם,"סנפרוסט בע""מ",IL,טברנה יוונית סנפרוסט,גרמים,800.00,100 גרם,false,,23.90,2.9875,true,1,128543
7290018440209,false,פליפז בייגלה בציפוי פאדג' לבן מקוויטיס 140 גרם,שוורצקוף& הנקל דיסלד,TR,בייגלה בציפוי פאד'ג,גרמים,140.00,100 גרם,false,,9.90,7.0714,true,1,134802
7290018440247,false,תה צ'אי שקדים0 25 שקיקים ויסוצקי,תה ויסוצקי,IL,תה צאי שקדים 25שק,יחידה,0.00,יחידה,false,,21.90,0.0000,true,1,138794
7290018440483,false,פליפז בייגלה מצופה בקרמל מלוח ושוקולד מקוויטיס 140 גרם,שוורצקוף& הנקל דיסלד,TR,בייגלה מצופה בקרמל מ,גרמים,140.00,100 גרם,false,,9.90,7.0714,true,1,137081
7290018441916,false,תות שדה קפוא מהדרין 300 גרם,מוצרי איכות אמריקאיי,GE,תות שדה קפוא 300ג מה,גרמים,300.00,100 גרם,false,,11.90,3.9667,true,1,139430
7290018468302,false,נקניקיה טבעונית בסגנון מרגז טירת צבי 400 ג,טירת צבי - מדף,IL,נקניקיה צמחונית בסגנ,גרמים,400.00,100 גרם,false,,37.90,9.4750,true,1,140971
7290018468401,false,פסטרמה צמחונית בטעם גריל 100 גר טירת צבי,טיב טירת צבי 2000,IL,פסטרמה צמחונית בטעם,גרמים,120.00,100 גרם,false,,19.90,16.5833,true,1,141859
7290018468418,false,פסטרמה צמחונית טעם מפולפל 120 גרם טירת צבי,טיב טירת צבי 2000,IL,פסטרמה צמחונית בטעם,גרמים,120.00,100 גרם,false,,19.90,16.5833,true,1,141860
7290018471029,false,"סודה בטעם לימון - מארז 6 בקבוקים 500 מ""ל",יפאורה תבורי בעמ,IL,שוופס סודה לימון מאר,מיליליטרים,3000.00,"100 מ""ל",false,,15.90,0.5300,true,1,128458
7290018471180,false,משקה פרוט& ווג' אננס תפוח גזר 1 ליטר,פרוט אנד וג' Fruit & Veg,IL,פרוט & ווג' אננס תפו,מיליליטרים,1000.00,"100 מ""ל",false,,13.90,1.3900,true,1,135492
7290018471197,false,פרוט & ווג' תפוח בננה מלון נענע 1 ליטר,פרוט אנד וג' Fruit & Veg,IL,פרוט & ווג' תפוח בננ,מיליליטרים,1000.00,"100 מ""ל",false,,13.90,1.3900,true,1,135493
7290018471210,false,קרטונית נקטר ספרינג תפוח סברס 1 ליטר,"יפאורה תבורי בע""\מ",IL,ספרינג אגס סברס תפוח,מיליליטרים,1000.00,"100 מ""ל",false,,7.90,0.7900,true,1,135490
7290018471302,false,"רביעיית שוופס טוניק בקבוק 4*250 מ""ל",יפאורה תבורי בעמ,IL,"שוופס טוניק 4*250מ""ל",מיליליטרים,1000.00,"100 מ""ל",false,,22.90,2.2900,true,1,135020
7290018471395,false,משקה פרוט& ווג' תפוח רימון ג'ינג'ר 1 ליטר,פרוט אנד וג' Fruit & Veg,IL,פרוט & ווג' תפוח רימ,מיליליטרים,1000.00,"100 מ""ל",false,,13.90,1.3900,true,1,135495
7290018471449,false,קרטונית ספרינג שייק בננה תמר תפוז 1 ליטר,"יפאורה תבורי בע""\מ",IL,ספרינג שייק בננה תמר,מיליליטרים,1000.00,"100 מ""ל",false,,13.60,1.3600,true,1,137001
7290018471463,false,תפוזינה נקטר תפוז מנגו קרטונית 1 ליטר,"יפאורה תבורי בע""\מ",IL,תפוזינה נקטר תפוז מנ,מיליליטרים,1000.00,"100 מ""ל",false,,7.90,0.7900,true,1,136367
7290018471470,false,תפוזינה נקטר תפוז פסיפלורה קרטונית 1 ליטר,"יפאורה תבורי בע""\מ",IL,תפוזינה נקטר תפוז פס,מיליליטרים,1000.00,"100 מ""ל",false,,7.90,0.7900,true,1,136368
7290018471487,false,תפוזינה נקטר תפוז אננס קרטונית 1 ליטר,"יפאורה תבורי בע""\מ",IL,תפוזינה נקטר תפוז אנ,מיליליטרים,1000.00,"100 מ""ל",false,,7.90,0.7900,true,1,136365
7290018471548,false,"רביעיית ספרינג ענבים 250 מ""ל","יפאורה תבורי בע""\מ",IL,ספרינג ענבים 4*250 מ,מיליליטרים,1000.00,"100 מ""ל",false,,15.90,1.5900,true,1,135489
7290018471913,false,משקה מוגז פירות תפוחים שוופס 1.5 ליטר,"יפאורה תבורי בע""\מ",IL,שוופס מוגז תפוחים 1.,מיליליטרים,1500.00,"100 מ""ל",false,,9.90,0.6600,true,1,138331
7290018471920,false,שוופס מוגז פירות ענבים 1.5 ליטר פיקדון,"יפאורה תבורי בע""\מ",IL,שוופס מוגז ענבים 1.5,מיליליטרים,1500.00,"100 מ""ל",false,,9.90,0.6600,true,1,138334
7290018471937,false,שוופס מוגז פירות תות ליים 1.5 ליטר פיקדון,"יפאורה תבורי בע""\מ",IL,שוופס מוגז פירות תות,מיליליטרים,1500.00,"100 מ""ל",false,,9.90,0.6600,true,1,138335
7290018516447,false,ארוחת מקרוני+רוטב גב206,,US,מקרוני 206 גרם,גרמים,206.00,100 גרם,false,,11.90,5.7767,true,1,141567
7290018564592,false,שף הטבע - שום כתוש בצנצנת 200 גרם,בני דרום,IL,שום כתוש בצנצנת שף ה,גרמים,200.00,100 גרם,false,,15.90,7.9500,true,1,139566
7290018564622,false,"בני דרום - שום כתוש טבליות 80 ג""ר",בני דרום,IL,שום כתוש טבליות שף ה,גרמים,80.00,100 גרם,false,,10.90,13.6250,true,1,137844
7290018564677,false,ממרח ארטישוק שף הטבע,,,ממרח ארטישוק שף הטבע,גרמים,200.00,100 גרם,false,,14.90,7.4500,true,1,138799
7290018564684,false,ממרח פסטו בזיליקום ואגוזים 200 גרם,,,ממרח פסטו בזיליקום ו,גרמים,200.00,100 גרם,false,,14.90,7.4500,true,1,138801
7290018608432,false,תבניות אינגליש גדול מקרטון שמאי 3 יח',,,תבניות אינגליש קייק,יחידה,0.00,יחידה,false,,10.90,0.0000,true,1,136502
7290018608449,false,תבניות אינגליש ענק מקרטון ארוז שמאי 3 יח',,,תבניות אינגליש קייק,יחידה,0.00,יחידה,false,,10.90,0.0000,true,1,136501
7290018652671,false,"לה קרמריה שוקולד וניל 1.4 ליטר [תו אי""ל]",גלידות נסטלה,IL,לה קרמריה שוקו וניל,מיליליטרים,1.40,"100 מ""ל",false,,22.90,1635.7143,true,1,139055
7290018652688,false,לה קרמריה פירות טרופיים ופירות יער נסטלה 700 גרם,גלידות נסטלה,IL,לה קרמריה פירות טרופ,מיליליטרים,1.40,"100 מ""ל",false,,22.90,1635.7143,true,1,139056
7290018652909,false,מאגדת מאגנום קפה שוקולד ופקאן 5 *43 ג' נסטלה,גלידות נסטלה,IL,מאגדת גלידה קפה שוקו,גרמים,215.00,100 גרם,false,,29.90,13.9070,true,1,139058
7290018703496,false,פראוד - חטיף חלבון בטעם בננה טופי 60 גרם,פראוד PROUD,NL,חטיף חלבון בננה טופי,גרמים,60.00,100 גרם,false,,12.90,21.5000,true,1,140134
7290018724514,false,מחית תפוחי עץ נטורלה,,,מחית תפוח עץ 100% פר,גרמים,90.00,100 גרם,false,,5.90,6.5556,true,1,141548
7290018724897,false,פירורי לחם ללא גלוטן 300 גרם אביב ירוק,,IL,פירורי לחם נטורלה לל,גרמים,300.00,100 גרם,false,,12.90,4.3000,true,1,135979
7290018770245,false,זית ירוק מגולען בטעם,,,זית ירוק מגולען בטעם,גרמים,190.00,100 גרם,false,,14.90,7.8421,true,1,140415
7290018770252,false,זית ירוק מגולען בטעם,,,זית ירוק מגולען בטעם,גרמים,190.00,100 גרם,false,,14.90,7.8421,true,1,140416
7290018770269,false,זית קלמטה עם שמן זית,,,זית קלמטה עם שמן זית,גרמים,190.00,100 גרם,false,,14.90,7.8421,true,1,140417
7290018770276,false,זית עריביקה עם שמן ז,,,זית עריביקה עם שמן ז,גרמים,215.00,100 גרם,false,,14.90,6.9302,true,1,140418
7290018770283,false,זית סורי בטעם לימון,,,זית סורי בטעם לימון,גרמים,215.00,100 גרם,false,,14.90,6.9302,true,1,140419
7290018770344,false,טחינה משומשום אתיופי,,,טחינה 100% שומשום את,גרמים,500.00,100 גרם,false,,16.90,3.3800,true,1,140501
7290018792841,false,אבקת קקאו טבעי גאנה 150 גר,אברמוביץ עזר קקאו וש,IL,אבקת קקאו טבעי 150 ג,גרמים,150.00,100 גרם,false,,10.90,7.2667,true,1,141201
7290018860724,false,מקלוני אורז עבות ללא,סא ג'אנג אוספורט,VN,אטריות אורז 454 גרם,גרמים,454.00,100 גרם,false,,10.90,2.4009,true,1,138698
7290018860984,false,אטריות ביצים דקות 400 גרם,xiamen zhongshi impo,CN,אטריות ביצים דקות 40,גרמים,400.00,100 גרם,false,,9.90,2.4750,true,1,140293
7290018893005,false,"חטיפי בייגלה אפוי בטעם חרדל ודבש, 160 גרם",צ'וקטה Chocketa,RO,בייגלה שטוח חרדל ודב,גרמים,160.00,100 גרם,false,,8.90,5.5625,true,1,138626
7290018893036,false,צ'וקטה ביסקוויט בטעם שוקוטלד במילוי קרם בטעם וניל 176 גרם,צ'וקטה Chocketa,ES,צ'וקטה ביסקוויט שוקו,גרמים,176.00,100 גרם,false,,8.90,5.0568,true,1,138997
7290018893081,false,עוגות מגולגלות במילוי קרם חלבי וציפוי בטעם שוקולד,צ'וקטה Chocketa,IL,עוגות אישיות מגולגלו,גרמים,222.00,100 גרם,false,,10.90,4.9099,true,1,138631
7290018893111,false,צ'וקטה שוקולד מריר בלגי 70% 100 גרם,צ'וקטה Chocketa,BE,שוקולד מריר בלגי 70,גרמים,100.00,100 גרם,false,,9.90,9.9000,true,1,138641
7290018893135,false,מקלות אפויים בתוספת מלח Salty,צ'וקטה Chocketa,US,צ'וקטה גריסיני מלח 1,גרמים,120.00,100 גרם,false,,7.90,6.5833,true,1,140888
7290018893142,false,צ'וקטה גריסיני בתוספת שמן זית 120 גרם,צ'וקטה Chocketa,US,צ'וקטה גריסיני שמן ז,גרמים,120.00,100 גרם,false,,7.90,6.5833,true,1,140889
7290018893289,false,צ'וקטה עוגות מגולגלות בטעם קקאו במילוי קרם קקאו וציפוי בטעם שוקולד 6 יח' 222 גרם,צ'וקטה Chocketa,IL,עוגות אישיות מגולגלו,גרמים,222.00,100 גרם,false,,10.90,4.9099,true,1,138634
7290018893319,false,צ'וקטה שוקולד מריר בלגי 85% 100 גרם משולש K,צ'וקטה Chocketa,BE,שוקולד מריר בלגי 85,גרמים,100.00,100 גרם,false,,9.90,9.9000,true,1,138643
7290018893340,false,מקלות אפויים בתוספת שומשום Salty,צ'וקטה Chocketa,US,צ'וקטה גריסיני שומשו,גרמים,120.00,100 גרם,false,,7.90,6.5833,true,1,140890
7290018893456,false,צ'וקטה עוגות אישיות במילוי קרם ובציפוי בטעם שוקולד 300 גרם,"פרדי קונדיטוריה אס,פי.אי",IT,עוגות אישיות חלב צוק,גרמים,300.00,100 גרם,false,,14.90,4.9667,true,1,138635
7290018893487,false,צ'וקטה עוגות אישיות עם קוקוס-מארז עשירייה,פרדי קונדטוריה אס פי,IT,עוגות אישיות קוקוס צ,גרמים,350.00,100 גרם,false,,14.90,4.2571,true,1,138636
7290018893647,false,עוגיות סנדוויץ במילוי קרם וניל בציפוי שוקולד 150 גרם צ'וקטה,צ'וקטה Chocketa,ES,עוגיות סנדביץ מצופות,גרמים,150.00,100 גרם,false,,9.90,6.6000,true,1,138653
7290018893654,false,חטיפי בייגלה דקיקים ופריכים מלח צ'וקטה 200 ג',צ'וקטה Chocketa,RO,בייגלה בתוספת מלח צו,גרמים,200.00,100 גרם,false,,8.90,4.4500,true,1,138624
7290018893807,false,צוקטה בטעם שוקולד מריר 60% 3 יח' 300 גרם,אייברקקאו אס אי. יו,ES,שוקולד מריר 60% צוקט,גרמים,300.00,100 גרם,false,,12.90,4.3000,true,1,138637
7290018893814,false,חמישיית שוקולד מריר 48% צ'וקטה 100 גרם,הדקלאים אגודת שיתופי,ES,שוקולד מריר 48% צוקט,גרמים,500.00,100 גרם,false,,18.90,3.7800,true,1,138638
7290018893852,false,חטיפי בייגלה דקיקים ופריכים שומשום צ'וקטה 200 ג',צ'וקטה Chocketa,RO,בייגלה בתוספת שומשום,גרמים,200.00,100 גרם,false,,8.90,4.4500,true,1,138625
7290018893876,false,עוגות אישיות רכות עם מילוי קרם בטעם וניל,פרדי קונדיטוריה אס.פ,IT,עוגות אישיות וניל ונ,גרמים,200.00,100 גרם,false,,14.90,7.4500,true,1,138629
7290018893937,false,לוקיטוס סוכריות ג'לי בטעמי פירות 300 גרם,לאבדס,GR,לוקיטוס סוכריות ג'לי,גרמים,300.00,100 גרם,false,,10.90,3.6333,true,1,141557
7290018893951,false,צ'וקטה עוגיות וופל חמאה קינמון 100 גרם,צ'וקטה,BE,צ'וקטה וופל חמאה בטע,גרמים,100.00,100 גרם,false,,10.90,10.9000,true,1,141650
7290018894002,false,בלקוני וופל קוביות קקאו 250 גרם חלבי OU,בלקוני Balconi,IT,בלקוני וופל קוביות ק,גרמים,250.00,100 גרם,false,,13.90,5.5600,true,1,140881
7290018894019,false,עוגות אישיות במילוי קרם חלבי ובציפוי קרם קקאו,בלקוני Balconi,IT,בלקוני עוגות אישיות,גרמים,350.00,100 גרם,false,,15.90,4.5429,true,1,140886
7290018894217,false,עוגות אישיות במילוי קרם קקאו ובציפוי קרם קקאו,בלקוני Balconi,IT,בלקוני עוגות מיקס מק,גרמים,350.00,100 גרם,false,,15.90,4.5429,true,1,140885
7290018894248,false,צ'וקטה - שוקולד חלב שלישייה 3 * 100 גרם,צ'וקטה Chocketa,FR,צוקטה שוקול חלב שליש,גרמים,100.00,100 גרם,false,,12.90,12.9000,true,1,140891
7290018894408,false,קוביות וופל במילוי קרם אגוזי לוז - חלבי,בלקוני Balconi,IT,בלקוני וופל קוביות א,גרמים,250.00,100 גרם,false,,13.90,5.5600,true,1,140880
7290018925065,false,מיץ פרימור תפוזים סחוט 2 ליטר-,"גניר (1992) בע""מ",IL,פרימור מיץ תפוזים סח,מיליליטרים,2000.00,"100 מ""ל",false,,29.90,1.4950,true,1,138462
7290018925096,false,משקה קל תפוזים פרימור 1.5 ליטר,פרימור,IL,משקה קל תפוזים ‏5‏.‏,מיליליטרים,1500.00,"100 מ""ל",false,,8.90,0.5933,true,1,138291
7290018925102,false,משקה קל ענבים פרימור 1.5 ליטר,פרימור,IL,משקה קל ענבים ‏5‏.‏1,מיליליטרים,1500.00,"100 מ""ל",false,,8.90,0.5933,true,1,138292
7290018925119,false,משקה קל דיאט אשכוליות פרימור 1.5 ליטר,פרימור,IL,משקה קל דיאט אשכוליו,מיליליטרים,1500.00,"100 מ""ל",false,,8.90,0.5933,true,1,138293
7290018925126,false,משקה קל תפוחי עץ פרימור 1.5 ליטר,פרימור,IL,משקה קל תפוחי עץ ‏5‏,מיליליטרים,1500.00,"100 מ""ל",false,,8.90,0.5933,true,1,138294
7290018925133,false,פרימור משקה קל מנגו ‏5‏.‏1‏ ליטר,פרימור,IL,משקה קל מנגו ‏5‏.‏1‏,מיליליטרים,1500.00,"100 מ""ל",false,,8.90,0.5933,true,1,138295
7290018925157,false,משקה קל לימונים פרימור 1.5 ליטר,פרימור,IL,משקה קל לימונים 1.5,מיליליטרים,1500.00,"100 מ""ל",false,,8.90,0.5933,true,1,138297
7290018925164,false,משקה קל תות בננה פרימור 1.5 ליטר,פרימור,IL,משקה קל תות-בננה ‏5‏,מיליליטרים,1500.00,"100 מ""ל",false,,8.90,0.5933,true,1,138298
7290018972274,false,פרוזן שעועית ירוקה חתוכה 800 גר' רובין,,,פרוזן שעועית ירוקה ח,גרמים,800.00,100 גרם,false,,12.90,1.6125,true,1,141165
7290018972335,false,פרוזן שעועית ירוקה אקסטרא עדינה 600 גרם,,,פרוזן שעועית ירוקה א,גרמים,600.00,100 גרם,false,,12.90,2.1500,true,1,141164
7290018972625,false,פרוזן במיה 600 גר' קהילות,,IL,פרוזן במיה 600 גרם,גרמים,600.00,100 גרם,false,,12.90,2.1500,true,1,141158
7290018972632,false,ארטישוק תחתיות 400 גר' קהילות,,IL,פרוזן ארטישוק תחתיות,גרמים,400.00,100 גרם,false,,12.90,3.2250,true,1,141159
7290018972649,false,פרוזן פול ירוק 600 גר' קהילות,,IL,פרוזן פול ירוק 600 ג,גרמים,600.00,100 גרם,false,,12.90,2.1500,true,1,141160
7290018972762,false,נודלס טעם עוף להכנה מהירה 72 גרם,,CN,נודלס טעם עוף להכנה,גרמים,72.00,100 גרם,false,,6.90,9.5833,true,1,140185
7290018989005,false,שלישיית פולפה עגבניות טבעי יכין 400X3 גרם,זנלכל,IL,פולפה טבעית יכין 400,גרמים,1200.00,100 גרם,false,,15.90,1.3250,true,1,140034
7290019056034,false,שוופס מוגז פירות אננס ללא סוכר 1.5 ליטר פיקדון,"יפאורה תבורי בע""מ",IL,שוופס מוגז פירות אננ,מיליליטרים,1500.00,"100 מ""ל",false,,9.90,0.6600,true,1,138337
7290019056041,false,שוופס מוגז פירות לימונייד ללא סוכר 1.5 ליטר פיקדון,"יפאורה תבורי בע""מ",IL,שוופס מוגז פירות ללא,מיליליטרים,1500.00,"100 מ""ל",false,,9.90,0.6600,true,1,138338
7290019056058,false,שוופס מוגז עדין תפוח ליים 1.5 ליטר פיקדון,"יפאורה תבורי בע""\מ",IL,שוופס מוגז עדין תפוח,מיליליטרים,1500.00,"100 מ""ל",false,,9.90,0.6600,true,1,138325
7290019056065,false,שוופס מוגז עדין פירות יער 1.5 ליטר פיקדון,"יפאורה תבורי בע""\מ",IL,שוופס מוגז עדין פירו,מיליליטרים,1500.00,"100 מ""ל",false,,9.90,0.6600,true,1,138326
7290019056072,false,שוופס מוגז עדין אננס 1.5 ליטר פיקדון,"יפאורה תבורי בע""מ",IL,שוופס מוגז עדין אננס,מיליליטרים,1500.00,"100 מ""ל",false,,9.90,0.6600,true,1,138328
7290019056089,false,שוופס מוגז עדין ענבי ריזלינג 1.5 ליטר פיקדון,"יפאורה תבורי בע""\מ",IL,שוופס מוגז עדין טעם,מיליליטרים,1500.00,"100 מ""ל",false,,9.90,0.6600,true,1,138329
7290019056096,false,שוופס מוגז עדין אפרסק 1.5 ליטר פיקדון,"יפאורה תבורי בע""\מ",IL,שוופס מוגז עדין אפרס,מיליליטרים,1500.00,"100 מ""ל",false,,9.90,0.6600,true,1,138327
7290019056119,false,שוופס סודה 1.5 ליטר פיקדון,"יפאורה תבורי בע""\מ",IL,שוופס סודה 1.5ליטר,מיליליטרים,1500.00,"100 מ""ל",false,,4.20,0.2800,true,1,138314
7290019056164,false,שוופס סודה 1.5 ליטר רביעייה פיקדון,"יפאורה תבורי בע""\מ",IL,שוופס סודה מארז 4*1.,מיליליטרים,6000.00,"100 מ""ל",false,,12.90,0.2150,true,1,138370
7290019056171,false,שוופס סודה לימון 1.5 ליטר רביעייה פיקדון,"יפאורה תבורי בע""\מ",IL,שוופס סודה לימון מאר,מיליליטרים,6000.00,"100 מ""ל",false,,12.90,0.2150,true,1,138375
7290019056188,false,שוופס סודה נענע ליים 1.5 ליטר רביעייה פיקדון,"יפאורה תבורי בע""\מ",IL,שוופס סודה נענע ליים,מיליליטרים,6000.00,"100 מ""ל",false,,12.90,0.2150,true,1,138376
7290019056201,false,שוופס סודה פירות יער 1.5 ליטר רביעייה פיקדון,"יפאורה תבורי בע""\מ",IL,שוופס סודה פירות יער,מיליליטרים,6000.00,"100 מ""ל",false,,12.90,0.2150,true,1,138378
7290019056232,false,משקה מוגז בטעם ליים מוחיטו 1.5 ל' שוופס,"יפאורה תבורי בע""\מ",IL,שוופס ליים מוחיטו 1.,מיליליטרים,1500.00,"100 מ""ל",false,,9.90,0.6600,true,1,138341
7290019056249,false,שוופס מים בטעמים ענבים 1.5 ליטר פיקדון,"יפאורה תבורי בע""מ",IL,שוופס וואטר ענבים 1.,מיליליטרים,1500.00,"100 מ""ל",false,,9.90,0.6600,true,1,138360
7290019056256,false,שוופס מים בטעמים תפוחים 1.5 ליטר פיקדון,"יפאורה תבורי בע""מ",IL,שוופס וואטר תפוח 1.5,מיליליטרים,1500.00,"100 מ""ל",false,,9.90,0.6600,true,1,138361
7290019056263,false,שוופס מים בטעמים אפרסק 1.5 ליטר פיקדון,"יפאורה תבורי בע""מ",IL,שוופס וואטר אפרסק 1.,מיליליטרים,1500.00,"100 מ""ל",false,,9.90,0.6600,true,1,138362
7290019056270,false,שוופס מים בטעמים פירות יער 1.5 ליטר פיקדון,"יפאורה תבורי בע""\מ",IL,שוופס וואטר פירות יע,מיליליטרים,1500.00,"100 מ""ל",false,,9.90,0.6600,true,1,138363
7290019056294,false,שוופס ג'ינג'ר אייל 1.5 ליטר פיקדון,"יפאורה תבורי בע""\מ",IL,שוופס ג'ינג'ר אייל 1,מיליליטרים,1500.00,"100 מ""ל",false,,13.90,0.9267,true,1,138371
7290019056300,false,משקה בטעם ביטר לימון 1.5 ל' שוויפס,"יפאורה תבורי בע""\מ",IL,שוופס ביטר לימון 1.5,מיליליטרים,1500.00,"100 מ""ל",false,,13.90,0.9267,true,1,138372
7290019056317,false,שוופס ראשן 1.5 ליטר פיקדון,"יפאורה תבורי בע""\מ",IL,שוופס רסצ'יין 1.5ליט,מיליליטרים,1500.00,"100 מ""ל",false,,13.90,0.9267,true,1,138373
7290019056324,false,שוופס טוניק 1.5 ליטר פיקדון,"יפאורה תבורי בע""\מ",IL,שוופס מי טוניק 1.5לי,מיליליטרים,1500.00,"100 מ""ל",false,,13.90,0.9267,true,1,138369
7290019056331,false,שוופס טוניק ללא סוכר 1.5 ליטר פיקדון,"יפאורה תבורי בע""מ",IL,שוופס מי טוניק ללא ס,מיליליטרים,1500.00,"100 מ""ל",false,,13.90,0.9267,true,1,138374
7290019056355,false,תפוזינה לימונדה MIX לימונענע 1.5 ליטר,"יפאורה תבורי בע""\מ",IL,תפוזינה לימונענע 1.5,מיליליטרים,1500.00,"100 מ""ל",false,,9.90,0.6600,true,1,138324
7290019056362,false,תפוזינה ענבים 1.5 ליטר פיקדון,"יפאורה תבורי בע""\מ",IL,תפוזינה ענבים 1.5ליט,מיליליטרים,1500.00,"100 מ""ל",false,,9.90,0.6600,true,1,138315
7290019056379,false,תפוזינה תפוזים 1.5 ליטר פיקדון,"יפאורה תבורי בע""\מ",IL,תפוזינה תפוזים 1.5לי,מיליליטרים,1500.00,"100 מ""ל",false,,9.90,0.6600,true,1,138316
7290019056386,false,פתוזינה אשכולית 1.5 ליטר פיקדון,"יפאורה תבורי בע""\מ",IL,תפוזינה אשכוליות 1.5,מיליליטרים,1500.00,"100 מ""ל",false,,9.90,0.6600,true,1,138317
7290019056423,false,מיץ בטעם תפוח רענן 1.5ל' תפוזינה,"יפאורה תבורי בע""\מ",IL,תפוזינה תפוח רענן 1.,מיליליטרים,1500.00,"100 מ""ל",false,,9.90,0.6600,true,1,138321
7290019056430,false,תפוזינה תפוזים לייט 1.5 ליטר פיקדון,"יפאורה תבורי בע""\מ",IL,תפוזינה דיאט תפוזים,מיליליטרים,1500.00,"100 מ""ל",false,,9.90,0.6600,true,1,138322
7290019056447,false,תפוזינה אשכוליות לייט 1.5 ליטר פיקדון,"יפאורה תבורי בע""\מ",IL,תפוזינה דיאט אשכוליו,מיליליטרים,1500.00,"100 מ""ל",false,,9.90,0.6600,true,1,138323
7290019056478,false,ספרינג טי קר אפרסק 1.5ליטר פיקדון,"יפאורה תבורי בע""\מ",IL,ספרינג טי קר אפרסק 1,מיליליטרים,1500.00,"100 מ""ל",false,,9.90,0.6600,true,1,138365
7290019056485,false,ספריג תה ירוק לימון לואיזה 1.5 ליטר פיקדון,"יפאורה תבורי בע""\מ",IL,ספרינג טי קר לימון ל,מיליליטרים,1500.00,"100 מ""ל",false,,9.90,0.6600,true,1,138366
7290019056515,false,פרוט ווטר אננס 1.5 ליטר פיקדון,"יפאורה תבורי בע""\מ",IL,משקה וואטר פרוט אננס,מיליליטרים,1500.00,"100 מ""ל",false,,9.90,0.6600,true,1,138343
7290019056522,false,פרוט ווטר תות 1.5 ליטר פיקדון,"יפאורה תבורי בע""\מ",IL,משקה וואטר פרוט תות,מיליליטרים,1500.00,"100 מ""ל",false,,9.90,0.6600,true,1,138344
7290019056539,false,פרוט ווטר אפרסק 1.5 ליטר פיקדון,"יפאורה תבורי בע""\מ",IL,משקה וואטר פרוט אפרס,מיליליטרים,1500.00,"100 מ""ל",false,,9.90,0.6600,true,1,138345
7290019056546,false,פרוט ווטר אבטיח 1.5 ליטר פיקדון,"יפאורה תבורי בע""\מ",IL,משקה וואטר פרוט אבטי,מיליליטרים,1500.00,"100 מ""ל",false,,9.90,0.6600,true,1,138346
7290019056553,false,שישיית מים מינרלים עין גדי 2 ליטר,עין גדי מים מינרליים,IL,עין גדי מים מינרלים,מיליליטרים,12000.00,"100 מ""ל",false,,13.80,0.1150,true,1,138301
7290019056584,false,משקה קל תפוזים ספרינג 1.5 ליטר,"יפאורה תבורי בע""\מ",IL,ספרינג תפוזים 1.5ליט,מיליליטרים,1500.00,"100 מ""ל",false,,9.90,0.6600,true,1,138303
7290019056591,false,משקה קל ענבים ספרינג 1.5 ליטר,"יפאורה תבורי בע""\מ",IL,ספרינג ענבים 1.5ליטר,מיליליטרים,1500.00,"100 מ""ל",false,,9.90,0.6600,true,1,138309
7290019056607,false,משקה קל תפוחים ספרינג 1.5 ליטר,"יפאורה תבורי בע""\מ",IL,ספרינג תפוחים 1.5ליט,מיליליטרים,1500.00,"100 מ""ל",false,,9.90,0.6600,true,1,138305
7290019056614,false,משקה קל אפרסק ספרינג 1.5 ליטר,"יפאורה תבורי בע""\מ",IL,ספרינג אפרסק 1.5ליטר,מיליליטרים,1500.00,"100 מ""ל",false,,9.90,0.6600,true,1,138306
7290019056621,false,משקה קל פירות טרופיים ספרינג 1.5 ליטר,"יפאורה תבורי בע""\מ",IL,ספרינג פירות טרופיים,מיליליטרים,1500.00,"100 מ""ל",false,,9.90,0.6600,true,1,138310
7290019056638,false,משקה קל תות בננה ספרינג 1.5 ליטר,"יפאורה תבורי בע""\מ",IL,ספרינג תות בננה 1.5ל,מיליליטרים,1500.00,"100 מ""ל",false,,9.90,0.6600,true,1,138311
7290019056645,false,משקה קל אגס תפוח סברס ספרינג 1.5 ליטר,"יפאורה תבורי בע""\מ",IL,ספרינג אגס סברס תפוח,מיליליטרים,1500.00,"100 מ""ל",false,,9.90,0.6600,true,1,138312
7290019056652,false,משקה קל אננס בננה ספרינג 1.5 ליטר,"יפאורה תבורי בע""\מ",IL,ספרינג אננס בננה 1.5,מיליליטרים,1500.00,"100 מ""ל",false,,9.90,0.6600,true,1,138313
7290019056669,false,משקה קל תפוחים דיאט ספרינג 1.5 ליטר,"יפאורה תבורי בע""\מ",IL,ספרינג תפוחים דיאט 1,מיליליטרים,1500.00,"100 מ""ל",false,,9.90,0.6600,true,1,138307
7290019056676,false,משקה קל אשכולית אננס דיאט ספרינג 1.5 ליטר,"יפאורה תבורי בע""\מ",IL,ספרינג דיאט אשכוליות,מיליליטרים,1500.00,"100 מ""ל",false,,9.90,0.6600,true,1,138308
7290019056720,false,קריסטל מיץ ענבים 2 ליטר פיקדון,"יפאורה תבורי בע""\מ",IL,קריסטל מיץ ענבים 2 ל,מיליליטרים,2000.00,"100 מ""ל",false,,8.90,0.4450,true,1,138349
7290019056737,false,קריסטל מיץ אשכוליטרות 2 ליטר,"יפאורה תבורי בע""\מ",IL,קריסטל מיץ אשכוליות,מיליליטרים,2000.00,"100 מ""ל",false,,8.90,0.4450,true,1,138350
7290019056744,false,קריסטל מיץ תפוזים 2 ליטר פיקדון,"יפאורה תבורי בע""\מ",IL,קריסטל מיץ תפוזים 2,מיליליטרים,2000.00,"100 מ""ל",false,,8.90,0.4450,true,1,138351
7290019056751,false,קריסטל מיץ אשכוליות דיאט 2 ליטר פיקדון,"יפאורה תבורי בע""\מ",IL,קריסטל דיאט מיץ אשכו,מיליליטרים,2000.00,"100 מ""ל",false,,8.90,0.4450,true,1,138358
7290019056768,false,קריסטל מיץ מנגו 2 ליטר פיקדון,"יפאורה תבורי בע""\מ",IL,קריסטל מיץ מנגו 2 לי,מיליליטרים,2000.00,"100 מ""ל",false,,8.90,0.4450,true,1,138352
7290019056782,false,משקה מוגז בטעם לימון ליים 2 ל' קריסטל,"יפאורה תבורי בע""\מ",IL,קריסטל למון ליים 2 ל,מיליליטרים,2000.00,"100 מ""ל",false,,8.90,0.4450,true,1,138354
7290019056805,false,קריסטל מוגז תפוחים 2 ליטר פיקדון,"יפאורה תבורי בע""\מ",IL,קריסטל תפוח 2 ליטר,מיליליטרים,2000.00,"100 מ""ל",false,,8.90,0.4450,true,1,138355
7290019056812,false,קריסטל מוגז מנטה 2 ליטר פיקדון,"יפאורה תבורי בע""\מ",IL,קריסטל מנטה 2 ליטר,מיליליטרים,2000.00,"100 מ""ל",false,,8.90,0.4450,true,1,138356
7290019056836,false,קריסטל מוגז תות 2 ליטר פיקדון,"יפאורה תבורי בע""\מ",IL,קריסטל תות 2 ליטר,מיליליטרים,2000.00,"100 מ""ל",false,,8.90,0.4450,true,1,138357
7290019056966,false,מי עדן בקבוק פיקדון 1.5 ליטר,"מי עדן בע""מ",IL,מי עדן 1.5ליטר,מיליליטרים,1500.00,"100 מ""ל",false,,3.30,0.2200,true,1,138469
7290019056973,false,שישיית מי עדן 1.5 ליטר משפחתי,"מופק ממקור בזלתי עדן ,1",IL,מי עדן שישייה 6*1.5,מיליליטרים,9000.00,"100 מ""ל",false,,14.70,0.1633,true,1,138300
7290019153078,false,"שוופס ביטר למון לייט, 1.5 ליטר פקדון","יפאורה תבורי בע""\מ",IL,שוופס ביטר לימון לי,מיליליטרים,1500.00,"100 מ""ל",false,,13.90,0.9267,true,1,138919
7290019153085,false,שוופס מוגז ליים מוחיטו ללא סוכר 1.5 ליטר-,"יפאורה תבורי בע""\מ",IL,שוופס מוחיטו ללא סוכ,מיליליטרים,1500.00,"100 מ""ל",false,,9.90,0.6600,true,1,138874
7290019153252,false,שוופס סודה תפוח 1.5 ליטר רביעייה פיקדון,"יפאורה תבורי בע""\מ",IL,שוופס סודה תפוח מארז,מיליליטרים,6000.00,"100 מ""ל",false,,12.90,0.2150,true,1,139753
7290019153269,false,שוופס סודה אננס 1.5 ליטר רביעייה פיקדון,"יפאורה תבורי בע""\מ",IL,שוופס סודה אננס מארז,מיליליטרים,6000.00,"100 מ""ל",false,,12.90,0.2150,true,1,139754
7290019204008,false,עוף טוב פסטרמה ארבעה פלפלים 350 גרם,עיצובים 2020 (4.9),IL,עוף טוב פסטרמה ארבעה,גרמים,350.00,100 גרם,false,,25.90,7.4000,true,1,140635
7290019204107,false,עוף טוב פסטרמה בטעם אווז 320 גרם,עיצובים 2020 (4.9),IL,עוף טוב פסטרמה בטעם,גרמים,320.00,100 גרם,false,,25.90,8.0937,true,1,140636
7290019204305,false,חזה הודו פסטרמה ברביקיו 350 גר',עיצובים 2020 (4.9),IL,עוף טוב פסטרמה ברביק,גרמים,350.00,100 גרם,false,,25.90,7.4000,true,1,140638
7290019232186,false,תה ירוק לימונית לואיזהSTAY WELL 25 שקיקים ויסוצקי,תה ויסוצקי,IL,תה ירוק לימונית לואי,יח',25.00,יח',false,,27.90,1.1160,true,1,141248
7290019232384,false,צאי מוקה תה ויסוצקי חווית הצאי 25שק,תה ויסוצקי,IL,תה חווית הצ'אי מוקה,יחידה,0.00,יחידה,false,,21.90,0.0000,true,1,141655
7290019232834,false,פליפז בייגלה מצופה קרם עוגיות ושוקולד מקוויטיס 140 גרם,אולקר מקבוצת פלאדיס,TR,בייגלה מצופה עוגיות,גרמים,140.00,100 גרם,false,,9.90,7.0714,true,1,139957
7290019233008,false,רוטב עגבניות עם קוביות ארטישוק ושמן זית 420ג ויסוצקי,דליציה דורה אס.אר.אל,IT,זיתא רוטב לשקשוקה א,גרמים,420.00,100 גרם,false,,14.90,3.5476,true,1,141186
7290019233015,false,רוטב שקשוקה תבשיל ירקות עם שמן זית כתית מעולה 420ג זיתא,זיתא,IT,זיתא רוטב לשקשוקה יר,גרמים,420.00,100 גרם,false,,14.90,3.5476,true,1,141184
7290019297161,false,טורטיה ראפ מקמח תירס שקדיה 450 גרם,דין שיווק,TR,טורטיות ראפ מקמח תיר,גרמים,450.00,100 גרם,false,,10.00,2.2222,true,1,100693
7290019297239,false,צימוק חום 250 גרם ששון הקולה,"דין שיווק וקלייה בע""",,צימוק חום 330גר קופס,גרמים,330.00,100 גרם,false,,17.90,5.4242,true,1,70976
7290019297246,false,שזיפים מיובשים 250 גרם ששון הקולה,"דין שיווק וקלייה בע""",,שזיפים בקופסא 330גר,גרמים,330.00,100 גרם,false,,22.90,6.9394,true,1,70977
7290019297420,false,מעדן תות שדה ללא סוכר שקדיה 284 ג',לינוי סיטי,CN,מעדן תות שדה שקדיה 1,גרמים,284.00,100 גרם,false,,12.90,4.5423,true,1,73271
7290019297512,false,"רוטב רימונים שקדיה 340 מ""ל בדץ",סיטוגלוגידה,TR,רוטב רימונים שקדיה 3,גרמים,350.00,100 גרם,false,,11.90,3.4000,true,1,71731
7290019297543,false,חמאת בוטנים שקדיה 510 גרם,דין שיווק,IN,חמאת בוטנים 510גרם,גרמים,510.00,100 גרם,false,,10.90,2.1373,true,1,91721
7290019297628,false,שקד טבעי בשקית ששון הקולה 150 גרם,"דין שיווק וקלייה בע""",IL,שקד טבעי 150גרם,גרמים,150.00,100 גרם,false,,17.90,11.9333,true,1,75036
7290019297635,false,שקדים קלויים ששון הקולה 150 גרם,"דין שיווק וקלייה בע""",IL,שקדים קלויים 150גר,גרמים,150.00,100 גרם,false,,12.90,8.6000,true,1,93193
7290055090801,false,כרמית שוקולד לבן ללא תוספת סוכר 85 גרם,"כרמית תעשיות ממתקים בע""\",IL,שוקולד לבן ללא סוכר,גרמים,85.00,100 גרם,false,,6.90,8.1176,true,1,75991
7290100240144,false,"תרסיס ריחני למייבש ורוד בדין 500 מ""ל","זוהר דליה, קיבוץ דליה, 1",IL,בדין תרסיס ורוד למיי,מיליליטרים,500.00,"100 מ""ל",false,,19.90,3.9800,true,1,39602
7290100243671,false,"מרכך כביסה מרוכז אקסטרה כחול בדין 960 מ""ל",יוניליוור סנאיי וי טיקאר,TR,בדין אקסטרא כחול 960,מיליליטרים,960.00,"100 מ""ל",false,,18.90,1.9687,true,1,46140
7290100249598,false,"רוטב לעוף שום ודבש קנור 320 גרם בד""צ",יוניליוור ישראל מזון בע\,IL,רוטב לעוף שום ודבש ק,גרמים,320.00,100 גרם,false,,14.90,4.6563,true,1,52202
7290100249659,false,"רוטב לעוף צ'ילי מתוק ושום קנור 320 גרם בד""צ",יוניליוור ישראל מזון בע\,IL,רוטב לעוף צילי שום ק,גרמים,320.00,100 גרם,false,,14.90,4.6563,true,1,52207
7290100412343,false,קוויק מטליות לחות 99.9% לניקוי כללי בריח לימון 50 יחידות,די.פי.אל,IL,קוויק מגבונים לניקוי,יחידה,0.00,יחידה,false,,8.90,0.0000,true,1,77195
7290100412435,false,קוויק מטליות לחות 99.9% לניקוי כללי בריח פרחי בר 50 יחידות,די.פי.אל,IL,קוויק מגבונים לניקוי,יחידה,0.00,יחידה,false,,8.90,0.0000,true,1,77196
7290100412442,false,קוויק מטליות לחות 99.9% לניקוי שירותים ומקלחות בריח מנטה 50 יחידות,די.פי.אל,IL,קוויק מגבונים לניקוי,יחידה,0.00,יחידה,false,,8.90,0.0000,true,1,77197
7290100412459,false,קוויק מטליות לחות 99.9% לניקוי שירותים ומקלחות בריח לוונדר 50 יחידות,די.פי.אל,IL,קוויק מגבונים לניקוי,יחידה,0.00,יחידה,false,,8.90,0.0000,true,1,77198
7290100412787,false,"ד""ר עור - תחליב רחצה קלאסי בניחוח פריחת הכותנה 700 מ""ל","אמיליה קוסמטיקס בע""מ",IL,"תחליב רחצה ד""ר עור ק",מיליליטרים,700.00,"100 מ""ל",false,,16.90,2.4143,true,1,98257
7290100413593,false,קוויק מטליות לחות גדולות לניקוי כללי בריח פרחי בר 40 יחידות,די.פי.אל,IL,קוויק מטליות XL בניח,יחידה,0.00,יחידה,false,,8.90,0.0000,true,1,91457
7290100653463,false,"פלמוליב - ארומה ג'ל רחצה מסאז' 500 מ""ל",קולגייט-פלמוליב,TR,פלמוליב תחליב רחצה ס,מיליליטרים,500.00,"100 מ""ל",false,,17.50,3.5000,true,1,37870
7290100653586,false,"דאודורנט ג'ל פרש פיוזן 24/7 ליידי ספיד סטיק 65 מ""ל",ליידי ספיד סטיק Lady Speed Stick,US,ליידי ספיד סטיק 24/7,גרמים,65.00,100 גרם,false,,21.90,33.6923,true,1,28489
7290100658338,false,"נוזל לניקוי כלים אוקסי פלוס פלמוליב 750 מ""ל",הנסיך- מפעל לייצור ט,GR,פלמוליב נוזל לכלים א,מיליליטרים,750.00,"100 מ""ל",false,,11.90,1.5867,true,1,28500
7290100680650,false,מנה חמה נודלס-אטריות ירקות טעם תאילנדי אסם 76 ג',PUB FOODS PRESIDENT THAI,TH,מנה חמה נודלס ירקות,גרמים,76.00,100 גרם,false,,6.90,9.0789,true,1,37913
7290100680667,false,מנה חמה נודלס-אטריות+ירקות טעם סצ'ואן,PUB FOODS PRESIDENT THAI,TH,מנה חמה נודלס בסגנון,גרמים,76.00,100 גרם,false,,6.90,9.0789,true,1,24322
7290100680711,false,פירורית זהב אסם זהב 350ג',עינת תעשיות מזון אגו,IL,פירורית זהב שקית אסם,גרמים,350.00,100 גרם,false,,9.90,2.8286,true,1,24324
7290100680728,false,פירורית רגילה שקית 350 גרם,מיוצר עי קונדיטוריית,IL,פירורית אסם שקית 350,גרמים,350.00,100 גרם,false,,7.90,2.2571,true,1,24325
7290100681015,false,אינסטנט פודינג בטעם ריבת חלב אסם 84 גרם,מיוצר עי קונדיטוריית,IL,פודינג ריבת חלב אסם,גרמים,84.00,100 גרם,false,,6.30,7.5000,true,1,37930
7290100681138,false,מארז אפרופו חטיף תירס 3 יחידות,"אסם השקעות בע""\מ",IL,אפרופו מארז אסם 3*50,גרמים,150.00,100 גרם,false,,13.90,9.2667,true,1,24328
7290100683880,false,פירה אסם ללא צורך בבישול 260 גרם,"אסם השקעות בע""\מ",IL,תערובת להכנת פירה אס,גרמים,260.00,100 גרם,false,,15.70,6.0385,true,1,24392
7290100684139,false,פסטה מיני מקרוני אסם 500 גרם,פסטה זארה,IT,פסטה מיני מקרוני אסם,גרמים,500.00,100 גרם,false,,6.90,1.3800,true,1,24398
7290100685136,false,"אבקת מרק בטעם עוף אסם 1 ק""ג","אסם השקעות בע""\מ",IL,*מבצע* אבקת מרק בטעם,גרמים,1000.00,100 גרם,false,,13.90,1.3900,true,1,24422
7290100685242,false,במבה מתוקה מחומרים טבעיים סרט 30 גרם,"אסם תעשיות בע""מ",IL,במבה תות על סרט אסם,גרמים,30.00,100 גרם,false,,3.00,10.0000,true,1,24426
7290100685334,false,אבקת מרק עוף אמיתי בשרי רכיבים טבעיים אסם 400 גרם,"אסם השקעות בע""\מ",IL,מרק עוף רכיבים טבעיי,גרמים,400.00,100 גרם,false,,26.90,6.7250,true,1,24433
7290100685341,false,אבקת מרק טעם עוף זך רכיבים טבעיים אסם 400 גרם,"אסם השקעות בע""\מ",IL,*מבצע* אסם מרק זך טע,גרמים,400.00,100 גרם,false,,16.90,4.2250,true,1,24434
7290100685600,false,פירורית זהב אסם זהב חיטה מלאה 200ג',עינת תעשיות מזון אגו,IL,פירורית זהב חיטה מלא,גרמים,200.00,100 גרם,false,,7.90,3.9500,true,1,24452
7290100686164,false,מארז מולטיפק ביסלי ברביקיו 6 יח 35 גר יח,מיוצר עי קונדיטוריית,IL,ביסלי ברביקיו מארז 6,גרמים,210.00,100 גרם,false,,14.90,7.0952,true,1,24475
7290100686171,false,מארז מולטיפק ביסלי גריל 6 יח 35 גר ליח,"אסם השקעות בע""\מ",IL,ביסלי גריל מארז 6 יח,גרמים,210.00,100 גרם,false,,14.90,7.0952,true,1,24476
7290100687109,false,במבה במילוי קרם נוגט 60ג' אסם,"אסם השקעות בע""\מ",IL,במבה במילוי נוגט אסם,גרמים,60.00,100 גרם,false,,4.90,8.1667,true,1,42846
7290100689301,false,אבקת מרק בטעם עוף זך עדיף אסם 400 גרם,"אסם השקעות בע""\מ",IL,אסם עדיף זך טעם עוף,גרמים,400.00,100 גרם,false,,16.90,4.2250,true,1,39917
7290100700020,false,סוגת גריסי פנינה 500 גרם,האי נאם סי או אל.טי.,IL,גריסי פנינה סוגת 500,גרמים,500.00,100 גרם,false,,6.90,1.3800,true,1,37975
7290100700068,false,סוגת שעועית צבעונית 500גרם,"סוגת תעשיות בע""מ",IL,שעועית צבעונית סוגת,גרמים,500.00,100 גרם,false,,10.90,2.1800,true,1,49884
7290100700242,false,"סוגת אורז מלא עגול 1 ק""ג","סוגת תעשיות בע""\מ",IL,אורז מלא עגול סוגת 1,גרמים,1000.00,100 גרם,false,,13.90,1.3900,true,1,32199
7290100700273,false,קינואה לבנה 500 ג סו,האי נאם סי או אל.טי.,IL,קינואה סוגת 500 גר,גרמים,500.00,100 גרם,false,,15.90,3.1800,true,1,38564
7290100700297,false,עדשים שחורות מנומרות סוגת 500 גרם,"סוגת תעשיות בע""מ",IL,עדשים שחורות סוגת 50,גרמים,500.00,100 גרם,false,,9.90,1.9800,true,1,53175
7290100700327,false,"גריסי פנינה סוגת 1 ק""ג","סוגת תעשיות בע""\מ",IL,גריסי פנינה סוגת 1קג,גרמים,1000.00,100 גרם,false,,8.90,0.8900,true,1,62384
7290100700372,false,"סוגת אורז בסמטי מלא 1 ק""ג",האי נאם סי או אל.טי.,IL,אורז בסמטי מלא סוגת,גרמים,1000.00,100 גרם,false,,13.90,1.3900,true,1,39503
7290100700396,false,"סוגת אורז יסמין קלאסי 1 ק""ג",האי נאם סי או אל.טי.,IL,אורז יסמין קלאסי סוג,גרמים,1000.00,100 גרם,false,,13.90,1.3900,true,1,52133
7290100700419,false,"סוגת בורגול 1 ק""ג","סוגת תעשיות בע""\מ",IL,בורגול סוגת 1קג,גרמים,1000.00,100 גרם,false,,7.90,0.7900,true,1,62385
7290100700563,false,"סוגת אורז מיקס קלאסי 1 ק""ג",סוגת תעשיות בעמ,IL,אורז מיקס סוגת 1קג,גרמים,1000.00,100 גרם,false,,15.90,1.5900,true,1,54512
7290100700587,false,"בורגול ""סוגת"" 500 גרם",האי נאם סי או אל.טי.,IL,בורגול סוגת 500 גר,גרמים,500.00,100 גרם,false,,6.90,1.3800,true,1,50651
7290100701126,false,סוגת שעועית מש סוגת 500 גרם,סוגת תעשיות בעמ,IL,שעועית מש סוגת 500גר,גרמים,500.00,100 גרם,false,,10.90,2.1800,true,1,75145
7290100701140,false,"אורז ריזוטו ארבוריו 1 ק""ג ""סוגת""","סוגת תעשיות בע""מ",IL,אורז ארבוריו סוגת 1ק,גרמים,1000.00,100 גרם,false,,14.90,1.4900,true,1,51551
7290100701157,false,"אורז להכנת סושי סוגת 1 ק""ג","סוגת תעשיות בע""\מ",IL,אורז להכנת סושי סוגת,גרמים,1000.00,100 גרם,false,,14.90,1.4900,true,1,56069
7290100701300,false,קינואה אדומה סוגת 500 גרם,"סוגת תעשיות בע""\מ",IL,קינואה אדומה סוגת 50,גרמים,500.00,100 גרם,false,,15.90,3.1800,true,1,68702
7290100701348,false,"קמח שיפון מלא סוגת 1 ק""ג",טחנות קמח שטיבל באר,IL,קמח שיפון מלא סוגת 1,גרמים,1000.00,100 גרם,false,,7.90,0.7900,true,1,91778
7290100701454,false,גרישה בורגול דק סוגת 500 גרם,"סוגת תעשיות בע""\מ",IL,גרישה סוגת 500גר,גרמים,500.00,100 גרם,false,,6.90,1.3800,true,1,51059
7290100701577,false,קמח לחם קמח חיטה לבן שטיבל,טחנות קמח שטיבל באר שבע,IL,קמח לחם סוגת 1קג,גרמים,1000.00,100 גרם,false,,7.90,0.7900,true,1,91780
7290100701881,false,קמח פיצה ופוקצ'ה- קמח חיטה לבן בהיר שטיבל,"שטיבל בע""\מ - טחנת קמח",IL,קמח פיצה ופוקצה סוגת,גרמים,1000.00,100 גרם,false,,7.90,0.7900,true,1,62361
7290100702277,false,קוסקוס עבה סוגת 350 גרם,"אסיף תעשיות מזון בע""",IL,קוסקוס עבה סוגת 350,גרמים,350.00,100 גרם,false,,6.90,1.9714,true,1,65425
7290100702284,false,קוסקוס מלא סוגת 350 גרם,"אסיף תעשיות מזון בע""",IL,קוסקוס מלא סוגת 350,גרמים,350.00,100 גרם,false,,6.90,1.9714,true,1,68850
7290100702611,false,פתיתים אפויים אורז סוגת 500 גרם,"אסיף תעשיות מזון בע""\מ",IL,פתיתים אפויים אורז ס,גרמים,500.00,100 גרם,false,,6.90,1.3800,true,1,67990
7290100702628,false,פתיתים אפויים קוסקוס סוגת 500 גרם,"אסיף תעשיות מזון בע""\מ",IL,פתיתים אפויים קוסקוס,גרמים,500.00,100 גרם,false,,6.90,1.3800,true,1,67991
7290100702635,false,פתיתים אפויים כוכבים סוגת 500 גרם,"אסיף תעשיות מזון בע""",IL,פתיתים אפויים כוכבים,גרמים,500.00,100 גרם,false,,6.90,1.3800,true,1,67992
7290100702642,false,פתיתים אפויים טבעות סוגת 500 גרם,"אסיף תעשיות מזון בע""",IL,פתיתים אפויים טבעות,גרמים,500.00,100 גרם,false,,6.90,1.3800,true,1,67993
7290100702666,false,פתיתים אפויים עם בצל 400 גר גרם סוגת,"אסיף תעשיות מזון בע""",IL,פתיתים אפויים עם בצל,גרמים,400.00,100 גרם,false,,6.90,1.7250,true,1,67995
7290100702673,false,פתיתים אפויים 3 צבעים 400 גר גרם סוגת,"אסיף תעשיות מזון בע""",IL,פתיתים אפויים 3 צבעי,גרמים,400.00,100 גרם,false,,6.90,1.7250,true,1,67996
7290100702741,false,"סוכר חום בהיר בצנצנת סוגת 1 ק""ג",סוגת תעשיות בעמ,IL,סוכר חום קלאסי בקופס,גרמים,1000.00,100 גרם,false,,13.90,1.3900,true,1,92907
7290100702987,false,שיבולת שועל פתיתים סוגת 500 גרם,סוגת תעשיות,,פתיתי שיבולת שועל סו,גרמים,500.00,100 גרם,false,,6.90,1.3800,true,1,75687
7290100703007,false,"עדשים שחורות בלוגה 500 גרם ""סוגת""",האי נאם סי או אל.טי.,IL,עדשים שחורות בלוגה ס,גרמים,500.00,100 גרם,false,,9.90,1.9800,true,1,89983
7290100703533,false,קמח קסם תערובת קמח עם שמרים,טחנות קמח שטיבל באר שבע,IL,קמח קסם סוגת 1קג,גרמים,1000.00,100 גרם,false,,9.90,0.9900,true,1,91756
7290100703564,false,"פתיתי שיבולת שועל עבה 500 גרם ""סוגת""",,,פתיתי שיבולת שועל עב,גרמים,500.00,100 גרם,false,,6.90,1.3800,true,1,89979
7290100703632,false,קמח חיטה מלא ללא צורך בניפוי,"שטיבל בע""מ",IL,קמח חיטה מלא ללא צור,גרמים,1000.00,100 גרם,false,,9.90,0.9900,true,1,98788
7290100703670,false,"קמח כוסמין ללא ניפוי 1 ק""ג סוגת","שטיבל בע""מ",IL,קמח כוסמין מלא ללא צ,גרמים,1000.00,100 גרם,false,,14.90,1.4900,true,1,98755
7290100703908,false,"סוכר דמררה 1 ק""ג בלמינט סוגת",סוגת תעשיות בעמ,IL,סוכר דמררה סוגת בשקי,גרמים,1000.00,100 גרם,false,,8.90,0.8900,true,1,120793
7290100703915,false,פופקורן להכנה במיקרוגל בטעם חמאה - מארז 6 שקיות,סוגת,IL,פופקורן למיקרו מארז,גרמים,90.00,100 גרם,false,,10.90,12.1111,true,1,98074
7290100704493,false,קמח שמרים פיצה ללא צורך בניפוי 1 קג,"שטיבל בע""\מ - טחנת קמח",IL,קמח שמרים לפיצה ללא,גרמים,1000.00,100 גרם,false,,9.90,0.9900,true,1,128288
7290100850909,false,דוריטוס נאצ'ו מקסיקני 70 גרם,"שטראוס פריטו ליי בע""\מ",IL,דוריטוס נאצו מקסיקני,גרמים,70.00,100 גרם,false,,3.90,5.5714,true,1,38008
7290100850916,false,דוריטוס חמוץ חריף מעודן 70 גרם כשר לפסח,"שטראוס פריטו ליי בע""\מ )",IL,דוריטוס חמוץ חריף 70,גרמים,70.00,100 גרם,false,,3.90,5.5714,true,1,27090
7290100850923,false,דוריטוס בטעם גריל 70 גרם,"שטראוס פריטו ליי בע""\מ )",IL,דוריטוס גריל 70גר,גרמים,70.00,100 גרם,false,,3.90,5.5714,true,1,27091
7290100850930,false,דוריטוס בטעם טבעי 70 גרם,"שטראוס פריטו ליי בע""\מ )",IL,דוריטוס דיפ טבעי 70ג,גרמים,70.00,100 גרם,false,,3.90,5.5714,true,1,38009
7290100858592,false,אבקת קקאו עלית שקית 150 ג',הנסיך- מפעל לייצור ט,IL,קקאו עלית 150גר,גרמים,150.00,100 גרם,false,,10.90,7.2667,true,1,27574
7290100894200,false,מעדן תמרים 250גר,,,מעדן תמרים 250גר,גרמים,250.00,100 גרם,false,,21.90,8.7600,true,1,72644
7290100924204,false,"פרסיל אבקה לכביסה רגיל 8 ק""ג",פרסיל Persil,IL,פרסיל אבקת כביסה 8קג,קילוגרמים,8.00,"ק""ג",false,,49.90,6.2375,true,1,71668
7290100924457,false,שלישיית כדוריות סבון לאסלה לימון סוד 50 גרם,הנקל סוד,RS,כדוריות סוד סבון לאס,גרמים,0.00,גרם,false,,16.90,0.0000,true,1,136775
7290100924464,false,כדוריות סבון נתלה לאסלה עם אקונומיקה - 3 יח',הנקל סוד,HU,כדוריות סוד סבון לאס,גרמים,0.00,גרם,false,,16.90,0.0000,true,1,136776
7290100924570,false,ג'ל לאסלה הגנה מלכלוך700,הנקל סוד,SI,סוד ג'ל לניקוי אסלה,מיליליטרים,700.00,"100 מ""ל",false,,10.90,1.5571,true,1,74077
7290100925676,false,קולור קאצר 20 דפים לוכדי צבע למכונת כביס,"הנקל סוד בע""\מ",IE,לוכד צבעים קולור קאצ,יחידה,0.00,יחידה,false,,19.90,0.0000,true,1,106257
7290100925751,false,"סוד נוזל כלים תפוח 650 מ""ל","הנקל סוד בע""\מ",IL,סוד נוזל לכלים תפוח,מיליליטרים,650.00,"100 מ""ל",false,,6.90,1.0615,true,1,89032
7290100926598,false,"פרסיל אבקת כביסה 5 ק""ג",פרסיל Persil,IL,פרסיל אבקת כביסה 5קג,קילוגרמים,5.00,"ק""ג",false,,44.90,8.9800,true,1,52877
7290100928516,false,סוד - ג'ל לכביסה ביד 1 ליטר,"הנקל סוד בע""מ",IL,סוד ג'ל לכביסה ביד 1,מיליליטרים,1000.00,"100 מ""ל",false,,15.90,1.5900,true,1,64319
7290101110149,false,גלידה בלסימו וניל עם פליק 1.3 ל' פלדמן,גלידות פלדמן,IL,בליסימו גלידה בטעם ו,מיליליטרים,1300.00,"100 מ""ל",false,,19.90,1.5308,true,1,134923
7290101110279,false,גלידת בליסימו בטעם שוקולד פאדג' פקאן,גלידות פלדמן,IL,בליסימו גלידה בטעם ש,מיליליטרים,1300.00,"100 מ""ל",false,,19.90,1.5308,true,1,134927
7290101110460,false,גלידה בליסימו וניל צרפתי 1.3 ל' פלדמן,גלידות פלדמן,IL,בליסימו גלידה בטעם ו,מיליליטרים,1300.00,"100 מ""ל",false,,19.90,1.5308,true,1,134925
7290101110811,false,גלידל שלגון בטעם וניל מצופה סורבה פסיפלורה - 8 יח',הגלידות של פלדמן,IL,גלידל חלבי מאגדת בטע,יח',8.00,יח',false,,29.90,3.7375,true,1,134916
7290101111269,false,פונטש בננה וניל שוקו וניל נטיפים,,,גלידה משפחתית שרבט פ,מיליליטרים,1800.00,"100 מ""ל",false,,19.90,1.1056,true,1,134932
7290101112228,false,גלידל פרי קרחון מופחת קלוריות בטעם אננס - 8 יח',הגלידות של פלדמן,IL,גלידל פרי מאגדת בטעם,יח',8.00,יח',false,,23.90,2.9875,true,1,134913
7290101112921,false,גלידל פרי קרחון מופחת קלוריות פירות טרופיים - 8 יח',הגלידות של פלדמן,IL,גלידל פרי מאגדת בטעם,יח',8.00,יח',false,,23.90,2.9875,true,1,134914
7290101450900,false,נרות ג'מבו כוכבים ממ,Unknown,,נרות ג'מבו כוכבים ממ,יחידה,0.00,יחידה,false,,7.90,0.0000,true,1,28688
7290101451105,false,נרות מטה כוכבים ממות,,,נרות מטה כוכבים ממות,יחידה,0.00,יחידה,false,,5.90,0.0000,true,1,43022
7290101486688,false,חטיף דגנים עם שוקולד ללא גלוטן וסוכר פרי 5*20 גרם,טבעית מוצרים מן הטבע בעמ,IL,פרי חטיף דגנים עם שו,גרמים,100.00,100 גרם,false,,18.90,18.9000,true,1,39183
7290101488248,false,"ליידי ספיד סטיק - דאודורנט רול און לאישה ורוד פרש פיושן 50 מ""ל",ליידי ספיד סטיק Lady Speed Stick,IT,ליידי ספיד סטיק 24/7,מיליליטרים,50.00,"100 מ""ל",false,,15.90,31.8000,true,1,44172
7290101488316,false,ליידי ספיד סטיק - דאודורנט סטיק לאישה ללא סימן ורוד סטיק 65 גרם,ליידי ספיד סטיק Lady Speed Stick,US,ליידי ספיד סטיק ללא,גרמים,65.00,100 גרם,false,,21.90,33.6923,true,1,42870
7290101488323,false,ליידי ספיד סטיק - דאודורנט סטיק לאישה ללא סימן ירוק סטיק 65 גרם,ליידי ספיד סטיק Lady Speed Stick,US,ליידי ספיד סטיק ללא,גרמים,65.00,100 גרם,false,,21.90,33.6923,true,1,42871
7290101551263,false,סילאן טבעי ללא תוספת סוכר,מכוורת יד מרדכי,IL,סילאן טבעי יד מרדכי,גרמים,700.00,100 גרם,false,,23.90,3.4143,true,1,98191
7290101551300,false,סילאן טבעי ללא תוספת סוכר בקבוק לחיץ,מכוורת יד מרדכי שטראוס ב,IL,סילאן טבעי לחיץ יד מ,גרמים,380.00,100 גרם,false,,16.90,4.4474,true,1,98192
7290101551539,false,יוגורט PRO בטעם אפרסק 0% 20 גרם חלבון בגביע,"שטראוס בריאות בע""מ",IL,דנונה פרו אפרסק 20 ג,גרמים,200.00,100 גרם,false,,6.40,3.2000,true,1,98331
7290101551584,false,תפוצ'יפס קידס מארז 10 יח' * 20 ג',"שטראוס פריטו ליי בע""מ )פ",IL,תפוציפס קידס מארז 10,גרמים,200.00,100 גרם,false,,12.90,6.4500,true,1,98868
7290101551614,false,חטיף צ'יטוס קראנץ בטעם גבינה - מארז 8 יח',"שטראוס פריטו ליי בע""מ )פ",IL,ציטוס קראנץ גבינה מא,גרמים,240.00,100 גרם,false,,12.90,5.3750,true,1,98870
7290101551638,false,חטיף צ'יטוס כאפה בטעם קטשופ - מארז 10 יח',"שטראוס פריטו ליי בע""מ )פ",IL,ציטוס כאפה אפוי מארז,גרמים,200.00,100 גרם,false,,12.90,6.4500,true,1,98504
7290101582397,false,יין מרלו המושבה ביני,יקבי בינימינה,IL,יין מרלו המושבה ביני,מטרים,750.00,100 מ'ל,false,,29.90,3.9867,true,1,103004
7290101582403,false,יין שיראז המושבה בינ,בנימינה Binyamina,,יין שיראז המושבה בינ,מטרים,750.00,100 מ'ל,false,,29.90,3.9867,true,1,103009
7290101821151,false,דבק מגע הרקולס,.,IL,דבק מגע,יחידה,0.00,יחידה,false,,4.90,0.0000,true,1,100562
7290101863410,false,"סיליט באנג ספריי ניקוי עוצמתי מכיל אקונומיקה 750 מ""ל",סיליט באנג Cillit Bang,PL,ספריי מכיל אקונומיקה,מיליליטרים,750.00,"100 מ""ל",false,,13.90,1.8533,true,1,45859
7290101864127,false,"ספריי להסרת כתמים 750 מ""ל וניש קליה",קליה וניש Kalia Vanish,IL,קליה אוקסי ספריי 750,מיליליטרים,750.00,"100 מ""ל",false,,24.90,3.3200,true,1,47951
7290101865261,false,"פיניש נוזל הברקה למדיח 800 מ""ל",רקיט בנקיזר,PL,פיניש נוזל הברקה למד,מיליליטרים,800.00,"100 מ""ל",false,,21.90,2.7375,true,1,51484
7290101866633,false,וניש קליה גל להסרת כתמים 3 ליטר אוקסיפרש,קליה וניש Kalia Vanish,IL,קליה גל ורוד 3ליטר,מיליליטרים,3000.00,"100 מ""ל",false,,29.90,0.9967,true,1,56419
7290101866787,false,וניש קליה נוזל מסיר כתמים לכביסה לבנה 3 ליטר,קליה וניש Kalia Vanish,IL,קליה גל לבן 3ליטר,מיליליטרים,3000.00,"100 מ""ל",false,,29.90,0.9967,true,1,62643
7290101868958,false,"פיניש נוזל הברקה למדיח בניחוח לימון 500 מ""ל",רקיט בנקיזר,PL,פיניש נוזל הברקה למד,מיליליטרים,800.00,"100 מ""ל",false,,21.90,2.7375,true,1,71567
7290101869726,false,ג'ל מרוכז למדיח הכל ב-1 פיניש 1 ליטר,רקיט בנקיזר,PL,פיניש ג'ל למדיח 1ליט,מיליליטרים,1000.00,"100 מ""ל",false,,45.90,4.5900,true,1,73195
7290101869788,false,"אירוויק ספריי אוטומטי מילוי בניחוח אואזיס 250 מ""ל*",איירוויק Air Wick,HU,איירוויק מילוי מבשם,מיליליטרים,250.00,"100 מ""ל",false,,19.90,7.9600,true,1,90797
7290101869795,false,"מטהר אוויר אירוויק ספריי מילוי חלום ליל קיץ 250 מ""ל",איירוויק Air Wick,GB,איירוויק מילוי מבשם,מיליליטרים,250.00,"100 מ""ל",false,,19.90,7.9600,true,1,90798
7290101869962,false,"אירוויק מקלות ריחניים בניחוח חלום ליל קיץ 30 מ""ל",איירוויק Air Wick,HU,אירוויק מקלות ריחניי,מיליליטרים,30.00,"100 מ""ל",false,,17.90,59.6667,true,1,90801
7290101869979,false,"אירוויק מקלות ריחניים בניחוח אואזיס 30 מ""ל",איירוויק Air Wick,HU,איירוויק מקלות ריחני,מיליליטרים,30.00,"100 מ""ל",false,,17.90,59.6667,true,1,90802
7290102030330,false,תפוצ'יפס קראנצ' בטעם מקסיקני 200 גרם,"שטראוס פריטו ליי בע""\מ )",IL,תפוציפס קראנץ מקסיקנ,גרמים,200.00,100 גרם,false,,11.70,5.8500,true,1,27128
7290102031276,false,מארז 8 יחידות אקטימל משקה יוגורט בטעם תות בננה,מיוצר עי קונדיטוריית,IL,אקטימל תות בננה 8*10,מיליליטרים,800.00,"100 מ""ל",false,,21.90,2.7375,true,1,31040
7290102032334,false,אבקה להכנת משקה קפה בטעם וניל,שטראוס קפה בי.וי,IL,קפה נמס עלית בטעם ונ,גרמים,200.00,100 גרם,false,,29.90,14.9500,true,1,40640
7290102060764,false,מרידול מברשת שיניים אריזת זוג,יבואן ומשווק: ש. שסט,CH,מברשות שיניים מרידול,יחידה,0.00,יחידה,false,,29.90,0.0000,true,1,141572
7290102060979,false,"אלמקס משחת שיניים למניעת עששת 100מ""ל",יבואן ומשווק: ש. שסט,PL,אלמקס משחת שיניים 10,מיליליטרים,100.00,"100 מ""ל",false,,22.90,22.9000,true,1,44465
7290102390427,false,יוגורט ביו עם קציפת תות 3% שומן 150 ג' מולר,מולר Muller,IL,מולר פרופ תות 3% 150,גרמים,150.00,100 גרם,false,,5.50,3.6667,true,1,40656
7290102390465,false,יוגורט ביו עם קציפת אפרסק ופסיפלורה 3% שומן 150 ג' מולר,מולר Muller,IL,מולר פרופ אפרסק פסיפ,גרמים,150.00,100 גרם,false,,5.50,3.6667,true,1,40659
7290102390489,false,יוגורט ביו עם קציפת לימון 3% שומן 150 ג' מולר,מולר Muller,IL,מולר פרופ לימון 3% 1,גרמים,150.00,100 גרם,false,,5.50,3.6667,true,1,40661
7290102391844,false,יוגורט ביו עם קציפת פירות יער3% שומן 150 ג' מולר,מולר Muller,IL,מולר פרופ לבן+קציפת,גרמים,150.00,100 גרם,false,,5.50,3.6667,true,1,44906
7290102392094,false,חלב עיזים 3.7% בקרטון משק צוריאל 1 ליטר,מילקו תעשיות בעמ,IL,חלב עיזים צוריאל 1ל,מיליליטרים,1000.00,"100 מ""ל",false,,18.50,1.8500,true,1,46221
7290102392728,false,יוגורט ביו ביאנקו 2.8% מולר 200 גרם,"טרה, פארק תעשיות בע""",IL,מולר נטורל לבן טבעי,גרמים,200.00,100 גרם,false,,4.30,2.1500,true,1,48788
7290102393039,false,"יוגורט ביו קרמי מיקס פצפוצי שוקולד 7.6% מולר 170 מ""ל",קריות זול,IL,מולר מיקס בתוספת פצפ,גרמים,150.00,100 גרם,false,,6.50,4.3333,true,1,49839
7290102393060,false,"יוגורט ביו קרמי מיקס גלילי ופל ואגוזים 5.9% מולר 170 מ""ל",קריות זול,IL,מולר מיקס גליליות 15,גרמים,150.00,100 גרם,false,,6.50,4.3333,true,1,49840
7290102393169,false,"יוגורט סימפלי פרוט בטעם תות 3% מולר 150 מ""ל",מולר Muller,IL,מולר סימפלי פרוט תות,גרמים,150.00,100 גרם,false,,5.50,3.6667,true,1,51851
7290102393176,false,סימפלי פרוט יוגורט אפרסק 3% שומן 150 ג' מולר,מילקו תעשיות בעמ,IL,מולר סימפלי פרוט אפר,גרמים,150.00,100 גרם,false,,5.50,3.6667,true,1,51852
7290102393190,false,"יוגורט סימפלי פרוט בטעם פירות יער 3% מולר 150 מ""ל",מילקו תעשיות בעמ,IL,מולר סימפלי פרוט פיר,גרמים,150.00,100 גרם,false,,5.50,3.6667,true,1,51854
7290102393299,false,יוגורט עיזים לשתייה 3% משק צוריאל 500 גרם,מיוצר עי קוד יצרן HG,IL,יוגורט עיזים לשתייה,מיליליטרים,500.00,"100 מ""ל",false,,14.90,2.9800,true,1,51196
7290102393855,false,יוגורט עיזים 2.5% עם אפרסק משק צוריאל 150 גרם,מחלבת משק צוריאל,IL,יוגורט עיזים 3% אפרס,גרמים,150.00,100 גרם,false,,7.50,5.0000,true,1,52624
7290102393947,false,סימפלי פרוט יוגורט בטעם קיווי 3% שומן 150 ג' מולר,מילקו תעשיות בעמ,IL,מולר סימפלי פרוט קיו,גרמים,150.00,100 גרם,false,,5.50,3.6667,true,1,55586
7290102394081,false,"יוגורט ביו קרמי מיקס קורנפלקס מצופה שוקולד מולר 170 מ""ל",מילקו תעשייה בעמ,IL,מולר מיקס קורנפקלס מ,יחידה,0.00,יחידה,false,,6.50,0.0000,true,1,55589
7290102394258,false,גליל גבינת עיזים מה עז 9% משק צוריאל 180 גרם,מחלבת משק צוריאל,IL,מה עז צוריאל 9% 180ג,גרמים,180.00,100 גרם,false,,25.50,14.1667,true,1,56414
7290102394463,false,נעם גבינה צהובה פרוסה ואקום 28% טרה 500 גרם,Unknown,IL,גבינה צהובה נעם ואקו,גרמים,500.00,100 גרם,false,,30.90,6.1800,true,1,67851
7290102394821,false,נעם גבינה צהובה פרוסה 28% טרה 200 גרם,מילקו תעשיות בעמ,IL,גבינה צהובה נעם 28%,גרמים,200.00,100 גרם,false,,17.90,8.9500,true,1,63750
7290102394845,false,נעם גבינה צהובה לייט פרוסה דק דק 9% טרה 200 גרם,מילקו תעשיות בעמ,IL,גבינה צהובה נעם דק ד,גרמים,200.00,100 גרם,false,,18.90,9.4500,true,1,63752
7290102395224,false,שמיניית יוגורט ביו ביאנקו 1.7% מולר 150 גרם,מולר Muller,IL,מולר נטורל 1.7% מארז,גרמים,1200.00,100 גרם,false,,19.70,1.6417,true,1,65779
7290102395231,false,שמיניית יוגורט ביו ביאנקו 2.8% מולר 150 גרם,מולר Muller,IL,מולר נטורל 2.8% מארז,גרמים,1200.00,100 גרם,false,,19.70,1.6417,true,1,65780
7290102395262,false,מארז 8 גביעים יוגורט בטעם תות שדה ואפרסק 3% Simply Fruit,מולר Muller,IL,מולר סימפלי פרוט מאג,יחידה,0.00,יחידה,false,,31.90,0.0000,true,1,67038
7290102395439,false,מארז 8 גביעים יוגורט בטעם פירות יער וקיווי 3% Simply Fruit,מילקו תעשיות בעמ,IL,מולר סימפלי פרוט מאג,גרמים,1200.00,100 גרם,false,,31.90,2.6583,true,1,68533
7290102395446,false,מעדן חלב בטעם וניל עם קצפת 123 ג' טרה,Unknown,IL,מוו וניל קצפת 123גר,גרמים,123.00,100 גרם,false,,3.30,2.6829,true,1,66580
7290102395477,false,מעדן חלב בטעם שוקולד עם קצפת 123 ג' טרה,Unknown,IL,מוו שוקולד קצפת 123ג,גרמים,123.00,100 גרם,false,,3.30,2.6829,true,1,66583
7290102395521,false,"שמנת לבישול 15% שומן 500 מ""ל טרה",מילקו תעשיות בעמ,IL,שמנת לבישול 15% 500מ,מיליליטרים,500.00,"100 מ""ל",false,,18.70,3.7400,true,1,70424
7290102396436,false,מעדן שוקולד מוו 1.5% טרה 125 גרם,מילקו תעשיות בעמ,IL,מוו מעדן חלב בטעם שו,גרמים,125.00,100 גרם,false,,3.30,2.6400,true,1,70991
7290102396443,false,"מעדן מוו וניל 1.5% 125 גרם בד""צ",מילקו תעשיות בעמ,IL,מוו מעדן חלב בטעם ונ,גרמים,125.00,100 גרם,false,,3.30,2.6400,true,1,70992
7290102396597,false,מעדן מוו וניל ומוס שוקולד טרה 118 גרם,טרה,IL,מוו וניל ומוס שוקולד,גרמים,118.00,100 גרם,false,,3.30,2.7966,true,1,71234
7290102396665,false,נעם גבינה צהובה דק דק 15% טרה 200 גרם,מילקו תעשיות בעמ,IL,גבינה צהובה נעם 15%,גרמים,200.00,100 גרם,false,,17.90,8.9500,true,1,74742
7290102396719,false,יוגורט סימפלי תות 0% מולר 150 גרם,מולר Muller,IL,מולר סימפלי פרוט תות,גרמים,150.00,100 גרם,false,,5.50,3.6667,true,1,72030
7290102396726,false,יוגורט סימפלי אפרסק 0% מולר 150 גרם,מולר,IL,מולר סימפלי פרוט אפר,גרמים,150.00,100 גרם,false,,5.20,3.4667,true,1,72031
7290102396740,false,מארז 8 גביעים יוגורט בטעם תות שדה ואפרסק 0% Simply Fruit,מילקו תעשיות בעמ,IL,מולר סימפלי מאגדת 8י,מיליליטרים,1200.00,"100 מ""ל",false,,31.90,2.6583,true,1,72033
7290102397204,false,"גבנ""צ דק דק נעם פתיחה חוזרת 22% 200 גרם",מילקו תעשיות בעמ,IL,גבינה צהובה נעם 22%ד,גרמים,200.00,100 גרם,false,,17.90,8.9500,true,1,74744
7290102397310,false,מעדן מיני בטעם שוקולד קצפת מוו מאגדת 8 יח' * 70 ג',מילקו תעשיות בעמ,IL,*מבצע* מיני מוו שוקו,גרמים,560.00,100 גרם,false,,11.90,2.1250,true,1,75963
7290102397464,false,יוגורט ביו בתוספת גרעינים אגוזים וחמוציות 170 ג' מולר,מולר Muller,IL,מולר מיקס גרעינים פק,יחידה,0.00,יחידה,false,,6.50,0.0000,true,1,92717
7290102397600,false,מיקס יוגורט בתוספת שקדים ובוטנים מקורמלים 170 ג' מולר,מילקו תעשייה בעמ,IL,מולר מיקס+ שקדים ובו,גרמים,170.00,100 גרם,false,,6.50,3.8235,true,1,76915
7290102397617,false,יוגורט ביו קרמי עם כדורים מצופים שוקולד חום לבן,מולר Muller,IL,מולר מיקס קליק 150גר,גרמים,150.00,100 גרם,false,,6.50,4.3333,true,1,76916
7290102397730,false,פרוסות גבינה אמנטל חצי קשה 30% שומן 200 ג' נעם,Unknown,IL,גבינה אמנטל נעם 200ג,גרמים,200.00,100 גרם,false,,18.90,9.4500,true,1,93973
7290102397747,false,פרוסות גבינת מוצרלה נעם מחלב בקר 22%,טרה,IL,*מבצע* גבינת מוצרלה,גרמים,200.00,100 גרם,false,,15.90,7.9500,true,1,95903
7290102398065,false,חלב טרה בקרטון 2 ליטר מהדרין 3% - מוצר בפיקוח,הפריט בפיקוח,IL,חלב קרטון 2 ליטר 3%,מיליליטרים,2000.00,"100 מ""ל",false,,12.46,0.6230,true,1,94097
7290102398072,false,"חלב קרטון 3%-1 ליטר "" טרה"" -מוצר פיקוח",Unknown,IL,חלב הומוגני 3% מהדר,מיליליטרים,1000.00,"100 מ""ל",false,,6.23,0.6230,true,1,94098
7290102398331,false,חלב מועשר דל לקטוז 2% שומן טרה 1 ליטר,טרה,IL,חלב מועשר דל לקטוז 1,מיליליטרים,1000.00,"100 מ""ל",false,,8.50,0.8500,true,1,95781
7290102398560,false,שוקו טרה מועשר בבקבוק 1 ליטר,מילקו תעשיות בעמ,IL,שוקו טרה מועשר 1 ליט,מיליליטרים,1000.00,"100 מ""ל",false,,13.20,1.3200,true,1,97676
7290102398577,false,משקה חלב בטעם שוקו 2% בבקבוק אישי,מילקו תעשיות בעמ,IL,שוקו טרה מועשר 250 מ,מיליליטרים,250.00,"100 מ""ל",false,,5.80,2.3200,true,1,97677
7290102398638,false,משקה חלב בטעם מוקה טרה 1 ליטר,מילקו תעשיות בעמ,IL,משקה חלב טרה בטעם מו,מיליליטרים,1000.00,"100 מ""ל",false,,13.20,1.3200,true,1,97678
7290102398669,false,משקה חלב אייס קפוצ'ינו טרה 1 ליטר,מילקו תעשיות בעמ,IL,אייס קפוצ'ינו 1 ליטר,מיליליטרים,1000.00,"100 מ""ל",false,,13.20,1.3200,true,1,113574
7290102398782,false,משקה סויה קלאסי משק צוריאל 1 ליטר,מחלבת משק צוריאל,IT,משקה סויה קלאסי 1 לי,מטרים,1000.00,100 מ'ל,false,,11.90,1.1900,true,1,107700
7290102398805,false,משקה סויה בטעם וניל משק צוריאל 1 ליטר,מחלבת משק צוריאל,IT,משקה סויה בטעם וניל,מטרים,1000.00,100 מ'ל,false,,11.90,1.1900,true,1,107702
7290102398836,false,משקה שקדים קלאסי משק צוריאל 1 ליטר,מחלבת משק צוריאל,IT,משקה שקדים קלאסי 1 ל,מטרים,1000.00,100 מ'ל,false,,12.90,1.2900,true,1,107704
7290102399635,false,"מולר פרופ יוגורט ביו עם קציפת קוקוס ואננס 150 מ""ל",מולר Muller,IL,מולר פרופ טרופיקל 4.,גרמים,150.00,100 גרם,false,,5.50,3.6667,true,1,120775
7290102399796,false,מעדן יוגורט לבן מועשר בחלבון 200 ג' מולר אקטיב,מולר Muller,IL,מולר אקטיב 25 יוגורט,גרמים,200.00,100 גרם,false,,5.60,2.8000,true,1,107708
7290102399819,false,יוגורט עם פירות יער מולר אקטיב מועשר בחלבון 200 גר',מולר Muller,IL,מולר אקטיב יוגורט 20,גרמים,200.00,100 גרם,false,,6.80,3.4000,true,1,107710
7290102399857,false,מולר אקטיב לייט 20 גרם חלבון 0% שומן עם תות 200 גרם,מולר Muller,IL,מולר אקטיב לייט 20 ע,גרמים,200.00,100 גרם,false,,6.80,3.4000,true,1,120773
7290102601547,false,כפיות פרמיום שקוף/קרם/לבן/זהב א'ר 50 דנטס,,TR,כפיות פרמיום שקוף/קר,יחידה,0.00,יחידה,false,,9.90,0.0000,true,1,71084
7290102611904,false,כפות אמריקאי ר. שמאי כשל''פ עד''ח,,CN,כפות אמריקאי שמאי 10,יחידה,0.00,יחידה,false,,9.90,0.0000,true,1,102742
7290103120658,false,דאודורנט ספיד סטיק גל שחור 85 גרם,הנסיך- מפעל לייצור ט,US,ספיד סטיק ג'ל שחור 8,מיליליטרים,85.00,"100 מ""ל",false,,21.90,25.7647,true,1,46211
7290103400194,false,"כרוב לבן 400 גר בד""צ ירקות שטראוס",שטראוס בריאות ירקות טריי,IL,כרוב לבן שטראוס 400ג,גרמים,400.00,100 גרם,false,,9.50,2.3750,true,1,49800
7290103400231,false,"גזר מגורד שטראוס 400 גרם בד""צ",שטראוס בריאות ירקות טריי,IL,גזר גוליאן בדצ שטראו,גרמים,400.00,100 גרם,false,,9.50,2.3750,true,1,49802
7290103400255,false,"סלט קולסלאו 400 גרם בד""צ ירקות שטראוס",שטראוס בריאות ירקות טריי,IL,סלט קולסלאו שטראוס 4,גרמים,400.00,100 גרם,false,,8.90,2.2250,true,1,49804
7290103401429,false,קפה קצב ברזילאי אוריגינס 200 גר,הנסיך- מפעל לייצור ט,IL,קפה מגורען קצב ברזיל,גרמים,200.00,100 גרם,false,,29.90,14.9500,true,1,47292
7290103408206,false,עלי חסה ערבית שטופים שטראוס 250 גרם,שטראוס בריאות ירקות טריי,IL,עלי חסה ערבית שטופים,גרמים,250.00,100 גרם,false,,11.90,4.7600,true,1,47918
7290103681180,false,"יין הר מרלו מיתוג תנשמת 750 מ""ל",מיוצר על ידי יקב תבור,IL,יין תבור אדום מרלו 7,מיליליטרים,750.00,"100 מ""ל",false,,39.90,5.3200,true,1,99706
7290103681197,false,"יין הר שיראז מיתוג תנשמת 750 מ""ל",מיוצר על ידי יקב תבור,IL,יין תבור שיראז 750מל,מיליליטרים,750.00,"100 מ""ל",false,,39.90,5.3200,true,1,99702
7290103681210,false,"יין הר שרדונה מיתוג תנשמת 750 מ""ל",מיוצר על ידי יקב תבור,IL,יין תבור שרדונה 750,מיליליטרים,750.00,"100 מ""ל",false,,39.90,5.3200,true,1,99703
7290103681227,false,"יין הר גוורצטרמינר מיתוג תנשמת 750 מ""ל",מיוצר על ידי יקב תבור,IL,יין תבור גוורצטרמינר,מיליליטרים,750.00,"100 מ""ל",false,,39.90,5.3200,true,1,99707
7290103681234,false,"יין הר רוזה מיתוג תנשמת 750 מ""ל",מיוצר על ידי יקב תבור,IL,יין תבור הר רוזה 750,מיליליטרים,750.00,"100 מ""ל",false,,39.90,5.3200,true,1,99704
7290103700195,false,שאפו רדיד אלומיניום צר 30*7.5 2יח',"שניב תעשיות נייר בע""",,רדיד אלומיניום צר 30,יח',2.00,יח',false,,10.90,5.4500,true,1,65530
7290103700225,false,רדיד אלומניום רוחב 45 עובי 14 מיקרון,שניב תעשיות,,שאפו רדיד אלומיניום,יחידה,0.00,יחידה,false,,13.90,0.0000,true,1,65531
7290103700324,false,שאפו זוג שקיות אוכל מתכלות בקרטון 300יח',שניב,IL,טאצ זוג שקיות אוכל ב,יחידה,0.00,יחידה,false,,10.90,0.0000,true,1,62119
7290103700379,false,טאצ' כריות קרצוף ענקיות 3 יח',"שניב תעשיות נייר בע""",IL,טאצ' כריות קרצוף 3יח,יח',3.00,יח',false,,9.90,3.3000,true,1,65526
7290103700386,false,טאצ כריות יפניות מארז שישיה,"שניב תעשיות נייר בע""",IL,טאצ' כריות קרצוף 6יח,יחידה,0.00,יחידה,false,,9.90,0.0000,true,1,65527
7290103700393,false,טאצ' כריות יפניות עבות עם תעלות 4 יח',"שניב תעשיות נייר בע""",IL,טאצ' כריות יפניות עב,יח',4.00,יח',false,,9.90,2.4750,true,1,65528
7290103701017,false,נייר אפייה נשלף טאצ 50 יחידות כשלפ,"שניב תעשיות נייר בע""",IL,טאצ' נייר אפייה 50 י,יחידה,0.00,יחידה,false,,9.90,0.0000,true,1,70184
7290103701031,false,טאצ כוס קרטון 4 אוז,"שניב תעשיות נייר בע""",,טאצ כוס קרטון 4 אוז,יחידה,0.00,יחידה,false,,6.90,0.0000,true,1,138652
7290103701055,false,כוס קרטון טאץ' ב8 או,"שניב תעשיות נייר בע""",,כוס קרטון טאץ' ב8 או,יחידה,0.00,יחידה,false,,9.90,0.0000,true,1,120346
7290103701093,false,טאצ' מטליות מיקרופייבר לרצפה 2 יח',"שניב תעשיות נייר בע""",IL,טאצ מטליות מיקרופייב,יח',7.00,יח',false,,10.90,1.5571,true,1,74755
7290103701130,false,טאצ' מטליות מיקרופייבר לניקוי כללי 7 יח',שניב,IL,טאצ מטליות מיקרופייב,יח',7.00,יח',false,,10.90,1.5571,true,1,74945
7290103701147,false,טאצ רדיד אלומיניום 200 מטר,שניב תעשיות,,רדיד אלומיניום 200 פ,יחידה,0.00,יחידה,false,,27.90,0.0000,true,1,74946
7290103701178,false,טאצ ספוג הפלא בלוק 1 יחי,שניב תעשיות נייר,IL,טאצ`ספוג הפלא,יחידה,0.00,יחידה,false,,4.90,0.0000,true,1,90572
7290103702229,false,טאצ מפות שולחן שמינייה עבות במיוחד,"שניב תעשיות נייר בע""",,טאצ מפות עבות במיוחד,יח',8.00,יח',false,,7.90,0.9875,true,1,90573
7290103702298,false,טאצ' אשפתון עבה בגליל 77*90 50 יח',"שניב תעשיות נייר בע""",,טאצ אשפתון עבה 50יח',יח',50.00,יח',false,,15.90,0.3180,true,1,91655
7290103702656,false,נייר מגבת לאבלי שישייה,שניב,IL,לאבלי מגבות מטבח שיש,יחידה,0.00,יחידה,false,,11.90,0.0000,true,1,89565
7290103702724,false,"טאצ' שקיות אשפה 52*65 ס""מ עם שרוך 60 יח'",,,טאצ שקיות אשפה 52*65,יח',60.00,יח',false,,17.90,0.2983,true,1,90577
7290103703080,false,טאצ' מארז זוג שקיות אשפה שרוך 78/90,,,טאצ זוג שקיות אשפה ע,יחידה,0.00,יחידה,false,,17.90,0.0000,true,1,90578
7290103703219,false,דלי מטליות לחות לניקוי כללי בניחוח לימון טאצ',,,טאצ' מטליות לחות לני,יח',400.00,יח',false,,19.90,0.0497,true,1,100231
7290103703226,false,טאצ מטליות לחות לניקוי כללי,,IL,טאצ מטליות לחות לניק,יח',50.00,יח',false,,9.90,0.1980,true,1,98453
7290103703370,false,טאצ מגבוני טואלט לחים מארז שלישייה,,IL,טאצ מגבוני טואלט לחי,יחידה,0.00,יחידה,false,,15.90,0.0000,true,1,98025
7290103703684,false,נייר טאולט לובלי 30,Unknown,,לאבלי נייר טואלט 30,יחידה,0.00,יחידה,false,,29.90,0.0000,true,1,99788
7290103703905,false,ממחטות נייר טישו טוט,Unknown,,ממחטות נייר טישו טוט,יחידה,0.00,יחידה,false,,11.90,0.0000,true,1,120289
7290103704155,false,נייר מגבת טאצ' 6 גלילים מהדורת 2021,"שניב תעשיות נייר בע""",IL,מגבות טאצ 6 מהדורת 2,יחידה,0.00,יחידה,false,,11.90,0.0000,true,1,141522
7290104061417,false,סלט חומוס עם טחינה אחלה 400 גרם,"שטראוס גרופ בע""\מ",IL,חומוס טחינה אחלה קלא,גרמים,400.00,100 גרם,false,,11.50,2.8750,true,1,48598
7290104061424,false,סלט חומוס עם זעתר אחלה 400 גרם,מיוצר עי קונדיטוריית,IL,חומוס זעתר אחלה קלאס,גרמים,400.00,100 גרם,false,,11.50,2.8750,true,1,48599
7290104061431,false,סלט חומוס עם צנובר אחלה 400 גרם,"שטראוס גרופ בע""\מ",IL,חומוס צנובר אחלה קלא,גרמים,400.00,100 גרם,false,,11.50,2.8750,true,1,48600
7290104061448,false,סלט חומוס עם חריף אחלה 400 גרם,מיוצר עי קונדיטוריית,IL,חומוס חריף אחלה קלאס,גרמים,400.00,100 גרם,false,,11.50,2.8750,true,1,48601
7290104062599,false,מארז 8 יחידות מעדן גמדים בטעמי תות ובננה,"שטראוס בריאות בע""\מ",IL,גמדים תות בננה 8*100,מיליליטרים,800.00,"100 מ""ל",false,,19.50,2.4375,true,1,48741
7290104065187,false,אבקה להכנת משקה קפה בטעם מוקה,STRAUSS-ISRAEL,IL,קפה נמס בטעם מוקה על,גרמים,200.00,100 גרם,false,,21.90,10.9500,true,1,50631
7290104065934,false,עלי רוקט שטראוס 150 גרם,שטראוס בריאות ירקות טריי,IL,שטראוס עלי רוקט 150ג,גרמים,150.00,100 גרם,false,,11.90,7.9333,true,1,49845
7290104066566,false,טחינה שומשום מלא אחלה 500 גר',מיוצר עי קונדיטוריית,IL,טחינה משומשום מלא אח,גרמים,400.00,100 גרם,false,,15.90,3.9750,true,1,50635
7290104068539,false,מאסט פליפטופ מלון ואבטיח ללא גרעינים,"שטראוס גרופ בע""מ",IL,מסטיק מאסט מלון ואבט,גרמים,28.00,100 גרם,false,,4.90,17.5000,true,1,50882
7290104501661,false,אינסטנט פודינג בטעם וניל צרפתי אסם 80 גרם,מיוצר עי קונדיטוריית,IL,פודינג וניל צרפתי אס,גרמים,80.00,100 גרם,false,,5.90,7.3750,true,1,51796
7290104508189,false,גביעי וופל ממותקים לגלידה 24 יח',בטר אנד דיפרנט,IL,גביעי גלידה אסם 24יח,יח',24.00,יח',false,,14.90,0.6208,true,1,55423
7290104508943,false,במבה חטיף בוטנים אסם 200 גרם,"אסם השקעות בע""\מ",IL,במבה אסם 200 גרם,גרמים,200.00,100 גרם,false,,9.90,4.9500,true,1,135034
7290104720499,false,מארז 8 יחידות מעדן דני בטעם וניל 1.5%,מיוצר עי קונדיטוריית,IL,דני וניל מארז 8*125ג,גרמים,1000.00,100 גרם,false,,16.90,1.6900,true,1,50883
7290104721533,false,רצועות פלפלים קלויים אחלה 400 ג',מיוצר עי קונדיטוריית,IL,פלפלים קלויים אחלה ט,גרמים,400.00,100 גרם,false,,15.90,3.9750,true,1,55558
7290104721762,false,מארז שלשות קפה טורקי עלית 85 ג',שטראוס גרופ,IL,קפה טורקי עלית מארז,גרמים,255.00,100 גרם,false,,18.90,7.4118,true,1,52597
7290104721953,false,לקט מסולסלים ירקות שטראוס 350 גרם,שטראוס בריאות ירקות טריי,IL,לקט מסולסלים ירקות ש,גרמים,350.00,100 גרם,false,,13.90,3.9714,true,1,51307
7290104722530,false,תפוצ'יפס בטעם שמנת בצל עלית 200 גרם,"שטראוס פריטו ליי בע""\מ )",IL,תפוציפס שמנת בצל 200,גרמים,200.00,100 גרם,false,,11.70,5.8500,true,1,51422
7290104726262,false,רביעייה מעדן דני שוקולד דיסני לבנים 125 גרם,מיוצר עי קונדיטוריית,IL,דני תות לשתיה מארז ר,יחידה,500.00,יחידה,false,,11.70,0.0234,true,1,52380
7290104726712,false,מארז 8 יחידות מעדן מילקי בטעם שוקולד עם קצפת,"שטראוס גרופ בע""\מ",IL,מילקי שמינייה מארז 8,גרמים,1064.00,100 גרם,false,,21.50,2.0207,true,1,63060
7290104728310,false,"שמנת מתוקה עמידה 38% שומן ""יטבתה"" -מוצר בפיקוח",שטראוס גרופ,IL,שמנת עמידה לקצפת 38%,מיליליטרים,250.00,"100 מ""ל",false,,6.47,2.5880,true,1,54862
7290104960352,false,"נקה 7 תחליב רחצה ארומה שקד וניל 750מ""ל","אמיליה קוסמטיקס בע""מ",IL,נקה 7 תחליב רחצה ארו,מיליליטרים,750.00,"100 מ""ל",false,,12.90,1.7200,true,1,56292
7290104961205,false,"נקה 7 תחליב רחצה מגע קטיפה מ""לפפון קיווי 750 מ""ל",טרופיקל דגיל תעשיות קוסמ,IL,נקה 7 תחליב רחצה מגע,מיליליטרים,750.00,"100 מ""ל",false,,12.90,1.7200,true,1,63490
7290104961250,false,"נקה 7 תחליב רחצה מגע קטיפה וניל מאסק 750 מ""ל",טרופיקל דגיל תעשיות קוסמ,IL,נקה 7 תחליב רחצה מגע,מיליליטרים,750.00,"100 מ""ל",false,,12.90,1.7200,true,1,63493
7290104962868,false,"מסכת אמפולה לטיפול אינטנסיבי לשיער יבש, צבוע ופגום",נטורל פורמולה Natural Formula,IL,מסיכת אמפולה אינטנס,מיליליטרים,350.00,"100 מ""ל",false,,39.90,11.4000,true,1,112635
7290105360250,false,קפסולות 09 עשיר וארומטי למכונת נספרסו עלית 10יח',הנסיך- מפעל לייצור ט,IL,קפסולות מס9 עשיר ואר,יחידה,0.00,יחידה,false,,18.90,0.0000,true,1,65792
7290105360328,false,קפסולות אספרסו חזק למכונות נספרסו 10 יח',הנסיך- מפעל לייצור ט,IL,קפסולות מס'10 חזק וע,יחידה,0.00,יחידה,false,,18.90,0.0000,true,1,65793
7290105360335,false,קפסולות אספרסו למכונות נספרסו 50 גר,הנסיך- מפעל לייצור ט,IL,קפסולות מס7 עדין וקט,יחידה,0.00,יחידה,false,,18.90,0.0000,true,1,65794
7290105360762,false,"שמן זית 1 עדין 750 מ""ל יד מרדכי",מכוורת יד מרדכי שטראוס ב,IL,שמן זית כתית מעולה 1,מיליליטרים,750.00,"100 מ""ל",false,,36.90,4.9200,true,1,67180
7290105360878,false,תפוציפס טבעי 50 גרם מארז רביעייה,"שטראוס פריטו ליי בע""\מ )",IL,תפוציפס מארז 4*50גר,גרמים,200.00,100 גרם,false,,11.90,5.9500,true,1,71663
7290105362339,false,"שמנת לבישול 15% 250 מ""ל יטבתה מהדרין",שטראוס גרופ,IL,שמנת לבישול 15% יטבת,מיליליטרים,250.00,"100 מ""ל",false,,8.70,3.4800,true,1,63855
7290105363602,false,מקלות כיף כף קלאסי עלית 40 גרם,שולן צ'\יקולטה גידה סאן.,TR,כיף כף מקלות קלאסי 4,גרמים,40.00,100 גרם,false,,5.90,14.7500,true,1,65629
7290105364302,false,"עלית חטיף שוקולד כיף כף מקלות אגוזים, 40 גרם",שולן צ'\יקולטה גידה סאן.,TR,כיף כף מקלות אגוזים,גרמים,40.00,100 גרם,false,,5.90,14.7500,true,1,65631
7290105366023,false,סלט חצילים בטעם כבד אחלה 400 גרם,מיוצר עי קונדיטוריית,IL,חציל טעם כבד אחלה טע,גרמים,400.00,100 גרם,false,,15.90,3.9750,true,1,56821
7290105366047,false,טחינה לבנה אחלה 400 גרם,מיוצר עי קונדיטוריית,IL,טחינה לבנה אחלה טעמי,גרמים,400.00,100 גרם,false,,15.90,3.9750,true,1,57256
7290105366993,false,סימפוניה גבינת שמנת פלפל שיפקה 5% שטראוס 200 גרם,"שטראוס בריאות בע""מ",IL,סימפוניה פלפל שיפקה,גרמים,200.00,100 גרם,false,,11.80,5.9000,true,1,69642
7290105368225,false,חומוס אחלה עם פלפל שיפקה 400 גרם,מיוצר עי קונדיטוריית,IL,חומוס עם פלפל שיפקה,גרמים,400.00,100 גרם,false,,11.50,2.8750,true,1,64578
7290105368904,false,"שמנת מתוקה להקצפה 32% שומן 250 מ""ל יוטבתה",שטראוס גרופ,IL,שמנת מתוקה להקצפה 32,מיליליטרים,500.00,"100 מ""ל",false,,7.90,1.5800,true,1,65143
7290105369130,false,סימפוניה גבינת שמנת בצל ירוק 5% שטראוס 200 גרם,"שטראוס בריאות בע""\מ",IL,סימפוניה בצל ירוק 5%,גרמים,200.00,100 גרם,false,,11.80,5.9000,true,1,67030
7290105431516,false,מארז חטיף פריי תמרים ובוטנים ללא גלוטן ותוספת סוכר 125 גרם,טבעית מוצרים מן הטבע בעמ,IL,פרי חטיף תמרים בוטני,גרמים,125.00,100 גרם,false,,18.90,15.1200,true,1,67212
7290105434029,false,"ספיד סטיק - דאודורנט ספריי לגבר נוטרו פאואר 150 מ""ל",הנסיך- מפעל לייצור ט,RU,ספיד סטיק נוטרו ספרי,מיליליטרים,165.00,"100 מ""ל",false,,15.90,9.6364,true,1,99532
7290105439499,false,מאסטר שף מאסטר שף מיונז 480 גר כשלפ,רמיה סי.וי. הולנד,NL,מיונז מאסטר שף 480 ג,גרמים,480.00,100 גרם,false,,11.90,2.4792,true,1,76104
7290105439505,false,מאסטר שף קרם בטעם מיונז לייט 479 גר כשלפ,רמיה סי.וי. הולנד,NL,ממרח מיונז לייט מאסט,גרמים,479.00,100 גרם,false,,11.90,2.4843,true,1,90238
7290105500151,false,וודקה פינלנדיה בקבוק,"אלטיה קורפ, הלסינקי,",FI,וודקה פינלנדיה 700 מ,מיליליטרים,700.00,"100 מ""ל",false,,69.90,9.9857,true,1,64913
7290105500236,false,וויסקי ג'ק דניאלס מס' 7 Brand No,ג'ק דניאלס Jack Daniel's,US,וויסקי ג'ק דניאלס 70,מיליליטרים,700.00,"100 מ""ל",false,,119.90,17.1286,true,1,68560
7290105691224,false,אסם חטיפי פריכונים טורטייה שום בצל 60 גרם,"פרח תעשיות מזון בע""מ.",IL,פריכונים חטיפי טורטי,גרמים,60.00,100 גרם,false,,9.50,15.8333,true,1,62339
7290105691248,false,אסם חטיפי פריכונים טורטייה תירס 60 גרם,"פרח תעשיות מזון בע""מ.",IL,פריכונים חטיפי טורטי,גרמים,60.00,100 גרם,false,,9.50,15.8333,true,1,62340
7290105691897,false,קוסקוס עם חיטה מלאה אסם 350 גרם,"מיוצר ע""י קוד יצרן K",IL,קוסקוס חיטה מלאה אסם,גרמים,350.00,100 גרם,false,,9.90,2.8286,true,1,63892
7290105691934,false,קמח שמרים אסם 1 קילו,תאי פרזידנט פוד פאבל,IL,קמח שמרים אסם 1קג,גרמים,1000.00,100 גרם,false,,11.90,1.1900,true,1,65512
7290105693341,false,מארז עשיריית במבה אסם 25*10 גרם,"אסם השקעות בע""\מ",IL,*מבצע* במבה מארז אסם,גרמים,250.00,100 גרם,false,,15.90,6.3600,true,1,69908
7290105693952,false,פירורית זהב אסם זהב שומשום 200 ג',מיוצר עי קונדיטוריית,IL,פירורית זהב שומשום א,גרמים,200.00,100 גרם,false,,6.70,3.3500,true,1,64460
7290105695024,false,פתיתים אפויים אורז עם אטריות אסם 500 גרם,"אסם השקעות בע""\מ",IL,פתיתים אפויים אורז ע,גרמים,500.00,100 גרם,false,,7.90,1.5800,true,1,66617
7290105695321,false,עוגת הבית בראוניס פאדג' אסם 380 גרם,מיוצר עי קונדיטוריית,IL,עוגות הבית בראוניס פ,גרמים,380.00,100 גרם,false,,18.50,4.8684,true,1,64513
7290105962331,false,סחוג תימני אדום חריף מאוד זהבי הכרם 220 גרם,קריניסה ויטמין אס אי,IL,סחוג חריף אדום מאוד,גרמים,220.00,100 גרם,false,,14.90,6.7727,true,1,64303
7290105965738,false,יוגורט לשתיה בטעם תות בננה267 ג' דנונה,מיוצר עי קונדיטוריית,IL,דנונה לשתיה תות בננה,מיליליטרים,250.00,"100 מ""ל",false,,5.30,2.1200,true,1,70319
7290105966469,false,"חומץ בלסמי ממודנה יד מרדכי 250 מ""ל",אצטייה ג'וזפה קרמוני,IT,חומץ בלסמי יד מרדכי,מיליליטרים,2500.00,"100 מ""ל",false,,17.90,0.7160,true,1,71295
7290105968098,false,"סלט קולסלאו 500 גרם ""אחלה""",שטראוס גרופ סלטים,IL,קולסלאו אחלה 500גר,גרמים,500.00,100 גרם,false,,15.90,3.1800,true,1,65474
7290105968654,false,רביולי בטטה פרווה פסטה נונה 400 ג',מיוצר עי קונדיטוריית,IL,רביולי בטטה שטראוס 4,גרמים,400.00,100 גרם,false,,21.90,5.4750,true,1,65312
7290106520066,false,"רבע לשבע שוקולד חלב במילוי אגוזים עלית 160 גרם בד""צ","הגביע מוצרי וופלים בע""\מ",IL,רבע לשבע גלילי וופל,גרמים,160.00,100 גרם,false,,12.90,8.0625,true,1,65628
7290106520288,false,יוגורט פרו חלבון עם תות 2.4% שומן 150 ג' דנונה,"שטראוס בריאות בע""מ",IL,דנונה WOW תות 150 ג,גרמים,150.00,100 גרם,false,,4.90,3.2667,true,1,75602
7290106520912,false,"שמנת 9% לבישול יטבתה 250 מ""ל מהדרין",שטראוס גרופ,IL,שמנת לבישול 9% יטבתה,מיליליטרים,250.00,"100 מ""ל",false,,8.70,3.4800,true,1,67702
7290106525320,false,אבקת שוקולית לאפייה קופסא 500ג' עלית,הנסיך- מפעל לייצור ט,IL,שוקולית לאפיה 500גר,גרמים,500.00,100 גרם,false,,16.90,3.3800,true,1,100143
7290106525399,false,קפסולות 06 ברזיל למכונות נספרסו עלית 10יח',הנסיך- מפעל לייצור ט,IL,קפסולות ברזיל 06 למכ,גרמים,50.00,100 גרם,false,,18.90,37.8000,true,1,76764
7290106525405,false,קפסולות למכונת נספרסו נטול קפאין,שטראוס קפה בי.וי.,IL,קפסולות מס7 נטול קופ,יחידה,0.00,יחידה,false,,18.90,0.0000,true,1,71296
7290106526822,false,פריכיות אורז חום מלא תחתית שוקולד חלב 80 גרם,"טחנת האבן תעשיות בע""",IL,פריכיות עם תחתית שוק,גרמים,80.00,100 גרם,false,,8.90,11.1250,true,1,69762
7290106528628,false,"דוריטוס טבעי 185 גרם ""עלית""","שטראוס פריטו ליי בע""\מ )",IL,דוריטוס טבעי 185גר,גרמים,185.00,100 גרם,false,,8.30,4.4865,true,1,76417
7290106528949,false,לקט ערוגות 450 גרם שטראוס,שטראוס בריאות ירקות טריי,IL,לקט ערוגות שטראוס 45,גרמים,450.00,100 גרם,false,,12.90,2.8667,true,1,70783
7290106572065,false,חטיפי פריכונים טורטיה חמוץ מתוק 60 גרם,"פרח תעשיות מזון בע""מ",IL,פריכונים חטיפי טורטי,גרמים,60.00,100 גרם,false,,8.50,14.1667,true,1,65749
7290106573598,false,צבר חומוס לבנוני 400 גרם,סלטי צבר,IL,חומוס לבנוני צבר 400,גרמים,400.00,100 גרם,false,,12.90,3.2250,true,1,67812
7290106573628,false,צבר חומוס עם טחינה 400 גרם,סלטי צבר,IL,חומוס עם טחינה צבר 4,גרמים,400.00,100 גרם,false,,12.90,3.2250,true,1,67806
7290106574793,false,עוגת הבית בטעם שוקו-שוקוצ'יפס 350 ג' אסם,מיוצר עי קונדיטוריית,IL,עוגת הבית שוקו שוקוצ,גרמים,350.00,100 גרם,false,,14.90,4.2571,true,1,68315
7290106574953,false,בייגלה שטוחים כעכים שטוחים עם שומשום,מיוצר עי קונדיטוריית,IL,בייגלה שטוחים שומשום,גרמים,300.00,100 גרם,false,,11.90,3.9667,true,1,68361
7290106574977,false,בייגלה שטוחים כעכים שטוחים עם מלח,מיוצר עי קונדיטוריית,IL,בייגלה שטוחים עם מלח,גרמים,300.00,100 גרם,false,,11.90,3.9667,true,1,68362
7290106575257,false,עוגת הבית סופלה בטעם שוקולד 340 ג' אסם,מיוצר עי קונדיטוריית,IL,עוגת הבית סופלה בטעם,גרמים,340.00,100 גרם,false,,14.90,4.3824,true,1,69529
7290106576223,false,"אפרופו שוקולד 40 גרם ""אסם""",מיוצר עי קונדיטוריית,IL,אפרופו שוקולד אסם 40,גרמים,40.00,100 גרם,false,,5.50,13.7500,true,1,89929
7290106576513,false,סלט חומוס צבר 400 גר,סלטי צבר,IL,חומוס צבר 400גר,גרמים,400.00,100 גרם,false,,10.90,2.7250,true,1,70038
7290106576537,false,חומוס מסעדות צבר 700 גרם,סלטי צבר,IL,*מבצע* חומוס מסעדות,גרמים,700.00,100 גרם,false,,12.00,1.7143,true,1,69000
7290106576834,false,גלידה לה קרמריה פונטש בננה1.4 ל' נסטלה,תות תעשיות מזון (201,IL,לה קרמריה פונטש בננה,מיליליטרים,1400.00,"100 מ""ל",false,,22.90,1.6357,true,1,69913
7290106576919,false,גלידה קרמריה סורבה תות לימון 1.4 ליטר,גלידות נסטלה )נגה גלידות,IL,לה קרמריה סורבה תות,מיליליטרים,1400.00,"100 מ""ל",false,,22.90,1.6357,true,1,69915
7290106576971,false,גלידה לה קרמריה שוקולד בלגי 1.4 ל' נסטלה,תות תעשיות מזון (201,IL,לה קרמריה שוקולד בלג,מיליליטרים,1400.00,"100 מ""ל",false,,22.90,1.6357,true,1,69917
7290106576995,false,גלידה סורבה לה קרמריה תות מנגו לייט 1.4 ל' נסטלה,גלידות נסטלה )נגה גלידות,IL,לה קרמריה סורבה תות,מיליליטרים,1400.00,"100 מ""ל",false,,22.90,1.6357,true,1,70252
7290106577282,false,טחינה אמיתית מרובע 400 ג' צבר,סלטי צבר,IL,טחינה צבר 400גרם,גרמים,400.00,100 גרם,false,,12.90,3.2250,true,1,69473
7290106577541,false,כרוב אדום מרובע 400 ג' צבר,סלטי צבר,IL,כרוב אדום צבר 400גרם,גרמים,400.00,100 גרם,false,,12.90,3.2250,true,1,69482
7290106578692,false,ביסלי במבה מיקס מהדורת אליפות אסם 80 גרם,פרו מן יו פתרונות אר,IL,במבה ביסלי מיקס 80 ג,גרמים,80.00,100 גרם,false,,4.90,6.1250,true,1,70902
7290106653689,false,לקט לסלט אסייתי שטראוס 350 גרם,שטראוס בריאות ירקות טריי,IL,לקט לסלט אסייתי שטרא,גרמים,350.00,100 גרם,false,,12.90,3.6857,true,1,92082
7290106656734,false,"עוגיות חיוכים וניל עלית 600 גרם בד""צ",אפיפית נצרת תעשיות ב,IL,עוגיות חיוכים וניל ב,גרמים,600.00,100 גרם,false,,18.90,3.1500,true,1,70775
7290106658479,false,עלית וופל בטעם טורטית אגוזים 360גר,"שטראוס גרופ בע""\מ",IL,טורטית מגדים 40גר,גרמים,40.00,100 גרם,false,,4.90,12.2500,true,1,77155
7290106662964,false,עלית סוכריות נוסטלגיה גומי יין 100גר,טופגאם תעשיות ממתקים,IL,סוכריות נוסטלגיה גומ,גרמים,100.00,100 גרם,false,,5.90,5.9000,true,1,73497
7290106663091,false,"לאבנה 9 % עם שמן זית 500 גר' ""שטראוס""",הדקלאים אגודת שיתופי,IL,לאבנה 9 % 500 גר שטר,גרמים,500.00,100 גרם,false,,19.20,3.8400,true,1,75105
7290106663503,false,קונפיטורה לייט תות יד מרדכי 230 גרם,אף.סי תבליני בגליל ב,IL,קונפיטורת לייט תות י,גרמים,250.00,100 גרם,false,,13.90,5.5600,true,1,72099
7290106664067,false,לאבנה עם שמן זית וזעתר 10% שטראוס 400 ג',הדקלאים אגודת שיתופי,IL,לאבנה שמן זית וזעתר,גרמים,400.00,100 גרם,false,,15.50,3.8750,true,1,75106
7290106664555,false,"רוטב שמנת עם עגבניות 9% שומן 250 מ""ל יוטבתה",שטראוס גרופ,IL,רוטב שמנת עם עגבניות,מיליליטרים,250.00,"100 מ""ל",false,,10.90,4.3600,true,1,74879
7290106664562,false,רוטב שמנת עם פטריות 9% שומן 258 ג' יוטבתה,שטראוס גרופ,IL,רוטב שמנת עם פטריות,מיליליטרים,250.00,"100 מ""ל",false,,10.90,4.3600,true,1,72919
7290106667266,false,"דוריטוס חמוץ חריף 185 גרם ""עלית""","שטראוס פריטו ליי בע""\מ )",IL,דוריטוס חמוץ חריף 18,גרמים,185.00,100 גרם,false,,8.30,4.4865,true,1,76419
7290106668577,false,"מיץ לימון טיבעי 250 מ""ל יד מרדכי",האי נאם סי או אל.טי.,IT,מיץ לימון טבעי 250 מ,מיליליטרים,250.00,"100 מ""ל",false,,8.90,3.5600,true,1,95869
7290106668713,false,יוגורט עם פירות יער 3% שומן 150 ג' דנונה,מיוצר עי קונדיטוריית,IL,דנונה פירות יער 3% 1,גרמים,150.00,100 גרם,false,,3.90,2.6000,true,1,74220
7290106669857,false,קפסולות אספרסו בטעם וניל עלית 10 יחידות,הנסיך- מפעל לייצור ט,IL,קפסולות אספרסו בטעם,גרמים,50.00,100 גרם,false,,18.90,37.8000,true,1,92491
7290106720626,false,צ'יטוס קראנצ' בטעם גבינה - חלבי,"שטראוס פריטו ליי בע""\מ )",IL,ציטוס קראנצ בטעם גבי,גרמים,80.00,100 גרם,false,,4.90,6.1250,true,1,92966
7290106721913,false,מסטיק מאסט MUST ללא סוכר בטעם מנטה מרעננת,"שטראוס גרופ בע""מ",IL,מסטיק מאסט ריח פה צ',גרמים,66.00,100 גרם,false,,10.90,16.5152,true,1,73503
7290106721920,false,צנצנת מסטיק מאסט בטעם ספירמינט עדין 66 ג' עלית,"שטראוס גרופ בע""\מ.",IL,מסטיק מאסט ספירימינט,גרמים,66.00,100 גרם,false,,10.90,16.5152,true,1,73504
7290106723689,false,עלי תרד בייבי שטראוס 200 גרם,שטראוס בריאות ירקות טריי,IL,עלי תרד בייבי שטראוס,גרמים,200.00,100 גרם,false,,11.90,5.9500,true,1,72073
7290106725867,false,"סירופ מייפל טבעי 189 מ""ל ""יד מרדכי""",קוסלסי פוד,CA,*מבצע* סירופ מייפל ט,מיליליטרים,189.00,"100 מ""ל",false,,25.90,13.7037,true,1,75379
7290106726178,false,יוגורט PRO עם פירות יער 2.4% 10 גרם חלבון בגביע,מיוצר עי קונדיטוריית,IL,דנונה WOW פירות יער,מיליליטרים,150.00,"100 מ""ל",false,,4.90,3.2667,true,1,75111
7290106727984,false,"כיף כף פצפצים בגביע 135 גרם ""עלית""",שולן צ'\יקולטה גידה סאן.,TR,כיף כף גביע פצפצים 1,גרמים,135.00,100 גרם,false,,11.90,8.8148,true,1,89442
7290107280013,false,"חמישיית מגבונים ל.מבושם ""ליטופים""",טרופיקל דגיל קוסמטיק,IL,מגבוני ליטופים חמישי,יח',5.00,יח',false,,21.90,4.3800,true,1,105388
7290107280020,false,שלישיית מטליות לחות לניקוי כללי סנו סושי 50 יחידות,טרופיקל דגיל- תעשיות,IL,מגבוני ניקוי כללי סנ,יחידה,0.00,יחידה,false,,21.90,0.0000,true,1,105389
7290107280037,false,מטלית לחות עבות לניקוי סנו סושי מארז 50יח',דינאמיק תעשיות,IL,מטליות לחות סנו סושי,יח',50.00,יח',false,,10.90,0.2180,true,1,68819
7290107280099,false,שלישיית מגובנים נשטפים באסלה סופט סוד 48 יחידות,טרופיקל דגיל- תעשיות,IL,מגבוני טואלט סופט של,יחידה,0.00,יחידה,false,,19.90,0.0000,true,1,112620
7290107280341,false,ריצפז מטליות לחות לניקוי הרצפה בניחוח מלון מפנק,"סנו מפעלי ברונוס סע""",IL,ריצפז מטליות לחות לנ,יחידה,0.00,יחידה,false,,13.90,0.0000,true,1,112361
7290107280549,false,"סנו - K400 קוטל זבובים ויתושים 300 מ""ל","סנו מפעלי ברונוס בע""מ",IL,K-400 קוטל חרקים וזו,יחידה,0.00,יחידה,false,,14.90,0.0000,true,1,76681
7290107280563,false,ג'ל אוקסיג'ן בייבי סנו 3 ליטר,"איי, בי, אינבוו",IL,סנו אוקסיגן בייבי 3ל,מיליליטרים,3000.00,"100 מ""ל",false,,33.90,1.1300,true,1,71835
7290107280570,false,סנו - מקסימה ג'ל כביסה מרוכז לכביסה צבעונית 3 ליטר,מיוצר עי קונדיטוריית,IL,סנו מקסימה גל לכביסה,ליטרים,3.00,ליטר,false,,33.90,11.3000,true,1,71837
7290107280587,false,שלישיית סנובון מוצק דאבל אקשן פריחה ורודה 55 גרם,סנו מפעלי ברונו בעמ,IL,סנובון דאבל אקשן בני,יחידה,0.00,יחידה,false,,13.90,0.0000,true,1,75333
7290107280662,false,"סנו מקסימה בייבי אבקת לכביסה 1.25 ק""ג",סנו מקסימה,IL,סנו מקסימה אבקת כביס,קילוגרמים,1.25,"ק""ג",false,,14.90,11.9200,true,1,74714
7290107280709,false,"סנו ספארק נוזל הברקה למדיח 700 מ""ל","סנו מפעלי ברונוס בע""\מ",IL,סנו ספארק נוזל הברקה,מיליליטרים,900.00,"100 מ""ל",false,,15.90,1.7667,true,1,72417
7290107280747,false,נוזל לניקוי כלים סנו ספארק Spark קלאסי,סנו כימיקלים,IL,ספארק נוזל לניקוי כל,מיליליטרים,700.00,"100 מ""ל",false,,10.90,1.5571,true,1,72421
7290107341356,false,כבל אייפון imx,,,כבל אייפון IMX,יחידה,0.00,יחידה,false,,19.90,0.0000,true,1,127896
7290107645584,false,אבקת מרק עוף אמיתי רכיבים טבעיים 400 גרם - רבנות,יוניליוור ישראל מזון בע\,IL,מרק עוף אמיתי קנור ר,גרמים,400.00,100 גרם,false,,25.90,6.4750,true,1,98132
7290107646062,false,אבקת מרק בצל רכיבים טבעיים קנור 400 ג',יוניליוור ישראל מזון בע\,IL,מרק בצל רכיבים טבעיי,גרמים,400.00,100 גרם,false,,25.90,6.4750,true,1,96889
7290107646918,false,רוטב עגבניות ופלפלים לשקשוקה 415 ג' קנור,קונסורזיו קאסאלאסקו דל פ,IT,רוטב עגבניות ופלפלים,גרמים,415.00,100 גרם,false,,11.90,2.8675,true,1,95042
7290107647854,false,"שוגי מופחת סוכר תלמה 500 ג' בד""צ",יוניליוור ישראל מזון בעמ,IL,שוגי בדצ 500 גר,גרמים,500.00,100 גרם,false,,21.90,4.3800,true,1,94851
7290107871297,false,אוסם - מיני פריכונים עשבי תיבול 25 גרם,"פרח תעשיות מזון בע""מ.",IL,פירכונים מיני עשבי ת,גרמים,25.00,100 גרם,false,,4.50,18.0000,true,1,72604
7290107871990,false,"פסטה צינורות 500 גרם ""אסם""",פסטה זארה,IT,פסטה צינורות אסם 500,גרמים,500.00,100 גרם,false,,6.90,1.3800,true,1,71501
7290107874427,false,אוסם - מיני פריכונים זעתר 25 גרם,"פרח תעשיות מזון בע""מ.",IL,פריכונים מיני זעתר א,גרמים,25.00,100 גרם,false,,4.50,18.0000,true,1,72606
7290107874441,false,פריכונים מיני בצל מקורמל 25 גרם אסם,"פרח תעשיות מזון בע""מ.",IL,פריכונים מיני בצל מק,גרמים,25.00,100 גרם,false,,4.50,18.0000,true,1,72607
7290107875400,false,גלידה לה קרמריה פיסטוק מוקה 1.4 ל' נסטלה,גלידות נסטלה )נגה גלידות,IL,לה קרמריה פיסטוק מוק,מיליליטרים,1400.00,"100 מ""ל",false,,22.90,1.6357,true,1,72363
7290107875820,false,קרוטונים אפויים בתיבול ביתי אוסם 180 ג',עינת תעשיות מזון,IL,קרוטונים אפויים בתיב,גרמים,180.00,100 גרם,false,,12.90,7.1667,true,1,94307
7290107879569,false,קרחון לה פרוטה שרבט מנגו מאגדת 5יח',גלידות נסטלה )נגה גלידות,IL,מאגדת לה פרוטה מנגו,יחידה,0.00,יחידה,false,,26.90,0.0000,true,1,76228
7290107930321,false,קונפיטורת יד מרדכי דובדובן 340 גרם,"בית אל מזון בע""מ",IL,קונפיטורת דובדבן יד,גרמים,340.00,100 גרם,false,,13.90,4.0882,true,1,74565
7290107932080,false,חלב מועשר יוטבתה בבקבוק 3% 1 ליטר,מחלבת יטבתה,IL,חלב 3% מועשר בבקבוק,מיליליטרים,1000.00,"100 מ""ל",false,,7.90,0.7900,true,1,75084
7290107932134,false,חלב מועשר יוטבתה בבקבוק 1% 1 ליטר,מחלבת יטבתה,IL,חלב מועשר 1% בבקבוק,מיליליטרים,1000.00,"100 מ""ל",false,,7.90,0.7900,true,1,75077
7290107933155,false,לקט סלנובה שטראוס 200 גרם,שטראוס בריאות ירקות טריי,IL,לקט סלנובה 200גר,גרמים,200.00,100 גרם,false,,14.90,7.4500,true,1,76054
7290107934473,false,שמינייה יוגורט לבן אקטיביה 1.5% דנונה 150 גרם,"שטראוס גרופ בע""\מ",IL,אקטיביה מארז שמינייה,גרמים,1200.00,100 גרם,false,,21.90,1.8250,true,1,74718
7290107936309,false,דנונה יוגורט 7% יווני לבן 130 ג',"שטראוס בריאות בע""מ",IL,דנונה יווני לבן 130ג,גרמים,130.00,100 גרם,false,,3.70,2.8462,true,1,90047
7290107936958,false,עד חצות ביסקוויט אצבעות שוקולד 125 גרם,ביסקוויטס טור ד'\אלבון,FR,עד חצות ביסקוויט אצב,גרמים,125.00,100 גרם,false,,11.70,9.3600,true,1,94887
7290107936965,false,עיגולים עד חצות עם שוקולד חלב 225 גר,ביסקווטרי עוגיות סנט,FR,עד חצות ביסקוויט עיג,גרמים,225.00,100 גרם,false,,14.90,6.6222,true,1,94890
7290107937542,false,משקה יוגורט אקטיביה עם תות 1.2% שומן,מיוצר עי קונדיטוריית,IL,אקטיביה משקה תות 1.2,גרמים,265.00,100 גרם,false,,5.40,2.0377,true,1,76758
7290107937627,false,מסטיק מאסט Must קוביות ללא סוכר בטעם מנטה עדינה,אסקום קונפקשיין,DE,מסטיק מאסט קוביות ספ,גרמים,58.00,100 גרם,false,,10.90,18.7931,true,1,90071
7290107937856,false,קפסולות 11חזק למכונות נספרסו עלית 10יח',הנסיך- מפעל לייצור ט,IL,קפסולות עלית מס 11 ל,יחידה,0.00,יחידה,false,,18.90,0.0000,true,1,89840
7290107938396,false,שמיניית אקטימל תות דיסני בנים 108 גרם,מיוצר עי קונדיטוריית,IL,אקטימל תות שמינייה ב,גרמים,864.00,100 גרם,false,,21.90,2.5347,true,1,77138
7290107939027,false,גזר דק דק שטראוס 250 גרם,שטראוס בריאות ירקות טריי,IL,גזר דק דק ירקות שטרא,גרמים,250.00,100 גרם,false,,6.90,2.7600,true,1,91757
7290107940030,false,חומוס אחלה 650 גרם,שטראוס גרופ,IL,*מבצע* חומוס אחלה 65,גרמים,650.00,100 גרם,false,,7.90,1.2154,true,1,96585
7290107940467,false,אקטיביה יוגורט 1.5% שומן 200 ג' דנונה,מיוצר עי קונדיטוריית,IL,אקטיביה יוגורט קרמי,גרמים,200.00,100 גרם,false,,3.90,1.9500,true,1,77141
7290107941259,false,"עדשים ירוקות מבושלות 475 גרם ""טעם הטבע",הורקסה לס לגונס דה ס,ES,עדשים ירוקות מבושלות,גרמים,475.00,100 גרם,false,,10.90,2.2947,true,1,91758
7290107941266,false,שעועית אדומה מבושלת שטראוס 475 גרם,הורקסה לס לגונס דה ס,ES,שעועית אדומה מבושלת,גרמים,475.00,100 גרם,false,,14.90,3.1368,true,1,91759
7290107941273,false,"חומוס מבושל 475 גרם ""טעם הטבע",הורקסה לס לגונס דה ס,ES,חומוס מבושל שטראוס 4,גרמים,475.00,100 גרם,false,,10.90,2.2947,true,1,91760
7290107943192,false,"שמנת חמוצה מהערבה 27% שומן 200 מ""ל יטבתה",מחלבת יטבתה,IL,שמנת חמוצה מהערבה 27,מיליליטרים,200.00,"100 מ""ל",false,,4.40,2.2000,true,1,94866
7290107943369,false,קוואקר שיבולת שועל ללא גלוטן 511 גרם,היידי שוקולד בירונטי,US,קוואקר שיבולת שועל ל,גרמים,511.00,100 גרם,false,,19.90,3.8943,true,1,94602
7290107944472,false,סימפוניה גבינה במרקם שמנת 5% שום שמיר,"שטראוס בריאות בע""\מ",IL,סימפוניה שום שמיר 5%,גרמים,200.00,100 גרם,false,,11.80,5.9000,true,1,90541
7290107945165,false,קונפיטורת משמש יד מרדכי 340 גרם,אף.סי תבליני בגליל ב,IL,קונפיטורת משמש יד מר,גרמים,340.00,100 גרם,false,,13.90,4.0882,true,1,92488
7290107950190,false,מעדן חלב דל קלוריות בטעם שוקולד מריר 0.5% שומן,מיוצר עי קונדיטוריית,IL,מעדן שטראוס דיאט שוק,גרמים,130.00,100 גרם,false,,3.40,2.6154,true,1,90037
7290107950206,false,מעדן חלב דל קלוריות בטעם שוקולד 0% שומן,מיוצר עי קונדיטוריית,IL,מעדן שטראוס דיאט שוק,גרמים,130.00,100 גרם,false,,3.40,2.6154,true,1,90221
7290107954709,false,"קונפיטורת פירות יער ""יד מרדכי"" 340 גר'","ב.א. מזון בע""\מ",IL,קונפיטורת פירות יער,גרמים,340.00,100 גרם,false,,13.90,4.0882,true,1,93935
7290107954976,false,"משקה יטבתה חלבון פרו קפה 350מ""ל",מחלבת יטבתה,DE,משקה חלב יטבתה פרו 3,מיליליטרים,350.00,"100 מ""ל",false,,6.90,1.9714,true,1,94268
7290107956642,false,"תרסיס שמן זית 150 מ""ל יד מרדכי כשלפ",פארייפאבה אגרואינדוס,ES,"תרסיס שמן זית 150 מ""",מיליליטרים,150.00,"100 מ""ל",false,,17.90,11.9333,true,1,96694
7290107956895,false,קפסולות 07 אספרסו בטעם קרמל עלית 10יח',שטראוס קפה בי.וי.,IL,קפסולות אספרסו בטעם,גרמים,50.00,100 גרם,false,,18.90,37.8000,true,1,96877
7290107956901,false,קפסולות בטעם אגוזים למכונת נספרסו עלית 10 יחידות,שטראוס קפה בי.וי.,IL,קפסולות אספרסו בטעם,גרמים,150.00,100 גרם,false,,18.90,12.6000,true,1,95259
7290107956925,false,קפסולות 13 אוגנדה למכונת נספרסו עלית 10יח',שטראוס קפה בי.וי.,IL,קפסולות אוגנדה מס 13,יחידה,0.00,יחידה,false,,18.90,0.0000,true,1,98429
7290107957991,false,מילקי CAKE מיניס קרם חלב בציפוי שוקולד חלב שקית 16X9ג',בובארד איטליה אס.פי.איי,IT,מארז מילקי מיניס קיי,גרמים,144.00,100 גרם,false,,14.90,10.3472,true,1,98204
7290107958035,false,יוגורט במתיקות מעודנת 2% ללא תוספת סוכר- מארז 8 יח,"שטראוס בריאות בע""\מ",IL,דנונה מארז שמינייה מ,גרמים,1200.00,100 גרם,false,,19.90,1.6583,true,1,95274
7290107958639,false,"מטבוחה מרוקאית חריפה 400 גרם ""אחלה""",מיוצר עי קונדיטוריית,IL,מטבוחה מרוקאית חריפה,גרמים,400.00,100 גרם,false,,15.90,3.9750,true,1,95275
7290107973311,false,קולגייט מברשת שיניים 360 פחם זהב זוג,הנסיך- מפעל לייצור ט,CN,מברשת קולגייט 360 פח,יחידה,0.00,יחידה,false,,33.90,0.0000,true,1,139971
7290107973861,false,מאסטר שף עגבניות קצוצות דק שלישיה 400ג*3 כשלפ,קונסרזיו קאסאלאסקו ד,IT,עגבניות קצוצות דק מא,גרמים,1200.00,100 גרם,false,,16.90,1.4083,true,1,90244
7290107974820,false,ממרח בטעם ספייסי מיונז מאסטר שף 250 גרם,רמיה סי.וי.הולנד,NL,ממרח מתובל ספייסי מא,גרמים,250.00,100 גרם,false,,8.90,3.5600,true,1,90239
7290107974837,false,מנה מאסטר שף ממרח מתובל שום 246 גר,רמיה סי.וי.הולנד,NL,ממרח מתובל שום מאסטר,גרמים,250.00,100 גרם,false,,8.90,3.5600,true,1,90240
7290107978453,false,חטיף בטעם גריל קראנצ,קראנצ'וס,IL,קראנצוס גריל 55 גרם,גרמים,55.00,100 גרם,false,,4.30,7.8182,true,1,94801
7290108201864,false,קולון קפסולות גל לכביסה 28 יחידות,רקיט בנקיזר,PL,קולון קפסולות לכביסה,יחידה,0.00,יחידה,false,,27.90,0.0000,true,1,120098
7290108350142,false,"שקיות רב שימושיות גדולות 25*35 ס""מ סנו סושי 270 יחידות",אשפלסט תעשיות,IL,שקיות סנו סושי רב שי,יח',270.00,יח',false,,14.90,0.0552,true,1,73980
7290108350623,false,מרכך כביסה סופר מרוכז סופט סילק מקסימה 1 ל' סנו,"סנו מפעלי ברונוס בע""\מ",IL,סנו מקסימה סופט סילק,מיליליטרים,1000.00,"100 מ""ל",false,,18.90,1.8900,true,1,76918
7290108351507,false,מרכך כביסה אינספרישיין סנו מקסימה 4 ליטר,סנו מקסימה,IL,סנו מקסימה מרכך כביס,ליטרים,4.00,ליטר,false,,23.90,5.9750,true,1,98818
7290108351514,false,מרכך כביסה בלו בלוסום סנו מקסימה 4 ליטר,סנו מקסימה,IL,סנו מקסימה מרכך כביס,ליטרים,4.00,ליטר,false,,23.90,5.9750,true,1,91285
7290108351552,false,"סנו - ג'ט לניקוי כללי בתוספת חומץ בניחוח לבנדר 750 מ""ל","סנו מפעלי ברונוס בע""\מ",IL,סנו ג'ט פלוס עם חומץ,מיליליטרים,750.00,"100 מ""ל",false,,13.90,1.8533,true,1,95324
7290108351583,false,"סנו - ג'ט פלוס חומץ ג'ל לניקוי אסלות לבנדר 750 מ""ל",טרופיקל דגיל תעשיות,IL,סנו גט+לניקוי אסלות,מיליליטרים,750.00,"100 מ""ל",false,,13.90,1.8533,true,1,97555
7290108351613,false,סנו ריצפז פרש הום 2 ליטר בניחוח מלון חלומי,"סנו מפעלי ברונוס בע""\מ",IL,ריצפז פרש הום בניחוח,ליטרים,2.00,ליטר,false,,24.90,12.4500,true,1,95336
7290108351699,false,סנו - ג'ט מטליות לחות לניקוי כללי בתוספת חומץ לבנדר שלישיה,סנו מפעלי ברונוס על,IL,מגבוני ניקוי ג'ט +חו,יחידה,0.00,יחידה,false,,21.90,0.0000,true,1,112352
7290108351804,false,מרכך כביסה סופר מרוכז Gentl Breeze סנו מקסימה 1 ליטר,מיוצר עי קונדיטוריית,IL,סנו מקסימה סופר מרוכ,מיליליטרים,1000.00,"100 מ""ל",false,,18.90,1.8900,true,1,103115
7290108351811,false,מרכך כביסה סופר מרוכז Floral touch סנו מקסימה 1 ליטר,מיוצר עי קונדיטוריית,IL,סנו מקסימה סופר מרוכ,מיליליטרים,1000.00,"100 מ""ל",false,,18.90,1.8900,true,1,103116
7290108351835,false,מרכך כביסה Pure Sensation סנו מקסימה 4 ליטר,מיוצר עי קונדיטוריית,IL,סנו מקסימה מרכך כביס,מיליליטרים,4000.00,"100 מ""ל",false,,23.90,0.5975,true,1,112362
7290108351972,false,סנופרש הום מבשם לבית בניחוח מלון בוטיק,מיוצר עי קונדיטוריית,IL,מטהר אוויר מלון בוטי,יחידה,0.00,יחידה,false,,13.90,0.0000,true,1,112867
7290108351989,false,סנופרש הום מבשם לבית בניחוח מלון מפנק,מיוצר עי קונדיטוריית,IL,מטהר אוויר מלון מפנק,יחידה,0.00,יחידה,false,,13.90,0.0000,true,1,112868
7290108352009,false,סנו ספארק קפסולות למדיח כלים 50 יחידות,טרופיקל דגיל תעשיות,PL,סנו ספארק טבליות למד,יחידה,0.00,יחידה,false,,45.90,0.0000,true,1,113484
7290108352108,false,משחת שיניים אורביטול רעננות חריפה 145 גר,טרופיקל דגיל תעשיות קוסמ,IL,אורביטול שוקינג פרש,גרמים,145.00,100 גרם,false,,14.90,10.2759,true,1,127038
7290108352207,false,מקסימה 40 קפסולות לכביסה בניחוח fresh burst,"גליל כימיקלים, א.ת. צפונ",IL,סנו מקסימה 40 קפסולו,יח',40.00,יח',false,,34.90,0.8725,true,1,120610
7290108352214,false,סנו - מקסימה קפסולות כביסה בניחוח בריזה מרעננת 40 יח',טרופיקל דגיל תעשיות,IL,סנו מקסימה 40 קפסולו,יח',40.00,יח',false,,34.90,0.8725,true,1,120611
7290108352221,false,סנופרש הום מבשם נוזלי בניחוח מלון מפנק,סנו מפעלי ברונוס בעמ,IL,סנו פרש הום מלון מפנ,מיליליטרים,350.00,"100 מ""ל",false,,14.90,4.2571,true,1,120267
7290108352269,false,סנו מטליות לחיטוי ולניקוי בדלי 400 יחידו,החברה הדרומית,IL,דלי מטליות לחיטוי ול,יחידה,0.00,יחידה,false,,34.90,0.0000,true,1,120121
7290108352276,false,מגבונים לניקוי וחיטוי יסודי לרצפה 10 יח 99.9%,"סנו מפעלי ברונס בע""\מ",IL,מטליות לחיטוי וניקוי,יחידה,0.00,יחידה,false,,16.90,0.0000,true,1,120118
7290108352337,false,"סנו - פרש מילוי למטהר אוויר מלון מפנק 250 מ""ל",מיוצר עי קונדיטוריית,IL,סנו פרש הום אוטומטיק,מיליליטרים,250.00,"100 מ""ל",false,,16.90,6.7600,true,1,120271
7290108352399,false,ריצפז פרש הום בניחוח מרכך כביסה פלורל טאצ',"סנו מפעלי ברונוס בע""\מ",IL,ריצפז פרש הום בניחוח,מיליליטרים,2000.00,"100 מ""ל",false,,24.90,1.2450,true,1,138593
7290108352412,false,"סנו - פרש הום מבשם לבית ולטקסטיל ורד אנגלי ועלים 300 מ""ל",מיוצר עי קונדיטוריית,IL,סנו פרש הום בניחוח ר,מיליליטרים,300.00,"100 מ""ל",false,,13.90,4.6333,true,1,127040
7290108352672,false,צמד מטליות הפלא לרצפה מיקרפייבר סנו סושי,סנו מפעלי ברונוס.,CN,מטלית הפלא לריצפה סנ,יחידה,0.00,יחידה,false,,21.90,0.0000,true,1,112863
7290108352825,false,ספוג הפלא נירוסטה סנו סושי 3יח',ltdn s.k.a.tסנו מפעלי בר,CN,ספוג הפלא נירוסטה סנ,יחידה,0.00,יחידה,false,,10.90,0.0000,true,1,112865
7290108353068,false,ספוג הפלא נירוסטה עם סיבי קירצוף סנו סושי 2 יח',מיוצר עי קונדיטוריית,CN,כריות סיבי הירוסטה ס,יחידה,0.00,יחידה,false,,10.90,0.0000,true,1,112866
7290108353334,false,"שמפו למניעת קשקשים עם שמן עץ התה ואסאי 700 מ""ל כיף",קוסמופארם בעמ,IL,כיף שמפו למניעת קשקש,מיליליטרים,700.00,"100 מ""ל",false,,13.90,1.9857,true,1,112590
7290108353686,false,מטלית חלומית לרצפה סנו סושי 1 יחידה,נינגבו סנבנג,CN,מטלית חלומית לרצפה ס,יחידה,0.00,יחידה,false,,10.90,0.0000,true,1,128974
7290108353778,false,"נקה 7 - תחליב רחצה שוודיה בניחוח פיטנגו 750 מ""ל","אמיליה קוסמטיקס בע""מ",IL,נקה 7 תחליב רחצה - נ,מיליליטרים,750.00,"100 מ""ל",false,,12.90,1.7200,true,1,128043
7290108353785,false,תחליב רחצה נקה 7 מרוקו בניחוח טונקה 750,"אמיליה קוסמטיקס בע""מ",IL,נקה 7 תחליב רחצה ריט,מיליליטרים,750.00,"100 מ""ל",false,,12.90,1.7200,true,1,128953
7290108354034,false,"סבון ידיים קרמה חמאת שיאה וקוקוי 300 מ""ל",טרופיקל דגיל תעשיות,IL,קרמה סבון ידיים חמאת,מיליליטרים,300.00,"100 מ""ל",false,,11.90,3.9667,true,1,128039
7290108354065,false,קרמה מן גל רחצה פילינג 700 מל לגבר,קוסמופארם בע'\'\מ,IL,קרמה מן ג'ל רחצה פיל,מיליליטרים,700.00,"100 מ""ל",false,,17.90,2.5571,true,1,139150
7290108354270,false,מרכך כביסה מרוכז בבישום עוצמתי 1 ל' סנו מקסימה,מיוצר עי קונדיטוריית,IL,מקסימה מרכך כביסה מר,מיליליטרים,1000.00,"100 מ""ל",false,,18.90,1.8900,true,1,137809
7290108354355,false,סנו מגבוני היגיינים לניקוי הידיים 70 % אלכוהול 20 יח',דן - מור חומרי טבע וכימי,IL,סנו מארז מגבונים הג,יחידה,0.00,יחידה,false,,10.90,0.0000,true,1,127035
7290108354430,false,"שמפו כיף לשיקום והזנה שמן קוקוס וקרטין 700 מ""ל",קוסמופארם בעמ,IL,כיף שמפו לשיער שמן ק,מיליליטרים,700.00,"100 מ""ל",false,,13.90,1.9857,true,1,128975
7290108354614,false,"מרכך בניחוח מי קקטוס ושמן באבאסו 750 מ""ל נקה 7","אמיליה קוסמטיקס בע""מ",IL,נקה 7 מרכך ביו 750מל,מיליליטרים,750.00,"100 מ""ל",false,,12.90,1.7200,true,1,140119
7290108354911,false,"שמפו, ג'ל רחצה וגילוח מועשר בתמצית אלוורה",טרופיקל דגיל תעשיות,IL,קרמה מן 3 ב-1 -שמפו,מטרים,700.00,100 מ'ל,false,,17.90,2.5571,true,1,113485
7290108354973,false,"סבון ידיים קרמה ורד ווניל 300 מ""ל",טרופיקל דגיל תעשיות,IL,קרמה סבון ידיים ורד,מיליליטרים,300.00,"100 מ""ל",false,,11.90,3.9667,true,1,128040
7290108355024,false,"נקה 7 שמפו ומרכך לילדים מיניונים 750 מ""ל",קוסמופארם בע'\'\מ,IL,נקה 7 קידס שמפו+מרכך,מיליליטרים,750.00,"100 מ""ל",false,,11.90,1.5867,true,1,76676
7290108355307,false,"נקה 7 - שמפו סירוק קל רוזמרין 750 מ""ל",גוד פוד פרודקטס S.p,IL,נקה 7 שמפו סירוק קל,מיליליטרים,750.00,"100 מ""ל",false,,11.90,1.5867,true,1,112632
7290108356106,false,כיף תחליב רחצה חלב שקדים 700 מל,החברה הדרומית,IL,כיף תחליב רחצה שקד 7,מיליליטרים,700.00,"100 מ""ל",false,,13.90,1.9857,true,1,99092
7290108356113,false,"כיף תחליב רחצה דבש 700 מ""ל-מרכז",קוסמופארם בעמ,IL,כיף תחליב רחצה דבש 7,מיליליטרים,700.00,"100 מ""ל",false,,13.90,1.9857,true,1,99093
7290108356120,false,"תחליב רחצה כיף קוקוס וניל 700 מ""ל",קוסמופארם,IL,כיף תחליב רחצה קוקוס,מיליליטרים,700.00,"100 מ""ל",false,,13.90,1.9857,true,1,99094
7290108356137,false,"כיף - תחליב רחצה לבנדר 700 מ""ל",קוסמופארם,IL,כיף תחליב רחצה לבנדר,מיליליטרים,700.00,"100 מ""ל",false,,13.90,1.9857,true,1,99095
7290108356151,false,"תחליב רחצה כיף מאסק יסמין 700 מ""ל",גוד פוד פרודקטס S.p,IL,כיף תחליב רחצה מאסק,מיליליטרים,700.00,"100 מ""ל",false,,13.90,1.9857,true,1,99096
7290108356359,false,"קרמה - מן קרם לחות לגוף לאחר גילוח 400 מ""ל",קוסמופארם בעמ,IL,קרמה מן קרם לחות לגו,מיליליטרים,400.00,"100 מ""ל",false,,25.90,6.4750,true,1,113486
7290108356519,false,קרליין שמפו 10למניעת קשקשים 700מל,"קוסמופארם בע""\מ",IL,קרליין שמפו 10 לשיער,מיליליטרים,700.00,"100 מ""ל",false,,14.90,2.1286,true,1,138910
7290108356540,false,קרוליין 10 שמפו לשיער צבוע 700 מל,"קוסמופארם בע""\מ",IL,קרליין שמפו 10 לשיער,מיליליטרים,700.00,"100 מ""ל",false,,14.90,2.1286,true,1,138913
7290108357004,false,כיף שמפו ורד ושמן קוקוי לרכות וברק,טרופיקל דגיל תעשיות,IL,כיף שמפו לשיער ורד ו,מיליליטרים,700.00,"100 מ""ל",false,,13.90,1.9857,true,1,112363
7290108357011,false,כיף קונדישינר לשיער שמן קוקוי 700 מל,טרופיקל דגיל תעשיות,IL,כיף מרכך לשיער ורד ו,מיליליטרים,700.00,"100 מ""ל",false,,13.90,1.9857,true,1,112364
7290108357240,false,"אוקסיג'ן פאוור תוסף להסרת כתמים קשים 1.4 ק""ג",החברה הדרומית,IL,סנו אוקסיג'ן פאוור א,גרמים,1400.00,100 גרם,false,,29.90,2.1357,true,1,138921
7290108357264,false,"פרש אוטומטי מילוי בניחוח מרכך הכביסה אולטרה 375 מ""ל סנו",סנו מפעלי ברונוס בעמ,IL,פרש אוטומטי מילוי או,מיליליטרים,250.00,"100 מ""ל",false,,16.90,6.7600,true,1,140122
7290108357288,false,אקונומיקה ז'אוול בניחוח פריחה לבנה 4 ל' סנו,סנו ז'אוול Javel,IL,אקונומיקה סנו ז'אוול,ליטרים,4.00,ליטר,false,,17.90,4.4750,true,1,139137
7290108357295,false,"מרסס אוקסיג'ן מסיר כתמים סנו לכביסה לבנה 750 מ""ל",החברה הדרומית,IL,סנו אוקסיגן מסיר כתמ,מיליליטרים,750.00,"100 מ""ל",false,,18.90,2.5200,true,1,140121
7290108357301,false,"סנו - K300 קוטל חרקים תיקנים ונמלים 300 מ""ל","סנו מפעלי ברונוס בע""\מ",IL,סנו 300-K קוטל נמלים,מיליליטרים,300.00,"100 מ""ל",false,,14.90,4.9667,true,1,139209
7290108357707,false,"כיף שמפו לשיער רגיל- תפוח זרעי צ'יה 700 מ""ל",גוד פוד פרודקטס S.p,IL,כיף שמפו לשיער רגיל,מיליליטרים,700.00,"100 מ""ל",false,,13.90,1.9857,true,1,99744
7290108357714,false,"כיף שמפו לשיער יבש -רימונים ושמן ארגן 700 מ""ל",גוד פוד פרודקטס S.p,IL,כיף שמפו לשיער יבש ר,מיליליטרים,700.00,"100 מ""ל",false,,13.90,1.9857,true,1,99745
7290108357769,false,"מרכך לשיער רגיל תפוח וזרעי צ'יה 700 מ""ל כיף",גוד פוד פרודקטס S.p,IL,כיף מרכך לשיער רגיל,מיליליטרים,700.00,"100 מ""ל",false,,13.90,1.9857,true,1,99747
7290108357776,false,"כיף מרכך לשיער יבש -רימונים ושמן ארגן 700 מ""ל",גוד פוד פרודקטס S.p,IL,כיף מרכך לשיער יבש ר,מיליליטרים,700.00,"100 מ""ל",false,,13.90,1.9857,true,1,99748
7290108357875,false,"כיף - שמפו לחות מוגברת עם אפרסק וחמאת מורומורו 700 מ""ל",קוסמופארם בעמ,IL,כיף שמפו לחות מוגברת,מיליליטרים,700.00,"100 מ""ל",false,,13.90,1.9857,true,1,139134
7290108357882,false,"כיף - מרכך לחות מוגברת עם אפרסק וחמאת מורומורו 700 מ""ל",קוסמופארם בעמ,IL,כיף מרכך לחות מוגברת,מיליליטרים,700.00,"100 מ""ל",false,,13.90,1.9857,true,1,139135
7290108358124,false,דפי בישום לחים למייבש הכביסה בניחוח מרכך כביסה 20 יח' מקסימה,טרופיגל דגיל תעשיות קוסמ,IL,מקסימה דפי בישום לחי,יח',20.00,יח',false,,13.90,0.6950,true,1,141214
7290108359183,false,שקית אשפה חזקות 70*50 60 יח' סנו סושי,סנו סושי,IL,שקיות אשפה עם ידית 6,יחידה,0.00,יחידה,false,,25.90,0.0000,true,1,140508
7290108359190,false,סנו סושי מגבות נייר בגליל כפול פי 3,סנו סושי,IL,סנו סושי מגבות הפלא,יחידה,0.00,יחידה,false,,25.90,0.0000,true,1,141629
7290108359831,false,"כיף - בייבי כיף שמן 500 מ""ל","מיוצר ומשווק ע""י קוס",IL,בייבי כיף שמן גוף 5,מיליליטרים,500.00,"100 מ""ל",false,,24.90,4.9800,true,1,98801
7290108359855,false,"שמפו אל דמע בייבי כיף+משאבה 750 מ""ל",גוד פוד פרודקטס S.p,IL,שמפו אל דמע בייבי כי,מיליליטרים,750.00,"100 מ""ל",false,,16.90,2.2533,true,1,98794
7290108359879,false,"אלסבון בייבי כיף+משאבה 750 מ""ל",קוסמופארם בעמ,IL,בייבי כיף אל סבון 7,מיליליטרים,750.00,"100 מ""ל",false,,16.90,2.2533,true,1,98795
7290108359985,false,סנו - ז'אוול מרסס קצף לניקוי וחינו בניחוח פריחה לבנה 1 ליטר,סנו ז'אוול Javel,IL,סנו ז'אוול קצף ניקוי,מיליליטרים,1000.00,"100 מ""ל",false,,19.90,1.9900,true,1,139140
7290108501346,false,גבינה מגורדת גאודה 28% שומן EURO CHEESE ויליפוד 500 גרם,ג. וילי פוד אינטרנשיונל,IL,גבינת גאודה מגורדת 2,גרמים,500.00,100 גרם,false,,25.90,5.1800,true,1,96715
7290108501490,false,גבינת מוצרלה פרוסות 150גרם RO CHEESE,ג.וילי פוד אינטרנשיונל ב,IL,גבינת מוצרלה פרוסות,גרמים,150.00,100 גרם,false,,13.90,9.2667,true,1,98236
7290108501827,false,קדאיף שערות בצק ויליפוד 450 גרם,הנסיך- מפעל לייצור ט,GR,שערות קדאיף בצק 450ג,גרמים,450.00,100 גרם,false,,19.90,4.4222,true,1,97180
7290108502305,false,גבינת גרנה פדנו משולש ויליפוד 150 גרם,וילי פוד,IT,גבינה גרנה פדנו משול,גרמים,150.00,100 גרם,false,,21.90,14.6000,true,1,98821
7290108502763,false,גבינת קממבר ויליפוד 200 גרם,פטוראז',FR,גבינת קממבר 200 גרם,גרמים,200.00,100 גרם,false,,19.90,9.9500,true,1,98231
7290108502862,false,מלפפונים כבושים במלח 18-25 קטנים ויליפוד 600 גרם,זיתור סאן גידה סני וטיקר,TR,מלפפון כבוש במלח 600,גרמים,600.00,100 גרם,false,,9.90,1.6500,true,1,107373
7290108503043,false,תפוחונים חטיף פלחים מיובשים מארז 22X4ג',הביי דונגפנג פוד קו. בעמ,CN,מארז תפוחונים 4*22 ג,גרמים,88.00,100 גרם,false,,15.90,18.0682,true,1,98820
7290108503067,false,פרמז'נו משולש ויליפוד 150 גרם,וילי פוד,IT,פרמזנו משולש 150 גרם,גרמים,150.00,100 גרם,false,,15.90,10.6000,true,1,98824
7290108503159,false,גבינה כחולה עם עובש 31% ויליפוד 100 גרם,קסוס אל פסטור,ES,גבינה כחולה עם עובש,גרמים,100.00,100 גרם,false,,15.90,15.9000,true,1,98825
7290108503975,false,פסטה איטליאנה קנלוני ויליפוד 250 גרם,ויליפוד,IT,קנלוני ויליפוד 250 ג,גרמים,250.00,100 גרם,false,,10.90,4.3600,true,1,100000
7290108503982,false,פרוסות גבינה בטעם צ'דר לכריכים וטוסטים ויליפוד 150 גרם,סנטרל קסרה,ES,פרוסות גבינה 150ג בט,גרמים,150.00,100 גרם,false,,9.90,6.6000,true,1,129120
7290108503999,false,פרוסות גבינה בטעם גאודה לכריכים וטוסטים ויליפוד 150 גרם,סנטרל קסרה,ES,פרוסות גבינה 150ג בט,גרמים,150.00,100 גרם,false,,9.90,6.6000,true,1,129121
7290108504002,false,פרוסות גבינה בטעם צ'דר לכריכים וטוסטים ויליפוד 150 גרם,Euro יורו מחלבות אירופה,ES,פרוסות גבינה לייט150,גרמים,150.00,100 גרם,false,,9.90,6.6000,true,1,129122
7290108504293,false,מנצ'גו צ'אנק ויליפוד 150 גרם,ג.וילי פוד אינטרנשיו,ES,מנצ'גו צ'אנק יורו צי,גרמים,150.00,100 גרם,false,,15.90,10.6000,true,1,100814
7290108505153,false,יוגורט בטעם טבעי 10% שומן ויליפוד 150 גרם,Euro יורו מחלבות אירופה,GR,יוגורט בטעם טבעי 10%,גרמים,150.00,100 גרם,false,,5.90,3.9333,true,1,120515
7290108505160,false,יוגורט עם אגסים 4% שומן ויליפוד 150 גרם,Euro יורו מחלבות אירופה,GR,יוגורט עם אגסים 4% ש,גרמים,150.00,100 גרם,false,,5.90,3.9333,true,1,120517
7290108505177,false,יוגורט עם אננס 0% שומן ויליפוד 150 גרם,Euro יורו מחלבות אירופה,GR,יוגורט עם אננס 0% שו,גרמים,150.00,100 גרם,false,,5.90,3.9333,true,1,120518
7290108505184,false,יוגורט עם קוקוס 5% שומן ויליפוד 150 גרם,Euro יורו מחלבות אירופה,GR,יוגורט עם קוקוס 5% ש,גרמים,150.00,100 גרם,false,,5.90,3.9333,true,1,120523
7290108505191,false,יוגורט עם פצפוצי שוקולד 5% שומן ויליפוד 150 גרם,Euro יורו מחלבות אירופה,GR,יוגורט עם פצפוצי שוק,גרמים,150.00,100 גרם,false,,5.90,3.9333,true,1,120524
7290108505207,false,יוגורט עם אוכמניות 0% שומן ויליפוד 150 גרם,Euro יורו מחלבות אירופה,GR,יוגורט עם אוכמניות 0,גרמים,150.00,100 גרם,false,,5.90,3.9333,true,1,120516
7290108505214,false,יוגורט עם אפרסק 0% שומן ויליפוד 150 גרם,Euro יורו מחלבות אירופה,GR,יוגורט עם אפרסק 0% ש,גרמים,150.00,100 גרם,false,,5.90,3.9333,true,1,120519
7290108505375,false,גולדן צהובה פרוסה ויליפוד 400 גרם,,ES,צהובה פרוסות 400 גרם,גרמים,400.00,100 גרם,false,,19.90,4.9750,true,1,112070
7290108505719,false,גבינת מוצרלה מגורדת EURO CHEESE ויליפוד 200 גרם,סאסו פטוראגס קומטויס אף,TR,גבינת מוצרלה מגורדת,גרמים,200.00,100 גרם,false,,14.90,7.4500,true,1,120511
7290108505740,false,קשקבל גבינה חצי קשה EURO CHEESE ויליפוד 200 גרם,Euro יורו מחלבות אירופה,TR,גבינת קשקבל חצי קשה,גרמים,200.00,100 גרם,false,,14.90,7.4500,true,1,120510
7290108506488,false,סופלה שוקולד קפוא ויליפוד 200 גרם,ארמה גרופ,TR,פינוקים סופלה שוקולד,גרמים,200.00,100 גרם,false,,15.90,7.9500,true,1,120220
7290108506495,false,"כנאפה מאפה בצק ""שערות"" קדאיף וגבינה",ארמה גרופ,TR,פינוקים כנאפה קפוא 1,גרמים,192.50,100 גרם,false,,13.90,7.2208,true,1,120223
7290108506709,false,גבינת פרמג'יאנו רג'יאנו 150 גר' רבנות,וילי פוד,IT,גבינת פרמג'נו רג'אנו,גרמים,150.00,100 גרם,false,,24.90,16.6000,true,1,120512
7290108506969,false,מאפה בורקס מים תורכי גבינה ויליפוד 300 גרם,וילי פוד,TR,מאפה בורקס מים תורכי,גרמים,300.00,100 גרם,false,,10.90,3.6333,true,1,128268
7290108507010,false,מאפה בורקס מים תורכי תרד וגבינה ויליפוד 300 גרם,וילי פוד,TR,מאפה בורקס מים תורכי,גרמים,300.00,100 גרם,false,,10.90,3.6333,true,1,128269
7290108507188,false,כנאפה קפוא אריזה משפחתית 657.5 גרם,ארמה גרופ,TR,כנאפה אריזה משפחתית,גרמים,657.50,100 גרם,false,,29.90,4.5475,true,1,128273
7290108508451,false,"משקה יוגורט טבעי 3.2% שומן יורו 200 מ""ל",Euro יורו מחלבות אירופה,TR,משקה יוגורט טבעי 200,מיליליטרים,293.00,"100 מ""ל",false,,5.90,2.0137,true,1,136249
7290108508499,false,"איירן משקה יוגורט בסגנון טורקי יורו 293 מ""ל",Euro יורו מחלבות אירופה,TR,איירן משקה יוגורט בס,מיליליטרים,293.00,"100 מ""ל",false,,5.90,2.0137,true,1,136248
7290108508963,false,קשקבל מגורדת חצי קשה ויליפוד 200 גרם,Euro יורו מחלבות אירופה,TR,גבינת קשקבל מגורדת ח,גרמים,200.00,100 גרם,false,,14.90,7.4500,true,1,136253
7290108509106,false,גבינה בולגרית מעודנת בקוביות EUROויליפוד 200 גרם,"היצרן: קוליוס אס. איי, ג",TR,גבינה בולגרית מעודנת,גרמים,500.00,100 גרם,false,,12.90,2.5800,true,1,138705
7290108509113,false,"גבינה בולגרית מעודנת 18% שומן 250 גרם חת""ס פ""ת",Euro יורו מחלבות אירופה,TR,גבינה בולגרית מעודנת,גרמים,250.00,100 גרם,false,,12.90,5.1600,true,1,138706
7290109351025,false,מלך החומוס חומוסטחינה 40% טחינה גולמית,סלטי צבר,IL,חומוסטחינה צבר 400גר,גרמים,400.00,100 גרם,false,,14.90,3.7250,true,1,75402
7290109351971,false,פריכיות דגנים פיטנס מצופות שוקולד חלב,פרח תעשיות,IL,פריכיות שוקולד חלב פ,גרמים,84.00,100 גרם,false,,14.90,17.7381,true,1,89372
7290109352916,false,פריכיות דגנים פיטנס מצופות שוקולד לבן,פרח תעשיות,IL,פריכיות שוקולד לבן פ,גרמים,84.00,100 גרם,false,,14.90,17.7381,true,1,89373
7290109354101,false,"לחמית ללא גלוטן 200 גר' ""אסם""","אסם תעשיות בע""מ",IL,לחמית ללא גלוטן אסם,גרמים,200.00,100 גרם,false,,11.90,5.9500,true,1,93961
7290109358260,false,"נקניקיות עם חלבון 600 גר' ""טבעול""",טבעול ישראל,IL,נקניקיות מן הצומח עם,גרמים,600.00,100 גרם,false,,32.90,5.4833,true,1,94372
7290109358482,false,עוגיות קרמוגית במילוי קרם בטעם חלבה,"הגביע מוצרי וופלים בע""\מ",IL,קרמוגית במילוי חלווה,גרמים,200.00,100 גרם,false,,12.70,6.3500,true,1,99207
7290109580043,false,"שניצל תירס קלאסי זוגלובק 1.75 ק""ג",זוגלובק,IL,"שניצל תירס 1.75ק""ג ז",גרמים,1750.00,100 גרם,false,,49.90,2.8514,true,1,128393
7290109580098,false,קבנוס בטעם סרירצ'ה זוגלובק 135 גרם,זוגלובק,IL,קבנוס בטעם סרירצ'ה ז,גרמים,135.00,100 גרם,false,,12.90,9.5556,true,1,138943
7290109580111,false,צלעות אסאדו מעושנות פרימיום זוגלובק 120 גרם,זוגלובק,IL,צלעות אסאדו מעושנות,גרמים,120.00,100 גרם,false,,25.90,21.5833,true,1,138819
7290109580135,false,קורנדביף פרימיום 180 גרם זוגלובק,זוגלובק,IL,קורנדביף 180 גרם פרי,גרמים,180.00,100 גרם,false,,25.90,14.3889,true,1,135309
7290109580166,false,סרוולד קלאסי פרימיום זוגלובק 150 גרם,זוגלובק,IL,סרוולדקלאסי 150ג פרי,גרמים,150.00,100 גרם,false,,25.90,17.2667,true,1,135306
7290109580210,false,נקנקיות ריינהולד'ס הצרפתיה זוגלובק 300 ג',זוגלובק,IL,נקניקיות הצרפתיה ריי,גרמים,300.00,100 גרם,false,,19.90,6.6333,true,1,138561
7290109580227,false,נקניקיות עוף ובקר בסגנון ברלינאי קאריוורסט,זוגלובק,IL,נקניקיות קאריוורסט ר,גרמים,300.00,100 גרם,false,,19.90,6.6333,true,1,138562
7290109580241,false,נאגטס מן הצומח זוגלובק 500 גרם,זוגלובק טבע,IL,נאגטס מן הצומח 500גר,גרמים,500.00,100 גרם,false,,25.90,5.1800,true,1,140075
7290109580432,false,פסטרמה חזה הודו מעושן דק דק זוגלובק 120 גרם,זוגלובק,IL,פסטרמה בדחזה הודו מע,גרמים,120.00,100 גרם,false,,14.90,12.4167,true,1,140073
7290109920146,false,"דורגול מסיר אבנית מקומקומים 750 מ""ל",יעקובי דורגול,CH,דורגול מסיר אבנית 75,מיליליטרים,750.00,"100 מ""ל",false,,20.90,2.7867,true,1,89452
7290109920603,false,"אסטוניש קרם לניקוי המטבח 500 מ""ל",יעקובי אסטוניש,GB,אסטוניש קרם מטבח 500,מיליליטרים,500.00,"100 מ""ל",false,,19.90,3.9800,true,1,96499
7290109920627,false,"אסטוניש קרם ואקונומיקה לניקוי אמבטיות 500 מ""ל",יעקובי אסטוניש,GB,אסטוניש קרם אמבט אקו,מיליליטרים,500.00,"100 מ""ל",false,,19.90,3.9800,true,1,96500
7290109921129,false,מרכך כביסה סופר מרוכז בניחות סיגליות 1 ל' יעקבי,יעקובי הפי,,הפי מרכך כביסה סופר,מיליליטרים,1000.00,"100 מ""ל",false,,10.90,1.0900,true,1,97823
7290109921587,false,רצפות גרניט פורצלן ייבוש מהיר ללא סימנים,וונדפוט,BE,הפי לרצפית גרנית פור,מיליליטרים,1250.00,"100 מ""ל",false,,15.90,1.2720,true,1,106766
7290109921853,false,אסטוניש המשחה המקורית לניקוי עם עוצמה,יעקבי- אסטוניש Astonish,GB,אסטוניש המשחה המקורי,גרמים,150.00,100 גרם,false,,15.90,10.6000,true,1,139156
7290109923079,false,דזיטול נוזל מרוכז לחיטוי כללי ולרצפות 2 ליטר,מרקה,ES,דזיטול נוזל מרוכז לח,מיליליטרים,2000.00,"100 מ""ל",false,,15.90,0.7950,true,1,139827
7290109923147,false,אסטוניש מהדורה פרימיום פלא של אקונומיקה,יעקבי- אסטוניש Astonish,GB,אסטוניש מרסס פלא של,מיליליטרים,750.00,"100 מ""ל",false,,15.90,2.1200,true,1,139824
7290110110024,false,"פאנטה תות פחית סליק 330מ""ל",החברה המרכזית לייצור משק,IL,פאנטה תות סליק 330מל,מיליליטרים,330.00,"100 מ""ל",false,,6.70,2.0303,true,1,94954
7290110110277,false,"סומרסבי סיידר תפוחים אלכוהולי 4*300 מ""ל","קרלסברג קרואטיה , יב",HR,סיידר סומרסבי רביעיי,מיליליטרים,1320.00,"100 מ""ל",false,,37.90,2.8712,true,1,101893
7290110110369,false,"שישייה בירה קרלסברג LUMA בקבוק 330 מ""ל",מבשלות בירה בינלאומיות ב,IL,בירה קרלסברג לומה בק,מיליליטרים,1980.00,"100 מ""ל",false,,37.90,1.9141,true,1,127028
7290110110574,false,"פחיות קוקה קולה זירו לימון 330 מ""ל",החברה המרכזית לייצור משק,IL,קוקה קולה סליק זירו,מיליליטרים,330.00,"100 מ""ל",false,,6.70,2.0303,true,1,97563
7290110110659,false,"ספרייט לימון ליים פחית 330מ""ל",החברה המרכזית לייצור משק,IL,"ספרייט סליק 330 מ""ל",מיליליטרים,330.00,"100 מ""ל",false,,6.70,2.0303,true,1,96720
7290110110703,false,מארז ספרייט שישייה פחיות FRIDGE PACK,החברה המרכזית לייצור משק,IL,ספרייט מארז פחיות 6*,מיליליטרים,1980.00,"100 מ""ל",false,,29.90,1.5101,true,1,96718
7290110111809,false,"מארז פחיות פאנטה אורנג' שישייה 330 מ""ל",החברה המרכזית לייצור משק,IL,פאנטה אורנג' פחיות ש,מיליליטרים,1980.00,"100 מ""ל",false,,29.90,1.5101,true,1,100300
7290110114787,false,נביעות+ מים מינרליים בטעם תפוח 1.5 ליטר,נביעות טבע הגליל בעמ,IL,נביעות+ תפוח 1.5ליטר,מיליליטרים,1500.00,"100 מ""ל",false,,9.90,0.6600,true,1,138405
7290110114794,false,נביעות+ מים מינרליים בטעם אפרסק 1.5 ליטר,"נביעות טבע הגליל בע""\מ ,",IL,נביעות+ אפרסק 1.5ליט,מיליליטרים,1500.00,"100 מ""ל",false,,9.90,0.6600,true,1,138406
7290110114855,false,"נביעות מים מינרליים, שישיה 6 * 1.5 ליטר פקדון",נביעות טבע הגליל בעמ,IL,נביעות שישייה 6*1.5ל,מיליליטרים,9000.00,"100 מ""ל",false,,14.70,0.1633,true,1,138276
7290110114886,false,פריגת סחוט טרי קלמנטינה 2 ליטר,פריגת מצוננים,IL,סחוט קלמנטינה 2ליטר,מיליליטרים,2000.00,"100 מ""ל",false,,29.90,1.4950,true,1,138269
7290110114893,false,פריגת סחוט טרי תפוז 2 ליטר,פריגת מצוננים,IL,סחוט תפוז 2ליטר,מיליליטרים,2000.00,"100 מ""ל",false,,29.90,1.4950,true,1,138270
7290110114916,false,מיץ סחוט לימונענע פריגת 2 ליטר,פריגת מצוננים,IL,סחוט לימונענע 2ליטר,מיליליטרים,2000.00,"100 מ""ל",false,,29.90,1.4950,true,1,138272
7290110114954,false,מיץ תפוזים מתקתקים פריגת 2 ליטר,פריגת מצוננים,IL,סחוט 2ליטר מתקתק 100,מיליליטרים,2000.00,"100 מ""ל",false,,24.90,1.2450,true,1,138273
7290110114961,false,משקה קל תפוזים פריגת 1.5 ליטר,מבשלות בירה בינלאומיות ב,IL,משקה קל בטעם תפוזים,מיליליטרים,1500.00,"100 מ""ל",false,,9.90,0.6600,true,1,138412
7290110114985,false,משקה קל אשכוליות פריגת 1.5 ליטר,מבשלות בירה בינלאומיות ב,IL,משקה קל בטעם אשכוליו,מיליליטרים,1500.00,"100 מ""ל",false,,9.90,0.6600,true,1,138414
7290110114992,false,משקה קל לייט אשכוליות פריגת 1.5 ליטר,מבשלות בירה בינלאומיות ב,IL,פריגת אשכולית לייט 1,מיליליטרים,1500.00,"100 מ""ל",false,,9.90,0.6600,true,1,138415
7290110115005,false,משקה קל ענבים פריגת 1.5 ליטר,מבשלות בירה בינלאומיות ב,IL,משקה קל בטעם ענבים פ,מיליליטרים,1500.00,"100 מ""ל",false,,9.90,0.6600,true,1,138416
7290110115036,false,משקה קל מנגו פריגת 1.5 ליטר,מבשלות בירה בינלאומיות ב,IL,פריגת משקה קל מנגו,מיליליטרים,1500.00,"100 מ""ל",false,,9.90,0.6600,true,1,138419
7290110115043,false,משקה קל לימונענע פריגת 1.5 ליטר,מבשלות בירה בינלאומיות ב,IL,משקה קל בטעם לימונענ,מיליליטרים,1500.00,"100 מ""ל",false,,9.90,0.6600,true,1,138420
7290110115050,false,פריגת מיקס תות בננה 1.5 ליטר פיקדון,מבשלות בירה בינלאומיות ב,IL,פריגת משקה קל תות-בנ,מיליליטרים,1500.00,"100 מ""ל",false,,9.90,0.6600,true,1,138421
7290110115074,false,פריגת תפוח דובדבן 1.5 ליטר פיקדון,מבשלות בירה בינלאומיות ב,IL,פריגת תפוח דובדבן 1.,מיליליטרים,1500.00,"100 מ""ל",false,,9.90,0.6600,true,1,138423
7290110115081,false,פריגת צלול ענבים 1.5 ליטר פיקדון,"מבשלות בירה לישראל בע""\מ",IL,פריגת צלול ענבים 1.5,מיליליטרים,1500.00,"100 מ""ל",false,,9.90,0.6600,true,1,138425
7290110115104,false,פריגת צלול אפרסק 1.5 ליטר פיקדון,מבשלות בירה בינלאומיות ב,IL,פריגת צלול אפרסק 1.5,מיליליטרים,1500.00,"100 מ""ל",false,,9.90,0.6600,true,1,138427
7290110115111,false,פריגת צלול אננס 1.5 ליטר פיקדון,"מבשלות בירה לישראל בע""\מ",IL,פריגת צלול אננס 1.5,מיליליטרים,1500.00,"100 מ""ל",false,,9.90,0.6600,true,1,138429
7290110115128,false,פריגת צלול בטעם לימונענע 1.5 ליטר פיקדון,"מבשלות בירה לישראל בע""\מ",IL,פריגת צלול בטעם לימו,מיליליטרים,1500.00,"100 מ""ל",false,,9.90,0.6600,true,1,138430
7290110115180,false,מים מינרלים נביעות 1.5 ליטר,"נביעות טבע הגליל בע""",IL,נביעות 1.5 ליטר,מיליליטרים,1500.00,"100 מ""ל",false,,2.90,0.1933,true,1,138509
7290110115203,false,קוקה קולה 1.5 ליטר פיקדון,החברה המרכזית לייצור משק,IL,קוקה קולה 1.5 ליטר,מיליליטרים,1500.00,"100 מ""ל",false,,8.90,0.5933,true,1,138282
7290110115210,false,דיאט קוקה קולה 1.5 ליטר פיקדון,החברה המרכזית לייצור משק,IL,קוקה קולה דיאט 1.5ל,מיליליטרים,1500.00,"100 מ""ל",false,,8.90,0.5933,true,1,138283
7290110115227,false,קוקה-קולה זירו בקבוק 1.5 ליטר,החברה המרכזית לייצור משק,IL,קוקה קולה זירו בקבוק,מיליליטרים,1500.00,"100 מ""ל",false,,8.90,0.5933,true,1,138284
7290110115234,false,קוקה-קולה זירו נטול בקבוק 1.5 ליטר,החברה המרכזית לייצור משק,IL,קוקה קולה זירו נטול,מיליליטרים,1500.00,"100 מ""ל",false,,8.90,0.5933,true,1,138285
7290110115241,false,קוקה-קולה זירו לימון בקבוק 1.5 ליטר,החברה המרכזית לייצור משק,IL,קוקה קולה זירו לימון,מיליליטרים,1500.00,"100 מ""ל",false,,8.90,0.5933,true,1,138286
7290110115265,false,ספרייט לימון ליים 1.5 ליטר-,החברה המרכזית לייצור משק,IL,ספרייט ליים 1.5ליטר,מיליליטרים,1500.00,"100 מ""ל",false,,8.90,0.5933,true,1,138381
7290110115272,false,ZERO ספרייט זירו 1.5 ליטר פיקדון,החברה המרכזית לייצור משק,IL,ספרייט זירו 1.5 ליטר,מיליליטרים,1500.00,"100 מ""ל",false,,8.90,0.5933,true,1,138382
7290110115289,false,ספרייט 19 קל' לימון-נענע 1.5 ליטר פיקדון,החברה המרכזית לייצור משק,IL,ספרייט 19 קלוריות לי,מיליליטרים,1500.00,"100 מ""ל",false,,8.90,0.5933,true,1,138383
7290110115302,false,משקה מוגז אורנג' זירו פאנטה 1.5 ליטר,החברה המרכזית לייצור משק,IL,פאנטה אורנג׳ זירו 1.,מיליליטרים,1500.00,"100 מ""ל",false,,8.90,0.5933,true,1,138432
7290110115333,false,פאנטה תות 1.5 ליטר פיקדון,החברה המרכזית לייצור משק,IL,פאנטה תות,מיליליטרים,1500.00,"100 מ""ל",false,,8.90,0.5933,true,1,138437
7290110115340,false,פאנטה ענבים 1.5 ליטר פיקדון,החברה המרכזית לייצור משק,IL,פאנטה ענבים 1.5ליטר,מיליליטרים,1500.00,"100 מ""ל",false,,8.90,0.5933,true,1,138438
7290110115357,false,קינלי סודה 1.5 ליטר פיקדון,החברה המרכזית לייצור משק,IL,קינלי סודה 1.5ליטר,מיליליטרים,1500.00,"100 מ""ל",false,,4.60,0.3067,true,1,138385
7290110115364,false,שישייה קוקה קולה 1.5 ליטר פיקדון,החברה המרכזית לייצור משק,IL,קוקה קולה שישייה 6*1,מיליליטרים,9000.00,"100 מ""ל",false,,52.90,0.5878,true,1,138288
7290110115371,false,דיאט קוקה קולה שישיות 1.5 ליטר פיקדון,החברה המרכזית לייצור משק,IL,קוקה קולה דיאט שישיי,מיליליטרים,9000.00,"100 מ""ל",false,,52.90,0.5878,true,1,138289
7290110115388,false,ספרייט ליים שישיות 1.5 ליטר פיקדון,החברה המרכזית לייצור משק,IL,ספרייט ליים שישייה 6,מיליליטרים,9000.00,"100 מ""ל",false,,52.90,0.5878,true,1,138433
7290110115395,false,ZERO ספרייט שישיות 1.5 ליטר פיקדון,החברה המרכזית לייצור משק,IL,ספרייט זירו שישייה 6,מיליליטרים,9000.00,"100 מ""ל",false,,52.90,0.5878,true,1,138434
7290110115401,false,קינלי סודה שישייה 1.5 ליטר פיקדון,החברה המרכזית לייצור משק,IL,קינלי סודה מארז שישי,מיליליטרים,9000.00,"100 מ""ל",false,,21.70,0.2411,true,1,138440
7290110115418,false,מארז שישייה קוקה קולה זירו 1.5 ל',החברה המרכזית לייצור משק,IL,קוקה קולה זירו שישיי,מיליליטרים,9000.00,"100 מ""ל",false,,52.90,0.5878,true,1,138379
7290110115425,false,FUZE TEA גרין לימונענע -נענע 1.5 ליטר פיקדון,מבשלות בירה בינלאומיות ב,IL,פיוז טי גרין לימון נ,מיליליטרים,1500.00,"100 מ""ל",false,,10.90,0.7267,true,1,138386
7290110115449,false,אייס תה בטעם מנגו אננס 1.5ל' FUZE TEA,מבשלות בירה בינלאומיות ב,IL,פיוז טי תה קר בטעם מ,מיליליטרים,1500.00,"100 מ""ל",false,,10.90,0.7267,true,1,138389
7290110115456,false,"תה קר בטעם אפרסק 19 קלוריות ב- 100 מ""ל",מבשלות בירה בינלאומיות ב,IL,פיוז טי אפרסק 19קלור,מיליליטרים,1500.00,"100 מ""ל",false,,10.90,0.7267,true,1,138390
7290110115463,false,פיוז טי אפרסק 1.5 ליטר פיקדון,מבשלות בירה בינלאומיות ב,IL,פיוז תה 1.5 ליטר בטע,מיליליטרים,1500.00,"100 מ""ל",false,,10.90,0.7267,true,1,138391
7290110115494,false,תה קר בטעם ענבים פיוז טי 1.5 ליטר,מבשלות בירה בינלאומית בע,IL,פיוז טי תה קר בטעם ע,מיליליטרים,1500.00,"100 מ""ל",false,,10.90,0.7267,true,1,138393
7290110115500,false,קוקה קולה 2 לי' שישיה,קוקה קולה,IL,קוקה קולה שישיות 6*2,מיליליטרים,12000.00,"100 מ""ל",false,,59.90,0.4992,true,1,138380
7290110115531,false,משקה מוגז תפוח זירו פאנטה 1.5 ליטר,החברה המרכזית לייצור משק,IL,פאנטה ZERO תפוח 1.5,מיליליטרים,1500.00,"100 מ""ל",false,,8.90,0.5933,true,1,138439
7290110115593,false,פריגת אשכוליות 40% פחות סוכר 1.5 ליטר פיקדון,מבשלות בירה בינלאומיות ב,IL,פריגת אשכולית 40% פח,מיליליטרים,1500.00,"100 מ""ל",false,,9.90,0.6600,true,1,138424
7290110115616,false,FUZE tea zero גרין אננס 1.5 ליטר פיקדון,מבשלות בירה בינלאומיות ב,IL,פיוז טי זירו גרין אנ,מיליליטרים,1500.00,"100 מ""ל",false,,10.90,0.7267,true,1,138396
7290110115623,false,משקה פיוז טי זירו ZERO בטעם אפרסק,מבשלות בירה בינלאומיות ב,IL,פיוז טי זירו אפרסק 1,מיליליטרים,1500.00,"100 מ""ל",false,,10.90,0.7267,true,1,138397
7290110115777,false,נביעות .ל1.5 מים מינרלים,נביעות,,נביעות 1.5 ליטר,מיליליטרים,1500.00,"100 מ""ל",false,,2.90,0.1933,true,1,138510
7290110115821,false,"ספרייט לימון, 1.5 ליטר פקדון",כלורוקס אוקלנד,IL,ספרייט ליים 1.5ליטר,מיליליטרים,1500.00,"100 מ""ל",false,,8.90,0.5933,true,1,138535
7290110115838,false,ספרייט לימון- ליים 1.5 ליטר,"אינסטנטה בע""מ",IL,ספרייט זירו 1.5 ליטר,מיליליטרים,1500.00,"100 מ""ל",false,,8.90,0.5933,true,1,138536
7290110115845,false,קוקה קולה 1.5 ליטר פיקדון,"אינסטנטה בע""מ",IL,קוקה קולה 1.5 ליטר,מיליליטרים,1500.00,"100 מ""ל",false,,8.90,0.5933,true,1,138505
7290110115852,false,דיאט קוקה קולה 1.5 ליטר -,תות תעשיות מזון (201,IL,קוקה קולה דיאט 1.5ל,מיליליטרים,1500.00,"100 מ""ל",false,,8.90,0.5933,true,1,138532
7290110115869,false,קוקה קולה זירו 1.5 ליטר פיקדון,תות תעשיות מזון (201,IL,קוקה קולה זירו בקבוק,מיליליטרים,1500.00,"100 מ""ל",false,,8.90,0.5933,true,1,138506
7290110115876,false,קינלי סודה 1.5ליטר-,"אינסטנטה בע""מ",IL,קינלי סודה 1.5ליטר,מיליליטרים,1500.00,"100 מ""ל",false,,4.60,0.3067,true,1,138537
7290110115968,false,קוקה קולה 1 ליטר חדש,קוקה קולה,,קוקה קולה 1ליטר,מיליליטרים,1000.00,"100 מ""ל",false,,7.50,0.7500,true,1,139138
7290110115975,false,קוקה קולה זירו בקבוק,החברה המרכזית לייצור,IL,קוקה קולה זירו 1ליטר,מיליליטרים,1000.00,"100 מ""ל",false,,7.50,0.7500,true,1,139144
7290110116194,false,נביעות+ סדרת 0 קלוריות לימון-ליים 1.5 ליטר,"נביעות טבע הגליל בע""\מ",IL,נביעות+לימון ליים 0,מיליליטרים,1500.00,"100 מ""ל",false,,10.90,0.7267,true,1,140727
7290110116484,false,פריגת סחוט מיקס תות בננה 1ליטר,פריגת מצוננים,IL,פריגת סחוט מיקס תות,מיליליטרים,1000.00,"100 מ""ל",false,,19.90,1.9900,true,1,141560
7290110116491,false,פריגת סחוט מיקס אפרסק משמש 1ליטר,פריגת מצוננים,IL,פריגת סחוט מיקס אפרס,מיליליטרים,1000.00,"100 מ""ל",false,,19.90,1.9900,true,1,141561
7290110116507,false,פריגת סחוט מיקס אננס בננה אגס 1ליטר,פריגת מצוננים,IL,פריגת סחוט מיקס אננס,מיליליטרים,1000.00,"100 מ""ל",false,,19.90,1.9900,true,1,141562
7290110116552,false,ספרייט לימון היט 1.5 ליטר LIME פיקדון,החברה המרכזית לייצור משק,IL,ספרייט למון היט 1.5ל,מיליליטרים,1500.00,"100 מ""ל",false,,8.90,0.5933,true,1,141428
7290110116569,false,"ספרייט זירו ZERO בק LEMON HIT, 1.5 ליטר",החברה המרכזית לייצור משק,IL,ספרייט למון היט זירו,מיליליטרים,1500.00,"100 מ""ל",false,,8.90,0.5933,true,1,141429
7290110320591,false,גבינה בולגרית במרקם מעודן 16% פיראוס,תנובה חלב,IL,בולגרית 16% במרקם מע,גרמים,250.00,100 גרם,false,,24.90,9.9600,true,1,93087
7290110320683,false,שמיניית משקה יוגורט 1.5% טעם תות יופלה 107 גרם,מיוצר עי קונדיטוריית,IL,יופלה משקה 360 בטעם,גרמים,856.00,100 גרם,false,,18.70,2.1846,true,1,94800
7290110320850,false,פתיתים גבינה חצי קשה מגורדת 28% שומן,תנובה מרכז שיתופי לש,IL,פתיתי עמק 28% שומן 2,גרמים,200.00,100 גרם,false,,16.90,8.4500,true,1,94930
7290110320867,false,פתיתים גבינה חצי קשה מגורדת 28% שומן,תנובה מרכז שיתופי לש,IL,פתיתי עמק 28% שומן 5,גרמים,500.00,100 גרם,false,,37.90,7.5800,true,1,95973
7290110320935,false,גבינת מוצרלה תנובה 150ג' פרוסות,תנובה מרכז שיתופי לש,IL,פרוסות מוצרלה 150גר,גרמים,200.00,100 גרם,false,,16.90,8.4500,true,1,94687
7290110321031,false,מעדן חלב GO יוגורט מועשר בחלבון טבעי 200 ג' יופלה,"תנובה, מחלבת אלון תב",IL,יוגורט גו טבעי 200 מ,גרמים,200.00,100 גרם,false,,5.90,2.9500,true,1,94683
7290110321277,false,קוטג' בקטנה 5% תנובה 100 גרם מהדרין,פארייפאבה אגרואינדוס,IL,קוטג בקטנה 5% מהדרין,גרמים,100.00,100 גרם,false,,2.90,2.9000,true,1,95927
7290110321284,false,קוטג' בקטנה 9% תנובה 100 גרם מהדרין,פארייפאבה אגרואינדוס,IL,קוטג בקטנה 9% מהדרין,גרמים,100.00,100 גרם,false,,2.90,2.9000,true,1,95928
7290110321680,false,יוגורט GO בטעם תות 20 גרם חלבון בגביע,מיוצר עי קונדיטוריית,IL,יוגורט גו תות 200 מל,גרמים,200.00,100 גרם,false,,6.30,3.1500,true,1,96127
7290110321697,false,יוגורט GO בטעם אפרסק 20 גרם חלבון בגביע,מיוצר עי קונדיטוריית,IL,יוגורט גו אפרסק 200,גרמים,200.00,100 גרם,false,,6.30,3.1500,true,1,96128
7290110321703,false,יוגורט עם פירות יער בתוספת חלבוני חלב 2% שומן,מיוצר עי קונדיטוריית,IL,יוגורט גו פירות יער,מיליליטרים,200.00,"100 מ""ל",false,,6.30,3.1500,true,1,97751
7290110322014,false,טופו בטעם טבעי תנובה ALTERNATIVE,שוורצקוף& הנקל דיסלד,IL,טופו טבעי 300 גרם,גרמים,300.00,100 גרם,false,,13.70,4.5667,true,1,97752
7290110322038,false,טופו פיקנטי תנובה ALTERNATIVE,תנובה Alternative,IL,טופו פיקנטי 300 גרם,גרמים,300.00,100 גרם,false,,13.70,4.5667,true,1,97754
7290110322946,false,יופלה טיוב יוגורט במרקם חלק בטעם תות בננה כשרות רבנות 348 ג',תנובה חלב,IL,יוגורט טיוב תות בננה,גרמים,348.00,100 גרם,false,,12.90,3.7069,true,1,98727
7290110323301,false,טל העמק בסגנון אמנטל 32% שומן 200 גרם,עמק - תנובה,IL,גבינת טל עמק 32% שומ,גרמים,200.00,100 גרם,false,,19.90,9.9500,true,1,99492
7290110323585,false,יופלה יוגורט עם דובדבן מופחת קלוריות 200 ג' GO,יופלה Yoplait,IL,יוגורט גו לייט דובדב,גרמים,200.00,100 גרם,false,,6.30,3.1500,true,1,98978
7290110323592,false,יופלה יוגורט עם אפרסק מופחת קלוריות 200 ג' GO,יופלה Yoplait,IL,יוגורט גו לייט אפרסק,גרמים,200.00,100 גרם,false,,6.30,3.1500,true,1,98979
7290110323714,false,משקה קוקוס שקדים תנובה E אלטרנטיב,מיוצר עי קונדיטוריית,IL,משקה קוקוס שקדים 1 ל,מיליליטרים,1000.00,"100 מ""ל",false,,13.30,1.3300,true,1,99486
7290110324353,false,יוגורט GO לייט בטעם אננס 20 גרם חלבון בגביע,מיוצר עי קונדיטוריית,IL,יוגורט גו לייט אננס,גרמים,200.00,100 גרם,false,,6.30,3.1500,true,1,100152
7290110324551,false,יופלה טיוב יוגורט במרקם חלק תות כשרות מהדרין,"תנובה בע""\מ",IL,יוגורט טיוב תות מהדר,גרמים,348.00,100 גרם,false,,12.90,3.7069,true,1,99830
7290110324711,false,ממרח סויה 9% שומן בטעם טבעי תנובה 250 גרם,מיוצר עי קונדיטוריית,IL,ממרח סויה 9% בטעם טב,גרמים,250.00,100 גרם,false,,9.50,3.8000,true,1,100774
7290110324841,false,מעדן שקדים עם שוקולד מריר תנובה 125 גרם,מיוצר עי קונדיטוריית,IL,מעדן שקדים עם שוקולד,גרמים,125.00,100 גרם,false,,4.60,3.6800,true,1,107065
7290110324858,false,מעדן שקדים בטעם אגוזי לוז תנובה 125 גרם,מיוצר עי קונדיטוריית,IL,מעדן שקדים בטעם אגוז,גרמים,125.00,100 גרם,false,,4.60,3.6800,true,1,107066
7290110324872,false,גבינה צהובה גלבוע 5% שומן 200 גרם,גלבוע - תנובה,IL,גבינה צהובה גלבוע 5%,גרמים,200.00,100 גרם,false,,18.70,9.3500,true,1,107061
7290110324926,false,משקה סויה ללא תוספת סוכר E אלטרנטיב,תנובה מרכז שיתופי לש,IL,משקה סויה ללא תוספת,מיליליטרים,1000.00,"100 מ""ל",false,,11.90,1.1900,true,1,106815
7290110325114,false,"משקה יוגורט יופלה גו לייט תות בננה 250 מ""ל - רבנות",מיוצר עי קונדיטוריית,IL,משקה גו לייט תות בננ,מיליליטרים,250.00,"100 מ""ל",false,,6.90,2.7600,true,1,102899
7290110325169,false,פרוסות גאודה תנובה 170 גרם,תנובה חלב,IL,פרוסות גאודה 170 גרם,גרמים,170.00,100 גרם,false,,19.90,11.7059,true,1,120048
7290110325312,false,יופלה GO סויה 20 גרם חלבון בטעם תות תנובה 200 גרם,"תנובה בע""\מ",IL,מעדן גו סויה בטעם תו,מיליליטרים,200.00,"100 מ""ל",false,,6.30,3.1500,true,1,107067
7290110325619,false,משקה שיבולת שועל תנובה E אלטרנטיב,מיוצר עי קונדיטוריית,IL,משקה שיבולת שועל 1 ל,מיליליטרים,1000.00,"100 מ""ל",false,,13.30,1.3300,true,1,112266
7290110325701,false,פיראוס צזיקי יווני 9% שומן בשיטת יצור מסורתית על בסיס יוגורט,גוד פוד פרודקטס S.p,IL,פיראוס צזיקי יווני 9,גרמים,250.00,100 גרם,false,,13.90,5.5600,true,1,112767
7290110325879,false,פתיתי גאודה תנובה 200 גרם,תנובה- השף הלבן,IL,פתיתי גאודה 200 גרם,גרמים,200.00,100 גרם,false,,17.90,8.9500,true,1,120100
7290110325893,false,משקה חלב GO מועשר בחלבון בטעם אייס קפה,מיוצר עי קונדיטוריית,IL,משקה חלב גו אייס קפה,מיליליטרים,340.00,"100 מ""ל",false,,8.70,2.5588,true,1,112264
7290110326210,false,יופלה און טופ פצפוצים תנובה 157 גרם,מיוצר עי קונדיטוריית,IL,יוגורט און טופ פצפוצ,גרמים,157.00,100 גרם,false,,5.20,3.3121,true,1,120041
7290110326234,false,יופלה און טופ כוכבים תנובה 157 גרם,מיוצר עי קונדיטוריית,IL,יופלה און טופ כוכבים,גרמים,157.00,100 גרם,false,,5.20,3.3121,true,1,120043
7290110326333,false,פרוסות גבינה סקנדינבית תנובה 170 גרם,פ.פ.ח. שאביט,IL,פרוסות גבינה סקנדינב,גרמים,170.00,100 גרם,false,,19.90,11.7059,true,1,128204
7290110326906,false,חלב נטול לקטוז 3% שומן תנובה 1 ליטר,מיוצר עי קונדיטוריית,IL,חלב נטול לקטוז 3% שו,מיליליטרים,1000.00,"100 מ""ל",false,,7.70,0.7700,true,1,128221
7290110327033,false,משקה סויה תנובה גו מועשר בחלבון במתיקות מופחתת,מיוצר עי קונדיטוריית,IL,משקה סויה תנובה גו ח,מיליליטרים,1000.00,"100 מ""ל",false,,13.30,1.3300,true,1,127848
7290110327125,false,פטה 21% מחלב צאן במי מלח תנובה 200 גרם,תנובה חלב,GR,גבינת פטה 21% מחלב צ,גרמים,200.00,100 גרם,false,,24.50,12.2500,true,1,128552
7290110327514,false,alternative משקה שיבולת שועל בטעם אגוזי לוז תנובה 1 ליטר,תנובה מרכז שיתופי לש,IL,משקה שיבולת שועל בטע,מיליליטרים,1000.00,"100 מ""ל",false,,13.30,1.3300,true,1,136991
7290110327798,false,חטיף חלבון GO - שוקולד 60 ג' חלב נוכרי - רבנות,"בלמונט קונפקציות בע""\מ.",US,חטיף חלבון גו בטעם ש,יחידה,0.00,יחידה,false,,12.90,0.0000,true,1,136685
7290110327804,false,חטיף חלבון GO - עוגיות 60 ג' חלב נוכרי - רבנות,"בלמונט קונפקציות בע""\מ.",US,חטיף חלבון גו בטעם ע,יחידה,0.00,יחידה,false,,12.90,0.0000,true,1,136686
7290110327811,false,חטיף חלבון GO - קוקוס 60 ג' חלב נוכרי - רבנות,"בלמונט קונפקציות בע""\מ.",US,חטיף חלבון גו בטעם ק,יחידה,0.00,יחידה,false,,12.90,0.0000,true,1,136687
7290110328610,false,משקה אורז ושקדים בריסטה אלטרנטיב 1 ליטר,תנובה Alternative,IL,משקה אורז ושקדים ברי,מיליליטרים,1000.00,"100 מ""ל",false,,12.70,1.2700,true,1,139814
7290110328627,false,יוגורט יופלה GO במרקם סמיך בטעם בננה קרמל 0%,מיוצר עי קונדיטוריית,IL,יוגורט גו סמיך בננה,גרמים,200.00,100 גרם,false,,6.30,3.1500,true,1,136604
7290110328641,false,alternative טופו טבעי תנובה 2*250 גרם,תנובה חלב,IL,טופו טבעי מארז 2*250,גרמים,500.00,100 גרם,false,,21.90,4.3800,true,1,137094
7290110328764,false,יוגורט יופלה GO במרקם סמיך עם תות 0%,מיוצר עי קונדיטוריית,IL,יוגורט גו סמיך תות 0,גרמים,200.00,100 גרם,false,,6.30,3.1500,true,1,136605
7290110328771,false,יוגורט יופלה GO במרקם סמיך עם פירות יער 0%,מיוצר עי קונדיטוריית,IL,יוגורט גו סמיך פירות,גרמים,200.00,100 גרם,false,,6.30,3.1500,true,1,136606
7290110328788,false,יוגורט יופלה GO במרקם סמיך בטעם אפרסק 0%,תנובה מרכז שיתופי לש,IL,יוגורט גו סמיך אפרסק,גרמים,200.00,100 גרם,false,,6.30,3.1500,true,1,136603
7290110329266,false,יוגורט תנובה מחלב עיזים מלא תנובה 140 ג',קריות זול,IL,יוגורט תנובה מחלב עי,מיליליטרים,140.00,"100 מ""ל",false,,6.60,4.7143,true,1,136989
7290110329273,false,יוגורט תנובה מחלב עיזים מלא 750 גרם,תנובה,IL,יוגורט תנובה מחלב עי,מיליליטרים,750.00,"100 מ""ל",false,,22.90,3.0533,true,1,136990
7290110329303,false,פרוסות בטעם צהובה קלאסית אלטרנטיב 200 גר,תנובה Alternative,IL,פרוסות בטעם גבינה צה,גרמים,200.00,100 גרם,false,,22.90,11.4500,true,1,136993
7290110329426,false,טופו טבעי 250 ג'+רוטב קרם קוקוס קארי פיקנטי 60 ג' אלטרנטיב,תנובה חלב,IL,טופו טבעי עם רוטב קר,גרמים,250.00,100 גרם,false,,14.90,5.9600,true,1,139815
7290110329433,false,טופו טבעי עם רוטב סצ'ואן אלטרנטיב 250 גרם,תנובה חלב,IL,טופו טבעי עם רוטב סצ,גרמים,250.00,100 גרם,false,,14.90,5.9600,true,1,139816
7290110329686,false,"משקה חלב גו בטעם עוגיות 340 מ""ל",מיוצר עי קונדיטוריית,IL,משקה חלב גו בטעם עוג,מיליליטרים,340.00,"100 מ""ל",false,,8.70,2.5588,true,1,138052
7290110329716,false,משקה חלב קר בטעם קפוצ'ינו 230 גרם תנובה,תנובה מרכז שיתופי לש,IL,משקה קפה קר בטעם קפו,מיליליטרים,230.00,"100 מ""ל",false,,7.90,3.4348,true,1,139708
7290110329730,false,"משקה חלב עם שוקולד וקפה בסגנון לאטה 2.7%  230 מ""ל תנובה",תנובה מרכז שיתופי לש,IL,משקה חלב עם שוקולד ו,מיליליטרים,230.00,"100 מ""ל",false,,7.90,3.4348,true,1,139710
7290110329792,false,יוגורט סויה BIO Alternative אפרסק 150 ג' תנובה,מיוצר עי קונדיטוריית,IL,סויה ביו אפרסק 150 ג,גרמים,150.00,100 גרם,false,,5.10,3.4000,true,1,138586
7290110329808,false,יוגורט סויה BIO Alternative תות 150 ג' תנובה,מיוצר עי קונדיטוריית,IL,סויה ביו תות 150 ג א,גרמים,150.00,100 גרם,false,,5.10,3.4000,true,1,138587
7290110329815,false,סויה BIO מתיקות מעודנת גביע 150 גרם אלטרנטיב,מיוצר עי קונדיטוריית,IL,סויה ביו מתיקות מעוד,גרמים,150.00,100 גרם,false,,5.10,3.4000,true,1,138583
7290110329822,false,יוגורט סויה BIO Alternative פירות יער 150 ג' תנובה,מיוצר עי קונדיטוריית,IL,סויה ביו פירות יער ג,גרמים,150.00,100 גרם,false,,5.10,3.4000,true,1,138584
7290110329846,false,יוגורט סויה BIO Alternative בטעם טבעי 150 ג' תנובה,מיוצר עי קונדיטוריית,IL,סויה ביו טבעי 150 גר,גרמים,150.00,100 גרם,false,,5.10,3.4000,true,1,138588
7290110550226,false,מטבעות שוקולד מריר לאפיה 400 גרם עלית,"פוליבה בע""\מ",IL,מטבעות שוקולד מריר ל,גרמים,400.00,100 גרם,false,,29.90,7.4750,true,1,139552
7290110550363,false,פריכיות משולשות קינואה ומלח ים 65 גרם,שטראוס גרופ,IL,אנרג'י פריכיות משולש,גרמים,65.00,100 גרם,false,,10.90,16.7692,true,1,138750
7290110552220,false,יוגורט PRO בטעם תות 0% סוכר לבן 20 גרם חלבון בגביע,"שטראוס בריאות בע""\מ",IL,דנונה פרו 20 גרם חלב,גרמים,200.00,100 גרם,false,,6.40,3.2000,true,1,138545
7290110552237,false,יוגורט פרו בטעם אפרסק מנגו ללא סוכר 200 ג' דנונה,"שטראוס בריאות בע""\מ",IL,דנונה פרו 20 גרם חלב,גרמים,200.00,100 גרם,false,,6.40,3.2000,true,1,138543
7290110553098,false,מאגדת חטיפים אנרג'י מיקס צימוקים אגוזים 100X4 גרם,אנרג'י Energy - שטראוס,GB,אנרג'י מיקס צימוקים,גרמים,100.00,100 גרם,false,,17.90,17.9000,true,1,140429
7290110553104,false,נסקפה קפוצ'ינו סטיק קלאסי 130 ג' עלית,מוקטה אס.פי.,PL,אבקה להכנת משקה קפוצ,גרמים,130.00,100 גרם,false,,18.90,14.5385,true,1,141079
7290110553623,false,צ'יטוס קראנצ'י בטעם צ'דר חלפיניו - חלבי,"שטראוס פריטו ליי בע""\מ )",IL,ציטוס קראנץ צ'דר חלפ,גרמים,80.00,100 גרם,false,,4.90,6.1250,true,1,140175
7290110554118,false,נודלס מלזי חריף עם טופו וירקות ברוטב קארי ירוק,"טרופיקל דגיל בע""מ אז",IL,נודלס מלזי חריף דליש,גרמים,350.00,100 גרם,false,,28.90,8.2571,true,1,141268
7290110554583,false,מארז חטיפי צ'יטוס פאפס בטעם גבינה - 10 יחידות,"שטראוס פריטו ליי בע""\מ )",IL,מארז ציטוס PUFFS בטע,גרמים,200.00,100 גרם,false,,12.90,6.4500,true,1,138486
7290110554699,false,"קפה עולה קפסולות אספרסו קלייה איטית וכהה מאוד, 10 * 50 ג'",שטראוס קפה בי.וי.,IL,קפסולות נספרסו לקפה,גרמים,50.00,100 גרם,false,,22.90,45.8000,true,1,141046
7290110554729,false,קפסולות עלית אספרסו 04 תואמות למכונות NESPRESSO,שטראוס קפה בי.וי.,IL,קפסולות אספרסו מס 04,גרמים,50.00,100 גרם,false,,18.90,37.8000,true,1,138995
7290110554798,false,פולי אספרסו עשירים וארומטיים עוצמה 8 עלית 250 גרם,שטראוס קפה בי. וי.,IL,פולי קפה אספרסו עשיר,גרמים,250.00,100 גרם,false,,22.90,9.1600,true,1,139555
7290110555665,false,קקאו דל שומן עלית בקופסא 220 גרם,"ג'אלוסיס י. בע""\מ",GR,קקאו דל שומן עלית בק,גרמים,220.00,100 גרם,false,,19.90,9.0455,true,1,141082
7290110556242,false,"שוקולד מריר פרווה 100 גר' בד""ץ תוצרת חוץ","שטראוס גרופ בע""מ.",FR,שוקולד מריר פרווה בד,גרמים,100.00,100 גרם,false,,6.50,6.5000,true,1,140766
7290110557027,false,חומוס עשיר 50% טחינה גולמית 400 ג' אחלה,מיוצר עי קונדיטוריית,IL,חומוס 50% טחינה 400,גרמים,400.00,100 גרם,false,,13.90,3.4750,true,1,138110
7290110557102,false,מעדן חלב עם שוקולד מועשר בחלבון 150 ג' שטראוס,מיוצר עי קונדיטוריית,IL,מעדן חלב עם שוקולד 1,גרמים,150.00,100 גרם,false,,5.50,3.6667,true,1,137446
7290110557133,false,מעדן הגולן וניל 125 ג' שטראוס,מיוצר עי קונדיטוריית,IL,מעדן הגולן וניל 125,גרמים,125.00,100 גרם,false,,3.10,2.4800,true,1,137992
7290110557478,false,חומוס גלילי במרקם מעודן 600 גרם,"שטראוס גרופ בע""\מ",IL,אחלה חומוס גלילי 600,גרמים,600.00,100 גרם,false,,12.90,2.1500,true,1,139574
7290110557645,false,מאגדת חטיפים אנרג'י מיקס צימוקים חמוציות 100X4 גרם,קונסרב איטליה,GB,אנרג'י מיקס צימוקים,גרמים,100.00,100 גרם,false,,17.90,17.9000,true,1,140430
7290110558130,false,יוגורט אקטיביה עם שיבולת שועל ודבש 150 גרם,"שטראוס בריאות בע""\מ",IL,אקטיביה עם שיבולת שו,גרמים,150.00,100 גרם,false,,4.90,3.2667,true,1,140080
7290110558154,false,דנונה לייט אנד פרי עוגת תפוחים 150ג דנונה,"שטראוס בריאות בע""\מ",IL,דנונה לייט אנד פרי ע,גרמים,150.00,100 גרם,false,,4.90,3.2667,true,1,140384
7290110558215,false,"דנונה קראנצ`פיסטוק עם פיצפוץ לבן קראנצי פיסטוק, 173 גרם","שטראוס בריאות בע""\מ",IL,דנונה קראנצ' פיסטוק,גרמים,173.00,100 גרם,false,,4.80,2.7746,true,1,141225
7290110558253,false,דנונה שייק נונה ריפרש בננה אננס וצ'יה,"שטראוס בריאות בע""\מ",IL,דנונה ריפרש עם אננס,מיליליטרים,250.00,"100 מ""ל",false,,5.90,2.3600,true,1,140081
7290110558284,false,דנונה ביו מולטי שטראוס 200 גרם,"שטראוס בריאות בע""\מ",IL,דנונה ביו מולטי 200,מיליליטרים,200.00,"100 מ""ל",false,,4.50,2.2500,true,1,140301
7290110558307,false,יוגורט דנונה PRO עם שיבולת שועל במתיקות מעודנת,"שטראוס בריאות בע""\מ",IL,דנונה פרו שיבולת שוע,גרמים,200.00,100 גרם,false,,6.60,3.3000,true,1,139488
7290110558314,false,דנונה פרו 20 גרם חלבון ללא סוכר פיסטוק 200 גרם,"שטראוס בריאות בע""\מ",IL,דנונה פרו 20 גרם חלב,גרמים,200.00,100 גרם,false,,6.40,3.2000,true,1,140385
7290110558338,false,יוגורט PRO בטעם מתיקות מעודנת 1.5% שומן,"שטראוס בריאות בע""\מ",IL,דנונה פרו עם 25 גרם,גרמים,200.00,100 גרם,false,,6.60,3.3000,true,1,139748
7290110558666,false,מעדן גבינה בטעם תפוח 88 ג' דניאלה,"שטראוס בריאות בע""\מ",IL,מעדן דניאלה תפוח 150,מיליליטרים,150.00,"100 מ""ל",false,,4.30,2.8667,true,1,141226
7290110559014,false,שעועית שחורה מבושלת טעם הטבע 380 גרם,קונסרב איטליה,IT,שעועית שחורה 380 גרם,גרמים,380.00,100 גרם,false,,6.90,1.8158,true,1,140434
7290110560300,false,"הפריכיות הטעימות חומוס, עדשים שחורות, קינואה ופלפל שחור",אנרג'י Energy - שטראוס,IL,פריכיות משולשות-פלפל,גרמים,30.00,100 גרם,false,,5.90,19.6667,true,1,99074
7290110560317,false,"הפריכיות הטעימות חומוס, עדשים שחורות, קינואה ומלח ים","פרח תעשיו מזון בע""מ",IL,פריכיות משולשות-מלח,גרמים,30.00,100 גרם,false,,5.90,19.6667,true,1,99075
7290110560324,false,"הפריכיות הטעימות תפו""א, אורז, אפונה ומלח ים","פרח תעשיו מזון בע""מ",IL,פריכיות משולשות-אפונ,גרמים,30.00,100 גרם,false,,5.90,19.6667,true,1,99076
7290110561352,false,דנונה יוגורט ביו פרוביוטי 3% דל לקטוז 150ג',"שטראוס בריאות בע""\מ",IL,דנונה ביו דל לקטוז 2,גרמים,200.00,100 גרם,false,,3.80,1.9000,true,1,97670
7290110561604,false,מארז 8 יחידות מעדן גמדים בטעם תות בננה,"שטראוס בריאות בע""\מ",IL,גמדים תות בננה מעורב,מיליליטרים,800.00,"100 מ""ל",false,,19.50,2.4375,true,1,96138
7290110563448,false,"משקה קפה קר בסגנון מעודן 230 מ""ל 1.6% יוטבתה",האי נאם סי או אל.טי.,AT,משקה קפה קר בסיגנון,גרמים,230.00,100 גרם,false,,7.90,3.4348,true,1,99442
7290110563462,false,חלב 2% דל לקטוז בבקבוק יטבתה 1 ליטר.,מחלבת יטבתה,IL,חלב 2% בבקבוק נטול ל,מיליליטרים,1000.00,"100 מ""ל",false,,8.90,0.8900,true,1,99784
7290110564339,false,חומוס אחלה הסידרה המובחר 30% טחינה 400 גר',מיוצר עי קונדיטוריית,IL,חומוס אבי עשיר ב30%,גרמים,400.00,100 גרם,false,,13.90,3.4750,true,1,96144
7290110564360,false,חומוס אחלה הסידרה המובחר 40% טחינה 400 גר',מיוצר עי קונדיטוריית,IL,חומוס אבי עשיר ב40%,גרמים,400.00,100 גרם,false,,13.90,3.4750,true,1,96145
7290110564414,false,חומוס אחלה הסידרה המובחר 30% טחינה 600 גר',מיוצר עי קונדיטוריית,IL,חומוס עשיר ב 30% טחי,גרמים,600.00,100 גרם,false,,15.90,2.6500,true,1,120446
7290110565435,false,"לימבו ג'לי פטל 125 גרם חלבי ""שטראוס""","שטראוס גרופ בע""\מ",IL,לימבו פטל חלבי 125גר,גרמים,125.00,100 גרם,false,,2.30,1.8400,true,1,95786
7290110565527,false,יוגורט PRO פרו 1.5% 20 גרם חלבון בגביע,"שטראוס בריאות בע""מ",IL,דנונה פרו 20 גרם חלב,גרמים,200.00,100 גרם,false,,6.40,3.2000,true,1,95282
7290110565572,false,מארז קפה טורקי עלית לדרך עם הל 168 גרם,שטראוס קפה בי.וי.,IL,קפה טורקי לדרך עם הל,גרמים,168.00,100 גרם,false,,19.90,11.8452,true,1,106777
7290110566623,false,קפסולות קולומביה עלית 08 למכונת נספרסו מארז 5X10ג',שטראוס קפה בי.וי.,IL,קפסולות קולומביה מס,יחידה,0.00,יחידה,false,,18.90,0.0000,true,1,97838
7290110566975,false,דנונה פרו יוגורט 0% תות עשיר בחלבון 200ג',"שטראוס בריאות בע""\מ",IL,דנונה פרו 20 גרם חלב,גרמים,200.00,100 גרם,false,,6.40,3.2000,true,1,97153
7290110567057,false,צנצנת מסטיק מאסט קוביות מנטה חזקה 66 ג' עלית,אסקום קונפקשיין,DE,מסטיק מאסט קוביות מנ,גרמים,64.00,100 גרם,false,,10.90,17.0313,true,1,98764
7290110568238,false,"קצפת צמחית 21% שומן 250 מ""ל יוטבתה",מחלבת יטבתה,IL,קצפת צמחית 21% שומן,מיליליטרים,250.00,"100 מ""ל",false,,8.50,3.4000,true,1,97890
7290110568559,false,דוריטוס עלית מארז חמוץ חריף 10 יח' *25 ג',"שטראוס פריטו ליי בע""מ )פ",IL,דוריטוס בטעם טבעי מא,גרמים,250.00,100 גרם,false,,14.90,5.9600,true,1,97853
7290110568627,false,עלית - פסק זמן רול שוקולד חלב עם קרם אגוזים 26 גרם,שולן צ'\יקולטה גידה סאן.,TR,פסק זמן רול שוקולד ח,גרמים,28.00,100 גרם,false,,4.90,17.5000,true,1,113233
7290110570880,false,פולי אספרסו עשירים וארומטיים עוצמה 14 עלית 250 גרם,,IL,פולי קפה אספרסו עשיר,גרמים,250.00,100 גרם,false,,22.90,9.1600,true,1,139553
7290110571184,false,עדשים חומות 380 גר שטראוס טעם הטבע,קונסרב איטליה,IT,עדשים חומות 380 ג טע,גרמים,380.00,100 גרם,false,,6.90,1.8158,true,1,140432
7290110571375,false,"אנרג'י מיקס תערובת צימוקים, תמרים, טופי ושברי פקאן",אנרג'י Energy - שטראוס,GB,אנרג'י מיקס צימוקים,גרמים,100.00,100 גרם,false,,17.90,17.9000,true,1,140431
7290110571382,false,מעדן חלב בטעם וניל מעושר בחלבון 150 ג' שטראוס,"שטראוס בריאות בע""\מ",IL,מעדן חלב בטעם וניל 1,גרמים,150.00,100 גרם,false,,5.50,3.6667,true,1,139401
7290110571399,false,עלית - צנצנת מאסט בטעם גלידה תות,אסקום קונפקשיין,DE,מסטיק מאסט קוביות גל,גרמים,58.00,100 גרם,false,,10.90,18.7931,true,1,140099
7290110571474,false,רבע לשבע טבעוני פופקורן עלית 125 גרם,"הגביע מוצרי וופלים בע""\מ",IL,רבע לשבע טבעוני פופק,גרמים,125.00,100 גרם,false,,12.90,10.3200,true,1,140101
7290110572129,false,כיף כף מקלות שוקולד לבן 40 ג' עלית,סולן בעבור שטראוס,TR,כיף כיף מקלות שוקולד,גרמים,40.00,100 גרם,false,,5.90,14.7500,true,1,141051
7290110572884,false,"קפסולות קפה מספר 20 למכונת אספרס אספרסו, 50 גרם",שטראוס קפה בי.וי.,IL,קפסולות קפה נספרסו 2,יחידה,0.00,יחידה,false,,18.90,0.0000,true,1,141084
7290110572969,false,כיף כף פצפצים עקרם לבן 40ג' עלית,שולן צ'\יקולטה גידה סאן.,TR,כיף כף פצפצים קרם לב,גרמים,40.00,100 גרם,false,,5.90,14.7500,true,1,140425
7290110572976,false,כיף כף פצפצים בגביע במילוי קרם בטעם שוקולד לבן,שולן צ'יקולטה גידה ס,TR,כיף כך פיצפוצים קרם,גרמים,135.00,100 גרם,false,,11.90,8.8148,true,1,140426
7290110574413,false,עלית - פופקורן בטעם טעמי 70 גרם,סראנו בעבור שטראוס,קפריסין,פופקורן בטעם טעמי על,גרמים,70.00,100 גרם,false,,7.90,11.2857,true,1,141052
7290110574420,false,עלית - פופקורן בטעם פסק זמן 70 גרם,סראנו בעבור שטראוס,קפריסין,פופקורן בטעם פסק זמן,גרמים,70.00,100 גרם,false,,7.90,11.2857,true,1,141053
7290110576318,false,מאגדת שלישיית שוקולד אגוז לבן 300 ג' עלית,סמואה,FR,מארז שלישייה שוקולד,גרמים,300.00,100 גרם,false,,25.90,8.6333,true,1,140769
7290110576370,false,מארז שלישייה שוקולד מריר חלבי עם אגוזי לוז,סמואה,FR,מארז שלישייה שוקולד,גרמים,300.00,100 גרם,false,,25.90,8.6333,true,1,140770
7290110576752,false,טבלאות שוקולד ספלנדיד מריר 70% 100 ג' עלית,קימ'\ס גריפלנן,BE,שוקולד ספלנדיד 70% מ,גרמים,100.00,100 גרם,false,,11.90,11.9000,true,1,141054
7290110576776,false,טבלאות שוקולד ספלנדיד מריר 85% 100 ג' עלית,קימ'\ס גריפלנן,BE,שוקולד ספלנדיד 85% מ,גרמים,100.00,100 גרם,false,,11.90,11.9000,true,1,141055
7290110576790,false,גבינת סקי 3% בטעם מוקה 125 גרם,"שטראוס בריאות בע""\מ",IL,סקי גבינת מוקה 125גר,גרמים,125.00,100 גרם,false,,3.90,3.1200,true,1,141227
7290110576851,false,"שמיניית משקה גמדים סלט פירות 108 מ""ל","שטראוס בריאות בע""\מ",IL,גמדים לשתיה שמינייה,מיליליטרים,864.00,"100 מ""ל",false,,20.90,2.4190,true,1,141223
7290111010194,false,מגבוני תינוקות בייבי,,,מגבוני תינוקות בייבי,יחידה,0.00,יחידה,false,,11.90,0.0000,true,1,99961
7290111010200,false,תיק רב סל,,,תיק רב סל,יחידה,0.00,יחידה,false,,4.90,0.0000,true,1,99757
7290111010248,false,"שמן זית בורגתא 750מ""",Unknown,,"שמן זית בורגתא 750מ""",מיליליטרים,750.00,"100 מ""ל",false,,29.90,3.9867,true,1,100854
7290111010262,false,מגבות נייר פייפר טאו,Unknown,,מגבות נייר פייפר טאו,יחידה,0.00,יחידה,false,,11.90,0.0000,true,1,106902
7290111010279,false,מגבונים לניקוי כללי,,,מגבונים לניקוי כללי,יחידה,0.00,יחידה,false,,10.00,0.0000,true,1,107693
7290111010293,false,נייר טואלט טוטו 48 ג,,,נייר טואלט טוטו 48 ג,יח',48.00,יח',false,,33.90,0.7062,true,1,112467
7290111010323,false,פפריקה מתוקה בשמן סו,,,פפריקה מתוקה בשמן סו,גרמים,400.00,100 גרם,false,,18.90,4.7250,true,1,113060
7290111010439,false,יין פרינס רויאל גוור,,,יין פרינס רויאל גוור,מיליליטרים,750.00,"100 מ""ל",false,,39.90,5.3200,true,1,129119
7290111010491,false,אקונומיקה 4 ליטר סן,,,אקונומיקה 4 ליטר סן,מיליליטרים,4000.00,"100 מ""ל",false,,14.90,0.3725,true,1,140195
7290111010507,false,נוזל כלים 18% תפוח 1,,,נוזל כלים 18% תפוח 1,מיליליטרים,1600.00,"100 מ""ל",false,,11.90,0.7438,true,1,140216
7290111010514,false,נוזל כלים 18% לימון,,,נוזל כלים 18% לימון,מיליליטרים,1600.00,"100 מ""ל",false,,11.90,0.7438,true,1,140217
7290111010545,false,כמון סולטנה 400גר,,,כמון סולטנה 400גר,גרמים,400.00,100 גרם,false,,18.90,4.7250,true,1,140818
7290111010569,false,פפריקה מתוקה סולטנה,,,פפריקה מתוקה סולטנה,גרמים,400.00,100 גרם,false,,18.90,4.7250,true,1,140819
7290111010583,false,נייר טואלט טוטו דו ש,,,נייר טואלט טוטו דו ש,יחידה,0.00,יחידה,false,,33.90,0.0000,true,1,138132
7290111010590,false,תמרים מלך המגהול 1קג,,,תמרים מלך המגהול 1קג,גרמים,1000.00,100 גרם,false,,19.90,1.9900,true,1,137802
7290111010613,false,"שמן זית בשן 750מ""ל",,,"שמן זית בשן 750מ""ל",מיליליטרים,750.00,"100 מ""ל",false,,29.90,3.9867,true,1,138176
7290111010644,false,ערק כביר אסלי בטעם ע,,,ערק כביר אסלי בטעם ע,מיליליטרים,700.00,"100 מ""ל",false,,39.90,5.7000,true,1,138501
7290111010668,false,יין לוטן בלנד אדום75,,,יין לוטן בלנד אדום75,מיליליטרים,750.00,"100 מ""ל",false,,29.90,3.9867,true,1,138953
7290111010675,false,יין לוטן לבן חצי יבש,,,יין לוטן לבן חצי יבש,מיליליטרים,750.00,"100 מ""ל",false,,29.90,3.9867,true,1,138954
7290111010682,false,יין לוטן שיראז קברנה,,,יין לוטן שיראז קברנה,מיליליטרים,750.00,"100 מ""ל",false,,29.90,3.9867,true,1,138955
7290111010699,false,יין יערה קברנה סובינ,,,יין יערה קברנה סובינ,מיליליטרים,750.00,"100 מ""ל",false,,29.90,3.9867,true,1,138956
7290111010712,false,יין יערה שיראז קברנה,,,יין יערה שיראז קברנה,מיליליטרים,750.00,"100 מ""ל",false,,29.90,3.9867,true,1,138957
7290111010743,false,יין מרלו שאטו רפאלו,,,יין מרלו שאטו רפאלו,מיליליטרים,750.00,"100 מ""ל",false,,29.90,3.9867,true,1,139188
7290111010767,false,אקונומיקה סן רמו מבו,,,אקונומיקה סן רמו מבו,מיליליטרים,4000.00,"100 מ""ל",false,,14.90,0.3725,true,1,140196
7290111010774,false,מרכך כביסה בייבי פרש,,,מרכך כביסה בייבי פרש,מיליליטרים,4000.00,"100 מ""ל",false,,16.90,0.4225,true,1,140197
7290111010781,false,מרכך כביסה פרש מונקו,,,מרכך כביסה פרש מונקו,מיליליטרים,4000.00,"100 מ""ל",false,,16.90,0.4225,true,1,140198
7290111010804,false,מרכך כביסה פרש לבנדר,,,מרכך כביסה פרש לבנדר,מיליליטרים,4000.00,"100 מ""ל",false,,16.90,0.4225,true,1,140200
7290111010811,false,מרכך כביסה פרש בליסי,,,מרכך כביסה פרש בליסי,מיליליטרים,4000.00,"100 מ""ל",false,,16.90,0.4225,true,1,140201
7290111010828,false,מרכך כביסה פרש לאונר,,,מרכך כביסה פרש לאונר,מיליליטרים,4000.00,"100 מ""ל",false,,16.90,0.4225,true,1,140202
7290111010835,false,מרכך כביסה פרש ונילה,,,מרכך כביסה פרש ונילה,מיליליטרים,4000.00,"100 מ""ל",false,,16.90,0.4225,true,1,140203
7290111010842,false,מרכך כביסה בייבי פרש,,,מרכך כביסה בייבי פרש,מיליליטרים,1000.00,"100 מ""ל",false,,12.90,1.2900,true,1,140204
7290111010859,false,מרכך כביסה פרש מונקו,,,מרכך כביסה פרש מונקו,מיליליטרים,1000.00,"100 מ""ל",false,,12.90,1.2900,true,1,140205
7290111010866,false,מרכך כביסה פרש אורנג,,,מרכך כביסה פרש אורנג,מיליליטרים,1000.00,"100 מ""ל",false,,12.90,1.2900,true,1,140206
7290111010873,false,מרכך כביסה פרש לבנדר,,,מרכך כביסה פרש לבנדר,מיליליטרים,1000.00,"100 מ""ל",false,,12.90,1.2900,true,1,140207
7290111010880,false,מרכך כביסה פרש בליסי,,,מרכך כביסה פרש בליסי,מיליליטרים,1000.00,"100 מ""ל",false,,12.90,1.2900,true,1,140208
7290111010903,false,מרכך כביסה פרש ונילה,,,מרכך כביסה פרש ונילה,מיליליטרים,1000.00,"100 מ""ל",false,,12.90,1.2900,true,1,140210
7290111010910,false,נוזל רצפות מרוכז מאס,,,נוזל רצפות מרוכז מאס,מיליליטרים,2000.00,"100 מ""ל",false,,16.90,0.8450,true,1,140211
7290111010927,false,נוזל רצפות מרוכז ספר,,,נוזל רצפות מרוכז ספר,מיליליטרים,2000.00,"100 מ""ל",false,,16.90,0.8450,true,1,140212
7290111010934,false,נוזל רצפות מרוכז ספא,,,נוזל רצפות מרוכז ספא,מיליליטרים,2000.00,"100 מ""ל",false,,16.90,0.8450,true,1,140213
7290111010958,false,נוזל רצפות מרוכז בית,,,נוזל רצפות מרוכז בית,מיליליטרים,2000.00,"100 מ""ל",false,,16.90,0.8450,true,1,140215
7290111010965,false,נוזל רצפות לבנדר 4 ל,,,נוזל רצפות לבנדר 4 ל,מיליליטרים,4000.00,"100 מ""ל",false,,12.90,0.3225,true,1,140218
7290111010972,false,נוזל רצפות מאסק 4 לי,,,נוזל רצפות מאסק 4 לי,מיליליטרים,4000.00,"100 מ""ל",false,,12.90,0.3225,true,1,140219
7290111010989,false,נוזל רצפות מרענן 4 ל,,,נוזל רצפות מרענן 4 ל,מיליליטרים,4000.00,"100 מ""ל",false,,12.90,0.3225,true,1,140220
7290111011023,false,שמן זית כתית מעולה צ,,,שמן זית כתית מעולה צ,מיליליטרים,750.00,"100 מ""ל",false,,29.90,3.9867,true,1,140149
7290111011047,false,נוזל חלונות 1 ליטר ס,,,נוזל חלונות 1 ליטר ס,מיליליטרים,750.00,"100 מ""ל",false,,8.90,1.1867,true,1,140841
7290111011085,false,מטליות לחות לרצפה לב,,,מטליות לחות לרצפה לב,יחידה,0.00,יחידה,false,,10.90,0.0000,true,1,140913
7290111011092,false,מטליות לחות לרצפה מר,,,מטליות לחות לרצפה מר,יחידה,0.00,יחידה,false,,10.90,0.0000,true,1,140914
7290111091520,false,"דר' עור תחליב רחצה קלאסי -קוקוס 700 מ""ל","אמיליה קוסמטיקס בע""מ",IL,"תחליב רחצה ד""ר עור ק",מיליליטרים,700.00,"100 מ""ל",false,,16.90,2.4143,true,1,98260
7290111092985,false,מארז מגבונים לחים בייביסיטר ללא בישום רביעייה,,IL,מגבוני בייביסיטר מהד,יחידה,0.00,יחידה,false,,15.90,0.0000,true,1,140194
7290111093982,false,"טרופיקל תחליב רחצה פסיפלורה ואינקה אינצ'י 700 מ""ל דר' עור","אמיליה קוסמטיקס בע""\מ",IL,"תחליב רחצה ד""ר עור פ",מיליליטרים,700.00,"100 מ""ל",false,,16.90,2.4143,true,1,140737
7290111094248,false,"קוויק שקית אשפה חזקה וגדולה במיוחד (90*78), 20 יח'",,TR,קוויק שקיות אשפה XL,יחידה,0.00,יחידה,false,,19.90,0.0000,true,1,120660
7290111094392,false,"טרופיקל תחליב רחצה קוקוס וליים 700 מ""ל דר' עור","אמיליה קוסמטיקס בע""\מ",IL,"תחליב רחצה ד""ר עור ק",מיליליטרים,700.00,"100 מ""ל",false,,16.90,2.4143,true,1,140738
7290111096921,false,קוויק מגבונים לניקוי כללי בתוספת חומץ ומלח לימון 50 יח',די.פי.אל,IL,קוויק מגבונים לניקוי,יחידה,0.00,יחידה,false,,8.90,0.0000,true,1,137641
7290111097447,false,תחליב רחצה רילקס תפוח700,"אמיליה קוסמטיקס בע""\מ",IL,תחליב רחצה דר עור רל,מיליליטרים,700.00,"100 מ""ל",false,,16.90,2.4143,true,1,137643
7290111097546,false,קוויק מגבונים 99.9% לניקוי כללי למשטחים בניחוח מרכך כביסה 50 יחידות,די.פי.אל,IL,קוויק מגבונים לניקוי,יחידה,0.00,יחידה,false,,8.90,0.0000,true,1,139089
7290111097836,false,קוויק מגבונים 99.9% דוחה אבק למשטחים בניחוח מרכך כביסה 50 יחידות,די.פי.אל,IL,קוויק מגבונים דוחה א,יחידה,0.00,יחידה,false,,8.90,0.0000,true,1,139090
7290111285318,false,צלחת במבוק 23 סמ מיקי מאוס,שמחה זה אנחנו,CN,צלחת במבוק 23 מיקי מ,יחידה,0.00,יחידה,false,,9.90,0.0000,true,1,107654
7290111285349,false,צלחת במבוק 23 מפרץ ההרפתקאות בנים,שמחה זה אנחנו,CN,צלחת במבוק 23 מרץ הה,יחידה,0.00,יחידה,false,,9.90,0.0000,true,1,107658
7290111285356,false,צלחת במבוק 23 סמ סמי הכבאי,שמחה זה אנחנו,CN,צלחת במבוק 23 סמי הכ,יחידה,0.00,יחידה,false,,9.90,0.0000,true,1,107659
7290111285400,false,קערה במבוק מיקי מאוס יח,שמחה זה אנחנו,CN,קערה במבוק מיקי מאוס,יחידה,0.00,יחידה,false,,9.90,0.0000,true,1,107669
7290111285462,false,כוס במבוק ספיידרמן יח,שמחה זה אנחנו,CN,כוס במבוק ספיידרמן,יחידה,0.00,יחידה,false,,7.90,0.0000,true,1,107685
7290111285509,false,כוס במבוק מיני מאוס יח,שמחה זה אנחנו,CN,כוס במבוק מיני מאוס,יחידה,0.00,יחידה,false,,7.90,0.0000,true,1,107683
7290111340185,false,מטליות לחות רצפה ניחוח מרכך כביסה ניקול 10 יחידות,חוגלה קימברלי,IL,מטליות לחות לרצפה בנ,יח',10.00,יח',false,,11.90,1.1900,true,1,94235
7290111341373,false,נייר טואלט לילי פסטל 30 יחידות,לילי נייר טואלט חוגלה,IL,לילי פסטל נייר טואלט,יחידה,0.00,יחידה,false,,39.90,0.0000,true,1,98160
7290111341984,false,לילי - מגבוני נייר טואלט לח פיור רביעייה,קימברלי,IL,לילי נייר טואלט לח מ,יחידה,0.00,יחידה,false,,22.90,0.0000,true,1,106900
7290111342738,false,לילי - מגבוני נייר טואלט לח קידס רביעייה,לילי נייר טואלט חוגלה,IL,לילי נייר טואלט לח ק,יחידה,0.00,יחידה,false,,22.90,0.0000,true,1,107721
7290111343117,false,"קלינקס לושן סופט פק זוגות 140 דף ""חדש""",קימברלי קלארק,IL,קלינקס לושן סופט פק,יחידה,0.00,יחידה,false,,13.90,0.0000,true,1,135527
7290111344527,false,ניקול שקיות אשפה XXL לפחים ענקיים 20 יחי,קימברלי קלארק,IL,זוג שקיות אשפה ענקיי,יחידה,0.00,יחידה,false,,25.90,0.0000,true,1,135528
7290111345777,false,תחבושת קוטקס כותנה לילה 16 יח' קוטקס,קריות זול,CZ,קוטקס תחבושות כותנה,יח',16.00,יח',false,,19.90,1.2437,true,1,140353
7290111345814,false,נייר טואלט לילי נטורל קר 30 גלילים מהדורה,לילי נייר טואלט חוגלה,IL,נייר טואלט לילי נטור,יחידה,0.00,יחידה,false,,39.90,0.0000,true,1,138949
7290111346125,false,מארז שלישייה מגבוני דיילי קר ללא בישום *56 יח' האגיס,קימברלי,IL,מגבוני האגיס דיילי ק,יחידה,0.00,יחידה,false,,18.90,0.0000,true,1,140336
7290111346132,false,מארז שלישייה מגבוני סנסטיב קר ללא בישום *56 יח' האגיס,עלבד,IL,מגבוני האגיס סנסטיב,יחידה,0.00,יחידה,false,,18.90,0.0000,true,1,140337
7290111346293,false,מגבת נייר ניקול 6 יחידות מהדורה חגיגית,קימברלי קלארק,IL,מגבות מטבח שישייה ני,יחידה,0.00,יחידה,false,,12.90,0.0000,true,1,139411
7290111350726,false,חטיף נאצוס הוטפופ בסגנון מקסיקני 322 גר,ליימן מותגים,US,נאצ'וס מתירס צהוב 32,גרמים,322.00,100 גרם,false,,16.90,5.2484,true,1,136444
7290111352935,false,יוגטה סוכריות טופי ממולאות 600 גרם 3 טעמים,מוטקה החולב,TR,סוכריות טופי ממולא 3,גרמים,600.00,100 גרם,false,,10.90,1.8167,true,1,120782
7290111352959,false,מקלות חמוצים ממולאים בטעם פירות 80 גר' יוגטה,יוגטה yogueta,TR,יוגטה מקלות חמוצים 8,גרמים,80.00,100 גרם,false,,4.90,6.1250,true,1,120784
7290111352966,false,יוגטה סוכריות ממולאות בטעם פירות 250 גרם ללא ג'לטין,ליימן שליסל,TR,סוכריות גומי ממולאות,גרמים,250.00,100 גרם,false,,8.50,3.4000,true,1,120785
7290111353109,false,"גומי נחש מבריק 200 גר' וסטהיים (כש""לפ בית יוסף).",טופגם תעשיות ממתקים,TR,סוכריות גומי נחשים מ,גרמים,200.00,100 גרם,false,,9.90,4.9500,true,1,128564
7290111353239,false,"גומי יין 200 גר' וסטהיים (כש""לפ בית יוסף)",טופגם תעשיות ממתקים,TR,סוכריות גומי יין 200,גרמים,200.00,100 גרם,false,,9.90,4.9500,true,1,128567
7290111534010,false,פס גבינה שמנת פירורים קפולסקי 400 גרם,תופינים מקבוצת קפולסקי,IL,פס גבינה שמנת ופירור,גרמים,450.00,100 גרם,false,,42.90,9.5333,true,1,92880
7290111564277,false,פריכיות דקות ונימוחות 3 דגנים פיטנס Fitness,פרח תעשיות בעמ,IL,פריכיות 3 דגנים דקות,גרמים,120.00,100 גרם,false,,11.90,9.9167,true,1,94245
7290111564291,false,פריכיות דקות ונימוחות 3 דגנים וקינואה פיטנס Fitness,פרח תעשיות בעמ,IL,פריכיות דקות עם קינו,גרמים,120.00,100 גרם,false,,11.90,9.9167,true,1,94246
7290111565038,false,"לה קרמריה וניל קוקילידה בד""צ 1.4 ל'",גלידות נסטלה )נגה גלידות,IL,לה קרמריה וניל קוקיל,מיליליטרים,1400.00,"100 מ""ל",false,,22.90,1.6357,true,1,97079
7290111566103,false,טבעול פלאפל מרכיבים ביתיים בלבד 590 גרם,עיצובים 2020 (4.8),IL,פלאפל מרכיבים ביתיים,גרמים,590.00,100 גרם,false,,34.90,5.9153,true,1,96008
7290111566226,false,שניצל ברוקולי טבעול 667 גרם,עיצובים 2020 (4.8),IL,שניצל ברוקולי טבעול,גרמים,667.00,100 גרם,false,,34.90,5.2324,true,1,96006
7290111566240,false,שניצל דק מן הצומח בטעם צ'ילי חריף 700 גרם,עיצובים 2020 (4.8),IL,שניצל דק בטעם צ'ילי,גרמים,564.00,100 גרם,false,,34.90,6.1879,true,1,96003
7290111566271,false,חטיפי תירס טבעול 657 גרם,עיצובים 2020 (4.8),IL,חטיפי תירס טבעול 657,גרמים,657.00,100 גרם,false,,34.90,5.3120,true,1,96004
7290111566318,false,שניצל דק מן הצומח בטעם ביתי 700 גרם,עיצובים 2020 (4.8),IL,שניצל דק מן הצומח טב,גרמים,564.00,100 גרם,false,,34.90,6.1879,true,1,96005
7290111566332,false,"נקניקיות וינר מן הצומח 680 גרם ""טבעול""",עיצובים 2020 (4.8),IL,נקניקיות וינר צמחוני,גרמים,680.00,100 גרם,false,,34.90,5.1324,true,1,96007
7290111566417,false,טבעול טחון מן הצומח משופר 400 גרם,עיצובים 2020 (4.8),IL,טחון צמחוני טבעול 50,גרמים,500.00,100 גרם,false,,34.90,6.9800,true,1,96018
7290111566547,false,טבעול חזה בגריל צמחוני 99 קלוריות 560ג',עיצובים 2020 (4.8),IL,חזה בגריל צמחוני 99,גרמים,560.00,100 גרם,false,,34.90,6.2321,true,1,96015
7290111566561,false,"שניצל ברוקולי 99 קלוריות 560 גר' ""טבעול""",עיצובים 2020 (4.8),IL,שניצל ברוקולי 99 קלו,גרמים,560.00,100 גרם,false,,34.90,6.2321,true,1,97195
7290111566585,false,"שניצל צמחוני 99 קלוריות 650 גר' ""טבעול""",עיצובים 2020 (4.8),IL,שניצל צמחוני 99 קלור,גרמים,650.00,100 גרם,false,,34.90,5.3692,true,1,96014
7290111566660,false,טבעול קציצות עדשים כתומות 6*530גרם,עיצובים 2020 (4.8),IL,קציצות עדשים כתומות,גרמים,530.00,100 גרם,false,,34.90,6.5849,true,1,97389
7290111566691,false,"שניצל תרד 99 קלוריות 560 גרם ""טבעול""",עיצובים 2020 (4.8),IL,שניצל טבעול תרד 99 ק,גרמים,560.00,100 גרם,false,,34.90,6.2321,true,1,105215
7290111566714,false,טבעול המבורגר צמחוני 99 קלוריות 600 גרם,עיצובים 2020 (4.8),IL,המבורגר צמחוני 99 קל,גרמים,600.00,100 גרם,false,,34.90,5.8167,true,1,96013
7290111566752,false,טבעול שניצל תירס 99 קלוריות 693 גרם,עיצובים 2020 (4.8),IL,שניצל תירס 99 קלוריו,גרמים,693.00,100 גרם,false,,34.90,5.0361,true,1,96010
7290111568206,false,"מיקס ביסלי, אפרופו ופיצוחים מתובלים",פרו מן יו פתרונות אר,IL,ביסלי פארטי מיקס אסם,גרמים,150.00,100 גרם,false,,9.50,6.3333,true,1,97393
7290111568251,false,אטריות נודלס להקפצה אסם אסייתי 350 גר',תאי פרזידנטפוד,TH,נודלס איטריות להקפצה,גרמים,350.00,100 גרם,false,,10.90,3.1143,true,1,97181
7290111568275,false,אטריות נודלס אורז רחבות אסם אסייתי 300גרם,תאי פרזידנט,TH,נודלס איטריות אורז ר,גרמים,300.00,100 גרם,false,,10.90,3.6333,true,1,97182
7290111930898,false,חטיף פוף כוכבים גריל אמריקאי 40 גרם,פוף POOF,IL,חטיף פוף כוכבים גריל,גרמים,40.00,100 גרם,false,,4.20,10.5000,true,1,95018
7290111930904,false,חטיף פוף כוכבים בצל 40 גרם,פוף POOF,IL,חטיף פוף כוכבים בצל,גרמים,40.00,100 גרם,false,,4.20,10.5000,true,1,95019
7290111930911,false,חטיף פוף לבבות קלאסי 40 גרם,פוף POOF,IL,חטיף פוף לבבות קלאסי,גרמים,40.00,100 גרם,false,,4.20,10.5000,true,1,95017
7290111930928,false,חטיף פוף לבבות גריל 40 גרם,פוף POOF,IL,חטיף פוף לבבות גריל,גרמים,40.00,100 גרם,false,,4.20,10.5000,true,1,95020
7290111930935,false,חטיף פוף טבעות קלאסי 40 גרם,פוף POOF,IL,חטיף פוף טבעות קלאסי,גרמים,40.00,100 גרם,false,,4.20,10.5000,true,1,95021
7290111932380,false,"מרידול משחת שיניים מארז 75X2מ""ל כשל""פ",GABA LOER GER,PL,מרידול מארז זוג משחו,מטרים,150.00,100 מ'ל,false,,29.90,19.9333,true,1,134880
7290111933554,false,שלישייה עגבניות קוביות מאסטר שף 400 גרם,קונסוריזיו קאסאלסקו,IT,עגבניות קוביות מאסטר,גרמים,1200.00,100 גרם,false,,16.90,1.4083,true,1,98867
7290111935961,false,מאסטר שף מחית עגבניות 690 גרם,פראנו אנריקו ופיגלי,IT,מחית עגבניות מאסטר ש,גרמים,690.00,100 גרם,false,,10.90,1.5797,true,1,135413
7290111938498,false,"מנה אסייאתי רוטב סויה בהירה 700 מ""ל מ.שף",קי.אר.אס. ספייסי פוד,TH,רוטב סויה בהירה מאסט,מיליליטרים,700.00,"100 מ""ל",false,,14.90,2.1286,true,1,113340
7290112000286,false,"גל לניקוי אסלות סיליט באנג לימון 750 מ""ל",סיליט באנג Cillit Bang,PL,סיליט באנג גל לניקוי,מיליליטרים,750.00,"100 מ""ל",false,,9.90,1.3200,true,1,95736
7290112000293,false,"סיליט באנג ג'ל לחיטוי וניקוי האסלה פרש, 750 מ""ל",סיליט באנג Cillit Bang,PL,סיליט באנג גל לניקוי,מיליליטרים,750.00,"100 מ""ל",false,,9.90,1.3200,true,1,95737
7290112000385,false,מנקה ומחטא עוצמתי למטבח ללא אקונומיקה,רקיט בנקיזר,PL,מנקה ומחטא למטבח 750,מיליליטרים,750.00,"100 מ""ל",false,,15.90,2.1200,true,1,98775
7290112000408,false,מנקה ומחטא עוצמתי לניקוי כללי בניחוח לימון,רקיט בנקיזר,US,מנקה ומחטא לניקוי כל,מיליליטרים,750.00,"100 מ""ל",false,,15.90,2.1200,true,1,98776
7290112000798,false,"דיטול תרסיסי חיטוי וניקוי אנטי בקטריאלי 750 מ""ל",רקיט בנקיזר,US,מחטא משטחים לימון מנ,מיליליטרים,750.00,"100 מ""ל",false,,15.90,2.1200,true,1,98780
7290112001238,false,"מנקה מכונת כביסה קולון לימון 250 מ""ל",רקיט בנקיזר,ES,קולון מנקה מכונת כבי,מיליליטרים,250.00,"100 מ""ל",false,,21.90,8.7600,true,1,98969
7290112001436,false,"פיניש מנקה מדיח כלים בניחוח לימון 250 מ""ל",רקיט בנקיזר,PL,פיניש מנקה ומחדש ניח,מיליליטרים,250.00,"100 מ""ל",false,,21.90,8.7600,true,1,107346
7290112001870,false,"סיליט באנג ספריי ניקוי אמבטיה 750 מ""ל",רקיט בנקיזר,PL,סיליט באנג ספריי לני,מיליליטרים,750.00,"100 מ""ל",false,,13.90,1.8533,true,1,106860
7290112002044,false,טבליות פיניש מנקה מדיח 3 יח,רקיט בנקיזר,HU,פיניש מנקה מדיח טבלי,יחידה,0.00,יחידה,false,,19.90,0.0000,true,1,106859
7290112002099,false,קולון גל כביסה מרוכז 2.5 ליטר קלאסי,רקיט בנקיזר,IL,קולון גל מרוכז רגיל,ליטרים,2.50,ליטר,false,,25.90,10.3600,true,1,107031
7290112002105,false,קולון גל כביסה מרוכז 2.5 ליטר ניחוח לילך,רקיט בנקיזר,IL,קולון ג'ל מרוכז לילך,ליטרים,2.50,ליטר,false,,25.90,10.3600,true,1,107032
7290112002112,false,ג'ל כביסה מרוכז קולון 101 בניחוח ורדים,רקיט בנקיזר,IL,קולון ג'ל מרוכז ורדי,ליטרים,2.50,ליטר,false,,25.90,10.3600,true,1,107033
7290112002129,false,ג'ל כביסה מרוכז קולון 101 בניחוח פריחה מרענן,רקיט בנקיזר,IL,קולון ג'ל מרוכז פריח,ליטרים,2.50,ליטר,false,,25.90,10.3600,true,1,107034
7290112004413,false,"ספריי וניש קליה להסרת כתמים לבגדים לבנים 750 מ""ל",רקיט בנקיזר,PL,וניש ספריי להסרת כתמ,מיליליטרים,750.00,"100 מ""ל",false,,24.90,3.3200,true,1,139479
7290112004970,false,פיניש אולטימייט קוואנטום 50 טבליות למדיח,רקיט בנקיזר,IL,פיניש אולטימייט טבלי,יח',50.00,יח',false,,59.90,1.1980,true,1,140969
7290112005052,false,וניש תוסף כביסה רב תכליתי לבגדים לבנים,קליה וניש Kalia Vanish,IT,וניש אבקה לכביסה לבנ,גרמים,1500.00,100 גרם,false,,39.90,2.6600,true,1,140088
7290112005083,false,וניש תוסף כביסה רב תכליתי לכביסה צבעונית,קליה וניש Kalia Vanish,IT,וניש אבקה לכביסה צבע,גרמים,1500.00,100 גרם,false,,39.90,2.6600,true,1,140089
7290112330352,false,"יוגורט PRO בטעם וניל 0% , 20 גרם חלבון בגביע","שטראוס בריאות בע""\מ",IL,דנונה פרו וניל 0% שו,גרמים,200.00,100 גרם,false,,6.40,3.2000,true,1,99993
7290112330390,false,דנונה פרו פירות יער 20 גרם חלבון 0% שומן 200 גרם,"שטראוס בריאות בע""\מ",IL,דנונה פרו 20 גרם פיר,גרמים,200.00,100 גרם,false,,6.40,3.2000,true,1,99994
7290112330420,false,דנונה פרו לבן 2.9% שומן 150 גרם,מיוצר עי קונדיטוריית,IL,דנונה פרו לבן 150 ג,גרמים,150.00,100 גרם,false,,4.90,3.2667,true,1,99446
7290112332585,false,פריכיות משולש תפוא אורז בתיבול סלק ומלח ים אנרג'י 30 גרם,"פרח תעשיו מזון בע""מ",IL,"פריכיות תפו""א/אורז/ב",גרמים,30.00,100 גרם,false,,5.90,19.6667,true,1,100478
7290112332691,false,פינוקיות עוגיות קרם פסק זמן אגוזים 200 גרם,"הגביע מוצרי וופלים בע""\מ",IL,עוגיות קרם פסק זמן א,גרמים,200.00,100 גרם,false,,10.90,5.4500,true,1,102867
7290112332875,false,מסטיק מאסט קוביות בטעם מנטה עדינה 86 ג' עלית,אסקום קונפקשיין,DE,מאסט מסטיק קוביות מנ,גרמים,86.00,100 גרם,false,,14.90,17.3256,true,1,100047
7290112334305,false,סלט כרובית בטחינה אחלה 330 ג',"שטראוס גרופ בע""\מ",IL,סלט כרובית בטחינה 33,גרמים,330.00,100 גרם,false,,15.90,4.8182,true,1,99422
7290112335487,false,הפריכיות הטעימות קצח ודגנים אנרג'י 135 גרם,אנרג'י Energy - שטראוס,IL,פריכיות הטעימות קצח,גרמים,135.00,100 גרם,false,,13.90,10.2963,true,1,100474
7290112335494,false,הפריכיות הטעימות תפוחי אדמה בטעם פוטטוס,"פרח תעשיות מזון בע""\מ",IL,פריכיות הטעימות פוטט,גרמים,135.00,100 גרם,false,,13.90,10.2963,true,1,100475
7290112335500,false,"פרכיות אנרג'י חומוס,אורז,עדשים שחורות וקינואה 135 גרם","פרח תעשיות מזון בע""\מ",IL,פריכיות הטעימות חלבו,גרמים,135.00,100 גרם,false,,13.90,10.2963,true,1,100476
7290112336644,false,סוכריות מאסט ללא סוכר לימון 80 ג' עלית,שטראוס גרופ,PL,מאסט סוכריות לימון ל,גרמים,80.00,100 גרם,false,,9.30,11.6250,true,1,106869
7290112336651,false,סוכריות מאסט ללא סוכר ריבת חלב 80 ג' עלית,שטראוס גרופ,PL,מאסט סוכריות ריבת חל,גרמים,80.00,100 גרם,false,,9.30,11.6250,true,1,106871
7290112336712,false,יוגורט PRO לבן 0% 21 גרם חלבון בגביע,"שטראוס בריאות בע""מ",IL,דנונה פרו 21 עשיר בח,גרמים,200.00,100 גרם,false,,6.40,3.2000,true,1,99783
7290112337481,false,סוכריות מאסט ללא סוכר קפצ''ינו 80 ג' עלית,שטראוס גרופ,PL,מאסט סוכריות קפוצ'ינ,גרמים,80.00,100 גרם,false,,9.30,11.6250,true,1,106872
7290112338877,false,מעדן גבינה בטעם תות 3% 125ג' סקי,"שטראוס בריאות בע""\מ",IL,סקי תות 3% דנונה 125,גרמים,125.00,100 גרם,false,,3.90,3.1200,true,1,99265
7290112339171,false,מילקי מוס עם שוקולד וקצפת,מיוצר עי קונדיטוריית,IL,מילקי מוס 81גר,גרמים,81.00,100 גרם,false,,3.60,4.4444,true,1,99266
7290112339362,false,דנונה לייט אנד פריי בטעם קפוצ'ינו 150 גרם,"שטראוס בריאות בע""\מ",IL,דנונה לייט אנד פרייי,גרמים,150.00,100 גרם,false,,4.80,3.2000,true,1,107157
7290112339867,false,גמדים לדרך גבינה לבנה עם מחית תות,"שטראוס בריאות בע""\מ",IL,גמדים סקוויז תות 100,גרמים,100.00,100 גרם,false,,5.90,5.9000,true,1,99439
7290112339874,false,גמדים לדרך גבינה לבנה עם מחיות תות ובננה,"שטראוס בריאות בע""\מ",IL,גמדים סקוויז תות בננ,גרמים,100.00,100 גרם,false,,5.90,5.9000,true,1,99440
7290112340122,false,הפריכיות הטעימות 3 דגנים אנרג'י 135 גרם,"פרח תעשיות מזון בע""\מ",IL,פריכיות הטעימות 3 דג,גרמים,135.00,100 גרם,false,,13.90,10.2963,true,1,100477
7290112340245,false,צנצנת מסטיק מאסט בטעם דובדבן 66 ג' עלית,"שטראוס גרופ בע""\מ",IL,מסטיק מאסט דובדבן מג,גרמים,66.00,100 גרם,false,,10.90,16.5152,true,1,99915
7290112340252,false,צנצנת מסטיק מאסט בטעם אבטיח מלון 66 ג' עלית,"שטראוס גרופ בע""\מ",IL,מסטיק מאסט אבטיח מלו,גרמים,66.00,100 גרם,false,,10.90,16.5152,true,1,99916
7290112340276,false,פינוקיות עוגיות קרם קפה 200 גרם,"הגביע מוצרי וופלים בע""\מ",IL,עוגיות קרם קפה נמס 2,גרמים,200.00,100 גרם,false,,10.90,5.4500,true,1,102869
7290112341556,false,יוגורט אקטיביה עם צ'יה ותות 150 גרם,"שטראוס בריאות בע""\מ",IL,אקטיביה צ'יה ותות 15,גרמים,150.00,100 גרם,false,,4.90,3.2667,true,1,106824
7290112341679,false,דנונה אקטיביה 3% שומן 200 גרם,מיוצר עי קונדיטוריית,IL,אקטיביה יוגורט 3% דנ,גרמים,150.00,100 גרם,false,,3.90,2.6000,true,1,106825
7290112341686,false,שמינייה יוגורט לבן אקטיביה 3% דנונה 150 גרם.,מיוצר עי קונדיטוריית,IL,אקטיביה 3% מארז שמינ,גרמים,1200.00,100 גרם,false,,21.90,1.8250,true,1,106826
7290112342102,false,סימפוניה גבינה במרקם שמנת בצל מקורמל 5%,"שטראוס בריאות בע""\מ",IL,גבינת סימפוניה בצל מ,גרמים,200.00,100 גרם,false,,11.80,5.9000,true,1,112308
7290112342270,false,קפה פלטינום אינטנס מחוזק ב- 10% אספרסו,שטראוס קפה בי.וי,IL,קפה פלטינום אינטנס 1,גרמים,200.00,100 גרם,false,,18.90,9.4500,true,1,112041
7290112342362,false,יוגורט אקטיביה 3% 150 גרם החזרות.,STRAUSS-ISRAEL,IL,אקטיביה 3% 150 גר,גרמים,1200.00,100 גרם,false,,2.80,0.2333,true,1,106832
7290112342508,false,דוריטוס צ'יזי טוויסט 70 גרם,"שטראוס פריטו ליי בע""\מ",IL,דוריטוס קול ראנצ' 70,גרמים,70.00,100 גרם,false,,3.90,5.5714,true,1,107663
7290112343260,false,"יטבתה רוטב שמנת קלאסי 9% שומן 260 מ""ל",שטראוס גרופ,IL,רוטב שמנת קלאסי 9% י,מיליליטרים,250.00,"100 מ""ל",false,,10.90,4.3600,true,1,107806
7290112343420,false,"משקה חלב עם דגנים מלאים ובננה פרו יטבתה 350מ""ל",מחלבת יטבתה,IL,שייק פרו ארוחת בוקר,מיליליטרים,350.00,"100 מ""ל",false,,7.70,2.2000,true,1,107805
7290112343499,false,חטיף צ'יטוס פאפס אפוי בטעם גבינה,"שטראוס פריטו ליי בע""\מ )",IL,ציטוס פופס 55גרם,גרמים,55.00,100 גרם,false,,3.90,7.0909,true,1,137683
7290112344564,false,רביולי גבינה קלאסי שטראוס 400 ג',מיוצר עי קונדיטוריית,IL,רביולי גבינה ילדים 4,גרמים,300.00,100 גרם,false,,21.90,7.3000,true,1,106841
7290112344755,false,מילקי שוקולד 26% פחות סוכר 135 גרם,מיוצר עי קונדיטוריית,IL,מילקי עם 26% פחות סו,גרמים,135.00,100 גרם,false,,2.90,2.1481,true,1,129094
7290112344786,false,קפה פלטינום קלאסיק עלית 200 גרם,הנסיך- מפעל לייצור ט,IL,קפה פלטינום קלאסיק ע,גרמים,200.00,100 גרם,false,,29.90,14.9500,true,1,113450
7290112346360,false,בפלות אחת אחת ופל בטעם שוקולד מצופה שוקולד,הגביע מוצרי וופלים ב,GR,בפלות בציפוי שוקולד,גרמים,180.00,100 גרם,false,,14.90,8.2778,true,1,112341
7290112346629,false,דנונה בר יוגורט+קורנפלקס מצופה שוקולד חלב ולבן 172 גרם,"שטראוס בריאות בע""\מ",IL,דנונה עם קורנפלקס מצ,גרמים,172.00,100 גרם,false,,4.80,2.7907,true,1,120503
7290112346797,false,יוגורט אקטיביה שיבולת שועל ושזיף 150 גרם,מיוצר עי קונדיטוריית,IL,אקטיביה שיבולת שועל,גרמים,150.00,100 גרם,false,,4.90,3.2667,true,1,120027
7290112346827,false,שמיניית אקטימל ויטמין C פטל 108 גרם,"שטראוס בריאות בע""\מ",IL,אקטימל ויטמין C פטל,מיליליטרים,864.00,"100 מ""ל",false,,21.90,2.5347,true,1,128483
7290112347008,false,גמדים לדרך גבינה לבנה עם מחית תות ושיבולת שועל,מיוצר עי קונדיטוריית,IL,גמדים סקוויז ארוחת ב,גרמים,100.00,100 גרם,false,,5.90,5.9000,true,1,107811
7290112348142,false,שעועית לבנה 380 גר' בקופסה טעם הטבע,שטראוס טעם הטבע,IT,שעועית לבנה ט.הטבע ק,גרמים,380.00,100 גרם,false,,6.90,1.8158,true,1,120305
7290112348616,false,עלית - קפה נמס אגוזי לוז 100 גרם,שטראוס קפה בי.וי,IL,קפה נמס אגוזי לוז על,גרמים,100.00,100 גרם,false,,15.90,15.9000,true,1,128310
7290112348999,false,הפריכיות הטעימות תירס דקות אנרג'י 135 גרם,פרח תעשיות,IL,אנרג'י פריכיות הטעימ,גרמים,135.00,100 גרם,false,,13.90,10.2963,true,1,134790
7290112349316,false,מסטיק בזוקה פופים ממולא בטעם תות ללא סוכר,אסקום קונפקשיין,DE,בזוקה ביג פופים בטעם,גרמים,86.00,100 גרם,false,,14.90,17.3256,true,1,113441
7290112349606,false,מעדן גבינה ויוגורט תות בננה 88 ג' דניאלה,"שטראוס בריאות בע""\מ",IL,דניאלה בטעם תות בננה,גרמים,88.00,100 גרם,false,,4.30,4.8864,true,1,138546
7290112349705,false,פומודורו רוטב עגבניות קלאסי לפסטה יד מרדכי 350 גרם,אמיליאנה קונסרב סוסייטה,IT,רוטב עגבניות קלאסי ל,גרמים,350.00,100 גרם,false,,12.90,3.6857,true,1,112796
7290112349736,false,בזיליקום רוטב עגבניות לפסטה יד מרדכי 350 גרם,אמיליאנה קונסרב סוסייטה,IT,רוטב עגבניות לפסטה 3,גרמים,350.00,100 גרם,false,,12.90,3.6857,true,1,112797
7290112349750,false,פיצה רוטב עגבניות לפיצה יד מרדכי 350 גרם,אמיליאנה קונסרב סוסייטה,IT,רוטב עגבניות לפיצה 3,גרמים,350.00,100 גרם,false,,12.90,3.6857,true,1,112800
7290112349897,false,מסטיק מאסט Must קוביות בטעם מנטה ללא סוכר,אסקום קונפקשיין,DE,מאסט קוביות מנטה 86ג,גרמים,86.00,100 גרם,false,,14.90,17.3256,true,1,113443
7290112350275,false,קפסולות LUNGO למכונת נספרסו עלית 10 יחידות,שטראוס קפה בי.וי,IL,קפסולות למכונת נספרס,גרמים,50.00,100 גרם,false,,18.90,37.8000,true,1,112725
7290112350589,false,ציקו אבקה להכנת משקה ציקוריה 65 גר,שטראוס קפה בי.וי,IL,אבקה ציקו 65 גרם,גרמים,65.00,100 גרם,false,,11.90,18.3077,true,1,120813
7290112351104,false,שוקולד פרה ממולא פיצפוצי אורז 100 ג' עלית,"שטראוס גרופ בע""\מ",IL,שוקולד פרה פיצפוצי א,גרמים,100.00,100 גרם,false,,6.50,6.5000,true,1,120241
7290112351128,false,שוקולד פרה סוכריות קופצות וועסטהייים,"שטראוס גרופ בע""\מ",IL,שוקולד פרה סוכריות ק,גרמים,100.00,100 גרם,false,,6.50,6.5000,true,1,120806
7290112351463,false,שלישיית סוכריות מאסט FRESH פטל לימון 45 ג' עלית,"הליקון גידה בע""\מ",TR,שלישיית סוכריות פרש,גרמים,45.00,100 גרם,false,,9.90,22.0000,true,1,120557
7290112351470,false,סוכריות ללא סוכר בטעם תות רימון מאסט פרש,"הליקון גידה בע""\מ",TR,שלישיית סוכריות פרש,גרמים,45.00,100 גרם,false,,9.90,22.0000,true,1,120556
7290112353887,false,"משקה קפה קר בטעם אגוזים יטבתה 230 מ""ל",האי נאם סי או אל.טי.,AT,משקה קפה קר בטעם אגו,מיליליטרים,230.00,"100 מ""ל",false,,7.90,3.4348,true,1,120747
7290112354204,false,ספגטי עגבניות דלישס 280 גרם,גסטרונומיה פרוסט אס. אר.,IT,ספגטי עגבניות 280גרם,גרמים,280.00,100 גרם,false,,24.90,8.8929,true,1,141275
7290112354211,false,"פיצה מרגריטה""דלישס"" שטראוס",סקרלינפיצה אס. אר. אל. א,IT,פיצה מרגריטה 400גרם,גרמים,400.00,100 גרם,false,,27.90,6.9750,true,1,141272
7290112354235,false,ברקטה פיצה - 2 יחידות במארז,סקרלינפיצה אס. אר. אל. א,IT,ברקטה פיצה 300גרם דל,גרמים,300.00,100 גרם,false,,27.90,9.3000,true,1,141273
7290112355027,false,דנונה פרו 20 גרם חלבון בטעם קרמל מלוח 200 גרם,"שטראוס בריאות בע""\מ",IL,דנונה פרו 20 בטעם קר,גרמים,200.00,100 גרם,false,,6.40,3.2000,true,1,129091
7290112355102,false,גמדים סקוויז 100 גרם פאוץ סלט פירות 100 גרם,"שטראוס בריאות בע""\מ",IL,גמדים סקוויז סלט פיר,גרמים,100.00,100 גרם,false,,5.90,5.9000,true,1,135286
7290112355393,false,"יטבתה רוטב שמנת+בטטה 9% שומן 250 מ""ל",שטראוס גרופ,IL,רוטב שמנת עם בטטה 2,מיליליטרים,257.00,"100 מ""ל",false,,10.90,4.2412,true,1,141219
7290112355812,false,מעדן מילקי עם טופ קורנפלקס מצופה שוקולד,"שטראוס גרופ בע""\מ",IL,מילקי טופ קורנפלקס 1,גרמים,141.00,100 גרם,false,,4.90,3.4752,true,1,140086
7290112355867,false,מילקי קצפת טופ פיצפוצים 86 גרם,"שטראוס גרופ בע""\מ",IL,מילקי טופ קצפת פצפוצ,גרמים,86.00,100 גרם,false,,4.50,5.2326,true,1,137993
7290112356536,false,אבקת קקאו 150 גר 10% תוספת עלית,הנסיך- מפעל לייצור ט,IL,קקאו עלית 150 גרם+10,גרמים,150.00,100 גרם,false,,10.90,7.2667,true,1,120814
7290112357045,false,עגבניות איטלקיות מרוסקות 390 גר' בקופסה טעם הטבע,שטראוס טעם הטבע,IT,עגבניות איטלקיות מרו,גרמים,390.00,100 גרם,false,,6.90,1.7692,true,1,120302
7290112357083,false,טעם הטבע אפונה ירוקה 380 גרם קופסה,שטראוס טעם הטבע,IT,אפונת גינה ט.הטבע קו,גרמים,380.00,100 גרם,false,,6.90,1.8158,true,1,120304
7290112357106,false,שעועית אדומה 380 גר' בקופסה טעם הטבע,שטראוס טעם הטבע,IT,שעועית אדומה ט.הטבע,גרמים,380.00,100 גרם,false,,6.90,1.8158,true,1,120306
7290112357892,false,סוכריות ללא סוכר בטעם מנטה מאסט פרש,"הליקון גידה בע""\מ",TR,שלישיית סוכריות פרש,גרמים,45.00,100 גרם,false,,9.90,22.0000,true,1,120558
7290112358233,false,רוטב צ'ילי חריף יד מרדכי 300 גרם,"בית אל מזון בע""מ",IL,רוטב צילי חריף 300 ג,מיליליטרים,300.00,"100 מ""ל",false,,14.90,4.9667,true,1,127924
7290112358431,false,עד חצות דאבל ביסקוויט עם שוקולד חלב -8 אריזות אישיות,ביסקוויטס טור ד'\אלבון,FR,עד חצות ביסקוויט דאב,גרמים,200.00,100 גרם,false,,14.90,7.4500,true,1,136235
7290112359353,false,קפה טורקי אלדין עלית 200 גרם.,שטראוס קפה בי.וי,IL,*מבצע* אלדין קפה טור,גרמים,200.00,100 גרם,false,,15.90,7.9500,true,1,139155
7290112490650,false,קונפיטורה תות שדה 340 גרם-צנצנת,קונפיטורות לה-ארדניי,BE,קונפיטורה 778 תות שד,גרמים,340.00,100 גרם,false,,14.90,4.3824,true,1,98606
7290112490667,false,קונפיטורה משמש778 50% פרי 340 גר',יוניליוור מזון,BE,קונפיטורה 778 משמש 3,גרמים,340.00,100 גרם,false,,14.90,4.3824,true,1,98607
7290112490728,false,מרק עשיר ירקות עם בורגול רכיבים טבעיים 95 ג' קנור,יוניליוור ישראל מזון בעמ,IL,מרק עשיר ירקות בורגו,גרמים,95.00,100 גרם,false,,12.90,13.5789,true,1,98581
7290112491794,false,בייגלה דקים דקים בטעם שמנת ובצל בייגל בייגל 300 גרם,בייגל את בייגל מזון 198),IL,בייגלה דקים דקים שמנ,גרמים,300.00,100 גרם,false,,10.90,3.6333,true,1,99657
7290112492449,false,פינוק שמפו שיער רגיל 700 מל-חדש,יוניליוור ישראל טיפוח אי,IL,שמפו פינוק שיער רגיל,מיליליטרים,700.00,"100 מ""ל",false,,13.90,1.9857,true,1,113197
7290112492463,false,"שמפו ומרכך 2 ב-1 לשיער רגיל פינוק 700 מ""ל.",יוניליוור ישראל טיפו,IL,שמפו ומרכך 2 ב-1 לשי,מיליליטרים,700.00,"100 מ""ל",false,,13.90,1.9857,true,1,113199
7290112492470,false,"שמפו ומרכך 2 ב-1 לשיער יבש פינוק 700 מ""ל.",יוניליוור פארם,IL,פינוק 2ב1 לשיער יבש,מיליליטרים,700.00,"100 מ""ל",false,,13.90,1.9857,true,1,134885
7290112492531,false,פינוק מרכך שיער רגיל 700 מל-חדש,יוניליוור פארם,IL,מרכך לשיער רגיל 700,מיליליטרים,700.00,"100 מ""ל",false,,13.90,1.9857,true,1,107631
7290112492609,false,"תחליב רחצה פינוק 700 מ""ל לבנדר ווניל",יוניליוור ישראל טיפוח אי,IL,פינוק תחליב רחצה לבנ,מיליליטרים,700.00,"100 מ""ל",false,,12.90,1.8429,true,1,107637
7290112492982,false,"אבקת מרק פטריות כשל""פ 100% רכיבים טבעיים 400 גרם",יוניליוור ישראל מזון בע\,IL,קנור א.מרק פטריות רכ,גרמים,400.00,100 גרם,false,,25.90,6.4750,true,1,107628
7290112493064,false,"רוטב לעוף עם שזיפים 310 גרם ""קנור""",יוניליוור ישראל מזון בע\,IL,רוטב שזיפים לעוף קנו,גרמים,320.00,100 גרם,false,,14.90,4.6563,true,1,113397
7290112493095,false,נמס בכוס מרק עגבניות חריף רכיבים טבעיים קנור 48 ג',אתר חיפה אבקות - Foo,IL,נמס בכוס קנורעגבניות,גרמים,48.00,100 גרם,false,,7.50,15.6250,true,1,102707
7290112493316,false,מרק היום אפונה ר.טבעיים קנור 117 גרם,יוניליוור ישראל מזון בעמ,IL,מרק היום אפונה 100%,גרמים,117.00,100 גרם,false,,12.90,11.0256,true,1,102709
7290112493927,false,גלידה בטעם ריבת חלב 1.33ל' קרמיסימו,"גלידת שטראוס בע""\מ, רחוב",IL,קרמיסימו רית חלב 1.3,ליטרים,1300.00,100 ליטר,false,,21.90,1.6846,true,1,107642
7290112494351,false,תלמה קורנפלקס של אלופים 850 ג',"יוניליוור שפע ישראל בע""\",IL,קורנפלקס של אלופים ב,גרמים,850.00,100 גרם,false,,18.90,2.2235,true,1,113195
7290112494382,false,פירה בטעם ביתי 260 גרם-קופסא,יוניליוור ישראל מזון בע\,IL,פירה ביתי 260גר,גרמים,260.00,100 גרם,false,,15.50,5.9615,true,1,107182
7290112494801,false,בדין-ג'ל לכביסה לבנה וצבעונית בניחוח עדין ורוד 2.5 ליטר,יוניליוור פארם,IL,בדין גל כביסה לבנה ו,ליטרים,2.50,ליטר,false,,32.90,13.1600,true,1,107724
7290112495044,false,ציפי (פצפוצים) גריין בדצ 500גר,"יוניליור שפע ישראל בע""\מ",IL,קוקומן פצפוצים דגני,גרמים,375.00,100 גרם,false,,22.90,6.1067,true,1,107165
7290112495662,false,קרקר חיטה מלאה ופשתן בייגל בייגל 300 גרם,"מיוצר ע""י קוד יצרן A",IL,קרקר חיטה מלאה עם פש,גרמים,300.00,100 גרם,false,,9.90,3.3000,true,1,112531
7290112495792,false,הלמנס רוטב לסלט שום לייט 300 גר',יוניליוור ישראל מזון בעמ,IL,הלמנס רוטב לסלט שום,גרמים,300.00,100 גרם,false,,14.90,4.9667,true,1,112512
7290112495808,false,"רטבי הלמנס לסלט 300 מ""ל חרדל ודבש",יוניליוור ישראל מזון בעמ,IL,הלמנס לסלט חרדל ודבש,גרמים,305.00,100 גרם,false,,14.90,4.8852,true,1,112514
7290112495815,false,"רוטב חרדל ודבש לייט הלמנס 305 גרם בד""צ.",יוניליוור ישראל מזון בעמ,IL,רוטב חרדל דבש לייט ה,גרמים,305.00,100 גרם,false,,14.90,4.8852,true,1,112951
7290112495976,false,פריכיות אורז בציפוי שוקולד חלב 35גר-חדש,"גוד פוד פרודקטס ,Sp.zo.o",PL,פתית פריכיות שוקולד,גרמים,35.00,100 גרם,false,,4.90,14.0000,true,1,120681
7290112496027,false,סירופ שוקולד אפיכל 580 גרם,יוניליוור ישראל מזון בע\,IL,אפיכל סירופ שוקולד 5,גרמים,580.00,100 גרם,false,,15.90,2.7414,true,1,112527
7290112496287,false,פתית - צ'יפס בטטה בטעם טבעי 21 גרם,JLM גלובל פודסn37\ דרך א,GB,פתית צ'יפס בטטה בטעם,גרמים,0.00,100 גרם,false,,4.90,0.0000,true,1,120689
7290112496294,false,חטיף פתית צ'יפס עם אפונה ירוקה צהובה וצ'ילי,JLM גלובל פודסn37\ דרך א,GB,פתית צ'יפס אפונה בתו,גרמים,0.00,100 גרם,false,,4.90,0.0000,true,1,120690
7290112497031,false,רוטב עגבניות לקציצות קנור 415 גרם,יוניליוור מזון,IT,רוטב עגבניות לקציצות,גרמים,415.00,100 גרם,false,,11.90,2.8675,true,1,135603
7290112497123,false,סחלב תערובת להכנת מעדן בטעם סחלב 112גרם,יוניליוור ישראל מזון בע\,IL,סחלב תערובת להכנה 11,גרמים,112.00,100 גרם,false,,13.90,12.4107,true,1,128370
7290112498052,false,פתית ציפס עם בטטה מארז רביעייה,JLM גלובל פודסn37\ דרך א,GB,פתית ציפס בטטה מארז,גרמים,84.00,100 גרם,false,,15.90,18.9286,true,1,137775
7290112498281,false,"אל סבון לידיים בתוספת שמן קוקוס פינוק 950 מ""ל",יוניליוור ישראל טיפוח אי,TR,פינוק סבון ידיים קוק,מיליליטרים,950.00,"100 מ""ל",false,,12.90,1.3579,true,1,137354
7290112498526,false,"פתית צ'יפס עם בטטה סגולה בטעם שמנת ובצל, 22 גרם",JLM גלובל פודסn37\ דרך א,GB,פתית צ'יפס בטטה סגול,יחידה,0.00,יחידה,false,,4.90,0.0000,true,1,138597
7290112499189,false,"גלידת קרמיסימו חד קרן וניל תות, 1.33 ליטר","גלידת שטראוס בע""\מ, רחוב",IL,קרמיסימו חד קרן 1.33,מיליליטרים,1330.00,"100 מ""ל",false,,21.90,1.6466,true,1,140189
7290112499196,false,גלידה בטעם החלב של הקורנפלקס 1.33 ל' קרמיסימו,"גלידת שטראוס בע""\מ, רחוב",IL,קרמיסימו חלב קורנפלק,מיליליטרים,1330.00,"100 מ""ל",false,,21.90,1.6466,true,1,140188
7290112499462,false,פינוק תחליב רחצה 700 בתוספת שמן קוקוס,יוניליוור ישראל טיפוח אי,IL,פינוק תחליב רחצה שמן,מיליליטרים,700.00,"100 מ""ל",false,,12.90,1.8429,true,1,135556
7290112499509,false,"רקסונה - דאודורנט ספריי לאישה בניחוח אפרסק ולמון גראס 150 מ""ל","ארנסט, רחוב קומבינצקיה 6",RU,רקסונה ספריי נשים אפ,מיליליטרים,150.00,"100 מ""ל",false,,14.90,9.9333,true,1,140341
7290112700407,false,נר גדול מנצנץ זהב ענ,,,נר גדול מנצנץ זהב ענ,יחידה,0.00,יחידה,false,,8.90,0.0000,true,1,97884
7290112705426,false,צלחת במבוק חד קרן 23,,CN,צלחת במבוק 23 חד קרן,יחידה,0.00,יחידה,false,,9.90,0.0000,true,1,107657
7290112705457,false,קערה במבוק חג קרן יח,,CN,קערה במבוק חד קרן,יחידה,0.00,יחידה,false,,9.90,0.0000,true,1,107672
7290112961266,false,בייגלה כפיות פיזור איטלקי אסם 300 גרם,"אסם תעשיות בע""מ",IL,בייגלה כפיות פיוזור,גרמים,300.00,100 גרם,false,,11.90,3.9667,true,1,99887
7290112961372,false,פיטנס חטיפי פריכיות דקות קינמון 60 גרם,"פרח תעשיות מזון בע""\מ",IL,פיטנס חטיפי פריכיות,גרמים,60.00,100 גרם,false,,8.90,14.8333,true,1,99544
7290112961464,false,פיטנס חטיפי פריכיות דגנים וחומוס מתובלות,"פרח תעשיות מזון בע""\מ",IL,פיטנס חטיפי פריכיות,גרמים,60.00,100 גרם,false,,8.90,14.8333,true,1,99545
7290112961754,false,עוגיות שוקולד ציפס עם קרם בטעם אגוזים 220 גר',מיוצר עי קונדיטוריית,IL,עוגיות שוקוציפס קרם,גרמים,200.00,100 גרם,false,,12.70,6.3500,true,1,99208
7290112962287,false,טבעול שווארמה טבעונית 6*450 גרם,"טבעול תעשיות מזון בע""\מ",IL,טבעול שווארמה טבעוני,גרמים,450.00,100 גרם,false,,34.90,7.7556,true,1,112548
7290112963918,false,פיטנס חטיפי קרקר דק רוזמרין 140 גרם,נסטלה Nestle,IL,פיטנס קרקר דק רוזמרי,גרמים,140.00,100 גרם,false,,12.90,9.2143,true,1,102756
7290112964434,false,אסם רוטב קיסר חדש לסלט 295 גרם,"אסם תעשיות בע""מ",IL,רוטב קיסר לסלט אסם 2,גרמים,295.00,100 גרם,false,,12.90,4.3729,true,1,100637
7290112964472,false,אסם רוטב שום חדש לסלט 290 גרם,"אסם תעשיות בע""מ",IL,רוטב שום לסלט אסם 29,גרמים,290.00,100 גרם,false,,12.90,4.4483,true,1,100634
7290112964564,false,"רוטב אלף האיים לייט לסלט אסם 295 מ""ל","אסם תעשיות בע""מ",IL,רוטב אלף האיים לייט,גרמים,295.00,100 גרם,false,,12.90,4.3729,true,1,100639
7290112964601,false,רוטב בנוסח סצ'ואן הסדרה האסייתית,"אסם השקעות בע""\מ",IL,אסם רוטב בנוסח סצואן,מיליליטרים,290.00,"100 מ""ל",false,,15.90,5.4828,true,1,100097
7290112964625,false,אסם רוטב שום לייט חדש לסלט 310 גרם,"אסם תעשיות בע""מ",IL,רוטב שום לייט לסלט א,גרמים,310.00,100 גרם,false,,12.90,4.1613,true,1,100640
7290112964724,false,המבורגר צמחוני עם המון חלבון 580 גר,מיוצר עי קונדיטוריית,IL,טבעול המבורגר טבעוני,גרמים,580.00,100 גרם,false,,33.90,5.8448,true,1,102800
7290112965141,false,תבשיל פתיתים אפויים עם ירקות 130 גרם,"אסם תעשיות בע""מ",IL,תבשיל פתיתים אפויים,גרמים,130.00,100 גרם,false,,11.90,9.1538,true,1,107738
7290112965240,false,מרק נמס בטעם עגבניות זוג * 44 ג' אסם,"אסם תעשיות בע""מ",IL,זוג מרק נמס עגבניות,גרמים,44.00,100 גרם,false,,6.90,15.6818,true,1,102928
7290112965288,false,מרק נמס ירקות אסם בדצ 56 גרם מארז זוגי,"אסם תעשיות בע""מ",IL,זוג מרק נמס ירקות בד,גרמים,56.00,100 גרם,false,,6.90,12.3214,true,1,128465
7290112965301,false,זוג מרק נמס בטעם עוף עם שקדי מרק רגע חם,"אסם תעשיות בע""מ",IL,זוג מרק נמס טעם עוף,גרמים,38.00,100 גרם,false,,6.90,18.1579,true,1,102926
7290112965325,false,תבשיל אורז ספרדי אוסם 140 גרם,"אסם תעשיות בע""מ",IL,תבשיל אורז ספרדי אסם,גרמים,140.00,100 גרם,false,,11.90,8.5000,true,1,107740
7290112965660,false,פיטנס - חטיף מולטיגריין מלח פלפל 25 גרם,מיוצר עי קונדיטוריית,IL,פיטנס חטיף מולטיגריי,גרמים,25.00,100 גרם,false,,5.90,23.6000,true,1,128104
7290112965684,false,פיטנס - חטיף מולטיגריין עשבי תיבול 25 גרם,מיוצר עי קונדיטוריית,IL,פיטנס חטיף מולטיגריי,גרמים,25.00,100 גרם,false,,5.90,23.6000,true,1,128105
7290112965707,false,פיטנס - חטיף מולטיגריין צילי מעודן 25 גרם,"אסם השקעות בע""\מ",IL,פיטנס חטיף מולטיגריי,גרמים,25.00,100 גרם,false,,5.90,23.6000,true,1,128106
7290112965783,false,אוסם - ביסלי פריסטייל על האש 60 גרם,"אסם השקעות בע""\מ",IL,ביסלי פריסטייל על הא,גרמים,60.00,100 גרם,false,,5.50,9.1667,true,1,136362
7290112965943,false,טבעול נאגטס ירקות ירוקים 6*500גרם,"טבעול תעשיות מזון בע""\מ",IL,נאגטס ירקות ירוקים 5,גרמים,500.00,100 גרם,false,,34.90,6.9800,true,1,120703
7290112965967,false,טבעול נאגטס ירקות כתומים 6*500גרם,"טבעול תעשיות מזון בע""\מ",IL,נאגטס ירקות כתומים 5,גרמים,500.00,100 גרם,false,,34.90,6.9800,true,1,120704
7290112965981,false,טבעול גורמה ארוחת דגנים 450 גרם,טבעול (מקבוצת אסם הש,IL,טבעול גורמה ארוחת דג,גרמים,450.00,100 גרם,false,,38.90,8.6444,true,1,139689
7290112966094,false,עוגת הבית תפוז מופחת סוכר אסם 400 גרם,מיוצר עי קונדיטוריית,IL,עוגת הבית תפוז מופחת,גרמים,400.00,100 גרם,false,,14.90,3.7250,true,1,107761
7290112966247,false,לחמית כוסמין אסם 200 גרם,"אסם תעשיות בע""מ",IL,לחמית כוסמין אסם 200,גרמים,200.00,100 גרם,false,,11.90,5.9500,true,1,113182
7290112967381,false,פיטנס חטיפי פריכיות קטניות ומלח ים 60 גרם,"פרח תעשיות מזון בע""\מ",IL,פיטנס חטיפי פריכיות,גרמים,60.00,100 גרם,false,,8.90,14.8333,true,1,112921
7290112967572,false,"אסם רוטב ברביקיו 290 מ""ל אסם",Unknown,IL,רוטב ברבקיו אוסם 290,מיליליטרים,290.00,"100 מ""ל",false,,12.90,4.4483,true,1,107735
7290112967800,false,אסם בישולים מיקס בצלים 9*200גרם,"אסם תעשיות בע""מ",IL,אבקת מרק מיקס בצלים,גרמים,200.00,100 גרם,false,,19.90,9.9500,true,1,128472
7290112967848,false,ג'לי תות שדה מופחת סוכר אסם 90 גרם,מיוצר עי קונדיטוריית,IL,ג'לי תות מופחת סוכר,גרמים,68.00,100 גרם,false,,6.90,10.1471,true,1,136006
7290112968203,false,צבר סלט טחינה בלאדי 6*250גרם,שוורצקוף& הנקל דיסלד,IL,סלט טחינה באלדי צבר,גרמים,250.00,100 גרם,false,,10.90,4.3600,true,1,112922
7290112968340,false,צבר חומוס גרוס גס גס 400 גרם,שוורצקוף& הנקל דיסלד,IL,חומוס גרוס גס גס צבר,גרמים,400.00,100 גרם,false,,14.90,3.7250,true,1,112690
7290112968449,false,סלט טחינה כרוב אדום 250 גרם,שוורצקוף& הנקל דיסלד,IL,סלט כרוב אדום צבר 25,גרמים,250.00,100 גרם,false,,10.90,4.3600,true,1,112928
7290112968524,false,צבר סלט חומוס גרגירים רכים 6*250גרם,שוורצקוף& הנקל דיסלד,IL,סלט חומוס סמיר צבר 2,גרמים,250.00,100 גרם,false,,10.90,4.3600,true,1,112929
7290112968807,false,פיטנס - קרקר דק סלק 140 גרם,מפעל אסם יקנעם,IL,פיטנס קרקר דק סלק 14,גרמים,140.00,100 גרם,false,,12.90,9.2143,true,1,128101
7290112968821,false,פיטנס - קרקר דק בטטה 140 גרם,מפעל אסם יקנעם,IL,פיטנס קרקר דק בטטה 1,גרמים,140.00,100 גרם,false,,12.90,9.2143,true,1,128102
7290113190450,false,ממרח תמרים 450 גר' שקדיה,"תמר העמקים בע""מ",IL,ממרח תמרים 450 גרם ש,גרמים,450.00,100 גרם,false,,5.90,1.3111,true,1,99777
7290113192171,false,מיקס אגוזים שקדים וחמוציות 150 גרם,דין שיווק,IL,מיקס אגוזים שקדים וח,גרמים,150.00,100 גרם,false,,10.90,7.2667,true,1,120826
7290113192300,false,זיתים מושחרים חרוזית 275 גרם בית השיטה,בית השיטה,IL,חרוזית מושחר 275גרם,גרמים,275.00,100 גרם,false,,10.90,3.9636,true,1,120068
7290113192317,false,טבעות זיתים מושחרים 280 גרם בית השיטה,בית השיטה,IL,טבעות זיתים מושחרים,גרמים,280.00,100 גרם,false,,11.90,4.2500,true,1,120069
7290113192324,false,זיתים ירוקים שלמים בינוניים בית השיטה,בית-השיטה עסיס תעשיות מז,IL,זית ירוק 340גרם בית,גרמים,340.00,100 גרם,false,,10.90,3.2059,true,1,113295
7290113192331,false,זיתים ירוקים מנזנילו 340 גר' בית השיטה,בית-השיטה עסיס תעשיות מז,IL,זיתים ירוקים שלמים ג,גרמים,560.00,100 גרם,false,,10.90,1.9464,true,1,127875
7290113192348,false,בית השיטה זיתים ירוקים גדול מאודבטעם שום,בית-השיטה עסיס תעשיות מז,IL,זית ירוק טעם שום 17-,גרמים,340.00,100 גרם,false,,10.90,3.2059,true,1,120070
7290113192355,false,חרוזית זיתים ירוקים ללא גלעין 275 ג' בית השיטה,בית-השיטה עסיס תעשיות מז,IL,חרוזית ירוק 275גרם ב,גרמים,275.00,100 גרם,false,,10.90,3.9636,true,1,120071
7290113192362,false,זיתים ירוקים טבעות A2 בית השיטה 280 גרם,בית-השיטה עסיס תעשיות מז,IL,טבעות זיתים ירוקים 2,גרמים,280.00,100 גרם,false,,10.90,3.8929,true,1,120072
7290113192379,false,בית השיטה זיתים ירוקים מבוקעים א2 340גר',"בית-השיטה תעשיות בע""\מ",IL,זיתים ירוקים מבוקעים,גרמים,340.00,100 גרם,false,,11.50,3.3824,true,1,120073
7290113192386,false,בית השיטה זיתים ירוקים סורי מבוקע 340גרם,בית השיטה,IL,זית סורי מבוקע 340גר,גרמים,340.00,100 גרם,false,,11.90,3.5000,true,1,120074
7290113192393,false,בית השיטה קוקטייל זיתים א2 336 גרם,בית-השיטה עסיס תעשיות מז,IL,קוקטייל זיתים 336גרם,גרמים,336.00,100 גרם,false,,12.50,3.7202,true,1,120075
7290113192478,false,בית השיטה מלפפונים במלח בינוני 10-12 320 גרם,בית-השיטה עסיס תעשיות מז,IL,מלפפון במלח בינוניים,גרמים,320.00,100 גרם,false,,8.90,2.7813,true,1,120083
7290113192485,false,בית השיטה מלפפונים בחומץ בינוני 10-12 290 גרם,בית-השיטה עסיס תעשיות מז,IL,מלפפון בחומץ 10-12 2,גרמים,290.00,100 גרם,false,,8.90,3.0690,true,1,120084
7290113192492,false,בית השיטה מלפפונים בחומץ קטנים 1317 290 גרם,בית-השיטה עסיס תעשיות מז,IL,מלפפון בחומץ קטנים 1,גרמים,290.00,100 גרם,false,,10.90,3.7586,true,1,120085
7290113192508,false,בית השיטה מלפפונים במלח קטן 1317 320 גרם,בית-השיטה עסיס תעשיות מז,IL,מלפפון במלח קטנים 13,גרמים,320.00,100 גרם,false,,10.90,3.4063,true,1,120087
7290113192515,false,בית השיטה מלפפונים במלח קטן מאוד 1825 320 גרם,בית-השיטה עסיס תעשיות מז,IL,מלפפון במלח 18-25 קט,גרמים,320.00,100 גרם,false,,12.90,4.0313,true,1,120090
7290113192522,false,בית השיטה מלפפונים בחומץ קטן מאוד 1825 290 גרם,בית-השיטה עסיס תעשיות מז,IL,מלפפון בחומץ 18-25 ק,גרמים,290.00,100 גרם,false,,12.90,4.4483,true,1,120091
7290113192539,false,בית השיטה מלפפונים במלח גדול 79 320 גרם,בית-השיטה עסיס תעשיות מז,IL,מלפפון במלח גדולים 7,גרמים,320.00,100 גרם,false,,7.90,2.4688,true,1,120092
7290113192546,false,"מלפפונים בחומץ רכיבים טבעיים 7-9 ""בית השיטה""",בית-השיטה עסיס תעשיות מז,IL,מלפפון בחומץ גדולים,גרמים,290.00,100 גרם,false,,7.90,2.7241,true,1,120094
7290113192553,false,מלפפונים במלח 13-17 פיקנטי בית השיטה 320 גרם,בית-השיטה עסיס תעשיות מז,IL,מלפפון במלח בלדי 13-,גרמים,320.00,100 גרם,false,,10.90,3.4063,true,1,120095
7290113192560,false,בית השיטה פלפל שיפקה חריף כבוש 230 גרם,בית-השיטה עסיס תעשיות מז,IL,פלפל שיפקה א2 230 גר,גרמים,230.00,100 גרם,false,,6.90,3.0000,true,1,127008
7290113192577,false,בית השיטה כרוב כבוש א2 12*430גרם חדש,"בית-השיטה תעשיות בע""\מ",IL,כרוב כבוש א2 430 גרם,גרמים,430.00,100 גרם,false,,8.40,1.9535,true,1,127009
7290113192881,false,"טורטיה חיטה מופחת קלוריות, קוטר 20 ס""מ - 6 יח'",דין שיווק,TR,טורטיה חיטה מופחתת ק,גרמים,270.00,100 גרם,false,,9.90,3.6667,true,1,120827
7290113193000,false,בית השיטה פלפל שיפקונית 230 גרם*,"בית השיטה תעשיות בע""\מ",IL,פלפל שיפקונית 230 גר,גרמים,230.00,100 גרם,false,,11.90,5.1739,true,1,127011
7290113193017,false,בית השיטה חרוזית קוקטייל זיתים 275 גרם,"בית השיטה תעשיות בע""\מ",IL,קוקטייל זיתים חרוזית,גרמים,275.00,100 גרם,false,,14.50,5.2727,true,1,127012
7290113193031,false,חרוזית קלמטה - זיתים שחורים ללא גלעין קלמטה,"בית השיטה תעשיות בע""\מ",IL,חרוזית קלמטה 275 גרם,גרמים,275.00,100 גרם,false,,14.50,5.2727,true,1,127013
7290113193406,false,"קוקטייל טבעות זיתים - זיתים ירוקים, שחורים מרינד","בית השיטה תעשיות בע""\מ",IL,קוקטייל זיתים טבעות,גרמים,280.00,100 גרם,false,,14.50,5.1786,true,1,127014
7290113194090,false,בית השיטה טבעות זיתים קלמטה 280 גרם,בית השיטה תעשיות בעמ,IL,זית קלמטה טבעות 280,גרמים,280.00,100 גרם,false,,14.50,5.1786,true,1,127016
7290113195066,false,חלבה טורקית בטעם וניל שקדיה 400 גרם,ח. אל עקר,IL,חלבה טורקית בטעם וני,גרמים,400.00,100 גרם,false,,12.90,3.2250,true,1,135199
7290113195073,false,חלבה טורקית עם פיסטוק שקדיה 400 גרם,ח. אל עקר,IL,חלבה טורקית עם פיסטו,גרמים,400.00,100 גרם,false,,14.90,3.7250,true,1,135198
7290113195080,false,חלבה טורקית בטעם שוקו וניל שקדיה 400 גרם,ח. אל עקר,IL,חלבה טורקית בטעם שוק,גרמים,400.00,100 גרם,false,,12.90,3.2250,true,1,135200
7290113195271,false,ממרח פלפלים פיקנטיים 360 גרם,דין שיווק,MK,ממרח פלפלים פיקנטיים,גרמים,360.00,100 גרם,false,,12.90,3.5833,true,1,135207
7290113195363,false,שמן חמניות מזוכך זית השיטה 1 ליטר,בית השיטה,IL,שמן חמניות מזוכך בית,מיליליטרים,1000.00,"100 מ""ל",false,,11.90,1.1900,true,1,137364
7290113195967,false,קוואקר שיבולת שועל פחית שקדיה 500 גרם,דין שיווק,IL,שיבולת שועל 500גרם פ,גרמים,500.00,100 גרם,false,,9.90,1.9800,true,1,135209
7290113196001,false,פסטה ספגטי שקדיה 500 גרם,,,פסטה ספגטי שקדיה 500,גרמים,500.00,100 גרם,false,,5.90,1.1800,true,1,140322
7290113196018,false,פסטה ביסלי שקדיה 500 גרם,,,פסטה ביסלי שקדיה 500,גרמים,500.00,100 גרם,false,,5.90,1.1800,true,1,140323
7290113196025,false,פסטה צינורות שקדיה 500 גרם,,,פסטה צינורות שקדיה 5,גרמים,500.00,100 גרם,false,,5.90,1.1800,true,1,140324
7290113196032,false,פסטה צדפים שקדיה 500 גרם,,,פסטה צדפים 500 גרם,גרמים,500.00,100 גרם,false,,5.90,1.1800,true,1,140325
7290113196339,false,מלפפונים שלמים כבושים680,,IL,מלפפונים קורנישונים,יחידה,0.00,יחידה,false,,9.90,0.0000,true,1,137206
7290113196414,false,"אורז בסמטי 1 ק""ג - שקדיה כחול מטאלי",דאבה סינג שאם סינג,IN,"אורז בסמטי 1 ק""ג שקד",גרמים,1000.00,100 גרם,false,,12.90,1.2900,true,1,137839
7290113196506,false,פריכיות כוסמת ללא מלח שקדיה 150 גרם,זנבר המכללה לטבעונות,IL,פריכיות כוסמת ללא מל,גרמים,150.00,100 גרם,false,,11.90,7.9333,true,1,137836
7290113196520,false,פריכיות כוסמין ללא מלח שקדיה 150 גרם,זנבר המכללה לטבעונות,IL,פריכיות כוסמין ללא מ,גרמים,150.00,100 גרם,false,,10.90,7.2667,true,1,137834
7290113196896,false,"תרסיס שמן זית שקדיה 170 מ""ל",שקדיה,TR,"תרסיס שמן זית 170 מ""",מיליליטרים,170.00,"100 מ""ל",false,,14.90,8.7647,true,1,137840
7290113196902,false,מנה חמה אטריות אורז בטעם בקר שקדיה 70 גרם,טיאן האנג פוד ג'וינט,VN,מנה חמה אטריות אורז,גרמים,60.00,100 גרם,false,,7.90,13.1667,true,1,140328
7290113196919,false,מנה חמה אטריות אורז בטעם עוף שקדיה 70 גרם,טיאן האנג פוד ג'וינט,VN,מנה חמה אטריות אורז,גרמים,60.00,100 גרם,false,,7.90,13.1667,true,1,140330
7290113196926,false,מנה חמה אטריות אורז בטעם ירקות שקדיה 70 גרם,טיאן האנג פוד ג'וינט,VN,מנה חמה אטריות אורז,יחידה,0.00,יחידה,false,,7.90,0.0000,true,1,140329
7290113196940,false,חטיפי תירס [טורטיה]בטעם טבעי 300 גרם,אלקטי קוראבייכיסיגידה טו,BE,חטיפי תירס (טורטיה)ב,גרמים,300.00,100 גרם,false,,11.90,3.9667,true,1,139868
7290113196957,false,חטיפי תירס [טורטיה]בטעם ברביקיו 300 גרם,אלקטי קוראבייכיסיגידה טו,BE,חטיפי תירס (טורטיה)ב,גרמים,300.00,100 גרם,false,,11.90,3.9667,true,1,139869
7290113197169,false,חמאת בוטנים טבעית 510 גר,סופר נוטרי פודס,IN,חמאת בוטנים טבעית 51,גרמים,510.00,100 גרם,false,,17.90,3.5098,true,1,140332
7290113197176,false,חמאת בוטנים עם שבבים 510 גר,סופר נוטרי פודס,IN,חמאת בוטנים טבעית עם,גרמים,510.00,100 גרם,false,,17.90,3.5098,true,1,140333
7290113198579,false,סוכריות גומי דובונים בטעמי פירות 200 ג' שקדיה,טופגאם תעשיות ממתקים,IL,סוכריות גומי דובונים,גרמים,200.00,100 גרם,false,,10.00,5.0000,true,1,139269
7290113198593,false,סוכריות גומי מסוכרות בטעם בננה 200 ג' שקדיה,טופגאם תעשיות ממתקים,IL,סוכריות גומי מסוכרות,גרמים,200.00,100 גרם,false,,10.00,5.0000,true,1,139268
7290113198609,false,סוכריות גומי נחשים בטעמי פירות 200 ג' שקדיה,טופגאם תעשיות ממתקים,IL,סוכריות גומי נחשים ב,גרמים,200.00,100 גרם,false,,10.00,5.0000,true,1,139267
7290113199323,false,עלי טורטילוס בוריטו150גר,אלקטי קוראבייכיסיגידה טו,TR,טורטיה מיני 150 גרם,גרמים,150.00,100 גרם,false,,5.50,3.6667,true,1,140327
7290113199637,false,חטיף בוטנים עם גרעיני דלעת ללא סוכר 220 ג' שקדיה,"שקדיה גבע תעשיות בע""",IL,חטיף בוטנים עם גרעינ,גרמים,0.00,גרם,false,,14.90,0.0000,true,1,139278
7290113199767,false,ממרח 100% שקדים שקדיה 300 גרם,פפויאנס,GR,ממרח 100 % שקדים 300,גרמים,300.00,100 גרם,false,,28.90,9.6333,true,1,139873
7290113199774,false,ממרח בוטנים 300 גרם השקדיה,פפויאנס,GR,ממרח 100 % בוטנים 30,גרמים,300.00,100 גרם,false,,14.90,4.9667,true,1,139870
7290113199897,false,סוכריות חמצוצים בטעם תות שדה 180 ג' שקדיה,טופגאם תעשיות ממתקים,IL,סוכריות חמצוצים בטעם,גרמים,200.00,100 גרם,false,,10.00,5.0000,true,1,139272
7290113199903,false,סוכריות חמצוצים בטעם תות בננה 180 ג' שקדיה,טופגאם תעשיות ממתקים,IL,סוכריות חמצוצים בטעם,גרמים,200.00,100 גרם,false,,10.00,5.0000,true,1,139273
7290113199910,false,סוכריות חמצוצים בטעם קולה 180 ג' שקדיה,טופגאם תעשיות ממתקים,IL,סוכריות חמצוצים בטעם,גרמים,200.00,100 גרם,false,,10.00,5.0000,true,1,139274
7290113199927,false,סוכריות חמצוצים בטעם פירות 180 ג' שקדיה,טופגאם תעשיות ממתקים,IL,סוכריות חמצוצים בטעמ,גרמים,200.00,100 גרם,false,,10.00,5.0000,true,1,139276
7290113199934,false,סוכריות חמצוצים בטעם אוכמניות 180 ג' שקדיה,טופגאם תעשיות ממתקים,IL,סוכריות חמצוצים בטעם,גרמים,200.00,100 גרם,false,,10.00,5.0000,true,1,139275
7290113319233,false,בקבוק פלסטיק עם צמיד,,,בקבוק פלסטיק עם צמיד,מיליליטרים,500.00,"100 מ""ל",false,,19.90,3.9800,true,1,139925
7290113594432,false,אצבעות שוקולד ממולא,,,אצבעות שוקולד ממולא,גרמים,50.00,100 גרם,false,,4.90,9.8000,true,1,135083
7290113594517,false,כוס במבוק LOL יח,,CN,כוס במבוק LOL,יחידה,0.00,יחידה,false,,7.90,0.0000,true,1,107679
7290113594524,false,צלחת במבוק LOL יח,,CN,צלחת במבוק LOL,יחידה,0.00,יחידה,false,,9.90,0.0000,true,1,107664
7290113597112,false,כוס במבוק חד- בייבי שארק,,,כוס במבוק חד- בייבי,יחידה,0.00,יחידה,false,,7.90,0.0000,true,1,107681
7290113597129,false,צלחת במבוק 23 בייבי שארק,,,צלחת במבוק 23 בייבי,יחידה,0.00,יחידה,false,,9.90,0.0000,true,1,107653
7290114310215,false,"שמנת מתוקה 38% רמת הגולן 250 מ""ל ווסטהיים - מוצר בפיקוח",מילקו תעשיות בעמ,IL,שמנת מתוקה 38% בקבוק,מיליליטרים,250.00,"100 מ""ל",false,,6.47,2.5880,true,1,120064
7290114310338,false,צפתית מעודנת 5% בגביע 225 גרם משק צוריאל,מחלבת משק צוריאל,IL,צפתית מעודנת 225גר,גרמים,225.00,100 גרם,false,,19.90,8.8444,true,1,134944
7290114310345,false,מעדן יוגורט בטעם תות 1.5% 125 גרם טרה,מילקו תעשיות בעמ,IL,מוו מעדן חלב בטעם תו,גרמים,125.00,100 גרם,false,,3.30,2.6400,true,1,128330
7290114310536,false,יוגורט לייט מעושר חלבון 25 גרם חלבון וניל MULLER ACTIVE,מולר Muller,IL,מולר אקטיב לייט יוגו,גרמים,200.00,100 גרם,false,,6.80,3.4000,true,1,136302
7290114310673,false,גבינת לאבנה 9% 250 גרם,Unknown,IL,לאבנה 9% 250גרם,גרמים,250.00,100 גרם,false,,13.90,5.5600,true,1,138290
7290114310895,false,"סימפלי פרוט יוגורט עם מנגו תות, שמיניה 8 * 150 גרם",מולר Muller,IL,מולר סימפלי מנגו תות,גרמים,1200.00,100 גרם,false,,31.90,2.6583,true,1,137328
7290114311038,false,"שמנת מתוקה 32% עמידה בבקבוק טרה 250 מ""ל",מילקו תעשיות בעמ,IL,שמנת להקצפה טרה 32%,מיליליטרים,250.00,"100 מ""ל",false,,7.70,3.0800,true,1,139621
7290114311069,false,יוגורט לבן מועשר בחלבון 0% שומן 200 גרם muller active,מולר Muller,IL,מולר אקטיב 25ג חלבון,גרמים,200.00,100 גרם,false,,5.60,2.8000,true,1,138960
7290114311076,false,"חמאת מולר צהובה עם שום, 200 גרם",מולר Muller,IL,מולר חמאה צהובה עם ש,גרמים,200.00,100 גרם,false,,12.90,6.4500,true,1,139625
7290114311298,false,יוגורט מולר פרופ בטעם תות בננה מלון 150,מולר Muller,IL,מולר פרופ קציפת תות,גרמים,150.00,100 גרם,false,,5.50,3.6667,true,1,140077
7290114311328,false,חלב מועשר דל לקטוז מעושר בויטמין Dי 2% שומן טרה 1 ליטר,ג'י.אר.אמ.גרופו אלימ,IL,חלב נטול לקטוז מועשר,מיליליטרים,1000.00,"100 מ""ל",false,,8.50,0.8500,true,1,140440
7290114311359,false,יוגורט עם קציפת מנגו 3% שומן פרופ 150 ג' מולר,מולר Muller,IL,מולר פרופ קציפת מנגו,גרמים,150.00,100 גרם,false,,5.50,3.6667,true,1,140184
7290114311434,false,מולר אקטיב יוגורט חלבון קרמל מלוח 200 גרם,מולר Muller,IL,מולר אקטיב בטעם קרמל,גרמים,200.00,100 גרם,false,,6.50,3.2500,true,1,140958
7290114311441,false,מולר אקטיב יוגורט חלבון עוגיות חמאה 200 גרם,מולר Muller,IL,מולר אקטיב בטעם עוגי,גרמים,200.00,100 גרם,false,,6.50,3.2500,true,1,140959
7290114311458,false,קרטון חלב 3% מועשר ויטמין די 1ליטר,Unknown,IL,חלב 3% מועשר ויטמין-,מיליליטרים,1000.00,"100 מ""ל",false,,8.00,0.8000,true,1,140689
7290114311502,false,משקה חלב בטעם סחלב בבקבוק 1 ליטר,מילקו תעשיות בעמ,IL,משקה חלב בטעם סחלב 1,מיליליטרים,1000.00,"100 מ""ל",false,,13.20,1.3200,true,1,140957
7290114600941,false,מאסטר שף מיונז הולנדי לחיץ 435 גרם,קפה לנדוור,NL,מיונז הולנדי לחיץ מא,גרמים,435.00,100 גרם,false,,15.90,3.6552,true,1,141693
7290114604895,false,מאסטר שף ממרח לחיץ ספייסי לחיץ 446 גרם,מאסטר שף,NL,ממרח ספייסי לחיץ מאס,גרמים,446.00,100 גרם,false,,15.90,3.5650,true,1,141684
7290114604901,false,ממרח שום לחיץ מאסטר שף 444 גרם,מאסטר שף,NL,ממרח שום לחיץ מאסטר,גרמים,444.00,100 גרם,false,,15.90,3.5811,true,1,141687
7290114604963,false,פירורי לחם מתובלים מאסטר שף 230 גרם,מאסטר שף,IL,פירורים מתובלים 230,גרמים,280.00,100 גרם,false,,7.90,2.8214,true,1,136185
7290114606554,false,מיונז מופחת קלוריות בקבוק לחיץ,מאסטר שף,NL,מיונז לייט לחיץ מאסט,גרמים,470.00,100 גרם,false,,15.90,3.3830,true,1,141691
7290114655903,false,בקבוק טריטן עם צמידי,,,בקבוק טריטן עם צמידי,מיליליטרים,700.00,"100 מ""ל",false,,19.90,2.8429,true,1,140602
7290115073713,false,שלישיית ביצי שוקולד(חלב נוכרי)-טום וג'רי,שמחה זה אנחנו,IT,שלישיית ביצי שוקולד-,יחידה,0.00,יחידה,false,,12.90,0.0000,true,1,139783
7290115190014,false,סיגריות מרלבורו רד קצר בוקס,פיליפ מוריס,IL,מרלבורו אדום קצר,יחידה,0.00,יחידה,false,,35.50,0.0000,false,1,128357
7290115190090,false,סיגריות מרלבורו קצר בוקס בודד,פיליפ מוריס,US,מרלבורו גולד קצר,יחידה,0.00,יחידה,false,,35.50,0.0000,false,1,128332
7290115190151,false,סיגריות מרלבורו טאצ גולד,פיליפ מוריס,IL,מרלבורו כחול טאצ,יחידה,0.00,יחידה,false,,35.50,0.0000,false,1,128349
7290115190359,false,סיגריות L.M בלו לייבל קצר,פיליפ מוריס,US,אל אם כחול קצר,יחידה,0.00,יחידה,false,,32.00,0.0000,false,1,128132
7290115190397,false,סיגריות L.M קצר רד לייבל בודד,פיליפ מוריס,US,אל אם אדום קצר,יחידה,0.00,יחידה,false,,32.00,0.0000,false,1,128127
7290115190519,false,סיגריות נקסט פיין חפ,פיליפ מוריס,PL,נקסט פיין,יחידה,0.00,יחידה,false,,30.00,0.0000,false,1,128342
7290115200003,false,פתי בר פינוקי וניל אסם 220 גרם,תאי פרזידנט פוד פאבל,PL,פתי בר פינוקי וניל 2,גרמים,220.00,100 גרם,false,,12.70,5.7727,true,1,120759
7290115200027,false,אסם פתי בר פינוקים שוקו 220 גרם,קריות זול,PL,פתי בר פינוקי שוקו 2,גרמים,220.00,100 גרם,false,,12.70,5.7727,true,1,120760
7290115200676,false,עוגיות קרמוגית במילוי קרם בטעם קרמל מלוח,"הגביע מוצרי וופלים בע""\מ",IL,קרמוגית קרמל מלוח אס,גרמים,200.00,100 גרם,false,,12.70,6.3500,true,1,126987
7290115201031,false,אסם פתי בר דובי שוקולד 175 גרם,טרופיקל דגיל תעשיות,PL,פתי בר דובי שוקולד 1,גרמים,175.00,100 גרם,false,,12.70,7.2571,true,1,136016
7290115201536,false,"טבעול גורמה לביבות כרובית ותפו""א 442 גרם",טבעול )מקבוצת אסם השקעות,IL,טבעול לביבות כרובית,גרמים,442.00,100 גרם,false,,38.90,8.8009,true,1,139878
7290115201680,false,ביסלי בטעם ברביקיו אסם 70 גרם,"אסם השקעות בע""\מ",IL,ביסלי ברביקיו אסם 70,גרמים,70.00,100 גרם,false,,4.90,7.0000,true,1,128103
7290115201703,false,ביסלי ברביקיו גדול אסם 200 גרם,מיוצר עי קונדיטוריית,IL,ביסלי ברביקיו אסם 20,גרמים,200.00,100 גרם,false,,9.50,4.7500,true,1,128099
7290115201741,false,ביסלי בטעם בצל אסם 70 גרם,"אסם השקעות בע""\מ",IL,ביסלי בטעם בצל אסם 7,גרמים,70.00,100 גרם,false,,4.90,7.0000,true,1,128100
7290115202236,false,טופו קראנצ'ים טבעול 470 גרם,עיצובים 2020 (4.8),IL,טבעול טופו קראנצ'ים,גרמים,470.00,100 גרם,false,,35.90,7.6383,true,1,137012
7290115202748,false,אסם קטשופ לעל האש 710 גרם,"אסם תעשיות בע""מ",IL,קטשופ אסם על האש 710,גרמים,710.00,100 גרם,false,,11.90,1.6761,true,1,136003
7290115203134,false,פופקו פופקורן במבה - פופקורן בציפוי קרמל ובוטנים,"אסם השקעות בע""\מ",IL,פופקו פופקורן במבה א,גרמים,80.00,100 גרם,false,,5.90,7.3750,true,1,136363
7290115203172,false,במבה PRO מכיל 18 גרם חלבון בשקית,"אסם השקעות בע""\מ",IL,במבה פרו 80 גרם,גרמים,80.00,100 גרם,false,,4.90,6.1250,true,1,140405
7290115203486,false,פירורית בטעם ביסלי גריל אסם 200 גרם,עינת תעשיות מזון אגו,IL,פירורית אסם בטעם ביס,גרמים,200.00,100 גרם,false,,6.50,3.2500,true,1,139514
7290115204018,false,מנה חמה איטלקי פסטה בסגנון אלפרדו 60 ג' אסם,"אסם תעשיות בע""מ",IL,מנה חמה איטלקי פסטה,גרמים,60.00,100 גרם,false,,6.90,11.5000,true,1,141093
7290115204056,false,"קטשופ מופחת סוכר אסם 690 גרם כשל""פ","אסם תעשיות בע""מ",IL,אסם קטשופ מופחת סוכר,גרמים,690.00,100 גרם,false,,10.90,1.5797,true,1,137084
7290115204155,false,צבר סחוג אדום 6*190גרם חדש,פרסקו,IL,סחוג אדום צבר 190גר,גרמים,190.00,100 גרם,false,,13.90,7.3158,true,1,139698
7290115204186,false,"ממרח פסטו 190 גרם ""צבר""",פרסקו,IL,צבר ממרח פסטו 190 גר,גרמים,190.00,100 גרם,false,,16.90,8.8947,true,1,138692
7290115205022,false,אוסם - שקדי מרק מקלונים 350 גרם,"אסם תעשיות בע""מ",IL,שקדי מרק מקלונים אסם,גרמים,350.00,100 גרם,false,,14.90,4.2571,true,1,138550
7290115205176,false,פיטנס - קרקר דק כפרי פיטנס 140 גרם,נסטלה Nestle,IL,פיטנס קרקר דק כפרי 1,גרמים,140.00,100 גרם,false,,12.90,9.2143,true,1,137736
7290115205251,false,פריכיות קרמל מלוח פיטנס בר 84 גרם,פרח תעשיות,IL,פיטנס בר פריכיות קרמ,גרמים,84.00,100 גרם,false,,14.90,17.7381,true,1,140772
7290115205312,false,קרקר פיטנס דק עם זיתי קלמטה ועשבי תיבול,"אסם השקעות בע""\מ",IL,פיטנס קרקר דק זיתים,גרמים,140.00,100 גרם,false,,12.90,9.2143,true,1,139519
7290115205527,false,פיטנס חטיף מולטיגריין עם עדשים 25 גרם,"אסם השקעות בע""\מ",IL,פיטנס חטיף מולטיגריי,גרמים,25.00,100 גרם,false,,5.90,23.6000,true,1,139881
7290115205695,false,אסם בונזור בצק מצונן לפיצה 460 גרם,נסטלה סוויס )שוויץ(,CH,בצק לפיצה מצונן בונז,גרמים,460.00,100 גרם,false,,19.90,4.3261,true,1,139918
7290115205718,false,אסם בונזור בצק מצונן עלים 230 גרם,נסטלה סוויס )שוויץ(,CH,בצק עלים מצונן בונזו,גרמים,230.00,100 גרם,false,,17.90,7.7826,true,1,139919
7290115205978,false,פתיבר ואצבעות שוקולד 180 גרם - רבנות,"t\ד""\ר ג'\רארד בע""\מn\",PL,פתי בר אצבעות שוקולד,גרמים,180.00,100 גרם,false,,12.70,7.0556,true,1,139071
7290115207620,false,"רוטב בסגנון סויה קלאסי 290 מ""ל אסם","אסם השקעות בע""\מ",IL,רוטב בסגנון סויה קלא,מיליליטרים,290.00,"100 מ""ל",false,,15.90,5.4828,true,1,139524
7290115207682,false,אסם רוטב בסגנון סויה סיני 9*290מל חדש,"אסם השקעות בע""\מ",IL,רוטב בסגנון סויה סינ,מיליליטרים,290.00,"100 מ""ל",false,,12.90,4.4483,true,1,139522
7290115207798,false,טבעול המבורגר חריף טבעוני 420 גרם,"טבעול תעשיות מזון בע""\מ",IL,טבעול בורגר חריף טבע,גרמים,420.00,100 גרם,false,,33.90,8.0714,true,1,139079
7290115207811,false,טבעול נקניקיות טבעוניות 418 גרם,"טבעול תעשיות מזון בע""\מ",IL,טבעול נקניקיות טבעונ,גרמים,418.00,100 גרם,false,,33.90,8.1100,true,1,139073
7290115207941,false,סירופ אננס ויטמינצ'יק 1 ליטר,בית-השיטה עסיס תעשיות מז,IL,ויטמינציק אננס 1 ליט,מיליליטרים,1000.00,"100 מ""ל",false,,21.90,2.1900,true,1,138737
7290115207965,false,סירופ מנגו אפרסק ויטמינצ'יק 1 ליטר,בית-השיטה עסיס תעשיות מז,IL,ויטמינציק מנגו אפרסק,מיליליטרים,1000.00,"100 מ""ל",false,,21.90,2.1900,true,1,138738
7290115207989,false,סירופ לימון ויטמינצ'יק 1 ליטר,בית-השיטה עסיס תעשיות מז,IL,ויטמינצ'יק לימון 1 ל,מיליליטרים,1000.00,"100 מ""ל",false,,21.90,2.1900,true,1,138739
7290115208009,false,סירופ ענבים ויטמינצ'יק 1 ליטר,בית-השיטה עסיס תעשיות מז,IL,ויטמינציק ענבים 1 ל,מיליליטרים,1000.00,"100 מ""ל",false,,21.90,2.1900,true,1,138740
7290115208047,false,סירופ פטל ויטמינצ'יק 1 ליטר,בית-השיטה עסיס תעשיות מז,IL,ויטמינציק פטל 1 ליטר,מיליליטרים,1000.00,"100 מ""ל",false,,21.90,2.1900,true,1,138736
7290115208061,false,סירופ תפוח ויטמינצ'יק 1 ליטר,בית השיטה עסיס תעשיות מז,IL,ויטמינציק תפוח 1 ליט,מיליליטרים,1000.00,"100 מ""ל",false,,21.90,2.1900,true,1,138741
7290115208320,false,אפרופו חטיף בטעם ביסלי בצל 50 גרם,"אסם השקעות בע""\מ",IL,אפרופו בטעם ביסלי בצ,גרמים,50.00,100 גרם,false,,5.50,11.0000,true,1,141099
7290115208566,false,קרמוגית מיניס קרם בייגלה אסם 200 גרם,"אסם השקעות בע""\מ",IL,קרמוגית מיניס קרם בי,גרמים,200.00,100 גרם,false,,12.70,6.3500,true,1,140240
7290115208801,false,לחמית דבש ואגוזים אסם 190 גרם,לחמית,IL,לחמית דבש ואגוזים 19,גרמים,190.00,100 גרם,false,,11.90,6.2632,true,1,140408
7290115208849,false,"מנה חמה פסטה מוקרמת ט.עוף בד""צ 55גר","אסם תעשיות בע""מ",IL,מנה חמה אסם פירה עם,גרמים,51.00,100 גרם,false,,6.90,13.5294,true,1,141094
7290115209198,false,במבה אוורירית אסם 80 גרם,"אסם תעשיות בע""מ",IL,במבה אורירית אסם 80,גרמים,80.00,100 גרם,false,,4.90,6.1250,true,1,139880
7290115209235,false,ביסקוויט פתי בר קפה אסם 500 גרם,"אסם תעשיות בע""מ",IL,פתי בר קפה 500 גרם א,גרמים,500.00,100 גרם,false,,14.90,2.9800,true,1,140774
7290115209372,false,במבה במילוי בראוניז 150ג' אסם,"אסם השקעות בע""\מ",IL,במבה במילוי בראוניז,גרמים,150.00,100 גרם,false,,10.90,7.2667,true,1,141097
7290115405088,false,קינוח אישי קדאיף קפולסקי 200 גרם,תופינים מקבוצת קפולסקי,IL,קינוח אישי קדאיף חלב,גרמים,200.00,100 גרם,false,,15.90,7.9500,true,1,127974
7290115405118,false,קינוח אישי גבינה תענוג תות קפולסקי 200 ג,תופינים מקבוצת קפולסקי,IL,קינוח אישי תענוג תות,גרמים,200.00,100 גרם,false,,15.90,7.9500,true,1,127977
7290115405774,false,פחזניות ממולאות בטעם וניל קפולסקי 180 גרם,תופינים מקבוצת קפולס,IL,פחזניות ממולאות בטעם,גרמים,180.00,100 גרם,false,,14.90,8.2778,true,1,140279
7290115405781,false,פחזניות ממולאות בטעם שוקולד קפולסקי 180 גרם,תופינים מקבוצת קפולס,IL,פחזניות ממולאות טעם,גרמים,180.00,100 גרם,false,,14.90,8.2778,true,1,140280
7290115405804,false,פחזניות ממולאות בטעם תות קפולסקי 180 גרם,קפולסקי אדל בעמ,IL,פחזניות ממולאות טעם,גרמים,180.00,100 גרם,false,,14.90,8.2778,true,1,140282
7290115405811,false,קינוח אישי גבינה ופירורי עוגיות קפולסקי 200 גרם,תופינים מקבוצת קפולסקי,IL,קינוח אישי גבינה פרו,גרמים,200.00,100 גרם,false,,15.90,7.9500,true,1,139795
7290115405828,false,קינוח אישי גבינה אוכמניות קפולסקי 200 גרם,תופינים מקבוצת קפולסקי,IL,קינוח אישי גבינה אוכ,גרמים,200.00,100 גרם,false,,15.90,7.9500,true,1,139796
7290115480009,false,"מרכך כביסה מרוכז פרש קונטרול ירוק 900 מ""ל סוד",הנקל סוד,IL,סוד מרכך מרוכז פרש ק,מיליליטרים,900.00,"100 מ""ל",false,,14.90,1.6556,true,1,138094
7290115480016,false,סוד פאוור קאפס לכביסה צבעונית 26 יחי,סוד,HU,סוד קפסולות ג'ל 3+1,יחידה,0.00,יחידה,false,,29.90,0.0000,true,1,140248
7290115670677,false,אנרג'י גרנולה פירות טרופיים 400 גרם,Unknown,CZ,אנרג'י גרנולה עם פיר,גרמים,400.00,100 גרם,false,,14.90,3.7250,true,1,136228
7290115671155,false,שלישיית סוכריות מאסט FRESH ענבים 45 גרם,הליקון גידה,TR,שלישיית סוכריות פרש,גרמים,135.00,100 גרם,false,,9.90,7.3333,true,1,138520
7290115671421,false,פולי אספרסו עשירים וארומטיים עוצמה 10 עלית 250 גרם,שטראוס קפה בי. וי.,IL,פולי קפה אספרסו עשיר,גרמים,250.00,100 גרם,false,,22.90,9.1600,true,1,139554
7290115675696,false,דגני בוקר קראנצ'ים שיבולת שועל עם אגוזים ושקדים,גלידות שטראוס,PL,דגני בוקר קוואקר קרו,גרמים,375.00,100 גרם,false,,22.90,6.1067,true,1,137440
7290115675702,false,דגני בוקר קראנצ'ים שיבולת שועל עם פירות מיובשים,גלידות שטראוס,PL,דגני בוקר קוואקר קרו,גרמים,375.00,100 גרם,false,,22.90,6.1067,true,1,137441
7290115676037,false,דנונה ריפרש יוגורט עם תות ודומדמניות 1.6% שומן,מיוצר עי קונדיטוריית,IL,דנונה ריפרש יוגורט ב,גרמים,250.00,100 גרם,false,,5.90,2.3600,true,1,136404
7290115676051,false,"משקה אקטיביה שיבולת שועל במתיקות מעודנת 250 מ""ל",מיוצר עי קונדיטוריית,IL,אקטיביה משקה שיבולת,גרמים,265.00,100 גרם,false,,5.40,2.0377,true,1,137990
7290115676082,false,משקה דנונה פרו 20 יוגורט תות 255 ג' רבנות,"שטראוס בריאות בע""\מ.",IL,דנונה פרו משקה בטעם,גרמים,255.00,100 גרם,false,,7.50,2.9412,true,1,136407
7290115676099,false,משקה דנונה פרו 20 יוגורט וניל 255 ג' רבנות,"שטראוס בריאות בע""\מ.",IL,דנונה פרו משקה בטעם,גרמים,255.00,100 גרם,false,,7.50,2.9412,true,1,136408
7290115677089,false,קונפיטורת תפוח וקינמון יד מרדכי 340 גרם,"בית אל מזון בע""מ",IL,קונפיטורת תפוח וקינמ,גרמים,340.00,100 גרם,false,,13.90,4.0882,true,1,137062
7290115677966,false,ממרח אבוקדו טעם הטבע 200 גרם,ג'י. אר. סימפלוט,MX,ממרח אבוקדו טעם הטבע,גרמים,200.00,100 גרם,false,,15.90,7.9500,true,1,138118
7290115678222,false,מארז 8 גביעים יוגורט Greek בסגנון יווני 6.5% שומן,"שטראוס בריאות בע""\מ",IL,יוגורט יווני 6.5% שו,גרמים,1040.00,100 גרם,false,,25.90,2.4904,true,1,136412
7290115678376,false,מעדן הגולן שוקולד 125 גרם,מיוצר עי קונדיטוריית,IL,מעדן הגולן שוקולד 12,גרמים,125.00,100 גרם,false,,3.10,2.4800,true,1,137049
7290115678383,false,מעדן הגולן שוקולד מריר 125 גרם,מיוצר עי קונדיטוריית,IL,מעדן הגולן שוקולד מר,גרמים,125.00,100 גרם,false,,3.10,2.4800,true,1,137050
7290115678598,false,חסה אייסברג שטראוס טעם הטבע,שטראוס בריאות ירקות טריי,IL,חסה אייסברג חיתוך גס,גרמים,300.00,100 גרם,false,,10.90,3.6333,true,1,137998
7290115678970,false,מארז סוכריות FRESH בטעם בזוקה עלית 3*15 ג',"הליקון גידה בע""\מ",TR,שלישיית סוכריות פרש,גרמים,45.00,100 גרם,false,,9.90,22.0000,true,1,137056
7290116530062,false,רוטב ויניגרט לסלט הלמנס 295 גרם,יוניליוור ישראל מזון בע\,IL,רוטב ויניגרט לסלט 29,גרמים,300.00,100 גרם,false,,14.90,4.9667,true,1,136626
7290116530161,false,"פינוק ת. רחצה שייק אננס, מלון וחלב שיבולת שועל 750מ""ל",יוניליוור ישראל טיפוח אי,IL,פינוק תחליב רחצה שיי,מיליליטרים,700.00,"100 מ""ל",false,,12.90,1.8429,true,1,135557
7290116530871,false,נשנושים מיקס בייגל בייגל 240 גרם,"דרך השוקולד ,1 צפת 13404",IL,נשנושים מיקס 240 גרם,גרמים,240.00,100 גרם,false,,14.50,6.0417,true,1,140190
7290116531496,false,קינמונים דגנים פריכים מצופים 375 גרם,"נאוג'\אזיס נווזיס ,UAB ג",LT,קינמונים דגנים פריכי,גרמים,375.00,100 גרם,false,,22.90,6.1067,true,1,139068
7290116531564,false,מאגדת פתית פריכיות תירס דקות עם קינואה ובזיליקום 150 ג',גוד פוד פרודקטס Sp.zo.o,PL,פתית פריכיות קינואה,גרמים,150.00,100 גרם,false,,11.90,7.9333,true,1,138972
7290116531762,false,דפים ריחניים למייבש כביסה בדין ורוד 40 יחידות,"קלינטסט - 3p ארה""ב",US,בדין דפים למייבש וור,יחידה,0.00,יחידה,false,,19.90,0.0000,true,1,138969
7290116531779,false,דפים ריחניים למייבש כביסה בדין כחול 40 יחידות,"קלינטסט - 3p ארה""ב",US,בדין דפי מרכך כחול 4,יחידה,0.00,יחידה,false,,19.90,0.0000,true,1,138970
7290116531854,false,"תחליב רחצה שייק קיווי פסיפלורה ואשכולית אדומה פינוק 700 מ""ל",יוניליוור ישראל טיפוח אי,IL,פינוק תחליב רחצה שיי,מיליליטרים,700.00,"100 מ""ל",false,,12.90,1.8429,true,1,139063
7290116532219,false,קורנפלקס תות תלמה אלופים 448 גרם,"יוניליוור שפע ישראל בע""\",IL,קורנפלקס בטעם תות תל,גרמים,448.00,100 גרם,false,,18.90,4.2187,true,1,139408
7290116532738,false,רוטב איטלקי לסלט בזיליקום ואורגנו 305 גרם,אתר חיפה ממרחים - Fo,IL,רוטב איטלקי 295 גר,גרמים,295.00,100 גרם,false,,14.90,5.0508,true,1,140752
7290116851372,false,כף אשפה קטן,,,כף אשפה קטן,יחידה,0.00,יחידה,false,,5.90,0.0000,true,1,138942
7290116911816,false,בקבוק 500 מל פלסטיק עם צמידים - LOL עיצוב חדש,,,בקבוק פלסטיק עם צמיד,מיליליטרים,500.00,"100 מ""ל",false,,19.90,3.9800,true,1,139924
7290116914459,false,מארז סוכריות על מקל,Unknown,,מארז סוכריות על מקל,גרמים,600.00,100 גרם,false,,19.90,3.3167,true,1,140612
7290116914503,false,מארז סוכריות על מקל 12 גרם בטעמי פירות מיניונים 50 יח',Unknown,,מארז סוכריות על מקל,גרמים,600.00,100 גרם,false,,19.90,3.3167,true,1,140615
7290116915814,false,בקבוק טריטן עם צמידי,,,בקבוק טריטן עם צמידי,מיליליטרים,700.00,"100 מ""ל",false,,19.90,2.8429,true,1,140599
7290116930015,false,חטיף חלבון GO קרמל ח.בוטנים קריספי 20 גרם חלבון,"בלמונט קונפקציות בע""\מ.",US,חטיף חלבון גו בטעם ק,גרמים,60.00,100 גרם,false,,12.90,21.5000,true,1,139513
7290116930282,false,ארוחה בקטנה לאבנה עם קרקרים 150ג' תנובה,תנובה חלב,IL,ארוחה בקטנה לאבנה עם,גרמים,150.00,100 גרם,false,,8.50,5.6667,true,1,140723
7290116930435,false,יוגורט יופלה GO במרקם סמיך עם דובדבן 0%,תנובה מרכז שיתופי לש,IL,יוגורט גו סמיך 0% דו,גרמים,200.00,100 גרם,false,,6.30,3.1500,true,1,139707
7290116930459,false,"יופלה שייק מנגו בננה אננס וקוקוס 230 מ""ל",קבוצת המזון אקטשלאר,IL,יופלה שייק בננה אננ,מיליליטרים,230.00,"100 מ""ל",false,,8.70,3.7826,true,1,139810
7290116930466,false,"משקה SHAKE בננה מנגן פסיפלורה והל 230 מ""ל יופלה",קבוצת המזון אקטשלאר,IL,יופלה שייק מנגו בננ,מיליליטרים,230.00,"100 מ""ל",false,,8.70,3.7826,true,1,139811
7290116930480,false,"משקה SHAKE בננה קיווי תפוח 230 מ""ל יופלה",קבוצת המזון אקטשלאר,IL,יופלה שייק בננה קיו,מיליליטרים,230.00,"100 מ""ל",false,,8.70,3.7826,true,1,139812
7290116930718,false,מעדן תנובה דיאט בטעם שוקולד וקרמל מלוח 0% 150ג' תנובה,"תנובה בע""\מ",IL,מעדן תנובה דיאט שוקו,מיליליטרים,150.00,"100 מ""ל",false,,4.30,2.8667,true,1,140223
7290116931081,false,מעדן סויה - טופי קרמל 125 גרם אלטרנטיב,תנובה מרכז שיתופי לש,IL,מעדן סויה בטעם טופי,גרמים,125.00,100 גרם,false,,4.00,3.2000,true,1,140422
7290116931104,false,יופלה GO במרקם סמיך עם אננס 0% תנובה 200 גרם,תנובה חלב,IL,יוגורט גו סמיך עם אנ,גרמים,200.00,100 גרם,false,,5.90,2.9500,true,1,140424
7290117260005,false,קונפיטורה תות שדה ויליפוד 380 גרם,גסאס גנל גידה,TR,קונפיטורה תות שדה 38,גרמים,380.00,100 גרם,false,,9.90,2.6053,true,1,139848
7290117260036,false,קונפיטורה משמש ויליפוד 380 גרם,גסאס גנל גידה,TR,קונפיטורה משמש 380 ג,גרמים,380.00,100 גרם,false,,9.90,2.6053,true,1,139851
7290117260074,false,שעועית ירוקה חתוכה ויליפוד 800 גרם,,BE,שעועית ירוקה חתוכה מ,גרמים,800.00,100 גרם,false,,9.90,1.2375,true,1,140808
7290117260449,false,גבינה בולגרית מעודנת למריחה בטעם טבעי 5% שומן 200 ג' יורו,אם.בי.טורקיה,TR,גבינה בולגרית מעודנת,גרמים,200.00,100 גרם,false,,10.90,5.4500,true,1,139839
7290117260470,false,גבינה בולגרית מעודנת למריחה עם שום 5% שומן 200 ג' יורו,אם.בי.טורקיה,TR,גבינה בולגרית מעודנת,גרמים,200.00,100 גרם,false,,10.90,5.4500,true,1,139841
7290117260562,false,חמאה כפרית מסורתית בגביע,וילי פוד,TR,חמאה בגביע 225 גרם,גרמים,225.00,100 גרם,false,,18.90,8.4000,true,1,141332
7290117261057,false,EURO זו קינוחים בטעם קרם עוגיות 140 גרם,מונטרו,ES,זוג קינוחים בטעם קרם,גרמים,140.00,100 גרם,false,,12.90,9.2143,true,1,140286
7290117261118,false,זוג קינוחים בטעם שוקולד בציפוי שוקולד חלב 140 גרם,Euro יורו מחלבות אירופה,ES,זוג קינוחים בטעם שוק,גרמים,140.00,100 גרם,false,,12.90,9.2143,true,1,140284
7290117261378,false,גבינת קשקבל לייט EURO CHEESE ויליפוד 250 גרם,סאסו פטוראגס קומטויס,TR,גבינת קשקבל לייט 8%,גרמים,250.00,100 גרם,false,,16.90,6.7600,true,1,140033
7290117261415,false,euro cheese יוגורט פרוביוטי 2.7% שומן 125 גרם,Euro יורו מחלבות אירופה,TR,יוגורט פרוביוטי 2.7,גרמים,125.00,100 גרם,false,,3.50,2.8000,true,1,141370
7290117261422,false,euro cheese יוגורט פרוביוטי תות שדה 2% שומן 125 גרם,Euro יורו מחלבות אירופה,TR,יוגורט פרוביוטי עם ת,גרמים,125.00,100 גרם,false,,3.50,2.8000,true,1,141371
7290117261439,false,euro cheese יוגורט פרוביוטי פירות יער 2% שומן 125 גרם,Euro יורו מחלבות אירופה,TR,יוגורט פרוביוטי עם פ,גרמים,125.00,100 גרם,false,,3.50,2.8000,true,1,141372
7290117261514,false,סלמון אטלנטי בשמן קנולה ולימון 120 גרם ויליפוד,קריות זול,LV,סלמון אטלנטי בשמן קנ,גרמים,120.00,100 גרם,false,,12.90,10.7500,true,1,140695
7290117261538,false,סלמון אטלנטי בשמן קנולה וצילי 120 גרם ויליפוד,קריות זול,LV,סלמון אטלנטי בשמן קנ,גרמים,120.00,100 גרם,false,,12.90,10.7500,true,1,140696
7290117261552,false,סלמון אטלנטי ברוטב עגבניות 120 גרם ויליפוד,קריות זול,LV,סלמון אטלנטי ברוטב ע,גרמים,120.00,100 גרם,false,,12.90,10.7500,true,1,140697
7290117261569,false,סלמון אטלנטי מעושן בשמן קנולה 120 גרם ויליפוד,קריות זול,LV,סלמון אטלנטי מעושן ב,גרמים,120.00,100 גרם,false,,12.90,10.7500,true,1,140694
7290117261590,false,סרדינים בריסלינג מעושנים בשמן זית 185 גרם צנצנת,גולדן פרייז קאנינג אל.טי,LV,סרדינים בריסלינג מעו,גרמים,185.00,100 גרם,false,,14.90,8.0541,true,1,141125
7290117261705,false,חמאת עיזים 200 גרם ויליפוד,באלבן גידה סנאי,TR,חמאת עיזים 200גר,גרמים,200.00,100 גרם,false,,14.90,7.4500,true,1,139843
7290117261712,false,Euro מלבי קינוח על בסיס חלב 154 גרם,אקר סוט,TR,מלבי קינוח על בסיס ח,גרמים,154.00,100 גרם,false,,5.90,3.8312,true,1,141742
7290117262221,false,"משקה יוגורט פרוביוטי עם אננס 200מ""ל 2.3%שומן יורו",Euro יורו מחלבות אירופה,TR,משקה יוגורט פרוביוטי,מיליליטרים,200.00,"100 מ""ל",false,,5.90,2.9500,true,1,140627
7290117262245,false,"משקה יוגורט פרוביוטי עם אפרסק ומשמש 200מ""ל 2.3%שומן יורו",Euro יורו מחלבות אירופה,TR,משקה יוגורט פרוביוטי,מיליליטרים,200.00,"100 מ""ל",false,,5.90,2.9500,true,1,140629
7290117262931,false,קינוח בטעם מנגו 85 גרם,איטלג'לטו,IT,קינוח בטעם מנגו יורו,גרמים,85.00,100 גרם,false,,12.90,15.1765,true,1,141732
7290117262955,false,"קינוח בטעם שוקולד בלגי, 85 גרם",איטלג'לטו,IT,קינוח בטעם שוקולד בל,גרמים,85.00,100 גרם,false,,12.90,15.1765,true,1,141734
7290117262979,false,קינוח בטעם שוקולד ופירות יער 85 גרם,איטלג'לטו,IT,קינוח בטעם שוקולד ופ,גרמים,85.00,100 גרם,false,,12.90,15.1765,true,1,141736
7290117382318,false,סלים דליס - חטיף חלבון מצופה שוקולד מריר 60 גרם,"י. מרבה ישראל בע""\מ",IT,סלים דליס פרו 33 חטי,גרמים,60.00,100 גרם,false,,13.90,23.1667,true,1,140925
7290117382325,false,סלים דליס - פרו 33 חטיף חלבון מצופה שוקולד חלב 60 גרם,"י. מרבה ישראל בע""\מ",IT,סלים דליס פרו 33 חטי,גרמים,60.00,100 גרם,false,,13.90,23.1667,true,1,140924
7290117382332,false,סלים דליס - חטיף חלבון מצופה שוקולד בטעם עוגיות 60 גרם,"י. מרבה ישראל בע""\מ",IT,סלים דליס פרו 33 חטי,גרמים,60.00,100 גרם,false,,13.90,23.1667,true,1,140926
7290117383179,false,מארז משחות שיניים 3 טריפל אקשן 3 מברשות שיניים אקסטרה קלין,,,קולגייט מארז 3 טריפל,מטרים,150.00,100 מ'ל,false,,19.90,13.2667,true,1,141575
7290117860038,false,"הוואי - תחליב רחצה יוגורט בניחוח אוכמניות 700 מ""ל","טרופיקל דגיל בע""\מ",IL,הוואי תחליב רחצה יוג,מיליליטרים,700.00,"100 מ""ל",false,,14.90,2.1286,true,1,141401
7290117860045,false,שמפו תמציות אלוורה ותה ירוק לשיער רגיל,"טרופיקל גליל בע""מ",IL,הוואי שמפו מטפח לשיע,מיליליטרים,700.00,"100 מ""ל",false,,14.90,2.1286,true,1,141381
7290117860090,false,מרכך תמציות אלוורה ותה ירוק לשיער רגיל,"טרופיקל דגיל בע""\מ",IL,הוואי מרכך מטפח לשיע,מיליליטרים,700.00,"100 מ""ל",false,,14.90,2.1286,true,1,141388
7290117860144,false,הוואי שמפו פירות אקזוטיים וקלנדולה 700,"טרופיקל גליל בע""מ",IL,הוואי שמפו למניעת קש,מיליליטרים,700.00,"100 מ""ל",false,,14.90,2.1286,true,1,141382
7290117860182,false,"הוואי - תחליב רחצה בניחוח מגנוליה ושמן שקדים 700 מ""ל","טרופיקל דגיל בע""\מ",IL,הוואי תחליב רחצה בני,מיליליטרים,700.00,"100 מ""ל",false,,14.90,2.1286,true,1,141399
7290117860199,false,שמפו שמן ורד הבר ושמן מקדמיה לשיער יבש,"טרופיקל דגיל בע""\מ",IL,הוואי שמפו מעניק לחו,מיליליטרים,700.00,"100 מ""ל",false,,14.90,2.1286,true,1,141379
7290117860243,false,"הוואי - מרכך מעניק לחות לשיער יבש 700 מ""ל","טרופיקל גליל בע""מ",IL,הוואי מרכך מעניק לחו,מיליליטרים,700.00,"100 מ""ל",false,,14.90,2.1286,true,1,141389
7290117860281,false,"הוואי - ג'ל רחצה לגבר בניחוח עוצמתי 700 מ""ל","טרופיקל דגיל בע""\מ",IL,הוואי ג'ל רחצה לגבר,מיליליטרים,700.00,"100 מ""ל",false,,14.90,2.1286,true,1,141396
7290117860380,false,"תחליב רחצה יוגורט בניחוח אלוורה 700 מ""ל הוואי","טרופיקל דגיל בע""\מ",IL,הוואי תחליב רחצה יוג,מיליליטרים,700.00,"100 מ""ל",false,,14.90,2.1286,true,1,141405
7290117860441,false,"מרכך פריחת הדובדבן 700 מ""ל הוואי","טרופיקל גליל בע""מ",IL,הוואי מרכך לשיער פרי,מיליליטרים,700.00,"100 מ""ל",false,,14.90,2.1286,true,1,141390
7290117860496,false,"הוואי שמפו + מרכך 2 ב-1 לגבר 700 מ""ל-חדש","טרופיקל גליל בע""מ",IL,הוואי שמפו+מרכך 2 ב-,מיליליטרים,700.00,"100 מ""ל",false,,14.90,2.1286,true,1,141380
7290117860540,false,הוואי שמפו לילדים רוזמרין מנגו ומשמש 700,"טרופיקל דגיל בע""\מ",IL,הוואי שמפו ילדים 700,מיליליטרים,700.00,"100 מ""ל",false,,14.90,2.1286,true,1,141385
7290117860991,false,"תחליב רחצה יוגורט בניחוח שקדים 700 מ""ל הוואי","טרופיקל דגיל בע""\מ",IL,הוואי תחליב רחצה יוג,מיליליטרים,700.00,"100 מ""ל",false,,14.90,2.1286,true,1,141402
7290117901243,false,ממרח פלפלים אדומים קלווים בתוספת ארטישוק שקדיה 290 גרם,קרס סר-קאן גידה לטד,TR,ממרח פלפלים אדומים ק,גרמים,290.00,100 גרם,false,,15.90,5.4828,true,1,140904
7290117901250,false,ממרח עגבניות מיובשות בתוספת זיתים ירוקים שקדיה 290 גרם,קרס סר-קאן גידה לטד,TR,ממרח עגבניות מיובשות,גרמים,290.00,100 גרם,false,,15.90,5.4828,true,1,140903
7290117901267,false,ממרח פלפלים אדומים וחצילים קלויים שקדיה 290 גרם,קרס סר-קאן גידה לטד,TR,ממרח פלפלים אדומים ו,גרמים,290.00,100 גרם,false,,15.90,5.4828,true,1,140905
7290118420378,false,פתיבר פינוקים בטעם תותים בשמנת - חלבי,קריות זול,IL,פתי בר פינוקים תותים,גרמים,220.00,100 גרם,false,,12.70,5.7727,true,1,141101
7290118420477,false,אסם בייגלה שטוחים בטעם ביסלי בצל 300 גרם,"אסם תעשיות בע""מ",IL,בייגלה שטוחים בטעם ב,גרמים,300.00,100 גרם,false,,11.90,3.9667,true,1,141100
7290118420514,false,אינסטנט פודינג בטעם נוגט אסם 75 גרם,"אסם תעשיות בע""מ",IL,אסם אינסטנט פודינג נ,גרמים,75.00,100 גרם,false,,5.90,7.8667,true,1,141095
7296049224603,false,ניקולטי -סט מגבות מט,,,ניקולטי סט 3 מגבות מ,יחידה,0.00,יחידה,false,,10.90,0.0000,true,1,140789
7296058000526,false,פריכיות כוסמת פרח 160 גרם,פרח תעשיות,IL,פריכיות כוסמת 130גר,גרמים,130.00,100 גרם,false,,7.90,6.0769,true,1,93034
7296058110010,false,"פריכיות אורז פרח כשל""פ 110 גר'",פרח תעשיות,IL,פריכיות אורז מלא 110,גרמים,110.00,100 גרם,false,,4.90,4.4545,true,1,135060
7296082000035,false,"ביצים ""פלוס"" 6 יחידות",המכון למיון ושיווק ב,IL,ביצים פלוס אומגה3 6י,יח',6.00,יח',false,,15.90,2.6500,true,1,21929
7296082000066,false,ביצה פלוס L תריסר,,,ביצים פלוס 12יח L,יח',12.00,יח',false,,17.90,1.4917,true,1,75598
7296082000080,false,ביצי חופש 12 יחידות,המכון למיון ושיווק ביצים,IL,ביצים חופש 12יח,יח',12.00,יח',false,,21.90,1.8250,true,1,29756
7296082000134,false,ביצים רגילות לארג' 1,המכון למיון ושיווק ב,IL,ביצים רגילות לארג' 1,יח',12.00,יח',false,,12.05,1.0042,true,1,44440
7296082000141,false,ביצים רגילות מדיום 1,המכון למיון ושיווק ב,IL,ביצים רגילות מדיום 1,יחידה,0.00,יחידה,false,,11.15,0.0000,true,1,44441
7296082000165,false,ביצים אורגניות תריסר,המכון למיון ושיווק ב,IL,ביצים אורגניות 12יח,יח',12.00,יח',false,,25.90,2.1583,true,1,45484
7296082000172,false,ביצה פלוס אומגה M 30,,,ביצים פלוס 30יח M,יח',30.00,יח',false,,41.90,1.3967,true,1,75599
7296082000189,false,ביצה פלוס אומגה L 30,,,ביצים פלוס 30יח L,יח',30.00,יח',false,,41.90,1.3967,true,1,75600
7296082000202,false,ביצים סופר טריה לארג,,,ביצים סופר טריה לארג,יח',18.00,יח',false,,18.07,1.0039,true,1,63984
7296102108260,false,מתקן כביסה מתכת,,,מתקן כביסה מתכת,יחידה,0.00,יחידה,false,,69.90,0.0000,true,1,127045
7296107000002,false,מלפפון 9-7 במלח 600 ג' פרי חן,פרי חן,IL,מלפפון במלח 7-9 20%,גרמים,670.00,100 גרם,false,,7.50,1.1194,true,1,106560
7296107000033,false,מלפפונים בחומץ 7-9 670גר,פרי חן,IL,מלפפון חמוץ 7-9 בחומ,גרמים,670.00,100 גרם,false,,7.50,1.1194,true,1,105952
7296107000149,false,פרי חן- פלפל שיפקה 540 גרם,,,פלפל שיפקה 540 גרם,גרמים,540.00,100 גרם,false,,6.90,1.2778,true,1,106590
7296107000439,false,זיתים חרוזית ירוק 56,פרי חן,IL,זיתים חרוזית ירוק 56,גרמים,560.00,100 גרם,false,,9.90,1.7679,true,1,106566
7296107000958,false,קוקטייל זיתים פרי חן,פרי חן,IL,קוקטייל זיתים פרי חן,גרמים,560.00,100 גרם,false,,9.90,1.7679,true,1,106581
7296155150698,false,דלי פיה סופר,YIWU-KAI-WUN,CN,דלי פיה סופר,יחידה,0.00,יחידה,false,,9.90,0.0000,true,1,76391
7310790088830,false,תחבושות ליברס אולטרה,,,תחבושות ליברס אולטרה,יחידה,0.00,יחידה,false,,9.90,0.0000,true,1,139826
7312040017683,false,"אבסולוט וודקה, 700 מ''ל",חברת אבסולוט,SE,וודקה אבסולוט 700מל,מיליליטרים,700.00,"100 מ""ל",false,,69.90,9.9857,true,1,67819
7322540082210,false,מגני תחתון ליברס דיי,,,מגן תחתון ליברס דייל,יחידה,0.00,יחידה,false,,9.90,0.0000,true,1,139829
7394376123337,false,"משקה שיבולת שועל אורגני מפוקח ע""י סקאל",טרנסומס פוד איי.בי,SE,משקה שיבולת שועל אור,מיליליטרים,1000.00,"100 מ""ל",false,,14.90,1.4900,true,1,120883
7394376615825,false,אוטלי משקה שיבולת שועל מועשר בסידן וויטמינים 1 ליטר,טרנסומס פוד,SE,משקה שיבולת שועל מוע,מיליליטרים,1000.00,"100 מ""ל",false,,14.90,1.4900,true,1,120884
7394376616778,false,אוטלי משקה שיבולת שועל להקצפה בריסטה 1 ליטר,טרנסומס פוד,SE,משקה שיבולת שועל להק,מיליליטרים,1000.00,"100 מ""ל",false,,16.90,1.6900,true,1,120886
7501013122053,false,ג'ומקס מיץ אפרסק קרטונית ליטר תריסר,חומקס קומר קומרסאליזדורה,MX,נקטר ג'ומקס אפרסק קר,מיליליטרים,1000.00,"100 מ""ל",false,,9.90,0.9900,true,1,107214
7501013122114,false,"נקטר משקה אננס בקרטונית ג'ומקס, 1 ל'",חומקס קומר קומרסאליזדורה,MX,נקטר ג'ומקס אננס קרט,מיליליטרים,1000.00,"100 מ""ל",false,,9.90,0.9900,true,1,107215
7501064191398,false,שישיית בירה קורונה אקסטרא *355 מל,קריניציה ויטמינה אס,MX,בירה קורונה בקבוק שי,מיליליטרים,2130.00,"100 מ""ל",false,,36.90,1.7324,true,1,100831
7610008059073,false,טבלת שוקולד רגוסה קלאסי עם שקדים 100 גר,RAGUSA,CH,שוקולד רגוסה קלאסי 1,גרמים,100.00,100 גרם,false,,15.90,15.9000,true,1,128275
7610008059080,false,רגוזה-שוקולד מריר טראפל אגוזי לוז 100 גרם,RAGUSA,CH,שוקולד רגוסה מריר 10,גרמים,100.00,100 גרם,false,,15.90,15.9000,true,1,128276
7610008059097,false,טבלת שוקולד רגוסה בלונד עם שקדים 100 גר,RAGUSA,CH,שוקולד רגוסה בלונד 1,גרמים,100.00,100 גרם,false,,15.90,15.9000,true,1,128277
7610008059103,false,טבלת שוקולד טורינו חלב 100 גר,קמיל בלוך,CH,טורינו שוקולד חלב 1,גרמים,100.00,100 גרם,false,,15.90,15.9000,true,1,128278
7610243004463,false,"דורגול - מרסס להסרת אבנית במקלחון 600 מ""ל",יעקבי- דורגול Durgol,CH,דורגול מסיר אבן מרסס,מיליליטרים,500.00,"100 מ""ל",false,,21.90,4.3800,true,1,48772
7610400010481,false,לינדט אקסלנס שוקולד חלב 100 גרם,לינדט ושפרונגלי קילשברג,FR,שוקולד לינדט אקסלנס,גרמים,100.00,100 גרם,false,,15.90,15.9000,true,1,31344
7610400068505,false,לינדט לינדור בונבוניירה שוקולד חלב 200 גרם,לינדט ושפרונגלי קילשברג,CH,לינדור בונבוניירה חל,גרמים,200.00,100 גרם,false,,25.90,12.9500,true,1,47976
7610400068529,false,לינדט לינדור בונבוניירה כדורי שוקולד מטעמים 200 גרם,לינדט ושפרונגלי קילשברג,CH,לינדור בונבוניירה אס,גרמים,200.00,100 גרם,false,,25.90,12.9500,true,1,47977
7610400070577,false,לינדט אקסלנס שוקולד צ'ילי 100 גרם,לינדט ושפרונגלי קילשברג,CH,שוקולד לינדט אקסלנס,גרמים,100.00,100 גרם,false,,15.90,15.9000,true,1,72386
7610400074155,false,לינדט לינדור קוביות במילוי קרם שוקולד 60% מוצקי קקאו 100 גרם,לינדט ושפרונגלי קילשברג,CH,שוקולד לינדור 60% 10,גרמים,100.00,100 גרם,false,,16.90,16.9000,true,1,47526
7613030979647,false,דגני בוקר טריקס פירות עולם היורה 480 ג',ג'נרל מילס סאן אדריא,CL,טריקס 480 גרם,גרמים,480.00,100 גרם,false,,27.90,5.8125,true,1,97789
7613032045753,false,פיטנס - דגני בוקר שוקולד 375 גרם,נסטלה צרפת איטנקורט,FR,פיטנס שוקולד 375 גרם,גרמים,375.00,100 גרם,false,,23.90,6.3733,true,1,43748
7613033548192,false,פיטנס - דגני בוקר שוקולד מריר 375 גרם,נסטלה צרפת איטנקורט,FR,פיטנס דגני בוקר שוקו,גרמים,375.00,100 גרם,false,,23.90,6.3733,true,1,57274
7613035548374,false,דגני בוקר גולדן מיניס מחיטה מלאה ותירס,נסטלה פולין דגני בוק,FR,דגני גולדן מיניס נסט,גרמים,570.00,100 גרם,false,,27.90,4.8947,true,1,75544
7613035622623,false,פיטנס - גרנולה שקדים ודבש 300 גרם,שוורצקוף& הנקל דיסלד,LT,פיטנס גרנולה שקדים ו,גרמים,300.00,100 גרם,false,,16.90,5.6333,true,1,76723
7613035635845,false,פיטנס גרנולה שוקולד 14*300 גרם,שוורצקוף& הנקל דיסלד,LT,פיטנס גרנולה שוקולד,גרמים,300.00,100 גרם,false,,16.90,5.6333,true,1,76724
7613035758834,false,פיטנס סופר גרנולה וחמוציות 300 גרם,שוורצקוף& הנקל דיסלד,LT,פיטנס גרנולה חמוציות,גרמים,300.00,100 גרם,false,,16.90,5.6333,true,1,89805
7613035807778,false,פרפקטו רוטב עגבניות לבולונז אסם 400 גרם,אסם פרפקטו Perfecto,ES,רוטב עגבניות לבולונז,גרמים,400.00,100 גרם,false,,10.90,2.7250,true,1,89406
7613035809109,false,פרפקטו רוטב עגבניות ובזיליקום אסם 400 גרם,אסם פרפקטו Perfecto,ES,רוטב עגבניות ובזיליק,גרמים,400.00,100 גרם,false,,10.90,2.7250,true,1,89407
7613035809123,false,פרפקטו רוטב עגבניות עם פלפלים אסם 400 גרם,אסם פרפקטו Perfecto,ES,רוטב עגבניות עם פלפל,גרמים,400.00,100 גרם,false,,10.90,2.7250,true,1,89408
7613035809857,false,פרפקטו רוטב עגבניות לפסטה ולבישול אסם 400 גרם,אסם פרפקטו Perfecto,ES,רוטב עגבניות לפסטה ו,גרמים,40.00,100 גרם,false,,10.90,27.2500,true,1,89409
7613036520492,false,פרפקטו רוטב עגבניות לפיצה אסם 400 גרם,אסם פרפקטו Perfecto,ES,רוטב עגבניות לפיצה פ,גרמים,400.00,100 גרם,false,,10.90,2.7250,true,1,96749
7613036725286,false,דנטלייף חטיף דנטלי לחתול בטעם סלמון,נסטלה פורינה גרמניה,DE,דנטלייף חתול סלמון 4,גרמים,40.00,100 גרם,false,,9.90,24.7500,true,1,140397
7613036725309,false,דנטלייף חטיף דנטלי לחתול בטעם עוף,נסטלה פורינה גרמניה,DE,דנטלייף חתול עוף 40ג,גרמים,40.00,100 גרם,false,,9.90,24.7500,true,1,140396
7613036737623,false,קראנץ' רולס נסטלה 410 גרם,"אסם תעשיות בע""מ",FR,דגני בוקר קראנץ מקס,גרמים,410.00,100 גרם,false,,27.90,6.8049,true,1,98990
7613037012200,false,גרבר מחית תפוח גזר ומנגו 90 גרם פאוץ,"מפעל סברס, נסטלה ספרד ס.",PL,גרבר מחית תפוח מנגו,גרמים,90.00,100 גרם,false,,6.20,6.8889,true,1,112544
7613037204889,false,סטארבקס - פולי קפה אספרסו 450 גרם,נסטלה נספרסו,PT,סטארבקס פולי קפה אספ,גרמים,450.00,100 גרם,false,,49.90,11.0889,true,1,136351
7613037686906,false,פיטנס שקדים ודבש 355 גרם מופחת סוכר,נסטלה צרפת איטנקורט,FR,פיטנס שקדים ודבש 355,גרמים,355.00,100 גרם,false,,23.90,6.7324,true,1,112541
7613037811629,false,דגני בוקר קורנפלקס גו פרי 500 גר',שוורצקוף& הנקל דיסלד,GB,קורנפלקס גו פרי 500ג,גרמים,500.00,100 גרם,false,,16.90,3.3800,true,1,112930
7613038268262,false,דגני בוקר צ'יריוס דבש ושקדים במתיקות מעודנת,נסטלה פולין דגני בוק,FR,דגני האני נאט צ'יריו,גרמים,410.00,100 גרם,false,,21.90,5.3415,true,1,112546
7613038451954,false,דגני בוקר שוקולד מופחת סוכר 410 ג' קראנץ',נסטלה צרפת איטנקורט,FR,קראנץ שוקולד דגני בו,גרמים,410.00,100 גרם,false,,23.90,5.8293,true,1,112547
7613039881521,false,גרבר מחית מרק מנגו 190 גרם,נסטלה פולסקה אס.איי,PL,גרבר מחית מנגו 190,גרמים,190.00,100 גרם,false,,6.50,3.4211,true,1,134970
7613039881965,false,גרבר מחית גזר תפוח ומנגו 190 גרם,נסטלה פולסקה אס.איי,PL,גרבר מחית גזר תפוח מ,גרמים,190.00,100 גרם,false,,6.50,3.4211,true,1,134971
7613287121783,false,סמארטיס מיני 16*187 גרם,נסטלה גרמניה,DE,סמארטיס מיני 187גרם,גרמים,187.00,100 גרם,false,,10.90,5.8289,true,1,136377
7613287155832,false,גרבר מחית תפוחי עץ 90 גרם פאוץ,"מפעל סברס, נסטלה ספרד ס.",ES,גרבר מחית תפוח פאוץ,גרמים,90.00,100 גרם,false,,6.20,6.8889,true,1,136884
7613287182456,false,ויטמינציק מחית אגס בננה תפוח 110 גרם,"נסטלה ספרד ס.א, מפעל",ES,ויטמינצ'יק פאוץ אגס,מיליליטרים,110.00,"100 מ""ל",false,,6.50,5.9091,true,1,140804
7613287186928,false,סטארבקס קפסולות קפה ברקפסט רוסט 10יח,נסטלה שוויץ - קפה,CH,סטארבקס קפסולות ברקפ,יחידה,0.00,יחידה,false,,21.90,0.0000,true,1,137014
7613287325808,false,אוסם - דיפ אנד ספרד מטבל איולי שום 295 גרם,נסטלה פולין,PL,רוטב איולי שום לחיץ,גרמים,295.00,100 גרם,false,,16.90,5.7288,true,1,137708
7613287325822,false,אוסם - דיפ אנד ספרד מטבל מיקס 295 גרם,נסטלה,PL,רוטב מיקס לחיץ אסם 2,גרמים,295.00,100 גרם,false,,16.90,5.7288,true,1,137709
7613287325952,false,אוסם - דיפ אנד ספרד מטבל ברבקיו 345 גרם,דפטונה פולין,PL,רוטב ברביקיו לחיץ אס,גרמים,345.00,100 גרם,false,,16.90,4.8986,true,1,137713
7613287394323,false,דגני בוקר מולטי צ'יריוס 600 גרם,נסטלה פולין דגני בוק,GB,דגני מולטי ציריוס 60,גרמים,600.00,100 גרם,false,,27.90,4.6500,true,1,137112
7613287476494,false,אוסם - דיפ אנד ספרד מיונז בסגנון צרפתי 280 גרם,נסטלה פולין,PL,מיונז לחיץ אסם 280 ג,גרמים,280.00,100 גרם,false,,16.90,6.0357,true,1,137712
7613287855640,false,סטארבקס קפסולות קפה גוואטמלה 10 יחידות,נסטלה שוויץ - קפה,CH,סטארבקס קפסולות גווא,גרמים,52.00,100 גרם,false,,21.90,42.1154,true,1,140411
7614500010013,false,טובלרון - שוקולד חלב קלאסי 100 גרם,,,טובלרון בר חלב 100 ג,גרמים,100.00,100 גרם,false,,8.90,8.9000,true,1,106117
7622010001858,false,עוגיות אוראו ממולאות קרם וניל 176 גרם.,פי אר ג'\יי אס אי מנדלז,UA,אוראו עוגיות ממולאות,גרמים,176.00,100 גרם,false,,9.90,5.6250,true,1,76068
7622201050757,false,שוקולד מילקה טבלת חלב עם קרמל 100 ג',מילקה Milka,DE,שוקולד מילקה חלב עם,גרמים,100.00,100 גרם,false,,7.90,7.9000,true,1,48392
7622201401900,false,עוגיות סנסיישן אוראו מילקה 156 גרם,מונדלז פולסקה פרודקש,PL,מילקה עוגיות סנסיישן,גרמים,156.00,100 גרם,false,,13.90,8.9103,true,1,128326
7622201502515,false,עוגיות מילקה קוקי לופ שוקולד צ'יפס,גיורי קייקס קייאפטי,HU,מילקה קוקי לופ 132 ג,גרמים,132.00,100 גרם,false,,13.90,10.5303,true,1,137491
7622201802363,false,מילקה טבלת שוקולד חלב וצימוקים ואגוזים 100ג',מנדלז דויצ'\לנד סנקס פרו,DE,שוקולד חלב מילקה צימ,גרמים,100.00,100 גרם,false,,7.90,7.9000,true,1,136972
7622201802394,false,שוקולד מילקה חלב מסרונים 100 גרם,מנדלז דויצ'\לנד סנקס פרו,DE,שוקולד מילקה חלב 100,גרמים,100.00,100 גרם,false,,7.90,7.9000,true,1,136970
7622201808631,false,אוראו מיני עוגיות ממולאות קרם וניל 67גרם,פי.טי. מונדלז אינדונ,ID,אוראו מיני כוסות בטע,גרמים,67.00,100 גרם,false,,9.90,14.7761,true,1,136975
7622201813390,false,עוגיות מילקה וואפל במילוי קרם קקאו 150 ג,מונדליז סי.אר. ביסקוויט,CZ,מילקה וואפל במילוי ק,גרמים,150.00,100 גרם,false,,13.90,9.2667,true,1,136980
7622201819408,false,שוקולד מילקה דרק קרמל 85 גרם.,מונדלז דויטשלנד סנאק,DE,שוקולד מילקה דארק קר,גרמים,85.00,100 גרם,false,,7.90,9.2941,true,1,137637
7622201819552,false,מילקה דארק שוקולד 85 גרם חדש,מונדלז דויטשלנד סנאק,DE,שוקולד מילקה דארק 85,גרמים,85.00,100 גרם,false,,7.90,9.2941,true,1,137638
7622201823733,false,עוגיות ת`ינס דקות 151 ג' מילקה,מונדלייז,ES,עוגיות מילקה תינס דק,גרמים,151.00,100 גרם,false,,13.90,9.2053,true,1,141645
7622210078131,false,שוקולד חלב עם שבבי קרמל מילקה דיים 100 גרם,מנדלז דויצ'\לנד סנקס פרו,DE,שוקולד מילקה חלב עם,גרמים,100.00,100 גרם,false,,7.90,7.9000,true,1,93245
7622210163899,false,שוקולד חלב במילוי סוכריות עדשים,מונדלז דויצ'לנד סנקס,DE,שוקולד מילקה חלב עם,גרמים,100.00,100 גרם,false,,7.90,7.9000,true,1,97551
7622210392589,false,טובלרון טייני שוקולד חלב 200 גרם,מונדלז סוויצרלנד פרודקשן,CH,טובלרון טייני חלב 20,גרמים,200.00,100 גרם,false,,14.90,7.4500,true,1,140785
7622210453327,false,עוגיות שוקוצ'יפס במילוי שוקולד סנסיישן,מנדלז פולסקה פרודקשן,PL,מילקה עוגיות סנסיישן,גרמים,156.00,100 גרם,false,,13.90,8.9103,true,1,94896
7622210826053,false,שוקולד מילקה אוראו סנדוויץ 92 גר',גיאורי קאקסז קייאףטי,HU,שוקולד מילקה אוראו ס,גרמים,92.00,100 גרם,false,,7.90,8.5870,true,1,128329
7622300107949,false,טובלרון חלב צימוק 100גר,,,טובלרון שוקולד חלב ע,גרמים,100.00,100 גרם,false,,8.90,8.9000,true,1,140536
7622300200237,false,שוקולד מילקה שוקולד חלב 250 גרם,מונדליז אוסטרייך פרו,AT,שוקולד מילקה חלב250ג,גרמים,250.00,100 גרם,false,,12.90,5.1600,true,1,48624
7622300270506,false,מילקה גריינס - עוגיות שיבולת שועל מצופות שוקולד 168 ג',מונדלז פולסקה פרודקש,PL,מילקה גריינס עוגיות,גרמים,168.00,100 גרם,false,,13.90,8.2738,true,1,56534
7622300489434,false,"עוגיות אוראו פאדג' בציפוי שוקולד חלב, 246 גרם",מנדלז אספנה גאלטס פר,ES,אוראו עוגיות בציפוי,גרמים,246.00,100 גרם,false,,15.90,6.4634,true,1,96535
7622300495046,false,מילקה שוקולד חלב עם אקסטרה קקאו 100 גרם,מנדלז דויצ'\לנד סנקס פרו,DE,שוקולד מילקה אקסטרה,גרמים,100.00,100 גרם,false,,7.90,7.9000,true,1,66550
7622300617820,false,מילקה שוקולד חלב במילוי קרם חלב ווניל ושבבי עוגיות אוראו 100 גרם,מנדלז דויצ'\לנד סנקס פרו,DE,שוקולד מילקה אוראו 1,גרמים,100.00,100 גרם,false,,7.90,7.9000,true,1,66551
7622400005190,false,שוקולד חלב נגיעות שוקולד לבן מילקה 100 ג,מנדלז דויצ'\לנד סנקס פרו,DE,שוקולד מילקה 100גר,גרמים,100.00,100 גרם,false,,7.90,7.9000,true,1,72583
7630477891592,false,סטארבקס קפסולות קפה האוס בלנד 10 יחידות,נסטלה שוויץ - קפה,CH,סטארבקס קפסולות האוס,יחידה,0.00,יחידה,false,,21.90,0.0000,true,1,126988
7630477891615,false,סטארבקס קפסולות קפה סומטרה 10 יחידות,נסטלה שוויץ - קפה,CH,סטארבקס קפסולות סומט,יחידה,0.00,יחידה,false,,21.90,0.0000,true,1,126991
7630477891639,false,סטארבקס קפסולות קפה ורונה 10 יחידות,נסטלה שוויץ - קפה,CH,סטארבקס קפסולות האוס,יחידה,0.00,יחידה,false,,21.90,0.0000,true,1,126992
7630477891653,false,סטארבקס קפסולות קפה אספרסו נטול 10 יחידו,נסטלה שוויץ - קפה,CH,סטארבקס קפסולות אספר,יחידה,0.00,יחידה,false,,21.90,0.0000,true,1,126989
7630477891714,false,סטארבקס קפסולות קפה אספרסו 10 יחידות,נסטלה שוויץ - קפה,CH,סטארבקס קפסולות אספר,יחידה,0.00,יחידה,false,,21.90,0.0000,true,1,127002
7630477891738,false,סטארבקס קפסולות קפה אספרסו בלונד 10 יחיד,נסטלה שוויץ - קפה,CH,סטארבקס קפסולות אספר,יחידה,0.00,יחידה,false,,21.90,0.0000,true,1,126994
7702018458110,false,מכשיר גילוח ידני ג'ילט פיוז'ן 2 יחידות,מולינו ניקולי s.p.a,PL,גילט מכשיר פיוזן ידנ,יחידה,0.00,יחידה,false,,39.90,0.0000,true,1,97140
7702018471423,false,סכיני גילוח גילט פיוזן רביעייה,פרןקטר אנד גמבל ברלי,PL,גילט פיוזן סכיני גיל,יחידה,0.00,יחידה,false,,59.90,0.0000,true,1,126968
7702024074625,false,פיטנס - חטיפי קרקר חיטה מלאה 234 גרם,קומסטיבלס לה רוזה אס.איי,CO,פיטנס חטיפי קרקר חיט,גרמים,234.00,100 גרם,false,,12.90,5.5128,true,1,97957
7702024258322,false,"חטיפי קרקר עם חיטה מלאה, צ'יה וזרעי פשתן פיטנס",נסטלה Nestle,CO,פיטנס חטיפי קרקר צ'י,גרמים,234.00,100 גרם,false,,12.90,5.5128,true,1,127913
7702174066631,false,לקקן יוגטה פין פופ במילוי מסטיק 170 גר,הדקלאים אגודת שיתופי,EC,לקקן פינפופ מהדרין י,גרמים,180.00,100 גרם,false,,7.90,4.3889,true,1,48623
7702174068826,false,יוגטה מבחר סוכריות לקקן קשות ממולאות טופי בטעמי יוגורט ופירות 204 גרם,הדקלאים אגודת שיתופי,CO,לקקן עם סוכריות טופי,יחידה,0.00,יחידה,false,,11.90,0.0000,true,1,65401
7702174070201,false,יוגטה לקקן בטעם מסטיק ממולא טופי בטעם תות 12 יח' 204 גרם,הדקלאים אגודת שיתופי,CO,לקקן מג'יק יוגטה 12י,יחידה,0.00,יחידה,false,,11.90,0.0000,true,1,66668
7792860006218,false,סוכריות לקקנים בייבי דול Baby Doll לריטר,גוד פוד פרודקטס S.p,AR,סוכריות לקקנים בייבי,גרמים,24.00,100 גרם,false,,2.50,10.4167,true,1,56188
7804414000877,false,יין מרלו דון חוליו ה,צ'ילה לואיס פיליפה אדוארדס,CL,דון חולין מרלו 750מל,מיליליטרים,750.00,"100 מ""ל",false,,34.90,4.6533,true,1,50425
7804414012344,false,דון חוליו סוביניון בלאן,צ'ילה לואיס פיליפה א,CL,דון חוליו סובניון בל,מיליליטרים,750.00,"100 מ""ל",false,,34.90,4.6533,true,1,92733
7891024130063,false,"קולגייט מי פה פלאקס ללא אלכוהול 500 מ""ל מהדרין",קולגייט- פלמוליב,BR,קולגייט מי פה פלאקס,מיליליטרים,500.00,"100 מ""ל",false,,19.90,3.9800,true,1,49793
8000020000365,false,"וורמוט צינזנו ביאנקו 750 מ""ל",דויד קמפרי,IT,*מבצע* וורמוט צינזנו,מיליליטרים,750.00,"100 מ""ל",false,,25.90,3.4533,true,1,65716
8000040001106,false,"קאמפרי ביטר אפרטיף 700 מ""ל",דויד קמפרי,IT,"*מבצע* קמפרי 700 מ""ל",מיליליטרים,700.00,"100 מ""ל",false,,69.90,9.9857,true,1,73291
8000300359978,false,טבלת שוקולד חלב פרוג,,,טבלת שוקולד חלב פרוג,גרמים,80.00,100 גרם,false,,4.90,6.1250,true,1,141635
8000300359992,false,פרוג'ינה שוקולד מריר,,,טבלת שוקולד מריר פרו,גרמים,80.00,100 גרם,false,,4.90,6.1250,true,1,141636
8000300389067,false,בונ.באצ'י פרימיום שק125ג,באצי פרוגינה איטליה,IT,באצ'י שוקולד מריר ש,גרמים,125.00,100 גרם,false,,10.90,8.7200,true,1,141634
8000350004781,false,עוגיות ביס קרם שוקול,MATILDE VICENZI,IT,עוגיות ביס פריכות וי,גרמים,125.00,100 גרם,false,,10.90,8.7200,true,1,140142
8000380003723,false,וופל אגוזים בציפוי שוקולד לואקר 100 גרם,קריניציה ויטמינה אס,IT,גרנד פטיסרי וופל אגו,גרמים,100.00,100 גרם,false,,14.50,14.5000,true,1,32065
8000380003761,false,וופל גרנד פטיסרי שוקולד וקוקוס לואקר 100 גרם,קריניציה ויטמינה אס,IT,גרנד פטיסרי קוקוס 10,גרמים,100.00,100 גרם,false,,14.50,14.5000,true,1,32067
8000380004676,false,קוביות וופל סנדוויץ Sandwich עם וניל וחלב,"א. לואקר, קונפקט ג'י",AT,וופל לואקר קוביות סנ,גרמים,200.00,100 גרם,false,,14.50,7.2500,true,1,32069
8000380004911,false,קוביות וופל קואדרטיני Quadratini קרם אגוזים,קריניציה ויטמינה אס,AT,וופל קואדרטיני אגוז,גרמים,250.00,100 גרם,false,,14.90,5.9600,true,1,32070
8000380004966,false,וופל קוארדטיני לואקר קוביות שוקולד 250ג',קריניציה ויטמינה אס,AT,וופל לואקר קוביות קק,גרמים,250.00,100 גרם,false,,14.90,5.9600,true,1,32071
8000380005598,false,מארז וופל שוקולד טורטינה Tortina שוקולד מריר,א. לואקר אס. פי. אי-אי.,IT,טורטינה שישיה מריר 1,גרמים,125.00,100 גרם,false,,18.90,15.1200,true,1,50348
8000380007257,false,וופל גרדנה אגוזים לואקר 200 גרם,קריניציה ויטמינה אס,IT,וופל גרדנה אגוז 200ג,גרמים,200.00,100 גרם,false,,14.90,7.4500,true,1,32074
8000380007271,false,וופל במילוי קרם חלב לואקר 175 גרם,ליימן מותגים,AT,וופל לואקר חלב 175גר,גרמים,175.00,100 גרם,false,,12.90,7.3714,true,1,32076
8000380106028,false,טורטינה לואקר וופל שוקולד ואגוזים שישיה 125ג',קריניציה ויטמינה אס,IT,טורטינה שישיה חלב 12,גרמים,125.00,100 גרם,false,,18.90,15.1200,true,1,47574
8000380142484,false,קוביות וופל קואדרטיני Quadratini בטעם שוקולד מריר,"אינסטנטה בע""מ",AT,וופל קואדרטיני שוקול,גרמים,250.00,100 גרם,false,,14.90,5.9600,true,1,47937
8000380144044,false,גרדנה וופל מצופה שוקולד חלב לואקר 200 גרם,"א. לואקר , AG/SpA, ו",IT,וופל גרדנה שוקולד 20,גרמים,200.00,100 גרם,false,,14.90,7.4500,true,1,44341
8000380152704,false,וופל אצבעות גרדנה חטיפי אגוז שוקו' 125גר,"אינסטנטה בע""מ",IT,לואקר גרדנה אצבעות ו,גרמים,125.00,100 גרם,false,,16.50,13.2000,true,1,64802
8000380152728,false,מארז חטיפי אצבעות גרנדה שוקולד 125 גרם,"אינסטנטה בע""מ",IT,לואקר גרדנה אצבעות ו,גרמים,125.00,100 גרם,false,,16.50,13.2000,true,1,90112
8000380157570,false,וופלים לואקר קלאסיק אגוז 262.5 גר,ליימן מותגים,AT,וופל קלאסי לואקר 262,גרמים,262.50,100 גרם,false,,14.90,5.6762,true,1,95002
8000380157587,false,וופלים לואקר קלאסיק קקאו 262.5 גר,ליימן מותגים,AT,וופל שוקולד לואקר 26,גרמים,262.50,100 גרם,false,,14.90,5.6762,true,1,95003
8000380180721,false,לואקר וופל קקאו במילוי קרם חלבי 175 גר,קריניציה ויטמינה אס,AT,וופל לואקר קלאסיק שו,גרמים,175.00,100 גרם,false,,12.90,7.3714,true,1,76197
8000380180745,false,וופל קוביות קקאו במילוי קרם חלב לואקר 250 גרם,"א. לואקר, קונפקט ג'י",AT,וופל קואדרטיני שוקו,גרמים,250.00,100 גרם,false,,14.90,5.9600,true,1,76198
8000380180837,false,וופל גרנד פטיסרי קוקוס לבן מצופה שוקולד לבן לואקר 100 גרם,"אינסטנטה בע""מ",IT,גרנד פטיסרי במילוי ק,גרמים,100.00,100 גרם,false,,14.50,14.5000,true,1,89421
8000380181032,false,"לואקר גרדנה חטיפי אצבעות אגוזים ושוקולד לבן, 125 גרם","אינסטנטה בע""מ",IT,וופל לואקר גרדנה אצב,גרמים,125.00,100 גרם,false,,16.50,13.2000,true,1,89416
8000380184644,false,לואקר מיניס טעמים שונים 150 גרם,ליימן מותגים,,וופל לואקר מיניס טעמ,גרמים,150.00,100 גרם,false,,13.90,9.2667,true,1,113221
8000380192151,false,טורטינה טריפל שוקולד מריר לואקר 125 גרם,א. לואקר אס. פי. אי-אי.,IT,טורטינה טריפל שוקולד,גרמים,125.00,100 גרם,false,,18.90,15.1200,true,1,106822
8000380205523,false,וופלים בטעם חמאת בוטנים לואקר 175 גרם,ליימן מותגים,AT,וופל לואקר קלאסיק חמ,גרמים,175.00,100 גרם,false,,12.90,7.3714,true,1,139585
8000380206896,false,וופל גרדנה חמאת בוטנים לואקר 200 גרם,ליימן מותגים,IT,וופל גרדנה חמאת בוטנ,גרמים,200.00,100 גרם,false,,14.90,7.4500,true,1,139586
8000500023976,false,בונבוניירת רפאלו פררו 150 גרם,פררו - אלבה,PL,בונבוניירת רפאלו 150,גרמים,150.00,100 גרם,false,,17.90,11.9333,true,1,38150
8000500026731,false,שוקולד ביצי הפתעה קינדר שלישייה,פררו אס.פי.אי,IT,קינדר ביצי שוקולד 3*,גרמים,60.00,100 גרם,false,,15.90,26.5000,true,1,74941
8000500028124,false,קינדר גוי ביצת הפתעה מארז שלישיה,ליימן שליסל,ZA,קינדר ג'וי שלישייה 3,גרמים,60.00,100 גרם,false,,15.90,26.5000,true,1,140807
8000500029350,false,מארז וופל מצופה 3יח' *43 גרם קינדר בואנו,פררו - אלבה,PL,קינדר בואנו שלישייה,גרמים,129.00,100 גרם,false,,12.90,10.0000,true,1,32080
8000500032237,false,בונבונרייה פררו רושר 375 גרם,פררו - אלבה,IT,*מבצע* פררו רושר בונ,גרמים,372.00,100 גרם,false,,42.90,11.5323,true,1,39257
8000500071083,false,אצבעות שוקולד קינדר Kinder שש עשרה יחידות,פררו - אלבה,IT,קינדר אצבעות שוקולד,גרמים,200.00,100 גרם,false,,14.90,7.4500,true,1,32084
8000500094976,false,"בונבוניירה פררו רושר רושה קונוס, 212 גרם T17X4",רושר,IT,*מבצע* פררו רושר קונ,גרמים,212.00,100 גרם,false,,39.90,18.8208,true,1,97934
8000500227848,false,נוטלה - בי רדי אצבעות ביסקוויט במילוי שוקולד 6 יח' * 22 גרם,פררו,IT,נוטלה בי רדי 132 גרם,גרמים,132.00,100 גרם,false,,12.90,9.7727,true,1,97608
8000500256213,false,קינדר שוקולד מיני בשקית.,פררו - אלבה,IT,קינדר שוקולד מיני 12,גרמים,120.00,100 גרם,false,,11.90,9.9167,true,1,99306
8000500267103,false,קינדר דליס עוגת ספוג קקאו במילוי חלבי*10,קינדר Kinder,IT,קינדר דליס 390 גרם,גרמים,390.00,100 גרם,false,,19.90,5.1026,true,1,99294
8000500310397,false,נוטלה עוגיות נוטלה בגליל 12יח' - NUTELLA BISCUITTS,קריות זול,IT,נוטלה ביסקוויט גליל,גרמים,166.00,100 גרם,false,,16.90,10.1807,true,1,141641
8000500366073,false,נוטלה עוגיות נוטלה בשקית 20 יח'- NUTELLA BISCUITTS,נוטלה Nutella,IT,נוטלה ביסקוויט שקית,גרמים,276.00,100 גרם,false,,21.90,7.9348,true,1,141640
8000500386941,false,"ממרח קקאו עם אגוזי לוז, 900 גרם",קדבורי,IT,נוטלה ממרח קקאו עם א,גרמים,900.00,100 גרם,false,,29.90,3.3222,true,1,140437
8001090222541,false,הרבל אסנסס שמפו תות שדה ומנטה 400 גרם,הרבל אסנס Herbal Essences,FR,הרבל אסנסס שמפו תות,מיליליטרים,400.00,"100 מ""ל",false,,19.90,4.9750,true,1,102763
8001090222572,false,הרבל אסנסס מרכך תות שדה ומנטה 400 גרם,הרבל אסנס Herbal Essences,FR,הרבל אסנסס מרכך תותו,מיליליטרים,400.00,"100 מ""ל",false,,19.90,4.9750,true,1,102764
8001090312150,false,אריאל קפסולות גל כבי,,,אריאל קפסולות גל כבי,יחידה,0.00,יחידה,false,,59.90,0.0000,true,1,141802
8001090336491,false,פמפרס בייבי דריי חיתולים מידה +4 31 יח,פרוקטר אנד גמבל,DE,פמפרס בייבי דריי מיד,יחידה,0.00,יחידה,false,,35.90,0.0000,true,1,112047
8001090336521,false,פמפרס בייבי דריי חיתולים מידה 5 30 יח,פרוקטר אנד גמבל,DE,פמפרס בייבי דריי מיד,יחידה,0.00,יחידה,false,,35.90,0.0000,true,1,112048
8001090336606,false,פמפרס בייבי דריי חיתולים מידה 6 26 יח,פרוקטר אנד גמבל,DE,פמפרס בייבי דריי מיד,יחידה,0.00,יחידה,false,,35.90,0.0000,true,1,112049
8001090493637,false,"הד אנד שולדרס שמפו אולטרא טוטאל קר 450 מ""ל",פרוקטר אנד גמבל,RO,הד&שולדרס שמפו אולטר,מיליליטרים,450.00,"100 מ""ל",false,,21.90,4.8667,true,1,94702
8001090678614,false,"שמפו סופרים לחות הד אנד שולדרס 400 מ""ל",פרוקטר אנד גמבל,FR,הד&שולדרס שמפו סופרי,מיליליטרים,400.00,"100 מ""ל",false,,21.90,5.4750,true,1,99928
8001090810083,false,"פנטן קונדישנר נוסחה קלאסית 500 מ""ל",פרוקטר אנד גמבל,RO,פנטן קונדישנר נוסחה,מיליליטרים,500.00,"100 מ""ל",false,,19.90,3.9800,true,1,98268
8001090810120,false,"פנטן קונדישנר שמן מרוקאי משקם 500 מ""ל",פרוקטר אנד גמבל,RO,פנטן מרכך שמן מרוקאי,מיליליטרים,500.00,"100 מ""ל",false,,19.90,3.9800,true,1,98275
8001090810205,false,"שמפו נוסחה קלאסית פנטן 500 מ""ל",פנטן שמפן/מרכך 500 מ,RO,פנטן שמפו נוסחה קלאס,מיליליטרים,500.00,"100 מ""ל",false,,19.90,3.9800,true,1,98269
8001090810281,false,"שמפו שמן מרוקאי משקם פנטן 500 מ""ל",פרוקטר אנד גמבל,RO,פנטן שמפו שמן מרוקאי,מיליליטרים,500.00,"100 מ""ל",false,,19.90,3.9800,true,1,98276
8001090833136,false,אריאל ג'ל כביסה בייבי 2.255 ליטר,פרוקטור אנד גמבל,FR,אריאל גל כביסה בייבי,ליטרים,2.26,ליטר,false,,36.90,16.3274,true,1,99061
8001090833198,false,אריאל נוזל כביסה 2.47 ליטר ניחוח מרענן,פרוקטור אנד גמבל,FR,אריאל גל כביסה ניחוח,ליטרים,2.37,ליטר,false,,36.90,15.5696,true,1,99059
8001090833228,false,אריאל ג'ל כביסה קולור 2.365 ליטר,פרוקטור אנד גמבל,FR,אריאל גל כביסה קולור,ליטרים,2.37,ליטר,false,,36.90,15.5696,true,1,99060
8001090899224,false,תחבושות אולוויז פלטינום לונג 20 יחידות,פרוקטר אנד גמבל,DE,תחבושות אולוויז פלטי,יחידה,0.00,יחידה,false,,19.90,0.0000,true,1,106971
8001090899255,false,תחבושות אולוויז פלטינום לילה 16 יחידות,פרוקטר אנד גמבל,DE,תחבושות אולוויז פלטי,יחידה,0.00,יחידה,false,,19.90,0.0000,true,1,106972
8001090988362,false,"שמפו לחות מוגברת פנטן 500 מ""ל","פרוקטר אנד גמבל, רומ",RO,פנטן שמפו לחות מוגבר,מיליליטרים,500.00,"100 מ""ל",false,,19.90,3.9800,true,1,98266
8001090988447,false,"פנטן שמפו לתלתלים מושלמים 500 מ""ל",,,פנטן מרכך לתלתלים מו,מיליליטרים,500.00,"100 מ""ל",false,,19.90,3.9800,true,1,98271
8001090988843,false,"פנטן קונדישנר לחות מרכך מוגברת 500 מ""ל",פרוקטר אנד גמבל,RO,פנטן קונדישנר לחות מ,מיליליטרים,500.00,"100 מ""ל",false,,19.90,3.9800,true,1,98267
8001100059242,false,שקיות וופל ריבועי פלוקו במילוי קרם קקאו 250 ג',,,וופל קוביות 250 ג בא,גרמים,250.00,100 גרם,false,,13.90,5.5600,true,1,140993
8001100067940,false,וואפל בטעם קקאו באלוקו 125 ג',,,וופל קוביות 125ג באל,גרמים,125.00,100 גרם,false,,9.90,7.9200,true,1,140996
8001100067957,false,שקיות וופל פאלוקו סקוור אגוזי לוז 125 ג',,,וופל קוביות125ג באלו,גרמים,125.00,100 גרם,false,,9.90,7.9200,true,1,140995
8001250152015,false,פסטה דורום פפרדלה דה,דה צ'אקו DE CECCO,IT,פסטה דורום פפרדלה דה,גרמים,500.00,100 גרם,false,,15.90,3.1800,true,1,141311
8001620011935,false,"סן בנדטו- מים מינרלים מוגז - מארז שישיית 500 מ""ל",אקווה מינרלה סאן בנד,IT,סאן בנדטו מוגז שישיי,מיליליטרים,3000.00,"100 מ""ל",false,,14.90,0.4967,true,1,56857
8001841096889,false,"נוזל לניקוי כלים לימון קלאסי 900 מ""ל",פרוקטר אנד גמבל,TR,פיירי לבן לימון 900,מיליליטרים,900.00,"100 מ""ל",false,,9.90,1.1000,true,1,97932
8001841137179,false,קונדישינר הד&שולדרס הנוסחה הקלאסית 275מל,פרוקטר אנד גמבל,RO,הד&שולדרס מרכך קלאסי,מיליליטרים,275.00,"100 מ""ל",false,,14.90,5.4182,true,1,106933
8001841500799,false,"הרבל אסנסס - שמפו ללא סולפטים אלוורה ומנגו 380 מ""ל",הרבל אסנס Herbal Essences,FR,הרבל אסנסס שמפו ללא,מיליליטרים,380.00,"100 מ""ל",false,,19.90,5.2368,true,1,134803
8001841625188,false,סבון כלים פלטינום לימון X3 פעולות להסרת שומנים,פרוקטר אנד גמבל,GB,פיירי פלטינום לימון,מיליליטרים,515.00,"100 מ""ל",false,,10.90,2.1165,true,1,120235
8001841625461,false,סבון כלים פלטינום X3 פעולות להסרת שומנים,פרוקטר אנד גמבל,GB,פיירי פלטינום אורגינ,מיליליטרים,515.00,"100 מ""ל",false,,10.90,2.1165,true,1,120236
8001841722146,false,אולוויז מגן תחתון וליופק נורמל 56 יחידות,דיפלומט,DE,מגן תחתון אולוויז נו,יחידה,0.00,יחידה,false,,19.90,0.0000,true,1,127998
8001841912691,false,פיירי פלטיניום פלוס,,,פיירי פלטיניום פלוס,יחידה,0.00,יחידה,false,,32.90,0.0000,true,1,141800
8001841941929,false,אולוויז וליו פק לילה בטוח אקסטרא 16 יחידות,פרוקטר אנד גמבל,DE,אולוויז תחבושות פלטי,יח',14.00,יח',false,,19.90,1.4214,true,1,136800
8001841960258,false,פיירי פלטיניום למדיח,,,פיירי פלטיניום למדיח,יחידה,0.00,יחידה,false,,59.90,0.0000,true,1,141801
8002205319903,false,מזון לחתולים בוגרים בטעם עוף פורינה ONE,נסטלה פורינה צרפת,FR,פורינה חתול בוגר עוף,גרמים,800.00,100 גרם,false,,37.90,4.7375,true,1,107778
8002270166594,false,"שישיית מים ""סאן פלגרינו"" 250*6 מ""ל",טמפו,,סאן פלגרינו שישייה 6,מיליליטרים,1500.00,"100 מ""ל",false,,33.90,2.2600,true,1,100989
8002450206508,false,קזה די לואיג'י קברנה סוביניון,צ'ילה לואיס פיליפה אדוארדס,CL,קזה די לואיגי קברנה,מיליליטרים,750.00,"100 מ""ל",false,,34.90,4.6533,true,1,56997
8002450206522,false,יין קאזה די לואיגי מ,קאסה די לואיג'י Casa di luigi,CL,קזה די לואיג'י מרלו,מיליליטרים,750.00,"100 מ""ל",false,,34.90,4.6533,true,1,57001
8002960103199,false,CA70W 'רוטב פומודורינה בצנצנת 370 ג MENU,מנורה,IT,רוטב עגבניות איטלקי,גרמים,370.00,100 גרם,false,,13.90,3.7568,true,1,141306
8002960103212,false,K070W 'רוטב שקשוקה בצנצנת 370 ג MENU,מנורה,IT,רוטב עגבניות איטלקי,גרמים,370.00,100 גרם,false,,13.90,3.7568,true,1,141313
8003753158587,false,אילי קפסולות אספרסו פורטה 10 יח' 57 גרם,ג'ייקובס דאו אגרבטס פר א,FR,אילי קפסולות אספרסו,יחידה,0.00,יחידה,false,,24.90,0.0000,true,1,136717
8004030044005,false,נתחי טונה בהירה בשמן זית ריו מרה 112גרם,"בולטון אלימנטרי בע""\מ",IT,טונה ריו מרה בשמן זי,גרמים,160.00,100 גרם,false,,19.90,12.4375,true,1,33235
8004030081024,false,נתחי טונה עם שום ופלפל אדום ריו מרה 160 ג',"בולטון אלימנטרי בע""\מ",IT,נתחי טונה ריו מרה עם,גרמים,160.00,100 גרם,false,,19.90,12.4375,true,1,28586
8004030103399,false,טונה בשמן זית רביעיו,BOLTON GROUP- RIO,IT,ריו מארז טונה בשמן,גרמים,320.00,100 גרם,false,,32.90,10.2812,true,1,140921
8004030177000,false,טונה בשמן זית וצ'ילי ריו מרה מארז 80X3 גר',ריו מארה Rio Mare,IT,טונה ריו מרה בשמן זי,גרמים,240.00,100 גרם,false,,29.90,12.4583,true,1,107546
8004690050507,false,L.M פסטה איטלקית פטוצ'יני 500 גרם,לה מוליסנה,IT,פסטה לאמוליזנה פטוצ',גרמים,500.00,100 גרם,false,,8.90,1.7800,true,1,97817
8004690051573,false,ספגטי לה מוליזנה 500 גרם,לה מוליזנה קמפובאסן,IT,פסטה לאמוליזנה ספגטי,גרמים,500.00,100 גרם,false,,8.90,1.7800,true,1,70505
8004690052044,false,פסטה פנה ריגטה 500 גרם,לה מוליזנה קמפובאסן,IT,פסטה לאמוליזנה פנה ז,גרמים,500.00,100 גרם,false,,8.90,1.7800,true,1,70506
8004690052600,false,פסטה לאמוליזנה קונכי,למוליזנה,IT,פסטה לאמוליזנה קונכי,גרמים,500.00,100 גרם,false,,8.90,1.7800,true,1,113185
8004690052846,false,L.M פסטה איטלקית פוזילי 500 גרם,לה מוליסנה,IT,פסטה לאמוליזנה פוסיל,גרמים,500.00,100 גרם,false,,8.90,1.7800,true,1,70507
8004690053195,false,L.M פסטה איטלקית ריגטוני 500 גרם,לה מוליזנה קמפובאסן,IT,פסטה לאמוליזנה ריגטו,גרמים,500.00,100 גרם,false,,8.90,1.7800,true,1,98080
8004690055601,false,L.M פסטה איטלקית צ'ינסי 500 גרם,למוליזנה,IT,פסטה לאמוליזנה צ'ינס,גרמים,500.00,100 גרם,false,,8.90,1.7800,true,1,113186
8004690057308,false,פסטה רדיאטורי מוליסא,לה מוליסנה,IT,פסטה לאמוליזנה רדיאט,גרמים,500.00,100 גרם,false,,8.90,1.7800,true,1,98083
8004690058008,false,L.M פסטה איטלקית ג'מלי 500 גרם,לה מוליזנה קמפובאסן,IT,פסטה לאמוליזנה גמלי,גרמים,500.00,100 גרם,false,,8.90,1.7800,true,1,98081
8004690106600,false,L.M פסטה איטלקית פרפאלה 500 גרם,לה מוליזנה קמפובאסן,IT,פסטה לאמוליזנה פארפא,גרמים,500.00,100 גרם,false,,8.90,1.7800,true,1,97818
8004800000064,false,לאגו פלאסיר- גלילי ופל קרם קקאו בציפוי ש.חלב - 100 ג',לגו גרופ ס.פ.א.,IT,לאגו גלילי וופל במיל,גרמים,100.00,100 גרם,false,,10.90,10.9000,true,1,141198
8005110002243,false,רכז עגבניות Doppio Concentr בשפופרת 185 ג' MUTTI,"איי, בי, אינבוו",IT,רכז עגבניות מוטי בשפ,גרמים,185.00,100 גרם,false,,9.90,5.3514,true,1,128500
8005110170300,false,עגבניות מרוסקות חתוכות מוטי MUTTI שלישיה *400,מוטי Mutti,IT,עגבניות מרוסקות מוטי,גרמים,1200.00,100 גרם,false,,18.90,1.5750,true,1,89086
8005110200014,false,רסק עגבניות 210 ג' CONCENTRATO MUTTI,"איי, בי, אינבוו",IT,רכז עגבניות מוטי 210,גרמים,210.00,100 גרם,false,,9.90,4.7143,true,1,89088
8005110551253,false,רוטב לפיצה להכנת פיצה איטלקית קלאסית,"איי, בי, אינבוו",IT,רוטב לפיצה מוטי 400ג,גרמים,400.00,100 גרם,false,,9.90,2.4750,true,1,120266
8005200256587,false,נסטי - תה קר בטעם אפרסק 1.5 ליטר,מפעל סאנפלגרינו S.P.A,IT,נסטי אפרסק 1.5ליטר,מיליליטרים,1500.00,"100 מ""ל",false,,9.50,0.6333,true,1,138262
8005200286584,false,נסטי- תה קר - בטעם מנגו אננס 1.5 ליטר,מפעל סאנפלגרינו S.P.A,IT,נסטי מנגו אננס 1.5לי,מיליליטרים,1500.00,"100 מ""ל",false,,9.50,0.6333,true,1,138263
8005200316588,false,תה קר דיאט בטעם אפרסק נסטי 1.5 ליטר,מפעל סאנפלגרינו s.p.a,IT,נסטי דיאט אפרסק 1.5ל,מיליליטרים,1500.00,"100 מ""ל",false,,9.50,0.6333,true,1,138264
8005803010371,false,"גריסיני רוזמרין - מקלות אפויים עם שמן זית, מלח ורוזמרין","אינסטנטה בע""מ",IT,גריסיני אמור די פאן,גרמים,125.00,100 גרם,false,,7.90,6.3200,true,1,93780
8005803010586,false,"מקלות אפויים עם שמן זית, מלח, עגבניות ואורגנו, 125 גרם, אמור די פאן","הוסטה איטליה, ס.ר.ל.",IT,גריסיני אמור די פאן,גרמים,125.00,100 גרם,false,,7.90,6.3200,true,1,93781
8005803010661,false,"מקלות אפויים עם שמן זית, מלח, ושומשום, 125 גרם, אמור די פאן","הוסטה איטליה, ס.ר.ל.",IT,גריסיני אמור די פאן,גרמים,125.00,100 גרם,false,,7.90,6.3200,true,1,93782
8006423362406,false,שוקולד סוריני טופ זה,SORINI,,שוקולד טופ זהב שקית,גרמים,250.00,100 גרם,false,,17.90,7.1600,true,1,136879
8006540027011,false,לנור מרכך מרוכז בניחוח אמטיסט 897 מל,פרוקטר אנד גמבל,FR,לנור מרכך כביסה בניח,מיליליטרים,897.00,"100 מ""ל",false,,15.90,1.7726,true,1,136053
8006540027042,false,"לנור מרכך כביסה מרוכז ורוד""פרח בר"" 897 מ""ל",פרוקטר אנד גמבל,FR,לנור מרכך כביסה בניח,מיליליטרים,897.00,"100 מ""ל",false,,15.90,1.7726,true,1,136054
8006540112793,false,"מרכך כביסה מרוכז בניחוח יסמין לנור 900 מ""ל",פרוקטר אנד גמבל,US,לנור מרכך מרוכז בניח,מיליליטרים,900.00,"100 מ""ל",false,,15.90,1.7667,true,1,136322
8006540112823,false,"לנור מרכך כביסה מרוכז בניחוח האוקיינוס 900 מ""ל",פרוקטר אנד גמבל,FR,לנור מרכך מרוכז בניח,מיליליטרים,900.00,"100 מ""ל",false,,15.90,1.7667,true,1,136321
8006540221068,false,מגן תחתון אלוויז וליופק לונג פלוס 40 יחי',פרוקטר & גמבל,DE,אולוויז מגני תחתון ל,יחידה,0.00,יחידה,false,,19.90,0.0000,true,1,139968
8006540221341,false,אולוויז מגן תחתון וליופק לארג' 48 יחידות,,DE,אולוויז מגן תחתון אק,יחידה,0.00,יחידה,false,,19.90,0.0000,true,1,138965
8006540221464,false,מגן תחתון אולוויז וליופק נורמל 56 יחידות,,DE,אולוויז מגני תחתון נ,יחידה,0.00,יחידה,false,,19.90,0.0000,true,1,138557
8006540302538,false,הד&שולדרס שמפו קלאסי,,,הד&שולדרס שמפו קלאסי,מיליליטרים,350.00,"100 מ""ל",false,,19.90,5.6857,true,1,140874
8006540620403,false,"טייד אבקת כביסה אפקט פיירי 7 ק""ג",טייד,TR,טייד אבקת כביסה אפקט,גרמים,7000.00,100 גרם,false,,59.90,0.8557,true,1,141805
8007178120310,false,חומץ בלסמי ד'מודנה Giacobazzi,פטורייה ג'יאקובאזי ס,IT,חומץ בלסמי ג'קובצי 5,מיליליטרים,500.00,"100 מ""ל",false,,25.90,5.1800,true,1,22492
8007178223547,false,קרם מצומצם עם חומץ בלסמי ממודנה,פארייפאבה אגרואינדוס,IT,קרם בלסמי מצומצם ג'ק,מיליליטרים,250.00,"100 מ""ל",false,,25.90,10.3600,true,1,73207
8008660210038,false,מעדן ריבה מנץ אנד גאססר תות שדה 300 גר,קריניציה ויטמינה אס,IT,מעדן תות מנז אנד גאס,גרמים,300.00,100 גרם,false,,17.90,5.9667,true,1,90659
8008660210045,false,מעדן פירות יער מנז אנד גאסר ויסוצקי 300 גרם,שוורצקוף& הנקל דיסלד,IT,מעדן פירות יער מנז א,גרמים,300.00,100 גרם,false,,17.90,5.9667,true,1,90662
8008857200194,false,פסטה רגיה 19 ספגטי תומר 500 גרם,רגיה,IT,פסטה רג'ייה ספגטי 50,גרמים,500.00,100 גרם,false,,6.90,1.3800,true,1,63435
8008857200200,false,פסטה רגיה 20 ספגטי דק תומר 500 גרם,,IT,פסטה רג'ייה ספגטי דק,גרמים,500.00,100 גרם,false,,6.90,1.3800,true,1,70119
8008857300344,false,פסטה רגיה 34. צינור תומר 500 גרם,רגיה,IT,פסטה רג'ייה צינור 50,גרמים,500.00,100 גרם,false,,6.90,1.3800,true,1,70121
8008857300634,false,פסטה רגיה 19 תלתל תומר 500 גרם,פאסטופיציו אנטוניו,IT,פסטה רג'ייה תלתל 500,גרמים,500.00,100 גרם,false,,6.90,1.3800,true,1,63438
8008857601090,false,פסטה קנלוני רג'יה 250 גר',פסטה רג'יה Pasta Reggia,,קנלוני רג'יה 250 גרם,גרמים,250.00,100 גרם,false,,9.90,3.9600,true,1,98452
8008912010317,false,LIGUORI פסטה פוזילי 500 גרם מספר 31,מנז'\ אנד גאסר ס.פ.א,IT,פסטה פוזילי מספר 31-,גרמים,500.00,100 גרם,false,,8.90,1.7800,true,1,138105
8011033011279,false,קוסקוס אמיתי 1 קג מר,אמירה,IT,קוסקוס 1 קג,גרמים,1000.00,100 גרם,false,,13.90,1.3900,true,1,65288
8015997000911,false,מאריני- בישקוטים פריכים 200 גרם,Biscottificio Verona,,מאריני בישקוטים פריכ,גרמים,200.00,100 גרם,false,,6.90,3.4500,true,1,95830
8023492004495,false,טבלת שוקולד חלב אגוזי לוז 225 גר DJ3,Dg3 dolciaria,IT,טבלאות שוקולד חלב עם,גרמים,225.00,100 גרם,false,,12.90,5.7333,true,1,140139
8023492004518,false,טבלת שוקולד מריר שקדים 225 גר DJ3,Dg3 dolciaria,IT,טבלאות שוקולד מריר ע,גרמים,225.00,100 גרם,false,,12.90,5.7333,true,1,140137
8023492004525,false,טבלת שוקולד מריר חמוציות 225 גר DJ3,Dg3 dolciaria,IT,טבלאות שוקולד מריר ע,גרמים,225.00,100 גרם,false,,12.90,5.7333,true,1,140138
8032880800243,false,פיקניק הפתעה - אגוזי לוז ומקלות אפויים,"הוסטה איטליה, ס.ר.ל.",IT,פיקניק הפתעה 50גר,גרמים,50.00,100 גרם,false,,7.90,15.8000,true,1,39737
8033102690079,false,עוגיות וישנזי במילוי,קריות זול,IT,עוגיות וישנזי במילוי,גרמים,150.00,100 גרם,false,,10.90,7.2667,true,1,140144
8076800195033,false,ברילה - צ.א ספגטיני מס3 חדש 500 גרם,ברילה גי.אי.אר פרטלי ס.פ,IT,פסטה ספגטי ברילה מס',גרמים,500.00,100 גרם,false,,8.90,1.7800,true,1,28589
8076800195057,false,ברילה - צ.א ספגטי מס5 חדש 500 גרם,ברילה גי.אי.אר פרטלי ס.פ,IT,פסטה ספגטיני מס 5 בר,גרמים,500.00,100 גרם,false,,8.90,1.7800,true,1,28590
8076802085738,false,ברילה צ.ק פנה רגטה מס' 73 500 גרם,ברילה גי.אי.אר פרטלי ס.פ,IT,פסטה פנה רגטה ברילה,גרמים,500.00,100 גרם,false,,8.90,1.7800,true,1,28596
8076802085981,false,ברילה - צ.ק פוזילי חדש 500 גרם,ברילה גי.אי.אר פרטלי ס.פ,IT,פסטה פתיתי פוזליני ב,גרמים,500.00,100 גרם,false,,8.90,1.7800,true,1,28600
8076808060654,false,פסטה פרפלה מספר 65 ברילה 500 גרם,ברילה גי.אי.אר פרטלי ס.פ,IT,פסטה פתיתי פרפלה 65,גרמים,500.00,100 גרם,false,,8.90,1.7800,true,1,28603
8076808150072,false,ברילה - צ.א ספגטוני מס7 חדש 500 גרם,ברילה גי.אי.אר פרטלי ס.פ,IT,פסטה ספגטי מס 7 בריל,גרמים,500.00,100 גרם,false,,8.90,1.7800,true,1,28605
8076809513395,false,ברילה פומודורו רוטב עגבניות קלאסי 400 גר,ברילה גי.אי.אר פרטלי ס.פ,IT,רוטב פורמודרו ברילה,גרמים,400.00,100 גרם,false,,15.90,3.9750,true,1,28610
8076809513654,false,בסיס רוטב עגבניות לבולונז ברילה 400 גרם,ברילה גי.אי.אר פרטלי ס.פ,IT,רוטב עגבניות לבולונז,גרמים,400.00,100 גרם,false,,15.90,3.9750,true,1,28611
8076809513692,false,רוטב עגבניות נפולטנה בתוספת ירקות,ברילה גי.אי.אר פרטלי ס.פ,IT,רוטב נפוליטנה ברילה,גרמים,400.00,100 גרם,false,,15.90,3.9750,true,1,28612
8076809513739,false,ברילה רוטב עגבניות עם בזיליקום 400 גרם,ברילה גי.אי.אר פרטלי ס.פ,IT,רוטב בזיליקום ברילה,גרמים,400.00,100 גרם,false,,15.90,3.9750,true,1,28614
8076809523561,false,רוטב עגבניות עם עשבי תיבול 400 ג' ברילה,ברילה גי.אי.אר פרטלי ס.פ,IT,רוטב טוסקנה ברילה400,גרמים,400.00,100 גרם,false,,15.90,3.9750,true,1,46774
8076809523738,false,דפי לזניה ברילה 500 גרם,ברילה גי.אי.אר פרטלי ס.פ,IT,לזניה ברילה 500 גר,גרמים,500.00,100 גרם,false,,24.90,4.9800,true,1,28622
8410076600622,false,חטיפי גרנולה קראנצ'י עם שוקולד מריר נייצ'ר ואלי 210 גרם,ג'נרל מילס סאן אדריאן,ES,ניטשר וואלי חטיף קרא,גרמים,210.00,100 גרם,false,,22.50,10.7143,true,1,66814
8410076610379,false,"חטיף בוטנים, חלבון סויה ושוקולד מריר עם ציפוי בטעם שוקולד",סריילטו ספיין פודס,ES,נייטשר וואלי פרוטאין,גרמים,160.00,100 גרם,false,,25.90,16.1875,true,1,76768
8410076610386,false,נייטשר ואלי פרוטאין בוטנים עם ציפוי בטעם קרמל מלוח 160 ג',ג'\נרל מילס סאן אדריאן S,ES,נייטשר וואלי פרוטאין,גרמים,160.00,100 גרם,false,,25.90,16.1875,true,1,76769
8410076610508,false,"חטיף שיבולת שועל מלאה עם בוטנים, שקדים ושוקולד מריר בציפוי בטעם שוקולד",נייצ'ר ואלי Nature Valley,ES,ניטשר וואלי צ'אוי חט,גרמים,150.00,100 גרם,false,,22.50,15.0000,true,1,90114
8410076621047,false,עוגות אישיות בטעם שוקולד עם חתיכות בטעם שוקולד,"גלאטס סירו בע""\מ",ES,פייבר וואן בראוניז ב,גרמים,120.00,100 גרם,false,,17.90,14.9167,true,1,128363
8410104039134,false,"מנקה ומחדש מדיח כלים פיניש 250 מ""ל",הדקלאים אגודת שיתופי,PL,פיניש מנקה ומחדש מדי,מיליליטרים,250.00,"100 מ""ל",false,,21.90,8.7600,true,1,38251
8410104045111,false,"פיניש מלח למדיח כלים 2ק""ג",רקיט בנקיזר,IL,"פיניש מלח למדיח 2 ק""",גרמים,2000.00,100 גרם,false,,15.90,0.7950,true,1,110462
8410376027273,false,עוגיות מצופות שוקולד לבן גולון טווינס252,,ES,גולון עוגיות טווינס,גרמים,252.00,100 גרם,false,,9.90,3.9286,true,1,140542
8410376037784,false,גולון ביסקויט סנדויץ שוקו ללא סוכר 250ג,תות תעשיות מזון (201,ES,עוגיות ביסקוויט גולו,גרמים,250.00,100 גרם,false,,13.90,5.5600,true,1,141505
8410376037883,false,גוליאן עוגיות שוקו צפס ללא גלוטן 130 ג ו,תות תעשיות מזון (201,ES,גולון עוגיות שוקוצ'י,גרמים,130.00,100 גרם,false,,12.90,9.9231,true,1,140549
8410644611203,false,יין קאווה איבריקה לבן יבש Cava Iberica,יוסף מסאקס ס.ל.,ES,קאווה איבריקה לבן יב,מיליליטרים,750.00,"100 מ""ל",false,,29.90,3.9867,true,1,100990
8410644611210,false,יין קאווה איבריקה לבן חצי יבש Cava Iberica,טמפו ברקן 5%,ES,קאווה איבריקה לבן חצ,מיליליטרים,750.00,"100 מ""ל",false,,29.90,3.9867,true,1,95482
8410721443734,false,כורכום טחון מרקדו טייסט 45ג',,,כורכום טחון צנצנת 45,גרמים,45.00,100 גרם,false,,7.90,17.5556,true,1,120362
8410721443918,false,כמון טחון בשקית מרקד,,,כמון טחון בשקית מרקד,גרמים,70.00,100 גרם,false,,5.90,8.4286,true,1,138173
8412497595327,false,בקבוק פלסטיק 450מל,,,בקבוק פלסטיק 450מל,יחידה,0.00,יחידה,false,,19.90,0.0000,true,1,75892
8413376022965,false,גבינת עיזים רכה 29% ויליפוד 110 גרם,,ES,גבינת עיזים רכה 29%,גרמים,110.00,100 גרם,false,,13.90,12.6364,true,1,96069
8420822130600,false,"ספריי סופר מסיר שומנים 750מ""ל יעקבי",קה לורדה,ES,סופר מסיר שומנים KH-,מיליליטרים,750.00,"100 מ""ל",false,,15.90,2.1200,true,1,139174
8420822130624,false,"ספריי סופר מסיר כתמים 750מ""ל יעקבי",קה לורדה,ES,סופר מסיר כתמים יעקב,מיליליטרים,750.00,"100 מ""ל",false,,15.90,2.1200,true,1,139175
8423207206488,false,סלים דליס חטיף דגנים מצופה שוקולד חלב מרבה 6*20 גרם,אף.סי תבליני בגליל ב,ES,סלים דליס חטיף דגנים,גרמים,120.00,100 גרם,false,,15.90,13.2500,true,1,64925
8423207206495,false,סלים דליס חטיף דגנים מצופה שוקולד מריר מרבה 6*20 גרם,אף.סי תבליני בגליל ב,ES,סלים דליס חטיף דגנים,גרמים,1200.00,100 גרם,false,,15.90,1.3250,true,1,64926
8423207207362,false,חטיפי סלים דליס שוקולד לבן מרבה 6 יחידות,ביסנצ'ורי אס.אל.יו,ES,סלים דליס חטיף שוקול,גרמים,120.00,100 גרם,false,,15.90,13.2500,true,1,69597
8423207208260,false,מרבה סלים דליס 125 ג' ללא גלוטן שוקולד חלב,ביסנצ'ורי אס.אל.יו,ES,סלים דליס חטיף דגנים,גרמים,120.00,100 גרם,false,,15.90,13.2500,true,1,74814
8423207208680,false,חטיף דגנים שוקולד סלים דליס לילדים מרבה 6 יחידות,ביסנצ'ורי אס.אל.יו,ES,סלים דליס קידס חטיף,גרמים,78.00,100 גרם,false,,15.90,20.3846,true,1,76044
8423207208697,false,חטיפי סלים דליס לילדים שוקולד לבן מרבה 6 יחידות,ביסנצ'ורי אס.אל.יו,ES,סלים דליס קידס חטיף,גרמים,120.00,100 גרם,false,,15.90,13.2500,true,1,76045
8423207208703,false,חטיפי סלים דליס שוקולד מריר מרבה 6 יחידות,ביסנצ'ורי אס.אל.יו,ES,סלים דליס חטיף אקסטר,גרמים,120.00,100 גרם,false,,15.90,13.2500,true,1,76046
8423207208871,false,פריכיות תירס בטעם טבעי סלים דליס 130 גרם,סלים דליס Slim Delis,ES,פריכיות תירס בטעם טב,גרמים,123.00,100 גרם,false,,11.90,9.6748,true,1,76090
8423207208888,false,פריכיות תירס בטעם עגבניות ועשבי תיבול סלים דליס 123 ג',סלים דליס Slim Delis,ES,פריכיות תירס בטעם עג,יחידה,0.00,יחידה,false,,12.90,0.0000,true,1,76091
8423207208895,false,פריכיות תירס בטעם זיתים ועירית סלים דליס 123 ג',סלים דליס Slim Delis,ES,פריכיות תירס בטעם זי,יחידה,0.00,יחידה,false,,12.90,0.0000,true,1,76092
8423207209885,false,מרבה חטיפי סלים דליס מהדורה מיוחדת שוקולד חלב,סלים דליס Slim Delis,ES,סלים דליס בטעם שוקול,יחידה,0.00,יחידה,false,,15.90,0.0000,true,1,95893
8423207210287,false,מרבה סלים דליס שוקולד לבן בטעם יוגורט 120 ג',סלים דליס Slim Delis,ES,סלים דליס שוקולד לבן,גרמים,120.00,100 גרם,false,,15.90,13.2500,true,1,107542
8423207210928,false,חטיף דגנים מצופה שוקולד חלב ואגוזי לוז - 5 במארז,נוטרישן אנד סנטה קוב,ES,סלים דליס טופינג אגו,גרמים,0.00,100 גרם,false,,15.90,0.0000,true,1,128079
8423207210980,false,סלים דליס טופינג קליפת תפוז 90 גרם,נוטרישן אנד סנטה קוב,ES,סלים דליס טופינג קלי,גרמים,0.00,100 גרם,false,,15.90,0.0000,true,1,128081
8425206000081,false,ריבת חלב מרדל 450 גרם,כלורוקס אוקלנד,ES,ריבת חלב מרדל 450גר,גרמים,450.00,100 גרם,false,,19.90,4.4222,true,1,74928
8435495805168,false,"תינוקלין לכביסה לעור רגיש אולימפיק 1.25ק""ג",מולינו ניקולי s.p.a,PL,תינוקלין אבקת כביסה,קילוגרמים,1.25,"ק""ג",false,,21.90,17.5200,true,1,97087
8435495807605,false,תינוקלין מרכך כביסה היפואלרגני מרוכז 1 ליטר,מולינו ניקולי s.p.a,TR,תינוקלין מרכך כביסה,מיליליטרים,1000.00,"100 מ""ל",false,,17.90,1.7900,true,1,99397
8435495807636,false,ג'ל כביסה היפואלרגני 2 ל' תינוקלין,פרוקטר אנד גמבל,TR,תינוקלין ג'ל כביסה ב,ליטרים,2.00,ליטר,false,,29.90,14.9500,true,1,99458
8435495819363,false,תינוקלין מרכך כביסה היפואלרגני 1 ליטר,פרוקטר אנד גמבל,TR,תינוקלין מרכך כביסה,מיליליטרים,1000.00,"100 מ""ל",false,,17.90,1.7900,true,1,141580
8437000906209,false,"טורטיה ספרדי קמח 25 ס""מ 325 גרם",Azteca foods europe,ES,עלי טורטיה 320ר,גרמים,325.00,100 גרם,false,,10.90,3.3538,true,1,63267
8445290427120,false,דגני פיטנס Fitness שוקולד מריר ובננה,נסטלה צרפת איטנקורט,FR,פיטנס שוקולד מריר בנ,גרמים,330.00,100 גרם,false,,23.90,7.2424,true,1,140410
8606018615865,false,פיינט מילקה קרמל ליבת שוקולד 480 גרם,פרונרי סרביה,RS,פיינט מילקה קרמל ליב,מיליליטרים,480.00,"100 מ""ל",false,,19.90,4.1458,true,1,141112
8683130008935,false,"הלמנס קטשיונז 425 גר{הרב רלב""ג}",יוניליוור ישראל שיוו,TR,הלמנס קטשיונז 425 גר,גרמים,425.00,100 גרם,false,,16.90,3.9765,true,1,138070
8683130025574,false,"מרכך כביסה מרוכז אקסטרה לבנדר בדין 960 מ""ל",יבוא ושיווק: יוניליוור י,TR,בדין אקסטרא לבנדר 96,מיליליטרים,960.00,"100 מ""ל",false,,18.90,1.9687,true,1,139413
8683130025581,false,"מרכך כביסה מרוכז אקסטרה ענבר בדין 960 מ""ל",יבוא ושיווק: יוניליוור י,TR,בדין אקסטרא ענבר 960,מיליליטרים,960.00,"100 מ""ל",false,,18.90,1.9687,true,1,139414
8683323063024,false,יוגטה שטיחים בטעם תותי פרוטי 220 גרם,ליימן מותגים,TR,סוכריות יוגטה שטיחים,גרמים,220.00,100 גרם,false,,8.50,3.8636,true,1,90556
8686868600051,false,המותג אביזרי שיער,,CN,המותג אביזרי שיער,יחידה,0.00,יחידה,false,,7.90,0.0000,true,1,51516
8686868600068,false,המותג אביזרי שיער,,CN,המותג אביזרי שיער,יחידה,0.00,יחידה,false,,8.90,0.0000,true,1,51517
8686868600075,false,המותג אביזרי שיער,,CN,המותג אביזרי שיער,יחידה,0.00,יחידה,false,,9.90,0.0000,true,1,51518
8686868600150,false,המותג אביזרי שיער,,CN,המותג אביזרי שיער,יחידה,0.00,יחידה,false,,17.90,0.0000,true,1,51526
8686868600204,false,המותג אביזרי שיער,", ,",CN,המותג אביזרי שיער,יחידה,0.00,יחידה,false,,9.90,0.0000,true,1,52796
8686868600211,false,"מטריה לילדים 47 ס""מ",,,"מטריה לילדים 47 ס""מ",יחידה,0.00,יחידה,false,,19.90,0.0000,true,1,128246
8686868600259,false,"מטריה גדולה 70 ס""מ צבעונית",,CN,מטריה גדולה /כפולה,יחידה,0.00,יחידה,false,,29.90,0.0000,true,1,94641
8690504153740,false,גודייבה שוקולד מריר במילוי קרם גנאש 86 גרם,ביסקוט ביסקווי סילבר,TR,טבלת שוקולד מריר עם,גרמים,86.00,100 גרם,false,,13.90,16.1628,true,1,102786
8690504153849,false,גודייבה שוקולד חלב במילוי קרם בטעם פרלין אגוזים 83 גרם,"אולקר מקבוצת פלאדיס,",TR,טבלת שוקולד חלב קרם,גרמים,83.00,100 גרם,false,,13.90,16.7470,true,1,102787
8690521016882,false,"שמפו דאב דמג תרפי רגיל 400 מ""ל",יוניליוור פארם,TR,דאב תארפי שמפו רגיל,מיליליטרים,400.00,"100 מ""ל",false,,14.90,3.7250,true,1,26796
8690526019147,false,אי טי אי - וופל במילוי קרם אגוזי לוז 142 גרם,"GIDA ETI , טורקיה n\",TR,וופל במילוי קרם אגוז,גרמים,142.00,100 גרם,false,,6.90,4.8592,true,1,113527
8690526019178,false,אי טי אי - וופל קקאו במילוי קרם קוקוס 142 גרם,מולינו ניקולי s.p.a,TR,וופל במילוי קרם קוקו,גרמים,142.00,100 גרם,false,,6.90,4.8592,true,1,113524
8690526019185,false,אי טי אי - וופל במילוי קרם שוקולד חלב 142 גרם,מולינו ניקולי s.p.a,TR,וופל במילוי קרם שוקו,גרמים,142.00,100 גרם,false,,6.90,4.8592,true,1,113528
8690572785928,false,סאיוס שמפו לשיער גלי,שוורצקופף והנקל,,סאיוס שמפו לשיער גלי,מיליליטרים,600.00,"100 מ""ל",false,,12.90,2.1500,true,1,98046
8690572789490,false,גליס שמפו שיקום אולט,,,גליס שמפו שיקום אולט,מיליליטרים,525.00,"100 מ""ל",false,,10.00,1.9048,true,1,138188
8690572789513,false,גליס שמפו תמצית שמן,,,גליס שמפו תמצית שמן,מיליליטרים,525.00,"100 מ""ל",false,,10.00,1.9048,true,1,138189
8690572789636,false,גליס שמפו לאורך מושל,,,גליס שמפו לאורך מושל,מיליליטרים,525.00,"100 מ""ל",false,,10.00,1.9048,true,1,138191
8690637555084,false,"מרכך כביסה מרוכז אקסטרה פריחת התפוז בדין 960 מ""ל",יוניליוור סנאיי וי טיקאר,TR,בדין אקסטרא פריחת הת,מיליליטרים,960.00,"100 מ""ל",false,,18.90,1.9687,true,1,49349
8690637858734,false,גל לנ.כללי סיף אקונומיקה בנ.לימון 750 מל,יוניליוור ניקיון,IL,סיף ג'ל אקונומיקה לי,מיליליטרים,750.00,"100 מ""ל",false,,13.90,1.8533,true,1,98640
8690637858741,false,פנטסטיק סיף גל אקונמיקה בריח רוח ים 750,יוניליוור ניקיון,IL,סיף ג'ל אקונומיקה רי,מיליליטרים,750.00,"100 מ""ל",false,,13.90,1.8533,true,1,98641
8690637946301,false,"בדין - מרכך כביסה אקסטרא בייביי כחול 960 מ""ל",יוניליוור סנאיי וי טיקאר,TR,בדין אקסטרא בייבי 96,מיליליטרים,960.00,"100 מ""ל",false,,18.90,1.9687,true,1,113018
8690637987441,false,"מרכך כביסה אקסטרה פרח הכותנה ווניל 960 מ""ל בדין",יוניליוור סנאיי וי טיקאר,TR,בדין אקסטרא מרכך פרח,מיליליטרים,960.00,"100 מ""ל",false,,18.90,1.9687,true,1,128719
8690766156367,false,גודייבה שוקולד חלב מעולה 90 גרם,"אולקר מקבוצת פלאדיס,",TR,שוקולד חלב מעולה 90,גרמים,90.00,100 גרם,false,,14.90,16.5556,true,1,112447
8690766156374,false,גודייבה שוקולד מריר מעולה 72% מוצקי קקאו 72גרם,"אולקר מקבוצת פלאדיס,",TR,שוקולד מריר מעולה 7,גרמים,90.00,100 גרם,false,,14.90,16.5556,true,1,112448
8690766156381,false,גודייבה שוקולד מריר 90% מוצקי קקאו 90 גרם,"אולקר מקבוצת פלאדיס,",TR,שוקולד מריר מעולה 90,גרמים,90.00,100 גרם,false,,14.90,16.5556,true,1,112449
8690770322598,false,שמרים יבשים פוליבה הנמל 125 גרם,בראבו Bravo,TR,"שמרים יבשים 125 ג""ר.",גרמים,125.00,100 גרם,false,,4.90,3.9200,true,1,50564
8690777203012,false,פלפלים ירוקים כבושים לא חריפים סרה ויליפוד 600 גרם,יוליניבר,TR,פלפל ירוק כבוש לא חר,גרמים,600.00,100 גרם,false,,13.90,2.3167,true,1,45759
8690777206051,false,חציל קלוי על האש סרה ויליפוד 650 גרם,קוראהן פזלרמה וי דיס,TR,חציל קלוי על האש ויל,גרמים,650.00,100 גרם,false,,13.90,2.1385,true,1,42931
8690777221405,false,פלפל אדום קלוי סרה ויליפוד 650 גרם,קוראהן פזלרמה וי דיס,TR,פלפל אדום קלוי על הא,גרמים,650.00,100 גרם,false,,13.90,2.1385,true,1,45762
8690799023018,false,"ריבת דובדבנים לבנים 1 ק""ג BEST QUALITY",בוזטופרק גידה סאנאי,TR,ריבת דובדבנים לבנים,מיליליטרים,1000.00,"100 מ""ל",false,,19.90,1.9900,true,1,138007
8690799023025,false,ריבת משמש עם תפוזים,בוזטופרק גידה סאנאי,,ריבת משמש עם תפוזים,מיליליטרים,1000.00,"100 מ""ל",false,,19.90,1.9900,true,1,138013
8691058141238,false,ערמונים שלמים קלויים וקלופים 100 ג' Avel,,,ערמונים שלמים 100 גר,גרמים,100.00,100 גרם,false,,6.90,6.9000,true,1,106956
8692440001086,false,כוסות פלסטיק חד פעמי 100 יח',"שניב תעשיות נייר בע""",IL,כוסות לשתיה קרה טאץ',יחידה,0.00,יחידה,false,,7.90,0.0000,true,1,74882
8693323085100,false,גומי יוגטה שטיחים חמוצים טעם פירות 100 ג,יוגטה yogueta,TR,ממתק חמוץ שטיחים חמו,גרמים,100.00,100 גרם,false,,4.90,4.9000,true,1,98486
8693323099107,false,מרשמלו לבבות בטעם תות ווניל,ליימן שליסל,TR,מרשמלו לבבות 150 גרם,גרמים,150.00,100 גרם,false,,7.90,5.2667,true,1,97447
8697431460064,false,קונפיטורה משמש 70% פרי פרופה 454 גר',פרוטנגו Fruitango,,קונפיטורה 70% משמש 4,גרמים,450.00,100 גרם,false,,14.90,3.3111,true,1,38312
8697431460378,false,קונפיטורה 70% שזיף פרופה 450 גרם,פרוטנגו Fruitango,,קונפיטורה 70% פרי -,גרמים,450.00,100 גרם,false,,14.90,3.3111,true,1,41663
8697431921701,false,קונפיטורה תות שדה 70% פרי פרופה 454 גר',פרוטנגו Fruitango,,קונפיטורה תות שדה פר,גרמים,450.00,100 גרם,false,,14.90,3.3111,true,1,71584
8697431925143,false,קונפיטורה 70% פירות יער 450 ג' FRUPPA,פרוטנגו Fruitango,,קונפיטורה פירות יער,גרמים,450.00,100 גרם,false,,14.90,3.3111,true,1,71786
8697530910743,false,סיגריות פאל מאל כחול קצר מטאליק,Unknown,TR,פאל מאל כחול קצר,יחידה,0.00,יחידה,false,,28.00,0.0000,false,1,49116
8697530910750,false,סיגריות פאל מאל כחול ארוך האוס,Unknown,TR,פאל מאל כחול ארוך,יחידה,0.00,יחידה,false,,28.00,0.0000,false,1,49117
8697530910781,false,סיגריות פאל מאל אדום מטאליק,גלוברנדס,TR,פאל מאל אדום האוס,יחידה,0.00,יחידה,false,,28.00,0.0000,false,1,49118
8697659224035,false,מטהר אוויר AQUA אטק 400 מל,יעקובי,,מטהר אוויר אקווה 400,מיליליטרים,400.00,"100 מ""ל",false,,10.90,2.7250,true,1,93254
8697826469092,false,טורטיה קטנה שקדיה 540 גרם 12 יחידות,דין שיווק,TR,טורטיה קטנה 540גר,גרמים,540.00,100 גרם,false,,9.90,1.8333,true,1,76622
8699250035041,false,"זיתים שחורים טבעיים יבשים 700 גרם ""תומר""",מנסווי גידה,TR,זית שחור טבעי יבש במ,גרמים,700.00,100 גרם,false,,19.90,2.8429,true,1,97167
8710447320662,false,דאודורנט ספריי בניחוח אפרסק ולימון ללא אלומיניום,"פרמול איטליה, קומון",GB,דאב ספריי 0% אלומיני,מיליליטרים,150.00,"100 מ""ל",false,,15.90,10.6000,true,1,112912
8710502064814,false,עוגיות מרבה שוקולד ציפס במרקם רך 175 גר,בנקטבקריי מרבה בי.וי,NL,עוגיות שוקולד ציפס ר,גרמים,175.00,100 גרם,false,,12.90,7.3714,true,1,74007
8710502139017,false,עוגיות מרבה טריפל שוקולד שוקוצ'יפס 180ג',בנקטבקריי מרבה בי.וי,NL,עוגיות טריפל שוקולד,גרמים,180.00,100 גרם,false,,12.90,7.1667,true,1,47457
8710502194801,false,"עוגיות שוקלד ציפס רכה פירות יער ""מרבה"" 175 גרם",בנקטבקריי מרבה בי.וי,NL,עוגיות שוקולד ציפס פ,גרמים,175.00,100 גרם,false,,12.90,7.3714,true,1,89276
8710502279010,false,מרבה עוגיות שוקולד צ'יפס מצופות שוקולד 175 גרם,"י.מרבה ישראל בע""מ",NL,עוגיות שוקולד צ'יפס,גרמים,175.00,100 גרם,false,,12.90,7.3714,true,1,135009
8710502470028,false,עוגיות שוקולד צ'יפס ממולאות בקרם נוגט,קריניציה ויטמינה אס,NL,עוגיות שוקוציפס נוגט,גרמים,160.00,100 גרם,false,,12.90,8.0625,true,1,51670
8710522584200,false,דאב תחליב רחצה אלוורה ומי ורדים 500 מל,"יוניליוור גרמניה, Gmbh &",DE,דאב תחליב רחצה ורדים,מיליליטרים,500.00,"100 מ""ל",false,,14.90,2.9800,true,1,139614
8710800027573,false,סוכריות מיני בטעם פירות מנטוס 178 גרם,פרפטי ואן מלה ברדה,NL,*מבצע* מיני מנטוס פי,גרמים,178.00,100 גרם,false,,11.90,6.6854,true,1,32087
8711000362617,false,לור קפסולות קפה אספרסו לונגו פרופונדו 8,ג'\קובס דאו אגברטס צרפת,FR,קפסולות קפה לור לונג,יח',10.00,יח',false,,19.90,1.9900,true,1,98673
8711000362631,false,קפסולות קפה תואמות נספרסו אוניקס 12 ל'אור 10 יחידות,גיקובס דאו אגברטס צרפת,FR,קפסולות קפה לור אספר,יח',10.00,יח',false,,19.90,1.9900,true,1,98674
8711000362679,false,קפסולות קפה תואמות נספרסו קולומביה 8 ל'אור 10 יחידות,ג'\ייקובס דאו אגרבטס צרפ,FR,קפסולות קפה לור קולמ,יח',10.00,יח',false,,19.90,1.9900,true,1,100611
8711000371176,false,ג'ייקובס קפסולות קפה אספרסו קלאסיקו עוצמה 7,ג'ייקובס דאו אגברטס צרפת,FR,גקובס קפסולות קפה אס,גרמים,52.00,100 גרם,false,,16.90,32.5000,true,1,99683
8711000371183,false,ג'ייקובס קפסולות קפה אספרסו אינטסו עוצמה 10,ג'ייקובס דאו אגברטס צרפת,FR,גקובס קפסולות קפה אס,גרמים,52.00,100 גרם,false,,16.90,32.5000,true,1,99684
8711000371206,false,ג'ייקובס קפסולות קפה אספרסו ריסטרטו עוצמה 12,ג'ייקובס דאו אגברטס צרפת,FR,גקובס קפסולות קפה אס,גרמים,52.00,100 גרם,false,,16.90,32.5000,true,1,99685
8711000371244,false,"ג'ייקובס קפסולות אספרסו (8) 10 יח', 52ג' לונגו",ג'\ייקובס דאו אגברטס,FR,גקובס קפסולות קפה אס,גרמים,52.00,100 גרם,false,,16.90,32.5000,true,1,107712
8712000051099,false,"שישיית בירה היינקן 0% אלכוהל בקבוק 330 מ""ל","מבשלת היינקן, ריטבלדנברג",NL,בירה היינקן שישייה 0,מיליליטרים,1980.00,"100 מ""ל",false,,34.90,1.7626,true,1,100683
8712400802536,false,תרכובת מזון המשך לפעוטות על בסיס חלב שלב 3,נוטרישיה קאלק ב. ו.,NL,נוטרילון -טבע שלב 3,גרמים,800.00,100 גרם,false,,64.90,8.1125,true,1,62467
8712561609647,false,"דאב - תחליב רחצה חמאת שיאה 500 מ""ל","יוניליוור גרמניה, Gmbh &",DE,דאב תחליב רחצה חמאת,מיליליטרים,500.00,"100 מ""ל",false,,14.90,2.9800,true,1,140754
8712561611183,false,דאב סבון נוזלי 500 תמציות מלפפונים ותה,"יוניליוור גרמניה, Gmbh &",DE,דאב תחליב רחצה תה יר,מיליליטרים,500.00,"100 מ""ל",false,,14.90,2.9800,true,1,75322
8714599513781,false,"קפה נמס מיובש בהקפאה זהב צנצנת ג'ייקובס 200 גרם לל""ס",אל.אל. סי ג''יקובס דאו א,RU,גייקובס גולד קפה נמס,גרמים,200.00,100 גרם,false,,25.90,12.9500,true,1,97820
8714599513866,false,"קפה נמס מיובש בהקפאה קרונג צנצנת ג'ייקובס 200 גרם לל""ס",אל.אל.סי גייקובס דאו,DE,קפה נמס קרוננג ג׳יקו,גרמים,200.00,100 גרם,false,,25.90,12.9500,true,1,75728
8714789218465,false,מברשת שיניים 360 סופט קולגייט 2 יחידות,הנסיך- מפעל לייצור ט,CN,קולגייט 360 מברשת שי,יחידה,0.00,יחידה,false,,33.90,0.0000,true,1,47413
8714789402918,false,נוזל לניקוי כללי ורצפות בניחוח פרחי בר אג'קס 1.5 ליטר,הנסיך- מפעל לייצור ט,GR,אגקס חגיגת הפרחים אד,ליטרים,1.50,ליטר,false,,21.90,14.6000,true,1,45411
8714789402970,false,נוזל לניקוי כללי ורצפות בניחוח פרחי אביב אגק'ס 1.5 ליטר,הנסיך- מפעל לייצור ט,GR,אגקס חגיגת הפרחים יר,ליטרים,1.50,ליטר,false,,21.90,14.6000,true,1,45414
8714789582764,false,אג'קס ספריי לניקוי חלונות ומשטחים,קולגייט-פלמוליב,GR,אגקס לניקוי חלונות 7,מיליליטרים,750.00,"100 מ""ל",false,,16.90,2.2533,true,1,72596
8714789797786,false,"פלמוליב נוזל לניקוי כלים גריז בלסטר 750 מ""ל",יבואן ומשווק: ש. שסט,GR,פלמוליב נוזל לכלים כ,מיליליטרים,750.00,"100 מ""ל",false,,11.90,1.5867,true,1,65407
8715700110141,false,מיונז קרמי היינץ צנצנת 460ג',ה.י.היינץ הולדינג בי.וי,NL,מיונז היינץ צנצנת 46,גרמים,460.00,100 גרם,false,,11.90,2.5870,true,1,94894
8715700115641,false,ממרח מיונז לחיץ לייט במרקם קרמי 420 ג' היינץ,"פודליצקי ספ.ז.או.או,.",PL,ממרח היינץ במרקם קרמ,גרמים,420.00,100 גרם,false,,15.90,3.7857,true,1,140796
8715700419732,false,מתבל עגבניות היינץ 700 גרם,ה.י. היינץ,NL,*מבצע* קטשופ היינץ 7,גרמים,700.00,100 גרם,false,,11.90,1.7000,true,1,71313
8715700422473,false,ממרח לכריכים וסלטים ללא ח. משמרים היינץ 395 גרם,ה.י. היינץ,NL,ממרח היינץ לחיץ 395,גרמים,395.00,100 גרם,false,,15.90,4.0253,true,1,140797
8717163655764,false,"רקסונה - דאודורנט ספריי לאישה שוואר פרש 150 מ""ל","קוסטר אירוסול, גבזה 4140",GB,רקסונה ספריי שוואר פ,מיליליטרים,150.00,"100 מ""ל",false,,14.90,9.9333,true,1,106817
8717163714850,false,דאודורנט ספריי בניחוח קוקוס ויסמין,"קוסטר אירוסול, גבזה 4140",TR,דאב ספריי קוקוס ויסמ,מיליליטרים,150.00,"100 מ""ל",false,,15.90,10.6000,true,1,102718
8718951093331,false,מרידול זוג מברשות שיניים אקסטרה סופט,קולגייט פלמוליב,CH,מברשת שיניים מרידול,יחידה,0.00,יחידה,false,,29.90,0.0000,true,1,141573
8718951144064,false,מרידול מברשת שיניים פרודונט אקספרט זוג,"ש. שסטוביץ בע""\מ",CH,מברשת שיניים מרידול,יחידה,0.00,יחידה,false,,29.90,0.0000,true,1,141574
8718951159808,false,מברשות שיניים 360 מדיום- מארז שלישייה,קולגייט-פלמוליב,CN,קולגייט מברשת שיניים,יחידה,0.00,יחידה,false,,29.90,0.0000,true,1,99600
8718951175600,false,"משחת שיניים קולגייט אוטאל קליין מינט 75 מ""ל",CP-Poland swidnica,PL,קולגייט משחת טוטל קל,מטרים,75.00,100 מ'ל,false,,14.90,19.8667,true,1,127063
8718951240742,false,"קולגייט טוטאל משחת שיניים פסים מרעננים 100 מ""ל",קולגייט פלמוליב,PL,קולגייט טוטל משחת שי,מיליליטרים,100.00,"100 מ""ל",false,,14.90,14.9000,true,1,99485
8718951253827,false,"קולגייט הלבנה פחם 75 מ""ל",,,קולגייט הלבנה מתקדמת,מיליליטרים,75.00,"100 מ""ל",false,,19.90,26.5333,true,1,139494
8718951264618,false,"קולגייט אופטיק וייט פחם צ'רקול משחת שיניים, 75 מ""ל",קולגייט-פלמוליב,PL,קולגייט אופטיק וייט,מיליליטרים,75.00,"100 מ""ל",false,,19.90,26.5333,true,1,120037
8718951278851,false,מ.שיניים אדוונס וויט פחם,קולגייט,PL,קולגייט הלבנה פחם 10,מיליליטרים,100.00,"100 מ""ל",false,,14.90,14.9000,true,1,140499
8718951286733,false,"קולגייט אופטיק וייט לסטינג וייט משחת שיניים 75 מ""ל",קולגייט Colgate,PL,קולגייט אופטיק וייט,מיליליטרים,75.00,"100 מ""ל",false,,19.90,26.5333,true,1,140909
8718951313576,false,קולגייט משחת שיניים מקס פרש קול קריסטל 100 מל,קולגייט פלמוליב,PL,קולגייט משחת שיניים,מיליליטרים,100.00,"100 מ""ל",false,,10.00,10.0000,true,1,138180
8718951334090,false,"סופלין מרכך כביסה מרוכז כחול 650 מ""ל",סופלין Soupline,GR,סופלין מרכך כביסה כח,מיליליטרים,650.00,"100 מ""ל",false,,7.90,1.2154,true,1,128201
8718951345119,false,נוזל לניקוי רצפות וכללי היביסקוס 2 ליטר,הנסיך- מפעל לייצור ט,GR,אגקס לניקוי כללי עוצ,מיליליטרים,2000.00,"100 מ""ל",false,,24.90,1.2450,true,1,135008
8718951354807,false,נוזל רצפות אגקס חגיגת הפרחים יסמין 1.5 ל,קולגייט פלמוליב,GR,אגקס חגיגת הפרחים יס,ליטרים,1.50,ליטר,false,,21.90,14.6000,true,1,128540
8718951382640,false,"פלמוליב ג'ל רחצה חימר ואלוורה 750 מ""ל",קולגייט פלמוליב,TR,*מבצע* פלמוליב סבון,מיליליטרים,750.00,"100 מ""ל",false,,12.90,1.7200,true,1,141430
8718951391314,false,"מרסס אגקס טריגר אנטי בקטריאלי 500 מ""ל",קולגייט-פלמוליב,GR,אגקס טריגר אנטי בקטר,מיליליטרים,500.00,"100 מ""ל",false,,15.90,3.1800,true,1,136261
8719200997998,false,מרגרינה למריחה בישול וטיגון 200 ג' בלו בנד,אתר חיפה מרגרינה - F,IL,בלו בנד לבישול וטיגו,גרמים,200.00,100 גרם,false,,4.90,2.4500,true,1,107186
8719200998001,false,מרגרינה לאפיה ובישול בלי מלח 200 ג' בלו בנד,יוניליוור ישראל מזון בע\,IL,בלו בנד בלי מלח 200ג,גרמים,200.00,100 גרם,false,,4.90,2.4500,true,1,107187
8719200998018,false,מחמאה מרגרינה בטעם חמאה בלובנד 200 גרם,"מיוצר ע""\י יוניליוור ישר",IL,מרגרינה מחמאה בטעם ח,גרמים,200.00,100 גרם,false,,4.90,2.4500,true,1,107188
8719200998049,false,"מרגרינה מזולה גלורי רגיל 250גר 8 יחידות -כשל""פ","מיוצר ע""\י יוניליוור ישר",IL,מזולה בטעם טבעי 250ג,גרמים,250.00,100 גרם,false,,9.90,3.9600,true,1,107190
8719200998094,false,"מרגרינה מזולה לאפיה ללא תוספת מלח 200גר - 40 יח' -כשל""פ","מיוצר ע""\י יוניליוור ישר",IL,מזולה אפייה ללא מלח,גרמים,200.00,100 גרם,false,,6.90,3.4500,true,1,107191
8719200998100,false,מרגרינה מזולה לאפיה טעם חמאה 200גר - 40 יח',פארייפאבה אגרואינדוס,IL,מזולה אפייה טעם חמאה,גרמים,200.00,100 גרם,false,,6.90,3.4500,true,1,107192
8720181201332,false,דאב אל סבון מוצק גרגרים 90 גרם רביעייה,יוניליוור ישראל טיפוח אי,DE,דאב סבון מוצק דאב גר,גרמים,360.00,100 גרם,false,,18.90,5.2500,true,1,140741
8720182253156,false,דאב אל סבון מוצק מלפפונים 90 גרם רביעייה,יוניליוור ישראל טיפוח אי,DE,דאב סבון מוצק דאב יר,גרמים,360.00,100 גרם,false,,18.90,5.2500,true,1,140740
8723400756552,false,מארז סוכריות מנטוס Mentos ריינבואו,פרפטי ואן מלה ברדה,NL,סוכריות מנטוס רביעיי,גרמים,37.50,100 גרם,false,,12.90,34.4000,true,1,65277
8801055707966,false,קפה טייסטר צו'יס נס קפה בריסטה 180ג',נסטלה קוריאה - קפה,KR,קפה טייסטרס צ׳ויס בר,גרמים,180.00,100 גרם,false,,34.90,19.3889,true,1,76779
8801055709427,false,קפה נמס טסטר'ס צ'ויס אלטה ריקה 100 גרם,נסטלה קוריאה - קפה,KR,טסטרס צ'ויס קפה נמס,גרמים,100.00,100 גרם,false,,19.90,19.9000,true,1,137743
8801055709434,false,קפה נמס טסטר'ס צ'ויס קולומביה 100 גרם,נסטלה קוריאה - קפה,KR,טסטרס צ'ויס קפה נמס,גרמים,100.00,100 גרם,false,,19.90,19.9000,true,1,137744
8801055709472,false,נסטלה - נסקפה קפוצ'ינו קלאסי 12.50 גרם * 10,נסטלה קוריאה - קפה,KR,נסקפה קפוצ'ינו קלאסי,גרמים,125.00,100 גרם,false,,21.90,17.5200,true,1,139686
8801055709526,false,אבקה להכנת משקה קפה בטעם קפוצ'ינו שוקולד לבן,נסטלה קוריאה - קפה,IL,נסקפה קפוצ'ינו שוקול,גרמים,185.00,100 גרם,false,,21.90,11.8378,true,1,139687
8809168840471,false,חטיף אצות מיובשות 9*4.5 גרם,ג'י וואן גלובול נאט,KR,חטיף אצות מיובשות 4.,גרמים,40.00,100 גרם,false,,24.90,62.2500,true,1,135407
8850180040028,false,"טמפורה 500 גרם ""מזרח ומערב""",קרנחם אוטאי פחרה,TH,טמפורה 500גר,גרמים,500.00,100 גרם,false,,10.90,2.1800,true,1,71474
8850367990443,false,"רוטב לסלט בסגנון אסייאתי 285 מ""לTCC (כ)ללא גלוטן",c coconut Theppadungporn,TH,רוטב לסלט בסגנון אסי,מיליליטרים,285.00,"100 מ""ל",false,,10.90,3.8246,true,1,73437
8850367992164,false,קרם קוקוס 250 מל 20-22% ללא חומר משמר,טאפאדונגפורן קוקנט,TH,קרם קוקוס 20-22% 250,מיליליטרים,250.00,"100 מ""ל",false,,8.90,3.5600,true,1,89510
8850367994779,false,מחית קארי ירוקה 50 גרם,טאפאדונגפורן קוקינט,TH,מחית קארי ירוקה 50 ג,גרמים,50.00,100 גרם,false,,6.90,13.8000,true,1,138880
8850367994793,false,מחית קארי צהובה 50 גרם,c coconut Theppadungporn,TH,מחית קארי צהובה 50 ג,גרמים,50.00,100 גרם,false,,6.90,13.8000,true,1,138882
8850389105825,false,משקה אלוורה בטעם ענבים סאפה 1 ליטר,סאפה פובליק קומפני לימיט,TH,סאפה משקה אלוורה ענב,מיליליטרים,1000.00,"100 מ""ל",false,,15.90,1.5900,true,1,57067
8850389105832,false,סאפה משקה אלוורה בטעם תפוח עם קוביות אלוורה 1 ליטר,סאפה פובליק קומפני לימיט,TH,סאפה משקה אלוורה תפו,מיליליטרים,1000.00,"100 מ""ל",false,,15.90,1.5900,true,1,57068
8850389105849,false,סאפה משקה אלוורה מופחת קלוריות בטעם אפרסק 1 ליטר,סאפה פובליק קומפני לימיט,TH,סאפה משקה אלוורה אפר,מיליליטרים,1000.00,"100 מ""ל",false,,15.90,1.5900,true,1,57069
8850389115336,false,משקה אלוורה בטעם מלון סאפה 1 ליטר,סאפה פובליק קומפני לימיט,TH,סאפה משקה אלוורה מלו,מיליליטרים,1000.00,"100 מ""ל",false,,15.90,1.5900,true,1,96497
8850632604259,false,"יוגטה, חיספוסים, ממתק חמוץ בצורת מקלות בטעם תות שדה,50 גרם",ג'נרל קנדי בעמ,TH,חמצוצים מקלות בטעם ת,גרמים,50.00,100 גרם,false,,4.90,9.8000,true,1,51255
8850632604266,false,"יוגטה, ממתק חמוץ בצורת מקלות בטעם קולה, 50 גרם",ג'נרל קנדי בעמ,TH,חמצוצים מקלות בטעם ק,גרמים,50.00,100 גרם,false,,4.90,9.8000,true,1,51256
8850632604372,false,"יוגטה, חיספוסים בצורת שטיח בטעם תות שדה 50 גרם",ג'נרל קנדי בעמ,TH,חמצוצים שטיח בטעם תו,גרמים,50.00,100 גרם,false,,4.90,9.8000,true,1,51260
8850632604402,false,יוגטה חיספוסים בטעם מעורב תות שדה אבטיח ענבים בננה 50 גרם,"ג'נרל קנדי בע""מ",TH,חמצוצים שטיח בטעם מע,גרמים,50.00,100 גרם,false,,4.90,9.8000,true,1,51261
8850632606390,false,"יוגטה, חיספוסים, ממתק חמוץ בצורת שטיח בטעם אבטיח, 50 גרם",ג'נרל קנדי בעמ,TH,חיספוסים בטעם אבטיח,גרמים,50.00,100 גרם,false,,4.90,9.8000,true,1,67782
8858271002870,false,רוטב פאד תאי 250 מ'ל - מקסצ'אפ,"ייאן וואל יון בע""מ",TH,רוטב פאד תאי 250מל,מיליליטרים,2500.00,"100 מ""ל",false,,12.90,0.5160,true,1,56711
8858271002887,false,רוטב טריאקי 250 מ'ל - מקסצ'אפ,דאנינג יוה פודס קו,TH,רוטב טריאקי 250מל,מיליליטרים,250.00,"100 מ""ל",false,,12.90,5.1600,true,1,56712
8858271003068,false,"רוטב סויה מתוקה כהה 250 מ""ל מקסצאפ",מזרח ומערב,,רוטב סויה מתוק כהה 2,מיליליטרים,250.00,"100 מ""ל",false,,12.90,5.1600,true,1,56715
8858271004034,false,רוטב צ'ילי חריף 700 מ'ל מקסצ'אפ,דאנינג יוה פודס קו,TH,רוטב צילי חריף מקסצ,מיליליטרים,700.00,"100 מ""ל",false,,16.50,2.3571,true,1,56722
8858271004126,false,רוטב חמוץ מתוק 700 מ'ל - מקסצ'אפ,יאן ונזל יון,TH,רוטב חמוץ מתוק מקסצא,מיליליטרים,700.00,"100 מ""ל",false,,16.50,2.3571,true,1,56724
8858271004799,false,"רוטב צילי מתוק אל פורפסיס 700 מ""ל",יאן ונזל יון,TH,רוטב צילי מתוק 700 מ,מיליליטרים,700.00,"100 מ""ל",false,,12.90,1.8429,true,1,70880
8858271005451,false,"רוטב סויה פורמולה 1 - 250 מ""ל מקסצ'אפ",yan wal yun corpara,TH,רוטב סויה פורמולה מק,מיליליטרים,250.00,"100 מ""ל",false,,11.90,4.7600,true,1,73435
8888111030053,false,"מיץ אננס SW טבעי מארז 240X4מ""ל פרימיום",אקו - ביט,PH,מיץ אננס רביעיית 4*2,מיליליטרים,960.00,"100 מ""ל",false,,16.90,1.7604,true,1,99855
8901138500306,false,משחת שיניים איורודית עם פלואוריד מן הטבע,הימלאיה Himalaya,IN,משחת שיניים הימלאיה,גרמים,100.00,100 גרם,false,,19.90,19.9000,true,1,94574
8901537024014,false,"אורז בסמטי מובחר 1 ק""ג - דוואט) יורה דיעה",הנסיך- מפעל לייצור ט,IN,אורז בסמטי דאווט 1קג,גרמים,1000.00,100 גרם,false,,13.90,1.3900,true,1,44837
8901537076679,false,"אורז בסמטי חום מהדרין ויליפוד 1 ק""ג",האי נאם סי או אל.טי.,IN,אורז בסמטי חום מלא ד,גרמים,1.00,100 גרם,false,,14.90,1490.0000,true,1,97148
8908000959361,false,קורנישונים כבושים בחומץ 680 גר,,,מלפפון קורנישונים כב,גרמים,680.00,100 גרם,false,,10.90,1.6029,true,1,107567
8938535541366,false,דפי אורז צבעוניים ללא גלוטן 400 גרם,Ltd Company Khang .Chanh,VN,דפי אורז צבעוניים לל,גרמים,400.00,100 גרם,false,,15.90,3.9750,true,1,138884
9000101375268,false,ברף דלקס שלישייה ניחוח יסמין,הנקל,RS,ברף דקלס בניחוח יסמי,יחידה,0.00,יחידה,false,,16.90,0.0000,true,1,141260
9000101375299,false,ברף דלקס שלישייה ניחוח מגנוליה,הנקל,RS,ברף דלקס בניחוח מגנו,יחידה,0.00,יחידה,false,,16.90,0.0000,true,1,141259
9000101418163,false,שלישיית סבון אסלה בניחוח מתחלף תפוח ירוק ברף,ברף Bref,RS,סבון אסלה שלישייה-בר,יחידה,0.00,יחידה,false,,16.90,0.0000,true,1,139432
9000101509069,false,ברף - סבון אסלה ג'ל גשם אביב שלשות,הנקל,RS,ברף בריליאנט ג'ל גשם,יחידה,0.00,יחידה,false,,16.90,0.0000,true,1,141261
9000101509151,false,ברף - סבון אסלה ג'ל אוקיינוס הקרח הצפוני שלשות,הנקל,RS,ברף בריליאנט ג'ל אוק,יחידה,0.00,יחידה,false,,16.90,0.0000,true,1,141262
9000101520965,false,"סבון אסלה בניחוח מתחלף לוטוס עדין במבוק, 3 יחידות",ברף Bref,RS,סבון אסלה שלישייה -ב,יחידה,0.00,יחידה,false,,16.90,0.0000,true,1,139433
9000101537550,false,פרסיל קאפסולות לכביסה לבנה וצבעונית 52 יח',הנקל סוד,HU,פרסיל פאוור קאפס יונ,יחידה,0.00,יחידה,false,,54.90,0.0000,true,1,139434
9000101537581,false,פרסיל קאפסולות לכביסה צבעונית 52 יחידו,הנקל סוד,HU,פרסיל פאוור קאפס לכב,יחידה,0.00,יחידה,false,,54.90,0.0000,true,1,139436
9001395807015,false,שוקולד בננית בטעם שוקו בננה 300 גרם,פרנס הואו סווירט,AT,בננית 300 ג,גרמים,300.00,100 גרם,false,,10.90,3.6333,true,1,50610
9002859054099,false,גונץ בונבוניירת מוצרט משושה 300 גרם,GUNZ WARENHANDELS,AT,בונבונירה מוצרט משוש,גרמים,300.00,100 גרם,false,,29.90,9.9667,true,1,69965
9005835312718,false,"קלרו פירמידה מלח למדיח כלים 1 ק""ג CLARO",יעקובי,AT,מלח למדיח כלים קלאר,גרמים,1000.00,100 גרם,false,,14.90,1.4900,true,1,120927
9005835312732,false,"קלרו נוזל הברקה למדיח כלים 500 מ""ל CLARO",יעקובי,AT,נוזל הברקה למדיח כלי,מיליליטרים,500.00,"100 מ""ל",false,,14.90,2.9800,true,1,120928
9005835312756,false,"קלרו ניקוי יסודי למדיח כלים 250 מ""ל CLARO",יעקובי,AT,ניקוי יסודי למדיח כל,מיליליטרים,250.00,"100 מ""ל",false,,14.90,5.9600,true,1,120929
9008700111546,false,נקטר דובדבנים חמוצים 1ל',Rauch fruchtsafte gm,HU,הפי דיי נקטר דובדבן,מיליליטרים,1000.00,"100 מ""ל",false,,12.90,1.2900,true,1,89799
9044400851672,false,סוכריות פז סוגים שונים + 3 מילויים,פז פרודקשיין יורו,HU,*מבצע* סוכריות פז+3,גרמים,25.50,100 גרם,false,,11.90,46.6667,true,1,139527
9310072028743,false,טים טם ביסקוויט במילוי שוקולד 200 גרם,"ארנוטס ביסקוויטס בע""",AU,ביסקויט טים טם במילו,גרמים,200.00,100 גרם,false,,20.90,10.4500,true,1,76470
9310072028750,false,טים טם Tim Tam וופל שוקולד ציפוי כפול,"ארנוטס ביסקוויטס בע""",AU,עוגיות טים טם דאבל 2,גרמים,200.00,100 גרם,false,,20.90,10.4500,true,1,76038
9322969000015,false,פריכיות תירס בטעם אורגינל ריל פודס 150 ג',אף.סי תבליני בגליל ב,AU,פריכיות תירס טעם אור,גרמים,150.00,100 גרם,false,,14.90,9.9333,true,1,51510
9322969000022,false,"ריל פוד פריכיות תירס עם סויה וזרעי פשתן, ללא גלוטן 150 גרם",אף.סי תבליני בגליל ב,AU,פריכיות תירס עם סויה,גרמים,150.00,100 גרם,false,,14.90,9.9333,true,1,51398
9322969000046,false,פריכיות תירס שומשום אורגני ריל פודס 150 ג',אף.סי תבליני בגליל ב,AU,פריכיות תירס אורגניו,גרמים,150.00,100 גרם,false,,14.90,9.9333,true,1,51399
9720006678751,false,כבד דגים איסלנד 115 גרם,איטל איסלנד,IS,כבד דגים איסלנד 115ג,גרמים,115.00,100 גרם,false,,8.90,7.7391,true,1,62501
9720188050109,false,ממרח על בסיס סויה בסגנון גבינה טופוטי 225 גרם,טופוטי ברנדס אינק.ג',IL,טופוטי ממרח טופו בטע,גרמים,227.00,100 גרם,false,,21.90,9.6476,true,1,31245
9720188060108,false,ממרח על בסיס סויה בסגון שמנת טופוטי 340 גרם,טופוטי ברנדס אינק.ג',IL,טופוטי ממרח טופו בטע,גרמים,340.00,100 גרם,false,,21.90,6.4412,true,1,31248
9771565051066,false,עיתון ידיעות אחרונות,ידיעות אחרונות,,ידיעות שבת,יחידה,0.00,יחידה,false,,11.90,0.0000,true,1,49101
